{"id":"china-gen8randombattle-420885","p1":"shengbiao","p2":"gostop","format":"gen8randombattle","log":"|j|\u2606shengbiao\n|j|\u2606gostop\n|t:|1619185591\n|gametype|singles\n|player|p1|shengbiao|shengbiao.png|\n|player|p2|gostop|gostop.gif|\n|teamsize|p1|6\n|teamsize|p2|6\n|gen|8\n|tier|[Gen 8] Random Battle\n|rule|Species Clause: Limit one of each Pok\u00e9mon\n|rule|HP Percentage Mod: HP is shown in percentages\n|rule|Sleep Clause Mod: Limit one foe put to sleep\n|\n|t:|1619185591\n|start\n|switch|p1a: Pheromosa|Pheromosa, L76|233\/233\n|switch|p2a: Tapu Fini|Tapu Fini, L78|237\/237\n|-fieldstart|move: Misty Terrain|[from] ability: Misty Surge|[of] p2a: Tapu Fini\n|turn|1\n|j| glockie bae\n|inactive|Battle timer is ON: inactive players will automatically lose when time's up. (requested by shengbiao)\n|j|\u265aAllen-xia\u5bfb\u6b22\n|\n|t:|1619185639\n|switch|p1a: Gourgeist|Gourgeist, L84, F|246\/246\n|-item|p2a: Tapu Fini|Leftovers|[from] ability: Frisk|[of] p1a: Gourgeist|[identify]\n|switch|p2a: Sableye|Sableye, L88, F|231\/231\n|\n|upkeep\n|turn|2\n|inactive|shengbiao has 270 seconds left.\n|inactive|gostop has 270 seconds left.\n|\n|t:|1619185682\n|switch|p1a: Araquanid|Araquanid, L80, F|239\/239\n|move|p2a: Sableye|Knock Off|p1a: Araquanid\n|-damage|p1a: Araquanid|146\/239\n|-enditem|p1a: Araquanid|Mystic Water|[from] move: Knock Off|[of] p2a: Sableye\n|\n|upkeep\n|turn|3\n|inactive|gostop has 240 seconds left.\n|\n|t:|1619185725\n|switch|p2a: Volcanion|Volcanion, L80|259\/259\n|move|p1a: Araquanid|Sticky Web|p2a: Volcanion\n|-sidestart|p2: gostop|move: Sticky Web\n|\n|upkeep\n|turn|4\n|inactive|shengbiao has 270 seconds left.\n|\n|t:|1619185755\n|switch|p1a: Primarina|Primarina, L82, M|265\/265\n|move|p2a: Volcanion|Defog|p1a: Primarina\n|-unboost|p1a: Primarina|evasion|1\n|-sideend|p2: gostop|Sticky Web|[from] move: Defog|[of] p2a: Volcanion\n|-fieldend|Misty Terrain\n|\n|upkeep\n|turn|5\n|inactive|shengbiao has 270 seconds left.\n|inactive|gostop has 240 seconds left.\n|inactive|gostop has 210 seconds left.\n|\n|t:|1619185803\n|move|p2a: Volcanion|Sludge Bomb|p1a: Primarina\n|-supereffective|p1a: Primarina\n|-damage|p1a: Primarina|137\/265\n|-status|p1a: Primarina|psn\n|move|p1a: Primarina|Psychic|p2a: Volcanion\n|-damage|p2a: Volcanion|148\/259\n|\n|-damage|p1a: Primarina|104\/265 psn|[from] psn\n|upkeep\n|turn|6\n|inactive|shengbiao has 270 seconds left.\n|inactive|gostop has 210 seconds left.\n|\n|t:|1619185811\n|move|p2a: Volcanion|Sludge Bomb|p1a: Primarina\n|-supereffective|p1a: Primarina\n|-damage|p1a: Primarina|0 fnt\n|faint|p1a: Primarina\n|\n|upkeep\n|inactive|shengbiao has 270 seconds left.\n|\n|t:|1619185822\n|switch|p1a: Linoone|Linoone, L84, F|268\/268\n|turn|7\n|inactive|shengbiao has 270 seconds left.\n|inactive|gostop has 210 seconds left.\n|\n|t:|1619185854\n|move|p1a: Linoone|Belly Drum|p1a: Linoone\n|-damage|p1a: Linoone|134\/268\n|-setboost|p1a: Linoone|atk|6|[from] move: Belly Drum\n|-enditem|p1a: Linoone|Iapapa Berry|[eat]\n|-heal|p1a: Linoone|222\/268|[from] item: Iapapa Berry\n|move|p2a: Volcanion|Steam Eruption|p1a: Linoone\n|-damage|p1a: Linoone|48\/268\n|\n|upkeep\n|turn|8\n|inactive|shengbiao has 270 seconds left.\n|inactive|gostop has 180 seconds left.\n|inactive|gostop has 150 seconds left.\n|l| glockie bae\n|\n|t:|1619185927\n|switch|p2a: Thundurus|Thundurus, L80, M|258\/258\n|move|p1a: Linoone|Stomping Tantrum|p2a: Thundurus\n|-immune|p2a: Thundurus\n|\n|upkeep\n|turn|9\n|\n|t:|1619185933\n|switch|p2a: Sableye|Sableye, L88, F|231\/231\n|move|p1a: Linoone|Extreme Speed|p2a: Sableye\n|-immune|p2a: Sableye\n|\n|upkeep\n|turn|10\n|\n|t:|1619185942\n|move|p2a: Sableye|Will-O-Wisp|p1a: Linoone\n|-status|p1a: Linoone|brn\n|move|p1a: Linoone|Throat Chop|p2a: Sableye\n|-damage|p2a: Sableye|139\/231\n|-start|p2a: Sableye|Throat Chop|[silent]\n|\n|-heal|p2a: Sableye|153\/231|[from] item: Leftovers\n|-damage|p1a: Linoone|32\/268 brn|[from] brn\n|upkeep\n|turn|11\n|inactive|gostop has 150 seconds left.\n|\n|t:|1619185951\n|move|p2a: Sableye|Recover|p2a: Sableye\n|-heal|p2a: Sableye|231\/231\n|move|p1a: Linoone|Stomping Tantrum|p2a: Sableye\n|-damage|p2a: Sableye|149\/231\n|\n|-heal|p2a: Sableye|163\/231|[from] item: Leftovers\n|-damage|p1a: Linoone|16\/268 brn|[from] brn\n|-end|p2a: Sableye|Throat Chop|[silent]\n|upkeep\n|turn|12\n|\n|t:|1619185954\n|move|p2a: Sableye|Recover|p2a: Sableye\n|-heal|p2a: Sableye|231\/231\n|move|p1a: Linoone|Stomping Tantrum|p2a: Sableye\n|-damage|p2a: Sableye|143\/231\n|\n|-heal|p2a: Sableye|157\/231|[from] item: Leftovers\n|-damage|p1a: Linoone|0 fnt|[from] brn\n|faint|p1a: Linoone\n|upkeep\n|\n|t:|1619185960\n|switch|p1a: Araquanid|Araquanid, L80, F|146\/239\n|turn|13\n|\n|t:|1619185975\n|switch|p2a: Volcanion|Volcanion, L80|148\/259\n|move|p1a: Araquanid|Sticky Web|p2a: Volcanion\n|-sidestart|p2: gostop|move: Sticky Web\n|\n|upkeep\n|turn|14\n|\n|t:|1619185977\n|move|p2a: Volcanion|Defog|p1a: Araquanid\n|-unboost|p1a: Araquanid|evasion|1\n|-sideend|p2: gostop|Sticky Web|[from] move: Defog|[of] p2a: Volcanion\n|move|p1a: Araquanid|Toxic|p2a: Volcanion\n|-status|p2a: Volcanion|tox\n|\n|-damage|p2a: Volcanion|132\/259 tox|[from] psn\n|upkeep\n|turn|15\n|\n|t:|1619185984\n|move|p2a: Volcanion|Sludge Bomb|p1a: Araquanid\n|-damage|p1a: Araquanid|87\/239\n|-status|p1a: Araquanid|psn\n|move|p1a: Araquanid|Sticky Web|p2a: Volcanion\n|-sidestart|p2: gostop|move: Sticky Web\n|\n|-damage|p2a: Volcanion|100\/259 tox|[from] psn\n|-damage|p1a: Araquanid|58\/239 psn|[from] psn\n|upkeep\n|turn|16\n|\n|t:|1619185990\n|move|p2a: Volcanion|Defog|p1a: Araquanid\n|-unboost|p1a: Araquanid|evasion|1\n|-sideend|p2: gostop|Sticky Web|[from] move: Defog|[of] p2a: Volcanion\n|move|p1a: Araquanid|Sticky Web|p2a: Volcanion\n|-sidestart|p2: gostop|move: Sticky Web\n|\n|-damage|p2a: Volcanion|52\/259 tox|[from] psn\n|-damage|p1a: Araquanid|29\/239 psn|[from] psn\n|upkeep\n|turn|17\n|\n|t:|1619185994\n|move|p2a: Volcanion|Defog|p1a: Araquanid\n|-unboost|p1a: Araquanid|evasion|1\n|-sideend|p2: gostop|Sticky Web|[from] move: Defog|[of] p2a: Volcanion\n|move|p1a: Araquanid|Sticky Web|p2a: Volcanion\n|-sidestart|p2: gostop|move: Sticky Web\n|\n|-damage|p2a: Volcanion|0 fnt|[from] psn\n|faint|p2a: Volcanion\n|-damage|p1a: Araquanid|0 fnt|[from] psn\n|faint|p1a: Araquanid\n|upkeep\n|\n|t:|1619186009\n|switch|p2a: Sableye|Sableye, L88, F|157\/231\n|switch|p1a: Sandaconda|Sandaconda, L84, M|258\/258\n|-activate|p2a: Sableye|move: Sticky Web\n|-unboost|p2a: Sableye|spe|1\n|turn|18\n|\n|t:|1619186014\n|move|p2a: Sableye|Will-O-Wisp|p1a: Sandaconda\n|-status|p1a: Sandaconda|brn\n|move|p1a: Sandaconda|Coil|p1a: Sandaconda\n|-boost|p1a: Sandaconda|atk|1\n|-boost|p1a: Sandaconda|def|1\n|-boost|p1a: Sandaconda|accuracy|1\n|\n|-activate|p1a: Sandaconda|ability: Shed Skin\n|-curestatus|p1a: Sandaconda|brn|[msg]\n|-heal|p2a: Sableye|171\/231|[from] item: Leftovers\n|upkeep\n|turn|19\n|inactive|gostop has 210 seconds left.\n|\n|t:|1619186039\n|switch|p2a: Tapu Fini|Tapu Fini, L78|237\/237\n|-activate|p2a: Tapu Fini|move: Sticky Web\n|-unboost|p2a: Tapu Fini|spe|1\n|-fieldstart|move: Misty Terrain|[from] ability: Misty Surge|[of] p2a: Tapu Fini\n|move|p1a: Sandaconda|Coil|p1a: Sandaconda\n|-boost|p1a: Sandaconda|atk|1\n|-boost|p1a: Sandaconda|def|1\n|-boost|p1a: Sandaconda|accuracy|1\n|\n|upkeep\n|turn|20\n|\n|t:|1619186061\n|-start|p1a: Sandaconda|Dynamax\n|-heal|p1a: Sandaconda|516\/516|[silent]\n|-start|p2a: Tapu Fini|Dynamax\n|-heal|p2a: Tapu Fini|474\/474|[silent]\n|move|p1a: Sandaconda|Max Quake|p2a: Tapu Fini\n|-damage|p2a: Tapu Fini|228\/474\n|-boost|p1a: Sandaconda|spd|1\n|move|p2a: Tapu Fini|Max Geyser|p1a: Sandaconda\n|-supereffective|p1a: Sandaconda\n|-damage|p1a: Sandaconda|322\/516\n|-weather|RainDance\n|\n|-weather|RainDance|[upkeep]\n|-heal|p1a: Sandaconda|338\/516|[from] item: Leftovers\n|-heal|p2a: Tapu Fini|242\/474|[from] item: Leftovers\n|upkeep\n|turn|21\n|inactive|gostop has 180 seconds left.\n|\n|t:|1619186076\n|move|p1a: Sandaconda|Max Quake|p2a: Tapu Fini\n|-damage|p2a: Tapu Fini|0 fnt\n|-boost|p1a: Sandaconda|spd|1\n|faint|p2a: Tapu Fini\n|\n|-weather|RainDance|[upkeep]\n|-heal|p1a: Sandaconda|354\/516|[from] item: Leftovers\n|upkeep\n|inactive|gostop has 180 seconds left.\n|j| aaa_skd\n|l| aaa_skd\n|inactive|gostop has 150 seconds left.\n|\n|t:|1619186134\n|switch|p2a: Sableye|Sableye, L88, F|171\/231\n|-activate|p2a: Sableye|move: Sticky Web\n|-unboost|p2a: Sableye|spe|1\n|turn|22\n|j|\u265aChizuru mizuhara\n|\n|t:|1619186145\n|switch|p2a: Thundurus|Thundurus, L80, M|258\/258\n|move|p1a: Sandaconda|Max Rockfall|p2a: Thundurus\n|-supereffective|p2a: Thundurus\n|-damage|p2a: Thundurus|0 fnt\n|-weather|Sandstorm\n|faint|p2a: Thundurus\n|\n|-weather|Sandstorm|[upkeep]\n|-heal|p1a: Sandaconda|370\/516|[from] item: Leftovers\n|-end|p1a: Sandaconda|Dynamax\n|-heal|p1a: Sandaconda|185\/258|[silent]\n|upkeep\n|inactive|gostop has 120 seconds left.\n|\n|t:|1619186187\n|switch|p2a: Sirfetch\u2019d|Sirfetch\u2019d, L82, M|236\/236\n|-activate|p2a: Sirfetch\u2019d|move: Sticky Web\n|-unboost|p2a: Sirfetch\u2019d|spe|1\n|turn|23\n|\n|t:|1619186192\n|move|p1a: Sandaconda|Earthquake|p2a: Sirfetch\u2019d\n|-damage|p2a: Sirfetch\u2019d|25\/236\n|move|p2a: Sirfetch\u2019d|Knock Off|p1a: Sandaconda\n|-damage|p1a: Sandaconda|140\/258\n|-enditem|p1a: Sandaconda|Leftovers|[from] move: Knock Off|[of] p2a: Sirfetch\u2019d\n|-damage|p2a: Sirfetch\u2019d|2\/236|[from] item: Life Orb\n|\n|-weather|Sandstorm|[upkeep]\n|-damage|p2a: Sirfetch\u2019d|0 fnt|[from] Sandstorm\n|faint|p2a: Sirfetch\u2019d\n|-fieldend|Misty Terrain\n|upkeep\n|\n|t:|1619186199\n|switch|p2a: Sableye|Sableye, L88, F|171\/231\n|-activate|p2a: Sableye|move: Sticky Web\n|-unboost|p2a: Sableye|spe|1\n|turn|24\n|inactive|gostop has 120 seconds left.\n|\n|t:|1619186212\n|move|p2a: Sableye|Will-O-Wisp|p1a: Sandaconda\n|-status|p1a: Sandaconda|brn\n|move|p1a: Sandaconda|Earthquake|p2a: Sableye\n|-damage|p2a: Sableye|55\/231\n|\n|-weather|Sandstorm|[upkeep]\n|-damage|p2a: Sableye|41\/231|[from] Sandstorm\n|-heal|p2a: Sableye|55\/231|[from] item: Leftovers\n|-damage|p1a: Sandaconda|124\/258 brn|[from] brn\n|upkeep\n|turn|25\n|inactive|gostop has 120 seconds left.\n|\n|t:|1619186222\n|move|p1a: Sandaconda|Coil|p1a: Sandaconda\n|-boost|p1a: Sandaconda|atk|1\n|-boost|p1a: Sandaconda|def|1\n|-boost|p1a: Sandaconda|accuracy|1\n|move|p2a: Sableye|Knock Off|p1a: Sandaconda\n|-damage|p1a: Sandaconda|103\/258 brn\n|\n|-weather|Sandstorm|[upkeep]\n|-damage|p2a: Sableye|41\/231|[from] Sandstorm\n|-activate|p1a: Sandaconda|ability: Shed Skin\n|-curestatus|p1a: Sandaconda|brn|[msg]\n|-heal|p2a: Sableye|55\/231|[from] item: Leftovers\n|upkeep\n|turn|26\n|\n|t:|1619186232\n|move|p2a: Sableye|Will-O-Wisp|p1a: Sandaconda\n|-status|p1a: Sandaconda|brn\n|move|p1a: Sandaconda|Earthquake|p2a: Sableye\n|-damage|p2a: Sableye|0 fnt\n|faint|p2a: Sableye\n|\n|-weather|none\n|-damage|p1a: Sandaconda|87\/258 brn|[from] brn\n|upkeep\n|\n|t:|1619186239\n|switch|p2a: Polteageist|Polteageist, L78|222\/222\n|-activate|p2a: Polteageist|move: Sticky Web\n|-unboost|p2a: Polteageist|spe|1\n|-enditem|p2a: Polteageist|White Herb\n|-clearnegativeboost|p2a: Polteageist|[silent]\n|turn|27\n|inactive|gostop has 120 seconds left.\n|\n|t:|1619186258\n|move|p1a: Sandaconda|Earthquake|p2a: Polteageist\n|-damage|p2a: Polteageist|31\/222\n|move|p2a: Polteageist|Shell Smash|p2a: Polteageist\n|-unboost|p2a: Polteageist|def|1\n|-unboost|p2a: Polteageist|spd|1\n|-boost|p2a: Polteageist|atk|2\n|-boost|p2a: Polteageist|spa|2\n|-boost|p2a: Polteageist|spe|2\n|\n|-damage|p1a: Sandaconda|71\/258 brn|[from] brn\n|upkeep\n|turn|28\n|\n|t:|1619186266\n|move|p2a: Polteageist|Giga Drain|p1a: Sandaconda\n|-supereffective|p1a: Sandaconda\n|-damage|p1a: Sandaconda|0 fnt\n|-heal|p2a: Polteageist|67\/222|[from] drain|[of] p1a: Sandaconda\n|faint|p1a: Sandaconda\n|\n|upkeep\n|\n|t:|1619186272\n|switch|p1a: Gourgeist|Gourgeist, L84, F|246\/246\n|turn|29\n|\n|t:|1619186276\n|move|p1a: Gourgeist|Shadow Sneak|p2a: Polteageist\n|-supereffective|p2a: Polteageist\n|-damage|p2a: Polteageist|0 fnt\n|-damage|p1a: Gourgeist|222\/246|[from] item: Life Orb\n|faint|p2a: Polteageist\n|\n|win|shengbiao\n","inputlog":">version e2015f030898526ffd5a066217038af11880bd59\n>version-origin 3918ebd609a2bd57e0326bf76fca79306b37a61f\n>start {\"formatid\":\"gen8randombattle\",\"seed\":[15785,34480,23145,16198]}\n>player p1 {\"name\":\"shengbiao\",\"avatar\":\"shengbiao.png\",\"rating\":0,\"seed\":[7252,34680,5235,26795]}\n>player p2 {\"name\":\"gostop\",\"avatar\":\"gostop.gif\",\"rating\":0,\"seed\":[36641,19853,12385,57867]}\n>p1 switch 4\n>p2 switch 5\n>p1 switch 5\n>p2 move knockoff\n>p1 move stickyweb\n>p2 switch 4\n>p1 switch 2\n>p2 move defog\n>p1 move psychic\n>p2 move sludgebomb\n>p1 move psychic\n>p2 move sludgebomb\n>p1 switch 6\n>p1 move bellydrum\n>p2 move steameruption\n>p1 move stompingtantrum\n>p2 switch 6\n>p1 move extremespeed\n>p2 switch 4\n>p1 move throatchop\n>p2 move willowisp\n>p1 move stompingtantrum\n>p2 move recover\n>p1 move stompingtantrum\n>p2 move recover\n>p1 switch 2\n>p1 move stickyweb\n>p2 switch 6\n>p1 move toxic\n>p2 move defog\n>p1 move stickyweb\n>p2 move sludgebomb\n>p1 move stickyweb\n>p2 move defog\n>p1 move stickyweb\n>p2 move defog\n>p1 switch 3\n>p2 switch 6\n>p1 move coil\n>p2 move willowisp\n>p1 move coil\n>p2 switch 5\n>p1 move earthquake dynamax\n>p2 move surf dynamax\n>p1 move earthquake dynamax\n>p2 move surf dynamax\n>p2 switch 5\n>p1 move stoneedge dynamax\n>p2 switch 4\n>p2 switch 3\n>p1 move earthquake\n>p2 move knockoff\n>p2 switch 4\n>p1 move earthquake\n>p2 move willowisp\n>p1 move coil\n>p2 move knockoff\n>p1 move earthquake\n>p2 move willowisp\n>p2 switch 2\n>p1 move earthquake\n>p2 move shellsmash\n>p1 move earthquake\n>p2 move gigadrain\n>p1 switch 5\n>p1 move shadowsneak\n>p2 move shadowball","uploadtime":1619186280,"views":32,"p1id":"shengbiao","p2id":"gostop","formatid":"gen8randombattle","rating":0,"private":0,"password":null}