{"id":"china-gen8randombattle-408024","p1":"gostop","p2":"niaosui","format":"gen8randombattle","log":"|j|\u2606gostop\n|j|\u2606niaosui\n|t:|1618317617\n|gametype|singles\n|player|p1|gostop|gostop.gif|\n|player|p2|niaosui|dawn|\n|teamsize|p1|6\n|teamsize|p2|6\n|gen|8\n|tier|[Gen 8] Random Battle\n|rule|Species Clause: Limit one of each Pok\u00e9mon\n|rule|HP Percentage Mod: HP is shown in percentages\n|rule|Sleep Clause Mod: Limit one foe put to sleep\n|\n|t:|1618317617\n|start\n|switch|p1a: Gigalith|Gigalith, L82, M|274\/274\n|switch|p2a: Altaria|Altaria, L90, M|281\/281\n|-weather|Sandstorm|[from] ability: Sand Stream|[of] p1a: Gigalith\n|turn|1\n|j| XPSH\n|\n|t:|1618317678\n|switch|p2a: Zarude|Zarude, L78|292\/292\n|move|p1a: Gigalith|Stealth Rock|p2a: Zarude\n|-sidestart|p2: niaosui|move: Stealth Rock\n|\n|-weather|Sandstorm|[upkeep]\n|-damage|p2a: Zarude|274\/292|[from] Sandstorm\n|-heal|p2a: Zarude|292\/292|[from] item: Leftovers\n|upkeep\n|turn|2\n|l|\u2606niaosui\n|player|p2|\n|\n|t:|1618317738\n|switch|p1a: Salazzle|Salazzle, L82, F|246\/246\n|move|p2a: Zarude|Bulk Up|p2a: Zarude\n|-boost|p2a: Zarude|atk|1\n|-boost|p2a: Zarude|def|1\n|\n|-weather|Sandstorm|[upkeep]\n|-damage|p1a: Salazzle|231\/246|[from] Sandstorm\n|-damage|p2a: Zarude|274\/292|[from] Sandstorm\n|-heal|p1a: Salazzle|246\/246|[from] item: Black Sludge\n|-heal|p2a: Zarude|292\/292|[from] item: Leftovers\n|upkeep\n|turn|3\n|j|\u2606niaosui\n|player|p2|niaosui|dawn\n|\n|t:|1618317757\n|switch|p2a: Xatu|Xatu, L88, F|258\/258\n|move|p1a: Salazzle|Flamethrower|p2a: Xatu\n|-damage|p2a: Xatu|150\/258\n|\n|-weather|Sandstorm|[upkeep]\n|-damage|p1a: Salazzle|231\/246|[from] Sandstorm\n|-damage|p2a: Xatu|134\/258|[from] Sandstorm\n|-heal|p1a: Salazzle|246\/246|[from] item: Black Sludge\n|upkeep\n|turn|4\n|j| n.Bear\n|\n|t:|1618317798\n|move|p1a: Salazzle|Substitute|p1a: Salazzle\n|-start|p1a: Salazzle|Substitute\n|-damage|p1a: Salazzle|185\/246\n|move|p2a: Xatu|Roost|p2a: Xatu\n|-heal|p2a: Xatu|258\/258\n|-singleturn|p2a: Xatu|move: Roost\n|\n|-weather|Sandstorm|[upkeep]\n|-damage|p1a: Salazzle|170\/246|[from] Sandstorm\n|-damage|p2a: Xatu|242\/258|[from] Sandstorm\n|-heal|p1a: Salazzle|185\/246|[from] item: Black Sludge\n|upkeep\n|turn|5\n|l| n.Bear\n|\n|t:|1618317811\n|move|p1a: Salazzle|Flamethrower|p2a: Xatu\n|-damage|p2a: Xatu|133\/258\n|move|p2a: Xatu|Psychic|p1a: Salazzle\n|-supereffective|p1a: Salazzle\n|-crit|p1a: Salazzle\n|-end|p1a: Salazzle|Substitute\n|\n|-weather|none\n|-heal|p1a: Salazzle|200\/246|[from] item: Black Sludge\n|upkeep\n|turn|6\n|j| n.Bear\n|\n|t:|1618317829\n|move|p1a: Salazzle|Substitute|p1a: Salazzle\n|-start|p1a: Salazzle|Substitute\n|-damage|p1a: Salazzle|139\/246\n|move|p2a: Xatu|Roost|p2a: Xatu\n|-heal|p2a: Xatu|258\/258\n|-singleturn|p2a: Xatu|move: Roost\n|\n|-heal|p1a: Salazzle|154\/246|[from] item: Black Sludge\n|upkeep\n|turn|7\n|\n|t:|1618317843\n|move|p1a: Salazzle|Protect|p1a: Salazzle\n|-singleturn|p1a: Salazzle|Protect\n|move|p2a: Xatu|Psychic|p1a: Salazzle\n|-activate|p1a: Salazzle|move: Protect\n|\n|-heal|p1a: Salazzle|169\/246|[from] item: Black Sludge\n|upkeep\n|turn|8\n|\n|t:|1618317848\n|move|p1a: Salazzle|Flamethrower|p2a: Xatu\n|-damage|p2a: Xatu|140\/258\n|move|p2a: Xatu|Psychic|p1a: Salazzle\n|-supereffective|p1a: Salazzle\n|-end|p1a: Salazzle|Substitute\n|\n|-heal|p1a: Salazzle|184\/246|[from] item: Black Sludge\n|upkeep\n|turn|9\n|l| n.Bear\n|\n|t:|1618317869\n|switch|p1a: Blacephalon|Blacephalon, L80|216\/216\n|move|p2a: Xatu|Psychic|p1a: Blacephalon\n|-damage|p1a: Blacephalon|98\/216\n|\n|upkeep\n|turn|10\n|\n|t:|1618317880\n|switch|p2a: Altaria|Altaria, L90, M|281\/281\n|move|p1a: Blacephalon|Fire Blast|p2a: Altaria\n|-resisted|p2a: Altaria\n|-damage|p2a: Altaria|221\/281\n|\n|upkeep\n|turn|11\n|j| n.Bear\n|\n|t:|1618317900\n|switch|p1a: Slowbro|Slowbro-Galar, L86, F|304\/304\n|move|p2a: Altaria|Earthquake|p1a: Slowbro\n|-supereffective|p1a: Slowbro\n|-damage|p1a: Slowbro|184\/304\n|\n|upkeep\n|turn|12\n|\n|t:|1618317923\n|switch|p1a: Froslass|Froslass, L84, F|255\/255\n|move|p2a: Altaria|Earthquake|p1a: Froslass\n|-damage|p1a: Froslass|178\/255\n|\n|upkeep\n|turn|13\n|l| n.Bear\n|\n|t:|1618317943\n|switch|p2a: Abomasnow|Abomasnow, L82, F|282\/282\n|-damage|p2a: Abomasnow|212\/282|[from] Stealth Rock\n|-weather|Hail|[from] ability: Snow Warning|[of] p2a: Abomasnow\n|move|p1a: Froslass|Triple Axel|p2a: Abomasnow\n|-damage|p2a: Abomasnow|191\/282\n|-damage|p2a: Abomasnow|148\/282\n|-damage|p2a: Abomasnow|85\/282\n|-hitcount|p2a: Abomasnow|3\n|\n|-weather|Hail|[upkeep]\n|upkeep\n|turn|14\n|\n|t:|1618317972\n|move|p1a: Froslass|Triple Axel|p2a: Abomasnow\n|-damage|p2a: Abomasnow|64\/282\n|-damage|p2a: Abomasnow|18\/282\n|-damage|p2a: Abomasnow|0 fnt\n|-hitcount|p2a: Abomasnow|3\n|faint|p2a: Abomasnow\n|\n|-weather|Hail|[upkeep]\n|upkeep\n|j| n.Bear\n|\n|t:|1618317990\n|switch|p2a: Kyurem|Kyurem, L80|331\/331\n|-ability|p2a: Kyurem|Pressure\n|turn|15\n|l| n.Bear\n|\n|t:|1618318053\n|move|p1a: Froslass|Triple Axel|p2a: Kyurem\n|-damage|p2a: Kyurem|310\/331\n|-damage|p2a: Kyurem|271\/331\n|-damage|p2a: Kyurem|217\/331\n|-hitcount|p2a: Kyurem|3\n|move|p2a: Kyurem|Freeze-Dry|p1a: Froslass\n|-resisted|p1a: Froslass\n|-damage|p1a: Froslass|132\/255\n|\n|-weather|Hail|[upkeep]\n|upkeep\n|turn|16\n|\n|t:|1618318068\n|move|p1a: Froslass|Taunt|p2a: Kyurem\n|-start|p2a: Kyurem|move: Taunt\n|cant|p2a: Kyurem|move: Taunt|Roost\n|\n|-weather|Hail|[upkeep]\n|upkeep\n|turn|17\n|j| n.Bear\n|\n|t:|1618318088\n|move|p1a: Froslass|Triple Axel|p2a: Kyurem\n|-damage|p2a: Kyurem|198\/331\n|-damage|p2a: Kyurem|158\/331\n|-damage|p2a: Kyurem|103\/331\n|-hitcount|p2a: Kyurem|3\n|move|p2a: Kyurem|Draco Meteor|p1a: Froslass\n|-crit|p1a: Froslass\n|-damage|p1a: Froslass|0 fnt\n|-unboost|p2a: Kyurem|spa|2\n|faint|p1a: Froslass\n|\n|-weather|none\n|upkeep\n|\n|t:|1618318121\n|switch|p1a: Blacephalon|Blacephalon, L80|98\/216\n|turn|18\n|l| n.Bear\n|\n|t:|1618318135\n|switch|p2a: Altaria|Altaria, L90, M|221\/281\n|move|p1a: Blacephalon|Shadow Ball|p2a: Altaria\n|-damage|p2a: Altaria|133\/281\n|\n|upkeep\n|turn|19\n|j| n.Bear\n|\n|t:|1618318164\n|switch|p1a: Gigalith|Gigalith, L82, M|274\/274\n|-weather|Sandstorm|[from] ability: Sand Stream|[of] p1a: Gigalith\n|move|p2a: Altaria|Roost|p2a: Altaria\n|-heal|p2a: Altaria|274\/281\n|-singleturn|p2a: Altaria|move: Roost\n|\n|-weather|Sandstorm|[upkeep]\n|-damage|p2a: Altaria|257\/281|[from] Sandstorm\n|upkeep\n|turn|20\n|\n|t:|1618318173\n|switch|p2a: Zarude|Zarude, L78|292\/292\n|-damage|p2a: Zarude|256\/292|[from] Stealth Rock\n|move|p1a: Gigalith|Stone Edge|p2a: Zarude\n|-damage|p2a: Zarude|141\/292\n|\n|-weather|Sandstorm|[upkeep]\n|-damage|p2a: Zarude|123\/292|[from] Sandstorm\n|-heal|p2a: Zarude|141\/292|[from] item: Leftovers\n|upkeep\n|turn|21\n|l| n.Bear\n|\n|t:|1618318192\n|move|p2a: Zarude|Darkest Lariat|p1a: Gigalith\n|-damage|p1a: Gigalith|201\/274\n|move|p1a: Gigalith|Superpower|p2a: Zarude\n|-supereffective|p2a: Zarude\n|-damage|p2a: Zarude|0 fnt\n|-unboost|p1a: Gigalith|atk|1\n|-unboost|p1a: Gigalith|def|1\n|faint|p2a: Zarude\n|\n|-weather|Sandstorm|[upkeep]\n|-heal|p1a: Gigalith|218\/274|[from] item: Leftovers\n|upkeep\n|j| n.Bear\n|\n|t:|1618318203\n|switch|p2a: Kyurem|Kyurem, L80|103\/331\n|-ability|p2a: Kyurem|Pressure\n|turn|22\n|l| n.Bear\n|j| n.Bear\n|\n|t:|1618318235\n|move|p2a: Kyurem|Roost|p2a: Kyurem\n|-heal|p2a: Kyurem|269\/331\n|-singleturn|p2a: Kyurem|move: Roost\n|move|p1a: Gigalith|Stone Edge|p2a: Kyurem\n|-supereffective|p2a: Kyurem\n|-damage|p2a: Kyurem|83\/331\n|\n|-weather|Sandstorm|[upkeep]\n|-damage|p2a: Kyurem|63\/331|[from] Sandstorm\n|-heal|p1a: Gigalith|235\/274|[from] item: Leftovers\n|upkeep\n|turn|23\n|j| Leo Valdez Calypso\n|l| n.Bear\n|\n|t:|1618318292\n|switch|p1a: Salazzle|Salazzle, L82, F|184\/246\n|move|p2a: Kyurem|Roost|p2a: Kyurem\n|-heal|p2a: Kyurem|229\/331\n|-singleturn|p2a: Kyurem|move: Roost\n|\n|-weather|none\n|-heal|p1a: Salazzle|199\/246|[from] item: Black Sludge\n|upkeep\n|turn|24\n|l| Leo Valdez Calypso\n|j| n.Bear\n|\n|t:|1618318315\n|move|p1a: Salazzle|Flamethrower|p2a: Kyurem\n|-damage|p2a: Kyurem|124\/331\n|move|p2a: Kyurem|Draco Meteor|p1a: Salazzle\n|-damage|p1a: Salazzle|0 fnt\n|-unboost|p2a: Kyurem|spa|2\n|faint|p1a: Salazzle\n|\n|upkeep\n|\n|t:|1618318329\n|switch|p1a: Kyurem|Kyurem-White, L72|299\/299\n|-ability|p1a: Kyurem|Turboblaze\n|turn|25\n|l| n.Bear\n|\n|t:|1618318336\n|move|p1a: Kyurem|Draco Meteor|p2a: Kyurem\n|-supereffective|p2a: Kyurem\n|-damage|p2a: Kyurem|0 fnt\n|-unboost|p1a: Kyurem|spa|2\n|faint|p2a: Kyurem\n|\n|upkeep\n|\n|t:|1618318338\n|switch|p2a: Polteageist|Polteageist, L78|222\/222\n|-damage|p2a: Polteageist|195\/222|[from] Stealth Rock\n|turn|26\n|j| n.Bear\n|\n|t:|1618318404\n|switch|p1a: Slowbro|Slowbro-Galar, L86, F|285\/304\n|move|p2a: Polteageist|Shell Smash|p2a: Polteageist\n|-unboost|p2a: Polteageist|def|1\n|-unboost|p2a: Polteageist|spd|1\n|-boost|p2a: Polteageist|atk|2\n|-boost|p2a: Polteageist|spa|2\n|-boost|p2a: Polteageist|spe|2\n|-enditem|p2a: Polteageist|White Herb\n|-clearnegativeboost|p2a: Polteageist|[silent]\n|\n|upkeep\n|turn|27\n|\n|t:|1618318413\n|move|p2a: Polteageist|Shadow Ball|p1a: Slowbro\n|-supereffective|p1a: Slowbro\n|-damage|p1a: Slowbro|0 fnt\n|faint|p1a: Slowbro\n|\n|upkeep\n|\n|t:|1618318428\n|switch|p1a: Kyurem|Kyurem-White, L72|299\/299\n|-ability|p1a: Kyurem|Turboblaze\n|turn|28\n|\n|t:|1618318444\n|-start|p2a: Polteageist|Dynamax\n|-heal|p2a: Polteageist|390\/444|[silent]\n|-start|p1a: Kyurem|Dynamax\n|-heal|p1a: Kyurem|598\/598|[silent]\n|move|p2a: Polteageist|Max Phantasm|p1a: Kyurem\n|-damage|p1a: Kyurem|295\/598\n|-unboost|p1a: Kyurem|def|1\n|move|p1a: Kyurem|Max Quake|p2a: Polteageist\n|-damage|p2a: Polteageist|293\/444\n|-boost|p1a: Kyurem|spd|1\n|\n|upkeep\n|turn|29\n|l| n.Bear\n|j| n.Bear\n|\n|t:|1618318496\n|move|p2a: Polteageist|Max Phantasm|p1a: Kyurem\n|-damage|p1a: Kyurem|93\/598\n|-unboost|p1a: Kyurem|def|1\n|move|p1a: Kyurem|Max Wyrmwind|p2a: Polteageist\n|-damage|p2a: Polteageist|142\/444\n|-unboost|p2a: Polteageist|atk|1\n|\n|upkeep\n|turn|30\n|j| burstbean\n|\n|t:|1618318521\n|-end|p1a: Kyurem|Dynamax\n|-heal|p1a: Kyurem|47\/299|[silent]\n|switch|p1a: Blacephalon|Blacephalon, L80|98\/216\n|move|p2a: Polteageist|Max Phantasm|p1a: Blacephalon\n|-supereffective|p1a: Blacephalon\n|-damage|p1a: Blacephalon|0 fnt\n|faint|p1a: Blacephalon\n|\n|-end|p2a: Polteageist|Dynamax\n|-heal|p2a: Polteageist|71\/222|[silent]\n|upkeep\n|\n|t:|1618318527\n|switch|p1a: Gigalith|Gigalith, L82, M|235\/274\n|-weather|Sandstorm|[from] ability: Sand Stream|[of] p1a: Gigalith\n|turn|31\n|\n|t:|1618318533\n|move|p2a: Polteageist|Giga Drain|p1a: Gigalith\n|-supereffective|p1a: Gigalith\n|-damage|p1a: Gigalith|43\/274\n|-heal|p2a: Polteageist|167\/222|[from] drain|[of] p1a: Gigalith\n|move|p1a: Gigalith|Stone Edge|p2a: Polteageist\n|-damage|p2a: Polteageist|0 fnt\n|-start|p1a: Gigalith|Disable|Stone Edge|[from] ability: Cursed Body|[of] p2a: Polteageist\n|faint|p2a: Polteageist\n|\n|-weather|Sandstorm|[upkeep]\n|-heal|p1a: Gigalith|60\/274|[from] item: Leftovers\n|upkeep\n|l| n.Bear\n|\n|t:|1618318555\n|switch|p2a: Xatu|Xatu, L88, F|140\/258\n|turn|32\n|\n|t:|1618318561\n|move|p2a: Xatu|Roost|p2a: Xatu\n|-heal|p2a: Xatu|258\/258\n|-singleturn|p2a: Xatu|move: Roost\n|move|p1a: Gigalith|Explosion|p2a: Xatu\n|-damage|p2a: Xatu|0 fnt\n|faint|p1a: Gigalith\n|faint|p2a: Xatu\n|\n|-weather|Sandstorm|[upkeep]\n|upkeep\n|\n|t:|1618318574\n|switch|p2a: Altaria|Altaria, L90, M|257\/281\n|switch|p1a: Kyurem|Kyurem-White, L72|47\/299\n|-ability|p1a: Kyurem|Turboblaze\n|turn|33\n|\n|t:|1618318583\n|move|p1a: Kyurem|Ice Beam|p2a: Altaria\n|-supereffective|p2a: Altaria\n|-damage|p2a: Altaria|0 fnt\n|faint|p2a: Altaria\n|\n|win|gostop\n|j| n.Bear\n|l| n.Bear\n|l| burstbean\n|j| n.Bear\n|l| n.Bear\n|j|&WwlWss\n|l|\u2606niaosui\n|j| n.Bear\n|l| n.Bear\n","inputlog":">version 22112daaf1082300e90e36913e64ccd28eebc393\n>version-origin 3918ebd609a2bd57e0326bf76fca79306b37a61f\n>start {\"formatid\":\"gen8randombattle\",\"seed\":[57464,24142,8527,55940]}\n>player p1 {\"name\":\"gostop\",\"avatar\":\"gostop.gif\",\"rating\":0,\"seed\":[43861,7859,19270,45847]}\n>player p2 {\"name\":\"niaosui\",\"avatar\":\"dawn\",\"rating\":0,\"seed\":[45388,40447,50990,60246]}\n>p1 move stealthrock\n>p2 switch 2\n>p1 switch 4\n>p2 move bulkup\n>p1 move flamethrower\n>p2 switch 4\n>p1 move substitute\n>p2 move roost\n>p1 move flamethrower\n>p2 move psychic\n>p1 move substitute\n>p2 move roost\n>p1 move protect\n>p2 move psychic\n>p1 move flamethrower\n>p2 move psychic\n>p1 switch 5\n>p2 move psychic\n>p1 move fireblast\n>p2 switch 2\n>p1 switch 2\n>p2 move earthquake\n>p1 switch 6\n>p2 move earthquake\n>p1 move tripleaxel\n>p2 switch 6\n>p1 move tripleaxel\n>p2 move auroraveil\n>p2 switch 3\n>p1 move tripleaxel\n>p2 move freezedry\n>p1 move taunt\n>p2 move roost\n>p1 move tripleaxel\n>p2 move dracometeor\n>p1 switch 2\n>p1 move shadowball\n>p2 switch 6\n>p1 switch 4\n>p2 move roost\n>p1 move stoneedge\n>p2 switch 4\n>p1 move superpower\n>p2 move darkestlariat\n>p2 switch 6\n>p1 move stoneedge\n>p2 move roost\n>p1 switch 5\n>p2 move roost\n>p1 move flamethrower\n>p2 move dracometeor\n>p1 switch 3\n>p1 move dracometeor\n>p2 move dracometeor\n>p2 switch 5\n>p1 switch 6\n>p2 move shellsmash\n>p1 move trickroom\n>p2 move shadowball\n>p1 switch 6\n>p1 move earthpower dynamax\n>p2 move shadowball dynamax\n>p1 move dracometeor dynamax\n>p2 move shadowball dynamax\n>p1 switch 4\n>p2 move shadowball dynamax\n>p1 switch 5\n>p1 move stoneedge\n>p2 move gigadrain\n>p2 switch 2\n>p1 move explosion\n>p2 move roost\n>p1 switch 4\n>p2 switch 4\n>p1 move icebeam\n>p2 move earthquake","uploadtime":1618318606,"views":42,"p1id":"gostop","p2id":"niaosui","formatid":"gen8randombattle","rating":0,"private":0,"password":null}