{"id":"china-gen8randombattle-3891281","p1":"rubv","p2":"swordsman.n","format":"gen8randombattle","log":"|j|\u2606rubv\n|j|\u2606swordsman.n\n|t:|1637321204\n|gametype|singles\n|player|p1|rubv|camper|\n|player|p2|swordsman.n|249|\n|teamsize|p1|6\n|teamsize|p2|6\n|gen|8\n|tier|[Gen 8] Random Battle\n|rule|Species Clause: Limit one of each Pok\u00e9mon\n|rule|HP Percentage Mod: HP is shown in percentages\n|rule|Sleep Clause Mod: Limit one foe put to sleep\n|\n|t:|1637321204\n|start\n|switch|p1a: Sawk|Sawk, L86, M|269\/269\n|switch|p2a: Crawdaunt|Crawdaunt, L84, F|243\/243\n|-ability|p1a: Sawk|Mold Breaker\n|turn|1\n|\n|t:|1637321239\n|move|p1a: Sawk|Bulk Up|p1a: Sawk\n|-boost|p1a: Sawk|atk|1\n|-boost|p1a: Sawk|def|1\n|move|p2a: Crawdaunt|Close Combat|p1a: Sawk\n|-damage|p1a: Sawk|195\/269\n|-unboost|p2a: Crawdaunt|def|1\n|-unboost|p2a: Crawdaunt|spd|1\n|\n|upkeep\n|turn|2\n|\n|t:|1637321254\n|move|p1a: Sawk|Close Combat|p2a: Crawdaunt\n|-supereffective|p2a: Crawdaunt\n|-enditem|p2a: Crawdaunt|Focus Sash\n|-damage|p2a: Crawdaunt|1\/243\n|-unboost|p1a: Sawk|def|1\n|-unboost|p1a: Sawk|spd|1\n|-damage|p1a: Sawk|169\/269|[from] item: Life Orb\n|move|p2a: Crawdaunt|Close Combat|p1a: Sawk\n|-damage|p1a: Sawk|53\/269\n|-unboost|p2a: Crawdaunt|def|1\n|-unboost|p2a: Crawdaunt|spd|1\n|\n|upkeep\n|turn|3\n|\n|t:|1637321265\n|move|p2a: Crawdaunt|Aqua Jet|p1a: Sawk\n|-damage|p1a: Sawk|0 fnt\n|faint|p1a: Sawk\n|\n|upkeep\n|\n|t:|1637321271\n|switch|p1a: Clawitzer|Clawitzer, L84, M|256\/256\n|turn|4\n|\n|t:|1637321276\n|move|p2a: Crawdaunt|Aqua Jet|p1a: Clawitzer\n|-resisted|p1a: Clawitzer\n|-damage|p1a: Clawitzer|223\/256\n|move|p1a: Clawitzer|Dark Pulse|p2a: Crawdaunt\n|-resisted|p2a: Crawdaunt\n|-damage|p2a: Crawdaunt|0 fnt\n|faint|p2a: Crawdaunt\n|\n|upkeep\n|\n|t:|1637321292\n|switch|p2a: Butterfree|Butterfree, L87, F|246\/246\n|turn|5\n|\n|t:|1637321319\n|switch|p1a: Tornadus|Tornadus, L80, M|258\/258\n|move|p2a: Butterfree|Quiver Dance|p2a: Butterfree\n|-boost|p2a: Butterfree|spa|1\n|-boost|p2a: Butterfree|spd|1\n|-boost|p2a: Butterfree|spe|1\n|\n|upkeep\n|turn|6\n|\n|t:|1637321327\n|move|p2a: Butterfree|Sleep Powder|p1a: Tornadus|[miss]\n|-miss|p2a: Butterfree|p1a: Tornadus\n|move|p1a: Tornadus|Hurricane|p2a: Butterfree\n|-supereffective|p2a: Butterfree\n|-damage|p2a: Butterfree|66\/246\n|\n|upkeep\n|turn|7\n|\n|t:|1637321334\n|move|p2a: Butterfree|Sleep Powder|p1a: Tornadus\n|-status|p1a: Tornadus|slp|[from] move: Sleep Powder\n|cant|p1a: Tornadus|slp\n|\n|upkeep\n|turn|8\n|\n|t:|1637321339\n|switch|p1a: Copperajah|Copperajah, L84, M|342\/342\n|move|p2a: Butterfree|Air Slash|p1a: Copperajah\n|-resisted|p1a: Copperajah\n|-damage|p1a: Copperajah|206\/342\n|\n|upkeep\n|turn|9\n|\n|t:|1637321345\n|move|p2a: Butterfree|Air Slash|p1a: Copperajah\n|-resisted|p1a: Copperajah\n|-damage|p1a: Copperajah|60\/342\n|move|p1a: Copperajah|Heavy Slam|p2a: Butterfree\n|-damage|p2a: Butterfree|0 fnt\n|faint|p2a: Butterfree\n|\n|upkeep\n|\n|t:|1637321353\n|switch|p2a: Blastoise|Blastoise, L82, M|264\/264\n|turn|10\n|\n|t:|1637321393\n|switch|p1a: Clawitzer|Clawitzer, L84, M|223\/256\n|move|p2a: Blastoise|Shell Smash|p2a: Blastoise\n|-unboost|p2a: Blastoise|def|1\n|-unboost|p2a: Blastoise|spd|1\n|-boost|p2a: Blastoise|atk|2\n|-boost|p2a: Blastoise|spa|2\n|-boost|p2a: Blastoise|spe|2\n|-enditem|p2a: Blastoise|White Herb\n|-clearnegativeboost|p2a: Blastoise|[silent]\n|\n|upkeep\n|turn|11\n|\n|t:|1637321402\n|move|p2a: Blastoise|Earthquake|p1a: Clawitzer\n|-damage|p1a: Clawitzer|101\/256\n|move|p1a: Clawitzer|Dark Pulse|p2a: Blastoise\n|-damage|p2a: Blastoise|141\/264\n|\n|upkeep\n|turn|12\n|\n|t:|1637321407\n|move|p2a: Blastoise|Earthquake|p1a: Clawitzer\n|-damage|p1a: Clawitzer|0 fnt\n|faint|p1a: Clawitzer\n|\n|upkeep\n|\n|t:|1637321409\n|switch|p1a: Gardevoir|Gardevoir, L82, F|246\/246\n|-ability|p1a: Gardevoir|Torrent|[from] ability: Trace|[of] p2a: Blastoise\n|turn|13\n|\n|t:|1637321417\n|-start|p1a: Gardevoir|Dynamax\n|-heal|p1a: Gardevoir|492\/492|[silent]\n|move|p2a: Blastoise|Earthquake|p1a: Gardevoir\n|-damage|p1a: Gardevoir|349\/492\n|move|p1a: Gardevoir|Max Mindstorm|p2a: Blastoise\n|-damage|p2a: Blastoise|0 fnt\n|-fieldstart|move: Psychic Terrain\n|faint|p2a: Blastoise\n|-damage|p1a: Gardevoir|325\/492|[from] item: Life Orb\n|\n|upkeep\n|\n|t:|1637321458\n|switch|p2a: Azelf|Azelf, L82|257\/257\n|turn|14\n|\n|t:|1637321465\n|move|p2a: Azelf|Stealth Rock|p1a: Gardevoir\n|-sidestart|p1: rubv|move: Stealth Rock\n|move|p1a: Gardevoir|Max Starfall|p2a: Azelf\n|-damage|p2a: Azelf|27\/257\n|-fieldstart|move: Misty Terrain\n|-damage|p1a: Gardevoir|301\/492|[from] item: Life Orb\n|\n|-heal|p2a: Azelf|43\/257|[from] item: Leftovers\n|upkeep\n|turn|15\n|\n|t:|1637321474\n|move|p2a: Azelf|U-turn|p1a: Gardevoir\n|-damage|p1a: Gardevoir|223\/492\n|\n|t:|1637321476\n|switch|p2a: Bouffalant|Bouffalant, L84, F|297\/297\n|move|p1a: Gardevoir|Max Mindstorm|p2a: Bouffalant\n|-damage|p2a: Bouffalant|89\/297\n|-fieldstart|move: Psychic Terrain\n|-damage|p1a: Gardevoir|199\/492|[from] item: Life Orb\n|\n|-heal|p2a: Bouffalant|107\/297|[from] item: Leftovers\n|-end|p1a: Gardevoir|Dynamax\n|-heal|p1a: Gardevoir|100\/246|[silent]\n|upkeep\n|turn|16\n|\n|t:|1637321489\n|move|p1a: Gardevoir|Psyshock|p2a: Bouffalant\n|-damage|p2a: Bouffalant|0 fnt\n|faint|p2a: Bouffalant\n|-damage|p1a: Gardevoir|76\/246|[from] item: Life Orb\n|\n|upkeep\n|\n|t:|1637321493\n|switch|p2a: Azelf|Azelf, L82|43\/257\n|turn|17\n|\n|t:|1637321504\n|move|p2a: Azelf|U-turn|p1a: Gardevoir\n|-damage|p1a: Gardevoir|2\/246\n|\n|t:|1637321508\n|switch|p2a: Dragonite|Dragonite, L75, F|259\/259\n|move|p1a: Gardevoir|Moonblast|p2a: Dragonite\n|-supereffective|p2a: Dragonite\n|-damage|p2a: Dragonite|102\/259\n|-damage|p1a: Gardevoir|0 fnt|[from] item: Life Orb\n|faint|p1a: Gardevoir\n|\n|upkeep\n|\n|t:|1637321513\n|switch|p1a: Mudsdale|Mudsdale, L82, F|298\/298\n|-damage|p1a: Mudsdale|280\/298|[from] Stealth Rock\n|turn|18\n|\n|t:|1637321523\n|-start|p2a: Dragonite|Dynamax\n|-heal|p2a: Dragonite|204\/518|[silent]\n|move|p2a: Dragonite|Max Wyrmwind|p1a: Mudsdale\n|-damage|p1a: Mudsdale|133\/298\n|-unboost|p1a: Mudsdale|atk|1\n|-ability|p1a: Mudsdale|Stamina|boost\n|-boost|p1a: Mudsdale|def|1\n|move|p1a: Mudsdale|Heavy Slam||[still]\n|-fail|p1a: Mudsdale|Dynamax\n|\n|-heal|p1a: Mudsdale|151\/298|[from] item: Leftovers\n|upkeep\n|turn|19\n|\n|t:|1637321539\n|move|p2a: Dragonite|Max Wyrmwind|p1a: Mudsdale\n|-damage|p1a: Mudsdale|49\/298\n|-unboost|p1a: Mudsdale|atk|1\n|-ability|p1a: Mudsdale|Stamina|boost\n|-boost|p1a: Mudsdale|def|1\n|move|p1a: Mudsdale|Heavy Slam||[still]\n|-fail|p1a: Mudsdale|Dynamax\n|\n|-heal|p1a: Mudsdale|67\/298|[from] item: Leftovers\n|-fieldend|move: Psychic Terrain\n|upkeep\n|turn|20\n|\n|t:|1637321548\n|move|p2a: Dragonite|Max Airstream|p1a: Mudsdale\n|-damage|p1a: Mudsdale|4\/298\n|-boost|p2a: Dragonite|spe|1\n|-ability|p1a: Mudsdale|Stamina|boost\n|-boost|p1a: Mudsdale|def|1\n|move|p1a: Mudsdale|Stealth Rock|p2a: Dragonite\n|-sidestart|p2: swordsman.n|move: Stealth Rock\n|\n|-heal|p1a: Mudsdale|22\/298|[from] item: Leftovers\n|-end|p2a: Dragonite|Dynamax\n|-heal|p2a: Dragonite|102\/259|[silent]\n|upkeep\n|turn|21\n|\n|t:|1637321563\n|move|p2a: Dragonite|Dual Wingbeat|p1a: Mudsdale\n|-damage|p1a: Mudsdale|0 fnt\n|faint|p1a: Mudsdale\n|-hitcount|p1: Mudsdale|1\n|\n|upkeep\n|\n|t:|1637321568\n|switch|p1a: Tornadus|Tornadus, L80, M|258\/258 slp\n|turn|22\n|\n|t:|1637321571\n|move|p2a: Dragonite|Dual Wingbeat|p1a: Tornadus\n|-damage|p1a: Tornadus|179\/258 slp\n|-damage|p1a: Tornadus|95\/258 slp\n|-hitcount|p1a: Tornadus|2\n|-curestatus|p1a: Tornadus|slp|[msg]\n|move|p1a: Tornadus|Hurricane|p2a: Dragonite|[miss]\n|-miss|p1a: Tornadus|p2a: Dragonite\n|\n|upkeep\n|turn|23\n|-message|rubv forfeited.\n|\n|win|swordsman.n\n","inputlog":">version 5f9d7c5fd7d7784ad2f0d0f4b61ea6e75791baaf\n>version-origin 3918ebd609a2bd57e0326bf76fca79306b37a61f\n>start {\"formatid\":\"gen8randombattle\",\"seed\":[1344,42522,29231,36168]}\n>player p1 {\"name\":\"rubv\",\"avatar\":\"camper\",\"rating\":0,\"seed\":[14645,62179,51071,15136]}\n>player p2 {\"name\":\"swordsman.n\",\"avatar\":\"249\",\"rating\":0,\"seed\":[14750,60610,46869,45759]}\n>p1 move bulkup\n>p2 move closecombat\n>p1 move closecombat\n>p2 move closecombat\n>p1 move closecombat\n>p2 move aquajet\n>p1 switch 3\n>p1 move darkpulse\n>p2 move aquajet\n>p2 switch 5\n>p1 switch 4\n>p2 move quiverdance\n>p1 move hurricane\n>p2 move sleeppowder\n>p1 move hurricane\n>p2 move sleeppowder\n>p1 switch 6\n>p2 move airslash\n>p1 move heavyslam\n>p2 move airslash\n>p2 switch 4\n>p1 switch 4\n>p2 move shellsmash\n>p1 move darkpulse\n>p2 move earthquake\n>p1 move darkpulse\n>p2 move earthquake\n>p1 switch 2\n>p1 move psyshock dynamax\n>p2 move earthquake\n>p2 switch 3\n>p1 move moonblast dynamax\n>p2 move stealthrock\n>p1 move psyshock dynamax\n>p2 move uturn\n>p2 switch 6\n>p1 move psyshock\n>p2 move earthquake\n>p2 switch 6\n>p1 move moonblast\n>p2 move uturn\n>p2 switch 2\n>p1 switch 5\n>p1 move heavyslam\n>p2 move outrage dynamax\n>p1 move heavyslam\n>p2 move outrage dynamax\n>p1 move stealthrock\n>p2 move dualwingbeat dynamax\n>p1 move heavyslam\n>p2 move dualwingbeat\n>p1 switch 6\n>p1 move hurricane\n>p2 move dualwingbeat\n>forcelose p1","uploadtime":1637321584,"views":8,"p1id":"rubv","p2id":"swordsmann","formatid":"gen8randombattle","rating":0,"private":0,"password":null}