{"id":"china-gen8randombattle-429587","p1":"XPSH","p2":"gostop","format":"gen8randombattle","log":"|j|\u2606XPSH\n|j|\u2606gostop\n|t:|1619704475\n|gametype|singles\n|player|p1|XPSH|youngn|\n|player|p2|gostop|gostop.gif|\n|teamsize|p1|6\n|teamsize|p2|6\n|gen|8\n|tier|[Gen 8] Random Battle\n|rule|Species Clause: Limit one of each Pok\u00e9mon\n|rule|HP Percentage Mod: HP is shown in percentages\n|rule|Sleep Clause Mod: Limit one foe put to sleep\n|\n|t:|1619704475\n|start\n|switch|p1a: Noivern|Noivern, L82, M|274\/274\n|switch|p2a: Morpeko|Morpeko, L86, M|240\/240\n|turn|1\n|\n|t:|1619704497\n|move|p1a: Noivern|Draco Meteor|p2a: Morpeko\n|-damage|p2a: Morpeko|54\/240\n|-unboost|p1a: Noivern|spa|2\n|move|p2a: Morpeko|Aura Wheel|p1a: Noivern\n|-damage|p1a: Noivern|135\/274\n|-boost|p2a: Morpeko|spe|1\n|\n|-formechange|p2a: Morpeko|Morpeko-Hangry||[from] ability: Hunger Switch\n|upkeep\n|turn|2\n|\n|t:|1619704506\n|switch|p1a: Regirock|Regirock, L84|272\/272\n|move|p2a: Morpeko|Aura Wheel|p1a: Regirock\n|-damage|p1a: Regirock|212\/272\n|-boost|p2a: Morpeko|spe|1\n|\n|-heal|p1a: Regirock|229\/272|[from] item: Leftovers\n|-formechange|p2a: Morpeko|Morpeko||[from] ability: Hunger Switch\n|upkeep\n|turn|3\n|\n|t:|1619704514\n|move|p2a: Morpeko|Parting Shot|p1a: Regirock\n|-unboost|p1a: Regirock|atk|1\n|-unboost|p1a: Regirock|spa|1\n|j| Dare to love XKH\n|\n|t:|1619704578\n|switch|p2a: Inteleon|Inteleon, L80, F|243\/243\n|move|p1a: Regirock|Body Press|p2a: Inteleon\n|-damage|p2a: Inteleon|110\/243\n|\n|-heal|p1a: Regirock|246\/272|[from] item: Leftovers\n|upkeep\n|turn|4\n|\n|t:|1619704600\n|switch|p1a: Noivern|Noivern, L82, M|135\/274\n|move|p2a: Inteleon|Surf|p1a: Noivern\n|-resisted|p1a: Noivern\n|-damage|p1a: Noivern|71\/274\n|\n|upkeep\n|turn|5\n|l| Dare to love XKH\n|\n|t:|1619704618\n|switch|p2a: Heatran|Heatran, L78, F|270\/270\n|-item|p2a: Heatran|Air Balloon\n|move|p1a: Noivern|Roost|p1a: Noivern\n|-heal|p1a: Noivern|208\/274\n|-singleturn|p1a: Noivern|move: Roost\n|\n|upkeep\n|turn|6\n|\n|t:|1619704625\n|move|p1a: Noivern|Hurricane|p2a: Heatran|[miss]\n|-miss|p1a: Noivern|p2a: Heatran\n|move|p2a: Heatran|Stealth Rock|p1a: Noivern\n|-sidestart|p1: XPSH|move: Stealth Rock\n|\n|upkeep\n|turn|7\n|\n|t:|1619704630\n|move|p1a: Noivern|Defog|p2a: Heatran\n|-unboost|p2a: Heatran|evasion|1\n|-sideend|p1: XPSH|Stealth Rock|[from] move: Defog|[of] p1a: Noivern\n|move|p2a: Heatran|Flash Cannon|p1a: Noivern\n|-damage|p1a: Noivern|97\/274\n|\n|upkeep\n|turn|8\n|\n|t:|1619704636\n|move|p1a: Noivern|Roost|p1a: Noivern\n|-heal|p1a: Noivern|234\/274\n|-singleturn|p1a: Noivern|move: Roost\n|move|p2a: Heatran|Stealth Rock|p1a: Noivern\n|-sidestart|p1: XPSH|move: Stealth Rock\n|\n|upkeep\n|turn|9\n|\n|t:|1619704640\n|move|p1a: Noivern|Hurricane|p2a: Heatran\n|-resisted|p2a: Heatran\n|-damage|p2a: Heatran|219\/270\n|-enditem|p2a: Heatran|Air Balloon\n|move|p2a: Heatran|Toxic|p1a: Noivern\n|-status|p1a: Noivern|tox\n|\n|-damage|p1a: Noivern|217\/274 tox|[from] psn\n|upkeep\n|turn|10\n|j| Dare to love XKH\n|\n|t:|1619704648\n|move|p1a: Noivern|Defog|p2a: Heatran\n|-unboost|p2a: Heatran|evasion|1\n|-sideend|p1: XPSH|Stealth Rock|[from] move: Defog|[of] p1a: Noivern\n|move|p2a: Heatran|Flash Cannon|p1a: Noivern\n|-damage|p1a: Noivern|123\/274 tox\n|\n|-damage|p1a: Noivern|89\/274 tox|[from] psn\n|upkeep\n|turn|11\n|\n|t:|1619704659\n|switch|p1a: Dunsparce|Dunsparce, L90, F|326\/326\n|move|p2a: Heatran|Stealth Rock|p1a: Dunsparce\n|-sidestart|p1: XPSH|move: Stealth Rock\n|\n|upkeep\n|turn|12\n|c|\u2606XPSH|t\n|j|\u265aChizuru mizuhara\n|\n|t:|1619704739\n|switch|p2a: Espeon|Espeon, L82, F|241\/241\n|move|p1a: Dunsparce|Earthquake|p2a: Espeon\n|-damage|p2a: Espeon|152\/241\n|\n|-heal|p2a: Espeon|167\/241|[from] item: Leftovers\n|upkeep\n|turn|13\n|\n|t:|1619704746\n|move|p2a: Espeon|Psychic|p1a: Dunsparce\n|-damage|p1a: Dunsparce|203\/326\n|move|p1a: Dunsparce|Coil|p1a: Dunsparce\n|-boost|p1a: Dunsparce|atk|1\n|-boost|p1a: Dunsparce|def|1\n|-boost|p1a: Dunsparce|accuracy|1\n|\n|-heal|p2a: Espeon|182\/241|[from] item: Leftovers\n|-heal|p1a: Dunsparce|223\/326|[from] item: Leftovers\n|upkeep\n|turn|14\n|\n|t:|1619704766\n|move|p2a: Espeon|Psychic|p1a: Dunsparce\n|-damage|p1a: Dunsparce|82\/326\n|move|p1a: Dunsparce|Body Slam|p2a: Espeon\n|-damage|p2a: Espeon|10\/241\n|-status|p2a: Espeon|par\n|\n|-heal|p1a: Dunsparce|102\/326|[from] item: Leftovers\n|-heal|p2a: Espeon|25\/241 par|[from] item: Leftovers\n|upkeep\n|turn|15\n|\n|t:|1619704774\n|move|p1a: Dunsparce|Roost|p1a: Dunsparce\n|-heal|p1a: Dunsparce|265\/326\n|-singleturn|p1a: Dunsparce|move: Roost\n|move|p2a: Espeon|Psychic|p1a: Dunsparce\n|-damage|p1a: Dunsparce|138\/326\n|-unboost|p1a: Dunsparce|spd|1\n|\n|-heal|p1a: Dunsparce|158\/326|[from] item: Leftovers\n|-heal|p2a: Espeon|40\/241 par|[from] item: Leftovers\n|upkeep\n|turn|16\n|\n|t:|1619704782\n|move|p1a: Dunsparce|Body Slam|p2a: Espeon\n|-damage|p2a: Espeon|0 fnt\n|faint|p2a: Espeon\n|\n|-heal|p1a: Dunsparce|178\/326|[from] item: Leftovers\n|upkeep\n|\n|t:|1619704784\n|switch|p2a: Inteleon|Inteleon, L80, F|110\/243\n|turn|17\n|\n|t:|1619704793\n|move|p2a: Inteleon|Surf|p1a: Dunsparce\n|-damage|p1a: Dunsparce|0 fnt\n|faint|p1a: Dunsparce\n|\n|upkeep\n|\n|t:|1619704796\n|switch|p1a: Vanilluxe|Vanilluxe, L82, M|251\/251\n|-damage|p1a: Vanilluxe|189\/251|[from] Stealth Rock\n|-weather|Hail|[from] ability: Snow Warning|[of] p1a: Vanilluxe\n|turn|18\n|j|&WwlWss\n|\n|t:|1619704829\n|move|p2a: Inteleon|Surf|p1a: Vanilluxe\n|-damage|p1a: Vanilluxe|117\/251\n|move|p1a: Vanilluxe|Blizzard|p2a: Inteleon\n|-resisted|p2a: Inteleon\n|-damage|p2a: Inteleon|38\/243\n|\n|-weather|Hail|[upkeep]\n|-damage|p2a: Inteleon|23\/243|[from] Hail\n|upkeep\n|turn|19\n|\n|t:|1619704839\n|switch|p2a: Heatran|Heatran, L78, F|219\/270\n|move|p1a: Vanilluxe|Blizzard|p2a: Heatran\n|-resisted|p2a: Heatran\n|-damage|p2a: Heatran|191\/270\n|\n|-weather|Hail|[upkeep]\n|-damage|p2a: Heatran|175\/270|[from] Hail\n|upkeep\n|turn|20\n|j| n.Bear\n|\n|t:|1619704853\n|move|p1a: Vanilluxe|Explosion|p2a: Heatran\n|-resisted|p2a: Heatran\n|-damage|p2a: Heatran|93\/270\n|faint|p1a: Vanilluxe\n|move|p2a: Heatran|Lava Plume|p1: Vanilluxe|[notarget]\n|-fail|p2a: Heatran\n|\n|-weather|Hail|[upkeep]\n|-damage|p2a: Heatran|77\/270|[from] Hail\n|upkeep\n|\n|t:|1619704857\n|switch|p1a: Butterfree|Butterfree, L86, F|243\/243\n|turn|21\n|l|&WwlWss\n|j| funky-bamboom\n|l| funky-bamboom\n|\n|t:|1619704928\n|move|p1a: Butterfree|Sleep Powder|p2a: Heatran\n|-status|p2a: Heatran|slp|[from] move: Sleep Powder\n|cant|p2a: Heatran|slp\n|\n|-weather|Hail|[upkeep]\n|-damage|p1a: Butterfree|228\/243|[from] Hail\n|-damage|p2a: Heatran|61\/270 slp|[from] Hail\n|upkeep\n|turn|22\n|\n|t:|1619704937\n|switch|p2a: Raichu|Raichu-Alola, L82, M|233\/233\n|move|p1a: Butterfree|Quiver Dance|p1a: Butterfree\n|-boost|p1a: Butterfree|spa|1\n|-boost|p1a: Butterfree|spd|1\n|-boost|p1a: Butterfree|spe|1\n|\n|-weather|none\n|upkeep\n|turn|23\n|\n|t:|1619704956\n|-start|p1a: Butterfree|Dynamax\n|-formechange|p1a: Butterfree|Butterfree-Gmax\n|-heal|p1a: Butterfree|456\/486|[silent]\n|-start|p2a: Raichu|Dynamax\n|-heal|p2a: Raichu|466\/466|[silent]\n|move|p1a: Butterfree|G-Max Befuddle|p2a: Raichu\n|-supereffective|p2a: Raichu\n|-damage|p2a: Raichu|44\/466\n|move|p2a: Raichu|Max Lightning|p1a: Butterfree\n|-supereffective|p1a: Butterfree\n|-crit|p1a: Butterfree\n|-damage|p1a: Butterfree|36\/486\n|-fieldstart|move: Electric Terrain\n|\n|upkeep\n|turn|24\n|\n|t:|1619704968\n|move|p2a: Raichu|Max Lightning|p1a: Butterfree\n|-supereffective|p1a: Butterfree\n|-damage|p1a: Butterfree|0 fnt\n|faint|p1a: Butterfree\n|\n|upkeep\n|j| yueniao\n|\n|t:|1619704992\n|switch|p1a: Regirock|Regirock, L84|246\/272\n|-damage|p1a: Regirock|212\/272|[from] Stealth Rock\n|turn|25\n|\n|t:|1619705000\n|move|p2a: Raichu|Max Lightning|p1a: Regirock\n|-damage|p1a: Regirock|53\/272\n|move|p1a: Regirock|Earthquake|p2a: Raichu\n|-supereffective|p2a: Raichu\n|-damage|p2a: Raichu|0 fnt\n|faint|p2a: Raichu\n|\n|-heal|p1a: Regirock|70\/272|[from] item: Leftovers\n|upkeep\n|\n|t:|1619705025\n|switch|p2a: Inteleon|Inteleon, L80, F|23\/243\n|turn|26\n|\n|t:|1619705030\n|move|p2a: Inteleon|Surf|p1a: Regirock\n|-supereffective|p1a: Regirock\n|-damage|p1a: Regirock|0 fnt\n|faint|p1a: Regirock\n|\n|upkeep\n|\n|t:|1619705032\n|switch|p1a: Noivern|Noivern, L82, M|89\/274 tox\n|turn|27\n|j|&WwlWss\n|l|\u2606gostop\n|player|p2|\n|l| Dare to love XKH\n|j|\u2606gostop\n|player|p2|gostop|gostop.gif\n|inactive|Battle timer is ON: inactive players will automatically lose when time's up. (requested by XPSH)\n|\n|t:|1619705115\n|switch|p2a: Heatran|Heatran, L78, F|61\/270 slp\n|move|p1a: Noivern|Hurricane|p2a: Heatran\n|-resisted|p2a: Heatran\n|-damage|p2a: Heatran|9\/270 slp\n|-start|p2a: Heatran|confusion\n|\n|-damage|p1a: Noivern|72\/274 tox|[from] psn\n|-fieldend|move: Electric Terrain\n|upkeep\n|turn|28\n|\n|t:|1619705138\n|switch|p1a: Volcarona|Volcarona, L76, F|254\/254\n|cant|p2a: Heatran|slp\n|\n|upkeep\n|turn|29\n|inactive|gostop has 270 seconds left.\n|l|&WwlWss\n|\n|t:|1619705180\n|switch|p2a: Inteleon|Inteleon, L80, F|23\/243\n|move|p1a: Volcarona|Quiver Dance|p1a: Volcarona\n|-boost|p1a: Volcarona|spa|1\n|-boost|p1a: Volcarona|spd|1\n|-boost|p1a: Volcarona|spe|1\n|\n|upkeep\n|turn|30\n|\n|t:|1619705187\n|move|p1a: Volcarona|Bug Buzz|p2a: Inteleon\n|-damage|p2a: Inteleon|0 fnt\n|faint|p2a: Inteleon\n|\n|upkeep\n|\n|t:|1619705197\n|switch|p2a: Urshifu|Urshifu, L76, M|277\/277\n|turn|31\n|inactive|XPSH has 270 seconds left.\n|\n|t:|1619705240\n|move|p1a: Volcarona|Fire Blast|p2a: Urshifu\n|-damage|p2a: Urshifu|0 fnt\n|faint|p2a: Urshifu\n|\n|upkeep\n|j| fantasy fairytale\n|c|\u2606gostop|gg\n|c|\u2606XPSH|gg\n|inactive|gostop has 240 seconds left.\n|inactive|gostop has 210 seconds left.\n|-message|gostop forfeited.\n|\n|win|XPSH\n","inputlog":">version 6ac133f17449706dde64165108519d74fceb7b37\n>version-origin 3918ebd609a2bd57e0326bf76fca79306b37a61f\n>start {\"formatid\":\"gen8randombattle\",\"seed\":[65170,56216,19492,37071]}\n>player p1 {\"name\":\"XPSH\",\"avatar\":\"youngn\",\"rating\":0,\"seed\":[2040,36593,40797,23384]}\n>player p2 {\"name\":\"gostop\",\"avatar\":\"gostop.gif\",\"rating\":0,\"seed\":[1620,13868,8072,46261]}\n>p1 move dracometeor\n>p2 move aurawheel\n>p1 switch 4\n>p2 move aurawheel\n>p1 move bodypress\n>p2 move partingshot\n>p2 switch 4\n>p1 switch 4\n>p2 move surf\n>p1 move roost\n>p2 switch 5\n>p1 move hurricane\n>p2 move stealthrock\n>p1 move defog\n>p2 move flashcannon\n>p1 move roost\n>p2 move stealthrock\n>p1 move hurricane\n>p2 move toxic\n>p1 move defog\n>p2 move flashcannon\n>p1 switch 5\n>p2 move stealthrock\n>chat \u2606XPSH|t\n>p1 move earthquake\n>p2 switch 6\n>p1 move coil\n>p2 move psychic\n>p1 move bodyslam\n>p2 move psychic\n>p1 move roost\n>p2 move psychic\n>p1 move bodyslam\n>p2 move psychic\n>p2 switch 5\n>p1 move bodyslam\n>p2 move surf\n>p1 switch 3\n>p1 move blizzard\n>p2 move surf\n>p1 move blizzard\n>p2 switch 6\n>p1 move explosion\n>p2 move lavaplume\n>p1 switch 2\n>p1 move sleeppowder\n>p2 move lavaplume\n>p1 move quiverdance\n>p2 switch 2\n>p1 move bugbuzz dynamax\n>p2 move thunderbolt dynamax\n>p1 move airslash dynamax\n>p2 move thunderbolt dynamax\n>p1 switch 4\n>p1 move earthquake\n>p2 move thunderbolt dynamax\n>p2 switch 6\n>p1 move bodypress\n>p2 move surf\n>p1 switch 5\n>p1 move hurricane\n>p2 switch 2\n>p1 switch 6\n>p2 move flashcannon\n>p1 move quiverdance\n>p2 switch 2\n>p1 move bugbuzz\n>p2 move surf\n>p2 switch 3\n>p1 move fireblast\n>p2 move wickedblow\n>chat \u2606gostop|gg\n>chat \u2606XPSH|gg\n>forcelose p2","uploadtime":1619705308,"views":38,"p1id":"xpsh","p2id":"gostop","formatid":"gen8randombattle","rating":0,"private":0,"password":null}