{"id":"china-gen8randombattle-408046","p1":"niaosui","p2":"gostop","format":"gen8randombattle","log":"|j|\u2606niaosui\n|j|\u2606gostop\n|t:|1618318717\n|gametype|singles\n|player|p1|niaosui|dawn|\n|player|p2|gostop|gostop.gif|\n|teamsize|p1|6\n|teamsize|p2|6\n|gen|8\n|tier|[Gen 8] Random Battle\n|rule|Species Clause: Limit one of each Pok\u00e9mon\n|rule|HP Percentage Mod: HP is shown in percentages\n|rule|Sleep Clause Mod: Limit one foe put to sleep\n|\n|t:|1618318717\n|start\n|switch|p1a: Vanilluxe|Vanilluxe, L82, M|251\/251\n|switch|p2a: Drifblim|Drifblim, L84, F|389\/389\n|-weather|Hail|[from] ability: Snow Warning|[of] p1a: Vanilluxe\n|turn|1\n|\n|t:|1618318785\n|move|p2a: Drifblim|Shadow Ball|p1a: Vanilluxe\n|-damage|p1a: Vanilluxe|176\/251\n|move|p1a: Vanilluxe|Aurora Veil|p1a: Vanilluxe\n|-sidestart|p1: niaosui|move: Aurora Veil\n|\n|-weather|Hail|[upkeep]\n|-damage|p2a: Drifblim|365\/389|[from] Hail\n|upkeep\n|turn|2\n|j| XPSH\n|\n|t:|1618318792\n|switch|p2a: Glaceon|Glaceon, L88, M|258\/258\n|move|p1a: Vanilluxe|Blizzard|p2a: Glaceon\n|-resisted|p2a: Glaceon\n|-damage|p2a: Glaceon|202\/258\n|\n|-weather|Hail|[upkeep]\n|-heal|p2a: Glaceon|218\/258|[from] item: Leftovers\n|upkeep\n|turn|3\n|l| XPSH\n|\n|t:|1618318818\n|switch|p1a: Rotom|Rotom-Frost, L84|221\/221\n|move|p2a: Glaceon|Wish|p2a: Glaceon\n|\n|-weather|Hail|[upkeep]\n|-heal|p2a: Glaceon|234\/258|[from] item: Leftovers\n|upkeep\n|turn|4\n|j| XPSH\n|j| wingwin\n|\n|t:|1618318937\n|switch|p2a: Diancie|Diancie, L82|216\/216\n|move|p1a: Rotom|Thunderbolt|p2a: Diancie\n|-damage|p2a: Diancie|147\/216\n|\n|-weather|Hail|[upkeep]\n|-damage|p2a: Diancie|134\/216|[from] Hail\n|-heal|p2a: Diancie|216\/216|[from] move: Wish|[wisher] Glaceon\n|upkeep\n|turn|5\n|l| wingwin\n|\n|t:|1618319000\n|move|p1a: Rotom|Blizzard|p2a: Diancie\n|-damage|p2a: Diancie|125\/216\n|move|p2a: Diancie|Diamond Storm|p1a: Rotom\n|-supereffective|p1a: Rotom\n|-damage|p1a: Rotom|133\/221\n|\n|-weather|none\n|-heal|p2a: Diancie|138\/216|[from] item: Leftovers\n|upkeep\n|turn|6\n|\n|t:|1618319023\n|move|p1a: Rotom|Volt Switch|p2a: Diancie\n|-damage|p2a: Diancie|87\/216\n|\n|t:|1618319028\n|switch|p1a: Landorus|Landorus-Therian, L72, M|247\/247\n|-ability|p1a: Landorus|Intimidate|boost\n|-fail|p2a: Diancie|unboost|[from] ability: Clear Body|[of] p2a: Diancie\n|move|p2a: Diancie|Diamond Storm|p1a: Landorus\n|-damage|p1a: Landorus|193\/247\n|\n|-heal|p2a: Diancie|100\/216|[from] item: Leftovers\n|upkeep\n|turn|7\n|\n|t:|1618319090\n|move|p1a: Landorus|U-turn|p2a: Diancie\n|-resisted|p2a: Diancie\n|-damage|p2a: Diancie|82\/216\n|\n|t:|1618319093\n|switch|p1a: Shiinotic|Shiinotic, L86, F|243\/243\n|move|p2a: Diancie|Toxic|p1a: Shiinotic|[miss]\n|-miss|p2a: Diancie|p1a: Shiinotic\n|\n|-heal|p2a: Diancie|95\/216|[from] item: Leftovers\n|upkeep\n|turn|8\n|j|&WwlWss\n|c|&WwlWss|\u5730\u57df\u8d5b\uff1f\n|\n|t:|1618319138\n|switch|p2a: Venusaur|Venusaur, L82, F|265\/265\n|move|p1a: Shiinotic|Spore|p2a: Venusaur\n|-immune|p2a: Venusaur\n|\n|-sideend|p1: niaosui|move: Aurora Veil\n|upkeep\n|turn|9\n|j| n.Bear\n|j|\u265aChizuru mizuhara\n|\n|t:|1618319153\n|switch|p1a: Vanilluxe|Vanilluxe, L82, M|176\/251\n|-weather|Hail|[from] ability: Snow Warning|[of] p1a: Vanilluxe\n|move|p2a: Venusaur|Substitute|p2a: Venusaur\n|-start|p2a: Venusaur|Substitute\n|-damage|p2a: Venusaur|199\/265\n|\n|-weather|Hail|[upkeep]\n|-damage|p2a: Venusaur|183\/265|[from] Hail\n|-heal|p2a: Venusaur|199\/265|[from] item: Black Sludge\n|upkeep\n|turn|10\n|\n|t:|1618319166\n|move|p2a: Venusaur|Sleep Powder|p1a: Vanilluxe\n|-status|p1a: Vanilluxe|slp|[from] move: Sleep Powder\n|cant|p1a: Vanilluxe|slp\n|\n|-weather|Hail|[upkeep]\n|-damage|p2a: Venusaur|183\/265|[from] Hail\n|-heal|p2a: Venusaur|199\/265|[from] item: Black Sludge\n|upkeep\n|turn|11\n|\n|t:|1618319172\n|switch|p1a: Shiinotic|Shiinotic, L86, F|243\/243\n|move|p2a: Venusaur|Sludge Bomb|p1a: Shiinotic\n|-supereffective|p1a: Shiinotic\n|-damage|p1a: Shiinotic|0 fnt\n|faint|p1a: Shiinotic\n|\n|-weather|Hail|[upkeep]\n|-damage|p2a: Venusaur|183\/265|[from] Hail\n|-heal|p2a: Venusaur|199\/265|[from] item: Black Sludge\n|upkeep\n|\n|t:|1618319180\n|switch|p1a: Rotom|Rotom-Frost, L84|133\/221\n|turn|12\n|j| Chickwaynefans1314\n|l| Chickwaynefans1314\n|\n|t:|1618319202\n|move|p1a: Rotom|Blizzard|p2a: Venusaur\n|-supereffective|p2a: Venusaur\n|-end|p2a: Venusaur|Substitute\n|move|p2a: Venusaur|Sludge Bomb|p1a: Rotom\n|-damage|p1a: Rotom|57\/221\n|\n|-weather|Hail|[upkeep]\n|-damage|p2a: Venusaur|183\/265|[from] Hail\n|-heal|p2a: Venusaur|199\/265|[from] item: Black Sludge\n|upkeep\n|turn|13\n|\n|t:|1618319231\n|switch|p2a: Glaceon|Glaceon, L88, M|234\/258\n|move|p1a: Rotom|Blizzard|p2a: Glaceon\n|-resisted|p2a: Glaceon\n|-damage|p2a: Glaceon|180\/258\n|\n|-weather|none\n|-heal|p2a: Glaceon|196\/258|[from] item: Leftovers\n|upkeep\n|turn|14\n|\n|t:|1618319246\n|move|p1a: Rotom|Volt Switch|p2a: Glaceon\n|-damage|p2a: Glaceon|118\/258\n|\n|t:|1618319248\n|switch|p1a: Doublade|Doublade, L82, F|231\/231\n|move|p2a: Glaceon|Shadow Ball|p1a: Doublade\n|-supereffective|p1a: Doublade\n|-damage|p1a: Doublade|77\/231\n|\n|-heal|p2a: Glaceon|134\/258|[from] item: Leftovers\n|upkeep\n|turn|15\n|\n|t:|1618319268\n|switch|p1a: Vanilluxe|Vanilluxe, L82, M|176\/251 slp\n|-weather|Hail|[from] ability: Snow Warning|[of] p1a: Vanilluxe\n|move|p2a: Glaceon|Shadow Ball|p1a: Vanilluxe\n|-damage|p1a: Vanilluxe|103\/251 slp\n|\n|-weather|Hail|[upkeep]\n|-heal|p2a: Glaceon|150\/258|[from] item: Leftovers\n|upkeep\n|turn|16\n|\n|t:|1618319278\n|cant|p1a: Vanilluxe|slp\n|move|p2a: Glaceon|Shadow Ball|p1a: Vanilluxe\n|-damage|p1a: Vanilluxe|26\/251 slp\n|\n|-weather|Hail|[upkeep]\n|-heal|p2a: Glaceon|166\/258|[from] item: Leftovers\n|upkeep\n|turn|17\n|l| n.Bear\n|\n|t:|1618319284\n|cant|p1a: Vanilluxe|slp\n|move|p2a: Glaceon|Shadow Ball|p1a: Vanilluxe\n|-damage|p1a: Vanilluxe|0 fnt\n|faint|p1a: Vanilluxe\n|\n|-weather|Hail|[upkeep]\n|-heal|p2a: Glaceon|182\/258|[from] item: Leftovers\n|upkeep\n|\n|t:|1618319287\n|switch|p1a: Gengar|Gengar, L80, M|227\/227\n|turn|18\n|\n|t:|1618319339\n|move|p1a: Gengar|Focus Blast|p2a: Glaceon|[miss]\n|-miss|p1a: Gengar|p2a: Glaceon\n|move|p2a: Glaceon|Shadow Ball|p1a: Gengar\n|-supereffective|p1a: Gengar\n|-damage|p1a: Gengar|51\/227\n|-unboost|p1a: Gengar|spd|1\n|\n|-weather|Hail|[upkeep]\n|-damage|p1a: Gengar|37\/227|[from] Hail\n|-heal|p2a: Glaceon|198\/258|[from] item: Leftovers\n|upkeep\n|turn|19\n|j| n.Bear\n|l| n.Bear\n|\n|t:|1618319369\n|move|p1a: Gengar|Focus Blast|p2a: Glaceon|[miss]\n|-miss|p1a: Gengar|p2a: Glaceon\n|move|p2a: Glaceon|Shadow Ball|p1a: Gengar\n|-supereffective|p1a: Gengar\n|-damage|p1a: Gengar|0 fnt\n|faint|p1a: Gengar\n|\n|-weather|none\n|-heal|p2a: Glaceon|214\/258|[from] item: Leftovers\n|upkeep\n|\n|t:|1618319373\n|switch|p1a: Doublade|Doublade, L82, F|77\/231\n|turn|20\n|\n|t:|1618319396\n|move|p1a: Doublade|Shadow Sneak|p2a: Glaceon\n|-damage|p2a: Glaceon|177\/258\n|move|p2a: Glaceon|Shadow Ball|p1a: Doublade\n|-supereffective|p1a: Doublade\n|-damage|p1a: Doublade|0 fnt\n|faint|p1a: Doublade\n|\n|-heal|p2a: Glaceon|193\/258|[from] item: Leftovers\n|upkeep\n|\n|t:|1618319402\n|switch|p1a: Landorus|Landorus-Therian, L72, M|193\/247\n|-ability|p1a: Landorus|Intimidate|boost\n|-unboost|p2a: Glaceon|atk|1\n|turn|21\n|\n|t:|1618319436\n|-start|p1a: Landorus|Dynamax\n|-heal|p1a: Landorus|386\/494|[silent]\n|move|p1a: Landorus|Max Rockfall|p2a: Glaceon\n|-supereffective|p2a: Glaceon\n|-damage|p2a: Glaceon|39\/258\n|-weather|Sandstorm\n|move|p2a: Glaceon|Freeze-Dry|p1a: Landorus\n|-supereffective|p1a: Landorus\n|-damage|p1a: Landorus|0 fnt\n|faint|p1a: Landorus\n|\n|-weather|Sandstorm|[upkeep]\n|-damage|p2a: Glaceon|23\/258|[from] Sandstorm\n|-heal|p2a: Glaceon|39\/258|[from] item: Leftovers\n|upkeep\n|\n|t:|1618319440\n|switch|p1a: Rotom|Rotom-Frost, L84|57\/221\n|turn|22\n|\n|t:|1618319461\n|move|p1a: Rotom|Thunderbolt|p2a: Glaceon\n|-damage|p2a: Glaceon|0 fnt\n|faint|p2a: Glaceon\n|\n|-weather|Sandstorm|[upkeep]\n|-damage|p1a: Rotom|44\/221|[from] Sandstorm\n|upkeep\n|\n|t:|1618319480\n|switch|p2a: Scrafty|Scrafty, L82, F|241\/241\n|turn|23\n|j| n.Bear\n|\n|t:|1618319490\n|-start|p2a: Scrafty|Dynamax\n|-heal|p2a: Scrafty|482\/482|[silent]\n|move|p1a: Rotom|Blizzard|p2a: Scrafty\n|-damage|p2a: Scrafty|376\/482\n|move|p2a: Scrafty|Max Knuckle|p1a: Rotom\n|-supereffective|p1a: Rotom\n|-damage|p1a: Rotom|0 fnt\n|-boost|p2a: Scrafty|atk|1\n|faint|p1a: Rotom\n|\n|win|gostop\n|l| n.Bear\n|c|\u2606niaosui|\u56f4\u5dfe\u571f\u732b\u6211\u50bb\u4e86\n|l| XPSH\n|j| XPSH\n|l| XPSH\n|l|\u2606niaosui\n|j|\u2606niaosui\n|player|p1|niaosui|dawn\n|l|\u2606niaosui\n|player|p1|\n|l|\u265aChizuru mizuhara\n","inputlog":">version 22112daaf1082300e90e36913e64ccd28eebc393\n>version-origin 3918ebd609a2bd57e0326bf76fca79306b37a61f\n>start {\"formatid\":\"gen8randombattle\",\"seed\":[8311,53001,64634,31653]}\n>player p1 {\"name\":\"niaosui\",\"avatar\":\"dawn\",\"rating\":0,\"seed\":[5217,62072,49165,40818]}\n>player p2 {\"name\":\"gostop\",\"avatar\":\"gostop.gif\",\"rating\":0,\"seed\":[52900,32491,17949,60345]}\n>p1 move auroraveil\n>p2 move shadowball\n>p1 move blizzard\n>p2 switch 5\n>p1 switch 3\n>p2 move wish\n>p1 move thunderbolt\n>p2 switch 3\n>p1 move blizzard\n>p2 move diamondstorm\n>p1 move voltswitch\n>p2 move diamondstorm\n>p1 switch 6\n>p1 move uturn\n>p2 move toxic\n>p1 switch 2\n>chat &WwlWss|\u5730\u57df\u8d5b\uff1f\n>p1 move spore\n>p2 switch 6\n>p1 switch 3\n>p2 move substitute\n>p1 move blizzard\n>p2 move sleeppowder\n>p1 switch 3\n>p2 move sludgebomb\n>p1 switch 6\n>p1 move blizzard\n>p2 move sludgebomb\n>p1 move blizzard\n>p2 switch 3\n>p1 move voltswitch\n>p2 move shadowball\n>p1 switch 5\n>p1 switch 3\n>p2 move shadowball\n>p1 move explosion\n>p2 move shadowball\n>p1 move explosion\n>p2 move shadowball\n>p1 switch 4\n>p1 move focusblast\n>p2 move shadowball\n>p1 move focusblast\n>p2 move shadowball\n>p1 switch 3\n>p1 move shadowsneak\n>p2 move shadowball\n>p1 switch 2\n>p1 move stoneedge dynamax\n>p2 move freezedry\n>p1 switch 5\n>p1 move thunderbolt\n>p2 move shadowball\n>p2 switch 4\n>p1 move blizzard\n>p2 move closecombat dynamax","uploadtime":1618319520,"views":33,"p1id":"niaosui","p2id":"gostop","formatid":"gen8randombattle","rating":0,"private":0,"password":null}