{"id":"china-gen8freeforallrandombattle-399306","p1":"Swordsman.N","p2":"lunan0713","format":"gen8freeforallrandombattle","log":"|uhtml|invites|<div class=\"broadcast broadcast-blue\"><strong>This is a 4-player challenge battle<\/strong><br \/>The players will need to add more players before the battle can start.<\/div>\n|j|\u2606Swordsman.N\n|j|\u2606lunan0713\n|t:|1617709657\n|gametype|freeforall\n|player|p1|Swordsman.N|249|\n|player|p2|lunan0713|juan|\n||Invite sent to Zinc98!\n||Invite sent to pekyo!\n|j| pekyo\n|n|\u2606pekyo|pekyo\n|n|\u2606pekyo|pekyo\n|player|p4|pekyo|101\n|player|p4|pekyo|101|\n|j| Zinc98\n|n|\u2606Zinc98|zinc98\n|n|\u2606Zinc98|zinc98\n|player|p3|Zinc98|211\n|uhtmlchange|invites|\n|player|p3|Zinc98|211|\n|teamsize|p1|6\n|teamsize|p2|6\n|teamsize|p3|6\n|teamsize|p4|6\n|gen|8\n|tier|[Gen 8] Free-For-All Random Battle\n|rule|Species Clause: Limit one of each Pok\u00e9mon\n|rule|HP Percentage Mod: HP is shown in percentages\n|rule|Sleep Clause Mod: Limit one foe put to sleep\n|\n|t:|1617709867\n|start\n|switch|p1a: Dugtrio|Dugtrio-Alola, L88, F|205\/205\n|switch|p2a: Steelix|Steelix, L88, F|275\/275\n|switch|p3b: Raichu|Raichu, L88, M|249\/249\n|switch|p4b: Bronzong|Bronzong, L88|261\/261\n|turn|1\n|\n|t:|1617709897\n|switch|p3b: Braviary|Braviary, L82, M|298\/298\n|move|p1a: Dugtrio|Protect|p1a: Dugtrio\n|-singleturn|p1a: Dugtrio|Protect\n|move|p2a: Steelix|Protect|p2a: Steelix\n|-singleturn|p2a: Steelix|Protect\n|move|p4b: Bronzong|Trick Room|p4b: Bronzong\n|-fieldstart|move: Trick Room|[of] p4b: Bronzong\n|\n|upkeep\n|turn|2\n|c|\u2606lunan0713|\u597d\u7a7a\u95f4\n|\n|t:|1617709968\n|switch|p1a: Melmetal|Melmetal, L76|330\/330\n|move|p3b: Braviary|Protect|p3b: Braviary\n|-singleturn|p3b: Braviary|Protect\n|move|p4b: Bronzong|Body Press|p2a: Steelix\n|-supereffective|p2a: Steelix\n|-damage|p2a: Steelix|207\/275\n|move|p2a: Steelix|Head Smash|p3b: Braviary\n|-activate|p3b: Braviary|move: Protect\n|\n|upkeep\n|turn|3\n|\n|t:|1617709985\n|switch|p3b: Hitmontop|Hitmontop, L88, M|231\/231\n|-ability|p3b: Hitmontop|Intimidate|boost\n|-unboost|p1a: Melmetal|atk|1\n|-unboost|p2a: Steelix|atk|1\n|-unboost|p4b: Bronzong|atk|1\n|move|p4b: Bronzong|Body Press|p1a: Melmetal\n|-supereffective|p1a: Melmetal\n|-damage|p1a: Melmetal|216\/330\n|move|p1a: Melmetal|Acid Armor|p1a: Melmetal\n|-boost|p1a: Melmetal|def|2\n|move|p2a: Steelix|High Horsepower|p1a: Melmetal\n|-supereffective|p1a: Melmetal\n|-damage|p1a: Melmetal|166\/330\n|\n|upkeep\n|turn|4\n|c|\u2606pekyo|\u597d\u786c\n|\n|t:|1617710018\n|switch|p4b: Machamp|Machamp, L88, F|302\/302\n|switch|p2a: Dusclops|Dusclops, L84, M|204\/204\n|-item|p1a: Melmetal|Sitrus Berry|[from] ability: Frisk|[of] p2a: Dusclops|[identify]\n|-item|p3b: Hitmontop|Sitrus Berry|[from] ability: Frisk|[of] p2a: Dusclops|[identify]\n|-item|p4b: Machamp|Flame Orb|[from] ability: Frisk|[of] p2a: Dusclops|[identify]\n|move|p3b: Hitmontop|Helping Hand|p2a: Dusclops\n|-singleturn|p2a: Dusclops|Helping Hand|[of] p3b: Hitmontop\n|move|p1a: Melmetal|Body Press|p2a: Dusclops\n|-immune|p2a: Dusclops\n|\n|-status|p4b: Machamp|brn|[from] item: Flame Orb\n|upkeep\n|turn|5\n|j| hfjjfj\n|\n|t:|1617710045\n|switch|p3b: Carbink|Carbink, L90|236\/236\n|move|p2a: Dusclops|Haze|p2a: Dusclops\n|-clearallboost\n|move|p1a: Melmetal|Body Press|p4b: Machamp\n|-damage|p4b: Machamp|234\/302 brn\n|move|p4b: Machamp|Knock Off|p1a: Melmetal\n|-damage|p1a: Melmetal|62\/330\n|-enditem|p1a: Melmetal|Sitrus Berry|[from] move: Knock Off|[of] p4b: Machamp\n|\n|-damage|p4b: Machamp|216\/302 brn|[from] brn\n|-fieldend|move: Trick Room\n|upkeep\n|turn|6\n|l| hfjjfj\n|c|\u2606lunan0713|\u9ed1\u96fe\uff01\n|\n|t:|1617710067\n|move|p4b: Machamp|Bullet Punch|p3b: Carbink\n|-supereffective|p3b: Carbink\n|-damage|p3b: Carbink|100\/236\n|-enditem|p3b: Carbink|Sitrus Berry|[eat]\n|-heal|p3b: Carbink|159\/236|[from] item: Sitrus Berry\n|move|p3b: Carbink|Stealth Rock|p4b: Machamp\n|-sidestart|p1: Swordsman.N|move: Stealth Rock\n|-sidestart|p2: lunan0713|move: Stealth Rock\n|-sidestart|p4: pekyo|move: Stealth Rock\n|move|p1a: Melmetal|Double Iron Bash|p4b: Machamp\n|-damage|p4b: Machamp|126\/302 brn\n|-damage|p4b: Machamp|36\/302 brn\n|-hitcount|p4b: Machamp|2\n|move|p2a: Dusclops|Trick Room|p2a: Dusclops\n|-fieldstart|move: Trick Room|[of] p2a: Dusclops\n|\n|-damage|p4b: Machamp|18\/302 brn|[from] brn\n|upkeep\n|turn|7\n|c|\u2606Swordsman.N|\u597d\n|c|\u2606pekyo|\u574f\n|\n|t:|1617710093\n|switch|p4b: Bronzong|Bronzong, L88|261\/261\n|-damage|p4b: Bronzong|245\/261|[from] Stealth Rock\n|move|p1a: Melmetal|Protect|p1a: Melmetal\n|-singleturn|p1a: Melmetal|Protect\n|move|p2a: Dusclops|Night Shade|p1a: Melmetal\n|-activate|p1a: Melmetal|move: Protect\n|move|p3b: Carbink|Iron Defense|p3b: Carbink\n|-boost|p3b: Carbink|def|2\n|\n|upkeep\n|turn|8\n|\n|t:|1617710114\n|move|p2a: Dusclops|Helping Hand|p4b: Bronzong\n|-singleturn|p4b: Bronzong|Helping Hand|[of] p2a: Dusclops\n|move|p4b: Bronzong|Body Press|p1a: Melmetal\n|-supereffective|p1a: Melmetal\n|-damage|p1a: Melmetal|0 fnt\n|faint|p1a: Melmetal\n|move|p3b: Carbink|Body Press|p4b: Bronzong\n|-damage|p4b: Bronzong|95\/261\n|-enditem|p4b: Bronzong|Sitrus Berry|[eat]\n|-heal|p4b: Bronzong|160\/261|[from] item: Sitrus Berry\n|\n|upkeep\n|\n|t:|1617710137\n|switch|p1a: Dugtrio|Dugtrio-Alola, L88, F|205\/205\n|-damage|p1a: Dugtrio|199\/205|[from] Stealth Rock\n|turn|9\n|\n|t:|1617710144\n|move|p2a: Dusclops|Helping Hand|p3b: Carbink\n|-singleturn|p3b: Carbink|Helping Hand|[of] p2a: Dusclops\n|move|p1a: Dugtrio|Protect|p1a: Dugtrio\n|-singleturn|p1a: Dugtrio|Protect\n|move|p4b: Bronzong|Iron Head|p3b: Carbink\n|-supereffective|p3b: Carbink\n|-crit|p3b: Carbink\n|-damage|p3b: Carbink|0 fnt\n|faint|p3b: Carbink\n|\n|upkeep\n|\n|t:|1617710152\n|switch|p3b: Hitmontop|Hitmontop, L88, M|231\/231\n|-ability|p3b: Hitmontop|Intimidate|boost\n|-unboost|p1a: Dugtrio|atk|1\n|-unboost|p2a: Dusclops|atk|1\n|-unboost|p4b: Bronzong|atk|1\n|turn|10\n|\n|t:|1617710173\n|switch|p1a: Whimsicott|Whimsicott, L82, M|233\/233\n|-damage|p1a: Whimsicott|204\/233|[from] Stealth Rock\n|move|p2a: Dusclops|Helping Hand|p1a: Whimsicott\n|-singleturn|p1a: Whimsicott|Helping Hand|[of] p2a: Dusclops\n|move|p4b: Bronzong|Body Press|p1a: Whimsicott\n|-resisted|p1a: Whimsicott\n|-damage|p1a: Whimsicott|169\/233\n|move|p3b: Hitmontop|Close Combat|p4b: Bronzong\n|-damage|p4b: Bronzong|61\/261\n|-unboost|p3b: Hitmontop|def|1\n|-unboost|p3b: Hitmontop|spd|1\n|\n|-fieldend|move: Trick Room\n|upkeep\n|turn|11\n|\n|t:|1617710211\n|switch|p4b: Machamp|Machamp, L88, F|18\/302 brn\n|-damage|p4b: Machamp|0 fnt|[from] Stealth Rock\n|faint|p4b: Machamp\n|move|p3b: Hitmontop|Sucker Punch|p4: Machamp|[notarget]\n|-fail|p3b: Hitmontop\n|move|p1a: Whimsicott|Moonblast|p3b: Hitmontop\n|-supereffective|p3b: Hitmontop\n|-damage|p3b: Hitmontop|37\/231\n|-unboost|p3b: Hitmontop|spa|1\n|-enditem|p3b: Hitmontop|Sitrus Berry|[eat]\n|-heal|p3b: Hitmontop|94\/231|[from] item: Sitrus Berry\n|move|p2a: Dusclops|Night Shade|p3b: Hitmontop\n|-damage|p3b: Hitmontop|10\/231\n|\n|upkeep\n|\n|t:|1617710248\n|switch|p4b: Tangrowth|Tangrowth, L85, M|309\/309\n|-damage|p4b: Tangrowth|271\/309|[from] Stealth Rock\n|turn|12\n|\n|t:|1617710274\n|move|p3b: Hitmontop|Helping Hand|p4b: Tangrowth\n|-singleturn|p4b: Tangrowth|Helping Hand|[of] p3b: Hitmontop\n|move|p1a: Whimsicott|Moonblast|p4b: Tangrowth\n|-damage|p4b: Tangrowth|148\/309\n|-enditem|p4b: Tangrowth|Sitrus Berry|[eat]\n|-heal|p4b: Tangrowth|225\/309|[from] item: Sitrus Berry\n|move|p4b: Tangrowth|Knock Off|p3b: Hitmontop\n|-resisted|p3b: Hitmontop\n|-damage|p3b: Hitmontop|0 fnt\n|faint|p3b: Hitmontop\n|move|p2a: Dusclops|Trick Room|p2a: Dusclops\n|-fieldstart|move: Trick Room|[of] p2a: Dusclops\n|\n|upkeep\n|\n|t:|1617710289\n|switch|p3b: Mr. Mime|Mr. Mime-Galar, L86, F|226\/226\n|turn|13\n|\n|t:|1617710331\n|switch|p4b: Bronzong|Bronzong, L88|61\/261\n|-damage|p4b: Bronzong|45\/261|[from] Stealth Rock\n|switch|p1a: Bewear|Bewear, L88, M|354\/354\n|-damage|p1a: Bewear|332\/354|[from] Stealth Rock\n|move|p2a: Dusclops|Helping Hand|p3b: Mr. Mime\n|-singleturn|p3b: Mr. Mime|Helping Hand|[of] p2a: Dusclops\n|move|p3b: Mr. Mime|Fake Out|p4b: Bronzong\n|-resisted|p4b: Bronzong\n|-damage|p4b: Bronzong|32\/261\n|\n|upkeep\n|turn|14\n|c|\u2606pekyo|\u6709\u4eba\u4e00\u76f4\u9b54\u57df\uff0c\u4f46\u6211\u4e0d\u8bf4\u4ed6\u662f\u8c01\n|\n|t:|1617710364\n|switch|p2a: Steelix|Steelix, L88, F|207\/275\n|-damage|p2a: Steelix|199\/275|[from] Stealth Rock\n|move|p3b: Mr. Mime|Protect|p3b: Mr. Mime\n|-singleturn|p3b: Mr. Mime|Protect\n|move|p4b: Bronzong|Body Press|p1a: Bewear\n|-supereffective|p1a: Bewear\n|-damage|p1a: Bewear|256\/354\n|move|p1a: Bewear|Darkest Lariat|p3b: Mr. Mime\n|-activate|p3b: Mr. Mime|move: Protect\n|\n|upkeep\n|turn|15\n|\n|t:|1617710385\n|switch|p3b: Raichu|Raichu, L88, M|249\/249\n|move|p4b: Bronzong|Explosion|p3b: Raichu|[spread] p1a,p2a,p3b\n|-resisted|p2a: Steelix\n|-damage|p1a: Bewear|163\/354\n|-damage|p2a: Steelix|177\/275\n|-damage|p3b: Raichu|120\/249\n|-enditem|p3b: Raichu|Sitrus Berry|[eat]\n|-heal|p3b: Raichu|182\/249|[from] item: Sitrus Berry\n|faint|p4b: Bronzong\n|move|p2a: Steelix|Head Smash|p3b: Raichu\n|-damage|p3b: Raichu|33\/249\n|move|p1a: Bewear|Darkest Lariat|p3b: Raichu\n|-damage|p3b: Raichu|0 fnt\n|-damage|p1a: Bewear|128\/354|[from] item: Life Orb\n|faint|p3b: Raichu\n|\n|upkeep\n|\n|t:|1617710406\n|switch|p4b: Tangrowth|Tangrowth, L85, M|309\/309\n|switch|p3b: Mr. Mime|Mr. Mime-Galar, L86, F|226\/226\n|-damage|p4b: Tangrowth|271\/309|[from] Stealth Rock\n|turn|16\n|\n|t:|1617710432\n|move|p3b: Mr. Mime|Fake Out|p2a: Steelix\n|-resisted|p2a: Steelix\n|-damage|p2a: Steelix|172\/275\n|cant|p2a: Steelix|flinch\n|move|p4b: Tangrowth|Focus Blast|p2a: Steelix\n|-supereffective|p2a: Steelix\n|-damage|p2a: Steelix|0 fnt\n|faint|p2a: Steelix\n|move|p1a: Bewear|Drain Punch|p2: Steelix|[notarget]\n|-fail|p1a: Bewear\n|\n|-fieldend|move: Trick Room\n|upkeep\n|\n|t:|1617710447\n|switch|p2a: Victini|Victini, L82|298\/298\n|-damage|p2a: Victini|224\/298|[from] Stealth Rock\n|turn|17\n|\n|t:|1617710458\n|switch|p4b: Slowbro|Slowbro, L84, M|297\/297\n|-damage|p4b: Slowbro|260\/297|[from] Stealth Rock\n|move|p2a: Victini|Protect|p2a: Victini\n|-singleturn|p2a: Victini|Protect\n|move|p1a: Bewear|Protect|p1a: Bewear\n|-singleturn|p1a: Bewear|Protect\n|move|p3b: Mr. Mime|Focus Blast|p1a: Bewear\n|-activate|p1a: Bewear|move: Protect\n|\n|upkeep\n|turn|18\n|\n|t:|1617710483\n|move|p3b: Mr. Mime|Protect|p3b: Mr. Mime\n|-singleturn|p3b: Mr. Mime|Protect\n|move|p2a: Victini|U-turn|p3b: Mr. Mime\n|-activate|p3b: Mr. Mime|move: Protect\n|move|p1a: Bewear|High Horsepower|p2a: Victini\n|-supereffective|p2a: Victini\n|-damage|p2a: Victini|0 fnt\n|-damage|p1a: Bewear|93\/354|[from] item: Life Orb\n|faint|p2a: Victini\n|move|p4b: Slowbro|Psychic|p1a: Bewear\n|-supereffective|p1a: Bewear\n|-damage|p1a: Bewear|0 fnt\n|faint|p1a: Bewear\n|\n|upkeep\n|\n|t:|1617710501\n|switch|p2a: Dusclops|Dusclops, L84, M|204\/204\n|switch|p1a: Whimsicott|Whimsicott, L82, M|169\/233\n|-damage|p1a: Whimsicott|140\/233|[from] Stealth Rock\n|-damage|p2a: Dusclops|179\/204|[from] Stealth Rock\n|-item|p1a: Whimsicott|Sitrus Berry|[from] ability: Frisk|[of] p2a: Dusclops|[identify]\n|-item|p3b: Mr. Mime|Eviolite|[from] ability: Frisk|[of] p2a: Dusclops|[identify]\n|-item|p4b: Slowbro|Sitrus Berry|[from] ability: Frisk|[of] p2a: Dusclops|[identify]\n|turn|19\n|l|\u2606lunan0713\n|player|p2|\n|j|\u2606lunan0713\n|player|p2|lunan0713|juan\n|\n|t:|1617710565\n|switch|p4b: Tangrowth|Tangrowth, L85, M|309\/309\n|-damage|p4b: Tangrowth|271\/309|[from] Stealth Rock\n|move|p1a: Whimsicott|Energy Ball|p4b: Tangrowth\n|-resisted|p4b: Tangrowth\n|-damage|p4b: Tangrowth|220\/309\n|move|p3b: Mr. Mime|Freeze-Dry|p1a: Whimsicott\n|-supereffective|p1a: Whimsicott\n|-damage|p1a: Whimsicott|0 fnt\n|faint|p1a: Whimsicott\n|move|p2a: Dusclops|Trick Room|p2a: Dusclops\n|-fieldstart|move: Trick Room|[of] p2a: Dusclops\n|\n|upkeep\n|\n|t:|1617710585\n|switch|p1a: Dugtrio|Dugtrio-Alola, L88, F|199\/205\n|-damage|p1a: Dugtrio|193\/205|[from] Stealth Rock\n|turn|20\n|\n|t:|1617710604\n|move|p2a: Dusclops|Helping Hand|p1a: Dugtrio\n|-singleturn|p1a: Dugtrio|Helping Hand|[of] p2a: Dusclops\n|move|p3b: Mr. Mime|Protect|p3b: Mr. Mime\n|-singleturn|p3b: Mr. Mime|Protect\n|move|p1a: Dugtrio|Protect|p1a: Dugtrio\n|-singleturn|p1a: Dugtrio|Protect\n|move|p4b: Tangrowth|Knock Off|p2a: Dusclops\n|-supereffective|p2a: Dusclops\n|-damage|p2a: Dusclops|103\/204\n|-enditem|p2a: Dusclops|Eviolite|[from] move: Knock Off|[of] p4b: Tangrowth\n|\n|upkeep\n|turn|21\n|\n|t:|1617710634\n|switch|p4b: Slowbro|Slowbro, L84, M|297\/297\n|-damage|p4b: Slowbro|260\/297|[from] Stealth Rock\n|move|p2a: Dusclops|Helping Hand|p1a: Dugtrio\n|-singleturn|p1a: Dugtrio|Helping Hand|[of] p2a: Dusclops\n|move|p3b: Mr. Mime|Freeze-Dry|p4b: Slowbro\n|-supereffective|p4b: Slowbro\n|-damage|p4b: Slowbro|104\/297\n|-enditem|p4b: Slowbro|Sitrus Berry|[eat]\n|-heal|p4b: Slowbro|178\/297|[from] item: Sitrus Berry\n|move|p1a: Dugtrio|Iron Head|p3b: Mr. Mime\n|-supereffective|p3b: Mr. Mime\n|-damage|p3b: Mr. Mime|0 fnt\n|-damage|p1a: Dugtrio|173\/205|[from] item: Life Orb\n|faint|p3b: Mr. Mime\n|\n|upkeep\n|\n|t:|1617710648\n|switch|p3b: Braviary|Braviary, L82, M|298\/298\n|turn|22\n|\n|t:|1617710679\n|move|p2a: Dusclops|Helping Hand|p3b: Braviary\n|-singleturn|p3b: Braviary|Helping Hand|[of] p2a: Dusclops\n|move|p1a: Dugtrio|Protect|p1a: Dugtrio\n|-singleturn|p1a: Dugtrio|Protect\n|move|p4b: Slowbro|Slack Off|p4b: Slowbro\n|-heal|p4b: Slowbro|297\/297\n|move|p3b: Braviary|Brave Bird|p2a: Dusclops\n|-damage|p2a: Dusclops|0 fnt\n|-damage|p3b: Braviary|264\/298|[from] Recoil\n|faint|p2a: Dusclops\n|\n|upkeep\n|\n|t:|1617710696\n|switch|p2a: Clefable|Clefable, L86, M|304\/304\n|turn|23\n|\n|t:|1617710707\n|move|p3b: Braviary|Protect|p3b: Braviary\n|-singleturn|p3b: Braviary|Protect\n|move|p4b: Slowbro|Ice Beam|p3b: Braviary\n|-activate|p3b: Braviary|move: Protect\n|move|p2a: Clefable|Moonblast|p4b: Slowbro\n|-damage|p4b: Slowbro|195\/297\n|move|p1a: Dugtrio|High Horsepower|p4b: Slowbro\n|-damage|p4b: Slowbro|59\/297\n|-damage|p1a: Dugtrio|153\/205|[from] item: Life Orb\n|\n|-fieldend|move: Trick Room\n|upkeep\n|turn|24\n|\n|t:|1617710734\n|switch|p4b: Greedent|Greedent, L88, M|354\/354\n|-damage|p4b: Greedent|310\/354|[from] Stealth Rock\n|move|p1a: Dugtrio|Rock Slide|p4b: Greedent|[spread] p2a,p3b,p4b\n|-supereffective|p3b: Braviary\n|-damage|p2a: Clefable|259\/304\n|-damage|p3b: Braviary|168\/298\n|-damage|p4b: Greedent|275\/354\n|-damage|p1a: Dugtrio|133\/205|[from] item: Life Orb\n|move|p3b: Braviary|Brave Bird|p2a: Clefable\n|-damage|p2a: Clefable|88\/304\n|-enditem|p2a: Clefable|Sitrus Berry|[eat]\n|-heal|p2a: Clefable|164\/304|[from] item: Sitrus Berry\n|-damage|p3b: Braviary|112\/298|[from] Recoil\n|-enditem|p3b: Braviary|Sitrus Berry|[eat]\n|-heal|p3b: Braviary|186\/298|[from] item: Sitrus Berry\n|move|p2a: Clefable|Moonblast|p4b: Greedent\n|-damage|p4b: Greedent|155\/354\n|-unboost|p4b: Greedent|spa|1\n|-enditem|p4b: Greedent|Sitrus Berry|[eat]\n|-heal|p4b: Greedent|243\/354|[from] item: Sitrus Berry\n|-heal|p4b: Greedent|354\/354|[from] ability: Cheek Pouch\n|\n|upkeep\n|turn|25\n|\n|t:|1617710778\n|move|p3b: Braviary|Protect|p3b: Braviary\n|-singleturn|p3b: Braviary|Protect\n|move|p1a: Dugtrio|Iron Head|p3b: Braviary\n|-activate|p3b: Braviary|move: Protect\n|move|p2a: Clefable|Moonblast|p3b: Braviary\n|-activate|p3b: Braviary|move: Protect\n|move|p4b: Greedent|Body Slam|p2a: Clefable\n|-damage|p2a: Clefable|58\/304\n|\n|upkeep\n|turn|26\n|\n|t:|1617710794\n|move|p4b: Greedent|Protect|p4b: Greedent\n|-singleturn|p4b: Greedent|Protect\n|move|p1a: Dugtrio|Rock Slide|p2a: Clefable|[spread] p2a,p3b\n|-activate|p4b: Greedent|move: Protect\n|-supereffective|p3b: Braviary\n|-damage|p2a: Clefable|16\/304\n|-damage|p3b: Braviary|105\/298\n|-damage|p1a: Dugtrio|113\/205|[from] item: Life Orb\n|move|p3b: Braviary|Close Combat|p4b: Greedent\n|-activate|p4b: Greedent|move: Protect\n|move|p2a: Clefable|Moonblast|p3b: Braviary\n|-damage|p3b: Braviary|0 fnt\n|faint|p3b: Braviary\n|\n|upkeep\n|\n|t:|1617710811\n|switch|p3b: Kyurem|Kyurem-White, L72|299\/299\n|-ability|p3b: Kyurem|Turboblaze\n|turn|27\n|c|\u2606Swordsman.N|\uff1f\n|c|\u2606lunan0713|?\n|c|\u2606pekyo|\uff1f\n|\n|t:|1617710847\n|-start|p3b: Kyurem|Dynamax\n|-heal|p3b: Kyurem|598\/598|[silent]\n|move|p1a: Dugtrio|Iron Head|p3b: Kyurem\n|-supereffective|p3b: Kyurem\n|-damage|p3b: Kyurem|315\/598\n|-damage|p1a: Dugtrio|93\/205|[from] item: Life Orb\n|move|p3b: Kyurem|Max Hailstorm|p1a: Dugtrio\n|-damage|p1a: Dugtrio|0 fnt\n|-weather|Hail\n|faint|p1a: Dugtrio\n|move|p2a: Clefable|Moonblast|p3b: Kyurem\n|-supereffective|p3b: Kyurem\n|-damage|p3b: Kyurem|85\/598\n|-unboost|p3b: Kyurem|spa|1\n|move|p4b: Greedent|Stomping Tantrum|p1: Dugtrio|[notarget]\n|-fail|p4b: Greedent\n|\n|-weather|Hail|[upkeep]\n|-damage|p4b: Greedent|332\/354|[from] Hail\n|upkeep\n|\n|t:|1617710863\n|switch|p1a: Inteleon|Inteleon, L84, M|255\/255\n|-damage|p1a: Inteleon|224\/255|[from] Stealth Rock\n|turn|28\n|\n|t:|1617710889\n|move|p1a: Inteleon|Focus Energy|p1a: Inteleon\n|-start|p1a: Inteleon|move: Focus Energy\n|move|p3b: Kyurem|Max Wyrmwind|p4b: Greedent\n|-crit|p4b: Greedent\n|-damage|p4b: Greedent|44\/354\n|-unboost|p1a: Inteleon|atk|1\n|-unboost|p2a: Clefable|atk|1\n|-unboost|p4b: Greedent|atk|1\n|move|p2a: Clefable|Heal Pulse|p3b: Kyurem\n|-heal|p3b: Kyurem|235\/598\n|move|p4b: Greedent|Body Slam|p1a: Inteleon\n|-damage|p1a: Inteleon|142\/255\n|\n|-weather|Hail|[upkeep]\n|-damage|p1a: Inteleon|127\/255|[from] Hail\n|-damage|p4b: Greedent|22\/354|[from] Hail\n|upkeep\n|turn|29\n|\n|t:|1617710910\n|move|p4b: Greedent|Protect|p4b: Greedent\n|-singleturn|p4b: Greedent|Protect\n|move|p1a: Inteleon|Muddy Water|p3b: Kyurem|[spread] p2a\n|-activate|p4b: Greedent|move: Protect\n|-miss|p1a: Inteleon|p3b: Kyurem\n|-crit|p2a: Clefable\n|-damage|p2a: Clefable|0 fnt\n|faint|p2a: Clefable\n|move|p3b: Kyurem|Max Flare|p1a: Inteleon\n|-resisted|p1a: Inteleon\n|-damage|p1a: Inteleon|82\/255\n|-weather|SunnyDay\n|\n|-weather|SunnyDay|[upkeep]\n|-end|p3b: Kyurem|Dynamax\n|-heal|p3b: Kyurem|118\/299|[silent]\n|upkeep\n|\n|t:|1617710935\n|switch|p2a: Palossand|Palossand, L88, M|293\/293\n|-damage|p2a: Palossand|275\/293|[from] Stealth Rock\n|turn|30\n|\n|t:|1617710954\n|move|p1a: Inteleon|Ice Beam|p2a: Palossand\n|-supereffective|p2a: Palossand\n|-crit|p2a: Palossand\n|-damage|p2a: Palossand|0 fnt\n|faint|p2a: Palossand\n|move|p3b: Kyurem|Freeze-Dry|p1a: Inteleon\n|-supereffective|p1a: Inteleon\n|-damage|p1a: Inteleon|0 fnt\n|faint|p1a: Inteleon\n|move|p4b: Greedent|Crunch|p2: Palossand|[notarget]\n|-fail|p4b: Greedent\n|\n|-weather|SunnyDay|[upkeep]\n|upkeep\n|\n|t:|1617710966\n|switch|p1a: Kyurem|Kyurem-Black, L75|311\/311\n|switch|p2a: Lycanroc|Lycanroc-Dusk, L80, M|251\/251\n|-damage|p2a: Lycanroc|220\/251|[from] Stealth Rock\n|-damage|p1a: Kyurem|234\/311|[from] Stealth Rock\n|-ability|p1a: Kyurem|Teravolt\n|turn|31\n|c|\u2606lunan0713|?\n|c|\u2606pekyo|\uff1f\n|\n|t:|1617710987\n|-start|p2a: Lycanroc|Dynamax\n|-heal|p2a: Lycanroc|440\/502|[silent]\n|move|p1a: Kyurem|Protect|p1a: Kyurem\n|-singleturn|p1a: Kyurem|Protect\n|move|p4b: Greedent|Protect|p4b: Greedent\n|-singleturn|p4b: Greedent|Protect\n|move|p2a: Lycanroc|Max Rockfall|p1a: Kyurem\n|-supereffective|p1a: Kyurem\n|-zbroken|p1a: Kyurem\n|-damage|p1a: Kyurem|141\/311\n|-weather|Sandstorm\n|-enditem|p1a: Kyurem|Sitrus Berry|[eat]\n|-heal|p1a: Kyurem|218\/311|[from] item: Sitrus Berry\n|-damage|p2a: Lycanroc|415\/502|[from] item: Life Orb\n|move|p3b: Kyurem|Freeze-Dry|p1a: Kyurem\n|-activate|p1a: Kyurem|move: Protect\n|\n|-weather|Sandstorm|[upkeep]\n|-damage|p1a: Kyurem|199\/311|[from] Sandstorm\n|-damage|p3b: Kyurem|100\/299|[from] Sandstorm\n|-damage|p4b: Greedent|0 fnt|[from] Sandstorm\n|faint|p4b: Greedent\n|upkeep\n|c|\u2606Swordsman.N|\uff1f\n|c|\u2606Zinc98|\u592a\u602a\u4e86\n|\n|t:|1617711014\n|switch|p4b: Slowbro|Slowbro, L84, M|158\/297\n|-damage|p4b: Slowbro|121\/297|[from] Stealth Rock\n|turn|32\n|\n|t:|1617711022\n|-start|p1a: Kyurem|Dynamax\n|-heal|p1a: Kyurem|398\/622|[silent]\n|move|p1a: Kyurem|Max Guard||[still]\n|-fail|p1a: Kyurem\n|move|p2a: Lycanroc|Max Rockfall|p4b: Slowbro\n|-damage|p4b: Slowbro|11\/297\n|-damage|p2a: Lycanroc|390\/502|[from] item: Life Orb\n|move|p3b: Kyurem|Freeze-Dry|p1a: Kyurem\n|-damage|p1a: Kyurem|304\/622\n|move|p4b: Slowbro|Slack Off|p4b: Slowbro\n|-heal|p4b: Slowbro|160\/297\n|\n|-weather|Sandstorm|[upkeep]\n|-damage|p1a: Kyurem|285\/622|[from] Sandstorm\n|-damage|p3b: Kyurem|82\/299|[from] Sandstorm\n|-damage|p4b: Slowbro|142\/297|[from] Sandstorm\n|upkeep\n|turn|33\n|\n|t:|1617711045\n|move|p2a: Lycanroc|Max Knuckle|p1a: Kyurem\n|-supereffective|p1a: Kyurem\n|-damage|p1a: Kyurem|106\/622\n|-boost|p2a: Lycanroc|atk|1\n|-damage|p2a: Lycanroc|365\/502|[from] item: Life Orb\n|move|p1a: Kyurem|Max Wyrmwind|p2a: Lycanroc\n|-damage|p2a: Lycanroc|139\/502\n|-unboost|p2a: Lycanroc|atk|1\n|-unboost|p3b: Kyurem|atk|1\n|-unboost|p4b: Slowbro|atk|1\n|move|p3b: Kyurem|Freeze-Dry|p1a: Kyurem\n|-damage|p1a: Kyurem|10\/622\n|move|p4b: Slowbro|Slack Off|p4b: Slowbro\n|-heal|p4b: Slowbro|291\/297\n|\n|-weather|Sandstorm|[upkeep]\n|-damage|p1a: Kyurem|0 fnt|[from] Sandstorm\n|-damage|p3b: Kyurem|64\/299|[from] Sandstorm\n|-damage|p4b: Slowbro|273\/297|[from] Sandstorm\n|faint|p1a: Kyurem\n|-end|p2a: Lycanroc|Dynamax\n|-heal|p2a: Lycanroc|70\/251|[silent]\n|upkeep\n|turn|34\n|c|\u2606Swordsman.N|\u76f8\u714e\u4f55\u592a\u6025\n|c|\u2606lunan0713|N\u805a\u2014\u2014\n|\n|t:|1617711080\n|move|p2a: Lycanroc|Rock Slide|p4b: Slowbro|[spread] p3b,p4b\n|-supereffective|p3b: Kyurem\n|-damage|p3b: Kyurem|0 fnt\n|-damage|p4b: Slowbro|229\/297\n|-damage|p2a: Lycanroc|45\/251|[from] item: Life Orb\n|faint|p3b: Kyurem\n|move|p4b: Slowbro|Psychic|p3: Kyurem|[notarget]\n|-fail|p4b: Slowbro\n|\n|-weather|Sandstorm|[upkeep]\n|-damage|p4b: Slowbro|211\/297|[from] Sandstorm\n|upkeep\n|turn|35\n|c|\u2606Zinc98|\u4f60\u6bd4\u6211\u5927\uff0c\u6211\u8981\u6253\u4f60\n|c|\u2606pekyo|xs\n|c|\u2606lunan0713|\u574f\u4e86\n|\n|t:|1617711100\n|move|p2a: Lycanroc|Rock Slide|p4b: Slowbro\n|-damage|p4b: Slowbro|114\/297\n|-damage|p2a: Lycanroc|20\/251|[from] item: Life Orb\n|move|p4b: Slowbro|Scald|p2a: Lycanroc\n|-supereffective|p2a: Lycanroc\n|-damage|p2a: Lycanroc|0 fnt\n|faint|p2a: Lycanroc\n|\n|win|pekyo\n","inputlog":">version a4193701ad7eaf58faa2476ce8ad2b90abb9acfa\n>version-origin 3918ebd609a2bd57e0326bf76fca79306b37a61f\n>start {\"formatid\":\"gen8freeforallrandombattle\",\"seed\":[11216,39898,29677,27535]}\n>player p1 {\"name\":\"Swordsman.N\",\"avatar\":\"249\",\"rating\":0,\"seed\":[48152,62641,62692,5982]}\n>player p2 {\"name\":\"lunan0713\",\"avatar\":\"juan\",\"rating\":0,\"seed\":[33709,542,65459,20348]}\n>player p4 {\"name\":\"pekyo\",\"avatar\":101,\"seed\":[47005,32028,8788,38060]}\n>player p3 {\"name\":\"Zinc98\",\"avatar\":\"211\",\"seed\":[48594,31026,21425,33977]}\n>p1 move protect\n>p2 move protect\n>p3 switch 6\n>p4 move trickroom\n>chat \u2606lunan0713|\u597d\u7a7a\u95f4\n>p1 switch 5\n>p2 move headsmash\n>p3 move protect\n>p4 move bodypress\n>p1 move acidarmor\n>p2 move highhorsepower\n>p3 switch 2\n>p4 move bodypress\n>chat \u2606pekyo|\u597d\u786c\n>p1 move bodypress\n>p2 switch 2\n>p3 move helpinghand\n>p4 switch 5\n>p1 move bodypress\n>p2 move haze\n>p3 switch 4\n>p4 move knockoff\n>chat \u2606lunan0713|\u9ed1\u96fe\uff01\n>p1 move doubleironbash\n>p2 move trickroom\n>p3 move stealthrock\n>p4 move bulletpunch\n>chat \u2606Swordsman.N|\u597d\n>chat \u2606pekyo|\u574f\n>p1 move protect\n>p2 move nightshade\n>p3 move irondefense\n>p4 switch 5\n>p1 move doubleironbash\n>p2 move helpinghand\n>p3 move bodypress\n>p4 move bodypress\n>p1 switch 5\n>p1 move protect\n>p2 move helpinghand\n>p3 move bodypress\n>p4 move ironhead\n>p3 switch 4\n>p1 switch 2\n>p2 move helpinghand\n>p3 move closecombat\n>p4 move bodypress\n>p1 move moonblast\n>p2 move nightshade\n>p3 move suckerpunch\n>p4 switch 5\n>p4 switch 4\n>p1 move moonblast\n>p2 move trickroom\n>p3 move helpinghand\n>p4 move knockoff\n>p3 switch 5\n>p1 switch 4\n>p2 move helpinghand\n>p3 move fakeout\n>p4 switch 5\n>chat \u2606pekyo|\u6709\u4eba\u4e00\u76f4\u9b54\u57df\uff0c\u4f46\u6211\u4e0d\u8bf4\u4ed6\u662f\u8c01\n>p1 move darkestlariat\n>p2 switch 2\n>p3 move protect\n>p4 move bodypress\n>p1 move darkestlariat\n>p2 move headsmash\n>p3 switch 6\n>p4 move explosion\n>p3 switch 6\n>p4 switch 5\n>p1 move drainpunch\n>p2 move highhorsepower\n>p3 move fakeout\n>p4 move focusblast\n>p2 switch 3\n>p1 move protect\n>p2 move protect\n>p3 move focusblast\n>p4 switch 2\n>p1 move highhorsepower\n>p2 move uturn\n>p3 move protect\n>p4 move psychic\n>p1 switch 4\n>p2 switch 2\n>p1 move energyball\n>p2 move trickroom\n>p3 move freezedry\n>p4 switch 2\n>p1 switch 2\n>p1 move protect\n>p2 move helpinghand\n>p3 move protect\n>p4 move knockoff\n>p1 move ironhead\n>p2 move helpinghand\n>p3 move freezedry\n>p4 switch 2\n>p3 switch 2\n>p1 move protect\n>p2 move helpinghand\n>p3 move bravebird\n>p4 move slackoff\n>p2 switch 6\n>p1 move highhorsepower\n>p2 move moonblast\n>p3 move protect\n>p4 move icebeam\n>p1 move rockslide\n>p2 move moonblast\n>p3 move bravebird\n>p4 switch 6\n>p1 move ironhead\n>p2 move moonblast\n>p3 move protect\n>p4 move bodyslam\n>p1 move rockslide\n>p2 move moonblast\n>p3 move closecombat\n>p4 move protect\n>p3 switch 3\n>chat \u2606Swordsman.N|\uff1f\n>chat \u2606lunan0713|?\n>chat \u2606pekyo|\uff1f\n>p1 move ironhead\n>p2 move moonblast\n>p3 move freezedry dynamax\n>p4 move stompingtantrum\n>p1 switch 3\n>p1 move focusenergy\n>p2 move healpulse\n>p3 move dracometeor dynamax\n>p4 move bodyslam\n>p1 move muddywater\n>p2 move moonblast\n>p3 move fusionflare dynamax\n>p4 move protect\n>p2 switch 4\n>p1 move icebeam\n>p2 move shadowball\n>p3 move freezedry\n>p4 move crunch\n>p1 switch 6\n>p2 switch 5\n>chat \u2606lunan0713|?\n>chat \u2606pekyo|\uff1f\n>p1 move protect\n>p2 move rockslide dynamax\n>p3 move freezedry\n>p4 move protect\n>chat \u2606Swordsman.N|\uff1f\n>chat \u2606Zinc98|\u592a\u602a\u4e86\n>p4 switch 6\n>p1 move protect dynamax\n>p2 move accelerock dynamax\n>p3 move freezedry\n>p4 move slackoff\n>p1 move dragonclaw dynamax\n>p2 move closecombat dynamax\n>p3 move freezedry\n>p4 move slackoff\n>chat \u2606Swordsman.N|\u76f8\u714e\u4f55\u592a\u6025\n>chat \u2606lunan0713|N\u805a\u2014\u2014\n>p2 move rockslide\n>p3 move freezedry\n>p4 move psychic\n>chat \u2606Zinc98|\u4f60\u6bd4\u6211\u5927\uff0c\u6211\u8981\u6253\u4f60\n>chat \u2606pekyo|xs\n>chat \u2606lunan0713|\u574f\u4e86\n>p2 move rockslide\n>p4 move scald","uploadtime":1617711113,"views":5,"p1id":"swordsmann","p2id":"lunan0713","formatid":"gen8freeforallrandombattle","rating":0,"private":0,"password":null}