{"id":"china-gen8rougemod-6735572","p1":"PS China Bot","p2":"crying snow","format":"gen8rougemod","log":"|j|\u2606PS China Bot\n|j|\u2606crying snow\n|t:|1666534799\n|gametype|singles\n|player|p1|PS China Bot|266|\n|player|p2|crying snow|kimonogirl|\n|teamsize|p1|6\n|teamsize|p2|6\n|gen|8\n|tier|[Gen 8] Rouge Mod\n|rule|Dynamax Clause: You cannot dynamax\n|\n|t:|1666534799\n|start\n|switch|p1a: Hot Dog|Groudon, L105|100\/100\n|switch|p2a: Marowak|Marowak, M|100\/100\n|-weather|DesolateLand|[from] ability: Desolate Land|[of] p1a: Hot Dog\n|detailschange|p1a: Hot Dog|Groudon-Primal, L105\n|-primal|p1a: Hot Dog\n|-weather|none\n|-weather|DesolateLand|[from] ability: Desolate Land|[of] p1a: Hot Dog\n|turn|1\n|l|\u2606PS China Bot\n|player|p1|\n|\n|t:|1666534801\n|-fieldstart|Garden Shield\n|-message|Garden Shield is radiated.\n|message|your Garden Guardian makes Garden Shield start\n|-fieldstart|move: Trick Room|[of] p2a: Marowak\n|message|your Trick Props makes Trick Room start\n|move|p2a: Marowak|Twining Vine||[from]PS China Rouge Mode|[still]\n|-anim|p2a: Marowak|Spikes|p1a: Hot Dog\n|-sidestart|p1: PS China Bot|move: G-Max Steelsurge\n|move|p2a: Marowak|Spikes|p1a: Hot Dog|[from]PS China Rouge Mode\n|-sidestart|p1: PS China Bot|Spikes\n|-fieldstart|Psychoanalysis\n|-message|Psychoanalysis is radiated.\n|message|Psychoanalysis start\n|-sidestart|p2: crying snow|move: Light Screen\n|message|your Artilightscreen makes lightscreen start on your side for 5 turn\n|move|p2a: Marowak|Swords Dance|p2a: Marowak\n|-boost|p2a: Marowak|atk|2\n|move|p1a: Hot Dog|Dragon Dance|p1a: Hot Dog\n|-boost|p1a: Hot Dog|atk|1\n|-boost|p1a: Hot Dog|spe|1\n|\n|-weather|Garden Shield|[upkeep]\n|-weather|Psychoanalysis|[upkeep]\n|-weather|DesolateLand|[upkeep]\n|upkeep\n|turn|2\n|\n|t:|1666534802\n|move|p2a: Marowak|Bonemerang|p1a: Hot Dog\n|-supereffective|p1a: Hot Dog\n|-damage|p1a: Hot Dog|39\/100\n|-supereffective|p1a: Hot Dog\n|-damage|p1a: Hot Dog|0 fnt\n|faint|p1a: Hot Dog\n|-weather|none\n|-hitcount|p1: Hot Dog|2\n|\n|-weather|Psychoanalysis|[upkeep]\n|-weather|Garden Shield|[upkeep]\n|upkeep\n|\n|t:|1666534802\n|switch|p1a: louis1x|Calyrex-Shadow, L105|100\/100\n|-ability|p1a: louis1x|As One\n|-ability|p1a: louis1x|Unnerve\n|-activate|p1a: louis1x|move: Twining Vine\n|-start|p1a: louis1x|move: Leech Seed\n|-damage|p1a: louis1x|88\/100|[from] Spikes\n|turn|3\n|\n|t:|1666534804\n|move|p2a: Marowak|Knock Off|p1a: louis1x\n|-supereffective|p1a: louis1x\n|-damage|p1a: louis1x|0 fnt\n|-enditem|p1a: louis1x|Super Specs|[from] move: Knock Off|[of] p2a: Marowak\n|faint|p1a: louis1x\n|\n|-weather|Psychoanalysis|[upkeep]\n|-weather|Garden Shield|[upkeep]\n|upkeep\n|\n|t:|1666534804\n|switch|p1a: Erro|Audino-Mega, L105, M|100\/100\n|-activate|p1a: Erro|move: Twining Vine\n|-start|p1a: Erro|move: Leech Seed\n|turn|4\n|\n|t:|1666534805\n|move|p2a: Marowak|Bonemerang|p1a: Erro\n|-damage|p1a: Erro|67\/100\n|-damage|p1a: Erro|34\/100\n|-hitcount|p1a: Erro|2\n|move|p1a: Erro|Ice Beam|p2a: Marowak\n|-supereffective|p2a: Marowak\n|-damage|p2a: Marowak|72\/100\n|\n|-weather|Garden Shield|[upkeep]\n|-weather|Psychoanalysis|[upkeep]\n|upkeep\n|turn|5\n|\n|t:|1666534807\n|move|p2a: Marowak|Swords Dance|p2a: Marowak\n|-boost|p2a: Marowak|atk|2\n|move|p1a: Erro|Draining Kiss|p2a: Marowak\n|-damage|p2a: Marowak|50\/100\n|-heal|p1a: Erro|45\/100|[from] drain|[of] p2a: Marowak\n|\n|-weather|Psychoanalysis|[upkeep]\n|-weather|Garden Shield|[upkeep]\n|-sideend|p2: crying snow|move: Light Screen\n|upkeep\n|turn|6\n|\n|t:|1666534808\n|move|p2a: Marowak|Bonemerang|p1a: Erro\n|-damage|p1a: Erro|1\/100\n|-damage|p1a: Erro|0 fnt\n|faint|p1a: Erro\n|-hitcount|p1: Erro|2\n|\n|-weather|Garden Shield|[upkeep]\n|-weather|Psychoanalysis|[upkeep]\n|upkeep\n|\n|t:|1666534808\n|switch|p1a: Slowdream|Sylveon, L105, M|100\/100\n|-activate|p1a: Slowdream|move: Twining Vine\n|-start|p1a: Slowdream|move: Leech Seed\n|-damage|p1a: Slowdream|88\/100|[from] Spikes\n|turn|7\n|\n|t:|1666534809\n|move|p2a: Marowak|Bonemerang|p1a: Slowdream\n|-damage|p1a: Slowdream|12\/100\n|-damage|p1a: Slowdream|0 fnt\n|faint|p1a: Slowdream\n|-hitcount|p1: Slowdream|2\n|\n|-weather|Psychoanalysis|[upkeep]\n|-weather|Garden Shield|[upkeep]\n|upkeep\n|\n|t:|1666534809\n|switch|p1a: Sea Rabit|Gastrodon, L105, F|100\/100\n|-activate|p1a: Sea Rabit|move: Twining Vine\n|-start|p1a: Sea Rabit|move: Leech Seed\n|-damage|p1a: Sea Rabit|88\/100|[from] Spikes\n|turn|8\n|\n|t:|1666534811\n|move|p2a: Marowak|Bonemerang|p1a: Sea Rabit\n|-crit|p1a: Sea Rabit\n|-damage|p1a: Sea Rabit|0 fnt\n|faint|p1a: Sea Rabit\n|-hitcount|p1: Sea Rabit|1\n|\n|-weather|Psychoanalysis|[upkeep]\n|-weather|Garden Shield|[upkeep]\n|upkeep\n|\n|t:|1666534811\n|switch|p1a: Scale|Latias-Mega, L105, F|100\/100\n|turn|9\n|\n|t:|1666534812\n|-weather|Hail\n|move|p2a: Marowak|Knock Off|p1a: Scale\n|-supereffective|p1a: Scale\n|-damage|p1a: Scale|0 fnt\n|-enditem|p1a: Scale|Old Soul Dew|[from] move: Knock Off|[of] p2a: Marowak\n|faint|p1a: Scale\n|\n|-weather|Garden Shield|[upkeep]\n|-weather|Psychoanalysis|[upkeep]\n|-weather|Hail|[upkeep]\n|-damage|p2a: Marowak|44\/100|[from] Hail\n|upkeep\n|\n|t:|1666534813\n|switch|p1a: Shopowner|Magikarp, L5, M, shiny|100\/100\n|-activate|p1a: Shopowner|move: Twining Vine\n|-start|p1a: Shopowner|move: Leech Seed\n|turn|10\n|\n|t:|1666534813\n|switch|p2a: Reward|Shop, F|100\/100\n|\n|-weather|Psychoanalysis|[upkeep]\n|-weather|Hail|[upkeep]\n|-weather|Garden Shield|[upkeep]\n|upkeep\n|turn|11\n|\n|t:|1666534814\n|move|p2a: Reward|You defeat the void and become a new champion|p2a: Reward\n|html|<div class=\"broadcast-green\"><strong>You defeat the void and find an artifact. It says the man who owns it will become a new champion.<br>Although you've forgotten that you're only here for cave exploration,but it doesn't matter.you win the battle<br>Thank you for playing  <\/strong><\/div>\n|\n|win|crying snow\n","uploadtime":1666534871,"views":4,"p1id":"pschinabot","p2id":"cryingsnow","formatid":"gen8rougemod","rating":0,"private":0,"password":null}