{"id":"china-gen8randombattle-429572","p1":"XPSH","p2":"gostop","format":"gen8randombattle","log":"|j|\u2606XPSH\n|j|\u2606gostop\n|t:|1619703953\n|gametype|singles\n|player|p1|XPSH|youngn|\n|player|p2|gostop|gostop.gif|\n|teamsize|p1|6\n|teamsize|p2|6\n|gen|8\n|tier|[Gen 8] Random Battle\n|rule|Species Clause: Limit one of each Pok\u00e9mon\n|rule|HP Percentage Mod: HP is shown in percentages\n|rule|Sleep Clause Mod: Limit one foe put to sleep\n|\n|t:|1619703953\n|start\n|switch|p1a: Trevenant|Trevenant, L86, M|286\/286\n|switch|p2a: Porygon-Z|Porygon-Z, L80|267\/267\n|-ability|p2a: Porygon-Z|Download|boost\n|-boost|p2a: Porygon-Z|atk|1\n|turn|1\n|\n|t:|1619703979\n|move|p2a: Porygon-Z|Dark Pulse|p1a: Trevenant\n|-supereffective|p1a: Trevenant\n|-damage|p1a: Trevenant|136\/286\n|move|p1a: Trevenant|Horn Leech|p2a: Porygon-Z\n|-damage|p2a: Porygon-Z|81\/267\n|-heal|p1a: Trevenant|229\/286|[from] drain|[of] p2a: Porygon-Z\n|\n|upkeep\n|turn|2\n|\n|t:|1619703995\n|switch|p2a: Scyther|Scyther, L80, F|243\/243\n|move|p1a: Trevenant|Horn Leech|p2a: Scyther\n|-resisted|p2a: Scyther\n|-damage|p2a: Scyther|217\/243\n|-heal|p1a: Trevenant|242\/286|[from] drain|[of] p2a: Scyther\n|\n|upkeep\n|turn|3\n|\n|t:|1619704004\n|switch|p1a: Toxtricity|Toxtricity-Low-Key, L82, F|257\/257\n|move|p2a: Scyther|Knock Off|p1a: Toxtricity\n|-damage|p1a: Toxtricity|168\/257\n|-enditem|p1a: Toxtricity|Choice Specs|[from] move: Knock Off|[of] p2a: Scyther\n|\n|upkeep\n|turn|4\n|c|\u2606XPSH|\/log XPSH made this room public.\n|j| yueniao\n|\n|t:|1619704059\n|switch|p2a: Glaceon|Glaceon, L88, F|258\/258\n|move|p1a: Toxtricity|Overdrive|p2a: Glaceon\n|-damage|p2a: Glaceon|147\/258\n|\n|-heal|p2a: Glaceon|163\/258|[from] item: Leftovers\n|upkeep\n|turn|5\n|\n|t:|1619704067\n|move|p1a: Toxtricity|Boomburst|p2a: Glaceon\n|-damage|p2a: Glaceon|35\/258\n|move|p2a: Glaceon|Freeze-Dry|p1a: Toxtricity\n|-damage|p1a: Toxtricity|41\/257\n|\n|-heal|p2a: Glaceon|51\/258|[from] item: Leftovers\n|upkeep\n|turn|6\n|\n|t:|1619704082\n|move|p1a: Toxtricity|Boomburst|p2a: Glaceon\n|-damage|p2a: Glaceon|0 fnt\n|faint|p2a: Glaceon\n|\n|upkeep\n|\n|t:|1619704097\n|switch|p2a: Scyther|Scyther, L80, F|217\/243\n|turn|7\n|\n|t:|1619704103\n|move|p2a: Scyther|Knock Off|p1a: Toxtricity\n|-damage|p1a: Toxtricity|0 fnt\n|faint|p1a: Toxtricity\n|\n|upkeep\n|\n|t:|1619704107\n|switch|p1a: Togekiss|Togekiss, L80, F|267\/267\n|turn|8\n|\n|t:|1619704122\n|switch|p2a: Tentacruel|Tentacruel, L84, F|272\/272\n|move|p1a: Togekiss|Nasty Plot|p1a: Togekiss\n|-boost|p1a: Togekiss|spa|2\n|\n|upkeep\n|turn|9\n|\n|t:|1619704152\n|-start|p1a: Togekiss|Dynamax\n|-heal|p1a: Togekiss|534\/534|[silent]\n|move|p2a: Tentacruel|Haze|p2a: Tentacruel\n|-clearallboost\n|move|p1a: Togekiss|Max Airstream|p2a: Tentacruel\n|-damage|p2a: Tentacruel|148\/272\n|-boost|p1a: Togekiss|spe|1\n|\n|-heal|p2a: Tentacruel|165\/272|[from] item: Black Sludge\n|upkeep\n|turn|10\n|\n|t:|1619704187\n|move|p1a: Togekiss|Max Airstream|p2a: Tentacruel\n|-damage|p2a: Tentacruel|39\/272\n|-boost|p1a: Togekiss|spe|1\n|move|p2a: Tentacruel|Toxic Spikes|p1a: Togekiss\n|-sidestart|p1: XPSH|move: Toxic Spikes\n|\n|-heal|p2a: Tentacruel|56\/272|[from] item: Black Sludge\n|upkeep\n|turn|11\n|j| szby 0222\n|\n|t:|1619704204\n|move|p1a: Togekiss|Max Airstream|p2a: Tentacruel\n|-damage|p2a: Tentacruel|0 fnt\n|-boost|p1a: Togekiss|spe|1\n|faint|p2a: Tentacruel\n|\n|-end|p1a: Togekiss|Dynamax\n|-heal|p1a: Togekiss|267\/267|[silent]\n|upkeep\n|\n|t:|1619704230\n|switch|p2a: Alcremie|Alcremie, L86, F|252\/252\n|turn|12\n|l| szby 0222\n|\n|t:|1619704255\n|move|p1a: Togekiss|Nasty Plot|p1a: Togekiss\n|-boost|p1a: Togekiss|spa|2\n|move|p2a: Alcremie|Calm Mind|p2a: Alcremie\n|-boost|p2a: Alcremie|spa|1\n|-boost|p2a: Alcremie|spd|1\n|\n|upkeep\n|turn|13\n|\n|t:|1619704261\n|move|p1a: Togekiss|Air Slash|p2a: Alcremie\n|-damage|p2a: Alcremie|158\/252\n|move|p2a: Alcremie|Dazzling Gleam|p1a: Togekiss\n|-damage|p1a: Togekiss|115\/267\n|-damage|p2a: Alcremie|133\/252|[from] item: Life Orb\n|\n|upkeep\n|turn|14\n|\n|t:|1619704266\n|move|p1a: Togekiss|Air Slash|p2a: Alcremie\n|-damage|p2a: Alcremie|43\/252\n|cant|p2a: Alcremie|flinch\n|\n|upkeep\n|turn|15\n|\n|t:|1619704270\n|move|p1a: Togekiss|Air Slash|p2a: Alcremie\n|-damage|p2a: Alcremie|0 fnt\n|faint|p2a: Alcremie\n|\n|upkeep\n|\n|t:|1619704272\n|switch|p2a: Pelipper|Pelipper, L86, M|243\/243\n|-weather|RainDance|[from] ability: Drizzle|[of] p2a: Pelipper\n|turn|16\n|\n|t:|1619704284\n|move|p1a: Togekiss|Air Slash|p2a: Pelipper\n|-damage|p2a: Pelipper|32\/243\n|move|p2a: Pelipper|Hydro Pump|p1a: Togekiss\n|-damage|p1a: Togekiss|0 fnt\n|faint|p1a: Togekiss\n|\n|-weather|RainDance|[upkeep]\n|upkeep\n|\n|t:|1619704301\n|switch|p1a: Nidoqueen|Nidoqueen, L84, F|288\/288\n|-sideend|p1: XPSH|move: Toxic Spikes|[of] p1a: Nidoqueen\n|turn|17\n|\n|t:|1619704318\n|switch|p1a: Trevenant|Trevenant, L86, M|242\/286\n|move|p2a: Pelipper|Hydro Pump|p1a: Trevenant\n|-resisted|p1a: Trevenant\n|-damage|p1a: Trevenant|152\/286\n|\n|-weather|RainDance|[upkeep]\n|upkeep\n|turn|18\n|\n|t:|1619704328\n|move|p2a: Pelipper|Hurricane|p1a: Trevenant\n|-supereffective|p1a: Trevenant\n|-damage|p1a: Trevenant|0 fnt\n|faint|p1a: Trevenant\n|\n|-weather|RainDance|[upkeep]\n|upkeep\n|\n|t:|1619704330\n|switch|p1a: Porygon-Z|Porygon-Z, L80|267\/267\n|-ability|p1a: Porygon-Z|Download|boost\n|-boost|p1a: Porygon-Z|spa|1\n|turn|19\n|\n|t:|1619704345\n|move|p1a: Porygon-Z|Agility|p1a: Porygon-Z\n|-boost|p1a: Porygon-Z|spe|2\n|move|p2a: Pelipper|Hydro Pump|p1a: Porygon-Z\n|-damage|p1a: Porygon-Z|56\/267\n|\n|-weather|RainDance|[upkeep]\n|upkeep\n|turn|20\n|\n|t:|1619704359\n|move|p1a: Porygon-Z|Tri Attack|p2a: Pelipper\n|-damage|p2a: Pelipper|0 fnt\n|-damage|p1a: Porygon-Z|30\/267|[from] item: Life Orb\n|faint|p2a: Pelipper\n|\n|-weather|none\n|upkeep\n|\n|t:|1619704377\n|switch|p2a: Scyther|Scyther, L80, F|217\/243\n|turn|21\n|\n|t:|1619704381\n|-start|p2a: Scyther|Dynamax\n|-heal|p2a: Scyther|434\/486|[silent]\n|move|p1a: Porygon-Z|Ice Beam|p2a: Scyther\n|-supereffective|p2a: Scyther\n|-damage|p2a: Scyther|223\/486\n|-damage|p1a: Porygon-Z|4\/267|[from] item: Life Orb\n|move|p2a: Scyther|Max Airstream|p1a: Porygon-Z\n|-damage|p1a: Porygon-Z|0 fnt\n|-boost|p2a: Scyther|spe|1\n|faint|p1a: Porygon-Z\n|\n|upkeep\n|\n|t:|1619704398\n|switch|p1a: Nidoqueen|Nidoqueen, L84, F|288\/288\n|turn|22\n|\n|t:|1619704408\n|move|p2a: Scyther|Max Airstream|p1a: Nidoqueen\n|-damage|p1a: Nidoqueen|138\/288\n|-boost|p2a: Scyther|spe|1\n|move|p1a: Nidoqueen|Sludge Wave|p2a: Scyther\n|-damage|p2a: Scyther|120\/486\n|\n|upkeep\n|turn|23\n|\n|t:|1619704415\n|move|p2a: Scyther|Max Airstream|p1a: Nidoqueen\n|-damage|p1a: Nidoqueen|0 fnt\n|-boost|p2a: Scyther|spe|1\n|faint|p1a: Nidoqueen\n|\n|-end|p2a: Scyther|Dynamax\n|-heal|p2a: Scyther|60\/243|[silent]\n|upkeep\n|\n|t:|1619704418\n|switch|p1a: Articuno|Articuno-Galar, L80|275\/275\n|turn|24\n|\n|t:|1619704424\n|move|p2a: Scyther|Knock Off|p1a: Articuno\n|-supereffective|p1a: Articuno\n|-damage|p1a: Articuno|131\/275\n|-enditem|p1a: Articuno|Heavy-Duty Boots|[from] move: Knock Off|[of] p2a: Scyther\n|move|p1a: Articuno|Air Slash|p2a: Scyther\n|-supereffective|p2a: Scyther\n|-damage|p2a: Scyther|0 fnt\n|faint|p2a: Scyther\n|\n|upkeep\n|\n|t:|1619704436\n|switch|p2a: Porygon-Z|Porygon-Z, L80|81\/267\n|-ability|p2a: Porygon-Z|Download|boost\n|-boost|p2a: Porygon-Z|atk|1\n|turn|25\n|\n|t:|1619704443\n|move|p1a: Articuno|Freezing Glare|p2a: Porygon-Z\n|-crit|p2a: Porygon-Z\n|-damage|p2a: Porygon-Z|0 fnt\n|faint|p2a: Porygon-Z\n|\n|win|XPSH\n","inputlog":">version 6ac133f17449706dde64165108519d74fceb7b37\n>version-origin 3918ebd609a2bd57e0326bf76fca79306b37a61f\n>start {\"formatid\":\"gen8randombattle\",\"seed\":[31513,4667,48701,44175]}\n>player p1 {\"name\":\"XPSH\",\"avatar\":\"youngn\",\"rating\":0,\"seed\":[5629,64770,19276,57514]}\n>player p2 {\"name\":\"gostop\",\"avatar\":\"gostop.gif\",\"rating\":0,\"seed\":[9724,37452,27567,55941]}\n>p1 move hornleech\n>p2 move darkpulse\n>p1 move hornleech\n>p2 switch 3\n>p1 switch 2\n>p2 move knockoff\n>p1 move overdrive\n>p2 switch 5\n>p1 move boomburst\n>p2 move freezedry\n>p1 move boomburst\n>p2 move freezedry\n>p2 switch 5\n>p1 move overdrive\n>p2 move knockoff\n>p1 switch 4\n>p1 move nastyplot\n>p2 switch 4\n>p1 move airslash dynamax\n>p2 move haze\n>p1 move airslash dynamax\n>p2 move toxicspikes\n>p1 move airslash dynamax\n>p2 move scald\n>p2 switch 6\n>p1 move nastyplot\n>p2 move calmmind\n>p1 move airslash\n>p2 move dazzlinggleam\n>p1 move airslash\n>p2 move dazzlinggleam\n>p1 move airslash\n>p2 move dazzlinggleam\n>p2 switch 2\n>p1 move airslash\n>p2 move hydropump\n>p1 switch 3\n>p1 switch 2\n>p2 move hydropump\n>p1 move rockslide\n>p2 move hurricane\n>p1 switch 6\n>p1 move agility\n>p2 move hydropump\n>p1 move triattack\n>p2 move uturn\n>p2 switch 4\n>p1 move icebeam\n>p2 move dualwingbeat dynamax\n>p1 switch 2\n>p1 move sludgewave\n>p2 move dualwingbeat dynamax\n>p1 move sludgewave\n>p2 move dualwingbeat dynamax\n>p1 switch 5\n>p1 move airslash\n>p2 move knockoff\n>p2 switch 3\n>p1 move freezingglare\n>p2 move darkpulse","uploadtime":1619704448,"views":51,"p1id":"xpsh","p2id":"gostop","formatid":"gen8randombattle","rating":0,"private":0,"password":null}