{"id":"china-gen8randombattle-469887","p1":"gostop","p2":"youke","format":"gen8randombattle","log":"|j|\u2606gostop\n|j|\u2606youke\n|t:|1621856977\n|gametype|singles\n|player|p1|gostop|gostop.gif|\n|player|p2|youke|korrina|\n|teamsize|p1|6\n|teamsize|p2|6\n|gen|8\n|tier|[Gen 8] Random Battle\n|rule|Species Clause: Limit one of each Pok\u00e9mon\n|rule|HP Percentage Mod: HP is shown in percentages\n|rule|Sleep Clause Mod: Limit one foe put to sleep\n|\n|t:|1621856977\n|start\n|switch|p1a: Corsola|Corsola-Galar, L84, F|238\/238\n|switch|p2a: Dialga|Dialga, L74|270\/270\n|-ability|p2a: Dialga|Pressure\n|turn|1\n|c|\u2606gostop|\/log gostop made this room public.\n|j| Ban Volca\n|\n|t:|1621857071\n|move|p1a: Corsola|Trick|p2a: Dialga\n|-activate|p1a: Corsola|move: Trick|[of] p2a: Dialga\n|-item|p2a: Dialga|Choice Scarf|[from] move: Trick\n|-item|p1a: Corsola|Leftovers|[from] move: Trick\n|move|p2a: Dialga|Toxic|p1a: Corsola\n|-status|p1a: Corsola|tox\n|\n|-damage|p1a: Corsola|224\/238 tox|[from] psn\n|upkeep\n|turn|2\n|\n|t:|1621857087\n|move|p2a: Dialga|Toxic|p1a: Corsola\n|-fail|p1a: Corsola|tox\n|move|p1a: Corsola|Sludge Bomb|p2a: Dialga\n|-immune|p2a: Dialga\n|\n|-heal|p1a: Corsola|238\/238 tox|[from] item: Leftovers\n|-damage|p1a: Corsola|210\/238 tox|[from] psn\n|upkeep\n|turn|3\n|j| SplatoonVGC\n|c|\u2606youke|\u8fd9\u4e1c\u897f\u6709\u6bd2\u7206\u5f39\uff1f\n|c|\u2606youke|\u600e\u4e48\u611f\u89c9\u662f\u7d22\u7f57\u4e9a\u514b\n|j| xxwl\n|c|\u2606gostop|\u54c8\u54c8\n|j| 4.aa.m\n|l| xxwl\n|\n|t:|1621857155\n|switch|p2a: Mantine|Mantine, L86, F|286\/286\n|move|p1a: Corsola|Sludge Bomb|p2a: Mantine\n|-damage|p2a: Mantine|238\/286\n|\n|-heal|p1a: Corsola|224\/238 tox|[from] item: Leftovers\n|-damage|p1a: Corsola|182\/238 tox|[from] psn\n|upkeep\n|turn|4\n|j|\u265aJanBeatJustin\n|\n|t:|1621857187\n|switch|p1a: Tornadus|Tornadus-Therian, L78, M|251\/251\n|switch|p2a: Dialga|Dialga, L74|270\/270\n|-ability|p2a: Dialga|Pressure\n|\n|upkeep\n|turn|5\n|c|\u2606youke|\u5bf9\n|c|\u2606youke|\u7d22\u7f57\u4e9a\u514b\n|\n|t:|1621857208\n|move|p2a: Dialga|Thunderbolt|p1a: Tornadus\n|-supereffective|p1a: Tornadus\n|-damage|p1a: Tornadus|93\/251\n|move|p1a: Tornadus|Superpower|p2a: Dialga\n|-supereffective|p2a: Dialga\n|-damage|p2a: Dialga|142\/270\n|-unboost|p1a: Tornadus|atk|1\n|-unboost|p1a: Tornadus|def|1\n|\n|upkeep\n|turn|6\n|\n|t:|1621857216\n|switch|p1a: Electivire|Electivire, L82, M|257\/257\n|move|p2a: Dialga|Thunderbolt|p1a: Electivire\n|-ability|p1a: Electivire|Motor Drive|boost\n|-boost|p1a: Electivire|spe|1\n|\n|upkeep\n|turn|7\n|\n|t:|1621857237\n|switch|p2a: Sandaconda|Sandaconda, L84, F|258\/258\n|move|p1a: Electivire|Wild Charge|p2a: Sandaconda\n|-immune|p2a: Sandaconda\n|\n|upkeep\n|turn|8\n|j| fumigate\n|j|\u265aChizuru mizuhara\n|\n|t:|1621857268\n|switch|p1a: Corsola|Corsola-Galar, L84, F|238\/238\n|move|p2a: Sandaconda|Stone Edge|p1a: Corsola\n|-damage|p1a: Corsola|188\/238\n|\n|upkeep\n|turn|9\n|\n|t:|1621857278\n|switch|p2a: Dialga|Dialga, L74|142\/270\n|-ability|p2a: Dialga|Pressure\n|move|p1a: Corsola|Stealth Rock|p2a: Dialga\n|-sidestart|p2: youke|move: Stealth Rock\n|\n|upkeep\n|turn|10\n|\n|t:|1621857299\n|move|p2a: Dialga|Draco Meteor|p1a: Corsola\n|-damage|p1a: Corsola|94\/238\n|-unboost|p2a: Dialga|spa|2\n|move|p1a: Corsola|Strength Sap|p2a: Dialga\n|-unboost|p2a: Dialga|atk|1\n|-heal|p1a: Corsola|238\/238\n|\n|upkeep\n|turn|11\n|\n|t:|1621857317\n|switch|p2a: Mantine|Mantine, L86, F|238\/286\n|move|p1a: Corsola|Night Shade|p2a: Mantine\n|-damage|p2a: Mantine|154\/286\n|\n|upkeep\n|turn|12\n|\n|t:|1621857345\n|switch|p1a: Druddigon|Druddigon, L84, M|267\/267\n|-ability|p1a: Druddigon|Mold Breaker\n|move|p2a: Mantine|Toxic|p1a: Druddigon\n|-status|p1a: Druddigon|tox\n|\n|-damage|p1a: Druddigon|251\/267 tox|[from] psn\n|upkeep\n|turn|13\n|\n|t:|1621857365\n|switch|p2a: Sandaconda|Sandaconda, L84, F|258\/258\n|-damage|p2a: Sandaconda|242\/258|[from] Stealth Rock\n|move|p1a: Druddigon|Outrage|p2a: Sandaconda\n|-damage|p2a: Sandaconda|106\/258\n|-damage|p1a: Druddigon|225\/267 tox|[from] item: Life Orb\n|\n|-heal|p2a: Sandaconda|122\/258|[from] item: Leftovers\n|-damage|p1a: Druddigon|193\/267 tox|[from] psn\n|upkeep\n|turn|14\n|\n|t:|1621857374\n|move|p2a: Sandaconda|Earthquake|p1a: Druddigon\n|-damage|p1a: Druddigon|79\/267 tox\n|move|p1a: Druddigon|Outrage|p2a: Sandaconda|[from]lockedmove\n|-damage|p2a: Sandaconda|0 fnt\n|faint|p2a: Sandaconda\n|-damage|p1a: Druddigon|53\/267 tox|[from] item: Life Orb\n|-start|p1a: Druddigon|confusion|[fatigue]\n|\n|-damage|p1a: Druddigon|5\/267 tox|[from] psn\n|upkeep\n|j|\u265aAllen-xia\n|\n|t:|1621857396\n|switch|p2a: Cloyster|Cloyster, L80, M|211\/211\n|-damage|p2a: Cloyster|159\/211|[from] Stealth Rock\n|turn|15\n|\n|t:|1621857416\n|move|p2a: Cloyster|Shell Smash|p2a: Cloyster\n|-unboost|p2a: Cloyster|def|1\n|-unboost|p2a: Cloyster|spd|1\n|-boost|p2a: Cloyster|atk|2\n|-boost|p2a: Cloyster|spa|2\n|-boost|p2a: Cloyster|spe|2\n|-enditem|p2a: Cloyster|White Herb\n|-clearnegativeboost|p2a: Cloyster|[silent]\n|-activate|p1a: Druddigon|confusion\n|move|p1a: Druddigon|Outrage|p2a: Cloyster\n|-damage|p2a: Cloyster|50\/211\n|-damage|p1a: Druddigon|0 fnt|[from] item: Life Orb\n|faint|p1a: Druddigon\n|\n|upkeep\n|\n|t:|1621857487\n|switch|p1a: Electivire|Electivire, L82, M|257\/257\n|turn|16\n|\n|t:|1621857521\n|-start|p1a: Electivire|Dynamax\n|-heal|p1a: Electivire|514\/514|[silent]\n|move|p2a: Cloyster|Icicle Spear|p1a: Electivire\n|-damage|p1a: Electivire|456\/514\n|-damage|p1a: Electivire|396\/514\n|-damage|p1a: Electivire|332\/514\n|-damage|p1a: Electivire|271\/514\n|-damage|p1a: Electivire|210\/514\n|-hitcount|p1a: Electivire|5\n|move|p1a: Electivire|Max Lightning|p2a: Cloyster\n|-supereffective|p2a: Cloyster\n|-damage|p2a: Cloyster|0 fnt\n|-fieldstart|move: Electric Terrain\n|faint|p2a: Cloyster\n|-damage|p1a: Electivire|185\/514|[from] item: Life Orb\n|\n|upkeep\n|\n|t:|1621857537\n|switch|p2a: Dialga|Dialga, L74|142\/270\n|-damage|p2a: Dialga|126\/270|[from] Stealth Rock\n|-ability|p2a: Dialga|Pressure\n|turn|17\n|\n|t:|1621857568\n|move|p2a: Dialga|Draco Meteor|p1a: Electivire\n|-crit|p1a: Electivire\n|-damage|p1a: Electivire|0 fnt\n|-unboost|p2a: Dialga|spa|2\n|faint|p1a: Electivire\n|\n|upkeep\n|\n|t:|1621857586\n|switch|p1a: Rhyperior|Rhyperior, L82, M|323\/323\n|turn|18\n|j| shidui0\n|\n|t:|1621857596\n|switch|p2a: Porygon-Z|Porygon-Z, L80|267\/267\n|-damage|p2a: Porygon-Z|234\/267|[from] Stealth Rock\n|-ability|p2a: Porygon-Z|Download|boost\n|-boost|p2a: Porygon-Z|spa|1\n|move|p1a: Rhyperior|Rock Polish|p1a: Rhyperior\n|-boost|p1a: Rhyperior|spe|2\n|\n|upkeep\n|turn|19\n|l| shidui0\n|\n|t:|1621857613\n|-start|p2a: Porygon-Z|Dynamax\n|-heal|p2a: Porygon-Z|468\/534|[silent]\n|move|p1a: Rhyperior|Earthquake|p2a: Porygon-Z\n|-damage|p2a: Porygon-Z|302\/534\n|move|p2a: Porygon-Z|Max Hailstorm|p1a: Rhyperior\n|-supereffective|p1a: Rhyperior\n|-damage|p1a: Rhyperior|0 fnt\n|-weather|Hail\n|faint|p1a: Rhyperior\n|\n|-weather|Hail|[upkeep]\n|-damage|p2a: Porygon-Z|286\/534|[from] Hail\n|upkeep\n|\n|t:|1621857659\n|switch|p1a: Corsola|Corsola-Galar, L84, F|238\/238\n|turn|20\n|\n|t:|1621857673\n|move|p2a: Porygon-Z|Max Darkness|p1a: Corsola\n|-supereffective|p1a: Corsola\n|-damage|p1a: Corsola|26\/238\n|-unboost|p1a: Corsola|spd|1\n|move|p1a: Corsola|Strength Sap|p2a: Porygon-Z\n|-unboost|p2a: Porygon-Z|atk|1\n|-heal|p1a: Corsola|159\/238\n|\n|-weather|Hail|[upkeep]\n|-damage|p2a: Porygon-Z|270\/534|[from] Hail\n|-damage|p1a: Corsola|145\/238|[from] Hail\n|-fieldend|move: Electric Terrain\n|upkeep\n|turn|21\n|\n|t:|1621857699\n|move|p2a: Porygon-Z|Max Lightning|p1a: Corsola\n|-damage|p1a: Corsola|0 fnt\n|-fieldstart|move: Electric Terrain\n|faint|p1a: Corsola\n|\n|-weather|Hail|[upkeep]\n|-damage|p2a: Porygon-Z|254\/534|[from] Hail\n|-end|p2a: Porygon-Z|Dynamax\n|-heal|p2a: Porygon-Z|127\/267|[silent]\n|upkeep\n|j| vusty fans3\n|\n|t:|1621857723\n|switch|p1a: Tornadus|Tornadus-Therian, L78, M|176\/251\n|turn|22\n|\n|t:|1621857726\n|move|p2a: Porygon-Z|Thunderbolt|p1a: Tornadus\n|-supereffective|p1a: Tornadus\n|-damage|p1a: Tornadus|0 fnt\n|faint|p1a: Tornadus\n|\n|-weather|Hail|[upkeep]\n|-damage|p2a: Porygon-Z|111\/267|[from] Hail\n|upkeep\n|\n|t:|1621857732\n|switch|p1a: Zoroark|Zoroark, L84, F|182\/238 tox\n|turn|23\n|\n|t:|1621857735\n|move|p2a: Porygon-Z|Thunderbolt|p1a: Zoroark\n|-damage|p1a: Zoroark|0 fnt\n|faint|p1a: Zoroark\n|\n|win|youke\n|c|\u2606youke|gg\n","inputlog":">version 0025f653c28627c932206d8372f4e4d06f6ee6cc\n>version-origin 3918ebd609a2bd57e0326bf76fca79306b37a61f\n>start {\"formatid\":\"gen8randombattle\",\"seed\":[57428,12532,43495,223]}\n>player p1 {\"name\":\"gostop\",\"avatar\":\"gostop.gif\",\"rating\":0,\"seed\":[9429,9065,9525,48556]}\n>player p2 {\"name\":\"youke\",\"avatar\":\"korrina\",\"rating\":0,\"seed\":[50463,56969,62484,49449]}\n>p1 move trick\n>p2 move toxic\n>p1 move sludgebomb\n>p2 move toxic\n>chat \u2606youke|\u8fd9\u4e1c\u897f\u6709\u6bd2\u7206\u5f39\uff1f\n>chat \u2606youke|\u600e\u4e48\u611f\u89c9\u662f\u7d22\u7f57\u4e9a\u514b\n>chat \u2606gostop|\u54c8\u54c8\n>p1 move sludgebomb\n>p2 switch 2\n>p1 switch 3\n>p2 switch 2\n>chat \u2606youke|\u5bf9\n>chat \u2606youke|\u7d22\u7f57\u4e9a\u514b\n>p1 move superpower\n>p2 move thunderbolt\n>p1 switch 2\n>p2 move thunderbolt\n>p1 move wildcharge\n>p2 switch 6\n>p1 switch 6\n>p2 move stoneedge\n>p1 move stealthrock\n>p2 switch 6\n>p1 move strengthsap\n>p2 move dracometeor\n>p1 move nightshade\n>p2 switch 2\n>p1 switch 5\n>p2 move toxic\n>p1 move outrage\n>p2 switch 6\n>p1 move outrage\n>p2 move earthquake\n>p2 switch 3\n>p1 move outrage\n>p2 move shellsmash\n>p1 switch 6\n>p1 move wildcharge dynamax\n>p2 move iciclespear\n>p2 switch 2\n>p1 move earthquake dynamax\n>p2 move dracometeor\n>p1 switch 4\n>p1 move rockpolish\n>p2 switch 5\n>p1 move earthquake\n>p2 move icebeam dynamax\n>p1 switch 5\n>p1 move strengthsap\n>p2 move darkpulse dynamax\n>p1 move strengthsap\n>p2 move thunderbolt dynamax\n>p1 switch 2\n>p1 move superpower\n>p2 move thunderbolt\n>p1 switch 3\n>p1 move darkpulse\n>p2 move thunderbolt","uploadtime":1621857741,"views":70,"p1id":"gostop","p2id":"youke","formatid":"gen8randombattle","rating":0,"private":0,"password":null}