{"id":"china-gen8randombattle-429551","p1":"gostop","p2":"XPSH","format":"gen8randombattle","log":"|j|\u2606gostop\n|j|\u2606XPSH\n|t:|1619703268\n|gametype|singles\n|player|p1|gostop|gostop.gif|\n|player|p2|XPSH|youngn|\n|teamsize|p1|6\n|teamsize|p2|6\n|gen|8\n|tier|[Gen 8] Random Battle\n|rule|Species Clause: Limit one of each Pok\u00e9mon\n|rule|HP Percentage Mod: HP is shown in percentages\n|rule|Sleep Clause Mod: Limit one foe put to sleep\n|\n|t:|1619703268\n|start\n|switch|p1a: Moltres|Moltres, L80|275\/275\n|switch|p2a: Aromatisse|Aromatisse, L86, F|314\/314\n|turn|1\n|c|\u2606gostop|public\n|c|\u2606gostop|\u4f60\u9501\u4e86\n|c|\u2606XPSH|\/log XPSH made this room public.\n|c|\u2606XPSH|\u5f00\u4e86\n|\n|t:|1619703331\n|switch|p1a: Venusaur|Venusaur, L82, F|265\/265\n|move|p2a: Aromatisse|Calm Mind|p2a: Aromatisse\n|-boost|p2a: Aromatisse|spa|1\n|-boost|p2a: Aromatisse|spd|1\n|\n|upkeep\n|turn|2\n|\n|t:|1619703345\n|switch|p2a: Vileplume|Vileplume, L84, F|263\/263\n|move|p1a: Venusaur|Substitute|p1a: Venusaur\n|-start|p1a: Venusaur|Substitute\n|-damage|p1a: Venusaur|199\/265\n|\n|-heal|p1a: Venusaur|215\/265|[from] item: Black Sludge\n|upkeep\n|turn|3\n|\n|t:|1619703383\n|move|p1a: Venusaur|Sludge Bomb|p2a: Vileplume\n|-damage|p2a: Vileplume|167\/263\n|move|p2a: Vileplume|Sludge Bomb|p1a: Venusaur\n|-end|p1a: Venusaur|Substitute\n|\n|-heal|p1a: Venusaur|231\/265|[from] item: Black Sludge\n|-heal|p2a: Vileplume|183\/263|[from] item: Black Sludge\n|upkeep\n|turn|4\n|\n|t:|1619703389\n|move|p1a: Venusaur|Sludge Bomb|p2a: Vileplume\n|-damage|p2a: Vileplume|92\/263\n|move|p2a: Vileplume|Sludge Bomb|p1a: Venusaur\n|-damage|p1a: Venusaur|125\/265\n|\n|-heal|p1a: Venusaur|141\/265|[from] item: Black Sludge\n|-heal|p2a: Vileplume|108\/263|[from] item: Black Sludge\n|upkeep\n|turn|5\n|\n|t:|1619703394\n|move|p1a: Venusaur|Sludge Bomb|p2a: Vileplume\n|-damage|p2a: Vileplume|21\/263\n|move|p2a: Vileplume|Strength Sap|p1a: Venusaur\n|-unboost|p1a: Venusaur|atk|1\n|-heal|p2a: Vileplume|160\/263\n|\n|-heal|p1a: Venusaur|157\/265|[from] item: Black Sludge\n|-heal|p2a: Vileplume|176\/263|[from] item: Black Sludge\n|upkeep\n|turn|6\n|\n|t:|1619703405\n|move|p1a: Venusaur|Sludge Bomb|p2a: Vileplume\n|-damage|p2a: Vileplume|92\/263\n|move|p2a: Vileplume|Sludge Bomb|p1a: Venusaur\n|-damage|p1a: Venusaur|55\/265\n|\n|-heal|p1a: Venusaur|71\/265|[from] item: Black Sludge\n|-heal|p2a: Vileplume|108\/263|[from] item: Black Sludge\n|upkeep\n|turn|7\n|\n|t:|1619703443\n|move|p1a: Venusaur|Sludge Bomb|p2a: Vileplume\n|-damage|p2a: Vileplume|24\/263\n|move|p2a: Vileplume|Sludge Bomb|p1a: Venusaur\n|-damage|p1a: Venusaur|0 fnt\n|faint|p1a: Venusaur\n|\n|-heal|p2a: Vileplume|40\/263|[from] item: Black Sludge\n|upkeep\n|\n|t:|1619703459\n|switch|p1a: Moltres|Moltres, L80|275\/275\n|turn|8\n|j|\u265aChizuru mizuhara\n|\n|t:|1619703468\n|switch|p2a: Hippowdon|Hippowdon, L80, M|304\/304\n|-weather|Sandstorm|[from] ability: Sand Stream|[of] p2a: Hippowdon\n|move|p1a: Moltres|Air Slash|p2a: Hippowdon|[miss]\n|-miss|p1a: Moltres|p2a: Hippowdon\n|\n|-weather|Sandstorm|[upkeep]\n|-damage|p1a: Moltres|258\/275|[from] Sandstorm\n|upkeep\n|turn|9\n|\n|t:|1619703513\n|move|p1a: Moltres|Fire Blast|p2a: Hippowdon\n|-damage|p2a: Hippowdon|150\/304\n|move|p2a: Hippowdon|Stealth Rock|p1a: Moltres\n|-sidestart|p1: gostop|move: Stealth Rock\n|\n|-weather|Sandstorm|[upkeep]\n|-damage|p1a: Moltres|241\/275|[from] Sandstorm\n|-heal|p2a: Hippowdon|169\/304|[from] item: Leftovers\n|upkeep\n|turn|10\n|\n|t:|1619703519\n|move|p1a: Moltres|Fire Blast|p2a: Hippowdon\n|-damage|p2a: Hippowdon|6\/304\n|move|p2a: Hippowdon|Slack Off|p2a: Hippowdon\n|-heal|p2a: Hippowdon|158\/304\n|\n|-weather|Sandstorm|[upkeep]\n|-damage|p1a: Moltres|224\/275|[from] Sandstorm\n|-heal|p2a: Hippowdon|177\/304|[from] item: Leftovers\n|upkeep\n|turn|11\n|\n|t:|1619703531\n|move|p1a: Moltres|Fire Blast|p2a: Hippowdon\n|-damage|p2a: Hippowdon|6\/304\n|move|p2a: Hippowdon|Slack Off|p2a: Hippowdon\n|-heal|p2a: Hippowdon|158\/304\n|\n|-weather|Sandstorm|[upkeep]\n|-damage|p1a: Moltres|207\/275|[from] Sandstorm\n|-heal|p2a: Hippowdon|177\/304|[from] item: Leftovers\n|upkeep\n|turn|12\n|\n|t:|1619703541\n|move|p1a: Moltres|Air Slash|p2a: Hippowdon\n|-damage|p2a: Hippowdon|65\/304\n|cant|p2a: Hippowdon|flinch\n|\n|-weather|none\n|-heal|p2a: Hippowdon|84\/304|[from] item: Leftovers\n|upkeep\n|turn|13\n|\n|t:|1619703546\n|switch|p2a: Palkia|Palkia, L74|255\/255\n|-ability|p2a: Palkia|Pressure\n|move|p1a: Moltres|Air Slash|p2a: Palkia|[miss]\n|-miss|p1a: Moltres|p2a: Palkia\n|\n|upkeep\n|turn|14\n|\n|t:|1619703574\n|switch|p1a: Whiscash|Whiscash, L86, F|329\/329\n|-damage|p1a: Whiscash|309\/329|[from] Stealth Rock\n|move|p2a: Palkia|Thunder Wave|p1a: Whiscash\n|-immune|p1a: Whiscash\n|\n|upkeep\n|turn|15\n|\n|t:|1619703599\n|move|p2a: Palkia|Hydro Pump|p1a: Whiscash\n|-damage|p1a: Whiscash|149\/329\n|move|p1a: Whiscash|Earthquake|p2a: Palkia\n|-damage|p2a: Palkia|120\/255\n|\n|-heal|p2a: Palkia|135\/255|[from] item: Leftovers\n|upkeep\n|turn|16\n|\n|t:|1619703607\n|move|p2a: Palkia|Hydro Pump|p1a: Whiscash\n|-damage|p1a: Whiscash|0 fnt\n|faint|p1a: Whiscash\n|\n|-heal|p2a: Palkia|150\/255|[from] item: Leftovers\n|upkeep\n|\n|t:|1619703619\n|switch|p1a: Articuno|Articuno-Galar, L80|275\/275\n|-damage|p1a: Articuno|207\/275|[from] Stealth Rock\n|turn|17\n|\n|t:|1619703631\n|switch|p2a: Copperajah|Copperajah, L84, M|342\/342\n|move|p1a: Articuno|Calm Mind|p1a: Articuno\n|-boost|p1a: Articuno|spa|1\n|-boost|p1a: Articuno|spd|1\n|\n|-heal|p1a: Articuno|224\/275|[from] item: Leftovers\n|upkeep\n|turn|18\n|\n|t:|1619703661\n|move|p1a: Articuno|Air Slash|p2a: Copperajah\n|-resisted|p2a: Copperajah\n|-damage|p2a: Copperajah|264\/342\n|cant|p2a: Copperajah|flinch\n|\n|-heal|p1a: Articuno|241\/275|[from] item: Leftovers\n|upkeep\n|turn|19\n|\n|t:|1619703673\n|move|p1a: Articuno|Air Slash|p2a: Copperajah\n|-resisted|p2a: Copperajah\n|-damage|p2a: Copperajah|182\/342\n|move|p2a: Copperajah|Stone Edge|p1a: Articuno\n|-supereffective|p1a: Articuno\n|-damage|p1a: Articuno|0 fnt\n|faint|p1a: Articuno\n|\n|upkeep\n|\n|t:|1619703697\n|switch|p1a: Centiskorch|Centiskorch, L84, F|305\/305\n|turn|20\n|\n|t:|1619703704\n|move|p1a: Centiskorch|Fire Lash|p2a: Copperajah\n|-supereffective|p2a: Copperajah\n|-damage|p2a: Copperajah|0 fnt\n|faint|p2a: Copperajah\n|\n|upkeep\n|\n|t:|1619703711\n|switch|p2a: Palkia|Palkia, L74|150\/255\n|-ability|p2a: Palkia|Pressure\n|turn|21\n|\n|t:|1619703728\n|-start|p2a: Palkia|Dynamax\n|-heal|p2a: Palkia|300\/510|[silent]\n|move|p2a: Palkia|Max Geyser|p1a: Centiskorch\n|-supereffective|p1a: Centiskorch\n|-damage|p1a: Centiskorch|0 fnt\n|-weather|RainDance\n|faint|p1a: Centiskorch\n|\n|-weather|RainDance|[upkeep]\n|-heal|p2a: Palkia|315\/510|[from] item: Leftovers\n|upkeep\n|\n|t:|1619703742\n|switch|p1a: Spectrier|Spectrier, L74|270\/270\n|-damage|p1a: Spectrier|237\/270|[from] Stealth Rock\n|turn|22\n|\n|t:|1619703751\n|move|p1a: Spectrier|Substitute|p1a: Spectrier\n|-start|p1a: Spectrier|Substitute\n|-damage|p1a: Spectrier|170\/270\n|move|p2a: Palkia|Max Geyser|p1a: Spectrier\n|-end|p1a: Spectrier|Substitute\n|\n|-weather|RainDance|[upkeep]\n|-heal|p1a: Spectrier|186\/270|[from] item: Leftovers\n|-heal|p2a: Palkia|330\/510|[from] item: Leftovers\n|upkeep\n|turn|23\n|\n|t:|1619703756\n|move|p1a: Spectrier|Substitute|p1a: Spectrier\n|-start|p1a: Spectrier|Substitute\n|-damage|p1a: Spectrier|119\/270\n|move|p2a: Palkia|Max Geyser|p1a: Spectrier\n|-crit|p1a: Spectrier\n|-end|p1a: Spectrier|Substitute\n|\n|-weather|RainDance|[upkeep]\n|-heal|p1a: Spectrier|135\/270|[from] item: Leftovers\n|-heal|p2a: Palkia|345\/510|[from] item: Leftovers\n|-end|p2a: Palkia|Dynamax\n|-heal|p2a: Palkia|173\/255|[silent]\n|upkeep\n|turn|24\n|\n|t:|1619703765\n|-start|p1a: Spectrier|Dynamax\n|-heal|p1a: Spectrier|270\/540|[silent]\n|move|p1a: Spectrier|Max Phantasm|p2a: Palkia\n|-damage|p2a: Palkia|37\/255\n|-unboost|p2a: Palkia|def|1\n|move|p2a: Palkia|Hydro Pump|p1a: Spectrier\n|-damage|p1a: Spectrier|45\/540\n|\n|-weather|RainDance|[upkeep]\n|-heal|p1a: Spectrier|61\/540|[from] item: Leftovers\n|-heal|p2a: Palkia|52\/255|[from] item: Leftovers\n|upkeep\n|turn|25\n|\n|t:|1619703789\n|switch|p2a: Hippowdon|Hippowdon, L80, M|84\/304\n|-weather|Sandstorm|[from] ability: Sand Stream|[of] p2a: Hippowdon\n|move|p1a: Spectrier|Max Phantasm|p2a: Hippowdon\n|-damage|p2a: Hippowdon|0 fnt\n|faint|p2a: Hippowdon\n|-ability|p1a: Spectrier|Grim Neigh|boost\n|-boost|p1a: Spectrier|spa|1\n|\n|-weather|Sandstorm|[upkeep]\n|-damage|p1a: Spectrier|45\/540|[from] Sandstorm\n|-heal|p1a: Spectrier|61\/540|[from] item: Leftovers\n|upkeep\n|\n|t:|1619703791\n|switch|p2a: Aromatisse|Aromatisse, L86, F|314\/314\n|turn|26\n|j| yueniao\n|\n|t:|1619703795\n|move|p1a: Spectrier|Max Phantasm|p2a: Aromatisse\n|-damage|p2a: Aromatisse|113\/314\n|-unboost|p2a: Aromatisse|def|1\n|move|p2a: Aromatisse|Moonblast|p1a: Spectrier\n|-damage|p1a: Spectrier|0 fnt\n|faint|p1a: Spectrier\n|\n|-weather|Sandstorm|[upkeep]\n|-damage|p2a: Aromatisse|94\/314|[from] Sandstorm\n|-heal|p2a: Aromatisse|113\/314|[from] item: Leftovers\n|upkeep\n|\n|t:|1619703803\n|switch|p1a: Moltres|Moltres, L80|207\/275\n|turn|27\n|\n|t:|1619703815\n|move|p1a: Moltres|Air Slash|p2a: Aromatisse\n|-damage|p2a: Aromatisse|31\/314\n|move|p2a: Aromatisse|Wish|p2a: Aromatisse\n|\n|-weather|Sandstorm|[upkeep]\n|-damage|p1a: Moltres|190\/275|[from] Sandstorm\n|-damage|p2a: Aromatisse|12\/314|[from] Sandstorm\n|-heal|p2a: Aromatisse|31\/314|[from] item: Leftovers\n|upkeep\n|turn|28\n|\n|t:|1619703823\n|move|p2a: Aromatisse|Protect|p2a: Aromatisse\n|-singleturn|p2a: Aromatisse|Protect\n|move|p1a: Moltres|Air Slash|p2a: Aromatisse\n|-activate|p2a: Aromatisse|move: Protect\n|\n|-weather|Sandstorm|[upkeep]\n|-damage|p1a: Moltres|173\/275|[from] Sandstorm\n|-damage|p2a: Aromatisse|12\/314|[from] Sandstorm\n|-heal|p2a: Aromatisse|169\/314|[from] move: Wish|[wisher] Aromatisse\n|-heal|p2a: Aromatisse|188\/314|[from] item: Leftovers\n|upkeep\n|turn|29\n|\n|t:|1619703828\n|move|p1a: Moltres|Fire Blast|p2a: Aromatisse\n|-damage|p2a: Aromatisse|64\/314\n|move|p2a: Aromatisse|Wish|p2a: Aromatisse\n|\n|-weather|none\n|-heal|p2a: Aromatisse|83\/314|[from] item: Leftovers\n|upkeep\n|turn|30\n|\n|t:|1619703837\n|move|p2a: Aromatisse|Protect|p2a: Aromatisse\n|-singleturn|p2a: Aromatisse|Protect\n|move|p1a: Moltres|Roost|p1a: Moltres\n|-heal|p1a: Moltres|275\/275\n|-singleturn|p1a: Moltres|move: Roost\n|\n|-heal|p2a: Aromatisse|240\/314|[from] move: Wish|[wisher] Aromatisse\n|-heal|p2a: Aromatisse|259\/314|[from] item: Leftovers\n|upkeep\n|turn|31\n|\n|t:|1619703840\n|move|p1a: Moltres|Air Slash|p2a: Aromatisse\n|-damage|p2a: Aromatisse|175\/314\n|move|p2a: Aromatisse|Wish|p2a: Aromatisse\n|\n|-heal|p2a: Aromatisse|194\/314|[from] item: Leftovers\n|upkeep\n|turn|32\n|\n|t:|1619703845\n|move|p1a: Moltres|Air Slash|p2a: Aromatisse\n|-damage|p2a: Aromatisse|104\/314\n|move|p2a: Aromatisse|Calm Mind|p2a: Aromatisse\n|-boost|p2a: Aromatisse|spa|1\n|-boost|p2a: Aromatisse|spd|1\n|\n|-heal|p2a: Aromatisse|261\/314|[from] move: Wish|[wisher] Aromatisse\n|-heal|p2a: Aromatisse|280\/314|[from] item: Leftovers\n|upkeep\n|turn|33\n|\n|t:|1619703849\n|move|p1a: Moltres|Air Slash|p2a: Aromatisse\n|-damage|p2a: Aromatisse|226\/314\n|move|p2a: Aromatisse|Wish|p2a: Aromatisse\n|\n|-heal|p2a: Aromatisse|245\/314|[from] item: Leftovers\n|upkeep\n|turn|34\n|\n|t:|1619703862\n|move|p1a: Moltres|Air Slash|p2a: Aromatisse\n|-damage|p2a: Aromatisse|182\/314\n|move|p2a: Aromatisse|Calm Mind|p2a: Aromatisse\n|-boost|p2a: Aromatisse|spa|1\n|-boost|p2a: Aromatisse|spd|1\n|\n|-heal|p2a: Aromatisse|314\/314|[from] move: Wish|[wisher] Aromatisse\n|upkeep\n|turn|35\n|\n|t:|1619703866\n|move|p1a: Moltres|Air Slash|p2a: Aromatisse\n|-damage|p2a: Aromatisse|266\/314\n|move|p2a: Aromatisse|Moonblast|p1a: Moltres\n|-resisted|p1a: Moltres\n|-damage|p1a: Moltres|153\/275\n|\n|-heal|p2a: Aromatisse|285\/314|[from] item: Leftovers\n|upkeep\n|turn|36\n|\n|t:|1619703871\n|move|p1a: Moltres|Air Slash|p2a: Aromatisse\n|-damage|p2a: Aromatisse|237\/314\n|move|p2a: Aromatisse|Moonblast|p1a: Moltres\n|-resisted|p1a: Moltres\n|-damage|p1a: Moltres|36\/275\n|\n|-heal|p2a: Aromatisse|256\/314|[from] item: Leftovers\n|upkeep\n|turn|37\n|\n|t:|1619703882\n|move|p1a: Moltres|Air Slash|p2a: Aromatisse\n|-damage|p2a: Aromatisse|210\/314\n|cant|p2a: Aromatisse|flinch\n|\n|-heal|p2a: Aromatisse|229\/314|[from] item: Leftovers\n|upkeep\n|turn|38\n|\n|t:|1619703892\n|move|p1a: Moltres|Air Slash|p2a: Aromatisse\n|-damage|p2a: Aromatisse|184\/314\n|cant|p2a: Aromatisse|flinch\n|\n|-heal|p2a: Aromatisse|203\/314|[from] item: Leftovers\n|upkeep\n|turn|39\n|\n|t:|1619703895\n|move|p1a: Moltres|Air Slash|p2a: Aromatisse\n|-damage|p2a: Aromatisse|158\/314\n|cant|p2a: Aromatisse|flinch\n|\n|-heal|p2a: Aromatisse|177\/314|[from] item: Leftovers\n|upkeep\n|turn|40\n|\n|t:|1619703899\n|move|p1a: Moltres|Air Slash|p2a: Aromatisse\n|-damage|p2a: Aromatisse|132\/314\n|cant|p2a: Aromatisse|flinch\n|\n|-heal|p2a: Aromatisse|151\/314|[from] item: Leftovers\n|upkeep\n|turn|41\n|c|\u2606XPSH|lol\n|\n|t:|1619703907\n|move|p1a: Moltres|Air Slash|p2a: Aromatisse|[miss]\n|-miss|p1a: Moltres|p2a: Aromatisse\n|move|p2a: Aromatisse|Moonblast|p1a: Moltres\n|-resisted|p1a: Moltres\n|-crit|p1a: Moltres\n|-damage|p1a: Moltres|0 fnt\n|faint|p1a: Moltres\n|\n|win|XPSH\n","inputlog":">version 6ac133f17449706dde64165108519d74fceb7b37\n>version-origin 3918ebd609a2bd57e0326bf76fca79306b37a61f\n>start {\"formatid\":\"gen8randombattle\",\"seed\":[38801,45314,35108,31101]}\n>player p1 {\"name\":\"gostop\",\"avatar\":\"gostop.gif\",\"rating\":0,\"seed\":[39417,47806,2396,50339]}\n>player p2 {\"name\":\"XPSH\",\"avatar\":\"youngn\",\"rating\":0,\"seed\":[53922,4593,33020,7978]}\n>chat \u2606gostop|public\n>chat \u2606gostop|\u4f60\u9501\u4e86\n>chat \u2606XPSH|\u5f00\u4e86\n>p1 switch 4\n>p2 move calmmind\n>p1 move substitute\n>p2 switch 4\n>p1 move sludgebomb\n>p2 move sludgebomb\n>p1 move sludgebomb\n>p2 move sludgebomb\n>p1 move sludgebomb\n>p2 move strengthsap\n>p1 move sludgebomb\n>p2 move sludgebomb\n>p1 move sludgebomb\n>p2 move sludgebomb\n>p1 switch 4\n>p1 move airslash\n>p2 switch 3\n>p1 move fireblast\n>p2 move stealthrock\n>p1 move fireblast\n>p2 move slackoff\n>p1 move fireblast\n>p2 move slackoff\n>p1 move airslash\n>p2 move slackoff\n>p1 move airslash\n>p2 switch 2\n>p1 switch 2\n>p2 move thunderwave\n>p1 move earthquake\n>p2 move hydropump\n>p1 move earthquake\n>p2 move hydropump\n>p1 switch 3\n>p1 move calmmind\n>p2 switch 5\n>p1 move airslash\n>p2 move stoneedge\n>p1 move airslash\n>p2 move stoneedge\n>p1 switch 5\n>p1 move firelash\n>p2 move stoneedge\n>p2 switch 5\n>p1 move knockoff\n>p2 move hydropump dynamax\n>p1 switch 6\n>p1 move substitute\n>p2 move hydropump dynamax\n>p1 move substitute\n>p2 move hydropump dynamax\n>p1 move shadowball dynamax\n>p2 move hydropump\n>p1 move shadowball dynamax\n>p2 switch 2\n>p2 switch 4\n>p1 move shadowball dynamax\n>p2 move moonblast\n>p1 switch 2\n>p1 move airslash\n>p2 move wish\n>p1 move airslash\n>p2 move protect\n>p1 move fireblast\n>p2 move wish\n>p1 move roost\n>p2 move protect\n>p1 move airslash\n>p2 move wish\n>p1 move airslash\n>p2 move calmmind\n>p1 move airslash\n>p2 move wish\n>p1 move airslash\n>p2 move calmmind\n>p1 move airslash\n>p2 move moonblast\n>p1 move airslash\n>p2 move moonblast\n>p1 move airslash\n>p2 move moonblast\n>p1 move airslash\n>p2 move moonblast\n>p1 move airslash\n>p2 move moonblast\n>p1 move airslash\n>p2 move moonblast\n>chat \u2606XPSH|lol\n>p1 move airslash\n>p2 move moonblast","uploadtime":1619703917,"views":56,"p1id":"gostop","p2id":"xpsh","formatid":"gen8randombattle","rating":0,"private":0,"password":null}