{"id":"china-gen8randombattle-3895673","p1":"syelza","p2":"swordsman.n","format":"gen8randombattle","log":"|j|\u2606syelza\n|j|\u2606swordsman.n\n|t:|1637397248\n|gametype|singles\n|player|p1|syelza|pokemonrangerf-gen4|\n|player|p2|swordsman.n|caitlin|\n|teamsize|p1|6\n|teamsize|p2|6\n|gen|8\n|tier|[Gen 8] Random Battle\n|rule|Species Clause: Limit one of each Pok\u00e9mon\n|rule|HP Percentage Mod: HP is shown in percentages\n|rule|Sleep Clause Mod: Limit one foe put to sleep\n|\n|t:|1637397248\n|start\n|switch|p1a: Hawlucha|Hawlucha, L80, F|256\/256\n|switch|p2a: Kyurem|Kyurem, L80|331\/331\n|-ability|p2a: Kyurem|Pressure\n|turn|1\n|\n|t:|1637397266\n|switch|p2a: Giratina|Giratina, L74|344\/344\n|-ability|p2a: Giratina|Pressure\n|move|p1a: Hawlucha|Swords Dance|p1a: Hawlucha\n|-boost|p1a: Hawlucha|atk|2\n|\n|upkeep\n|turn|2\n|\n|t:|1637397273\n|move|p1a: Hawlucha|Throat Chop|p2a: Giratina\n|-supereffective|p2a: Giratina\n|-damage|p2a: Giratina|150\/344\n|-start|p2a: Giratina|Throat Chop|[silent]\n|move|p2a: Giratina|Will-O-Wisp|p1a: Hawlucha|[miss]\n|-miss|p2a: Giratina|p1a: Hawlucha\n|\n|-heal|p2a: Giratina|171\/344|[from] item: Leftovers\n|upkeep\n|turn|3\n|\n|t:|1637397303\n|move|p1a: Hawlucha|Throat Chop|p2a: Giratina\n|-supereffective|p2a: Giratina\n|-damage|p2a: Giratina|0 fnt\n|faint|p2a: Giratina\n|\n|upkeep\n|\n|t:|1637397307\n|switch|p2a: Kyurem|Kyurem, L80|331\/331\n|-ability|p2a: Kyurem|Pressure\n|turn|4\n|\n|t:|1637397323\n|switch|p1a: Duraludon|Duraludon, L84, F|255\/255\n|-start|p2a: Kyurem|Dynamax\n|-heal|p2a: Kyurem|662\/662|[silent]\n|move|p2a: Kyurem|Max Hailstorm|p1a: Duraludon\n|-damage|p1a: Duraludon|36\/255\n|-weather|Hail\n|\n|-weather|Hail|[upkeep]\n|-damage|p1a: Duraludon|21\/255|[from] Hail\n|upkeep\n|turn|5\n|\n|t:|1637397343\n|move|p2a: Kyurem|Max Hailstorm|p1a: Duraludon\n|-damage|p1a: Duraludon|0 fnt\n|faint|p1a: Duraludon\n|\n|-weather|Hail|[upkeep]\n|upkeep\n|\n|t:|1637397347\n|switch|p1a: Tapu Fini|Tapu Fini, L78|237\/237\n|-fieldstart|move: Misty Terrain|[from] ability: Misty Surge|[of] p1a: Tapu Fini\n|turn|6\n|\n|t:|1637397368\n|-end|p2a: Kyurem|Dynamax\n|-heal|p2a: Kyurem|331\/331|[silent]\n|switch|p2a: Jellicent|Jellicent, L84, F|305\/305\n|move|p1a: Tapu Fini|Calm Mind|p1a: Tapu Fini\n|-boost|p1a: Tapu Fini|spa|1\n|-boost|p1a: Tapu Fini|spd|1\n|\n|-weather|Hail|[upkeep]\n|-damage|p1a: Tapu Fini|223\/237|[from] Hail\n|-damage|p2a: Jellicent|286\/305|[from] Hail\n|-heal|p1a: Tapu Fini|237\/237|[from] item: Leftovers\n|-heal|p2a: Jellicent|305\/305|[from] item: Leftovers\n|upkeep\n|turn|7\n|\n|t:|1637397380\n|move|p1a: Tapu Fini|Moonblast|p2a: Jellicent\n|-crit|p2a: Jellicent\n|-damage|p2a: Jellicent|149\/305\n|-unboost|p2a: Jellicent|spa|1\n|move|p2a: Jellicent|Shadow Ball|p1a: Tapu Fini\n|-damage|p1a: Tapu Fini|209\/237\n|\n|-weather|Hail|[upkeep]\n|-damage|p1a: Tapu Fini|195\/237|[from] Hail\n|-damage|p2a: Jellicent|130\/305|[from] Hail\n|-heal|p1a: Tapu Fini|209\/237|[from] item: Leftovers\n|-heal|p2a: Jellicent|149\/305|[from] item: Leftovers\n|upkeep\n|turn|8\n|\n|t:|1637397416\n|move|p1a: Tapu Fini|Calm Mind|p1a: Tapu Fini\n|-boost|p1a: Tapu Fini|spa|1\n|-boost|p1a: Tapu Fini|spd|1\n|move|p2a: Jellicent|Recover|p2a: Jellicent\n|-heal|p2a: Jellicent|302\/305\n|\n|-weather|none\n|-heal|p1a: Tapu Fini|223\/237|[from] item: Leftovers\n|-heal|p2a: Jellicent|305\/305|[from] item: Leftovers\n|upkeep\n|turn|9\n|\n|t:|1637397425\n|move|p1a: Tapu Fini|Calm Mind|p1a: Tapu Fini\n|-boost|p1a: Tapu Fini|spa|1\n|-boost|p1a: Tapu Fini|spd|1\n|move|p2a: Jellicent|Shadow Ball|p1a: Tapu Fini\n|-damage|p1a: Tapu Fini|207\/237\n|\n|-heal|p1a: Tapu Fini|221\/237|[from] item: Leftovers\n|upkeep\n|turn|10\n|\n|t:|1637397433\n|move|p1a: Tapu Fini|Calm Mind|p1a: Tapu Fini\n|-boost|p1a: Tapu Fini|spa|1\n|-boost|p1a: Tapu Fini|spd|1\n|move|p2a: Jellicent|Recover||[still]\n|-fail|p2a: Jellicent|heal\n|\n|-heal|p1a: Tapu Fini|235\/237|[from] item: Leftovers\n|-fieldend|Misty Terrain\n|upkeep\n|turn|11\n|\n|t:|1637397439\n|move|p1a: Tapu Fini|Moonblast|p2a: Jellicent\n|-damage|p2a: Jellicent|74\/305\n|move|p2a: Jellicent|Toxic|p1a: Tapu Fini\n|-status|p1a: Tapu Fini|tox\n|\n|-heal|p1a: Tapu Fini|237\/237 tox|[from] item: Leftovers\n|-heal|p2a: Jellicent|93\/305|[from] item: Leftovers\n|-damage|p1a: Tapu Fini|223\/237 tox|[from] psn\n|upkeep\n|turn|12\n|\n|t:|1637397456\n|move|p1a: Tapu Fini|Moonblast|p2a: Jellicent\n|-damage|p2a: Jellicent|0 fnt\n|faint|p2a: Jellicent\n|\n|-heal|p1a: Tapu Fini|237\/237 tox|[from] item: Leftovers\n|-damage|p1a: Tapu Fini|209\/237 tox|[from] psn\n|upkeep\n|\n|t:|1637397462\n|switch|p2a: Kyurem|Kyurem, L80|331\/331\n|-ability|p2a: Kyurem|Pressure\n|turn|13\n|\n|t:|1637397467\n|move|p2a: Kyurem|Substitute|p2a: Kyurem\n|-start|p2a: Kyurem|Substitute\n|-damage|p2a: Kyurem|249\/331\n|move|p1a: Tapu Fini|Moonblast|p2a: Kyurem\n|-supereffective|p2a: Kyurem\n|-crit|p2a: Kyurem\n|-end|p2a: Kyurem|Substitute\n|\n|-heal|p1a: Tapu Fini|223\/237 tox|[from] item: Leftovers\n|-damage|p1a: Tapu Fini|181\/237 tox|[from] psn\n|upkeep\n|turn|14\n|\n|t:|1637397479\n|move|p2a: Kyurem|Substitute|p2a: Kyurem\n|-start|p2a: Kyurem|Substitute\n|-damage|p2a: Kyurem|167\/331\n|move|p1a: Tapu Fini|Moonblast|p2a: Kyurem\n|-supereffective|p2a: Kyurem\n|-end|p2a: Kyurem|Substitute\n|\n|-heal|p1a: Tapu Fini|195\/237 tox|[from] item: Leftovers\n|-damage|p1a: Tapu Fini|139\/237 tox|[from] psn\n|upkeep\n|turn|15\n|\n|t:|1637397487\n|move|p2a: Kyurem|Substitute|p2a: Kyurem\n|-start|p2a: Kyurem|Substitute\n|-damage|p2a: Kyurem|85\/331\n|move|p1a: Tapu Fini|Moonblast|p2a: Kyurem\n|-supereffective|p2a: Kyurem\n|-end|p2a: Kyurem|Substitute\n|\n|-heal|p1a: Tapu Fini|153\/237 tox|[from] item: Leftovers\n|-damage|p1a: Tapu Fini|83\/237 tox|[from] psn\n|upkeep\n|turn|16\n|\n|t:|1637397496\n|move|p2a: Kyurem|Substitute|p2a: Kyurem\n|-start|p2a: Kyurem|Substitute\n|-damage|p2a: Kyurem|3\/331\n|move|p1a: Tapu Fini|Moonblast|p2a: Kyurem\n|-supereffective|p2a: Kyurem\n|-end|p2a: Kyurem|Substitute\n|\n|-heal|p1a: Tapu Fini|97\/237 tox|[from] item: Leftovers\n|-damage|p1a: Tapu Fini|13\/237 tox|[from] psn\n|upkeep\n|turn|17\n|\n|t:|1637397504\n|move|p2a: Kyurem|Ice Beam|p1a: Tapu Fini\n|-resisted|p1a: Tapu Fini\n|-damage|p1a: Tapu Fini|0 fnt\n|faint|p1a: Tapu Fini\n|\n|upkeep\n|\n|t:|1637397518\n|switch|p1a: Hawlucha|Hawlucha, L80, F|256\/256\n|turn|18\n|\n|t:|1637397528\n|move|p1a: Hawlucha|Brave Bird|p2a: Kyurem\n|-damage|p2a: Kyurem|0 fnt\n|faint|p2a: Kyurem\n|-damage|p1a: Hawlucha|255\/256|[from] Recoil\n|\n|upkeep\n|\n|t:|1637397536\n|switch|p2a: Crawdaunt|Crawdaunt, L84, F|243\/243\n|turn|19\n|\n|t:|1637397553\n|switch|p2a: Heracross|Heracross, L82, F|265\/265\n|-start|p1a: Hawlucha|Dynamax\n|-heal|p1a: Hawlucha|510\/512|[silent]\n|move|p1a: Hawlucha|Max Knuckle|p2a: Heracross\n|-resisted|p2a: Heracross\n|-damage|p2a: Heracross|211\/265\n|-boost|p1a: Hawlucha|atk|1\n|\n|-status|p2a: Heracross|brn|[from] item: Flame Orb\n|upkeep\n|turn|20\n|j| yuudachi0811\u5915\u7acb\n|c|\u2606swordsman.n|\u6295\u4e86\uff0c\u5b58\u4e0brep\n|c| yuudachi0811\u5915\u7acb|wozai\n|-message|swordsman.n forfeited.\n|\n|win|syelza\n|l|\u2606swordsman.n\n","inputlog":">version 5f9d7c5fd7d7784ad2f0d0f4b61ea6e75791baaf\n>version-origin 3918ebd609a2bd57e0326bf76fca79306b37a61f\n>start {\"formatid\":\"gen8randombattle\",\"seed\":[58581,32970,39703,40502]}\n>player p1 {\"name\":\"syelza\",\"avatar\":\"pokemonrangerf-gen4\",\"rating\":0,\"seed\":[56928,46705,26970,15660]}\n>player p2 {\"name\":\"swordsman.n\",\"avatar\":\"caitlin\",\"rating\":0,\"seed\":[25260,54988,36880,43868]}\n>p1 move swordsdance\n>p2 switch 4\n>p1 move throatchop\n>p2 move willowisp\n>p1 move throatchop\n>p2 move willowisp\n>p2 switch 4\n>p1 switch 5\n>p2 move icebeam dynamax\n>p1 move dracometeor\n>p2 move icebeam dynamax\n>p1 switch 3\n>p1 move calmmind\n>p2 switch 2\n>p1 move moonblast\n>p2 move shadowball\n>p1 move calmmind\n>p2 move recover\n>p1 move calmmind\n>p2 move shadowball\n>p1 move calmmind\n>p2 move recover\n>p1 move moonblast\n>p2 move toxic\n>p1 move moonblast\n>p2 move shadowball\n>p2 switch 2\n>p1 move moonblast\n>p2 move substitute\n>p1 move moonblast\n>p2 move substitute\n>p1 move moonblast\n>p2 move substitute\n>p1 move moonblast\n>p2 move substitute\n>p1 move moonblast\n>p2 move icebeam\n>p1 switch 5\n>p1 move bravebird\n>p2 move icebeam\n>p2 switch 5\n>p1 move closecombat dynamax\n>p2 switch 3\n>chat \u2606swordsman.n|\u6295\u4e86\uff0c\u5b58\u4e0brep\n>chat  yuudachi0811\u5915\u7acb|wozai\n>forcelose p2","uploadtime":1637397587,"views":9,"p1id":"syelza","p2id":"swordsmann","formatid":"gen8randombattle","rating":0,"private":0,"password":null}