{"id":"china-gen8randombattle-408065","p1":"niaosui","p2":"gostop","format":"gen8randombattle","log":"|j|\u2606niaosui\n|j|\u2606gostop\n|t:|1618319581\n|gametype|singles\n|player|p1|niaosui|dawn|\n|player|p2|gostop|gostop.gif|\n|teamsize|p1|6\n|teamsize|p2|6\n|gen|8\n|tier|[Gen 8] Random Battle\n|rule|Species Clause: Limit one of each Pok\u00e9mon\n|rule|HP Percentage Mod: HP is shown in percentages\n|rule|Sleep Clause Mod: Limit one foe put to sleep\n|\n|t:|1618319581\n|start\n|switch|p1a: Thievul|Thievul, L86, M|261\/261\n|switch|p2a: Pincurchin|Pincurchin, L88, F|228\/228\n|-fieldstart|move: Electric Terrain|[from] ability: Electric Surge|[of] p2a: Pincurchin\n|turn|1\n|j|\u265aChizuru mizuhara\n|j| Renwu\n|\n|t:|1618319640\n|move|p1a: Thievul|Parting Shot|p2a: Pincurchin\n|-unboost|p2a: Pincurchin|atk|1\n|-unboost|p2a: Pincurchin|spa|1\n|\n|t:|1618319644\n|switch|p1a: Tyranitar|Tyranitar, L78, F|284\/284\n|-weather|Sandstorm|[from] ability: Sand Stream|[of] p1a: Tyranitar\n|move|p2a: Pincurchin|Toxic Spikes|p1a: Tyranitar\n|-sidestart|p1: niaosui|move: Toxic Spikes\n|\n|-weather|Sandstorm|[upkeep]\n|-damage|p2a: Pincurchin|214\/228|[from] Sandstorm\n|upkeep\n|turn|2\n|j|&WwlWss\n|j| n.Bear\n|\n|t:|1618319714\n|switch|p2a: Hitmonlee|Hitmonlee, L84, M|221\/221\n|move|p1a: Tyranitar|Stealth Rock|p2a: Hitmonlee\n|-sidestart|p2: gostop|move: Stealth Rock\n|\n|-weather|Sandstorm|[upkeep]\n|-damage|p2a: Hitmonlee|208\/221|[from] Sandstorm\n|upkeep\n|turn|3\n|\n|t:|1618319731\n|switch|p1a: Zapdos|Zapdos, L78|268\/268\n|move|p2a: Hitmonlee|Close Combat|p1a: Zapdos\n|-resisted|p1a: Zapdos\n|-damage|p1a: Zapdos|190\/268\n|-unboost|p2a: Hitmonlee|def|1\n|-unboost|p2a: Hitmonlee|spd|1\n|-enditem|p2a: Hitmonlee|White Herb\n|-clearnegativeboost|p2a: Hitmonlee|[silent]\n|\n|-weather|Sandstorm|[upkeep]\n|-damage|p2a: Hitmonlee|195\/221|[from] Sandstorm\n|-damage|p1a: Zapdos|174\/268|[from] Sandstorm\n|upkeep\n|turn|4\n|\n|t:|1618319739\n|move|p2a: Hitmonlee|Stone Edge|p1a: Zapdos\n|-supereffective|p1a: Zapdos\n|-damage|p1a: Zapdos|0 fnt\n|faint|p1a: Zapdos\n|\n|-weather|Sandstorm|[upkeep]\n|-damage|p2a: Hitmonlee|182\/221|[from] Sandstorm\n|upkeep\n|l| n.Bear\n|\n|t:|1618319777\n|switch|p1a: Braviary|Braviary, L82, M|298\/298\n|turn|5\n|j| n.Bear\n|\n|t:|1618319837\n|-start|p1a: Braviary|Dynamax\n|-heal|p1a: Braviary|596\/596|[silent]\n|move|p2a: Hitmonlee|Stone Edge|p1a: Braviary\n|-supereffective|p1a: Braviary\n|-damage|p1a: Braviary|394\/596\n|move|p1a: Braviary|Max Airstream|p2a: Hitmonlee\n|-supereffective|p2a: Hitmonlee\n|-damage|p2a: Hitmonlee|0 fnt\n|-boost|p1a: Braviary|spe|1\n|faint|p2a: Hitmonlee\n|\n|-weather|none\n|-fieldend|move: Electric Terrain\n|upkeep\n|\n|t:|1618319867\n|switch|p2a: Pincurchin|Pincurchin, L88, F|214\/228\n|-damage|p2a: Pincurchin|186\/228|[from] Stealth Rock\n|-fieldstart|move: Electric Terrain|[from] ability: Electric Surge|[of] p2a: Pincurchin\n|turn|6\n|l| n.Bear\n|\n|t:|1618319887\n|-end|p1a: Braviary|Dynamax\n|-heal|p1a: Braviary|197\/298|[silent]\n|switch|p1a: Tyranitar|Tyranitar, L78, F|284\/284\n|-status|p1a: Tyranitar|psn\n|-weather|Sandstorm|[from] ability: Sand Stream|[of] p1a: Tyranitar\n|-start|p2a: Pincurchin|Dynamax\n|-heal|p2a: Pincurchin|372\/456|[silent]\n|move|p2a: Pincurchin|Max Lightning|p1a: Tyranitar\n|-damage|p1a: Tyranitar|160\/284 psn\n|\n|-weather|Sandstorm|[upkeep]\n|-damage|p2a: Pincurchin|358\/456|[from] Sandstorm\n|-heal|p1a: Tyranitar|177\/284 psn|[from] item: Leftovers\n|-damage|p1a: Tyranitar|142\/284 psn|[from] psn\n|upkeep\n|turn|7\n|\n|t:|1618319908\n|switch|p1a: Heliolisk|Heliolisk, L82, F|236\/236\n|-status|p1a: Heliolisk|psn\n|move|p2a: Pincurchin|Max Geyser|p1a: Heliolisk\n|-immune|p1a: Heliolisk|[from] ability: Dry Skin\n|\n|-weather|Sandstorm|[upkeep]\n|-damage|p1a: Heliolisk|222\/236 psn|[from] Sandstorm\n|-damage|p2a: Pincurchin|344\/456|[from] Sandstorm\n|-damage|p1a: Heliolisk|193\/236 psn|[from] psn\n|upkeep\n|turn|8\n|\n|t:|1618319919\n|move|p1a: Heliolisk|Hyper Voice|p2a: Pincurchin\n|-damage|p2a: Pincurchin|215\/456\n|-damage|p1a: Heliolisk|170\/236 psn|[from] item: Life Orb\n|move|p2a: Pincurchin|Max Darkness|p1a: Heliolisk\n|-damage|p1a: Heliolisk|39\/236 psn\n|-unboost|p1a: Heliolisk|spd|1\n|\n|-weather|Sandstorm|[upkeep]\n|-damage|p1a: Heliolisk|25\/236 psn|[from] Sandstorm\n|-damage|p2a: Pincurchin|201\/456|[from] Sandstorm\n|-damage|p1a: Heliolisk|0 fnt|[from] psn\n|faint|p1a: Heliolisk\n|-end|p2a: Pincurchin|Dynamax\n|-heal|p2a: Pincurchin|101\/228|[silent]\n|upkeep\n|\n|t:|1618319927\n|switch|p1a: Tyranitar|Tyranitar, L78, F|142\/284 psn\n|turn|9\n|\n|t:|1618319935\n|move|p1a: Tyranitar|Stone Edge|p2a: Pincurchin\n|-crit|p2a: Pincurchin\n|-damage|p2a: Pincurchin|0 fnt\n|faint|p2a: Pincurchin\n|\n|-weather|Sandstorm|[upkeep]\n|-heal|p1a: Tyranitar|159\/284 psn|[from] item: Leftovers\n|-damage|p1a: Tyranitar|124\/284 psn|[from] psn\n|upkeep\n|\n|t:|1618319955\n|switch|p2a: Seismitoad|Seismitoad, L84, M|314\/314\n|-damage|p2a: Seismitoad|295\/314|[from] Stealth Rock\n|turn|10\n|\n|t:|1618319970\n|move|p2a: Seismitoad|Liquidation|p1a: Tyranitar\n|-supereffective|p1a: Tyranitar\n|-damage|p1a: Tyranitar|0 fnt\n|-damage|p2a: Seismitoad|264\/314|[from] item: Life Orb\n|faint|p1a: Tyranitar\n|\n|-weather|none\n|-fieldend|move: Electric Terrain\n|upkeep\n|\n|t:|1618319977\n|switch|p1a: Thievul|Thievul, L86, M|261\/261\n|-status|p1a: Thievul|psn\n|turn|11\n|j| n.Bear\n|l| n.Bear\n|\n|t:|1618320012\n|move|p1a: Thievul|Grass Knot|p2a: Seismitoad\n|-supereffective|p2a: Seismitoad\n|-damage|p2a: Seismitoad|40\/314\n|move|p2a: Seismitoad|Rain Dance|p2a: Seismitoad\n|-weather|RainDance\n|\n|-weather|RainDance|[upkeep]\n|-damage|p1a: Thievul|229\/261 psn|[from] psn\n|upkeep\n|turn|12\n|\n|t:|1618320024\n|move|p2a: Seismitoad|Liquidation|p1a: Thievul\n|-damage|p1a: Thievul|15\/261 psn\n|-damage|p2a: Seismitoad|9\/314|[from] item: Life Orb\n|move|p1a: Thievul|Grass Knot|p2a: Seismitoad\n|-supereffective|p2a: Seismitoad\n|-damage|p2a: Seismitoad|0 fnt\n|faint|p2a: Seismitoad\n|\n|-weather|RainDance|[upkeep]\n|-damage|p1a: Thievul|0 fnt|[from] psn\n|faint|p1a: Thievul\n|upkeep\n|\n|t:|1618320034\n|switch|p1a: Braviary|Braviary, L82, M|197\/298\n|switch|p2a: Golduck|Golduck, L86, M|278\/278\n|-damage|p2a: Golduck|244\/278|[from] Stealth Rock\n|turn|13\n|\n|t:|1618320041\n|move|p2a: Golduck|Scald|p1a: Braviary\n|-damage|p1a: Braviary|38\/298\n|move|p1a: Braviary|Roost|p1a: Braviary\n|-heal|p1a: Braviary|187\/298\n|-singleturn|p1a: Braviary|move: Roost\n|\n|-weather|RainDance|[upkeep]\n|-heal|p2a: Golduck|261\/278|[from] item: Leftovers\n|upkeep\n|turn|14\n|\n|t:|1618320047\n|move|p2a: Golduck|Scald|p1a: Braviary\n|-damage|p1a: Braviary|45\/298\n|-status|p1a: Braviary|brn\n|move|p1a: Braviary|Brave Bird|p2a: Golduck\n|-damage|p2a: Golduck|188\/278\n|-damage|p1a: Braviary|21\/298 brn|[from] Recoil\n|\n|-weather|RainDance|[upkeep]\n|-heal|p2a: Golduck|205\/278|[from] item: Leftovers\n|-damage|p1a: Braviary|3\/298 brn|[from] brn\n|upkeep\n|turn|15\n|\n|t:|1618320064\n|move|p2a: Golduck|Calm Mind|p2a: Golduck\n|-boost|p2a: Golduck|spa|1\n|-boost|p2a: Golduck|spd|1\n|move|p1a: Braviary|Brave Bird|p2a: Golduck\n|-damage|p2a: Golduck|124\/278\n|-damage|p1a: Braviary|0 fnt|[from] Recoil\n|faint|p1a: Braviary\n|\n|-weather|none\n|-heal|p2a: Golduck|141\/278|[from] item: Leftovers\n|upkeep\n|c|\u2606niaosui|gg\n|\n|t:|1618320071\n|switch|p1a: Zygarde|Zygarde, L72|272\/272\n|-status|p1a: Zygarde|psn\n|turn|16\n|\n|t:|1618320086\n|move|p2a: Golduck|Scald|p1a: Zygarde\n|-damage|p1a: Zygarde|127\/272 psn\n|move|p1a: Zygarde|Outrage|p2a: Golduck\n|-damage|p2a: Golduck|30\/278\n|\n|-heal|p2a: Golduck|47\/278|[from] item: Leftovers\n|-heal|p1a: Zygarde|144\/272 psn|[from] item: Leftovers\n|-damage|p1a: Zygarde|110\/272 psn|[from] psn\n|-activate|p1a: Zygarde|ability: Power Construct\n|detailschange|p1a: Zygarde|Zygarde-Complete, L72\n|-heal|p1a: Zygarde|266\/428 psn|[silent]\n|upkeep\n|turn|17\n|\n|t:|1618320100\n|move|p2a: Golduck|Scald|p1a: Zygarde\n|-damage|p1a: Zygarde|119\/428 psn\n|move|p1a: Zygarde|Outrage|p2a: Golduck|[from]lockedmove\n|-crit|p2a: Golduck\n|-damage|p2a: Golduck|0 fnt\n|-start|p1a: Zygarde|confusion|[fatigue]\n|faint|p2a: Golduck\n|\n|-heal|p1a: Zygarde|145\/428 psn|[from] item: Leftovers\n|-damage|p1a: Zygarde|92\/428 psn|[from] psn\n|upkeep\n|\n|t:|1618320129\n|switch|p2a: Roserade|Roserade, L84, F|238\/238\n|-damage|p2a: Roserade|209\/238|[from] Stealth Rock\n|turn|18\n|j| n.Bear\n|\n|t:|1618320135\n|move|p2a: Roserade|Leaf Storm|p1a: Zygarde\n|-damage|p1a: Zygarde|0 fnt\n|-unboost|p2a: Roserade|spa|2\n|faint|p1a: Zygarde\n|\n|win|gostop\n|l| n.Bear\n|l| Renwu\n|l|\u2606niaosui\n|l|\u265aChizuru mizuhara\n|j| aaa_skd\n|l| aaa_skd\n|j|\u265aChizuru mizuhara\n|l|\u265aChizuru mizuhara\n","inputlog":">version 22112daaf1082300e90e36913e64ccd28eebc393\n>version-origin 3918ebd609a2bd57e0326bf76fca79306b37a61f\n>start {\"formatid\":\"gen8randombattle\",\"seed\":[27915,11335,51441,54237]}\n>player p1 {\"name\":\"niaosui\",\"avatar\":\"dawn\",\"rating\":0,\"seed\":[48597,31123,17075,43555]}\n>player p2 {\"name\":\"gostop\",\"avatar\":\"gostop.gif\",\"rating\":0,\"seed\":[37244,34213,22294,47534]}\n>p1 move partingshot\n>p2 move toxicspikes\n>p1 switch 5\n>p1 move stealthrock\n>p2 switch 3\n>p1 switch 4\n>p2 move closecombat\n>p1 move hurricane\n>p2 move stoneedge\n>p1 switch 2\n>p1 move bravebird dynamax\n>p2 move stoneedge\n>p2 switch 3\n>p1 switch 4\n>p2 move risingvoltage dynamax\n>p1 switch 6\n>p2 move scald dynamax\n>p1 move hypervoice\n>p2 move suckerpunch dynamax\n>p1 switch 6\n>p1 move stoneedge\n>p2 move scald\n>p2 switch 5\n>p1 move crunch\n>p2 move liquidation\n>p1 switch 5\n>p1 move grassknot\n>p2 move raindance\n>p1 move grassknot\n>p2 move liquidation\n>p1 switch 4\n>p2 switch 2\n>p1 move roost\n>p2 move scald\n>p1 move bravebird\n>p2 move scald\n>p1 move bravebird\n>p2 move calmmind\n>chat \u2606niaosui|gg\n>p1 switch 3\n>p1 move outrage\n>p2 move scald\n>p1 move outrage\n>p2 move scald\n>p2 switch 4\n>p1 move outrage\n>p2 move leafstorm","uploadtime":1618320178,"views":35,"p1id":"niaosui","p2id":"gostop","formatid":"gen8randombattle","rating":0,"private":0,"password":null}