{"id":"china-gen8randombattle-3891725","p1":"yuudachi0811\u5915\u7acb","p2":"swordsman.n","format":"gen8randombattle","log":"|j|\u2606yuudachi0811\u5915\u7acb\n|j|\u2606swordsman.n\n|t:|1637330169\n|gametype|singles\n|player|p1|yuudachi0811\u5915\u7acb|170|\n|player|p2|swordsman.n|249|\n|teamsize|p1|6\n|teamsize|p2|6\n|gen|8\n|tier|[Gen 8] Random Battle\n|rule|Species Clause: Limit one of each Pok\u00e9mon\n|rule|HP Percentage Mod: HP is shown in percentages\n|rule|Sleep Clause Mod: Limit one foe put to sleep\n|\n|t:|1637330169\n|start\n|switch|p1a: Aggron|Aggron, L85, F|258\/258\n|switch|p2a: Turtonator|Turtonator, L84, F|238\/238\n|-item|p1a: Aggron|Air Balloon\n|turn|1\n|\n|t:|1637330183\n|switch|p2a: Slowbro|Slowbro, L84, F|297\/297\n|move|p1a: Aggron|Stealth Rock|p2a: Slowbro\n|-sidestart|p2: swordsman.n|move: Stealth Rock\n|\n|upkeep\n|turn|2\n|j| woflw\n|\n|t:|1637330189\n|switch|p1a: Tsareena|Tsareena, L84, F|258\/258\n|move|p2a: Slowbro|Scald|p1a: Tsareena\n|-resisted|p1a: Tsareena\n|-damage|p1a: Tsareena|216\/258\n|\n|upkeep\n|turn|3\n|\n|t:|1637330204\n|move|p1a: Tsareena|U-turn|p2a: Slowbro\n|-supereffective|p2a: Slowbro\n|-damage|p2a: Slowbro|205\/297\n|\n|t:|1637330207\n|switch|p1a: Aggron|Aggron, L85, F|258\/258\n|-item|p1a: Aggron|Air Balloon\n|move|p2a: Slowbro|Thunder Wave|p1a: Aggron\n|-status|p1a: Aggron|par\n|\n|-heal|p2a: Slowbro|223\/297|[from] item: Leftovers\n|upkeep\n|turn|4\n|\n|t:|1637330217\n|move|p2a: Slowbro|Scald|p1a: Aggron\n|-supereffective|p1a: Aggron\n|-damage|p1a: Aggron|22\/258 par\n|-enditem|p1a: Aggron|Air Balloon\n|cant|p1a: Aggron|par\n|\n|-heal|p2a: Slowbro|241\/297|[from] item: Leftovers\n|upkeep\n|turn|5\n|\n|t:|1637330225\n|move|p2a: Slowbro|Slack Off|p2a: Slowbro\n|-heal|p2a: Slowbro|297\/297\n|move|p1a: Aggron|Head Smash|p2a: Slowbro\n|-crit|p2a: Slowbro\n|-damage|p2a: Slowbro|86\/297\n|\n|-heal|p2a: Slowbro|104\/297|[from] item: Leftovers\n|upkeep\n|turn|6\n|\n|t:|1637330232\n|switch|p1a: Tsareena|Tsareena, L84, F|216\/258\n|move|p2a: Slowbro|Slack Off|p2a: Slowbro\n|-heal|p2a: Slowbro|253\/297\n|\n|-heal|p2a: Slowbro|271\/297|[from] item: Leftovers\n|upkeep\n|turn|7\n|\n|t:|1637330255\n|move|p1a: Tsareena|U-turn|p2a: Slowbro\n|-supereffective|p2a: Slowbro\n|-damage|p2a: Slowbro|181\/297\n|\n|t:|1637330259\n|switch|p1a: Aggron|Aggron, L85, F|22\/258 par\n|move|p2a: Slowbro|Thunder Wave|p1a: Aggron\n|-fail|p1a: Aggron|par\n|\n|-heal|p2a: Slowbro|199\/297|[from] item: Leftovers\n|upkeep\n|turn|8\n|\n|t:|1637330269\n|switch|p1a: Alakazam|Alakazam, L78, F|214\/214\n|move|p2a: Slowbro|Slack Off|p2a: Slowbro\n|-heal|p2a: Slowbro|297\/297\n|\n|upkeep\n|turn|9\n|\n|t:|1637330275\n|move|p1a: Alakazam|Shadow Ball|p2a: Slowbro\n|-supereffective|p2a: Slowbro\n|-damage|p2a: Slowbro|118\/297\n|move|p2a: Slowbro|Thunder Wave|p1a: Alakazam\n|-status|p1a: Alakazam|par\n|\n|-heal|p2a: Slowbro|136\/297|[from] item: Leftovers\n|upkeep\n|turn|10\n|\n|t:|1637330284\n|switch|p2a: Dunsparce|Dunsparce, L90, F|326\/326\n|-damage|p2a: Dunsparce|286\/326|[from] Stealth Rock\n|move|p1a: Alakazam|Nasty Plot|p1a: Alakazam\n|-boost|p1a: Alakazam|spa|2\n|\n|-heal|p2a: Dunsparce|306\/326|[from] item: Leftovers\n|upkeep\n|turn|11\n|\n|t:|1637330294\n|move|p2a: Dunsparce|Body Slam|p1a: Alakazam\n|-damage|p1a: Alakazam|70\/214 par\n|move|p1a: Alakazam|Focus Blast|p2a: Dunsparce\n|-supereffective|p2a: Dunsparce\n|-damage|p2a: Dunsparce|0 fnt\n|faint|p2a: Dunsparce\n|\n|upkeep\n|\n|t:|1637330306\n|switch|p2a: Naganadel|Naganadel, L74|230\/230\n|-damage|p2a: Naganadel|202\/230|[from] Stealth Rock\n|turn|12\n|l| woflw\n|\n|t:|1637330321\n|move|p2a: Naganadel|Sludge Wave|p1a: Alakazam\n|-damage|p1a: Alakazam|0 fnt\n|faint|p1a: Alakazam\n|-ability|p2a: Naganadel|Beast Boost|boost\n|-boost|p2a: Naganadel|spa|1\n|-damage|p2a: Naganadel|179\/230|[from] item: Life Orb\n|\n|upkeep\n|\n|t:|1637330334\n|switch|p1a: Weavile|Weavile, L79, F|240\/240\n|turn|13\n|\n|t:|1637330357\n|switch|p2a: Regirock|Regirock, L85|275\/275\n|-damage|p2a: Regirock|241\/275|[from] Stealth Rock\n|move|p1a: Weavile|Triple Axel|p2a: Regirock\n|-damage|p2a: Regirock|229\/275\n|-damage|p2a: Regirock|207\/275\n|-hitcount|p2a: Regirock|2\n|\n|upkeep\n|turn|14\n|\n|t:|1637330368\n|switch|p1a: Aggron|Aggron, L85, F|22\/258 par\n|move|p2a: Regirock|Body Press|p1a: Aggron\n|-supereffective|p1a: Aggron\n|-crit|p1a: Aggron\n|-damage|p1a: Aggron|0 fnt\n|faint|p1a: Aggron\n|\n|upkeep\n|\n|t:|1637330398\n|switch|p1a: Carracosta|Carracosta, L84, M|262\/262\n|turn|15\n|\n|t:|1637330405\n|move|p2a: Regirock|Body Press|p1a: Carracosta\n|-supereffective|p1a: Carracosta\n|-damage|p1a: Carracosta|75\/262\n|-enditem|p1a: Carracosta|Weakness Policy\n|-boost|p1a: Carracosta|atk|2|[from] item: Weakness Policy\n|-boost|p1a: Carracosta|spa|2|[from] item: Weakness Policy\n|move|p1a: Carracosta|Shell Smash|p1a: Carracosta\n|-unboost|p1a: Carracosta|def|1\n|-unboost|p1a: Carracosta|spd|1\n|-boost|p1a: Carracosta|atk|2\n|-boost|p1a: Carracosta|spa|2\n|-boost|p1a: Carracosta|spe|2\n|\n|upkeep\n|turn|16\n|j| mqsh\n|\n|t:|1637330421\n|move|p1a: Carracosta|Aqua Jet|p2a: Regirock\n|-supereffective|p2a: Regirock\n|-damage|p2a: Regirock|79\/275\n|move|p2a: Regirock|Body Press|p1a: Carracosta\n|-supereffective|p1a: Carracosta\n|-damage|p1a: Carracosta|0 fnt\n|faint|p1a: Carracosta\n|\n|upkeep\n|\n|t:|1637330430\n|switch|p1a: Weavile|Weavile, L79, F|240\/240\n|turn|17\n|\n|t:|1637330435\n|switch|p1a: Tsareena|Tsareena, L84, F|216\/258\n|move|p2a: Regirock|Body Press|p1a: Tsareena\n|-damage|p1a: Tsareena|61\/258\n|\n|upkeep\n|turn|18\n|\n|t:|1637330446\n|move|p1a: Tsareena|Power Whip|p2a: Regirock|[miss]\n|-miss|p1a: Tsareena|p2a: Regirock\n|move|p2a: Regirock|Body Press|p1a: Tsareena\n|-damage|p1a: Tsareena|0 fnt\n|faint|p1a: Tsareena\n|\n|upkeep\n|c|\u2606yuudachi0811\u5915\u7acb|\uff1f\n|c|\u2606swordsman.n|\u3002\n|\n|t:|1637330454\n|switch|p1a: Necrozma|Necrozma-Dusk-Mane, L68|245\/245\n|turn|19\n|\n|t:|1637330463\n|move|p1a: Necrozma|Dragon Dance|p1a: Necrozma\n|-boost|p1a: Necrozma|atk|1\n|-boost|p1a: Necrozma|spe|1\n|move|p2a: Regirock|Body Press|p1a: Necrozma\n|-damage|p1a: Necrozma|101\/245\n|\n|upkeep\n|turn|20\n|\n|t:|1637330468\n|move|p1a: Necrozma|Sunsteel Strike|p2a: Regirock\n|-supereffective|p2a: Regirock\n|-damage|p2a: Regirock|0 fnt\n|faint|p2a: Regirock\n|\n|upkeep\n|\n|t:|1637330473\n|switch|p2a: Turtonator|Turtonator, L84, F|238\/238\n|-damage|p2a: Turtonator|179\/238|[from] Stealth Rock\n|turn|21\n|\n|t:|1637330481\n|-start|p1a: Necrozma|Dynamax\n|-heal|p1a: Necrozma|202\/490|[silent]\n|-start|p2a: Turtonator|Dynamax\n|-heal|p2a: Turtonator|358\/476|[silent]\n|move|p1a: Necrozma|Max Quake|p2a: Turtonator\n|-supereffective|p2a: Turtonator\n|-damage|p2a: Turtonator|168\/476\n|-boost|p1a: Necrozma|spd|1\n|move|p2a: Turtonator|Max Flare|p1a: Necrozma\n|-supereffective|p1a: Necrozma\n|-damage|p1a: Necrozma|49\/490\n|-weather|SunnyDay\n|-enditem|p1a: Necrozma|Weakness Policy\n|-boost|p1a: Necrozma|atk|2|[from] item: Weakness Policy\n|-boost|p1a: Necrozma|spa|2|[from] item: Weakness Policy\n|\n|-weather|SunnyDay|[upkeep]\n|upkeep\n|turn|22\n|\n|t:|1637330497\n|move|p2a: Turtonator|Max Guard|p2a: Turtonator\n|-singleturn|p2a: Turtonator|Max Guard\n|move|p1a: Necrozma|Max Quake|p2a: Turtonator\n|-activate|p2a: Turtonator|move: Max Guard\n|\n|-weather|SunnyDay|[upkeep]\n|upkeep\n|turn|23\n|\n|t:|1637330509\n|move|p1a: Necrozma|Max Quake|p2a: Turtonator\n|-supereffective|p2a: Turtonator\n|-damage|p2a: Turtonator|0 fnt\n|-boost|p1a: Necrozma|spd|1\n|faint|p2a: Turtonator\n|\n|-weather|SunnyDay|[upkeep]\n|-end|p1a: Necrozma|Dynamax\n|-heal|p1a: Necrozma|25\/245|[silent]\n|upkeep\n|\n|t:|1637330516\n|switch|p2a: Slowbro|Slowbro, L84, F|235\/297\n|-damage|p2a: Slowbro|198\/297|[from] Stealth Rock\n|turn|24\n|\n|t:|1637330529\n|switch|p2a: Naganadel|Naganadel, L74|179\/230\n|-damage|p2a: Naganadel|151\/230|[from] Stealth Rock\n|move|p1a: Necrozma|Earthquake|p2a: Naganadel\n|-supereffective|p2a: Naganadel\n|-damage|p2a: Naganadel|0 fnt\n|faint|p2a: Naganadel\n|\n|-weather|SunnyDay|[upkeep]\n|upkeep\n|\n|t:|1637330536\n|switch|p2a: Slowbro|Slowbro, L84, F|297\/297\n|-damage|p2a: Slowbro|260\/297|[from] Stealth Rock\n|turn|25\n|\n|t:|1637330544\n|move|p1a: Necrozma|Earthquake|p2a: Slowbro\n|-damage|p2a: Slowbro|113\/297\n|move|p2a: Slowbro|Scald|p1a: Necrozma\n|-damage|p1a: Necrozma|3\/245\n|\n|-weather|none\n|-heal|p2a: Slowbro|131\/297|[from] item: Leftovers\n|upkeep\n|turn|26\n|\n|t:|1637330557\n|move|p1a: Necrozma|Earthquake|p2a: Slowbro\n|-damage|p2a: Slowbro|0 fnt\n|faint|p2a: Slowbro\n|\n|upkeep\n|\n|t:|1637330561\n|switch|p2a: Omastar|Omastar, L82, F|249\/249\n|-damage|p2a: Omastar|218\/249|[from] Stealth Rock\n|turn|27\n|\n|t:|1637330566\n|move|p1a: Necrozma|Earthquake|p2a: Omastar\n|-supereffective|p2a: Omastar\n|-damage|p2a: Omastar|0 fnt\n|faint|p2a: Omastar\n|\n|win|yuudachi0811\u5915\u7acb\n","inputlog":">version 5f9d7c5fd7d7784ad2f0d0f4b61ea6e75791baaf\n>version-origin 3918ebd609a2bd57e0326bf76fca79306b37a61f\n>start {\"formatid\":\"gen8randombattle\",\"seed\":[22047,3986,3859,20725]}\n>player p1 {\"name\":\"yuudachi0811\u5915\u7acb\",\"avatar\":\"170\",\"rating\":0,\"seed\":[54907,57684,27594,4786]}\n>player p2 {\"name\":\"swordsman.n\",\"avatar\":\"249\",\"rating\":0,\"seed\":[19401,22951,32338,38918]}\n>p1 move stealthrock\n>p2 switch 5\n>p1 switch 6\n>p2 move scald\n>p1 move uturn\n>p2 move thunderwave\n>p1 switch 6\n>p1 move headsmash\n>p2 move scald\n>p1 move headsmash\n>p2 move slackoff\n>p1 switch 6\n>p2 move slackoff\n>p1 move uturn\n>p2 move thunderwave\n>p1 switch 6\n>p1 switch 4\n>p2 move slackoff\n>p1 move shadowball\n>p2 move thunderwave\n>p1 move nastyplot\n>p2 switch 4\n>p1 move focusblast\n>p2 move bodyslam\n>p2 switch 2\n>p1 move psychic\n>p2 move sludgewave\n>p1 switch 2\n>p1 move tripleaxel\n>p2 switch 3\n>p1 switch 4\n>p2 move bodypress\n>p1 switch 3\n>p1 move shellsmash\n>p2 move bodypress\n>p1 move aquajet\n>p2 move bodypress\n>p1 switch 4\n>p1 switch 6\n>p2 move bodypress\n>p1 move powerwhip\n>p2 move bodypress\n>chat \u2606yuudachi0811\u5915\u7acb|\uff1f\n>chat \u2606swordsman.n|\u3002\n>p1 switch 5\n>p1 move dragondance\n>p2 move bodypress\n>p1 move sunsteelstrike\n>p2 move bodypress\n>p2 switch 5\n>p1 move earthquake dynamax\n>p2 move fireblast dynamax\n>p1 move earthquake dynamax\n>p2 move shellsmash dynamax\n>p1 move earthquake dynamax\n>p2 move dracometeor dynamax\n>p2 switch 4\n>p1 move earthquake\n>p2 switch 3\n>p2 switch 3\n>p1 move earthquake\n>p2 move scald\n>p1 move earthquake\n>p2 move scald\n>p2 switch 6\n>p1 move earthquake\n>p2 move shellsmash","uploadtime":1637330572,"views":14,"p1id":"yuudachi0811","p2id":"swordsmann","formatid":"gen8randombattle","rating":0,"private":0,"password":null}