{"id":"china-gen8randombattle-3895703","p1":"swordsman.n","p2":"syelza","format":"gen8randombattle","log":"|j|\u2606swordsman.n\n|j|\u2606syelza\n|t:|1637397595\n|gametype|singles\n|player|p1|swordsman.n|caitlin|\n|player|p2|syelza|pokemonrangerf-gen4|\n|teamsize|p1|6\n|teamsize|p2|6\n|gen|8\n|tier|[Gen 8] Random Battle\n|rule|Species Clause: Limit one of each Pok\u00e9mon\n|rule|HP Percentage Mod: HP is shown in percentages\n|rule|Sleep Clause Mod: Limit one foe put to sleep\n|\n|t:|1637397595\n|start\n|switch|p1a: Togedemaru|Togedemaru, L86, F|252\/252\n|switch|p2a: Diggersby|Diggersby, L80, M|267\/267\n|turn|1\n|\n|t:|1637397610\n|move|p1a: Togedemaru|Iron Head|p2a: Diggersby\n|-damage|p2a: Diggersby|156\/267\n|cant|p2a: Diggersby|flinch\n|\n|upkeep\n|turn|2\n|\n|t:|1637397618\n|switch|p2a: Quagsire|Quagsire, L84, M|297\/297\n|move|p1a: Togedemaru|Iron Head|p2a: Quagsire\n|-resisted|p2a: Quagsire\n|-damage|p2a: Quagsire|249\/297\n|\n|-heal|p2a: Quagsire|267\/297|[from] item: Leftovers\n|upkeep\n|turn|3\n|\n|t:|1637397625\n|move|p1a: Togedemaru|U-turn|p2a: Quagsire\n|-damage|p2a: Quagsire|211\/297\n|j| yuudachi0811\u5915\u7acb\n|\n|t:|1637397640\n|switch|p1a: Lapras|Lapras, L86, F|364\/364\n|move|p2a: Quagsire|Toxic|p1a: Lapras\n|-status|p1a: Lapras|tox\n|\n|-heal|p2a: Quagsire|229\/297|[from] item: Leftovers\n|-damage|p1a: Lapras|342\/364 tox|[from] psn\n|upkeep\n|turn|4\n|\n|t:|1637397666\n|switch|p2a: Avalugg|Avalugg, L86, F|304\/304\n|move|p1a: Lapras|Sparkling Aria|p2a: Avalugg\n|-damage|p2a: Avalugg|171\/304\n|\n|-damage|p1a: Lapras|298\/364 tox|[from] psn\n|upkeep\n|turn|5\n|\n|t:|1637397691\n|switch|p1a: Tentacruel|Tentacruel, L84, M|272\/272\n|move|p2a: Avalugg|Body Press|p1a: Tentacruel\n|-resisted|p1a: Tentacruel\n|-damage|p1a: Tentacruel|209\/272\n|\n|-heal|p1a: Tentacruel|226\/272|[from] item: Black Sludge\n|upkeep\n|turn|6\n|\n|t:|1637397699\n|move|p1a: Tentacruel|Toxic Spikes|p2a: Avalugg\n|-sidestart|p2: syelza|move: Toxic Spikes\n|move|p2a: Avalugg|Recover|p2a: Avalugg\n|-heal|p2a: Avalugg|304\/304\n|\n|-heal|p1a: Tentacruel|243\/272|[from] item: Black Sludge\n|upkeep\n|turn|7\n|\n|t:|1637397710\n|move|p1a: Tentacruel|Sludge Bomb|p2a: Avalugg\n|-damage|p2a: Avalugg|183\/304\n|-status|p2a: Avalugg|psn\n|move|p2a: Avalugg|Rapid Spin|p1a: Tentacruel\n|-damage|p1a: Tentacruel|187\/272\n|-boost|p2a: Avalugg|spe|1\n|-sideend|p2: syelza|Toxic Spikes|[from] move: Rapid Spin|[of] p2a: Avalugg\n|\n|-heal|p1a: Tentacruel|204\/272|[from] item: Black Sludge\n|-damage|p2a: Avalugg|145\/304 psn|[from] psn\n|upkeep\n|turn|8\n|j| rami3e\n|\n|t:|1637397719\n|switch|p2a: Beheeyem|Beheeyem, L86, F|269\/269\n|move|p1a: Tentacruel|Toxic Spikes|p2a: Beheeyem\n|-sidestart|p2: syelza|move: Toxic Spikes\n|\n|-heal|p1a: Tentacruel|221\/272|[from] item: Black Sludge\n|upkeep\n|turn|9\n|\n|t:|1637397731\n|switch|p1a: Togedemaru|Togedemaru, L86, F|252\/252\n|move|p2a: Beheeyem|Trick Room|p2a: Beheeyem\n|-fieldstart|move: Trick Room|[of] p2a: Beheeyem\n|\n|upkeep\n|turn|10\n|\n|t:|1637397752\n|-start|p2a: Beheeyem|Dynamax\n|-heal|p2a: Beheeyem|538\/538|[silent]\n|move|p2a: Beheeyem|Max Phantasm|p1a: Togedemaru\n|-damage|p1a: Togedemaru|87\/252\n|-unboost|p1a: Togedemaru|def|1\n|-damage|p2a: Beheeyem|512\/538|[from] item: Life Orb\n|move|p1a: Togedemaru|U-turn|p2a: Beheeyem\n|-supereffective|p2a: Beheeyem\n|-crit|p2a: Beheeyem\n|-damage|p2a: Beheeyem|330\/538\n|\n|t:|1637397764\n|switch|p1a: Lapras|Lapras, L86, F|298\/364 tox\n|\n|-damage|p1a: Lapras|276\/364 tox|[from] psn\n|upkeep\n|turn|11\n|\n|t:|1637397797\n|move|p2a: Beheeyem|Max Lightning|p1a: Lapras\n|-supereffective|p1a: Lapras\n|-damage|p1a: Lapras|16\/364 tox\n|-fieldstart|move: Electric Terrain\n|-damage|p2a: Beheeyem|304\/538|[from] item: Life Orb\n|move|p1a: Lapras|Toxic|p2a: Beheeyem\n|-status|p2a: Beheeyem|tox\n|\n|-damage|p2a: Beheeyem|288\/538 tox|[from] psn\n|-damage|p1a: Lapras|0 fnt|[from] psn\n|faint|p1a: Lapras\n|upkeep\n|\n|t:|1637397816\n|switch|p1a: Togedemaru|Togedemaru, L86, F|87\/252\n|turn|12\n|\n|t:|1637397831\n|move|p2a: Beheeyem|Max Mindstorm|p1a: Togedemaru\n|-resisted|p1a: Togedemaru\n|-damage|p1a: Togedemaru|0 fnt\n|-fieldstart|move: Psychic Terrain\n|faint|p1a: Togedemaru\n|-damage|p2a: Beheeyem|262\/538 tox|[from] item: Life Orb\n|\n|-damage|p2a: Beheeyem|230\/538 tox|[from] psn\n|-end|p2a: Beheeyem|Dynamax\n|-heal|p2a: Beheeyem|115\/269 tox|[silent]\n|upkeep\n|\n|t:|1637397844\n|switch|p1a: Calyrex|Calyrex-Shadow, L65|238\/238\n|-ability|p1a: Calyrex|As One\n|-ability|p1a: Calyrex|Unnerve\n|turn|13\n|\n|t:|1637397859\n|switch|p1a: Type: Null|Type: Null, L86|304\/304\n|move|p2a: Beheeyem|Shadow Ball|p1a: Type: Null\n|-immune|p1a: Type: Null\n|\n|-damage|p2a: Beheeyem|67\/269 tox|[from] psn\n|-fieldend|move: Trick Room\n|upkeep\n|turn|14\n|\n|t:|1637397875\n|move|p1a: Type: Null|Crush Claw|p2a: Beheeyem\n|-damage|p2a: Beheeyem|0 fnt\n|faint|p2a: Beheeyem\n|\n|upkeep\n|j| lxnb\n|\n|t:|1637397880\n|switch|p2a: Avalugg|Avalugg, L86, F|145\/304 psn\n|turn|15\n|l| lxnb\n|\n|t:|1637397888\n|switch|p1a: Tentacruel|Tentacruel, L84, M|221\/272\n|move|p2a: Avalugg|Recover|p2a: Avalugg\n|-heal|p2a: Avalugg|297\/304 psn\n|\n|-heal|p1a: Tentacruel|238\/272|[from] item: Black Sludge\n|-damage|p2a: Avalugg|259\/304 psn|[from] psn\n|upkeep\n|turn|16\n|\n|t:|1637397903\n|move|p1a: Tentacruel|Scald|p2a: Avalugg\n|-crit|p2a: Avalugg\n|-damage|p2a: Avalugg|87\/304 psn\n|move|p2a: Avalugg|Rapid Spin|p1a: Tentacruel\n|-damage|p1a: Tentacruel|185\/272\n|-boost|p2a: Avalugg|spe|1\n|-sideend|p2: syelza|Toxic Spikes|[from] move: Rapid Spin|[of] p2a: Avalugg\n|\n|-heal|p1a: Tentacruel|202\/272|[from] item: Black Sludge\n|-damage|p2a: Avalugg|49\/304 psn|[from] psn\n|-fieldend|move: Psychic Terrain\n|upkeep\n|turn|17\n|\n|t:|1637397914\n|move|p1a: Tentacruel|Toxic Spikes|p2a: Avalugg\n|-sidestart|p2: syelza|move: Toxic Spikes\n|move|p2a: Avalugg|Rapid Spin|p1a: Tentacruel\n|-damage|p1a: Tentacruel|147\/272\n|-boost|p2a: Avalugg|spe|1\n|-sideend|p2: syelza|Toxic Spikes|[from] move: Rapid Spin|[of] p2a: Avalugg\n|\n|-heal|p1a: Tentacruel|164\/272|[from] item: Black Sludge\n|-damage|p2a: Avalugg|11\/304 psn|[from] psn\n|upkeep\n|turn|18\n|\n|t:|1637397935\n|move|p1a: Tentacruel|Scald|p2a: Avalugg\n|-damage|p2a: Avalugg|0 fnt\n|faint|p2a: Avalugg\n|\n|-heal|p1a: Tentacruel|181\/272|[from] item: Black Sludge\n|upkeep\n|\n|t:|1637397946\n|switch|p2a: Tauros|Tauros, L82, M|257\/257\n|turn|19\n|\n|t:|1637397961\n|switch|p1a: Type: Null|Type: Null, L86|304\/304\n|move|p2a: Tauros|Zen Headbutt|p1a: Type: Null|[miss]\n|-miss|p2a: Tauros|p1a: Type: Null\n|\n|upkeep\n|turn|20\n|\n|t:|1637397983\n|switch|p1a: Tentacruel|Tentacruel, L84, M|181\/272\n|move|p2a: Tauros|Body Slam|p1a: Tentacruel\n|-damage|p1a: Tentacruel|12\/272\n|\n|-heal|p1a: Tentacruel|29\/272|[from] item: Black Sludge\n|upkeep\n|turn|21\n|\n|t:|1637397992\n|switch|p1a: Type: Null|Type: Null, L86|304\/304\n|move|p2a: Tauros|Throat Chop|p1a: Type: Null\n|-damage|p1a: Type: Null|249\/304\n|\n|upkeep\n|turn|22\n|\n|t:|1637398000\n|move|p2a: Tauros|Close Combat|p1a: Type: Null\n|-supereffective|p1a: Type: Null\n|-damage|p1a: Type: Null|106\/304\n|-unboost|p2a: Tauros|def|1\n|-unboost|p2a: Tauros|spd|1\n|-damage|p2a: Tauros|232\/257|[from] item: Life Orb\n|move|p1a: Type: Null|Swords Dance|p1a: Type: Null\n|-boost|p1a: Type: Null|atk|2\n|\n|upkeep\n|turn|23\n|\n|t:|1637398030\n|switch|p2a: Diggersby|Diggersby, L80, M|156\/267\n|switch|p1a: Tentacruel|Tentacruel, L84, M|29\/272\n|\n|-heal|p1a: Tentacruel|46\/272|[from] item: Black Sludge\n|upkeep\n|turn|24\n|\n|t:|1637398040\n|move|p2a: Diggersby|Quick Attack|p1a: Tentacruel\n|-damage|p1a: Tentacruel|0 fnt\n|faint|p1a: Tentacruel\n|-damage|p2a: Diggersby|130\/267|[from] item: Life Orb\n|\n|upkeep\n|c|\u2606syelza|\u9b3c\u9a6c\u80fd\u6781\u5de8\u5316\u5417\n|\n|t:|1637398063\n|switch|p1a: Calyrex|Calyrex-Shadow, L65|238\/238\n|-ability|p1a: Calyrex|As One\n|-ability|p1a: Calyrex|Unnerve\n|turn|25\n|\n|t:|1637398076\n|-start|p1a: Calyrex|Dynamax\n|-heal|p1a: Calyrex|476\/476|[silent]\n|move|p1a: Calyrex|Max Mindstorm|p2a: Diggersby\n|-damage|p2a: Diggersby|0 fnt\n|-fieldstart|move: Psychic Terrain\n|faint|p2a: Diggersby\n|-ability|p1a: Calyrex|Grim Neigh|boost\n|-boost|p1a: Calyrex|spa|1\n|\n|upkeep\n|c|\u2606swordsman.n|\u770b\u6765\u80fd\n|\n|t:|1637398095\n|switch|p2a: Quagsire|Quagsire, L84, M|229\/297\n|turn|26\n|\n|t:|1637398099\n|move|p1a: Calyrex|Max Mindstorm|p2a: Quagsire\n|-damage|p2a: Quagsire|18\/297\n|move|p2a: Quagsire|Recover|p2a: Quagsire\n|-heal|p2a: Quagsire|167\/297\n|\n|-heal|p2a: Quagsire|185\/297|[from] item: Leftovers\n|upkeep\n|turn|27\n|\n|t:|1637398120\n|switch|p2a: Lugia|Lugia, L74|279\/279\n|move|p1a: Calyrex|Max Mindstorm|p2a: Lugia\n|-resisted|p2a: Lugia\n|-damage|p2a: Lugia|236\/279\n|\n|-end|p1a: Calyrex|Dynamax\n|-heal|p1a: Calyrex|238\/238|[silent]\n|upkeep\n|turn|28\n|\n|t:|1637398132\n|move|p1a: Calyrex|Astral Barrage|p2a: Lugia\n|-supereffective|p2a: Lugia\n|-damage|p2a: Lugia|0 fnt\n|faint|p2a: Lugia\n|-ability|p1a: Calyrex|Grim Neigh|boost\n|-boost|p1a: Calyrex|spa|1\n|\n|upkeep\n|\n|t:|1637398137\n|switch|p2a: Quagsire|Quagsire, L84, M|185\/297\n|turn|29\n|\n|t:|1637398143\n|move|p1a: Calyrex|Astral Barrage|p2a: Quagsire\n|-damage|p2a: Quagsire|43\/297\n|move|p2a: Quagsire|Recover|p2a: Quagsire\n|-heal|p2a: Quagsire|192\/297\n|\n|-heal|p2a: Quagsire|210\/297|[from] item: Leftovers\n|-fieldend|move: Psychic Terrain\n|upkeep\n|turn|30\n|\n|t:|1637398156\n|switch|p1a: Type: Null|Type: Null, L86|106\/304\n|move|p2a: Quagsire|Recover|p2a: Quagsire\n|-heal|p2a: Quagsire|297\/297\n|\n|upkeep\n|turn|31\n|\n|t:|1637398162\n|move|p1a: Type: Null|Rest|p1a: Type: Null\n|-status|p1a: Type: Null|slp|[from] move: Rest\n|-heal|p1a: Type: Null|304\/304 slp|[silent]\n|move|p2a: Quagsire|Toxic||[still]\n|-fail|p2a: Quagsire\n|\n|upkeep\n|turn|32\n|\n|t:|1637398171\n|cant|p1a: Type: Null|slp\n|move|p1a: Type: Null|Sleep Talk|p1a: Type: Null\n|move|p1a: Type: Null|Rest||[from]move: Sleep Talk|[still]\n|-fail|p1a: Type: Null\n|move|p2a: Quagsire|Scald|p1a: Type: Null\n|-damage|p1a: Type: Null|265\/304 slp\n|\n|upkeep\n|turn|33\n|\n|t:|1637398187\n|cant|p1a: Type: Null|slp\n|move|p1a: Type: Null|Sleep Talk|p1a: Type: Null\n|move|p1a: Type: Null|Crush Claw|p2a: Quagsire|[from]move: Sleep Talk\n|-damage|p2a: Quagsire|204\/297\n|-unboost|p2a: Quagsire|def|1\n|move|p2a: Quagsire|Scald|p1a: Type: Null\n|-damage|p1a: Type: Null|226\/304 slp\n|\n|-heal|p2a: Quagsire|222\/297|[from] item: Leftovers\n|upkeep\n|turn|34\n|c|\u2606syelza|GG\n|\n|t:|1637398206\n|-curestatus|p1a: Type: Null|slp|[msg]\n|move|p1a: Type: Null|Swords Dance|p1a: Type: Null\n|-boost|p1a: Type: Null|atk|2\n|move|p2a: Quagsire|Recover|p2a: Quagsire\n|-heal|p2a: Quagsire|297\/297\n|\n|upkeep\n|turn|35\n|\n|t:|1637398215\n|move|p1a: Type: Null|Swords Dance|p1a: Type: Null\n|-boost|p1a: Type: Null|atk|2\n|move|p2a: Quagsire|Scald|p1a: Type: Null\n|-damage|p1a: Type: Null|186\/304\n|\n|upkeep\n|turn|36\n|\n|t:|1637398238\n|move|p1a: Type: Null|Crush Claw|p2a: Quagsire\n|-damage|p2a: Quagsire|177\/297\n|-unboost|p2a: Quagsire|def|1\n|move|p2a: Quagsire|Scald|p1a: Type: Null\n|-damage|p1a: Type: Null|150\/304\n|-status|p1a: Type: Null|brn\n|\n|-heal|p2a: Quagsire|195\/297|[from] item: Leftovers\n|-damage|p1a: Type: Null|131\/304 brn|[from] brn\n|upkeep\n|turn|37\n|\n|t:|1637398279\n|move|p1a: Type: Null|Crush Claw|p2a: Quagsire\n|-damage|p2a: Quagsire|108\/297\n|-unboost|p2a: Quagsire|def|1\n|move|p2a: Quagsire|Recover|p2a: Quagsire\n|-heal|p2a: Quagsire|257\/297\n|\n|-heal|p2a: Quagsire|275\/297|[from] item: Leftovers\n|-damage|p1a: Type: Null|112\/304 brn|[from] brn\n|upkeep\n|turn|38\n|\n|t:|1637398288\n|move|p1a: Type: Null|Rest|p1a: Type: Null\n|-status|p1a: Type: Null|slp|[from] move: Rest\n|-heal|p1a: Type: Null|304\/304 slp|[silent]\n|move|p2a: Quagsire|Earthquake|p1a: Type: Null\n|-damage|p1a: Type: Null|250\/304 slp\n|\n|-heal|p2a: Quagsire|293\/297|[from] item: Leftovers\n|upkeep\n|turn|39\n|\n|t:|1637398297\n|cant|p1a: Type: Null|slp\n|move|p1a: Type: Null|Sleep Talk|p1a: Type: Null\n|move|p1a: Type: Null|Crush Claw|p2a: Quagsire|[from]move: Sleep Talk\n|-damage|p2a: Quagsire|94\/297\n|-unboost|p2a: Quagsire|def|1\n|move|p2a: Quagsire|Earthquake|p1a: Type: Null\n|-damage|p1a: Type: Null|187\/304 slp\n|\n|-heal|p2a: Quagsire|112\/297|[from] item: Leftovers\n|upkeep\n|turn|40\n|\n|t:|1637398308\n|cant|p1a: Type: Null|slp\n|move|p2a: Quagsire|Recover|p2a: Quagsire\n|-heal|p2a: Quagsire|261\/297\n|\n|-heal|p2a: Quagsire|279\/297|[from] item: Leftovers\n|upkeep\n|turn|41\n|\n|t:|1637398320\n|-curestatus|p1a: Type: Null|slp|[msg]\n|move|p1a: Type: Null|Swords Dance|p1a: Type: Null\n|-boost|p1a: Type: Null|atk|2\n|move|p2a: Quagsire|Scald|p1a: Type: Null\n|-damage|p1a: Type: Null|150\/304\n|\n|-heal|p2a: Quagsire|297\/297|[from] item: Leftovers\n|upkeep\n|turn|42\n|\n|t:|1637398334\n|move|p1a: Type: Null|Crush Claw|p2a: Quagsire\n|-damage|p2a: Quagsire|63\/297\n|move|p2a: Quagsire|Scald|p1a: Type: Null\n|-damage|p1a: Type: Null|110\/304\n|\n|-heal|p2a: Quagsire|81\/297|[from] item: Leftovers\n|upkeep\n|turn|43\n|\n|t:|1637398344\n|move|p1a: Type: Null|Rest|p1a: Type: Null\n|-status|p1a: Type: Null|slp|[from] move: Rest\n|-heal|p1a: Type: Null|304\/304 slp|[silent]\n|move|p2a: Quagsire|Scald|p1a: Type: Null\n|-damage|p1a: Type: Null|265\/304 slp\n|\n|-heal|p2a: Quagsire|99\/297|[from] item: Leftovers\n|upkeep\n|turn|44\n|c|\u2606swordsman.n|\u4e0d\u5bf9\uff0c\u4f60\u6781\u5de8\u8fc7\u4e86\n|\n|t:|1637398358\n|cant|p1a: Type: Null|slp\n|move|p1a: Type: Null|Sleep Talk|p1a: Type: Null\n|move|p1a: Type: Null|Swords Dance|p1a: Type: Null|[from]move: Sleep Talk\n|-boost|p1a: Type: Null|atk|0\n|move|p2a: Quagsire|Recover|p2a: Quagsire\n|-heal|p2a: Quagsire|248\/297\n|\n|-heal|p2a: Quagsire|266\/297|[from] item: Leftovers\n|upkeep\n|turn|45\n|\n|t:|1637398368\n|cant|p1a: Type: Null|slp\n|move|p1a: Type: Null|Sleep Talk|p1a: Type: Null\n|move|p1a: Type: Null|Swords Dance|p1a: Type: Null|[from]move: Sleep Talk\n|-boost|p1a: Type: Null|atk|0\n|move|p2a: Quagsire|Earthquake|p1a: Type: Null\n|-damage|p1a: Type: Null|208\/304 slp\n|\n|-heal|p2a: Quagsire|284\/297|[from] item: Leftovers\n|upkeep\n|turn|46\n|\n|t:|1637398377\n|-curestatus|p1a: Type: Null|slp|[msg]\n|move|p1a: Type: Null|Crush Claw|p2a: Quagsire\n|-damage|p2a: Quagsire|23\/297\n|-unboost|p2a: Quagsire|def|1\n|move|p2a: Quagsire|Scald|p1a: Type: Null\n|-damage|p1a: Type: Null|169\/304\n|\n|-heal|p2a: Quagsire|41\/297|[from] item: Leftovers\n|upkeep\n|turn|47\n|\n|t:|1637398389\n|move|p1a: Type: Null|Crush Claw|p2a: Quagsire\n|-damage|p2a: Quagsire|0 fnt\n|faint|p2a: Quagsire\n|\n|upkeep\n|\n|t:|1637398391\n|switch|p2a: Tauros|Tauros, L82, M|232\/257\n|turn|48\n|\n|t:|1637398403\n|move|p2a: Tauros|Body Slam|p1a: Type: Null\n|-damage|p1a: Type: Null|70\/304\n|move|p1a: Type: Null|Crush Claw|p2a: Tauros\n|-crit|p2a: Tauros\n|-damage|p2a: Tauros|0 fnt\n|faint|p2a: Tauros\n|\n|win|swordsman.n\n|l|\u2606syelza\n","inputlog":">version 5f9d7c5fd7d7784ad2f0d0f4b61ea6e75791baaf\n>version-origin 3918ebd609a2bd57e0326bf76fca79306b37a61f\n>start {\"formatid\":\"gen8randombattle\",\"seed\":[43687,28796,3402,47280]}\n>player p1 {\"name\":\"swordsman.n\",\"avatar\":\"caitlin\",\"rating\":0,\"seed\":[34305,19769,752,56388]}\n>player p2 {\"name\":\"syelza\",\"avatar\":\"pokemonrangerf-gen4\",\"rating\":0,\"seed\":[34529,4522,56330,39046]}\n>p1 move ironhead\n>p2 move swordsdance\n>p1 move ironhead\n>p2 switch 4\n>p1 move uturn\n>p2 move toxic\n>p1 switch 3\n>p1 move sparklingaria\n>p2 switch 2\n>p1 switch 2\n>p2 move bodypress\n>p1 move toxicspikes\n>p2 move recover\n>p1 move sludgebomb\n>p2 move rapidspin\n>p1 move toxicspikes\n>p2 switch 6\n>p1 switch 3\n>p2 move trickroom\n>p1 move uturn\n>p2 move shadowball dynamax\n>p1 switch 2\n>p1 move toxic\n>p2 move thunderbolt dynamax\n>p1 switch 2\n>p1 move uturn\n>p2 move psychic dynamax\n>p1 switch 5\n>p1 switch 4\n>p2 move shadowball\n>p1 move crushclaw\n>p2 move psychic\n>p2 switch 6\n>p1 switch 3\n>p2 move recover\n>p1 move scald\n>p2 move rapidspin\n>p1 move toxicspikes\n>p2 move rapidspin\n>p1 move scald\n>p2 move recover\n>p2 switch 5\n>p1 switch 3\n>p2 move zenheadbutt\n>p1 switch 3\n>p2 move bodyslam\n>p1 switch 3\n>p2 move throatchop\n>p1 move swordsdance\n>p2 move closecombat\n>p1 switch 3\n>p2 switch 4\n>p1 move toxicspikes\n>p2 move quickattack\n>chat \u2606syelza|\u9b3c\u9a6c\u80fd\u6781\u5de8\u5316\u5417\n>p1 switch 4\n>p1 move psyshock dynamax\n>p2 move earthquake\n>chat \u2606swordsman.n|\u770b\u6765\u80fd\n>p2 switch 2\n>p1 move psyshock dynamax\n>p2 move recover\n>p1 move psyshock dynamax\n>p2 switch 3\n>p1 move astralbarrage\n>p2 move toxic\n>p2 switch 3\n>p1 move astralbarrage\n>p2 move recover\n>p1 switch 3\n>p2 move recover\n>p1 move rest\n>p2 move toxic\n>p1 move sleeptalk\n>p2 move scald\n>p1 move sleeptalk\n>p2 move scald\n>chat \u2606syelza|GG\n>p1 move swordsdance\n>p2 move recover\n>p1 move swordsdance\n>p2 move scald\n>p1 move crushclaw\n>p2 move scald\n>p1 move crushclaw\n>p2 move recover\n>p1 move rest\n>p2 move earthquake\n>p1 move sleeptalk\n>p2 move earthquake\n>p1 move rest\n>p2 move recover\n>p1 move swordsdance\n>p2 move scald\n>p1 move crushclaw\n>p2 move scald\n>p1 move rest\n>p2 move scald\n>chat \u2606swordsman.n|\u4e0d\u5bf9\uff0c\u4f60\u6781\u5de8\u8fc7\u4e86\n>p1 move sleeptalk\n>p2 move recover\n>p1 move sleeptalk\n>p2 move earthquake\n>p1 move crushclaw\n>p2 move scald\n>p1 move crushclaw\n>p2 move toxic\n>p2 switch 4\n>p1 move crushclaw\n>p2 move bodyslam","uploadtime":1637398411,"views":9,"p1id":"swordsmann","p2id":"syelza","formatid":"gen8randombattle","rating":0,"private":0,"password":null}