{"id":"gen1ou-1677822391","p1":"Laroxyl","p2":"Ct0wn","format":"gen1ou","log":"|j|\u2606Laroxyl\n|j|\u2606Ct0wn\n|t:|1664928149\n|gametype|singles\n|player|p1|Laroxyl|#scl1spartans|\n|player|p2|Ct0wn|dawn|\n|teamsize|p1|6\n|teamsize|p2|6\n|gen|1\n|tier|[Gen 1] OU\n|rule|Desync Clause Mod: Desyncs changed to move failure.\n|rule|Sleep Clause Mod: Limit one foe put to sleep\n|rule|Freeze Clause Mod: Limit one foe frozen\n|rule|Species Clause: Limit one of each Pok\u00e9mon\n|rule|OHKO Clause: OHKO moves are banned\n|rule|Evasion Moves Clause: Evasion moves are banned\n|rule|Endless Battle Clause: Forcing endless battles is banned\n|rule|HP Percentage Mod: HP is shown in percentages\n|\n|t:|1664928149\n|start\n|switch|p1a: Starmie|Starmie|100\/100\n|switch|p2a: Starmie|Starmie|100\/100\n|turn|1\n|c|\u2606Ct0wn|Hf\n|\n|t:|1664928159\n|switch|p1a: Chansey|Chansey|100\/100\n|move|p2a: Starmie|Thunderbolt|p1a: Chansey\n|-damage|p1a: Chansey|91\/100\n|\n|upkeep\n|turn|2\n|j|+TSR\n|\n|t:|1664928167\n|move|p2a: Starmie|Blizzard|p1a: Chansey\n|-damage|p1a: Chansey|77\/100\n|move|p1a: Chansey|Sing|p2a: Starmie\n|-status|p2a: Starmie|slp|[from] move: Sing\n|\n|upkeep\n|turn|3\n|\n|t:|1664928183\n|switch|p2a: Chansey|Chansey|100\/100\n|switch|p1a: Snorlax|Snorlax|100\/100\n|\n|upkeep\n|turn|4\n|\n|t:|1664928192\n|switch|p1a: Chansey|Chansey|77\/100\n|move|p2a: Chansey|Sing|p1a: Chansey\n|-status|p1a: Chansey|slp|[from] move: Sing\n|\n|upkeep\n|turn|5\n|\n|t:|1664928195\n|switch|p2a: Tauros|Tauros|100\/100\n|-curestatus|p1a: Chansey|slp|[msg]\n|\n|upkeep\n|turn|6\n|\n|t:|1664928208\n|switch|p2a: Starmie|Starmie|100\/100 slp\n|move|p1a: Chansey|Soft-Boiled|p1a: Chansey\n|-heal|p1a: Chansey|100\/100\n|\n|upkeep\n|turn|7\n|\n|t:|1664928217\n|switch|p2a: Chansey|Chansey|100\/100\n|move|p1a: Chansey|Ice Beam|p2a: Chansey\n|-damage|p2a: Chansey|91\/100\n|\n|upkeep\n|turn|8\n|\n|t:|1664928224\n|switch|p1a: Starmie|Starmie|100\/100\n|move|p2a: Chansey|Sing|p1a: Starmie\n|-status|p1a: Starmie|slp|[from] move: Sing\n|\n|upkeep\n|turn|9\n|j| Ad Veritas\n|\n|t:|1664928236\n|switch|p1a: Snorlax|Snorlax|100\/100\n|move|p2a: Chansey|Ice Beam|p1a: Snorlax\n|-damage|p1a: Snorlax|80\/100\n|\n|upkeep\n|turn|10\n|\n|t:|1664928240\n|move|p2a: Chansey|Thunder Wave|p1a: Snorlax\n|-status|p1a: Snorlax|par\n|move|p1a: Snorlax|Body Slam|p2a: Chansey\n|-damage|p2a: Chansey|47\/100\n|\n|upkeep\n|turn|11\n|\n|t:|1664928246\n|move|p2a: Chansey|Soft-Boiled|p2a: Chansey\n|-heal|p2a: Chansey|97\/100\n|move|p1a: Snorlax|Body Slam|p2a: Chansey\n|-damage|p2a: Chansey|55\/100\n|\n|upkeep\n|turn|12\n|\n|t:|1664928251\n|move|p2a: Chansey|Soft-Boiled|p2a: Chansey\n|-heal|p2a: Chansey|100\/100\n|move|p1a: Snorlax|Body Slam|p2a: Chansey\n|-damage|p2a: Chansey|60\/100\n|\n|upkeep\n|turn|13\n|\n|t:|1664928256\n|move|p2a: Chansey|Soft-Boiled|p2a: Chansey\n|-heal|p2a: Chansey|100\/100\n|move|p1a: Snorlax|Body Slam|p2a: Chansey\n|-damage|p2a: Chansey|56\/100\n|\n|upkeep\n|turn|14\n|\n|t:|1664928261\n|move|p2a: Chansey|Soft-Boiled|p2a: Chansey\n|-heal|p2a: Chansey|100\/100\n|cant|p1a: Snorlax|par\n|\n|upkeep\n|turn|15\n|\n|t:|1664928266\n|switch|p2a: Snorlax|Snorlax|100\/100\n|move|p1a: Snorlax|Body Slam|p2a: Snorlax\n|-damage|p2a: Snorlax|74\/100\n|\n|upkeep\n|turn|16\n|\n|t:|1664928275\n|move|p2a: Snorlax|Body Slam|p1a: Snorlax\n|-damage|p1a: Snorlax|55\/100 par\n|move|p1a: Snorlax|Reflect|p1a: Snorlax\n|-start|p1a: Snorlax|Reflect\n|\n|upkeep\n|turn|17\n|\n|t:|1664928286\n|move|p2a: Snorlax|Body Slam|p1a: Snorlax\n|-damage|p1a: Snorlax|41\/100 par\n|move|p1a: Snorlax|Body Slam|p2a: Snorlax\n|-damage|p2a: Snorlax|48\/100\n|\n|upkeep\n|turn|18\n|\n|t:|1664928291\n|switch|p2a: Alakazam|Alakazam|100\/100\n|move|p1a: Snorlax|Rest|p1a: Snorlax\n|-status|p1a: Snorlax|slp|[from] move: Rest\n|-heal|p1a: Snorlax|100\/100 slp|[silent]\n|\n|upkeep\n|turn|19\n|j| DOUAS el maestro\n|\n|t:|1664928303\n|switch|p1a: Chansey|Chansey|100\/100\n|move|p2a: Alakazam|Psychic|p1a: Chansey\n|-damage|p1a: Chansey|82\/100\n|-unboost|p1a: Chansey|spd|1\n|-unboost|p1a: Chansey|spa|1\n|\n|upkeep\n|turn|20\n|\n|t:|1664928314\n|switch|p2a: Chansey|Chansey|100\/100\n|move|p1a: Chansey|Thunder Wave|p2a: Chansey\n|-status|p2a: Chansey|par\n|\n|upkeep\n|turn|21\n|\n|t:|1664928324\n|switch|p1a: Snorlax|Snorlax|100\/100 slp\n|move|p2a: Chansey|Ice Beam|p1a: Snorlax|[miss]\n|-miss|p2a: Chansey\n|-hint|In Gen 1, moves with 100% accuracy can still miss 1\/256 of the time.\n|\n|upkeep\n|turn|22\n|\n|t:|1664928336\n|cant|p1a: Snorlax|slp\n|move|p2a: Chansey|Ice Beam|p1a: Snorlax\n|-damage|p1a: Snorlax|82\/100 slp\n|\n|upkeep\n|turn|23\n|\n|t:|1664928346\n|-curestatus|p1a: Snorlax|slp|[msg]\n|move|p2a: Chansey|Thunder Wave|p1a: Snorlax\n|-status|p1a: Snorlax|par\n|\n|upkeep\n|turn|24\n|\n|t:|1664928354\n|switch|p2a: Snorlax|Snorlax|48\/100\n|move|p1a: Snorlax|Body Slam|p2a: Snorlax\n|-damage|p2a: Snorlax|20\/100\n|\n|upkeep\n|turn|25\n|\n|t:|1664928359\n|switch|p1a: Cloyster|Cloyster|100\/100\n|move|p2a: Snorlax|Rest|p2a: Snorlax\n|-status|p2a: Snorlax|slp|[from] move: Rest\n|-heal|p2a: Snorlax|100\/100 slp|[silent]\n|\n|upkeep\n|turn|26\n|\n|t:|1664928369\n|switch|p1a: Tauros|Tauros|100\/100\n|switch|p2a: Starmie|Starmie|100\/100 slp\n|\n|upkeep\n|turn|27\n|\n|t:|1664928374\n|cant|p2a: Starmie|slp\n|move|p1a: Tauros|Body Slam|p2a: Starmie\n|-damage|p2a: Starmie|65\/100 slp\n|\n|upkeep\n|turn|28\n|\n|t:|1664928377\n|cant|p2a: Starmie|slp\n|move|p1a: Tauros|Body Slam|p2a: Starmie\n|-damage|p2a: Starmie|33\/100 slp\n|\n|upkeep\n|turn|29\n|\n|t:|1664928384\n|cant|p2a: Starmie|slp\n|move|p1a: Tauros|Body Slam|p2a: Starmie\n|-crit|p2a: Starmie\n|-damage|p2a: Starmie|0 fnt\n|faint|p2a: Starmie\n|\n|t:|1664928385\n|switch|p2a: Tauros|Tauros|100\/100\n|turn|30\n|\n|t:|1664928391\n|move|p1a: Tauros|Body Slam|p2a: Tauros\n|-damage|p2a: Tauros|73\/100\n|move|p2a: Tauros|Body Slam|p1a: Tauros\n|-damage|p1a: Tauros|73\/100\n|\n|upkeep\n|turn|31\n|\n|t:|1664928397\n|move|p1a: Tauros|Body Slam|p2a: Tauros\n|-damage|p2a: Tauros|45\/100\n|move|p2a: Tauros|Body Slam|p1a: Tauros\n|-damage|p1a: Tauros|44\/100\n|\n|upkeep\n|turn|32\n|\n|t:|1664928414\n|switch|p2a: Rhydon|Rhydon|100\/100\n|move|p1a: Tauros|Body Slam|p2a: Rhydon\n|-resisted|p2a: Rhydon\n|-damage|p2a: Rhydon|90\/100\n|\n|upkeep\n|turn|33\n|\n|t:|1664928433\n|switch|p1a: Cloyster|Cloyster|100\/100\n|switch|p2a: Alakazam|Alakazam|100\/100\n|\n|upkeep\n|turn|34\n|\n|t:|1664928443\n|switch|p2a: Snorlax|Snorlax|100\/100 slp\n|switch|p1a: Chansey|Chansey|82\/100\n|\n|upkeep\n|turn|35\n|\n|t:|1664928455\n|switch|p1a: Cloyster|Cloyster|100\/100\n|cant|p2a: Snorlax|slp\n|\n|upkeep\n|turn|36\n|\n|t:|1664928458\n|switch|p2a: Chansey|Chansey|100\/100 par\n|move|p1a: Cloyster|Blizzard|p2a: Chansey\n|-damage|p2a: Chansey|83\/100 par\n|\n|upkeep\n|turn|37\n|\n|t:|1664928465\n|switch|p1a: Snorlax|Snorlax|82\/100 par\n|move|p2a: Chansey|Thunder Wave|p1a: Snorlax\n|-fail|p1a: Snorlax|par\n|\n|upkeep\n|turn|38\n|\n|t:|1664928477\n|switch|p2a: Snorlax|Snorlax|100\/100 slp\n|move|p1a: Snorlax|Body Slam|p2a: Snorlax\n|-damage|p2a: Snorlax|73\/100 slp\n|\n|upkeep\n|turn|39\n|\n|t:|1664928486\n|-curestatus|p2a: Snorlax|slp|[msg]\n|cant|p1a: Snorlax|par\n|\n|upkeep\n|turn|40\n|\n|t:|1664928496\n|move|p2a: Snorlax|Body Slam|p1a: Snorlax\n|-damage|p1a: Snorlax|57\/100 par\n|move|p1a: Snorlax|Reflect|p1a: Snorlax\n|-start|p1a: Snorlax|Reflect\n|\n|upkeep\n|turn|41\n|\n|t:|1664928501\n|move|p2a: Snorlax|Reflect|p2a: Snorlax\n|-start|p2a: Snorlax|Reflect\n|move|p1a: Snorlax|Rest|p1a: Snorlax\n|-status|p1a: Snorlax|slp|[from] move: Rest\n|-heal|p1a: Snorlax|100\/100 slp|[silent]\n|\n|upkeep\n|turn|42\n|\n|t:|1664928508\n|move|p2a: Snorlax|Body Slam|p1a: Snorlax\n|-damage|p1a: Snorlax|88\/100 slp\n|cant|p1a: Snorlax|slp\n|\n|upkeep\n|turn|43\n|\n|t:|1664928511\n|move|p2a: Snorlax|Body Slam|p1a: Snorlax\n|-damage|p1a: Snorlax|74\/100 slp\n|-curestatus|p1a: Snorlax|slp|[msg]\n|\n|upkeep\n|turn|44\n|\n|t:|1664928515\n|move|p2a: Snorlax|Rest|p2a: Snorlax\n|-status|p2a: Snorlax|slp|[from] move: Rest\n|-heal|p2a: Snorlax|100\/100 slp|[silent]\n|move|p1a: Snorlax|Body Slam|p2a: Snorlax\n|-damage|p2a: Snorlax|88\/100 slp\n|\n|upkeep\n|turn|45\n|\n|t:|1664928519\n|switch|p1a: Cloyster|Cloyster|100\/100\n|cant|p2a: Snorlax|slp\n|\n|upkeep\n|turn|46\n|\n|t:|1664928526\n|switch|p2a: Chansey|Chansey|83\/100 par\n|move|p1a: Cloyster|Blizzard|p2a: Chansey\n|-damage|p2a: Chansey|66\/100 par\n|\n|upkeep\n|turn|47\n|\n|t:|1664928538\n|switch|p1a: Snorlax|Snorlax|74\/100\n|move|p2a: Chansey|Thunder Wave|p1a: Snorlax\n|-status|p1a: Snorlax|par\n|\n|upkeep\n|turn|48\n|\n|t:|1664928543\n|switch|p2a: Snorlax|Snorlax|88\/100 slp\n|move|p1a: Snorlax|Body Slam|p2a: Snorlax\n|-damage|p2a: Snorlax|61\/100 slp\n|\n|upkeep\n|turn|49\n|\n|t:|1664928575\n|-curestatus|p2a: Snorlax|slp|[msg]\n|cant|p1a: Snorlax|par\n|\n|upkeep\n|turn|50\n|\n|t:|1664928583\n|move|p2a: Snorlax|Body Slam|p1a: Snorlax\n|-damage|p1a: Snorlax|48\/100 par\n|move|p1a: Snorlax|Self-Destruct|p2a: Snorlax\n|-damage|p2a: Snorlax|0 fnt\n|faint|p2a: Snorlax\n|faint|p1a: Snorlax\n|\n|t:|1664928612\n|switch|p2a: Alakazam|Alakazam|100\/100\n|switch|p1a: Chansey|Chansey|82\/100\n|turn|51\n|\n|t:|1664928633\n|switch|p2a: Chansey|Chansey|66\/100 par\n|move|p1a: Chansey|Thunder Wave|p2a: Chansey\n|-fail|p2a: Chansey|par\n|\n|upkeep\n|turn|52\n|\n|t:|1664928640\n|switch|p1a: Cloyster|Cloyster|100\/100\n|move|p2a: Chansey|Thunder Wave|p1a: Cloyster\n|-status|p1a: Cloyster|par\n|\n|upkeep\n|turn|53\n|\n|t:|1664928648\n|move|p1a: Cloyster|Clamp|p2a: Chansey\n|-damage|p2a: Chansey|61\/100 par\n|cant|p2a: Chansey|partiallytrapped\n|\n|upkeep\n|turn|54\n|\n|t:|1664928651\n|switch|p2a: Alakazam|Alakazam|100\/100\n|cant|p1a: Cloyster|par\n|\n|upkeep\n|turn|55\n|\n|t:|1664928674\n|switch|p2a: Chansey|Chansey|61\/100 par\n|move|p1a: Cloyster|Explosion|p2a: Chansey\n|-damage|p2a: Chansey|0 fnt\n|faint|p2a: Chansey\n|faint|p1a: Cloyster\n|\n|t:|1664928694\n|switch|p1a: Chansey|Chansey|82\/100\n|switch|p2a: Alakazam|Alakazam|100\/100\n|turn|56\n|\n|t:|1664928702\n|move|p2a: Alakazam|Thunder Wave|p1a: Chansey\n|-status|p1a: Chansey|par\n|move|p1a: Chansey|Sing|p2a: Alakazam|[miss]\n|-miss|p1a: Chansey\n|\n|upkeep\n|turn|57\n|\n|t:|1664928709\n|switch|p2a: Rhydon|Rhydon|90\/100\n|move|p1a: Chansey|Soft-Boiled|p1a: Chansey\n|-heal|p1a: Chansey|100\/100 par\n|\n|upkeep\n|turn|58\n|\n|t:|1664928718\n|move|p2a: Rhydon|Substitute|p2a: Rhydon\n|-start|p2a: Rhydon|Substitute\n|-damage|p2a: Rhydon|65\/100\n|move|p1a: Chansey|Ice Beam|p2a: Rhydon\n|-supereffective|p2a: Rhydon\n|-end|p2a: Rhydon|Substitute\n|\n|upkeep\n|turn|59\n|\n|t:|1664928722\n|move|p2a: Rhydon|Earthquake|p1a: Chansey\n|-damage|p1a: Chansey|50\/100 par\n|move|p1a: Chansey|Ice Beam|p2a: Rhydon\n|-supereffective|p2a: Rhydon\n|-damage|p2a: Rhydon|9\/100\n|\n|upkeep\n|turn|60\n|\n|t:|1664928745\n|move|p2a: Rhydon|Earthquake|p1a: Chansey\n|-damage|p1a: Chansey|0 fnt\n|faint|p1a: Chansey\n|\n|t:|1664928750\n|switch|p1a: Tauros|Tauros|44\/100\n|turn|61\n|\n|t:|1664928769\n|move|p1a: Tauros|Body Slam|p2a: Rhydon\n|-resisted|p2a: Rhydon\n|-damage|p2a: Rhydon|0 fnt\n|faint|p2a: Rhydon\n|\n|t:|1664928771\n|switch|p2a: Alakazam|Alakazam|100\/100\n|turn|62\n|\n|t:|1664928788\n|switch|p1a: Alakazam|Alakazam|100\/100\n|move|p2a: Alakazam|Psychic|p1a: Alakazam\n|-resisted|p1a: Alakazam\n|-damage|p1a: Alakazam|82\/100\n|\n|upkeep\n|turn|63\n|\n|t:|1664928794\n|move|p1a: Alakazam|Thunder Wave|p2a: Alakazam\n|-status|p2a: Alakazam|par\n|move|p2a: Alakazam|Thunder Wave|p1a: Alakazam\n|-status|p1a: Alakazam|par\n|\n|upkeep\n|turn|64\n|\n|t:|1664928802\n|move|p2a: Alakazam|Psychic|p1a: Alakazam\n|-resisted|p1a: Alakazam\n|-damage|p1a: Alakazam|66\/100 par\n|cant|p1a: Alakazam|par\n|\n|upkeep\n|turn|65\n|\n|t:|1664928806\n|move|p1a: Alakazam|Recover|p1a: Alakazam\n|-heal|p1a: Alakazam|100\/100 par\n|move|p2a: Alakazam|Psychic|p1a: Alakazam\n|-resisted|p1a: Alakazam\n|-damage|p1a: Alakazam|83\/100 par\n|-unboost|p1a: Alakazam|spd|1\n|-unboost|p1a: Alakazam|spa|1\n|\n|upkeep\n|turn|66\n|\n|t:|1664928815\n|cant|p2a: Alakazam|par\n|cant|p1a: Alakazam|par\n|\n|upkeep\n|turn|67\n|\n|t:|1664928818\n|move|p2a: Alakazam|Psychic|p1a: Alakazam\n|-resisted|p1a: Alakazam\n|-damage|p1a: Alakazam|57\/100 par\n|-unboost|p1a: Alakazam|spd|1\n|-unboost|p1a: Alakazam|spa|1\n|move|p1a: Alakazam|Recover|p1a: Alakazam\n|-heal|p1a: Alakazam|100\/100 par\n|\n|upkeep\n|turn|68\n|\n|t:|1664928824\n|switch|p1a: Starmie|Starmie|100\/100 slp\n|move|p2a: Alakazam|Seismic Toss|p1a: Starmie\n|-damage|p1a: Starmie|70\/100 slp\n|\n|upkeep\n|turn|69\n|\n|t:|1664928836\n|switch|p2a: Tauros|Tauros|45\/100\n|-curestatus|p1a: Starmie|slp|[msg]\n|\n|upkeep\n|turn|70\n|\n|t:|1664928843\n|switch|p2a: Alakazam|Alakazam|100\/100 par\n|move|p1a: Starmie|Blizzard|p2a: Alakazam\n|-damage|p2a: Alakazam|76\/100 par\n|\n|upkeep\n|turn|71\n|\n|t:|1664928848\n|switch|p1a: Alakazam|Alakazam|100\/100 par\n|move|p2a: Alakazam|Thunder Wave|p1a: Alakazam\n|-fail|p1a: Alakazam|par\n|\n|upkeep\n|turn|72\n|\n|t:|1664928854\n|cant|p2a: Alakazam|par\n|move|p1a: Alakazam|Seismic Toss|p2a: Alakazam\n|-damage|p2a: Alakazam|44\/100 par\n|\n|upkeep\n|turn|73\n|\n|t:|1664928858\n|cant|p1a: Alakazam|par\n|cant|p2a: Alakazam|par\n|\n|upkeep\n|turn|74\n|\n|t:|1664928861\n|move|p1a: Alakazam|Seismic Toss|p2a: Alakazam\n|-damage|p2a: Alakazam|12\/100 par\n|cant|p2a: Alakazam|par\n|\n|upkeep\n|turn|75\n|\n|t:|1664928866\n|move|p1a: Alakazam|Psychic|p2a: Alakazam\n|-resisted|p2a: Alakazam\n|-damage|p2a: Alakazam|0 fnt\n|faint|p2a: Alakazam\n|c|\u2606Ct0wn|Fosho\n|\n|t:|1664928879\n|switch|p2a: Tauros|Tauros|45\/100\n|turn|76\n|\n|t:|1664928883\n|move|p2a: Tauros|Body Slam|p1a: Alakazam\n|-damage|p1a: Alakazam|50\/100 par\n|move|p1a: Alakazam|Psychic|p2a: Tauros\n|-damage|p2a: Tauros|0 fnt\n|faint|p2a: Tauros\n|\n|win|Laroxyl\n|c|\u2606Laroxyl|ggs\n|c|\u2606Ct0wn|4 0 turn wakes this set\n|c|\u2606Ct0wn|brazy\n|c|\u2606Ct0wn|gg\n","uploadtime":1664928890,"views":28,"p1id":"laroxyl","p2id":"ct0wn","formatid":"gen1ou","rating":0,"private":0,"password":null}