{"id":"gen1randombattle-1706970463","p1":"TheSoloestChicken","p2":"A Silly Goose","format":"gen1randombattle","log":"|j|\u2606TheSoloestChicken\n|j|\u2606A Silly Goose\n|t:|1668037539\n|gametype|singles\n|player|p1|TheSoloestChicken|2|\n|player|p2|A Silly Goose|2|\n|teamsize|p1|6\n|teamsize|p2|6\n|gen|1\n|tier|[Gen 1] Random Battle\n|rule|Desync Clause Mod: Desyncs changed to move failure.\n|rule|Sleep Clause Mod: Limit one foe put to sleep\n|rule|Freeze Clause Mod: Limit one foe frozen\n|rule|Species Clause: Limit one of each Pok\u00e9mon\n|rule|OHKO Clause: OHKO moves are banned\n|rule|Evasion Moves Clause: Evasion moves are banned\n|rule|Endless Battle Clause: Forcing endless battles is banned\n|rule|HP Percentage Mod: HP is shown in percentages\n|\n|t:|1668037539\n|start\n|switch|p1a: Butterfree|Butterfree, L77|251\/251\n|switch|p2a: Vaporeon|Vaporeon, L74|345\/345\n|turn|1\n|inactive|Battle timer is ON: inactive players will automatically lose when time's up. (requested by TheSoloestChicken)\n|\n|t:|1668037565\n|move|p1a: Butterfree|Sleep Powder|p2a: Vaporeon\n|-status|p2a: Vaporeon|slp|[from] move: Sleep Powder\n|cant|p2a: Vaporeon|slp\n|\n|upkeep\n|turn|2\n|\n|t:|1668037570\n|move|p1a: Butterfree|Psychic|p2a: Vaporeon\n|-damage|p2a: Vaporeon|301\/345 slp\n|cant|p2a: Vaporeon|slp\n|\n|upkeep\n|turn|3\n|\n|t:|1668037575\n|move|p1a: Butterfree|Psychic|p2a: Vaporeon\n|-damage|p2a: Vaporeon|259\/345 slp\n|-unboost|p2a: Vaporeon|spd|1\n|-unboost|p2a: Vaporeon|spa|1\n|cant|p2a: Vaporeon|slp\n|\n|upkeep\n|turn|4\n|\n|t:|1668037582\n|switch|p2a: Electrode|Electrode, L77|251\/251\n|move|p1a: Butterfree|Psychic|p2a: Electrode\n|-damage|p2a: Electrode|201\/251\n|\n|upkeep\n|turn|5\n|\n|t:|1668037586\n|move|p2a: Electrode|Thunderbolt|p1a: Butterfree\n|-supereffective|p1a: Butterfree\n|-damage|p1a: Butterfree|91\/251\n|move|p1a: Butterfree|Stun Spore|p2a: Electrode|[miss]\n|-miss|p1a: Butterfree\n|\n|upkeep\n|turn|6\n|\n|t:|1668037605\n|move|p2a: Electrode|Thunderbolt|p1a: Butterfree\n|-supereffective|p1a: Butterfree\n|-damage|p1a: Butterfree|0 fnt\n|faint|p1a: Butterfree\n|\n|t:|1668037625\n|switch|p1a: Mr. Mime|Mr. Mime, L77|220\/220\n|turn|7\n|\n|t:|1668037632\n|move|p2a: Electrode|Thunder Wave|p1a: Mr. Mime\n|-status|p1a: Mr. Mime|par\n|move|p1a: Mr. Mime|Thunder Wave|p2a: Electrode\n|-status|p2a: Electrode|par\n|\n|upkeep\n|turn|8\n|\n|t:|1668037638\n|move|p2a: Electrode|Thunderbolt|p1a: Mr. Mime\n|-damage|p1a: Mr. Mime|151\/220 par\n|cant|p1a: Mr. Mime|par\n|\n|upkeep\n|turn|9\n|\n|t:|1668037643\n|cant|p2a: Electrode|par\n|move|p1a: Mr. Mime|Psychic|p2a: Electrode\n|-damage|p2a: Electrode|107\/251 par\n|\n|upkeep\n|turn|10\n|\n|t:|1668037648\n|cant|p2a: Electrode|par\n|move|p1a: Mr. Mime|Psychic|p2a: Electrode\n|-damage|p2a: Electrode|10\/251 par\n|-unboost|p2a: Electrode|spd|1\n|-unboost|p2a: Electrode|spa|1\n|\n|upkeep\n|turn|11\n|\n|t:|1668037653\n|move|p1a: Mr. Mime|Psychic|p2a: Electrode\n|-damage|p2a: Electrode|0 fnt\n|faint|p2a: Electrode\n|\n|t:|1668037664\n|switch|p2a: Sandslash|Sandslash, L77|274\/274\n|turn|12\n|\n|t:|1668037676\n|move|p2a: Sandslash|Swords Dance|p2a: Sandslash\n|-boost|p2a: Sandslash|atk|2\n|move|p1a: Mr. Mime|Psychic|p2a: Sandslash\n|-crit|p2a: Sandslash\n|-damage|p2a: Sandslash|48\/274\n|\n|upkeep\n|turn|13\n|\n|t:|1668037681\n|move|p2a: Sandslash|Earthquake|p1a: Mr. Mime\n|-crit|p1a: Mr. Mime\n|-damage|p1a: Mr. Mime|0 fnt\n|faint|p1a: Mr. Mime\n|\n|t:|1668037705\n|switch|p1a: Mewtwo|Mewtwo, L62|261\/261\n|turn|14\n|\n|t:|1668037713\n|move|p1a: Mewtwo|Psychic|p2a: Sandslash\n|-damage|p2a: Sandslash|0 fnt\n|faint|p2a: Sandslash\n|\n|t:|1668037714\n|switch|p2a: Drowzee|Drowzee, L88|285\/285\n|turn|15\n|\n|t:|1668037722\n|move|p1a: Mewtwo|Amnesia|p1a: Mewtwo\n|-boost|p1a: Mewtwo|spd|2\n|-boost|p1a: Mewtwo|spa|2\n|move|p2a: Drowzee|Hypnosis|p1a: Mewtwo|[miss]\n|-miss|p2a: Drowzee\n|\n|upkeep\n|turn|16\n|\n|t:|1668037729\n|move|p1a: Mewtwo|Barrier|p1a: Mewtwo\n|-boost|p1a: Mewtwo|def|2\n|move|p2a: Drowzee|Hypnosis|p1a: Mewtwo|[miss]\n|-miss|p2a: Drowzee\n|\n|upkeep\n|turn|17\n|\n|t:|1668037734\n|move|p1a: Mewtwo|Amnesia|p1a: Mewtwo\n|-boost|p1a: Mewtwo|spd|2\n|-boost|p1a: Mewtwo|spa|2\n|move|p2a: Drowzee|Hypnosis|p1a: Mewtwo|[miss]\n|-miss|p2a: Drowzee\n|\n|upkeep\n|turn|18\n|\n|t:|1668037738\n|move|p1a: Mewtwo|Psychic|p2a: Drowzee\n|-resisted|p2a: Drowzee\n|-damage|p2a: Drowzee|185\/285\n|move|p2a: Drowzee|Hypnosis|p1a: Mewtwo|[miss]\n|-miss|p2a: Drowzee\n|\n|upkeep\n|turn|19\n|\n|t:|1668037742\n|move|p1a: Mewtwo|Psychic|p2a: Drowzee\n|-resisted|p2a: Drowzee\n|-damage|p2a: Drowzee|76\/285\n|move|p2a: Drowzee|Hypnosis|p1a: Mewtwo\n|-status|p1a: Mewtwo|slp|[from] move: Hypnosis\n|\n|upkeep\n|turn|20\n|\n|t:|1668037753\n|-curestatus|p1a: Mewtwo|slp|[msg]\n|move|p2a: Drowzee|Seismic Toss|p1a: Mewtwo\n|-damage|p1a: Mewtwo|173\/261\n|\n|upkeep\n|turn|21\n|\n|t:|1668037760\n|move|p1a: Mewtwo|Psychic|p2a: Drowzee\n|-crit|p2a: Drowzee\n|-resisted|p2a: Drowzee\n|-damage|p2a: Drowzee|12\/285\n|move|p2a: Drowzee|Thunder Wave|p1a: Mewtwo\n|-status|p1a: Mewtwo|par\n|\n|upkeep\n|turn|22\n|\n|t:|1668037768\n|move|p2a: Drowzee|Seismic Toss|p1a: Mewtwo\n|-damage|p1a: Mewtwo|85\/261 par\n|move|p1a: Mewtwo|Rest|p1a: Mewtwo\n|-status|p1a: Mewtwo|slp|[from] move: Rest\n|-heal|p1a: Mewtwo|261\/261 slp|[silent]\n|\n|upkeep\n|turn|23\n|\n|t:|1668037781\n|move|p2a: Drowzee|Seismic Toss|p1a: Mewtwo\n|-damage|p1a: Mewtwo|173\/261 slp\n|cant|p1a: Mewtwo|slp\n|\n|upkeep\n|turn|24\n|\n|t:|1668037792\n|move|p2a: Drowzee|Seismic Toss|p1a: Mewtwo|[miss]\n|-miss|p2a: Drowzee\n|-hint|In Gen 1, moves with 100% accuracy can still miss 1\/256 of the time.\n|-curestatus|p1a: Mewtwo|slp|[msg]\n|\n|upkeep\n|turn|25\n|\n|t:|1668037796\n|move|p2a: Drowzee|Thunder Wave|p1a: Mewtwo\n|-status|p1a: Mewtwo|par\n|cant|p1a: Mewtwo|par\n|\n|upkeep\n|turn|26\n|\n|t:|1668037802\n|move|p2a: Drowzee|Seismic Toss|p1a: Mewtwo\n|-damage|p1a: Mewtwo|85\/261 par\n|move|p1a: Mewtwo|Psychic|p2a: Drowzee\n|-resisted|p2a: Drowzee\n|-damage|p2a: Drowzee|0 fnt\n|faint|p2a: Drowzee\n|\n|t:|1668037811\n|switch|p2a: Omastar|Omastar, L74|256\/256\n|turn|27\n|\n|t:|1668037818\n|move|p2a: Omastar|Seismic Toss|p1a: Mewtwo\n|-damage|p1a: Mewtwo|11\/261 par\n|move|p1a: Mewtwo|Rest|p1a: Mewtwo\n|-status|p1a: Mewtwo|slp|[from] move: Rest\n|-heal|p1a: Mewtwo|261\/261 slp|[silent]\n|\n|upkeep\n|turn|28\n|\n|t:|1668037825\n|move|p2a: Omastar|Seismic Toss|p1a: Mewtwo\n|-damage|p1a: Mewtwo|187\/261 slp\n|cant|p1a: Mewtwo|slp\n|\n|upkeep\n|turn|29\n|\n|t:|1668037828\n|move|p2a: Omastar|Seismic Toss|p1a: Mewtwo\n|-damage|p1a: Mewtwo|113\/261 slp\n|-curestatus|p1a: Mewtwo|slp|[msg]\n|\n|upkeep\n|turn|30\n|\n|t:|1668037831\n|move|p2a: Omastar|Seismic Toss|p1a: Mewtwo\n|-damage|p1a: Mewtwo|39\/261\n|move|p1a: Mewtwo|Psychic|p2a: Omastar\n|-crit|p2a: Omastar\n|-damage|p2a: Omastar|119\/256\n|\n|upkeep\n|turn|31\n|\n|t:|1668037839\n|move|p2a: Omastar|Seismic Toss|p1a: Mewtwo\n|-damage|p1a: Mewtwo|0 fnt\n|faint|p1a: Mewtwo\n|\n|t:|1668037844\n|switch|p1a: Jolteon|Jolteon, L68|229\/229\n|turn|32\n|\n|t:|1668037848\n|switch|p2a: Ivysaur|Ivysaur, L80|260\/260\n|move|p1a: Jolteon|Thunderbolt|p2a: Ivysaur\n|-resisted|p2a: Ivysaur\n|-damage|p2a: Ivysaur|222\/260\n|-status|p2a: Ivysaur|par\n|\n|upkeep\n|turn|33\n|\n|t:|1668037853\n|switch|p1a: Ninetales|Ninetales, L77|271\/271\n|move|p2a: Ivysaur|Sleep Powder|p1a: Ninetales\n|-status|p1a: Ninetales|slp|[from] move: Sleep Powder\n|\n|upkeep\n|turn|34\n|\n|t:|1668037858\n|switch|p2a: Vaporeon|Vaporeon, L74|259\/345 slp\n|cant|p1a: Ninetales|slp\n|\n|upkeep\n|turn|35\n|\n|t:|1668037862\n|switch|p1a: Jolteon|Jolteon, L68|229\/229\n|-curestatus|p2a: Vaporeon|slp|[msg]\n|\n|upkeep\n|turn|36\n|\n|t:|1668037866\n|switch|p2a: Ivysaur|Ivysaur, L80|222\/260 par\n|move|p1a: Jolteon|Thunderbolt|p2a: Ivysaur\n|-resisted|p2a: Ivysaur\n|-damage|p2a: Ivysaur|182\/260 par\n|\n|upkeep\n|turn|37\n|\n|t:|1668037874\n|switch|p1a: Aerodactyl|Aerodactyl, L74|271\/271\n|move|p2a: Ivysaur|Body Slam|p1a: Aerodactyl\n|-resisted|p1a: Aerodactyl\n|-damage|p1a: Aerodactyl|243\/271\n|-status|p1a: Aerodactyl|par\n|\n|upkeep\n|turn|38\n|\n|t:|1668037879\n|switch|p2a: Vaporeon|Vaporeon, L74|259\/345\n|move|p1a: Aerodactyl|Fire Blast|p2a: Vaporeon\n|-resisted|p2a: Vaporeon\n|-damage|p2a: Vaporeon|237\/345\n|\n|upkeep\n|turn|39\n|\n|t:|1668037884\n|move|p2a: Vaporeon|Surf|p1a: Aerodactyl\n|-crit|p1a: Aerodactyl\n|-supereffective|p1a: Aerodactyl\n|-damage|p1a: Aerodactyl|0 fnt\n|faint|p1a: Aerodactyl\n|\n|t:|1668037890\n|switch|p1a: Jolteon|Jolteon, L68|229\/229\n|turn|40\n|\n|t:|1668037895\n|move|p1a: Jolteon|Thunderbolt|p2a: Vaporeon\n|-supereffective|p2a: Vaporeon\n|-damage|p2a: Vaporeon|103\/345\n|move|p2a: Vaporeon|Surf|p1a: Jolteon\n|-crit|p1a: Jolteon\n|-damage|p1a: Jolteon|44\/229\n|\n|upkeep\n|turn|41\n|\n|t:|1668037907\n|move|p1a: Jolteon|Thunderbolt|p2a: Vaporeon\n|-supereffective|p2a: Vaporeon\n|-damage|p2a: Vaporeon|0 fnt\n|faint|p2a: Vaporeon\n|\n|t:|1668037909\n|switch|p2a: Ivysaur|Ivysaur, L80|182\/260 par\n|turn|42\n|\n|t:|1668037920\n|move|p1a: Jolteon|Body Slam|p2a: Ivysaur\n|-crit|p2a: Ivysaur\n|-damage|p2a: Ivysaur|106\/260 par\n|move|p2a: Ivysaur|Body Slam|p1a: Jolteon\n|-damage|p1a: Jolteon|0 fnt\n|faint|p1a: Jolteon\n|\n|t:|1668037927\n|switch|p1a: Ninetales|Ninetales, L77|271\/271 slp\n|turn|43\n|\n|t:|1668037930\n|switch|p2a: Omastar|Omastar, L74|119\/256\n|cant|p1a: Ninetales|slp\n|\n|upkeep\n|turn|44\n|\n|t:|1668037935\n|cant|p1a: Ninetales|slp\n|move|p2a: Omastar|Surf|p1a: Ninetales\n|-crit|p1a: Ninetales\n|-supereffective|p1a: Ninetales\n|-damage|p1a: Ninetales|0 fnt\n|faint|p1a: Ninetales\n|\n|win|A Silly Goose\n|l|\u2606TheSoloestChicken\n","inputlog":">version 453a3ad56483cc6a5c08448f6577d394b68621b7\n>start {\"formatid\":\"gen1randombattle\",\"seed\":[5731,3791,33757,12252]}\n>player p1 {\"name\":\"TheSoloestChicken\",\"avatar\":\"2\",\"rating\":0,\"seed\":[60961,11007,8382,46156]}\n>player p2 {\"name\":\"A Silly Goose\",\"avatar\":\"2\",\"rating\":0,\"seed\":[37550,1114,38139,54971]}\n>p1 move sleeppowder\n>p2 move blizzard\n>p1 move psychic\n>p2 move blizzard\n>p1 move psychic\n>p2 move blizzard\n>p1 move psychic\n>p2 switch 5\n>p1 move stunspore\n>p2 move thunderbolt\n>p1 move stunspore\n>p2 move thunderbolt\n>p1 switch 3\n>p1 move thunderwave\n>p2 move thunderwave\n>p1 move psychic\n>p2 move thunderbolt\n>p1 move psychic\n>p2 move thunderbolt\n>p1 move psychic\n>p2 move explosion\n>p1 move psychic\n>p2 move explosion\n>p2 switch 6\n>p1 move psychic\n>p2 move swordsdance\n>p1 move psychic\n>p2 move earthquake\n>p1 switch 4\n>p1 move psychic\n>p2 move earthquake\n>p2 switch 2\n>p1 move amnesia\n>p2 move hypnosis\n>p1 move barrier\n>p2 move hypnosis\n>p1 move amnesia\n>p2 move hypnosis\n>p1 move psychic\n>p2 move hypnosis\n>p1 move psychic\n>p2 move hypnosis\n>p1 move psychic\n>p2 move seismictoss\n>p1 move psychic\n>p2 move thunderwave\n>p1 move rest\n>p2 move seismictoss\n>p1 move psychic\n>p2 move seismictoss\n>p1 move psychic\n>p2 move seismictoss\n>p1 move psychic\n>p2 move thunderwave\n>p1 move psychic\n>p2 move seismictoss\n>p2 switch 3\n>p1 move rest\n>p2 move seismictoss\n>p1 move psychic\n>p2 move seismictoss\n>p1 move psychic\n>p2 move seismictoss\n>p1 move psychic\n>p2 move seismictoss\n>p1 move rest\n>p2 move seismictoss\n>p1 switch 6\n>p1 move thunderbolt\n>p2 switch 4\n>p1 switch 5\n>p2 move sleeppowder\n>p1 move confuseray\n>p2 switch 5\n>p1 switch 5\n>p2 move surf\n>p1 move thunderbolt\n>p2 switch 5\n>p1 switch 2\n>p2 move bodyslam\n>p1 move fireblast\n>p2 switch 5\n>p1 move doubleedge\n>p2 move surf\n>p1 switch 2\n>p1 move thunderbolt\n>p2 move surf\n>p1 move thunderbolt\n>p2 move surf\n>p2 switch 5\n>p1 move bodyslam\n>p2 move bodyslam\n>p1 switch 5\n>p1 move confuseray\n>p2 switch 4\n>p1 move confuseray\n>p2 move surf","uploadtime":1668037964,"views":5,"p1id":"thesoloestchicken","p2id":"asillygoose","formatid":"gen1randombattle","rating":0,"private":0,"password":null}