{"id":"gen1randombattle-1683471744","p1":"LoSconosciuto","p2":"alpha male psyduck","format":"gen1randombattle","log":"|j|\u2606LoSconosciuto\n|j|\u2606alpha male psyduck\n|t:|1665528072\n|gametype|singles\n|player|p1|LoSconosciuto|#teamgapdos|\n|player|p2|alpha male psyduck|cyclist-gen4|\n|teamsize|p1|6\n|teamsize|p2|6\n|gen|1\n|tier|[Gen 1] Random Battle\n|rule|Desync Clause Mod: Desyncs changed to move failure.\n|rule|Sleep Clause Mod: Limit one foe put to sleep\n|rule|Freeze Clause Mod: Limit one foe frozen\n|rule|Species Clause: Limit one of each Pok\u00e9mon\n|rule|OHKO Clause: OHKO moves are banned\n|rule|Evasion Moves Clause: Evasion moves are banned\n|rule|Endless Battle Clause: Forcing endless battles is banned\n|rule|HP Percentage Mod: HP is shown in percentages\n|\n|t:|1665528072\n|start\n|switch|p1a: Lickitung|Lickitung, L77|297\/297\n|switch|p2a: Sandslash|Sandslash, L77|274\/274\n|turn|1\n|inactive|Battle timer is ON: inactive players will automatically lose when time's up. (requested by LoSconosciuto)\n|c|\u2606LoSconosciuto|hf\n|c|\u2606alpha male psyduck|you too\n|inactive|alpha male psyduck has 270 seconds left.\n|\n|t:|1665528106\n|move|p2a: Sandslash|Earthquake|p1a: Lickitung\n|-damage|p1a: Lickitung|193\/297\n|move|p1a: Lickitung|Blizzard|p2a: Sandslash\n|-crit|p2a: Sandslash\n|-supereffective|p2a: Sandslash\n|-damage|p2a: Sandslash|0 fnt\n|faint|p2a: Sandslash\n|\n|t:|1665528114\n|switch|p2a: Venonat|Venonat, L88|285\/285\n|turn|2\n|\n|t:|1665528132\n|move|p2a: Venonat|Sleep Powder|p1a: Lickitung\n|-status|p1a: Lickitung|slp|[from] move: Sleep Powder\n|cant|p1a: Lickitung|slp\n|\n|upkeep\n|turn|3\n|\n|t:|1665528136\n|move|p2a: Venonat|Stun Spore|p1a: Lickitung\n|-fail|p1a: Lickitung\n|cant|p1a: Lickitung|slp\n|\n|upkeep\n|turn|4\n|\n|t:|1665528141\n|move|p2a: Venonat|Stun Spore|p1a: Lickitung\n|-fail|p1a: Lickitung\n|cant|p1a: Lickitung|slp\n|\n|upkeep\n|turn|5\n|\n|t:|1665528145\n|move|p2a: Venonat|Stun Spore|p1a: Lickitung\n|-fail|p1a: Lickitung\n|-curestatus|p1a: Lickitung|slp|[msg]\n|\n|upkeep\n|turn|6\n|\n|t:|1665528150\n|move|p2a: Venonat|Sleep Powder|p1a: Lickitung\n|-status|p1a: Lickitung|slp|[from] move: Sleep Powder\n|-curestatus|p1a: Lickitung|slp|[msg]\n|\n|upkeep\n|turn|7\n|\n|t:|1665528154\n|move|p2a: Venonat|Sleep Powder|p1a: Lickitung|[miss]\n|-miss|p2a: Venonat\n|move|p1a: Lickitung|Body Slam|p2a: Venonat\n|-damage|p2a: Venonat|212\/285\n|\n|upkeep\n|turn|8\n|\n|t:|1665528159\n|move|p2a: Venonat|Sleep Powder|p1a: Lickitung\n|-status|p1a: Lickitung|slp|[from] move: Sleep Powder\n|cant|p1a: Lickitung|slp\n|\n|upkeep\n|turn|9\n|\n|t:|1665528163\n|move|p2a: Venonat|Stun Spore|p1a: Lickitung|[miss]\n|-miss|p2a: Venonat\n|cant|p1a: Lickitung|slp\n|\n|upkeep\n|turn|10\n|\n|t:|1665528168\n|move|p2a: Venonat|Psychic|p1a: Lickitung\n|-damage|p1a: Lickitung|132\/297 slp\n|-curestatus|p1a: Lickitung|slp|[msg]\n|\n|upkeep\n|turn|11\n|\n|t:|1665528172\n|move|p2a: Venonat|Sleep Powder|p1a: Lickitung\n|-status|p1a: Lickitung|slp|[from] move: Sleep Powder\n|-curestatus|p1a: Lickitung|slp|[msg]\n|\n|upkeep\n|turn|12\n|\n|t:|1665528176\n|move|p2a: Venonat|Sleep Powder|p1a: Lickitung\n|-status|p1a: Lickitung|slp|[from] move: Sleep Powder\n|cant|p1a: Lickitung|slp\n|\n|upkeep\n|turn|13\n|\n|t:|1665528180\n|switch|p1a: Ninetales|Ninetales, L77|271\/271\n|move|p2a: Venonat|Stun Spore|p1a: Ninetales\n|-status|p1a: Ninetales|par\n|\n|upkeep\n|turn|14\n|\n|t:|1665528194\n|switch|p2a: Poliwrath|Poliwrath, L76|293\/293\n|move|p1a: Ninetales|Fire Blast|p2a: Poliwrath|[miss]\n|-miss|p1a: Ninetales\n|\n|upkeep\n|turn|15\n|\n|t:|1665528209\n|switch|p1a: Wigglytuff|Wigglytuff, L77|374\/374\n|move|p2a: Poliwrath|Blizzard|p1a: Wigglytuff\n|-damage|p1a: Wigglytuff|285\/374\n|\n|upkeep\n|turn|16\n|inactive|alpha male psyduck has 270 seconds left.\n|\n|t:|1665528257\n|switch|p2a: Venonat|Venonat, L88|212\/285\n|move|p1a: Wigglytuff|Thunder Wave|p2a: Venonat\n|-status|p2a: Venonat|par\n|\n|upkeep\n|turn|17\n|\n|t:|1665528267\n|move|p1a: Wigglytuff|Body Slam|p2a: Venonat\n|-damage|p2a: Venonat|129\/285 par\n|move|p2a: Venonat|Psychic|p1a: Wigglytuff\n|-damage|p1a: Wigglytuff|215\/374\n|-unboost|p1a: Wigglytuff|spd|1\n|-unboost|p1a: Wigglytuff|spa|1\n|\n|upkeep\n|turn|18\n|\n|t:|1665528277\n|switch|p1a: Ninetales|Ninetales, L77|271\/271 par\n|move|p2a: Venonat|Psychic|p1a: Ninetales\n|-crit|p1a: Ninetales\n|-damage|p1a: Ninetales|192\/271 par\n|\n|upkeep\n|turn|19\n|inactive|alpha male psyduck has 270 seconds left.\n|\n|t:|1665528287\n|move|p1a: Ninetales|Substitute|p1a: Ninetales\n|-start|p1a: Ninetales|Substitute\n|-damage|p1a: Ninetales|125\/271 par\n|move|p2a: Venonat|Psychic|p1a: Ninetales\n|-activate|p1a: Ninetales|Substitute|[damage]\n|\n|upkeep\n|turn|20\n|\n|t:|1665528292\n|move|p1a: Ninetales|Fire Blast|p2a: Venonat\n|-supereffective|p2a: Venonat\n|-damage|p2a: Venonat|0 fnt\n|faint|p2a: Venonat\n|\n|t:|1665528297\n|switch|p2a: Poliwrath|Poliwrath, L76|293\/293\n|turn|21\n|\n|t:|1665528301\n|move|p2a: Poliwrath|Amnesia|p2a: Poliwrath\n|-boost|p2a: Poliwrath|spd|2\n|-boost|p2a: Poliwrath|spa|2\n|move|p1a: Ninetales|Body Slam|p2a: Poliwrath\n|-crit|p2a: Poliwrath\n|-damage|p2a: Poliwrath|200\/293\n|\n|upkeep\n|turn|22\n|\n|t:|1665528310\n|move|p2a: Poliwrath|Surf|p1a: Ninetales\n|-supereffective|p1a: Ninetales\n|-end|p1a: Ninetales|Substitute\n|move|p1a: Ninetales|Body Slam|p2a: Poliwrath\n|-damage|p2a: Poliwrath|157\/293\n|-status|p2a: Poliwrath|par\n|\n|upkeep\n|turn|23\n|\n|t:|1665528325\n|move|p2a: Poliwrath|Surf|p1a: Ninetales\n|-crit|p1a: Ninetales\n|-supereffective|p1a: Ninetales\n|-damage|p1a: Ninetales|0 fnt\n|faint|p1a: Ninetales\n|c|\u2606LoSconosciuto|i always forgot the speed thing\n|inactive|LoSconosciuto has 270 seconds left.\n|\n|t:|1665528366\n|switch|p1a: Golbat|Golbat, L77|274\/274\n|turn|24\n|c|\u2606alpha male psyduck|oh no, confuse ray is my biggest enemy\n|\n|t:|1665528380\n|move|p1a: Golbat|Confuse Ray|p2a: Poliwrath\n|-start|p2a: Poliwrath|confusion\n|-activate|p2a: Poliwrath|confusion\n|-damage|p2a: Poliwrath|132\/293 par|[from] confusion\n|\n|upkeep\n|turn|25\n|inactive|LoSconosciuto has 270 seconds left.\n|\n|t:|1665528386\n|move|p1a: Golbat|Double-Edge|p2a: Poliwrath\n|-damage|p2a: Poliwrath|79\/293 par\n|-damage|p1a: Golbat|261\/274|[from] Recoil|[of] p2a: Poliwrath\n|-activate|p2a: Poliwrath|confusion\n|move|p2a: Poliwrath|Blizzard|p1a: Golbat\n|-supereffective|p1a: Golbat\n|-damage|p1a: Golbat|10\/274\n|\n|upkeep\n|turn|26\n|\n|t:|1665528396\n|move|p1a: Golbat|Hyper Beam|p2a: Poliwrath\n|-damage|p2a: Poliwrath|2\/293 par\n|-mustrecharge|p1a: Golbat\n|-end|p2a: Poliwrath|confusion\n|move|p2a: Poliwrath|Surf|p1a: Golbat\n|-damage|p1a: Golbat|0 fnt\n|faint|p1a: Golbat\n|\n|t:|1665528402\n|switch|p1a: Wigglytuff|Wigglytuff, L77|215\/374\n|turn|27\n|\n|t:|1665528409\n|move|p1a: Wigglytuff|Body Slam|p2a: Poliwrath\n|-damage|p2a: Poliwrath|0 fnt\n|faint|p2a: Poliwrath\n|\n|t:|1665528438\n|switch|p2a: Shellder|Shellder, L88|232\/232\n|turn|28\n|inactive|alpha male psyduck has 270 seconds left.\n|\n|t:|1665528455\n|move|p2a: Shellder|Blizzard|p1a: Wigglytuff\n|-damage|p1a: Wigglytuff|126\/374\n|move|p1a: Wigglytuff|Thunder Wave|p2a: Shellder\n|-status|p2a: Shellder|par\n|\n|upkeep\n|turn|29\n|\n|t:|1665528464\n|move|p1a: Wigglytuff|Body Slam|p2a: Shellder\n|-damage|p2a: Shellder|174\/232 par\n|move|p2a: Shellder|Surf|p1a: Wigglytuff\n|-damage|p1a: Wigglytuff|16\/374\n|\n|upkeep\n|turn|30\n|\n|t:|1665528469\n|move|p1a: Wigglytuff|Body Slam|p2a: Shellder\n|-damage|p2a: Shellder|117\/232 par\n|move|p2a: Shellder|Surf|p1a: Wigglytuff\n|-damage|p1a: Wigglytuff|0 fnt\n|faint|p1a: Wigglytuff\n|\n|t:|1665528481\n|switch|p1a: Poliwrath|Poliwrath, L76|293\/293\n|turn|31\n|\n|t:|1665528498\n|switch|p1a: Lickitung|Lickitung, L77|132\/297 slp\n|cant|p2a: Shellder|par\n|\n|upkeep\n|turn|32\n|\n|t:|1665528511\n|switch|p1a: Poliwrath|Poliwrath, L76|293\/293\n|move|p2a: Shellder|Surf|p1a: Poliwrath\n|-resisted|p1a: Poliwrath\n|-damage|p1a: Poliwrath|248\/293\n|\n|upkeep\n|turn|33\n|\n|t:|1665528517\n|switch|p1a: Lickitung|Lickitung, L77|132\/297 slp\n|move|p2a: Shellder|Explosion|p1a: Lickitung\n|-damage|p1a: Lickitung|0 fnt\n|faint|p1a: Lickitung\n|faint|p2a: Shellder\n|\n|t:|1665528524\n|switch|p1a: Poliwrath|Poliwrath, L76|248\/293\n|switch|p2a: Porygon|Porygon, L77|258\/258\n|turn|34\n|\n|t:|1665528530\n|move|p1a: Poliwrath|Amnesia|p1a: Poliwrath\n|-boost|p1a: Poliwrath|spd|2\n|-boost|p1a: Poliwrath|spa|2\n|move|p2a: Porygon|Thunder Wave|p1a: Poliwrath\n|-status|p1a: Poliwrath|par\n|\n|upkeep\n|turn|35\n|\n|t:|1665528537\n|move|p2a: Porygon|Thunderbolt|p1a: Poliwrath\n|-supereffective|p1a: Poliwrath\n|-damage|p1a: Poliwrath|190\/293 par\n|move|p1a: Poliwrath|Surf|p2a: Porygon\n|-damage|p2a: Porygon|94\/258\n|\n|upkeep\n|turn|36\n|\n|t:|1665528567\n|move|p2a: Porygon|Recover|p2a: Porygon\n|-heal|p2a: Porygon|223\/258\n|move|p1a: Poliwrath|Surf|p2a: Porygon\n|-damage|p2a: Porygon|52\/258\n|\n|upkeep\n|turn|37\n|\n|t:|1665528575\n|move|p2a: Porygon|Recover|p2a: Porygon\n|-heal|p2a: Porygon|181\/258\n|move|p1a: Poliwrath|Surf|p2a: Porygon\n|-crit|p2a: Porygon\n|-damage|p2a: Porygon|35\/258\n|\n|upkeep\n|turn|38\n|\n|t:|1665528583\n|move|p2a: Porygon|Thunderbolt|p1a: Poliwrath\n|-supereffective|p1a: Poliwrath\n|-damage|p1a: Poliwrath|128\/293 par\n|move|p1a: Poliwrath|Surf|p2a: Porygon\n|-damage|p2a: Porygon|0 fnt\n|faint|p2a: Porygon\n|\n|t:|1665528588\n|switch|p2a: Chansey|Chansey, L68|481\/481\n|turn|39\n|\n|t:|1665528607\n|move|p2a: Chansey|Ice Beam|p1a: Poliwrath\n|-resisted|p1a: Poliwrath\n|-damage|p1a: Poliwrath|113\/293 par\n|move|p1a: Poliwrath|Blizzard|p2a: Chansey\n|-crit|p2a: Chansey\n|-damage|p2a: Chansey|356\/481\n|\n|upkeep\n|turn|40\n|\n|t:|1665528618\n|move|p2a: Chansey|Ice Beam|p1a: Poliwrath\n|-resisted|p1a: Poliwrath\n|-damage|p1a: Poliwrath|98\/293 par\n|move|p1a: Poliwrath|Blizzard|p2a: Chansey\n|-crit|p2a: Chansey\n|-damage|p2a: Chansey|237\/481\n|\n|upkeep\n|turn|41\n|\n|t:|1665528624\n|move|p2a: Chansey|Soft-Boiled|p2a: Chansey\n|-heal|p2a: Chansey|477\/481\n|move|p1a: Poliwrath|Amnesia|p1a: Poliwrath\n|-boost|p1a: Poliwrath|spd|2\n|-boost|p1a: Poliwrath|spa|2\n|\n|upkeep\n|turn|42\n|\n|t:|1665528629\n|move|p2a: Chansey|Ice Beam|p1a: Poliwrath\n|-resisted|p1a: Poliwrath\n|-damage|p1a: Poliwrath|88\/293 par\n|move|p1a: Poliwrath|Amnesia|p1a: Poliwrath\n|-boost|p1a: Poliwrath|spd|2\n|-boost|p1a: Poliwrath|spa|2\n|\n|upkeep\n|turn|43\n|\n|t:|1665528635\n|move|p2a: Chansey|Ice Beam|p1a: Poliwrath\n|-resisted|p1a: Poliwrath\n|-damage|p1a: Poliwrath|81\/293 par\n|move|p1a: Poliwrath|Surf|p2a: Chansey\n|-damage|p2a: Chansey|193\/481\n|\n|upkeep\n|turn|44\n|\n|t:|1665528641\n|move|p2a: Chansey|Soft-Boiled|p2a: Chansey\n|-heal|p2a: Chansey|433\/481\n|move|p1a: Poliwrath|Surf|p2a: Chansey\n|-damage|p2a: Chansey|141\/481\n|\n|upkeep\n|turn|45\n|\n|t:|1665528645\n|move|p2a: Chansey|Soft-Boiled|p2a: Chansey\n|-heal|p2a: Chansey|381\/481\n|move|p1a: Poliwrath|Surf|p2a: Chansey\n|-damage|p2a: Chansey|74\/481\n|\n|upkeep\n|turn|46\n|\n|t:|1665528650\n|move|p2a: Chansey|Soft-Boiled|p2a: Chansey\n|-heal|p2a: Chansey|314\/481\n|move|p1a: Poliwrath|Surf|p2a: Chansey\n|-damage|p2a: Chansey|6\/481\n|\n|upkeep\n|turn|47\n|\n|t:|1665528655\n|move|p2a: Chansey|Soft-Boiled|p2a: Chansey\n|-heal|p2a: Chansey|246\/481\n|move|p1a: Poliwrath|Surf|p2a: Chansey\n|-crit|p2a: Chansey\n|-damage|p2a: Chansey|111\/481\n|\n|upkeep\n|turn|48\n|\n|t:|1665528660\n|move|p2a: Chansey|Soft-Boiled|p2a: Chansey\n|-heal|p2a: Chansey|351\/481\n|move|p1a: Poliwrath|Surf|p2a: Chansey\n|-damage|p2a: Chansey|77\/481\n|\n|upkeep\n|turn|49\n|\n|t:|1665528666\n|move|p2a: Chansey|Ice Beam|p1a: Poliwrath\n|-resisted|p1a: Poliwrath\n|-damage|p1a: Poliwrath|74\/293 par\n|move|p1a: Poliwrath|Surf|p2a: Chansey\n|-damage|p2a: Chansey|0 fnt\n|faint|p2a: Chansey\n|\n|win|LoSconosciuto\n|c|\u2606LoSconosciuto|immune to para\n|c|\u2606alpha male psyduck|ggs\n|c|\u2606LoSconosciuto|ggs\n|c|\u2606LoSconosciuto|last one was graveler\n|l|\u2606alpha male psyduck\n","inputlog":">version ee3903879dd92fa0a0bba6303065983b970e844a\n>start {\"formatid\":\"gen1randombattle\",\"seed\":[49633,63668,23779,558]}\n>player p1 {\"name\":\"LoSconosciuto\",\"avatar\":\"#teamgapdos\",\"rating\":0,\"seed\":[45853,14686,31480,22635]}\n>player p2 {\"name\":\"alpha male psyduck\",\"avatar\":\"cyclist-gen4\",\"rating\":0,\"seed\":[9674,32496,63020,11426]}\n>chat \u2606LoSconosciuto|hf\n>chat \u2606alpha male psyduck|you too\n>p1 move blizzard\n>p2 move earthquake\n>p2 switch 6\n>p1 move bodyslam\n>p2 move sleeppowder\n>p1 move bodyslam\n>p2 move stunspore\n>p1 move bodyslam\n>p2 move stunspore\n>p1 move bodyslam\n>p2 move stunspore\n>p1 move bodyslam\n>p2 move sleeppowder\n>p1 move bodyslam\n>p2 move sleeppowder\n>p1 move bodyslam\n>p2 move sleeppowder\n>p1 move bodyslam\n>p2 move stunspore\n>p1 move bodyslam\n>p2 move psychic\n>p1 move bodyslam\n>p2 move sleeppowder\n>p1 move bodyslam\n>p2 move sleeppowder\n>p1 switch 5\n>p2 move stunspore\n>p1 move fireblast\n>p2 switch 3\n>p1 switch 4\n>p2 move blizzard\n>p1 move thunderwave\n>p2 switch 3\n>p1 move bodyslam\n>p2 move psychic\n>p1 switch 4\n>p2 move psychic\n>p1 move substitute\n>p2 move psychic\n>p1 move fireblast\n>p2 move psychic\n>p2 switch 3\n>p1 move bodyslam\n>p2 move amnesia\n>p1 move bodyslam\n>p2 move surf\n>p1 move confuseray\n>p2 move surf\n>chat \u2606LoSconosciuto|i always forgot the speed thing\n>p1 switch 6\n>chat \u2606alpha male psyduck|oh no, confuse ray is my biggest enemy\n>p1 move confuseray\n>p2 move blizzard\n>p1 move doubleedge\n>p2 move blizzard\n>p1 move hyperbeam\n>p2 move surf\n>p1 switch 4\n>p1 move bodyslam\n>p2 move surf\n>p2 switch 2\n>p1 move thunderwave\n>p2 move blizzard\n>p1 move bodyslam\n>p2 move surf\n>p1 move bodyslam\n>p2 move surf\n>p1 switch 2\n>p1 switch 5\n>p2 move explosion\n>p1 switch 5\n>p2 move surf\n>p1 switch 5\n>p2 move explosion\n>p1 switch 5\n>p2 switch 5\n>p1 move amnesia\n>p2 move thunderwave\n>p1 move surf\n>p2 move thunderbolt\n>p1 move surf\n>p2 move recover\n>p1 move surf\n>p2 move recover\n>p1 move surf\n>p2 move thunderbolt\n>p2 switch 4\n>p1 move blizzard\n>p2 move icebeam\n>p1 move blizzard\n>p2 move icebeam\n>p1 move amnesia\n>p2 move softboiled\n>p1 move amnesia\n>p2 move icebeam\n>p1 move surf\n>p2 move icebeam\n>p1 move surf\n>p2 move softboiled\n>p1 move surf\n>p2 move softboiled\n>p1 move surf\n>p2 move softboiled\n>p1 move surf\n>p2 move softboiled\n>p1 move surf\n>p2 move softboiled\n>p1 move surf\n>p2 move icebeam","uploadtime":1665528688,"views":13,"p1id":"losconosciuto","p2id":"alphamalepsyduck","formatid":"gen1randombattle","rating":0,"private":0,"password":null}