{"id":"gen1customgame-1538809189","p1":"ferromolybdenum","p2":"ZCopen","format":"gen1customgame","log":"|j|\u2606ferromolybdenum\n|j|\u2606ZCopen\n|t:|1648246187\n|gametype|singles\n|player|p1|ferromolybdenum|170|\n|player|p2|ZCopen|266|\n|teamsize|p1|6\n|teamsize|p2|6\n|gen|1\n|tier|[Gen 1] Custom Game\n|rule|HP Percentage Mod: HP is shown in percentages\n|rule|Desync Clause Mod: Desyncs changed to move failure.\n|rule|Endless Battle Clause: Forcing endless battles is banned\n|rule|OHKO Clause: OHKO moves are banned\n|rule|Evasion Moves Clause: Evasion moves are banned\n|rule|Species Clause: Limit one of each Pok\u00e9mon\n|rule|Dynamax Clause: You cannot dynamax\n|rule|Freeze Clause Mod: Limit one foe frozen\n|rule|Sleep Clause: Sleep-inducing moves are banned\n|\n|t:|1648246187\n|start\n|switch|p1a: Gastrodon|Gastrodon|425\/425\n|switch|p2a: Barry|Ninjask|325\/325\n|turn|1\n|inactive|Battle timer is ON: inactive players will automatically lose when time's up. (requested by ferromolybdenum)\n|inactive|ZCopen also wants the timer to be on.\n|\n|t:|1648246200\n|switch|p1a: Empoleon|Empoleon|371\/371\n|move|p2a: Barry|Acrobatics|p1a: Empoleon\n|debug|Power doubled for no item\n|-resisted|p1a: Empoleon\n|-damage|p1a: Empoleon|305\/371\n|\n|upkeep\n|turn|2\n|\n|t:|1648246206\n|move|p2a: Barry|U-turn|p1a: Empoleon\n|-resisted|p1a: Empoleon\n|-damage|p1a: Empoleon|266\/371\n|\n|t:|1648246208\n|switch|p2a: BKC|Corviknight|399\/399\n|move|p1a: Empoleon|Aqua Ring|p1a: Empoleon\n|-start|p1a: Empoleon|Aqua Ring\n|\n|-heal|p1a: Empoleon|289\/371|[from] Aqua Ring\n|upkeep\n|turn|3\n|\n|t:|1648246211\n|move|p1a: Empoleon|Protect|p1a: Empoleon\n|-singleturn|p1a: Empoleon|Protect\n|move|p2a: BKC|Body Press|p1a: Empoleon\n|-activate|p1a: Empoleon|Protect\n|\n|-heal|p1a: Empoleon|312\/371|[from] Aqua Ring\n|upkeep\n|turn|4\n|\n|t:|1648246216\n|switch|p1a: Slowking|Slowking|393\/393\n|move|p2a: BKC|Body Press|p1a: Slowking\n|-resisted|p1a: Slowking\n|-damage|p1a: Slowking|355\/393\n|\n|upkeep\n|turn|5\n|\n|t:|1648246217\n|move|p2a: BKC|U-turn|p1a: Slowking\n|-supereffective|p1a: Slowking\n|-damage|p1a: Slowking|237\/393\n|\n|t:|1648246222\n|switch|p2a: Barry|Ninjask|325\/325\n|move|p1a: Slowking|Amnesia|p1a: Slowking\n|-boost|p1a: Slowking|spd|2\n|-boost|p1a: Slowking|spa|2\n|\n|upkeep\n|turn|6\n|\n|t:|1648246227\n|move|p2a: Barry|U-turn|p1a: Slowking\n|-crit|p1a: Slowking\n|debug|Negating (sp)atk boost\/penalty.\n|debug|Negating (sp)def boost\/penalty.\n|-supereffective|p1a: Slowking\n|-damage|p1a: Slowking|0 fnt\n|faint|p1a: Slowking\n|\n|t:|1648246235\n|switch|p2a: The Workplace|Dragapult|379\/379\n|switch|p1a: Gastrodon|Gastrodon|425\/425\n|turn|7\n|\n|t:|1648246244\n|move|p2a: The Workplace|Draco Meteor|p1a: Gastrodon\n|-damage|p1a: Gastrodon|237\/425\n|-unboost|p2a: The Workplace|spa|2\n|move|p1a: Gastrodon|Amnesia|p1a: Gastrodon\n|-boost|p1a: Gastrodon|spd|2\n|-boost|p1a: Gastrodon|spa|2\n|\n|upkeep\n|turn|8\n|\n|t:|1648246247\n|move|p2a: The Workplace|U-turn|p1a: Gastrodon\n|-damage|p1a: Gastrodon|158\/425\n|\n|t:|1648246249\n|switch|p2a: The Hidden One|Cloyster|303\/303\n|move|p1a: Gastrodon|Recover|p1a: Gastrodon\n|-heal|p1a: Gastrodon|370\/425\n|\n|upkeep\n|turn|9\n|\n|t:|1648246256\n|switch|p1a: Milotic|Milotic|393\/393\n|move|p2a: The Hidden One|Shell Smash|p2a: The Hidden One\n|-unboost|p2a: The Hidden One|def|1\n|-unboost|p2a: The Hidden One|spd|1\n|-boost|p2a: The Hidden One|atk|2\n|-boost|p2a: The Hidden One|spa|2\n|-boost|p2a: The Hidden One|spe|2\n|\n|upkeep\n|turn|10\n|\n|t:|1648246259\n|move|p2a: The Hidden One|Blizzard|p1a: Milotic\n|-resisted|p1a: Milotic\n|-damage|p1a: Milotic|293\/393\n|move|p1a: Milotic|Haze|p1a: Milotic\n|-activate|p1a: Milotic|move: Haze\n|-clearallboost|[silent]\n|\n|upkeep\n|turn|11\n|\n|t:|1648246264\n|move|p1a: Milotic|Scald|p2a: The Hidden One\n|-resisted|p2a: The Hidden One\n|-damage|p2a: The Hidden One|253\/303\n|move|p2a: The Hidden One|Blizzard|p1a: Milotic\n|-resisted|p1a: Milotic\n|-damage|p1a: Milotic|235\/393\n|\n|upkeep\n|turn|12\n|\n|t:|1648246269\n|move|p1a: Milotic|Recover|p1a: Milotic\n|-heal|p1a: Milotic|393\/393\n|move|p2a: The Hidden One|Blizzard|p1a: Milotic|[miss]\n|-miss|p2a: The Hidden One\n|\n|upkeep\n|turn|13\n|\n|t:|1648246272\n|move|p1a: Milotic|Scald|p2a: The Hidden One\n|-resisted|p2a: The Hidden One\n|-damage|p2a: The Hidden One|196\/303\n|move|p2a: The Hidden One|Blizzard|p1a: Milotic\n|-resisted|p1a: Milotic\n|-damage|p1a: Milotic|339\/393\n|\n|upkeep\n|turn|14\n|\n|t:|1648246278\n|move|p1a: Milotic|Scald|p2a: The Hidden One\n|-resisted|p2a: The Hidden One\n|-damage|p2a: The Hidden One|140\/303\n|move|p2a: The Hidden One|Blizzard|p1a: Milotic\n|-crit|p1a: Milotic\n|debug|Negating (sp)atk boost\/penalty.\n|debug|Negating (sp)def boost\/penalty.\n|-resisted|p1a: Milotic\n|-damage|p1a: Milotic|225\/393\n|\n|upkeep\n|turn|15\n|\n|t:|1648246283\n|move|p1a: Milotic|Recover|p1a: Milotic\n|-heal|p1a: Milotic|393\/393\n|move|p2a: The Hidden One|Shell Smash|p2a: The Hidden One\n|-unboost|p2a: The Hidden One|def|1\n|-unboost|p2a: The Hidden One|spd|1\n|-boost|p2a: The Hidden One|atk|2\n|-boost|p2a: The Hidden One|spa|2\n|-boost|p2a: The Hidden One|spe|2\n|\n|upkeep\n|turn|16\n|\n|t:|1648246286\n|move|p2a: The Hidden One|Blizzard|p1a: Milotic\n|-resisted|p1a: Milotic\n|-damage|p1a: Milotic|290\/393\n|move|p1a: Milotic|Scald|p2a: The Hidden One\n|-resisted|p2a: The Hidden One\n|-damage|p2a: The Hidden One|57\/303\n|\n|upkeep\n|turn|17\n|\n|t:|1648246290\n|move|p2a: The Hidden One|Explosion|p1a: Milotic\n|-damage|p1a: Milotic|0 fnt\n|faint|p1a: Milotic\n|faint|p2a: The Hidden One\n|\n|t:|1648246299\n|switch|p1a: Keldeo|Keldeo|385\/385\n|switch|p2a: The Workplace|Dragapult|379\/379\n|turn|18\n|\n|t:|1648246304\n|move|p2a: The Workplace|Draco Meteor|p1a: Keldeo\n|-damage|p1a: Keldeo|206\/385\n|-unboost|p2a: The Workplace|spa|2\n|move|p1a: Keldeo|Flip Turn|p2a: The Workplace\n|-resisted|p2a: The Workplace\n|-damage|p2a: The Workplace|326\/379\n|\n|t:|1648246308\n|switch|p1a: Gastrodon|Gastrodon|370\/425\n|\n|upkeep\n|turn|19\n|\n|t:|1648246311\n|move|p2a: The Workplace|U-turn|p1a: Gastrodon\n|-damage|p1a: Gastrodon|294\/425\n|\n|t:|1648246313\n|switch|p2a: Barry|Ninjask|325\/325\n|move|p1a: Gastrodon|Amnesia|p1a: Gastrodon\n|-boost|p1a: Gastrodon|spd|2\n|-boost|p1a: Gastrodon|spa|2\n|\n|upkeep\n|turn|20\n|\n|t:|1648246317\n|switch|p1a: Keldeo|Keldeo|206\/385\n|move|p2a: Barry|Final Gambit|p1a: Keldeo\n|-damage|p1a: Keldeo|0 fnt\n|faint|p2a: Barry\n|faint|p1a: Keldeo\n|\n|t:|1648246326\n|switch|p2a: Going Overboard|Blastoise|361\/361\n|switch|p1a: Gastrodon|Gastrodon|294\/425\n|turn|21\n|\n|t:|1648246329\n|move|p2a: Going Overboard|Shell Smash|p2a: Going Overboard\n|-unboost|p2a: Going Overboard|def|1\n|-unboost|p2a: Going Overboard|spd|1\n|-boost|p2a: Going Overboard|atk|2\n|-boost|p2a: Going Overboard|spa|2\n|-boost|p2a: Going Overboard|spe|2\n|move|p1a: Gastrodon|Amnesia|p1a: Gastrodon\n|-boost|p1a: Gastrodon|spd|2\n|-boost|p1a: Gastrodon|spa|2\n|\n|upkeep\n|turn|22\n|\n|t:|1648246332\n|move|p2a: Going Overboard|Hydro Pump|p1a: Gastrodon\n|-damage|p1a: Gastrodon|154\/425\n|move|p1a: Gastrodon|Recover|p1a: Gastrodon\n|-heal|p1a: Gastrodon|366\/425\n|\n|upkeep\n|turn|23\n|\n|t:|1648246337\n|move|p2a: Going Overboard|Shell Smash|p2a: Going Overboard\n|-unboost|p2a: Going Overboard|def|1\n|-unboost|p2a: Going Overboard|spd|1\n|-boost|p2a: Going Overboard|atk|2\n|-boost|p2a: Going Overboard|spa|2\n|-boost|p2a: Going Overboard|spe|2\n|move|p1a: Gastrodon|Amnesia|p1a: Gastrodon\n|-boost|p1a: Gastrodon|spd|2\n|-boost|p1a: Gastrodon|spa|2\n|\n|upkeep\n|turn|24\n|\n|t:|1648246340\n|move|p2a: Going Overboard|Signal Beam|p1a: Gastrodon\n|-crit|p1a: Gastrodon\n|debug|Negating (sp)atk boost\/penalty.\n|debug|Negating (sp)def boost\/penalty.\n|-damage|p1a: Gastrodon|243\/425\n|-start|p1a: Gastrodon|confusion\n|-activate|p1a: Gastrodon|confusion\n|move|p1a: Gastrodon|Amnesia|p1a: Gastrodon\n|-boost|p1a: Gastrodon|spd|2\n|-boost|p1a: Gastrodon|spa|2\n|\n|upkeep\n|turn|25\n|c|\u2606ferromolybdenum|ow\n|\n|t:|1648246349\n|move|p2a: Going Overboard|Blizzard|p1a: Gastrodon\n|-damage|p1a: Gastrodon|165\/425\n|-end|p1a: Gastrodon|confusion\n|move|p1a: Gastrodon|Recover|p1a: Gastrodon\n|-heal|p1a: Gastrodon|377\/425\n|\n|upkeep\n|turn|26\n|\n|t:|1648246352\n|move|p2a: Going Overboard|Blizzard|p1a: Gastrodon\n|-damage|p1a: Gastrodon|304\/425\n|move|p1a: Gastrodon|Scald|p2a: Going Overboard\n|-resisted|p2a: Going Overboard\n|-damage|p2a: Going Overboard|25\/361\n|\n|upkeep\n|turn|27\n|\n|t:|1648246356\n|move|p2a: Going Overboard|Blizzard|p1a: Gastrodon\n|-damage|p1a: Gastrodon|234\/425\n|move|p1a: Gastrodon|Recover|p1a: Gastrodon\n|-heal|p1a: Gastrodon|425\/425\n|\n|upkeep\n|turn|28\n|\n|t:|1648246358\n|move|p2a: Going Overboard|Blizzard|p1a: Gastrodon|[miss]\n|-miss|p2a: Going Overboard\n|move|p1a: Gastrodon|Scald|p2a: Going Overboard\n|-resisted|p2a: Going Overboard\n|-damage|p2a: Going Overboard|0 fnt\n|faint|p2a: Going Overboard\n|\n|t:|1648246362\n|switch|p2a: The Workplace|Dragapult|326\/379\n|turn|29\n|\n|t:|1648246367\n|move|p2a: The Workplace|Draco Meteor|p1a: Gastrodon\n|-damage|p1a: Gastrodon|373\/425\n|-unboost|p2a: The Workplace|spa|2\n|move|p1a: Gastrodon|Blizzard|p2a: The Workplace\n|-supereffective|p2a: The Workplace\n|-damage|p2a: The Workplace|0 fnt\n|faint|p2a: The Workplace\n|c|\u2606ferromolybdenum|there we go\n|c|\u2606ZCopen|I have been defeated...\n|\n|t:|1648246384\n|switch|p2a: The Feared One|Omastar|343\/343\n|turn|30\n|\n|t:|1648246390\n|move|p2a: The Feared One|Blizzard|p1a: Gastrodon\n|-crit|p1a: Gastrodon\n|debug|Negating (sp)atk boost\/penalty.\n|debug|Negating (sp)def boost\/penalty.\n|-damage|p1a: Gastrodon|156\/425\n|move|p1a: Gastrodon|Scald|p2a: The Feared One\n|-damage|p2a: The Feared One|61\/343\n|\n|upkeep\n|turn|31\n|\n|t:|1648246397\n|move|p2a: The Feared One|Blizzard|p1a: Gastrodon|[miss]\n|-miss|p2a: The Feared One\n|move|p1a: Gastrodon|Scald|p2a: The Feared One\n|-damage|p2a: The Feared One|0 fnt\n|faint|p2a: The Feared One\n|\n|t:|1648246399\n|switch|p2a: BKC|Corviknight|399\/399\n|turn|32\n|\n|t:|1648246401\n|move|p1a: Gastrodon|Recover|p1a: Gastrodon\n|-heal|p1a: Gastrodon|368\/425\n|move|p2a: BKC|Brave Bird|p1a: Gastrodon\n|-damage|p1a: Gastrodon|196\/425\n|-damage|p2a: BKC|342\/399|[from] Recoil|[of] p1a: Gastrodon\n|\n|upkeep\n|turn|33\n|\n|t:|1648246405\n|move|p1a: Gastrodon|Recover|p1a: Gastrodon\n|-heal|p1a: Gastrodon|408\/425\n|move|p2a: BKC|Brave Bird|p1a: Gastrodon\n|-damage|p1a: Gastrodon|243\/425\n|-damage|p2a: BKC|287\/399|[from] Recoil|[of] p1a: Gastrodon\n|\n|upkeep\n|turn|34\n|\n|t:|1648246408\n|move|p1a: Gastrodon|Scald|p2a: BKC\n|-damage|p2a: BKC|0 fnt\n|faint|p2a: BKC\n|\n|win|ferromolybdenum\n|c|\u2606ZCopen|Gg\n","uploadtime":1648246412,"views":21,"p1id":"ferromolybdenum","p2id":"zcopen","formatid":"gen1customgame","rating":0,"private":0,"password":null}