{"id":"gen1customgame-1494116116","p1":"ZCopen","p2":"VirginJimmy99","format":"gen1customgame","log":"|j|\u2606ZCopen\n|j|\u2606VirginJimmy99\n|t:|1642555200\n|gametype|singles\n|player|p1|ZCopen|169|\n|player|p2|VirginJimmy99|rocketgrunt|\n|teamsize|p1|6\n|teamsize|p2|6\n|gen|1\n|tier|[Gen 1] Custom Game\n|rule|HP Percentage Mod: HP is shown in percentages\n|rule|Desync Clause Mod: Desyncs changed to move failure.\n|\n|t:|1642555200\n|start\n|switch|p1a: Melmetal|Melmetal|473\/473\n|switch|p2a: Melmetal|Melmetal|473\/473\n|turn|1\n|inactive|Battle timer is ON: inactive players will automatically lose when time's up. (requested by ZCopen)\n|c|\u2606ZCopen|2% btw if I leave\n|\n|t:|1642555220\n|switch|p1a: Gastrodon|Gastrodon|425\/425\n|move|p2a: Melmetal|Earthquake|p1a: Gastrodon\n|-damage|p1a: Gastrodon|296\/425\n|\n|upkeep\n|turn|2\n|\n|t:|1642555226\n|move|p1a: Gastrodon|Amnesia|p1a: Gastrodon\n|-boost|p1a: Gastrodon|spd|2\n|-boost|p1a: Gastrodon|spa|2\n|move|p2a: Melmetal|Hidden Power|p1a: Gastrodon\n|-supereffective|p1a: Gastrodon\n|-damage|p1a: Gastrodon|183\/425\n|\n|upkeep\n|turn|3\n|\n|t:|1642555234\n|switch|p2a: Thundurus|Thundurus-Therian, M|361\/361\n|move|p1a: Gastrodon|Recover|p1a: Gastrodon\n|-heal|p1a: Gastrodon|395\/425\n|\n|upkeep\n|turn|4\n|\n|t:|1642555245\n|move|p2a: Thundurus|Nasty Plot|p2a: Thundurus\n|-boost|p2a: Thundurus|spa|2\n|move|p1a: Gastrodon|Scald|p2a: Thundurus\n|-damage|p2a: Thundurus|169\/361\n|\n|upkeep\n|turn|5\n|\n|t:|1642555250\n|move|p2a: Thundurus|Grass Knot|p1a: Gastrodon\n|debug|60 bp\n|-crit|p1a: Gastrodon\n|debug|Negating (sp)atk boost\/penalty.\n|debug|Negating (sp)def boost\/penalty.\n|-supereffective|p1a: Gastrodon\n|-damage|p1a: Gastrodon|0 fnt\n|faint|p1a: Gastrodon\n|c|\u2606VirginJimmy99|bonk\n|c|\u2606ZCopen|Ow\n|\n|t:|1642555272\n|switch|p1a: Zygarde|Zygarde-10%|311\/311\n|turn|6\n|\n|t:|1642555282\n|switch|p2a: Gastrodon|Gastrodon|425\/425\n|move|p1a: Zygarde|Thousand Arrows|p2a: Gastrodon\n|-damage|p2a: Gastrodon|296\/425\n|\n|upkeep\n|turn|7\n|\n|t:|1642555293\n|move|p1a: Zygarde|Glare|p2a: Gastrodon\n|-status|p2a: Gastrodon|par\n|move|p2a: Gastrodon|Amnesia|p2a: Gastrodon\n|-boost|p2a: Gastrodon|spd|2\n|-boost|p2a: Gastrodon|spa|2\n|\n|upkeep\n|turn|8\n|\n|t:|1642555297\n|switch|p1a: Guzzlord|Guzzlord|649\/649\n|cant|p2a: Gastrodon|par\n|\n|upkeep\n|turn|9\n|\n|t:|1642555301\n|switch|p2a: Meloetta|Meloetta-Pirouette|403\/403\n|move|p1a: Guzzlord|Amnesia|p1a: Guzzlord\n|-boost|p1a: Guzzlord|spd|2\n|-boost|p1a: Guzzlord|spa|2\n|\n|upkeep\n|turn|10\n|\n|t:|1642555308\n|switch|p1a: Thundurus|Thundurus-Therian, M|361\/361\n|move|p2a: Meloetta|Close Combat|p1a: Thundurus\n|-resisted|p1a: Thundurus\n|-damage|p1a: Thundurus|260\/361\n|-unboost|p2a: Meloetta|def|1\n|-unboost|p2a: Meloetta|spd|1\n|\n|upkeep\n|turn|11\n|\n|t:|1642555313\n|move|p2a: Meloetta|U-turn|p1a: Thundurus\n|-resisted|p1a: Thundurus\n|-damage|p1a: Thundurus|219\/361\n|\n|t:|1642555316\n|switch|p2a: Zygarde|Zygarde-10%|311\/311\n|move|p1a: Thundurus|Thunderbolt|p2a: Zygarde\n|-immune|p2a: Zygarde\n|\n|upkeep\n|turn|12\n|\n|t:|1642555320\n|move|p2a: Zygarde|Thousand Arrows|p1a: Thundurus\n|-damage|p1a: Thundurus|84\/361\n|-start|p1a: Thundurus|Smack Down\n|move|p1a: Thundurus|Hidden Power|p2a: Zygarde\n|-supereffective|p2a: Zygarde\n|-damage|p2a: Zygarde|96\/311\n|\n|upkeep\n|turn|13\n|\n|t:|1642555334\n|switch|p1a: Guzzlord|Guzzlord|649\/649\n|move|p2a: Zygarde|Thousand Arrows|p1a: Guzzlord\n|-damage|p1a: Guzzlord|484\/649\n|\n|upkeep\n|turn|14\n|\n|t:|1642555338\n|move|p2a: Zygarde|Glare|p1a: Guzzlord|[miss]\n|-miss|p2a: Zygarde\n|move|p1a: Guzzlord|Dragon Pulse|p2a: Zygarde\n|-supereffective|p2a: Zygarde\n|-damage|p2a: Zygarde|0 fnt\n|faint|p2a: Zygarde\n|\n|t:|1642555341\n|switch|p2a: Meloetta|Meloetta-Pirouette|403\/403\n|turn|15\n|\n|t:|1642555353\n|move|p2a: Meloetta|Close Combat|p1a: Guzzlord\n|-crit|p1a: Guzzlord\n|debug|Negating (sp)atk boost\/penalty.\n|debug|Negating (sp)def boost\/penalty.\n|-supereffective|p1a: Guzzlord\n|-damage|p1a: Guzzlord|0 fnt\n|-unboost|p2a: Meloetta|def|1\n|-unboost|p2a: Meloetta|spd|1\n|faint|p1a: Guzzlord\n|c|\u2606VirginJimmy99|glare sucks buttcheeks\n|\n|t:|1642555363\n|switch|p1a: Meloetta|Meloetta-Pirouette|403\/403\n|turn|16\n|c|\u2606ZCopen|Do it\n|inactive|VirginJimmy99 has 270 seconds left.\n|c|\u2606VirginJimmy99|sorry I'm a coward\n|\n|t:|1642555399\n|switch|p2a: Thundurus|Thundurus-Therian, M|169\/361\n|move|p1a: Meloetta|Close Combat|p2a: Thundurus\n|-resisted|p2a: Thundurus\n|-damage|p2a: Thundurus|63\/361\n|-unboost|p1a: Meloetta|def|1\n|-unboost|p1a: Meloetta|spd|1\n|\n|upkeep\n|turn|17\n|\n|t:|1642555407\n|move|p1a: Meloetta|Close Combat|p2a: Thundurus\n|-resisted|p2a: Thundurus\n|-damage|p2a: Thundurus|0 fnt\n|-unboost|p1a: Meloetta|def|1\n|-unboost|p1a: Meloetta|spd|1\n|faint|p2a: Thundurus\n|\n|t:|1642555412\n|switch|p2a: Melmetal|Melmetal|473\/473\n|turn|18\n|\n|t:|1642555422\n|move|p1a: Meloetta|U-turn|p2a: Melmetal\n|-resisted|p2a: Melmetal\n|-damage|p2a: Melmetal|451\/473\n|\n|t:|1642555425\n|switch|p1a: Thundurus|Thundurus-Therian, M|84\/361\n|move|p2a: Melmetal|Earthquake|p1a: Thundurus\n|-immune|p1a: Thundurus\n|\n|upkeep\n|turn|19\n|\n|t:|1642555433\n|switch|p2a: Gastrodon|Gastrodon|296\/425 par\n|move|p1a: Thundurus|Thunderbolt|p2a: Gastrodon\n|-immune|p2a: Gastrodon\n|\n|upkeep\n|turn|20\n|\n|t:|1642555443\n|switch|p2a: Meloetta|Meloetta-Pirouette|403\/403\n|move|p1a: Thundurus|Thunderbolt|p2a: Meloetta\n|-damage|p2a: Meloetta|242\/403\n|\n|upkeep\n|turn|21\n|c|\u2606ZCopen|Predicted\n|\n|t:|1642555457\n|move|p2a: Meloetta|Facade|p1a: Thundurus\n|-damage|p1a: Thundurus|0 fnt\n|faint|p1a: Thundurus\n|\n|t:|1642555467\n|switch|p1a: Meloetta|Meloetta-Pirouette|403\/403\n|turn|22\n|\n|t:|1642555483\n|switch|p2a: Guzzlord|Guzzlord|649\/649\n|move|p1a: Meloetta|Close Combat|p2a: Guzzlord\n|-supereffective|p2a: Guzzlord\n|-damage|p2a: Guzzlord|152\/649\n|-unboost|p1a: Meloetta|def|1\n|-unboost|p1a: Meloetta|spd|1\n|\n|upkeep\n|turn|23\n|\n|t:|1642555497\n|switch|p2a: Gastrodon|Gastrodon|296\/425 par\n|move|p1a: Meloetta|U-turn|p2a: Gastrodon\n|-crit|p2a: Gastrodon\n|debug|Negating (sp)atk boost\/penalty.\n|debug|Negating (sp)def boost\/penalty.\n|-damage|p2a: Gastrodon|138\/425 par\n|\n|t:|1642555502\n|switch|p1a: Zygarde|Zygarde-10%|311\/311\n|\n|upkeep\n|turn|24\n|\n|t:|1642555508\n|move|p1a: Zygarde|Coil|p1a: Zygarde\n|-boost|p1a: Zygarde|atk|1\n|-boost|p1a: Zygarde|def|1\n|-boost|p1a: Zygarde|accuracy|1\n|move|p2a: Gastrodon|Scald|p1a: Zygarde\n|-damage|p1a: Zygarde|212\/311\n|\n|upkeep\n|turn|25\n|\n|t:|1642555513\n|move|p1a: Zygarde|Thousand Arrows|p2a: Gastrodon\n|-damage|p2a: Gastrodon|0 fnt\n|faint|p2a: Gastrodon\n|\n|t:|1642555516\n|switch|p2a: Melmetal|Melmetal|451\/473\n|turn|26\n|\n|t:|1642555520\n|move|p1a: Zygarde|Thousand Arrows|p2a: Melmetal\n|-supereffective|p2a: Melmetal\n|-damage|p2a: Melmetal|219\/473\n|move|p2a: Melmetal|Double Iron Bash|p1a: Zygarde\n|-damage|p1a: Zygarde|140\/311\n|-damage|p1a: Zygarde|68\/311\n|-hitcount|p1a: Zygarde|2\n|\n|upkeep\n|turn|27\n|\n|t:|1642555529\n|move|p1a: Zygarde|Thousand Arrows|p2a: Melmetal\n|-supereffective|p2a: Melmetal\n|-damage|p2a: Melmetal|0 fnt\n|faint|p2a: Melmetal\n|\n|t:|1642555531\n|switch|p2a: Meloetta|Meloetta-Pirouette|242\/403\n|turn|28\n|c|\u2606VirginJimmy99|come on ballerina\n|c|\u2606VirginJimmy99|LIVE\n|\n|t:|1642555541\n|move|p1a: Zygarde|Extreme Speed|p2a: Meloetta\n|-damage|p2a: Meloetta|136\/403\n|move|p2a: Meloetta|Facade|p1a: Zygarde\n|-damage|p1a: Zygarde|0 fnt\n|faint|p1a: Zygarde\n|c|\u2606VirginJimmy99|o that did nothing\n|\n|t:|1642555554\n|switch|p1a: Melmetal|Melmetal|473\/473\n|turn|29\n|c|\u2606VirginJimmy99|wincon\n|c|\u2606VirginJimmy99|para cheese\n|\n|t:|1642555565\n|move|p2a: Meloetta|Thunder Wave|p1a: Melmetal\n|-status|p1a: Melmetal|par\n|move|p1a: Melmetal|Double Iron Bash|p2a: Meloetta\n|-damage|p2a: Meloetta|37\/403\n|-damage|p2a: Meloetta|0 fnt\n|-hitcount|p2a: Meloetta|2\n|faint|p2a: Meloetta\n|c|\u2606ZCopen|Bulk\n|c|\u2606VirginJimmy99|wincon\n|c|\u2606VirginJimmy99|there is no wincon\n|c|\u2606VirginJimmy99|run\n|c|\u2606ZCopen|Gg\n|-message|VirginJimmy99 forfeited.\n|\n|win|ZCopen\n|c|\u2606VirginJimmy99|gs\n","uploadtime":1642555583,"views":20,"p1id":"zcopen","p2id":"virginjimmy99","formatid":"gen1customgame","rating":0,"private":0,"password":null}