{"id":"gen1customgame-1538815814","p1":"ZCopen","p2":"ferromolybdenum","format":"gen1customgame","log":"|j|\u2606ZCopen\n|j|\u2606ferromolybdenum\n|t:|1648246897\n|gametype|singles\n|player|p1|ZCopen|266|\n|player|p2|ferromolybdenum|170|\n|teamsize|p1|6\n|teamsize|p2|6\n|gen|1\n|tier|[Gen 1] Custom Game\n|rule|HP Percentage Mod: HP is shown in percentages\n|rule|Desync Clause Mod: Desyncs changed to move failure.\n|rule|Endless Battle Clause: Forcing endless battles is banned\n|rule|OHKO Clause: OHKO moves are banned\n|rule|Evasion Moves Clause: Evasion moves are banned\n|rule|Species Clause: Limit one of each Pok\u00e9mon\n|rule|Dynamax Clause: You cannot dynamax\n|rule|Freeze Clause Mod: Limit one foe frozen\n|rule|Sleep Clause: Sleep-inducing moves are banned\n|\n|t:|1648246897\n|start\n|switch|p1a: Barry|Ninjask|309\/309\n|switch|p2a: Gastrodon|Gastrodon|425\/425\n|turn|1\n|inactive|Battle timer is ON: inactive players will automatically lose when time's up. (requested by ferromolybdenum)\n|inactive|ZCopen also wants the timer to be on.\n|\n|t:|1648246900\n|switch|p2a: Empoleon|Empoleon|371\/371\n|move|p1a: Barry|Acrobatics|p2a: Empoleon\n|debug|Power doubled for no item\n|-crit|p2a: Empoleon\n|debug|Negating (sp)atk boost\/penalty.\n|debug|Negating (sp)def boost\/penalty.\n|-resisted|p2a: Empoleon\n|-damage|p2a: Empoleon|239\/371\n|\n|upkeep\n|turn|2\n|\n|t:|1648246903\n|move|p1a: Barry|U-turn|p2a: Empoleon\n|-crit|p2a: Empoleon\n|debug|Negating (sp)atk boost\/penalty.\n|debug|Negating (sp)def boost\/penalty.\n|-resisted|p2a: Empoleon\n|-damage|p2a: Empoleon|163\/371\n|\n|t:|1648246908\n|switch|p1a: Guardian Strap|Tapu Koko|343\/343\n|move|p2a: Empoleon|Aqua Ring|p2a: Empoleon\n|-start|p2a: Empoleon|Aqua Ring\n|\n|-heal|p2a: Empoleon|186\/371|[from] Aqua Ring\n|upkeep\n|turn|3\n|\n|t:|1648246927\n|move|p2a: Empoleon|Protect|p2a: Empoleon\n|-singleturn|p2a: Empoleon|Protect\n|move|p1a: Guardian Strap|U-turn|p2a: Empoleon\n|-activate|p2a: Empoleon|Protect\n|\n|-heal|p2a: Empoleon|209\/371|[from] Aqua Ring\n|upkeep\n|turn|4\n|inactive|ZCopen has 270 seconds left.\n|\n|t:|1648246966\n|move|p2a: Empoleon|Protect|p2a: Empoleon\n|-singleturn|p2a: Empoleon|Protect\n|move|p1a: Guardian Strap|Thunderbolt|p2a: Empoleon\n|-activate|p2a: Empoleon|Protect\n|\n|-heal|p2a: Empoleon|232\/371|[from] Aqua Ring\n|upkeep\n|turn|5\n|\n|t:|1648246971\n|move|p2a: Empoleon|Protect|p2a: Empoleon\n|-singleturn|p2a: Empoleon|Protect\n|move|p1a: Guardian Strap|U-turn|p2a: Empoleon\n|-activate|p2a: Empoleon|Protect\n|\n|-heal|p2a: Empoleon|255\/371|[from] Aqua Ring\n|upkeep\n|turn|6\n|inactive|ZCopen has 270 seconds left.\n|\n|t:|1648246999\n|move|p2a: Empoleon|Protect|p2a: Empoleon\n|-singleturn|p2a: Empoleon|Protect\n|move|p1a: Guardian Strap|Thunderbolt|p2a: Empoleon\n|-activate|p2a: Empoleon|Protect\n|\n|-heal|p2a: Empoleon|278\/371|[from] Aqua Ring\n|upkeep\n|turn|7\n|\n|t:|1648247008\n|move|p2a: Empoleon|Protect|p2a: Empoleon\n|-singleturn|p2a: Empoleon|Protect\n|move|p1a: Guardian Strap|U-turn|p2a: Empoleon\n|-activate|p2a: Empoleon|Protect\n|\n|-heal|p2a: Empoleon|301\/371|[from] Aqua Ring\n|upkeep\n|turn|8\n|\n|t:|1648247014\n|move|p2a: Empoleon|Protect|p2a: Empoleon\n|-singleturn|p2a: Empoleon|Protect\n|move|p1a: Guardian Strap|Thunderbolt|p2a: Empoleon\n|-activate|p2a: Empoleon|Protect\n|\n|-heal|p2a: Empoleon|324\/371|[from] Aqua Ring\n|upkeep\n|turn|9\n|\n|t:|1648247016\n|move|p1a: Guardian Strap|Thunderbolt|p2a: Empoleon\n|-supereffective|p2a: Empoleon\n|-damage|p2a: Empoleon|121\/371\n|-status|p2a: Empoleon|par\n|move|p2a: Empoleon|Scald|p1a: Guardian Strap\n|-damage|p1a: Guardian Strap|216\/343\n|\n|-heal|p2a: Empoleon|144\/371 par|[from] Aqua Ring\n|upkeep\n|turn|10\n|\n|t:|1648247025\n|move|p2a: Empoleon|Protect|p2a: Empoleon\n|-singleturn|p2a: Empoleon|Protect\n|move|p1a: Guardian Strap|U-turn|p2a: Empoleon\n|-activate|p2a: Empoleon|Protect\n|\n|-heal|p2a: Empoleon|167\/371 par|[from] Aqua Ring\n|upkeep\n|turn|11\n|\n|t:|1648247027\n|move|p2a: Empoleon|Protect|p2a: Empoleon\n|-singleturn|p2a: Empoleon|Protect\n|move|p1a: Guardian Strap|Thunderbolt|p2a: Empoleon\n|-activate|p2a: Empoleon|Protect\n|\n|-heal|p2a: Empoleon|190\/371 par|[from] Aqua Ring\n|upkeep\n|turn|12\n|\n|t:|1648247030\n|move|p2a: Empoleon|Protect|p2a: Empoleon\n|-singleturn|p2a: Empoleon|Protect\n|move|p1a: Guardian Strap|U-turn|p2a: Empoleon\n|-activate|p2a: Empoleon|Protect\n|\n|-heal|p2a: Empoleon|213\/371 par|[from] Aqua Ring\n|upkeep\n|turn|13\n|\n|t:|1648247032\n|switch|p2a: Gastrodon|Gastrodon|425\/425\n|move|p1a: Guardian Strap|Thunderbolt|p2a: Gastrodon\n|-immune|p2a: Gastrodon\n|\n|upkeep\n|turn|14\n|\n|t:|1648247034\n|move|p1a: Guardian Strap|U-turn|p2a: Gastrodon\n|-damage|p2a: Gastrodon|350\/425\n|\n|t:|1648247044\n|switch|p1a: Marquan Jilliams|Kartana|321\/321\n|move|p2a: Gastrodon|Amnesia|p2a: Gastrodon\n|-boost|p2a: Gastrodon|spd|2\n|-boost|p2a: Gastrodon|spa|2\n|\n|upkeep\n|turn|15\n|c|\u2606ferromolybdenum|oh fuck\n|\n|t:|1648247063\n|move|p1a: Marquan Jilliams|Swords Dance|p1a: Marquan Jilliams\n|-boost|p1a: Marquan Jilliams|atk|2\n|move|p2a: Gastrodon|Blizzard|p1a: Marquan Jilliams\n|-damage|p1a: Marquan Jilliams|0 fnt\n|faint|p1a: Marquan Jilliams\n|c|\u2606ZCopen|Wow\n|\n|t:|1648247075\n|switch|p1a: Mr. Incredible|Landorus, M|381\/381\n|turn|16\n|\n|t:|1648247080\n|switch|p2a: Empoleon|Empoleon|213\/371 par\n|move|p1a: Mr. Incredible|Explosion|p2a: Empoleon\n|-resisted|p2a: Empoleon\n|-damage|p2a: Empoleon|45\/371 par\n|faint|p1a: Mr. Incredible\n|\n|t:|1648247086\n|switch|p1a: Guardian Strap|Tapu Koko|216\/343\n|turn|17\n|\n|t:|1648247088\n|move|p1a: Guardian Strap|Dazzling Gleam|p2a: Empoleon\n|-resisted|p2a: Empoleon\n|-damage|p2a: Empoleon|0 fnt\n|faint|p2a: Empoleon\n|\n|t:|1648247093\n|switch|p2a: Gastrodon|Gastrodon|350\/425\n|turn|18\n|\n|t:|1648247096\n|move|p1a: Guardian Strap|Dazzling Gleam|p2a: Gastrodon\n|-damage|p2a: Gastrodon|210\/425\n|move|p2a: Gastrodon|Recover|p2a: Gastrodon\n|-heal|p2a: Gastrodon|422\/425\n|\n|upkeep\n|turn|19\n|\n|t:|1648247099\n|move|p1a: Guardian Strap|Dazzling Gleam|p2a: Gastrodon\n|-damage|p2a: Gastrodon|283\/425\n|move|p2a: Gastrodon|Amnesia|p2a: Gastrodon\n|-boost|p2a: Gastrodon|spd|2\n|-boost|p2a: Gastrodon|spa|2\n|\n|upkeep\n|turn|20\n|\n|t:|1648247102\n|move|p1a: Guardian Strap|Dazzling Gleam|p2a: Gastrodon\n|-crit|p2a: Gastrodon\n|debug|Negating (sp)atk boost\/penalty.\n|debug|Negating (sp)def boost\/penalty.\n|-damage|p2a: Gastrodon|31\/425\n|move|p2a: Gastrodon|Recover|p2a: Gastrodon\n|-heal|p2a: Gastrodon|243\/425\n|\n|upkeep\n|turn|21\n|\n|t:|1648247105\n|move|p1a: Guardian Strap|Dazzling Gleam|p2a: Gastrodon\n|-crit|p2a: Gastrodon\n|debug|Negating (sp)atk boost\/penalty.\n|debug|Negating (sp)def boost\/penalty.\n|-damage|p2a: Gastrodon|0 fnt\n|faint|p2a: Gastrodon\n|c|\u2606ferromolybdenum|ow\n|\n|t:|1648247110\n|switch|p2a: Slowking|Slowking|393\/393\n|turn|22\n|\n|t:|1648247128\n|move|p1a: Guardian Strap|U-turn|p2a: Slowking\n|-crit|p2a: Slowking\n|debug|Negating (sp)atk boost\/penalty.\n|debug|Negating (sp)def boost\/penalty.\n|-supereffective|p2a: Slowking\n|-damage|p2a: Slowking|103\/393\n|\n|t:|1648247130\n|switch|p1a: Barry|Ninjask|309\/309\n|move|p2a: Slowking|Amnesia|p2a: Slowking\n|-boost|p2a: Slowking|spd|2\n|-boost|p2a: Slowking|spa|2\n|\n|upkeep\n|turn|23\n|\n|t:|1648247139\n|switch|p2a: Keldeo|Keldeo|385\/385\n|move|p1a: Barry|U-turn|p2a: Keldeo\n|-resisted|p2a: Keldeo\n|-damage|p2a: Keldeo|346\/385\n|\n|t:|1648247144\n|switch|p1a: Guardian Strap|Tapu Koko|216\/343\n|\n|upkeep\n|turn|24\n|\n|t:|1648247147\n|move|p1a: Guardian Strap|Thunderbolt|p2a: Keldeo\n|-supereffective|p2a: Keldeo\n|-damage|p2a: Keldeo|129\/385\n|move|p2a: Keldeo|Hydro Pump|p1a: Guardian Strap|[miss]\n|-miss|p2a: Keldeo\n|\n|upkeep\n|turn|25\n|\n|t:|1648247153\n|move|p1a: Guardian Strap|Thunderbolt|p2a: Keldeo\n|-supereffective|p2a: Keldeo\n|-damage|p2a: Keldeo|0 fnt\n|faint|p2a: Keldeo\n|\n|t:|1648247156\n|switch|p2a: Greninja|Greninja|347\/347\n|turn|26\n|c|\u2606ZCopen|Bozo\n|\n|t:|1648247159\n|move|p1a: Guardian Strap|Dazzling Gleam|p2a: Greninja\n|-supereffective|p2a: Greninja\n|-damage|p2a: Greninja|59\/347\n|move|p2a: Greninja|Hydro Pump|p1a: Guardian Strap\n|-crit|p1a: Guardian Strap\n|debug|Negating (sp)atk boost\/penalty.\n|debug|Negating (sp)def boost\/penalty.\n|-damage|p1a: Guardian Strap|0 fnt\n|faint|p1a: Guardian Strap\n|\n|t:|1648247163\n|switch|p1a: Barry|Ninjask|309\/309\n|turn|27\n|\n|t:|1648247166\n|move|p1a: Barry|U-turn|p2a: Greninja\n|-crit|p2a: Greninja\n|debug|Negating (sp)atk boost\/penalty.\n|debug|Negating (sp)def boost\/penalty.\n|-supereffective|p2a: Greninja\n|-damage|p2a: Greninja|0 fnt\n|faint|p2a: Greninja\n|\n|t:|1648247170\n|switch|p1a: The Hidden One|Cloyster|303\/303\n|switch|p2a: Milotic|Milotic|393\/393\n|turn|28\n|\n|t:|1648247174\n|move|p2a: Milotic|Scald|p1a: The Hidden One\n|-resisted|p1a: The Hidden One\n|-damage|p1a: The Hidden One|251\/303\n|move|p1a: The Hidden One|Shell Smash|p1a: The Hidden One\n|-unboost|p1a: The Hidden One|def|1\n|-unboost|p1a: The Hidden One|spd|1\n|-boost|p1a: The Hidden One|atk|2\n|-boost|p1a: The Hidden One|spa|2\n|-boost|p1a: The Hidden One|spe|2\n|\n|upkeep\n|turn|29\n|\n|t:|1648247176\n|switch|p2a: Slowking|Slowking|103\/393\n|move|p1a: The Hidden One|Explosion|p2a: Slowking\n|-damage|p2a: Slowking|0 fnt\n|faint|p2a: Slowking\n|faint|p1a: The Hidden One\n|\n|t:|1648247182\n|switch|p1a: The Feared One|Omastar|343\/343\n|switch|p2a: Milotic|Milotic|393\/393\n|turn|30\n|\n|t:|1648247186\n|move|p2a: Milotic|Scald|p1a: The Feared One\n|-crit|p1a: The Feared One\n|debug|Negating (sp)atk boost\/penalty.\n|debug|Negating (sp)def boost\/penalty.\n|-damage|p1a: The Feared One|176\/343\n|move|p1a: The Feared One|Shell Smash|p1a: The Feared One\n|-unboost|p1a: The Feared One|def|1\n|-unboost|p1a: The Feared One|spd|1\n|-boost|p1a: The Feared One|atk|2\n|-boost|p1a: The Feared One|spa|2\n|-boost|p1a: The Feared One|spe|2\n|\n|upkeep\n|turn|31\n|\n|t:|1648247192\n|move|p1a: The Feared One|Surf|p2a: Milotic\n|-resisted|p2a: Milotic\n|-damage|p2a: Milotic|292\/393\n|move|p2a: Milotic|Haze|p2a: Milotic\n|-activate|p2a: Milotic|move: Haze\n|-clearallboost|[silent]\n|\n|upkeep\n|turn|32\n|\n|t:|1648247196\n|move|p2a: Milotic|Scald|p1a: The Feared One\n|-crit|p1a: The Feared One\n|debug|Negating (sp)atk boost\/penalty.\n|debug|Negating (sp)def boost\/penalty.\n|-damage|p1a: The Feared One|17\/343\n|move|p1a: The Feared One|Shell Smash|p1a: The Feared One\n|-unboost|p1a: The Feared One|def|1\n|-unboost|p1a: The Feared One|spd|1\n|-boost|p1a: The Feared One|atk|2\n|-boost|p1a: The Feared One|spa|2\n|-boost|p1a: The Feared One|spe|2\n|\n|upkeep\n|turn|33\n|\n|t:|1648247200\n|move|p1a: The Feared One|Surf|p2a: Milotic\n|-resisted|p2a: Milotic\n|-damage|p2a: Milotic|180\/393\n|move|p2a: Milotic|Haze|p2a: Milotic\n|-activate|p2a: Milotic|move: Haze\n|-clearallboost|[silent]\n|\n|upkeep\n|turn|34\n|\n|t:|1648247205\n|move|p2a: Milotic|Recover|p2a: Milotic\n|-heal|p2a: Milotic|376\/393\n|move|p1a: The Feared One|Surf|p2a: Milotic\n|-crit|p2a: Milotic\n|debug|Negating (sp)atk boost\/penalty.\n|debug|Negating (sp)def boost\/penalty.\n|-resisted|p2a: Milotic\n|-damage|p2a: Milotic|276\/393\n|\n|upkeep\n|turn|35\n|inactive|ZCopen has 270 seconds left.\n|\n|t:|1648247245\n|move|p2a: Milotic|Recover|p2a: Milotic\n|-heal|p2a: Milotic|393\/393\n|move|p1a: The Feared One|Surf|p2a: Milotic\n|-resisted|p2a: Milotic\n|-damage|p2a: Milotic|339\/393\n|\n|upkeep\n|turn|36\n|\n|t:|1648247250\n|move|p2a: Milotic|Scald|p1a: The Feared One\n|-damage|p1a: The Feared One|0 fnt\n|faint|p1a: The Feared One\n|\n|t:|1648247252\n|switch|p1a: Barry|Ninjask|309\/309\n|turn|37\n|\n|t:|1648247255\n|move|p1a: Barry|Acrobatics|p2a: Milotic\n|debug|Power doubled for no item\n|-damage|p2a: Milotic|193\/393\n|move|p2a: Milotic|Recover|p2a: Milotic\n|-heal|p2a: Milotic|389\/393\n|\n|upkeep\n|turn|38\n|\n|t:|1648247264\n|move|p1a: Barry|Acrobatics|p2a: Milotic\n|debug|Power doubled for no item\n|-crit|p2a: Milotic\n|debug|Negating (sp)atk boost\/penalty.\n|debug|Negating (sp)def boost\/penalty.\n|-damage|p2a: Milotic|120\/393\n|move|p2a: Milotic|Blizzard|p1a: Barry\n|-crit|p1a: Barry\n|debug|Negating (sp)atk boost\/penalty.\n|debug|Negating (sp)def boost\/penalty.\n|-supereffective|p1a: Barry\n|-damage|p1a: Barry|0 fnt\n|faint|p1a: Barry\n|\n|win|ferromolybdenum\n|c|\u2606ferromolybdenum|B)\n|c|\u2606ferromolybdenum|gg\n","uploadtime":1648247275,"views":17,"p1id":"zcopen","p2id":"ferromolybdenum","formatid":"gen1customgame","rating":0,"private":0,"password":null}