{"id":"gen1ou-1677818141","p1":"Laroxyl","p2":"Ct0wn","format":"gen1ou","log":"|j|\u2606Laroxyl\n|j|\u2606Ct0wn\n|t:|1664927723\n|gametype|singles\n|player|p1|Laroxyl|#scl1spartans|\n|player|p2|Ct0wn|dawn|\n|teamsize|p1|6\n|teamsize|p2|6\n|gen|1\n|tier|[Gen 1] OU\n|rule|Desync Clause Mod: Desyncs changed to move failure.\n|rule|Sleep Clause Mod: Limit one foe put to sleep\n|rule|Freeze Clause Mod: Limit one foe frozen\n|rule|Species Clause: Limit one of each Pok\u00e9mon\n|rule|OHKO Clause: OHKO moves are banned\n|rule|Evasion Moves Clause: Evasion moves are banned\n|rule|Endless Battle Clause: Forcing endless battles is banned\n|rule|HP Percentage Mod: HP is shown in percentages\n|\n|t:|1664927723\n|start\n|switch|p1a: Starmie|Starmie|100\/100\n|switch|p2a: Gengar|Gengar|100\/100\n|turn|1\n|c|\u2606Ct0wn|Hf\n|\n|t:|1664927737\n|switch|p2a: Chansey|Chansey|100\/100\n|move|p1a: Starmie|Psychic|p2a: Chansey\n|-damage|p2a: Chansey|86\/100\n|\n|upkeep\n|turn|2\n|\n|t:|1664927744\n|switch|p1a: Chansey|Chansey|100\/100\n|move|p2a: Chansey|Sing|p1a: Chansey|[miss]\n|-miss|p2a: Chansey\n|\n|upkeep\n|turn|3\n|\n|t:|1664927751\n|switch|p1a: Starmie|Starmie|100\/100\n|switch|p2a: Gengar|Gengar|100\/100\n|\n|upkeep\n|turn|4\n|\n|t:|1664927758\n|switch|p2a: Chansey|Chansey|86\/100\n|move|p1a: Starmie|Psychic|p2a: Chansey\n|-damage|p2a: Chansey|72\/100\n|\n|upkeep\n|turn|5\n|\n|t:|1664927765\n|switch|p1a: Chansey|Chansey|100\/100\n|move|p2a: Chansey|Sing|p1a: Chansey|[miss]\n|-miss|p2a: Chansey\n|\n|upkeep\n|turn|6\n|\n|t:|1664927784\n|switch|p2a: Gengar|Gengar|100\/100\n|move|p1a: Chansey|Ice Beam|p2a: Gengar\n|-damage|p2a: Gengar|82\/100\n|\n|upkeep\n|turn|7\n|\n|t:|1664927792\n|move|p2a: Gengar|Hypnosis|p1a: Chansey\n|-status|p1a: Chansey|slp|[from] move: Hypnosis\n|cant|p1a: Chansey|slp\n|\n|upkeep\n|turn|8\n|\n|t:|1664927796\n|move|p2a: Gengar|Thunderbolt|p1a: Chansey\n|-damage|p1a: Chansey|88\/100 slp\n|cant|p1a: Chansey|slp\n|\n|upkeep\n|turn|9\n|\n|t:|1664927800\n|move|p2a: Gengar|Psychic|p1a: Chansey\n|-crit|p1a: Chansey\n|-damage|p1a: Chansey|66\/100 slp\n|-curestatus|p1a: Chansey|slp|[msg]\n|\n|upkeep\n|turn|10\n|\n|t:|1664927806\n|move|p2a: Gengar|Hypnosis|p1a: Chansey\n|-status|p1a: Chansey|slp|[from] move: Hypnosis\n|cant|p1a: Chansey|slp\n|\n|upkeep\n|turn|11\n|\n|t:|1664927809\n|move|p2a: Gengar|Psychic|p1a: Chansey\n|-damage|p1a: Chansey|55\/100 slp\n|-unboost|p1a: Chansey|spd|1\n|-unboost|p1a: Chansey|spa|1\n|cant|p1a: Chansey|slp\n|\n|upkeep\n|turn|12\n|\n|t:|1664927812\n|move|p2a: Gengar|Psychic|p1a: Chansey\n|-crit|p1a: Chansey\n|-damage|p1a: Chansey|32\/100 slp\n|-unboost|p1a: Chansey|spd|1\n|-unboost|p1a: Chansey|spa|1\n|cant|p1a: Chansey|slp\n|\n|upkeep\n|turn|13\n|j|+TSR\n|\n|t:|1664927819\n|switch|p1a: Exeggutor|Exeggutor|100\/100\n|move|p2a: Gengar|Thunderbolt|p1a: Exeggutor\n|-resisted|p1a: Exeggutor\n|-damage|p1a: Exeggutor|92\/100\n|\n|upkeep\n|turn|14\n|\n|t:|1664927824\n|move|p2a: Gengar|Explosion|p1a: Exeggutor\n|-crit|p1a: Exeggutor\n|-damage|p1a: Exeggutor|0 fnt\n|faint|p1a: Exeggutor\n|faint|p2a: Gengar\n|\n|t:|1664927842\n|switch|p2a: Chansey|Chansey|72\/100\n|switch|p1a: Starmie|Starmie|100\/100\n|turn|15\n|\n|t:|1664927867\n|move|p1a: Starmie|Thunder Wave|p2a: Chansey\n|-status|p2a: Chansey|par\n|move|p2a: Chansey|Ice Beam|p1a: Starmie\n|-resisted|p1a: Starmie\n|-damage|p1a: Starmie|88\/100\n|\n|upkeep\n|turn|16\n|\n|t:|1664927873\n|move|p1a: Starmie|Psychic|p2a: Chansey\n|-damage|p2a: Chansey|59\/100 par\n|-unboost|p2a: Chansey|spd|1\n|-unboost|p2a: Chansey|spa|1\n|move|p2a: Chansey|Thunder Wave|p1a: Starmie\n|-status|p1a: Starmie|par\n|\n|upkeep\n|turn|17\n|\n|t:|1664927879\n|cant|p1a: Starmie|par\n|cant|p2a: Chansey|par\n|\n|upkeep\n|turn|18\n|\n|t:|1664927882\n|move|p1a: Starmie|Psychic|p2a: Chansey\n|-damage|p2a: Chansey|35\/100 par\n|-unboost|p2a: Chansey|spd|1\n|-unboost|p2a: Chansey|spa|1\n|cant|p2a: Chansey|par\n|\n|upkeep\n|turn|19\n|\n|t:|1664927891\n|cant|p1a: Starmie|par\n|move|p2a: Chansey|Soft-Boiled|p2a: Chansey\n|-heal|p2a: Chansey|85\/100 par\n|\n|upkeep\n|turn|20\n|\n|t:|1664927899\n|move|p1a: Starmie|Psychic|p2a: Chansey\n|-crit|p2a: Chansey\n|-damage|p2a: Chansey|58\/100 par\n|move|p2a: Chansey|Ice Beam|p1a: Starmie\n|-resisted|p1a: Starmie\n|-damage|p1a: Starmie|82\/100 par\n|\n|upkeep\n|turn|21\n|\n|t:|1664927905\n|switch|p2a: Zapdos|Zapdos|100\/100\n|move|p1a: Starmie|Psychic|p2a: Zapdos\n|-damage|p2a: Zapdos|76\/100\n|\n|upkeep\n|turn|22\n|\n|t:|1664927918\n|switch|p1a: Snorlax|Snorlax|100\/100\n|move|p2a: Zapdos|Thunderbolt|p1a: Snorlax\n|-damage|p1a: Snorlax|67\/100\n|\n|upkeep\n|turn|23\n|\n|t:|1664927930\n|switch|p2a: Cloyster|Cloyster|100\/100\n|move|p1a: Snorlax|Body Slam|p2a: Cloyster\n|-damage|p2a: Cloyster|78\/100\n|\n|upkeep\n|turn|24\n|\n|t:|1664927938\n|switch|p1a: Starmie|Starmie|82\/100 par\n|move|p2a: Cloyster|Blizzard|p1a: Starmie\n|-resisted|p1a: Starmie\n|-damage|p1a: Starmie|62\/100 par\n|\n|upkeep\n|turn|25\n|\n|t:|1664927949\n|move|p2a: Cloyster|Clamp|p1a: Starmie\n|-resisted|p1a: Starmie\n|-damage|p1a: Starmie|56\/100 par\n|cant|p1a: Starmie|partiallytrapped\n|\n|upkeep\n|turn|26\n|\n|t:|1664927956\n|move|p2a: Cloyster|Clamp|p1a: Starmie|[from]Clamp\n|-damage|p1a: Starmie|50\/100 par\n|cant|p1a: Starmie|partiallytrapped\n|\n|upkeep\n|turn|27\n|\n|t:|1664927960\n|switch|p2a: Zapdos|Zapdos|76\/100\n|cant|p1a: Starmie|partiallytrapped\n|\n|upkeep\n|turn|28\n|\n|t:|1664927968\n|switch|p1a: Chansey|Chansey|32\/100 slp\n|move|p2a: Zapdos|Thunderbolt|p1a: Chansey\n|-damage|p1a: Chansey|13\/100 slp\n|\n|upkeep\n|turn|29\n|\n|t:|1664927974\n|move|p2a: Zapdos|Drill Peck|p1a: Chansey\n|-damage|p1a: Chansey|0 fnt\n|faint|p1a: Chansey\n|\n|t:|1664927983\n|switch|p1a: Snorlax|Snorlax|67\/100\n|turn|30\n|\n|t:|1664927991\n|switch|p2a: Cloyster|Cloyster|78\/100\n|move|p1a: Snorlax|Body Slam|p2a: Cloyster\n|-damage|p2a: Cloyster|54\/100\n|-status|p2a: Cloyster|par\n|\n|upkeep\n|turn|31\n|\n|t:|1664928002\n|move|p1a: Snorlax|Hyper Beam|p2a: Cloyster\n|-damage|p2a: Cloyster|15\/100 par\n|-mustrecharge|p1a: Snorlax\n|move|p2a: Cloyster|Explosion|p1a: Snorlax\n|-damage|p1a: Snorlax|0 fnt\n|faint|p1a: Snorlax\n|faint|p2a: Cloyster\n|\n|t:|1664928009\n|switch|p1a: Tauros|Tauros|100\/100\n|switch|p2a: Snorlax|Snorlax|100\/100\n|turn|32\n|\n|t:|1664928013\n|move|p1a: Tauros|Body Slam|p2a: Snorlax\n|-damage|p2a: Snorlax|77\/100\n|move|p2a: Snorlax|Body Slam|p1a: Tauros\n|-damage|p1a: Tauros|68\/100\n|\n|upkeep\n|turn|33\n|\n|t:|1664928021\n|move|p1a: Tauros|Body Slam|p2a: Snorlax\n|-damage|p2a: Snorlax|52\/100\n|move|p2a: Snorlax|Self-Destruct|p1a: Tauros\n|-damage|p1a: Tauros|0 fnt\n|faint|p1a: Tauros\n|faint|p2a: Snorlax\n|\n|t:|1664928030\n|switch|p1a: Zapdos|Zapdos|100\/100\n|switch|p2a: Zapdos|Zapdos|76\/100\n|turn|34\n|\n|t:|1664928032\n|move|p2a: Zapdos|Thunder Wave|p1a: Zapdos\n|-status|p1a: Zapdos|par\n|move|p1a: Zapdos|Thunderbolt|p2a: Zapdos\n|-crit|p2a: Zapdos\n|-damage|p2a: Zapdos|17\/100\n|\n|upkeep\n|turn|35\n|\n|t:|1664928039\n|move|p2a: Zapdos|Thunderbolt|p1a: Zapdos\n|-damage|p1a: Zapdos|71\/100 par\n|move|p1a: Zapdos|Agility|p1a: Zapdos\n|-boost|p1a: Zapdos|spe|2\n|\n|upkeep\n|turn|36\n|\n|t:|1664928043\n|cant|p1a: Zapdos|par\n|move|p2a: Zapdos|Thunderbolt|p1a: Zapdos\n|-crit|p1a: Zapdos\n|-damage|p1a: Zapdos|13\/100 par\n|\n|upkeep\n|turn|37\n|\n|t:|1664928047\n|switch|p2a: Chansey|Chansey|58\/100 par\n|move|p1a: Zapdos|Thunderbolt|p2a: Chansey\n|-damage|p2a: Chansey|41\/100 par\n|\n|upkeep\n|turn|38\n|\n|t:|1664928052\n|move|p1a: Zapdos|Drill Peck|p2a: Chansey\n|-crit|p2a: Chansey\n|-damage|p2a: Chansey|0 fnt\n|faint|p2a: Chansey\n|\n|t:|1664928054\n|switch|p2a: Tauros|Tauros|100\/100\n|turn|39\n|\n|t:|1664928064\n|move|p1a: Zapdos|Thunder Wave|p2a: Tauros\n|-status|p2a: Tauros|par\n|move|p2a: Tauros|Body Slam|p1a: Zapdos\n|-damage|p1a: Zapdos|0 fnt\n|faint|p1a: Zapdos\n|\n|t:|1664928069\n|switch|p1a: Starmie|Starmie|50\/100 par\n|turn|40\n|\n|t:|1664928072\n|move|p1a: Starmie|Recover|p1a: Starmie\n|-heal|p1a: Starmie|99\/100 par\n|cant|p2a: Tauros|par\n|\n|upkeep\n|turn|41\n|\n|t:|1664928076\n|move|p1a: Starmie|Psychic|p2a: Tauros\n|-damage|p2a: Tauros|62\/100 par\n|-unboost|p2a: Tauros|spd|1\n|-unboost|p2a: Tauros|spa|1\n|cant|p2a: Tauros|par\n|\n|upkeep\n|turn|42\n|\n|t:|1664928081\n|move|p1a: Starmie|Psychic|p2a: Tauros\n|-damage|p2a: Tauros|3\/100 par\n|cant|p2a: Tauros|par\n|\n|upkeep\n|turn|43\n|\n|t:|1664928088\n|move|p1a: Starmie|Thunderbolt|p2a: Tauros\n|-crit|p2a: Tauros\n|-damage|p2a: Tauros|0 fnt\n|faint|p2a: Tauros\n|\n|t:|1664928090\n|switch|p2a: Zapdos|Zapdos|17\/100\n|turn|44\n|\n|t:|1664928094\n|move|p2a: Zapdos|Thunderbolt|p1a: Starmie\n|-supereffective|p1a: Starmie\n|-damage|p1a: Starmie|18\/100 par\n|move|p1a: Starmie|Psychic|p2a: Zapdos\n|-damage|p2a: Zapdos|0 fnt\n|faint|p2a: Zapdos\n|\n|win|Laroxyl\n|l|+TSR\n|c|\u2606Laroxyl|gg\n","uploadtime":1664928104,"views":18,"p1id":"laroxyl","p2id":"ct0wn","formatid":"gen1ou","rating":0,"private":0,"password":null}