{"id":"gen1ou-1687517662","p1":"knexhawk2","p2":"El Hueco Mundo","format":"gen1ou","log":"|j|\u2606knexhawk2\n|j|\u2606El Hueco Mundo\n|inactive|Battle timer is ON: inactive players will automatically lose when time's up.\n|t:|1665968480\n|gametype|singles\n|player|p1|knexhawk2|lucas|\n|player|p2|El Hueco Mundo|170|\n|teamsize|p1|6\n|teamsize|p2|6\n|gen|1\n|tier|[Gen 1] OU\n|rated|Tournament battle\n|rule|Desync Clause Mod: Desyncs changed to move failure.\n|rule|Sleep Clause Mod: Limit one foe put to sleep\n|rule|Freeze Clause Mod: Limit one foe frozen\n|rule|Species Clause: Limit one of each Pok\u00e9mon\n|rule|OHKO Clause: OHKO moves are banned\n|rule|Evasion Moves Clause: Evasion moves are banned\n|rule|Endless Battle Clause: Forcing endless battles is banned\n|rule|HP Percentage Mod: HP is shown in percentages\n|\n|t:|1665968480\n|start\n|switch|p1a: Starmie|Starmie|100\/100\n|switch|p2a: Melmetal|Melmetal|100\/100\n|turn|1\n|j| maxbri1\n|\n|t:|1665968486\n|move|p1a: Starmie|Thunder Wave|p2a: Melmetal\n|-status|p2a: Melmetal|par\n|move|p2a: Melmetal|Thunder Wave|p1a: Starmie\n|-status|p1a: Starmie|par\n|\n|upkeep\n|turn|2\n|j| Pikablu007\n|j| tbone603\n|\n|t:|1665968505\n|switch|p2a: Chansey|Chansey|100\/100\n|move|p1a: Starmie|Surf|p2a: Chansey\n|-damage|p2a: Chansey|85\/100\n|\n|upkeep\n|turn|3\n|j| TheQzertz\n|\n|t:|1665968511\n|switch|p1a: Chansey|Chansey|100\/100\n|move|p2a: Chansey|Thunder Wave|p1a: Chansey\n|-status|p1a: Chansey|par\n|\n|upkeep\n|turn|4\n|\n|t:|1665968520\n|switch|p2a: Melmetal|Melmetal|100\/100 par\n|cant|p1a: Chansey|par\n|\n|upkeep\n|turn|5\n|\n|t:|1665968523\n|switch|p1a: Moltres|Moltres|100\/100\n|move|p2a: Melmetal|Double Iron Bash|p1a: Moltres\n|-damage|p1a: Moltres|73\/100\n|-damage|p1a: Moltres|46\/100\n|-hitcount|p1a: Moltres|2\n|\n|upkeep\n|turn|6\n|j| yeshahr\n|c|\u2606knexhawk2|Jesus fuck\n|c|\u2606knexhawk2|i dont resist that\n|c|\u2606El Hueco Mundo|lmao\n|c|\u2606El Hueco Mundo|wait a minute\n|c|\u2606El Hueco Mundo|you dont hit me for super effective then\n|\n|t:|1665968543\n|move|p1a: Moltres|Fire Blast|p2a: Melmetal\n|-crit|p2a: Melmetal\n|-supereffective|p2a: Melmetal\n|-damage|p2a: Melmetal|0 fnt\n|faint|p2a: Melmetal\n|j| PkmnMasterEclipse\n|c|\u2606knexhawk2|yeah?\n|c|\u2606El Hueco Mundo|nope!\n|c|\u2606El Hueco Mundo|nvm\n|c|\u2606El Hueco Mundo|thought I was typeless\n|c|\u2606El Hueco Mundo|for a sec\n|c|\u2606El Hueco Mundo|but I am not\n|inactive|El Hueco Mundo has 120 seconds left.\n|c|\u2606knexhawk2|lol\n|\n|t:|1665968567\n|switch|p2a: Tauros|Tauros|100\/100\n|turn|7\n|j| laughokenisis\\\n|\n|t:|1665968572\n|switch|p1a: Melmetal|Melmetal|100\/100\n|move|p2a: Tauros|Body Slam|p1a: Melmetal\n|-resisted|p1a: Melmetal\n|-damage|p1a: Melmetal|93\/100\n|\n|upkeep\n|turn|8\n|\n|t:|1665968580\n|switch|p2a: Starmie|Starmie|100\/100\n|move|p1a: Melmetal|Double Iron Bash|p2a: Starmie\n|-resisted|p2a: Starmie\n|-damage|p2a: Starmie|85\/100\n|-damage|p2a: Starmie|69\/100\n|-hitcount|p2a: Starmie|2\n|\n|upkeep\n|turn|9\n|l| tbone603\n|n|!knexhawk2|knexhawk2\n|\n|t:|1665968593\n|switch|p1a: Chansey|Chansey|100\/100 par\n|move|p2a: Starmie|Thunder Wave|p1a: Chansey\n|-fail|p1a: Chansey|par\n|\n|upkeep\n|turn|10\n|\n|t:|1665968605\n|switch|p2a: Exeggutor|Exeggutor|100\/100\n|move|p1a: Chansey|Ice Beam|p2a: Exeggutor\n|-supereffective|p2a: Exeggutor\n|-damage|p2a: Exeggutor|65\/100\n|\n|upkeep\n|turn|11\n|j| ChandosH\n|\n|t:|1665968613\n|switch|p1a: Moltres|Moltres|46\/100\n|move|p2a: Exeggutor|Psychic|p1a: Moltres\n|-damage|p1a: Moltres|17\/100\n|\n|upkeep\n|turn|12\n|\n|t:|1665968622\n|switch|p2a: Chansey|Chansey|85\/100\n|move|p1a: Moltres|Fire Spin|p2a: Chansey\n|-damage|p2a: Chansey|82\/100\n|\n|upkeep\n|turn|13\n|\n|t:|1665968629\n|move|p1a: Moltres|Fire Spin|p2a: Chansey|[from]Fire Spin\n|-damage|p2a: Chansey|79\/100\n|cant|p2a: Chansey|partiallytrapped\n|\n|upkeep\n|turn|14\n|c|\u2606El Hueco Mundo|no way\n|\n|t:|1665968642\n|switch|p1a: Melmetal|Melmetal|93\/100\n|cant|p2a: Chansey|partiallytrapped\n|\n|upkeep\n|turn|15\n|\n|t:|1665968652\n|move|p2a: Chansey|Thunderbolt|p1a: Melmetal\n|-damage|p1a: Melmetal|73\/100\n|move|p1a: Melmetal|Earthquake|p2a: Chansey\n|-crit|p2a: Chansey\n|-damage|p2a: Chansey|0 fnt\n|faint|p2a: Chansey\n|c| ChandosH|the melmetal spirit lol\n|c|\u2606El Hueco Mundo|Jesus man\n|\n|t:|1665968663\n|switch|p2a: Exeggutor|Exeggutor|65\/100\n|turn|16\n|\n|t:|1665968674\n|switch|p1a: Chansey|Chansey|100\/100 par\n|move|p2a: Exeggutor|Sleep Powder|p1a: Chansey\n|-fail|p1a: Chansey\n|\n|upkeep\n|turn|17\n|c| laughokenisis\\|yeah melm in old gens has a huge sprite for some reason\n|\n|t:|1665968679\n|move|p2a: Exeggutor|Double-Edge|p1a: Chansey\n|-damage|p1a: Chansey|71\/100 par\n|-damage|p2a: Exeggutor|52\/100|[from] Recoil|[of] p1a: Chansey\n|move|p1a: Chansey|Ice Beam|p2a: Exeggutor\n|-supereffective|p2a: Exeggutor\n|-damage|p2a: Exeggutor|16\/100\n|\n|upkeep\n|turn|18\n|c|\u2606El Hueco Mundo|oh that does jack\n|\n|t:|1665968690\n|switch|p1a: Melmetal|Melmetal|73\/100\n|move|p2a: Exeggutor|Explosion|p1a: Melmetal\n|-resisted|p1a: Melmetal\n|-damage|p1a: Melmetal|51\/100\n|faint|p2a: Exeggutor\n|\n|t:|1665968698\n|switch|p2a: Tauros|Tauros|100\/100\n|turn|19\n|\n|t:|1665968700\n|move|p2a: Tauros|Earthquake|p1a: Melmetal\n|-supereffective|p1a: Melmetal\n|-damage|p1a: Melmetal|27\/100\n|move|p1a: Melmetal|Double Iron Bash|p2a: Tauros\n|-damage|p2a: Tauros|74\/100\n|-damage|p2a: Tauros|48\/100\n|-hitcount|p2a: Tauros|2\n|\n|upkeep\n|turn|20\n|c| ChandosH|imagine steels in gen 1\n|l| Pikablu007\n|j| Pikablu007\n|\n|t:|1665968712\n|switch|p2a: Starmie|Starmie|69\/100\n|move|p1a: Melmetal|Double Iron Bash|p2a: Starmie\n|-resisted|p2a: Starmie\n|-damage|p2a: Starmie|54\/100\n|-damage|p2a: Starmie|39\/100\n|-hitcount|p2a: Starmie|2\n|\n|upkeep\n|turn|21\n|l| maxbri1\n|c|\u2606El Hueco Mundo|steels would break the meta\n|c| ChandosH|explosion would actually be walled lol\n|c|\u2606El Hueco Mundo|imagine having a type that resists psychic\n|j| SpookElekiElectric\n|j| deyvidred4\n|\n|t:|1665968732\n|switch|p1a: Slowbro|Slowbro|100\/100\n|move|p2a: Starmie|Psychic|p1a: Slowbro\n|-resisted|p1a: Slowbro\n|-damage|p1a: Slowbro|84\/100\n|\n|upkeep\n|turn|22\n|\n|t:|1665968734\n|move|p2a: Starmie|Recover|p2a: Starmie\n|-heal|p2a: Starmie|88\/100\n|move|p1a: Slowbro|Amnesia|p1a: Slowbro\n|-boost|p1a: Slowbro|spd|2\n|-boost|p1a: Slowbro|spa|2\n|\n|upkeep\n|turn|23\n|\n|t:|1665968737\n|move|p2a: Starmie|Thunder Wave|p1a: Slowbro\n|-status|p1a: Slowbro|par\n|cant|p1a: Slowbro|par\n|\n|upkeep\n|turn|24\n|\n|t:|1665968745\n|move|p2a: Starmie|Psychic|p1a: Slowbro\n|-resisted|p1a: Slowbro\n|-damage|p1a: Slowbro|76\/100 par\n|cant|p1a: Slowbro|par\n|\n|upkeep\n|turn|25\n|l| SpookElekiElectric\n|\n|t:|1665968749\n|move|p2a: Starmie|Psychic|p1a: Slowbro\n|-resisted|p1a: Slowbro\n|-damage|p1a: Slowbro|69\/100 par\n|move|p1a: Slowbro|Amnesia|p1a: Slowbro\n|-boost|p1a: Slowbro|spd|2\n|-boost|p1a: Slowbro|spa|2\n|\n|upkeep\n|turn|26\n|c| laughokenisis\\|whats spc\n|\n|t:|1665968754\n|switch|p2a: Tauros|Tauros|48\/100\n|move|p1a: Slowbro|Amnesia|p1a: Slowbro\n|-boost|p1a: Slowbro|spd|2\n|-boost|p1a: Slowbro|spa|2\n|\n|upkeep\n|turn|27\n|\n|t:|1665968758\n|move|p2a: Tauros|Hyper Beam|p1a: Slowbro\n|-damage|p1a: Slowbro|24\/100 par\n|-mustrecharge|p2a: Tauros\n|cant|p1a: Slowbro|par\n|\n|upkeep\n|turn|28\n|l| deyvidred4\n|\n|t:|1665968760\n|cant|p2a: Tauros|recharge\n|cant|p1a: Slowbro|par\n|\n|upkeep\n|turn|29\n|c|\u2606El Hueco Mundo|one more\n|c|\u2606El Hueco Mundo|lets fucking go\n|\n|t:|1665968768\n|switch|p1a: Melmetal|Melmetal|27\/100\n|move|p2a: Tauros|Body Slam|p1a: Melmetal\n|-resisted|p1a: Melmetal\n|-damage|p1a: Melmetal|19\/100\n|\n|upkeep\n|turn|30\n|\n|t:|1665968773\n|switch|p1a: Starmie|Starmie|100\/100 par\n|move|p2a: Tauros|Earthquake|p1a: Starmie\n|-damage|p1a: Starmie|72\/100 par\n|\n|upkeep\n|turn|31\n|\n|t:|1665968777\n|move|p2a: Tauros|Hyper Beam|p1a: Starmie\n|-damage|p1a: Starmie|9\/100 par\n|-mustrecharge|p2a: Tauros\n|move|p1a: Starmie|Thunder Wave|p2a: Tauros\n|-status|p2a: Tauros|par\n|\n|upkeep\n|turn|32\n|c|\u2606El Hueco Mundo|gdi\n|c|\u2606El Hueco Mundo|I just lost\n|\n|t:|1665968783\n|switch|p1a: Melmetal|Melmetal|19\/100\n|cant|p2a: Tauros|recharge\n|\n|upkeep\n|turn|33\n|\n|t:|1665968788\n|move|p1a: Melmetal|Hyper Beam|p2a: Tauros\n|-damage|p2a: Tauros|7\/100 par\n|-mustrecharge|p1a: Melmetal\n|cant|p2a: Tauros|par\n|\n|upkeep\n|turn|34\n|\n|t:|1665968791\n|cant|p1a: Melmetal|recharge\n|move|p2a: Tauros|Earthquake|p1a: Melmetal\n|-supereffective|p1a: Melmetal\n|-damage|p1a: Melmetal|0 fnt\n|faint|p1a: Melmetal\n|\n|t:|1665968793\n|switch|p1a: Moltres|Moltres|17\/100\n|turn|35\n|\n|t:|1665968796\n|move|p1a: Moltres|Hyper Beam|p2a: Tauros\n|-damage|p2a: Tauros|0 fnt\n|faint|p2a: Tauros\n|c| ChandosH|why not dib ;-;\n|c|\u2606El Hueco Mundo|or did I hold up\n|\n|t:|1665968815\n|switch|p2a: Alakazam|Alakazam|100\/100\n|turn|36\n|\n|t:|1665968818\n|switch|p1a: Chansey|Chansey|71\/100 par\n|move|p2a: Alakazam|Psychic|p1a: Chansey\n|-damage|p1a: Chansey|55\/100 par\n|\n|upkeep\n|turn|37\n|\n|t:|1665968823\n|move|p2a: Alakazam|Seismic Toss|p1a: Chansey\n|-damage|p1a: Chansey|40\/100 par\n|move|p1a: Chansey|Sing|p2a: Alakazam\n|-status|p2a: Alakazam|slp|[from] move: Sing\n|\n|upkeep\n|turn|38\n|\n|t:|1665968828\n|-curestatus|p2a: Alakazam|slp|[msg]\n|cant|p1a: Chansey|par\n|\n|upkeep\n|turn|39\n|c|\u2606El Hueco Mundo|no way\n|\n|t:|1665968834\n|move|p2a: Alakazam|Psychic|p1a: Chansey\n|-damage|p1a: Chansey|23\/100 par\n|cant|p1a: Chansey|par\n|\n|upkeep\n|turn|40\n|\n|t:|1665968841\n|move|p2a: Alakazam|Psychic|p1a: Chansey\n|-crit|p1a: Chansey\n|-damage|p1a: Chansey|0 fnt\n|faint|p1a: Chansey\n|l| laughokenisis\\\n|c|\u2606El Hueco Mundo|man im a lucky mf\n|c| ChandosH|sleep in gen 1 is not really that great\n|\n|t:|1665968847\n|switch|p1a: Snorlax|Snorlax|100\/100\n|turn|41\n|c| ChandosH|na thats just gen 1 sleep\n|\n|t:|1665968858\n|move|p2a: Alakazam|Thunder Wave|p1a: Snorlax\n|-status|p1a: Snorlax|par\n|move|p1a: Snorlax|Body Slam|p2a: Alakazam\n|-damage|p2a: Alakazam|48\/100\n|-status|p2a: Alakazam|par\n|\n|upkeep\n|turn|42\n|\n|t:|1665968868\n|switch|p1a: Starmie|Starmie|9\/100 par\n|move|p2a: Alakazam|Psychic|p1a: Starmie\n|-resisted|p1a: Starmie\n|-damage|p1a: Starmie|0 fnt\n|faint|p1a: Starmie\n|\n|t:|1665968870\n|switch|p1a: Moltres|Moltres|17\/100\n|turn|43\n|j| laughokenisis\\\n|\n|t:|1665968875\n|move|p1a: Moltres|Hyper Beam|p2a: Alakazam\n|-crit|p2a: Alakazam\n|-damage|p2a: Alakazam|0 fnt\n|faint|p2a: Alakazam\n|\n|t:|1665968877\n|switch|p2a: Starmie|Starmie|88\/100\n|turn|44\n|\n|t:|1665968882\n|move|p2a: Starmie|Psychic|p1a: Moltres\n|-damage|p1a: Moltres|0 fnt\n|faint|p1a: Moltres\n|\n|t:|1665968885\n|switch|p1a: Snorlax|Snorlax|100\/100 par\n|turn|45\n|\n|t:|1665968889\n|move|p2a: Starmie|Psychic|p1a: Snorlax\n|-damage|p1a: Snorlax|74\/100 par\n|move|p1a: Snorlax|Body Slam|p2a: Starmie\n|-damage|p2a: Starmie|54\/100\n|\n|upkeep\n|turn|46\n|\n|t:|1665968894\n|move|p2a: Starmie|Psychic|p1a: Snorlax\n|-damage|p1a: Snorlax|45\/100 par\n|-unboost|p1a: Snorlax|spd|1\n|-unboost|p1a: Snorlax|spa|1\n|cant|p1a: Snorlax|par\n|\n|upkeep\n|turn|47\n|\n|t:|1665968902\n|switch|p1a: Slowbro|Slowbro|24\/100 par\n|move|p2a: Starmie|Psychic|p1a: Slowbro\n|-resisted|p1a: Slowbro\n|-damage|p1a: Slowbro|9\/100 par\n|\n|upkeep\n|turn|48\n|\n|t:|1665968904\n|move|p2a: Starmie|Psychic|p1a: Slowbro\n|-resisted|p1a: Slowbro\n|-damage|p1a: Slowbro|0 fnt\n|faint|p1a: Slowbro\n|c|\u2606El Hueco Mundo|gg\n|\n|t:|1665968905\n|switch|p1a: Snorlax|Snorlax|45\/100 par\n|turn|49\n|\n|t:|1665968909\n|move|p2a: Starmie|Psychic|p1a: Snorlax\n|-damage|p1a: Snorlax|20\/100 par\n|move|p1a: Snorlax|Body Slam|p2a: Starmie\n|-damage|p2a: Starmie|18\/100\n|\n|upkeep\n|turn|50\n|\n|t:|1665968911\n|move|p2a: Starmie|Psychic|p1a: Snorlax\n|-damage|p1a: Snorlax|0 fnt\n|faint|p1a: Snorlax\n|\n|win|El Hueco Mundo\n","uploadtime":1665968548,"views":4,"p1id":"knexhawk2","p2id":"elhuecomundo","formatid":"gen1ou","rating":0,"private":0,"password":null}