{"id":"gen1customgame-1502179107","p1":"VirginJimmy99","p2":"ZCopen","format":"gen1customgame","log":"|j|\u2606VirginJimmy99\n|j|\u2606ZCopen\n|t:|1643688978\n|gametype|singles\n|player|p1|VirginJimmy99|rocketgrunt|\n|player|p2|ZCopen|waitress-gen4|\n|teamsize|p1|6\n|teamsize|p2|6\n|gen|1\n|tier|[Gen 1] Custom Game\n|rule|HP Percentage Mod: HP is shown in percentages\n|rule|Desync Clause Mod: Desyncs changed to move failure.\n|\n|t:|1643688978\n|start\n|switch|p1a: Ninjask|Ninjask|325\/325\n|switch|p2a: Inteleon|Inteleon|343\/343\n|turn|1\n|inactive|Battle timer is ON: inactive players will automatically lose when time's up. (requested by ZCopen)\n|\n|t:|1643688987\n|move|p1a: Ninjask|U-turn|p2a: Inteleon\n|-damage|p2a: Inteleon|243\/343\n|\n|t:|1643688989\n|switch|p1a: Kyurem|Kyurem|453\/453\n|move|p2a: Inteleon|U-turn|p1a: Kyurem\n|-damage|p1a: Kyurem|397\/453\n|\n|t:|1643688995\n|switch|p2a: Melmetal|Melmetal|473\/473\n|\n|upkeep\n|turn|2\n|\n|t:|1643689001\n|switch|p1a: Zapdos|Zapdos|383\/383\n|move|p2a: Melmetal|Double Iron Bash|p1a: Zapdos\n|-resisted|p1a: Zapdos\n|-damage|p1a: Zapdos|332\/383\n|-damage|p1a: Zapdos|281\/383\n|-hitcount|p1a: Zapdos|2\n|\n|upkeep\n|turn|3\n|\n|t:|1643689006\n|move|p1a: Zapdos|Thunderbolt|p2a: Melmetal\n|-damage|p2a: Melmetal|292\/473\n|move|p2a: Melmetal|Thunder Wave|p1a: Zapdos\n|-status|p1a: Zapdos|par\n|\n|upkeep\n|turn|4\n|\n|t:|1643689015\n|move|p2a: Melmetal|Double Iron Bash|p1a: Zapdos\n|-resisted|p1a: Zapdos\n|-damage|p1a: Zapdos|230\/383 par\n|-damage|p1a: Zapdos|179\/383 par\n|-hitcount|p1a: Zapdos|2\n|move|p1a: Zapdos|Thunderbolt|p2a: Melmetal\n|-damage|p2a: Melmetal|110\/473\n|\n|upkeep\n|turn|5\n|\n|t:|1643689020\n|switch|p1a: Melmetal|Melmetal|473\/473\n|move|p2a: Melmetal|Double Iron Bash|p1a: Melmetal\n|-resisted|p1a: Melmetal\n|-damage|p1a: Melmetal|439\/473\n|-damage|p1a: Melmetal|405\/473\n|-hitcount|p1a: Melmetal|2\n|\n|upkeep\n|turn|6\n|\n|t:|1643689023\n|move|p2a: Melmetal|Thunder Wave|p1a: Melmetal\n|-status|p1a: Melmetal|par\n|move|p1a: Melmetal|Earthquake|p2a: Melmetal\n|-supereffective|p2a: Melmetal\n|-damage|p2a: Melmetal|0 fnt\n|faint|p2a: Melmetal\n|\n|t:|1643689027\n|switch|p2a: Mew|Mew|403\/403\n|turn|7\n|\n|t:|1643689030\n|move|p2a: Mew|Amnesia|p2a: Mew\n|-boost|p2a: Mew|spd|2\n|-boost|p2a: Mew|spa|2\n|move|p1a: Melmetal|Thunder Wave|p2a: Mew\n|-status|p2a: Mew|par\n|\n|upkeep\n|turn|8\n|\n|t:|1643689035\n|move|p2a: Mew|Dragon Dance|p2a: Mew\n|-boost|p2a: Mew|atk|1\n|-boost|p2a: Mew|spe|1\n|move|p1a: Melmetal|Double Iron Bash|p2a: Mew\n|-damage|p2a: Mew|309\/403 par\n|-damage|p2a: Mew|215\/403 par\n|-hitcount|p2a: Mew|2\n|\n|upkeep\n|turn|9\n|\n|t:|1643689040\n|move|p2a: Mew|Roost|p2a: Mew\n|-heal|p2a: Mew|403\/403 par\n|-singleturn|p2a: Mew|move: Roost\n|cant|p1a: Melmetal|par\n|\n|upkeep\n|turn|10\n|\n|t:|1643689044\n|move|p2a: Mew|Amnesia|p2a: Mew\n|-boost|p2a: Mew|spd|2\n|-boost|p2a: Mew|spa|2\n|move|p1a: Melmetal|Double Iron Bash|p2a: Mew\n|-damage|p2a: Mew|308\/403 par\n|-damage|p2a: Mew|213\/403 par\n|-hitcount|p2a: Mew|2\n|\n|upkeep\n|turn|11\n|\n|t:|1643689046\n|cant|p2a: Mew|par\n|move|p1a: Melmetal|Double Iron Bash|p2a: Mew\n|-damage|p2a: Mew|126\/403 par\n|-damage|p2a: Mew|39\/403 par\n|-hitcount|p2a: Mew|2\n|\n|upkeep\n|turn|12\n|\n|t:|1643689050\n|move|p2a: Mew|Roost|p2a: Mew\n|-heal|p2a: Mew|240\/403 par\n|-singleturn|p2a: Mew|move: Roost\n|cant|p1a: Melmetal|par\n|\n|upkeep\n|turn|13\n|\n|t:|1643689052\n|move|p2a: Mew|Roost|p2a: Mew\n|-heal|p2a: Mew|403\/403 par\n|-singleturn|p2a: Mew|move: Roost\n|cant|p1a: Melmetal|par\n|\n|upkeep\n|turn|14\n|\n|t:|1643689058\n|switch|p1a: Ninjask|Ninjask|325\/325\n|move|p2a: Mew|Amnesia|p2a: Mew\n|-boost|p2a: Mew|spd|2\n|-boost|p2a: Mew|spa|2\n|\n|upkeep\n|turn|15\n|\n|t:|1643689064\n|move|p2a: Mew|Stored Power|p1a: Ninjask\n|-crit|p1a: Ninjask\n|debug|Negating (sp)atk boost\/penalty.\n|debug|Negating (sp)def boost\/penalty.\n|-damage|p1a: Ninjask|0 fnt\n|faint|p1a: Ninjask\n|\n|t:|1643689070\n|switch|p1a: Archeops|Archeops|353\/353\n|turn|16\n|\n|t:|1643689072\n|cant|p2a: Mew|par\n|move|p1a: Archeops|Stone Edge|p2a: Mew\n|-crit|p2a: Mew\n|debug|Negating (sp)atk boost\/penalty.\n|debug|Negating (sp)def boost\/penalty.\n|-damage|p2a: Mew|135\/403 par\n|\n|upkeep\n|turn|17\n|\n|t:|1643689077\n|move|p2a: Mew|Stored Power|p1a: Archeops\n|-damage|p1a: Archeops|0 fnt\n|faint|p1a: Archeops\n|\n|t:|1643689081\n|switch|p1a: Kyurem|Kyurem|397\/453\n|turn|18\n|\n|t:|1643689083\n|move|p2a: Mew|Stored Power|p1a: Kyurem\n|-damage|p1a: Kyurem|0 fnt\n|faint|p1a: Kyurem\n|c|\u2606VirginJimmy99|pain\n|c|\u2606VirginJimmy99|gg\n|c|\u2606ZCopen|balanced mon\n|c|\u2606ZCopen|gg\n|c|\u2606VirginJimmy99|y he still faster at\n|c|\u2606VirginJimmy99|only +1\n|c|\u2606ZCopen|if you dd while para you ignore drop\n|c|\u2606VirginJimmy99|hUH\n|c|\u2606VirginJimmy99|BrUH\n|inactive|VirginJimmy99 has 270 seconds left.\n|c|\u2606VirginJimmy99|this gen was developed by\n|c|\u2606VirginJimmy99|rhinoceroses\n|c|\u2606ZCopen|now\n|\n|t:|1643689136\n|switch|p1a: Hippowdon|Hippowdon|419\/419\n|turn|19\n|c|\u2606ZCopen|you para\n|\n|t:|1643689139\n|move|p2a: Mew|Stored Power|p1a: Hippowdon\n|-damage|p1a: Hippowdon|0 fnt\n|faint|p1a: Hippowdon\n|\n|t:|1643689143\n|switch|p1a: Melmetal|Melmetal|405\/473 par\n|turn|20\n|\n|t:|1643689146\n|move|p2a: Mew|Stored Power|p1a: Melmetal\n|-crit|p1a: Melmetal\n|debug|Negating (sp)atk boost\/penalty.\n|debug|Negating (sp)def boost\/penalty.\n|-resisted|p1a: Melmetal\n|-damage|p1a: Melmetal|0 fnt\n|faint|p1a: Melmetal\n|c|\u2606VirginJimmy99|oW\n|\n|t:|1643689152\n|switch|p1a: Zapdos|Zapdos|179\/383 par\n|turn|21\n|\n|t:|1643689154\n|cant|p2a: Mew|par\n|move|p1a: Zapdos|Thunderbolt|p2a: Mew\n|-damage|p2a: Mew|95\/403 par\n|\n|upkeep\n|turn|22\n|\n|t:|1643689159\n|move|p2a: Mew|Stored Power|p1a: Zapdos\n|-crit|p1a: Zapdos\n|debug|Negating (sp)atk boost\/penalty.\n|debug|Negating (sp)def boost\/penalty.\n|-damage|p1a: Zapdos|0 fnt\n|faint|p1a: Zapdos\n|\n|win|ZCopen\n|c|\u2606ZCopen|rip\n","uploadtime":1643689165,"views":15,"p1id":"virginjimmy99","p2id":"zcopen","formatid":"gen1customgame","rating":0,"private":0,"password":null}