{"id":"gen1randombattle-1693053904","p1":"LoSconosciuto","p2":"doooooosh","format":"gen1randombattle","log":"|j|\u2606LoSconosciuto\n|j|\u2606doooooosh\n|t:|1666558959\n|gametype|singles\n|player|p1|LoSconosciuto|#teamgapdos|\n|player|p2|doooooosh|dragontamer|\n|teamsize|p1|6\n|teamsize|p2|6\n|gen|1\n|tier|[Gen 1] Random Battle\n|rule|Desync Clause Mod: Desyncs changed to move failure.\n|rule|Sleep Clause Mod: Limit one foe put to sleep\n|rule|Freeze Clause Mod: Limit one foe frozen\n|rule|Species Clause: Limit one of each Pok\u00e9mon\n|rule|OHKO Clause: OHKO moves are banned\n|rule|Evasion Moves Clause: Evasion moves are banned\n|rule|Endless Battle Clause: Forcing endless battles is banned\n|rule|HP Percentage Mod: HP is shown in percentages\n|\n|t:|1666558959\n|start\n|switch|p1a: Vileplume|Vileplume, L77|274\/274\n|switch|p2a: Pidgey|Pidgey, L88|250\/250\n|turn|1\n|inactive|Battle timer is ON: inactive players will automatically lose when time's up. (requested by LoSconosciuto)\n|inactive|doooooosh has 270 seconds left.\n|inactive|doooooosh has 240 seconds left.\n|\n|t:|1666559039\n|switch|p1a: Mew|Mew, L65|265\/265\n|move|p2a: Pidgey|Double-Edge|p1a: Mew\n|-damage|p1a: Mew|180\/265\n|-damage|p2a: Pidgey|229\/250|[from] Recoil|[of] p1a: Mew\n|\n|upkeep\n|turn|2\n|\n|t:|1666559050\n|switch|p2a: Exeggutor|Exeggutor, L68|270\/270\n|move|p1a: Mew|Thunder Wave|p2a: Exeggutor\n|-status|p2a: Exeggutor|par\n|\n|upkeep\n|turn|3\n|\n|t:|1666559062\n|switch|p1a: Kangaskhan|Kangaskhan, L74|308\/308\n|move|p2a: Exeggutor|Sleep Powder|p1a: Kangaskhan|[miss]\n|-miss|p2a: Exeggutor\n|\n|upkeep\n|turn|4\n|\n|t:|1666559068\n|move|p1a: Kangaskhan|Body Slam|p2a: Exeggutor\n|-damage|p2a: Exeggutor|181\/270 par\n|cant|p2a: Exeggutor|par\n|\n|upkeep\n|turn|5\n|\n|t:|1666559072\n|move|p1a: Kangaskhan|Body Slam|p2a: Exeggutor\n|-crit|p2a: Exeggutor\n|-damage|p2a: Exeggutor|0 fnt\n|faint|p2a: Exeggutor\n|j| pais\n|l| pais\n|inactive|doooooosh has 270 seconds left.\n|inactive|doooooosh has 240 seconds left.\n|\n|t:|1666559158\n|switch|p2a: Tentacruel|Tentacruel, L74|271\/271\n|turn|6\n|\n|t:|1666559180\n|move|p2a: Tentacruel|Hydro Pump|p1a: Kangaskhan\n|-damage|p1a: Kangaskhan|113\/308\n|move|p1a: Kangaskhan|Body Slam|p2a: Tentacruel\n|-damage|p2a: Tentacruel|181\/271\n|\n|upkeep\n|turn|7\n|\n|t:|1666559192\n|move|p2a: Tentacruel|Blizzard|p1a: Kangaskhan\n|-damage|p1a: Kangaskhan|0 fnt\n|faint|p1a: Kangaskhan\n|\n|t:|1666559194\n|switch|p1a: Mew|Mew, L65|180\/265\n|turn|8\n|\n|t:|1666559212\n|switch|p2a: Grimer|Grimer, L88|320\/320\n|move|p1a: Mew|Thunder Wave|p2a: Grimer\n|-status|p2a: Grimer|par\n|\n|upkeep\n|turn|9\n|\n|t:|1666559235\n|move|p1a: Mew|Soft-Boiled|p1a: Mew\n|-heal|p1a: Mew|265\/265\n|move|p2a: Grimer|Explosion|p1a: Mew\n|-damage|p1a: Mew|11\/265\n|faint|p2a: Grimer\n|\n|t:|1666559243\n|switch|p2a: Tentacruel|Tentacruel, L74|181\/271\n|turn|10\n|\n|t:|1666559259\n|switch|p1a: Porygon|Porygon, L77|258\/258\n|move|p2a: Tentacruel|Blizzard|p1a: Porygon\n|-damage|p1a: Porygon|167\/258\n|\n|upkeep\n|turn|11\n|j| Ciro napoli\n|inactive|doooooosh has 210 seconds left.\n|l| Ciro napoli\n|inactive|doooooosh has 180 seconds left.\n|\n|t:|1666559321\n|switch|p2a: Pidgey|Pidgey, L88|229\/250\n|move|p1a: Porygon|Thunder Wave|p2a: Pidgey\n|-status|p2a: Pidgey|par\n|\n|upkeep\n|turn|12\n|inactive|doooooosh has 180 seconds left.\n|\n|t:|1666559335\n|move|p1a: Porygon|Blizzard|p2a: Pidgey\n|-supereffective|p2a: Pidgey\n|-damage|p2a: Pidgey|28\/250 par\n|move|p2a: Pidgey|Agility|p2a: Pidgey\n|-boost|p2a: Pidgey|spe|2\n|\n|upkeep\n|turn|13\n|inactive|doooooosh has 180 seconds left.\n|\n|t:|1666559341\n|move|p2a: Pidgey|Double-Edge|p1a: Porygon\n|-damage|p1a: Porygon|77\/258\n|-damage|p2a: Pidgey|6\/250 par|[from] Recoil|[of] p1a: Porygon\n|move|p1a: Porygon|Recover|p1a: Porygon\n|-heal|p1a: Porygon|206\/258\n|\n|upkeep\n|turn|14\n|\n|t:|1666559347\n|move|p2a: Pidgey|Double-Edge|p1a: Porygon\n|-crit|p1a: Porygon\n|-damage|p1a: Porygon|22\/258\n|-damage|p2a: Pidgey|0 fnt|[from] Recoil|[of] p1a: Porygon\n|faint|p2a: Pidgey\n|inactive|doooooosh has 180 seconds left.\n|\n|t:|1666559374\n|switch|p2a: Clefairy|Clefairy, L88|303\/303\n|turn|15\n|\n|t:|1666559386\n|switch|p1a: Vileplume|Vileplume, L77|274\/274\n|move|p2a: Clefairy|Body Slam|p1a: Vileplume\n|-damage|p1a: Vileplume|203\/274\n|\n|upkeep\n|turn|16\n|inactive|doooooosh has 180 seconds left.\n|\n|t:|1666559420\n|move|p1a: Vileplume|Stun Spore|p2a: Clefairy\n|-status|p2a: Clefairy|par\n|cant|p2a: Clefairy|par\n|\n|upkeep\n|turn|17\n|\n|t:|1666559437\n|move|p1a: Vileplume|Body Slam|p2a: Clefairy\n|-damage|p2a: Clefairy|245\/303 par\n|move|p2a: Clefairy|Blizzard|p1a: Vileplume\n|-supereffective|p1a: Vileplume\n|-damage|p1a: Vileplume|71\/274\n|\n|upkeep\n|turn|18\n|\n|t:|1666559449\n|move|p1a: Vileplume|Body Slam|p2a: Clefairy\n|-damage|p2a: Clefairy|187\/303 par\n|cant|p2a: Clefairy|par\n|\n|upkeep\n|turn|19\n|inactive|doooooosh has 150 seconds left.\n|\n|t:|1666559495\n|move|p1a: Vileplume|Body Slam|p2a: Clefairy\n|-damage|p2a: Clefairy|123\/303 par\n|move|p2a: Clefairy|Seismic Toss|p1a: Vileplume\n|-damage|p1a: Vileplume|0 fnt\n|faint|p1a: Vileplume\n|\n|t:|1666559500\n|switch|p1a: Porygon|Porygon, L77|22\/258\n|turn|20\n|inactive|doooooosh has 120 seconds left.\n|j| Ciro napoli\n|l| Ciro napoli\n|\n|t:|1666559536\n|move|p1a: Porygon|Recover|p1a: Porygon\n|-heal|p1a: Porygon|151\/258\n|move|p2a: Clefairy|Blizzard|p1a: Porygon\n|-damage|p1a: Porygon|64\/258\n|\n|upkeep\n|turn|21\n|\n|t:|1666559547\n|move|p1a: Porygon|Recover|p1a: Porygon\n|-heal|p1a: Porygon|193\/258\n|move|p2a: Clefairy|Blizzard|p1a: Porygon|[miss]\n|-miss|p2a: Clefairy\n|\n|upkeep\n|turn|22\n|\n|t:|1666559552\n|move|p1a: Porygon|Psychic|p2a: Clefairy\n|-damage|p2a: Clefairy|69\/303 par\n|-unboost|p2a: Clefairy|spd|1\n|-unboost|p2a: Clefairy|spa|1\n|move|p2a: Clefairy|Blizzard|p1a: Porygon\n|-damage|p1a: Porygon|141\/258\n|\n|upkeep\n|turn|23\n|inactive|doooooosh has 120 seconds left.\n|\n|t:|1666559563\n|move|p1a: Porygon|Recover|p1a: Porygon\n|-heal|p1a: Porygon|258\/258\n|move|p2a: Clefairy|Blizzard|p1a: Porygon\n|-damage|p1a: Porygon|204\/258\n|\n|upkeep\n|turn|24\n|\n|t:|1666559570\n|move|p1a: Porygon|Psychic|p2a: Clefairy\n|-damage|p2a: Clefairy|0 fnt\n|faint|p2a: Clefairy\n|\n|t:|1666559576\n|switch|p2a: Tentacruel|Tentacruel, L74|181\/271\n|turn|25\n|\n|t:|1666559589\n|move|p2a: Tentacruel|Hydro Pump|p1a: Porygon\n|-damage|p1a: Porygon|68\/258\n|move|p1a: Porygon|Thunder Wave|p2a: Tentacruel\n|-status|p2a: Tentacruel|par\n|\n|upkeep\n|turn|26\n|\n|t:|1666559595\n|move|p1a: Porygon|Recover|p1a: Porygon\n|-heal|p1a: Porygon|197\/258\n|move|p2a: Tentacruel|Hydro Pump|p1a: Porygon\n|-damage|p1a: Porygon|49\/258\n|\n|upkeep\n|turn|27\n|\n|t:|1666559599\n|move|p1a: Porygon|Recover|p1a: Porygon\n|-heal|p1a: Porygon|178\/258\n|cant|p2a: Tentacruel|par\n|\n|upkeep\n|turn|28\n|\n|t:|1666559602\n|move|p1a: Porygon|Psychic|p2a: Tentacruel\n|-supereffective|p2a: Tentacruel\n|-damage|p2a: Tentacruel|100\/271 par\n|cant|p2a: Tentacruel|par\n|\n|upkeep\n|turn|29\n|\n|t:|1666559607\n|move|p1a: Porygon|Psychic|p2a: Tentacruel\n|-supereffective|p2a: Tentacruel\n|-damage|p2a: Tentacruel|9\/271 par\n|move|p2a: Tentacruel|Hydro Pump|p1a: Porygon\n|-damage|p1a: Porygon|35\/258\n|\n|upkeep\n|turn|30\n|\n|t:|1666559611\n|move|p1a: Porygon|Recover|p1a: Porygon\n|-heal|p1a: Porygon|164\/258\n|cant|p2a: Tentacruel|par\n|\n|upkeep\n|turn|31\n|\n|t:|1666559615\n|move|p1a: Porygon|Psychic|p2a: Tentacruel\n|-supereffective|p2a: Tentacruel\n|-damage|p2a: Tentacruel|0 fnt\n|faint|p2a: Tentacruel\n|\n|t:|1666559617\n|switch|p2a: Mewtwo|Mewtwo, L62|261\/261\n|turn|32\n|\n|t:|1666559623\n|move|p2a: Mewtwo|Amnesia|p2a: Mewtwo\n|-boost|p2a: Mewtwo|spd|2\n|-boost|p2a: Mewtwo|spa|2\n|move|p1a: Porygon|Thunder Wave|p2a: Mewtwo\n|-status|p2a: Mewtwo|par\n|\n|upkeep\n|turn|33\n|\n|t:|1666559641\n|switch|p1a: Vulpix|Vulpix, L88|246\/246\n|move|p2a: Mewtwo|Amnesia|p2a: Mewtwo\n|-boost|p2a: Mewtwo|spd|2\n|-boost|p2a: Mewtwo|spa|2\n|\n|upkeep\n|turn|34\n|\n|t:|1666559651\n|move|p1a: Vulpix|Confuse Ray|p2a: Mewtwo\n|-start|p2a: Mewtwo|confusion\n|-activate|p2a: Mewtwo|confusion\n|-damage|p2a: Mewtwo|236\/261 par|[from] confusion\n|\n|upkeep\n|turn|35\n|\n|t:|1666559664\n|move|p1a: Vulpix|Body Slam|p2a: Mewtwo\n|-damage|p2a: Mewtwo|182\/261 par\n|-activate|p2a: Mewtwo|confusion\n|-damage|p2a: Mewtwo|157\/261 par|[from] confusion\n|\n|upkeep\n|turn|36\n|\n|t:|1666559669\n|move|p1a: Vulpix|Substitute|p1a: Vulpix\n|-start|p1a: Vulpix|Substitute\n|-damage|p1a: Vulpix|185\/246\n|-activate|p2a: Mewtwo|confusion\n|move|p2a: Mewtwo|Psychic|p1a: Vulpix\n|-end|p1a: Vulpix|Substitute\n|\n|upkeep\n|turn|37\n|\n|t:|1666559673\n|move|p1a: Vulpix|Body Slam|p2a: Mewtwo\n|-damage|p2a: Mewtwo|103\/261 par\n|-activate|p2a: Mewtwo|confusion\n|-damage|p2a: Mewtwo|78\/261 par|[from] confusion\n|\n|upkeep\n|turn|38\n|\n|t:|1666559678\n|move|p1a: Vulpix|Body Slam|p2a: Mewtwo\n|-damage|p2a: Mewtwo|25\/261 par\n|-end|p2a: Mewtwo|confusion\n|move|p2a: Mewtwo|Recover|p2a: Mewtwo\n|-heal|p2a: Mewtwo|155\/261 par\n|\n|upkeep\n|turn|39\n|inactive|doooooosh has 240 seconds left.\n|\n|t:|1666559683\n|move|p1a: Vulpix|Confuse Ray|p2a: Mewtwo\n|-start|p2a: Mewtwo|confusion\n|-activate|p2a: Mewtwo|confusion\n|-damage|p2a: Mewtwo|130\/261 par|[from] confusion\n|\n|upkeep\n|turn|40\n|\n|t:|1666559686\n|move|p1a: Vulpix|Body Slam|p2a: Mewtwo\n|-damage|p2a: Mewtwo|77\/261 par\n|-activate|p2a: Mewtwo|confusion\n|cant|p2a: Mewtwo|par\n|\n|upkeep\n|turn|41\n|\n|t:|1666559689\n|move|p1a: Vulpix|Body Slam|p2a: Mewtwo\n|-damage|p2a: Mewtwo|25\/261 par\n|-end|p2a: Mewtwo|confusion\n|move|p2a: Mewtwo|Recover|p2a: Mewtwo\n|-heal|p2a: Mewtwo|155\/261 par\n|\n|upkeep\n|turn|42\n|\n|t:|1666559691\n|move|p1a: Vulpix|Confuse Ray|p2a: Mewtwo\n|-start|p2a: Mewtwo|confusion\n|-activate|p2a: Mewtwo|confusion\n|-damage|p2a: Mewtwo|130\/261 par|[from] confusion\n|\n|upkeep\n|turn|43\n|\n|t:|1666559694\n|move|p1a: Vulpix|Body Slam|p2a: Mewtwo\n|-damage|p2a: Mewtwo|80\/261 par\n|-end|p2a: Mewtwo|confusion\n|move|p2a: Mewtwo|Recover|p2a: Mewtwo\n|-heal|p2a: Mewtwo|210\/261 par\n|\n|upkeep\n|turn|44\n|\n|t:|1666559705\n|move|p1a: Vulpix|Confuse Ray|p2a: Mewtwo\n|-start|p2a: Mewtwo|confusion\n|-activate|p2a: Mewtwo|confusion\n|cant|p2a: Mewtwo|par\n|\n|upkeep\n|turn|45\n|\n|t:|1666559708\n|move|p1a: Vulpix|Body Slam|p2a: Mewtwo\n|-damage|p2a: Mewtwo|152\/261 par\n|-activate|p2a: Mewtwo|confusion\n|cant|p2a: Mewtwo|par\n|\n|upkeep\n|turn|46\n|\n|t:|1666559712\n|move|p1a: Vulpix|Body Slam|p2a: Mewtwo\n|-damage|p2a: Mewtwo|101\/261 par\n|-end|p2a: Mewtwo|confusion\n|move|p2a: Mewtwo|Recover|p2a: Mewtwo\n|-heal|p2a: Mewtwo|231\/261 par\n|\n|upkeep\n|turn|47\n|\n|t:|1666559717\n|move|p1a: Vulpix|Confuse Ray|p2a: Mewtwo\n|-start|p2a: Mewtwo|confusion\n|-activate|p2a: Mewtwo|confusion\n|-damage|p2a: Mewtwo|206\/261 par|[from] confusion\n|\n|upkeep\n|turn|48\n|\n|t:|1666559720\n|move|p1a: Vulpix|Body Slam|p2a: Mewtwo\n|-damage|p2a: Mewtwo|152\/261 par\n|-activate|p2a: Mewtwo|confusion\n|-damage|p2a: Mewtwo|127\/261 par|[from] confusion\n|\n|upkeep\n|turn|49\n|\n|t:|1666559722\n|move|p1a: Vulpix|Body Slam|p2a: Mewtwo\n|-damage|p2a: Mewtwo|68\/261 par\n|-activate|p2a: Mewtwo|confusion\n|-damage|p2a: Mewtwo|43\/261 par|[from] confusion\n|\n|upkeep\n|turn|50\n|\n|t:|1666559724\n|move|p1a: Vulpix|Body Slam|p2a: Mewtwo\n|-damage|p2a: Mewtwo|0 fnt\n|faint|p2a: Mewtwo\n|\n|win|LoSconosciuto\n|c|\u2606LoSconosciuto|gg\n|c|\u2606doooooosh|gg\n","inputlog":">version 9c5d654b898167f5ae9ca6e9cc2965040adf185e\n>start {\"formatid\":\"gen1randombattle\",\"seed\":[5078,32585,8030,58237]}\n>player p1 {\"name\":\"LoSconosciuto\",\"avatar\":\"#teamgapdos\",\"rating\":0,\"seed\":[30601,54831,2419,64619]}\n>player p2 {\"name\":\"doooooosh\",\"avatar\":\"dragontamer\",\"rating\":0,\"seed\":[14716,5303,6633,63889]}\n>p1 switch 6\n>p2 move doubleedge\n>p1 move thunderwave\n>p2 switch 4\n>p1 switch 4\n>p2 move sleeppowder\n>p1 move bodyslam\n>p2 move sleeppowder\n>p1 move bodyslam\n>p2 move sleeppowder\n>p2 switch 3\n>p1 move bodyslam\n>p2 move hydropump\n>p1 move bodyslam\n>p2 move blizzard\n>p1 switch 4\n>p1 move thunderwave\n>p2 switch 2\n>p1 move softboiled\n>p2 move explosion\n>p2 switch 2\n>p1 switch 5\n>p2 move blizzard\n>p1 move thunderwave\n>p2 switch 4\n>p1 move blizzard\n>p2 move agility\n>p1 move recover\n>p2 move doubleedge\n>p1 move recover\n>p2 move doubleedge\n>p2 switch 5\n>p1 switch 6\n>p2 move bodyslam\n>p1 move stunspore\n>p2 move blizzard\n>p1 move bodyslam\n>p2 move blizzard\n>p1 move bodyslam\n>p2 move blizzard\n>p1 move bodyslam\n>p2 move seismictoss\n>p1 switch 6\n>p1 move recover\n>p2 move blizzard\n>p1 move recover\n>p2 move blizzard\n>p1 move psychic\n>p2 move blizzard\n>p1 move recover\n>p2 move blizzard\n>p1 move psychic\n>p2 move blizzard\n>p2 switch 4\n>p1 move thunderwave\n>p2 move hydropump\n>p1 move recover\n>p2 move hydropump\n>p1 move recover\n>p2 move hydropump\n>p1 move psychic\n>p2 move hydropump\n>p1 move psychic\n>p2 move hydropump\n>p1 move recover\n>p2 move hydropump\n>p1 move psychic\n>p2 move hydropump\n>p2 switch 6\n>p1 move thunderwave\n>p2 move amnesia\n>p1 switch 3\n>p2 move amnesia\n>p1 move confuseray\n>p2 move psychic\n>p1 move bodyslam\n>p2 move psychic\n>p1 move substitute\n>p2 move psychic\n>p1 move bodyslam\n>p2 move recover\n>p1 move bodyslam\n>p2 move recover\n>p1 move confuseray\n>p2 move recover\n>p1 move bodyslam\n>p2 move recover\n>p1 move bodyslam\n>p2 move recover\n>p1 move confuseray\n>p2 move recover\n>p1 move bodyslam\n>p2 move recover\n>p1 move confuseray\n>p2 move psychic\n>p1 move bodyslam\n>p2 move recover\n>p1 move bodyslam\n>p2 move recover\n>p1 move confuseray\n>p2 move psychic\n>p1 move bodyslam\n>p2 move recover\n>p1 move bodyslam\n>p2 move recover\n>p1 move bodyslam\n>p2 move recover","uploadtime":1666559731,"views":23,"p1id":"losconosciuto","p2id":"doooooosh","formatid":"gen1randombattle","rating":0,"private":0,"password":null}