{"id":"gen1randombattle-1675050139","p1":"LoSconosciuto","p2":"TarremBOO!","format":"gen1randombattle","log":"|j|\u2606LoSconosciuto\n|j|\u2606TarremBOO!\n|t:|1664638714\n|gametype|singles\n|player|p1|LoSconosciuto|#teamgapdos|\n|player|p2|TarremBOO!|#teamskymin|\n|teamsize|p1|6\n|teamsize|p2|6\n|gen|1\n|tier|[Gen 1] Random Battle\n|rule|Desync Clause Mod: Desyncs changed to move failure.\n|rule|Sleep Clause Mod: Limit one foe put to sleep\n|rule|Freeze Clause Mod: Limit one foe frozen\n|rule|Species Clause: Limit one of each Pok\u00e9mon\n|rule|OHKO Clause: OHKO moves are banned\n|rule|Evasion Moves Clause: Evasion moves are banned\n|rule|Endless Battle Clause: Forcing endless battles is banned\n|rule|HP Percentage Mod: HP is shown in percentages\n|\n|t:|1664638714\n|start\n|switch|p1a: Oddish|Oddish, L88|259\/259\n|switch|p2a: Poliwhirl|Poliwhirl, L77|258\/258\n|turn|1\n|inactive|Battle timer is ON: inactive players will automatically lose when time's up. (requested by LoSconosciuto)\n|c|\u2606LoSconosciuto|hf\n|c|\u2606TarremBOO!|hf\n|j| Comentine\n|\n|t:|1664638732\n|switch|p2a: Parasect|Parasect, L77|251\/251\n|move|p1a: Oddish|Sleep Powder|p2a: Parasect\n|-status|p2a: Parasect|slp|[from] move: Sleep Powder\n|\n|upkeep\n|turn|2\n|\n|t:|1664638741\n|switch|p1a: Hypno|Hypno, L74|278\/278\n|switch|p2a: Haunter|Haunter, L74|219\/219\n|\n|upkeep\n|turn|3\n|\n|t:|1664638754\n|switch|p1a: Oddish|Oddish, L88|259\/259\n|move|p2a: Haunter|Hypnosis|p1a: Oddish\n|-status|p1a: Oddish|slp|[from] move: Hypnosis\n|\n|upkeep\n|turn|4\n|\n|t:|1664638758\n|switch|p2a: Kadabra|Kadabra, L74|212\/212\n|switch|p1a: Hypno|Hypno, L74|278\/278\n|\n|upkeep\n|turn|5\n|\n|t:|1664638765\n|move|p2a: Kadabra|Thunder Wave|p1a: Hypno\n|-status|p1a: Hypno|par\n|move|p1a: Hypno|Thunder Wave|p2a: Kadabra\n|-status|p2a: Kadabra|par\n|\n|upkeep\n|turn|6\n|\n|t:|1664638773\n|move|p2a: Kadabra|Seismic Toss|p1a: Hypno\n|-damage|p1a: Hypno|204\/278 par\n|move|p1a: Hypno|Seismic Toss|p2a: Kadabra\n|-damage|p2a: Kadabra|138\/212 par\n|\n|upkeep\n|turn|7\n|\n|t:|1664638793\n|switch|p2a: Flareon|Flareon, L77|258\/258\n|move|p1a: Hypno|Seismic Toss|p2a: Flareon\n|-damage|p2a: Flareon|184\/258\n|\n|upkeep\n|turn|8\n|\n|t:|1664638804\n|switch|p1a: Krabby|Krabby, L88|232\/232\n|move|p2a: Flareon|Fire Blast|p1a: Krabby\n|-resisted|p1a: Krabby\n|-damage|p1a: Krabby|125\/232\n|\n|upkeep\n|turn|9\n|\n|t:|1664638813\n|switch|p2a: Gyarados|Gyarados, L74|293\/293\n|move|p1a: Krabby|Body Slam|p2a: Gyarados\n|-damage|p2a: Gyarados|213\/293\n|-status|p2a: Gyarados|par\n|\n|upkeep\n|turn|10\n|\n|t:|1664638827\n|switch|p1a: Jolteon|Jolteon, L68|229\/229\n|cant|p2a: Gyarados|par\n|\n|upkeep\n|turn|11\n|\n|t:|1664638832\n|switch|p2a: Parasect|Parasect, L77|251\/251 slp\n|move|p1a: Jolteon|Thunderbolt|p2a: Parasect\n|-resisted|p2a: Parasect\n|-damage|p2a: Parasect|211\/251 slp\n|\n|upkeep\n|turn|12\n|\n|t:|1664638843\n|move|p1a: Jolteon|Thunderbolt|p2a: Parasect\n|-resisted|p2a: Parasect\n|-damage|p2a: Parasect|170\/251 slp\n|cant|p2a: Parasect|slp\n|\n|upkeep\n|turn|13\n|\n|t:|1664638860\n|switch|p1a: Moltres|Moltres, L77|297\/297\n|cant|p2a: Parasect|slp\n|\n|upkeep\n|turn|14\n|c|\u2606TarremBOO!|oh\n|c|\u2606TarremBOO!|you\n|\n|t:|1664638866\n|switch|p2a: Gyarados|Gyarados, L74|213\/293 par\n|move|p1a: Moltres|Fire Blast|p2a: Gyarados\n|-crit|p2a: Gyarados\n|-resisted|p2a: Gyarados\n|-damage|p2a: Gyarados|83\/293 par\n|\n|upkeep\n|turn|15\n|\n|t:|1664638871\n|move|p1a: Moltres|Hyper Beam|p2a: Gyarados\n|-damage|p2a: Gyarados|0 fnt\n|faint|p2a: Gyarados\n|\n|t:|1664638875\n|switch|p2a: Poliwhirl|Poliwhirl, L77|258\/258\n|turn|16\n|\n|t:|1664638881\n|switch|p1a: Jolteon|Jolteon, L68|229\/229\n|move|p2a: Poliwhirl|Amnesia|p2a: Poliwhirl\n|-boost|p2a: Poliwhirl|spd|2\n|-boost|p2a: Poliwhirl|spa|2\n|\n|upkeep\n|turn|17\n|\n|t:|1664638887\n|move|p1a: Jolteon|Thunder Wave|p2a: Poliwhirl\n|-status|p2a: Poliwhirl|par\n|move|p2a: Poliwhirl|Surf|p1a: Jolteon\n|-damage|p1a: Jolteon|107\/229\n|\n|upkeep\n|turn|18\n|\n|t:|1664638891\n|move|p1a: Jolteon|Thunderbolt|p2a: Poliwhirl\n|-supereffective|p2a: Poliwhirl\n|-damage|p2a: Poliwhirl|151\/258 par\n|cant|p2a: Poliwhirl|par\n|\n|upkeep\n|turn|19\n|\n|t:|1664638895\n|move|p1a: Jolteon|Thunderbolt|p2a: Poliwhirl\n|-supereffective|p2a: Poliwhirl\n|-damage|p2a: Poliwhirl|30\/258 par\n|move|p2a: Poliwhirl|Surf|p1a: Jolteon\n|-damage|p1a: Jolteon|0 fnt\n|faint|p1a: Jolteon\n|\n|t:|1664638898\n|switch|p1a: Raichu|Raichu, L76|247\/247\n|turn|20\n|c|\u2606TarremBOO!|I needed parasect more than I thought damn\n|\n|t:|1664638916\n|move|p1a: Raichu|Body Slam|p2a: Poliwhirl\n|-damage|p2a: Poliwhirl|0 fnt\n|faint|p2a: Poliwhirl\n|\n|t:|1664638919\n|switch|p2a: Kadabra|Kadabra, L74|138\/212 par\n|turn|21\n|\n|t:|1664638933\n|switch|p1a: Hypno|Hypno, L74|204\/278 par\n|move|p2a: Kadabra|Thunder Wave|p1a: Hypno\n|-fail|p1a: Hypno|par\n|\n|upkeep\n|turn|22\n|\n|t:|1664638943\n|cant|p2a: Kadabra|par\n|move|p1a: Hypno|Seismic Toss|p2a: Kadabra\n|-damage|p2a: Kadabra|64\/212 par\n|\n|upkeep\n|turn|23\n|\n|t:|1664638947\n|switch|p1a: Krabby|Krabby, L88|125\/232\n|move|p2a: Kadabra|Recover|p2a: Kadabra\n|-heal|p2a: Kadabra|170\/212 par\n|\n|upkeep\n|turn|24\n|\n|t:|1664638954\n|switch|p2a: Parasect|Parasect, L77|170\/251 slp\n|move|p1a: Krabby|Crabhammer|p2a: Parasect\n|-resisted|p2a: Parasect\n|-damage|p2a: Parasect|138\/251 slp\n|\n|upkeep\n|turn|25\n|\n|t:|1664638960\n|switch|p2a: Haunter|Haunter, L74|219\/219\n|move|p1a: Krabby|Blizzard|p2a: Haunter\n|-damage|p2a: Haunter|173\/219\n|\n|upkeep\n|turn|26\n|\n|t:|1664638966\n|switch|p1a: Hypno|Hypno, L74|204\/278 par\n|move|p2a: Haunter|Thunderbolt|p1a: Hypno\n|-damage|p1a: Hypno|148\/278 par\n|\n|upkeep\n|turn|27\n|\n|t:|1664638973\n|switch|p2a: Kadabra|Kadabra, L74|170\/212 par\n|move|p1a: Hypno|Seismic Toss|p2a: Kadabra\n|-damage|p2a: Kadabra|96\/212 par\n|\n|upkeep\n|turn|28\n|\n|t:|1664638978\n|switch|p1a: Krabby|Krabby, L88|125\/232\n|move|p2a: Kadabra|Recover|p2a: Kadabra\n|-heal|p2a: Kadabra|202\/212 par\n|\n|upkeep\n|turn|29\n|\n|t:|1664638982\n|switch|p2a: Haunter|Haunter, L74|173\/219\n|move|p1a: Krabby|Body Slam|p2a: Haunter\n|-immune|p2a: Haunter\n|\n|upkeep\n|turn|30\n|\n|t:|1664638987\n|switch|p1a: Raichu|Raichu, L76|247\/247\n|move|p2a: Haunter|Thunderbolt|p1a: Raichu\n|-crit|p1a: Raichu\n|-resisted|p1a: Raichu\n|-damage|p1a: Raichu|181\/247\n|\n|upkeep\n|turn|31\n|\n|t:|1664638992\n|switch|p2a: Kadabra|Kadabra, L74|202\/212 par\n|move|p1a: Raichu|Thunderbolt|p2a: Kadabra\n|-damage|p2a: Kadabra|131\/212 par\n|\n|upkeep\n|turn|32\n|\n|t:|1664639000\n|move|p1a: Raichu|Body Slam|p2a: Kadabra\n|-damage|p2a: Kadabra|34\/212 par\n|move|p2a: Kadabra|Recover|p2a: Kadabra\n|-heal|p2a: Kadabra|140\/212 par\n|\n|upkeep\n|turn|33\n|\n|t:|1664639008\n|switch|p2a: Parasect|Parasect, L77|138\/251 slp\n|move|p1a: Raichu|Body Slam|p2a: Parasect\n|-damage|p2a: Parasect|86\/251 slp\n|\n|upkeep\n|turn|34\n|\n|t:|1664639010\n|move|p1a: Raichu|Body Slam|p2a: Parasect\n|-crit|p2a: Parasect\n|-damage|p2a: Parasect|0 fnt\n|faint|p2a: Parasect\n|\n|t:|1664639012\n|switch|p2a: Flareon|Flareon, L77|184\/258\n|turn|35\n|\n|t:|1664639036\n|move|p1a: Raichu|Surf|p2a: Flareon\n|-supereffective|p2a: Flareon\n|-damage|p2a: Flareon|76\/258\n|move|p2a: Flareon|Fire Blast|p1a: Raichu\n|-damage|p1a: Raichu|51\/247\n|\n|upkeep\n|turn|36\n|\n|t:|1664639043\n|move|p2a: Flareon|Quick Attack|p1a: Raichu\n|-damage|p1a: Raichu|11\/247\n|move|p1a: Raichu|Surf|p2a: Flareon\n|-crit|p2a: Flareon\n|-supereffective|p2a: Flareon\n|-damage|p2a: Flareon|0 fnt\n|faint|p2a: Flareon\n|\n|t:|1664639047\n|switch|p2a: Kadabra|Kadabra, L74|140\/212 par\n|turn|37\n|\n|t:|1664639070\n|move|p1a: Raichu|Body Slam|p2a: Kadabra\n|-damage|p2a: Kadabra|55\/212 par\n|move|p2a: Kadabra|Thunder Wave|p1a: Raichu\n|-status|p1a: Raichu|par\n|\n|upkeep\n|turn|38\n|\n|t:|1664639075\n|move|p2a: Kadabra|Recover|p2a: Kadabra\n|-heal|p2a: Kadabra|161\/212 par\n|move|p1a: Raichu|Body Slam|p2a: Kadabra\n|-damage|p2a: Kadabra|68\/212 par\n|\n|upkeep\n|turn|39\n|\n|t:|1664639078\n|cant|p2a: Kadabra|par\n|move|p1a: Raichu|Body Slam|p2a: Kadabra\n|-damage|p2a: Kadabra|0 fnt\n|faint|p2a: Kadabra\n|\n|t:|1664639080\n|switch|p2a: Haunter|Haunter, L74|173\/219\n|turn|40\n|\n|t:|1664639085\n|move|p2a: Haunter|Mega Drain|p1a: Raichu\n|-damage|p1a: Raichu|0 fnt\n|-heal|p2a: Haunter|178\/219|[from] drain|[of] p1a: Raichu\n|faint|p1a: Raichu\n|\n|t:|1664639099\n|switch|p1a: Hypno|Hypno, L74|148\/278 par\n|turn|41\n|\n|t:|1664639104\n|move|p2a: Haunter|Thunderbolt|p1a: Hypno\n|-damage|p1a: Hypno|97\/278 par\n|move|p1a: Hypno|Thunder Wave|p2a: Haunter\n|-status|p2a: Haunter|par\n|\n|upkeep\n|turn|42\n|\n|t:|1664639108\n|move|p2a: Haunter|Thunderbolt|p1a: Hypno\n|-damage|p1a: Hypno|43\/278 par\n|cant|p1a: Hypno|par\n|\n|upkeep\n|turn|43\n|\n|t:|1664639111\n|move|p2a: Haunter|Thunderbolt|p1a: Hypno\n|-damage|p1a: Hypno|0 fnt\n|faint|p1a: Hypno\n|\n|t:|1664639114\n|switch|p1a: Moltres|Moltres, L77|297\/297\n|turn|44\n|\n|t:|1664639116\n|move|p1a: Moltres|Fire Blast|p2a: Haunter\n|-damage|p2a: Haunter|56\/219 par\n|move|p2a: Haunter|Hypnosis|p1a: Moltres|[miss]\n|-miss|p2a: Haunter\n|\n|upkeep\n|turn|45\n|c|\u2606TarremBOO!|i\n|c|\u2606TarremBOO!|didn't want to click that lmao\n|c|\u2606LoSconosciuto|ops\n|\n|t:|1664639130\n|move|p1a: Moltres|Fire Blast|p2a: Haunter\n|-crit|p2a: Haunter\n|-damage|p2a: Haunter|0 fnt\n|faint|p2a: Haunter\n|\n|win|LoSconosciuto\n|c|\u2606LoSconosciuto|gg\n|c|\u2606TarremBOO!|gg anyway\n|c|\u2606LoSconosciuto|it feels good without shitmons\n|c|\u2606LoSconosciuto|ngl\n|c|\u2606TarremBOO!|yeah\n|l| Comentine\n|l|\u2606TarremBOO!\n","inputlog":">version ada2e1bce654ffdfc9a93da4ff105a49d2af2ffc\n>start {\"formatid\":\"gen1randombattle\",\"seed\":[442,45481,21312,15880]}\n>player p1 {\"name\":\"LoSconosciuto\",\"avatar\":\"#teamgapdos\",\"rating\":0,\"seed\":[41101,29774,28312,15335]}\n>player p2 {\"name\":\"TarremBOO!\",\"avatar\":\"#teamskymin\",\"rating\":0,\"seed\":[53166,20780,24392,49097]}\n>chat \u2606LoSconosciuto|hf\n>chat \u2606TarremBOO!|hf\n>p1 move sleeppowder\n>p2 switch 5\n>p1 switch 6\n>p2 switch 6\n>p1 switch 6\n>p2 move hypnosis\n>p1 switch 6\n>p2 switch 2\n>p1 move thunderwave\n>p2 move thunderwave\n>p1 move seismictoss\n>p2 move seismictoss\n>p1 move seismictoss\n>p2 switch 4\n>p1 switch 5\n>p2 move fireblast\n>p1 move bodyslam\n>p2 switch 3\n>p1 switch 3\n>p2 move thunderbolt\n>p1 move thunderbolt\n>p2 switch 6\n>p1 move thunderbolt\n>p2 move spore\n>p1 switch 2\n>p2 move spore\n>chat \u2606TarremBOO!|oh\n>chat \u2606TarremBOO!|you\n>p1 move fireblast\n>p2 switch 6\n>p1 move hyperbeam\n>p2 move hydropump\n>p2 switch 5\n>p1 switch 2\n>p2 move amnesia\n>p1 move thunderwave\n>p2 move surf\n>p1 move thunderbolt\n>p2 move surf\n>p1 move thunderbolt\n>p2 move surf\n>p1 switch 4\n>chat \u2606TarremBOO!|I needed parasect more than I thought damn\n>p1 move bodyslam\n>p2 move surf\n>p2 switch 4\n>p1 switch 5\n>p2 move thunderwave\n>p1 move seismictoss\n>p2 move recover\n>p1 switch 3\n>p2 move recover\n>p1 move crabhammer\n>p2 switch 6\n>p1 move blizzard\n>p2 switch 2\n>p1 switch 3\n>p2 move thunderbolt\n>p1 move seismictoss\n>p2 switch 6\n>p1 switch 3\n>p2 move recover\n>p1 move bodyslam\n>p2 switch 6\n>p1 switch 5\n>p2 move thunderbolt\n>p1 move thunderbolt\n>p2 switch 6\n>p1 move bodyslam\n>p2 move recover\n>p1 move bodyslam\n>p2 switch 2\n>p1 move bodyslam\n>p2 move spore\n>p2 switch 3\n>p1 move surf\n>p2 move fireblast\n>p1 move surf\n>p2 move quickattack\n>p2 switch 2\n>p1 move bodyslam\n>p2 move thunderwave\n>p1 move bodyslam\n>p2 move recover\n>p1 move bodyslam\n>p2 move recover\n>p2 switch 6\n>p1 move thunderwave\n>p2 move megadrain\n>p1 switch 3\n>p1 move thunderwave\n>p2 move thunderbolt\n>p1 move psychic\n>p2 move thunderbolt\n>p1 move psychic\n>p2 move thunderbolt\n>p1 switch 2\n>p1 move fireblast\n>p2 move hypnosis\n>chat \u2606TarremBOO!|i\n>chat \u2606TarremBOO!|didn't want to click that lmao\n>chat \u2606LoSconosciuto|ops\n>p1 move fireblast\n>p2 move thunderbolt","uploadtime":1664639157,"views":8,"p1id":"losconosciuto","p2id":"tarremboo","formatid":"gen1randombattle","rating":0,"private":0,"password":null}