{"id":"gen2randombattle-1264920088","p1":"Vjlim","p2":"SkipTheDripBayless","format":"gen2randombattle","log":"|j|\u2606Vjlim\n|j|\u2606SkipTheDripBayless\n|t:|1611010388\n|player|p1|Vjlim|hilda-dueldisk|\n|player|p2|SkipTheDripBayless|youngathletef|\n|teamsize|p1|6\n|teamsize|p2|6\n|gametype|singles\n|gen|2\n|tier|[Gen 2] Random Battle\n|rated|Tournament battle\n|rule|Sleep Clause Mod: Limit one foe put to sleep\n|rule|Freeze Clause Mod: Limit one foe frozen\n|rule|Species Clause: Limit one of each Pok\u00e9mon\n|rule|OHKO Clause: OHKO moves are banned\n|rule|Evasion Moves Clause: Evasion moves are banned\n|rule|Endless Battle Clause: Forcing endless battles is banned\n|rule|HP Percentage Mod: HP is shown in percentages\n|\n|t:|1611010388\n|start\n|switch|p1a: Omastar|Omastar, L71, M|235\/235\n|switch|p2a: Arbok|Arbok, L77, M|251\/251\n|turn|1\n|j|*Lady Monita\n|j| Phantomistix\n|inactive|Battle timer is ON: inactive players will automatically lose when time's up. (requested by SkipTheDripBayless)\n|c|\u2606Vjlim|gl hf\n|l| Phantomistix\n|j| Shaquidab\n|j| FatFighter2@!\n|j| avgavav\n|l| FatFighter2\n|c|\u2606Vjlim|i swear to god if this takes like 100 turns i might just quit\n|\n|t:|1611010416\n|switch|p2a: Electabuzz|Electabuzz, L71, M|239\/239\n|move|p1a: Omastar|Surf|p2a: Electabuzz\n|-damage|p2a: Electabuzz|146\/239\n|\n|-heal|p2a: Electabuzz|160\/239|[from] item: Leftovers\n|upkeep\n|turn|2\n|j| seannski\n|\n|t:|1611010425\n|switch|p1a: Donphan|Donphan, L67, M|259\/259\n|move|p2a: Electabuzz|Thunder|p1a: Donphan\n|-immune|p1a: Donphan\n|\n|-heal|p2a: Electabuzz|174\/239|[from] item: Leftovers\n|upkeep\n|turn|3\n|j| Xeloxity_\n|\n|t:|1611010433\n|switch|p2a: Xatu|Xatu, L77, M|258\/258\n|move|p1a: Donphan|Earthquake|p2a: Xatu\n|-immune|p2a: Xatu\n|\n|upkeep\n|turn|4\n|j| jdshfkjhasdhkf\n|j| 0_0 Tmm2\n|\n|t:|1611010439\n|switch|p1a: Tyranitar|Tyranitar, L65, M|265\/265\n|move|p2a: Xatu|Giga Drain|p1a: Tyranitar\n|-supereffective|p1a: Tyranitar\n|-damage|p1a: Tyranitar|180\/265\n|\n|-heal|p1a: Tyranitar|196\/265|[from] item: Leftovers\n|upkeep\n|turn|5\n|\n|t:|1611010443\n|-activate|p2a: Xatu|move: Pursuit\n|move|p1a: Tyranitar|Pursuit|p2a: Xatu|[from]Pursuit\n|-supereffective|p2a: Xatu\n|-damage|p2a: Xatu|129\/258\n|switch|p2a: Sandslash|Sandslash, L71, M|253\/253\n|\n|-heal|p1a: Tyranitar|212\/265|[from] item: Leftovers\n|upkeep\n|turn|6\n|j| GreatBlueBoss\n|\n|t:|1611010457\n|switch|p1a: Butterfree|Butterfree, L77, M|251\/251\n|move|p2a: Sandslash|Earthquake|p1a: Butterfree\n|-immune|p1a: Butterfree\n|\n|upkeep\n|turn|7\n|\n|t:|1611010464\n|move|p1a: Butterfree|Psychic|p2a: Sandslash\n|-damage|p2a: Sandslash|176\/253\n|move|p2a: Sandslash|Rock Slide|p1a: Butterfree\n|-supereffective|p1a: Butterfree\n|-damage|p1a: Butterfree|35\/251\n|\n|-heal|p1a: Butterfree|50\/251|[from] item: Leftovers\n|-heal|p2a: Sandslash|191\/253|[from] item: Leftovers\n|upkeep\n|turn|8\n|\n|t:|1611010470\n|move|p1a: Butterfree|Sleep Powder|p2a: Sandslash\n|-status|p2a: Sandslash|slp|[from] move: Sleep Powder\n|cant|p2a: Sandslash|slp\n|\n|-heal|p1a: Butterfree|65\/251|[from] item: Leftovers\n|-heal|p2a: Sandslash|206\/253 slp|[from] item: Leftovers\n|upkeep\n|turn|9\n|l| GreatBlueBoss\n|\n|t:|1611010476\n|switch|p2a: Electabuzz|Electabuzz, L71, M|174\/239\n|move|p1a: Butterfree|Nightmare|p2a: Electabuzz\n|-fail|p2a: Electabuzz\n|\n|-heal|p2a: Electabuzz|188\/239|[from] item: Leftovers\n|-heal|p1a: Butterfree|80\/251|[from] item: Leftovers\n|upkeep\n|turn|10\n|\n|t:|1611010481\n|move|p2a: Electabuzz|Ice Punch|p1a: Butterfree\n|-crit|p1a: Butterfree\n|-supereffective|p1a: Butterfree\n|-damage|p1a: Butterfree|0 fnt\n|faint|p1a: Butterfree\n|l| Xeloxity_\n|l| jdshfkjhasdhkf\n|\n|t:|1611010491\n|switch|p1a: Donphan|Donphan, L67, M|259\/259\n|\n|-heal|p2a: Electabuzz|202\/239|[from] item: Leftovers\n|upkeep\n|turn|11\n|\n|t:|1611010494\n|move|p2a: Electabuzz|Ice Punch|p1a: Donphan\n|-supereffective|p1a: Donphan\n|-damage|p1a: Donphan|141\/259\n|move|p1a: Donphan|Earthquake|p2a: Electabuzz\n|-supereffective|p2a: Electabuzz\n|-damage|p2a: Electabuzz|0 fnt\n|faint|p2a: Electabuzz\n|\n|t:|1611010498\n|switch|p2a: Xatu|Xatu, L77, M|129\/258\n|\n|-heal|p2a: Xatu|145\/258|[from] item: Leftovers\n|-heal|p1a: Donphan|157\/259|[from] item: Leftovers\n|upkeep\n|turn|12\n|j| Mat1854\n|l| Mat1854\n|j| Anghult \u265d\n|\n|t:|1611010504\n|switch|p1a: Slowbro|Slowbro, L71, M|281\/281\n|move|p2a: Xatu|Giga Drain|p1a: Slowbro\n|-supereffective|p1a: Slowbro\n|-damage|p1a: Slowbro|195\/281\n|-heal|p2a: Xatu|188\/258|[from] drain|[of] p1a: Slowbro\n|\n|-heal|p2a: Xatu|204\/258|[from] item: Leftovers\n|-heal|p1a: Slowbro|212\/281|[from] item: Leftovers\n|upkeep\n|turn|13\n|\n|t:|1611010513\n|move|p2a: Xatu|Giga Drain|p1a: Slowbro\n|-supereffective|p1a: Slowbro\n|-damage|p1a: Slowbro|124\/281\n|-heal|p2a: Xatu|248\/258|[from] drain|[of] p1a: Slowbro\n|move|p1a: Slowbro|Surf|p2a: Xatu\n|-damage|p2a: Xatu|158\/258\n|\n|-heal|p2a: Xatu|174\/258|[from] item: Leftovers\n|-heal|p1a: Slowbro|141\/281|[from] item: Leftovers\n|upkeep\n|turn|14\n|\n|t:|1611010520\n|move|p2a: Xatu|Giga Drain|p1a: Slowbro\n|-supereffective|p1a: Slowbro\n|-damage|p1a: Slowbro|48\/281\n|-heal|p2a: Xatu|220\/258|[from] drain|[of] p1a: Slowbro\n|move|p1a: Slowbro|Rest|p1a: Slowbro\n|-status|p1a: Slowbro|slp|[from] move: Rest\n|-heal|p1a: Slowbro|281\/281 slp|[silent]\n|\n|-heal|p2a: Xatu|236\/258|[from] item: Leftovers\n|upkeep\n|turn|15\n|\n|t:|1611010535\n|switch|p2a: Arbok|Arbok, L77, M|251\/251\n|cant|p1a: Slowbro|slp\n|move|p1a: Slowbro|Sleep Talk|p1a: Slowbro\n|move|p1a: Slowbro|Psychic|p2a: Arbok|[from]Sleep Talk\n|-supereffective|p2a: Arbok\n|-damage|p2a: Arbok|93\/251\n|\n|upkeep\n|turn|16\n|j| Mr.Creep69\n|l| Mr.Creep69\n|j| superbarb\n|\n|t:|1611010549\n|switch|p2a: Xatu|Xatu, L77, M|236\/258\n|cant|p1a: Slowbro|slp\n|move|p1a: Slowbro|Sleep Talk|p1a: Slowbro\n|move|p1a: Slowbro|Psychic|p2a: Xatu|[from]Sleep Talk\n|-resisted|p2a: Xatu\n|-damage|p2a: Xatu|195\/258\n|\n|-heal|p2a: Xatu|211\/258|[from] item: Leftovers\n|upkeep\n|turn|17\n|l| superbarb\n|\n|t:|1611010557\n|move|p2a: Xatu|Drill Peck|p1a: Slowbro\n|-damage|p1a: Slowbro|221\/281 slp\n|-curestatus|p1a: Slowbro|slp|[msg]\n|move|p1a: Slowbro|Surf|p2a: Xatu\n|-damage|p2a: Xatu|113\/258\n|\n|-heal|p2a: Xatu|129\/258|[from] item: Leftovers\n|-heal|p1a: Slowbro|238\/281|[from] item: Leftovers\n|upkeep\n|turn|18\n|\n|t:|1611010562\n|move|p2a: Xatu|Giga Drain|p1a: Slowbro\n|-supereffective|p1a: Slowbro\n|-damage|p1a: Slowbro|146\/281\n|-heal|p2a: Xatu|175\/258|[from] drain|[of] p1a: Slowbro\n|move|p1a: Slowbro|Surf|p2a: Xatu\n|-damage|p2a: Xatu|86\/258\n|\n|-heal|p2a: Xatu|102\/258|[from] item: Leftovers\n|-heal|p1a: Slowbro|163\/281|[from] item: Leftovers\n|upkeep\n|turn|19\n|\n|t:|1611010567\n|move|p2a: Xatu|Giga Drain|p1a: Slowbro\n|-crit|p1a: Slowbro\n|-supereffective|p1a: Slowbro\n|-damage|p1a: Slowbro|0 fnt\n|-heal|p2a: Xatu|183\/258|[from] drain|[of] p1a: Slowbro\n|faint|p1a: Slowbro\n|\n|t:|1611010572\n|switch|p1a: Tyranitar|Tyranitar, L65, M|212\/265\n|\n|-heal|p2a: Xatu|199\/258|[from] item: Leftovers\n|-heal|p1a: Tyranitar|228\/265|[from] item: Leftovers\n|upkeep\n|turn|20\n|\n|t:|1611010577\n|move|p2a: Xatu|Giga Drain|p1a: Tyranitar\n|-supereffective|p1a: Tyranitar\n|-damage|p1a: Tyranitar|147\/265\n|-heal|p2a: Xatu|239\/258|[from] drain|[of] p1a: Tyranitar\n|move|p1a: Tyranitar|Pursuit|p2a: Xatu\n|-supereffective|p2a: Xatu\n|-damage|p2a: Xatu|172\/258\n|\n|-heal|p2a: Xatu|188\/258|[from] item: Leftovers\n|-heal|p1a: Tyranitar|163\/265|[from] item: Leftovers\n|upkeep\n|turn|21\n|\n|t:|1611010581\n|move|p2a: Xatu|Giga Drain|p1a: Tyranitar\n|-supereffective|p1a: Tyranitar\n|-damage|p1a: Tyranitar|74\/265\n|-heal|p2a: Xatu|232\/258|[from] drain|[of] p1a: Tyranitar\n|move|p1a: Tyranitar|Crunch|p2a: Xatu\n|-supereffective|p2a: Xatu\n|-damage|p2a: Xatu|94\/258\n|\n|-heal|p2a: Xatu|110\/258|[from] item: Leftovers\n|-heal|p1a: Tyranitar|90\/265|[from] item: Leftovers\n|upkeep\n|turn|22\n|\n|t:|1611010585\n|move|p2a: Xatu|Drill Peck|p1a: Tyranitar\n|-resisted|p1a: Tyranitar\n|-damage|p1a: Tyranitar|55\/265\n|move|p1a: Tyranitar|Crunch|p2a: Xatu\n|-supereffective|p2a: Xatu\n|-damage|p2a: Xatu|0 fnt\n|faint|p2a: Xatu\n|\n|t:|1611010590\n|switch|p2a: Arbok|Arbok, L77, M|93\/251\n|\n|-heal|p1a: Tyranitar|71\/265|[from] item: Leftovers\n|upkeep\n|turn|23\n|\n|t:|1611010597\n|move|p2a: Arbok|Earthquake|p1a: Tyranitar\n|-supereffective|p1a: Tyranitar\n|-damage|p1a: Tyranitar|0 fnt\n|faint|p1a: Tyranitar\n|\n|t:|1611010603\n|switch|p1a: Donphan|Donphan, L67, M|157\/259\n|\n|-heal|p1a: Donphan|173\/259|[from] item: Leftovers\n|upkeep\n|turn|24\n|\n|t:|1611010606\n|move|p2a: Arbok|Sludge Bomb|p1a: Donphan\n|-resisted|p1a: Donphan\n|-damage|p1a: Donphan|138\/259\n|-status|p1a: Donphan|psn\n|move|p1a: Donphan|Rest|p1a: Donphan\n|-status|p1a: Donphan|slp|[from] move: Rest\n|-heal|p1a: Donphan|259\/259 slp|[silent]\n|\n|upkeep\n|turn|25\n|\n|t:|1611010613\n|move|p2a: Arbok|Earthquake|p1a: Donphan\n|-damage|p1a: Donphan|204\/259 slp\n|cant|p1a: Donphan|slp\n|move|p1a: Donphan|Sleep Talk|p1a: Donphan\n|move|p1a: Donphan|Rest|p1a: Donphan|[from]Sleep Talk\n|-status|p1a: Donphan|slp|[from] move: Rest\n|-heal|p1a: Donphan|259\/259 slp|[silent]\n|\n|upkeep\n|turn|26\n|\n|t:|1611010621\n|move|p2a: Arbok|Earthquake|p1a: Donphan\n|-damage|p1a: Donphan|208\/259 slp\n|cant|p1a: Donphan|slp\n|move|p1a: Donphan|Sleep Talk|p1a: Donphan\n|move|p1a: Donphan|Curse|p1a: Donphan|[from]Sleep Talk\n|-unboost|p1a: Donphan|spe|1\n|-boost|p1a: Donphan|atk|1\n|-boost|p1a: Donphan|def|1\n|\n|-heal|p1a: Donphan|224\/259 slp|[from] item: Leftovers\n|upkeep\n|turn|27\n|j| jdshfkjhasdhkf\n|l| Shaquidab\n|\n|t:|1611010636\n|move|p2a: Arbok|Haze|p2a: Arbok\n|-clearallboost\n|cant|p1a: Donphan|slp\n|move|p1a: Donphan|Sleep Talk|p1a: Donphan\n|move|p1a: Donphan|Rest|p1a: Donphan|[from]Sleep Talk\n|-status|p1a: Donphan|slp|[from] move: Rest\n|-heal|p1a: Donphan|259\/259 slp|[silent]\n|\n|upkeep\n|turn|28\n|\n|t:|1611010640\n|move|p2a: Arbok|Earthquake|p1a: Donphan\n|-damage|p1a: Donphan|207\/259 slp\n|cant|p1a: Donphan|slp\n|move|p1a: Donphan|Sleep Talk|p1a: Donphan\n|move|p1a: Donphan|Curse|p1a: Donphan|[from]Sleep Talk\n|-unboost|p1a: Donphan|spe|1\n|-boost|p1a: Donphan|atk|1\n|-boost|p1a: Donphan|def|1\n|\n|-heal|p1a: Donphan|223\/259 slp|[from] item: Leftovers\n|upkeep\n|turn|29\n|\n|t:|1611010643\n|move|p2a: Arbok|Haze|p2a: Arbok\n|-clearallboost\n|cant|p1a: Donphan|slp\n|move|p1a: Donphan|Sleep Talk|p1a: Donphan\n|move|p1a: Donphan|Rest|p1a: Donphan|[from]Sleep Talk\n|-status|p1a: Donphan|slp|[from] move: Rest\n|-heal|p1a: Donphan|259\/259 slp|[silent]\n|\n|upkeep\n|turn|30\n|\n|t:|1611010647\n|move|p2a: Arbok|Rest|p2a: Arbok\n|-status|p2a: Arbok|slp|[from] move: Rest\n|-heal|p2a: Arbok|251\/251 slp|[silent]\n|-enditem|p2a: Arbok|Mint Berry|[eat]\n|-curestatus|p2a: Arbok|slp|[msg]\n|cant|p1a: Donphan|slp\n|\n|upkeep\n|turn|31\n|l| avgavav\n|\n|t:|1611010652\n|move|p2a: Arbok|Earthquake|p1a: Donphan\n|-damage|p1a: Donphan|201\/259 slp\n|cant|p1a: Donphan|slp\n|\n|-heal|p1a: Donphan|217\/259 slp|[from] item: Leftovers\n|upkeep\n|turn|32\n|\n|t:|1611010657\n|move|p2a: Arbok|Earthquake|p1a: Donphan\n|-damage|p1a: Donphan|164\/259 slp\n|-curestatus|p1a: Donphan|slp|[msg]\n|move|p1a: Donphan|Earthquake|p2a: Arbok\n|-supereffective|p2a: Arbok\n|-damage|p2a: Arbok|48\/251\n|\n|-heal|p1a: Donphan|180\/259|[from] item: Leftovers\n|upkeep\n|turn|33\n|\n|t:|1611010660\n|move|p2a: Arbok|Sludge Bomb|p1a: Donphan\n|-resisted|p1a: Donphan\n|-damage|p1a: Donphan|145\/259\n|move|p1a: Donphan|Earthquake|p2a: Arbok\n|-supereffective|p2a: Arbok\n|-damage|p2a: Arbok|0 fnt\n|faint|p2a: Arbok\n|\n|t:|1611010665\n|switch|p2a: Alakazam|Alakazam, L67, M|213\/213\n|\n|-heal|p1a: Donphan|161\/259|[from] item: Leftovers\n|upkeep\n|turn|34\n|\n|t:|1611010672\n|move|p2a: Alakazam|Psychic|p1a: Donphan\n|-damage|p1a: Donphan|49\/259\n|move|p1a: Donphan|Rest|p1a: Donphan\n|-status|p1a: Donphan|slp|[from] move: Rest\n|-heal|p1a: Donphan|259\/259 slp|[silent]\n|\n|upkeep\n|turn|35\n|\n|t:|1611010681\n|move|p2a: Alakazam|Psychic|p1a: Donphan\n|-damage|p1a: Donphan|137\/259 slp\n|cant|p1a: Donphan|slp\n|move|p1a: Donphan|Sleep Talk|p1a: Donphan\n|move|p1a: Donphan|Curse|p1a: Donphan|[from]Sleep Talk\n|-unboost|p1a: Donphan|spe|1\n|-boost|p1a: Donphan|atk|1\n|-boost|p1a: Donphan|def|1\n|\n|-heal|p1a: Donphan|153\/259 slp|[from] item: Leftovers\n|upkeep\n|turn|36\n|\n|t:|1611010687\n|move|p2a: Alakazam|Psychic|p1a: Donphan\n|-damage|p1a: Donphan|28\/259 slp\n|-unboost|p1a: Donphan|spd|1\n|cant|p1a: Donphan|slp\n|move|p1a: Donphan|Sleep Talk|p1a: Donphan\n|move|p1a: Donphan|Earthquake|p2a: Alakazam|[from]Sleep Talk\n|-damage|p2a: Alakazam|0 fnt\n|faint|p2a: Alakazam\n|\n|t:|1611010696\n|switch|p2a: Smeargle|Smeargle, L67, M|213\/213\n|\n|-heal|p1a: Donphan|44\/259 slp|[from] item: Leftovers\n|upkeep\n|turn|37\n|\n|t:|1611010701\n|move|p2a: Smeargle|Spikes|p1a: Donphan\n|-sidestart|p1: Vjlim|Spikes\n|-curestatus|p1a: Donphan|slp|[msg]\n|move|p1a: Donphan|Rest|p1a: Donphan\n|-status|p1a: Donphan|slp|[from] move: Rest\n|-heal|p1a: Donphan|259\/259 slp|[silent]\n|\n|upkeep\n|turn|38\n|-message|SkipTheDripBayless forfeited.\n|\n|win|Vjlim\n|n|\u2606Vjlim|vjlim\n|n|\u2606SkipTheDripBayless|skipthedripbayless\n|n|*Lady Monita|ladymonita\n|n| seannski|seannski\n|n| 0_0 Tmm2|00tmm2\n|n| Anghult \u265d|anghult\n|n| jdshfkjhasdhkf|jdshfkjhasdhkf\n","inputlog":">version b9c6620ebd6933dd242f570256ab847c30b67e54\n>start {\"formatid\":\"gen2randombattle\",\"seed\":[23623,24482,16670,25952],\"rated\":\"Tournament battle\"}\n>player p1 {\"name\":\"Vjlim\",\"avatar\":\"hilda-dueldisk\",\"team\":\"\",\"rating\":0,\"seed\":[51144,52073,58102,37928]}\n>player p2 {\"name\":\"SkipTheDripBayless\",\"avatar\":\"youngathletef\",\"team\":\"\",\"rating\":0,\"seed\":[46345,44153,39643,4357]}\n>chat \u2606Vjlim|gl hf \n>chat \u2606Vjlim|i swear to god if this takes like 100 turns i might just quit\n>p1 move surf\n>p2 switch 5\n>p1 switch 6\n>p2 move thunder\n>p1 move earthquake\n>p2 switch 2\n>p1 switch 2\n>p2 move gigadrain\n>p1 move pursuit\n>p2 switch 4\n>p1 switch 5\n>p2 move earthquake\n>p1 move psychic\n>p2 move rockslide\n>p1 move sleeppowder\n>p2 move rockslide\n>p1 move nightmare\n>p2 switch 2\n>p1 move sleeppowder\n>p2 move icepunch\n>p1 switch 2\n>p1 move earthquake\n>p2 move icepunch\n>p2 switch 4\n>p1 switch 3\n>p2 move gigadrain\n>p1 move surf\n>p2 move gigadrain\n>p1 move rest\n>p2 move gigadrain\n>p1 move sleeptalk\n>p2 switch 5\n>p1 move sleeptalk\n>p2 switch 5\n>p1 move surf\n>p2 move drillpeck\n>p1 move surf\n>p2 move gigadrain\n>p1 move rest\n>p2 move gigadrain\n>p1 switch 5\n>p1 move pursuit\n>p2 move gigadrain\n>p1 move crunch\n>p2 move gigadrain\n>p1 move crunch\n>p2 move drillpeck\n>p2 switch 5\n>p1 move rockslide\n>p2 move earthquake\n>p1 switch 3\n>p1 move rest\n>p2 move sludgebomb\n>p1 move sleeptalk\n>p2 move earthquake\n>p1 move sleeptalk\n>p2 move earthquake\n>p1 move sleeptalk\n>p2 move haze\n>p1 move sleeptalk\n>p2 move earthquake\n>p1 move sleeptalk\n>p2 move haze\n>p1 move curse\n>p2 move rest\n>p1 move earthquake\n>p2 move earthquake\n>p1 move earthquake\n>p2 move earthquake\n>p1 move earthquake\n>p2 move sludgebomb\n>p2 switch 6\n>p1 move rest\n>p2 move psychic\n>p1 move sleeptalk\n>p2 move psychic\n>p1 move sleeptalk\n>p2 move psychic\n>p2 switch 3\n>p1 move rest\n>p2 move spikes","uploadtime":1611010707,"views":13,"p1id":"vjlim","p2id":"skipthedripbayless","formatid":"gen2randombattle","rating":0,"private":0,"password":null}