{"id":"gen2ou-1599045860","p1":"Sp0onl0rd","p2":"SIPPIN ON THAT","format":"gen2ou","log":"|j|\u2606Sp0onl0rd\n|j|\u2606SIPPIN ON THAT\n|inactive|Battle timer is ON: inactive players will automatically lose when time's up.\n|t:|1655567246\n|gametype|singles\n|player|p1|Sp0onl0rd|266|\n|player|p2|SIPPIN ON THAT|acetrainer-gen4dp|\n|teamsize|p1|6\n|teamsize|p2|6\n|gen|2\n|tier|[Gen 2] OU\n|rated|Tournament battle\n|rule|Sleep Clause Mod: Limit one foe put to sleep\n|rule|Freeze Clause Mod: Limit one foe frozen\n|rule|Species Clause: Limit one of each Pok\u00e9mon\n|rule|OHKO Clause: OHKO moves are banned\n|rule|Evasion Moves Clause: Evasion moves are banned\n|rule|Endless Battle Clause: Forcing endless battles is banned\n|rule|HP Percentage Mod: HP is shown in percentages\n|\n|t:|1655567246\n|start\n|switch|p1a: Nidoking|Nidoking, M|100\/100\n|switch|p2a: Zapdos|Zapdos|100\/100\n|turn|1\n|inactive|Sp0onl0rd also wants the timer to be on.\n|j| ThisIsntHilarious\n|c|\u2606Sp0onl0rd|Hf\n|j| amstan\n|j| Mystical Eonis\n|\n|t:|1655567263\n|move|p2a: Zapdos|Hidden Power|p1a: Nidoking\n|-crit|p1a: Nidoking\n|-supereffective|p1a: Nidoking\n|-damage|p1a: Nidoking|22\/100\n|move|p1a: Nidoking|Ice Beam|p2a: Zapdos\n|-supereffective|p2a: Zapdos\n|-damage|p2a: Zapdos|63\/100\n|-status|p2a: Zapdos|frz\n|\n|-heal|p2a: Zapdos|69\/100 frz|[from] item: Leftovers\n|-heal|p1a: Nidoking|28\/100|[from] item: Leftovers\n|upkeep\n|turn|2\n|c|\u2606SIPPIN ON THAT|gz\n|\n|t:|1655567279\n|switch|p2a: Snorlax|Snorlax, M|100\/100\n|move|p1a: Nidoking|Ice Beam|p2a: Snorlax\n|-damage|p2a: Snorlax|88\/100\n|\n|-heal|p1a: Nidoking|34\/100|[from] item: Leftovers\n|-heal|p2a: Snorlax|95\/100|[from] item: Leftovers\n|upkeep\n|turn|3\n|\n|t:|1655567285\n|move|p1a: Nidoking|Lovely Kiss|p2a: Snorlax\n|-status|p2a: Snorlax|slp|[from] move: Lovely Kiss\n|cant|p2a: Snorlax|slp\n|\n|-heal|p1a: Nidoking|40\/100|[from] item: Leftovers\n|-heal|p2a: Snorlax|100\/100 slp|[from] item: Leftovers\n|upkeep\n|turn|4\n|\n|t:|1655567289\n|switch|p1a: Cloyster|Cloyster, M|100\/100\n|switch|p2a: Blissey|Blissey, F|100\/100\n|\n|upkeep\n|turn|5\n|\n|t:|1655567291\n|switch|p2a: Starmie|Starmie|100\/100\n|move|p1a: Cloyster|Spikes|p2a: Starmie\n|-sidestart|p2: SIPPIN ON THAT|Spikes\n|\n|upkeep\n|turn|6\n|\n|t:|1655567300\n|move|p2a: Starmie|Rapid Spin|p1a: Cloyster\n|-damage|p1a: Cloyster|97\/100\n|-sideend|p2: SIPPIN ON THAT|Spikes|[from] move: Rapid Spin|[of] p2a: Starmie\n|move|p1a: Cloyster|Toxic|p2a: Starmie\n|-status|p2a: Starmie|tox\n|\n|-heal|p1a: Cloyster|100\/100|[from] item: Leftovers\n|upkeep\n|turn|7\n|\n|t:|1655567303\n|switch|p1a: Snorlax|Snorlax, M|100\/100\n|move|p2a: Starmie|Psychic|p1a: Snorlax\n|-damage|p1a: Snorlax|81\/100\n|-damage|p2a: Starmie|94\/100 tox|[from] psn\n|\n|-heal|p2a: Starmie|100\/100 tox|[from] item: Leftovers\n|-heal|p1a: Snorlax|87\/100|[from] item: Leftovers\n|upkeep\n|turn|8\n|\n|t:|1655567309\n|switch|p2a: Misdreavus|Misdreavus, M|100\/100\n|switch|p1a: Cloyster|Cloyster, M|100\/100\n|\n|upkeep\n|turn|9\n|\n|t:|1655567320\n|move|p2a: Misdreavus|Mean Look|p1a: Cloyster\n|-activate|p1a: Cloyster|trapped\n|move|p1a: Cloyster|Spikes|p2a: Misdreavus\n|-sidestart|p2: SIPPIN ON THAT|Spikes\n|\n|upkeep\n|turn|10\n|\n|t:|1655567324\n|move|p2a: Misdreavus|Perish Song|p2a: Misdreavus\n|-start|p1a: Cloyster|perish3|[silent]\n|-start|p2a: Misdreavus|perish3|[silent]\n|-fieldactivate|move: Perish Song\n|move|p1a: Cloyster|Toxic|p2a: Misdreavus\n|-status|p2a: Misdreavus|tox\n|\n|-start|p2a: Misdreavus|perish3\n|-start|p1a: Cloyster|perish3\n|upkeep\n|turn|11\n|\n|t:|1655567327\n|move|p2a: Misdreavus|Confuse Ray|p1a: Cloyster\n|-start|p1a: Cloyster|confusion\n|-damage|p2a: Misdreavus|94\/100 tox|[from] psn\n|-activate|p1a: Cloyster|confusion\n|-damage|p1a: Cloyster|93\/100|[from] confusion\n|\n|-start|p2a: Misdreavus|perish2\n|-start|p1a: Cloyster|perish2\n|-heal|p2a: Misdreavus|100\/100 tox|[from] item: Leftovers\n|-heal|p1a: Cloyster|99\/100|[from] item: Leftovers\n|upkeep\n|turn|12\n|\n|t:|1655567329\n|move|p2a: Misdreavus|Protect|p2a: Misdreavus\n|-singleturn|p2a: Misdreavus|Protect\n|-damage|p2a: Misdreavus|88\/100 tox|[from] psn\n|-activate|p1a: Cloyster|confusion\n|move|p1a: Cloyster|Surf|p2a: Misdreavus\n|-activate|p2a: Misdreavus|Protect\n|\n|-start|p2a: Misdreavus|perish1\n|-start|p1a: Cloyster|perish1\n|-heal|p2a: Misdreavus|94\/100 tox|[from] item: Leftovers\n|-heal|p1a: Cloyster|100\/100|[from] item: Leftovers\n|upkeep\n|turn|13\n|j| kleinjung\n|\n|t:|1655567332\n|switch|p2a: Skarmory|Skarmory, M|100\/100\n|-activate|p1a: Cloyster|confusion\n|move|p1a: Cloyster|Explosion|p2a: Skarmory\n|-resisted|p2a: Skarmory\n|-damage|p2a: Skarmory|55\/100\n|faint|p1a: Cloyster\n|\n|t:|1655567335\n|switch|p1a: Zapdos|Zapdos|100\/100\n|\n|-heal|p2a: Skarmory|61\/100|[from] item: Leftovers\n|upkeep\n|turn|14\n|j| SetsuStsna\n|\n|t:|1655567350\n|switch|p1a: Nidoking|Nidoking, M|40\/100\n|switch|p2a: Blissey|Blissey, F|100\/100\n|-damage|p2a: Blissey|88\/100|[from] Spikes\n|\n|-heal|p1a: Nidoking|46\/100|[from] item: Leftovers\n|-heal|p2a: Blissey|94\/100|[from] item: Leftovers\n|upkeep\n|turn|15\n|\n|t:|1655567357\n|move|p1a: Nidoking|Earthquake|p2a: Blissey\n|-damage|p2a: Blissey|55\/100\n|move|p2a: Blissey|Heal Bell|p2a: Blissey\n|-cureteam|p2a: Blissey|[from] move: Heal Bell\n|\n|-heal|p1a: Nidoking|52\/100|[from] item: Leftovers\n|-heal|p2a: Blissey|62\/100|[from] item: Leftovers\n|upkeep\n|turn|16\n|l| kleinjung\n|\n|t:|1655567363\n|switch|p1a: Machamp|Machamp, M|100\/100\n|move|p2a: Blissey|Soft-Boiled|p2a: Blissey\n|-heal|p2a: Blissey|100\/100\n|\n|upkeep\n|turn|17\n|\n|t:|1655567375\n|switch|p2a: Misdreavus|Misdreavus, M|94\/100\n|-damage|p2a: Misdreavus|82\/100|[from] Spikes\n|move|p1a: Machamp|Curse|p1a: Machamp\n|-unboost|p1a: Machamp|spe|1\n|-boost|p1a: Machamp|atk|1\n|-boost|p1a: Machamp|def|1\n|\n|-heal|p2a: Misdreavus|88\/100|[from] item: Leftovers\n|upkeep\n|turn|18\n|\n|t:|1655567396\n|switch|p1a: Tyranitar|Tyranitar, M|100\/100\n|move|p2a: Misdreavus|Confuse Ray|p1a: Tyranitar\n|-start|p1a: Tyranitar|confusion\n|\n|-heal|p2a: Misdreavus|94\/100|[from] item: Leftovers\n|upkeep\n|turn|19\n|c|\u2606Sp0onl0rd|I don't know how to beat bliss this gen\n|c|\u2606Sp0onl0rd|Ngl\n|\n|t:|1655567406\n|move|p2a: Misdreavus|Protect|p2a: Misdreavus\n|-singleturn|p2a: Misdreavus|Protect\n|-activate|p1a: Tyranitar|confusion\n|move|p1a: Tyranitar|Pursuit|p2a: Misdreavus\n|-activate|p2a: Misdreavus|Protect\n|\n|-heal|p2a: Misdreavus|100\/100|[from] item: Leftovers\n|upkeep\n|turn|20\n|\n|t:|1655567409\n|move|p2a: Misdreavus|Perish Song|p2a: Misdreavus\n|-start|p1a: Tyranitar|perish3|[silent]\n|-start|p2a: Misdreavus|perish3|[silent]\n|-fieldactivate|move: Perish Song\n|-activate|p1a: Tyranitar|confusion\n|move|p1a: Tyranitar|Pursuit|p2a: Misdreavus\n|-supereffective|p2a: Misdreavus\n|-damage|p2a: Misdreavus|68\/100\n|\n|-start|p2a: Misdreavus|perish3\n|-start|p1a: Tyranitar|perish3\n|-heal|p2a: Misdreavus|74\/100|[from] item: Leftovers\n|upkeep\n|turn|21\n|\n|t:|1655567413\n|move|p2a: Misdreavus|Protect|p2a: Misdreavus\n|-singleturn|p2a: Misdreavus|Protect\n|-end|p1a: Tyranitar|confusion\n|move|p1a: Tyranitar|Roar|p2a: Misdreavus\n|-activate|p2a: Misdreavus|Protect\n|\n|-start|p2a: Misdreavus|perish2\n|-start|p1a: Tyranitar|perish2\n|-heal|p2a: Misdreavus|80\/100|[from] item: Leftovers\n|upkeep\n|turn|22\n|\n|t:|1655567419\n|move|p2a: Misdreavus|Mean Look|p1a: Tyranitar\n|-activate|p1a: Tyranitar|trapped\n|move|p1a: Tyranitar|Roar|p2a: Misdreavus\n|drag|p2a: Blissey|Blissey, F|100\/100\n|-damage|p2a: Blissey|88\/100|[from] Spikes\n|\n|-start|p1a: Tyranitar|perish1\n|-heal|p2a: Blissey|94\/100|[from] item: Leftovers\n|upkeep\n|turn|23\n|\n|t:|1655567426\n|switch|p1a: Snorlax|Snorlax, M|87\/100\n|switch|p2a: Starmie|Starmie|100\/100\n|-damage|p2a: Starmie|88\/100|[from] Spikes\n|\n|-heal|p2a: Starmie|94\/100|[from] item: Leftovers\n|-heal|p1a: Snorlax|93\/100|[from] item: Leftovers\n|upkeep\n|turn|24\n|\n|t:|1655567432\n|move|p2a: Starmie|Rapid Spin|p1a: Snorlax\n|-damage|p1a: Snorlax|90\/100\n|-sideend|p2: SIPPIN ON THAT|Spikes|[from] move: Rapid Spin|[of] p2a: Starmie\n|move|p1a: Snorlax|Body Slam|p2a: Starmie\n|-damage|p2a: Starmie|60\/100\n|\n|-heal|p2a: Starmie|66\/100|[from] item: Leftovers\n|-heal|p1a: Snorlax|96\/100|[from] item: Leftovers\n|upkeep\n|turn|25\n|\n|t:|1655567437\n|switch|p2a: Snorlax|Snorlax, M|100\/100\n|move|p1a: Snorlax|Curse|p1a: Snorlax\n|-unboost|p1a: Snorlax|spe|1\n|-boost|p1a: Snorlax|atk|1\n|-boost|p1a: Snorlax|def|1\n|\n|-heal|p1a: Snorlax|100\/100|[from] item: Leftovers\n|upkeep\n|turn|26\n|\n|t:|1655567441\n|move|p2a: Snorlax|Curse|p2a: Snorlax\n|-unboost|p2a: Snorlax|spe|1\n|-boost|p2a: Snorlax|atk|1\n|-boost|p2a: Snorlax|def|1\n|move|p1a: Snorlax|Body Slam|p2a: Snorlax\n|-damage|p2a: Snorlax|74\/100\n|-status|p2a: Snorlax|par\n|\n|-heal|p2a: Snorlax|80\/100 par|[from] item: Leftovers\n|upkeep\n|turn|27\n|\n|t:|1655567445\n|move|p1a: Snorlax|Curse|p1a: Snorlax\n|-unboost|p1a: Snorlax|spe|1\n|-boost|p1a: Snorlax|atk|1\n|-boost|p1a: Snorlax|def|1\n|move|p2a: Snorlax|Curse|p2a: Snorlax\n|-unboost|p2a: Snorlax|spe|1\n|-boost|p2a: Snorlax|atk|1\n|-boost|p2a: Snorlax|def|1\n|\n|-heal|p2a: Snorlax|86\/100 par|[from] item: Leftovers\n|upkeep\n|turn|28\n|\n|t:|1655567447\n|move|p1a: Snorlax|Curse|p1a: Snorlax\n|-unboost|p1a: Snorlax|spe|1\n|-boost|p1a: Snorlax|atk|1\n|-boost|p1a: Snorlax|def|1\n|move|p2a: Snorlax|Curse|p2a: Snorlax\n|-unboost|p2a: Snorlax|spe|1\n|-boost|p2a: Snorlax|atk|1\n|-boost|p2a: Snorlax|def|1\n|\n|-heal|p2a: Snorlax|92\/100 par|[from] item: Leftovers\n|upkeep\n|turn|29\n|\n|t:|1655567449\n|move|p1a: Snorlax|Curse|p1a: Snorlax\n|-unboost|p1a: Snorlax|spe|1\n|-boost|p1a: Snorlax|atk|1\n|-boost|p1a: Snorlax|def|1\n|move|p2a: Snorlax|Curse|p2a: Snorlax\n|-unboost|p2a: Snorlax|spe|1\n|-boost|p2a: Snorlax|atk|1\n|-boost|p2a: Snorlax|def|1\n|\n|-heal|p2a: Snorlax|98\/100 par|[from] item: Leftovers\n|upkeep\n|turn|30\n|l| SetsuStsna\n|\n|t:|1655567450\n|move|p1a: Snorlax|Body Slam|p2a: Snorlax\n|-damage|p2a: Snorlax|71\/100 par\n|cant|p2a: Snorlax|par\n|\n|-heal|p2a: Snorlax|78\/100 par|[from] item: Leftovers\n|upkeep\n|turn|31\n|\n|t:|1655567454\n|move|p1a: Snorlax|Body Slam|p2a: Snorlax\n|-crit|p2a: Snorlax\n|-damage|p2a: Snorlax|25\/100 par\n|move|p2a: Snorlax|Curse|p2a: Snorlax\n|-unboost|p2a: Snorlax|spe|1\n|-boost|p2a: Snorlax|atk|1\n|-boost|p2a: Snorlax|def|1\n|\n|-heal|p2a: Snorlax|31\/100 par|[from] item: Leftovers\n|upkeep\n|turn|32\n|\n|t:|1655567457\n|move|p1a: Snorlax|Body Slam|p2a: Snorlax\n|-damage|p2a: Snorlax|10\/100 par\n|move|p2a: Snorlax|Rest|p2a: Snorlax\n|-status|p2a: Snorlax|slp|[from] move: Rest\n|-heal|p2a: Snorlax|100\/100 slp|[silent]\n|\n|upkeep\n|turn|33\n|\n|t:|1655567461\n|move|p1a: Snorlax|Curse|p1a: Snorlax\n|-unboost|p1a: Snorlax|spe|1\n|-boost|p1a: Snorlax|atk|1\n|-boost|p1a: Snorlax|def|1\n|cant|p2a: Snorlax|slp\n|\n|upkeep\n|turn|34\n|\n|t:|1655567464\n|move|p1a: Snorlax|Body Slam|p2a: Snorlax\n|-damage|p2a: Snorlax|76\/100 slp\n|cant|p2a: Snorlax|slp\n|\n|-heal|p2a: Snorlax|83\/100 slp|[from] item: Leftovers\n|upkeep\n|turn|35\n|\n|t:|1655567470\n|move|p1a: Snorlax|Body Slam|p2a: Snorlax\n|-damage|p2a: Snorlax|59\/100 slp\n|-curestatus|p2a: Snorlax|slp|[msg]\n|move|p2a: Snorlax|Curse|p2a: Snorlax\n|-unboost|p2a: Snorlax|spe|1\n|-boost|p2a: Snorlax|atk|0\n|-boost|p2a: Snorlax|def|1\n|\n|-heal|p2a: Snorlax|65\/100|[from] item: Leftovers\n|upkeep\n|turn|36\n|\n|t:|1655567472\n|move|p1a: Snorlax|Body Slam|p2a: Snorlax\n|-damage|p2a: Snorlax|43\/100\n|move|p2a: Snorlax|Double-Edge|p1a: Snorlax\n|-damage|p1a: Snorlax|65\/100\n|-damage|p2a: Snorlax|34\/100|[from] Recoil|[of] p1a: Snorlax\n|\n|-heal|p1a: Snorlax|71\/100|[from] item: Leftovers\n|-heal|p2a: Snorlax|40\/100|[from] item: Leftovers\n|upkeep\n|turn|37\n|\n|t:|1655567475\n|move|p1a: Snorlax|Body Slam|p2a: Snorlax\n|-damage|p2a: Snorlax|20\/100\n|move|p2a: Snorlax|Rest|p2a: Snorlax\n|-status|p2a: Snorlax|slp|[from] move: Rest\n|-heal|p2a: Snorlax|100\/100 slp|[silent]\n|\n|-heal|p1a: Snorlax|77\/100|[from] item: Leftovers\n|upkeep\n|turn|38\n|\n|t:|1655567479\n|move|p1a: Snorlax|Body Slam|p2a: Snorlax\n|-damage|p2a: Snorlax|79\/100 slp\n|cant|p2a: Snorlax|slp\n|\n|-heal|p1a: Snorlax|83\/100|[from] item: Leftovers\n|-heal|p2a: Snorlax|85\/100 slp|[from] item: Leftovers\n|upkeep\n|turn|39\n|\n|t:|1655567482\n|move|p1a: Snorlax|Body Slam|p2a: Snorlax\n|-damage|p2a: Snorlax|65\/100 slp\n|cant|p2a: Snorlax|slp\n|\n|-heal|p1a: Snorlax|89\/100|[from] item: Leftovers\n|-heal|p2a: Snorlax|71\/100 slp|[from] item: Leftovers\n|upkeep\n|turn|40\n|\n|t:|1655567484\n|move|p1a: Snorlax|Body Slam|p2a: Snorlax\n|-damage|p2a: Snorlax|48\/100 slp\n|-curestatus|p2a: Snorlax|slp|[msg]\n|move|p2a: Snorlax|Double-Edge|p1a: Snorlax\n|-damage|p1a: Snorlax|58\/100\n|-damage|p2a: Snorlax|40\/100|[from] Recoil|[of] p1a: Snorlax\n|\n|-heal|p1a: Snorlax|64\/100|[from] item: Leftovers\n|-heal|p2a: Snorlax|46\/100|[from] item: Leftovers\n|upkeep\n|turn|41\n|j| SetsuStsna\n|\n|t:|1655567488\n|move|p1a: Snorlax|Body Slam|p2a: Snorlax\n|-damage|p2a: Snorlax|27\/100\n|-status|p2a: Snorlax|par\n|move|p2a: Snorlax|Double-Edge|p1a: Snorlax\n|-damage|p1a: Snorlax|32\/100\n|-damage|p2a: Snorlax|19\/100 par|[from] Recoil|[of] p1a: Snorlax\n|\n|-heal|p1a: Snorlax|38\/100|[from] item: Leftovers\n|-heal|p2a: Snorlax|26\/100 par|[from] item: Leftovers\n|upkeep\n|turn|42\n|\n|t:|1655567491\n|move|p1a: Snorlax|Body Slam|p2a: Snorlax\n|-damage|p2a: Snorlax|5\/100 par\n|move|p2a: Snorlax|Rest|p2a: Snorlax\n|-status|p2a: Snorlax|slp|[from] move: Rest\n|-heal|p2a: Snorlax|100\/100 slp|[silent]\n|\n|-heal|p1a: Snorlax|44\/100|[from] item: Leftovers\n|upkeep\n|turn|43\n|\n|t:|1655567494\n|move|p1a: Snorlax|Body Slam|p2a: Snorlax\n|-damage|p2a: Snorlax|80\/100 slp\n|cant|p2a: Snorlax|slp\n|\n|-heal|p1a: Snorlax|51\/100|[from] item: Leftovers\n|-heal|p2a: Snorlax|87\/100 slp|[from] item: Leftovers\n|upkeep\n|turn|44\n|\n|t:|1655567496\n|move|p1a: Snorlax|Body Slam|p2a: Snorlax\n|-damage|p2a: Snorlax|65\/100 slp\n|cant|p2a: Snorlax|slp\n|\n|-heal|p1a: Snorlax|57\/100|[from] item: Leftovers\n|-heal|p2a: Snorlax|71\/100 slp|[from] item: Leftovers\n|upkeep\n|turn|45\n|\n|t:|1655567498\n|move|p1a: Snorlax|Body Slam|p2a: Snorlax\n|-damage|p2a: Snorlax|50\/100 slp\n|-curestatus|p2a: Snorlax|slp|[msg]\n|move|p2a: Snorlax|Double-Edge|p1a: Snorlax\n|-damage|p1a: Snorlax|22\/100\n|-damage|p2a: Snorlax|42\/100|[from] Recoil|[of] p1a: Snorlax\n|\n|-heal|p1a: Snorlax|29\/100|[from] item: Leftovers\n|-heal|p2a: Snorlax|48\/100|[from] item: Leftovers\n|upkeep\n|turn|46\n|\n|t:|1655567502\n|move|p1a: Snorlax|Body Slam|p2a: Snorlax\n|-damage|p2a: Snorlax|27\/100\n|-status|p2a: Snorlax|par\n|move|p2a: Snorlax|Double-Edge|p1a: Snorlax\n|-damage|p1a: Snorlax|0 fnt\n|-damage|p2a: Snorlax|20\/100 par|[from] Recoil|[of] p1a: Snorlax\n|faint|p1a: Snorlax\n|\n|t:|1655567505\n|switch|p1a: Machamp|Machamp, M|100\/100\n|\n|-heal|p2a: Snorlax|27\/100 par|[from] item: Leftovers\n|upkeep\n|turn|47\n|\n|t:|1655567527\n|move|p1a: Machamp|Cross Chop|p2a: Snorlax\n|-supereffective|p2a: Snorlax\n|-damage|p2a: Snorlax|10\/100 par\n|move|p2a: Snorlax|Rest|p2a: Snorlax\n|-status|p2a: Snorlax|slp|[from] move: Rest\n|-heal|p2a: Snorlax|100\/100 slp|[silent]\n|\n|upkeep\n|turn|48\n|\n|t:|1655567531\n|move|p1a: Machamp|Curse|p1a: Machamp\n|-unboost|p1a: Machamp|spe|1\n|-boost|p1a: Machamp|atk|1\n|-boost|p1a: Machamp|def|1\n|cant|p2a: Snorlax|slp\n|\n|upkeep\n|turn|49\n|\n|t:|1655567538\n|move|p1a: Machamp|Curse|p1a: Machamp\n|-unboost|p1a: Machamp|spe|1\n|-boost|p1a: Machamp|atk|1\n|-boost|p1a: Machamp|def|1\n|cant|p2a: Snorlax|slp\n|\n|upkeep\n|turn|50\n|\n|t:|1655567540\n|move|p1a: Machamp|Cross Chop|p2a: Snorlax\n|-supereffective|p2a: Snorlax\n|-damage|p2a: Snorlax|67\/100 slp\n|-curestatus|p2a: Snorlax|slp|[msg]\n|move|p2a: Snorlax|Double-Edge|p1a: Machamp\n|-damage|p1a: Machamp|29\/100\n|-damage|p2a: Snorlax|54\/100|[from] Recoil|[of] p1a: Machamp\n|\n|-heal|p1a: Machamp|35\/100|[from] item: Leftovers\n|-heal|p2a: Snorlax|60\/100|[from] item: Leftovers\n|upkeep\n|turn|51\n|\n|t:|1655567544\n|move|p1a: Machamp|Cross Chop|p2a: Snorlax\n|-supereffective|p2a: Snorlax\n|-damage|p2a: Snorlax|22\/100\n|move|p2a: Snorlax|Double-Edge|p1a: Machamp\n|-damage|p1a: Machamp|0 fnt\n|-damage|p2a: Snorlax|16\/100|[from] Recoil|[of] p1a: Machamp\n|faint|p1a: Machamp\n|\n|t:|1655567546\n|switch|p1a: Zapdos|Zapdos|100\/100\n|\n|-heal|p2a: Snorlax|22\/100|[from] item: Leftovers\n|upkeep\n|turn|52\n|\n|t:|1655567551\n|move|p1a: Zapdos|Thunder|p2a: Snorlax\n|-damage|p2a: Snorlax|0 fnt\n|faint|p2a: Snorlax\n|\n|t:|1655567554\n|switch|p2a: Blissey|Blissey, F|94\/100\n|\n|-heal|p2a: Blissey|99\/100|[from] item: Leftovers\n|upkeep\n|turn|53\n|\n|t:|1655567557\n|switch|p1a: Tyranitar|Tyranitar, M|100\/100\n|move|p2a: Blissey|Light Screen|p2a: Blissey\n|-sidestart|p2: SIPPIN ON THAT|move: Light Screen\n|\n|-heal|p2a: Blissey|100\/100|[from] item: Leftovers\n|upkeep\n|turn|54\n|\n|t:|1655567570\n|switch|p2a: Starmie|Starmie|66\/100\n|move|p1a: Tyranitar|Rock Slide|p2a: Starmie|[miss]\n|-miss|p1a: Tyranitar\n|\n|-heal|p2a: Starmie|72\/100|[from] item: Leftovers\n|upkeep\n|turn|55\n|\n|t:|1655567574\n|switch|p1a: Nidoking|Nidoking, M|52\/100\n|move|p2a: Starmie|Surf|p1a: Nidoking\n|-supereffective|p1a: Nidoking\n|-damage|p1a: Nidoking|0 fnt\n|faint|p1a: Nidoking\n|\n|t:|1655567576\n|switch|p1a: Zapdos|Zapdos|100\/100\n|\n|-heal|p2a: Starmie|79\/100|[from] item: Leftovers\n|upkeep\n|turn|56\n|\n|t:|1655567590\n|switch|p2a: Misdreavus|Misdreavus, M|80\/100\n|switch|p1a: Tyranitar|Tyranitar, M|100\/100\n|\n|-heal|p2a: Misdreavus|87\/100|[from] item: Leftovers\n|upkeep\n|turn|57\n|\n|t:|1655567595\n|switch|p2a: Starmie|Starmie|79\/100\n|move|p1a: Tyranitar|Rock Slide|p2a: Starmie|[miss]\n|-miss|p1a: Tyranitar\n|\n|-heal|p2a: Starmie|85\/100|[from] item: Leftovers\n|-sideend|p2: SIPPIN ON THAT|move: Light Screen\n|upkeep\n|turn|58\n|\n|t:|1655567599\n|move|p2a: Starmie|Surf|p1a: Tyranitar\n|-supereffective|p1a: Tyranitar\n|-damage|p1a: Tyranitar|44\/100\n|move|p1a: Tyranitar|Rock Slide|p2a: Starmie\n|-crit|p2a: Starmie\n|-damage|p2a: Starmie|10\/100\n|\n|-heal|p2a: Starmie|16\/100|[from] item: Leftovers\n|-heal|p1a: Tyranitar|50\/100|[from] item: Leftovers\n|upkeep\n|turn|59\n|\n|t:|1655567603\n|switch|p1a: Zapdos|Zapdos|100\/100\n|move|p2a: Starmie|Recover|p2a: Starmie\n|-heal|p2a: Starmie|66\/100\n|\n|-heal|p2a: Starmie|73\/100|[from] item: Leftovers\n|upkeep\n|turn|60\n|\n|t:|1655567606\n|switch|p2a: Blissey|Blissey, F|100\/100\n|switch|p1a: Tyranitar|Tyranitar, M|50\/100\n|\n|-heal|p1a: Tyranitar|56\/100|[from] item: Leftovers\n|upkeep\n|turn|61\n|\n|t:|1655567609\n|move|p1a: Tyranitar|Rock Slide|p2a: Blissey\n|-damage|p2a: Blissey|61\/100\n|move|p2a: Blissey|Light Screen|p2a: Blissey\n|-sidestart|p2: SIPPIN ON THAT|move: Light Screen\n|\n|-heal|p1a: Tyranitar|62\/100|[from] item: Leftovers\n|-heal|p2a: Blissey|67\/100|[from] item: Leftovers\n|upkeep\n|turn|62\n|\n|t:|1655567612\n|switch|p2a: Starmie|Starmie|73\/100\n|move|p1a: Tyranitar|Rock Slide|p2a: Starmie\n|-damage|p2a: Starmie|35\/100\n|\n|-heal|p2a: Starmie|42\/100|[from] item: Leftovers\n|-heal|p1a: Tyranitar|68\/100|[from] item: Leftovers\n|upkeep\n|turn|63\n|j| BlueFins\u02d9\u035c\u02d9\n|\n|t:|1655567616\n|move|p2a: Starmie|Surf|p1a: Tyranitar\n|-supereffective|p1a: Tyranitar\n|-damage|p1a: Tyranitar|11\/100\n|move|p1a: Tyranitar|Rock Slide|p2a: Starmie\n|-damage|p2a: Starmie|7\/100\n|\n|-heal|p2a: Starmie|14\/100|[from] item: Leftovers\n|-heal|p1a: Tyranitar|18\/100|[from] item: Leftovers\n|upkeep\n|turn|64\n|c|\u2606Sp0onl0rd|Gg\n|\n|t:|1655567622\n|move|p2a: Starmie|Recover|p2a: Starmie\n|-heal|p2a: Starmie|64\/100\n|move|p1a: Tyranitar|Rock Slide|p2a: Starmie\n|-damage|p2a: Starmie|29\/100\n|\n|-heal|p2a: Starmie|35\/100|[from] item: Leftovers\n|-heal|p1a: Tyranitar|24\/100|[from] item: Leftovers\n|upkeep\n|turn|65\n|c|\u2606SIPPIN ON THAT|gg\n|\n|t:|1655567625\n|move|p2a: Starmie|Surf|p1a: Tyranitar\n|-supereffective|p1a: Tyranitar\n|-damage|p1a: Tyranitar|0 fnt\n|faint|p1a: Tyranitar\n|\n|t:|1655567627\n|switch|p1a: Zapdos|Zapdos|100\/100\n|\n|-heal|p2a: Starmie|41\/100|[from] item: Leftovers\n|-sideend|p2: SIPPIN ON THAT|move: Light Screen\n|upkeep\n|turn|66\n|\n|t:|1655567631\n|move|p2a: Starmie|Psychic|p1a: Zapdos\n|-damage|p1a: Zapdos|72\/100\n|move|p1a: Zapdos|Thunder|p2a: Starmie|[miss]\n|-miss|p1a: Zapdos\n|\n|-heal|p2a: Starmie|47\/100|[from] item: Leftovers\n|-heal|p1a: Zapdos|78\/100|[from] item: Leftovers\n|upkeep\n|turn|67\n|\n|t:|1655567633\n|move|p2a: Starmie|Psychic|p1a: Zapdos\n|-damage|p1a: Zapdos|48\/100\n|move|p1a: Zapdos|Thunder|p2a: Starmie|[miss]\n|-miss|p1a: Zapdos\n|\n|-heal|p2a: Starmie|53\/100|[from] item: Leftovers\n|-heal|p1a: Zapdos|54\/100|[from] item: Leftovers\n|upkeep\n|turn|68\n|\n|t:|1655567634\n|move|p2a: Starmie|Psychic|p1a: Zapdos\n|-damage|p1a: Zapdos|24\/100\n|-unboost|p1a: Zapdos|spd|1\n|move|p1a: Zapdos|Thunder|p2a: Starmie|[miss]\n|-miss|p1a: Zapdos\n|\n|-heal|p2a: Starmie|60\/100|[from] item: Leftovers\n|-heal|p1a: Zapdos|30\/100|[from] item: Leftovers\n|upkeep\n|turn|69\n|\n|t:|1655567637\n|move|p2a: Starmie|Psychic|p1a: Zapdos\n|-damage|p1a: Zapdos|0 fnt\n|faint|p1a: Zapdos\n|\n|win|SIPPIN ON THAT\n|n|\u2606Sp0onl0rd|sp0onl0rd\n|n|\u2606SIPPIN ON THAT|sippinonthat\n|n| ThisIsntHilarious|thisisnthilarious\n|n| amstan|amstan\n|n| Mystical Eonis|mysticaleonis\n|n| SetsuStsna|setsustsna\n|n| BlueFins\u02d9\u035c\u02d9|bluefins\n","uploadtime":1655567638,"views":14,"p1id":"sp0onl0rd","p2id":"sippinonthat","formatid":"gen2ou","rating":0,"private":0,"password":null}