{"id":"gen2randombattle-1412199107","p1":"Beard Oil \u271d\ufe0f","p2":"The Last Hero","format":"gen2randombattle","log":"|j|\u2606Beard Oil \u271d\ufe0f\n|j|\u2606The Last Hero\n|t:|1631047119\n|gametype|singles\n|player|p1|Beard Oil \u271d\ufe0f|drayden|\n|player|p2|The Last Hero|acetrainersnow|\n|teamsize|p1|6\n|teamsize|p2|6\n|gen|2\n|tier|[Gen 2] Random Battle\n|rated|Tournament battle\n|rule|Sleep Clause Mod: Limit one foe put to sleep\n|rule|Freeze Clause Mod: Limit one foe frozen\n|rule|Species Clause: Limit one of each Pok\u00e9mon\n|rule|OHKO Clause: OHKO moves are banned\n|rule|Evasion Moves Clause: Evasion moves are banned\n|rule|Endless Battle Clause: Forcing endless battles is banned\n|rule|HP Percentage Mod: HP is shown in percentages\n|\n|t:|1631047119\n|start\n|switch|p1a: Ho-Oh|Ho-Oh, L61|247\/247\n|switch|p2a: Electabuzz|Electabuzz, L69, M|232\/232\n|turn|1\n|j| BB-8-NU\n|j| blackkaiser\n|j| Gobi \u263a\n|inactive|Battle timer is ON: inactive players will automatically lose when time's up. (requested by The Last Hero)\n|j| Hai Kakka\n|j| Cinnmma \u266a\u266a\n|c|\u2606Beard Oil \u271d\ufe0f|the last Hero vs the king of Beards: it will be a great fight indeed.\n|j| BlueArk\n|c|\u2606Beard Oil \u271d\ufe0f|glhf\n|j|#FOMG\n|c|\u2606The Last Hero|same\n|\n|t:|1631047157\n|switch|p1a: Hitmontop|Hitmontop, L73, M|218\/218\n|move|p2a: Electabuzz|Thunderbolt|p1a: Hitmontop\n|-damage|p1a: Hitmontop|148\/218\n|\n|-heal|p1a: Hitmontop|161\/218|[from] item: Leftovers\n|upkeep\n|turn|2\n|j| FutherMucker\n|l| FutherMucker\n|j| FutherMucker\n|\n|t:|1631047170\n|move|p2a: Electabuzz|Psychic|p1a: Hitmontop\n|-supereffective|p1a: Hitmontop\n|-damage|p1a: Hitmontop|83\/218\n|move|p1a: Hitmontop|High Jump Kick|p2a: Electabuzz\n|-damage|p2a: Electabuzz|121\/232\n|\n|-heal|p2a: Electabuzz|135\/232|[from] item: Leftovers\n|-heal|p1a: Hitmontop|96\/218|[from] item: Leftovers\n|upkeep\n|turn|3\n|l| FutherMucker\n|\n|t:|1631047179\n|move|p2a: Electabuzz|Psychic|p1a: Hitmontop\n|-supereffective|p1a: Hitmontop\n|-damage|p1a: Hitmontop|10\/218\n|move|p1a: Hitmontop|Rest|p1a: Hitmontop\n|-status|p1a: Hitmontop|slp|[from] move: Rest\n|-heal|p1a: Hitmontop|218\/218 slp|[silent]\n|\n|-heal|p2a: Electabuzz|149\/232|[from] item: Leftovers\n|upkeep\n|turn|4\n|\n|t:|1631047193\n|switch|p2a: Exeggutor|Exeggutor, L65, M|243\/243\n|cant|p1a: Hitmontop|slp\n|move|p1a: Hitmontop|Sleep Talk|p1a: Hitmontop\n|move|p1a: Hitmontop|Rest|p1a: Hitmontop|[from]Sleep Talk\n|-fail|p1a: Hitmontop\n|\n|upkeep\n|turn|5\n|\n|t:|1631047200\n|cant|p1a: Hitmontop|slp\n|move|p1a: Hitmontop|Sleep Talk|p1a: Hitmontop\n|move|p1a: Hitmontop|Rest|p1a: Hitmontop|[from]Sleep Talk\n|-fail|p1a: Hitmontop\n|move|p2a: Exeggutor|Psychic|p1a: Hitmontop\n|-supereffective|p1a: Hitmontop\n|-damage|p1a: Hitmontop|74\/218 slp\n|\n|-heal|p1a: Hitmontop|87\/218 slp|[from] item: Leftovers\n|upkeep\n|turn|6\n|\n|t:|1631047209\n|switch|p1a: Blissey|Blissey, L65, F|466\/466\n|move|p2a: Exeggutor|Sleep Powder|p1a: Blissey\n|-status|p1a: Blissey|slp|[from] move: Sleep Powder\n|\n|upkeep\n|turn|7\n|j| AtroNx\n|\n|t:|1631047220\n|switch|p2a: Electabuzz|Electabuzz, L69, M|149\/232\n|switch|p1a: Tyranitar|Tyranitar, L65, M|265\/265\n|\n|-heal|p2a: Electabuzz|163\/232|[from] item: Leftovers\n|upkeep\n|turn|8\n|\n|t:|1631047229\n|switch|p1a: Mewtwo|Mewtwo, L61|257\/257\n|move|p2a: Electabuzz|Cross Chop|p1a: Mewtwo|[miss]\n|-miss|p2a: Electabuzz\n|\n|-heal|p2a: Electabuzz|177\/232|[from] item: Leftovers\n|upkeep\n|turn|9\n|c|\u2606The Last Hero|oh, damn\n|\n|t:|1631047237\n|switch|p2a: Alakazam|Alakazam, L67, M|213\/213\n|move|p1a: Mewtwo|Psychic|p2a: Alakazam\n|-resisted|p2a: Alakazam\n|-damage|p2a: Alakazam|168\/213\n|\n|-heal|p2a: Alakazam|181\/213|[from] item: Leftovers\n|upkeep\n|turn|10\n|\n|t:|1631047242\n|switch|p1a: Tyranitar|Tyranitar, L65, M|265\/265\n|move|p2a: Alakazam|Encore|p1a: Tyranitar\n|-fail|p1a: Tyranitar\n|\n|-heal|p2a: Alakazam|194\/213|[from] item: Leftovers\n|upkeep\n|turn|11\n|\n|t:|1631047247\n|-activate|p2a: Alakazam|move: Pursuit\n|move|p1a: Tyranitar|Pursuit|p2a: Alakazam|[from]Pursuit\n|-supereffective|p2a: Alakazam\n|-damage|p2a: Alakazam|72\/213\n|switch|p2a: Smeargle|Smeargle, L67, M|213\/213\n|\n|upkeep\n|turn|12\n|\n|t:|1631047256\n|move|p2a: Smeargle|Spikes|p1a: Tyranitar\n|-sidestart|p1: Beard Oil \u271d\ufe0f|Spikes\n|move|p1a: Tyranitar|Curse|p1a: Tyranitar\n|-unboost|p1a: Tyranitar|spe|1\n|-boost|p1a: Tyranitar|atk|1\n|-boost|p1a: Tyranitar|def|1\n|\n|upkeep\n|turn|13\n|\n|t:|1631047260\n|move|p2a: Smeargle|Baton Pass|p2a: Smeargle\n|\n|t:|1631047262\n|switch|p2a: Machamp|Machamp, L65, M|252\/252\n|move|p1a: Tyranitar|Rock Slide|p2a: Machamp\n|-resisted|p2a: Machamp\n|-damage|p2a: Machamp|186\/252\n|\n|-heal|p2a: Machamp|201\/252|[from] item: Leftovers\n|upkeep\n|turn|14\n|\n|t:|1631047272\n|switch|p2a: Electabuzz|Electabuzz, L69, M|177\/232\n|switch|p1a: Ho-Oh|Ho-Oh, L61|247\/247\n|\n|-heal|p2a: Electabuzz|191\/232|[from] item: Leftovers\n|upkeep\n|turn|15\n|\n|t:|1631047278\n|switch|p1a: Blissey|Blissey, L65, F|466\/466 slp\n|-damage|p1a: Blissey|408\/466 slp|[from] Spikes\n|move|p2a: Electabuzz|Thunderbolt|p1a: Blissey\n|-damage|p1a: Blissey|341\/466 slp\n|\n|-heal|p2a: Electabuzz|205\/232|[from] item: Leftovers\n|-heal|p1a: Blissey|370\/466 slp|[from] item: Leftovers\n|upkeep\n|turn|16\n|j| vepp\n|\n|t:|1631047283\n|switch|p1a: Mewtwo|Mewtwo, L61|257\/257\n|-damage|p1a: Mewtwo|225\/257|[from] Spikes\n|move|p2a: Electabuzz|Thunderbolt|p1a: Mewtwo\n|-damage|p1a: Mewtwo|132\/257\n|\n|-heal|p1a: Mewtwo|148\/257|[from] item: Leftovers\n|-heal|p2a: Electabuzz|219\/232|[from] item: Leftovers\n|upkeep\n|turn|17\n|\n|t:|1631047289\n|move|p1a: Mewtwo|Recover|p1a: Mewtwo\n|-heal|p1a: Mewtwo|257\/257\n|move|p2a: Electabuzz|Thunderbolt|p1a: Mewtwo\n|-damage|p1a: Mewtwo|160\/257\n|\n|-heal|p1a: Mewtwo|176\/257|[from] item: Leftovers\n|-heal|p2a: Electabuzz|232\/232|[from] item: Leftovers\n|upkeep\n|turn|18\n|\n|t:|1631047292\n|move|p1a: Mewtwo|Psychic|p2a: Electabuzz\n|-damage|p2a: Electabuzz|139\/232\n|move|p2a: Electabuzz|Thunderbolt|p1a: Mewtwo\n|-damage|p1a: Mewtwo|78\/257\n|\n|-heal|p1a: Mewtwo|94\/257|[from] item: Leftovers\n|-heal|p2a: Electabuzz|153\/232|[from] item: Leftovers\n|upkeep\n|turn|19\n|\n|t:|1631047296\n|move|p1a: Mewtwo|Recover|p1a: Mewtwo\n|-heal|p1a: Mewtwo|223\/257\n|move|p2a: Electabuzz|Thunderbolt|p1a: Mewtwo\n|-damage|p1a: Mewtwo|128\/257\n|\n|-heal|p1a: Mewtwo|144\/257|[from] item: Leftovers\n|-heal|p2a: Electabuzz|167\/232|[from] item: Leftovers\n|upkeep\n|turn|20\n|\n|t:|1631047299\n|move|p1a: Mewtwo|Recover|p1a: Mewtwo\n|-heal|p1a: Mewtwo|257\/257\n|move|p2a: Electabuzz|Thunderbolt|p1a: Mewtwo\n|-damage|p1a: Mewtwo|172\/257\n|-status|p1a: Mewtwo|par\n|\n|-heal|p2a: Electabuzz|181\/232|[from] item: Leftovers\n|-heal|p1a: Mewtwo|188\/257 par|[from] item: Leftovers\n|upkeep\n|turn|21\n|\n|t:|1631047308\n|switch|p1a: Hitmontop|Hitmontop, L73, M|87\/218 slp\n|-damage|p1a: Hitmontop|60\/218 slp|[from] Spikes\n|move|p2a: Electabuzz|Thunderbolt|p1a: Hitmontop\n|-damage|p1a: Hitmontop|0 fnt\n|faint|p1a: Hitmontop\n|\n|t:|1631047314\n|switch|p1a: Pidgeot|Pidgeot, L73, M|260\/260\n|\n|-heal|p2a: Electabuzz|195\/232|[from] item: Leftovers\n|upkeep\n|turn|22\n|\n|t:|1631047322\n|switch|p2a: Piloswine|Piloswine, L69, M|281\/281\n|move|p1a: Pidgeot|Hidden Power|p2a: Piloswine\n|-damage|p2a: Piloswine|238\/281\n|\n|-heal|p2a: Piloswine|255\/281|[from] item: Leftovers\n|upkeep\n|turn|23\n|\n|t:|1631047330\n|switch|p1a: Ho-Oh|Ho-Oh, L61|247\/247\n|switch|p2a: Smeargle|Smeargle, L67, M|213\/213\n|\n|upkeep\n|turn|24\n|\n|t:|1631047339\n|move|p1a: Ho-Oh|Thunder|p2a: Smeargle\n|-damage|p2a: Smeargle|117\/213\n|move|p2a: Smeargle|Agility|p2a: Smeargle\n|-boost|p2a: Smeargle|spe|2\n|\n|-heal|p2a: Smeargle|130\/213|[from] item: Leftovers\n|upkeep\n|turn|25\n|\n|t:|1631047351\n|move|p2a: Smeargle|Spore|p1a: Ho-Oh\n|-message|Sleep Clause Mod activated.\n|move|p1a: Ho-Oh|Sacred Fire|p2a: Smeargle\n|-damage|p2a: Smeargle|11\/213\n|\n|-heal|p2a: Smeargle|24\/213|[from] item: Leftovers\n|upkeep\n|turn|26\n|\n|t:|1631047359\n|move|p2a: Smeargle|Spore|p1a: Ho-Oh\n|-message|Sleep Clause Mod activated.\n|move|p1a: Ho-Oh|Sacred Fire|p2a: Smeargle\n|-damage|p2a: Smeargle|0 fnt\n|faint|p2a: Smeargle\n|\n|t:|1631047361\n|switch|p2a: Electabuzz|Electabuzz, L69, M|195\/232\n|\n|-heal|p2a: Electabuzz|209\/232|[from] item: Leftovers\n|upkeep\n|turn|27\n|j| Golgo88\n|\n|t:|1631047367\n|switch|p1a: Blissey|Blissey, L65, F|370\/466 slp\n|-damage|p1a: Blissey|312\/466 slp|[from] Spikes\n|move|p2a: Electabuzz|Thunderbolt|p1a: Blissey\n|-damage|p1a: Blissey|244\/466 slp\n|\n|-heal|p2a: Electabuzz|223\/232|[from] item: Leftovers\n|-heal|p1a: Blissey|273\/466 slp|[from] item: Leftovers\n|upkeep\n|turn|28\n|\n|t:|1631047372\n|move|p2a: Electabuzz|Cross Chop|p1a: Blissey\n|-supereffective|p1a: Blissey\n|-damage|p1a: Blissey|26\/466 slp\n|cant|p1a: Blissey|slp\n|\n|-heal|p2a: Electabuzz|232\/232|[from] item: Leftovers\n|-heal|p1a: Blissey|55\/466 slp|[from] item: Leftovers\n|upkeep\n|turn|29\n|j| MyNameIsYubel\n|\n|t:|1631047375\n|move|p2a: Electabuzz|Thunderbolt|p1a: Blissey\n|-damage|p1a: Blissey|0 fnt\n|faint|p1a: Blissey\n|c|\u2606Beard Oil \u271d\ufe0f|the coverage of electabuzz is actually broken\n|c|\u2606The Last Hero|it is\n|\n|t:|1631047400\n|switch|p1a: Pidgeot|Pidgeot, L73, M|260\/260\n|\n|upkeep\n|turn|30\n|\n|t:|1631047404\n|move|p2a: Electabuzz|Thunderbolt|p1a: Pidgeot\n|-crit|p1a: Pidgeot\n|-supereffective|p1a: Pidgeot\n|-damage|p1a: Pidgeot|0 fnt\n|faint|p1a: Pidgeot\n|\n|t:|1631047410\n|switch|p1a: Mewtwo|Mewtwo, L61|188\/257 par\n|-damage|p1a: Mewtwo|156\/257 par|[from] Spikes\n|\n|-heal|p1a: Mewtwo|172\/257 par|[from] item: Leftovers\n|upkeep\n|turn|31\n|c|\u2606Beard Oil \u271d\ufe0f|the para hax on mewtwo didnt help either\n|\n|t:|1631047425\n|move|p2a: Electabuzz|Thunderbolt|p1a: Mewtwo\n|-damage|p1a: Mewtwo|86\/257 par\n|move|p1a: Mewtwo|Recover|p1a: Mewtwo\n|-heal|p1a: Mewtwo|215\/257 par\n|\n|-heal|p1a: Mewtwo|231\/257 par|[from] item: Leftovers\n|upkeep\n|turn|32\n|\n|t:|1631047428\n|move|p2a: Electabuzz|Thunderbolt|p1a: Mewtwo\n|-damage|p1a: Mewtwo|147\/257 par\n|move|p1a: Mewtwo|Psychic|p2a: Electabuzz\n|-damage|p2a: Electabuzz|138\/232\n|\n|-heal|p2a: Electabuzz|152\/232|[from] item: Leftovers\n|-heal|p1a: Mewtwo|163\/257 par|[from] item: Leftovers\n|upkeep\n|turn|33\n|\n|t:|1631047431\n|move|p2a: Electabuzz|Thunderbolt|p1a: Mewtwo\n|-damage|p1a: Mewtwo|71\/257 par\n|move|p1a: Mewtwo|Recover|p1a: Mewtwo\n|-heal|p1a: Mewtwo|200\/257 par\n|\n|-heal|p2a: Electabuzz|166\/232|[from] item: Leftovers\n|-heal|p1a: Mewtwo|216\/257 par|[from] item: Leftovers\n|upkeep\n|turn|34\n|\n|t:|1631047437\n|switch|p2a: Alakazam|Alakazam, L67, M|72\/213\n|move|p1a: Mewtwo|Psychic|p2a: Alakazam\n|-resisted|p2a: Alakazam\n|-damage|p2a: Alakazam|26\/213\n|\n|-heal|p2a: Alakazam|39\/213|[from] item: Leftovers\n|-heal|p1a: Mewtwo|232\/257 par|[from] item: Leftovers\n|upkeep\n|turn|35\n|\n|t:|1631047442\n|move|p2a: Alakazam|Recover|p2a: Alakazam\n|-heal|p2a: Alakazam|146\/213\n|move|p1a: Mewtwo|Thunderbolt|p2a: Alakazam\n|-damage|p2a: Alakazam|81\/213\n|\n|-heal|p2a: Alakazam|94\/213|[from] item: Leftovers\n|-heal|p1a: Mewtwo|248\/257 par|[from] item: Leftovers\n|upkeep\n|turn|36\n|\n|t:|1631047445\n|move|p2a: Alakazam|Recover|p2a: Alakazam\n|-heal|p2a: Alakazam|201\/213\n|move|p1a: Mewtwo|Thunderbolt|p2a: Alakazam\n|-damage|p2a: Alakazam|140\/213\n|\n|-heal|p2a: Alakazam|153\/213|[from] item: Leftovers\n|-heal|p1a: Mewtwo|257\/257 par|[from] item: Leftovers\n|upkeep\n|turn|37\n|\n|t:|1631047452\n|switch|p1a: Tyranitar|Tyranitar, L65, M|265\/265\n|-damage|p1a: Tyranitar|232\/265|[from] Spikes\n|move|p2a: Alakazam|Thunder Punch|p1a: Tyranitar\n|-damage|p1a: Tyranitar|185\/265\n|\n|-heal|p2a: Alakazam|166\/213|[from] item: Leftovers\n|-heal|p1a: Tyranitar|201\/265|[from] item: Leftovers\n|upkeep\n|turn|38\n|\n|t:|1631047463\n|switch|p1a: Ho-Oh|Ho-Oh, L61|247\/247\n|move|p2a: Alakazam|Thunder Punch|p1a: Ho-Oh\n|-supereffective|p1a: Ho-Oh\n|-damage|p1a: Ho-Oh|172\/247\n|-status|p1a: Ho-Oh|par\n|\n|-heal|p2a: Alakazam|179\/213|[from] item: Leftovers\n|-heal|p1a: Ho-Oh|187\/247 par|[from] item: Leftovers\n|upkeep\n|turn|39\n|l| MyNameIsYubel\n|c|\u2606Beard Oil \u271d\ufe0f|!dt thunder punch\n|raw|<ul class=\"utilichart\"><li class=\"result\"><span class=\"col movenamecol\"><a href=\"https:\/\/dex.pokemonshowdown.com\/moves\/thunderpunch\">Thunder Punch<\/a><\/span> <span class=\"col typecol\"><img src=\"\/\/play.pokemonshowdown.com\/sprites\/types\/Electric.png\" alt=\"Electric\" width=\"32\" height=\"14\"><img src=\"\/\/play.pokemonshowdown.com\/sprites\/categories\/Special.png\" alt=\"Special\" width=\"32\" height=\"14\"><\/span> <span class=\"col labelcol\"><em>Power<\/em><br>75<\/span> <span class=\"col widelabelcol\"><em>Accuracy<\/em><br>100%<\/span> <span class=\"col pplabelcol\"><em>PP<\/em><br>24<\/span> <span class=\"col movedesccol\">10% chance to paralyze the target.<\/span> <\/li><li style=\"clear:both\"><\/li><\/ul>\n|raw|<font size=\"1\"><font color=\"#686868\">Priority:<\/font> 0&nbsp;|&ThickSpace;<font color=\"#686868\">Gen:<\/font> 1&nbsp;|&ThickSpace;&#10003; Secondary effect&nbsp;|&ThickSpace;&#10003; Contact&nbsp;|&ThickSpace;&#10003; Punch&nbsp;|&ThickSpace;<font color=\"#686868\">Target:<\/font> One Adjacent Pok\u00e9mon<\/font>\n\n|c|\u2606Beard Oil \u271d\ufe0f|10% o-o\n|\n|t:|1631047487\n|switch|p2a: Machamp|Machamp, L65, M|201\/252\n|move|p1a: Ho-Oh|Sacred Fire|p2a: Machamp\n|-damage|p2a: Machamp|121\/252\n|\n|-heal|p2a: Machamp|136\/252|[from] item: Leftovers\n|-heal|p1a: Ho-Oh|202\/247 par|[from] item: Leftovers\n|upkeep\n|turn|40\n|inactive|Beard Oil \u271d\ufe0f has 120 seconds left.\n|l| BlueArk\n|c|\u2606Beard Oil \u271d\ufe0f|my sacred fire is 50% and i never burn you\n|c|\u2606Beard Oil \u271d\ufe0f|ok\n|\n|t:|1631047518\n|move|p2a: Machamp|Rest|p2a: Machamp\n|-status|p2a: Machamp|slp|[from] move: Rest\n|-heal|p2a: Machamp|252\/252 slp|[silent]\n|move|p1a: Ho-Oh|Sacred Fire|p2a: Machamp\n|-damage|p2a: Machamp|176\/252 slp\n|\n|-heal|p2a: Machamp|191\/252 slp|[from] item: Leftovers\n|-heal|p1a: Ho-Oh|217\/247 par|[from] item: Leftovers\n|upkeep\n|turn|41\n|\n|t:|1631047523\n|switch|p1a: Mewtwo|Mewtwo, L61|257\/257 par\n|-damage|p1a: Mewtwo|225\/257 par|[from] Spikes\n|cant|p2a: Machamp|slp\n|move|p2a: Machamp|Sleep Talk|p2a: Machamp\n|move|p2a: Machamp|Rest|p2a: Machamp|[from]Sleep Talk\n|-status|p2a: Machamp|slp|[from] move: Rest\n|-heal|p2a: Machamp|252\/252 slp|[silent]\n|\n|-heal|p1a: Mewtwo|241\/257 par|[from] item: Leftovers\n|upkeep\n|turn|42\n|\n|t:|1631047526\n|switch|p2a: Alakazam|Alakazam, L67, M|179\/213\n|move|p1a: Mewtwo|Psychic|p2a: Alakazam\n|-crit|p2a: Alakazam\n|-resisted|p2a: Alakazam\n|-damage|p2a: Alakazam|94\/213\n|\n|-heal|p2a: Alakazam|107\/213|[from] item: Leftovers\n|-heal|p1a: Mewtwo|257\/257 par|[from] item: Leftovers\n|upkeep\n|turn|43\n|\n|t:|1631047529\n|move|p2a: Alakazam|Recover|p2a: Alakazam\n|-heal|p2a: Alakazam|213\/213\n|move|p1a: Mewtwo|Thunderbolt|p2a: Alakazam\n|-damage|p2a: Alakazam|146\/213\n|\n|-heal|p2a: Alakazam|159\/213|[from] item: Leftovers\n|upkeep\n|turn|44\n|\n|t:|1631047532\n|move|p2a: Alakazam|Thunder Punch|p1a: Mewtwo\n|-damage|p1a: Mewtwo|199\/257 par\n|move|p1a: Mewtwo|Thunderbolt|p2a: Alakazam\n|-damage|p2a: Alakazam|90\/213\n|\n|-heal|p2a: Alakazam|103\/213|[from] item: Leftovers\n|-heal|p1a: Mewtwo|215\/257 par|[from] item: Leftovers\n|upkeep\n|turn|45\n|\n|t:|1631047535\n|move|p2a: Alakazam|Recover|p2a: Alakazam\n|-heal|p2a: Alakazam|210\/213\n|move|p1a: Mewtwo|Thunderbolt|p2a: Alakazam\n|-crit|p2a: Alakazam\n|-damage|p2a: Alakazam|90\/213\n|\n|-heal|p2a: Alakazam|103\/213|[from] item: Leftovers\n|-heal|p1a: Mewtwo|231\/257 par|[from] item: Leftovers\n|upkeep\n|turn|46\n|\n|t:|1631047538\n|move|p2a: Alakazam|Recover|p2a: Alakazam\n|-heal|p2a: Alakazam|210\/213\n|move|p1a: Mewtwo|Thunderbolt|p2a: Alakazam\n|-damage|p2a: Alakazam|145\/213\n|\n|-heal|p2a: Alakazam|158\/213|[from] item: Leftovers\n|-heal|p1a: Mewtwo|247\/257 par|[from] item: Leftovers\n|upkeep\n|turn|47\n|\n|t:|1631047542\n|switch|p2a: Piloswine|Piloswine, L69, M|255\/281\n|move|p1a: Mewtwo|Thunderbolt|p2a: Piloswine\n|-immune|p2a: Piloswine\n|\n|-heal|p2a: Piloswine|272\/281|[from] item: Leftovers\n|-heal|p1a: Mewtwo|257\/257 par|[from] item: Leftovers\n|upkeep\n|turn|48\n|\n|t:|1631047546\n|switch|p2a: Alakazam|Alakazam, L67, M|158\/213\n|move|p1a: Mewtwo|Psychic|p2a: Alakazam\n|-resisted|p2a: Alakazam\n|-damage|p2a: Alakazam|114\/213\n|\n|-heal|p2a: Alakazam|127\/213|[from] item: Leftovers\n|upkeep\n|turn|49\n|\n|t:|1631047550\n|move|p2a: Alakazam|Encore|p1a: Mewtwo\n|-start|p1a: Mewtwo|Encore\n|move|p1a: Mewtwo|Psychic|p2a: Alakazam\n|-resisted|p2a: Alakazam\n|-damage|p2a: Alakazam|85\/213\n|-unboost|p2a: Alakazam|spd|1\n|\n|-heal|p2a: Alakazam|98\/213|[from] item: Leftovers\n|upkeep\n|turn|50\n|\n|t:|1631047553\n|switch|p2a: Exeggutor|Exeggutor, L65, M|243\/243\n|cant|p1a: Mewtwo|par\n|\n|upkeep\n|turn|51\n|\n|t:|1631047556\n|switch|p2a: Alakazam|Alakazam, L67, M|98\/213\n|switch|p1a: Ho-Oh|Ho-Oh, L61|217\/247 par\n|\n|-heal|p2a: Alakazam|111\/213|[from] item: Leftovers\n|-heal|p1a: Ho-Oh|232\/247 par|[from] item: Leftovers\n|upkeep\n|turn|52\n|\n|t:|1631047560\n|switch|p2a: Machamp|Machamp, L65, M|252\/252 slp\n|move|p1a: Ho-Oh|Hidden Power|p2a: Machamp\n|-supereffective|p2a: Machamp\n|-damage|p2a: Machamp|111\/252 slp\n|\n|-heal|p2a: Machamp|126\/252 slp|[from] item: Leftovers\n|-heal|p1a: Ho-Oh|247\/247 par|[from] item: Leftovers\n|upkeep\n|turn|53\n|\n|t:|1631047568\n|cant|p2a: Machamp|slp\n|move|p2a: Machamp|Sleep Talk|p2a: Machamp\n|move|p2a: Machamp|Curse|p2a: Machamp|[from]Sleep Talk\n|-unboost|p2a: Machamp|spe|1\n|-boost|p2a: Machamp|atk|1\n|-boost|p2a: Machamp|def|1\n|move|p1a: Ho-Oh|Hidden Power|p2a: Machamp\n|-supereffective|p2a: Machamp\n|-damage|p2a: Machamp|38\/252 slp\n|\n|-heal|p2a: Machamp|53\/252 slp|[from] item: Leftovers\n|upkeep\n|turn|54\n|\n|t:|1631047572\n|cant|p2a: Machamp|slp\n|move|p2a: Machamp|Sleep Talk|p2a: Machamp\n|move|p2a: Machamp|Rest|p2a: Machamp|[from]Sleep Talk\n|-status|p2a: Machamp|slp|[from] move: Rest\n|-heal|p2a: Machamp|252\/252 slp|[silent]\n|move|p1a: Ho-Oh|Hidden Power|p2a: Machamp\n|-supereffective|p2a: Machamp\n|-damage|p2a: Machamp|167\/252 slp\n|\n|-heal|p2a: Machamp|182\/252 slp|[from] item: Leftovers\n|upkeep\n|turn|55\n|\n|t:|1631047575\n|cant|p2a: Machamp|slp\n|move|p2a: Machamp|Sleep Talk|p2a: Machamp\n|move|p2a: Machamp|Rest|p2a: Machamp|[from]Sleep Talk\n|-status|p2a: Machamp|slp|[from] move: Rest\n|-heal|p2a: Machamp|252\/252 slp|[silent]\n|move|p1a: Ho-Oh|Hidden Power|p2a: Machamp\n|-supereffective|p2a: Machamp\n|-damage|p2a: Machamp|165\/252 slp\n|\n|-heal|p2a: Machamp|180\/252 slp|[from] item: Leftovers\n|upkeep\n|turn|56\n|\n|t:|1631047580\n|cant|p2a: Machamp|slp\n|move|p2a: Machamp|Sleep Talk|p2a: Machamp\n|move|p2a: Machamp|Cross Chop|p1a: Ho-Oh|[from]Sleep Talk\n|-crit|p1a: Ho-Oh\n|-resisted|p1a: Ho-Oh\n|-damage|p1a: Ho-Oh|88\/247 par\n|move|p1a: Ho-Oh|Hidden Power|p2a: Machamp\n|-supereffective|p2a: Machamp\n|-damage|p2a: Machamp|86\/252 slp\n|\n|-heal|p2a: Machamp|101\/252 slp|[from] item: Leftovers\n|-heal|p1a: Ho-Oh|103\/247 par|[from] item: Leftovers\n|upkeep\n|turn|57\n|\n|t:|1631047584\n|cant|p2a: Machamp|slp\n|move|p2a: Machamp|Sleep Talk|p2a: Machamp\n|move|p2a: Machamp|Curse|p2a: Machamp|[from]Sleep Talk\n|-unboost|p2a: Machamp|spe|1\n|-boost|p2a: Machamp|atk|1\n|-boost|p2a: Machamp|def|1\n|cant|p1a: Ho-Oh|par\n|\n|-heal|p2a: Machamp|116\/252 slp|[from] item: Leftovers\n|-heal|p1a: Ho-Oh|118\/247 par|[from] item: Leftovers\n|upkeep\n|turn|58\n|\n|t:|1631047588\n|-curestatus|p2a: Machamp|slp|[msg]\n|move|p2a: Machamp|Cross Chop|p1a: Ho-Oh\n|-resisted|p1a: Ho-Oh\n|-damage|p1a: Ho-Oh|3\/247 par\n|move|p1a: Ho-Oh|Recover|p1a: Ho-Oh\n|-heal|p1a: Ho-Oh|127\/247 par\n|\n|-heal|p2a: Machamp|131\/252|[from] item: Leftovers\n|-heal|p1a: Ho-Oh|142\/247 par|[from] item: Leftovers\n|upkeep\n|turn|59\n|\n|t:|1631047593\n|move|p2a: Machamp|Cross Chop|p1a: Ho-Oh\n|-resisted|p1a: Ho-Oh\n|-damage|p1a: Ho-Oh|26\/247 par\n|move|p1a: Ho-Oh|Recover|p1a: Ho-Oh\n|-heal|p1a: Ho-Oh|150\/247 par\n|\n|-heal|p2a: Machamp|146\/252|[from] item: Leftovers\n|-heal|p1a: Ho-Oh|165\/247 par|[from] item: Leftovers\n|upkeep\n|turn|60\n|\n|t:|1631047595\n|move|p2a: Machamp|Cross Chop|p1a: Ho-Oh\n|-resisted|p1a: Ho-Oh\n|-damage|p1a: Ho-Oh|57\/247 par\n|move|p1a: Ho-Oh|Recover|p1a: Ho-Oh\n|-heal|p1a: Ho-Oh|181\/247 par\n|\n|-heal|p2a: Machamp|161\/252|[from] item: Leftovers\n|-heal|p1a: Ho-Oh|196\/247 par|[from] item: Leftovers\n|upkeep\n|turn|61\n|\n|t:|1631047600\n|move|p2a: Machamp|Curse|p2a: Machamp\n|-unboost|p2a: Machamp|spe|1\n|-boost|p2a: Machamp|atk|1\n|-boost|p2a: Machamp|def|1\n|move|p1a: Ho-Oh|Hidden Power|p2a: Machamp\n|-supereffective|p2a: Machamp\n|-damage|p2a: Machamp|108\/252\n|\n|-heal|p2a: Machamp|123\/252|[from] item: Leftovers\n|-heal|p1a: Ho-Oh|211\/247 par|[from] item: Leftovers\n|upkeep\n|turn|62\n|\n|t:|1631047606\n|move|p2a: Machamp|Curse|p2a: Machamp\n|-unboost|p2a: Machamp|spe|1\n|-boost|p2a: Machamp|atk|1\n|-boost|p2a: Machamp|def|1\n|move|p1a: Ho-Oh|Hidden Power|p2a: Machamp\n|-supereffective|p2a: Machamp\n|-damage|p2a: Machamp|81\/252\n|\n|-heal|p2a: Machamp|96\/252|[from] item: Leftovers\n|-heal|p1a: Ho-Oh|226\/247 par|[from] item: Leftovers\n|upkeep\n|turn|63\n|\n|t:|1631047608\n|move|p2a: Machamp|Cross Chop|p1a: Ho-Oh\n|-resisted|p1a: Ho-Oh\n|-damage|p1a: Ho-Oh|59\/247 par\n|move|p1a: Ho-Oh|Hidden Power|p2a: Machamp\n|-supereffective|p2a: Machamp\n|-damage|p2a: Machamp|52\/252\n|\n|-heal|p2a: Machamp|67\/252|[from] item: Leftovers\n|-heal|p1a: Ho-Oh|74\/247 par|[from] item: Leftovers\n|upkeep\n|turn|64\n|j| MyNameIsYubel\n|c|\u2606Beard Oil \u271d\ufe0f|how are you still faster\n|\n|t:|1631047623\n|move|p2a: Machamp|Cross Chop|p1a: Ho-Oh\n|-resisted|p1a: Ho-Oh\n|-damage|p1a: Ho-Oh|0 fnt\n|faint|p1a: Ho-Oh\n|\n|t:|1631047628\n|switch|p1a: Mewtwo|Mewtwo, L61|257\/257 par\n|-damage|p1a: Mewtwo|225\/257 par|[from] Spikes\n|\n|-heal|p1a: Mewtwo|241\/257 par|[from] item: Leftovers\n|-heal|p2a: Machamp|82\/252|[from] item: Leftovers\n|upkeep\n|turn|65\n|\n|t:|1631047630\n|switch|p2a: Alakazam|Alakazam, L67, M|111\/213\n|cant|p1a: Mewtwo|par\n|\n|-heal|p2a: Alakazam|124\/213|[from] item: Leftovers\n|-heal|p1a: Mewtwo|257\/257 par|[from] item: Leftovers\n|upkeep\n|turn|66\n|\n|t:|1631047633\n|move|p2a: Alakazam|Thunder Punch|p1a: Mewtwo\n|-damage|p1a: Mewtwo|196\/257 par\n|move|p1a: Mewtwo|Thunderbolt|p2a: Alakazam\n|-damage|p2a: Alakazam|62\/213\n|-status|p2a: Alakazam|par\n|\n|-heal|p2a: Alakazam|75\/213 par|[from] item: Leftovers\n|-heal|p1a: Mewtwo|212\/257 par|[from] item: Leftovers\n|upkeep\n|turn|67\n|\n|t:|1631047639\n|move|p2a: Alakazam|Recover|p2a: Alakazam\n|-heal|p2a: Alakazam|182\/213 par\n|move|p1a: Mewtwo|Thunderbolt|p2a: Alakazam\n|-damage|p2a: Alakazam|122\/213 par\n|\n|-heal|p2a: Alakazam|135\/213 par|[from] item: Leftovers\n|-heal|p1a: Mewtwo|228\/257 par|[from] item: Leftovers\n|upkeep\n|turn|68\n|j| BlueArk\n|\n|t:|1631047643\n|switch|p1a: Tyranitar|Tyranitar, L65, M|201\/265\n|-damage|p1a: Tyranitar|168\/265|[from] Spikes\n|move|p2a: Alakazam|Encore|p1a: Tyranitar\n|-fail|p1a: Tyranitar\n|\n|-heal|p1a: Tyranitar|184\/265|[from] item: Leftovers\n|-heal|p2a: Alakazam|148\/213 par|[from] item: Leftovers\n|upkeep\n|turn|69\n|\n|t:|1631047648\n|move|p1a: Tyranitar|Crunch|p2a: Alakazam\n|-crit|p2a: Alakazam\n|-supereffective|p2a: Alakazam\n|-damage|p2a: Alakazam|0 fnt\n|faint|p2a: Alakazam\n|\n|t:|1631047652\n|switch|p2a: Electabuzz|Electabuzz, L69, M|166\/232\n|\n|-heal|p2a: Electabuzz|180\/232|[from] item: Leftovers\n|-heal|p1a: Tyranitar|200\/265|[from] item: Leftovers\n|upkeep\n|turn|70\n|\n|t:|1631047656\n|switch|p1a: Mewtwo|Mewtwo, L61|228\/257 par\n|-damage|p1a: Mewtwo|196\/257 par|[from] Spikes\n|move|p2a: Electabuzz|Thunderbolt|p1a: Mewtwo\n|-crit|p1a: Mewtwo\n|-damage|p1a: Mewtwo|30\/257 par\n|\n|-heal|p2a: Electabuzz|194\/232|[from] item: Leftovers\n|-heal|p1a: Mewtwo|46\/257 par|[from] item: Leftovers\n|upkeep\n|turn|71\n|c|\u2606The Last Hero|gg\n|c|\u2606Beard Oil \u271d\ufe0f|no dont say gg please\n|c|\u2606Beard Oil \u271d\ufe0f|you got too lucky\n|j| MyAvatarHasNoShirt\n|\n|t:|1631047681\n|move|p2a: Electabuzz|Thunderbolt|p1a: Mewtwo\n|-damage|p1a: Mewtwo|0 fnt\n|faint|p1a: Mewtwo\n|c|\u2606The Last Hero|I do, haxing was my only way of winning against your Recover Ubers\n|\n|t:|1631047684\n|switch|p1a: Tyranitar|Tyranitar, L65, M|200\/265\n|-damage|p1a: Tyranitar|167\/265|[from] Spikes\n|\n|-heal|p2a: Electabuzz|208\/232|[from] item: Leftovers\n|-heal|p1a: Tyranitar|183\/265|[from] item: Leftovers\n|upkeep\n|turn|72\n|j| MolbotheOrange\n|inactive|Beard Oil \u271d\ufe0f has 120 seconds left.\n|l| MolbotheOrange\n|c| BlueArk|That was a solid game imo, good stuff\n|c|\u2606Beard Oil \u271d\ufe0f|yes but winning for crits and 10% paralysis is not a gg\n|j| bigrokof\n|c|\u2606Beard Oil \u271d\ufe0f|even if i put in the skill is not gonna count\n|\n|t:|1631047735\n|move|p2a: Electabuzz|Cross Chop|p1a: Tyranitar\n|-supereffective|p1a: Tyranitar\n|-damage|p1a: Tyranitar|0 fnt\n|faint|p1a: Tyranitar\n|\n|win|The Last Hero\n|n|\u2606Beard Oil \u271d\ufe0f|beardoil\n|n|\u2606The Last Hero|thelasthero\n|n| BB-8-NU|bb8nu\n|n| blackkaiser|blackkaiser\n|n| Gobi \u263a|gobi\n|n| Hai Kakka|haikakka\n|n| Cinnmma \u266a\u266a|cinnmma\n|n|@FOMG|fomg\n|n| AtroNx|atronx\n|n| vepp|vepp\n|n| Golgo88|golgo88\n|n| MyNameIsYubel|mynameisyubel\n|n| BlueArk|blueark\n|n| MyAvatarHasNoShirt|myavatarhasnoshirt\n|n| bigrokof|bigrokof\n|c| MyAvatarHasNoShirt|use crunch and hope for sp def drop every turn\n|l| BB-8-NU\n|c| MyAvatarHasNoShirt|oh nvm\n|l| vepp\n|l|\u2606Beard Oil \u271d\ufe0f\n|l|\u2606The Last Hero\n|l| MyNameIsYubel\n|l| Cinnmma \u266a\u266a\n|l| Golgo88\n|l| MyAvatarHasNoShirt\n|l| blackkaiser\n|l| BlueArk\n","inputlog":">version 1fc5e3a787b8279edae46856b686e9990da28421\n>start {\"formatid\":\"gen2randombattle\",\"seed\":[37592,42031,7707,26257],\"rated\":\"Tournament battle\"}\n>player p1 {\"name\":\"Beard Oil \u271d\ufe0f\",\"avatar\":\"drayden\",\"rating\":0,\"seed\":[27169,52482,8615,16888]}\n>player p2 {\"name\":\"The Last Hero\",\"avatar\":\"acetrainersnow\",\"rating\":0,\"seed\":[16412,41781,44211,11959]}\n>chat \u2606Beard Oil \u271d\ufe0f|the last Hero vs the king of Beards: it will be a great fight indeed.\n>chat \u2606Beard Oil \u271d\ufe0f|glhf\n>chat \u2606The Last Hero|same\n>p1 switch 2\n>p2 move thunderbolt\n>p1 move highjumpkick\n>p2 move psychic\n>p1 move rest\n>p2 move psychic\n>p1 move sleeptalk\n>p2 switch 4\n>p1 move sleeptalk\n>p2 move psychic\n>p1 switch 4\n>p2 move sleeppowder\n>p1 switch 6\n>p2 switch 4\n>p1 switch 3\n>p2 move crosschop\n>chat \u2606The Last Hero|oh, damn\n>p1 move psychic\n>p2 switch 2\n>p1 switch 3\n>p2 move encore\n>p1 move pursuit\n>p2 switch 3\n>p1 move curse\n>p2 move spikes\n>p1 move rockslide\n>p2 move batonpass\n>p2 switch 5\n>p1 switch 2\n>p2 switch 2\n>p1 switch 6\n>p2 move thunderbolt\n>p1 switch 3\n>p2 move thunderbolt\n>p1 move recover\n>p2 move thunderbolt\n>p1 move psychic\n>p2 move thunderbolt\n>p1 move recover\n>p2 move thunderbolt\n>p1 move recover\n>p2 move thunderbolt\n>p1 switch 4\n>p2 move thunderbolt\n>p1 switch 5\n>p1 move hiddenpower\n>p2 switch 6\n>p1 switch 6\n>p2 switch 5\n>p1 move thunder\n>p2 move agility\n>p1 move sacredfire\n>p2 move spore\n>p1 move sacredfire\n>p2 move spore\n>p2 switch 6\n>p1 switch 3\n>p2 move thunderbolt\n>p1 move softboiled\n>p2 move crosschop\n>p1 move softboiled\n>p2 move thunderbolt\n>chat \u2606Beard Oil \u271d\ufe0f|the coverage of electabuzz is actually broken\n>chat \u2606The Last Hero|it is\n>p1 switch 6\n>p1 move hiddenpower\n>p2 move thunderbolt\n>p1 switch 4\n>chat \u2606Beard Oil \u271d\ufe0f|the para hax on mewtwo didnt help either\n>p1 move recover\n>p2 move thunderbolt\n>p1 move psychic\n>p2 move thunderbolt\n>p1 move recover\n>p2 move thunderbolt\n>p1 move psychic\n>p2 switch 3\n>p1 move thunderbolt\n>p2 move recover\n>p1 move thunderbolt\n>p2 move recover\n>p1 switch 2\n>p2 move thunderpunch\n>p1 switch 3\n>p2 move thunderpunch\n>chat \u2606Beard Oil \u271d\ufe0f|!dt thunder punch\n>chat \u2606Beard Oil \u271d\ufe0f|10% o-o\n>p1 move sacredfire\n>p2 switch 2\n>chat \u2606Beard Oil \u271d\ufe0f|my sacred fire is 50% and i never burn you\n>chat \u2606Beard Oil \u271d\ufe0f|ok\n>p1 move sacredfire\n>p2 move rest\n>p1 switch 2\n>p2 move sleeptalk\n>p1 move psychic\n>p2 switch 2\n>p1 move thunderbolt\n>p2 move recover\n>p1 move thunderbolt\n>p2 move thunderpunch\n>p1 move thunderbolt\n>p2 move recover\n>p1 move thunderbolt\n>p2 move recover\n>p1 move thunderbolt\n>p2 switch 5\n>p1 move psychic\n>p2 switch 5\n>p1 move thunderbolt\n>p2 move encore\n>p1 move psychic\n>p2 switch 4\n>p1 switch 2\n>p2 switch 4\n>p1 move hiddenpower\n>p2 switch 2\n>p1 move hiddenpower\n>p2 move sleeptalk\n>p1 move hiddenpower\n>p2 move sleeptalk\n>p1 move hiddenpower\n>p2 move sleeptalk\n>p1 move hiddenpower\n>p2 move sleeptalk\n>p1 move hiddenpower\n>p2 move sleeptalk\n>p1 move recover\n>p2 move crosschop\n>p1 move recover\n>p2 move crosschop\n>p1 move recover\n>p2 move crosschop\n>p1 move hiddenpower\n>p2 move curse\n>p1 move hiddenpower\n>p2 move curse\n>p1 move hiddenpower\n>p2 move crosschop\n>chat \u2606Beard Oil \u271d\ufe0f|how are you still faster\n>p1 move sacredfire\n>p2 move crosschop\n>p1 switch 2\n>p1 move psychic\n>p2 switch 2\n>p1 move thunderbolt\n>p2 move thunderpunch\n>p1 move thunderbolt\n>p2 move recover\n>p1 switch 3\n>p2 move encore\n>p1 move crunch\n>p2 move encore\n>p2 switch 3\n>p1 switch 3\n>p2 move thunderbolt\n>chat \u2606The Last Hero|gg\n>chat \u2606Beard Oil \u271d\ufe0f|no dont say gg please\n>chat \u2606Beard Oil \u271d\ufe0f|you got too lucky\n>p1 move recover\n>p2 move thunderbolt\n>chat \u2606The Last Hero|I do, haxing was my only way of winning against your Recover Ubers\n>p1 switch 3\n>chat  BlueArk|That was a solid game imo, good stuff\n>chat \u2606Beard Oil \u271d\ufe0f|yes but winning for crits and 10% paralysis is not a gg\n>chat \u2606Beard Oil \u271d\ufe0f|even if i put in the skill is not gonna count\n>p1 move crunch\n>p2 move crosschop","uploadtime":1631047735,"views":33,"p1id":"beardoil","p2id":"thelasthero","formatid":"gen2randombattle","rating":0,"private":0,"password":null}