{"id":"gen2ou-1652273927","p1":"ThanderTheGoblin","p2":"lou dort","format":"gen2ou","log":"|j|\u2606ThanderTheGoblin\n|j|\u2606lou dort\n|t:|1661902837\n|gametype|singles\n|player|p1|ThanderTheGoblin|170|\n|player|p2|lou dort|volkner|\n|teamsize|p1|6\n|teamsize|p2|6\n|gen|2\n|tier|[Gen 2] OU\n|rated|Tournament battle\n|rule|Sleep Clause Mod: Limit one foe put to sleep\n|rule|Freeze Clause Mod: Limit one foe frozen\n|rule|Species Clause: Limit one of each Pok\u00e9mon\n|rule|OHKO Clause: OHKO moves are banned\n|rule|Evasion Items Clause: Evasion items are banned\n|rule|Evasion Moves Clause: Evasion moves are banned\n|rule|Endless Battle Clause: Forcing endless battles is banned\n|rule|HP Percentage Mod: HP is shown in percentages\n|\n|t:|1661902837\n|start\n|switch|p1a: Jynx|Jynx, F|100\/100\n|switch|p2a: Snorlax|Snorlax, M|100\/100\n|turn|1\n|inactive|Battle timer is ON: inactive players will automatically lose when time's up. (requested by lou dort)\n|j| Rubiaa\n|\n|t:|1661902851\n|move|p1a: Jynx|Lovely Kiss|p2a: Snorlax|[miss]\n|-miss|p1a: Jynx\n|move|p2a: Snorlax|Sleep Talk|p2a: Snorlax\n|\n|upkeep\n|turn|2\n|j| Arch en Ciel 22\n|\n|t:|1661902877\n|move|p1a: Jynx|Psychic|p2a: Snorlax\n|-damage|p2a: Snorlax|78\/100\n|move|p2a: Snorlax|Double-Edge|p1a: Jynx\n|-damage|p1a: Jynx|26\/100\n|-damage|p2a: Snorlax|66\/100|[from] Recoil|[of] p1a: Jynx\n|\n|-heal|p2a: Snorlax|72\/100|[from] item: Leftovers\n|upkeep\n|turn|3\n|\n|t:|1661902882\n|move|p1a: Jynx|Lovely Kiss|p2a: Snorlax\n|-status|p2a: Snorlax|slp|[from] move: Lovely Kiss\n|cant|p2a: Snorlax|slp\n|move|p2a: Snorlax|Sleep Talk|p2a: Snorlax\n|move|p2a: Snorlax|Thunder|p1a: Jynx|[from]Sleep Talk\n|-damage|p1a: Jynx|3\/100\n|\n|-heal|p2a: Snorlax|79\/100 slp|[from] item: Leftovers\n|upkeep\n|turn|4\n|\n|t:|1661902888\n|switch|p1a: Cloyster|Cloyster, M|100\/100\n|cant|p2a: Snorlax|slp\n|\n|-heal|p2a: Snorlax|85\/100 slp|[from] item: Leftovers\n|upkeep\n|turn|5\n|\n|t:|1661902890\n|move|p1a: Cloyster|Spikes|p2a: Snorlax\n|-sidestart|p2: lou dort|Spikes\n|cant|p2a: Snorlax|slp\n|\n|-heal|p2a: Snorlax|91\/100 slp|[from] item: Leftovers\n|upkeep\n|turn|6\n|\n|t:|1661902910\n|move|p1a: Cloyster|Spikes|p2a: Snorlax\n|-fail|p2a: Snorlax\n|-curestatus|p2a: Snorlax|slp|[msg]\n|move|p2a: Snorlax|Thunder|p1a: Cloyster|[miss]\n|-miss|p2a: Snorlax\n|\n|-heal|p2a: Snorlax|97\/100|[from] item: Leftovers\n|upkeep\n|turn|7\n|\n|t:|1661902920\n|move|p1a: Cloyster|Toxic|p2a: Snorlax\n|-status|p2a: Snorlax|tox\n|move|p2a: Snorlax|Thunder|p1a: Cloyster\n|-supereffective|p1a: Cloyster\n|-damage|p1a: Cloyster|23\/100\n|-status|p1a: Cloyster|par\n|-damage|p2a: Snorlax|91\/100 tox|[from] psn\n|\n|-heal|p2a: Snorlax|97\/100 tox|[from] item: Leftovers\n|-heal|p1a: Cloyster|29\/100 par|[from] item: Leftovers\n|upkeep\n|turn|8\n|\n|t:|1661902924\n|move|p2a: Snorlax|Double-Edge|p1a: Cloyster\n|-damage|p1a: Cloyster|0 fnt\n|-damage|p2a: Snorlax|93\/100 tox|[from] Recoil|[of] p1a: Cloyster\n|faint|p1a: Cloyster\n|\n|t:|1661902928\n|switch|p1a: Snorlax|Snorlax, M|100\/100\n|\n|-heal|p2a: Snorlax|99\/100 tox|[from] item: Leftovers\n|upkeep\n|turn|9\n|\n|t:|1661902932\n|switch|p2a: Cloyster|Cloyster, M|100\/100\n|-damage|p2a: Cloyster|88\/100|[from] Spikes\n|move|p1a: Snorlax|Curse|p1a: Snorlax\n|-unboost|p1a: Snorlax|spe|1\n|-boost|p1a: Snorlax|atk|1\n|-boost|p1a: Snorlax|def|1\n|\n|-heal|p2a: Cloyster|94\/100|[from] item: Leftovers\n|upkeep\n|turn|10\n|\n|t:|1661902936\n|move|p2a: Cloyster|Toxic|p1a: Snorlax\n|-status|p1a: Snorlax|tox\n|move|p1a: Snorlax|Curse|p1a: Snorlax\n|-unboost|p1a: Snorlax|spe|1\n|-boost|p1a: Snorlax|atk|1\n|-boost|p1a: Snorlax|def|1\n|-damage|p1a: Snorlax|94\/100 tox|[from] psn\n|\n|-heal|p2a: Cloyster|99\/100|[from] item: Leftovers\n|-heal|p1a: Snorlax|100\/100 tox|[from] item: Leftovers\n|upkeep\n|turn|11\n|\n|t:|1661902938\n|move|p2a: Cloyster|Spikes|p1a: Snorlax\n|-sidestart|p1: ThanderTheGoblin|Spikes\n|move|p1a: Snorlax|Curse|p1a: Snorlax\n|-unboost|p1a: Snorlax|spe|1\n|-boost|p1a: Snorlax|atk|1\n|-boost|p1a: Snorlax|def|1\n|-damage|p1a: Snorlax|88\/100 tox|[from] psn\n|\n|-heal|p2a: Cloyster|100\/100|[from] item: Leftovers\n|-heal|p1a: Snorlax|94\/100 tox|[from] item: Leftovers\n|upkeep\n|turn|12\n|\n|t:|1661902940\n|move|p2a: Cloyster|Surf|p1a: Snorlax\n|-damage|p1a: Snorlax|75\/100 tox\n|move|p1a: Snorlax|Curse|p1a: Snorlax\n|-unboost|p1a: Snorlax|spe|1\n|-boost|p1a: Snorlax|atk|1\n|-boost|p1a: Snorlax|def|1\n|-damage|p1a: Snorlax|57\/100 tox|[from] psn\n|\n|-heal|p1a: Snorlax|63\/100 tox|[from] item: Leftovers\n|upkeep\n|turn|13\n|\n|t:|1661902951\n|move|p2a: Cloyster|Surf|p1a: Snorlax\n|-damage|p1a: Snorlax|44\/100 tox\n|move|p1a: Snorlax|Curse|p1a: Snorlax\n|-unboost|p1a: Snorlax|spe|1\n|-boost|p1a: Snorlax|atk|1\n|-boost|p1a: Snorlax|def|1\n|-damage|p1a: Snorlax|20\/100 tox|[from] psn\n|\n|-heal|p1a: Snorlax|26\/100 tox|[from] item: Leftovers\n|upkeep\n|turn|14\n|\n|t:|1661902953\n|move|p2a: Cloyster|Explosion|p1a: Snorlax\n|-damage|p1a: Snorlax|0 fnt\n|faint|p2a: Cloyster\n|faint|p1a: Snorlax\n|-message|ThanderTheGoblin forfeited.\n|\n|win|lou dort\n|n|\u2606ThanderTheGoblin|thanderthegoblin\n|n|\u2606lou dort|loudort\n|n| Rubiaa|rubiaa\n|n| Arch en Ciel 22|archenciel22\n|l|\u2606ThanderTheGoblin\n|l| Rubiaa\n","uploadtime":1661903534,"views":15,"p1id":"thanderthegoblin","p2id":"loudort","formatid":"gen2ou","rating":0,"private":0,"password":null}