{"id":"gen2ou-1536708772","p1":"Sp0oNl0rD","p2":"gorgie","format":"gen2ou","log":"|j|\u2606Sp0oNl0rD\n|j|\u2606gorgie\n|t:|1648013185\n|gametype|singles\n|player|p1|Sp0oNl0rD|teamrocket|\n|player|p2|gorgie|#splxiitigers|\n|teamsize|p1|6\n|teamsize|p2|6\n|gen|2\n|tier|[Gen 2] OU\n|rated|Tournament battle\n|rule|Sleep Clause Mod: Limit one foe put to sleep\n|rule|Freeze Clause Mod: Limit one foe frozen\n|rule|Species Clause: Limit one of each Pok\u00e9mon\n|rule|OHKO Clause: OHKO moves are banned\n|rule|Evasion Moves Clause: Evasion moves are banned\n|rule|Endless Battle Clause: Forcing endless battles is banned\n|rule|HP Percentage Mod: HP is shown in percentages\n|\n|t:|1648013185\n|start\n|switch|p1a: Snorlax|Snorlax, M|100\/100\n|switch|p2a: Smeargle|Smeargle, M|100\/100\n|turn|1\n|j| BB-8-NU\n|inactive|Battle timer is ON: inactive players will automatically lose when time's up. (requested by Sp0oNl0rD)\n|j| randomchoices\n|\n|t:|1648013194\n|switch|p1a: Zapdos|Zapdos|100\/100\n|move|p2a: Smeargle|Agility|p2a: Smeargle\n|-boost|p2a: Smeargle|spe|2\n|\n|upkeep\n|turn|2\n|\n|t:|1648013202\n|move|p2a: Smeargle|Spikes|p1a: Zapdos\n|-sidestart|p1: Sp0oNl0rD|Spikes\n|move|p1a: Zapdos|Hidden Power|p2a: Smeargle\n|-damage|p2a: Smeargle|67\/100\n|\n|upkeep\n|turn|3\n|\n|t:|1648013210\n|move|p2a: Smeargle|Thunder Wave|p1a: Zapdos\n|-status|p1a: Zapdos|par\n|move|p1a: Zapdos|Thunder|p2a: Smeargle|[miss]\n|-miss|p1a: Zapdos\n|\n|upkeep\n|turn|4\n|\n|t:|1648013219\n|move|p2a: Smeargle|Baton Pass|p2a: Smeargle\n|\n|t:|1648013225\n|switch|p2a: Marowak|Marowak, M|100\/100|[from]move: Baton Pass\n|cant|p1a: Zapdos|par\n|\n|upkeep\n|turn|5\n|j| Flopfish\n|\n|t:|1648013240\n|move|p2a: Marowak|Swords Dance|p2a: Marowak\n|-boost|p2a: Marowak|atk|2\n|move|p1a: Zapdos|Hidden Power|p2a: Marowak\n|-supereffective|p2a: Marowak\n|-damage|p2a: Marowak|51\/100\n|\n|upkeep\n|turn|6\n|\n|t:|1648013251\n|switch|p1a: Machamp|Machamp, M|100\/100\n|-damage|p1a: Machamp|88\/100|[from] Spikes\n|move|p2a: Marowak|Rock Slide|p1a: Machamp\n|-crit|p1a: Machamp\n|-resisted|p1a: Machamp\n|-damage|p1a: Machamp|29\/100\n|\n|-heal|p1a: Machamp|35\/100|[from] item: Leftovers\n|upkeep\n|turn|7\n|\n|t:|1648013254\n|move|p2a: Marowak|Earthquake|p1a: Machamp\n|-damage|p1a: Machamp|0 fnt\n|faint|p1a: Machamp\n|\n|t:|1648013255\n|switch|p1a: Golem|Golem, M|100\/100\n|-damage|p1a: Golem|88\/100|[from] Spikes\n|\n|-heal|p1a: Golem|94\/100|[from] item: Leftovers\n|upkeep\n|turn|8\n|\n|t:|1648013259\n|move|p2a: Marowak|Earthquake|p1a: Golem\n|-supereffective|p1a: Golem\n|-damage|p1a: Golem|0 fnt\n|faint|p1a: Golem\n|\n|t:|1648013263\n|switch|p1a: Cloyster|Cloyster, M|100\/100\n|-damage|p1a: Cloyster|88\/100|[from] Spikes\n|\n|-heal|p1a: Cloyster|94\/100|[from] item: Leftovers\n|upkeep\n|turn|9\n|\n|t:|1648013267\n|move|p2a: Marowak|Rock Slide|p1a: Cloyster\n|-supereffective|p1a: Cloyster\n|-damage|p1a: Cloyster|9\/100\n|move|p1a: Cloyster|Surf|p2a: Marowak\n|-crit|p2a: Marowak\n|-supereffective|p2a: Marowak\n|-damage|p2a: Marowak|0 fnt\n|faint|p2a: Marowak\n|\n|t:|1648013274\n|switch|p2a: Jolteon|Jolteon, M|100\/100\n|\n|-heal|p1a: Cloyster|15\/100|[from] item: Leftovers\n|upkeep\n|turn|10\n|c|\u2606Sp0oNl0rD|I threw\n|\n|t:|1648013279\n|switch|p1a: Snorlax|Snorlax, M|100\/100\n|-damage|p1a: Snorlax|88\/100|[from] Spikes\n|move|p2a: Jolteon|Thunder|p1a: Snorlax\n|-damage|p1a: Snorlax|61\/100\n|\n|-heal|p1a: Snorlax|67\/100|[from] item: Leftovers\n|upkeep\n|turn|11\n|l| Flopfish\n|\n|t:|1648013291\n|move|p2a: Jolteon|Agility|p2a: Jolteon\n|-boost|p2a: Jolteon|spe|2\n|move|p1a: Snorlax|Lovely Kiss|p2a: Jolteon\n|-status|p2a: Jolteon|slp|[from] move: Lovely Kiss\n|\n|-heal|p1a: Snorlax|73\/100|[from] item: Leftovers\n|upkeep\n|turn|12\n|\n|t:|1648013304\n|switch|p2a: Snorlax|Snorlax, M|100\/100\n|move|p1a: Snorlax|Curse|p1a: Snorlax\n|-unboost|p1a: Snorlax|spe|1\n|-boost|p1a: Snorlax|atk|1\n|-boost|p1a: Snorlax|def|1\n|\n|-heal|p1a: Snorlax|79\/100|[from] item: Leftovers\n|upkeep\n|turn|13\n|\n|t:|1648013316\n|move|p2a: Snorlax|Lovely Kiss|p1a: Snorlax|[miss]\n|-miss|p2a: Snorlax\n|move|p1a: Snorlax|Double-Edge|p2a: Snorlax\n|-damage|p2a: Snorlax|48\/100\n|-damage|p1a: Snorlax|66\/100|[from] Recoil|[of] p2a: Snorlax\n|\n|-heal|p2a: Snorlax|54\/100|[from] item: Leftovers\n|-heal|p1a: Snorlax|73\/100|[from] item: Leftovers\n|upkeep\n|turn|14\n|\n|t:|1648013328\n|move|p2a: Snorlax|Lovely Kiss|p1a: Snorlax\n|-status|p1a: Snorlax|slp|[from] move: Lovely Kiss\n|cant|p1a: Snorlax|slp\n|\n|-heal|p2a: Snorlax|61\/100|[from] item: Leftovers\n|-heal|p1a: Snorlax|79\/100 slp|[from] item: Leftovers\n|upkeep\n|turn|15\n|\n|t:|1648013336\n|move|p2a: Snorlax|Double-Edge|p1a: Snorlax\n|-crit|p1a: Snorlax\n|-damage|p1a: Snorlax|3\/100 slp\n|-damage|p2a: Snorlax|42\/100|[from] Recoil|[of] p1a: Snorlax\n|cant|p1a: Snorlax|slp\n|\n|-heal|p2a: Snorlax|48\/100|[from] item: Leftovers\n|-heal|p1a: Snorlax|9\/100 slp|[from] item: Leftovers\n|upkeep\n|turn|16\n|j| SkipTheDripBayless\n|c|\u2606Sp0oNl0rD|welp\n|inactive|gorgie has 120 seconds left.\n|\n|t:|1648013367\n|move|p2a: Snorlax|Double-Edge|p1a: Snorlax\n|-damage|p1a: Snorlax|0 fnt\n|-damage|p2a: Snorlax|46\/100|[from] Recoil|[of] p1a: Snorlax\n|faint|p1a: Snorlax\n|\n|t:|1648013370\n|switch|p1a: Cloyster|Cloyster, M|15\/100\n|-damage|p1a: Cloyster|3\/100|[from] Spikes\n|\n|-heal|p1a: Cloyster|9\/100|[from] item: Leftovers\n|-heal|p2a: Snorlax|52\/100|[from] item: Leftovers\n|upkeep\n|turn|17\n|inactive|gorgie has 120 seconds left.\n|j| stick insect\n|\n|t:|1648013403\n|switch|p2a: Tyranitar|Tyranitar, M|100\/100\n|move|p1a: Cloyster|Explosion|p2a: Tyranitar\n|-resisted|p2a: Tyranitar\n|-damage|p2a: Tyranitar|56\/100\n|faint|p1a: Cloyster\n|\n|t:|1648013407\n|switch|p1a: Houndoom|Houndoom, M|100\/100\n|-damage|p1a: Houndoom|88\/100|[from] Spikes\n|\n|-heal|p2a: Tyranitar|62\/100|[from] item: Leftovers\n|upkeep\n|turn|18\n|\n|t:|1648013427\n|move|p1a: Houndoom|Flamethrower|p2a: Tyranitar\n|-resisted|p2a: Tyranitar\n|-damage|p2a: Tyranitar|47\/100\n|move|p2a: Tyranitar|Earthquake|p1a: Houndoom\n|-supereffective|p1a: Houndoom\n|-damage|p1a: Houndoom|2\/100\n|\n|-heal|p2a: Tyranitar|53\/100|[from] item: Leftovers\n|upkeep\n|turn|19\n|\n|t:|1648013437\n|move|p1a: Houndoom|Flamethrower|p2a: Tyranitar\n|-resisted|p2a: Tyranitar\n|-damage|p2a: Tyranitar|39\/100\n|move|p2a: Tyranitar|Earthquake|p1a: Houndoom\n|-supereffective|p1a: Houndoom\n|-damage|p1a: Houndoom|0 fnt\n|faint|p1a: Houndoom\n|\n|t:|1648013438\n|switch|p1a: Zapdos|Zapdos|100\/100 par\n|\n|-heal|p2a: Tyranitar|45\/100|[from] item: Leftovers\n|upkeep\n|turn|20\n|\n|t:|1648013441\n|move|p2a: Tyranitar|Rock Slide|p1a: Zapdos\n|-supereffective|p1a: Zapdos\n|-damage|p1a: Zapdos|41\/100 par\n|cant|p1a: Zapdos|flinch\n|\n|-heal|p2a: Tyranitar|51\/100|[from] item: Leftovers\n|-heal|p1a: Zapdos|47\/100 par|[from] item: Leftovers\n|upkeep\n|turn|21\n|\n|t:|1648013446\n|move|p2a: Tyranitar|Rock Slide|p1a: Zapdos\n|-crit|p1a: Zapdos\n|-supereffective|p1a: Zapdos\n|-damage|p1a: Zapdos|0 fnt\n|faint|p1a: Zapdos\n|\n|win|gorgie\n|n|\u2606Sp0oNl0rD|sp0onl0rd\n|n|\u2606gorgie|gorgie\n|n| BB-8-NU|bb8nu\n|n| randomchoices|randomchoices\n|n| SkipTheDripBayless|skipthedripbayless\n|n| stick insect|stickinsect\n","uploadtime":1648013447,"views":29,"p1id":"sp0onl0rd","p2id":"gorgie","formatid":"gen2ou","rating":0,"private":0,"password":null}