{"id":"gen2ou-1339593816","p1":"GSC NU","p2":"tesla roadster","format":"gen2ou","log":"|j|\u2606GSC NU\n|j|\u2606tesla roadster\n|t:|1620894584\n|gametype|singles\n|player|p1|GSC NU|dawn|\n|player|p2|tesla roadster|265|\n|teamsize|p1|6\n|teamsize|p2|6\n|gen|2\n|tier|[Gen 2] OU\n|rule|Sleep Clause Mod: Limit one foe put to sleep\n|rule|Freeze Clause Mod: Limit one foe frozen\n|rule|Species Clause: Limit one of each Pok\u00e9mon\n|rule|OHKO Clause: OHKO moves are banned\n|rule|Evasion Moves Clause: Evasion moves are banned\n|rule|Endless Battle Clause: Forcing endless battles is banned\n|rule|HP Percentage Mod: HP is shown in percentages\n|\n|t:|1620894584\n|start\n|switch|p1a: Zapdos|Zapdos|100\/100\n|switch|p2a: 22$G BIG$Z|Smeargle, M|100\/100\n|turn|1\n|c|\u2606GSC NU|hf\n|c|\u2606tesla roadster|u2\n|\n|t:|1620894595\n|switch|p1a: Snorlax|Snorlax, M|100\/100\n|move|p2a: 22$G BIG$Z|Agility|p2a: 22$G BIG$Z\n|-boost|p2a: 22$G BIG$Z|spe|2\n|\n|upkeep\n|turn|2\n|\n|t:|1620894600\n|move|p2a: 22$G BIG$Z|Spore|p1a: Snorlax\n|-status|p1a: Snorlax|slp|[from] move: Spore\n|cant|p1a: Snorlax|slp\n|\n|upkeep\n|turn|3\n|\n|t:|1620894612\n|switch|p1a: Zapdos|Zapdos|100\/100\n|move|p2a: 22$G BIG$Z|Substitute|p2a: 22$G BIG$Z\n|-start|p2a: 22$G BIG$Z|Substitute\n|-damage|p2a: 22$G BIG$Z|76\/100\n|\n|upkeep\n|turn|4\n|\n|t:|1620894623\n|move|p2a: 22$G BIG$Z|Baton Pass|p2a: 22$G BIG$Z\n|\n|t:|1620894641\n|switch|p2a: youngbasedlordchop|Marowak, M|100\/100|[from]move: Baton Pass\n|move|p1a: Zapdos|Roar|p2a: youngbasedlordchop\n|drag|p2a: Chop|Scizor, M|100\/100\n|\n|upkeep\n|turn|5\n|\n|t:|1620894658\n|switch|p2a: Camilas|Jolteon, M|100\/100\n|move|p1a: Zapdos|Thunderbolt|p2a: Camilas\n|-resisted|p2a: Camilas\n|-damage|p2a: Camilas|81\/100\n|\n|-heal|p2a: Camilas|87\/100|[from] item: Leftovers\n|upkeep\n|turn|6\n|\n|t:|1620894667\n|switch|p1a: Exeggutor|Exeggutor, M|100\/100\n|move|p2a: Camilas|Thunder|p1a: Exeggutor\n|-resisted|p1a: Exeggutor\n|-damage|p1a: Exeggutor|76\/100\n|\n|-heal|p2a: Camilas|93\/100|[from] item: Leftovers\n|-heal|p1a: Exeggutor|82\/100|[from] item: Leftovers\n|upkeep\n|turn|7\n|\n|t:|1620894681\n|move|p2a: Camilas|Baton Pass|p2a: Camilas\n|\n|t:|1620894688\n|switch|p2a: Chop|Scizor, M|100\/100|[from]move: Baton Pass\n|move|p1a: Exeggutor|Stun Spore|p2a: Chop\n|-status|p2a: Chop|par\n|-enditem|p2a: Chop|Miracle Berry|[eat]\n|-curestatus|p2a: Chop|par|[msg]\n|\n|-heal|p1a: Exeggutor|88\/100|[from] item: Leftovers\n|upkeep\n|turn|8\n|\n|t:|1620894702\n|switch|p1a: Zapdos|Zapdos|100\/100\n|move|p2a: Chop|Hidden Power|p1a: Zapdos\n|-resisted|p1a: Zapdos\n|-damage|p1a: Zapdos|86\/100\n|\n|-heal|p1a: Zapdos|92\/100|[from] item: Leftovers\n|upkeep\n|turn|9\n|\n|t:|1620894708\n|switch|p2a: Camilas|Jolteon, M|93\/100\n|move|p1a: Zapdos|Thunder Wave|p2a: Camilas\n|-status|p2a: Camilas|par\n|\n|-heal|p1a: Zapdos|98\/100|[from] item: Leftovers\n|-heal|p2a: Camilas|99\/100 par|[from] item: Leftovers\n|upkeep\n|turn|10\n|\n|t:|1620894713\n|switch|p1a: Exeggutor|Exeggutor, M|88\/100\n|cant|p2a: Camilas|par\n|\n|-heal|p1a: Exeggutor|94\/100|[from] item: Leftovers\n|-heal|p2a: Camilas|100\/100 par|[from] item: Leftovers\n|upkeep\n|turn|11\n|\n|t:|1620894718\n|switch|p2a: Chop|Scizor, M|100\/100\n|move|p1a: Exeggutor|Substitute|p1a: Exeggutor\n|-start|p1a: Exeggutor|Substitute\n|-damage|p1a: Exeggutor|69\/100\n|\n|-heal|p1a: Exeggutor|75\/100|[from] item: Leftovers\n|upkeep\n|turn|12\n|\n|t:|1620894734\n|move|p2a: Chop|Swords Dance|p2a: Chop\n|-boost|p2a: Chop|atk|2\n|move|p1a: Exeggutor|Stun Spore|p2a: Chop\n|-status|p2a: Chop|par\n|\n|-heal|p1a: Exeggutor|81\/100|[from] item: Leftovers\n|upkeep\n|turn|13\n|\n|t:|1620894738\n|move|p1a: Exeggutor|Leech Seed|p2a: Chop\n|-start|p2a: Chop|move: Leech Seed\n|move|p2a: Chop|Baton Pass|p2a: Chop\n|\n|t:|1620894746\n|switch|p2a: BIG G CHOPPA|Snorlax, M|100\/100|[from]move: Baton Pass\n|\n|-heal|p1a: Exeggutor|87\/100|[from] item: Leftovers\n|upkeep\n|turn|14\n|\n|t:|1620894749\n|move|p1a: Exeggutor|Psychic|p2a: BIG G CHOPPA\n|-damage|p2a: BIG G CHOPPA|79\/100\n|move|p2a: BIG G CHOPPA|Return|p1a: Exeggutor\n|-end|p1a: Exeggutor|Substitute\n|-damage|p2a: BIG G CHOPPA|67\/100|[from] Leech Seed|[of] p1a: Exeggutor\n|-heal|p1a: Exeggutor|100\/100|[silent]\n|\n|-heal|p2a: BIG G CHOPPA|73\/100|[from] item: Leftovers\n|upkeep\n|turn|15\n|\n|t:|1620894761\n|move|p1a: Exeggutor|Substitute|p1a: Exeggutor\n|-start|p1a: Exeggutor|Substitute\n|-damage|p1a: Exeggutor|76\/100\n|move|p2a: BIG G CHOPPA|Return|p1a: Exeggutor\n|-end|p1a: Exeggutor|Substitute\n|-damage|p2a: BIG G CHOPPA|61\/100|[from] Leech Seed|[of] p1a: Exeggutor\n|-heal|p1a: Exeggutor|92\/100|[silent]\n|\n|-heal|p1a: Exeggutor|98\/100|[from] item: Leftovers\n|-heal|p2a: BIG G CHOPPA|67\/100|[from] item: Leftovers\n|upkeep\n|turn|16\n|\n|t:|1620894764\n|move|p1a: Exeggutor|Substitute|p1a: Exeggutor\n|-start|p1a: Exeggutor|Substitute\n|-damage|p1a: Exeggutor|73\/100\n|move|p2a: BIG G CHOPPA|Return|p1a: Exeggutor\n|-end|p1a: Exeggutor|Substitute\n|-damage|p2a: BIG G CHOPPA|54\/100|[from] Leech Seed|[of] p1a: Exeggutor\n|-heal|p1a: Exeggutor|90\/100|[silent]\n|\n|-heal|p1a: Exeggutor|96\/100|[from] item: Leftovers\n|-heal|p2a: BIG G CHOPPA|60\/100|[from] item: Leftovers\n|upkeep\n|turn|17\n|\n|t:|1620894781\n|switch|p2a: Chop|Scizor, M|100\/100 par\n|move|p1a: Exeggutor|Substitute|p1a: Exeggutor\n|-start|p1a: Exeggutor|Substitute\n|-damage|p1a: Exeggutor|71\/100\n|\n|-heal|p1a: Exeggutor|77\/100|[from] item: Leftovers\n|upkeep\n|turn|18\n|\n|t:|1620894783\n|move|p1a: Exeggutor|Leech Seed|p2a: Chop\n|-start|p2a: Chop|move: Leech Seed\n|move|p2a: Chop|Hidden Power|p1a: Exeggutor\n|-supereffective|p1a: Exeggutor\n|-end|p1a: Exeggutor|Substitute\n|-damage|p2a: Chop|88\/100 par|[from] Leech Seed|[of] p1a: Exeggutor\n|-heal|p1a: Exeggutor|88\/100|[silent]\n|\n|-heal|p1a: Exeggutor|94\/100|[from] item: Leftovers\n|upkeep\n|turn|19\n|\n|t:|1620894797\n|switch|p1a: Cloyster|Cloyster, M|100\/100\n|cant|p2a: Chop|par\n|-damage|p2a: Chop|76\/100 par|[from] Leech Seed|[of] p1a: Cloyster\n|\n|upkeep\n|turn|20\n|\n|t:|1620894807\n|switch|p2a: Camilas|Jolteon, M|100\/100 par\n|move|p1a: Cloyster|Spikes|p2a: Camilas\n|-sidestart|p2: tesla roadster|Spikes\n|\n|upkeep\n|turn|21\n|\n|t:|1620894814\n|switch|p1a: Golem|Golem, M|100\/100\n|cant|p2a: Camilas|par\n|\n|upkeep\n|turn|22\n|\n|t:|1620894821\n|move|p1a: Golem|Earthquake|p2a: Camilas\n|-supereffective|p2a: Camilas\n|-damage|p2a: Camilas|0 fnt\n|faint|p2a: Camilas\n|\n|t:|1620894838\n|switch|p2a: youngbasedlordchop|Marowak, M|100\/100\n|-damage|p2a: youngbasedlordchop|88\/100|[from] Spikes\n|\n|upkeep\n|turn|23\n|\n|t:|1620894848\n|switch|p1a: Cloyster|Cloyster, M|100\/100\n|move|p2a: youngbasedlordchop|Hidden Power|p1a: Cloyster\n|-damage|p1a: Cloyster|81\/100\n|\n|-heal|p1a: Cloyster|87\/100|[from] item: Leftovers\n|upkeep\n|turn|24\n|\n|t:|1620894855\n|move|p1a: Cloyster|Surf|p2a: youngbasedlordchop\n|-supereffective|p2a: youngbasedlordchop\n|-damage|p2a: youngbasedlordchop|19\/100\n|move|p2a: youngbasedlordchop|Swords Dance|p2a: youngbasedlordchop\n|-boost|p2a: youngbasedlordchop|atk|2\n|\n|-heal|p1a: Cloyster|93\/100|[from] item: Leftovers\n|upkeep\n|turn|25\n|c|\u2606tesla roadster|gg\n|c|\u2606GSC NU|gg\n|-message|tesla roadster forfeited.\n|\n|win|GSC NU\n|l|\u2606tesla roadster\n","uploadtime":1620894866,"views":6,"p1id":"gscnu","p2id":"teslaroadster","formatid":"gen2ou","rating":0,"private":0,"password":null}