{"id":"gen2randombattle-1706956106","p1":"ThinkWasTaken","p2":"victreeboy","format":"gen2randombattle","log":"|j|\u2606ThinkWasTaken\n|j|\u2606victreeboy\n|t:|1668036115\n|gametype|singles\n|player|p1|ThinkWasTaken|dawn-gen4pt|1082\n|player|p2|victreeboy|169|1537\n|teamsize|p1|6\n|teamsize|p2|6\n|gen|2\n|tier|[Gen 2] Random Battle\n|rated|\n|rule|Sleep Clause Mod: Limit one foe put to sleep\n|rule|Freeze Clause Mod: Limit one foe frozen\n|rule|Species Clause: Limit one of each Pok\u00e9mon\n|rule|OHKO Clause: OHKO moves are banned\n|rule|Evasion Items Clause: Evasion items are banned\n|rule|Evasion Moves Clause: Evasion moves are banned\n|rule|Endless Battle Clause: Forcing endless battles is banned\n|rule|HP Percentage Mod: HP is shown in percentages\n|\n|t:|1668036115\n|start\n|switch|p1a: Houndoom|Houndoom, L67, M|239\/239\n|switch|p2a: Venomoth|Venomoth, L73, M|253\/253\n|turn|1\n|\n|t:|1668036136\n|move|p2a: Venomoth|Sleep Powder|p1a: Houndoom\n|-status|p1a: Houndoom|slp|[from] move: Sleep Powder\n|cant|p1a: Houndoom|slp\n|\n|upkeep\n|turn|2\n|\n|t:|1668036161\n|switch|p1a: Raikou|Raikou, L65|242\/242\n|move|p2a: Venomoth|Sludge Bomb|p1a: Raikou\n|-damage|p1a: Raikou|163\/242\n|\n|-heal|p1a: Raikou|178\/242|[from] item: Leftovers\n|upkeep\n|turn|3\n|c|\u2606ThinkWasTaken|smart move fr\n|\n|t:|1668036210\n|move|p1a: Raikou|Thunderbolt|p2a: Venomoth\n|-damage|p2a: Venomoth|169\/253\n|move|p2a: Venomoth|Sludge Bomb|p1a: Raikou\n|-damage|p1a: Raikou|93\/242\n|\n|-heal|p1a: Raikou|108\/242|[from] item: Leftovers\n|-heal|p2a: Venomoth|184\/253|[from] item: Leftovers\n|upkeep\n|turn|4\n|\n|t:|1668036219\n|switch|p2a: Wigglytuff|Wigglytuff, L73, M|355\/355\n|move|p1a: Raikou|Rest|p1a: Raikou\n|-status|p1a: Raikou|slp|[from] move: Rest\n|-heal|p1a: Raikou|242\/242 slp|[silent]\n|\n|upkeep\n|turn|5\n|\n|t:|1668036229\n|switch|p1a: Poliwrath|Poliwrath, L71, M|274\/274\n|move|p2a: Wigglytuff|Double-Edge|p1a: Poliwrath\n|-damage|p1a: Poliwrath|183\/274\n|-damage|p2a: Wigglytuff|333\/355|[from] Recoil|[of] p1a: Poliwrath\n|\n|-heal|p2a: Wigglytuff|355\/355|[from] item: Leftovers\n|upkeep\n|turn|6\n|\n|t:|1668036274\n|move|p1a: Poliwrath|Lovely Kiss|p2a: Wigglytuff\n|-status|p2a: Wigglytuff|slp|[from] move: Lovely Kiss\n|cant|p2a: Wigglytuff|slp\n|\n|upkeep\n|turn|7\n|\n|t:|1668036283\n|switch|p2a: Ampharos|Ampharos, L69, M|267\/267\n|move|p1a: Poliwrath|Belly Drum|p1a: Poliwrath\n|-damage|p1a: Poliwrath|46\/274\n|-setboost|p1a: Poliwrath|atk|6|[from] move: Belly Drum\n|\n|upkeep\n|turn|8\n|\n|t:|1668036294\n|switch|p2a: Poliwrath|Poliwrath, L71, M|274\/274\n|move|p1a: Poliwrath|Body Slam|p2a: Poliwrath\n|-damage|p2a: Poliwrath|105\/274\n|-status|p2a: Poliwrath|par\n|\n|-heal|p2a: Poliwrath|122\/274 par|[from] item: Leftovers\n|upkeep\n|turn|9\n|\n|t:|1668036304\n|move|p1a: Poliwrath|Body Slam|p2a: Poliwrath\n|-damage|p2a: Poliwrath|0 fnt\n|faint|p2a: Poliwrath\n|\n|t:|1668036308\n|switch|p2a: Venomoth|Venomoth, L73, M|184\/253\n|\n|-heal|p2a: Venomoth|199\/253|[from] item: Leftovers\n|upkeep\n|turn|10\n|c|\u2606ThinkWasTaken|one second\n|c|\u2606ThinkWasTaken|i gotta take notes\n|c|\u2606ThinkWasTaken|ill be like 15 seconds\n|c|\u2606ThinkWasTaken|tyty\n|\n|t:|1668036364\n|move|p2a: Venomoth|Sludge Bomb|p1a: Poliwrath\n|-damage|p1a: Poliwrath|0 fnt\n|faint|p1a: Poliwrath\n|c|\u2606ThinkWasTaken|Oohhh unlucky me i should have seen that\n|\n|t:|1668036386\n|switch|p1a: Raikou|Raikou, L65|242\/242 slp\n|\n|-heal|p2a: Venomoth|214\/253|[from] item: Leftovers\n|upkeep\n|turn|11\n|\n|t:|1668036390\n|switch|p2a: Wigglytuff|Wigglytuff, L73, M|355\/355 slp\n|cant|p1a: Raikou|slp\n|move|p1a: Raikou|Sleep Talk|p1a: Raikou\n|move|p1a: Raikou|Rest|p1a: Raikou|[from]Sleep Talk\n|-fail|p1a: Raikou\n|\n|upkeep\n|turn|12\n|\n|t:|1668036399\n|cant|p1a: Raikou|slp\n|move|p1a: Raikou|Sleep Talk|p1a: Raikou\n|move|p1a: Raikou|Rest|p1a: Raikou|[from]Sleep Talk\n|-fail|p1a: Raikou\n|cant|p2a: Wigglytuff|slp\n|move|p2a: Wigglytuff|Sleep Talk|p2a: Wigglytuff\n|move|p2a: Wigglytuff|Rest|p2a: Wigglytuff|[from]Sleep Talk\n|-fail|p2a: Wigglytuff\n|\n|upkeep\n|turn|13\n|\n|t:|1668036410\n|-curestatus|p1a: Raikou|slp|[msg]\n|move|p1a: Raikou|Thunderbolt|p2a: Wigglytuff\n|-damage|p2a: Wigglytuff|239\/355 slp\n|cant|p2a: Wigglytuff|slp\n|move|p2a: Wigglytuff|Sleep Talk|p2a: Wigglytuff\n|move|p2a: Wigglytuff|Double-Edge|p1a: Raikou|[from]Sleep Talk\n|-damage|p1a: Raikou|125\/242\n|-damage|p2a: Wigglytuff|210\/355 slp|[from] Recoil|[of] p1a: Raikou\n|\n|-heal|p1a: Raikou|140\/242|[from] item: Leftovers\n|-heal|p2a: Wigglytuff|232\/355 slp|[from] item: Leftovers\n|upkeep\n|turn|14\n|\n|t:|1668036430\n|switch|p1a: Sandslash|Sandslash, L69, M|246\/246\n|cant|p2a: Wigglytuff|slp\n|move|p2a: Wigglytuff|Sleep Talk|p2a: Wigglytuff\n|move|p2a: Wigglytuff|Fire Blast|p1a: Sandslash|[from]Sleep Talk\n|-damage|p1a: Sandslash|156\/246\n|\n|-heal|p1a: Sandslash|171\/246|[from] item: Leftovers\n|-heal|p2a: Wigglytuff|254\/355 slp|[from] item: Leftovers\n|upkeep\n|turn|15\n|\n|t:|1668036452\n|move|p1a: Sandslash|Swords Dance|p1a: Sandslash\n|-boost|p1a: Sandslash|atk|2\n|cant|p2a: Wigglytuff|slp\n|move|p2a: Wigglytuff|Sleep Talk|p2a: Wigglytuff\n|move|p2a: Wigglytuff|Double-Edge|p1a: Sandslash|[from]Sleep Talk\n|-damage|p1a: Sandslash|86\/246\n|-damage|p2a: Wigglytuff|233\/355 slp|[from] Recoil|[of] p1a: Sandslash\n|\n|-heal|p1a: Sandslash|101\/246|[from] item: Leftovers\n|-heal|p2a: Wigglytuff|255\/355 slp|[from] item: Leftovers\n|upkeep\n|turn|16\n|\n|t:|1668036465\n|move|p1a: Sandslash|Earthquake|p2a: Wigglytuff\n|-damage|p2a: Wigglytuff|20\/355 slp\n|-curestatus|p2a: Wigglytuff|slp|[msg]\n|move|p2a: Wigglytuff|Double-Edge|p1a: Sandslash\n|-damage|p1a: Sandslash|22\/246\n|-damage|p2a: Wigglytuff|1\/355|[from] Recoil|[of] p1a: Sandslash\n|\n|-heal|p1a: Sandslash|37\/246|[from] item: Leftovers\n|-heal|p2a: Wigglytuff|23\/355|[from] item: Leftovers\n|upkeep\n|turn|17\n|\n|t:|1668036480\n|move|p1a: Sandslash|Earthquake|p2a: Wigglytuff\n|-damage|p2a: Wigglytuff|0 fnt\n|faint|p2a: Wigglytuff\n|\n|t:|1668036493\n|switch|p2a: Ampharos|Ampharos, L69, M|267\/267\n|\n|-heal|p1a: Sandslash|52\/246|[from] item: Leftovers\n|upkeep\n|turn|18\n|\n|t:|1668036512\n|move|p1a: Sandslash|Earthquake|p2a: Ampharos\n|-supereffective|p2a: Ampharos\n|-damage|p2a: Ampharos|0 fnt\n|faint|p2a: Ampharos\n|c|\u2606victreeboy|im dumb\n|\n|t:|1668036521\n|switch|p2a: Venomoth|Venomoth, L73, M|214\/253\n|\n|-heal|p2a: Venomoth|229\/253|[from] item: Leftovers\n|-heal|p1a: Sandslash|67\/246|[from] item: Leftovers\n|upkeep\n|turn|19\n|\n|t:|1668036539\n|move|p2a: Venomoth|Psychic|p1a: Sandslash\n|-damage|p1a: Sandslash|0 fnt\n|faint|p1a: Sandslash\n|\n|t:|1668036550\n|switch|p1a: Houndoom|Houndoom, L67, M|239\/239 slp\n|\n|-heal|p2a: Venomoth|244\/253|[from] item: Leftovers\n|upkeep\n|turn|20\n|c|\u2606ThinkWasTaken|but that venomoth might hard sweep my team though\n|c|\u2606ThinkWasTaken|soooo\n|c|\u2606ThinkWasTaken|this might GGs if i dont survive this\n|\n|t:|1668036572\n|move|p2a: Venomoth|Sludge Bomb|p1a: Houndoom\n|-damage|p1a: Houndoom|148\/239 slp\n|cant|p1a: Houndoom|slp\n|\n|-heal|p2a: Venomoth|253\/253|[from] item: Leftovers\n|-heal|p1a: Houndoom|162\/239 slp|[from] item: Leftovers\n|upkeep\n|turn|21\n|\n|t:|1668036579\n|move|p2a: Venomoth|Sludge Bomb|p1a: Houndoom\n|-crit|p1a: Houndoom\n|-damage|p1a: Houndoom|0 fnt\n|faint|p1a: Houndoom\n|\n|t:|1668036589\n|switch|p1a: Raikou|Raikou, L65|140\/242\n|\n|-heal|p1a: Raikou|155\/242|[from] item: Leftovers\n|upkeep\n|turn|22\n|\n|t:|1668036600\n|move|p1a: Raikou|Thunderbolt|p2a: Venomoth\n|-damage|p2a: Venomoth|166\/253\n|move|p2a: Venomoth|Sludge Bomb|p1a: Raikou\n|-damage|p1a: Raikou|72\/242\n|\n|-heal|p1a: Raikou|87\/242|[from] item: Leftovers\n|-heal|p2a: Venomoth|181\/253|[from] item: Leftovers\n|upkeep\n|turn|23\n|\n|t:|1668036617\n|move|p1a: Raikou|Rest|p1a: Raikou\n|-status|p1a: Raikou|slp|[from] move: Rest\n|-heal|p1a: Raikou|242\/242 slp|[silent]\n|move|p2a: Venomoth|Psychic|p1a: Raikou\n|-damage|p1a: Raikou|191\/242 slp\n|\n|-heal|p1a: Raikou|206\/242 slp|[from] item: Leftovers\n|-heal|p2a: Venomoth|196\/253|[from] item: Leftovers\n|upkeep\n|turn|24\n|\n|t:|1668036627\n|cant|p1a: Raikou|slp\n|move|p1a: Raikou|Sleep Talk|p1a: Raikou\n|move|p1a: Raikou|Thunderbolt|p2a: Venomoth|[from]Sleep Talk\n|-damage|p2a: Venomoth|107\/253\n|move|p2a: Venomoth|Sludge Bomb|p1a: Raikou\n|-damage|p1a: Raikou|124\/242 slp\n|\n|-heal|p1a: Raikou|139\/242 slp|[from] item: Leftovers\n|-heal|p2a: Venomoth|122\/253|[from] item: Leftovers\n|upkeep\n|turn|25\n|\n|t:|1668036637\n|cant|p1a: Raikou|slp\n|move|p1a: Raikou|Sleep Talk|p1a: Raikou\n|move|p1a: Raikou|Hidden Power|p2a: Venomoth|[from]Sleep Talk\n|-damage|p2a: Venomoth|80\/253\n|move|p2a: Venomoth|Sludge Bomb|p1a: Raikou\n|-damage|p1a: Raikou|59\/242 slp\n|\n|-heal|p1a: Raikou|74\/242 slp|[from] item: Leftovers\n|-heal|p2a: Venomoth|95\/253|[from] item: Leftovers\n|upkeep\n|turn|26\n|\n|t:|1668036648\n|-curestatus|p1a: Raikou|slp|[msg]\n|move|p1a: Raikou|Thunderbolt|p2a: Venomoth\n|-damage|p2a: Venomoth|2\/253\n|move|p2a: Venomoth|Sludge Bomb|p1a: Raikou\n|-crit|p1a: Raikou\n|-damage|p1a: Raikou|0 fnt\n|faint|p1a: Raikou\n|c|\u2606ThinkWasTaken|Ggs\n|\n|t:|1668036664\n|switch|p1a: Slowking|Slowking, L69, M|274\/274\n|\n|-heal|p2a: Venomoth|17\/253|[from] item: Leftovers\n|upkeep\n|turn|27\n|\n|t:|1668036677\n|move|p2a: Venomoth|Sleep Powder|p1a: Slowking\n|-status|p1a: Slowking|slp|[from] move: Sleep Powder\n|cant|p1a: Slowking|slp\n|\n|-heal|p2a: Venomoth|32\/253|[from] item: Leftovers\n|upkeep\n|turn|28\n|\n|t:|1668036684\n|switch|p2a: Espeon|Espeon, L67, M|210\/210\n|cant|p1a: Slowking|slp\n|move|p1a: Slowking|Sleep Talk|p1a: Slowking\n|move|p1a: Slowking|Fire Blast|p2a: Espeon|[from]Sleep Talk\n|-damage|p2a: Espeon|140\/210\n|\n|-heal|p2a: Espeon|153\/210|[from] item: Leftovers\n|upkeep\n|turn|29\n|\n|t:|1668036695\n|move|p2a: Espeon|Bite|p1a: Slowking\n|-supereffective|p1a: Slowking\n|-damage|p1a: Slowking|201\/274 slp\n|cant|p1a: Slowking|slp\n|move|p1a: Slowking|Sleep Talk|p1a: Slowking\n|move|p1a: Slowking|Rest|p1a: Slowking|[from]Sleep Talk\n|-status|p1a: Slowking|slp|[from] move: Rest\n|-heal|p1a: Slowking|274\/274 slp|[silent]\n|\n|-heal|p2a: Espeon|166\/210|[from] item: Leftovers\n|upkeep\n|turn|30\n|\n|t:|1668036706\n|move|p2a: Espeon|Bite|p1a: Slowking\n|-supereffective|p1a: Slowking\n|-damage|p1a: Slowking|208\/274 slp\n|cant|p1a: Slowking|slp\n|move|p1a: Slowking|Sleep Talk|p1a: Slowking\n|move|p1a: Slowking|Fire Blast|p2a: Espeon|[from]Sleep Talk\n|-damage|p2a: Espeon|91\/210\n|\n|-heal|p2a: Espeon|104\/210|[from] item: Leftovers\n|-heal|p1a: Slowking|225\/274 slp|[from] item: Leftovers\n|upkeep\n|turn|31\n|\n|t:|1668036724\n|move|p2a: Espeon|Substitute|p2a: Espeon\n|-start|p2a: Espeon|Substitute\n|-damage|p2a: Espeon|52\/210\n|cant|p1a: Slowking|slp\n|move|p1a: Slowking|Sleep Talk|p1a: Slowking\n|move|p1a: Slowking|Surf|p2a: Espeon|[from]Sleep Talk\n|-end|p2a: Espeon|Substitute\n|\n|-heal|p2a: Espeon|65\/210|[from] item: Leftovers\n|-heal|p1a: Slowking|242\/274 slp|[from] item: Leftovers\n|upkeep\n|turn|32\n|\n|t:|1668036740\n|switch|p2a: Entei|Entei, L67|288\/288\n|-curestatus|p1a: Slowking|slp|[msg]\n|move|p1a: Slowking|Sleep Talk|p1a: Slowking\n|\n|-heal|p1a: Slowking|259\/274|[from] item: Leftovers\n|upkeep\n|turn|33\n|\n|t:|1668036746\n|move|p2a: Entei|Sunny Day|p2a: Entei\n|-weather|SunnyDay\n|move|p1a: Slowking|Surf|p2a: Entei\n|-supereffective|p2a: Entei\n|-damage|p2a: Entei|184\/288\n|\n|-weather|SunnyDay|[upkeep]\n|-heal|p2a: Entei|202\/288|[from] item: Leftovers\n|-heal|p1a: Slowking|274\/274|[from] item: Leftovers\n|upkeep\n|turn|34\n|\n|t:|1668036755\n|move|p2a: Entei|Solar Beam||[still]\n|-prepare|p2a: Entei|Solar Beam\n|-anim|p2a: Entei|Solar Beam|p1a: Slowking\n|-supereffective|p1a: Slowking\n|-damage|p1a: Slowking|171\/274\n|move|p1a: Slowking|Surf|p2a: Entei\n|-supereffective|p2a: Entei\n|-damage|p2a: Entei|108\/288\n|\n|-weather|SunnyDay|[upkeep]\n|-heal|p2a: Entei|126\/288|[from] item: Leftovers\n|-heal|p1a: Slowking|188\/274|[from] item: Leftovers\n|upkeep\n|turn|35\n|\n|t:|1668036766\n|move|p2a: Entei|Solar Beam||[still]\n|-prepare|p2a: Entei|Solar Beam\n|-anim|p2a: Entei|Solar Beam|p1a: Slowking\n|-supereffective|p1a: Slowking\n|-damage|p1a: Slowking|82\/274\n|move|p1a: Slowking|Rest|p1a: Slowking\n|-status|p1a: Slowking|slp|[from] move: Rest\n|-heal|p1a: Slowking|274\/274 slp|[silent]\n|\n|-weather|SunnyDay|[upkeep]\n|-heal|p2a: Entei|144\/288|[from] item: Leftovers\n|upkeep\n|turn|36\n|\n|t:|1668036776\n|move|p2a: Entei|Solar Beam||[still]\n|-prepare|p2a: Entei|Solar Beam\n|-anim|p2a: Entei|Solar Beam|p1a: Slowking\n|-supereffective|p1a: Slowking\n|-damage|p1a: Slowking|169\/274 slp\n|cant|p1a: Slowking|slp\n|move|p1a: Slowking|Sleep Talk|p1a: Slowking\n|move|p1a: Slowking|Surf|p2a: Entei|[from]Sleep Talk\n|-supereffective|p2a: Entei\n|-damage|p2a: Entei|49\/288\n|\n|-weather|SunnyDay|[upkeep]\n|-heal|p2a: Entei|67\/288|[from] item: Leftovers\n|-heal|p1a: Slowking|186\/274 slp|[from] item: Leftovers\n|upkeep\n|turn|37\n|\n|t:|1668036791\n|move|p2a: Entei|Solar Beam||[still]\n|-prepare|p2a: Entei|Solar Beam\n|-anim|p2a: Entei|Solar Beam|p1a: Slowking\n|-supereffective|p1a: Slowking\n|-damage|p1a: Slowking|70\/274 slp\n|cant|p1a: Slowking|slp\n|move|p1a: Slowking|Sleep Talk|p1a: Slowking\n|move|p1a: Slowking|Fire Blast|p2a: Entei|[from]Sleep Talk\n|-resisted|p2a: Entei\n|-damage|p2a: Entei|9\/288\n|\n|-weather|none\n|-heal|p2a: Entei|27\/288|[from] item: Leftovers\n|-heal|p1a: Slowking|87\/274 slp|[from] item: Leftovers\n|upkeep\n|turn|38\n|\n|t:|1668036811\n|move|p2a: Entei|Sunny Day|p2a: Entei\n|-weather|SunnyDay\n|-curestatus|p1a: Slowking|slp|[msg]\n|move|p1a: Slowking|Rest|p1a: Slowking\n|-status|p1a: Slowking|slp|[from] move: Rest\n|-heal|p1a: Slowking|274\/274 slp|[silent]\n|\n|-weather|SunnyDay|[upkeep]\n|-heal|p2a: Entei|45\/288|[from] item: Leftovers\n|upkeep\n|turn|39\n|\n|t:|1668036821\n|move|p2a: Entei|Solar Beam||[still]\n|-prepare|p2a: Entei|Solar Beam\n|-anim|p2a: Entei|Solar Beam|p1a: Slowking\n|-supereffective|p1a: Slowking\n|-damage|p1a: Slowking|161\/274 slp\n|cant|p1a: Slowking|slp\n|move|p1a: Slowking|Sleep Talk|p1a: Slowking\n|move|p1a: Slowking|Rest|p1a: Slowking|[from]Sleep Talk\n|-status|p1a: Slowking|slp|[from] move: Rest\n|-heal|p1a: Slowking|274\/274 slp|[silent]\n|\n|-weather|SunnyDay|[upkeep]\n|-heal|p2a: Entei|63\/288|[from] item: Leftovers\n|upkeep\n|turn|40\n|\n|t:|1668036833\n|move|p2a: Entei|Solar Beam||[still]\n|-prepare|p2a: Entei|Solar Beam\n|-anim|p2a: Entei|Solar Beam|p1a: Slowking\n|-supereffective|p1a: Slowking\n|-damage|p1a: Slowking|164\/274 slp\n|cant|p1a: Slowking|slp\n|move|p1a: Slowking|Sleep Talk|p1a: Slowking\n|move|p1a: Slowking|Surf|p2a: Entei|[from]Sleep Talk\n|-supereffective|p2a: Entei\n|-damage|p2a: Entei|0 fnt\n|faint|p2a: Entei\n|\n|t:|1668036846\n|switch|p2a: Espeon|Espeon, L67, M|65\/210\n|\n|-weather|SunnyDay|[upkeep]\n|-heal|p2a: Espeon|78\/210|[from] item: Leftovers\n|-heal|p1a: Slowking|181\/274 slp|[from] item: Leftovers\n|upkeep\n|turn|41\n|\n|t:|1668036852\n|move|p2a: Espeon|Substitute|p2a: Espeon\n|-start|p2a: Espeon|Substitute\n|-damage|p2a: Espeon|26\/210\n|cant|p1a: Slowking|slp\n|move|p1a: Slowking|Sleep Talk|p1a: Slowking\n|move|p1a: Slowking|Fire Blast|p2a: Espeon|[from]Sleep Talk\n|-end|p2a: Espeon|Substitute\n|\n|-weather|SunnyDay|[upkeep]\n|-heal|p2a: Espeon|39\/210|[from] item: Leftovers\n|-heal|p1a: Slowking|198\/274 slp|[from] item: Leftovers\n|upkeep\n|turn|42\n|\n|t:|1668036865\n|move|p2a: Espeon|Bite|p1a: Slowking\n|-supereffective|p1a: Slowking\n|-damage|p1a: Slowking|125\/274 slp\n|-curestatus|p1a: Slowking|slp|[msg]\n|move|p1a: Slowking|Surf|p2a: Espeon\n|-damage|p2a: Espeon|0 fnt\n|faint|p2a: Espeon\n|\n|t:|1668036871\n|switch|p2a: Venomoth|Venomoth, L73, M|32\/253\n|\n|-weather|none\n|-heal|p2a: Venomoth|47\/253|[from] item: Leftovers\n|-heal|p1a: Slowking|142\/274|[from] item: Leftovers\n|upkeep\n|turn|43\n|\n|t:|1668036876\n|move|p2a: Venomoth|Sleep Powder|p1a: Slowking|[miss]\n|-miss|p2a: Venomoth\n|move|p1a: Slowking|Surf|p2a: Venomoth\n|-damage|p2a: Venomoth|0 fnt\n|faint|p2a: Venomoth\n|\n|win|ThinkWasTaken\n|raw|ThinkWasTaken's rating: 1082 &rarr; <strong>1134<\/strong><br \/>(+52 for winning)\n|raw|victreeboy's rating: 1537 &rarr; <strong>1500<\/strong><br \/>(-37 for losing)\n|l|\u2606victreeboy\n|c|\u2606ThinkWasTaken|GGs\n|c|\u2606ThinkWasTaken|that was HE LEFT\n|c|\u2606ThinkWasTaken|ONN JAWW\n|c|\u2606ThinkWasTaken|LOLLLL\n|c|\u2606ThinkWasTaken|Ggs tho\n|c|\u2606ThinkWasTaken|<3\n","inputlog":">version 453a3ad56483cc6a5c08448f6577d394b68621b7\n>start {\"formatid\":\"gen2randombattle\",\"seed\":[30625,62955,6353,15141],\"rated\":\"Rated battle\"}\n>player p1 {\"name\":\"ThinkWasTaken\",\"avatar\":\"dawn-gen4pt\",\"rating\":1082,\"seed\":[621,42222,3846,37800]}\n>player p2 {\"name\":\"victreeboy\",\"avatar\":\"169\",\"rating\":1537,\"seed\":[35953,33132,60190,37508]}\n>p1 move sunnyday\n>p2 move sleeppowder\n>p1 switch 4\n>p2 move sludgebomb\n>chat \u2606ThinkWasTaken|smart move fr\n>p1 move thunderbolt\n>p2 move sludgebomb\n>p1 move rest\n>p2 switch 2\n>p1 switch 5\n>p2 move doubleedge\n>p1 move lovelykiss\n>p2 move doubleedge\n>p1 move bellydrum\n>p2 switch 3\n>p1 move bodyslam\n>p2 switch 5\n>p1 move bodyslam\n>p2 move bodyslam\n>p2 switch 2\n>chat \u2606ThinkWasTaken|one second\n>chat \u2606ThinkWasTaken|i gotta take notes\n>chat \u2606ThinkWasTaken|ill be like 15 seconds\n>chat \u2606ThinkWasTaken|tyty\n>p1 move earthquake\n>p2 move sludgebomb\n>chat \u2606ThinkWasTaken|Oohhh unlucky me i should have seen that\n>p1 switch 5\n>p1 move sleeptalk\n>p2 switch 3\n>p1 move sleeptalk\n>p2 move sleeptalk\n>p1 move thunderbolt\n>p2 move sleeptalk\n>p1 switch 3\n>p2 move sleeptalk\n>p1 move swordsdance\n>p2 move sleeptalk\n>p1 move earthquake\n>p2 move doubleedge\n>p1 move earthquake\n>p2 move doubleedge\n>p2 switch 5\n>p1 move earthquake\n>p2 move hiddenpower\n>chat \u2606victreeboy|im dumb\n>p2 switch 3\n>p1 move earthquake\n>p2 move psychic\n>p1 switch 4\n>chat \u2606ThinkWasTaken|but that venomoth might hard sweep my team though\n>chat \u2606ThinkWasTaken|soooo\n>chat \u2606ThinkWasTaken|this might GGs if i dont survive this\n>p1 move sunnyday\n>p2 move sludgebomb\n>p1 move fireblast\n>p2 move sludgebomb\n>p1 switch 3\n>p1 move thunderbolt\n>p2 move sludgebomb\n>p1 move rest\n>p2 move psychic\n>p1 move sleeptalk\n>p2 move sludgebomb\n>p1 move sleeptalk\n>p2 move sludgebomb\n>p1 move thunderbolt\n>p2 move sludgebomb\n>chat \u2606ThinkWasTaken|Ggs\n>p1 switch 6\n>p1 move surf\n>p2 move sleeppowder\n>p1 move sleeptalk\n>p2 switch 6\n>p1 move sleeptalk\n>p2 move bite\n>p1 move sleeptalk\n>p2 move bite\n>p1 move sleeptalk\n>p2 move substitute\n>p1 move sleeptalk\n>p2 switch 4\n>p1 move surf\n>p2 move sunnyday\n>p1 move surf\n>p2 move solarbeam\n>p1 move rest\n>p2 move solarbeam\n>p1 move sleeptalk\n>p2 move solarbeam\n>p1 move sleeptalk\n>p2 move solarbeam\n>p1 move rest\n>p2 move sunnyday\n>p1 move sleeptalk\n>p2 move solarbeam\n>p1 move sleeptalk\n>p2 move solarbeam\n>p2 switch 4\n>p1 move sleeptalk\n>p2 move substitute\n>p1 move surf\n>p2 move bite\n>p2 switch 6\n>p1 move surf\n>p2 move sleeppowder","uploadtime":1668036896,"views":4,"p1id":"thinkwastaken","p2id":"victreeboy","formatid":"gen2randombattle","rating":1134,"private":0,"password":null}