{"id":"gen3ou-1100682817","p1":"willcoxw","p2":"rojo9149","format":"gen3ou","log":"|j|\u2606willcoxw\n|j|\u2606rojo9149\n|player|p1|willcoxw|clair|1239\n|player|p2|rojo9149|102|1180\n|teamsize|p1|6\n|teamsize|p2|6\n|gametype|singles\n|gen|3\n|tier|[Gen 3] OU\n|rated|\n|rule|Sleep Clause Mod: Limit one foe put to sleep\n|rule|Switch Priority Clause Mod: Faster Pok\u00e9mon switch first\n|rule|Species Clause: Limit one of each Pok\u00e9mon\n|rule|OHKO Clause: OHKO moves are banned\n|rule|Moody Clause: Moody is banned\n|rule|Evasion Moves Clause: Evasion moves are banned\n|rule|Endless Battle Clause: Forcing endless battles is banned\n|rule|HP Percentage Mod: HP is shown in percentages\n|rule|3 Baton Pass Clause: Limit three Baton Passers\n|\n|start\n|switch|p1a: Skarmory|Skarmory, M|100\/100\n|switch|p2a: Zapdos|Zapdos|100\/100\n|turn|1\n|\n|switch|p1a: Blissey|Blissey, F|100\/100\n|move|p2a: Zapdos|Thunderbolt|p1a: Blissey\n|-damage|p1a: Blissey|84\/100\n|-status|p1a: Blissey|par\n|\n|-heal|p1a: Blissey|90\/100 par|[from] item: Leftovers\n|upkeep\n|turn|2\n|\n|move|p2a: Zapdos|Baton Pass|p2a: Zapdos\n|\n|switch|p2a: Cloyster|Cloyster, F|100\/100|[from]move: Baton Pass\n|cant|p1a: Blissey|par\n|\n|-heal|p1a: Blissey|97\/100 par|[from] item: Leftovers\n|upkeep\n|turn|3\n|\n|-curestatus|p1a: Blissey|par|[from] ability: Natural Cure\n|switch|p1a: Skarmory|Skarmory, M|100\/100\n|move|p2a: Cloyster|Spikes|p1a: Skarmory\n|-sidestart|p1: willcoxw|Spikes\n|\n|upkeep\n|turn|4\n|\n|move|p2a: Cloyster|Explosion|p1a: Skarmory\n|-resisted|p1a: Skarmory\n|-damage|p1a: Skarmory|60\/100\n|faint|p2a: Cloyster\n|\n|switch|p2a: Zapdos|Zapdos|100\/100\n|\n|-heal|p1a: Skarmory|66\/100|[from] item: Leftovers\n|upkeep\n|turn|5\n|\n|switch|p1a: Blissey|Blissey, F|97\/100\n|-damage|p1a: Blissey|84\/100|[from] Spikes\n|move|p2a: Zapdos|Thunderbolt|p1a: Blissey\n|-damage|p1a: Blissey|67\/100\n|\n|-heal|p1a: Blissey|74\/100|[from] item: Leftovers\n|upkeep\n|turn|6\n|\n|move|p2a: Zapdos|Hidden Power|p1a: Blissey\n|-supereffective|p1a: Blissey\n|-damage|p1a: Blissey|32\/100\n|move|p1a: Blissey|Calm Mind|p1a: Blissey\n|-boost|p1a: Blissey|spa|1\n|-boost|p1a: Blissey|spd|1\n|\n|-heal|p1a: Blissey|38\/100|[from] item: Leftovers\n|upkeep\n|turn|7\n|\n|move|p2a: Zapdos|Hidden Power|p1a: Blissey\n|-supereffective|p1a: Blissey\n|-crit|p1a: Blissey\n|-damage|p1a: Blissey|0 fnt\n|faint|p1a: Blissey\n|\n|switch|p1a: Tyranitar|Tyranitar, M|100\/100\n|-damage|p1a: Tyranitar|88\/100|[from] Spikes\n|-weather|Sandstorm|[from] ability: Sand Stream|[of] p1a: Tyranitar\n|\n|-weather|Sandstorm|[upkeep]\n|-damage|p2a: Zapdos|94\/100|[from] Sandstorm\n|-heal|p2a: Zapdos|100\/100|[from] item: Leftovers\n|-heal|p1a: Tyranitar|94\/100|[from] item: Leftovers\n|upkeep\n|turn|8\n|\n|move|p2a: Zapdos|Baton Pass|p2a: Zapdos\n|\n|switch|p2a: Swampert|Swampert, M|100\/100|[from]move: Baton Pass\n|move|p1a: Tyranitar|Dragon Dance|p1a: Tyranitar\n|-boost|p1a: Tyranitar|atk|1\n|-boost|p1a: Tyranitar|spe|1\n|\n|-weather|Sandstorm|[upkeep]\n|-heal|p1a: Tyranitar|100\/100|[from] item: Leftovers\n|upkeep\n|turn|9\n|\n|move|p1a: Tyranitar|Hidden Power|p2a: Swampert\n|-damage|p2a: Swampert|54\/100\n|move|p2a: Swampert|Hydro Pump|p1a: Tyranitar\n|-supereffective|p1a: Tyranitar\n|-damage|p1a: Tyranitar|11\/100\n|\n|-weather|Sandstorm|[upkeep]\n|-heal|p1a: Tyranitar|17\/100|[from] item: Leftovers\n|upkeep\n|turn|10\n|\n|move|p1a: Tyranitar|Earthquake|p2a: Swampert\n|-damage|p2a: Swampert|0 fnt\n|faint|p2a: Swampert\n|\n|switch|p2a: Jolteon|Jolteon, F|100\/100\n|\n|-weather|Sandstorm|[upkeep]\n|-damage|p2a: Jolteon|94\/100|[from] Sandstorm\n|-heal|p2a: Jolteon|100\/100|[from] item: Leftovers\n|-heal|p1a: Tyranitar|23\/100|[from] item: Leftovers\n|upkeep\n|turn|11\n|\n|move|p2a: Jolteon|Thunderbolt|p1a: Tyranitar\n|-damage|p1a: Tyranitar|0 fnt\n|faint|p1a: Tyranitar\n|\n|switch|p1a: Metagross|Metagross|100\/100\n|-damage|p1a: Metagross|88\/100|[from] Spikes\n|\n|-weather|Sandstorm|[upkeep]\n|-damage|p2a: Jolteon|94\/100|[from] Sandstorm\n|-heal|p2a: Jolteon|100\/100|[from] item: Leftovers\n|-heal|p1a: Metagross|94\/100|[from] item: Leftovers\n|upkeep\n|turn|12\n|\n|move|p2a: Jolteon|Baton Pass|p2a: Jolteon\n|\n|switch|p2a: Zapdos|Zapdos|100\/100|[from]move: Baton Pass\n|move|p1a: Metagross|Agility|p1a: Metagross\n|-boost|p1a: Metagross|spe|2\n|\n|-weather|Sandstorm|[upkeep]\n|-damage|p2a: Zapdos|94\/100|[from] Sandstorm\n|-heal|p1a: Metagross|100\/100|[from] item: Leftovers\n|-heal|p2a: Zapdos|100\/100|[from] item: Leftovers\n|upkeep\n|turn|13\n|\n|move|p1a: Metagross|Meteor Mash|p2a: Zapdos\n|-resisted|p2a: Zapdos\n|-damage|p2a: Zapdos|58\/100\n|move|p2a: Zapdos|Thunderbolt|p1a: Metagross\n|-damage|p1a: Metagross|53\/100\n|\n|-weather|Sandstorm|[upkeep]\n|-damage|p2a: Zapdos|52\/100|[from] Sandstorm\n|-heal|p1a: Metagross|59\/100|[from] item: Leftovers\n|-heal|p2a: Zapdos|58\/100|[from] item: Leftovers\n|upkeep\n|turn|14\n|\n|move|p1a: Metagross|Meteor Mash|p2a: Zapdos\n|-resisted|p2a: Zapdos\n|-damage|p2a: Zapdos|17\/100\n|-boost|p1a: Metagross|atk|1\n|move|p2a: Zapdos|Thunderbolt|p1a: Metagross\n|-damage|p1a: Metagross|12\/100\n|\n|-weather|Sandstorm|[upkeep]\n|-damage|p2a: Zapdos|11\/100|[from] Sandstorm\n|-heal|p1a: Metagross|18\/100|[from] item: Leftovers\n|-heal|p2a: Zapdos|17\/100|[from] item: Leftovers\n|upkeep\n|turn|15\n|\n|move|p1a: Metagross|Meteor Mash|p2a: Zapdos\n|-resisted|p2a: Zapdos\n|-damage|p2a: Zapdos|0 fnt\n|faint|p2a: Zapdos\n|\n|switch|p2a: Jolteon|Jolteon, F|100\/100\n|\n|-weather|Sandstorm|[upkeep]\n|-damage|p2a: Jolteon|94\/100|[from] Sandstorm\n|-heal|p1a: Metagross|24\/100|[from] item: Leftovers\n|-heal|p2a: Jolteon|100\/100|[from] item: Leftovers\n|upkeep\n|turn|16\n|\n|move|p1a: Metagross|Earthquake|p2a: Jolteon\n|-supereffective|p2a: Jolteon\n|-damage|p2a: Jolteon|0 fnt\n|faint|p2a: Jolteon\n|\n|switch|p2a: Gengar|Gengar, F|100\/100\n|\n|-weather|Sandstorm|[upkeep]\n|-damage|p2a: Gengar|94\/100|[from] Sandstorm\n|-heal|p1a: Metagross|31\/100|[from] item: Leftovers\n|-heal|p2a: Gengar|100\/100|[from] item: Leftovers\n|upkeep\n|turn|17\n|\n|move|p1a: Metagross|Meteor Mash|p2a: Gengar\n|-damage|p2a: Gengar|0 fnt\n|-boost|p1a: Metagross|atk|1\n|faint|p2a: Gengar\n|\n|switch|p2a: Tyranitar|Tyranitar, M|100\/100\n|\n|-weather|Sandstorm|[upkeep]\n|-heal|p1a: Metagross|37\/100|[from] item: Leftovers\n|upkeep\n|turn|18\n|\n|move|p1a: Metagross|Explosion|p2a: Tyranitar\n|-resisted|p2a: Tyranitar\n|-damage|p2a: Tyranitar|0 fnt\n|faint|p1a: Metagross\n|faint|p2a: Tyranitar\n|\n|win|willcoxw\n|raw|willcoxw's rating: 1216 &rarr; <strong>1239<\/strong><br \/>(+23 for winning)\n|raw|rojo9149's rating: 1180 &rarr; <strong>1158<\/strong><br \/>(-22 for losing)\n","uploadtime":1587478890,"views":16,"p1id":"willcoxw","p2id":"rojo9149","formatid":"gen3ou","rating":1158,"private":0,"password":null}