{"id":"gen3ou-1162802736","p1":"winter lanterns","p2":"I love tropius","format":"gen3ou","log":"|j|\u2606winter lanterns\n|j|\u2606I love tropius\n|t:|1596497248\n|player|p1|winter lanterns|265|1408\n|player|p2|I love tropius|hugh|1204\n|teamsize|p1|6\n|teamsize|p2|6\n|gametype|singles\n|gen|3\n|tier|[Gen 3] OU\n|rated|\n|rule|Sleep Clause Mod: Limit one foe put to sleep\n|rule|Switch Priority Clause Mod: Faster Pok\u00e9mon switch first\n|rule|Species Clause: Limit one of each Pok\u00e9mon\n|rule|OHKO Clause: OHKO moves are banned\n|rule|Moody Clause: Moody is banned\n|rule|Evasion Moves Clause: Evasion moves are banned\n|rule|Endless Battle Clause: Forcing endless battles is banned\n|rule|HP Percentage Mod: HP is shown in percentages\n|rule|3 Baton Pass Clause: Limit three Baton Passers\n|\n|t:|1596497248\n|start\n|switch|p1a: Zapdos|Zapdos|100\/100\n|switch|p2a: Suicune|Suicune|100\/100\n|turn|1\n|c|\u2606I love tropius|hf\n|c|\u2606winter lanterns|u2\n|\n|t:|1596497292\n|switch|p2a: Flygon|Flygon, F|100\/100\n|move|p1a: Zapdos|Toxic|p2a: Flygon\n|-status|p2a: Flygon|tox\n|\n|-damage|p2a: Flygon|95\/100 tox|[from] psn\n|upkeep\n|turn|2\n|\n|t:|1596497312\n|move|p1a: Zapdos|Hidden Power|p2a: Flygon\n|-supereffective|p2a: Flygon\n|-damage|p2a: Flygon|0 fnt\n|faint|p2a: Flygon\n|\n|t:|1596497317\n|switch|p2a: Magneton|Magneton|100\/100\n|\n|upkeep\n|turn|3\n|\n|t:|1596497320\n|switch|p1a: Dugtrio|Dugtrio, M|100\/100\n|move|p2a: Magneton|Substitute|p2a: Magneton\n|-start|p2a: Magneton|Substitute\n|-damage|p2a: Magneton|76\/100\n|\n|-heal|p2a: Magneton|82\/100|[from] item: Leftovers\n|upkeep\n|turn|4\n|\n|t:|1596497332\n|switch|p1a: Tyranitar|Tyranitar, M|100\/100\n|-weather|Sandstorm|[from] ability: Sand Stream|[of] p1a: Tyranitar\n|move|p2a: Magneton|Toxic|p1a: Tyranitar\n|-status|p1a: Tyranitar|tox\n|\n|-weather|Sandstorm|[upkeep]\n|-heal|p2a: Magneton|87\/100|[from] item: Leftovers\n|-damage|p1a: Tyranitar|94\/100 tox|[from] psn\n|upkeep\n|turn|5\n|\n|t:|1596497348\n|move|p1a: Tyranitar|Earthquake|p2a: Magneton\n|-supereffective|p2a: Magneton\n|-end|p2a: Magneton|Substitute\n|move|p2a: Magneton|Thunderbolt|p1a: Tyranitar\n|-damage|p1a: Tyranitar|46\/100 tox\n|\n|-weather|Sandstorm|[upkeep]\n|-heal|p2a: Magneton|93\/100|[from] item: Leftovers\n|-damage|p1a: Tyranitar|33\/100 tox|[from] psn\n|upkeep\n|turn|6\n|\n|t:|1596497362\n|switch|p2a: Suicune|Suicune|100\/100\n|move|p1a: Tyranitar|Earthquake|p2a: Suicune\n|-damage|p2a: Suicune|54\/100\n|\n|-weather|Sandstorm|[upkeep]\n|-damage|p2a: Suicune|48\/100|[from] Sandstorm\n|-heal|p2a: Suicune|54\/100|[from] item: Leftovers\n|-damage|p1a: Tyranitar|15\/100 tox|[from] psn\n|upkeep\n|turn|7\n|\n|t:|1596497370\n|move|p2a: Suicune|Ice Beam|p1a: Tyranitar\n|-damage|p1a: Tyranitar|0 fnt\n|faint|p1a: Tyranitar\n|\n|t:|1596497372\n|switch|p1a: Zapdos|Zapdos|100\/100\n|\n|-weather|Sandstorm|[upkeep]\n|-damage|p1a: Zapdos|94\/100|[from] Sandstorm\n|-damage|p2a: Suicune|48\/100|[from] Sandstorm\n|-heal|p1a: Zapdos|100\/100|[from] item: Leftovers\n|-heal|p2a: Suicune|54\/100|[from] item: Leftovers\n|upkeep\n|turn|8\n|\n|t:|1596497375\n|switch|p2a: Magneton|Magneton|93\/100\n|move|p1a: Zapdos|Thunderbolt|p2a: Magneton\n|-resisted|p2a: Magneton\n|-damage|p2a: Magneton|54\/100\n|\n|-weather|Sandstorm|[upkeep]\n|-damage|p1a: Zapdos|94\/100|[from] Sandstorm\n|-heal|p1a: Zapdos|100\/100|[from] item: Leftovers\n|-heal|p2a: Magneton|60\/100|[from] item: Leftovers\n|upkeep\n|turn|9\n|j| dracovishalt\n|\n|t:|1596497380\n|move|p1a: Zapdos|Thunderbolt|p2a: Magneton\n|-resisted|p2a: Magneton\n|-damage|p2a: Magneton|19\/100\n|move|p2a: Magneton|Toxic|p1a: Zapdos|[miss]\n|-miss|p2a: Magneton|p1a: Zapdos\n|\n|-weather|Sandstorm|[upkeep]\n|-damage|p1a: Zapdos|94\/100|[from] Sandstorm\n|-heal|p1a: Zapdos|100\/100|[from] item: Leftovers\n|-heal|p2a: Magneton|25\/100|[from] item: Leftovers\n|upkeep\n|turn|10\n|l| dracovishalt\n|\n|t:|1596497385\n|move|p2a: Magneton|Protect|p2a: Magneton\n|-singleturn|p2a: Magneton|Protect\n|move|p1a: Zapdos|Thunderbolt|p2a: Magneton\n|-activate|p2a: Magneton|Protect\n|\n|-weather|Sandstorm|[upkeep]\n|-damage|p1a: Zapdos|94\/100|[from] Sandstorm\n|-heal|p1a: Zapdos|100\/100|[from] item: Leftovers\n|-heal|p2a: Magneton|31\/100|[from] item: Leftovers\n|upkeep\n|turn|11\n|\n|t:|1596497391\n|switch|p2a: Celebi|Celebi|100\/100\n|move|p1a: Zapdos|Thunderbolt|p2a: Celebi\n|-resisted|p2a: Celebi\n|-damage|p2a: Celebi|79\/100\n|\n|-weather|Sandstorm|[upkeep]\n|-damage|p1a: Zapdos|94\/100|[from] Sandstorm\n|-damage|p2a: Celebi|73\/100|[from] Sandstorm\n|-heal|p1a: Zapdos|100\/100|[from] item: Leftovers\n|-heal|p2a: Celebi|79\/100|[from] item: Leftovers\n|upkeep\n|turn|12\n|\n|t:|1596497414\n|move|p1a: Zapdos|Hidden Power|p2a: Celebi\n|-supereffective|p2a: Celebi\n|-damage|p2a: Celebi|40\/100\n|move|p2a: Celebi|Calm Mind|p2a: Celebi\n|-boost|p2a: Celebi|spa|1\n|-boost|p2a: Celebi|spd|1\n|\n|-weather|Sandstorm|[upkeep]\n|-damage|p1a: Zapdos|94\/100|[from] Sandstorm\n|-damage|p2a: Celebi|34\/100|[from] Sandstorm\n|-heal|p1a: Zapdos|100\/100|[from] item: Leftovers\n|-heal|p2a: Celebi|40\/100|[from] item: Leftovers\n|upkeep\n|turn|13\n|\n|t:|1596497422\n|move|p1a: Zapdos|Hidden Power|p2a: Celebi\n|-supereffective|p2a: Celebi\n|-damage|p2a: Celebi|14\/100\n|move|p2a: Celebi|Recover|p2a: Celebi\n|-heal|p2a: Celebi|64\/100\n|\n|-weather|Sandstorm|[upkeep]\n|-damage|p1a: Zapdos|94\/100|[from] Sandstorm\n|-damage|p2a: Celebi|57\/100|[from] Sandstorm\n|-heal|p1a: Zapdos|100\/100|[from] item: Leftovers\n|-heal|p2a: Celebi|64\/100|[from] item: Leftovers\n|upkeep\n|turn|14\n|\n|t:|1596497426\n|move|p1a: Zapdos|Toxic|p2a: Celebi\n|-status|p2a: Celebi|tox\n|move|p2a: Celebi|Recover|p2a: Celebi\n|-heal|p2a: Celebi|100\/100 tox\n|\n|-weather|Sandstorm|[upkeep]\n|-damage|p1a: Zapdos|94\/100|[from] Sandstorm\n|-damage|p2a: Celebi|94\/100 tox|[from] Sandstorm\n|-heal|p1a: Zapdos|100\/100|[from] item: Leftovers\n|-heal|p2a: Celebi|100\/100 tox|[from] item: Leftovers\n|-damage|p2a: Celebi|94\/100 tox|[from] psn\n|upkeep\n|turn|15\n|\n|t:|1596497430\n|move|p1a: Zapdos|Hidden Power|p2a: Celebi\n|-supereffective|p2a: Celebi\n|-crit|p2a: Celebi\n|-damage|p2a: Celebi|11\/100 tox\n|move|p2a: Celebi|Baton Pass|p2a: Celebi\n|\n|t:|1596497441\n|-curestatus|p2a: Celebi|tox|[from] ability: Natural Cure\n|switch|p2a: Walrein|Walrein, F|100\/100|[from]move: Baton Pass\n|\n|-weather|Sandstorm|[upkeep]\n|-damage|p1a: Zapdos|94\/100|[from] Sandstorm\n|-damage|p2a: Walrein|94\/100|[from] Sandstorm\n|-heal|p1a: Zapdos|100\/100|[from] item: Leftovers\n|-heal|p2a: Walrein|100\/100|[from] item: Leftovers\n|upkeep\n|turn|16\n|\n|t:|1596497459\n|move|p1a: Zapdos|Thunder Wave|p2a: Walrein\n|-status|p2a: Walrein|par\n|move|p2a: Walrein|Ice Beam|p1a: Zapdos\n|-supereffective|p1a: Zapdos\n|-damage|p1a: Zapdos|0 fnt\n|faint|p1a: Zapdos\n|\n|t:|1596497462\n|switch|p1a: Jirachi|Jirachi|100\/100\n|\n|-weather|Sandstorm|[upkeep]\n|-damage|p2a: Walrein|94\/100 par|[from] Sandstorm\n|-heal|p2a: Walrein|100\/100 par|[from] item: Leftovers\n|upkeep\n|turn|17\n|c|\u2606I love tropius|yo i didn't think that killed lol\n|\n|t:|1596497517\n|move|p1a: Jirachi|Substitute|p1a: Jirachi\n|-start|p1a: Jirachi|Substitute\n|-damage|p1a: Jirachi|75\/100\n|move|p2a: Walrein|Curse|p2a: Walrein\n|-unboost|p2a: Walrein|spe|1\n|-boost|p2a: Walrein|atk|1\n|-boost|p2a: Walrein|def|1\n|\n|-weather|Sandstorm|[upkeep]\n|-damage|p2a: Walrein|94\/100 par|[from] Sandstorm\n|-heal|p1a: Jirachi|82\/100|[from] item: Leftovers\n|-heal|p2a: Walrein|100\/100 par|[from] item: Leftovers\n|upkeep\n|turn|18\n|\n|t:|1596497523\n|move|p1a: Jirachi|Calm Mind|p1a: Jirachi\n|-boost|p1a: Jirachi|spa|1\n|-boost|p1a: Jirachi|spd|1\n|move|p2a: Walrein|Earthquake|p1a: Jirachi\n|-supereffective|p1a: Jirachi\n|-crit|p1a: Jirachi\n|-end|p1a: Jirachi|Substitute\n|\n|-weather|Sandstorm|[upkeep]\n|-damage|p2a: Walrein|94\/100 par|[from] Sandstorm\n|-heal|p1a: Jirachi|88\/100|[from] item: Leftovers\n|-heal|p2a: Walrein|100\/100 par|[from] item: Leftovers\n|upkeep\n|turn|19\n|\n|t:|1596497528\n|move|p1a: Jirachi|Thunder|p2a: Walrein|[miss]\n|-miss|p1a: Jirachi|p2a: Walrein\n|move|p2a: Walrein|Earthquake|p1a: Jirachi\n|-supereffective|p1a: Jirachi\n|-damage|p1a: Jirachi|25\/100\n|\n|-weather|Sandstorm|[upkeep]\n|-damage|p2a: Walrein|94\/100 par|[from] Sandstorm\n|-heal|p1a: Jirachi|31\/100|[from] item: Leftovers\n|-heal|p2a: Walrein|100\/100 par|[from] item: Leftovers\n|upkeep\n|turn|20\n|\n|t:|1596497544\n|move|p1a: Jirachi|Thunder|p2a: Walrein\n|-supereffective|p2a: Walrein\n|-damage|p2a: Walrein|44\/100 par\n|move|p2a: Walrein|Earthquake|p1a: Jirachi\n|-supereffective|p1a: Jirachi\n|-damage|p1a: Jirachi|0 fnt\n|faint|p1a: Jirachi\n|\n|t:|1596497556\n|switch|p1a: Suicune|Suicune|100\/100\n|\n|-weather|Sandstorm|[upkeep]\n|-damage|p1a: Suicune|94\/100|[from] Sandstorm\n|-damage|p2a: Walrein|38\/100 par|[from] Sandstorm\n|-heal|p1a: Suicune|100\/100|[from] item: Leftovers\n|-heal|p2a: Walrein|44\/100 par|[from] item: Leftovers\n|upkeep\n|turn|21\n|\n|t:|1596497566\n|move|p1a: Suicune|Calm Mind|p1a: Suicune\n|-boost|p1a: Suicune|spa|1\n|-boost|p1a: Suicune|spd|1\n|move|p2a: Walrein|Rest|p2a: Walrein\n|-status|p2a: Walrein|slp|[from] move: Rest\n|-heal|p2a: Walrein|100\/100 slp|[silent]\n|\n|-weather|Sandstorm|[upkeep]\n|-damage|p1a: Suicune|94\/100|[from] Sandstorm\n|-damage|p2a: Walrein|94\/100 slp|[from] Sandstorm\n|-heal|p1a: Suicune|100\/100|[from] item: Leftovers\n|-heal|p2a: Walrein|100\/100 slp|[from] item: Leftovers\n|upkeep\n|turn|22\n|\n|t:|1596497620\n|switch|p2a: Metagross|Metagross|100\/100\n|move|p1a: Suicune|Calm Mind|p1a: Suicune\n|-boost|p1a: Suicune|spa|1\n|-boost|p1a: Suicune|spd|1\n|\n|-weather|Sandstorm|[upkeep]\n|-damage|p1a: Suicune|94\/100|[from] Sandstorm\n|-heal|p1a: Suicune|100\/100|[from] item: Leftovers\n|upkeep\n|turn|23\n|\n|t:|1596497625\n|move|p1a: Suicune|Hydro Pump|p2a: Metagross\n|-damage|p2a: Metagross|0 fnt\n|faint|p2a: Metagross\n|c|\u2606I love tropius|gg\n|\n|t:|1596497633\n|switch|p2a: Magneton|Magneton|31\/100\n|\n|-weather|Sandstorm|[upkeep]\n|-damage|p1a: Suicune|94\/100|[from] Sandstorm\n|-heal|p1a: Suicune|100\/100|[from] item: Leftovers\n|-heal|p2a: Magneton|37\/100|[from] item: Leftovers\n|upkeep\n|turn|24\n|c|\u2606winter lanterns|gg\n|\n|t:|1596497639\n|move|p1a: Suicune|Hydro Pump|p2a: Magneton|[miss]\n|-miss|p1a: Suicune|p2a: Magneton\n|move|p2a: Magneton|Toxic|p1a: Suicune\n|-status|p1a: Suicune|tox\n|\n|-weather|Sandstorm|[upkeep]\n|-damage|p1a: Suicune|94\/100 tox|[from] Sandstorm\n|-heal|p1a: Suicune|100\/100 tox|[from] item: Leftovers\n|-heal|p2a: Magneton|43\/100|[from] item: Leftovers\n|-damage|p1a: Suicune|94\/100 tox|[from] psn\n|upkeep\n|turn|25\n|\n|t:|1596497644\n|move|p2a: Magneton|Protect|p2a: Magneton\n|-singleturn|p2a: Magneton|Protect\n|move|p1a: Suicune|Hydro Pump|p2a: Magneton|[miss]\n|-miss|p1a: Suicune|p2a: Magneton\n|\n|-weather|Sandstorm|[upkeep]\n|-damage|p1a: Suicune|88\/100 tox|[from] Sandstorm\n|-heal|p1a: Suicune|94\/100 tox|[from] item: Leftovers\n|-heal|p2a: Magneton|49\/100|[from] item: Leftovers\n|-damage|p1a: Suicune|82\/100 tox|[from] psn\n|upkeep\n|turn|26\n|\n|t:|1596497649\n|switch|p2a: Suicune|Suicune|54\/100\n|move|p1a: Suicune|Hydro Pump|p2a: Suicune|[miss]\n|-miss|p1a: Suicune|p2a: Suicune\n|\n|-weather|Sandstorm|[upkeep]\n|-damage|p1a: Suicune|76\/100 tox|[from] Sandstorm\n|-damage|p2a: Suicune|48\/100|[from] Sandstorm\n|-heal|p1a: Suicune|82\/100 tox|[from] item: Leftovers\n|-heal|p2a: Suicune|54\/100|[from] item: Leftovers\n|-damage|p1a: Suicune|64\/100 tox|[from] psn\n|upkeep\n|turn|27\n|\n|t:|1596497654\n|move|p1a: Suicune|Hidden Power|p2a: Suicune\n|-supereffective|p2a: Suicune\n|-damage|p2a: Suicune|0 fnt\n|faint|p2a: Suicune\n|\n|t:|1596497662\n|switch|p2a: Celebi|Celebi|11\/100\n|\n|-weather|Sandstorm|[upkeep]\n|-damage|p1a: Suicune|57\/100 tox|[from] Sandstorm\n|-damage|p2a: Celebi|5\/100|[from] Sandstorm\n|-heal|p1a: Suicune|64\/100 tox|[from] item: Leftovers\n|-heal|p2a: Celebi|11\/100|[from] item: Leftovers\n|-damage|p1a: Suicune|39\/100 tox|[from] psn\n|upkeep\n|turn|28\n|\n|t:|1596497668\n|move|p1a: Suicune|Ice Beam|p2a: Celebi\n|-supereffective|p2a: Celebi\n|-damage|p2a: Celebi|0 fnt\n|faint|p2a: Celebi\n|\n|t:|1596497670\n|switch|p2a: Magneton|Magneton|49\/100\n|\n|-weather|Sandstorm|[upkeep]\n|-damage|p1a: Suicune|33\/100 tox|[from] Sandstorm\n|-heal|p1a: Suicune|39\/100 tox|[from] item: Leftovers\n|-heal|p2a: Magneton|55\/100|[from] item: Leftovers\n|-damage|p1a: Suicune|8\/100 tox|[from] psn\n|upkeep\n|turn|29\n|\n|t:|1596497678\n|move|p2a: Magneton|Protect|p2a: Magneton\n|-singleturn|p2a: Magneton|Protect\n|move|p1a: Suicune|Hydro Pump|p2a: Magneton|[miss]\n|-miss|p1a: Suicune|p2a: Magneton\n|\n|-weather|Sandstorm|[upkeep]\n|-damage|p1a: Suicune|2\/100 tox|[from] Sandstorm\n|-heal|p1a: Suicune|8\/100 tox|[from] item: Leftovers\n|-heal|p2a: Magneton|61\/100|[from] item: Leftovers\n|-damage|p1a: Suicune|0 fnt|[from] psn\n|faint|p1a: Suicune\n|upkeep\n|\n|t:|1596497680\n|switch|p1a: Dugtrio|Dugtrio, M|100\/100\n|turn|30\n|\n|t:|1596497685\n|move|p1a: Dugtrio|Earthquake|p2a: Magneton\n|-supereffective|p2a: Magneton\n|-damage|p2a: Magneton|0 fnt\n|faint|p2a: Magneton\n|\n|t:|1596497687\n|switch|p2a: Walrein|Walrein, F|100\/100 slp\n|\n|-weather|Sandstorm|[upkeep]\n|-damage|p2a: Walrein|94\/100 slp|[from] Sandstorm\n|-heal|p2a: Walrein|100\/100 slp|[from] item: Leftovers\n|upkeep\n|turn|31\n|\n|t:|1596497693\n|move|p1a: Dugtrio|Earthquake|p2a: Walrein\n|-damage|p2a: Walrein|51\/100 slp\n|cant|p2a: Walrein|slp\n|\n|-weather|Sandstorm|[upkeep]\n|-damage|p2a: Walrein|45\/100 slp|[from] Sandstorm\n|-heal|p2a: Walrein|51\/100 slp|[from] item: Leftovers\n|upkeep\n|turn|32\n|\n|t:|1596497699\n|move|p1a: Dugtrio|Earthquake|p2a: Walrein\n|-damage|p2a: Walrein|6\/100 slp\n|cant|p2a: Walrein|slp\n|\n|-weather|Sandstorm|[upkeep]\n|-damage|p2a: Walrein|0 fnt|[from] Sandstorm\n|faint|p2a: Walrein\n|\n|win|winter lanterns\n|upkeep\n|l|\u2606winter lanterns\n","uploadtime":1596497709,"views":48,"p1id":"winterlanterns","p2id":"ilovetropius","formatid":"gen3ou","rating":0,"private":0,"password":null}