{"id":"gen3ubers-1634984376","p1":"mrextrazy","p2":"Raph369","format":"gen3ubers","log":"|j|\u2606mrextrazy\n|j|\u2606Raph369\n|t:|1659967195\n|gametype|singles\n|player|p1|mrextrazy|fisherman-gen4|\n|player|p2|Raph369|archer|\n|teamsize|p1|6\n|teamsize|p2|6\n|gen|3\n|tier|[Gen 3] Ubers\n|rule|Sleep Clause Mod: Limit one foe put to sleep\n|rule|Switch Priority Clause Mod: Faster Pok\u00e9mon switch first\n|rule|Species Clause: Limit one of each Pok\u00e9mon\n|rule|OHKO Clause: OHKO moves are banned\n|rule|Evasion Moves Clause: Evasion moves are banned\n|rule|Endless Battle Clause: Forcing endless battles is banned\n|rule|HP Percentage Mod: HP is shown in percentages\n|rule|Deoxys Camouflage Clause: Reveals the Deoxys forme when it is sent in battle.\n|rule|One Baton Pass Clause: Limit one Baton Passer\n|\n|t:|1659967195\n|start\n|switch|p1a: Mewtwo|Mewtwo|100\/100\n|switch|p2a: Snorlax|Snorlax, F|100\/100\n|turn|1\n|c|\u2606mrextrazy|hf\n|c|\u2606Raph369|hf\n|j| mm2\n|\n|t:|1659967210\n|switch|p1a: Forretress|Forretress, M|100\/100\n|move|p2a: Snorlax|Body Slam|p1a: Forretress\n|-resisted|p1a: Forretress\n|-damage|p1a: Forretress|82\/100\n|\n|-heal|p1a: Forretress|88\/100|[from] item: Leftovers\n|upkeep\n|turn|2\n|\n|t:|1659967214\n|switch|p2a: Groudon|Groudon|100\/100\n|-weather|SunnyDay|[from] ability: Drought|[of] p2a: Groudon\n|move|p1a: Forretress|Spikes|p2a: Groudon\n|-sidestart|p2: Raph369|Spikes\n|\n|-weather|SunnyDay|[upkeep]\n|-heal|p1a: Forretress|94\/100|[from] item: Leftovers\n|upkeep\n|turn|3\n|\n|t:|1659967219\n|switch|p1a: Latios|Latios, M|100\/100\n|move|p2a: Groudon|Substitute|p2a: Groudon\n|-start|p2a: Groudon|Substitute\n|-damage|p2a: Groudon|76\/100\n|\n|-weather|SunnyDay|[upkeep]\n|upkeep\n|turn|4\n|\n|t:|1659967226\n|move|p1a: Latios|Ice Beam|p2a: Groudon\n|-supereffective|p2a: Groudon\n|-end|p2a: Groudon|Substitute\n|move|p2a: Groudon|Hidden Power|p1a: Latios\n|-supereffective|p1a: Latios\n|-crit|p1a: Latios\n|-damage|p1a: Latios|0 fnt\n|faint|p1a: Latios\n|\n|t:|1659967244\n|switch|p1a: Mewtwo|Mewtwo|100\/100\n|\n|-weather|SunnyDay|[upkeep]\n|upkeep\n|turn|5\n|\n|t:|1659967253\n|switch|p2a: Snorlax|Snorlax, F|100\/100\n|-damage|p2a: Snorlax|88\/100|[from] Spikes\n|move|p1a: Mewtwo|Fire Blast|p2a: Snorlax\n|-damage|p2a: Snorlax|48\/100\n|\n|-weather|SunnyDay|[upkeep]\n|upkeep\n|turn|6\n|\n|t:|1659967263\n|switch|p1a: Forretress|Forretress, M|94\/100\n|move|p2a: Snorlax|Self-Destruct|p1a: Forretress\n|-resisted|p1a: Forretress\n|-damage|p1a: Forretress|12\/100\n|faint|p2a: Snorlax\n|\n|t:|1659967289\n|switch|p2a: Latios|Latios, M|100\/100\n|\n|-weather|SunnyDay|[upkeep]\n|-heal|p1a: Forretress|18\/100|[from] item: Leftovers\n|upkeep\n|turn|7\n|\n|t:|1659967303\n|move|p2a: Latios|Dragon Claw|p1a: Forretress\n|-resisted|p1a: Forretress\n|-damage|p1a: Forretress|0 fnt\n|faint|p1a: Forretress\n|\n|t:|1659967319\n|switch|p1a: Metagross|Metagross|100\/100\n|\n|-weather|SunnyDay|[upkeep]\n|upkeep\n|turn|8\n|\n|t:|1659967321\n|move|p2a: Latios|Hidden Power|p1a: Metagross\n|-supereffective|p1a: Metagross\n|-damage|p1a: Metagross|0 fnt\n|faint|p1a: Metagross\n|\n|t:|1659967325\n|switch|p1a: Snorlax|Snorlax, F|100\/100\n|\n|-weather|SunnyDay|[upkeep]\n|upkeep\n|turn|9\n|\n|t:|1659967330\n|switch|p2a: Metagross|Metagross|100\/100\n|-damage|p2a: Metagross|88\/100|[from] Spikes\n|move|p1a: Snorlax|Body Slam|p2a: Metagross\n|-resisted|p2a: Metagross\n|-damage|p2a: Metagross|75\/100\n|\n|-weather|SunnyDay|[upkeep]\n|upkeep\n|turn|10\n|\n|t:|1659967341\n|switch|p1a: Kyogre|Kyogre|100\/100\n|-weather|RainDance|[from] ability: Drizzle|[of] p1a: Kyogre\n|move|p2a: Metagross|Meteor Mash|p1a: Kyogre\n|-resisted|p1a: Kyogre\n|-damage|p1a: Kyogre|71\/100\n|\n|-weather|RainDance|[upkeep]\n|-heal|p1a: Kyogre|77\/100|[from] item: Leftovers\n|upkeep\n|turn|11\n|\n|t:|1659967347\n|switch|p2a: Latios|Latios, M|100\/100\n|move|p1a: Kyogre|Ice Beam|p2a: Latios\n|-supereffective|p2a: Latios\n|-damage|p2a: Latios|59\/100\n|\n|-weather|RainDance|[upkeep]\n|-heal|p1a: Kyogre|83\/100|[from] item: Leftovers\n|upkeep\n|turn|12\n|\n|t:|1659967356\n|switch|p1a: Snorlax|Snorlax, F|100\/100\n|move|p2a: Latios|Thunder|p1a: Snorlax\n|-damage|p1a: Snorlax|69\/100\n|\n|-weather|RainDance|[upkeep]\n|-heal|p1a: Snorlax|76\/100|[from] item: Leftovers\n|upkeep\n|turn|13\n|\n|t:|1659967360\n|switch|p2a: Metagross|Metagross|75\/100\n|-damage|p2a: Metagross|62\/100|[from] Spikes\n|move|p1a: Snorlax|Body Slam|p2a: Metagross\n|-resisted|p2a: Metagross\n|-damage|p2a: Metagross|49\/100\n|\n|-weather|RainDance|[upkeep]\n|-heal|p1a: Snorlax|82\/100|[from] item: Leftovers\n|upkeep\n|turn|14\n|\n|t:|1659967366\n|switch|p1a: Mewtwo|Mewtwo|100\/100\n|move|p2a: Metagross|Explosion|p1a: Mewtwo\n|-damage|p1a: Mewtwo|0 fnt\n|faint|p2a: Metagross\n|faint|p1a: Mewtwo\n|\n|t:|1659967378\n|switch|p1a: Kyogre|Kyogre|83\/100\n|switch|p2a: Rayquaza|Rayquaza|100\/100\n|\n|-weather|RainDance|[upkeep]\n|-heal|p1a: Kyogre|90\/100|[from] item: Leftovers\n|upkeep\n|turn|15\n|\n|t:|1659967382\n|move|p2a: Rayquaza|Hidden Power|p1a: Kyogre\n|-damage|p1a: Kyogre|42\/100\n|move|p1a: Kyogre|Ice Beam|p2a: Rayquaza\n|-supereffective|p2a: Rayquaza\n|-damage|p2a: Rayquaza|0 fnt\n|faint|p2a: Rayquaza\n|\n|t:|1659967386\n|switch|p2a: Deoxys|Deoxys-Attack|100\/100\n|-damage|p2a: Deoxys|88\/100|[from] Spikes\n|\n|-weather|RainDance|[upkeep]\n|-heal|p1a: Kyogre|48\/100|[from] item: Leftovers\n|upkeep\n|turn|16\n|\n|t:|1659967391\n|move|p2a: Deoxys|Double-Edge|p1a: Kyogre\n|-damage|p1a: Kyogre|0 fnt\n|-damage|p2a: Deoxys|61\/100|[from] Recoil|[of] p1a: Kyogre\n|faint|p1a: Kyogre\n|\n|t:|1659967394\n|switch|p1a: Snorlax|Snorlax, F|82\/100\n|\n|-weather|RainDance|[upkeep]\n|-heal|p1a: Snorlax|88\/100|[from] item: Leftovers\n|upkeep\n|turn|17\n|\n|t:|1659967401\n|move|p2a: Deoxys|Double-Edge|p1a: Snorlax\n|-damage|p1a: Snorlax|14\/100\n|-damage|p2a: Deoxys|12\/100|[from] Recoil|[of] p1a: Snorlax\n|move|p1a: Snorlax|Curse|p1a: Snorlax\n|-unboost|p1a: Snorlax|spe|1\n|-boost|p1a: Snorlax|atk|1\n|-boost|p1a: Snorlax|def|1\n|\n|-weather|RainDance|[upkeep]\n|-heal|p1a: Snorlax|20\/100|[from] item: Leftovers\n|upkeep\n|turn|18\n|\n|t:|1659967404\n|move|p2a: Deoxys|Double-Edge|p1a: Snorlax\n|-damage|p1a: Snorlax|0 fnt\n|-damage|p2a: Deoxys|0 fnt|[from] Recoil|[of] p1a: Snorlax\n|faint|p1a: Snorlax\n|faint|p2a: Deoxys\n|\n|win|Raph369\n|c|\u2606Raph369|gg\n|l|\u2606mrextrazy\n","uploadtime":1659967412,"views":35,"p1id":"mrextrazy","p2id":"raph369","formatid":"gen3ubers","rating":0,"private":0,"password":null}