{"id":"gen3ou-1113591561","p1":"winter lanterns","p2":"Tissot","format":"gen3ou","log":"|j|\u2606winter lanterns\n|j|\u2606Tissot\n|player|p1|winter lanterns|burglar|1502\n|player|p2|Tissot|59|1460\n|teamsize|p1|6\n|teamsize|p2|6\n|gametype|singles\n|gen|3\n|tier|[Gen 3] OU\n|rated|\n|rule|Sleep Clause Mod: Limit one foe put to sleep\n|rule|Switch Priority Clause Mod: Faster Pok\u00e9mon switch first\n|rule|Species Clause: Limit one of each Pok\u00e9mon\n|rule|OHKO Clause: OHKO moves are banned\n|rule|Moody Clause: Moody is banned\n|rule|Evasion Moves Clause: Evasion moves are banned\n|rule|Endless Battle Clause: Forcing endless battles is banned\n|rule|HP Percentage Mod: HP is shown in percentages\n|rule|3 Baton Pass Clause: Limit three Baton Passers\n|\n|start\n|switch|p1a: Salamence|Salamence, F|100\/100\n|switch|p2a: Tyranitar|Tyranitar, F|100\/100\n|-ability|p1a: Salamence|Intimidate|boost\n|-unboost|p2a: Tyranitar|atk|1\n|-weather|Sandstorm|[from] ability: Sand Stream|[of] p2a: Tyranitar\n|turn|1\n|\n|switch|p2a: Skarmory|Skarmory, F|100\/100\n|move|p1a: Salamence|Earthquake|p2a: Skarmory\n|-immune|p2a: Skarmory\n|\n|-weather|Sandstorm|[upkeep]\n|-damage|p1a: Salamence|94\/100|[from] Sandstorm\n|upkeep\n|turn|2\n|\n|switch|p1a: Skarmory|Skarmory, F|100\/100\n|move|p2a: Skarmory|Spikes|p1a: Skarmory\n|-sidestart|p1: winter lanterns|Spikes\n|\n|-weather|Sandstorm|[upkeep]\n|upkeep\n|turn|3\n|\n|move|p1a: Skarmory|Spikes|p2a: Skarmory\n|-sidestart|p2: Tissot|Spikes\n|move|p2a: Skarmory|Spikes|p1a: Skarmory\n|-sidestart|p1: winter lanterns|Spikes\n|\n|-weather|Sandstorm|[upkeep]\n|upkeep\n|turn|4\n|\n|move|p1a: Skarmory|Spikes|p2a: Skarmory\n|-sidestart|p2: Tissot|Spikes\n|move|p2a: Skarmory|Spikes|p1a: Skarmory\n|-sidestart|p1: winter lanterns|Spikes\n|\n|-weather|Sandstorm|[upkeep]\n|upkeep\n|turn|5\n|\n|switch|p2a: Claydol|Claydol|100\/100\n|move|p1a: Skarmory|Spikes|p2a: Claydol\n|-sidestart|p2: Tissot|Spikes\n|\n|-weather|Sandstorm|[upkeep]\n|upkeep\n|turn|6\n|\n|move|p1a: Skarmory|Toxic|p2a: Claydol\n|-status|p2a: Claydol|tox\n|move|p2a: Claydol|Rapid Spin|p1a: Skarmory\n|-resisted|p1a: Skarmory\n|-damage|p1a: Skarmory|99\/100\n|-sideend|p2: Tissot|Spikes|[from] move: Rapid Spin|[of] p2a: Claydol\n|\n|-weather|Sandstorm|[upkeep]\n|-heal|p1a: Skarmory|100\/100|[from] item: Leftovers\n|-damage|p2a: Claydol|94\/100 tox|[from] psn\n|upkeep\n|turn|7\n|\n|switch|p2a: Sableye|Sableye, M, shiny|100\/100\n|move|p1a: Skarmory|Spikes|p2a: Sableye\n|-sidestart|p2: Tissot|Spikes\n|\n|-weather|Sandstorm|[upkeep]\n|-damage|p2a: Sableye|94\/100|[from] Sandstorm\n|-heal|p2a: Sableye|100\/100|[from] item: Leftovers\n|upkeep\n|turn|8\n|\n|move|p1a: Skarmory|Toxic|p2a: Sableye\n|-status|p2a: Sableye|tox\n|move|p2a: Sableye|Knock Off|p1a: Skarmory\n|-resisted|p1a: Skarmory\n|-damage|p1a: Skarmory|99\/100\n|-enditem|p1a: Skarmory|Leftovers|[from] move: Knock Off|[of] p2a: Sableye\n|\n|-weather|Sandstorm|[upkeep]\n|-damage|p2a: Sableye|94\/100 tox|[from] Sandstorm\n|-heal|p2a: Sableye|100\/100 tox|[from] item: Leftovers\n|-damage|p2a: Sableye|94\/100 tox|[from] psn\n|upkeep\n|turn|9\n|\n|switch|p2a: Blissey|Blissey, F|100\/100\n|-damage|p2a: Blissey|88\/100|[from] Spikes\n|move|p1a: Skarmory|Spikes|p2a: Blissey\n|-sidestart|p2: Tissot|Spikes\n|\n|-weather|Sandstorm|[upkeep]\n|-damage|p2a: Blissey|82\/100|[from] Sandstorm\n|-heal|p2a: Blissey|88\/100|[from] item: Leftovers\n|upkeep\n|turn|10\n|\n|move|p1a: Skarmory|Spikes|p2a: Blissey\n|-sidestart|p2: Tissot|Spikes\n|move|p2a: Blissey|Thunder Wave|p1a: Skarmory\n|-status|p1a: Skarmory|par\n|\n|-weather|Sandstorm|[upkeep]\n|-damage|p2a: Blissey|82\/100|[from] Sandstorm\n|-heal|p2a: Blissey|88\/100|[from] item: Leftovers\n|upkeep\n|turn|11\n|\n|switch|p1a: Claydol|Claydol|100\/100\n|move|p2a: Blissey|Aromatherapy|p2a: Blissey\n|-cureteam|p2a: Blissey|[from] move: Aromatherapy\n|\n|-weather|Sandstorm|[upkeep]\n|-damage|p2a: Blissey|82\/100|[from] Sandstorm\n|-heal|p2a: Blissey|88\/100|[from] item: Leftovers\n|upkeep\n|turn|12\n|\n|switch|p2a: Sableye|Sableye, M, shiny|94\/100\n|-damage|p2a: Sableye|69\/100|[from] Spikes\n|move|p1a: Claydol|Ice Beam|p2a: Sableye\n|-damage|p2a: Sableye|50\/100\n|\n|-weather|Sandstorm|[upkeep]\n|-damage|p2a: Sableye|44\/100|[from] Sandstorm\n|-heal|p2a: Sableye|50\/100|[from] item: Leftovers\n|upkeep\n|turn|13\n|\n|switch|p1a: Skarmory|Skarmory, F|99\/100 par\n|move|p2a: Sableye|Recover|p2a: Sableye\n|-heal|p2a: Sableye|100\/100\n|\n|-weather|Sandstorm|[upkeep]\n|-damage|p2a: Sableye|94\/100|[from] Sandstorm\n|-heal|p2a: Sableye|100\/100|[from] item: Leftovers\n|upkeep\n|turn|14\n|\n|move|p2a: Sableye|Night Shade|p1a: Skarmory\n|-damage|p1a: Skarmory|69\/100 par\n|move|p1a: Skarmory|Whirlwind|p2a: Sableye\n|drag|p2a: Claydol|Claydol|94\/100\n|\n|-weather|Sandstorm|[upkeep]\n|-heal|p2a: Claydol|100\/100|[from] item: Leftovers\n|upkeep\n|turn|15\n|\n|switch|p1a: Gengar|Gengar, F|100\/100\n|move|p2a: Claydol|Rapid Spin|p1a: Gengar\n|-immune|p1a: Gengar\n|\n|-weather|Sandstorm|[upkeep]\n|-damage|p1a: Gengar|94\/100|[from] Sandstorm\n|-heal|p1a: Gengar|100\/100|[from] item: Leftovers\n|upkeep\n|turn|16\n|\n|switch|p2a: Blissey|Blissey, F|88\/100\n|-damage|p2a: Blissey|63\/100|[from] Spikes\n|move|p1a: Gengar|Ice Punch|p2a: Blissey\n|-damage|p2a: Blissey|53\/100\n|\n|-weather|Sandstorm|[upkeep]\n|-damage|p1a: Gengar|94\/100|[from] Sandstorm\n|-damage|p2a: Blissey|47\/100|[from] Sandstorm\n|-heal|p1a: Gengar|100\/100|[from] item: Leftovers\n|-heal|p2a: Blissey|53\/100|[from] item: Leftovers\n|upkeep\n|turn|17\n|j| degasplays\n|\n|switch|p1a: Flygon|Flygon, M|100\/100\n|move|p2a: Blissey|Soft-Boiled|p2a: Blissey\n|-heal|p2a: Blissey|100\/100\n|\n|-weather|Sandstorm|[upkeep]\n|-damage|p2a: Blissey|94\/100|[from] Sandstorm\n|-heal|p2a: Blissey|100\/100|[from] item: Leftovers\n|upkeep\n|turn|18\n|\n|switch|p2a: Skarmory|Skarmory, F|100\/100\n|move|p1a: Flygon|Earthquake|p2a: Skarmory\n|-immune|p2a: Skarmory\n|\n|-weather|Sandstorm|[upkeep]\n|upkeep\n|turn|19\n|\n|switch|p1a: Claydol|Claydol|100\/100\n|switch|p2a: Claydol|Claydol|100\/100\n|\n|-weather|Sandstorm|[upkeep]\n|upkeep\n|turn|20\n|\n|switch|p2a: Sableye|Sableye, M, shiny|100\/100\n|-damage|p2a: Sableye|75\/100|[from] Spikes\n|move|p1a: Claydol|Rapid Spin|p2a: Sableye\n|-immune|p2a: Sableye\n|\n|-weather|Sandstorm|[upkeep]\n|-damage|p2a: Sableye|69\/100|[from] Sandstorm\n|-heal|p2a: Sableye|75\/100|[from] item: Leftovers\n|upkeep\n|turn|21\n|\n|switch|p1a: Skarmory|Skarmory, F|69\/100 par\n|move|p2a: Sableye|Knock Off|p1a: Skarmory\n|-resisted|p1a: Skarmory\n|-damage|p1a: Skarmory|67\/100 par\n|\n|-weather|Sandstorm|[upkeep]\n|-damage|p2a: Sableye|69\/100|[from] Sandstorm\n|-heal|p2a: Sableye|75\/100|[from] item: Leftovers\n|upkeep\n|turn|22\n|\n|move|p2a: Sableye|Night Shade|p1a: Skarmory\n|-damage|p1a: Skarmory|37\/100 par\n|move|p1a: Skarmory|Whirlwind|p2a: Sableye\n|drag|p2a: Claydol|Claydol|100\/100\n|\n|-weather|Sandstorm|[upkeep]\n|upkeep\n|turn|23\n|j| Villain of ADV\n|\n|switch|p1a: Gengar|Gengar, F|100\/100\n|move|p2a: Claydol|Ice Beam|p1a: Gengar\n|-damage|p1a: Gengar|71\/100\n|\n|-weather|Sandstorm|[upkeep]\n|-damage|p1a: Gengar|65\/100|[from] Sandstorm\n|-heal|p1a: Gengar|71\/100|[from] item: Leftovers\n|upkeep\n|turn|24\n|\n|switch|p2a: Blissey|Blissey, F|100\/100\n|-damage|p2a: Blissey|76\/100|[from] Spikes\n|move|p1a: Gengar|Will-O-Wisp|p2a: Blissey\n|-status|p2a: Blissey|brn\n|\n|-weather|Sandstorm|[upkeep]\n|-damage|p1a: Gengar|65\/100|[from] Sandstorm\n|-damage|p2a: Blissey|69\/100 brn|[from] Sandstorm\n|-heal|p1a: Gengar|71\/100|[from] item: Leftovers\n|-heal|p2a: Blissey|76\/100 brn|[from] item: Leftovers\n|-damage|p2a: Blissey|63\/100 brn|[from] brn\n|upkeep\n|turn|25\n|\n|switch|p1a: Salamence|Salamence, F|94\/100\n|-ability|p1a: Salamence|Intimidate|boost\n|-unboost|p2a: Blissey|atk|1\n|move|p2a: Blissey|Soft-Boiled|p2a: Blissey\n|-heal|p2a: Blissey|100\/100 brn\n|\n|-weather|Sandstorm|[upkeep]\n|-damage|p1a: Salamence|88\/100|[from] Sandstorm\n|-damage|p2a: Blissey|94\/100 brn|[from] Sandstorm\n|-heal|p2a: Blissey|100\/100 brn|[from] item: Leftovers\n|-damage|p2a: Blissey|88\/100 brn|[from] brn\n|upkeep\n|turn|26\n|\n|-curestatus|p2a: Blissey|brn|[from] ability: Natural Cure\n|switch|p2a: Skarmory|Skarmory, F|100\/100\n|move|p1a: Salamence|Hidden Power|p2a: Skarmory\n|-resisted|p2a: Skarmory\n|-damage|p2a: Skarmory|78\/100\n|\n|-weather|Sandstorm|[upkeep]\n|-damage|p1a: Salamence|82\/100|[from] Sandstorm\n|-heal|p2a: Skarmory|84\/100|[from] item: Leftovers\n|upkeep\n|turn|27\n|\n|switch|p1a: Gengar|Gengar, F|71\/100\n|switch|p2a: Claydol|Claydol|100\/100\n|\n|-weather|Sandstorm|[upkeep]\n|-damage|p1a: Gengar|65\/100|[from] Sandstorm\n|-heal|p1a: Gengar|71\/100|[from] item: Leftovers\n|upkeep\n|turn|28\n|\n|move|p1a: Gengar|Giga Drain|p2a: Claydol\n|-supereffective|p2a: Claydol\n|-damage|p2a: Claydol|65\/100\n|-heal|p1a: Gengar|93\/100|[from] drain|[of] p2a: Claydol\n|move|p2a: Claydol|Ice Beam|p1a: Gengar\n|-damage|p1a: Gengar|64\/100\n|\n|-weather|Sandstorm|[upkeep]\n|-damage|p1a: Gengar|58\/100|[from] Sandstorm\n|-heal|p1a: Gengar|64\/100|[from] item: Leftovers\n|-heal|p2a: Claydol|71\/100|[from] item: Leftovers\n|upkeep\n|turn|29\n|\n|switch|p2a: Blissey|Blissey, F|88\/100\n|-damage|p2a: Blissey|63\/100|[from] Spikes\n|move|p1a: Gengar|Giga Drain|p2a: Blissey\n|-damage|p2a: Blissey|56\/100\n|-heal|p1a: Gengar|74\/100|[from] drain|[of] p2a: Blissey\n|\n|-weather|Sandstorm|[upkeep]\n|-damage|p1a: Gengar|68\/100|[from] Sandstorm\n|-damage|p2a: Blissey|50\/100|[from] Sandstorm\n|-heal|p1a: Gengar|74\/100|[from] item: Leftovers\n|-heal|p2a: Blissey|56\/100|[from] item: Leftovers\n|upkeep\n|turn|30\n|\n|switch|p1a: Claydol|Claydol|100\/100\n|move|p2a: Blissey|Soft-Boiled|p2a: Blissey\n|-heal|p2a: Blissey|100\/100\n|\n|-weather|Sandstorm|[upkeep]\n|-damage|p2a: Blissey|94\/100|[from] Sandstorm\n|-heal|p2a: Blissey|100\/100|[from] item: Leftovers\n|upkeep\n|turn|31\n|\n|switch|p2a: Sableye|Sableye, M, shiny|75\/100\n|-damage|p2a: Sableye|50\/100|[from] Spikes\n|move|p1a: Claydol|Earthquake|p2a: Sableye\n|-damage|p2a: Sableye|21\/100\n|\n|-weather|Sandstorm|[upkeep]\n|-damage|p2a: Sableye|15\/100|[from] Sandstorm\n|-heal|p2a: Sableye|21\/100|[from] item: Leftovers\n|upkeep\n|turn|32\n|\n|move|p1a: Claydol|Earthquake|p2a: Sableye\n|-damage|p2a: Sableye|0 fnt\n|faint|p2a: Sableye\n|\n|switch|p2a: Claydol|Claydol|71\/100\n|\n|-weather|Sandstorm|[upkeep]\n|-heal|p2a: Claydol|78\/100|[from] item: Leftovers\n|upkeep\n|turn|33\n|\n|switch|p1a: Gengar|Gengar, F|74\/100\n|move|p2a: Claydol|Rapid Spin|p1a: Gengar\n|-immune|p1a: Gengar\n|\n|-weather|Sandstorm|[upkeep]\n|-damage|p1a: Gengar|68\/100|[from] Sandstorm\n|-heal|p1a: Gengar|74\/100|[from] item: Leftovers\n|-heal|p2a: Claydol|84\/100|[from] item: Leftovers\n|upkeep\n|turn|34\n|\n|switch|p2a: Blissey|Blissey, F|100\/100\n|-damage|p2a: Blissey|76\/100|[from] Spikes\n|move|p1a: Gengar|Giga Drain|p2a: Blissey\n|-damage|p2a: Blissey|68\/100\n|-heal|p1a: Gengar|85\/100|[from] drain|[of] p2a: Blissey\n|\n|-weather|Sandstorm|[upkeep]\n|-damage|p1a: Gengar|79\/100|[from] Sandstorm\n|-damage|p2a: Blissey|62\/100|[from] Sandstorm\n|-heal|p1a: Gengar|85\/100|[from] item: Leftovers\n|-heal|p2a: Blissey|68\/100|[from] item: Leftovers\n|upkeep\n|turn|35\n|\n|switch|p1a: Claydol|Claydol|100\/100\n|move|p2a: Blissey|Thunder Wave|p1a: Claydol\n|-immune|p1a: Claydol\n|\n|-weather|Sandstorm|[upkeep]\n|-damage|p2a: Blissey|62\/100|[from] Sandstorm\n|-heal|p2a: Blissey|68\/100|[from] item: Leftovers\n|upkeep\n|turn|36\n|l| Villain of ADV\n|\n|switch|p2a: Claydol|Claydol|84\/100\n|move|p1a: Claydol|Ice Beam|p2a: Claydol\n|-supereffective|p2a: Claydol\n|-damage|p2a: Claydol|54\/100\n|\n|-weather|Sandstorm|[upkeep]\n|-heal|p2a: Claydol|60\/100|[from] item: Leftovers\n|upkeep\n|turn|37\n|\n|switch|p1a: Gengar|Gengar, F|85\/100\n|move|p2a: Claydol|Ice Beam|p1a: Gengar\n|-damage|p1a: Gengar|55\/100\n|\n|-weather|Sandstorm|[upkeep]\n|-damage|p1a: Gengar|49\/100|[from] Sandstorm\n|-heal|p1a: Gengar|55\/100|[from] item: Leftovers\n|-heal|p2a: Claydol|66\/100|[from] item: Leftovers\n|upkeep\n|turn|38\n|\n|switch|p2a: Skarmory|Skarmory, F|84\/100\n|move|p1a: Gengar|Giga Drain|p2a: Skarmory\n|-resisted|p2a: Skarmory\n|-damage|p2a: Skarmory|79\/100\n|-heal|p1a: Gengar|58\/100|[from] drain|[of] p2a: Skarmory\n|\n|-weather|Sandstorm|[upkeep]\n|-damage|p1a: Gengar|52\/100|[from] Sandstorm\n|-heal|p1a: Gengar|58\/100|[from] item: Leftovers\n|-heal|p2a: Skarmory|85\/100|[from] item: Leftovers\n|upkeep\n|turn|39\n|\n|switch|p2a: Blissey|Blissey, F|68\/100\n|-damage|p2a: Blissey|43\/100|[from] Spikes\n|move|p1a: Gengar|Thunderbolt|p2a: Blissey\n|-damage|p2a: Blissey|31\/100\n|\n|-weather|Sandstorm|[upkeep]\n|-damage|p1a: Gengar|52\/100|[from] Sandstorm\n|-damage|p2a: Blissey|25\/100|[from] Sandstorm\n|-heal|p1a: Gengar|58\/100|[from] item: Leftovers\n|-heal|p2a: Blissey|31\/100|[from] item: Leftovers\n|upkeep\n|turn|40\n|\n|switch|p1a: Salamence|Salamence, F|82\/100\n|-ability|p1a: Salamence|Intimidate|boost\n|-unboost|p2a: Blissey|atk|1\n|move|p2a: Blissey|Soft-Boiled|p2a: Blissey\n|-heal|p2a: Blissey|81\/100\n|\n|-weather|Sandstorm|[upkeep]\n|-damage|p1a: Salamence|76\/100|[from] Sandstorm\n|-damage|p2a: Blissey|75\/100|[from] Sandstorm\n|-heal|p2a: Blissey|81\/100|[from] item: Leftovers\n|upkeep\n|turn|41\n|\n|switch|p2a: Claydol|Claydol|66\/100\n|move|p1a: Salamence|Brick Break|p2a: Claydol\n|-resisted|p2a: Claydol\n|-damage|p2a: Claydol|50\/100\n|\n|-weather|Sandstorm|[upkeep]\n|-damage|p1a: Salamence|70\/100|[from] Sandstorm\n|-heal|p2a: Claydol|56\/100|[from] item: Leftovers\n|upkeep\n|turn|42\n|\n|switch|p1a: Gengar|Gengar, F|58\/100\n|move|p2a: Claydol|Ice Beam|p1a: Gengar\n|-damage|p1a: Gengar|32\/100\n|-status|p1a: Gengar|frz\n|\n|-weather|Sandstorm|[upkeep]\n|-damage|p1a: Gengar|26\/100 frz|[from] Sandstorm\n|-heal|p1a: Gengar|32\/100 frz|[from] item: Leftovers\n|-heal|p2a: Claydol|63\/100|[from] item: Leftovers\n|upkeep\n|turn|43\n|\n|switch|p1a: Blissey|Blissey, F|100\/100\n|-damage|p1a: Blissey|76\/100|[from] Spikes\n|move|p2a: Claydol|Ice Beam|p1a: Blissey\n|-damage|p1a: Blissey|69\/100\n|\n|-weather|Sandstorm|[upkeep]\n|-damage|p1a: Blissey|63\/100|[from] Sandstorm\n|-heal|p2a: Claydol|69\/100|[from] item: Leftovers\n|-heal|p1a: Blissey|69\/100|[from] item: Leftovers\n|upkeep\n|turn|44\n|\n|move|p2a: Claydol|Rapid Spin|p1a: Blissey\n|-damage|p1a: Blissey|66\/100\n|-sideend|p2: Tissot|Spikes|[from] move: Rapid Spin|[of] p2a: Claydol\n|move|p1a: Blissey|Ice Beam|p2a: Claydol\n|-supereffective|p2a: Claydol\n|-damage|p2a: Claydol|27\/100\n|\n|-weather|Sandstorm|[upkeep]\n|-damage|p1a: Blissey|59\/100|[from] Sandstorm\n|-heal|p2a: Claydol|33\/100|[from] item: Leftovers\n|-heal|p1a: Blissey|66\/100|[from] item: Leftovers\n|upkeep\n|turn|45\n|\n|switch|p1a: Gengar|Gengar, F|32\/100 frz\n|move|p2a: Claydol|Rest|p2a: Claydol\n|-status|p2a: Claydol|slp|[from] move: Rest\n|-heal|p2a: Claydol|100\/100 slp|[silent]\n|\n|-weather|Sandstorm|[upkeep]\n|-damage|p1a: Gengar|26\/100 frz|[from] Sandstorm\n|-heal|p1a: Gengar|32\/100 frz|[from] item: Leftovers\n|upkeep\n|turn|46\n|\n|switch|p2a: Tyranitar|Tyranitar, F|100\/100\n|cant|p1a: Gengar|frz\n|\n|-weather|Sandstorm|[upkeep]\n|-damage|p1a: Gengar|26\/100 frz|[from] Sandstorm\n|-heal|p1a: Gengar|32\/100 frz|[from] item: Leftovers\n|upkeep\n|turn|47\n|\n|switch|p1a: Claydol|Claydol|100\/100\n|move|p2a: Tyranitar|Rock Slide|p1a: Claydol\n|-resisted|p1a: Claydol\n|-damage|p1a: Claydol|83\/100\n|\n|-weather|Sandstorm|[upkeep]\n|-heal|p1a: Claydol|89\/100|[from] item: Leftovers\n|upkeep\n|turn|48\n|\n|switch|p2a: Blissey|Blissey, F|81\/100\n|move|p1a: Claydol|Rapid Spin|p2a: Blissey\n|-damage|p2a: Blissey|78\/100\n|-sideend|p1: winter lanterns|Spikes|[from] move: Rapid Spin|[of] p1a: Claydol\n|\n|-weather|Sandstorm|[upkeep]\n|-damage|p2a: Blissey|72\/100|[from] Sandstorm\n|-heal|p1a: Claydol|96\/100|[from] item: Leftovers\n|-heal|p2a: Blissey|78\/100|[from] item: Leftovers\n|upkeep\n|turn|49\n|\n|move|p1a: Claydol|Earthquake|p2a: Blissey\n|-damage|p2a: Blissey|57\/100\n|move|p2a: Blissey|Aromatherapy|p2a: Blissey\n|-cureteam|p2a: Blissey|[from] move: Aromatherapy\n|\n|-weather|Sandstorm|[upkeep]\n|-damage|p2a: Blissey|51\/100|[from] Sandstorm\n|-heal|p1a: Claydol|100\/100|[from] item: Leftovers\n|-heal|p2a: Blissey|57\/100|[from] item: Leftovers\n|upkeep\n|turn|50\n|\n|switch|p1a: Gengar|Gengar, F|32\/100 frz\n|move|p2a: Blissey|Soft-Boiled|p2a: Blissey\n|-heal|p2a: Blissey|100\/100\n|\n|-weather|Sandstorm|[upkeep]\n|-damage|p1a: Gengar|26\/100 frz|[from] Sandstorm\n|-damage|p2a: Blissey|94\/100|[from] Sandstorm\n|-heal|p1a: Gengar|32\/100 frz|[from] item: Leftovers\n|-heal|p2a: Blissey|100\/100|[from] item: Leftovers\n|upkeep\n|turn|51\n|\n|switch|p2a: Skarmory|Skarmory, F|85\/100\n|cant|p1a: Gengar|frz\n|\n|-weather|Sandstorm|[upkeep]\n|-damage|p1a: Gengar|26\/100 frz|[from] Sandstorm\n|-heal|p1a: Gengar|32\/100 frz|[from] item: Leftovers\n|-heal|p2a: Skarmory|91\/100|[from] item: Leftovers\n|upkeep\n|turn|52\n|\n|cant|p1a: Gengar|frz\n|move|p2a: Skarmory|Drill Peck|p1a: Gengar\n|-damage|p1a: Gengar|0 fnt\n|faint|p1a: Gengar\n|\n|switch|p1a: Skarmory|Skarmory, F|37\/100 par\n|\n|-weather|Sandstorm|[upkeep]\n|-heal|p2a: Skarmory|97\/100|[from] item: Leftovers\n|upkeep\n|turn|53\n|\n|switch|p2a: Blissey|Blissey, F|100\/100\n|move|p1a: Skarmory|Spikes|p2a: Blissey\n|-sidestart|p2: Tissot|Spikes\n|\n|-weather|Sandstorm|[upkeep]\n|-damage|p2a: Blissey|94\/100|[from] Sandstorm\n|-heal|p2a: Blissey|100\/100|[from] item: Leftovers\n|upkeep\n|turn|54\n|\n|move|p2a: Blissey|Seismic Toss|p1a: Skarmory\n|-damage|p1a: Skarmory|7\/100 par\n|move|p1a: Skarmory|Spikes|p2a: Blissey\n|-sidestart|p2: Tissot|Spikes\n|\n|-weather|Sandstorm|[upkeep]\n|-damage|p2a: Blissey|94\/100|[from] Sandstorm\n|-heal|p2a: Blissey|100\/100|[from] item: Leftovers\n|upkeep\n|turn|55\n|\n|switch|p1a: Flygon|Flygon, M|100\/100\n|move|p2a: Blissey|Seismic Toss|p1a: Flygon\n|-damage|p1a: Flygon|67\/100\n|\n|-weather|Sandstorm|[upkeep]\n|-damage|p2a: Blissey|94\/100|[from] Sandstorm\n|-heal|p2a: Blissey|100\/100|[from] item: Leftovers\n|upkeep\n|turn|56\n|\n|switch|p2a: Claydol|Claydol|100\/100\n|move|p1a: Flygon|Fire Blast|p2a: Claydol\n|-damage|p2a: Claydol|79\/100\n|\n|-weather|Sandstorm|[upkeep]\n|-heal|p2a: Claydol|85\/100|[from] item: Leftovers\n|upkeep\n|turn|57\n|\n|switch|p1a: Claydol|Claydol|100\/100\n|move|p2a: Claydol|Rapid Spin|p1a: Claydol\n|-damage|p1a: Claydol|98\/100\n|-sideend|p2: Tissot|Spikes|[from] move: Rapid Spin|[of] p2a: Claydol\n|\n|-weather|Sandstorm|[upkeep]\n|-heal|p2a: Claydol|91\/100|[from] item: Leftovers\n|-heal|p1a: Claydol|100\/100|[from] item: Leftovers\n|upkeep\n|turn|58\n|\n|switch|p2a: Vaporeon|Vaporeon, F|100\/100\n|move|p1a: Claydol|Ice Beam|p2a: Vaporeon\n|-resisted|p2a: Vaporeon\n|-damage|p2a: Vaporeon|94\/100\n|\n|-weather|Sandstorm|[upkeep]\n|-damage|p2a: Vaporeon|88\/100|[from] Sandstorm\n|-heal|p2a: Vaporeon|94\/100|[from] item: Leftovers\n|upkeep\n|turn|59\n|-message|winter lanterns forfeited.\n|\n|win|Tissot\n|l|\u2606winter lanterns\n|l| degasplays\n|raw|winter lanterns's rating: 1522 &rarr; <strong>1498<\/strong><br \/>(-24 for losing)\n|raw|Tissot's rating: 1461 &rarr; <strong>1484<\/strong><br \/>(+23 for winning)\n","uploadtime":1589326045,"views":9,"p1id":"winterlanterns","p2id":"tissot","formatid":"gen3ou","rating":1484,"private":0,"password":null}