{"id":"gen3ou-1127859707","p1":"winter lanterns","p2":"Plant Spike","format":"gen3ou","log":"|j|\u2606winter lanterns\n|j|\u2606Plant Spike\n|player|p1|winter lanterns|burglar|1402\n|player|p2|Plant Spike|unknownf|1433\n|teamsize|p1|6\n|teamsize|p2|6\n|gametype|singles\n|gen|3\n|tier|[Gen 3] OU\n|rated|\n|rule|Sleep Clause Mod: Limit one foe put to sleep\n|rule|Switch Priority Clause Mod: Faster Pok\u00e9mon switch first\n|rule|Species Clause: Limit one of each Pok\u00e9mon\n|rule|OHKO Clause: OHKO moves are banned\n|rule|Moody Clause: Moody is banned\n|rule|Evasion Moves Clause: Evasion moves are banned\n|rule|Endless Battle Clause: Forcing endless battles is banned\n|rule|HP Percentage Mod: HP is shown in percentages\n|rule|3 Baton Pass Clause: Limit three Baton Passers\n|\n|start\n|switch|p1a: Tyranitar|Tyranitar, F|100\/100\n|switch|p2a: Salamence|Salamence, F|100\/100\n|-ability|p2a: Salamence|Intimidate|boost\n|-unboost|p1a: Tyranitar|atk|1\n|-weather|Sandstorm|[from] ability: Sand Stream|[of] p1a: Tyranitar\n|turn|1\n|\n|switch|p1a: Suicune|Suicune|100\/100\n|move|p2a: Salamence|Brick Break|p1a: Suicune\n|-damage|p1a: Suicune|82\/100\n|\n|-weather|Sandstorm|[upkeep]\n|-damage|p2a: Salamence|94\/100|[from] Sandstorm\n|-damage|p1a: Suicune|76\/100|[from] Sandstorm\n|-heal|p2a: Salamence|100\/100|[from] item: Leftovers\n|-heal|p1a: Suicune|82\/100|[from] item: Leftovers\n|upkeep\n|turn|2\n|\n|switch|p2a: Snorlax|Snorlax, F|100\/100\n|move|p1a: Suicune|Ice Beam|p2a: Snorlax\n|-damage|p2a: Snorlax|86\/100\n|\n|-weather|Sandstorm|[upkeep]\n|-damage|p1a: Suicune|76\/100|[from] Sandstorm\n|-damage|p2a: Snorlax|80\/100|[from] Sandstorm\n|-heal|p1a: Suicune|82\/100|[from] item: Leftovers\n|-heal|p2a: Snorlax|86\/100|[from] item: Leftovers\n|upkeep\n|turn|3\n|inactive|Battle timer is ON: inactive players will automatically lose when time's up. (requested by Plant Spike)\n|\n|switch|p1a: Skarmory|Skarmory, F|100\/100\n|move|p2a: Snorlax|Body Slam|p1a: Skarmory\n|-resisted|p1a: Skarmory\n|-damage|p1a: Skarmory|86\/100\n|\n|-weather|Sandstorm|[upkeep]\n|-damage|p2a: Snorlax|80\/100|[from] Sandstorm\n|-heal|p1a: Skarmory|92\/100|[from] item: Leftovers\n|-heal|p2a: Snorlax|86\/100|[from] item: Leftovers\n|upkeep\n|turn|4\n|\n|switch|p2a: Magneton|Magneton|100\/100\n|move|p1a: Skarmory|Spikes|p2a: Magneton\n|-sidestart|p2: Plant Spike|Spikes\n|\n|-weather|Sandstorm|[upkeep]\n|-heal|p1a: Skarmory|98\/100|[from] item: Leftovers\n|upkeep\n|turn|5\n|\n|move|p2a: Magneton|Thunderbolt|p1a: Skarmory\n|-supereffective|p1a: Skarmory\n|-damage|p1a: Skarmory|0 fnt\n|faint|p1a: Skarmory\n|\n|switch|p1a: Tyranitar|Tyranitar, F|100\/100\n|\n|-weather|Sandstorm|[upkeep]\n|upkeep\n|turn|6\n|\n|move|p2a: Magneton|Thunderbolt|p1a: Tyranitar\n|-damage|p1a: Tyranitar|51\/100\n|move|p1a: Tyranitar|Earthquake|p2a: Magneton\n|-supereffective|p2a: Magneton\n|-damage|p2a: Magneton|0 fnt\n|faint|p2a: Magneton\n|\n|switch|p2a: Claydol|Claydol|100\/100\n|\n|-weather|Sandstorm|[upkeep]\n|-heal|p1a: Tyranitar|58\/100|[from] item: Leftovers\n|upkeep\n|turn|7\n|\n|switch|p1a: Suicune|Suicune|82\/100\n|move|p2a: Claydol|Rapid Spin|p1a: Suicune\n|-damage|p1a: Suicune|77\/100\n|-sideend|p2: Plant Spike|Spikes|[from] move: Rapid Spin|[of] p2a: Claydol\n|\n|-weather|Sandstorm|[upkeep]\n|-damage|p1a: Suicune|71\/100|[from] Sandstorm\n|-heal|p1a: Suicune|77\/100|[from] item: Leftovers\n|upkeep\n|turn|8\n|\n|switch|p2a: Snorlax|Snorlax, F|86\/100\n|move|p1a: Suicune|Hydro Pump|p2a: Snorlax|[miss]\n|-miss|p1a: Suicune|p2a: Snorlax\n|\n|-weather|Sandstorm|[upkeep]\n|-damage|p1a: Suicune|71\/100|[from] Sandstorm\n|-damage|p2a: Snorlax|80\/100|[from] Sandstorm\n|-heal|p1a: Suicune|77\/100|[from] item: Leftovers\n|-heal|p2a: Snorlax|86\/100|[from] item: Leftovers\n|upkeep\n|turn|9\n|inactive|winter lanterns has 120 seconds left.\n|\n|switch|p1a: Tyranitar|Tyranitar, F|58\/100\n|move|p2a: Snorlax|Body Slam|p1a: Tyranitar\n|-resisted|p1a: Tyranitar\n|-damage|p1a: Tyranitar|40\/100\n|-status|p1a: Tyranitar|par\n|\n|-weather|Sandstorm|[upkeep]\n|-damage|p2a: Snorlax|80\/100|[from] Sandstorm\n|-heal|p2a: Snorlax|86\/100|[from] item: Leftovers\n|-heal|p1a: Tyranitar|46\/100 par|[from] item: Leftovers\n|upkeep\n|turn|10\n|\n|-singleturn|p1a: Tyranitar|move: Focus Punch\n|move|p2a: Snorlax|Earthquake|p1a: Tyranitar\n|-supereffective|p1a: Tyranitar\n|-damage|p1a: Tyranitar|0 fnt\n|faint|p1a: Tyranitar\n|inactive|winter lanterns has 120 seconds left.\n|\n|switch|p1a: Claydol|Claydol|100\/100\n|\n|-weather|Sandstorm|[upkeep]\n|-damage|p2a: Snorlax|80\/100|[from] Sandstorm\n|-heal|p2a: Snorlax|86\/100|[from] item: Leftovers\n|upkeep\n|turn|11\n|\n|switch|p2a: Salamence|Salamence, F|100\/100\n|-ability|p2a: Salamence|Intimidate|boost\n|-unboost|p1a: Claydol|atk|1\n|move|p1a: Claydol|Explosion|p2a: Salamence\n|-damage|p2a: Salamence|0 fnt\n|faint|p1a: Claydol\n|faint|p2a: Salamence\n|\n|switch|p2a: Claydol|Claydol|100\/100\n|switch|p1a: Suicune|Suicune|77\/100\n|\n|-weather|Sandstorm|[upkeep]\n|-damage|p1a: Suicune|71\/100|[from] Sandstorm\n|-heal|p1a: Suicune|77\/100|[from] item: Leftovers\n|upkeep\n|turn|12\n|\n|move|p1a: Suicune|Hydro Pump|p2a: Claydol\n|-supereffective|p2a: Claydol\n|-damage|p2a: Claydol|0 fnt\n|faint|p2a: Claydol\n|\n|switch|p2a: Snorlax|Snorlax, F|86\/100\n|\n|-weather|Sandstorm|[upkeep]\n|-damage|p1a: Suicune|71\/100|[from] Sandstorm\n|-damage|p2a: Snorlax|80\/100|[from] Sandstorm\n|-heal|p1a: Suicune|77\/100|[from] item: Leftovers\n|-heal|p2a: Snorlax|86\/100|[from] item: Leftovers\n|upkeep\n|turn|13\n|\n|move|p1a: Suicune|Hydro Pump|p2a: Snorlax\n|-damage|p2a: Snorlax|60\/100\n|move|p2a: Snorlax|Body Slam|p1a: Suicune\n|-crit|p1a: Suicune\n|-damage|p1a: Suicune|9\/100\n|-status|p1a: Suicune|par\n|\n|-weather|Sandstorm|[upkeep]\n|-damage|p2a: Snorlax|53\/100|[from] Sandstorm\n|-damage|p1a: Suicune|3\/100 par|[from] Sandstorm\n|-heal|p2a: Snorlax|60\/100|[from] item: Leftovers\n|-heal|p1a: Suicune|9\/100 par|[from] item: Leftovers\n|upkeep\n|turn|14\n|\n|move|p2a: Snorlax|Body Slam|p1a: Suicune\n|-damage|p1a: Suicune|0 fnt\n|faint|p1a: Suicune\n|\n|switch|p1a: Jirachi|Jirachi|100\/100\n|\n|-weather|Sandstorm|[upkeep]\n|-damage|p2a: Snorlax|53\/100|[from] Sandstorm\n|-heal|p2a: Snorlax|60\/100|[from] item: Leftovers\n|upkeep\n|turn|15\n|\n|switch|p2a: Tyranitar|Tyranitar, F|100\/100\n|move|p1a: Jirachi|Calm Mind|p1a: Jirachi\n|-boost|p1a: Jirachi|spa|1\n|-boost|p1a: Jirachi|spd|1\n|\n|-weather|Sandstorm|[upkeep]\n|upkeep\n|turn|16\n|\n|move|p1a: Jirachi|Hidden Power|p2a: Tyranitar\n|-supereffective|p2a: Tyranitar\n|-damage|p2a: Tyranitar|51\/100\n|move|p2a: Tyranitar|Earthquake|p1a: Jirachi\n|-supereffective|p1a: Jirachi\n|-damage|p1a: Jirachi|55\/100\n|\n|-weather|Sandstorm|[upkeep]\n|-heal|p1a: Jirachi|61\/100|[from] item: Leftovers\n|-heal|p2a: Tyranitar|57\/100|[from] item: Leftovers\n|upkeep\n|turn|17\n|\n|move|p1a: Jirachi|Hidden Power|p2a: Tyranitar\n|-supereffective|p2a: Tyranitar\n|-damage|p2a: Tyranitar|0 fnt\n|faint|p2a: Tyranitar\n|\n|switch|p2a: Snorlax|Snorlax, F|60\/100\n|\n|-weather|Sandstorm|[upkeep]\n|-damage|p2a: Snorlax|53\/100|[from] Sandstorm\n|-heal|p1a: Jirachi|67\/100|[from] item: Leftovers\n|-heal|p2a: Snorlax|60\/100|[from] item: Leftovers\n|upkeep\n|turn|18\n|\n|move|p1a: Jirachi|Psychic|p2a: Snorlax\n|-damage|p2a: Snorlax|24\/100\n|move|p2a: Snorlax|Earthquake|p1a: Jirachi\n|-supereffective|p1a: Jirachi\n|-damage|p1a: Jirachi|13\/100\n|\n|-weather|Sandstorm|[upkeep]\n|-damage|p2a: Snorlax|17\/100|[from] Sandstorm\n|-heal|p1a: Jirachi|19\/100|[from] item: Leftovers\n|-heal|p2a: Snorlax|24\/100|[from] item: Leftovers\n|upkeep\n|turn|19\n|\n|switch|p2a: Metagross|Metagross, shiny|100\/100\n|move|p1a: Jirachi|Psychic|p2a: Metagross\n|-resisted|p2a: Metagross\n|-damage|p2a: Metagross|82\/100\n|\n|-weather|Sandstorm|[upkeep]\n|-heal|p1a: Jirachi|25\/100|[from] item: Leftovers\n|upkeep\n|turn|20\n|\n|move|p1a: Jirachi|Fire Punch|p2a: Metagross\n|-supereffective|p2a: Metagross\n|-damage|p2a: Metagross|0 fnt\n|faint|p2a: Metagross\n|-message|Plant Spike forfeited.\n|\n|win|winter lanterns\n|l|\u2606Plant Spike\n|l|\u2606winter lanterns\n","uploadtime":1591447452,"views":9,"p1id":"winterlanterns","p2id":"plantspike","formatid":"gen3ou","rating":0,"private":0,"password":null}