{"id":"gen3randombattle-1658743059","p1":"WanniBr\u00a9","p2":"H4WT \u2605","format":"gen3randombattle","log":"|j|\u2606WanniBr\u00a9\n|j|\u2606H4WT \u2605\n|inactive|Battle timer is ON: inactive players will automatically lose when time's up.\n|t:|1662593713\n|gametype|singles\n|player|p1|WanniBr\u00a9|cynthia-masters|\n|player|p2|H4WT \u2605|nate|\n|teamsize|p1|6\n|teamsize|p2|6\n|gen|3\n|tier|[Gen 3] Random Battle\n|rated|Tournament battle\n|rule|Sleep Clause Mod: Limit one foe put to sleep\n|rule|Switch Priority Clause Mod: Faster Pok\u00e9mon switch first\n|rule|Species Clause: Limit one of each Pok\u00e9mon\n|rule|OHKO Clause: OHKO moves are banned\n|rule|Evasion Items Clause: Evasion items are banned\n|rule|Evasion Moves Clause: Evasion moves are banned\n|rule|Endless Battle Clause: Forcing endless battles is banned\n|rule|HP Percentage Mod: HP is shown in percentages\n|\n|t:|1662593713\n|start\n|switch|p1a: Pidgeot|Pidgeot, L88, M|289\/289\n|switch|p2a: Cloyster|Cloyster, L80, M|211\/211\n|turn|1\n|j| Dark\u2605Shion\u30c4\n|j| Link-Hat\n|\n|t:|1662593731\n|switch|p1a: Lickitung|Lickitung, L88, M|302\/302\n|move|p2a: Cloyster|Spikes|p1a: Lickitung\n|-sidestart|p1: WanniBr\u00a9|Spikes\n|\n|upkeep\n|turn|2\n|c|\u2606WanniBr\u00a9|shion ><\n|c| Dark\u2605Shion\u30c4|Wanni ><\n|l| Link-Hat\n|inactive|H4WT \u2605 has 120 seconds left.\n|\n|t:|1662593790\n|move|p2a: Cloyster|Spikes|p1a: Lickitung\n|-sidestart|p1: WanniBr\u00a9|Spikes\n|move|p1a: Lickitung|Return|p2a: Cloyster\n|-damage|p2a: Cloyster|164\/211\n|\n|-heal|p2a: Cloyster|177\/211|[from] item: Leftovers\n|upkeep\n|turn|3\n|inactive|H4WT \u2605 has 90 seconds left.\n|inactive|H4WT \u2605 has 60 seconds left.\n|\n|t:|1662593840\n|move|p2a: Cloyster|Spikes|p1a: Lickitung\n|-sidestart|p1: WanniBr\u00a9|Spikes\n|move|p1a: Lickitung|Return|p2a: Cloyster\n|-damage|p2a: Cloyster|131\/211\n|\n|-heal|p2a: Cloyster|144\/211|[from] item: Leftovers\n|upkeep\n|turn|4\n|\n|t:|1662593846\n|move|p2a: Cloyster|Surf|p1a: Lickitung\n|-damage|p1a: Lickitung|205\/302\n|move|p1a: Lickitung|Counter|p2a: Cloyster\n|\n|-heal|p2a: Cloyster|157\/211|[from] item: Leftovers\n|-heal|p1a: Lickitung|223\/302|[from] item: Leftovers\n|upkeep\n|turn|5\n|\n|t:|1662593851\n|move|p2a: Cloyster|Surf|p1a: Lickitung\n|-damage|p1a: Lickitung|126\/302\n|move|p1a: Lickitung|Seismic Toss|p2a: Cloyster\n|-damage|p2a: Cloyster|69\/211\n|\n|-heal|p2a: Cloyster|82\/211|[from] item: Leftovers\n|-heal|p1a: Lickitung|144\/302|[from] item: Leftovers\n|upkeep\n|turn|6\n|inactive|H4WT \u2605 has 60 seconds left.\n|inactive|H4WT \u2605 has 30 seconds left.\n|\n|t:|1662593910\n|move|p2a: Cloyster|Explosion|p1a: Lickitung\n|-damage|p1a: Lickitung|0 fnt\n|faint|p2a: Cloyster\n|faint|p1a: Lickitung\n|\n|t:|1662593922\n|switch|p2a: Deoxys|Deoxys, L76|201\/201\n|switch|p1a: Cloyster|Cloyster, L80, F|211\/211\n|-ability|p2a: Deoxys|Pressure|[silent]\n|-damage|p1a: Cloyster|159\/211|[from] Spikes\n|\n|-heal|p1a: Cloyster|172\/211|[from] item: Leftovers\n|upkeep\n|turn|7\n|\n|t:|1662593932\n|move|p2a: Deoxys|Psycho Boost|p1a: Cloyster\n|-damage|p1a: Cloyster|0 fnt\n|-unboost|p2a: Deoxys|spa|2\n|faint|p1a: Cloyster\n|c|\u2606WanniBr\u00a9|porra\n|c|\u2606WanniBr\u00a9|apelou para lend\u00e1rio\n|\n|t:|1662593950\n|switch|p1a: Gligar|Gligar, L84, F|246\/246\n|\n|upkeep\n|turn|8\n|\n|t:|1662593964\n|switch|p2a: Kingler|Kingler, L88, M|240\/240\n|move|p1a: Gligar|Swords Dance|p1a: Gligar\n|-boost|p1a: Gligar|atk|2\n|\n|upkeep\n|turn|9\n|\n|t:|1662593972\n|move|p1a: Gligar|Earthquake|p2a: Kingler\n|-damage|p2a: Kingler|104\/240\n|move|p2a: Kingler|Surf|p1a: Gligar\n|-supereffective|p1a: Gligar\n|-damage|p1a: Gligar|70\/246\n|\n|-heal|p1a: Gligar|85\/246|[from] item: Leftovers\n|upkeep\n|turn|10\n|\n|t:|1662593977\n|move|p1a: Gligar|Earthquake|p2a: Kingler\n|-damage|p2a: Kingler|0 fnt\n|faint|p2a: Kingler\n|inactive|H4WT \u2605 has 60 seconds left.\n|\n|t:|1662593982\n|switch|p2a: Deoxys|Deoxys, L76|201\/201\n|-ability|p2a: Deoxys|Pressure|[silent]\n|\n|-heal|p1a: Gligar|100\/246|[from] item: Leftovers\n|upkeep\n|turn|11\n|\n|t:|1662593987\n|switch|p1a: Exeggutor|Exeggutor, L82, F|290\/290\n|-damage|p1a: Exeggutor|218\/290|[from] Spikes\n|move|p2a: Deoxys|Ice Beam|p1a: Exeggutor\n|-supereffective|p1a: Exeggutor\n|-damage|p1a: Exeggutor|27\/290\n|\n|-heal|p1a: Exeggutor|45\/290|[from] item: Leftovers\n|upkeep\n|turn|12\n|c|\u2606H4WT \u2605|deoxys pouco quebrado\n|\n|t:|1662594000\n|move|p2a: Deoxys|Ice Beam|p1a: Exeggutor\n|-supereffective|p1a: Exeggutor\n|-damage|p1a: Exeggutor|0 fnt\n|faint|p1a: Exeggutor\n|l| Dark\u2605Shion\u30c4\n|c|\u2606WanniBr\u00a9|ala ele, shion >:(\n|\n|t:|1662594013\n|switch|p1a: Camerupt|Camerupt, L84, M|255\/255\n|-damage|p1a: Camerupt|192\/255|[from] Spikes\n|\n|upkeep\n|turn|13\n|c|\u2606H4WT \u2605|o cara at\u00e9 saiu\n|\n|t:|1662594029\n|switch|p2a: Weezing|Weezing, L82, F|241\/241\n|move|p1a: Camerupt|Fire Blast|p2a: Weezing\n|-crit|p2a: Weezing\n|-damage|p2a: Weezing|0 fnt\n|faint|p2a: Weezing\n|c|\u2606WanniBr\u00a9|essa porra tem choice, n\u00e9?\n|c|\u2606H4WT \u2605|n\n|inactive|H4WT \u2605 has 60 seconds left.\n|c|\u2606H4WT \u2605|eu que n tinha visto ice beam antes\n|\n|t:|1662594051\n|switch|p2a: Butterfree|Butterfree, L88, M|249\/249\n|\n|upkeep\n|turn|14\n|\n|t:|1662594061\n|move|p2a: Butterfree|Sleep Powder|p1a: Camerupt\n|-status|p1a: Camerupt|slp|[from] move: Sleep Powder\n|cant|p1a: Camerupt|slp\n|\n|upkeep\n|turn|15\n|\n|t:|1662594064\n|switch|p1a: Pidgeot|Pidgeot, L88, M|289\/289\n|move|p2a: Butterfree|Psychic|p1a: Pidgeot\n|-damage|p1a: Pidgeot|223\/289\n|\n|-heal|p1a: Pidgeot|241\/289|[from] item: Leftovers\n|upkeep\n|turn|16\n|\n|t:|1662594075\n|move|p1a: Pidgeot|Substitute|p1a: Pidgeot\n|-start|p1a: Pidgeot|Substitute\n|-damage|p1a: Pidgeot|169\/289\n|move|p2a: Butterfree|Toxic||[still]\n|-fail|p2a: Butterfree\n|\n|-heal|p1a: Pidgeot|187\/289|[from] item: Leftovers\n|upkeep\n|turn|17\n|\n|t:|1662594082\n|move|p1a: Pidgeot|Aerial Ace|p2a: Butterfree\n|-supereffective|p2a: Butterfree\n|-damage|p2a: Butterfree|84\/249\n|move|p2a: Butterfree|Psychic|p1a: Pidgeot\n|-activate|p1a: Pidgeot|Substitute|[damage]\n|\n|-heal|p1a: Pidgeot|205\/289|[from] item: Leftovers\n|-heal|p2a: Butterfree|99\/249|[from] item: Leftovers\n|upkeep\n|turn|18\n|c|\u2606WanniBr\u00a9|kkk\n|\n|t:|1662594092\n|move|p1a: Pidgeot|Aerial Ace|p2a: Butterfree\n|-supereffective|p2a: Butterfree\n|-damage|p2a: Butterfree|0 fnt\n|faint|p2a: Butterfree\n|c|\u2606H4WT \u2605|s\u00f3 falta eu perder pra PIDGEOT\n|inactive|H4WT \u2605 has 90 seconds left.\n|\n|t:|1662594106\n|switch|p2a: Vileplume|Vileplume, L84, F|263\/263\n|\n|-heal|p1a: Pidgeot|223\/289|[from] item: Leftovers\n|upkeep\n|turn|19\n|\n|t:|1662594115\n|move|p1a: Pidgeot|Aerial Ace|p2a: Vileplume\n|-supereffective|p2a: Vileplume\n|-crit|p2a: Vileplume\n|-damage|p2a: Vileplume|0 fnt\n|faint|p2a: Vileplume\n|c|\u2606H4WT \u2605|F\n|\n|t:|1662594121\n|switch|p2a: Deoxys|Deoxys, L76|201\/201\n|-ability|p2a: Deoxys|Pressure|[silent]\n|\n|-heal|p1a: Pidgeot|241\/289|[from] item: Leftovers\n|upkeep\n|turn|20\n|c|\u2606WanniBr\u00a9|s\n|\n|t:|1662594129\n|move|p2a: Deoxys|Ice Beam|p1a: Pidgeot\n|-supereffective|p1a: Pidgeot\n|-end|p1a: Pidgeot|Substitute\n|move|p1a: Pidgeot|Return|p2a: Deoxys\n|-damage|p2a: Deoxys|29\/201\n|\n|-heal|p2a: Deoxys|41\/201|[from] item: Leftovers\n|-heal|p1a: Pidgeot|259\/289|[from] item: Leftovers\n|upkeep\n|turn|21\n|\n|t:|1662594137\n|move|p2a: Deoxys|Psycho Boost|p1a: Pidgeot\n|-damage|p1a: Pidgeot|70\/289\n|-unboost|p2a: Deoxys|spa|2\n|move|p1a: Pidgeot|Return|p2a: Deoxys\n|-damage|p2a: Deoxys|0 fnt\n|faint|p2a: Deoxys\n|\n|win|WanniBr\u00a9\n|n|\u2606WanniBr\u00a9|wannibr\n|n|\u2606H4WT \u2605|h4wt\n","inputlog":">version 8cf3438afc5b4a013c2b2d0b6cd5b917bdfe9b81\n>start {\"formatid\":\"gen3randombattle\",\"seed\":[11521,58343,33546,58923],\"rated\":\"Tournament battle\"}\n>player p1 {\"name\":\"WanniBr\u00a9\",\"avatar\":\"cynthia-masters\",\"rating\":0,\"seed\":[25142,48313,58868,40877]}\n>player p2 {\"name\":\"H4WT \u2605\",\"avatar\":\"nate\",\"rating\":0,\"seed\":[34235,19736,14643,39044]}\n>p1 switch 2\n>p2 move spikes\n>chat \u2606WanniBr\u00a9|shion ><\n>chat  Dark\u2605Shion\u30c4|Wanni >< \n>p1 move return\n>p2 move spikes\n>p1 move return\n>p2 move spikes\n>p1 move counter\n>p2 move surf\n>p1 move seismictoss\n>p2 move surf\n>p1 move seismictoss\n>p2 move explosion\n>p1 switch 6\n>p2 switch 5\n>p1 move surf\n>p2 move psychoboost\n>chat \u2606WanniBr\u00a9|porra\n>chat \u2606WanniBr\u00a9|apelou para lend\u00e1rio\n>p1 switch 4\n>p1 move swordsdance\n>p2 switch 2\n>p1 move earthquake\n>p2 move surf\n>p1 move earthquake\n>p2 move surf\n>p2 switch 2\n>p1 switch 5\n>p2 move icebeam\n>chat \u2606H4WT \u2605|deoxys pouco quebrado\n>p1 move explosion\n>p2 move icebeam\n>chat \u2606WanniBr\u00a9|ala ele, shion >:(\n>p1 switch 3\n>chat \u2606H4WT \u2605|o cara at\u00e9 saiu\n>p1 move fireblast\n>p2 switch 6\n>chat \u2606WanniBr\u00a9|essa porra tem choice, n\u00e9?\n>chat \u2606H4WT \u2605|n\n>chat \u2606H4WT \u2605|eu que n tinha visto ice beam antes\n>p2 switch 4\n>p1 move fireblast\n>p2 move sleeppowder\n>p1 switch 2\n>p2 move psychic\n>p1 move substitute\n>p2 move toxic\n>p1 move aerialace\n>p2 move psychic\n>chat \u2606WanniBr\u00a9|kkk\n>p1 move aerialace\n>p2 move psychic\n>chat \u2606H4WT \u2605|s\u00f3 falta eu perder pra PIDGEOT\n>p2 switch 3\n>p1 move aerialace\n>p2 move sludgebomb\n>chat \u2606H4WT \u2605|F\n>p2 switch 6\n>chat \u2606WanniBr\u00a9|s\n>p1 move return\n>p2 move icebeam\n>p1 move return\n>p2 move psychoboost","uploadtime":1662594141,"views":5,"p1id":"wannibr","p2id":"h4wt","formatid":"gen3randombattle","rating":0,"private":0,"password":null}