{"id":"gen3ou-1706962099","p1":"Pelplayer","p2":"yyty77","format":"gen3ou","log":"|j|\u2606Pelplayer\n|j|\u2606yyty77\n|t:|1668036706\n|gametype|singles\n|player|p1|Pelplayer|pokekid|1195\n|player|p2|yyty77|169|1081\n|teamsize|p1|6\n|teamsize|p2|6\n|gen|3\n|tier|[Gen 3] OU\n|rated|\n|rule|Sleep Clause Mod: Limit one foe put to sleep\n|rule|Switch Priority Clause Mod: Faster Pok\u00e9mon switch first\n|rule|Species Clause: Limit one of each Pok\u00e9mon\n|rule|OHKO Clause: OHKO moves are banned\n|rule|Evasion Items Clause: Evasion items are banned\n|rule|Evasion Moves Clause: Evasion moves are banned\n|rule|Endless Battle Clause: Forcing endless battles is banned\n|rule|HP Percentage Mod: HP is shown in percentages\n|rule|One Boost Passer Clause: Limit one Baton Passer that has a way to boost its stats\n|rule|Freeze Clause Mod: Limit one foe frozen\n|\n|t:|1668036706\n|start\n|switch|p1a: Breloom|Breloom, M, shiny|100\/100\n|switch|p2a: Aerodactyl|Aerodactyl, F|100\/100\n|turn|1\n|inactive|Battle timer is ON: inactive players will automatically lose when time's up. (requested by yyty77)\n|\n|t:|1668036713\n|switch|p1a: Vaporeon|Vaporeon, F, shiny|100\/100\n|move|p2a: Aerodactyl|Rock Slide|p1a: Vaporeon|[miss]\n|-miss|p2a: Aerodactyl|p1a: Vaporeon\n|\n|upkeep\n|turn|2\n|j| Lvflare\n|l| Lvflare\n|\n|t:|1668036721\n|switch|p2a: Starmie|Starmie|100\/100\n|move|p1a: Vaporeon|Toxic|p2a: Starmie|[miss]\n|-miss|p1a: Vaporeon|p2a: Starmie\n|\n|upkeep\n|turn|3\n|\n|t:|1668036731\n|switch|p1a: Porygon2|Porygon2|100\/100\n|-ability|p1a: Porygon2|Natural Cure|[from] ability: Trace|[of] p2a: Starmie\n|move|p2a: Starmie|Thunder Wave|p1a: Porygon2\n|-status|p1a: Porygon2|par\n|\n|upkeep\n|turn|4\n|\n|t:|1668036740\n|switch|p2a: Snorlax|Snorlax, F|100\/100\n|move|p1a: Porygon2|Thunder Wave|p2a: Snorlax\n|-status|p2a: Snorlax|par\n|\n|upkeep\n|turn|5\n|\n|t:|1668036747\n|-curestatus|p1a: Porygon2|par|[from] ability: Natural Cure\n|switch|p1a: Gengar|Gengar, M|100\/100\n|cant|p2a: Snorlax|par\n|\n|upkeep\n|turn|6\n|\n|t:|1668036758\n|switch|p1a: Snorlax|Snorlax, M|100\/100\n|move|p2a: Snorlax|Curse|p2a: Snorlax\n|-unboost|p2a: Snorlax|spe|1\n|-boost|p2a: Snorlax|atk|1\n|-boost|p2a: Snorlax|def|1\n|\n|upkeep\n|turn|7\n|\n|t:|1668036766\n|move|p1a: Snorlax|Curse|p1a: Snorlax\n|-unboost|p1a: Snorlax|spe|1\n|-boost|p1a: Snorlax|atk|1\n|-boost|p1a: Snorlax|def|1\n|move|p2a: Snorlax|Body Slam|p1a: Snorlax\n|-damage|p1a: Snorlax|72\/100\n|\n|-heal|p1a: Snorlax|78\/100|[from] item: Leftovers\n|upkeep\n|turn|8\n|\n|t:|1668036777\n|move|p1a: Snorlax|Curse|p1a: Snorlax\n|-unboost|p1a: Snorlax|spe|1\n|-boost|p1a: Snorlax|atk|1\n|-boost|p1a: Snorlax|def|1\n|move|p2a: Snorlax|Body Slam|p1a: Snorlax\n|-damage|p1a: Snorlax|57\/100\n|\n|-heal|p1a: Snorlax|63\/100|[from] item: Leftovers\n|upkeep\n|turn|9\n|\n|t:|1668036786\n|move|p1a: Snorlax|Curse|p1a: Snorlax\n|-unboost|p1a: Snorlax|spe|1\n|-boost|p1a: Snorlax|atk|1\n|-boost|p1a: Snorlax|def|1\n|move|p2a: Snorlax|Body Slam|p1a: Snorlax\n|-damage|p1a: Snorlax|45\/100\n|\n|-heal|p1a: Snorlax|51\/100|[from] item: Leftovers\n|upkeep\n|turn|10\n|\n|t:|1668036796\n|switch|p2a: Alakazam|Alakazam, M|100\/100\n|move|p1a: Snorlax|Curse|p1a: Snorlax\n|-unboost|p1a: Snorlax|spe|1\n|-boost|p1a: Snorlax|atk|1\n|-boost|p1a: Snorlax|def|1\n|\n|-heal|p1a: Snorlax|57\/100|[from] item: Leftovers\n|upkeep\n|turn|11\n|\n|t:|1668036805\n|move|p2a: Alakazam|Encore|p1a: Snorlax\n|-start|p1a: Snorlax|Encore\n|move|p1a: Snorlax|Curse|p1a: Snorlax\n|-unboost|p1a: Snorlax|spe|1\n|-boost|p1a: Snorlax|atk|1\n|-boost|p1a: Snorlax|def|1\n|\n|-heal|p1a: Snorlax|63\/100|[from] item: Leftovers\n|upkeep\n|turn|12\n|\n|t:|1668036818\n|move|p2a: Alakazam|Psychic|p1a: Snorlax\n|-damage|p1a: Snorlax|43\/100\n|move|p1a: Snorlax|Curse|p1a: Snorlax\n|-unboost|p1a: Snorlax|spe|1\n|-boost|p1a: Snorlax|atk|1\n|-boost|p1a: Snorlax|def|1\n|\n|-heal|p1a: Snorlax|49\/100|[from] item: Leftovers\n|upkeep\n|turn|13\n|\n|t:|1668036827\n|move|p2a: Alakazam|Psychic|p1a: Snorlax\n|-damage|p1a: Snorlax|26\/100\n|move|p1a: Snorlax|Curse|p1a: Snorlax\n|\n|-heal|p1a: Snorlax|32\/100|[from] item: Leftovers\n|upkeep\n|turn|14\n|\n|t:|1668036835\n|switch|p1a: Porygon2|Porygon2|100\/100\n|-ability|p1a: Porygon2|Synchronize|[from] ability: Trace|[of] p2a: Alakazam\n|move|p2a: Alakazam|Psychic|p1a: Porygon2\n|-damage|p1a: Porygon2|64\/100\n|-unboost|p1a: Porygon2|spd|1\n|\n|-heal|p1a: Porygon2|70\/100|[from] item: Leftovers\n|upkeep\n|turn|15\n|\n|t:|1668036847\n|move|p2a: Alakazam|Substitute|p2a: Alakazam\n|-start|p2a: Alakazam|Substitute\n|-damage|p2a: Alakazam|75\/100\n|move|p1a: Porygon2|Thunder Wave||[still]\n|-fail|p1a: Porygon2\n|\n|-heal|p1a: Porygon2|76\/100|[from] item: Leftovers\n|upkeep\n|turn|16\n|\n|t:|1668036856\n|move|p2a: Alakazam|Psychic|p1a: Porygon2\n|-crit|p1a: Porygon2\n|-damage|p1a: Porygon2|0 fnt\n|faint|p1a: Porygon2\n|\n|t:|1668036861\n|switch|p1a: Snorlax|Snorlax, M|32\/100\n|\n|-heal|p1a: Snorlax|38\/100|[from] item: Leftovers\n|upkeep\n|turn|17\n|\n|t:|1668036872\n|move|p2a: Alakazam|Psychic|p1a: Snorlax\n|-damage|p1a: Snorlax|17\/100\n|move|p1a: Snorlax|Shadow Ball|p2a: Alakazam\n|-supereffective|p2a: Alakazam\n|-end|p2a: Alakazam|Substitute\n|\n|-heal|p1a: Snorlax|23\/100|[from] item: Leftovers\n|upkeep\n|turn|18\n|\n|t:|1668036885\n|switch|p2a: Aerodactyl|Aerodactyl, F|100\/100\n|move|p1a: Snorlax|Shadow Ball|p2a: Aerodactyl\n|-damage|p2a: Aerodactyl|69\/100\n|\n|-heal|p1a: Snorlax|30\/100|[from] item: Leftovers\n|upkeep\n|turn|19\n|\n|t:|1668036895\n|switch|p1a: Forretress|Forretress, F, shiny|100\/100\n|move|p2a: Aerodactyl|Rock Slide|p1a: Forretress\n|-damage|p1a: Forretress|62\/100\n|\n|-heal|p1a: Forretress|68\/100|[from] item: Leftovers\n|upkeep\n|turn|20\n|\n|t:|1668036907\n|move|p2a: Aerodactyl|Rock Slide|p1a: Forretress\n|-damage|p1a: Forretress|30\/100\n|move|p1a: Forretress|Spikes|p2a: Aerodactyl\n|-sidestart|p2: yyty77|Spikes\n|\n|-heal|p1a: Forretress|36\/100|[from] item: Leftovers\n|upkeep\n|turn|21\n|\n|t:|1668036915\n|move|p2a: Aerodactyl|Rock Slide|p1a: Forretress\n|-damage|p1a: Forretress|0 fnt\n|faint|p1a: Forretress\n|\n|t:|1668036919\n|switch|p1a: Vaporeon|Vaporeon, F, shiny|100\/100\n|\n|upkeep\n|turn|22\n|\n|t:|1668036923\n|switch|p2a: Starmie|Starmie|100\/100\n|-damage|p2a: Starmie|88\/100|[from] Spikes\n|move|p1a: Vaporeon|Toxic|p2a: Starmie\n|-status|p2a: Starmie|tox\n|\n|-heal|p2a: Starmie|94\/100 tox|[from] item: Leftovers\n|-damage|p2a: Starmie|88\/100 tox|[from] psn\n|upkeep\n|turn|23\n|\n|t:|1668036933\n|move|p2a: Starmie|Thunder Wave|p1a: Vaporeon\n|-status|p1a: Vaporeon|par\n|cant|p1a: Vaporeon|par\n|\n|-heal|p2a: Starmie|94\/100 tox|[from] item: Leftovers\n|-damage|p2a: Starmie|82\/100 tox|[from] psn\n|upkeep\n|turn|24\n|\n|t:|1668036944\n|move|p2a: Starmie|Rapid Spin|p1a: Vaporeon\n|-damage|p1a: Vaporeon|99\/100 par\n|-sideend|p2: yyty77|Spikes|[from] move: Rapid Spin|[of] p2a: Starmie\n|move|p1a: Vaporeon|Wish|p1a: Vaporeon\n|\n|-heal|p2a: Starmie|88\/100 tox|[from] item: Leftovers\n|-damage|p2a: Starmie|70\/100 tox|[from] psn\n|-heal|p1a: Vaporeon|100\/100 par|[from] item: Leftovers\n|upkeep\n|turn|25\n|\n|t:|1668036953\n|switch|p1a: Snorlax|Snorlax, M|30\/100\n|move|p2a: Starmie|Thunder Wave|p1a: Snorlax\n|-status|p1a: Snorlax|par\n|\n|-heal|p1a: Snorlax|80\/100 par|[from] move: Wish|[wisher] Vaporeon\n|-heal|p2a: Starmie|76\/100 tox|[from] item: Leftovers\n|-damage|p2a: Starmie|52\/100 tox|[from] psn\n|-heal|p1a: Snorlax|86\/100 par|[from] item: Leftovers\n|upkeep\n|turn|26\n|\n|t:|1668036966\n|-curestatus|p2a: Starmie|tox|[from] ability: Natural Cure\n|switch|p2a: Aerodactyl|Aerodactyl, F|69\/100\n|move|p1a: Snorlax|Body Slam|p2a: Aerodactyl\n|-resisted|p2a: Aerodactyl\n|-damage|p2a: Aerodactyl|43\/100\n|\n|-heal|p1a: Snorlax|92\/100 par|[from] item: Leftovers\n|upkeep\n|turn|27\n|\n|t:|1668036976\n|move|p2a: Aerodactyl|Rock Slide|p1a: Snorlax\n|-damage|p1a: Snorlax|45\/100 par\n|move|p1a: Snorlax|Body Slam|p2a: Aerodactyl\n|-resisted|p2a: Aerodactyl\n|-damage|p2a: Aerodactyl|17\/100\n|\n|-heal|p1a: Snorlax|51\/100 par|[from] item: Leftovers\n|upkeep\n|turn|28\n|\n|t:|1668036986\n|move|p2a: Aerodactyl|Rock Slide|p1a: Snorlax\n|-damage|p1a: Snorlax|4\/100 par\n|move|p1a: Snorlax|Body Slam|p2a: Aerodactyl\n|-resisted|p2a: Aerodactyl\n|-damage|p2a: Aerodactyl|0 fnt\n|faint|p2a: Aerodactyl\n|\n|t:|1668036995\n|switch|p2a: Alakazam|Alakazam, M|75\/100\n|\n|-heal|p1a: Snorlax|10\/100 par|[from] item: Leftovers\n|upkeep\n|turn|29\n|\n|t:|1668037003\n|move|p2a: Alakazam|Psychic|p1a: Snorlax\n|-damage|p1a: Snorlax|0 fnt\n|faint|p1a: Snorlax\n|\n|t:|1668037008\n|switch|p1a: Vaporeon|Vaporeon, F, shiny|100\/100 par\n|\n|upkeep\n|turn|30\n|\n|t:|1668037012\n|switch|p2a: Starmie|Starmie|52\/100\n|cant|p1a: Vaporeon|par\n|\n|-heal|p2a: Starmie|58\/100|[from] item: Leftovers\n|upkeep\n|turn|31\n|\n|t:|1668037020\n|move|p2a: Starmie|Recover|p2a: Starmie\n|-heal|p2a: Starmie|100\/100\n|move|p1a: Vaporeon|Toxic|p2a: Starmie\n|-status|p2a: Starmie|tox\n|\n|-damage|p2a: Starmie|95\/100 tox|[from] psn\n|upkeep\n|turn|32\n|-message|Pelplayer forfeited.\n|\n|win|yyty77\n|raw|Pelplayer's rating: 1195 &rarr; <strong>1162<\/strong><br \/>(-33 for losing)\n|raw|yyty77's rating: 1081 &rarr; <strong>1118<\/strong><br \/>(+37 for winning)\n|l|\u2606Pelplayer\n","uploadtime":1668037032,"views":2,"p1id":"pelplayer","p2id":"yyty77","formatid":"gen3ou","rating":1118,"private":0,"password":null}