{"id":"gen3ou-1255550825","p1":"IM AT MY LIMIT","p2":"royceee","format":"gen3ou","log":"|j|\u2606IM AT MY LIMIT\n|j|\u2606royceee\n|t:|1609743440\n|player|p1|IM AT MY LIMIT|lucas|1342\n|player|p2|royceee|266|1256\n|teamsize|p1|6\n|teamsize|p2|6\n|gametype|singles\n|gen|3\n|tier|[Gen 3] OU\n|rated|\n|rule|Sleep Clause Mod: Limit one foe put to sleep\n|rule|Switch Priority Clause Mod: Faster Pok\u00e9mon switch first\n|rule|Species Clause: Limit one of each Pok\u00e9mon\n|rule|OHKO Clause: OHKO moves are banned\n|rule|Evasion Moves Clause: Evasion moves are banned\n|rule|Endless Battle Clause: Forcing endless battles is banned\n|rule|HP Percentage Mod: HP is shown in percentages\n|rule|3 Baton Pass Clause: Limit three Baton Passers\n|\n|t:|1609743440\n|start\n|switch|p1a: Tyranitar|Tyranitar, M|100\/100\n|switch|p2a: Tyranitar|Tyranitar, F, shiny|100\/100\n|-weather|Sandstorm|[from] ability: Sand Stream|[of] p1a: Tyranitar\n|turn|1\n|inactive|Battle timer is ON: inactive players will automatically lose when time's up. (requested by royceee)\n|inactive|IM AT MY LIMIT also wants the timer to be on.\n|\n|t:|1609743453\n|switch|p2a: Swampert|Swampert, M, shiny|100\/100\n|move|p1a: Tyranitar|Earthquake|p2a: Swampert\n|-damage|p2a: Swampert|74\/100\n|\n|-weather|Sandstorm|[upkeep]\n|-heal|p2a: Swampert|80\/100|[from] item: Leftovers\n|upkeep\n|turn|2\n|\n|t:|1609743460\n|switch|p1a: Milotic|Milotic, F, shiny|100\/100\n|move|p2a: Swampert|Protect||[still]\n|-fail|p2a: Swampert\n|\n|-weather|Sandstorm|[upkeep]\n|-damage|p1a: Milotic|94\/100|[from] Sandstorm\n|-heal|p1a: Milotic|100\/100|[from] item: Leftovers\n|-heal|p2a: Swampert|86\/100|[from] item: Leftovers\n|upkeep\n|turn|3\n|\n|t:|1609743471\n|move|p1a: Milotic|Toxic|p2a: Swampert\n|-status|p2a: Swampert|tox\n|move|p2a: Swampert|Toxic|p1a: Milotic\n|-status|p1a: Milotic|tox\n|\n|-weather|Sandstorm|[upkeep]\n|-damage|p1a: Milotic|94\/100 tox|[from] Sandstorm\n|-heal|p1a: Milotic|100\/100 tox|[from] item: Leftovers\n|-heal|p2a: Swampert|92\/100 tox|[from] item: Leftovers\n|-damage|p1a: Milotic|94\/100 tox|[from] psn\n|-damage|p2a: Swampert|86\/100 tox|[from] psn\n|upkeep\n|turn|4\n|\n|t:|1609743482\n|switch|p2a: Blissey|Blissey, F|100\/100\n|move|p1a: Milotic|Refresh|p1a: Milotic\n|-curestatus|p1a: Milotic|tox|[msg]\n|\n|-weather|Sandstorm|[upkeep]\n|-damage|p1a: Milotic|88\/100|[from] Sandstorm\n|-damage|p2a: Blissey|94\/100|[from] Sandstorm\n|-heal|p1a: Milotic|94\/100|[from] item: Leftovers\n|-heal|p2a: Blissey|100\/100|[from] item: Leftovers\n|upkeep\n|turn|5\n|\n|t:|1609743496\n|switch|p1a: Blissey|Blissey, F, shiny|100\/100\n|move|p2a: Blissey|Aromatherapy|p2a: Blissey\n|-cureteam|p2a: Blissey|[from] move: Aromatherapy\n|\n|-weather|Sandstorm|[upkeep]\n|-damage|p1a: Blissey|94\/100|[from] Sandstorm\n|-damage|p2a: Blissey|94\/100|[from] Sandstorm\n|-heal|p1a: Blissey|100\/100|[from] item: Leftovers\n|-heal|p2a: Blissey|100\/100|[from] item: Leftovers\n|upkeep\n|turn|6\n|\n|t:|1609743508\n|move|p1a: Blissey|Ice Beam|p2a: Blissey\n|-damage|p2a: Blissey|93\/100\n|move|p2a: Blissey|Toxic|p1a: Blissey\n|-status|p1a: Blissey|tox\n|\n|-weather|Sandstorm|[upkeep]\n|-damage|p1a: Blissey|94\/100 tox|[from] Sandstorm\n|-damage|p2a: Blissey|87\/100|[from] Sandstorm\n|-heal|p1a: Blissey|100\/100 tox|[from] item: Leftovers\n|-heal|p2a: Blissey|93\/100|[from] item: Leftovers\n|-damage|p1a: Blissey|94\/100 tox|[from] psn\n|upkeep\n|turn|7\n|\n|t:|1609743518\n|-curestatus|p1a: Blissey|tox|[from] ability: Natural Cure\n|switch|p1a: Skarmory|Skarmory, F, shiny|100\/100\n|switch|p2a: Tyranitar|Tyranitar, F, shiny|100\/100\n|\n|-weather|Sandstorm|[upkeep]\n|upkeep\n|turn|8\n|\n|t:|1609743526\n|switch|p1a: Dugtrio|Dugtrio, F, shiny|100\/100\n|switch|p2a: Magneton|Magneton, shiny|100\/100\n|\n|-weather|Sandstorm|[upkeep]\n|upkeep\n|turn|9\n|\n|t:|1609743534\n|move|p1a: Dugtrio|Earthquake|p2a: Magneton\n|-supereffective|p2a: Magneton\n|-damage|p2a: Magneton|0 fnt\n|faint|p2a: Magneton\n|\n|t:|1609743547\n|switch|p2a: Skarmory|Skarmory, F|100\/100\n|\n|-weather|Sandstorm|[upkeep]\n|upkeep\n|turn|10\n|\n|t:|1609743553\n|switch|p1a: Skarmory|Skarmory, F, shiny|100\/100\n|move|p2a: Skarmory|Toxic|p1a: Skarmory\n|-immune|p1a: Skarmory\n|\n|-weather|Sandstorm|[upkeep]\n|upkeep\n|turn|11\n|\n|t:|1609743562\n|switch|p2a: Starmie|Starmie|100\/100\n|move|p1a: Skarmory|Spikes|p2a: Starmie\n|-sidestart|p2: royceee|Spikes\n|\n|-weather|Sandstorm|[upkeep]\n|-damage|p2a: Starmie|94\/100|[from] Sandstorm\n|-heal|p2a: Starmie|100\/100|[from] item: Leftovers\n|upkeep\n|turn|12\n|\n|t:|1609743575\n|switch|p1a: Blissey|Blissey, F, shiny|94\/100\n|move|p2a: Starmie|Hydro Pump|p1a: Blissey\n|-damage|p1a: Blissey|74\/100\n|\n|-weather|Sandstorm|[upkeep]\n|-damage|p2a: Starmie|94\/100|[from] Sandstorm\n|-damage|p1a: Blissey|68\/100|[from] Sandstorm\n|-heal|p2a: Starmie|100\/100|[from] item: Leftovers\n|-heal|p1a: Blissey|74\/100|[from] item: Leftovers\n|upkeep\n|turn|13\n|\n|t:|1609743586\n|switch|p2a: Skarmory|Skarmory, F|100\/100\n|move|p1a: Blissey|Seismic Toss|p2a: Skarmory\n|-damage|p2a: Skarmory|71\/100\n|\n|-weather|Sandstorm|[upkeep]\n|-damage|p1a: Blissey|68\/100|[from] Sandstorm\n|-heal|p2a: Skarmory|77\/100|[from] item: Leftovers\n|-heal|p1a: Blissey|74\/100|[from] item: Leftovers\n|upkeep\n|turn|14\n|j| Starwolf777\n|\n|t:|1609743596\n|move|p2a: Skarmory|Spikes|p1a: Blissey\n|-sidestart|p1: IM AT MY LIMIT|Spikes\n|move|p1a: Blissey|Thunder Wave|p2a: Skarmory\n|-status|p2a: Skarmory|par\n|\n|-weather|Sandstorm|[upkeep]\n|-damage|p1a: Blissey|68\/100|[from] Sandstorm\n|-heal|p1a: Blissey|74\/100|[from] item: Leftovers\n|-heal|p2a: Skarmory|83\/100 par|[from] item: Leftovers\n|upkeep\n|turn|15\n|j| Lebastarde\n|\n|t:|1609743606\n|switch|p2a: Starmie|Starmie|100\/100\n|-damage|p2a: Starmie|88\/100|[from] Spikes\n|move|p1a: Blissey|Seismic Toss|p2a: Starmie\n|-damage|p2a: Starmie|50\/100\n|\n|-weather|Sandstorm|[upkeep]\n|-damage|p2a: Starmie|44\/100|[from] Sandstorm\n|-damage|p1a: Blissey|68\/100|[from] Sandstorm\n|-heal|p2a: Starmie|50\/100|[from] item: Leftovers\n|-heal|p1a: Blissey|74\/100|[from] item: Leftovers\n|upkeep\n|turn|16\n|\n|t:|1609743621\n|switch|p2a: Blissey|Blissey, F|93\/100\n|-damage|p2a: Blissey|81\/100|[from] Spikes\n|move|p1a: Blissey|Seismic Toss|p2a: Blissey\n|-damage|p2a: Blissey|66\/100\n|\n|-weather|Sandstorm|[upkeep]\n|-damage|p1a: Blissey|68\/100|[from] Sandstorm\n|-damage|p2a: Blissey|60\/100|[from] Sandstorm\n|-heal|p1a: Blissey|74\/100|[from] item: Leftovers\n|-heal|p2a: Blissey|66\/100|[from] item: Leftovers\n|upkeep\n|turn|17\n|\n|t:|1609743632\n|switch|p1a: Dugtrio|Dugtrio, F, shiny|100\/100\n|-damage|p1a: Dugtrio|88\/100|[from] Spikes\n|move|p2a: Blissey|Soft-Boiled|p2a: Blissey\n|-heal|p2a: Blissey|100\/100\n|\n|-weather|Sandstorm|[upkeep]\n|-damage|p2a: Blissey|94\/100|[from] Sandstorm\n|-heal|p2a: Blissey|100\/100|[from] item: Leftovers\n|upkeep\n|turn|18\n|\n|t:|1609743646\n|switch|p1a: Blissey|Blissey, F, shiny|74\/100\n|-damage|p1a: Blissey|62\/100|[from] Spikes\n|move|p2a: Blissey|Toxic|p1a: Blissey\n|-status|p1a: Blissey|tox\n|\n|-weather|Sandstorm|[upkeep]\n|-damage|p1a: Blissey|56\/100 tox|[from] Sandstorm\n|-damage|p2a: Blissey|94\/100|[from] Sandstorm\n|-heal|p1a: Blissey|62\/100 tox|[from] item: Leftovers\n|-heal|p2a: Blissey|100\/100|[from] item: Leftovers\n|-damage|p1a: Blissey|56\/100 tox|[from] psn\n|upkeep\n|turn|19\n|\n|t:|1609743660\n|switch|p2a: Skarmory|Skarmory, F|83\/100 par\n|move|p1a: Blissey|Soft-Boiled|p1a: Blissey\n|-heal|p1a: Blissey|100\/100 tox\n|\n|-weather|Sandstorm|[upkeep]\n|-damage|p1a: Blissey|94\/100 tox|[from] Sandstorm\n|-heal|p1a: Blissey|100\/100 tox|[from] item: Leftovers\n|-heal|p2a: Skarmory|89\/100 par|[from] item: Leftovers\n|-damage|p1a: Blissey|88\/100 tox|[from] psn\n|upkeep\n|turn|20\n|\n|t:|1609743671\n|move|p1a: Blissey|Seismic Toss|p2a: Skarmory\n|-damage|p2a: Skarmory|59\/100 par\n|move|p2a: Skarmory|Spikes|p1a: Blissey\n|-sidestart|p1: IM AT MY LIMIT|Spikes\n|\n|-weather|Sandstorm|[upkeep]\n|-damage|p1a: Blissey|82\/100 tox|[from] Sandstorm\n|-heal|p1a: Blissey|88\/100 tox|[from] item: Leftovers\n|-heal|p2a: Skarmory|65\/100 par|[from] item: Leftovers\n|-damage|p1a: Blissey|69\/100 tox|[from] psn\n|upkeep\n|turn|21\n|\n|t:|1609743683\n|-curestatus|p1a: Blissey|tox|[from] ability: Natural Cure\n|switch|p1a: Claydol|Claydol|100\/100\n|move|p2a: Skarmory|Protect||[still]\n|-fail|p2a: Skarmory\n|\n|-weather|Sandstorm|[upkeep]\n|-heal|p2a: Skarmory|71\/100 par|[from] item: Leftovers\n|upkeep\n|turn|22\n|\n|t:|1609743695\n|move|p1a: Claydol|Rapid Spin|p2a: Skarmory\n|-resisted|p2a: Skarmory\n|-crit|p2a: Skarmory\n|-damage|p2a: Skarmory|66\/100 par\n|-sideend|p1: IM AT MY LIMIT|Spikes|[from] move: Rapid Spin|[of] p1a: Claydol\n|move|p2a: Skarmory|Toxic|p1a: Claydol\n|-status|p1a: Claydol|tox\n|\n|-weather|Sandstorm|[upkeep]\n|-heal|p2a: Skarmory|72\/100 par|[from] item: Leftovers\n|-damage|p1a: Claydol|95\/100 tox|[from] psn\n|upkeep\n|turn|23\n|\n|t:|1609743705\n|move|p1a: Claydol|Refresh|p1a: Claydol\n|-curestatus|p1a: Claydol|tox|[msg]\n|cant|p2a: Skarmory|par\n|\n|-weather|Sandstorm|[upkeep]\n|-heal|p1a: Claydol|100\/100|[from] item: Leftovers\n|-heal|p2a: Skarmory|78\/100 par|[from] item: Leftovers\n|upkeep\n|turn|24\n|\n|t:|1609743718\n|switch|p1a: Blissey|Blissey, F, shiny|69\/100\n|move|p2a: Skarmory|Toxic|p1a: Blissey\n|-status|p1a: Blissey|tox\n|\n|-weather|Sandstorm|[upkeep]\n|-damage|p1a: Blissey|63\/100 tox|[from] Sandstorm\n|-heal|p1a: Blissey|69\/100 tox|[from] item: Leftovers\n|-heal|p2a: Skarmory|84\/100 par|[from] item: Leftovers\n|-damage|p1a: Blissey|63\/100 tox|[from] psn\n|upkeep\n|turn|25\n|\n|t:|1609743731\n|switch|p2a: Tyranitar|Tyranitar, F, shiny|100\/100\n|-damage|p2a: Tyranitar|88\/100|[from] Spikes\n|move|p1a: Blissey|Soft-Boiled|p1a: Blissey\n|-heal|p1a: Blissey|100\/100 tox\n|\n|-weather|Sandstorm|[upkeep]\n|-damage|p1a: Blissey|94\/100 tox|[from] Sandstorm\n|-heal|p1a: Blissey|100\/100 tox|[from] item: Leftovers\n|-damage|p1a: Blissey|88\/100 tox|[from] psn\n|upkeep\n|turn|26\n|inactive|IM AT MY LIMIT has 120 seconds left.\n|\n|t:|1609743761\n|-singleturn|p2a: Tyranitar|move: Focus Punch\n|-curestatus|p1a: Blissey|tox|[from] ability: Natural Cure\n|switch|p1a: Skarmory|Skarmory, F, shiny|100\/100\n|move|p2a: Tyranitar|Focus Punch|p1a: Skarmory\n|-damage|p1a: Skarmory|47\/100\n|\n|-weather|Sandstorm|[upkeep]\n|-heal|p1a: Skarmory|53\/100|[from] item: Leftovers\n|upkeep\n|turn|27\n|\n|t:|1609743771\n|-singleturn|p2a: Tyranitar|move: Focus Punch\n|move|p2a: Tyranitar|Focus Punch|p1a: Skarmory\n|-damage|p1a: Skarmory|6\/100\n|move|p1a: Skarmory|Roar|p2a: Tyranitar\n|drag|p2a: Blissey|Blissey, F|100\/100\n|-damage|p2a: Blissey|88\/100|[from] Spikes\n|\n|-weather|Sandstorm|[upkeep]\n|-damage|p2a: Blissey|82\/100|[from] Sandstorm\n|-heal|p1a: Skarmory|12\/100|[from] item: Leftovers\n|-heal|p2a: Blissey|88\/100|[from] item: Leftovers\n|upkeep\n|turn|28\n|\n|t:|1609743785\n|switch|p2a: Tyranitar|Tyranitar, F, shiny|88\/100\n|-damage|p2a: Tyranitar|76\/100|[from] Spikes\n|move|p1a: Skarmory|Spikes|p2a: Tyranitar\n|-sidestart|p2: royceee|Spikes\n|\n|-weather|Sandstorm|[upkeep]\n|-heal|p1a: Skarmory|18\/100|[from] item: Leftovers\n|upkeep\n|turn|29\n|\n|t:|1609743793\n|-singleturn|p2a: Tyranitar|move: Focus Punch\n|move|p1a: Skarmory|Drill Peck|p2a: Tyranitar\n|-resisted|p2a: Tyranitar\n|-damage|p2a: Tyranitar|68\/100\n|move|p2a: Tyranitar|Focus Punch||[still]\n|cant|p2a: Tyranitar|Focus Punch|Focus Punch\n|\n|-weather|Sandstorm|[upkeep]\n|-heal|p1a: Skarmory|24\/100|[from] item: Leftovers\n|upkeep\n|turn|30\n|\n|t:|1609743805\n|-singleturn|p2a: Tyranitar|move: Focus Punch\n|switch|p1a: Claydol|Claydol|100\/100\n|move|p2a: Tyranitar|Focus Punch|p1a: Claydol\n|-resisted|p1a: Claydol\n|-damage|p1a: Claydol|54\/100\n|\n|-weather|Sandstorm|[upkeep]\n|-heal|p1a: Claydol|60\/100|[from] item: Leftovers\n|upkeep\n|turn|31\n|\n|t:|1609743817\n|switch|p2a: Skarmory|Skarmory, F|84\/100 par\n|move|p1a: Claydol|Earthquake|p2a: Skarmory\n|-immune|p2a: Skarmory\n|\n|-weather|Sandstorm|[upkeep]\n|-heal|p1a: Claydol|66\/100|[from] item: Leftovers\n|-heal|p2a: Skarmory|90\/100 par|[from] item: Leftovers\n|upkeep\n|turn|32\n|\n|t:|1609743826\n|switch|p1a: Skarmory|Skarmory, F, shiny|24\/100\n|move|p2a: Skarmory|Toxic|p1a: Skarmory\n|-immune|p1a: Skarmory\n|\n|-weather|Sandstorm|[upkeep]\n|-heal|p1a: Skarmory|30\/100|[from] item: Leftovers\n|-heal|p2a: Skarmory|96\/100 par|[from] item: Leftovers\n|upkeep\n|turn|33\n|\n|t:|1609743836\n|switch|p2a: Tyranitar|Tyranitar, F, shiny|68\/100\n|-damage|p2a: Tyranitar|51\/100|[from] Spikes\n|move|p1a: Skarmory|Drill Peck|p2a: Tyranitar\n|-resisted|p2a: Tyranitar\n|-damage|p2a: Tyranitar|42\/100\n|\n|-weather|Sandstorm|[upkeep]\n|-heal|p1a: Skarmory|36\/100|[from] item: Leftovers\n|upkeep\n|turn|34\n|\n|t:|1609743845\n|move|p1a: Skarmory|Drill Peck|p2a: Tyranitar\n|-resisted|p2a: Tyranitar\n|-damage|p2a: Tyranitar|33\/100\n|move|p2a: Tyranitar|Rock Slide|p1a: Skarmory\n|-damage|p1a: Skarmory|0 fnt\n|faint|p1a: Skarmory\n|\n|t:|1609743851\n|switch|p1a: Dugtrio|Dugtrio, F, shiny|88\/100\n|\n|-weather|Sandstorm|[upkeep]\n|upkeep\n|turn|35\n|\n|t:|1609743855\n|move|p1a: Dugtrio|Earthquake|p2a: Tyranitar\n|-supereffective|p2a: Tyranitar\n|-damage|p2a: Tyranitar|0 fnt\n|faint|p2a: Tyranitar\n|\n|t:|1609743870\n|switch|p2a: Skarmory|Skarmory, F|96\/100 par\n|\n|-weather|Sandstorm|[upkeep]\n|-heal|p2a: Skarmory|100\/100 par|[from] item: Leftovers\n|upkeep\n|turn|36\n|\n|t:|1609743875\n|switch|p1a: Milotic|Milotic, F, shiny|94\/100\n|move|p2a: Skarmory|Toxic|p1a: Milotic\n|-status|p1a: Milotic|tox\n|\n|-weather|Sandstorm|[upkeep]\n|-damage|p1a: Milotic|88\/100 tox|[from] Sandstorm\n|-heal|p1a: Milotic|94\/100 tox|[from] item: Leftovers\n|-damage|p1a: Milotic|88\/100 tox|[from] psn\n|upkeep\n|turn|37\n|\n|t:|1609743884\n|switch|p2a: Blissey|Blissey, F|88\/100\n|-damage|p2a: Blissey|72\/100|[from] Spikes\n|move|p1a: Milotic|Refresh|p1a: Milotic\n|-curestatus|p1a: Milotic|tox|[msg]\n|\n|-weather|Sandstorm|[upkeep]\n|-damage|p1a: Milotic|82\/100|[from] Sandstorm\n|-damage|p2a: Blissey|65\/100|[from] Sandstorm\n|-heal|p1a: Milotic|88\/100|[from] item: Leftovers\n|-heal|p2a: Blissey|72\/100|[from] item: Leftovers\n|upkeep\n|turn|38\n|\n|t:|1609743897\n|switch|p1a: Blissey|Blissey, F, shiny|88\/100\n|switch|p2a: Skarmory|Skarmory, F|100\/100 par\n|\n|-weather|Sandstorm|[upkeep]\n|-damage|p1a: Blissey|82\/100|[from] Sandstorm\n|-heal|p1a: Blissey|88\/100|[from] item: Leftovers\n|upkeep\n|turn|39\n|\n|t:|1609743905\n|move|p1a: Blissey|Seismic Toss|p2a: Skarmory\n|-damage|p2a: Skarmory|71\/100 par\n|move|p2a: Skarmory|Spikes|p1a: Blissey\n|-sidestart|p1: IM AT MY LIMIT|Spikes\n|\n|-weather|Sandstorm|[upkeep]\n|-damage|p1a: Blissey|82\/100|[from] Sandstorm\n|-heal|p1a: Blissey|88\/100|[from] item: Leftovers\n|-heal|p2a: Skarmory|77\/100 par|[from] item: Leftovers\n|upkeep\n|turn|40\n|\n|t:|1609743914\n|move|p1a: Blissey|Seismic Toss|p2a: Skarmory\n|-damage|p2a: Skarmory|47\/100 par\n|move|p2a: Skarmory|Spikes|p1a: Blissey\n|-sidestart|p1: IM AT MY LIMIT|Spikes\n|\n|-weather|Sandstorm|[upkeep]\n|-damage|p1a: Blissey|82\/100|[from] Sandstorm\n|-heal|p1a: Blissey|88\/100|[from] item: Leftovers\n|-heal|p2a: Skarmory|53\/100 par|[from] item: Leftovers\n|upkeep\n|turn|41\n|\n|t:|1609743927\n|move|p2a: Skarmory|Protect|p2a: Skarmory\n|-singleturn|p2a: Skarmory|Protect\n|move|p1a: Blissey|Seismic Toss|p2a: Skarmory\n|-activate|p2a: Skarmory|Protect\n|\n|-weather|Sandstorm|[upkeep]\n|-damage|p1a: Blissey|82\/100|[from] Sandstorm\n|-heal|p1a: Blissey|88\/100|[from] item: Leftovers\n|-heal|p2a: Skarmory|59\/100 par|[from] item: Leftovers\n|upkeep\n|turn|42\n|\n|t:|1609743936\n|move|p1a: Blissey|Seismic Toss|p2a: Skarmory\n|-damage|p2a: Skarmory|29\/100 par\n|move|p2a: Skarmory|Toxic|p1a: Blissey\n|-status|p1a: Blissey|tox\n|\n|-weather|Sandstorm|[upkeep]\n|-damage|p1a: Blissey|82\/100 tox|[from] Sandstorm\n|-heal|p1a: Blissey|88\/100 tox|[from] item: Leftovers\n|-heal|p2a: Skarmory|35\/100 par|[from] item: Leftovers\n|-damage|p1a: Blissey|82\/100 tox|[from] psn\n|upkeep\n|turn|43\n|\n|t:|1609743947\n|-curestatus|p1a: Blissey|tox|[from] ability: Natural Cure\n|switch|p1a: Claydol|Claydol|66\/100\n|move|p2a: Skarmory|Protect||[still]\n|-fail|p2a: Skarmory\n|\n|-weather|Sandstorm|[upkeep]\n|-heal|p1a: Claydol|72\/100|[from] item: Leftovers\n|-heal|p2a: Skarmory|41\/100 par|[from] item: Leftovers\n|upkeep\n|turn|44\n|\n|t:|1609743969\n|switch|p2a: Swampert|Swampert, M, shiny|86\/100\n|-damage|p2a: Swampert|69\/100|[from] Spikes\n|move|p1a: Claydol|Rapid Spin|p2a: Swampert\n|-damage|p2a: Swampert|66\/100\n|-sideend|p1: IM AT MY LIMIT|Spikes|[from] move: Rapid Spin|[of] p1a: Claydol\n|\n|-weather|Sandstorm|[upkeep]\n|-heal|p1a: Claydol|78\/100|[from] item: Leftovers\n|-heal|p2a: Swampert|72\/100|[from] item: Leftovers\n|upkeep\n|turn|45\n|\n|t:|1609743980\n|switch|p1a: Milotic|Milotic, F, shiny|88\/100\n|move|p2a: Swampert|Ice Beam|p1a: Milotic\n|-resisted|p1a: Milotic\n|-damage|p1a: Milotic|82\/100\n|\n|-weather|Sandstorm|[upkeep]\n|-damage|p1a: Milotic|76\/100|[from] Sandstorm\n|-heal|p1a: Milotic|82\/100|[from] item: Leftovers\n|-heal|p2a: Swampert|78\/100|[from] item: Leftovers\n|upkeep\n|turn|46\n|\n|t:|1609743990\n|switch|p2a: Skarmory|Skarmory, F|41\/100 par\n|move|p1a: Milotic|Surf|p2a: Skarmory\n|-damage|p2a: Skarmory|8\/100 par\n|\n|-weather|Sandstorm|[upkeep]\n|-damage|p1a: Milotic|76\/100|[from] Sandstorm\n|-heal|p1a: Milotic|82\/100|[from] item: Leftovers\n|-heal|p2a: Skarmory|14\/100 par|[from] item: Leftovers\n|upkeep\n|turn|47\n|\n|t:|1609744001\n|switch|p2a: Blissey|Blissey, F|72\/100\n|-damage|p2a: Blissey|55\/100|[from] Spikes\n|move|p1a: Milotic|Surf|p2a: Blissey\n|-damage|p2a: Blissey|44\/100\n|\n|-weather|Sandstorm|[upkeep]\n|-damage|p1a: Milotic|76\/100|[from] Sandstorm\n|-damage|p2a: Blissey|38\/100|[from] Sandstorm\n|-heal|p1a: Milotic|82\/100|[from] item: Leftovers\n|-heal|p2a: Blissey|44\/100|[from] item: Leftovers\n|upkeep\n|turn|48\n|\n|t:|1609744012\n|switch|p1a: Blissey|Blissey, F, shiny|82\/100\n|move|p2a: Blissey|Soft-Boiled|p2a: Blissey\n|-heal|p2a: Blissey|94\/100\n|\n|-weather|Sandstorm|[upkeep]\n|-damage|p1a: Blissey|76\/100|[from] Sandstorm\n|-damage|p2a: Blissey|88\/100|[from] Sandstorm\n|-heal|p1a: Blissey|82\/100|[from] item: Leftovers\n|-heal|p2a: Blissey|94\/100|[from] item: Leftovers\n|upkeep\n|turn|49\n|\n|t:|1609744027\n|move|p1a: Blissey|Seismic Toss|p2a: Blissey\n|-damage|p2a: Blissey|80\/100\n|move|p2a: Blissey|Toxic|p1a: Blissey\n|-status|p1a: Blissey|tox\n|\n|-weather|Sandstorm|[upkeep]\n|-damage|p1a: Blissey|76\/100 tox|[from] Sandstorm\n|-damage|p2a: Blissey|74\/100|[from] Sandstorm\n|-heal|p1a: Blissey|82\/100 tox|[from] item: Leftovers\n|-heal|p2a: Blissey|80\/100|[from] item: Leftovers\n|-damage|p1a: Blissey|76\/100 tox|[from] psn\n|upkeep\n|turn|50\n|\n|t:|1609744045\n|-curestatus|p1a: Blissey|tox|[from] ability: Natural Cure\n|switch|p1a: Milotic|Milotic, F, shiny|82\/100\n|move|p2a: Blissey|Soft-Boiled|p2a: Blissey\n|-heal|p2a: Blissey|100\/100\n|\n|-weather|Sandstorm|[upkeep]\n|-damage|p1a: Milotic|76\/100|[from] Sandstorm\n|-damage|p2a: Blissey|94\/100|[from] Sandstorm\n|-heal|p1a: Milotic|82\/100|[from] item: Leftovers\n|-heal|p2a: Blissey|100\/100|[from] item: Leftovers\n|upkeep\n|turn|51\n|l| Starwolf777\n|j| Starwolf777\n|\n|t:|1609744057\n|move|p1a: Milotic|Toxic|p2a: Blissey\n|-status|p2a: Blissey|tox\n|move|p2a: Blissey|Aromatherapy|p2a: Blissey\n|-cureteam|p2a: Blissey|[from] move: Aromatherapy\n|\n|-weather|Sandstorm|[upkeep]\n|-damage|p1a: Milotic|76\/100|[from] Sandstorm\n|-damage|p2a: Blissey|94\/100|[from] Sandstorm\n|-heal|p1a: Milotic|82\/100|[from] item: Leftovers\n|-heal|p2a: Blissey|100\/100|[from] item: Leftovers\n|upkeep\n|turn|52\n|\n|t:|1609744067\n|move|p1a: Milotic|Surf|p2a: Blissey\n|-damage|p2a: Blissey|90\/100\n|move|p2a: Blissey|Toxic|p1a: Milotic\n|-status|p1a: Milotic|tox\n|\n|-weather|Sandstorm|[upkeep]\n|-damage|p1a: Milotic|76\/100 tox|[from] Sandstorm\n|-damage|p2a: Blissey|83\/100|[from] Sandstorm\n|-heal|p1a: Milotic|82\/100 tox|[from] item: Leftovers\n|-heal|p2a: Blissey|90\/100|[from] item: Leftovers\n|-damage|p1a: Milotic|76\/100 tox|[from] psn\n|upkeep\n|turn|53\n|\n|t:|1609744078\n|switch|p2a: Starmie|Starmie|50\/100\n|-damage|p2a: Starmie|34\/100|[from] Spikes\n|move|p1a: Milotic|Refresh|p1a: Milotic\n|-curestatus|p1a: Milotic|tox|[msg]\n|\n|-weather|Sandstorm|[upkeep]\n|-damage|p2a: Starmie|28\/100|[from] Sandstorm\n|-damage|p1a: Milotic|70\/100|[from] Sandstorm\n|-heal|p2a: Starmie|34\/100|[from] item: Leftovers\n|-heal|p1a: Milotic|76\/100|[from] item: Leftovers\n|upkeep\n|turn|54\n|\n|t:|1609744092\n|switch|p1a: Dugtrio|Dugtrio, F, shiny|88\/100\n|move|p2a: Starmie|Ice Beam|p1a: Dugtrio\n|-supereffective|p1a: Dugtrio\n|-damage|p1a: Dugtrio|0 fnt\n|faint|p1a: Dugtrio\n|c|\u2606IM AT MY LIMIT|Oh fr\n|\n|t:|1609744111\n|switch|p1a: Blissey|Blissey, F, shiny|76\/100\n|\n|-weather|Sandstorm|[upkeep]\n|-damage|p2a: Starmie|28\/100|[from] Sandstorm\n|-damage|p1a: Blissey|69\/100|[from] Sandstorm\n|-heal|p2a: Starmie|34\/100|[from] item: Leftovers\n|-heal|p1a: Blissey|76\/100|[from] item: Leftovers\n|upkeep\n|turn|55\n|\n|t:|1609744119\n|switch|p2a: Blissey|Blissey, F|90\/100\n|-damage|p2a: Blissey|73\/100|[from] Spikes\n|move|p1a: Blissey|Seismic Toss|p2a: Blissey\n|-damage|p2a: Blissey|59\/100\n|\n|-weather|Sandstorm|[upkeep]\n|-damage|p1a: Blissey|69\/100|[from] Sandstorm\n|-damage|p2a: Blissey|53\/100|[from] Sandstorm\n|-heal|p1a: Blissey|76\/100|[from] item: Leftovers\n|-heal|p2a: Blissey|59\/100|[from] item: Leftovers\n|upkeep\n|turn|56\n|\n|t:|1609744130\n|move|p1a: Blissey|Thunder Wave|p2a: Blissey\n|-status|p2a: Blissey|par\n|cant|p2a: Blissey|par\n|\n|-weather|Sandstorm|[upkeep]\n|-damage|p1a: Blissey|69\/100|[from] Sandstorm\n|-damage|p2a: Blissey|53\/100 par|[from] Sandstorm\n|-heal|p1a: Blissey|76\/100|[from] item: Leftovers\n|-heal|p2a: Blissey|59\/100 par|[from] item: Leftovers\n|upkeep\n|turn|57\n|\n|t:|1609744139\n|switch|p1a: Tyranitar|Tyranitar, M|100\/100\n|move|p2a: Blissey|Soft-Boiled|p2a: Blissey\n|-heal|p2a: Blissey|100\/100 par\n|\n|-weather|Sandstorm|[upkeep]\n|-damage|p2a: Blissey|94\/100 par|[from] Sandstorm\n|-heal|p2a: Blissey|100\/100 par|[from] item: Leftovers\n|upkeep\n|turn|58\n|\n|t:|1609744147\n|-curestatus|p2a: Blissey|par|[from] ability: Natural Cure\n|switch|p2a: Skarmory|Skarmory, F|14\/100\n|move|p1a: Tyranitar|Rock Slide|p2a: Skarmory|[miss]\n|-miss|p1a: Tyranitar|p2a: Skarmory\n|\n|-weather|Sandstorm|[upkeep]\n|-heal|p2a: Skarmory|20\/100|[from] item: Leftovers\n|upkeep\n|turn|59\n|\n|t:|1609744155\n|move|p2a: Skarmory|Protect|p2a: Skarmory\n|-singleturn|p2a: Skarmory|Protect\n|move|p1a: Tyranitar|Rock Slide|p2a: Skarmory\n|-activate|p2a: Skarmory|Protect\n|\n|-weather|Sandstorm|[upkeep]\n|-heal|p2a: Skarmory|26\/100|[from] item: Leftovers\n|upkeep\n|turn|60\n|\n|t:|1609744164\n|switch|p1a: Milotic|Milotic, F, shiny|76\/100\n|move|p2a: Skarmory|Toxic|p1a: Milotic\n|-status|p1a: Milotic|tox\n|\n|-weather|Sandstorm|[upkeep]\n|-damage|p1a: Milotic|70\/100 tox|[from] Sandstorm\n|-heal|p1a: Milotic|76\/100 tox|[from] item: Leftovers\n|-heal|p2a: Skarmory|32\/100|[from] item: Leftovers\n|-damage|p1a: Milotic|70\/100 tox|[from] psn\n|upkeep\n|turn|61\n|\n|t:|1609744174\n|move|p2a: Skarmory|Protect|p2a: Skarmory\n|-singleturn|p2a: Skarmory|Protect\n|move|p1a: Milotic|Refresh|p1a: Milotic\n|-curestatus|p1a: Milotic|tox|[msg]\n|\n|-weather|Sandstorm|[upkeep]\n|-damage|p1a: Milotic|64\/100|[from] Sandstorm\n|-heal|p1a: Milotic|70\/100|[from] item: Leftovers\n|-heal|p2a: Skarmory|38\/100|[from] item: Leftovers\n|upkeep\n|turn|62\n|\n|t:|1609744183\n|move|p1a: Milotic|Surf|p2a: Skarmory\n|-damage|p2a: Skarmory|10\/100\n|move|p2a: Skarmory|Toxic|p1a: Milotic\n|-status|p1a: Milotic|tox\n|\n|-weather|Sandstorm|[upkeep]\n|-damage|p1a: Milotic|64\/100 tox|[from] Sandstorm\n|-heal|p1a: Milotic|70\/100 tox|[from] item: Leftovers\n|-heal|p2a: Skarmory|16\/100|[from] item: Leftovers\n|-damage|p1a: Milotic|64\/100 tox|[from] psn\n|upkeep\n|turn|63\n|\n|t:|1609744195\n|switch|p2a: Starmie|Starmie|34\/100\n|-damage|p2a: Starmie|17\/100|[from] Spikes\n|move|p1a: Milotic|Refresh|p1a: Milotic\n|-curestatus|p1a: Milotic|tox|[msg]\n|\n|-weather|Sandstorm|[upkeep]\n|-damage|p2a: Starmie|11\/100|[from] Sandstorm\n|-damage|p1a: Milotic|57\/100|[from] Sandstorm\n|-heal|p2a: Starmie|17\/100|[from] item: Leftovers\n|-heal|p1a: Milotic|64\/100|[from] item: Leftovers\n|upkeep\n|turn|64\n|\n|t:|1609744206\n|switch|p1a: Tyranitar|Tyranitar, M|100\/100\n|move|p2a: Starmie|Thunderbolt|p1a: Tyranitar\n|-damage|p1a: Tyranitar|78\/100\n|-status|p1a: Tyranitar|par\n|\n|-weather|Sandstorm|[upkeep]\n|-damage|p2a: Starmie|11\/100|[from] Sandstorm\n|-heal|p2a: Starmie|17\/100|[from] item: Leftovers\n|-heal|p1a: Tyranitar|84\/100 par|[from] item: Leftovers\n|upkeep\n|turn|65\n|\n|t:|1609744216\n|move|p2a: Starmie|Hydro Pump|p1a: Tyranitar|[miss]\n|-miss|p2a: Starmie|p1a: Tyranitar\n|move|p1a: Tyranitar|Rock Slide|p2a: Starmie\n|-damage|p2a: Starmie|0 fnt\n|faint|p2a: Starmie\n|\n|t:|1609744224\n|switch|p2a: Swampert|Swampert, M, shiny|78\/100\n|-damage|p2a: Swampert|61\/100|[from] Spikes\n|\n|-weather|Sandstorm|[upkeep]\n|-heal|p2a: Swampert|68\/100|[from] item: Leftovers\n|-heal|p1a: Tyranitar|90\/100 par|[from] item: Leftovers\n|upkeep\n|turn|66\n|\n|t:|1609744232\n|switch|p1a: Milotic|Milotic, F, shiny|64\/100\n|move|p2a: Swampert|Protect||[still]\n|-fail|p2a: Swampert\n|\n|-weather|Sandstorm|[upkeep]\n|-damage|p1a: Milotic|57\/100|[from] Sandstorm\n|-heal|p1a: Milotic|64\/100|[from] item: Leftovers\n|-heal|p2a: Swampert|74\/100|[from] item: Leftovers\n|upkeep\n|turn|67\n|\n|t:|1609744241\n|move|p2a: Swampert|Protect|p2a: Swampert\n|-singleturn|p2a: Swampert|Protect\n|move|p1a: Milotic|Recover|p1a: Milotic\n|-heal|p1a: Milotic|100\/100\n|\n|-weather|Sandstorm|[upkeep]\n|-damage|p1a: Milotic|94\/100|[from] Sandstorm\n|-heal|p1a: Milotic|100\/100|[from] item: Leftovers\n|-heal|p2a: Swampert|80\/100|[from] item: Leftovers\n|upkeep\n|turn|68\n|\n|t:|1609744250\n|switch|p2a: Skarmory|Skarmory, F|16\/100\n|move|p1a: Milotic|Toxic|p2a: Skarmory\n|-immune|p2a: Skarmory\n|\n|-weather|Sandstorm|[upkeep]\n|-damage|p1a: Milotic|94\/100|[from] Sandstorm\n|-heal|p1a: Milotic|100\/100|[from] item: Leftovers\n|-heal|p2a: Skarmory|22\/100|[from] item: Leftovers\n|upkeep\n|turn|69\n|\n|t:|1609744259\n|move|p2a: Skarmory|Protect|p2a: Skarmory\n|-singleturn|p2a: Skarmory|Protect\n|move|p1a: Milotic|Surf|p2a: Skarmory\n|-activate|p2a: Skarmory|Protect\n|\n|-weather|Sandstorm|[upkeep]\n|-damage|p1a: Milotic|94\/100|[from] Sandstorm\n|-heal|p1a: Milotic|100\/100|[from] item: Leftovers\n|-heal|p2a: Skarmory|28\/100|[from] item: Leftovers\n|upkeep\n|turn|70\n|\n|t:|1609744279\n|switch|p2a: Blissey|Blissey, F|100\/100\n|-damage|p2a: Blissey|84\/100|[from] Spikes\n|move|p1a: Milotic|Surf|p2a: Blissey\n|-damage|p2a: Blissey|72\/100\n|\n|-weather|Sandstorm|[upkeep]\n|-damage|p1a: Milotic|94\/100|[from] Sandstorm\n|-damage|p2a: Blissey|65\/100|[from] Sandstorm\n|-heal|p1a: Milotic|100\/100|[from] item: Leftovers\n|-heal|p2a: Blissey|72\/100|[from] item: Leftovers\n|upkeep\n|turn|71\n|\n|t:|1609744294\n|move|p1a: Milotic|Surf|p2a: Blissey\n|-crit|p2a: Blissey\n|-damage|p2a: Blissey|50\/100\n|move|p2a: Blissey|Toxic|p1a: Milotic|[miss]\n|-miss|p2a: Blissey|p1a: Milotic\n|\n|-weather|Sandstorm|[upkeep]\n|-damage|p1a: Milotic|94\/100|[from] Sandstorm\n|-damage|p2a: Blissey|43\/100|[from] Sandstorm\n|-heal|p1a: Milotic|100\/100|[from] item: Leftovers\n|-heal|p2a: Blissey|50\/100|[from] item: Leftovers\n|upkeep\n|turn|72\n|\n|t:|1609744304\n|switch|p1a: Tyranitar|Tyranitar, M|90\/100 par\n|move|p2a: Blissey|Soft-Boiled|p2a: Blissey\n|-heal|p2a: Blissey|99\/100\n|\n|-weather|Sandstorm|[upkeep]\n|-damage|p2a: Blissey|93\/100|[from] Sandstorm\n|-heal|p2a: Blissey|99\/100|[from] item: Leftovers\n|-heal|p1a: Tyranitar|96\/100 par|[from] item: Leftovers\n|upkeep\n|turn|73\n|\n|t:|1609744314\n|switch|p2a: Swampert|Swampert, M, shiny|80\/100\n|-damage|p2a: Swampert|63\/100|[from] Spikes\n|move|p1a: Tyranitar|Rock Slide|p2a: Swampert\n|-resisted|p2a: Swampert\n|-damage|p2a: Swampert|48\/100\n|\n|-weather|Sandstorm|[upkeep]\n|-heal|p2a: Swampert|54\/100|[from] item: Leftovers\n|-heal|p1a: Tyranitar|100\/100 par|[from] item: Leftovers\n|upkeep\n|turn|74\n|\n|t:|1609744324\n|switch|p1a: Milotic|Milotic, F, shiny|100\/100\n|move|p2a: Swampert|Protect||[still]\n|-fail|p2a: Swampert\n|\n|-weather|Sandstorm|[upkeep]\n|-damage|p1a: Milotic|94\/100|[from] Sandstorm\n|-heal|p1a: Milotic|100\/100|[from] item: Leftovers\n|-heal|p2a: Swampert|60\/100|[from] item: Leftovers\n|upkeep\n|turn|75\n|\n|t:|1609744333\n|switch|p1a: Tyranitar|Tyranitar, M|100\/100 par\n|move|p2a: Swampert|Protect||[still]\n|-fail|p2a: Swampert\n|\n|-weather|Sandstorm|[upkeep]\n|-heal|p2a: Swampert|67\/100|[from] item: Leftovers\n|upkeep\n|turn|76\n|\n|t:|1609744340\n|switch|p1a: Milotic|Milotic, F, shiny|100\/100\n|move|p2a: Swampert|Earthquake|p1a: Milotic\n|-damage|p1a: Milotic|71\/100\n|\n|-weather|Sandstorm|[upkeep]\n|-damage|p1a: Milotic|65\/100|[from] Sandstorm\n|-heal|p1a: Milotic|71\/100|[from] item: Leftovers\n|-heal|p2a: Swampert|73\/100|[from] item: Leftovers\n|upkeep\n|turn|77\n|\n|t:|1609744355\n|move|p2a: Swampert|Protect|p2a: Swampert\n|-singleturn|p2a: Swampert|Protect\n|move|p1a: Milotic|Surf|p2a: Swampert\n|-activate|p2a: Swampert|Protect\n|\n|-weather|Sandstorm|[upkeep]\n|-damage|p1a: Milotic|65\/100|[from] Sandstorm\n|-heal|p1a: Milotic|71\/100|[from] item: Leftovers\n|-heal|p2a: Swampert|79\/100|[from] item: Leftovers\n|upkeep\n|turn|78\n|\n|t:|1609744365\n|move|p1a: Milotic|Recover|p1a: Milotic\n|-heal|p1a: Milotic|100\/100\n|move|p2a: Swampert|Earthquake|p1a: Milotic\n|-damage|p1a: Milotic|71\/100\n|\n|-weather|Sandstorm|[upkeep]\n|-damage|p1a: Milotic|65\/100|[from] Sandstorm\n|-heal|p1a: Milotic|71\/100|[from] item: Leftovers\n|-heal|p2a: Swampert|85\/100|[from] item: Leftovers\n|upkeep\n|turn|79\n|\n|t:|1609744374\n|move|p2a: Swampert|Protect|p2a: Swampert\n|-singleturn|p2a: Swampert|Protect\n|move|p1a: Milotic|Recover|p1a: Milotic\n|-heal|p1a: Milotic|100\/100\n|\n|-weather|Sandstorm|[upkeep]\n|-damage|p1a: Milotic|94\/100|[from] Sandstorm\n|-heal|p1a: Milotic|100\/100|[from] item: Leftovers\n|-heal|p2a: Swampert|91\/100|[from] item: Leftovers\n|upkeep\n|turn|80\n|\n|t:|1609744383\n|switch|p2a: Blissey|Blissey, F|99\/100\n|-damage|p2a: Blissey|83\/100|[from] Spikes\n|move|p1a: Milotic|Toxic|p2a: Blissey\n|-status|p2a: Blissey|tox\n|\n|-weather|Sandstorm|[upkeep]\n|-damage|p1a: Milotic|94\/100|[from] Sandstorm\n|-damage|p2a: Blissey|77\/100 tox|[from] Sandstorm\n|-heal|p1a: Milotic|100\/100|[from] item: Leftovers\n|-heal|p2a: Blissey|83\/100 tox|[from] item: Leftovers\n|-damage|p2a: Blissey|77\/100 tox|[from] psn\n|upkeep\n|turn|81\n|\n|t:|1609744398\n|switch|p1a: Tyranitar|Tyranitar, M|100\/100 par\n|move|p2a: Blissey|Aromatherapy|p2a: Blissey\n|-cureteam|p2a: Blissey|[from] move: Aromatherapy\n|\n|-weather|Sandstorm|[upkeep]\n|-damage|p2a: Blissey|71\/100|[from] Sandstorm\n|-heal|p2a: Blissey|77\/100|[from] item: Leftovers\n|upkeep\n|turn|82\n|\n|t:|1609744406\n|switch|p2a: Swampert|Swampert, M, shiny|91\/100\n|-damage|p2a: Swampert|75\/100|[from] Spikes\n|move|p1a: Tyranitar|Roar|p2a: Swampert\n|drag|p2a: Skarmory|Skarmory, F|28\/100\n|\n|-weather|Sandstorm|[upkeep]\n|-heal|p2a: Skarmory|34\/100|[from] item: Leftovers\n|upkeep\n|turn|83\n|l| Lebastarde\n|\n|t:|1609744418\n|move|p2a: Skarmory|Protect|p2a: Skarmory\n|-singleturn|p2a: Skarmory|Protect\n|move|p1a: Tyranitar|Roar|p2a: Skarmory\n|-activate|p2a: Skarmory|Protect\n|\n|-weather|Sandstorm|[upkeep]\n|-heal|p2a: Skarmory|40\/100|[from] item: Leftovers\n|upkeep\n|turn|84\n|\n|t:|1609744425\n|move|p2a: Skarmory|Spikes|p1a: Tyranitar\n|-sidestart|p1: IM AT MY LIMIT|Spikes\n|cant|p1a: Tyranitar|par\n|\n|-weather|Sandstorm|[upkeep]\n|-heal|p2a: Skarmory|46\/100|[from] item: Leftovers\n|upkeep\n|turn|85\n|\n|t:|1609744438\n|move|p2a: Skarmory|Whirlwind|p1a: Tyranitar\n|drag|p1a: Claydol|Claydol|78\/100\n|\n|-weather|Sandstorm|[upkeep]\n|-heal|p1a: Claydol|84\/100|[from] item: Leftovers\n|-heal|p2a: Skarmory|52\/100|[from] item: Leftovers\n|upkeep\n|turn|86\n|c|\u2606IM AT MY LIMIT|L0l\n|\n|t:|1609744447\n|move|p1a: Claydol|Rapid Spin|p2a: Skarmory\n|-resisted|p2a: Skarmory\n|-damage|p2a: Skarmory|50\/100\n|-sideend|p1: IM AT MY LIMIT|Spikes|[from] move: Rapid Spin|[of] p1a: Claydol\n|move|p2a: Skarmory|Toxic|p1a: Claydol\n|-status|p1a: Claydol|tox\n|\n|-weather|Sandstorm|[upkeep]\n|-heal|p1a: Claydol|90\/100 tox|[from] item: Leftovers\n|-heal|p2a: Skarmory|56\/100|[from] item: Leftovers\n|-damage|p1a: Claydol|84\/100 tox|[from] psn\n|upkeep\n|turn|87\n|\n|t:|1609744460\n|move|p1a: Claydol|Refresh|p1a: Claydol\n|-curestatus|p1a: Claydol|tox|[msg]\n|move|p2a: Skarmory|Spikes|p1a: Claydol\n|-sidestart|p1: IM AT MY LIMIT|Spikes\n|\n|-weather|Sandstorm|[upkeep]\n|-heal|p1a: Claydol|90\/100|[from] item: Leftovers\n|-heal|p2a: Skarmory|62\/100|[from] item: Leftovers\n|upkeep\n|turn|88\n|\n|t:|1609744472\n|move|p1a: Claydol|Rapid Spin|p2a: Skarmory\n|-resisted|p2a: Skarmory\n|-damage|p2a: Skarmory|61\/100\n|-sideend|p1: IM AT MY LIMIT|Spikes|[from] move: Rapid Spin|[of] p1a: Claydol\n|move|p2a: Skarmory|Toxic|p1a: Claydol|[miss]\n|-miss|p2a: Skarmory|p1a: Claydol\n|\n|-weather|Sandstorm|[upkeep]\n|-heal|p1a: Claydol|96\/100|[from] item: Leftovers\n|-heal|p2a: Skarmory|67\/100|[from] item: Leftovers\n|upkeep\n|turn|89\n|\n|t:|1609744481\n|switch|p1a: Tyranitar|Tyranitar, M|100\/100 par\n|move|p2a: Skarmory|Toxic||[still]\n|-fail|p2a: Skarmory\n|\n|-weather|Sandstorm|[upkeep]\n|-heal|p2a: Skarmory|73\/100|[from] item: Leftovers\n|upkeep\n|turn|90\n|\n|t:|1609744489\n|switch|p1a: Claydol|Claydol|96\/100\n|move|p2a: Skarmory|Spikes|p1a: Claydol\n|-sidestart|p1: IM AT MY LIMIT|Spikes\n|\n|-weather|Sandstorm|[upkeep]\n|-heal|p1a: Claydol|100\/100|[from] item: Leftovers\n|-heal|p2a: Skarmory|79\/100|[from] item: Leftovers\n|upkeep\n|turn|91\n|\n|t:|1609744502\n|move|p1a: Claydol|Rapid Spin|p2a: Skarmory\n|-resisted|p2a: Skarmory\n|-damage|p2a: Skarmory|77\/100\n|-sideend|p1: IM AT MY LIMIT|Spikes|[from] move: Rapid Spin|[of] p1a: Claydol\n|move|p2a: Skarmory|Toxic|p1a: Claydol|[miss]\n|-miss|p2a: Skarmory|p1a: Claydol\n|\n|-weather|Sandstorm|[upkeep]\n|-heal|p2a: Skarmory|83\/100|[from] item: Leftovers\n|upkeep\n|turn|92\n|\n|t:|1609744510\n|switch|p1a: Tyranitar|Tyranitar, M|100\/100 par\n|move|p2a: Skarmory|Toxic||[still]\n|-fail|p2a: Skarmory\n|\n|-weather|Sandstorm|[upkeep]\n|-heal|p2a: Skarmory|89\/100|[from] item: Leftovers\n|upkeep\n|turn|93\n|\n|t:|1609744516\n|move|p2a: Skarmory|Spikes|p1a: Tyranitar\n|-sidestart|p1: IM AT MY LIMIT|Spikes\n|move|p1a: Tyranitar|Roar|p2a: Skarmory\n|drag|p2a: Blissey|Blissey, F|77\/100\n|-damage|p2a: Blissey|60\/100|[from] Spikes\n|\n|-weather|Sandstorm|[upkeep]\n|-damage|p2a: Blissey|54\/100|[from] Sandstorm\n|-heal|p2a: Blissey|60\/100|[from] item: Leftovers\n|upkeep\n|turn|94\n|\n|t:|1609744528\n|move|p2a: Blissey|Soft-Boiled|p2a: Blissey\n|-heal|p2a: Blissey|100\/100\n|move|p1a: Tyranitar|Rock Slide|p2a: Blissey\n|-damage|p2a: Blissey|45\/100\n|\n|-weather|Sandstorm|[upkeep]\n|-damage|p2a: Blissey|39\/100|[from] Sandstorm\n|-heal|p2a: Blissey|45\/100|[from] item: Leftovers\n|upkeep\n|turn|95\n|\n|t:|1609744538\n|switch|p2a: Skarmory|Skarmory, F|89\/100\n|move|p1a: Tyranitar|Rock Slide|p2a: Skarmory\n|-damage|p2a: Skarmory|57\/100\n|\n|-weather|Sandstorm|[upkeep]\n|-heal|p2a: Skarmory|63\/100|[from] item: Leftovers\n|upkeep\n|turn|96\n|\n|t:|1609744550\n|move|p1a: Tyranitar|Rock Slide|p2a: Skarmory|[miss]\n|-miss|p1a: Tyranitar|p2a: Skarmory\n|move|p2a: Skarmory|Whirlwind|p1a: Tyranitar\n|drag|p1a: Claydol|Claydol|100\/100\n|\n|-weather|Sandstorm|[upkeep]\n|-heal|p2a: Skarmory|69\/100|[from] item: Leftovers\n|upkeep\n|turn|97\n|\n|t:|1609744559\n|move|p1a: Claydol|Rapid Spin|p2a: Skarmory\n|-resisted|p2a: Skarmory\n|-damage|p2a: Skarmory|67\/100\n|-sideend|p1: IM AT MY LIMIT|Spikes|[from] move: Rapid Spin|[of] p1a: Claydol\n|move|p2a: Skarmory|Spikes|p1a: Claydol\n|-sidestart|p1: IM AT MY LIMIT|Spikes\n|\n|-weather|Sandstorm|[upkeep]\n|-heal|p2a: Skarmory|73\/100|[from] item: Leftovers\n|upkeep\n|turn|98\n|\n|t:|1609744566\n|move|p1a: Claydol|Rapid Spin|p2a: Skarmory\n|-resisted|p2a: Skarmory\n|-damage|p2a: Skarmory|71\/100\n|-sideend|p1: IM AT MY LIMIT|Spikes|[from] move: Rapid Spin|[of] p1a: Claydol\n|move|p2a: Skarmory|Spikes|p1a: Claydol\n|-sidestart|p1: IM AT MY LIMIT|Spikes\n|\n|-weather|Sandstorm|[upkeep]\n|-heal|p2a: Skarmory|77\/100|[from] item: Leftovers\n|upkeep\n|turn|99\n|l| Starwolf777\n|\n|t:|1609744573\n|move|p1a: Claydol|Psychic|p2a: Skarmory\n|-resisted|p2a: Skarmory\n|-damage|p2a: Skarmory|68\/100\n|move|p2a: Skarmory|Toxic|p1a: Claydol\n|-status|p1a: Claydol|tox\n|\n|-weather|Sandstorm|[upkeep]\n|-heal|p2a: Skarmory|74\/100|[from] item: Leftovers\n|-damage|p1a: Claydol|95\/100 tox|[from] psn\n|upkeep\n|turn|100\n|\n|t:|1609744583\n|switch|p2a: Swampert|Swampert, M, shiny|75\/100\n|-damage|p2a: Swampert|58\/100|[from] Spikes\n|move|p1a: Claydol|Refresh|p1a: Claydol\n|-curestatus|p1a: Claydol|tox|[msg]\n|\n|-weather|Sandstorm|[upkeep]\n|-heal|p1a: Claydol|100\/100|[from] item: Leftovers\n|-heal|p2a: Swampert|64\/100|[from] item: Leftovers\n|upkeep\n|turn|101\n|\n|t:|1609744592\n|switch|p1a: Milotic|Milotic, F, shiny|100\/100\n|-damage|p1a: Milotic|88\/100|[from] Spikes\n|move|p2a: Swampert|Ice Beam|p1a: Milotic\n|-resisted|p1a: Milotic\n|-damage|p1a: Milotic|81\/100\n|\n|-weather|Sandstorm|[upkeep]\n|-damage|p1a: Milotic|75\/100|[from] Sandstorm\n|-heal|p1a: Milotic|81\/100|[from] item: Leftovers\n|-heal|p2a: Swampert|71\/100|[from] item: Leftovers\n|upkeep\n|turn|102\n|\n|t:|1609744606\n|move|p2a: Swampert|Protect|p2a: Swampert\n|-singleturn|p2a: Swampert|Protect\n|move|p1a: Milotic|Surf|p2a: Swampert\n|-activate|p2a: Swampert|Protect\n|\n|-weather|Sandstorm|[upkeep]\n|-damage|p1a: Milotic|75\/100|[from] Sandstorm\n|-heal|p1a: Milotic|81\/100|[from] item: Leftovers\n|-heal|p2a: Swampert|77\/100|[from] item: Leftovers\n|upkeep\n|turn|103\n|\n|t:|1609744616\n|move|p1a: Milotic|Surf|p2a: Swampert\n|-damage|p2a: Swampert|47\/100\n|move|p2a: Swampert|Toxic|p1a: Milotic\n|-status|p1a: Milotic|tox\n|\n|-weather|Sandstorm|[upkeep]\n|-damage|p1a: Milotic|75\/100 tox|[from] Sandstorm\n|-heal|p1a: Milotic|81\/100 tox|[from] item: Leftovers\n|-heal|p2a: Swampert|53\/100|[from] item: Leftovers\n|-damage|p1a: Milotic|75\/100 tox|[from] psn\n|upkeep\n|turn|104\n|\n|t:|1609744628\n|move|p1a: Milotic|Surf|p2a: Swampert\n|-damage|p2a: Swampert|22\/100\n|move|p2a: Swampert|Earthquake|p1a: Milotic\n|-damage|p1a: Milotic|54\/100 tox\n|\n|-weather|Sandstorm|[upkeep]\n|-damage|p1a: Milotic|48\/100 tox|[from] Sandstorm\n|-heal|p1a: Milotic|54\/100 tox|[from] item: Leftovers\n|-heal|p2a: Swampert|28\/100|[from] item: Leftovers\n|-damage|p1a: Milotic|42\/100 tox|[from] psn\n|upkeep\n|turn|105\n|\n|t:|1609744638\n|move|p2a: Swampert|Protect|p2a: Swampert\n|-singleturn|p2a: Swampert|Protect\n|move|p1a: Milotic|Refresh|p1a: Milotic\n|-curestatus|p1a: Milotic|tox|[msg]\n|\n|-weather|Sandstorm|[upkeep]\n|-damage|p1a: Milotic|36\/100|[from] Sandstorm\n|-heal|p1a: Milotic|42\/100|[from] item: Leftovers\n|-heal|p2a: Swampert|34\/100|[from] item: Leftovers\n|upkeep\n|turn|106\n|\n|t:|1609744649\n|switch|p2a: Blissey|Blissey, F|45\/100\n|-damage|p2a: Blissey|28\/100|[from] Spikes\n|move|p1a: Milotic|Recover|p1a: Milotic\n|-heal|p1a: Milotic|92\/100\n|\n|-weather|Sandstorm|[upkeep]\n|-damage|p1a: Milotic|86\/100|[from] Sandstorm\n|-damage|p2a: Blissey|22\/100|[from] Sandstorm\n|-heal|p1a: Milotic|92\/100|[from] item: Leftovers\n|-heal|p2a: Blissey|28\/100|[from] item: Leftovers\n|upkeep\n|turn|107\n|inactive|royceee has 120 seconds left.\n|\n|t:|1609744660\n|switch|p1a: Blissey|Blissey, F, shiny|76\/100\n|-damage|p1a: Blissey|63\/100|[from] Spikes\n|move|p2a: Blissey|Soft-Boiled|p2a: Blissey\n|-heal|p2a: Blissey|78\/100\n|\n|-weather|Sandstorm|[upkeep]\n|-damage|p1a: Blissey|57\/100|[from] Sandstorm\n|-damage|p2a: Blissey|72\/100|[from] Sandstorm\n|-heal|p1a: Blissey|63\/100|[from] item: Leftovers\n|-heal|p2a: Blissey|78\/100|[from] item: Leftovers\n|upkeep\n|turn|108\n|inactive|royceee has 120 seconds left.\n|\n|t:|1609744670\n|move|p1a: Blissey|Thunder Wave|p2a: Blissey\n|-status|p2a: Blissey|par\n|move|p2a: Blissey|Toxic|p1a: Blissey\n|-status|p1a: Blissey|tox\n|\n|-weather|Sandstorm|[upkeep]\n|-damage|p1a: Blissey|57\/100 tox|[from] Sandstorm\n|-damage|p2a: Blissey|72\/100 par|[from] Sandstorm\n|-heal|p1a: Blissey|63\/100 tox|[from] item: Leftovers\n|-heal|p2a: Blissey|78\/100 par|[from] item: Leftovers\n|-damage|p1a: Blissey|57\/100 tox|[from] psn\n|upkeep\n|turn|109\n|j| Lebastarde\n|\n|t:|1609744681\n|-curestatus|p2a: Blissey|par|[from] ability: Natural Cure\n|switch|p2a: Skarmory|Skarmory, F|74\/100\n|move|p1a: Blissey|Soft-Boiled|p1a: Blissey\n|-heal|p1a: Blissey|100\/100 tox\n|\n|-weather|Sandstorm|[upkeep]\n|-damage|p1a: Blissey|94\/100 tox|[from] Sandstorm\n|-heal|p2a: Skarmory|80\/100|[from] item: Leftovers\n|-heal|p1a: Blissey|100\/100 tox|[from] item: Leftovers\n|-damage|p1a: Blissey|88\/100 tox|[from] psn\n|upkeep\n|turn|110\n|\n|t:|1609744693\n|move|p1a: Blissey|Thunder Wave|p2a: Skarmory\n|-status|p2a: Skarmory|par\n|move|p2a: Skarmory|Whirlwind|p1a: Blissey\n|-curestatus|p1a: Blissey|tox|[from] ability: Natural Cure\n|drag|p1a: Tyranitar|Tyranitar, M|100\/100 par\n|-damage|p1a: Tyranitar|88\/100 par|[from] Spikes\n|\n|-weather|Sandstorm|[upkeep]\n|-heal|p2a: Skarmory|86\/100 par|[from] item: Leftovers\n|-heal|p1a: Tyranitar|94\/100 par|[from] item: Leftovers\n|upkeep\n|turn|111\n|\n|t:|1609744705\n|move|p1a: Tyranitar|Rock Slide|p2a: Skarmory\n|-damage|p2a: Skarmory|56\/100 par\n|cant|p2a: Skarmory|par\n|\n|-weather|Sandstorm|[upkeep]\n|-heal|p2a: Skarmory|62\/100 par|[from] item: Leftovers\n|-heal|p1a: Tyranitar|100\/100 par|[from] item: Leftovers\n|upkeep\n|turn|112\n|\n|t:|1609744713\n|move|p2a: Skarmory|Protect|p2a: Skarmory\n|-singleturn|p2a: Skarmory|Protect\n|move|p1a: Tyranitar|Roar|p2a: Skarmory\n|-activate|p2a: Skarmory|Protect\n|\n|-weather|Sandstorm|[upkeep]\n|-heal|p2a: Skarmory|68\/100 par|[from] item: Leftovers\n|upkeep\n|turn|113\n|\n|t:|1609744721\n|move|p2a: Skarmory|Spikes|p1a: Tyranitar\n|-sidestart|p1: IM AT MY LIMIT|Spikes\n|cant|p1a: Tyranitar|par\n|\n|-weather|Sandstorm|[upkeep]\n|-heal|p2a: Skarmory|74\/100 par|[from] item: Leftovers\n|upkeep\n|turn|114\n|\n|t:|1609744727\n|switch|p1a: Claydol|Claydol|100\/100\n|move|p2a: Skarmory|Whirlwind|p1a: Claydol\n|drag|p1a: Tyranitar|Tyranitar, M|100\/100 par\n|-damage|p1a: Tyranitar|84\/100 par|[from] Spikes\n|\n|-weather|Sandstorm|[upkeep]\n|-heal|p2a: Skarmory|80\/100 par|[from] item: Leftovers\n|-heal|p1a: Tyranitar|90\/100 par|[from] item: Leftovers\n|upkeep\n|turn|115\n|\n|t:|1609744736\n|move|p2a: Skarmory|Whirlwind|p1a: Tyranitar\n|drag|p1a: Blissey|Blissey, F, shiny|88\/100\n|-damage|p1a: Blissey|71\/100|[from] Spikes\n|\n|-weather|Sandstorm|[upkeep]\n|-damage|p1a: Blissey|65\/100|[from] Sandstorm\n|-heal|p1a: Blissey|71\/100|[from] item: Leftovers\n|-heal|p2a: Skarmory|86\/100 par|[from] item: Leftovers\n|upkeep\n|turn|116\n|\n|t:|1609744745\n|move|p1a: Blissey|Seismic Toss|p2a: Skarmory\n|-damage|p2a: Skarmory|56\/100 par\n|move|p2a: Skarmory|Whirlwind|p1a: Blissey\n|drag|p1a: Tyranitar|Tyranitar, M|90\/100 par\n|-damage|p1a: Tyranitar|74\/100 par|[from] Spikes\n|\n|-weather|Sandstorm|[upkeep]\n|-heal|p2a: Skarmory|62\/100 par|[from] item: Leftovers\n|-heal|p1a: Tyranitar|80\/100 par|[from] item: Leftovers\n|upkeep\n|turn|117\n|\n|t:|1609744755\n|move|p2a: Skarmory|Protect|p2a: Skarmory\n|-singleturn|p2a: Skarmory|Protect\n|cant|p1a: Tyranitar|par\n|\n|-weather|Sandstorm|[upkeep]\n|-heal|p2a: Skarmory|68\/100 par|[from] item: Leftovers\n|-heal|p1a: Tyranitar|86\/100 par|[from] item: Leftovers\n|upkeep\n|turn|118\n|\n|t:|1609744762\n|move|p2a: Skarmory|Whirlwind|p1a: Tyranitar\n|drag|p1a: Milotic|Milotic, F, shiny|92\/100\n|-damage|p1a: Milotic|76\/100|[from] Spikes\n|\n|-weather|Sandstorm|[upkeep]\n|-damage|p1a: Milotic|69\/100|[from] Sandstorm\n|-heal|p1a: Milotic|76\/100|[from] item: Leftovers\n|-heal|p2a: Skarmory|74\/100 par|[from] item: Leftovers\n|upkeep\n|turn|119\n|\n|t:|1609744773\n|switch|p2a: Blissey|Blissey, F|78\/100\n|-damage|p2a: Blissey|62\/100|[from] Spikes\n|move|p1a: Milotic|Recover|p1a: Milotic\n|-heal|p1a: Milotic|100\/100\n|\n|-weather|Sandstorm|[upkeep]\n|-damage|p1a: Milotic|94\/100|[from] Sandstorm\n|-damage|p2a: Blissey|55\/100|[from] Sandstorm\n|-heal|p1a: Milotic|100\/100|[from] item: Leftovers\n|-heal|p2a: Blissey|62\/100|[from] item: Leftovers\n|upkeep\n|turn|120\n|inactive|royceee has 90 seconds left.\n|\n|t:|1609744784\n|switch|p1a: Claydol|Claydol|100\/100\n|move|p2a: Blissey|Soft-Boiled|p2a: Blissey\n|-heal|p2a: Blissey|100\/100\n|\n|-weather|Sandstorm|[upkeep]\n|-damage|p2a: Blissey|94\/100|[from] Sandstorm\n|-heal|p2a: Blissey|100\/100|[from] item: Leftovers\n|upkeep\n|turn|121\n|inactive|royceee has 90 seconds left.\n|\n|t:|1609744793\n|move|p1a: Claydol|Rapid Spin|p2a: Blissey\n|-damage|p2a: Blissey|94\/100\n|-sideend|p1: IM AT MY LIMIT|Spikes|[from] move: Rapid Spin|[of] p1a: Claydol\n|move|p2a: Blissey|Aromatherapy|p2a: Blissey\n|-cureteam|p2a: Blissey|[from] move: Aromatherapy\n|\n|-weather|Sandstorm|[upkeep]\n|-damage|p2a: Blissey|88\/100|[from] Sandstorm\n|-heal|p2a: Blissey|94\/100|[from] item: Leftovers\n|upkeep\n|turn|122\n|inactive|royceee has 90 seconds left.\n|\n|t:|1609744803\n|switch|p1a: Blissey|Blissey, F, shiny|71\/100\n|move|p2a: Blissey|Toxic|p1a: Blissey\n|-status|p1a: Blissey|tox\n|\n|-weather|Sandstorm|[upkeep]\n|-damage|p1a: Blissey|65\/100 tox|[from] Sandstorm\n|-damage|p2a: Blissey|88\/100|[from] Sandstorm\n|-heal|p1a: Blissey|71\/100 tox|[from] item: Leftovers\n|-heal|p2a: Blissey|94\/100|[from] item: Leftovers\n|-damage|p1a: Blissey|65\/100 tox|[from] psn\n|upkeep\n|turn|123\n|\n|t:|1609744825\n|move|p1a: Blissey|Soft-Boiled|p1a: Blissey\n|-heal|p1a: Blissey|100\/100 tox\n|move|p2a: Blissey|Soft-Boiled|p2a: Blissey\n|-heal|p2a: Blissey|100\/100\n|\n|-weather|Sandstorm|[upkeep]\n|-damage|p1a: Blissey|94\/100 tox|[from] Sandstorm\n|-damage|p2a: Blissey|94\/100|[from] Sandstorm\n|-heal|p1a: Blissey|100\/100 tox|[from] item: Leftovers\n|-heal|p2a: Blissey|100\/100|[from] item: Leftovers\n|-damage|p1a: Blissey|88\/100 tox|[from] psn\n|upkeep\n|turn|124\n|inactive|royceee has 60 seconds left.\n|\n|t:|1609744845\n|-curestatus|p1a: Blissey|tox|[from] ability: Natural Cure\n|switch|p1a: Milotic|Milotic, F, shiny|100\/100\n|switch|p2a: Skarmory|Skarmory, F|74\/100\n|\n|-weather|Sandstorm|[upkeep]\n|-damage|p1a: Milotic|94\/100|[from] Sandstorm\n|-heal|p1a: Milotic|100\/100|[from] item: Leftovers\n|-heal|p2a: Skarmory|80\/100|[from] item: Leftovers\n|upkeep\n|turn|125\n|inactive|royceee has 60 seconds left.\n|\n|t:|1609744856\n|switch|p1a: Blissey|Blissey, F, shiny|88\/100\n|move|p2a: Skarmory|Toxic|p1a: Blissey\n|-status|p1a: Blissey|tox\n|\n|-weather|Sandstorm|[upkeep]\n|-damage|p1a: Blissey|82\/100 tox|[from] Sandstorm\n|-heal|p2a: Skarmory|86\/100|[from] item: Leftovers\n|-heal|p1a: Blissey|88\/100 tox|[from] item: Leftovers\n|-damage|p1a: Blissey|82\/100 tox|[from] psn\n|upkeep\n|turn|126\n|\n|t:|1609744872\n|-curestatus|p1a: Blissey|tox|[from] ability: Natural Cure\n|switch|p1a: Claydol|Claydol|100\/100\n|move|p2a: Skarmory|Spikes|p1a: Claydol\n|-sidestart|p1: IM AT MY LIMIT|Spikes\n|\n|-weather|Sandstorm|[upkeep]\n|-heal|p2a: Skarmory|92\/100|[from] item: Leftovers\n|upkeep\n|turn|127\n|\n|t:|1609744879\n|move|p1a: Claydol|Rapid Spin|p2a: Skarmory\n|-resisted|p2a: Skarmory\n|-damage|p2a: Skarmory|91\/100\n|-sideend|p1: IM AT MY LIMIT|Spikes|[from] move: Rapid Spin|[of] p1a: Claydol\n|move|p2a: Skarmory|Toxic|p1a: Claydol\n|-status|p1a: Claydol|tox\n|\n|-weather|Sandstorm|[upkeep]\n|-heal|p2a: Skarmory|97\/100|[from] item: Leftovers\n|-damage|p1a: Claydol|95\/100 tox|[from] psn\n|upkeep\n|turn|128\n|\n|t:|1609744890\n|move|p1a: Claydol|Refresh|p1a: Claydol\n|-curestatus|p1a: Claydol|tox|[msg]\n|move|p2a: Skarmory|Spikes|p1a: Claydol\n|-sidestart|p1: IM AT MY LIMIT|Spikes\n|\n|-weather|Sandstorm|[upkeep]\n|-heal|p1a: Claydol|100\/100|[from] item: Leftovers\n|-heal|p2a: Skarmory|100\/100|[from] item: Leftovers\n|upkeep\n|turn|129\n|\n|t:|1609744898\n|move|p1a: Claydol|Rapid Spin|p2a: Skarmory\n|-resisted|p2a: Skarmory\n|-damage|p2a: Skarmory|99\/100\n|-sideend|p1: IM AT MY LIMIT|Spikes|[from] move: Rapid Spin|[of] p1a: Claydol\n|move|p2a: Skarmory|Spikes|p1a: Claydol\n|-sidestart|p1: IM AT MY LIMIT|Spikes\n|\n|-weather|Sandstorm|[upkeep]\n|-heal|p2a: Skarmory|100\/100|[from] item: Leftovers\n|upkeep\n|turn|130\n|\n|t:|1609744908\n|move|p1a: Claydol|Rapid Spin|p2a: Skarmory\n|-resisted|p2a: Skarmory\n|-damage|p2a: Skarmory|98\/100\n|-sideend|p1: IM AT MY LIMIT|Spikes|[from] move: Rapid Spin|[of] p1a: Claydol\n|move|p2a: Skarmory|Whirlwind|p1a: Claydol\n|drag|p1a: Milotic|Milotic, F, shiny|100\/100\n|\n|-weather|Sandstorm|[upkeep]\n|-damage|p1a: Milotic|94\/100|[from] Sandstorm\n|-heal|p1a: Milotic|100\/100|[from] item: Leftovers\n|-heal|p2a: Skarmory|100\/100|[from] item: Leftovers\n|upkeep\n|turn|131\n|\n|t:|1609744918\n|switch|p1a: Blissey|Blissey, F, shiny|82\/100\n|move|p2a: Skarmory|Spikes|p1a: Blissey\n|-sidestart|p1: IM AT MY LIMIT|Spikes\n|\n|-weather|Sandstorm|[upkeep]\n|-damage|p1a: Blissey|76\/100|[from] Sandstorm\n|-heal|p1a: Blissey|82\/100|[from] item: Leftovers\n|upkeep\n|turn|132\n|\n|t:|1609744925\n|move|p2a: Skarmory|Spikes|p1a: Blissey\n|-sidestart|p1: IM AT MY LIMIT|Spikes\n|move|p1a: Blissey|Thunder Wave|p2a: Skarmory\n|-status|p2a: Skarmory|par\n|\n|-weather|Sandstorm|[upkeep]\n|-damage|p1a: Blissey|76\/100|[from] Sandstorm\n|-heal|p1a: Blissey|82\/100|[from] item: Leftovers\n|upkeep\n|turn|133\n|\n|t:|1609744934\n|switch|p1a: Claydol|Claydol|100\/100\n|move|p2a: Skarmory|Whirlwind|p1a: Claydol\n|drag|p1a: Blissey|Blissey, F, shiny|82\/100\n|-damage|p1a: Blissey|65\/100|[from] Spikes\n|\n|-weather|Sandstorm|[upkeep]\n|-damage|p1a: Blissey|59\/100|[from] Sandstorm\n|-heal|p1a: Blissey|65\/100|[from] item: Leftovers\n|upkeep\n|turn|134\n|\n|t:|1609744943\n|move|p1a: Blissey|Soft-Boiled|p1a: Blissey\n|-heal|p1a: Blissey|100\/100\n|move|p2a: Skarmory|Spikes|p1a: Blissey\n|-sidestart|p1: IM AT MY LIMIT|Spikes\n|\n|-weather|Sandstorm|[upkeep]\n|-damage|p1a: Blissey|94\/100|[from] Sandstorm\n|-heal|p1a: Blissey|100\/100|[from] item: Leftovers\n|upkeep\n|turn|135\n|\n|t:|1609744952\n|move|p1a: Blissey|Seismic Toss|p2a: Skarmory\n|-damage|p2a: Skarmory|71\/100 par\n|move|p2a: Skarmory|Whirlwind|p1a: Blissey\n|drag|p1a: Tyranitar|Tyranitar, M|86\/100 par\n|-damage|p1a: Tyranitar|61\/100 par|[from] Spikes\n|\n|-weather|Sandstorm|[upkeep]\n|-heal|p2a: Skarmory|77\/100 par|[from] item: Leftovers\n|-heal|p1a: Tyranitar|67\/100 par|[from] item: Leftovers\n|upkeep\n|turn|136\n|\n|t:|1609744962\n|cant|p1a: Tyranitar|par\n|move|p2a: Skarmory|Whirlwind|p1a: Tyranitar\n|drag|p1a: Blissey|Blissey, F, shiny|100\/100\n|-damage|p1a: Blissey|76\/100|[from] Spikes\n|\n|-weather|Sandstorm|[upkeep]\n|-damage|p1a: Blissey|69\/100|[from] Sandstorm\n|-heal|p1a: Blissey|76\/100|[from] item: Leftovers\n|-heal|p2a: Skarmory|83\/100 par|[from] item: Leftovers\n|upkeep\n|turn|137\n|\n|t:|1609744974\n|move|p1a: Blissey|Seismic Toss|p2a: Skarmory\n|-damage|p2a: Skarmory|53\/100 par\n|move|p2a: Skarmory|Whirlwind|p1a: Blissey\n|drag|p1a: Tyranitar|Tyranitar, M|67\/100 par\n|-damage|p1a: Tyranitar|43\/100 par|[from] Spikes\n|\n|-weather|Sandstorm|[upkeep]\n|-heal|p2a: Skarmory|59\/100 par|[from] item: Leftovers\n|-heal|p1a: Tyranitar|49\/100 par|[from] item: Leftovers\n|upkeep\n|turn|138\n|\n|t:|1609744983\n|cant|p1a: Tyranitar|par\n|move|p2a: Skarmory|Whirlwind|p1a: Tyranitar\n|drag|p1a: Blissey|Blissey, F, shiny|76\/100\n|-damage|p1a: Blissey|51\/100|[from] Spikes\n|\n|-weather|Sandstorm|[upkeep]\n|-damage|p1a: Blissey|44\/100|[from] Sandstorm\n|-heal|p1a: Blissey|51\/100|[from] item: Leftovers\n|-heal|p2a: Skarmory|65\/100 par|[from] item: Leftovers\n|upkeep\n|turn|139\n|inactive|royceee has 30 seconds left.\n|\n|t:|1609744993\n|move|p1a: Blissey|Soft-Boiled|p1a: Blissey\n|-heal|p1a: Blissey|100\/100\n|move|p2a: Skarmory|Whirlwind|p1a: Blissey\n|drag|p1a: Milotic|Milotic, F, shiny|100\/100\n|-damage|p1a: Milotic|76\/100|[from] Spikes\n|\n|-weather|Sandstorm|[upkeep]\n|-damage|p1a: Milotic|69\/100|[from] Sandstorm\n|-heal|p1a: Milotic|76\/100|[from] item: Leftovers\n|-heal|p2a: Skarmory|71\/100 par|[from] item: Leftovers\n|upkeep\n|turn|140\n|inactive|royceee has 30 seconds left.\n|\n|t:|1609745002\n|move|p1a: Milotic|Surf|p2a: Skarmory\n|-damage|p2a: Skarmory|41\/100 par\n|cant|p2a: Skarmory|par\n|\n|-weather|Sandstorm|[upkeep]\n|-damage|p1a: Milotic|69\/100|[from] Sandstorm\n|-heal|p1a: Milotic|76\/100|[from] item: Leftovers\n|-heal|p2a: Skarmory|47\/100 par|[from] item: Leftovers\n|upkeep\n|turn|141\n|inactive|royceee has 30 seconds left.\n|\n|t:|1609745008\n|move|p2a: Skarmory|Protect|p2a: Skarmory\n|-singleturn|p2a: Skarmory|Protect\n|move|p1a: Milotic|Surf|p2a: Skarmory\n|-activate|p2a: Skarmory|Protect\n|\n|-weather|Sandstorm|[upkeep]\n|-damage|p1a: Milotic|69\/100|[from] Sandstorm\n|-heal|p1a: Milotic|76\/100|[from] item: Leftovers\n|-heal|p2a: Skarmory|53\/100 par|[from] item: Leftovers\n|upkeep\n|turn|142\n|\n|t:|1609745013\n|move|p1a: Milotic|Recover|p1a: Milotic\n|-heal|p1a: Milotic|100\/100\n|move|p2a: Skarmory|Whirlwind|p1a: Milotic\n|drag|p1a: Tyranitar|Tyranitar, M|49\/100 par\n|-damage|p1a: Tyranitar|24\/100 par|[from] Spikes\n|\n|-weather|Sandstorm|[upkeep]\n|-heal|p2a: Skarmory|59\/100 par|[from] item: Leftovers\n|-heal|p1a: Tyranitar|30\/100 par|[from] item: Leftovers\n|upkeep\n|turn|143\n|inactive|royceee has 30 seconds left.\n|\n|t:|1609745024\n|move|p1a: Tyranitar|Rock Slide|p2a: Skarmory\n|-crit|p2a: Skarmory\n|-damage|p2a: Skarmory|0 fnt\n|faint|p2a: Skarmory\n|inactive|royceee has 30 seconds left.\n|\n|t:|1609745029\n|switch|p2a: Swampert|Swampert, M, shiny|34\/100\n|-damage|p2a: Swampert|18\/100|[from] Spikes\n|\n|-weather|Sandstorm|[upkeep]\n|-heal|p2a: Swampert|24\/100|[from] item: Leftovers\n|-heal|p1a: Tyranitar|36\/100 par|[from] item: Leftovers\n|upkeep\n|turn|144\n|c|\u2606IM AT MY LIMIT|Bitch\n|inactive|royceee has 30 seconds left.\n|\n|t:|1609745043\n|switch|p1a: Milotic|Milotic, F, shiny|100\/100\n|-damage|p1a: Milotic|76\/100|[from] Spikes\n|move|p2a: Swampert|Protect||[still]\n|-fail|p2a: Swampert\n|\n|-weather|Sandstorm|[upkeep]\n|-damage|p1a: Milotic|69\/100|[from] Sandstorm\n|-heal|p1a: Milotic|76\/100|[from] item: Leftovers\n|-heal|p2a: Swampert|30\/100|[from] item: Leftovers\n|upkeep\n|turn|145\n|inactive|royceee has 30 seconds left this turn.\n|inactive|royceee has 20 seconds left.\n|\n|t:|1609745056\n|move|p1a: Milotic|Recover|p1a: Milotic\n|-heal|p1a: Milotic|100\/100\n|move|p2a: Swampert|Earthquake|p1a: Milotic\n|-damage|p1a: Milotic|72\/100\n|\n|-weather|Sandstorm|[upkeep]\n|-damage|p1a: Milotic|66\/100|[from] Sandstorm\n|-heal|p1a: Milotic|72\/100|[from] item: Leftovers\n|-heal|p2a: Swampert|36\/100|[from] item: Leftovers\n|upkeep\n|turn|146\n|inactive|royceee has 25 seconds left this turn.\n|inactive|royceee has 20 seconds left.\n|\n|t:|1609745062\n|move|p2a: Swampert|Protect|p2a: Swampert\n|-singleturn|p2a: Swampert|Protect\n|move|p1a: Milotic|Toxic|p2a: Swampert\n|-activate|p2a: Swampert|Protect\n|\n|-weather|Sandstorm|[upkeep]\n|-damage|p1a: Milotic|66\/100|[from] Sandstorm\n|-heal|p1a: Milotic|72\/100|[from] item: Leftovers\n|-heal|p2a: Swampert|43\/100|[from] item: Leftovers\n|upkeep\n|turn|147\n|inactive|royceee has 25 seconds left this turn.\n|inactive|royceee has 20 seconds left.\n|\n|t:|1609745069\n|move|p1a: Milotic|Toxic|p2a: Swampert\n|-status|p2a: Swampert|tox\n|move|p2a: Swampert|Toxic|p1a: Milotic|[miss]\n|-miss|p2a: Swampert|p1a: Milotic\n|\n|-weather|Sandstorm|[upkeep]\n|-damage|p1a: Milotic|66\/100|[from] Sandstorm\n|-heal|p1a: Milotic|72\/100|[from] item: Leftovers\n|-heal|p2a: Swampert|49\/100 tox|[from] item: Leftovers\n|-damage|p2a: Swampert|43\/100 tox|[from] psn\n|upkeep\n|turn|148\n|inactive|royceee has 25 seconds left this turn.\n|inactive|royceee has 20 seconds left.\n|\n|t:|1609745087\n|switch|p2a: Blissey|Blissey, F|100\/100\n|-damage|p2a: Blissey|84\/100|[from] Spikes\n|move|p1a: Milotic|Surf|p2a: Blissey\n|-damage|p2a: Blissey|73\/100\n|\n|-weather|Sandstorm|[upkeep]\n|-damage|p1a: Milotic|66\/100|[from] Sandstorm\n|-damage|p2a: Blissey|66\/100|[from] Sandstorm\n|-heal|p1a: Milotic|72\/100|[from] item: Leftovers\n|-heal|p2a: Blissey|73\/100|[from] item: Leftovers\n|upkeep\n|turn|149\n|inactive|royceee has 25 seconds left this turn.\n|inactive|royceee has 20 seconds left.\n|\n|t:|1609745093\n|switch|p1a: Claydol|Claydol|100\/100\n|move|p2a: Blissey|Aromatherapy|p2a: Blissey\n|-cureteam|p2a: Blissey|[from] move: Aromatherapy\n|\n|-weather|Sandstorm|[upkeep]\n|-damage|p2a: Blissey|66\/100|[from] Sandstorm\n|-heal|p2a: Blissey|73\/100|[from] item: Leftovers\n|upkeep\n|turn|150\n|inactive|royceee has 25 seconds left this turn.\n|\n|t:|1609745096\n|move|p1a: Claydol|Rapid Spin|p2a: Blissey\n|-damage|p2a: Blissey|66\/100\n|-sideend|p1: IM AT MY LIMIT|Spikes|[from] move: Rapid Spin|[of] p1a: Claydol\n|move|p2a: Blissey|Toxic|p1a: Claydol\n|-status|p1a: Claydol|tox\n|\n|-weather|Sandstorm|[upkeep]\n|-damage|p2a: Blissey|60\/100|[from] Sandstorm\n|-heal|p2a: Blissey|66\/100|[from] item: Leftovers\n|-damage|p1a: Claydol|95\/100 tox|[from] psn\n|upkeep\n|turn|151\n|inactive|royceee has 30 seconds left this turn.\n|\n|t:|1609745099\n|move|p1a: Claydol|Refresh|p1a: Claydol\n|-curestatus|p1a: Claydol|tox|[msg]\n|move|p2a: Blissey|Soft-Boiled|p2a: Blissey\n|-heal|p2a: Blissey|100\/100\n|\n|-weather|Sandstorm|[upkeep]\n|-damage|p2a: Blissey|94\/100|[from] Sandstorm\n|-heal|p1a: Claydol|100\/100|[from] item: Leftovers\n|-heal|p2a: Blissey|100\/100|[from] item: Leftovers\n|upkeep\n|turn|152\n|inactive|royceee has 30 seconds left.\n|\n|t:|1609745105\n|switch|p2a: Swampert|Swampert, M, shiny|43\/100\n|-damage|p2a: Swampert|26\/100|[from] Spikes\n|move|p1a: Claydol|Earthquake|p2a: Swampert\n|-damage|p2a: Swampert|3\/100\n|\n|-weather|Sandstorm|[upkeep]\n|-heal|p2a: Swampert|9\/100|[from] item: Leftovers\n|upkeep\n|turn|153\n|\n|t:|1609745109\n|move|p2a: Swampert|Protect|p2a: Swampert\n|-singleturn|p2a: Swampert|Protect\n|move|p1a: Claydol|Earthquake|p2a: Swampert\n|-activate|p2a: Swampert|Protect\n|\n|-weather|Sandstorm|[upkeep]\n|-heal|p2a: Swampert|15\/100|[from] item: Leftovers\n|upkeep\n|turn|154\n|\n|t:|1609745113\n|move|p1a: Claydol|Earthquake|p2a: Swampert\n|-damage|p2a: Swampert|0 fnt\n|faint|p2a: Swampert\n|\n|t:|1609745115\n|switch|p2a: Blissey|Blissey, F|100\/100\n|-damage|p2a: Blissey|84\/100|[from] Spikes\n|\n|-weather|Sandstorm|[upkeep]\n|-damage|p2a: Blissey|78\/100|[from] Sandstorm\n|-heal|p2a: Blissey|84\/100|[from] item: Leftovers\n|upkeep\n|turn|155\n|\n|t:|1609745119\n|move|p1a: Claydol|Earthquake|p2a: Blissey\n|-damage|p2a: Blissey|40\/100\n|move|p2a: Blissey|Toxic|p1a: Claydol\n|-status|p1a: Claydol|tox\n|\n|-weather|Sandstorm|[upkeep]\n|-damage|p2a: Blissey|34\/100|[from] Sandstorm\n|-heal|p2a: Blissey|40\/100|[from] item: Leftovers\n|-damage|p1a: Claydol|95\/100 tox|[from] psn\n|upkeep\n|turn|156\n|\n|t:|1609745123\n|move|p1a: Claydol|Earthquake|p2a: Blissey\n|-damage|p2a: Blissey|0 fnt\n|faint|p2a: Blissey\n|\n|win|IM AT MY LIMIT\n|raw|IM AT MY LIMIT's rating: 1342 &rarr; <strong>1357<\/strong><br \/>(+15 for winning)\n|raw|royceee's rating: 1256 &rarr; <strong>1237<\/strong><br \/>(-19 for losing)\n|c|\u2606IM AT MY LIMIT|Lolll\n|c|\u2606IM AT MY LIMIT|Begone with you\n","uploadtime":1609745141,"views":17,"p1id":"imatmylimit","p2id":"royceee","formatid":"gen3ou","rating":1237,"private":0,"password":null}