{"id":"gen3ou-1114374334","p1":"winter lanterns","p2":"Stallisgood4meta","format":"gen3ou","log":"|j|\u2606winter lanterns\n|j|\u2606Stallisgood4meta\n|player|p1|winter lanterns|burglar|1527\n|player|p2|Stallisgood4meta|169|1381\n|teamsize|p1|6\n|teamsize|p2|6\n|gametype|singles\n|gen|3\n|tier|[Gen 3] OU\n|rated|\n|rule|Sleep Clause Mod: Limit one foe put to sleep\n|rule|Switch Priority Clause Mod: Faster Pok\u00e9mon switch first\n|rule|Species Clause: Limit one of each Pok\u00e9mon\n|rule|OHKO Clause: OHKO moves are banned\n|rule|Moody Clause: Moody is banned\n|rule|Evasion Moves Clause: Evasion moves are banned\n|rule|Endless Battle Clause: Forcing endless battles is banned\n|rule|HP Percentage Mod: HP is shown in percentages\n|rule|3 Baton Pass Clause: Limit three Baton Passers\n|\n|start\n|switch|p1a: Tyranitar|Tyranitar, F|100\/100\n|switch|p2a: Salamence|Salamence, M|100\/100\n|-ability|p2a: Salamence|Intimidate|boost\n|-unboost|p1a: Tyranitar|atk|1\n|-weather|Sandstorm|[from] ability: Sand Stream|[of] p1a: Tyranitar\n|turn|1\n|\n|switch|p2a: Metagross|Metagross|100\/100\n|switch|p1a: Gengar|Gengar, M|100\/100\n|\n|-weather|Sandstorm|[upkeep]\n|-damage|p1a: Gengar|94\/100|[from] Sandstorm\n|-heal|p1a: Gengar|100\/100|[from] item: Leftovers\n|upkeep\n|turn|2\n|\n|switch|p1a: Cloyster|Cloyster, M|100\/100\n|move|p2a: Metagross|Meteor Mash|p1a: Cloyster\n|-damage|p1a: Cloyster|66\/100\n|\n|-weather|Sandstorm|[upkeep]\n|-damage|p1a: Cloyster|60\/100|[from] Sandstorm\n|-heal|p1a: Cloyster|66\/100|[from] item: Leftovers\n|upkeep\n|turn|3\n|inactive|Battle timer is ON: inactive players will automatically lose when time's up. (requested by Stallisgood4meta)\n|\n|move|p1a: Cloyster|Spikes|p2a: Metagross\n|-sidestart|p2: Stallisgood4meta|Spikes\n|move|p2a: Metagross|Agility|p2a: Metagross\n|-boost|p2a: Metagross|spe|2\n|\n|-weather|Sandstorm|[upkeep]\n|-damage|p1a: Cloyster|60\/100|[from] Sandstorm\n|-heal|p1a: Cloyster|66\/100|[from] item: Leftovers\n|upkeep\n|turn|4\n|\n|move|p2a: Metagross|Meteor Mash|p1a: Cloyster\n|-damage|p1a: Cloyster|33\/100\n|move|p1a: Cloyster|Surf|p2a: Metagross\n|-damage|p2a: Metagross|67\/100\n|\n|-weather|Sandstorm|[upkeep]\n|-damage|p1a: Cloyster|27\/100|[from] Sandstorm\n|-heal|p2a: Metagross|73\/100|[from] item: Leftovers\n|-heal|p1a: Cloyster|33\/100|[from] item: Leftovers\n|upkeep\n|turn|5\n|\n|switch|p1a: Zapdos|Zapdos|100\/100\n|move|p2a: Metagross|Meteor Mash|p1a: Zapdos\n|-resisted|p1a: Zapdos\n|-damage|p1a: Zapdos|60\/100\n|\n|-weather|Sandstorm|[upkeep]\n|-damage|p1a: Zapdos|54\/100|[from] Sandstorm\n|-heal|p2a: Metagross|79\/100|[from] item: Leftovers\n|-heal|p1a: Zapdos|60\/100|[from] item: Leftovers\n|upkeep\n|turn|6\n|\n|move|p2a: Metagross|Explosion|p1a: Zapdos\n|-damage|p1a: Zapdos|0 fnt\n|faint|p2a: Metagross\n|faint|p1a: Zapdos\n|\n|switch|p1a: Gengar|Gengar, M|100\/100\n|switch|p2a: Salamence|Salamence, M|100\/100\n|-ability|p2a: Salamence|Intimidate|boost\n|-unboost|p1a: Gengar|atk|1\n|\n|-weather|Sandstorm|[upkeep]\n|-damage|p1a: Gengar|94\/100|[from] Sandstorm\n|-damage|p2a: Salamence|94\/100|[from] Sandstorm\n|-heal|p1a: Gengar|100\/100|[from] item: Leftovers\n|-heal|p2a: Salamence|100\/100|[from] item: Leftovers\n|upkeep\n|turn|7\n|\n|switch|p2a: Magneton|Magneton|100\/100\n|-damage|p2a: Magneton|88\/100|[from] Spikes\n|move|p1a: Gengar|Ice Punch|p2a: Magneton\n|-resisted|p2a: Magneton\n|-damage|p2a: Magneton|65\/100\n|\n|-weather|Sandstorm|[upkeep]\n|-damage|p1a: Gengar|94\/100|[from] Sandstorm\n|-heal|p1a: Gengar|100\/100|[from] item: Leftovers\n|upkeep\n|turn|8\n|\n|move|p1a: Gengar|Fire Punch|p2a: Magneton\n|-supereffective|p2a: Magneton\n|-damage|p2a: Magneton|0 fnt\n|faint|p2a: Magneton\n|\n|switch|p2a: Aerodactyl|Aerodactyl, M|100\/100\n|\n|-weather|Sandstorm|[upkeep]\n|-damage|p1a: Gengar|94\/100|[from] Sandstorm\n|-heal|p1a: Gengar|100\/100|[from] item: Leftovers\n|upkeep\n|turn|9\n|\n|switch|p1a: Metagross|Metagross|100\/100\n|move|p2a: Aerodactyl|Rock Slide|p1a: Metagross\n|-resisted|p1a: Metagross\n|-damage|p1a: Metagross|80\/100\n|\n|-weather|Sandstorm|[upkeep]\n|upkeep\n|turn|10\n|\n|move|p2a: Aerodactyl|Rock Slide|p1a: Metagross\n|-resisted|p1a: Metagross\n|-damage|p1a: Metagross|59\/100\n|cant|p1a: Metagross|flinch\n|\n|-weather|Sandstorm|[upkeep]\n|upkeep\n|turn|11\n|\n|move|p2a: Aerodactyl|Rock Slide|p1a: Metagross|[miss]\n|-miss|p2a: Aerodactyl|p1a: Metagross\n|move|p1a: Metagross|Meteor Mash|p2a: Aerodactyl\n|-supereffective|p2a: Aerodactyl\n|-damage|p2a: Aerodactyl|0 fnt\n|-boost|p1a: Metagross|atk|1\n|faint|p2a: Aerodactyl\n|\n|switch|p2a: Salamence|Salamence, M|100\/100\n|-ability|p2a: Salamence|Intimidate|boost\n|-fail|p1a: Metagross|unboost|[from] ability: Clear Body|[of] p1a: Metagross\n|\n|-weather|Sandstorm|[upkeep]\n|-damage|p2a: Salamence|94\/100|[from] Sandstorm\n|-heal|p2a: Salamence|100\/100|[from] item: Leftovers\n|upkeep\n|turn|12\n|\n|move|p2a: Salamence|Fire Blast|p1a: Metagross|[miss]\n|-miss|p2a: Salamence|p1a: Metagross\n|move|p1a: Metagross|Explosion|p2a: Salamence\n|-damage|p2a: Salamence|0 fnt\n|faint|p1a: Metagross\n|faint|p2a: Salamence\n|\n|switch|p2a: Medicham|Medicham, M|100\/100\n|switch|p1a: Gengar|Gengar, M|100\/100\n|-damage|p2a: Medicham|88\/100|[from] Spikes\n|\n|-weather|Sandstorm|[upkeep]\n|-damage|p1a: Gengar|94\/100|[from] Sandstorm\n|-damage|p2a: Medicham|82\/100|[from] Sandstorm\n|-heal|p1a: Gengar|100\/100|[from] item: Leftovers\n|-heal|p2a: Medicham|88\/100|[from] item: Leftovers\n|upkeep\n|turn|13\n|\n|switch|p1a: Blissey|Blissey, F|100\/100\n|move|p2a: Medicham|Shadow Ball|p1a: Blissey\n|-immune|p1a: Blissey\n|\n|-weather|Sandstorm|[upkeep]\n|-damage|p2a: Medicham|82\/100|[from] Sandstorm\n|-damage|p1a: Blissey|94\/100|[from] Sandstorm\n|-heal|p2a: Medicham|88\/100|[from] item: Leftovers\n|-heal|p1a: Blissey|100\/100|[from] item: Leftovers\n|upkeep\n|turn|14\n|\n|switch|p1a: Gengar|Gengar, M|100\/100\n|move|p2a: Medicham|High Jump Kick|p1a: Gengar\n|-immune|p1a: Gengar\n|\n|-weather|Sandstorm|[upkeep]\n|-damage|p1a: Gengar|94\/100|[from] Sandstorm\n|-damage|p2a: Medicham|82\/100|[from] Sandstorm\n|-heal|p1a: Gengar|100\/100|[from] item: Leftovers\n|-heal|p2a: Medicham|88\/100|[from] item: Leftovers\n|upkeep\n|turn|15\n|\n|move|p1a: Gengar|Thunderbolt|p2a: Medicham\n|-damage|p2a: Medicham|35\/100\n|move|p2a: Medicham|Shadow Ball|p1a: Gengar\n|-supereffective|p1a: Gengar\n|-damage|p1a: Gengar|0 fnt\n|faint|p1a: Gengar\n|\n|switch|p1a: Blissey|Blissey, F|100\/100\n|\n|-weather|Sandstorm|[upkeep]\n|-damage|p2a: Medicham|29\/100|[from] Sandstorm\n|-damage|p1a: Blissey|94\/100|[from] Sandstorm\n|-heal|p2a: Medicham|35\/100|[from] item: Leftovers\n|-heal|p1a: Blissey|100\/100|[from] item: Leftovers\n|upkeep\n|turn|16\n|\n|move|p2a: Medicham|High Jump Kick|p1a: Blissey\n|-supereffective|p1a: Blissey\n|-damage|p1a: Blissey|0 fnt\n|faint|p1a: Blissey\n|\n|switch|p1a: Cloyster|Cloyster, M|33\/100\n|\n|-weather|Sandstorm|[upkeep]\n|-damage|p2a: Medicham|29\/100|[from] Sandstorm\n|-damage|p1a: Cloyster|27\/100|[from] Sandstorm\n|-heal|p2a: Medicham|35\/100|[from] item: Leftovers\n|-heal|p1a: Cloyster|33\/100|[from] item: Leftovers\n|upkeep\n|turn|17\n|\n|move|p2a: Medicham|High Jump Kick|p1a: Cloyster\n|-supereffective|p1a: Cloyster\n|-damage|p1a: Cloyster|0 fnt\n|faint|p1a: Cloyster\n|\n|switch|p1a: Tyranitar|Tyranitar, F|100\/100\n|\n|-weather|Sandstorm|[upkeep]\n|-damage|p2a: Medicham|29\/100|[from] Sandstorm\n|-heal|p2a: Medicham|35\/100|[from] item: Leftovers\n|upkeep\n|turn|18\n|\n|move|p2a: Medicham|High Jump Kick|p1a: Tyranitar\n|-supereffective|p1a: Tyranitar\n|-damage|p1a: Tyranitar|0 fnt\n|faint|p1a: Tyranitar\n|\n|win|Stallisgood4meta\n|l|\u2606winter lanterns\n|raw|winter lanterns's rating: 1527 &rarr; <strong>1499<\/strong><br \/>(-28 for losing)\n|raw|Stallisgood4meta's rating: 1381 &rarr; <strong>1409<\/strong><br \/>(+28 for winning)\n|c|\u2606Stallisgood4meta|gg\n","uploadtime":1589440803,"views":15,"p1id":"winterlanterns","p2id":"stallisgood4meta","formatid":"gen3ou","rating":1409,"private":0,"password":null}