{"id":"gen3ou-1120049241","p1":"winter lanterns","p2":"airports","format":"gen3ou","log":"|j|\u2606winter lanterns\n|j|\u2606airports\n|player|p1|winter lanterns|burglar|1565\n|player|p2|airports|unknown|1359\n|teamsize|p1|6\n|teamsize|p2|6\n|gametype|singles\n|gen|3\n|tier|[Gen 3] OU\n|rated|\n|rule|Sleep Clause Mod: Limit one foe put to sleep\n|rule|Switch Priority Clause Mod: Faster Pok\u00e9mon switch first\n|rule|Species Clause: Limit one of each Pok\u00e9mon\n|rule|OHKO Clause: OHKO moves are banned\n|rule|Moody Clause: Moody is banned\n|rule|Evasion Moves Clause: Evasion moves are banned\n|rule|Endless Battle Clause: Forcing endless battles is banned\n|rule|HP Percentage Mod: HP is shown in percentages\n|rule|3 Baton Pass Clause: Limit three Baton Passers\n|\n|start\n|switch|p1a: Tyranitar|Tyranitar, M|100\/100\n|switch|p2a: Venusaur|Venusaur, M|100\/100\n|-weather|Sandstorm|[from] ability: Sand Stream|[of] p1a: Tyranitar\n|turn|1\n|\n|move|p2a: Venusaur|Sleep Powder|p1a: Tyranitar\n|-status|p1a: Tyranitar|slp|[from] move: Sleep Powder\n|cant|p1a: Tyranitar|slp\n|\n|-weather|Sandstorm|[upkeep]\n|-damage|p2a: Venusaur|95\/100|[from] Sandstorm\n|-heal|p2a: Venusaur|100\/100|[from] item: Leftovers\n|upkeep\n|turn|2\n|\n|move|p2a: Venusaur|Leech Seed|p1a: Tyranitar\n|-start|p1a: Tyranitar|move: Leech Seed\n|cant|p1a: Tyranitar|slp\n|\n|-weather|Sandstorm|[upkeep]\n|-damage|p2a: Venusaur|95\/100|[from] Sandstorm\n|-heal|p2a: Venusaur|100\/100|[from] item: Leftovers\n|-damage|p1a: Tyranitar|88\/100 slp|[from] Leech Seed|[of] p2a: Venusaur\n|upkeep\n|turn|3\n|\n|switch|p1a: Zapdos|Zapdos|100\/100\n|move|p2a: Venusaur|Leech Seed|p1a: Zapdos\n|-start|p1a: Zapdos|move: Leech Seed\n|\n|-weather|Sandstorm|[upkeep]\n|-damage|p1a: Zapdos|94\/100|[from] Sandstorm\n|-damage|p2a: Venusaur|95\/100|[from] Sandstorm\n|-heal|p1a: Zapdos|100\/100|[from] item: Leftovers\n|-heal|p2a: Venusaur|100\/100|[from] item: Leftovers\n|-damage|p1a: Zapdos|88\/100|[from] Leech Seed|[of] p2a: Venusaur\n|upkeep\n|turn|4\n|\n|switch|p2a: Tyranitar|Tyranitar, F|100\/100\n|move|p1a: Zapdos|Drill Peck|p2a: Tyranitar\n|-resisted|p2a: Tyranitar\n|-damage|p2a: Tyranitar|87\/100\n|\n|-weather|Sandstorm|[upkeep]\n|-damage|p1a: Zapdos|82\/100|[from] Sandstorm\n|-heal|p1a: Zapdos|88\/100|[from] item: Leftovers\n|-heal|p2a: Tyranitar|93\/100|[from] item: Leftovers\n|-damage|p1a: Zapdos|76\/100|[from] Leech Seed|[of] p2a: Tyranitar\n|-heal|p2a: Tyranitar|100\/100|[silent]\n|upkeep\n|turn|5\n|\n|move|p1a: Zapdos|Hidden Power|p2a: Tyranitar\n|-supereffective|p2a: Tyranitar\n|-damage|p2a: Tyranitar|34\/100\n|move|p2a: Tyranitar|Crunch|p1a: Zapdos\n|-damage|p1a: Zapdos|35\/100\n|\n|-weather|Sandstorm|[upkeep]\n|-damage|p1a: Zapdos|29\/100|[from] Sandstorm\n|-heal|p1a: Zapdos|35\/100|[from] item: Leftovers\n|-heal|p2a: Tyranitar|41\/100|[from] item: Leftovers\n|-damage|p1a: Zapdos|23\/100|[from] Leech Seed|[of] p2a: Tyranitar\n|-heal|p2a: Tyranitar|51\/100|[silent]\n|upkeep\n|turn|6\n|\n|switch|p1a: Metagross|Metagross|100\/100\n|switch|p2a: Swampert|Swampert, M|100\/100\n|\n|-weather|Sandstorm|[upkeep]\n|upkeep\n|turn|7\n|\n|switch|p1a: Cloyster|Cloyster, M|100\/100\n|switch|p2a: Cloyster|Cloyster, M|100\/100\n|\n|-weather|Sandstorm|[upkeep]\n|-damage|p2a: Cloyster|95\/100|[from] Sandstorm\n|-damage|p1a: Cloyster|94\/100|[from] Sandstorm\n|-heal|p2a: Cloyster|100\/100|[from] item: Leftovers\n|-heal|p1a: Cloyster|100\/100|[from] item: Leftovers\n|upkeep\n|turn|8\n|\n|move|p2a: Cloyster|Spikes|p1a: Cloyster\n|-sidestart|p1: winter lanterns|Spikes\n|move|p1a: Cloyster|Spikes|p2a: Cloyster\n|-sidestart|p2: airports|Spikes\n|\n|-weather|Sandstorm|[upkeep]\n|-damage|p2a: Cloyster|95\/100|[from] Sandstorm\n|-damage|p1a: Cloyster|94\/100|[from] Sandstorm\n|-heal|p2a: Cloyster|100\/100|[from] item: Leftovers\n|-heal|p1a: Cloyster|100\/100|[from] item: Leftovers\n|upkeep\n|turn|9\n|\n|move|p2a: Cloyster|Rapid Spin|p1a: Cloyster\n|-damage|p1a: Cloyster|98\/100\n|-sideend|p2: airports|Spikes|[from] move: Rapid Spin|[of] p2a: Cloyster\n|move|p1a: Cloyster|Spikes|p2a: Cloyster\n|-sidestart|p2: airports|Spikes\n|\n|-weather|Sandstorm|[upkeep]\n|-damage|p2a: Cloyster|95\/100|[from] Sandstorm\n|-damage|p1a: Cloyster|92\/100|[from] Sandstorm\n|-heal|p2a: Cloyster|100\/100|[from] item: Leftovers\n|-heal|p1a: Cloyster|98\/100|[from] item: Leftovers\n|upkeep\n|turn|10\n|\n|move|p2a: Cloyster|Rapid Spin|p1a: Cloyster\n|-damage|p1a: Cloyster|95\/100\n|-sideend|p2: airports|Spikes|[from] move: Rapid Spin|[of] p2a: Cloyster\n|move|p1a: Cloyster|Spikes|p2a: Cloyster\n|-sidestart|p2: airports|Spikes\n|\n|-weather|Sandstorm|[upkeep]\n|-damage|p2a: Cloyster|95\/100|[from] Sandstorm\n|-damage|p1a: Cloyster|89\/100|[from] Sandstorm\n|-heal|p2a: Cloyster|100\/100|[from] item: Leftovers\n|-heal|p1a: Cloyster|95\/100|[from] item: Leftovers\n|upkeep\n|turn|11\n|\n|switch|p1a: Gengar|Gengar, M|100\/100\n|move|p2a: Cloyster|Rapid Spin|p1a: Gengar\n|-immune|p1a: Gengar\n|\n|-weather|Sandstorm|[upkeep]\n|-damage|p1a: Gengar|94\/100|[from] Sandstorm\n|-damage|p2a: Cloyster|95\/100|[from] Sandstorm\n|-heal|p1a: Gengar|100\/100|[from] item: Leftovers\n|-heal|p2a: Cloyster|100\/100|[from] item: Leftovers\n|upkeep\n|turn|12\n|inactive|Battle timer is ON: inactive players will automatically lose when time's up. (requested by airports)\n|inactive|airports has 120 seconds left.\n|\n|switch|p2a: Venusaur|Venusaur, M|100\/100\n|-damage|p2a: Venusaur|88\/100|[from] Spikes\n|move|p1a: Gengar|Fire Punch|p2a: Venusaur\n|-supereffective|p2a: Venusaur\n|-damage|p2a: Venusaur|30\/100\n|\n|-weather|Sandstorm|[upkeep]\n|-damage|p1a: Gengar|94\/100|[from] Sandstorm\n|-damage|p2a: Venusaur|24\/100|[from] Sandstorm\n|-heal|p1a: Gengar|100\/100|[from] item: Leftovers\n|-heal|p2a: Venusaur|30\/100|[from] item: Leftovers\n|upkeep\n|turn|13\n|\n|move|p1a: Gengar|Fire Punch|p2a: Venusaur\n|-supereffective|p2a: Venusaur\n|-damage|p2a: Venusaur|0 fnt\n|faint|p2a: Venusaur\n|\n|switch|p2a: Tyranitar|Tyranitar, F|51\/100\n|-damage|p2a: Tyranitar|38\/100|[from] Spikes\n|\n|-weather|Sandstorm|[upkeep]\n|-damage|p1a: Gengar|94\/100|[from] Sandstorm\n|-heal|p1a: Gengar|100\/100|[from] item: Leftovers\n|-heal|p2a: Tyranitar|45\/100|[from] item: Leftovers\n|upkeep\n|turn|14\n|\n|move|p1a: Gengar|Hidden Power|p2a: Tyranitar\n|-supereffective|p2a: Tyranitar\n|-damage|p2a: Tyranitar|2\/100\n|move|p2a: Tyranitar|Crunch|p1a: Gengar\n|-supereffective|p1a: Gengar\n|-damage|p1a: Gengar|0 fnt\n|faint|p1a: Gengar\n|\n|switch|p1a: Zapdos|Zapdos|23\/100\n|\n|-weather|Sandstorm|[upkeep]\n|-damage|p1a: Zapdos|17\/100|[from] Sandstorm\n|-heal|p1a: Zapdos|23\/100|[from] item: Leftovers\n|-heal|p2a: Tyranitar|9\/100|[from] item: Leftovers\n|upkeep\n|turn|15\n|\n|move|p1a: Zapdos|Drill Peck|p2a: Tyranitar\n|-resisted|p2a: Tyranitar\n|-damage|p2a: Tyranitar|0 fnt\n|faint|p2a: Tyranitar\n|\n|switch|p2a: Aerodactyl|Aerodactyl, F|100\/100\n|\n|-weather|Sandstorm|[upkeep]\n|-damage|p1a: Zapdos|17\/100|[from] Sandstorm\n|-heal|p1a: Zapdos|23\/100|[from] item: Leftovers\n|upkeep\n|turn|16\n|\n|move|p2a: Aerodactyl|Rock Slide|p1a: Zapdos\n|-supereffective|p1a: Zapdos\n|-damage|p1a: Zapdos|0 fnt\n|faint|p1a: Zapdos\n|\n|switch|p1a: Metagross|Metagross|100\/100\n|-damage|p1a: Metagross|88\/100|[from] Spikes\n|\n|-weather|Sandstorm|[upkeep]\n|upkeep\n|turn|17\n|\n|switch|p2a: Swampert|Swampert, M|100\/100\n|-damage|p2a: Swampert|88\/100|[from] Spikes\n|move|p1a: Metagross|Meteor Mash|p2a: Swampert\n|-resisted|p2a: Swampert\n|-damage|p2a: Swampert|67\/100\n|\n|-weather|Sandstorm|[upkeep]\n|-heal|p2a: Swampert|74\/100|[from] item: Leftovers\n|upkeep\n|turn|18\n|\n|move|p1a: Metagross|Earthquake|p2a: Swampert\n|-damage|p2a: Swampert|47\/100\n|move|p2a: Swampert|Surf|p1a: Metagross\n|-damage|p1a: Metagross|55\/100\n|\n|-weather|Sandstorm|[upkeep]\n|-heal|p2a: Swampert|53\/100|[from] item: Leftovers\n|upkeep\n|turn|19\n|\n|switch|p1a: Cloyster|Cloyster, M|95\/100\n|-damage|p1a: Cloyster|83\/100|[from] Spikes\n|move|p2a: Swampert|Surf|p1a: Cloyster\n|-resisted|p1a: Cloyster\n|-damage|p1a: Cloyster|58\/100\n|\n|-weather|Sandstorm|[upkeep]\n|-damage|p1a: Cloyster|52\/100|[from] Sandstorm\n|-heal|p1a: Cloyster|58\/100|[from] item: Leftovers\n|-heal|p2a: Swampert|59\/100|[from] item: Leftovers\n|upkeep\n|turn|20\n|\n|switch|p2a: Cloyster|Cloyster, M|100\/100\n|-damage|p2a: Cloyster|88\/100|[from] Spikes\n|move|p1a: Cloyster|Explosion|p2a: Cloyster\n|-damage|p2a: Cloyster|23\/100\n|faint|p1a: Cloyster\n|\n|switch|p1a: Metagross|Metagross|55\/100\n|-damage|p1a: Metagross|42\/100|[from] Spikes\n|\n|-weather|Sandstorm|[upkeep]\n|-damage|p2a: Cloyster|18\/100|[from] Sandstorm\n|-heal|p2a: Cloyster|23\/100|[from] item: Leftovers\n|upkeep\n|turn|21\n|\n|move|p2a: Cloyster|Rapid Spin|p1a: Metagross\n|-resisted|p1a: Metagross\n|-damage|p1a: Metagross|41\/100\n|-sideend|p2: airports|Spikes|[from] move: Rapid Spin|[of] p2a: Cloyster\n|move|p1a: Metagross|Meteor Mash|p2a: Cloyster|[miss]\n|-miss|p1a: Metagross|p2a: Cloyster\n|\n|-weather|Sandstorm|[upkeep]\n|-damage|p2a: Cloyster|18\/100|[from] Sandstorm\n|-heal|p2a: Cloyster|23\/100|[from] item: Leftovers\n|upkeep\n|turn|22\n|\n|move|p2a: Cloyster|Spikes|p1a: Metagross\n|-sidestart|p1: winter lanterns|Spikes\n|move|p1a: Metagross|Meteor Mash|p2a: Cloyster\n|-damage|p2a: Cloyster|0 fnt\n|faint|p2a: Cloyster\n|\n|switch|p2a: Magneton|Magneton|100\/100\n|\n|-weather|Sandstorm|[upkeep]\n|upkeep\n|turn|23\n|\n|move|p2a: Magneton|Thunderbolt|p1a: Metagross\n|-damage|p1a: Metagross|0 fnt\n|faint|p1a: Metagross\n|\n|switch|p1a: Blissey|Blissey, F|100\/100\n|-damage|p1a: Blissey|84\/100|[from] Spikes\n|\n|-weather|Sandstorm|[upkeep]\n|-damage|p1a: Blissey|78\/100|[from] Sandstorm\n|-heal|p1a: Blissey|84\/100|[from] item: Leftovers\n|upkeep\n|turn|24\n|\n|move|p2a: Magneton|Toxic|p1a: Blissey\n|-status|p1a: Blissey|tox\n|move|p1a: Blissey|Ice Beam|p2a: Magneton\n|-resisted|p2a: Magneton\n|-damage|p2a: Magneton|79\/100\n|\n|-weather|Sandstorm|[upkeep]\n|-damage|p1a: Blissey|78\/100 tox|[from] Sandstorm\n|-heal|p1a: Blissey|84\/100 tox|[from] item: Leftovers\n|-damage|p1a: Blissey|78\/100 tox|[from] psn\n|upkeep\n|turn|25\n|-message|winter lanterns forfeited.\n|\n|win|airports\n|l|\u2606winter lanterns\n||Ladder (probably) updated, but score could not be retrieved (Response not received).\n","uploadtime":1590264374,"views":62,"p1id":"winterlanterns","p2id":"airports","formatid":"gen3ou","rating":0,"private":0,"password":null}