{"id":"gen3nu-1476390882","p1":"The Last Hero","p2":"sickeningscientist","format":"gen3nu","log":"|j|\u2606The Last Hero\n|j|\u2606sickeningscientist\n|t:|1639942009\n|gametype|singles\n|player|p1|The Last Hero|acetrainersnow|\n|player|p2|sickeningscientist|misty|\n|teamsize|p1|6\n|teamsize|p2|6\n|gen|3\n|tier|[Gen 3] NU\n|rated|Tournament battle\n|rule|Sleep Clause Mod: Limit one foe put to sleep\n|rule|Switch Priority Clause Mod: Faster Pok\u00e9mon switch first\n|rule|Species Clause: Limit one of each Pok\u00e9mon\n|rule|OHKO Clause: OHKO moves are banned\n|rule|Evasion Moves Clause: Evasion moves are banned\n|rule|Endless Battle Clause: Forcing endless battles is banned\n|rule|HP Percentage Mod: HP is shown in percentages\n|\n|t:|1639942009\n|start\n|switch|p1a: FumeetoTheHaxor|Flareon, M|100\/100\n|switch|p2a: Glalie|Glalie, M|100\/100\n|turn|1\n|j| BB-8-NU\n|inactive|Battle timer is ON: inactive players will automatically lose when time's up. (requested by sickeningscientist)\n|\n|t:|1639942016\n|move|p2a: Glalie|Spikes|p1a: FumeetoTheHaxor\n|-sidestart|p1: The Last Hero|Spikes\n|move|p1a: FumeetoTheHaxor|Fire Blast|p2a: Glalie\n|-supereffective|p2a: Glalie\n|-damage|p2a: Glalie|0 fnt\n|faint|p2a: Glalie\n|j| thank god its xmas\n|j| LRXC \u2714\n|l| thank god its xmas\n|\n|t:|1639942027\n|switch|p2a: Castform|Castform, F|100\/100\n|\n|upkeep\n|turn|2\n|j| 1 EATS\u272c\n|\n|t:|1639942037\n|move|p2a: Castform|Rain Dance|p2a: Castform\n|-weather|RainDance\n|-formechange|p2a: Castform|Castform-Rainy|[msg]|[from] ability: Forecast\n|move|p1a: FumeetoTheHaxor|Toxic|p2a: Castform\n|-status|p2a: Castform|tox\n|\n|-weather|RainDance|[upkeep]\n|-damage|p2a: Castform|94\/100 tox|[from] psn\n|upkeep\n|turn|3\n|\n|t:|1639942043\n|switch|p1a: Rosy|Roselia, F|100\/100\n|-damage|p1a: Rosy|88\/100|[from] Spikes\n|move|p2a: Castform|Weather Ball|p1a: Rosy\n|-resisted|p1a: Rosy\n|-damage|p1a: Rosy|64\/100\n|\n|-weather|RainDance|[upkeep]\n|-heal|p2a: Castform|100\/100 tox|[from] item: Leftovers\n|-damage|p2a: Castform|88\/100 tox|[from] psn\n|-heal|p1a: Rosy|70\/100|[from] item: Leftovers\n|upkeep\n|turn|4\n|\n|t:|1639942046\n|move|p2a: Castform|Ice Beam|p1a: Rosy\n|-supereffective|p1a: Rosy\n|-damage|p1a: Rosy|31\/100\n|move|p1a: Rosy|Hidden Power|p2a: Castform\n|-supereffective|p2a: Castform\n|-damage|p2a: Castform|9\/100 tox\n|\n|-weather|RainDance|[upkeep]\n|-heal|p2a: Castform|15\/100 tox|[from] item: Leftovers\n|-damage|p2a: Castform|0 fnt|[from] psn\n|faint|p2a: Castform\n|-heal|p1a: Rosy|36\/100|[from] item: Leftovers\n|upkeep\n|\n|t:|1639942051\n|switch|p2a: Huntail|Huntail, M|100\/100\n|turn|5\n|l| 1 EATS\u272c\n|\n|t:|1639942057\n|move|p2a: Huntail|Ice Beam|p1a: Rosy\n|-supereffective|p1a: Rosy\n|-damage|p1a: Rosy|0 fnt\n|faint|p1a: Rosy\n|\n|t:|1639942061\n|switch|p1a: Sr. Cangrejo|Crawdaunt, M|100\/100\n|-damage|p1a: Sr. Cangrejo|88\/100|[from] Spikes\n|\n|-weather|RainDance|[upkeep]\n|-heal|p1a: Sr. Cangrejo|94\/100|[from] item: Leftovers\n|upkeep\n|turn|6\n|\n|t:|1639942063\n|move|p2a: Huntail|Hidden Power|p1a: Sr. Cangrejo\n|-supereffective|p1a: Sr. Cangrejo\n|-damage|p1a: Sr. Cangrejo|10\/100\n|move|p1a: Sr. Cangrejo|Crunch|p2a: Huntail\n|-damage|p2a: Huntail|47\/100\n|-unboost|p2a: Huntail|spd|1\n|\n|-weather|none\n|-heal|p1a: Sr. Cangrejo|16\/100|[from] item: Leftovers\n|upkeep\n|turn|7\n|j|@Links\n|\n|t:|1639942072\n|switch|p2a: Crawdaunt|Crawdaunt, F|100\/100\n|move|p1a: Sr. Cangrejo|Crunch|p2a: Crawdaunt\n|-resisted|p2a: Crawdaunt\n|-damage|p2a: Crawdaunt|62\/100\n|-unboost|p2a: Crawdaunt|spd|1\n|\n|-heal|p1a: Sr. Cangrejo|22\/100|[from] item: Leftovers\n|upkeep\n|turn|8\n|\n|t:|1639942081\n|move|p2a: Crawdaunt|Substitute|p2a: Crawdaunt\n|-start|p2a: Crawdaunt|Substitute\n|-damage|p2a: Crawdaunt|37\/100\n|move|p1a: Sr. Cangrejo|Surf|p2a: Crawdaunt\n|-resisted|p2a: Crawdaunt\n|-end|p2a: Crawdaunt|Substitute\n|\n|-heal|p1a: Sr. Cangrejo|28\/100|[from] item: Leftovers\n|upkeep\n|turn|9\n|j| MyNameIsYubel\n|\n|t:|1639942087\n|move|p2a: Crawdaunt|Substitute|p2a: Crawdaunt\n|-start|p2a: Crawdaunt|Substitute\n|-damage|p2a: Crawdaunt|12\/100\n|move|p1a: Sr. Cangrejo|Surf|p2a: Crawdaunt\n|-resisted|p2a: Crawdaunt\n|-end|p2a: Crawdaunt|Substitute\n|\n|-enditem|p2a: Crawdaunt|Salac Berry|[eat]\n|-boost|p2a: Crawdaunt|spe|1|[from] item: Salac Berry\n|-heal|p1a: Sr. Cangrejo|34\/100|[from] item: Leftovers\n|upkeep\n|turn|10\n|j| The Winking Dol\n|\n|t:|1639942100\n|move|p2a: Crawdaunt|Surf|p1a: Sr. Cangrejo\n|-resisted|p1a: Sr. Cangrejo\n|-damage|p1a: Sr. Cangrejo|0 fnt\n|faint|p1a: Sr. Cangrejo\n|\n|t:|1639942105\n|switch|p1a: Haxespain|Pidgeot, M|100\/100\n|\n|upkeep\n|turn|11\n|\n|t:|1639942112\n|move|p1a: Haxespain|Quick Attack|p2a: Crawdaunt\n|-damage|p2a: Crawdaunt|0 fnt\n|faint|p2a: Crawdaunt\n|\n|t:|1639942114\n|switch|p2a: Berlusconi|Haunter, F|100\/100\n|\n|upkeep\n|turn|12\n|j| ADV Thirst Trap\n|\n|t:|1639942122\n|switch|p1a: Sabletroll|Sableye, M|100\/100\n|-damage|p1a: Sabletroll|88\/100|[from] Spikes\n|move|p2a: Berlusconi|Hypnosis|p1a: Sabletroll\n|-status|p1a: Sabletroll|slp|[from] move: Hypnosis\n|\n|-heal|p1a: Sabletroll|94\/100 slp|[from] item: Leftovers\n|upkeep\n|turn|13\n|j| fraunkincense\n|j| 1 EATS\u272c\n|\n|t:|1639942131\n|switch|p1a: FumeetoTheHaxor|Flareon, M|100\/100\n|-damage|p1a: FumeetoTheHaxor|88\/100|[from] Spikes\n|move|p2a: Berlusconi|Thunderbolt|p1a: FumeetoTheHaxor\n|-damage|p1a: FumeetoTheHaxor|53\/100\n|\n|-heal|p1a: FumeetoTheHaxor|59\/100|[from] item: Leftovers\n|upkeep\n|turn|14\n|l| ADV Thirst Trap\n|\n|t:|1639942137\n|switch|p2a: Huntail|Huntail, M|47\/100\n|move|p1a: FumeetoTheHaxor|Fire Blast|p2a: Huntail\n|-resisted|p2a: Huntail\n|-crit|p2a: Huntail\n|-damage|p2a: Huntail|0 fnt\n|faint|p2a: Huntail\n|\n|t:|1639942139\n|switch|p2a: Diglett|Diglett, M|100\/100\n|\n|-heal|p1a: FumeetoTheHaxor|65\/100|[from] item: Leftovers\n|upkeep\n|turn|15\n|c|\u2606The Last Hero|nice\n|l| LRXC \u2714\n|\n|t:|1639942166\n|move|p2a: Diglett|Rock Slide|p1a: FumeetoTheHaxor\n|-supereffective|p1a: FumeetoTheHaxor\n|-damage|p1a: FumeetoTheHaxor|0 fnt\n|faint|p1a: FumeetoTheHaxor\n|c|\u2606The Last Hero|I still don,t get why its allowed here and not in UU\n|\n|t:|1639942171\n|switch|p1a: Mawi|Mawile, F|100\/100\n|-damage|p1a: Mawi|88\/100|[from] Spikes\n|-ability|p1a: Mawi|Intimidate|boost\n|-unboost|p2a: Diglett|atk|1\n|\n|-heal|p1a: Mawi|94\/100|[from] item: Leftovers\n|upkeep\n|turn|16\n|\n|t:|1639942174\n|switch|p2a: Berlusconi|Haunter, F|100\/100\n|move|p1a: Mawi|Hidden Power|p2a: Berlusconi\n|-damage|p2a: Berlusconi|15\/100\n|\n|-heal|p2a: Berlusconi|21\/100|[from] item: Leftovers\n|-heal|p1a: Mawi|100\/100|[from] item: Leftovers\n|upkeep\n|turn|17\n|\n|t:|1639942199\n|move|p2a: Berlusconi|Thunderbolt|p1a: Mawi\n|-crit|p1a: Mawi\n|-damage|p1a: Mawi|0 fnt\n|faint|p1a: Mawi\n|c|\u2606The Last Hero|well shit\n|\n|t:|1639942209\n|switch|p1a: Haxespain|Pidgeot, M|100\/100\n|\n|-heal|p2a: Berlusconi|27\/100|[from] item: Leftovers\n|upkeep\n|turn|18\n|\n|t:|1639942225\n|move|p2a: Berlusconi|Thunderbolt|p1a: Haxespain\n|-supereffective|p1a: Haxespain\n|-damage|p1a: Haxespain|13\/100\n|move|p1a: Haxespain|Aerial Ace|p2a: Berlusconi\n|-damage|p2a: Berlusconi|0 fnt\n|faint|p2a: Berlusconi\n|\n|t:|1639942228\n|switch|p2a: Diglett|Diglett, M|100\/100\n|\n|upkeep\n|turn|19\n|\n|t:|1639942239\n|switch|p1a: Sabletroll|Sableye, M|94\/100 slp\n|-damage|p1a: Sabletroll|82\/100 slp|[from] Spikes\n|move|p2a: Diglett|Rock Slide|p1a: Sabletroll\n|-damage|p1a: Sabletroll|58\/100 slp\n|\n|-heal|p1a: Sabletroll|65\/100 slp|[from] item: Leftovers\n|upkeep\n|turn|20\n|\n|t:|1639942243\n|move|p2a: Diglett|Rock Slide|p1a: Sabletroll\n|-damage|p1a: Sabletroll|43\/100 slp\n|cant|p1a: Sabletroll|slp\n|\n|-heal|p1a: Sabletroll|49\/100 slp|[from] item: Leftovers\n|upkeep\n|turn|21\n|\n|t:|1639942245\n|move|p2a: Diglett|Rock Slide|p1a: Sabletroll\n|-damage|p1a: Sabletroll|25\/100 slp\n|-curestatus|p1a: Sabletroll|slp|[msg]\n|move|p1a: Sabletroll|Recover|p1a: Sabletroll\n|-heal|p1a: Sabletroll|75\/100\n|\n|-heal|p1a: Sabletroll|81\/100|[from] item: Leftovers\n|upkeep\n|turn|22\n|\n|t:|1639942248\n|move|p2a: Diglett|Rock Slide|p1a: Sabletroll|[miss]\n|-miss|p2a: Diglett|p1a: Sabletroll\n|move|p1a: Sabletroll|Shadow Ball|p2a: Diglett\n|-crit|p2a: Diglett\n|-damage|p2a: Diglett|0 fnt\n|faint|p2a: Diglett\n|\n|win|The Last Hero\n|n|\u2606The Last Hero|thelasthero\n|n|\u2606sickeningscientist|sickeningscientist\n|n| BB-8-NU|bb8nu\n|n| Links|links\n|n| MyNameIsYubel|mynameisyubel\n|n| The Winking Dol|thewinkingdol\n|n| fraunkincense|fraunkincense\n|n| 1 EATS\u272c|1eats\n|l| BB-8-NU\n|l|\u2606sickeningscientist\n|c|\u2606The Last Hero|gg\n|l| Links\n|l|\u2606The Last Hero\n|l| MyNameIsYubel\n|j| Links\n","uploadtime":1639942249,"views":35,"p1id":"thelasthero","p2id":"sickeningscientist","formatid":"gen3nu","rating":0,"private":0,"password":null}