{"id":"gen3ou-1674430464","p1":"Bandal Sarkar","p2":"knexhawk2","format":"gen3ou","log":"|j|\u2606Bandal Sarkar\n|j|\u2606knexhawk2\n|inactive|Battle timer is ON: inactive players will automatically lose when time's up.\n|t:|1664564799\n|gametype|singles\n|player|p1|Bandal Sarkar|birdkeeper-gen2|\n|player|p2|knexhawk2|acetrainer-gen4dp|\n|teamsize|p1|6\n|teamsize|p2|6\n|gen|3\n|tier|[Gen 3] OU\n|rated|Tournament battle\n|rule|Sleep Clause Mod: Limit one foe put to sleep\n|rule|Switch Priority Clause Mod: Faster Pok\u00e9mon switch first\n|rule|Species Clause: Limit one of each Pok\u00e9mon\n|rule|OHKO Clause: OHKO moves are banned\n|rule|Evasion Items Clause: Evasion items are banned\n|rule|Evasion Moves Clause: Evasion moves are banned\n|rule|Endless Battle Clause: Forcing endless battles is banned\n|rule|HP Percentage Mod: HP is shown in percentages\n|rule|One Boost Passer Clause: Limit one Baton Passer that has a way to boost its stats\n|rule|Freeze Clause Mod: Limit one foe frozen\n|\n|t:|1664564799\n|start\n|switch|p1a: Snorlax|Snorlax, M|100\/100\n|switch|p2a: Celebi|Celebi|100\/100\n|turn|1\n|\n|t:|1664564805\n|switch|p2a: Tyranitar|Tyranitar, F|100\/100\n|-weather|Sandstorm|[from] ability: Sand Stream|[of] p2a: Tyranitar\n|move|p1a: Snorlax|Body Slam|p2a: Tyranitar\n|-resisted|p2a: Tyranitar\n|-damage|p2a: Tyranitar|83\/100\n|-status|p2a: Tyranitar|par\n|\n|-weather|Sandstorm|[upkeep]\n|-damage|p1a: Snorlax|94\/100|[from] Sandstorm\n|-heal|p1a: Snorlax|100\/100|[from] item: Leftovers\n|-heal|p2a: Tyranitar|89\/100 par|[from] item: Leftovers\n|upkeep\n|turn|2\n|j| zaydapoketrainer\n|j| classiccyanname\n|\n|t:|1664564809\n|switch|p2a: Celebi|Celebi|100\/100\n|move|p1a: Snorlax|Earthquake|p2a: Celebi\n|-resisted|p2a: Celebi\n|-damage|p2a: Celebi|88\/100\n|\n|-weather|Sandstorm|[upkeep]\n|-damage|p2a: Celebi|82\/100|[from] Sandstorm\n|-damage|p1a: Snorlax|94\/100|[from] Sandstorm\n|-heal|p2a: Celebi|88\/100|[from] item: Leftovers\n|-heal|p1a: Snorlax|100\/100|[from] item: Leftovers\n|upkeep\n|turn|3\n|j|%Sww-Suwa\n|\n|t:|1664564813\n|move|p2a: Celebi|Leech Seed|p1a: Snorlax\n|-start|p1a: Snorlax|move: Leech Seed\n|move|p1a: Snorlax|Body Slam|p2a: Celebi\n|-damage|p2a: Celebi|55\/100\n|\n|-weather|Sandstorm|[upkeep]\n|-damage|p2a: Celebi|49\/100|[from] Sandstorm\n|-damage|p1a: Snorlax|94\/100|[from] Sandstorm\n|-heal|p2a: Celebi|55\/100|[from] item: Leftovers\n|-heal|p1a: Snorlax|100\/100|[from] item: Leftovers\n|-damage|p1a: Snorlax|88\/100|[from] Leech Seed|[of] p2a: Celebi\n|-heal|p2a: Celebi|70\/100|[silent]\n|upkeep\n|turn|4\n|\n|t:|1664564819\n|switch|p1a: Tyranitar|Tyranitar, M|100\/100\n|move|p2a: Celebi|Leech Seed|p1a: Tyranitar|[miss]\n|-miss|p2a: Celebi|p1a: Tyranitar\n|\n|-weather|Sandstorm|[upkeep]\n|-damage|p2a: Celebi|63\/100|[from] Sandstorm\n|-heal|p2a: Celebi|70\/100|[from] item: Leftovers\n|upkeep\n|turn|5\n|\n|t:|1664564825\n|move|p2a: Celebi|Light Screen|p2a: Celebi\n|-sidestart|p2: knexhawk2|Light Screen\n|move|p1a: Tyranitar|Pursuit|p2a: Celebi\n|-supereffective|p2a: Celebi\n|-damage|p2a: Celebi|52\/100\n|\n|-weather|Sandstorm|[upkeep]\n|-damage|p2a: Celebi|46\/100|[from] Sandstorm\n|-heal|p2a: Celebi|52\/100|[from] item: Leftovers\n|upkeep\n|turn|6\n|\n|t:|1664564829\n|move|p2a: Celebi|Recover|p2a: Celebi\n|-heal|p2a: Celebi|100\/100\n|move|p1a: Tyranitar|Crunch|p2a: Celebi\n|-supereffective|p2a: Celebi\n|-damage|p2a: Celebi|68\/100\n|-unboost|p2a: Celebi|spd|1\n|\n|-weather|Sandstorm|[upkeep]\n|-damage|p2a: Celebi|62\/100|[from] Sandstorm\n|-heal|p2a: Celebi|68\/100|[from] item: Leftovers\n|upkeep\n|turn|7\n|j| McFanOfFun1\n|\n|t:|1664564834\n|move|p2a: Celebi|Leech Seed|p1a: Tyranitar\n|-start|p1a: Tyranitar|move: Leech Seed\n|move|p1a: Tyranitar|Pursuit|p2a: Celebi\n|-supereffective|p2a: Celebi\n|-damage|p2a: Celebi|46\/100\n|\n|-weather|Sandstorm|[upkeep]\n|-damage|p2a: Celebi|40\/100|[from] Sandstorm\n|-heal|p2a: Celebi|46\/100|[from] item: Leftovers\n|-damage|p1a: Tyranitar|88\/100|[from] Leech Seed|[of] p2a: Celebi\n|-heal|p2a: Celebi|59\/100|[silent]\n|upkeep\n|turn|8\n|\n|t:|1664564838\n|move|p2a: Celebi|Recover|p2a: Celebi\n|-heal|p2a: Celebi|100\/100\n|move|p1a: Tyranitar|Crunch|p2a: Celebi\n|-supereffective|p2a: Celebi\n|-damage|p2a: Celebi|56\/100\n|-unboost|p2a: Celebi|spd|1\n|\n|-weather|Sandstorm|[upkeep]\n|-damage|p2a: Celebi|50\/100|[from] Sandstorm\n|-heal|p2a: Celebi|56\/100|[from] item: Leftovers\n|-heal|p1a: Tyranitar|94\/100|[from] item: Leftovers\n|-damage|p1a: Tyranitar|82\/100|[from] Leech Seed|[of] p2a: Celebi\n|-heal|p2a: Celebi|69\/100|[silent]\n|upkeep\n|turn|9\n|l| McFanOfFun1\n|c|\u2606knexhawk2|aw man these drops\n|\n|t:|1664564846\n|move|p2a: Celebi|Hidden Power|p1a: Tyranitar\n|-supereffective|p1a: Tyranitar\n|-damage|p1a: Tyranitar|41\/100\n|move|p1a: Tyranitar|Pursuit|p2a: Celebi\n|-supereffective|p2a: Celebi\n|-crit|p2a: Celebi\n|-damage|p2a: Celebi|0 fnt\n|faint|p2a: Celebi\n|c|\u2606knexhawk2|aw mannnnn\n|\n|t:|1664564861\n|switch|p2a: Aerodactyl|Aerodactyl, M|100\/100\n|\n|-sideend|p2: knexhawk2|Light Screen\n|-weather|Sandstorm|[upkeep]\n|-heal|p1a: Tyranitar|47\/100|[from] item: Leftovers\n|-damage|p1a: Tyranitar|35\/100|[from] Leech Seed|[of] p2a: Aerodactyl\n|upkeep\n|turn|10\n|c|\u2606Bandal Sarkar|I'm sry my friend\n|c|\u2606knexhawk2|fuck ur ttar\n|\n|t:|1664564876\n|switch|p2a: Magneton|Magneton|100\/100\n|move|p1a: Tyranitar|Crunch|p2a: Magneton\n|-resisted|p2a: Magneton\n|-damage|p2a: Magneton|65\/100\n|\n|-weather|Sandstorm|[upkeep]\n|-heal|p2a: Magneton|72\/100|[from] item: Leftovers\n|-heal|p1a: Tyranitar|41\/100|[from] item: Leftovers\n|-damage|p1a: Tyranitar|29\/100|[from] Leech Seed|[of] p2a: Magneton\n|-heal|p2a: Magneton|92\/100|[silent]\n|upkeep\n|turn|11\n|c| zaydapoketrainer|crit\n|c| zaydapoketrainer|lol\n|\n|t:|1664564881\n|move|p2a: Magneton|Protect|p2a: Magneton\n|-singleturn|p2a: Magneton|Protect\n|move|p1a: Tyranitar|Fire Blast|p2a: Magneton\n|-activate|p2a: Magneton|Protect\n|\n|-weather|Sandstorm|[upkeep]\n|-heal|p2a: Magneton|98\/100|[from] item: Leftovers\n|-heal|p1a: Tyranitar|35\/100|[from] item: Leftovers\n|-damage|p1a: Tyranitar|22\/100|[from] Leech Seed|[of] p2a: Magneton\n|-heal|p2a: Magneton|100\/100|[silent]\n|upkeep\n|turn|12\n|\n|t:|1664564884\n|switch|p2a: Swampert|Swampert, F|100\/100\n|move|p1a: Tyranitar|Fire Blast|p2a: Swampert\n|-resisted|p2a: Swampert\n|-damage|p2a: Swampert|85\/100\n|-status|p2a: Swampert|brn\n|\n|-weather|Sandstorm|[upkeep]\n|-heal|p1a: Tyranitar|29\/100|[from] item: Leftovers\n|-damage|p1a: Tyranitar|16\/100|[from] Leech Seed|[of] p2a: Swampert\n|-heal|p2a: Swampert|98\/100 brn|[silent]\n|-heal|p2a: Swampert|100\/100 brn|[from] item: Leftovers\n|-damage|p2a: Swampert|88\/100 brn|[from] brn\n|upkeep\n|turn|13\n|\n|t:|1664564887\n|move|p1a: Tyranitar|Hidden Power|p2a: Swampert\n|-supereffective|p2a: Swampert\n|-damage|p2a: Swampert|10\/100 brn\n|move|p2a: Swampert|Refresh|p2a: Swampert\n|-curestatus|p2a: Swampert|brn|[msg]\n|\n|-weather|Sandstorm|[upkeep]\n|-heal|p1a: Tyranitar|22\/100|[from] item: Leftovers\n|-damage|p1a: Tyranitar|10\/100|[from] Leech Seed|[of] p2a: Swampert\n|-heal|p2a: Swampert|23\/100|[silent]\n|-heal|p2a: Swampert|29\/100|[from] item: Leftovers\n|upkeep\n|turn|14\n|\n|t:|1664564890\n|move|p2a: Swampert|Protect|p2a: Swampert\n|-singleturn|p2a: Swampert|Protect\n|move|p1a: Tyranitar|Pursuit|p2a: Swampert\n|-activate|p2a: Swampert|Protect\n|\n|-weather|Sandstorm|[upkeep]\n|-heal|p1a: Tyranitar|16\/100|[from] item: Leftovers\n|-damage|p1a: Tyranitar|4\/100|[from] Leech Seed|[of] p2a: Swampert\n|-heal|p2a: Swampert|41\/100|[silent]\n|-heal|p2a: Swampert|48\/100|[from] item: Leftovers\n|upkeep\n|turn|15\n|\n|t:|1664564894\n|switch|p2a: Tyranitar|Tyranitar, F|89\/100 par\n|move|p1a: Tyranitar|Hidden Power|p2a: Tyranitar\n|-supereffective|p2a: Tyranitar\n|-crit|p2a: Tyranitar\n|-damage|p2a: Tyranitar|16\/100 par\n|\n|-weather|Sandstorm|[upkeep]\n|-heal|p1a: Tyranitar|10\/100|[from] item: Leftovers\n|-damage|p1a: Tyranitar|0 fnt|[from] Leech Seed|[of] p2a: Tyranitar\n|-heal|p2a: Tyranitar|25\/100 par|[silent]\n|faint|p1a: Tyranitar\n|-heal|p2a: Tyranitar|31\/100 par|[from] item: Leftovers\n|upkeep\n|\n|t:|1664564910\n|switch|p1a: Steelix|Steelix, M|100\/100\n|turn|16\n|\n|t:|1664564915\n|switch|p2a: Skarmory|Skarmory, M|100\/100\n|move|p1a: Steelix|Hidden Power|p2a: Skarmory\n|-damage|p2a: Skarmory|86\/100\n|\n|-weather|Sandstorm|[upkeep]\n|-heal|p2a: Skarmory|92\/100|[from] item: Leftovers\n|upkeep\n|turn|17\n|\n|t:|1664564919\n|switch|p2a: Aerodactyl|Aerodactyl, M|100\/100\n|switch|p1a: Magneton|Magneton|100\/100\n|\n|-weather|Sandstorm|[upkeep]\n|upkeep\n|turn|18\n|\n|t:|1664564927\n|switch|p1a: Snorlax|Snorlax, M|88\/100\n|move|p2a: Aerodactyl|Earthquake|p1a: Snorlax\n|-damage|p1a: Snorlax|45\/100\n|\n|-weather|Sandstorm|[upkeep]\n|-damage|p1a: Snorlax|39\/100|[from] Sandstorm\n|-heal|p1a: Snorlax|45\/100|[from] item: Leftovers\n|upkeep\n|turn|19\n|\n|t:|1664564933\n|move|p2a: Aerodactyl|Earthquake|p1a: Snorlax\n|-damage|p1a: Snorlax|6\/100\n|move|p1a: Snorlax|Body Slam|p2a: Aerodactyl\n|-resisted|p2a: Aerodactyl\n|-damage|p2a: Aerodactyl|65\/100\n|\n|-weather|Sandstorm|[upkeep]\n|-damage|p1a: Snorlax|0 fnt|[from] Sandstorm\n|faint|p1a: Snorlax\n|upkeep\n|\n|t:|1664564941\n|switch|p1a: Salamence|Salamence, M|100\/100\n|-ability|p1a: Salamence|Intimidate|boost\n|-unboost|p2a: Aerodactyl|atk|1\n|turn|20\n|\n|t:|1664564949\n|switch|p2a: Skarmory|Skarmory, M|92\/100\n|switch|p1a: Magneton|Magneton|100\/100\n|\n|-weather|Sandstorm|[upkeep]\n|-heal|p2a: Skarmory|98\/100|[from] item: Leftovers\n|upkeep\n|turn|21\n|\n|t:|1664564951\n|move|p2a: Skarmory|Protect|p2a: Skarmory\n|-singleturn|p2a: Skarmory|Protect\n|move|p1a: Magneton|Thunderbolt|p2a: Skarmory\n|-activate|p2a: Skarmory|Protect\n|\n|-weather|Sandstorm|[upkeep]\n|-heal|p2a: Skarmory|100\/100|[from] item: Leftovers\n|upkeep\n|turn|22\n|\n|t:|1664564953\n|move|p1a: Magneton|Thunderbolt|p2a: Skarmory\n|-supereffective|p2a: Skarmory\n|-damage|p2a: Skarmory|11\/100\n|move|p2a: Skarmory|Whirlwind|p1a: Magneton\n|drag|p1a: Salamence|Salamence, M|100\/100\n|-ability|p1a: Salamence|Intimidate|boost\n|-unboost|p2a: Skarmory|atk|1\n|\n|-weather|Sandstorm|[upkeep]\n|-damage|p1a: Salamence|94\/100|[from] Sandstorm\n|-heal|p1a: Salamence|100\/100|[from] item: Leftovers\n|-heal|p2a: Skarmory|17\/100|[from] item: Leftovers\n|upkeep\n|turn|23\n|c| zaydapoketrainer|this is adv just sac the ttar\n|\n|t:|1664564962\n|switch|p1a: Magneton|Magneton|100\/100\n|switch|p2a: Swampert|Swampert, F|48\/100\n|\n|-weather|Sandstorm|[upkeep]\n|-heal|p2a: Swampert|54\/100|[from] item: Leftovers\n|upkeep\n|turn|24\n|c| zaydapoketrainer|not gsc\n|c| zaydapoketrainer|there\n|\n|t:|1664564972\n|switch|p1a: Gyarados|Gyarados, M|100\/100\n|-ability|p1a: Gyarados|Intimidate|boost\n|-unboost|p2a: Swampert|atk|1\n|move|p2a: Swampert|Protect||[still]\n|-fail|p2a: Swampert\n|\n|-weather|Sandstorm|[upkeep]\n|-damage|p1a: Gyarados|94\/100|[from] Sandstorm\n|-heal|p1a: Gyarados|100\/100|[from] item: Leftovers\n|-heal|p2a: Swampert|60\/100|[from] item: Leftovers\n|upkeep\n|turn|25\n|c| zaydapoketrainer|wait\n|c| zaydapoketrainer|im 4 turns behind\n|c| zaydapoketrainer|ok\n|c|\u2606knexhawk2|lol\n|c|\u2606knexhawk2|im so boned\n|\n|t:|1664564986\n|switch|p2a: Aerodactyl|Aerodactyl, M|65\/100\n|move|p1a: Gyarados|Dragon Dance|p1a: Gyarados\n|-boost|p1a: Gyarados|atk|1\n|-boost|p1a: Gyarados|spe|1\n|\n|-weather|Sandstorm|[upkeep]\n|-damage|p1a: Gyarados|94\/100|[from] Sandstorm\n|-heal|p1a: Gyarados|100\/100|[from] item: Leftovers\n|upkeep\n|turn|26\n|j| tymczasowy0\n|c|\u2606knexhawk2|please dont be hp rock\n|c| zaydapoketrainer|if this was gsc u lost there\n|c| zaydapoketrainer|but its adv\n|c| zaydapoketrainer|so u win\n|c| zaydapoketrainer|WAIT\n|c| zaydapoketrainer|ADV TTAR\n|c| zaydapoketrainer|OH SHIT U LOST TTAR?\n|c| zaydapoketrainer|HOW\n|c|\u2606knexhawk2|...\n|inactive|knexhawk2 has 120 seconds left.\n|c| classiccyanname|bruh chill...\n|\n|t:|1664565023\n|switch|p2a: Skarmory|Skarmory, M|17\/100\n|switch|p1a: Steelix|Steelix, M|100\/100\n|\n|-weather|Sandstorm|[upkeep]\n|-heal|p2a: Skarmory|23\/100|[from] item: Leftovers\n|upkeep\n|turn|27\n|inactive|knexhawk2 has 120 seconds left.\n|c| zaydapoketrainer|Ttar in adv mad broke\n|\n|t:|1664565032\n|switch|p2a: Magneton|Magneton|100\/100\n|switch|p1a: Magneton|Magneton|100\/100\n|\n|-weather|Sandstorm|[upkeep]\n|upkeep\n|turn|28\n|c|\u2606knexhawk2|this is my wincon\n|inactive|knexhawk2 has 120 seconds left.\n|c|\u2606knexhawk2|win a speed tie and hope if you twave i dont get full paraed\n|c|\u2606knexhawk2|since ur ttar proceeded to skull fuck me\n|c| zaydapoketrainer|gyarados tho\n|\n|t:|1664565062\n|move|p1a: Magneton|Thunder Wave|p2a: Magneton\n|-status|p2a: Magneton|par\n|cant|p2a: Magneton|par\n|\n|-weather|Sandstorm|[upkeep]\n|upkeep\n|turn|29\n|c| zaydapoketrainer|LOL\n|c|\u2606knexhawk2|gg\n|\n|t:|1664565068\n|move|p1a: Magneton|Thunderbolt|p2a: Magneton\n|-resisted|p2a: Magneton\n|-damage|p2a: Magneton|55\/100 par\n|move|p2a: Magneton|Hidden Power|p1a: Magneton\n|-supereffective|p1a: Magneton\n|-damage|p1a: Magneton|15\/100\n|\n|-weather|Sandstorm|[upkeep]\n|-enditem|p1a: Magneton|Salac Berry|[eat]\n|-boost|p1a: Magneton|spe|1|[from] item: Salac Berry\n|-heal|p2a: Magneton|61\/100 par|[from] item: Leftovers\n|upkeep\n|turn|30\n|\n|t:|1664565075\n|move|p1a: Magneton|Thunderbolt|p2a: Magneton\n|-resisted|p2a: Magneton\n|-damage|p2a: Magneton|20\/100 par\n|move|p2a: Magneton|Hidden Power|p1a: Magneton\n|-supereffective|p1a: Magneton\n|-damage|p1a: Magneton|0 fnt\n|faint|p1a: Magneton\n|c| zaydapoketrainer|lol\n|c| zaydapoketrainer|its hidden power\n|c| zaydapoketrainer|AND\n|c| zaydapoketrainer|damn\n|\n|t:|1664565088\n|switch|p1a: Salamence|Salamence, M|100\/100\n|-ability|p1a: Salamence|Intimidate|boost\n|-unboost|p2a: Magneton|atk|1\n|\n|-weather|Sandstorm|[upkeep]\n|-damage|p1a: Salamence|94\/100|[from] Sandstorm\n|-heal|p1a: Salamence|100\/100|[from] item: Leftovers\n|-heal|p2a: Magneton|26\/100 par|[from] item: Leftovers\n|upkeep\n|turn|31\n|c| zaydapoketrainer|gyarados is unstoppable tho right\n|\n|t:|1664565093\n|move|p1a: Salamence|Dragon Dance|p1a: Salamence\n|-boost|p1a: Salamence|atk|1\n|-boost|p1a: Salamence|spe|1\n|move|p2a: Magneton|Toxic|p1a: Salamence\n|-status|p1a: Salamence|tox\n|\n|-weather|Sandstorm|[upkeep]\n|-damage|p1a: Salamence|94\/100 tox|[from] Sandstorm\n|-heal|p1a: Salamence|100\/100 tox|[from] item: Leftovers\n|-damage|p1a: Salamence|94\/100 tox|[from] psn\n|-heal|p2a: Magneton|32\/100 par|[from] item: Leftovers\n|upkeep\n|turn|32\n|j| Holy peperoni\n|c|\u2606knexhawk2|gyra is usually taunt dd eq hp flying\n|inactive|knexhawk2 has 120 seconds left.\n|c|\u2606knexhawk2|so aero eats a hit and beats it\n|c| zaydapoketrainer|where\n|c| zaydapoketrainer|the water move\n|c|\u2606knexhawk2|unless its hp rock and a lot more speed\n|c|\u2606knexhawk2|water is special....\n|c| zaydapoketrainer|oh\n|\n|t:|1664565130\n|move|p2a: Magneton|Protect|p2a: Magneton\n|-singleturn|p2a: Magneton|Protect\n|move|p1a: Salamence|Earthquake|p2a: Magneton\n|-activate|p2a: Magneton|Protect\n|\n|-weather|Sandstorm|[upkeep]\n|-damage|p1a: Salamence|88\/100 tox|[from] Sandstorm\n|-heal|p1a: Salamence|94\/100 tox|[from] item: Leftovers\n|-damage|p1a: Salamence|82\/100 tox|[from] psn\n|-heal|p2a: Magneton|38\/100 par|[from] item: Leftovers\n|upkeep\n|turn|33\n|c| zaydapoketrainer|o\n|c| zaydapoketrainer|k\n|\n|t:|1664565135\n|switch|p2a: Tyranitar|Tyranitar, F|31\/100 par\n|move|p1a: Salamence|Rock Slide|p2a: Tyranitar\n|-damage|p2a: Tyranitar|0 fnt\n|faint|p2a: Tyranitar\n|\n|t:|1664565138\n|switch|p2a: Swampert|Swampert, F|60\/100\n|\n|-weather|Sandstorm|[upkeep]\n|-damage|p1a: Salamence|76\/100 tox|[from] Sandstorm\n|-heal|p1a: Salamence|82\/100 tox|[from] item: Leftovers\n|-damage|p1a: Salamence|64\/100 tox|[from] psn\n|-heal|p2a: Swampert|66\/100|[from] item: Leftovers\n|upkeep\n|turn|34\n|c| zaydapoketrainer|predict rn pls\n|c| zaydapoketrainer|good\n|\n|t:|1664565148\n|switch|p1a: Gyarados|Gyarados, M|100\/100\n|-ability|p1a: Gyarados|Intimidate|boost\n|-unboost|p2a: Swampert|atk|1\n|move|p2a: Swampert|Surf|p1a: Gyarados\n|-resisted|p1a: Gyarados\n|-damage|p1a: Gyarados|89\/100\n|\n|-weather|Sandstorm|[upkeep]\n|-damage|p1a: Gyarados|83\/100|[from] Sandstorm\n|-heal|p1a: Gyarados|89\/100|[from] item: Leftovers\n|-heal|p2a: Swampert|73\/100|[from] item: Leftovers\n|upkeep\n|turn|35\n|\n|t:|1664565151\n|switch|p2a: Aerodactyl|Aerodactyl, M|65\/100\n|move|p1a: Gyarados|Dragon Dance|p1a: Gyarados\n|-boost|p1a: Gyarados|atk|1\n|-boost|p1a: Gyarados|spe|1\n|\n|-weather|Sandstorm|[upkeep]\n|-damage|p1a: Gyarados|83\/100|[from] Sandstorm\n|-heal|p1a: Gyarados|89\/100|[from] item: Leftovers\n|upkeep\n|turn|36\n|\n|t:|1664565157\n|switch|p1a: Steelix|Steelix, M|100\/100\n|move|p2a: Aerodactyl|Rock Slide|p1a: Steelix\n|-resisted|p1a: Steelix\n|-crit|p1a: Steelix\n|-damage|p1a: Steelix|87\/100\n|\n|-weather|Sandstorm|[upkeep]\n|-heal|p1a: Steelix|93\/100|[from] item: Leftovers\n|upkeep\n|turn|37\n|\n|t:|1664565164\n|switch|p2a: Skarmory|Skarmory, M|23\/100\n|move|p1a: Steelix|Hidden Power|p2a: Skarmory\n|-crit|p2a: Skarmory\n|-damage|p2a: Skarmory|0 fnt\n|faint|p2a: Skarmory\n|c|\u2606knexhawk2|BROOOO\n|\n|t:|1664565172\n|switch|p2a: Swampert|Swampert, F|73\/100\n|\n|-weather|Sandstorm|[upkeep]\n|-heal|p2a: Swampert|79\/100|[from] item: Leftovers\n|-heal|p1a: Steelix|99\/100|[from] item: Leftovers\n|upkeep\n|turn|38\n|\n|t:|1664565175\n|move|p2a: Swampert|Protect|p2a: Swampert\n|-singleturn|p2a: Swampert|Protect\n|move|p1a: Steelix|Protect||[still]\n|-fail|p1a: Steelix\n|\n|-weather|Sandstorm|[upkeep]\n|-heal|p2a: Swampert|85\/100|[from] item: Leftovers\n|-heal|p1a: Steelix|100\/100|[from] item: Leftovers\n|upkeep\n|turn|39\n|\n|t:|1664565178\n|switch|p2a: Magneton|Magneton|38\/100 par\n|move|p1a: Steelix|Explosion|p2a: Magneton\n|-resisted|p2a: Magneton\n|-damage|p2a: Magneton|0 fnt\n|faint|p1a: Steelix\n|faint|p2a: Magneton\n|\n|t:|1664565180\n|switch|p2a: Aerodactyl|Aerodactyl, M|65\/100\n|switch|p1a: Gyarados|Gyarados, M|89\/100\n|-ability|p1a: Gyarados|Intimidate|boost\n|-unboost|p2a: Aerodactyl|atk|1\n|\n|-weather|Sandstorm|[upkeep]\n|-damage|p1a: Gyarados|83\/100|[from] Sandstorm\n|-heal|p1a: Gyarados|89\/100|[from] item: Leftovers\n|upkeep\n|turn|40\n|\n|t:|1664565185\n|switch|p1a: Salamence|Salamence, M|64\/100 tox\n|-ability|p1a: Salamence|Intimidate|boost\n|-unboost|p2a: Aerodactyl|atk|1\n|move|p2a: Aerodactyl|Rock Slide|p1a: Salamence\n|-supereffective|p1a: Salamence\n|-damage|p1a: Salamence|4\/100 tox\n|\n|-weather|Sandstorm|[upkeep]\n|-damage|p1a: Salamence|0 fnt|[from] Sandstorm\n|faint|p1a: Salamence\n|upkeep\n|\n|t:|1664565187\n|switch|p1a: Gyarados|Gyarados, M|89\/100\n|-ability|p1a: Gyarados|Intimidate|boost\n|-unboost|p2a: Aerodactyl|atk|1\n|turn|41\n|\n|t:|1664565190\n|move|p2a: Aerodactyl|Rock Slide|p1a: Gyarados\n|-supereffective|p1a: Gyarados\n|-damage|p1a: Gyarados|43\/100\n|move|p1a: Gyarados|Dragon Dance|p1a: Gyarados\n|-boost|p1a: Gyarados|atk|1\n|-boost|p1a: Gyarados|spe|1\n|\n|-weather|Sandstorm|[upkeep]\n|-damage|p1a: Gyarados|36\/100|[from] Sandstorm\n|-heal|p1a: Gyarados|43\/100|[from] item: Leftovers\n|upkeep\n|turn|42\n|c| zaydapoketrainer|C R I T\n|c| zaydapoketrainer|C R I T\n|c| zaydapoketrainer|C R I T\n|c| zaydapoketrainer|wait\n|c|\u2606knexhawk2|do not\n|c|\u2606knexhawk2|be\n|c| zaydapoketrainer|oh\n|c|\u2606knexhawk2|hp rock\n|c|\u2606knexhawk2|please\n|c| zaydapoketrainer|ur the winner\n|c| zaydapoketrainer|rn\n|c| zaydapoketrainer|ok\n|inactive|Bandal Sarkar has 120 seconds left.\n|c|\u2606knexhawk2|i mean i can miss\n|c| zaydapoketrainer|DONT CRIT\n|c| zaydapoketrainer|DONT CRIT\n|c| zaydapoketrainer|DONT CRIT\n|\n|t:|1664565235\n|move|p2a: Aerodactyl|Rock Slide|p1a: Gyarados\n|-supereffective|p1a: Gyarados\n|-damage|p1a: Gyarados|0 fnt\n|faint|p1a: Gyarados\n|\n|win|knexhawk2\n|n|\u2606Bandal Sarkar|bandalsarkar\n|n|\u2606knexhawk2|knexhawk2\n|n| zaydapoketrainer|zaydapoketrainer\n|n| classiccyanname|classiccyanname\n|n| Sww-Suwa|swwsuwa\n|n| tymczasowy0|tymczasowy0\n|n| Holy peperoni|holypeperoni\n|c|\u2606Bandal Sarkar|gg\n|c|\u2606knexhawk2|lets go\n|l| Sww-Suwa\n|c| zaydapoketrainer|geegee\n|c|\u2606knexhawk2|gg\n|l| zaydapoketrainer\n|l| tymczasowy0\n|j| gotsnsd\n|j| TheNewBrends11\n|l| classiccyanname\n","uploadtime":1664565236,"views":4,"p1id":"bandalsarkar","p2id":"knexhawk2","formatid":"gen3ou","rating":0,"private":0,"password":null}