{"id":"gen3ou-1147333468","p1":"Trogba Trogba","p2":"KingKolo","format":"gen3ou","log":"|j|\u2606Trogba Trogba\n|j|\u2606KingKolo\n|player|p1|Trogba Trogba|lance|\n|player|p2|KingKolo|teamaquagruntm-gen3|\n|teamsize|p1|6\n|teamsize|p2|6\n|gametype|singles\n|gen|3\n|tier|[Gen 3] OU\n|rated|Tournament battle\n|rule|Sleep Clause Mod: Limit one foe put to sleep\n|rule|Switch Priority Clause Mod: Faster Pok\u00e9mon switch first\n|rule|Species Clause: Limit one of each Pok\u00e9mon\n|rule|OHKO Clause: OHKO moves are banned\n|rule|Moody Clause: Moody is banned\n|rule|Evasion Moves Clause: Evasion moves are banned\n|rule|Endless Battle Clause: Forcing endless battles is banned\n|rule|HP Percentage Mod: HP is shown in percentages\n|rule|3 Baton Pass Clause: Limit three Baton Passers\n|\n|start\n|switch|p1a: Skarmory|Skarmory, M|100\/100\n|switch|p2a: Heracross|Heracross, M|100\/100\n|turn|1\n|\n|switch|p2a: Dusclops|Dusclops, M|100\/100\n|move|p1a: Skarmory|Spikes|p2a: Dusclops\n|-sidestart|p2: KingKolo|Spikes\n|\n|upkeep\n|turn|2\n|\n|move|p1a: Skarmory|Toxic|p2a: Dusclops\n|-status|p2a: Dusclops|tox\n|move|p2a: Dusclops|Will-O-Wisp|p1a: Skarmory\n|-status|p1a: Skarmory|brn\n|\n|-damage|p1a: Skarmory|88\/100 brn|[from] brn\n|-damage|p2a: Dusclops|94\/100 tox|[from] psn\n|upkeep\n|turn|3\n|\n|move|p1a: Skarmory|Spikes|p2a: Dusclops\n|-sidestart|p2: KingKolo|Spikes\n|move|p2a: Dusclops|Seismic Toss|p1a: Skarmory\n|-damage|p1a: Skarmory|58\/100 brn\n|\n|-heal|p1a: Skarmory|64\/100 brn|[from] item: Leftovers\n|-heal|p2a: Dusclops|100\/100 tox|[from] item: Leftovers\n|-damage|p1a: Skarmory|52\/100 brn|[from] brn\n|-damage|p2a: Dusclops|88\/100 tox|[from] psn\n|upkeep\n|turn|4\n|\n|switch|p2a: Forretress|Forretress, M|100\/100\n|-damage|p2a: Forretress|84\/100|[from] Spikes\n|move|p1a: Skarmory|Protect||[still]\n|-fail|p1a: Skarmory\n|\n|-heal|p1a: Skarmory|58\/100 brn|[from] item: Leftovers\n|-heal|p2a: Forretress|90\/100|[from] item: Leftovers\n|-damage|p1a: Skarmory|46\/100 brn|[from] brn\n|upkeep\n|turn|5\n|\n|switch|p1a: Salamence|Salamence, F|100\/100\n|-ability|p1a: Salamence|Intimidate|boost\n|-unboost|p2a: Forretress|atk|1\n|move|p2a: Forretress|Rapid Spin|p1a: Salamence\n|-damage|p1a: Salamence|97\/100\n|-sideend|p2: KingKolo|Spikes|[from] move: Rapid Spin|[of] p2a: Forretress\n|\n|-heal|p1a: Salamence|100\/100|[from] item: Leftovers\n|-heal|p2a: Forretress|96\/100|[from] item: Leftovers\n|upkeep\n|turn|6\n|\n|move|p1a: Salamence|Fire Blast|p2a: Forretress\n|-supereffective|p2a: Forretress\n|-damage|p2a: Forretress|0 fnt\n|faint|p2a: Forretress\n|\n|switch|p2a: Milotic|Milotic, M|100\/100\n|\n|upkeep\n|turn|7\n|\n|switch|p1a: Milotic|Milotic, M|100\/100\n|move|p2a: Milotic|Ice Beam|p1a: Milotic\n|-resisted|p1a: Milotic\n|-damage|p1a: Milotic|89\/100\n|\n|-heal|p1a: Milotic|95\/100|[from] item: Leftovers\n|upkeep\n|turn|8\n|\n|move|p1a: Milotic|Hypnosis|p2a: Milotic|[miss]\n|-miss|p1a: Milotic|p2a: Milotic\n|move|p2a: Milotic|Surf|p1a: Milotic\n|-resisted|p1a: Milotic\n|-damage|p1a: Milotic|79\/100\n|\n|-heal|p1a: Milotic|85\/100|[from] item: Leftovers\n|upkeep\n|turn|9\n|\n|move|p2a: Milotic|Surf|p1a: Milotic\n|-resisted|p1a: Milotic\n|-crit|p1a: Milotic\n|-damage|p1a: Milotic|53\/100\n|move|p1a: Milotic|Hypnosis|p2a: Milotic\n|-status|p2a: Milotic|slp|[from] move: Hypnosis\n|\n|-heal|p1a: Milotic|59\/100|[from] item: Leftovers\n|upkeep\n|turn|10\n|\n|switch|p1a: Metagross|Metagross|100\/100\n|cant|p2a: Milotic|slp\n|move|p2a: Milotic|Sleep Talk|p2a: Milotic\n|move|p2a: Milotic|Surf|p1a: Metagross|[from]Sleep Talk\n|-damage|p1a: Metagross|58\/100\n|\n|upkeep\n|turn|11\n|\n|cant|p2a: Milotic|slp\n|move|p2a: Milotic|Sleep Talk|p2a: Milotic\n|move|p2a: Milotic|Surf|p1a: Metagross|[from]Sleep Talk\n|-damage|p1a: Metagross|11\/100\n|move|p1a: Metagross|Earthquake|p2a: Milotic\n|-damage|p2a: Milotic|56\/100 slp\n|\n|-heal|p2a: Milotic|62\/100 slp|[from] item: Leftovers\n|upkeep\n|turn|12\n|\n|switch|p1a: Milotic|Milotic, M|59\/100\n|cant|p2a: Milotic|slp\n|\n|-heal|p2a: Milotic|68\/100 slp|[from] item: Leftovers\n|-heal|p1a: Milotic|65\/100|[from] item: Leftovers\n|upkeep\n|turn|13\n|\n|cant|p2a: Milotic|slp\n|move|p1a: Milotic|Recover|p1a: Milotic\n|-heal|p1a: Milotic|100\/100\n|\n|-heal|p2a: Milotic|74\/100 slp|[from] item: Leftovers\n|upkeep\n|turn|14\n|inactive|Battle timer is ON: inactive players will automatically lose when time's up. (requested by KingKolo)\n|\n|switch|p1a: Starmie|Starmie|100\/100\n|-curestatus|p2a: Milotic|slp|[msg]\n|move|p2a: Milotic|Surf|p1a: Starmie\n|-resisted|p1a: Starmie\n|-damage|p1a: Starmie|68\/100\n|\n|-heal|p1a: Starmie|74\/100|[from] item: Leftovers\n|-heal|p2a: Milotic|80\/100|[from] item: Leftovers\n|upkeep\n|turn|15\n|\n|move|p1a: Starmie|Thunderbolt|p2a: Milotic\n|-supereffective|p2a: Milotic\n|-damage|p2a: Milotic|40\/100\n|move|p2a: Milotic|Rest|p2a: Milotic\n|-status|p2a: Milotic|slp|[from] move: Rest\n|-heal|p2a: Milotic|100\/100 slp|[silent]\n|\n|-heal|p1a: Starmie|81\/100|[from] item: Leftovers\n|upkeep\n|turn|16\n|\n|move|p1a: Starmie|Thunderbolt|p2a: Milotic\n|-supereffective|p2a: Milotic\n|-damage|p2a: Milotic|60\/100 slp\n|cant|p2a: Milotic|slp\n|move|p2a: Milotic|Sleep Talk|p2a: Milotic\n|move|p2a: Milotic|Surf|p1a: Starmie|[from]Sleep Talk\n|-resisted|p1a: Starmie\n|-damage|p1a: Starmie|47\/100\n|\n|-heal|p1a: Starmie|53\/100|[from] item: Leftovers\n|-heal|p2a: Milotic|66\/100 slp|[from] item: Leftovers\n|upkeep\n|turn|17\n|\n|move|p1a: Starmie|Thunderbolt|p2a: Milotic\n|-supereffective|p2a: Milotic\n|-damage|p2a: Milotic|24\/100 slp\n|cant|p2a: Milotic|slp\n|move|p2a: Milotic|Sleep Talk|p2a: Milotic\n|move|p2a: Milotic|Rest|p2a: Milotic|[from]Sleep Talk\n|-fail|p2a: Milotic\n|\n|-heal|p1a: Starmie|60\/100|[from] item: Leftovers\n|-heal|p2a: Milotic|30\/100 slp|[from] item: Leftovers\n|upkeep\n|turn|18\n|\n|switch|p2a: Marowak|Marowak, F|100\/100\n|move|p1a: Starmie|Thunderbolt|p2a: Marowak\n|-immune|p2a: Marowak\n|\n|-heal|p1a: Starmie|66\/100|[from] item: Leftovers\n|upkeep\n|turn|19\n|\n|switch|p2a: Milotic|Milotic, M|30\/100 slp\n|move|p1a: Starmie|Surf|p2a: Milotic\n|-resisted|p2a: Milotic\n|-damage|p2a: Milotic|15\/100 slp\n|\n|-heal|p1a: Starmie|72\/100|[from] item: Leftovers\n|-heal|p2a: Milotic|21\/100 slp|[from] item: Leftovers\n|upkeep\n|turn|20\n|\n|move|p1a: Starmie|Thunderbolt|p2a: Milotic\n|-supereffective|p2a: Milotic\n|-damage|p2a: Milotic|0 fnt\n|faint|p2a: Milotic\n|\n|switch|p2a: Dusclops|Dusclops, M|88\/100 tox\n|\n|-heal|p1a: Starmie|78\/100|[from] item: Leftovers\n|-heal|p2a: Dusclops|94\/100 tox|[from] item: Leftovers\n|-damage|p2a: Dusclops|88\/100 tox|[from] psn\n|upkeep\n|turn|21\n|inactive|Trogba Trogba has 120 seconds left.\n|\n|switch|p1a: Skarmory|Skarmory, M|46\/100 brn\n|move|p2a: Dusclops|Seismic Toss|p1a: Skarmory\n|-damage|p1a: Skarmory|16\/100 brn\n|\n|-heal|p1a: Skarmory|22\/100 brn|[from] item: Leftovers\n|-heal|p2a: Dusclops|94\/100 tox|[from] item: Leftovers\n|-damage|p1a: Skarmory|9\/100 brn|[from] brn\n|-damage|p2a: Dusclops|82\/100 tox|[from] psn\n|upkeep\n|turn|22\n|\n|switch|p2a: Heracross|Heracross, M|100\/100\n|move|p1a: Skarmory|Spikes|p2a: Heracross\n|-sidestart|p2: KingKolo|Spikes\n|\n|-heal|p1a: Skarmory|15\/100 brn|[from] item: Leftovers\n|-damage|p1a: Skarmory|3\/100 brn|[from] brn\n|upkeep\n|turn|23\n|\n|move|p2a: Heracross|Swords Dance|p2a: Heracross\n|-boost|p2a: Heracross|atk|2\n|move|p1a: Skarmory|Toxic|p2a: Heracross|[miss]\n|-miss|p1a: Skarmory|p2a: Heracross\n|\n|-heal|p1a: Skarmory|9\/100 brn|[from] item: Leftovers\n|-damage|p1a: Skarmory|0 fnt|[from] brn\n|faint|p1a: Skarmory\n|upkeep\n|\n|switch|p1a: Salamence|Salamence, F|100\/100\n|-ability|p1a: Salamence|Intimidate|boost\n|-unboost|p2a: Heracross|atk|1\n|turn|24\n|\n|move|p1a: Salamence|Hidden Power|p2a: Heracross\n|-supereffective|p2a: Heracross\n|-damage|p2a: Heracross|0 fnt\n|faint|p2a: Heracross\n|\n|switch|p2a: Salamence|Salamence, M|100\/100\n|-ability|p2a: Salamence|Intimidate|boost\n|-unboost|p1a: Salamence|atk|1\n|\n|upkeep\n|turn|25\n|\n|switch|p1a: Claydol|Claydol|100\/100\n|move|p2a: Salamence|Dragon Dance|p2a: Salamence\n|-boost|p2a: Salamence|atk|1\n|-boost|p2a: Salamence|spe|1\n|\n|upkeep\n|turn|26\n|\n|move|p2a: Salamence|Dragon Dance|p2a: Salamence\n|-boost|p2a: Salamence|atk|1\n|-boost|p2a: Salamence|spe|1\n|move|p1a: Claydol|Ice Beam|p2a: Salamence\n|-supereffective|p2a: Salamence\n|-damage|p2a: Salamence|20\/100\n|-status|p2a: Salamence|frz\n|-enditem|p2a: Salamence|Lum Berry|[eat]\n|-curestatus|p2a: Salamence|frz|[msg]\n|\n|upkeep\n|turn|27\n|\n|move|p2a: Salamence|Hidden Power|p1a: Claydol\n|-damage|p1a: Claydol|37\/100\n|move|p1a: Claydol|Ice Beam|p2a: Salamence\n|-supereffective|p2a: Salamence\n|-damage|p2a: Salamence|0 fnt\n|faint|p2a: Salamence\n|\n|switch|p2a: Marowak|Marowak, F|100\/100\n|-damage|p2a: Marowak|88\/100|[from] Spikes\n|\n|-heal|p1a: Claydol|43\/100|[from] item: Leftovers\n|upkeep\n|turn|28\n|\n|move|p2a: Marowak|Double-Edge|p1a: Claydol\n|-damage|p1a: Claydol|0 fnt\n|faint|p1a: Claydol\n|\n|switch|p1a: Starmie|Starmie|78\/100\n|\n|-heal|p1a: Starmie|84\/100|[from] item: Leftovers\n|upkeep\n|turn|29\n|\n|move|p1a: Starmie|Surf|p2a: Marowak\n|-supereffective|p2a: Marowak\n|-damage|p2a: Marowak|0 fnt\n|faint|p2a: Marowak\n|\n|switch|p2a: Dusclops|Dusclops, M|82\/100 tox\n|-damage|p2a: Dusclops|70\/100 tox|[from] Spikes\n|\n|-heal|p1a: Starmie|90\/100|[from] item: Leftovers\n|-heal|p2a: Dusclops|76\/100 tox|[from] item: Leftovers\n|-damage|p2a: Dusclops|70\/100 tox|[from] psn\n|upkeep\n|turn|30\n|\n|move|p1a: Starmie|Surf|p2a: Dusclops\n|-damage|p2a: Dusclops|33\/100 tox\n|move|p2a: Dusclops|Seismic Toss|p1a: Starmie\n|-damage|p1a: Starmie|52\/100\n|\n|-heal|p1a: Starmie|58\/100|[from] item: Leftovers\n|-heal|p2a: Dusclops|39\/100 tox|[from] item: Leftovers\n|-damage|p2a: Dusclops|27\/100 tox|[from] psn\n|upkeep\n|turn|31\n|\n|move|p1a: Starmie|Surf|p2a: Dusclops\n|-damage|p2a: Dusclops|0 fnt\n|faint|p2a: Dusclops\n|\n|win|Trogba Trogba\n|l|\u2606KingKolo\n|l|\u2606Trogba Trogba\n","uploadtime":1594208414,"views":2,"p1id":"trogbatrogba","p2id":"kingkolo","formatid":"gen3ou","rating":0,"private":0,"password":null}