{"id":"gen3ubers-1653502569","p1":"pinorska","p2":"Raph369","format":"gen3ubers","log":"|j|\u2606pinorska\n|j|\u2606Raph369\n|t:|1662039804\n|gametype|singles\n|player|p1|pinorska|jasmine-masters|\n|player|p2|Raph369|rocketgrunt|\n|teamsize|p1|6\n|teamsize|p2|6\n|gen|3\n|tier|[Gen 3] Ubers\n|rule|Sleep Clause Mod: Limit one foe put to sleep\n|rule|Switch Priority Clause Mod: Faster Pok\u00e9mon switch first\n|rule|Species Clause: Limit one of each Pok\u00e9mon\n|rule|OHKO Clause: OHKO moves are banned\n|rule|Evasion Items Clause: Evasion items are banned\n|rule|Evasion Moves Clause: Evasion moves are banned\n|rule|Endless Battle Clause: Forcing endless battles is banned\n|rule|HP Percentage Mod: HP is shown in percentages\n|rule|Deoxys Camouflage Clause: Reveals the Deoxys forme when it is sent in battle.\n|rule|One Baton Pass Clause: Limit one Baton Passer\n|\n|t:|1662039804\n|start\n|switch|p1a: Careless|Heracross, F|100\/100\n|switch|p2a: Mewtwo|Mewtwo|100\/100\n|turn|1\n|inactive|Battle timer is ON: inactive players will automatically lose when time's up. (requested by pinorska)\n|c|\u2606Raph369|hf\n|\n|t:|1662039814\n|move|p2a: Mewtwo|Self-Destruct|p1a: Careless\n|-crit|p1a: Careless\n|-damage|p1a: Careless|0 fnt\n|faint|p2a: Mewtwo\n|faint|p1a: Careless\n|c|\u2606pinorska|hf\n|\n|t:|1662039828\n|switch|p2a: Mew|Mew|100\/100\n|switch|p1a: Come On Over|Latios, M|100\/100\n|\n|upkeep\n|turn|2\n|\n|t:|1662039837\n|move|p1a: Come On Over|Dragon Claw|p2a: Mew\n|-damage|p2a: Mew|39\/100\n|move|p2a: Mew|Explosion|p1a: Come On Over\n|-damage|p1a: Come On Over|0 fnt\n|faint|p2a: Mew\n|faint|p1a: Come On Over\n|c|\u2606pinorska|nooooooo please dont have 6 boom pokemon ur so sexy\n|c|\u2606Raph369|..\n|c|\u2606Raph369|no worries\n|\n|t:|1662039856\n|switch|p1a: Blood Hands|Groudon|100\/100\n|switch|p2a: Snorlax|Snorlax, F|100\/100\n|-weather|SunnyDay|[from] ability: Drought|[of] p1a: Blood Hands\n|\n|-weather|SunnyDay|[upkeep]\n|upkeep\n|turn|3\n|\n|t:|1662039859\n|move|p1a: Blood Hands|Substitute|p1a: Blood Hands\n|-start|p1a: Blood Hands|Substitute\n|-damage|p1a: Blood Hands|75\/100\n|move|p2a: Snorlax|Self-Destruct|p1a: Blood Hands\n|-end|p1a: Blood Hands|Substitute\n|faint|p2a: Snorlax\n|\n|t:|1662039862\n|switch|p2a: Latios|Latios, M|100\/100\n|\n|-weather|SunnyDay|[upkeep]\n|upkeep\n|turn|4\n|\n|t:|1662039866\n|move|p2a: Latios|Ice Beam|p1a: Blood Hands\n|-supereffective|p1a: Blood Hands\n|-damage|p1a: Blood Hands|0 fnt\n|faint|p1a: Blood Hands\n|\n|t:|1662039871\n|switch|p1a: Little Monster|Wobbuffet, M|100\/100\n|\n|-weather|SunnyDay|[upkeep]\n|upkeep\n|turn|5\n|\n|t:|1662039879\n|move|p2a: Latios|Refresh||[still]\n|-fail|p2a: Latios\n|move|p1a: Little Monster|Encore|p2a: Latios\n|-start|p2a: Latios|Encore\n|\n|-weather|SunnyDay|[upkeep]\n|upkeep\n|turn|6\n|\n|t:|1662039882\n|switch|p1a: Figure It Out|Deoxys-Attack|100\/100\n|move|p2a: Latios|Refresh||[still]\n|-fail|p2a: Latios\n|\n|-weather|SunnyDay|[upkeep]\n|upkeep\n|turn|7\n|\n|t:|1662039887\n|switch|p2a: Cloyster|Cloyster, M|100\/100\n|move|p1a: Figure It Out|Shadow Ball|p2a: Cloyster\n|-damage|p2a: Cloyster|77\/100\n|\n|-weather|SunnyDay|[upkeep]\n|-heal|p2a: Cloyster|83\/100|[from] item: Leftovers\n|upkeep\n|turn|8\n|\n|t:|1662039898\n|move|p1a: Figure It Out|Superpower|p2a: Cloyster\n|-supereffective|p2a: Cloyster\n|-damage|p2a: Cloyster|23\/100\n|-unboost|p1a: Figure It Out|atk|1\n|-unboost|p1a: Figure It Out|def|1\n|move|p2a: Cloyster|Ice Beam|p1a: Figure It Out\n|-damage|p1a: Figure It Out|0 fnt\n|faint|p1a: Figure It Out\n|\n|t:|1662039906\n|switch|p1a: Out of the Black|Rayquaza, shiny|100\/100\n|\n|-weather|SunnyDay|[upkeep]\n|-heal|p2a: Cloyster|29\/100|[from] item: Leftovers\n|upkeep\n|turn|9\n|\n|t:|1662039936\n|move|p1a: Out of the Black|Double-Edge|p2a: Cloyster\n|-damage|p2a: Cloyster|0 fnt\n|-damage|p1a: Out of the Black|93\/100|[from] Recoil|[of] p2a: Cloyster\n|faint|p2a: Cloyster\n|\n|t:|1662039946\n|switch|p2a: Metagross|Metagross|100\/100\n|\n|-weather|SunnyDay|[upkeep]\n|upkeep\n|turn|10\n|\n|t:|1662039953\n|move|p1a: Out of the Black|Earthquake|p2a: Metagross\n|-supereffective|p2a: Metagross\n|-damage|p2a: Metagross|43\/100\n|move|p2a: Metagross|Meteor Mash|p1a: Out of the Black\n|-crit|p1a: Out of the Black\n|-damage|p1a: Out of the Black|0 fnt\n|faint|p1a: Out of the Black\n|\n|t:|1662039956\n|switch|p1a: Little Monster|Wobbuffet, M|100\/100\n|\n|-weather|SunnyDay|[upkeep]\n|upkeep\n|turn|11\n|\n|t:|1662039959\n|move|p2a: Metagross|Meteor Mash|p1a: Little Monster\n|-damage|p1a: Little Monster|35\/100\n|move|p1a: Little Monster|Counter|p2a: Metagross\n|-damage|p2a: Metagross|0 fnt\n|faint|p2a: Metagross\n|\n|t:|1662039964\n|switch|p2a: Latios|Latios, M|100\/100\n|\n|-weather|SunnyDay|[upkeep]\n|upkeep\n|turn|12\n|c|\u2606pinorska|gl in next\n|c|\u2606pinorska|:)\n|c|\u2606Raph369|hm\n|c|\u2606Raph369|is it over?\n|c|\u2606Raph369|not sure\n|inactive|Raph369 has 270 seconds left.\n|\n|t:|1662040018\n|move|p2a: Latios|Refresh||[still]\n|-fail|p2a: Latios\n|move|p1a: Little Monster|Destiny Bond|p1a: Little Monster\n|-singlemove|p1a: Little Monster|Destiny Bond\n|\n|-weather|SunnyDay|[upkeep]\n|upkeep\n|turn|13\n|inactive|Raph369 has 240 seconds left.\n|\n|t:|1662040047\n|move|p2a: Latios|Refresh||[still]\n|-fail|p2a: Latios\n|move|p1a: Little Monster|Encore|p2a: Latios\n|-start|p2a: Latios|Encore\n|\n|-weather|SunnyDay|[upkeep]\n|upkeep\n|turn|14\n|\n|t:|1662040053\n|move|p2a: Latios|Refresh||[still]\n|-fail|p2a: Latios\n|move|p1a: Little Monster|Safeguard|p1a: Little Monster\n|-sidestart|p1: pinorska|Safeguard\n|\n|-weather|SunnyDay|[upkeep]\n|upkeep\n|turn|15\n|\n|t:|1662040057\n|move|p2a: Latios|Refresh||[still]\n|-fail|p2a: Latios\n|move|p1a: Little Monster|Safeguard||[still]\n|-fail|p1a: Little Monster\n|\n|-weather|SunnyDay|[upkeep]\n|upkeep\n|turn|16\n|\n|t:|1662040060\n|move|p2a: Latios|Refresh||[still]\n|-fail|p2a: Latios\n|move|p1a: Little Monster|Safeguard||[still]\n|-fail|p1a: Little Monster\n|\n|-weather|SunnyDay|[upkeep]\n|-end|p2a: Latios|Encore\n|upkeep\n|turn|17\n|inactive|Raph369 has 270 seconds left.\n|\n|t:|1662040065\n|move|p2a: Latios|Ice Beam|p1a: Little Monster\n|-damage|p1a: Little Monster|0 fnt\n|faint|p1a: Little Monster\n|\n|win|Raph369\n|c|\u2606Raph369|ok\n|c|\u2606Raph369|gg\n|c|\u2606pinorska|ggs!\n|c|\u2606Raph369|ggs\n","uploadtime":1662040215,"views":33,"p1id":"pinorska","p2id":"raph369","formatid":"gen3ubers","rating":0,"private":0,"password":null}