{"id":"gen3ou-1505899429","p1":"H2B8","p2":"Sp0oNl0rD","format":"gen3ou","log":"|j|\u2606H2B8\n|j|\u2606Sp0oNl0rD\n|t:|1644217874\n|gametype|singles\n|player|p1|H2B8|101|1200\n|player|p2|Sp0oNl0rD|cyrus|1325\n|teamsize|p1|6\n|teamsize|p2|6\n|gen|3\n|tier|[Gen 3] OU\n|rated|\n|rule|Sleep Clause Mod: Limit one foe put to sleep\n|rule|Switch Priority Clause Mod: Faster Pok\u00e9mon switch first\n|rule|Species Clause: Limit one of each Pok\u00e9mon\n|rule|OHKO Clause: OHKO moves are banned\n|rule|Evasion Moves Clause: Evasion moves are banned\n|rule|Endless Battle Clause: Forcing endless battles is banned\n|rule|HP Percentage Mod: HP is shown in percentages\n|rule|One Boost Passer Clause: Limit one Baton Passer that has a way to boost its stats\n|\n|t:|1644217874\n|start\n|switch|p1a: Gengar|Gengar, F|100\/100\n|switch|p2a: Metagross|Metagross, shiny|100\/100\n|turn|1\n|inactive|Battle timer is ON: inactive players will automatically lose when time's up. (requested by Sp0oNl0rD)\n|\n|t:|1644217888\n|switch|p1a: Skarmory|Skarmory, M|100\/100\n|move|p2a: Metagross|Meteor Mash|p1a: Skarmory\n|-resisted|p1a: Skarmory\n|-damage|p1a: Skarmory|75\/100\n|\n|-heal|p1a: Skarmory|81\/100|[from] item: Leftovers\n|upkeep\n|turn|2\n|\n|t:|1644217894\n|switch|p2a: Lanturn|Lanturn, F, shiny|100\/100\n|move|p1a: Skarmory|Protect||[still]\n|-fail|p1a: Skarmory\n|\n|-heal|p1a: Skarmory|87\/100|[from] item: Leftovers\n|upkeep\n|turn|3\n|\n|t:|1644217899\n|move|p1a: Skarmory|Protect|p1a: Skarmory\n|-singleturn|p1a: Skarmory|Protect\n|move|p2a: Lanturn|Thunderbolt|p1a: Skarmory\n|-activate|p1a: Skarmory|Protect\n|\n|-heal|p1a: Skarmory|93\/100|[from] item: Leftovers\n|upkeep\n|turn|4\n|\n|t:|1644217904\n|switch|p1a: Breloom|Breloom, F|100\/100\n|move|p2a: Lanturn|Hidden Power|p1a: Breloom\n|-resisted|p1a: Breloom\n|-damage|p1a: Breloom|86\/100\n|\n|-heal|p1a: Breloom|92\/100|[from] item: Leftovers\n|upkeep\n|turn|5\n|\n|t:|1644217908\n|move|p1a: Breloom|Substitute|p1a: Breloom\n|-start|p1a: Breloom|Substitute\n|-damage|p1a: Breloom|68\/100\n|move|p2a: Lanturn|Thunderbolt|p1a: Breloom\n|-resisted|p1a: Breloom\n|-crit|p1a: Breloom\n|-end|p1a: Breloom|Substitute\n|\n|-heal|p1a: Breloom|74\/100|[from] item: Leftovers\n|upkeep\n|turn|6\n|\n|t:|1644217916\n|switch|p2a: Swampert|Swampert, M, shiny|100\/100\n|move|p1a: Breloom|Substitute|p1a: Breloom\n|-start|p1a: Breloom|Substitute\n|-damage|p1a: Breloom|49\/100\n|\n|-heal|p1a: Breloom|55\/100|[from] item: Leftovers\n|upkeep\n|turn|7\n|\n|t:|1644217921\n|move|p1a: Breloom|Leech Seed|p2a: Swampert\n|-start|p2a: Swampert|move: Leech Seed\n|move|p2a: Swampert|Ice Beam|p1a: Breloom\n|-supereffective|p1a: Breloom\n|-end|p1a: Breloom|Substitute\n|\n|-heal|p1a: Breloom|61\/100|[from] item: Leftovers\n|-damage|p2a: Swampert|88\/100|[from] Leech Seed|[of] p1a: Breloom\n|-heal|p1a: Breloom|77\/100|[silent]\n|upkeep\n|turn|8\n|\n|t:|1644217926\n|move|p1a: Breloom|Spore|p2a: Swampert\n|-status|p2a: Swampert|slp|[from] move: Spore\n|cant|p2a: Swampert|slp\n|\n|-heal|p1a: Breloom|83\/100|[from] item: Leftovers\n|-heal|p2a: Swampert|94\/100 slp|[from] item: Leftovers\n|-damage|p2a: Swampert|82\/100 slp|[from] Leech Seed|[of] p1a: Breloom\n|-heal|p1a: Breloom|99\/100|[silent]\n|upkeep\n|turn|9\n|\n|t:|1644217928\n|switch|p2a: Heracross|Heracross, F, shiny|100\/100\n|move|p1a: Breloom|Substitute|p1a: Breloom\n|-start|p1a: Breloom|Substitute\n|-damage|p1a: Breloom|74\/100\n|\n|-heal|p1a: Breloom|80\/100|[from] item: Leftovers\n|upkeep\n|turn|10\n|\n|t:|1644217933\n|move|p2a: Heracross|Megahorn|p1a: Breloom\n|-end|p1a: Breloom|Substitute\n|move|p1a: Breloom|Leech Seed|p2a: Heracross\n|-start|p2a: Heracross|move: Leech Seed\n|\n|-damage|p2a: Heracross|88\/100|[from] Leech Seed|[of] p1a: Breloom\n|-heal|p1a: Breloom|92\/100|[silent]\n|-heal|p1a: Breloom|98\/100|[from] item: Leftovers\n|upkeep\n|turn|11\n|\n|t:|1644217940\n|switch|p2a: Lanturn|Lanturn, F, shiny|100\/100\n|switch|p1a: Skarmory|Skarmory, M|93\/100\n|\n|-heal|p1a: Skarmory|99\/100|[from] item: Leftovers\n|upkeep\n|turn|12\n|\n|t:|1644217944\n|move|p1a: Skarmory|Protect|p1a: Skarmory\n|-singleturn|p1a: Skarmory|Protect\n|move|p2a: Lanturn|Thunderbolt|p1a: Skarmory\n|-activate|p1a: Skarmory|Protect\n|\n|-heal|p1a: Skarmory|100\/100|[from] item: Leftovers\n|upkeep\n|turn|13\n|\n|t:|1644217950\n|switch|p1a: Blissey|Blissey, F|100\/100\n|move|p2a: Lanturn|Thunderbolt|p1a: Blissey\n|-damage|p1a: Blissey|87\/100\n|\n|-heal|p1a: Blissey|94\/100|[from] item: Leftovers\n|upkeep\n|turn|14\n|\n|t:|1644217957\n|switch|p2a: Blissey|Blissey, F|100\/100\n|move|p1a: Blissey|Fire Blast|p2a: Blissey\n|-damage|p2a: Blissey|92\/100\n|\n|-heal|p1a: Blissey|99\/100|[from] item: Leftovers\n|-heal|p2a: Blissey|99\/100|[from] item: Leftovers\n|upkeep\n|turn|15\n|\n|t:|1644217962\n|switch|p2a: Metagross|Metagross, shiny|100\/100\n|move|p1a: Blissey|Thunder Wave|p2a: Metagross\n|-status|p2a: Metagross|par\n|\n|-heal|p1a: Blissey|100\/100|[from] item: Leftovers\n|upkeep\n|turn|16\n|\n|t:|1644217965\n|move|p1a: Blissey|Fire Blast|p2a: Metagross\n|-supereffective|p2a: Metagross\n|-damage|p2a: Metagross|49\/100 par\n|move|p2a: Metagross|Meteor Mash|p1a: Blissey\n|-damage|p1a: Blissey|25\/100\n|\n|-heal|p1a: Blissey|31\/100|[from] item: Leftovers\n|upkeep\n|turn|17\n|\n|t:|1644217971\n|switch|p1a: Skarmory|Skarmory, M|100\/100\n|switch|p2a: Blissey|Blissey, F|99\/100\n|\n|-heal|p2a: Blissey|100\/100|[from] item: Leftovers\n|upkeep\n|turn|18\n|\n|t:|1644217976\n|switch|p2a: Heracross|Heracross, F, shiny|88\/100\n|move|p1a: Skarmory|Spikes|p2a: Heracross\n|-sidestart|p2: Sp0oNl0rD|Spikes\n|\n|upkeep\n|turn|19\n|\n|t:|1644217981\n|move|p1a: Skarmory|Protect|p1a: Skarmory\n|-singleturn|p1a: Skarmory|Protect\n|move|p2a: Heracross|Brick Break|p1a: Skarmory\n|-activate|p1a: Skarmory|Protect\n|\n|upkeep\n|turn|20\n|\n|t:|1644217985\n|switch|p2a: Lanturn|Lanturn, F, shiny|100\/100\n|-damage|p2a: Lanturn|88\/100|[from] Spikes\n|move|p1a: Skarmory|Whirlwind|p2a: Lanturn\n|drag|p2a: Swampert|Swampert, M, shiny|82\/100 slp\n|-damage|p2a: Swampert|69\/100 slp|[from] Spikes\n|\n|-heal|p2a: Swampert|76\/100 slp|[from] item: Leftovers\n|upkeep\n|turn|21\n|\n|t:|1644217992\n|move|p1a: Skarmory|Spikes|p2a: Swampert\n|-sidestart|p2: Sp0oNl0rD|Spikes\n|cant|p2a: Swampert|slp\n|\n|-heal|p2a: Swampert|82\/100 slp|[from] item: Leftovers\n|upkeep\n|turn|22\n|\n|t:|1644217996\n|move|p1a: Skarmory|Spikes|p2a: Swampert\n|-sidestart|p2: Sp0oNl0rD|Spikes\n|cant|p2a: Swampert|slp\n|\n|-heal|p2a: Swampert|88\/100 slp|[from] item: Leftovers\n|upkeep\n|turn|23\n|\n|t:|1644218000\n|cant|p2a: Swampert|slp\n|move|p1a: Skarmory|Whirlwind|p2a: Swampert\n|drag|p2a: Blissey|Blissey, F|100\/100\n|-damage|p2a: Blissey|76\/100|[from] Spikes\n|\n|-heal|p2a: Blissey|82\/100|[from] item: Leftovers\n|upkeep\n|turn|24\n|\n|t:|1644218005\n|move|p2a: Blissey|Thunder Wave|p1a: Skarmory\n|-status|p1a: Skarmory|par\n|move|p1a: Skarmory|Whirlwind|p2a: Blissey\n|drag|p2a: Metagross|Metagross, shiny|49\/100 par\n|-damage|p2a: Metagross|24\/100 par|[from] Spikes\n|\n|upkeep\n|turn|25\n|\n|t:|1644218011\n|move|p2a: Metagross|Explosion|p1a: Skarmory\n|-resisted|p1a: Skarmory\n|-damage|p1a: Skarmory|14\/100 par\n|faint|p2a: Metagross\n|\n|t:|1644218014\n|switch|p2a: Heracross|Heracross, F, shiny|88\/100\n|-damage|p2a: Heracross|63\/100|[from] Spikes\n|\n|-heal|p1a: Skarmory|20\/100 par|[from] item: Leftovers\n|upkeep\n|turn|26\n|\n|t:|1644218018\n|cant|p1a: Skarmory|par\n|move|p2a: Heracross|Rock Slide|p1a: Skarmory\n|-damage|p1a: Skarmory|0 fnt\n|faint|p1a: Skarmory\n|\n|t:|1644218021\n|switch|p1a: Charizard|Charizard, M|100\/100\n|\n|upkeep\n|turn|27\n|\n|t:|1644218025\n|move|p1a: Charizard|Substitute|p1a: Charizard\n|-start|p1a: Charizard|Substitute\n|-damage|p1a: Charizard|75\/100\n|move|p2a: Heracross|Rock Slide|p1a: Charizard\n|-supereffective|p1a: Charizard\n|-end|p1a: Charizard|Substitute\n|\n|upkeep\n|turn|28\n|\n|t:|1644218029\n|switch|p2a: Swampert|Swampert, M, shiny|88\/100 slp\n|-damage|p2a: Swampert|63\/100 slp|[from] Spikes\n|move|p1a: Charizard|Hidden Power|p2a: Swampert\n|-damage|p2a: Swampert|44\/100 slp\n|\n|-heal|p2a: Swampert|51\/100 slp|[from] item: Leftovers\n|upkeep\n|turn|29\n|\n|t:|1644218032\n|move|p1a: Charizard|Belly Drum|p1a: Charizard\n|-damage|p1a: Charizard|25\/100\n|-setboost|p1a: Charizard|atk|6|[from] move: Belly Drum\n|-curestatus|p2a: Swampert|slp|[msg]\n|move|p2a: Swampert|Ice Beam|p1a: Charizard\n|-damage|p1a: Charizard|1\/100\n|-status|p1a: Charizard|frz\n|\n|-enditem|p1a: Charizard|Salac Berry|[eat]\n|-boost|p1a: Charizard|spe|1|[from] item: Salac Berry\n|-heal|p2a: Swampert|57\/100|[from] item: Leftovers\n|upkeep\n|turn|30\n|\n|t:|1644218034\n|cant|p1a: Charizard|frz\n|move|p2a: Swampert|Ice Beam|p1a: Charizard\n|-crit|p1a: Charizard\n|-damage|p1a: Charizard|0 fnt\n|faint|p1a: Charizard\n|\n|t:|1644218038\n|switch|p1a: Gengar|Gengar, F|100\/100\n|\n|-heal|p2a: Swampert|63\/100|[from] item: Leftovers\n|upkeep\n|turn|31\n|\n|t:|1644218040\n|move|p2a: Swampert|Protect|p2a: Swampert\n|-singleturn|p2a: Swampert|Protect\n|move|p1a: Gengar|Giga Drain|p2a: Swampert\n|-activate|p2a: Swampert|Protect\n|\n|-heal|p2a: Swampert|69\/100|[from] item: Leftovers\n|upkeep\n|turn|32\n|\n|t:|1644218043\n|switch|p2a: Blissey|Blissey, F|82\/100\n|-damage|p2a: Blissey|57\/100|[from] Spikes\n|move|p1a: Gengar|Taunt|p2a: Blissey\n|-start|p2a: Blissey|move: Taunt\n|\n|-heal|p2a: Blissey|63\/100|[from] item: Leftovers\n|upkeep\n|turn|33\n|\n|t:|1644218045\n|switch|p1a: Tyranitar|Tyranitar, F|100\/100\n|-weather|Sandstorm|[from] ability: Sand Stream|[of] p1a: Tyranitar\n|move|p2a: Blissey|Ice Beam|p1a: Tyranitar\n|-damage|p1a: Tyranitar|79\/100\n|\n|-weather|Sandstorm|[upkeep]\n|-damage|p2a: Blissey|57\/100|[from] Sandstorm\n|-heal|p2a: Blissey|63\/100|[from] item: Leftovers\n|-end|p2a: Blissey|move: Taunt|[silent]\n|upkeep\n|turn|34\n|\n|t:|1644218048\n|move|p1a: Tyranitar|Dragon Dance|p1a: Tyranitar\n|-boost|p1a: Tyranitar|atk|1\n|-boost|p1a: Tyranitar|spe|1\n|move|p2a: Blissey|Thunder Wave|p1a: Tyranitar\n|-status|p1a: Tyranitar|par\n|-enditem|p1a: Tyranitar|Lum Berry|[eat]\n|-curestatus|p1a: Tyranitar|par|[msg]\n|\n|-weather|Sandstorm|[upkeep]\n|-damage|p2a: Blissey|57\/100|[from] Sandstorm\n|-heal|p2a: Blissey|63\/100|[from] item: Leftovers\n|upkeep\n|turn|35\n|\n|t:|1644218054\n|move|p1a: Tyranitar|Rock Slide|p2a: Blissey\n|-damage|p2a: Blissey|5\/100\n|move|p2a: Blissey|Thunder Wave|p1a: Tyranitar\n|-status|p1a: Tyranitar|par\n|\n|-weather|Sandstorm|[upkeep]\n|-damage|p2a: Blissey|0 fnt|[from] Sandstorm\n|faint|p2a: Blissey\n|upkeep\n|\n|t:|1644218057\n|switch|p2a: Heracross|Heracross, F, shiny|63\/100\n|-damage|p2a: Heracross|39\/100|[from] Spikes\n|turn|36\n|\n|t:|1644218062\n|switch|p1a: Gengar|Gengar, F|100\/100\n|move|p2a: Heracross|Megahorn|p1a: Gengar\n|-resisted|p1a: Gengar\n|-damage|p1a: Gengar|54\/100\n|\n|-weather|Sandstorm|[upkeep]\n|-damage|p1a: Gengar|48\/100|[from] Sandstorm\n|-damage|p2a: Heracross|33\/100|[from] Sandstorm\n|-heal|p1a: Gengar|54\/100|[from] item: Leftovers\n|upkeep\n|turn|37\n|\n|t:|1644218068\n|switch|p2a: Skarmory|Skarmory, M, shiny|100\/100\n|move|p1a: Gengar|Ice Punch|p2a: Skarmory\n|-damage|p2a: Skarmory|76\/100\n|\n|-weather|Sandstorm|[upkeep]\n|-damage|p1a: Gengar|48\/100|[from] Sandstorm\n|-heal|p1a: Gengar|54\/100|[from] item: Leftovers\n|-heal|p2a: Skarmory|82\/100|[from] item: Leftovers\n|upkeep\n|turn|38\n|\n|t:|1644218074\n|move|p1a: Gengar|Thunderbolt|p2a: Skarmory\n|-supereffective|p2a: Skarmory\n|-damage|p2a: Skarmory|24\/100\n|move|p2a: Skarmory|Spikes|p1a: Gengar\n|-sidestart|p1: H2B8|Spikes\n|\n|-weather|Sandstorm|[upkeep]\n|-damage|p1a: Gengar|48\/100|[from] Sandstorm\n|-heal|p1a: Gengar|54\/100|[from] item: Leftovers\n|-heal|p2a: Skarmory|30\/100|[from] item: Leftovers\n|upkeep\n|turn|39\n|\n|t:|1644218080\n|move|p2a: Skarmory|Protect|p2a: Skarmory\n|-singleturn|p2a: Skarmory|Protect\n|move|p1a: Gengar|Thunderbolt|p2a: Skarmory\n|-activate|p2a: Skarmory|Protect\n|\n|-weather|Sandstorm|[upkeep]\n|-damage|p1a: Gengar|48\/100|[from] Sandstorm\n|-heal|p1a: Gengar|54\/100|[from] item: Leftovers\n|-heal|p2a: Skarmory|36\/100|[from] item: Leftovers\n|upkeep\n|turn|40\n|\n|t:|1644218082\n|switch|p2a: Lanturn|Lanturn, F, shiny|88\/100\n|-damage|p2a: Lanturn|63\/100|[from] Spikes\n|move|p1a: Gengar|Ice Punch|p2a: Lanturn\n|-resisted|p2a: Lanturn\n|-damage|p2a: Lanturn|52\/100\n|\n|-weather|Sandstorm|[upkeep]\n|-damage|p1a: Gengar|48\/100|[from] Sandstorm\n|-damage|p2a: Lanturn|46\/100|[from] Sandstorm\n|-heal|p1a: Gengar|54\/100|[from] item: Leftovers\n|-heal|p2a: Lanturn|52\/100|[from] item: Leftovers\n|upkeep\n|turn|41\n|\n|t:|1644218084\n|move|p1a: Gengar|Giga Drain|p2a: Lanturn\n|-supereffective|p2a: Lanturn\n|-crit|p2a: Lanturn\n|-damage|p2a: Lanturn|0 fnt\n|-heal|p1a: Gengar|94\/100|[from] drain|[of] p2a: Lanturn\n|faint|p2a: Lanturn\n|\n|t:|1644218087\n|switch|p2a: Swampert|Swampert, M, shiny|69\/100\n|-damage|p2a: Swampert|44\/100|[from] Spikes\n|\n|-weather|Sandstorm|[upkeep]\n|-damage|p1a: Gengar|87\/100|[from] Sandstorm\n|-heal|p1a: Gengar|94\/100|[from] item: Leftovers\n|-heal|p2a: Swampert|51\/100|[from] item: Leftovers\n|upkeep\n|turn|42\n|\n|t:|1644218092\n|move|p2a: Swampert|Protect|p2a: Swampert\n|-singleturn|p2a: Swampert|Protect\n|move|p1a: Gengar|Giga Drain|p2a: Swampert\n|-activate|p2a: Swampert|Protect\n|\n|-weather|Sandstorm|[upkeep]\n|-damage|p1a: Gengar|87\/100|[from] Sandstorm\n|-heal|p1a: Gengar|94\/100|[from] item: Leftovers\n|-heal|p2a: Swampert|57\/100|[from] item: Leftovers\n|upkeep\n|turn|43\n|\n|t:|1644218097\n|move|p1a: Gengar|Giga Drain|p2a: Swampert\n|-supereffective|p2a: Swampert\n|-damage|p2a: Swampert|0 fnt\n|-heal|p1a: Gengar|100\/100|[from] drain|[of] p2a: Swampert\n|faint|p2a: Swampert\n|\n|t:|1644218098\n|switch|p2a: Heracross|Heracross, F, shiny|33\/100\n|-damage|p2a: Heracross|8\/100|[from] Spikes\n|\n|-weather|Sandstorm|[upkeep]\n|-damage|p1a: Gengar|94\/100|[from] Sandstorm\n|-damage|p2a: Heracross|2\/100|[from] Sandstorm\n|-heal|p1a: Gengar|100\/100|[from] item: Leftovers\n|upkeep\n|turn|44\n|\n|t:|1644218100\n|move|p1a: Gengar|Thunderbolt|p2a: Heracross\n|-damage|p2a: Heracross|0 fnt\n|faint|p2a: Heracross\n|-message|Sp0oNl0rD forfeited.\n|\n|win|H2B8\n|raw|H2B8's rating: 1200 &rarr; <strong>1234<\/strong><br \/>(+34 for winning)\n|raw|Sp0oNl0rD's rating: 1325 &rarr; <strong>1298<\/strong><br \/>(-27 for losing)\n|l|\u2606Sp0oNl0rD\n|l|\u2606H2B8\n|j|\u2606H2B8\n|player|p1|H2B8|101\n","uploadtime":1644220222,"views":12,"p1id":"h2b8","p2id":"sp0onl0rd","formatid":"gen3ou","rating":1234,"private":0,"password":null}