{"id":"gen3randombattle-1483900496","p1":"parkerr","p2":"The Last Hero","format":"gen3randombattle","log":"|j|\u2606parkerr\n|j|\u2606The Last Hero\n|t:|1641114104\n|gametype|singles\n|player|p1|parkerr|dawn|\n|player|p2|The Last Hero|acetrainersnow|\n|teamsize|p1|6\n|teamsize|p2|6\n|gen|3\n|tier|[Gen 3] Random Battle\n|rated|Tournament battle\n|rule|Sleep Clause Mod: Limit one foe put to sleep\n|rule|Switch Priority Clause Mod: Faster Pok\u00e9mon switch first\n|rule|Species Clause: Limit one of each Pok\u00e9mon\n|rule|OHKO Clause: OHKO moves are banned\n|rule|Evasion Moves Clause: Evasion moves are banned\n|rule|Endless Battle Clause: Forcing endless battles is banned\n|rule|HP Percentage Mod: HP is shown in percentages\n|\n|t:|1641114104\n|start\n|switch|p1a: Aerodactyl|Aerodactyl, L80, M|256\/256\n|switch|p2a: Bellossom|Bellossom, L88, F|275\/275\n|-ability|p1a: Aerodactyl|Pressure|[silent]\n|turn|1\n|j| BB-8-NU\n|\n|t:|1641114115\n|switch|p2a: Slowbro|Slowbro, L82, F|290\/290\n|move|p1a: Aerodactyl|Substitute|p1a: Aerodactyl\n|-start|p1a: Aerodactyl|Substitute\n|-damage|p1a: Aerodactyl|192\/256\n|\n|upkeep\n|turn|2\n|\n|t:|1641114123\n|move|p1a: Aerodactyl|Rock Slide|p2a: Slowbro|[miss]\n|-miss|p1a: Aerodactyl|p2a: Slowbro\n|move|p2a: Slowbro|Surf|p1a: Aerodactyl\n|-supereffective|p1a: Aerodactyl\n|-end|p1a: Aerodactyl|Substitute\n|\n|upkeep\n|turn|3\n|\n|t:|1641114132\n|switch|p1a: Kecleon|Kecleon, L88, F|249\/249\n|move|p2a: Slowbro|Surf|p1a: Kecleon\n|-damage|p1a: Kecleon|180\/249\n|-start|p1a: Kecleon|typechange|Water|[from] ability: Color Change\n|\n|-heal|p1a: Kecleon|195\/249|[from] item: Leftovers\n|upkeep\n|turn|4\n|\n|t:|1641114141\n|switch|p2a: Qwilfish|Qwilfish, L84, M|246\/246\n|move|p1a: Kecleon|Shadow Ball|p2a: Qwilfish\n|-crit|p2a: Qwilfish\n|-damage|p2a: Qwilfish|119\/246\n|-unboost|p2a: Qwilfish|spd|1\n|\n|-heal|p2a: Qwilfish|134\/246|[from] item: Leftovers\n|-heal|p1a: Kecleon|210\/249|[from] item: Leftovers\n|upkeep\n|turn|5\n|\n|t:|1641114153\n|move|p2a: Qwilfish|Spikes|p1a: Kecleon\n|-sidestart|p1: parkerr|Spikes\n|move|p1a: Kecleon|Thunder Wave|p2a: Qwilfish\n|-status|p2a: Qwilfish|par\n|\n|-heal|p1a: Kecleon|225\/249|[from] item: Leftovers\n|-heal|p2a: Qwilfish|149\/246 par|[from] item: Leftovers\n|upkeep\n|turn|6\n|\n|t:|1641114161\n|switch|p1a: Golem|Golem, L84, M|272\/272\n|-damage|p1a: Golem|238\/272|[from] Spikes\n|move|p2a: Qwilfish|Spikes|p1a: Golem\n|-sidestart|p1: parkerr|Spikes\n|\n|-heal|p1a: Golem|255\/272|[from] item: Leftovers\n|-heal|p2a: Qwilfish|164\/246 par|[from] item: Leftovers\n|upkeep\n|turn|7\n|\n|t:|1641114167\n|switch|p2a: Bellossom|Bellossom, L88, F|275\/275\n|move|p1a: Golem|Earthquake|p2a: Bellossom\n|-resisted|p2a: Bellossom\n|-damage|p2a: Bellossom|214\/275\n|\n|-heal|p2a: Bellossom|231\/275|[from] item: Leftovers\n|-heal|p1a: Golem|272\/272|[from] item: Leftovers\n|upkeep\n|turn|8\n|\n|t:|1641114171\n|move|p2a: Bellossom|Hidden Power|p1a: Golem\n|-supereffective|p1a: Golem\n|-crit|p1a: Golem\n|-damage|p1a: Golem|0 fnt\n|faint|p1a: Golem\n|\n|t:|1641114177\n|switch|p1a: Venusaur|Venusaur, L82, M|265\/265\n|-damage|p1a: Venusaur|221\/265|[from] Spikes\n|\n|-heal|p1a: Venusaur|237\/265|[from] item: Leftovers\n|-heal|p2a: Bellossom|248\/275|[from] item: Leftovers\n|upkeep\n|turn|9\n|\n|t:|1641114183\n|switch|p2a: Butterfree|Butterfree, L88, F|249\/249\n|move|p1a: Venusaur|Swords Dance|p1a: Venusaur\n|-boost|p1a: Venusaur|atk|2\n|\n|-heal|p1a: Venusaur|253\/265|[from] item: Leftovers\n|upkeep\n|turn|10\n|\n|t:|1641114188\n|move|p1a: Venusaur|Sludge Bomb|p2a: Butterfree\n|-damage|p2a: Butterfree|11\/249\n|move|p2a: Butterfree|Psychic|p1a: Venusaur\n|-supereffective|p1a: Venusaur\n|-damage|p1a: Venusaur|147\/265\n|\n|-heal|p1a: Venusaur|163\/265|[from] item: Leftovers\n|-heal|p2a: Butterfree|26\/249|[from] item: Leftovers\n|upkeep\n|turn|11\n|\n|t:|1641114196\n|move|p1a: Venusaur|Sludge Bomb|p2a: Butterfree\n|-damage|p2a: Butterfree|0 fnt\n|faint|p2a: Butterfree\n|\n|t:|1641114198\n|switch|p2a: Snorlax|Snorlax, L80, F|387\/387\n|\n|-heal|p1a: Venusaur|179\/265|[from] item: Leftovers\n|upkeep\n|turn|12\n|\n|t:|1641114202\n|move|p1a: Venusaur|Swords Dance|p1a: Venusaur\n|-boost|p1a: Venusaur|atk|2\n|move|p2a: Snorlax|Return|p1a: Venusaur\n|-damage|p1a: Venusaur|70\/265\n|\n|-heal|p1a: Venusaur|86\/265|[from] item: Leftovers\n|upkeep\n|turn|13\n|\n|t:|1641114205\n|move|p1a: Venusaur|Synthesis|p1a: Venusaur\n|-heal|p1a: Venusaur|218\/265\n|move|p2a: Snorlax|Return|p1a: Venusaur\n|-damage|p1a: Venusaur|95\/265\n|\n|-heal|p1a: Venusaur|111\/265|[from] item: Leftovers\n|upkeep\n|turn|14\n|\n|t:|1641114209\n|move|p1a: Venusaur|Synthesis|p1a: Venusaur\n|-heal|p1a: Venusaur|243\/265\n|move|p2a: Snorlax|Return|p1a: Venusaur\n|-damage|p1a: Venusaur|123\/265\n|\n|-heal|p1a: Venusaur|139\/265|[from] item: Leftovers\n|upkeep\n|turn|15\n|\n|t:|1641114211\n|move|p1a: Venusaur|Synthesis|p1a: Venusaur\n|-heal|p1a: Venusaur|265\/265\n|move|p2a: Snorlax|Return|p1a: Venusaur\n|-damage|p1a: Venusaur|138\/265\n|\n|-heal|p1a: Venusaur|154\/265|[from] item: Leftovers\n|upkeep\n|turn|16\n|\n|t:|1641114215\n|move|p1a: Venusaur|Sludge Bomb|p2a: Snorlax\n|-damage|p2a: Snorlax|69\/387\n|move|p2a: Snorlax|Return|p1a: Venusaur\n|-damage|p1a: Venusaur|33\/265\n|\n|-heal|p1a: Venusaur|49\/265|[from] item: Leftovers\n|-heal|p2a: Snorlax|93\/387|[from] item: Leftovers\n|upkeep\n|turn|17\n|\n|t:|1641114219\n|move|p1a: Venusaur|Synthesis|p1a: Venusaur\n|-heal|p1a: Venusaur|181\/265\n|move|p2a: Snorlax|Return|p1a: Venusaur\n|-damage|p1a: Venusaur|60\/265\n|\n|-heal|p1a: Venusaur|76\/265|[from] item: Leftovers\n|-heal|p2a: Snorlax|117\/387|[from] item: Leftovers\n|upkeep\n|turn|18\n|\n|t:|1641114222\n|move|p1a: Venusaur|Synthesis|p1a: Venusaur\n|-heal|p1a: Venusaur|208\/265\n|move|p2a: Snorlax|Return|p1a: Venusaur\n|-damage|p1a: Venusaur|82\/265\n|\n|-heal|p1a: Venusaur|98\/265|[from] item: Leftovers\n|-heal|p2a: Snorlax|141\/387|[from] item: Leftovers\n|upkeep\n|turn|19\n|j| it is i DI0\n|\n|t:|1641114224\n|move|p1a: Venusaur|Synthesis|p1a: Venusaur\n|-heal|p1a: Venusaur|230\/265\n|move|p2a: Snorlax|Return|p1a: Venusaur\n|-damage|p1a: Venusaur|104\/265\n|\n|-heal|p1a: Venusaur|120\/265|[from] item: Leftovers\n|-heal|p2a: Snorlax|165\/387|[from] item: Leftovers\n|upkeep\n|turn|20\n|\n|t:|1641114226\n|move|p1a: Venusaur|Synthesis|p1a: Venusaur\n|-heal|p1a: Venusaur|252\/265\n|move|p2a: Snorlax|Return|p1a: Venusaur\n|-damage|p1a: Venusaur|129\/265\n|\n|-heal|p1a: Venusaur|145\/265|[from] item: Leftovers\n|-heal|p2a: Snorlax|189\/387|[from] item: Leftovers\n|upkeep\n|turn|21\n|\n|t:|1641114229\n|move|p1a: Venusaur|Sludge Bomb|p2a: Snorlax\n|-damage|p2a: Snorlax|0 fnt\n|faint|p2a: Snorlax\n|\n|t:|1641114231\n|switch|p2a: Qwilfish|Qwilfish, L84, M|164\/246 par\n|\n|-heal|p1a: Venusaur|161\/265|[from] item: Leftovers\n|-heal|p2a: Qwilfish|179\/246 par|[from] item: Leftovers\n|upkeep\n|turn|22\n|\n|t:|1641114237\n|move|p1a: Venusaur|Earthquake|p2a: Qwilfish\n|-supereffective|p2a: Qwilfish\n|-damage|p2a: Qwilfish|0 fnt\n|faint|p2a: Qwilfish\n|\n|t:|1641114242\n|switch|p2a: Machamp|Machamp, L82, F|282\/282\n|\n|-heal|p1a: Venusaur|177\/265|[from] item: Leftovers\n|upkeep\n|turn|23\n|j| bgvfgcvgbhn\n|\n|t:|1641114248\n|move|p1a: Venusaur|Sludge Bomb|p2a: Machamp\n|-damage|p2a: Machamp|14\/282\n|move|p2a: Machamp|Earthquake|p1a: Venusaur\n|-damage|p1a: Venusaur|45\/265\n|\n|-heal|p1a: Venusaur|61\/265|[from] item: Leftovers\n|upkeep\n|turn|24\n|l| bgvfgcvgbhn\n|j| bgvfgcvgbhn\n|\n|t:|1641114254\n|move|p1a: Venusaur|Sludge Bomb|p2a: Machamp\n|-damage|p2a: Machamp|0 fnt\n|faint|p2a: Machamp\n|\n|t:|1641114255\n|switch|p2a: Slowbro|Slowbro, L82, F|290\/290\n|\n|-heal|p1a: Venusaur|77\/265|[from] item: Leftovers\n|upkeep\n|turn|25\n|\n|t:|1641114260\n|move|p1a: Venusaur|Sludge Bomb|p2a: Slowbro\n|-damage|p2a: Slowbro|91\/290\n|move|p2a: Slowbro|Calm Mind|p2a: Slowbro\n|-boost|p2a: Slowbro|spa|1\n|-boost|p2a: Slowbro|spd|1\n|\n|-heal|p1a: Venusaur|93\/265|[from] item: Leftovers\n|-heal|p2a: Slowbro|109\/290|[from] item: Leftovers\n|upkeep\n|turn|26\n|c|\u2606The Last Hero|gg\n|\n|t:|1641114266\n|move|p1a: Venusaur|Sludge Bomb|p2a: Slowbro\n|-damage|p2a: Slowbro|0 fnt\n|faint|p2a: Slowbro\n|\n|t:|1641114268\n|switch|p2a: Bellossom|Bellossom, L88, F|248\/275\n|\n|-heal|p1a: Venusaur|109\/265|[from] item: Leftovers\n|-heal|p2a: Bellossom|265\/275|[from] item: Leftovers\n|upkeep\n|turn|27\n|\n|t:|1641114273\n|move|p1a: Venusaur|Sludge Bomb|p2a: Bellossom\n|-supereffective|p2a: Bellossom\n|-damage|p2a: Bellossom|0 fnt\n|faint|p2a: Bellossom\n|\n|win|parkerr\n|n|\u2606parkerr|parkerr\n|n|\u2606The Last Hero|thelasthero\n|n| BB-8-NU|bb8nu\n|n| it is i DI0|itisidi0\n|n| bgvfgcvgbhn|bgvfgcvgbhn\n","inputlog":">version 7e7da29e183d0384a50055fc09fc9de23920f8a2\n>start {\"formatid\":\"gen3randombattle\",\"seed\":[47165,429,39052,25954],\"rated\":\"Tournament battle\"}\n>player p1 {\"name\":\"parkerr\",\"avatar\":\"dawn\",\"rating\":0,\"seed\":[19096,37674,7810,54247]}\n>player p2 {\"name\":\"The Last Hero\",\"avatar\":\"acetrainersnow\",\"rating\":0,\"seed\":[64659,49185,51618,58051]}\n>p1 move substitute\n>p2 switch 5\n>p1 move rockslide\n>p2 move surf\n>p1 switch 2\n>p2 move surf\n>p1 move shadowball\n>p2 switch 3\n>p1 move thunderwave\n>p2 move spikes\n>p1 switch 6\n>p2 move spikes\n>p1 move earthquake\n>p2 switch 5\n>p1 move toxic\n>p2 move hiddenpower\n>p1 switch 3\n>p1 move swordsdance\n>p2 switch 4\n>p1 move sludgebomb\n>p2 move psychic\n>p1 move sludgebomb\n>p2 move psychic\n>p2 switch 2\n>p1 move swordsdance\n>p2 move return\n>p1 move synthesis\n>p2 move return\n>p1 move synthesis\n>p2 move return\n>p1 move synthesis\n>p2 move return\n>p1 move sludgebomb\n>p2 move return\n>p1 move synthesis\n>p2 move return\n>p1 move synthesis\n>p2 move return\n>p1 move synthesis\n>p2 move return\n>p1 move synthesis\n>p2 move return\n>p1 move sludgebomb\n>p2 move return\n>p2 switch 5\n>p1 move earthquake\n>p2 move selfdestruct\n>p2 switch 6\n>p1 move sludgebomb\n>p2 move earthquake\n>p1 move sludgebomb\n>p2 move earthquake\n>p2 switch 3\n>p1 move sludgebomb\n>p2 move calmmind\n>chat \u2606The Last Hero|gg\n>p1 move sludgebomb\n>p2 move surf\n>p2 switch 4\n>p1 move sludgebomb\n>p2 move stunspore","uploadtime":1641114275,"views":10,"p1id":"parkerr","p2id":"thelasthero","formatid":"gen3randombattle","rating":0,"private":0,"password":null}