{"id":"gen3ou-1163095070","p1":"winter lanterns","p2":"sophia waseda","format":"gen3ou","log":"|j|\u2606winter lanterns\n|j|\u2606sophia waseda\n|t:|1596548130\n|player|p1|winter lanterns|2|1411\n|player|p2|sophia waseda|schoolkid|1424\n|teamsize|p1|6\n|teamsize|p2|6\n|gametype|singles\n|gen|3\n|tier|[Gen 3] OU\n|rated|\n|rule|Sleep Clause Mod: Limit one foe put to sleep\n|rule|Switch Priority Clause Mod: Faster Pok\u00e9mon switch first\n|rule|Species Clause: Limit one of each Pok\u00e9mon\n|rule|OHKO Clause: OHKO moves are banned\n|rule|Moody Clause: Moody is banned\n|rule|Evasion Moves Clause: Evasion moves are banned\n|rule|Endless Battle Clause: Forcing endless battles is banned\n|rule|HP Percentage Mod: HP is shown in percentages\n|rule|3 Baton Pass Clause: Limit three Baton Passers\n|\n|t:|1596548130\n|start\n|switch|p1a: Zapdos|Zapdos|100\/100\n|switch|p2a: Zapdos|Zapdos|100\/100\n|turn|1\n|inactive|Battle timer is ON: inactive players will automatically lose when time's up. (requested by sophia waseda)\n|\n|t:|1596548148\n|switch|p2a: Tyranitar|Tyranitar, M|100\/100\n|-weather|Sandstorm|[from] ability: Sand Stream|[of] p2a: Tyranitar\n|move|p1a: Zapdos|Thunder Wave|p2a: Tyranitar\n|-status|p2a: Tyranitar|par\n|\n|-weather|Sandstorm|[upkeep]\n|-damage|p1a: Zapdos|94\/100|[from] Sandstorm\n|-heal|p1a: Zapdos|100\/100|[from] item: Leftovers\n|upkeep\n|turn|2\n|j| asadsf6\n|\n|t:|1596548161\n|-singleturn|p2a: Tyranitar|move: Focus Punch\n|switch|p1a: Dugtrio|Dugtrio, F|100\/100\n|move|p2a: Tyranitar|Focus Punch|p1a: Dugtrio\n|-damage|p1a: Dugtrio|0 fnt\n|faint|p1a: Dugtrio\n|j| hgznzuu\n|\n|t:|1596548163\n|switch|p1a: Suicune|Suicune|100\/100\n|\n|-weather|Sandstorm|[upkeep]\n|-damage|p1a: Suicune|94\/100|[from] Sandstorm\n|-heal|p1a: Suicune|100\/100|[from] item: Leftovers\n|upkeep\n|turn|3\n|\n|t:|1596548171\n|switch|p2a: Zapdos|Zapdos|100\/100\n|move|p1a: Suicune|Ice Beam|p2a: Zapdos\n|-supereffective|p2a: Zapdos\n|-damage|p2a: Zapdos|47\/100\n|\n|-weather|Sandstorm|[upkeep]\n|-damage|p1a: Suicune|94\/100|[from] Sandstorm\n|-damage|p2a: Zapdos|41\/100|[from] Sandstorm\n|-heal|p1a: Suicune|100\/100|[from] item: Leftovers\n|-heal|p2a: Zapdos|47\/100|[from] item: Leftovers\n|upkeep\n|turn|4\n|\n|t:|1596548198\n|switch|p1a: Tyranitar|Tyranitar, M|100\/100\n|switch|p2a: Skarmory|Skarmory, M|100\/100\n|\n|-weather|Sandstorm|[upkeep]\n|upkeep\n|turn|5\n|j| November Stars\n|\n|t:|1596548220\n|move|p1a: Tyranitar|Rock Slide|p2a: Skarmory|[miss]\n|-miss|p1a: Tyranitar|p2a: Skarmory\n|move|p2a: Skarmory|Spikes|p1a: Tyranitar\n|-sidestart|p1: winter lanterns|Spikes\n|\n|-weather|Sandstorm|[upkeep]\n|upkeep\n|turn|6\n|\n|t:|1596548226\n|move|p1a: Tyranitar|Rock Slide|p2a: Skarmory\n|-damage|p2a: Skarmory|50\/100\n|cant|p2a: Skarmory|flinch\n|\n|-weather|Sandstorm|[upkeep]\n|-heal|p2a: Skarmory|56\/100|[from] item: Leftovers\n|upkeep\n|turn|7\n|\n|t:|1596548231\n|switch|p2a: Metagross|Metagross|100\/100\n|move|p1a: Tyranitar|Rock Slide|p2a: Metagross\n|-resisted|p2a: Metagross\n|-damage|p2a: Metagross|79\/100\n|\n|-weather|Sandstorm|[upkeep]\n|-heal|p2a: Metagross|85\/100|[from] item: Leftovers\n|upkeep\n|turn|8\n|\n|t:|1596548248\n|switch|p1a: Zapdos|Zapdos|100\/100\n|move|p2a: Metagross|Meteor Mash|p1a: Zapdos|[miss]\n|-miss|p2a: Metagross|p1a: Zapdos\n|\n|-weather|Sandstorm|[upkeep]\n|-damage|p1a: Zapdos|94\/100|[from] Sandstorm\n|-heal|p1a: Zapdos|100\/100|[from] item: Leftovers\n|-heal|p2a: Metagross|91\/100|[from] item: Leftovers\n|upkeep\n|turn|9\n|\n|t:|1596548254\n|switch|p2a: Jolteon|Jolteon, M|100\/100\n|move|p1a: Zapdos|Thunderbolt|p2a: Jolteon\n|-immune|p2a: Jolteon|[from] ability: Volt Absorb\n|\n|-weather|Sandstorm|[upkeep]\n|-damage|p2a: Jolteon|94\/100|[from] Sandstorm\n|-damage|p1a: Zapdos|94\/100|[from] Sandstorm\n|-heal|p2a: Jolteon|100\/100|[from] item: Leftovers\n|-heal|p1a: Zapdos|100\/100|[from] item: Leftovers\n|upkeep\n|turn|10\n|\n|t:|1596548264\n|switch|p2a: Tyranitar|Tyranitar, M|100\/100 par\n|move|p1a: Zapdos|Thunder Wave|p2a: Tyranitar\n|-fail|p2a: Tyranitar|par\n|\n|-weather|Sandstorm|[upkeep]\n|-damage|p1a: Zapdos|94\/100|[from] Sandstorm\n|-heal|p1a: Zapdos|100\/100|[from] item: Leftovers\n|upkeep\n|turn|11\n|\n|t:|1596548276\n|move|p1a: Zapdos|Thunderbolt|p2a: Tyranitar\n|-damage|p2a: Tyranitar|57\/100 par\n|move|p2a: Tyranitar|Rock Slide|p1a: Zapdos\n|-supereffective|p1a: Zapdos\n|-damage|p1a: Zapdos|0 fnt\n|faint|p1a: Zapdos\n|\n|t:|1596548279\n|switch|p1a: Suicune|Suicune|100\/100\n|-damage|p1a: Suicune|88\/100|[from] Spikes\n|\n|-weather|Sandstorm|[upkeep]\n|-damage|p1a: Suicune|82\/100|[from] Sandstorm\n|-heal|p1a: Suicune|88\/100|[from] item: Leftovers\n|-heal|p2a: Tyranitar|63\/100 par|[from] item: Leftovers\n|upkeep\n|turn|12\n|\n|t:|1596548283\n|switch|p2a: Jolteon|Jolteon, M|100\/100\n|move|p1a: Suicune|Calm Mind|p1a: Suicune\n|-boost|p1a: Suicune|spa|1\n|-boost|p1a: Suicune|spd|1\n|\n|-weather|Sandstorm|[upkeep]\n|-damage|p2a: Jolteon|94\/100|[from] Sandstorm\n|-damage|p1a: Suicune|82\/100|[from] Sandstorm\n|-heal|p2a: Jolteon|100\/100|[from] item: Leftovers\n|-heal|p1a: Suicune|88\/100|[from] item: Leftovers\n|upkeep\n|turn|13\n|\n|t:|1596548288\n|move|p2a: Jolteon|Thunderbolt|p1a: Suicune\n|-supereffective|p1a: Suicune\n|-damage|p1a: Suicune|40\/100\n|move|p1a: Suicune|Hydro Pump|p2a: Jolteon\n|-damage|p2a: Jolteon|7\/100\n|\n|-weather|Sandstorm|[upkeep]\n|-damage|p2a: Jolteon|1\/100|[from] Sandstorm\n|-damage|p1a: Suicune|34\/100|[from] Sandstorm\n|-heal|p2a: Jolteon|7\/100|[from] item: Leftovers\n|-heal|p1a: Suicune|40\/100|[from] item: Leftovers\n|upkeep\n|turn|14\n|\n|t:|1596548303\n|move|p2a: Jolteon|Baton Pass|p2a: Jolteon\n|\n|t:|1596548306\n|switch|p2a: Skarmory|Skarmory, M|56\/100|[from]move: Baton Pass\n|move|p1a: Suicune|Ice Beam|p2a: Skarmory\n|-damage|p2a: Skarmory|22\/100\n|\n|-weather|Sandstorm|[upkeep]\n|-damage|p1a: Suicune|34\/100|[from] Sandstorm\n|-heal|p1a: Suicune|40\/100|[from] item: Leftovers\n|-heal|p2a: Skarmory|28\/100|[from] item: Leftovers\n|upkeep\n|turn|15\n|\n|t:|1596548324\n|move|p1a: Suicune|Calm Mind|p1a: Suicune\n|-boost|p1a: Suicune|spa|1\n|-boost|p1a: Suicune|spd|1\n|move|p2a: Skarmory|Whirlwind|p1a: Suicune\n|drag|p1a: Gengar|Gengar, M|100\/100\n|\n|-weather|Sandstorm|[upkeep]\n|-damage|p1a: Gengar|94\/100|[from] Sandstorm\n|-heal|p1a: Gengar|100\/100|[from] item: Leftovers\n|-heal|p2a: Skarmory|34\/100|[from] item: Leftovers\n|upkeep\n|turn|16\n|\n|t:|1596548333\n|move|p2a: Skarmory|Protect|p2a: Skarmory\n|-singleturn|p2a: Skarmory|Protect\n|move|p1a: Gengar|Will-O-Wisp|p2a: Skarmory\n|-activate|p2a: Skarmory|Protect\n|\n|-weather|Sandstorm|[upkeep]\n|-damage|p1a: Gengar|94\/100|[from] Sandstorm\n|-heal|p1a: Gengar|100\/100|[from] item: Leftovers\n|-heal|p2a: Skarmory|40\/100|[from] item: Leftovers\n|upkeep\n|turn|17\n|\n|t:|1596548341\n|move|p1a: Gengar|Ice Punch|p2a: Skarmory\n|-damage|p2a: Skarmory|18\/100\n|move|p2a: Skarmory|Spikes|p1a: Gengar\n|-sidestart|p1: winter lanterns|Spikes\n|\n|-weather|Sandstorm|[upkeep]\n|-damage|p1a: Gengar|94\/100|[from] Sandstorm\n|-heal|p1a: Gengar|100\/100|[from] item: Leftovers\n|-heal|p2a: Skarmory|24\/100|[from] item: Leftovers\n|upkeep\n|turn|18\n|\n|t:|1596548348\n|move|p2a: Skarmory|Protect|p2a: Skarmory\n|-singleturn|p2a: Skarmory|Protect\n|move|p1a: Gengar|Ice Punch|p2a: Skarmory\n|-activate|p2a: Skarmory|Protect\n|\n|-weather|Sandstorm|[upkeep]\n|-damage|p1a: Gengar|94\/100|[from] Sandstorm\n|-heal|p1a: Gengar|100\/100|[from] item: Leftovers\n|-heal|p2a: Skarmory|30\/100|[from] item: Leftovers\n|upkeep\n|turn|19\n|\n|t:|1596548356\n|move|p1a: Gengar|Ice Punch|p2a: Skarmory\n|-damage|p2a: Skarmory|9\/100\n|-status|p2a: Skarmory|frz\n|cant|p2a: Skarmory|frz\n|\n|-weather|Sandstorm|[upkeep]\n|-damage|p1a: Gengar|94\/100|[from] Sandstorm\n|-heal|p1a: Gengar|100\/100|[from] item: Leftovers\n|-heal|p2a: Skarmory|15\/100 frz|[from] item: Leftovers\n|upkeep\n|turn|20\n|\n|t:|1596548361\n|move|p1a: Gengar|Ice Punch|p2a: Skarmory\n|-damage|p2a: Skarmory|0 fnt\n|faint|p2a: Skarmory\n|\n|t:|1596548363\n|switch|p2a: Tyranitar|Tyranitar, M|63\/100 par\n|\n|-weather|Sandstorm|[upkeep]\n|-damage|p1a: Gengar|94\/100|[from] Sandstorm\n|-heal|p1a: Gengar|100\/100|[from] item: Leftovers\n|-heal|p2a: Tyranitar|69\/100 par|[from] item: Leftovers\n|upkeep\n|turn|21\n|\n|t:|1596548374\n|switch|p1a: Tyranitar|Tyranitar, M|100\/100\n|-damage|p1a: Tyranitar|84\/100|[from] Spikes\n|move|p2a: Tyranitar|Rock Slide|p1a: Tyranitar\n|-damage|p1a: Tyranitar|44\/100\n|\n|-weather|Sandstorm|[upkeep]\n|-heal|p2a: Tyranitar|76\/100 par|[from] item: Leftovers\n|upkeep\n|turn|22\n|\n|t:|1596548385\n|switch|p2a: Metagross|Metagross|91\/100\n|move|p1a: Tyranitar|Rock Slide|p2a: Metagross\n|-resisted|p2a: Metagross\n|-damage|p2a: Metagross|69\/100\n|\n|-weather|Sandstorm|[upkeep]\n|-heal|p2a: Metagross|75\/100|[from] item: Leftovers\n|upkeep\n|turn|23\n|\n|t:|1596548397\n|move|p1a: Tyranitar|Rock Slide|p2a: Metagross\n|-resisted|p2a: Metagross\n|-damage|p2a: Metagross|52\/100\n|move|p2a: Metagross|Earthquake|p1a: Tyranitar\n|-supereffective|p1a: Tyranitar\n|-damage|p1a: Tyranitar|0 fnt\n|faint|p1a: Tyranitar\n|\n|t:|1596548401\n|switch|p1a: Suicune|Suicune|40\/100\n|-damage|p1a: Suicune|24\/100|[from] Spikes\n|\n|-weather|Sandstorm|[upkeep]\n|-damage|p1a: Suicune|18\/100|[from] Sandstorm\n|-heal|p1a: Suicune|24\/100|[from] item: Leftovers\n|-heal|p2a: Metagross|58\/100|[from] item: Leftovers\n|upkeep\n|turn|24\n|\n|t:|1596548407\n|move|p2a: Metagross|Protect|p2a: Metagross\n|-singleturn|p2a: Metagross|Protect\n|move|p1a: Suicune|Hydro Pump|p2a: Metagross|[miss]\n|-miss|p1a: Suicune|p2a: Metagross\n|\n|-weather|Sandstorm|[upkeep]\n|-damage|p1a: Suicune|18\/100|[from] Sandstorm\n|-heal|p1a: Suicune|24\/100|[from] item: Leftovers\n|-heal|p2a: Metagross|64\/100|[from] item: Leftovers\n|upkeep\n|turn|25\n|inactive|sophia waseda has 120 seconds left.\n|\n|t:|1596548437\n|switch|p2a: Magneton|Magneton|100\/100\n|move|p1a: Suicune|Hydro Pump|p2a: Magneton\n|-damage|p2a: Magneton|1\/100\n|\n|-weather|Sandstorm|[upkeep]\n|-damage|p1a: Suicune|18\/100|[from] Sandstorm\n|-heal|p1a: Suicune|24\/100|[from] item: Leftovers\n|upkeep\n|turn|26\n|\n|t:|1596548441\n|move|p1a: Suicune|Ice Beam|p2a: Magneton\n|-resisted|p2a: Magneton\n|-damage|p2a: Magneton|0 fnt\n|faint|p2a: Magneton\n|\n|t:|1596548450\n|switch|p2a: Jolteon|Jolteon, M|7\/100\n|\n|-weather|Sandstorm|[upkeep]\n|-damage|p2a: Jolteon|1\/100|[from] Sandstorm\n|-damage|p1a: Suicune|18\/100|[from] Sandstorm\n|-heal|p2a: Jolteon|7\/100|[from] item: Leftovers\n|-heal|p1a: Suicune|24\/100|[from] item: Leftovers\n|upkeep\n|turn|27\n|\n|t:|1596548457\n|move|p2a: Jolteon|Thunderbolt|p1a: Suicune\n|-supereffective|p1a: Suicune\n|-crit|p1a: Suicune\n|-damage|p1a: Suicune|0 fnt\n|faint|p1a: Suicune\n|\n|t:|1596548459\n|switch|p1a: Gengar|Gengar, M|100\/100\n|\n|-weather|Sandstorm|[upkeep]\n|-damage|p2a: Jolteon|1\/100|[from] Sandstorm\n|-damage|p1a: Gengar|94\/100|[from] Sandstorm\n|-heal|p2a: Jolteon|7\/100|[from] item: Leftovers\n|-heal|p1a: Gengar|100\/100|[from] item: Leftovers\n|upkeep\n|turn|28\n|\n|t:|1596548471\n|move|p2a: Jolteon|Baton Pass|p2a: Jolteon\n|\n|t:|1596548477\n|switch|p2a: Tyranitar|Tyranitar, M|76\/100 par|[from]move: Baton Pass\n|move|p1a: Gengar|Ice Punch|p2a: Tyranitar\n|-damage|p2a: Tyranitar|56\/100 par\n|\n|-weather|Sandstorm|[upkeep]\n|-damage|p1a: Gengar|94\/100|[from] Sandstorm\n|-heal|p1a: Gengar|100\/100|[from] item: Leftovers\n|-heal|p2a: Tyranitar|63\/100 par|[from] item: Leftovers\n|upkeep\n|turn|29\n|\n|t:|1596548483\n|move|p1a: Gengar|Thunderbolt|p2a: Tyranitar\n|-damage|p2a: Tyranitar|34\/100 par\n|move|p2a: Tyranitar|Rock Slide|p1a: Gengar\n|-damage|p1a: Gengar|21\/100\n|\n|-weather|Sandstorm|[upkeep]\n|-damage|p1a: Gengar|14\/100|[from] Sandstorm\n|-heal|p1a: Gengar|21\/100|[from] item: Leftovers\n|-heal|p2a: Tyranitar|40\/100 par|[from] item: Leftovers\n|upkeep\n|turn|30\n|\n|t:|1596548492\n|move|p1a: Gengar|Ice Punch|p2a: Tyranitar\n|-damage|p2a: Tyranitar|20\/100 par\n|cant|p2a: Tyranitar|par\n|\n|-weather|Sandstorm|[upkeep]\n|-damage|p1a: Gengar|14\/100|[from] Sandstorm\n|-heal|p1a: Gengar|21\/100|[from] item: Leftovers\n|-heal|p2a: Tyranitar|27\/100 par|[from] item: Leftovers\n|upkeep\n|turn|31\n|\n|t:|1596548501\n|move|p1a: Gengar|Thunderbolt|p2a: Tyranitar\n|-damage|p2a: Tyranitar|1\/100 par\n|move|p2a: Tyranitar|Rock Slide|p1a: Gengar\n|-damage|p1a: Gengar|0 fnt\n|faint|p1a: Gengar\n|\n|t:|1596548504\n|switch|p1a: Jirachi|Jirachi|100\/100\n|-damage|p1a: Jirachi|84\/100|[from] Spikes\n|\n|-weather|Sandstorm|[upkeep]\n|-heal|p1a: Jirachi|90\/100|[from] item: Leftovers\n|-heal|p2a: Tyranitar|7\/100 par|[from] item: Leftovers\n|upkeep\n|turn|32\n|\n|t:|1596548525\n|move|p1a: Jirachi|Substitute|p1a: Jirachi\n|-start|p1a: Jirachi|Substitute\n|-damage|p1a: Jirachi|65\/100\n|move|p2a: Tyranitar|Earthquake|p1a: Jirachi\n|-supereffective|p1a: Jirachi\n|-end|p1a: Jirachi|Substitute\n|\n|-weather|Sandstorm|[upkeep]\n|-heal|p1a: Jirachi|71\/100|[from] item: Leftovers\n|-heal|p2a: Tyranitar|13\/100 par|[from] item: Leftovers\n|upkeep\n|turn|33\n|\n|t:|1596548531\n|move|p1a: Jirachi|Substitute|p1a: Jirachi\n|-start|p1a: Jirachi|Substitute\n|-damage|p1a: Jirachi|46\/100\n|move|p2a: Tyranitar|Earthquake|p1a: Jirachi\n|-supereffective|p1a: Jirachi\n|-end|p1a: Jirachi|Substitute\n|\n|-weather|Sandstorm|[upkeep]\n|-heal|p1a: Jirachi|52\/100|[from] item: Leftovers\n|-heal|p2a: Tyranitar|19\/100 par|[from] item: Leftovers\n|upkeep\n|turn|34\n|\n|t:|1596548543\n|switch|p2a: Metagross|Metagross|64\/100\n|move|p1a: Jirachi|Substitute|p1a: Jirachi\n|-start|p1a: Jirachi|Substitute\n|-damage|p1a: Jirachi|27\/100\n|\n|-weather|Sandstorm|[upkeep]\n|-heal|p1a: Jirachi|34\/100|[from] item: Leftovers\n|-heal|p2a: Metagross|70\/100|[from] item: Leftovers\n|upkeep\n|turn|35\n|\n|t:|1596548546\n|move|p1a: Jirachi|Calm Mind|p1a: Jirachi\n|-boost|p1a: Jirachi|spa|1\n|-boost|p1a: Jirachi|spd|1\n|move|p2a: Metagross|Earthquake|p1a: Jirachi\n|-supereffective|p1a: Jirachi\n|-end|p1a: Jirachi|Substitute\n|\n|-weather|Sandstorm|[upkeep]\n|-heal|p1a: Jirachi|40\/100|[from] item: Leftovers\n|-heal|p2a: Metagross|76\/100|[from] item: Leftovers\n|upkeep\n|turn|36\n|\n|t:|1596548548\n|move|p1a: Jirachi|Thunder|p2a: Metagross\n|-damage|p2a: Metagross|28\/100\n|-status|p2a: Metagross|par\n|move|p2a: Metagross|Earthquake|p1a: Jirachi\n|-supereffective|p1a: Jirachi\n|-damage|p1a: Jirachi|0 fnt\n|faint|p1a: Jirachi\n|\n|win|sophia waseda\n|l|\u2606winter lanterns\n|l| November Stars\n|raw|winter lanterns's rating: 1411 &rarr; <strong>1392<\/strong><br \/>(-19 for losing)\n|raw|sophia waseda's rating: 1424 &rarr; <strong>1443<\/strong><br \/>(+19 for winning)\n|l|\u2606sophia waseda\n","uploadtime":1596549199,"views":11,"p1id":"winterlanterns","p2id":"sophiawaseda","formatid":"gen3ou","rating":1392,"private":0,"password":null}