{"id":"gen3ou-1658657931","p1":"Merdiven","p2":"Capital Cruiser","format":"gen3ou","log":"|j|\u2606Merdiven\n|j|\u203dCapital Cruiser\n|t:|1662585606\n|gametype|singles\n|player|p1|Merdiven|artist-gen4|1339\n|player|p2|Capital Cruiser|cheren-gen5bw2|1282\n|teamsize|p1|6\n|teamsize|p2|6\n|gen|3\n|tier|[Gen 3] OU\n|rated|\n|rule|Sleep Clause Mod: Limit one foe put to sleep\n|rule|Switch Priority Clause Mod: Faster Pok\u00e9mon switch first\n|rule|Species Clause: Limit one of each Pok\u00e9mon\n|rule|OHKO Clause: OHKO moves are banned\n|rule|Evasion Items Clause: Evasion items are banned\n|rule|Evasion Moves Clause: Evasion moves are banned\n|rule|Endless Battle Clause: Forcing endless battles is banned\n|rule|HP Percentage Mod: HP is shown in percentages\n|rule|One Boost Passer Clause: Limit one Baton Passer that has a way to boost its stats\n|rule|Freeze Clause Mod: Limit one foe frozen\n|\n|t:|1662585606\n|start\n|switch|p1a: Tyranitar|Tyranitar, F|100\/100\n|switch|p2a: Aerodactyl|Aerodactyl, M, shiny|100\/100\n|-weather|Sandstorm|[from] ability: Sand Stream|[of] p1a: Tyranitar\n|turn|1\n|inactive|Battle timer is ON: inactive players will automatically lose when time's up. (requested by Merdiven)\n|inactive|Capital Cruiser also wants the timer to be on.\n|inactive|Merdiven has 120 seconds left.\n|\n|t:|1662585637\n|switch|p1a: Skarmory|Skarmory, F|100\/100\n|move|p2a: Aerodactyl|Earthquake|p1a: Skarmory\n|-immune|p1a: Skarmory\n|\n|-weather|Sandstorm|[upkeep]\n|upkeep\n|turn|2\n|\n|t:|1662585642\n|switch|p2a: Jirachi|Jirachi|100\/100\n|move|p1a: Skarmory|Spikes|p2a: Jirachi\n|-sidestart|p2: Capital Cruiser|Spikes\n|\n|-weather|Sandstorm|[upkeep]\n|upkeep\n|turn|3\n|\n|t:|1662585656\n|move|p2a: Jirachi|Fire Punch|p1a: Skarmory\n|-supereffective|p1a: Skarmory\n|-damage|p1a: Skarmory|56\/100\n|move|p1a: Skarmory|Spikes|p2a: Jirachi\n|-sidestart|p2: Capital Cruiser|Spikes\n|\n|-weather|Sandstorm|[upkeep]\n|-heal|p1a: Skarmory|62\/100|[from] item: Leftovers\n|upkeep\n|turn|4\n|\n|t:|1662585661\n|move|p1a: Skarmory|Protect|p1a: Skarmory\n|-singleturn|p1a: Skarmory|Protect\n|move|p2a: Jirachi|Calm Mind|p2a: Jirachi\n|-boost|p2a: Jirachi|spa|1\n|-boost|p2a: Jirachi|spd|1\n|\n|-weather|Sandstorm|[upkeep]\n|-heal|p1a: Skarmory|68\/100|[from] item: Leftovers\n|upkeep\n|turn|5\n|\n|t:|1662585663\n|switch|p1a: Zapdos|Zapdos|100\/100\n|move|p2a: Jirachi|Fire Punch|p1a: Zapdos\n|-damage|p1a: Zapdos|75\/100\n|-status|p1a: Zapdos|brn\n|\n|-weather|Sandstorm|[upkeep]\n|-damage|p1a: Zapdos|69\/100 brn|[from] Sandstorm\n|-heal|p1a: Zapdos|75\/100 brn|[from] item: Leftovers\n|-damage|p1a: Zapdos|63\/100 brn|[from] brn\n|upkeep\n|turn|6\n|\n|t:|1662585670\n|move|p1a: Zapdos|Rest|p1a: Zapdos\n|-status|p1a: Zapdos|slp|[from] move: Rest\n|-heal|p1a: Zapdos|100\/100 slp|[silent]\n|move|p2a: Jirachi|Substitute|p2a: Jirachi\n|-start|p2a: Jirachi|Substitute\n|-damage|p2a: Jirachi|76\/100\n|\n|-weather|Sandstorm|[upkeep]\n|-damage|p1a: Zapdos|94\/100 slp|[from] Sandstorm\n|-heal|p1a: Zapdos|100\/100 slp|[from] item: Leftovers\n|-heal|p2a: Jirachi|82\/100|[from] item: Leftovers\n|upkeep\n|turn|7\n|\n|t:|1662585672\n|cant|p1a: Zapdos|slp\n|move|p1a: Zapdos|Sleep Talk|p1a: Zapdos\n|move|p1a: Zapdos|Rest|p1a: Zapdos|[from]Sleep Talk\n|move|p2a: Jirachi|Psychic|p1a: Zapdos\n|-damage|p1a: Zapdos|53\/100 slp\n|\n|-weather|Sandstorm|[upkeep]\n|-damage|p1a: Zapdos|47\/100 slp|[from] Sandstorm\n|-heal|p1a: Zapdos|53\/100 slp|[from] item: Leftovers\n|-heal|p2a: Jirachi|88\/100|[from] item: Leftovers\n|upkeep\n|turn|8\n|\n|t:|1662585676\n|cant|p1a: Zapdos|slp\n|move|p1a: Zapdos|Sleep Talk|p1a: Zapdos\n|move|p1a: Zapdos|Roar|p2a: Jirachi|[from]Sleep Talk\n|drag|p2a: Aerodactyl|Aerodactyl, M, shiny|100\/100\n|\n|-weather|Sandstorm|[upkeep]\n|-damage|p1a: Zapdos|47\/100 slp|[from] Sandstorm\n|-heal|p1a: Zapdos|53\/100 slp|[from] item: Leftovers\n|upkeep\n|turn|9\n|\n|t:|1662585681\n|switch|p1a: Skarmory|Skarmory, F|68\/100\n|move|p2a: Aerodactyl|Rock Slide|p1a: Skarmory\n|-damage|p1a: Skarmory|30\/100\n|\n|-weather|Sandstorm|[upkeep]\n|-heal|p1a: Skarmory|36\/100|[from] item: Leftovers\n|upkeep\n|turn|10\n|\n|t:|1662585686\n|move|p1a: Skarmory|Protect|p1a: Skarmory\n|-singleturn|p1a: Skarmory|Protect\n|move|p2a: Aerodactyl|Rock Slide|p1a: Skarmory\n|-activate|p1a: Skarmory|Protect\n|\n|-weather|Sandstorm|[upkeep]\n|-heal|p1a: Skarmory|42\/100|[from] item: Leftovers\n|upkeep\n|turn|11\n|\n|t:|1662585689\n|switch|p1a: Jirachi|Jirachi|100\/100\n|move|p2a: Aerodactyl|Rock Slide|p1a: Jirachi\n|-resisted|p1a: Jirachi\n|-damage|p1a: Jirachi|79\/100\n|\n|-weather|Sandstorm|[upkeep]\n|-heal|p1a: Jirachi|86\/100|[from] item: Leftovers\n|upkeep\n|turn|12\n|\n|t:|1662585693\n|switch|p2a: Dugtrio|Dugtrio, F, shiny|100\/100\n|-damage|p2a: Dugtrio|84\/100|[from] Spikes\n|move|p1a: Jirachi|Substitute|p1a: Jirachi\n|-start|p1a: Jirachi|Substitute\n|-damage|p1a: Jirachi|61\/100\n|\n|-weather|Sandstorm|[upkeep]\n|-heal|p1a: Jirachi|67\/100|[from] item: Leftovers\n|upkeep\n|turn|13\n|\n|t:|1662585698\n|move|p2a: Dugtrio|Earthquake|p1a: Jirachi\n|-supereffective|p1a: Jirachi\n|-end|p1a: Jirachi|Substitute\n|move|p1a: Jirachi|Psychic|p2a: Dugtrio\n|-damage|p2a: Dugtrio|7\/100\n|\n|-weather|Sandstorm|[upkeep]\n|-heal|p1a: Jirachi|73\/100|[from] item: Leftovers\n|upkeep\n|turn|14\n|\n|t:|1662585700\n|move|p2a: Dugtrio|Earthquake|p1a: Jirachi\n|-supereffective|p1a: Jirachi\n|-damage|p1a: Jirachi|0 fnt\n|faint|p1a: Jirachi\n|\n|t:|1662585710\n|switch|p1a: Gengar|Gengar, F|100\/100\n|\n|-weather|Sandstorm|[upkeep]\n|-damage|p1a: Gengar|94\/100|[from] Sandstorm\n|-heal|p1a: Gengar|100\/100|[from] item: Leftovers\n|upkeep\n|turn|15\n|\n|t:|1662585717\n|switch|p2a: Suicune|Suicune, shiny|100\/100\n|-damage|p2a: Suicune|84\/100|[from] Spikes\n|move|p1a: Gengar|Will-O-Wisp|p2a: Suicune\n|-status|p2a: Suicune|brn\n|\n|-weather|Sandstorm|[upkeep]\n|-damage|p1a: Gengar|94\/100|[from] Sandstorm\n|-damage|p2a: Suicune|78\/100 brn|[from] Sandstorm\n|-heal|p1a: Gengar|100\/100|[from] item: Leftovers\n|-heal|p2a: Suicune|84\/100 brn|[from] item: Leftovers\n|-damage|p2a: Suicune|71\/100 brn|[from] brn\n|upkeep\n|turn|16\n|\n|t:|1662585726\n|switch|p1a: Skarmory|Skarmory, F|42\/100\n|move|p2a: Suicune|Surf|p1a: Skarmory\n|-damage|p1a: Skarmory|16\/100\n|\n|-weather|Sandstorm|[upkeep]\n|-damage|p2a: Suicune|65\/100 brn|[from] Sandstorm\n|-heal|p2a: Suicune|71\/100 brn|[from] item: Leftovers\n|-damage|p2a: Suicune|59\/100 brn|[from] brn\n|-heal|p1a: Skarmory|22\/100|[from] item: Leftovers\n|upkeep\n|turn|17\n|\n|t:|1662585731\n|move|p1a: Skarmory|Protect|p1a: Skarmory\n|-singleturn|p1a: Skarmory|Protect\n|move|p2a: Suicune|Rest|p2a: Suicune\n|-status|p2a: Suicune|slp|[from] move: Rest\n|-heal|p2a: Suicune|100\/100 slp|[silent]\n|\n|-weather|Sandstorm|[upkeep]\n|-damage|p2a: Suicune|94\/100 slp|[from] Sandstorm\n|-heal|p2a: Suicune|100\/100 slp|[from] item: Leftovers\n|-heal|p1a: Skarmory|28\/100|[from] item: Leftovers\n|upkeep\n|turn|18\n|\n|t:|1662585733\n|cant|p2a: Suicune|slp\n|move|p2a: Suicune|Sleep Talk|p2a: Suicune\n|move|p2a: Suicune|Rest|p2a: Suicune|[from]Sleep Talk\n|move|p1a: Skarmory|Spikes|p2a: Suicune\n|-sidestart|p2: Capital Cruiser|Spikes\n|\n|-weather|Sandstorm|[upkeep]\n|-damage|p2a: Suicune|94\/100 slp|[from] Sandstorm\n|-heal|p2a: Suicune|100\/100 slp|[from] item: Leftovers\n|-heal|p1a: Skarmory|34\/100|[from] item: Leftovers\n|upkeep\n|turn|19\n|\n|t:|1662585745\n|switch|p1a: Sceptile|Sceptile, F|100\/100\n|cant|p2a: Suicune|slp\n|move|p2a: Suicune|Sleep Talk|p2a: Suicune\n|move|p2a: Suicune|Surf|p1a: Sceptile|[from]Sleep Talk\n|-resisted|p1a: Sceptile\n|-damage|p1a: Sceptile|79\/100\n|\n|-weather|Sandstorm|[upkeep]\n|-damage|p1a: Sceptile|73\/100|[from] Sandstorm\n|-damage|p2a: Suicune|94\/100 slp|[from] Sandstorm\n|-heal|p2a: Suicune|100\/100 slp|[from] item: Leftovers\n|upkeep\n|turn|20\n|\n|t:|1662585755\n|switch|p2a: Dugtrio|Dugtrio, F, shiny|7\/100\n|-damage|p2a: Dugtrio|0 fnt|[from] Spikes\n|faint|p2a: Dugtrio\n|\n|t:|1662585760\n|switch|p2a: Aerodactyl|Aerodactyl, M, shiny|100\/100\n|\n|-weather|Sandstorm|[upkeep]\n|-damage|p1a: Sceptile|67\/100|[from] Sandstorm\n|upkeep\n|turn|21\n|\n|t:|1662585765\n|switch|p1a: Skarmory|Skarmory, F|34\/100\n|move|p2a: Aerodactyl|Rock Slide|p1a: Skarmory\n|-damage|p1a: Skarmory|0 fnt\n|faint|p1a: Skarmory\n|\n|t:|1662585783\n|switch|p1a: Tyranitar|Tyranitar, F|100\/100\n|\n|-weather|Sandstorm|[upkeep]\n|upkeep\n|turn|22\n|\n|t:|1662585795\n|switch|p2a: Suicune|Suicune, shiny|100\/100 slp\n|-damage|p2a: Suicune|76\/100 slp|[from] Spikes\n|move|p1a: Tyranitar|Crunch|p2a: Suicune\n|-damage|p2a: Suicune|54\/100 slp\n|\n|-weather|Sandstorm|[upkeep]\n|-damage|p2a: Suicune|48\/100 slp|[from] Sandstorm\n|-heal|p2a: Suicune|54\/100 slp|[from] item: Leftovers\n|upkeep\n|turn|23\n|\n|t:|1662585800\n|switch|p1a: Sceptile|Sceptile, F|67\/100\n|cant|p2a: Suicune|slp\n|\n|-weather|Sandstorm|[upkeep]\n|-damage|p1a: Sceptile|61\/100|[from] Sandstorm\n|-damage|p2a: Suicune|48\/100 slp|[from] Sandstorm\n|-heal|p2a: Suicune|54\/100 slp|[from] item: Leftovers\n|upkeep\n|turn|24\n|\n|t:|1662585811\n|switch|p2a: Jirachi|Jirachi|88\/100\n|-damage|p2a: Jirachi|63\/100|[from] Spikes\n|move|p1a: Sceptile|Substitute|p1a: Sceptile\n|-start|p1a: Sceptile|Substitute\n|-damage|p1a: Sceptile|36\/100\n|\n|-weather|Sandstorm|[upkeep]\n|-damage|p1a: Sceptile|29\/100|[from] Sandstorm\n|-heal|p2a: Jirachi|69\/100|[from] item: Leftovers\n|upkeep\n|turn|25\n|\n|t:|1662585820\n|move|p1a: Sceptile|Endeavor|p2a: Jirachi\n|-damage|p2a: Jirachi|21\/100\n|move|p2a: Jirachi|Fire Punch|p1a: Sceptile\n|-supereffective|p1a: Sceptile\n|-end|p1a: Sceptile|Substitute\n|\n|-weather|Sandstorm|[upkeep]\n|-damage|p1a: Sceptile|23\/100|[from] Sandstorm\n|-enditem|p1a: Sceptile|Petaya Berry|[eat]\n|-boost|p1a: Sceptile|spa|1|[from] item: Petaya Berry\n|-heal|p2a: Jirachi|27\/100|[from] item: Leftovers\n|upkeep\n|turn|26\n|\n|t:|1662585829\n|move|p1a: Sceptile|Leaf Blade|p2a: Jirachi\n|-resisted|p2a: Jirachi\n|-damage|p2a: Jirachi|0 fnt\n|faint|p2a: Jirachi\n|\n|t:|1662585833\n|switch|p2a: Aerodactyl|Aerodactyl, M, shiny|100\/100\n|\n|-weather|Sandstorm|[upkeep]\n|-damage|p1a: Sceptile|17\/100|[from] Sandstorm\n|upkeep\n|turn|27\n|\n|t:|1662585837\n|move|p2a: Aerodactyl|Rock Slide|p1a: Sceptile\n|-damage|p1a: Sceptile|0 fnt\n|faint|p1a: Sceptile\n|\n|t:|1662585854\n|switch|p1a: Tyranitar|Tyranitar, F|100\/100\n|\n|-weather|Sandstorm|[upkeep]\n|upkeep\n|turn|28\n|\n|t:|1662585865\n|switch|p2a: Forretress|Forretress, M, shiny|100\/100\n|-damage|p2a: Forretress|76\/100|[from] Spikes\n|move|p1a: Tyranitar|Crunch|p2a: Forretress\n|-resisted|p2a: Forretress\n|-damage|p2a: Forretress|50\/100\n|\n|-weather|Sandstorm|[upkeep]\n|-heal|p2a: Forretress|56\/100|[from] item: Leftovers\n|upkeep\n|turn|29\n|\n|t:|1662585868\n|move|p1a: Tyranitar|Flamethrower|p2a: Forretress\n|-supereffective|p2a: Forretress\n|-damage|p2a: Forretress|0 fnt\n|faint|p2a: Forretress\n|\n|t:|1662585874\n|switch|p2a: Suicune|Suicune, shiny|54\/100 slp\n|-damage|p2a: Suicune|30\/100 slp|[from] Spikes\n|\n|-weather|Sandstorm|[upkeep]\n|-damage|p2a: Suicune|23\/100 slp|[from] Sandstorm\n|-heal|p2a: Suicune|30\/100 slp|[from] item: Leftovers\n|upkeep\n|turn|30\n|inactive|Merdiven has 120 seconds left.\n|\n|t:|1662585914\n|cant|p2a: Suicune|slp\n|move|p1a: Tyranitar|Hidden Power|p2a: Suicune\n|-supereffective|p2a: Suicune\n|-damage|p2a: Suicune|5\/100 slp\n|\n|-weather|Sandstorm|[upkeep]\n|-damage|p2a: Suicune|0 fnt|[from] Sandstorm\n|faint|p2a: Suicune\n|upkeep\n|\n|t:|1662585918\n|switch|p2a: Gengar|Gengar, F, shiny|100\/100\n|turn|31\n|inactive|Merdiven has 120 seconds left.\n|\n|t:|1662585933\n|switch|p1a: Zapdos|Zapdos|53\/100 slp\n|move|p2a: Gengar|Giga Drain|p1a: Zapdos\n|-resisted|p1a: Zapdos\n|-damage|p1a: Zapdos|45\/100 slp\n|\n|-weather|Sandstorm|[upkeep]\n|-damage|p2a: Gengar|94\/100|[from] Sandstorm\n|-damage|p1a: Zapdos|39\/100 slp|[from] Sandstorm\n|-heal|p2a: Gengar|100\/100|[from] item: Leftovers\n|-heal|p1a: Zapdos|45\/100 slp|[from] item: Leftovers\n|upkeep\n|turn|32\n|\n|t:|1662585938\n|move|p2a: Gengar|Ice Punch|p1a: Zapdos\n|-supereffective|p1a: Zapdos\n|-crit|p1a: Zapdos\n|-damage|p1a: Zapdos|0 fnt\n|faint|p1a: Zapdos\n|\n|t:|1662585945\n|switch|p1a: Gengar|Gengar, F|100\/100\n|\n|-weather|Sandstorm|[upkeep]\n|-damage|p2a: Gengar|94\/100|[from] Sandstorm\n|-damage|p1a: Gengar|94\/100|[from] Sandstorm\n|-heal|p2a: Gengar|100\/100|[from] item: Leftovers\n|-heal|p1a: Gengar|100\/100|[from] item: Leftovers\n|upkeep\n|turn|33\n|\n|t:|1662585948\n|move|p2a: Gengar|Thunderbolt|p1a: Gengar\n|-damage|p1a: Gengar|49\/100\n|move|p1a: Gengar|Shadow Ball|p2a: Gengar\n|-supereffective|p2a: Gengar\n|-damage|p2a: Gengar|0 fnt\n|faint|p2a: Gengar\n|\n|t:|1662585955\n|switch|p2a: Aerodactyl|Aerodactyl, M, shiny|100\/100\n|\n|-weather|Sandstorm|[upkeep]\n|-damage|p1a: Gengar|43\/100|[from] Sandstorm\n|-heal|p1a: Gengar|49\/100|[from] item: Leftovers\n|upkeep\n|turn|34\n|\n|t:|1662585961\n|move|p2a: Aerodactyl|Rock Slide|p1a: Gengar\n|-damage|p1a: Gengar|0 fnt\n|faint|p1a: Gengar\n|\n|t:|1662585963\n|switch|p1a: Tyranitar|Tyranitar, F|100\/100\n|\n|-weather|Sandstorm|[upkeep]\n|upkeep\n|turn|35\n|\n|t:|1662585968\n|move|p2a: Aerodactyl|Rock Slide|p1a: Tyranitar\n|-damage|p1a: Tyranitar|60\/100\n|move|p1a: Tyranitar|Crunch|p2a: Aerodactyl\n|-damage|p2a: Aerodactyl|50\/100\n|\n|-weather|Sandstorm|[upkeep]\n|-heal|p1a: Tyranitar|66\/100|[from] item: Leftovers\n|upkeep\n|turn|36\n|\n|t:|1662585973\n|move|p2a: Aerodactyl|Rock Slide|p1a: Tyranitar\n|-damage|p1a: Tyranitar|27\/100\n|move|p1a: Tyranitar|Crunch|p2a: Aerodactyl\n|-damage|p2a: Aerodactyl|0 fnt\n|faint|p2a: Aerodactyl\n|\n|win|Merdiven\n|raw|Merdiven's rating: 1339 &rarr; <strong>1356<\/strong><br \/>(+17 for winning)\n|raw|Capital Cruiser's rating: 1282 &rarr; <strong>1261<\/strong><br \/>(-21 for losing)\n|l|\u203dCapital Cruiser\n","uploadtime":1662585980,"views":16,"p1id":"merdiven","p2id":"capitalcruiser","formatid":"gen3ou","rating":1261,"private":0,"password":null}