{"id":"gen3ou-1132081064","p1":"winter lanterns","p2":"Puttin\u20190nTh3Ritz","format":"gen3ou","log":"|j|\u2606winter lanterns\n|j|\u2606Puttin\u20190nTh3Ritz\n|player|p1|winter lanterns|burglar|1566\n|player|p2|Puttin\u20190nTh3Ritz|worker-gen4|1257\n|teamsize|p1|6\n|teamsize|p2|6\n|gametype|singles\n|gen|3\n|tier|[Gen 3] OU\n|rated|\n|rule|Sleep Clause Mod: Limit one foe put to sleep\n|rule|Switch Priority Clause Mod: Faster Pok\u00e9mon switch first\n|rule|Species Clause: Limit one of each Pok\u00e9mon\n|rule|OHKO Clause: OHKO moves are banned\n|rule|Moody Clause: Moody is banned\n|rule|Evasion Moves Clause: Evasion moves are banned\n|rule|Endless Battle Clause: Forcing endless battles is banned\n|rule|HP Percentage Mod: HP is shown in percentages\n|rule|3 Baton Pass Clause: Limit three Baton Passers\n|\n|start\n|switch|p1a: Tyranitar|Tyranitar, M|100\/100\n|switch|p2a: Medichan|Medicham, F, shiny|100\/100\n|-weather|Sandstorm|[from] ability: Sand Stream|[of] p1a: Tyranitar\n|turn|1\n|inactive|Battle timer is ON: inactive players will automatically lose when time's up. (requested by Puttin\u20190nTh3Ritz)\n|\n|switch|p1a: Zapdos|Zapdos|100\/100\n|move|p2a: Medichan|Shadow Ball|p1a: Zapdos\n|-damage|p1a: Zapdos|34\/100\n|-unboost|p1a: Zapdos|spd|1\n|\n|-weather|Sandstorm|[upkeep]\n|-damage|p2a: Medichan|94\/100|[from] Sandstorm\n|-damage|p1a: Zapdos|28\/100|[from] Sandstorm\n|-heal|p1a: Zapdos|34\/100|[from] item: Leftovers\n|upkeep\n|turn|2\n|\n|switch|p2a: Mudkips|Swampert, M|100\/100\n|move|p1a: Zapdos|Drill Peck|p2a: Mudkips\n|-damage|p2a: Mudkips|67\/100\n|\n|-weather|Sandstorm|[upkeep]\n|-damage|p1a: Zapdos|28\/100|[from] Sandstorm\n|-heal|p1a: Zapdos|34\/100|[from] item: Leftovers\n|-heal|p2a: Mudkips|73\/100|[from] item: Leftovers\n|upkeep\n|turn|3\n|\n|switch|p1a: Cloyster|Cloyster, F|100\/100\n|move|p2a: Mudkips|Ice Beam|p1a: Cloyster\n|-resisted|p1a: Cloyster\n|-damage|p1a: Cloyster|91\/100\n|\n|-weather|Sandstorm|[upkeep]\n|-damage|p1a: Cloyster|84\/100|[from] Sandstorm\n|-heal|p1a: Cloyster|91\/100|[from] item: Leftovers\n|-heal|p2a: Mudkips|79\/100|[from] item: Leftovers\n|upkeep\n|turn|4\n|\n|switch|p2a: Medichan|Medicham, F, shiny|94\/100\n|move|p1a: Cloyster|Spikes|p2a: Medichan\n|-sidestart|p2: Puttin\u20190nTh3Ritz|Spikes\n|\n|-weather|Sandstorm|[upkeep]\n|-damage|p2a: Medichan|88\/100|[from] Sandstorm\n|-damage|p1a: Cloyster|84\/100|[from] Sandstorm\n|-heal|p1a: Cloyster|91\/100|[from] item: Leftovers\n|upkeep\n|turn|5\n|\n|move|p2a: Medichan|High Jump Kick|p1a: Cloyster\n|-supereffective|p1a: Cloyster\n|-damage|p1a: Cloyster|0 fnt\n|faint|p1a: Cloyster\n|\n|switch|p1a: Zapdos|Zapdos|34\/100\n|\n|-weather|Sandstorm|[upkeep]\n|-damage|p2a: Medichan|82\/100|[from] Sandstorm\n|-damage|p1a: Zapdos|28\/100|[from] Sandstorm\n|-heal|p1a: Zapdos|34\/100|[from] item: Leftovers\n|upkeep\n|turn|6\n|\n|move|p2a: Medichan|High Jump Kick|p1a: Zapdos\n|-resisted|p1a: Zapdos\n|-damage|p1a: Zapdos|0 fnt\n|faint|p1a: Zapdos\n|\n|switch|p1a: Gengar|Gengar, M|100\/100\n|\n|-weather|Sandstorm|[upkeep]\n|-damage|p1a: Gengar|94\/100|[from] Sandstorm\n|-damage|p2a: Medichan|76\/100|[from] Sandstorm\n|-heal|p1a: Gengar|100\/100|[from] item: Leftovers\n|upkeep\n|turn|7\n|\n|switch|p2a: Mudkips|Swampert, M|79\/100\n|-damage|p2a: Mudkips|67\/100|[from] Spikes\n|move|p1a: Gengar|Hidden Power|p2a: Mudkips\n|-supereffective|p2a: Mudkips\n|-damage|p2a: Mudkips|0 fnt\n|faint|p2a: Mudkips\n|\n|switch|p2a: Starmie|Starmie|100\/100\n|-damage|p2a: Starmie|88\/100|[from] Spikes\n|\n|-weather|Sandstorm|[upkeep]\n|-damage|p2a: Starmie|82\/100|[from] Sandstorm\n|-damage|p1a: Gengar|94\/100|[from] Sandstorm\n|-heal|p2a: Starmie|88\/100|[from] item: Leftovers\n|-heal|p1a: Gengar|100\/100|[from] item: Leftovers\n|upkeep\n|turn|8\n|\n|switch|p1a: Blissey|Blissey, F|100\/100\n|move|p2a: Starmie|Psychic|p1a: Blissey\n|-damage|p1a: Blissey|86\/100\n|\n|-weather|Sandstorm|[upkeep]\n|-damage|p2a: Starmie|82\/100|[from] Sandstorm\n|-damage|p1a: Blissey|79\/100|[from] Sandstorm\n|-heal|p2a: Starmie|88\/100|[from] item: Leftovers\n|-heal|p1a: Blissey|86\/100|[from] item: Leftovers\n|upkeep\n|turn|9\n|\n|move|p2a: Starmie|Psychic|p1a: Blissey\n|-damage|p1a: Blissey|69\/100\n|move|p1a: Blissey|Thunderbolt|p2a: Starmie\n|-supereffective|p2a: Starmie\n|-damage|p2a: Starmie|8\/100\n|\n|-weather|Sandstorm|[upkeep]\n|-damage|p2a: Starmie|2\/100|[from] Sandstorm\n|-damage|p1a: Blissey|63\/100|[from] Sandstorm\n|-heal|p2a: Starmie|8\/100|[from] item: Leftovers\n|-heal|p1a: Blissey|69\/100|[from] item: Leftovers\n|upkeep\n|turn|10\n|\n|move|p2a: Starmie|Psychic|p1a: Blissey\n|-damage|p1a: Blissey|53\/100\n|move|p1a: Blissey|Thunderbolt|p2a: Starmie\n|-supereffective|p2a: Starmie\n|-crit|p2a: Starmie\n|-damage|p2a: Starmie|0 fnt\n|faint|p2a: Starmie\n|\n|switch|p2a: Metagross|Metagross|100\/100\n|-damage|p2a: Metagross|88\/100|[from] Spikes\n|\n|-weather|Sandstorm|[upkeep]\n|-damage|p1a: Blissey|47\/100|[from] Sandstorm\n|-heal|p2a: Metagross|94\/100|[from] item: Leftovers\n|-heal|p1a: Blissey|53\/100|[from] item: Leftovers\n|upkeep\n|turn|11\n|\n|switch|p1a: Metagross|Metagross|100\/100\n|move|p2a: Metagross|Agility|p2a: Metagross\n|-boost|p2a: Metagross|spe|2\n|\n|-weather|Sandstorm|[upkeep]\n|-heal|p2a: Metagross|100\/100|[from] item: Leftovers\n|upkeep\n|turn|12\n|\n|move|p2a: Metagross|Earthquake|p1a: Metagross\n|-supereffective|p1a: Metagross\n|-damage|p1a: Metagross|36\/100\n|move|p1a: Metagross|Earthquake|p2a: Metagross\n|-supereffective|p2a: Metagross\n|-damage|p2a: Metagross|37\/100\n|\n|-weather|Sandstorm|[upkeep]\n|-heal|p2a: Metagross|43\/100|[from] item: Leftovers\n|upkeep\n|turn|13\n|\n|move|p2a: Metagross|Earthquake|p1a: Metagross\n|-supereffective|p1a: Metagross\n|-damage|p1a: Metagross|0 fnt\n|faint|p1a: Metagross\n|\n|switch|p1a: Blissey|Blissey, F|53\/100\n|\n|-weather|Sandstorm|[upkeep]\n|-damage|p1a: Blissey|47\/100|[from] Sandstorm\n|-heal|p2a: Metagross|49\/100|[from] item: Leftovers\n|-heal|p1a: Blissey|53\/100|[from] item: Leftovers\n|upkeep\n|turn|14\n|\n|move|p2a: Metagross|Meteor Mash|p1a: Blissey\n|-damage|p1a: Blissey|0 fnt\n|faint|p1a: Blissey\n|\n|switch|p1a: Gengar|Gengar, M|100\/100\n|\n|-weather|Sandstorm|[upkeep]\n|-damage|p1a: Gengar|94\/100|[from] Sandstorm\n|-heal|p2a: Metagross|56\/100|[from] item: Leftovers\n|-heal|p1a: Gengar|100\/100|[from] item: Leftovers\n|upkeep\n|turn|15\n|\n|move|p2a: Metagross|Meteor Mash|p1a: Gengar\n|-crit|p1a: Gengar\n|-damage|p1a: Gengar|0 fnt\n|-boost|p2a: Metagross|atk|1\n|faint|p1a: Gengar\n|-message|winter lanterns forfeited.\n|\n|win|Puttin\u20190nTh3Ritz\n|l|\u2606winter lanterns\n|c|\u2606Puttin\u20190nTh3Ritz|gg\n||Ladder (probably) updated, but score could not be retrieved (Request timeout).\n","uploadtime":1592071545,"views":6,"p1id":"winterlanterns","p2id":"puttin0nth3ritz","formatid":"gen3ou","rating":0,"private":0,"password":null}