{"id":"gen3ou-1697654700","p1":"innovamania","p2":"knexhawk2","format":"gen3ou","log":"|j|\u2606innovamania\n|j|\u2606knexhawk2\n|inactive|Battle timer is ON: inactive players will automatically lose when time's up.\n|t:|1667019772\n|gametype|singles\n|player|p1|innovamania|#innovamania|\n|player|p2|knexhawk2|benga|\n|teamsize|p1|6\n|teamsize|p2|6\n|gen|3\n|tier|[Gen 3] OU\n|rated|Tournament battle\n|rule|Sleep Clause Mod: Limit one foe put to sleep\n|rule|Switch Priority Clause Mod: Faster Pok\u00e9mon switch first\n|rule|Species Clause: Limit one of each Pok\u00e9mon\n|rule|OHKO Clause: OHKO moves are banned\n|rule|Evasion Items Clause: Evasion items are banned\n|rule|Evasion Moves Clause: Evasion moves are banned\n|rule|Endless Battle Clause: Forcing endless battles is banned\n|rule|HP Percentage Mod: HP is shown in percentages\n|rule|One Boost Passer Clause: Limit one Baton Passer that has a way to boost its stats\n|rule|Freeze Clause Mod: Limit one foe frozen\n|\n|t:|1667019772\n|start\n|switch|p1a: Ninjask|Ninjask, F|100\/100\n|switch|p2a: Celebi|Celebi|100\/100\n|turn|1\n|c|\u2606knexhawk2|oh boy\n|c|\u2606knexhawk2|baton pass\n|\n|t:|1667019782\n|switch|p2a: Skarmory|Skarmory, F|100\/100\n|move|p1a: Ninjask|Silver Wind|p2a: Skarmory\n|-resisted|p2a: Skarmory\n|-damage|p2a: Skarmory|95\/100\n|\n|-ability|p1a: Ninjask|Speed Boost|boost\n|-boost|p1a: Ninjask|spe|1\n|-heal|p2a: Skarmory|100\/100|[from] item: Leftovers\n|upkeep\n|turn|2\n|\n|t:|1667019787\n|move|p1a: Ninjask|Baton Pass|p1a: Ninjask\n|\n|t:|1667019789\n|switch|p1a: Magneton|Magneton|100\/100|[from]move: Baton Pass\n|move|p2a: Skarmory|Toxic|p1a: Magneton\n|-immune|p1a: Magneton\n|\n|upkeep\n|turn|3\n|\n|t:|1667019792\n|move|p1a: Magneton|Thunderbolt|p2a: Skarmory\n|-supereffective|p2a: Skarmory\n|-crit|p2a: Skarmory\n|-damage|p2a: Skarmory|0 fnt\n|faint|p2a: Skarmory\n|\n|t:|1667019795\n|switch|p2a: Celebi|Celebi|100\/100\n|\n|upkeep\n|turn|4\n|\n|t:|1667019799\n|move|p1a: Magneton|Toxic|p2a: Celebi|[miss]\n|-miss|p1a: Magneton|p2a: Celebi\n|move|p2a: Celebi|Leech Seed|p1a: Magneton\n|-start|p1a: Magneton|move: Leech Seed\n|\n|-damage|p1a: Magneton|88\/100|[from] Leech Seed|[of] p2a: Celebi\n|upkeep\n|turn|5\n|\n|t:|1667019803\n|switch|p1a: Ninjask|Ninjask, F|100\/100\n|move|p2a: Celebi|Light Screen|p2a: Celebi\n|-sidestart|p2: knexhawk2|Light Screen\n|\n|upkeep\n|turn|6\n|\n|t:|1667019809\n|switch|p2a: Aerodactyl|Aerodactyl, M|100\/100\n|move|p1a: Ninjask|Silver Wind|p2a: Aerodactyl\n|-resisted|p2a: Aerodactyl\n|-damage|p2a: Aerodactyl|78\/100\n|\n|-ability|p1a: Ninjask|Speed Boost|boost\n|-boost|p1a: Ninjask|spe|1\n|upkeep\n|turn|7\n|\n|t:|1667019815\n|move|p1a: Ninjask|Substitute|p1a: Ninjask\n|-start|p1a: Ninjask|Substitute\n|-damage|p1a: Ninjask|76\/100\n|move|p2a: Aerodactyl|Double-Edge|p1a: Ninjask\n|-end|p1a: Ninjask|Substitute\n|\n|-ability|p1a: Ninjask|Speed Boost|boost\n|-boost|p1a: Ninjask|spe|1\n|-heal|p1a: Ninjask|82\/100|[from] item: Leftovers\n|upkeep\n|turn|8\n|\n|t:|1667019822\n|move|p1a: Ninjask|Protect|p1a: Ninjask\n|-singleturn|p1a: Ninjask|Protect\n|move|p2a: Aerodactyl|Double-Edge|p1a: Ninjask\n|-activate|p1a: Ninjask|Protect\n|\n|-ability|p1a: Ninjask|Speed Boost|boost\n|-boost|p1a: Ninjask|spe|1\n|-heal|p1a: Ninjask|88\/100|[from] item: Leftovers\n|upkeep\n|turn|9\n|\n|t:|1667019834\n|move|p1a: Ninjask|Baton Pass|p1a: Ninjask\n|\n|t:|1667019836\n|switch|p1a: Metagross|Metagross|100\/100|[from]move: Baton Pass\n|move|p2a: Aerodactyl|Double-Edge|p1a: Metagross\n|-resisted|p1a: Metagross\n|-damage|p1a: Metagross|81\/100\n|\n|-sideend|p2: knexhawk2|Light Screen\n|upkeep\n|turn|10\n|\n|t:|1667019855\n|switch|p2a: Swampert|Swampert, F|100\/100\n|move|p1a: Metagross|Meteor Mash|p2a: Swampert\n|-resisted|p2a: Swampert\n|-damage|p2a: Swampert|82\/100\n|\n|-heal|p2a: Swampert|88\/100|[from] item: Leftovers\n|upkeep\n|turn|11\n|\n|t:|1667019861\n|move|p2a: Swampert|Protect|p2a: Swampert\n|-singleturn|p2a: Swampert|Protect\n|move|p1a: Metagross|Hidden Power|p2a: Swampert\n|-activate|p2a: Swampert|Protect\n|\n|-heal|p2a: Swampert|95\/100|[from] item: Leftovers\n|upkeep\n|turn|12\n|\n|t:|1667019881\n|switch|p2a: Magneton|Magneton|100\/100\n|move|p1a: Metagross|Hidden Power|p2a: Magneton\n|-resisted|p2a: Magneton\n|-damage|p2a: Magneton|88\/100\n|\n|-heal|p2a: Magneton|94\/100|[from] item: Leftovers\n|upkeep\n|turn|13\n|\n|t:|1667019887\n|move|p2a: Magneton|Protect|p2a: Magneton\n|-singleturn|p2a: Magneton|Protect\n|move|p1a: Metagross|Earthquake|p2a: Magneton\n|-activate|p2a: Magneton|Protect\n|\n|-heal|p2a: Magneton|100\/100|[from] item: Leftovers\n|upkeep\n|turn|14\n|\n|t:|1667019890\n|switch|p2a: Celebi|Celebi|100\/100\n|move|p1a: Metagross|Earthquake|p2a: Celebi\n|-resisted|p2a: Celebi\n|-damage|p2a: Celebi|86\/100\n|\n|-heal|p2a: Celebi|92\/100|[from] item: Leftovers\n|upkeep\n|turn|15\n|\n|t:|1667019893\n|move|p1a: Metagross|Meteor Mash|p2a: Celebi\n|-damage|p2a: Celebi|48\/100\n|move|p2a: Celebi|Leech Seed|p1a: Metagross\n|-start|p1a: Metagross|move: Leech Seed\n|\n|-damage|p1a: Metagross|69\/100|[from] Leech Seed|[of] p2a: Celebi\n|-heal|p2a: Celebi|59\/100|[silent]\n|-heal|p2a: Celebi|66\/100|[from] item: Leftovers\n|upkeep\n|turn|16\n|\n|t:|1667019902\n|move|p1a: Metagross|Meteor Mash|p2a: Celebi\n|-damage|p2a: Celebi|21\/100\n|move|p2a: Celebi|Leech Seed||[still]\n|-fail|p2a: Celebi\n|\n|-damage|p1a: Metagross|56\/100|[from] Leech Seed|[of] p2a: Celebi\n|-heal|p2a: Celebi|33\/100|[silent]\n|-heal|p2a: Celebi|39\/100|[from] item: Leftovers\n|upkeep\n|turn|17\n|\n|t:|1667019916\n|switch|p2a: Swampert|Swampert, F|95\/100\n|move|p1a: Metagross|Hidden Power|p2a: Swampert\n|-supereffective|p2a: Swampert\n|-damage|p2a: Swampert|50\/100\n|\n|-damage|p1a: Metagross|44\/100|[from] Leech Seed|[of] p2a: Swampert\n|-heal|p2a: Swampert|61\/100|[silent]\n|-heal|p2a: Swampert|67\/100|[from] item: Leftovers\n|upkeep\n|turn|18\n|inactive|knexhawk2 has 120 seconds left.\n|\n|t:|1667019948\n|move|p2a: Swampert|Protect|p2a: Swampert\n|-singleturn|p2a: Swampert|Protect\n|move|p1a: Metagross|Hidden Power|p2a: Swampert\n|-activate|p2a: Swampert|Protect\n|\n|-damage|p1a: Metagross|32\/100|[from] Leech Seed|[of] p2a: Swampert\n|-heal|p2a: Swampert|78\/100|[silent]\n|-heal|p2a: Swampert|85\/100|[from] item: Leftovers\n|upkeep\n|turn|19\n|\n|t:|1667019953\n|switch|p2a: Celebi|Celebi|39\/100\n|move|p1a: Metagross|Explosion|p2a: Celebi\n|-damage|p2a: Celebi|0 fnt\n|faint|p1a: Metagross\n|faint|p2a: Celebi\n|\n|t:|1667019966\n|switch|p2a: Tyranitar|Tyranitar, M|100\/100\n|switch|p1a: Ninjask|Ninjask, F|88\/100\n|-weather|Sandstorm|[from] ability: Sand Stream|[of] p2a: Tyranitar\n|\n|-weather|Sandstorm|[upkeep]\n|-damage|p1a: Ninjask|82\/100|[from] Sandstorm\n|-heal|p1a: Ninjask|88\/100|[from] item: Leftovers\n|upkeep\n|turn|20\n|\n|t:|1667019974\n|move|p1a: Ninjask|Substitute|p1a: Ninjask\n|-start|p1a: Ninjask|Substitute\n|-damage|p1a: Ninjask|63\/100\n|move|p2a: Tyranitar|Fire Blast|p1a: Ninjask\n|-supereffective|p1a: Ninjask\n|-crit|p1a: Ninjask\n|-end|p1a: Ninjask|Substitute\n|\n|-weather|Sandstorm|[upkeep]\n|-damage|p1a: Ninjask|57\/100|[from] Sandstorm\n|-ability|p1a: Ninjask|Speed Boost|boost\n|-boost|p1a: Ninjask|spe|1\n|-heal|p1a: Ninjask|63\/100|[from] item: Leftovers\n|upkeep\n|turn|21\n|\n|t:|1667019981\n|move|p1a: Ninjask|Protect|p1a: Ninjask\n|-singleturn|p1a: Ninjask|Protect\n|move|p2a: Tyranitar|Pursuit|p1a: Ninjask\n|-activate|p1a: Ninjask|Protect\n|\n|-weather|Sandstorm|[upkeep]\n|-damage|p1a: Ninjask|57\/100|[from] Sandstorm\n|-ability|p1a: Ninjask|Speed Boost|boost\n|-boost|p1a: Ninjask|spe|1\n|-heal|p1a: Ninjask|63\/100|[from] item: Leftovers\n|upkeep\n|turn|22\n|\n|t:|1667019990\n|move|p1a: Ninjask|Baton Pass|p1a: Ninjask\n|\n|t:|1667019993\n|switch|p1a: Poliwrath|Poliwrath, M|100\/100|[from]move: Baton Pass\n|move|p2a: Tyranitar|Fire Blast|p1a: Poliwrath\n|-resisted|p1a: Poliwrath\n|-damage|p1a: Poliwrath|81\/100\n|\n|-weather|Sandstorm|[upkeep]\n|-damage|p1a: Poliwrath|74\/100|[from] Sandstorm\n|-heal|p1a: Poliwrath|81\/100|[from] item: Leftovers\n|upkeep\n|turn|23\n|\n|t:|1667020001\n|move|p1a: Poliwrath|Hypnosis|p2a: Tyranitar|[miss]\n|-miss|p1a: Poliwrath|p2a: Tyranitar\n|move|p2a: Tyranitar|Hidden Power|p1a: Poliwrath\n|-supereffective|p1a: Poliwrath\n|-crit|p1a: Poliwrath\n|-damage|p1a: Poliwrath|0 fnt\n|faint|p1a: Poliwrath\n|\n|t:|1667020008\n|switch|p1a: Ninjask|Ninjask, F|63\/100\n|\n|-weather|Sandstorm|[upkeep]\n|-damage|p1a: Ninjask|57\/100|[from] Sandstorm\n|-heal|p1a: Ninjask|63\/100|[from] item: Leftovers\n|upkeep\n|turn|24\n|\n|t:|1667020015\n|switch|p2a: Swampert|Swampert, F|85\/100\n|move|p1a: Ninjask|Protect||[still]\n|-fail|p1a: Ninjask\n|\n|-weather|Sandstorm|[upkeep]\n|-damage|p1a: Ninjask|57\/100|[from] Sandstorm\n|-ability|p1a: Ninjask|Speed Boost|boost\n|-boost|p1a: Ninjask|spe|1\n|-heal|p1a: Ninjask|63\/100|[from] item: Leftovers\n|-heal|p2a: Swampert|91\/100|[from] item: Leftovers\n|upkeep\n|turn|25\n|\n|t:|1667020021\n|move|p1a: Ninjask|Protect|p1a: Ninjask\n|-singleturn|p1a: Ninjask|Protect\n|move|p2a: Swampert|Surf|p1a: Ninjask\n|-activate|p1a: Ninjask|Protect\n|\n|-weather|Sandstorm|[upkeep]\n|-damage|p1a: Ninjask|57\/100|[from] Sandstorm\n|-ability|p1a: Ninjask|Speed Boost|boost\n|-boost|p1a: Ninjask|spe|1\n|-heal|p1a: Ninjask|63\/100|[from] item: Leftovers\n|-heal|p2a: Swampert|97\/100|[from] item: Leftovers\n|upkeep\n|turn|26\n|\n|t:|1667020031\n|move|p1a: Ninjask|Substitute|p1a: Ninjask\n|-start|p1a: Ninjask|Substitute\n|-damage|p1a: Ninjask|39\/100\n|move|p2a: Swampert|Surf|p1a: Ninjask\n|-end|p1a: Ninjask|Substitute\n|\n|-weather|Sandstorm|[upkeep]\n|-damage|p1a: Ninjask|32\/100|[from] Sandstorm\n|-ability|p1a: Ninjask|Speed Boost|boost\n|-boost|p1a: Ninjask|spe|1\n|-heal|p1a: Ninjask|39\/100|[from] item: Leftovers\n|-heal|p2a: Swampert|100\/100|[from] item: Leftovers\n|upkeep\n|turn|27\n|\n|t:|1667020053\n|move|p1a: Ninjask|Protect|p1a: Ninjask\n|-singleturn|p1a: Ninjask|Protect\n|move|p2a: Swampert|Toxic|p1a: Ninjask\n|-activate|p1a: Ninjask|Protect\n|\n|-weather|Sandstorm|[upkeep]\n|-damage|p1a: Ninjask|32\/100|[from] Sandstorm\n|-ability|p1a: Ninjask|Speed Boost|boost\n|-boost|p1a: Ninjask|spe|1\n|-heal|p1a: Ninjask|39\/100|[from] item: Leftovers\n|upkeep\n|turn|28\n|\n|t:|1667020060\n|move|p1a: Ninjask|Baton Pass|p1a: Ninjask\n|\n|t:|1667020061\n|switch|p1a: Snorlax|Snorlax, M|100\/100|[from]move: Baton Pass\n|move|p2a: Swampert|Toxic|p1a: Snorlax\n|-immune|p1a: Snorlax|[from] ability: Immunity\n|\n|-weather|Sandstorm|[upkeep]\n|-damage|p1a: Snorlax|94\/100|[from] Sandstorm\n|-heal|p1a: Snorlax|100\/100|[from] item: Leftovers\n|upkeep\n|turn|29\n|\n|t:|1667020070\n|switch|p2a: Tyranitar|Tyranitar, M|100\/100\n|move|p1a: Snorlax|Belly Drum|p1a: Snorlax\n|-damage|p1a: Snorlax|51\/100\n|-setboost|p1a: Snorlax|atk|6|[from] move: Belly Drum\n|\n|-weather|Sandstorm|[upkeep]\n|-damage|p1a: Snorlax|44\/100|[from] Sandstorm\n|-heal|p1a: Snorlax|51\/100|[from] item: Leftovers\n|upkeep\n|turn|30\n|\n|t:|1667020076\n|move|p1a: Snorlax|Earthquake|p2a: Tyranitar\n|-supereffective|p2a: Tyranitar\n|-damage|p2a: Tyranitar|0 fnt\n|faint|p2a: Tyranitar\n|\n|t:|1667020080\n|switch|p2a: Magneton|Magneton|100\/100\n|\n|-weather|Sandstorm|[upkeep]\n|-damage|p1a: Snorlax|44\/100|[from] Sandstorm\n|-heal|p1a: Snorlax|51\/100|[from] item: Leftovers\n|upkeep\n|turn|31\n|\n|t:|1667020084\n|switch|p2a: Aerodactyl|Aerodactyl, M|78\/100\n|move|p1a: Snorlax|Earthquake|p2a: Aerodactyl\n|-immune|p2a: Aerodactyl\n|\n|-weather|Sandstorm|[upkeep]\n|-damage|p1a: Snorlax|44\/100|[from] Sandstorm\n|-heal|p1a: Snorlax|51\/100|[from] item: Leftovers\n|upkeep\n|turn|32\n|\n|t:|1667020087\n|move|p2a: Aerodactyl|Rock Slide|p1a: Snorlax\n|-damage|p1a: Snorlax|4\/100\n|move|p1a: Snorlax|Shadow Ball|p2a: Aerodactyl\n|-damage|p2a: Aerodactyl|0 fnt\n|faint|p2a: Aerodactyl\n|\n|t:|1667020092\n|switch|p2a: Magneton|Magneton|100\/100\n|\n|-weather|Sandstorm|[upkeep]\n|-damage|p1a: Snorlax|0 fnt|[from] Sandstorm\n|faint|p1a: Snorlax\n|upkeep\n|\n|t:|1667020103\n|switch|p1a: Ninjask|Ninjask, F|39\/100\n|turn|33\n|\n|t:|1667020106\n|move|p1a: Ninjask|Protect|p1a: Ninjask\n|-singleturn|p1a: Ninjask|Protect\n|move|p2a: Magneton|Thunderbolt|p1a: Ninjask\n|-activate|p1a: Ninjask|Protect\n|\n|-weather|Sandstorm|[upkeep]\n|-damage|p1a: Ninjask|32\/100|[from] Sandstorm\n|-ability|p1a: Ninjask|Speed Boost|boost\n|-boost|p1a: Ninjask|spe|1\n|-heal|p1a: Ninjask|39\/100|[from] item: Leftovers\n|upkeep\n|turn|34\n|\n|t:|1667020111\n|move|p1a: Ninjask|Baton Pass|p1a: Ninjask\n|\n|t:|1667020113\n|switch|p1a: Marowak|Marowak, M|100\/100|[from]move: Baton Pass\n|move|p2a: Magneton|Hidden Power|p1a: Marowak\n|-damage|p1a: Marowak|63\/100\n|\n|-weather|Sandstorm|[upkeep]\n|upkeep\n|turn|35\n|\n|t:|1667020126\n|move|p1a: Marowak|Swords Dance|p1a: Marowak\n|-boost|p1a: Marowak|atk|2\n|move|p2a: Magneton|Toxic|p1a: Marowak\n|-status|p1a: Marowak|tox\n|\n|-weather|Sandstorm|[upkeep]\n|-damage|p1a: Marowak|57\/100 tox|[from] psn\n|upkeep\n|turn|36\n|\n|t:|1667020130\n|move|p2a: Magneton|Protect|p2a: Magneton\n|-singleturn|p2a: Magneton|Protect\n|move|p1a: Marowak|Earthquake|p2a: Magneton\n|-activate|p2a: Magneton|Protect\n|\n|-weather|Sandstorm|[upkeep]\n|-damage|p1a: Marowak|45\/100 tox|[from] psn\n|upkeep\n|turn|37\n|\n|t:|1667020132\n|move|p2a: Magneton|Protect||[still]\n|-fail|p2a: Magneton\n|move|p1a: Marowak|Earthquake|p2a: Magneton\n|-supereffective|p2a: Magneton\n|-damage|p2a: Magneton|0 fnt\n|faint|p2a: Magneton\n|\n|t:|1667020133\n|switch|p2a: Swampert|Swampert, F|100\/100\n|\n|-weather|Sandstorm|[upkeep]\n|-damage|p1a: Marowak|27\/100 tox|[from] psn\n|upkeep\n|turn|38\n|\n|t:|1667020136\n|move|p2a: Swampert|Protect|p2a: Swampert\n|-singleturn|p2a: Swampert|Protect\n|move|p1a: Marowak|Earthquake|p2a: Swampert\n|-activate|p2a: Swampert|Protect\n|\n|-weather|Sandstorm|[upkeep]\n|-damage|p1a: Marowak|2\/100 tox|[from] psn\n|upkeep\n|turn|39\n|\n|t:|1667020138\n|move|p2a: Swampert|Protect|p2a: Swampert\n|-singleturn|p2a: Swampert|Protect\n|move|p1a: Marowak|Earthquake|p2a: Swampert\n|-activate|p2a: Swampert|Protect\n|\n|-weather|Sandstorm|[upkeep]\n|-damage|p1a: Marowak|0 fnt|[from] psn\n|faint|p1a: Marowak\n|upkeep\n|j| tubulartanis\n|c|\u2606innovamania|cmon\n|\n|t:|1667020146\n|switch|p1a: Ninjask|Ninjask, F|39\/100\n|turn|40\n|c|\u2606knexhawk2|i had 2 chances to get one double\n|c|\u2606innovamania|what a lame game\n|c|\u2606knexhawk2|you should of passed +6 to snorlax that instawon u the game\n|\n|t:|1667020159\n|move|p1a: Ninjask|Silver Wind|p2a: Swampert\n|-damage|p2a: Swampert|81\/100\n|move|p2a: Swampert|Surf|p1a: Ninjask\n|-damage|p1a: Ninjask|0 fnt\n|faint|p1a: Ninjask\n|\n|t:|1667020164\n|switch|p1a: Magneton|Magneton|88\/100\n|\n|-weather|Sandstorm|[upkeep]\n|-heal|p2a: Swampert|87\/100|[from] item: Leftovers\n|upkeep\n|turn|41\n|c|\u2606knexhawk2|i mean you brought baton pass....\n|\n|t:|1667020169\n|move|p2a: Swampert|Protect|p2a: Swampert\n|-singleturn|p2a: Swampert|Protect\n|move|p1a: Magneton|Hidden Power|p2a: Swampert\n|-activate|p2a: Swampert|Protect\n|\n|-weather|Sandstorm|[upkeep]\n|-heal|p2a: Swampert|93\/100|[from] item: Leftovers\n|upkeep\n|turn|42\n|\n|t:|1667020172\n|move|p1a: Magneton|Hidden Power|p2a: Swampert\n|-supereffective|p2a: Swampert\n|-damage|p2a: Swampert|6\/100\n|move|p2a: Swampert|Surf|p1a: Magneton\n|-damage|p1a: Magneton|17\/100\n|\n|-weather|Sandstorm|[upkeep]\n|-heal|p2a: Swampert|12\/100|[from] item: Leftovers\n|upkeep\n|turn|43\n|c|\u2606knexhawk2|but i dont have earthquake so\n|c|\u2606innovamania|no eq??\n|c|\u2606knexhawk2|its refresh\n|\n|t:|1667020182\n|move|p2a: Swampert|Protect|p2a: Swampert\n|-singleturn|p2a: Swampert|Protect\n|move|p1a: Magneton|Hidden Power|p2a: Swampert\n|-activate|p2a: Swampert|Protect\n|\n|-weather|Sandstorm|[upkeep]\n|-heal|p2a: Swampert|19\/100|[from] item: Leftovers\n|upkeep\n|turn|44\n|c|\u2606innovamania|wtf is this swampert\n|c|\u2606innovamania|lmao\n|\n|t:|1667020189\n|move|p1a: Magneton|Hidden Power|p2a: Swampert\n|-supereffective|p2a: Swampert\n|-damage|p2a: Swampert|0 fnt\n|faint|p2a: Swampert\n|\n|win|innovamania\n|n|\u2606innovamania|innovamania\n|n|\u2606knexhawk2|knexhawk2\n|n| tubulartanis|tubulartanis\n","uploadtime":1667020190,"views":4,"p1id":"innovamania","p2id":"knexhawk2","formatid":"gen3ou","rating":0,"private":0,"password":null}