{"id":"gen3ou-1633033398","p1":"Raph369","p2":"Lekstaz","format":"gen3ou","log":"|j|\u2606Raph369\n|j|\u2606Lekstaz\n|t:|1659726839\n|gametype|singles\n|player|p1|Raph369|archer|\n|player|p2|Lekstaz|scientist|\n|teamsize|p1|6\n|teamsize|p2|6\n|gen|3\n|tier|[Gen 3] OU\n|rule|Sleep Clause Mod: Limit one foe put to sleep\n|rule|Switch Priority Clause Mod: Faster Pok\u00e9mon switch first\n|rule|Species Clause: Limit one of each Pok\u00e9mon\n|rule|OHKO Clause: OHKO moves are banned\n|rule|Evasion Moves Clause: Evasion moves are banned\n|rule|Endless Battle Clause: Forcing endless battles is banned\n|rule|HP Percentage Mod: HP is shown in percentages\n|rule|One Boost Passer Clause: Limit one Baton Passer that has a way to boost its stats\n|rule|Freeze Clause Mod: Limit one foe frozen\n|\n|t:|1659726839\n|start\n|switch|p1a: Sahara|Tyranitar, F|100\/100\n|switch|p2a: Cloyster|Cloyster, F|100\/100\n|-weather|Sandstorm|[from] ability: Sand Stream|[of] p1a: Sahara\n|turn|1\n|c|\u2606Lekstaz|hf\n|c|\u2606Raph369|hf\n|inactive|Battle timer is ON: inactive players will automatically lose when time's up. (requested by Lekstaz)\n|j| Yari Biffle\n|j| Nael222\n|\n|t:|1659726888\n|move|p2a: Cloyster|Surf|p1a: Sahara\n|-supereffective|p1a: Sahara\n|-damage|p1a: Sahara|40\/100\n|move|p1a: Sahara|Rock Slide|p2a: Cloyster\n|-supereffective|p2a: Cloyster\n|-damage|p2a: Cloyster|0 fnt\n|faint|p2a: Cloyster\n|\n|t:|1659726903\n|switch|p2a: Metagross|Metagross|100\/100\n|\n|-weather|Sandstorm|[upkeep]\n|upkeep\n|turn|2\n|c|\u2606Raph369|un kill, l'objectif est d\u00e9j\u00e0 rempli :paz:\n|inactive|Raph369 has 270 seconds left.\n|\n|t:|1659726940\n|switch|p1a: Aerosmith|Skarmory, M|100\/100\n|move|p2a: Metagross|Hidden Power|p1a: Aerosmith\n|-resisted|p1a: Aerosmith\n|-damage|p1a: Aerosmith|95\/100\n|\n|-weather|Sandstorm|[upkeep]\n|-heal|p1a: Aerosmith|100\/100|[from] item: Leftovers\n|upkeep\n|turn|3\n|inactive|Raph369 has 270 seconds left.\n|j| tf\n|\n|t:|1659726947\n|move|p1a: Aerosmith|Spikes|p2a: Metagross\n|-sidestart|p2: Lekstaz|Spikes\n|move|p2a: Metagross|Thunder Punch|p1a: Aerosmith\n|-supereffective|p1a: Aerosmith\n|-damage|p1a: Aerosmith|55\/100\n|\n|-weather|Sandstorm|[upkeep]\n|-heal|p1a: Aerosmith|61\/100|[from] item: Leftovers\n|upkeep\n|turn|4\n|inactive|Raph369 has 270 seconds left.\n|\n|t:|1659726958\n|switch|p1a: Skyfall|Zapdos, shiny|100\/100\n|move|p2a: Metagross|Thunder Punch|p1a: Skyfall\n|-damage|p1a: Skyfall|76\/100\n|\n|-weather|Sandstorm|[upkeep]\n|-damage|p1a: Skyfall|69\/100|[from] Sandstorm\n|-heal|p1a: Skyfall|76\/100|[from] item: Leftovers\n|upkeep\n|turn|5\n|inactive|Raph369 has 270 seconds left.\n|j| Nultiprise\n|\n|t:|1659726974\n|switch|p2a: Jolteon|Jolteon, F|100\/100\n|-damage|p2a: Jolteon|88\/100|[from] Spikes\n|move|p1a: Skyfall|Thunder Wave|p2a: Jolteon\n|-status|p2a: Jolteon|par\n|\n|-weather|Sandstorm|[upkeep]\n|-damage|p1a: Skyfall|69\/100|[from] Sandstorm\n|-damage|p2a: Jolteon|82\/100 par|[from] Sandstorm\n|-heal|p1a: Skyfall|76\/100|[from] item: Leftovers\n|-heal|p2a: Jolteon|88\/100 par|[from] item: Leftovers\n|upkeep\n|turn|6\n|\n|t:|1659726983\n|switch|p1a: Ampere|Jolteon, M|100\/100\n|move|p2a: Jolteon|Thunder Wave|p1a: Ampere\n|-status|p1a: Ampere|par\n|\n|-weather|Sandstorm|[upkeep]\n|-damage|p1a: Ampere|95\/100 par|[from] Sandstorm\n|-damage|p2a: Jolteon|82\/100 par|[from] Sandstorm\n|-heal|p1a: Ampere|100\/100 par|[from] item: Leftovers\n|-heal|p2a: Jolteon|88\/100 par|[from] item: Leftovers\n|upkeep\n|turn|7\n|j| LT92PF 420\n|l| Nael222\n|c|\u2606Raph369|on est des sacr\u00e9s trolleurs :paz:\n|inactive|Raph369 has 270 seconds left.\n|l| tf\n|j| tf\n|\n|t:|1659727026\n|move|p2a: Jolteon|Hidden Power|p1a: Ampere\n|-damage|p1a: Ampere|74\/100 par\n|move|p1a: Ampere|Roar|p2a: Jolteon\n|drag|p2a: Metagross|Metagross|100\/100\n|-damage|p2a: Metagross|88\/100|[from] Spikes\n|\n|-weather|Sandstorm|[upkeep]\n|-damage|p1a: Ampere|68\/100 par|[from] Sandstorm\n|-heal|p2a: Metagross|94\/100|[from] item: Leftovers\n|-heal|p1a: Ampere|74\/100 par|[from] item: Leftovers\n|upkeep\n|turn|8\n|inactive|Lekstaz has 270 seconds left.\n|\n|t:|1659727046\n|switch|p1a: Skyfall|Zapdos, shiny|76\/100\n|move|p2a: Metagross|Thunder Punch|p1a: Skyfall\n|-damage|p1a: Skyfall|46\/100\n|\n|-weather|Sandstorm|[upkeep]\n|-damage|p1a: Skyfall|40\/100|[from] Sandstorm\n|-heal|p1a: Skyfall|46\/100|[from] item: Leftovers\n|-heal|p2a: Metagross|99\/100|[from] item: Leftovers\n|upkeep\n|turn|9\n|\n|t:|1659727056\n|switch|p2a: Jolteon|Jolteon, F|88\/100 par\n|-damage|p2a: Jolteon|76\/100 par|[from] Spikes\n|move|p1a: Skyfall|Thunderbolt|p2a: Jolteon\n|-heal|p2a: Jolteon|100\/100 par|[from] ability: Volt Absorb|[of] p1a: Skyfall\n|\n|-weather|Sandstorm|[upkeep]\n|-damage|p1a: Skyfall|40\/100|[from] Sandstorm\n|-damage|p2a: Jolteon|94\/100 par|[from] Sandstorm\n|-heal|p1a: Skyfall|46\/100|[from] item: Leftovers\n|-heal|p2a: Jolteon|100\/100 par|[from] item: Leftovers\n|upkeep\n|turn|10\n|\n|t:|1659727070\n|switch|p1a: Antikythera|Metagross, shiny|100\/100\n|cant|p2a: Jolteon|par\n|\n|-weather|Sandstorm|[upkeep]\n|-damage|p2a: Jolteon|94\/100 par|[from] Sandstorm\n|-heal|p2a: Jolteon|100\/100 par|[from] item: Leftovers\n|upkeep\n|turn|11\n|\n|t:|1659727084\n|switch|p2a: Suicune|Suicune|100\/100\n|-damage|p2a: Suicune|88\/100|[from] Spikes\n|move|p1a: Antikythera|Meteor Mash|p2a: Suicune\n|-resisted|p2a: Suicune\n|-damage|p2a: Suicune|65\/100\n|\n|-weather|Sandstorm|[upkeep]\n|-damage|p2a: Suicune|59\/100|[from] Sandstorm\n|upkeep\n|turn|12\n|inactive|Raph369 has 240 seconds left.\n|inactive|Lekstaz has 270 seconds left.\n|inactive|Raph369 has 210 seconds left.\n|inactive|Lekstaz has 240 seconds left.\n|inactive|Raph369 has 180 seconds left.\n|j| 4'Vy\n|\n|t:|1659727204\n|move|p2a: Suicune|Substitute|p2a: Suicune\n|-start|p2a: Suicune|Substitute\n|-damage|p2a: Suicune|34\/100\n|move|p1a: Antikythera|Earthquake|p2a: Suicune\n|-end|p2a: Suicune|Substitute\n|\n|-weather|Sandstorm|[upkeep]\n|-damage|p2a: Suicune|28\/100|[from] Sandstorm\n|upkeep\n|turn|13\n|\n|t:|1659727220\n|move|p2a: Suicune|Surf|p1a: Antikythera\n|-damage|p1a: Antikythera|56\/100\n|move|p1a: Antikythera|Earthquake|p2a: Suicune\n|-damage|p2a: Suicune|0 fnt\n|faint|p2a: Suicune\n|\n|t:|1659727235\n|switch|p2a: Gengar|Gengar, M|100\/100\n|\n|-weather|Sandstorm|[upkeep]\n|-damage|p2a: Gengar|95\/100|[from] Sandstorm\n|-heal|p2a: Gengar|100\/100|[from] item: Leftovers\n|-heal|p1a: Antikythera|62\/100|[from] item: Leftovers\n|upkeep\n|turn|14\n|inactive|Raph369 has 150 seconds left.\n|inactive|Lekstaz has 210 seconds left.\n|j| Quarante8\n|\n|t:|1659727281\n|-singleturn|p2a: Gengar|move: Focus Punch\n|switch|p1a: Ampere|Jolteon, M|74\/100 par\n|move|p2a: Gengar|Focus Punch|p1a: Ampere\n|-damage|p1a: Ampere|17\/100 par\n|\n|-weather|Sandstorm|[upkeep]\n|-damage|p2a: Gengar|95\/100|[from] Sandstorm\n|-damage|p1a: Ampere|12\/100 par|[from] Sandstorm\n|-heal|p2a: Gengar|100\/100|[from] item: Leftovers\n|-heal|p1a: Ampere|17\/100 par|[from] item: Leftovers\n|upkeep\n|turn|15\n|\n|t:|1659727287\n|-singleturn|p2a: Gengar|move: Focus Punch\n|move|p1a: Ampere|Thunderbolt|p2a: Gengar\n|-damage|p2a: Gengar|38\/100\n|move|p2a: Gengar|Focus Punch||[still]\n|cant|p2a: Gengar|Focus Punch|Focus Punch\n|\n|-weather|Sandstorm|[upkeep]\n|-damage|p2a: Gengar|32\/100|[from] Sandstorm\n|-damage|p1a: Ampere|12\/100 par|[from] Sandstorm\n|-heal|p2a: Gengar|38\/100|[from] item: Leftovers\n|-heal|p1a: Ampere|17\/100 par|[from] item: Leftovers\n|upkeep\n|turn|16\n|\n|t:|1659727292\n|-singleturn|p2a: Gengar|move: Focus Punch\n|move|p1a: Ampere|Thunderbolt|p2a: Gengar\n|-damage|p2a: Gengar|0 fnt\n|faint|p2a: Gengar\n|\n|t:|1659727297\n|switch|p2a: Metagross|Metagross|99\/100\n|-damage|p2a: Metagross|88\/100|[from] Spikes\n|\n|-weather|Sandstorm|[upkeep]\n|-damage|p1a: Ampere|12\/100 par|[from] Sandstorm\n|-heal|p2a: Metagross|94\/100|[from] item: Leftovers\n|-heal|p1a: Ampere|17\/100 par|[from] item: Leftovers\n|upkeep\n|turn|17\n|\n|t:|1659727310\n|move|p2a: Metagross|Hidden Power|p1a: Ampere\n|-damage|p1a: Ampere|0 fnt\n|faint|p1a: Ampere\n|inactive|Raph369 has 150 seconds left.\n|j| SGKI\n|inactive|Raph369 has 120 seconds left.\n|j| Terrak lover\n|\n|t:|1659727380\n|switch|p1a: Skyfall|Zapdos, shiny|46\/100\n|\n|-weather|Sandstorm|[upkeep]\n|-damage|p1a: Skyfall|40\/100|[from] Sandstorm\n|-heal|p1a: Skyfall|46\/100|[from] item: Leftovers\n|-heal|p2a: Metagross|99\/100|[from] item: Leftovers\n|upkeep\n|turn|18\n|inactive|Lekstaz has 240 seconds left.\n|\n|t:|1659727391\n|move|p1a: Skyfall|Thunderbolt|p2a: Metagross\n|-damage|p2a: Metagross|60\/100\n|move|p2a: Metagross|Thunder Punch|p1a: Skyfall\n|-damage|p1a: Skyfall|18\/100\n|\n|-weather|Sandstorm|[upkeep]\n|-damage|p1a: Skyfall|12\/100|[from] Sandstorm\n|-heal|p1a: Skyfall|18\/100|[from] item: Leftovers\n|-heal|p2a: Metagross|66\/100|[from] item: Leftovers\n|upkeep\n|turn|19\n|inactive|Lekstaz has 240 seconds left.\n|\n|t:|1659727397\n|move|p1a: Skyfall|Thunderbolt|p2a: Metagross\n|-damage|p2a: Metagross|27\/100\n|move|p2a: Metagross|Thunder Punch|p1a: Skyfall\n|-damage|p1a: Skyfall|0 fnt\n|faint|p1a: Skyfall\n|\n|t:|1659727401\n|switch|p1a: Murdoc|Gengar, M, shiny|100\/100\n|\n|-weather|Sandstorm|[upkeep]\n|-damage|p1a: Murdoc|94\/100|[from] Sandstorm\n|-heal|p1a: Murdoc|100\/100|[from] item: Leftovers\n|-heal|p2a: Metagross|33\/100|[from] item: Leftovers\n|upkeep\n|turn|20\n|\n|t:|1659727405\n|move|p1a: Murdoc|Fire Punch|p2a: Metagross\n|-supereffective|p2a: Metagross\n|-damage|p2a: Metagross|0 fnt\n|faint|p2a: Metagross\n|\n|t:|1659727407\n|switch|p2a: Tyranitar|Tyranitar, F|100\/100\n|-damage|p2a: Tyranitar|88\/100|[from] Spikes\n|\n|-weather|Sandstorm|[upkeep]\n|-damage|p1a: Murdoc|94\/100|[from] Sandstorm\n|-heal|p1a: Murdoc|100\/100|[from] item: Leftovers\n|upkeep\n|turn|21\n|inactive|Raph369 has 120 seconds left.\n|inactive|Raph369 has 90 seconds left.\n|l| Terrak lover\n|inactive|Lekstaz has 240 seconds left.\n|\n|t:|1659727479\n|move|p1a: Murdoc|Explosion|p2a: Tyranitar\n|-resisted|p2a: Tyranitar\n|-damage|p2a: Tyranitar|57\/100\n|faint|p1a: Murdoc\n|\n|t:|1659727483\n|switch|p1a: Antikythera|Metagross, shiny|62\/100\n|\n|-weather|Sandstorm|[upkeep]\n|-heal|p1a: Antikythera|68\/100|[from] item: Leftovers\n|upkeep\n|turn|22\n|\n|t:|1659727486\n|move|p2a: Tyranitar|Earthquake|p1a: Antikythera\n|-supereffective|p1a: Antikythera\n|-damage|p1a: Antikythera|11\/100\n|move|p1a: Antikythera|Earthquake|p2a: Tyranitar\n|-supereffective|p2a: Tyranitar\n|-damage|p2a: Tyranitar|0 fnt\n|faint|p2a: Tyranitar\n|\n|t:|1659727488\n|switch|p2a: Jolteon|Jolteon, F|100\/100 par\n|-damage|p2a: Jolteon|88\/100 par|[from] Spikes\n|\n|-weather|Sandstorm|[upkeep]\n|-damage|p2a: Jolteon|82\/100 par|[from] Sandstorm\n|-heal|p1a: Antikythera|17\/100|[from] item: Leftovers\n|-heal|p2a: Jolteon|88\/100 par|[from] item: Leftovers\n|upkeep\n|turn|23\n|\n|t:|1659727490\n|move|p1a: Antikythera|Earthquake|p2a: Jolteon\n|-supereffective|p2a: Jolteon\n|-damage|p2a: Jolteon|0 fnt\n|faint|p2a: Jolteon\n|\n|win|Raph369\n|c|\u2606Raph369|gg\n|c|\u2606Lekstaz|gg\n|l| SGKI\n|j| Terrak lover\n|l| Terrak lover\n|l|\u2606Lekstaz\n","uploadtime":1659727497,"views":24,"p1id":"raph369","p2id":"lekstaz","formatid":"gen3ou","rating":0,"private":0,"password":null}