{"id":"gen3ou-1136316871","p1":"winter lanterns","p2":"eyes like guns","format":"gen3ou","log":"|j|\u2606winter lanterns\n|j|\u2606eyes like guns\n|player|p1|winter lanterns|burglar|1470\n|player|p2|eyes like guns|volkner|1459\n|teamsize|p1|6\n|teamsize|p2|6\n|gametype|singles\n|gen|3\n|tier|[Gen 3] OU\n|rated|\n|rule|Sleep Clause Mod: Limit one foe put to sleep\n|rule|Switch Priority Clause Mod: Faster Pok\u00e9mon switch first\n|rule|Species Clause: Limit one of each Pok\u00e9mon\n|rule|OHKO Clause: OHKO moves are banned\n|rule|Moody Clause: Moody is banned\n|rule|Evasion Moves Clause: Evasion moves are banned\n|rule|Endless Battle Clause: Forcing endless battles is banned\n|rule|HP Percentage Mod: HP is shown in percentages\n|rule|3 Baton Pass Clause: Limit three Baton Passers\n|\n|start\n|switch|p1a: Tyranitar|Tyranitar, F|100\/100\n|switch|p2a: Metagross|Metagross|100\/100\n|-weather|Sandstorm|[from] ability: Sand Stream|[of] p1a: Tyranitar\n|turn|1\n|inactive|Battle timer is ON: inactive players will automatically lose when time's up. (requested by eyes like guns)\n|\n|switch|p1a: Swampert|Swampert, F|100\/100\n|move|p2a: Metagross|Meteor Mash|p1a: Swampert\n|-resisted|p1a: Swampert\n|-damage|p1a: Swampert|70\/100\n|\n|-weather|Sandstorm|[upkeep]\n|-heal|p1a: Swampert|76\/100|[from] item: Leftovers\n|upkeep\n|turn|2\n|\n|switch|p2a: Celebi|Celebi|100\/100\n|move|p1a: Swampert|Toxic|p2a: Celebi|[miss]\n|-miss|p1a: Swampert|p2a: Celebi\n|\n|-weather|Sandstorm|[upkeep]\n|-damage|p2a: Celebi|95\/100|[from] Sandstorm\n|-heal|p2a: Celebi|100\/100|[from] item: Leftovers\n|-heal|p1a: Swampert|82\/100|[from] item: Leftovers\n|upkeep\n|turn|3\n|\n|move|p1a: Swampert|Protect|p1a: Swampert\n|-singleturn|p1a: Swampert|Protect\n|move|p2a: Celebi|Calm Mind|p2a: Celebi\n|-boost|p2a: Celebi|spa|1\n|-boost|p2a: Celebi|spd|1\n|\n|-weather|Sandstorm|[upkeep]\n|-damage|p2a: Celebi|95\/100|[from] Sandstorm\n|-heal|p2a: Celebi|100\/100|[from] item: Leftovers\n|-heal|p1a: Swampert|89\/100|[from] item: Leftovers\n|upkeep\n|turn|4\n|\n|switch|p1a: Metagross|Metagross|100\/100\n|move|p2a: Celebi|Giga Drain|p1a: Metagross\n|-resisted|p1a: Metagross\n|-damage|p1a: Metagross|83\/100\n|\n|-weather|Sandstorm|[upkeep]\n|-damage|p2a: Celebi|95\/100|[from] Sandstorm\n|-heal|p2a: Celebi|100\/100|[from] item: Leftovers\n|-heal|p1a: Metagross|89\/100|[from] item: Leftovers\n|upkeep\n|turn|5\n|\n|switch|p2a: Swampert|Swampert, M|100\/100\n|move|p1a: Metagross|Explosion|p2a: Swampert\n|-damage|p2a: Swampert|0 fnt\n|faint|p1a: Metagross\n|faint|p2a: Swampert\n|\n|switch|p2a: Celebi|Celebi|100\/100\n|switch|p1a: Flygon|Flygon, M|100\/100\n|\n|-weather|Sandstorm|[upkeep]\n|-damage|p2a: Celebi|95\/100|[from] Sandstorm\n|-heal|p2a: Celebi|100\/100|[from] item: Leftovers\n|upkeep\n|turn|6\n|\n|move|p2a: Celebi|Psychic|p1a: Flygon\n|-damage|p1a: Flygon|51\/100\n|move|p1a: Flygon|Hidden Power|p2a: Celebi\n|-supereffective|p2a: Celebi\n|-damage|p2a: Celebi|15\/100\n|\n|-weather|Sandstorm|[upkeep]\n|-damage|p2a: Celebi|9\/100|[from] Sandstorm\n|-heal|p2a: Celebi|15\/100|[from] item: Leftovers\n|-heal|p1a: Flygon|57\/100|[from] item: Leftovers\n|upkeep\n|turn|7\n|\n|switch|p1a: Tyranitar|Tyranitar, F|100\/100\n|move|p2a: Celebi|Giga Drain|p1a: Tyranitar\n|-supereffective|p1a: Tyranitar\n|-damage|p1a: Tyranitar|45\/100\n|-heal|p2a: Celebi|41\/100|[from] drain|[of] p1a: Tyranitar\n|\n|-weather|Sandstorm|[upkeep]\n|-damage|p2a: Celebi|35\/100|[from] Sandstorm\n|-heal|p2a: Celebi|41\/100|[from] item: Leftovers\n|upkeep\n|turn|8\n|\n|switch|p1a: Blissey|Blissey, F|100\/100\n|move|p2a: Celebi|Giga Drain|p1a: Blissey\n|-damage|p1a: Blissey|89\/100\n|-heal|p2a: Celebi|51\/100|[from] drain|[of] p1a: Blissey\n|\n|-weather|Sandstorm|[upkeep]\n|-damage|p2a: Celebi|45\/100|[from] Sandstorm\n|-damage|p1a: Blissey|83\/100|[from] Sandstorm\n|-heal|p2a: Celebi|51\/100|[from] item: Leftovers\n|-heal|p1a: Blissey|89\/100|[from] item: Leftovers\n|upkeep\n|turn|9\n|\n|switch|p2a: Tyranitar|Tyranitar, F|100\/100\n|move|p1a: Blissey|Ice Beam|p2a: Tyranitar\n|-damage|p2a: Tyranitar|75\/100\n|\n|-weather|Sandstorm|[upkeep]\n|-damage|p1a: Blissey|83\/100|[from] Sandstorm\n|-heal|p1a: Blissey|89\/100|[from] item: Leftovers\n|upkeep\n|turn|10\n|\n|switch|p1a: Swampert|Swampert, F|89\/100\n|move|p2a: Tyranitar|Dragon Dance|p2a: Tyranitar\n|-boost|p2a: Tyranitar|atk|1\n|-boost|p2a: Tyranitar|spe|1\n|\n|-weather|Sandstorm|[upkeep]\n|-heal|p1a: Swampert|95\/100|[from] item: Leftovers\n|upkeep\n|turn|11\n|\n|move|p2a: Tyranitar|Hidden Power|p1a: Swampert\n|-supereffective|p1a: Swampert\n|-damage|p1a: Swampert|36\/100\n|move|p1a: Swampert|Toxic|p2a: Tyranitar\n|-status|p2a: Tyranitar|tox\n|-enditem|p2a: Tyranitar|Lum Berry|[eat]\n|-curestatus|p2a: Tyranitar|tox|[msg]\n|\n|-weather|Sandstorm|[upkeep]\n|-heal|p1a: Swampert|42\/100|[from] item: Leftovers\n|upkeep\n|turn|12\n|\n|move|p2a: Tyranitar|Rock Slide|p1a: Swampert|[miss]\n|-miss|p2a: Tyranitar|p1a: Swampert\n|move|p1a: Swampert|Surf|p2a: Tyranitar\n|-supereffective|p2a: Tyranitar\n|-damage|p2a: Tyranitar|10\/100\n|\n|-weather|Sandstorm|[upkeep]\n|-heal|p1a: Swampert|49\/100|[from] item: Leftovers\n|upkeep\n|turn|13\n|j| Lebastarde\n|\n|move|p1a: Swampert|Protect|p1a: Swampert\n|-singleturn|p1a: Swampert|Protect\n|move|p2a: Tyranitar|Hidden Power|p1a: Swampert\n|-activate|p1a: Swampert|Protect\n|\n|-weather|Sandstorm|[upkeep]\n|-heal|p1a: Swampert|55\/100|[from] item: Leftovers\n|upkeep\n|turn|14\n|\n|switch|p1a: Tyranitar|Tyranitar, F|45\/100\n|move|p2a: Tyranitar|Hidden Power|p1a: Tyranitar\n|-supereffective|p1a: Tyranitar\n|-damage|p1a: Tyranitar|13\/100\n|\n|-weather|Sandstorm|[upkeep]\n|upkeep\n|turn|15\n|\n|move|p2a: Tyranitar|Hidden Power|p1a: Tyranitar\n|-supereffective|p1a: Tyranitar\n|-damage|p1a: Tyranitar|0 fnt\n|faint|p1a: Tyranitar\n|\n|switch|p1a: Flygon|Flygon, M|57\/100\n|\n|-weather|Sandstorm|[upkeep]\n|-heal|p1a: Flygon|63\/100|[from] item: Leftovers\n|upkeep\n|turn|16\n|\n|move|p2a: Tyranitar|Rock Slide|p1a: Flygon\n|-resisted|p1a: Flygon\n|-damage|p1a: Flygon|28\/100\n|move|p1a: Flygon|Earthquake|p2a: Tyranitar\n|-supereffective|p2a: Tyranitar\n|-damage|p2a: Tyranitar|0 fnt\n|faint|p2a: Tyranitar\n|\n|switch|p2a: Aerodactyl|Aerodactyl, F|100\/100\n|\n|-weather|Sandstorm|[upkeep]\n|-heal|p1a: Flygon|34\/100|[from] item: Leftovers\n|upkeep\n|turn|17\n|\n|switch|p1a: Swampert|Swampert, F|55\/100\n|move|p2a: Aerodactyl|Double-Edge|p1a: Swampert\n|-damage|p1a: Swampert|22\/100\n|\n|-weather|Sandstorm|[upkeep]\n|-heal|p1a: Swampert|28\/100|[from] item: Leftovers\n|upkeep\n|turn|18\n|\n|switch|p2a: Dugtrio|Dugtrio, M|100\/100\n|move|p1a: Swampert|Protect||[still]\n|-fail|p1a: Swampert\n|\n|-weather|Sandstorm|[upkeep]\n|-heal|p1a: Swampert|34\/100|[from] item: Leftovers\n|upkeep\n|turn|19\n|\n|move|p1a: Swampert|Protect|p1a: Swampert\n|-singleturn|p1a: Swampert|Protect\n|move|p2a: Dugtrio|Earthquake|p1a: Swampert\n|-activate|p1a: Swampert|Protect\n|\n|-weather|Sandstorm|[upkeep]\n|-heal|p1a: Swampert|40\/100|[from] item: Leftovers\n|upkeep\n|turn|20\n|\n|move|p2a: Dugtrio|Earthquake|p1a: Swampert\n|-damage|p1a: Swampert|0 fnt\n|faint|p1a: Swampert\n|\n|switch|p1a: Flygon|Flygon, M|34\/100\n|\n|-weather|Sandstorm|[upkeep]\n|-heal|p1a: Flygon|40\/100|[from] item: Leftovers\n|upkeep\n|turn|21\n|\n|switch|p2a: Celebi|Celebi|51\/100\n|move|p1a: Flygon|Substitute|p1a: Flygon\n|-start|p1a: Flygon|Substitute\n|-damage|p1a: Flygon|16\/100\n|\n|-weather|Sandstorm|[upkeep]\n|-damage|p2a: Celebi|45\/100|[from] Sandstorm\n|-heal|p2a: Celebi|51\/100|[from] item: Leftovers\n|-heal|p1a: Flygon|22\/100|[from] item: Leftovers\n|upkeep\n|turn|22\n|\n|move|p2a: Celebi|Giga Drain|p1a: Flygon\n|-end|p1a: Flygon|Substitute\n|-heal|p2a: Celebi|62\/100|[from] drain|[of] p1a: Flygon\n|move|p1a: Flygon|Hidden Power|p2a: Celebi\n|-supereffective|p2a: Celebi\n|-damage|p2a: Celebi|0 fnt\n|faint|p2a: Celebi\n|\n|switch|p2a: Aerodactyl|Aerodactyl, F|100\/100\n|\n|-weather|Sandstorm|[upkeep]\n|-heal|p1a: Flygon|28\/100|[from] item: Leftovers\n|upkeep\n|turn|23\n|\n|switch|p1a: Cloyster|Cloyster, M|100\/100\n|move|p2a: Aerodactyl|Hidden Power|p1a: Cloyster\n|-damage|p1a: Cloyster|66\/100\n|\n|-weather|Sandstorm|[upkeep]\n|-damage|p1a: Cloyster|60\/100|[from] Sandstorm\n|-heal|p1a: Cloyster|66\/100|[from] item: Leftovers\n|upkeep\n|turn|24\n|\n|switch|p2a: Metagross|Metagross|100\/100\n|move|p1a: Cloyster|Surf|p2a: Metagross\n|-damage|p2a: Metagross|70\/100\n|\n|-weather|Sandstorm|[upkeep]\n|-damage|p1a: Cloyster|60\/100|[from] Sandstorm\n|-heal|p1a: Cloyster|66\/100|[from] item: Leftovers\n|upkeep\n|turn|25\n|\n|move|p1a: Cloyster|Surf|p2a: Metagross\n|-damage|p2a: Metagross|39\/100\n|move|p2a: Metagross|Meteor Mash|p1a: Cloyster|[miss]\n|-miss|p2a: Metagross|p1a: Cloyster\n|\n|-weather|Sandstorm|[upkeep]\n|-damage|p1a: Cloyster|60\/100|[from] Sandstorm\n|-heal|p1a: Cloyster|66\/100|[from] item: Leftovers\n|upkeep\n|turn|26\n|\n|move|p1a: Cloyster|Surf|p2a: Metagross\n|-damage|p2a: Metagross|8\/100\n|move|p2a: Metagross|Meteor Mash|p1a: Cloyster\n|-damage|p1a: Cloyster|0 fnt\n|faint|p1a: Cloyster\n|\n|switch|p1a: Flygon|Flygon, M|28\/100\n|\n|-weather|Sandstorm|[upkeep]\n|-heal|p1a: Flygon|34\/100|[from] item: Leftovers\n|upkeep\n|turn|27\n|\n|switch|p2a: Aerodactyl|Aerodactyl, F|100\/100\n|move|p1a: Flygon|Rock Slide|p2a: Aerodactyl\n|-supereffective|p2a: Aerodactyl\n|-damage|p2a: Aerodactyl|26\/100\n|\n|-weather|Sandstorm|[upkeep]\n|-heal|p1a: Flygon|40\/100|[from] item: Leftovers\n|upkeep\n|turn|28\n|\n|switch|p1a: Blissey|Blissey, F|89\/100\n|move|p2a: Aerodactyl|Double-Edge|p1a: Blissey\n|-damage|p1a: Blissey|34\/100\n|\n|-weather|Sandstorm|[upkeep]\n|-damage|p1a: Blissey|28\/100|[from] Sandstorm\n|-heal|p1a: Blissey|34\/100|[from] item: Leftovers\n|upkeep\n|turn|29\n|\n|move|p2a: Aerodactyl|Double-Edge|p1a: Blissey\n|-damage|p1a: Blissey|0 fnt\n|faint|p1a: Blissey\n|\n|switch|p1a: Flygon|Flygon, M|40\/100\n|\n|-weather|Sandstorm|[upkeep]\n|-heal|p1a: Flygon|46\/100|[from] item: Leftovers\n|upkeep\n|turn|30\n|\n|move|p2a: Aerodactyl|Double-Edge|p1a: Flygon\n|-damage|p1a: Flygon|0 fnt\n|faint|p1a: Flygon\n|\n|win|eyes like guns\n|l|\u2606winter lanterns\n|c|\u2606eyes like guns|ggwp\n||Ladder (probably) updated, but score could not be retrieved (Request timeout).\n","uploadtime":1592687836,"views":10,"p1id":"winterlanterns","p2id":"eyeslikeguns","formatid":"gen3ou","rating":0,"private":0,"password":null}