{"id":"gen3ou-1669028038","p1":"ayevon","p2":"Monai","format":"gen3ou","log":"|j|\u2606ayevon\n|j|\u2606Monai\n|t:|1663691453\n|gametype|singles\n|player|p1|ayevon|265|\n|player|p2|Monai|#uplxdurians|\n|teamsize|p1|6\n|teamsize|p2|6\n|gen|3\n|tier|[Gen 3] OU\n|rated|Tournament battle\n|rule|Sleep Clause Mod: Limit one foe put to sleep\n|rule|Switch Priority Clause Mod: Faster Pok\u00e9mon switch first\n|rule|Species Clause: Limit one of each Pok\u00e9mon\n|rule|OHKO Clause: OHKO moves are banned\n|rule|Evasion Items Clause: Evasion items are banned\n|rule|Evasion Moves Clause: Evasion moves are banned\n|rule|Endless Battle Clause: Forcing endless battles is banned\n|rule|HP Percentage Mod: HP is shown in percentages\n|rule|One Boost Passer Clause: Limit one Baton Passer that has a way to boost its stats\n|rule|Freeze Clause Mod: Limit one foe frozen\n|\n|t:|1663691453\n|start\n|switch|p1a: Zapdos|Zapdos|100\/100\n|switch|p2a: Skarmory|Skarmory, M|100\/100\n|turn|1\n|inactive|Battle timer is ON: inactive players will automatically lose when time's up. (requested by ayevon)\n|c|\u2606Monai|glhf\n|inactive|ayevon has 120 seconds left.\n|c|\u2606ayevon|hf\n|\n|t:|1663691487\n|move|p1a: Zapdos|Thunderbolt|p2a: Skarmory\n|-supereffective|p2a: Skarmory\n|-damage|p2a: Skarmory|15\/100\n|move|p2a: Skarmory|Spikes|p1a: Zapdos\n|-sidestart|p1: ayevon|Spikes\n|\n|-heal|p2a: Skarmory|21\/100|[from] item: Leftovers\n|upkeep\n|turn|2\n|\n|t:|1663691492\n|move|p2a: Skarmory|Protect|p2a: Skarmory\n|-singleturn|p2a: Skarmory|Protect\n|move|p1a: Zapdos|Thunderbolt|p2a: Skarmory\n|-activate|p2a: Skarmory|Protect\n|\n|-heal|p2a: Skarmory|27\/100|[from] item: Leftovers\n|upkeep\n|turn|3\n|\n|t:|1663691498\n|switch|p2a: Blissey|Blissey, F|100\/100\n|move|p1a: Zapdos|Thunderbolt|p2a: Blissey\n|-damage|p2a: Blissey|82\/100\n|-status|p2a: Blissey|par\n|\n|-heal|p2a: Blissey|89\/100 par|[from] item: Leftovers\n|upkeep\n|turn|4\n|\n|t:|1663691504\n|switch|p1a: Tyranitar|Tyranitar, M|100\/100\n|-damage|p1a: Tyranitar|88\/100|[from] Spikes\n|-weather|Sandstorm|[from] ability: Sand Stream|[of] p1a: Tyranitar\n|move|p2a: Blissey|Wish|p2a: Blissey\n|\n|-weather|Sandstorm|[upkeep]\n|-damage|p2a: Blissey|82\/100 par|[from] Sandstorm\n|-heal|p1a: Tyranitar|94\/100|[from] item: Leftovers\n|-heal|p2a: Blissey|89\/100 par|[from] item: Leftovers\n|upkeep\n|turn|5\n|\n|t:|1663691508\n|-singleturn|p1a: Tyranitar|move: Focus Punch\n|-curestatus|p2a: Blissey|par|[from] ability: Natural Cure\n|switch|p2a: Swampert|Swampert, F|100\/100\n|move|p1a: Tyranitar|Focus Punch|p2a: Swampert\n|-damage|p2a: Swampert|60\/100\n|\n|-heal|p2a: Swampert|100\/100|[from] move: Wish|[wisher] Blissey\n|-weather|Sandstorm|[upkeep]\n|-heal|p1a: Tyranitar|100\/100|[from] item: Leftovers\n|upkeep\n|turn|6\n|\n|t:|1663691513\n|switch|p1a: Celebi|Celebi|100\/100\n|-damage|p1a: Celebi|88\/100|[from] Spikes\n|move|p2a: Swampert|Toxic|p1a: Celebi|[miss]\n|-miss|p2a: Swampert|p1a: Celebi\n|\n|-weather|Sandstorm|[upkeep]\n|-damage|p1a: Celebi|82\/100|[from] Sandstorm\n|-heal|p1a: Celebi|88\/100|[from] item: Leftovers\n|upkeep\n|turn|7\n|\n|t:|1663691517\n|switch|p2a: Skarmory|Skarmory, M|27\/100\n|move|p1a: Celebi|Leech Seed|p2a: Skarmory\n|-start|p2a: Skarmory|move: Leech Seed\n|\n|-weather|Sandstorm|[upkeep]\n|-damage|p1a: Celebi|82\/100|[from] Sandstorm\n|-heal|p1a: Celebi|88\/100|[from] item: Leftovers\n|-heal|p2a: Skarmory|33\/100|[from] item: Leftovers\n|-damage|p2a: Skarmory|21\/100|[from] Leech Seed|[of] p1a: Celebi\n|-heal|p1a: Celebi|98\/100|[silent]\n|upkeep\n|turn|8\n|\n|t:|1663691525\n|switch|p1a: Starmie|Starmie|100\/100\n|-damage|p1a: Starmie|88\/100|[from] Spikes\n|switch|p2a: Blissey|Blissey, F|89\/100\n|\n|-weather|Sandstorm|[upkeep]\n|-damage|p1a: Starmie|82\/100|[from] Sandstorm\n|-damage|p2a: Blissey|82\/100|[from] Sandstorm\n|-heal|p1a: Starmie|88\/100|[from] item: Leftovers\n|-heal|p2a: Blissey|89\/100|[from] item: Leftovers\n|upkeep\n|turn|9\n|\n|t:|1663691532\n|switch|p2a: cracked|Sableye, F|100\/100\n|move|p1a: Starmie|Rapid Spin|p2a: cracked\n|-immune|p2a: cracked\n|\n|-weather|Sandstorm|[upkeep]\n|-damage|p1a: Starmie|82\/100|[from] Sandstorm\n|-damage|p2a: cracked|95\/100|[from] Sandstorm\n|-heal|p1a: Starmie|88\/100|[from] item: Leftovers\n|-heal|p2a: cracked|100\/100|[from] item: Leftovers\n|upkeep\n|turn|10\n|\n|t:|1663691539\n|move|p1a: Starmie|Hydro Pump|p2a: cracked\n|-damage|p2a: cracked|46\/100\n|move|p2a: cracked|Knock Off|p1a: Starmie\n|-supereffective|p1a: Starmie\n|-damage|p1a: Starmie|73\/100\n|-enditem|p1a: Starmie|Leftovers|[from] move: Knock Off\n|-hint|In Gens 3-4, Knock Off only makes the target's item unusable; it cannot obtain a new item.\n|\n|-weather|Sandstorm|[upkeep]\n|-damage|p1a: Starmie|67\/100|[from] Sandstorm\n|-damage|p2a: cracked|40\/100|[from] Sandstorm\n|-heal|p2a: cracked|46\/100|[from] item: Leftovers\n|upkeep\n|turn|11\n|c|\u2606Monai|54????\n|\n|t:|1663691548\n|switch|p2a: Blissey|Blissey, F|89\/100\n|move|p1a: Starmie|Hydro Pump|p2a: Blissey\n|-damage|p2a: Blissey|68\/100\n|\n|-weather|Sandstorm|[upkeep]\n|-damage|p1a: Starmie|61\/100|[from] Sandstorm\n|-damage|p2a: Blissey|62\/100|[from] Sandstorm\n|-heal|p2a: Blissey|68\/100|[from] item: Leftovers\n|upkeep\n|turn|12\n|\n|t:|1663691554\n|move|p1a: Starmie|Rapid Spin|p2a: Blissey\n|-damage|p2a: Blissey|66\/100\n|-sideend|p1: ayevon|Spikes|[from] move: Rapid Spin|[of] p1a: Starmie\n|move|p2a: Blissey|Seismic Toss|p1a: Starmie\n|-damage|p1a: Starmie|23\/100\n|\n|-weather|Sandstorm|[upkeep]\n|-damage|p1a: Starmie|17\/100|[from] Sandstorm\n|-damage|p2a: Blissey|60\/100|[from] Sandstorm\n|-heal|p2a: Blissey|66\/100|[from] item: Leftovers\n|upkeep\n|turn|13\n|\n|t:|1663691560\n|switch|p1a: Dugtrio|Dugtrio, F|100\/100\n|move|p2a: Blissey|Soft-Boiled|p2a: Blissey\n|-heal|p2a: Blissey|100\/100\n|\n|-weather|Sandstorm|[upkeep]\n|-damage|p2a: Blissey|94\/100|[from] Sandstorm\n|-heal|p2a: Blissey|100\/100|[from] item: Leftovers\n|upkeep\n|turn|14\n|\n|t:|1663691562\n|move|p1a: Dugtrio|Earthquake|p2a: Blissey\n|-damage|p2a: Blissey|51\/100\n|move|p2a: Blissey|Ice Beam|p1a: Dugtrio\n|-supereffective|p1a: Dugtrio\n|-damage|p1a: Dugtrio|17\/100\n|\n|-weather|Sandstorm|[upkeep]\n|-damage|p2a: Blissey|45\/100|[from] Sandstorm\n|-heal|p2a: Blissey|51\/100|[from] item: Leftovers\n|upkeep\n|turn|15\n|\n|t:|1663691564\n|move|p1a: Dugtrio|Earthquake|p2a: Blissey\n|-crit|p2a: Blissey\n|-damage|p2a: Blissey|0 fnt\n|faint|p2a: Blissey\n|\n|t:|1663691567\n|switch|p2a: Skarmory|Skarmory, M|21\/100\n|\n|-weather|Sandstorm|[upkeep]\n|-heal|p2a: Skarmory|27\/100|[from] item: Leftovers\n|upkeep\n|turn|16\n|\n|t:|1663691573\n|switch|p1a: Zapdos|Zapdos|100\/100\n|move|p2a: Skarmory|Spikes|p1a: Zapdos\n|-sidestart|p1: ayevon|Spikes\n|\n|-weather|Sandstorm|[upkeep]\n|-damage|p1a: Zapdos|94\/100|[from] Sandstorm\n|-heal|p1a: Zapdos|100\/100|[from] item: Leftovers\n|-heal|p2a: Skarmory|33\/100|[from] item: Leftovers\n|upkeep\n|turn|17\n|\n|t:|1663691579\n|switch|p2a: Claydol|Claydol|100\/100\n|move|p1a: Zapdos|Thunderbolt|p2a: Claydol\n|-immune|p2a: Claydol\n|\n|-weather|Sandstorm|[upkeep]\n|-damage|p1a: Zapdos|94\/100|[from] Sandstorm\n|-heal|p1a: Zapdos|100\/100|[from] item: Leftovers\n|upkeep\n|turn|18\n|\n|t:|1663691585\n|switch|p1a: Celebi|Celebi|98\/100\n|-damage|p1a: Celebi|86\/100|[from] Spikes\n|switch|p2a: Zapdos|Zapdos|100\/100\n|\n|-weather|Sandstorm|[upkeep]\n|-damage|p2a: Zapdos|94\/100|[from] Sandstorm\n|-damage|p1a: Celebi|80\/100|[from] Sandstorm\n|-heal|p2a: Zapdos|100\/100|[from] item: Leftovers\n|-heal|p1a: Celebi|86\/100|[from] item: Leftovers\n|upkeep\n|turn|19\n|\n|t:|1663691590\n|switch|p2a: cracked|Sableye, F|46\/100\n|move|p1a: Celebi|Leech Seed|p2a: cracked\n|-start|p2a: cracked|move: Leech Seed\n|\n|-weather|Sandstorm|[upkeep]\n|-damage|p1a: Celebi|80\/100|[from] Sandstorm\n|-damage|p2a: cracked|40\/100|[from] Sandstorm\n|-heal|p1a: Celebi|86\/100|[from] item: Leftovers\n|-heal|p2a: cracked|46\/100|[from] item: Leftovers\n|-damage|p2a: cracked|34\/100|[from] Leech Seed|[of] p1a: Celebi\n|-heal|p1a: Celebi|95\/100|[silent]\n|upkeep\n|turn|20\n|\n|t:|1663691594\n|move|p1a: Celebi|Baton Pass|p1a: Celebi\n|\n|t:|1663691602\n|switch|p1a: Zapdos|Zapdos|100\/100|[from]move: Baton Pass\n|move|p2a: cracked|Recover|p2a: cracked\n|-heal|p2a: cracked|84\/100\n|\n|-weather|Sandstorm|[upkeep]\n|-damage|p1a: Zapdos|94\/100|[from] Sandstorm\n|-damage|p2a: cracked|78\/100|[from] Sandstorm\n|-heal|p1a: Zapdos|100\/100|[from] item: Leftovers\n|-heal|p2a: cracked|84\/100|[from] item: Leftovers\n|-damage|p2a: cracked|72\/100|[from] Leech Seed|[of] p1a: Zapdos\n|upkeep\n|turn|21\n|\n|t:|1663691608\n|switch|p1a: Celebi|Celebi|95\/100\n|-damage|p1a: Celebi|83\/100|[from] Spikes\n|switch|p2a: Zapdos|Zapdos|100\/100\n|\n|-weather|Sandstorm|[upkeep]\n|-damage|p2a: Zapdos|94\/100|[from] Sandstorm\n|-damage|p1a: Celebi|76\/100|[from] Sandstorm\n|-heal|p2a: Zapdos|100\/100|[from] item: Leftovers\n|-heal|p1a: Celebi|83\/100|[from] item: Leftovers\n|upkeep\n|turn|22\n|\n|t:|1663691612\n|move|p2a: Zapdos|Thunderbolt|p1a: Celebi\n|-resisted|p1a: Celebi\n|-damage|p1a: Celebi|69\/100\n|move|p1a: Celebi|Leech Seed|p2a: Zapdos\n|-start|p2a: Zapdos|move: Leech Seed\n|\n|-weather|Sandstorm|[upkeep]\n|-damage|p2a: Zapdos|94\/100|[from] Sandstorm\n|-damage|p1a: Celebi|63\/100|[from] Sandstorm\n|-heal|p2a: Zapdos|100\/100|[from] item: Leftovers\n|-damage|p2a: Zapdos|88\/100|[from] Leech Seed|[of] p1a: Celebi\n|-heal|p1a: Celebi|75\/100|[silent]\n|-heal|p1a: Celebi|81\/100|[from] item: Leftovers\n|upkeep\n|turn|23\n|\n|t:|1663691619\n|switch|p2a: cracked|Sableye, F|72\/100\n|move|p1a: Celebi|Leech Seed|p2a: cracked|[miss]\n|-miss|p1a: Celebi|p2a: cracked\n|\n|-weather|Sandstorm|[upkeep]\n|-damage|p1a: Celebi|75\/100|[from] Sandstorm\n|-damage|p2a: cracked|66\/100|[from] Sandstorm\n|-heal|p1a: Celebi|81\/100|[from] item: Leftovers\n|-heal|p2a: cracked|72\/100|[from] item: Leftovers\n|upkeep\n|turn|24\n|\n|t:|1663691623\n|move|p1a: Celebi|Leech Seed|p2a: cracked\n|-start|p2a: cracked|move: Leech Seed\n|move|p2a: cracked|Knock Off|p1a: Celebi\n|-supereffective|p1a: Celebi\n|-damage|p1a: Celebi|74\/100\n|-enditem|p1a: Celebi|Leftovers|[from] move: Knock Off\n|\n|-weather|Sandstorm|[upkeep]\n|-damage|p1a: Celebi|68\/100|[from] Sandstorm\n|-damage|p2a: cracked|66\/100|[from] Sandstorm\n|-heal|p2a: cracked|72\/100|[from] item: Leftovers\n|-damage|p2a: cracked|60\/100|[from] Leech Seed|[of] p1a: Celebi\n|-heal|p1a: Celebi|77\/100|[silent]\n|upkeep\n|turn|25\n|\n|t:|1663691626\n|switch|p2a: Zapdos|Zapdos|88\/100\n|move|p1a: Celebi|Baton Pass|p1a: Celebi\n|\n|t:|1663691628\n|switch|p1a: Tyranitar|Tyranitar, M|100\/100|[from]move: Baton Pass\n|-damage|p1a: Tyranitar|88\/100|[from] Spikes\n|\n|-weather|Sandstorm|[upkeep]\n|-damage|p2a: Zapdos|82\/100|[from] Sandstorm\n|-heal|p2a: Zapdos|88\/100|[from] item: Leftovers\n|-heal|p1a: Tyranitar|94\/100|[from] item: Leftovers\n|upkeep\n|turn|26\n|\n|t:|1663691633\n|-singleturn|p1a: Tyranitar|move: Focus Punch\n|switch|p2a: Swampert|Swampert, F|100\/100\n|move|p1a: Tyranitar|Focus Punch|p2a: Swampert\n|-damage|p2a: Swampert|59\/100\n|\n|-weather|Sandstorm|[upkeep]\n|-heal|p1a: Tyranitar|100\/100|[from] item: Leftovers\n|-heal|p2a: Swampert|65\/100|[from] item: Leftovers\n|upkeep\n|turn|27\n|\n|t:|1663691642\n|switch|p1a: Celebi|Celebi|77\/100\n|-damage|p1a: Celebi|65\/100|[from] Spikes\n|move|p2a: Swampert|Toxic|p1a: Celebi|[miss]\n|-miss|p2a: Swampert|p1a: Celebi\n|\n|-weather|Sandstorm|[upkeep]\n|-damage|p1a: Celebi|59\/100|[from] Sandstorm\n|-heal|p2a: Swampert|71\/100|[from] item: Leftovers\n|upkeep\n|turn|28\n|\n|t:|1663691648\n|move|p1a: Celebi|Leech Seed|p2a: Swampert\n|-start|p2a: Swampert|move: Leech Seed\n|move|p2a: Swampert|Toxic|p1a: Celebi\n|-status|p1a: Celebi|tox\n|\n|-weather|Sandstorm|[upkeep]\n|-damage|p1a: Celebi|52\/100 tox|[from] Sandstorm\n|-damage|p1a: Celebi|46\/100 tox|[from] psn\n|-heal|p2a: Swampert|78\/100|[from] item: Leftovers\n|-damage|p2a: Swampert|65\/100|[from] Leech Seed|[of] p1a: Celebi\n|-heal|p1a: Celebi|59\/100 tox|[silent]\n|upkeep\n|turn|29\n|\n|t:|1663691654\n|switch|p2a: Skarmory|Skarmory, M|33\/100\n|move|p1a: Celebi|Leech Seed|p2a: Skarmory\n|-start|p2a: Skarmory|move: Leech Seed\n|\n|-weather|Sandstorm|[upkeep]\n|-damage|p1a: Celebi|52\/100 tox|[from] Sandstorm\n|-damage|p1a: Celebi|40\/100 tox|[from] psn\n|-heal|p2a: Skarmory|39\/100|[from] item: Leftovers\n|-damage|p2a: Skarmory|27\/100|[from] Leech Seed|[of] p1a: Celebi\n|-heal|p1a: Celebi|50\/100 tox|[silent]\n|upkeep\n|turn|30\n|\n|t:|1663691661\n|switch|p2a: Swampert|Swampert, F|65\/100\n|move|p1a: Celebi|Baton Pass|p1a: Celebi\n|\n|t:|1663691663\n|-curestatus|p1a: Celebi|tox|[from] ability: Natural Cure\n|switch|p1a: Zapdos|Zapdos|100\/100|[from]move: Baton Pass\n|\n|-weather|Sandstorm|[upkeep]\n|-damage|p1a: Zapdos|94\/100|[from] Sandstorm\n|-heal|p1a: Zapdos|100\/100|[from] item: Leftovers\n|-heal|p2a: Swampert|71\/100|[from] item: Leftovers\n|upkeep\n|turn|31\n|\n|t:|1663691667\n|move|p2a: Swampert|Protect|p2a: Swampert\n|-singleturn|p2a: Swampert|Protect\n|move|p1a: Zapdos|Hidden Power|p2a: Swampert\n|-activate|p2a: Swampert|Protect\n|\n|-weather|Sandstorm|[upkeep]\n|-damage|p1a: Zapdos|94\/100|[from] Sandstorm\n|-heal|p1a: Zapdos|100\/100|[from] item: Leftovers\n|-heal|p2a: Swampert|78\/100|[from] item: Leftovers\n|upkeep\n|turn|32\n|\n|t:|1663691670\n|switch|p2a: Zapdos|Zapdos|88\/100\n|move|p1a: Zapdos|Hidden Power|p2a: Zapdos\n|-resisted|p2a: Zapdos\n|-damage|p2a: Zapdos|79\/100\n|\n|-weather|Sandstorm|[upkeep]\n|-damage|p1a: Zapdos|94\/100|[from] Sandstorm\n|-damage|p2a: Zapdos|73\/100|[from] Sandstorm\n|-heal|p1a: Zapdos|100\/100|[from] item: Leftovers\n|-heal|p2a: Zapdos|79\/100|[from] item: Leftovers\n|upkeep\n|turn|33\n|\n|t:|1663691677\n|switch|p1a: Tyranitar|Tyranitar, M|100\/100\n|-damage|p1a: Tyranitar|88\/100|[from] Spikes\n|move|p2a: Zapdos|Thunderbolt|p1a: Tyranitar\n|-crit|p1a: Tyranitar\n|-damage|p1a: Tyranitar|17\/100\n|\n|-weather|Sandstorm|[upkeep]\n|-damage|p2a: Zapdos|73\/100|[from] Sandstorm\n|-heal|p2a: Zapdos|79\/100|[from] item: Leftovers\n|-heal|p1a: Tyranitar|23\/100|[from] item: Leftovers\n|upkeep\n|turn|34\n|\n|t:|1663691685\n|switch|p1a: Swampert|Swampert, F|100\/100\n|-damage|p1a: Swampert|88\/100|[from] Spikes\n|move|p2a: Zapdos|Thunderbolt|p1a: Swampert\n|-immune|p1a: Swampert\n|\n|-weather|Sandstorm|[upkeep]\n|-damage|p2a: Zapdos|73\/100|[from] Sandstorm\n|-heal|p2a: Zapdos|79\/100|[from] item: Leftovers\n|-heal|p1a: Swampert|94\/100|[from] item: Leftovers\n|upkeep\n|turn|35\n|c|\u2606Monai|thats awful mb\n|\n|t:|1663691697\n|switch|p2a: Swampert|Swampert, F|78\/100\n|move|p1a: Swampert|Ice Beam|p2a: Swampert\n|-damage|p2a: Swampert|61\/100\n|\n|-weather|Sandstorm|[upkeep]\n|-heal|p2a: Swampert|67\/100|[from] item: Leftovers\n|-heal|p1a: Swampert|100\/100|[from] item: Leftovers\n|upkeep\n|turn|36\n|\n|t:|1663691703\n|switch|p1a: Celebi|Celebi|50\/100\n|-damage|p1a: Celebi|38\/100|[from] Spikes\n|move|p2a: Swampert|Toxic|p1a: Celebi\n|-status|p1a: Celebi|tox\n|\n|-weather|Sandstorm|[upkeep]\n|-damage|p1a: Celebi|32\/100 tox|[from] Sandstorm\n|-damage|p1a: Celebi|25\/100 tox|[from] psn\n|-heal|p2a: Swampert|73\/100|[from] item: Leftovers\n|upkeep\n|turn|37\n|\n|t:|1663691706\n|move|p2a: Swampert|Protect|p2a: Swampert\n|-singleturn|p2a: Swampert|Protect\n|move|p1a: Celebi|Recover|p1a: Celebi\n|-heal|p1a: Celebi|75\/100 tox\n|\n|-weather|Sandstorm|[upkeep]\n|-damage|p1a: Celebi|69\/100 tox|[from] Sandstorm\n|-damage|p1a: Celebi|57\/100 tox|[from] psn\n|-heal|p2a: Swampert|79\/100|[from] item: Leftovers\n|upkeep\n|turn|38\n|\n|t:|1663691714\n|switch|p2a: Skarmory|Skarmory, M|27\/100\n|move|p1a: Celebi|Leech Seed|p2a: Skarmory\n|-start|p2a: Skarmory|move: Leech Seed\n|\n|-weather|Sandstorm|[upkeep]\n|-damage|p1a: Celebi|51\/100 tox|[from] Sandstorm\n|-damage|p1a: Celebi|32\/100 tox|[from] psn\n|-heal|p2a: Skarmory|33\/100|[from] item: Leftovers\n|-damage|p2a: Skarmory|21\/100|[from] Leech Seed|[of] p1a: Celebi\n|-heal|p1a: Celebi|42\/100 tox|[silent]\n|upkeep\n|turn|39\n|\n|t:|1663691719\n|switch|p2a: Swampert|Swampert, F|79\/100\n|move|p1a: Celebi|Baton Pass|p1a: Celebi\n|\n|t:|1663691723\n|-curestatus|p1a: Celebi|tox|[from] ability: Natural Cure\n|switch|p1a: Zapdos|Zapdos|100\/100|[from]move: Baton Pass\n|\n|-weather|Sandstorm|[upkeep]\n|-damage|p1a: Zapdos|94\/100|[from] Sandstorm\n|-heal|p1a: Zapdos|100\/100|[from] item: Leftovers\n|-heal|p2a: Swampert|86\/100|[from] item: Leftovers\n|upkeep\n|turn|40\n|\n|t:|1663691726\n|switch|p2a: Zapdos|Zapdos|79\/100\n|move|p1a: Zapdos|Hidden Power|p2a: Zapdos\n|-resisted|p2a: Zapdos\n|-damage|p2a: Zapdos|70\/100\n|\n|-weather|Sandstorm|[upkeep]\n|-damage|p1a: Zapdos|94\/100|[from] Sandstorm\n|-damage|p2a: Zapdos|64\/100|[from] Sandstorm\n|-heal|p1a: Zapdos|100\/100|[from] item: Leftovers\n|-heal|p2a: Zapdos|70\/100|[from] item: Leftovers\n|upkeep\n|turn|41\n|\n|t:|1663691731\n|switch|p1a: Swampert|Swampert, F|100\/100\n|-damage|p1a: Swampert|88\/100|[from] Spikes\n|move|p2a: Zapdos|Thunderbolt|p1a: Swampert\n|-immune|p1a: Swampert\n|\n|-weather|Sandstorm|[upkeep]\n|-damage|p2a: Zapdos|64\/100|[from] Sandstorm\n|-heal|p2a: Zapdos|70\/100|[from] item: Leftovers\n|-heal|p1a: Swampert|94\/100|[from] item: Leftovers\n|upkeep\n|turn|42\n|\n|t:|1663691750\n|switch|p2a: Swampert|Swampert, F|86\/100\n|move|p1a: Swampert|Hydro Pump|p2a: Swampert\n|-damage|p2a: Swampert|53\/100\n|\n|-weather|Sandstorm|[upkeep]\n|-heal|p2a: Swampert|59\/100|[from] item: Leftovers\n|-heal|p1a: Swampert|100\/100|[from] item: Leftovers\n|upkeep\n|turn|43\n|\n|t:|1663691756\n|switch|p1a: Celebi|Celebi|42\/100\n|-damage|p1a: Celebi|30\/100|[from] Spikes\n|move|p2a: Swampert|Toxic|p1a: Celebi\n|-status|p1a: Celebi|tox\n|\n|-weather|Sandstorm|[upkeep]\n|-damage|p1a: Celebi|24\/100 tox|[from] Sandstorm\n|-damage|p1a: Celebi|18\/100 tox|[from] psn\n|-heal|p2a: Swampert|65\/100|[from] item: Leftovers\n|upkeep\n|turn|44\n|\n|t:|1663691760\n|move|p1a: Celebi|Recover|p1a: Celebi\n|-heal|p1a: Celebi|68\/100 tox\n|move|p2a: Swampert|Surf|p1a: Celebi\n|-resisted|p1a: Celebi\n|-damage|p1a: Celebi|58\/100 tox\n|\n|-weather|Sandstorm|[upkeep]\n|-damage|p1a: Celebi|52\/100 tox|[from] Sandstorm\n|-damage|p1a: Celebi|39\/100 tox|[from] psn\n|-heal|p2a: Swampert|71\/100|[from] item: Leftovers\n|upkeep\n|turn|45\n|\n|t:|1663691764\n|-curestatus|p1a: Celebi|tox|[from] ability: Natural Cure\n|switch|p1a: Zapdos|Zapdos|100\/100\n|move|p2a: Swampert|Toxic|p1a: Zapdos\n|-status|p1a: Zapdos|tox\n|\n|-weather|Sandstorm|[upkeep]\n|-damage|p1a: Zapdos|94\/100 tox|[from] Sandstorm\n|-heal|p1a: Zapdos|100\/100 tox|[from] item: Leftovers\n|-damage|p1a: Zapdos|94\/100 tox|[from] psn\n|-heal|p2a: Swampert|77\/100|[from] item: Leftovers\n|upkeep\n|turn|46\n|\n|t:|1663691768\n|move|p2a: Swampert|Protect|p2a: Swampert\n|-singleturn|p2a: Swampert|Protect\n|move|p1a: Zapdos|Hidden Power|p2a: Swampert\n|-activate|p2a: Swampert|Protect\n|\n|-weather|Sandstorm|[upkeep]\n|-damage|p1a: Zapdos|88\/100 tox|[from] Sandstorm\n|-heal|p1a: Zapdos|94\/100 tox|[from] item: Leftovers\n|-damage|p1a: Zapdos|82\/100 tox|[from] psn\n|-heal|p2a: Swampert|84\/100|[from] item: Leftovers\n|upkeep\n|turn|47\n|\n|t:|1663691770\n|switch|p2a: Zapdos|Zapdos|70\/100\n|move|p1a: Zapdos|Thunderbolt|p2a: Zapdos\n|-damage|p2a: Zapdos|32\/100\n|\n|-weather|Sandstorm|[upkeep]\n|-damage|p1a: Zapdos|76\/100 tox|[from] Sandstorm\n|-damage|p2a: Zapdos|26\/100|[from] Sandstorm\n|-heal|p1a: Zapdos|82\/100 tox|[from] item: Leftovers\n|-damage|p1a: Zapdos|63\/100 tox|[from] psn\n|-heal|p2a: Zapdos|32\/100|[from] item: Leftovers\n|upkeep\n|turn|48\n|\n|t:|1663691780\n|move|p1a: Zapdos|Hidden Power|p2a: Zapdos\n|-resisted|p2a: Zapdos\n|-crit|p2a: Zapdos\n|-damage|p2a: Zapdos|15\/100\n|move|p2a: Zapdos|Rest|p2a: Zapdos\n|-status|p2a: Zapdos|slp|[from] move: Rest\n|-heal|p2a: Zapdos|100\/100 slp|[silent]\n|\n|-weather|Sandstorm|[upkeep]\n|-damage|p1a: Zapdos|57\/100 tox|[from] Sandstorm\n|-damage|p2a: Zapdos|94\/100 slp|[from] Sandstorm\n|-heal|p1a: Zapdos|63\/100 tox|[from] item: Leftovers\n|-damage|p1a: Zapdos|38\/100 tox|[from] psn\n|-heal|p2a: Zapdos|100\/100 slp|[from] item: Leftovers\n|upkeep\n|turn|49\n|\n|t:|1663691794\n|switch|p1a: Celebi|Celebi|39\/100\n|-damage|p1a: Celebi|27\/100|[from] Spikes\n|cant|p2a: Zapdos|slp\n|\n|-weather|Sandstorm|[upkeep]\n|-damage|p2a: Zapdos|94\/100 slp|[from] Sandstorm\n|-damage|p1a: Celebi|21\/100|[from] Sandstorm\n|-heal|p2a: Zapdos|100\/100 slp|[from] item: Leftovers\n|upkeep\n|turn|50\n|\n|t:|1663691797\n|cant|p2a: Zapdos|slp\n|move|p2a: Zapdos|Sleep Talk|p2a: Zapdos\n|move|p2a: Zapdos|Roar|p1a: Celebi|[from]Sleep Talk\n|drag|p1a: Zapdos|Zapdos|38\/100 tox\n|\n|-weather|Sandstorm|[upkeep]\n|-damage|p1a: Zapdos|32\/100 tox|[from] Sandstorm\n|-damage|p2a: Zapdos|94\/100 slp|[from] Sandstorm\n|-heal|p1a: Zapdos|38\/100 tox|[from] item: Leftovers\n|-damage|p1a: Zapdos|32\/100 tox|[from] psn\n|-heal|p2a: Zapdos|100\/100 slp|[from] item: Leftovers\n|upkeep\n|turn|51\n|\n|t:|1663691802\n|move|p1a: Zapdos|Thunderbolt|p2a: Zapdos\n|-crit|p2a: Zapdos\n|-damage|p2a: Zapdos|25\/100 slp\n|-curestatus|p2a: Zapdos|slp|[msg]\n|move|p2a: Zapdos|Thunderbolt|p1a: Zapdos\n|-damage|p1a: Zapdos|0 fnt\n|faint|p1a: Zapdos\n|\n|t:|1663691809\n|switch|p1a: Starmie|Starmie|17\/100\n|-damage|p1a: Starmie|5\/100|[from] Spikes\n|\n|-weather|Sandstorm|[upkeep]\n|-damage|p1a: Starmie|0 fnt|[from] Sandstorm\n|-damage|p2a: Zapdos|19\/100|[from] Sandstorm\n|faint|p1a: Starmie\n|-heal|p2a: Zapdos|25\/100|[from] item: Leftovers\n|upkeep\n|-message|ayevon forfeited.\n|\n|win|Monai\n|n|\u2606ayevon|ayevon\n|n|\u2606Monai|monai\n|l|\u2606ayevon\n|c|\u2606Monai|gg\n","uploadtime":1663691822,"views":9,"p1id":"ayevon","p2id":"monai","formatid":"gen3ou","rating":0,"private":0,"password":null}