{"id":"gen3ou-1126896207","p1":"Sweet Taroline","p2":"winter lanterns","format":"gen3ou","log":"|j|\u2606Sweet Taroline\n|j|\u2606winter lanterns\n|player|p1|Sweet Taroline|interviewers|1607\n|player|p2|winter lanterns|burglar|1391\n|teamsize|p1|6\n|teamsize|p2|6\n|gametype|singles\n|gen|3\n|tier|[Gen 3] OU\n|rated|\n|rule|Sleep Clause Mod: Limit one foe put to sleep\n|rule|Switch Priority Clause Mod: Faster Pok\u00e9mon switch first\n|rule|Species Clause: Limit one of each Pok\u00e9mon\n|rule|OHKO Clause: OHKO moves are banned\n|rule|Moody Clause: Moody is banned\n|rule|Evasion Moves Clause: Evasion moves are banned\n|rule|Endless Battle Clause: Forcing endless battles is banned\n|rule|HP Percentage Mod: HP is shown in percentages\n|rule|3 Baton Pass Clause: Limit three Baton Passers\n|\n|start\n|switch|p1a: Salamence|Salamence, F|100\/100\n|switch|p2a: Salamence|Salamence, F|100\/100\n|-ability|p2a: Salamence|Intimidate|boost\n|-unboost|p1a: Salamence|atk|1\n|-ability|p1a: Salamence|Intimidate|boost\n|-unboost|p2a: Salamence|atk|1\n|turn|1\n|\n|move|p2a: Salamence|Dragon Claw|p1a: Salamence\n|-supereffective|p1a: Salamence\n|-damage|p1a: Salamence|18\/100\n|move|p1a: Salamence|Toxic|p2a: Salamence\n|-status|p2a: Salamence|tox\n|\n|-heal|p1a: Salamence|24\/100|[from] item: Leftovers\n|-damage|p2a: Salamence|94\/100 tox|[from] psn\n|upkeep\n|turn|2\n|\n|move|p1a: Salamence|Protect|p1a: Salamence\n|-singleturn|p1a: Salamence|Protect\n|move|p2a: Salamence|Dragon Claw|p1a: Salamence\n|-activate|p1a: Salamence|Protect\n|\n|-heal|p2a: Salamence|100\/100 tox|[from] item: Leftovers\n|-heal|p1a: Salamence|30\/100|[from] item: Leftovers\n|-damage|p2a: Salamence|88\/100 tox|[from] psn\n|upkeep\n|turn|3\n|\n|switch|p1a: Blissey|Blissey, F, shiny|100\/100\n|move|p2a: Salamence|Dragon Claw|p1a: Blissey\n|-damage|p1a: Blissey|86\/100\n|\n|-heal|p2a: Salamence|94\/100 tox|[from] item: Leftovers\n|-heal|p1a: Blissey|92\/100|[from] item: Leftovers\n|-damage|p2a: Salamence|76\/100 tox|[from] psn\n|upkeep\n|turn|4\n|\n|switch|p2a: Snorlax|Snorlax, M|100\/100\n|move|p1a: Blissey|Wish|p1a: Blissey\n|\n|-heal|p1a: Blissey|98\/100|[from] item: Leftovers\n|upkeep\n|turn|5\n|\n|switch|p1a: Gengar|Gengar, F, shiny|100\/100\n|move|p2a: Snorlax|Body Slam|p1a: Gengar\n|-immune|p1a: Gengar\n|\n|upkeep\n|turn|6\n|\n|switch|p2a: Tyranitar|Tyranitar, M|100\/100\n|-weather|Sandstorm|[from] ability: Sand Stream|[of] p2a: Tyranitar\n|move|p1a: Gengar|Will-O-Wisp|p2a: Tyranitar\n|-status|p2a: Tyranitar|brn\n|\n|-weather|Sandstorm|[upkeep]\n|-damage|p1a: Gengar|94\/100|[from] Sandstorm\n|-heal|p1a: Gengar|100\/100|[from] item: Leftovers\n|-damage|p2a: Tyranitar|88\/100 brn|[from] brn\n|upkeep\n|turn|7\n|\n|switch|p1a: Blissey|Blissey, F, shiny|98\/100\n|move|p2a: Tyranitar|Crunch|p1a: Blissey\n|-damage|p1a: Blissey|84\/100\n|\n|-weather|Sandstorm|[upkeep]\n|-damage|p1a: Blissey|78\/100|[from] Sandstorm\n|-heal|p2a: Tyranitar|94\/100 brn|[from] item: Leftovers\n|-heal|p1a: Blissey|84\/100|[from] item: Leftovers\n|-damage|p2a: Tyranitar|82\/100 brn|[from] brn\n|upkeep\n|turn|8\n|\n|switch|p2a: Snorlax|Snorlax, M|100\/100\n|switch|p1a: Cloyster|Cloyster, F, shiny|100\/100\n|\n|-weather|Sandstorm|[upkeep]\n|-damage|p1a: Cloyster|94\/100|[from] Sandstorm\n|-damage|p2a: Snorlax|94\/100|[from] Sandstorm\n|-heal|p1a: Cloyster|100\/100|[from] item: Leftovers\n|-heal|p2a: Snorlax|100\/100|[from] item: Leftovers\n|upkeep\n|turn|9\n|\n|switch|p2a: Magneton|Magneton|100\/100\n|move|p1a: Cloyster|Spikes|p2a: Magneton\n|-sidestart|p2: winter lanterns|Spikes\n|\n|-weather|Sandstorm|[upkeep]\n|-damage|p1a: Cloyster|94\/100|[from] Sandstorm\n|-heal|p1a: Cloyster|100\/100|[from] item: Leftovers\n|upkeep\n|turn|10\n|\n|switch|p1a: Steelix|Steelix, F, shiny|100\/100\n|move|p2a: Magneton|Toxic|p1a: Steelix|[miss]\n|-miss|p2a: Magneton|p1a: Steelix\n|\n|-weather|Sandstorm|[upkeep]\n|upkeep\n|turn|11\n|\n|switch|p2a: Swampert|Swampert, F|100\/100\n|-damage|p2a: Swampert|88\/100|[from] Spikes\n|move|p1a: Steelix|Earthquake|p2a: Swampert\n|-damage|p2a: Swampert|67\/100\n|\n|-weather|Sandstorm|[upkeep]\n|-heal|p2a: Swampert|73\/100|[from] item: Leftovers\n|upkeep\n|turn|12\n|\n|move|p1a: Steelix|Protect|p1a: Steelix\n|-singleturn|p1a: Steelix|Protect\n|move|p2a: Swampert|Surf|p1a: Steelix\n|-activate|p1a: Steelix|Protect\n|\n|-weather|Sandstorm|[upkeep]\n|-heal|p2a: Swampert|79\/100|[from] item: Leftovers\n|upkeep\n|turn|13\n|\n|switch|p1a: Blissey|Blissey, F, shiny|84\/100\n|move|p2a: Swampert|Earthquake|p1a: Blissey\n|-damage|p1a: Blissey|54\/100\n|\n|-weather|Sandstorm|[upkeep]\n|-damage|p1a: Blissey|48\/100|[from] Sandstorm\n|-heal|p1a: Blissey|54\/100|[from] item: Leftovers\n|-heal|p2a: Swampert|85\/100|[from] item: Leftovers\n|upkeep\n|turn|14\n|\n|switch|p2a: Snorlax|Snorlax, M|100\/100\n|-damage|p2a: Snorlax|88\/100|[from] Spikes\n|move|p1a: Blissey|Wish|p1a: Blissey\n|\n|-weather|Sandstorm|[upkeep]\n|-damage|p1a: Blissey|48\/100|[from] Sandstorm\n|-damage|p2a: Snorlax|82\/100|[from] Sandstorm\n|-heal|p1a: Blissey|54\/100|[from] item: Leftovers\n|-heal|p2a: Snorlax|88\/100|[from] item: Leftovers\n|upkeep\n|turn|15\n|j| hshdhsh\n|\n|move|p1a: Blissey|Protect|p1a: Blissey\n|-singleturn|p1a: Blissey|Protect\n|move|p2a: Snorlax|Body Slam|p1a: Blissey\n|-activate|p1a: Blissey|Protect\n|\n|-heal|p1a: Blissey|100\/100|[from] move: Wish|[wisher] Blissey\n|-weather|Sandstorm|[upkeep]\n|-damage|p1a: Blissey|94\/100|[from] Sandstorm\n|-damage|p2a: Snorlax|82\/100|[from] Sandstorm\n|-heal|p1a: Blissey|100\/100|[from] item: Leftovers\n|-heal|p2a: Snorlax|88\/100|[from] item: Leftovers\n|upkeep\n|turn|16\n|\n|switch|p1a: Cloyster|Cloyster, F, shiny|100\/100\n|switch|p2a: Tyranitar|Tyranitar, M|82\/100 brn\n|-damage|p2a: Tyranitar|70\/100 brn|[from] Spikes\n|\n|-weather|Sandstorm|[upkeep]\n|-damage|p1a: Cloyster|94\/100|[from] Sandstorm\n|-heal|p1a: Cloyster|100\/100|[from] item: Leftovers\n|-heal|p2a: Tyranitar|76\/100 brn|[from] item: Leftovers\n|-damage|p2a: Tyranitar|64\/100 brn|[from] brn\n|upkeep\n|turn|17\n|\n|move|p1a: Cloyster|Surf|p2a: Tyranitar\n|-supereffective|p2a: Tyranitar\n|-damage|p2a: Tyranitar|3\/100 brn\n|move|p2a: Tyranitar|Hidden Power|p1a: Cloyster\n|-supereffective|p1a: Cloyster\n|-damage|p1a: Cloyster|17\/100\n|\n|-weather|Sandstorm|[upkeep]\n|-damage|p1a: Cloyster|11\/100|[from] Sandstorm\n|-heal|p1a: Cloyster|17\/100|[from] item: Leftovers\n|-heal|p2a: Tyranitar|9\/100 brn|[from] item: Leftovers\n|-damage|p2a: Tyranitar|0 fnt|[from] brn\n|faint|p2a: Tyranitar\n|upkeep\n|\n|switch|p2a: Salamence|Salamence, F|76\/100 tox\n|-ability|p2a: Salamence|Intimidate|boost\n|-unboost|p1a: Cloyster|atk|1\n|turn|18\n|\n|switch|p1a: Blissey|Blissey, F, shiny|100\/100\n|move|p2a: Salamence|Brick Break|p1a: Blissey\n|-supereffective|p1a: Blissey\n|-damage|p1a: Blissey|64\/100\n|\n|-weather|Sandstorm|[upkeep]\n|-damage|p2a: Salamence|70\/100 tox|[from] Sandstorm\n|-damage|p1a: Blissey|58\/100|[from] Sandstorm\n|-heal|p2a: Salamence|76\/100 tox|[from] item: Leftovers\n|-heal|p1a: Blissey|64\/100|[from] item: Leftovers\n|-damage|p2a: Salamence|70\/100 tox|[from] psn\n|upkeep\n|turn|19\n|\n|switch|p2a: Snorlax|Snorlax, M|88\/100\n|-damage|p2a: Snorlax|76\/100|[from] Spikes\n|move|p1a: Blissey|Wish|p1a: Blissey\n|\n|-weather|Sandstorm|[upkeep]\n|-damage|p1a: Blissey|58\/100|[from] Sandstorm\n|-damage|p2a: Snorlax|70\/100|[from] Sandstorm\n|-heal|p1a: Blissey|64\/100|[from] item: Leftovers\n|-heal|p2a: Snorlax|76\/100|[from] item: Leftovers\n|upkeep\n|turn|20\n|\n|move|p1a: Blissey|Protect|p1a: Blissey\n|-singleturn|p1a: Blissey|Protect\n|move|p2a: Snorlax|Body Slam|p1a: Blissey\n|-activate|p1a: Blissey|Protect\n|\n|-heal|p1a: Blissey|100\/100|[from] move: Wish|[wisher] Blissey\n|-weather|Sandstorm|[upkeep]\n|-damage|p1a: Blissey|94\/100|[from] Sandstorm\n|-damage|p2a: Snorlax|70\/100|[from] Sandstorm\n|-heal|p1a: Blissey|100\/100|[from] item: Leftovers\n|-heal|p2a: Snorlax|76\/100|[from] item: Leftovers\n|upkeep\n|turn|21\n|\n|switch|p1a: Gengar|Gengar, F, shiny|100\/100\n|move|p2a: Snorlax|Shadow Ball|p1a: Gengar\n|-supereffective|p1a: Gengar\n|-damage|p1a: Gengar|33\/100\n|-unboost|p1a: Gengar|spd|1\n|\n|-weather|Sandstorm|[upkeep]\n|-damage|p1a: Gengar|27\/100|[from] Sandstorm\n|-damage|p2a: Snorlax|70\/100|[from] Sandstorm\n|-heal|p1a: Gengar|33\/100|[from] item: Leftovers\n|-heal|p2a: Snorlax|76\/100|[from] item: Leftovers\n|upkeep\n|turn|22\n|\n|switch|p2a: Magneton|Magneton|100\/100\n|-damage|p2a: Magneton|88\/100|[from] Spikes\n|move|p1a: Gengar|Will-O-Wisp|p2a: Magneton\n|-status|p2a: Magneton|brn\n|\n|-weather|Sandstorm|[upkeep]\n|-damage|p1a: Gengar|27\/100|[from] Sandstorm\n|-heal|p1a: Gengar|33\/100|[from] item: Leftovers\n|-damage|p2a: Magneton|76\/100 brn|[from] brn\n|upkeep\n|turn|23\n|\n|switch|p1a: Blissey|Blissey, F, shiny|100\/100\n|switch|p2a: Swampert|Swampert, F|85\/100\n|-damage|p2a: Swampert|73\/100|[from] Spikes\n|\n|-weather|Sandstorm|[upkeep]\n|-damage|p1a: Blissey|94\/100|[from] Sandstorm\n|-heal|p1a: Blissey|100\/100|[from] item: Leftovers\n|-heal|p2a: Swampert|79\/100|[from] item: Leftovers\n|upkeep\n|turn|24\n|\n|switch|p2a: Snorlax|Snorlax, M|76\/100\n|-damage|p2a: Snorlax|63\/100|[from] Spikes\n|move|p1a: Blissey|Wish|p1a: Blissey\n|\n|-weather|Sandstorm|[upkeep]\n|-damage|p1a: Blissey|94\/100|[from] Sandstorm\n|-damage|p2a: Snorlax|57\/100|[from] Sandstorm\n|-heal|p1a: Blissey|100\/100|[from] item: Leftovers\n|-heal|p2a: Snorlax|63\/100|[from] item: Leftovers\n|upkeep\n|turn|25\n|\n|switch|p1a: Salamence|Salamence, F|30\/100\n|-ability|p1a: Salamence|Intimidate|boost\n|-unboost|p2a: Snorlax|atk|1\n|move|p2a: Snorlax|Shadow Ball|p1a: Salamence\n|-damage|p1a: Salamence|18\/100\n|-unboost|p1a: Salamence|spd|1\n|\n|-heal|p1a: Salamence|68\/100|[from] move: Wish|[wisher] Blissey\n|-weather|Sandstorm|[upkeep]\n|-damage|p1a: Salamence|61\/100|[from] Sandstorm\n|-damage|p2a: Snorlax|57\/100|[from] Sandstorm\n|-heal|p1a: Salamence|68\/100|[from] item: Leftovers\n|-heal|p2a: Snorlax|63\/100|[from] item: Leftovers\n|upkeep\n|turn|26\n|\n|move|p1a: Salamence|Wish|p1a: Salamence\n|move|p2a: Snorlax|Body Slam|p1a: Salamence\n|-crit|p1a: Salamence\n|-damage|p1a: Salamence|14\/100\n|\n|-weather|Sandstorm|[upkeep]\n|-damage|p1a: Salamence|8\/100|[from] Sandstorm\n|-damage|p2a: Snorlax|57\/100|[from] Sandstorm\n|-heal|p1a: Salamence|14\/100|[from] item: Leftovers\n|-heal|p2a: Snorlax|63\/100|[from] item: Leftovers\n|upkeep\n|turn|27\n|\n|switch|p2a: Salamence|Salamence, F|70\/100 tox\n|-ability|p2a: Salamence|Intimidate|boost\n|-unboost|p1a: Salamence|atk|1\n|move|p1a: Salamence|Protect||[still]\n|-fail|p1a: Salamence\n|\n|-heal|p1a: Salamence|64\/100|[from] move: Wish|[wisher] Salamence\n|-weather|Sandstorm|[upkeep]\n|-damage|p2a: Salamence|64\/100 tox|[from] Sandstorm\n|-damage|p1a: Salamence|58\/100|[from] Sandstorm\n|-heal|p2a: Salamence|70\/100 tox|[from] item: Leftovers\n|-heal|p1a: Salamence|64\/100|[from] item: Leftovers\n|-damage|p2a: Salamence|64\/100 tox|[from] psn\n|upkeep\n|turn|28\n|\n|switch|p1a: Blissey|Blissey, F, shiny|100\/100\n|move|p2a: Salamence|Dragon Claw|p1a: Blissey\n|-damage|p1a: Blissey|86\/100\n|\n|-weather|Sandstorm|[upkeep]\n|-damage|p2a: Salamence|58\/100 tox|[from] Sandstorm\n|-damage|p1a: Blissey|80\/100|[from] Sandstorm\n|-heal|p2a: Salamence|64\/100 tox|[from] item: Leftovers\n|-heal|p1a: Blissey|86\/100|[from] item: Leftovers\n|-damage|p2a: Salamence|52\/100 tox|[from] psn\n|upkeep\n|turn|29\n|\n|move|p2a: Salamence|Brick Break|p1a: Blissey\n|-supereffective|p1a: Blissey\n|-damage|p1a: Blissey|48\/100\n|move|p1a: Blissey|Wish|p1a: Blissey\n|\n|-weather|Sandstorm|[upkeep]\n|-damage|p2a: Salamence|46\/100 tox|[from] Sandstorm\n|-damage|p1a: Blissey|42\/100|[from] Sandstorm\n|-heal|p2a: Salamence|52\/100 tox|[from] item: Leftovers\n|-heal|p1a: Blissey|48\/100|[from] item: Leftovers\n|-damage|p2a: Salamence|34\/100 tox|[from] psn\n|upkeep\n|turn|30\n|\n|move|p1a: Blissey|Protect|p1a: Blissey\n|-singleturn|p1a: Blissey|Protect\n|move|p2a: Salamence|Dragon Claw|p1a: Blissey\n|-activate|p1a: Blissey|Protect\n|\n|-heal|p1a: Blissey|98\/100|[from] move: Wish|[wisher] Blissey\n|-weather|Sandstorm|[upkeep]\n|-damage|p2a: Salamence|28\/100 tox|[from] Sandstorm\n|-damage|p1a: Blissey|92\/100|[from] Sandstorm\n|-heal|p2a: Salamence|34\/100 tox|[from] item: Leftovers\n|-heal|p1a: Blissey|98\/100|[from] item: Leftovers\n|-damage|p2a: Salamence|10\/100 tox|[from] psn\n|upkeep\n|turn|31\n|\n|move|p2a: Salamence|Brick Break|p1a: Blissey\n|-supereffective|p1a: Blissey\n|-damage|p1a: Blissey|60\/100\n|move|p1a: Blissey|Wish|p1a: Blissey\n|\n|-weather|Sandstorm|[upkeep]\n|-damage|p2a: Salamence|4\/100 tox|[from] Sandstorm\n|-damage|p1a: Blissey|54\/100|[from] Sandstorm\n|-heal|p2a: Salamence|10\/100 tox|[from] item: Leftovers\n|-heal|p1a: Blissey|60\/100|[from] item: Leftovers\n|-damage|p2a: Salamence|0 fnt|[from] psn\n|faint|p2a: Salamence\n|upkeep\n|\n|switch|p2a: Heracross|Heracross, F|100\/100\n|-damage|p2a: Heracross|88\/100|[from] Spikes\n|turn|32\n|j| Magikarpian69\n|\n|move|p2a: Heracross|Substitute|p2a: Heracross\n|-start|p2a: Heracross|Substitute\n|-damage|p2a: Heracross|63\/100\n|move|p1a: Blissey|Flamethrower|p2a: Heracross\n|-supereffective|p2a: Heracross\n|-crit|p2a: Heracross\n|-end|p2a: Heracross|Substitute\n|\n|-heal|p1a: Blissey|100\/100|[from] move: Wish|[wisher] Blissey\n|-weather|Sandstorm|[upkeep]\n|-damage|p2a: Heracross|57\/100|[from] Sandstorm\n|-damage|p1a: Blissey|94\/100|[from] Sandstorm\n|-heal|p1a: Blissey|100\/100|[from] item: Leftovers\n|upkeep\n|turn|33\n|\n|switch|p1a: Salamence|Salamence, F|64\/100\n|-ability|p1a: Salamence|Intimidate|boost\n|-unboost|p2a: Heracross|atk|1\n|move|p2a: Heracross|Megahorn|p1a: Salamence\n|-resisted|p1a: Salamence\n|-damage|p1a: Salamence|47\/100\n|\n|-weather|Sandstorm|[upkeep]\n|-damage|p2a: Heracross|51\/100|[from] Sandstorm\n|-damage|p1a: Salamence|41\/100|[from] Sandstorm\n|-heal|p1a: Salamence|47\/100|[from] item: Leftovers\n|upkeep\n|turn|34\n|\n|move|p2a: Heracross|Substitute|p2a: Heracross\n|-start|p2a: Heracross|Substitute\n|-damage|p2a: Heracross|26\/100\n|move|p1a: Salamence|Flamethrower|p2a: Heracross\n|-supereffective|p2a: Heracross\n|-end|p2a: Heracross|Substitute\n|\n|-weather|Sandstorm|[upkeep]\n|-damage|p2a: Heracross|20\/100|[from] Sandstorm\n|-damage|p1a: Salamence|41\/100|[from] Sandstorm\n|-enditem|p2a: Heracross|Salac Berry|[eat]\n|-boost|p2a: Heracross|spe|1|[from] item: Salac Berry\n|-heal|p1a: Salamence|47\/100|[from] item: Leftovers\n|upkeep\n|turn|35\n|\n|move|p1a: Salamence|Protect|p1a: Salamence\n|-singleturn|p1a: Salamence|Protect\n|move|p2a: Heracross|Megahorn|p1a: Salamence\n|-activate|p1a: Salamence|Protect\n|\n|-weather|Sandstorm|[upkeep]\n|-damage|p2a: Heracross|14\/100|[from] Sandstorm\n|-damage|p1a: Salamence|41\/100|[from] Sandstorm\n|-heal|p1a: Salamence|47\/100|[from] item: Leftovers\n|upkeep\n|turn|36\n|l| Magikarpian69\n|\n|move|p2a: Heracross|Megahorn|p1a: Salamence\n|-resisted|p1a: Salamence\n|-damage|p1a: Salamence|24\/100\n|move|p1a: Salamence|Wish|p1a: Salamence\n|\n|-weather|Sandstorm|[upkeep]\n|-damage|p2a: Heracross|8\/100|[from] Sandstorm\n|-damage|p1a: Salamence|18\/100|[from] Sandstorm\n|-heal|p1a: Salamence|24\/100|[from] item: Leftovers\n|upkeep\n|turn|37\n|-message|winter lanterns forfeited.\n|\n|win|Sweet Taroline\n|l|\u2606winter lanterns\n","uploadtime":1591306207,"views":10,"p1id":"sweettaroline","p2id":"winterlanterns","formatid":"gen3ou","rating":0,"private":0,"password":null}