{"id":"gen3ou-1143055807","p1":"winter lanterns","p2":"entwilight","format":"gen3ou","log":"|j|\u2606winter lanterns\n|j|\u2606entwilight\n|player|p1|winter lanterns|dawn|1415\n|player|p2|entwilight|265|1335\n|teamsize|p1|6\n|teamsize|p2|6\n|gametype|singles\n|gen|3\n|tier|[Gen 3] OU\n|rated|\n|rule|Sleep Clause Mod: Limit one foe put to sleep\n|rule|Switch Priority Clause Mod: Faster Pok\u00e9mon switch first\n|rule|Species Clause: Limit one of each Pok\u00e9mon\n|rule|OHKO Clause: OHKO moves are banned\n|rule|Moody Clause: Moody is banned\n|rule|Evasion Moves Clause: Evasion moves are banned\n|rule|Endless Battle Clause: Forcing endless battles is banned\n|rule|HP Percentage Mod: HP is shown in percentages\n|rule|3 Baton Pass Clause: Limit three Baton Passers\n|\n|start\n|switch|p1a: Tyranitar|Tyranitar, F|100\/100\n|switch|p2a: Tyranitar|Tyranitar, M|100\/100\n|-weather|Sandstorm|[from] ability: Sand Stream|[of] p1a: Tyranitar\n|turn|1\n|\n|move|p1a: Tyranitar|Earthquake|p2a: Tyranitar\n|-supereffective|p2a: Tyranitar\n|-damage|p2a: Tyranitar|9\/100\n|move|p2a: Tyranitar|Brick Break|p1a: Tyranitar\n|-supereffective|p1a: Tyranitar\n|-damage|p1a: Tyranitar|18\/100\n|\n|-weather|Sandstorm|[upkeep]\n|upkeep\n|turn|2\n|\n|switch|p2a: Salamence|Salamence, F|100\/100\n|-ability|p2a: Salamence|Intimidate|boost\n|-unboost|p1a: Tyranitar|atk|1\n|move|p1a: Tyranitar|Earthquake|p2a: Salamence\n|-immune|p2a: Salamence\n|\n|-weather|Sandstorm|[upkeep]\n|-damage|p2a: Salamence|94\/100|[from] Sandstorm\n|-heal|p2a: Salamence|100\/100|[from] item: Leftovers\n|upkeep\n|turn|3\n|\n|switch|p2a: Tyranitar|Tyranitar, M|9\/100\n|switch|p1a: Skarmory|Skarmory, M|100\/100\n|\n|-weather|Sandstorm|[upkeep]\n|upkeep\n|turn|4\n|\n|move|p2a: Tyranitar|Fire Blast|p1a: Skarmory\n|-supereffective|p1a: Skarmory\n|-damage|p1a: Skarmory|29\/100\n|move|p1a: Skarmory|Spikes|p2a: Tyranitar\n|-sidestart|p2: entwilight|Spikes\n|\n|-weather|Sandstorm|[upkeep]\n|-heal|p1a: Skarmory|35\/100|[from] item: Leftovers\n|upkeep\n|turn|5\n|\n|switch|p1a: Tyranitar|Tyranitar, F|18\/100\n|move|p2a: Tyranitar|Fire Blast|p1a: Tyranitar\n|-resisted|p1a: Tyranitar\n|-crit|p1a: Tyranitar\n|-damage|p1a: Tyranitar|0 fnt\n|faint|p1a: Tyranitar\n|\n|switch|p1a: Starmie|Starmie|100\/100\n|\n|-weather|Sandstorm|[upkeep]\n|-damage|p1a: Starmie|94\/100|[from] Sandstorm\n|-heal|p1a: Starmie|100\/100|[from] item: Leftovers\n|upkeep\n|turn|6\n|\n|move|p1a: Starmie|Thunderbolt|p2a: Tyranitar\n|-damage|p2a: Tyranitar|0 fnt\n|faint|p2a: Tyranitar\n|\n|switch|p2a: Metagross|Metagross|100\/100\n|-damage|p2a: Metagross|88\/100|[from] Spikes\n|\n|-weather|Sandstorm|[upkeep]\n|-damage|p1a: Starmie|94\/100|[from] Sandstorm\n|-heal|p1a: Starmie|100\/100|[from] item: Leftovers\n|-heal|p2a: Metagross|94\/100|[from] item: Leftovers\n|upkeep\n|turn|7\n|\n|switch|p1a: Moltres|Moltres|100\/100\n|move|p2a: Metagross|Thunder Punch|p1a: Moltres\n|-supereffective|p1a: Moltres\n|-damage|p1a: Moltres|40\/100\n|\n|-weather|Sandstorm|[upkeep]\n|-damage|p1a: Moltres|34\/100|[from] Sandstorm\n|-heal|p1a: Moltres|40\/100|[from] item: Leftovers\n|-heal|p2a: Metagross|99\/100|[from] item: Leftovers\n|upkeep\n|turn|8\n|\n|move|p1a: Moltres|Overheat|p2a: Metagross\n|-supereffective|p2a: Metagross\n|-damage|p2a: Metagross|0 fnt\n|-unboost|p1a: Moltres|spa|2\n|faint|p2a: Metagross\n|\n|switch|p2a: Salamence|Salamence, F|100\/100\n|-ability|p2a: Salamence|Intimidate|boost\n|-unboost|p1a: Moltres|atk|1\n|\n|-weather|Sandstorm|[upkeep]\n|-damage|p1a: Moltres|34\/100|[from] Sandstorm\n|-damage|p2a: Salamence|94\/100|[from] Sandstorm\n|-heal|p1a: Moltres|40\/100|[from] item: Leftovers\n|-heal|p2a: Salamence|100\/100|[from] item: Leftovers\n|upkeep\n|turn|9\n|\n|move|p1a: Moltres|Will-O-Wisp|p2a: Salamence\n|-status|p2a: Salamence|brn\n|move|p2a: Salamence|Dragon Claw|p1a: Moltres\n|-damage|p1a: Moltres|0 fnt\n|faint|p1a: Moltres\n|\n|switch|p1a: Starmie|Starmie|100\/100\n|\n|-weather|Sandstorm|[upkeep]\n|-damage|p1a: Starmie|94\/100|[from] Sandstorm\n|-damage|p2a: Salamence|94\/100 brn|[from] Sandstorm\n|-heal|p1a: Starmie|100\/100|[from] item: Leftovers\n|-heal|p2a: Salamence|100\/100 brn|[from] item: Leftovers\n|-damage|p2a: Salamence|88\/100 brn|[from] brn\n|upkeep\n|turn|10\n|\n|switch|p2a: Cloyster|Cloyster, M|100\/100\n|-damage|p2a: Cloyster|88\/100|[from] Spikes\n|move|p1a: Starmie|Ice Beam|p2a: Cloyster\n|-resisted|p2a: Cloyster\n|-damage|p2a: Cloyster|78\/100\n|\n|-weather|Sandstorm|[upkeep]\n|-damage|p1a: Starmie|94\/100|[from] Sandstorm\n|-damage|p2a: Cloyster|72\/100|[from] Sandstorm\n|-heal|p1a: Starmie|100\/100|[from] item: Leftovers\n|-heal|p2a: Cloyster|78\/100|[from] item: Leftovers\n|upkeep\n|turn|11\n|\n|switch|p2a: Swampert|Swampert, F|100\/100\n|-damage|p2a: Swampert|88\/100|[from] Spikes\n|move|p1a: Starmie|Thunderbolt|p2a: Swampert\n|-immune|p2a: Swampert\n|\n|-weather|Sandstorm|[upkeep]\n|-damage|p1a: Starmie|94\/100|[from] Sandstorm\n|-heal|p1a: Starmie|100\/100|[from] item: Leftovers\n|upkeep\n|turn|12\n|\n|move|p1a: Starmie|Hydro Pump|p2a: Swampert\n|-damage|p2a: Swampert|30\/100\n|move|p2a: Swampert|Substitute|p2a: Swampert\n|-start|p2a: Swampert|Substitute\n|-damage|p2a: Swampert|5\/100\n|\n|-weather|Sandstorm|[upkeep]\n|-damage|p1a: Starmie|94\/100|[from] Sandstorm\n|-heal|p1a: Starmie|100\/100|[from] item: Leftovers\n|-enditem|p2a: Swampert|Salac Berry|[eat]\n|-boost|p2a: Swampert|spe|1|[from] item: Salac Berry\n|upkeep\n|turn|13\n|\n|switch|p1a: Skarmory|Skarmory, M|35\/100\n|move|p2a: Swampert|Endeavor|p1a: Skarmory\n|-damage|p1a: Skarmory|5\/100\n|\n|-weather|Sandstorm|[upkeep]\n|-heal|p1a: Skarmory|11\/100|[from] item: Leftovers\n|upkeep\n|turn|14\n|\n|move|p1a: Skarmory|Protect|p1a: Skarmory\n|-singleturn|p1a: Skarmory|Protect\n|move|p2a: Swampert|Ice Beam|p1a: Skarmory\n|-activate|p1a: Skarmory|Protect\n|\n|-weather|Sandstorm|[upkeep]\n|-heal|p1a: Skarmory|17\/100|[from] item: Leftovers\n|upkeep\n|turn|15\n|\n|switch|p1a: Blissey|Blissey, F|100\/100\n|move|p2a: Swampert|Ice Beam|p1a: Blissey\n|-damage|p1a: Blissey|91\/100\n|\n|-weather|Sandstorm|[upkeep]\n|-damage|p1a: Blissey|85\/100|[from] Sandstorm\n|-heal|p1a: Blissey|91\/100|[from] item: Leftovers\n|upkeep\n|turn|16\n|\n|switch|p1a: Skarmory|Skarmory, M|17\/100\n|move|p2a: Swampert|Endeavor|p1a: Skarmory\n|-damage|p1a: Skarmory|5\/100\n|\n|-weather|Sandstorm|[upkeep]\n|-heal|p1a: Skarmory|11\/100|[from] item: Leftovers\n|upkeep\n|turn|17\n|\n|move|p1a: Skarmory|Protect|p1a: Skarmory\n|-singleturn|p1a: Skarmory|Protect\n|move|p2a: Swampert|Ice Beam|p1a: Skarmory\n|-activate|p1a: Skarmory|Protect\n|\n|-weather|Sandstorm|[upkeep]\n|-heal|p1a: Skarmory|17\/100|[from] item: Leftovers\n|upkeep\n|turn|18\n|\n|move|p2a: Swampert|Hydro Pump|p1a: Skarmory\n|-damage|p1a: Skarmory|0 fnt\n|faint|p1a: Skarmory\n|\n|switch|p1a: Metagross|Metagross|100\/100\n|\n|-weather|Sandstorm|[upkeep]\n|upkeep\n|turn|19\n|\n|move|p2a: Swampert|Endeavor|p1a: Metagross\n|-damage|p1a: Metagross|5\/100\n|move|p1a: Metagross|Earthquake|p2a: Swampert\n|-crit|p2a: Swampert\n|-end|p2a: Swampert|Substitute\n|\n|-weather|Sandstorm|[upkeep]\n|-heal|p1a: Metagross|11\/100|[from] item: Leftovers\n|upkeep\n|turn|20\n|\n|switch|p1a: Blissey|Blissey, F|91\/100\n|move|p2a: Swampert|Endeavor|p1a: Blissey\n|-damage|p1a: Blissey|3\/100\n|\n|-weather|Sandstorm|[upkeep]\n|-damage|p1a: Blissey|0 fnt|[from] Sandstorm\n|faint|p1a: Blissey\n|upkeep\n|\n|switch|p1a: Starmie|Starmie|100\/100\n|turn|21\n|\n|move|p1a: Starmie|Ice Beam|p2a: Swampert\n|-damage|p2a: Swampert|0 fnt\n|faint|p2a: Swampert\n|\n|switch|p2a: Celebi|Celebi|100\/100\n|-damage|p2a: Celebi|88\/100|[from] Spikes\n|\n|-weather|Sandstorm|[upkeep]\n|-damage|p1a: Starmie|94\/100|[from] Sandstorm\n|-damage|p2a: Celebi|82\/100|[from] Sandstorm\n|-heal|p1a: Starmie|100\/100|[from] item: Leftovers\n|-heal|p2a: Celebi|88\/100|[from] item: Leftovers\n|upkeep\n|turn|22\n|\n|move|p1a: Starmie|Ice Beam|p2a: Celebi\n|-supereffective|p2a: Celebi\n|-damage|p2a: Celebi|38\/100\n|move|p2a: Celebi|Giga Drain|p1a: Starmie\n|-supereffective|p1a: Starmie\n|-damage|p1a: Starmie|10\/100\n|-heal|p2a: Celebi|70\/100|[from] drain|[of] p1a: Starmie\n|\n|-weather|Sandstorm|[upkeep]\n|-damage|p1a: Starmie|4\/100|[from] Sandstorm\n|-damage|p2a: Celebi|63\/100|[from] Sandstorm\n|-heal|p1a: Starmie|10\/100|[from] item: Leftovers\n|-heal|p2a: Celebi|70\/100|[from] item: Leftovers\n|upkeep\n|turn|23\n|\n|move|p1a: Starmie|Ice Beam|p2a: Celebi\n|-supereffective|p2a: Celebi\n|-damage|p2a: Celebi|18\/100\n|move|p2a: Celebi|Giga Drain|p1a: Starmie\n|-supereffective|p1a: Starmie\n|-crit|p1a: Starmie\n|-damage|p1a: Starmie|0 fnt\n|-heal|p2a: Celebi|21\/100|[from] drain|[of] p1a: Starmie\n|faint|p1a: Starmie\n|-message|winter lanterns forfeited.\n|\n|win|entwilight\n|raw|winter lanterns's rating: 1415 &rarr; <strong>1390<\/strong><br \/>(-25 for losing)\n|raw|entwilight's rating: 1335 &rarr; <strong>1359<\/strong><br \/>(+24 for winning)\n|c|\u2606entwilight|Gg\n","uploadtime":1593593796,"views":24,"p1id":"winterlanterns","p2id":"entwilight","formatid":"gen3ou","rating":1359,"private":0,"password":null}