{"id":"gen3ou-1145686976","p1":"winter lanterns","p2":"osdavid","format":"gen3ou","log":"|j|\u2606winter lanterns\n|j|\u2606osdavid\n|player|p1|winter lanterns|265|1465\n|player|p2|osdavid|23|1270\n|teamsize|p1|6\n|teamsize|p2|6\n|gametype|singles\n|gen|3\n|tier|[Gen 3] OU\n|rated|\n|rule|Sleep Clause Mod: Limit one foe put to sleep\n|rule|Switch Priority Clause Mod: Faster Pok\u00e9mon switch first\n|rule|Species Clause: Limit one of each Pok\u00e9mon\n|rule|OHKO Clause: OHKO moves are banned\n|rule|Moody Clause: Moody is banned\n|rule|Evasion Moves Clause: Evasion moves are banned\n|rule|Endless Battle Clause: Forcing endless battles is banned\n|rule|HP Percentage Mod: HP is shown in percentages\n|rule|3 Baton Pass Clause: Limit three Baton Passers\n|\n|start\n|switch|p1a: Smeargle|Smeargle, F|100\/100\n|switch|p2a: Gengar|Gengar, M|100\/100\n|turn|1\n|\n|-singleturn|p2a: Gengar|move: Focus Punch\n|move|p1a: Smeargle|Spore|p2a: Gengar\n|-status|p2a: Gengar|slp|[from] move: Spore\n|-enditem|p2a: Gengar|Lum Berry|[eat]\n|-curestatus|p2a: Gengar|slp|[msg]\n|move|p2a: Gengar|Focus Punch|p1a: Smeargle\n|-supereffective|p1a: Smeargle\n|-damage|p1a: Smeargle|0 fnt\n|faint|p1a: Smeargle\n|\n|switch|p1a: Jirachi|Jirachi|100\/100\n|\n|upkeep\n|turn|2\n|\n|move|p2a: Gengar|Destiny Bond|p2a: Gengar\n|-singlemove|p2a: Gengar|Destiny Bond\n|move|p1a: Jirachi|Calm Mind|p1a: Jirachi\n|-boost|p1a: Jirachi|spa|1\n|-boost|p1a: Jirachi|spd|1\n|\n|upkeep\n|turn|3\n|\n|move|p2a: Gengar|Hypnosis|p1a: Jirachi\n|-status|p1a: Jirachi|slp|[from] move: Hypnosis\n|cant|p1a: Jirachi|slp\n|\n|upkeep\n|turn|4\n|\n|switch|p2a: Skarmory|Skarmory, M|100\/100\n|-curestatus|p1a: Jirachi|slp|[msg]\n|move|p1a: Jirachi|Psychic|p2a: Skarmory\n|-resisted|p2a: Skarmory\n|-damage|p2a: Skarmory|67\/100\n|\n|-heal|p2a: Skarmory|73\/100|[from] item: Leftovers\n|upkeep\n|turn|5\n|\n|move|p1a: Jirachi|Fire Punch|p2a: Skarmory\n|-supereffective|p2a: Skarmory\n|-damage|p2a: Skarmory|3\/100\n|move|p2a: Skarmory|Roar|p1a: Jirachi\n|drag|p1a: Aerodactyl|Aerodactyl, M|100\/100\n|\n|-heal|p2a: Skarmory|9\/100|[from] item: Leftovers\n|upkeep\n|turn|6\n|\n|move|p1a: Aerodactyl|Rock Slide|p2a: Skarmory\n|-damage|p2a: Skarmory|0 fnt\n|faint|p2a: Skarmory\n|\n|switch|p2a: Jolteon|Jolteon, M|100\/100\n|\n|upkeep\n|turn|7\n|\n|move|p2a: Jolteon|Thunderbolt|p1a: Aerodactyl\n|-supereffective|p1a: Aerodactyl\n|-damage|p1a: Aerodactyl|0 fnt\n|faint|p1a: Aerodactyl\n|\n|switch|p1a: Jirachi|Jirachi|100\/100\n|\n|upkeep\n|turn|8\n|\n|move|p2a: Jolteon|Thunder Wave|p1a: Jirachi\n|-status|p1a: Jirachi|par\n|move|p1a: Jirachi|Calm Mind|p1a: Jirachi\n|-boost|p1a: Jirachi|spa|1\n|-boost|p1a: Jirachi|spd|1\n|\n|upkeep\n|turn|9\n|\n|switch|p2a: Heracross|Heracross, M|100\/100\n|cant|p1a: Jirachi|par\n|\n|upkeep\n|turn|10\n|\n|move|p2a: Heracross|Megahorn|p1a: Jirachi\n|-damage|p1a: Jirachi|44\/100 par\n|move|p1a: Jirachi|Psychic|p2a: Heracross\n|-supereffective|p2a: Heracross\n|-damage|p2a: Heracross|0 fnt\n|faint|p2a: Heracross\n|\n|switch|p2a: Salamence|Salamence, M|100\/100\n|-ability|p2a: Salamence|Intimidate|boost\n|-unboost|p1a: Jirachi|atk|1\n|\n|-heal|p1a: Jirachi|50\/100 par|[from] item: Leftovers\n|upkeep\n|turn|11\n|\n|move|p2a: Salamence|Brick Break|p1a: Jirachi\n|-damage|p1a: Jirachi|6\/100 par\n|move|p1a: Jirachi|Psychic|p2a: Salamence\n|-damage|p2a: Salamence|14\/100\n|-unboost|p2a: Salamence|spd|1\n|\n|-heal|p1a: Jirachi|12\/100 par|[from] item: Leftovers\n|upkeep\n|turn|12\n|\n|move|p2a: Salamence|Brick Break|p1a: Jirachi\n|-damage|p1a: Jirachi|0 fnt\n|faint|p1a: Jirachi\n|\n|switch|p1a: Gengar|Gengar, F|100\/100\n|\n|upkeep\n|turn|13\n|\n|switch|p2a: Jolteon|Jolteon, M|100\/100\n|move|p1a: Gengar|Ice Punch|p2a: Jolteon\n|-damage|p2a: Jolteon|65\/100\n|-status|p2a: Jolteon|frz\n|\n|upkeep\n|turn|14\n|\n|-curestatus|p2a: Jolteon|frz|[msg]\n|move|p2a: Jolteon|Thunder Wave|p1a: Gengar\n|-status|p1a: Gengar|par\n|move|p1a: Gengar|Ice Punch|p2a: Jolteon\n|-damage|p2a: Jolteon|32\/100\n|\n|upkeep\n|turn|15\n|\n|move|p2a: Jolteon|Substitute|p2a: Jolteon\n|-start|p2a: Jolteon|Substitute\n|-damage|p2a: Jolteon|7\/100\n|move|p1a: Gengar|Ice Punch|p2a: Jolteon\n|-crit|p2a: Jolteon\n|-end|p2a: Jolteon|Substitute\n|\n|-enditem|p2a: Jolteon|Petaya Berry|[eat]\n|-boost|p2a: Jolteon|spa|1|[from] item: Petaya Berry\n|upkeep\n|turn|16\n|\n|move|p2a: Jolteon|Thunderbolt|p1a: Gengar\n|-damage|p1a: Gengar|0 fnt\n|faint|p1a: Gengar\n|\n|switch|p1a: Tyranitar|Tyranitar, F|100\/100\n|-weather|Sandstorm|[from] ability: Sand Stream|[of] p1a: Tyranitar\n|\n|-weather|Sandstorm|[upkeep]\n|-damage|p2a: Jolteon|1\/100|[from] Sandstorm\n|upkeep\n|turn|17\n|\n|move|p2a: Jolteon|Thunderbolt|p1a: Tyranitar\n|-damage|p1a: Tyranitar|30\/100\n|move|p1a: Tyranitar|Dragon Dance|p1a: Tyranitar\n|-boost|p1a: Tyranitar|atk|1\n|-boost|p1a: Tyranitar|spe|1\n|\n|-weather|Sandstorm|[upkeep]\n|-damage|p2a: Jolteon|0 fnt|[from] Sandstorm\n|faint|p2a: Jolteon\n|upkeep\n|\n|switch|p2a: Starmie|Starmie|100\/100\n|turn|18\n|\n|move|p1a: Tyranitar|Rock Slide|p2a: Starmie\n|-damage|p2a: Starmie|33\/100\n|move|p2a: Starmie|Surf|p1a: Tyranitar\n|-supereffective|p1a: Tyranitar\n|-damage|p1a: Tyranitar|0 fnt\n|faint|p1a: Tyranitar\n|\n|switch|p1a: Swampert|Swampert, M|100\/100\n|\n|-weather|Sandstorm|[upkeep]\n|-damage|p2a: Starmie|27\/100|[from] Sandstorm\n|upkeep\n|turn|19\n|\n|move|p2a: Starmie|Surf|p1a: Swampert\n|-damage|p1a: Swampert|64\/100\n|move|p1a: Swampert|Substitute|p1a: Swampert\n|-start|p1a: Swampert|Substitute\n|-damage|p1a: Swampert|40\/100\n|\n|-weather|Sandstorm|[upkeep]\n|-damage|p2a: Starmie|21\/100|[from] Sandstorm\n|-enditem|p2a: Starmie|Salac Berry|[eat]\n|-boost|p2a: Starmie|spe|1|[from] item: Salac Berry\n|upkeep\n|turn|20\n|\n|move|p2a: Starmie|Surf|p1a: Swampert\n|-end|p1a: Swampert|Substitute\n|move|p1a: Swampert|Substitute|p1a: Swampert\n|-start|p1a: Swampert|Substitute\n|-damage|p1a: Swampert|15\/100\n|\n|-weather|Sandstorm|[upkeep]\n|-damage|p2a: Starmie|14\/100|[from] Sandstorm\n|-enditem|p1a: Swampert|Salac Berry|[eat]\n|-boost|p1a: Swampert|spe|1|[from] item: Salac Berry\n|upkeep\n|turn|21\n|\n|move|p2a: Starmie|Surf|p1a: Swampert\n|-end|p1a: Swampert|Substitute\n|move|p1a: Swampert|Surf|p2a: Starmie\n|-resisted|p2a: Starmie\n|-damage|p2a: Starmie|0 fnt\n|faint|p2a: Starmie\n|\n|switch|p2a: Salamence|Salamence, M|14\/100\n|-ability|p2a: Salamence|Intimidate|boost\n|-unboost|p1a: Swampert|atk|1\n|\n|-weather|Sandstorm|[upkeep]\n|-damage|p2a: Salamence|8\/100|[from] Sandstorm\n|upkeep\n|turn|22\n|\n|move|p1a: Swampert|Surf|p2a: Salamence\n|-resisted|p2a: Salamence\n|-damage|p2a: Salamence|0 fnt\n|faint|p2a: Salamence\n|\n|switch|p2a: Gengar|Gengar, M|100\/100\n|\n|-weather|Sandstorm|[upkeep]\n|-damage|p2a: Gengar|94\/100|[from] Sandstorm\n|upkeep\n|turn|23\n|\n|move|p1a: Swampert|Surf|p2a: Gengar\n|-damage|p2a: Gengar|7\/100\n|move|p2a: Gengar|Ice Punch|p1a: Swampert\n|-damage|p1a: Swampert|0 fnt\n|faint|p1a: Swampert\n|\n|win|osdavid\n|l|\u2606winter lanterns\n||Ladder (probably) updated, but score could not be retrieved (Request timeout).\n","uploadtime":1593976668,"views":4,"p1id":"winterlanterns","p2id":"osdavid","formatid":"gen3ou","rating":0,"private":0,"password":null}