{"id":"gen3ou-1151320142","p1":"winter lanterns","p2":"Munua","format":"gen3ou","log":"|j|\u2606winter lanterns\n|j|\u2606Munua\n|player|p1|winter lanterns|169|1509\n|player|p2|Munua|265|1297\n|teamsize|p1|6\n|teamsize|p2|6\n|gametype|singles\n|gen|3\n|tier|[Gen 3] OU\n|rated|\n|rule|Sleep Clause Mod: Limit one foe put to sleep\n|rule|Switch Priority Clause Mod: Faster Pok\u00e9mon switch first\n|rule|Species Clause: Limit one of each Pok\u00e9mon\n|rule|OHKO Clause: OHKO moves are banned\n|rule|Moody Clause: Moody is banned\n|rule|Evasion Moves Clause: Evasion moves are banned\n|rule|Endless Battle Clause: Forcing endless battles is banned\n|rule|HP Percentage Mod: HP is shown in percentages\n|rule|3 Baton Pass Clause: Limit three Baton Passers\n|\n|start\n|switch|p1a: Salamence|Salamence, F|100\/100\n|switch|p2a: Slaking|Slaking, F|100\/100\n|-ability|p1a: Salamence|Intimidate|boost\n|-unboost|p2a: Slaking|atk|1\n|turn|1\n|inactive|Battle timer is ON: inactive players will automatically lose when time's up. (requested by Munua)\n|\n|move|p1a: Salamence|Brick Break|p2a: Slaking\n|-supereffective|p2a: Slaking\n|-damage|p2a: Slaking|33\/100\n|move|p2a: Slaking|Double-Edge|p1a: Salamence\n|-damage|p1a: Salamence|0 fnt\n|-damage|p2a: Slaking|8\/100|[from] Recoil|[of] p1a: Salamence\n|faint|p1a: Salamence\n|j| redtheconduit\n|\n|switch|p1a: Tyranitar|Tyranitar, M|100\/100\n|-weather|Sandstorm|[from] ability: Sand Stream|[of] p1a: Tyranitar\n|\n|-weather|Sandstorm|[upkeep]\n|-damage|p2a: Slaking|2\/100|[from] Sandstorm\n|upkeep\n|turn|2\n|\n|switch|p2a: Metagross|Metagross|100\/100\n|switch|p1a: Swampert|Swampert, M|100\/100\n|\n|-weather|Sandstorm|[upkeep]\n|upkeep\n|turn|3\n|\n|switch|p2a: Umbreon|Umbreon, M, shiny|100\/100\n|move|p1a: Swampert|Surf|p2a: Umbreon\n|-damage|p2a: Umbreon|83\/100\n|\n|-weather|Sandstorm|[upkeep]\n|-damage|p2a: Umbreon|77\/100|[from] Sandstorm\n|-heal|p2a: Umbreon|83\/100|[from] item: Leftovers\n|upkeep\n|turn|4\n|\n|switch|p1a: Celebi|Celebi|100\/100\n|move|p2a: Umbreon|Wish|p2a: Umbreon\n|\n|-weather|Sandstorm|[upkeep]\n|-damage|p1a: Celebi|94\/100|[from] Sandstorm\n|-damage|p2a: Umbreon|77\/100|[from] Sandstorm\n|-heal|p1a: Celebi|100\/100|[from] item: Leftovers\n|-heal|p2a: Umbreon|83\/100|[from] item: Leftovers\n|upkeep\n|turn|5\n|\n|move|p1a: Celebi|Hidden Power|p2a: Umbreon\n|-damage|p2a: Umbreon|68\/100\n|move|p2a: Umbreon|Baton Pass|p2a: Umbreon\n|\n|switch|p2a: Slaking|Slaking, F|2\/100|[from]move: Baton Pass\n|\n|-heal|p2a: Slaking|52\/100|[from] move: Wish|[wisher] Umbreon\n|-weather|Sandstorm|[upkeep]\n|-damage|p2a: Slaking|46\/100|[from] Sandstorm\n|-damage|p1a: Celebi|94\/100|[from] Sandstorm\n|-heal|p1a: Celebi|100\/100|[from] item: Leftovers\n|upkeep\n|turn|6\n|\n|move|p2a: Slaking|Slack Off|p2a: Slaking\n|-heal|p2a: Slaking|96\/100\n|move|p1a: Celebi|Recover||[still]\n|-fail|p1a: Celebi|heal\n|\n|-weather|Sandstorm|[upkeep]\n|-damage|p2a: Slaking|90\/100|[from] Sandstorm\n|-damage|p1a: Celebi|94\/100|[from] Sandstorm\n|-heal|p1a: Celebi|100\/100|[from] item: Leftovers\n|upkeep\n|turn|7\n|\n|switch|p2a: Umbreon|Umbreon, M, shiny|68\/100\n|move|p1a: Celebi|Leech Seed|p2a: Umbreon\n|-start|p2a: Umbreon|move: Leech Seed\n|\n|-weather|Sandstorm|[upkeep]\n|-damage|p1a: Celebi|94\/100|[from] Sandstorm\n|-damage|p2a: Umbreon|61\/100|[from] Sandstorm\n|-heal|p1a: Celebi|100\/100|[from] item: Leftovers\n|-heal|p2a: Umbreon|68\/100|[from] item: Leftovers\n|-damage|p2a: Umbreon|55\/100|[from] Leech Seed|[of] p1a: Celebi\n|upkeep\n|turn|8\n|\n|switch|p2a: Dragonite|Dragonite, F, shiny|100\/100\n|move|p1a: Celebi|Baton Pass|p1a: Celebi\n|\n|switch|p1a: Swampert|Swampert, M|100\/100|[from]move: Baton Pass\n|\n|-weather|Sandstorm|[upkeep]\n|-damage|p2a: Dragonite|94\/100|[from] Sandstorm\n|upkeep\n|turn|9\n|\n|switch|p2a: Umbreon|Umbreon, M, shiny|55\/100\n|move|p1a: Swampert|Toxic|p2a: Umbreon\n|-status|p2a: Umbreon|tox\n|-status|p1a: Swampert|psn|[from] ability: Synchronize|[of] p2a: Umbreon\n|\n|-weather|Sandstorm|[upkeep]\n|-damage|p2a: Umbreon|49\/100 tox|[from] Sandstorm\n|-heal|p2a: Umbreon|55\/100 tox|[from] item: Leftovers\n|-damage|p1a: Swampert|88\/100 psn|[from] psn\n|-damage|p2a: Umbreon|49\/100 tox|[from] psn\n|upkeep\n|turn|10\n|l| redtheconduit\n|\n|switch|p1a: Celebi|Celebi|100\/100\n|move|p2a: Umbreon|Baton Pass|p2a: Umbreon\n|\n|switch|p2a: Gengar|Gengar, M|100\/100|[from]move: Baton Pass\n|\n|-weather|Sandstorm|[upkeep]\n|-damage|p2a: Gengar|94\/100|[from] Sandstorm\n|-damage|p1a: Celebi|94\/100|[from] Sandstorm\n|-heal|p2a: Gengar|100\/100|[from] item: Leftovers\n|-heal|p1a: Celebi|100\/100|[from] item: Leftovers\n|upkeep\n|turn|11\n|inactive|winter lanterns has 120 seconds left.\n|\n|move|p2a: Gengar|Mean Look|p1a: Celebi\n|-activate|p1a: Celebi|trapped\n|move|p1a: Celebi|Leech Seed|p2a: Gengar|[miss]\n|-miss|p1a: Celebi|p2a: Gengar\n|\n|-weather|Sandstorm|[upkeep]\n|-damage|p2a: Gengar|94\/100|[from] Sandstorm\n|-damage|p1a: Celebi|94\/100|[from] Sandstorm\n|-heal|p2a: Gengar|100\/100|[from] item: Leftovers\n|-heal|p1a: Celebi|100\/100|[from] item: Leftovers\n|upkeep\n|turn|12\n|\n|move|p2a: Gengar|Substitute|p2a: Gengar\n|-start|p2a: Gengar|Substitute\n|-damage|p2a: Gengar|75\/100\n|move|p1a: Celebi|Leech Seed||[still]\n|-fail|p1a: Celebi\n|\n|-weather|Sandstorm|[upkeep]\n|-damage|p2a: Gengar|69\/100|[from] Sandstorm\n|-damage|p1a: Celebi|94\/100|[from] Sandstorm\n|-heal|p2a: Gengar|75\/100|[from] item: Leftovers\n|-heal|p1a: Celebi|100\/100|[from] item: Leftovers\n|upkeep\n|turn|13\n|\n|move|p2a: Gengar|Perish Song|p2a: Gengar\n|-start|p1a: Celebi|perish3|[silent]\n|-start|p2a: Gengar|perish3|[silent]\n|-fieldactivate|move: Perish Song\n|move|p1a: Celebi|Baton Pass|p1a: Celebi\n|\n|switch|p1a: Tyranitar|Tyranitar, M|100\/100|[from]move: Baton Pass\n|\n|-weather|Sandstorm|[upkeep]\n|-damage|p2a: Gengar|69\/100|[from] Sandstorm\n|-heal|p2a: Gengar|75\/100|[from] item: Leftovers\n|-start|p2a: Gengar|perish3\n|-start|p1a: Tyranitar|perish3\n|upkeep\n|turn|14\n|\n|move|p2a: Gengar|Mean Look||[still]\n|-fail|p2a: Gengar\n|move|p1a: Tyranitar|Pursuit|p2a: Gengar\n|-supereffective|p2a: Gengar\n|-end|p2a: Gengar|Substitute\n|\n|-weather|Sandstorm|[upkeep]\n|-damage|p2a: Gengar|69\/100|[from] Sandstorm\n|-heal|p2a: Gengar|75\/100|[from] item: Leftovers\n|-start|p2a: Gengar|perish2\n|-start|p1a: Tyranitar|perish2\n|upkeep\n|turn|15\n|\n|move|p2a: Gengar|Substitute|p2a: Gengar\n|-start|p2a: Gengar|Substitute\n|-damage|p2a: Gengar|50\/100\n|move|p1a: Tyranitar|Pursuit|p2a: Gengar\n|-supereffective|p2a: Gengar\n|-end|p2a: Gengar|Substitute\n|\n|-weather|Sandstorm|[upkeep]\n|-damage|p2a: Gengar|44\/100|[from] Sandstorm\n|-heal|p2a: Gengar|50\/100|[from] item: Leftovers\n|-start|p2a: Gengar|perish1\n|-start|p1a: Tyranitar|perish1\n|upkeep\n|turn|16\n|\n|move|p2a: Gengar|Substitute|p2a: Gengar\n|-start|p2a: Gengar|Substitute\n|-damage|p2a: Gengar|25\/100\n|move|p1a: Tyranitar|Pursuit|p2a: Gengar\n|-supereffective|p2a: Gengar\n|-end|p2a: Gengar|Substitute\n|\n|-weather|Sandstorm|[upkeep]\n|-damage|p2a: Gengar|19\/100|[from] Sandstorm\n|-heal|p2a: Gengar|25\/100|[from] item: Leftovers\n|-start|p2a: Gengar|perish0\n|-start|p1a: Tyranitar|perish0\n|upkeep\n|faint|p2a: Gengar\n|faint|p1a: Tyranitar\n|\n|switch|p2a: Slaking|Slaking, F|90\/100\n|switch|p1a: Celebi|Celebi|100\/100\n|turn|17\n|inactive|winter lanterns has 120 seconds left.\n|\n|cant|p2a: Slaking|ability: Truant\n|move|p1a: Celebi|Leech Seed|p2a: Slaking\n|-start|p2a: Slaking|move: Leech Seed\n|\n|-weather|Sandstorm|[upkeep]\n|-damage|p2a: Slaking|84\/100|[from] Sandstorm\n|-damage|p1a: Celebi|94\/100|[from] Sandstorm\n|-heal|p1a: Celebi|100\/100|[from] item: Leftovers\n|-damage|p2a: Slaking|71\/100|[from] Leech Seed|[of] p1a: Celebi\n|upkeep\n|turn|18\n|\n|move|p2a: Slaking|Double-Edge|p1a: Celebi\n|-damage|p1a: Celebi|20\/100\n|-damage|p2a: Slaking|47\/100|[from] Recoil|[of] p1a: Celebi\n|move|p1a: Celebi|Recover|p1a: Celebi\n|-heal|p1a: Celebi|70\/100\n|\n|-weather|Sandstorm|[upkeep]\n|-damage|p2a: Slaking|41\/100|[from] Sandstorm\n|-damage|p1a: Celebi|63\/100|[from] Sandstorm\n|-heal|p1a: Celebi|70\/100|[from] item: Leftovers\n|-damage|p2a: Slaking|28\/100|[from] Leech Seed|[of] p1a: Celebi\n|-heal|p1a: Celebi|83\/100|[silent]\n|upkeep\n|turn|19\n|\n|switch|p2a: Metagross|Metagross|100\/100\n|move|p1a: Celebi|Leech Seed|p2a: Metagross\n|-start|p2a: Metagross|move: Leech Seed\n|\n|-weather|Sandstorm|[upkeep]\n|-damage|p1a: Celebi|77\/100|[from] Sandstorm\n|-heal|p1a: Celebi|83\/100|[from] item: Leftovers\n|-damage|p2a: Metagross|88\/100|[from] Leech Seed|[of] p1a: Celebi\n|-heal|p1a: Celebi|94\/100|[silent]\n|upkeep\n|turn|20\n|\n|switch|p1a: Magneton|Magneton|100\/100\n|move|p2a: Metagross|Explosion|p1a: Magneton\n|-resisted|p1a: Magneton\n|-damage|p1a: Magneton|0 fnt\n|faint|p2a: Metagross\n|faint|p1a: Magneton\n|\n|switch|p1a: Celebi|Celebi|94\/100\n|switch|p2a: Umbreon|Umbreon, M, shiny|49\/100 tox\n|\n|-weather|Sandstorm|[upkeep]\n|-damage|p1a: Celebi|87\/100|[from] Sandstorm\n|-damage|p2a: Umbreon|43\/100 tox|[from] Sandstorm\n|-heal|p1a: Celebi|94\/100|[from] item: Leftovers\n|-heal|p2a: Umbreon|49\/100 tox|[from] item: Leftovers\n|-damage|p2a: Umbreon|43\/100 tox|[from] psn\n|upkeep\n|turn|21\n|\n|move|p1a: Celebi|Hidden Power|p2a: Umbreon\n|-crit|p2a: Umbreon\n|-damage|p2a: Umbreon|11\/100 tox\n|move|p2a: Umbreon|Wish|p2a: Umbreon\n|\n|-weather|Sandstorm|[upkeep]\n|-damage|p1a: Celebi|87\/100|[from] Sandstorm\n|-damage|p2a: Umbreon|5\/100 tox|[from] Sandstorm\n|-heal|p1a: Celebi|94\/100|[from] item: Leftovers\n|-heal|p2a: Umbreon|11\/100 tox|[from] item: Leftovers\n|-damage|p2a: Umbreon|0 fnt|[from] psn\n|faint|p2a: Umbreon\n|upkeep\n|\n|switch|p2a: Slaking|Slaking, F|28\/100\n|turn|22\n|\n|cant|p2a: Slaking|ability: Truant\n|move|p1a: Celebi|Leech Seed|p2a: Slaking\n|-start|p2a: Slaking|move: Leech Seed\n|\n|-heal|p2a: Slaking|78\/100|[from] move: Wish|[wisher] Umbreon\n|-weather|Sandstorm|[upkeep]\n|-damage|p2a: Slaking|72\/100|[from] Sandstorm\n|-damage|p1a: Celebi|87\/100|[from] Sandstorm\n|-heal|p1a: Celebi|94\/100|[from] item: Leftovers\n|-damage|p2a: Slaking|60\/100|[from] Leech Seed|[of] p1a: Celebi\n|-heal|p1a: Celebi|100\/100|[silent]\n|upkeep\n|turn|23\n|\n|switch|p2a: Dragonite|Dragonite, F, shiny|94\/100\n|move|p1a: Celebi|Recover||[still]\n|-fail|p1a: Celebi|heal\n|\n|-weather|Sandstorm|[upkeep]\n|-damage|p1a: Celebi|94\/100|[from] Sandstorm\n|-damage|p2a: Dragonite|88\/100|[from] Sandstorm\n|-heal|p1a: Celebi|100\/100|[from] item: Leftovers\n|upkeep\n|turn|24\n|\n|move|p1a: Celebi|Leech Seed|p2a: Dragonite\n|-start|p2a: Dragonite|move: Leech Seed\n|move|p2a: Dragonite|Hidden Power|p1a: Celebi\n|-supereffective|p1a: Celebi\n|-damage|p1a: Celebi|24\/100\n|\n|-weather|Sandstorm|[upkeep]\n|-damage|p1a: Celebi|18\/100|[from] Sandstorm\n|-damage|p2a: Dragonite|82\/100|[from] Sandstorm\n|-heal|p1a: Celebi|24\/100|[from] item: Leftovers\n|-damage|p2a: Dragonite|70\/100|[from] Leech Seed|[of] p1a: Celebi\n|-heal|p1a: Celebi|36\/100|[silent]\n|upkeep\n|turn|25\n|\n|move|p1a: Celebi|Recover|p1a: Celebi\n|-heal|p1a: Celebi|86\/100\n|move|p2a: Dragonite|Hidden Power|p1a: Celebi\n|-supereffective|p1a: Celebi\n|-damage|p1a: Celebi|2\/100\n|\n|-weather|Sandstorm|[upkeep]\n|-damage|p1a: Celebi|0 fnt|[from] Sandstorm\n|-damage|p2a: Dragonite|64\/100|[from] Sandstorm\n|faint|p1a: Celebi\n|upkeep\n|\n|switch|p1a: Snorlax|Snorlax, M|100\/100\n|turn|26\n|\n|move|p2a: Dragonite|Hidden Power|p1a: Snorlax\n|-damage|p1a: Snorlax|60\/100\n|move|p1a: Snorlax|Curse|p1a: Snorlax\n|-unboost|p1a: Snorlax|spe|1\n|-boost|p1a: Snorlax|atk|1\n|-boost|p1a: Snorlax|def|1\n|\n|-weather|Sandstorm|[upkeep]\n|-damage|p2a: Dragonite|58\/100|[from] Sandstorm\n|-damage|p1a: Snorlax|53\/100|[from] Sandstorm\n|-heal|p1a: Snorlax|60\/100|[from] item: Leftovers\n|-damage|p2a: Dragonite|46\/100|[from] Leech Seed|[of] p1a: Snorlax\n|-heal|p1a: Snorlax|70\/100|[silent]\n|upkeep\n|turn|27\n|\n|move|p2a: Dragonite|Hidden Power|p1a: Snorlax\n|-damage|p1a: Snorlax|39\/100\n|move|p1a: Snorlax|Curse|p1a: Snorlax\n|-unboost|p1a: Snorlax|spe|1\n|-boost|p1a: Snorlax|atk|1\n|-boost|p1a: Snorlax|def|1\n|\n|-weather|Sandstorm|[upkeep]\n|-damage|p2a: Dragonite|40\/100|[from] Sandstorm\n|-damage|p1a: Snorlax|33\/100|[from] Sandstorm\n|-heal|p1a: Snorlax|39\/100|[from] item: Leftovers\n|-damage|p2a: Dragonite|28\/100|[from] Leech Seed|[of] p1a: Snorlax\n|-heal|p1a: Snorlax|49\/100|[silent]\n|upkeep\n|turn|28\n|\n|move|p2a: Dragonite|Hidden Power|p1a: Snorlax\n|-damage|p1a: Snorlax|27\/100\n|move|p1a: Snorlax|Rest|p1a: Snorlax\n|-status|p1a: Snorlax|slp|[from] move: Rest\n|-heal|p1a: Snorlax|100\/100 slp|[silent]\n|\n|-weather|Sandstorm|[upkeep]\n|-damage|p2a: Dragonite|22\/100|[from] Sandstorm\n|-damage|p1a: Snorlax|94\/100 slp|[from] Sandstorm\n|-heal|p1a: Snorlax|100\/100 slp|[from] item: Leftovers\n|-damage|p2a: Dragonite|9\/100|[from] Leech Seed|[of] p1a: Snorlax\n|upkeep\n|turn|29\n|\n|switch|p2a: Slaking|Slaking, F|60\/100\n|cant|p1a: Snorlax|slp\n|\n|-weather|Sandstorm|[upkeep]\n|-damage|p2a: Slaking|53\/100|[from] Sandstorm\n|-damage|p1a: Snorlax|94\/100 slp|[from] Sandstorm\n|-heal|p1a: Snorlax|100\/100 slp|[from] item: Leftovers\n|upkeep\n|turn|30\n|\n|move|p2a: Slaking|Double-Edge|p1a: Snorlax\n|-damage|p1a: Snorlax|52\/100 slp\n|-damage|p2a: Slaking|36\/100|[from] Recoil|[of] p1a: Snorlax\n|cant|p1a: Snorlax|slp\n|\n|-weather|Sandstorm|[upkeep]\n|-damage|p2a: Slaking|30\/100|[from] Sandstorm\n|-damage|p1a: Snorlax|46\/100 slp|[from] Sandstorm\n|-heal|p1a: Snorlax|52\/100 slp|[from] item: Leftovers\n|upkeep\n|turn|31\n|\n|switch|p2a: Dragonite|Dragonite, F, shiny|9\/100\n|-curestatus|p1a: Snorlax|slp|[msg]\n|move|p1a: Snorlax|Body Slam|p2a: Dragonite\n|-damage|p2a: Dragonite|0 fnt\n|faint|p2a: Dragonite\n|\n|switch|p2a: Slaking|Slaking, F|30\/100\n|\n|-weather|Sandstorm|[upkeep]\n|-damage|p2a: Slaking|24\/100|[from] Sandstorm\n|-damage|p1a: Snorlax|46\/100|[from] Sandstorm\n|-heal|p1a: Snorlax|52\/100|[from] item: Leftovers\n|upkeep\n|turn|32\n|\n|move|p2a: Slaking|Double-Edge|p1a: Snorlax\n|-damage|p1a: Snorlax|4\/100\n|-damage|p2a: Slaking|7\/100|[from] Recoil|[of] p1a: Snorlax\n|move|p1a: Snorlax|Body Slam|p2a: Slaking\n|-damage|p2a: Slaking|0 fnt\n|faint|p2a: Slaking\n|\n|switch|p2a: Magneton|Magneton|100\/100\n|\n|-weather|Sandstorm|[upkeep]\n|-damage|p1a: Snorlax|0 fnt|[from] Sandstorm\n|faint|p1a: Snorlax\n|upkeep\n|\n|switch|p1a: Swampert|Swampert, M|88\/100 psn\n|turn|33\n|\n|move|p2a: Magneton|Hidden Power|p1a: Swampert\n|-supereffective|p1a: Swampert\n|-damage|p1a: Swampert|0 fnt\n|faint|p1a: Swampert\n|\n|win|Munua\n|l|\u2606winter lanterns\n","uploadtime":1594773455,"views":7,"p1id":"winterlanterns","p2id":"munua","formatid":"gen3ou","rating":0,"private":0,"password":null}