{"id":"gen4ubers-1654485717","p1":"RubenPaCe","p2":"alvar03","format":"gen4ubers","log":"|j|\u2606RubenPaCe\n|j|\u2606alvar03\n|t:|1662142111\n|gametype|singles\n|player|p1|RubenPaCe|n|1233\n|player|p2|alvar03|alder|1282\n|teamsize|p1|6\n|teamsize|p2|6\n|gen|4\n|tier|[Gen 4] Ubers\n|rated|\n|rule|Sleep Clause Mod: Limit one foe put to sleep\n|rule|Species Clause: Limit one of each Pok\u00e9mon\n|rule|OHKO Clause: OHKO moves are banned\n|rule|Evasion Items Clause: Evasion items are banned\n|rule|Evasion Moves Clause: Evasion moves are banned\n|rule|Endless Battle Clause: Forcing endless battles is banned\n|rule|HP Percentage Mod: HP is shown in percentages\n|\n|t:|1662142111\n|start\n|switch|p1a: Tyranitar|Tyranitar, M|100\/100\n|switch|p2a: Darkrai|Darkrai|100\/100\n|-weather|Sandstorm|[from] ability: Sand Stream|[of] p1a: Tyranitar\n|turn|1\n|inactive|Battle timer is ON: inactive players will automatically lose when time's up. (requested by alvar03)\n|\n|t:|1662142120\n|switch|p2a: Groudon|Groudon|100\/100\n|-weather|SunnyDay|[from] ability: Drought|[of] p2a: Groudon\n|move|p1a: Tyranitar|Low Kick|p2a: Groudon\n|-damage|p2a: Groudon|75\/100\n|\n|-weather|SunnyDay|[upkeep]\n|-heal|p2a: Groudon|81\/100|[from] item: Leftovers\n|upkeep\n|turn|2\n|\n|t:|1662142128\n|move|p1a: Tyranitar|Stealth Rock|p2a: Groudon\n|-sidestart|p2: alvar03|move: Stealth Rock\n|move|p2a: Groudon|Stealth Rock|p1a: Tyranitar\n|-sidestart|p1: RubenPaCe|move: Stealth Rock\n|\n|-weather|SunnyDay|[upkeep]\n|-heal|p2a: Groudon|87\/100|[from] item: Leftovers\n|upkeep\n|turn|3\n|\n|t:|1662142131\n|switch|p1a: Giratina|Giratina-Origin|100\/100\n|-damage|p1a: Giratina|88\/100|[from] Stealth Rock\n|move|p2a: Groudon|Thunder Wave|p1a: Giratina\n|-status|p1a: Giratina|par\n|\n|-weather|SunnyDay|[upkeep]\n|-heal|p2a: Groudon|93\/100|[from] item: Leftovers\n|upkeep\n|turn|4\n|\n|t:|1662142138\n|move|p2a: Groudon|Dragon Claw|p1a: Giratina\n|-supereffective|p1a: Giratina\n|-damage|p1a: Giratina|49\/100 par\n|cant|p1a: Giratina|par\n|\n|-weather|SunnyDay|[upkeep]\n|-heal|p2a: Groudon|99\/100|[from] item: Leftovers\n|upkeep\n|turn|5\n|\n|t:|1662142144\n|move|p2a: Groudon|Dragon Claw|p1a: Giratina\n|-supereffective|p1a: Giratina\n|-damage|p1a: Giratina|5\/100 par\n|move|p1a: Giratina|Draco Meteor|p2a: Groudon\n|-crit|p2a: Groudon\n|-damage|p2a: Groudon|0 fnt\n|-unboost|p1a: Giratina|spa|2\n|faint|p2a: Groudon\n|\n|-weather|SunnyDay|[upkeep]\n|upkeep\n|\n|t:|1662142162\n|switch|p2a: Garchomp|Garchomp, M|100\/100\n|-damage|p2a: Garchomp|94\/100|[from] Stealth Rock\n|turn|6\n|\n|t:|1662142165\n|move|p2a: Garchomp|Dragon Claw|p1a: Giratina\n|-supereffective|p1a: Giratina\n|-damage|p1a: Giratina|0 fnt\n|faint|p1a: Giratina\n|\n|-weather|SunnyDay|[upkeep]\n|upkeep\n|\n|t:|1662142177\n|switch|p1a: Palkia|Palkia|100\/100\n|-damage|p1a: Palkia|88\/100|[from] Stealth Rock\n|-ability|p1a: Palkia|Pressure\n|turn|7\n|\n|t:|1662142181\n|switch|p2a: Jirachi|Jirachi|100\/100\n|-damage|p2a: Jirachi|94\/100|[from] Stealth Rock\n|switch|p1a: Jirachi|Jirachi|100\/100\n|-damage|p1a: Jirachi|94\/100|[from] Stealth Rock\n|\n|-weather|SunnyDay|[upkeep]\n|-heal|p1a: Jirachi|100\/100|[from] item: Leftovers\n|-heal|p2a: Jirachi|100\/100|[from] item: Leftovers\n|upkeep\n|turn|8\n|\n|t:|1662142184\n|move|p1a: Jirachi|U-turn|p2a: Jirachi\n|-damage|p2a: Jirachi|87\/100\n|\n|t:|1662142189\n|switch|p1a: Palkia|Palkia|88\/100|[from]move: U-turn\n|-damage|p1a: Palkia|76\/100|[from] Stealth Rock\n|-ability|p1a: Palkia|Pressure\n|move|p2a: Jirachi|Body Slam|p1a: Palkia\n|-damage|p1a: Palkia|53\/100\n|\n|-weather|SunnyDay|[upkeep]\n|-heal|p2a: Jirachi|93\/100|[from] item: Leftovers\n|upkeep\n|turn|9\n|\n|t:|1662142192\n|move|p2a: Jirachi|Protect|p2a: Jirachi\n|-singleturn|p2a: Jirachi|Protect\n|move|p1a: Palkia|Fire Blast|p2a: Jirachi\n|-activate|p2a: Jirachi|Protect\n|\n|-weather|SunnyDay|[upkeep]\n|-heal|p2a: Jirachi|99\/100|[from] item: Leftovers\n|upkeep\n|turn|10\n|\n|t:|1662142197\n|switch|p2a: Latias|Latias, F|100\/100\n|-damage|p2a: Latias|88\/100|[from] Stealth Rock\n|move|p1a: Palkia|Spacial Rend|p2a: Latias\n|-supereffective|p2a: Latias\n|-damage|p2a: Latias|11\/100\n|\n|-weather|SunnyDay|[upkeep]\n|upkeep\n|turn|11\n|\n|t:|1662142204\n|switch|p1a: Tyranitar|Tyranitar, M|100\/100\n|-damage|p1a: Tyranitar|88\/100|[from] Stealth Rock\n|-weather|Sandstorm|[from] ability: Sand Stream|[of] p1a: Tyranitar\n|move|p2a: Latias|Dragon Pulse|p1a: Tyranitar\n|-crit|p1a: Tyranitar\n|-damage|p1a: Tyranitar|13\/100\n|\n|-weather|Sandstorm|[upkeep]\n|-damage|p2a: Latias|5\/100|[from] Sandstorm\n|upkeep\n|turn|12\n|\n|t:|1662142218\n|move|p2a: Latias|Dragon Pulse|p1a: Tyranitar\n|-damage|p1a: Tyranitar|0 fnt\n|faint|p1a: Tyranitar\n|\n|-weather|Sandstorm|[upkeep]\n|-damage|p2a: Latias|0 fnt|[from] Sandstorm\n|faint|p2a: Latias\n|upkeep\n|\n|t:|1662142227\n|switch|p2a: Jirachi|Jirachi|99\/100\n|switch|p1a: Deoxys|Deoxys-Attack|100\/100\n|-damage|p1a: Deoxys|88\/100|[from] Stealth Rock\n|-ability|p1a: Deoxys|Pressure\n|-damage|p2a: Jirachi|93\/100|[from] Stealth Rock\n|turn|13\n|\n|t:|1662142231\n|switch|p1a: Jirachi|Jirachi|100\/100\n|-damage|p1a: Jirachi|94\/100|[from] Stealth Rock\n|move|p2a: Jirachi|Body Slam|p1a: Jirachi\n|-resisted|p1a: Jirachi\n|-damage|p1a: Jirachi|86\/100\n|-status|p1a: Jirachi|par\n|\n|-weather|Sandstorm|[upkeep]\n|-heal|p2a: Jirachi|99\/100|[from] item: Leftovers\n|-heal|p1a: Jirachi|92\/100 par|[from] item: Leftovers\n|upkeep\n|turn|14\n|\n|t:|1662142237\n|move|p2a: Jirachi|Wish|p2a: Jirachi\n|move|p1a: Jirachi|U-turn|p2a: Jirachi\n|-damage|p2a: Jirachi|86\/100\n|\n|t:|1662142239\n|switch|p1a: Garchomp|Garchomp, F|100\/100|[from]move: U-turn\n|-damage|p1a: Garchomp|94\/100|[from] Stealth Rock\n|\n|-weather|Sandstorm|[upkeep]\n|-heal|p2a: Jirachi|92\/100|[from] item: Leftovers\n|upkeep\n|turn|15\n|\n|t:|1662142244\n|move|p1a: Garchomp|Substitute|p1a: Garchomp\n|-start|p1a: Garchomp|Substitute\n|-damage|p1a: Garchomp|69\/100\n|move|p2a: Jirachi|Body Slam|p1a: Garchomp|[miss]\n|-miss|p2a: Jirachi|p1a: Garchomp\n|\n|-heal|p2a: Jirachi|100\/100|[from] move: Wish|[wisher] Jirachi\n|-weather|Sandstorm|[upkeep]\n|upkeep\n|turn|16\n|\n|t:|1662142251\n|move|p1a: Garchomp|Swords Dance|p1a: Garchomp\n|-boost|p1a: Garchomp|atk|2\n|move|p2a: Jirachi|Body Slam|p1a: Garchomp\n|-activate|p1a: Garchomp|Substitute|[damage]\n|\n|-weather|Sandstorm|[upkeep]\n|upkeep\n|turn|17\n|\n|t:|1662142254\n|move|p1a: Garchomp|Earthquake|p2a: Jirachi\n|-supereffective|p2a: Jirachi\n|-crit|p2a: Jirachi\n|-damage|p2a: Jirachi|0 fnt\n|faint|p2a: Jirachi\n|\n|-weather|Sandstorm|[upkeep]\n|upkeep\n|\n|t:|1662142258\n|switch|p2a: Giratina|Giratina-Origin|100\/100\n|-damage|p2a: Giratina|88\/100|[from] Stealth Rock\n|turn|18\n|\n|t:|1662142261\n|move|p2a: Giratina|Shadow Sneak|p1a: Garchomp\n|-end|p1a: Garchomp|Substitute\n|move|p1a: Garchomp|Outrage|p2a: Giratina\n|-supereffective|p2a: Giratina\n|-damage|p2a: Giratina|0 fnt\n|faint|p2a: Giratina\n|\n|-weather|Sandstorm|[upkeep]\n|upkeep\n|\n|t:|1662142273\n|switch|p2a: Darkrai|Darkrai|100\/100\n|-damage|p2a: Darkrai|88\/100|[from] Stealth Rock\n|turn|19\n|\n|t:|1662142275\n|move|p2a: Darkrai|Dark Pulse|p1a: Garchomp|[miss]\n|-miss|p2a: Darkrai|p1a: Garchomp\n|move|p1a: Garchomp|Outrage|p2a: Darkrai|[from]lockedmove\n|-damage|p2a: Darkrai|0 fnt\n|faint|p2a: Darkrai\n|\n|-weather|Sandstorm|[upkeep]\n|upkeep\n|\n|t:|1662142280\n|switch|p2a: Garchomp|Garchomp, M|94\/100\n|-damage|p2a: Garchomp|88\/100|[from] Stealth Rock\n|turn|20\n|\n|t:|1662142282\n|move|p2a: Garchomp|Dragon Claw|p1a: Garchomp|[miss]\n|-miss|p2a: Garchomp|p1a: Garchomp\n|move|p1a: Garchomp|Outrage|p2a: Garchomp|[from]lockedmove\n|-supereffective|p2a: Garchomp\n|-damage|p2a: Garchomp|0 fnt\n|faint|p2a: Garchomp\n|\n|win|RubenPaCe\n|raw|RubenPaCe's rating: 1233 &rarr; <strong>1262<\/strong><br \/>(+29 for winning)\n|raw|alvar03's rating: 1282 &rarr; <strong>1253<\/strong><br \/>(-29 for losing)\n|l|\u2606alvar03\n|c|\u2606RubenPaCe|holly shit\n|c|\u2606RubenPaCe|I'm so sorry\n||Ladder isn't responding, score probably updated but might not have (Request timeout).\n","uploadtime":1662142293,"views":15,"p1id":"rubenpace","p2id":"alvar03","formatid":"gen4ubers","rating":1253,"private":0,"password":null}