{"id":"gen4ou-1318333276","p1":"bibi64","p2":"Stellar Flares","format":"gen4ou","log":"|j|\u2606bibi64\n|j|\u2606Stellar Flares\n|inactive|Battle timer is ON: inactive players will automatically lose when time's up.\n|t:|1617988130\n|gametype|singles\n|player|p1|bibi64|benga|\n|player|p2|Stellar Flares|101|\n|teamsize|p1|6\n|teamsize|p2|6\n|gen|4\n|tier|[Gen 4] OU\n|rated|Tournament battle\n|rule|Sleep Clause Mod: Limit one foe put to sleep\n|rule|Species Clause: Limit one of each Pok\u00e9mon\n|rule|OHKO Clause: OHKO moves are banned\n|rule|Evasion Moves Clause: Evasion moves are banned\n|rule|Endless Battle Clause: Forcing endless battles is banned\n|rule|HP Percentage Mod: HP is shown in percentages\n|\n|t:|1617988130\n|start\n|switch|p1a: Azelf|Azelf, shiny|100\/100\n|switch|p2a: Melmetal|Melmetal|100\/100\n|turn|1\n|c|\u2606bibi64|glhf\n|j| draceau\n|\n|t:|1617988140\n|move|p1a: Azelf|Stealth Rock|p2a: Melmetal\n|-sidestart|p2: Stellar Flares|move: Stealth Rock\n|move|p2a: Melmetal|Acid Armor|p2a: Melmetal\n|-boost|p2a: Melmetal|def|2\n|\n|upkeep\n|turn|2\n|\n|t:|1617988145\n|move|p1a: Azelf|Fire Blast|p2a: Melmetal\n|-supereffective|p2a: Melmetal\n|-damage|p2a: Melmetal|37\/100\n|move|p2a: Melmetal|Substitute|p2a: Melmetal\n|-start|p2a: Melmetal|Substitute\n|-damage|p2a: Melmetal|12\/100\n|\n|-heal|p2a: Melmetal|18\/100|[from] item: Leftovers\n|upkeep\n|turn|3\n|\n|t:|1617988151\n|move|p1a: Azelf|Fire Blast|p2a: Melmetal\n|-supereffective|p2a: Melmetal\n|-end|p2a: Melmetal|Substitute\n|move|p2a: Melmetal|Double Iron Bash|p1a: Azelf\n|-damage|p1a: Azelf|31\/100\n|-damage|p1a: Azelf|0 fnt\n|-hitcount|p1a: Azelf|2\n|faint|p1a: Azelf\n|\n|-heal|p2a: Melmetal|24\/100|[from] item: Leftovers\n|upkeep\n|j| Fus!0Nflare\n|j| Dusam\n|\n|t:|1617988164\n|switch|p1a: Rotom|Rotom-Heat, shiny|100\/100\n|turn|4\n|\n|t:|1617988169\n|switch|p2a: Tyranitar|Tyranitar, M|100\/100\n|-damage|p2a: Tyranitar|88\/100|[from] Stealth Rock\n|-weather|Sandstorm|[from] ability: Sand Stream|[of] p2a: Tyranitar\n|move|p1a: Rotom|Shadow Ball|p2a: Tyranitar\n|-resisted|p2a: Tyranitar\n|-damage|p2a: Tyranitar|80\/100\n|\n|-weather|Sandstorm|[upkeep]\n|-damage|p1a: Rotom|95\/100|[from] Sandstorm\n|upkeep\n|turn|5\n|l| draceau\n|\n|t:|1617988190\n|-activate|p1a: Rotom|move: Pursuit\n|move|p2a: Tyranitar|Pursuit|p1a: Rotom|[from]Pursuit\n|-supereffective|p1a: Rotom\n|-damage|p1a: Rotom|0 fnt\n|-hint|Previously chosen switches continue in Gen 2-4 after a Pursuit target faints.\n|faint|p1a: Rotom\n|switch|p1a: Gyarados|Gyarados, M, shiny|100\/100\n|-ability|p1a: Gyarados|Intimidate|boost\n|-unboost|p2a: Tyranitar|atk|1\n|\n|-weather|Sandstorm|[upkeep]\n|-damage|p1a: Gyarados|94\/100|[from] Sandstorm\n|-heal|p1a: Gyarados|100\/100|[from] item: Leftovers\n|upkeep\n|turn|6\n|j|#Ox the Fox\n|j| Capa basal\n|\n|t:|1617988199\n|move|p1a: Gyarados|Waterfall|p2a: Tyranitar\n|-supereffective|p2a: Tyranitar\n|-enditem|p2a: Tyranitar|Passho Berry|[eat]\n|-enditem|p2a: Tyranitar|Passho Berry|[weaken]\n|-damage|p2a: Tyranitar|32\/100\n|move|p2a: Tyranitar|Stone Edge|p1a: Gyarados|[miss]\n|-miss|p2a: Tyranitar|p1a: Gyarados\n|\n|-weather|Sandstorm|[upkeep]\n|-damage|p1a: Gyarados|94\/100|[from] Sandstorm\n|-heal|p1a: Gyarados|100\/100|[from] item: Leftovers\n|upkeep\n|turn|7\n|c|\u2606Stellar Flares|yikes\n|l| Capa basal\n|c|\u2606bibi64|sorry\n|c|\u2606Stellar Flares|you're not truly\n|\n|t:|1617988227\n|switch|p2a: Latias|Latias, F|100\/100\n|-damage|p2a: Latias|88\/100|[from] Stealth Rock\n|move|p1a: Gyarados|Waterfall|p2a: Latias\n|-resisted|p2a: Latias\n|-damage|p2a: Latias|70\/100\n|\n|-weather|Sandstorm|[upkeep]\n|-damage|p2a: Latias|64\/100|[from] Sandstorm\n|-damage|p1a: Gyarados|94\/100|[from] Sandstorm\n|-heal|p2a: Latias|70\/100|[from] item: Leftovers\n|-heal|p1a: Gyarados|100\/100|[from] item: Leftovers\n|upkeep\n|turn|8\n|\n|t:|1617988235\n|move|p2a: Latias|Reflect|p2a: Latias\n|-sidestart|p2: Stellar Flares|Reflect\n|move|p1a: Gyarados|Dragon Dance|p1a: Gyarados\n|-boost|p1a: Gyarados|atk|1\n|-boost|p1a: Gyarados|spe|1\n|\n|-weather|Sandstorm|[upkeep]\n|-damage|p1a: Gyarados|94\/100|[from] Sandstorm\n|-damage|p2a: Latias|64\/100|[from] Sandstorm\n|-heal|p1a: Gyarados|100\/100|[from] item: Leftovers\n|-heal|p2a: Latias|70\/100|[from] item: Leftovers\n|upkeep\n|turn|9\n|\n|t:|1617988240\n|move|p1a: Gyarados|Bounce||[still]\n|-prepare|p1a: Gyarados|Bounce\n|move|p2a: Latias|Dragon Pulse|p1a: Gyarados|[miss]\n|-miss|p2a: Latias|p1a: Gyarados\n|\n|-weather|Sandstorm|[upkeep]\n|-damage|p1a: Gyarados|94\/100|[from] Sandstorm\n|-damage|p2a: Latias|64\/100|[from] Sandstorm\n|-heal|p1a: Gyarados|100\/100|[from] item: Leftovers\n|-heal|p2a: Latias|70\/100|[from] item: Leftovers\n|upkeep\n|turn|10\n|\n|t:|1617988244\n|move|p1a: Gyarados|Bounce|p2a: Latias|[from]lockedmove|[miss]\n|-miss|p1a: Gyarados|p2a: Latias\n|move|p2a: Latias|Recover|p2a: Latias\n|-heal|p2a: Latias|100\/100\n|\n|-weather|Sandstorm|[upkeep]\n|-damage|p1a: Gyarados|94\/100|[from] Sandstorm\n|-damage|p2a: Latias|94\/100|[from] Sandstorm\n|-heal|p1a: Gyarados|100\/100|[from] item: Leftovers\n|-heal|p2a: Latias|100\/100|[from] item: Leftovers\n|upkeep\n|turn|11\n|\n|t:|1617988249\n|move|p1a: Gyarados|Dragon Dance|p1a: Gyarados\n|-boost|p1a: Gyarados|atk|1\n|-boost|p1a: Gyarados|spe|1\n|move|p2a: Latias|Dragon Pulse|p1a: Gyarados\n|-damage|p1a: Gyarados|67\/100\n|\n|-weather|Sandstorm|[upkeep]\n|-damage|p1a: Gyarados|61\/100|[from] Sandstorm\n|-damage|p2a: Latias|94\/100|[from] Sandstorm\n|-heal|p1a: Gyarados|67\/100|[from] item: Leftovers\n|-heal|p2a: Latias|100\/100|[from] item: Leftovers\n|upkeep\n|turn|12\n|\n|t:|1617988255\n|move|p1a: Gyarados|Stone Edge|p2a: Latias|[miss]\n|-miss|p1a: Gyarados|p2a: Latias\n|move|p2a: Latias|Dragon Pulse|p1a: Gyarados\n|-damage|p1a: Gyarados|34\/100\n|\n|-weather|Sandstorm|[upkeep]\n|-damage|p1a: Gyarados|28\/100|[from] Sandstorm\n|-damage|p2a: Latias|94\/100|[from] Sandstorm\n|-heal|p1a: Gyarados|34\/100|[from] item: Leftovers\n|-heal|p2a: Latias|100\/100|[from] item: Leftovers\n|-sideend|p2: Stellar Flares|Reflect\n|upkeep\n|turn|13\n|\n|t:|1617988260\n|move|p1a: Gyarados|Stone Edge|p2a: Latias\n|-crit|p2a: Latias\n|-damage|p2a: Latias|0 fnt\n|faint|p2a: Latias\n|\n|-weather|Sandstorm|[upkeep]\n|-damage|p1a: Gyarados|28\/100|[from] Sandstorm\n|-heal|p1a: Gyarados|34\/100|[from] item: Leftovers\n|upkeep\n|c|\u2606Stellar Flares|fun\n|\n|t:|1617988274\n|switch|p2a: Skarmory|Skarmory, F|100\/100\n|-damage|p2a: Skarmory|88\/100|[from] Stealth Rock\n|turn|14\n|\n|t:|1617988281\n|move|p1a: Gyarados|Waterfall|p2a: Skarmory\n|-crit|p2a: Skarmory\n|-damage|p2a: Skarmory|0 fnt\n|faint|p2a: Skarmory\n|\n|-weather|Sandstorm|[upkeep]\n|-damage|p1a: Gyarados|28\/100|[from] Sandstorm\n|-heal|p1a: Gyarados|34\/100|[from] item: Leftovers\n|upkeep\n|c|\u2606Stellar Flares|xd\n|c|\u2606bibi64|oh nooooo\n|c|\u2606bibi64|sorry\n|c|\u2606bibi64|no\n|j| WSMoe\n|c|\u2606Stellar Flares|you're not truly (2)\n|c|\u2606bibi64|god\n|-message|Stellar Flares forfeited.\n|\n|win|bibi64\n|n|\u2606bibi64|bibi64\n|n|\u2606Stellar Flares|stellarflares\n|n| Fus!0Nflare|fus0nflare\n|n| Dusam|dusam\n|n|+Ox the Fox|oxthefox\n|n| WSMoe|wsmoe\n","uploadtime":1617988303,"views":32,"p1id":"bibi64","p2id":"stellarflares","formatid":"gen4ou","rating":0,"private":0,"password":null}