{"id":"gen4ou-1041367352","p1":"EH5","p2":"Cowsrule247","format":"gen4ou","log":"|j|\u2606EH5\n|j|\u2606Cowsrule247\n|player|p1|EH5|137|1323\n|player|p2|Cowsrule247|192|1273\n|teamsize|p1|6\n|teamsize|p2|6\n|gametype|singles\n|gen|4\n|tier|[Gen 4] OU\n|rated|\n|rule|Sleep Clause Mod: Limit one foe put to sleep\n|rule|Species Clause: Limit one of each Pok\u00e9mon\n|rule|OHKO Clause: OHKO moves are banned\n|rule|Evasion Moves Clause: Evasion moves are banned\n|rule|Endless Battle Clause: Forcing endless battles is banned\n|rule|HP Percentage Mod: HP is shown in percentages\n|rule|Baton Pass Clause: Limit one Baton Passer, can't pass Spe and other stats simultaneously\n|\n|start\n|switch|p1a: Roserade|Roserade, F|100\/100\n|switch|p2a: Infernape|Infernape, M|100\/100\n|turn|1\n|inactive|Battle timer is ON: inactive players will automatically lose when time's up. (requested by Cowsrule247)\n|\n|switch|p1a: Gliscor|Gliscor, M|100\/100\n|move|p2a: Infernape|Fake Out|p1a: Gliscor\n|-damage|p1a: Gliscor|92\/100\n|\n|upkeep\n|turn|2\n|\n|move|p2a: Infernape|Stealth Rock|p1a: Gliscor\n|-sidestart|p1: EH5|move: Stealth Rock\n|move|p1a: Gliscor|Earthquake|p2a: Infernape\n|-supereffective|p2a: Infernape\n|-damage|p2a: Infernape|1\/100\n|-enditem|p2a: Infernape|Focus Sash\n|\n|upkeep\n|turn|3\n|j| TrailBlazer324\n|\n|switch|p1a: Empoleon|Empoleon, M|100\/100\n|-damage|p1a: Empoleon|94\/100|[from] Stealth Rock\n|move|p2a: Infernape|Fire Blast|p1a: Empoleon\n|-damage|p1a: Empoleon|5\/100\n|-enditem|p1a: Empoleon|Petaya Berry|[eat]\n|-boost|p1a: Empoleon|spa|1\n|\n|upkeep\n|turn|4\n|\n|move|p1a: Empoleon|Aqua Jet|p2a: Infernape\n|-supereffective|p2a: Infernape\n|-damage|p2a: Infernape|0 fnt\n|faint|p2a: Infernape\n|\n|upkeep\n|\n|switch|p2a: Scizor|Scizor, F|100\/100\n|turn|5\n|\n|move|p2a: Scizor|Bullet Punch|p1a: Empoleon\n|-resisted|p1a: Empoleon\n|-damage|p1a: Empoleon|0 fnt\n|faint|p1a: Empoleon\n|\n|upkeep\n|\n|switch|p1a: Infernape|Infernape, M|100\/100\n|-damage|p1a: Infernape|88\/100|[from] Stealth Rock\n|turn|6\n|c| TrailBlazer324|Hello\n|\n|switch|p2a: Starmie|Starmie|100\/100\n|move|p1a: Infernape|U-turn|p2a: Starmie\n|-supereffective|p2a: Starmie\n|-damage|p2a: Starmie|28\/100\n|-damage|p1a: Infernape|78\/100|[from] item: Life Orb\n|\n|switch|p1a: Blissey|Blissey, F|100\/100|[from]move: U-turn\n|-damage|p1a: Blissey|88\/100|[from] Stealth Rock\n|\n|-heal|p1a: Blissey|94\/100|[from] item: Leftovers\n|upkeep\n|turn|7\n|\n|switch|p2a: Tyranitar|Tyranitar, F|100\/100\n|-weather|Sandstorm|[from] ability: Sand Stream|[of] p2a: Tyranitar\n|move|p1a: Blissey|Seismic Toss|p2a: Tyranitar\n|-damage|p2a: Tyranitar|75\/100\n|\n|-weather|Sandstorm|[upkeep]\n|-damage|p1a: Blissey|88\/100|[from] Sandstorm\n|-heal|p1a: Blissey|94\/100|[from] item: Leftovers\n|upkeep\n|turn|8\n|\n|move|p1a: Blissey|Protect|p1a: Blissey\n|-singleturn|p1a: Blissey|Protect\n|move|p2a: Tyranitar|Pursuit|p1a: Blissey\n|-activate|p1a: Blissey|Protect\n|\n|-weather|Sandstorm|[upkeep]\n|-damage|p1a: Blissey|88\/100|[from] Sandstorm\n|-heal|p1a: Blissey|94\/100|[from] item: Leftovers\n|upkeep\n|turn|9\n|\n|-activate|p1a: Blissey|move: Pursuit\n|move|p2a: Tyranitar|Pursuit|p1a: Blissey|[from]Pursuit\n|-damage|p1a: Blissey|31\/100\n|switch|p1a: Gliscor|Gliscor, M|92\/100\n|-damage|p1a: Gliscor|79\/100|[from] Stealth Rock\n|\n|-weather|Sandstorm|[upkeep]\n|upkeep\n|turn|10\n|\n|move|p1a: Gliscor|Earthquake|p2a: Tyranitar\n|-supereffective|p2a: Tyranitar\n|-damage|p2a: Tyranitar|8\/100\n|move|p2a: Tyranitar|Pursuit|p1a: Gliscor\n|-damage|p1a: Gliscor|49\/100\n|\n|-weather|Sandstorm|[upkeep]\n|upkeep\n|turn|11\n|\n|move|p1a: Gliscor|Earthquake|p2a: Tyranitar\n|-supereffective|p2a: Tyranitar\n|-damage|p2a: Tyranitar|0 fnt\n|faint|p2a: Tyranitar\n|\n|-weather|Sandstorm|[upkeep]\n|upkeep\n|\n|switch|p2a: Starmie|Starmie|28\/100\n|turn|12\n|\n|move|p2a: Starmie|Hydro Pump|p1a: Gliscor|[miss]\n|-miss|p2a: Starmie|p1a: Gliscor\n|move|p1a: Gliscor|Earthquake|p2a: Starmie\n|-damage|p2a: Starmie|0 fnt\n|faint|p2a: Starmie\n|\n|-weather|Sandstorm|[upkeep]\n|upkeep\n|\n|switch|p2a: Gengar|Gengar, M|100\/100\n|turn|13\n|\n|move|p2a: Gengar|Shadow Ball|p1a: Gliscor\n|-damage|p1a: Gliscor|0 fnt\n|-damage|p2a: Gengar|91\/100|[from] item: Life Orb\n|faint|p1a: Gliscor\n|\n|-weather|Sandstorm|[upkeep]\n|-damage|p2a: Gengar|84\/100|[from] Sandstorm\n|upkeep\n|\n|switch|p1a: Bronzong|Bronzong|100\/100\n|-damage|p1a: Bronzong|94\/100|[from] Stealth Rock\n|turn|14\n|\n|switch|p2a: Gyarados|Gyarados, F|100\/100\n|-ability|p2a: Gyarados|Intimidate|boost\n|-unboost|p1a: Bronzong|atk|1\n|move|p1a: Bronzong|Psychic|p2a: Gyarados\n|-damage|p2a: Gyarados|73\/100\n|\n|-weather|Sandstorm|[upkeep]\n|-damage|p2a: Gyarados|67\/100|[from] Sandstorm\n|-heal|p1a: Bronzong|100\/100|[from] item: Leftovers\n|upkeep\n|turn|15\n|\n|move|p2a: Gyarados|Dragon Dance|p2a: Gyarados\n|-boost|p2a: Gyarados|atk|1\n|-boost|p2a: Gyarados|spe|1\n|move|p1a: Bronzong|Psychic|p2a: Gyarados\n|-damage|p2a: Gyarados|40\/100\n|\n|-weather|Sandstorm|[upkeep]\n|-damage|p2a: Gyarados|34\/100|[from] Sandstorm\n|upkeep\n|turn|16\n|\n|move|p2a: Gyarados|Waterfall|p1a: Bronzong\n|-damage|p1a: Bronzong|17\/100\n|-damage|p2a: Gyarados|24\/100|[from] item: Life Orb\n|move|p1a: Bronzong|Psychic|p2a: Gyarados\n|-damage|p2a: Gyarados|0 fnt\n|faint|p2a: Gyarados\n|\n|-weather|Sandstorm|[upkeep]\n|-heal|p1a: Bronzong|23\/100|[from] item: Leftovers\n|upkeep\n|\n|switch|p2a: Scizor|Scizor, F|100\/100\n|turn|17\n|\n|move|p2a: Scizor|U-turn|p1a: Bronzong\n|-crit|p1a: Bronzong\n|-damage|p1a: Bronzong|0 fnt\n|faint|p1a: Bronzong\n|\n|switch|p2a: Gengar|Gengar, M|84\/100|[from]move: U-turn\n|\n|-weather|Sandstorm|[upkeep]\n|-damage|p2a: Gengar|78\/100|[from] Sandstorm\n|upkeep\n|\n|switch|p1a: Blissey|Blissey, F|31\/100\n|-damage|p1a: Blissey|19\/100|[from] Stealth Rock\n|turn|18\n|inactive|Cowsrule247 has 120 seconds left.\n|\n|move|p2a: Gengar|Focus Blast|p1a: Blissey\n|-supereffective|p1a: Blissey\n|-damage|p1a: Blissey|0 fnt\n|-damage|p2a: Gengar|68\/100|[from] item: Life Orb\n|faint|p1a: Blissey\n|\n|-weather|Sandstorm|[upkeep]\n|-damage|p2a: Gengar|62\/100|[from] Sandstorm\n|upkeep\n|\n|switch|p1a: Roserade|Roserade, F|100\/100\n|-damage|p1a: Roserade|88\/100|[from] Stealth Rock\n|turn|19\n|\n|move|p2a: Gengar|Hidden Power|p1a: Roserade\n|-supereffective|p1a: Roserade\n|-damage|p1a: Roserade|6\/100\n|-damage|p2a: Gengar|52\/100|[from] item: Life Orb\n|move|p1a: Roserade|Sleep Powder|p2a: Gengar\n|-status|p2a: Gengar|slp|[from] move: Sleep Powder\n|\n|-weather|Sandstorm|[upkeep]\n|-damage|p2a: Gengar|46\/100 slp|[from] Sandstorm\n|-damage|p1a: Roserade|0 fnt|[from] Sandstorm\n|faint|p1a: Roserade\n|upkeep\n|\n|switch|p1a: Infernape|Infernape, M|78\/100\n|-damage|p1a: Infernape|66\/100|[from] Stealth Rock\n|turn|20\n|\n|cant|p2a: Gengar|slp\n|move|p1a: Infernape|Fire Blast|p2a: Gengar\n|-damage|p2a: Gengar|0 fnt\n|-damage|p1a: Infernape|56\/100|[from] item: Life Orb\n|faint|p2a: Gengar\n|\n|-weather|Sandstorm|[upkeep]\n|-damage|p1a: Infernape|50\/100|[from] Sandstorm\n|upkeep\n|\n|switch|p2a: Scizor|Scizor, F|100\/100\n|turn|21\n|\n|move|p2a: Scizor|Bullet Punch|p1a: Infernape\n|-resisted|p1a: Infernape\n|-damage|p1a: Infernape|26\/100\n|move|p1a: Infernape|Fire Blast|p2a: Scizor\n|-supereffective|p2a: Scizor\n|-damage|p2a: Scizor|0 fnt\n|-damage|p1a: Infernape|17\/100|[from] item: Life Orb\n|faint|p2a: Scizor\n|\n|win|EH5\n|l| TrailBlazer324\n|c|\u2606Cowsrule247|Gg\n|raw|EH5's rating: 1323 &rarr; <strong>1340<\/strong><br \/>(+17 for winning)\n|raw|Cowsrule247's rating: 1273 &rarr; <strong>1252<\/strong><br \/>(-21 for losing)\n|l|\u2606Cowsrule247\n","uploadtime":1578243673,"views":8,"p1id":"eh5","p2id":"cowsrule247","formatid":"gen4ou","rating":1252,"private":0,"password":null}