{"id":"gen4randombattle-1436731567","p1":"MyBodyMyChoice","p2":"Lunar Neo","format":"gen4randombattle","log":"|inactive|Battle timer is ON: inactive players will automatically lose when time's up.\n|j|\u2606MyBodyMyChoice\n|j|\u2606Lunar Neo\n|t:|1634425583\n|gametype|singles\n|player|p1|MyBodyMyChoice|170|\n|player|p2|Lunar Neo|grimsley|\n|teamsize|p1|6\n|teamsize|p2|6\n|gen|4\n|tier|[Gen 4] Random Battle\n|rated|Tournament battle\n|rule|Sleep Clause Mod: Limit one foe put to sleep\n|rule|HP Percentage Mod: HP is shown in percentages\n|rule|Blitz: Super-fast timer\n|rule|Inverse Mod: Weaknesses become resistances, while resistances and immunities become weaknesses.\n|\n|t:|1634425583\n|start\n|switch|p1a: Aerodactyl|Aerodactyl, L80, M|259\/259\n|switch|p2a: Leafeon|Leafeon, L84, F|246\/246\n|-ability|p1a: Aerodactyl|Pressure\n|turn|1\n|inactive|Lunar Neo also wants the timer to be on.\n|\n|t:|1634425587\n|move|p1a: Aerodactyl|Earthquake|p2a: Leafeon\n|-supereffective|p2a: Leafeon\n|-crit|p2a: Leafeon\n|-damage|p2a: Leafeon|54\/246\n|move|p2a: Leafeon|Double-Edge|p1a: Aerodactyl\n|-supereffective|p1a: Aerodactyl\n|-damage|p1a: Aerodactyl|27\/259\n|-damage|p2a: Leafeon|0 fnt|[from] Recoil\n|faint|p2a: Leafeon\n|\n|-heal|p1a: Aerodactyl|43\/259|[from] item: Leftovers\n|upkeep\n|inactive|Lunar Neo has 10 seconds left.\n|\n|t:|1634425595\n|switch|p2a: Deoxys|Deoxys-Defense, L76|201\/201\n|-ability|p2a: Deoxys|Pressure\n|turn|2\n|j| MoonLordDiancie\n|j| totsukeki\n|j| Jester Nyx\n|\n|t:|1634425598\n|move|p1a: Aerodactyl|Stealth Rock|p2a: Deoxys\n|-sidestart|p2: Lunar Neo|move: Stealth Rock\n|move|p2a: Deoxys|Spikes|p1a: Aerodactyl\n|-sidestart|p1: MyBodyMyChoice|Spikes\n|\n|-heal|p1a: Aerodactyl|59\/259|[from] item: Leftovers\n|upkeep\n|turn|3\n|\n|t:|1634425601\n|move|p1a: Aerodactyl|Roost|p1a: Aerodactyl\n|-heal|p1a: Aerodactyl|188\/259\n|-singleturn|p1a: Aerodactyl|move: Roost\n|move|p2a: Deoxys|Seismic Toss|p1a: Aerodactyl\n|-damage|p1a: Aerodactyl|112\/259\n|\n|-heal|p1a: Aerodactyl|128\/259|[from] item: Leftovers\n|upkeep\n|turn|4\n|j| Gordonstein\n|\n|t:|1634425604\n|move|p1a: Aerodactyl|Stone Edge|p2a: Deoxys\n|-damage|p2a: Deoxys|134\/201\n|move|p2a: Deoxys|Toxic|p1a: Aerodactyl|[miss]\n|-miss|p2a: Deoxys|p1a: Aerodactyl\n|\n|-heal|p1a: Aerodactyl|144\/259|[from] item: Leftovers\n|-heal|p2a: Deoxys|146\/201|[from] item: Leftovers\n|upkeep\n|turn|5\n|l| totsukeki\n|\n|t:|1634425608\n|move|p1a: Aerodactyl|Stone Edge|p2a: Deoxys|[miss]\n|-miss|p1a: Aerodactyl|p2a: Deoxys\n|move|p2a: Deoxys|Recover|p2a: Deoxys\n|-heal|p2a: Deoxys|201\/201\n|\n|-heal|p1a: Aerodactyl|160\/259|[from] item: Leftovers\n|upkeep\n|turn|6\n|\n|t:|1634425612\n|move|p1a: Aerodactyl|Stone Edge|p2a: Deoxys|[miss]\n|-miss|p1a: Aerodactyl|p2a: Deoxys\n|move|p2a: Deoxys|Toxic|p1a: Aerodactyl\n|-status|p1a: Aerodactyl|tox\n|\n|-heal|p1a: Aerodactyl|176\/259 tox|[from] item: Leftovers\n|-damage|p1a: Aerodactyl|160\/259 tox|[from] psn\n|upkeep\n|turn|7\n|\n|t:|1634425616\n|move|p1a: Aerodactyl|Stone Edge|p2a: Deoxys\n|-crit|p2a: Deoxys\n|-damage|p2a: Deoxys|54\/201\n|move|p2a: Deoxys|Spikes|p1a: Aerodactyl\n|-sidestart|p1: MyBodyMyChoice|Spikes\n|\n|-heal|p1a: Aerodactyl|176\/259 tox|[from] item: Leftovers\n|-damage|p1a: Aerodactyl|144\/259 tox|[from] psn\n|-heal|p2a: Deoxys|66\/201|[from] item: Leftovers\n|upkeep\n|turn|8\n|inactive|MyBodyMyChoice has 10 seconds left.\n|inactive|Lunar Neo has 10 seconds left.\n|\n|t:|1634425621\n|switch|p2a: Rayquaza|Rayquaza, L76|285\/285\n|-damage|p2a: Rayquaza|268\/285|[from] Stealth Rock\n|move|p1a: Aerodactyl|Earthquake|p2a: Rayquaza\n|-supereffective|p2a: Rayquaza\n|-damage|p2a: Rayquaza|124\/285\n|\n|-heal|p1a: Aerodactyl|160\/259 tox|[from] item: Leftovers\n|-damage|p1a: Aerodactyl|112\/259 tox|[from] psn\n|upkeep\n|turn|9\n|j| dustinthebattler\n|inactive|MyBodyMyChoice has 10 seconds left.\n|inactive|Lunar Neo has 10 seconds left.\n|\n|t:|1634425627\n|move|p2a: Rayquaza|Extreme Speed|p1a: Aerodactyl\n|-supereffective|p1a: Aerodactyl\n|-damage|p1a: Aerodactyl|0 fnt\n|faint|p1a: Aerodactyl\n|\n|upkeep\n|j| ABlueChampion\n|\n|t:|1634425632\n|switch|p1a: Latias|Latias, L80, F|259\/259\n|turn|10\n|c| dustinthebattler|LUNAR YOU BETTER WIN\n|inactive|Lunar Neo has 10 seconds left.\n|\n|t:|1634425637\n|switch|p2a: Muk|Muk, L88, M|328\/328\n|-damage|p2a: Muk|287\/328|[from] Stealth Rock\n|move|p1a: Latias|Surf|p2a: Muk\n|-damage|p2a: Muk|232\/328\n|\n|upkeep\n|turn|11\n|j| Lord Rekkuza\n|\n|t:|1634425642\n|switch|p1a: Ludicolo|Ludicolo, L84, F|272\/272\n|-damage|p1a: Ludicolo|227\/272|[from] Spikes\n|move|p2a: Muk|Poison Jab|p1a: Ludicolo\n|-resisted|p1a: Ludicolo\n|-damage|p1a: Ludicolo|137\/272\n|\n|-heal|p1a: Ludicolo|154\/272|[from] item: Leftovers\n|upkeep\n|turn|12\n|j| drake so fruity\n|inactive|Lunar Neo has 10 seconds left.\n|\n|t:|1634425649\n|switch|p2a: Tauros|Tauros, L88, M|275\/275\n|-damage|p2a: Tauros|241\/275|[from] Stealth Rock\n|-ability|p2a: Tauros|Intimidate|boost\n|-unboost|p1a: Ludicolo|atk|1\n|move|p1a: Ludicolo|Leech Seed|p2a: Tauros|[miss]\n|-miss|p1a: Ludicolo|p2a: Tauros\n|\n|-heal|p1a: Ludicolo|171\/272|[from] item: Leftovers\n|upkeep\n|turn|13\n|\n|t:|1634425654\n|move|p2a: Tauros|Earthquake|p1a: Ludicolo\n|-supereffective|p1a: Ludicolo\n|-damage|p1a: Ludicolo|0 fnt\n|faint|p1a: Ludicolo\n|\n|upkeep\n|\n|t:|1634425657\n|switch|p1a: Mesprit|Mesprit, L84|272\/272\n|turn|14\n|inactive|Lunar Neo has 10 seconds left.\n|\n|t:|1634425664\n|switch|p2a: Deoxys|Deoxys-Defense, L76|66\/201\n|-damage|p2a: Deoxys|41\/201|[from] Stealth Rock\n|-ability|p2a: Deoxys|Pressure\n|move|p1a: Mesprit|Psychic|p2a: Deoxys\n|-supereffective|p2a: Deoxys\n|-crit|p2a: Deoxys\n|-damage|p2a: Deoxys|0 fnt\n|faint|p2a: Deoxys\n|\n|upkeep\n|\n|t:|1634425667\n|switch|p2a: Muk|Muk, L88, M|232\/328\n|-damage|p2a: Muk|191\/328|[from] Stealth Rock\n|turn|15\n|\n|t:|1634425671\n|move|p1a: Mesprit|Substitute|p1a: Mesprit\n|-start|p1a: Mesprit|Substitute\n|-damage|p1a: Mesprit|204\/272\n|move|p2a: Muk|Poison Jab|p1a: Mesprit\n|-end|p1a: Mesprit|Substitute\n|\n|-heal|p1a: Mesprit|221\/272|[from] item: Leftovers\n|upkeep\n|turn|16\n|inactive|MyBodyMyChoice has 10 seconds left.\n|\n|t:|1634425676\n|move|p1a: Mesprit|Thunder Wave|p2a: Muk\n|-status|p2a: Muk|par\n|move|p2a: Muk|Poison Jab|p1a: Mesprit\n|-damage|p1a: Mesprit|100\/272\n|\n|-heal|p1a: Mesprit|117\/272|[from] item: Leftovers\n|upkeep\n|turn|17\n|\n|t:|1634425680\n|move|p1a: Mesprit|Substitute|p1a: Mesprit\n|-start|p1a: Mesprit|Substitute\n|-damage|p1a: Mesprit|49\/272\n|move|p2a: Muk|Poison Jab|p1a: Mesprit\n|-end|p1a: Mesprit|Substitute\n|\n|-heal|p1a: Mesprit|66\/272|[from] item: Leftovers\n|upkeep\n|turn|18\n|\n|t:|1634425684\n|move|p1a: Mesprit|Ice Beam|p2a: Muk\n|-damage|p2a: Muk|132\/328 par\n|move|p2a: Muk|Poison Jab|p1a: Mesprit\n|-damage|p1a: Mesprit|0 fnt\n|faint|p1a: Mesprit\n|\n|upkeep\n|inactive|MyBodyMyChoice has 10 seconds left.\n|\n|t:|1634425690\n|switch|p1a: Ho-Oh|Ho-Oh, L76|285\/285\n|-ability|p1a: Ho-Oh|Pressure\n|turn|19\n|j|#fart\n|\n|t:|1634425693\n|move|p1a: Ho-Oh|Sacred Fire|p2a: Muk\n|-damage|p2a: Muk|6\/328 par\n|move|p2a: Muk|Poison Jab|p1a: Ho-Oh\n|-damage|p1a: Ho-Oh|117\/285\n|\n|-heal|p1a: Ho-Oh|134\/285|[from] item: Leftovers\n|upkeep\n|turn|20\n|\n|t:|1634425697\n|move|p1a: Ho-Oh|Roost|p1a: Ho-Oh\n|-heal|p1a: Ho-Oh|276\/285\n|-singleturn|p1a: Ho-Oh|move: Roost\n|move|p2a: Muk|Poison Jab|p1a: Ho-Oh\n|-damage|p1a: Ho-Oh|108\/285\n|-status|p1a: Ho-Oh|psn\n|\n|-heal|p1a: Ho-Oh|125\/285 psn|[from] item: Leftovers\n|-damage|p1a: Ho-Oh|90\/285 psn|[from] psn\n|upkeep\n|turn|21\n|inactive|MyBodyMyChoice has 10 seconds left.\n|c|\u2606MyBodyMyChoice|zzzz\n|\n|t:|1634425705\n|move|p1a: Ho-Oh|Punishment|p2a: Muk\n|-damage|p2a: Muk|0 fnt\n|faint|p2a: Muk\n|\n|-heal|p1a: Ho-Oh|107\/285 psn|[from] item: Leftovers\n|-damage|p1a: Ho-Oh|72\/285 psn|[from] psn\n|upkeep\n|inactive|Lunar Neo has 10 seconds left.\n|\n|t:|1634425711\n|switch|p2a: Tauros|Tauros, L88, M|241\/275\n|-damage|p2a: Tauros|207\/275|[from] Stealth Rock\n|-ability|p2a: Tauros|Intimidate|boost\n|-unboost|p1a: Ho-Oh|atk|1\n|turn|22\n|inactive|Lunar Neo has 10 seconds left.\n|\n|t:|1634425717\n|move|p2a: Tauros|Return|p1a: Ho-Oh\n|-damage|p1a: Ho-Oh|0 fnt\n|faint|p1a: Ho-Oh\n|\n|upkeep\n|\n|t:|1634425722\n|switch|p1a: Latias|Latias, L80, F|259\/259\n|turn|23\n|\n|t:|1634425724\n|move|p2a: Tauros|Return|p1a: Latias\n|-damage|p1a: Latias|72\/259\n|move|p1a: Latias|Psychic|p2a: Tauros\n|-damage|p2a: Tauros|93\/275\n|\n|-heal|p1a: Latias|88\/259|[from] item: Leftovers\n|upkeep\n|turn|24\n|\n|t:|1634425727\n|move|p2a: Tauros|Return|p1a: Latias\n|-damage|p1a: Latias|0 fnt\n|faint|p1a: Latias\n|\n|upkeep\n|\n|t:|1634425728\n|switch|p1a: Walrein|Walrein, L88, M|337\/337\n|-damage|p1a: Walrein|281\/337|[from] Spikes\n|turn|25\n|\n|t:|1634425731\n|move|p2a: Tauros|Return|p1a: Walrein\n|-damage|p1a: Walrein|110\/337\n|move|p1a: Walrein|Surf|p2a: Tauros\n|-damage|p2a: Tauros|0 fnt\n|faint|p2a: Tauros\n|\n|-heal|p1a: Walrein|131\/337|[from] item: Leftovers\n|upkeep\n|\n|t:|1634425734\n|switch|p2a: Blastoise|Blastoise, L84, F|270\/270\n|-damage|p2a: Blastoise|237\/270|[from] Stealth Rock\n|turn|26\n|\n|t:|1634425738\n|move|p2a: Blastoise|Ice Beam|p1a: Walrein\n|-supereffective|p1a: Walrein\n|-damage|p1a: Walrein|11\/337\n|move|p1a: Walrein|Surf|p2a: Blastoise\n|-supereffective|p2a: Blastoise\n|-damage|p2a: Blastoise|33\/270\n|\n|-heal|p2a: Blastoise|49\/270|[from] item: Leftovers\n|-heal|p1a: Walrein|32\/337|[from] item: Leftovers\n|upkeep\n|turn|27\n|\n|t:|1634425742\n|move|p2a: Blastoise|Ice Beam|p1a: Walrein\n|-supereffective|p1a: Walrein\n|-damage|p1a: Walrein|0 fnt\n|faint|p1a: Walrein\n|\n|win|Lunar Neo\n|n|\u2606MyBodyMyChoice|mybodymychoice\n|n|\u2606Lunar Neo|lunarneo\n|n| MoonLordDiancie|moonlorddiancie\n|n| Jester Nyx|jesternyx\n|n| Gordonstein|gordonstein\n|n| dustinthebattler|dustinthebattler\n|n| ABlueChampion|abluechampion\n|n| Lord Rekkuza|lordrekkuza\n|n| drake so fruity|drakesofruity\n|n|@fart|fart\n","inputlog":">version 11d526f8913852e43a05194f5ca22a7083942375\n>start {\"formatid\":\"gen4randombattle@@@blitz,inversemod\",\"seed\":[37971,18319,62630,26476],\"rated\":\"Tournament battle\"}\n>player p1 {\"name\":\"MyBodyMyChoice\",\"avatar\":\"170\",\"rating\":0,\"seed\":[6184,15498,8275,12642]}\n>player p2 {\"name\":\"Lunar Neo\",\"avatar\":\"grimsley\",\"rating\":0,\"seed\":[18655,19322,46941,27130]}\n>p1 move earthquake\n>p2 move doubleedge\n>p2 switch 5\n>p1 move stealthrock\n>p2 move spikes\n>p1 move roost\n>p2 move seismictoss\n>p1 move stoneedge\n>p2 move toxic\n>p1 move stoneedge\n>p2 move recover\n>p1 move stoneedge\n>p2 move toxic\n>p1 move stoneedge\n>p2 move spikes\n>p1 move earthquake\n>p2 switch 4\n>p1 move earthquake\n>p2 move extremespeed\n>p1 switch 4\n>chat  dustinthebattler|LUNAR YOU BETTER WIN\n>p1 move surf\n>p2 switch 6\n>p1 switch 2\n>p2 move poisonjab\n>p1 move leechseed\n>p2 switch 2\n>p1 move leechseed\n>p2 move earthquake\n>p1 switch 5\n>p1 move psychic\n>p2 switch 4\n>p2 switch 2\n>p1 move substitute\n>p2 move poisonjab\n>p1 move thunderwave\n>p2 move poisonjab\n>p1 move substitute\n>p2 move poisonjab\n>p1 move icebeam\n>p2 move poisonjab\n>p1 switch 6\n>p1 move sacredfire\n>p2 move poisonjab\n>p1 move roost\n>p2 move poisonjab\n>chat \u2606MyBodyMyChoice|zzzz\n>p1 move punishment\n>p2 move poisonjab\n>p2 switch 4\n>p1 move sacredfire\n>p2 move return\n>p1 switch 2\n>p1 move psychic\n>p2 move return\n>p1 move psychic\n>p2 move return\n>p1 switch 3\n>p1 move surf\n>p2 move return\n>p2 switch 3\n>p1 move surf\n>p2 move icebeam\n>p1 move surf\n>p2 move icebeam","uploadtime":1634425743,"views":3,"p1id":"mybodymychoice","p2id":"lunarneo","formatid":"gen4randombattle","rating":0,"private":0,"password":null}