{"id":"gen4uu-1265256665","p1":"SkipTheDripBayless","p2":"vumshi","format":"gen4uu","log":"|j|\u2606SkipTheDripBayless\n|j|\u2606vumshi\n|t:|1611061928\n|player|p1|SkipTheDripBayless|youngathletef|\n|player|p2|vumshi|lusamine-nihilego|\n|teamsize|p1|6\n|teamsize|p2|6\n|gametype|singles\n|gen|4\n|tier|[Gen 4] UU\n|rated|Tournament battle\n|rule|Sleep Clause Mod: Limit one foe put to sleep\n|rule|Species Clause: Limit one of each Pok\u00e9mon\n|rule|OHKO Clause: OHKO moves are banned\n|rule|Evasion Moves Clause: Evasion moves are banned\n|rule|Endless Battle Clause: Forcing endless battles is banned\n|rule|HP Percentage Mod: HP is shown in percentages\n|rule|Baton Pass Clause: Limit one Baton Passer, can't pass Spe and other stats simultaneously\n|\n|t:|1611061928\n|start\n|switch|p1a: Mismagius|Mismagius, F|100\/100\n|switch|p2a: Omastar|Omastar, F|100\/100\n|turn|1\n|j|*Lady Monita\n|inactive|Battle timer is ON: inactive players will automatically lose when time's up. (requested by vumshi)\n|j| fsdgdgfdgd\n|j| Dr.Shaun\n|j| Suzize\n|c|\u2606vumshi|glhf\n|j|^Niclas8201\n|\n|t:|1611061934\n|move|p1a: Mismagius|Taunt|p2a: Omastar\n|-start|p2a: Omastar|move: Taunt\n|move|p2a: Omastar|Surf|p1a: Mismagius\n|-damage|p1a: Mismagius|47\/100\n|\n|-heal|p1a: Mismagius|54\/100|[from] item: Leftovers\n|upkeep\n|turn|2\n|\n|t:|1611061937\n|move|p1a: Mismagius|Thunderbolt|p2a: Omastar\n|-supereffective|p2a: Omastar\n|-damage|p2a: Omastar|10\/100\n|move|p2a: Omastar|Surf|p1a: Mismagius\n|-damage|p1a: Mismagius|0 fnt\n|faint|p1a: Mismagius\n|\n|upkeep\n|j| an20mi\n|\n|t:|1611061941\n|switch|p1a: Primeape|Primeape, M|100\/100\n|turn|3\n|\n|t:|1611061947\n|move|p1a: Primeape|Close Combat|p2a: Omastar\n|-supereffective|p2a: Omastar\n|-damage|p2a: Omastar|0 fnt\n|-unboost|p1a: Primeape|def|1\n|-unboost|p1a: Primeape|spd|1\n|faint|p2a: Omastar\n|\n|upkeep\n|\n|t:|1611061949\n|switch|p2a: Rotom|Rotom|100\/100\n|turn|4\n|inactive|vumshi has 120 seconds left.\n|j| ZUALBR\n|l| ZUALBR\n|j| Funky8787\n|j| exterminator108\n|inactive|vumshi has 90 seconds left.\n|\n|t:|1611062014\n|switch|p1a: Houndoom|Houndoom, F|100\/100\n|move|p2a: Rotom|Shadow Ball|p1a: Houndoom\n|-resisted|p1a: Houndoom\n|-damage|p1a: Houndoom|77\/100\n|\n|upkeep\n|turn|5\n|c| exterminator108|hi\n|j| SH4DOWBET4\n|\n|t:|1611062040\n|switch|p2a: Ursaring|Ursaring, M|100\/100\n|move|p1a: Houndoom|Nasty Plot|p1a: Houndoom\n|-boost|p1a: Houndoom|spa|2\n|\n|-status|p2a: Ursaring|tox|[from] item: Toxic Orb\n|upkeep\n|turn|6\n|j| TheShowdownYT\n|l| TheShowdownYT\n|inactive|SkipTheDripBayless has 120 seconds left.\n|\n|t:|1611062062\n|switch|p1a: Registeel|Registeel|100\/100\n|move|p2a: Ursaring|Facade|p1a: Registeel\n|-resisted|p1a: Registeel\n|-damage|p1a: Registeel|80\/100\n|\n|-heal|p1a: Registeel|86\/100|[from] item: Leftovers\n|-damage|p2a: Ursaring|94\/100 tox|[from] psn\n|upkeep\n|turn|7\n|inactive|SkipTheDripBayless has 120 seconds left.\n|\n|t:|1611062067\n|move|p2a: Ursaring|Close Combat|p1a: Registeel\n|-supereffective|p1a: Registeel\n|-damage|p1a: Registeel|37\/100\n|-unboost|p2a: Ursaring|def|1\n|-unboost|p2a: Ursaring|spd|1\n|move|p1a: Registeel|Counter|p2a: Ursaring\n|-damage|p2a: Ursaring|0 fnt\n|faint|p2a: Ursaring\n|\n|-heal|p1a: Registeel|43\/100|[from] item: Leftovers\n|upkeep\n|\n|t:|1611062074\n|switch|p2a: Alakazam|Alakazam, F|100\/100\n|turn|8\n|\n|t:|1611062076\n|move|p2a: Alakazam|Substitute|p2a: Alakazam\n|-start|p2a: Alakazam|Substitute\n|-damage|p2a: Alakazam|75\/100\n|move|p1a: Registeel|Thunder Wave||[still]\n|-fail|p1a: Registeel\n|\n|-heal|p1a: Registeel|49\/100|[from] item: Leftovers\n|upkeep\n|turn|9\n|\n|t:|1611062080\n|move|p2a: Alakazam|Focus Blast|p1a: Registeel\n|-supereffective|p1a: Registeel\n|-damage|p1a: Registeel|0 fnt\n|-damage|p2a: Alakazam|66\/100|[from] item: Life Orb\n|faint|p1a: Registeel\n|\n|upkeep\n|\n|t:|1611062088\n|switch|p1a: Milotic|Milotic, F|100\/100\n|turn|10\n|\n|t:|1611062093\n|move|p2a: Alakazam|Psychic|p1a: Milotic\n|-damage|p1a: Milotic|52\/100\n|-damage|p2a: Alakazam|56\/100|[from] item: Life Orb\n|move|p1a: Milotic|Surf|p2a: Alakazam\n|-end|p2a: Alakazam|Substitute\n|\n|-heal|p1a: Milotic|58\/100|[from] item: Leftovers\n|upkeep\n|turn|11\n|\n|t:|1611062099\n|move|p2a: Alakazam|Psychic|p1a: Milotic\n|-damage|p1a: Milotic|9\/100\n|-damage|p2a: Alakazam|46\/100|[from] item: Life Orb\n|move|p1a: Milotic|Surf|p2a: Alakazam\n|-damage|p2a: Alakazam|0 fnt\n|faint|p2a: Alakazam\n|\n|-heal|p1a: Milotic|15\/100|[from] item: Leftovers\n|upkeep\n|\n|t:|1611062106\n|switch|p2a: Rotom|Rotom|100\/100\n|turn|12\n|j| Wubben\n|l|^Niclas8201\n|j| ZUALBR\n|\n|t:|1611062123\n|move|p2a: Rotom|Thunderbolt|p1a: Milotic\n|-supereffective|p1a: Milotic\n|-damage|p1a: Milotic|0 fnt\n|faint|p1a: Milotic\n|\n|upkeep\n|l| ZUALBR\n|inactive|SkipTheDripBayless has 120 seconds left.\n|\n|t:|1611062164\n|switch|p1a: Houndoom|Houndoom, F|77\/100\n|turn|13\n|\n|t:|1611062170\n|move|p2a: Rotom|Thunderbolt|p1a: Houndoom\n|-damage|p1a: Houndoom|24\/100\n|move|p1a: Houndoom|Dark Pulse|p2a: Rotom\n|-supereffective|p2a: Rotom\n|-damage|p2a: Rotom|0 fnt\n|faint|p2a: Rotom\n|\n|upkeep\n|\n|t:|1611062173\n|switch|p2a: Swellow|Swellow, M|100\/100\n|turn|14\n|inactive|SkipTheDripBayless has 120 seconds left.\n|\n|t:|1611062183\n|move|p2a: Swellow|Facade|p1a: Houndoom\n|-damage|p1a: Houndoom|0 fnt\n|faint|p1a: Houndoom\n|\n|-status|p2a: Swellow|brn|[from] item: Flame Orb\n|upkeep\n|inactive|SkipTheDripBayless has 120 seconds left.\n|\n|t:|1611062190\n|switch|p1a: Primeape|Primeape, M|100\/100\n|turn|15\n|l| Dr.Shaun\n|inactive|SkipTheDripBayless has 120 seconds left.\n|\n|t:|1611062203\n|move|p1a: Primeape|Stone Edge|p2a: Swellow\n|-supereffective|p2a: Swellow\n|-damage|p2a: Swellow|0 fnt\n|faint|p2a: Swellow\n|\n|upkeep\n|\n|t:|1611062207\n|switch|p2a: Blaziken|Blaziken, M|100\/100\n|turn|16\n|c|\u2606vumshi|gg\n|\n|t:|1611062221\n|move|p1a: Primeape|Stone Edge|p2a: Blaziken\n|-damage|p2a: Blaziken|49\/100\n|move|p2a: Blaziken|Fire Blast|p1a: Primeape\n|-damage|p1a: Primeape|0 fnt\n|-damage|p2a: Blaziken|39\/100|[from] item: Life Orb\n|faint|p1a: Primeape\n|\n|upkeep\n|\n|t:|1611062224\n|switch|p1a: Venusaur|Venusaur, M|100\/100\n|turn|17\n|\n|t:|1611062228\n|move|p1a: Venusaur|Earthquake|p2a: Blaziken\n|-supereffective|p2a: Blaziken\n|-damage|p2a: Blaziken|0 fnt\n|faint|p2a: Blaziken\n|\n|win|SkipTheDripBayless\n|n|\u2606SkipTheDripBayless|skipthedripbayless\n|n|\u2606vumshi|vumshi\n|n|*Lady Monita|ladymonita\n|n| fsdgdgfdgd|fsdgdgfdgd\n|n| Suzize|suzize\n|n| an20mi|an20mi\n|n| Funky8787|funky8787\n|n| exterminator108|exterminator108\n|n| SH4DOWBET4|sh4dowbet4\n|n| Wubben|wubben\n","uploadtime":1611062229,"views":23,"p1id":"skipthedripbayless","p2id":"vumshi","formatid":"gen4uu","rating":0,"private":0,"password":null}