{"id":"gen4ou-997069122","p1":"0MB","p2":"Cowsrule247","format":"gen4ou","log":"|j|\u26060MB\n|j|\u2606Cowsrule247\n|player|p1|0MB|93|1286\n|player|p2|Cowsrule247|192|1268\n|teamsize|p1|6\n|teamsize|p2|6\n|gametype|singles\n|gen|4\n|tier|[Gen 4] OU\n|rated|\n|rule|Sleep Clause Mod: Limit one foe put to sleep\n|rule|Species Clause: Limit one of each Pok\u00e9mon\n|rule|OHKO Clause: OHKO moves are banned\n|rule|Moody Clause: Moody is banned\n|rule|Evasion Moves Clause: Evasion moves are banned\n|rule|Endless Battle Clause: Forcing endless battles is banned\n|rule|HP Percentage Mod: HP is shown in percentages\n|rule|Baton Pass Clause: Limit one Baton Passer, can't pass Spe and other stats simultaneously\n|\n|start\n|switch|p1a: Crobat|Crobat, M|100\/100\n|switch|p2a: Metagross|Metagross|100\/100\n|turn|1\n|inactive|Battle timer is ON: inactive players will automatically lose when time's up. (requested by 0MB)\n|\n|move|p1a: Crobat|Taunt|p2a: Metagross\n|-start|p2a: Metagross|move: Taunt\n|cant|p2a: Metagross|move: Taunt|Stealth Rock\n|\n|upkeep\n|turn|2\n|\n|move|p1a: Crobat|Rain Dance|p1a: Crobat\n|-weather|RainDance\n|move|p2a: Metagross|Meteor Mash|p1a: Crobat\n|-damage|p1a: Crobat|39\/100\n|\n|-weather|RainDance|[upkeep]\n|upkeep\n|turn|3\n|\n|move|p1a: Crobat|U-turn|p2a: Metagross\n|-damage|p2a: Metagross|90\/100\n|\n|switch|p1a: Ludicolo|Ludicolo, M, shiny|100\/100|[from]move: U-turn\n|move|p2a: Metagross|Meteor Mash|p1a: Ludicolo\n|-resisted|p1a: Ludicolo\n|-damage|p1a: Ludicolo|55\/100\n|\n|-weather|RainDance|[upkeep]\n|-end|p2a: Metagross|move: Taunt\n|upkeep\n|turn|4\n|\n|move|p1a: Ludicolo|Hydro Pump|p2a: Metagross\n|-damage|p2a: Metagross|0 fnt\n|-damage|p1a: Ludicolo|45\/100|[from] item: Life Orb\n|faint|p2a: Metagross\n|\n|-weather|RainDance|[upkeep]\n|upkeep\n|j| Sprink \u263b\n|\n|switch|p2a: Shaymin|Shaymin|100\/100\n|turn|5\n|\n|move|p1a: Ludicolo|Ice Beam|p2a: Shaymin\n|-supereffective|p2a: Shaymin\n|-damage|p2a: Shaymin|22\/100\n|-damage|p1a: Ludicolo|36\/100|[from] item: Life Orb\n|move|p2a: Shaymin|Seed Flare|p1a: Ludicolo|[miss]\n|-miss|p2a: Shaymin|p1a: Ludicolo\n|\n|-weather|RainDance|[upkeep]\n|upkeep\n|turn|6\n|inactive|Cowsrule247 has 120 seconds left.\n|inactive|Cowsrule247 has 90 seconds left.\n|\n|move|p1a: Ludicolo|Ice Beam|p2a: Shaymin\n|-supereffective|p2a: Shaymin\n|-damage|p2a: Shaymin|0 fnt\n|-damage|p1a: Ludicolo|26\/100|[from] item: Life Orb\n|faint|p2a: Shaymin\n|\n|-weather|RainDance|[upkeep]\n|upkeep\n|\n|switch|p2a: Scizor|Scizor, F|100\/100\n|turn|7\n|\n|move|p2a: Scizor|Bullet Punch|p1a: Ludicolo\n|-resisted|p1a: Ludicolo\n|-damage|p1a: Ludicolo|0 fnt\n|faint|p1a: Ludicolo\n|\n|-weather|RainDance|[upkeep]\n|upkeep\n|\n|switch|p1a: Kingdra|Kingdra, M, shiny|100\/100\n|turn|8\n|inactive|Cowsrule247 has 90 seconds left.\n|\n|switch|p2a: Heatran|Heatran, M, shiny|100\/100\n|move|p1a: Kingdra|Surf|p2a: Heatran\n|-supereffective|p2a: Heatran\n|-damage|p2a: Heatran|0 fnt\n|-damage|p1a: Kingdra|91\/100|[from] item: Life Orb\n|faint|p2a: Heatran\n|\n|-weather|RainDance|[upkeep]\n|upkeep\n|\n|switch|p2a: Starmie|Starmie|100\/100\n|turn|9\n|\n|switch|p1a: Bronzong|Bronzong, shiny|100\/100\n|move|p2a: Starmie|Thunderbolt|p1a: Bronzong\n|-damage|p1a: Bronzong|72\/100\n|-damage|p2a: Starmie|91\/100|[from] item: Life Orb\n|\n|-weather|none\n|upkeep\n|turn|10\n|\n|move|p2a: Starmie|Hydro Pump|p1a: Bronzong|[miss]\n|-miss|p2a: Starmie|p1a: Bronzong\n|move|p1a: Bronzong|Rain Dance|p1a: Bronzong\n|-weather|RainDance\n|\n|-weather|RainDance|[upkeep]\n|upkeep\n|turn|11\n|inactive|Cowsrule247 has 90 seconds left.\n|\n|move|p2a: Starmie|Hydro Pump|p1a: Bronzong\n|-damage|p1a: Bronzong|0 fnt\n|-damage|p2a: Starmie|81\/100|[from] item: Life Orb\n|faint|p1a: Bronzong\n|\n|-weather|RainDance|[upkeep]\n|upkeep\n|\n|switch|p1a: Scizor|Scizor, F|100\/100\n|turn|12\n|\n|move|p2a: Starmie|Hydro Pump|p1a: Scizor\n|-damage|p1a: Scizor|1\/100\n|-damage|p2a: Starmie|71\/100|[from] item: Life Orb\n|move|p1a: Scizor|U-turn|p2a: Starmie\n|-supereffective|p2a: Starmie\n|-damage|p2a: Starmie|0 fnt\n|faint|p2a: Starmie\n|\n|switch|p1a: Kingdra|Kingdra, M, shiny|91\/100|[from]move: U-turn\n|\n|-weather|RainDance|[upkeep]\n|upkeep\n|\n|switch|p2a: Gengar|Gengar, M|100\/100\n|turn|13\n|\n|move|p1a: Kingdra|Surf|p2a: Gengar\n|-damage|p2a: Gengar|0 fnt\n|-damage|p1a: Kingdra|81\/100|[from] item: Life Orb\n|faint|p2a: Gengar\n|\n|-weather|RainDance|[upkeep]\n|upkeep\n|\n|switch|p2a: Scizor|Scizor, F|100\/100\n|turn|14\n|inactive|Cowsrule247 has 120 seconds left.\n|\n|move|p2a: Scizor|Bullet Punch|p1a: Kingdra\n|-resisted|p1a: Kingdra\n|-crit|p1a: Kingdra\n|-damage|p1a: Kingdra|14\/100\n|move|p1a: Kingdra|Surf|p2a: Scizor\n|-damage|p2a: Scizor|0 fnt\n|-damage|p1a: Kingdra|4\/100|[from] item: Life Orb\n|faint|p2a: Scizor\n|\n|win|0MB\n|l|\u2606Cowsrule247\n|raw|0MB's rating: 1286 &rarr; <strong>1309<\/strong><br \/>(+23 for winning)\n|raw|Cowsrule247's rating: 1268 &rarr; <strong>1244<\/strong><br \/>(-24 for losing)\n","uploadtime":1571801359,"views":7,"p1id":"0mb","p2id":"cowsrule247","formatid":"gen4ou","rating":1244,"private":0,"password":null}