{"id":"gen4uu-1453018090","p1":"i know im horrible","p2":"true king of uruk","format":"gen4uu","log":"|j|\u2606i know im horrible\n|j|\u2606true king of uruk\n|t:|1636630109\n|gametype|singles\n|player|p1|i know im horrible|265|\n|player|p2|true king of uruk|wallace|\n|teamsize|p1|6\n|teamsize|p2|6\n|gen|4\n|tier|[Gen 4] UU\n|rated|Tournament battle\n|rule|Sleep Clause Mod: Limit one foe put to sleep\n|rule|Species Clause: Limit one of each Pok\u00e9mon\n|rule|OHKO Clause: OHKO moves are banned\n|rule|Evasion Moves Clause: Evasion moves are banned\n|rule|Endless Battle Clause: Forcing endless battles is banned\n|rule|HP Percentage Mod: HP is shown in percentages\n|\n|t:|1636630109\n|start\n|switch|p1a: Uxie|Uxie|100\/100\n|switch|p2a: Mismagius|Mismagius, M|100\/100\n|turn|1\n|j| BB-8-NU\n|inactive|Battle timer is ON: inactive players will automatically lose when time's up. (requested by true king of uruk)\n|c|\u2606true king of uruk|hf\n|j| Ledian Fan\n|c|\u2606i know im horrible|u2\n|\n|t:|1636630121\n|switch|p1a: Chansey|Chansey, F|100\/100\n|move|p2a: Mismagius|Taunt|p1a: Chansey\n|-start|p1a: Chansey|move: Taunt\n|\n|upkeep\n|turn|2\n|\n|t:|1636630128\n|switch|p2a: Primeape|Primeape, M|100\/100\n|switch|p1a: Uxie|Uxie|100\/100\n|\n|upkeep\n|turn|3\n|\n|t:|1636630137\n|move|p2a: Primeape|U-turn|p1a: Uxie\n|-supereffective|p1a: Uxie\n|-damage|p1a: Uxie|75\/100\n|\n|t:|1636630145\n|switch|p2a: Mismagius|Mismagius, M|100\/100|[from]move: U-turn\n|move|p1a: Uxie|Stealth Rock|p2a: Mismagius\n|-sidestart|p2: true king of uruk|move: Stealth Rock\n|\n|upkeep\n|turn|4\n|\n|t:|1636630155\n|switch|p1a: Sceptile|Sceptile, M|100\/100\n|move|p2a: Mismagius|Will-O-Wisp|p1a: Sceptile\n|-status|p1a: Sceptile|brn\n|\n|-damage|p1a: Sceptile|88\/100 brn|[from] brn\n|upkeep\n|turn|5\n|\n|t:|1636630161\n|switch|p1a: Chansey|Chansey, F|100\/100\n|switch|p2a: Registeel|Registeel|100\/100\n|-damage|p2a: Registeel|94\/100|[from] Stealth Rock\n|\n|-heal|p2a: Registeel|100\/100|[from] item: Leftovers\n|upkeep\n|turn|6\n|\n|t:|1636630165\n|switch|p1a: Uxie|Uxie|75\/100\n|move|p2a: Registeel|Stealth Rock|p1a: Uxie\n|-sidestart|p1: i know im horrible|move: Stealth Rock\n|\n|upkeep\n|turn|7\n|\n|t:|1636630169\n|move|p1a: Uxie|Trick|p2a: Registeel\n|-activate|p1a: Uxie|move: Trick|[of] p2a: Registeel\n|-item|p2a: Registeel|Choice Scarf|[from] move: Trick\n|-item|p1a: Uxie|Leftovers|[from] move: Trick\n|move|p2a: Registeel|Thunder Wave|p1a: Uxie\n|-status|p1a: Uxie|par\n|\n|-heal|p1a: Uxie|81\/100 par|[from] item: Leftovers\n|upkeep\n|turn|8\n|j| Togkey\n|j| madvorak_training\n|l| Togkey\n|\n|t:|1636630177\n|switch|p2a: Mismagius|Mismagius, M|100\/100\n|-damage|p2a: Mismagius|88\/100|[from] Stealth Rock\n|cant|p1a: Uxie|par\n|\n|-heal|p2a: Mismagius|94\/100|[from] item: Leftovers\n|-heal|p1a: Uxie|88\/100 par|[from] item: Leftovers\n|upkeep\n|turn|9\n|\n|t:|1636630183\n|move|p2a: Mismagius|Taunt|p1a: Uxie\n|-start|p1a: Uxie|move: Taunt\n|cant|p1a: Uxie|move: Taunt|Thunder Wave\n|\n|-heal|p2a: Mismagius|100\/100|[from] item: Leftovers\n|-heal|p1a: Uxie|94\/100 par|[from] item: Leftovers\n|upkeep\n|turn|10\n|\n|t:|1636630190\n|switch|p2a: Primeape|Primeape, M|100\/100\n|-damage|p2a: Primeape|95\/100|[from] Stealth Rock\n|move|p1a: Uxie|U-turn|p2a: Primeape\n|-resisted|p2a: Primeape\n|-damage|p2a: Primeape|82\/100\n|c|\u2606i know im horrible|damn that para hurt\n|\n|t:|1636630196\n|switch|p1a: Weezing|Weezing, F|100\/100|[from]move: U-turn\n|-damage|p1a: Weezing|88\/100|[from] Stealth Rock\n|\n|-heal|p1a: Weezing|94\/100|[from] item: Leftovers\n|upkeep\n|turn|11\n|\n|t:|1636630201\n|move|p2a: Primeape|U-turn|p1a: Weezing\n|-resisted|p1a: Weezing\n|-damage|p1a: Weezing|88\/100\n|\n|t:|1636630206\n|switch|p2a: Houndoom|Houndoom, F|100\/100|[from]move: U-turn\n|-damage|p2a: Houndoom|76\/100|[from] Stealth Rock\n|move|p1a: Weezing|Will-O-Wisp|p2a: Houndoom\n|-start|p2a: Houndoom|ability: Flash Fire\n|\n|-heal|p1a: Weezing|94\/100|[from] item: Leftovers\n|upkeep\n|turn|12\n|\n|t:|1636630214\n|switch|p1a: Chansey|Chansey, F|100\/100\n|-damage|p1a: Chansey|88\/100|[from] Stealth Rock\n|move|p2a: Houndoom|Nasty Plot|p2a: Houndoom\n|-boost|p2a: Houndoom|spa|2\n|\n|-heal|p1a: Chansey|94\/100|[from] item: Leftovers\n|upkeep\n|turn|13\n|\n|t:|1636630218\n|move|p2a: Houndoom|Fire Blast|p1a: Chansey\n|-damage|p1a: Chansey|12\/100\n|move|p1a: Chansey|Heal Bell|p1a: Chansey\n|-activate|p1a: Chansey|move: Heal Bell\n|-curestatus|p1: Sceptile|brn|[silent]\n|-curestatus|p1: Uxie|par|[silent]\n|\n|-heal|p1a: Chansey|18\/100|[from] item: Leftovers\n|upkeep\n|turn|14\n|c|\u2606true king of uruk|HOLY\n|\n|t:|1636630230\n|move|p2a: Houndoom|Dark Pulse|p1a: Chansey\n|-damage|p1a: Chansey|0 fnt\n|faint|p1a: Chansey\n|\n|upkeep\n|\n|t:|1636630232\n|switch|p1a: Dugtrio|Dugtrio, F|100\/100\n|-damage|p1a: Dugtrio|94\/100|[from] Stealth Rock\n|turn|15\n|\n|t:|1636630235\n|move|p1a: Dugtrio|Earthquake|p2a: Houndoom\n|-supereffective|p2a: Houndoom\n|-damage|p2a: Houndoom|0 fnt\n|faint|p2a: Houndoom\n|\n|upkeep\n|\n|t:|1636630243\n|switch|p2a: Milotic|Milotic, M|100\/100\n|-damage|p2a: Milotic|88\/100|[from] Stealth Rock\n|turn|16\n|\n|t:|1636630251\n|switch|p1a: Toxicroak|Toxicroak, F|100\/100\n|-damage|p1a: Toxicroak|94\/100|[from] Stealth Rock\n|move|p2a: Milotic|Ice Beam|p1a: Toxicroak\n|-damage|p1a: Toxicroak|60\/100\n|\n|-heal|p2a: Milotic|94\/100|[from] item: Leftovers\n|upkeep\n|turn|17\n|\n|t:|1636630260\n|move|p1a: Toxicroak|Swords Dance|p1a: Toxicroak\n|-boost|p1a: Toxicroak|atk|2\n|move|p2a: Milotic|Ice Beam|p1a: Toxicroak\n|-damage|p1a: Toxicroak|27\/100\n|\n|-heal|p2a: Milotic|99\/100|[from] item: Leftovers\n|upkeep\n|turn|18\n|\n|t:|1636630264\n|move|p1a: Toxicroak|Cross Chop|p2a: Milotic\n|-crit|p2a: Milotic\n|-damage|p2a: Milotic|0 fnt\n|faint|p2a: Milotic\n|-damage|p1a: Toxicroak|17\/100|[from] item: Life Orb\n|\n|upkeep\n|inactive|true king of uruk has 120 seconds left.\n|\n|t:|1636630316\n|switch|p2a: Venusaur|Venusaur, F|100\/100\n|-damage|p2a: Venusaur|88\/100|[from] Stealth Rock\n|turn|19\n|\n|t:|1636630322\n|move|p1a: Toxicroak|Stone Edge|p2a: Venusaur\n|-damage|p2a: Venusaur|0 fnt\n|faint|p2a: Venusaur\n|-damage|p1a: Toxicroak|7\/100|[from] item: Life Orb\n|\n|upkeep\n|\n|t:|1636630329\n|switch|p2a: Registeel|Registeel|100\/100\n|-damage|p2a: Registeel|94\/100|[from] Stealth Rock\n|turn|20\n|\n|t:|1636630333\n|move|p1a: Toxicroak|Cross Chop|p2a: Registeel|[miss]\n|-miss|p1a: Toxicroak|p2a: Registeel\n|move|p2a: Registeel|Iron Head|p1a: Toxicroak\n|-damage|p1a: Toxicroak|0 fnt\n|faint|p1a: Toxicroak\n|\n|upkeep\n|\n|t:|1636630341\n|switch|p1a: Weezing|Weezing, F|94\/100\n|-damage|p1a: Weezing|82\/100|[from] Stealth Rock\n|turn|21\n|\n|t:|1636630346\n|move|p2a: Registeel|Iron Head|p1a: Weezing\n|-damage|p1a: Weezing|67\/100\n|move|p1a: Weezing|Will-O-Wisp|p2a: Registeel\n|-status|p2a: Registeel|brn\n|\n|-damage|p2a: Registeel|82\/100 brn|[from] brn\n|-heal|p1a: Weezing|73\/100|[from] item: Leftovers\n|upkeep\n|turn|22\n|l| madvorak_training\n|\n|t:|1636630373\n|switch|p2a: Mismagius|Mismagius, M|100\/100\n|-damage|p2a: Mismagius|88\/100|[from] Stealth Rock\n|switch|p1a: Dugtrio|Dugtrio, F|94\/100\n|-damage|p1a: Dugtrio|88\/100|[from] Stealth Rock\n|\n|-heal|p2a: Mismagius|94\/100|[from] item: Leftovers\n|upkeep\n|turn|23\n|\n|t:|1636630385\n|move|p1a: Dugtrio|Night Slash|p2a: Mismagius\n|-supereffective|p2a: Mismagius\n|-damage|p2a: Mismagius|0 fnt\n|faint|p2a: Mismagius\n|\n|upkeep\n|\n|t:|1636630389\n|switch|p2a: Primeape|Primeape, M|82\/100\n|-damage|p2a: Primeape|76\/100|[from] Stealth Rock\n|turn|24\n|\n|t:|1636630397\n|switch|p1a: Uxie|Uxie|94\/100\n|-damage|p1a: Uxie|81\/100|[from] Stealth Rock\n|move|p2a: Primeape|Close Combat|p1a: Uxie\n|-resisted|p1a: Uxie\n|-damage|p1a: Uxie|65\/100\n|-unboost|p2a: Primeape|def|1\n|-unboost|p2a: Primeape|spd|1\n|\n|-heal|p1a: Uxie|71\/100|[from] item: Leftovers\n|upkeep\n|turn|25\n|\n|t:|1636630402\n|switch|p2a: Registeel|Registeel|82\/100 brn\n|-damage|p2a: Registeel|76\/100 brn|[from] Stealth Rock\n|move|p1a: Uxie|U-turn|p2a: Registeel\n|-resisted|p2a: Registeel\n|-damage|p2a: Registeel|72\/100 brn\n|\n|t:|1636630407\n|switch|p1a: Dugtrio|Dugtrio, F|88\/100|[from]move: U-turn\n|-damage|p1a: Dugtrio|82\/100|[from] Stealth Rock\n|\n|-damage|p2a: Registeel|60\/100 brn|[from] brn\n|upkeep\n|turn|26\n|\n|t:|1636630409\n|move|p1a: Dugtrio|Earthquake|p2a: Registeel\n|-supereffective|p2a: Registeel\n|-damage|p2a: Registeel|0 fnt\n|faint|p2a: Registeel\n|\n|upkeep\n|\n|t:|1636630420\n|switch|p2a: Primeape|Primeape, M|76\/100\n|-damage|p2a: Primeape|70\/100|[from] Stealth Rock\n|turn|27\n|\n|t:|1636630428\n|switch|p1a: Uxie|Uxie|71\/100\n|-damage|p1a: Uxie|59\/100|[from] Stealth Rock\n|move|p2a: Primeape|Ice Punch|p1a: Uxie\n|-damage|p1a: Uxie|45\/100\n|\n|-heal|p1a: Uxie|51\/100|[from] item: Leftovers\n|upkeep\n|turn|28\n|c|\u2606true king of uruk|gg\n|\n|t:|1636630436\n|move|p2a: Primeape|Ice Punch|p1a: Uxie\n|-damage|p1a: Uxie|38\/100\n|move|p1a: Uxie|Thunder Wave|p2a: Primeape\n|-status|p2a: Primeape|par\n|\n|-heal|p1a: Uxie|44\/100|[from] item: Leftovers\n|upkeep\n|turn|29\n|\n|t:|1636630441\n|move|p1a: Uxie|U-turn|p2a: Primeape\n|-resisted|p2a: Primeape\n|-damage|p2a: Primeape|58\/100 par\n|\n|t:|1636630443\n|switch|p1a: Weezing|Weezing, F|73\/100|[from]move: U-turn\n|-damage|p1a: Weezing|61\/100|[from] Stealth Rock\n|cant|p2a: Primeape|par\n|\n|-heal|p1a: Weezing|67\/100|[from] item: Leftovers\n|upkeep\n|turn|30\n|\n|t:|1636630445\n|move|p1a: Weezing|Sludge Bomb|p2a: Primeape\n|-damage|p2a: Primeape|13\/100 par\n|move|p2a: Primeape|Ice Punch|p1a: Weezing\n|-damage|p1a: Weezing|50\/100\n|\n|-heal|p1a: Weezing|56\/100|[from] item: Leftovers\n|upkeep\n|turn|31\n|c|\u2606i know im horrible|gg\n|\n|t:|1636630452\n|move|p1a: Weezing|Sludge Bomb|p2a: Primeape\n|-damage|p2a: Primeape|0 fnt\n|faint|p2a: Primeape\n|\n|win|i know im horrible\n|n|\u2606i know im horrible|iknowimhorrible\n|n|\u2606true king of uruk|truekingofuruk\n|n| BB-8-NU|bb8nu\n|n| Ledian Fan|ledianfan\n|l| BB-8-NU\n|l|\u2606true king of uruk\n|l|\u2606i know im horrible\n|l| Ledian Fan\n|j| TheDarkRising\n","uploadtime":1636630453,"views":39,"p1id":"iknowimhorrible","p2id":"truekingofuruk","formatid":"gen4uu","rating":0,"private":0,"password":null}