{"id":"gen4ubers-1704050708","p1":"alvar03","p2":"Pirpiris","format":"gen4ubers","log":"|j|\u2606alvar03\n|j|\u2606Pirpiris\n|t:|1667736562\n|gametype|singles\n|player|p1|alvar03|alder|\n|player|p2|Pirpiris|ethan|\n|teamsize|p1|6\n|teamsize|p2|6\n|gen|4\n|tier|[Gen 4] Ubers\n|rated|Tournament battle\n|rule|Sleep Clause Mod: Limit one foe put to sleep\n|rule|Species Clause: Limit one of each Pok\u00e9mon\n|rule|OHKO Clause: OHKO moves are banned\n|rule|Evasion Items Clause: Evasion items are banned\n|rule|Evasion Moves Clause: Evasion moves are banned\n|rule|Endless Battle Clause: Forcing endless battles is banned\n|rule|HP Percentage Mod: HP is shown in percentages\n|\n|t:|1667736562\n|start\n|switch|p1a: Tyranitar|Tyranitar, M|100\/100\n|switch|p2a: Deoxys|Deoxys-Speed|100\/100\n|-ability|p2a: Deoxys|Pressure\n|-weather|Sandstorm|[from] ability: Sand Stream|[of] p1a: Tyranitar\n|turn|1\n|inactive|Battle timer is ON: inactive players will automatically lose when time's up. (requested by Pirpiris)\n|j| Holymolycrabby\n|c|\u2606Pirpiris|glhf\n|\n|t:|1667736570\n|move|p2a: Deoxys|Spikes|p1a: Tyranitar\n|-sidestart|p1: alvar03|Spikes\n|move|p1a: Tyranitar|Payback|p2a: Deoxys\n|-supereffective|p2a: Deoxys\n|-enditem|p2a: Deoxys|Colbur Berry|[eat]\n|-enditem|p2a: Deoxys|Colbur Berry|[weaken]\n|-damage|p2a: Deoxys|28\/100\n|\n|-weather|Sandstorm|[upkeep]\n|-damage|p2a: Deoxys|22\/100|[from] Sandstorm\n|upkeep\n|turn|2\n|c|\u2606alvar03|hf\n|\n|t:|1667736578\n|move|p2a: Deoxys|Shadow Ball|p1a: Tyranitar\n|-resisted|p1a: Tyranitar\n|-damage|p1a: Tyranitar|94\/100\n|move|p1a: Tyranitar|Payback|p2a: Deoxys\n|-supereffective|p2a: Deoxys\n|-damage|p2a: Deoxys|0 fnt\n|faint|p2a: Deoxys\n|\n|-weather|Sandstorm|[upkeep]\n|upkeep\n|j| ProXXDev\n|\n|t:|1667736581\n|switch|p2a: Kyogre|Kyogre|100\/100\n|-weather|RainDance|[from] ability: Drizzle|[of] p2a: Kyogre\n|turn|3\n|\n|t:|1667736586\n|move|p1a: Tyranitar|Payback|p2a: Kyogre\n|-damage|p2a: Kyogre|77\/100\n|move|p2a: Kyogre|Hydro Pump|p1a: Tyranitar\n|-supereffective|p1a: Tyranitar\n|-damage|p1a: Tyranitar|0 fnt\n|faint|p1a: Tyranitar\n|\n|-weather|RainDance|[upkeep]\n|-heal|p2a: Kyogre|84\/100|[from] item: Leftovers\n|upkeep\n|\n|t:|1667736590\n|switch|p1a: Latias|Latias, F|100\/100\n|turn|4\n|\n|t:|1667736594\n|switch|p2a: Dialga|Dialga|100\/100\n|-ability|p2a: Dialga|Pressure\n|move|p1a: Latias|Thunder|p2a: Dialga\n|-resisted|p2a: Dialga\n|-damage|p2a: Dialga|84\/100\n|\n|-weather|RainDance|[upkeep]\n|-heal|p2a: Dialga|90\/100|[from] item: Leftovers\n|upkeep\n|turn|5\n|\n|t:|1667736598\n|switch|p1a: Bronzong|Bronzong|100\/100\n|move|p2a: Dialga|Stealth Rock|p1a: Bronzong\n|-sidestart|p1: alvar03|move: Stealth Rock\n|\n|-weather|RainDance|[upkeep]\n|-heal|p2a: Dialga|96\/100|[from] item: Leftovers\n|upkeep\n|turn|6\n|\n|t:|1667736601\n|switch|p2a: Kyogre|Kyogre|84\/100\n|move|p1a: Bronzong|Stealth Rock|p2a: Kyogre\n|-sidestart|p2: Pirpiris|move: Stealth Rock\n|\n|-weather|RainDance|[upkeep]\n|-heal|p2a: Kyogre|90\/100|[from] item: Leftovers\n|upkeep\n|turn|7\n|\n|t:|1667736603\n|move|p2a: Kyogre|Thunder Wave|p1a: Bronzong\n|-status|p1a: Bronzong|par\n|cant|p1a: Bronzong|par\n|\n|-weather|RainDance|[upkeep]\n|-heal|p2a: Kyogre|96\/100|[from] item: Leftovers\n|upkeep\n|turn|8\n|\n|t:|1667736607\n|move|p2a: Kyogre|Hydro Pump|p1a: Bronzong\n|-damage|p1a: Bronzong|38\/100 par\n|cant|p1a: Bronzong|par\n|\n|-weather|RainDance|[upkeep]\n|-heal|p2a: Kyogre|100\/100|[from] item: Leftovers\n|-heal|p1a: Bronzong|45\/100 par|[from] item: Leftovers\n|upkeep\n|turn|9\n|\n|t:|1667736611\n|move|p2a: Kyogre|Hydro Pump|p1a: Bronzong\n|-damage|p1a: Bronzong|0 fnt\n|faint|p1a: Bronzong\n|\n|-weather|RainDance|[upkeep]\n|upkeep\n|\n|t:|1667736616\n|switch|p1a: Latias|Latias, F|100\/100\n|-damage|p1a: Latias|88\/100|[from] Stealth Rock\n|turn|10\n|c|\u2606Pirpiris|mb\n|\n|t:|1667736622\n|switch|p2a: Dialga|Dialga|96\/100\n|-damage|p2a: Dialga|90\/100|[from] Stealth Rock\n|-ability|p2a: Dialga|Pressure\n|move|p1a: Latias|Thunder|p2a: Dialga\n|-resisted|p2a: Dialga\n|-damage|p2a: Dialga|71\/100\n|\n|-weather|RainDance|[upkeep]\n|-heal|p2a: Dialga|78\/100|[from] item: Leftovers\n|upkeep\n|turn|11\n|\n|t:|1667736627\n|move|p1a: Latias|Draco Meteor|p2a: Dialga\n|-damage|p2a: Dialga|21\/100\n|-unboost|p1a: Latias|spa|2\n|move|p2a: Dialga|Dragon Pulse|p1a: Latias\n|-supereffective|p1a: Latias\n|-damage|p1a: Latias|35\/100\n|\n|-weather|RainDance|[upkeep]\n|-heal|p2a: Dialga|27\/100|[from] item: Leftovers\n|upkeep\n|turn|12\n|\n|t:|1667736631\n|move|p1a: Latias|Draco Meteor|p2a: Dialga\n|-damage|p2a: Dialga|0 fnt\n|-unboost|p1a: Latias|spa|2\n|faint|p2a: Dialga\n|\n|-weather|RainDance|[upkeep]\n|upkeep\n|\n|t:|1667736633\n|switch|p2a: Giratina|Giratina-Origin|100\/100\n|-damage|p2a: Giratina|88\/100|[from] Stealth Rock\n|turn|13\n|\n|t:|1667736638\n|switch|p1a: Kyogre|Kyogre|100\/100\n|-damage|p1a: Kyogre|88\/100|[from] Spikes\n|-damage|p1a: Kyogre|76\/100|[from] Stealth Rock\n|move|p2a: Giratina|Shadow Sneak|p1a: Kyogre\n|-damage|p1a: Kyogre|62\/100\n|\n|-weather|RainDance|[upkeep]\n|-heal|p1a: Kyogre|68\/100|[from] item: Leftovers\n|upkeep\n|turn|14\n|\n|t:|1667736641\n|move|p1a: Kyogre|Protect|p1a: Kyogre\n|-singleturn|p1a: Kyogre|Protect\n|move|p2a: Giratina|Thunder|p1a: Kyogre\n|-activate|p1a: Kyogre|Protect\n|\n|-weather|RainDance|[upkeep]\n|-heal|p1a: Kyogre|75\/100|[from] item: Leftovers\n|upkeep\n|turn|15\n|\n|t:|1667736644\n|move|p2a: Giratina|Thunder|p1a: Kyogre\n|-supereffective|p1a: Kyogre\n|-damage|p1a: Kyogre|24\/100\n|move|p1a: Kyogre|Ice Beam|p2a: Giratina\n|-supereffective|p2a: Giratina\n|-damage|p2a: Giratina|33\/100\n|\n|-weather|RainDance|[upkeep]\n|-heal|p1a: Kyogre|30\/100|[from] item: Leftovers\n|upkeep\n|turn|16\n|\n|t:|1667736649\n|move|p1a: Kyogre|Protect|p1a: Kyogre\n|-singleturn|p1a: Kyogre|Protect\n|move|p2a: Giratina|Thunder|p1a: Kyogre\n|-activate|p1a: Kyogre|Protect\n|\n|-weather|RainDance|[upkeep]\n|-heal|p1a: Kyogre|37\/100|[from] item: Leftovers\n|upkeep\n|turn|17\n|\n|t:|1667736651\n|move|p2a: Giratina|Thunder|p1a: Kyogre\n|-supereffective|p1a: Kyogre\n|-damage|p1a: Kyogre|0 fnt\n|faint|p1a: Kyogre\n|\n|-weather|RainDance|[upkeep]\n|upkeep\n|\n|t:|1667736653\n|switch|p1a: Garchomp|Garchomp, M|100\/100\n|-damage|p1a: Garchomp|88\/100|[from] Spikes\n|-damage|p1a: Garchomp|82\/100|[from] Stealth Rock\n|turn|18\n|\n|t:|1667736660\n|move|p1a: Garchomp|Dragon Claw|p2a: Giratina\n|-supereffective|p2a: Giratina\n|-damage|p2a: Giratina|0 fnt\n|faint|p2a: Giratina\n|\n|-weather|RainDance|[upkeep]\n|upkeep\n|\n|t:|1667736665\n|switch|p2a: Kabutops|Kabutops, M|100\/100\n|-damage|p2a: Kabutops|88\/100|[from] Stealth Rock\n|turn|19\n|\n|t:|1667736668\n|move|p2a: Kabutops|Waterfall|p1a: Garchomp\n|-damage|p1a: Garchomp|0 fnt\n|faint|p1a: Garchomp\n|\n|-weather|RainDance|[upkeep]\n|upkeep\n|\n|t:|1667736671\n|switch|p1a: Manaphy|Manaphy|100\/100\n|-damage|p1a: Manaphy|88\/100|[from] Spikes\n|-damage|p1a: Manaphy|76\/100|[from] Stealth Rock\n|turn|20\n|\n|t:|1667736678\n|switch|p2a: Kyogre|Kyogre|100\/100\n|-damage|p2a: Kyogre|88\/100|[from] Stealth Rock\n|move|p1a: Manaphy|Grass Knot|p2a: Kyogre\n|-supereffective|p2a: Kyogre\n|-damage|p2a: Kyogre|51\/100\n|\n|-weather|RainDance|[upkeep]\n|-heal|p1a: Manaphy|82\/100|[from] item: Leftovers\n|-heal|p2a: Kyogre|58\/100|[from] item: Leftovers\n|upkeep\n|turn|21\n|\n|t:|1667736686\n|switch|p2a: Arceus|Arceus|100\/100\n|-damage|p2a: Arceus|88\/100|[from] Stealth Rock\n|move|p1a: Manaphy|Calm Mind|p1a: Manaphy\n|-boost|p1a: Manaphy|spa|1\n|-boost|p1a: Manaphy|spd|1\n|\n|-weather|RainDance|[upkeep]\n|-heal|p1a: Manaphy|88\/100|[from] item: Leftovers\n|upkeep\n|turn|22\n|\n|t:|1667736690\n|move|p2a: Arceus|Swords Dance|p2a: Arceus\n|-boost|p2a: Arceus|atk|2\n|move|p1a: Manaphy|Surf|p2a: Arceus\n|-damage|p2a: Arceus|42\/100\n|\n|-weather|RainDance|[upkeep]\n|-heal|p1a: Manaphy|94\/100|[from] item: Leftovers\n|upkeep\n|turn|23\n|\n|t:|1667736695\n|move|p2a: Arceus|Extreme Speed|p1a: Manaphy\n|-damage|p1a: Manaphy|33\/100\n|move|p1a: Manaphy|Surf|p2a: Arceus\n|-damage|p2a: Arceus|0 fnt\n|faint|p2a: Arceus\n|\n|-weather|RainDance|[upkeep]\n|-heal|p1a: Manaphy|39\/100|[from] item: Leftovers\n|upkeep\n|\n|t:|1667736700\n|switch|p2a: Kabutops|Kabutops, M|88\/100\n|-damage|p2a: Kabutops|76\/100|[from] Stealth Rock\n|turn|24\n|\n|t:|1667736706\n|move|p2a: Kabutops|Waterfall|p1a: Manaphy\n|-resisted|p1a: Manaphy\n|-damage|p1a: Manaphy|2\/100\n|move|p1a: Manaphy|Surf|p2a: Kabutops\n|-damage|p2a: Kabutops|0 fnt\n|faint|p2a: Kabutops\n|\n|-weather|RainDance|[upkeep]\n|-heal|p1a: Manaphy|8\/100|[from] item: Leftovers\n|upkeep\n|c|\u2606Pirpiris|wait\n|c|\u2606Pirpiris|gg\n|\n|t:|1667736715\n|switch|p2a: Kyogre|Kyogre|58\/100\n|-damage|p2a: Kyogre|45\/100|[from] Stealth Rock\n|turn|25\n|c|\u2606alvar03|gg\n|j| Dog of Makima\n|\n|t:|1667736718\n|move|p1a: Manaphy|Grass Knot|p2a: Kyogre\n|-supereffective|p2a: Kyogre\n|-damage|p2a: Kyogre|0 fnt\n|faint|p2a: Kyogre\n|\n|win|alvar03\n|n|\u2606alvar03|alvar03\n|n|\u2606Pirpiris|pirpiris\n|n| Holymolycrabby|holymolycrabby\n|n| ProXXDev|proxxdev\n|n| Dog of Makima|dogofmakima\n","uploadtime":1667736719,"views":7,"p1id":"alvar03","p2id":"pirpiris","formatid":"gen4ubers","rating":0,"private":0,"password":null}