{"id":"gen4ubers-1662423935","p1":"dd absol","p2":"Cdijk21-Alt","format":"gen4ubers","log":"|j|\u2606dd absol\n|j|\u2606Cdijk21-Alt\n|t:|1662994296\n|gametype|singles\n|player|p1|dd absol|acetrainerf|1258\n|player|p2|Cdijk21-Alt|169|1218\n|teamsize|p1|6\n|teamsize|p2|6\n|gen|4\n|tier|[Gen 4] Ubers\n|rated|\n|rule|Sleep Clause Mod: Limit one foe put to sleep\n|rule|Species Clause: Limit one of each Pok\u00e9mon\n|rule|OHKO Clause: OHKO moves are banned\n|rule|Evasion Items Clause: Evasion items are banned\n|rule|Evasion Moves Clause: Evasion moves are banned\n|rule|Endless Battle Clause: Forcing endless battles is banned\n|rule|HP Percentage Mod: HP is shown in percentages\n|\n|t:|1662994296\n|start\n|switch|p1a: sand storm|Tyranitar, M|100\/100\n|switch|p2a: Kyogre|Kyogre|100\/100\n|-weather|RainDance|[from] ability: Drizzle|[of] p2a: Kyogre\n|-weather|Sandstorm|[from] ability: Sand Stream|[of] p1a: sand storm\n|turn|1\n|c|\u2606Cdijk21-Alt|Glhf\n|c|\u2606dd absol|u2\n|\n|t:|1662994307\n|switch|p1a: phone dial|Dialga|100\/100\n|-ability|p1a: phone dial|Pressure\n|move|p2a: Kyogre|Surf|p1a: phone dial\n|-resisted|p1a: phone dial\n|-damage|p1a: phone dial|78\/100\n|\n|-weather|Sandstorm|[upkeep]\n|-damage|p2a: Kyogre|94\/100|[from] Sandstorm\n|-heal|p1a: phone dial|84\/100|[from] item: Leftovers\n|upkeep\n|turn|2\n|\n|t:|1662994319\n|switch|p2a: Bronzong|Bronzong|100\/100\n|move|p1a: phone dial|Stealth Rock|p2a: Bronzong\n|-sidestart|p2: Cdijk21-Alt|move: Stealth Rock\n|\n|-weather|Sandstorm|[upkeep]\n|-heal|p1a: phone dial|90\/100|[from] item: Leftovers\n|upkeep\n|turn|3\n|\n|t:|1662994328\n|switch|p1a: two meows|Mewtwo|100\/100\n|-ability|p1a: two meows|Pressure\n|move|p2a: Bronzong|Stealth Rock|p1a: two meows\n|-sidestart|p1: dd absol|move: Stealth Rock\n|\n|-weather|Sandstorm|[upkeep]\n|-damage|p1a: two meows|94\/100|[from] Sandstorm\n|-heal|p1a: two meows|100\/100|[from] item: Leftovers\n|upkeep\n|turn|4\n|\n|t:|1662994341\n|move|p1a: two meows|Will-O-Wisp|p2a: Bronzong\n|-status|p2a: Bronzong|brn\n|move|p2a: Bronzong|Payback|p1a: two meows\n|-supereffective|p1a: two meows\n|-damage|p1a: two meows|82\/100\n|\n|-weather|Sandstorm|[upkeep]\n|-damage|p1a: two meows|76\/100|[from] Sandstorm\n|-heal|p1a: two meows|82\/100|[from] item: Leftovers\n|-damage|p2a: Bronzong|88\/100 brn|[from] brn\n|upkeep\n|turn|5\n|\n|t:|1662994364\n|switch|p2a: Kyogre|Kyogre|94\/100\n|-damage|p2a: Kyogre|82\/100|[from] Stealth Rock\n|-weather|RainDance|[from] ability: Drizzle|[of] p2a: Kyogre\n|move|p1a: two meows|Taunt|p2a: Kyogre\n|-start|p2a: Kyogre|move: Taunt\n|\n|-weather|RainDance|[upkeep]\n|-heal|p1a: two meows|88\/100|[from] item: Leftovers\n|upkeep\n|turn|6\n|\n|t:|1662994377\n|switch|p1a: sexy lady|Latias, F|100\/100\n|-damage|p1a: sexy lady|88\/100|[from] Stealth Rock\n|move|p2a: Kyogre|Ice Beam|p1a: sexy lady\n|-supereffective|p1a: sexy lady\n|-crit|p1a: sexy lady\n|-damage|p1a: sexy lady|3\/100\n|\n|-weather|RainDance|[upkeep]\n|upkeep\n|turn|7\n|\n|t:|1662994402\n|switch|p1a: phone dial|Dialga|90\/100\n|-damage|p1a: phone dial|84\/100|[from] Stealth Rock\n|-ability|p1a: phone dial|Pressure\n|move|p2a: Kyogre|Ice Beam|p1a: phone dial\n|-damage|p1a: phone dial|54\/100\n|\n|-weather|RainDance|[upkeep]\n|-heal|p1a: phone dial|60\/100|[from] item: Leftovers\n|upkeep\n|turn|8\n|\n|t:|1662994434\n|switch|p2a: Bronzong|Bronzong|88\/100 brn\n|-damage|p2a: Bronzong|82\/100 brn|[from] Stealth Rock\n|move|p1a: phone dial|Thunder|p2a: Bronzong\n|-damage|p2a: Bronzong|53\/100 brn\n|\n|-weather|RainDance|[upkeep]\n|-heal|p1a: phone dial|66\/100|[from] item: Leftovers\n|-heal|p2a: Bronzong|59\/100 brn|[from] item: Leftovers\n|-damage|p2a: Bronzong|47\/100 brn|[from] brn\n|upkeep\n|turn|9\n|\n|t:|1662994448\n|switch|p2a: Garchomp|Garchomp, F|100\/100\n|-damage|p2a: Garchomp|94\/100|[from] Stealth Rock\n|move|p1a: phone dial|Protect||[still]\n|-fail|p1a: phone dial\n|\n|-weather|RainDance|[upkeep]\n|-heal|p1a: phone dial|73\/100|[from] item: Leftovers\n|upkeep\n|turn|10\n|\n|t:|1662994458\n|switch|p1a: two meows|Mewtwo|88\/100\n|-damage|p1a: two meows|76\/100|[from] Stealth Rock\n|-ability|p1a: two meows|Pressure\n|move|p2a: Garchomp|Earthquake|p1a: two meows\n|-damage|p1a: two meows|20\/100\n|-damage|p2a: Garchomp|85\/100|[from] item: Life Orb\n|\n|-weather|RainDance|[upkeep]\n|-heal|p1a: two meows|26\/100|[from] item: Leftovers\n|upkeep\n|turn|11\n|\n|t:|1662994476\n|switch|p2a: Qwilfish|Qwilfish, M|100\/100\n|-damage|p2a: Qwilfish|88\/100|[from] Stealth Rock\n|move|p1a: two meows|Recover|p1a: two meows\n|-heal|p1a: two meows|76\/100\n|\n|-weather|RainDance|[upkeep]\n|-heal|p1a: two meows|82\/100|[from] item: Leftovers\n|upkeep\n|turn|12\n|\n|t:|1662994486\n|move|p2a: Qwilfish|Spikes|p1a: two meows\n|-sidestart|p1: dd absol|Spikes\n|move|p1a: two meows|Taunt|p2a: Qwilfish\n|-start|p2a: Qwilfish|move: Taunt\n|\n|-weather|RainDance|[upkeep]\n|-heal|p1a: two meows|88\/100|[from] item: Leftovers\n|upkeep\n|turn|13\n|\n|t:|1662994495\n|move|p2a: Qwilfish|Waterfall|p1a: two meows\n|-damage|p1a: two meows|42\/100\n|move|p1a: two meows|Will-O-Wisp|p2a: Qwilfish\n|-status|p2a: Qwilfish|brn\n|-enditem|p2a: Qwilfish|Lum Berry|[eat]\n|-curestatus|p2a: Qwilfish|brn|[msg]\n|\n|-weather|RainDance|[upkeep]\n|-heal|p1a: two meows|48\/100|[from] item: Leftovers\n|upkeep\n|turn|14\n|\n|t:|1662994510\n|move|p2a: Qwilfish|Waterfall|p1a: two meows\n|-damage|p1a: two meows|6\/100\n|move|p1a: two meows|Recover|p1a: two meows\n|-heal|p1a: two meows|56\/100\n|\n|-weather|RainDance|[upkeep]\n|-heal|p1a: two meows|62\/100|[from] item: Leftovers\n|upkeep\n|turn|15\n|\n|t:|1662994520\n|move|p2a: Qwilfish|Waterfall|p1a: two meows\n|-damage|p1a: two meows|21\/100\n|move|p1a: two meows|Will-O-Wisp|p2a: Qwilfish\n|-status|p2a: Qwilfish|brn\n|\n|-weather|RainDance|[upkeep]\n|-damage|p2a: Qwilfish|75\/100 brn|[from] brn\n|-end|p2a: Qwilfish|move: Taunt\n|-heal|p1a: two meows|27\/100|[from] item: Leftovers\n|upkeep\n|turn|16\n|\n|t:|1662994538\n|move|p2a: Qwilfish|Taunt|p1a: two meows\n|-start|p1a: two meows|move: Taunt\n|cant|p1a: two meows|move: Taunt|Taunt\n|\n|-weather|RainDance|[upkeep]\n|-damage|p2a: Qwilfish|63\/100 brn|[from] brn\n|-heal|p1a: two meows|33\/100|[from] item: Leftovers\n|upkeep\n|turn|17\n|\n|t:|1662994548\n|switch|p1a: don grou|Groudon|100\/100\n|-damage|p1a: don grou|94\/100|[from] Stealth Rock\n|-damage|p1a: don grou|82\/100|[from] Spikes\n|-weather|SunnyDay|[from] ability: Drought|[of] p1a: don grou\n|move|p2a: Qwilfish|Spikes|p1a: don grou\n|-sidestart|p1: dd absol|Spikes\n|\n|-weather|SunnyDay|[upkeep]\n|-damage|p2a: Qwilfish|50\/100 brn|[from] brn\n|upkeep\n|turn|18\n|\n|t:|1662994563\n|switch|p2a: Giratina|Giratina-Origin|100\/100\n|-damage|p2a: Giratina|88\/100|[from] Stealth Rock\n|move|p1a: don grou|Earthquake|p2a: Giratina\n|-immune|p2a: Giratina|[from] ability: Levitate\n|\n|-weather|SunnyDay|[upkeep]\n|upkeep\n|turn|19\n|\n|t:|1662994573\n|switch|p1a: sexy lady|Latias, F|3\/100\n|-damage|p1a: sexy lady|0 fnt|[from] Stealth Rock\n|faint|p1a: sexy lady\n|move|p2a: Giratina|Draco Meteor|p1: sexy lady|[notarget]\n|-notarget|p2a: Giratina\n|\n|-weather|SunnyDay|[upkeep]\n|upkeep\n|\n|t:|1662994577\n|switch|p1a: sand storm|Tyranitar, M|100\/100\n|-damage|p1a: sand storm|88\/100|[from] Stealth Rock\n|-damage|p1a: sand storm|72\/100|[from] Spikes\n|-weather|Sandstorm|[from] ability: Sand Stream|[of] p1a: sand storm\n|turn|20\n|\n|t:|1662994590\n|switch|p2a: Bronzong|Bronzong|47\/100 brn\n|-damage|p2a: Bronzong|40\/100 brn|[from] Stealth Rock\n|move|p1a: sand storm|Payback|p2a: Bronzong\n|-damage|p2a: Bronzong|0 fnt\n|faint|p2a: Bronzong\n|\n|-weather|Sandstorm|[upkeep]\n|upkeep\n|\n|t:|1662994600\n|switch|p2a: Kyogre|Kyogre|82\/100\n|-damage|p2a: Kyogre|69\/100|[from] Stealth Rock\n|-weather|RainDance|[from] ability: Drizzle|[of] p2a: Kyogre\n|turn|21\n|\n|t:|1662994609\n|switch|p1a: two meows|Mewtwo|33\/100\n|-damage|p1a: two meows|21\/100|[from] Stealth Rock\n|-damage|p1a: two meows|4\/100|[from] Spikes\n|-ability|p1a: two meows|Pressure\n|move|p2a: Kyogre|Surf|p1a: two meows\n|-damage|p1a: two meows|0 fnt\n|faint|p1a: two meows\n|\n|-weather|RainDance|[upkeep]\n|upkeep\n|\n|t:|1662994624\n|switch|p1a: don grou|Groudon|82\/100\n|-damage|p1a: don grou|76\/100|[from] Stealth Rock\n|-damage|p1a: don grou|59\/100|[from] Spikes\n|-weather|SunnyDay|[from] ability: Drought|[of] p1a: don grou\n|turn|22\n|\n|t:|1662994632\n|move|p1a: don grou|Dragon Claw|p2a: Kyogre\n|-damage|p2a: Kyogre|36\/100\n|move|p2a: Kyogre|Ice Beam|p1a: don grou\n|-supereffective|p1a: don grou\n|-damage|p1a: don grou|0 fnt\n|faint|p1a: don grou\n|\n|-weather|SunnyDay|[upkeep]\n|upkeep\n|\n|t:|1662994638\n|switch|p1a: phone dial|Dialga|73\/100\n|-damage|p1a: phone dial|66\/100|[from] Stealth Rock\n|-damage|p1a: phone dial|50\/100|[from] Spikes\n|-ability|p1a: phone dial|Pressure\n|turn|23\n|\n|t:|1662994649\n|move|p2a: Kyogre|Ice Beam|p1a: phone dial\n|-damage|p1a: phone dial|21\/100\n|move|p1a: phone dial|Draco Meteor|p2a: Kyogre\n|-damage|p2a: Kyogre|0 fnt\n|-unboost|p1a: phone dial|spa|2\n|faint|p2a: Kyogre\n|\n|-weather|SunnyDay|[upkeep]\n|-heal|p1a: phone dial|27\/100|[from] item: Leftovers\n|upkeep\n|\n|t:|1662994661\n|switch|p2a: Garchomp|Garchomp, F|85\/100\n|-damage|p2a: Garchomp|78\/100|[from] Stealth Rock\n|turn|24\n|\n|t:|1662994672\n|move|p2a: Garchomp|Earthquake|p1a: phone dial\n|-supereffective|p1a: phone dial\n|-damage|p1a: phone dial|0 fnt\n|faint|p1a: phone dial\n|-damage|p2a: Garchomp|69\/100|[from] item: Life Orb\n|\n|-weather|SunnyDay|[upkeep]\n|upkeep\n|\n|t:|1662994675\n|switch|p1a: sand storm|Tyranitar, M|72\/100\n|-damage|p1a: sand storm|59\/100|[from] Stealth Rock\n|-damage|p1a: sand storm|43\/100|[from] Spikes\n|-weather|Sandstorm|[from] ability: Sand Stream|[of] p1a: sand storm\n|turn|25\n|-message|dd absol forfeited.\n|\n|win|Cdijk21-Alt\n|raw|dd absol's rating: 1258 &rarr; <strong>1230<\/strong><br \/>(-28 for losing)\n|raw|Cdijk21-Alt's rating: 1218 &rarr; <strong>1246<\/strong><br \/>(+28 for winning)\n|l|\u2606dd absol\n||Ladder isn't responding, score probably updated but might not have (Request timeout).\n","uploadtime":1662994743,"views":3,"p1id":"ddabsol","p2id":"cdijk21alt","formatid":"gen4ubers","rating":1230,"private":0,"password":null}