{"id":"gen4ou-1662665516","p1":"Capital Cruiser","p2":"Constan","format":"gen4ou","log":"|j|\u203dCapital Cruiser\n|j|\u2606Constan\n|t:|1663013097\n|gametype|singles\n|player|p1|Capital Cruiser|cheren-gen5bw2|1139\n|player|p2|Constan|cyrus|1383\n|teamsize|p1|6\n|teamsize|p2|6\n|gen|4\n|tier|[Gen 4] OU\n|rated|\n|rule|Sleep Clause Mod: Limit one foe put to sleep\n|rule|Species Clause: Limit one of each Pok\u00e9mon\n|rule|OHKO Clause: OHKO moves are banned\n|rule|Evasion Items Clause: Evasion items are banned\n|rule|Evasion Moves Clause: Evasion moves are banned\n|rule|Endless Battle Clause: Forcing endless battles is banned\n|rule|HP Percentage Mod: HP is shown in percentages\n|rule|Freeze Clause Mod: Limit one foe frozen\n|\n|t:|1663013097\n|start\n|switch|p1a: Metagross|Metagross, shiny|100\/100\n|switch|p2a: Swampert|Swampert, M|100\/100\n|turn|1\n|inactive|Battle timer is ON: inactive players will automatically lose when time's up. (requested by Capital Cruiser)\n|\n|t:|1663013109\n|switch|p2a: Rotom|Rotom-Wash|100\/100\n|move|p1a: Metagross|Stealth Rock|p2a: Rotom\n|-sidestart|p2: Constan|move: Stealth Rock\n|\n|upkeep\n|turn|2\n|\n|t:|1663013112\n|switch|p1a: Snorlax|Snorlax, F, shiny|100\/100\n|move|p2a: Rotom|Will-O-Wisp|p1a: Snorlax\n|-status|p1a: Snorlax|brn\n|\n|-damage|p1a: Snorlax|88\/100 brn|[from] brn\n|upkeep\n|turn|3\n|\n|t:|1663013121\n|switch|p2a: Skarmory|Skarmory, F|100\/100\n|-damage|p2a: Skarmory|88\/100|[from] Stealth Rock\n|move|p1a: Snorlax|Crunch|p2a: Skarmory\n|-resisted|p2a: Skarmory\n|-damage|p2a: Skarmory|84\/100\n|\n|-damage|p1a: Snorlax|76\/100 brn|[from] brn\n|upkeep\n|turn|4\n|\n|t:|1663013130\n|switch|p1a: Latias|Latias, F, shiny|100\/100\n|move|p2a: Skarmory|Whirlwind|p1a: Latias\n|drag|p1a: Zapdos|Zapdos, shiny|100\/100\n|-ability|p1a: Zapdos|Pressure\n|\n|upkeep\n|turn|5\n|\n|t:|1663013134\n|switch|p2a: Swampert|Swampert, M|100\/100\n|-damage|p2a: Swampert|94\/100|[from] Stealth Rock\n|move|p1a: Zapdos|Discharge|p2a: Swampert\n|-immune|p2a: Swampert\n|\n|-heal|p2a: Swampert|100\/100|[from] item: Leftovers\n|upkeep\n|turn|6\n|\n|t:|1663013138\n|move|p1a: Zapdos|Toxic|p2a: Swampert\n|-status|p2a: Swampert|tox\n|move|p2a: Swampert|Stealth Rock|p1a: Zapdos\n|-sidestart|p1: Capital Cruiser|move: Stealth Rock\n|\n|-damage|p2a: Swampert|94\/100 tox|[from] psn\n|upkeep\n|turn|7\n|\n|t:|1663013145\n|switch|p1a: Latias|Latias, F, shiny|100\/100\n|-damage|p1a: Latias|88\/100|[from] Stealth Rock\n|move|p2a: Swampert|Roar|p1a: Latias\n|drag|p1a: Lucario|Lucario, M, shiny|100\/100\n|-damage|p1a: Lucario|98\/100|[from] Stealth Rock\n|\n|-heal|p2a: Swampert|100\/100 tox|[from] item: Leftovers\n|-damage|p2a: Swampert|88\/100 tox|[from] psn\n|upkeep\n|turn|8\n|\n|t:|1663013153\n|switch|p1a: Zapdos|Zapdos, shiny|100\/100\n|-damage|p1a: Zapdos|76\/100|[from] Stealth Rock\n|-ability|p1a: Zapdos|Pressure\n|move|p2a: Swampert|Waterfall|p1a: Zapdos\n|-damage|p1a: Zapdos|46\/100\n|-enditem|p1a: Zapdos|Sitrus Berry|[eat]\n|-heal|p1a: Zapdos|71\/100|[from] item: Sitrus Berry\n|\n|-heal|p2a: Swampert|94\/100 tox|[from] item: Leftovers\n|-damage|p2a: Swampert|76\/100 tox|[from] psn\n|upkeep\n|turn|9\n|\n|t:|1663013156\n|move|p1a: Zapdos|Hidden Power|p2a: Swampert\n|-damage|p2a: Swampert|58\/100 tox\n|move|p2a: Swampert|Roar|p1a: Zapdos\n|drag|p1a: Latias|Latias, F, shiny|88\/100\n|-damage|p1a: Latias|76\/100|[from] Stealth Rock\n|\n|-heal|p2a: Swampert|64\/100 tox|[from] item: Leftovers\n|-damage|p2a: Swampert|39\/100 tox|[from] psn\n|upkeep\n|turn|10\n|\n|t:|1663013161\n|switch|p2a: Tyranitar|Tyranitar, F|100\/100\n|-damage|p2a: Tyranitar|88\/100|[from] Stealth Rock\n|-weather|Sandstorm|[from] ability: Sand Stream|[of] p2a: Tyranitar\n|move|p1a: Latias|Psychic|p2a: Tyranitar\n|-immune|p2a: Tyranitar\n|\n|-weather|Sandstorm|[upkeep]\n|-damage|p1a: Latias|70\/100|[from] Sandstorm\n|upkeep\n|turn|11\n|\n|t:|1663013166\n|move|p2a: Tyranitar|Pursuit|p1a: Latias\n|-supereffective|p1a: Latias\n|-enditem|p1a: Latias|Colbur Berry|[eat]\n|-enditem|p1a: Latias|Colbur Berry|[weaken]\n|-damage|p1a: Latias|42\/100\n|move|p1a: Latias|Surf|p2a: Tyranitar\n|-supereffective|p2a: Tyranitar\n|-damage|p2a: Tyranitar|51\/100\n|\n|-weather|Sandstorm|[upkeep]\n|-damage|p1a: Latias|36\/100|[from] Sandstorm\n|upkeep\n|turn|12\n|\n|t:|1663013176\n|move|p2a: Tyranitar|Pursuit|p1a: Latias\n|-supereffective|p1a: Latias\n|-damage|p1a: Latias|0 fnt\n|faint|p1a: Latias\n|\n|-weather|Sandstorm|[upkeep]\n|upkeep\n|\n|t:|1663013191\n|switch|p1a: Lucario|Lucario, M, shiny|98\/100\n|-damage|p1a: Lucario|95\/100|[from] Stealth Rock\n|turn|13\n|\n|t:|1663013194\n|switch|p2a: Rotom|Rotom-Wash|100\/100\n|-damage|p2a: Rotom|88\/100|[from] Stealth Rock\n|move|p1a: Lucario|Shadow Claw|p2a: Rotom\n|-supereffective|p2a: Rotom\n|-damage|p2a: Rotom|38\/100\n|\n|-weather|Sandstorm|[upkeep]\n|-damage|p2a: Rotom|32\/100|[from] Sandstorm\n|-heal|p2a: Rotom|38\/100|[from] item: Leftovers\n|upkeep\n|turn|14\n|\n|t:|1663013199\n|switch|p2a: Skarmory|Skarmory, F|84\/100\n|-damage|p2a: Skarmory|72\/100|[from] Stealth Rock\n|move|p1a: Lucario|Shadow Claw|p2a: Skarmory\n|-resisted|p2a: Skarmory\n|-damage|p2a: Skarmory|65\/100\n|\n|-weather|Sandstorm|[upkeep]\n|upkeep\n|turn|15\n|\n|t:|1663013207\n|move|p1a: Lucario|Shadow Claw|p2a: Skarmory\n|-resisted|p2a: Skarmory\n|-damage|p2a: Skarmory|59\/100\n|move|p2a: Skarmory|Spikes|p1a: Lucario\n|-sidestart|p1: Capital Cruiser|Spikes\n|\n|-weather|Sandstorm|[upkeep]\n|upkeep\n|turn|16\n|\n|t:|1663013215\n|switch|p1a: Zapdos|Zapdos, shiny|71\/100\n|-damage|p1a: Zapdos|46\/100|[from] Stealth Rock\n|-ability|p1a: Zapdos|Pressure\n|move|p2a: Skarmory|Spikes|p1a: Zapdos\n|-sidestart|p1: Capital Cruiser|Spikes\n|\n|-weather|Sandstorm|[upkeep]\n|-damage|p1a: Zapdos|40\/100|[from] Sandstorm\n|upkeep\n|turn|17\n|\n|t:|1663013233\n|switch|p2a: Tyranitar|Tyranitar, F|51\/100\n|-damage|p2a: Tyranitar|38\/100|[from] Stealth Rock\n|move|p1a: Zapdos|Discharge|p2a: Tyranitar\n|-damage|p2a: Tyranitar|16\/100\n|\n|-weather|Sandstorm|[upkeep]\n|-damage|p1a: Zapdos|34\/100|[from] Sandstorm\n|upkeep\n|turn|18\n|\n|t:|1663013238\n|move|p2a: Tyranitar|Stone Edge|p1a: Zapdos\n|-supereffective|p1a: Zapdos\n|-damage|p1a: Zapdos|0 fnt\n|faint|p1a: Zapdos\n|\n|-weather|Sandstorm|[upkeep]\n|upkeep\n|\n|t:|1663013242\n|switch|p1a: Lucario|Lucario, M, shiny|95\/100\n|-damage|p1a: Lucario|92\/100|[from] Stealth Rock\n|-damage|p1a: Lucario|76\/100|[from] Spikes\n|turn|19\n|\n|t:|1663013251\n|move|p1a: Lucario|Blaze Kick|p2a: Tyranitar\n|-resisted|p2a: Tyranitar\n|-damage|p2a: Tyranitar|5\/100\n|move|p2a: Tyranitar|Stone Edge|p1a: Lucario|[miss]\n|-miss|p2a: Tyranitar|p1a: Lucario\n|\n|-weather|Sandstorm|[upkeep]\n|upkeep\n|turn|20\n|\n|t:|1663013259\n|switch|p2a: Starmie|Starmie|100\/100\n|-damage|p2a: Starmie|88\/100|[from] Stealth Rock\n|move|p1a: Lucario|Blaze Kick|p2a: Starmie\n|-resisted|p2a: Starmie\n|-damage|p2a: Starmie|68\/100\n|\n|-weather|Sandstorm|[upkeep]\n|-damage|p2a: Starmie|62\/100|[from] Sandstorm\n|-heal|p2a: Starmie|68\/100|[from] item: Leftovers\n|upkeep\n|turn|21\n|\n|t:|1663013264\n|switch|p1a: Snorlax|Snorlax, F, shiny|76\/100 brn\n|-damage|p1a: Snorlax|63\/100 brn|[from] Stealth Rock\n|-damage|p1a: Snorlax|47\/100 brn|[from] Spikes\n|move|p2a: Starmie|Hydro Pump|p1a: Snorlax\n|-damage|p1a: Snorlax|20\/100 brn\n|\n|-weather|Sandstorm|[upkeep]\n|-damage|p2a: Starmie|62\/100|[from] Sandstorm\n|-damage|p1a: Snorlax|14\/100 brn|[from] Sandstorm\n|-heal|p2a: Starmie|68\/100|[from] item: Leftovers\n|-damage|p1a: Snorlax|2\/100 brn|[from] brn\n|upkeep\n|turn|22\n|\n|t:|1663013268\n|move|p2a: Starmie|Rapid Spin|p1a: Snorlax\n|-damage|p1a: Snorlax|0 fnt\n|-sideend|p2: Constan|Stealth Rock|[from] move: Rapid Spin|[of] p2a: Starmie\n|faint|p1a: Snorlax\n|\n|-weather|Sandstorm|[upkeep]\n|-damage|p2a: Starmie|62\/100|[from] Sandstorm\n|-heal|p2a: Starmie|68\/100|[from] item: Leftovers\n|upkeep\n|-message|Capital Cruiser forfeited.\n|\n|win|Constan\n|raw|Capital Cruiser's rating: 1139 &rarr; <strong>1129<\/strong><br \/>(-10 for losing)\n|raw|Constan's rating: 1383 &rarr; <strong>1391<\/strong><br \/>(+8 for winning)\n|l|\u203dCapital Cruiser\n","uploadtime":1663013276,"views":4,"p1id":"capitalcruiser","p2id":"constan","formatid":"gen4ou","rating":1129,"private":0,"password":null}