{"id":"gen4lc-1309412857","p1":"Elfuseon","p2":"lord cube","format":"gen4lc","log":"|j|\u2606Elfuseon\n|j|\u2606lord cube\n|inactive|Battle timer is ON: inactive players will automatically lose when time's up.\n|t:|1616772778\n|player|p1|Elfuseon|cyclist|\n|player|p2|lord cube|steven|\n|teamsize|p1|6\n|teamsize|p2|6\n|gametype|singles\n|gen|4\n|tier|[Gen 4] LC\n|rated|Tournament battle\n|rule|Sleep Clause Mod: Limit one foe put to sleep\n|rule|Species Clause: Limit one of each Pok\u00e9mon\n|rule|OHKO Clause: OHKO moves are banned\n|rule|Evasion Moves Clause: Evasion moves are banned\n|rule|Endless Battle Clause: Forcing endless battles is banned\n|rule|HP Percentage Mod: HP is shown in percentages\n|rule|Sleep Clause: Sleep-inducing moves are banned\n|\n|t:|1616772778\n|start\n|switch|p1a: Machop|Machop, L5, F|100\/100\n|switch|p2a: Kabuto|Kabuto, L5, F|100\/100\n|turn|1\n|j| Tatsy\n|\n|t:|1616772788\n|move|p2a: Kabuto|Waterfall|p1a: Machop\n|-damage|p1a: Machop|44\/100\n|-enditem|p1a: Machop|Oran Berry|[eat]\n|-heal|p1a: Machop|87\/100|[from] item: Oran Berry\n|move|p1a: Machop|Earthquake|p2a: Kabuto\n|-supereffective|p2a: Kabuto\n|-damage|p2a: Kabuto|5\/100\n|-enditem|p2a: Kabuto|Focus Sash\n|\n|upkeep\n|turn|2\n|\n|t:|1616772794\n|switch|p2a: Staryu|Staryu, L5|100\/100\n|move|p1a: Machop|Bullet Punch|p2a: Staryu\n|-resisted|p2a: Staryu\n|-damage|p2a: Staryu|90\/100\n|\n|upkeep\n|turn|3\n|\n|t:|1616772802\n|switch|p2a: Gligar|Gligar, L5, F|100\/100\n|move|p1a: Machop|Close Combat|p2a: Gligar\n|-resisted|p2a: Gligar\n|-damage|p2a: Gligar|66\/100\n|-unboost|p1a: Machop|def|1\n|-unboost|p1a: Machop|spd|1\n|\n|upkeep\n|turn|4\n|\n|t:|1616772821\n|move|p2a: Gligar|Earthquake|p1a: Machop\n|-damage|p1a: Machop|0 fnt\n|faint|p1a: Machop\n|\n|upkeep\n|inactive|Elfuseon has 120 seconds left.\n|\n|t:|1616772842\n|switch|p1a: Drifloon|Drifloon, L5, F|100\/100\n|turn|5\n|\n|t:|1616772851\n|switch|p2a: Stunky|Stunky, L5, M|100\/100\n|move|p1a: Drifloon|Substitute|p1a: Drifloon\n|-start|p1a: Drifloon|Substitute\n|-damage|p1a: Drifloon|76\/100\n|\n|upkeep\n|turn|6\n|\n|t:|1616772858\n|move|p2a: Stunky|Crunch|p1a: Drifloon\n|-supereffective|p1a: Drifloon\n|-end|p1a: Drifloon|Substitute\n|move|p1a: Drifloon|Substitute|p1a: Drifloon\n|-start|p1a: Drifloon|Substitute\n|-damage|p1a: Drifloon|52\/100\n|\n|upkeep\n|turn|7\n|\n|t:|1616772862\n|move|p2a: Stunky|Crunch|p1a: Drifloon\n|-supereffective|p1a: Drifloon\n|-crit|p1a: Drifloon\n|-end|p1a: Drifloon|Substitute\n|move|p1a: Drifloon|Substitute|p1a: Drifloon\n|-start|p1a: Drifloon|Substitute\n|-damage|p1a: Drifloon|29\/100\n|-enditem|p1a: Drifloon|Oran Berry|[eat]\n|-heal|p1a: Drifloon|68\/100|[from] item: Oran Berry\n|\n|upkeep\n|turn|8\n|\n|t:|1616772867\n|move|p1a: Drifloon|Thunderbolt|p2a: Stunky\n|-damage|p2a: Stunky|48\/100\n|move|p2a: Stunky|Crunch|p1a: Drifloon\n|-supereffective|p1a: Drifloon\n|-end|p1a: Drifloon|Substitute\n|\n|upkeep\n|turn|9\n|\n|t:|1616772872\n|move|p1a: Drifloon|Substitute|p1a: Drifloon\n|-start|p1a: Drifloon|Substitute\n|-damage|p1a: Drifloon|44\/100\n|move|p2a: Stunky|Crunch|p1a: Drifloon\n|-supereffective|p1a: Drifloon\n|-end|p1a: Drifloon|Substitute\n|\n|upkeep\n|turn|10\n|\n|t:|1616772875\n|move|p2a: Stunky|Sucker Punch|p1a: Drifloon\n|-fail|p2a: Stunky\n|move|p1a: Drifloon|Substitute|p1a: Drifloon\n|-start|p1a: Drifloon|Substitute\n|-damage|p1a: Drifloon|20\/100\n|\n|upkeep\n|turn|11\n|\n|t:|1616772878\n|move|p2a: Stunky|Sucker Punch|p1a: Drifloon\n|-supereffective|p1a: Drifloon\n|-end|p1a: Drifloon|Substitute\n|move|p1a: Drifloon|Thunderbolt|p2a: Stunky\n|-damage|p2a: Stunky|0 fnt\n|faint|p2a: Stunky\n|\n|upkeep\n|\n|t:|1616772883\n|switch|p2a: Kabuto|Kabuto, L5, F|5\/100\n|turn|12\n|\n|t:|1616772891\n|move|p2a: Kabuto|Aqua Jet|p1a: Drifloon\n|-damage|p1a: Drifloon|0 fnt\n|faint|p1a: Drifloon\n|\n|upkeep\n|inactive|Elfuseon has 120 seconds left.\n|\n|t:|1616772922\n|switch|p1a: Chinchou|Chinchou, L5, M|100\/100\n|turn|13\n|\n|t:|1616772948\n|move|p1a: Chinchou|Hydro Pump|p2a: Kabuto|[miss]\n|-miss|p1a: Chinchou|p2a: Kabuto\n|move|p2a: Kabuto|Stealth Rock|p1a: Chinchou\n|-sidestart|p1: Elfuseon|move: Stealth Rock\n|\n|upkeep\n|turn|14\n|\n|t:|1616772958\n|move|p1a: Chinchou|Hydro Pump|p2a: Kabuto\n|-damage|p2a: Kabuto|0 fnt\n|faint|p2a: Kabuto\n|\n|upkeep\n|\n|t:|1616772962\n|switch|p2a: Gligar|Gligar, L5, F|66\/100\n|turn|15\n|\n|t:|1616772967\n|move|p1a: Chinchou|Protect|p1a: Chinchou\n|-singleturn|p1a: Chinchou|Protect\n|move|p2a: Gligar|U-turn|p1a: Chinchou\n|-activate|p1a: Chinchou|Protect\n|\n|upkeep\n|turn|16\n|\n|t:|1616772972\n|move|p2a: Gligar|U-turn|p1a: Chinchou\n|-damage|p1a: Chinchou|59\/100\n|\n|t:|1616772978\n|switch|p2a: Chinchou|Chinchou, L5, M|100\/100|[from]move: U-turn\n|move|p1a: Chinchou|Hydro Pump|p2a: Chinchou\n|-resisted|p2a: Chinchou\n|-damage|p2a: Chinchou|63\/100\n|\n|upkeep\n|turn|17\n|\n|t:|1616772987\n|switch|p2a: Staryu|Staryu, L5|90\/100\n|move|p1a: Chinchou|Hydro Pump|p2a: Staryu\n|-resisted|p2a: Staryu\n|-damage|p2a: Staryu|48\/100\n|\n|upkeep\n|turn|18\n|\n|t:|1616773017\n|switch|p1a: Munchlax|Munchlax, L5, M|100\/100\n|-damage|p1a: Munchlax|90\/100|[from] Stealth Rock\n|move|p2a: Staryu|Hidden Power|p1a: Munchlax\n|-damage|p1a: Munchlax|70\/100\n|-damage|p2a: Staryu|43\/100|[from] item: Life Orb\n|\n|upkeep\n|turn|19\n|\n|t:|1616773027\n|switch|p2a: Gligar|Gligar, L5, F|66\/100\n|move|p1a: Munchlax|Return|p2a: Gligar\n|-damage|p2a: Gligar|0 fnt\n|faint|p2a: Gligar\n|\n|upkeep\n|\n|t:|1616773043\n|switch|p2a: Staryu|Staryu, L5|43\/100\n|turn|20\n|\n|t:|1616773049\n|move|p2a: Staryu|Hydro Pump|p1a: Munchlax|[miss]\n|-miss|p2a: Staryu|p1a: Munchlax\n|move|p1a: Munchlax|Return|p2a: Staryu\n|-damage|p2a: Staryu|0 fnt\n|faint|p2a: Staryu\n|\n|upkeep\n|\n|t:|1616773052\n|switch|p2a: Porygon|Porygon, L5|100\/100\n|-ability|p2a: Porygon|Thick Fat|[from] ability: Trace|[of] p1a: Munchlax\n|turn|21\n|\n|t:|1616773060\n|switch|p1a: Chinchou|Chinchou, L5, M|59\/100\n|-damage|p1a: Chinchou|46\/100|[from] Stealth Rock\n|-enditem|p1a: Chinchou|Oran Berry|[eat]\n|-heal|p1a: Chinchou|88\/100|[from] item: Oran Berry\n|move|p2a: Porygon|Agility|p2a: Porygon\n|-boost|p2a: Porygon|spe|2\n|\n|upkeep\n|turn|22\n|\n|t:|1616773066\n|move|p2a: Porygon|Tri Attack|p1a: Chinchou\n|-damage|p1a: Chinchou|25\/100\n|-status|p1a: Chinchou|frz\n|cant|p1a: Chinchou|frz\n|\n|upkeep\n|turn|23\n|\n|t:|1616773073\n|move|p2a: Porygon|Tri Attack|p1a: Chinchou\n|-damage|p1a: Chinchou|0 fnt\n|faint|p1a: Chinchou\n|\n|upkeep\n|\n|t:|1616773076\n|switch|p1a: Mankey|Mankey, L5, F|100\/100\n|-damage|p1a: Mankey|96\/100|[from] Stealth Rock\n|turn|24\n|\n|t:|1616773079\n|move|p2a: Porygon|Tri Attack|p1a: Mankey\n|-damage|p1a: Mankey|24\/100\n|move|p1a: Mankey|Close Combat|p2a: Porygon\n|-supereffective|p2a: Porygon\n|-crit|p2a: Porygon\n|-damage|p2a: Porygon|0 fnt\n|-unboost|p1a: Mankey|def|1\n|-unboost|p1a: Mankey|spd|1\n|faint|p2a: Porygon\n|\n|upkeep\n|\n|t:|1616773083\n|switch|p2a: Chinchou|Chinchou, L5, M|63\/100\n|turn|25\n|\n|t:|1616773086\n|move|p1a: Mankey|Close Combat|p2a: Chinchou\n|-damage|p2a: Chinchou|0 fnt\n|-unboost|p1a: Mankey|def|1\n|-unboost|p1a: Mankey|spd|1\n|faint|p2a: Chinchou\n|\n|win|Elfuseon\n|n|\u2606Elfuseon|elfuseon\n|n|\u2606lord cube|lordcube\n|n| Tatsy|tatsy\n","uploadtime":1616773087,"views":17,"p1id":"elfuseon","p2id":"lordcube","formatid":"gen4lc","rating":0,"private":0,"password":null}