{"id":"gen4ubers-1609335193","p1":"rooopos","p2":"Giestgreninja","format":"gen4ubers","log":"|j|\u2606rooopos\n|j|\u2606Giestgreninja\n|t:|1656846476\n|gametype|singles\n|player|p1|rooopos|101|\n|player|p2|Giestgreninja|youngn|\n|teamsize|p1|6\n|teamsize|p2|6\n|gen|4\n|tier|[Gen 4] Ubers\n|rated|Tournament battle\n|rule|Sleep Clause Mod: Limit one foe put to sleep\n|rule|Species Clause: Limit one of each Pok\u00e9mon\n|rule|OHKO Clause: OHKO moves are banned\n|rule|Evasion Moves Clause: Evasion moves are banned\n|rule|Endless Battle Clause: Forcing endless battles is banned\n|rule|HP Percentage Mod: HP is shown in percentages\n|\n|t:|1656846476\n|start\n|switch|p1a: Ian|Rayquaza|100\/100\n|switch|p2a: Rayquaza|Rayquaza|100\/100\n|turn|1\n|inactive|Battle timer is ON: inactive players will automatically lose when time's up. (requested by Giestgreninja)\n|\n|t:|1656846489\n|move|p2a: Rayquaza|Draco Meteor|p1a: Ian\n|-supereffective|p1a: Ian\n|-damage|p1a: Ian|1\/100\n|-unboost|p2a: Rayquaza|spa|2\n|-enditem|p1a: Ian|Focus Sash\n|-damage|p2a: Rayquaza|91\/100|[from] item: Life Orb\n|move|p1a: Ian|Draco Meteor|p2a: Rayquaza\n|-supereffective|p2a: Rayquaza\n|-damage|p2a: Rayquaza|0 fnt\n|-unboost|p1a: Ian|spa|2\n|faint|p2a: Rayquaza\n|\n|upkeep\n|j| LeBarBURR2\n|\n|t:|1656846505\n|switch|p2a: Scizor|Scizor, F|100\/100\n|turn|2\n|\n|t:|1656846510\n|switch|p1a: Flying-Type|Dialga|100\/100\n|-ability|p1a: Flying-Type|Pressure\n|move|p2a: Scizor|Bullet Punch|p1a: Flying-Type\n|-resisted|p1a: Flying-Type\n|-damage|p1a: Flying-Type|81\/100\n|\n|upkeep\n|turn|3\n|j|%shrang\n|\n|t:|1656846520\n|switch|p1a: Bruce|Kyogre|100\/100\n|-weather|RainDance|[from] ability: Drizzle|[of] p1a: Bruce\n|switch|p2a: Groudon|Groudon|100\/100\n|-weather|SunnyDay|[from] ability: Drought|[of] p2a: Groudon\n|\n|-weather|SunnyDay|[upkeep]\n|upkeep\n|turn|4\n|\n|t:|1656846527\n|move|p1a: Bruce|Ice Beam|p2a: Groudon\n|-supereffective|p2a: Groudon\n|-crit|p2a: Groudon\n|-damage|p2a: Groudon|0 fnt\n|faint|p2a: Groudon\n|\n|-weather|SunnyDay|[upkeep]\n|upkeep\n|c|\u2606Giestgreninja|That crit mattered\n|inactive|Giestgreninja has 120 seconds left.\n|c|\u2606rooopos|were u spdef?\n|\n|t:|1656846562\n|switch|p2a: Dialga|Dialga|100\/100\n|-ability|p2a: Dialga|Pressure\n|turn|5\n|c|\u2606Giestgreninja|Ye\n|c|\u2606rooopos|then sry\n|inactive|Giestgreninja has 120 seconds left.\n|c|\u2606Giestgreninja|Its ok...\n|\n|t:|1656846579\n|switch|p1a: Ian|Rayquaza|1\/100\n|move|p2a: Dialga|Bulk Up|p2a: Dialga\n|-boost|p2a: Dialga|atk|1\n|-boost|p2a: Dialga|def|1\n|\n|-weather|SunnyDay|[upkeep]\n|upkeep\n|turn|6\n|inactive|Giestgreninja has 120 seconds left.\n|\n|t:|1656846588\n|move|p1a: Ian|Draco Meteor|p2a: Dialga\n|-damage|p2a: Dialga|11\/100\n|-unboost|p1a: Ian|spa|2\n|move|p2a: Dialga|Brick Break|p1a: Ian\n|-resisted|p1a: Ian\n|-damage|p1a: Ian|0 fnt\n|faint|p1a: Ian\n|\n|-weather|SunnyDay|[upkeep]\n|upkeep\n|\n|t:|1656846594\n|switch|p1a: Bruce|Kyogre|100\/100\n|-weather|RainDance|[from] ability: Drizzle|[of] p1a: Bruce\n|turn|7\n|\n|t:|1656846599\n|move|p1a: Bruce|Water Spout|p2a: Dialga\n|-resisted|p2a: Dialga\n|-damage|p2a: Dialga|0 fnt\n|faint|p2a: Dialga\n|\n|-weather|RainDance|[upkeep]\n|upkeep\n|\n|t:|1656846606\n|switch|p2a: Palkia|Palkia|100\/100\n|-ability|p2a: Palkia|Pressure\n|turn|8\n|\n|t:|1656846614\n|switch|p1a: Scott|Bronzong|100\/100\n|move|p2a: Palkia|Thunder|p1a: Scott\n|-damage|p1a: Scott|67\/100\n|-status|p1a: Scott|par\n|\n|-weather|RainDance|[upkeep]\n|-heal|p1a: Scott|74\/100 par|[from] item: Leftovers\n|upkeep\n|turn|9\n|j| zain-ul-hassan\n|\n|t:|1656846620\n|move|p2a: Palkia|Thunder|p1a: Scott\n|-damage|p1a: Scott|44\/100 par\n|move|p1a: Scott|Stealth Rock|p2a: Palkia\n|-sidestart|p2: Giestgreninja|move: Stealth Rock\n|\n|-weather|RainDance|[upkeep]\n|-heal|p1a: Scott|50\/100 par|[from] item: Leftovers\n|upkeep\n|turn|10\n|\n|t:|1656846626\n|switch|p1a: Zurvan|Giratina-Origin|100\/100\n|move|p2a: Palkia|Thunder|p1a: Zurvan\n|-resisted|p1a: Zurvan\n|-damage|p1a: Zurvan|82\/100\n|\n|-weather|RainDance|[upkeep]\n|upkeep\n|turn|11\n|l|%shrang\n|\n|t:|1656846645\n|switch|p2a: Scizor|Scizor, F|100\/100\n|-damage|p2a: Scizor|88\/100|[from] Stealth Rock\n|switch|p1a: Bruce|Kyogre|100\/100\n|\n|-weather|RainDance|[upkeep]\n|upkeep\n|turn|12\n|\n|t:|1656846671\n|move|p1a: Bruce|Thunder|p2a: Scizor\n|-damage|p2a: Scizor|18\/100\n|-status|p2a: Scizor|par\n|move|p2a: Scizor|U-turn|p1a: Bruce\n|-damage|p1a: Bruce|42\/100\n|\n|t:|1656846679\n|switch|p2a: Palkia|Palkia|100\/100|[from]move: U-turn\n|-damage|p2a: Palkia|88\/100|[from] Stealth Rock\n|-ability|p2a: Palkia|Pressure\n|\n|-weather|RainDance|[upkeep]\n|upkeep\n|turn|13\n|inactive|Giestgreninja has 120 seconds left.\n|\n|t:|1656846698\n|move|p2a: Palkia|Draco Meteor|p1a: Bruce|[miss]\n|-miss|p2a: Palkia|p1a: Bruce\n|move|p1a: Bruce|Thunder|p2a: Palkia\n|-damage|p2a: Palkia|22\/100\n|-status|p2a: Palkia|par\n|\n|-weather|RainDance|[upkeep]\n|upkeep\n|turn|14\n|\n|t:|1656846704\n|move|p1a: Bruce|Thunder|p2a: Palkia\n|-damage|p2a: Palkia|0 fnt\n|faint|p2a: Palkia\n|\n|-weather|RainDance|[upkeep]\n|upkeep\n|c|\u2606Giestgreninja|Oo cmon\n|\n|t:|1656846714\n|switch|p2a: Scizor|Scizor, F|18\/100 par\n|-damage|p2a: Scizor|6\/100 par|[from] Stealth Rock\n|turn|15\n|\n|t:|1656846718\n|cant|p2a: Scizor|par\n|move|p1a: Bruce|Thunder|p2a: Scizor\n|-damage|p2a: Scizor|0 fnt\n|faint|p2a: Scizor\n|\n|-weather|RainDance|[upkeep]\n|upkeep\n|c|\u2606Giestgreninja|Hax at its best\n|\n|t:|1656846727\n|switch|p2a: Darkrai|Darkrai|100\/100\n|-damage|p2a: Darkrai|88\/100|[from] Stealth Rock\n|turn|16\n|c|\u2606Giestgreninja|Im not salty tho,gg wp\n|\n|t:|1656846743\n|switch|p1a: Sidney|Qwilfish, F|100\/100\n|move|p2a: Darkrai|Dark Void|p1a: Sidney\n|-status|p1a: Sidney|slp|[from] move: Dark Void\n|-enditem|p1a: Sidney|Lum Berry|[eat]\n|-curestatus|p1a: Sidney|slp|[msg]\n|\n|-weather|RainDance|[upkeep]\n|upkeep\n|turn|17\n|c|\u2606rooopos|sorry  abt it gg\n|\n|t:|1656846753\n|move|p1a: Sidney|Explosion|p2a: Darkrai\n|-damage|p2a: Darkrai|0 fnt\n|faint|p1a: Sidney\n|faint|p2a: Darkrai\n|\n|win|rooopos\n|n|\u2606rooopos|rooopos\n|n|\u2606Giestgreninja|giestgreninja\n|n| LeBarBURR2|lebarburr2\n|n| zain-ul-hassan|zainulhassan\n","uploadtime":1656846754,"views":5,"p1id":"rooopos","p2id":"giestgreninja","formatid":"gen4ubers","rating":0,"private":0,"password":null}