{"id":"gen4uu-1475065680","p1":"Giove97","p2":"The Last Hero","format":"gen4uu","log":"|inactive|Battle timer is ON: inactive players will automatically lose when time's up.\n|j|\u2606Giove97\n|j|\u2606The Last Hero\n|t:|1639744419\n|gametype|singles\n|player|p1|Giove97|rosa|\n|player|p2|The Last Hero|acetrainersnow|\n|teamsize|p1|6\n|teamsize|p2|6\n|gen|4\n|tier|[Gen 4] UU\n|rated|Tournament battle\n|rule|Sleep Clause Mod: Limit one foe put to sleep\n|rule|Species Clause: Limit one of each Pok\u00e9mon\n|rule|OHKO Clause: OHKO moves are banned\n|rule|Evasion Moves Clause: Evasion moves are banned\n|rule|Endless Battle Clause: Forcing endless battles is banned\n|rule|HP Percentage Mod: HP is shown in percentages\n|rule|Blitz: Super-fast timer\n|\n|t:|1639744419\n|start\n|switch|p1a: Venusaur|Venusaur, M|100\/100\n|switch|p2a: Motor|Rotom|100\/100\n|turn|1\n|\n|t:|1639744427\n|switch|p2a: Skorpion|Drapion, M|100\/100\n|move|p1a: Venusaur|Sludge Bomb|p2a: Skorpion\n|-resisted|p2a: Skorpion\n|-damage|p2a: Skorpion|61\/100\n|-damage|p1a: Venusaur|91\/100|[from] item: Life Orb\n|\n|upkeep\n|turn|2\n|inactive|Giove97 has 10 seconds left.\n|inactive|Giove97 has 5 seconds left.\n|\n|t:|1639744441\n|switch|p1a: Rhyperior|Rhyperior, F|100\/100\n|move|p2a: Skorpion|Crunch|p1a: Rhyperior\n|-damage|p1a: Rhyperior|67\/100\n|-unboost|p1a: Rhyperior|def|1\n|\n|-heal|p1a: Rhyperior|73\/100|[from] item: Leftovers\n|upkeep\n|turn|3\n|inactive|Giove97 has 10 seconds left this turn.\n|\n|t:|1639744445\n|switch|p2a: Royal Shell|Cloyster, M|100\/100\n|move|p1a: Rhyperior|Earthquake|p2a: Royal Shell\n|-damage|p2a: Royal Shell|63\/100\n|\n|-heal|p2a: Royal Shell|69\/100|[from] item: Leftovers\n|-heal|p1a: Rhyperior|79\/100|[from] item: Leftovers\n|upkeep\n|turn|4\n|\n|t:|1639744450\n|move|p2a: Royal Shell|Spikes|p1a: Rhyperior\n|-sidestart|p1: Giove97|Spikes\n|move|p1a: Rhyperior|Stone Edge|p2a: Royal Shell\n|-supereffective|p2a: Royal Shell\n|-damage|p2a: Royal Shell|0 fnt\n|faint|p2a: Royal Shell\n|\n|-heal|p1a: Rhyperior|85\/100|[from] item: Leftovers\n|upkeep\n|\n|t:|1639744453\n|switch|p2a: Turty|Torterra, M|100\/100\n|turn|5\n|inactive|Giove97 has 10 seconds left.\n|\n|t:|1639744461\n|move|p2a: Turty|Stealth Rock|p1a: Rhyperior\n|-sidestart|p1: Giove97|move: Stealth Rock\n|move|p1a: Rhyperior|Megahorn|p2a: Turty\n|-supereffective|p2a: Turty\n|-damage|p2a: Turty|42\/100\n|\n|-heal|p2a: Turty|48\/100|[from] item: Leftovers\n|-heal|p1a: Rhyperior|92\/100|[from] item: Leftovers\n|upkeep\n|turn|6\n|\n|t:|1639744465\n|move|p2a: Turty|Wood Hammer|p1a: Rhyperior\n|-supereffective|p1a: Rhyperior\n|-damage|p1a: Rhyperior|0 fnt\n|faint|p1a: Rhyperior\n|-damage|p2a: Turty|16\/100|[from] Recoil\n|\n|-heal|p2a: Turty|23\/100|[from] item: Leftovers\n|upkeep\n|inactive|Giove97 has 10 seconds left.\n|inactive|Giove97 has 5 seconds left.\n|-message|Giove97 lost due to inactivity.\n|\n|win|The Last Hero\n|n|\u2606Giove97|giove97\n|n|\u2606The Last Hero|thelasthero\n|l|\u2606Giove97\n|l|\u2606The Last Hero\n|j| Kage00010\n|l| Kage00010\n|j| TheDarkRising\n","uploadtime":1639744689,"views":34,"p1id":"giove97","p2id":"thelasthero","formatid":"gen4uu","rating":0,"private":0,"password":null}