{"id":"gen4ubers-1702935709","p1":"Raph369","p2":"ihammerhead23","format":"gen4ubers","log":"|j|\u2606Raph369\n|j|\u2606ihammerhead23\n|t:|1667597092\n|gametype|singles\n|player|p1|Raph369|blaine|\n|player|p2|ihammerhead23|2|\n|teamsize|p1|6\n|teamsize|p2|6\n|gen|4\n|tier|[Gen 4] Ubers\n|rated|Tournament battle\n|rule|Sleep Clause Mod: Limit one foe put to sleep\n|rule|Species Clause: Limit one of each Pok\u00e9mon\n|rule|OHKO Clause: OHKO moves are banned\n|rule|Evasion Items Clause: Evasion items are banned\n|rule|Evasion Moves Clause: Evasion moves are banned\n|rule|Endless Battle Clause: Forcing endless battles is banned\n|rule|HP Percentage Mod: HP is shown in percentages\n|\n|t:|1667597092\n|start\n|switch|p1a: Deoxys|Deoxys-Speed|100\/100\n|switch|p2a: Deoxys|Deoxys-Speed|100\/100\n|-ability|p2a: Deoxys|Pressure\n|-ability|p1a: Deoxys|Pressure\n|turn|1\n|c|\u2606Raph369|hf\n|j| TheDivaDollHerself\n|c|\u2606ihammerhead23|glhf\n|\n|t:|1667597106\n|move|p2a: Deoxys|Taunt|p1a: Deoxys\n|-start|p1a: Deoxys|move: Taunt\n|move|p1a: Deoxys|Fling|p2a: Deoxys\n|-supereffective|p2a: Deoxys\n|-damage|p2a: Deoxys|83\/100\n|-status|p2a: Deoxys|par\n|-enditem|p1a: Deoxys|Light Ball|[from] move: Fling\n|\n|upkeep\n|turn|2\n|\n|t:|1667597109\n|switch|p1a: Darkrai|Darkrai|100\/100\n|move|p2a: Deoxys|Spikes|p1a: Darkrai\n|-sidestart|p1: Raph369|Spikes\n|\n|upkeep\n|turn|3\n|\n|t:|1667597112\n|move|p2a: Deoxys|Extreme Speed|p1a: Darkrai\n|-damage|p1a: Darkrai|79\/100\n|move|p1a: Darkrai|Dark Pulse|p2a: Deoxys\n|-supereffective|p2a: Deoxys\n|-damage|p2a: Deoxys|0 fnt\n|faint|p2a: Deoxys\n|\n|upkeep\n|\n|t:|1667597120\n|switch|p2a: Garchomp|Garchomp, M|100\/100\n|turn|4\n|\n|t:|1667597140\n|move|p2a: Garchomp|Outrage|p1a: Darkrai\n|-damage|p1a: Darkrai|0 fnt\n|faint|p1a: Darkrai\n|\n|upkeep\n|\n|t:|1667597153\n|switch|p1a: Mewtwo|Mewtwo|100\/100\n|-damage|p1a: Mewtwo|88\/100|[from] Spikes\n|-ability|p1a: Mewtwo|Pressure\n|turn|5\n|\n|t:|1667597158\n|move|p2a: Garchomp|Outrage|p1a: Mewtwo|[from]lockedmove\n|-damage|p1a: Mewtwo|34\/100\n|move|p1a: Mewtwo|Reflect|p1a: Mewtwo\n|-sidestart|p1: Raph369|Reflect\n|\n|-start|p2a: Garchomp|confusion|[fatigue]\n|upkeep\n|turn|6\n|\n|t:|1667597169\n|switch|p2a: Wobbuffet|Wobbuffet, F|100\/100\n|move|p1a: Mewtwo|Light Screen|p1a: Mewtwo\n|-sidestart|p1: Raph369|Light Screen\n|\n|upkeep\n|turn|7\n|\n|t:|1667597174\n|move|p1a: Mewtwo|Self-Destruct|p2a: Wobbuffet\n|-damage|p2a: Wobbuffet|32\/100\n|faint|p1a: Mewtwo\n|move|p2a: Wobbuffet|Encore|p1: Mewtwo|[notarget]\n|-notarget|p2a: Wobbuffet\n|\n|-heal|p2a: Wobbuffet|39\/100|[from] item: Leftovers\n|upkeep\n|\n|t:|1667597177\n|switch|p1a: Mew|Mew|100\/100\n|-damage|p1a: Mew|88\/100|[from] Spikes\n|turn|8\n|\n|t:|1667597192\n|switch|p2a: Dialga|Dialga|100\/100\n|-ability|p2a: Dialga|Pressure\n|move|p1a: Mew|Taunt|p2a: Dialga\n|-start|p2a: Dialga|move: Taunt\n|\n|upkeep\n|turn|9\n|\n|t:|1667597196\n|move|p1a: Mew|Rock Polish|p1a: Mew\n|-boost|p1a: Mew|spe|2\n|move|p2a: Dialga|Thunder|p1a: Mew|[miss]\n|-miss|p2a: Dialga|p1a: Mew\n|\n|upkeep\n|turn|10\n|\n|t:|1667597199\n|move|p1a: Mew|Nasty Plot|p1a: Mew\n|-boost|p1a: Mew|spa|2\n|move|p2a: Dialga|Thunder|p1a: Mew|[miss]\n|-miss|p2a: Dialga|p1a: Mew\n|\n|upkeep\n|turn|11\n|\n|t:|1667597214\n|move|p1a: Mew|Nasty Plot|p1a: Mew\n|-boost|p1a: Mew|spa|2\n|move|p2a: Dialga|Thunder|p1a: Mew\n|-damage|p1a: Mew|67\/100\n|\n|upkeep\n|turn|12\n|\n|t:|1667597222\n|move|p1a: Mew|Baton Pass|p1a: Mew\n|\n|t:|1667597223\n|switch|p1a: Dialga|Dialga|100\/100|[from]move: Baton Pass\n|-damage|p1a: Dialga|88\/100|[from] Spikes\n|-ability|p1a: Dialga|Pressure\n|move|p2a: Dialga|Thunder|p1a: Dialga\n|-resisted|p1a: Dialga\n|-damage|p1a: Dialga|75\/100\n|\n|-sideend|p1: Raph369|Reflect\n|-end|p2a: Dialga|move: Taunt\n|upkeep\n|turn|13\n|\n|t:|1667597227\n|move|p1a: Dialga|Aura Sphere|p2a: Dialga\n|-supereffective|p2a: Dialga\n|-crit|p2a: Dialga\n|-damage|p2a: Dialga|0 fnt\n|faint|p2a: Dialga\n|\n|-sideend|p1: Raph369|Light Screen\n|upkeep\n|\n|t:|1667597229\n|switch|p2a: Garchomp|Garchomp, M|100\/100\n|turn|14\n|\n|t:|1667597232\n|move|p1a: Dialga|Dragon Pulse|p2a: Garchomp\n|-supereffective|p2a: Garchomp\n|-damage|p2a: Garchomp|0 fnt\n|faint|p2a: Garchomp\n|\n|upkeep\n|\n|t:|1667597235\n|switch|p2a: Giratina|Giratina-Origin|100\/100\n|turn|15\n|\n|t:|1667597236\n|move|p2a: Giratina|Shadow Sneak|p1a: Dialga\n|-resisted|p1a: Dialga\n|-damage|p1a: Dialga|64\/100\n|move|p1a: Dialga|Dragon Pulse|p2a: Giratina\n|-supereffective|p2a: Giratina\n|-damage|p2a: Giratina|0 fnt\n|faint|p2a: Giratina\n|\n|upkeep\n|c|\u2606ihammerhead23|im curious\n|c|\u2606Raph369|yes?\n|c|\u2606ihammerhead23|why the fuck mewpass\n|c|\u2606ihammerhead23|ruins a fun tier\n|-message|ihammerhead23 forfeited.\n|\n|win|Raph369\n|n|\u2606Raph369|raph369\n|n|\u2606ihammerhead23|ihammerhead23\n|n| TheDivaDollHerself|thedivadollherself\n","uploadtime":1667597261,"views":11,"p1id":"raph369","p2id":"ihammerhead23","formatid":"gen4ubers","rating":0,"private":0,"password":null}