{"id":"gen4ubers-1653751614","p1":"Lasen","p2":"alvar03","format":"gen4ubers","log":"|j|\u2606Lasen\n|j|\u2606alvar03\n|t:|1662059673\n|gametype|singles\n|player|p1|Lasen|steven-masters|\n|player|p2|alvar03|alder|\n|teamsize|p1|6\n|teamsize|p2|6\n|gen|4\n|tier|[Gen 4] Ubers\n|rated|Tournament battle\n|rule|Sleep Clause Mod: Limit one foe put to sleep\n|rule|Species Clause: Limit one of each Pok\u00e9mon\n|rule|OHKO Clause: OHKO moves are banned\n|rule|Evasion Items Clause: Evasion items are banned\n|rule|Evasion Moves Clause: Evasion moves are banned\n|rule|Endless Battle Clause: Forcing endless battles is banned\n|rule|HP Percentage Mod: HP is shown in percentages\n|\n|t:|1662059673\n|start\n|switch|p1a: Deoxys|Deoxys-Attack|100\/100\n|switch|p2a: Hariyama|Hariyama, M|100\/100\n|-ability|p1a: Deoxys|Pressure\n|turn|1\n|inactive|Battle timer is ON: inactive players will automatically lose when time's up. (requested by Lasen)\n|c|\u2606Lasen|hf\n|c|\u2606alvar03|hf\n|\n|t:|1662059701\n|switch|p1a: Giratina|Giratina-Origin|100\/100\n|move|p2a: Hariyama|Fake Out|p1a: Giratina\n|-immune|p1a: Giratina\n|\n|-status|p2a: Hariyama|tox|[from] item: Toxic Orb\n|upkeep\n|turn|2\n|\n|t:|1662059705\n|move|p1a: Giratina|Draco Meteor|p2a: Hariyama\n|-damage|p2a: Hariyama|34\/100 tox\n|-unboost|p1a: Giratina|spa|2\n|move|p2a: Hariyama|Payback|p1a: Giratina\n|-supereffective|p1a: Giratina\n|-crit|p1a: Giratina\n|-damage|p1a: Giratina|0 fnt\n|faint|p1a: Giratina\n|\n|-damage|p2a: Hariyama|28\/100 tox|[from] psn\n|upkeep\n|\n|t:|1662059711\n|switch|p1a: Deoxys|Deoxys-Attack|100\/100\n|-ability|p1a: Deoxys|Pressure\n|turn|3\n|j| LeBarBURR2\n|\n|t:|1662059716\n|switch|p2a: Bronzong|Bronzong|100\/100\n|move|p1a: Deoxys|Stealth Rock|p2a: Bronzong\n|-sidestart|p2: alvar03|move: Stealth Rock\n|\n|upkeep\n|turn|4\n|\n|t:|1662059727\n|move|p1a: Deoxys|Hidden Power|p2a: Bronzong\n|-supereffective|p2a: Bronzong\n|-crit|p2a: Bronzong\n|-damage|p2a: Bronzong|9\/100\n|move|p2a: Bronzong|Stealth Rock|p1a: Deoxys\n|-sidestart|p1: Lasen|move: Stealth Rock\n|\n|-heal|p2a: Bronzong|16\/100|[from] item: Leftovers\n|upkeep\n|turn|5\n|\n|t:|1662059736\n|move|p2a: Bronzong|Protect|p2a: Bronzong\n|-singleturn|p2a: Bronzong|Protect\n|move|p1a: Deoxys|Hidden Power|p2a: Bronzong\n|-activate|p2a: Bronzong|Protect\n|\n|-heal|p2a: Bronzong|22\/100|[from] item: Leftovers\n|upkeep\n|turn|6\n|\n|t:|1662059745\n|move|p1a: Deoxys|Hidden Power|p2a: Bronzong\n|-supereffective|p2a: Bronzong\n|-crit|p2a: Bronzong\n|-damage|p2a: Bronzong|0 fnt\n|faint|p2a: Bronzong\n|\n|upkeep\n|\n|t:|1662059748\n|switch|p2a: Hariyama|Hariyama, M|28\/100 tox\n|-damage|p2a: Hariyama|22\/100 tox|[from] Stealth Rock\n|turn|7\n|\n|t:|1662059777\n|switch|p1a: Jirachi|Jirachi|100\/100\n|-damage|p1a: Jirachi|94\/100|[from] Stealth Rock\n|move|p2a: Hariyama|Fake Out|p1a: Jirachi\n|-resisted|p1a: Jirachi\n|-damage|p1a: Jirachi|85\/100\n|\n|-heal|p1a: Jirachi|91\/100|[from] item: Leftovers\n|-damage|p2a: Hariyama|16\/100 tox|[from] psn\n|upkeep\n|turn|8\n|\n|t:|1662059782\n|move|p2a: Hariyama|Bullet Punch|p1a: Jirachi\n|-resisted|p1a: Jirachi\n|-damage|p1a: Jirachi|82\/100\n|move|p1a: Jirachi|U-turn|p2a: Hariyama\n|-resisted|p2a: Hariyama\n|-damage|p2a: Hariyama|6\/100 tox\n|c|\u2606alvar03|damn\n|inactive|Lasen has 120 seconds left.\n|inactive|Lasen has 90 seconds left.\n|\n|t:|1662059835\n|switch|p1a: Deoxys|Deoxys-Attack|100\/100|[from]move: U-turn\n|-damage|p1a: Deoxys|88\/100|[from] Stealth Rock\n|-ability|p1a: Deoxys|Pressure\n|\n|-damage|p2a: Hariyama|0 fnt|[from] psn\n|faint|p2a: Hariyama\n|upkeep\n|\n|t:|1662059842\n|switch|p2a: Garchomp|Garchomp, M|100\/100\n|-damage|p2a: Garchomp|94\/100|[from] Stealth Rock\n|turn|9\n|\n|t:|1662059847\n|move|p2a: Garchomp|Earthquake|p1a: Deoxys\n|-damage|p1a: Deoxys|0 fnt\n|faint|p1a: Deoxys\n|\n|upkeep\n|\n|t:|1662059855\n|switch|p1a: Kyogre|Kyogre|100\/100\n|-damage|p1a: Kyogre|88\/100|[from] Stealth Rock\n|-weather|RainDance|[from] ability: Drizzle|[of] p1a: Kyogre\n|turn|10\n|\n|t:|1662059864\n|move|p2a: Garchomp|Earthquake|p1a: Kyogre\n|-damage|p1a: Kyogre|33\/100\n|move|p1a: Kyogre|Ice Beam|p2a: Garchomp\n|-supereffective|p2a: Garchomp\n|-damage|p2a: Garchomp|0 fnt\n|faint|p2a: Garchomp\n|\n|-weather|RainDance|[upkeep]\n|upkeep\n|\n|t:|1662059871\n|switch|p2a: Palkia|Palkia|100\/100\n|-damage|p2a: Palkia|88\/100|[from] Stealth Rock\n|-ability|p2a: Palkia|Pressure\n|turn|11\n|\n|t:|1662059882\n|move|p2a: Palkia|Thunder|p1a: Kyogre\n|-supereffective|p1a: Kyogre\n|-damage|p1a: Kyogre|0 fnt\n|faint|p1a: Kyogre\n|\n|-weather|RainDance|[upkeep]\n|upkeep\n|\n|t:|1662059883\n|switch|p1a: Palkia|Palkia|100\/100\n|-damage|p1a: Palkia|88\/100|[from] Stealth Rock\n|-ability|p1a: Palkia|Pressure\n|turn|12\n|\n|t:|1662059886\n|move|p1a: Palkia|Spacial Rend|p2a: Palkia\n|-supereffective|p2a: Palkia\n|-damage|p2a: Palkia|0 fnt\n|faint|p2a: Palkia\n|\n|-weather|RainDance|[upkeep]\n|upkeep\n|\n|t:|1662059898\n|switch|p2a: Qwilfish|Qwilfish, M|100\/100\n|-damage|p2a: Qwilfish|88\/100|[from] Stealth Rock\n|turn|13\n|\n|t:|1662059905\n|move|p2a: Qwilfish|Swords Dance|p2a: Qwilfish\n|-boost|p2a: Qwilfish|atk|2\n|move|p1a: Palkia|Spacial Rend|p2a: Qwilfish\n|-damage|p2a: Qwilfish|0 fnt\n|faint|p2a: Qwilfish\n|\n|-weather|RainDance|[upkeep]\n|upkeep\n|\n|t:|1662059908\n|switch|p2a: Kyogre|Kyogre|100\/100\n|-damage|p2a: Kyogre|88\/100|[from] Stealth Rock\n|turn|14\n|\n|t:|1662059912\n|move|p1a: Palkia|Spacial Rend|p2a: Kyogre\n|-damage|p2a: Kyogre|44\/100\n|move|p2a: Kyogre|Thunder|p1a: Palkia\n|-damage|p1a: Palkia|45\/100\n|\n|-weather|RainDance|[upkeep]\n|-heal|p2a: Kyogre|50\/100|[from] item: Leftovers\n|upkeep\n|turn|15\n|\n|t:|1662059916\n|move|p1a: Palkia|Spacial Rend|p2a: Kyogre\n|-damage|p2a: Kyogre|5\/100\n|move|p2a: Kyogre|Thunder|p1a: Palkia\n|-crit|p1a: Palkia\n|-damage|p1a: Palkia|0 fnt\n|faint|p1a: Palkia\n|\n|-weather|RainDance|[upkeep]\n|-heal|p2a: Kyogre|11\/100|[from] item: Leftovers\n|upkeep\n|\n|t:|1662059921\n|switch|p1a: Manaphy|Manaphy|100\/100\n|-damage|p1a: Manaphy|88\/100|[from] Stealth Rock\n|turn|16\n|\n|t:|1662059924\n|move|p1a: Manaphy|Surf|p2a: Kyogre\n|-resisted|p2a: Kyogre\n|-damage|p2a: Kyogre|0 fnt\n|faint|p2a: Kyogre\n|\n|win|Lasen\n|n|\u2606Lasen|lasen\n|n|\u2606alvar03|alvar03\n|n| LeBarBURR2|lebarburr2\n","uploadtime":1662059926,"views":18,"p1id":"lasen","p2id":"alvar03","formatid":"gen4ubers","rating":0,"private":0,"password":null}