{"id":"gen4zu-1669371953","p1":"ayevon","p2":"Ho3nConfirm3d","format":"gen4zu","log":"|j|\u2606ayevon\n|j|\u2606Ho3nConfirm3d\n|t:|1663720802\n|gametype|singles\n|player|p1|ayevon|265|\n|player|p2|Ho3nConfirm3d|#scl2foxes|\n|teamsize|p1|6\n|teamsize|p2|6\n|gen|4\n|tier|[Gen 4] ZU\n|rated|Tournament battle\n|rule|Sleep Clause Mod: Limit one foe put to sleep\n|rule|Species Clause: Limit one of each Pok\u00e9mon\n|rule|OHKO Clause: OHKO moves are banned\n|rule|Evasion Items Clause: Evasion items are banned\n|rule|Evasion Moves Clause: Evasion moves are banned\n|rule|Endless Battle Clause: Forcing endless battles is banned\n|rule|HP Percentage Mod: HP is shown in percentages\n|rule|Baton Pass Clause: Limit one Baton Passer, can't pass Spe and other stats simultaneously\n|\n|t:|1663720802\n|start\n|switch|p1a: Lairon|Lairon, F|100\/100\n|switch|p2a: Meditite|Meditite, M|100\/100\n|turn|1\n|inactive|Battle timer is ON: inactive players will automatically lose when time's up. (requested by ayevon)\n|c|\u2606ayevon|hf\n|\n|t:|1663720817\n|switch|p1a: Golbat|Golbat, F|100\/100\n|move|p2a: Meditite|Drain Punch|p1a: Golbat\n|-resisted|p1a: Golbat\n|-damage|p1a: Golbat|92\/100\n|\n|-heal|p1a: Golbat|98\/100|[from] item: Black Sludge\n|upkeep\n|turn|2\n|\n|t:|1663720823\n|move|p1a: Golbat|Brave Bird|p2a: Meditite\n|-supereffective|p2a: Meditite\n|-damage|p2a: Meditite|1\/100\n|-damage|p1a: Golbat|80\/100|[from] Recoil\n|-enditem|p2a: Meditite|Focus Sash\n|move|p2a: Meditite|Zen Headbutt|p1a: Golbat|[miss]\n|-miss|p2a: Meditite|p1a: Golbat\n|\n|-heal|p1a: Golbat|86\/100|[from] item: Black Sludge\n|upkeep\n|turn|3\n|\n|t:|1663720827\n|switch|p2a: Lairon|Lairon, M|100\/100\n|move|p1a: Golbat|Brave Bird|p2a: Lairon\n|-resisted|p2a: Lairon\n|-damage|p2a: Lairon|92\/100\n|-damage|p1a: Golbat|84\/100|[from] Recoil\n|\n|-heal|p1a: Golbat|90\/100|[from] item: Black Sludge\n|upkeep\n|turn|4\n|\n|t:|1663720837\n|move|p1a: Golbat|Taunt|p2a: Lairon\n|-start|p2a: Lairon|move: Taunt\n|cant|p2a: Lairon|move: Taunt|Stealth Rock\n|\n|-heal|p1a: Golbat|96\/100|[from] item: Black Sludge\n|upkeep\n|turn|5\n|\n|t:|1663720841\n|switch|p1a: Grotle|Grotle, F|100\/100\n|move|p2a: Lairon|Head Smash|p1a: Grotle\n|-damage|p1a: Grotle|27\/100\n|-damage|p2a: Lairon|82\/100|[from] item: Life Orb\n|\n|-heal|p1a: Grotle|34\/100|[from] item: Leftovers\n|upkeep\n|turn|6\n|\n|t:|1663720846\n|move|p2a: Lairon|Head Smash|p1a: Grotle|[miss]\n|-miss|p2a: Lairon|p1a: Grotle\n|move|p1a: Grotle|Stealth Rock|p2a: Lairon\n|-sidestart|p2: Ho3nConfirm3d|move: Stealth Rock\n|\n|-heal|p1a: Grotle|40\/100|[from] item: Leftovers\n|upkeep\n|turn|7\n|\n|t:|1663720850\n|move|p2a: Lairon|Head Smash|p1a: Grotle\n|-damage|p1a: Grotle|0 fnt\n|faint|p1a: Grotle\n|-damage|p2a: Lairon|72\/100|[from] item: Life Orb\n|\n|-end|p2a: Lairon|move: Taunt\n|upkeep\n|\n|t:|1663720854\n|switch|p1a: Quilava|Quilava, M|100\/100\n|turn|8\n|\n|t:|1663720859\n|switch|p2a: Meditite|Meditite, M|1\/100\n|-damage|p2a: Meditite|0 fnt|[from] Stealth Rock\n|faint|p2a: Meditite\n|move|p1a: Quilava|Eruption|p2: Meditite|[notarget]\n|-notarget|p1a: Quilava\n|\n|upkeep\n|\n|t:|1663720861\n|switch|p2a: Wartortle|Wartortle, F|100\/100\n|-damage|p2a: Wartortle|88\/100|[from] Stealth Rock\n|turn|9\n|\n|t:|1663720863\n|move|p1a: Quilava|Eruption|p2a: Wartortle\n|-resisted|p2a: Wartortle\n|-damage|p2a: Wartortle|38\/100\n|move|p2a: Wartortle|Rapid Spin|p1a: Quilava\n|-damage|p1a: Quilava|95\/100\n|-sideend|p2: Ho3nConfirm3d|Stealth Rock|[from] move: Rapid Spin|[of] p2a: Wartortle\n|\n|-heal|p2a: Wartortle|44\/100|[from] item: Leftovers\n|upkeep\n|turn|10\n|\n|t:|1663720868\n|move|p1a: Quilava|Eruption|p2a: Wartortle\n|-resisted|p2a: Wartortle\n|-damage|p2a: Wartortle|0 fnt\n|faint|p2a: Wartortle\n|\n|upkeep\n|\n|t:|1663720870\n|switch|p2a: Persian|Persian, F|100\/100\n|turn|11\n|j| Serving Suggestion\n|\n|t:|1663720873\n|switch|p1a: Lairon|Lairon, F|100\/100\n|move|p2a: Persian|Hidden Power|p1a: Lairon\n|-supereffective|p1a: Lairon\n|-damage|p1a: Lairon|0 fnt\n|faint|p1a: Lairon\n|\n|upkeep\n|\n|t:|1663720883\n|switch|p1a: Walrein|Walrein, F|100\/100\n|turn|12\n|\n|t:|1663720887\n|move|p2a: Persian|U-turn|p1a: Walrein\n|-damage|p1a: Walrein|85\/100\n|\n|t:|1663720888\n|switch|p2a: Beedrill|Beedrill, F|100\/100|[from]move: U-turn\n|move|p1a: Walrein|Surf|p2a: Beedrill\n|-damage|p2a: Beedrill|73\/100\n|\n|-heal|p2a: Beedrill|79\/100|[from] item: Black Sludge\n|-heal|p1a: Walrein|91\/100|[from] item: Leftovers\n|upkeep\n|turn|13\n|\n|t:|1663720897\n|switch|p1a: Quilava|Quilava, M|95\/100\n|move|p2a: Beedrill|U-turn|p1a: Quilava\n|-resisted|p1a: Quilava\n|-damage|p1a: Quilava|73\/100\n|\n|t:|1663720899\n|switch|p2a: Persian|Persian, F|100\/100|[from]move: U-turn\n|\n|upkeep\n|turn|14\n|\n|t:|1663720903\n|switch|p1a: Golbat|Golbat, F|96\/100\n|move|p2a: Persian|Return|p1a: Golbat\n|-damage|p1a: Golbat|47\/100\n|\n|-heal|p1a: Golbat|53\/100|[from] item: Black Sludge\n|upkeep\n|turn|15\n|\n|t:|1663720907\n|move|p2a: Persian|U-turn|p1a: Golbat\n|-resisted|p1a: Golbat\n|-damage|p1a: Golbat|49\/100\n|\n|t:|1663720908\n|switch|p2a: Lairon|Lairon, M|72\/100|[from]move: U-turn\n|move|p1a: Golbat|Roost|p1a: Golbat\n|-heal|p1a: Golbat|99\/100\n|-singleturn|p1a: Golbat|move: Roost\n|\n|-heal|p1a: Golbat|100\/100|[from] item: Black Sludge\n|upkeep\n|turn|16\n|\n|t:|1663720911\n|switch|p1a: Staryu|Staryu|100\/100\n|move|p2a: Lairon|Head Smash|p1a: Staryu\n|-damage|p1a: Staryu|0 fnt\n|faint|p1a: Staryu\n|-damage|p2a: Lairon|62\/100|[from] item: Life Orb\n|\n|upkeep\n|\n|t:|1663720913\n|switch|p1a: Quilava|Quilava, M|73\/100\n|turn|17\n|\n|t:|1663720929\n|switch|p2a: Beedrill|Beedrill, F|79\/100\n|move|p1a: Quilava|Eruption|p2a: Beedrill\n|-supereffective|p2a: Beedrill\n|-damage|p2a: Beedrill|0 fnt\n|faint|p2a: Beedrill\n|\n|upkeep\n|\n|t:|1663720930\n|switch|p2a: Persian|Persian, F|100\/100\n|turn|18\n|\n|t:|1663720932\n|switch|p1a: Golbat|Golbat, F|100\/100\n|move|p2a: Persian|Return|p1a: Golbat\n|-damage|p1a: Golbat|54\/100\n|\n|-heal|p1a: Golbat|60\/100|[from] item: Black Sludge\n|upkeep\n|turn|19\n|\n|t:|1663720935\n|switch|p1a: Quilava|Quilava, M|73\/100\n|move|p2a: Persian|U-turn|p1a: Quilava\n|-resisted|p1a: Quilava\n|-damage|p1a: Quilava|54\/100\n|\n|t:|1663720937\n|switch|p2a: Banette|Banette, F|100\/100|[from]move: U-turn\n|\n|upkeep\n|turn|20\n|j| bp (\u30c4)\n|\n|t:|1663720943\n|move|p2a: Banette|Sucker Punch|p1a: Quilava\n|-damage|p1a: Quilava|0 fnt\n|faint|p1a: Quilava\n|-damage|p2a: Banette|91\/100|[from] item: Life Orb\n|\n|upkeep\n|c|\u2606ayevon|f\n|j| Misterioussaint\n|\n|t:|1663720957\n|switch|p1a: Golbat|Golbat, F|60\/100\n|turn|21\n|l| Misterioussaint\n|\n|t:|1663720960\n|switch|p1a: Walrein|Walrein, F|91\/100\n|switch|p2a: Lairon|Lairon, M|62\/100\n|\n|-heal|p1a: Walrein|97\/100|[from] item: Leftovers\n|upkeep\n|turn|22\n|\n|t:|1663720962\n|switch|p2a: Persian|Persian, F|100\/100\n|move|p1a: Walrein|Surf|p2a: Persian\n|-damage|p2a: Persian|37\/100\n|\n|-heal|p1a: Walrein|100\/100|[from] item: Leftovers\n|upkeep\n|turn|23\n|\n|t:|1663720966\n|move|p2a: Persian|Fake Out|p1a: Walrein\n|-damage|p1a: Walrein|74\/100\n|cant|p1a: Walrein|flinch\n|\n|-heal|p1a: Walrein|80\/100|[from] item: Leftovers\n|upkeep\n|turn|24\n|\n|t:|1663720969\n|move|p2a: Persian|Return|p1a: Walrein\n|-damage|p1a: Walrein|36\/100\n|move|p1a: Walrein|Surf|p2a: Persian\n|-damage|p2a: Persian|0 fnt\n|faint|p2a: Persian\n|\n|-heal|p1a: Walrein|42\/100|[from] item: Leftovers\n|upkeep\n|\n|t:|1663720972\n|switch|p2a: Banette|Banette, F|91\/100\n|turn|25\n|\n|t:|1663720975\n|move|p2a: Banette|Shadow Ball|p1a: Walrein\n|-damage|p1a: Walrein|18\/100\n|-damage|p2a: Banette|81\/100|[from] item: Life Orb\n|move|p1a: Walrein|Rest|p1a: Walrein\n|-status|p1a: Walrein|slp|[from] move: Rest\n|-heal|p1a: Walrein|100\/100 slp|[silent]\n|\n|upkeep\n|turn|26\n|\n|t:|1663720982\n|switch|p2a: Lairon|Lairon, M|62\/100\n|cant|p1a: Walrein|slp\n|move|p1a: Walrein|Sleep Talk|p1a: Walrein\n|move|p1a: Walrein|Hidden Power|p2a: Lairon|[from]move: Sleep Talk\n|-damage|p2a: Lairon|23\/100\n|\n|upkeep\n|turn|27\n|\n|t:|1663720999\n|move|p2a: Lairon|Head Smash|p1a: Walrein\n|-supereffective|p1a: Walrein\n|-damage|p1a: Walrein|0 fnt\n|faint|p1a: Walrein\n|-damage|p2a: Lairon|14\/100|[from] item: Life Orb\n|\n|upkeep\n|\n|t:|1663721001\n|switch|p1a: Golbat|Golbat, F|60\/100\n|turn|28\n|\n|t:|1663721005\n|move|p1a: Golbat|Roost|p1a: Golbat\n|-heal|p1a: Golbat|100\/100\n|-singleturn|p1a: Golbat|move: Roost\n|move|p2a: Lairon|Earthquake|p1a: Golbat\n|-supereffective|p1a: Golbat\n|-damage|p1a: Golbat|30\/100\n|-damage|p2a: Lairon|4\/100|[from] item: Life Orb\n|\n|-heal|p1a: Golbat|37\/100|[from] item: Black Sludge\n|upkeep\n|turn|29\n|c| bp (\u30c4)|oml\n|\n|t:|1663721012\n|move|p1a: Golbat|Brave Bird|p2a: Lairon\n|-resisted|p2a: Lairon\n|-damage|p2a: Lairon|0 fnt\n|faint|p2a: Lairon\n|-damage|p1a: Golbat|36\/100|[from] Recoil\n|\n|-heal|p1a: Golbat|42\/100|[from] item: Black Sludge\n|upkeep\n|\n|t:|1663721015\n|switch|p2a: Banette|Banette, F|81\/100\n|turn|30\n|\n|t:|1663721018\n|move|p1a: Golbat|Roost|p1a: Golbat\n|-heal|p1a: Golbat|92\/100\n|-singleturn|p1a: Golbat|move: Roost\n|move|p2a: Banette|Shadow Ball|p1a: Golbat\n|-damage|p1a: Golbat|48\/100\n|-damage|p2a: Banette|72\/100|[from] item: Life Orb\n|\n|-heal|p1a: Golbat|54\/100|[from] item: Black Sludge\n|upkeep\n|turn|31\n|\n|t:|1663721021\n|move|p1a: Golbat|Roost|p1a: Golbat\n|-heal|p1a: Golbat|100\/100\n|-singleturn|p1a: Golbat|move: Roost\n|move|p2a: Banette|Shadow Ball|p1a: Golbat\n|-damage|p1a: Golbat|56\/100\n|-damage|p2a: Banette|62\/100|[from] item: Life Orb\n|\n|-heal|p1a: Golbat|62\/100|[from] item: Black Sludge\n|upkeep\n|turn|32\n|\n|t:|1663721026\n|move|p1a: Golbat|Roost|p1a: Golbat\n|-heal|p1a: Golbat|100\/100\n|-singleturn|p1a: Golbat|move: Roost\n|move|p2a: Banette|Shadow Ball|p1a: Golbat\n|-damage|p1a: Golbat|51\/100\n|-damage|p2a: Banette|52\/100|[from] item: Life Orb\n|\n|-heal|p1a: Golbat|58\/100|[from] item: Black Sludge\n|upkeep\n|turn|33\n|\n|t:|1663721029\n|move|p1a: Golbat|Roost|p1a: Golbat\n|-heal|p1a: Golbat|100\/100\n|-singleturn|p1a: Golbat|move: Roost\n|move|p2a: Banette|Shadow Ball|p1a: Golbat\n|-damage|p1a: Golbat|53\/100\n|-damage|p2a: Banette|43\/100|[from] item: Life Orb\n|\n|-heal|p1a: Golbat|59\/100|[from] item: Black Sludge\n|upkeep\n|turn|34\n|j| joey milktank\n|\n|t:|1663721031\n|move|p1a: Golbat|Roost|p1a: Golbat\n|-heal|p1a: Golbat|100\/100\n|-singleturn|p1a: Golbat|move: Roost\n|move|p2a: Banette|Shadow Ball|p1a: Golbat\n|-damage|p1a: Golbat|54\/100\n|-unboost|p1a: Golbat|spd|1\n|-damage|p2a: Banette|33\/100|[from] item: Life Orb\n|\n|-heal|p1a: Golbat|60\/100|[from] item: Black Sludge\n|upkeep\n|turn|35\n|\n|t:|1663721034\n|move|p2a: Banette|Sucker Punch|p1a: Golbat\n|-damage|p1a: Golbat|27\/100\n|-damage|p2a: Banette|23\/100|[from] item: Life Orb\n|move|p1a: Golbat|Brave Bird|p2a: Banette\n|-damage|p2a: Banette|0 fnt\n|faint|p2a: Banette\n|-damage|p1a: Golbat|22\/100|[from] Recoil\n|\n|win|ayevon\n|n|\u2606ayevon|ayevon\n|n|\u2606Ho3nConfirm3d|ho3nconfirm3d\n|n| Serving Suggestion|servingsuggestion\n|n| bp (\u30c4)|bp\n|n| joey milktank|joeymilktank\n","uploadtime":1663721035,"views":5,"p1id":"ayevon","p2id":"ho3nconfirm3d","formatid":"gen4zu","rating":0,"private":0,"password":null}