{"id":"gen4zu-1673044651","p1":"ayevon","p2":"BeatsBlack","format":"gen4zu","log":"|j|\u2606ayevon\n|j|\u2606BeatsBlack\n|t:|1664423982\n|gametype|singles\n|player|p1|ayevon|265|\n|player|p2|BeatsBlack|skyla-masters2|\n|teamsize|p1|6\n|teamsize|p2|6\n|gen|4\n|tier|[Gen 4] ZU\n|rated|Tournament battle\n|rule|Sleep Clause Mod: Limit one foe put to sleep\n|rule|Species Clause: Limit one of each Pok\u00e9mon\n|rule|OHKO Clause: OHKO moves are banned\n|rule|Evasion Items Clause: Evasion items are banned\n|rule|Evasion Moves Clause: Evasion moves are banned\n|rule|Endless Battle Clause: Forcing endless battles is banned\n|rule|HP Percentage Mod: HP is shown in percentages\n|rule|Baton Pass Clause: Limit one Baton Passer, can't pass Spe and other stats simultaneously\n|\n|t:|1664423982\n|start\n|switch|p1a: Lairon|Lairon, M|100\/100\n|switch|p2a: Bibarel|Bibarel, F|100\/100\n|turn|1\n|inactive|Battle timer is ON: inactive players will automatically lose when time's up. (requested by ayevon)\n|\n|t:|1664423994\n|move|p2a: Bibarel|Taunt|p1a: Lairon\n|-start|p1a: Lairon|move: Taunt\n|move|p1a: Lairon|Head Smash|p2a: Bibarel\n|-damage|p2a: Bibarel|0 fnt\n|-enditem|p2a: Bibarel|Jaboca Berry|[eat]\n|-damage|p1a: Lairon|88\/100|[from] item: Jaboca Berry|[of] p2a: Bibarel\n|faint|p2a: Bibarel\n|\n|upkeep\n|\n|t:|1664423998\n|switch|p2a: Whiscash|Whiscash, M|100\/100\n|turn|2\n|\n|t:|1664424002\n|switch|p1a: Grotle|Grotle, F|100\/100\n|move|p2a: Whiscash|Dragon Dance|p2a: Whiscash\n|-boost|p2a: Whiscash|atk|1\n|-boost|p2a: Whiscash|spe|1\n|\n|upkeep\n|turn|3\n|\n|t:|1664424005\n|switch|p2a: Combusken|Combusken, F|100\/100\n|move|p1a: Grotle|Stealth Rock|p2a: Combusken\n|-sidestart|p2: BeatsBlack|move: Stealth Rock\n|\n|upkeep\n|turn|4\n|\n|t:|1664424010\n|switch|p1a: Golbat|Golbat, F|100\/100\n|move|p2a: Combusken|Agility|p2a: Combusken\n|-boost|p2a: Combusken|spe|2\n|\n|upkeep\n|turn|5\n|\n|t:|1664424019\n|move|p2a: Combusken|Fire Blast|p1a: Golbat\n|-damage|p1a: Golbat|23\/100\n|-damage|p2a: Combusken|91\/100|[from] item: Life Orb\n|move|p1a: Golbat|Brave Bird|p2a: Combusken\n|-supereffective|p2a: Combusken\n|-damage|p2a: Combusken|0 fnt\n|faint|p2a: Combusken\n|-damage|p1a: Golbat|1\/100|[from] Recoil\n|\n|-heal|p1a: Golbat|7\/100|[from] item: Black Sludge\n|upkeep\n|\n|t:|1664424026\n|switch|p2a: Girafarig|Girafarig, F|100\/100\n|-damage|p2a: Girafarig|88\/100|[from] Stealth Rock\n|turn|6\n|\n|t:|1664424031\n|switch|p1a: Lairon|Lairon, M|88\/100\n|move|p2a: Girafarig|Psychic|p1a: Lairon\n|-resisted|p1a: Lairon\n|-damage|p1a: Lairon|47\/100\n|\n|upkeep\n|turn|7\n|\n|t:|1664424039\n|switch|p2a: Whiscash|Whiscash, M|100\/100\n|-damage|p2a: Whiscash|94\/100|[from] Stealth Rock\n|move|p1a: Lairon|Head Smash|p2a: Whiscash\n|-resisted|p2a: Whiscash\n|-damage|p2a: Whiscash|36\/100\n|\n|upkeep\n|turn|8\n|j|+skrimps\n|\n|t:|1664424045\n|switch|p1a: Grotle|Grotle, F|100\/100\n|move|p2a: Whiscash|Earthquake|p1a: Grotle\n|-resisted|p1a: Grotle\n|-damage|p1a: Grotle|81\/100\n|\n|-heal|p1a: Grotle|87\/100|[from] item: Leftovers\n|upkeep\n|turn|9\n|\n|t:|1664424050\n|move|p2a: Whiscash|Stone Edge|p1a: Grotle\n|-damage|p1a: Grotle|63\/100\n|move|p1a: Grotle|Seed Bomb|p2a: Whiscash\n|-supereffective|p2a: Whiscash\n|-enditem|p2a: Whiscash|Rindo Berry|[eat]\n|-enditem|p2a: Whiscash|Rindo Berry|[weaken]\n|-damage|p2a: Whiscash|0 fnt\n|faint|p2a: Whiscash\n|\n|-heal|p1a: Grotle|69\/100|[from] item: Leftovers\n|upkeep\n|\n|t:|1664424053\n|switch|p2a: Girafarig|Girafarig, F|88\/100\n|-damage|p2a: Girafarig|76\/100|[from] Stealth Rock\n|turn|10\n|\n|t:|1664424057\n|move|p2a: Girafarig|Psychic|p1a: Grotle\n|-damage|p1a: Grotle|30\/100\n|move|p1a: Grotle|Toxic|p2a: Girafarig\n|-status|p2a: Girafarig|tox\n|\n|-damage|p2a: Girafarig|70\/100 tox|[from] psn\n|-heal|p1a: Grotle|36\/100|[from] item: Leftovers\n|upkeep\n|turn|11\n|\n|t:|1664424063\n|switch|p1a: Golbat|Golbat, F|7\/100\n|move|p2a: Girafarig|Psychic|p1a: Golbat\n|-supereffective|p1a: Golbat\n|-damage|p1a: Golbat|0 fnt\n|faint|p1a: Golbat\n|\n|-damage|p2a: Girafarig|57\/100 tox|[from] psn\n|upkeep\n|\n|t:|1664424070\n|switch|p1a: Whiscash|Whiscash, F|100\/100\n|-ability|p1a: Whiscash|Anticipation\n|turn|12\n|\n|t:|1664424077\n|move|p2a: Girafarig|Psychic|p1a: Whiscash\n|-damage|p1a: Whiscash|59\/100\n|move|p1a: Whiscash|Dragon Dance|p1a: Whiscash\n|-boost|p1a: Whiscash|atk|1\n|-boost|p1a: Whiscash|spe|1\n|\n|-damage|p2a: Girafarig|39\/100 tox|[from] psn\n|upkeep\n|turn|13\n|\n|t:|1664424080\n|move|p2a: Girafarig|Psychic|p1a: Whiscash\n|-damage|p1a: Whiscash|9\/100\n|-enditem|p1a: Whiscash|Sitrus Berry|[eat]\n|-heal|p1a: Whiscash|34\/100|[from] item: Sitrus Berry\n|move|p1a: Whiscash|Dragon Dance|p1a: Whiscash\n|-boost|p1a: Whiscash|atk|1\n|-boost|p1a: Whiscash|spe|1\n|\n|-damage|p2a: Girafarig|15\/100 tox|[from] psn\n|upkeep\n|turn|14\n|\n|t:|1664424084\n|move|p1a: Whiscash|Earthquake|p2a: Girafarig\n|-damage|p2a: Girafarig|0 fnt\n|faint|p2a: Girafarig\n|\n|upkeep\n|c|\u2606BeatsBlack|o\n|c|\u2606BeatsBlack|im the 36 defense one\n|c|\u2606BeatsBlack|gg\n|\n|t:|1664424110\n|switch|p2a: Luxray|Luxray, F|100\/100\n|-damage|p2a: Luxray|88\/100|[from] Stealth Rock\n|-ability|p2a: Luxray|Intimidate|boost\n|-unboost|p1a: Whiscash|atk|1\n|turn|15\n|\n|t:|1664424113\n|move|p1a: Whiscash|Earthquake|p2a: Luxray\n|-supereffective|p2a: Luxray\n|-damage|p2a: Luxray|0 fnt\n|faint|p2a: Luxray\n|\n|upkeep\n|\n|t:|1664424115\n|switch|p2a: Crawdaunt|Crawdaunt, M|100\/100\n|-damage|p2a: Crawdaunt|88\/100|[from] Stealth Rock\n|turn|16\n|\n|t:|1664424118\n|move|p1a: Whiscash|Earthquake|p2a: Crawdaunt\n|-damage|p2a: Crawdaunt|0 fnt\n|faint|p2a: Crawdaunt\n|\n|win|ayevon\n|n|\u2606ayevon|ayevon\n|n|\u2606BeatsBlack|beatsblack\n|n| skrimps|skrimps\n","uploadtime":1664424119,"views":3,"p1id":"ayevon","p2id":"beatsblack","formatid":"gen4zu","rating":0,"private":0,"password":null}