{"id":"gen4randombattle-1128404377","p1":"Hajmola","p2":"cmdjtdv","format":"gen4randombattle","log":"|j|\u2606Hajmola\n|j|\u203dcmdjtdv\n|player|p1|Hajmola|bugcatcher|1163\n|player|p2|cmdjtdv|102|1101\n|teamsize|p1|6\n|teamsize|p2|6\n|gametype|singles\n|gen|4\n|tier|[Gen 4] Random Battle\n|rated|\n|rule|Sleep Clause Mod: Limit one foe put to sleep\n|rule|HP Percentage Mod: HP is shown in percentages\n|\n|start\n|switch|p1a: Delcatty|Delcatty, L83, M|252\/252\n|switch|p2a: Cradily|Cradily, L83, M|278\/278\n|turn|1\n|inactive|Battle timer is ON: inactive players will automatically lose when time's up. (requested by cmdjtdv)\n|\n|move|p1a: Delcatty|Thunder Wave|p2a: Cradily\n|-status|p2a: Cradily|par\n|move|p2a: Cradily|Stealth Rock|p1a: Delcatty\n|-sidestart|p1: Hajmola|move: Stealth Rock\n|\n|upkeep\n|turn|2\n|inactive|Hajmola has 120 seconds left.\n|\n|switch|p1a: Absol|Absol, L79, F|232\/232\n|-damage|p1a: Absol|203\/232|[from] Stealth Rock\n|move|p2a: Cradily|Seed Bomb|p1a: Absol\n|-damage|p1a: Absol|98\/232\n|\n|upkeep\n|turn|3\n|\n|move|p1a: Absol|Swords Dance|p1a: Absol\n|-boost|p1a: Absol|atk|2\n|move|p2a: Cradily|Seed Bomb|p1a: Absol\n|-damage|p1a: Absol|0 fnt\n|faint|p1a: Absol\n|\n|upkeep\n|\n|switch|p1a: Delcatty|Delcatty, L83, M|252\/252\n|-damage|p1a: Delcatty|221\/252|[from] Stealth Rock\n|turn|4\n|\n|move|p1a: Delcatty|Return|p2a: Cradily\n|-resisted|p2a: Cradily\n|-damage|p2a: Cradily|241\/278 par\n|cant|p2a: Cradily|par\n|\n|-heal|p2a: Cradily|258\/278 par|[from] item: Leftovers\n|upkeep\n|turn|5\n|\n|move|p1a: Delcatty|Return|p2a: Cradily\n|-resisted|p2a: Cradily\n|-damage|p2a: Cradily|219\/278 par\n|move|p2a: Cradily|Seed Bomb|p1a: Delcatty\n|-damage|p1a: Delcatty|133\/252\n|\n|-heal|p2a: Cradily|236\/278 par|[from] item: Leftovers\n|upkeep\n|turn|6\n|\n|move|p1a: Delcatty|Return|p2a: Cradily\n|-resisted|p2a: Cradily\n|-damage|p2a: Cradily|197\/278 par\n|move|p2a: Cradily|Seed Bomb|p1a: Delcatty\n|-damage|p1a: Delcatty|46\/252\n|\n|-heal|p2a: Cradily|214\/278 par|[from] item: Leftovers\n|upkeep\n|turn|7\n|\n|switch|p1a: Rapidash|Rapidash, L83, F|243\/243\n|-damage|p1a: Rapidash|183\/243|[from] Stealth Rock\n|move|p2a: Cradily|Seed Bomb|p1a: Rapidash\n|-resisted|p1a: Rapidash\n|-damage|p1a: Rapidash|139\/243\n|\n|-heal|p1a: Rapidash|154\/243|[from] item: Leftovers\n|-heal|p2a: Cradily|231\/278 par|[from] item: Leftovers\n|upkeep\n|turn|8\n|\n|move|p1a: Rapidash|Flare Blitz|p2a: Cradily\n|-damage|p2a: Cradily|102\/278 par\n|-damage|p1a: Rapidash|111\/243|[from] Recoil\n|move|p2a: Cradily|Rock Slide|p1a: Rapidash\n|-supereffective|p1a: Rapidash\n|-damage|p1a: Rapidash|0 fnt\n|faint|p1a: Rapidash\n|\n|-heal|p2a: Cradily|119\/278 par|[from] item: Leftovers\n|upkeep\n|\n|switch|p1a: Scyther|Scyther, L79, F|239\/239\n|-damage|p1a: Scyther|120\/239|[from] Stealth Rock\n|turn|9\n|\n|move|p1a: Scyther|Aerial Ace|p2a: Cradily\n|-damage|p2a: Cradily|0 fnt\n|faint|p2a: Cradily\n|\n|upkeep\n|\n|switch|p2a: Spiritomb|Spiritomb, L79, M|209\/209\n|-ability|p2a: Spiritomb|Pressure\n|turn|10\n|\n|move|p1a: Scyther|Aerial Ace|p2a: Spiritomb\n|-damage|p2a: Spiritomb|77\/209\n|move|p2a: Spiritomb|Will-O-Wisp|p1a: Scyther\n|-status|p1a: Scyther|brn\n|\n|-heal|p2a: Spiritomb|90\/209|[from] item: Leftovers\n|-damage|p1a: Scyther|91\/239 brn|[from] brn\n|upkeep\n|turn|11\n|inactive|Hajmola has 120 seconds left.\n|\n|move|p1a: Scyther|Aerial Ace|p2a: Spiritomb\n|-damage|p2a: Spiritomb|27\/209\n|move|p2a: Spiritomb|Dark Pulse|p1a: Scyther\n|-damage|p1a: Scyther|15\/239 brn\n|\n|-heal|p2a: Spiritomb|40\/209|[from] item: Leftovers\n|-damage|p1a: Scyther|0 fnt|[from] brn\n|faint|p1a: Scyther\n|upkeep\n|\n|switch|p1a: Shedinja|Shedinja, L83|1\/1\n|-damage|p1a: Shedinja|0 fnt|[from] Stealth Rock\n|faint|p1a: Shedinja\n|\n|switch|p1a: Delcatty|Delcatty, L83, M|46\/252\n|-damage|p1a: Delcatty|15\/252|[from] Stealth Rock\n|turn|12\n|\n|move|p1a: Delcatty|Heal Bell|p1a: Delcatty\n|-activate|p1a: Delcatty|move: Heal Bell\n|move|p2a: Spiritomb|Hidden Power|p1a: Delcatty\n|-supereffective|p1a: Delcatty\n|-damage|p1a: Delcatty|0 fnt\n|faint|p1a: Delcatty\n|\n|-heal|p2a: Spiritomb|53\/209|[from] item: Leftovers\n|upkeep\n|\n|switch|p1a: Ho-Oh|Ho-Oh, L71|267\/267\n|-damage|p1a: Ho-Oh|134\/267|[from] Stealth Rock\n|-ability|p1a: Ho-Oh|Pressure\n|turn|13\n|\n|move|p1a: Ho-Oh|Sacred Fire|p2a: Spiritomb\n|-damage|p2a: Spiritomb|0 fnt\n|faint|p2a: Spiritomb\n|\n|-heal|p1a: Ho-Oh|150\/267|[from] item: Leftovers\n|upkeep\n|\n|switch|p2a: Chimecho|Chimecho, L83, F|244\/244\n|turn|14\n|\n|move|p1a: Ho-Oh|Sacred Fire|p2a: Chimecho\n|-damage|p2a: Chimecho|130\/244\n|-status|p2a: Chimecho|brn\n|move|p2a: Chimecho|Thunder Wave|p1a: Ho-Oh\n|-status|p1a: Ho-Oh|par\n|\n|-heal|p2a: Chimecho|145\/244 brn|[from] item: Leftovers\n|-heal|p1a: Ho-Oh|166\/267 par|[from] item: Leftovers\n|-damage|p2a: Chimecho|115\/244 brn|[from] brn\n|upkeep\n|turn|15\n|inactive|Hajmola has 120 seconds left.\n|\n|move|p2a: Chimecho|Psychic|p1a: Ho-Oh\n|-damage|p1a: Ho-Oh|102\/267 par\n|move|p1a: Ho-Oh|Brave Bird|p2a: Chimecho\n|-damage|p2a: Chimecho|0 fnt\n|-damage|p1a: Ho-Oh|64\/267 par|[from] Recoil\n|faint|p2a: Chimecho\n|\n|-heal|p1a: Ho-Oh|80\/267 par|[from] item: Leftovers\n|upkeep\n|\n|switch|p2a: Porygon2|Porygon2, L83|277\/277\n|-ability|p2a: Porygon2|Download|boost\n|-boost|p2a: Porygon2|atk|1\n|turn|16\n|inactive|Hajmola has 120 seconds left.\n|\n|move|p2a: Porygon2|Discharge|p1a: Ho-Oh\n|-supereffective|p1a: Ho-Oh\n|-damage|p1a: Ho-Oh|0 fnt\n|faint|p1a: Ho-Oh\n|\n|win|cmdjtdv\n","inputlog":">version c9c7f6a747c4fa4bb90ab0817471f3f1098ea029\n>start {\"formatid\":\"gen4randombattle\",\"seed\":[28336,43817,51315,12216],\"rated\":\"Rated battle\"}\n>player p1 {\"name\":\"Hajmola\",\"avatar\":\"bugcatcher\",\"team\":\"\",\"rating\":1163,\"seed\":[12689,50317,3574,49502]}\n>player p2 {\"name\":\"cmdjtdv\",\"avatar\":\"102\",\"team\":\"\",\"rating\":1101,\"seed\":[50026,51988,20456,6266]}\n>p1 move thunderwave\n>p2 move stealthrock\n>p1 switch 3\n>p2 move seedbomb\n>p1 move swordsdance\n>p2 move seedbomb\n>p1 switch 3\n>p1 move return\n>p2 move seedbomb\n>p1 move return\n>p2 move seedbomb\n>p1 move return\n>p2 move seedbomb\n>p1 switch 2\n>p2 move seedbomb\n>p1 move flareblitz\n>p2 move rockslide\n>p1 switch 4\n>p1 move aerialace\n>p2 move rockslide\n>p2 switch 5\n>p1 move aerialace\n>p2 move willowisp\n>p1 move aerialace\n>p2 move darkpulse\n>p1 switch 6\n>p1 switch 2\n>p1 move healbell\n>p2 move hiddenpower\n>p1 switch 5\n>p1 move sacredfire\n>p2 move darkpulse\n>p2 switch 6\n>p1 move sacredfire\n>p2 move thunderwave\n>p1 move bravebird\n>p2 move psychic\n>p2 switch 3\n>p1 move bravebird\n>p2 move discharge","uploadtime":1591528306,"views":0,"p1id":"hajmola","p2id":"cmdjtdv","formatid":"gen4randombattle","rating":0,"private":0,"password":null}