{"id":"gen4ou-1453807616","p1":"i know im horrible","p2":"The TurtleLord","format":"gen4ou","log":"|j|\u2606i know im horrible\n|j|\u2606The TurtleLord\n|t:|1636887511\n|gametype|singles\n|player|p1|i know im horrible|1|\n|player|p2|The TurtleLord|ash|\n|teamsize|p1|6\n|teamsize|p2|6\n|gen|4\n|tier|[Gen 4] OU\n|rated|Tournament battle\n|rule|Sleep Clause Mod: Limit one foe put to sleep\n|rule|Species Clause: Limit one of each Pok\u00e9mon\n|rule|OHKO Clause: OHKO moves are banned\n|rule|Evasion Moves Clause: Evasion moves are banned\n|rule|Endless Battle Clause: Forcing endless battles is banned\n|rule|HP Percentage Mod: HP is shown in percentages\n|\n|t:|1636887511\n|start\n|switch|p1a: Infernape|Infernape, F|100\/100\n|switch|p2a: Jirachi|Jirachi|100\/100\n|turn|1\n|j| BB-8-NU\n|j| Vextal\n|c|\u2606i know im horrible|gl hf\n|j| Ecruteak Trail\n|c|\u2606The TurtleLord|you too\n|\n|t:|1636887530\n|switch|p2a: Latias|Latias, F|100\/100\n|move|p1a: Infernape|Fake Out|p2a: Latias\n|-damage|p2a: Latias|85\/100\n|\n|upkeep\n|turn|2\n|\n|t:|1636887535\n|switch|p1a: Scizor|Scizor, F|100\/100\n|move|p2a: Latias|Trick|p1a: Scizor\n|-activate|p2a: Latias|move: Trick|[of] p1a: Scizor\n|-item|p1a: Scizor|Choice Scarf|[from] move: Trick\n|-item|p2a: Latias|Choice Band|[from] move: Trick\n|\n|upkeep\n|turn|3\n|\n|t:|1636887541\n|-activate|p2a: Latias|move: Pursuit\n|move|p1a: Scizor|Pursuit|p2a: Latias|[from]Pursuit\n|-supereffective|p2a: Latias\n|-damage|p2a: Latias|12\/100\n|switch|p2a: Skarmory|Skarmory, M|100\/100\n|\n|upkeep\n|turn|4\n|\n|t:|1636887549\n|switch|p1a: Infernape|Infernape, F|100\/100\n|move|p2a: Skarmory|Brave Bird|p1a: Infernape\n|-supereffective|p1a: Infernape\n|-damage|p1a: Infernape|1\/100\n|-damage|p2a: Skarmory|71\/100|[from] Recoil\n|-enditem|p1a: Infernape|Focus Sash\n|\n|-heal|p2a: Skarmory|77\/100|[from] item: Leftovers\n|upkeep\n|turn|5\n|\n|t:|1636887554\n|switch|p2a: Tyranitar|Tyranitar, M|100\/100\n|-weather|Sandstorm|[from] ability: Sand Stream|[of] p2a: Tyranitar\n|move|p1a: Infernape|Stealth Rock|p2a: Tyranitar\n|-sidestart|p2: The TurtleLord|move: Stealth Rock\n|\n|-weather|Sandstorm|[upkeep]\n|-damage|p1a: Infernape|0 fnt|[from] Sandstorm\n|faint|p1a: Infernape\n|upkeep\n|\n|t:|1636887562\n|switch|p1a: Scizor|Scizor, F|100\/100\n|turn|6\n|\n|t:|1636887568\n|switch|p2a: Latias|Latias, F|12\/100\n|-damage|p2a: Latias|0 fnt|[from] Stealth Rock\n|faint|p2a: Latias\n|move|p1a: Scizor|U-turn|p2: Latias|[notarget]\n|-notarget|p1a: Scizor\n|\n|-weather|Sandstorm|[upkeep]\n|upkeep\n|\n|t:|1636887584\n|switch|p2a: Skarmory|Skarmory, M|77\/100\n|-damage|p2a: Skarmory|65\/100|[from] Stealth Rock\n|turn|7\n|\n|t:|1636887588\n|switch|p1a: Zapdos|Zapdos|100\/100\n|-ability|p1a: Zapdos|Pressure\n|move|p2a: Skarmory|Spikes|p1a: Zapdos\n|-sidestart|p1: i know im horrible|Spikes\n|\n|-weather|Sandstorm|[upkeep]\n|-damage|p1a: Zapdos|94\/100|[from] Sandstorm\n|-heal|p1a: Zapdos|100\/100|[from] item: Leftovers\n|-heal|p2a: Skarmory|71\/100|[from] item: Leftovers\n|upkeep\n|turn|8\n|\n|t:|1636887601\n|switch|p2a: Breloom|Breloom, M|100\/100\n|-damage|p2a: Breloom|94\/100|[from] Stealth Rock\n|move|p1a: Zapdos|Thunderbolt|p2a: Breloom\n|-resisted|p2a: Breloom\n|-damage|p2a: Breloom|48\/100\n|\n|-weather|Sandstorm|[upkeep]\n|-damage|p1a: Zapdos|94\/100|[from] Sandstorm\n|-damage|p2a: Breloom|42\/100|[from] Sandstorm\n|-heal|p1a: Zapdos|100\/100|[from] item: Leftovers\n|-status|p2a: Breloom|tox|[from] item: Toxic Orb\n|upkeep\n|turn|9\n|\n|t:|1636887608\n|move|p1a: Zapdos|Thunderbolt|p2a: Breloom\n|-resisted|p2a: Breloom\n|-damage|p2a: Breloom|0 fnt\n|faint|p2a: Breloom\n|\n|-weather|Sandstorm|[upkeep]\n|-damage|p1a: Zapdos|94\/100|[from] Sandstorm\n|-heal|p1a: Zapdos|100\/100|[from] item: Leftovers\n|upkeep\n|\n|t:|1636887612\n|switch|p2a: Tyranitar|Tyranitar, M|100\/100\n|-damage|p2a: Tyranitar|88\/100|[from] Stealth Rock\n|turn|10\n|\n|t:|1636887615\n|switch|p1a: Scizor|Scizor, F|100\/100\n|-damage|p1a: Scizor|88\/100|[from] Spikes\n|move|p2a: Tyranitar|Stone Edge|p1a: Scizor\n|-damage|p1a: Scizor|37\/100\n|\n|-weather|Sandstorm|[upkeep]\n|upkeep\n|turn|11\n|\n|t:|1636887621\n|switch|p2a: Skarmory|Skarmory, M|71\/100\n|-damage|p2a: Skarmory|59\/100|[from] Stealth Rock\n|move|p1a: Scizor|Bullet Punch|p2a: Skarmory\n|-resisted|p2a: Skarmory\n|-damage|p2a: Skarmory|48\/100\n|\n|-weather|Sandstorm|[upkeep]\n|-heal|p2a: Skarmory|54\/100|[from] item: Leftovers\n|upkeep\n|turn|12\n|\n|t:|1636887628\n|switch|p1a: Zapdos|Zapdos|100\/100\n|-ability|p1a: Zapdos|Pressure\n|move|p2a: Skarmory|Roost|p2a: Skarmory\n|-heal|p2a: Skarmory|100\/100\n|-singleturn|p2a: Skarmory|move: Roost\n|\n|-weather|Sandstorm|[upkeep]\n|-damage|p1a: Zapdos|94\/100|[from] Sandstorm\n|-heal|p1a: Zapdos|100\/100|[from] item: Leftovers\n|upkeep\n|turn|13\n|\n|t:|1636887630\n|switch|p2a: Tyranitar|Tyranitar, M|88\/100\n|-damage|p2a: Tyranitar|76\/100|[from] Stealth Rock\n|move|p1a: Zapdos|Thunderbolt|p2a: Tyranitar\n|-damage|p2a: Tyranitar|45\/100\n|\n|-weather|Sandstorm|[upkeep]\n|-damage|p1a: Zapdos|94\/100|[from] Sandstorm\n|-heal|p1a: Zapdos|100\/100|[from] item: Leftovers\n|upkeep\n|turn|14\n|\n|t:|1636887639\n|switch|p1a: Scizor|Scizor, F|37\/100\n|-damage|p1a: Scizor|24\/100|[from] Spikes\n|move|p2a: Tyranitar|Stone Edge|p1a: Scizor\n|-damage|p1a: Scizor|0 fnt\n|faint|p1a: Scizor\n|\n|-weather|Sandstorm|[upkeep]\n|upkeep\n|\n|t:|1636887650\n|switch|p1a: Flygon|Flygon, M|100\/100\n|turn|15\n|\n|t:|1636887663\n|switch|p2a: Skarmory|Skarmory, M|100\/100\n|-damage|p2a: Skarmory|88\/100|[from] Stealth Rock\n|move|p1a: Flygon|U-turn|p2a: Skarmory\n|-resisted|p2a: Skarmory\n|-damage|p2a: Skarmory|85\/100\n|\n|t:|1636887674\n|switch|p1a: Zapdos|Zapdos|100\/100|[from]move: U-turn\n|-ability|p1a: Zapdos|Pressure\n|\n|-weather|Sandstorm|[upkeep]\n|-damage|p1a: Zapdos|94\/100|[from] Sandstorm\n|-heal|p1a: Zapdos|100\/100|[from] item: Leftovers\n|-heal|p2a: Skarmory|91\/100|[from] item: Leftovers\n|upkeep\n|turn|16\n|j| R3lax'n\n|\n|t:|1636887691\n|switch|p2a: Tyranitar|Tyranitar, M|45\/100\n|-damage|p2a: Tyranitar|32\/100|[from] Stealth Rock\n|move|p1a: Zapdos|Thunderbolt|p2a: Tyranitar\n|-damage|p2a: Tyranitar|1\/100\n|\n|-weather|Sandstorm|[upkeep]\n|-damage|p1a: Zapdos|94\/100|[from] Sandstorm\n|-heal|p1a: Zapdos|100\/100|[from] item: Leftovers\n|upkeep\n|turn|17\n|\n|t:|1636887703\n|move|p1a: Zapdos|Thunderbolt|p2a: Tyranitar\n|-damage|p2a: Tyranitar|0 fnt\n|faint|p2a: Tyranitar\n|\n|-weather|Sandstorm|[upkeep]\n|-damage|p1a: Zapdos|94\/100|[from] Sandstorm\n|-heal|p1a: Zapdos|100\/100|[from] item: Leftovers\n|upkeep\n|\n|t:|1636887714\n|switch|p2a: Jirachi|Jirachi|100\/100\n|-damage|p2a: Jirachi|94\/100|[from] Stealth Rock\n|turn|18\n|\n|t:|1636887726\n|move|p1a: Zapdos|Heat Wave|p2a: Jirachi\n|-supereffective|p2a: Jirachi\n|-damage|p2a: Jirachi|38\/100\n|-status|p2a: Jirachi|brn\n|move|p2a: Jirachi|Stealth Rock|p1a: Zapdos\n|-sidestart|p1: i know im horrible|move: Stealth Rock\n|\n|-weather|Sandstorm|[upkeep]\n|-damage|p1a: Zapdos|94\/100|[from] Sandstorm\n|-heal|p1a: Zapdos|100\/100|[from] item: Leftovers\n|-heal|p2a: Jirachi|44\/100 brn|[from] item: Leftovers\n|-damage|p2a: Jirachi|32\/100 brn|[from] brn\n|upkeep\n|turn|19\n|\n|t:|1636887730\n|move|p1a: Zapdos|Heat Wave|p2a: Jirachi\n|-supereffective|p2a: Jirachi\n|-damage|p2a: Jirachi|0 fnt\n|faint|p2a: Jirachi\n|\n|-weather|Sandstorm|[upkeep]\n|-damage|p1a: Zapdos|94\/100|[from] Sandstorm\n|-heal|p1a: Zapdos|100\/100|[from] item: Leftovers\n|upkeep\n|\n|t:|1636887732\n|switch|p2a: Skarmory|Skarmory, M|91\/100\n|-damage|p2a: Skarmory|79\/100|[from] Stealth Rock\n|turn|20\n|\n|t:|1636887735\n|move|p1a: Zapdos|Thunderbolt|p2a: Skarmory\n|-supereffective|p2a: Skarmory\n|-damage|p2a: Skarmory|0 fnt\n|faint|p2a: Skarmory\n|\n|-weather|Sandstorm|[upkeep]\n|-damage|p1a: Zapdos|94\/100|[from] Sandstorm\n|-heal|p1a: Zapdos|100\/100|[from] item: Leftovers\n|upkeep\n|\n|t:|1636887738\n|switch|p2a: Suicune|Suicune|100\/100\n|-damage|p2a: Suicune|88\/100|[from] Stealth Rock\n|-ability|p2a: Suicune|Pressure\n|turn|21\n|\n|t:|1636887744\n|move|p1a: Zapdos|Thunderbolt|p2a: Suicune\n|-supereffective|p2a: Suicune\n|-damage|p2a: Suicune|15\/100\n|move|p2a: Suicune|Surf|p1a: Zapdos\n|-damage|p1a: Zapdos|69\/100\n|\n|-weather|Sandstorm|[upkeep]\n|-damage|p1a: Zapdos|63\/100|[from] Sandstorm\n|-damage|p2a: Suicune|9\/100|[from] Sandstorm\n|-heal|p1a: Zapdos|69\/100|[from] item: Leftovers\n|-heal|p2a: Suicune|15\/100|[from] item: Leftovers\n|upkeep\n|turn|22\n|c|\u2606The TurtleLord|gg\n|\n|t:|1636887751\n|move|p1a: Zapdos|Thunderbolt|p2a: Suicune\n|-supereffective|p2a: Suicune\n|-damage|p2a: Suicune|0 fnt\n|faint|p2a: Suicune\n|\n|win|i know im horrible\n|n|\u2606i know im horrible|iknowimhorrible\n|n|\u2606The TurtleLord|theturtlelord\n|n| BB-8-NU|bb8nu\n|n| Vextal|vextal\n|n| Ecruteak Trail|ecruteaktrail\n|n| R3lax'n|r3laxn\n|l|\u2606The TurtleLord\n|l| BB-8-NU\n|c|\u2606i know im horrible|gg\n|l| Ecruteak Trail\n","uploadtime":1636887752,"views":20,"p1id":"iknowimhorrible","p2id":"theturtlelord","formatid":"gen4ou","rating":0,"private":0,"password":null}