{"id":"gen4ou-1629777615","p1":"Sharow \u6c34\u4e0a","p2":"winter lanterns","format":"gen4ou","log":"|j|\u2606Sharow \u6c34\u4e0a\n|j|\u2606winter lanterns\n|t:|1659347704\n|gametype|singles\n|player|p1|Sharow \u6c34\u4e0a|smasher|\n|player|p2|winter lanterns|1|\n|teamsize|p1|6\n|teamsize|p2|6\n|gen|4\n|tier|[Gen 4] OU\n|rule|Sleep Clause Mod: Limit one foe put to sleep\n|rule|Species Clause: Limit one of each Pok\u00e9mon\n|rule|OHKO Clause: OHKO moves are banned\n|rule|Evasion Moves Clause: Evasion moves are banned\n|rule|Endless Battle Clause: Forcing endless battles is banned\n|rule|HP Percentage Mod: HP is shown in percentages\n|rule|Freeze Clause Mod: Limit one foe frozen\n|\n|t:|1659347704\n|start\n|switch|p1a: Metagross|Metagross|100\/100\n|switch|p2a: Bronzong|Bronzong|100\/100\n|turn|1\n|\n|t:|1659347711\n|move|p1a: Metagross|Stealth Rock|p2a: Bronzong\n|-sidestart|p2: winter lanterns|move: Stealth Rock\n|move|p2a: Bronzong|Stealth Rock|p1a: Metagross\n|-sidestart|p1: Sharow \u6c34\u4e0a|move: Stealth Rock\n|\n|upkeep\n|turn|2\n|\n|t:|1659347720\n|move|p1a: Metagross|Explosion|p2a: Bronzong\n|-resisted|p2a: Bronzong\n|-damage|p2a: Bronzong|6\/100\n|faint|p1a: Metagross\n|move|p2a: Bronzong|Earthquake|p1: Metagross|[notarget]\n|-notarget|p2a: Bronzong\n|\n|upkeep\n|\n|t:|1659347725\n|switch|p1a: Flygon|Flygon, M|100\/100\n|-damage|p1a: Flygon|95\/100|[from] Stealth Rock\n|turn|3\n|\n|t:|1659347728\n|move|p1a: Flygon|U-turn|p2a: Bronzong\n|-damage|p2a: Bronzong|0 fnt\n|faint|p2a: Bronzong\n|\n|t:|1659347740\n|switch|p1a: Breloom|Breloom, M|100\/100|[from]move: U-turn\n|-damage|p1a: Breloom|94\/100|[from] Stealth Rock\n|\n|-status|p1a: Breloom|tox|[from] item: Toxic Orb\n|upkeep\n|\n|t:|1659347747\n|switch|p2a: Kingdra|Kingdra, F|100\/100\n|-damage|p2a: Kingdra|88\/100|[from] Stealth Rock\n|turn|4\n|\n|t:|1659347771\n|switch|p1a: Tyranitar|Tyranitar, F|100\/100\n|-damage|p1a: Tyranitar|88\/100|[from] Stealth Rock\n|-weather|Sandstorm|[from] ability: Sand Stream|[of] p1a: Tyranitar\n|move|p2a: Kingdra|Dragon Pulse|p1a: Tyranitar\n|-damage|p1a: Tyranitar|55\/100\n|\n|-weather|Sandstorm|[upkeep]\n|-damage|p2a: Kingdra|82\/100|[from] Sandstorm\n|upkeep\n|turn|5\n|\n|t:|1659347780\n|move|p2a: Kingdra|Dragon Pulse|p1a: Tyranitar\n|-damage|p1a: Tyranitar|20\/100\n|move|p1a: Tyranitar|Crunch|p2a: Kingdra\n|-damage|p2a: Kingdra|24\/100\n|\n|-weather|Sandstorm|[upkeep]\n|-damage|p2a: Kingdra|18\/100|[from] Sandstorm\n|upkeep\n|turn|6\n|\n|t:|1659347796\n|-enditem|p1a: Tyranitar|Custap Berry|[eat]\n|-message|Custap Berry activated.\n|move|p1a: Tyranitar|Crunch|p2a: Kingdra\n|-damage|p2a: Kingdra|0 fnt\n|faint|p2a: Kingdra\n|\n|-weather|Sandstorm|[upkeep]\n|upkeep\n|\n|t:|1659347801\n|switch|p2a: Flygon|Flygon, M|100\/100\n|-damage|p2a: Flygon|95\/100|[from] Stealth Rock\n|turn|7\n|\n|t:|1659347806\n|move|p2a: Flygon|U-turn|p1a: Tyranitar\n|-supereffective|p1a: Tyranitar\n|-damage|p1a: Tyranitar|0 fnt\n|faint|p1a: Tyranitar\n|\n|t:|1659347808\n|switch|p2a: Gengar|Gengar, F|100\/100|[from]move: U-turn\n|-damage|p2a: Gengar|88\/100|[from] Stealth Rock\n|\n|-weather|Sandstorm|[upkeep]\n|-damage|p2a: Gengar|82\/100|[from] Sandstorm\n|upkeep\n|\n|t:|1659347815\n|switch|p1a: Latias|Latias, F|100\/100\n|-damage|p1a: Latias|88\/100|[from] Stealth Rock\n|turn|8\n|\n|t:|1659347819\n|move|p1a: Latias|Draco Meteor|p2a: Gengar\n|-damage|p2a: Gengar|0 fnt\n|-unboost|p1a: Latias|spa|2\n|faint|p2a: Gengar\n|\n|-weather|Sandstorm|[upkeep]\n|-damage|p1a: Latias|82\/100|[from] Sandstorm\n|upkeep\n|\n|t:|1659347820\n|switch|p2a: Lucario|Lucario, F|100\/100\n|-damage|p2a: Lucario|98\/100|[from] Stealth Rock\n|turn|9\n|\n|t:|1659347834\n|switch|p1a: Flygon|Flygon, M|95\/100\n|-damage|p1a: Flygon|89\/100|[from] Stealth Rock\n|move|p2a: Lucario|Swords Dance|p2a: Lucario\n|-boost|p2a: Lucario|atk|2\n|\n|-weather|Sandstorm|[upkeep]\n|upkeep\n|turn|10\n|\n|t:|1659347837\n|move|p2a: Lucario|Extreme Speed|p1a: Flygon\n|-damage|p1a: Flygon|0 fnt\n|faint|p1a: Flygon\n|-damage|p2a: Lucario|88\/100|[from] item: Life Orb\n|\n|-weather|Sandstorm|[upkeep]\n|upkeep\n|\n|t:|1659347840\n|switch|p1a: Latias|Latias, F|82\/100\n|-damage|p1a: Latias|70\/100|[from] Stealth Rock\n|turn|11\n|\n|t:|1659347842\n|move|p2a: Lucario|Extreme Speed|p1a: Latias\n|-crit|p1a: Latias\n|-damage|p1a: Latias|0 fnt\n|faint|p1a: Latias\n|-damage|p2a: Lucario|78\/100|[from] item: Life Orb\n|\n|-weather|Sandstorm|[upkeep]\n|upkeep\n|c|\u2606Sharow \u6c34\u4e0a|ggs\n|-message|Sharow \u6c34\u4e0a forfeited.\n|\n|win|winter lanterns\n|l|\u2606Sharow \u6c34\u4e0a\n|c|\u2606winter lanterns|ggs\n","uploadtime":1659347871,"views":31,"p1id":"sharow","p2id":"winterlanterns","formatid":"gen4ou","rating":0,"private":0,"password":null}