{"id":"gen4randombattle-1193006716","p1":"Chickpiee","p2":"Arpit96","format":"gen4randombattle","log":"|j|\u2606Chickpiee\n|j|\u2606Arpit96\n|t:|1601048270\n|player|p1|Chickpiee|caitlin|\n|player|p2|Arpit96|102|\n|teamsize|p1|6\n|teamsize|p2|6\n|gametype|singles\n|gen|4\n|tier|[Gen 4] Random Battle\n|rated|Tournament battle\n|rule|Sleep Clause Mod: Limit one foe put to sleep\n|rule|HP Percentage Mod: HP is shown in percentages\n|\n|t:|1601048270\n|start\n|switch|p1a: Zapdos|Zapdos, L75|259\/259\n|switch|p2a: Tangrowth|Tangrowth, L79, M|288\/288\n|-ability|p1a: Zapdos|Pressure\n|turn|1\n|inactive|Battle timer is ON: inactive players will automatically lose when time's up. (requested by Chickpiee)\n|j| Sanskriti99\n|c|\u2606Chickpiee|HF\n|c|\u2606Arpit96|u2\n|\n|t:|1601048289\n|switch|p1a: Mawile|Mawile, L83, F|219\/219\n|-ability|p1a: Mawile|Intimidate|boost\n|-unboost|p2a: Tangrowth|atk|1\n|move|p2a: Tangrowth|Sleep Powder|p1a: Mawile\n|-status|p1a: Mawile|slp|[from] move: Sleep Powder\n|\n|upkeep\n|turn|2\n|c|\u2606Arpit96|ah the gen4 bg\n|c|\u2606Chickpiee|I dislike this gen a lot\n|\n|t:|1601048310\n|switch|p2a: Golem|Golem, L83, M|268\/268\n|cant|p1a: Mawile|slp\n|\n|upkeep\n|turn|3\n|c|\u2606Arpit96|haha\n|\n|t:|1601048336\n|switch|p1a: Espeon|Espeon, L81, M|238\/238\n|move|p2a: Golem|Earthquake|p1a: Espeon\n|-damage|p1a: Espeon|16\/238\n|\n|-heal|p1a: Espeon|30\/238|[from] item: Leftovers\n|upkeep\n|turn|4\n|c|\u2606Arpit96|why so\n|\n|t:|1601048343\n|move|p1a: Espeon|Psychic|p2a: Golem\n|-damage|p2a: Golem|138\/268\n|move|p2a: Golem|Earthquake|p1a: Espeon\n|-damage|p1a: Espeon|0 fnt\n|faint|p1a: Espeon\n|\n|upkeep\n|c|\u2606Chickpiee|no reason, just like that\n|\n|t:|1601048352\n|switch|p1a: Zapdos|Zapdos, L75|259\/259\n|-ability|p1a: Zapdos|Pressure\n|turn|5\n|\n|t:|1601048364\n|switch|p2a: Gliscor|Gliscor, L75, M|236\/236\n|move|p1a: Zapdos|Substitute|p1a: Zapdos\n|-start|p1a: Zapdos|Substitute\n|-damage|p1a: Zapdos|195\/259\n|\n|-heal|p1a: Zapdos|211\/259|[from] item: Leftovers\n|upkeep\n|turn|6\n|\n|t:|1601048370\n|move|p1a: Zapdos|Hidden Power|p2a: Gliscor\n|-damage|p2a: Gliscor|171\/236\n|move|p2a: Gliscor|Swords Dance|p2a: Gliscor\n|-boost|p2a: Gliscor|atk|2\n|\n|-heal|p1a: Zapdos|227\/259|[from] item: Leftovers\n|-heal|p2a: Gliscor|185\/236|[from] item: Leftovers\n|upkeep\n|turn|7\n|\n|t:|1601048379\n|switch|p1a: Weavile|Weavile, L75, M|229\/229\n|-ability|p1a: Weavile|Pressure\n|move|p2a: Gliscor|Stone Edge|p1a: Weavile\n|-supereffective|p1a: Weavile\n|-damage|p1a: Weavile|0 fnt\n|faint|p1a: Weavile\n|\n|-heal|p2a: Gliscor|199\/236|[from] item: Leftovers\n|upkeep\n|c|\u2606Arpit96|oops\n|\n|t:|1601048387\n|switch|p1a: Zapdos|Zapdos, L75|227\/259\n|-ability|p1a: Zapdos|Pressure\n|turn|8\n|\n|t:|1601048393\n|move|p1a: Zapdos|Substitute|p1a: Zapdos\n|-start|p1a: Zapdos|Substitute\n|-damage|p1a: Zapdos|163\/259\n|move|p2a: Gliscor|Stone Edge|p1a: Zapdos|[miss]\n|-miss|p2a: Gliscor|p1a: Zapdos\n|\n|-heal|p1a: Zapdos|179\/259|[from] item: Leftovers\n|-heal|p2a: Gliscor|213\/236|[from] item: Leftovers\n|upkeep\n|turn|9\n|\n|t:|1601048400\n|move|p1a: Zapdos|Hidden Power|p2a: Gliscor\n|-damage|p2a: Gliscor|150\/236\n|move|p2a: Gliscor|Stone Edge|p1a: Zapdos\n|-supereffective|p1a: Zapdos\n|-end|p1a: Zapdos|Substitute\n|\n|-heal|p1a: Zapdos|195\/259|[from] item: Leftovers\n|-heal|p2a: Gliscor|164\/236|[from] item: Leftovers\n|upkeep\n|turn|10\n|\n|t:|1601048411\n|switch|p2a: Golem|Golem, L83, M|138\/268\n|move|p1a: Zapdos|Substitute|p1a: Zapdos\n|-start|p1a: Zapdos|Substitute\n|-damage|p1a: Zapdos|131\/259\n|\n|-heal|p1a: Zapdos|147\/259|[from] item: Leftovers\n|upkeep\n|turn|11\n|\n|t:|1601048423\n|move|p1a: Zapdos|Hidden Power|p2a: Golem\n|-supereffective|p2a: Golem\n|-damage|p2a: Golem|0 fnt\n|faint|p2a: Golem\n|\n|-heal|p1a: Zapdos|163\/259|[from] item: Leftovers\n|upkeep\n|\n|t:|1601048438\n|switch|p2a: Hitmonchan|Hitmonchan, L83, M|219\/219\n|turn|12\n|\n|t:|1601048449\n|move|p1a: Zapdos|Thunderbolt|p2a: Hitmonchan\n|-damage|p2a: Hitmonchan|134\/219\n|move|p2a: Hitmonchan|Ice Punch|p1a: Zapdos\n|-supereffective|p1a: Zapdos\n|-end|p1a: Zapdos|Substitute\n|\n|-heal|p1a: Zapdos|179\/259|[from] item: Leftovers\n|-heal|p2a: Hitmonchan|147\/219|[from] item: Leftovers\n|upkeep\n|turn|13\n|\n|t:|1601048462\n|switch|p1a: Camerupt|Camerupt, L83, F|252\/252\n|move|p2a: Hitmonchan|Ice Punch|p1a: Camerupt\n|-damage|p1a: Camerupt|179\/252\n|\n|-heal|p2a: Hitmonchan|160\/219|[from] item: Leftovers\n|upkeep\n|turn|14\n|\n|t:|1601048471\n|move|p2a: Hitmonchan|Bulk Up|p2a: Hitmonchan\n|-boost|p2a: Hitmonchan|atk|1\n|-boost|p2a: Hitmonchan|def|1\n|move|p1a: Camerupt|Fire Blast|p2a: Hitmonchan|[miss]\n|-miss|p1a: Camerupt|p2a: Hitmonchan\n|\n|-heal|p2a: Hitmonchan|173\/219|[from] item: Leftovers\n|upkeep\n|turn|15\n|l| Sanskriti99\n|\n|t:|1601048480\n|move|p2a: Hitmonchan|Close Combat|p1a: Camerupt\n|-damage|p1a: Camerupt|0 fnt\n|-unboost|p2a: Hitmonchan|def|1\n|-unboost|p2a: Hitmonchan|spd|1\n|faint|p1a: Camerupt\n|\n|-heal|p2a: Hitmonchan|186\/219|[from] item: Leftovers\n|upkeep\n|\n|t:|1601048484\n|switch|p1a: Pinsir|Pinsir, L83, F|243\/243\n|-ability|p1a: Pinsir|Mold Breaker\n|turn|16\n|j| Harshal~08\n|\n|t:|1601048496\n|move|p1a: Pinsir|Earthquake|p2a: Hitmonchan\n|-damage|p2a: Hitmonchan|62\/219\n|-damage|p1a: Pinsir|219\/243|[from] item: Life Orb\n|move|p2a: Hitmonchan|Bulk Up|p2a: Hitmonchan\n|-boost|p2a: Hitmonchan|atk|1\n|-boost|p2a: Hitmonchan|def|1\n|\n|-heal|p2a: Hitmonchan|75\/219|[from] item: Leftovers\n|upkeep\n|turn|17\n|j| indeedismom\n|c|\u2606Chickpiee|u r choking\n|\n|t:|1601048506\n|move|p1a: Pinsir|Earthquake|p2a: Hitmonchan\n|-damage|p2a: Hitmonchan|1\/219\n|-damage|p1a: Pinsir|195\/243|[from] item: Life Orb\n|move|p2a: Hitmonchan|Ice Punch|p1a: Pinsir\n|-damage|p1a: Pinsir|67\/243\n|\n|-heal|p2a: Hitmonchan|14\/219|[from] item: Leftovers\n|upkeep\n|turn|18\n|c|\u2606Arpit96|umm\n|c|\u2606Arpit96|zapdos is good\n|\n|t:|1601048527\n|move|p1a: Pinsir|Earthquake|p2a: Hitmonchan\n|-damage|p2a: Hitmonchan|0 fnt\n|-damage|p1a: Pinsir|43\/243|[from] item: Life Orb\n|faint|p2a: Hitmonchan\n|\n|upkeep\n|\n|t:|1601048535\n|switch|p2a: Scizor|Scizor, L75, F|229\/229\n|turn|19\n|j| Sanskriti99\n|\n|t:|1601048544\n|switch|p1a: Zapdos|Zapdos, L75|179\/259\n|-ability|p1a: Zapdos|Pressure\n|move|p2a: Scizor|Bullet Punch|p1a: Zapdos\n|-resisted|p1a: Zapdos\n|-damage|p1a: Zapdos|131\/259\n|-damage|p2a: Scizor|207\/229|[from] item: Life Orb\n|\n|-heal|p1a: Zapdos|147\/259|[from] item: Leftovers\n|upkeep\n|turn|20\n|\n|t:|1601048550\n|move|p1a: Zapdos|Substitute|p1a: Zapdos\n|-start|p1a: Zapdos|Substitute\n|-damage|p1a: Zapdos|83\/259\n|move|p2a: Scizor|Bug Bite|p1a: Zapdos\n|-resisted|p1a: Zapdos\n|-end|p1a: Zapdos|Substitute\n|\n|-heal|p1a: Zapdos|99\/259|[from] item: Leftovers\n|upkeep\n|turn|21\n|\n|t:|1601048564\n|switch|p1a: Mawile|Mawile, L83, F|219\/219 slp\n|-ability|p1a: Mawile|Intimidate|boost\n|-unboost|p2a: Scizor|atk|1\n|switch|p2a: Tangrowth|Tangrowth, L79, M|288\/288\n|\n|upkeep\n|turn|22\n|c| indeedismom|Get it bro\n|c| indeedismom|Agency\n|inactive|Arpit96 has 120 seconds left.\n|inactive|Chickpiee has 120 seconds left.\n|\n|t:|1601048603\n|switch|p1a: Pinsir|Pinsir, L83, F|43\/243\n|-ability|p1a: Pinsir|Mold Breaker\n|move|p2a: Tangrowth|Hidden Power|p1a: Pinsir\n|-supereffective|p1a: Pinsir\n|-damage|p1a: Pinsir|0 fnt\n|faint|p1a: Pinsir\n|\n|upkeep\n|inactive|Chickpiee has 120 seconds left.\n|j| tomoba\n|l| tomoba\n|\n|t:|1601048629\n|switch|p1a: Zapdos|Zapdos, L75|99\/259\n|-ability|p1a: Zapdos|Pressure\n|turn|23\n|inactive|Arpit96 has 120 seconds left.\n|\n|t:|1601048652\n|move|p1a: Zapdos|Roost|p1a: Zapdos\n|-heal|p1a: Zapdos|228\/259\n|-singleturn|p1a: Zapdos|move: Roost\n|move|p2a: Tangrowth|Rock Slide|p1a: Zapdos\n|-damage|p1a: Zapdos|167\/259\n|\n|-heal|p1a: Zapdos|183\/259|[from] item: Leftovers\n|upkeep\n|turn|24\n|\n|t:|1601048672\n|move|p1a: Zapdos|Substitute|p1a: Zapdos\n|-start|p1a: Zapdos|Substitute\n|-damage|p1a: Zapdos|119\/259\n|move|p2a: Tangrowth|Rock Slide|p1a: Zapdos\n|-supereffective|p1a: Zapdos\n|-end|p1a: Zapdos|Substitute\n|\n|-heal|p1a: Zapdos|135\/259|[from] item: Leftovers\n|upkeep\n|turn|25\n|c|\u2606Chickpiee|Looks like i have to stall you\n|c|\u2606Arpit96|got nothing for a flying zapping bird\n|inactive|Arpit96 has 90 seconds left.\n|\n|t:|1601048700\n|move|p1a: Zapdos|Roost|p1a: Zapdos\n|-heal|p1a: Zapdos|259\/259\n|-singleturn|p1a: Zapdos|move: Roost\n|move|p2a: Tangrowth|Rock Slide|p1a: Zapdos\n|-damage|p1a: Zapdos|202\/259\n|\n|-heal|p1a: Zapdos|218\/259|[from] item: Leftovers\n|upkeep\n|turn|26\n|inactive|Chickpiee has 120 seconds left.\n|j| tomoba\n|inactive|Arpit96 has 90 seconds left.\n|c|\u2606Chickpiee|Stall my Speciality\n|inactive|Arpit96 has 60 seconds left.\n|\n|t:|1601048750\n|move|p1a: Zapdos|Substitute|p1a: Zapdos\n|-start|p1a: Zapdos|Substitute\n|-damage|p1a: Zapdos|154\/259\n|move|p2a: Tangrowth|Rock Slide|p1a: Zapdos\n|-supereffective|p1a: Zapdos\n|-end|p1a: Zapdos|Substitute\n|\n|-heal|p1a: Zapdos|170\/259|[from] item: Leftovers\n|upkeep\n|turn|27\n|j| Vishant Joon\n|inactive|Arpit96 has 60 seconds left.\n|\n|t:|1601048760\n|move|p1a: Zapdos|Substitute|p1a: Zapdos\n|-start|p1a: Zapdos|Substitute\n|-damage|p1a: Zapdos|106\/259\n|move|p2a: Tangrowth|Rock Slide|p1a: Zapdos\n|-supereffective|p1a: Zapdos\n|-end|p1a: Zapdos|Substitute\n|\n|-heal|p1a: Zapdos|122\/259|[from] item: Leftovers\n|upkeep\n|turn|28\n|inactive|Arpit96 has 60 seconds left.\n|\n|t:|1601048780\n|move|p1a: Zapdos|Roost|p1a: Zapdos\n|-heal|p1a: Zapdos|251\/259\n|-singleturn|p1a: Zapdos|move: Roost\n|move|p2a: Tangrowth|Power Whip|p1a: Zapdos\n|-damage|p1a: Zapdos|116\/259\n|\n|-heal|p1a: Zapdos|132\/259|[from] item: Leftovers\n|upkeep\n|turn|29\n|inactive|Arpit96 has 60 seconds left.\n|\n|t:|1601048791\n|move|p1a: Zapdos|Roost|p1a: Zapdos\n|-heal|p1a: Zapdos|259\/259\n|-singleturn|p1a: Zapdos|move: Roost\n|move|p2a: Tangrowth|Rock Slide|p1a: Zapdos\n|-damage|p1a: Zapdos|207\/259\n|\n|-heal|p1a: Zapdos|223\/259|[from] item: Leftovers\n|upkeep\n|turn|30\n|l| Vishant Joon\n|inactive|Arpit96 has 60 seconds left.\n|\n|t:|1601048798\n|move|p1a: Zapdos|Thunderbolt|p2a: Tangrowth\n|-resisted|p2a: Tangrowth\n|-damage|p2a: Tangrowth|213\/288\n|move|p2a: Tangrowth|Rock Slide|p1a: Zapdos\n|-supereffective|p1a: Zapdos\n|-damage|p1a: Zapdos|107\/259\n|\n|-heal|p1a: Zapdos|123\/259|[from] item: Leftovers\n|-heal|p2a: Tangrowth|231\/288|[from] item: Leftovers\n|upkeep\n|turn|31\n|inactive|Arpit96 has 60 seconds left.\n|j| Call me pk\n|\n|t:|1601048835\n|move|p1a: Zapdos|Substitute|p1a: Zapdos\n|-start|p1a: Zapdos|Substitute\n|-damage|p1a: Zapdos|59\/259\n|move|p2a: Tangrowth|Power Whip|p1a: Zapdos\n|-resisted|p1a: Zapdos\n|-end|p1a: Zapdos|Substitute\n|\n|-heal|p1a: Zapdos|75\/259|[from] item: Leftovers\n|-heal|p2a: Tangrowth|249\/288|[from] item: Leftovers\n|upkeep\n|turn|32\n|\n|t:|1601048847\n|move|p1a: Zapdos|Roost|p1a: Zapdos\n|-heal|p1a: Zapdos|204\/259\n|-singleturn|p1a: Zapdos|move: Roost\n|move|p2a: Tangrowth|Power Whip|p1a: Zapdos\n|-damage|p1a: Zapdos|66\/259\n|\n|-heal|p1a: Zapdos|82\/259|[from] item: Leftovers\n|-heal|p2a: Tangrowth|267\/288|[from] item: Leftovers\n|upkeep\n|turn|33\n|inactive|Arpit96 has 30 seconds left.\n|\n|t:|1601048863\n|move|p1a: Zapdos|Roost|p1a: Zapdos\n|-heal|p1a: Zapdos|211\/259\n|-singleturn|p1a: Zapdos|move: Roost\n|move|p2a: Tangrowth|Power Whip|p1a: Zapdos|[miss]\n|-miss|p2a: Tangrowth|p1a: Zapdos\n|\n|-heal|p1a: Zapdos|227\/259|[from] item: Leftovers\n|-heal|p2a: Tangrowth|285\/288|[from] item: Leftovers\n|upkeep\n|turn|34\n|l| Sanskriti99\n|\n|t:|1601048870\n|move|p1a: Zapdos|Substitute|p1a: Zapdos\n|-start|p1a: Zapdos|Substitute\n|-damage|p1a: Zapdos|163\/259\n|move|p2a: Tangrowth|Rock Slide|p1a: Zapdos\n|-supereffective|p1a: Zapdos\n|-crit|p1a: Zapdos\n|-end|p1a: Zapdos|Substitute\n|\n|-heal|p1a: Zapdos|179\/259|[from] item: Leftovers\n|-heal|p2a: Tangrowth|288\/288|[from] item: Leftovers\n|upkeep\n|turn|35\n|inactive|Arpit96 has 30 seconds left.\n|j| Sanskriti99\n|l| indeedismom\n|inactive|Arpit96 has 20 seconds left.\n|inactive|Arpit96 has 15 seconds left.\n|\n|t:|1601048901\n|move|p1a: Zapdos|Thunderbolt|p2a: Tangrowth\n|-resisted|p2a: Tangrowth\n|-damage|p2a: Tangrowth|213\/288\n|-status|p2a: Tangrowth|par\n|move|p2a: Tangrowth|Hidden Power|p1a: Zapdos\n|-damage|p1a: Zapdos|123\/259\n|\n|-heal|p1a: Zapdos|139\/259|[from] item: Leftovers\n|-heal|p2a: Tangrowth|231\/288 par|[from] item: Leftovers\n|upkeep\n|turn|36\n|inactive|Arpit96 has 25 seconds left this turn.\n|inactive|Arpit96 has 20 seconds left.\n|inactive|Arpit96 has 15 seconds left.\n|inactive|Arpit96 has 10 seconds left.\n|inactive|Arpit96 has 5 seconds left.\n|\n|t:|1601048924\n|move|p1a: Zapdos|Thunderbolt|p2a: Tangrowth\n|-resisted|p2a: Tangrowth\n|-damage|p2a: Tangrowth|155\/288 par\n|move|p2a: Tangrowth|Hidden Power|p1a: Zapdos\n|-damage|p1a: Zapdos|85\/259\n|\n|-heal|p1a: Zapdos|101\/259|[from] item: Leftovers\n|-heal|p2a: Tangrowth|173\/288 par|[from] item: Leftovers\n|upkeep\n|turn|37\n|inactive|Arpit96 has 15 seconds left this turn.\n|inactive|Arpit96 has 10 seconds left.\n|c| tomoba|Move fast\n|c| tomoba|Faster...\n|c| Call me pk|o.o\n|\n|t:|1601048949\n|move|p1a: Zapdos|Thunderbolt|p2a: Tangrowth\n|-resisted|p2a: Tangrowth\n|-damage|p2a: Tangrowth|96\/288 par\n|move|p2a: Tangrowth|Power Whip|p1a: Zapdos\n|-resisted|p1a: Zapdos\n|-damage|p1a: Zapdos|32\/259\n|\n|-heal|p1a: Zapdos|48\/259|[from] item: Leftovers\n|-heal|p2a: Tangrowth|114\/288 par|[from] item: Leftovers\n|upkeep\n|turn|38\n|inactive|Arpit96 has 20 seconds left this turn.\n|inactive|Arpit96 has 15 seconds left.\n|\n|t:|1601048959\n|move|p1a: Zapdos|Roost|p1a: Zapdos\n|-heal|p1a: Zapdos|177\/259\n|-singleturn|p1a: Zapdos|move: Roost\n|move|p2a: Tangrowth|Power Whip|p1a: Zapdos\n|-damage|p1a: Zapdos|56\/259\n|\n|-heal|p1a: Zapdos|72\/259|[from] item: Leftovers\n|-heal|p2a: Tangrowth|132\/288 par|[from] item: Leftovers\n|upkeep\n|turn|39\n|inactive|Arpit96 has 25 seconds left this turn.\n|inactive|Arpit96 has 20 seconds left.\n|c| tomoba|Move as fast as u can\n|inactive|Arpit96 has 15 seconds left.\n|c| Call me pk|nhi to tomoba gussa ho jayega :(\n|c| tomoba|Lol\n|\n|t:|1601048972\n|move|p1a: Zapdos|Roost|p1a: Zapdos\n|-heal|p1a: Zapdos|201\/259\n|-singleturn|p1a: Zapdos|move: Roost\n|move|p2a: Tangrowth|Hidden Power|p1a: Zapdos\n|-damage|p1a: Zapdos|151\/259\n|\n|-heal|p1a: Zapdos|167\/259|[from] item: Leftovers\n|-heal|p2a: Tangrowth|150\/288 par|[from] item: Leftovers\n|upkeep\n|turn|40\n|inactive|Arpit96 has 25 seconds left this turn.\n|c|\u2606Chickpiee|get lost u hater\n|inactive|Arpit96 has 20 seconds left.\n|\n|t:|1601048982\n|move|p1a: Zapdos|Substitute|p1a: Zapdos\n|-start|p1a: Zapdos|Substitute\n|-damage|p1a: Zapdos|103\/259\n|cant|p2a: Tangrowth|par\n|\n|-heal|p1a: Zapdos|119\/259|[from] item: Leftovers\n|-heal|p2a: Tangrowth|168\/288 par|[from] item: Leftovers\n|upkeep\n|turn|41\n|inactive|Arpit96 has 30 seconds left this turn.\n|c| tomoba|Mai aapka hater nahi hu\n|c| tomoba|Bus meko pasand nahi koi time se haare...\n|inactive|Chickpiee has 120 seconds left.\n|c| tomoba|Chahe koi bhi ho\n|c|\u2606Chickpiee|such a same guys like you exist\n|c|\u2606Chickpiee|jate players who represent your own counter\n|c|\u2606Chickpiee|*country\n|c|\u2606Chickpiee|*hate\n|\n|t:|1601049042\n|move|p1a: Zapdos|Thunderbolt|p2a: Tangrowth\n|-resisted|p2a: Tangrowth\n|-damage|p2a: Tangrowth|93\/288 par\n|move|p2a: Tangrowth|Hidden Power|p1a: Zapdos\n|-activate|p1a: Zapdos|Substitute|[damage]\n|\n|-heal|p1a: Zapdos|135\/259|[from] item: Leftovers\n|-heal|p2a: Tangrowth|111\/288 par|[from] item: Leftovers\n|upkeep\n|turn|42\n|inactive|Arpit96 has 30 seconds left.\n|\n|t:|1601049051\n|move|p1a: Zapdos|Roost|p1a: Zapdos\n|-heal|p1a: Zapdos|259\/259\n|-singleturn|p1a: Zapdos|move: Roost\n|move|p2a: Tangrowth|Hidden Power|p1a: Zapdos\n|-end|p1a: Zapdos|Substitute\n|\n|-heal|p2a: Tangrowth|129\/288 par|[from] item: Leftovers\n|upkeep\n|turn|43\n|inactive|Arpit96 has 30 seconds left.\n|\n|t:|1601049064\n|switch|p2a: Scizor|Scizor, L75, F|207\/229\n|move|p1a: Zapdos|Substitute|p1a: Zapdos\n|-start|p1a: Zapdos|Substitute\n|-damage|p1a: Zapdos|195\/259\n|\n|-heal|p1a: Zapdos|211\/259|[from] item: Leftovers\n|upkeep\n|turn|44\n|c| Call me pk|arpit96 sounds like an indian name to me\n|\n|t:|1601049073\n|move|p1a: Zapdos|Thunderbolt|p2a: Scizor\n|-damage|p2a: Scizor|92\/229\n|move|p2a: Scizor|Pursuit|p1a: Zapdos\n|-end|p1a: Zapdos|Substitute\n|\n|-heal|p1a: Zapdos|227\/259|[from] item: Leftovers\n|upkeep\n|turn|45\n|inactive|Chickpiee has 120 seconds left.\n|c|\u2606Chickpiee|the guy whom i pointed out\n|c|\u2606Chickpiee|understood\n|c| Call me pk|o.o\n|inactive|Arpit96 has 30 seconds left.\n|inactive|Arpit96 has 20 seconds left.\n|c| tomoba|Was that me?\n|c| tomoba|Right?\n|inactive|Arpit96 has 15 seconds left.\n|inactive|Arpit96 has 10 seconds left.\n|c| Sanskriti99|Om shanti!!!\n|inactive|Arpit96 has 5 seconds left.\n|\n|t:|1601049114\n|switch|p2a: Gliscor|Gliscor, L75, M|164\/236\n|move|p1a: Zapdos|Thunderbolt|p2a: Gliscor\n|-immune|p2a: Gliscor\n|\n|-heal|p1a: Zapdos|243\/259|[from] item: Leftovers\n|-heal|p2a: Gliscor|178\/236|[from] item: Leftovers\n|upkeep\n|turn|46\n|inactive|Arpit96 has 15 seconds left this turn.\n|inactive|Chickpiee has 120 seconds left.\n|inactive|Arpit96 has 10 seconds left.\n|inactive|Arpit96 has 5 seconds left.\n|c|\u2606Chickpiee|oof course you idiot\n|\n|t:|1601049137\n|move|p1a: Zapdos|Substitute|p1a: Zapdos\n|-start|p1a: Zapdos|Substitute\n|-damage|p1a: Zapdos|179\/259\n|move|p2a: Gliscor|Swords Dance|p2a: Gliscor\n|-boost|p2a: Gliscor|atk|2\n|\n|-heal|p1a: Zapdos|195\/259|[from] item: Leftovers\n|-heal|p2a: Gliscor|192\/236|[from] item: Leftovers\n|upkeep\n|turn|47\n|inactive|Arpit96 has 15 seconds left this turn.\n|inactive|Arpit96 has 10 seconds left.\n|c|\u2606Chickpiee|even I said to my Squad\n|c|\u2606Chickpiee|that this Tomoba guy was good and might do gogod in tournaments\n|c|\u2606Chickpiee|but after hudging you\n|c|\u2606Chickpiee|I told them\n|inactive|Chickpiee has 90 seconds left.\n|c|\u2606Chickpiee|even If i Die\n|c|\u2606Chickpiee|u wont get in the Teram\n|c|\u2606Chickpiee|*team\n|\n|t:|1601049173\n|move|p1a: Zapdos|Hidden Power|p2a: Gliscor\n|-damage|p2a: Gliscor|131\/236\n|move|p2a: Gliscor|Swords Dance|p2a: Gliscor\n|-boost|p2a: Gliscor|atk|2\n|\n|-heal|p1a: Zapdos|211\/259|[from] item: Leftovers\n|-heal|p2a: Gliscor|145\/236|[from] item: Leftovers\n|upkeep\n|turn|48\n|inactive|Arpit96 has 20 seconds left this turn.\n|inactive|Arpit96 has 15 seconds left.\n|inactive|Arpit96 has 10 seconds left.\n|\n|t:|1601049185\n|move|p1a: Zapdos|Hidden Power|p2a: Gliscor\n|-damage|p2a: Gliscor|80\/236\n|move|p2a: Gliscor|Swords Dance|p2a: Gliscor\n|-boost|p2a: Gliscor|atk|2\n|\n|-heal|p1a: Zapdos|227\/259|[from] item: Leftovers\n|-heal|p2a: Gliscor|94\/236|[from] item: Leftovers\n|upkeep\n|turn|49\n|inactive|Arpit96 has 20 seconds left this turn.\n|inactive|Arpit96 has 15 seconds left.\n|\n|t:|1601049194\n|move|p1a: Zapdos|Hidden Power|p2a: Gliscor\n|-damage|p2a: Gliscor|29\/236\n|move|p2a: Gliscor|Roost|p2a: Gliscor\n|-heal|p2a: Gliscor|147\/236\n|-singleturn|p2a: Gliscor|move: Roost\n|\n|-heal|p1a: Zapdos|243\/259|[from] item: Leftovers\n|-heal|p2a: Gliscor|161\/236|[from] item: Leftovers\n|upkeep\n|turn|50\n|inactive|Arpit96 has 25 seconds left this turn.\n|inactive|Arpit96 has 20 seconds left.\n|\n|t:|1601049204\n|move|p1a: Zapdos|Hidden Power|p2a: Gliscor\n|-damage|p2a: Gliscor|101\/236\n|move|p2a: Gliscor|Roost|p2a: Gliscor\n|-heal|p2a: Gliscor|219\/236\n|-singleturn|p2a: Gliscor|move: Roost\n|\n|-heal|p1a: Zapdos|259\/259|[from] item: Leftovers\n|-heal|p2a: Gliscor|233\/236|[from] item: Leftovers\n|upkeep\n|turn|51\n|inactive|Arpit96 has 30 seconds left this turn.\n|inactive|Arpit96 has 20 seconds left.\n|\n|t:|1601049214\n|switch|p2a: Tangrowth|Tangrowth, L79, M|129\/288 par\n|move|p1a: Zapdos|Hidden Power|p2a: Tangrowth\n|-resisted|p2a: Tangrowth\n|-damage|p2a: Tangrowth|93\/288 par\n|\n|-heal|p2a: Tangrowth|111\/288 par|[from] item: Leftovers\n|upkeep\n|turn|52\n|inactive|Arpit96 has 30 seconds left this turn.\n|inactive|Arpit96 has 20 seconds left.\n|\n|t:|1601049225\n|switch|p2a: Gliscor|Gliscor, L75, M|233\/236\n|move|p1a: Zapdos|Hidden Power|p2a: Gliscor\n|-damage|p2a: Gliscor|175\/236\n|\n|-heal|p2a: Gliscor|189\/236|[from] item: Leftovers\n|upkeep\n|turn|53\n|inactive|Arpit96 has 30 seconds left this turn.\n|inactive|Chickpiee has 120 seconds left.\n|j|@PartMan\n|\n|t:|1601049233\n|switch|p2a: Tangrowth|Tangrowth, L79, M|111\/288 par\n|move|p1a: Zapdos|Hidden Power|p2a: Tangrowth\n|-resisted|p2a: Tangrowth\n|-damage|p2a: Tangrowth|73\/288 par\n|\n|-heal|p2a: Tangrowth|91\/288 par|[from] item: Leftovers\n|upkeep\n|turn|54\n|inactive|Arpit96 has 30 seconds left.\n|\n|t:|1601049244\n|move|p1a: Zapdos|Hidden Power|p2a: Tangrowth\n|-resisted|p2a: Tangrowth\n|-damage|p2a: Tangrowth|55\/288 par\n|cant|p2a: Tangrowth|par\n|\n|-heal|p2a: Tangrowth|73\/288 par|[from] item: Leftovers\n|upkeep\n|turn|55\n|inactive|Arpit96 has 30 seconds left.\n|\n|t:|1601049252\n|move|p1a: Zapdos|Thunderbolt|p2a: Tangrowth\n|-resisted|p2a: Tangrowth\n|-damage|p2a: Tangrowth|0 fnt\n|faint|p2a: Tangrowth\n|\n|upkeep\n|inactive|Arpit96 has 30 seconds left.\n|\n|t:|1601049259\n|switch|p2a: Mothim|Mothim, L83, M|251\/251\n|turn|56\n|l| Call me pk\n|c|\u2606Arpit96|you said I was chocking\n|inactive|Chickpiee has 120 seconds left.\n|c|\u2606Arpit96|do you realise how good zapdos is against my team?\n|c|\u2606Chickpiee|yes u were\n|c|\u2606Chickpiee|it was 4 ur good\n|\n|t:|1601049294\n|switch|p2a: Gliscor|Gliscor, L75, M|189\/236\n|move|p1a: Zapdos|Thunderbolt|p2a: Gliscor\n|-immune|p2a: Gliscor\n|\n|-heal|p2a: Gliscor|203\/236|[from] item: Leftovers\n|upkeep\n|turn|57\n|c|\u2606Chickpiee|so that u dont misplay\n|\n|t:|1601049304\n|move|p1a: Zapdos|Hidden Power|p2a: Gliscor\n|-damage|p2a: Gliscor|144\/236\n|move|p2a: Gliscor|Swords Dance|p2a: Gliscor\n|-boost|p2a: Gliscor|atk|2\n|\n|-heal|p2a: Gliscor|158\/236|[from] item: Leftovers\n|upkeep\n|turn|58\n|\n|t:|1601049320\n|move|p1a: Zapdos|Hidden Power|p2a: Gliscor\n|-damage|p2a: Gliscor|99\/236\n|move|p2a: Gliscor|Roost|p2a: Gliscor\n|-heal|p2a: Gliscor|217\/236\n|-singleturn|p2a: Gliscor|move: Roost\n|\n|-heal|p2a: Gliscor|231\/236|[from] item: Leftovers\n|upkeep\n|turn|59\n|\n|t:|1601049326\n|switch|p2a: Mothim|Mothim, L83, M|251\/251\n|move|p1a: Zapdos|Hidden Power|p2a: Mothim\n|-resisted|p2a: Mothim\n|-damage|p2a: Mothim|232\/251\n|\n|upkeep\n|turn|60\n|\n|t:|1601049336\n|switch|p1a: Mawile|Mawile, L83, F|219\/219 slp\n|-ability|p1a: Mawile|Intimidate|boost\n|-unboost|p2a: Mothim|atk|1\n|move|p2a: Mothim|Bug Buzz|p1a: Mawile\n|-resisted|p1a: Mawile\n|-damage|p1a: Mawile|128\/219 slp\n|-damage|p2a: Mothim|207\/251|[from] item: Life Orb\n|\n|-heal|p1a: Mawile|141\/219 slp|[from] item: Leftovers\n|upkeep\n|turn|61\n|\n|t:|1601049345\n|move|p2a: Mothim|Hidden Power|p1a: Mawile\n|-supereffective|p1a: Mawile\n|-crit|p1a: Mawile\n|-damage|p1a: Mawile|0 fnt\n|-damage|p2a: Mothim|182\/251|[from] item: Life Orb\n|faint|p1a: Mawile\n|\n|upkeep\n|j| Blitzeken\n|\n|t:|1601049360\n|switch|p1a: Zapdos|Zapdos, L75|259\/259\n|-ability|p1a: Zapdos|Pressure\n|turn|62\n|c|\u2606Arpit96|pp war it is\n|\n|t:|1601049367\n|switch|p2a: Gliscor|Gliscor, L75, M|231\/236\n|move|p1a: Zapdos|Thunderbolt|p2a: Gliscor\n|-immune|p2a: Gliscor\n|\n|-heal|p2a: Gliscor|236\/236|[from] item: Leftovers\n|upkeep\n|turn|63\n|c|\u2606Chickpiee|u shud win this\n|c|\u2606Chickpiee|if u play well\n|inactive|Arpit96 has 60 seconds left.\n|\n|t:|1601049383\n|switch|p2a: Scizor|Scizor, L75, F|92\/229\n|move|p1a: Zapdos|Substitute|p1a: Zapdos\n|-start|p1a: Zapdos|Substitute\n|-damage|p1a: Zapdos|195\/259\n|\n|-heal|p1a: Zapdos|211\/259|[from] item: Leftovers\n|upkeep\n|turn|64\n|c| Sanskriti99|Yeah\n|\n|t:|1601049391\n|switch|p2a: Gliscor|Gliscor, L75, M|236\/236\n|move|p1a: Zapdos|Thunderbolt|p2a: Gliscor\n|-immune|p2a: Gliscor\n|\n|-heal|p1a: Zapdos|227\/259|[from] item: Leftovers\n|upkeep\n|turn|65\n|l| tomoba\n|inactive|Chickpiee has 120 seconds left.\n|\n|t:|1601049423\n|move|p1a: Zapdos|Hidden Power|p2a: Gliscor\n|-damage|p2a: Gliscor|175\/236\n|move|p2a: Gliscor|Swords Dance|p2a: Gliscor\n|-boost|p2a: Gliscor|atk|2\n|\n|-heal|p1a: Zapdos|243\/259|[from] item: Leftovers\n|-heal|p2a: Gliscor|189\/236|[from] item: Leftovers\n|upkeep\n|turn|66\n|j| Metalkarp99\n|\n|t:|1601049434\n|move|p1a: Zapdos|Hidden Power|p2a: Gliscor\n|-damage|p2a: Gliscor|127\/236\n|move|p2a: Gliscor|Swords Dance|p2a: Gliscor\n|-boost|p2a: Gliscor|atk|2\n|\n|-heal|p1a: Zapdos|259\/259|[from] item: Leftovers\n|-heal|p2a: Gliscor|141\/236|[from] item: Leftovers\n|upkeep\n|turn|67\n|c| Metalkarp99|oh chick\n|c|\u2606Arpit96|pressure doesn't affect hyper cutter?\n|\n|t:|1601049447\n|move|p1a: Zapdos|Hidden Power|p2a: Gliscor\n|-damage|p2a: Gliscor|79\/236\n|move|p2a: Gliscor|Roost|p2a: Gliscor\n|-heal|p2a: Gliscor|197\/236\n|-singleturn|p2a: Gliscor|move: Roost\n|\n|-heal|p2a: Gliscor|211\/236|[from] item: Leftovers\n|upkeep\n|turn|68\n|c|\u2606Chickpiee|yes, u lost double stone eddge pp\n|c|\u2606Chickpiee|u can check\n|c|\u2606Chickpiee|u have 1 hit left\n|\n|t:|1601049472\n|switch|p2a: Scizor|Scizor, L75, F|92\/229\n|move|p1a: Zapdos|Hidden Power|p2a: Scizor\n|-resisted|p2a: Scizor\n|-damage|p2a: Scizor|78\/229\n|\n|upkeep\n|turn|69\n|c|\u2606Arpit96|yea i did\n|c| Metalkarp99|chickpiee is equal to stall\n|c|\u2606Arpit96|but SD and Roost are going down one by one\n|\n|t:|1601049487\n|switch|p2a: Gliscor|Gliscor, L75, M|211\/236\n|move|p1a: Zapdos|Thunderbolt|p2a: Gliscor\n|-immune|p2a: Gliscor\n|\n|-heal|p2a: Gliscor|225\/236|[from] item: Leftovers\n|upkeep\n|turn|70\n|c|\u2606Chickpiee|yes as they are not thrown at Zappy\n|\n|t:|1601049499\n|move|p1a: Zapdos|Hidden Power|p2a: Gliscor\n|-damage|p2a: Gliscor|161\/236\n|move|p2a: Gliscor|Earthquake|p1a: Zapdos\n|-immune|p1a: Zapdos\n|\n|-heal|p2a: Gliscor|175\/236|[from] item: Leftovers\n|upkeep\n|turn|71\n|\n|t:|1601049510\n|switch|p2a: Scizor|Scizor, L75, F|78\/229\n|move|p1a: Zapdos|Thunderbolt|p2a: Scizor\n|-damage|p2a: Scizor|0 fnt\n|faint|p2a: Scizor\n|\n|upkeep\n|c|\u2606Chickpiee|Eq will consume double PP\n|\n|t:|1601049516\n|switch|p2a: Gliscor|Gliscor, L75, M|175\/236\n|turn|72\n|c| Metalkarp99|why you always try to play stall\n|c| Sanskriti99|ig it's easy for arpit to win\n|\n|t:|1601049522\n|move|p1a: Zapdos|Hidden Power|p2a: Gliscor\n|-damage|p2a: Gliscor|114\/236\n|move|p2a: Gliscor|Earthquake|p1a: Zapdos\n|-immune|p1a: Zapdos\n|\n|-heal|p2a: Gliscor|128\/236|[from] item: Leftovers\n|upkeep\n|turn|73\n|c| Metalkarp99|oh no\n|\n|t:|1601049534\n|move|p1a: Zapdos|Hidden Power|p2a: Gliscor\n|-damage|p2a: Gliscor|63\/236\n|move|p2a: Gliscor|Roost|p2a: Gliscor\n|-heal|p2a: Gliscor|181\/236\n|-singleturn|p2a: Gliscor|move: Roost\n|\n|-heal|p2a: Gliscor|195\/236|[from] item: Leftovers\n|upkeep\n|turn|74\n|l| Harshal~08\n|j| Harshal~08\n|j| Diancie Magic\n|c| Diancie Magic|ohh\n|inactive|Chickpiee has 120 seconds left.\n|c| Diancie Magic|yaha par bhi pehla match chal rha h\n|\n|t:|1601049566\n|switch|p2a: Mothim|Mothim, L83, M|182\/251\n|move|p1a: Zapdos|Hidden Power|p2a: Mothim\n|-resisted|p2a: Mothim\n|-damage|p2a: Mothim|162\/251\n|\n|upkeep\n|turn|75\n|c| Diancie Magic|mera bhi pehla chal rha h\n|c| Diancie Magic|>.>\n|\n|t:|1601049577\n|switch|p2a: Gliscor|Gliscor, L75, M|195\/236\n|move|p1a: Zapdos|Thunderbolt|p2a: Gliscor\n|-immune|p2a: Gliscor\n|\n|-heal|p2a: Gliscor|209\/236|[from] item: Leftovers\n|upkeep\n|turn|76\n|\n|t:|1601049583\n|move|p1a: Zapdos|Thunderbolt|p2a: Gliscor\n|-immune|p2a: Gliscor\n|move|p2a: Gliscor|Earthquake|p1a: Zapdos\n|-immune|p1a: Zapdos\n|\n|-heal|p2a: Gliscor|223\/236|[from] item: Leftovers\n|upkeep\n|turn|77\n|inactive|Arpit96 has 90 seconds left.\n|\n|t:|1601049592\n|move|p1a: Zapdos|Hidden Power|p2a: Gliscor\n|-crit|p2a: Gliscor\n|-damage|p2a: Gliscor|96\/236\n|move|p2a: Gliscor|Swords Dance|p2a: Gliscor\n|-boost|p2a: Gliscor|atk|2\n|\n|-heal|p2a: Gliscor|110\/236|[from] item: Leftovers\n|upkeep\n|turn|78\n|c| Sanskriti99|F\n|c|\u2606Chickpiee|Agency Provide\n|c|\u2606Chickpiee|1 more crit\n|c| Sanskriti99|One more provide plz\n|c|\u2606Chickpiee|lol no\n|c|\u2606Arpit96|a win like that\n|c|\u2606Arpit96|you really deserve haters\n|\n|t:|1601049621\n|move|p1a: Zapdos|Hidden Power|p2a: Gliscor\n|-damage|p2a: Gliscor|53\/236\n|move|p2a: Gliscor|Roost|p2a: Gliscor\n|-heal|p2a: Gliscor|171\/236\n|-singleturn|p2a: Gliscor|move: Roost\n|\n|-heal|p2a: Gliscor|185\/236|[from] item: Leftovers\n|upkeep\n|turn|79\n|c|\u2606Chickpiee|ah ddnt provide\n|c| Blitzeken|close\n|\n|t:|1601049634\n|switch|p2a: Mothim|Mothim, L83, M|162\/251\n|move|p1a: Zapdos|Thunderbolt|p2a: Mothim\n|-supereffective|p2a: Mothim\n|-damage|p2a: Mothim|0 fnt\n|faint|p2a: Mothim\n|\n|upkeep\n|c| Sanskriti99|Rip gg\n|c|\u2606Chickpiee|O.o\n|\n|t:|1601049642\n|switch|p2a: Gliscor|Gliscor, L75, M|185\/236\n|turn|80\n|c|\u2606Arpit96|didn't see your pp\n|c| Blitzeken|O.O\n|c|\u2606Arpit96|what  do you do now?\n|inactive|Chickpiee has 120 seconds left.\n|c|\u2606Chickpiee|you have 56 pp\n|c|\u2606Arpit96|i have 40 SD\n|c|\u2606Arpit96|give up.\n|c|\u2606Chickpiee|I never give up\n|c| Blitzeken|28*\n|c|\u2606Arpit96|you got 17\n|c|\u2606Chickpiee|who knows u might get disconnected\n|c|\u2606Chickpiee|I take timer win\n|c| Sanskriti99|^\n|c|\u2606Arpit96|wow\n|\n|t:|1601049687\n|move|p1a: Zapdos|Thunderbolt|p2a: Gliscor\n|-immune|p2a: Gliscor\n|move|p2a: Gliscor|Swords Dance|p2a: Gliscor\n|-boost|p2a: Gliscor|atk|2\n|\n|-heal|p2a: Gliscor|199\/236|[from] item: Leftovers\n|upkeep\n|turn|81\n|c| Metalkarp99|chichkpiee mons ko nahi pp ko ginte hain\n|c| Blitzeken|nice spirit\n|c|\u2606Arpit96|really shitty\n|j| tomoba\n|\n|t:|1601049697\n|move|p1a: Zapdos|Thunderbolt|p2a: Gliscor\n|-immune|p2a: Gliscor\n|move|p2a: Gliscor|Earthquake|p1a: Zapdos\n|-immune|p1a: Zapdos\n|\n|-heal|p2a: Gliscor|213\/236|[from] item: Leftovers\n|upkeep\n|turn|82\n|\n|t:|1601049705\n|move|p1a: Zapdos|Thunderbolt|p2a: Gliscor\n|-immune|p2a: Gliscor\n|move|p2a: Gliscor|Earthquake|p1a: Zapdos\n|-immune|p1a: Zapdos\n|\n|-heal|p2a: Gliscor|227\/236|[from] item: Leftovers\n|upkeep\n|turn|83\n|\n|t:|1601049713\n|move|p1a: Zapdos|Thunderbolt|p2a: Gliscor\n|-immune|p2a: Gliscor\n|move|p2a: Gliscor|Earthquake|p1a: Zapdos\n|-immune|p1a: Zapdos\n|\n|-heal|p2a: Gliscor|236\/236|[from] item: Leftovers\n|upkeep\n|turn|84\n|inactive|Chickpiee has 120 seconds left.\n|\n|t:|1601049734\n|move|p1a: Zapdos|Thunderbolt|p2a: Gliscor\n|-immune|p2a: Gliscor\n|move|p2a: Gliscor|Swords Dance|p2a: Gliscor\n|-boost|p2a: Gliscor|atk|2\n|\n|upkeep\n|turn|85\n|inactive|Chickpiee has 120 seconds left.\n|j| Call me pk\n|\n|t:|1601049741\n|move|p1a: Zapdos|Thunderbolt|p2a: Gliscor\n|-immune|p2a: Gliscor\n|move|p2a: Gliscor|Swords Dance|p2a: Gliscor\n|-boost|p2a: Gliscor|atk|2\n|\n|upkeep\n|turn|86\n|inactive|Arpit96 has 120 seconds left.\n|\n|t:|1601049752\n|move|p1a: Zapdos|Thunderbolt|p2a: Gliscor\n|-immune|p2a: Gliscor\n|move|p2a: Gliscor|Swords Dance|p2a: Gliscor\n|-boost|p2a: Gliscor|atk|0\n|\n|upkeep\n|turn|87\n|inactive|Arpit96 has 120 seconds left.\n|\n|t:|1601049760\n|move|p1a: Zapdos|Substitute|p1a: Zapdos\n|-fail|p1a: Zapdos|move: Substitute\n|move|p2a: Gliscor|Earthquake|p1a: Zapdos\n|-immune|p1a: Zapdos\n|\n|upkeep\n|turn|88\n|\n|t:|1601049764\n|move|p1a: Zapdos|Substitute|p1a: Zapdos\n|-fail|p1a: Zapdos|move: Substitute\n|move|p2a: Gliscor|Swords Dance|p2a: Gliscor\n|-boost|p2a: Gliscor|atk|0\n|\n|upkeep\n|turn|89\n|\n|t:|1601049770\n|move|p1a: Zapdos|Substitute|p1a: Zapdos\n|-fail|p1a: Zapdos|move: Substitute\n|move|p2a: Gliscor|Swords Dance|p2a: Gliscor\n|-boost|p2a: Gliscor|atk|0\n|\n|upkeep\n|turn|90\n|\n|t:|1601049777\n|move|p1a: Zapdos|Roost||[still]\n|-fail|p1a: Zapdos|heal\n|move|p2a: Gliscor|Stone Edge|p1a: Zapdos|[miss]\n|-miss|p2a: Gliscor|p1a: Zapdos\n|\n|upkeep\n|turn|91\n|\n|t:|1601049788\n|move|p1a: Zapdos|Roost||[still]\n|-fail|p1a: Zapdos|heal\n|move|p2a: Gliscor|Swords Dance|p2a: Gliscor\n|-boost|p2a: Gliscor|atk|0\n|\n|upkeep\n|turn|92\n|\n|t:|1601049796\n|move|p1a: Zapdos|Roost||[still]\n|-fail|p1a: Zapdos|heal\n|move|p2a: Gliscor|Swords Dance|p2a: Gliscor\n|-boost|p2a: Gliscor|atk|0\n|\n|upkeep\n|turn|93\n|\n|t:|1601049801\n|move|p1a: Zapdos|Roost||[still]\n|-fail|p1a: Zapdos|heal\n|move|p2a: Gliscor|Swords Dance|p2a: Gliscor\n|-boost|p2a: Gliscor|atk|0\n|\n|upkeep\n|turn|94\n|\n|t:|1601049808\n|move|p1a: Zapdos|Roost||[still]\n|-fail|p1a: Zapdos|heal\n|move|p2a: Gliscor|Swords Dance|p2a: Gliscor\n|-boost|p2a: Gliscor|atk|0\n|\n|upkeep\n|turn|95\n|\n|t:|1601049815\n|move|p1a: Zapdos|Roost||[still]\n|-fail|p1a: Zapdos|heal\n|move|p2a: Gliscor|Swords Dance|p2a: Gliscor\n|-boost|p2a: Gliscor|atk|0\n|\n|upkeep\n|turn|96\n|\n|t:|1601049820\n|move|p1a: Zapdos|Roost||[still]\n|-fail|p1a: Zapdos|heal\n|move|p2a: Gliscor|Swords Dance|p2a: Gliscor\n|-boost|p2a: Gliscor|atk|0\n|\n|upkeep\n|turn|97\n|\n|t:|1601049828\n|move|p1a: Zapdos|Struggle|p2a: Gliscor\n|-damage|p2a: Gliscor|216\/236\n|-damage|p1a: Zapdos|195\/259|[from] recoil\n|move|p2a: Gliscor|Swords Dance|p2a: Gliscor\n|-boost|p2a: Gliscor|atk|0\n|\n|-heal|p1a: Zapdos|211\/259|[from] item: Leftovers\n|-heal|p2a: Gliscor|230\/236|[from] item: Leftovers\n|upkeep\n|turn|98\n|\n|t:|1601049837\n|move|p1a: Zapdos|Struggle|p2a: Gliscor\n|-damage|p2a: Gliscor|209\/236\n|-damage|p1a: Zapdos|147\/259|[from] recoil\n|move|p2a: Gliscor|Swords Dance|p2a: Gliscor\n|-boost|p2a: Gliscor|atk|0\n|\n|-heal|p1a: Zapdos|163\/259|[from] item: Leftovers\n|-heal|p2a: Gliscor|223\/236|[from] item: Leftovers\n|upkeep\n|turn|99\n|\n|t:|1601049847\n|move|p1a: Zapdos|Struggle|p2a: Gliscor\n|-damage|p2a: Gliscor|205\/236\n|-damage|p1a: Zapdos|99\/259|[from] recoil\n|move|p2a: Gliscor|Swords Dance|p2a: Gliscor\n|-boost|p2a: Gliscor|atk|0\n|\n|-heal|p1a: Zapdos|115\/259|[from] item: Leftovers\n|-heal|p2a: Gliscor|219\/236|[from] item: Leftovers\n|upkeep\n|turn|100\n|\n|t:|1601049856\n|move|p1a: Zapdos|Struggle|p2a: Gliscor\n|-damage|p2a: Gliscor|198\/236\n|-damage|p1a: Zapdos|51\/259|[from] recoil\n|move|p2a: Gliscor|Swords Dance|p2a: Gliscor\n|-boost|p2a: Gliscor|atk|0\n|\n|-heal|p1a: Zapdos|67\/259|[from] item: Leftovers\n|-heal|p2a: Gliscor|212\/236|[from] item: Leftovers\n|upkeep\n|turn|101\n|\n|t:|1601049866\n|move|p1a: Zapdos|Struggle|p2a: Gliscor\n|-damage|p2a: Gliscor|193\/236\n|-damage|p1a: Zapdos|3\/259|[from] recoil\n|move|p2a: Gliscor|Swords Dance|p2a: Gliscor\n|-boost|p2a: Gliscor|atk|0\n|\n|-heal|p1a: Zapdos|19\/259|[from] item: Leftovers\n|-heal|p2a: Gliscor|207\/236|[from] item: Leftovers\n|upkeep\n|turn|102\n|c|\u2606Chickpiee|Gl to you\n|c|\u2606Arpit96|probably one of my worst games tbh\n|\n|t:|1601049879\n|move|p1a: Zapdos|Struggle|p2a: Gliscor\n|-damage|p2a: Gliscor|188\/236\n|-damage|p1a: Zapdos|0 fnt|[from] recoil\n|faint|p1a: Zapdos\n|\n|win|Arpit96\n|c| Sanskriti99|Wp\n|c|\u2606Chickpiee|agree\n|l| Blitzeken\n|l|\u2606Chickpiee\n|l| Sanskriti99\n|l| Call me pk\n|l| Metalkarp99\n|l|\u2606Arpit96\n|l| tomoba\n|l| Harshal~08\n|l| Diancie Magic\n|j| Abhk\n","inputlog":">version 0d71ec82c3aad7b1916098265c858e9d35c89d2e\n>start {\"formatid\":\"gen4randombattle\",\"seed\":[41799,42123,26492,38241],\"rated\":\"Tournament battle\"}\n>player p1 {\"name\":\"Chickpiee\",\"avatar\":\"caitlin\",\"team\":\"\",\"rating\":0,\"seed\":[8216,59604,14769,58677]}\n>player p2 {\"name\":\"Arpit96\",\"avatar\":\"102\",\"team\":\"\",\"rating\":0,\"seed\":[24272,62469,8457,9240]}\n>chat \u2606Chickpiee|HF\n>chat \u2606Arpit96|u2\n>p1 switch 4\n>p2 move sleeppowder\n>chat \u2606Arpit96|ah the gen4 bg\n>chat \u2606Chickpiee|I dislike this gen a lot\n>p1 move ironhead\n>p2 switch 3\n>chat \u2606Arpit96|haha\n>p1 switch 2\n>p2 move earthquake\n>chat \u2606Arpit96|why so\n>p1 move psychic\n>p2 move earthquake\n>chat \u2606Chickpiee|no reason, just like that\n>p1 switch 4\n>p1 move substitute\n>p2 switch 4\n>p1 move hiddenpower\n>p2 move swordsdance\n>p1 switch 6\n>p2 move stoneedge\n>chat \u2606Arpit96|oops\n>p1 switch 6\n>p1 move substitute\n>p2 move stoneedge\n>p1 move hiddenpower\n>p2 move stoneedge\n>p1 move substitute\n>p2 switch 4\n>p1 move hiddenpower\n>p2 move stoneedge\n>p2 switch 5\n>p1 move thunderbolt\n>p2 move icepunch\n>p1 switch 3\n>p2 move icepunch\n>p1 move fireblast\n>p2 move bulkup\n>p1 move fireblast\n>p2 move closecombat\n>p1 switch 5\n>p1 move earthquake\n>p2 move bulkup\n>chat \u2606Chickpiee|u r choking\n>p1 move earthquake\n>p2 move icepunch\n>chat \u2606Arpit96|umm\n>chat \u2606Arpit96|zapdos is good\n>p1 move earthquake\n>p2 move icepunch\n>p2 switch 6\n>p1 switch 3\n>p2 move bulletpunch\n>p1 move substitute\n>p2 move bugbite\n>p1 switch 2\n>p2 switch 3\n>chat  indeedismom|Get it bro\n>chat  indeedismom|Agency\n>p1 switch 3\n>p2 move hiddenpower\n>p1 switch 2\n>p1 move roost\n>p2 move rockslide\n>p1 move substitute\n>p2 move rockslide\n>chat \u2606Chickpiee|Looks like i have to stall you\n>chat \u2606Arpit96|got nothing for a flying zapping bird\n>p1 move roost\n>p2 move rockslide\n>chat \u2606Chickpiee|Stall my Speciality\n>p1 move substitute\n>p2 move rockslide\n>p1 move substitute\n>p2 move rockslide\n>p1 move roost\n>p2 move powerwhip\n>p1 move roost\n>p2 move rockslide\n>p1 move thunderbolt\n>p2 move rockslide\n>p1 move substitute\n>p2 move powerwhip\n>p1 move roost\n>p2 move powerwhip\n>p1 move roost\n>p2 move powerwhip\n>p1 move substitute\n>p2 move rockslide\n>p1 move thunderbolt\n>p2 move hiddenpower\n>p1 move thunderbolt\n>p2 move hiddenpower\n>chat  tomoba|Move fast\n>chat  tomoba|Faster...\n>chat  Call me pk|o.o\n>p1 move thunderbolt\n>p2 move powerwhip\n>p1 move roost\n>p2 move powerwhip\n>chat  tomoba|Move as fast as u can\n>chat  Call me pk|nhi to tomoba gussa ho jayega :(\n>chat  tomoba|Lol\n>p1 move roost\n>p2 move hiddenpower\n>chat \u2606Chickpiee|get lost u hater\n>p1 move substitute\n>p2 move hiddenpower\n>chat  tomoba|Mai aapka hater nahi hu\n>chat  tomoba|Bus meko pasand nahi koi time se haare...\n>chat  tomoba|Chahe koi bhi ho\n>chat \u2606Chickpiee|such a same guys like you exist\n>chat \u2606Chickpiee|jate players who represent your own counter\n>chat \u2606Chickpiee|*country\n>chat \u2606Chickpiee|*hate\n>p1 move thunderbolt\n>p2 move hiddenpower\n>p1 move roost\n>p2 move hiddenpower\n>p1 move substitute\n>p2 switch 3\n>chat  Call me pk|arpit96 sounds like an indian name to me\n>p1 move thunderbolt\n>p2 move pursuit\n>chat \u2606Chickpiee|the guy whom i pointed out\n>chat \u2606Chickpiee|understood\n>chat  Call me pk|o.o\n>chat  tomoba|Was that me?\n>chat  tomoba|Right?\n>chat  Sanskriti99|Om shanti!!!\n>p1 move thunderbolt\n>p2 switch 4\n>chat \u2606Chickpiee|oof course you idiot\n>p1 move substitute\n>p2 move swordsdance\n>chat \u2606Chickpiee|even I said to my Squad\n>chat \u2606Chickpiee|that this Tomoba guy was good and might do gogod in tournaments\n>chat \u2606Chickpiee|but after hudging you\n>chat \u2606Chickpiee|I told them\n>chat \u2606Chickpiee|even If i Die\n>chat \u2606Chickpiee|u wont get in the Teram\n>chat \u2606Chickpiee|*team\n>p1 move hiddenpower\n>p2 move swordsdance\n>p1 move hiddenpower\n>p2 move swordsdance\n>p1 move hiddenpower\n>p2 move roost\n>p1 move hiddenpower\n>p2 move roost\n>p1 move hiddenpower\n>p2 switch 3\n>p1 move hiddenpower\n>p2 switch 3\n>p1 move hiddenpower\n>p2 switch 3\n>p1 move hiddenpower\n>p2 move powerwhip\n>p1 move thunderbolt\n>p2 move powerwhip\n>p2 switch 2\n>chat \u2606Arpit96|you said I was chocking\n>chat \u2606Arpit96|do you realise how good zapdos is against my team?\n>chat \u2606Chickpiee|yes u were\n>chat \u2606Chickpiee|it was 4 ur good\n>p1 move thunderbolt\n>p2 switch 3\n>chat \u2606Chickpiee|so that u dont misplay\n>p1 move hiddenpower\n>p2 move swordsdance\n>p1 move hiddenpower\n>p2 move roost\n>p1 move hiddenpower\n>p2 switch 3\n>p1 switch 3\n>p2 move bugbuzz\n>p1 move swordsdance\n>p2 move hiddenpower\n>p1 switch 3\n>chat \u2606Arpit96|pp war it is\n>p1 move thunderbolt\n>p2 switch 3\n>chat \u2606Chickpiee|u shud win this\n>chat \u2606Chickpiee|if u play well\n>p1 move substitute\n>p2 switch 4\n>chat  Sanskriti99|Yeah\n>p1 move thunderbolt\n>p2 switch 4\n>p1 move hiddenpower\n>p2 move swordsdance\n>p1 move hiddenpower\n>p2 move swordsdance\n>chat  Metalkarp99|oh chick\n>chat \u2606Arpit96|pressure doesn't affect hyper cutter?\n>p1 move hiddenpower\n>p2 move roost\n>chat \u2606Chickpiee|yes, u lost double stone eddge pp\n>chat \u2606Chickpiee|u can check\n>chat \u2606Chickpiee|u have 1 hit left\n>p1 move hiddenpower\n>p2 switch 4\n>chat \u2606Arpit96|yea i did\n>chat  Metalkarp99|chickpiee is equal to stall \n>chat \u2606Arpit96|but SD and Roost are going down one by one\n>p1 move thunderbolt\n>p2 switch 4\n>chat \u2606Chickpiee|yes as they are not thrown at Zappy\n>p1 move hiddenpower\n>p2 move earthquake\n>p1 move thunderbolt\n>p2 switch 4\n>chat \u2606Chickpiee|Eq will consume double PP\n>p2 switch 4\n>chat  Metalkarp99|why you always try to play stall\n>chat  Sanskriti99|ig it's easy for arpit to win\n>p1 move hiddenpower\n>p2 move earthquake\n>chat  Metalkarp99|oh no\n>p1 move hiddenpower\n>p2 move roost\n>chat  Diancie Magic|ohh\n>chat  Diancie Magic|yaha par bhi pehla match chal rha h\n>p1 move hiddenpower\n>p2 switch 3\n>chat  Diancie Magic|mera bhi pehla chal rha h\n>chat  Diancie Magic|>.>\n>p1 move thunderbolt\n>p2 switch 3\n>p1 move thunderbolt\n>p2 move earthquake\n>p1 move hiddenpower\n>p2 move swordsdance\n>chat  Sanskriti99|F\n>chat \u2606Chickpiee|Agency Provide\n>chat \u2606Chickpiee|1 more crit\n>chat  Sanskriti99|One more provide plz\n>chat \u2606Chickpiee|lol no\n>chat \u2606Arpit96|a win like that\n>chat \u2606Arpit96|you really deserve haters\n>p1 move hiddenpower\n>p2 move roost\n>chat \u2606Chickpiee|ah ddnt provide\n>chat  Blitzeken|close\n>p1 move thunderbolt\n>p2 switch 3\n>chat  Sanskriti99|Rip gg\n>chat \u2606Chickpiee|O.o\n>p2 switch 3\n>chat \u2606Arpit96|didn't see your pp\n>chat  Blitzeken|O.O\n>chat \u2606Arpit96|what  do you do now?\n>chat \u2606Chickpiee|you have 56 pp\n>chat \u2606Arpit96|i have 40 SD\n>chat \u2606Arpit96|give up.\n>chat \u2606Chickpiee|I never give up\n>chat  Blitzeken|28*\n>chat \u2606Arpit96|you got 17\n>chat \u2606Chickpiee|who knows u might get disconnected\n>chat \u2606Chickpiee|I take timer win\n>chat  Sanskriti99|^\n>chat \u2606Arpit96|wow\n>p1 move thunderbolt\n>p2 move swordsdance\n>chat  Metalkarp99|chichkpiee mons ko nahi pp ko ginte hain\n>chat  Blitzeken|nice spirit\n>chat \u2606Arpit96|really shitty\n>p1 move thunderbolt\n>p2 move earthquake\n>p1 move thunderbolt\n>p2 move earthquake\n>p1 move thunderbolt\n>p2 move earthquake\n>p1 move thunderbolt\n>p2 move swordsdance\n>p1 move thunderbolt\n>p2 move swordsdance\n>p1 move thunderbolt\n>p2 move swordsdance\n>p1 move substitute\n>p2 move earthquake\n>p1 move substitute\n>p2 move swordsdance\n>p1 move substitute\n>p2 move swordsdance\n>p1 move roost\n>p2 move stoneedge\n>p1 move roost\n>p2 move swordsdance\n>p1 move roost\n>p2 move swordsdance\n>p1 move roost\n>p2 move swordsdance\n>p1 move roost\n>p2 move swordsdance\n>p1 move roost\n>p2 move swordsdance\n>p1 move roost\n>p2 move swordsdance\n>p1 move struggle\n>p2 move swordsdance\n>p1 move struggle\n>p2 move swordsdance\n>p1 move struggle\n>p2 move swordsdance\n>p1 move struggle\n>p2 move swordsdance\n>p1 move struggle\n>p2 move swordsdance\n>chat \u2606Chickpiee|Gl to you\n>chat \u2606Arpit96|probably one of my worst games tbh\n>p1 move struggle\n>p2 move swordsdance","uploadtime":1601050232,"views":19,"p1id":"chickpiee","p2id":"arpit96","formatid":"gen4randombattle","rating":0,"private":0,"password":null}