{"id":"gen4ou-976236709","p1":"Nazzlii","p2":"Cowsrule247","format":"gen4ou","log":"|j|\u2606Nazzlii\n|j|\u2606Cowsrule247\n|player|p1|Nazzlii|81|1541\n|player|p2|Cowsrule247|192|1292\n|teamsize|p1|6\n|teamsize|p2|6\n|gametype|singles\n|gen|4\n|tier|[Gen 4] OU\n|rated|\n|rule|Sleep Clause Mod: Limit one foe put to sleep\n|rule|Species Clause: Limit one of each Pok\u00e9mon\n|rule|OHKO Clause: OHKO moves are banned\n|rule|Moody Clause: Moody is banned\n|rule|Evasion Moves Clause: Evasion moves are banned\n|rule|Endless Battle Clause: Forcing endless battles is banned\n|rule|HP Percentage Mod: HP is shown in percentages\n|rule|Baton Pass Clause: Limit one Baton Passer, can't pass Spe and other stats simultaneously\n|\n|start\n|switch|p1a: Bronzong|Bronzong|100\/100\n|switch|p2a: Machamp|Machamp, F|100\/100\n|turn|1\n|\n|move|p2a: Machamp|Dynamic Punch|p1a: Bronzong\n|-damage|p1a: Bronzong|51\/100\n|-start|p1a: Bronzong|confusion\n|-enditem|p1a: Bronzong|Lum Berry|[eat]\n|-end|p1a: Bronzong|confusion\n|move|p1a: Bronzong|Stealth Rock|p2a: Machamp\n|-sidestart|p2: Cowsrule247|move: Stealth Rock\n|\n|upkeep\n|turn|2\n|inactive|Battle timer is ON: inactive players will automatically lose when time's up. (requested by Cowsrule247)\n|\n|move|p2a: Machamp|Dynamic Punch|p1a: Bronzong\n|-damage|p1a: Bronzong|0 fnt\n|faint|p1a: Bronzong\n|\n|upkeep\n|inactive|Nazzlii has 120 seconds left.\n|\n|switch|p1a: Kingdra|Kingdra, F|100\/100\n|turn|3\n|\n|move|p1a: Kingdra|Draco Meteor|p2a: Machamp\n|-damage|p2a: Machamp|0 fnt\n|-unboost|p1a: Kingdra|spa|2\n|faint|p2a: Machamp\n|\n|upkeep\n|inactive|Cowsrule247 has 120 seconds left.\n|\n|switch|p2a: Lucario|Lucario, M|100\/100\n|-damage|p2a: Lucario|98\/100|[from] Stealth Rock\n|turn|4\n|inactive|Nazzlii has 120 seconds left.\n|\n|switch|p1a: Gengar|Gengar, F|100\/100\n|move|p2a: Lucario|Swords Dance|p2a: Lucario\n|-boost|p2a: Lucario|atk|2\n|\n|upkeep\n|turn|5\n|\n|switch|p2a: Heatran|Heatran, F, shiny|100\/100\n|-damage|p2a: Heatran|88\/100|[from] Stealth Rock\n|move|p1a: Gengar|Focus Blast|p2a: Heatran\n|-supereffective|p2a: Heatran\n|-damage|p2a: Heatran|0 fnt\n|-damage|p1a: Gengar|91\/100|[from] item: Life Orb\n|faint|p2a: Heatran\n|\n|upkeep\n|\n|switch|p2a: Rotom|Rotom-Wash|100\/100\n|-damage|p2a: Rotom|88\/100|[from] Stealth Rock\n|turn|6\n|\n|switch|p1a: Tyranitar|Tyranitar, M|100\/100\n|-weather|Sandstorm|[from] ability: Sand Stream|[of] p1a: Tyranitar\n|move|p2a: Rotom|Trick|p1a: Tyranitar\n|-activate|p2a: Rotom|move: Trick|[of] p1a: Tyranitar\n|-item|p1a: Tyranitar|Choice Scarf|[from] move: Trick\n|-item|p2a: Rotom|Choice Band|[from] move: Trick\n|\n|-weather|Sandstorm|[upkeep]\n|-damage|p2a: Rotom|82\/100|[from] Sandstorm\n|upkeep\n|turn|7\n|\n|move|p1a: Tyranitar|Pursuit|p2a: Rotom\n|-supereffective|p2a: Rotom\n|-damage|p2a: Rotom|20\/100\n|move|p2a: Rotom|Trick|p1a: Tyranitar\n|-activate|p2a: Rotom|move: Trick|[of] p1a: Tyranitar\n|-item|p1a: Tyranitar|Choice Band|[from] move: Trick\n|-item|p2a: Rotom|Choice Scarf|[from] move: Trick\n|\n|-weather|Sandstorm|[upkeep]\n|-damage|p2a: Rotom|13\/100|[from] Sandstorm\n|upkeep\n|turn|8\n|\n|switch|p1a: Flygon|Flygon, M|100\/100\n|move|p2a: Rotom|Trick|p1a: Flygon\n|-activate|p2a: Rotom|move: Trick|[of] p1a: Flygon\n|-item|p1a: Flygon|Choice Scarf|[from] move: Trick\n|-item|p2a: Rotom|Choice Scarf|[from] move: Trick\n|\n|-weather|Sandstorm|[upkeep]\n|-damage|p2a: Rotom|7\/100|[from] Sandstorm\n|upkeep\n|turn|9\n|\n|move|p1a: Flygon|U-turn|p2a: Rotom\n|-resisted|p2a: Rotom\n|-damage|p2a: Rotom|0 fnt\n|faint|p2a: Rotom\n|\n|switch|p1a: Tyranitar|Tyranitar, M|100\/100|[from]move: U-turn\n|\n|-weather|Sandstorm|[upkeep]\n|upkeep\n|\n|switch|p2a: Lucario|Lucario, M|98\/100\n|-damage|p2a: Lucario|95\/100|[from] Stealth Rock\n|turn|10\n|\n|switch|p2a: Celebi|Celebi|100\/100\n|-damage|p2a: Celebi|88\/100|[from] Stealth Rock\n|move|p1a: Tyranitar|Superpower|p2a: Celebi\n|-resisted|p2a: Celebi\n|-damage|p2a: Celebi|59\/100\n|-unboost|p1a: Tyranitar|atk|1\n|-unboost|p1a: Tyranitar|def|1\n|\n|-weather|Sandstorm|[upkeep]\n|-damage|p2a: Celebi|53\/100|[from] Sandstorm\n|upkeep\n|turn|11\n|\n|switch|p1a: Flygon|Flygon, M|100\/100\n|move|p2a: Celebi|Thunder Wave|p1a: Flygon\n|-immune|p1a: Flygon\n|\n|-weather|Sandstorm|[upkeep]\n|-damage|p2a: Celebi|47\/100|[from] Sandstorm\n|upkeep\n|turn|12\n|-message|Cowsrule247 forfeited.\n|\n|win|Nazzlii\n|l|\u2606Cowsrule247\n|raw|Nazzlii's rating: 1542 &rarr; <strong>1549<\/strong><br \/>(+7 for winning)\n|raw|Cowsrule247's rating: 1292 &rarr; <strong>1282<\/strong><br \/>(-10 for losing)\n","uploadtime":1568523744,"views":6,"p1id":"nazzlii","p2id":"cowsrule247","formatid":"gen4ou","rating":1282,"private":0,"password":null}