{"id":"gen4ou-1482277747","p1":"person#16","p2":"Cowsrule247","format":"gen4ou","log":"|j|\u2606person#16\n|j|\u2606Cowsrule247\n|t:|1640850002\n|gametype|singles\n|player|p1|person#16|shadowtriad|1372\n|player|p2|Cowsrule247|skyla|1237\n|teamsize|p1|6\n|teamsize|p2|6\n|gen|4\n|tier|[Gen 4] OU\n|rated|\n|rule|Sleep Clause Mod: Limit one foe put to sleep\n|rule|Species Clause: Limit one of each Pok\u00e9mon\n|rule|OHKO Clause: OHKO moves are banned\n|rule|Evasion Moves Clause: Evasion moves are banned\n|rule|Endless Battle Clause: Forcing endless battles is banned\n|rule|HP Percentage Mod: HP is shown in percentages\n|\n|t:|1640850002\n|start\n|switch|p1a: Metagross|Metagross|100\/100\n|switch|p2a: Infernape|Infernape, F|100\/100\n|turn|1\n|inactive|Battle timer is ON: inactive players will automatically lose when time's up. (requested by Cowsrule247)\n|\n|t:|1640850006\n|move|p2a: Infernape|Fake Out|p1a: Metagross\n|-resisted|p1a: Metagross\n|-damage|p1a: Metagross|97\/100\n|cant|p1a: Metagross|flinch\n|\n|upkeep\n|turn|2\n|\n|t:|1640850012\n|move|p2a: Infernape|Fire Blast|p1a: Metagross\n|-supereffective|p1a: Metagross\n|-enditem|p1a: Metagross|Occa Berry|[eat]\n|-enditem|p1a: Metagross|Occa Berry|[weaken]\n|-damage|p1a: Metagross|39\/100\n|move|p1a: Metagross|Earthquake|p2a: Infernape\n|-supereffective|p2a: Infernape\n|-damage|p2a: Infernape|1\/100\n|-enditem|p2a: Infernape|Focus Sash\n|\n|upkeep\n|turn|3\n|\n|t:|1640850018\n|move|p1a: Metagross|Bullet Punch|p2a: Infernape\n|-resisted|p2a: Infernape\n|-damage|p2a: Infernape|0 fnt\n|faint|p2a: Infernape\n|\n|upkeep\n|\n|t:|1640850023\n|switch|p2a: Gengar|Gengar, M|100\/100\n|turn|4\n|\n|t:|1640850025\n|move|p1a: Metagross|Bullet Punch|p2a: Gengar\n|-damage|p2a: Gengar|52\/100\n|move|p2a: Gengar|Hidden Power|p1a: Metagross\n|-supereffective|p1a: Metagross\n|-damage|p1a: Metagross|0 fnt\n|faint|p1a: Metagross\n|-damage|p2a: Gengar|42\/100|[from] item: Life Orb\n|\n|upkeep\n|\n|t:|1640850030\n|switch|p1a: Gengar|Gengar, F|100\/100\n|turn|5\n|\n|t:|1640850035\n|move|p1a: Gengar|Shadow Ball|p2a: Gengar\n|-supereffective|p2a: Gengar\n|-damage|p2a: Gengar|0 fnt\n|faint|p2a: Gengar\n|\n|upkeep\n|\n|t:|1640850038\n|switch|p2a: Scizor|Scizor, M|100\/100\n|turn|6\n|\n|t:|1640850042\n|switch|p1a: Scizor|Scizor, M|100\/100\n|move|p2a: Scizor|U-turn|p1a: Scizor\n|-resisted|p1a: Scizor\n|-damage|p1a: Scizor|83\/100\n|\n|t:|1640850045\n|switch|p2a: Starmie|Starmie|100\/100|[from]move: U-turn\n|\n|-heal|p1a: Scizor|89\/100|[from] item: Leftovers\n|upkeep\n|turn|7\n|\n|t:|1640850050\n|switch|p1a: Snorlax|Snorlax, M|100\/100\n|move|p2a: Starmie|Hydro Pump|p1a: Snorlax\n|-damage|p1a: Snorlax|61\/100\n|-damage|p2a: Starmie|91\/100|[from] item: Life Orb\n|\n|-heal|p1a: Snorlax|67\/100|[from] item: Leftovers\n|upkeep\n|turn|8\n|\n|t:|1640850054\n|switch|p2a: Gyarados|Gyarados, M|100\/100\n|-ability|p2a: Gyarados|Intimidate|boost\n|-unboost|p1a: Snorlax|atk|1\n|move|p1a: Snorlax|Crunch|p2a: Gyarados\n|-damage|p2a: Gyarados|76\/100\n|\n|-heal|p1a: Snorlax|73\/100|[from] item: Leftovers\n|upkeep\n|turn|9\n|\n|t:|1640850056\n|move|p2a: Gyarados|Dragon Dance|p2a: Gyarados\n|-boost|p2a: Gyarados|atk|1\n|-boost|p2a: Gyarados|spe|1\n|move|p1a: Snorlax|Body Slam|p2a: Gyarados\n|-damage|p2a: Gyarados|42\/100\n|\n|-heal|p1a: Snorlax|79\/100|[from] item: Leftovers\n|upkeep\n|turn|10\n|\n|t:|1640850063\n|move|p2a: Gyarados|Waterfall|p1a: Snorlax\n|-damage|p1a: Snorlax|0 fnt\n|faint|p1a: Snorlax\n|-damage|p2a: Gyarados|33\/100|[from] item: Life Orb\n|\n|upkeep\n|\n|t:|1640850066\n|switch|p1a: Dragonite|Dragonite, M|100\/100\n|turn|11\n|\n|t:|1640850070\n|move|p1a: Dragonite|Extreme Speed|p2a: Gyarados\n|-damage|p2a: Gyarados|0 fnt\n|faint|p2a: Gyarados\n|\n|upkeep\n|\n|t:|1640850077\n|switch|p2a: Scizor|Scizor, M|100\/100\n|turn|12\n|\n|t:|1640850081\n|switch|p1a: Scizor|Scizor, M|89\/100\n|move|p2a: Scizor|Swords Dance|p2a: Scizor\n|-boost|p2a: Scizor|atk|2\n|\n|-heal|p1a: Scizor|96\/100|[from] item: Leftovers\n|upkeep\n|turn|13\n|\n|t:|1640850089\n|move|p1a: Scizor|Superpower|p2a: Scizor\n|-damage|p2a: Scizor|59\/100\n|-unboost|p1a: Scizor|atk|1\n|-unboost|p1a: Scizor|def|1\n|move|p2a: Scizor|U-turn|p1a: Scizor\n|-resisted|p1a: Scizor\n|-damage|p1a: Scizor|42\/100\n|\n|t:|1640850094\n|switch|p2a: Starmie|Starmie|91\/100|[from]move: U-turn\n|\n|-heal|p1a: Scizor|48\/100|[from] item: Leftovers\n|upkeep\n|turn|14\n|\n|t:|1640850099\n|switch|p1a: Milotic|Milotic, F|100\/100\n|move|p2a: Starmie|Ice Beam|p1a: Milotic\n|-resisted|p1a: Milotic\n|-damage|p1a: Milotic|88\/100\n|-damage|p2a: Starmie|81\/100|[from] item: Life Orb\n|\n|-heal|p1a: Milotic|94\/100|[from] item: Leftovers\n|upkeep\n|turn|15\n|\n|t:|1640850104\n|switch|p1a: Gengar|Gengar, F|100\/100\n|move|p2a: Starmie|Thunderbolt|p1a: Gengar\n|-damage|p1a: Gengar|43\/100\n|-damage|p2a: Starmie|71\/100|[from] item: Life Orb\n|\n|upkeep\n|turn|16\n|\n|t:|1640850106\n|move|p1a: Gengar|Shadow Ball|p2a: Starmie\n|-supereffective|p2a: Starmie\n|-damage|p2a: Starmie|0 fnt\n|faint|p2a: Starmie\n|\n|upkeep\n|\n|t:|1640850109\n|switch|p2a: Scizor|Scizor, M|59\/100\n|turn|17\n|\n|t:|1640850111\n|move|p1a: Gengar|Shadow Ball|p2a: Scizor\n|-resisted|p2a: Scizor\n|-damage|p2a: Scizor|40\/100\n|move|p2a: Scizor|Swords Dance|p2a: Scizor\n|-boost|p2a: Scizor|atk|2\n|\n|-heal|p2a: Scizor|46\/100|[from] item: Leftovers\n|upkeep\n|turn|18\n|\n|t:|1640850115\n|move|p1a: Gengar|Shadow Ball|p2a: Scizor\n|-resisted|p2a: Scizor\n|-damage|p2a: Scizor|28\/100\n|move|p2a: Scizor|Roost|p2a: Scizor\n|-heal|p2a: Scizor|78\/100\n|-singleturn|p2a: Scizor|move: Roost\n|\n|-heal|p2a: Scizor|84\/100|[from] item: Leftovers\n|upkeep\n|turn|19\n|\n|t:|1640850119\n|switch|p1a: Dragonite|Dragonite, M|100\/100\n|move|p2a: Scizor|Swords Dance|p2a: Scizor\n|-boost|p2a: Scizor|atk|2\n|\n|-heal|p2a: Scizor|90\/100|[from] item: Leftovers\n|upkeep\n|turn|20\n|\n|t:|1640850122\n|move|p2a: Scizor|Bullet Punch|p1a: Dragonite\n|-damage|p1a: Dragonite|6\/100\n|move|p1a: Dragonite|Fire Punch|p2a: Scizor\n|-supereffective|p2a: Scizor\n|-damage|p2a: Scizor|0 fnt\n|faint|p2a: Scizor\n|\n|upkeep\n|\n|t:|1640850127\n|switch|p2a: Tyranitar|Tyranitar, M|100\/100\n|-weather|Sandstorm|[from] ability: Sand Stream|[of] p2a: Tyranitar\n|turn|21\n|\n|t:|1640850134\n|move|p1a: Dragonite|Fire Punch|p2a: Tyranitar\n|-resisted|p2a: Tyranitar\n|-damage|p2a: Tyranitar|84\/100\n|move|p2a: Tyranitar|Crunch|p1a: Dragonite\n|-damage|p1a: Dragonite|0 fnt\n|faint|p1a: Dragonite\n|\n|-weather|Sandstorm|[upkeep]\n|upkeep\n|\n|t:|1640850138\n|switch|p1a: Gengar|Gengar, F|43\/100\n|turn|22\n|\n|t:|1640850141\n|move|p1a: Gengar|Focus Blast|p2a: Tyranitar\n|-supereffective|p2a: Tyranitar\n|-crit|p2a: Tyranitar\n|-damage|p2a: Tyranitar|0 fnt\n|faint|p2a: Tyranitar\n|\n|win|person#16\n|raw|person#16's rating: 1372 &rarr; <strong>1385<\/strong><br \/>(+13 for winning)\n|raw|Cowsrule247's rating: 1237 &rarr; <strong>1221<\/strong><br \/>(-16 for losing)\n","uploadtime":1640850145,"views":13,"p1id":"person16","p2id":"cowsrule247","formatid":"gen4ou","rating":1221,"private":0,"password":null}