{"id":"gen4ou-1629775604","p1":"Sharow \u6c34\u4e0a","p2":"winter lanterns","format":"gen4ou","log":"|j|\u2606Sharow \u6c34\u4e0a\n|j|\u2606winter lanterns\n|t:|1659347374\n|gametype|singles\n|player|p1|Sharow \u6c34\u4e0a|smasher|\n|player|p2|winter lanterns|1|\n|teamsize|p1|6\n|teamsize|p2|6\n|gen|4\n|tier|[Gen 4] OU\n|rule|Sleep Clause Mod: Limit one foe put to sleep\n|rule|Species Clause: Limit one of each Pok\u00e9mon\n|rule|OHKO Clause: OHKO moves are banned\n|rule|Evasion Moves Clause: Evasion moves are banned\n|rule|Endless Battle Clause: Forcing endless battles is banned\n|rule|HP Percentage Mod: HP is shown in percentages\n|rule|Freeze Clause Mod: Limit one foe frozen\n|\n|t:|1659347374\n|start\n|switch|p1a: \u6c34|Azelf|100\/100\n|switch|p2a: Bronzong|Bronzong|100\/100\n|turn|1\n|c|\u2606winter lanterns|hf\n|c|\u2606Sharow \u6c34\u4e0a|gl\n|\n|t:|1659347393\n|move|p1a: \u6c34|Stealth Rock|p2a: Bronzong\n|-sidestart|p2: winter lanterns|move: Stealth Rock\n|move|p2a: Bronzong|Gyro Ball|p1a: \u6c34\n|-damage|p1a: \u6c34|0 fnt\n|faint|p1a: \u6c34\n|\n|upkeep\n|\n|t:|1659347398\n|switch|p1a: Rotom|Rotom-Wash|100\/100\n|turn|2\n|\n|t:|1659347402\n|move|p1a: Rotom|Will-O-Wisp|p2a: Bronzong\n|-status|p2a: Bronzong|brn\n|-enditem|p2a: Bronzong|Lum Berry|[eat]\n|-curestatus|p2a: Bronzong|brn|[msg]\n|move|p2a: Bronzong|Stealth Rock|p1a: Rotom\n|-sidestart|p1: Sharow \u6c34\u4e0a|move: Stealth Rock\n|\n|upkeep\n|turn|3\n|\n|t:|1659347409\n|switch|p2a: Kingdra|Kingdra, F|100\/100\n|-damage|p2a: Kingdra|88\/100|[from] Stealth Rock\n|move|p1a: Rotom|Will-O-Wisp|p2a: Kingdra\n|-status|p2a: Kingdra|brn\n|\n|-damage|p2a: Kingdra|76\/100 brn|[from] brn\n|upkeep\n|turn|4\n|\n|t:|1659347418\n|move|p1a: Rotom|Thunder|p2a: Kingdra\n|-damage|p2a: Kingdra|22\/100 brn\n|move|p2a: Kingdra|Surf|p1a: Rotom\n|-damage|p1a: Rotom|32\/100\n|\n|-damage|p2a: Kingdra|9\/100 brn|[from] brn\n|upkeep\n|turn|5\n|\n|t:|1659347423\n|move|p1a: Rotom|Shadow Ball|p2a: Kingdra\n|-damage|p2a: Kingdra|0 fnt\n|faint|p2a: Kingdra\n|\n|upkeep\n|j| 352342w\n|\n|t:|1659347456\n|switch|p2a: Starmie|Starmie|100\/100\n|-damage|p2a: Starmie|88\/100|[from] Stealth Rock\n|turn|6\n|\n|t:|1659347468\n|switch|p1a: \u708e|Kingdra, M|100\/100\n|-damage|p1a: \u708e|88\/100|[from] Stealth Rock\n|move|p2a: Starmie|Ice Beam|p1a: \u708e\n|-damage|p1a: \u708e|44\/100\n|-damage|p2a: Starmie|78\/100|[from] item: Life Orb\n|\n|upkeep\n|turn|7\n|\n|t:|1659347481\n|move|p2a: Starmie|Ice Beam|p1a: \u708e\n|-damage|p1a: \u708e|1\/100\n|-damage|p2a: Starmie|68\/100|[from] item: Life Orb\n|move|p1a: \u708e|Draco Meteor|p2a: Starmie\n|-damage|p2a: Starmie|0 fnt\n|-unboost|p1a: \u708e|spa|2\n|faint|p2a: Starmie\n|\n|upkeep\n|\n|t:|1659347486\n|switch|p2a: Flygon|Flygon, M|100\/100\n|-damage|p2a: Flygon|95\/100|[from] Stealth Rock\n|turn|8\n|\n|t:|1659347491\n|move|p2a: Flygon|U-turn|p1a: \u708e\n|-damage|p1a: \u708e|0 fnt\n|faint|p1a: \u708e\n|\n|t:|1659347495\n|switch|p2a: Scizor|Scizor, M|100\/100|[from]move: U-turn\n|-damage|p2a: Scizor|88\/100|[from] Stealth Rock\n|\n|upkeep\n|\n|t:|1659347502\n|switch|p1a: Rotom|Rotom-Wash|32\/100\n|-damage|p1a: Rotom|20\/100|[from] Stealth Rock\n|turn|9\n|\n|t:|1659347524\n|move|p2a: Scizor|Bullet Punch|p1a: Rotom\n|-resisted|p1a: Rotom\n|-damage|p1a: Rotom|0 fnt\n|faint|p1a: Rotom\n|\n|upkeep\n|\n|t:|1659347527\n|switch|p1a: \u96f7|Scizor, F|100\/100\n|-damage|p1a: \u96f7|88\/100|[from] Stealth Rock\n|turn|10\n|\n|t:|1659347531\n|switch|p2a: Rotom|Rotom-Wash|100\/100\n|-damage|p2a: Rotom|88\/100|[from] Stealth Rock\n|move|p1a: \u96f7|Rain Dance|p1a: \u96f7\n|-weather|RainDance\n|\n|-weather|RainDance|[upkeep]\n|upkeep\n|turn|11\n|\n|t:|1659347537\n|move|p2a: Rotom|Thunderbolt|p1a: \u96f7\n|-damage|p1a: \u96f7|30\/100\n|move|p1a: \u96f7|Pursuit|p2a: Rotom\n|-supereffective|p2a: Rotom\n|-damage|p2a: Rotom|38\/100\n|\n|-weather|RainDance|[upkeep]\n|upkeep\n|turn|12\n|\n|t:|1659347545\n|move|p1a: \u96f7|Bullet Punch|p2a: Rotom\n|-resisted|p2a: Rotom\n|-damage|p2a: Rotom|18\/100\n|move|p2a: Rotom|Thunderbolt|p1a: \u96f7\n|-damage|p1a: \u96f7|0 fnt\n|faint|p1a: \u96f7\n|\n|-weather|RainDance|[upkeep]\n|upkeep\n|\n|t:|1659347558\n|switch|p1a: \u571f|Qwilfish, F|100\/100\n|-damage|p1a: \u571f|88\/100|[from] Stealth Rock\n|turn|13\n|\n|t:|1659347561\n|move|p1a: \u571f|Waterfall|p2a: Rotom\n|-damage|p2a: Rotom|0 fnt\n|faint|p2a: Rotom\n|-damage|p1a: \u571f|78\/100|[from] item: Life Orb\n|\n|-weather|RainDance|[upkeep]\n|upkeep\n|\n|t:|1659347591\n|switch|p2a: Bronzong|Bronzong|100\/100\n|-damage|p2a: Bronzong|94\/100|[from] Stealth Rock\n|turn|14\n|\n|t:|1659347595\n|move|p1a: \u571f|Waterfall|p2a: Bronzong\n|-damage|p2a: Bronzong|25\/100\n|-damage|p1a: \u571f|69\/100|[from] item: Life Orb\n|move|p2a: Bronzong|Earthquake|p1a: \u571f\n|-supereffective|p1a: \u571f\n|-damage|p1a: \u571f|0 fnt\n|faint|p1a: \u571f\n|\n|-weather|RainDance|[upkeep]\n|upkeep\n|\n|t:|1659347600\n|switch|p1a: Kabutops|Kabutops, M|100\/100\n|-damage|p1a: Kabutops|88\/100|[from] Stealth Rock\n|turn|15\n|\n|t:|1659347605\n|move|p1a: Kabutops|Waterfall|p2a: Bronzong\n|-damage|p2a: Bronzong|0 fnt\n|faint|p2a: Bronzong\n|\n|-weather|RainDance|[upkeep]\n|upkeep\n|\n|t:|1659347646\n|switch|p2a: Scizor|Scizor, M|88\/100\n|-damage|p2a: Scizor|76\/100|[from] Stealth Rock\n|turn|16\n|\n|t:|1659347653\n|move|p2a: Scizor|Bullet Punch|p1a: Kabutops\n|-damage|p1a: Kabutops|25\/100\n|move|p1a: Kabutops|Waterfall|p2a: Scizor\n|-damage|p2a: Scizor|4\/100\n|\n|-weather|RainDance|[upkeep]\n|upkeep\n|turn|17\n|\n|t:|1659347658\n|move|p1a: Kabutops|Aqua Jet|p2a: Scizor\n|-damage|p2a: Scizor|0 fnt\n|faint|p2a: Scizor\n|\n|-weather|none\n|upkeep\n|\n|t:|1659347660\n|switch|p2a: Flygon|Flygon, M|95\/100\n|-damage|p2a: Flygon|89\/100|[from] Stealth Rock\n|turn|18\n|\n|t:|1659347663\n|move|p1a: Kabutops|Aqua Jet|p2a: Flygon\n|-damage|p2a: Flygon|54\/100\n|move|p2a: Flygon|Earthquake|p1a: Kabutops\n|-supereffective|p1a: Kabutops\n|-damage|p1a: Kabutops|0 fnt\n|faint|p1a: Kabutops\n|\n|win|winter lanterns\n|c|\u2606Sharow \u6c34\u4e0a|gg\n|c|\u2606winter lanterns|gg\n|l|\u2606Sharow \u6c34\u4e0a\n","uploadtime":1659347671,"views":26,"p1id":"sharow","p2id":"winterlanterns","formatid":"gen4ou","rating":0,"private":0,"password":null}