{"id":"gen4ubers-1663997735","p1":"Hydreigon > Latias","p2":"dd absol","format":"gen4ubers","log":"|j|\u2606Hydreigon > Latias\n|j|\u2606dd absol\n|t:|1663157649\n|gametype|singles\n|player|p1|Hydreigon > Latias|guitarist|1172\n|player|p2|dd absol|acetrainerf|1249\n|teamsize|p1|6\n|teamsize|p2|6\n|gen|4\n|tier|[Gen 4] Ubers\n|rated|\n|rule|Sleep Clause Mod: Limit one foe put to sleep\n|rule|Species Clause: Limit one of each Pok\u00e9mon\n|rule|OHKO Clause: OHKO moves are banned\n|rule|Evasion Items Clause: Evasion items are banned\n|rule|Evasion Moves Clause: Evasion moves are banned\n|rule|Endless Battle Clause: Forcing endless battles is banned\n|rule|HP Percentage Mod: HP is shown in percentages\n|\n|t:|1663157649\n|start\n|switch|p1a: Tyranitar|Tyranitar, F|100\/100\n|switch|p2a: bad boi|Deoxys-Attack|100\/100\n|-ability|p2a: bad boi|Pressure\n|-weather|Sandstorm|[from] ability: Sand Stream|[of] p1a: Tyranitar\n|turn|1\n|\n|t:|1663157660\n|move|p2a: bad boi|Spikes|p1a: Tyranitar\n|-sidestart|p1: Hydreigon > Latias|Spikes\n|move|p1a: Tyranitar|Stealth Rock|p2a: bad boi\n|-sidestart|p2: dd absol|move: Stealth Rock\n|\n|-weather|Sandstorm|[upkeep]\n|-damage|p2a: bad boi|94\/100|[from] Sandstorm\n|upkeep\n|turn|2\n|\n|t:|1663157663\n|move|p2a: bad boi|Superpower|p1a: Tyranitar\n|-supereffective|p1a: Tyranitar\n|-damage|p1a: Tyranitar|1\/100\n|-unboost|p2a: bad boi|atk|1\n|-unboost|p2a: bad boi|def|1\n|-enditem|p1a: Tyranitar|Focus Sash\n|move|p1a: Tyranitar|Payback|p2a: bad boi\n|-supereffective|p2a: bad boi\n|-damage|p2a: bad boi|0 fnt\n|faint|p2a: bad boi\n|\n|-weather|Sandstorm|[upkeep]\n|upkeep\n|\n|t:|1663157672\n|switch|p2a: ocean man|Kyogre|100\/100\n|-damage|p2a: ocean man|88\/100|[from] Stealth Rock\n|-weather|RainDance|[from] ability: Drizzle|[of] p2a: ocean man\n|turn|3\n|\n|t:|1663157686\n|move|p2a: ocean man|Ice Beam|p1a: Tyranitar\n|-damage|p1a: Tyranitar|0 fnt\n|faint|p1a: Tyranitar\n|\n|-weather|RainDance|[upkeep]\n|-heal|p2a: ocean man|94\/100|[from] item: Leftovers\n|upkeep\n|\n|t:|1663157688\n|switch|p1a: Palkia|Palkia|100\/100\n|-damage|p1a: Palkia|88\/100|[from] Spikes\n|-ability|p1a: Palkia|Pressure\n|turn|4\n|\n|t:|1663157706\n|switch|p2a: phone dial|Dialga|100\/100\n|-damage|p2a: phone dial|94\/100|[from] Stealth Rock\n|-ability|p2a: phone dial|Pressure\n|move|p1a: Palkia|Thunder|p2a: phone dial\n|-resisted|p2a: phone dial\n|-damage|p2a: phone dial|70\/100\n|\n|-weather|RainDance|[upkeep]\n|upkeep\n|turn|5\n|\n|t:|1663157713\n|switch|p1a: Skarmory|Skarmory, F|100\/100\n|move|p2a: phone dial|Draco Meteor|p1a: Skarmory\n|-resisted|p1a: Skarmory\n|-damage|p1a: Skarmory|56\/100\n|-unboost|p2a: phone dial|spa|2\n|\n|-weather|RainDance|[upkeep]\n|-heal|p1a: Skarmory|62\/100|[from] item: Leftovers\n|upkeep\n|turn|6\n|\n|t:|1663157729\n|switch|p2a: sexy lady|Latias, F|100\/100\n|-damage|p2a: sexy lady|88\/100|[from] Stealth Rock\n|move|p1a: Skarmory|Spikes|p2a: sexy lady\n|-sidestart|p2: dd absol|Spikes\n|\n|-weather|RainDance|[upkeep]\n|-heal|p1a: Skarmory|68\/100|[from] item: Leftovers\n|upkeep\n|turn|7\n|\n|t:|1663157739\n|switch|p1a: Jirachi|Jirachi|100\/100\n|-damage|p1a: Jirachi|88\/100|[from] Spikes\n|move|p2a: sexy lady|Thunder|p1a: Jirachi\n|-damage|p1a: Jirachi|29\/100\n|\n|-weather|RainDance|[upkeep]\n|upkeep\n|turn|8\n|\n|t:|1663157750\n|switch|p2a: spooky scary|Giratina-Origin|100\/100\n|-damage|p2a: spooky scary|88\/100|[from] Stealth Rock\n|move|p1a: Jirachi|Iron Head|p2a: spooky scary\n|-damage|p2a: spooky scary|61\/100\n|\n|-weather|RainDance|[upkeep]\n|upkeep\n|turn|9\n|\n|t:|1663157756\n|switch|p1a: Skarmory|Skarmory, F|68\/100\n|move|p2a: spooky scary|Thunder|p1a: Skarmory\n|-supereffective|p1a: Skarmory\n|-damage|p1a: Skarmory|0 fnt\n|faint|p1a: Skarmory\n|\n|-weather|RainDance|[upkeep]\n|upkeep\n|\n|t:|1663157760\n|switch|p1a: Palkia|Palkia|88\/100\n|-damage|p1a: Palkia|76\/100|[from] Spikes\n|-ability|p1a: Palkia|Pressure\n|turn|10\n|\n|t:|1663157764\n|switch|p2a: special one|Jirachi|100\/100\n|-damage|p2a: special one|94\/100|[from] Stealth Rock\n|-damage|p2a: special one|82\/100|[from] Spikes\n|move|p1a: Palkia|Spacial Rend|p2a: special one\n|-resisted|p2a: special one\n|-damage|p2a: special one|64\/100\n|\n|-weather|RainDance|[upkeep]\n|-heal|p2a: special one|70\/100|[from] item: Leftovers\n|upkeep\n|turn|11\n|\n|t:|1663157770\n|move|p1a: Palkia|Thunder|p2a: special one\n|-damage|p2a: special one|39\/100\n|-status|p2a: special one|par\n|move|p2a: special one|Stealth Rock|p1a: Palkia\n|-sidestart|p1: Hydreigon > Latias|move: Stealth Rock\n|\n|-weather|RainDance|[upkeep]\n|-heal|p2a: special one|45\/100 par|[from] item: Leftovers\n|upkeep\n|turn|12\n|\n|t:|1663157775\n|move|p1a: Palkia|Surf|p2a: special one\n|-damage|p2a: special one|0 fnt\n|faint|p2a: special one\n|\n|-weather|RainDance|[upkeep]\n|upkeep\n|\n|t:|1663157785\n|switch|p2a: sexy lady|Latias, F|88\/100\n|-damage|p2a: sexy lady|76\/100|[from] Stealth Rock\n|turn|13\n|\n|t:|1663157792\n|move|p2a: sexy lady|Draco Meteor|p1a: Palkia\n|-supereffective|p1a: Palkia\n|-enditem|p1a: Palkia|Haban Berry|[eat]\n|-enditem|p1a: Palkia|Haban Berry|[weaken]\n|-damage|p1a: Palkia|0 fnt\n|-unboost|p2a: sexy lady|spa|2\n|faint|p1a: Palkia\n|\n|-weather|RainDance|[upkeep]\n|upkeep\n|\n|t:|1663157809\n|switch|p1a: Giratina|Giratina-Origin|100\/100\n|-damage|p1a: Giratina|88\/100|[from] Stealth Rock\n|turn|14\n|\n|t:|1663157816\n|move|p2a: sexy lady|Draco Meteor|p1a: Giratina\n|-supereffective|p1a: Giratina\n|-damage|p1a: Giratina|0 fnt\n|-unboost|p2a: sexy lady|spa|2\n|faint|p1a: Giratina\n|\n|-weather|RainDance|[upkeep]\n|upkeep\n|-message|Hydreigon > Latias forfeited.\n|\n|win|dd absol\n|raw|Hydreigon &gt; Latias's rating: 1172 &rarr; <strong>1152<\/strong><br \/>(-20 for losing)\n|raw|dd absol's rating: 1249 &rarr; <strong>1269<\/strong><br \/>(+20 for winning)\n|l|\u2606Hydreigon > Latias\n||Ladder isn't responding, score probably updated but might not have (Request timeout).\n","uploadtime":1663157896,"views":16,"p1id":"hydreigonlatias","p2id":"ddabsol","formatid":"gen4ubers","rating":1152,"private":0,"password":null}