{"id":"gen4ou-1316598751","p1":"Foolish Players","p2":"Regirockefeller","format":"gen4ou","log":"|j|\u2606Foolish Players\n|j|\u2606Regirockefeller\n|t:|1617760393\n|gametype|singles\n|player|p1|Foolish Players|hiker-gen1rb|1333\n|player|p2|Regirockefeller|clerk-boss|1122\n|teamsize|p1|6\n|teamsize|p2|6\n|gen|4\n|tier|[Gen 4] OU\n|rated|\n|rule|Sleep Clause Mod: Limit one foe put to sleep\n|rule|Species Clause: Limit one of each Pok\u00e9mon\n|rule|OHKO Clause: OHKO moves are banned\n|rule|Evasion Moves Clause: Evasion moves are banned\n|rule|Endless Battle Clause: Forcing endless battles is banned\n|rule|HP Percentage Mod: HP is shown in percentages\n|\n|t:|1617760393\n|start\n|switch|p1a: Heatran|Heatran, M|100\/100\n|switch|p2a: Celebi|Celebi|100\/100\n|turn|1\n|inactive|Battle timer is ON: inactive players will automatically lose when time's up. (requested by Foolish Players)\n|\n|t:|1617760420\n|move|p2a: Celebi|U-turn|p1a: Heatran\n|-resisted|p1a: Heatran\n|-damage|p1a: Heatran|97\/100\n|\n|t:|1617760424\n|switch|p2a: Starmie|Starmie, shiny|100\/100|[from]move: U-turn\n|move|p1a: Heatran|Stealth Rock|p2a: Starmie\n|-sidestart|p2: Regirockefeller|move: Stealth Rock\n|\n|upkeep\n|turn|2\n|\n|t:|1617760431\n|switch|p1a: Abomasnow|Abomasnow, F|100\/100\n|-weather|Hail|[from] ability: Snow Warning|[of] p1a: Abomasnow\n|move|p2a: Starmie|Hydro Pump|p1a: Abomasnow\n|-resisted|p1a: Abomasnow\n|-damage|p1a: Abomasnow|63\/100\n|-damage|p2a: Starmie|91\/100|[from] item: Life Orb\n|\n|-weather|Hail|[upkeep]\n|-damage|p2a: Starmie|84\/100|[from] Hail\n|-heal|p1a: Abomasnow|70\/100|[from] item: Leftovers\n|upkeep\n|turn|3\n|\n|t:|1617760450\n|switch|p2a: Metagross|Metagross, shiny|100\/100\n|-damage|p2a: Metagross|95\/100|[from] Stealth Rock\n|move|p1a: Abomasnow|Wood Hammer|p2a: Metagross\n|-resisted|p2a: Metagross\n|-damage|p2a: Metagross|72\/100\n|-damage|p1a: Abomasnow|64\/100|[from] Recoil\n|\n|-weather|Hail|[upkeep]\n|-damage|p2a: Metagross|66\/100|[from] Hail\n|-heal|p1a: Abomasnow|70\/100|[from] item: Leftovers\n|upkeep\n|turn|4\n|\n|t:|1617760462\n|move|p1a: Abomasnow|Protect|p1a: Abomasnow\n|-singleturn|p1a: Abomasnow|Protect\n|move|p2a: Metagross|Meteor Mash|p1a: Abomasnow\n|-activate|p1a: Abomasnow|Protect\n|\n|-weather|Hail|[upkeep]\n|-damage|p2a: Metagross|60\/100|[from] Hail\n|-heal|p1a: Abomasnow|76\/100|[from] item: Leftovers\n|upkeep\n|turn|5\n|\n|t:|1617760484\n|switch|p1a: Heatran|Heatran, M|97\/100\n|move|p2a: Metagross|Earthquake|p1a: Heatran\n|-supereffective|p1a: Heatran\n|-enditem|p1a: Heatran|Shuca Berry|[eat]\n|-enditem|p1a: Heatran|Shuca Berry|[weaken]\n|-damage|p1a: Heatran|29\/100\n|\n|-weather|Hail|[upkeep]\n|-damage|p1a: Heatran|22\/100|[from] Hail\n|-damage|p2a: Metagross|54\/100|[from] Hail\n|upkeep\n|turn|6\n|\n|t:|1617760494\n|move|p1a: Heatran|Earth Power|p2a: Metagross\n|-supereffective|p2a: Metagross\n|-damage|p2a: Metagross|0 fnt\n|faint|p2a: Metagross\n|\n|-weather|Hail|[upkeep]\n|-damage|p1a: Heatran|16\/100|[from] Hail\n|upkeep\n|inactive|Regirockefeller has 120 seconds left.\n|\n|t:|1617760553\n|switch|p2a: Celebi|Celebi|100\/100\n|-damage|p2a: Celebi|88\/100|[from] Stealth Rock\n|turn|7\n|inactive|Foolish Players has 120 seconds left.\n|\n|t:|1617760598\n|switch|p1a: Latias|Latias, F|100\/100\n|move|p2a: Celebi|Psychic|p1a: Latias\n|-resisted|p1a: Latias\n|-damage|p1a: Latias|83\/100\n|\n|-weather|Hail|[upkeep]\n|-damage|p1a: Latias|77\/100|[from] Hail\n|-damage|p2a: Celebi|82\/100|[from] Hail\n|-heal|p2a: Celebi|88\/100|[from] item: Leftovers\n|upkeep\n|turn|8\n|\n|t:|1617760632\n|switch|p1a: Jirachi|Jirachi|100\/100\n|move|p2a: Celebi|Thunder Wave|p1a: Jirachi\n|-status|p1a: Jirachi|par\n|\n|-weather|Hail|[upkeep]\n|-damage|p2a: Celebi|82\/100|[from] Hail\n|-damage|p1a: Jirachi|94\/100 par|[from] Hail\n|-heal|p2a: Celebi|88\/100|[from] item: Leftovers\n|upkeep\n|turn|9\n|\n|t:|1617760648\n|move|p2a: Celebi|U-turn|p1a: Jirachi\n|-damage|p1a: Jirachi|81\/100 par\n|\n|t:|1617760651\n|switch|p2a: Bronzong|Bronzong|100\/100|[from]move: U-turn\n|-damage|p2a: Bronzong|94\/100|[from] Stealth Rock\n|move|p1a: Jirachi|Ice Punch|p2a: Bronzong\n|-resisted|p2a: Bronzong\n|-crit|p2a: Bronzong\n|-damage|p2a: Bronzong|71\/100\n|\n|-weather|Hail|[upkeep]\n|-damage|p1a: Jirachi|75\/100 par|[from] Hail\n|-damage|p2a: Bronzong|65\/100|[from] Hail\n|-heal|p2a: Bronzong|71\/100|[from] item: Leftovers\n|upkeep\n|turn|10\n|\n|t:|1617760669\n|switch|p1a: Heatran|Heatran, M|16\/100\n|move|p2a: Bronzong|Stealth Rock|p1a: Heatran\n|-sidestart|p1: Foolish Players|move: Stealth Rock\n|\n|-weather|Hail|[upkeep]\n|-damage|p1a: Heatran|10\/100|[from] Hail\n|-damage|p2a: Bronzong|65\/100|[from] Hail\n|-heal|p2a: Bronzong|71\/100|[from] item: Leftovers\n|upkeep\n|turn|11\n|inactive|Regirockefeller has 120 seconds left.\n|\n|t:|1617760687\n|move|p1a: Heatran|Fire Blast|p2a: Bronzong|[miss]\n|-miss|p1a: Heatran|p2a: Bronzong\n|move|p2a: Bronzong|Gyro Ball|p1a: Heatran\n|-resisted|p1a: Heatran\n|-damage|p1a: Heatran|0 fnt\n|faint|p1a: Heatran\n|\n|-weather|Hail|[upkeep]\n|-damage|p2a: Bronzong|65\/100|[from] Hail\n|-heal|p2a: Bronzong|71\/100|[from] item: Leftovers\n|upkeep\n|\n|t:|1617760699\n|switch|p1a: Walrein|Walrein, M|100\/100\n|-damage|p1a: Walrein|76\/100|[from] Stealth Rock\n|turn|12\n|inactive|Regirockefeller has 120 seconds left.\n|\n|t:|1617760704\n|move|p1a: Walrein|Substitute|p1a: Walrein\n|-start|p1a: Walrein|Substitute\n|-damage|p1a: Walrein|51\/100\n|move|p2a: Bronzong|Gyro Ball|p1a: Walrein\n|-crit|p1a: Walrein\n|-end|p1a: Walrein|Substitute\n|\n|-weather|Hail|[upkeep]\n|-heal|p1a: Walrein|57\/100|[from] ability: Ice Body\n|-damage|p2a: Bronzong|65\/100|[from] Hail\n|-heal|p1a: Walrein|63\/100|[from] item: Leftovers\n|-heal|p2a: Bronzong|71\/100|[from] item: Leftovers\n|upkeep\n|turn|13\n|\n|t:|1617760713\n|move|p1a: Walrein|Protect|p1a: Walrein\n|-singleturn|p1a: Walrein|Protect\n|move|p2a: Bronzong|Gyro Ball|p1a: Walrein\n|-activate|p1a: Walrein|Protect\n|\n|-weather|Hail|[upkeep]\n|-heal|p1a: Walrein|69\/100|[from] ability: Ice Body\n|-damage|p2a: Bronzong|65\/100|[from] Hail\n|-heal|p1a: Walrein|76\/100|[from] item: Leftovers\n|-heal|p2a: Bronzong|71\/100|[from] item: Leftovers\n|upkeep\n|turn|14\n|\n|t:|1617760716\n|move|p1a: Walrein|Substitute|p1a: Walrein\n|-start|p1a: Walrein|Substitute\n|-damage|p1a: Walrein|51\/100\n|move|p2a: Bronzong|Gyro Ball|p1a: Walrein\n|-activate|p1a: Walrein|Substitute|[damage]\n|\n|-weather|Hail|[upkeep]\n|-heal|p1a: Walrein|57\/100|[from] ability: Ice Body\n|-damage|p2a: Bronzong|65\/100|[from] Hail\n|-heal|p1a: Walrein|63\/100|[from] item: Leftovers\n|-heal|p2a: Bronzong|71\/100|[from] item: Leftovers\n|upkeep\n|turn|15\n|inactive|Foolish Players has 120 seconds left.\n|\n|t:|1617760734\n|move|p1a: Walrein|Surf|p2a: Bronzong\n|-crit|p2a: Bronzong\n|-damage|p2a: Bronzong|9\/100\n|move|p2a: Bronzong|Gyro Ball|p1a: Walrein\n|-end|p1a: Walrein|Substitute\n|\n|-weather|Hail|[upkeep]\n|-heal|p1a: Walrein|69\/100|[from] ability: Ice Body\n|-damage|p2a: Bronzong|3\/100|[from] Hail\n|-heal|p1a: Walrein|76\/100|[from] item: Leftovers\n|-heal|p2a: Bronzong|9\/100|[from] item: Leftovers\n|upkeep\n|turn|16\n|inactive|Foolish Players has 120 seconds left.\n|\n|t:|1617760744\n|move|p1a: Walrein|Substitute|p1a: Walrein\n|-start|p1a: Walrein|Substitute\n|-damage|p1a: Walrein|51\/100\n|move|p2a: Bronzong|Reflect|p2a: Bronzong\n|-sidestart|p2: Regirockefeller|Reflect\n|\n|-weather|Hail|[upkeep]\n|-heal|p1a: Walrein|57\/100|[from] ability: Ice Body\n|-damage|p2a: Bronzong|3\/100|[from] Hail\n|-heal|p1a: Walrein|63\/100|[from] item: Leftovers\n|-heal|p2a: Bronzong|9\/100|[from] item: Leftovers\n|upkeep\n|turn|17\n|\n|t:|1617760754\n|switch|p2a: Celebi|Celebi|88\/100\n|-damage|p2a: Celebi|76\/100|[from] Stealth Rock\n|move|p1a: Walrein|Protect||[still]\n|-fail|p1a: Walrein\n|\n|-weather|Hail|[upkeep]\n|-damage|p2a: Celebi|70\/100|[from] Hail\n|-heal|p1a: Walrein|69\/100|[from] ability: Ice Body\n|-heal|p2a: Celebi|76\/100|[from] item: Leftovers\n|-heal|p1a: Walrein|76\/100|[from] item: Leftovers\n|upkeep\n|turn|18\n|\n|t:|1617760758\n|move|p2a: Celebi|Energy Ball|p1a: Walrein\n|-supereffective|p1a: Walrein\n|-crit|p1a: Walrein\n|-end|p1a: Walrein|Substitute\n|move|p1a: Walrein|Toxic|p2a: Celebi\n|-status|p2a: Celebi|tox\n|\n|-weather|Hail|[upkeep]\n|-damage|p2a: Celebi|70\/100 tox|[from] Hail\n|-heal|p1a: Walrein|82\/100|[from] ability: Ice Body\n|-heal|p2a: Celebi|76\/100 tox|[from] item: Leftovers\n|-heal|p1a: Walrein|88\/100|[from] item: Leftovers\n|-damage|p2a: Celebi|70\/100 tox|[from] psn\n|upkeep\n|turn|19\n|\n|t:|1617760770\n|move|p1a: Walrein|Protect|p1a: Walrein\n|-singleturn|p1a: Walrein|Protect\n|move|p2a: Celebi|Energy Ball|p1a: Walrein\n|-activate|p1a: Walrein|Protect\n|\n|-weather|Hail|[upkeep]\n|-damage|p2a: Celebi|64\/100 tox|[from] Hail\n|-heal|p1a: Walrein|94\/100|[from] ability: Ice Body\n|-heal|p2a: Celebi|70\/100 tox|[from] item: Leftovers\n|-heal|p1a: Walrein|100\/100|[from] item: Leftovers\n|-damage|p2a: Celebi|57\/100 tox|[from] psn\n|upkeep\n|turn|20\n|\n|t:|1617760781\n|switch|p1a: Jirachi|Jirachi|75\/100 par\n|-damage|p1a: Jirachi|69\/100 par|[from] Stealth Rock\n|move|p2a: Celebi|Energy Ball|p1a: Jirachi\n|-resisted|p1a: Jirachi\n|-damage|p1a: Jirachi|47\/100 par\n|\n|-weather|Hail|[upkeep]\n|-damage|p2a: Celebi|51\/100 tox|[from] Hail\n|-damage|p1a: Jirachi|41\/100 par|[from] Hail\n|-heal|p2a: Celebi|57\/100 tox|[from] item: Leftovers\n|-damage|p2a: Celebi|39\/100 tox|[from] psn\n|-sideend|p2: Regirockefeller|Reflect\n|upkeep\n|turn|21\n|\n|t:|1617760790\n|move|p2a: Celebi|U-turn|p1a: Jirachi\n|-damage|p1a: Jirachi|28\/100 par\n|\n|t:|1617760797\n|-curestatus|p2a: Celebi|tox|[from] ability: Natural Cure\n|switch|p2a: Jirachi|Jirachi|100\/100|[from]move: U-turn\n|-damage|p2a: Jirachi|94\/100|[from] Stealth Rock\n|move|p1a: Jirachi|Grass Knot|p2a: Jirachi\n|-resisted|p2a: Jirachi\n|-damage|p2a: Jirachi|92\/100\n|\n|-weather|Hail|[upkeep]\n|-damage|p2a: Jirachi|86\/100|[from] Hail\n|-damage|p1a: Jirachi|22\/100 par|[from] Hail\n|upkeep\n|turn|22\n|\n|t:|1617760817\n|move|p2a: Jirachi|U-turn|p1a: Jirachi\n|-damage|p1a: Jirachi|0 fnt\n|faint|p1a: Jirachi\n|\n|t:|1617760832\n|switch|p2a: Cresselia|Cresselia, F, shiny|100\/100|[from]move: U-turn\n|-damage|p2a: Cresselia|88\/100|[from] Stealth Rock\n|\n|-weather|Hail|[upkeep]\n|-damage|p2a: Cresselia|82\/100|[from] Hail\n|-heal|p2a: Cresselia|88\/100|[from] item: Leftovers\n|upkeep\n|\n|t:|1617760839\n|switch|p1a: Latias|Latias, F|77\/100\n|-damage|p1a: Latias|65\/100|[from] Stealth Rock\n|turn|23\n|\n|t:|1617760846\n|move|p1a: Latias|Trick|p2a: Cresselia\n|-activate|p1a: Latias|move: Trick|[of] p2a: Cresselia\n|-item|p2a: Cresselia|Choice Scarf|[from] move: Trick\n|-item|p1a: Latias|Leftovers|[from] move: Trick\n|move|p2a: Cresselia|Toxic|p1a: Latias|[miss]\n|-miss|p2a: Cresselia|p1a: Latias\n|\n|-weather|Hail|[upkeep]\n|-damage|p1a: Latias|59\/100|[from] Hail\n|-damage|p2a: Cresselia|82\/100|[from] Hail\n|-heal|p1a: Latias|65\/100|[from] item: Leftovers\n|upkeep\n|turn|24\n|\n|t:|1617760856\n|switch|p1a: Tentacruel|Tentacruel, M|100\/100\n|-damage|p1a: Tentacruel|88\/100|[from] Stealth Rock\n|move|p2a: Cresselia|Toxic|p1a: Tentacruel\n|-immune|p1a: Tentacruel\n|\n|-weather|Hail|[upkeep]\n|-damage|p1a: Tentacruel|82\/100|[from] Hail\n|-damage|p2a: Cresselia|76\/100|[from] Hail\n|-heal|p1a: Tentacruel|88\/100|[from] item: Black Sludge\n|upkeep\n|turn|25\n|\n|t:|1617760863\n|switch|p2a: Bronzong|Bronzong|9\/100\n|-damage|p2a: Bronzong|3\/100|[from] Stealth Rock\n|move|p1a: Tentacruel|Rapid Spin|p2a: Bronzong\n|-resisted|p2a: Bronzong\n|-damage|p2a: Bronzong|2\/100\n|-sideend|p1: Foolish Players|Stealth Rock|[from] move: Rapid Spin|[of] p1a: Tentacruel\n|\n|-weather|Hail|[upkeep]\n|-damage|p1a: Tentacruel|82\/100|[from] Hail\n|-damage|p2a: Bronzong|0 fnt|[from] Hail\n|faint|p2a: Bronzong\n|-heal|p1a: Tentacruel|88\/100|[from] item: Black Sludge\n|upkeep\n|\n|t:|1617760873\n|switch|p2a: Celebi|Celebi|39\/100\n|-damage|p2a: Celebi|27\/100|[from] Stealth Rock\n|turn|26\n|\n|t:|1617760888\n|move|p1a: Tentacruel|Blizzard|p2a: Celebi\n|-supereffective|p2a: Celebi\n|-damage|p2a: Celebi|0 fnt\n|faint|p2a: Celebi\n|\n|-weather|Hail|[upkeep]\n|-damage|p1a: Tentacruel|82\/100|[from] Hail\n|-heal|p1a: Tentacruel|88\/100|[from] item: Black Sludge\n|upkeep\n|\n|t:|1617760901\n|switch|p2a: Starmie|Starmie, shiny|84\/100\n|-damage|p2a: Starmie|72\/100|[from] Stealth Rock\n|turn|27\n|inactive|Foolish Players has 120 seconds left.\n|\n|t:|1617760935\n|move|p2a: Starmie|Thunderbolt|p1a: Tentacruel\n|-supereffective|p1a: Tentacruel\n|-damage|p1a: Tentacruel|34\/100\n|-damage|p2a: Starmie|62\/100|[from] item: Life Orb\n|move|p1a: Tentacruel|Surf|p2a: Starmie\n|-resisted|p2a: Starmie\n|-damage|p2a: Starmie|41\/100\n|\n|-weather|Hail|[upkeep]\n|-damage|p2a: Starmie|34\/100|[from] Hail\n|-damage|p1a: Tentacruel|28\/100|[from] Hail\n|-heal|p1a: Tentacruel|34\/100|[from] item: Black Sludge\n|upkeep\n|turn|28\n|inactive|Foolish Players has 120 seconds left.\n|\n|t:|1617760946\n|move|p2a: Starmie|Recover|p2a: Starmie\n|-heal|p2a: Starmie|84\/100\n|move|p1a: Tentacruel|Surf|p2a: Starmie\n|-resisted|p2a: Starmie\n|-damage|p2a: Starmie|63\/100\n|\n|-weather|Hail|[upkeep]\n|-damage|p2a: Starmie|57\/100|[from] Hail\n|-damage|p1a: Tentacruel|28\/100|[from] Hail\n|-heal|p1a: Tentacruel|34\/100|[from] item: Black Sludge\n|upkeep\n|turn|29\n|inactive|Foolish Players has 120 seconds left.\n|\n|t:|1617760963\n|move|p2a: Starmie|Thunderbolt|p1a: Tentacruel\n|-supereffective|p1a: Tentacruel\n|-damage|p1a: Tentacruel|0 fnt\n|-damage|p2a: Starmie|47\/100|[from] item: Life Orb\n|faint|p1a: Tentacruel\n|\n|-weather|Hail|[upkeep]\n|-damage|p2a: Starmie|41\/100|[from] Hail\n|upkeep\n|inactive|Foolish Players has 120 seconds left.\n|\n|t:|1617760970\n|switch|p1a: Abomasnow|Abomasnow, F|76\/100\n|turn|30\n|\n|t:|1617760975\n|switch|p2a: Cresselia|Cresselia, F, shiny|76\/100\n|-damage|p2a: Cresselia|64\/100|[from] Stealth Rock\n|move|p1a: Abomasnow|Wood Hammer|p2a: Cresselia\n|-damage|p2a: Cresselia|30\/100\n|-damage|p1a: Abomasnow|65\/100|[from] Recoil\n|\n|-weather|Hail|[upkeep]\n|-damage|p2a: Cresselia|24\/100|[from] Hail\n|-heal|p1a: Abomasnow|71\/100|[from] item: Leftovers\n|upkeep\n|turn|31\n|\n|t:|1617760991\n|move|p1a: Abomasnow|Protect|p1a: Abomasnow\n|-singleturn|p1a: Abomasnow|Protect\n|move|p2a: Cresselia|Toxic|p1a: Abomasnow\n|-activate|p1a: Abomasnow|Protect\n|\n|-weather|Hail|[upkeep]\n|-damage|p2a: Cresselia|18\/100|[from] Hail\n|-heal|p1a: Abomasnow|78\/100|[from] item: Leftovers\n|upkeep\n|turn|32\n|\n|t:|1617761001\n|switch|p1a: Latias|Latias, F|65\/100\n|move|p2a: Cresselia|Toxic|p1a: Latias\n|-status|p1a: Latias|tox\n|\n|-weather|Hail|[upkeep]\n|-damage|p1a: Latias|59\/100 tox|[from] Hail\n|-damage|p2a: Cresselia|12\/100|[from] Hail\n|-heal|p1a: Latias|65\/100 tox|[from] item: Leftovers\n|-damage|p1a: Latias|59\/100 tox|[from] psn\n|upkeep\n|turn|33\n|\n|t:|1617761008\n|move|p1a: Latias|Thunderbolt|p2a: Cresselia\n|-damage|p2a: Cresselia|0 fnt\n|faint|p2a: Cresselia\n|\n|-weather|Hail|[upkeep]\n|-damage|p1a: Latias|53\/100 tox|[from] Hail\n|-heal|p1a: Latias|59\/100 tox|[from] item: Leftovers\n|-damage|p1a: Latias|47\/100 tox|[from] psn\n|upkeep\n|\n|t:|1617761012\n|switch|p2a: Jirachi|Jirachi|86\/100\n|-damage|p2a: Jirachi|80\/100|[from] Stealth Rock\n|turn|34\n|\n|t:|1617761034\n|move|p2a: Jirachi|U-turn|p1a: Latias\n|-supereffective|p1a: Latias\n|-damage|p1a: Latias|0 fnt\n|faint|p1a: Latias\n|\n|t:|1617761037\n|switch|p2a: Starmie|Starmie, shiny|41\/100|[from]move: U-turn\n|-damage|p2a: Starmie|28\/100|[from] Stealth Rock\n|\n|-weather|Hail|[upkeep]\n|-damage|p2a: Starmie|22\/100|[from] Hail\n|upkeep\n|\n|t:|1617761044\n|switch|p1a: Abomasnow|Abomasnow, F|78\/100\n|turn|35\n|\n|t:|1617761052\n|move|p2a: Starmie|Recover|p2a: Starmie\n|-heal|p2a: Starmie|72\/100\n|move|p1a: Abomasnow|Wood Hammer|p2a: Starmie\n|-supereffective|p2a: Starmie\n|-damage|p2a: Starmie|0 fnt\n|-damage|p1a: Abomasnow|61\/100|[from] Recoil\n|faint|p2a: Starmie\n|\n|-weather|Hail|[upkeep]\n|-heal|p1a: Abomasnow|68\/100|[from] item: Leftovers\n|upkeep\n|\n|t:|1617761057\n|switch|p2a: Jirachi|Jirachi|80\/100\n|-damage|p2a: Jirachi|74\/100|[from] Stealth Rock\n|turn|36\n|\n|t:|1617761061\n|move|p1a: Abomasnow|Protect|p1a: Abomasnow\n|-singleturn|p1a: Abomasnow|Protect\n|move|p2a: Jirachi|Iron Head|p1a: Abomasnow\n|-activate|p1a: Abomasnow|Protect\n|\n|-weather|Hail|[upkeep]\n|-damage|p2a: Jirachi|68\/100|[from] Hail\n|-heal|p1a: Abomasnow|74\/100|[from] item: Leftovers\n|upkeep\n|turn|37\n|\n|t:|1617761073\n|move|p2a: Jirachi|Iron Head|p1a: Abomasnow\n|-supereffective|p1a: Abomasnow\n|-damage|p1a: Abomasnow|0 fnt\n|faint|p1a: Abomasnow\n|\n|-weather|Hail|[upkeep]\n|-damage|p2a: Jirachi|62\/100|[from] Hail\n|upkeep\n|\n|t:|1617761076\n|switch|p1a: Walrein|Walrein, M|100\/100\n|turn|38\n|\n|t:|1617761080\n|move|p1a: Walrein|Protect|p1a: Walrein\n|-singleturn|p1a: Walrein|Protect\n|move|p2a: Jirachi|Iron Head|p1a: Walrein\n|-activate|p1a: Walrein|Protect\n|\n|-weather|Hail|[upkeep]\n|-damage|p2a: Jirachi|55\/100|[from] Hail\n|upkeep\n|turn|39\n|\n|t:|1617761084\n|move|p2a: Jirachi|Iron Head|p1a: Walrein\n|-crit|p1a: Walrein\n|-damage|p1a: Walrein|49\/100\n|cant|p1a: Walrein|flinch\n|\n|-weather|Hail|[upkeep]\n|-damage|p2a: Jirachi|49\/100|[from] Hail\n|-heal|p1a: Walrein|56\/100|[from] ability: Ice Body\n|-heal|p1a: Walrein|62\/100|[from] item: Leftovers\n|upkeep\n|turn|40\n|\n|t:|1617761089\n|move|p1a: Walrein|Protect|p1a: Walrein\n|-singleturn|p1a: Walrein|Protect\n|move|p2a: Jirachi|Iron Head|p1a: Walrein\n|-activate|p1a: Walrein|Protect\n|\n|-weather|Hail|[upkeep]\n|-damage|p2a: Jirachi|43\/100|[from] Hail\n|-heal|p1a: Walrein|68\/100|[from] ability: Ice Body\n|-heal|p1a: Walrein|74\/100|[from] item: Leftovers\n|upkeep\n|turn|41\n|\n|t:|1617761094\n|move|p2a: Jirachi|Iron Head|p1a: Walrein\n|-damage|p1a: Walrein|49\/100\n|cant|p1a: Walrein|flinch\n|\n|-weather|Hail|[upkeep]\n|-damage|p2a: Jirachi|37\/100|[from] Hail\n|-heal|p1a: Walrein|55\/100|[from] ability: Ice Body\n|-heal|p1a: Walrein|62\/100|[from] item: Leftovers\n|upkeep\n|turn|42\n|\n|t:|1617761097\n|move|p1a: Walrein|Protect|p1a: Walrein\n|-singleturn|p1a: Walrein|Protect\n|move|p2a: Jirachi|Iron Head|p1a: Walrein\n|-activate|p1a: Walrein|Protect\n|\n|-weather|Hail|[upkeep]\n|-damage|p2a: Jirachi|31\/100|[from] Hail\n|-heal|p1a: Walrein|68\/100|[from] ability: Ice Body\n|-heal|p1a: Walrein|74\/100|[from] item: Leftovers\n|upkeep\n|turn|43\n|\n|t:|1617761100\n|move|p2a: Jirachi|Iron Head|p1a: Walrein\n|-damage|p1a: Walrein|48\/100\n|cant|p1a: Walrein|flinch\n|\n|-weather|Hail|[upkeep]\n|-damage|p2a: Jirachi|25\/100|[from] Hail\n|-heal|p1a: Walrein|54\/100|[from] ability: Ice Body\n|-heal|p1a: Walrein|60\/100|[from] item: Leftovers\n|upkeep\n|turn|44\n|\n|t:|1617761105\n|move|p1a: Walrein|Protect|p1a: Walrein\n|-singleturn|p1a: Walrein|Protect\n|move|p2a: Jirachi|Iron Head|p1a: Walrein\n|-activate|p1a: Walrein|Protect\n|\n|-weather|Hail|[upkeep]\n|-damage|p2a: Jirachi|19\/100|[from] Hail\n|-heal|p1a: Walrein|66\/100|[from] ability: Ice Body\n|-heal|p1a: Walrein|72\/100|[from] item: Leftovers\n|upkeep\n|turn|45\n|\n|t:|1617761107\n|move|p2a: Jirachi|Iron Head|p1a: Walrein\n|-damage|p1a: Walrein|47\/100\n|cant|p1a: Walrein|flinch\n|\n|-weather|Hail|[upkeep]\n|-damage|p2a: Jirachi|12\/100|[from] Hail\n|-heal|p1a: Walrein|53\/100|[from] ability: Ice Body\n|-heal|p1a: Walrein|59\/100|[from] item: Leftovers\n|upkeep\n|turn|46\n|c|\u2606Foolish Players|GG\n|c|\u2606Regirockefeller|no it wasn't\n|c|\u2606Foolish Players|LOL\n|c|\u2606Foolish Players|GGGGG\n|inactive|Regirockefeller has 120 seconds left.\n|c|\u2606Foolish Players|the iceberg\n|inactive|Regirockefeller has 90 seconds left.\n|inactive|Regirockefeller has 60 seconds left.\n|c|\u2606Foolish Players|LE EPIC TIMER STALL\n|c|\u2606Foolish Players|DAMN YOU SHOWED ME\n|inactive|Regirockefeller has 30 seconds left.\n|inactive|Regirockefeller has 20 seconds left.\n|inactive|Regirockefeller has 15 seconds left.\n|inactive|Regirockefeller has 10 seconds left.\n|inactive|Regirockefeller has 5 seconds left.\n|\n|t:|1617761257\n|move|p1a: Walrein|Protect|p1a: Walrein\n|-singleturn|p1a: Walrein|Protect\n|move|p2a: Jirachi|Iron Head|p1a: Walrein\n|-activate|p1a: Walrein|Protect\n|\n|-weather|Hail|[upkeep]\n|-damage|p2a: Jirachi|6\/100|[from] Hail\n|-heal|p1a: Walrein|66\/100|[from] ability: Ice Body\n|-heal|p1a: Walrein|72\/100|[from] item: Leftovers\n|upkeep\n|turn|47\n|inactive|Regirockefeller has 15 seconds left this turn.\n|\n|t:|1617761260\n|move|p2a: Jirachi|Iron Head|p1a: Walrein\n|-crit|p1a: Walrein\n|-damage|p1a: Walrein|20\/100\n|cant|p1a: Walrein|flinch\n|\n|-weather|Hail|[upkeep]\n|-damage|p2a: Jirachi|0 fnt|[from] Hail\n|-heal|p1a: Walrein|26\/100|[from] ability: Ice Body\n|faint|p2a: Jirachi\n|\n|win|Foolish Players\n|upkeep\n|inactive|Regirockefeller has 20 seconds left this turn.\n|raw|Foolish Players's rating: 1333 &rarr; <strong>1342<\/strong><br \/>(+9 for winning)\n|raw|Regirockefeller's rating: 1122 &rarr; <strong>1111<\/strong><br \/>(-11 for losing)\n|l|\u2606Regirockefeller\n","uploadtime":1617761780,"views":22,"p1id":"foolishplayers","p2id":"regirockefeller","formatid":"gen4ou","rating":1111,"private":0,"password":null}