{"id":"gen5randombattle-1318118967","p1":"Ecroote","p2":"gostop","format":"gen5randombattle","log":"|j|\u2606Ecroote\n|j|\u2606gostop\n|t:|1617963623\n|gametype|singles\n|player|p1|Ecroote|266|\n|player|p2|gostop|hugh|\n|teamsize|p1|6\n|teamsize|p2|6\n|gen|5\n|tier|[Gen 5] Random Battle\n|rated|Tournament battle\n|rule|Sleep Clause Mod: Limit one foe put to sleep\n|rule|HP Percentage Mod: HP is shown in percentages\n|rule|Blitz: Super-fast timer\n|\n|t:|1617963623\n|start\n|switch|p1a: Jynx|Jynx, L86, F|251\/251\n|switch|p2a: Shaymin|Shaymin-Sky, L76|277\/277\n|turn|1\n|j| Saurav The Great\n|\n|t:|1617963630\n|switch|p2a: Shedinja|Shedinja, L88|1\/1\n|move|p1a: Jynx|Ice Beam|p2a: Shedinja\n|-immune|p2a: Shedinja|[from] ability: Wonder Guard\n|\n|upkeep\n|turn|2\n|\n|t:|1617963634\n|switch|p1a: Hypno|Hypno, L88, F|293\/293\n|move|p2a: Shedinja|Will-O-Wisp|p1a: Hypno|[miss]\n|-miss|p2a: Shedinja|p1a: Hypno\n|\n|upkeep\n|turn|3\n|\n|t:|1617963643\n|switch|p2a: Simisear|Simisear, L88, M|275\/275\n|move|p1a: Hypno|Thunder Wave|p2a: Simisear\n|-status|p2a: Simisear|par\n|\n|upkeep\n|turn|4\n|\n|t:|1617963649\n|switch|p1a: Landorus|Landorus-Therian, L80, M|274\/274\n|-ability|p1a: Landorus|Intimidate|boost\n|-unboost|p2a: Simisear|atk|1\n|move|p2a: Simisear|Fire Blast|p1a: Landorus\n|-damage|p1a: Landorus|112\/274\n|\n|-heal|p1a: Landorus|129\/274|[from] item: Leftovers\n|upkeep\n|turn|5\n|\n|t:|1617963659\n|switch|p2a: Shaymin|Shaymin-Sky, L76|277\/277\n|move|p1a: Landorus|Earthquake|p2a: Shaymin\n|-immune|p2a: Shaymin\n|\n|-heal|p1a: Landorus|146\/274|[from] item: Leftovers\n|upkeep\n|turn|6\n|\n|t:|1617963665\n|move|p2a: Shaymin|Air Slash|p1a: Landorus\n|-damage|p1a: Landorus|14\/274\n|cant|p1a: Landorus|flinch\n|\n|-heal|p1a: Landorus|31\/274|[from] item: Leftovers\n|upkeep\n|turn|7\n|\n|t:|1617963671\n|move|p2a: Shaymin|Air Slash|p1a: Landorus\n|-damage|p1a: Landorus|0 fnt\n|faint|p1a: Landorus\n|\n|upkeep\n|\n|t:|1617963673\n|switch|p1a: Hypno|Hypno, L88, F|293\/293\n|turn|8\n|\n|t:|1617963680\n|switch|p2a: Simisear|Simisear, L88, M|275\/275 par\n|move|p1a: Hypno|Psychic|p2a: Simisear\n|-damage|p2a: Simisear|169\/275 par\n|\n|-heal|p2a: Simisear|186\/275 par|[from] item: Leftovers\n|upkeep\n|turn|9\n|\n|t:|1617963685\n|move|p1a: Hypno|Psychic|p2a: Simisear\n|-damage|p2a: Simisear|87\/275 par\n|move|p2a: Simisear|Fire Blast|p1a: Hypno\n|-damage|p1a: Hypno|136\/293\n|\n|-heal|p1a: Hypno|154\/293|[from] item: Leftovers\n|-heal|p2a: Simisear|104\/275 par|[from] item: Leftovers\n|upkeep\n|turn|10\n|\n|t:|1617963690\n|move|p1a: Hypno|Psychic|p2a: Simisear\n|-damage|p2a: Simisear|1\/275 par\n|move|p2a: Simisear|Fire Blast|p1a: Hypno|[miss]\n|-miss|p2a: Simisear|p1a: Hypno\n|\n|-heal|p1a: Hypno|172\/293|[from] item: Leftovers\n|-heal|p2a: Simisear|18\/275 par|[from] item: Leftovers\n|upkeep\n|turn|11\n|\n|t:|1617963694\n|move|p1a: Hypno|Psychic|p2a: Simisear\n|-damage|p2a: Simisear|0 fnt\n|faint|p2a: Simisear\n|\n|-heal|p1a: Hypno|190\/293|[from] item: Leftovers\n|upkeep\n|\n|t:|1617963706\n|switch|p2a: Floatzel|Floatzel, L86, F|286\/286\n|turn|12\n|\n|t:|1617963708\n|move|p2a: Floatzel|Crunch|p1a: Hypno\n|-supereffective|p1a: Hypno\n|-damage|p1a: Hypno|44\/293\n|move|p1a: Hypno|Thunder Wave|p2a: Floatzel\n|-status|p2a: Floatzel|par\n|\n|-heal|p1a: Hypno|62\/293|[from] item: Leftovers\n|upkeep\n|turn|13\n|\n|t:|1617963714\n|move|p1a: Hypno|Wish|p1a: Hypno\n|move|p2a: Floatzel|Crunch|p1a: Hypno\n|-supereffective|p1a: Hypno\n|-damage|p1a: Hypno|0 fnt\n|faint|p1a: Hypno\n|\n|upkeep\n|j| Togkey\n|l| Togkey\n|\n|t:|1617963721\n|switch|p1a: Darkrai|Darkrai, L76|231\/231\n|turn|14\n|\n|t:|1617963728\n|move|p1a: Darkrai|Nasty Plot|p1a: Darkrai\n|-boost|p1a: Darkrai|spa|2\n|move|p2a: Floatzel|Waterfall|p1a: Darkrai\n|-damage|p1a: Darkrai|125\/231\n|\n|-heal|p1a: Darkrai|231\/231|[from] move: Wish|[wisher] Hypno\n|upkeep\n|turn|15\n|\n|t:|1617963735\n|move|p1a: Darkrai|Dark Pulse|p2a: Floatzel\n|-damage|p2a: Floatzel|10\/286 par\n|move|p2a: Floatzel|Waterfall|p1a: Darkrai\n|-damage|p1a: Darkrai|122\/231\n|\n|-heal|p1a: Darkrai|136\/231|[from] item: Leftovers\n|-heal|p2a: Floatzel|27\/286 par|[from] item: Leftovers\n|upkeep\n|turn|16\n|\n|t:|1617963740\n|move|p1a: Darkrai|Dark Pulse|p2a: Floatzel\n|-damage|p2a: Floatzel|0 fnt\n|faint|p2a: Floatzel\n|\n|-heal|p1a: Darkrai|150\/231|[from] item: Leftovers\n|upkeep\n|\n|t:|1617963751\n|switch|p2a: Shaymin|Shaymin-Sky, L76|277\/277\n|turn|17\n|\n|t:|1617963755\n|move|p2a: Shaymin|Air Slash|p1a: Darkrai\n|-damage|p1a: Darkrai|26\/231\n|cant|p1a: Darkrai|flinch\n|\n|-heal|p1a: Darkrai|40\/231|[from] item: Leftovers\n|upkeep\n|turn|18\n|\n|t:|1617963757\n|move|p2a: Shaymin|Air Slash|p1a: Darkrai\n|-damage|p1a: Darkrai|0 fnt\n|faint|p1a: Darkrai\n|\n|upkeep\n|\n|t:|1617963763\n|switch|p1a: Jynx|Jynx, L86, F|251\/251\n|turn|19\n|\n|t:|1617963766\n|switch|p2a: Shedinja|Shedinja, L88|1\/1\n|move|p1a: Jynx|Substitute|p1a: Jynx\n|-start|p1a: Jynx|Substitute\n|-damage|p1a: Jynx|189\/251\n|\n|-heal|p1a: Jynx|204\/251|[from] item: Leftovers\n|upkeep\n|turn|20\n|\n|t:|1617963772\n|move|p1a: Jynx|Ice Beam|p2a: Shedinja\n|-immune|p2a: Shedinja|[from] ability: Wonder Guard\n|move|p2a: Shedinja|Swords Dance|p2a: Shedinja\n|-boost|p2a: Shedinja|atk|2\n|\n|-heal|p1a: Jynx|219\/251|[from] item: Leftovers\n|upkeep\n|turn|21\n|\n|t:|1617963777\n|switch|p1a: Emolga|Emolga, L88, M|239\/239\n|move|p2a: Shedinja|Will-O-Wisp|p1a: Emolga\n|-status|p1a: Emolga|brn\n|\n|-damage|p1a: Emolga|210\/239 brn|[from] brn\n|upkeep\n|turn|22\n|\n|t:|1617963784\n|switch|p2a: Electivire|Electivire, L84, F|263\/263\n|move|p1a: Emolga|Acrobatics|p2a: Electivire\n|-enditem|p1a: Emolga|Flying Gem|[from] gem\n|-resisted|p2a: Electivire\n|-damage|p2a: Electivire|219\/263\n|\n|-heal|p2a: Electivire|235\/263|[from] item: Leftovers\n|-damage|p1a: Emolga|181\/239 brn|[from] brn\n|upkeep\n|turn|23\n|\n|t:|1617963789\n|switch|p1a: Hitmontop|Hitmontop, L82, M|216\/216\n|-ability|p1a: Hitmontop|Intimidate|boost\n|-unboost|p2a: Electivire|atk|1\n|move|p2a: Electivire|Substitute|p2a: Electivire\n|-start|p2a: Electivire|Substitute\n|-damage|p2a: Electivire|170\/263\n|\n|-heal|p2a: Electivire|186\/263|[from] item: Leftovers\n|upkeep\n|turn|24\n|\n|t:|1617963797\n|move|p2a: Electivire|Wild Charge|p1a: Hitmontop\n|-damage|p1a: Hitmontop|141\/216\n|-damage|p2a: Electivire|167\/263|[from] Recoil\n|move|p1a: Hitmontop|Stone Edge|p2a: Electivire|[miss]\n|-miss|p1a: Hitmontop|p2a: Electivire\n|\n|-heal|p2a: Electivire|183\/263|[from] item: Leftovers\n|-heal|p1a: Hitmontop|154\/216|[from] item: Leftovers\n|upkeep\n|turn|25\n|\n|t:|1617963803\n|-singleturn|p2a: Electivire|move: Focus Punch\n|move|p1a: Hitmontop|Stone Edge|p2a: Electivire\n|-end|p2a: Electivire|Substitute\n|move|p2a: Electivire|Focus Punch|p1a: Hitmontop\n|-damage|p1a: Hitmontop|73\/216\n|\n|-heal|p2a: Electivire|199\/263|[from] item: Leftovers\n|-heal|p1a: Hitmontop|86\/216|[from] item: Leftovers\n|upkeep\n|turn|26\n|\n|t:|1617963818\n|move|p2a: Electivire|Flamethrower|p1a: Hitmontop\n|-damage|p1a: Hitmontop|29\/216\n|move|p1a: Hitmontop|Close Combat|p2a: Electivire\n|-damage|p2a: Electivire|61\/263\n|-unboost|p1a: Hitmontop|def|1\n|-unboost|p1a: Hitmontop|spd|1\n|\n|-heal|p2a: Electivire|77\/263|[from] item: Leftovers\n|-heal|p1a: Hitmontop|42\/216|[from] item: Leftovers\n|upkeep\n|turn|27\n|\n|t:|1617963823\n|move|p1a: Hitmontop|Sucker Punch|p2a: Electivire\n|-damage|p2a: Electivire|12\/263\n|move|p2a: Electivire|Flamethrower|p1a: Hitmontop\n|-damage|p1a: Hitmontop|0 fnt\n|faint|p1a: Hitmontop\n|\n|-heal|p2a: Electivire|28\/263|[from] item: Leftovers\n|upkeep\n|\n|t:|1617963828\n|switch|p1a: Jynx|Jynx, L86, F|219\/251\n|turn|28\n|\n|t:|1617963831\n|switch|p2a: Shedinja|Shedinja, L88|1\/1\n|move|p1a: Jynx|Ice Beam|p2a: Shedinja\n|-immune|p2a: Shedinja|[from] ability: Wonder Guard\n|\n|-heal|p1a: Jynx|234\/251|[from] item: Leftovers\n|upkeep\n|turn|29\n|\n|t:|1617963836\n|switch|p1a: Emolga|Emolga, L88, M|181\/239 brn\n|move|p2a: Shedinja|Shadow Claw|p1a: Emolga\n|-damage|p1a: Emolga|85\/239 brn\n|\n|-damage|p1a: Emolga|56\/239 brn|[from] brn\n|upkeep\n|turn|30\n|\n|t:|1617963843\n|switch|p2a: Electivire|Electivire, L84, F|28\/263\n|move|p1a: Emolga|Roost|p1a: Emolga\n|-heal|p1a: Emolga|176\/239 brn\n|-singleturn|p1a: Emolga|move: Roost\n|\n|-heal|p2a: Electivire|44\/263|[from] item: Leftovers\n|-damage|p1a: Emolga|147\/239 brn|[from] brn\n|upkeep\n|turn|31\n|\n|t:|1617963852\n|move|p1a: Emolga|Acrobatics|p2a: Electivire\n|-resisted|p2a: Electivire\n|-damage|p2a: Electivire|11\/263\n|move|p2a: Electivire|Flamethrower|p1a: Emolga\n|-damage|p1a: Emolga|57\/239 brn\n|\n|-heal|p2a: Electivire|27\/263|[from] item: Leftovers\n|-damage|p1a: Emolga|28\/239 brn|[from] brn\n|upkeep\n|turn|32\n|\n|t:|1617963857\n|move|p1a: Emolga|Roost|p1a: Emolga\n|-heal|p1a: Emolga|148\/239 brn\n|-singleturn|p1a: Emolga|move: Roost\n|move|p2a: Electivire|Flamethrower|p1a: Emolga\n|-damage|p1a: Emolga|72\/239 brn\n|\n|-heal|p2a: Electivire|43\/263|[from] item: Leftovers\n|-damage|p1a: Emolga|43\/239 brn|[from] brn\n|upkeep\n|turn|33\n|j| chonkmoment\n|\n|t:|1617963862\n|move|p1a: Emolga|Acrobatics|p2a: Electivire\n|-resisted|p2a: Electivire\n|-damage|p2a: Electivire|11\/263\n|move|p2a: Electivire|Flamethrower|p1a: Emolga\n|-damage|p1a: Emolga|0 fnt\n|faint|p1a: Emolga\n|\n|-heal|p2a: Electivire|27\/263|[from] item: Leftovers\n|upkeep\n|l| chonkmoment\n|c|\u2606Ecroote|gg\n|-message|Ecroote forfeited.\n|c|\u2606gostop|gg\n|l|\u2606Ecroote\n|player|p1|\n|\n|win|gostop\n|n|\u2606gostop|gostop\n|n| Saurav The Great|sauravthegreat\n","inputlog":">version 1ae9f903936976b800d343359a29140719cc75a7\n>start {\"formatid\":\"gen5randombattle@@@Blitz\",\"seed\":[29728,24228,53033,19806],\"rated\":\"Tournament battle\"}\n>player p1 {\"name\":\"Ecroote\",\"avatar\":\"266\",\"rating\":0,\"seed\":[13342,64265,30014,60826]}\n>player p2 {\"name\":\"gostop\",\"avatar\":\"hugh\",\"rating\":0,\"seed\":[23544,59217,33300,54385]}\n>p1 move icebeam\n>p2 switch 6\n>p1 switch 6\n>p2 move willowisp\n>p1 move thunderwave\n>p2 switch 3\n>p1 switch 5\n>p2 move fireblast\n>p1 move earthquake\n>p2 switch 6\n>p1 move rockpolish\n>p2 move airslash\n>p1 move rockpolish\n>p2 move airslash\n>p1 switch 5\n>p1 move psychic\n>p2 switch 6\n>p1 move psychic\n>p2 move fireblast\n>p1 move psychic\n>p2 move fireblast\n>p1 move psychic\n>p2 move fireblast\n>p2 switch 2\n>p1 move thunderwave\n>p2 move crunch\n>p1 move wish\n>p2 move crunch\n>p1 switch 4\n>p1 move nastyplot\n>p2 move waterfall\n>p1 move darkpulse\n>p2 move waterfall\n>p1 move darkpulse\n>p2 move waterfall\n>p2 switch 6\n>p1 move darkvoid\n>p2 move airslash\n>p1 move darkvoid\n>p2 move airslash\n>p1 switch 6\n>p1 move substitute\n>p2 switch 3\n>p1 move icebeam\n>p2 move swordsdance\n>p1 switch 3\n>p2 move willowisp\n>p1 move acrobatics\n>p2 switch 4\n>p1 switch 2\n>p2 move substitute\n>p1 move stoneedge\n>p2 move wildcharge\n>p1 move stoneedge\n>p2 move focuspunch\n>p1 move closecombat\n>p2 move flamethrower\n>p1 move suckerpunch\n>p2 move flamethrower\n>p1 switch 3\n>p1 move icebeam\n>p2 switch 4\n>p1 switch 2\n>p2 move shadowclaw\n>p1 move roost\n>p2 switch 4\n>p1 move acrobatics\n>p2 move flamethrower\n>p1 move roost\n>p2 move flamethrower\n>p1 move acrobatics\n>p2 move flamethrower\n>chat \u2606Ecroote|gg\n>forcelose p1","uploadtime":1617963883,"views":19,"p1id":"ecroote","p2id":"gostop","formatid":"gen5randombattle","rating":0,"private":0,"password":null}