{"id":"gen5randombattle-1457617776","p1":"meat 4 dessert","p2":"Buhrito","format":"gen5randombattle","log":"|j|\u2606meat 4 dessert\n|j|\u2606Buhrito\n|t:|1637389846\n|gametype|singles\n|player|p1|meat 4 dessert|lady|1628\n|player|p2|Buhrito|blackbelt-gen4dp|1650\n|teamsize|p1|6\n|teamsize|p2|6\n|gen|5\n|tier|[Gen 5] Random Battle\n|rated|\n|rule|Sleep Clause Mod: Limit one foe put to sleep\n|rule|HP Percentage Mod: HP is shown in percentages\n|\n|t:|1637389846\n|start\n|switch|p1a: Masquerain|Masquerain, L88, F|265\/265\n|switch|p2a: Spinda|Spinda, L88, F|249\/249\n|-ability|p1a: Masquerain|Intimidate|boost\n|-boost|p2a: Spinda|atk|1\n|turn|1\n|\n|t:|1637389876\n|switch|p1a: Victini|Victini, L82|298\/298\n|move|p2a: Spinda|Return|p1a: Victini\n|-crit|p1a: Victini\n|-damage|p1a: Victini|4\/298\n|-damage|p2a: Spinda|225\/249|[from] item: Life Orb\n|\n|upkeep\n|turn|2\n|\n|t:|1637389899\n|move|p1a: Victini|Trick|p2a: Spinda\n|-activate|p1a: Victini|move: Trick|[of] p2a: Spinda\n|-item|p2a: Spinda|Choice Scarf|[from] move: Trick\n|-item|p1a: Victini|Life Orb|[from] move: Trick\n|move|p2a: Spinda|Trick Room|p2a: Spinda\n|-fieldstart|move: Trick Room|[of] p2a: Spinda\n|\n|upkeep\n|turn|3\n|\n|t:|1637389926\n|switch|p2a: Noctowl|Noctowl, L88, F|319\/319\n|switch|p1a: Masquerain|Masquerain, L88, F|265\/265\n|-ability|p1a: Masquerain|Intimidate|boost\n|-unboost|p2a: Noctowl|atk|1\n|\n|upkeep\n|turn|4\n|\n|t:|1637389944\n|switch|p1a: Marowak|Marowak, L88, F|249\/249\n|switch|p2a: Spinda|Spinda, L88, F|225\/249\n|\n|upkeep\n|turn|5\n|\n|t:|1637389950\n|switch|p2a: Claydol|Claydol, L82|233\/233\n|move|p1a: Marowak|Earthquake|p2a: Claydol\n|-immune|p2a: Claydol|[from] ability: Levitate\n|\n|upkeep\n|turn|6\n|inactive|Battle timer is ON: inactive players will automatically lose when time's up. (requested by Buhrito)\n|\n|t:|1637389956\n|move|p1a: Marowak|Double-Edge|p2a: Claydol\n|-damage|p2a: Claydol|81\/233\n|move|p2a: Claydol|Stealth Rock|p1a: Marowak\n|-sidestart|p1: meat 4 dessert|move: Stealth Rock\n|\n|-heal|p2a: Claydol|95\/233|[from] item: Leftovers\n|-fieldend|move: Trick Room\n|upkeep\n|turn|7\n|\n|t:|1637389985\n|move|p2a: Claydol|Ice Beam|p1a: Marowak\n|-supereffective|p1a: Marowak\n|-damage|p1a: Marowak|147\/249\n|move|p1a: Marowak|Double-Edge|p2a: Claydol\n|-damage|p2a: Claydol|0 fnt\n|faint|p2a: Claydol\n|\n|upkeep\n|inactive|Buhrito has 120 seconds left.\n|\n|t:|1637390019\n|switch|p2a: Houndoom|Houndoom, L82, M|257\/257\n|turn|8\n|\n|t:|1637390027\n|switch|p1a: Victini|Victini, L82|4\/298\n|-damage|p1a: Victini|0 fnt|[from] Stealth Rock\n|faint|p1a: Victini\n|move|p2a: Houndoom|Fire Blast|p1: Victini|[notarget]\n|-fail|p2a: Houndoom\n|\n|upkeep\n|\n|t:|1637390033\n|switch|p1a: Floatzel|Floatzel, L86, M|286\/286\n|-damage|p1a: Floatzel|251\/286|[from] Stealth Rock\n|turn|9\n|inactive|Buhrito has 120 seconds left.\n|\n|t:|1637390043\n|switch|p2a: Celebi|Celebi, L80|291\/291\n|move|p1a: Floatzel|Waterfall|p2a: Celebi\n|-resisted|p2a: Celebi\n|-damage|p2a: Celebi|233\/291\n|-damage|p1a: Floatzel|223\/286|[from] item: Life Orb\n|\n|-heal|p2a: Celebi|251\/291|[from] item: Leftovers\n|upkeep\n|turn|10\n|\n|t:|1637390052\n|switch|p1a: Masquerain|Masquerain, L88, F|265\/265\n|-damage|p1a: Masquerain|133\/265|[from] Stealth Rock\n|-ability|p1a: Masquerain|Intimidate|boost\n|-unboost|p2a: Celebi|atk|1\n|move|p2a: Celebi|Leaf Storm|p1a: Masquerain\n|-resisted|p1a: Masquerain\n|-damage|p1a: Masquerain|97\/265\n|-unboost|p2a: Celebi|spa|2\n|\n|-heal|p2a: Celebi|269\/291|[from] item: Leftovers\n|-heal|p1a: Masquerain|113\/265|[from] item: Leftovers\n|upkeep\n|turn|11\n|\n|t:|1637390064\n|switch|p2a: Dialga|Dialga, L76|277\/277\n|-ability|p2a: Dialga|Pressure\n|move|p1a: Masquerain|Quiver Dance|p1a: Masquerain\n|-boost|p1a: Masquerain|spa|1\n|-boost|p1a: Masquerain|spd|1\n|-boost|p1a: Masquerain|spe|1\n|\n|-heal|p1a: Masquerain|129\/265|[from] item: Leftovers\n|upkeep\n|turn|12\n|\n|t:|1637390085\n|move|p2a: Dialga|Fire Blast|p1a: Masquerain\n|-supereffective|p1a: Masquerain\n|-damage|p1a: Masquerain|0 fnt\n|faint|p1a: Masquerain\n|\n|upkeep\n|\n|t:|1637390094\n|switch|p1a: Floatzel|Floatzel, L86, M|223\/286\n|-damage|p1a: Floatzel|188\/286|[from] Stealth Rock\n|turn|13\n|\n|t:|1637390101\n|switch|p2a: Celebi|Celebi, L80|269\/291\n|move|p1a: Floatzel|Ice Punch|p2a: Celebi\n|-supereffective|p2a: Celebi\n|-damage|p2a: Celebi|113\/291\n|-status|p2a: Celebi|frz\n|-damage|p1a: Floatzel|160\/286|[from] item: Life Orb\n|\n|-heal|p2a: Celebi|131\/291 frz|[from] item: Leftovers\n|upkeep\n|turn|14\n|\n|t:|1637390111\n|-curestatus|p2a: Celebi|frz|[from] ability: Natural Cure\n|switch|p2a: Spinda|Spinda, L88, F|225\/249\n|move|p1a: Floatzel|Ice Punch|p2a: Spinda\n|-damage|p2a: Spinda|122\/249\n|-damage|p1a: Floatzel|132\/286|[from] item: Life Orb\n|\n|upkeep\n|turn|15\n|\n|t:|1637390118\n|move|p2a: Spinda|Sucker Punch|p1a: Floatzel\n|-damage|p1a: Floatzel|72\/286\n|move|p1a: Floatzel|Waterfall|p2a: Spinda\n|-damage|p2a: Spinda|0 fnt\n|faint|p2a: Spinda\n|-damage|p1a: Floatzel|44\/286|[from] item: Life Orb\n|\n|upkeep\n|\n|t:|1637390123\n|switch|p2a: Dialga|Dialga, L76|277\/277\n|-ability|p2a: Dialga|Pressure\n|turn|16\n|\n|t:|1637390140\n|move|p1a: Floatzel|Aqua Jet|p2a: Dialga\n|-resisted|p2a: Dialga\n|-damage|p2a: Dialga|250\/277\n|-damage|p1a: Floatzel|16\/286|[from] item: Life Orb\n|move|p2a: Dialga|Aura Sphere|p1a: Floatzel\n|-damage|p1a: Floatzel|0 fnt\n|faint|p1a: Floatzel\n|\n|upkeep\n|\n|t:|1637390148\n|switch|p1a: Nidoking|Nidoking, L82, M|267\/267\n|-damage|p1a: Nidoking|251\/267|[from] Stealth Rock\n|turn|17\n|\n|t:|1637390159\n|switch|p2a: Noctowl|Noctowl, L88, F|319\/319\n|move|p1a: Nidoking|Ice Beam|p2a: Noctowl\n|-supereffective|p2a: Noctowl\n|-damage|p2a: Noctowl|140\/319\n|\n|-heal|p2a: Noctowl|159\/319|[from] item: Leftovers\n|upkeep\n|turn|18\n|\n|t:|1637390174\n|move|p1a: Nidoking|Ice Beam|p2a: Noctowl\n|-supereffective|p2a: Noctowl\n|-damage|p2a: Noctowl|0 fnt\n|faint|p2a: Noctowl\n|\n|upkeep\n|\n|t:|1637390176\n|switch|p2a: Celebi|Celebi, L80|131\/291\n|turn|19\n|\n|t:|1637390188\n|move|p2a: Celebi|Hidden Power|p1a: Nidoking\n|-supereffective|p1a: Nidoking\n|-damage|p1a: Nidoking|145\/267\n|move|p1a: Nidoking|Sludge Wave|p2a: Celebi\n|-supereffective|p2a: Celebi\n|-damage|p2a: Celebi|0 fnt\n|faint|p2a: Celebi\n|\n|upkeep\n|\n|t:|1637390202\n|switch|p2a: Houndoom|Houndoom, L82, M|257\/257\n|turn|20\n|\n|t:|1637390216\n|move|p2a: Houndoom|Fire Blast|p1a: Nidoking\n|-damage|p1a: Nidoking|0 fnt\n|faint|p1a: Nidoking\n|-damage|p2a: Houndoom|232\/257|[from] item: Life Orb\n|\n|upkeep\n|\n|t:|1637390221\n|switch|p1a: Marowak|Marowak, L88, F|147\/249\n|-damage|p1a: Marowak|132\/249|[from] Stealth Rock\n|turn|21\n|\n|t:|1637390239\n|move|p2a: Houndoom|Fire Blast|p1a: Marowak|[miss]\n|-miss|p2a: Houndoom|p1a: Marowak\n|move|p1a: Marowak|Earthquake|p2a: Houndoom\n|-supereffective|p2a: Houndoom\n|-damage|p2a: Houndoom|0 fnt\n|faint|p2a: Houndoom\n|\n|upkeep\n|\n|t:|1637390241\n|switch|p2a: Dialga|Dialga, L76|250\/277\n|-ability|p2a: Dialga|Pressure\n|turn|22\n|\n|t:|1637390254\n|move|p2a: Dialga|Draco Meteor|p1a: Marowak\n|-damage|p1a: Marowak|0 fnt\n|-unboost|p2a: Dialga|spa|2\n|faint|p1a: Marowak\n|\n|upkeep\n|\n|t:|1637390261\n|switch|p1a: Tangrowth|Tangrowth, L84, F|305\/305\n|-damage|p1a: Tangrowth|267\/305|[from] Stealth Rock\n|turn|23\n|\n|t:|1637390265\n|move|p2a: Dialga|Draco Meteor|p1a: Tangrowth\n|-damage|p1a: Tangrowth|147\/305\n|-unboost|p2a: Dialga|spa|2\n|move|p1a: Tangrowth|Earthquake|p2a: Dialga\n|-supereffective|p2a: Dialga\n|-damage|p2a: Dialga|86\/277\n|-damage|p1a: Tangrowth|117\/305|[from] item: Life Orb\n|\n|upkeep\n|turn|24\n|\n|t:|1637390273\n|move|p2a: Dialga|Draco Meteor|p1a: Tangrowth\n|-damage|p1a: Tangrowth|36\/305\n|-unboost|p2a: Dialga|spa|2\n|move|p1a: Tangrowth|Earthquake|p2a: Dialga\n|-supereffective|p2a: Dialga\n|-damage|p2a: Dialga|0 fnt\n|faint|p2a: Dialga\n|-damage|p1a: Tangrowth|6\/305|[from] item: Life Orb\n|\n|win|meat 4 dessert\n|raw|meat 4 dessert's rating: 1628 &rarr; <strong>1649<\/strong><br \/>(+21 for winning)\n|raw|Buhrito's rating: 1650 &rarr; <strong>1629<\/strong><br \/>(-21 for losing)\n|c|\u2606meat 4 dessert|gg\n","inputlog":">version bf23cb7b941feab95db43bfa7a1be2bfcf8f498c\n>start {\"formatid\":\"gen5randombattle\",\"seed\":[11979,36667,11730,55934],\"rated\":\"Rated battle\"}\n>player p1 {\"name\":\"meat 4 dessert\",\"avatar\":\"lady\",\"rating\":1628,\"seed\":[6848,24744,55024,29594]}\n>player p2 {\"name\":\"Buhrito\",\"avatar\":\"blackbelt-gen4dp\",\"rating\":1650,\"seed\":[40216,36195,45606,4370]}\n>p1 switch 2\n>p2 move return\n>p1 move trick\n>p2 move trickroom\n>p1 switch 2\n>p2 switch 5\n>p1 switch 6\n>p2 switch 5\n>p1 move earthquake\n>p2 switch 2\n>p1 move doubleedge\n>p2 move stealthrock\n>p1 move doubleedge\n>p2 move icebeam\n>p2 switch 4\n>p1 switch 2\n>p2 move fireblast\n>p1 switch 3\n>p1 move waterfall\n>p2 switch 3\n>p1 switch 6\n>p2 move leafstorm\n>p1 move quiverdance\n>p2 switch 6\n>p1 move roost\n>p2 move fireblast\n>p1 switch 6\n>p1 move icepunch\n>p2 switch 6\n>p1 move icepunch\n>p2 switch 2\n>p1 move waterfall\n>p2 move suckerpunch\n>p2 switch 6\n>p1 move aquajet\n>p2 move aurasphere\n>p1 switch 4\n>p1 move icebeam\n>p2 switch 5\n>p1 move icebeam\n>p2 move airslash\n>p2 switch 2\n>p1 move sludgewave\n>p2 move hiddenpower\n>p2 switch 3\n>p1 move superpower\n>p2 move fireblast\n>p1 switch 2\n>p1 move earthquake\n>p2 move fireblast\n>p2 switch 5\n>p1 move earthquake\n>p2 move dracometeor\n>p1 switch 5\n>p1 move earthquake\n>p2 move dracometeor\n>p1 move earthquake\n>p2 move dracometeor","uploadtime":1637390287,"views":32,"p1id":"meat4dessert","p2id":"buhrito","formatid":"gen5randombattle","rating":1629,"private":0,"password":null}