{"id":"gen6randombattle-1332368619","p1":"The Last Hero","p2":"Spoooky Gengar","format":"gen6randombattle","log":"|j|\u2606The Last Hero\n|j|\u2606Spoooky Gengar\n|t:|1619892247\n|gametype|singles\n|player|p1|The Last Hero|acetrainersnow|\n|player|p2|Spoooky Gengar|psychic-gen4|\n|teamsize|p1|6\n|teamsize|p2|6\n|gen|6\n|tier|[Gen 6] Random Battle\n|rated|Tournament battle\n|rule|Sleep Clause Mod: Limit one foe put to sleep\n|rule|HP Percentage Mod: HP is shown in percentages\n|\n|t:|1619892247\n|start\n|switch|p1a: Crobat|Crobat, L82, M|274\/274\n|switch|p2a: Ampharos|Ampharos, L88, F|302\/302\n|turn|1\n|c|\u2606Spoooky Gengar|If you're the last hero that means i am the villain?\n|\n|t:|1619892262\n|move|p1a: Crobat|Toxic|p2a: Ampharos\n|-status|p2a: Ampharos|tox\n|move|p2a: Ampharos|Light Screen|p2a: Ampharos\n|-sidestart|p2: Spoooky Gengar|move: Light Screen\n|\n|-damage|p2a: Ampharos|284\/302 tox|[from] psn\n|upkeep\n|turn|2\n|\n|t:|1619892268\n|move|p1a: Crobat|Taunt|p2a: Ampharos\n|-start|p2a: Ampharos|move: Taunt\n|move|p2a: Ampharos|Thunderbolt|p1a: Crobat\n|-supereffective|p1a: Crobat\n|-crit|p1a: Crobat\n|-damage|p1a: Crobat|0 fnt\n|faint|p1a: Crobat\n|\n|-damage|p2a: Ampharos|248\/302 tox|[from] psn\n|upkeep\n|\n|t:|1619892275\n|switch|p1a: Deoxys|Deoxys-Speed, L76|201\/201\n|-ability|p1a: Deoxys|Pressure\n|turn|3\n|\n|t:|1619892278\n|move|p1a: Deoxys|Spikes|p2a: Ampharos\n|-sidestart|p2: Spoooky Gengar|Spikes\n|move|p2a: Ampharos|Thunderbolt|p1a: Deoxys\n|-damage|p1a: Deoxys|62\/201\n|\n|-heal|p1a: Deoxys|74\/201|[from] item: Leftovers\n|-damage|p2a: Ampharos|194\/302 tox|[from] psn\n|upkeep\n|turn|4\n|\n|t:|1619892287\n|move|p1a: Deoxys|Spikes|p2a: Ampharos\n|-sidestart|p2: Spoooky Gengar|Spikes\n|move|p2a: Ampharos|Thunderbolt|p1a: Deoxys\n|-damage|p1a: Deoxys|0 fnt\n|faint|p1a: Deoxys\n|\n|-damage|p2a: Ampharos|122\/302 tox|[from] psn\n|-end|p2a: Ampharos|move: Taunt\n|upkeep\n|\n|t:|1619892288\n|switch|p1a: Aurorus|Aurorus, L86, F|351\/351\n|-weather|Hail|[from] ability: Snow Warning|[of] p1a: Aurorus\n|turn|5\n|\n|t:|1619892297\n|move|p1a: Aurorus|Stealth Rock|p2a: Ampharos\n|-sidestart|p2: Spoooky Gengar|move: Stealth Rock\n|move|p2a: Ampharos|Volt Switch|p1a: Aurorus\n|-damage|p1a: Aurorus|261\/351\n|c|\u2606The Last Hero|yes, your Ampharos is a villain\n|\n|t:|1619892305\n|switch|p2a: Magmortar|Magmortar, L86, F|269\/269\n|-damage|p2a: Magmortar|202\/269|[from] Stealth Rock\n|-damage|p2a: Magmortar|158\/269|[from] Spikes\n|\n|-weather|Hail|[upkeep]\n|-damage|p2a: Magmortar|142\/269|[from] Hail\n|-heal|p2a: Magmortar|158\/269|[from] item: Leftovers\n|-heal|p1a: Aurorus|282\/351|[from] item: Leftovers\n|-sideend|p2: Spoooky Gengar|move: Light Screen\n|upkeep\n|turn|6\n|\n|t:|1619892312\n|switch|p1a: Rapidash|Rapidash, L88, M|258\/258\n|move|p2a: Magmortar|Earthquake|p1a: Rapidash\n|-supereffective|p1a: Rapidash\n|-damage|p1a: Rapidash|104\/258\n|\n|-weather|Hail|[upkeep]\n|-damage|p1a: Rapidash|88\/258|[from] Hail\n|-damage|p2a: Magmortar|142\/269|[from] Hail\n|-heal|p2a: Magmortar|158\/269|[from] item: Leftovers\n|upkeep\n|turn|7\n|\n|t:|1619892316\n|move|p1a: Rapidash|Drill Run|p2a: Magmortar\n|-supereffective|p2a: Magmortar\n|-damage|p2a: Magmortar|0 fnt\n|-damage|p1a: Rapidash|63\/258|[from] item: Life Orb\n|faint|p2a: Magmortar\n|\n|-weather|Hail|[upkeep]\n|-damage|p1a: Rapidash|47\/258|[from] Hail\n|upkeep\n|j| Nyordier\n|\n|t:|1619892322\n|switch|p2a: Ferrothorn|Ferrothorn, L80, F|250\/250\n|-damage|p2a: Ferrothorn|209\/250|[from] Spikes\n|-damage|p2a: Ferrothorn|194\/250|[from] Stealth Rock\n|turn|8\n|\n|t:|1619892330\n|move|p2a: Ferrothorn|Protect|p2a: Ferrothorn\n|-singleturn|p2a: Ferrothorn|Protect\n|move|p1a: Rapidash|Flare Blitz|p2a: Ferrothorn\n|-activate|p2a: Ferrothorn|move: Protect\n|\n|-weather|Hail|[upkeep]\n|-damage|p1a: Rapidash|31\/258|[from] Hail\n|-damage|p2a: Ferrothorn|179\/250|[from] Hail\n|-heal|p2a: Ferrothorn|194\/250|[from] item: Leftovers\n|upkeep\n|turn|9\n|\n|t:|1619892338\n|switch|p2a: Rhyperior|Rhyperior, L84, F|330\/330\n|-damage|p2a: Rhyperior|310\/330|[from] Stealth Rock\n|-damage|p2a: Rhyperior|255\/330|[from] Spikes\n|move|p1a: Rapidash|Flare Blitz|p2a: Rhyperior\n|-resisted|p2a: Rhyperior\n|-damage|p2a: Rhyperior|193\/330\n|-damage|p1a: Rapidash|11\/258|[from] Recoil\n|-damage|p1a: Rapidash|0 fnt|[from] item: Life Orb\n|faint|p1a: Rapidash\n|\n|-weather|none\n|upkeep\n|\n|t:|1619892353\n|switch|p1a: Aurorus|Aurorus, L86, F|282\/351\n|-weather|Hail|[from] ability: Snow Warning|[of] p1a: Aurorus\n|turn|10\n|j|@t04ster\n|\n|t:|1619892357\n|move|p1a: Aurorus|Blizzard|p2a: Rhyperior\n|-supereffective|p2a: Rhyperior\n|-damage|p2a: Rhyperior|27\/330\n|-status|p2a: Rhyperior|frz\n|cant|p2a: Rhyperior|frz\n|\n|-weather|Hail|[upkeep]\n|-damage|p2a: Rhyperior|7\/330 frz|[from] Hail\n|-heal|p1a: Aurorus|303\/351|[from] item: Leftovers\n|upkeep\n|turn|11\n|\n|t:|1619892364\n|move|p1a: Aurorus|Ancient Power|p2a: Rhyperior\n|-resisted|p2a: Rhyperior\n|-damage|p2a: Rhyperior|0 fnt\n|faint|p2a: Rhyperior\n|\n|-weather|Hail|[upkeep]\n|-heal|p1a: Aurorus|324\/351|[from] item: Leftovers\n|upkeep\n|\n|t:|1619892369\n|switch|p2a: Latias|Latias, L80, F|259\/259\n|-damage|p2a: Latias|227\/259|[from] Stealth Rock\n|turn|12\n|\n|t:|1619892375\n|detailschange|p2a: Latias|Latias-Mega, L80, F\n|-mega|p2a: Latias|Latias|Latiasite\n|move|p2a: Latias|Surf|p1a: Aurorus\n|-supereffective|p1a: Aurorus\n|-damage|p1a: Aurorus|182\/351\n|move|p1a: Aurorus|Blizzard|p2a: Latias\n|-supereffective|p2a: Latias\n|-damage|p2a: Latias|63\/259\n|\n|-weather|Hail|[upkeep]\n|-damage|p2a: Latias|47\/259|[from] Hail\n|-heal|p1a: Aurorus|203\/351|[from] item: Leftovers\n|upkeep\n|turn|13\n|\n|t:|1619892382\n|move|p2a: Latias|Draco Meteor|p1a: Aurorus\n|-damage|p1a: Aurorus|29\/351\n|-unboost|p2a: Latias|spa|2\n|move|p1a: Aurorus|Blizzard|p2a: Latias\n|-supereffective|p2a: Latias\n|-damage|p2a: Latias|0 fnt\n|faint|p2a: Latias\n|\n|-weather|Hail|[upkeep]\n|-heal|p1a: Aurorus|50\/351|[from] item: Leftovers\n|upkeep\n|\n|t:|1619892387\n|switch|p2a: Krookodile|Krookodile, L82, F|290\/290\n|-damage|p2a: Krookodile|242\/290|[from] Spikes\n|-damage|p2a: Krookodile|224\/290|[from] Stealth Rock\n|-ability|p2a: Krookodile|Intimidate|boost\n|-unboost|p1a: Aurorus|atk|1\n|turn|14\n|\n|t:|1619892389\n|move|p2a: Krookodile|Earthquake|p1a: Aurorus\n|-supereffective|p1a: Aurorus\n|-damage|p1a: Aurorus|0 fnt\n|-damage|p2a: Krookodile|195\/290|[from] item: Life Orb\n|faint|p1a: Aurorus\n|\n|-weather|none\n|upkeep\n|\n|t:|1619892392\n|switch|p1a: Simipour|Simipour, L88, M|275\/275\n|turn|15\n|\n|t:|1619892397\n|switch|p2a: Ferrothorn|Ferrothorn, L80, F|194\/250\n|-damage|p2a: Ferrothorn|179\/250|[from] Stealth Rock\n|-damage|p2a: Ferrothorn|138\/250|[from] Spikes\n|move|p1a: Simipour|Ice Beam|p2a: Ferrothorn\n|-damage|p2a: Ferrothorn|63\/250\n|-damage|p1a: Simipour|248\/275|[from] item: Life Orb\n|\n|-heal|p2a: Ferrothorn|78\/250|[from] item: Leftovers\n|upkeep\n|turn|16\n|\n|t:|1619892400\n|move|p1a: Simipour|Focus Blast|p2a: Ferrothorn\n|-supereffective|p2a: Ferrothorn\n|-damage|p2a: Ferrothorn|0 fnt\n|-damage|p1a: Simipour|221\/275|[from] item: Life Orb\n|faint|p2a: Ferrothorn\n|\n|upkeep\n|\n|t:|1619892403\n|switch|p2a: Ampharos|Ampharos, L88, F|122\/302 tox\n|-damage|p2a: Ampharos|85\/302 tox|[from] Stealth Rock\n|-damage|p2a: Ampharos|35\/302 tox|[from] Spikes\n|turn|17\n|\n|t:|1619892405\n|move|p1a: Simipour|Ice Beam|p2a: Ampharos\n|-damage|p2a: Ampharos|0 fnt\n|-damage|p1a: Simipour|194\/275|[from] item: Life Orb\n|faint|p2a: Ampharos\n|\n|upkeep\n|\n|t:|1619892408\n|switch|p2a: Krookodile|Krookodile, L82, F|195\/290\n|-damage|p2a: Krookodile|177\/290|[from] Stealth Rock\n|-damage|p2a: Krookodile|129\/290|[from] Spikes\n|-ability|p2a: Krookodile|Intimidate|boost\n|-unboost|p1a: Simipour|atk|1\n|turn|18\n|c|\u2606The Last Hero|gg\n|\n|t:|1619892413\n|move|p1a: Simipour|Ice Beam|p2a: Krookodile\n|-supereffective|p2a: Krookodile\n|-damage|p2a: Krookodile|0 fnt\n|-damage|p1a: Simipour|167\/275|[from] item: Life Orb\n|faint|p2a: Krookodile\n|\n|win|The Last Hero\n|n|\u2606The Last Hero|thelasthero\n|n|\u2606Spoooky Gengar|spoookygengar\n|n| Nyordier|nyordier\n|n| t04ster|t04ster\n|c|\u2606Spoooky Gengar|gg\n|l|\u2606Spoooky Gengar\n|l|\u2606The Last Hero\n|l| Nyordier\n","inputlog":">version ed8565a6dba3c88a35a854126855e1e9890fe404\n>start {\"formatid\":\"gen6randombattle\",\"seed\":[58229,4755,49520,44348],\"rated\":\"Tournament battle\"}\n>player p1 {\"name\":\"The Last Hero\",\"avatar\":\"acetrainersnow\",\"rating\":0,\"seed\":[15566,22762,42815,49355]}\n>player p2 {\"name\":\"Spoooky Gengar\",\"avatar\":\"psychic-gen4\",\"rating\":0,\"seed\":[7774,2466,8307,64021]}\n>chat \u2606Spoooky Gengar|If you're the last hero that means i am the villain?\n>p1 move toxic\n>p2 move lightscreen\n>p1 move taunt\n>p2 move thunderbolt\n>p1 switch 6\n>p1 move spikes\n>p2 move thunderbolt\n>p1 move spikes\n>p2 move thunderbolt\n>p1 switch 4\n>p1 move stealthrock\n>p2 move voltswitch\n>chat \u2606The Last Hero|yes, your Ampharos is a villain\n>p2 switch 4\n>p1 switch 2\n>p2 move earthquake\n>p1 move drillrun\n>p2 move earthquake\n>p2 switch 3\n>p1 move flareblitz\n>p2 move protect\n>p1 move flareblitz\n>p2 switch 6\n>p1 switch 2\n>p1 move blizzard\n>p2 move earthquake\n>p1 move ancientpower\n>p2 move earthquake\n>p2 switch 2\n>p1 move blizzard\n>p2 move surf mega\n>p1 move blizzard\n>p2 move dracometeor\n>p2 switch 5\n>p1 move blizzard\n>p2 move earthquake\n>p1 switch 3\n>p1 move icebeam\n>p2 switch 6\n>p1 move focusblast\n>p2 move leechseed\n>p2 switch 4\n>p1 move icebeam\n>p2 move thunderbolt\n>p2 switch 6\n>chat \u2606The Last Hero|gg\n>p1 move icebeam\n>p2 move knockoff","uploadtime":1619892414,"views":34,"p1id":"thelasthero","p2id":"spoookygengar","formatid":"gen6randombattle","rating":0,"private":0,"password":null}