{"id":"gen6randombattle-1569927196","p1":"weidson","p2":"Batataplays","format":"gen6randombattle","log":"|j|\u2606weidson\n|j|\u2606Batataplays\n|inactive|Battle timer is ON: inactive players will automatically lose when time's up.\n|t:|1651960712\n|gametype|singles\n|player|p1|weidson|nate|\n|player|p2|Batataplays|sonia|\n|teamsize|p1|6\n|teamsize|p2|6\n|gen|6\n|tier|[Gen 6] Random Battle\n|rated|Tournament battle\n|rule|Sleep Clause Mod: Limit one foe put to sleep\n|rule|HP Percentage Mod: HP is shown in percentages\n|\n|t:|1651960712\n|start\n|switch|p1a: Eelektross|Eelektross, L84, F|280\/280\n|switch|p2a: Zapdos|Zapdos, L80|275\/275\n|turn|1\n|j| mestre delta\n|j| Empoleon o\n|l| Empoleon o\n|c|\u2606Batataplays|Hf meu mano\n|\n|t:|1651960732\n|move|p2a: Zapdos|U-turn|p1a: Eelektross\n|-damage|p1a: Eelektross|232\/280\n|\n|t:|1651960736\n|switch|p2a: Vileplume|Vileplume, L86, F|269\/269\n|move|p1a: Eelektross|Knock Off|p2a: Vileplume\n|-damage|p2a: Vileplume|193\/269\n|-enditem|p2a: Vileplume|Life Orb|[from] move: Knock Off|[of] p1a: Eelektross\n|\n|upkeep\n|turn|2\n|\n|t:|1651960753\n|move|p2a: Vileplume|Sludge Bomb|p1a: Eelektross\n|-damage|p1a: Eelektross|153\/280\n|-status|p1a: Eelektross|psn\n|move|p1a: Eelektross|Flamethrower|p2a: Vileplume\n|-supereffective|p2a: Vileplume\n|-damage|p2a: Vileplume|55\/269\n|\n|-damage|p1a: Eelektross|118\/280 psn|[from] psn\n|upkeep\n|turn|3\n|\n|t:|1651960760\n|switch|p1a: Metagross|Metagross, L80|259\/259\n|move|p2a: Vileplume|Synthesis|p2a: Vileplume\n|-heal|p2a: Vileplume|189\/269\n|\n|upkeep\n|turn|4\n|\n|t:|1651960768\n|switch|p2a: Zapdos|Zapdos, L80|275\/275\n|detailschange|p1a: Metagross|Metagross-Mega, L80\n|-mega|p1a: Metagross|Metagross|Metagrossite\n|move|p1a: Metagross|Zen Headbutt|p2a: Zapdos\n|-damage|p2a: Zapdos|110\/275\n|-status|p1a: Metagross|par|[from] ability: Static|[of] p2a: Zapdos\n|\n|-heal|p2a: Zapdos|127\/275|[from] item: Leftovers\n|upkeep\n|turn|5\n|\n|t:|1651960775\n|move|p2a: Zapdos|Roost|p2a: Zapdos\n|-heal|p2a: Zapdos|265\/275\n|-singleturn|p2a: Zapdos|move: Roost\n|move|p1a: Metagross|Zen Headbutt|p2a: Zapdos\n|-damage|p2a: Zapdos|115\/275\n|\n|-heal|p2a: Zapdos|132\/275|[from] item: Leftovers\n|upkeep\n|turn|6\n|\n|t:|1651960781\n|move|p2a: Zapdos|Roost|p2a: Zapdos\n|-heal|p2a: Zapdos|270\/275\n|-singleturn|p2a: Zapdos|move: Roost\n|move|p1a: Metagross|Earthquake|p2a: Zapdos\n|-supereffective|p2a: Zapdos\n|-damage|p2a: Zapdos|86\/275\n|\n|-heal|p2a: Zapdos|103\/275|[from] item: Leftovers\n|upkeep\n|turn|7\n|\n|t:|1651960784\n|move|p2a: Zapdos|Roost|p2a: Zapdos\n|-heal|p2a: Zapdos|241\/275\n|-singleturn|p2a: Zapdos|move: Roost\n|move|p1a: Metagross|Zen Headbutt|p2a: Zapdos\n|-damage|p2a: Zapdos|81\/275\n|\n|-heal|p2a: Zapdos|98\/275|[from] item: Leftovers\n|upkeep\n|turn|8\n|\n|t:|1651960787\n|move|p2a: Zapdos|Roost|p2a: Zapdos\n|-heal|p2a: Zapdos|236\/275\n|-singleturn|p2a: Zapdos|move: Roost\n|move|p1a: Metagross|Zen Headbutt|p2a: Zapdos|[miss]\n|-miss|p1a: Metagross|p2a: Zapdos\n|\n|-heal|p2a: Zapdos|253\/275|[from] item: Leftovers\n|upkeep\n|turn|9\n|\n|t:|1651960793\n|move|p2a: Zapdos|U-turn|p1a: Metagross\n|-damage|p1a: Metagross|228\/259 par\n|\n|t:|1651960794\n|switch|p2a: Pangoro|Pangoro, L84, M|297\/297\n|-ability|p2a: Pangoro|Mold Breaker\n|move|p1a: Metagross|Zen Headbutt|p2a: Pangoro\n|-immune|p2a: Pangoro\n|\n|upkeep\n|turn|10\n|j| Ghostcurze\n|\n|t:|1651960821\n|move|p2a: Pangoro|Knock Off|p1a: Metagross\n|-supereffective|p1a: Metagross\n|-damage|p1a: Metagross|58\/259 par\n|move|p1a: Metagross|Meteor Mash|p2a: Pangoro\n|-damage|p2a: Pangoro|131\/297\n|\n|upkeep\n|turn|11\n|\n|t:|1651960827\n|move|p2a: Pangoro|Knock Off|p1a: Metagross\n|-supereffective|p1a: Metagross\n|-damage|p1a: Metagross|0 fnt\n|faint|p1a: Metagross\n|\n|upkeep\n|\n|t:|1651960837\n|switch|p1a: Lugia|Lugia, L76|286\/286\n|turn|12\n|\n|t:|1651960844\n|switch|p2a: Zapdos|Zapdos, L80|253\/275\n|move|p1a: Lugia|Aeroblast|p2a: Zapdos\n|-resisted|p2a: Zapdos\n|-damage|p2a: Zapdos|214\/275\n|\n|-heal|p2a: Zapdos|231\/275|[from] item: Leftovers\n|upkeep\n|turn|13\n|j| 5tarsama\n|\n|t:|1651960866\n|move|p1a: Lugia|Toxic|p2a: Zapdos\n|-status|p2a: Zapdos|tox\n|move|p2a: Zapdos|Toxic|p1a: Lugia\n|-status|p1a: Lugia|tox\n|\n|-heal|p2a: Zapdos|248\/275 tox|[from] item: Leftovers\n|-damage|p1a: Lugia|269\/286 tox|[from] psn\n|-damage|p2a: Zapdos|231\/275 tox|[from] psn\n|upkeep\n|turn|14\n|\n|t:|1651960874\n|switch|p1a: Eelektross|Eelektross, L84, F|118\/280 psn\n|move|p2a: Zapdos|U-turn|p1a: Eelektross\n|-damage|p1a: Eelektross|70\/280 psn\n|\n|t:|1651960879\n|switch|p2a: Pangoro|Pangoro, L84, M|131\/297\n|-ability|p2a: Pangoro|Mold Breaker\n|\n|-damage|p1a: Eelektross|35\/280 psn|[from] psn\n|upkeep\n|turn|15\n|inactive|weidson has 120 seconds left.\n|j| Dark\u2605Shion\u30c4\n|l| Dark\u2605Shion\u30c4\n|inactive|weidson has 90 seconds left.\n|\n|t:|1651960955\n|move|p2a: Pangoro|Knock Off|p1a: Eelektross\n|-damage|p1a: Eelektross|0 fnt\n|-enditem|p1a: Eelektross|Assault Vest|[from] move: Knock Off|[of] p2a: Pangoro\n|faint|p1a: Eelektross\n|\n|upkeep\n|\n|t:|1651960962\n|switch|p1a: Mothim|Mothim, L88, M|265\/265\n|turn|16\n|\n|t:|1651960971\n|move|p1a: Mothim|Quiver Dance|p1a: Mothim\n|-boost|p1a: Mothim|spa|1\n|-boost|p1a: Mothim|spd|1\n|-boost|p1a: Mothim|spe|1\n|move|p2a: Pangoro|Knock Off|p1a: Mothim\n|-damage|p1a: Mothim|0 fnt\n|-enditem|p1a: Mothim|Life Orb|[from] move: Knock Off|[of] p2a: Pangoro\n|faint|p1a: Mothim\n|\n|upkeep\n|\n|t:|1651960983\n|switch|p1a: Lugia|Lugia, L76|269\/286 tox\n|turn|17\n|\n|t:|1651960991\n|switch|p2a: Zapdos|Zapdos, L80|231\/275 tox\n|move|p1a: Lugia|Aeroblast|p2a: Zapdos\n|-resisted|p2a: Zapdos\n|-damage|p2a: Zapdos|190\/275 tox\n|\n|-heal|p1a: Lugia|286\/286 tox|[from] item: Leftovers\n|-heal|p2a: Zapdos|207\/275 tox|[from] item: Leftovers\n|-damage|p1a: Lugia|269\/286 tox|[from] psn\n|-damage|p2a: Zapdos|190\/275 tox|[from] psn\n|upkeep\n|turn|18\n|inactive|weidson has 90 seconds left.\n|inactive|weidson has 60 seconds left.\n|\n|t:|1651961036\n|switch|p1a: Entei|Entei, L82|323\/323\n|-ability|p1a: Entei|Pressure\n|move|p2a: Zapdos|Roost|p2a: Zapdos\n|-heal|p2a: Zapdos|275\/275 tox\n|-singleturn|p2a: Zapdos|move: Roost\n|\n|-damage|p2a: Zapdos|241\/275 tox|[from] psn\n|upkeep\n|turn|19\n|\n|t:|1651961049\n|switch|p2a: Pangoro|Pangoro, L84, M|131\/297\n|-ability|p2a: Pangoro|Mold Breaker\n|move|p1a: Entei|Stone Edge|p2a: Pangoro\n|-resisted|p2a: Pangoro\n|-damage|p2a: Pangoro|72\/297\n|\n|upkeep\n|turn|20\n|c| mestre delta|lendario vs lendario\n|inactive|weidson has 60 seconds left.\n|\n|t:|1651961069\n|switch|p1a: Lugia|Lugia, L76|269\/286 tox\n|move|p2a: Pangoro|Superpower|p1a: Lugia\n|-resisted|p1a: Lugia\n|-damage|p1a: Lugia|220\/286 tox\n|-unboost|p2a: Pangoro|atk|1\n|-unboost|p2a: Pangoro|def|1\n|\n|-heal|p1a: Lugia|237\/286 tox|[from] item: Leftovers\n|-damage|p1a: Lugia|220\/286 tox|[from] psn\n|upkeep\n|turn|21\n|\n|t:|1651961072\n|switch|p2a: Raikou|Raikou, L80|275\/275\n|-ability|p2a: Raikou|Pressure\n|move|p1a: Lugia|Aeroblast|p2a: Raikou\n|-resisted|p2a: Raikou\n|-damage|p2a: Raikou|237\/275\n|\n|-heal|p2a: Raikou|254\/275|[from] item: Leftovers\n|-heal|p1a: Lugia|237\/286 tox|[from] item: Leftovers\n|-damage|p1a: Lugia|203\/286 tox|[from] psn\n|upkeep\n|turn|22\n|\n|t:|1651961076\n|move|p2a: Raikou|Substitute|p2a: Raikou\n|-start|p2a: Raikou|Substitute\n|-damage|p2a: Raikou|186\/275\n|move|p1a: Lugia|Toxic|p2a: Raikou|[miss]\n|-miss|p1a: Lugia|p2a: Raikou\n|\n|-heal|p2a: Raikou|203\/275|[from] item: Leftovers\n|-heal|p1a: Lugia|220\/286 tox|[from] item: Leftovers\n|-damage|p1a: Lugia|169\/286 tox|[from] psn\n|upkeep\n|turn|23\n|\n|t:|1651961079\n|switch|p1a: Entei|Entei, L82|323\/323\n|-ability|p1a: Entei|Pressure\n|move|p2a: Raikou|Calm Mind|p2a: Raikou\n|-boost|p2a: Raikou|spa|1\n|-boost|p2a: Raikou|spd|1\n|\n|-heal|p2a: Raikou|220\/275|[from] item: Leftovers\n|upkeep\n|turn|24\n|\n|t:|1651961082\n|move|p2a: Raikou|Thunderbolt|p1a: Entei\n|-damage|p1a: Entei|152\/323\n|move|p1a: Entei|Sacred Fire|p2a: Raikou\n|-end|p2a: Raikou|Substitute\n|\n|-heal|p2a: Raikou|237\/275|[from] item: Leftovers\n|upkeep\n|turn|25\n|\n|t:|1651961088\n|switch|p1a: Lugia|Lugia, L76|169\/286 tox\n|move|p2a: Raikou|Thunderbolt|p1a: Lugia\n|-supereffective|p1a: Lugia\n|-damage|p1a: Lugia|0 fnt\n|faint|p1a: Lugia\n|\n|-heal|p2a: Raikou|254\/275|[from] item: Leftovers\n|upkeep\n|\n|t:|1651961090\n|switch|p1a: Volcanion|Volcanion, L80|259\/259\n|turn|26\n|\n|t:|1651961094\n|move|p2a: Raikou|Thunderbolt|p1a: Volcanion\n|-supereffective|p1a: Volcanion\n|-damage|p1a: Volcanion|61\/259\n|move|p1a: Volcanion|Superpower|p2a: Raikou\n|-damage|p2a: Raikou|147\/275\n|-unboost|p1a: Volcanion|atk|1\n|-unboost|p1a: Volcanion|def|1\n|\n|-heal|p2a: Raikou|164\/275|[from] item: Leftovers\n|upkeep\n|turn|27\n|\n|t:|1651961098\n|move|p2a: Raikou|Thunderbolt|p1a: Volcanion\n|-supereffective|p1a: Volcanion\n|-damage|p1a: Volcanion|0 fnt\n|faint|p1a: Volcanion\n|\n|-heal|p2a: Raikou|181\/275|[from] item: Leftovers\n|upkeep\n|inactive|weidson has 120 seconds left.\n|\n|t:|1651961124\n|switch|p1a: Entei|Entei, L82|152\/323\n|-ability|p1a: Entei|Pressure\n|turn|28\n|\n|t:|1651961128\n|move|p1a: Entei|Extreme Speed|p2a: Raikou\n|-damage|p2a: Raikou|76\/275\n|move|p2a: Raikou|Thunderbolt|p1a: Entei\n|-damage|p1a: Entei|0 fnt\n|faint|p1a: Entei\n|\n|win|Batataplays\n|n|\u2606weidson|weidson\n|n|\u2606Batataplays|batataplays\n|n| mestre delta|mestredelta\n|n| Ghostcurze|ghostcurze\n|n| 5tarsama|5tarsama\n","inputlog":">version 450da1638bbf535e65207112caaec58da976e0b3\n>start {\"formatid\":\"gen6randombattle\",\"seed\":[10448,134,51371,62884],\"rated\":\"Tournament battle\"}\n>player p1 {\"name\":\"weidson\",\"avatar\":\"nate\",\"rating\":0,\"seed\":[27683,44492,42343,62778]}\n>player p2 {\"name\":\"Batataplays\",\"avatar\":\"sonia\",\"rating\":0,\"seed\":[12529,23295,21749,10534]}\n>chat \u2606Batataplays|Hf meu mano\n>p1 move knockoff\n>p2 move uturn\n>p2 switch 3\n>p1 move flamethrower\n>p2 move sludgebomb\n>p1 switch 6\n>p2 move synthesis\n>p1 move zenheadbutt mega\n>p2 switch 3\n>p1 move zenheadbutt\n>p2 move roost\n>p1 move earthquake\n>p2 move roost\n>p1 move zenheadbutt\n>p2 move roost\n>p1 move zenheadbutt\n>p2 move roost\n>p1 move zenheadbutt\n>p2 move uturn\n>p2 switch 2\n>p1 move meteormash\n>p2 move knockoff\n>p1 move meteormash\n>p2 move knockoff\n>p1 switch 3\n>p1 move aeroblast\n>p2 switch 2\n>p1 move toxic\n>p2 move toxic\n>p1 switch 6\n>p2 move uturn\n>p2 switch 2\n>p1 move thunderbolt\n>p2 move knockoff\n>p1 switch 5\n>p1 move quiverdance\n>p2 move knockoff\n>p1 switch 6\n>p1 move aeroblast\n>p2 switch 2\n>p1 switch 2\n>p2 move roost\n>p1 move stoneedge\n>p2 switch 2\n>chat  mestre delta|lendario vs lendario \n>p1 switch 2\n>p2 move superpower\n>p1 move aeroblast\n>p2 switch 5\n>p1 move toxic\n>p2 move substitute\n>p1 switch 2\n>p2 move calmmind\n>p1 move sacredfire\n>p2 move thunderbolt\n>p1 switch 2\n>p2 move thunderbolt\n>p1 switch 4\n>p1 move superpower\n>p2 move thunderbolt\n>p1 move superpower\n>p2 move thunderbolt\n>p1 switch 2\n>p1 move extremespeed\n>p2 move thunderbolt","uploadtime":1651961130,"views":2,"p1id":"weidson","p2id":"batataplays","formatid":"gen6randombattle","rating":0,"private":0,"password":null}