{"id":"gen6randombattle-1606831716","p1":"Cpt. Douglas","p2":"HikozaruGG","format":"gen6randombattle","log":"|j|\u2606Cpt. Douglas\n|j|\u2606HikozaruGG\n|inactive|Battle timer is ON: inactive players will automatically lose when time's up.\n|t:|1656523776\n|gametype|singles\n|player|p1|Cpt. Douglas|barry|\n|player|p2|HikozaruGG|gentleman-gen4|\n|teamsize|p1|3\n|teamsize|p2|3\n|gen|6\n|tier|[Gen 6] Random Battle\n|rated|Tournament battle\n|rule|Sleep Clause Mod: Limit one foe put to sleep\n|rule|HP Percentage Mod: HP is shown in percentages\n|rule|Mega Rayquaza Clause: You cannot mega evolve Rayquaza\n|\n|t:|1656523776\n|start\n|switch|p1a: Mr. Mime|Mr. Mime, L88, F|214\/214\n|switch|p2a: Wigglytuff|Wigglytuff, L88, F|390\/390\n|turn|1\n|inactive|HikozaruGG also wants the timer to be on.\n|c|\u2606HikozaruGG|hf\n|j| Chose Truc\n|l| Chose Truc\n|\n|t:|1656523790\n|move|p1a: Mr. Mime|Nasty Plot|p1a: Mr. Mime\n|-boost|p1a: Mr. Mime|spa|2\n|move|p2a: Wigglytuff|Light Screen|p2a: Wigglytuff\n|-sidestart|p2: HikozaruGG|move: Light Screen\n|\n|upkeep\n|turn|2\n|\n|t:|1656523806\n|switch|p2a: Mr. Mime|Mr. Mime, L88, F|214\/214\n|move|p1a: Mr. Mime|Encore||[still]\n|-fail|p1a: Mr. Mime\n|\n|upkeep\n|turn|3\n|\n|t:|1656523812\n|move|p2a: Mr. Mime|Shadow Ball|p1a: Mr. Mime\n|-supereffective|p1a: Mr. Mime\n|-damage|p1a: Mr. Mime|126\/214\n|-unboost|p1a: Mr. Mime|spd|1\n|-damage|p2a: Mr. Mime|193\/214|[from] item: Life Orb\n|move|p1a: Mr. Mime|Dazzling Gleam|p2a: Mr. Mime\n|-damage|p2a: Mr. Mime|118\/214\n|\n|upkeep\n|turn|4\n|\n|t:|1656523818\n|switch|p1a: Florges|Florges, L82, F|262\/262\n|move|p2a: Mr. Mime|Shadow Ball|p1a: Florges\n|-damage|p1a: Florges|207\/262\n|-damage|p2a: Mr. Mime|97\/214|[from] item: Life Orb\n|\n|-heal|p1a: Florges|223\/262|[from] item: Leftovers\n|upkeep\n|turn|5\n|\n|t:|1656523827\n|switch|p2a: Wigglytuff|Wigglytuff, L88, F|390\/390\n|move|p1a: Florges|Toxic|p2a: Wigglytuff\n|-status|p2a: Wigglytuff|tox\n|\n|-heal|p1a: Florges|239\/262|[from] item: Leftovers\n|-damage|p2a: Wigglytuff|366\/390 tox|[from] psn\n|upkeep\n|turn|6\n|\n|t:|1656523842\n|switch|p1a: Mr. Mime|Mr. Mime, L88, F|126\/214\n|move|p2a: Wigglytuff|Dazzling Gleam|p1a: Mr. Mime\n|-damage|p1a: Mr. Mime|66\/214\n|\n|-damage|p2a: Wigglytuff|318\/390 tox|[from] psn\n|upkeep\n|turn|7\n|\n|t:|1656523850\n|switch|p1a: Florges|Florges, L82, F|239\/262\n|switch|p2a: Mr. Mime|Mr. Mime, L88, F|97\/214\n|\n|-heal|p1a: Florges|255\/262|[from] item: Leftovers\n|upkeep\n|turn|8\n|\n|t:|1656523858\n|move|p2a: Mr. Mime|Psyshock|p1a: Florges\n|-damage|p1a: Florges|107\/262\n|-damage|p2a: Mr. Mime|76\/214|[from] item: Life Orb\n|move|p1a: Florges|Wish|p1a: Florges\n|\n|-heal|p1a: Florges|123\/262|[from] item: Leftovers\n|-sideend|p2: HikozaruGG|move: Light Screen\n|upkeep\n|turn|9\n|\n|t:|1656523863\n|switch|p1a: Mr. Mime|Mr. Mime, L88, F|66\/214\n|move|p2a: Mr. Mime|Encore||[still]\n|-fail|p2a: Mr. Mime\n|\n|-heal|p1a: Mr. Mime|197\/214|[from] move: Wish|[wisher] Florges\n|upkeep\n|turn|10\n|\n|t:|1656523869\n|move|p2a: Mr. Mime|Shadow Ball|p1a: Mr. Mime\n|-supereffective|p1a: Mr. Mime\n|-damage|p1a: Mr. Mime|107\/214\n|-unboost|p1a: Mr. Mime|spd|1\n|-damage|p2a: Mr. Mime|55\/214|[from] item: Life Orb\n|move|p1a: Mr. Mime|Shadow Ball|p2a: Mr. Mime\n|-supereffective|p2a: Mr. Mime\n|-damage|p2a: Mr. Mime|0 fnt\n|faint|p2a: Mr. Mime\n|\n|upkeep\n|\n|t:|1656523874\n|switch|p2a: Slurpuff|Slurpuff, L84, M|274\/274\n|turn|11\n|\n|t:|1656523887\n|move|p1a: Mr. Mime|Dazzling Gleam|p2a: Slurpuff\n|-damage|p2a: Slurpuff|174\/274\n|move|p2a: Slurpuff|Belly Drum|p2a: Slurpuff\n|-damage|p2a: Slurpuff|37\/274\n|-setboost|p2a: Slurpuff|atk|6|[from] move: Belly Drum\n|-enditem|p2a: Slurpuff|Sitrus Berry|[eat]\n|-heal|p2a: Slurpuff|105\/274|[from] item: Sitrus Berry\n|\n|upkeep\n|turn|12\n|j| Bhalal\n|\n|t:|1656523893\n|move|p2a: Slurpuff|Return|p1a: Mr. Mime\n|-damage|p1a: Mr. Mime|0 fnt\n|faint|p1a: Mr. Mime\n|\n|upkeep\n|\n|t:|1656523896\n|switch|p1a: Dedenne|Dedenne, L88, F|260\/260\n|turn|13\n|\n|t:|1656523900\n|move|p2a: Slurpuff|Play Rough|p1a: Dedenne\n|-damage|p1a: Dedenne|0 fnt\n|faint|p1a: Dedenne\n|\n|upkeep\n|\n|t:|1656523904\n|switch|p1a: Florges|Florges, L82, F|123\/262\n|turn|14\n|\n|t:|1656523923\n|move|p2a: Slurpuff|Return|p1a: Florges\n|-damage|p1a: Florges|0 fnt\n|faint|p1a: Florges\n|\n|win|HikozaruGG\n|n|\u2606Cpt. Douglas|cptdouglas\n|n|\u2606HikozaruGG|hikozarugg\n|n| Bhalal|bhalal\n","inputlog":">version c9deb73427a02ee53e9833674507ea444b3b3624\n>start {\"formatid\":\"gen6randombattle@@@maxteamsize=3,forcemonotype=Fairy\",\"seed\":[61057,38360,43715,38640],\"rated\":\"Tournament battle\"}\n>player p1 {\"name\":\"Cpt. Douglas\",\"avatar\":\"barry\",\"rating\":0,\"seed\":[11583,34479,32273,40888]}\n>player p2 {\"name\":\"HikozaruGG\",\"avatar\":\"gentleman-gen4\",\"rating\":0,\"seed\":[57509,62732,23644,44610]}\n>chat \u2606HikozaruGG|hf\n>p1 move nastyplot\n>p2 move lightscreen\n>p1 move encore\n>p2 switch 3\n>p1 move dazzlinggleam\n>p2 move shadowball\n>p1 switch 3\n>p2 move shadowball\n>p1 move toxic\n>p2 switch 3\n>p1 switch 3\n>p2 move dazzlinggleam\n>p1 switch 3\n>p2 switch 3\n>p1 move wish\n>p2 move psyshock\n>p1 switch 3\n>p2 move encore\n>p1 move shadowball\n>p2 move shadowball\n>p2 switch 2\n>p1 move dazzlinggleam\n>p2 move bellydrum\n>p1 move dazzlinggleam\n>p2 move return\n>p1 switch 2\n>p1 move thunderbolt\n>p2 move playrough\n>p1 switch 3\n>p1 move moonblast\n>p2 move return","uploadtime":1656523925,"views":5,"p1id":"cptdouglas","p2id":"hikozarugg","formatid":"gen6randombattle","rating":0,"private":0,"password":null}