{"id":"gen6randombattle-1696090121","p1":"pdt","p2":"Luxiee","format":"gen6randombattle","log":"|j|\u2606pdt\n|j|\u2606Luxiee\n|inactive|Battle timer is ON: inactive players will automatically lose when time's up.\n|t:|1666868098\n|gametype|singles\n|player|p1|pdt|#scl1islanders|\n|player|p2|Luxiee|sina|\n|teamsize|p1|6\n|teamsize|p2|6\n|gen|6\n|tier|[Gen 6] Random Battle\n|rated|Tournament battle\n|rule|Sleep Clause Mod: Limit one foe put to sleep\n|rule|HP Percentage Mod: HP is shown in percentages\n|rule|Mega Rayquaza Clause: You cannot mega evolve Rayquaza\n|\n|t:|1666868098\n|start\n|switch|p1a: Mesprit|Mesprit, L86|278\/278\n|switch|p2a: Archeops|Archeops, L86, M|269\/269\n|turn|1\n|inactive|Luxiee also wants the timer to be on.\n|j| diemond35472\n|c|\u2606pdt|hf\n|c|\u2606Luxiee|hf\n|j| GM-Vinh\n|j| friendlyusersamok.\n|j|%Yveltalrat@!\n|j| the seconder\n|\n|t:|1666868125\n|switch|p2a: Wormadam|Wormadam-Trash, L88, F|249\/249\n|move|p1a: Mesprit|Psyshock|p2a: Wormadam\n|-resisted|p2a: Wormadam\n|-damage|p2a: Wormadam|207\/249\n|\n|-heal|p2a: Wormadam|222\/249|[from] item: Leftovers\n|upkeep\n|turn|2\n|l| the seconder\n|\n|t:|1666868130\n|move|p1a: Mesprit|Hidden Power|p2a: Wormadam\n|-supereffective|p2a: Wormadam\n|-damage|p2a: Wormadam|42\/249\n|move|p2a: Wormadam|Stealth Rock|p1a: Mesprit\n|-sidestart|p1: pdt|move: Stealth Rock\n|\n|-heal|p2a: Wormadam|57\/249|[from] item: Leftovers\n|upkeep\n|turn|3\n|\n|t:|1666868136\n|switch|p2a: Altaria|Altaria, L82, M|257\/257\n|move|p1a: Mesprit|Hidden Power|p2a: Altaria\n|-resisted|p2a: Altaria\n|-damage|p2a: Altaria|237\/257\n|\n|upkeep\n|turn|4\n|\n|t:|1666868142\n|switch|p1a: Dialga|Dialga, L76|277\/277\n|-damage|p1a: Dialga|260\/277|[from] Stealth Rock\n|-ability|p1a: Dialga|Pressure\n|detailschange|p2a: Altaria|Altaria-Mega, L82, M\n|-mega|p2a: Altaria|Altaria|Altarianite\n|move|p2a: Altaria|Dragon Dance|p2a: Altaria\n|-boost|p2a: Altaria|atk|1\n|-boost|p2a: Altaria|spe|1\n|\n|-heal|p1a: Dialga|277\/277|[from] item: Leftovers\n|upkeep\n|turn|5\n|\n|t:|1666868149\n|switch|p2a: Wormadam|Wormadam-Trash, L88, F|57\/249\n|move|p1a: Dialga|Flash Cannon|p2a: Wormadam\n|-resisted|p2a: Wormadam\n|-damage|p2a: Wormadam|13\/249\n|\n|-heal|p2a: Wormadam|28\/249|[from] item: Leftovers\n|upkeep\n|turn|6\n|l| GM-Vinh\n|\n|t:|1666868152\n|move|p1a: Dialga|Stealth Rock|p2a: Wormadam\n|-sidestart|p2: Luxiee|move: Stealth Rock\n|move|p2a: Wormadam|Flash Cannon|p1a: Dialga\n|-resisted|p1a: Dialga\n|-damage|p1a: Dialga|244\/277\n|\n|-heal|p1a: Dialga|261\/277|[from] item: Leftovers\n|-heal|p2a: Wormadam|43\/249|[from] item: Leftovers\n|upkeep\n|turn|7\n|\n|t:|1666868157\n|move|p1a: Dialga|Flash Cannon|p2a: Wormadam\n|-resisted|p2a: Wormadam\n|-damage|p2a: Wormadam|0 fnt\n|faint|p2a: Wormadam\n|\n|-heal|p1a: Dialga|277\/277|[from] item: Leftovers\n|upkeep\n|\n|t:|1666868169\n|switch|p2a: Jellicent|Jellicent, L84, F|305\/305\n|-damage|p2a: Jellicent|267\/305|[from] Stealth Rock\n|turn|8\n|\n|t:|1666868175\n|switch|p1a: Mesprit|Mesprit, L86|278\/278\n|-damage|p1a: Mesprit|244\/278|[from] Stealth Rock\n|move|p2a: Jellicent|Shadow Ball|p1a: Mesprit\n|-supereffective|p1a: Mesprit\n|-damage|p1a: Mesprit|118\/278\n|-unboost|p1a: Mesprit|spd|1\n|\n|-heal|p1a: Mesprit|135\/278|[from] item: Leftovers\n|-heal|p2a: Jellicent|286\/305|[from] item: Leftovers\n|upkeep\n|turn|9\n|j| Adhiraj8202\n|inactive|Luxiee has 120 seconds left.\n|\n|t:|1666868222\n|switch|p1a: Shedinja|Shedinja, L88|1\/1\n|-damage|p1a: Shedinja|0 fnt|[from] Stealth Rock\n|faint|p1a: Shedinja\n|move|p2a: Jellicent|Shadow Ball|p1: Shedinja|[notarget]\n|-fail|p2a: Jellicent\n|\n|-heal|p2a: Jellicent|305\/305|[from] item: Leftovers\n|upkeep\n|c|\u2606pdt|useless ass shed\n|\n|t:|1666868229\n|switch|p1a: Serperior|Serperior, L80, F|251\/251\n|-damage|p1a: Serperior|220\/251|[from] Stealth Rock\n|turn|10\n|inactive|Luxiee has 120 seconds left.\n|j| GM-Vinh\n|\n|t:|1666868242\n|switch|p2a: Lapras|Lapras, L88, F|371\/371\n|-damage|p2a: Lapras|279\/371|[from] Stealth Rock\n|move|p1a: Serperior|Substitute|p1a: Serperior\n|-start|p1a: Serperior|Substitute\n|-damage|p1a: Serperior|158\/251\n|\n|-heal|p1a: Serperior|173\/251|[from] item: Leftovers\n|-heal|p2a: Lapras|302\/371|[from] item: Leftovers\n|upkeep\n|turn|11\n|c|\u2606Luxiee|f\n|\n|t:|1666868249\n|move|p1a: Serperior|Leaf Storm|p2a: Lapras\n|-supereffective|p2a: Lapras\n|-damage|p2a: Lapras|122\/371\n|-boost|p1a: Serperior|spa|2\n|move|p2a: Lapras|Ice Beam|p1a: Serperior\n|-supereffective|p1a: Serperior\n|-end|p1a: Serperior|Substitute\n|\n|-heal|p1a: Serperior|188\/251|[from] item: Leftovers\n|-heal|p2a: Lapras|145\/371|[from] item: Leftovers\n|upkeep\n|turn|12\n|l| diemond35472\n|\n|t:|1666868255\n|move|p1a: Serperior|Leaf Storm|p2a: Lapras\n|-supereffective|p2a: Lapras\n|-damage|p2a: Lapras|0 fnt\n|-boost|p1a: Serperior|spa|2\n|faint|p2a: Lapras\n|\n|-heal|p1a: Serperior|203\/251|[from] item: Leftovers\n|upkeep\n|\n|t:|1666868257\n|switch|p2a: Archeops|Archeops, L86, M|269\/269\n|-damage|p2a: Archeops|202\/269|[from] Stealth Rock\n|turn|13\n|\n|t:|1666868264\n|switch|p1a: Suicune|Suicune, L82|298\/298\n|-damage|p1a: Suicune|261\/298|[from] Stealth Rock\n|-ability|p1a: Suicune|Pressure\n|move|p2a: Archeops|Acrobatics|p1a: Suicune\n|-damage|p1a: Suicune|117\/298\n|\n|-heal|p1a: Suicune|135\/298|[from] item: Leftovers\n|upkeep\n|turn|14\n|\n|t:|1666868269\n|move|p2a: Archeops|Acrobatics|p1a: Suicune\n|-damage|p1a: Suicune|0 fnt\n|faint|p1a: Suicune\n|\n|upkeep\n|\n|t:|1666868272\n|switch|p1a: Dialga|Dialga, L76|277\/277\n|-damage|p1a: Dialga|260\/277|[from] Stealth Rock\n|-ability|p1a: Dialga|Pressure\n|turn|15\n|j| urnate\n|\n|t:|1666868289\n|switch|p2a: Jellicent|Jellicent, L84, F|305\/305\n|-damage|p2a: Jellicent|267\/305|[from] Stealth Rock\n|move|p1a: Dialga|Draco Meteor|p2a: Jellicent\n|-damage|p2a: Jellicent|131\/305\n|-unboost|p1a: Dialga|spa|2\n|\n|-heal|p1a: Dialga|277\/277|[from] item: Leftovers\n|-heal|p2a: Jellicent|150\/305|[from] item: Leftovers\n|upkeep\n|turn|16\n|\n|t:|1666868293\n|move|p1a: Dialga|Toxic|p2a: Jellicent\n|-status|p2a: Jellicent|tox\n|move|p2a: Jellicent|Recover|p2a: Jellicent\n|-heal|p2a: Jellicent|303\/305 tox\n|\n|-heal|p2a: Jellicent|305\/305 tox|[from] item: Leftovers\n|-damage|p2a: Jellicent|286\/305 tox|[from] psn\n|upkeep\n|turn|17\n|\n|t:|1666868298\n|switch|p1a: Mesprit|Mesprit, L86|135\/278\n|-damage|p1a: Mesprit|101\/278|[from] Stealth Rock\n|move|p2a: Jellicent|Shadow Ball|p1a: Mesprit\n|-supereffective|p1a: Mesprit\n|-damage|p1a: Mesprit|0 fnt\n|faint|p1a: Mesprit\n|\n|-heal|p2a: Jellicent|305\/305 tox|[from] item: Leftovers\n|-damage|p2a: Jellicent|267\/305 tox|[from] psn\n|upkeep\n|\n|t:|1666868300\n|switch|p1a: Serperior|Serperior, L80, F|203\/251\n|-damage|p1a: Serperior|172\/251|[from] Stealth Rock\n|turn|18\n|\n|t:|1666868303\n|switch|p2a: Archeops|Archeops, L86, M|202\/269\n|-damage|p2a: Archeops|135\/269|[from] Stealth Rock\n|move|p1a: Serperior|Substitute|p1a: Serperior\n|-start|p1a: Serperior|Substitute\n|-damage|p1a: Serperior|110\/251\n|\n|-heal|p1a: Serperior|125\/251|[from] item: Leftovers\n|upkeep\n|turn|19\n|\n|t:|1666868306\n|move|p2a: Archeops|Acrobatics|p1a: Serperior\n|-supereffective|p1a: Serperior\n|-end|p1a: Serperior|Substitute\n|move|p1a: Serperior|Leaf Storm|p2a: Archeops\n|-damage|p2a: Archeops|2\/269\n|-boost|p1a: Serperior|spa|2\n|\n|-heal|p1a: Serperior|140\/251|[from] item: Leftovers\n|upkeep\n|turn|20\n|\n|t:|1666868315\n|switch|p1a: Dialga|Dialga, L76|277\/277\n|-damage|p1a: Dialga|260\/277|[from] Stealth Rock\n|-ability|p1a: Dialga|Pressure\n|move|p2a: Archeops|Acrobatics|p1a: Dialga\n|-resisted|p1a: Dialga\n|-damage|p1a: Dialga|227\/277\n|\n|-heal|p1a: Dialga|244\/277|[from] item: Leftovers\n|upkeep\n|turn|21\n|\n|t:|1666868319\n|move|p2a: Archeops|Endeavor|p1a: Dialga\n|-damage|p1a: Dialga|2\/277\n|move|p1a: Dialga|Flash Cannon|p2a: Archeops\n|-supereffective|p2a: Archeops\n|-damage|p2a: Archeops|0 fnt\n|faint|p2a: Archeops\n|\n|-heal|p1a: Dialga|19\/277|[from] item: Leftovers\n|upkeep\n|c|\u2606pdt|bruh\n|\n|t:|1666868330\n|switch|p2a: Ariados|Ariados, L88, F|266\/266\n|-damage|p2a: Ariados|200\/266|[from] Stealth Rock\n|turn|22\n|c|\u2606pdt|LMFAO\n|c| friendlyusersamok.|damn\n|\n|t:|1666868338\n|move|p2a: Ariados|Sucker Punch|p1a: Dialga\n|-damage|p1a: Dialga|0 fnt\n|faint|p1a: Dialga\n|\n|-heal|p2a: Ariados|216\/266|[from] item: Black Sludge\n|upkeep\n|\n|t:|1666868343\n|switch|p1a: Sceptile|Sceptile, L82, M|249\/249\n|-damage|p1a: Sceptile|218\/249|[from] Stealth Rock\n|turn|23\n|c| urnate|ha\n|\n|t:|1666868349\n|detailschange|p1a: Sceptile|Sceptile-Mega, L82, M\n|-mega|p1a: Sceptile|Sceptile|Sceptilite\n|move|p1a: Sceptile|Outrage|p2a: Ariados\n|-damage|p2a: Ariados|60\/266\n|move|p2a: Ariados|Megahorn|p1a: Sceptile\n|-supereffective|p1a: Sceptile\n|-damage|p1a: Sceptile|0 fnt\n|faint|p1a: Sceptile\n|\n|-heal|p2a: Ariados|76\/266|[from] item: Black Sludge\n|upkeep\n|\n|t:|1666868357\n|switch|p1a: Serperior|Serperior, L80, F|140\/251\n|-damage|p1a: Serperior|109\/251|[from] Stealth Rock\n|turn|24\n|c| urnate|hi like my name\n|c|\u2606Luxiee|wait i just threw\n|c|\u2606Luxiee|m\n|c|\u2606Luxiee|,\n|c|\u2606pdt|think u still win\n|\n|t:|1666868370\n|move|p2a: Ariados|Sucker Punch|p1a: Serperior\n|-damage|p1a: Serperior|54\/251\n|move|p1a: Serperior|Hidden Power|p2a: Ariados\n|-supereffective|p2a: Ariados\n|-damage|p2a: Ariados|0 fnt\n|faint|p2a: Ariados\n|\n|-heal|p1a: Serperior|69\/251|[from] item: Leftovers\n|upkeep\n|j| etb\n|c| urnate|lmao\n|\n|t:|1666868373\n|switch|p2a: Altaria|Altaria-Mega, L82, M|237\/257\n|-damage|p2a: Altaria|205\/257|[from] Stealth Rock\n|turn|25\n|c|\u2606pdt|that sucker punch\n|c|\u2606pdt|was a throw\n|c|\u2606pdt|though\n|\n|t:|1666868381\n|move|p1a: Serperior|Leech Seed|p2a: Altaria|[miss]\n|-miss|p1a: Serperior|p2a: Altaria\n|move|p2a: Altaria|Return|p1a: Serperior\n|-damage|p1a: Serperior|0 fnt\n|faint|p1a: Serperior\n|\n|win|Luxiee\n|n|\u2606pdt|pdt\n|n|\u2606Luxiee|luxiee\n|n| friendlyusersamok.|friendlyusersamok\n|n| Yveltalrat@!|yveltalrat\n|n| Adhiraj8202|adhiraj8202\n|n| GM-Vinh|gmvinh\n|n| urnate|urnate\n|n| etb|etb\n","inputlog":">version cdc5fe0aa6fcc38eea459fd4e334db1536a68c32\n>start {\"formatid\":\"gen6randombattle\",\"seed\":[61422,18577,12069,9519],\"rated\":\"Tournament battle\"}\n>player p1 {\"name\":\"pdt\",\"avatar\":\"#scl1islanders\",\"rating\":0,\"seed\":[40364,34249,20642,38960]}\n>player p2 {\"name\":\"Luxiee\",\"avatar\":\"sina\",\"rating\":0,\"seed\":[47468,21346,58666,1973]}\n>chat \u2606pdt|hf\n>chat \u2606Luxiee|hf\n>p1 move psyshock\n>p2 switch 6\n>p1 move hiddenpower\n>p2 move stealthrock\n>p1 move hiddenpower\n>p2 switch 3\n>p1 switch 2\n>p2 move dragondance mega\n>p1 move flashcannon\n>p2 switch 3\n>p1 move stealthrock\n>p2 move flashcannon\n>p1 move flashcannon\n>p2 move flashcannon\n>p2 switch 5\n>p1 switch 2\n>p2 move shadowball\n>p1 switch 6\n>p2 move shadowball\n>chat \u2606pdt|useless ass shed\n>p1 switch 4\n>p1 move substitute\n>p2 switch 4\n>chat \u2606Luxiee|f\n>p1 move leafstorm\n>p2 move icebeam\n>p1 move leafstorm\n>p2 move icebeam\n>p2 switch 6\n>p1 switch 5\n>p2 move acrobatics\n>p1 move scald\n>p2 move acrobatics\n>p1 switch 2\n>p1 move dracometeor\n>p2 switch 4\n>p1 move toxic\n>p2 move recover\n>p1 switch 6\n>p2 move shadowball\n>p1 switch 5\n>p1 move substitute\n>p2 switch 4\n>p1 move leafstorm\n>p2 move acrobatics\n>p1 switch 6\n>p2 move acrobatics\n>p1 move flashcannon\n>p2 move endeavor\n>chat \u2606pdt|bruh\n>p2 switch 2\n>chat \u2606pdt|LMFAO\n>chat  friendlyusersamok.|damn\n>p1 move flashcannon\n>p2 move suckerpunch\n>p1 switch 3\n>chat  urnate|ha\n>p1 move outrage mega\n>p2 move megahorn\n>p1 switch 6\n>chat  urnate|hi like my name\n>chat \u2606Luxiee|wait i just threw \n>chat \u2606Luxiee|m\n>chat \u2606Luxiee|,\n>chat \u2606pdt|think u still win\n>p1 move hiddenpower\n>p2 move suckerpunch\n>chat  urnate|lmao\n>p2 switch 3\n>chat \u2606pdt|that sucker punch\n>chat \u2606pdt|was a throw\n>chat \u2606pdt|though\n>p1 move leechseed\n>p2 move return","uploadtime":1666868382,"views":12,"p1id":"pdt","p2id":"luxiee","formatid":"gen6randombattle","rating":0,"private":0,"password":null}