{"id":"gen6randombattle-1131678267","p1":"Yayayajhv","p2":"BigWes95","format":"gen6randombattle","log":"|j|\u2606Yayayajhv\n|j|\u2606BigWes95\n|player|p1|Yayayajhv|102|1320\n|player|p2|BigWes95|swimmer-gen4dp|1435\n|teamsize|p1|6\n|teamsize|p2|6\n|gametype|singles\n|gen|6\n|tier|[Gen 6] Random Battle\n|rated|\n|rule|Sleep Clause Mod: Limit one foe put to sleep\n|rule|HP Percentage Mod: HP is shown in percentages\n|\n|start\n|switch|p1a: Scizor|Scizor, L80, M|243\/243\n|switch|p2a: Rayquaza|Rayquaza, L78|291\/291\n|-ability|p2a: Rayquaza|Air Lock\n|turn|1\n|inactive|Battle timer is ON: inactive players will automatically lose when time's up. (requested by BigWes95)\n|\n|move|p2a: Rayquaza|V-create|p1a: Scizor\n|-supereffective|p1a: Scizor\n|-enditem|p1a: Scizor|Focus Sash\n|-damage|p1a: Scizor|1\/243\n|-unboost|p2a: Rayquaza|spe|1\n|-unboost|p2a: Rayquaza|def|1\n|-unboost|p2a: Rayquaza|spd|1\n|move|p1a: Scizor|Swords Dance|p1a: Scizor\n|-boost|p1a: Scizor|atk|2\n|\n|upkeep\n|turn|2\n|\n|switch|p2a: Porygon-Z|Porygon-Z, L82|274\/274\n|move|p1a: Scizor|Bullet Punch|p2a: Porygon-Z\n|-damage|p2a: Porygon-Z|105\/274\n|\n|upkeep\n|turn|3\n|\n|move|p1a: Scizor|Bullet Punch|p2a: Porygon-Z\n|-damage|p2a: Porygon-Z|0 fnt\n|faint|p2a: Porygon-Z\n|\n|upkeep\n|\n|switch|p2a: Dugtrio|Dugtrio, L82, F|191\/191\n|turn|4\n|\n|move|p2a: Dugtrio|Sucker Punch|p1a: Scizor\n|-damage|p1a: Scizor|0 fnt\n|faint|p1a: Scizor\n|\n|upkeep\n|\n|switch|p1a: Basculin|Basculin-Blue-Striped, L88, M|266\/266\n|turn|5\n|\n|switch|p2a: Audino|Audino, L86, M|317\/317\n|move|p1a: Basculin|Waterfall|p2a: Audino\n|-damage|p2a: Audino|123\/317\n|\n|upkeep\n|turn|6\n|\n|switch|p2a: Beedrill|Beedrill, L88, M|258\/258\n|move|p1a: Basculin|Waterfall|p2a: Beedrill\n|-damage|p2a: Beedrill|0 fnt\n|faint|p2a: Beedrill\n|\n|upkeep\n|\n|switch|p2a: Rayquaza|Rayquaza, L78|291\/291\n|-ability|p2a: Rayquaza|Air Lock\n|turn|7\n|\n|move|p1a: Basculin|Waterfall|p2a: Rayquaza\n|-resisted|p2a: Rayquaza\n|-damage|p2a: Rayquaza|191\/291\n|move|p2a: Rayquaza|Draco Meteor|p1a: Basculin\n|-damage|p1a: Basculin|28\/266\n|-unboost|p2a: Rayquaza|spa|2\n|\n|upkeep\n|turn|8\n|\n|move|p1a: Basculin|Waterfall|p2a: Rayquaza\n|-resisted|p2a: Rayquaza\n|-damage|p2a: Rayquaza|91\/291\n|cant|p2a: Rayquaza|flinch\n|\n|upkeep\n|turn|9\n|\n|move|p1a: Basculin|Waterfall|p2a: Rayquaza\n|-resisted|p2a: Rayquaza\n|-damage|p2a: Rayquaza|0 fnt\n|faint|p2a: Rayquaza\n|\n|upkeep\n|\n|switch|p2a: Dugtrio|Dugtrio, L82, F|191\/191\n|turn|10\n|\n|move|p2a: Dugtrio|Earthquake|p1a: Basculin\n|-damage|p1a: Basculin|0 fnt\n|faint|p1a: Basculin\n|\n|upkeep\n|\n|switch|p1a: Ariados|Ariados, L88, M|266\/266\n|turn|11\n|\n|move|p2a: Dugtrio|Earthquake|p1a: Ariados\n|-damage|p1a: Ariados|176\/266\n|move|p1a: Ariados|Sticky Web|p2a: Dugtrio\n|-sidestart|p2: BigWes95|move: Sticky Web\n|\n|-heal|p1a: Ariados|192\/266|[from] item: Black Sludge\n|upkeep\n|turn|12\n|\n|move|p2a: Dugtrio|Earthquake|p1a: Ariados\n|-damage|p1a: Ariados|101\/266\n|move|p1a: Ariados|Poison Jab|p2a: Dugtrio\n|-resisted|p2a: Dugtrio\n|-damage|p2a: Dugtrio|122\/191\n|-status|p2a: Dugtrio|psn\n|\n|-heal|p1a: Ariados|117\/266|[from] item: Black Sludge\n|-damage|p2a: Dugtrio|99\/191 psn|[from] psn\n|upkeep\n|turn|13\n|\n|move|p2a: Dugtrio|Earthquake|p1a: Ariados\n|-damage|p1a: Ariados|11\/266\n|move|p1a: Ariados|Megahorn|p2a: Dugtrio|[miss]\n|-miss|p1a: Ariados|p2a: Dugtrio\n|\n|-heal|p1a: Ariados|27\/266|[from] item: Black Sludge\n|-damage|p2a: Dugtrio|76\/191 psn|[from] psn\n|upkeep\n|turn|14\n|inactive|Yayayajhv has 120 seconds left.\n|\n|move|p1a: Ariados|Sucker Punch|p2a: Dugtrio\n|-damage|p2a: Dugtrio|0 fnt\n|faint|p2a: Dugtrio\n|\n|-heal|p1a: Ariados|43\/266|[from] item: Black Sludge\n|upkeep\n|\n|switch|p2a: Sigilyph|Sigilyph, L84, F|258\/258\n|turn|15\n|inactive|Yayayajhv has 120 seconds left.\n|\n|switch|p1a: Sableye|Sableye, L84, M|221\/221\n|move|p2a: Sigilyph|Cosmic Power|p2a: Sigilyph\n|-boost|p2a: Sigilyph|def|1\n|-boost|p2a: Sigilyph|spd|1\n|\n|-status|p2a: Sigilyph|tox|[from] item: Toxic Orb\n|upkeep\n|turn|16\n|\n|move|p1a: Sableye|Taunt|p2a: Sigilyph\n|-start|p2a: Sigilyph|move: Taunt\n|cant|p2a: Sigilyph|move: Taunt|Cosmic Power\n|\n|upkeep\n|turn|17\n|\n|switch|p2a: Audino|Audino, L86, M|228\/317\n|-activate|p2a: Audino|move: Sticky Web\n|-unboost|p2a: Audino|spe|1\n|move|p1a: Sableye|Knock Off|p2a: Audino\n|-damage|p2a: Audino|168\/317\n|\n|upkeep\n|turn|18\n|\n|switch|p1a: Ariados|Ariados, L88, M|43\/266\n|detailschange|p2a: Audino|Audino-Mega, L86, M\n|-mega|p2a: Audino|Audino|Audinite\n|move|p2a: Audino|Dazzling Gleam|p1a: Ariados\n|-resisted|p1a: Ariados\n|-damage|p1a: Ariados|0 fnt\n|faint|p1a: Ariados\n|\n|upkeep\n|\n|switch|p1a: Blaziken|Blaziken, L78, F|253\/253\n|turn|19\n|\n|move|p1a: Blaziken|Fire Blast|p2a: Audino\n|-damage|p2a: Audino|55\/317\n|-damage|p1a: Blaziken|228\/253|[from] item: Life Orb\n|move|p2a: Audino|Dazzling Gleam|p1a: Blaziken\n|-damage|p1a: Blaziken|134\/253\n|\n|-ability|p1a: Blaziken|Speed Boost|boost\n|-boost|p1a: Blaziken|spe|1\n|upkeep\n|turn|20\n|\n|move|p1a: Blaziken|Fire Blast|p2a: Audino|[miss]\n|-miss|p1a: Blaziken|p2a: Audino\n|move|p2a: Audino|Dazzling Gleam|p1a: Blaziken\n|-damage|p1a: Blaziken|40\/253\n|\n|-ability|p1a: Blaziken|Speed Boost|boost\n|-boost|p1a: Blaziken|spe|1\n|upkeep\n|turn|21\n|\n|move|p1a: Blaziken|Fire Blast|p2a: Audino\n|-damage|p2a: Audino|0 fnt\n|-damage|p1a: Blaziken|15\/253|[from] item: Life Orb\n|faint|p2a: Audino\n|\n|-ability|p1a: Blaziken|Speed Boost|boost\n|-boost|p1a: Blaziken|spe|1\n|upkeep\n|\n|switch|p2a: Sigilyph|Sigilyph, L84, F|258\/258 tox\n|turn|22\n|\n|move|p1a: Blaziken|Fire Blast|p2a: Sigilyph\n|-damage|p2a: Sigilyph|94\/258 tox\n|-damage|p1a: Blaziken|0 fnt|[from] item: Life Orb\n|faint|p1a: Blaziken\n|move|p2a: Sigilyph|Roost|p2a: Sigilyph\n|-heal|p2a: Sigilyph|223\/258 tox\n|-singleturn|p2a: Sigilyph|move: Roost\n|\n|upkeep\n|\n|switch|p1a: Sableye|Sableye, L84, M|221\/221\n|turn|23\n|\n|move|p1a: Sableye|Taunt|p2a: Sigilyph\n|-start|p2a: Sigilyph|move: Taunt\n|cant|p2a: Sigilyph|move: Taunt|Psycho Shift\n|\n|upkeep\n|turn|24\n|\n|move|p2a: Sigilyph|Stored Power|p1a: Sableye\n|-immune|p1a: Sableye\n|move|p1a: Sableye|Knock Off|p2a: Sigilyph\n|-supereffective|p2a: Sigilyph\n|-damage|p2a: Sigilyph|25\/258 tox\n|-enditem|p2a: Sigilyph|Toxic Orb|[from] move: Knock Off|[of] p1a: Sableye\n|\n|upkeep\n|turn|25\n|-message|BigWes95 forfeited.\n|\n|win|Yayayajhv\n|l|\u2606BigWes95\n","inputlog":">version e1649a2dfaa61a80f5a5f70e20f6f26ae4cc4115\n>version-origin 70ab234f1d71fd2bc2b4c543cd0d0a1110b8e06b\n>start {\"formatid\":\"gen6randombattle\",\"seed\":[25468,7581,17269,28150],\"rated\":\"Rated battle\"}\n>player p1 {\"name\":\"Yayayajhv\",\"avatar\":\"102\",\"team\":\"\",\"rating\":1320,\"seed\":[49924,23709,22859,33364]}\n>player p2 {\"name\":\"BigWes95\",\"avatar\":\"swimmer-gen4dp\",\"team\":\"\",\"rating\":1435,\"seed\":[13537,30872,46399,13666]}\n>p1 move swordsdance\n>p2 move vcreate\n>p1 move bulletpunch\n>p2 switch 6\n>p1 move bulletpunch\n>p2 move darkpulse\n>p2 switch 5\n>p1 move bulletpunch\n>p2 move suckerpunch\n>p1 switch 2\n>p1 move waterfall\n>p2 switch 2\n>p1 move waterfall\n>p2 switch 3\n>p2 switch 6\n>p1 move waterfall\n>p2 move dracometeor\n>p1 move waterfall\n>p2 move dragonclaw\n>p1 move waterfall\n>p2 move dragonclaw\n>p2 switch 2\n>p1 move waterfall\n>p2 move earthquake\n>p1 switch 6\n>p1 move stickyweb\n>p2 move earthquake\n>p1 move poisonjab\n>p2 move earthquake\n>p1 move megahorn\n>p2 move earthquake\n>p1 move suckerpunch\n>p2 move earthquake\n>p2 switch 4\n>p1 switch 5\n>p2 move cosmicpower\n>p1 move taunt\n>p2 move cosmicpower\n>p1 move knockoff\n>p2 switch 3\n>p1 switch 5\n>p2 move dazzlinggleam mega\n>p1 switch 4\n>p1 move fireblast\n>p2 move dazzlinggleam\n>p1 move fireblast\n>p2 move dazzlinggleam\n>p1 move fireblast\n>p2 move dazzlinggleam\n>p2 switch 3\n>p1 move fireblast\n>p2 move roost\n>p1 switch 5\n>p1 move taunt\n>p2 move psychoshift\n>p1 move knockoff\n>p2 move storedpower","uploadtime":1592002931,"views":1,"p1id":"yayayajhv","p2id":"bigwes95","formatid":"gen6randombattle","rating":0,"private":0,"password":null}