{"id":"gen6randombattle-1223861141","p1":"Cubielubie","p2":"Lunar Neo","format":"gen6randombattle","log":"|j|\u2606Cubielubie\n|j|\u2606Lunar Neo\n|inactive|Battle timer is ON: inactive players will automatically lose when time's up.\n|t:|1605401992\n|player|p1|Cubielubie|169|\n|player|p2|Lunar Neo|grimsley|\n|teamsize|p1|6\n|teamsize|p2|6\n|gametype|singles\n|gen|6\n|tier|[Gen 6] Random Battle\n|rated|Tournament battle\n|rule|Sleep Clause Mod: Limit one foe put to sleep\n|rule|HP Percentage Mod: HP is shown in percentages\n|\n|t:|1605401992\n|start\n|switch|p1a: Shuckle|Shuckle, L84, F|171\/171\n|switch|p2a: Togekiss|Togekiss, L82, F|274\/274\n|turn|1\n|inactive|Lunar Neo also wants the timer to be on.\n|j| Teamtitan711\n|\n|t:|1605402002\n|switch|p1a: Blissey|Blissey, L82, F|552\/552\n|move|p2a: Togekiss|Thunder Wave|p1a: Blissey\n|-status|p1a: Blissey|par\n|\n|upkeep\n|turn|2\n|j| badbros2\n|l| badbros2\n|inactive|Cubielubie has 120 seconds left.\n|\n|t:|1605402034\n|switch|p2a: Torkoal|Torkoal, L88, M|266\/266\n|move|p1a: Blissey|Toxic|p2a: Torkoal\n|-status|p2a: Torkoal|tox\n|\n|-damage|p2a: Torkoal|250\/266 tox|[from] psn\n|upkeep\n|turn|3\n|\n|t:|1605402042\n|move|p2a: Torkoal|Stealth Rock|p1a: Blissey\n|-sidestart|p1: Cubielubie|move: Stealth Rock\n|move|p1a: Blissey|Flamethrower|p2a: Torkoal\n|-resisted|p2a: Torkoal\n|-damage|p2a: Torkoal|224\/266 tox\n|\n|-heal|p2a: Torkoal|240\/266 tox|[from] item: Leftovers\n|-damage|p2a: Torkoal|208\/266 tox|[from] psn\n|upkeep\n|turn|4\n|j|%piaa\n|\n|t:|1605402068\n|move|p2a: Torkoal|Rapid Spin|p1a: Blissey\n|-damage|p1a: Blissey|506\/552 par\n|move|p1a: Blissey|Flamethrower|p2a: Torkoal\n|-resisted|p2a: Torkoal\n|-damage|p2a: Torkoal|178\/266 tox\n|\n|-heal|p2a: Torkoal|194\/266 tox|[from] item: Leftovers\n|-heal|p1a: Blissey|540\/552 par|[from] item: Leftovers\n|-damage|p2a: Torkoal|146\/266 tox|[from] psn\n|upkeep\n|turn|5\n|l|%piaa\n|\n|t:|1605402076\n|switch|p2a: Luxray|Luxray, L88, M|284\/284\n|-ability|p2a: Luxray|Intimidate|boost\n|-unboost|p1a: Blissey|atk|1\n|move|p1a: Blissey|Flamethrower|p2a: Luxray\n|-damage|p2a: Luxray|249\/284\n|\n|-heal|p1a: Blissey|552\/552 par|[from] item: Leftovers\n|upkeep\n|turn|6\n|\n|t:|1605402086\n|switch|p1a: Shuckle|Shuckle, L84, F|171\/171\n|-damage|p1a: Shuckle|129\/171|[from] Stealth Rock\n|move|p2a: Luxray|Wild Charge|p1a: Shuckle\n|-damage|p1a: Shuckle|74\/171\n|-damage|p2a: Luxray|235\/284|[from] Recoil\n|\n|upkeep\n|turn|7\n|inactive|Cubielubie has 120 seconds left.\n|\n|t:|1605402132\n|move|p2a: Luxray|Volt Switch|p1a: Shuckle\n|-damage|p1a: Shuckle|38\/171\n|\n|t:|1605402135\n|switch|p2a: Torkoal|Torkoal, L88, M|146\/266 tox\n|move|p1a: Shuckle|Stealth Rock|p2a: Torkoal\n|-sidestart|p2: Lunar Neo|move: Stealth Rock\n|\n|-heal|p2a: Torkoal|162\/266 tox|[from] item: Leftovers\n|-damage|p2a: Torkoal|146\/266 tox|[from] psn\n|upkeep\n|turn|8\n|\n|t:|1605402149\n|move|p2a: Torkoal|Rapid Spin|p1a: Shuckle\n|-resisted|p1a: Shuckle\n|-damage|p1a: Shuckle|34\/171\n|-sideend|p2: Lunar Neo|Stealth Rock|[from] move: Rapid Spin|[of] p2a: Torkoal\n|move|p1a: Shuckle|Stealth Rock|p2a: Torkoal\n|-sidestart|p2: Lunar Neo|move: Stealth Rock\n|\n|-heal|p2a: Torkoal|162\/266 tox|[from] item: Leftovers\n|-damage|p2a: Torkoal|130\/266 tox|[from] psn\n|upkeep\n|turn|9\n|\n|t:|1605402160\n|move|p2a: Torkoal|Hidden Power|p1a: Shuckle\n|-damage|p1a: Shuckle|13\/171\n|move|p1a: Shuckle|Stealth Rock||[still]\n|-fail|p1a: Shuckle\n|\n|-heal|p2a: Torkoal|146\/266 tox|[from] item: Leftovers\n|-damage|p2a: Torkoal|98\/266 tox|[from] psn\n|upkeep\n|turn|10\n|inactive|Cubielubie has 120 seconds left.\n|inactive|Cubielubie has 90 seconds left.\n|\n|t:|1605402204\n|move|p2a: Torkoal|Rapid Spin|p1a: Shuckle\n|-resisted|p1a: Shuckle\n|-damage|p1a: Shuckle|10\/171\n|-sideend|p2: Lunar Neo|Stealth Rock|[from] move: Rapid Spin|[of] p2a: Torkoal\n|move|p1a: Shuckle|Stealth Rock|p2a: Torkoal\n|-sidestart|p2: Lunar Neo|move: Stealth Rock\n|\n|-heal|p2a: Torkoal|114\/266 tox|[from] item: Leftovers\n|-damage|p2a: Torkoal|50\/266 tox|[from] psn\n|upkeep\n|turn|11\n|\n|t:|1605402215\n|move|p2a: Torkoal|Rapid Spin|p1a: Shuckle\n|-resisted|p1a: Shuckle\n|-damage|p1a: Shuckle|7\/171\n|-sideend|p2: Lunar Neo|Stealth Rock|[from] move: Rapid Spin|[of] p2a: Torkoal\n|move|p1a: Shuckle|Stealth Rock|p2a: Torkoal\n|-sidestart|p2: Lunar Neo|move: Stealth Rock\n|\n|-heal|p2a: Torkoal|66\/266 tox|[from] item: Leftovers\n|-damage|p2a: Torkoal|0 fnt|[from] psn\n|faint|p2a: Torkoal\n|upkeep\n|\n|t:|1605402235\n|switch|p2a: Milotic|Milotic, L82, F|290\/290\n|-damage|p2a: Milotic|254\/290|[from] Stealth Rock\n|turn|12\n|\n|t:|1605402248\n|move|p2a: Milotic|Scald|p1a: Shuckle\n|-supereffective|p1a: Shuckle\n|-damage|p1a: Shuckle|0 fnt\n|faint|p1a: Shuckle\n|\n|-heal|p2a: Milotic|272\/290|[from] item: Leftovers\n|upkeep\n|\n|t:|1605402252\n|switch|p1a: Blissey|Blissey, L82, F|552\/552\n|-damage|p1a: Blissey|483\/552|[from] Stealth Rock\n|turn|13\n|\n|t:|1605402256\n|move|p2a: Milotic|Toxic|p1a: Blissey|[miss]\n|-miss|p2a: Milotic|p1a: Blissey\n|move|p1a: Blissey|Toxic|p2a: Milotic\n|-status|p2a: Milotic|tox\n|\n|-heal|p2a: Milotic|290\/290 tox|[from] item: Leftovers\n|-heal|p1a: Blissey|517\/552|[from] item: Leftovers\n|-damage|p2a: Milotic|272\/290 tox|[from] psn\n|upkeep\n|turn|14\n|inactive|Cubielubie has 120 seconds left.\n|j| W0r1dzSHiVfT\n|c| W0r1dzSHiVfT|these are great random mons\n|c| W0r1dzSHiVfT|how do you get them\n|\n|t:|1605402295\n|switch|p2a: Luxray|Luxray, L88, M|235\/284\n|-damage|p2a: Luxray|200\/284|[from] Stealth Rock\n|-ability|p2a: Luxray|Intimidate|boost\n|-unboost|p1a: Blissey|atk|1\n|move|p1a: Blissey|Flamethrower|p2a: Luxray\n|-damage|p2a: Luxray|166\/284\n|\n|-heal|p1a: Blissey|551\/552|[from] item: Leftovers\n|upkeep\n|turn|15\n|\n|t:|1605402304\n|switch|p1a: Hariyama|Hariyama, L86, F|388\/388\n|-damage|p1a: Hariyama|364\/388|[from] Stealth Rock\n|move|p2a: Luxray|Superpower|p1a: Hariyama\n|-damage|p1a: Hariyama|212\/388\n|-unboost|p2a: Luxray|atk|1\n|-unboost|p2a: Luxray|def|1\n|\n|upkeep\n|turn|16\n|\n|t:|1605402315\n|switch|p2a: Unown|Unown-F, L88|228\/228\n|-damage|p2a: Unown|200\/228|[from] Stealth Rock\n|move|p1a: Hariyama|Ice Punch|p2a: Unown\n|-damage|p2a: Unown|80\/228\n|-damage|p1a: Hariyama|174\/388|[from] item: Life Orb\n|\n|upkeep\n|turn|17\n|l| Teamtitan711\n|\n|t:|1605402334\n|switch|p1a: Blissey|Blissey, L82, F|551\/552\n|-damage|p1a: Blissey|482\/552|[from] Stealth Rock\n|move|p2a: Unown|Hidden Power|p1a: Blissey\n|-damage|p1a: Blissey|422\/552\n|\n|-heal|p1a: Blissey|456\/552|[from] item: Leftovers\n|upkeep\n|turn|18\n|inactive|Cubielubie has 90 seconds left.\n|\n|t:|1605402369\n|switch|p2a: Audino|Audino, L86, F|317\/317\n|-damage|p2a: Audino|278\/317|[from] Stealth Rock\n|move|p1a: Blissey|Flamethrower|p2a: Audino\n|-damage|p2a: Audino|232\/317\n|\n|-heal|p1a: Blissey|490\/552|[from] item: Leftovers\n|upkeep\n|turn|19\n|\n|t:|1605402381\n|detailschange|p2a: Audino|Audino-Mega, L86, F\n|-mega|p2a: Audino|Audino|Audinite\n|move|p1a: Blissey|Toxic|p2a: Audino\n|-status|p2a: Audino|tox\n|move|p2a: Audino|Heal Bell|p2a: Audino\n|-activate|p2a: Audino|move: Heal Bell\n|-curestatus|p2a: Audino|tox|[msg]\n|-curestatus|p2: Milotic|tox|[msg]\n|\n|-heal|p1a: Blissey|524\/552|[from] item: Leftovers\n|upkeep\n|turn|20\n|c| W0r1dzSHiVfT|ur the first person ever to get mega audino as a random set audino\n|c| W0r1dzSHiVfT|nic\n|inactive|Cubielubie has 60 seconds left.\n|inactive|Lunar Neo has 120 seconds left.\n|\n|t:|1605402421\n|switch|p2a: Unown|Unown-F, L88|80\/228\n|-damage|p2a: Unown|52\/228|[from] Stealth Rock\n|move|p1a: Blissey|Toxic|p2a: Unown\n|-status|p2a: Unown|tox\n|\n|-heal|p1a: Blissey|552\/552|[from] item: Leftovers\n|-damage|p2a: Unown|38\/228 tox|[from] psn\n|upkeep\n|turn|21\n|inactive|Cubielubie has 60 seconds left.\n|\n|t:|1605402426\n|move|p1a: Blissey|Flamethrower|p2a: Unown\n|-damage|p2a: Unown|0 fnt\n|faint|p2a: Unown\n|\n|upkeep\n|\n|t:|1605402431\n|switch|p2a: Luxray|Luxray, L88, M|166\/284\n|-damage|p2a: Luxray|131\/284|[from] Stealth Rock\n|-ability|p2a: Luxray|Intimidate|boost\n|-unboost|p1a: Blissey|atk|1\n|turn|22\n|\n|t:|1605402435\n|switch|p1a: Hariyama|Hariyama, L86, F|174\/388\n|-damage|p1a: Hariyama|150\/388|[from] Stealth Rock\n|move|p2a: Luxray|Wild Charge|p1a: Hariyama\n|-damage|p1a: Hariyama|0 fnt\n|-damage|p2a: Luxray|93\/284|[from] Recoil\n|faint|p1a: Hariyama\n|\n|upkeep\n|\n|t:|1605402442\n|switch|p1a: Mewtwo|Mewtwo, L78|293\/293\n|-ability|p1a: Mewtwo|Unnerve|p2: Lunar Neo\n|-damage|p1a: Mewtwo|257\/293|[from] Stealth Rock\n|turn|23\n|c|\u2606Lunar Neo|fuck me\n|j| hyla\n|\n|t:|1605402453\n|detailschange|p1a: Mewtwo|Mewtwo-Mega-X, L78\n|-mega|p1a: Mewtwo|Mewtwo|Mewtwonite X\n|move|p1a: Mewtwo|Drain Punch|p2a: Luxray\n|-damage|p2a: Luxray|0 fnt\n|-heal|p1a: Mewtwo|293\/293|[from] drain|[of] p2a: Luxray\n|faint|p2a: Luxray\n|\n|upkeep\n|\n|t:|1605402460\n|switch|p2a: Togekiss|Togekiss, L82, F|274\/274\n|-damage|p2a: Togekiss|206\/274|[from] Stealth Rock\n|turn|24\n|inactive|Cubielubie has 90 seconds left.\n|\n|t:|1605402495\n|switch|p1a: Blissey|Blissey, L82, F|552\/552\n|-damage|p1a: Blissey|483\/552|[from] Stealth Rock\n|switch|p2a: Milotic|Milotic, L82, F|272\/290\n|-damage|p2a: Milotic|236\/290|[from] Stealth Rock\n|\n|-heal|p2a: Milotic|254\/290|[from] item: Leftovers\n|-heal|p1a: Blissey|517\/552|[from] item: Leftovers\n|upkeep\n|turn|25\n|\n|t:|1605402505\n|move|p2a: Milotic|Toxic|p1a: Blissey\n|-status|p1a: Blissey|tox\n|move|p1a: Blissey|Toxic|p2a: Milotic|[miss]\n|-miss|p1a: Blissey|p2a: Milotic\n|\n|-heal|p2a: Milotic|272\/290|[from] item: Leftovers\n|-heal|p1a: Blissey|551\/552 tox|[from] item: Leftovers\n|-damage|p1a: Blissey|517\/552 tox|[from] psn\n|upkeep\n|turn|26\n|\n|t:|1605402523\n|move|p2a: Milotic|Scald|p1a: Blissey\n|-damage|p1a: Blissey|453\/552 tox\n|move|p1a: Blissey|Toxic|p2a: Milotic\n|-status|p2a: Milotic|tox\n|\n|-heal|p2a: Milotic|290\/290 tox|[from] item: Leftovers\n|-heal|p1a: Blissey|487\/552 tox|[from] item: Leftovers\n|-damage|p2a: Milotic|272\/290 tox|[from] psn\n|-damage|p1a: Blissey|419\/552 tox|[from] psn\n|upkeep\n|turn|27\n|\n|t:|1605402528\n|switch|p2a: Togekiss|Togekiss, L82, F|206\/274\n|-damage|p2a: Togekiss|138\/274|[from] Stealth Rock\n|move|p1a: Blissey|Soft-Boiled|p1a: Blissey\n|-heal|p1a: Blissey|552\/552 tox\n|\n|-heal|p2a: Togekiss|155\/274|[from] item: Leftovers\n|-damage|p1a: Blissey|450\/552 tox|[from] psn\n|upkeep\n|turn|28\n|inactive|Cubielubie has 90 seconds left.\n|inactive|Cubielubie has 60 seconds left.\n|l| hyla\n|\n|t:|1605402570\n|move|p2a: Togekiss|Roost|p2a: Togekiss\n|-heal|p2a: Togekiss|274\/274\n|-singleturn|p2a: Togekiss|move: Roost\n|move|p1a: Blissey|Flamethrower|p2a: Togekiss\n|-damage|p2a: Togekiss|233\/274\n|\n|-heal|p2a: Togekiss|250\/274|[from] item: Leftovers\n|-heal|p1a: Blissey|484\/552 tox|[from] item: Leftovers\n|-damage|p1a: Blissey|348\/552 tox|[from] psn\n|upkeep\n|turn|29\n|inactive|Cubielubie has 60 seconds left.\n|\n|t:|1605402585\n|-curestatus|p1a: Blissey|tox|[from] ability: Natural Cure\n|switch|p1a: Mandibuzz|Mandibuzz, L82, F|315\/315\n|-damage|p1a: Mandibuzz|237\/315|[from] Stealth Rock\n|move|p2a: Togekiss|Air Slash|p1a: Mandibuzz\n|-damage|p1a: Mandibuzz|153\/315\n|\n|-heal|p2a: Togekiss|267\/274|[from] item: Leftovers\n|-heal|p1a: Mandibuzz|172\/315|[from] item: Leftovers\n|upkeep\n|turn|30\n|\n|t:|1605402593\n|move|p2a: Togekiss|Thunder Wave|p1a: Mandibuzz\n|-status|p1a: Mandibuzz|par\n|move|p1a: Mandibuzz|Roost|p1a: Mandibuzz\n|-heal|p1a: Mandibuzz|315\/315 par\n|-singleturn|p1a: Mandibuzz|move: Roost\n|\n|-heal|p2a: Togekiss|274\/274|[from] item: Leftovers\n|upkeep\n|turn|31\n|\n|t:|1605402603\n|switch|p1a: Blissey|Blissey, L82, F|348\/552\n|-damage|p1a: Blissey|279\/552|[from] Stealth Rock\n|move|p2a: Togekiss|Air Slash|p1a: Blissey\n|-damage|p1a: Blissey|218\/552\n|\n|-heal|p1a: Blissey|252\/552|[from] item: Leftovers\n|upkeep\n|turn|32\n|c| W0r1dzSHiVfT|you also got a mega wow\n|\n|t:|1605402611\n|move|p2a: Togekiss|Thunder Wave|p1a: Blissey\n|-status|p1a: Blissey|par\n|move|p1a: Blissey|Soft-Boiled|p1a: Blissey\n|-heal|p1a: Blissey|528\/552 par\n|\n|-heal|p1a: Blissey|552\/552 par|[from] item: Leftovers\n|upkeep\n|turn|33\n|inactive|Cubielubie has 90 seconds left.\n|\n|t:|1605402617\n|move|p2a: Togekiss|Air Slash|p1a: Blissey\n|-damage|p1a: Blissey|492\/552 par\n|cant|p1a: Blissey|flinch\n|\n|-heal|p1a: Blissey|526\/552 par|[from] item: Leftovers\n|upkeep\n|turn|34\n|\n|t:|1605402620\n|move|p2a: Togekiss|Air Slash|p1a: Blissey\n|-damage|p1a: Blissey|462\/552 par\n|cant|p1a: Blissey|flinch\n|\n|-heal|p1a: Blissey|496\/552 par|[from] item: Leftovers\n|upkeep\n|turn|35\n|\n|t:|1605402624\n|move|p2a: Togekiss|Air Slash|p1a: Blissey\n|-damage|p1a: Blissey|432\/552 par\n|move|p1a: Blissey|Heal Bell|p1a: Blissey\n|-activate|p1a: Blissey|move: Heal Bell\n|-curestatus|p1a: Blissey|par|[msg]\n|-curestatus|p1: Mandibuzz|par|[msg]\n|\n|-heal|p1a: Blissey|466\/552|[from] item: Leftovers\n|upkeep\n|turn|36\n|\n|t:|1605402637\n|switch|p2a: Milotic|Milotic, L82, F|272\/290 tox\n|-damage|p2a: Milotic|236\/290 tox|[from] Stealth Rock\n|move|p1a: Blissey|Toxic|p2a: Milotic\n|-fail|p2a: Milotic|tox\n|\n|-heal|p2a: Milotic|254\/290 tox|[from] item: Leftovers\n|-heal|p1a: Blissey|500\/552|[from] item: Leftovers\n|-damage|p2a: Milotic|236\/290 tox|[from] psn\n|upkeep\n|turn|37\n|\n|t:|1605402643\n|move|p2a: Milotic|Toxic|p1a: Blissey\n|-status|p1a: Blissey|tox\n|move|p1a: Blissey|Flamethrower|p2a: Milotic\n|-resisted|p2a: Milotic\n|-damage|p2a: Milotic|216\/290 tox\n|\n|-heal|p2a: Milotic|234\/290 tox|[from] item: Leftovers\n|-heal|p1a: Blissey|534\/552 tox|[from] item: Leftovers\n|-damage|p2a: Milotic|198\/290 tox|[from] psn\n|-damage|p1a: Blissey|500\/552 tox|[from] psn\n|upkeep\n|turn|38\n|\n|t:|1605402653\n|move|p2a: Milotic|Recover|p2a: Milotic\n|-heal|p2a: Milotic|290\/290 tox\n|move|p1a: Blissey|Heal Bell|p1a: Blissey\n|-activate|p1a: Blissey|move: Heal Bell\n|-curestatus|p1a: Blissey|tox|[msg]\n|\n|-heal|p1a: Blissey|534\/552|[from] item: Leftovers\n|-damage|p2a: Milotic|236\/290 tox|[from] psn\n|upkeep\n|turn|39\n|inactive|Cubielubie has 120 seconds left.\n|j| badbros2\n|l| badbros2\n|\n|t:|1605402686\n|switch|p2a: Audino|Audino-Mega, L86, F|232\/317\n|-damage|p2a: Audino|193\/317|[from] Stealth Rock\n|move|p1a: Blissey|Flamethrower|p2a: Audino\n|-damage|p2a: Audino|156\/317\n|\n|-heal|p1a: Blissey|552\/552|[from] item: Leftovers\n|upkeep\n|turn|40\n|\n|t:|1605402696\n|move|p2a: Audino|Protect|p2a: Audino\n|-singleturn|p2a: Audino|Protect\n|move|p1a: Blissey|Flamethrower|p2a: Audino\n|-activate|p2a: Audino|move: Protect\n|\n|upkeep\n|turn|41\n|inactive|Cubielubie has 120 seconds left.\n|\n|t:|1605402720\n|move|p1a: Blissey|Flamethrower|p2a: Audino\n|-damage|p2a: Audino|118\/317\n|move|p2a: Audino|Heal Bell|p2a: Audino\n|-activate|p2a: Audino|move: Heal Bell\n|-curestatus|p2: Milotic|tox|[msg]\n|\n|upkeep\n|turn|42\n|\n|t:|1605402727\n|move|p2a: Audino|Protect|p2a: Audino\n|-singleturn|p2a: Audino|Protect\n|move|p1a: Blissey|Toxic|p2a: Audino\n|-activate|p2a: Audino|move: Protect\n|\n|upkeep\n|turn|43\n|inactive|Cubielubie has 120 seconds left.\n|j| Hail_in_hell\n|c| Hail_in_hell|\/\/data audino\n|c| Hail_in_hell|oof\n|inactive|Cubielubie has 90 seconds left.\n|\n|t:|1605402770\n|switch|p2a: Milotic|Milotic, L82, F|236\/290\n|-damage|p2a: Milotic|200\/290|[from] Stealth Rock\n|move|p1a: Blissey|Toxic|p2a: Milotic\n|-status|p2a: Milotic|tox\n|\n|-heal|p2a: Milotic|218\/290 tox|[from] item: Leftovers\n|-damage|p2a: Milotic|200\/290 tox|[from] psn\n|upkeep\n|turn|44\n|\n|t:|1605402776\n|move|p2a: Milotic|Toxic|p1a: Blissey\n|-status|p1a: Blissey|tox\n|move|p1a: Blissey|Flamethrower|p2a: Milotic\n|-resisted|p2a: Milotic\n|-damage|p2a: Milotic|182\/290 tox\n|\n|-heal|p2a: Milotic|200\/290 tox|[from] item: Leftovers\n|-damage|p2a: Milotic|164\/290 tox|[from] psn\n|-damage|p1a: Blissey|518\/552 tox|[from] psn\n|upkeep\n|turn|45\n|inactive|Cubielubie has 90 seconds left.\n|l| Hail_in_hell\n|\n|t:|1605402810\n|move|p2a: Milotic|Recover|p2a: Milotic\n|-heal|p2a: Milotic|290\/290 tox\n|move|p1a: Blissey|Flamethrower|p2a: Milotic\n|-resisted|p2a: Milotic\n|-damage|p2a: Milotic|271\/290 tox\n|\n|-heal|p2a: Milotic|289\/290 tox|[from] item: Leftovers\n|-heal|p1a: Blissey|552\/552 tox|[from] item: Leftovers\n|-damage|p2a: Milotic|235\/290 tox|[from] psn\n|-damage|p1a: Blissey|484\/552 tox|[from] psn\n|upkeep\n|turn|46\n|\n|t:|1605402815\n|switch|p2a: Audino|Audino-Mega, L86, F|118\/317\n|-damage|p2a: Audino|79\/317|[from] Stealth Rock\n|move|p1a: Blissey|Heal Bell|p1a: Blissey\n|-activate|p1a: Blissey|move: Heal Bell\n|-curestatus|p1a: Blissey|tox|[msg]\n|\n|-heal|p1a: Blissey|518\/552|[from] item: Leftovers\n|upkeep\n|turn|47\n|\n|t:|1605402822\n|move|p2a: Audino|Protect|p2a: Audino\n|-singleturn|p2a: Audino|Protect\n|move|p1a: Blissey|Flamethrower|p2a: Audino\n|-activate|p2a: Audino|move: Protect\n|\n|-heal|p1a: Blissey|552\/552|[from] item: Leftovers\n|upkeep\n|turn|48\n|\n|t:|1605402826\n|switch|p2a: Milotic|Milotic, L82, F|235\/290 tox\n|-damage|p2a: Milotic|199\/290 tox|[from] Stealth Rock\n|move|p1a: Blissey|Flamethrower|p2a: Milotic\n|-resisted|p2a: Milotic\n|-damage|p2a: Milotic|180\/290 tox\n|\n|-heal|p2a: Milotic|198\/290 tox|[from] item: Leftovers\n|-damage|p2a: Milotic|180\/290 tox|[from] psn\n|upkeep\n|turn|49\n|\n|t:|1605402830\n|move|p2a: Milotic|Recover|p2a: Milotic\n|-heal|p2a: Milotic|290\/290 tox\n|move|p1a: Blissey|Flamethrower|p2a: Milotic\n|-resisted|p2a: Milotic\n|-damage|p2a: Milotic|271\/290 tox\n|\n|-heal|p2a: Milotic|289\/290 tox|[from] item: Leftovers\n|-damage|p2a: Milotic|253\/290 tox|[from] psn\n|upkeep\n|turn|50\n|\n|t:|1605402834\n|switch|p2a: Audino|Audino-Mega, L86, F|79\/317\n|-damage|p2a: Audino|40\/317|[from] Stealth Rock\n|move|p1a: Blissey|Flamethrower|p2a: Audino\n|-damage|p2a: Audino|3\/317\n|\n|upkeep\n|turn|51\n|c| W0r1dzSHiVfT|this shall not end\n|\n|t:|1605402837\n|move|p1a: Blissey|Flamethrower|p2a: Audino\n|-damage|p2a: Audino|0 fnt\n|faint|p2a: Audino\n|\n|upkeep\n|\n|t:|1605402842\n|switch|p2a: Milotic|Milotic, L82, F|253\/290 tox\n|-damage|p2a: Milotic|217\/290 tox|[from] Stealth Rock\n|turn|52\n|c|\u2606Lunar Neo|i tried my best\n|\n|t:|1605402852\n|switch|p1a: Mandibuzz|Mandibuzz, L82, F|315\/315\n|-damage|p1a: Mandibuzz|237\/315|[from] Stealth Rock\n|move|p2a: Milotic|Toxic|p1a: Mandibuzz\n|-status|p1a: Mandibuzz|tox\n|\n|-heal|p2a: Milotic|235\/290 tox|[from] item: Leftovers\n|-heal|p1a: Mandibuzz|256\/315 tox|[from] item: Leftovers\n|-damage|p2a: Milotic|217\/290 tox|[from] psn\n|-damage|p1a: Mandibuzz|237\/315 tox|[from] psn\n|upkeep\n|turn|53\n|\n|t:|1605402859\n|switch|p2a: Togekiss|Togekiss, L82, F|274\/274\n|-damage|p2a: Togekiss|206\/274|[from] Stealth Rock\n|move|p1a: Mandibuzz|Brave Bird|p2a: Togekiss\n|-crit|p2a: Togekiss\n|-damage|p2a: Togekiss|67\/274\n|-damage|p1a: Mandibuzz|191\/315 tox|[from] Recoil\n|\n|-heal|p1a: Mandibuzz|210\/315 tox|[from] item: Leftovers\n|-heal|p2a: Togekiss|84\/274|[from] item: Leftovers\n|-damage|p1a: Mandibuzz|172\/315 tox|[from] psn\n|upkeep\n|turn|54\n|c| W0r1dzSHiVfT|you both got some top tier pokemon\n|c| W0r1dzSHiVfT|amazing\n|c|\u2606Lunar Neo|5 of my mons is walled by blissey\n|c|\u2606Lunar Neo|and he has mega mewtwo\n|\n|t:|1605402882\n|move|p1a: Mandibuzz|Toxic|p2a: Togekiss\n|-status|p2a: Togekiss|tox\n|move|p2a: Togekiss|Roost|p2a: Togekiss\n|-heal|p2a: Togekiss|221\/274 tox\n|-singleturn|p2a: Togekiss|move: Roost\n|\n|-heal|p1a: Mandibuzz|191\/315 tox|[from] item: Leftovers\n|-heal|p2a: Togekiss|238\/274 tox|[from] item: Leftovers\n|-damage|p1a: Mandibuzz|134\/315 tox|[from] psn\n|-damage|p2a: Togekiss|221\/274 tox|[from] psn\n|upkeep\n|turn|55\n|\n|t:|1605402888\n|switch|p1a: Blissey|Blissey, L82, F|552\/552\n|-damage|p1a: Blissey|483\/552|[from] Stealth Rock\n|move|p2a: Togekiss|Heal Bell|p2a: Togekiss\n|-activate|p2a: Togekiss|move: Heal Bell\n|-curestatus|p2a: Togekiss|tox|[msg]\n|-curestatus|p2: Milotic|tox|[msg]\n|\n|-heal|p2a: Togekiss|238\/274|[from] item: Leftovers\n|-heal|p1a: Blissey|517\/552|[from] item: Leftovers\n|upkeep\n|turn|56\n|\n|t:|1605402899\n|move|p2a: Togekiss|Thunder Wave|p1a: Blissey\n|-status|p1a: Blissey|par\n|move|p1a: Blissey|Toxic|p2a: Togekiss\n|-status|p2a: Togekiss|tox\n|\n|-heal|p2a: Togekiss|255\/274 tox|[from] item: Leftovers\n|-heal|p1a: Blissey|551\/552 par|[from] item: Leftovers\n|-damage|p2a: Togekiss|238\/274 tox|[from] psn\n|upkeep\n|turn|57\n|\n|t:|1605402904\n|switch|p2a: Milotic|Milotic, L82, F|217\/290\n|-damage|p2a: Milotic|181\/290|[from] Stealth Rock\n|move|p1a: Blissey|Flamethrower|p2a: Milotic\n|-resisted|p2a: Milotic\n|-damage|p2a: Milotic|162\/290\n|\n|-heal|p2a: Milotic|180\/290|[from] item: Leftovers\n|-heal|p1a: Blissey|552\/552 par|[from] item: Leftovers\n|upkeep\n|turn|58\n|\n|t:|1605402913\n|move|p2a: Milotic|Recover|p2a: Milotic\n|-heal|p2a: Milotic|290\/290\n|cant|p1a: Blissey|par\n|\n|upkeep\n|turn|59\n|\n|t:|1605402921\n|move|p2a: Milotic|Scald|p1a: Blissey\n|-damage|p1a: Blissey|495\/552 par\n|move|p1a: Blissey|Flamethrower|p2a: Milotic\n|-resisted|p2a: Milotic\n|-damage|p2a: Milotic|270\/290\n|\n|-heal|p2a: Milotic|288\/290|[from] item: Leftovers\n|-heal|p1a: Blissey|529\/552 par|[from] item: Leftovers\n|upkeep\n|turn|60\n|\n|t:|1605402928\n|move|p2a: Milotic|Scald|p1a: Blissey\n|-damage|p1a: Blissey|469\/552 par\n|cant|p1a: Blissey|par\n|\n|-heal|p2a: Milotic|290\/290|[from] item: Leftovers\n|-heal|p1a: Blissey|503\/552 par|[from] item: Leftovers\n|upkeep\n|turn|61\n|\n|t:|1605402933\n|move|p2a: Milotic|Scald|p1a: Blissey\n|-damage|p1a: Blissey|448\/552 par\n|move|p1a: Blissey|Flamethrower|p2a: Milotic\n|-resisted|p2a: Milotic\n|-damage|p2a: Milotic|271\/290\n|\n|-heal|p2a: Milotic|289\/290|[from] item: Leftovers\n|-heal|p1a: Blissey|482\/552 par|[from] item: Leftovers\n|upkeep\n|turn|62\n|\n|t:|1605402940\n|move|p2a: Milotic|Scald|p1a: Blissey\n|-damage|p1a: Blissey|418\/552 par\n|cant|p1a: Blissey|par\n|\n|-heal|p2a: Milotic|290\/290|[from] item: Leftovers\n|-heal|p1a: Blissey|452\/552 par|[from] item: Leftovers\n|upkeep\n|turn|63\n|\n|t:|1605402944\n|move|p2a: Milotic|Scald|p1a: Blissey\n|-damage|p1a: Blissey|395\/552 par\n|move|p1a: Blissey|Flamethrower|p2a: Milotic\n|-resisted|p2a: Milotic\n|-damage|p2a: Milotic|269\/290\n|\n|-heal|p2a: Milotic|287\/290|[from] item: Leftovers\n|-heal|p1a: Blissey|429\/552 par|[from] item: Leftovers\n|upkeep\n|turn|64\n|\n|t:|1605402952\n|move|p2a: Milotic|Scald|p1a: Blissey\n|-damage|p1a: Blissey|366\/552 par\n|move|p1a: Blissey|Flamethrower|p2a: Milotic\n|-resisted|p2a: Milotic\n|-damage|p2a: Milotic|269\/290\n|\n|-heal|p2a: Milotic|287\/290|[from] item: Leftovers\n|-heal|p1a: Blissey|400\/552 par|[from] item: Leftovers\n|upkeep\n|turn|65\n|\n|t:|1605402955\n|move|p2a: Milotic|Ice Beam|p1a: Blissey\n|-damage|p1a: Blissey|356\/552 par\n|move|p1a: Blissey|Flamethrower|p2a: Milotic\n|-resisted|p2a: Milotic\n|-damage|p2a: Milotic|267\/290\n|\n|-heal|p2a: Milotic|285\/290|[from] item: Leftovers\n|-heal|p1a: Blissey|390\/552 par|[from] item: Leftovers\n|upkeep\n|turn|66\n|\n|t:|1605402963\n|move|p2a: Milotic|Scald|p1a: Blissey\n|-damage|p1a: Blissey|332\/552 par\n|move|p1a: Blissey|Soft-Boiled|p1a: Blissey\n|-heal|p1a: Blissey|552\/552 par\n|\n|-heal|p2a: Milotic|290\/290|[from] item: Leftovers\n|upkeep\n|turn|67\n|\n|t:|1605402969\n|-curestatus|p1a: Blissey|par|[from] ability: Natural Cure\n|switch|p1a: Mewtwo|Mewtwo-Mega-X, L78|293\/293\n|-damage|p1a: Mewtwo|275\/293|[from] Stealth Rock\n|move|p2a: Milotic|Ice Beam|p1a: Mewtwo\n|-damage|p1a: Mewtwo|213\/293\n|\n|upkeep\n|turn|68\n|\n|t:|1605402974\n|move|p1a: Mewtwo|Drain Punch|p2a: Milotic\n|-damage|p2a: Milotic|154\/290\n|-heal|p1a: Mewtwo|281\/293|[from] drain|[of] p2a: Milotic\n|move|p2a: Milotic|Scald|p1a: Mewtwo\n|-damage|p1a: Mewtwo|197\/293\n|\n|-heal|p2a: Milotic|172\/290|[from] item: Leftovers\n|upkeep\n|turn|69\n|\n|t:|1605402979\n|move|p1a: Mewtwo|Drain Punch|p2a: Milotic\n|-damage|p2a: Milotic|45\/290\n|-heal|p1a: Mewtwo|261\/293|[from] drain|[of] p2a: Milotic\n|move|p2a: Milotic|Recover|p2a: Milotic\n|-heal|p2a: Milotic|190\/290\n|\n|-heal|p2a: Milotic|208\/290|[from] item: Leftovers\n|upkeep\n|turn|70\n|\n|t:|1605402985\n|move|p1a: Mewtwo|Drain Punch|p2a: Milotic\n|-damage|p2a: Milotic|72\/290\n|-heal|p1a: Mewtwo|293\/293|[from] drain|[of] p2a: Milotic\n|move|p2a: Milotic|Recover|p2a: Milotic\n|-heal|p2a: Milotic|217\/290\n|\n|-heal|p2a: Milotic|235\/290|[from] item: Leftovers\n|upkeep\n|turn|71\n|\n|t:|1605402989\n|move|p1a: Mewtwo|Drain Punch|p2a: Milotic\n|-damage|p2a: Milotic|97\/290\n|move|p2a: Milotic|Scald|p1a: Mewtwo\n|-damage|p1a: Mewtwo|214\/293\n|\n|-heal|p2a: Milotic|115\/290|[from] item: Leftovers\n|upkeep\n|turn|72\n|\n|t:|1605402995\n|move|p1a: Mewtwo|Drain Punch|p2a: Milotic\n|-damage|p2a: Milotic|0 fnt\n|-heal|p1a: Mewtwo|272\/293|[from] drain|[of] p2a: Milotic\n|faint|p2a: Milotic\n|\n|upkeep\n|\n|t:|1605402997\n|switch|p2a: Togekiss|Togekiss, L82, F|238\/274 tox\n|-damage|p2a: Togekiss|170\/274 tox|[from] Stealth Rock\n|turn|73\n|\n|t:|1605403004\n|move|p1a: Mewtwo|Ice Beam|p2a: Togekiss\n|-supereffective|p2a: Togekiss\n|-damage|p2a: Togekiss|38\/274 tox\n|move|p2a: Togekiss|Air Slash|p1a: Mewtwo\n|-supereffective|p1a: Mewtwo\n|-damage|p1a: Mewtwo|114\/293\n|\n|-heal|p2a: Togekiss|55\/274 tox|[from] item: Leftovers\n|-damage|p2a: Togekiss|38\/274 tox|[from] psn\n|upkeep\n|turn|74\n|\n|t:|1605403009\n|move|p1a: Mewtwo|Ice Beam|p2a: Togekiss\n|-supereffective|p2a: Togekiss\n|-damage|p2a: Togekiss|0 fnt\n|faint|p2a: Togekiss\n|\n|win|Cubielubie\n|l|\u2606Lunar Neo\n|c| W0r1dzSHiVfT|f\n|l| W0r1dzSHiVfT\n","inputlog":">version 826dd94eae412ccb7e720de6484c012191319f0d\n>start {\"formatid\":\"gen6randombattle\",\"seed\":[19804,29301,14832,39231],\"rated\":\"Tournament battle\"}\n>player p1 {\"name\":\"Cubielubie\",\"avatar\":\"169\",\"team\":\"\",\"rating\":0,\"seed\":[33666,40769,15533,55578]}\n>player p2 {\"name\":\"Lunar Neo\",\"avatar\":\"grimsley\",\"team\":\"\",\"rating\":0,\"seed\":[45470,54868,43553,21247]}\n>p1 switch 5\n>p2 move thunderwave\n>p1 move toxic\n>p2 switch 5\n>p1 move flamethrower\n>p2 move stealthrock\n>p1 move flamethrower\n>p2 move rapidspin\n>p1 move flamethrower\n>p2 switch 3\n>p1 switch 5\n>p2 move wildcharge\n>p1 move stealthrock\n>p2 move voltswitch\n>p2 switch 3\n>p1 move stealthrock\n>p2 move rapidspin\n>p1 move stealthrock\n>p2 move hiddenpower\n>p1 move stealthrock\n>p2 move rapidspin\n>p1 move stealthrock\n>p2 move rapidspin\n>p2 switch 4\n>p1 move knockoff\n>p2 move scald\n>p1 switch 5\n>p1 move toxic\n>p2 move toxic\n>chat  W0r1dzSHiVfT|these are great random mons\n>chat  W0r1dzSHiVfT|how do you get them\n>p1 move flamethrower\n>p2 switch 3\n>p1 switch 3\n>p2 move superpower\n>p1 move icepunch\n>p2 switch 6\n>p1 switch 3\n>p2 move hiddenpower\n>p1 move flamethrower\n>p2 switch 2\n>p1 move toxic\n>p2 move healbell mega\n>chat  W0r1dzSHiVfT|ur the first person ever to get mega audino as a random set audino\n>chat  W0r1dzSHiVfT|nic\n>p1 move toxic\n>p2 switch 2\n>p1 move flamethrower\n>p2 move hiddenpower\n>p2 switch 6\n>p1 switch 3\n>p2 move wildcharge\n>p1 switch 6\n>chat \u2606Lunar Neo|fuck me\n>p1 move drainpunch mega\n>p2 move voltswitch\n>p2 switch 5\n>p1 switch 3\n>p2 switch 3\n>p1 move toxic\n>p2 move toxic\n>p1 move toxic\n>p2 move scald\n>p1 move softboiled\n>p2 switch 3\n>p1 move flamethrower\n>p2 move roost\n>p1 switch 4\n>p2 move airslash\n>p1 move roost\n>p2 move thunderwave\n>p1 switch 4\n>p2 move airslash\n>chat  W0r1dzSHiVfT|you also got a mega wow\n>p1 move softboiled\n>p2 move thunderwave\n>p1 move healbell\n>p2 move airslash\n>p1 move healbell\n>p2 move airslash\n>p1 move healbell\n>p2 move airslash\n>p1 move toxic\n>p2 switch 3\n>p1 move flamethrower\n>p2 move toxic\n>p1 move healbell\n>p2 move recover\n>p1 move flamethrower\n>p2 switch 2\n>p1 move flamethrower\n>p2 move protect\n>p1 move flamethrower\n>p2 move healbell\n>p1 move toxic\n>p2 move protect\n>chat  Hail_in_hell| \/data audino\n>chat  Hail_in_hell|oof\n>p1 move toxic\n>p2 switch 2\n>p1 move flamethrower\n>p2 move toxic\n>p1 move flamethrower\n>p2 move recover\n>p1 move healbell\n>p2 switch 2\n>p1 move flamethrower\n>p2 move protect\n>p1 move flamethrower\n>p2 switch 2\n>p1 move flamethrower\n>p2 move recover\n>p1 move flamethrower\n>p2 switch 2\n>chat  W0r1dzSHiVfT|this shall not end\n>p1 move flamethrower\n>p2 move healbell\n>p2 switch 2\n>chat \u2606Lunar Neo|i tried my best\n>p1 switch 4\n>p2 move toxic\n>p1 move bravebird\n>p2 switch 3\n>chat  W0r1dzSHiVfT|you both got some top tier pokemon\n>chat  W0r1dzSHiVfT|amazing\n>chat \u2606Lunar Neo|5 of my mons is walled by blissey\n>chat \u2606Lunar Neo|and he has mega mewtwo\n>p1 move toxic\n>p2 move roost\n>p1 switch 4\n>p2 move healbell\n>p1 move toxic\n>p2 move thunderwave\n>p1 move flamethrower\n>p2 switch 3\n>p1 move flamethrower\n>p2 move recover\n>p1 move flamethrower\n>p2 move scald\n>p1 move flamethrower\n>p2 move scald\n>p1 move flamethrower\n>p2 move scald\n>p1 move flamethrower\n>p2 move scald\n>p1 move flamethrower\n>p2 move scald\n>p1 move flamethrower\n>p2 move scald\n>p1 move flamethrower\n>p2 move icebeam\n>p1 move softboiled\n>p2 move scald\n>p1 switch 3\n>p2 move icebeam\n>p1 move drainpunch\n>p2 move scald\n>p1 move drainpunch\n>p2 move recover\n>p1 move drainpunch\n>p2 move recover\n>p1 move drainpunch\n>p2 move scald\n>p1 move drainpunch\n>p2 move recover\n>p2 switch 3\n>p1 move icebeam\n>p2 move airslash\n>p1 move icebeam\n>p2 move airslash","uploadtime":1605403010,"views":3,"p1id":"cubielubie","p2id":"lunarneo","formatid":"gen6randombattle","rating":0,"private":0,"password":null}