{"id":"gen7monotyperandombattle-915540913","p1":"Bluv","p2":"cucumber22","format":"gen7monotyperandombattle","log":"|j|\u2606Bluv\n|j|\u2606cucumber22\n|player|p1|Bluv|253\n|player|p2|cucumber22|2\n|teamsize|p1|6\n|teamsize|p2|6\n|gametype|singles\n|gen|7\n|tier|[Gen 7] Monotype Random Battle\n|rated|\n|rule|Same Type Clause: Pok\u00e9mon in a team must share a type\n|rule|Sleep Clause Mod: Limit one foe put to sleep\n|rule|HP Percentage Mod: HP is shown in percentages\n|\n|start\n|switch|p1a: Lunala|Lunala, L78|100\/100\n|switch|p2a: Ludicolo|Ludicolo, L88, F|100\/100\n|turn|1\n|inactive|Battle timer is ON: inactive players will automatically lose when time's up. (requested by Bluv)\n|\n|switch|p1a: Musharna|Musharna, L89, F|100\/100\n|switch|p2a: Tapu Bulu|Tapu Bulu, L80|100\/100\n|-fieldstart|move: Grassy Terrain|[from] ability: Grassy Surge|[of] p2a: Tapu Bulu\n|\n|upkeep\n|turn|2\n|\n|move|p2a: Tapu Bulu|Wood Hammer|p1a: Musharna\n|-damage|p1a: Musharna|38\/100\n|-damage|p2a: Tapu Bulu|70\/100|[from] Recoil\n|move|p1a: Musharna|Signal Beam|p2a: Tapu Bulu\n|-damage|p2a: Tapu Bulu|42\/100\n|\n|-heal|p2a: Tapu Bulu|49\/100|[from] item: Leftovers\n|-heal|p2a: Tapu Bulu|55\/100|[from] Grassy Terrain\n|-heal|p1a: Musharna|44\/100|[from] item: Leftovers\n|-heal|p1a: Musharna|50\/100|[from] Grassy Terrain\n|upkeep\n|turn|3\n|\n|move|p2a: Tapu Bulu|Horn Leech|p1a: Musharna\n|-damage|p1a: Musharna|14\/100\n|-heal|p2a: Tapu Bulu|81\/100|[from] drain|[of] p1a: Musharna\n|move|p1a: Musharna|Signal Beam|p2a: Tapu Bulu\n|-damage|p2a: Tapu Bulu|56\/100\n|\n|-heal|p2a: Tapu Bulu|63\/100|[from] item: Leftovers\n|-heal|p2a: Tapu Bulu|69\/100|[from] Grassy Terrain\n|-heal|p1a: Musharna|20\/100|[from] item: Leftovers\n|-heal|p1a: Musharna|26\/100|[from] Grassy Terrain\n|upkeep\n|turn|4\n|\n|move|p2a: Tapu Bulu|Horn Leech|p1a: Musharna\n|-damage|p1a: Musharna|0 fnt\n|-heal|p2a: Tapu Bulu|87\/100|[from] drain|[of] p1a: Musharna\n|faint|p1a: Musharna\n|\n|-heal|p2a: Tapu Bulu|93\/100|[from] item: Leftovers\n|-heal|p2a: Tapu Bulu|99\/100|[from] Grassy Terrain\n|upkeep\n|\n|switch|p1a: Jirachi|Jirachi, L80|100\/100\n|turn|5\n|\n|switch|p2a: Virizion|Virizion, L84|100\/100\n|move|p1a: Jirachi|Iron Head|p2a: Virizion\n|-damage|p2a: Virizion|71\/100\n|\n|-heal|p2a: Virizion|77\/100|[from] item: Leftovers\n|-heal|p2a: Virizion|84\/100|[from] Grassy Terrain\n|-fieldend|move: Grassy Terrain\n|upkeep\n|turn|6\n|\n|move|p2a: Virizion|Close Combat|p1a: Jirachi\n|-damage|p1a: Jirachi|60\/100\n|-unboost|p2a: Virizion|def|1\n|-unboost|p2a: Virizion|spd|1\n|move|p1a: Jirachi|Body Slam|p2a: Virizion\n|-damage|p2a: Virizion|48\/100\n|-status|p2a: Virizion|par\n|\n|-heal|p1a: Jirachi|66\/100|[from] item: Leftovers\n|-heal|p2a: Virizion|55\/100 par|[from] item: Leftovers\n|upkeep\n|turn|7\n|\n|move|p1a: Jirachi|Wish|p1a: Jirachi\n|move|p2a: Virizion|Close Combat|p1a: Jirachi\n|-damage|p1a: Jirachi|28\/100\n|-unboost|p2a: Virizion|def|1\n|-unboost|p2a: Virizion|spd|1\n|\n|-heal|p1a: Jirachi|34\/100|[from] item: Leftovers\n|-heal|p2a: Virizion|61\/100 par|[from] item: Leftovers\n|upkeep\n|turn|8\n|\n|switch|p2a: Ludicolo|Ludicolo, L88, F|100\/100\n|move|p1a: Jirachi|Iron Head|p2a: Ludicolo\n|-resisted|p2a: Ludicolo\n|-damage|p2a: Ludicolo|85\/100\n|\n|-heal|p1a: Jirachi|84\/100|[from] move: Wish|[wisher] Jirachi\n|-heal|p1a: Jirachi|90\/100|[from] item: Leftovers\n|upkeep\n|turn|9\n|\n|move|p1a: Jirachi|U-turn|p2a: Ludicolo\n|-supereffective|p2a: Ludicolo\n|-damage|p2a: Ludicolo|45\/100\n|\n|switch|p1a: Alakazam|Alakazam, L81, M|100\/100|[from]move: U-turn\n|move|p2a: Ludicolo|Rain Dance|p2a: Ludicolo\n|-weather|RainDance\n|\n|-weather|RainDance|[upkeep]\n|upkeep\n|turn|10\n|\n|switch|p2a: Virizion|Virizion, L84|61\/100 par\n|switch|p1a: Slowking|Slowking, L86, M|100\/100\n|\n|-weather|RainDance|[upkeep]\n|-heal|p2a: Virizion|67\/100 par|[from] item: Leftovers\n|upkeep\n|turn|11\n|\n|switch|p1a: Jirachi|Jirachi, L80|90\/100\n|move|p2a: Virizion|Leaf Blade|p1a: Jirachi\n|-resisted|p1a: Jirachi\n|-damage|p1a: Jirachi|75\/100\n|\n|-weather|RainDance|[upkeep]\n|-heal|p1a: Jirachi|81\/100|[from] item: Leftovers\n|-heal|p2a: Virizion|73\/100 par|[from] item: Leftovers\n|upkeep\n|turn|12\n|\n|move|p1a: Jirachi|Wish|p1a: Jirachi\n|move|p2a: Virizion|Close Combat|p1a: Jirachi\n|-damage|p1a: Jirachi|42\/100\n|-unboost|p2a: Virizion|def|1\n|-unboost|p2a: Virizion|spd|1\n|\n|-weather|RainDance|[upkeep]\n|-heal|p1a: Jirachi|48\/100|[from] item: Leftovers\n|-heal|p2a: Virizion|79\/100 par|[from] item: Leftovers\n|upkeep\n|turn|13\n|\n|move|p1a: Jirachi|Iron Head|p2a: Virizion\n|-damage|p2a: Virizion|31\/100 par\n|cant|p2a: Virizion|flinch\n|\n|-weather|none\n|-heal|p1a: Jirachi|98\/100|[from] move: Wish|[wisher] Jirachi\n|-heal|p1a: Jirachi|100\/100|[from] item: Leftovers\n|-heal|p2a: Virizion|37\/100 par|[from] item: Leftovers\n|upkeep\n|turn|14\n|\n|move|p1a: Jirachi|Iron Head|p2a: Virizion\n|-damage|p2a: Virizion|0 fnt\n|faint|p2a: Virizion\n|\n|upkeep\n|\n|switch|p2a: Decidueye|Decidueye, L86, M|100\/100\n|turn|15\n|\n|move|p1a: Jirachi|U-turn|p2a: Decidueye\n|-damage|p2a: Decidueye|82\/100\n|\n|switch|p1a: Slowbro|Slowbro, L83, M|100\/100|[from]move: U-turn\n|move|p2a: Decidueye|Spirit Shackle|p1a: Slowbro\n|-supereffective|p1a: Slowbro\n|-damage|p1a: Slowbro|25\/100\n|-activate|p1a: Slowbro|trapped\n|-damage|p2a: Decidueye|72\/100|[from] item: Life Orb\n|\n|upkeep\n|turn|16\n|\n|detailschange|p1a: Slowbro|Slowbro-Mega, L83, M\n|-mega|p1a: Slowbro|Slowbro|Slowbronite\n|move|p2a: Decidueye|Spirit Shackle|p1a: Slowbro\n|-supereffective|p1a: Slowbro\n|-damage|p1a: Slowbro|0 fnt\n|-damage|p2a: Decidueye|63\/100|[from] item: Life Orb\n|faint|p1a: Slowbro\n|\n|upkeep\n|\n|switch|p1a: Lunala|Lunala, L78|100\/100\n|turn|17\n|\n|switch|p2a: Ludicolo|Ludicolo, L88, F|45\/100\n|move|p1a: Lunala|Moongeist Beam|p2a: Ludicolo\n|-damage|p2a: Ludicolo|8\/100\n|\n|upkeep\n|turn|18\n|\n|move|p1a: Lunala|Psyshock|p2a: Ludicolo\n|-crit|p2a: Ludicolo\n|-damage|p2a: Ludicolo|0 fnt\n|faint|p2a: Ludicolo\n|\n|upkeep\n|\n|switch|p2a: Tapu Bulu|Tapu Bulu, L80|99\/100\n|-fieldstart|move: Grassy Terrain|[from] ability: Grassy Surge|[of] p2a: Tapu Bulu\n|turn|19\n|\n|switch|p1a: Jirachi|Jirachi, L80|100\/100\n|move|p2a: Tapu Bulu|Wood Hammer|p1a: Jirachi\n|-resisted|p1a: Jirachi\n|-damage|p1a: Jirachi|63\/100\n|-damage|p2a: Tapu Bulu|84\/100|[from] Recoil\n|\n|-heal|p1a: Jirachi|70\/100|[from] item: Leftovers\n|-heal|p1a: Jirachi|76\/100|[from] Grassy Terrain\n|-heal|p2a: Tapu Bulu|91\/100|[from] item: Leftovers\n|-heal|p2a: Tapu Bulu|97\/100|[from] Grassy Terrain\n|upkeep\n|turn|20\n|\n|switch|p2a: Celebi|Celebi, L82|100\/100\n|move|p1a: Jirachi|Iron Head|p2a: Celebi\n|-damage|p2a: Celebi|76\/100\n|\n|-heal|p2a: Celebi|82\/100|[from] item: Leftovers\n|-heal|p2a: Celebi|88\/100|[from] Grassy Terrain\n|-heal|p1a: Jirachi|82\/100|[from] item: Leftovers\n|-heal|p1a: Jirachi|88\/100|[from] Grassy Terrain\n|upkeep\n|turn|21\n|\n|move|p2a: Celebi|U-turn|p1a: Jirachi\n|-damage|p1a: Jirachi|73\/100\n|\n|switch|p2a: Decidueye|Decidueye, L86, M|63\/100|[from]move: U-turn\n|move|p1a: Jirachi|U-turn|p2a: Decidueye\n|-damage|p2a: Decidueye|44\/100\n|\n|switch|p1a: Lunala|Lunala, L78|100\/100|[from]move: U-turn\n|\n|-heal|p2a: Decidueye|50\/100|[from] Grassy Terrain\n|upkeep\n|turn|22\n|\n|switch|p2a: Tapu Bulu|Tapu Bulu, L80|97\/100\n|move|p1a: Lunala|Moongeist Beam|p2a: Tapu Bulu\n|-damage|p2a: Tapu Bulu|49\/100\n|\n|-heal|p2a: Tapu Bulu|55\/100|[from] item: Leftovers\n|-heal|p2a: Tapu Bulu|61\/100|[from] Grassy Terrain\n|upkeep\n|turn|23\n|\n|switch|p1a: Jirachi|Jirachi, L80|73\/100\n|move|p2a: Tapu Bulu|Horn Leech|p1a: Jirachi\n|-resisted|p1a: Jirachi\n|-damage|p1a: Jirachi|49\/100\n|-heal|p2a: Tapu Bulu|75\/100|[from] drain|[of] p1a: Jirachi\n|\n|-heal|p1a: Jirachi|55\/100|[from] item: Leftovers\n|-heal|p1a: Jirachi|62\/100|[from] Grassy Terrain\n|-heal|p2a: Tapu Bulu|82\/100|[from] item: Leftovers\n|-heal|p2a: Tapu Bulu|88\/100|[from] Grassy Terrain\n|-fieldend|move: Grassy Terrain\n|upkeep\n|turn|24\n|\n|move|p1a: Jirachi|Iron Head|p2a: Tapu Bulu\n|-supereffective|p2a: Tapu Bulu\n|-damage|p2a: Tapu Bulu|28\/100\n|cant|p2a: Tapu Bulu|flinch\n|\n|-heal|p1a: Jirachi|68\/100|[from] item: Leftovers\n|-heal|p2a: Tapu Bulu|34\/100|[from] item: Leftovers\n|upkeep\n|turn|25\n|\n|move|p1a: Jirachi|Iron Head|p2a: Tapu Bulu\n|-supereffective|p2a: Tapu Bulu\n|-damage|p2a: Tapu Bulu|0 fnt\n|faint|p2a: Tapu Bulu\n|\n|-heal|p1a: Jirachi|74\/100|[from] item: Leftovers\n|upkeep\n|\n|switch|p2a: Decidueye|Decidueye, L86, M|50\/100\n|turn|26\n|\n|move|p1a: Jirachi|U-turn|p2a: Decidueye\n|-damage|p2a: Decidueye|33\/100\n|\n|switch|p1a: Slowking|Slowking, L86, M|100\/100|[from]move: U-turn\n|move|p2a: Decidueye|Roost|p2a: Decidueye\n|-heal|p2a: Decidueye|83\/100\n|-singleturn|p2a: Decidueye|move: Roost\n|\n|upkeep\n|turn|27\n|\n|move|p2a: Decidueye|Leaf Blade|p1a: Slowking\n|-supereffective|p1a: Slowking\n|-damage|p1a: Slowking|0 fnt\n|-damage|p2a: Decidueye|73\/100|[from] item: Life Orb\n|faint|p1a: Slowking\n|\n|upkeep\n|\n|switch|p1a: Lunala|Lunala, L78|100\/100\n|turn|28\n|\n|move|p1a: Lunala|Moongeist Beam|p2a: Decidueye\n|-supereffective|p2a: Decidueye\n|-damage|p2a: Decidueye|0 fnt\n|faint|p2a: Decidueye\n|\n|upkeep\n|\n|switch|p2a: Celebi|Celebi, L82|88\/100\n|turn|29\n|\n|switch|p1a: Jirachi|Jirachi, L80|74\/100\n|move|p2a: Celebi|Leaf Storm|p1a: Jirachi\n|-resisted|p1a: Jirachi\n|-damage|p1a: Jirachi|51\/100\n|-unboost|p2a: Celebi|spa|2\n|\n|-heal|p2a: Celebi|94\/100|[from] item: Leftovers\n|-heal|p1a: Jirachi|57\/100|[from] item: Leftovers\n|upkeep\n|turn|30\n|\n|move|p2a: Celebi|Hidden Power|p1a: Jirachi\n|-supereffective|p1a: Jirachi\n|-damage|p1a: Jirachi|42\/100\n|move|p1a: Jirachi|Wish|p1a: Jirachi\n|\n|-heal|p2a: Celebi|100\/100|[from] item: Leftovers\n|-heal|p1a: Jirachi|48\/100|[from] item: Leftovers\n|upkeep\n|turn|31\n|\n|move|p2a: Celebi|Hidden Power|p1a: Jirachi\n|-supereffective|p1a: Jirachi\n|-damage|p1a: Jirachi|35\/100\n|move|p1a: Jirachi|Body Slam|p2a: Celebi\n|-damage|p2a: Celebi|82\/100\n|\n|-heal|p1a: Jirachi|85\/100|[from] move: Wish|[wisher] Jirachi\n|-heal|p2a: Celebi|88\/100|[from] item: Leftovers\n|-heal|p1a: Jirachi|91\/100|[from] item: Leftovers\n|upkeep\n|turn|32\n|\n|move|p2a: Celebi|Hidden Power|p1a: Jirachi\n|-supereffective|p1a: Jirachi\n|-damage|p1a: Jirachi|78\/100\n|move|p1a: Jirachi|U-turn|p2a: Celebi\n|-supereffective|p2a: Celebi\n|-damage|p2a: Celebi|34\/100\n|\n|switch|p1a: Alakazam|Alakazam, L81, M|100\/100|[from]move: U-turn\n|\n|-heal|p2a: Celebi|40\/100|[from] item: Leftovers\n|upkeep\n|turn|33\n|\n|move|p1a: Alakazam|Shadow Ball|p2a: Celebi\n|-supereffective|p2a: Celebi\n|-damage|p2a: Celebi|0 fnt\n|faint|p2a: Celebi\n|\n|upkeep\n|\n|switch|p2a: Wormadam|Wormadam, L89, F|100\/100\n|turn|34\n|\n|move|p1a: Alakazam|Hidden Power|p2a: Wormadam\n|-supereffective|p2a: Wormadam\n|-damage|p2a: Wormadam|11\/100\n|move|p2a: Wormadam|Quiver Dance|p2a: Wormadam\n|-boost|p2a: Wormadam|spa|1\n|-boost|p2a: Wormadam|spd|1\n|-boost|p2a: Wormadam|spe|1\n|\n|upkeep\n|turn|35\n|-message|cucumber22 forfeited.\n|\n|win|Bluv\n|l|\u2606cucumber22\n","inputlog":">version e3c57a6cce861eef12f7cb6ae3439b883bc8870f\n>start {\"formatid\":\"gen7monotyperandombattle\",\"seed\":[61216,17540,60855,50954],\"rated\":\"Rated battle\"}\n>player p1 {\"name\":\"Bluv\",\"avatar\":\"253\",\"team\":\"\",\"seed\":[7101,56640,25107,6678]}\n>player p2 {\"name\":\"cucumber22\",\"avatar\":\"2\",\"team\":\"\",\"seed\":[29481,32626,30376,31953]}\n>p1 switch 4\n>p2 switch 3\n>p1 move signalbeam\n>p2 move woodhammer\n>p1 move signalbeam\n>p2 move hornleech\n>p1 move signalbeam\n>p2 move hornleech\n>p1 switch 2\n>p1 move ironhead\n>p2 switch 4\n>p1 move bodyslam\n>p2 move closecombat\n>p1 move wish\n>p2 move closecombat\n>p1 move ironhead\n>p2 switch 3\n>p1 move uturn\n>p2 move raindance\n>p1 switch 5\n>p1 switch 6\n>p2 switch 3\n>p1 switch 5\n>p2 move leafblade\n>p1 move wish\n>p2 move closecombat\n>p1 move ironhead\n>p2 move leafblade\n>p1 move ironhead\n>p2 move closecombat\n>p2 switch 5\n>p1 move uturn\n>p2 move spiritshackle\n>p1 switch 3\n>p1 move psyshock mega\n>p2 move spiritshackle\n>p1 switch 4\n>p1 move moongeistbeam\n>p2 switch 3\n>p1 move psyshock\n>p2 move scald\n>p2 switch 4\n>p1 switch 3\n>p2 move woodhammer\n>p1 move ironhead\n>p2 switch 6\n>p1 move uturn\n>p2 move uturn\n>p2 switch 3\n>p1 switch 3\n>p1 move moongeistbeam\n>p2 switch 6\n>p1 switch 3\n>p2 move hornleech\n>p1 move ironhead\n>p2 move hornleech\n>p1 move ironhead\n>p2 move hornleech\n>p2 switch 6\n>p1 move uturn\n>p2 move roost\n>p1 switch 5\n>p1 move psyshock\n>p2 move leafblade\n>p1 switch 3\n>p1 move moongeistbeam\n>p2 move spiritshackle\n>p2 switch 3\n>p1 switch 5\n>p2 move leafstorm\n>p1 move wish\n>p2 move hiddenpower\n>p1 move bodyslam\n>p2 move hiddenpower\n>p1 move uturn\n>p2 move hiddenpower\n>p1 switch 6\n>p1 move shadowball\n>p2 move uturn\n>p2 switch 2\n>p1 move hiddenpower\n>p2 move quiverdance","uploadtime":1558714047,"views":5,"p1id":"bluv","p2id":"cucumber22","formatid":"gen7monotyperandombattle","rating":0,"private":0,"password":null}