{"id":"gen7randombattle-1572963572","p1":"firepunch917","p2":"yj1910235","format":"gen7randombattle","log":"|j|\u2606firepunch917\n|j|\u2606yj1910235\n|t:|1652326013\n|gametype|singles\n|player|p1|firepunch917|1|1618\n|player|p2|yj1910235|2|1750\n|teamsize|p1|6\n|teamsize|p2|6\n|gen|7\n|tier|[Gen 7] Random Battle\n|rated|\n|rule|Sleep Clause Mod: Limit one foe put to sleep\n|rule|HP Percentage Mod: HP is shown in percentages\n|\n|t:|1652326013\n|start\n|switch|p1a: Omastar|Omastar, L88, M|266\/266\n|switch|p2a: Scyther|Scyther, L88, F|265\/265\n|turn|1\n|\n|t:|1652326026\n|move|p2a: Scyther|Knock Off|p1a: Omastar\n|-damage|p1a: Omastar|202\/266\n|-enditem|p1a: Omastar|White Herb|[from] move: Knock Off|[of] p2a: Scyther\n|move|p1a: Omastar|Shell Smash|p1a: Omastar\n|-unboost|p1a: Omastar|def|1\n|-unboost|p1a: Omastar|spd|1\n|-boost|p1a: Omastar|atk|2\n|-boost|p1a: Omastar|spa|2\n|-boost|p1a: Omastar|spe|2\n|\n|upkeep\n|turn|2\n|\n|t:|1652326039\n|move|p1a: Omastar|Ice Beam|p2a: Scyther\n|-supereffective|p2a: Scyther\n|-damage|p2a: Scyther|61\/265\n|move|p2a: Scyther|Aerial Ace|p1a: Omastar\n|-resisted|p1a: Omastar\n|-damage|p1a: Omastar|139\/266\n|\n|upkeep\n|turn|3\n|\n|t:|1652326045\n|move|p1a: Omastar|Scald|p2a: Scyther\n|-damage|p2a: Scyther|0 fnt\n|faint|p2a: Scyther\n|\n|upkeep\n|\n|t:|1652326046\n|switch|p2a: Clawitzer|Clawitzer, L86, M|262\/262\n|turn|4\n|\n|t:|1652326049\n|move|p1a: Omastar|Earth Power|p2a: Clawitzer\n|-damage|p2a: Clawitzer|96\/262\n|move|p2a: Clawitzer|Aura Sphere|p1a: Omastar\n|-supereffective|p1a: Omastar\n|-damage|p1a: Omastar|0 fnt\n|faint|p1a: Omastar\n|\n|upkeep\n|\n|t:|1652326052\n|switch|p1a: Zebstrika|Zebstrika, L88, F|275\/275\n|turn|5\n|\n|t:|1652326056\n|switch|p2a: Gardevoir|Gardevoir, L84, F|251\/251\n|-ability|p2a: Gardevoir|Motor Drive|[from] ability: Trace|[of] p1a: Zebstrika\n|move|p1a: Zebstrika|Volt Switch|p2a: Gardevoir\n|-ability|p2a: Gardevoir|Motor Drive|boost\n|-boost|p2a: Gardevoir|spe|1\n|\n|upkeep\n|turn|6\n|\n|t:|1652326064\n|switch|p1a: Dugtrio|Dugtrio-Alola, L88, F|205\/205\n|move|p2a: Gardevoir|Moonblast|p1a: Dugtrio\n|-resisted|p1a: Dugtrio\n|-damage|p1a: Dugtrio|140\/205\n|\n|-heal|p1a: Dugtrio|152\/205|[from] item: Leftovers\n|upkeep\n|turn|7\n|\n|t:|1652326072\n|switch|p2a: Clawitzer|Clawitzer, L86, M|96\/262\n|move|p1a: Dugtrio|Stealth Rock|p2a: Clawitzer\n|-sidestart|p2: yj1910235|move: Stealth Rock\n|\n|-heal|p1a: Dugtrio|164\/205|[from] item: Leftovers\n|upkeep\n|turn|8\n|\n|t:|1652326076\n|move|p1a: Dugtrio|Earthquake|p2a: Clawitzer\n|-damage|p2a: Clawitzer|0 fnt\n|faint|p2a: Clawitzer\n|\n|-heal|p1a: Dugtrio|176\/205|[from] item: Leftovers\n|upkeep\n|\n|t:|1652326089\n|switch|p2a: Gardevoir|Gardevoir, L84, F|251\/251\n|-damage|p2a: Gardevoir|220\/251|[from] Stealth Rock\n|-ability|p2a: Gardevoir|Tangling Hair|[from] ability: Trace|[of] p1a: Dugtrio\n|turn|9\n|\n|t:|1652326095\n|move|p2a: Gardevoir|Focus Blast|p1a: Dugtrio\n|-supereffective|p1a: Dugtrio\n|-damage|p1a: Dugtrio|0 fnt\n|faint|p1a: Dugtrio\n|\n|upkeep\n|\n|t:|1652326098\n|switch|p1a: Zebstrika|Zebstrika, L88, F|275\/275\n|turn|10\n|\n|t:|1652326102\n|move|p2a: Gardevoir|Focus Blast|p1a: Zebstrika\n|-damage|p1a: Zebstrika|153\/275\n|move|p1a: Zebstrika|Volt Switch|p2a: Gardevoir\n|-damage|p2a: Gardevoir|157\/251\n|\n|t:|1652326105\n|switch|p1a: Gengar|Gengar, L82, F|233\/233\n|\n|upkeep\n|turn|11\n|\n|t:|1652326110\n|switch|p2a: Kyurem|Kyurem, L84|347\/347\n|-damage|p2a: Kyurem|261\/347|[from] Stealth Rock\n|-ability|p2a: Kyurem|Pressure\n|move|p1a: Gengar|Shadow Ball|p2a: Kyurem\n|-damage|p2a: Kyurem|195\/347\n|\n|upkeep\n|turn|12\n|\n|t:|1652326115\n|move|p1a: Gengar|Sludge Wave|p2a: Kyurem\n|-damage|p2a: Kyurem|122\/347\n|move|p2a: Kyurem|Earth Power|p1a: Gengar\n|-supereffective|p1a: Gengar\n|-damage|p1a: Gengar|33\/233\n|\n|-heal|p1a: Gengar|47\/233|[from] item: Black Sludge\n|upkeep\n|turn|13\n|\n|t:|1652326119\n|move|p1a: Gengar|Disable|p2a: Kyurem\n|-start|p2a: Kyurem|Disable|Earth Power\n|move|p2a: Kyurem|Ice Beam|p1a: Gengar\n|-damage|p1a: Gengar|0 fnt\n|faint|p1a: Gengar\n|\n|upkeep\n|\n|t:|1652326127\n|switch|p1a: Arceus|Arceus-Water, L76|307\/307\n|turn|14\n|\n|t:|1652326130\n|move|p1a: Arceus|Calm Mind|p1a: Arceus\n|-boost|p1a: Arceus|spa|1\n|-boost|p1a: Arceus|spd|1\n|move|p2a: Kyurem|Outrage|p1a: Arceus\n|-damage|p1a: Arceus|171\/307\n|\n|upkeep\n|turn|15\n|\n|t:|1652326135\n|move|p1a: Arceus|Ice Beam|p2a: Kyurem\n|-damage|p2a: Kyurem|55\/347\n|move|p2a: Kyurem|Outrage|p1a: Arceus|[from]lockedmove\n|-damage|p1a: Arceus|26\/307\n|\n|upkeep\n|turn|16\n|\n|t:|1652326138\n|move|p1a: Arceus|Ice Beam|p2a: Kyurem\n|-damage|p2a: Kyurem|0 fnt\n|faint|p2a: Kyurem\n|\n|upkeep\n|\n|t:|1652326148\n|switch|p2a: Gardevoir|Gardevoir, L84, F|157\/251\n|-damage|p2a: Gardevoir|126\/251|[from] Stealth Rock\n|turn|17\n|\n|t:|1652326151\n|move|p2a: Gardevoir|Moonblast|p1a: Arceus\n|-damage|p1a: Arceus|0 fnt\n|faint|p1a: Arceus\n|\n|upkeep\n|\n|t:|1652326154\n|switch|p1a: Zebstrika|Zebstrika, L88, F|153\/275\n|-ability|p2a: Gardevoir|Motor Drive|[from] ability: Trace|[of] p1a: Zebstrika\n|turn|18\n|\n|t:|1652326157\n|move|p2a: Gardevoir|Moonblast|p1a: Zebstrika\n|-damage|p1a: Zebstrika|0 fnt\n|faint|p1a: Zebstrika\n|\n|upkeep\n|\n|t:|1652326158\n|switch|p1a: Diancie|Diancie, L80|211\/211\n|turn|19\n|\n|t:|1652326161\n|detailschange|p1a: Diancie|Diancie-Mega, L80\n|-mega|p1a: Diancie|Diancie|Diancite\n|move|p2a: Gardevoir|Moonblast|p1a: Diancie\n|-damage|p1a: Diancie|108\/211\n|move|p1a: Diancie|Diamond Storm|p2a: Gardevoir\n|-damage|p2a: Gardevoir|0 fnt\n|-boost|p1a: Diancie|def|2\n|faint|p2a: Gardevoir\n|\n|upkeep\n|\n|t:|1652326166\n|switch|p2a: Glalie|Glalie, L86, F|278\/278\n|-damage|p2a: Glalie|209\/278|[from] Stealth Rock\n|turn|20\n|\n|t:|1652326170\n|detailschange|p2a: Glalie|Glalie-Mega, L86, F\n|-mega|p2a: Glalie|Glalie|Glalitite\n|move|p2a: Glalie|Earthquake|p1a: Diancie\n|-supereffective|p1a: Diancie\n|-damage|p1a: Diancie|22\/211\n|move|p1a: Diancie|Diamond Storm|p2a: Glalie\n|-supereffective|p2a: Glalie\n|-damage|p2a: Glalie|0 fnt\n|faint|p2a: Glalie\n|\n|upkeep\n|\n|t:|1652326177\n|switch|p2a: Shaymin|Shaymin-Sky, L76|277\/277\n|-damage|p2a: Shaymin|208\/277|[from] Stealth Rock\n|turn|21\n|\n|t:|1652326179\n|move|p2a: Shaymin|Hidden Power|p1a: Diancie\n|-damage|p1a: Diancie|0 fnt\n|faint|p1a: Diancie\n|\n|win|yj1910235\n|raw|firepunch917's rating: 1618 &rarr; <strong>1605<\/strong><br \/>(-13 for losing)\n|raw|yj1910235's rating: 1750 &rarr; <strong>1763<\/strong><br \/>(+13 for winning)\n|l|\u2606firepunch917\n","inputlog":">version 3115cfa9da4584a6803ed46aa555a31ae64bc6d8\n>start {\"formatid\":\"gen7randombattle\",\"seed\":[27259,54799,11087,55869],\"rated\":\"Rated battle\"}\n>player p1 {\"name\":\"firepunch917\",\"avatar\":\"1\",\"rating\":1618,\"seed\":[52041,21552,35897,41802]}\n>player p2 {\"name\":\"yj1910235\",\"avatar\":\"2\",\"rating\":1750,\"seed\":[41038,40464,56790,2427]}\n>p1 move shellsmash\n>p2 move knockoff\n>p1 move icebeam\n>p2 move aerialace\n>p1 move scald\n>p2 move aerialace\n>p2 switch 6\n>p1 move earthpower\n>p2 move aurasphere\n>p1 switch 6\n>p1 move voltswitch\n>p2 switch 2\n>p1 switch 3\n>p2 move moonblast\n>p1 move stealthrock\n>p2 switch 2\n>p1 move earthquake\n>p2 move waterpulse\n>p2 switch 2\n>p1 move ironhead\n>p2 move focusblast\n>p1 switch 3\n>p1 move voltswitch\n>p2 move focusblast\n>p1 switch 2\n>p1 move shadowball\n>p2 switch 4\n>p1 move sludgewave\n>p2 move earthpower\n>p1 move disable\n>p2 move icebeam\n>p1 switch 5\n>p1 move calmmind\n>p2 move outrage\n>p1 move icebeam\n>p2 move outrage\n>p1 move icebeam\n>p2 move outrage\n>p2 switch 4\n>p1 move recover\n>p2 move moonblast\n>p1 switch 2\n>p1 move wildcharge\n>p2 move moonblast\n>p1 switch 4\n>p1 move diamondstorm mega\n>p2 move moonblast\n>p2 switch 3\n>p1 move diamondstorm\n>p2 move earthquake mega\n>p2 switch 5\n>p1 move diamondstorm\n>p2 move hiddenpower","uploadtime":1652326183,"views":4,"p1id":"firepunch917","p2id":"yj1910235","formatid":"gen7randombattle","rating":1605,"private":0,"password":null}