{"id":"gen7randombattle-1676372193","p1":"Nighty Joestar","p2":"EEEEEvolto","format":"gen7randombattle","log":"|j|\u2606Nighty Joestar\n|j|\u2606EEEEEvolto\n|t:|1664786539\n|gametype|singles\n|player|p1|Nighty Joestar|allister|1481\n|player|p2|EEEEEvolto|1|1524\n|teamsize|p1|6\n|teamsize|p2|6\n|gen|7\n|tier|[Gen 7] Random Battle\n|rated|\n|rule|Sleep Clause Mod: Limit one foe put to sleep\n|rule|HP Percentage Mod: HP is shown in percentages\n|rule|Mega Rayquaza Clause: You cannot mega evolve Rayquaza\n|\n|t:|1664786539\n|start\n|switch|p1a: Ledian|Ledian, L88, F|239\/239\n|switch|p2a: Pikachu|Pikachu-Alola, L90, M|209\/209\n|turn|1\n|\n|t:|1664786548\n|move|p2a: Pikachu|Volt Tackle|p1a: Ledian\n|-supereffective|p1a: Ledian\n|-damage|p1a: Ledian|0 fnt\n|faint|p1a: Ledian\n|-damage|p2a: Pikachu|130\/209|[from] Recoil\n|\n|upkeep\n|\n|t:|1664786560\n|switch|p1a: Ariados|Ariados, L88, F|266\/266\n|turn|2\n|\n|t:|1664786565\n|move|p2a: Pikachu|Volt Switch|p1a: Ariados\n|-damage|p1a: Ariados|155\/266\n|\n|t:|1664786570\n|switch|p2a: Forretress|Forretress, L84, M|263\/263\n|move|p1a: Ariados|Sticky Web|p2a: Forretress\n|-sidestart|p2: EEEEEvolto|move: Sticky Web\n|\n|-heal|p1a: Ariados|171\/266|[from] item: Black Sludge\n|upkeep\n|turn|3\n|\n|t:|1664786574\n|move|p1a: Ariados|Toxic Spikes|p2a: Forretress\n|-sidestart|p2: EEEEEvolto|move: Toxic Spikes\n|move|p2a: Forretress|Stealth Rock|p1a: Ariados\n|-sidestart|p1: Nighty Joestar|move: Stealth Rock\n|\n|-heal|p1a: Ariados|187\/266|[from] item: Black Sludge\n|upkeep\n|turn|4\n|\n|t:|1664786579\n|move|p1a: Ariados|Toxic Spikes|p2a: Forretress\n|-sidestart|p2: EEEEEvolto|move: Toxic Spikes\n|move|p2a: Forretress|Gyro Ball|p1a: Ariados\n|-damage|p1a: Ariados|142\/266\n|\n|-heal|p1a: Ariados|158\/266|[from] item: Black Sludge\n|upkeep\n|turn|5\n|\n|t:|1664786584\n|switch|p1a: Arcanine|Arcanine, L84, M|287\/287\n|-damage|p1a: Arcanine|216\/287|[from] Stealth Rock\n|move|p2a: Forretress|Gyro Ball|p1a: Arcanine\n|-resisted|p1a: Arcanine\n|-damage|p1a: Arcanine|180\/287\n|\n|-heal|p1a: Arcanine|197\/287|[from] item: Leftovers\n|upkeep\n|turn|6\n|\n|t:|1664786588\n|move|p1a: Arcanine|Flare Blitz|p2a: Forretress\n|-supereffective|p2a: Forretress\n|-ability|p2a: Forretress|Sturdy\n|-damage|p2a: Forretress|1\/263\n|-damage|p1a: Arcanine|111\/287|[from] Recoil\n|move|p2a: Forretress|Volt Switch|p1a: Arcanine\n|-crit|p1a: Arcanine\n|-damage|p1a: Arcanine|54\/287\n|\n|t:|1664786606\n|switch|p2a: Braviary|Braviary, L86, M|311\/311\n|\n|-heal|p1a: Arcanine|71\/287|[from] item: Leftovers\n|upkeep\n|turn|7\n|l|\u2606EEEEEvolto\n|player|p2|\n|j|\u2606EEEEEvolto\n|player|p2|EEEEEvolto|1\n|inactive|Battle timer is ON: inactive players will automatically lose when time's up. (requested by EEEEEvolto)\n|\n|t:|1664786673\n|move|p1a: Arcanine|Will-O-Wisp|p2a: Braviary\n|-status|p2a: Braviary|brn\n|move|p2a: Braviary|Return|p1a: Arcanine\n|-damage|p1a: Arcanine|0 fnt\n|faint|p1a: Arcanine\n|-damage|p2a: Braviary|280\/311 brn|[from] item: Life Orb\n|\n|-damage|p2a: Braviary|261\/311 brn|[from] brn\n|upkeep\n|inactive|Nighty Joestar has 120 seconds left.\n|\n|t:|1664786704\n|switch|p1a: Cryogonal|Cryogonal, L88|283\/283\n|-damage|p1a: Cryogonal|213\/283|[from] Stealth Rock\n|turn|8\n|\n|t:|1664786708\n|switch|p2a: Forretress|Forretress, L84, M|1\/263\n|-activate|p2a: Forretress|move: Sticky Web\n|-unboost|p2a: Forretress|spe|1\n|move|p1a: Cryogonal|Ice Beam|p2a: Forretress\n|-resisted|p2a: Forretress\n|-damage|p2a: Forretress|0 fnt\n|faint|p2a: Forretress\n|\n|-heal|p1a: Cryogonal|230\/283|[from] item: Leftovers\n|upkeep\n|\n|t:|1664786710\n|switch|p2a: Crabominable|Crabominable, L88, F|314\/314\n|-activate|p2a: Crabominable|move: Sticky Web\n|-unboost|p2a: Crabominable|spe|1\n|-status|p2a: Crabominable|tox\n|turn|9\n|\n|t:|1664786713\n|move|p1a: Cryogonal|Recover|p1a: Cryogonal\n|-heal|p1a: Cryogonal|283\/283\n|move|p2a: Crabominable|Stone Edge|p1a: Cryogonal\n|-supereffective|p1a: Cryogonal\n|-damage|p1a: Cryogonal|0 fnt\n|faint|p1a: Cryogonal\n|\n|-damage|p2a: Crabominable|295\/314 tox|[from] psn\n|upkeep\n|\n|t:|1664786717\n|switch|p1a: Mawile|Mawile, L80, F|211\/211\n|-damage|p1a: Mawile|198\/211|[from] Stealth Rock\n|-ability|p1a: Mawile|Intimidate|boost\n|-unboost|p2a: Crabominable|atk|1\n|turn|10\n|\n|t:|1664786723\n|switch|p2a: Drampa|Drampa, L88, M|281\/281\n|-activate|p2a: Drampa|move: Sticky Web\n|-unboost|p2a: Drampa|spe|1\n|-status|p2a: Drampa|tox\n|detailschange|p1a: Mawile|Mawile-Mega, L80, F\n|-mega|p1a: Mawile|Mawile|Mawilite\n|move|p1a: Mawile|Substitute|p1a: Mawile\n|-start|p1a: Mawile|Substitute\n|-damage|p1a: Mawile|146\/211\n|\n|-damage|p2a: Drampa|264\/281 tox|[from] psn\n|upkeep\n|turn|11\n|\n|t:|1664786730\n|move|p1a: Mawile|Play Rough|p2a: Drampa|[miss]\n|-miss|p1a: Mawile|p2a: Drampa\n|move|p2a: Drampa|Hyper Voice|p1a: Mawile\n|-resisted|p1a: Mawile\n|-crit|p1a: Mawile\n|-damage|p1a: Mawile|0 fnt\n|faint|p1a: Mawile\n|\n|-damage|p2a: Drampa|230\/281 tox|[from] psn\n|upkeep\n|\n|t:|1664786739\n|switch|p1a: Whimsicott|Whimsicott, L86, F|243\/243\n|-damage|p1a: Whimsicott|213\/243|[from] Stealth Rock\n|turn|12\n|\n|t:|1664786741\n|move|p1a: Whimsicott|Moonblast|p2a: Drampa\n|-supereffective|p2a: Drampa\n|-damage|p2a: Drampa|72\/281 tox\n|move|p2a: Drampa|Hyper Voice|p1a: Whimsicott\n|-damage|p1a: Whimsicott|0 fnt\n|faint|p1a: Whimsicott\n|\n|-damage|p2a: Drampa|21\/281 tox|[from] psn\n|upkeep\n|\n|t:|1664786748\n|switch|p1a: Ariados|Ariados, L88, F|158\/266\n|-damage|p1a: Ariados|92\/266|[from] Stealth Rock\n|turn|13\n|-message|Nighty Joestar forfeited.\n|\n|win|EEEEEvolto\n|raw|Nighty Joestar's rating: 1481 &rarr; <strong>1463<\/strong><br \/>(-18 for losing)\n|raw|EEEEEvolto's rating: 1524 &rarr; <strong>1542<\/strong><br \/>(+18 for winning)\n|l|\u2606Nighty Joestar\n","inputlog":">version ada2e1bce654ffdfc9a93da4ff105a49d2af2ffc\n>start {\"formatid\":\"gen7randombattle\",\"seed\":[16762,57992,8678,46895],\"rated\":\"Rated battle\"}\n>player p1 {\"name\":\"Nighty Joestar\",\"avatar\":\"allister\",\"rating\":1481,\"seed\":[31210,43702,49870,33528]}\n>player p2 {\"name\":\"EEEEEvolto\",\"avatar\":\"1\",\"rating\":1524,\"seed\":[52529,23208,25270,57173]}\n>p1 move reflect\n>p2 move volttackle\n>p1 switch 5\n>p1 move stickyweb\n>p2 move voltswitch\n>p2 switch 5\n>p1 move toxicspikes\n>p2 move stealthrock\n>p1 move toxicspikes\n>p2 move gyroball\n>p1 switch 4\n>p2 move gyroball\n>p1 move flareblitz\n>p2 move voltswitch\n>p2 switch 3\n>p1 move willowisp\n>p2 move return\n>p1 switch 6\n>p1 move icebeam\n>p2 switch 3\n>p2 switch 4\n>p1 move recover\n>p2 move stoneedge\n>p1 switch 2\n>p1 move substitute mega\n>p2 switch 6\n>p1 move playrough\n>p2 move hypervoice\n>chat \u2606Nighty Joestar|.\n>p1 switch 3\n>p1 move moonblast\n>p2 move hypervoice\n>p1 switch 4\n>forcelose p1","uploadtime":1664786764,"views":10,"p1id":"nightyjoestar","p2id":"eeeeevolto","formatid":"gen7randombattle","rating":1463,"private":0,"password":null}