{"id":"gen7randombattle-1578843856","p1":"firepunch917","p2":"Mad_skilz3","format":"gen7randombattle","log":"|j|\u2606firepunch917\n|j|\u2606Mad_skilz3\n|t:|1653032433\n|gametype|singles\n|player|p1|firepunch917|102|1769\n|player|p2|Mad_skilz3|265|1803\n|teamsize|p1|6\n|teamsize|p2|6\n|gen|7\n|tier|[Gen 7] Random Battle\n|rated|\n|rule|Sleep Clause Mod: Limit one foe put to sleep\n|rule|HP Percentage Mod: HP is shown in percentages\n|\n|t:|1653032433\n|start\n|switch|p1a: Darmanitan|Darmanitan, L84, M|314\/314\n|switch|p2a: Klefki|Klefki, L82, M|228\/228\n|turn|1\n|inactive|Battle timer is ON: inactive players will automatically lose when time's up. (requested by Mad_skilz3)\n|\n|t:|1653032443\n|move|p2a: Klefki|Spikes|p1a: Darmanitan\n|-sidestart|p1: firepunch917|Spikes\n|move|p1a: Darmanitan|Flare Blitz|p2a: Klefki\n|-supereffective|p2a: Klefki\n|-enditem|p2a: Klefki|Focus Sash\n|-damage|p2a: Klefki|1\/228\n|-damage|p1a: Darmanitan|239\/314|[from] Recoil\n|\n|upkeep\n|turn|2\n|\n|t:|1653032448\n|move|p2a: Klefki|Spikes|p1a: Darmanitan\n|-sidestart|p1: firepunch917|Spikes\n|move|p1a: Darmanitan|Flare Blitz|p2a: Klefki\n|-supereffective|p2a: Klefki\n|-damage|p2a: Klefki|0 fnt\n|faint|p2a: Klefki\n|-damage|p1a: Darmanitan|238\/314|[from] Recoil\n|\n|upkeep\n|\n|t:|1653032450\n|switch|p2a: Slowking|Slowking, L86, M|304\/304\n|turn|3\n|\n|t:|1653032457\n|move|p1a: Darmanitan|U-turn|p2a: Slowking\n|-supereffective|p2a: Slowking\n|-crit|p2a: Slowking\n|-damage|p2a: Slowking|34\/304\n|-damage|p1a: Darmanitan|207\/314|[from] item: Life Orb\n|\n|t:|1653032459\n|switch|p1a: Virizion|Virizion, L84|290\/290\n|-damage|p1a: Virizion|242\/290|[from] Spikes\n|move|p2a: Slowking|Slack Off|p2a: Slowking\n|-heal|p2a: Slowking|186\/304\n|\n|-heal|p2a: Slowking|205\/304|[from] item: Leftovers\n|upkeep\n|turn|4\n|inactive|Mad_skilz3 has 120 seconds left.\n|\n|t:|1653032514\n|move|p1a: Virizion|Calm Mind|p1a: Virizion\n|-boost|p1a: Virizion|spa|1\n|-boost|p1a: Virizion|spd|1\n|move|p2a: Slowking|Psyshock|p1a: Virizion\n|-supereffective|p1a: Virizion\n|-damage|p1a: Virizion|42\/290\n|\n|-heal|p2a: Slowking|224\/304|[from] item: Leftovers\n|upkeep\n|turn|5\n|\n|t:|1653032521\n|move|p1a: Virizion|Giga Drain|p2a: Slowking\n|-supereffective|p2a: Slowking\n|-damage|p2a: Slowking|44\/304\n|-heal|p1a: Virizion|132\/290|[from] drain|[of] p2a: Slowking\n|move|p2a: Slowking|Psyshock|p1a: Virizion\n|-supereffective|p1a: Virizion\n|-damage|p1a: Virizion|0 fnt\n|faint|p1a: Virizion\n|\n|-heal|p2a: Slowking|63\/304|[from] item: Leftovers\n|upkeep\n|\n|t:|1653032526\n|switch|p1a: Maractus|Maractus, L88, F|275\/275\n|-damage|p1a: Maractus|230\/275|[from] Spikes\n|turn|6\n|\n|t:|1653032530\n|switch|p2a: Vanilluxe|Vanilluxe, L86, F|262\/262\n|-weather|Hail|[from] ability: Snow Warning|[of] p2a: Vanilluxe\n|move|p1a: Maractus|Spikes|p2a: Vanilluxe\n|-sidestart|p2: Mad_skilz3|Spikes\n|\n|-weather|Hail|[upkeep]\n|-damage|p1a: Maractus|213\/275|[from] Hail\n|-heal|p1a: Maractus|230\/275|[from] item: Leftovers\n|upkeep\n|turn|7\n|inactive|Mad_skilz3 has 120 seconds left.\n|\n|t:|1653032535\n|move|p1a: Maractus|Spiky Shield|p1a: Maractus\n|-singleturn|p1a: Maractus|move: Protect\n|move|p2a: Vanilluxe|Blizzard|p1a: Maractus\n|-activate|p1a: Maractus|move: Protect\n|\n|-weather|Hail|[upkeep]\n|-damage|p1a: Maractus|213\/275|[from] Hail\n|-heal|p1a: Maractus|230\/275|[from] item: Leftovers\n|upkeep\n|turn|8\n|\n|t:|1653032545\n|switch|p1a: Darmanitan|Darmanitan, L84, M|207\/314\n|-damage|p1a: Darmanitan|155\/314|[from] Spikes\n|move|p2a: Vanilluxe|Blizzard|p1a: Darmanitan\n|-resisted|p1a: Darmanitan\n|-crit|p1a: Darmanitan\n|-damage|p1a: Darmanitan|0 fnt\n|faint|p1a: Darmanitan\n|-damage|p2a: Vanilluxe|236\/262|[from] item: Life Orb\n|\n|-weather|Hail|[upkeep]\n|upkeep\n|\n|t:|1653032549\n|switch|p1a: Scizor|Scizor, L80, M|243\/243\n|-damage|p1a: Scizor|203\/243|[from] Spikes\n|turn|9\n|\n|t:|1653032555\n|detailschange|p1a: Scizor|Scizor-Mega, L80, M\n|-mega|p1a: Scizor|Scizor|Scizorite\n|move|p2a: Vanilluxe|Blizzard|p1a: Scizor\n|-resisted|p1a: Scizor\n|-damage|p1a: Scizor|125\/243\n|-damage|p2a: Vanilluxe|210\/262|[from] item: Life Orb\n|move|p1a: Scizor|Swords Dance|p1a: Scizor\n|-boost|p1a: Scizor|atk|2\n|\n|-weather|Hail|[upkeep]\n|-damage|p1a: Scizor|110\/243|[from] Hail\n|upkeep\n|turn|10\n|\n|t:|1653032560\n|move|p2a: Vanilluxe|Blizzard|p1a: Scizor\n|-resisted|p1a: Scizor\n|-damage|p1a: Scizor|33\/243\n|-damage|p2a: Vanilluxe|184\/262|[from] item: Life Orb\n|move|p1a: Scizor|Roost|p1a: Scizor\n|-heal|p1a: Scizor|155\/243\n|-singleturn|p1a: Scizor|move: Roost\n|\n|-weather|none\n|upkeep\n|turn|11\n|\n|t:|1653032564\n|switch|p2a: Sableye|Sableye, L80, F|211\/211\n|-damage|p2a: Sableye|185\/211|[from] Spikes\n|move|p1a: Scizor|Bullet Punch|p2a: Sableye\n|-damage|p2a: Sableye|0 fnt\n|faint|p2a: Sableye\n|\n|upkeep\n|-message|Mad_skilz3 forfeited.\n|\n|win|firepunch917\n|raw|firepunch917's rating: 1769 &rarr; <strong>1791<\/strong><br \/>(+22 for winning)\n|raw|Mad_skilz3's rating: 1810 &rarr; <strong>1788<\/strong><br \/>(-22 for losing)\n|l|\u2606Mad_skilz3\n","inputlog":">version 4c9e1ae78641d89b360ec25232a65a4f7033f808\n>start {\"formatid\":\"gen7randombattle\",\"seed\":[52374,26630,47591,62135],\"rated\":\"Rated battle\"}\n>player p1 {\"name\":\"firepunch917\",\"avatar\":\"102\",\"rating\":1769,\"seed\":[11648,54418,41529,16183]}\n>player p2 {\"name\":\"Mad_skilz3\",\"avatar\":\"265\",\"rating\":1803,\"seed\":[4237,6275,5388,1760]}\n>p1 move flareblitz\n>p2 move spikes\n>p1 move flareblitz\n>p2 move spikes\n>p2 switch 2\n>p1 move uturn\n>p2 move slackoff\n>p1 switch 6\n>p1 move calmmind\n>p2 move psyshock\n>p1 move gigadrain\n>p2 move psyshock\n>p1 switch 3\n>p1 move spikes\n>p2 switch 3\n>p1 move spikyshield\n>p2 move blizzard\n>p1 switch 6\n>p2 move blizzard\n>p1 switch 4\n>p1 move swordsdance mega\n>p2 move blizzard\n>p1 move roost\n>p2 move blizzard\n>p1 move bulletpunch\n>p2 switch 6\n>forcelose p2","uploadtime":1653032573,"views":6,"p1id":"firepunch917","p2id":"madskilz3","formatid":"gen7randombattle","rating":1788,"private":0,"password":null}