{"id":"gen7randombattle-1520030169","p1":"velvestrade","p2":"BigWes95","format":"gen7randombattle","log":"|j|\u2606velvestrade\n|j|\u2606BigWes95\n|t:|1645996519\n|gametype|singles\n|player|p1|velvestrade|elesa|1610\n|player|p2|BigWes95|2|1614\n|teamsize|p1|6\n|teamsize|p2|6\n|gen|7\n|tier|[Gen 7] Random Battle\n|rated|\n|rule|Sleep Clause Mod: Limit one foe put to sleep\n|rule|HP Percentage Mod: HP is shown in percentages\n|\n|t:|1645996519\n|start\n|switch|p1a: Sharpedo|Sharpedo, L84, F|255\/255\n|switch|p2a: Gligar|Gligar, L82, F|241\/241\n|turn|1\n|inactive|Battle timer is ON: inactive players will automatically lose when time's up. (requested by BigWes95)\n|inactive|velvestrade also wants the timer to be on.\n|\n|t:|1645996534\n|move|p1a: Sharpedo|Protect|p1a: Sharpedo\n|-singleturn|p1a: Sharpedo|Protect\n|move|p2a: Gligar|Stealth Rock|p1a: Sharpedo\n|-sidestart|p1: velvestrade|move: Stealth Rock\n|\n|-ability|p1a: Sharpedo|Speed Boost|boost\n|-boost|p1a: Sharpedo|spe|1\n|upkeep\n|turn|2\n|\n|t:|1645996541\n|switch|p2a: Rotom|Rotom-Wash, L80|211\/211\n|move|p1a: Sharpedo|Waterfall|p2a: Rotom\n|-resisted|p2a: Rotom\n|-damage|p2a: Rotom|155\/211\n|-damage|p1a: Sharpedo|230\/255|[from] item: Life Orb\n|\n|-heal|p2a: Rotom|168\/211|[from] item: Leftovers\n|-ability|p1a: Sharpedo|Speed Boost|boost\n|-boost|p1a: Sharpedo|spe|1\n|upkeep\n|turn|3\n|\n|t:|1645996554\n|switch|p1a: Rotom|Rotom-Wash, L80|211\/211\n|-damage|p1a: Rotom|185\/211|[from] Stealth Rock\n|move|p2a: Rotom|Thunderbolt|p1a: Rotom\n|-damage|p1a: Rotom|101\/211\n|\n|-heal|p2a: Rotom|181\/211|[from] item: Leftovers\n|-heal|p1a: Rotom|114\/211|[from] item: Leftovers\n|upkeep\n|turn|4\n|\n|t:|1645996562\n|move|p2a: Rotom|Thunderbolt|p1a: Rotom\n|-damage|p1a: Rotom|30\/211\n|move|p1a: Rotom|Volt Switch|p2a: Rotom\n|-damage|p2a: Rotom|115\/211\n|\n|t:|1645996568\n|switch|p1a: Naganadel|Naganadel, L76|236\/236\n|-damage|p1a: Naganadel|207\/236|[from] Stealth Rock\n|\n|-heal|p2a: Rotom|128\/211|[from] item: Leftovers\n|upkeep\n|turn|5\n|\n|t:|1645996577\n|switch|p2a: Gligar|Gligar, L82, F|241\/241\n|move|p1a: Naganadel|Nasty Plot|p1a: Naganadel\n|-boost|p1a: Naganadel|spa|2\n|\n|upkeep\n|turn|6\n|\n|t:|1645996592\n|switch|p1a: Machamp|Machamp, L84, F|288\/288\n|-damage|p1a: Machamp|270\/288|[from] Stealth Rock\n|move|p2a: Gligar|Earthquake|p1a: Machamp\n|-damage|p1a: Machamp|183\/288\n|\n|-status|p1a: Machamp|brn|[from] item: Flame Orb\n|upkeep\n|turn|7\n|\n|t:|1645996607\n|switch|p2a: Sawsbuck|Sawsbuck-Autumn, L88, F|284\/284\n|move|p1a: Machamp|Knock Off|p2a: Sawsbuck\n|-damage|p2a: Sawsbuck|126\/284\n|-enditem|p2a: Sawsbuck|Life Orb|[from] move: Knock Off|[of] p1a: Machamp\n|\n|-damage|p1a: Machamp|165\/288 brn|[from] brn\n|upkeep\n|turn|8\n|inactive|velvestrade has 120 seconds left.\n|\n|t:|1645996642\n|move|p2a: Sawsbuck|Return|p1a: Machamp\n|-damage|p1a: Machamp|36\/288 brn\n|move|p1a: Machamp|Facade|p2a: Sawsbuck\n|-damage|p2a: Sawsbuck|0 fnt\n|faint|p2a: Sawsbuck\n|\n|-damage|p1a: Machamp|18\/288 brn|[from] brn\n|upkeep\n|\n|t:|1645996650\n|switch|p2a: Rotom|Rotom-Wash, L80|128\/211\n|turn|9\n|\n|t:|1645996653\n|move|p1a: Machamp|Bullet Punch|p2a: Rotom\n|-resisted|p2a: Rotom\n|-damage|p2a: Rotom|116\/211\n|move|p2a: Rotom|Thunderbolt|p1a: Machamp\n|-damage|p1a: Machamp|0 fnt\n|faint|p1a: Machamp\n|\n|-heal|p2a: Rotom|129\/211|[from] item: Leftovers\n|upkeep\n|\n|t:|1645996657\n|switch|p1a: Naganadel|Naganadel, L76|207\/236\n|-damage|p1a: Naganadel|178\/236|[from] Stealth Rock\n|turn|10\n|\n|t:|1645996661\n|switch|p2a: Gligar|Gligar, L82, F|241\/241\n|move|p1a: Naganadel|Draco Meteor|p2a: Gligar\n|-damage|p2a: Gligar|92\/241\n|-unboost|p1a: Naganadel|spa|2\n|-damage|p1a: Naganadel|155\/236|[from] item: Life Orb\n|\n|upkeep\n|turn|11\n|\n|t:|1645996672\n|switch|p1a: Golurk|Golurk, L88|300\/300\n|-damage|p1a: Golurk|282\/300|[from] Stealth Rock\n|move|p2a: Gligar|Roost|p2a: Gligar\n|-heal|p2a: Gligar|213\/241\n|-singleturn|p2a: Gligar|move: Roost\n|\n|upkeep\n|turn|12\n|\n|t:|1645996680\n|switch|p2a: Rotom|Rotom-Wash, L80|129\/211\n|move|p1a: Golurk|Shadow Punch|p2a: Rotom\n|-damage|p2a: Rotom|16\/211\n|-damage|p1a: Golurk|252\/300|[from] item: Life Orb\n|\n|-heal|p2a: Rotom|29\/211|[from] item: Leftovers\n|upkeep\n|turn|13\n|\n|t:|1645996688\n|switch|p1a: Naganadel|Naganadel, L76|155\/236\n|-damage|p1a: Naganadel|126\/236|[from] Stealth Rock\n|move|p2a: Rotom|Hydro Pump|p1a: Naganadel\n|-resisted|p1a: Naganadel\n|-damage|p1a: Naganadel|51\/236\n|\n|-heal|p2a: Rotom|42\/211|[from] item: Leftovers\n|upkeep\n|turn|14\n|\n|t:|1645996692\n|move|p1a: Naganadel|Sludge Wave|p2a: Rotom\n|-damage|p2a: Rotom|0 fnt\n|faint|p2a: Rotom\n|-ability|p1a: Naganadel|Beast Boost|boost\n|-boost|p1a: Naganadel|spa|1\n|-damage|p1a: Naganadel|28\/236|[from] item: Life Orb\n|\n|upkeep\n|\n|t:|1645996699\n|switch|p2a: Gligar|Gligar, L82, F|213\/241\n|turn|15\n|\n|t:|1645996701\n|move|p1a: Naganadel|Draco Meteor|p2a: Gligar\n|-crit|p2a: Gligar\n|-damage|p2a: Gligar|0 fnt\n|-unboost|p1a: Naganadel|spa|2\n|faint|p2a: Gligar\n|-ability|p1a: Naganadel|Beast Boost|boost\n|-boost|p1a: Naganadel|spa|1\n|-damage|p1a: Naganadel|5\/236|[from] item: Life Orb\n|\n|upkeep\n|\n|t:|1645996708\n|switch|p2a: Cresselia|Cresselia, L84, F|339\/339\n|turn|16\n|\n|t:|1645996715\n|move|p1a: Naganadel|Sludge Wave|p2a: Cresselia\n|-damage|p2a: Cresselia|240\/339\n|-damage|p1a: Naganadel|0 fnt|[from] item: Life Orb\n|faint|p1a: Naganadel\n|move|p2a: Cresselia|Calm Mind|p2a: Cresselia\n|-boost|p2a: Cresselia|spa|1\n|-boost|p2a: Cresselia|spd|1\n|\n|-heal|p2a: Cresselia|261\/339|[from] item: Leftovers\n|upkeep\n|\n|t:|1645996725\n|switch|p1a: Sharpedo|Sharpedo, L84, F|230\/255\n|-damage|p1a: Sharpedo|199\/255|[from] Stealth Rock\n|turn|17\n|\n|t:|1645996729\n|move|p1a: Sharpedo|Crunch|p2a: Cresselia\n|-supereffective|p2a: Cresselia\n|-damage|p2a: Cresselia|58\/339\n|-damage|p1a: Sharpedo|174\/255|[from] item: Life Orb\n|move|p2a: Cresselia|Ice Beam|p1a: Sharpedo\n|-resisted|p1a: Sharpedo\n|-damage|p1a: Sharpedo|110\/255\n|\n|-heal|p2a: Cresselia|79\/339|[from] item: Leftovers\n|-ability|p1a: Sharpedo|Speed Boost|boost\n|-boost|p1a: Sharpedo|spe|1\n|upkeep\n|turn|18\n|\n|t:|1645996737\n|move|p1a: Sharpedo|Crunch|p2a: Cresselia\n|-supereffective|p2a: Cresselia\n|-damage|p2a: Cresselia|0 fnt\n|faint|p2a: Cresselia\n|-damage|p1a: Sharpedo|85\/255|[from] item: Life Orb\n|\n|-ability|p1a: Sharpedo|Speed Boost|boost\n|-boost|p1a: Sharpedo|spe|1\n|upkeep\n|\n|t:|1645996742\n|switch|p2a: Ampharos|Ampharos, L84, F|288\/288\n|turn|19\n|\n|t:|1645996750\n|detailschange|p2a: Ampharos|Ampharos-Mega, L84, F\n|-mega|p2a: Ampharos|Ampharos|Ampharosite\n|-ability|p2a: Ampharos|Mold Breaker\n|move|p1a: Sharpedo|Earthquake|p2a: Ampharos\n|-supereffective|p2a: Ampharos\n|-damage|p2a: Ampharos|96\/288\n|-damage|p1a: Sharpedo|60\/255|[from] item: Life Orb\n|move|p2a: Ampharos|Dragon Pulse|p1a: Sharpedo\n|-damage|p1a: Sharpedo|0 fnt\n|faint|p1a: Sharpedo\n|\n|upkeep\n|\n|t:|1645996761\n|switch|p1a: Golurk|Golurk, L88|252\/300\n|-damage|p1a: Golurk|234\/300|[from] Stealth Rock\n|turn|20\n|\n|t:|1645996768\n|move|p1a: Golurk|Rock Polish|p1a: Golurk\n|-boost|p1a: Golurk|spe|2\n|move|p2a: Ampharos|Dragon Pulse|p1a: Golurk\n|-damage|p1a: Golurk|87\/300\n|\n|upkeep\n|turn|21\n|\n|t:|1645996774\n|move|p1a: Golurk|Ice Punch|p2a: Ampharos\n|-supereffective|p2a: Ampharos\n|-damage|p2a: Ampharos|0 fnt\n|faint|p2a: Ampharos\n|-damage|p1a: Golurk|57\/300|[from] item: Life Orb\n|\n|upkeep\n|\n|t:|1645996776\n|switch|p2a: Reshiram|Reshiram, L76|277\/277\n|-ability|p2a: Reshiram|Turboblaze\n|turn|22\n|\n|t:|1645996781\n|move|p1a: Golurk|Earthquake|p2a: Reshiram\n|-supereffective|p2a: Reshiram\n|-damage|p2a: Reshiram|0 fnt\n|faint|p2a: Reshiram\n|-damage|p1a: Golurk|27\/300|[from] item: Life Orb\n|\n|win|velvestrade\n|raw|velvestrade's rating: 1610 &rarr; <strong>1630<\/strong><br \/>(+20 for winning)\n|raw|BigWes95's rating: 1614 &rarr; <strong>1594<\/strong><br \/>(-20 for losing)\n|l|\u2606BigWes95\n|c|\u2606velvestrade|Mega Aerodactyl\n","inputlog":">version c138b71ffbd83804b13651e7279adeeca5bae606\n>start {\"formatid\":\"gen7randombattle\",\"seed\":[4524,48592,12417,2984],\"rated\":\"Rated battle\"}\n>player p1 {\"name\":\"velvestrade\",\"avatar\":\"elesa\",\"rating\":1610,\"seed\":[55054,7633,43878,7548]}\n>player p2 {\"name\":\"BigWes95\",\"avatar\":\"2\",\"rating\":1614,\"seed\":[64412,54157,26477,14421]}\n>p1 move protect\n>p2 move stealthrock\n>p1 move waterfall\n>p2 switch 3\n>p1 switch 4\n>p2 move thunderbolt\n>p1 move voltswitch\n>p2 move thunderbolt\n>p1 switch 2\n>p1 move nastyplot\n>p2 switch 3\n>p1 switch 5\n>p2 move earthquake\n>p1 move knockoff\n>p2 switch 6\n>p1 move facade\n>p2 move return\n>p2 switch 3\n>p1 move bulletpunch\n>p2 move thunderbolt\n>p1 switch 5\n>p1 move dracometeor\n>p2 switch 6\n>p1 switch 3\n>p2 move roost\n>p1 move shadowpunch\n>p2 switch 6\n>p1 switch 3\n>p2 move hydropump\n>p1 move sludgewave\n>p2 move hydropump\n>p2 switch 6\n>p1 move dracometeor\n>p2 move earthquake\n>p2 switch 2\n>p1 move sludgewave\n>p2 move calmmind\n>p1 switch 4\n>p1 move crunch\n>p2 move icebeam\n>p1 move crunch\n>p2 move icebeam\n>p2 switch 5\n>p1 move earthquake\n>p2 move dragonpulse mega\n>p1 switch 3\n>p1 move rockpolish\n>p2 move dragonpulse\n>p1 move icepunch\n>p2 move dragonpulse\n>p2 switch 4\n>p1 move earthquake\n>p2 move blueflare","uploadtime":1645996794,"views":4,"p1id":"velvestrade","p2id":"bigwes95","formatid":"gen7randombattle","rating":1594,"private":0,"password":null}