{"id":"gen7randombattle-1611738213","p1":"chrispin","p2":"BigWes95","format":"gen7randombattle","log":"|j|\u2606chrispin\n|j|\u2606BigWes95\n|t:|1657137491\n|gametype|singles\n|player|p1|chrispin|volkner|1637\n|player|p2|BigWes95|lusamine-nihilego|1806\n|teamsize|p1|6\n|teamsize|p2|6\n|gen|7\n|tier|[Gen 7] Random Battle\n|rated|\n|rule|Sleep Clause Mod: Limit one foe put to sleep\n|rule|HP Percentage Mod: HP is shown in percentages\n|rule|Mega Rayquaza Clause: You cannot mega evolve Rayquaza\n|\n|t:|1657137491\n|start\n|switch|p1a: Pyroar|Pyroar, L88, M|295\/295\n|switch|p2a: Arceus|Arceus-Fighting, L76|307\/307\n|-ability|p1a: Pyroar|Unnerve\n|turn|1\n|inactive|Battle timer is ON: inactive players will automatically lose when time's up. (requested by BigWes95)\n|inactive|chrispin has 120 seconds left.\n|\n|t:|1657137545\n|switch|p1a: Toxapex|Toxapex, L80, M|211\/211\n|move|p2a: Arceus|Judgment|p1a: Toxapex\n|-resisted|p1a: Toxapex\n|-damage|p1a: Toxapex|167\/211\n|\n|-heal|p1a: Toxapex|180\/211|[from] item: Black Sludge\n|upkeep\n|turn|2\n|\n|t:|1657137558\n|switch|p2a: Chesnaught|Chesnaught, L82, F|278\/278\n|move|p1a: Toxapex|Baneful Bunker||[still]\n|-fail|p1a: Toxapex\n|\n|-heal|p1a: Toxapex|193\/211|[from] item: Black Sludge\n|upkeep\n|turn|3\n|\n|t:|1657137574\n|switch|p1a: Butterfree|Butterfree, L88, F|249\/249\n|move|p2a: Chesnaught|Spikes|p1a: Butterfree\n|-sidestart|p1: chrispin|Spikes\n|\n|upkeep\n|turn|4\n|\n|t:|1657137581\n|switch|p2a: Rotom|Rotom-Mow, L84|221\/221\n|move|p1a: Butterfree|Quiver Dance|p1a: Butterfree\n|-boost|p1a: Butterfree|spa|1\n|-boost|p1a: Butterfree|spd|1\n|-boost|p1a: Butterfree|spe|1\n|\n|upkeep\n|turn|5\n|\n|t:|1657137591\n|move|p2a: Rotom|Volt Switch|p1a: Butterfree\n|-supereffective|p1a: Butterfree\n|-damage|p1a: Butterfree|145\/249\n|\n|t:|1657137596\n|switch|p2a: Walrein|Walrein, L88, M|337\/337\n|move|p1a: Butterfree|Quiver Dance|p1a: Butterfree\n|-boost|p1a: Butterfree|spa|1\n|-boost|p1a: Butterfree|spd|1\n|-boost|p1a: Butterfree|spe|1\n|\n|-heal|p1a: Butterfree|160\/249|[from] item: Leftovers\n|upkeep\n|turn|6\n|\n|t:|1657137609\n|move|p1a: Butterfree|Sleep Powder|p2a: Walrein\n|-status|p2a: Walrein|slp|[from] move: Sleep Powder\n|cant|p2a: Walrein|slp\n|\n|-heal|p1a: Butterfree|175\/249|[from] item: Leftovers\n|upkeep\n|turn|7\n|\n|t:|1657137618\n|switch|p2a: Stoutland|Stoutland, L88, M|293\/293\n|-ability|p2a: Stoutland|Intimidate|boost\n|-unboost|p1a: Butterfree|atk|1\n|move|p1a: Butterfree|Quiver Dance|p1a: Butterfree\n|-boost|p1a: Butterfree|spa|1\n|-boost|p1a: Butterfree|spd|1\n|-boost|p1a: Butterfree|spe|1\n|\n|-heal|p1a: Butterfree|190\/249|[from] item: Leftovers\n|upkeep\n|turn|8\n|\n|t:|1657137630\n|move|p1a: Butterfree|Bug Buzz|p2a: Stoutland\n|-damage|p2a: Stoutland|47\/293\n|move|p2a: Stoutland|Return|p1a: Butterfree\n|-damage|p1a: Butterfree|0 fnt\n|faint|p1a: Butterfree\n|\n|upkeep\n|\n|t:|1657137643\n|switch|p1a: Minior|Minior-Green, L86|243\/243\n|-formechange|p1a: Minior|Minior-Meteor||[from] ability: Shields Down\n|turn|9\n|\n|t:|1657137648\n|move|p2a: Stoutland|Return|p1a: Minior\n|-resisted|p1a: Minior\n|-crit|p1a: Minior\n|-damage|p1a: Minior|111\/243\n|move|p1a: Minior|Shell Smash|p1a: Minior\n|-unboost|p1a: Minior|def|1\n|-unboost|p1a: Minior|spd|1\n|-boost|p1a: Minior|atk|2\n|-boost|p1a: Minior|spa|2\n|-boost|p1a: Minior|spe|2\n|-enditem|p1a: Minior|White Herb\n|-clearnegativeboost|p1a: Minior|[silent]\n|\n|-formechange|p1a: Minior|Minior-Green||[from] ability: Shields Down\n|upkeep\n|turn|10\n|\n|t:|1657137662\n|move|p1a: Minior|Acrobatics|p2a: Stoutland\n|-damage|p2a: Stoutland|0 fnt\n|faint|p2a: Stoutland\n|\n|upkeep\n|\n|t:|1657137676\n|switch|p2a: Rotom|Rotom-Mow, L84|221\/221\n|turn|11\n|\n|t:|1657137682\n|move|p1a: Minior|Acrobatics|p2a: Rotom\n|-crit|p2a: Rotom\n|-damage|p2a: Rotom|0 fnt\n|faint|p2a: Rotom\n|\n|upkeep\n|-message|BigWes95 forfeited.\n|\n|win|chrispin\n|raw|chrispin's rating: 1637 &rarr; <strong>1666<\/strong><br \/>(+29 for winning)\n|raw|BigWes95's rating: 1806 &rarr; <strong>1777<\/strong><br \/>(-29 for losing)\n|l|\u2606BigWes95\n||Ladder isn't responding, score probably updated but might not have (Request timeout).\n","inputlog":">version 11c68141c380f61e2da7046fb748694845aecef0\n>start {\"formatid\":\"gen7randombattle\",\"seed\":[14872,65275,25253,16056],\"rated\":\"Rated battle\"}\n>player p1 {\"name\":\"chrispin\",\"avatar\":\"volkner\",\"rating\":1637,\"seed\":[29494,9763,49038,40380]}\n>player p2 {\"name\":\"BigWes95\",\"avatar\":\"lusamine-nihilego\",\"rating\":1806,\"seed\":[8331,8367,17931,18803]}\n>p1 switch 4\n>p2 move judgment\n>p1 move banefulbunker\n>p2 switch 4\n>p1 switch 6\n>p2 move spikes\n>p1 move quiverdance\n>p2 switch 3\n>p1 move quiverdance\n>p2 move voltswitch\n>p2 switch 2\n>p1 move sleeppowder\n>p2 move icebeam\n>p1 move quiverdance\n>p2 switch 5\n>p1 move bugbuzz\n>p2 move return\n>p1 switch 5\n>p1 move shellsmash\n>p2 move return\n>p1 move acrobatics\n>p2 move return\n>p2 switch 2\n>p1 move acrobatics\n>p2 move voltswitch\n>forcelose p2","uploadtime":1657137699,"views":6,"p1id":"chrispin","p2id":"bigwes95","formatid":"gen7randombattle","rating":1666,"private":0,"password":null}