{"id":"gen7randombattle-1339431885","p1":"TCG mayo","p2":"Buhrito","format":"gen7randombattle","log":"|j|\u2606TCG mayo\n|j|\u2606Buhrito\n|t:|1620866797\n|gametype|singles\n|player|p1|TCG mayo|preschooler|1154\n|player|p2|Buhrito|preschooler|1246\n|teamsize|p1|6\n|teamsize|p2|6\n|gen|7\n|tier|[Gen 7] Random Battle\n|rated|\n|rule|Sleep Clause Mod: Limit one foe put to sleep\n|rule|HP Percentage Mod: HP is shown in percentages\n|\n|t:|1620866797\n|start\n|switch|p1a: Mantine|Mantine, L84, M|279\/279\n|switch|p2a: Sceptile|Sceptile, L84, F|255\/255\n|turn|1\n|inactive|Battle timer is ON: inactive players will automatically lose when time's up. (requested by TCG mayo)\n|\n|t:|1620866810\n|detailschange|p2a: Sceptile|Sceptile-Mega, L84, F\n|-mega|p2a: Sceptile|Sceptile|Sceptilite\n|move|p2a: Sceptile|Swords Dance|p2a: Sceptile\n|-boost|p2a: Sceptile|atk|2\n|move|p1a: Mantine|Air Slash|p2a: Sceptile\n|-supereffective|p2a: Sceptile\n|-damage|p2a: Sceptile|99\/255\n|\n|upkeep\n|turn|2\n|inactive|Buhrito has 120 seconds left.\n|\n|t:|1620866842\n|move|p2a: Sceptile|Outrage|p1a: Mantine\n|-damage|p1a: Mantine|0 fnt\n|faint|p1a: Mantine\n|\n|upkeep\n|\n|t:|1620866854\n|switch|p1a: Wobbuffet|Wobbuffet, L82, M|446\/446\n|turn|3\n|\n|t:|1620866859\n|move|p2a: Sceptile|Outrage|p1a: Wobbuffet|[from]lockedmove\n|-damage|p1a: Wobbuffet|65\/446\n|move|p1a: Wobbuffet|Counter|p2a: Sceptile\n|-damage|p2a: Sceptile|0 fnt\n|faint|p2a: Sceptile\n|\n|upkeep\n|\n|t:|1620866869\n|switch|p2a: Roserade|Roserade, L84, F|238\/238\n|turn|4\n|-enditem|p1a: Wobbuffet|Custap Berry|[eat]\n|-activate|p1a: Wobbuffet|item: Custap Berry|[consumed]\n|\n|t:|1620866873\n|move|p1a: Wobbuffet|Destiny Bond|p1a: Wobbuffet\n|-singlemove|p1a: Wobbuffet|Destiny Bond\n|move|p2a: Roserade|Toxic Spikes|p1a: Wobbuffet\n|-sidestart|p1: TCG mayo|move: Toxic Spikes\n|\n|upkeep\n|turn|5\n|\n|t:|1620866882\n|move|p2a: Roserade|Spikes|p1a: Wobbuffet\n|-sidestart|p1: TCG mayo|Spikes\n|move|p1a: Wobbuffet|Encore|p2a: Roserade\n|-start|p2a: Roserade|Encore\n|\n|upkeep\n|turn|6\n|\n|t:|1620866892\n|switch|p1a: Trevenant|Trevenant, L88, M|293\/293\n|-damage|p1a: Trevenant|257\/293|[from] Spikes\n|-status|p1a: Trevenant|psn\n|move|p2a: Roserade|Spikes|p1a: Trevenant\n|-sidestart|p1: TCG mayo|Spikes\n|\n|-damage|p1a: Trevenant|221\/293 psn|[from] psn\n|upkeep\n|turn|7\n|\n|t:|1620866905\n|move|p2a: Roserade|Spikes|p1a: Trevenant\n|-sidestart|p1: TCG mayo|Spikes\n|move|p1a: Trevenant|Trick Room|p1a: Trevenant\n|-fieldstart|move: Trick Room|[of] p1a: Trevenant\n|\n|-damage|p1a: Trevenant|185\/293 psn|[from] psn\n|upkeep\n|turn|8\n|\n|t:|1620866912\n|switch|p2a: Dhelmise|Dhelmise, L86|261\/261\n|move|p1a: Trevenant|Shadow Claw|p2a: Dhelmise\n|-supereffective|p2a: Dhelmise\n|-crit|p2a: Dhelmise\n|-damage|p2a: Dhelmise|0 fnt\n|faint|p2a: Dhelmise\n|-damage|p1a: Trevenant|156\/293 psn|[from] item: Life Orb\n|\n|-damage|p1a: Trevenant|120\/293 psn|[from] psn\n|upkeep\n|\n|t:|1620866932\n|switch|p2a: Heatmor|Heatmor, L88, F|293\/293\n|turn|9\n|\n|t:|1620866936\n|move|p1a: Trevenant|Rock Slide|p2a: Heatmor|[miss]\n|-miss|p1a: Trevenant|p2a: Heatmor\n|move|p2a: Heatmor|Knock Off|p1a: Trevenant\n|-supereffective|p1a: Trevenant\n|-damage|p1a: Trevenant|0 fnt\n|-enditem|p1a: Trevenant|Life Orb|[from] move: Knock Off|[of] p2a: Heatmor\n|faint|p1a: Trevenant\n|-damage|p2a: Heatmor|264\/293|[from] item: Life Orb\n|\n|upkeep\n|c|\u2606TCG mayo|:\/\n|\n|t:|1620866947\n|switch|p1a: Tyranitar|Tyranitar, L80, M|291\/291\n|-damage|p1a: Tyranitar|219\/291|[from] Spikes\n|-status|p1a: Tyranitar|psn\n|-weather|Sandstorm|[from] ability: Sand Stream|[of] p1a: Tyranitar\n|turn|10\n|\n|t:|1620866955\n|detailschange|p1a: Tyranitar|Tyranitar-Mega, L80, M\n|-mega|p1a: Tyranitar|Tyranitar|Tyranitarite\n|move|p1a: Tyranitar|Dragon Dance|p1a: Tyranitar\n|-boost|p1a: Tyranitar|atk|1\n|-boost|p1a: Tyranitar|spe|1\n|move|p2a: Heatmor|Giga Drain|p1a: Tyranitar\n|-supereffective|p1a: Tyranitar\n|-damage|p1a: Tyranitar|128\/291 psn\n|-heal|p2a: Heatmor|293\/293|[from] drain|[of] p1a: Tyranitar\n|-damage|p2a: Heatmor|264\/293|[from] item: Life Orb\n|\n|-weather|Sandstorm|[upkeep]\n|-damage|p2a: Heatmor|246\/293|[from] Sandstorm\n|-damage|p1a: Tyranitar|92\/291 psn|[from] psn\n|upkeep\n|turn|11\n|\n|t:|1620866968\n|move|p2a: Heatmor|Giga Drain|p1a: Tyranitar\n|-supereffective|p1a: Tyranitar\n|-damage|p1a: Tyranitar|1\/291 psn\n|-heal|p2a: Heatmor|292\/293|[from] drain|[of] p1a: Tyranitar\n|-damage|p2a: Heatmor|263\/293|[from] item: Life Orb\n|move|p1a: Tyranitar|Stone Edge|p2a: Heatmor\n|-supereffective|p2a: Heatmor\n|-damage|p2a: Heatmor|0 fnt\n|faint|p2a: Heatmor\n|\n|-weather|Sandstorm|[upkeep]\n|-damage|p1a: Tyranitar|0 fnt|[from] psn\n|faint|p1a: Tyranitar\n|-fieldend|move: Trick Room\n|upkeep\n|\n|t:|1620866989\n|switch|p2a: Roserade|Roserade, L84, F|238\/238\n|switch|p1a: Klefki|Klefki, L82, M|228\/228\n|-damage|p1a: Klefki|171\/228|[from] Spikes\n|turn|12\n|\n|t:|1620867005\n|move|p1a: Klefki|Thunder Wave|p2a: Roserade\n|-status|p2a: Roserade|par\n|cant|p2a: Roserade|par\n|\n|-weather|Sandstorm|[upkeep]\n|-damage|p2a: Roserade|224\/238 par|[from] Sandstorm\n|-heal|p1a: Klefki|185\/228|[from] item: Leftovers\n|-heal|p2a: Roserade|238\/238 par|[from] item: Black Sludge\n|upkeep\n|turn|13\n|\n|t:|1620867015\n|move|p1a: Klefki|Foul Play|p2a: Roserade\n|-damage|p2a: Roserade|194\/238 par\n|cant|p2a: Roserade|par\n|\n|-weather|Sandstorm|[upkeep]\n|-damage|p2a: Roserade|180\/238 par|[from] Sandstorm\n|-heal|p1a: Klefki|199\/228|[from] item: Leftovers\n|-heal|p2a: Roserade|194\/238 par|[from] item: Black Sludge\n|upkeep\n|turn|14\n|\n|t:|1620867028\n|move|p1a: Klefki|Foul Play|p2a: Roserade\n|-damage|p2a: Roserade|143\/238 par\n|cant|p2a: Roserade|par\n|\n|-weather|none\n|-heal|p1a: Klefki|213\/228|[from] item: Leftovers\n|-heal|p2a: Roserade|157\/238 par|[from] item: Black Sludge\n|upkeep\n|turn|15\n|\n|t:|1620867036\n|switch|p1a: Talonflame|Talonflame, L84, M|267\/267\n|cant|p2a: Roserade|par\n|\n|-heal|p2a: Roserade|171\/238 par|[from] item: Black Sludge\n|upkeep\n|turn|16\n|c|\u2606TCG mayo|lol\n|c|\u2606Buhrito|bruh\n|\n|t:|1620867054\n|move|p1a: Talonflame|Swords Dance|p1a: Talonflame\n|-boost|p1a: Talonflame|atk|2\n|cant|p2a: Roserade|par\n|\n|-heal|p2a: Roserade|185\/238 par|[from] item: Black Sludge\n|upkeep\n|turn|17\n|c|\u2606TCG mayo|dude\n|c|\u2606Buhrito|dude wtf\n|c|\u2606TCG mayo|I'm so sorry\n|\n|t:|1620867072\n|move|p1a: Talonflame|Brave Bird|p2a: Roserade\n|-supereffective|p2a: Roserade\n|-damage|p2a: Roserade|0 fnt\n|faint|p2a: Roserade\n|-damage|p1a: Talonflame|206\/267|[from] Recoil\n|\n|upkeep\n|\n|t:|1620867082\n|switch|p2a: Tapu Lele|Tapu Lele, L80|243\/243\n|-fieldstart|move: Psychic Terrain|[from] ability: Psychic Surge|[of] p2a: Tapu Lele\n|turn|18\n|\n|t:|1620867098\n|-zpower|p1a: Talonflame\n|move|p1a: Talonflame|Supersonic Skystrike|p2a: Tapu Lele|[zeffect]\n|-damage|p2a: Tapu Lele|0 fnt\n|faint|p2a: Tapu Lele\n|\n|upkeep\n|\n|t:|1620867100\n|switch|p2a: Ninjask|Ninjask, L88, M|251\/251\n|turn|19\n|\n|t:|1620867108\n|move|p2a: Ninjask|Aerial Ace|p1a: Talonflame\n|-damage|p1a: Talonflame|131\/267\n|move|p1a: Talonflame|Brave Bird|p2a: Ninjask\n|-supereffective|p2a: Ninjask\n|-damage|p2a: Ninjask|0 fnt\n|faint|p2a: Ninjask\n|\n|win|TCG mayo\n|-damage|p1a: Talonflame|48\/267|[from] Recoil\n|raw|TCG mayo's rating: 1154 &rarr; <strong>1185<\/strong><br \/>(+31 for winning)\n|raw|Buhrito's rating: 1246 &rarr; <strong>1215<\/strong><br \/>(-31 for losing)\n|c|\u2606TCG mayo|gg\n|c|\u2606Buhrito|gg\n","inputlog":">version 7c1be296e68a04c705562dd2127121a368854c13\n>start {\"formatid\":\"gen7randombattle\",\"seed\":[61799,57557,33228,26040],\"rated\":\"Rated battle\"}\n>player p1 {\"name\":\"TCG mayo\",\"avatar\":\"preschooler\",\"rating\":1154,\"seed\":[37253,51948,55837,19706]}\n>player p2 {\"name\":\"Buhrito\",\"avatar\":\"preschooler\",\"rating\":1246,\"seed\":[16360,25059,49698,17041]}\n>p1 move airslash\n>p2 move swordsdance mega\n>p1 move airslash\n>p2 move outrage\n>p1 switch 6\n>p1 move counter\n>p2 move outrage\n>p2 switch 3\n>p1 move destinybond\n>p2 move toxicspikes\n>p1 move encore\n>p2 move spikes\n>p1 switch 2\n>p2 move spikes\n>p1 move trickroom\n>p2 move spikes\n>p1 move shadowclaw\n>p2 switch 6\n>p2 switch 2\n>p1 move rockslide\n>p2 move knockoff\n>chat \u2606TCG mayo|:\/\n>p1 switch 5\n>p1 move dragondance mega\n>p2 move gigadrain\n>p1 move stoneedge\n>p2 move gigadrain\n>p1 switch 4\n>p2 switch 6\n>p1 move thunderwave\n>p2 move gigadrain\n>p1 move foulplay\n>p2 move gigadrain\n>p1 move foulplay\n>p2 move gigadrain\n>p1 switch 3\n>p2 move gigadrain\n>chat \u2606TCG mayo|lol\n>chat \u2606Buhrito|bruh\n>p1 move swordsdance\n>p2 move gigadrain\n>chat \u2606TCG mayo|dude\n>chat \u2606Buhrito|dude wtf\n>chat \u2606TCG mayo|I'm so sorry\n>p1 move bravebird\n>p2 move gigadrain\n>p2 switch 4\n>p1 move bravebird zmove\n>p2 move psyshock\n>p2 switch 5\n>p1 move bravebird\n>p2 move aerialace","uploadtime":1620867118,"views":23,"p1id":"tcgmayo","p2id":"buhrito","formatid":"gen7randombattle","rating":1185,"private":0,"password":null}