{"id":"gen7randombattle-765427712","p1":"uuuuiiii","p2":"atyaw","format":"gen7randombattle","log":"|j|\u2606uuuuiiii\n|j|\u2606atyaw\n|player|p1|uuuuiiii|101\n|player|p2|atyaw|1\n|teamsize|p1|6\n|teamsize|p2|6\n|gametype|singles\n|gen|7\n|tier|[Gen 7] Random Battle\n|rated|\n|seed|22241,57499,3226,43371\n|rule|Sleep Clause Mod: Limit one foe put to sleep\n|rule|HP Percentage Mod: HP is shown in percentages\n|\n|start\n|switch|p1a: Chansey|Chansey, L75, F|499\/499\n|switch|p2a: Muk|Muk-Alola, L77, F|288\/288\n|turn|1\n|inactive|Battle timer is ON: inactive players will automatically lose when time's up. (requested by atyaw)\n|inactive|uuuuiiii has 135 seconds left.\n|\n|switch|p1a: Klinklang|Klinklang, L81|230\/230\n|move|p2a: Muk|Knock Off|p1a: Klinklang\n|-damage|p1a: Klinklang|155\/230\n|-enditem|p1a: Klinklang|Leftovers|[from] move: Knock Off|[of] p2a: Muk\n|\n|upkeep\n|turn|2\n|\n|move|p1a: Klinklang|Return|p2a: Muk\n|-damage|p2a: Muk|208\/288\n|move|p2a: Muk|Fire Punch|p1a: Klinklang\n|-supereffective|p1a: Klinklang\n|-damage|p1a: Klinklang|69\/230\n|\n|-heal|p2a: Muk|226\/288|[from] item: Black Sludge\n|upkeep\n|turn|3\n|\n|move|p1a: Klinklang|Return|p2a: Muk\n|-damage|p2a: Muk|143\/288\n|move|p2a: Muk|Curse|p2a: Muk\n|-unboost|p2a: Muk|spe|1\n|-boost|p2a: Muk|atk|1\n|-boost|p2a: Muk|def|1\n|\n|-heal|p2a: Muk|161\/288|[from] item: Black Sludge\n|upkeep\n|turn|4\n|\n|move|p1a: Klinklang|Return|p2a: Muk\n|-damage|p2a: Muk|101\/288\n|move|p2a: Muk|Fire Punch|p1a: Klinklang\n|-supereffective|p1a: Klinklang\n|-damage|p1a: Klinklang|0 fnt\n|faint|p1a: Klinklang\n|\n|-heal|p2a: Muk|119\/288|[from] item: Black Sludge\n|upkeep\n|\n|switch|p1a: Politoed|Politoed, L79, F|272\/272\n|-weather|RainDance|[from] ability: Drizzle|[of] p1a: Politoed\n|turn|5\n|\n|move|p1a: Politoed|Scald|p2a: Muk\n|-damage|p2a: Muk|11\/288\n|move|p2a: Muk|Knock Off|p1a: Politoed\n|-damage|p1a: Politoed|98\/272\n|-enditem|p1a: Politoed|Chesto Berry|[from] move: Knock Off|[of] p2a: Muk\n|\n|-weather|RainDance|[upkeep]\n|-heal|p2a: Muk|29\/288|[from] item: Black Sludge\n|upkeep\n|turn|6\n|\n|move|p1a: Politoed|Scald|p2a: Muk\n|-damage|p2a: Muk|0 fnt\n|faint|p2a: Muk\n|\n|-weather|RainDance|[upkeep]\n|upkeep\n|inactive|atyaw has 135 seconds left.\n|\n|switch|p2a: Crawdaunt|Crawdaunt, L77, F|224\/224\n|turn|7\n|\n|move|p1a: Politoed|Hypnosis|p2a: Crawdaunt\n|-status|p2a: Crawdaunt|slp\n|cant|p2a: Crawdaunt|slp\n|\n|-weather|RainDance|[upkeep]\n|upkeep\n|turn|8\n|\n|switch|p1a: Plusle|Plusle, L83, F|235\/235\n|-item|p1a: Plusle|Air Balloon\n|-curestatus|p2a: Crawdaunt|slp|[msg]\n|move|p2a: Crawdaunt|Dragon Dance|p2a: Crawdaunt\n|-boost|p2a: Crawdaunt|atk|1\n|-boost|p2a: Crawdaunt|spe|1\n|\n|-weather|RainDance|[upkeep]\n|upkeep\n|turn|9\n|\n|move|p2a: Crawdaunt|Aqua Jet|p1a: Plusle\n|-damage|p1a: Plusle|0 fnt\n|-enditem|p1a: Plusle|Air Balloon\n|-damage|p2a: Crawdaunt|202\/224|[from] item: Life Orb\n|faint|p1a: Plusle\n|\n|-weather|none\n|upkeep\n|\n|switch|p1a: Azelf|Azelf, L77|242\/242\n|turn|10\n|\n|move|p1a: Azelf|Dazzling Gleam|p2a: Crawdaunt\n|-supereffective|p2a: Crawdaunt\n|-damage|p2a: Crawdaunt|18\/224\n|move|p2a: Crawdaunt|Dragon Dance|p2a: Crawdaunt\n|-boost|p2a: Crawdaunt|atk|1\n|-boost|p2a: Crawdaunt|spe|1\n|\n|upkeep\n|turn|11\n|\n|move|p2a: Crawdaunt|Knock Off|p1a: Azelf\n|-supereffective|p1a: Azelf\n|-damage|p1a: Azelf|0 fnt\n|-enditem|p1a: Azelf|Leftovers|[from] move: Knock Off|[of] p2a: Crawdaunt\n|-damage|p2a: Crawdaunt|0 fnt|[from] item: Life Orb\n|faint|p1a: Azelf\n|faint|p2a: Crawdaunt\n|\n|upkeep\n|\n|switch|p1a: Politoed|Politoed, L79, F|98\/272\n|switch|p2a: Golisopod|Golisopod, L79, F|247\/247\n|-weather|RainDance|[from] ability: Drizzle|[of] p1a: Politoed\n|turn|12\n|\n|move|p2a: Golisopod|First Impression|p1a: Politoed\n|-damage|p1a: Politoed|0 fnt\n|faint|p1a: Politoed\n|\n|-weather|RainDance|[upkeep]\n|upkeep\n|\n|switch|p1a: Chansey|Chansey, L75, F|499\/499\n|turn|13\n|\n|move|p2a: Golisopod|Liquidation|p1a: Chansey\n|-damage|p1a: Chansey|109\/499\n|move|p1a: Chansey|Counter|p2a: Golisopod\n|-damage|p2a: Golisopod|0 fnt\n|faint|p2a: Golisopod\n|\n|-weather|RainDance|[upkeep]\n|upkeep\n|\n|switch|p2a: Gallade|Gallade, L76, M|228\/228\n|turn|14\n|\n|switch|p1a: Umbreon|Umbreon, L79, M|280\/280\n|detailschange|p2a: Gallade|Gallade-Mega, L76, M\n|-mega|p2a: Gallade|Gallade|Galladite\n|move|p2a: Gallade|Substitute|p2a: Gallade\n|-start|p2a: Gallade|Substitute\n|-damage|p2a: Gallade|171\/228\n|\n|-weather|RainDance|[upkeep]\n|upkeep\n|turn|15\n|-message|uuuuiiii forfeited.\n|\n|win|atyaw\n|l|\u2606uuuuiiii\n|raw|uuuuiiii's rating: 1608 &rarr; <strong>1586<\/strong><br \/>(-22 for losing)\n|raw|atyaw's rating: 1561 &rarr; <strong>1583<\/strong><br \/>(+22 for winning)\n","inputlog":null,"uploadtime":1529567041,"views":1,"p1id":"uuuuiiii","p2id":"atyaw","formatid":"gen7randombattle","rating":1583,"private":0,"password":null}