{"id":"gen7randombattle-1126798355","p1":"BaddyGames","p2":"MightyyManectric","format":"gen7randombattle","log":"|j|\u2606BaddyGames\n|j|\u2606MightyyManectric\n|player|p1|BaddyGames|275|\n|player|p2|MightyyManectric|102|\n|teamsize|p1|6\n|teamsize|p2|6\n|gametype|singles\n|gen|7\n|tier|[Gen 7] Random Battle\n|rule|Sleep Clause Mod: Limit one foe put to sleep\n|rule|HP Percentage Mod: HP is shown in percentages\n|\n|start\n|switch|p1a: Audino|Audino, L86, F|317\/317\n|switch|p2a: Slurpuff|Slurpuff, L86, M|280\/280\n|turn|1\n|j| Charliepoo\n|c|\u2606BaddyGames|gl again\n|\n|switch|p1a: Garbodor|Garbodor, L86, F|278\/278\n|move|p2a: Slurpuff|Drain Punch|p1a: Garbodor\n|-resisted|p1a: Garbodor\n|-damage|p1a: Garbodor|254\/278\n|\n|-heal|p1a: Garbodor|271\/278|[from] item: Black Sludge\n|upkeep\n|turn|2\n|c|\u2606MightyyManectric|gl!\n|\n|switch|p2a: Mawile|Mawile, L80, F|211\/211\n|-ability|p2a: Mawile|Intimidate|boost\n|-unboost|p1a: Garbodor|atk|1\n|move|p1a: Garbodor|Spikes|p2a: Mawile\n|-sidestart|p2: MightyyManectric|Spikes\n|\n|-heal|p1a: Garbodor|278\/278|[from] item: Black Sludge\n|upkeep\n|turn|3\n|\n|move|p1a: Garbodor|Spikes|p2a: Mawile\n|-sidestart|p2: MightyyManectric|Spikes\n|move|p2a: Mawile|Fire Fang|p1a: Garbodor|[miss]\n|-miss|p2a: Mawile|p1a: Garbodor\n|\n|upkeep\n|turn|4\n|\n|detailschange|p2a: Mawile|Mawile-Mega, L80, F\n|-mega|p2a: Mawile|Mawile|Mawilite\n|move|p1a: Garbodor|Spikes|p2a: Mawile\n|-sidestart|p2: MightyyManectric|Spikes\n|move|p2a: Mawile|Fire Fang|p1a: Garbodor\n|-damage|p1a: Garbodor|180\/278\n|\n|-heal|p1a: Garbodor|197\/278|[from] item: Black Sludge\n|upkeep\n|turn|5\n|c| Charliepoo|mega mawile\n|c| Charliepoo|the old god\n|\n|move|p1a: Garbodor|Drain Punch|p2a: Mawile\n|-damage|p2a: Mawile|183\/211\n|-heal|p1a: Garbodor|211\/278|[from] drain|[of] p2a: Mawile\n|move|p2a: Mawile|Knock Off|p1a: Garbodor\n|-damage|p1a: Garbodor|63\/278\n|-enditem|p1a: Garbodor|Black Sludge|[from] move: Knock Off|[of] p2a: Mawile\n|\n|upkeep\n|turn|6\n|c|\u2606MightyyManectric|lol true\n|\n|move|p1a: Garbodor|Pain Split|p2a: Mawile\n|-sethp|p2a: Mawile|123\/211|[from] move: Pain Split|[silent]\n|-sethp|p1a: Garbodor|123\/278|[from] move: Pain Split\n|move|p2a: Mawile|Knock Off|p1a: Garbodor\n|-damage|p1a: Garbodor|26\/278\n|\n|upkeep\n|turn|7\n|\n|move|p1a: Garbodor|Drain Punch|p2a: Mawile\n|-damage|p2a: Mawile|91\/211\n|-heal|p1a: Garbodor|42\/278|[from] drain|[of] p2a: Mawile\n|move|p2a: Mawile|Knock Off|p1a: Garbodor\n|-damage|p1a: Garbodor|0 fnt\n|-damage|p2a: Mawile|39\/211|[from] ability: Aftermath|[of] p1a: Garbodor\n|faint|p1a: Garbodor\n|\n|upkeep\n|\n|switch|p1a: Zygarde|Zygarde, L78|297\/297\n|turn|8\n|\n|switch|p2a: Slurpuff|Slurpuff, L86, M|280\/280\n|-damage|p2a: Slurpuff|210\/280|[from] Spikes\n|move|p1a: Zygarde|Thousand Arrows|p2a: Slurpuff\n|-damage|p2a: Slurpuff|128\/280\n|-enditem|p2a: Slurpuff|Sitrus Berry|[eat]\n|-heal|p2a: Slurpuff|198\/280|[from] item: Sitrus Berry\n|\n|upkeep\n|turn|9\n|\n|switch|p1a: Hypno|Hypno, L88, F|293\/293\n|move|p2a: Slurpuff|Play Rough|p1a: Hypno\n|-damage|p1a: Hypno|197\/293\n|\n|-heal|p1a: Hypno|215\/293|[from] item: Leftovers\n|upkeep\n|turn|10\n|\n|move|p2a: Slurpuff|Return|p1a: Hypno\n|-damage|p1a: Hypno|143\/293\n|move|p1a: Hypno|Toxic|p2a: Slurpuff\n|-status|p2a: Slurpuff|tox\n|\n|-heal|p1a: Hypno|161\/293|[from] item: Leftovers\n|-damage|p2a: Slurpuff|181\/280 tox|[from] psn\n|upkeep\n|turn|11\n|\n|move|p1a: Hypno|Protect|p1a: Hypno\n|-singleturn|p1a: Hypno|Protect\n|move|p2a: Slurpuff|Play Rough|p1a: Hypno\n|-activate|p1a: Hypno|move: Protect\n|\n|-heal|p1a: Hypno|179\/293|[from] item: Leftovers\n|-damage|p2a: Slurpuff|147\/280 tox|[from] psn\n|upkeep\n|turn|12\n|\n|move|p2a: Slurpuff|Play Rough|p1a: Hypno\n|-damage|p1a: Hypno|86\/293\n|move|p1a: Hypno|Wish|p1a: Hypno\n|\n|-heal|p1a: Hypno|104\/293|[from] item: Leftovers\n|-damage|p2a: Slurpuff|96\/280 tox|[from] psn\n|upkeep\n|turn|13\n|\n|move|p1a: Hypno|Protect|p1a: Hypno\n|-singleturn|p1a: Hypno|Protect\n|move|p2a: Slurpuff|Play Rough|p1a: Hypno\n|-activate|p1a: Hypno|move: Protect\n|\n|-heal|p1a: Hypno|250\/293|[from] move: Wish|[wisher] Hypno\n|-heal|p1a: Hypno|268\/293|[from] item: Leftovers\n|-damage|p2a: Slurpuff|28\/280 tox|[from] psn\n|upkeep\n|turn|14\n|\n|move|p2a: Slurpuff|Play Rough|p1a: Hypno\n|-damage|p1a: Hypno|172\/293\n|move|p1a: Hypno|Wish|p1a: Hypno\n|\n|-heal|p1a: Hypno|190\/293|[from] item: Leftovers\n|-damage|p2a: Slurpuff|0 fnt|[from] psn\n|faint|p2a: Slurpuff\n|upkeep\n|\n|switch|p2a: Flareon|Flareon, L88, M|258\/258\n|-damage|p2a: Flareon|194\/258|[from] Spikes\n|turn|15\n|\n|move|p1a: Hypno|Toxic|p2a: Flareon\n|-status|p2a: Flareon|tox\n|move|p2a: Flareon|Flame Charge|p1a: Hypno\n|-damage|p1a: Hypno|67\/293\n|-boost|p2a: Flareon|spe|1\n|\n|-heal|p1a: Hypno|213\/293|[from] move: Wish|[wisher] Hypno\n|-heal|p1a: Hypno|231\/293|[from] item: Leftovers\n|-damage|p2a: Flareon|178\/258 tox|[from] psn\n|upkeep\n|turn|16\n|\n|move|p1a: Hypno|Protect|p1a: Hypno\n|-singleturn|p1a: Hypno|Protect\n|move|p2a: Flareon|Facade|p1a: Hypno\n|-activate|p1a: Hypno|move: Protect\n|\n|-heal|p1a: Hypno|249\/293|[from] item: Leftovers\n|-damage|p2a: Flareon|146\/258 tox|[from] psn\n|upkeep\n|turn|17\n|\n|move|p2a: Flareon|Facade|p1a: Hypno\n|-crit|p1a: Hypno\n|-damage|p1a: Hypno|0 fnt\n|faint|p1a: Hypno\n|\n|-damage|p2a: Flareon|98\/258 tox|[from] psn\n|upkeep\n|\n|switch|p1a: Audino|Audino, L86, F|317\/317\n|turn|18\n|\n|detailschange|p1a: Audino|Audino-Mega, L86, F\n|-mega|p1a: Audino|Audino|Audinite\n|move|p1a: Audino|Protect|p1a: Audino\n|-singleturn|p1a: Audino|Protect\n|move|p2a: Flareon|Facade|p1a: Audino\n|-activate|p1a: Audino|move: Protect\n|\n|-damage|p2a: Flareon|34\/258 tox|[from] psn\n|upkeep\n|turn|19\n|\n|move|p1a: Audino|Protect||[still]\n|-fail|p1a: Audino\n|move|p2a: Flareon|Facade|p1a: Audino\n|-damage|p1a: Audino|155\/317\n|\n|-damage|p2a: Flareon|0 fnt|[from] psn\n|faint|p2a: Flareon\n|upkeep\n|c| Charliepoo|where the flare blitz\n|\n|switch|p2a: Pikachu|Pikachu-Original, L90, M|209\/209\n|-damage|p2a: Pikachu|157\/209|[from] Spikes\n|turn|20\n|c|\u2606MightyyManectric|im bad ok\n|c| Charliepoo|no you're not\n|c|\u2606MightyyManectric|xD\n|c| Charliepoo|you're giving baddy a very hard time rn and hes good\n|\n|move|p2a: Pikachu|Volt Tackle|p1a: Audino\n|-damage|p1a: Audino|20\/317\n|-damage|p2a: Pikachu|112\/209|[from] Recoil\n|move|p1a: Audino|Fire Blast|p2a: Pikachu\n|-damage|p2a: Pikachu|19\/209\n|\n|upkeep\n|turn|21\n|\n|switch|p1a: Zygarde|Zygarde, L78|297\/297\n|move|p2a: Pikachu|Volt Tackle|p1a: Zygarde\n|-immune|p1a: Zygarde\n|\n|upkeep\n|turn|22\n|\n|move|p2a: Pikachu|Knock Off|p1a: Zygarde\n|-damage|p1a: Zygarde|204\/297\n|-enditem|p1a: Zygarde|Lum Berry|[from] move: Knock Off|[of] p2a: Pikachu\n|move|p1a: Zygarde|Dragon Dance|p1a: Zygarde\n|-boost|p1a: Zygarde|atk|1\n|-boost|p1a: Zygarde|spe|1\n|\n|upkeep\n|turn|23\n|\n|move|p1a: Zygarde|Thousand Arrows|p2a: Pikachu\n|-supereffective|p2a: Pikachu\n|-damage|p2a: Pikachu|0 fnt\n|faint|p2a: Pikachu\n|\n|upkeep\n|\n|switch|p2a: Virizion|Virizion, L84|290\/290\n|-damage|p2a: Virizion|218\/290|[from] Spikes\n|turn|24\n|\n|move|p1a: Zygarde|Iron Tail|p2a: Virizion\n|-damage|p2a: Virizion|102\/290\n|move|p2a: Virizion|Leaf Blade|p1a: Zygarde\n|-damage|p1a: Zygarde|134\/297\n|\n|-heal|p2a: Virizion|120\/290|[from] item: Leftovers\n|-activate|p1a: Zygarde|ability: Power Construct\n|detailschange|p1a: Zygarde|Zygarde-Complete, L78\n|-heal|p1a: Zygarde|302\/465|[silent]\n|upkeep\n|turn|25\n|\n|move|p1a: Zygarde|Iron Tail|p2a: Virizion\n|-crit|p2a: Virizion\n|-damage|p2a: Virizion|0 fnt\n|faint|p2a: Virizion\n|\n|upkeep\n|\n|switch|p2a: Passimian|Passimian, L86, F|312\/312\n|-damage|p2a: Passimian|234\/312|[from] Spikes\n|turn|26\n|\n|move|p2a: Passimian|Close Combat|p1a: Zygarde\n|-damage|p1a: Zygarde|175\/465\n|-unboost|p2a: Passimian|def|1\n|-unboost|p2a: Passimian|spd|1\n|move|p1a: Zygarde|Thousand Arrows|p2a: Passimian\n|-damage|p2a: Passimian|39\/312\n|\n|upkeep\n|turn|27\n|\n|move|p2a: Passimian|Close Combat|p1a: Zygarde\n|-crit|p1a: Zygarde\n|-damage|p1a: Zygarde|0 fnt\n|-unboost|p2a: Passimian|def|1\n|-unboost|p2a: Passimian|spd|1\n|faint|p1a: Zygarde\n|\n|upkeep\n|\n|switch|p1a: Weavile|Weavile, L82, F|249\/249\n|turn|28\n|\n|move|p1a: Weavile|Ice Shard|p2a: Passimian\n|-damage|p2a: Passimian|0 fnt\n|-damage|p1a: Weavile|225\/249|[from] item: Life Orb\n|faint|p2a: Passimian\n|\n|upkeep\n|\n|switch|p2a: Mawile|Mawile-Mega, L80, F|39\/211\n|-damage|p2a: Mawile|0 fnt|[from] Spikes\n|faint|p2a: Mawile\n|\n|win|BaddyGames\n|c|\u2606BaddyGames|gg\n|c|\u2606MightyyManectric|gg\n","inputlog":">version c9c7f6a747c4fa4bb90ab0817471f3f1098ea029\n>start {\"formatid\":\"gen7randombattle\",\"seed\":[33153,49375,14773,34130]}\n>player p1 {\"name\":\"BaddyGames\",\"avatar\":\"275\",\"team\":\"\",\"rating\":0,\"seed\":[26544,21861,33564,48203]}\n>player p2 {\"name\":\"MightyyManectric\",\"avatar\":\"102\",\"team\":\"\",\"rating\":0,\"seed\":[12215,20786,42461,10308]}\n>p1 switch 2\n>p2 move drainpunch\n>p1 move spikes\n>p2 switch 3\n>p1 move spikes\n>p2 move firefang\n>p1 move spikes\n>p2 move firefang mega\n>p1 move drainpunch\n>p2 move knockoff\n>p1 move painsplit\n>p2 move knockoff\n>p1 move drainpunch\n>p2 move knockoff\n>p1 switch 3\n>p1 move thousandarrows\n>p2 switch 3\n>p1 switch 4\n>p2 move playrough\n>p1 move toxic\n>p2 move return\n>p1 move protect\n>p2 move playrough\n>p1 move wish\n>p2 move playrough\n>p1 move protect\n>p2 move playrough\n>p1 move wish\n>p2 move playrough\n>p2 switch 6\n>p1 move toxic\n>p2 move flamecharge\n>p1 move protect\n>p2 move facade\n>p1 move wish\n>p2 move facade\n>p1 switch 2\n>p1 move protect mega\n>p2 move facade\n>p1 move protect\n>p2 move facade\n>p2 switch 5\n>p1 move fireblast\n>p2 move volttackle\n>p1 switch 4\n>p2 move volttackle\n>p1 move dragondance\n>p2 move knockoff\n>p1 move thousandarrows\n>p2 move hiddenpower\n>p2 switch 4\n>p1 move irontail\n>p2 move leafblade\n>p1 move irontail\n>p2 move closecombat\n>p2 switch 2\n>p1 move thousandarrows\n>p2 move closecombat\n>p1 move thousandarrows\n>p2 move closecombat\n>p1 switch 5\n>p1 move iceshard\n>p2 move closecombat\n>p2 switch 3","uploadtime":1591296380,"views":4,"p1id":"baddygames","p2id":"mightyymanectric","formatid":"gen7randombattle","rating":0,"private":0,"password":null}