{"id":"gen7randombattle-1274335531","p1":"gostop","p2":"neycwang","format":"gen7randombattle","log":"|j|\u2606gostop\n|j|\u2606neycwang\n|t:|1612246094\n|player|p1|gostop|hugh|\n|player|p2|neycwang|unknownf|\n|teamsize|p1|6\n|teamsize|p2|6\n|gametype|singles\n|gen|7\n|tier|[Gen 7] Random Battle\n|rated|Tournament battle\n|rule|Sleep Clause Mod: Limit one foe put to sleep\n|rule|HP Percentage Mod: HP is shown in percentages\n|\n|t:|1612246094\n|start\n|switch|p1a: Ambipom|Ambipom, L86, M|269\/269\n|switch|p2a: Venusaur|Venusaur, L84, F|272\/272\n|turn|1\n|j| kangjt\n|j|#bobochan\n|j|+Xsczd\u5c0f\u5723\n|\n|t:|1612246120\n|move|p1a: Ambipom|U-turn|p2a: Venusaur\n|-damage|p2a: Venusaur|186\/272\n|\n|t:|1612246152\n|switch|p1a: Sigilyph|Sigilyph, L86, F|263\/263\n|move|p2a: Venusaur|Sleep Powder|p1a: Sigilyph\n|-status|p1a: Sigilyph|slp|[from] move: Sleep Powder\n|\n|-heal|p2a: Venusaur|203\/272|[from] item: Black Sludge\n|upkeep\n|turn|2\n|\n|t:|1612246173\n|switch|p1a: Scizor|Scizor, L80, F|243\/243\n|move|p2a: Venusaur|Sludge Bomb|p1a: Scizor\n|-immune|p1a: Scizor\n|\n|-heal|p2a: Venusaur|220\/272|[from] item: Black Sludge\n|upkeep\n|turn|3\n|\n|t:|1612246185\n|switch|p1a: Ambipom|Ambipom, L86, M|269\/269\n|move|p2a: Venusaur|Leech Seed|p1a: Ambipom\n|-start|p1a: Ambipom|move: Leech Seed\n|\n|-heal|p2a: Venusaur|237\/272|[from] item: Black Sludge\n|-damage|p1a: Ambipom|236\/269|[from] Leech Seed|[of] p2a: Venusaur\n|-heal|p2a: Venusaur|270\/272|[silent]\n|upkeep\n|turn|4\n|\n|t:|1612246192\n|move|p1a: Ambipom|U-turn|p2a: Venusaur\n|-damage|p2a: Venusaur|183\/272\n|\n|t:|1612246195\n|switch|p1a: Scizor|Scizor, L80, F|243\/243\n|move|p2a: Venusaur|Leech Seed|p1a: Scizor\n|-start|p1a: Scizor|move: Leech Seed\n|\n|-heal|p2a: Venusaur|200\/272|[from] item: Black Sludge\n|-damage|p1a: Scizor|213\/243|[from] Leech Seed|[of] p2a: Venusaur\n|-heal|p2a: Venusaur|230\/272|[silent]\n|upkeep\n|turn|5\n|\n|t:|1612246202\n|switch|p2a: Clawitzer|Clawitzer, L86, F|262\/262\n|detailschange|p1a: Scizor|Scizor-Mega, L80, F\n|-mega|p1a: Scizor|Scizor|Scizorite\n|move|p1a: Scizor|Bug Bite|p2a: Clawitzer\n|-damage|p2a: Clawitzer|129\/262\n|\n|-damage|p1a: Scizor|183\/243|[from] Leech Seed|[of] p2a: Clawitzer\n|-heal|p2a: Clawitzer|159\/262|[silent]\n|upkeep\n|turn|6\n|j| cqnb\n|\n|t:|1612246216\n|switch|p1a: Regice|Regice, L88|283\/283\n|move|p2a: Clawitzer|Water Pulse|p1a: Regice\n|-damage|p1a: Regice|204\/283\n|\n|upkeep\n|turn|7\n|l| cqnb\n|\n|t:|1612246224\n|switch|p2a: Keldeo|Keldeo, L80|277\/277\n|move|p1a: Regice|Rock Polish|p1a: Regice\n|-boost|p1a: Regice|spe|2\n|\n|upkeep\n|turn|8\n|\n|t:|1612246242\n|move|p1a: Regice|Thunderbolt|p2a: Keldeo\n|-supereffective|p2a: Keldeo\n|-damage|p2a: Keldeo|115\/277\n|move|p2a: Keldeo|Calm Mind|p2a: Keldeo\n|-boost|p2a: Keldeo|spa|1\n|-boost|p2a: Keldeo|spd|1\n|\n|upkeep\n|turn|9\n|\n|t:|1612246257\n|switch|p1a: Marshadow|Marshadow, L76|262\/262\n|move|p2a: Keldeo|Secret Sword|p1a: Marshadow\n|-immune|p1a: Marshadow\n|\n|upkeep\n|turn|10\n|\n|t:|1612246269\n|move|p1a: Marshadow|Spectral Thief||[still]\n|-clearpositiveboost|p2a: Keldeo|p1a: Marshadow|move: Spectral Thief\n|-boost|p1a: Marshadow|spa|1\n|-boost|p1a: Marshadow|spd|1\n|-anim|p1a: Marshadow|Spectral Thief|p2a: Keldeo\n|-damage|p2a: Keldeo|24\/277\n|move|p2a: Keldeo|Scald|p1a: Marshadow\n|-damage|p1a: Marshadow|168\/262\n|-status|p1a: Marshadow|brn\n|-damage|p2a: Keldeo|0 fnt|[from] item: Life Orb\n|faint|p2a: Keldeo\n|\n|-damage|p1a: Marshadow|152\/262 brn|[from] brn\n|upkeep\n|c|\u2606neycwang|almost clicked x\n|j| Anthoniy~\n|\n|t:|1612246305\n|switch|p2a: Alakazam|Alakazam, L80, F|219\/219\n|turn|11\n|\n|t:|1612246323\n|detailschange|p2a: Alakazam|Alakazam-Mega, L80, F\n|-mega|p2a: Alakazam|Alakazam|Alakazite\n|-ability|p2a: Alakazam|Technician|[from] ability: Trace|[of] p1a: Marshadow\n|move|p1a: Marshadow|Shadow Sneak|p2a: Alakazam\n|-supereffective|p2a: Alakazam\n|-damage|p2a: Alakazam|128\/219\n|move|p2a: Alakazam|Psyshock|p1a: Marshadow\n|-supereffective|p1a: Marshadow\n|-damage|p1a: Marshadow|0 fnt\n|faint|p1a: Marshadow\n|\n|upkeep\n|\n|t:|1612246334\n|switch|p1a: Scizor|Scizor-Mega, L80, F|183\/243\n|turn|12\n|\n|t:|1612246342\n|move|p2a: Alakazam|Focus Blast|p1a: Scizor\n|-damage|p1a: Scizor|54\/243\n|-unboost|p1a: Scizor|spd|1\n|move|p1a: Scizor|Bug Bite|p2a: Alakazam\n|-supereffective|p2a: Alakazam\n|-damage|p2a: Alakazam|0 fnt\n|faint|p2a: Alakazam\n|\n|upkeep\n|\n|t:|1612246355\n|switch|p2a: Celebi|Celebi, L82|298\/298\n|turn|13\n|\n|t:|1612246363\n|switch|p1a: Ambipom|Ambipom, L86, M|236\/269\n|move|p2a: Celebi|Psychic|p1a: Ambipom\n|-damage|p1a: Ambipom|124\/269\n|-unboost|p1a: Ambipom|spd|1\n|\n|upkeep\n|turn|14\n|\n|t:|1612246372\n|switch|p2a: Venusaur|Venusaur, L84, F|230\/272\n|move|p1a: Ambipom|U-turn|p2a: Venusaur\n|-damage|p2a: Venusaur|150\/272\n|\n|t:|1612246380\n|switch|p1a: Scizor|Scizor-Mega, L80, F|54\/243\n|\n|-heal|p2a: Venusaur|167\/272|[from] item: Black Sludge\n|upkeep\n|turn|15\n|\n|t:|1612246385\n|move|p2a: Venusaur|Leech Seed|p1a: Scizor\n|-start|p1a: Scizor|move: Leech Seed\n|move|p1a: Scizor|Roost|p1a: Scizor\n|-heal|p1a: Scizor|176\/243\n|-singleturn|p1a: Scizor|move: Roost\n|\n|-heal|p2a: Venusaur|184\/272|[from] item: Black Sludge\n|-damage|p1a: Scizor|146\/243|[from] Leech Seed|[of] p2a: Venusaur\n|-heal|p2a: Venusaur|214\/272|[silent]\n|upkeep\n|turn|16\n|\n|t:|1612246392\n|switch|p1a: Regice|Regice, L88|204\/283\n|move|p2a: Venusaur|Leech Seed|p1a: Regice\n|-start|p1a: Regice|move: Leech Seed\n|\n|-heal|p2a: Venusaur|231\/272|[from] item: Black Sludge\n|-damage|p1a: Regice|169\/283|[from] Leech Seed|[of] p2a: Venusaur\n|-heal|p2a: Venusaur|266\/272|[silent]\n|upkeep\n|turn|17\n|\n|t:|1612246402\n|switch|p2a: Clawitzer|Clawitzer, L86, F|159\/262\n|switch|p1a: Scizor|Scizor-Mega, L80, F|146\/243\n|\n|upkeep\n|turn|18\n|j| Bnng\n|l| Bnng\n|\n|t:|1612246422\n|move|p1a: Scizor|Bug Bite|p2a: Clawitzer\n|-damage|p2a: Clawitzer|39\/262\n|move|p2a: Clawitzer|U-turn|p1a: Scizor\n|-resisted|p1a: Scizor\n|-damage|p1a: Scizor|131\/243\n|\n|t:|1612246428\n|switch|p2a: Venusaur|Venusaur, L84, F|266\/272\n|\n|-heal|p2a: Venusaur|272\/272|[from] item: Black Sludge\n|upkeep\n|turn|19\n|\n|t:|1612246443\n|switch|p1a: Sigilyph|Sigilyph, L86, F|263\/263 slp\n|move|p2a: Venusaur|Leech Seed|p1a: Sigilyph\n|-start|p1a: Sigilyph|move: Leech Seed\n|\n|upkeep\n|turn|20\n|\n|t:|1612246449\n|switch|p1a: Scizor|Scizor-Mega, L80, F|131\/243\n|move|p2a: Venusaur|Sludge Bomb|p1a: Scizor\n|-immune|p1a: Scizor\n|\n|upkeep\n|turn|21\n|\n|t:|1612246460\n|move|p2a: Venusaur|Leech Seed|p1a: Scizor\n|-start|p1a: Scizor|move: Leech Seed\n|move|p1a: Scizor|Roost|p1a: Scizor\n|-heal|p1a: Scizor|243\/243\n|-singleturn|p1a: Scizor|move: Roost\n|\n|-damage|p1a: Scizor|213\/243|[from] Leech Seed|[of] p2a: Venusaur\n|upkeep\n|turn|22\n|j| forsh \u2740\n|\n|t:|1612246474\n|switch|p2a: Clawitzer|Clawitzer, L86, F|39\/262\n|move|p1a: Scizor|Swords Dance|p1a: Scizor\n|-boost|p1a: Scizor|atk|2\n|\n|-damage|p1a: Scizor|183\/243|[from] Leech Seed|[of] p2a: Clawitzer\n|-heal|p2a: Clawitzer|69\/262|[silent]\n|upkeep\n|turn|23\n|\n|t:|1612246481\n|move|p1a: Scizor|Bug Bite|p2a: Clawitzer\n|-damage|p2a: Clawitzer|0 fnt\n|faint|p2a: Clawitzer\n|\n|upkeep\n|\n|t:|1612246488\n|switch|p2a: Celebi|Celebi, L82|298\/298\n|turn|24\n|\n|t:|1612246499\n|move|p2a: Celebi|Psychic|p1a: Scizor\n|-resisted|p1a: Scizor\n|-damage|p1a: Scizor|139\/243\n|move|p1a: Scizor|Bug Bite|p2a: Celebi\n|-supereffective|p2a: Celebi\n|-damage|p2a: Celebi|0 fnt\n|faint|p2a: Celebi\n|\n|upkeep\n|\n|t:|1612246505\n|switch|p2a: Linoone|Linoone, L84, M|268\/268\n|turn|25\n|\n|t:|1612246512\n|move|p2a: Linoone|Belly Drum|p2a: Linoone\n|-damage|p2a: Linoone|134\/268\n|-setboost|p2a: Linoone|atk|6|[from] move: Belly Drum\n|-enditem|p2a: Linoone|Mago Berry|[eat]\n|-heal|p2a: Linoone|268\/268|[from] item: Mago Berry\n|move|p1a: Scizor|Bug Bite|p2a: Linoone\n|-crit|p2a: Linoone\n|-damage|p2a: Linoone|0 fnt\n|faint|p2a: Linoone\n|\n|upkeep\n|\n|t:|1612246515\n|switch|p2a: Venusaur|Venusaur, L84, F|272\/272\n|turn|26\n|l|+Xsczd\u5c0f\u5723\n|-message|neycwang forfeited.\n|\n|win|gostop\n|n|\u2606gostop|gostop\n|n|\u2606neycwang|neycwang\n|n| kangjt|kangjt\n|n|@bobochan|bobochan\n|n| Anthoniy~|anthoniy\n|n| forsh \u2740|forsh\n","inputlog":">version 6feb5b165877ebde09b0b26fa5be028f72ffafec\n>start {\"formatid\":\"gen7randombattle\",\"seed\":[55289,4139,19220,24215],\"rated\":\"Tournament battle\"}\n>player p1 {\"name\":\"gostop\",\"avatar\":\"hugh\",\"team\":\"\",\"rating\":0,\"seed\":[6543,26238,15897,16003]}\n>player p2 {\"name\":\"neycwang\",\"avatar\":\"unknownf\",\"team\":\"\",\"rating\":0,\"seed\":[62021,48929,58187,38402]}\n>p1 move uturn\n>p2 move sleeppowder\n>p1 switch 6\n>p1 switch 3\n>p2 move sludgebomb\n>p1 switch 6\n>p2 move leechseed\n>p1 move uturn\n>p2 move leechseed\n>p1 switch 6\n>p1 move bugbite mega\n>p2 switch 2\n>p1 switch 2\n>p2 move waterpulse\n>p1 move rockpolish\n>p2 switch 4\n>p1 move thunderbolt\n>p2 move calmmind\n>p1 switch 5\n>p2 move secretsword\n>p1 move spectralthief\n>p2 move scald\n>chat \u2606neycwang|almost clicked x\n>p2 switch 6\n>p1 move shadowsneak\n>p2 move psyshock mega\n>p1 switch 2\n>p1 move bugbite\n>p2 move focusblast\n>p2 switch 5\n>p1 switch 6\n>p2 move psychic\n>p1 move uturn\n>p2 switch 2\n>p1 switch 6\n>p1 move roost\n>p2 move leechseed\n>p1 switch 5\n>p2 move leechseed\n>p1 switch 5\n>p2 switch 4\n>p1 move bugbite\n>p2 move uturn\n>p2 switch 4\n>p1 switch 3\n>p2 move leechseed\n>p1 switch 3\n>p2 move sludgebomb\n>p1 move roost\n>p2 move leechseed\n>p1 move swordsdance\n>p2 switch 4\n>p1 move bugbite\n>p2 move waterpulse\n>p2 switch 2\n>p1 move bugbite\n>p2 move psychic\n>p2 switch 3\n>p1 move bugbite\n>p2 move bellydrum\n>p2 switch 4","uploadtime":1612246523,"views":6,"p1id":"gostop","p2id":"neycwang","formatid":"gen7randombattle","rating":0,"private":0,"password":null}