{"id":"gen7randombattle-1585086870","p1":"KingCah","p2":"firepunch917","format":"gen7randombattle","log":"|j|\u2606KingCah\n|j|\u2606firepunch917\n|t:|1653803639\n|gametype|singles\n|player|p1|KingCah|cress|1649\n|player|p2|firepunch917|169|1626\n|teamsize|p1|6\n|teamsize|p2|6\n|gen|7\n|tier|[Gen 7] Random Battle\n|rated|\n|rule|Sleep Clause Mod: Limit one foe put to sleep\n|rule|HP Percentage Mod: HP is shown in percentages\n|\n|t:|1653803639\n|start\n|switch|p1a: Klinklang|Klinklang, L86|243\/243\n|switch|p2a: Carracosta|Carracosta, L88, M|274\/274\n|turn|1\n|inactive|Battle timer is ON: inactive players will automatically lose when time's up. (requested by KingCah)\n|\n|t:|1653803654\n|switch|p1a: Gourgeist|Gourgeist-Super, L88, M|293\/293\n|move|p2a: Carracosta|Shell Smash|p2a: Carracosta\n|-unboost|p2a: Carracosta|def|1\n|-unboost|p2a: Carracosta|spd|1\n|-boost|p2a: Carracosta|atk|2\n|-boost|p2a: Carracosta|spa|2\n|-boost|p2a: Carracosta|spe|2\n|\n|upkeep\n|turn|2\n|\n|t:|1653803658\n|move|p2a: Carracosta|Stone Edge|p1a: Gourgeist|[miss]\n|-miss|p2a: Carracosta|p1a: Gourgeist\n|move|p1a: Gourgeist|Seed Bomb|p2a: Carracosta\n|-supereffective|p2a: Carracosta\n|-damage|p2a: Carracosta|0 fnt\n|faint|p2a: Carracosta\n|\n|upkeep\n|\n|t:|1653803661\n|switch|p2a: Glalie|Glalie, L86, F|278\/278\n|turn|3\n|\n|t:|1653803668\n|switch|p1a: Klinklang|Klinklang, L86|243\/243\n|detailschange|p2a: Glalie|Glalie-Mega, L86, F\n|-mega|p2a: Glalie|Glalie|Glalitite\n|move|p2a: Glalie|Earthquake|p1a: Klinklang\n|-supereffective|p1a: Klinklang\n|-damage|p1a: Klinklang|93\/243\n|\n|-heal|p1a: Klinklang|108\/243|[from] item: Leftovers\n|upkeep\n|turn|4\n|\n|t:|1653803675\n|move|p2a: Glalie|Earthquake|p1a: Klinklang\n|-supereffective|p1a: Klinklang\n|-damage|p1a: Klinklang|0 fnt\n|faint|p1a: Klinklang\n|\n|upkeep\n|\n|t:|1653803680\n|switch|p1a: Machamp|Machamp, L84, M|288\/288\n|turn|5\n|\n|t:|1653803687\n|switch|p2a: Florges|Florges, L84, F|268\/268\n|move|p1a: Machamp|Close Combat|p2a: Florges\n|-resisted|p2a: Florges\n|-damage|p2a: Florges|167\/268\n|-unboost|p1a: Machamp|def|1\n|-unboost|p1a: Machamp|spd|1\n|\n|-heal|p2a: Florges|183\/268|[from] item: Leftovers\n|-status|p1a: Machamp|brn|[from] item: Flame Orb\n|upkeep\n|turn|6\n|\n|t:|1653803690\n|switch|p1a: Muk|Muk-Alola, L82, M|306\/306\n|move|p2a: Florges|Moonblast|p1a: Muk\n|-damage|p1a: Muk|201\/306\n|\n|-heal|p2a: Florges|199\/268|[from] item: Leftovers\n|-heal|p1a: Muk|220\/306|[from] item: Black Sludge\n|upkeep\n|turn|7\n|\n|t:|1653803696\n|move|p2a: Florges|Moonblast|p1a: Muk\n|-damage|p1a: Muk|112\/306\n|-unboost|p1a: Muk|spa|1\n|move|p1a: Muk|Curse|p1a: Muk\n|-unboost|p1a: Muk|spe|1\n|-boost|p1a: Muk|atk|1\n|-boost|p1a: Muk|def|1\n|\n|-heal|p2a: Florges|215\/268|[from] item: Leftovers\n|-heal|p1a: Muk|131\/306|[from] item: Black Sludge\n|upkeep\n|turn|8\n|\n|t:|1653803699\n|move|p2a: Florges|Moonblast|p1a: Muk\n|-damage|p1a: Muk|29\/306\n|move|p1a: Muk|Gunk Shot|p2a: Florges\n|-supereffective|p2a: Florges\n|-damage|p2a: Florges|0 fnt\n|faint|p2a: Florges\n|\n|-heal|p1a: Muk|48\/306|[from] item: Black Sludge\n|upkeep\n|\n|t:|1653803702\n|switch|p2a: Glalie|Glalie-Mega, L86, F|278\/278\n|turn|9\n|\n|t:|1653803705\n|move|p2a: Glalie|Earthquake|p1a: Muk\n|-supereffective|p1a: Muk\n|-damage|p1a: Muk|0 fnt\n|faint|p1a: Muk\n|\n|upkeep\n|\n|t:|1653803707\n|switch|p1a: Machamp|Machamp, L84, M|288\/288 brn\n|turn|10\n|\n|t:|1653803709\n|switch|p2a: Unown|Unown-D|258\/258\n|move|p1a: Machamp|Close Combat|p2a: Unown\n|-resisted|p2a: Unown\n|-damage|p2a: Unown|111\/258\n|-unboost|p1a: Machamp|def|1\n|-unboost|p1a: Machamp|spd|1\n|\n|-damage|p1a: Machamp|270\/288 brn|[from] brn\n|upkeep\n|turn|11\n|\n|t:|1653803717\n|switch|p1a: Lickilicky|Lickilicky, L88, M|337\/337\n|-ability|p1a: Lickilicky|Cloud Nine\n|move|p2a: Unown|Hidden Power|p1a: Lickilicky\n|-damage|p1a: Lickilicky|238\/337\n|\n|-heal|p1a: Lickilicky|259\/337|[from] item: Leftovers\n|upkeep\n|turn|12\n|\n|t:|1653803722\n|switch|p2a: Glalie|Glalie-Mega, L86, F|278\/278\n|move|p1a: Lickilicky|Body Slam|p2a: Glalie\n|-damage|p2a: Glalie|188\/278\n|\n|-heal|p1a: Lickilicky|280\/337|[from] item: Leftovers\n|upkeep\n|turn|13\n|\n|t:|1653803726\n|move|p2a: Glalie|Return|p1a: Lickilicky\n|-damage|p1a: Lickilicky|126\/337\n|move|p1a: Lickilicky|Wish|p1a: Lickilicky\n|\n|-heal|p1a: Lickilicky|147\/337|[from] item: Leftovers\n|upkeep\n|turn|14\n|\n|t:|1653803729\n|move|p1a: Lickilicky|Protect|p1a: Lickilicky\n|-singleturn|p1a: Lickilicky|Protect\n|move|p2a: Glalie|Return|p1a: Lickilicky\n|-activate|p1a: Lickilicky|move: Protect\n|\n|-heal|p1a: Lickilicky|315\/337|[from] move: Wish|[wisher] Lickilicky\n|-heal|p1a: Lickilicky|336\/337|[from] item: Leftovers\n|upkeep\n|turn|15\n|\n|t:|1653803732\n|switch|p2a: Sawk|Sawk, L88, M|275\/275\n|move|p1a: Lickilicky|Body Slam|p2a: Sawk\n|-damage|p2a: Sawk|173\/275\n|\n|-heal|p2a: Sawk|190\/275|[from] item: Leftovers\n|-heal|p1a: Lickilicky|337\/337|[from] item: Leftovers\n|upkeep\n|turn|16\n|\n|t:|1653803736\n|move|p1a: Lickilicky|Protect|p1a: Lickilicky\n|-singleturn|p1a: Lickilicky|Protect\n|move|p2a: Sawk|Bulk Up|p2a: Sawk\n|-boost|p2a: Sawk|atk|1\n|-boost|p2a: Sawk|def|1\n|\n|-heal|p2a: Sawk|207\/275|[from] item: Leftovers\n|upkeep\n|turn|17\n|\n|t:|1653803742\n|switch|p1a: Gourgeist|Gourgeist-Super, L88, M|293\/293\n|move|p2a: Sawk|Close Combat|p1a: Gourgeist\n|-immune|p1a: Gourgeist\n|\n|-heal|p2a: Sawk|224\/275|[from] item: Leftovers\n|upkeep\n|turn|18\n|\n|t:|1653803744\n|move|p2a: Sawk|Ice Punch|p1a: Gourgeist\n|-supereffective|p1a: Gourgeist\n|-damage|p1a: Gourgeist|145\/293\n|move|p1a: Gourgeist|Will-O-Wisp|p2a: Sawk\n|-status|p2a: Sawk|brn\n|\n|-heal|p2a: Sawk|241\/275 brn|[from] item: Leftovers\n|-heal|p1a: Gourgeist|163\/293|[from] item: Leftovers\n|-damage|p2a: Sawk|224\/275 brn|[from] brn\n|upkeep\n|turn|19\n|\n|t:|1653803747\n|move|p2a: Sawk|Bulk Up|p2a: Sawk\n|-boost|p2a: Sawk|atk|1\n|-boost|p2a: Sawk|def|1\n|move|p1a: Gourgeist|Leech Seed|p2a: Sawk\n|-start|p2a: Sawk|move: Leech Seed\n|\n|-heal|p2a: Sawk|241\/275 brn|[from] item: Leftovers\n|-heal|p1a: Gourgeist|181\/293|[from] item: Leftovers\n|-damage|p2a: Sawk|207\/275 brn|[from] Leech Seed|[of] p1a: Gourgeist\n|-heal|p1a: Gourgeist|215\/293|[silent]\n|-damage|p2a: Sawk|190\/275 brn|[from] brn\n|upkeep\n|turn|20\n|\n|t:|1653803752\n|move|p2a: Sawk|Poison Jab|p1a: Gourgeist\n|-damage|p1a: Gourgeist|161\/293\n|move|p1a: Gourgeist|Seed Bomb|p2a: Sawk\n|-damage|p2a: Sawk|138\/275 brn\n|\n|-heal|p2a: Sawk|155\/275 brn|[from] item: Leftovers\n|-heal|p1a: Gourgeist|179\/293|[from] item: Leftovers\n|-damage|p2a: Sawk|121\/275 brn|[from] Leech Seed|[of] p1a: Gourgeist\n|-heal|p1a: Gourgeist|213\/293|[silent]\n|-damage|p2a: Sawk|104\/275 brn|[from] brn\n|upkeep\n|turn|21\n|\n|t:|1653803754\n|move|p2a: Sawk|Ice Punch|p1a: Gourgeist\n|-supereffective|p1a: Gourgeist\n|-damage|p1a: Gourgeist|102\/293\n|move|p1a: Gourgeist|Seed Bomb|p2a: Sawk\n|-crit|p2a: Sawk\n|-damage|p2a: Sawk|0 fnt\n|faint|p2a: Sawk\n|\n|-heal|p1a: Gourgeist|120\/293|[from] item: Leftovers\n|upkeep\n|\n|t:|1653803757\n|switch|p2a: Shaymin|Shaymin-Sky, L76|277\/277\n|turn|22\n|\n|t:|1653803763\n|switch|p1a: Lickilicky|Lickilicky, L88, M|337\/337\n|-ability|p1a: Lickilicky|Cloud Nine\n|move|p2a: Shaymin|Substitute|p2a: Shaymin\n|-start|p2a: Shaymin|Substitute\n|-damage|p2a: Shaymin|208\/277\n|\n|-heal|p2a: Shaymin|225\/277|[from] item: Leftovers\n|upkeep\n|turn|23\n|\n|t:|1653803766\n|move|p2a: Shaymin|Seed Flare|p1a: Lickilicky\n|-damage|p1a: Lickilicky|229\/337\n|-unboost|p1a: Lickilicky|spd|2\n|move|p1a: Lickilicky|Body Slam|p2a: Shaymin\n|-end|p2a: Shaymin|Substitute\n|\n|-heal|p2a: Shaymin|242\/277|[from] item: Leftovers\n|-heal|p1a: Lickilicky|250\/337|[from] item: Leftovers\n|upkeep\n|turn|24\n|\n|t:|1653803769\n|move|p2a: Shaymin|Air Slash|p1a: Lickilicky\n|-damage|p1a: Lickilicky|118\/337\n|cant|p1a: Lickilicky|flinch\n|\n|-heal|p2a: Shaymin|259\/277|[from] item: Leftovers\n|-heal|p1a: Lickilicky|139\/337|[from] item: Leftovers\n|upkeep\n|turn|25\n|\n|t:|1653803773\n|move|p1a: Lickilicky|Protect|p1a: Lickilicky\n|-singleturn|p1a: Lickilicky|Protect\n|move|p2a: Shaymin|Air Slash|p1a: Lickilicky\n|-activate|p1a: Lickilicky|move: Protect\n|\n|-heal|p2a: Shaymin|276\/277|[from] item: Leftovers\n|-heal|p1a: Lickilicky|160\/337|[from] item: Leftovers\n|upkeep\n|turn|26\n|\n|t:|1653803775\n|move|p2a: Shaymin|Air Slash|p1a: Lickilicky\n|-damage|p1a: Lickilicky|12\/337\n|move|p1a: Lickilicky|Body Slam|p2a: Shaymin\n|-damage|p2a: Shaymin|161\/277\n|-status|p2a: Shaymin|par\n|\n|-heal|p1a: Lickilicky|33\/337|[from] item: Leftovers\n|-heal|p2a: Shaymin|178\/277 par|[from] item: Leftovers\n|upkeep\n|turn|27\n|\n|t:|1653803783\n|move|p1a: Lickilicky|Wish|p1a: Lickilicky\n|move|p2a: Shaymin|Air Slash|p1a: Lickilicky\n|-damage|p1a: Lickilicky|0 fnt\n|faint|p1a: Lickilicky\n|\n|-heal|p2a: Shaymin|195\/277 par|[from] item: Leftovers\n|upkeep\n|\n|t:|1653803787\n|switch|p1a: Machamp|Machamp, L84, M|270\/288 brn\n|turn|28\n|\n|t:|1653803791\n|move|p1a: Machamp|Facade|p2a: Shaymin\n|-damage|p2a: Shaymin|0 fnt\n|faint|p2a: Shaymin\n|\n|-heal|p1a: Machamp|288\/288 brn|[from] move: Wish|[wisher] Lickilicky\n|-damage|p1a: Machamp|270\/288 brn|[from] brn\n|upkeep\n|\n|t:|1653803793\n|switch|p2a: Unown|Unown-D|111\/258\n|turn|29\n|\n|t:|1653803796\n|switch|p1a: Gourgeist|Gourgeist-Super, L88, M|120\/293\n|move|p2a: Unown|Hidden Power|p1a: Gourgeist\n|-damage|p1a: Gourgeist|0 fnt\n|faint|p1a: Gourgeist\n|\n|upkeep\n|\n|t:|1653803797\n|switch|p1a: Rhyperior|Rhyperior, L84, M|330\/330\n|turn|30\n|\n|t:|1653803800\n|move|p2a: Unown|Hidden Power|p1a: Rhyperior\n|-damage|p1a: Rhyperior|185\/330\n|move|p1a: Rhyperior|Rock Polish|p1a: Rhyperior\n|-boost|p1a: Rhyperior|spe|2\n|\n|upkeep\n|turn|31\n|\n|t:|1653803803\n|move|p1a: Rhyperior|Earthquake|p2a: Unown\n|-immune|p2a: Unown|[from] ability: Levitate\n|move|p2a: Unown|Hidden Power|p1a: Rhyperior\n|-damage|p1a: Rhyperior|25\/330\n|\n|upkeep\n|turn|32\n|\n|t:|1653803808\n|switch|p2a: Glalie|Glalie-Mega, L86, F|188\/278\n|move|p1a: Rhyperior|Stone Edge|p2a: Glalie\n|-supereffective|p2a: Glalie\n|-damage|p2a: Glalie|0 fnt\n|faint|p2a: Glalie\n|\n|upkeep\n|\n|t:|1653803810\n|switch|p2a: Unown|Unown-D|111\/258\n|turn|33\n|\n|t:|1653803813\n|move|p1a: Rhyperior|Stone Edge|p2a: Unown\n|-damage|p2a: Unown|0 fnt\n|faint|p2a: Unown\n|\n|win|KingCah\n|raw|KingCah's rating: 1649 &rarr; <strong>1668<\/strong><br \/>(+19 for winning)\n|raw|firepunch917's rating: 1626 &rarr; <strong>1607<\/strong><br \/>(-19 for losing)\n|l|\u2606firepunch917\n|c|\u2606KingCah|gg\n|l|\u2606KingCah\n","inputlog":">version 2fb0b47ab463e8a2498db9c354e64d4afc199178\n>start {\"formatid\":\"gen7randombattle\",\"seed\":[20301,552,11204,7152],\"rated\":\"Rated battle\"}\n>player p1 {\"name\":\"KingCah\",\"avatar\":\"cress\",\"rating\":1649,\"seed\":[29925,25894,17956,27416]}\n>player p2 {\"name\":\"firepunch917\",\"avatar\":\"169\",\"rating\":1626,\"seed\":[17189,58332,65092,4027]}\n>p1 switch 2\n>p2 move shellsmash\n>p1 move seedbomb\n>p2 move stoneedge\n>p2 switch 4\n>p1 switch 2\n>p2 move earthquake mega\n>p1 move shiftgear\n>p2 move earthquake\n>p1 switch 6\n>p1 move closecombat\n>p2 switch 3\n>p1 switch 4\n>p2 move moonblast\n>p1 move curse\n>p2 move moonblast\n>p1 move gunkshot\n>p2 move moonblast\n>p2 switch 3\n>p1 move knockoff\n>p2 move earthquake\n>p1 switch 4\n>p1 move closecombat\n>p2 switch 6\n>p1 switch 3\n>p2 move hiddenpower\n>p1 move bodyslam\n>p2 switch 6\n>p1 move wish\n>p2 move return\n>p1 move protect\n>p2 move return\n>p1 move bodyslam\n>p2 switch 5\n>p1 move protect\n>p2 move bulkup\n>p1 switch 2\n>p2 move closecombat\n>p1 move willowisp\n>p2 move icepunch\n>p1 move leechseed\n>p2 move bulkup\n>p1 move seedbomb\n>p2 move poisonjab\n>p1 move seedbomb\n>p2 move icepunch\n>p2 switch 2\n>p1 switch 2\n>p2 move substitute\n>p1 move bodyslam\n>p2 move seedflare\n>p1 move bodyslam\n>p2 move airslash\n>p1 move protect\n>p2 move airslash\n>p1 move bodyslam\n>p2 move airslash\n>p1 move wish\n>p2 move airslash\n>p1 switch 3\n>p1 move facade\n>p2 move airslash\n>p2 switch 6\n>p1 switch 2\n>p2 move hiddenpower\n>p1 switch 5\n>p1 move rockpolish\n>p2 move hiddenpower\n>p1 move earthquake\n>p2 move hiddenpower\n>p1 move stoneedge\n>p2 switch 5\n>p2 switch 5\n>p1 move stoneedge\n>p2 move hiddenpower","uploadtime":1653804022,"views":4,"p1id":"kingcah","p2id":"firepunch917","formatid":"gen7randombattle","rating":1607,"private":0,"password":null}