{"id":"gen7randombattle-1573062297","p1":"Eimint64","p2":"firepunch917","format":"gen7randombattle","log":"|j|\u2606Eimint64\n|j|\u2606firepunch917\n|t:|1652342191\n|gametype|singles\n|player|p1|Eimint64|blackbelt-gen4dp|1550\n|player|p2|firepunch917|169|1630\n|teamsize|p1|6\n|teamsize|p2|6\n|gen|7\n|tier|[Gen 7] Random Battle\n|rated|\n|rule|Sleep Clause Mod: Limit one foe put to sleep\n|rule|HP Percentage Mod: HP is shown in percentages\n|\n|t:|1652342191\n|start\n|switch|p1a: Typhlosion|Typhlosion, L86, F|274\/274\n|switch|p2a: Darmanitan|Darmanitan, L84, M|314\/314\n|turn|1\n|inactive|Battle timer is ON: inactive players will automatically lose when time's up. (requested by Eimint64)\n|\n|t:|1652342218\n|switch|p1a: Terrakion|Terrakion, L82|283\/283\n|move|p2a: Darmanitan|U-turn|p1a: Terrakion\n|-resisted|p1a: Terrakion\n|-damage|p1a: Terrakion|238\/283\n|-damage|p2a: Darmanitan|283\/314|[from] item: Life Orb\n|\n|t:|1652342223\n|switch|p2a: Unown|Unown-T|258\/258\n|\n|upkeep\n|turn|2\n|\n|t:|1652342227\n|move|p1a: Terrakion|Stealth Rock|p2a: Unown\n|-sidestart|p2: firepunch917|move: Stealth Rock\n|move|p2a: Unown|Hidden Power|p1a: Terrakion\n|-supereffective|p1a: Terrakion\n|-damage|p1a: Terrakion|38\/283\n|\n|upkeep\n|turn|3\n|\n|t:|1652342231\n|move|p1a: Terrakion|Stone Edge|p2a: Unown\n|-damage|p2a: Unown|47\/258\n|-damage|p1a: Terrakion|10\/283|[from] item: Life Orb\n|move|p2a: Unown|Hidden Power|p1a: Terrakion\n|-supereffective|p1a: Terrakion\n|-damage|p1a: Terrakion|0 fnt\n|faint|p1a: Terrakion\n|\n|upkeep\n|\n|t:|1652342234\n|switch|p1a: Vivillon|Vivillon-River, L86, F|277\/277\n|turn|4\n|\n|t:|1652342237\n|move|p1a: Vivillon|Substitute|p1a: Vivillon\n|-start|p1a: Vivillon|Substitute\n|-damage|p1a: Vivillon|208\/277\n|move|p2a: Unown|Hidden Power|p1a: Vivillon\n|-end|p1a: Vivillon|Substitute\n|\n|-heal|p1a: Vivillon|225\/277|[from] item: Leftovers\n|upkeep\n|turn|5\n|\n|t:|1652342240\n|move|p1a: Vivillon|Sleep Powder|p2a: Unown\n|-status|p2a: Unown|slp|[from] move: Sleep Powder\n|cant|p2a: Unown|slp\n|\n|-heal|p1a: Vivillon|242\/277|[from] item: Leftovers\n|upkeep\n|turn|6\n|\n|t:|1652342246\n|switch|p2a: Registeel|Registeel, L84|272\/272\n|-damage|p2a: Registeel|255\/272|[from] Stealth Rock\n|move|p1a: Vivillon|Substitute|p1a: Vivillon\n|-start|p1a: Vivillon|Substitute\n|-damage|p1a: Vivillon|173\/277\n|\n|-heal|p1a: Vivillon|190\/277|[from] item: Leftovers\n|-heal|p2a: Registeel|272\/272|[from] item: Leftovers\n|upkeep\n|turn|7\n|\n|t:|1652342249\n|move|p1a: Vivillon|Quiver Dance|p1a: Vivillon\n|-boost|p1a: Vivillon|spa|1\n|-boost|p1a: Vivillon|spd|1\n|-boost|p1a: Vivillon|spe|1\n|move|p2a: Registeel|Iron Head|p1a: Vivillon\n|-end|p1a: Vivillon|Substitute\n|\n|-heal|p1a: Vivillon|207\/277|[from] item: Leftovers\n|upkeep\n|turn|8\n|\n|t:|1652342252\n|move|p1a: Vivillon|Quiver Dance|p1a: Vivillon\n|-boost|p1a: Vivillon|spa|1\n|-boost|p1a: Vivillon|spd|1\n|-boost|p1a: Vivillon|spe|1\n|move|p2a: Registeel|Toxic|p1a: Vivillon|[miss]\n|-miss|p2a: Registeel|p1a: Vivillon\n|\n|-heal|p1a: Vivillon|224\/277|[from] item: Leftovers\n|upkeep\n|turn|9\n|\n|t:|1652342255\n|move|p1a: Vivillon|Substitute|p1a: Vivillon\n|-start|p1a: Vivillon|Substitute\n|-damage|p1a: Vivillon|155\/277\n|move|p2a: Registeel|Iron Head|p1a: Vivillon\n|-end|p1a: Vivillon|Substitute\n|\n|-heal|p1a: Vivillon|172\/277|[from] item: Leftovers\n|upkeep\n|turn|10\n|\n|t:|1652342258\n|move|p1a: Vivillon|Hurricane|p2a: Registeel\n|-resisted|p2a: Registeel\n|-damage|p2a: Registeel|199\/272\n|move|p2a: Registeel|Iron Head|p1a: Vivillon\n|-damage|p1a: Vivillon|75\/277\n|\n|-heal|p1a: Vivillon|92\/277|[from] item: Leftovers\n|-heal|p2a: Registeel|216\/272|[from] item: Leftovers\n|upkeep\n|turn|11\n|\n|t:|1652342264\n|move|p1a: Vivillon|Hurricane|p2a: Registeel\n|-resisted|p2a: Registeel\n|-damage|p2a: Registeel|141\/272\n|move|p2a: Registeel|Iron Head|p1a: Vivillon\n|-damage|p1a: Vivillon|0 fnt\n|faint|p1a: Vivillon\n|\n|-heal|p2a: Registeel|158\/272|[from] item: Leftovers\n|upkeep\n|\n|t:|1652342277\n|switch|p1a: Kartana|Kartana, L80|226\/226\n|turn|12\n|\n|t:|1652342281\n|switch|p2a: Unown|Unown-T|47\/258 slp\n|-damage|p2a: Unown|15\/258 slp|[from] Stealth Rock\n|move|p1a: Kartana|Swords Dance|p1a: Kartana\n|-boost|p1a: Kartana|atk|2\n|\n|upkeep\n|turn|13\n|\n|t:|1652342283\n|move|p1a: Kartana|Swords Dance|p1a: Kartana\n|-boost|p1a: Kartana|atk|2\n|-curestatus|p2a: Unown|slp|[msg]\n|move|p2a: Unown|Hidden Power|p1a: Kartana\n|-resisted|p1a: Kartana\n|-damage|p1a: Kartana|108\/226\n|\n|upkeep\n|turn|14\n|\n|t:|1652342286\n|move|p1a: Kartana|Knock Off|p2a: Unown\n|-supereffective|p2a: Unown\n|-damage|p2a: Unown|0 fnt\n|-enditem|p2a: Unown|Choice Specs|[from] move: Knock Off|[of] p1a: Kartana\n|faint|p2a: Unown\n|-ability|p1a: Kartana|Beast Boost|boost\n|-boost|p1a: Kartana|atk|1\n|-damage|p1a: Kartana|86\/226|[from] item: Life Orb\n|\n|upkeep\n|\n|t:|1652342287\n|switch|p2a: Pyroar|Pyroar, L88, F|295\/295\n|-ability|p2a: Pyroar|Unnerve\n|-damage|p2a: Pyroar|222\/295|[from] Stealth Rock\n|turn|15\n|\n|t:|1652342292\n|switch|p1a: Typhlosion|Typhlosion, L86, F|274\/274\n|move|p2a: Pyroar|Dark Pulse|p1a: Typhlosion\n|-damage|p1a: Typhlosion|192\/274\n|-damage|p2a: Pyroar|193\/295|[from] item: Life Orb\n|\n|upkeep\n|turn|16\n|\n|t:|1652342301\n|switch|p2a: Darmanitan|Darmanitan, L84, M|283\/314\n|-damage|p2a: Darmanitan|205\/314|[from] Stealth Rock\n|move|p1a: Typhlosion|Extrasensory|p2a: Darmanitan\n|-damage|p2a: Darmanitan|59\/314\n|\n|upkeep\n|turn|17\n|\n|t:|1652342305\n|move|p1a: Typhlosion|Extrasensory|p2a: Darmanitan\n|-damage|p2a: Darmanitan|0 fnt\n|faint|p2a: Darmanitan\n|\n|upkeep\n|\n|t:|1652342307\n|switch|p2a: Registeel|Registeel, L84|158\/272\n|-damage|p2a: Registeel|141\/272|[from] Stealth Rock\n|turn|18\n|\n|t:|1652342312\n|switch|p1a: Kartana|Kartana, L80|86\/226\n|move|p2a: Registeel|Iron Head|p1a: Kartana\n|-resisted|p1a: Kartana\n|-damage|p1a: Kartana|61\/226\n|\n|-heal|p2a: Registeel|158\/272|[from] item: Leftovers\n|upkeep\n|turn|19\n|\n|t:|1652342319\n|move|p1a: Kartana|Knock Off|p2a: Registeel\n|-damage|p2a: Registeel|68\/272\n|-enditem|p2a: Registeel|Leftovers|[from] move: Knock Off|[of] p1a: Kartana\n|-damage|p1a: Kartana|39\/226|[from] item: Life Orb\n|move|p2a: Registeel|Iron Head|p1a: Kartana\n|-resisted|p1a: Kartana\n|-damage|p1a: Kartana|12\/226\n|\n|upkeep\n|turn|20\n|\n|t:|1652342325\n|move|p1a: Kartana|Knock Off|p2a: Registeel\n|-damage|p2a: Registeel|4\/272\n|-damage|p1a: Kartana|0 fnt|[from] item: Life Orb\n|faint|p1a: Kartana\n|move|p2a: Registeel|Rest|p2a: Registeel\n|-status|p2a: Registeel|slp|[from] move: Rest\n|-heal|p2a: Registeel|272\/272 slp|[silent]\n|\n|upkeep\n|\n|t:|1652342335\n|switch|p1a: Typhlosion|Typhlosion, L86, F|192\/274\n|turn|21\n|\n|t:|1652342338\n|move|p1a: Typhlosion|Fire Blast|p2a: Registeel\n|-supereffective|p2a: Registeel\n|-damage|p2a: Registeel|24\/272 slp\n|cant|p2a: Registeel|slp\n|move|p2a: Registeel|Sleep Talk|p2a: Registeel\n|move|p2a: Registeel|Toxic|p1a: Typhlosion|[from]move: Sleep Talk\n|-status|p1a: Typhlosion|tox\n|\n|-damage|p1a: Typhlosion|175\/274 tox|[from] psn\n|upkeep\n|turn|22\n|\n|t:|1652342342\n|move|p1a: Typhlosion|Fire Blast|p2a: Registeel\n|-supereffective|p2a: Registeel\n|-damage|p2a: Registeel|0 fnt\n|faint|p2a: Registeel\n|\n|-damage|p1a: Typhlosion|141\/274 tox|[from] psn\n|upkeep\n|\n|t:|1652342345\n|switch|p2a: Pyroar|Pyroar, L88, F|193\/295\n|-ability|p2a: Pyroar|Unnerve\n|-damage|p2a: Pyroar|120\/295|[from] Stealth Rock\n|turn|23\n|\n|t:|1652342348\n|move|p2a: Pyroar|Hyper Voice|p1a: Typhlosion\n|-damage|p1a: Typhlosion|0 fnt\n|faint|p1a: Typhlosion\n|-damage|p2a: Pyroar|91\/295|[from] item: Life Orb\n|\n|upkeep\n|\n|t:|1652342354\n|switch|p1a: Cresselia|Cresselia, L84, F|339\/339\n|turn|24\n|\n|t:|1652342356\n|move|p2a: Pyroar|Dark Pulse|p1a: Cresselia\n|-supereffective|p1a: Cresselia\n|-damage|p1a: Cresselia|201\/339\n|-damage|p2a: Pyroar|62\/295|[from] item: Life Orb\n|move|p1a: Cresselia|Calm Mind|p1a: Cresselia\n|-boost|p1a: Cresselia|spa|1\n|-boost|p1a: Cresselia|spd|1\n|\n|-heal|p1a: Cresselia|222\/339|[from] item: Leftovers\n|upkeep\n|turn|25\n|\n|t:|1652342359\n|move|p2a: Pyroar|Will-O-Wisp|p1a: Cresselia\n|-status|p1a: Cresselia|brn\n|move|p1a: Cresselia|Calm Mind|p1a: Cresselia\n|-boost|p1a: Cresselia|spa|1\n|-boost|p1a: Cresselia|spd|1\n|\n|-heal|p1a: Cresselia|243\/339 brn|[from] item: Leftovers\n|-damage|p1a: Cresselia|222\/339 brn|[from] brn\n|upkeep\n|turn|26\n|\n|t:|1652342362\n|move|p2a: Pyroar|Dark Pulse|p1a: Cresselia\n|-supereffective|p1a: Cresselia\n|-damage|p1a: Cresselia|154\/339 brn\n|-damage|p2a: Pyroar|33\/295|[from] item: Life Orb\n|move|p1a: Cresselia|Moonlight|p1a: Cresselia\n|-heal|p1a: Cresselia|323\/339 brn\n|\n|-heal|p1a: Cresselia|339\/339 brn|[from] item: Leftovers\n|-damage|p1a: Cresselia|318\/339 brn|[from] brn\n|upkeep\n|turn|27\n|\n|t:|1652342364\n|move|p2a: Pyroar|Fire Blast|p1a: Cresselia|[miss]\n|-miss|p2a: Pyroar|p1a: Cresselia\n|move|p1a: Cresselia|Calm Mind|p1a: Cresselia\n|-boost|p1a: Cresselia|spa|1\n|-boost|p1a: Cresselia|spd|1\n|\n|-heal|p1a: Cresselia|339\/339 brn|[from] item: Leftovers\n|-damage|p1a: Cresselia|318\/339 brn|[from] brn\n|upkeep\n|turn|28\n|\n|t:|1652342366\n|move|p2a: Pyroar|Dark Pulse|p1a: Cresselia\n|-supereffective|p1a: Cresselia\n|-damage|p1a: Cresselia|263\/339 brn\n|-damage|p2a: Pyroar|4\/295|[from] item: Life Orb\n|move|p1a: Cresselia|Calm Mind|p1a: Cresselia\n|-boost|p1a: Cresselia|spa|1\n|-boost|p1a: Cresselia|spd|1\n|\n|-heal|p1a: Cresselia|284\/339 brn|[from] item: Leftovers\n|-damage|p1a: Cresselia|263\/339 brn|[from] brn\n|upkeep\n|turn|29\n|\n|t:|1652342368\n|move|p2a: Pyroar|Dark Pulse|p1a: Cresselia\n|-supereffective|p1a: Cresselia\n|-damage|p1a: Cresselia|216\/339 brn\n|-damage|p2a: Pyroar|0 fnt|[from] item: Life Orb\n|faint|p2a: Pyroar\n|move|p1a: Cresselia|Moonlight|p1a: Cresselia\n|-heal|p1a: Cresselia|339\/339 brn\n|\n|-damage|p1a: Cresselia|318\/339 brn|[from] brn\n|upkeep\n|\n|t:|1652342370\n|switch|p2a: Electivire|Electivire, L88, F|275\/275\n|-damage|p2a: Electivire|241\/275|[from] Stealth Rock\n|turn|30\n|\n|t:|1652342377\n|move|p2a: Electivire|Wild Charge|p1a: Cresselia\n|-damage|p1a: Cresselia|209\/339 brn\n|-damage|p2a: Electivire|214\/275|[from] Recoil\n|move|p1a: Cresselia|Psyshock|p2a: Electivire\n|-damage|p2a: Electivire|0 fnt\n|faint|p2a: Electivire\n|\n|-heal|p1a: Cresselia|230\/339 brn|[from] item: Leftovers\n|-damage|p1a: Cresselia|209\/339 brn|[from] brn\n|upkeep\n|-message|firepunch917 forfeited.\n|\n|win|Eimint64\n|raw|Eimint64's rating: 1550 &rarr; <strong>1575<\/strong><br \/>(+25 for winning)\n|raw|firepunch917's rating: 1630 &rarr; <strong>1605<\/strong><br \/>(-25 for losing)\n|l|\u2606firepunch917\n","inputlog":">version 3115cfa9da4584a6803ed46aa555a31ae64bc6d8\n>start {\"formatid\":\"gen7randombattle\",\"seed\":[63968,51122,29628,18770],\"rated\":\"Rated battle\"}\n>player p1 {\"name\":\"Eimint64\",\"avatar\":\"blackbelt-gen4dp\",\"rating\":1550,\"seed\":[63521,46,20266,38214]}\n>player p2 {\"name\":\"firepunch917\",\"avatar\":\"169\",\"rating\":1630,\"seed\":[33426,16594,24608,51880]}\n>p1 switch 5\n>p2 move uturn\n>p2 switch 3\n>p1 move stealthrock\n>p2 move hiddenpower\n>p1 move stoneedge\n>p2 move hiddenpower\n>p1 switch 4\n>p1 move substitute\n>p2 move hiddenpower\n>p1 move sleeppowder\n>p2 move hiddenpower\n>p1 move substitute\n>p2 switch 6\n>p1 move quiverdance\n>p2 move ironhead\n>p1 move quiverdance\n>p2 move toxic\n>p1 move substitute\n>p2 move ironhead\n>p1 move hurricane\n>p2 move ironhead\n>p1 move hurricane\n>p2 move ironhead\n>p1 switch 2\n>p1 move swordsdance\n>p2 switch 6\n>p1 move swordsdance\n>p2 move hiddenpower\n>p1 move knockoff\n>p2 move hiddenpower\n>p2 switch 5\n>p1 switch 5\n>p2 move darkpulse\n>p1 move extrasensory\n>p2 switch 3\n>p1 move extrasensory\n>p2 move earthquake\n>p2 switch 6\n>p1 switch 5\n>p2 move ironhead\n>p1 move knockoff\n>p2 move ironhead\n>p1 move knockoff\n>p2 move rest\n>p1 switch 5\n>p1 move fireblast\n>p2 move sleeptalk\n>p1 move fireblast\n>p2 move sleeptalk\n>p2 switch 3\n>p1 move fireblast\n>p2 move hypervoice\n>p1 switch 6\n>p1 move calmmind\n>p2 move darkpulse\n>p1 move calmmind\n>p2 move willowisp\n>p1 move moonlight\n>p2 move darkpulse\n>p1 move calmmind\n>p2 move fireblast\n>p1 move calmmind\n>p2 move darkpulse\n>p1 move moonlight\n>p2 move darkpulse\n>p2 switch 2\n>p1 move psyshock\n>p2 move wildcharge\n>forcelose p2","uploadtime":1652342385,"views":3,"p1id":"eimint64","p2id":"firepunch917","formatid":"gen7randombattle","rating":1575,"private":0,"password":null}