{"id":"gen7randombattle-712776941","p1":"Princess Beauty","p2":"wolfwarrior","format":"gen7randombattle","log":"|j|\u2606Princess Beauty\n|j|\u2606wolfwarrior\n|player|p1|Princess Beauty|249\n|player|p2|wolfwarrior|162\n|teamsize|p1|6\n|teamsize|p2|6\n|gametype|singles\n|gen|7\n|tier|[Gen 7] Random Battle\n|rated|\n|seed|21931,18303,34137,38707\n|rule|Sleep Clause Mod: Limit one foe put to sleep\n|rule|HP Percentage Mod: HP is shown in percentages\n|\n|start\n|switch|p1a: Lanturn|Lanturn, L83, F|343\/343\n|switch|p2a: Vespiquen|Vespiquen, L83, F|251\/251\n|-ability|p2a: Vespiquen|Unnerve|p1: Princess Beauty\n|turn|1\n|inactive|Battle timer is ON: inactive players will automatically lose when time's up. (requested by Princess Beauty)\n|\n|switch|p2a: Lilligant|Lilligant, L83, F|252\/252\n|move|p1a: Lanturn|Volt Switch|p2a: Lilligant\n|-resisted|p2a: Lilligant\n|-damage|p2a: Lilligant|207\/252\n|-damage|p1a: Lanturn|309\/343|[from] item: Life Orb\n|inactive|Princess Beauty has 135 seconds left.\n|\n|switch|p1a: Dustox|Dustox, L83, M|235\/235|[from]move: Volt Switch\n|\n|-heal|p2a: Lilligant|222\/252|[from] item: Leftovers\n|upkeep\n|turn|2\n|inactive|wolfwarrior has 135 seconds left.\n|\n|move|p2a: Lilligant|Sleep Powder|p1a: Dustox|[miss]\n|-miss|p2a: Lilligant|p1a: Dustox\n|move|p1a: Dustox|Sludge Bomb|p2a: Lilligant\n|-supereffective|p2a: Lilligant\n|-damage|p2a: Lilligant|48\/252\n|-status|p2a: Lilligant|psn\n|-damage|p1a: Dustox|212\/235|[from] item: Life Orb\n|\n|-heal|p2a: Lilligant|63\/252 psn|[from] item: Leftovers\n|-damage|p2a: Lilligant|32\/252 psn|[from] psn\n|upkeep\n|turn|3\n|c|\u2606wolfwarrior|wow\n|inactive|Princess Beauty has 135 seconds left.\n|\n|move|p2a: Lilligant|Sleep Powder|p1a: Dustox\n|-status|p1a: Dustox|slp\n|cant|p1a: Dustox|slp\n|\n|-heal|p2a: Lilligant|47\/252 psn|[from] item: Leftovers\n|-damage|p2a: Lilligant|16\/252 psn|[from] psn\n|upkeep\n|turn|4\n|\n|move|p2a: Lilligant|Hidden Power|p1a: Dustox\n|-supereffective|p1a: Dustox\n|-damage|p1a: Dustox|112\/235 slp\n|cant|p1a: Dustox|slp\n|\n|-heal|p2a: Lilligant|31\/252 psn|[from] item: Leftovers\n|-damage|p2a: Lilligant|0 fnt|[from] psn\n|upkeep\n|faint|p2a: Lilligant\n|inactive|wolfwarrior has 135 seconds left.\n|\n|switch|p2a: Zygarde|Zygarde-10%, L73|196\/196\n|turn|5\n|inactive|Princess Beauty has 135 seconds left.\n|inactive|Princess Beauty has 120 seconds left.\n|\n|move|p2a: Zygarde|Substitute|p2a: Zygarde\n|-start|p2a: Zygarde|Substitute\n|-damage|p2a: Zygarde|147\/196\n|cant|p1a: Dustox|slp\n|\n|upkeep\n|turn|6\n|\n|move|p2a: Zygarde|Dragon Dance|p2a: Zygarde\n|-boost|p2a: Zygarde|atk|1\n|-boost|p2a: Zygarde|spe|1\n|-curestatus|p1a: Dustox|slp|[msg]\n|move|p1a: Dustox|Bug Buzz|p2a: Zygarde\n|-damage|p2a: Zygarde|61\/196\n|-damage|p1a: Dustox|89\/235|[from] item: Life Orb\n|\n|-activate|p2a: Zygarde|ability: Power Construct\n|detailschange|p2a: Zygarde|Zygarde-Complete, L73\n|-heal|p2a: Zygarde|298\/433|[silent]\n|upkeep\n|turn|7\n|inactive|wolfwarrior has 135 seconds left.\n|inactive|wolfwarrior has 120 seconds left.\n|\n|move|p2a: Zygarde|Thousand Arrows|p1a: Dustox\n|-damage|p1a: Dustox|0 fnt\n|faint|p1a: Dustox\n|\n|upkeep\n|inactive|Princess Beauty has 135 seconds left.\n|inactive|Princess Beauty has 120 seconds left.\n|\n|switch|p1a: Lapras|Lapras, L83, F|351\/351\n|turn|8\n|inactive|wolfwarrior has 135 seconds left.\n|inactive|wolfwarrior has 120 seconds left.\n|inactive|wolfwarrior has 105 seconds left.\n|\n|-zpower|p2a: Zygarde\n|move|p2a: Zygarde|Devastating Drake|p1a: Lapras|[zeffect]\n|-crit|p1a: Lapras\n|-damage|p1a: Lapras|0 fnt\n|faint|p1a: Lapras\n|\n|upkeep\n|c|\u2606wolfwarrior|first it was cake princess\n|c|\u2606wolfwarrior|now the beauty princess\n|inactive|Princess Beauty has 135 seconds left.\n|\n|switch|p1a: Vanilluxe|Vanilluxe, L81, F|247\/247\n|-weather|Hail|[from] ability: Snow Warning|[of] p1a: Vanilluxe\n|turn|9\n|c|\u2606wolfwarrior|on some ice king shit smh\n|\n|move|p2a: Zygarde|Thousand Arrows|p1a: Vanilluxe\n|-damage|p1a: Vanilluxe|121\/247\n|move|p1a: Vanilluxe|Blizzard|p2a: Zygarde\n|-supereffective|p2a: Zygarde\n|-end|p2a: Zygarde|Substitute\n|\n|-weather|Hail|[upkeep]\n|-damage|p2a: Zygarde|271\/433|[from] hail\n|upkeep\n|turn|10\n|\n|move|p2a: Zygarde|Thousand Arrows|p1a: Vanilluxe\n|-damage|p1a: Vanilluxe|12\/247\n|move|p1a: Vanilluxe|Blizzard|p2a: Zygarde\n|-supereffective|p2a: Zygarde\n|-damage|p2a: Zygarde|0 fnt\n|faint|p2a: Zygarde\n|\n|-weather|Hail|[upkeep]\n|upkeep\n|inactive|wolfwarrior has 135 seconds left.\n|\n|switch|p2a: Latios|Latios, L75, M|244\/244\n|turn|11\n|\n|-mega|p2a: Latios|Latios|Latiosite\n|detailschange|p2a: Latios|Latios-Mega, L75, M\n|move|p2a: Latios|Psyshock|p1a: Vanilluxe\n|-damage|p1a: Vanilluxe|0 fnt\n|faint|p1a: Vanilluxe\n|\n|-weather|Hail|[upkeep]\n|-damage|p2a: Latios|229\/244|[from] hail\n|upkeep\n|\n|switch|p1a: Lanturn|Lanturn, L83, F|309\/343\n|turn|12\n|\n|move|p2a: Latios|Calm Mind|p2a: Latios\n|-boost|p2a: Latios|spa|1\n|-boost|p2a: Latios|spd|1\n|move|p1a: Lanturn|Thunder Wave|p2a: Latios\n|-status|p2a: Latios|par\n|\n|-weather|Hail|[upkeep]\n|-damage|p1a: Lanturn|288\/343|[from] hail\n|-damage|p2a: Latios|214\/244 par|[from] hail\n|upkeep\n|turn|13\n|\n|switch|p1a: Toxicroak|Toxicroak, L81, M|267\/267\n|move|p2a: Latios|Psyshock|p1a: Toxicroak\n|-supereffective|p1a: Toxicroak\n|-damage|p1a: Toxicroak|0 fnt\n|faint|p1a: Toxicroak\n|\n|-weather|none\n|upkeep\n|c|\u2606wolfwarrior|ez\n|inactive|Princess Beauty has 135 seconds left.\n|\n|switch|p1a: Guzzlord|Guzzlord, L81|494\/494\n|turn|14\n|\n|switch|p2a: Vespiquen|Vespiquen, L83, F|251\/251\n|-ability|p2a: Vespiquen|Unnerve|p1: Princess Beauty\n|move|p1a: Guzzlord|Crunch|p2a: Vespiquen\n|-damage|p2a: Vespiquen|170\/251\n|\n|-heal|p2a: Vespiquen|185\/251|[from] item: Leftovers\n|upkeep\n|turn|15\n|inactive|Princess Beauty has 135 seconds left.\n|\n|switch|p1a: Lanturn|Lanturn, L83, F|288\/343\n|move|p2a: Vespiquen|Attack Order|p1a: Lanturn\n|-damage|p1a: Lanturn|182\/343\n|\n|-heal|p2a: Vespiquen|200\/251|[from] item: Leftovers\n|upkeep\n|turn|16\n|\n|move|p1a: Lanturn|Scald|p2a: Vespiquen\n|-damage|p2a: Vespiquen|125\/251\n|-damage|p1a: Lanturn|148\/343|[from] item: Life Orb\n|move|p2a: Vespiquen|Attack Order|p1a: Lanturn\n|-crit|p1a: Lanturn\n|-damage|p1a: Lanturn|0 fnt\n|faint|p1a: Lanturn\n|\n|-heal|p2a: Vespiquen|140\/251|[from] item: Leftovers\n|upkeep\n|\n|switch|p1a: Guzzlord|Guzzlord, L81|494\/494\n|turn|17\n|\n|move|p1a: Guzzlord|Fire Blast|p2a: Vespiquen\n|-supereffective|p2a: Vespiquen\n|-damage|p2a: Vespiquen|0 fnt\n|faint|p2a: Vespiquen\n|-ability|p1a: Guzzlord|Beast Boost|boost\n|-boost|p1a: Guzzlord|atk|1\n|\n|upkeep\n|inactive|wolfwarrior has 135 seconds left.\n|\n|switch|p2a: Escavalier|Escavalier, L79, M|240\/240\n|turn|18\n|\n|move|p1a: Guzzlord|Fire Blast|p2a: Escavalier\n|-supereffective|p2a: Escavalier\n|-damage|p2a: Escavalier|0 fnt\n|faint|p2a: Escavalier\n|-ability|p1a: Guzzlord|Beast Boost|boost\n|-boost|p1a: Guzzlord|atk|1\n|\n|upkeep\n|\n|switch|p2a: Crobat|Crobat, L77, M|257\/257\n|turn|19\n|\n|move|p2a: Crobat|Brave Bird|p1a: Guzzlord\n|-damage|p1a: Guzzlord|346\/494\n|-damage|p2a: Crobat|208\/257|[from] Recoil\n|move|p1a: Guzzlord|Crunch|p2a: Crobat\n|-damage|p2a: Crobat|4\/257\n|\n|-heal|p2a: Crobat|20\/257|[from] item: Black Sludge\n|upkeep\n|turn|20\n|\n|move|p2a: Crobat|Brave Bird|p1a: Guzzlord\n|-crit|p1a: Guzzlord\n|-damage|p1a: Guzzlord|133\/494\n|-damage|p2a: Crobat|0 fnt|[from] Recoil\n|faint|p2a: Crobat\n|move|p1a: Guzzlord|Crunch|p2: Crobat|[notarget]\n|-notarget\n|\n|upkeep\n|-message|wolfwarrior forfeited.\n|\n|win|Princess Beauty\n|l|\u2606wolfwarrior\n|raw|Princess Beauty's rating: 1597 &rarr; <strong>1616<\/strong><br \/>(+19 for winning)\n|raw|wolfwarrior's rating: 1582 &rarr; <strong>1563<\/strong><br \/>(-19 for losing)\n|c|\u2606Princess Beauty|twat\n","inputlog":null,"uploadtime":1520144753,"views":9,"p1id":"princessbeauty","p2id":"wolfwarrior","formatid":"gen7randombattle","rating":1563,"private":0,"password":null}