{"id":"gen7randombattle-1515043848","p1":"Jpena2016","p2":"BigWes95","format":"gen7randombattle","log":"|j|\u2606Jpena2016\n|j|\u2606BigWes95\n|t:|1645368043\n|gametype|singles\n|player|p1|Jpena2016|2|1757\n|player|p2|BigWes95|169|1706\n|teamsize|p1|6\n|teamsize|p2|6\n|gen|7\n|tier|[Gen 7] Random Battle\n|rated|\n|rule|Sleep Clause Mod: Limit one foe put to sleep\n|rule|HP Percentage Mod: HP is shown in percentages\n|\n|t:|1645368043\n|start\n|switch|p1a: Deoxys|Deoxys-Attack, L76|201\/201\n|switch|p2a: Drifblim|Drifblim, L88, M|407\/407\n|-ability|p1a: Deoxys|Pressure\n|turn|1\n|inactive|Battle timer is ON: inactive players will automatically lose when time's up. (requested by BigWes95)\n|\n|t:|1645368065\n|switch|p1a: Meloetta|Meloetta, L84|305\/305\n|move|p2a: Drifblim|Shadow Ball|p1a: Meloetta\n|-immune|p1a: Meloetta\n|\n|upkeep\n|turn|2\n|\n|t:|1645368072\n|move|p1a: Meloetta|Knock Off|p2a: Drifblim\n|-supereffective|p2a: Drifblim\n|-damage|p2a: Drifblim|227\/407\n|-enditem|p2a: Drifblim|Sitrus Berry|[from] move: Knock Off|[of] p1a: Meloetta\n|move|p2a: Drifblim|Will-O-Wisp|p1a: Meloetta\n|-status|p1a: Meloetta|brn\n|\n|-damage|p1a: Meloetta|286\/305 brn|[from] brn\n|upkeep\n|turn|3\n|\n|t:|1645368083\n|move|p2a: Drifblim|Acrobatics|p1a: Meloetta\n|-damage|p1a: Meloetta|156\/305 brn\n|move|p1a: Meloetta|Knock Off|p2a: Drifblim\n|-supereffective|p2a: Drifblim\n|-damage|p2a: Drifblim|165\/407\n|\n|-damage|p1a: Meloetta|137\/305 brn|[from] brn\n|upkeep\n|turn|4\n|\n|t:|1645368099\n|switch|p1a: Swalot|Swalot, L88, F|319\/319\n|move|p2a: Drifblim|Acrobatics|p1a: Swalot\n|-damage|p1a: Swalot|216\/319\n|\n|-heal|p1a: Swalot|235\/319|[from] item: Black Sludge\n|upkeep\n|turn|5\n|\n|t:|1645368113\n|move|p2a: Drifblim|Acrobatics|p1a: Swalot\n|-damage|p1a: Swalot|115\/319\n|move|p1a: Swalot|Encore|p2a: Drifblim\n|-start|p2a: Drifblim|Encore\n|\n|-heal|p1a: Swalot|134\/319|[from] item: Black Sludge\n|upkeep\n|turn|6\n|\n|t:|1645368126\n|move|p2a: Drifblim|Acrobatics|p1a: Swalot\n|-damage|p1a: Swalot|28\/319\n|move|p1a: Swalot|Ice Beam|p2a: Drifblim\n|-supereffective|p2a: Drifblim\n|-damage|p2a: Drifblim|23\/407\n|\n|-heal|p1a: Swalot|47\/319|[from] item: Black Sludge\n|upkeep\n|turn|7\n|\n|t:|1645368135\n|switch|p1a: Ampharos|Ampharos, L84, M|288\/288\n|move|p2a: Drifblim|Acrobatics|p1a: Ampharos\n|-resisted|p1a: Ampharos\n|-damage|p1a: Ampharos|226\/288\n|-status|p2a: Drifblim|par|[from] ability: Static|[of] p1a: Ampharos\n|\n|upkeep\n|turn|8\n|\n|t:|1645368145\n|detailschange|p1a: Ampharos|Ampharos-Mega, L84, M\n|-mega|p1a: Ampharos|Ampharos|Ampharosite\n|-ability|p1a: Ampharos|Mold Breaker\n|cant|p2a: Drifblim|par\n|move|p1a: Ampharos|Dragon Pulse|p2a: Drifblim\n|-damage|p2a: Drifblim|0 fnt\n|faint|p2a: Drifblim\n|\n|upkeep\n|\n|t:|1645368158\n|switch|p2a: Hydreigon|Hydreigon, L82, F|285\/285\n|turn|9\n|\n|t:|1645368164\n|switch|p1a: Comfey|Comfey, L86, M|228\/228\n|move|p2a: Hydreigon|Dragon Pulse|p1a: Comfey\n|-immune|p1a: Comfey\n|\n|upkeep\n|turn|10\n|\n|t:|1645368175\n|switch|p2a: Celesteela|Celesteela, L80|286\/286\n|move|p1a: Comfey|Aromatherapy|p1a: Comfey\n|-activate|p1a: Comfey|move: Aromatherapy\n|-curestatus|p1: Meloetta|brn|[msg]\n|\n|upkeep\n|turn|11\n|\n|t:|1645368183\n|move|p1a: Comfey|U-turn|p2a: Celesteela\n|-resisted|p2a: Celesteela\n|-damage|p2a: Celesteela|278\/286\n|\n|t:|1645368188\n|switch|p1a: Ampharos|Ampharos-Mega, L84, M|226\/288\n|-ability|p1a: Ampharos|Mold Breaker\n|move|p2a: Celesteela|Flash Cannon|p1a: Ampharos\n|-resisted|p1a: Ampharos\n|-damage|p1a: Ampharos|191\/288\n|\n|upkeep\n|turn|12\n|\n|t:|1645368199\n|move|p2a: Celesteela|Earthquake|p1a: Ampharos\n|-supereffective|p1a: Ampharos\n|-damage|p1a: Ampharos|63\/288\n|move|p1a: Ampharos|Volt Switch|p2a: Celesteela\n|-supereffective|p2a: Celesteela\n|-damage|p2a: Celesteela|80\/286\n|-enditem|p2a: Celesteela|Weakness Policy\n|-boost|p2a: Celesteela|atk|2|[from] item: Weakness Policy\n|-boost|p2a: Celesteela|spa|2|[from] item: Weakness Policy\n|\n|t:|1645368227\n|switch|p1a: Deoxys|Deoxys-Attack, L76|201\/201\n|-ability|p1a: Deoxys|Pressure\n|\n|upkeep\n|turn|13\n|\n|t:|1645368233\n|move|p1a: Deoxys|Superpower|p2a: Celesteela\n|-damage|p2a: Celesteela|0 fnt\n|-unboost|p1a: Deoxys|atk|1\n|-unboost|p1a: Deoxys|def|1\n|faint|p2a: Celesteela\n|-damage|p1a: Deoxys|181\/201|[from] item: Life Orb\n|\n|upkeep\n|\n|t:|1645368243\n|switch|p2a: Tauros|Tauros, L88, M|275\/275\n|-ability|p2a: Tauros|Intimidate|boost\n|-unboost|p1a: Deoxys|atk|1\n|turn|14\n|\n|t:|1645368249\n|switch|p1a: Swalot|Swalot, L88, F|47\/319\n|move|p2a: Tauros|Double-Edge|p1a: Swalot\n|-damage|p1a: Swalot|0 fnt\n|faint|p1a: Swalot\n|-damage|p2a: Tauros|259\/275|[from] Recoil\n|\n|upkeep\n|\n|t:|1645368263\n|switch|p1a: Deoxys|Deoxys-Attack, L76|181\/201\n|-ability|p1a: Deoxys|Pressure\n|turn|15\n|\n|t:|1645368276\n|move|p1a: Deoxys|Superpower|p2a: Tauros\n|-supereffective|p2a: Tauros\n|-damage|p2a: Tauros|0 fnt\n|-unboost|p1a: Deoxys|atk|1\n|-unboost|p1a: Deoxys|def|1\n|faint|p2a: Tauros\n|-damage|p1a: Deoxys|161\/201|[from] item: Life Orb\n|\n|upkeep\n|\n|t:|1645368284\n|switch|p2a: Necrozma|Necrozma, L84|300\/300\n|turn|16\n|\n|t:|1645368293\n|switch|p1a: Comfey|Comfey, L86, M|228\/228\n|move|p2a: Necrozma|Photon Geyser|p1a: Comfey\n|-damage|p1a: Comfey|120\/228\n|\n|-heal|p1a: Comfey|134\/228|[from] item: Leftovers\n|upkeep\n|turn|17\n|\n|t:|1645368304\n|move|p1a: Comfey|Toxic|p2a: Necrozma\n|-status|p2a: Necrozma|tox\n|-zpower|p2a: Necrozma\n|move|p2a: Necrozma|Shattered Psyche|p1a: Comfey|[zeffect]\n|-damage|p1a: Comfey|0 fnt\n|faint|p1a: Comfey\n|\n|-damage|p2a: Necrozma|282\/300 tox|[from] psn\n|upkeep\n|inactive|Jpena2016 has 120 seconds left.\n|\n|t:|1645368334\n|switch|p1a: Meloetta|Meloetta, L84|137\/305\n|turn|18\n|inactive|Jpena2016 has 120 seconds left.\n|\n|t:|1645368347\n|move|p1a: Meloetta|Knock Off|p2a: Necrozma\n|-supereffective|p2a: Necrozma\n|-damage|p2a: Necrozma|233\/300 tox\n|move|p2a: Necrozma|Heat Wave|p1a: Meloetta\n|-damage|p1a: Meloetta|97\/305\n|\n|-damage|p2a: Necrozma|197\/300 tox|[from] psn\n|upkeep\n|turn|19\n|inactive|Jpena2016 has 120 seconds left.\n|\n|t:|1645368357\n|move|p1a: Meloetta|Knock Off|p2a: Necrozma\n|-supereffective|p2a: Necrozma\n|-damage|p2a: Necrozma|142\/300 tox\n|move|p2a: Necrozma|Photon Geyser|p1a: Meloetta\n|-resisted|p1a: Meloetta\n|-damage|p1a: Meloetta|65\/305\n|\n|-damage|p2a: Necrozma|88\/300 tox|[from] psn\n|upkeep\n|turn|20\n|inactive|Jpena2016 has 120 seconds left.\n|\n|t:|1645368391\n|move|p1a: Meloetta|Relic Song|p2a: Necrozma\n|-damage|p2a: Necrozma|0 fnt\n|faint|p2a: Necrozma\n|-formechange|p1a: Meloetta|Meloetta-Pirouette|[msg]\n|\n|upkeep\n|\n|t:|1645368395\n|switch|p2a: Lapras|Lapras, L88, M|371\/371\n|turn|21\n|\n|t:|1645368400\n|move|p1a: Meloetta|Close Combat|p2a: Lapras\n|-supereffective|p2a: Lapras\n|-damage|p2a: Lapras|27\/371\n|-unboost|p1a: Meloetta|def|1\n|-unboost|p1a: Meloetta|spd|1\n|move|p2a: Lapras|Ice Beam|p1a: Meloetta\n|-damage|p1a: Meloetta|0 fnt\n|faint|p1a: Meloetta\n|\n|-heal|p2a: Lapras|50\/371|[from] item: Leftovers\n|upkeep\n|\n|t:|1645368418\n|switch|p1a: Deoxys|Deoxys-Attack, L76|161\/201\n|-ability|p1a: Deoxys|Pressure\n|turn|22\n|\n|t:|1645368429\n|move|p1a: Deoxys|Knock Off|p2a: Lapras\n|-damage|p2a: Lapras|0 fnt\n|-enditem|p2a: Lapras|Leftovers|[from] move: Knock Off|[of] p1a: Deoxys\n|faint|p2a: Lapras\n|-damage|p1a: Deoxys|141\/201|[from] item: Life Orb\n|\n|upkeep\n|\n|t:|1645368431\n|switch|p2a: Hydreigon|Hydreigon, L82, F|285\/285\n|turn|23\n|\n|t:|1645368441\n|move|p1a: Deoxys|Superpower|p2a: Hydreigon\n|-supereffective|p2a: Hydreigon\n|-damage|p2a: Hydreigon|0 fnt\n|-unboost|p1a: Deoxys|atk|1\n|-unboost|p1a: Deoxys|def|1\n|faint|p2a: Hydreigon\n|-damage|p1a: Deoxys|121\/201|[from] item: Life Orb\n|\n|win|Jpena2016\n|raw|Jpena2016's rating: 1757 &rarr; <strong>1774<\/strong><br \/>(+17 for winning)\n|raw|BigWes95's rating: 1706 &rarr; <strong>1689<\/strong><br \/>(-17 for losing)\n|l|\u2606BigWes95\n","inputlog":">version 619ed185dd1e0cd166763d439d42f388242d6d02\n>start {\"formatid\":\"gen7randombattle\",\"seed\":[25440,43422,2032,24654],\"rated\":\"Rated battle\"}\n>player p1 {\"name\":\"Jpena2016\",\"avatar\":\"2\",\"rating\":1757,\"seed\":[21345,6572,44642,41134]}\n>player p2 {\"name\":\"BigWes95\",\"avatar\":\"169\",\"rating\":1706,\"seed\":[39751,17279,15138,29697]}\n>p1 switch 2\n>p2 move shadowball\n>p1 move knockoff\n>p2 move willowisp\n>p1 move knockoff\n>p2 move acrobatics\n>p1 switch 6\n>p2 move acrobatics\n>p1 move encore\n>p2 move acrobatics\n>p1 move icebeam\n>p2 move acrobatics\n>p1 switch 3\n>p2 move acrobatics\n>p1 move dragonpulse mega\n>p2 move acrobatics\n>p2 switch 6\n>p1 switch 5\n>p2 move dragonpulse\n>p1 move aromatherapy\n>p2 switch 5\n>p1 move uturn\n>p2 move flashcannon\n>p1 switch 5\n>p1 move voltswitch\n>p2 move earthquake\n>p1 switch 2\n>p1 move superpower\n>p2 move flashcannon\n>p2 switch 4\n>p1 switch 3\n>p2 move doubleedge\n>p1 switch 3\n>p1 move superpower\n>p2 move doubleedge\n>p2 switch 2\n>p1 switch 5\n>p2 move photongeyser\n>p1 move toxic\n>p2 move photongeyser zmove\n>p1 switch 6\n>p1 move knockoff\n>p2 move heatwave\n>p1 move knockoff\n>p2 move photongeyser\n>p1 move relicsong\n>p2 move moonlight\n>p2 switch 3\n>p1 move closecombat\n>p2 move icebeam\n>p1 switch 5\n>p1 move knockoff\n>p2 move icebeam\n>p2 switch 5\n>p1 move superpower\n>p2 move dragonpulse","uploadtime":1645368456,"views":2,"p1id":"jpena2016","p2id":"bigwes95","formatid":"gen7randombattle","rating":1689,"private":0,"password":null}