{"id":"gen7randombattle-1039428697","p1":"yeeeetus maximus","p2":"NAFLD","format":"gen7randombattle","log":"|j|\u2606yeeeetus maximus\n|j|\u2606NAFLD\n|player|p1|yeeeetus maximus|lucian|1403\n|player|p2|NAFLD|101|1356\n|teamsize|p1|6\n|teamsize|p2|6\n|gametype|singles\n|gen|7\n|tier|[Gen 7] Random Battle\n|rated|\n|rule|Sleep Clause Mod: Limit one foe put to sleep\n|rule|HP Percentage Mod: HP is shown in percentages\n|\n|start\n|switch|p1a: Necrozma|Necrozma-Dusk-Mane, L78|279\/279\n|switch|p2a: Hawlucha|Hawlucha, L80, F|256\/256\n|-ability|p2a: Hawlucha|Mold Breaker\n|turn|1\n|\n|move|p2a: Hawlucha|High Jump Kick|p1a: Necrozma\n|-damage|p1a: Necrozma|179\/279\n|move|p1a: Necrozma|Photon Geyser|p2a: Hawlucha\n|-supereffective|p2a: Hawlucha\n|-damage|p2a: Hawlucha|0 fnt\n|faint|p2a: Hawlucha\n|\n|upkeep\n|\n|switch|p2a: Mismagius|Mismagius, L86, F|243\/243\n|turn|2\n|\n|switch|p1a: Donphan|Donphan, L84, M|288\/288\n|move|p2a: Mismagius|Shadow Ball|p1a: Donphan\n|-damage|p1a: Donphan|159\/288\n|\n|-heal|p1a: Donphan|177\/288|[from] item: Leftovers\n|upkeep\n|turn|3\n|\n|move|p2a: Mismagius|Taunt|p1a: Donphan\n|-start|p1a: Donphan|move: Taunt\n|move|p1a: Donphan|Knock Off|p2a: Mismagius\n|-supereffective|p2a: Mismagius\n|-damage|p2a: Mismagius|51\/243\n|-enditem|p2a: Mismagius|Leftovers|[from] move: Knock Off|[of] p1a: Donphan\n|\n|-heal|p1a: Donphan|195\/288|[from] item: Leftovers\n|upkeep\n|turn|4\n|\n|switch|p1a: Weezing|Weezing, L86, M|252\/252\n|move|p2a: Mismagius|Shadow Ball|p1a: Weezing\n|-damage|p1a: Weezing|144\/252\n|\n|-heal|p1a: Weezing|159\/252|[from] item: Black Sludge\n|upkeep\n|turn|5\n|\n|move|p2a: Mismagius|Destiny Bond|p2a: Mismagius\n|-singlemove|p2a: Mismagius|Destiny Bond\n|move|p1a: Weezing|Sludge Bomb|p2a: Mismagius\n|-resisted|p2a: Mismagius\n|-damage|p2a: Mismagius|14\/243\n|\n|-heal|p1a: Weezing|174\/252|[from] item: Black Sludge\n|upkeep\n|turn|6\n|\n|move|p2a: Mismagius|Shadow Ball|p1a: Weezing\n|-damage|p1a: Weezing|74\/252\n|move|p1a: Weezing|Sludge Bomb|p2a: Mismagius\n|-resisted|p2a: Mismagius\n|-damage|p2a: Mismagius|0 fnt\n|faint|p2a: Mismagius\n|\n|-heal|p1a: Weezing|89\/252|[from] item: Black Sludge\n|upkeep\n|\n|switch|p2a: Sandslash|Sandslash-Alola, L88, M|275\/275\n|turn|7\n|\n|move|p2a: Sandslash|Icicle Crash|p1a: Weezing\n|-damage|p1a: Weezing|4\/252\n|move|p1a: Weezing|Fire Blast|p2a: Sandslash\n|-supereffective|p2a: Sandslash\n|-damage|p2a: Sandslash|0 fnt\n|faint|p2a: Sandslash\n|\n|-heal|p1a: Weezing|19\/252|[from] item: Black Sludge\n|upkeep\n|\n|switch|p2a: Wishiwashi|Wishiwashi, L89, M|225\/225\n|-formechange|p2a: Wishiwashi|Wishiwashi-School||[from] ability: Schooling\n|turn|8\n|\n|move|p1a: Weezing|Sludge Bomb|p2a: Wishiwashi\n|-damage|p2a: Wishiwashi|185\/225\n|-status|p2a: Wishiwashi|psn\n|move|p2a: Wishiwashi|U-turn|p1a: Weezing\n|-resisted|p1a: Weezing\n|-damage|p1a: Weezing|0 fnt\n|faint|p1a: Weezing\n|\n|switch|p2a: Marshadow|Marshadow, L78|268\/268\n|\n|upkeep\n|\n|switch|p1a: Emboar|Emboar, L85, M|326\/326\n|turn|9\n|\n|switch|p2a: Porygon2|Porygon2, L84|280\/280\n|-ability|p2a: Porygon2|Reckless|[from] ability: Trace|[of] p1a: Emboar\n|move|p1a: Emboar|Flare Blitz|p2a: Porygon2\n|-damage|p2a: Porygon2|165\/280\n|-damage|p1a: Emboar|288\/326|[from] Recoil\n|\n|upkeep\n|turn|10\n|\n|move|p1a: Emboar|Superpower|p2a: Porygon2\n|-supereffective|p2a: Porygon2\n|-damage|p2a: Porygon2|0 fnt\n|-unboost|p1a: Emboar|atk|1\n|-unboost|p1a: Emboar|def|1\n|faint|p2a: Porygon2\n|\n|upkeep\n|\n|switch|p2a: Wishiwashi|Wishiwashi, L89, M|185\/225 psn\n|-formechange|p2a: Wishiwashi|Wishiwashi-School||[from] ability: Schooling\n|turn|11\n|\n|switch|p1a: Celebi|Celebi, L82|298\/298\n|move|p2a: Wishiwashi|Hydro Pump|p1a: Celebi\n|-resisted|p1a: Celebi\n|-damage|p1a: Celebi|214\/298\n|\n|-heal|p1a: Celebi|232\/298|[from] item: Leftovers\n|-damage|p2a: Wishiwashi|157\/225 psn|[from] psn\n|upkeep\n|turn|12\n|\n|move|p1a: Celebi|Giga Drain|p2a: Wishiwashi\n|-supereffective|p2a: Wishiwashi\n|-damage|p2a: Wishiwashi|91\/225 psn\n|-heal|p1a: Celebi|265\/298|[from] drain|[of] p2a: Wishiwashi\n|move|p2a: Wishiwashi|U-turn|p1a: Celebi\n|-supereffective|p1a: Celebi\n|-damage|p1a: Celebi|9\/298\n|\n|switch|p2a: Marshadow|Marshadow, L78|268\/268\n|\n|-heal|p1a: Celebi|27\/298|[from] item: Leftovers\n|upkeep\n|turn|13\n|\n|move|p2a: Marshadow|Shadow Sneak|p1a: Celebi\n|-supereffective|p1a: Celebi\n|-damage|p1a: Celebi|0 fnt\n|faint|p1a: Celebi\n|\n|upkeep\n|\n|switch|p1a: Donphan|Donphan, L84, M|195\/288\n|turn|14\n|\n|switch|p2a: Wishiwashi|Wishiwashi, L89, M|91\/225 psn\n|-formechange|p2a: Wishiwashi|Wishiwashi-School||[from] ability: Schooling\n|move|p1a: Donphan|Earthquake|p2a: Wishiwashi\n|-damage|p2a: Wishiwashi|9\/225 psn\n|\n|-heal|p1a: Donphan|213\/288|[from] item: Leftovers\n|-damage|p2a: Wishiwashi|0 fnt|[from] psn\n|faint|p2a: Wishiwashi\n|upkeep\n|\n|switch|p2a: Marshadow|Marshadow, L78|268\/268\n|turn|15\n|\n|move|p2a: Marshadow|Spectral Thief|p1a: Donphan\n|-damage|p1a: Donphan|93\/288\n|move|p1a: Donphan|Earthquake|p2a: Marshadow\n|-damage|p2a: Marshadow|115\/268\n|\n|-heal|p1a: Donphan|111\/288|[from] item: Leftovers\n|upkeep\n|turn|16\n|\n|move|p2a: Marshadow|Spectral Thief|p1a: Donphan\n|-damage|p1a: Donphan|0 fnt\n|faint|p1a: Donphan\n|\n|upkeep\n|\n|switch|p1a: Bibarel|Bibarel, L89, M|285\/285\n|turn|17\n|-message|NAFLD forfeited.\n|\n|win|yeeeetus maximus\n|l|\u2606NAFLD\n|raw|yeeeetus maximus's rating: 1388 &rarr; <strong>1406<\/strong><br \/>(+18 for winning)\n|raw|NAFLD's rating: 1356 &rarr; <strong>1338<\/strong><br \/>(-18 for losing)\n","inputlog":">version 338ae14d33cb102636528f1ee6d5fd1ae9ad86d4\n>start {\"formatid\":\"gen7randombattle\",\"seed\":[16403,61587,18221,14566],\"rated\":\"Rated battle\"}\n>player p1 {\"name\":\"yeeeetus maximus\",\"avatar\":\"lucian\",\"team\":\"\",\"rating\":1403,\"seed\":[30822,19647,30145,31761]}\n>player p2 {\"name\":\"NAFLD\",\"avatar\":\"101\",\"team\":\"\",\"rating\":1356,\"seed\":[9121,58743,18552,58046]}\n>p1 move photongeyser\n>p2 move highjumpkick\n>p2 switch 2\n>p1 switch 3\n>p2 move shadowball\n>p1 move knockoff\n>p2 move taunt\n>p1 switch 4\n>p2 move shadowball\n>p1 move sludgebomb\n>p2 move destinybond\n>p1 move sludgebomb\n>p2 move shadowball\n>p2 switch 4\n>p1 move fireblast\n>p2 move iciclecrash\n>p2 switch 5\n>p1 move sludgebomb\n>p2 move uturn\n>p2 switch 3\n>p1 switch 5\n>p1 move flareblitz\n>p2 switch 6\n>p1 move superpower\n>p2 move recover\n>p2 switch 3\n>p1 switch 6\n>p2 move hydropump\n>p1 move gigadrain\n>p2 move uturn\n>p2 switch 6\n>p1 move gigadrain\n>p2 move shadowsneak\n>p1 switch 4\n>p1 move earthquake\n>p2 switch 6\n>p2 switch 6\n>p1 move earthquake\n>p2 move spectralthief\n>p1 move earthquake\n>p2 move spectralthief\n>p1 switch 2","uploadtime":1577927959,"views":47,"p1id":"yeeeetusmaximus","p2id":"nafld","formatid":"gen7randombattle","rating":1338,"private":0,"password":null}