{"id":"gen7randombattle-993041371","p1":"lord cube","p2":"Do2g","format":"gen7randombattle","log":"|j|\u2606lord cube\n|j|\u2606Do2g\n|player|p1|lord cube|169|1710\n|player|p2|Do2g|151|1675\n|teamsize|p1|6\n|teamsize|p2|6\n|gametype|singles\n|gen|7\n|tier|[Gen 7] Random Battle\n|rated|\n|rule|Sleep Clause Mod: Limit one foe put to sleep\n|rule|HP Percentage Mod: HP is shown in percentages\n|\n|start\n|switch|p1a: Delphox|Delphox, L86, F|269\/269\n|switch|p2a: Kyurem|Kyurem-Black, L80|331\/331\n|-ability|p2a: Kyurem|Teravolt\n|turn|1\n|inactive|Battle timer is ON: inactive players will automatically lose when time's up. (requested by Do2g)\n|\n|switch|p1a: Scizor|Scizor, L80, F|243\/243\n|switch|p2a: Incineroar|Incineroar, L86, M|303\/303\n|-ability|p2a: Incineroar|Intimidate|boost\n|-unboost|p1a: Scizor|atk|1\n|\n|upkeep\n|turn|2\n|\n|switch|p1a: Donphan|Donphan, L84, M|288\/288\n|move|p2a: Incineroar|Knock Off|p1a: Donphan\n|-damage|p1a: Donphan|182\/288\n|-enditem|p1a: Donphan|Assault Vest|[from] move: Knock Off|[of] p2a: Incineroar\n|\n|upkeep\n|turn|3\n|\n|switch|p2a: Stakataka|Stakataka, L83|237\/237\n|-item|p2a: Stakataka|Air Balloon\n|move|p1a: Donphan|Earthquake|p2a: Stakataka\n|-immune|p2a: Stakataka\n|\n|upkeep\n|turn|4\n|\n|move|p1a: Donphan|Ice Shard|p2a: Stakataka\n|-resisted|p2a: Stakataka\n|-damage|p2a: Stakataka|229\/237\n|-enditem|p2a: Stakataka|Air Balloon\n|move|p2a: Stakataka|Stealth Rock|p1a: Donphan\n|-sidestart|p1: lord cube|move: Stealth Rock\n|\n|upkeep\n|turn|5\n|\n|switch|p2a: Incineroar|Incineroar, L86, M|303\/303\n|-ability|p2a: Incineroar|Intimidate|boost\n|-unboost|p1a: Donphan|atk|1\n|move|p1a: Donphan|Earthquake|p2a: Incineroar\n|-supereffective|p2a: Incineroar\n|-damage|p2a: Incineroar|139\/303\n|\n|upkeep\n|turn|6\n|inactive|lord cube has 120 seconds left.\n|\n|switch|p1a: Delphox|Delphox, L86, F|269\/269\n|-damage|p1a: Delphox|202\/269|[from] Stealth Rock\n|move|p2a: Incineroar|Flare Blitz|p1a: Delphox\n|-resisted|p1a: Delphox\n|-damage|p1a: Delphox|112\/269\n|-damage|p2a: Incineroar|109\/303|[from] Recoil\n|\n|upkeep\n|turn|7\n|\n|move|p1a: Delphox|Fire Blast|p2a: Incineroar\n|-resisted|p2a: Incineroar\n|-crit|p2a: Incineroar\n|-damage|p2a: Incineroar|37\/303\n|move|p2a: Incineroar|Knock Off|p1a: Delphox\n|-supereffective|p1a: Delphox\n|-damage|p1a: Delphox|0 fnt\n|-enditem|p1a: Delphox|Choice Scarf|[from] move: Knock Off|[of] p2a: Incineroar\n|faint|p1a: Delphox\n|\n|upkeep\n|\n|switch|p1a: Sharpedo|Sharpedo, L83, F|252\/252\n|-damage|p1a: Sharpedo|221\/252|[from] Stealth Rock\n|turn|8\n|inactive|lord cube has 120 seconds left.\n|\n|switch|p2a: Sylveon|Sylveon, L82, M|290\/290\n|move|p1a: Sharpedo|Waterfall|p2a: Sylveon\n|-damage|p2a: Sylveon|122\/290\n|-damage|p1a: Sharpedo|196\/252|[from] item: Life Orb\n|\n|-heal|p2a: Sylveon|140\/290|[from] item: Leftovers\n|-ability|p1a: Sharpedo|Speed Boost|boost\n|-boost|p1a: Sharpedo|spe|1\n|upkeep\n|turn|9\n|\n|move|p2a: Sylveon|Protect|p2a: Sylveon\n|-singleturn|p2a: Sylveon|Protect\n|move|p1a: Sharpedo|Waterfall|p2a: Sylveon\n|-activate|p2a: Sylveon|move: Protect\n|\n|-heal|p2a: Sylveon|158\/290|[from] item: Leftovers\n|-ability|p1a: Sharpedo|Speed Boost|boost\n|-boost|p1a: Sharpedo|spe|1\n|upkeep\n|turn|10\n|\n|move|p2a: Sylveon|Protect||[still]\n|-fail|p2a: Sylveon\n|move|p1a: Sharpedo|Waterfall|p2a: Sylveon\n|-damage|p2a: Sylveon|0 fnt\n|-damage|p1a: Sharpedo|171\/252|[from] item: Life Orb\n|faint|p2a: Sylveon\n|\n|-ability|p1a: Sharpedo|Speed Boost|boost\n|-boost|p1a: Sharpedo|spe|1\n|upkeep\n|\n|switch|p2a: Kyurem|Kyurem-Black, L80|331\/331\n|-ability|p2a: Kyurem|Teravolt\n|turn|11\n|\n|switch|p1a: Scizor|Scizor, L80, F|243\/243\n|-damage|p1a: Scizor|213\/243|[from] Stealth Rock\n|move|p2a: Kyurem|Ice Beam|p1a: Scizor\n|-resisted|p1a: Scizor\n|-damage|p1a: Scizor|150\/243\n|\n|upkeep\n|turn|12\n|\n|switch|p2a: Incineroar|Incineroar, L86, M|37\/303\n|-ability|p2a: Incineroar|Intimidate|boost\n|-unboost|p1a: Scizor|atk|1\n|detailschange|p1a: Scizor|Scizor-Mega, L80, F\n|-mega|p1a: Scizor|Scizor|Scizorite\n|move|p1a: Scizor|Bullet Punch|p2a: Incineroar\n|-resisted|p2a: Incineroar\n|-damage|p2a: Incineroar|9\/303\n|\n|upkeep\n|turn|13\n|\n|move|p1a: Scizor|Bullet Punch|p2a: Incineroar\n|-resisted|p2a: Incineroar\n|-damage|p2a: Incineroar|0 fnt\n|faint|p2a: Incineroar\n|\n|upkeep\n|\n|switch|p2a: Diggersby|Diggersby, L81, M|270\/270\n|turn|14\n|\n|switch|p1a: Swalot|Swalot, L89, M|323\/323\n|-damage|p1a: Swalot|283\/323|[from] Stealth Rock\n|move|p2a: Diggersby|Agility|p2a: Diggersby\n|-boost|p2a: Diggersby|spe|2\n|\n|upkeep\n|turn|15\n|\n|move|p2a: Diggersby|Earthquake|p1a: Swalot\n|-supereffective|p1a: Swalot\n|-damage|p1a: Swalot|13\/323\n|move|p1a: Swalot|Ice Beam|p2a: Diggersby\n|-supereffective|p2a: Diggersby\n|-damage|p2a: Diggersby|106\/270\n|-damage|p1a: Swalot|0 fnt|[from] item: Life Orb\n|faint|p1a: Swalot\n|\n|-heal|p2a: Diggersby|122\/270|[from] item: Leftovers\n|upkeep\n|\n|switch|p1a: Sharpedo|Sharpedo, L83, F|171\/252\n|-damage|p1a: Sharpedo|140\/252|[from] Stealth Rock\n|turn|16\n|\n|move|p1a: Sharpedo|Protect|p1a: Sharpedo\n|-singleturn|p1a: Sharpedo|Protect\n|move|p2a: Diggersby|Earthquake|p1a: Sharpedo\n|-activate|p1a: Sharpedo|move: Protect\n|\n|-heal|p2a: Diggersby|138\/270|[from] item: Leftovers\n|-ability|p1a: Sharpedo|Speed Boost|boost\n|-boost|p1a: Sharpedo|spe|1\n|upkeep\n|turn|17\n|\n|move|p1a: Sharpedo|Protect||[still]\n|-fail|p1a: Sharpedo\n|move|p2a: Diggersby|Earthquake|p1a: Sharpedo\n|-damage|p1a: Sharpedo|0 fnt\n|faint|p1a: Sharpedo\n|\n|-heal|p2a: Diggersby|154\/270|[from] item: Leftovers\n|upkeep\n|\n|switch|p1a: Scizor|Scizor-Mega, L80, F|150\/243\n|-damage|p1a: Scizor|120\/243|[from] Stealth Rock\n|turn|18\n|\n|move|p2a: Diggersby|Earthquake|p1a: Scizor\n|-damage|p1a: Scizor|17\/243\n|move|p1a: Scizor|Roost|p1a: Scizor\n|-heal|p1a: Scizor|139\/243\n|-singleturn|p1a: Scizor|move: Roost\n|\n|-heal|p2a: Diggersby|170\/270|[from] item: Leftovers\n|upkeep\n|turn|19\n|\n|move|p1a: Scizor|Bullet Punch|p2a: Diggersby\n|-damage|p2a: Diggersby|70\/270\n|move|p2a: Diggersby|Swords Dance|p2a: Diggersby\n|-boost|p2a: Diggersby|atk|2\n|\n|-heal|p2a: Diggersby|86\/270|[from] item: Leftovers\n|upkeep\n|turn|20\n|\n|move|p1a: Scizor|Bullet Punch|p2a: Diggersby\n|-damage|p2a: Diggersby|0 fnt\n|faint|p2a: Diggersby\n|\n|upkeep\n|\n|switch|p2a: Camerupt|Camerupt, L85, F|258\/258\n|turn|21\n|\n|detailschange|p2a: Camerupt|Camerupt-Mega, L85, F\n|-mega|p2a: Camerupt|Camerupt|Cameruptite\n|move|p1a: Scizor|U-turn|p2a: Camerupt\n|-resisted|p2a: Camerupt\n|-damage|p2a: Camerupt|217\/258\n|inactive|lord cube has 120 seconds left.\n|\n|switch|p1a: Donphan|Donphan, L84, M|182\/288\n|-damage|p1a: Donphan|164\/288|[from] Stealth Rock\n|move|p2a: Camerupt|Will-O-Wisp|p1a: Donphan\n|-status|p1a: Donphan|brn\n|\n|-damage|p1a: Donphan|146\/288 brn|[from] brn\n|upkeep\n|turn|22\n|\n|move|p1a: Donphan|Earthquake|p2a: Camerupt\n|-supereffective|p2a: Camerupt\n|-damage|p2a: Camerupt|114\/258\n|move|p2a: Camerupt|Fire Blast|p1a: Donphan\n|-damage|p1a: Donphan|0 fnt\n|faint|p1a: Donphan\n|\n|upkeep\n|\n|switch|p1a: Ludicolo|Ludicolo, L88, F|284\/284\n|-damage|p1a: Ludicolo|249\/284|[from] Stealth Rock\n|turn|23\n|\n|switch|p2a: Kyurem|Kyurem-Black, L80|331\/331\n|-ability|p2a: Kyurem|Teravolt\n|move|p1a: Ludicolo|Rain Dance|p1a: Ludicolo\n|-weather|RainDance\n|\n|-weather|RainDance|[upkeep]\n|upkeep\n|turn|24\n|\n|move|p1a: Ludicolo|Focus Blast|p2a: Kyurem\n|-supereffective|p2a: Kyurem\n|-damage|p2a: Kyurem|84\/331\n|-damage|p1a: Ludicolo|221\/284|[from] item: Life Orb\n|move|p2a: Kyurem|Ice Beam|p1a: Ludicolo\n|-damage|p1a: Ludicolo|128\/284\n|\n|-weather|RainDance|[upkeep]\n|-heal|p2a: Kyurem|104\/331|[from] item: Leftovers\n|upkeep\n|turn|25\n|\n|move|p1a: Ludicolo|Focus Blast|p2a: Kyurem\n|-supereffective|p2a: Kyurem\n|-damage|p2a: Kyurem|0 fnt\n|-damage|p1a: Ludicolo|100\/284|[from] item: Life Orb\n|faint|p2a: Kyurem\n|\n|-weather|RainDance|[upkeep]\n|upkeep\n|c|\u2606Do2g|Niice\n|c|\u2606Do2g|nice accuracy\n|\n|switch|p2a: Stakataka|Stakataka, L83|229\/237\n|turn|26\n|\n|move|p1a: Ludicolo|Giga Drain|p2a: Stakataka\n|-damage|p2a: Stakataka|134\/237\n|-heal|p1a: Ludicolo|148\/284|[from] drain|[of] p2a: Stakataka\n|-damage|p1a: Ludicolo|120\/284|[from] item: Life Orb\n|move|p2a: Stakataka|Gyro Ball|p1a: Ludicolo\n|-resisted|p1a: Ludicolo\n|-damage|p1a: Ludicolo|12\/284\n|\n|-weather|RainDance|[upkeep]\n|upkeep\n|turn|27\n|\n|move|p1a: Ludicolo|Hydro Pump|p2a: Stakataka\n|-supereffective|p2a: Stakataka\n|-damage|p2a: Stakataka|0 fnt\n|-damage|p1a: Ludicolo|0 fnt|[from] item: Life Orb\n|faint|p2a: Stakataka\n|faint|p1a: Ludicolo\n|\n|-weather|none\n|upkeep\n|\n|switch|p1a: Scizor|Scizor-Mega, L80, F|139\/243\n|switch|p2a: Camerupt|Camerupt-Mega, L85, F|114\/258\n|-damage|p1a: Scizor|109\/243|[from] Stealth Rock\n|turn|28\n|c|\u2606Do2g|But\n|c|\u2606Do2g|i bet i miss my attack\n|\n|move|p1a: Scizor|Bullet Punch|p2a: Camerupt\n|-resisted|p2a: Camerupt\n|-damage|p2a: Camerupt|80\/258\n|move|p2a: Camerupt|Fire Blast|p1a: Scizor\n|-supereffective|p1a: Scizor\n|-damage|p1a: Scizor|0 fnt\n|faint|p1a: Scizor\n|\n|win|Do2g\n|l|\u2606lord cube\n|c|\u2606Do2g|ggkid\n","inputlog":">version 92c0011b93ebc5f0b043ed16a49c756da6f9fd97\n>start {\"formatid\":\"gen7randombattle\",\"seed\":[56685,31418,55757,18606],\"rated\":\"Rated battle\"}\n>player p1 {\"name\":\"lord cube\",\"avatar\":\"169\",\"team\":\"\",\"rating\":1710,\"seed\":[53082,58571,61741,39488]}\n>player p2 {\"name\":\"Do2g\",\"avatar\":\"151\",\"team\":\"\",\"rating\":1675,\"seed\":[50540,5593,49942,52886]}\n>p1 switch 6\n>p2 switch 2\n>p1 switch 3\n>p2 move knockoff\n>p1 move earthquake\n>p2 switch 5\n>p1 move iceshard\n>p2 move stealthrock\n>p1 move earthquake\n>p2 switch 5\n>p1 switch 6\n>p2 move flareblitz\n>p1 move fireblast\n>p2 move knockoff\n>p1 switch 2\n>p1 move waterfall\n>p2 switch 4\n>p1 move waterfall\n>p2 move protect\n>p1 move waterfall\n>p2 move protect\n>p2 switch 2\n>p1 switch 3\n>p2 move icebeam\n>p1 move bulletpunch mega\n>p2 switch 4\n>p1 move bulletpunch\n>p2 move flareblitz\n>p2 switch 3\n>p1 switch 5\n>p2 move agility\n>p1 move icebeam\n>p2 move earthquake\n>p1 switch 3\n>p1 move protect\n>p2 move earthquake\n>p1 move protect\n>p2 move earthquake\n>p1 switch 5\n>p1 move roost\n>p2 move earthquake\n>p1 move bulletpunch\n>p2 move swordsdance\n>p1 move bulletpunch\n>p2 move earthquake\n>p2 switch 6\n>p1 move uturn\n>p2 move willowisp mega\n>p1 switch 6\n>p1 move earthquake\n>p2 move fireblast\n>p1 switch 4\n>p1 move raindance\n>p2 switch 4\n>p1 move focusblast\n>p2 move icebeam\n>p1 move focusblast\n>p2 move icebeam\n>p2 switch 5\n>p1 move gigadrain\n>p2 move gyroball\n>p1 move hydropump\n>p2 move gyroball\n>p1 switch 6\n>p2 switch 4\n>p1 move bulletpunch\n>p2 move fireblast","uploadtime":1571165978,"views":8,"p1id":"lordcube","p2id":"do2g","formatid":"gen7randombattle","rating":0,"private":0,"password":null}