{"id":"gen7randombattle-974862195","p1":"RaulGB44","p2":"comp233","format":"gen7randombattle","log":"|j|\u2606RaulGB44\n|j|\u2606comp233\n|player|p1|RaulGB44|102|1969\n|player|p2|comp233|115|2016\n|teamsize|p1|6\n|teamsize|p2|6\n|gametype|singles\n|gen|7\n|tier|[Gen 7] Random Battle\n|rated|\n|rule|Sleep Clause Mod: Limit one foe put to sleep\n|rule|HP Percentage Mod: HP is shown in percentages\n|\n|start\n|switch|p1a: Hitmonchan|Hitmonchan, L88, M|231\/231\n|switch|p2a: Kangaskhan|Kangaskhan, L78, F|292\/292\n|turn|1\n|inactive|Battle timer is ON: inactive players will automatically lose when time's up. (requested by RaulGB44)\n|\n|switch|p2a: Araquanid|Araquanid, L84, M|251\/251\n|move|p1a: Hitmonchan|Bulk Up|p1a: Hitmonchan\n|-boost|p1a: Hitmonchan|atk|1\n|-boost|p1a: Hitmonchan|def|1\n|\n|upkeep\n|turn|2\n|inactive|RaulGB44 has 120 seconds left.\n|\n|switch|p1a: Togedemaru|Togedemaru, L86, F|252\/252\n|-item|p1a: Togedemaru|Air Balloon\n|move|p2a: Araquanid|Sticky Web|p1a: Togedemaru\n|-sidestart|p1: RaulGB44|move: Sticky Web\n|\n|upkeep\n|turn|3\n|inactive|RaulGB44 has 120 seconds left.\n|\n|switch|p2a: Reuniclus|Reuniclus, L83, M|318\/318\n|move|p1a: Togedemaru|Zing Zap|p2a: Reuniclus\n|-damage|p2a: Reuniclus|209\/318\n|\n|upkeep\n|turn|4\n|\n|move|p1a: Togedemaru|Iron Head|p2a: Reuniclus\n|-damage|p2a: Reuniclus|106\/318\n|move|p2a: Reuniclus|Shadow Ball|p1a: Togedemaru\n|-damage|p1a: Togedemaru|151\/252\n|-enditem|p1a: Togedemaru|Air Balloon\n|\n|upkeep\n|turn|5\n|\n|move|p1a: Togedemaru|Zing Zap|p2a: Reuniclus\n|-damage|p2a: Reuniclus|4\/318\n|cant|p2a: Reuniclus|flinch\n|\n|upkeep\n|turn|6\n|\n|move|p1a: Togedemaru|Iron Head|p2a: Reuniclus\n|-damage|p2a: Reuniclus|0 fnt\n|faint|p2a: Reuniclus\n|\n|upkeep\n|l|\u2606comp233\n|inactive|comp233 disconnected and has a minute to reconnect!\n|player|p2|\n|j|\u2606comp233\n|inactive|comp233 reconnected and has 110 seconds left.\n|player|p2|comp233|115\n|inactive|comp233 has 90 seconds left.\n|\n|switch|p2a: Kangaskhan|Kangaskhan, L78, F|292\/292\n|turn|7\n|inactive|RaulGB44 has 120 seconds left.\n|\n|switch|p1a: Hitmonchan|Hitmonchan, L88, M|231\/231\n|-activate|p1a: Hitmonchan|move: Sticky Web\n|-unboost|p1a: Hitmonchan|spe|1\n|detailschange|p2a: Kangaskhan|Kangaskhan-Mega, L78, F\n|-mega|p2a: Kangaskhan|Kangaskhan|Kangaskhanite\n|move|p2a: Kangaskhan|Power-Up Punch|p1a: Hitmonchan\n|-damage|p1a: Hitmonchan|198\/231\n|-boost|p2a: Kangaskhan|atk|1\n|-damage|p1a: Hitmonchan|186\/231\n|-boost|p2a: Kangaskhan|atk|1\n|-hitcount|p1a: Hitmonchan|2\n|\n|upkeep\n|turn|8\n|\n|move|p2a: Kangaskhan|Return|p1a: Hitmonchan\n|-damage|p1a: Hitmonchan|0 fnt\n|-hitcount|p1a: Hitmonchan|1\n|faint|p1a: Hitmonchan\n|\n|upkeep\n|\n|switch|p1a: Metagross|Metagross, L78|253\/253\n|-activate|p1a: Metagross|move: Sticky Web\n|-fail|p1a: Metagross|unboost|[from] ability: Clear Body|[of] p1a: Metagross\n|turn|9\n|\n|detailschange|p1a: Metagross|Metagross-Mega, L78\n|-mega|p1a: Metagross|Metagross|Metagrossite\n|move|p1a: Metagross|Meteor Mash|p2a: Kangaskhan\n|-damage|p2a: Kangaskhan|144\/292\n|-boost|p1a: Metagross|atk|1\n|move|p2a: Kangaskhan|Earthquake|p1a: Metagross\n|-supereffective|p1a: Metagross\n|-damage|p1a: Metagross|29\/253\n|-supereffective|p1a: Metagross\n|-damage|p1a: Metagross|0 fnt\n|-hitcount|p1a: Metagross|2\n|faint|p1a: Metagross\n|\n|upkeep\n|inactive|RaulGB44 has 120 seconds left.\n|\n|switch|p1a: Breloom|Breloom, L81, M|230\/230\n|-activate|p1a: Breloom|move: Sticky Web\n|-unboost|p1a: Breloom|spe|1\n|turn|10\n|inactive|RaulGB44 has 120 seconds left.\n|\n|switch|p2a: Volbeat|Volbeat, L89, M|259\/259\n|move|p1a: Breloom|Mach Punch|p2a: Volbeat\n|-resisted|p2a: Volbeat\n|-damage|p2a: Volbeat|220\/259\n|\n|-heal|p2a: Volbeat|236\/259|[from] item: Leftovers\n|upkeep\n|turn|11\n|\n|switch|p1a: Togedemaru|Togedemaru, L86, F|151\/252\n|-activate|p1a: Togedemaru|move: Sticky Web\n|-unboost|p1a: Togedemaru|spe|1\n|move|p2a: Volbeat|U-turn|p1a: Togedemaru\n|-resisted|p1a: Togedemaru\n|-damage|p1a: Togedemaru|107\/252\n|\n|switch|p2a: Kommo-o|Kommo-o, L80, M|251\/251\n|\n|upkeep\n|turn|12\n|\n|switch|p1a: Xerneas|Xerneas, L78|325\/325\n|-activate|p1a: Xerneas|move: Sticky Web\n|-unboost|p1a: Xerneas|spe|1\n|-ability|p1a: Xerneas|Fairy Aura\n|move|p2a: Kommo-o|Close Combat|p1a: Xerneas\n|-resisted|p1a: Xerneas\n|-crit|p1a: Xerneas\n|-damage|p1a: Xerneas|220\/325\n|-unboost|p2a: Kommo-o|def|1\n|-unboost|p2a: Kommo-o|spd|1\n|\n|upkeep\n|turn|13\n|inactive|comp233 has 90 seconds left.\n|\n|switch|p2a: Volbeat|Volbeat, L89, M|236\/259\n|move|p1a: Xerneas|Moonblast|p2a: Volbeat\n|-damage|p2a: Volbeat|104\/259\n|\n|-heal|p2a: Volbeat|120\/259|[from] item: Leftovers\n|upkeep\n|turn|14\n|\n|switch|p1a: Togedemaru|Togedemaru, L86, F|107\/252\n|-activate|p1a: Togedemaru|move: Sticky Web\n|-unboost|p1a: Togedemaru|spe|1\n|move|p2a: Volbeat|U-turn|p1a: Togedemaru\n|-resisted|p1a: Togedemaru\n|-damage|p1a: Togedemaru|68\/252\n|\n|switch|p2a: Kommo-o|Kommo-o, L80, M|251\/251\n|\n|upkeep\n|turn|15\n|\n|move|p2a: Kommo-o|Dragon Dance|p2a: Kommo-o\n|-boost|p2a: Kommo-o|atk|1\n|-boost|p2a: Kommo-o|spe|1\n|move|p1a: Togedemaru|Wish|p1a: Togedemaru\n|\n|upkeep\n|turn|16\n|\n|switch|p1a: Xerneas|Xerneas, L78|220\/325\n|-activate|p1a: Xerneas|move: Sticky Web\n|-unboost|p1a: Xerneas|spe|1\n|-ability|p1a: Xerneas|Fairy Aura\n|move|p2a: Kommo-o|Dragon Dance|p2a: Kommo-o\n|-boost|p2a: Kommo-o|atk|1\n|-boost|p2a: Kommo-o|spe|1\n|\n|-heal|p1a: Xerneas|325\/325|[from] move: Wish|[wisher] Togedemaru\n|upkeep\n|turn|17\n|\n|move|p2a: Kommo-o|Poison Jab|p1a: Xerneas\n|-supereffective|p1a: Xerneas\n|-damage|p1a: Xerneas|71\/325\n|move|p1a: Xerneas|Moonblast|p2a: Kommo-o\n|-supereffective|p2a: Kommo-o\n|-damage|p2a: Kommo-o|0 fnt\n|faint|p2a: Kommo-o\n|\n|upkeep\n|inactive|comp233 has 60 seconds left.\n|\n|switch|p2a: Kangaskhan|Kangaskhan-Mega, L78, F|144\/292\n|turn|18\n|\n|move|p2a: Kangaskhan|Return|p1a: Xerneas\n|-damage|p1a: Xerneas|0 fnt\n|-hitcount|p1a: Xerneas|1\n|faint|p1a: Xerneas\n|\n|upkeep\n|\n|switch|p1a: Breloom|Breloom, L81, M|230\/230\n|-activate|p1a: Breloom|move: Sticky Web\n|-unboost|p1a: Breloom|spe|1\n|turn|19\n|\n|switch|p2a: Volbeat|Volbeat, L89, M|120\/259\n|move|p1a: Breloom|Spore|p2a: Volbeat\n|-status|p2a: Volbeat|slp|[from] move: Spore\n|\n|-heal|p2a: Volbeat|136\/259 slp|[from] item: Leftovers\n|upkeep\n|turn|20\n|\n|switch|p2a: Araquanid|Araquanid, L84, M|251\/251\n|move|p1a: Breloom|Swords Dance|p1a: Breloom\n|-boost|p1a: Breloom|atk|2\n|\n|upkeep\n|turn|21\n|\n|move|p2a: Araquanid|Leech Life|p1a: Breloom\n|-crit|p1a: Breloom\n|-damage|p1a: Breloom|118\/230\n|move|p1a: Breloom|Bullet Seed|p2a: Araquanid\n|-damage|p2a: Araquanid|160\/251\n|-damage|p2a: Araquanid|70\/251\n|-damage|p2a: Araquanid|0 fnt\n|-hitcount|p2a: Araquanid|3\n|faint|p2a: Araquanid\n|\n|-heal|p1a: Breloom|132\/230|[from] item: Leftovers\n|upkeep\n|\n|switch|p2a: Volbeat|Volbeat, L89, M|136\/259 slp\n|turn|22\n|\n|cant|p2a: Volbeat|slp\n|move|p1a: Breloom|Bullet Seed|p2a: Volbeat\n|-resisted|p2a: Volbeat\n|-damage|p2a: Volbeat|89\/259 slp\n|-resisted|p2a: Volbeat\n|-damage|p2a: Volbeat|44\/259 slp\n|-resisted|p2a: Volbeat\n|-damage|p2a: Volbeat|0 fnt\n|-hitcount|p2a: Volbeat|3\n|faint|p2a: Volbeat\n|\n|-heal|p1a: Breloom|146\/230|[from] item: Leftovers\n|upkeep\n|\n|switch|p2a: Vanilluxe|Vanilluxe, L85, M|259\/259\n|-weather|Hail|[from] ability: Snow Warning|[of] p2a: Vanilluxe\n|turn|23\n|\n|move|p1a: Breloom|Mach Punch|p2a: Vanilluxe\n|-supereffective|p2a: Vanilluxe\n|-damage|p2a: Vanilluxe|0 fnt\n|faint|p2a: Vanilluxe\n|\n|-weather|Hail|[upkeep]\n|-damage|p1a: Breloom|132\/230|[from] Hail\n|-heal|p1a: Breloom|146\/230|[from] item: Leftovers\n|upkeep\n|-message|comp233 forfeited.\n|\n|win|RaulGB44\n|l|\u2606comp233\n|raw|RaulGB44's rating: 1970 &rarr; <strong>1993<\/strong><br \/>(+23 for winning)\n|raw|comp233's rating: 1998 &rarr; <strong>1976<\/strong><br \/>(-22 for losing)\n","inputlog":">version f2783c642d6caa2f738a8ded6fa4787f5178fd34\n>start {\"formatid\":\"gen7randombattle\",\"seed\":[25143,25994,9660,22612],\"rated\":\"Rated battle\"}\n>player p1 {\"name\":\"RaulGB44\",\"avatar\":\"102\",\"team\":\"\",\"rating\":1969,\"seed\":[9441,45636,22492,61607]}\n>player p2 {\"name\":\"comp233\",\"avatar\":\"115\",\"team\":\"\",\"rating\":2016,\"seed\":[46205,12328,13516,58688]}\n>p1 move bulkup\n>p2 switch 2\n>p1 switch 6\n>p2 move stickyweb\n>p1 move zingzap\n>p2 switch 6\n>p1 move ironhead\n>p2 move shadowball\n>p1 move zingzap\n>p2 move focusblast\n>p1 move ironhead\n>p2 move focusblast\n>p2 switch 2\n>p1 switch 6\n>p2 move poweruppunch mega\n>p1 move drainpunch\n>p2 move return\n>p1 switch 5\n>p1 move meteormash mega\n>p2 move earthquake\n>p1 switch 2\n>p1 move machpunch\n>p2 switch 5\n>p1 switch 6\n>p2 move uturn\n>p2 switch 4\n>p1 switch 4\n>p2 move closecombat\n>p1 move moonblast\n>p2 switch 4\n>p1 switch 4\n>p2 move uturn\n>p2 switch 4\n>p1 move wish\n>p2 move dragondance\n>p1 switch 4\n>p2 move dragondance\n>p1 move moonblast\n>p2 move poisonjab\n>p2 switch 5\n>p1 move moonblast\n>p2 move return\n>p1 switch 6\n>p1 move spore\n>p2 switch 4\n>p1 move swordsdance\n>p2 switch 6\n>p1 move bulletseed\n>p2 move leechlife\n>p2 switch 6\n>p1 move bulletseed\n>p2 move thunderwave\n>p2 switch 3\n>p1 move machpunch\n>p2 move blizzard","uploadtime":1568301148,"views":4,"p1id":"raulgb44","p2id":"comp233","formatid":"gen7randombattle","rating":1976,"private":0,"password":null}