{"id":"gen7randombattle-767497677","p1":"joaovictorsantana","p2":"wolfwarrior","format":"gen7randombattle","log":"|j|\u2606joaovictorsantana\n|j|\u2606wolfwarrior\n|player|p1|joaovictorsantana|265\n|player|p2|wolfwarrior|162\n|teamsize|p1|6\n|teamsize|p2|6\n|gametype|singles\n|gen|7\n|tier|[Gen 7] Random Battle\n|rated|\n|seed|16651,15825,11449,5566\n|rule|Sleep Clause Mod: Limit one foe put to sleep\n|rule|HP Percentage Mod: HP is shown in percentages\n|\n|start\n|switch|p1a: Klinklang|Klinklang, L81|230\/230\n|switch|p2a: Venusaur|Venusaur, L75, M|244\/244\n|turn|1\n|\n|move|p1a: Klinklang|Shift Gear|p1a: Klinklang\n|-boost|p1a: Klinklang|spe|2\n|-boost|p1a: Klinklang|atk|1\n|move|p2a: Venusaur|Leech Seed|p1a: Klinklang|[miss]\n|-miss|p2a: Venusaur|p1a: Klinklang\n|\n|upkeep\n|turn|2\n|inactive|Battle timer is ON: inactive players will automatically lose when time's up. (requested by wolfwarrior)\n|\n|detailschange|p2a: Venusaur|Venusaur-Mega, L75, M\n|-mega|p2a: Venusaur|Venusaur|Venusaurite\n|move|p1a: Klinklang|Substitute|p1a: Klinklang\n|-start|p1a: Klinklang|Substitute\n|-damage|p1a: Klinklang|173\/230\n|move|p2a: Venusaur|Hidden Power|p1a: Klinklang\n|-supereffective|p1a: Klinklang\n|-end|p1a: Klinklang|Substitute\n|\n|-heal|p1a: Klinklang|187\/230|[from] item: Leftovers\n|upkeep\n|turn|3\n|\n|move|p1a: Klinklang|Shift Gear|p1a: Klinklang\n|-boost|p1a: Klinklang|spe|2\n|-boost|p1a: Klinklang|atk|1\n|move|p2a: Venusaur|Leech Seed|p1a: Klinklang\n|-start|p1a: Klinklang|move: Leech Seed\n|\n|-heal|p1a: Klinklang|201\/230|[from] item: Leftovers\n|-damage|p1a: Klinklang|173\/230|[from] Leech Seed|[of] p2a: Venusaur\n|upkeep\n|turn|4\n|\n|move|p1a: Klinklang|Gear Grind|p2a: Venusaur\n|-damage|p2a: Venusaur|154\/244\n|-damage|p2a: Venusaur|67\/244\n|-hitcount|p2a: Venusaur|2\n|move|p2a: Venusaur|Hidden Power|p1a: Klinklang\n|-supereffective|p1a: Klinklang\n|-damage|p1a: Klinklang|81\/230\n|\n|-heal|p1a: Klinklang|95\/230|[from] item: Leftovers\n|-damage|p1a: Klinklang|67\/230|[from] Leech Seed|[of] p2a: Venusaur\n|-heal|p2a: Venusaur|95\/244|[silent]\n|upkeep\n|turn|5\n|inactive|joaovictorsantana also wants the timer to be on.\n|inactive|wolfwarrior has 135 seconds left.\n|\n|move|p1a: Klinklang|Return|p2a: Venusaur\n|-damage|p2a: Venusaur|0 fnt\n|faint|p2a: Venusaur\n|\n|-heal|p1a: Klinklang|81\/230|[from] item: Leftovers\n|upkeep\n|inactive|wolfwarrior has 135 seconds left.\n|\n|switch|p2a: Volbeat|Volbeat, L83, M|243\/243\n|turn|6\n|\n|move|p2a: Volbeat|Encore|p1a: Klinklang\n|-start|p1a: Klinklang|Encore\n|move|p1a: Klinklang|Return|p2a: Volbeat\n|-damage|p2a: Volbeat|79\/243\n|\n|-heal|p1a: Klinklang|95\/230|[from] item: Leftovers\n|-heal|p2a: Volbeat|94\/243|[from] item: Leftovers\n|-damage|p1a: Klinklang|67\/230|[from] Leech Seed|[of] p2a: Volbeat\n|-heal|p2a: Volbeat|122\/243|[silent]\n|upkeep\n|turn|7\n|\n|switch|p2a: Lunala|Lunala, L73|320\/320\n|move|p1a: Klinklang|Return|p2a: Lunala\n|-immune|p2a: Lunala|[msg]\n|\n|-heal|p1a: Klinklang|81\/230|[from] item: Leftovers\n|-damage|p1a: Klinklang|53\/230|[from] Leech Seed|[of] p2a: Lunala\n|upkeep\n|turn|8\n|\n|switch|p1a: Talonflame|Talonflame, L78, F|249\/249\n|move|p2a: Lunala|Moongeist Beam|p1a: Talonflame\n|-damage|p1a: Talonflame|105\/249\n|\n|upkeep\n|turn|9\n|\n|-zpower|p1a: Talonflame\n|move|p1a: Talonflame|Supersonic Skystrike|p2a: Lunala|[zeffect]\n|-damage|p2a: Lunala|240\/320\n|move|p2a: Lunala|Moongeist Beam|p1a: Talonflame\n|-damage|p1a: Talonflame|0 fnt\n|faint|p1a: Talonflame\n|\n|-heal|p2a: Lunala|260\/320|[from] item: Leftovers\n|upkeep\n|\n|switch|p1a: Skuntank|Skuntank, L83, M|307\/307\n|turn|10\n|\n|-activate|p2a: Lunala|move: Pursuit\n|move|p1a: Skuntank|Pursuit|p2a: Lunala|[from]Pursuit\n|-supereffective|p2a: Lunala\n|-damage|p2a: Lunala|0 fnt\n|faint|p2a: Lunala\n|\n|upkeep\n|\n|switch|p2a: Swalot|Swalot, L83, M|302\/302\n|turn|11\n|\n|move|p1a: Skuntank|Crunch|p2a: Swalot\n|-damage|p2a: Swalot|211\/302\n|move|p2a: Swalot|Earthquake|p1a: Skuntank\n|-supereffective|p1a: Skuntank\n|-damage|p1a: Skuntank|138\/307\n|-damage|p2a: Swalot|181\/302|[from] item: Life Orb\n|\n|upkeep\n|turn|12\n|inactive|joaovictorsantana has 135 seconds left.\n|\n|move|p1a: Skuntank|Crunch|p2a: Swalot\n|-damage|p2a: Swalot|102\/302\n|move|p2a: Swalot|Earthquake|p1a: Skuntank\n|-supereffective|p1a: Skuntank\n|-damage|p1a: Skuntank|0 fnt\n|-damage|p2a: Swalot|72\/302|[from] item: Life Orb\n|faint|p1a: Skuntank\n|\n|upkeep\n|\n|switch|p1a: Klinklang|Klinklang, L81|53\/230\n|turn|13\n|\n|move|p1a: Klinklang|Gear Grind|p2a: Swalot\n|-damage|p2a: Swalot|15\/302\n|-damage|p2a: Swalot|0 fnt\n|-hitcount|p2a: Swalot|2\n|faint|p2a: Swalot\n|\n|-heal|p1a: Klinklang|67\/230|[from] item: Leftovers\n|upkeep\n|\n|switch|p2a: Terrakion|Terrakion, L77|267\/267\n|turn|14\n|inactive|joaovictorsantana has 135 seconds left.\n|\n|move|p2a: Terrakion|Earthquake|p1a: Klinklang\n|-supereffective|p1a: Klinklang\n|-damage|p1a: Klinklang|0 fnt\n|-damage|p2a: Terrakion|241\/267|[from] item: Life Orb\n|faint|p1a: Klinklang\n|\n|upkeep\n|\n|switch|p1a: Genesect|Genesect, L73|224\/224\n|-ability|p1a: Genesect|Download|boost\n|-boost|p1a: Genesect|spa|1\n|turn|15\n|\n|switch|p2a: Volbeat|Volbeat, L83, M|122\/243\n|move|p1a: Genesect|Iron Head|p2a: Volbeat\n|-damage|p2a: Volbeat|31\/243\n|\n|-heal|p2a: Volbeat|46\/243|[from] item: Leftovers\n|upkeep\n|turn|16\n|\n|move|p1a: Genesect|Extreme Speed|p2a: Volbeat\n|-damage|p2a: Volbeat|0 fnt\n|faint|p2a: Volbeat\n|\n|upkeep\n|inactive|wolfwarrior has 135 seconds left.\n|\n|switch|p2a: Terrakion|Terrakion, L77|241\/267\n|turn|17\n|\n|move|p2a: Terrakion|Stone Edge|p1a: Genesect\n|-damage|p1a: Genesect|71\/224\n|-damage|p2a: Terrakion|215\/267|[from] item: Life Orb\n|move|p1a: Genesect|Iron Head|p2a: Terrakion\n|-supereffective|p2a: Terrakion\n|-damage|p2a: Terrakion|33\/267\n|\n|upkeep\n|turn|18\n|\n|move|p1a: Genesect|Extreme Speed|p2a: Terrakion\n|-resisted|p2a: Terrakion\n|-damage|p2a: Terrakion|7\/267\n|move|p2a: Terrakion|Stone Edge|p1a: Genesect\n|-damage|p1a: Genesect|0 fnt\n|-damage|p2a: Terrakion|0 fnt|[from] item: Life Orb\n|faint|p1a: Genesect\n|faint|p2a: Terrakion\n|\n|upkeep\n|inactive|joaovictorsantana has 135 seconds left.\n|\n|switch|p2a: Kyurem|Kyurem-White, L73|303\/303\n|switch|p1a: Ninetales|Ninetales-Alola, L76, F|235\/235\n|-weather|Hail|[from] ability: Snow Warning|[of] p1a: Ninetales\n|-ability|p2a: Kyurem|Turboblaze\n|turn|19\n|\n|move|p1a: Ninetales|Moonblast|p2a: Kyurem\n|-supereffective|p2a: Kyurem\n|-damage|p2a: Kyurem|85\/303\n|-damage|p1a: Ninetales|212\/235|[from] item: Life Orb\n|move|p2a: Kyurem|Ice Beam|p1a: Ninetales\n|-resisted|p1a: Ninetales\n|-damage|p1a: Ninetales|149\/235\n|\n|-weather|Hail|[upkeep]\n|-heal|p2a: Kyurem|103\/303|[from] item: Leftovers\n|upkeep\n|turn|20\n|-message|wolfwarrior forfeited.\n|\n|win|joaovictorsantana\n","inputlog":null,"uploadtime":1529964625,"views":0,"p1id":"joaovictorsantana","p2id":"wolfwarrior","formatid":"gen7randombattle","rating":0,"private":0,"password":null}