{"id":"gen7randombattle-926093289","p1":"wolfwarrior","p2":"against candy","format":"gen7randombattle","log":"|j|\u2606wolfwarrior\n|j|\u2606against candy\n|player|p1|wolfwarrior|162\n|player|p2|against candy|163\n|teamsize|p1|6\n|teamsize|p2|6\n|gametype|singles\n|gen|7\n|tier|[Gen 7] Random Battle\n|rated|\n|rule|Sleep Clause Mod: Limit one foe put to sleep\n|rule|HP Percentage Mod: HP is shown in percentages\n|\n|start\n|switch|p1a: Latios|Latios, L81, M|100\/100\n|switch|p2a: Scizor|Scizor, L80, M|100\/100\n|turn|1\n|\n|detailschange|p1a: Latios|Latios-Mega, L81, M\n|-mega|p1a: Latios|Latios|Latiosite\n|detailschange|p2a: Scizor|Scizor-Mega, L80, M\n|-mega|p2a: Scizor|Scizor|Scizorite\n|move|p2a: Scizor|Bullet Punch|p1a: Latios\n|-damage|p1a: Latios|71\/100\n|move|p1a: Latios|Hidden Power|p2a: Scizor\n|-supereffective|p2a: Scizor\n|-damage|p2a: Scizor|13\/100\n|\n|upkeep\n|turn|2\n|\n|switch|p2a: Yveltal|Yveltal, L78|100\/100\n|-ability|p2a: Yveltal|Dark Aura\n|move|p1a: Latios|Hidden Power|p2a: Yveltal\n|-damage|p2a: Yveltal|88\/100\n|\n|upkeep\n|turn|3\n|\n|switch|p1a: Tentacruel|Tentacruel, L82, F|100\/100\n|move|p2a: Yveltal|Dark Pulse|p1a: Tentacruel\n|-crit|p1a: Tentacruel\n|-damage|p1a: Tentacruel|44\/100\n|\n|upkeep\n|turn|4\n|\n|move|p1a: Tentacruel|Toxic Spikes|p2a: Yveltal\n|-sidestart|p2: against candy|move: Toxic Spikes\n|move|p2a: Yveltal|Dark Pulse|p1a: Tentacruel\n|-damage|p1a: Tentacruel|3\/100\n|\n|upkeep\n|turn|5\n|\n|move|p1a: Tentacruel|Scald|p2a: Yveltal\n|-damage|p2a: Yveltal|68\/100\n|-damage|p1a: Tentacruel|0 fnt|[from] item: Life Orb\n|faint|p1a: Tentacruel\n|move|p2a: Yveltal|Oblivion Wing|p1: Tentacruel|[notarget]\n|-fail|p2a: Yveltal\n|\n|upkeep\n|\n|switch|p1a: Sandslash|Sandslash-Alola, L88, M|100\/100\n|turn|6\n|\n|move|p2a: Yveltal|Focus Blast|p1a: Sandslash\n|-supereffective|p1a: Sandslash\n|-damage|p1a: Sandslash|0 fnt\n|faint|p1a: Sandslash\n|\n|upkeep\n|\n|switch|p1a: Skarmory|Skarmory, L80, F|100\/100\n|turn|7\n|\n|switch|p2a: Lanturn|Lanturn, L88, M|100\/100\n|-status|p2a: Lanturn|psn\n|move|p1a: Skarmory|Stealth Rock|p2a: Lanturn\n|-sidestart|p2: against candy|move: Stealth Rock\n|\n|-damage|p2a: Lanturn|88\/100 psn|[from] psn\n|upkeep\n|turn|8\n|\n|switch|p1a: Latios|Latios-Mega, L81, M|71\/100\n|move|p2a: Lanturn|Scald|p1a: Latios\n|-resisted|p1a: Latios\n|-damage|p1a: Latios|60\/100\n|-status|p1a: Latios|brn\n|\n|-heal|p2a: Lanturn|94\/100 psn|[from] item: Leftovers\n|-damage|p1a: Latios|54\/100 brn|[from] brn\n|-damage|p2a: Lanturn|82\/100 psn|[from] psn\n|upkeep\n|turn|9\n|\n|move|p1a: Latios|Roost|p1a: Latios\n|-heal|p1a: Latios|100\/100 brn\n|-singleturn|p1a: Latios|move: Roost\n|move|p2a: Lanturn|Volt Switch|p1a: Latios\n|-resisted|p1a: Latios\n|-damage|p1a: Latios|89\/100 brn\n|\n|switch|p2a: Yveltal|Yveltal, L78|68\/100|[from]move: Volt Switch\n|-damage|p2a: Yveltal|43\/100|[from] Stealth Rock\n|-ability|p2a: Yveltal|Dark Aura\n|\n|-damage|p1a: Latios|83\/100 brn|[from] brn\n|upkeep\n|turn|10\n|\n|move|p1a: Latios|Draco Meteor|p2a: Yveltal\n|-damage|p2a: Yveltal|6\/100\n|-unboost|p1a: Latios|spa|2\n|move|p2a: Yveltal|Dark Pulse|p1a: Latios\n|-supereffective|p1a: Latios\n|-damage|p1a: Latios|9\/100 brn\n|\n|-damage|p1a: Latios|3\/100 brn|[from] brn\n|upkeep\n|turn|11\n|\n|switch|p1a: Skarmory|Skarmory, L80, F|100\/100\n|move|p2a: Yveltal|Sucker Punch||[still]\n|-fail|p2a: Yveltal\n|\n|upkeep\n|turn|12\n|\n|move|p2a: Yveltal|Oblivion Wing|p1a: Skarmory\n|-resisted|p1a: Skarmory\n|-damage|p1a: Skarmory|78\/100\n|-heal|p2a: Yveltal|18\/100|[from] drain|[of] p1a: Skarmory\n|move|p1a: Skarmory|Spikes|p2a: Yveltal\n|-sidestart|p2: against candy|Spikes\n|\n|-heal|p1a: Skarmory|83\/100|[from] item: Leftovers\n|upkeep\n|turn|13\n|\n|move|p2a: Yveltal|Oblivion Wing|p1a: Skarmory\n|-resisted|p1a: Skarmory\n|-damage|p1a: Skarmory|58\/100\n|-heal|p2a: Yveltal|32\/100|[from] drain|[of] p1a: Skarmory\n|move|p1a: Skarmory|Spikes|p2a: Yveltal\n|-sidestart|p2: against candy|Spikes\n|\n|-heal|p1a: Skarmory|64\/100|[from] item: Leftovers\n|upkeep\n|turn|14\n|\n|move|p2a: Yveltal|Oblivion Wing|p1a: Skarmory\n|-resisted|p1a: Skarmory\n|-damage|p1a: Skarmory|37\/100\n|-heal|p2a: Yveltal|47\/100|[from] drain|[of] p1a: Skarmory\n|move|p1a: Skarmory|Roost|p1a: Skarmory\n|-heal|p1a: Skarmory|87\/100\n|-singleturn|p1a: Skarmory|move: Roost\n|\n|-heal|p1a: Skarmory|93\/100|[from] item: Leftovers\n|upkeep\n|turn|15\n|\n|move|p2a: Yveltal|Oblivion Wing|p1a: Skarmory\n|-resisted|p1a: Skarmory\n|-damage|p1a: Skarmory|69\/100\n|-heal|p2a: Yveltal|60\/100|[from] drain|[of] p1a: Skarmory\n|move|p1a: Skarmory|Brave Bird|p2a: Yveltal\n|-damage|p2a: Yveltal|29\/100\n|-damage|p1a: Skarmory|54\/100|[from] Recoil\n|\n|-heal|p1a: Skarmory|60\/100|[from] item: Leftovers\n|upkeep\n|turn|16\n|\n|move|p2a: Yveltal|Oblivion Wing|p1a: Skarmory\n|-resisted|p1a: Skarmory\n|-damage|p1a: Skarmory|37\/100\n|-heal|p2a: Yveltal|41\/100|[from] drain|[of] p1a: Skarmory\n|move|p1a: Skarmory|Roost|p1a: Skarmory\n|-heal|p1a: Skarmory|87\/100\n|-singleturn|p1a: Skarmory|move: Roost\n|\n|-heal|p1a: Skarmory|93\/100|[from] item: Leftovers\n|upkeep\n|turn|17\n|\n|move|p2a: Yveltal|Oblivion Wing|p1a: Skarmory\n|-resisted|p1a: Skarmory\n|-damage|p1a: Skarmory|70\/100\n|-heal|p2a: Yveltal|54\/100|[from] drain|[of] p1a: Skarmory\n|move|p1a: Skarmory|Brave Bird|p2a: Yveltal\n|-damage|p2a: Yveltal|20\/100\n|-damage|p1a: Skarmory|55\/100|[from] Recoil\n|\n|-heal|p1a: Skarmory|60\/100|[from] item: Leftovers\n|upkeep\n|turn|18\n|\n|move|p2a: Yveltal|Dark Pulse|p1a: Skarmory\n|-damage|p1a: Skarmory|0 fnt\n|faint|p1a: Skarmory\n|\n|upkeep\n|\n|switch|p1a: Archeops|Archeops, L87, M|100\/100\n|turn|19\n|\n|move|p2a: Yveltal|Sucker Punch|p1a: Archeops\n|-damage|p1a: Archeops|53\/100\n|move|p1a: Archeops|Acrobatics|p2a: Yveltal\n|-damage|p2a: Yveltal|0 fnt\n|faint|p2a: Yveltal\n|\n|upkeep\n|\n|switch|p2a: Barbaracle|Barbaracle, L85, M|100\/100\n|-damage|p2a: Barbaracle|88\/100|[from] Stealth Rock\n|-damage|p2a: Barbaracle|72\/100|[from] Spikes\n|-status|p2a: Barbaracle|psn\n|turn|20\n|\n|move|p1a: Archeops|Earthquake|p2a: Barbaracle\n|-supereffective|p2a: Barbaracle\n|-crit|p2a: Barbaracle\n|-damage|p2a: Barbaracle|0 fnt\n|faint|p2a: Barbaracle\n|\n|upkeep\n|\n|switch|p2a: Scizor|Scizor-Mega, L80, M|13\/100\n|-damage|p2a: Scizor|0 fnt|[from] Spikes\n|faint|p2a: Scizor\n|\n|switch|p2a: Lunatone|Lunatone, L89|100\/100\n|-damage|p2a: Lunatone|88\/100|[from] Stealth Rock\n|turn|21\n|\n|switch|p1a: Simisage|Simisage, L89, M|100\/100\n|move|p2a: Lunatone|Ice Beam|p1a: Simisage\n|-supereffective|p1a: Simisage\n|-damage|p1a: Simisage|15\/100\n|-status|p1a: Simisage|frz\n|-damage|p2a: Lunatone|78\/100|[from] item: Life Orb\n|\n|upkeep\n|turn|22\n|\n|-curestatus|p1a: Simisage|frz|[msg]\n|move|p1a: Simisage|Giga Drain|p2a: Lunatone\n|-supereffective|p2a: Lunatone\n|-damage|p2a: Lunatone|0 fnt\n|-heal|p1a: Simisage|58\/100|[from] drain|[of] p2a: Lunatone\n|-damage|p1a: Simisage|48\/100|[from] item: Life Orb\n|faint|p2a: Lunatone\n|\n|upkeep\n|c|\u2606wolfwarrior|wow\n|c|\u2606wolfwarrior|lucky\n|\n|switch|p2a: Ambipom|Ambipom, L86, F|100\/100\n|-damage|p2a: Ambipom|84\/100|[from] Spikes\n|-damage|p2a: Ambipom|72\/100|[from] Stealth Rock\n|-status|p2a: Ambipom|psn\n|turn|23\n|\n|move|p2a: Ambipom|Return|p1a: Simisage\n|-damage|p1a: Simisage|0 fnt\n|faint|p1a: Simisage\n|\n|-damage|p2a: Ambipom|60\/100 psn|[from] psn\n|upkeep\n|\n|switch|p1a: Archeops|Archeops, L87, M|53\/100\n|turn|24\n|\n|move|p2a: Ambipom|Return|p1a: Archeops\n|-resisted|p1a: Archeops\n|-damage|p1a: Archeops|16\/100\n|move|p1a: Archeops|Tailwind|p1a: Archeops\n|-sidestart|p1: wolfwarrior|move: Tailwind\n|\n|-damage|p2a: Ambipom|47\/100 psn|[from] psn\n|upkeep\n|turn|25\n|\n|move|p1a: Archeops|Acrobatics|p2a: Ambipom\n|-damage|p2a: Ambipom|11\/100 psn\n|move|p2a: Ambipom|Return|p1a: Archeops\n|-resisted|p1a: Archeops\n|-damage|p1a: Archeops|0 fnt\n|faint|p1a: Archeops\n|\n|-damage|p2a: Ambipom|0 fnt|[from] psn\n|faint|p2a: Ambipom\n|upkeep\n|\n|switch|p2a: Lanturn|Lanturn, L88, M|82\/100 psn\n|switch|p1a: Latios|Latios-Mega, L81, M|3\/100 brn\n|-damage|p2a: Lanturn|65\/100 psn|[from] Spikes\n|-damage|p2a: Lanturn|53\/100 psn|[from] Stealth Rock\n|turn|26\n|\n|move|p1a: Latios|Draco Meteor|p2a: Lanturn\n|-damage|p2a: Lanturn|1\/100 psn\n|-unboost|p1a: Latios|spa|2\n|move|p2a: Lanturn|Volt Switch|p1a: Latios\n|-resisted|p1a: Latios\n|-damage|p1a: Latios|0 fnt\n|faint|p1a: Latios\n|\n|win|against candy\n|raw|wolfwarrior's rating: 1388 &rarr; <strong>1369<\/strong><br \/>(-19 for losing)\n|raw|against candy's rating: 1412 &rarr; <strong>1430<\/strong><br \/>(+18 for winning)\n|l|\u2606wolfwarrior\n|l|\u2606against candy\n|j|\u2606against candy\n|player|p2|against candy|163\n","inputlog":">version 77edd18e5909b58adf64afa65547d7e1a2a76d5e\n>start {\"formatid\":\"gen7randombattle\",\"seed\":[65334,34079,28442,25603],\"rated\":\"Rated battle\"}\n>player p1 {\"name\":\"wolfwarrior\",\"avatar\":\"162\",\"team\":\"\",\"seed\":[58145,41843,5046,37549]}\n>player p2 {\"name\":\"against candy\",\"avatar\":\"163\",\"team\":\"\",\"seed\":[65248,23120,37917,13674]}\n>p1 move hiddenpower mega\n>p2 move bulletpunch mega\n>p1 move hiddenpower\n>p2 switch 4\n>p1 switch 5\n>p2 move darkpulse\n>p1 move toxicspikes\n>p2 move darkpulse\n>p1 move scald\n>p2 move oblivionwing\n>p1 switch 6\n>p1 move iciclecrash\n>p2 move focusblast\n>p1 switch 4\n>p1 move stealthrock\n>p2 switch 5\n>p1 switch 5\n>p2 move scald\n>p1 move roost\n>p2 move voltswitch\n>p2 switch 5\n>p1 move dracometeor\n>p2 move darkpulse\n>p1 switch 5\n>p2 move suckerpunch\n>p1 move spikes\n>p2 move oblivionwing\n>p1 move spikes\n>p2 move oblivionwing\n>p1 move roost\n>p2 move oblivionwing\n>p1 move bravebird\n>p2 move oblivionwing\n>p1 move roost\n>p2 move oblivionwing\n>p1 move bravebird\n>p2 move oblivionwing\n>p1 move roost\n>p2 move darkpulse\n>p1 switch 3\n>p1 move acrobatics\n>p2 move suckerpunch\n>p2 switch 6\n>p1 move earthquake\n>p2 move stoneedge\n>p2 switch 4\n>p2 switch 2\n>p1 switch 2\n>p2 move icebeam\n>p1 move gigadrain\n>p2 move icebeam\n>p2 switch 3\n>p1 move focusblast\n>p2 move return\n>p1 switch 2\n>p1 move tailwind\n>p2 move return\n>p1 move acrobatics\n>p2 move return\n>p1 switch 5\n>p2 switch 5\n>p1 move dracometeor\n>p2 move voltswitch","uploadtime":1560228047,"views":15,"p1id":"wolfwarrior","p2id":"againstcandy","formatid":"gen7randombattle","rating":1369,"private":0,"password":null}