{"id":"gen7randombattle-833272412","p1":"wolfwarrior","p2":"MR.CAPABLE","format":"gen7randombattle","log":"|j|\u2606wolfwarrior\n|j|\u2606MR.CAPABLE\n|player|p1|wolfwarrior|162\n|player|p2|MR.CAPABLE|126\n|teamsize|p1|6\n|teamsize|p2|6\n|gametype|singles\n|gen|7\n|tier|[Gen 7] Random Battle\n|rated|\n|seed|45740,22794,31499,6804\n|rule|Sleep Clause Mod: Limit one foe put to sleep\n|rule|HP Percentage Mod: HP is shown in percentages\n|\n|start\n|switch|p1a: Deoxys|Deoxys, L73|193\/193\n|switch|p2a: Wigglytuff|Wigglytuff, L83, M|368\/368\n|-ability|p1a: Deoxys|Pressure\n|turn|1\n|\n|switch|p1a: Wormadam|Wormadam-Trash, L83, F|235\/235\n|move|p2a: Wigglytuff|Stealth Rock|p1a: Wormadam\n|-sidestart|p1: wolfwarrior|move: Stealth Rock\n|\n|upkeep\n|turn|2\n|\n|switch|p2a: Swalot|Swalot, L83, M|302\/302\n|move|p1a: Wormadam|Toxic|p2a: Swalot\n|-immune|p2a: Swalot|[msg]\n|\n|upkeep\n|turn|3\n|inactive|Battle timer is ON: inactive players will automatically lose when time's up. (requested by wolfwarrior)\n|\n|switch|p1a: Deoxys|Deoxys, L73|193\/193\n|-damage|p1a: Deoxys|169\/193|[from] Stealth Rock\n|-ability|p1a: Deoxys|Pressure\n|move|p2a: Swalot|Encore||[still]\n|-fail|p2a: Swalot\n|\n|upkeep\n|turn|4\n|\n|switch|p2a: Wigglytuff|Wigglytuff, L83, M|368\/368\n|move|p1a: Deoxys|Psycho Boost|p2a: Wigglytuff\n|-damage|p2a: Wigglytuff|142\/368\n|-unboost|p1a: Deoxys|spa|2\n|\n|upkeep\n|turn|5\n|\n|switch|p1a: Rampardos|Rampardos, L83, M|297\/297\n|-damage|p1a: Rampardos|260\/297|[from] Stealth Rock\n|-ability|p1a: Rampardos|Mold Breaker\n|move|p2a: Wigglytuff|Wish|p2a: Wigglytuff\n|\n|upkeep\n|turn|6\n|\n|switch|p2a: Carbink|Carbink, L83|219\/219\n|move|p1a: Rampardos|Head Smash|p2a: Carbink\n|-damage|p2a: Carbink|23\/219\n|-damage|p1a: Rampardos|162\/297|[from] Recoil\n|-damage|p1a: Rampardos|133\/297|[from] item: Life Orb\n|\n|-heal|p2a: Carbink|207\/219|[from] move: Wish|[wisher] Wigglytuff\n|upkeep\n|turn|7\n|\n|move|p1a: Rampardos|Head Smash|p2a: Carbink|[miss]\n|-miss|p1a: Rampardos|p2a: Carbink\n|move|p2a: Carbink|Moonblast|p1a: Rampardos\n|-damage|p1a: Rampardos|39\/297\n|\n|upkeep\n|turn|8\n|\n|move|p1a: Rampardos|Head Smash|p2a: Carbink|[miss]\n|-miss|p1a: Rampardos|p2a: Carbink\n|move|p2a: Carbink|Moonblast|p1a: Rampardos\n|-damage|p1a: Rampardos|0 fnt\n|faint|p1a: Rampardos\n|\n|upkeep\n|\n|switch|p1a: Heracross|Heracross, L76, M|247\/247\n|-damage|p1a: Heracross|217\/247|[from] Stealth Rock\n|turn|9\n|\n|move|p1a: Heracross|Bullet Seed|p2a: Carbink\n|-supereffective|p2a: Carbink\n|-damage|p2a: Carbink|183\/219\n|-supereffective|p2a: Carbink\n|-damage|p2a: Carbink|157\/219\n|-hitcount|p2a: Carbink|2\n|move|p2a: Carbink|Moonblast|p1a: Heracross\n|-supereffective|p1a: Heracross\n|-damage|p1a: Heracross|91\/247\n|\n|upkeep\n|turn|10\n|\n|detailschange|p1a: Heracross|Heracross-Mega, L76, M\n|-mega|p1a: Heracross|Heracross|Heracronite\n|move|p1a: Heracross|Bullet Seed|p2a: Carbink\n|-supereffective|p2a: Carbink\n|-damage|p2a: Carbink|121\/219\n|-supereffective|p2a: Carbink\n|-damage|p2a: Carbink|89\/219\n|-supereffective|p2a: Carbink\n|-damage|p2a: Carbink|53\/219\n|-supereffective|p2a: Carbink\n|-damage|p2a: Carbink|17\/219\n|-supereffective|p2a: Carbink\n|-damage|p2a: Carbink|0 fnt\n|-hitcount|p2a: Carbink|5\n|faint|p2a: Carbink\n|\n|upkeep\n|\n|switch|p2a: Swalot|Swalot, L83, M|302\/302\n|turn|11\n|\n|move|p1a: Heracross|Pin Missile|p2a: Swalot\n|-resisted|p2a: Swalot\n|-damage|p2a: Swalot|283\/302\n|-resisted|p2a: Swalot\n|-damage|p2a: Swalot|262\/302\n|-resisted|p2a: Swalot\n|-damage|p2a: Swalot|244\/302\n|-resisted|p2a: Swalot\n|-damage|p2a: Swalot|223\/302\n|-resisted|p2a: Swalot\n|-damage|p2a: Swalot|201\/302\n|-hitcount|p2a: Swalot|5\n|move|p2a: Swalot|Sludge Bomb|p1a: Heracross\n|-damage|p1a: Heracross|15\/247\n|\n|-heal|p2a: Swalot|219\/302|[from] item: Black Sludge\n|upkeep\n|turn|12\n|\n|move|p1a: Heracross|Pin Missile|p2a: Swalot\n|-resisted|p2a: Swalot\n|-damage|p2a: Swalot|201\/302\n|-resisted|p2a: Swalot\n|-damage|p2a: Swalot|183\/302\n|-resisted|p2a: Swalot\n|-damage|p2a: Swalot|164\/302\n|-resisted|p2a: Swalot\n|-damage|p2a: Swalot|146\/302\n|-resisted|p2a: Swalot\n|-damage|p2a: Swalot|125\/302\n|-hitcount|p2a: Swalot|5\n|move|p2a: Swalot|Earthquake|p1a: Heracross\n|-resisted|p1a: Heracross\n|-damage|p1a: Heracross|0 fnt\n|faint|p1a: Heracross\n|\n|-heal|p2a: Swalot|143\/302|[from] item: Black Sludge\n|upkeep\n|\n|switch|p1a: Deoxys|Deoxys, L73|169\/193\n|-damage|p1a: Deoxys|145\/193|[from] Stealth Rock\n|-ability|p1a: Deoxys|Pressure\n|turn|13\n|\n|switch|p2a: Wigglytuff|Wigglytuff, L83, M|142\/368\n|move|p1a: Deoxys|Psycho Boost|p2a: Wigglytuff\n|-damage|p2a: Wigglytuff|0 fnt\n|-unboost|p1a: Deoxys|spa|2\n|faint|p2a: Wigglytuff\n|\n|upkeep\n|\n|switch|p2a: Giratina|Giratina, L73|339\/339\n|-ability|p2a: Giratina|Pressure\n|turn|14\n|\n|switch|p1a: Wormadam|Wormadam-Trash, L83, F|235\/235\n|-damage|p1a: Wormadam|206\/235|[from] Stealth Rock\n|move|p2a: Giratina|Shadow Ball|p1a: Wormadam\n|-damage|p1a: Wormadam|146\/235\n|-unboost|p1a: Wormadam|spd|1\n|\n|-heal|p1a: Wormadam|160\/235|[from] item: Leftovers\n|upkeep\n|turn|15\n|\n|move|p2a: Giratina|Shadow Ball|p1a: Wormadam\n|-damage|p1a: Wormadam|67\/235\n|-unboost|p1a: Wormadam|spd|1\n|move|p1a: Wormadam|Gyro Ball|p2a: Giratina\n|-damage|p2a: Giratina|287\/339\n|\n|-heal|p2a: Giratina|308\/339|[from] item: Leftovers\n|-heal|p1a: Wormadam|81\/235|[from] item: Leftovers\n|upkeep\n|turn|16\n|\n|move|p2a: Giratina|Shadow Ball|p1a: Wormadam\n|-damage|p1a: Wormadam|0 fnt\n|faint|p1a: Wormadam\n|\n|-heal|p2a: Giratina|329\/339|[from] item: Leftovers\n|upkeep\n|\n|switch|p1a: Stoutland|Stoutland, L83, M|277\/277\n|-damage|p1a: Stoutland|243\/277|[from] Stealth Rock\n|-ability|p1a: Stoutland|Intimidate|boost\n|-unboost|p2a: Giratina|atk|1\n|turn|17\n|\n|switch|p2a: Swalot|Swalot, L83, M|143\/302\n|move|p1a: Stoutland|Ice Fang|p2a: Swalot\n|-damage|p2a: Swalot|88\/302\n|\n|-heal|p2a: Swalot|106\/302|[from] item: Black Sludge\n|upkeep\n|turn|18\n|\n|move|p1a: Stoutland|Ice Fang|p2a: Swalot\n|-damage|p2a: Swalot|55\/302\n|move|p2a: Swalot|Pain Split|p1a: Stoutland\n|-sethp|p1a: Stoutland|149\/277|p2a: Swalot|149\/302|[from] move: Pain Split\n|\n|-heal|p2a: Swalot|167\/302|[from] item: Black Sludge\n|upkeep\n|turn|19\n|\n|move|p1a: Stoutland|Ice Fang|p2a: Swalot\n|-damage|p2a: Swalot|114\/302\n|move|p2a: Swalot|Sludge Bomb|p1a: Stoutland\n|-damage|p1a: Stoutland|77\/277\n|\n|-heal|p2a: Swalot|132\/302|[from] item: Black Sludge\n|upkeep\n|turn|20\n|\n|move|p1a: Stoutland|Ice Fang|p2a: Swalot\n|-damage|p2a: Swalot|77\/302\n|move|p2a: Swalot|Sludge Bomb|p1a: Stoutland\n|-damage|p1a: Stoutland|2\/277\n|\n|-heal|p2a: Swalot|95\/302|[from] item: Black Sludge\n|upkeep\n|turn|21\n|\n|move|p1a: Stoutland|Ice Fang|p2a: Swalot\n|-damage|p2a: Swalot|41\/302\n|move|p2a: Swalot|Sludge Bomb|p1a: Stoutland\n|-damage|p1a: Stoutland|0 fnt\n|faint|p1a: Stoutland\n|\n|-heal|p2a: Swalot|59\/302|[from] item: Black Sludge\n|upkeep\n|\n|switch|p1a: Deoxys|Deoxys, L73|145\/193\n|-damage|p1a: Deoxys|121\/193|[from] Stealth Rock\n|-ability|p1a: Deoxys|Pressure\n|turn|22\n|\n|move|p1a: Deoxys|Extreme Speed|p2a: Swalot\n|-damage|p2a: Swalot|0 fnt\n|faint|p2a: Swalot\n|\n|upkeep\n|\n|switch|p2a: Giratina|Giratina, L73|329\/339\n|-ability|p2a: Giratina|Pressure\n|turn|23\n|\n|move|p1a: Deoxys|Psycho Boost|p2a: Giratina\n|-damage|p2a: Giratina|185\/339\n|-unboost|p1a: Deoxys|spa|2\n|move|p2a: Giratina|Shadow Ball|p1a: Deoxys\n|-supereffective|p1a: Deoxys\n|-crit|p1a: Deoxys\n|-damage|p1a: Deoxys|0 fnt\n|faint|p1a: Deoxys\n|\n|-heal|p2a: Giratina|206\/339|[from] item: Leftovers\n|upkeep\n|\n|switch|p1a: Virizion|Virizion, L79|273\/273\n|-damage|p1a: Virizion|256\/273|[from] Stealth Rock\n|turn|24\n|\n|move|p1a: Virizion|Stone Edge|p2a: Giratina\n|-damage|p2a: Giratina|135\/339\n|-damage|p1a: Virizion|229\/273|[from] item: Life Orb\n|move|p2a: Giratina|Shadow Ball|p1a: Virizion\n|-damage|p1a: Virizion|180\/273\n|\n|-heal|p2a: Giratina|156\/339|[from] item: Leftovers\n|upkeep\n|turn|25\n|\n|move|p1a: Virizion|Hidden Power|p2a: Giratina\n|-supereffective|p2a: Giratina\n|-damage|p2a: Giratina|73\/339\n|-damage|p1a: Virizion|153\/273|[from] item: Life Orb\n|move|p2a: Giratina|Shadow Ball|p1a: Virizion\n|-damage|p1a: Virizion|95\/273\n|\n|-heal|p2a: Giratina|94\/339|[from] item: Leftovers\n|upkeep\n|turn|26\n|\n|move|p1a: Virizion|Hidden Power|p2a: Giratina\n|-supereffective|p2a: Giratina\n|-damage|p2a: Giratina|0 fnt\n|-damage|p1a: Virizion|68\/273|[from] item: Life Orb\n|faint|p2a: Giratina\n|\n|upkeep\n|\n|switch|p2a: Virizion|Virizion, L79|273\/273\n|turn|27\n|\n|move|p1a: Virizion|Hidden Power|p2a: Virizion\n|-supereffective|p2a: Virizion\n|-damage|p2a: Virizion|200\/273\n|-damage|p1a: Virizion|41\/273|[from] item: Life Orb\n|move|p2a: Virizion|Hidden Power|p1a: Virizion\n|-supereffective|p1a: Virizion\n|-damage|p1a: Virizion|0 fnt\n|-damage|p2a: Virizion|173\/273|[from] item: Life Orb\n|faint|p1a: Virizion\n|\n|win|MR.CAPABLE\n|raw|wolfwarrior's rating: 1923 &rarr; <strong>1902<\/strong><br \/>(-21 for losing)\n|raw|MR.CAPABLE's rating: 1907 &rarr; <strong>1928<\/strong><br \/>(+21 for winning)\n|l|\u2606wolfwarrior\n","inputlog":">version 646dd09c478ffd163c91da68b9717458786dfe56\n>start {\"formatid\":\"gen7randombattle\",\"seed\":[45740,22794,31499,6804],\"rated\":\"Rated battle\"}\n>player p1 {\"name\":\"wolfwarrior\",\"avatar\":\"162\",\"team\":\"\"}\n>player p2 {\"name\":\"MR.CAPABLE\",\"avatar\":\"126\",\"team\":\"\"}\n>p1 switch 3\n>p2 move stealthrock\n>p1 move toxic\n>p2 switch 2\n>p1 switch 3\n>p2 move encore\n>p1 move psychoboost\n>p2 switch 2\n>p1 switch 5\n>p2 move wish\n>p1 move headsmash\n>p2 switch 4\n>p1 move headsmash\n>p2 move moonblast\n>p1 move headsmash\n>p2 move moonblast\n>p1 switch 6\n>p1 move bulletseed\n>p2 move moonblast\n>p1 move bulletseed mega\n>p2 move moonblast\n>p2 switch 2\n>p1 move pinmissile\n>p2 move sludgebomb\n>p1 move pinmissile\n>p2 move earthquake\n>p1 switch 5\n>p1 move psychoboost\n>p2 switch 4\n>p2 switch 5\n>p1 switch 3\n>p2 move shadowball\n>p1 move gyroball\n>p2 move shadowball\n>p1 move toxic\n>p2 move shadowball\n>p1 switch 4\n>p1 move icefang\n>p2 switch 4\n>p1 move icefang\n>p2 move painsplit\n>p1 move icefang\n>p2 move sludgebomb\n>p1 move icefang\n>p2 move sludgebomb\n>p1 move icefang\n>p2 move sludgebomb\n>p1 switch 3\n>p1 move extremespeed\n>p2 move painsplit\n>p2 switch 4\n>p1 move psychoboost\n>p2 move shadowball\n>p1 switch 2\n>p1 move stoneedge\n>p2 move shadowball\n>p1 move hiddenpower\n>p2 move shadowball\n>p1 move hiddenpower\n>p2 move shadowball\n>p2 switch 3\n>p1 move hiddenpower\n>p2 move hiddenpower","uploadtime":1541827741,"views":3,"p1id":"wolfwarrior","p2id":"mrcapable","formatid":"gen7randombattle","rating":1902,"private":0,"password":null}