{"id":"gen7randombattle-1126792511","p1":"BaddyGames","p2":"MightyyManectric","format":"gen7randombattle","log":"|j|\u2606BaddyGames\n|j|\u2606MightyyManectric\n|player|p1|BaddyGames|275|\n|player|p2|MightyyManectric|102|\n|teamsize|p1|6\n|teamsize|p2|6\n|gametype|singles\n|gen|7\n|tier|[Gen 7] Random Battle\n|rule|Sleep Clause Mod: Limit one foe put to sleep\n|rule|HP Percentage Mod: HP is shown in percentages\n|\n|start\n|switch|p1a: Zekrom|Zekrom, L78|284\/284\n|switch|p2a: Hydreigon|Hydreigon, L82, F|285\/285\n|-ability|p1a: Zekrom|Teravolt\n|turn|1\n|c|\u2606MightyyManectric|gl!\n|c|\u2606BaddyGames|u2\n|\n|switch|p1a: Registeel|Registeel, L84|272\/272\n|move|p2a: Hydreigon|Draco Meteor|p1a: Registeel\n|-resisted|p1a: Registeel\n|-damage|p1a: Registeel|216\/272\n|-unboost|p2a: Hydreigon|spa|2\n|\n|-heal|p1a: Registeel|233\/272|[from] item: Leftovers\n|upkeep\n|turn|2\n|\n|move|p2a: Hydreigon|Earth Power|p1a: Registeel\n|-supereffective|p1a: Registeel\n|-damage|p1a: Registeel|183\/272\n|move|p1a: Registeel|Toxic|p2a: Hydreigon\n|-status|p2a: Hydreigon|tox\n|\n|-heal|p1a: Registeel|200\/272|[from] item: Leftovers\n|-damage|p2a: Hydreigon|268\/285 tox|[from] psn\n|upkeep\n|turn|3\n|\n|move|p2a: Hydreigon|Superpower|p1a: Registeel\n|-supereffective|p1a: Registeel\n|-damage|p1a: Registeel|84\/272\n|-unboost|p2a: Hydreigon|atk|1\n|-unboost|p2a: Hydreigon|def|1\n|move|p1a: Registeel|Iron Head|p2a: Hydreigon\n|-damage|p2a: Hydreigon|156\/285 tox\n|\n|-heal|p1a: Registeel|101\/272|[from] item: Leftovers\n|-damage|p2a: Hydreigon|122\/285 tox|[from] psn\n|upkeep\n|turn|4\n|\n|move|p2a: Hydreigon|Superpower|p1a: Registeel\n|-supereffective|p1a: Registeel\n|-damage|p1a: Registeel|21\/272\n|-unboost|p2a: Hydreigon|atk|1\n|-unboost|p2a: Hydreigon|def|1\n|move|p1a: Registeel|Rest|p1a: Registeel\n|-status|p1a: Registeel|slp|[from] move: Rest\n|-heal|p1a: Registeel|272\/272 slp|[silent]\n|\n|-damage|p2a: Hydreigon|71\/285 tox|[from] psn\n|upkeep\n|turn|5\n|\n|move|p2a: Hydreigon|Earth Power|p1a: Registeel\n|-supereffective|p1a: Registeel\n|-damage|p1a: Registeel|224\/272 slp\n|cant|p1a: Registeel|slp\n|move|p1a: Registeel|Sleep Talk|p1a: Registeel\n|move|p1a: Registeel|Iron Head|p2a: Hydreigon|[from]Sleep Talk\n|-crit|p2a: Hydreigon\n|-damage|p2a: Hydreigon|0 fnt\n|faint|p2a: Hydreigon\n|\n|-heal|p1a: Registeel|241\/272 slp|[from] item: Leftovers\n|upkeep\n|\n|switch|p2a: Venusaur|Venusaur, L82, M|265\/265\n|turn|6\n|\n|move|p2a: Venusaur|Earthquake|p1a: Registeel\n|-supereffective|p1a: Registeel\n|-damage|p1a: Registeel|163\/272 slp\n|cant|p1a: Registeel|slp\n|move|p1a: Registeel|Sleep Talk|p1a: Registeel\n|move|p1a: Registeel|Rest|p1a: Registeel|[from]Sleep Talk\n|-fail|p1a: Registeel\n|\n|-heal|p1a: Registeel|180\/272 slp|[from] item: Leftovers\n|upkeep\n|turn|7\n|\n|move|p2a: Venusaur|Hidden Power|p1a: Registeel\n|-supereffective|p1a: Registeel\n|-damage|p1a: Registeel|122\/272 slp\n|-curestatus|p1a: Registeel|slp|[msg]\n|move|p1a: Registeel|Iron Head|p2a: Venusaur\n|-damage|p2a: Venusaur|186\/265\n|\n|-heal|p1a: Registeel|139\/272|[from] item: Leftovers\n|upkeep\n|turn|8\n|\n|move|p2a: Venusaur|Earthquake|p1a: Registeel\n|-supereffective|p1a: Registeel\n|-damage|p1a: Registeel|67\/272\n|move|p1a: Registeel|Iron Head|p2a: Venusaur\n|-damage|p2a: Venusaur|105\/265\n|\n|-heal|p1a: Registeel|84\/272|[from] item: Leftovers\n|upkeep\n|turn|9\n|\n|move|p2a: Venusaur|Earthquake|p1a: Registeel\n|-supereffective|p1a: Registeel\n|-damage|p1a: Registeel|10\/272\n|move|p1a: Registeel|Rest|p1a: Registeel\n|-status|p1a: Registeel|slp|[from] move: Rest\n|-heal|p1a: Registeel|272\/272 slp|[silent]\n|\n|upkeep\n|turn|10\n|\n|move|p2a: Venusaur|Synthesis|p2a: Venusaur\n|-heal|p2a: Venusaur|237\/265\n|cant|p1a: Registeel|slp\n|move|p1a: Registeel|Sleep Talk|p1a: Registeel\n|move|p1a: Registeel|Iron Head|p2a: Venusaur|[from]Sleep Talk\n|-damage|p2a: Venusaur|159\/265\n|\n|upkeep\n|turn|11\n|\n|switch|p1a: Blastoise|Blastoise, L84, M|270\/270\n|move|p2a: Venusaur|Earthquake|p1a: Blastoise\n|-damage|p1a: Blastoise|217\/270\n|\n|upkeep\n|turn|12\n|\n|switch|p1a: Ariados|Ariados, L88, F|266\/266\n|move|p2a: Venusaur|Sludge Bomb|p1a: Ariados\n|-resisted|p1a: Ariados\n|-damage|p1a: Ariados|215\/266\n|\n|-heal|p1a: Ariados|231\/266|[from] item: Black Sludge\n|upkeep\n|turn|13\n|\n|move|p2a: Venusaur|Hidden Power|p1a: Ariados\n|-supereffective|p1a: Ariados\n|-damage|p1a: Ariados|133\/266\n|move|p1a: Ariados|Sticky Web|p2a: Venusaur\n|-sidestart|p2: MightyyManectric|move: Sticky Web\n|\n|-heal|p1a: Ariados|149\/266|[from] item: Black Sludge\n|upkeep\n|turn|14\n|\n|move|p2a: Venusaur|Hidden Power|p1a: Ariados\n|-supereffective|p1a: Ariados\n|-damage|p1a: Ariados|57\/266\n|move|p1a: Ariados|Megahorn|p2a: Venusaur|[miss]\n|-miss|p1a: Ariados|p2a: Venusaur\n|\n|-heal|p1a: Ariados|73\/266|[from] item: Black Sludge\n|upkeep\n|turn|15\n|\n|move|p2a: Venusaur|Hidden Power|p1a: Ariados\n|-supereffective|p1a: Ariados\n|-damage|p1a: Ariados|0 fnt\n|faint|p1a: Ariados\n|\n|upkeep\n|\n|switch|p1a: Blastoise|Blastoise, L84, M|217\/270\n|turn|16\n|\n|detailschange|p1a: Blastoise|Blastoise-Mega, L84, M\n|-mega|p1a: Blastoise|Blastoise|Blastoisinite\n|move|p1a: Blastoise|Ice Beam|p2a: Venusaur\n|-supereffective|p2a: Venusaur\n|-damage|p2a: Venusaur|0 fnt\n|faint|p2a: Venusaur\n|\n|upkeep\n|\n|switch|p2a: Miltank|Miltank, L86, F|304\/304\n|-activate|p2a: Miltank|move: Sticky Web\n|-unboost|p2a: Miltank|spe|1\n|turn|17\n|\n|move|p1a: Blastoise|Scald|p2a: Miltank\n|-crit|p2a: Miltank\n|-damage|p2a: Miltank|108\/304\n|-status|p2a: Miltank|brn\n|move|p2a: Miltank|Body Slam|p1a: Blastoise\n|-damage|p1a: Blastoise|187\/270\n|\n|-heal|p2a: Miltank|127\/304 brn|[from] item: Leftovers\n|-damage|p2a: Miltank|108\/304 brn|[from] brn\n|upkeep\n|turn|18\n|\n|switch|p2a: Bewear|Bewear, L84, F|339\/339\n|-activate|p2a: Bewear|move: Sticky Web\n|-unboost|p2a: Bewear|spe|1\n|move|p1a: Blastoise|Hydro Pump|p2a: Bewear\n|-damage|p2a: Bewear|137\/339\n|\n|upkeep\n|turn|19\n|\n|move|p1a: Blastoise|Hydro Pump|p2a: Bewear\n|-damage|p2a: Bewear|0 fnt\n|faint|p2a: Bewear\n|\n|upkeep\n|\n|switch|p2a: Drifblim|Drifblim, L88, F|404\/404\n|turn|20\n|\n|move|p2a: Drifblim|Will-O-Wisp|p1a: Blastoise\n|-status|p1a: Blastoise|brn\n|move|p1a: Blastoise|Dark Pulse|p2a: Drifblim\n|-supereffective|p2a: Drifblim\n|-damage|p2a: Drifblim|106\/404\n|-enditem|p2a: Drifblim|Sitrus Berry|[eat]\n|-heal|p2a: Drifblim|207\/404|[from] item: Sitrus Berry\n|\n|-damage|p1a: Blastoise|171\/270 brn|[from] brn\n|upkeep\n|turn|21\n|\n|move|p2a: Drifblim|Acrobatics|p1a: Blastoise\n|-damage|p1a: Blastoise|81\/270 brn\n|move|p1a: Blastoise|Dark Pulse|p2a: Drifblim\n|-supereffective|p2a: Drifblim\n|-damage|p2a: Drifblim|0 fnt\n|faint|p2a: Drifblim\n|\n|-damage|p1a: Blastoise|65\/270 brn|[from] brn\n|upkeep\n|\n|switch|p2a: Deoxys|Deoxys, L78|206\/206\n|-activate|p2a: Deoxys|move: Sticky Web\n|-unboost|p2a: Deoxys|spe|1\n|-ability|p2a: Deoxys|Pressure\n|turn|22\n|\n|switch|p1a: Registeel|Registeel, L84|272\/272 slp\n|move|p2a: Deoxys|Extreme Speed|p1a: Registeel\n|-resisted|p1a: Registeel\n|-damage|p1a: Registeel|243\/272 slp\n|-damage|p2a: Deoxys|186\/206|[from] item: Life Orb\n|\n|-heal|p1a: Registeel|260\/272 slp|[from] item: Leftovers\n|upkeep\n|turn|23\n|\n|move|p2a: Deoxys|Knock Off|p1a: Registeel\n|-damage|p1a: Registeel|190\/272 slp\n|-enditem|p1a: Registeel|Leftovers|[from] move: Knock Off|[of] p2a: Deoxys\n|-damage|p2a: Deoxys|166\/206|[from] item: Life Orb\n|cant|p1a: Registeel|slp\n|move|p1a: Registeel|Sleep Talk|p1a: Registeel\n|move|p1a: Registeel|Toxic|p2a: Deoxys|[from]Sleep Talk\n|-status|p2a: Deoxys|tox\n|\n|-damage|p2a: Deoxys|154\/206 tox|[from] psn\n|upkeep\n|turn|24\n|\n|move|p2a: Deoxys|Extreme Speed|p1a: Registeel\n|-resisted|p1a: Registeel\n|-damage|p1a: Registeel|163\/272 slp\n|-damage|p2a: Deoxys|134\/206 tox|[from] item: Life Orb\n|-curestatus|p1a: Registeel|slp|[msg]\n|move|p1a: Registeel|Iron Head|p2a: Deoxys\n|-damage|p2a: Deoxys|22\/206 tox\n|\n|-damage|p2a: Deoxys|0 fnt|[from] psn\n|faint|p2a: Deoxys\n|upkeep\n|\n|switch|p2a: Miltank|Miltank, L86, F|108\/304 brn\n|-activate|p2a: Miltank|move: Sticky Web\n|-unboost|p2a: Miltank|spe|1\n|turn|25\n|\n|move|p2a: Miltank|Milk Drink|p2a: Miltank\n|-heal|p2a: Miltank|260\/304 brn\n|move|p1a: Registeel|Iron Head|p2a: Miltank\n|-damage|p2a: Miltank|196\/304 brn\n|\n|-heal|p2a: Miltank|215\/304 brn|[from] item: Leftovers\n|-damage|p2a: Miltank|196\/304 brn|[from] brn\n|upkeep\n|turn|26\n|\n|switch|p1a: Zekrom|Zekrom, L78|284\/284\n|-ability|p1a: Zekrom|Teravolt\n|move|p2a: Miltank|Earthquake|p1a: Zekrom\n|-supereffective|p1a: Zekrom\n|-damage|p1a: Zekrom|227\/284\n|\n|-heal|p2a: Miltank|215\/304 brn|[from] item: Leftovers\n|-damage|p2a: Miltank|196\/304 brn|[from] brn\n|upkeep\n|turn|27\n|\n|move|p1a: Zekrom|Hone Claws|p1a: Zekrom\n|-boost|p1a: Zekrom|atk|1\n|-boost|p1a: Zekrom|accuracy|1\n|move|p2a: Miltank|Body Slam|p1a: Zekrom\n|-damage|p1a: Zekrom|195\/284\n|\n|-heal|p2a: Miltank|215\/304 brn|[from] item: Leftovers\n|-damage|p2a: Miltank|196\/304 brn|[from] brn\n|upkeep\n|turn|28\n|\n|move|p1a: Zekrom|Hone Claws|p1a: Zekrom\n|-boost|p1a: Zekrom|atk|1\n|-boost|p1a: Zekrom|accuracy|1\n|move|p2a: Miltank|Earthquake|p1a: Zekrom\n|-supereffective|p1a: Zekrom\n|-damage|p1a: Zekrom|141\/284\n|\n|-heal|p2a: Miltank|215\/304 brn|[from] item: Leftovers\n|-damage|p2a: Miltank|196\/304 brn|[from] brn\n|upkeep\n|turn|29\n|\n|-zpower|p1a: Zekrom\n|move|p1a: Zekrom|Devastating Drake|p2a: Miltank|[zeffect]\n|-damage|p2a: Miltank|0 fnt\n|faint|p2a: Miltank\n|\n|win|BaddyGames\n|c|\u2606BaddyGames|gg\n","inputlog":">version c9c7f6a747c4fa4bb90ab0817471f3f1098ea029\n>start {\"formatid\":\"gen7randombattle\",\"seed\":[42672,57572,3914,64589]}\n>player p1 {\"name\":\"BaddyGames\",\"avatar\":\"275\",\"team\":\"\",\"rating\":0,\"seed\":[37865,28650,38681,15807]}\n>player p2 {\"name\":\"MightyyManectric\",\"avatar\":\"102\",\"team\":\"\",\"rating\":0,\"seed\":[23472,65422,41401,7736]}\n>p1 switch 6\n>p2 move dracometeor\n>p1 move toxic\n>p2 move earthpower\n>p1 move ironhead\n>p2 move superpower\n>p1 move rest\n>p2 move superpower\n>p1 move sleeptalk\n>p2 move earthpower\n>p2 switch 4\n>p1 move sleeptalk\n>p2 move earthquake\n>p1 move ironhead\n>p2 move hiddenpower\n>p1 move ironhead\n>p2 move earthquake\n>p1 move rest\n>p2 move earthquake\n>p1 move sleeptalk\n>p2 move synthesis\n>p1 switch 4\n>p2 move earthquake\n>p1 switch 5\n>p2 move sludgebomb\n>p1 move stickyweb\n>p2 move hiddenpower\n>p1 move megahorn\n>p2 move hiddenpower\n>p1 move poisonjab\n>p2 move hiddenpower\n>p1 switch 5\n>p1 move icebeam mega\n>p2 move sludgebomb\n>p2 switch 3\n>p1 move scald\n>p2 move bodyslam\n>p1 move hydropump\n>p2 switch 2\n>p1 move hydropump\n>p2 move doubleedge\n>p2 switch 6\n>p1 move darkpulse\n>p2 move willowisp\n>p1 move darkpulse\n>p2 move acrobatics\n>p2 switch 5\n>p1 switch 4\n>p2 move extremespeed\n>p1 move sleeptalk\n>p2 move knockoff\n>p1 move ironhead\n>p2 move extremespeed\n>p2 switch 2\n>p1 move ironhead\n>p2 move milkdrink\n>p1 switch 6\n>p2 move earthquake\n>p1 move honeclaws\n>p2 move bodyslam\n>p1 move honeclaws\n>p2 move earthquake\n>p1 move outrage zmove\n>p2 move milkdrink","uploadtime":1591295768,"views":8,"p1id":"baddygames","p2id":"mightyymanectric","formatid":"gen7randombattle","rating":0,"private":0,"password":null}