{"id":"gen7randombattle-953256333","p1":"uuuuiiii","p2":"suki-to-tsundere","format":"gen7randombattle","log":"|j|\u2606uuuuiiii\n|j|\u2606suki-to-tsundere\n|player|p1|uuuuiiii|266|1709\n|player|p2|suki-to-tsundere|99|1788\n|teamsize|p1|6\n|teamsize|p2|6\n|gametype|singles\n|gen|7\n|tier|[Gen 7] Random Battle\n|rated|\n|rule|Sleep Clause Mod: Limit one foe put to sleep\n|rule|HP Percentage Mod: HP is shown in percentages\n|\n|start\n|switch|p1a: Torterra|Torterra, L86, F|304\/304\n|switch|p2a: Whimsicott|Whimsicott, L86, F|243\/243\n|turn|1\n|inactive|Battle timer is ON: inactive players will automatically lose when time's up. (requested by uuuuiiii)\n|\n|switch|p2a: Celebi|Celebi, L82|298\/298\n|move|p1a: Torterra|Wood Hammer|p2a: Celebi\n|-resisted|p2a: Celebi\n|-damage|p2a: Celebi|226\/298\n|-damage|p1a: Torterra|280\/304|[from] Recoil\n|\n|-heal|p2a: Celebi|244\/298|[from] item: Leftovers\n|-heal|p1a: Torterra|299\/304|[from] item: Leftovers\n|upkeep\n|turn|2\n|inactive|uuuuiiii has 120 seconds left.\n|\n|move|p2a: Celebi|Nasty Plot|p2a: Celebi\n|-boost|p2a: Celebi|spa|2\n|move|p1a: Torterra|Stone Edge|p2a: Celebi\n|-damage|p2a: Celebi|164\/298\n|\n|-heal|p2a: Celebi|182\/298|[from] item: Leftovers\n|-heal|p1a: Torterra|304\/304|[from] item: Leftovers\n|upkeep\n|turn|3\n|\n|move|p2a: Celebi|Giga Drain|p1a: Torterra\n|-damage|p1a: Torterra|156\/304\n|-heal|p2a: Celebi|256\/298|[from] drain|[of] p1a: Torterra\n|move|p1a: Torterra|Stone Edge|p2a: Celebi\n|-damage|p2a: Celebi|179\/298\n|\n|-heal|p2a: Celebi|197\/298|[from] item: Leftovers\n|-heal|p1a: Torterra|175\/304|[from] item: Leftovers\n|upkeep\n|turn|4\n|inactive|uuuuiiii has 120 seconds left.\n|\n|move|p2a: Celebi|Nasty Plot|p2a: Celebi\n|-boost|p2a: Celebi|spa|2\n|move|p1a: Torterra|Stone Edge|p2a: Celebi\n|-damage|p2a: Celebi|124\/298\n|\n|-heal|p2a: Celebi|142\/298|[from] item: Leftovers\n|-heal|p1a: Torterra|194\/304|[from] item: Leftovers\n|upkeep\n|turn|5\n|inactive|uuuuiiii has 120 seconds left.\n|\n|move|p2a: Celebi|Giga Drain|p1a: Torterra\n|-damage|p1a: Torterra|0 fnt\n|-heal|p2a: Celebi|239\/298|[from] drain|[of] p1a: Torterra\n|faint|p1a: Torterra\n|\n|-heal|p2a: Celebi|257\/298|[from] item: Leftovers\n|upkeep\n|inactive|uuuuiiii has 120 seconds left.\n|\n|switch|p1a: Lunala|Lunala, L78|342\/342\n|turn|6\n|\n|move|p2a: Celebi|Giga Drain|p1a: Lunala\n|-damage|p1a: Lunala|234\/342\n|-heal|p2a: Celebi|298\/298|[from] drain|[of] p1a: Lunala\n|move|p1a: Lunala|Calm Mind|p1a: Lunala\n|-boost|p1a: Lunala|spa|1\n|-boost|p1a: Lunala|spd|1\n|\n|-heal|p1a: Lunala|255\/342|[from] item: Leftovers\n|upkeep\n|turn|7\n|\n|move|p2a: Celebi|Giga Drain|p1a: Lunala\n|-damage|p1a: Lunala|119\/342\n|move|p1a: Lunala|Roost|p1a: Lunala\n|-heal|p1a: Lunala|290\/342\n|-singleturn|p1a: Lunala|move: Roost\n|\n|-heal|p1a: Lunala|311\/342|[from] item: Leftovers\n|upkeep\n|turn|8\n|\n|switch|p2a: Leavanny|Leavanny, L89, F|278\/278\n|move|p1a: Lunala|Calm Mind|p1a: Lunala\n|-boost|p1a: Lunala|spa|1\n|-boost|p1a: Lunala|spd|1\n|\n|-heal|p1a: Lunala|332\/342|[from] item: Leftovers\n|upkeep\n|turn|9\n|\n|switch|p1a: Toxapex|Toxapex, L80, F|211\/211\n|move|p2a: Leavanny|Knock Off|p1a: Toxapex\n|-damage|p1a: Toxapex|141\/211\n|-enditem|p1a: Toxapex|Black Sludge|[from] move: Knock Off|[of] p2a: Leavanny\n|-damage|p2a: Leavanny|251\/278|[from] item: Life Orb\n|\n|upkeep\n|turn|10\n|\n|switch|p2a: Golisopod|Golisopod, L84, F|263\/263\n|move|p1a: Toxapex|Toxic Spikes|p2a: Golisopod\n|-sidestart|p2: suki-to-tsundere|move: Toxic Spikes\n|\n|upkeep\n|turn|11\n|\n|move|p2a: Golisopod|Spikes|p1a: Toxapex\n|-sidestart|p1: uuuuiiii|Spikes\n|move|p1a: Toxapex|Recover|p1a: Toxapex\n|-heal|p1a: Toxapex|211\/211\n|\n|upkeep\n|turn|12\n|\n|move|p2a: Golisopod|Spikes|p1a: Toxapex\n|-sidestart|p1: uuuuiiii|Spikes\n|move|p1a: Toxapex|Toxic Spikes|p2a: Golisopod\n|-sidestart|p2: suki-to-tsundere|move: Toxic Spikes\n|\n|upkeep\n|turn|13\n|\n|switch|p2a: Manectric|Manectric, L82, M|249\/249\n|-status|p2a: Manectric|tox\n|switch|p1a: Terrakion|Terrakion, L82|283\/283\n|-damage|p1a: Terrakion|236\/283|[from] Spikes\n|\n|-damage|p2a: Manectric|234\/249 tox|[from] psn\n|upkeep\n|turn|14\n|\n|detailschange|p2a: Manectric|Manectric-Mega, L82, M\n|-mega|p2a: Manectric|Manectric|Manectite\n|-ability|p2a: Manectric|Intimidate|boost\n|-unboost|p1a: Terrakion|atk|1\n|move|p2a: Manectric|Volt Switch|p1a: Terrakion\n|-damage|p1a: Terrakion|148\/283\n|\n|switch|p2a: Whimsicott|Whimsicott, L86, F|243\/243\n|-status|p2a: Whimsicott|tox\n|move|p1a: Terrakion|Stealth Rock|p2a: Whimsicott\n|-sidestart|p2: suki-to-tsundere|move: Stealth Rock\n|\n|-damage|p2a: Whimsicott|228\/243 tox|[from] psn\n|upkeep\n|turn|15\n|\n|switch|p1a: Lunala|Lunala, L78|332\/342\n|-damage|p1a: Lunala|275\/342|[from] Spikes\n|move|p2a: Whimsicott|Leech Seed|p1a: Lunala\n|-start|p1a: Lunala|move: Leech Seed\n|\n|-heal|p1a: Lunala|296\/342|[from] item: Leftovers\n|-damage|p1a: Lunala|254\/342|[from] Leech Seed|[of] p2a: Whimsicott\n|-heal|p2a: Whimsicott|243\/243 tox|[silent]\n|-damage|p2a: Whimsicott|213\/243 tox|[from] psn\n|upkeep\n|turn|16\n|\n|switch|p2a: Leavanny|Leavanny, L89, F|251\/278\n|-damage|p2a: Leavanny|182\/278|[from] Stealth Rock\n|-status|p2a: Leavanny|tox\n|switch|p1a: Toxapex|Toxapex, L80, F|211\/211\n|-damage|p1a: Toxapex|176\/211|[from] Spikes\n|\n|-damage|p2a: Leavanny|165\/278 tox|[from] psn\n|upkeep\n|turn|17\n|inactive|suki-to-tsundere has 120 seconds left.\n|\n|switch|p2a: Celebi|Celebi, L82|298\/298\n|-damage|p2a: Celebi|261\/298|[from] Stealth Rock\n|-status|p2a: Celebi|tox\n|move|p1a: Toxapex|Scald|p2a: Celebi\n|-resisted|p2a: Celebi\n|-damage|p2a: Celebi|238\/298 tox\n|\n|-heal|p2a: Celebi|256\/298 tox|[from] item: Leftovers\n|-damage|p2a: Celebi|238\/298 tox|[from] psn\n|upkeep\n|turn|18\n|inactive|suki-to-tsundere has 120 seconds left.\n|\n|move|p2a: Celebi|Heal Bell|p2a: Celebi\n|-activate|p2a: Celebi|move: Heal Bell\n|-curestatus|p2a: Celebi|tox|[msg]\n|-curestatus|p2: Leavanny|tox|[msg]\n|-curestatus|p2: Manectric|tox|[msg]\n|-curestatus|p2: Whimsicott|tox|[msg]\n|move|p1a: Toxapex|Haze|p1a: Toxapex\n|-clearallboost\n|\n|-heal|p2a: Celebi|256\/298|[from] item: Leftovers\n|upkeep\n|turn|19\n|inactive|suki-to-tsundere has 120 seconds left.\n|\n|switch|p1a: Grumpig|Grumpig, L89, F|287\/287\n|-damage|p1a: Grumpig|240\/287|[from] Spikes\n|move|p2a: Celebi|Earth Power|p1a: Grumpig\n|-damage|p1a: Grumpig|191\/287\n|\n|-heal|p2a: Celebi|274\/298|[from] item: Leftovers\n|-heal|p1a: Grumpig|208\/287|[from] item: Leftovers\n|upkeep\n|turn|20\n|inactive|suki-to-tsundere has 120 seconds left.\n|\n|switch|p2a: Golisopod|Golisopod, L84, F|263\/263\n|-damage|p2a: Golisopod|198\/263|[from] Stealth Rock\n|-status|p2a: Golisopod|tox\n|move|p1a: Grumpig|Whirlwind|p2a: Golisopod\n|drag|p2a: Manectric|Manectric-Mega, L82, M|234\/249\n|-status|p2a: Manectric|tox\n|-damage|p2a: Manectric|203\/249 tox|[from] Stealth Rock\n|-ability|p2a: Manectric|Intimidate|boost\n|-unboost|p1a: Grumpig|atk|1\n|\n|-heal|p1a: Grumpig|225\/287|[from] item: Leftovers\n|-damage|p2a: Manectric|188\/249 tox|[from] psn\n|upkeep\n|turn|21\n|\n|move|p2a: Manectric|Volt Switch|p1a: Grumpig\n|-damage|p1a: Grumpig|150\/287\n|\n|switch|p2a: Celebi|Celebi, L82|274\/298\n|-damage|p2a: Celebi|237\/298|[from] Stealth Rock\n|-status|p2a: Celebi|tox\n|move|p1a: Grumpig|Psychic|p2a: Celebi\n|-resisted|p2a: Celebi\n|-damage|p2a: Celebi|192\/298 tox\n|\n|-heal|p2a: Celebi|210\/298 tox|[from] item: Leftovers\n|-heal|p1a: Grumpig|167\/287|[from] item: Leftovers\n|-damage|p2a: Celebi|192\/298 tox|[from] psn\n|upkeep\n|turn|22\n|\n|move|p2a: Celebi|Heal Bell|p2a: Celebi\n|-activate|p2a: Celebi|move: Heal Bell\n|-curestatus|p2a: Celebi|tox|[msg]\n|-curestatus|p2: Golisopod|tox|[msg]\n|-curestatus|p2: Manectric|tox|[msg]\n|move|p1a: Grumpig|Whirlwind|p2a: Celebi\n|drag|p2a: Golisopod|Golisopod, L84, F|198\/263\n|-damage|p2a: Golisopod|133\/263|[from] Stealth Rock\n|-status|p2a: Golisopod|tox\n|\n|-heal|p1a: Grumpig|184\/287|[from] item: Leftovers\n|-heal|p2a: Golisopod|149\/263 tox|[from] item: Leftovers\n|-damage|p2a: Golisopod|133\/263 tox|[from] psn\n|upkeep\n|turn|23\n|\n|switch|p1a: Toxapex|Toxapex, L80, F|211\/211\n|-damage|p1a: Toxapex|176\/211|[from] Spikes\n|move|p2a: Golisopod|First Impression|p1a: Toxapex\n|-resisted|p1a: Toxapex\n|-damage|p1a: Toxapex|139\/211\n|\n|-heal|p2a: Golisopod|149\/263 tox|[from] item: Leftovers\n|-damage|p2a: Golisopod|117\/263 tox|[from] psn\n|-activate|p2a: Golisopod|ability: Emergency Exit\n|upkeep\n|inactive|suki-to-tsundere has 90 seconds left.\n|\n|switch|p2a: Gallade|Gallade, L87, M|260\/260\n|-damage|p2a: Gallade|244\/260|[from] Stealth Rock\n|-status|p2a: Gallade|tox\n|turn|24\n|inactive|suki-to-tsundere has 90 seconds left.\n|\n|switch|p1a: Lunala|Lunala, L78|254\/342\n|-damage|p1a: Lunala|197\/342|[from] Spikes\n|move|p2a: Gallade|Zen Headbutt|p1a: Lunala\n|-resisted|p1a: Lunala\n|-damage|p1a: Lunala|115\/342\n|-damage|p2a: Gallade|218\/260 tox|[from] item: Life Orb\n|\n|-heal|p1a: Lunala|136\/342|[from] item: Leftovers\n|-damage|p2a: Gallade|202\/260 tox|[from] psn\n|upkeep\n|turn|25\n|inactive|suki-to-tsundere has 90 seconds left.\n|\n|switch|p2a: Golisopod|Golisopod, L84, F|117\/263 tox\n|-damage|p2a: Golisopod|52\/263 tox|[from] Stealth Rock\n|move|p1a: Lunala|Roost|p1a: Lunala\n|-heal|p1a: Lunala|307\/342\n|-singleturn|p1a: Lunala|move: Roost\n|\n|-heal|p1a: Lunala|328\/342|[from] item: Leftovers\n|-heal|p2a: Golisopod|68\/263 tox|[from] item: Leftovers\n|-damage|p2a: Golisopod|52\/263 tox|[from] psn\n|upkeep\n|turn|26\n|inactive|suki-to-tsundere has 90 seconds left.\n|\n|move|p1a: Lunala|Psyshock|p2a: Golisopod\n|-damage|p2a: Golisopod|0 fnt\n|faint|p2a: Golisopod\n|\n|-heal|p1a: Lunala|342\/342|[from] item: Leftovers\n|upkeep\n|inactive|suki-to-tsundere has 90 seconds left.\n|inactive|suki-to-tsundere has 60 seconds left.\n|\n|switch|p2a: Celebi|Celebi, L82|192\/298\n|-status|p2a: Celebi|tox\n|-damage|p2a: Celebi|155\/298 tox|[from] Stealth Rock\n|turn|27\n|\n|move|p2a: Celebi|Heal Bell|p2a: Celebi\n|-activate|p2a: Celebi|move: Heal Bell\n|-curestatus|p2a: Celebi|tox|[msg]\n|-curestatus|p2: Gallade|tox|[msg]\n|move|p1a: Lunala|Moongeist Beam|p2a: Celebi\n|-supereffective|p2a: Celebi\n|-damage|p2a: Celebi|0 fnt\n|faint|p2a: Celebi\n|\n|upkeep\n|\n|switch|p2a: Leavanny|Leavanny, L89, F|165\/278\n|-damage|p2a: Leavanny|96\/278|[from] Stealth Rock\n|-status|p2a: Leavanny|tox\n|turn|28\n|\n|switch|p1a: Terrakion|Terrakion, L82|148\/283\n|-damage|p1a: Terrakion|101\/283|[from] Spikes\n|move|p2a: Leavanny|Knock Off|p1a: Terrakion\n|-resisted|p1a: Terrakion\n|-damage|p1a: Terrakion|45\/283\n|-ability|p1a: Terrakion|Justified|boost\n|-boost|p1a: Terrakion|atk|1\n|-enditem|p1a: Terrakion|Life Orb|[from] move: Knock Off|[of] p2a: Leavanny\n|-damage|p2a: Leavanny|69\/278 tox|[from] item: Life Orb\n|\n|-damage|p2a: Leavanny|52\/278 tox|[from] psn\n|upkeep\n|turn|29\n|\n|switch|p2a: Whimsicott|Whimsicott, L86, F|213\/243\n|-damage|p2a: Whimsicott|183\/243|[from] Stealth Rock\n|-status|p2a: Whimsicott|tox\n|move|p1a: Terrakion|Earthquake|p2a: Whimsicott\n|-resisted|p2a: Whimsicott\n|-damage|p2a: Whimsicott|120\/243 tox\n|\n|-damage|p2a: Whimsicott|105\/243 tox|[from] psn\n|upkeep\n|turn|30\n|inactive|suki-to-tsundere has 60 seconds left.\n|\n|move|p2a: Whimsicott|Moonblast|p1a: Terrakion\n|-supereffective|p1a: Terrakion\n|-damage|p1a: Terrakion|0 fnt\n|faint|p1a: Terrakion\n|\n|-damage|p2a: Whimsicott|75\/243 tox|[from] psn\n|upkeep\n|\n|switch|p1a: Grumpig|Grumpig, L89, F|184\/287\n|-damage|p1a: Grumpig|137\/287|[from] Spikes\n|turn|31\n|\n|move|p2a: Whimsicott|Leech Seed|p1a: Grumpig|[miss]\n|-miss|p2a: Whimsicott|p1a: Grumpig\n|move|p1a: Grumpig|Psychic|p2a: Whimsicott\n|-damage|p2a: Whimsicott|0 fnt\n|faint|p2a: Whimsicott\n|\n|-heal|p1a: Grumpig|154\/287|[from] item: Leftovers\n|upkeep\n|\n|switch|p2a: Manectric|Manectric-Mega, L82, M|188\/249\n|-status|p2a: Manectric|tox\n|-damage|p2a: Manectric|157\/249 tox|[from] Stealth Rock\n|-ability|p2a: Manectric|Intimidate|boost\n|-unboost|p1a: Grumpig|atk|1\n|turn|32\n|\n|move|p2a: Manectric|Thunderbolt|p1a: Grumpig\n|-damage|p1a: Grumpig|55\/287\n|move|p1a: Grumpig|Psychic|p2a: Manectric\n|-damage|p2a: Manectric|43\/249 tox\n|\n|-heal|p1a: Grumpig|72\/287|[from] item: Leftovers\n|-damage|p2a: Manectric|28\/249 tox|[from] psn\n|upkeep\n|turn|33\n|\n|move|p2a: Manectric|Volt Switch|p1a: Grumpig\n|-damage|p1a: Grumpig|0 fnt\n|faint|p1a: Grumpig\n|\n|switch|p2a: Gallade|Gallade, L87, M|202\/260\n|-damage|p2a: Gallade|186\/260|[from] Stealth Rock\n|-status|p2a: Gallade|tox\n|\n|-damage|p2a: Gallade|170\/260 tox|[from] psn\n|upkeep\n|\n|switch|p1a: Lunala|Lunala, L78|342\/342\n|-damage|p1a: Lunala|285\/342|[from] Spikes\n|turn|34\n|\n|move|p1a: Lunala|Moongeist Beam|p2a: Gallade\n|-supereffective|p2a: Gallade\n|-damage|p2a: Gallade|0 fnt\n|faint|p2a: Gallade\n|\n|-heal|p1a: Lunala|306\/342|[from] item: Leftovers\n|upkeep\n|\n|switch|p2a: Leavanny|Leavanny, L89, F|52\/278 tox\n|-damage|p2a: Leavanny|0 fnt|[from] Stealth Rock\n|faint|p2a: Leavanny\n|\n|switch|p2a: Manectric|Manectric-Mega, L82, M|28\/249 tox\n|-damage|p2a: Manectric|0 fnt|[from] Stealth Rock\n|faint|p2a: Manectric\n|\n|win|uuuuiiii\n|raw|uuuuiiii's rating: 1710 &rarr; <strong>1734<\/strong><br \/>(+24 for winning)\n|raw|suki-to-tsundere's rating: 1788 &rarr; <strong>1764<\/strong><br \/>(-24 for losing)\n","inputlog":">version abe2ba1f5ed1aefb382e5d9db372fd9d81bcb4ec\n>start {\"formatid\":\"gen7randombattle\",\"seed\":[49163,9836,62868,5684],\"rated\":\"Rated battle\"}\n>player p1 {\"name\":\"uuuuiiii\",\"avatar\":\"266\",\"team\":\"\",\"rating\":1709,\"seed\":[56070,32967,24130,44510]}\n>player p2 {\"name\":\"suki-to-tsundere\",\"avatar\":\"99\",\"team\":\"\",\"rating\":1788,\"seed\":[58522,5286,21898,63897]}\n>p1 move woodhammer\n>p2 switch 3\n>p1 move stoneedge\n>p2 move nastyplot\n>p1 move stoneedge\n>p2 move gigadrain\n>p1 move stoneedge\n>p2 move nastyplot\n>p1 move stoneedge\n>p2 move gigadrain\n>p1 switch 2\n>p1 move calmmind\n>p2 move gigadrain\n>p1 move roost\n>p2 move gigadrain\n>p1 move calmmind\n>p2 switch 2\n>p1 switch 5\n>p2 move knockoff\n>p1 move toxicspikes\n>p2 switch 5\n>p1 move recover\n>p2 move spikes\n>p1 move toxicspikes\n>p2 move spikes\n>p1 switch 6\n>p2 switch 4\n>p1 move stealthrock\n>p2 move voltswitch mega\n>p2 switch 3\n>p1 switch 5\n>p2 move leechseed\n>p1 switch 6\n>p2 switch 5\n>p1 move scald\n>p2 switch 2\n>p1 move haze\n>p2 move healbell\n>p1 switch 4\n>p2 move earthpower\n>p1 move whirlwind\n>p2 switch 4\n>p1 move psychic\n>p2 move voltswitch\n>p2 switch 4\n>p1 move whirlwind\n>p2 move healbell\n>p1 switch 4\n>p2 move firstimpression\n>p2 switch 6\n>p1 switch 6\n>p2 move zenheadbutt\n>p1 move roost\n>p2 switch 6\n>p1 move psyshock\n>p2 move spikes\n>p2 switch 3\n>p1 move moongeistbeam\n>p2 move healbell\n>p2 switch 2\n>p1 switch 5\n>p2 move knockoff\n>p1 move earthquake\n>p2 switch 5\n>p1 move stoneedge\n>p2 move moonblast\n>p1 switch 4\n>p1 move psychic\n>p2 move leechseed\n>p2 switch 4\n>p1 move psychic\n>p2 move thunderbolt\n>p1 move whirlwind\n>p2 move voltswitch\n>p2 switch 6\n>p1 switch 5\n>p1 move moongeistbeam\n>p2 move icepunch\n>p2 switch 5\n>p2 switch 6","uploadtime":1564560018,"views":6,"p1id":"uuuuiiii","p2id":"sukitotsundere","formatid":"gen7randombattle","rating":1734,"private":0,"password":null}