{"id":"gen7unratedrandombattle-538779627","p1":"slashermofo","p2":"theartof","format":"gen7unratedrandombattle","log":"|j|slashermofo\n|j|theartof\n|player|p1|slashermofo|25\n|player|p2|theartof|15\n|gametype|singles\n|gen|7\n|tier|[Gen 7] Unrated Random Battle\n|seed|11032,11059,61738,55958\n|rule|Sleep Clause Mod: Limit one foe put to sleep\n|rule|HP Percentage Mod: HP is shown in percentages\n|\n|start\n|switch|p1a: Aegislash|Aegislash, L73, F|100\/100\n|switch|p2a: Abomasnow|Abomasnow, L79, F|100\/100\n|-weather|Hail|[from] ability: Snow Warning|[of] p2a: Abomasnow\n|turn|1\n|choice|move sacredsword|switch 2\n|\n|switch|p2a: Hippowdon|Hippowdon, L77, M|100\/100\n|-weather|Sandstorm|[from] ability: Sand Stream|[of] p2a: Hippowdon\n|-formechange|p1a: Aegislash|Aegislash-Blade|[from] ability: Stance Change\n|move|p1a: Aegislash|Sacred Sword|p2a: Hippowdon\n|-damage|p2a: Hippowdon|75\/100\n|-damage|p1a: Aegislash|91\/100|[from] item: Life Orb\n|\n|-weather|Sandstorm|[upkeep]\n|-heal|p2a: Hippowdon|81\/100|[from] item: Leftovers\n|upkeep\n|turn|2\n|choice|move sacredsword|move stealthrock\n|\n|move|p1a: Aegislash|Sacred Sword|p2a: Hippowdon\n|-damage|p2a: Hippowdon|53\/100\n|-damage|p1a: Aegislash|81\/100|[from] item: Life Orb\n|move|p2a: Hippowdon|Stealth Rock|p1a: Aegislash\n|-sidestart|p1: slashermofo|move: Stealth Rock\n|\n|-weather|Sandstorm|[upkeep]\n|-heal|p2a: Hippowdon|60\/100|[from] item: Leftovers\n|upkeep\n|turn|3\n|choice|move sacredsword|move slackoff\n|\n|move|p1a: Aegislash|Sacred Sword|p2a: Hippowdon\n|-damage|p2a: Hippowdon|31\/100\n|-damage|p1a: Aegislash|72\/100|[from] item: Life Orb\n|move|p2a: Hippowdon|Slack Off|p2a: Hippowdon\n|-heal|p2a: Hippowdon|81\/100\n|\n|-weather|Sandstorm|[upkeep]\n|-heal|p2a: Hippowdon|87\/100|[from] item: Leftovers\n|upkeep\n|turn|4\n|choice|move sacredsword|move earthquake\n|\n|move|p1a: Aegislash|Sacred Sword|p2a: Hippowdon\n|-damage|p2a: Hippowdon|61\/100\n|-damage|p1a: Aegislash|62\/100|[from] item: Life Orb\n|move|p2a: Hippowdon|Earthquake|p1a: Aegislash\n|-supereffective|p1a: Aegislash\n|-damage|p1a: Aegislash|0 fnt\n|faint|p1a: Aegislash\n|\n|-weather|Sandstorm|[upkeep]\n|-heal|p2a: Hippowdon|67\/100|[from] item: Leftovers\n|upkeep\n|choice|switch 4|\n|\n|switch|p1a: Hariyama|Hariyama, L79, M|100\/100\n|-damage|p1a: Hariyama|94\/100|[from] Stealth Rock\n|turn|5\n|choice|move icepunch|move slackoff\n|\n|move|p1a: Hariyama|Ice Punch|p2a: Hippowdon\n|-supereffective|p2a: Hippowdon\n|-damage|p2a: Hippowdon|6\/100\n|move|p2a: Hippowdon|Slack Off|p2a: Hippowdon\n|-heal|p2a: Hippowdon|56\/100\n|\n|-weather|none\n|-heal|p2a: Hippowdon|62\/100|[from] item: Leftovers\n|upkeep\n|turn|6\n|choice|move icepunch|move earthquake\n|\n|move|p1a: Hariyama|Ice Punch|p2a: Hippowdon\n|-supereffective|p2a: Hippowdon\n|-damage|p2a: Hippowdon|8\/100\n|move|p2a: Hippowdon|Earthquake|p1a: Hariyama\n|-damage|p1a: Hariyama|58\/100\n|\n|-heal|p2a: Hippowdon|14\/100|[from] item: Leftovers\n|upkeep\n|turn|7\n|choice|move icepunch|switch 3\n|\n|switch|p2a: Kommo-o|Kommo-o, L77, F|100\/100\n|move|p1a: Hariyama|Ice Punch|p2a: Kommo-o\n|-supereffective|p2a: Kommo-o\n|-damage|p2a: Kommo-o|35\/100\n|\n|upkeep\n|turn|8\n|choice|move icepunch|move outrage\n|\n|move|p2a: Kommo-o|Outrage|p1a: Hariyama\n|-crit|p1a: Hariyama\n|-damage|p1a: Hariyama|0 fnt\n|faint|p1a: Hariyama\n|\n|upkeep\n|c|\u2606slashermofo|crit maattered\n|choice|switch 6|\n|\n|switch|p1a: Comfey|Comfey, L79, F|100\/100\n|-damage|p1a: Comfey|88\/100|[from] Stealth Rock\n|turn|9\n|c|\u2606slashermofo|catch ths moonblast\n|choice|move toxic|move outrage\n|\n|move|p1a: Comfey|Toxic|p2a: Kommo-o|[miss]\n|-miss|p1a: Comfey|p2a: Kommo-o\n|move|p2a: Kommo-o|Outrage|p1a: Comfey|[from]lockedmove\n|-immune|p1a: Comfey|[msg]\n|-start|p2a: Kommo-o|confusion|[fatigue]\n|-enditem|p2a: Kommo-o|Lum Berry|[eat]\n|-end|p2a: Kommo-o|confusion\n|\n|-heal|p1a: Comfey|94\/100|[from] item: Leftovers\n|upkeep\n|turn|10\n|c|\u2606slashermofo|fuck\n|choice|move toxic|move poisonjab\n|\n|move|p1a: Comfey|Toxic|p2a: Kommo-o\n|-status|p2a: Kommo-o|tox\n|move|p2a: Kommo-o|Poison Jab|p1a: Comfey\n|-supereffective|p1a: Comfey\n|-damage|p1a: Comfey|45\/100\n|\n|-heal|p1a: Comfey|51\/100|[from] item: Leftovers\n|-damage|p2a: Kommo-o|29\/100 tox|[from] psn\n|upkeep\n|turn|11\n|choice|move synthesis|move poisonjab\n|\n|move|p1a: Comfey|Synthesis|p1a: Comfey\n|-heal|p1a: Comfey|100\/100\n|move|p2a: Kommo-o|Poison Jab|p1a: Comfey\n|-supereffective|p1a: Comfey\n|-damage|p1a: Comfey|43\/100\n|\n|-heal|p1a: Comfey|50\/100|[from] item: Leftovers\n|-damage|p2a: Kommo-o|16\/100 tox|[from] psn\n|upkeep\n|turn|12\n|choice|move synthesis|move poisonjab\n|\n|move|p1a: Comfey|Synthesis|p1a: Comfey\n|-heal|p1a: Comfey|99\/100\n|move|p2a: Kommo-o|Poison Jab|p1a: Comfey\n|-supereffective|p1a: Comfey\n|-crit|p1a: Comfey\n|-damage|p1a: Comfey|20\/100\n|-status|p1a: Comfey|psn\n|\n|-heal|p1a: Comfey|27\/100 psn|[from] item: Leftovers\n|-damage|p1a: Comfey|14\/100 psn|[from] psn\n|-damage|p2a: Kommo-o|0 fnt|[from] psn\n|upkeep\n|faint|p2a: Kommo-o\n|choice||switch 2\n|\n|switch|p2a: Abomasnow|Abomasnow, L79, F|100\/100\n|-weather|Hail|[from] ability: Snow Warning|[of] p2a: Abomasnow\n|turn|13\n|choice|move uturn|move iceshard mega\n|\n|detailschange|p2a: Abomasnow|Abomasnow-Mega, L79, F\n|-mega|p2a: Abomasnow|Abomasnow|Abomasite\n|move|p2a: Abomasnow|Ice Shard|p1a: Comfey\n|-damage|p1a: Comfey|0 fnt\n|faint|p1a: Comfey\n|\n|-weather|Hail|[upkeep]\n|upkeep\n|choice|switch 5|\n|\n|switch|p1a: Scolipede|Scolipede, L75, M|100\/100\n|-damage|p1a: Scolipede|76\/100|[from] Stealth Rock\n|turn|14\n|choice|move megahorn|move hiddenpower\n|\n|move|p1a: Scolipede|Megahorn|p2a: Abomasnow\n|-supereffective|p2a: Abomasnow\n|-damage|p2a: Abomasnow|33\/100\n|move|p2a: Abomasnow|Hidden Power|p1a: Scolipede\n|-supereffective|p1a: Scolipede\n|-crit|p1a: Scolipede\n|-damage|p1a: Scolipede|0 fnt\n|faint|p1a: Scolipede\n|\n|-weather|Hail|[upkeep]\n|upkeep\n|choice|switch 2|\n|\n|switch|p1a: Shaymin|Shaymin, L79|100\/100\n|-damage|p1a: Shaymin|88\/100|[from] Stealth Rock\n|turn|15\n|choice|move airslash|move iceshard\n|\n|move|p2a: Abomasnow|Ice Shard|p1a: Shaymin\n|-supereffective|p1a: Shaymin\n|-crit|p1a: Shaymin\n|-damage|p1a: Shaymin|41\/100\n|move|p1a: Shaymin|Air Slash|p2a: Abomasnow\n|-supereffective|p2a: Abomasnow\n|-damage|p2a: Abomasnow|2\/100\n|\n|-weather|Hail|[upkeep]\n|-damage|p1a: Shaymin|35\/100|[from] hail\n|-heal|p1a: Shaymin|41\/100|[from] item: Leftovers\n|upkeep\n|turn|16\n|c|\u2606slashermofo|stop critting\n|choice|switch 3|move iceshard\n|\n|switch|p1a: Mandibuzz|Mandibuzz, L77, F|100\/100\n|-damage|p1a: Mandibuzz|76\/100|[from] Stealth Rock\n|move|p2a: Abomasnow|Ice Shard|p1a: Mandibuzz\n|-supereffective|p1a: Mandibuzz\n|-crit|p1a: Mandibuzz\n|-damage|p1a: Mandibuzz|26\/100\n|\n|-weather|Hail|[upkeep]\n|-heal|p1a: Mandibuzz|32\/100|[from] item: Leftovers\n|upkeep\n|turn|17\n|c|\u2606slashermofo|!data ice shard\n|c|~|\/data-move Ice Shard\n\n|choice|move foulplay|move iceshard\n|\n|move|p2a: Abomasnow|Ice Shard|p1a: Mandibuzz\n|-supereffective|p1a: Mandibuzz\n|-damage|p1a: Mandibuzz|0 fnt\n|faint|p1a: Mandibuzz\n|\n|-weather|none\n|upkeep\n|c|\u2606slashermofo|fucking bullshit\n|choice|switch 3|\n|\n|switch|p1a: Shaymin|Shaymin, L79|41\/100\n|-damage|p1a: Shaymin|29\/100|[from] Stealth Rock\n|turn|18\n|c|\u2606theartof|sorry mate\n|choice|move airslash|switch 4\n|\n|switch|p2a: Dunsparce|Dunsparce, L79, M|100\/100\n|move|p1a: Shaymin|Air Slash|p2a: Dunsparce\n|-damage|p2a: Dunsparce|79\/100\n|\n|-heal|p1a: Shaymin|35\/100|[from] item: Leftovers\n|-heal|p2a: Dunsparce|86\/100|[from] item: Leftovers\n|upkeep\n|turn|19\n|choice|move leechseed|move glare\n|\n|move|p1a: Shaymin|Leech Seed|p2a: Dunsparce\n|-start|p2a: Dunsparce|move: Leech Seed\n|move|p2a: Dunsparce|Glare|p1a: Shaymin\n|-status|p1a: Shaymin|par\n|\n|-heal|p2a: Dunsparce|92\/100|[from] item: Leftovers\n|-heal|p1a: Shaymin|41\/100 par|[from] item: Leftovers\n|-damage|p2a: Dunsparce|79\/100|[from] Leech Seed|[of] p1a: Shaymin\n|-heal|p1a: Shaymin|54\/100 par|[silent]\n|upkeep\n|turn|20\n|choice|move rest|move headbutt\n|\n|move|p2a: Dunsparce|Headbutt|p1a: Shaymin\n|-damage|p1a: Shaymin|38\/100 par\n|move|p1a: Shaymin|Rest|p1a: Shaymin\n|-status|p1a: Shaymin|slp\n|-heal|p1a: Shaymin|100\/100 slp|[silent]\n|-status|p1a: Shaymin|slp|[from] move: Rest\n|\n|-heal|p2a: Dunsparce|86\/100|[from] item: Leftovers\n|-damage|p2a: Dunsparce|73\/100|[from] Leech Seed|[of] p1a: Shaymin\n|upkeep\n|turn|21\n|choice|move seedflare|switch 6\n|\n|switch|p2a: Necrozma|Necrozma, L77|100\/100\n|cant|p1a: Shaymin|slp\n|\n|upkeep\n|turn|22\n|choice|move seedflare|move swordsdance\n|\n|cant|p1a: Shaymin|slp\n|move|p2a: Necrozma|Swords Dance|p2a: Necrozma\n|-boost|p2a: Necrozma|atk|2\n|\n|upkeep\n|turn|23\n|choice|move seedflare|move autotomize\n|\n|-curestatus|p1a: Shaymin|slp|[msg]\n|move|p1a: Shaymin|Seed Flare|p2a: Necrozma\n|-damage|p2a: Necrozma|52\/100\n|-unboost|p2a: Necrozma|spd|2\n|move|p2a: Necrozma|Autotomize|p2a: Necrozma\n|-boost|p2a: Necrozma|spe|2\n|-start|p2a: Necrozma|Autotomize\n|\n|-heal|p2a: Necrozma|58\/100|[from] item: Leftovers\n|upkeep\n|turn|24\n|c|\u2606slashermofo|stop doing what your doing\n|choice|move seedflare|move swordsdance\n|\n|move|p2a: Necrozma|Swords Dance|p2a: Necrozma\n|-boost|p2a: Necrozma|atk|2\n|move|p1a: Shaymin|Seed Flare|p2a: Necrozma\n|-damage|p2a: Necrozma|0 fnt\n|faint|p2a: Necrozma\n|\n|upkeep\n|choice||switch 6\n|\n|switch|p2a: Dunsparce|Dunsparce, L79, M|73\/100\n|turn|25\n|c|\u2606slashermofo|thank you\n|choice|move seedflare|move glare\n|\n|move|p1a: Shaymin|Seed Flare|p2a: Dunsparce\n|-damage|p2a: Dunsparce|24\/100\n|move|p2a: Dunsparce|Glare|p1a: Shaymin\n|-status|p1a: Shaymin|par\n|\n|-heal|p2a: Dunsparce|30\/100|[from] item: Leftovers\n|upkeep\n|turn|26\n|choice|move seedflare|move headbutt\n|\n|move|p2a: Dunsparce|Headbutt|p1a: Shaymin\n|-crit|p1a: Shaymin\n|-damage|p1a: Shaymin|77\/100 par\n|cant|p1a: Shaymin|flinch\n|\n|-heal|p2a: Dunsparce|36\/100|[from] item: Leftovers\n|-heal|p1a: Shaymin|83\/100 par|[from] item: Leftovers\n|upkeep\n|turn|27\n|choice|move seedflare|move headbutt\n|\n|move|p2a: Dunsparce|Headbutt|p1a: Shaymin\n|-damage|p1a: Shaymin|65\/100 par\n|cant|p1a: Shaymin|par\n|\n|-heal|p2a: Dunsparce|43\/100|[from] item: Leftovers\n|-heal|p1a: Shaymin|71\/100 par|[from] item: Leftovers\n|upkeep\n|turn|28\n|choice|move seedflare|move headbutt\n|\n|move|p2a: Dunsparce|Headbutt|p1a: Shaymin\n|-damage|p1a: Shaymin|55\/100 par\n|cant|p1a: Shaymin|flinch\n|\n|-heal|p2a: Dunsparce|49\/100|[from] item: Leftovers\n|-heal|p1a: Shaymin|62\/100 par|[from] item: Leftovers\n|upkeep\n|turn|29\n|choice|move seedflare|move headbutt\n|\n|move|p2a: Dunsparce|Headbutt|p1a: Shaymin\n|-damage|p1a: Shaymin|45\/100 par\n|cant|p1a: Shaymin|par\n|\n|-heal|p2a: Dunsparce|55\/100|[from] item: Leftovers\n|-heal|p1a: Shaymin|51\/100 par|[from] item: Leftovers\n|upkeep\n|turn|30\n|choice|move rest|move rockslide\n|\n|move|p2a: Dunsparce|Rock Slide|p1a: Shaymin|[miss]\n|-miss|p2a: Dunsparce|p1a: Shaymin\n|cant|p1a: Shaymin|par\n|\n|-heal|p2a: Dunsparce|61\/100|[from] item: Leftovers\n|-heal|p1a: Shaymin|57\/100 par|[from] item: Leftovers\n|upkeep\n|turn|31\n|c|\u2606slashermofo|why\n|choice|move rest|move headbutt\n|\n|move|p2a: Dunsparce|Headbutt|p1a: Shaymin\n|-damage|p1a: Shaymin|41\/100 par\n|move|p1a: Shaymin|Rest|p1a: Shaymin\n|-status|p1a: Shaymin|slp\n|-heal|p1a: Shaymin|100\/100 slp|[silent]\n|-status|p1a: Shaymin|slp|[from] move: Rest\n|\n|-heal|p2a: Dunsparce|68\/100|[from] item: Leftovers\n|upkeep\n|turn|32\n|c|\u2606slashermofo|yes\n|choice|move seedflare|switch 5\n|\n|switch|p2a: Hoopa|Hoopa, L79|100\/100\n|cant|p1a: Shaymin|slp\n|\n|upkeep\n|turn|33\n|c|\u2606slashermofo|no\n|choice|move seedflare|move nastyplot\n|\n|cant|p1a: Shaymin|slp\n|move|p2a: Hoopa|Nasty Plot|p2a: Hoopa\n|-boost|p2a: Hoopa|spa|2\n|\n|upkeep\n|turn|34\n|choice|move seedflare|move nastyplot\n|\n|-curestatus|p1a: Shaymin|slp|[msg]\n|move|p1a: Shaymin|Seed Flare|p2a: Hoopa\n|-damage|p2a: Hoopa|62\/100\n|move|p2a: Hoopa|Nasty Plot|p2a: Hoopa\n|-boost|p2a: Hoopa|spa|2\n|\n|upkeep\n|turn|35\n|choice|move leechseed|move shadowball\n|\n|move|p1a: Shaymin|Leech Seed|p2a: Hoopa\n|-start|p2a: Hoopa|move: Leech Seed\n|move|p2a: Hoopa|Shadow Ball|p1a: Shaymin\n|-damage|p1a: Shaymin|0 fnt\n|-damage|p2a: Hoopa|52\/100|[from] item: Life Orb\n|faint|p1a: Shaymin\n|\n|win|theartof\n|player|p1\n|player|p2\n|c|\u2606slashermofo|gg\n|c|\u2606theartof|gg","inputlog":null,"uploadtime":1488033374,"views":3,"p1id":"slashermofo","p2id":"theartof","formatid":"gen7unratedrandombattle","rating":0,"private":0,"password":null}