{"id":"gen7unratedrandombattle-989611732","p1":"Hajmola","p2":"Team Rocket 151","format":"gen7unratedrandombattle","log":"|j|\u2606Hajmola\n|j|\u2606Team Rocket 151\n|player|p1|Hajmola|10|\n|player|p2|Team Rocket 151|teamrocket|\n|teamsize|p1|6\n|teamsize|p2|6\n|gametype|singles\n|gen|7\n|tier|[Gen 7] Unrated Random Battle\n|rule|Sleep Clause Mod: Limit one foe put to sleep\n|rule|HP Percentage Mod: HP is shown in percentages\n|\n|start\n|switch|p1a: Trevenant|Trevenant, L89, M|296\/296\n|switch|p2a: Jirachi|Jirachi, L80|291\/291\n|turn|1\n|\n|move|p2a: Jirachi|Substitute|p2a: Jirachi\n|-start|p2a: Jirachi|Substitute\n|-damage|p2a: Jirachi|219\/291\n|move|p1a: Trevenant|Earthquake|p2a: Jirachi\n|-supereffective|p2a: Jirachi\n|-end|p2a: Jirachi|Substitute\n|\n|-heal|p2a: Jirachi|237\/291|[from] item: Leftovers\n|upkeep\n|turn|2\n|inactive|Battle timer is ON: inactive players will automatically lose when time's up. (requested by Team Rocket 151)\n|\n|move|p2a: Jirachi|Fire Punch|p1a: Trevenant\n|-supereffective|p1a: Trevenant\n|-damage|p1a: Trevenant|196\/296\n|-status|p1a: Trevenant|brn\n|move|p1a: Trevenant|Shadow Claw|p2a: Jirachi\n|-supereffective|p2a: Jirachi\n|-damage|p2a: Jirachi|144\/291\n|\n|-heal|p2a: Jirachi|162\/291|[from] item: Leftovers\n|-damage|p1a: Trevenant|178\/296 brn|[from] brn\n|upkeep\n|turn|3\n|\n|move|p2a: Jirachi|Fire Punch|p1a: Trevenant\n|-supereffective|p1a: Trevenant\n|-crit|p1a: Trevenant\n|-damage|p1a: Trevenant|20\/296 brn\n|move|p1a: Trevenant|Trick Room|p1a: Trevenant\n|-fieldstart|move: Trick Room|[of] p1a: Trevenant\n|\n|-heal|p2a: Jirachi|180\/291|[from] item: Leftovers\n|-damage|p1a: Trevenant|2\/296 brn|[from] brn\n|upkeep\n|turn|4\n|\n|move|p1a: Trevenant|Shadow Claw|p2a: Jirachi\n|-supereffective|p2a: Jirachi\n|-damage|p2a: Jirachi|99\/291\n|move|p2a: Jirachi|Substitute|p2a: Jirachi\n|-start|p2a: Jirachi|Substitute\n|-damage|p2a: Jirachi|27\/291\n|\n|-heal|p2a: Jirachi|45\/291|[from] item: Leftovers\n|-damage|p1a: Trevenant|0 fnt|[from] brn\n|faint|p1a: Trevenant\n|upkeep\n|\n|switch|p1a: Mudsdale|Mudsdale, L88, M|319\/319\n|turn|5\n|\n|move|p1a: Mudsdale|Earthquake|p2a: Jirachi\n|-supereffective|p2a: Jirachi\n|-end|p2a: Jirachi|Substitute\n|move|p2a: Jirachi|Wish|p2a: Jirachi\n|\n|-heal|p2a: Jirachi|63\/291|[from] item: Leftovers\n|upkeep\n|turn|6\n|\n|switch|p2a: Donphan|Donphan, L84, M|288\/288\n|move|p1a: Mudsdale|Earthquake|p2a: Donphan\n|-damage|p2a: Donphan|171\/288\n|\n|-heal|p2a: Donphan|288\/288|[from] move: Wish|[wisher] Jirachi\n|upkeep\n|turn|7\n|\n|move|p1a: Mudsdale|Heavy Slam|p2a: Donphan\n|-damage|p2a: Donphan|199\/288\n|move|p2a: Donphan|Stealth Rock|p1a: Mudsdale\n|-sidestart|p1: Hajmola|move: Stealth Rock\n|\n|-heal|p2a: Donphan|217\/288|[from] item: Leftovers\n|-fieldend|move: Trick Room\n|upkeep\n|turn|8\n|\n|move|p2a: Donphan|Knock Off|p1a: Mudsdale\n|-damage|p1a: Mudsdale|243\/319\n|-ability|p1a: Mudsdale|Stamina|boost\n|-boost|p1a: Mudsdale|def|1\n|-enditem|p1a: Mudsdale|Leftovers|[from] move: Knock Off|[of] p2a: Donphan\n|move|p1a: Mudsdale|Stealth Rock|p2a: Donphan\n|-sidestart|p2: Team Rocket 151|move: Stealth Rock\n|\n|-heal|p2a: Donphan|235\/288|[from] item: Leftovers\n|upkeep\n|turn|9\n|\n|switch|p2a: Jirachi|Jirachi, L80|63\/291\n|-damage|p2a: Jirachi|45\/291|[from] Stealth Rock\n|move|p1a: Mudsdale|Heavy Slam|p2a: Jirachi\n|-resisted|p2a: Jirachi\n|-damage|p2a: Jirachi|0 fnt\n|faint|p2a: Jirachi\n|\n|upkeep\n|\n|switch|p2a: Tentacruel|Tentacruel, L82, M|265\/265\n|-damage|p2a: Tentacruel|232\/265|[from] Stealth Rock\n|turn|10\n|\n|move|p2a: Tentacruel|Scald|p1a: Mudsdale\n|-supereffective|p1a: Mudsdale\n|-damage|p1a: Mudsdale|77\/319\n|-ability|p1a: Mudsdale|Stamina|boost\n|-boost|p1a: Mudsdale|def|1\n|-damage|p2a: Tentacruel|206\/265|[from] item: Life Orb\n|move|p1a: Mudsdale|Earthquake|p2a: Tentacruel\n|-supereffective|p2a: Tentacruel\n|-damage|p2a: Tentacruel|0 fnt\n|faint|p2a: Tentacruel\n|\n|upkeep\n|\n|switch|p2a: Whiscash|Whiscash, L89, F|341\/341\n|-damage|p2a: Whiscash|320\/341|[from] Stealth Rock\n|turn|11\n|\n|switch|p1a: Samurott|Samurott, L86, F|304\/304\n|-damage|p1a: Samurott|266\/304|[from] Stealth Rock\n|move|p2a: Whiscash|Waterfall|p1a: Samurott\n|-resisted|p1a: Samurott\n|-damage|p1a: Samurott|214\/304\n|-damage|p2a: Whiscash|286\/341|[from] item: Life Orb\n|\n|upkeep\n|turn|12\n|\n|move|p1a: Samurott|Grass Knot|p2a: Whiscash\n|-supereffective|p2a: Whiscash\n|-damage|p2a: Whiscash|150\/341\n|move|p2a: Whiscash|Dragon Dance|p2a: Whiscash\n|-boost|p2a: Whiscash|atk|1\n|-boost|p2a: Whiscash|spe|1\n|\n|upkeep\n|turn|13\n|\n|move|p2a: Whiscash|Earthquake|p1a: Samurott\n|-damage|p1a: Samurott|7\/304\n|-damage|p2a: Whiscash|116\/341|[from] item: Life Orb\n|move|p1a: Samurott|Grass Knot|p2a: Whiscash\n|-supereffective|p2a: Whiscash\n|-damage|p2a: Whiscash|0 fnt\n|faint|p2a: Whiscash\n|\n|upkeep\n|\n|switch|p2a: Skuntank|Skuntank, L88, F|325\/325\n|-damage|p2a: Skuntank|285\/325|[from] Stealth Rock\n|turn|14\n|\n|move|p2a: Skuntank|Sucker Punch|p1a: Samurott\n|-damage|p1a: Samurott|0 fnt\n|-damage|p2a: Skuntank|253\/325|[from] item: Life Orb\n|faint|p1a: Samurott\n|\n|upkeep\n|\n|switch|p1a: Mudsdale|Mudsdale, L88, M|77\/319\n|-damage|p1a: Mudsdale|58\/319|[from] Stealth Rock\n|turn|15\n|\n|move|p2a: Skuntank|Crunch|p1a: Mudsdale\n|-damage|p1a: Mudsdale|0 fnt\n|-damage|p2a: Skuntank|221\/325|[from] item: Life Orb\n|faint|p1a: Mudsdale\n|\n|upkeep\n|\n|switch|p1a: Emboar|Emboar, L85, M|326\/326\n|-damage|p1a: Emboar|286\/326|[from] Stealth Rock\n|turn|16\n|\n|move|p2a: Skuntank|Poison Jab|p1a: Emboar\n|-damage|p1a: Emboar|146\/326\n|-damage|p2a: Skuntank|189\/325|[from] item: Life Orb\n|move|p1a: Emboar|Wild Charge|p2a: Skuntank\n|-damage|p2a: Skuntank|73\/325\n|-damage|p1a: Emboar|117\/326|[from] Recoil\n|\n|upkeep\n|turn|17\n|\n|move|p1a: Emboar|Sucker Punch|p2a: Skuntank\n|-resisted|p2a: Skuntank\n|-damage|p2a: Skuntank|39\/325\n|move|p2a: Skuntank|Poison Jab|p1a: Emboar\n|-damage|p1a: Emboar|0 fnt\n|-damage|p2a: Skuntank|7\/325|[from] item: Life Orb\n|faint|p1a: Emboar\n|\n|upkeep\n|\n|switch|p1a: Aromatisse|Aromatisse, L87, F|317\/317\n|-damage|p1a: Aromatisse|278\/317|[from] Stealth Rock\n|turn|18\n|\n|move|p2a: Skuntank|Poison Jab|p1a: Aromatisse\n|-supereffective|p1a: Aromatisse\n|-damage|p1a: Aromatisse|5\/317\n|-status|p1a: Aromatisse|psn\n|-damage|p2a: Skuntank|0 fnt|[from] item: Life Orb\n|faint|p2a: Skuntank\n|move|p1a: Aromatisse|Wish|p1a: Aromatisse\n|\n|-damage|p1a: Aromatisse|0 fnt|[from] psn\n|faint|p1a: Aromatisse\n|upkeep\n|\n|switch|p2a: Scolipede|Scolipede, L81, M|230\/230\n|switch|p1a: Diancie|Diancie, L80|211\/211\n|-damage|p2a: Scolipede|173\/230|[from] Stealth Rock\n|-damage|p1a: Diancie|185\/211|[from] Stealth Rock\n|turn|19\n|\n|detailschange|p1a: Diancie|Diancie-Mega, L80\n|-mega|p1a: Diancie|Diancie|Diancite\n|move|p2a: Scolipede|Earthquake|p1a: Diancie\n|-supereffective|p1a: Diancie\n|-damage|p1a: Diancie|39\/211\n|-damage|p2a: Scolipede|150\/230|[from] item: Life Orb\n|move|p1a: Diancie|Diamond Storm|p2a: Scolipede\n|-supereffective|p2a: Scolipede\n|-damage|p2a: Scolipede|0 fnt\n|faint|p2a: Scolipede\n|\n|-heal|p1a: Diancie|197\/211|[from] move: Wish|[wisher] Aromatisse\n|upkeep\n|\n|switch|p2a: Donphan|Donphan, L84, M|235\/288\n|-damage|p2a: Donphan|217\/288|[from] Stealth Rock\n|turn|20\n|\n|move|p1a: Diancie|Earth Power|p2a: Donphan\n|-damage|p2a: Donphan|98\/288\n|move|p2a: Donphan|Earthquake|p1a: Diancie\n|-supereffective|p1a: Diancie\n|-damage|p1a: Diancie|0 fnt\n|faint|p1a: Diancie\n|\n|win|Team Rocket 151\n|c|\u2606Hajmola|Gg\n|c|\u2606Team Rocket 151|gg\n","inputlog":">version 69e97e8713265d5f48d28da943728df2ab8ffb44\n>version-origin cd11b1e28a6c27a9391a727dc788f185efd01726\n>start {\"formatid\":\"gen7unratedrandombattle\",\"seed\":[27545,10038,41642,30656]}\n>player p1 {\"name\":\"Hajmola\",\"avatar\":\"10\",\"team\":\"\",\"rating\":0,\"seed\":[25968,39517,11875,27139]}\n>player p2 {\"name\":\"Team Rocket 151\",\"avatar\":\"teamrocket\",\"team\":\"\",\"rating\":0,\"seed\":[61571,3313,22288,57154]}\n>p1 move earthquake\n>p2 move substitute\n>p1 move shadowclaw\n>p2 move firepunch\n>p1 move trickroom\n>p2 move firepunch\n>p1 move shadowclaw\n>p2 move substitute\n>p1 switch 4\n>p1 move earthquake\n>p2 move wish\n>p1 move earthquake\n>p2 switch 3\n>p1 move heavyslam\n>p2 move stealthrock\n>p1 move stealthrock\n>p2 move knockoff\n>p1 move heavyslam\n>p2 switch 3\n>p2 switch 4\n>p1 move earthquake\n>p2 move scald\n>p2 switch 5\n>p1 switch 5\n>p2 move waterfall\n>p1 move grassknot\n>p2 move dragondance\n>p1 move grassknot\n>p2 move earthquake\n>p2 switch 6\n>p1 move megahorn\n>p2 move suckerpunch\n>p1 switch 5\n>p1 move earthquake\n>p2 move crunch\n>p1 switch 6\n>p1 move wildcharge\n>p2 move poisonjab\n>p1 move suckerpunch\n>p2 move poisonjab\n>p1 switch 3\n>p1 move wish\n>p2 move poisonjab\n>p1 switch 2\n>p2 switch 2\n>p1 move diamondstorm mega\n>p2 move earthquake\n>p2 switch 3\n>p1 move earthpower\n>p2 move earthquake","uploadtime":1570634794,"views":0,"p1id":"hajmola","p2id":"teamrocket151","formatid":"gen7unratedrandombattle","rating":0,"private":0,"password":null}