{"id":"gen7randombattle-1675371127","p1":"CMS60","p2":"knexhawk2","format":"gen7randombattle","log":"|j|\u2606CMS60\n|j|\u2606knexhawk2\n|t:|1664669355\n|gametype|singles\n|player|p1|CMS60|101|\n|player|p2|knexhawk2|red-masters|\n|teamsize|p1|6\n|teamsize|p2|6\n|gen|7\n|tier|[Gen 7] Random Battle\n|rule|Sleep Clause Mod: Limit one foe put to sleep\n|rule|HP Percentage Mod: HP is shown in percentages\n|rule|Mega Rayquaza Clause: You cannot mega evolve Rayquaza\n|\n|t:|1664669355\n|start\n|switch|p1a: Minior|Minior-Orange, L86|243\/243\n|switch|p2a: Roserade|Roserade, L84, F|238\/238\n|-formechange|p1a: Minior|Minior-Meteor||[from] ability: Shields Down\n|turn|1\n|c|\u2606knexhawk2|why a gen 7 random battle\n|c|\u2606CMS60|because its a true test of skill\n|c|\u2606CMS60|winner is better at pokemon\n|inactive|Battle timer is ON: inactive players will automatically lose when time's up. (requested by CMS60)\n|c|\u2606knexhawk2|well you win with this thing immediately\n|\n|t:|1664669398\n|switch|p2a: Primarina|Primarina, L82, M|265\/265\n|move|p1a: Minior|Shell Smash|p1a: Minior\n|-unboost|p1a: Minior|def|1\n|-unboost|p1a: Minior|spd|1\n|-boost|p1a: Minior|atk|2\n|-boost|p1a: Minior|spa|2\n|-boost|p1a: Minior|spe|2\n|-enditem|p1a: Minior|White Herb\n|-clearnegativeboost|p1a: Minior|[silent]\n|\n|upkeep\n|turn|2\n|\n|t:|1664669402\n|move|p1a: Minior|Acrobatics|p2a: Primarina\n|-damage|p2a: Primarina|72\/265\n|move|p2a: Primarina|Hydro Pump|p1a: Minior|[miss]\n|-miss|p2a: Primarina|p1a: Minior\n|\n|upkeep\n|turn|3\n|\n|t:|1664669407\n|move|p1a: Minior|Acrobatics|p2a: Primarina\n|-damage|p2a: Primarina|0 fnt\n|faint|p2a: Primarina\n|\n|upkeep\n|\n|t:|1664669408\n|switch|p2a: Golurk|Golurk, L88|300\/300\n|turn|4\n|c|\u2606CMS60|bro get better\n|\n|t:|1664669413\n|move|p1a: Minior|Acrobatics|p2a: Golurk\n|-damage|p2a: Golurk|128\/300\n|move|p2a: Golurk|Dynamic Punch|p1a: Minior\n|-damage|p1a: Minior|134\/243\n|-start|p1a: Minior|confusion\n|-damage|p2a: Golurk|98\/300|[from] item: Life Orb\n|\n|upkeep\n|turn|5\n|\n|t:|1664669420\n|-activate|p1a: Minior|confusion\n|move|p1a: Minior|Acrobatics|p2a: Golurk\n|-damage|p2a: Golurk|0 fnt\n|faint|p2a: Golurk\n|\n|upkeep\n|\n|t:|1664669424\n|switch|p2a: Kingler|Kingler, L88, M|240\/240\n|turn|6\n|\n|t:|1664669428\n|-activate|p1a: Minior|confusion\n|move|p1a: Minior|Power Gem|p2a: Kingler\n|-damage|p2a: Kingler|60\/240\n|move|p2a: Kingler|Liquidation|p1a: Minior\n|-supereffective|p1a: Minior\n|-damage|p1a: Minior|0 fnt\n|faint|p1a: Minior\n|\n|upkeep\n|\n|t:|1664669440\n|switch|p1a: Medicham|Medicham, L80, F|227\/227\n|turn|7\n|\n|t:|1664669456\n|detailschange|p1a: Medicham|Medicham-Mega, L80, F\n|-mega|p1a: Medicham|Medicham|Medichamite\n|move|p1a: Medicham|Thunder Punch|p2a: Kingler\n|-supereffective|p2a: Kingler\n|-damage|p2a: Kingler|0 fnt\n|faint|p2a: Kingler\n|\n|upkeep\n|\n|t:|1664669461\n|switch|p2a: Volcarona|Volcarona, L80, M|267\/267\n|turn|8\n|\n|t:|1664669466\n|move|p1a: Medicham|Zen Headbutt|p2a: Volcarona|[miss]\n|-miss|p1a: Medicham|p2a: Volcarona\n|move|p2a: Volcarona|Quiver Dance|p2a: Volcarona\n|-boost|p2a: Volcarona|spa|1\n|-boost|p2a: Volcarona|spd|1\n|-boost|p2a: Volcarona|spe|1\n|\n|upkeep\n|turn|9\n|\n|t:|1664669472\n|move|p2a: Volcarona|Fiery Dance|p1a: Medicham\n|-damage|p1a: Medicham|71\/227\n|-boost|p2a: Volcarona|spa|1\n|move|p1a: Medicham|Zen Headbutt|p2a: Volcarona\n|-damage|p2a: Volcarona|65\/267\n|\n|upkeep\n|turn|10\n|\n|t:|1664669479\n|move|p2a: Volcarona|Fiery Dance|p1a: Medicham\n|-damage|p1a: Medicham|0 fnt\n|-boost|p2a: Volcarona|spa|1\n|faint|p1a: Medicham\n|\n|upkeep\n|\n|t:|1664669486\n|switch|p1a: Linoone|Linoone, L84, M|268\/268\n|turn|11\n|\n|t:|1664669491\n|move|p1a: Linoone|Extreme Speed|p2a: Volcarona\n|-damage|p2a: Volcarona|0 fnt\n|faint|p2a: Volcarona\n|\n|upkeep\n|\n|t:|1664669494\n|switch|p2a: Roserade|Roserade, L84, F|238\/238\n|turn|12\n|\n|t:|1664669497\n|move|p1a: Linoone|Belly Drum|p1a: Linoone\n|-damage|p1a: Linoone|134\/268\n|-setboost|p1a: Linoone|atk|6|[from] move: Belly Drum\n|-enditem|p1a: Linoone|Wiki Berry|[eat]\n|-heal|p1a: Linoone|268\/268|[from] item: Wiki Berry\n|move|p2a: Roserade|Sleep Powder|p1a: Linoone\n|-status|p1a: Linoone|slp|[from] move: Sleep Powder\n|\n|upkeep\n|turn|13\n|\n|t:|1664669500\n|cant|p1a: Linoone|slp\n|move|p2a: Roserade|Sludge Bomb|p1a: Linoone\n|-damage|p1a: Linoone|129\/268 slp\n|\n|upkeep\n|turn|14\n|\n|t:|1664669503\n|-curestatus|p1a: Linoone|slp|[msg]\n|move|p1a: Linoone|Extreme Speed|p2a: Roserade\n|-enditem|p2a: Roserade|Focus Sash\n|-damage|p2a: Roserade|1\/238\n|move|p2a: Roserade|Sludge Bomb|p1a: Linoone\n|-damage|p1a: Linoone|0 fnt\n|faint|p1a: Linoone\n|\n|upkeep\n|\n|t:|1664669508\n|switch|p1a: Machamp|Machamp, L84, F|288\/288\n|turn|15\n|\n|t:|1664669511\n|move|p1a: Machamp|Bullet Punch|p2a: Roserade\n|-damage|p2a: Roserade|0 fnt\n|faint|p2a: Roserade\n|\n|-status|p1a: Machamp|brn|[from] item: Flame Orb\n|upkeep\n|\n|t:|1664669512\n|switch|p2a: Shiftry|Shiftry, L88, M|302\/302\n|turn|16\n|\n|t:|1664669516\n|move|p2a: Shiftry|Seed Bomb|p1a: Machamp\n|-damage|p1a: Machamp|162\/288 brn\n|-damage|p2a: Shiftry|272\/302|[from] item: Life Orb\n|move|p1a: Machamp|Close Combat|p2a: Shiftry\n|-supereffective|p2a: Shiftry\n|-damage|p2a: Shiftry|0 fnt\n|-unboost|p1a: Machamp|def|1\n|-unboost|p1a: Machamp|spd|1\n|faint|p2a: Shiftry\n|\n|win|CMS60\n|c|\u2606CMS60|ez\n|c|\u2606knexhawk2|lol\n|l|\u2606knexhawk2\n","inputlog":">version ada2e1bce654ffdfc9a93da4ff105a49d2af2ffc\n>start {\"formatid\":\"gen7randombattle\",\"seed\":[1857,65164,25704,245]}\n>player p1 {\"name\":\"CMS60\",\"avatar\":\"101\",\"rating\":0,\"seed\":[54837,64433,38750,53314]}\n>player p2 {\"name\":\"knexhawk2\",\"avatar\":\"red-masters\",\"rating\":0,\"seed\":[10281,5019,6280,57421]}\n>chat \u2606knexhawk2|why a gen 7 random battle\n>chat \u2606CMS60|because its a true test of skill\n>chat \u2606CMS60|winner is better at pokemon\n>chat \u2606knexhawk2|well you win with this thing immediately \n>p1 move shellsmash\n>p2 switch 5\n>p1 move acrobatics\n>p2 move hydropump\n>p1 move acrobatics\n>p2 move hydropump\n>p2 switch 6\n>chat \u2606CMS60|bro get better\n>p1 move acrobatics\n>p2 move dynamicpunch\n>p1 move acrobatics\n>p2 move dynamicpunch\n>p2 switch 4\n>p1 move powergem\n>p2 move liquidation\n>p1 switch 4\n>p1 move thunderpunch mega\n>p2 move liquidation\n>p2 switch 2\n>p1 move zenheadbutt\n>p2 move quiverdance\n>p1 move zenheadbutt\n>p2 move fierydance\n>p1 move zenheadbutt\n>p2 move fierydance\n>p1 switch 3\n>p1 move extremespeed\n>p2 move bugbuzz zmove\n>p2 switch 5\n>p1 move bellydrum\n>p2 move sleeppowder\n>p1 move extremespeed\n>p2 move sludgebomb\n>p1 move extremespeed\n>p2 move sludgebomb\n>p1 switch 2\n>p1 move bulletpunch\n>p2 move sleeppowder\n>p2 switch 3\n>p1 move closecombat\n>p2 move seedbomb","uploadtime":1664669532,"views":5,"p1id":"cms60","p2id":"knexhawk2","formatid":"gen7randombattle","rating":0,"private":0,"password":null}