{"id":"gen7randombattle-1582273390","p1":"Luigild","p2":"firepunch917","format":"gen7randombattle","log":"|j|\u2606Luigild\n|j|\u2606firepunch917\n|t:|1653458721\n|gametype|singles\n|player|p1|Luigild|sabrina|1624\n|player|p2|firepunch917|102|1672\n|teamsize|p1|6\n|teamsize|p2|6\n|gen|7\n|tier|[Gen 7] Random Battle\n|rated|\n|rule|Sleep Clause Mod: Limit one foe put to sleep\n|rule|HP Percentage Mod: HP is shown in percentages\n|\n|t:|1653458721\n|start\n|switch|p1a: Raticate|Raticate-Alola, L88, M|275\/275\n|switch|p2a: Hydreigon|Hydreigon, L82, F|285\/285\n|turn|1\n|inactive|Battle timer is ON: inactive players will automatically lose when time's up. (requested by Luigild)\n|inactive|Luigild has 120 seconds left.\n|\n|t:|1653458755\n|move|p2a: Hydreigon|Draco Meteor|p1a: Raticate\n|-damage|p1a: Raticate|79\/275\n|-unboost|p2a: Hydreigon|spa|2\n|-damage|p2a: Hydreigon|257\/285|[from] item: Life Orb\n|move|p1a: Raticate|Double-Edge|p2a: Hydreigon\n|-damage|p2a: Hydreigon|27\/285\n|-damage|p1a: Raticate|3\/275|[from] Recoil\n|-damage|p1a: Raticate|0 fnt|[from] item: Life Orb\n|faint|p1a: Raticate\n|\n|upkeep\n|\n|t:|1653458766\n|switch|p1a: Tornadus|Tornadus, L84, M|270\/270\n|turn|2\n|\n|t:|1653458770\n|move|p1a: Tornadus|U-turn|p2a: Hydreigon\n|-supereffective|p2a: Hydreigon\n|-damage|p2a: Hydreigon|0 fnt\n|faint|p2a: Hydreigon\n|inactive|Luigild has 120 seconds left.\n|\n|t:|1653458823\n|switch|p1a: Sigilyph|Sigilyph, L86, F|263\/263\n|\n|upkeep\n|\n|t:|1653458830\n|switch|p2a: Sharpedo|Sharpedo, L84, M|255\/255\n|turn|3\n|\n|t:|1653458846\n|switch|p1a: Tornadus|Tornadus, L84, M|270\/270\n|move|p2a: Sharpedo|Crunch|p1a: Tornadus\n|-damage|p1a: Tornadus|114\/270\n|-damage|p2a: Sharpedo|230\/255|[from] item: Life Orb\n|\n|-ability|p2a: Sharpedo|Speed Boost|boost\n|-boost|p2a: Sharpedo|spe|1\n|upkeep\n|turn|4\n|\n|t:|1653458852\n|move|p2a: Sharpedo|Crunch|p1a: Tornadus\n|-damage|p1a: Tornadus|0 fnt\n|faint|p1a: Tornadus\n|-damage|p2a: Sharpedo|205\/255|[from] item: Life Orb\n|\n|-ability|p2a: Sharpedo|Speed Boost|boost\n|-boost|p2a: Sharpedo|spe|1\n|upkeep\n|\n|t:|1653458861\n|switch|p1a: Dialga|Dialga, L76|277\/277\n|-ability|p1a: Dialga|Pressure\n|turn|5\n|\n|t:|1653458865\n|move|p2a: Sharpedo|Earthquake|p1a: Dialga\n|-supereffective|p1a: Dialga\n|-damage|p1a: Dialga|92\/277\n|-damage|p2a: Sharpedo|180\/255|[from] item: Life Orb\n|move|p1a: Dialga|Draco Meteor|p2a: Sharpedo\n|-damage|p2a: Sharpedo|0 fnt\n|-unboost|p1a: Dialga|spa|2\n|faint|p2a: Sharpedo\n|\n|-heal|p1a: Dialga|109\/277|[from] item: Leftovers\n|upkeep\n|\n|t:|1653458872\n|switch|p2a: Kingler|Kingler, L88, F|240\/240\n|turn|6\n|\n|t:|1653458877\n|move|p2a: Kingler|Agility|p2a: Kingler\n|-boost|p2a: Kingler|spe|2\n|move|p1a: Dialga|Stealth Rock|p2a: Kingler\n|-sidestart|p2: firepunch917|move: Stealth Rock\n|\n|-heal|p1a: Dialga|126\/277|[from] item: Leftovers\n|upkeep\n|turn|7\n|\n|t:|1653458882\n|move|p2a: Kingler|Swords Dance|p2a: Kingler\n|-boost|p2a: Kingler|atk|2\n|move|p1a: Dialga|Toxic|p2a: Kingler\n|-status|p2a: Kingler|tox\n|\n|-heal|p1a: Dialga|143\/277|[from] item: Leftovers\n|-damage|p2a: Kingler|225\/240 tox|[from] psn\n|upkeep\n|turn|8\n|\n|t:|1653458887\n|move|p2a: Kingler|Liquidation|p1a: Dialga\n|-resisted|p1a: Dialga\n|-damage|p1a: Dialga|0 fnt\n|faint|p1a: Dialga\n|\n|-damage|p2a: Kingler|195\/240 tox|[from] psn\n|upkeep\n|\n|t:|1653458895\n|switch|p1a: Sigilyph|Sigilyph, L86, F|263\/263\n|turn|9\n|-message|Luigild forfeited.\n|\n|win|firepunch917\n|raw|Luigild's rating: 1624 &rarr; <strong>1607<\/strong><br \/>(-17 for losing)\n|raw|firepunch917's rating: 1672 &rarr; <strong>1689<\/strong><br \/>(+17 for winning)\n|l|\u2606Luigild\n","inputlog":">version 2fb0b47ab463e8a2498db9c354e64d4afc199178\n>start {\"formatid\":\"gen7randombattle\",\"seed\":[4565,49976,62831,13771],\"rated\":\"Rated battle\"}\n>player p1 {\"name\":\"Luigild\",\"avatar\":\"sabrina\",\"rating\":1624,\"seed\":[16852,4692,17980,3931]}\n>player p2 {\"name\":\"firepunch917\",\"avatar\":\"102\",\"rating\":1672,\"seed\":[22588,53959,60722,12981]}\n>p1 move doubleedge\n>p2 move dracometeor\n>p1 switch 3\n>p1 move uturn\n>p2 move roost\n>p1 switch 5\n>p2 switch 2\n>p1 switch 5\n>p2 move crunch\n>p1 move hurricane zmove\n>p2 move crunch\n>p1 switch 2\n>p1 move dracometeor\n>p2 move earthquake\n>p2 switch 4\n>p1 move stealthrock\n>p2 move agility\n>p1 move toxic\n>p2 move swordsdance\n>p1 move dracometeor\n>p2 move liquidation\n>p1 switch 5\n>forcelose p1","uploadtime":1653458897,"views":5,"p1id":"luigild","p2id":"firepunch917","formatid":"gen7randombattle","rating":1607,"private":0,"password":null}