{"id":"gen7randombattle-1657329530","p1":"IamGreatPretender","p2":"The Last Hero","format":"gen7randombattle","log":"|j|\u2606IamGreatPretender\n|j|\u2606The Last Hero\n|t:|1662451053\n|gametype|singles\n|player|p1|IamGreatPretender|ingo|\n|player|p2|The Last Hero|acetrainersnow|\n|teamsize|p1|6\n|teamsize|p2|6\n|gen|7\n|tier|[Gen 7] Random Battle\n|rated|Tournament battle\n|rule|Sleep Clause Mod: Limit one foe put to sleep\n|rule|HP Percentage Mod: HP is shown in percentages\n|rule|Mega Rayquaza Clause: You cannot mega evolve Rayquaza\n|\n|t:|1662451053\n|start\n|switch|p1a: Delphox|Delphox, L86, F|269\/269\n|switch|p2a: Garchomp|Garchomp, L80, M|304\/304\n|turn|1\n|j| BB-8-NU\n|\n|t:|1662451067\n|switch|p1a: Gliscor|Gliscor, L80, M|251\/251\n|move|p2a: Garchomp|Earthquake|p1a: Gliscor\n|-immune|p1a: Gliscor\n|\n|-status|p1a: Gliscor|tox|[from] item: Toxic Orb\n|upkeep\n|turn|2\n|inactive|Battle timer is ON: inactive players will automatically lose when time's up. (requested by IamGreatPretender)\n|c|\u2606IamGreatPretender|glhf\n|j| heyhhey\n|\n|t:|1662451076\n|switch|p2a: Golisopod|Golisopod, L84, F|263\/263\n|move|p1a: Gliscor|Knock Off|p2a: Golisopod\n|-damage|p2a: Golisopod|218\/263\n|-enditem|p2a: Golisopod|Sitrus Berry|[from] move: Knock Off|[of] p1a: Gliscor\n|\n|upkeep\n|turn|3\n|c|\u2606The Last Hero|same\n|\n|t:|1662451083\n|switch|p1a: Giratina|Giratina, L76|353\/353\n|-ability|p1a: Giratina|Pressure\n|move|p2a: Golisopod|Spikes|p1a: Giratina\n|-sidestart|p1: IamGreatPretender|Spikes\n|\n|upkeep\n|turn|4\n|l| heyhhey\n|\n|t:|1662451096\n|move|p1a: Giratina|Will-O-Wisp|p2a: Golisopod\n|-status|p2a: Golisopod|brn\n|move|p2a: Golisopod|Spikes|p1a: Giratina\n|-sidestart|p1: IamGreatPretender|Spikes\n|\n|-damage|p2a: Golisopod|202\/263 brn|[from] brn\n|upkeep\n|turn|5\n|\n|t:|1662451105\n|switch|p2a: Girafarig|Girafarig, L88, F|266\/266\n|move|p1a: Giratina|Shadow Ball|p2a: Girafarig\n|-immune|p2a: Girafarig\n|\n|upkeep\n|turn|6\n|\n|t:|1662451118\n|switch|p1a: Absol|Absol, L84, F|246\/246\n|-damage|p1a: Absol|205\/246|[from] Spikes\n|move|p2a: Girafarig|Substitute|p2a: Girafarig\n|-start|p2a: Girafarig|Substitute\n|-damage|p2a: Girafarig|200\/266\n|\n|-heal|p2a: Girafarig|216\/266|[from] item: Leftovers\n|upkeep\n|turn|7\n|\n|t:|1662451124\n|move|p2a: Girafarig|Thunderbolt|p1a: Absol\n|-damage|p1a: Absol|119\/246\n|move|p1a: Absol|Knock Off|p2a: Girafarig\n|-supereffective|p2a: Girafarig\n|-end|p2a: Girafarig|Substitute\n|\n|-heal|p2a: Girafarig|232\/266|[from] item: Leftovers\n|upkeep\n|turn|8\n|\n|t:|1662451133\n|switch|p2a: Breloom|Breloom, L82, F|233\/233\n|move|p1a: Absol|Knock Off|p2a: Breloom\n|-resisted|p2a: Breloom\n|-damage|p2a: Breloom|164\/233\n|-enditem|p2a: Breloom|Life Orb|[from] move: Knock Off|[of] p1a: Absol\n|\n|upkeep\n|turn|9\n|\n|t:|1662451146\n|move|p2a: Breloom|Mach Punch|p1a: Absol\n|-supereffective|p1a: Absol\n|-damage|p1a: Absol|0 fnt\n|faint|p1a: Absol\n|\n|upkeep\n|\n|t:|1662451149\n|switch|p1a: Delphox|Delphox, L86, F|269\/269\n|-damage|p1a: Delphox|225\/269|[from] Spikes\n|turn|10\n|\n|t:|1662451154\n|switch|p2a: Golisopod|Golisopod, L84, F|202\/263 brn\n|move|p1a: Delphox|Fire Blast|p2a: Golisopod\n|-damage|p2a: Golisopod|61\/263 brn\n|-activate|p2a: Golisopod|ability: Emergency Exit\n|\n|t:|1662451161\n|switch|p2a: Garchomp|Garchomp, L80, M|304\/304\n|\n|upkeep\n|turn|11\n|\n|t:|1662451171\n|switch|p1a: Gliscor|Gliscor, L80, M|251\/251 tox\n|move|p2a: Garchomp|Outrage|p1a: Gliscor\n|-damage|p1a: Gliscor|133\/251 tox\n|\n|-heal|p1a: Gliscor|164\/251 tox|[from] ability: Poison Heal\n|upkeep\n|turn|12\n|\n|t:|1662451177\n|move|p2a: Garchomp|Outrage|p1a: Gliscor|[from]lockedmove\n|-damage|p1a: Gliscor|35\/251 tox\n|move|p1a: Gliscor|Roost|p1a: Gliscor\n|-heal|p1a: Gliscor|161\/251 tox\n|-singleturn|p1a: Gliscor|move: Roost\n|\n|-heal|p1a: Gliscor|192\/251 tox|[from] ability: Poison Heal\n|upkeep\n|turn|13\n|\n|t:|1662451185\n|move|p2a: Garchomp|Outrage|p1a: Gliscor|[from]lockedmove\n|-damage|p1a: Gliscor|66\/251 tox\n|-start|p2a: Garchomp|confusion|[fatigue]\n|move|p1a: Gliscor|Roost|p1a: Gliscor\n|-heal|p1a: Gliscor|192\/251 tox\n|-singleturn|p1a: Gliscor|move: Roost\n|\n|-heal|p1a: Gliscor|223\/251 tox|[from] ability: Poison Heal\n|upkeep\n|turn|14\n|\n|t:|1662451193\n|switch|p2a: Breloom|Breloom, L82, F|164\/233\n|move|p1a: Gliscor|Knock Off|p2a: Breloom\n|-resisted|p2a: Breloom\n|-damage|p2a: Breloom|140\/233\n|\n|-heal|p1a: Gliscor|251\/251 tox|[from] ability: Poison Heal\n|upkeep\n|turn|15\n|\n|t:|1662451205\n|move|p1a: Gliscor|Earthquake|p2a: Breloom\n|-resisted|p2a: Breloom\n|-damage|p2a: Breloom|83\/233\n|move|p2a: Breloom|Bullet Seed|p1a: Gliscor\n|-damage|p1a: Gliscor|214\/251 tox\n|-damage|p1a: Gliscor|175\/251 tox\n|-damage|p1a: Gliscor|138\/251 tox\n|-damage|p1a: Gliscor|99\/251 tox\n|-hitcount|p1a: Gliscor|4\n|\n|-heal|p1a: Gliscor|130\/251 tox|[from] ability: Poison Heal\n|upkeep\n|turn|16\n|\n|t:|1662451210\n|move|p1a: Gliscor|Roost|p1a: Gliscor\n|-heal|p1a: Gliscor|251\/251 tox\n|-singleturn|p1a: Gliscor|move: Roost\n|move|p2a: Breloom|Bullet Seed|p1a: Gliscor\n|-supereffective|p1a: Gliscor\n|-damage|p1a: Gliscor|177\/251 tox\n|-supereffective|p1a: Gliscor\n|-damage|p1a: Gliscor|105\/251 tox\n|-supereffective|p1a: Gliscor\n|-damage|p1a: Gliscor|27\/251 tox\n|-hitcount|p1a: Gliscor|3\n|\n|-heal|p1a: Gliscor|58\/251 tox|[from] ability: Poison Heal\n|upkeep\n|turn|17\n|\n|t:|1662451218\n|switch|p1a: Delphox|Delphox, L86, F|225\/269\n|-damage|p1a: Delphox|181\/269|[from] Spikes\n|move|p2a: Breloom|Bullet Seed|p1a: Delphox\n|-resisted|p1a: Delphox\n|-damage|p1a: Delphox|154\/269\n|-resisted|p1a: Delphox\n|-damage|p1a: Delphox|129\/269\n|-resisted|p1a: Delphox\n|-damage|p1a: Delphox|105\/269\n|-hitcount|p1a: Delphox|3\n|\n|upkeep\n|turn|18\n|\n|t:|1662451223\n|switch|p2a: Golisopod|Golisopod, L84, F|61\/263 brn\n|move|p1a: Delphox|Fire Blast|p2a: Golisopod\n|-damage|p2a: Golisopod|0 fnt\n|faint|p2a: Golisopod\n|\n|upkeep\n|\n|t:|1662451228\n|switch|p2a: Garchomp|Garchomp, L80, M|304\/304\n|turn|19\n|\n|t:|1662451243\n|move|p1a: Delphox|Psyshock|p2a: Garchomp\n|-crit|p2a: Garchomp\n|-damage|p2a: Garchomp|157\/304\n|move|p2a: Garchomp|Outrage|p1a: Delphox\n|-damage|p1a: Delphox|0 fnt\n|faint|p1a: Delphox\n|\n|upkeep\n|inactive|IamGreatPretender has 120 seconds left.\n|\n|t:|1662451265\n|switch|p1a: Diggersby|Diggersby, L82, M|274\/274\n|-damage|p1a: Diggersby|229\/274|[from] Spikes\n|turn|20\n|inactive|IamGreatPretender has 120 seconds left.\n|\n|t:|1662451276\n|move|p2a: Garchomp|Outrage|p1a: Diggersby|[from]lockedmove\n|-damage|p1a: Diggersby|76\/274\n|-start|p2a: Garchomp|confusion|[fatigue]\n|move|p1a: Diggersby|Agility|p1a: Diggersby\n|-boost|p1a: Diggersby|spe|2\n|\n|upkeep\n|turn|21\n|\n|t:|1662451282\n|switch|p2a: Granbull|Granbull, L88, F|302\/302\n|-ability|p2a: Granbull|Intimidate|boost\n|-unboost|p1a: Diggersby|atk|1\n|move|p1a: Diggersby|Return|p2a: Granbull\n|-damage|p2a: Granbull|166\/302\n|-damage|p1a: Diggersby|49\/274|[from] item: Life Orb\n|\n|upkeep\n|turn|22\n|\n|t:|1662451294\n|move|p1a: Diggersby|Return|p2a: Granbull\n|-damage|p2a: Granbull|44\/302\n|-damage|p1a: Diggersby|22\/274|[from] item: Life Orb\n|move|p2a: Granbull|Crunch|p1a: Diggersby\n|-damage|p1a: Diggersby|0 fnt\n|faint|p1a: Diggersby\n|-damage|p2a: Granbull|14\/302|[from] item: Life Orb\n|\n|upkeep\n|\n|t:|1662451298\n|switch|p1a: Gliscor|Gliscor, L80, M|58\/251 tox\n|turn|23\n|\n|t:|1662451304\n|switch|p2a: Metagross|Metagross, L76|247\/247\n|move|p1a: Gliscor|Roost|p1a: Gliscor\n|-heal|p1a: Gliscor|184\/251 tox\n|-singleturn|p1a: Gliscor|move: Roost\n|\n|-heal|p1a: Gliscor|215\/251 tox|[from] ability: Poison Heal\n|upkeep\n|turn|24\n|\n|t:|1662451313\n|detailschange|p2a: Metagross|Metagross-Mega, L76\n|-mega|p2a: Metagross|Metagross|Metagrossite\n|move|p2a: Metagross|Ice Punch|p1a: Gliscor\n|-supereffective|p1a: Gliscor\n|-damage|p1a: Gliscor|0 fnt\n|faint|p1a: Gliscor\n|\n|upkeep\n|\n|t:|1662451324\n|switch|p1a: Giratina|Giratina, L76|353\/353\n|-damage|p1a: Giratina|295\/353|[from] Spikes\n|-ability|p1a: Giratina|Pressure\n|turn|25\n|\n|t:|1662451332\n|switch|p2a: Breloom|Breloom, L82, F|83\/233\n|move|p1a: Giratina|Will-O-Wisp|p2a: Breloom\n|-status|p2a: Breloom|brn\n|\n|-heal|p1a: Giratina|317\/353|[from] item: Leftovers\n|-damage|p2a: Breloom|69\/233 brn|[from] brn\n|upkeep\n|turn|26\n|\n|t:|1662451342\n|move|p1a: Giratina|Shadow Ball|p2a: Breloom\n|-damage|p2a: Breloom|0 fnt\n|faint|p2a: Breloom\n|\n|-heal|p1a: Giratina|339\/353|[from] item: Leftovers\n|upkeep\n|\n|t:|1662451347\n|switch|p2a: Garchomp|Garchomp, L80, M|157\/304\n|turn|27\n|\n|t:|1662451358\n|move|p2a: Garchomp|Outrage|p1a: Giratina\n|-supereffective|p1a: Giratina\n|-damage|p1a: Giratina|103\/353\n|move|p1a: Giratina|Will-O-Wisp|p2a: Garchomp\n|-status|p2a: Garchomp|brn\n|\n|-heal|p1a: Giratina|125\/353|[from] item: Leftovers\n|-damage|p2a: Garchomp|138\/304 brn|[from] brn\n|upkeep\n|turn|28\n|\n|t:|1662451380\n|move|p2a: Garchomp|Outrage|p1a: Giratina|[from]lockedmove\n|-supereffective|p1a: Giratina\n|-damage|p1a: Giratina|0 fnt\n|faint|p1a: Giratina\n|\n|-damage|p2a: Garchomp|119\/304 brn|[from] brn\n|upkeep\n|\n|t:|1662451382\n|switch|p1a: Meloetta|Meloetta, L84|305\/305\n|-damage|p1a: Meloetta|255\/305|[from] Spikes\n|turn|29\n|\n|t:|1662451394\n|move|p2a: Garchomp|Outrage|p1a: Meloetta|[from]lockedmove\n|-crit|p1a: Meloetta\n|-damage|p1a: Meloetta|129\/305\n|-start|p2a: Garchomp|confusion|[fatigue]\n|move|p1a: Meloetta|Calm Mind|p1a: Meloetta\n|-boost|p1a: Meloetta|spa|1\n|-boost|p1a: Meloetta|spd|1\n|\n|-heal|p1a: Meloetta|148\/305|[from] item: Leftovers\n|-damage|p2a: Garchomp|100\/304 brn|[from] brn\n|upkeep\n|turn|30\n|\n|t:|1662451405\n|-activate|p2a: Garchomp|confusion\n|move|p2a: Garchomp|Outrage|p1a: Meloetta\n|-damage|p1a: Meloetta|69\/305\n|move|p1a: Meloetta|Hyper Voice|p2a: Garchomp\n|-damage|p2a: Garchomp|0 fnt\n|faint|p2a: Garchomp\n|\n|-heal|p1a: Meloetta|88\/305|[from] item: Leftovers\n|upkeep\n|\n|t:|1662451412\n|switch|p2a: Metagross|Metagross-Mega, L76|247\/247\n|turn|31\n|\n|t:|1662451416\n|move|p2a: Metagross|Ice Punch|p1a: Meloetta\n|-damage|p1a: Meloetta|0 fnt\n|faint|p1a: Meloetta\n|\n|win|The Last Hero\n|n|\u2606IamGreatPretender|iamgreatpretender\n|n|\u2606The Last Hero|thelasthero\n|n| BB-8-NU|bb8nu\n","inputlog":">version 8cf3438afc5b4a013c2b2d0b6cd5b917bdfe9b81\n>start {\"formatid\":\"gen7randombattle\",\"seed\":[59487,12424,46367,17060],\"rated\":\"Tournament battle\"}\n>player p1 {\"name\":\"IamGreatPretender\",\"avatar\":\"ingo\",\"rating\":0,\"seed\":[38150,32691,52139,3651]}\n>player p2 {\"name\":\"The Last Hero\",\"avatar\":\"acetrainersnow\",\"rating\":0,\"seed\":[31095,9396,21599,36813]}\n>p1 switch 2\n>p2 move earthquake\n>chat \u2606IamGreatPretender|glhf\n>p1 move knockoff\n>p2 switch 3\n>chat \u2606The Last Hero|same\n>p1 switch 4\n>p2 move spikes\n>p1 move willowisp\n>p2 move spikes\n>p1 move shadowball\n>p2 switch 4\n>p1 switch 3\n>p2 move substitute\n>p1 move knockoff\n>p2 move thunderbolt\n>p1 move knockoff\n>p2 switch 5\n>p1 move playrough\n>p2 move machpunch\n>p1 switch 2\n>p1 move fireblast\n>p2 switch 4\n>p2 switch 3\n>p1 switch 4\n>p2 move outrage\n>p1 move roost\n>p2 move outrage\n>p1 move roost\n>p2 move outrage\n>p1 move knockoff\n>p2 switch 4\n>p1 move earthquake\n>p2 move bulletseed\n>p1 move roost\n>p2 move bulletseed\n>p1 switch 4\n>p2 move bulletseed\n>p1 move fireblast\n>p2 switch 3\n>p2 switch 4\n>p1 move psyshock\n>p2 move outrage\n>p1 switch 5\n>p1 move agility\n>p2 move outrage\n>p1 move return\n>p2 switch 2\n>p1 move return\n>p2 move crunch\n>p1 switch 4\n>p1 move roost\n>p2 switch 6\n>p1 move earthquake\n>p2 move icepunch mega\n>p1 switch 3\n>p1 move willowisp\n>p2 switch 3\n>p1 move shadowball\n>p2 move rocktomb\n>p2 switch 2\n>p1 move willowisp\n>p2 move outrage\n>p1 move shadowball\n>p2 move outrage\n>p1 switch 6\n>p1 move calmmind\n>p2 move outrage\n>p1 move hypervoice\n>p2 move outrage\n>p2 switch 3\n>p1 move shadowball\n>p2 move icepunch","uploadtime":1662451417,"views":6,"p1id":"iamgreatpretender","p2id":"thelasthero","formatid":"gen7randombattle","rating":0,"private":0,"password":null}