{"id":"gen7randombattle-1576602404","p1":"firepunch917","p2":"JustaSqu1d","format":"gen7randombattle","log":"|j|\u2606firepunch917\n|j|\u2606JustaSqu1d\n|t:|1652775910\n|gametype|singles\n|player|p1|firepunch917|169|1613\n|player|p2|JustaSqu1d|265|1518\n|teamsize|p1|6\n|teamsize|p2|6\n|gen|7\n|tier|[Gen 7] Random Battle\n|rated|\n|rule|Sleep Clause Mod: Limit one foe put to sleep\n|rule|HP Percentage Mod: HP is shown in percentages\n|\n|t:|1652775910\n|start\n|switch|p1a: Sawk|Sawk, L88, M|275\/275\n|switch|p2a: Rhydon|Rhydon, L86, F|321\/321\n|turn|1\n|inactive|Battle timer is ON: inactive players will automatically lose when time's up. (requested by JustaSqu1d)\n|\n|t:|1652775923\n|switch|p2a: Arcanine|Arcanine, L84, F|287\/287\n|move|p1a: Sawk|Knock Off|p2a: Arcanine\n|-damage|p2a: Arcanine|197\/287\n|-enditem|p2a: Arcanine|Life Orb|[from] move: Knock Off|[of] p1a: Sawk\n|\n|upkeep\n|turn|2\n|\n|t:|1652775930\n|switch|p1a: Lanturn|Lanturn, L88, M|363\/363\n|move|p2a: Arcanine|Will-O-Wisp|p1a: Lanturn\n|-status|p1a: Lanturn|brn\n|\n|-damage|p1a: Lanturn|341\/363 brn|[from] brn\n|upkeep\n|turn|3\n|\n|t:|1652775934\n|switch|p2a: Watchog|Watchog, L88, M|249\/249\n|move|p1a: Lanturn|Volt Switch|p2a: Watchog\n|-damage|p2a: Watchog|177\/249\n|\n|t:|1652775941\n|switch|p1a: Virizion|Virizion, L84|290\/290\n|\n|-heal|p2a: Watchog|192\/249|[from] item: Leftovers\n|upkeep\n|turn|4\n|\n|t:|1652775944\n|switch|p2a: Togekiss|Togekiss, L82, M|274\/274\n|move|p1a: Virizion|Calm Mind|p1a: Virizion\n|-boost|p1a: Virizion|spa|1\n|-boost|p1a: Virizion|spd|1\n|\n|upkeep\n|turn|5\n|\n|t:|1652775948\n|switch|p1a: Lanturn|Lanturn, L88, M|341\/363 brn\n|move|p2a: Togekiss|Air Slash|p1a: Lanturn|[miss]\n|-miss|p2a: Togekiss|p1a: Lanturn\n|\n|-heal|p1a: Lanturn|363\/363 brn|[from] item: Leftovers\n|-damage|p1a: Lanturn|341\/363 brn|[from] brn\n|upkeep\n|turn|6\n|\n|t:|1652775951\n|switch|p2a: Watchog|Watchog, L88, M|192\/249\n|move|p1a: Lanturn|Volt Switch|p2a: Watchog\n|-damage|p2a: Watchog|111\/249\n|\n|t:|1652775955\n|switch|p1a: Sawk|Sawk, L88, M|275\/275\n|\n|-heal|p2a: Watchog|126\/249|[from] item: Leftovers\n|upkeep\n|turn|7\n|\n|t:|1652775956\n|switch|p2a: Aegislash|Aegislash, L76, F|216\/216\n|move|p1a: Sawk|Close Combat|p2a: Aegislash\n|-immune|p2a: Aegislash\n|\n|upkeep\n|turn|8\n|\n|t:|1652775959\n|move|p1a: Sawk|Bulk Up|p1a: Sawk\n|-boost|p1a: Sawk|atk|1\n|-boost|p1a: Sawk|def|1\n|move|p2a: Aegislash|Swords Dance|p2a: Aegislash\n|-boost|p2a: Aegislash|atk|2\n|\n|upkeep\n|turn|9\n|\n|t:|1652775964\n|move|p1a: Sawk|Knock Off|p2a: Aegislash\n|-supereffective|p2a: Aegislash\n|-damage|p2a: Aegislash|24\/216\n|-enditem|p2a: Aegislash|Life Orb|[from] move: Knock Off|[of] p1a: Sawk\n|-formechange|p2a: Aegislash|Aegislash-Blade||[from] ability: Stance Change\n|move|p2a: Aegislash|Iron Head|p1a: Sawk\n|-damage|p1a: Sawk|128\/275\n|\n|-heal|p1a: Sawk|145\/275|[from] item: Leftovers\n|upkeep\n|turn|10\n|\n|t:|1652775966\n|switch|p2a: Arcanine|Arcanine, L84, F|197\/287\n|move|p1a: Sawk|Earthquake|p2a: Arcanine\n|-supereffective|p2a: Arcanine\n|-damage|p2a: Arcanine|0 fnt\n|faint|p2a: Arcanine\n|\n|-heal|p1a: Sawk|162\/275|[from] item: Leftovers\n|upkeep\n|\n|t:|1652775967\n|switch|p2a: Aegislash|Aegislash, L76, F|24\/216\n|turn|11\n|\n|t:|1652775969\n|switch|p2a: Togekiss|Togekiss, L82, M|274\/274\n|move|p1a: Sawk|Earthquake|p2a: Togekiss\n|-immune|p2a: Togekiss\n|\n|-heal|p1a: Sawk|179\/275|[from] item: Leftovers\n|upkeep\n|turn|12\n|\n|t:|1652775971\n|switch|p1a: Lanturn|Lanturn, L88, M|341\/363 brn\n|move|p2a: Togekiss|Aura Sphere|p1a: Lanturn\n|-damage|p1a: Lanturn|269\/363 brn\n|\n|-heal|p1a: Lanturn|291\/363 brn|[from] item: Leftovers\n|-damage|p1a: Lanturn|269\/363 brn|[from] brn\n|upkeep\n|turn|13\n|\n|t:|1652775974\n|move|p2a: Togekiss|Air Slash|p1a: Lanturn\n|-resisted|p1a: Lanturn\n|-damage|p1a: Lanturn|220\/363 brn\n|move|p1a: Lanturn|Volt Switch|p2a: Togekiss\n|-supereffective|p2a: Togekiss\n|-damage|p2a: Togekiss|166\/274\n|\n|t:|1652775977\n|switch|p1a: Basculin|Basculin, L88, M|266\/266\n|\n|-heal|p2a: Togekiss|183\/274|[from] item: Leftovers\n|upkeep\n|turn|14\n|\n|t:|1652775978\n|switch|p2a: Aegislash|Aegislash, L76, F|24\/216\n|move|p1a: Basculin|Head Smash|p2a: Aegislash|[miss]\n|-miss|p1a: Basculin|p2a: Aegislash\n|\n|upkeep\n|turn|15\n|\n|t:|1652775985\n|switch|p1a: Gogoat|Gogoat, L88, M|360\/360\n|switch|p2a: Watchog|Watchog, L88, M|126\/249\n|\n|-heal|p2a: Watchog|141\/249|[from] item: Leftovers\n|upkeep\n|turn|16\n|\n|t:|1652775988\n|switch|p2a: Togekiss|Togekiss, L82, M|183\/274\n|move|p1a: Gogoat|Leech Seed|p2a: Togekiss\n|-start|p2a: Togekiss|move: Leech Seed\n|\n|-heal|p2a: Togekiss|200\/274|[from] item: Leftovers\n|-damage|p2a: Togekiss|166\/274|[from] Leech Seed|[of] p1a: Gogoat\n|upkeep\n|turn|17\n|\n|t:|1652775990\n|switch|p2a: Watchog|Watchog, L88, M|141\/249\n|switch|p1a: Lanturn|Lanturn, L88, M|220\/363 brn\n|\n|-heal|p2a: Watchog|156\/249|[from] item: Leftovers\n|-heal|p1a: Lanturn|242\/363 brn|[from] item: Leftovers\n|-damage|p1a: Lanturn|220\/363 brn|[from] brn\n|upkeep\n|turn|18\n|\n|t:|1652775994\n|switch|p1a: Gogoat|Gogoat, L88, M|360\/360\n|move|p2a: Watchog|Return|p1a: Gogoat\n|-damage|p1a: Gogoat|183\/360\n|\n|-heal|p2a: Watchog|171\/249|[from] item: Leftovers\n|-heal|p1a: Gogoat|205\/360|[from] item: Leftovers\n|upkeep\n|turn|19\n|\n|t:|1652775996\n|move|p2a: Watchog|Hypnosis|p1a: Gogoat|[miss]\n|-miss|p2a: Watchog|p1a: Gogoat\n|move|p1a: Gogoat|Horn Leech|p2a: Watchog\n|-damage|p2a: Watchog|74\/249\n|-heal|p1a: Gogoat|254\/360|[from] drain|[of] p2a: Watchog\n|\n|-heal|p2a: Watchog|89\/249|[from] item: Leftovers\n|-heal|p1a: Gogoat|276\/360|[from] item: Leftovers\n|upkeep\n|turn|20\n|\n|t:|1652775999\n|move|p2a: Watchog|Hypnosis|p1a: Gogoat|[miss]\n|-miss|p2a: Watchog|p1a: Gogoat\n|move|p1a: Gogoat|Horn Leech|p2a: Watchog\n|-damage|p2a: Watchog|0 fnt\n|-heal|p1a: Gogoat|321\/360|[from] drain|[of] p2a: Watchog\n|faint|p2a: Watchog\n|\n|-heal|p1a: Gogoat|343\/360|[from] item: Leftovers\n|upkeep\n|\n|t:|1652775999\n|switch|p2a: Togekiss|Togekiss, L82, M|166\/274\n|turn|21\n|\n|t:|1652776002\n|move|p2a: Togekiss|Air Slash|p1a: Gogoat\n|-supereffective|p1a: Gogoat\n|-damage|p1a: Gogoat|157\/360\n|move|p1a: Gogoat|Leech Seed|p2a: Togekiss\n|-start|p2a: Togekiss|move: Leech Seed\n|\n|-heal|p2a: Togekiss|183\/274|[from] item: Leftovers\n|-heal|p1a: Gogoat|179\/360|[from] item: Leftovers\n|-damage|p2a: Togekiss|149\/274|[from] Leech Seed|[of] p1a: Gogoat\n|-heal|p1a: Gogoat|213\/360|[silent]\n|upkeep\n|turn|22\n|\n|t:|1652776005\n|move|p2a: Togekiss|Roost|p2a: Togekiss\n|-heal|p2a: Togekiss|274\/274\n|-singleturn|p2a: Togekiss|move: Roost\n|move|p1a: Gogoat|Milk Drink|p1a: Gogoat\n|-heal|p1a: Gogoat|360\/360\n|\n|-damage|p2a: Togekiss|240\/274|[from] Leech Seed|[of] p1a: Gogoat\n|upkeep\n|turn|23\n|\n|t:|1652776007\n|switch|p2a: Aegislash|Aegislash, L76, F|24\/216\n|switch|p1a: Lanturn|Lanturn, L88, M|220\/363 brn\n|\n|-heal|p1a: Lanturn|242\/363 brn|[from] item: Leftovers\n|-damage|p1a: Lanturn|220\/363 brn|[from] brn\n|upkeep\n|turn|24\n|\n|t:|1652776011\n|switch|p2a: Togekiss|Togekiss, L82, M|240\/274\n|move|p1a: Lanturn|Volt Switch|p2a: Togekiss\n|-supereffective|p2a: Togekiss\n|-damage|p2a: Togekiss|124\/274\n|\n|t:|1652776014\n|switch|p1a: Basculin|Basculin, L88, M|266\/266\n|\n|-heal|p2a: Togekiss|141\/274|[from] item: Leftovers\n|upkeep\n|turn|25\n|\n|t:|1652776015\n|switch|p2a: Aegislash|Aegislash, L76, F|24\/216\n|move|p1a: Basculin|Liquidation|p2a: Aegislash\n|-damage|p2a: Aegislash|0 fnt\n|faint|p2a: Aegislash\n|\n|upkeep\n|\n|t:|1652776016\n|switch|p2a: Houndoom|Houndoom, L84, F|262\/262\n|turn|26\n|\n|t:|1652776017\n|detailschange|p2a: Houndoom|Houndoom-Mega, L84, F\n|-mega|p2a: Houndoom|Houndoom|Houndoominite\n|move|p2a: Houndoom|Dark Pulse|p1a: Basculin\n|-damage|p1a: Basculin|116\/266\n|move|p1a: Basculin|Liquidation|p2a: Houndoom\n|-supereffective|p2a: Houndoom\n|-damage|p2a: Houndoom|0 fnt\n|faint|p2a: Houndoom\n|\n|upkeep\n|\n|t:|1652776017\n|switch|p2a: Rhydon|Rhydon, L86, F|321\/321\n|turn|27\n|\n|t:|1652776018\n|switch|p2a: Togekiss|Togekiss, L82, M|141\/274\n|move|p1a: Basculin|Liquidation|p2a: Togekiss\n|-damage|p2a: Togekiss|0 fnt\n|faint|p2a: Togekiss\n|\n|upkeep\n|\n|t:|1652776018\n|switch|p2a: Rhydon|Rhydon, L86, F|321\/321\n|turn|28\n|\n|t:|1652776019\n|move|p1a: Basculin|Liquidation|p2a: Rhydon\n|-supereffective|p2a: Rhydon\n|-damage|p2a: Rhydon|0 fnt\n|faint|p2a: Rhydon\n|\n|win|firepunch917\n|raw|firepunch917's rating: 1613 &rarr; <strong>1628<\/strong><br \/>(+15 for winning)\n|raw|JustaSqu1d's rating: 1518 &rarr; <strong>1503<\/strong><br \/>(-15 for losing)\n","inputlog":">version 4c9e1ae78641d89b360ec25232a65a4f7033f808\n>start {\"formatid\":\"gen7randombattle\",\"seed\":[22718,53577,42525,63743],\"rated\":\"Rated battle\"}\n>player p1 {\"name\":\"firepunch917\",\"avatar\":\"169\",\"rating\":1613,\"seed\":[11008,52361,20033,61199]}\n>player p2 {\"name\":\"JustaSqu1d\",\"avatar\":\"265\",\"rating\":1518,\"seed\":[19135,59408,39846,42236]}\n>p1 move knockoff\n>p2 switch 3\n>p1 switch 5\n>p2 move willowisp\n>p1 move voltswitch\n>p2 switch 6\n>p1 switch 6\n>p1 move calmmind\n>p2 switch 5\n>p1 switch 6\n>p2 move airslash\n>p1 move voltswitch\n>p2 switch 5\n>p1 switch 5\n>p1 move closecombat\n>p2 switch 4\n>p1 move bulkup\n>p2 move swordsdance\n>p1 move knockoff\n>p2 move ironhead\n>p1 move earthquake\n>p2 switch 6\n>p2 switch 6\n>p1 move earthquake\n>p2 switch 5\n>p1 switch 5\n>p2 move aurasphere\n>p1 move voltswitch\n>p2 move airslash\n>p1 switch 3\n>p1 move headsmash\n>p2 switch 5\n>p1 switch 4\n>p2 switch 4\n>p1 move leechseed\n>p2 switch 5\n>p1 switch 3\n>p2 switch 5\n>p1 switch 3\n>p2 move return\n>p1 move hornleech\n>p2 move hypnosis\n>p1 move hornleech\n>p2 move hypnosis\n>p2 switch 5\n>p1 move leechseed\n>p2 move airslash\n>p1 move milkdrink\n>p2 move roost\n>p1 switch 3\n>p2 switch 4\n>p1 move voltswitch\n>p2 switch 4\n>p1 switch 4\n>p1 move liquidation\n>p2 switch 4\n>p2 switch 2\n>p1 move liquidation\n>p2 move darkpulse mega\n>p2 switch 3\n>p1 move liquidation\n>p2 switch 4\n>p2 switch 4\n>p1 move liquidation\n>p2 move earthquake","uploadtime":1652776021,"views":3,"p1id":"firepunch917","p2id":"justasqu1d","formatid":"gen7randombattle","rating":1503,"private":0,"password":null}