{"id":"gen7metronomebattle-1012418609","p1":"Hajmola","p2":"fgbcx1","format":"gen7metronomebattle","log":"|j|\u2606Hajmola\n|j|\u2606fgbcx1\n|player|p1|Hajmola|10|\n|player|p2|fgbcx1|101|\n|teamsize|p1|2\n|teamsize|p2|2\n|gametype|doubles\n|gen|7\n|tier|[Gen 7] Metronome Battle\n|rule|HP Percentage Mod: HP is shown in percentages\n|\n|start\n|switch|p1a: Sexy Girl|Ampharos-Mega, F, shiny|100\/100\n|switch|p1b: BEEGDRILL|Naganadel, shiny|100\/100\n|switch|p2a: Clefable|Clefable, M|100\/100\n|switch|p2b: Snorlax|Snorlax, F|100\/100\n|turn|1\n|\n|move|p1b: BEEGDRILL|Metronome|p1b: BEEGDRILL\n|move|p1b: BEEGDRILL|Energy Ball|p2a: Clefable|[from]Metronome\n|-damage|p2a: Clefable|72\/100\n|move|p1a: Sexy Girl|Metronome|p1a: Sexy Girl\n|move|p1a: Sexy Girl|Electroweb|p2a: Clefable|[from]Metronome|[spread] p2a,p2b\n|-damage|p2a: Clefable|49\/100\n|-damage|p2b: Snorlax|86\/100\n|-unboost|p2a: Clefable|spe|1\n|-unboost|p2b: Snorlax|spe|1\n|move|p2a: Clefable|Metronome|p2a: Clefable\n|move|p2a: Clefable|Tri Attack|p1a: Sexy Girl|[from]Metronome\n|-damage|p1a: Sexy Girl|84\/100\n|-status|p1a: Sexy Girl|brn\n|move|p2b: Snorlax|Metronome|p2b: Snorlax\n|move|p2b: Snorlax|Lovely Kiss|p1b: BEEGDRILL|[from]Metronome\n|-status|p1b: BEEGDRILL|slp|[from] move: Lovely Kiss\n|\n|-damage|p1a: Sexy Girl|77\/100 brn|[from] brn\n|upkeep\n|turn|2\n|\n|cant|p1b: BEEGDRILL|slp\n|move|p1a: Sexy Girl|Metronome|p1a: Sexy Girl\n|move|p1a: Sexy Girl|Fury Cutter|p2a: Clefable|[from]Metronome\n|-resisted|p2a: Clefable\n|-damage|p2a: Clefable|46\/100\n|move|p2a: Clefable|Metronome|p2a: Clefable\n|move|p2a: Clefable|Hurricane|p1b: BEEGDRILL|[from]Metronome\n|-damage|p1b: BEEGDRILL|70\/100 slp\n|-start|p1b: BEEGDRILL|confusion\n|move|p2b: Snorlax|Metronome|p2b: Snorlax\n|move|p2b: Snorlax|Iron Defense|p2b: Snorlax|[from]Metronome\n|-boost|p2b: Snorlax|def|2\n|\n|-damage|p1a: Sexy Girl|71\/100 brn|[from] brn\n|upkeep\n|turn|3\n|\n|cant|p1b: BEEGDRILL|slp\n|move|p1a: Sexy Girl|Metronome|p1a: Sexy Girl\n|move|p1a: Sexy Girl|Power Trick|p1a: Sexy Girl|[from]Metronome\n|-start|p1a: Sexy Girl|Power Trick\n|move|p2a: Clefable|Metronome|p2a: Clefable\n|move|p2a: Clefable|Lunar Dance||[from]Metronome|[still]\n|-fail|p2a: Clefable\n|move|p2b: Snorlax|Metronome|p2b: Snorlax\n|move|p2b: Snorlax|Fiery Dance|p1a: Sexy Girl|[from]Metronome\n|-resisted|p1a: Sexy Girl\n|-damage|p1a: Sexy Girl|67\/100 brn\n|\n|-damage|p1a: Sexy Girl|61\/100 brn|[from] brn\n|upkeep\n|turn|4\n|\n|-curestatus|p1b: BEEGDRILL|slp|[msg]\n|-activate|p1b: BEEGDRILL|confusion\n|-damage|p1b: BEEGDRILL|60\/100|[from] confusion\n|move|p1a: Sexy Girl|Metronome|p1a: Sexy Girl\n|move|p1a: Sexy Girl|Leech Life|p2b: Snorlax|[from]Metronome\n|-damage|p2b: Snorlax|80\/100\n|-heal|p1a: Sexy Girl|65\/100 brn|[from] drain|[of] p2b: Snorlax\n|move|p2a: Clefable|Metronome|p2a: Clefable\n|move|p2a: Clefable|Slam|p1a: Sexy Girl|[from]Metronome\n|-damage|p1a: Sexy Girl|57\/100 brn\n|move|p2b: Snorlax|Metronome|p2b: Snorlax\n|move|p2b: Snorlax|Muddy Water|p1b: BEEGDRILL|[from]Metronome|[spread] p1a,p1b\n|-resisted|p1a: Sexy Girl\n|-resisted|p1b: BEEGDRILL\n|-damage|p1a: Sexy Girl|53\/100 brn\n|-damage|p1b: BEEGDRILL|56\/100\n|\n|-damage|p1a: Sexy Girl|47\/100 brn|[from] brn\n|upkeep\n|turn|5\n|\n|-end|p1b: BEEGDRILL|confusion\n|move|p1b: BEEGDRILL|Metronome|p1b: BEEGDRILL\n|move|p1b: BEEGDRILL|Growl|p2b: Snorlax|[from]Metronome|[spread] p2a,p2b\n|-unboost|p2a: Clefable|atk|1\n|-unboost|p2b: Snorlax|atk|1\n|move|p1a: Sexy Girl|Metronome|p1a: Sexy Girl\n|move|p1a: Sexy Girl|Misty Terrain|p1a: Sexy Girl|[from]Metronome\n|-fieldstart|move: Misty Terrain\n|move|p2a: Clefable|Metronome|p2a: Clefable\n|move|p2a: Clefable|Extreme Speed|p1b: BEEGDRILL|[from]Metronome\n|-damage|p1b: BEEGDRILL|48\/100\n|move|p2b: Snorlax|Metronome|p2b: Snorlax\n|move|p2b: Snorlax|Stomp|p1a: Sexy Girl|[from]Metronome\n|-damage|p1a: Sexy Girl|29\/100 brn\n|\n|-damage|p1a: Sexy Girl|23\/100 brn|[from] brn\n|upkeep\n|turn|6\n|\n|move|p1b: BEEGDRILL|Metronome|p1b: BEEGDRILL\n|move|p1b: BEEGDRILL|Mystical Fire|p2a: Clefable|[from]Metronome\n|-crit|p2a: Clefable\n|-damage|p2a: Clefable|8\/100\n|-unboost|p2a: Clefable|spa|1\n|move|p1a: Sexy Girl|Metronome|p1a: Sexy Girl\n|move|p1a: Sexy Girl|Iron Head|p2a: Clefable|[from]Metronome\n|-supereffective|p2a: Clefable\n|-damage|p2a: Clefable|0 fnt\n|faint|p2a: Clefable\n|move|p2b: Snorlax|Metronome|p2b: Snorlax\n|move|p2b: Snorlax|Sky Attack||[from]Metronome|[still]\n|-prepare|p2b: Snorlax|Sky Attack|p1a: Sexy Girl\n|\n|-damage|p1a: Sexy Girl|17\/100 brn|[from] brn\n|upkeep\n|turn|7\n|\n|move|p1b: BEEGDRILL|Metronome|p1b: BEEGDRILL\n|move|p1b: BEEGDRILL|Mist|p1b: BEEGDRILL|[from]Metronome\n|-sidestart|p1: Hajmola|Mist\n|move|p1a: Sexy Girl|Metronome|p1a: Sexy Girl\n|move|p1a: Sexy Girl|Explosion|p2b: Snorlax|[from]Metronome|[spread] p1b,p2b\n|-damage|p1b: BEEGDRILL|23\/100\n|-damage|p2b: Snorlax|68\/100\n|faint|p1a: Sexy Girl\n|move|p2b: Snorlax|Sky Attack|p1b: BEEGDRILL|[from]lockedmove\n|-damage|p1b: BEEGDRILL|0 fnt\n|faint|p1b: BEEGDRILL\n|\n|win|fgbcx1\n","uploadtime":1574151006,"views":14,"p1id":"hajmola","p2id":"fgbcx1","formatid":"gen7metronomebattle","rating":0,"private":0,"password":null}