{"id":"gen7randombattle-1139673204","p1":"BaddyGames","p2":"charliepoo","format":"gen7randombattle","log":"|j|\u2606BaddyGames\n|j|\u2606charliepoo\n|player|p1|BaddyGames|275|\n|player|p2|charliepoo|170|\n|teamsize|p1|6\n|teamsize|p2|6\n|gametype|singles\n|gen|7\n|tier|[Gen 7] Random Battle\n|rule|Sleep Clause Mod: Limit one foe put to sleep\n|rule|HP Percentage Mod: HP is shown in percentages\n|\n|start\n|switch|p1a: Blissey|Blissey, L82, F|552\/552\n|switch|p2a: Houndoom|Houndoom, L84, F|263\/263\n|turn|1\n|c|\u2606charliepoo|last team was vile for me\n|c|\u2606charliepoo|lacked any switch ins\n|\n|switch|p2a: Cofagrigus|Cofagrigus, L86, M|240\/240\n|move|p1a: Blissey|Stealth Rock|p2a: Cofagrigus\n|-sidestart|p2: charliepoo|move: Stealth Rock\n|\n|upkeep\n|turn|2\n|\n|switch|p1a: Kingler|Kingler, L88, M|240\/240\n|move|p2a: Cofagrigus|Toxic Spikes|p1a: Kingler\n|-sidestart|p1: BaddyGames|move: Toxic Spikes\n|\n|upkeep\n|turn|3\n|\n|move|p1a: Kingler|Knock Off|p2a: Cofagrigus\n|-supereffective|p2a: Cofagrigus\n|-damage|p2a: Cofagrigus|68\/240\n|-activate|p2a: Cofagrigus|ability: Mummy|Sheer Force|[of] p1a: Kingler\n|-enditem|p2a: Cofagrigus|Leftovers|[from] move: Knock Off|[of] p1a: Kingler\n|-damage|p1a: Kingler|216\/240|[from] item: Life Orb\n|move|p2a: Cofagrigus|Will-O-Wisp|p1a: Kingler|[miss]\n|-miss|p2a: Cofagrigus|p1a: Kingler\n|\n|upkeep\n|turn|4\n|c|\u2606charliepoo|not my day\n|\n|move|p1a: Kingler|Knock Off|p2a: Cofagrigus\n|-supereffective|p2a: Cofagrigus\n|-damage|p2a: Cofagrigus|0 fnt\n|-damage|p1a: Kingler|192\/240|[from] item: Life Orb\n|faint|p2a: Cofagrigus\n|\n|upkeep\n|c|\u2606BaddyGames|that is unfortunate\n|\n|switch|p2a: Ambipom|Ambipom, L86, M|269\/269\n|-damage|p2a: Ambipom|236\/269|[from] Stealth Rock\n|turn|5\n|\n|switch|p1a: Weezing|Weezing, L86, M|252\/252\n|move|p2a: Ambipom|U-turn|p1a: Weezing\n|-resisted|p1a: Weezing\n|-damage|p1a: Weezing|221\/252\n|\n|switch|p2a: Necrozma|Necrozma, L84|300\/300\n|-damage|p2a: Necrozma|263\/300|[from] Stealth Rock\n|\n|-heal|p1a: Weezing|236\/252|[from] item: Black Sludge\n|upkeep\n|turn|6\n|c|\u2606BaddyGames|oh shit\n|c|\u2606BaddyGames|forgot weezing has levitate only in gen 7\n|\n|move|p2a: Necrozma|Calm Mind|p2a: Necrozma\n|-boost|p2a: Necrozma|spa|1\n|-boost|p2a: Necrozma|spd|1\n|move|p1a: Weezing|Sludge Bomb|p2a: Necrozma\n|-damage|p2a: Necrozma|197\/300\n|\n|-heal|p1a: Weezing|251\/252|[from] item: Black Sludge\n|upkeep\n|turn|7\n|\n|move|p2a: Necrozma|Calm Mind|p2a: Necrozma\n|-boost|p2a: Necrozma|spa|1\n|-boost|p2a: Necrozma|spd|1\n|move|p1a: Weezing|Sludge Bomb|p2a: Necrozma\n|-damage|p2a: Necrozma|155\/300\n|-status|p2a: Necrozma|psn\n|\n|-heal|p1a: Weezing|252\/252|[from] item: Black Sludge\n|-damage|p2a: Necrozma|118\/300 psn|[from] psn\n|upkeep\n|turn|8\n|\n|move|p1a: Weezing|Protect|p1a: Weezing\n|-singleturn|p1a: Weezing|Protect\n|move|p2a: Necrozma|Moonlight|p2a: Necrozma\n|-heal|p2a: Necrozma|268\/300 psn\n|\n|-damage|p2a: Necrozma|231\/300 psn|[from] psn\n|upkeep\n|turn|9\n|\n|move|p2a: Necrozma|Calm Mind|p2a: Necrozma\n|-boost|p2a: Necrozma|spa|1\n|-boost|p2a: Necrozma|spd|1\n|move|p1a: Weezing|Sludge Bomb|p2a: Necrozma\n|-damage|p2a: Necrozma|198\/300 psn\n|\n|-damage|p2a: Necrozma|161\/300 psn|[from] psn\n|upkeep\n|turn|10\n|\n|switch|p1a: Kingler|Kingler, L88, M|192\/240\n|-status|p1a: Kingler|psn\n|move|p2a: Necrozma|Moonlight|p2a: Necrozma\n|-heal|p2a: Necrozma|300\/300 psn\n|\n|-damage|p1a: Kingler|162\/240 psn|[from] psn\n|-damage|p2a: Necrozma|263\/300 psn|[from] psn\n|upkeep\n|turn|11\n|\n|move|p1a: Kingler|Knock Off|p2a: Necrozma\n|-supereffective|p2a: Necrozma\n|-damage|p2a: Necrozma|158\/300 psn\n|-damage|p1a: Kingler|138\/240 psn|[from] item: Life Orb\n|move|p2a: Necrozma|Photon Geyser|p1a: Kingler\n|-damage|p1a: Kingler|0 fnt\n|faint|p1a: Kingler\n|\n|-damage|p2a: Necrozma|121\/300 psn|[from] psn\n|upkeep\n|\n|switch|p1a: Marshadow|Marshadow, L78|268\/268\n|-status|p1a: Marshadow|psn\n|turn|12\n|\n|move|p1a: Marshadow|Spectral Thief||[still]\n|-clearpositiveboost|p2a: Necrozma|p1a: Marshadow|move: Spectral Thief\n|-boost|p1a: Marshadow|spa|3\n|-boost|p1a: Marshadow|spd|3\n|-anim|p1a: Marshadow|Spectral Thief|p2a: Necrozma\n|-supereffective|p2a: Necrozma\n|-damage|p2a: Necrozma|0 fnt\n|faint|p2a: Necrozma\n|\n|-damage|p1a: Marshadow|235\/268 psn|[from] psn\n|upkeep\n|\n|switch|p2a: Crobat|Crobat, L82, M|274\/274\n|-damage|p2a: Crobat|206\/274|[from] Stealth Rock\n|turn|13\n|\n|move|p2a: Crobat|Brave Bird|p1a: Marshadow\n|-supereffective|p1a: Marshadow\n|-damage|p1a: Marshadow|0 fnt\n|-damage|p2a: Crobat|128\/274|[from] Recoil\n|faint|p1a: Marshadow\n|\n|-heal|p2a: Crobat|145\/274|[from] item: Black Sludge\n|upkeep\n|\n|switch|p1a: Manectric|Manectric, L82, M|249\/249\n|-status|p1a: Manectric|psn\n|turn|14\n|\n|detailschange|p1a: Manectric|Manectric-Mega, L82, M\n|-mega|p1a: Manectric|Manectric|Manectite\n|-ability|p1a: Manectric|Intimidate|boost\n|-unboost|p2a: Crobat|atk|1\n|move|p1a: Manectric|Volt Switch|p2a: Crobat\n|-supereffective|p2a: Crobat\n|-damage|p2a: Crobat|0 fnt\n|faint|p2a: Crobat\n|\n|switch|p1a: Weezing|Weezing, L86, M|252\/252\n|\n|upkeep\n|\n|switch|p2a: Houndoom|Houndoom, L84, F|263\/263\n|-damage|p2a: Houndoom|198\/263|[from] Stealth Rock\n|turn|15\n|\n|detailschange|p2a: Houndoom|Houndoom-Mega, L84, F\n|-mega|p2a: Houndoom|Houndoom|Houndoominite\n|move|p2a: Houndoom|Nasty Plot|p2a: Houndoom\n|-boost|p2a: Houndoom|spa|2\n|move|p1a: Weezing|Sludge Bomb|p2a: Houndoom\n|-damage|p2a: Houndoom|105\/263\n|\n|upkeep\n|turn|16\n|\n|move|p2a: Houndoom|Fire Blast|p1a: Weezing\n|-damage|p1a: Weezing|0 fnt\n|faint|p1a: Weezing\n|\n|upkeep\n|\n|switch|p1a: Manectric|Manectric-Mega, L82, M|249\/249 psn\n|-ability|p1a: Manectric|Intimidate|boost\n|-unboost|p2a: Houndoom|atk|1\n|turn|17\n|\n|move|p1a: Manectric|Thunderbolt|p2a: Houndoom\n|-damage|p2a: Houndoom|0 fnt\n|faint|p2a: Houndoom\n|\n|-damage|p1a: Manectric|218\/249 psn|[from] psn\n|upkeep\n|\n|switch|p2a: Ambipom|Ambipom, L86, M|236\/269\n|-damage|p2a: Ambipom|203\/269|[from] Stealth Rock\n|turn|18\n|\n|move|p1a: Manectric|Thunderbolt|p2a: Ambipom\n|-damage|p2a: Ambipom|68\/269\n|move|p2a: Ambipom|Return|p1a: Manectric\n|-damage|p1a: Manectric|31\/249 psn\n|\n|-damage|p1a: Manectric|0 fnt|[from] psn\n|faint|p1a: Manectric\n|upkeep\n|\n|switch|p1a: Blissey|Blissey, L82, F|552\/552\n|-status|p1a: Blissey|psn\n|turn|19\n|\n|move|p2a: Ambipom|Return|p1a: Blissey\n|-damage|p1a: Blissey|27\/552 psn\n|move|p1a: Blissey|Flamethrower|p2a: Ambipom\n|-damage|p2a: Ambipom|13\/269\n|\n|-heal|p1a: Blissey|61\/552 psn|[from] item: Leftovers\n|-damage|p1a: Blissey|0 fnt|[from] psn\n|faint|p1a: Blissey\n|upkeep\n|\n|switch|p1a: Simisage|Simisage, L88, M|275\/275\n|-status|p1a: Simisage|psn\n|turn|20\n|\n|move|p2a: Ambipom|Return|p1a: Simisage\n|-damage|p1a: Simisage|68\/275 psn\n|move|p1a: Simisage|Knock Off|p2a: Ambipom\n|-damage|p2a: Ambipom|0 fnt\n|-enditem|p2a: Ambipom|Choice Band|[from] move: Knock Off|[of] p1a: Simisage\n|-damage|p1a: Simisage|41\/275 psn|[from] item: Life Orb\n|faint|p2a: Ambipom\n|\n|-damage|p1a: Simisage|7\/275 psn|[from] psn\n|upkeep\n|\n|switch|p2a: Glalie|Glalie, L88, M|283\/283\n|-damage|p2a: Glalie|213\/283|[from] Stealth Rock\n|turn|21\n|\n|move|p1a: Simisage|Superpower|p2a: Glalie\n|-supereffective|p2a: Glalie\n|-damage|p2a: Glalie|0 fnt\n|-unboost|p1a: Simisage|atk|1\n|-unboost|p1a: Simisage|def|1\n|-damage|p1a: Simisage|0 fnt|[from] item: Life Orb\n|faint|p2a: Glalie\n|faint|p1a: Simisage\n|\n|win|BaddyGames\n|c|\u2606BaddyGames|gg\n|c|\u2606charliepoo|gg\n","inputlog":">version 0e0ad1f3d8d403304322b841bb20ad0f7a94dee2\n>start {\"formatid\":\"gen7randombattle\",\"seed\":[32984,20330,53767,54356]}\n>player p1 {\"name\":\"BaddyGames\",\"avatar\":\"275\",\"team\":\"\",\"rating\":0,\"seed\":[47412,11133,14988,57063]}\n>player p2 {\"name\":\"charliepoo\",\"avatar\":\"170\",\"team\":\"\",\"rating\":0,\"seed\":[14662,55132,60513,62692]}\n>p1 move stealthrock\n>p2 switch 4\n>p1 switch 2\n>p2 move toxicspikes\n>p1 move knockoff\n>p2 move willowisp\n>p1 move knockoff\n>p2 move willowisp\n>p2 switch 6\n>p1 switch 5\n>p2 move uturn\n>p2 switch 3\n>p1 move sludgebomb\n>p2 move calmmind\n>p1 move sludgebomb\n>p2 move calmmind\n>p1 move protect\n>p2 move moonlight\n>p1 move sludgebomb\n>p2 move calmmind\n>p1 switch 5\n>p2 move moonlight\n>p1 move knockoff\n>p2 move photongeyser\n>p1 switch 4\n>p1 move spectralthief\n>p2 move photongeyser\n>p2 switch 2\n>p1 move rocktomb\n>p2 move bravebird\n>p1 switch 6\n>p1 move voltswitch mega\n>p2 move roost\n>p1 switch 5\n>p2 switch 4\n>p1 move sludgebomb\n>p2 move nastyplot mega\n>p1 move sludgebomb\n>p2 move fireblast\n>p1 switch 5\n>p1 move thunderbolt\n>p2 move fireblast\n>p2 switch 3\n>p1 move thunderbolt\n>p2 move return\n>p1 switch 2\n>p1 move flamethrower\n>p2 move return\n>p1 switch 3\n>p1 move knockoff\n>p2 move return\n>p2 switch 5\n>p1 move superpower\n>p2 move icebeam","uploadtime":1593120817,"views":7,"p1id":"baddygames","p2id":"charliepoo","formatid":"gen7randombattle","rating":0,"private":0,"password":null}