{"id":"gen7randombattle-594967112","p1":"Meebs","p2":"wolfwarrior","format":"gen7randombattle","log":"|j|Meebs\n|j|wolfwarrior\n|player|p1|Meebs|184\n|teamsize|p1|6\n|player|p2|wolfwarrior|162\n|teamsize|p2|6\n|gametype|singles\n|gen|7\n|tier|[Gen 7] Random Battle\n|rated\n|seed|42921,56114,65286,36534,46795,62046,56850,61164,22162,6253,53272,59838\n|rule|Sleep Clause Mod: Limit one foe put to sleep\n|rule|HP Percentage Mod: HP is shown in percentages\n|\n|start\n|switch|p1a: Chatot|Chatot, L81, F|100\/100\n|switch|p2a: Fearow|Fearow, L81, F|100\/100\n|turn|1\n|choice|move chatter|move doubleedge\n|\n|move|p2a: Fearow|Double-Edge|p1a: Chatot\n|-damage|p1a: Chatot|0 fnt\n|-damage|p2a: Fearow|65\/100|[from] Recoil|[of] p1a: Chatot\n|faint|p1a: Chatot\n|\n|upkeep\n|choice|switch 3|\n|\n|switch|p1a: Klinklang|Klinklang, L81|100\/100\n|turn|2\n|choice|move substitute|switch 4\n|\n|switch|p2a: Seismitoad|Seismitoad, L81, M|100\/100\n|move|p1a: Klinklang|Substitute|p1a: Klinklang\n|-start|p1a: Klinklang|Substitute\n|-damage|p1a: Klinklang|76\/100\n|\n|-heal|p1a: Klinklang|82\/100|[from] item: Leftovers\n|upkeep\n|turn|3\n|choice|move return|move raindance\n|\n|move|p1a: Klinklang|Return|p2a: Seismitoad\n|-damage|p2a: Seismitoad|76\/100\n|move|p2a: Seismitoad|Rain Dance|p2a: Seismitoad\n|-weather|RainDance\n|\n|-weather|RainDance|[upkeep]\n|-heal|p1a: Klinklang|88\/100|[from] item: Leftovers\n|upkeep\n|turn|4\n|choice|move return|move earthquake\n|\n|move|p2a: Seismitoad|Earthquake|p1a: Klinklang\n|-supereffective|p1a: Klinklang\n|-end|p1a: Klinklang|Substitute\n|move|p1a: Klinklang|Return|p2a: Seismitoad\n|-damage|p2a: Seismitoad|50\/100\n|\n|-weather|RainDance|[upkeep]\n|-heal|p1a: Klinklang|94\/100|[from] item: Leftovers\n|upkeep\n|turn|5\n|choice|switch 4|move earthquake\n|\n|switch|p1a: Mandibuzz|Mandibuzz, L77, F|100\/100\n|move|p2a: Seismitoad|Earthquake|p1a: Mandibuzz\n|-immune|p1a: Mandibuzz|[msg]\n|\n|-weather|RainDance|[upkeep]\n|upkeep\n|turn|6\n|choice|move bravebird|switch 4\n|\n|switch|p2a: Fearow|Fearow, L81, F|65\/100\n|move|p1a: Mandibuzz|Brave Bird|p2a: Fearow\n|-damage|p2a: Fearow|24\/100\n|-damage|p1a: Mandibuzz|89\/100|[from] Recoil|[of] p2a: Fearow\n|\n|-weather|RainDance|[upkeep]\n|-heal|p1a: Mandibuzz|95\/100|[from] item: Leftovers\n|upkeep\n|turn|7\n|choice|move bravebird|move doubleedge\n|\n|move|p2a: Fearow|Double-Edge|p1a: Mandibuzz\n|-damage|p1a: Mandibuzz|39\/100\n|-damage|p2a: Fearow|1\/100|[from] Recoil|[of] p1a: Mandibuzz\n|move|p1a: Mandibuzz|Brave Bird|p2a: Fearow\n|-damage|p2a: Fearow|0 fnt\n|-damage|p1a: Mandibuzz|39\/100|[from] Recoil|[of] p2a: Fearow\n|faint|p2a: Fearow\n|\n|-weather|RainDance|[upkeep]\n|-heal|p1a: Mandibuzz|45\/100|[from] item: Leftovers\n|upkeep\n|choice||switch 6\n|\n|switch|p2a: Electrode|Electrode, L81|100\/100\n|turn|8\n|choice|switch 4|move voltswitch\n|\n|switch|p1a: Klinklang|Klinklang, L81|94\/100\n|move|p2a: Electrode|Volt Switch|p1a: Klinklang\n|-damage|p1a: Klinklang|64\/100\n|choice||switch 4\n|\n|switch|p2a: Seismitoad|Seismitoad, L81, M|50\/100\n|\n|-weather|RainDance|[upkeep]\n|-heal|p1a: Klinklang|70\/100|[from] item: Leftovers\n|upkeep\n|turn|9\n|choice|switch 6|move scald\n|\n|switch|p1a: Roserade|Roserade, L79, F|100\/100\n|move|p2a: Seismitoad|Scald|p1a: Roserade\n|-resisted|p1a: Roserade\n|-damage|p1a: Roserade|79\/100\n|\n|-weather|RainDance|[upkeep]\n|-heal|p1a: Roserade|85\/100|[from] item: Black Sludge\n|upkeep\n|turn|10\n|choice|move toxicspikes|switch 5\n|\n|switch|p2a: Bronzong|Bronzong, L79|100\/100\n|move|p1a: Roserade|Toxic Spikes|p2a: Bronzong\n|-sidestart|p2: wolfwarrior|move: Toxic Spikes\n|\n|-weather|none\n|-heal|p1a: Roserade|91\/100|[from] item: Black Sludge\n|upkeep\n|turn|11\n|choice|switch 6|move reflect\n|\n|switch|p1a: Klinklang|Klinklang, L81|70\/100\n|move|p2a: Bronzong|Reflect|p2a: Bronzong\n|-sidestart|p2: wolfwarrior|Reflect\n|\n|-heal|p1a: Klinklang|76\/100|[from] item: Leftovers\n|upkeep\n|turn|12\n|choice|move substitute|move earthquake\n|\n|move|p1a: Klinklang|Substitute|p1a: Klinklang\n|-start|p1a: Klinklang|Substitute\n|-damage|p1a: Klinklang|51\/100\n|move|p2a: Bronzong|Earthquake|p1a: Klinklang\n|-supereffective|p1a: Klinklang\n|-end|p1a: Klinklang|Substitute\n|\n|-heal|p1a: Klinklang|57\/100|[from] item: Leftovers\n|upkeep\n|turn|13\n|choice|switch 4|move earthquake\n|\n|switch|p1a: Mandibuzz|Mandibuzz, L77, F|45\/100\n|move|p2a: Bronzong|Earthquake|p1a: Mandibuzz\n|-immune|p1a: Mandibuzz|[msg]\n|\n|-heal|p1a: Mandibuzz|51\/100|[from] item: Leftovers\n|upkeep\n|turn|14\n|choice|move bravebird|move gyroball\n|\n|move|p1a: Mandibuzz|Brave Bird|p2a: Bronzong\n|-resisted|p2a: Bronzong\n|-damage|p2a: Bronzong|93\/100\n|-damage|p1a: Mandibuzz|49\/100|[from] Recoil|[of] p2a: Bronzong\n|move|p2a: Bronzong|Gyro Ball|p1a: Mandibuzz\n|-damage|p1a: Mandibuzz|30\/100\n|\n|-heal|p1a: Mandibuzz|36\/100|[from] item: Leftovers\n|upkeep\n|turn|15\n|choice|move whirlwind|switch 4\n|\n|switch|p2a: Electrode|Electrode, L81|100\/100\n|-status|p2a: Electrode|psn\n|move|p1a: Mandibuzz|Whirlwind|p2a: Electrode\n|drag|p2a: Seismitoad|Seismitoad, L81, M|50\/100\n|-status|p2a: Seismitoad|psn\n|\n|-heal|p1a: Mandibuzz|42\/100|[from] item: Leftovers\n|-damage|p2a: Seismitoad|38\/100 psn|[from] psn\n|upkeep\n|turn|16\n|choice|move bravebird|move raindance\n|\n|move|p1a: Mandibuzz|Brave Bird|p2a: Seismitoad\n|-damage|p2a: Seismitoad|22\/100 psn\n|-damage|p1a: Mandibuzz|36\/100|[from] Recoil|[of] p2a: Seismitoad\n|move|p2a: Seismitoad|Rain Dance|p2a: Seismitoad\n|-weather|RainDance\n|\n|-weather|RainDance|[upkeep]\n|-heal|p1a: Mandibuzz|43\/100|[from] item: Leftovers\n|-damage|p2a: Seismitoad|10\/100 psn|[from] psn\n|upkeep\n|turn|17\n|choice|switch 6|move scald\n|\n|switch|p1a: Roserade|Roserade, L79, F|91\/100\n|move|p2a: Seismitoad|Scald|p1a: Roserade\n|-resisted|p1a: Roserade\n|-damage|p1a: Roserade|68\/100\n|\n|-weather|RainDance|[upkeep]\n|-heal|p1a: Roserade|75\/100|[from] item: Black Sludge\n|-damage|p2a: Seismitoad|0 fnt|[from] psn\n|upkeep\n|faint|p2a: Seismitoad\n|choice||switch 4\n|\n|switch|p2a: Bronzong|Bronzong, L79|93\/100\n|turn|18\n|choice|move spikes|switch 2\n|\n|switch|p2a: Toxicroak|Toxicroak, L81, F|100\/100\n|-sideend|p2: wolfwarrior|move: Toxic Spikes|[of] p2a: Toxicroak\n|move|p1a: Roserade|Spikes|p2a: Toxicroak\n|-sidestart|p2: wolfwarrior|Spikes\n|\n|-weather|RainDance|[upkeep]\n|-heal|p1a: Roserade|81\/100|[from] item: Black Sludge\n|-sideend|p2: wolfwarrior|Reflect\n|upkeep\n|turn|19\n|choice|move spikes|move substitute\n|\n|move|p1a: Roserade|Spikes|p2a: Toxicroak\n|-sidestart|p2: wolfwarrior|Spikes\n|move|p2a: Toxicroak|Substitute|p2a: Toxicroak\n|-start|p2a: Toxicroak|Substitute\n|-damage|p2a: Toxicroak|76\/100\n|\n|-weather|RainDance|[upkeep]\n|-heal|p2a: Toxicroak|88\/100|[from] ability: Dry Skin\n|-heal|p1a: Roserade|87\/100|[from] item: Black Sludge\n|upkeep\n|turn|20\n|choice|switch 6|move swordsdance\n|\n|switch|p1a: Mandibuzz|Mandibuzz, L77, F|43\/100\n|move|p2a: Toxicroak|Swords Dance|p2a: Toxicroak\n|-boost|p2a: Toxicroak|atk|2\n|\n|-weather|RainDance|[upkeep]\n|-heal|p2a: Toxicroak|100\/100|[from] ability: Dry Skin\n|-heal|p1a: Mandibuzz|49\/100|[from] item: Leftovers\n|upkeep\n|turn|21\n|choice|move bravebird|move gunkshot\n|\n|move|p2a: Toxicroak|Gunk Shot|p1a: Mandibuzz|[miss]\n|-miss|p2a: Toxicroak|p1a: Mandibuzz\n|move|p1a: Mandibuzz|Brave Bird|p2a: Toxicroak\n|-supereffective|p2a: Toxicroak\n|-end|p2a: Toxicroak|Substitute\n|-damage|p1a: Mandibuzz|41\/100|[from] Recoil|[of] p2a: Toxicroak\n|\n|-weather|RainDance|[upkeep]\n|-heal|p1a: Mandibuzz|47\/100|[from] item: Leftovers\n|upkeep\n|turn|22\n|choice|move bravebird|move gunkshot\n|\n|move|p2a: Toxicroak|Gunk Shot|p1a: Mandibuzz\n|-damage|p1a: Mandibuzz|0 fnt\n|-damage|p2a: Toxicroak|91\/100|[from] item: Life Orb\n|faint|p1a: Mandibuzz\n|\n|-weather|RainDance|[upkeep]\n|-heal|p2a: Toxicroak|100\/100|[from] ability: Dry Skin\n|upkeep\n|choice|switch 5|\n|\n|switch|p1a: Alakazam|Alakazam, L75, F|100\/100\n|turn|23\n|choice|move substitute mega|switch 2\n|\n|switch|p2a: Bronzong|Bronzong, L79|93\/100\n|detailschange|p1a: Alakazam|Alakazam-Mega, L75, F\n|-mega|p1a: Alakazam|Alakazam|Alakazite\n|-ability|p1a: Alakazam|Levitate|[from] ability: Trace|[of] p2a: Bronzong\n|move|p1a: Alakazam|Substitute|p1a: Alakazam\n|-start|p1a: Alakazam|Substitute\n|-damage|p1a: Alakazam|76\/100\n|\n|-weather|none\n|upkeep\n|turn|24\n|choice|move calmmind|move gyroball\n|\n|move|p1a: Alakazam|Calm Mind|p1a: Alakazam\n|-boost|p1a: Alakazam|spa|1\n|-boost|p1a: Alakazam|spd|1\n|move|p2a: Bronzong|Gyro Ball|p1a: Alakazam\n|-end|p1a: Alakazam|Substitute\n|\n|upkeep\n|turn|25\n|choice|move focusblast|move gyroball\n|\n|move|p1a: Alakazam|Focus Blast|p2a: Bronzong\n|-damage|p2a: Bronzong|32\/100\n|move|p2a: Bronzong|Gyro Ball|p1a: Alakazam\n|-damage|p1a: Alakazam|9\/100\n|\n|upkeep\n|turn|26\n|choice|move focusblast|move gyroball\n|\n|move|p1a: Alakazam|Focus Blast|p2a: Bronzong|[miss]\n|-miss|p1a: Alakazam|p2a: Bronzong\n|move|p2a: Bronzong|Gyro Ball|p1a: Alakazam\n|-damage|p1a: Alakazam|0 fnt\n|faint|p1a: Alakazam\n|\n|upkeep\n|choice|switch 4|\n|\n|switch|p1a: Klinklang|Klinklang, L81|57\/100\n|turn|27\n|choice|move geargrind|move earthquake\n|\n|move|p1a: Klinklang|Gear Grind|p2a: Bronzong\n|-resisted|p2a: Bronzong\n|-damage|p2a: Bronzong|23\/100\n|-resisted|p2a: Bronzong\n|-damage|p2a: Bronzong|12\/100\n|-hitcount|p2a: Bronzong|2\n|move|p2a: Bronzong|Earthquake|p1a: Klinklang\n|-supereffective|p1a: Klinklang\n|-damage|p1a: Klinklang|15\/100\n|\n|-heal|p1a: Klinklang|21\/100|[from] item: Leftovers\n|upkeep\n|turn|28\n|choice|move geargrind|move earthquake\n|\n|move|p1a: Klinklang|Gear Grind|p2a: Bronzong\n|-resisted|p2a: Bronzong\n|-damage|p2a: Bronzong|3\/100\n|-resisted|p2a: Bronzong\n|-damage|p2a: Bronzong|0 fnt\n|-hitcount|p2a: Bronzong|2\n|faint|p2a: Bronzong\n|\n|-heal|p1a: Klinklang|27\/100|[from] item: Leftovers\n|upkeep\n|choice||switch 3\n|\n|switch|p2a: Cinccino|Cinccino, L81, M|100\/100\n|-damage|p2a: Cinccino|84\/100|[from] Spikes\n|turn|29\n|choice|move geargrind|move tailslap\n|\n|move|p2a: Cinccino|Tail Slap|p1a: Klinklang|[miss]\n|-miss|p2a: Cinccino|p1a: Klinklang\n|move|p1a: Klinklang|Gear Grind|p2a: Cinccino\n|-damage|p2a: Cinccino|56\/100\n|-damage|p2a: Cinccino|30\/100\n|-hitcount|p2a: Cinccino|2\n|\n|-heal|p1a: Klinklang|33\/100|[from] item: Leftovers\n|upkeep\n|turn|30\n|c|\u2606wolfwarrior|deadass...\n|choice|move return|move tailslap\n|\n|move|p2a: Cinccino|Tail Slap|p1a: Klinklang\n|-resisted|p1a: Klinklang\n|-damage|p1a: Klinklang|27\/100\n|-resisted|p1a: Klinklang\n|-damage|p1a: Klinklang|20\/100\n|-resisted|p1a: Klinklang\n|-damage|p1a: Klinklang|14\/100\n|-resisted|p1a: Klinklang\n|-damage|p1a: Klinklang|8\/100\n|-resisted|p1a: Klinklang\n|-damage|p1a: Klinklang|1\/100\n|-hitcount|p1a: Klinklang|5\n|move|p1a: Klinklang|Return|p2a: Cinccino\n|-damage|p2a: Cinccino|0 fnt\n|faint|p2a: Cinccino\n|\n|-heal|p1a: Klinklang|7\/100|[from] item: Leftovers\n|upkeep\n|c|\u2606wolfwarrior|SMFH\n|choice||switch 2\n|\n|switch|p2a: Toxicroak|Toxicroak, L81, F|100\/100\n|-damage|p2a: Toxicroak|84\/100|[from] Spikes\n|turn|31\n|choice|move return|move swordsdance\n|\n|move|p1a: Klinklang|Return|p2a: Toxicroak\n|-damage|p2a: Toxicroak|49\/100\n|move|p2a: Toxicroak|Swords Dance|p2a: Toxicroak\n|-boost|p2a: Toxicroak|atk|2\n|\n|-heal|p1a: Klinklang|13\/100|[from] item: Leftovers\n|upkeep\n|turn|32\n|choice|move return|move drainpunch\n|\n|move|p1a: Klinklang|Return|p2a: Toxicroak\n|-damage|p2a: Toxicroak|12\/100\n|move|p2a: Toxicroak|Drain Punch|p1a: Klinklang\n|-supereffective|p1a: Klinklang\n|-damage|p1a: Klinklang|0 fnt\n|-heal|p2a: Toxicroak|18\/100|[from] drain|[of] p1a: Klinklang\n|-damage|p2a: Toxicroak|8\/100|[from] item: Life Orb\n|faint|p1a: Klinklang\n|\n|upkeep\n|choice|switch 2|\n|\n|switch|p1a: Ribombee|Ribombee, L77, F|100\/100\n|turn|33\n|choice|move moonblast|move gunkshot\n|\n|move|p1a: Ribombee|Moonblast|p2a: Toxicroak\n|-damage|p2a: Toxicroak|0 fnt\n|faint|p2a: Toxicroak\n|\n|upkeep\n|-message|wolfwarrior forfeited.\n|\n|win|Meebs\n|raw|Meebs's rating: 1554 &rarr; <strong>1569<\/strong><br \/>(+15 for winning)\n|raw|wolfwarrior's rating: 1448 &rarr; <strong>1434<\/strong><br \/>(-14 for losing)\n|l|wolfwarrior","inputlog":null,"uploadtime":1498284974,"views":6,"p1id":"meebs","p2id":"wolfwarrior","formatid":"gen7randombattle","rating":1434,"private":0,"password":null}