{"id":"gen7randombattle-1573086452","p1":"firepunch917","p2":"Eimint64","format":"gen7randombattle","log":"|j|\u2606firepunch917\n|j|\u2606Eimint64\n|t:|1652346014\n|gametype|singles\n|player|p1|firepunch917|169|1612\n|player|p2|Eimint64|blackbelt-gen4dp|1578\n|teamsize|p1|6\n|teamsize|p2|6\n|gen|7\n|tier|[Gen 7] Random Battle\n|rated|\n|rule|Sleep Clause Mod: Limit one foe put to sleep\n|rule|HP Percentage Mod: HP is shown in percentages\n|\n|t:|1652346014\n|start\n|switch|p1a: Kyogre|Kyogre, L76|277\/277\n|switch|p2a: Druddigon|Druddigon, L86, F|273\/273\n|-weather|RainDance|[from] ability: Drizzle|[of] p1a: Kyogre\n|-ability|p2a: Druddigon|Mold Breaker\n|turn|1\n|inactive|Battle timer is ON: inactive players will automatically lose when time's up. (requested by Eimint64)\n|\n|t:|1652346027\n|switch|p1a: Aurorus|Aurorus, L88, M|359\/359\n|move|p2a: Druddigon|Glare|p1a: Aurorus\n|-status|p1a: Aurorus|par\n|\n|-weather|RainDance|[upkeep]\n|upkeep\n|turn|2\n|\n|t:|1652346048\n|switch|p2a: Furret|Furret, L88, M|293\/293\n|-item|p1a: Aurorus|Leftovers|[from] ability: Frisk|[of] p2a: Furret|[identify]\n|move|p1a: Aurorus|Stealth Rock|p2a: Furret\n|-sidestart|p2: Eimint64|move: Stealth Rock\n|\n|-weather|RainDance|[upkeep]\n|upkeep\n|turn|3\n|\n|t:|1652346054\n|move|p2a: Furret|Aqua Tail|p1a: Aurorus\n|-supereffective|p1a: Aurorus\n|-damage|p1a: Aurorus|59\/359 par\n|move|p1a: Aurorus|Hyper Voice|p2a: Furret\n|-damage|p2a: Furret|113\/293\n|\n|-weather|RainDance|[upkeep]\n|-heal|p1a: Aurorus|81\/359 par|[from] item: Leftovers\n|upkeep\n|turn|4\n|\n|t:|1652346058\n|move|p2a: Furret|Aqua Tail|p1a: Aurorus\n|-supereffective|p1a: Aurorus\n|-damage|p1a: Aurorus|0 fnt\n|faint|p1a: Aurorus\n|\n|-weather|RainDance|[upkeep]\n|upkeep\n|\n|t:|1652346064\n|switch|p1a: Kyogre|Kyogre, L76|277\/277\n|turn|5\n|\n|t:|1652346068\n|move|p1a: Kyogre|Ice Beam|p2a: Furret\n|-damage|p2a: Furret|12\/293\n|move|p2a: Furret|Aqua Tail|p1a: Kyogre\n|-resisted|p1a: Kyogre\n|-damage|p1a: Kyogre|207\/277\n|\n|-weather|none\n|upkeep\n|turn|6\n|\n|t:|1652346073\n|move|p1a: Kyogre|Ice Beam|p2a: Furret\n|-damage|p2a: Furret|0 fnt\n|faint|p2a: Furret\n|\n|upkeep\n|\n|t:|1652346094\n|switch|p2a: Roserade|Roserade, L84, F|238\/238\n|-damage|p2a: Roserade|209\/238|[from] Stealth Rock\n|turn|7\n|\n|t:|1652346100\n|switch|p1a: Chansey|Chansey, L80, F|531\/531\n|move|p2a: Roserade|Leaf Storm|p1a: Chansey\n|-damage|p1a: Chansey|395\/531\n|-unboost|p2a: Roserade|spa|2\n|-damage|p2a: Roserade|186\/238|[from] item: Life Orb\n|\n|upkeep\n|turn|8\n|\n|t:|1652346106\n|switch|p2a: Doublade|Doublade, L82, F|231\/231\n|-damage|p2a: Doublade|217\/231|[from] Stealth Rock\n|move|p1a: Chansey|Toxic|p2a: Doublade\n|-immune|p2a: Doublade\n|\n|upkeep\n|turn|9\n|\n|t:|1652346112\n|switch|p1a: Kyogre|Kyogre, L76|207\/277\n|-weather|RainDance|[from] ability: Drizzle|[of] p1a: Kyogre\n|move|p2a: Doublade|Swords Dance|p2a: Doublade\n|-boost|p2a: Doublade|atk|2\n|\n|-weather|RainDance|[upkeep]\n|upkeep\n|turn|10\n|\n|t:|1652346118\n|move|p1a: Kyogre|Scald|p2a: Doublade\n|-damage|p2a: Doublade|61\/231\n|move|p2a: Doublade|Sacred Sword|p1a: Kyogre\n|-damage|p1a: Kyogre|66\/277\n|\n|-weather|RainDance|[upkeep]\n|upkeep\n|turn|11\n|\n|t:|1652346124\n|move|p2a: Doublade|Shadow Sneak|p1a: Kyogre\n|-damage|p1a: Kyogre|0 fnt\n|faint|p1a: Kyogre\n|\n|-weather|RainDance|[upkeep]\n|upkeep\n|\n|t:|1652346127\n|switch|p1a: Golem|Golem, L88, M|284\/284\n|turn|12\n|\n|t:|1652346136\n|move|p1a: Golem|Earthquake|p2a: Doublade\n|-supereffective|p2a: Doublade\n|-damage|p2a: Doublade|0 fnt\n|faint|p2a: Doublade\n|\n|-weather|RainDance|[upkeep]\n|upkeep\n|\n|t:|1652346143\n|switch|p2a: Tapu Bulu|Tapu Bulu, L80|243\/243\n|-damage|p2a: Tapu Bulu|213\/243|[from] Stealth Rock\n|-fieldstart|move: Grassy Terrain|[from] ability: Grassy Surge|[of] p2a: Tapu Bulu\n|turn|13\n|\n|t:|1652346146\n|move|p2a: Tapu Bulu|Horn Leech|p1a: Golem\n|-supereffective|p1a: Golem\n|-ability|p1a: Golem|Sturdy\n|-damage|p1a: Golem|1\/284\n|-heal|p2a: Tapu Bulu|243\/243|[from] drain|[of] p1a: Golem\n|move|p1a: Golem|Explosion|p2a: Tapu Bulu\n|-damage|p2a: Tapu Bulu|60\/243\n|faint|p1a: Golem\n|\n|-weather|none\n|-heal|p2a: Tapu Bulu|75\/243|[from] Grassy Terrain\n|-heal|p2a: Tapu Bulu|90\/243|[from] item: Leftovers\n|upkeep\n|\n|t:|1652346151\n|switch|p1a: Mew|Mew, L82|298\/298\n|turn|14\n|\n|t:|1652346154\n|switch|p2a: Druddigon|Druddigon, L86, F|273\/273\n|-damage|p2a: Druddigon|239\/273|[from] Stealth Rock\n|-ability|p2a: Druddigon|Mold Breaker\n|move|p1a: Mew|Ice Beam|p2a: Druddigon\n|-supereffective|p2a: Druddigon\n|-damage|p2a: Druddigon|125\/273\n|\n|-heal|p2a: Druddigon|142\/273|[from] Grassy Terrain\n|-heal|p2a: Druddigon|159\/273|[from] item: Leftovers\n|upkeep\n|turn|15\n|\n|t:|1652346157\n|move|p1a: Mew|Nasty Plot|p1a: Mew\n|-boost|p1a: Mew|spa|2\n|move|p2a: Druddigon|Glare|p1a: Mew\n|-status|p1a: Mew|par\n|-activate|p1a: Mew|ability: Synchronize\n|-status|p2a: Druddigon|par\n|\n|-heal|p2a: Druddigon|176\/273 par|[from] Grassy Terrain\n|-heal|p2a: Druddigon|193\/273 par|[from] item: Leftovers\n|upkeep\n|turn|16\n|\n|t:|1652346161\n|move|p1a: Mew|Ice Beam|p2a: Druddigon\n|-supereffective|p2a: Druddigon\n|-damage|p2a: Druddigon|0 fnt\n|faint|p2a: Druddigon\n|\n|upkeep\n|\n|t:|1652346169\n|switch|p2a: Tapu Bulu|Tapu Bulu, L80|90\/243\n|-damage|p2a: Tapu Bulu|60\/243|[from] Stealth Rock\n|turn|17\n|\n|t:|1652346171\n|move|p2a: Tapu Bulu|Horn Leech|p1a: Mew\n|-damage|p1a: Mew|162\/298 par\n|-heal|p2a: Tapu Bulu|128\/243|[from] drain|[of] p1a: Mew\n|move|p1a: Mew|Ice Beam|p2a: Tapu Bulu\n|-supereffective|p2a: Tapu Bulu\n|-damage|p2a: Tapu Bulu|0 fnt\n|faint|p2a: Tapu Bulu\n|\n|-heal|p1a: Mew|180\/298 par|[from] Grassy Terrain\n|-heal|p1a: Mew|198\/298 par|[from] item: Leftovers\n|-fieldend|move: Grassy Terrain\n|upkeep\n|\n|t:|1652346178\n|switch|p2a: Roserade|Roserade, L84, F|186\/238\n|-damage|p2a: Roserade|157\/238|[from] Stealth Rock\n|turn|18\n|\n|t:|1652346181\n|move|p2a: Roserade|Leaf Storm|p1a: Mew\n|-damage|p1a: Mew|0 fnt\n|-unboost|p2a: Roserade|spa|2\n|faint|p1a: Mew\n|-damage|p2a: Roserade|134\/238|[from] item: Life Orb\n|\n|upkeep\n|\n|t:|1652346183\n|switch|p1a: Chansey|Chansey, L80, F|395\/531\n|turn|19\n|\n|t:|1652346188\n|move|p2a: Roserade|Spikes|p1a: Chansey\n|-sidestart|p1: firepunch917|Spikes\n|move|p1a: Chansey|Toxic|p2a: Roserade\n|-immune|p2a: Roserade\n|\n|upkeep\n|turn|20\n|\n|t:|1652346190\n|switch|p1a: Raichu|Raichu-Alola, L88, F|249\/249\n|-damage|p1a: Raichu|218\/249|[from] Spikes\n|move|p2a: Roserade|Spikes|p1a: Raichu\n|-sidestart|p1: firepunch917|Spikes\n|\n|upkeep\n|turn|21\n|\n|t:|1652346194\n|move|p1a: Raichu|Psyshock|p2a: Roserade\n|-supereffective|p2a: Roserade\n|-damage|p2a: Roserade|0 fnt\n|faint|p2a: Roserade\n|\n|upkeep\n|\n|t:|1652346196\n|switch|p2a: Beedrill|Beedrill, L82, F|241\/241\n|-damage|p2a: Beedrill|181\/241|[from] Stealth Rock\n|turn|22\n|\n|t:|1652346199\n|detailschange|p2a: Beedrill|Beedrill-Mega, L82, F\n|-mega|p2a: Beedrill|Beedrill|Beedrillite\n|move|p2a: Beedrill|X-Scissor|p1a: Raichu\n|-supereffective|p1a: Raichu\n|-damage|p1a: Raichu|0 fnt\n|faint|p1a: Raichu\n|\n|upkeep\n|\n|t:|1652346200\n|switch|p1a: Chansey|Chansey, L80, F|395\/531\n|-damage|p1a: Chansey|307\/531|[from] Spikes\n|turn|23\n|\n|t:|1652346206\n|move|p2a: Beedrill|Poison Jab|p1a: Chansey\n|-damage|p1a: Chansey|0 fnt\n|faint|p1a: Chansey\n|\n|win|Eimint64\n|raw|firepunch917's rating: 1612 &rarr; <strong>1590<\/strong><br \/>(-22 for losing)\n|raw|Eimint64's rating: 1578 &rarr; <strong>1600<\/strong><br \/>(+22 for winning)\n|l|\u2606firepunch917\n|c|\u2606Eimint64|Gg\n||Ladder isn't responding, score probably updated but might not have (Request timeout).\n","inputlog":">version 3115cfa9da4584a6803ed46aa555a31ae64bc6d8\n>start {\"formatid\":\"gen7randombattle\",\"seed\":[35026,50946,21927,1458],\"rated\":\"Rated battle\"}\n>player p1 {\"name\":\"firepunch917\",\"avatar\":\"169\",\"rating\":1612,\"seed\":[47455,21396,30333,14665]}\n>player p2 {\"name\":\"Eimint64\",\"avatar\":\"blackbelt-gen4dp\",\"rating\":1578,\"seed\":[48804,24357,10463,30140]}\n>p1 switch 2\n>p2 move glare\n>p1 move stealthrock\n>p2 switch 6\n>p1 move hypervoice\n>p2 move aquatail\n>p1 move hypervoice\n>p2 move aquatail\n>p1 switch 2\n>p1 move icebeam\n>p2 move aquatail\n>p1 move icebeam\n>p2 move aquatail\n>p2 switch 2\n>p1 switch 5\n>p2 move leafstorm\n>p1 move toxic\n>p2 switch 4\n>p1 switch 5\n>p2 move swordsdance\n>p1 move scald\n>p2 move sacredsword\n>p1 move scald\n>p2 move shadowsneak\n>p1 switch 6\n>p1 move earthquake\n>p2 move ironhead\n>p2 switch 5\n>p1 move explosion\n>p2 move hornleech\n>p1 switch 4\n>p1 move icebeam\n>p2 switch 6\n>p1 move nastyplot\n>p2 move glare\n>p1 move icebeam\n>p2 move stealthrock\n>p2 switch 6\n>p1 move icebeam\n>p2 move hornleech\n>p2 switch 4\n>p1 move psyshock\n>p2 move leafstorm\n>p1 switch 5\n>p1 move toxic\n>p2 move spikes\n>p1 switch 3\n>p2 move spikes\n>p1 move psyshock\n>p2 move sludgebomb\n>p2 switch 3\n>p1 move thunderbolt zmove\n>p2 move xscissor mega\n>p1 switch 3\n>p1 move seismictoss\n>p2 move poisonjab","uploadtime":1652346212,"views":2,"p1id":"firepunch917","p2id":"eimint64","formatid":"gen7randombattle","rating":1590,"private":0,"password":null}