{"id":"gen7randombattle-1660568988","p1":"hybone","p2":"Ferrothornail\u8349\u94a2\u7532","format":"gen7randombattle","log":"|j|\u2606hybone\n|j|\u2606Ferrothornail\u8349\u94a2\u7532\n|t:|1662782884\n|gametype|singles\n|player|p1|hybone|lady|\n|player|p2|Ferrothornail\u8349\u94a2\u7532|169|\n|teamsize|p1|6\n|teamsize|p2|6\n|gen|7\n|tier|[Gen 7] Random Battle\n|rated|Tournament battle\n|rule|Sleep Clause Mod: Limit one foe put to sleep\n|rule|HP Percentage Mod: HP is shown in percentages\n|rule|Mega Rayquaza Clause: You cannot mega evolve Rayquaza\n|\n|t:|1662782884\n|start\n|switch|p1a: Pikachu|Pikachu-Kalos, L90, M|209\/209\n|switch|p2a: Staraptor|Staraptor, L82, F|274\/274\n|turn|1\n|j|+AlIoutdragadarts\n|j| Meng Hsia\n|\n|t:|1662782911\n|switch|p2a: Druddigon|Druddigon, L86, M|273\/273\n|move|p1a: Pikachu|Volt Tackle|p2a: Druddigon\n|-resisted|p2a: Druddigon\n|-damage|p2a: Druddigon|179\/273\n|-damage|p1a: Pikachu|178\/209|[from] Recoil\n|\n|upkeep\n|turn|2\n|\n|t:|1662782923\n|move|p1a: Pikachu|Hidden Power|p2a: Druddigon\n|-supereffective|p2a: Druddigon\n|-damage|p2a: Druddigon|61\/273\n|move|p2a: Druddigon|Glare|p1a: Pikachu\n|-immune|p1a: Pikachu\n|\n|upkeep\n|turn|3\n|\n|t:|1662782934\n|move|p1a: Pikachu|Volt Tackle|p2a: Druddigon\n|-resisted|p2a: Druddigon\n|-damage|p2a: Druddigon|0 fnt\n|faint|p2a: Druddigon\n|-damage|p1a: Pikachu|158\/209|[from] Recoil\n|\n|upkeep\n|\n|t:|1662782943\n|switch|p2a: Kangaskhan|Kangaskhan, L76, F|285\/285\n|turn|4\n|\n|t:|1662782946\n|switch|p1a: Spiritomb|Spiritomb, L88, F|231\/231\n|detailschange|p2a: Kangaskhan|Kangaskhan-Mega, L76, F\n|-mega|p2a: Kangaskhan|Kangaskhan|Kangaskhanite\n|move|p2a: Kangaskhan|Fake Out|p1a: Spiritomb\n|-immune|p1a: Spiritomb\n|\n|upkeep\n|turn|5\n|\n|t:|1662782952\n|switch|p2a: Rotom|Rotom-Fan, L88|231\/231\n|move|p1a: Spiritomb|Dark Pulse|p2a: Rotom\n|-crit|p2a: Rotom\n|-damage|p2a: Rotom|113\/231\n|\n|-heal|p2a: Rotom|127\/231|[from] item: Leftovers\n|upkeep\n|turn|6\n|\n|t:|1662782963\n|move|p2a: Rotom|Volt Switch|p1a: Spiritomb\n|-damage|p1a: Spiritomb|162\/231\n|\n|t:|1662782965\n|switch|p2a: Spiritomb|Spiritomb, L88, M|231\/231\n|move|p1a: Spiritomb|Dark Pulse|p2a: Spiritomb\n|-damage|p2a: Spiritomb|158\/231\n|\n|-heal|p2a: Spiritomb|172\/231|[from] item: Leftovers\n|-heal|p1a: Spiritomb|176\/231|[from] item: Leftovers\n|upkeep\n|turn|7\n|\n|t:|1662782975\n|switch|p1a: Pyukumuku|Pyukumuku, L88, F|240\/240\n|move|p2a: Spiritomb|Calm Mind|p2a: Spiritomb\n|-boost|p2a: Spiritomb|spa|1\n|-boost|p2a: Spiritomb|spd|1\n|\n|-heal|p2a: Spiritomb|186\/231|[from] item: Leftovers\n|upkeep\n|turn|8\n|j| Q_the_Queen\n|l| Q_the_Queen\n|\n|t:|1662782982\n|move|p2a: Spiritomb|Dark Pulse|p1a: Pyukumuku\n|-damage|p1a: Pyukumuku|182\/240\n|move|p1a: Pyukumuku|Toxic|p2a: Spiritomb\n|-status|p2a: Spiritomb|tox\n|\n|-heal|p2a: Spiritomb|200\/231 tox|[from] item: Leftovers\n|-heal|p1a: Pyukumuku|197\/240|[from] item: Leftovers\n|-damage|p2a: Spiritomb|186\/231 tox|[from] psn\n|upkeep\n|turn|9\n|\n|t:|1662782999\n|switch|p2a: Rotom|Rotom-Fan, L88|127\/231\n|switch|p1a: Spiritomb|Spiritomb, L88, F|176\/231\n|\n|-heal|p2a: Rotom|141\/231|[from] item: Leftovers\n|-heal|p1a: Spiritomb|190\/231|[from] item: Leftovers\n|upkeep\n|turn|10\n|\n|t:|1662783003\n|move|p2a: Rotom|Volt Switch|p1a: Spiritomb\n|-damage|p1a: Spiritomb|117\/231\n|\n|t:|1662783012\n|switch|p2a: Staraptor|Staraptor, L82, F|274\/274\n|move|p1a: Spiritomb|Dark Pulse|p2a: Staraptor\n|-damage|p2a: Staraptor|154\/274\n|\n|-heal|p1a: Spiritomb|131\/231|[from] item: Leftovers\n|upkeep\n|turn|11\n|\n|t:|1662783017\n|switch|p1a: Pyukumuku|Pyukumuku, L88, F|197\/240\n|move|p2a: Staraptor|Double-Edge|p1a: Pyukumuku\n|-damage|p1a: Pyukumuku|13\/240\n|-damage|p2a: Staraptor|93\/274|[from] Recoil\n|\n|-heal|p1a: Pyukumuku|28\/240|[from] item: Leftovers\n|upkeep\n|turn|12\n|\n|t:|1662783023\n|move|p2a: Staraptor|Double-Edge|p1a: Pyukumuku\n|-damage|p1a: Pyukumuku|0 fnt\n|faint|p1a: Pyukumuku\n|-damage|p2a: Staraptor|84\/274|[from] Recoil\n|\n|upkeep\n|\n|t:|1662783025\n|switch|p1a: Pikachu|Pikachu-Kalos, L90, M|158\/209\n|turn|13\n|\n|t:|1662783028\n|switch|p2a: Mamoswine|Mamoswine, L82, F|315\/315\n|move|p1a: Pikachu|Volt Tackle|p2a: Mamoswine\n|-immune|p2a: Mamoswine\n|\n|upkeep\n|turn|14\n|j| WOFlw\n|\n|t:|1662783032\n|switch|p1a: Stantler|Stantler, L88, F|272\/272\n|-ability|p1a: Stantler|Intimidate|boost\n|-unboost|p2a: Mamoswine|atk|1\n|move|p2a: Mamoswine|Earthquake|p1a: Stantler\n|-damage|p1a: Stantler|113\/272\n|\n|upkeep\n|turn|15\n|\n|t:|1662783036\n|switch|p2a: Spiritomb|Spiritomb, L88, M|186\/231 tox\n|move|p1a: Stantler|Jump Kick|p2a: Spiritomb\n|-immune|p2a: Spiritomb\n|-damage|p1a: Stantler|0 fnt|[from] jumpkick\n|faint|p1a: Stantler\n|\n|-heal|p2a: Spiritomb|200\/231 tox|[from] item: Leftovers\n|-damage|p2a: Spiritomb|186\/231 tox|[from] psn\n|upkeep\n|\n|t:|1662783042\n|switch|p1a: Kyurem|Kyurem, L84|347\/347\n|-ability|p1a: Kyurem|Pressure\n|turn|16\n|\n|t:|1662783052\n|move|p1a: Kyurem|Ice Beam|p2a: Spiritomb\n|-damage|p2a: Spiritomb|83\/231 tox\n|move|p2a: Spiritomb|Dark Pulse|p1a: Kyurem\n|-damage|p1a: Kyurem|287\/347\n|\n|-heal|p2a: Spiritomb|97\/231 tox|[from] item: Leftovers\n|-damage|p2a: Spiritomb|69\/231 tox|[from] psn\n|upkeep\n|turn|17\n|\n|t:|1662783057\n|move|p1a: Kyurem|Ice Beam|p2a: Spiritomb\n|-damage|p2a: Spiritomb|0 fnt\n|faint|p2a: Spiritomb\n|\n|upkeep\n|l|+AlIoutdragadarts\n|\n|t:|1662783064\n|switch|p2a: Mamoswine|Mamoswine, L82, F|315\/315\n|turn|18\n|\n|t:|1662783069\n|move|p1a: Kyurem|Draco Meteor|p2a: Mamoswine\n|-damage|p2a: Mamoswine|87\/315\n|-unboost|p1a: Kyurem|spa|2\n|move|p2a: Mamoswine|Earthquake|p1a: Kyurem\n|-damage|p1a: Kyurem|85\/347\n|\n|upkeep\n|turn|19\n|\n|t:|1662783074\n|move|p1a: Kyurem|Outrage|p2a: Mamoswine\n|-damage|p2a: Mamoswine|0 fnt\n|faint|p2a: Mamoswine\n|\n|upkeep\n|\n|t:|1662783077\n|switch|p2a: Staraptor|Staraptor, L82, F|84\/274\n|turn|20\n|\n|t:|1662783080\n|move|p2a: Staraptor|Double-Edge|p1a: Kyurem\n|-damage|p1a: Kyurem|0 fnt\n|faint|p1a: Kyurem\n|-damage|p2a: Staraptor|56\/274|[from] Recoil\n|\n|upkeep\n|\n|t:|1662783082\n|switch|p1a: Pikachu|Pikachu-Kalos, L90, M|158\/209\n|turn|21\n|\n|t:|1662783086\n|switch|p2a: Rotom|Rotom-Fan, L88|141\/231\n|move|p1a: Pikachu|Volt Tackle|p2a: Rotom\n|-damage|p2a: Rotom|0 fnt\n|faint|p2a: Rotom\n|-damage|p1a: Pikachu|111\/209|[from] Recoil\n|\n|upkeep\n|\n|t:|1662783089\n|switch|p2a: Kangaskhan|Kangaskhan-Mega, L76, F|285\/285\n|turn|22\n|\n|t:|1662783092\n|switch|p1a: Delphox|Delphox, L86, F|269\/269\n|switch|p2a: Staraptor|Staraptor, L82, F|56\/274\n|\n|upkeep\n|turn|23\n|-message|Ferrothornail\u8349\u94a2\u7532 forfeited.\n|\n|win|hybone\n|n|\u2606hybone|hybone\n|n|\u2606Ferrothornail\u8349\u94a2\u7532|ferrothornail\n|n| Meng Hsia|menghsia\n|n| WOFlw|woflw\n","inputlog":">version 288f81a9f920901f5340212b1895904b91e9dda2\n>start {\"formatid\":\"gen7randombattle\",\"seed\":[32355,6132,59373,33682],\"rated\":\"Tournament battle\"}\n>player p1 {\"name\":\"hybone\",\"avatar\":\"lady\",\"rating\":0,\"seed\":[47799,47356,17830,60375]}\n>player p2 {\"name\":\"Ferrothornail\u8349\u94a2\u7532\",\"avatar\":\"169\",\"rating\":0,\"seed\":[38148,13565,27993,44317]}\n>p1 move volttackle\n>p2 switch 5\n>p1 move hiddenpower\n>p2 move glare\n>p1 move volttackle\n>p2 move earthquake\n>p2 switch 2\n>p1 switch 4\n>p2 move fakeout mega\n>p1 move darkpulse\n>p2 switch 6\n>p1 move darkpulse\n>p2 move voltswitch\n>p2 switch 4\n>p1 switch 5\n>p2 move calmmind\n>p1 move toxic\n>p2 move darkpulse\n>p1 switch 5\n>p2 switch 4\n>p1 move darkpulse\n>p2 move voltswitch\n>p2 switch 5\n>p1 switch 5\n>p2 move doubleedge\n>p1 move recover\n>p2 move doubleedge\n>p1 switch 4\n>p1 move volttackle\n>p2 switch 3\n>p1 switch 3\n>p2 move earthquake\n>p1 move jumpkick\n>p2 switch 4\n>p1 switch 6\n>p1 move icebeam\n>p2 move darkpulse\n>p1 move icebeam\n>p2 move darkpulse\n>p2 switch 4\n>p1 move dracometeor\n>p2 move earthquake\n>p1 move outrage\n>p2 move earthquake\n>p2 switch 3\n>p1 move outrage\n>p2 move doubleedge\n>p1 switch 3\n>p1 move volttackle\n>p2 switch 5\n>p2 switch 6\n>p1 switch 2\n>p2 switch 5\n>forcelose p2","uploadtime":1662783098,"views":2,"p1id":"hybone","p2id":"ferrothornail","formatid":"gen7randombattle","rating":0,"private":0,"password":null}