{"id":"gen7randombattle-1400967582","p1":"BigWes95","p2":"newtst","format":"gen7randombattle","log":"|j|\u2606BigWes95\n|j|\u2606newtst\n|t:|1629559623\n|gametype|singles\n|player|p1|BigWes95|swimmer-gen4dp|1766\n|player|p2|newtst|2|1829\n|teamsize|p1|6\n|teamsize|p2|6\n|gen|7\n|tier|[Gen 7] Random Battle\n|rated|\n|rule|Sleep Clause Mod: Limit one foe put to sleep\n|rule|HP Percentage Mod: HP is shown in percentages\n|\n|t:|1629559623\n|start\n|switch|p1a: Mew|Mew, L82|298\/298\n|switch|p2a: Jolteon|Jolteon, L84, F|246\/246\n|turn|1\n|\n|t:|1629559638\n|move|p2a: Jolteon|Signal Beam|p1a: Mew\n|-supereffective|p1a: Mew\n|-damage|p1a: Mew|124\/298\n|move|p1a: Mew|Psyshock|p2a: Jolteon\n|-damage|p2a: Jolteon|143\/246\n|\n|-heal|p1a: Mew|142\/298|[from] item: Leftovers\n|upkeep\n|turn|2\n|inactive|Battle timer is ON: inactive players will automatically lose when time's up. (requested by newtst)\n|\n|t:|1629559645\n|switch|p2a: Deoxys|Deoxys, L76|201\/201\n|-ability|p2a: Deoxys|Pressure\n|switch|p1a: Tentacruel|Tentacruel, L82, F|265\/265\n|\n|upkeep\n|turn|3\n|\n|t:|1629559653\n|move|p2a: Deoxys|Stealth Rock|p1a: Tentacruel\n|-sidestart|p1: BigWes95|move: Stealth Rock\n|move|p1a: Tentacruel|Scald|p2a: Deoxys\n|-damage|p2a: Deoxys|80\/201\n|\n|upkeep\n|turn|4\n|\n|t:|1629559658\n|move|p2a: Deoxys|Psycho Boost|p1a: Tentacruel\n|-supereffective|p1a: Tentacruel\n|-damage|p1a: Tentacruel|0 fnt\n|-unboost|p2a: Deoxys|spa|2\n|faint|p1a: Tentacruel\n|-damage|p2a: Deoxys|60\/201|[from] item: Life Orb\n|\n|upkeep\n|\n|t:|1629559663\n|switch|p1a: Skarmory|Skarmory, L80, M|235\/235\n|-damage|p1a: Skarmory|206\/235|[from] Stealth Rock\n|turn|5\n|\n|t:|1629559668\n|switch|p2a: Jolteon|Jolteon, L84, F|143\/246\n|move|p1a: Skarmory|Spikes|p2a: Jolteon\n|-sidestart|p2: newtst|Spikes\n|\n|-heal|p1a: Skarmory|220\/235|[from] item: Leftovers\n|upkeep\n|turn|6\n|\n|t:|1629559675\n|switch|p1a: Mew|Mew, L82|142\/298\n|-damage|p1a: Mew|105\/298|[from] Stealth Rock\n|move|p2a: Jolteon|Thunderbolt|p1a: Mew\n|-damage|p1a: Mew|0 fnt\n|faint|p1a: Mew\n|\n|upkeep\n|\n|t:|1629559677\n|switch|p1a: Latios|Latios, L82, M|265\/265\n|-damage|p1a: Latios|232\/265|[from] Stealth Rock\n|turn|7\n|\n|t:|1629559682\n|switch|p2a: Sandslash|Sandslash-Alola, L88, F|275\/275\n|-damage|p2a: Sandslash|241\/275|[from] Spikes\n|detailschange|p1a: Latios|Latios-Mega, L82, M\n|-mega|p1a: Latios|Latios|Latiosite\n|move|p1a: Latios|Calm Mind|p1a: Latios\n|-boost|p1a: Latios|spa|1\n|-boost|p1a: Latios|spd|1\n|\n|upkeep\n|turn|8\n|\n|t:|1629559689\n|move|p1a: Latios|Draco Meteor|p2a: Sandslash\n|-resisted|p2a: Sandslash\n|-damage|p2a: Sandslash|76\/275\n|-unboost|p1a: Latios|spa|2\n|move|p2a: Sandslash|Icicle Crash|p1a: Latios\n|-supereffective|p1a: Latios\n|-damage|p1a: Latios|0 fnt\n|faint|p1a: Latios\n|-damage|p2a: Sandslash|49\/275|[from] item: Life Orb\n|\n|upkeep\n|\n|t:|1629559698\n|switch|p1a: Kabutops|Kabutops, L88, F|249\/249\n|-damage|p1a: Kabutops|218\/249|[from] Stealth Rock\n|turn|9\n|\n|t:|1629559703\n|move|p1a: Kabutops|Liquidation|p2a: Sandslash\n|-damage|p2a: Sandslash|0 fnt\n|faint|p2a: Sandslash\n|\n|upkeep\n|\n|t:|1629559708\n|switch|p2a: Jolteon|Jolteon, L84, F|143\/246\n|-damage|p2a: Jolteon|113\/246|[from] Spikes\n|turn|10\n|\n|t:|1629559714\n|move|p2a: Jolteon|Thunderbolt|p1a: Kabutops\n|-supereffective|p1a: Kabutops\n|-damage|p1a: Kabutops|0 fnt\n|faint|p1a: Kabutops\n|\n|upkeep\n|-message|BigWes95 forfeited.\n|\n|win|newtst\n|l|\u2606BigWes95\n|raw|BigWes95's rating: 1767 &rarr; <strong>1751<\/strong><br \/>(-16 for losing)\n|raw|newtst's rating: 1829 &rarr; <strong>1845<\/strong><br \/>(+16 for winning)\n","inputlog":">version 5281f3bac3790997a528e6508054baa7940ef247\n>start {\"formatid\":\"gen7randombattle\",\"seed\":[57615,42709,60093,53657],\"rated\":\"Rated battle\"}\n>player p1 {\"name\":\"BigWes95\",\"avatar\":\"swimmer-gen4dp\",\"rating\":1766,\"seed\":[8043,62557,49744,20743]}\n>player p2 {\"name\":\"newtst\",\"avatar\":\"2\",\"rating\":1829,\"seed\":[19682,5359,32688,34477]}\n>p1 move psyshock\n>p2 move signalbeam\n>p1 switch 3\n>p2 switch 4\n>p1 move scald\n>p2 move stealthrock\n>p1 move scald\n>p2 move psychoboost\n>p1 switch 2\n>p1 move spikes\n>p2 switch 4\n>p1 switch 3\n>p2 move thunderbolt\n>p1 switch 6\n>p1 move calmmind mega\n>p2 switch 2\n>p1 move dracometeor\n>p2 move iciclecrash\n>p1 switch 4\n>p1 move liquidation\n>p2 move ironhead\n>p2 switch 2\n>p1 move liquidation\n>p2 move thunderbolt\n>forcelose p1","uploadtime":1629559721,"views":1,"p1id":"bigwes95","p2id":"newtst","formatid":"gen7randombattle","rating":1751,"private":0,"password":null}