{"id":"gen7randombattle-1649930525","p1":"Wakandius_PMSD","p2":"himynametay","format":"gen7randombattle","log":"|j|\u2606Wakandius_PMSD\n|j|\u203dhimynametay\n|t:|1661650063\n|gametype|singles\n|player|p1|Wakandius_PMSD|2|1641\n|player|p2|himynametay|elesa-masters|1651\n|teamsize|p1|6\n|teamsize|p2|6\n|gen|7\n|tier|[Gen 7] Random Battle\n|rated|\n|rule|Sleep Clause Mod: Limit one foe put to sleep\n|rule|HP Percentage Mod: HP is shown in percentages\n|rule|Mega Rayquaza Clause: You cannot mega evolve Rayquaza\n|\n|t:|1661650063\n|start\n|switch|p1a: Heracross|Heracross, L82, M|265\/265\n|switch|p2a: Ferrothorn|Ferrothorn, L80, F|250\/250\n|turn|1\n|\n|t:|1661650100\n|switch|p2a: Chandelure|Chandelure, L82, F|233\/233\n|detailschange|p1a: Heracross|Heracross-Mega, L82, M\n|-mega|p1a: Heracross|Heracross|Heracronite\n|move|p1a: Heracross|Substitute|p1a: Heracross\n|-start|p1a: Heracross|Substitute\n|-damage|p1a: Heracross|199\/265\n|\n|upkeep\n|turn|2\n|\n|t:|1661650111\n|move|p2a: Chandelure|Fire Blast|p1a: Heracross\n|-supereffective|p1a: Heracross\n|-end|p1a: Heracross|Substitute\n|move|p1a: Heracross|Pin Missile|p2a: Chandelure\n|-resisted|p2a: Chandelure\n|-damage|p2a: Chandelure|222\/233\n|-resisted|p2a: Chandelure\n|-damage|p2a: Chandelure|212\/233\n|-resisted|p2a: Chandelure\n|-damage|p2a: Chandelure|202\/233\n|-resisted|p2a: Chandelure\n|-damage|p2a: Chandelure|192\/233\n|-resisted|p2a: Chandelure\n|-damage|p2a: Chandelure|182\/233\n|-hitcount|p2a: Chandelure|5\n|\n|upkeep\n|turn|3\n|\n|t:|1661650126\n|switch|p1a: Magmortar|Magmortar, L86, F|269\/269\n|move|p2a: Chandelure|Fire Blast|p1a: Magmortar\n|-resisted|p1a: Magmortar\n|-damage|p1a: Magmortar|223\/269\n|\n|upkeep\n|turn|4\n|inactive|Battle timer is ON: inactive players will automatically lose when time's up. (requested by himynametay)\n|\n|t:|1661650167\n|switch|p2a: Bruxish|Bruxish, L86, F|257\/257\n|move|p1a: Magmortar|Fire Blast|p2a: Bruxish|[miss]\n|-miss|p1a: Magmortar|p2a: Bruxish\n|\n|upkeep\n|turn|5\n|inactive|Wakandius_PMSD has 120 seconds left.\n|\n|t:|1661650205\n|switch|p1a: Glaceon|Glaceon, L88, M|258\/258\n|move|p2a: Bruxish|Liquidation|p1a: Glaceon\n|-damage|p1a: Glaceon|182\/258\n|\n|-heal|p1a: Glaceon|198\/258|[from] item: Leftovers\n|upkeep\n|turn|6\n|inactive|Wakandius_PMSD has 120 seconds left.\n|\n|t:|1661650227\n|switch|p2a: Ferrothorn|Ferrothorn, L80, F|250\/250\n|move|p1a: Glaceon|Shadow Ball|p2a: Ferrothorn\n|-damage|p2a: Ferrothorn|179\/250\n|\n|-heal|p1a: Glaceon|214\/258|[from] item: Leftovers\n|-heal|p2a: Ferrothorn|194\/250|[from] item: Leftovers\n|upkeep\n|turn|7\n|inactive|Wakandius_PMSD has 120 seconds left.\n|\n|t:|1661650249\n|switch|p1a: Magmortar|Magmortar, L86, F|223\/269\n|move|p2a: Ferrothorn|Stealth Rock|p1a: Magmortar\n|-sidestart|p1: Wakandius_PMSD|move: Stealth Rock\n|\n|-heal|p2a: Ferrothorn|209\/250|[from] item: Leftovers\n|upkeep\n|turn|8\n|inactive|Wakandius_PMSD has 90 seconds left.\n|inactive|himynametay has 120 seconds left.\n|\n|t:|1661650287\n|move|p2a: Ferrothorn|Protect|p2a: Ferrothorn\n|-singleturn|p2a: Ferrothorn|Protect\n|move|p1a: Magmortar|Earthquake|p2a: Ferrothorn\n|-activate|p2a: Ferrothorn|move: Protect\n|\n|-heal|p2a: Ferrothorn|224\/250|[from] item: Leftovers\n|upkeep\n|turn|9\n|inactive|himynametay has 120 seconds left.\n|inactive|Wakandius_PMSD has 90 seconds left.\n|\n|t:|1661650321\n|switch|p2a: Chandelure|Chandelure, L82, F|182\/233\n|move|p1a: Magmortar|Thunderbolt|p2a: Chandelure\n|-damage|p2a: Chandelure|96\/233\n|\n|upkeep\n|turn|10\n|inactive|Wakandius_PMSD has 90 seconds left.\n|\n|t:|1661650332\n|switch|p2a: Bruxish|Bruxish, L86, F|257\/257\n|move|p1a: Magmortar|Earthquake|p2a: Bruxish\n|-damage|p2a: Bruxish|175\/257\n|\n|upkeep\n|turn|11\n|inactive|Wakandius_PMSD has 90 seconds left.\n|\n|t:|1661650340\n|switch|p1a: Glaceon|Glaceon, L88, M|214\/258\n|-damage|p1a: Glaceon|150\/258|[from] Stealth Rock\n|move|p2a: Bruxish|Liquidation|p1a: Glaceon\n|-damage|p1a: Glaceon|69\/258\n|\n|-heal|p1a: Glaceon|85\/258|[from] item: Leftovers\n|upkeep\n|turn|12\n|inactive|Wakandius_PMSD has 90 seconds left.\n|\n|t:|1661650357\n|switch|p2a: Pyroar|Pyroar, L88, F|295\/295\n|-ability|p2a: Pyroar|Unnerve\n|move|p1a: Glaceon|Shadow Ball|p2a: Pyroar\n|-immune|p2a: Pyroar\n|\n|-heal|p1a: Glaceon|101\/258|[from] item: Leftovers\n|upkeep\n|turn|13\n|inactive|Wakandius_PMSD has 90 seconds left.\n|\n|t:|1661650367\n|move|p2a: Pyroar|Fire Blast|p1a: Glaceon|[miss]\n|-miss|p2a: Pyroar|p1a: Glaceon\n|move|p1a: Glaceon|Wish|p1a: Glaceon\n|\n|-heal|p1a: Glaceon|117\/258|[from] item: Leftovers\n|upkeep\n|turn|14\n|\n|t:|1661650375\n|switch|p1a: Mudsdale|Mudsdale, L88, M|319\/319\n|-damage|p1a: Mudsdale|300\/319|[from] Stealth Rock\n|move|p2a: Pyroar|Hyper Voice|p1a: Mudsdale\n|-damage|p1a: Mudsdale|158\/319\n|-ability|p1a: Mudsdale|Stamina|boost\n|-boost|p1a: Mudsdale|def|1\n|-damage|p2a: Pyroar|266\/295|[from] item: Life Orb\n|\n|-heal|p1a: Mudsdale|287\/319|[from] move: Wish|[wisher] Glaceon\n|-heal|p1a: Mudsdale|306\/319|[from] item: Leftovers\n|upkeep\n|turn|15\n|\n|t:|1661650392\n|move|p2a: Pyroar|Fire Blast|p1a: Mudsdale\n|-damage|p1a: Mudsdale|133\/319\n|-ability|p1a: Mudsdale|Stamina|boost\n|-boost|p1a: Mudsdale|def|1\n|-damage|p2a: Pyroar|237\/295|[from] item: Life Orb\n|move|p1a: Mudsdale|Stealth Rock|p2a: Pyroar\n|-sidestart|p2: himynametay|move: Stealth Rock\n|\n|-heal|p1a: Mudsdale|152\/319|[from] item: Leftovers\n|upkeep\n|turn|16\n|\n|t:|1661650405\n|switch|p1a: Magmortar|Magmortar, L86, F|223\/269\n|-damage|p1a: Magmortar|156\/269|[from] Stealth Rock\n|move|p2a: Pyroar|Fire Blast|p1a: Magmortar\n|-resisted|p1a: Magmortar\n|-damage|p1a: Magmortar|101\/269\n|-damage|p2a: Pyroar|208\/295|[from] item: Life Orb\n|\n|upkeep\n|turn|17\n|\n|t:|1661650413\n|move|p2a: Pyroar|Hyper Voice|p1a: Magmortar\n|-damage|p1a: Magmortar|15\/269\n|-damage|p2a: Pyroar|179\/295|[from] item: Life Orb\n|move|p1a: Magmortar|Earthquake|p2a: Pyroar\n|-supereffective|p2a: Pyroar\n|-crit|p2a: Pyroar\n|-damage|p2a: Pyroar|0 fnt\n|faint|p2a: Pyroar\n|\n|upkeep\n|\n|t:|1661650423\n|switch|p2a: Bruxish|Bruxish, L86, F|175\/257\n|-damage|p2a: Bruxish|143\/257|[from] Stealth Rock\n|turn|18\n|inactive|Wakandius_PMSD has 90 seconds left.\n|\n|t:|1661650451\n|move|p2a: Bruxish|Psychic Fangs|p1a: Magmortar\n|-damage|p1a: Magmortar|0 fnt\n|faint|p1a: Magmortar\n|\n|upkeep\n|inactive|Wakandius_PMSD has 90 seconds left.\n|\n|t:|1661650481\n|switch|p1a: Deoxys|Deoxys, L76|201\/201\n|-damage|p1a: Deoxys|176\/201|[from] Stealth Rock\n|-ability|p1a: Deoxys|Pressure\n|turn|19\n|\n|t:|1661650507\n|switch|p2a: Ferrothorn|Ferrothorn, L80, F|224\/250\n|-damage|p2a: Ferrothorn|209\/250|[from] Stealth Rock\n|move|p1a: Deoxys|Knock Off|p2a: Ferrothorn\n|-damage|p2a: Ferrothorn|125\/250\n|-damage|p1a: Deoxys|151\/201|[from] ability: Iron Barbs|[of] p2a: Ferrothorn\n|-enditem|p2a: Ferrothorn|Leftovers|[from] move: Knock Off|[of] p1a: Deoxys\n|-damage|p1a: Deoxys|131\/201|[from] item: Life Orb\n|\n|upkeep\n|turn|20\n|\n|t:|1661650517\n|move|p1a: Deoxys|Fire Punch|p2a: Ferrothorn\n|-supereffective|p2a: Ferrothorn\n|-damage|p2a: Ferrothorn|0 fnt\n|-damage|p1a: Deoxys|106\/201|[from] ability: Iron Barbs|[of] p2a: Ferrothorn\n|faint|p2a: Ferrothorn\n|-damage|p1a: Deoxys|86\/201|[from] item: Life Orb\n|\n|upkeep\n|\n|t:|1661650520\n|switch|p2a: Bruxish|Bruxish, L86, F|143\/257\n|-damage|p2a: Bruxish|111\/257|[from] Stealth Rock\n|turn|21\n|\n|t:|1661650529\n|switch|p1a: Heracross|Heracross-Mega, L82, M|199\/265\n|-damage|p1a: Heracross|166\/265|[from] Stealth Rock\n|move|p2a: Bruxish|Liquidation|p1a: Heracross\n|-damage|p1a: Heracross|84\/265\n|\n|upkeep\n|turn|22\n|inactive|Wakandius_PMSD has 90 seconds left.\n|inactive|himynametay has 120 seconds left.\n|\n|t:|1661650567\n|switch|p2a: Chandelure|Chandelure, L82, F|96\/233\n|-damage|p2a: Chandelure|38\/233|[from] Stealth Rock\n|move|p1a: Heracross|Pin Missile|p2a: Chandelure\n|-resisted|p2a: Chandelure\n|-damage|p2a: Chandelure|28\/233\n|-resisted|p2a: Chandelure\n|-damage|p2a: Chandelure|17\/233\n|-resisted|p2a: Chandelure\n|-damage|p2a: Chandelure|6\/233\n|-resisted|p2a: Chandelure\n|-damage|p2a: Chandelure|0 fnt\n|faint|p2a: Chandelure\n|-hitcount|p2: Chandelure|4\n|\n|upkeep\n|\n|t:|1661650572\n|switch|p2a: Kangaskhan|Kangaskhan, L76, F|285\/285\n|-damage|p2a: Kangaskhan|250\/285|[from] Stealth Rock\n|turn|23\n|inactive|Wakandius_PMSD has 90 seconds left.\n|\n|t:|1661650587\n|detailschange|p2a: Kangaskhan|Kangaskhan-Mega, L76, F\n|-mega|p2a: Kangaskhan|Kangaskhan|Kangaskhanite\n|move|p2a: Kangaskhan|Seismic Toss|p1a: Heracross\n|-damage|p1a: Heracross|8\/265\n|-damage|p1a: Heracross|0 fnt\n|faint|p1a: Heracross\n|-hitcount|p1: Heracross|2\n|\n|upkeep\n|inactive|Wakandius_PMSD has 90 seconds left.\n|\n|t:|1661650609\n|switch|p1a: Mamoswine|Mamoswine, L82, M|315\/315\n|-damage|p1a: Mamoswine|276\/315|[from] Stealth Rock\n|turn|24\n|\n|t:|1661650620\n|move|p2a: Kangaskhan|Seismic Toss|p1a: Mamoswine\n|-damage|p1a: Mamoswine|200\/315\n|-damage|p1a: Mamoswine|124\/315\n|-hitcount|p1a: Mamoswine|2\n|move|p1a: Mamoswine|Superpower|p2a: Kangaskhan\n|-supereffective|p2a: Kangaskhan\n|-damage|p2a: Kangaskhan|0 fnt\n|-unboost|p1a: Mamoswine|atk|1\n|-unboost|p1a: Mamoswine|def|1\n|faint|p2a: Kangaskhan\n|\n|upkeep\n|\n|t:|1661650628\n|switch|p2a: Bruxish|Bruxish, L86, F|111\/257\n|-damage|p2a: Bruxish|79\/257|[from] Stealth Rock\n|turn|25\n|\n|t:|1661650635\n|switch|p1a: Mudsdale|Mudsdale, L88, M|152\/319\n|-damage|p1a: Mudsdale|133\/319|[from] Stealth Rock\n|move|p2a: Bruxish|Liquidation|p1a: Mudsdale\n|-supereffective|p1a: Mudsdale\n|-damage|p1a: Mudsdale|0 fnt\n|faint|p1a: Mudsdale\n|\n|upkeep\n|inactive|Wakandius_PMSD has 90 seconds left.\n|\n|t:|1661650652\n|switch|p1a: Deoxys|Deoxys, L76|86\/201\n|-damage|p1a: Deoxys|61\/201|[from] Stealth Rock\n|-ability|p1a: Deoxys|Pressure\n|turn|26\n|\n|t:|1661650657\n|move|p2a: Bruxish|Liquidation|p1a: Deoxys\n|-damage|p1a: Deoxys|0 fnt\n|faint|p1a: Deoxys\n|\n|upkeep\n|inactive|Wakandius_PMSD has 90 seconds left.\n|\n|t:|1661650682\n|switch|p1a: Mamoswine|Mamoswine, L82, M|124\/315\n|-damage|p1a: Mamoswine|85\/315|[from] Stealth Rock\n|turn|27\n|\n|t:|1661650686\n|move|p1a: Mamoswine|Ice Shard|p2a: Bruxish\n|-resisted|p2a: Bruxish\n|-damage|p2a: Bruxish|34\/257\n|move|p2a: Bruxish|Liquidation|p1a: Mamoswine\n|-supereffective|p1a: Mamoswine\n|-damage|p1a: Mamoswine|0 fnt\n|faint|p1a: Mamoswine\n|\n|upkeep\n|\n|t:|1661650693\n|switch|p1a: Glaceon|Glaceon, L88, M|117\/258\n|-damage|p1a: Glaceon|53\/258|[from] Stealth Rock\n|turn|28\n|\n|t:|1661650697\n|move|p2a: Bruxish|Liquidation|p1a: Glaceon\n|-damage|p1a: Glaceon|0 fnt\n|faint|p1a: Glaceon\n|\n|win|himynametay\n|raw|Wakandius_PMSD's rating: 1641 &rarr; <strong>1622<\/strong><br \/>(-19 for losing)\n|raw|himynametay's rating: 1651 &rarr; <strong>1670<\/strong><br \/>(+19 for winning)\n|l|\u2606Wakandius_PMSD\n||Ladder isn't responding, score probably updated but might not have (Request timeout).\n","inputlog":">version 6a616b3eff9d23b71ac7ce9a5066e931b21dc500\n>start {\"formatid\":\"gen7randombattle\",\"seed\":[54823,28795,36944,27233],\"rated\":\"Rated battle\"}\n>player p1 {\"name\":\"Wakandius_PMSD\",\"avatar\":\"2\",\"rating\":1641,\"seed\":[29918,48814,52717,42513]}\n>player p2 {\"name\":\"himynametay\",\"avatar\":\"elesa-masters\",\"rating\":1651,\"seed\":[15307,48941,51645,43913]}\n>p1 move substitute mega\n>p2 switch 4\n>p1 move pinmissile\n>p2 move fireblast\n>p1 switch 4\n>p2 move fireblast\n>p1 move fireblast\n>p2 switch 5\n>p1 switch 6\n>p2 move liquidation\n>p1 move shadowball\n>p2 switch 4\n>p1 switch 6\n>p2 move stealthrock\n>p1 move earthquake\n>p2 move protect\n>p1 move thunderbolt\n>p2 switch 5\n>p1 move earthquake\n>p2 switch 4\n>p1 switch 6\n>p2 move liquidation\n>p1 move shadowball\n>p2 switch 3\n>p1 move wish\n>p2 move fireblast\n>p1 switch 3\n>p2 move hypervoice\n>p1 move stealthrock\n>p2 move fireblast\n>p1 switch 6\n>p2 move fireblast\n>p1 move earthquake\n>p2 move hypervoice\n>p2 switch 3\n>p1 move thunderbolt\n>p2 move psychicfangs\n>p1 switch 2\n>p1 move knockoff\n>p2 switch 5\n>p1 move firepunch\n>p2 move leechseed\n>p2 switch 5\n>p1 switch 4\n>p2 move liquidation\n>p1 move pinmissile\n>p2 switch 4\n>p2 switch 6\n>p1 move closecombat\n>p2 move seismictoss mega\n>p1 switch 5\n>p1 move superpower\n>p2 move seismictoss\n>p2 switch 4\n>p1 switch 6\n>p2 move liquidation\n>p1 switch 4\n>p1 move knockoff\n>p2 move liquidation\n>p1 switch 6\n>p1 move iceshard\n>p2 move liquidation\n>p1 switch 3\n>p1 move shadowball\n>p2 move liquidation","uploadtime":1661650700,"views":4,"p1id":"wakandiuspmsd","p2id":"himynametay","formatid":"gen7randombattle","rating":1622,"private":0,"password":null}