{"id":"gen7monotyperandombattle-937525211","p1":"Hajmola","p2":"Jdidindind","format":"gen7monotyperandombattle","log":"|j|\u2606Hajmola\n|j|\u2606Jdidindind\n|player|p1|Hajmola|143\n|player|p2|Jdidindind|42\n|teamsize|p1|6\n|teamsize|p2|6\n|gametype|singles\n|gen|7\n|tier|[Gen 7] Monotype Random Battle\n|rated|\n|rule|Same Type Clause: Pok\u00e9mon in a team must share a type\n|rule|Sleep Clause Mod: Limit one foe put to sleep\n|rule|HP Percentage Mod: HP is shown in percentages\n|\n|start\n|switch|p1a: Drifblim|Drifblim, L89, M|411\/411\n|switch|p2a: Incineroar|Incineroar, L86, F|303\/303\n|-ability|p2a: Incineroar|Intimidate|boost\n|-unboost|p1a: Drifblim|atk|1\n|turn|1\n|inactive|Battle timer is ON: inactive players will automatically lose when time's up. (requested by Jdidindind)\n|\n|move|p1a: Drifblim|Hex|p2a: Incineroar\n|-resisted|p2a: Incineroar\n|-damage|p2a: Incineroar|267\/303\n|move|p2a: Incineroar|Knock Off|p1a: Drifblim\n|-supereffective|p1a: Drifblim\n|-damage|p1a: Drifblim|0 fnt\n|-damage|p2a: Incineroar|192\/303|[from] ability: Aftermath|[of] p1a: Drifblim\n|-enditem|p1a: Drifblim|Leftovers|[from] move: Knock Off|[of] p2a: Incineroar\n|faint|p1a: Drifblim\n|\n|upkeep\n|\n|switch|p1a: Marshadow|Marshadow, L78|268\/268\n|turn|2\n|\n|move|p1a: Marshadow|Close Combat|p2a: Incineroar\n|-supereffective|p2a: Incineroar\n|-crit|p2a: Incineroar\n|-damage|p2a: Incineroar|0 fnt\n|-unboost|p1a: Marshadow|def|1\n|-unboost|p1a: Marshadow|spd|1\n|faint|p2a: Incineroar\n|\n|upkeep\n|\n|switch|p2a: Talonflame|Talonflame, L83, F|265\/265\n|turn|3\n|\n|switch|p1a: Palossand|Palossand, L86, M|286\/286\n|move|p2a: Talonflame|Swords Dance|p2a: Talonflame\n|-boost|p2a: Talonflame|atk|2\n|\n|upkeep\n|turn|4\n|\n|-zpower|p2a: Talonflame\n|move|p2a: Talonflame|Supersonic Skystrike|p1a: Palossand|[zeffect]\n|-damage|p1a: Palossand|13\/286\n|move|p1a: Palossand|Shadow Ball|p2a: Talonflame\n|-crit|p2a: Talonflame\n|-damage|p2a: Talonflame|100\/265\n|\n|-heal|p1a: Palossand|30\/286|[from] item: Leftovers\n|upkeep\n|turn|5\n|\n|move|p1a: Palossand|Protect|p1a: Palossand\n|-singleturn|p1a: Palossand|Protect\n|move|p2a: Talonflame|Roost|p2a: Talonflame\n|-heal|p2a: Talonflame|233\/265\n|-singleturn|p2a: Talonflame|move: Roost\n|\n|-heal|p1a: Palossand|47\/286|[from] item: Leftovers\n|upkeep\n|turn|6\n|\n|move|p2a: Talonflame|Brave Bird|p1a: Palossand\n|-damage|p1a: Palossand|0 fnt\n|-damage|p2a: Talonflame|217\/265|[from] Recoil\n|faint|p1a: Palossand\n|\n|upkeep\n|\n|switch|p1a: Blacephalon|Blacephalon, L80|215\/215\n|turn|7\n|\n|move|p2a: Talonflame|Brave Bird|p1a: Blacephalon\n|-damage|p1a: Blacephalon|0 fnt\n|-damage|p2a: Talonflame|146\/265|[from] Recoil\n|faint|p1a: Blacephalon\n|\n|upkeep\n|\n|switch|p1a: Marowak|Marowak-Alola, L84, M|238\/238\n|turn|8\n|\n|move|p2a: Talonflame|Roost|p2a: Talonflame\n|-heal|p2a: Talonflame|265\/265\n|-singleturn|p2a: Talonflame|move: Roost\n|move|p1a: Marowak|Shadow Bone|p2a: Talonflame\n|-damage|p2a: Talonflame|66\/265\n|-unboost|p2a: Talonflame|def|1\n|\n|upkeep\n|turn|9\n|inactive|Jdidindind has 120 seconds left.\n|\n|switch|p2a: Rotom|Rotom-Heat, L82|215\/215\n|move|p1a: Marowak|Flame Charge|p2a: Rotom\n|-resisted|p2a: Rotom\n|-damage|p2a: Rotom|171\/215\n|-boost|p1a: Marowak|spe|1\n|\n|upkeep\n|turn|10\n|\n|move|p2a: Rotom|Volt Switch|p1a: Marowak\n|-ability|p1a: Marowak|Lightning Rod|boost\n|-boost|p1a: Marowak|spa|1\n|move|p1a: Marowak|Flame Charge|p2a: Rotom\n|-resisted|p2a: Rotom\n|-damage|p2a: Rotom|133\/215\n|-boost|p1a: Marowak|spe|1\n|\n|upkeep\n|turn|11\n|inactive|Jdidindind has 120 seconds left.\n|\n|move|p1a: Marowak|Flame Charge|p2a: Rotom\n|-resisted|p2a: Rotom\n|-damage|p2a: Rotom|95\/215\n|-boost|p1a: Marowak|spe|1\n|move|p2a: Rotom|Pain Split|p1a: Marowak\n|-sethp|p1a: Marowak|166\/238|[from] move: Pain Split|[silent]\n|-sethp|p2a: Rotom|166\/215|[from] move: Pain Split\n|\n|upkeep\n|turn|12\n|\n|switch|p2a: Heatran|Heatran, L80, F|277\/277\n|-item|p2a: Heatran|Air Balloon\n|move|p1a: Marowak|Substitute|p1a: Marowak\n|-start|p1a: Marowak|Substitute\n|-damage|p1a: Marowak|107\/238\n|\n|upkeep\n|turn|13\n|\n|move|p1a: Marowak|Shadow Bone|p2a: Heatran\n|-damage|p2a: Heatran|133\/277\n|-enditem|p2a: Heatran|Air Balloon\n|move|p2a: Heatran|Earth Power|p1a: Marowak\n|-supereffective|p1a: Marowak\n|-crit|p1a: Marowak\n|-end|p1a: Marowak|Substitute\n|\n|upkeep\n|turn|14\n|\n|switch|p2a: Rotom|Rotom-Heat, L82|166\/215\n|move|p1a: Marowak|Shadow Bone|p2a: Rotom\n|-damage|p2a: Rotom|22\/215\n|\n|upkeep\n|turn|15\n|\n|move|p1a: Marowak|Shadow Bone|p2a: Rotom\n|-damage|p2a: Rotom|0 fnt\n|faint|p2a: Rotom\n|\n|upkeep\n|\n|switch|p2a: Talonflame|Talonflame, L83, F|66\/265\n|turn|16\n|\n|move|p1a: Marowak|Shadow Bone|p2a: Talonflame\n|-damage|p2a: Talonflame|0 fnt\n|faint|p2a: Talonflame\n|\n|upkeep\n|\n|switch|p2a: Heatran|Heatran, L80, F|133\/277\n|turn|17\n|\n|move|p1a: Marowak|Shadow Bone|p2a: Heatran\n|-damage|p2a: Heatran|0 fnt\n|faint|p2a: Heatran\n|\n|upkeep\n|\n|switch|p2a: Arcanine|Arcanine, L84, F|287\/287\n|-ability|p2a: Arcanine|Intimidate|boost\n|-unboost|p1a: Marowak|atk|1\n|turn|18\n|\n|move|p1a: Marowak|Shadow Bone|p2a: Arcanine\n|-damage|p2a: Arcanine|167\/287\n|-unboost|p2a: Arcanine|def|1\n|move|p2a: Arcanine|Crunch|p1a: Marowak\n|-supereffective|p1a: Marowak\n|-damage|p1a: Marowak|0 fnt\n|-damage|p2a: Arcanine|139\/287|[from] item: Life Orb\n|faint|p1a: Marowak\n|\n|upkeep\n|\n|switch|p1a: Marshadow|Marshadow, L78|268\/268\n|turn|19\n|\n|switch|p2a: Flareon|Flareon, L89, M|259\/259\n|move|p1a: Marshadow|Rock Tomb|p2a: Flareon|[miss]\n|-miss|p1a: Marshadow|p2a: Flareon\n|\n|-status|p2a: Flareon|tox|[from] item: Toxic Orb\n|upkeep\n|turn|20\n|\n|move|p1a: Marshadow|Rock Tomb|p2a: Flareon\n|-supereffective|p2a: Flareon\n|-damage|p2a: Flareon|3\/259 tox\n|-unboost|p2a: Flareon|spe|1\n|move|p2a: Flareon|Flame Charge|p1a: Marshadow\n|-damage|p1a: Marshadow|138\/268\n|-boost|p2a: Flareon|spe|1\n|\n|-damage|p2a: Flareon|0 fnt|[from] psn\n|faint|p2a: Flareon\n|upkeep\n|\n|switch|p2a: Arcanine|Arcanine, L84, F|139\/287\n|-ability|p2a: Arcanine|Intimidate|boost\n|-unboost|p1a: Marshadow|atk|1\n|turn|21\n|\n|move|p1a: Marshadow|Rock Tomb|p2a: Arcanine\n|-supereffective|p2a: Arcanine\n|-damage|p2a: Arcanine|1\/287\n|-unboost|p2a: Arcanine|spe|1\n|move|p2a: Arcanine|Morning Sun|p2a: Arcanine\n|-heal|p2a: Arcanine|144\/287\n|\n|upkeep\n|turn|22\n|\n|move|p1a: Marshadow|Rock Tomb|p2a: Arcanine\n|-supereffective|p2a: Arcanine\n|-damage|p2a: Arcanine|0 fnt\n|faint|p2a: Arcanine\n|\n|win|Hajmola\n|l|\u2606Jdidindind\n|raw|Hajmola's rating: 1078 &rarr; <strong>1106<\/strong><br \/>(+28 for winning)\n|raw|Jdidindind's rating: 1076 &rarr; <strong>1055<\/strong><br \/>(-21 for losing)\n","inputlog":">version f722ec9846ec55fb42506b347698506347b301f4\n>start {\"formatid\":\"gen7monotyperandombattle\",\"seed\":[30551,21013,20858,28875],\"rated\":\"Rated battle\"}\n>player p1 {\"name\":\"Hajmola\",\"avatar\":\"143\",\"team\":\"\",\"seed\":[4279,1463,28910,27155]}\n>player p2 {\"name\":\"Jdidindind\",\"avatar\":\"42\",\"team\":\"\",\"seed\":[2175,25500,39327,30047]}\n>p1 move hex\n>p2 move knockoff\n>p1 switch 2\n>p1 move closecombat\n>p2 move knockoff\n>p2 switch 3\n>p1 switch 5\n>p2 move swordsdance\n>p1 move shadowball\n>p2 move bravebird zmove\n>p1 move protect\n>p2 move roost\n>p1 move shadowball\n>p2 move bravebird\n>p1 switch 3\n>p1 move mindblown zmove\n>p2 move bravebird\n>p1 switch 4\n>p1 move shadowbone\n>p2 move roost\n>p1 move flamecharge\n>p2 switch 2\n>p1 move flamecharge\n>p2 move voltswitch\n>p1 move flamecharge\n>p2 move painsplit\n>p1 move substitute\n>p2 switch 6\n>p1 move shadowbone\n>p2 move earthpower\n>p1 move shadowbone\n>p2 switch 6\n>p1 move shadowbone\n>p2 move painsplit\n>p2 switch 2\n>p1 move shadowbone\n>p2 move bravebird\n>p2 switch 6\n>p1 move shadowbone\n>p2 move earthpower\n>p2 switch 5\n>p1 move shadowbone\n>p2 move crunch\n>p1 switch 5\n>p1 move rocktomb\n>p2 switch 4\n>p1 move rocktomb\n>p2 move flamecharge\n>p2 switch 4\n>p1 move rocktomb\n>p2 move morningsun\n>p1 move rocktomb\n>p2 move morningsun","uploadtime":1561919160,"views":2,"p1id":"hajmola","p2id":"jdidindind","formatid":"gen7monotyperandombattle","rating":1055,"private":0,"password":null}