{"id":"gen7randombattle-956325987","p1":"Efeso","p2":"Chaud74","format":"gen7randombattle","log":"|j|\u2606Efeso\n|j|\u2606Chaud74\n|player|p1|Efeso|1|1429\n|player|p2|Chaud74|265|1465\n|teamsize|p1|6\n|teamsize|p2|6\n|gametype|singles\n|gen|7\n|tier|[Gen 7] Random Battle\n|rated|\n|rule|Sleep Clause Mod: Limit one foe put to sleep\n|rule|HP Percentage Mod: HP is shown in percentages\n|\n|start\n|switch|p1a: Incineroar|Incineroar, L86, F|303\/303\n|switch|p2a: Marowak|Marowak-Alola, L84, F|238\/238\n|-ability|p1a: Incineroar|Intimidate|boost\n|-unboost|p2a: Marowak|atk|1\n|turn|1\n|\n|switch|p2a: Primeape|Primeape, L88, F|258\/258\n|move|p1a: Incineroar|Darkest Lariat|p2a: Primeape\n|-resisted|p2a: Primeape\n|-damage|p2a: Primeape|189\/258\n|\n|upkeep\n|turn|2\n|\n|switch|p1a: Starmie|Starmie, L82|233\/233\n|move|p2a: Primeape|U-turn|p1a: Starmie\n|-supereffective|p1a: Starmie\n|-damage|p1a: Starmie|72\/233\n|-damage|p2a: Primeape|164\/258|[from] item: Life Orb\n|\n|switch|p2a: Heliolisk|Heliolisk, L86, F|247\/247\n|\n|upkeep\n|turn|3\n|\n|switch|p1a: Goodra|Goodra, L84, F|288\/288\n|move|p2a: Heliolisk|Volt Switch|p1a: Goodra\n|-resisted|p1a: Goodra\n|-damage|p1a: Goodra|265\/288\n|-damage|p2a: Heliolisk|223\/247|[from] item: Life Orb\n|\n|switch|p2a: Marowak|Marowak-Alola, L84, F|238\/238\n|\n|upkeep\n|turn|4\n|\n|move|p2a: Marowak|Shadow Bone|p1a: Goodra\n|-damage|p1a: Goodra|84\/288\n|move|p1a: Goodra|Dragon Tail|p2a: Marowak\n|-damage|p2a: Marowak|187\/238\n|drag|p2a: Heliolisk|Heliolisk, L86, F|223\/247\n|\n|upkeep\n|turn|5\n|\n|move|p2a: Heliolisk|Volt Switch|p1a: Goodra\n|-resisted|p1a: Goodra\n|-damage|p1a: Goodra|58\/288\n|-damage|p2a: Heliolisk|199\/247|[from] item: Life Orb\n|\n|switch|p2a: Marowak|Marowak-Alola, L84, F|187\/238\n|move|p1a: Goodra|Draco Meteor|p2a: Marowak\n|-damage|p2a: Marowak|39\/238\n|-unboost|p1a: Goodra|spa|2\n|\n|upkeep\n|turn|6\n|\n|move|p1a: Goodra|Sludge Bomb|p2a: Marowak\n|-resisted|p2a: Marowak\n|-damage|p2a: Marowak|21\/238\n|move|p2a: Marowak|Shadow Bone|p1a: Goodra\n|-damage|p1a: Goodra|0 fnt\n|faint|p1a: Goodra\n|\n|upkeep\n|inactive|Battle timer is ON: inactive players will automatically lose when time's up. (requested by Chaud74)\n|\n|switch|p1a: Starmie|Starmie, L82|72\/233\n|turn|7\n|\n|move|p1a: Starmie|Psyshock|p2a: Marowak\n|-damage|p2a: Marowak|0 fnt\n|-damage|p1a: Starmie|49\/233|[from] item: Life Orb\n|faint|p2a: Marowak\n|\n|upkeep\n|\n|switch|p2a: Heliolisk|Heliolisk, L86, F|199\/247\n|turn|8\n|\n|move|p2a: Heliolisk|Rain Dance|p2a: Heliolisk\n|-weather|RainDance\n|move|p1a: Starmie|Hydro Pump|p2a: Heliolisk\n|-heal|p2a: Heliolisk|247\/247|[from] ability: Dry Skin|[of] p1a: Starmie\n|\n|-weather|RainDance|[upkeep]\n|upkeep\n|turn|9\n|\n|move|p2a: Heliolisk|Hyper Voice|p1a: Starmie\n|-damage|p1a: Starmie|0 fnt\n|-damage|p2a: Heliolisk|223\/247|[from] item: Life Orb\n|faint|p1a: Starmie\n|\n|-weather|RainDance|[upkeep]\n|-heal|p2a: Heliolisk|247\/247|[from] ability: Dry Skin\n|upkeep\n|\n|switch|p1a: Durant|Durant, L83, F|232\/232\n|turn|10\n|\n|move|p2a: Heliolisk|Surf|p1a: Durant\n|-damage|p1a: Durant|28\/232\n|-damage|p2a: Heliolisk|223\/247|[from] item: Life Orb\n|move|p1a: Durant|Superpower|p2a: Heliolisk\n|-supereffective|p2a: Heliolisk\n|-damage|p2a: Heliolisk|0 fnt\n|-unboost|p1a: Durant|atk|1\n|-unboost|p1a: Durant|def|1\n|faint|p2a: Heliolisk\n|\n|-weather|RainDance|[upkeep]\n|upkeep\n|\n|switch|p2a: Volcarona|Volcarona, L80, M|267\/267\n|turn|11\n|\n|move|p2a: Volcarona|Bug Buzz|p1a: Durant\n|-resisted|p1a: Durant\n|-damage|p1a: Durant|0 fnt\n|faint|p1a: Durant\n|\n|-weather|RainDance|[upkeep]\n|upkeep\n|\n|switch|p1a: Rotom|Rotom-Wash, L80|211\/211\n|turn|12\n|\n|move|p2a: Volcarona|Bug Buzz|p1a: Rotom\n|-damage|p1a: Rotom|102\/211\n|move|p1a: Rotom|Hydro Pump|p2a: Volcarona\n|-supereffective|p2a: Volcarona\n|-damage|p2a: Volcarona|0 fnt\n|faint|p2a: Volcarona\n|\n|-weather|none\n|upkeep\n|\n|switch|p2a: Primeape|Primeape, L88, F|164\/258\n|turn|13\n|\n|move|p1a: Rotom|Hydro Pump|p2a: Primeape\n|-damage|p2a: Primeape|38\/258\n|move|p2a: Primeape|Close Combat|p1a: Rotom\n|-damage|p1a: Rotom|0 fnt\n|-unboost|p2a: Primeape|def|1\n|-unboost|p2a: Primeape|spd|1\n|-damage|p2a: Primeape|13\/258|[from] item: Life Orb\n|faint|p1a: Rotom\n|\n|upkeep\n|\n|switch|p1a: Incineroar|Incineroar, L86, F|303\/303\n|-ability|p1a: Incineroar|Intimidate|boost\n|-unboost|p2a: Primeape|atk|1\n|-ability|p2a: Primeape|Defiant|boost\n|-boost|p2a: Primeape|atk|2\n|turn|14\n|\n|move|p1a: Incineroar|Earthquake|p2a: Primeape\n|-damage|p2a: Primeape|0 fnt\n|faint|p2a: Primeape\n|\n|upkeep\n|\n|switch|p2a: Beautifly|Beautifly, L89, M|251\/251\n|turn|15\n|\n|switch|p1a: Hypno|Hypno, L89, F|296\/296\n|move|p2a: Beautifly|Bug Buzz|p1a: Hypno\n|-supereffective|p1a: Hypno\n|-damage|p1a: Hypno|56\/296\n|\n|-heal|p1a: Hypno|74\/296|[from] item: Leftovers\n|upkeep\n|turn|16\n|\n|move|p1a: Hypno|Wish|p1a: Hypno\n|move|p2a: Beautifly|Bug Buzz|p1a: Hypno\n|-supereffective|p1a: Hypno\n|-damage|p1a: Hypno|0 fnt\n|faint|p1a: Hypno\n|\n|upkeep\n|\n|switch|p1a: Incineroar|Incineroar, L86, F|303\/303\n|-ability|p1a: Incineroar|Intimidate|boost\n|-unboost|p2a: Beautifly|atk|1\n|turn|17\n|\n|move|p1a: Incineroar|Flare Blitz|p2a: Beautifly\n|-supereffective|p2a: Beautifly\n|-damage|p2a: Beautifly|0 fnt\n|-damage|p1a: Incineroar|220\/303|[from] Recoil\n|faint|p2a: Beautifly\n|\n|-heal|p1a: Incineroar|303\/303|[from] move: Wish|[wisher] Hypno\n|upkeep\n|\n|switch|p2a: Nidoking|Nidoking, L82, M|267\/267\n|turn|18\n|\n|move|p1a: Incineroar|Flare Blitz|p2a: Nidoking\n|-damage|p2a: Nidoking|98\/267\n|-damage|p1a: Incineroar|247\/303|[from] Recoil\n|move|p2a: Nidoking|Earth Power|p1a: Incineroar\n|-supereffective|p1a: Incineroar\n|-damage|p1a: Incineroar|3\/303\n|\n|upkeep\n|turn|19\n|\n|move|p1a: Incineroar|Flare Blitz|p2a: Nidoking\n|-damage|p2a: Nidoking|0 fnt\n|-damage|p1a: Incineroar|0 fnt|[from] Recoil\n|faint|p2a: Nidoking\n|faint|p1a: Incineroar\n|\n|win|Efeso\n|l|\u2606Chaud74\n","inputlog":">version 51932ab4f27a3a0129d510e08ac4983a1dd55649\n>start {\"formatid\":\"gen7randombattle\",\"seed\":[1820,28615,47862,22697],\"rated\":\"Rated battle\"}\n>player p1 {\"name\":\"Efeso\",\"avatar\":\"1\",\"team\":\"\",\"rating\":1429,\"seed\":[49436,61537,61853,50396]}\n>player p2 {\"name\":\"Chaud74\",\"avatar\":\"265\",\"team\":\"\",\"rating\":1465,\"seed\":[29871,51583,7988,53077]}\n>p1 move darkestlariat\n>p2 switch 6\n>p1 switch 2\n>p2 move uturn\n>p2 switch 3\n>p1 switch 6\n>p2 move voltswitch\n>p2 switch 6\n>p1 move dragontail\n>p2 move shadowbone\n>p1 move dracometeor\n>p2 move voltswitch\n>p2 switch 6\n>p1 move sludgebomb\n>p2 move shadowbone\n>p1 switch 6\n>p1 move psyshock\n>p2 move shadowbone\n>p2 switch 6\n>p1 move hydropump\n>p2 move raindance\n>p1 move psyshock\n>p2 move hypervoice\n>p1 switch 5\n>p1 move superpower\n>p2 move surf\n>p2 switch 5\n>p1 move superpower\n>p2 move bugbuzz\n>p1 switch 3\n>p1 move hydropump\n>p2 move bugbuzz\n>p2 switch 3\n>p1 move hydropump\n>p2 move closecombat\n>p1 switch 2\n>p1 move earthquake\n>p2 move earthquake\n>p2 switch 4\n>p1 switch 4\n>p2 move bugbuzz\n>p1 move wish\n>p2 move bugbuzz\n>p1 switch 4\n>p1 move flareblitz\n>p2 move bugbuzz\n>p2 switch 2\n>p1 move flareblitz\n>p2 move earthpower\n>p1 move flareblitz\n>p2 move sludgewave","uploadtime":1565112476,"views":8,"p1id":"efeso","p2id":"chaud74","formatid":"gen7randombattle","rating":0,"private":0,"password":null}