{"id":"gen7randombattle-1706964589","p1":"candymouse","p2":"Netnorock","format":"gen7randombattle","log":"|j|\u2606candymouse\n|j|\u2606Netnorock\n|t:|1668036954\n|gametype|singles\n|player|p1|candymouse|266|1309\n|player|p2|Netnorock|169|1389\n|teamsize|p1|6\n|teamsize|p2|6\n|gen|7\n|tier|[Gen 7] Random Battle\n|rated|\n|rule|Sleep Clause Mod: Limit one foe put to sleep\n|rule|HP Percentage Mod: HP is shown in percentages\n|rule|Mega Rayquaza Clause: You cannot mega evolve Rayquaza\n|\n|t:|1668036954\n|start\n|switch|p1a: Skarmory|Skarmory, L80, F|235\/235\n|switch|p2a: Dugtrio|Dugtrio-Alola, L88, F|205\/205\n|turn|1\n|\n|t:|1668036970\n|switch|p2a: Darmanitan|Darmanitan, L84, M|314\/314\n|move|p1a: Skarmory|Stealth Rock|p2a: Darmanitan\n|-sidestart|p2: Netnorock|move: Stealth Rock\n|\n|upkeep\n|turn|2\n|\n|t:|1668036979\n|move|p2a: Darmanitan|Flare Blitz|p1a: Skarmory\n|-supereffective|p1a: Skarmory\n|-ability|p1a: Skarmory|Sturdy\n|-damage|p1a: Skarmory|1\/235\n|-damage|p2a: Darmanitan|237\/314|[from] Recoil\n|move|p1a: Skarmory|Whirlwind|p2a: Darmanitan\n|drag|p2a: Suicune|Suicune, L82|297\/297\n|-damage|p2a: Suicune|260\/297|[from] Stealth Rock\n|\n|-heal|p1a: Skarmory|15\/235|[from] item: Leftovers\n|upkeep\n|turn|3\n|\n|t:|1668036993\n|move|p2a: Suicune|Scald|p1a: Skarmory\n|-damage|p1a: Skarmory|0 fnt\n|faint|p1a: Skarmory\n|\n|upkeep\n|\n|t:|1668036998\n|switch|p1a: Sawsbuck|Sawsbuck-Summer, L88, F|284\/284\n|turn|4\n|\n|t:|1668037006\n|switch|p2a: Abomasnow|Abomasnow, L86, F|295\/295\n|-damage|p2a: Abomasnow|222\/295|[from] Stealth Rock\n|-weather|Hail|[from] ability: Snow Warning|[of] p2a: Abomasnow\n|move|p1a: Sawsbuck|Substitute|p1a: Sawsbuck\n|-start|p1a: Sawsbuck|Substitute\n|-damage|p1a: Sawsbuck|213\/284\n|\n|-weather|Hail|[upkeep]\n|-damage|p1a: Sawsbuck|196\/284|[from] Hail\n|-heal|p1a: Sawsbuck|213\/284|[from] item: Leftovers\n|upkeep\n|turn|5\n|\n|t:|1668037017\n|detailschange|p2a: Abomasnow|Abomasnow-Mega, L86, F\n|-mega|p2a: Abomasnow|Abomasnow|Abomasite\n|move|p1a: Sawsbuck|Swords Dance|p1a: Sawsbuck\n|-boost|p1a: Sawsbuck|atk|2\n|move|p2a: Abomasnow|Blizzard|p1a: Sawsbuck\n|-supereffective|p1a: Sawsbuck\n|-end|p1a: Sawsbuck|Substitute\n|\n|-weather|Hail|[upkeep]\n|-damage|p1a: Sawsbuck|196\/284|[from] Hail\n|-heal|p1a: Sawsbuck|213\/284|[from] item: Leftovers\n|upkeep\n|turn|6\n|\n|t:|1668037027\n|move|p1a: Sawsbuck|Jump Kick|p2a: Abomasnow\n|-supereffective|p2a: Abomasnow\n|-damage|p2a: Abomasnow|0 fnt\n|faint|p2a: Abomasnow\n|\n|-weather|Hail|[upkeep]\n|-damage|p1a: Sawsbuck|196\/284|[from] Hail\n|-heal|p1a: Sawsbuck|213\/284|[from] item: Leftovers\n|upkeep\n|\n|t:|1668037046\n|switch|p2a: Dugtrio|Dugtrio-Alola, L88, F|205\/205\n|-damage|p2a: Dugtrio|199\/205|[from] Stealth Rock\n|turn|7\n|\n|t:|1668037052\n|move|p2a: Dugtrio|Toxic|p1a: Sawsbuck\n|-status|p1a: Sawsbuck|tox\n|move|p1a: Sawsbuck|Jump Kick|p2a: Dugtrio\n|-supereffective|p2a: Dugtrio\n|-damage|p2a: Dugtrio|0 fnt\n|-ability|p2a: Dugtrio|Tangling Hair\n|-unboost|p1a: Sawsbuck|spe|1\n|faint|p2a: Dugtrio\n|\n|-weather|Hail|[upkeep]\n|-damage|p1a: Sawsbuck|196\/284 tox|[from] Hail\n|-heal|p1a: Sawsbuck|213\/284 tox|[from] item: Leftovers\n|-damage|p1a: Sawsbuck|196\/284 tox|[from] psn\n|upkeep\n|\n|t:|1668037064\n|switch|p2a: Darmanitan|Darmanitan, L84, M|237\/314\n|-damage|p2a: Darmanitan|159\/314|[from] Stealth Rock\n|turn|8\n|\n|t:|1668037070\n|move|p2a: Darmanitan|Flare Blitz|p1a: Sawsbuck\n|-supereffective|p1a: Sawsbuck\n|-damage|p1a: Sawsbuck|0 fnt\n|faint|p1a: Sawsbuck\n|-damage|p2a: Darmanitan|94\/314|[from] Recoil\n|\n|-weather|none\n|upkeep\n|\n|t:|1668037076\n|switch|p1a: Alomomola|Alomomola, L82, M|405\/405\n|turn|9\n|\n|t:|1668037085\n|move|p2a: Darmanitan|U-turn|p1a: Alomomola\n|-damage|p1a: Alomomola|305\/405\n|-damage|p2a: Darmanitan|63\/314|[from] item: Life Orb\n|\n|t:|1668037087\n|switch|p2a: Suicune|Suicune, L82|260\/297\n|-damage|p2a: Suicune|223\/297|[from] Stealth Rock\n|move|p1a: Alomomola|Toxic|p2a: Suicune\n|-status|p2a: Suicune|tox\n|\n|-heal|p1a: Alomomola|330\/405|[from] item: Leftovers\n|-damage|p2a: Suicune|205\/297 tox|[from] psn\n|upkeep\n|turn|10\n|\n|t:|1668037100\n|move|p2a: Suicune|Hidden Power|p1a: Alomomola\n|-supereffective|p1a: Alomomola\n|-damage|p1a: Alomomola|154\/405\n|move|p1a: Alomomola|Wish|p1a: Alomomola\n|\n|-heal|p1a: Alomomola|179\/405|[from] item: Leftovers\n|-damage|p2a: Suicune|169\/297 tox|[from] psn\n|upkeep\n|turn|11\n|\n|t:|1668037113\n|switch|p2a: Crabominable|Crabominable, L88, F|314\/314\n|-damage|p2a: Crabominable|275\/314|[from] Stealth Rock\n|move|p1a: Alomomola|Protect||[still]\n|-fail|p1a: Alomomola\n|\n|-heal|p1a: Alomomola|381\/405|[from] move: Wish|[wisher] Alomomola\n|-heal|p1a: Alomomola|405\/405|[from] item: Leftovers\n|upkeep\n|turn|12\n|\n|t:|1668037124\n|move|p1a: Alomomola|Toxic|p2a: Crabominable\n|-status|p2a: Crabominable|tox\n|move|p2a: Crabominable|Close Combat|p1a: Alomomola\n|-damage|p1a: Alomomola|119\/405\n|-unboost|p2a: Crabominable|def|1\n|-unboost|p2a: Crabominable|spd|1\n|\n|-heal|p1a: Alomomola|144\/405|[from] item: Leftovers\n|-damage|p2a: Crabominable|256\/314 tox|[from] psn\n|upkeep\n|turn|13\n|inactive|Battle timer is ON: inactive players will automatically lose when time's up. (requested by Netnorock)\n|\n|t:|1668037146\n|move|p1a: Alomomola|Protect|p1a: Alomomola\n|-singleturn|p1a: Alomomola|Protect\n|move|p2a: Crabominable|Close Combat|p1a: Alomomola\n|-activate|p1a: Alomomola|move: Protect\n|\n|-heal|p1a: Alomomola|169\/405|[from] item: Leftovers\n|-damage|p2a: Crabominable|218\/314 tox|[from] psn\n|upkeep\n|turn|14\n|\n|t:|1668037154\n|move|p1a: Alomomola|Scald|p2a: Crabominable\n|-damage|p2a: Crabominable|134\/314 tox\n|move|p2a: Crabominable|Close Combat|p1a: Alomomola\n|-damage|p1a: Alomomola|0 fnt\n|-unboost|p2a: Crabominable|def|1\n|-unboost|p2a: Crabominable|spd|1\n|faint|p1a: Alomomola\n|\n|-damage|p2a: Crabominable|77\/314 tox|[from] psn\n|upkeep\n|\n|t:|1668037170\n|switch|p1a: Simisear|Simisear, L88, M|275\/275\n|turn|15\n|\n|t:|1668037186\n|move|p1a: Simisear|Hidden Power|p2a: Crabominable\n|-damage|p2a: Crabominable|0 fnt\n|faint|p2a: Crabominable\n|\n|upkeep\n|\n|t:|1668037196\n|switch|p2a: Suicune|Suicune, L82|169\/297 tox\n|-damage|p2a: Suicune|132\/297 tox|[from] Stealth Rock\n|turn|16\n|\n|t:|1668037216\n|move|p1a: Simisear|Focus Blast|p2a: Suicune\n|-damage|p2a: Suicune|50\/297 tox\n|move|p2a: Suicune|Hydro Pump|p1a: Simisear|[miss]\n|-miss|p2a: Suicune|p1a: Simisear\n|\n|-damage|p2a: Suicune|32\/297 tox|[from] psn\n|upkeep\n|turn|17\n|\n|t:|1668037224\n|move|p1a: Simisear|Hidden Power|p2a: Suicune\n|-damage|p2a: Suicune|0 fnt\n|faint|p2a: Suicune\n|\n|upkeep\n|\n|t:|1668037231\n|switch|p2a: Nidoqueen|Nidoqueen, L84, F|288\/288\n|-damage|p2a: Nidoqueen|270\/288|[from] Stealth Rock\n|turn|18\n|\n|t:|1668037246\n|move|p1a: Simisear|Fire Blast|p2a: Nidoqueen\n|-damage|p2a: Nidoqueen|135\/288\n|move|p2a: Nidoqueen|Earth Power|p1a: Simisear\n|-supereffective|p1a: Simisear\n|-damage|p1a: Simisear|0 fnt\n|faint|p1a: Simisear\n|\n|upkeep\n|\n|t:|1668037256\n|switch|p1a: Lunala|Lunala, L76|333\/333\n|turn|19\n|\n|t:|1668037263\n|move|p1a: Lunala|Calm Mind|p1a: Lunala\n|-boost|p1a: Lunala|spa|1\n|-boost|p1a: Lunala|spd|1\n|move|p2a: Nidoqueen|Sludge Wave|p1a: Lunala\n|-resisted|p1a: Lunala\n|-damage|p1a: Lunala|312\/333\n|\n|-heal|p1a: Lunala|332\/333|[from] item: Leftovers\n|upkeep\n|turn|20\n|-message|Netnorock forfeited.\n|\n|win|candymouse\n|raw|candymouse's rating: 1309 &rarr; <strong>1334<\/strong><br \/>(+25 for winning)\n|raw|Netnorock's rating: 1389 &rarr; <strong>1364<\/strong><br \/>(-25 for losing)\n|l|\u2606Netnorock\n||Ladder isn't responding, score probably updated but might not have (Request timeout).\n","inputlog":">version 453a3ad56483cc6a5c08448f6577d394b68621b7\n>start {\"formatid\":\"gen7randombattle\",\"seed\":[21586,62415,46411,10955],\"rated\":\"Rated battle\"}\n>player p1 {\"name\":\"candymouse\",\"avatar\":\"266\",\"rating\":1309,\"seed\":[46608,44435,14561,11399]}\n>player p2 {\"name\":\"Netnorock\",\"avatar\":\"169\",\"rating\":1389,\"seed\":[39583,50651,56076,8014]}\n>p1 move stealthrock\n>p2 switch 4\n>p1 move whirlwind\n>p2 move flareblitz\n>p1 move bravebird\n>p2 move scald\n>p1 switch 6\n>p1 move substitute\n>p2 switch 6\n>p1 move swordsdance\n>p2 move blizzard mega\n>p1 move jumpkick\n>p2 move blizzard\n>p2 switch 4\n>p1 move jumpkick\n>p2 move toxic\n>p2 switch 3\n>p1 move jumpkick\n>p2 move flareblitz\n>p1 switch 4\n>p1 move toxic\n>p2 move uturn\n>p2 switch 6\n>p1 move wish\n>p2 move hiddenpower\n>p1 move protect\n>p2 switch 5\n>p1 move toxic\n>p2 move closecombat\n>p1 move protect\n>p2 move closecombat\n>p1 move scald\n>p2 move closecombat\n>p1 switch 5\n>p1 move hiddenpower\n>p2 move closecombat\n>p2 switch 5\n>p1 move focusblast\n>p2 move hydropump\n>p1 move hiddenpower\n>p2 move hydropump\n>p2 switch 2\n>p1 move fireblast\n>p2 move earthpower\n>p1 switch 3\n>p1 move calmmind\n>p2 move sludgewave\n>forcelose p2","uploadtime":1668037273,"views":5,"p1id":"candymouse","p2id":"netnorock","formatid":"gen7randombattle","rating":1334,"private":0,"password":null}