{"id":"gen7randombattle-1650489826","p1":"wdoifu s fdsf","p2":"himynametay","format":"gen7randombattle","log":"|j|\u2606wdoifu s fdsf\n|j|\u203dhimynametay\n|t:|1661717192\n|gametype|singles\n|player|p1|wdoifu s fdsf|acetrainer-gen4dp|1653\n|player|p2|himynametay|elesa-masters|1671\n|teamsize|p1|6\n|teamsize|p2|6\n|gen|7\n|tier|[Gen 7] Random Battle\n|rated|\n|rule|Sleep Clause Mod: Limit one foe put to sleep\n|rule|HP Percentage Mod: HP is shown in percentages\n|rule|Mega Rayquaza Clause: You cannot mega evolve Rayquaza\n|\n|t:|1661717192\n|start\n|switch|p1a: Wishiwashi|Wishiwashi, L88, F|222\/222\n|switch|p2a: Raichu|Raichu-Alola, L88, M|249\/249\n|-formechange|p1a: Wishiwashi|Wishiwashi-School||[from] ability: Schooling\n|turn|1\n|inactive|Battle timer is ON: inactive players will automatically lose when time's up. (requested by himynametay)\n|\n|t:|1661717206\n|switch|p1a: Whimsicott|Whimsicott, L86, M|243\/243\n|move|p2a: Raichu|Volt Switch|p1a: Whimsicott\n|-resisted|p1a: Whimsicott\n|-damage|p1a: Whimsicott|183\/243\n|\n|t:|1661717209\n|switch|p2a: Ninetales|Ninetales, L84, F|259\/259\n|-weather|SunnyDay|[from] ability: Drought|[of] p2a: Ninetales\n|\n|-weather|SunnyDay|[upkeep]\n|-heal|p1a: Whimsicott|198\/243|[from] item: Leftovers\n|upkeep\n|turn|2\n|\n|t:|1661717228\n|move|p1a: Whimsicott|U-turn|p2a: Ninetales\n|-resisted|p2a: Ninetales\n|-damage|p2a: Ninetales|235\/259\n|\n|t:|1661717240\n|switch|p1a: Florges|Florges-Yellow, L84, F|268\/268\n|move|p2a: Ninetales|Nasty Plot|p2a: Ninetales\n|-boost|p2a: Ninetales|spa|2\n|\n|-weather|SunnyDay|[upkeep]\n|-heal|p2a: Ninetales|251\/259|[from] item: Leftovers\n|upkeep\n|turn|3\n|\n|t:|1661717247\n|switch|p1a: Whimsicott|Whimsicott, L86, M|198\/243\n|move|p2a: Ninetales|Fire Blast|p1a: Whimsicott\n|-supereffective|p1a: Whimsicott\n|-damage|p1a: Whimsicott|0 fnt\n|faint|p1a: Whimsicott\n|\n|-weather|SunnyDay|[upkeep]\n|-heal|p2a: Ninetales|259\/259|[from] item: Leftovers\n|upkeep\n|\n|t:|1661717261\n|switch|p1a: Haxorus|Haxorus, L82, F|259\/259\n|-ability|p1a: Haxorus|Mold Breaker\n|turn|4\n|inactive|himynametay has 120 seconds left.\n|\n|t:|1661717301\n|move|p2a: Ninetales|Fire Blast|p1a: Haxorus\n|-resisted|p1a: Haxorus\n|-damage|p1a: Haxorus|67\/259\n|move|p1a: Haxorus|Dragon Dance|p1a: Haxorus\n|-boost|p1a: Haxorus|atk|1\n|-boost|p1a: Haxorus|spe|1\n|\n|-weather|SunnyDay|[upkeep]\n|upkeep\n|turn|5\n|\n|t:|1661717315\n|switch|p2a: Hawlucha|Hawlucha, L80, M|256\/256\n|move|p1a: Haxorus|Earthquake|p2a: Hawlucha\n|-immune|p2a: Hawlucha\n|\n|-weather|none\n|upkeep\n|turn|6\n|\n|t:|1661717322\n|switch|p2a: Sylveon|Sylveon, L82, M|290\/290\n|-zpower|p1a: Haxorus\n|move|p1a: Haxorus|Devastating Drake|p2a: Sylveon|[zeffect]\n|-immune|p2a: Sylveon\n|\n|upkeep\n|turn|7\n|\n|t:|1661717330\n|move|p1a: Haxorus|Poison Jab|p2a: Sylveon\n|-supereffective|p2a: Sylveon\n|-damage|p2a: Sylveon|14\/290\n|move|p2a: Sylveon|Hyper Voice|p1a: Haxorus\n|-supereffective|p1a: Haxorus\n|-damage|p1a: Haxorus|0 fnt\n|faint|p1a: Haxorus\n|\n|-heal|p2a: Sylveon|32\/290|[from] item: Leftovers\n|upkeep\n|\n|t:|1661717356\n|switch|p1a: Florges|Florges-Yellow, L84, F|268\/268\n|turn|8\n|\n|t:|1661717361\n|move|p1a: Florges|Moonblast|p2a: Sylveon\n|-damage|p2a: Sylveon|0 fnt\n|faint|p2a: Sylveon\n|\n|upkeep\n|\n|t:|1661717379\n|switch|p2a: Raichu|Raichu-Alola, L88, M|249\/249\n|turn|9\n|\n|t:|1661717387\n|move|p2a: Raichu|Psyshock|p1a: Florges\n|-damage|p1a: Florges|112\/268\n|move|p1a: Florges|Moonblast|p2a: Raichu\n|-damage|p2a: Raichu|135\/249\n|-unboost|p2a: Raichu|spa|1\n|\n|-heal|p1a: Florges|128\/268|[from] item: Leftovers\n|upkeep\n|turn|10\n|\n|t:|1661717395\n|switch|p1a: Wishiwashi|Wishiwashi, L88, F|222\/222\n|-formechange|p1a: Wishiwashi|Wishiwashi-School||[from] ability: Schooling\n|move|p2a: Raichu|Psyshock|p1a: Wishiwashi\n|-damage|p1a: Wishiwashi|158\/222\n|\n|upkeep\n|turn|11\n|\n|t:|1661717401\n|switch|p2a: Regigigas|Regigigas, L88|337\/337\n|-start|p2a: Regigigas|ability: Slow Start\n|move|p1a: Wishiwashi|Scald|p2a: Regigigas\n|-damage|p2a: Regigigas|232\/337\n|-status|p2a: Regigigas|brn\n|\n|-heal|p2a: Regigigas|253\/337 brn|[from] item: Leftovers\n|-damage|p2a: Regigigas|232\/337 brn|[from] brn\n|upkeep\n|turn|12\n|\n|t:|1661717411\n|move|p2a: Regigigas|Knock Off|p1a: Wishiwashi\n|-damage|p1a: Wishiwashi|140\/222\n|-enditem|p1a: Wishiwashi|Assault Vest|[from] move: Knock Off|[of] p2a: Regigigas\n|move|p1a: Wishiwashi|Scald|p2a: Regigigas\n|-damage|p2a: Regigigas|126\/337 brn\n|\n|-heal|p2a: Regigigas|147\/337 brn|[from] item: Leftovers\n|-damage|p2a: Regigigas|126\/337 brn|[from] brn\n|upkeep\n|turn|13\n|\n|t:|1661717416\n|move|p2a: Regigigas|Confuse Ray|p1a: Wishiwashi\n|-start|p1a: Wishiwashi|confusion\n|-activate|p1a: Wishiwashi|confusion\n|move|p1a: Wishiwashi|Scald|p2a: Regigigas\n|-damage|p2a: Regigigas|32\/337 brn\n|\n|-heal|p2a: Regigigas|53\/337 brn|[from] item: Leftovers\n|-damage|p2a: Regigigas|32\/337 brn|[from] brn\n|upkeep\n|turn|14\n|\n|t:|1661717432\n|move|p2a: Regigigas|Return|p1a: Wishiwashi\n|-damage|p1a: Wishiwashi|110\/222\n|-activate|p1a: Wishiwashi|confusion\n|move|p1a: Wishiwashi|Scald|p2a: Regigigas\n|-damage|p2a: Regigigas|0 fnt\n|faint|p2a: Regigigas\n|-end|p2a: Regigigas|Slow Start|[silent]\n|\n|upkeep\n|\n|t:|1661717435\n|switch|p2a: Raichu|Raichu-Alola, L88, M|135\/249\n|turn|15\n|\n|t:|1661717440\n|move|p2a: Raichu|Volt Switch|p1a: Wishiwashi\n|-supereffective|p1a: Wishiwashi\n|-damage|p1a: Wishiwashi|0 fnt\n|faint|p1a: Wishiwashi\n|\n|t:|1661717444\n|switch|p2a: Ninetales|Ninetales, L84, F|259\/259\n|-weather|SunnyDay|[from] ability: Drought|[of] p2a: Ninetales\n|\n|-weather|SunnyDay|[upkeep]\n|upkeep\n|\n|t:|1661717459\n|switch|p1a: Dodrio|Dodrio, L88, F|249\/249\n|turn|16\n|\n|t:|1661717468\n|move|p1a: Dodrio|Brave Bird|p2a: Ninetales\n|-damage|p2a: Ninetales|3\/259\n|-damage|p1a: Dodrio|165\/249|[from] Recoil\n|move|p2a: Ninetales|Will-O-Wisp|p1a: Dodrio\n|-status|p1a: Dodrio|brn\n|\n|-weather|SunnyDay|[upkeep]\n|-heal|p2a: Ninetales|19\/259|[from] item: Leftovers\n|-damage|p1a: Dodrio|150\/249 brn|[from] brn\n|upkeep\n|turn|17\n|\n|t:|1661717479\n|move|p1a: Dodrio|Brave Bird|p2a: Ninetales\n|-damage|p2a: Ninetales|0 fnt\n|faint|p2a: Ninetales\n|-damage|p1a: Dodrio|144\/249 brn|[from] Recoil\n|\n|-weather|SunnyDay|[upkeep]\n|-damage|p1a: Dodrio|129\/249 brn|[from] brn\n|upkeep\n|\n|t:|1661717481\n|switch|p2a: Raichu|Raichu-Alola, L88, M|135\/249\n|turn|18\n|\n|t:|1661717488\n|move|p1a: Dodrio|Brave Bird|p2a: Raichu\n|-resisted|p2a: Raichu\n|-crit|p2a: Raichu\n|-damage|p2a: Raichu|9\/249\n|-damage|p1a: Dodrio|87\/249 brn|[from] Recoil\n|move|p2a: Raichu|Volt Switch|p1a: Dodrio\n|-supereffective|p1a: Dodrio\n|-damage|p1a: Dodrio|0 fnt\n|faint|p1a: Dodrio\n|\n|t:|1661717496\n|switch|p2a: Medicham|Medicham, L80, F|227\/227\n|\n|-weather|SunnyDay|[upkeep]\n|upkeep\n|\n|t:|1661717504\n|switch|p1a: Florges|Florges-Yellow, L84, F|128\/268\n|turn|19\n|\n|t:|1661717511\n|detailschange|p2a: Medicham|Medicham-Mega, L80, F\n|-mega|p2a: Medicham|Medicham|Medichamite\n|move|p2a: Medicham|Fake Out|p1a: Florges\n|-damage|p1a: Florges|59\/268\n|cant|p1a: Florges|flinch\n|\n|-weather|none\n|-heal|p1a: Florges|75\/268|[from] item: Leftovers\n|upkeep\n|turn|20\n|\n|t:|1661717516\n|move|p2a: Medicham|Zen Headbutt|p1a: Florges\n|-damage|p1a: Florges|0 fnt\n|faint|p1a: Florges\n|\n|upkeep\n|-message|wdoifu s fdsf forfeited.\n|\n|win|himynametay\n|raw|wdoifu s fdsf's rating: 1653 &rarr; <strong>1634<\/strong><br \/>(-19 for losing)\n|raw|himynametay's rating: 1671 &rarr; <strong>1690<\/strong><br \/>(+19 for winning)\n|l|\u2606wdoifu s fdsf\n||Ladder isn't responding, score probably updated but might not have (Request timeout).\n","inputlog":">version 6a616b3eff9d23b71ac7ce9a5066e931b21dc500\n>start {\"formatid\":\"gen7randombattle\",\"seed\":[15436,15451,64576,20274],\"rated\":\"Rated battle\"}\n>player p1 {\"name\":\"wdoifu s fdsf\",\"avatar\":\"acetrainer-gen4dp\",\"rating\":1653,\"seed\":[1061,39828,14576,22861]}\n>player p2 {\"name\":\"himynametay\",\"avatar\":\"elesa-masters\",\"rating\":1671,\"seed\":[52296,35581,19136,19474]}\n>p1 switch 2\n>p2 move voltswitch\n>p2 switch 5\n>p1 move uturn\n>p2 move nastyplot\n>p1 switch 6\n>p1 switch 6\n>p2 move fireblast\n>p1 switch 4\n>p1 move dragondance\n>p2 move fireblast\n>p1 move earthquake\n>p2 switch 6\n>p1 move outrage zmove\n>p2 switch 2\n>p1 move poisonjab\n>p2 move hypervoice\n>p1 switch 6\n>p1 move moonblast\n>p2 move hypervoice\n>p2 switch 5\n>p1 move moonblast\n>p2 move psyshock\n>p1 switch 2\n>p2 move psyshock\n>p1 move scald\n>p2 switch 4\n>p1 move scald\n>p2 move knockoff\n>p1 move scald\n>p2 move confuseray\n>p1 move scald\n>p2 move return\n>p2 switch 4\n>p1 move earthquake\n>p2 move voltswitch\n>p2 switch 6\n>p1 switch 3\n>p1 move bravebird\n>p2 move willowisp\n>p1 move bravebird\n>p2 move fireblast\n>p2 switch 6\n>p1 move bravebird\n>p2 move voltswitch\n>p2 switch 3\n>p1 switch 2\n>p1 move synthesis\n>p2 move fakeout mega\n>p1 move moonblast\n>p2 move zenheadbutt\n>forcelose p1","uploadtime":1661717541,"views":3,"p1id":"wdoifusfdsf","p2id":"himynametay","formatid":"gen7randombattle","rating":1634,"private":0,"password":null}