{"id":"gen7randombattle-1594762120","p1":"Sohrob1","p2":"BigWes95","format":"gen7randombattle","log":"|j|\u2606Sohrob1\n|j|\u2606BigWes95\n|t:|1655050547\n|gametype|singles\n|player|p1|Sohrob1|266|1562\n|player|p2|BigWes95|lusamine-nihilego|1613\n|teamsize|p1|6\n|teamsize|p2|6\n|gen|7\n|tier|[Gen 7] Random Battle\n|rated|\n|rule|Sleep Clause Mod: Limit one foe put to sleep\n|rule|HP Percentage Mod: HP is shown in percentages\n|rule|Mega Rayquaza Clause: You cannot mega evolve Rayquaza\n|\n|t:|1655050547\n|start\n|switch|p1a: Slowking|Slowking, L86, F|304\/304\n|switch|p2a: Arbok|Arbok, L88, F|249\/249\n|-ability|p2a: Arbok|Intimidate|boost\n|-unboost|p1a: Slowking|atk|1\n|turn|1\n|inactive|Battle timer is ON: inactive players will automatically lose when time's up. (requested by BigWes95)\n|\n|t:|1655050565\n|switch|p1a: Dugtrio|Dugtrio-Alola, L88, M|205\/205\n|move|p2a: Arbok|Coil|p2a: Arbok\n|-boost|p2a: Arbok|atk|1\n|-boost|p2a: Arbok|def|1\n|-boost|p2a: Arbok|accuracy|1\n|\n|upkeep\n|turn|2\n|\n|t:|1655050573\n|move|p1a: Dugtrio|Earthquake|p2a: Arbok\n|-supereffective|p2a: Arbok\n|-damage|p2a: Arbok|15\/249\n|-damage|p1a: Dugtrio|185\/205|[from] item: Life Orb\n|move|p2a: Arbok|Earthquake|p1a: Dugtrio\n|-supereffective|p1a: Dugtrio\n|-damage|p1a: Dugtrio|0 fnt\n|faint|p1a: Dugtrio\n|\n|upkeep\n|\n|t:|1655050586\n|switch|p1a: Houndoom|Houndoom, L84, F|262\/262\n|turn|3\n|\n|t:|1655050591\n|detailschange|p1a: Houndoom|Houndoom-Mega, L84, F\n|-mega|p1a: Houndoom|Houndoom|Houndoominite\n|move|p2a: Arbok|Sucker Punch|p1a: Houndoom\n|-resisted|p1a: Houndoom\n|-damage|p1a: Houndoom|225\/262\n|move|p1a: Houndoom|Dark Pulse|p2a: Arbok\n|-damage|p2a: Arbok|0 fnt\n|faint|p2a: Arbok\n|\n|upkeep\n|\n|t:|1655050599\n|switch|p2a: Zangoose|Zangoose, L88, F|272\/272\n|turn|4\n|\n|t:|1655050614\n|move|p1a: Houndoom|Fire Blast|p2a: Zangoose\n|-damage|p2a: Zangoose|64\/272\n|move|p2a: Zangoose|Close Combat|p1a: Houndoom\n|-supereffective|p1a: Houndoom\n|-damage|p1a: Houndoom|19\/262\n|-unboost|p2a: Zangoose|def|1\n|-unboost|p2a: Zangoose|spd|1\n|\n|-status|p2a: Zangoose|tox|[from] item: Toxic Orb\n|upkeep\n|turn|5\n|\n|t:|1655050628\n|switch|p2a: Manaphy|Manaphy, L80|291\/291\n|move|p1a: Houndoom|Dark Pulse|p2a: Manaphy\n|-damage|p2a: Manaphy|174\/291\n|\n|-heal|p2a: Manaphy|192\/291|[from] item: Leftovers\n|upkeep\n|turn|6\n|\n|t:|1655050637\n|move|p1a: Houndoom|Dark Pulse|p2a: Manaphy\n|-damage|p2a: Manaphy|92\/291\n|move|p2a: Manaphy|Surf|p1a: Houndoom\n|-supereffective|p1a: Houndoom\n|-damage|p1a: Houndoom|0 fnt\n|faint|p1a: Houndoom\n|\n|-heal|p2a: Manaphy|110\/291|[from] item: Leftovers\n|upkeep\n|inactive|Sohrob1 has 120 seconds left.\n|\n|t:|1655050665\n|switch|p1a: Oricorio|Oricorio, L88, M|275\/275\n|turn|7\n|\n|t:|1655050673\n|move|p1a: Oricorio|Calm Mind|p1a: Oricorio\n|-boost|p1a: Oricorio|spa|1\n|-boost|p1a: Oricorio|spd|1\n|move|p2a: Manaphy|Surf|p1a: Oricorio\n|-supereffective|p1a: Oricorio\n|-damage|p1a: Oricorio|137\/275\n|\n|-heal|p1a: Oricorio|154\/275|[from] item: Leftovers\n|-heal|p2a: Manaphy|128\/291|[from] item: Leftovers\n|upkeep\n|turn|8\n|\n|t:|1655050683\n|move|p1a: Oricorio|Hurricane|p2a: Manaphy|[miss]\n|-miss|p1a: Oricorio|p2a: Manaphy\n|move|p2a: Manaphy|Tail Glow|p2a: Manaphy\n|-boost|p2a: Manaphy|spa|3\n|\n|-heal|p1a: Oricorio|171\/275|[from] item: Leftovers\n|-heal|p2a: Manaphy|146\/291|[from] item: Leftovers\n|upkeep\n|turn|9\n|\n|t:|1655050692\n|move|p1a: Oricorio|Hurricane|p2a: Manaphy\n|-damage|p2a: Manaphy|0 fnt\n|faint|p2a: Manaphy\n|\n|-heal|p1a: Oricorio|188\/275|[from] item: Leftovers\n|upkeep\n|\n|t:|1655050697\n|switch|p2a: Rotom|Rotom, L86|226\/226\n|turn|10\n|\n|t:|1655050705\n|move|p1a: Oricorio|Calm Mind|p1a: Oricorio\n|-boost|p1a: Oricorio|spa|1\n|-boost|p1a: Oricorio|spd|1\n|move|p2a: Rotom|Volt Switch|p1a: Oricorio\n|-supereffective|p1a: Oricorio\n|-damage|p1a: Oricorio|68\/275\n|-damage|p2a: Rotom|204\/226|[from] item: Life Orb\n|-message|BigWes95 forfeited.\n|\n|win|Sohrob1\n|raw|Sohrob1's rating: 1562 &rarr; <strong>1585<\/strong><br \/>(+23 for winning)\n|raw|BigWes95's rating: 1613 &rarr; <strong>1590<\/strong><br \/>(-23 for losing)\n|l|\u2606BigWes95\n|l|\u2606Sohrob1\n||Ladder isn't responding, score probably updated but might not have (Request timeout).\n","inputlog":">version 670c2f5a4ee85e366483c1d6b048cac7bb7a651c\n>start {\"formatid\":\"gen7randombattle\",\"seed\":[58923,39542,61016,46258],\"rated\":\"Rated battle\"}\n>player p1 {\"name\":\"Sohrob1\",\"avatar\":\"266\",\"rating\":1562,\"seed\":[20846,27180,48107,15876]}\n>player p2 {\"name\":\"BigWes95\",\"avatar\":\"lusamine-nihilego\",\"rating\":1613,\"seed\":[4050,58454,42350,23995]}\n>p1 switch 5\n>p2 move coil\n>p1 move earthquake\n>p2 move earthquake\n>p1 switch 4\n>p1 move darkpulse mega\n>p2 move suckerpunch\n>p2 switch 6\n>p1 move fireblast\n>p2 move closecombat\n>p1 move darkpulse\n>p2 switch 2\n>p1 move darkpulse\n>p2 move surf\n>p1 switch 6\n>p1 move calmmind\n>p2 move surf\n>p1 move hurricane\n>p2 move tailglow\n>p1 move hurricane\n>p2 move surf\n>p2 switch 4\n>p1 move calmmind\n>p2 move voltswitch\n>forcelose p2","uploadtime":1655051022,"views":3,"p1id":"sohrob1","p2id":"bigwes95","formatid":"gen7randombattle","rating":1585,"private":0,"password":null}