{"id":"gen7randombattle-682826472","p1":"Alolan Aster","p2":"RickerMortys","format":"gen7randombattle","log":"|j|\u2606Alolan Aster\n|j|\u2606RickerMortys\n|player|p1|Alolan Aster|52\n|teamsize|p1|6\n|player|p2|RickerMortys|147\n|teamsize|p2|6\n|gametype|singles\n|gen|7\n|tier|[Gen 7] Random Battle\n|seed|10541,26952,35082,7045,1660,17538,49911,4213,47699,21256,17029,43337\n|rule|Sleep Clause Mod: Limit one foe put to sleep\n|rule|HP Percentage Mod: HP is shown in percentages\n|\n|start\n|switch|p1a: Milotic|Milotic, L79, F|100\/100\n|switch|p2a: Ledian|Ledian, L83, F|100\/100\n|turn|1\n|j| Peble\n|choice|switch 2|move toxic\n|\n|switch|p1a: Necrozma|Necrozma-Dusk-Mane, L73|100\/100\n|-item|p1a: Necrozma|Air Balloon\n|move|p2a: Ledian|Toxic|p1a: Necrozma\n|-immune|p1a: Necrozma|[msg]\n|\n|upkeep\n|turn|2\n|choice|move swordsdance|move uturn\n|\n|move|p2a: Ledian|U-turn|p1a: Necrozma\n|-damage|p1a: Necrozma|88\/100\n|-enditem|p1a: Necrozma|Air Balloon\n|choice||switch 3\n|\n|switch|p2a: Kommo-o|Kommo-o, L79, M|100\/100|[from]move: U-turn\n|move|p1a: Necrozma|Swords Dance|p1a: Necrozma\n|-boost|p1a: Necrozma|atk|2\n|\n|upkeep\n|turn|3\n|choice|move sunsteelstrike|switch 4\n|\n|switch|p2a: Genesect|Genesect-Shock, L73|100\/100\n|-ability|p2a: Genesect|Download|boost\n|-boost|p2a: Genesect|spa|1\n|move|p1a: Necrozma|Sunsteel Strike|p2a: Genesect\n|-resisted|p2a: Genesect\n|-crit|p2a: Genesect\n|-damage|p2a: Genesect|11\/100\n|\n|upkeep\n|turn|4\n|choice|switch 2|move flamethrower\n|\n|switch|p1a: Milotic|Milotic, L79, F|100\/100\n|move|p2a: Genesect|Flamethrower|p1a: Milotic\n|-resisted|p1a: Milotic\n|-damage|p1a: Milotic|88\/100\n|\n|-heal|p1a: Milotic|94\/100|[from] item: Leftovers\n|upkeep\n|turn|5\n|choice|switch 6|move technoblast\n|\n|switch|p1a: Kyurem|Kyurem, L78|100\/100\n|-ability|p1a: Kyurem|Pressure\n|move|p2a: Genesect|Techno Blast|p1a: Kyurem\n|-resisted|p1a: Kyurem\n|-damage|p1a: Kyurem|87\/100\n|\n|upkeep\n|turn|6\n|choice|switch 6|switch 2\n|\n|switch|p1a: Milotic|Milotic, L79, F|94\/100\n|switch|p2a: Lanturn|Lanturn, L83, M|100\/100\n|\n|-heal|p1a: Milotic|99\/100|[from] item: Leftovers\n|upkeep\n|turn|7\n|choice|move toxic|move thunderwave\n|\n|move|p1a: Milotic|Toxic|p2a: Lanturn\n|-status|p2a: Lanturn|tox\n|move|p2a: Lanturn|Thunder Wave|p1a: Milotic\n|-status|p1a: Milotic|par\n|\n|-heal|p1a: Milotic|100\/100 par|[from] item: Leftovers\n|-damage|p2a: Lanturn|94\/100 tox|[from] psn\n|upkeep\n|turn|8\n|choice|switch 6|move thunderbolt\n|\n|switch|p1a: Kyurem|Kyurem, L78|87\/100\n|-ability|p1a: Kyurem|Pressure\n|move|p2a: Lanturn|Thunderbolt|p1a: Kyurem\n|-resisted|p1a: Kyurem\n|-damage|p1a: Kyurem|75\/100\n|-damage|p2a: Lanturn|84\/100 tox|[from] item: Life Orb\n|\n|-damage|p2a: Lanturn|72\/100 tox|[from] psn\n|upkeep\n|turn|9\n|choice|move earthpower|switch 4\n|\n|switch|p2a: Kommo-o|Kommo-o, L79, M|100\/100\n|move|p1a: Kyurem|Earth Power|p2a: Kommo-o\n|-damage|p2a: Kommo-o|74\/100\n|\n|upkeep\n|turn|10\n|choice|switch 6|move outrage zmove\n|\n|switch|p1a: Milotic|Milotic, L79, F|100\/100 par\n|-zpower|p2a: Kommo-o\n|move|p2a: Kommo-o|Devastating Drake|p1a: Milotic|[zeffect]\n|-damage|p1a: Milotic|14\/100 par\n|\n|-heal|p1a: Milotic|20\/100 par|[from] item: Leftovers\n|upkeep\n|turn|11\n|choice|switch 4|move dragondance\n|\n|switch|p1a: Articuno|Articuno, L83|100\/100\n|-ability|p1a: Articuno|Pressure\n|move|p2a: Kommo-o|Dragon Dance|p2a: Kommo-o\n|-boost|p2a: Kommo-o|atk|1\n|-boost|p2a: Kommo-o|spe|1\n|\n|upkeep\n|turn|12\n|choice|move hurricane|move closecombat\n|\n|move|p2a: Kommo-o|Close Combat|p1a: Articuno\n|-damage|p1a: Articuno|39\/100\n|-unboost|p2a: Kommo-o|def|1\n|-unboost|p2a: Kommo-o|spd|1\n|move|p1a: Articuno|Hurricane|p2a: Kommo-o\n|-supereffective|p2a: Kommo-o\n|-damage|p2a: Kommo-o|0 fnt\n|faint|p2a: Kommo-o\n|\n|-heal|p1a: Articuno|45\/100|[from] item: Leftovers\n|upkeep\n|l| Peble\n|j| Peble\n|l| Peble\n|choice||switch 6\n|\n|switch|p2a: Diggersby|Diggersby, L76, F|100\/100\n|turn|13\n|choice|move freezedry|move agility\n|\n|move|p1a: Articuno|Freeze-Dry|p2a: Diggersby\n|-supereffective|p2a: Diggersby\n|-crit|p2a: Diggersby\n|-damage|p2a: Diggersby|0 fnt\n|faint|p2a: Diggersby\n|\n|-heal|p1a: Articuno|51\/100|[from] item: Leftovers\n|upkeep\n|choice||switch 2\n|\n|switch|p2a: Genesect|Genesect-Shock, L73|11\/100\n|-ability|p2a: Genesect|Download|boost\n|-boost|p2a: Genesect|atk|1\n|turn|14\n|choice|move freezedry|move extremespeed\n|\n|move|p2a: Genesect|Extreme Speed|p1a: Articuno\n|-damage|p1a: Articuno|25\/100\n|move|p1a: Articuno|Freeze-Dry|p2a: Genesect\n|-resisted|p2a: Genesect\n|-damage|p2a: Genesect|0 fnt\n|faint|p2a: Genesect\n|\n|-heal|p1a: Articuno|31\/100|[from] item: Leftovers\n|upkeep\n|j| Peble\n|choice||switch 5\n|\n|switch|p2a: Marowak|Marowak-Alola, L75, M|100\/100\n|turn|15\n|choice|move hurricane|move stoneedge\n|\n|move|p1a: Articuno|Hurricane|p2a: Marowak\n|-damage|p2a: Marowak|37\/100\n|move|p2a: Marowak|Stone Edge|p1a: Articuno\n|-supereffective|p1a: Articuno\n|-damage|p1a: Articuno|0 fnt\n|faint|p1a: Articuno\n|\n|upkeep\n|choice|switch 2|\n|\n|switch|p1a: Necrozma|Necrozma-Dusk-Mane, L73|88\/100\n|turn|16\n|choice|move earthquake|move flareblitz\n|\n|move|p1a: Necrozma|Earthquake|p2a: Marowak\n|-supereffective|p2a: Marowak\n|-damage|p2a: Marowak|0 fnt\n|faint|p2a: Marowak\n|\n|upkeep\n|choice||switch 3\n|\n|switch|p2a: Ledian|Ledian, L83, F|100\/100\n|turn|17\n|choice|move sunsteelstrike|move knockoff\n|\n|move|p2a: Ledian|Knock Off|p1a: Necrozma\n|-supereffective|p1a: Necrozma\n|-damage|p1a: Necrozma|75\/100\n|move|p1a: Necrozma|Sunsteel Strike|p2a: Ledian\n|-crit|p2a: Ledian\n|-enditem|p2a: Ledian|Focus Sash\n|-damage|p2a: Ledian|1\/100\n|\n|upkeep\n|turn|18\n|choice|move autotomize|move uturn\n|\n|move|p2a: Ledian|U-turn|p1a: Necrozma\n|-damage|p1a: Necrozma|55\/100\n|choice||switch 4\n|\n|switch|p2a: Lanturn|Lanturn, L83, M|72\/100 tox|[from]move: U-turn\n|move|p1a: Necrozma|Autotomize|p1a: Necrozma\n|-boost|p1a: Necrozma|spe|2\n|-start|p1a: Necrozma|Autotomize\n|\n|-damage|p2a: Lanturn|66\/100 tox|[from] psn\n|upkeep\n|turn|19\n|choice|move autotomize|move thunderwave\n|\n|move|p1a: Necrozma|Autotomize|p1a: Necrozma\n|-boost|p1a: Necrozma|spe|2\n|-start|p1a: Necrozma|Autotomize\n|move|p2a: Lanturn|Thunder Wave|p1a: Necrozma\n|-status|p1a: Necrozma|par\n|\n|-damage|p2a: Lanturn|54\/100 tox|[from] psn\n|upkeep\n|turn|20\n|choice|move swordsdance|move scald\n|\n|move|p1a: Necrozma|Swords Dance|p1a: Necrozma\n|-boost|p1a: Necrozma|atk|2\n|move|p2a: Lanturn|Scald|p1a: Necrozma\n|-damage|p1a: Necrozma|21\/100 par\n|-damage|p2a: Lanturn|44\/100 tox|[from] item: Life Orb\n|\n|-damage|p2a: Lanturn|26\/100 tox|[from] psn\n|upkeep\n|turn|21\n|choice|move earthquake|move scald\n|\n|move|p1a: Necrozma|Earthquake|p2a: Lanturn\n|-supereffective|p2a: Lanturn\n|-damage|p2a: Lanturn|0 fnt\n|faint|p2a: Lanturn\n|\n|upkeep\n|choice||switch 4\n|\n|switch|p2a: Ledian|Ledian, L83, F|1\/100\n|turn|22\n|choice|move earthquake|move knockoff\n|\n|move|p1a: Necrozma|Earthquake|p2a: Ledian\n|-immune|p2a: Ledian|[msg]\n|move|p2a: Ledian|Knock Off|p1a: Necrozma\n|-supereffective|p1a: Necrozma\n|-damage|p1a: Necrozma|10\/100 par\n|\n|upkeep\n|turn|23\n|choice|move earthquake|move knockoff\n|\n|move|p1a: Necrozma|Earthquake|p2a: Ledian\n|-immune|p2a: Ledian|[msg]\n|move|p2a: Ledian|Knock Off|p1a: Necrozma\n|-supereffective|p1a: Necrozma\n|-damage|p1a: Necrozma|0 fnt\n|faint|p1a: Necrozma\n|\n|upkeep\n|choice|switch 4|\n|\n|switch|p1a: Milotic|Milotic, L79, F|20\/100 par\n|turn|24\n|choice|move dragontail|move uturn\n|\n|move|p2a: Ledian|U-turn|p1a: Milotic\n|-damage|p1a: Milotic|0 fnt\n|faint|p1a: Milotic\n|\n|upkeep\n|choice|switch 6|\n|\n|switch|p1a: Kyurem|Kyurem, L78|75\/100\n|-ability|p1a: Kyurem|Pressure\n|turn|25\n|choice|switch 3|move uturn\n|\n|switch|p1a: Butterfree|Butterfree, L83, M|100\/100\n|move|p2a: Ledian|U-turn|p1a: Butterfree\n|-resisted|p1a: Butterfree\n|-damage|p1a: Butterfree|83\/100\n|\n|-heal|p1a: Butterfree|89\/100|[from] item: Leftovers\n|upkeep\n|turn|26\n|choice|switch 5|move knockoff\n|\n|switch|p1a: Porygon-Z|Porygon-Z, L76|100\/100\n|-ability|p1a: Porygon-Z|Download|boost\n|-boost|p1a: Porygon-Z|atk|1\n|move|p2a: Ledian|Knock Off|p1a: Porygon-Z\n|-damage|p1a: Porygon-Z|88\/100\n|\n|upkeep\n|turn|27\n|choice|switch 3|move lightscreen\n|\n|switch|p1a: Kyurem|Kyurem, L78|75\/100\n|-ability|p1a: Kyurem|Pressure\n|move|p2a: Ledian|Light Screen|p2a: Ledian\n|-sidestart|p2: RickerMortys|move: Light Screen\n|\n|upkeep\n|turn|28\n|choice|switch 3|move uturn\n|\n|switch|p1a: Porygon-Z|Porygon-Z, L76|88\/100\n|-ability|p1a: Porygon-Z|Download|boost\n|-boost|p1a: Porygon-Z|atk|1\n|move|p2a: Ledian|U-turn|p1a: Porygon-Z\n|-damage|p1a: Porygon-Z|62\/100\n|\n|upkeep\n|turn|29\n|choice|switch 3|move knockoff\n|\n|switch|p1a: Kyurem|Kyurem, L78|75\/100\n|-ability|p1a: Kyurem|Pressure\n|move|p2a: Ledian|Knock Off|p1a: Kyurem\n|-damage|p1a: Kyurem|64\/100\n|-enditem|p1a: Kyurem|Assault Vest|[from] move: Knock Off|[of] p2a: Ledian\n|\n|upkeep\n|turn|30\n|choice|switch 3|move uturn\n|\n|switch|p1a: Porygon-Z|Porygon-Z, L76|62\/100\n|-ability|p1a: Porygon-Z|Download|boost\n|-boost|p1a: Porygon-Z|atk|1\n|move|p2a: Ledian|U-turn|p1a: Porygon-Z\n|-damage|p1a: Porygon-Z|34\/100\n|\n|upkeep\n|turn|31\n|choice|switch 3|move uturn\n|\n|switch|p1a: Kyurem|Kyurem, L78|64\/100\n|-ability|p1a: Kyurem|Pressure\n|move|p2a: Ledian|U-turn|p1a: Kyurem\n|-damage|p1a: Kyurem|46\/100\n|\n|-sideend|p2: RickerMortys|move: Light Screen\n|upkeep\n|turn|32\n|choice|switch 5|move uturn\n|\n|switch|p1a: Butterfree|Butterfree, L83, M|89\/100\n|move|p2a: Ledian|U-turn|p1a: Butterfree\n|-resisted|p1a: Butterfree\n|-crit|p1a: Butterfree\n|-damage|p1a: Butterfree|63\/100\n|\n|-heal|p1a: Butterfree|69\/100|[from] item: Leftovers\n|upkeep\n|turn|33\n|choice|move quiverdance|move knockoff\n|\n|move|p2a: Ledian|Knock Off|p1a: Butterfree\n|-damage|p1a: Butterfree|46\/100\n|-enditem|p1a: Butterfree|Leftovers|[from] move: Knock Off|[of] p2a: Ledian\n|move|p1a: Butterfree|Quiver Dance|p1a: Butterfree\n|-boost|p1a: Butterfree|spa|1\n|-boost|p1a: Butterfree|spd|1\n|-boost|p1a: Butterfree|spe|1\n|\n|upkeep\n|turn|34\n|choice|move quiverdance|move toxic\n|\n|move|p1a: Butterfree|Quiver Dance|p1a: Butterfree\n|-boost|p1a: Butterfree|spa|1\n|-boost|p1a: Butterfree|spd|1\n|-boost|p1a: Butterfree|spe|1\n|move|p2a: Ledian|Toxic|p1a: Butterfree\n|-status|p1a: Butterfree|tox\n|\n|-damage|p1a: Butterfree|40\/100 tox|[from] psn\n|upkeep\n|turn|35\n|choice|move quiverdance|move lightscreen\n|\n|move|p1a: Butterfree|Quiver Dance|p1a: Butterfree\n|-boost|p1a: Butterfree|spa|1\n|-boost|p1a: Butterfree|spd|1\n|-boost|p1a: Butterfree|spe|1\n|move|p2a: Ledian|Light Screen|p2a: Ledian\n|-sidestart|p2: RickerMortys|move: Light Screen\n|\n|-damage|p1a: Butterfree|28\/100 tox|[from] psn\n|upkeep\n|turn|36\n|choice|move quiverdance|move knockoff\n|\n|move|p1a: Butterfree|Quiver Dance|p1a: Butterfree\n|-boost|p1a: Butterfree|spa|1\n|-boost|p1a: Butterfree|spd|1\n|-boost|p1a: Butterfree|spe|1\n|move|p2a: Ledian|Knock Off|p1a: Butterfree\n|-damage|p1a: Butterfree|15\/100 tox\n|\n|-damage|p1a: Butterfree|0 fnt|[from] psn\n|upkeep\n|faint|p1a: Butterfree\n|choice|switch 5|\n|\n|switch|p1a: Kyurem|Kyurem, L78|46\/100\n|-ability|p1a: Kyurem|Pressure\n|turn|37\n|choice|switch 3|move uturn\n|\n|switch|p1a: Porygon-Z|Porygon-Z, L76|34\/100\n|-ability|p1a: Porygon-Z|Download|boost\n|-boost|p1a: Porygon-Z|atk|1\n|move|p2a: Ledian|U-turn|p1a: Porygon-Z\n|-crit|p1a: Porygon-Z\n|-damage|p1a: Porygon-Z|0 fnt\n|faint|p1a: Porygon-Z\n|\n|upkeep\n|choice|switch 3|\n|\n|switch|p1a: Kyurem|Kyurem, L78|46\/100\n|-ability|p1a: Kyurem|Pressure\n|turn|38\n|choice|move earthpower|move uturn\n|\n|move|p1a: Kyurem|Earth Power|p2a: Ledian\n|-immune|p2a: Ledian|[msg]\n|move|p2a: Ledian|U-turn|p1a: Kyurem\n|-damage|p1a: Kyurem|27\/100\n|\n|upkeep\n|turn|39\n|choice|move earthpower|move toxic\n|\n|move|p1a: Kyurem|Earth Power|p2a: Ledian\n|-immune|p2a: Ledian|[msg]\n|move|p2a: Ledian|Toxic|p1a: Kyurem\n|-status|p1a: Kyurem|tox\n|\n|-damage|p1a: Kyurem|21\/100 tox|[from] psn\n|-sideend|p2: RickerMortys|move: Light Screen\n|upkeep\n|turn|40\n|-message|RickerMortys forfeited.\n|\n|win|Alolan Aster\n|l|\u2606RickerMortys\n|l| Peble\n","inputlog":null,"uploadtime":1514874376,"views":6,"p1id":"alolanaster","p2id":"rickermortys","formatid":"gen7randombattle","rating":0,"private":0,"password":null}