{"id":"gen7randombattle-1579655806","p1":"firepunch917","p2":"Sindobato","format":"gen7randombattle","log":"|j|\u2606firepunch917\n|j|\u2606Sindobato\n|t:|1653135283\n|gametype|singles\n|player|p1|firepunch917|170|1801\n|player|p2|Sindobato|266|1802\n|teamsize|p1|6\n|teamsize|p2|6\n|gen|7\n|tier|[Gen 7] Random Battle\n|rated|\n|rule|Sleep Clause Mod: Limit one foe put to sleep\n|rule|HP Percentage Mod: HP is shown in percentages\n|\n|t:|1653135283\n|start\n|switch|p1a: Emboar|Emboar, L86, M|329\/329\n|switch|p2a: Kangaskhan|Kangaskhan, L76, F|285\/285\n|turn|1\n|inactive|Battle timer is ON: inactive players will automatically lose when time's up. (requested by Sindobato)\n|inactive|firepunch917 has 120 seconds left.\n|\n|t:|1653135319\n|detailschange|p2a: Kangaskhan|Kangaskhan-Mega, L76, F\n|-mega|p2a: Kangaskhan|Kangaskhan|Kangaskhanite\n|move|p2a: Kangaskhan|Fake Out|p1a: Emboar\n|-damage|p1a: Emboar|280\/329\n|-damage|p1a: Emboar|267\/329\n|-hitcount|p1a: Emboar|2\n|cant|p1a: Emboar|flinch\n|\n|upkeep\n|turn|2\n|\n|t:|1653135328\n|switch|p2a: Wormadam|Wormadam-Trash, L88, F|249\/249\n|move|p1a: Emboar|Superpower|p2a: Wormadam\n|-damage|p2a: Wormadam|108\/249\n|-unboost|p1a: Emboar|atk|1\n|-unboost|p1a: Emboar|def|1\n|\n|-heal|p2a: Wormadam|123\/249|[from] item: Leftovers\n|upkeep\n|turn|3\n|\n|t:|1653135339\n|move|p1a: Emboar|Flare Blitz|p2a: Wormadam\n|-supereffective|p2a: Wormadam\n|-damage|p2a: Wormadam|0 fnt\n|faint|p2a: Wormadam\n|-damage|p1a: Emboar|226\/329|[from] Recoil\n|\n|upkeep\n|\n|t:|1653135354\n|switch|p2a: Kangaskhan|Kangaskhan-Mega, L76, F|285\/285\n|turn|4\n|\n|t:|1653135364\n|switch|p1a: Marshadow|Marshadow, L76|262\/262\n|move|p2a: Kangaskhan|Fake Out|p1a: Marshadow\n|-immune|p1a: Marshadow\n|\n|upkeep\n|turn|5\n|\n|t:|1653135374\n|switch|p2a: Musharna|Musharna, L88, M|347\/347\n|move|p1a: Marshadow|Close Combat|p2a: Musharna\n|-resisted|p2a: Musharna\n|-damage|p2a: Musharna|248\/347\n|-unboost|p1a: Marshadow|def|1\n|-unboost|p1a: Marshadow|spd|1\n|\n|-heal|p2a: Musharna|269\/347|[from] item: Leftovers\n|upkeep\n|turn|6\n|\n|t:|1653135400\n|switch|p1a: Illumise|Illumise, L88, F|258\/258\n|move|p2a: Musharna|Psychic|p1a: Illumise\n|-damage|p1a: Illumise|147\/258\n|\n|-heal|p1a: Illumise|163\/258|[from] item: Leftovers\n|-heal|p2a: Musharna|290\/347|[from] item: Leftovers\n|upkeep\n|turn|7\n|\n|t:|1653135417\n|switch|p2a: Snorlax|Snorlax, L84, M|406\/406\n|move|p1a: Illumise|U-turn|p2a: Snorlax\n|-damage|p2a: Snorlax|345\/406\n|\n|t:|1653135422\n|switch|p1a: Emboar|Emboar, L86, M|226\/329\n|\n|-heal|p2a: Snorlax|370\/406|[from] item: Leftovers\n|upkeep\n|turn|8\n|\n|t:|1653135430\n|switch|p2a: Musharna|Musharna, L88, M|290\/347\n|move|p1a: Emboar|Superpower|p2a: Musharna\n|-resisted|p2a: Musharna\n|-damage|p2a: Musharna|205\/347\n|-unboost|p1a: Emboar|atk|1\n|-unboost|p1a: Emboar|def|1\n|\n|-heal|p2a: Musharna|226\/347|[from] item: Leftovers\n|upkeep\n|turn|9\n|\n|t:|1653135440\n|move|p1a: Emboar|Flare Blitz|p2a: Musharna\n|-damage|p2a: Musharna|106\/347\n|-damage|p1a: Emboar|186\/329|[from] Recoil\n|move|p2a: Musharna|Moonlight|p2a: Musharna\n|-heal|p2a: Musharna|279\/347\n|\n|-heal|p2a: Musharna|300\/347|[from] item: Leftovers\n|upkeep\n|turn|10\n|\n|t:|1653135449\n|switch|p1a: Illumise|Illumise, L88, F|163\/258\n|move|p2a: Musharna|Psychic|p1a: Illumise\n|-damage|p1a: Illumise|54\/258\n|-unboost|p1a: Illumise|spd|1\n|\n|-heal|p1a: Illumise|70\/258|[from] item: Leftovers\n|-heal|p2a: Musharna|321\/347|[from] item: Leftovers\n|upkeep\n|turn|11\n|\n|t:|1653135457\n|move|p1a: Illumise|Bug Buzz|p2a: Musharna\n|-supereffective|p2a: Musharna\n|-damage|p2a: Musharna|159\/347\n|move|p2a: Musharna|Psychic|p1a: Illumise\n|-damage|p1a: Illumise|0 fnt\n|faint|p1a: Illumise\n|\n|-heal|p2a: Musharna|180\/347|[from] item: Leftovers\n|upkeep\n|\n|t:|1653135461\n|switch|p1a: Yanmega|Yanmega, L84, F|281\/281\n|turn|12\n|\n|t:|1653135468\n|move|p1a: Yanmega|Bug Buzz|p2a: Musharna\n|-supereffective|p2a: Musharna\n|-damage|p2a: Musharna|0 fnt\n|faint|p2a: Musharna\n|-damage|p1a: Yanmega|253\/281|[from] item: Life Orb\n|\n|-ability|p1a: Yanmega|Speed Boost|boost\n|-boost|p1a: Yanmega|spe|1\n|upkeep\n|\n|t:|1653135475\n|switch|p2a: Snorlax|Snorlax, L84, M|370\/406\n|turn|13\n|\n|t:|1653135479\n|switch|p1a: Emboar|Emboar, L86, M|186\/329\n|move|p2a: Snorlax|Curse|p2a: Snorlax\n|-unboost|p2a: Snorlax|spe|1\n|-boost|p2a: Snorlax|atk|1\n|-boost|p2a: Snorlax|def|1\n|\n|-heal|p2a: Snorlax|395\/406|[from] item: Leftovers\n|upkeep\n|turn|14\n|\n|t:|1653135488\n|move|p1a: Emboar|Superpower|p2a: Snorlax\n|-supereffective|p2a: Snorlax\n|-crit|p2a: Snorlax\n|-damage|p2a: Snorlax|0 fnt\n|-unboost|p1a: Emboar|atk|1\n|-unboost|p1a: Emboar|def|1\n|faint|p2a: Snorlax\n|\n|upkeep\n|\n|t:|1653135495\n|switch|p2a: Kangaskhan|Kangaskhan-Mega, L76, F|285\/285\n|turn|15\n|\n|t:|1653135505\n|switch|p1a: Yanmega|Yanmega, L84, F|253\/281\n|move|p2a: Kangaskhan|Body Slam|p1a: Yanmega\n|-damage|p1a: Yanmega|157\/281\n|-damage|p1a: Yanmega|136\/281\n|-status|p1a: Yanmega|par\n|-hitcount|p1a: Yanmega|2\n|\n|upkeep\n|turn|16\n|\n|t:|1653135514\n|move|p2a: Kangaskhan|Body Slam|p1a: Yanmega\n|-crit|p1a: Yanmega\n|-damage|p1a: Yanmega|0 fnt\n|faint|p1a: Yanmega\n|-hitcount|p1: Yanmega|1\n|\n|upkeep\n|\n|t:|1653135518\n|switch|p1a: Marshadow|Marshadow, L76|262\/262\n|turn|17\n|\n|t:|1653135523\n|switch|p2a: Xurkitree|Xurkitree, L82|270\/270\n|move|p1a: Marshadow|Close Combat|p2a: Xurkitree\n|-damage|p2a: Xurkitree|33\/270\n|-unboost|p1a: Marshadow|def|1\n|-unboost|p1a: Marshadow|spd|1\n|\n|upkeep\n|turn|18\n|\n|t:|1653135532\n|switch|p1a: Haxorus|Haxorus, L82, F|259\/259\n|-ability|p1a: Haxorus|Mold Breaker\n|move|p2a: Xurkitree|Thunderbolt|p1a: Haxorus\n|-resisted|p1a: Haxorus\n|-damage|p1a: Haxorus|139\/259\n|\n|upkeep\n|turn|19\n|\n|t:|1653135539\n|move|p1a: Haxorus|Earthquake|p2a: Xurkitree\n|-supereffective|p2a: Xurkitree\n|-damage|p2a: Xurkitree|0 fnt\n|faint|p2a: Xurkitree\n|\n|upkeep\n|\n|t:|1653135543\n|switch|p2a: Kangaskhan|Kangaskhan-Mega, L76, F|285\/285\n|turn|20\n|\n|t:|1653135552\n|move|p1a: Haxorus|Outrage|p2a: Kangaskhan\n|-damage|p2a: Kangaskhan|117\/285\n|move|p2a: Kangaskhan|Seismic Toss|p1a: Haxorus\n|-damage|p1a: Haxorus|63\/259\n|-damage|p1a: Haxorus|0 fnt\n|faint|p1a: Haxorus\n|-hitcount|p1: Haxorus|2\n|\n|upkeep\n|\n|t:|1653135554\n|switch|p1a: Marshadow|Marshadow, L76|262\/262\n|turn|21\n|\n|t:|1653135564\n|move|p2a: Kangaskhan|Sucker Punch|p1a: Marshadow\n|-damage|p1a: Marshadow|205\/262\n|-damage|p1a: Marshadow|190\/262\n|-hitcount|p1a: Marshadow|2\n|move|p1a: Marshadow|Close Combat|p2a: Kangaskhan\n|-supereffective|p2a: Kangaskhan\n|-damage|p2a: Kangaskhan|0 fnt\n|-unboost|p1a: Marshadow|def|1\n|-unboost|p1a: Marshadow|spd|1\n|faint|p2a: Kangaskhan\n|\n|upkeep\n|\n|t:|1653135574\n|switch|p2a: Necrozma|Necrozma-Dusk-Mane, L76|272\/272\n|turn|22\n|\n|t:|1653135580\n|detailschange|p2a: Necrozma|Necrozma-Ultra, L76\n|-burst|p2a: Necrozma|Necrozma|Ultranecrozium Z\n|move|p2a: Necrozma|Photon Geyser|p1a: Marshadow\n|-supereffective|p1a: Marshadow\n|-damage|p1a: Marshadow|0 fnt\n|faint|p1a: Marshadow\n|\n|upkeep\n|\n|t:|1653135583\n|switch|p1a: Emboar|Emboar, L86, M|186\/329\n|turn|23\n|\n|t:|1653135589\n|move|p2a: Necrozma|Photon Geyser|p1a: Emboar\n|-supereffective|p1a: Emboar\n|-damage|p1a: Emboar|0 fnt\n|faint|p1a: Emboar\n|\n|upkeep\n|\n|t:|1653135591\n|switch|p1a: Tornadus|Tornadus, L84, M|270\/270\n|turn|24\n|\n|t:|1653135598\n|move|p1a: Tornadus|Tailwind|p1a: Tornadus\n|-sidestart|p1: firepunch917|move: Tailwind\n|-zpower|p2a: Necrozma\n|move|p2a: Necrozma|Light That Burns the Sky|p1a: Tornadus|[zeffect]\n|-damage|p1a: Tornadus|3\/270\n|\n|upkeep\n|turn|25\n|\n|t:|1653135606\n|-zpower|p1a: Tornadus\n|move|p1a: Tornadus|Supersonic Skystrike|p2a: Necrozma|[zeffect]\n|-damage|p2a: Necrozma|31\/272\n|move|p2a: Necrozma|Photon Geyser|p1a: Tornadus\n|-damage|p1a: Tornadus|0 fnt\n|faint|p1a: Tornadus\n|\n|win|Sindobato\n|raw|firepunch917's rating: 1801 &rarr; <strong>1781<\/strong><br \/>(-20 for losing)\n|raw|Sindobato's rating: 1802 &rarr; <strong>1822<\/strong><br \/>(+20 for winning)\n|l|\u2606firepunch917\n","inputlog":">version b341b8323d4a7713b3b6f41909868c7f087e7b7e\n>start {\"formatid\":\"gen7randombattle\",\"seed\":[24209,47610,24806,50758],\"rated\":\"Rated battle\"}\n>player p1 {\"name\":\"firepunch917\",\"avatar\":\"170\",\"rating\":1801,\"seed\":[34918,51722,21373,25735]}\n>player p2 {\"name\":\"Sindobato\",\"avatar\":\"266\",\"rating\":1802,\"seed\":[49525,37788,40278,33710]}\n>p1 move superpower\n>p2 move fakeout mega\n>p1 move superpower\n>p2 switch 3\n>p1 move flareblitz\n>p2 move stealthrock\n>p2 switch 3\n>p1 switch 2\n>p2 move fakeout\n>p1 move closecombat\n>p2 switch 6\n>p1 switch 6\n>p2 move psychic\n>p1 move uturn\n>p2 switch 5\n>p1 switch 2\n>p1 move superpower\n>p2 switch 5\n>p1 move flareblitz\n>p2 move moonlight\n>p1 switch 2\n>p2 move psychic\n>p1 move bugbuzz\n>p2 move psychic\n>p1 switch 5\n>p1 move bugbuzz\n>p2 move psychic\n>p2 switch 5\n>p1 switch 2\n>p2 move curse\n>p1 move superpower\n>p2 move curse\n>p2 switch 6\n>p1 switch 2\n>p2 move bodyslam\n>p1 move airslash\n>p2 move bodyslam\n>p1 switch 6\n>p1 move closecombat\n>p2 switch 2\n>p1 switch 3\n>p2 move thunderbolt\n>p1 move earthquake\n>p2 move thunderbolt\n>p2 switch 2\n>p1 move outrage\n>p2 move seismictoss\n>p1 switch 3\n>p1 move closecombat\n>p2 move suckerpunch\n>p2 switch 4\n>p1 move closecombat\n>p2 move photongeyser ultra\n>p1 switch 2\n>p1 move headsmash\n>p2 move photongeyser\n>p1 switch 4\n>p1 move tailwind\n>p2 move photongeyser zmove\n>p1 move hurricane zmove\n>p2 move photongeyser","uploadtime":1653135619,"views":5,"p1id":"firepunch917","p2id":"sindobato","formatid":"gen7randombattle","rating":1781,"private":0,"password":null}