{"id":"gen7randombattle-928381499","p1":"wolfwarrior","p2":"pinkteams","format":"gen7randombattle","log":"|j|\u2606wolfwarrior\n|j|\u2606pinkteams\n|player|p1|wolfwarrior|162\n|player|p2|pinkteams|27\n|teamsize|p1|6\n|teamsize|p2|6\n|gametype|singles\n|gen|7\n|tier|[Gen 7] Random Battle\n|rated|\n|rule|Sleep Clause Mod: Limit one foe put to sleep\n|rule|HP Percentage Mod: HP is shown in percentages\n|\n|start\n|switch|p1a: Ribombee|Ribombee, L85, F|100\/100\n|switch|p2a: Jynx|Jynx, L89, F|100\/100\n|turn|1\n|inactive|Battle timer is ON: inactive players will automatically lose when time's up. (requested by wolfwarrior)\n|\n|move|p1a: Ribombee|Quiver Dance|p1a: Ribombee\n|-boost|p1a: Ribombee|spa|1\n|-boost|p1a: Ribombee|spd|1\n|-boost|p1a: Ribombee|spe|1\n|move|p2a: Jynx|Nasty Plot|p2a: Jynx\n|-boost|p2a: Jynx|spa|2\n|\n|upkeep\n|turn|2\n|\n|move|p1a: Ribombee|Quiver Dance|p1a: Ribombee\n|-boost|p1a: Ribombee|spa|1\n|-boost|p1a: Ribombee|spd|1\n|-boost|p1a: Ribombee|spe|1\n|move|p2a: Jynx|Psyshock|p1a: Ribombee\n|-damage|p1a: Ribombee|0 fnt\n|faint|p1a: Ribombee\n|\n|upkeep\n|\n|switch|p1a: Reuniclus|Reuniclus, L83, M|100\/100\n|turn|3\n|\n|move|p2a: Jynx|Lovely Kiss|p1a: Reuniclus\n|-status|p1a: Reuniclus|slp|[from] move: Lovely Kiss\n|cant|p1a: Reuniclus|slp\n|\n|upkeep\n|turn|4\n|\n|switch|p2a: Jolteon|Jolteon, L84, M|100\/100\n|-curestatus|p1a: Reuniclus|slp|[msg]\n|move|p1a: Reuniclus|Trick Room|p1a: Reuniclus\n|-fieldstart|move: Trick Room|[of] p1a: Reuniclus\n|\n|upkeep\n|turn|5\n|\n|switch|p1a: Lanturn|Lanturn, L88, M|100\/100\n|move|p2a: Jolteon|Shadow Ball|p1a: Lanturn\n|-damage|p1a: Lanturn|74\/100\n|\n|upkeep\n|turn|6\n|\n|switch|p2a: Breloom|Breloom, L81, F|100\/100\n|move|p1a: Lanturn|Scald|p2a: Breloom\n|-resisted|p2a: Breloom\n|-damage|p2a: Breloom|72\/100\n|-damage|p1a: Lanturn|64\/100|[from] item: Life Orb\n|\n|upkeep\n|turn|7\n|\n|switch|p1a: Chesnaught|Chesnaught, L82, M|100\/100\n|move|p2a: Breloom|Spore|p1a: Chesnaught\n|-immune|p1a: Chesnaught\n|\n|upkeep\n|turn|8\n|\n|switch|p2a: Mew|Mew, L80|100\/100\n|move|p1a: Chesnaught|Spikes|p2a: Mew\n|-sidestart|p2: pinkteams|Spikes\n|\n|-fieldend|move: Trick Room\n|upkeep\n|turn|9\n|\n|switch|p1a: Reuniclus|Reuniclus, L83, M|100\/100\n|move|p2a: Mew|Nasty Plot|p2a: Mew\n|-boost|p2a: Mew|spa|2\n|\n|upkeep\n|turn|10\n|\n|move|p2a: Mew|Nasty Plot|p2a: Mew\n|-boost|p2a: Mew|spa|2\n|move|p1a: Reuniclus|Trick Room|p1a: Reuniclus\n|-fieldstart|move: Trick Room|[of] p1a: Reuniclus\n|\n|upkeep\n|turn|11\n|\n|move|p1a: Reuniclus|Psyshock|p2a: Mew\n|-resisted|p2a: Mew\n|-damage|p2a: Mew|78\/100\n|move|p2a: Mew|Psyshock|p1a: Reuniclus\n|-resisted|p1a: Reuniclus\n|-damage|p1a: Reuniclus|60\/100\n|\n|-heal|p2a: Mew|84\/100|[from] item: Leftovers\n|upkeep\n|turn|12\n|\n|move|p1a: Reuniclus|Psyshock|p2a: Mew\n|-resisted|p2a: Mew\n|-damage|p2a: Mew|62\/100\n|move|p2a: Mew|Nasty Plot|p2a: Mew\n|-boost|p2a: Mew|spa|2\n|\n|-heal|p2a: Mew|68\/100|[from] item: Leftovers\n|upkeep\n|turn|13\n|\n|move|p1a: Reuniclus|Psyshock|p2a: Mew\n|-resisted|p2a: Mew\n|-damage|p2a: Mew|48\/100\n|move|p2a: Mew|Psyshock|p1a: Reuniclus\n|-resisted|p1a: Reuniclus\n|-damage|p1a: Reuniclus|2\/100\n|\n|-heal|p2a: Mew|54\/100|[from] item: Leftovers\n|upkeep\n|turn|14\n|\n|move|p1a: Reuniclus|Psyshock|p2a: Mew\n|-resisted|p2a: Mew\n|-crit|p2a: Mew\n|-damage|p2a: Mew|21\/100\n|move|p2a: Mew|Ice Beam|p1a: Reuniclus\n|-damage|p1a: Reuniclus|0 fnt\n|faint|p1a: Reuniclus\n|\n|-heal|p2a: Mew|27\/100|[from] item: Leftovers\n|-fieldend|move: Trick Room\n|upkeep\n|\n|switch|p1a: Conkeldurr|Conkeldurr, L81, F|100\/100\n|turn|15\n|\n|move|p1a: Conkeldurr|Mach Punch|p2a: Mew\n|-resisted|p2a: Mew\n|-damage|p2a: Mew|11\/100\n|move|p2a: Mew|Psyshock|p1a: Conkeldurr\n|-supereffective|p1a: Conkeldurr\n|-damage|p1a: Conkeldurr|0 fnt\n|faint|p1a: Conkeldurr\n|\n|-heal|p2a: Mew|17\/100|[from] item: Leftovers\n|upkeep\n|-message|wolfwarrior forfeited.\n|\n|win|pinkteams\n|l|\u2606wolfwarrior\n","inputlog":">version 221fee94a37ca316bb153f46fca2a11bbc6b0ff4\n>start {\"formatid\":\"gen7randombattle\",\"seed\":[9514,25313,4987,47646],\"rated\":\"Rated battle\"}\n>player p1 {\"name\":\"wolfwarrior\",\"avatar\":\"162\",\"team\":\"\",\"seed\":[57219,13615,39399,6653]}\n>player p2 {\"name\":\"pinkteams\",\"avatar\":\"27\",\"team\":\"\",\"seed\":[7331,18852,42944,40971]}\n>p1 move quiverdance\n>p2 move nastyplot\n>p1 move quiverdance\n>p2 move psyshock\n>p1 switch 6\n>p1 move trickroom\n>p2 move lovelykiss\n>p1 move trickroom\n>p2 switch 4\n>p1 switch 5\n>p2 move shadowball\n>p1 move scald\n>p2 switch 6\n>p1 switch 3\n>p2 move spore\n>p1 move spikes\n>p2 switch 3\n>p1 switch 5\n>p2 move nastyplot\n>p1 move trickroom\n>p2 move nastyplot\n>p1 move psyshock\n>p2 move psyshock\n>p1 move psyshock\n>p2 move nastyplot\n>p1 move psyshock\n>p2 move psyshock\n>p1 move psyshock\n>p2 move icebeam\n>p1 switch 4\n>p1 move machpunch\n>p2 move psyshock","uploadtime":1560557126,"views":36,"p1id":"wolfwarrior","p2id":"pinkteams","formatid":"gen7randombattle","rating":0,"private":0,"password":null}