{"id":"gen7randombattle-997130427","p1":"comp233","p2":"You're Inferior","format":"gen7randombattle","log":"|j|\u2606comp233\n|j|\u2606You're Inferior\n|player|p1|comp233|115|2096\n|player|p2|You're Inferior|170|2059\n|teamsize|p1|6\n|teamsize|p2|6\n|gametype|singles\n|gen|7\n|tier|[Gen 7] Random Battle\n|rated|\n|rule|Sleep Clause Mod: Limit one foe put to sleep\n|rule|HP Percentage Mod: HP is shown in percentages\n|\n|start\n|switch|p1a: Persian|Persian-Alola, L88, F|258\/258\n|switch|p2a: Scolipede|Scolipede, L81, F|230\/230\n|turn|1\n|inactive|Battle timer is ON: inactive players will automatically lose when time's up. (requested by You're Inferior)\n|\n|move|p1a: Persian|Hypnosis|p2a: Scolipede\n|-status|p2a: Scolipede|slp|[from] move: Hypnosis\n|cant|p2a: Scolipede|slp\n|\n|-ability|p2a: Scolipede|Speed Boost|boost\n|-boost|p2a: Scolipede|spe|1\n|upkeep\n|turn|2\n|\n|cant|p2a: Scolipede|slp\n|move|p1a: Persian|Dark Pulse|p2a: Scolipede\n|-damage|p2a: Scolipede|130\/230 slp\n|\n|-ability|p2a: Scolipede|Speed Boost|boost\n|-boost|p2a: Scolipede|spe|1\n|upkeep\n|turn|3\n|\n|cant|p2a: Scolipede|slp\n|move|p1a: Persian|Dark Pulse|p2a: Scolipede\n|-damage|p2a: Scolipede|27\/230 slp\n|\n|-ability|p2a: Scolipede|Speed Boost|boost\n|-boost|p2a: Scolipede|spe|1\n|upkeep\n|turn|4\n|\n|switch|p2a: Kommo-o|Kommo-o, L80, M|251\/251\n|move|p1a: Persian|Dark Pulse|p2a: Kommo-o\n|-resisted|p2a: Kommo-o\n|-damage|p2a: Kommo-o|216\/251\n|\n|upkeep\n|turn|5\n|inactive|comp233 has 120 seconds left.\n|\n|switch|p1a: Ninetales|Ninetales-Alola, L81, M|251\/251\n|-weather|Hail|[from] ability: Snow Warning|[of] p1a: Ninetales\n|move|p2a: Kommo-o|Close Combat|p1a: Ninetales\n|-damage|p1a: Ninetales|106\/251\n|-unboost|p2a: Kommo-o|def|1\n|-unboost|p2a: Kommo-o|spd|1\n|\n|-weather|Hail|[upkeep]\n|-damage|p2a: Kommo-o|201\/251|[from] Hail\n|upkeep\n|turn|6\n|inactive|comp233 has 120 seconds left.\n|\n|switch|p2a: Klinklang|Klinklang, L86|243\/243\n|move|p1a: Ninetales|Aurora Veil|p1a: Ninetales\n|-sidestart|p1: comp233|move: Aurora Veil\n|\n|-weather|Hail|[upkeep]\n|-damage|p2a: Klinklang|228\/243|[from] Hail\n|-heal|p2a: Klinklang|243\/243|[from] item: Leftovers\n|upkeep\n|turn|7\n|inactive|comp233 has 120 seconds left.\n|\n|switch|p1a: Lucario|Lucario, L78, M|237\/237\n|move|p2a: Klinklang|Substitute|p2a: Klinklang\n|-start|p2a: Klinklang|Substitute\n|-damage|p2a: Klinklang|183\/243\n|\n|-weather|Hail|[upkeep]\n|-damage|p2a: Klinklang|168\/243|[from] Hail\n|-damage|p1a: Lucario|223\/237|[from] Hail\n|-heal|p2a: Klinklang|183\/243|[from] item: Leftovers\n|upkeep\n|turn|8\n|inactive|comp233 has 120 seconds left.\n|\n|switch|p1a: Spinda|Spinda, M|282\/282\n|move|p2a: Klinklang|Wild Charge|p1a: Spinda\n|-damage|p1a: Spinda|246\/282\n|-damage|p2a: Klinklang|174\/243|[from] Recoil\n|\n|-weather|Hail|[upkeep]\n|-damage|p2a: Klinklang|159\/243|[from] Hail\n|-damage|p1a: Spinda|229\/282|[from] Hail\n|-heal|p2a: Klinklang|174\/243|[from] item: Leftovers\n|upkeep\n|turn|9\n|\n|move|p2a: Klinklang|Gear Grind|p1a: Spinda\n|-damage|p1a: Spinda|199\/282\n|-damage|p1a: Spinda|167\/282\n|-hitcount|p1a: Spinda|2\n|move|p1a: Spinda|Superpower|p2a: Klinklang\n|-supereffective|p2a: Klinklang\n|-end|p2a: Klinklang|Substitute\n|-boost|p1a: Spinda|atk|1\n|-boost|p1a: Spinda|def|1\n|\n|-weather|none\n|-heal|p2a: Klinklang|189\/243|[from] item: Leftovers\n|upkeep\n|turn|10\n|\n|switch|p2a: Galvantula|Galvantula, L84, F|255\/255\n|move|p1a: Spinda|Superpower|p2a: Galvantula\n|-resisted|p2a: Galvantula\n|-damage|p2a: Galvantula|176\/255\n|-boost|p1a: Spinda|atk|1\n|-boost|p1a: Spinda|def|1\n|\n|upkeep\n|turn|11\n|\n|move|p2a: Galvantula|Sticky Web|p1a: Spinda\n|-sidestart|p1: comp233|move: Sticky Web\n|move|p1a: Spinda|Return|p2a: Galvantula\n|-damage|p2a: Galvantula|0 fnt\n|faint|p2a: Galvantula\n|\n|upkeep\n|inactive|You're Inferior has 120 seconds left.\n|\n|switch|p2a: Klinklang|Klinklang, L86|189\/243\n|turn|12\n|\n|move|p2a: Klinklang|Gear Grind|p1a: Spinda\n|-damage|p1a: Spinda|152\/282\n|-damage|p1a: Spinda|134\/282\n|-hitcount|p1a: Spinda|2\n|move|p1a: Spinda|Superpower|p2a: Klinklang\n|-supereffective|p2a: Klinklang\n|-damage|p2a: Klinklang|0 fnt\n|-boost|p1a: Spinda|atk|1\n|-boost|p1a: Spinda|def|1\n|faint|p2a: Klinklang\n|\n|upkeep\n|\n|switch|p2a: Oranguru|Oranguru, L89, F|305\/305\n|turn|13\n|inactive|comp233 has 120 seconds left.\n|\n|-zpower|p1a: Spinda\n|move|p1a: Spinda|Breakneck Blitz|p2a: Oranguru|[zeffect]\n|-damage|p2a: Oranguru|0 fnt\n|faint|p2a: Oranguru\n|\n|-sideend|p1: comp233|move: Aurora Veil\n|upkeep\n|\n|switch|p2a: Kommo-o|Kommo-o, L80, M|201\/251\n|turn|14\n|\n|move|p2a: Kommo-o|Dragon Dance|p2a: Kommo-o\n|-boost|p2a: Kommo-o|atk|1\n|-boost|p2a: Kommo-o|spe|1\n|move|p1a: Spinda|Return|p2a: Kommo-o\n|-damage|p2a: Kommo-o|0 fnt\n|faint|p2a: Kommo-o\n|\n|upkeep\n|-message|You're Inferior forfeited.\n|\n|win|comp233\n|l|\u2606You're Inferior\n|raw|comp233's rating: 2096 &rarr; <strong>2114<\/strong><br \/>(+18 for winning)\n|raw|You&apos;re Inferior's rating: 2059 &rarr; <strong>2041<\/strong><br \/>(-18 for losing)\n","inputlog":">version 78e4d3945b072d0a7e8a22ec4e5cf145cf5e44d4\n>start {\"formatid\":\"gen7randombattle\",\"seed\":[56397,43369,49489,41035],\"rated\":\"Rated battle\"}\n>player p1 {\"name\":\"comp233\",\"avatar\":\"115\",\"team\":\"\",\"rating\":2096,\"seed\":[21148,24632,22670,51780]}\n>player p2 {\"name\":\"You're Inferior\",\"avatar\":\"170\",\"team\":\"\",\"rating\":2059,\"seed\":[2520,18941,8450,58145]}\n>p1 move hypnosis\n>p2 move spikes\n>p1 move darkpulse\n>p2 move spikes\n>p1 move darkpulse\n>p2 move spikes\n>p1 move darkpulse\n>p2 switch 5\n>p1 switch 3\n>p2 move closecombat\n>p1 move auroraveil\n>p2 switch 2\n>p1 switch 2\n>p2 move substitute\n>p1 switch 6\n>p2 move wildcharge\n>p1 move superpower\n>p2 move geargrind\n>p1 move superpower\n>p2 switch 3\n>p1 move return\n>p2 move stickyweb\n>p2 switch 3\n>p1 move superpower\n>p2 move geargrind\n>p2 switch 6\n>p1 move return zmove\n>p2 move thunderbolt\n>p2 switch 2\n>p1 move return\n>p2 move dragondance","uploadtime":1571815839,"views":4,"p1id":"comp233","p2id":"youreinferior","formatid":"gen7randombattle","rating":2041,"private":0,"password":null}