{"id":"gen8randombattle-1684856630","p1":"FranziskaSkye","p2":"LoSconosciuto","format":"gen8randombattle","log":"|j|\u2606FranziskaSkye\n|j|\u2606LoSconosciuto\n|t:|1665678151\n|gametype|singles\n|player|p1|FranziskaSkye|karen|\n|player|p2|LoSconosciuto|#teamgapdos|\n|teamsize|p1|6\n|teamsize|p2|6\n|gen|8\n|tier|[Gen 8] Random Battle\n|rule|Species Clause: Limit one of each Pok\u00e9mon\n|rule|HP Percentage Mod: HP is shown in percentages\n|rule|Sleep Clause Mod: Limit one foe put to sleep\n|\n|t:|1665678151\n|start\n|switch|p1a: Haxorus|Haxorus, L77, M|244\/244\n|switch|p2a: Skarmory|Skarmory, L80, M|235\/235\n|-ability|p1a: Haxorus|Mold Breaker\n|turn|1\n|inactive|Battle timer is ON: inactive players will automatically lose when time's up. (requested by LoSconosciuto)\n|c|\u2606LoSconosciuto|hf\n|c|\u2606FranziskaSkye|g2 glhf\n|j| outd nord\n|inactive|LoSconosciuto has 270 seconds left.\n|\n|t:|1665678204\n|switch|p1a: Arcanine|Arcanine, L82, M|282\/282\n|-ability|p1a: Arcanine|Intimidate|boost\n|-unboost|p2a: Skarmory|atk|1\n|move|p2a: Skarmory|Spikes|p1a: Arcanine\n|-sidestart|p1: FranziskaSkye|Spikes\n|\n|upkeep\n|turn|2\n|\n|t:|1665678219\n|switch|p2a: Rapidash|Rapidash, L84, F|246\/246\n|move|p1a: Arcanine|Toxic|p2a: Rapidash\n|-status|p2a: Rapidash|tox\n|\n|-damage|p2a: Rapidash|231\/246 tox|[from] psn\n|upkeep\n|turn|3\n|\n|t:|1665678237\n|switch|p1a: Flygon|Flygon, L80, F|259\/259\n|move|p2a: Rapidash|Swords Dance|p2a: Rapidash\n|-boost|p2a: Rapidash|atk|2\n|\n|-damage|p2a: Rapidash|201\/246 tox|[from] psn\n|upkeep\n|turn|4\n|\n|t:|1665678253\n|move|p2a: Rapidash|Flare Blitz|p1a: Flygon\n|-resisted|p1a: Flygon\n|-damage|p1a: Flygon|113\/259\n|-damage|p2a: Rapidash|153\/246 tox|[from] Recoil\n|move|p1a: Flygon|Earthquake|p2a: Rapidash\n|-supereffective|p2a: Rapidash\n|-damage|p2a: Rapidash|0 fnt\n|faint|p2a: Rapidash\n|-damage|p1a: Flygon|88\/259|[from] item: Life Orb\n|\n|upkeep\n|\n|t:|1665678265\n|switch|p2a: Mienshao|Mienshao, L82, M|241\/241\n|turn|5\n|\n|t:|1665678277\n|switch|p1a: Arcanine|Arcanine, L82, M|282\/282\n|-ability|p1a: Arcanine|Intimidate|boost\n|-unboost|p2a: Mienshao|atk|1\n|move|p2a: Mienshao|Knock Off|p1a: Arcanine\n|-damage|p1a: Arcanine|199\/282\n|-enditem|p1a: Arcanine|Heavy-Duty Boots|[from] move: Knock Off|[of] p2a: Mienshao\n|-damage|p2a: Mienshao|217\/241|[from] item: Life Orb\n|\n|upkeep\n|turn|6\n|\n|t:|1665678306\n|switch|p2a: Marshadow|Marshadow, L70|242\/242\n|move|p1a: Arcanine|Morning Sun|p1a: Arcanine\n|-heal|p1a: Arcanine|282\/282\n|\n|upkeep\n|turn|7\n|\n|t:|1665678313\n|move|p2a: Marshadow|Bulk Up|p2a: Marshadow\n|-boost|p2a: Marshadow|atk|1\n|-boost|p2a: Marshadow|def|1\n|move|p1a: Arcanine|Toxic|p2a: Marshadow\n|-status|p2a: Marshadow|tox\n|\n|-damage|p2a: Marshadow|227\/242 tox|[from] psn\n|upkeep\n|turn|8\n|\n|t:|1665678328\n|switch|p1a: Flygon|Flygon, L80, F|88\/259\n|move|p2a: Marshadow|Bulk Up|p2a: Marshadow\n|-boost|p2a: Marshadow|atk|1\n|-boost|p2a: Marshadow|def|1\n|\n|-damage|p2a: Marshadow|197\/242 tox|[from] psn\n|upkeep\n|turn|9\n|\n|t:|1665678333\n|move|p2a: Marshadow|Spectral Thief|p1a: Flygon\n|-crit|p1a: Flygon\n|-damage|p1a: Flygon|0 fnt\n|faint|p1a: Flygon\n|-damage|p2a: Marshadow|173\/242 tox|[from] item: Life Orb\n|\n|-damage|p2a: Marshadow|128\/242 tox|[from] psn\n|upkeep\n|\n|t:|1665678335\n|switch|p1a: Indeedee|Indeedee, L83, M|235\/235\n|-damage|p1a: Indeedee|206\/235|[from] Spikes\n|-fieldstart|move: Psychic Terrain|[from] ability: Psychic Surge|[of] p1a: Indeedee\n|turn|10\n|\n|t:|1665678342\n|move|p1a: Indeedee|Expanding Force|p2a: Marshadow\n|-supereffective|p2a: Marshadow\n|-damage|p2a: Marshadow|0 fnt\n|faint|p2a: Marshadow\n|\n|upkeep\n|\n|t:|1665678347\n|switch|p2a: Skarmory|Skarmory, L80, M|235\/235\n|turn|11\n|\n|t:|1665678361\n|switch|p1a: Arcanine|Arcanine, L82, M|282\/282\n|-damage|p1a: Arcanine|247\/282|[from] Spikes\n|-ability|p1a: Arcanine|Intimidate|boost\n|-unboost|p2a: Skarmory|atk|1\n|move|p2a: Skarmory|Spikes|p1a: Arcanine\n|-sidestart|p1: FranziskaSkye|Spikes\n|\n|upkeep\n|turn|12\n|\n|t:|1665678370\n|switch|p2a: Mienshao|Mienshao, L82, M|241\/241\n|move|p1a: Arcanine|Flare Blitz|p2a: Mienshao\n|-damage|p2a: Mienshao|66\/241\n|-damage|p1a: Arcanine|189\/282|[from] Recoil\n|\n|upkeep\n|turn|13\n|\n|t:|1665678382\n|switch|p1a: Gallade|Gallade, L82, M|246\/246\n|-damage|p1a: Gallade|205\/246|[from] Spikes\n|move|p2a: Mienshao|Close Combat|p1a: Gallade\n|-resisted|p1a: Gallade\n|-damage|p1a: Gallade|76\/246\n|-unboost|p2a: Mienshao|def|1\n|-unboost|p2a: Mienshao|spd|1\n|-damage|p2a: Mienshao|42\/241|[from] item: Life Orb\n|\n|upkeep\n|turn|14\n|\n|t:|1665678386\n|move|p2a: Mienshao|Knock Off|p1a: Gallade\n|-damage|p1a: Gallade|0 fnt\n|-enditem|p1a: Gallade|Choice Band|[from] move: Knock Off|[of] p2a: Mienshao\n|faint|p1a: Gallade\n|-damage|p2a: Mienshao|18\/241|[from] item: Life Orb\n|\n|-fieldend|move: Psychic Terrain\n|upkeep\n|\n|t:|1665678390\n|switch|p1a: Indeedee|Indeedee, L83, M|206\/235\n|-damage|p1a: Indeedee|167\/235|[from] Spikes\n|-fieldstart|move: Psychic Terrain|[from] ability: Psychic Surge|[of] p1a: Indeedee\n|turn|15\n|\n|t:|1665678402\n|switch|p2a: Skarmory|Skarmory, L80, M|235\/235\n|move|p1a: Indeedee|Mystical Fire|p2a: Skarmory\n|-supereffective|p2a: Skarmory\n|-damage|p2a: Skarmory|91\/235\n|-unboost|p2a: Skarmory|spa|1\n|\n|-heal|p2a: Skarmory|105\/235|[from] item: Leftovers\n|upkeep\n|turn|16\n|\n|t:|1665678408\n|switch|p2a: Centiskorch|Centiskorch, L84, M|305\/305\n|move|p1a: Indeedee|Mystical Fire|p2a: Centiskorch\n|-start|p2a: Centiskorch|ability: Flash Fire\n|\n|upkeep\n|turn|17\n|\n|t:|1665678418\n|switch|p1a: Arcanine|Arcanine, L82, M|189\/282\n|-damage|p1a: Arcanine|142\/282|[from] Spikes\n|-ability|p1a: Arcanine|Intimidate|boost\n|-unboost|p2a: Centiskorch|atk|1\n|-end|p2a: Centiskorch|ability: Flash Fire|[silent]\n|switch|p2a: Mienshao|Mienshao, L82, M|98\/241\n|\n|upkeep\n|turn|18\n|\n|t:|1665678424\n|move|p2a: Mienshao|Close Combat|p1a: Arcanine\n|-damage|p1a: Arcanine|0 fnt\n|-unboost|p2a: Mienshao|def|1\n|-unboost|p2a: Mienshao|spd|1\n|faint|p1a: Arcanine\n|-damage|p2a: Mienshao|74\/241|[from] item: Life Orb\n|\n|upkeep\n|\n|t:|1665678427\n|switch|p1a: Indeedee|Indeedee, L83, M|167\/235\n|-damage|p1a: Indeedee|128\/235|[from] Spikes\n|turn|19\n|\n|t:|1665678443\n|move|p1a: Indeedee|Expanding Force|p2a: Mienshao\n|-supereffective|p2a: Mienshao\n|-damage|p2a: Mienshao|0 fnt\n|faint|p2a: Mienshao\n|\n|-fieldend|move: Psychic Terrain\n|upkeep\n|\n|t:|1665678445\n|switch|p2a: Skarmory|Skarmory, L80, M|105\/235\n|turn|20\n|\n|t:|1665678459\n|switch|p2a: Centiskorch|Centiskorch, L84, M|305\/305\n|-start|p1a: Indeedee|Dynamax|\n|-heal|p1a: Indeedee|256\/470|[silent]\n|move|p1a: Indeedee|Max Flare|p2a: Centiskorch\n|-start|p2a: Centiskorch|ability: Flash Fire\n|\n|upkeep\n|turn|21\n|c|\u2606FranziskaSkye|well done\n|c|\u2606LoSconosciuto|ty\n|\n|t:|1665678471\n|move|p1a: Indeedee|Max Mindstorm|p2a: Centiskorch\n|-damage|p2a: Centiskorch|164\/305\n|-fieldstart|move: Psychic Terrain\n|move|p2a: Centiskorch|Leech Life|p1a: Indeedee\n|-supereffective|p1a: Indeedee\n|-damage|p1a: Indeedee|0 fnt\n|-heal|p2a: Centiskorch|292\/305|[from] drain|[of] p1a: Indeedee\n|faint|p1a: Indeedee\n|\n|upkeep\n|c| outd nord|Losco suka\n|c|\u2606LoSconosciuto|that predict worked because you are good\n|\n|t:|1665678491\n|switch|p1a: Haxorus|Haxorus, L77, M|244\/244\n|-damage|p1a: Haxorus|204\/244|[from] Spikes\n|-ability|p1a: Haxorus|Mold Breaker\n|turn|22\n|c|\u2606FranziskaSkye|nah\n|c|\u2606FranziskaSkye|it didn't work for me\n|c|\u2606FranziskaSkye|therefore I'm bad\n|c|\u2606LoSconosciuto|nah\n|\n|t:|1665678516\n|move|p1a: Haxorus|Dragon Dance|p1a: Haxorus\n|-boost|p1a: Haxorus|atk|1\n|-boost|p1a: Haxorus|spe|1\n|move|p2a: Centiskorch|Coil|p2a: Centiskorch\n|-boost|p2a: Centiskorch|atk|1\n|-boost|p2a: Centiskorch|def|1\n|-boost|p2a: Centiskorch|accuracy|1\n|\n|upkeep\n|turn|23\n|c| outd nord|I'm good?\n|\n|t:|1665678521\n|-start|p2a: Centiskorch|Dynamax|\n|-heal|p2a: Centiskorch|584\/610|[silent]\n|move|p1a: Haxorus|Dragon Dance|p1a: Haxorus\n|-boost|p1a: Haxorus|atk|1\n|-boost|p1a: Haxorus|spe|1\n|move|p2a: Centiskorch|Max Flutterby|p1a: Haxorus\n|-crit|p1a: Haxorus\n|-damage|p1a: Haxorus|0 fnt\n|faint|p1a: Haxorus\n|\n|upkeep\n|c|\u2606FranziskaSkye|yup\n|c|\u2606FranziskaSkye|gg\n|c|\u2606LoSconosciuto|no you suck outd nord\n|-message|FranziskaSkye forfeited.\n|\n|win|LoSconosciuto\n|c|\u2606LoSconosciuto|gg\n|c|\u2606FranziskaSkye|last was escav\n|c| outd nord|Lol\n|l|\u2606FranziskaSkye\n","inputlog":">version ee3903879dd92fa0a0bba6303065983b970e844a\n>start {\"formatid\":\"gen8randombattle\",\"seed\":[41293,46509,17966,30942]}\n>player p1 {\"name\":\"FranziskaSkye\",\"avatar\":\"karen\",\"rating\":0,\"seed\":[61970,32255,11829,14676]}\n>player p2 {\"name\":\"LoSconosciuto\",\"avatar\":\"#teamgapdos\",\"rating\":0,\"seed\":[8477,56195,16213,22514]}\n>chat \u2606LoSconosciuto|hf\n>chat \u2606FranziskaSkye|g2 glhf\n>p1 switch 6\n>p2 move spikes\n>p1 move toxic\n>p2 switch 2\n>p1 switch 2\n>p2 move swordsdance\n>p1 move earthquake\n>p2 move flareblitz\n>p2 switch 3\n>p1 switch 2\n>p2 move knockoff\n>p1 move morningsun\n>p2 switch 4\n>p1 move toxic\n>p2 move bulkup\n>p1 switch 2\n>p2 move bulkup\n>p1 move outrage\n>p2 move spectralthief\n>p1 switch 3\n>p1 move expandingforce\n>p2 move closecombat\n>p2 switch 2\n>p1 switch 2\n>p2 move spikes\n>p1 move flareblitz\n>p2 switch 4\n>p1 switch 4\n>p2 move closecombat\n>p1 move knockoff\n>p2 move knockoff\n>p1 switch 2\n>p1 move mysticalfire\n>p2 switch 4\n>p1 move mysticalfire\n>p2 switch 6\n>p1 switch 4\n>p2 switch 4\n>p1 move morningsun\n>p2 move closecombat\n>p1 switch 4\n>p1 move expandingforce\n>p2 move closecombat\n>p2 switch 6\n>p1 move mysticalfire dynamax\n>p2 switch 4\n>chat \u2606FranziskaSkye|well done\n>chat \u2606LoSconosciuto|ty\n>p1 move expandingforce dynamax\n>p2 move leechlife\n>chat  outd nord|Losco suka\n>chat \u2606LoSconosciuto|that predict worked because you are good\n>p1 switch 6\n>chat \u2606FranziskaSkye|nah\n>chat \u2606FranziskaSkye|it didn't work for me\n>chat \u2606FranziskaSkye|therefore I'm bad\n>chat \u2606LoSconosciuto|nah\n>p1 move dragondance\n>p2 move coil\n>chat  outd nord|I'm good?\n>p1 move dragondance\n>p2 move leechlife dynamax\n>chat \u2606FranziskaSkye|yup\n>chat \u2606FranziskaSkye|gg\n>chat \u2606LoSconosciuto|no you suck outd nord\n>forcelose p1","uploadtime":1665678534,"views":129,"p1id":"franziskaskye","p2id":"losconosciuto","formatid":"gen8randombattle","rating":0,"private":0,"password":null}