{"id":"gen8freeforallrandombattle-1373414639","p1":"notsuicuu","p2":"Buhrito","format":"gen8freeforallrandombattle","log":"|uhtml|invites|<div class=\"broadcast broadcast-blue\"><strong>This is a 4-player challenge battle<\/strong><br \/>The players will need to add more players before the battle can start.<\/div>\n|j|\u2606notsuicuu\n|j|\u2606Buhrito\n|t:|1625812065\n|gametype|freeforall\n|player|p1|notsuicuu|ingo|\n|player|p2|Buhrito|preschooler|\n||Invite sent to JoFerr0306!\n|j| JoFerr0306\n|n|\u2606JoFerr0306|joferr0306\n|n|\u2606JoFerr0306|joferr0306\n|player|p3|JoFerr0306|brawly\n|player|p3|JoFerr0306|brawly|\n||Invite sent to safetyman!\n|j| safetyman\n|n|\u2606safetyman|safetyman\n|n|\u2606safetyman|safetyman\n|player|p4|safetyman|roxanne\n|uhtmlchange|invites|\n|player|p4|safetyman|roxanne|\n|teamsize|p1|6\n|teamsize|p2|6\n|teamsize|p3|6\n|teamsize|p4|6\n|gen|8\n|tier|[Gen 8] Free-For-All Random Battle\n|rule|Species Clause: Limit one of each Pok\u00e9mon\n|rule|HP Percentage Mod: HP is shown in percentages\n|rule|Sleep Clause Mod: Limit one foe put to sleep\n|\n|t:|1625812081\n|start\n|switch|p1a: Centiskorch|Centiskorch, L88, F|319\/319\n|switch|p2a: Lanturn|Lanturn, L90, F|371\/371\n|switch|p3b: Slowking|Slowking, L88, F|310\/310\n|switch|p4b: Zapdos|Zapdos, L80|275\/275\n|turn|1\n|\n|t:|1625812137\n|switch|p3b: Zygarde|Zygarde-10%, L76|207\/207\n|move|p4b: Zapdos|Hurricane|p1a: Centiskorch\n|-supereffective|p1a: Centiskorch\n|-damage|p1a: Centiskorch|12\/319\n|-damage|p4b: Zapdos|248\/275|[from] item: Life Orb\n|move|p2a: Lanturn|Scald|p1a: Centiskorch\n|-supereffective|p1a: Centiskorch\n|-damage|p1a: Centiskorch|0 fnt\n|faint|p1a: Centiskorch\n|\n|upkeep\n|\n|t:|1625812158\n|switch|p1a: Clefairy|Clefairy, L95, F|287\/287\n|turn|2\n|\n|t:|1625812219\n|move|p3b: Zygarde|Protect|p3b: Zygarde\n|-singleturn|p3b: Zygarde|Protect\n|move|p1a: Clefairy|Protect|p1a: Clefairy\n|-singleturn|p1a: Clefairy|Protect\n|move|p4b: Zapdos|Tailwind|p4b: Zapdos\n|-sidestart|p4: safetyman|move: Tailwind\n|move|p2a: Lanturn|Scald|p3b: Zygarde\n|-activate|p3b: Zygarde|move: Protect\n|\n|upkeep\n|turn|3\n|\n|t:|1625812246\n|switch|p3b: Slowking|Slowking, L88, F|310\/310\n|switch|p2a: Noctowl|Noctowl, L84, F|305\/305\n|move|p4b: Zapdos|Volt Switch|p1a: Clefairy\n|-damage|p1a: Clefairy|201\/287\n|-damage|p4b: Zapdos|221\/275|[from] item: Life Orb\n|\n|t:|1625812259\n|switch|p4b: Bouffalant|Bouffalant, L86, F|304\/304\n|move|p1a: Clefairy|Moonblast|p2a: Noctowl\n|-damage|p2a: Noctowl|217\/305\n|\n|upkeep\n|turn|4\n|\n|t:|1625812274\n|switch|p3b: Bewear|Bewear, L88, F|354\/354\n|move|p1a: Clefairy|Protect|p1a: Clefairy\n|-singleturn|p1a: Clefairy|Protect\n|move|p4b: Bouffalant|Head Charge|p3b: Bewear\n|-damage|p3b: Bewear|277\/354\n|-damage|p4b: Bouffalant|285\/304|[from] Recoil\n|move|p2a: Noctowl|Air Slash|p1a: Clefairy\n|-activate|p1a: Clefairy|move: Protect\n|\n|upkeep\n|turn|5\n|\n|t:|1625812298\n|switch|p3b: Slowking|Slowking, L88, F|310\/310\n|move|p1a: Clefairy|Helping Hand|p2a: Noctowl\n|-singleturn|p2a: Noctowl|Helping Hand|[of] p1a: Clefairy\n|move|p4b: Bouffalant|Protect|p4b: Bouffalant\n|-singleturn|p4b: Bouffalant|Protect\n|move|p2a: Noctowl|Air Slash|p4b: Bouffalant\n|-activate|p4b: Bouffalant|move: Protect\n|\n|-sideend|p4: safetyman|move: Tailwind\n|upkeep\n|turn|6\n|\n|t:|1625812312\n|switch|p4b: Zapdos|Zapdos, L80|221\/275\n|move|p1a: Clefairy|Helping Hand|p2a: Noctowl\n|-singleturn|p2a: Noctowl|Helping Hand|[of] p1a: Clefairy\n|move|p2a: Noctowl|Air Slash|p4b: Zapdos\n|-resisted|p4b: Zapdos\n|-damage|p4b: Zapdos|115\/275\n|move|p3b: Slowking|Slack Off||[still]\n|-fail|p3b: Slowking|heal\n|\n|upkeep\n|turn|7\n|\n|t:|1625812328\n|switch|p2a: Lanturn|Lanturn, L90, F|371\/371\n|move|p1a: Clefairy|Helping Hand|p2a: Lanturn\n|-singleturn|p2a: Lanturn|Helping Hand|[of] p1a: Clefairy\n|move|p4b: Zapdos|Volt Switch|p2a: Lanturn\n|-immune|p2a: Lanturn|[from] ability: Volt Absorb\n|move|p3b: Slowking|Slack Off||[still]\n|-fail|p3b: Slowking|heal\n|\n|upkeep\n|turn|8\n|\n|t:|1625812352\n|switch|p1a: Raichu|Raichu, L88, F|249\/249\n|switch|p3b: Zygarde|Zygarde-10%, L76|207\/207\n|move|p4b: Zapdos|Volt Switch|p1a: Raichu\n|-activate|p1a: Raichu|ability: Lightning Rod\n|-ability|p1a: Raichu|Lightning Rod|boost\n|-boost|p1a: Raichu|spa|1\n|move|p2a: Lanturn|Scald|p3b: Zygarde\n|-damage|p3b: Zygarde|110\/207\n|-status|p3b: Zygarde|brn\n|\n|-damage|p3b: Zygarde|98\/207 brn|[from] brn\n|-activate|p3b: Zygarde|ability: Power Construct\n|detailschange|p3b: Zygarde|Zygarde-Complete, L76\n|-heal|p3b: Zygarde|344\/453 brn|[silent]\n|upkeep\n|turn|9\n|\n|t:|1625812381\n|move|p1a: Raichu|Thunderbolt|p4b: Zapdos\n|-damage|p4b: Zapdos|0 fnt\n|faint|p4b: Zapdos\n|-damage|p1a: Raichu|225\/249|[from] item: Life Orb\n|move|p3b: Zygarde|Dragon Dance|p3b: Zygarde\n|-boost|p3b: Zygarde|atk|1\n|-boost|p3b: Zygarde|spe|1\n|move|p2a: Lanturn|Scald|p1a: Raichu\n|-damage|p1a: Raichu|137\/249\n|-status|p1a: Raichu|brn\n|\n|-damage|p3b: Zygarde|316\/453 brn|[from] brn\n|-damage|p1a: Raichu|122\/249 brn|[from] brn\n|upkeep\n|\n|t:|1625812394\n|switch|p4b: Thievul|Thievul, L88, M|266\/266\n|turn|10\n|\n|t:|1625812401\n|move|p3b: Zygarde|Thousand Arrows|p2a: Lanturn|[spread] p1a,p2a,p4b\n|-supereffective|p1a: Raichu\n|-supereffective|p2a: Lanturn\n|-damage|p1a: Raichu|44\/249 brn\n|-damage|p2a: Lanturn|289\/371\n|-damage|p4b: Thievul|230\/266\n|move|p1a: Raichu|Grass Knot|p2a: Lanturn\n|-supereffective|p2a: Lanturn\n|-damage|p2a: Lanturn|169\/371\n|-enditem|p2a: Lanturn|Sitrus Berry|[eat]\n|-heal|p2a: Lanturn|261\/371|[from] item: Sitrus Berry\n|-damage|p1a: Raichu|20\/249 brn|[from] item: Life Orb\n|move|p4b: Thievul|Foul Play|p3b: Zygarde\n|-damage|p3b: Zygarde|199\/453 brn\n|-enditem|p3b: Zygarde|Sitrus Berry|[eat]\n|-heal|p3b: Zygarde|312\/453 brn|[from] item: Sitrus Berry\n|move|p2a: Lanturn|Scald|p4b: Thievul\n|-damage|p4b: Thievul|155\/266\n|\n|-damage|p3b: Zygarde|284\/453 brn|[from] brn\n|-damage|p1a: Raichu|5\/249 brn|[from] brn\n|upkeep\n|turn|11\n|\n|t:|1625812425\n|move|p2a: Lanturn|Protect|p2a: Lanturn\n|-singleturn|p2a: Lanturn|Protect\n|move|p3b: Zygarde|Thousand Arrows|p1a: Raichu|[spread] p1a,p4b\n|-activate|p2a: Lanturn|move: Protect\n|-supereffective|p1a: Raichu\n|-damage|p1a: Raichu|0 fnt\n|-damage|p4b: Thievul|118\/266\n|-enditem|p4b: Thievul|Sitrus Berry|[eat]\n|-heal|p4b: Thievul|184\/266|[from] item: Sitrus Berry\n|faint|p1a: Raichu\n|move|p4b: Thievul|Snarl|p3b: Zygarde|[spread] p3b\n|-activate|p2a: Lanturn|move: Protect\n|-damage|p3b: Zygarde|257\/453 brn\n|-unboost|p3b: Zygarde|spa|1\n|\n|-damage|p3b: Zygarde|229\/453 brn|[from] brn\n|upkeep\n|\n|t:|1625812441\n|switch|p1a: Clefairy|Clefairy, L95, F|201\/287\n|turn|12\n|\n|t:|1625812481\n|move|p1a: Clefairy|Protect|p1a: Clefairy\n|-singleturn|p1a: Clefairy|Protect\n|move|p3b: Zygarde|Thousand Arrows|p2a: Lanturn|[spread] p2a,p4b\n|-activate|p1a: Clefairy|move: Protect\n|-supereffective|p2a: Lanturn\n|-damage|p2a: Lanturn|189\/371\n|-damage|p4b: Thievul|148\/266\n|move|p4b: Thievul|Parting Shot|p2a: Lanturn\n|-unboost|p2a: Lanturn|atk|1\n|-unboost|p2a: Lanturn|spa|1\n|\n|t:|1625812491\n|switch|p4b: Mantine|Mantine, L88, F|293\/293\n|move|p2a: Lanturn|Scald|p4b: Mantine\n|-immune|p4b: Mantine|[from] ability: Water Absorb\n|\n|-damage|p3b: Zygarde|201\/453 brn|[from] brn\n|upkeep\n|turn|13\n|\n|t:|1625812503\n|move|p4b: Mantine|Helping Hand|p3b: Zygarde\n|-singleturn|p3b: Zygarde|Helping Hand|[of] p4b: Mantine\n|move|p3b: Zygarde|Thousand Arrows|p1a: Clefairy|[spread] p1a,p2a,p4b\n|-supereffective|p2a: Lanturn\n|-damage|p1a: Clefairy|164\/287\n|-damage|p2a: Lanturn|69\/371\n|-damage|p4b: Mantine|239\/293\n|-start|p4b: Mantine|Smack Down\n|move|p2a: Lanturn|Thunderbolt|p4b: Mantine\n|-supereffective|p4b: Mantine\n|-damage|p4b: Mantine|79\/293\n|-enditem|p4b: Mantine|Sitrus Berry|[eat]\n|-heal|p4b: Mantine|152\/293|[from] item: Sitrus Berry\n|move|p1a: Clefairy|Moonblast|p3b: Zygarde\n|-supereffective|p3b: Zygarde\n|-damage|p3b: Zygarde|9\/453 brn\n|\n|-damage|p3b: Zygarde|0 fnt|[from] brn\n|faint|p3b: Zygarde\n|upkeep\n|\n|t:|1625812534\n|switch|p3b: Barraskewda|Barraskewda, L84, F|240\/240\n|turn|14\n|\n|t:|1625812553\n|move|p1a: Clefairy|Protect|p1a: Clefairy\n|-singleturn|p1a: Clefairy|Protect\n|move|p3b: Barraskewda|Liquidation|p2a: Lanturn\n|-resisted|p2a: Lanturn\n|-damage|p2a: Lanturn|0 fnt\n|faint|p2a: Lanturn\n|move|p4b: Mantine|Roost|p4b: Mantine\n|-heal|p4b: Mantine|293\/293\n|-singleturn|p4b: Mantine|move: Roost\n|\n|upkeep\n|j| Drxx\n|\n|t:|1625812622\n|switch|p2a: Alakazam|Alakazam, L80, M|219\/219\n|turn|15\n|\n|t:|1625812654\n|move|p4b: Mantine|Helping Hand|p3b: Barraskewda\n|-singleturn|p3b: Barraskewda|Helping Hand|[of] p4b: Mantine\n|move|p1a: Clefairy|Helping Hand|p3b: Barraskewda\n|-singleturn|p3b: Barraskewda|Helping Hand|[of] p1a: Clefairy\n|move|p3b: Barraskewda|Liquidation|p2a: Alakazam\n|-damage|p2a: Alakazam|0 fnt\n|faint|p2a: Alakazam\n|\n|upkeep\n|\n|t:|1625812666\n|switch|p2a: Noctowl|Noctowl, L84, F|217\/305\n|turn|16\n|\n|t:|1625812679\n|move|p4b: Mantine|Helping Hand|p3b: Barraskewda\n|-singleturn|p3b: Barraskewda|Helping Hand|[of] p4b: Mantine\n|move|p1a: Clefairy|Helping Hand|p3b: Barraskewda\n|-singleturn|p3b: Barraskewda|Helping Hand|[of] p1a: Clefairy\n|move|p3b: Barraskewda|Liquidation|p1a: Clefairy\n|-damage|p1a: Clefairy|0 fnt\n|faint|p1a: Clefairy\n|move|p2a: Noctowl|Air Slash|p3b: Barraskewda\n|-damage|p3b: Barraskewda|129\/240\n|\n|upkeep\n|\n|t:|1625812694\n|switch|p1a: Froslass|Froslass, L88, F|266\/266\n|turn|17\n|\n|t:|1625812710\n|move|p4b: Mantine|Helping Hand|p3b: Barraskewda\n|-singleturn|p3b: Barraskewda|Helping Hand|[of] p4b: Mantine\n|move|p3b: Barraskewda|Liquidation|p2a: Noctowl\n|-damage|p2a: Noctowl|0 fnt\n|faint|p2a: Noctowl\n|move|p1a: Froslass|Will-O-Wisp|p4b: Mantine|[miss]\n|-miss|p1a: Froslass|p4b: Mantine\n|\n|upkeep\n|\n|t:|1625812720\n|switch|p2a: Centiskorch|Centiskorch, L88, M|319\/319\n|turn|18\n|\n|t:|1625812726\n|move|p4b: Mantine|Helping Hand|p3b: Barraskewda\n|-singleturn|p3b: Barraskewda|Helping Hand|[of] p4b: Mantine\n|move|p3b: Barraskewda|Liquidation|p2a: Centiskorch\n|-supereffective|p2a: Centiskorch\n|-damage|p2a: Centiskorch|0 fnt\n|faint|p2a: Centiskorch\n|move|p1a: Froslass|Will-O-Wisp|p4b: Mantine\n|-status|p4b: Mantine|brn\n|\n|-damage|p4b: Mantine|275\/293 brn|[from] brn\n|upkeep\n|\n|t:|1625812735\n|switch|p2a: Blissey|Blissey, L86, F|579\/579\n|turn|19\n|\n|t:|1625812740\n|move|p4b: Mantine|Helping Hand|p3b: Barraskewda\n|-singleturn|p3b: Barraskewda|Helping Hand|[of] p4b: Mantine\n|move|p1a: Froslass|Protect|p1a: Froslass\n|-singleturn|p1a: Froslass|Protect\n|move|p3b: Barraskewda|Liquidation|p2a: Blissey\n|-crit|p2a: Blissey\n|-damage|p2a: Blissey|0 fnt\n|faint|p2a: Blissey\n|\n|-damage|p4b: Mantine|257\/293 brn|[from] brn\n|upkeep\n|\n|t:|1625812748\n|switch|p2a: Barbaracle|Barbaracle, L84, F|258\/258\n|turn|20\n|\n|t:|1625812755\n|move|p4b: Mantine|Helping Hand|p3b: Barraskewda\n|-singleturn|p3b: Barraskewda|Helping Hand|[of] p4b: Mantine\n|move|p3b: Barraskewda|Liquidation|p1a: Froslass\n|-damage|p1a: Froslass|14\/266\n|-start|p3b: Barraskewda|Disable|Liquidation|[from] ability: Cursed Body|[of] p1a: Froslass\n|-enditem|p1a: Froslass|Sitrus Berry|[eat]\n|-heal|p1a: Froslass|80\/266|[from] item: Sitrus Berry\n|move|p1a: Froslass|Will-O-Wisp|p3b: Barraskewda|[miss]\n|-miss|p1a: Froslass|p3b: Barraskewda\n|move|p2a: Barbaracle|Rock Slide|p3b: Barraskewda|[spread] p3b,p4b\n|-miss|p2a: Barbaracle|p1a: Froslass\n|-supereffective|p4b: Mantine\n|-damage|p3b: Barraskewda|74\/240\n|-damage|p4b: Mantine|171\/293 brn\n|\n|-damage|p4b: Mantine|153\/293 brn|[from] brn\n|upkeep\n|turn|21\n|\n|t:|1625812777\n|move|p4b: Mantine|Helping Hand|p3b: Barraskewda\n|-singleturn|p3b: Barraskewda|Helping Hand|[of] p4b: Mantine\n|-activate|p3b: Barraskewda|move: Struggle\n|move|p3b: Barraskewda|Struggle|p1a: Froslass\n|-damage|p1a: Froslass|0 fnt\n|faint|p1a: Froslass\n|-damage|p3b: Barraskewda|14\/240|[from] recoil\n|move|p2a: Barbaracle|Rock Slide|p3b: Barraskewda|[spread] p3b,p4b\n|-supereffective|p4b: Mantine\n|-damage|p3b: Barraskewda|0 fnt\n|-damage|p4b: Mantine|51\/293 brn\n|faint|p3b: Barraskewda\n|\n|-damage|p4b: Mantine|33\/293 brn|[from] brn\n|upkeep\n|\n|t:|1625812797\n|switch|p3b: Falinks|Falinks, L86|252\/252\n|switch|p1a: Mienshao|Mienshao, L84, M|246\/246\n|turn|22\n|\n|t:|1625812820\n|move|p4b: Mantine|Helping Hand|p1a: Mienshao\n|-singleturn|p1a: Mienshao|Helping Hand|[of] p4b: Mantine\n|move|p2a: Barbaracle|Protect|p2a: Barbaracle\n|-singleturn|p2a: Barbaracle|Protect\n|move|p1a: Mienshao|Close Combat|p2a: Barbaracle\n|-activate|p2a: Barbaracle|move: Protect\n|move|p3b: Falinks|No Retreat|p3b: Falinks\n|-boost|p3b: Falinks|atk|1\n|-boost|p3b: Falinks|def|1\n|-boost|p3b: Falinks|spa|1\n|-boost|p3b: Falinks|spd|1\n|-boost|p3b: Falinks|spe|1\n|-start|p3b: Falinks|move: No Retreat\n|\n|-damage|p4b: Mantine|15\/293 brn|[from] brn\n|upkeep\n|turn|23\n|\n|t:|1625812841\n|move|p3b: Falinks|Throat Chop|p4b: Mantine\n|-damage|p4b: Mantine|0 fnt\n|faint|p4b: Mantine\n|-damage|p3b: Falinks|227\/252|[from] item: Life Orb\n|move|p1a: Mienshao|Close Combat|p2a: Barbaracle\n|-supereffective|p2a: Barbaracle\n|-damage|p2a: Barbaracle|10\/258\n|-unboost|p1a: Mienshao|def|1\n|-unboost|p1a: Mienshao|spd|1\n|move|p2a: Barbaracle|Shell Smash|p2a: Barbaracle\n|-unboost|p2a: Barbaracle|def|1\n|-unboost|p2a: Barbaracle|spd|1\n|-boost|p2a: Barbaracle|atk|2\n|-boost|p2a: Barbaracle|spa|2\n|-boost|p2a: Barbaracle|spe|2\n|-enditem|p2a: Barbaracle|White Herb\n|-clearnegativeboost|p2a: Barbaracle|[silent]\n|\n|upkeep\n|\n|t:|1625812861\n|switch|p4b: Garbodor|Garbodor, L90, M|290\/290\n|turn|24\n|\n|t:|1625812870\n|move|p1a: Mienshao|Protect|p1a: Mienshao\n|-singleturn|p1a: Mienshao|Protect\n|move|p2a: Barbaracle|Liquidation|p1a: Mienshao\n|-activate|p1a: Mienshao|move: Protect\n|move|p3b: Falinks|Throat Chop|p4b: Garbodor\n|-damage|p4b: Garbodor|181\/290\n|-start|p4b: Garbodor|Throat Chop|[silent]\n|-damage|p3b: Falinks|202\/252|[from] item: Life Orb\n|move|p4b: Garbodor|Toxic Spikes|p3b: Falinks\n|-sidestart|p1: notsuicuu|move: Toxic Spikes\n|-sidestart|p2: Buhrito|move: Toxic Spikes\n|-sidestart|p3: JoFerr0306|move: Toxic Spikes\n|\n|upkeep\n|turn|25\n|\n|t:|1625812888\n|move|p1a: Mienshao|Protect||[still]\n|-fail|p1a: Mienshao\n|move|p4b: Garbodor|Protect|p4b: Garbodor\n|-singleturn|p4b: Garbodor|Protect\n|move|p2a: Barbaracle|Liquidation|p1a: Mienshao\n|-damage|p1a: Mienshao|0 fnt\n|faint|p1a: Mienshao\n|move|p3b: Falinks|Throat Chop|p4b: Garbodor\n|-activate|p4b: Garbodor|move: Protect\n|\n|-end|p4b: Garbodor|Throat Chop|[silent]\n|upkeep\n|\n|t:|1625812894\n|switch|p1a: Tapu Koko|Tapu Koko, L80|243\/243\n|-status|p1a: Tapu Koko|psn\n|-fieldstart|move: Electric Terrain|[from] ability: Electric Surge|[of] p1a: Tapu Koko\n|turn|26\n|\n|t:|1625812929\n|-start|p2a: Barbaracle|Dynamax\n|-heal|p2a: Barbaracle|20\/516|[silent]\n|-start|p1a: Tapu Koko|Dynamax\n|-heal|p1a: Tapu Koko|486\/486 psn|[silent]\n|move|p2a: Barbaracle|Max Guard|p2a: Barbaracle\n|-singleturn|p2a: Barbaracle|Max Guard\n|move|p3b: Falinks|Poison Jab|p1a: Tapu Koko\n|-supereffective|p1a: Tapu Koko\n|-damage|p1a: Tapu Koko|226\/486 psn\n|-enditem|p1a: Tapu Koko|Sitrus Berry|[eat]\n|-heal|p1a: Tapu Koko|286\/486 psn|[from] item: Sitrus Berry\n|-damage|p3b: Falinks|177\/252|[from] item: Life Orb\n|move|p1a: Tapu Koko|Max Lightning|p2a: Barbaracle\n|-activate|p2a: Barbaracle|move: Max Guard\n|move|p4b: Garbodor|Explosion|p2a: Barbaracle|[spread] p1a,p3b\n|-activate|p2a: Barbaracle|move: Max Guard\n|-damage|p1a: Tapu Koko|184\/486 psn\n|-damage|p3b: Falinks|117\/252\n|faint|p4b: Garbodor\n|\n|-damage|p1a: Tapu Koko|154\/486 psn|[from] psn\n|upkeep\n|\n|t:|1625812959\n|switch|p4b: Bouffalant|Bouffalant, L86, F|285\/304\n|turn|27\n|\n|t:|1625812975\n|-start|p3b: Falinks|Dynamax\n|-heal|p3b: Falinks|234\/504|[silent]\n|move|p1a: Tapu Koko|Max Guard|p1a: Tapu Koko\n|-singleturn|p1a: Tapu Koko|Max Guard\n|move|p4b: Bouffalant|Protect|p4b: Bouffalant\n|-singleturn|p4b: Bouffalant|Protect\n|move|p2a: Barbaracle|Max Geyser|p1a: Tapu Koko\n|-activate|p1a: Tapu Koko|move: Max Guard\n|move|p3b: Falinks|Max Knuckle|p2a: Barbaracle\n|-supereffective|p2a: Barbaracle\n|-damage|p2a: Barbaracle|0 fnt\n|-boost|p3b: Falinks|atk|1\n|faint|p2a: Barbaracle\n|-damage|p3b: Falinks|209\/504|[from] item: Life Orb\n|\n|-damage|p1a: Tapu Koko|124\/486 psn|[from] psn\n|upkeep\n|turn|28\n|\n|t:|1625813004\n|move|p3b: Falinks|Max Knuckle|p4b: Bouffalant\n|-supereffective|p4b: Bouffalant\n|-damage|p4b: Bouffalant|0 fnt\n|-boost|p3b: Falinks|atk|1\n|faint|p4b: Bouffalant\n|-damage|p3b: Falinks|184\/504|[from] item: Life Orb\n|move|p1a: Tapu Koko|Max Lightning|p4: Bouffalant|[notarget]\n|-fail|p1a: Tapu Koko\n|\n|-damage|p1a: Tapu Koko|94\/486 psn|[from] psn\n|-end|p1a: Tapu Koko|Dynamax\n|-heal|p1a: Tapu Koko|47\/243 psn|[silent]\n|upkeep\n|\n|t:|1625813014\n|switch|p4b: Thievul|Thievul, L88, M|148\/266\n|turn|29\n|\n|t:|1625813028\n|move|p3b: Falinks|Max Ooze|p1a: Tapu Koko\n|-supereffective|p1a: Tapu Koko\n|-damage|p1a: Tapu Koko|0 fnt\n|-boost|p3b: Falinks|spa|1\n|faint|p1a: Tapu Koko\n|-damage|p3b: Falinks|159\/504|[from] item: Life Orb\n|move|p4b: Thievul|Foul Play|p3b: Falinks\n|-resisted|p3b: Falinks\n|-damage|p3b: Falinks|81\/504\n|\n|-end|p3b: Falinks|Dynamax\n|-heal|p3b: Falinks|41\/252|[silent]\n|upkeep\n|turn|30\n|\n|t:|1625813041\n|move|p3b: Falinks|Close Combat|p4b: Thievul\n|-supereffective|p4b: Thievul\n|-damage|p4b: Thievul|0 fnt\n|-unboost|p3b: Falinks|def|1\n|-unboost|p3b: Falinks|spd|1\n|faint|p4b: Thievul\n|-damage|p3b: Falinks|16\/252|[from] item: Life Orb\n|\n|-fieldend|move: Electric Terrain\n|upkeep\n|\n|t:|1625813044\n|switch|p4b: Steelix|Steelix, L88, F|275\/275\n|turn|31\n|\n|t:|1625813049\n|move|p3b: Falinks|Close Combat|p4b: Steelix\n|-supereffective|p4b: Steelix\n|-damage|p4b: Steelix|0 fnt\n|-unboost|p3b: Falinks|def|1\n|-unboost|p3b: Falinks|spd|1\n|faint|p4b: Steelix\n|-damage|p3b: Falinks|0 fnt|[from] item: Life Orb\n|faint|p3b: Falinks\n|\n|win|JoFerr0306\n|l|\u2606safetyman\n|l| Drxx\n|l|\u2606JoFerr0306\n","inputlog":">version 6a833db4f60ea2783d72eec4b0c9a95740f655da\n>start {\"formatid\":\"gen8freeforallrandombattle\",\"seed\":[28073,38566,33025,77]}\n>player p1 {\"name\":\"notsuicuu\",\"avatar\":\"ingo\",\"rating\":0,\"seed\":[57809,31552,60540,8025]}\n>player p2 {\"name\":\"Buhrito\",\"avatar\":\"preschooler\",\"rating\":0,\"seed\":[27011,52134,43772,60439]}\n>player p3 {\"name\":\"JoFerr0306\",\"avatar\":\"brawly\",\"team\":\"\",\"seed\":[50060,5124,34242,58425]}\n>player p4 {\"name\":\"safetyman\",\"avatar\":\"roxanne\",\"team\":\"\",\"seed\":[55067,46609,19045,42849]}\n>p1 move knockoff\n>p2 move scald\n>p3 switch 3\n>p4 move hurricane\n>p1 switch 2\n>p1 move protect\n>p2 move scald\n>p3 move protect\n>p4 move tailwind\n>p1 move moonblast\n>p2 switch 3\n>p3 switch 3\n>p4 move voltswitch\n>p4 switch 2\n>p1 move protect\n>p2 move airslash\n>p3 switch 4\n>p4 move headcharge\n>p1 move helpinghand\n>p2 move airslash\n>p3 switch 4\n>p4 move protect\n>p1 move helpinghand\n>p2 move airslash\n>p3 move slackoff\n>p4 switch 2\n>p1 move helpinghand\n>p2 switch 3\n>p3 move slackoff\n>p4 move voltswitch\n>p1 switch 3\n>p2 move scald\n>p3 switch 3\n>p4 move voltswitch\n>p1 move thunderbolt\n>p2 move scald\n>p3 move dragondance\n>p4 move tailwind\n>p4 switch 4\n>p1 move grassknot\n>p2 move scald\n>p3 move thousandarrows\n>p4 move foulplay\n>p1 move grassknot\n>p2 move protect\n>p3 move thousandarrows\n>p4 move snarl\n>p1 switch 3\n>p1 move protect\n>p2 move scald\n>p3 move thousandarrows\n>p4 move partingshot\n>p4 switch 5\n>p1 move moonblast\n>p2 move thunderbolt\n>p3 move thousandarrows\n>p4 move helpinghand\n>p3 switch 5\n>p1 move protect\n>p2 move thunderbolt\n>p3 move liquidation\n>p4 move roost\n>p2 switch 6\n>p1 move helpinghand\n>p2 move psychic\n>p3 move liquidation\n>p4 move helpinghand\n>p2 switch 3\n>p1 move helpinghand\n>p2 move airslash\n>p3 move liquidation\n>p4 move helpinghand\n>p1 switch 4\n>p1 move willowisp\n>p2 move airslash\n>p3 move liquidation\n>p4 move helpinghand\n>p2 switch 4\n>p1 move willowisp\n>p2 move leechlife\n>p3 move liquidation\n>p4 move helpinghand\n>p2 switch 2\n>p1 move protect\n>p2 move seismictoss\n>p3 move liquidation\n>p4 move helpinghand\n>p2 switch 5\n>p1 move willowisp\n>p2 move rockslide\n>p3 move liquidation\n>p4 move helpinghand\n>p1 move willowisp\n>p2 move rockslide\n>p3 move struggle\n>p4 move helpinghand\n>p1 switch 6\n>p3 switch 6\n>p1 move closecombat\n>p2 move protect\n>p3 move noretreat\n>p4 move helpinghand\n>p1 move closecombat\n>p2 move shellsmash\n>p3 move throatchop\n>p4 move haze\n>p4 switch 6\n>p1 move protect\n>p2 move liquidation\n>p3 move throatchop\n>p4 move toxicspikes\n>p1 move protect\n>p2 move liquidation\n>p3 move throatchop\n>p4 move protect\n>p1 switch 5\n>p1 move thunderbolt dynamax\n>p2 move protect dynamax\n>p3 move poisonjab\n>p4 move explosion\n>p4 switch 2\n>p1 move taunt dynamax\n>p2 move liquidation dynamax\n>p3 move closecombat dynamax\n>p4 move protect\n>p1 move thunderbolt dynamax\n>p3 move closecombat dynamax\n>p4 move headcharge\n>p4 switch 5\n>p1 move thunderbolt\n>p3 move poisonjab dynamax\n>p4 move foulplay\n>p3 move closecombat\n>p4 move foulplay\n>p4 switch 3\n>p3 move closecombat\n>p4 move rockpolish","uploadtime":1625813080,"views":27,"p1id":"notsuicuu","p2id":"buhrito","formatid":"gen8freeforallrandombattle","rating":0,"private":0,"password":null}