{"id":"gen8randombattle-1319173657","p1":"lord cube","p2":"j54321","format":"gen8randombattle","log":"|j|\u2606lord cube\n|j|\u2606j54321\n|t:|1618103853\n|gametype|singles\n|player|p1|lord cube|steven|1601\n|player|p2|j54321|1|1597\n|teamsize|p1|6\n|teamsize|p2|6\n|gen|8\n|tier|[Gen 8] Random Battle\n|rated|\n|rule|Species Clause: Limit one of each Pok\u00e9mon\n|rule|HP Percentage Mod: HP is shown in percentages\n|rule|Sleep Clause Mod: Limit one foe put to sleep\n|\n|t:|1618103853\n|start\n|switch|p1a: Scrafty|Scrafty, L82, F|241\/241\n|switch|p2a: Giratina|Giratina-Origin, L74|344\/344\n|-ability|p1a: Scrafty|Intimidate|boost\n|-unboost|p2a: Giratina|atk|1\n|turn|1\n|\n|t:|1618103876\n|switch|p2a: Scizor|Scizor, L80, M|243\/243\n|move|p1a: Scrafty|Dragon Dance|p1a: Scrafty\n|-boost|p1a: Scrafty|atk|1\n|-boost|p1a: Scrafty|spe|1\n|\n|upkeep\n|turn|2\n|\n|t:|1618103886\n|-start|p2a: Scizor|Dynamax\n|-heal|p2a: Scizor|486\/486|[silent]\n|move|p1a: Scrafty|Dragon Dance|p1a: Scrafty\n|-boost|p1a: Scrafty|atk|1\n|-boost|p1a: Scrafty|spe|1\n|move|p2a: Scizor|Max Steelspike|p1a: Scrafty\n|-damage|p1a: Scrafty|123\/241\n|-boost|p2a: Scizor|def|1\n|-damage|p2a: Scizor|462\/486|[from] item: Life Orb\n|\n|upkeep\n|turn|3\n|\n|t:|1618103903\n|-start|p1a: Scrafty|Dynamax\n|-heal|p1a: Scrafty|246\/482|[silent]\n|move|p1a: Scrafty|Max Darkness|p2a: Scizor\n|-damage|p2a: Scizor|318\/486\n|-unboost|p2a: Scizor|spd|1\n|move|p2a: Scizor|Max Knuckle|p1a: Scrafty\n|-supereffective|p1a: Scrafty\n|-damage|p1a: Scrafty|74\/482\n|-boost|p2a: Scizor|atk|1\n|-damage|p2a: Scizor|294\/486|[from] item: Life Orb\n|\n|upkeep\n|turn|4\n|\n|t:|1618103914\n|move|p2a: Scizor|Max Guard|p2a: Scizor\n|-singleturn|p2a: Scizor|Max Guard\n|move|p1a: Scrafty|Max Darkness|p2a: Scizor\n|-activate|p2a: Scizor|move: Max Guard\n|\n|-end|p2a: Scizor|Dynamax\n|-heal|p2a: Scizor|147\/243|[silent]\n|upkeep\n|turn|5\n|\n|t:|1618103922\n|move|p2a: Scizor|Bullet Punch|p1a: Scrafty\n|-damage|p1a: Scrafty|0 fnt\n|-damage|p2a: Scizor|123\/243|[from] item: Life Orb\n|faint|p1a: Scrafty\n|\n|upkeep\n|\n|t:|1618103941\n|switch|p1a: Klinklang|Klinklang, L84|238\/238\n|turn|6\n|\n|t:|1618103946\n|move|p1a: Klinklang|Substitute|p1a: Klinklang\n|-start|p1a: Klinklang|Substitute\n|-damage|p1a: Klinklang|179\/238\n|move|p2a: Scizor|Superpower|p1a: Klinklang\n|-supereffective|p1a: Klinklang\n|-end|p1a: Klinklang|Substitute\n|-unboost|p2a: Scizor|atk|1\n|-unboost|p2a: Scizor|def|1\n|-damage|p2a: Scizor|99\/243|[from] item: Life Orb\n|\n|-heal|p1a: Klinklang|193\/238|[from] item: Leftovers\n|upkeep\n|turn|7\n|\n|t:|1618103950\n|move|p1a: Klinklang|Substitute|p1a: Klinklang\n|-start|p1a: Klinklang|Substitute\n|-damage|p1a: Klinklang|134\/238\n|move|p2a: Scizor|Knock Off|p1a: Klinklang\n|-crit|p1a: Klinklang\n|-end|p1a: Klinklang|Substitute\n|-damage|p2a: Scizor|75\/243|[from] item: Life Orb\n|\n|-heal|p1a: Klinklang|148\/238|[from] item: Leftovers\n|upkeep\n|turn|8\n|\n|t:|1618103953\n|move|p1a: Klinklang|Substitute|p1a: Klinklang\n|-start|p1a: Klinklang|Substitute\n|-damage|p1a: Klinklang|89\/238\n|move|p2a: Scizor|Knock Off|p1a: Klinklang\n|-end|p1a: Klinklang|Substitute\n|-damage|p2a: Scizor|51\/243|[from] item: Life Orb\n|\n|-heal|p1a: Klinklang|103\/238|[from] item: Leftovers\n|upkeep\n|turn|9\n|\n|t:|1618103959\n|move|p1a: Klinklang|Wild Charge|p2a: Scizor\n|-damage|p2a: Scizor|0 fnt\n|-damage|p1a: Klinklang|90\/238|[from] Recoil\n|faint|p2a: Scizor\n|\n|-heal|p1a: Klinklang|104\/238|[from] item: Leftovers\n|upkeep\n|\n|t:|1618103974\n|switch|p2a: Necrozma|Necrozma, L80|286\/286\n|turn|10\n|\n|t:|1618103978\n|move|p1a: Klinklang|Shift Gear|p1a: Klinklang\n|-boost|p1a: Klinklang|spe|2\n|-boost|p1a: Klinklang|atk|1\n|move|p2a: Necrozma|Heat Wave|p1a: Klinklang\n|-supereffective|p1a: Klinklang\n|-damage|p1a: Klinklang|0 fnt\n|faint|p1a: Klinklang\n|\n|upkeep\n|\n|t:|1618103994\n|switch|p1a: Zygarde|Zygarde, L72|272\/272\n|turn|11\n|\n|t:|1618104003\n|move|p1a: Zygarde|Substitute|p1a: Zygarde\n|-start|p1a: Zygarde|Substitute\n|-damage|p1a: Zygarde|204\/272\n|move|p2a: Necrozma|Calm Mind|p2a: Necrozma\n|-boost|p2a: Necrozma|spa|1\n|-boost|p2a: Necrozma|spd|1\n|\n|-heal|p1a: Zygarde|221\/272|[from] item: Leftovers\n|upkeep\n|turn|12\n|\n|t:|1618104007\n|move|p1a: Zygarde|Dragon Dance|p1a: Zygarde\n|-boost|p1a: Zygarde|atk|1\n|-boost|p1a: Zygarde|spe|1\n|move|p2a: Necrozma|Photon Geyser|p1a: Zygarde\n|-end|p1a: Zygarde|Substitute\n|\n|-heal|p1a: Zygarde|238\/272|[from] item: Leftovers\n|upkeep\n|turn|13\n|\n|t:|1618104010\n|move|p1a: Zygarde|Dragon Dance|p1a: Zygarde\n|-boost|p1a: Zygarde|atk|1\n|-boost|p1a: Zygarde|spe|1\n|move|p2a: Necrozma|Photon Geyser|p1a: Zygarde\n|-damage|p1a: Zygarde|52\/272\n|\n|-heal|p1a: Zygarde|69\/272|[from] item: Leftovers\n|-activate|p1a: Zygarde|ability: Power Construct\n|detailschange|p1a: Zygarde|Zygarde-Complete, L72\n|-heal|p1a: Zygarde|225\/428|[silent]\n|upkeep\n|turn|14\n|\n|t:|1618104016\n|move|p1a: Zygarde|Outrage|p2a: Necrozma\n|-damage|p2a: Necrozma|117\/286\n|move|p2a: Necrozma|Moonlight|p2a: Necrozma\n|-heal|p2a: Necrozma|260\/286\n|\n|-heal|p1a: Zygarde|251\/428|[from] item: Leftovers\n|-heal|p2a: Necrozma|277\/286|[from] item: Leftovers\n|upkeep\n|turn|15\n|\n|t:|1618104021\n|move|p1a: Zygarde|Outrage|p2a: Necrozma|[from]lockedmove\n|-damage|p2a: Necrozma|99\/286\n|-start|p1a: Zygarde|confusion|[fatigue]\n|move|p2a: Necrozma|Moonlight|p2a: Necrozma\n|-heal|p2a: Necrozma|242\/286\n|\n|-heal|p1a: Zygarde|277\/428|[from] item: Leftovers\n|-heal|p2a: Necrozma|259\/286|[from] item: Leftovers\n|upkeep\n|turn|16\n|\n|t:|1618104027\n|-activate|p1a: Zygarde|confusion\n|-damage|p1a: Zygarde|241\/428|[from] confusion\n|move|p2a: Necrozma|Photon Geyser|p1a: Zygarde\n|-damage|p1a: Zygarde|51\/428\n|\n|-heal|p1a: Zygarde|77\/428|[from] item: Leftovers\n|-heal|p2a: Necrozma|276\/286|[from] item: Leftovers\n|upkeep\n|turn|17\n|\n|t:|1618104029\n|-activate|p1a: Zygarde|confusion\n|-damage|p1a: Zygarde|41\/428|[from] confusion\n|move|p2a: Necrozma|Photon Geyser|p1a: Zygarde\n|-damage|p1a: Zygarde|0 fnt\n|faint|p1a: Zygarde\n|\n|-heal|p2a: Necrozma|286\/286|[from] item: Leftovers\n|upkeep\n|-message|lord cube forfeited.\n|\n|win|j54321\n|raw|lord cube's rating: 1601 &rarr; <strong>1580<\/strong><br \/>(-21 for losing)\n|raw|j54321's rating: 1577 &rarr; <strong>1598<\/strong><br \/>(+21 for winning)\n|l|\u2606lord cube\n","inputlog":">version 5493420d9cde6e2ec4b458d3ca210c023966acb1\n>start {\"formatid\":\"gen8randombattle\",\"seed\":[55061,61155,35211,15287],\"rated\":\"Rated battle\"}\n>player p1 {\"name\":\"lord cube\",\"avatar\":\"steven\",\"rating\":1601,\"seed\":[29622,26613,52197,17694]}\n>player p2 {\"name\":\"j54321\",\"avatar\":\"1\",\"rating\":1597,\"seed\":[52291,14064,18074,30708]}\n>p1 move dragondance\n>p2 switch 5\n>p1 move dragondance\n>p2 move bulletpunch dynamax\n>p1 move knockoff dynamax\n>p2 move superpower dynamax\n>p1 move knockoff dynamax\n>p2 move swordsdance dynamax\n>p1 move knockoff dynamax\n>p2 move bulletpunch\n>p1 switch 3\n>p1 move substitute\n>p2 move superpower\n>p1 move substitute\n>p2 move knockoff\n>p1 move substitute\n>p2 move knockoff\n>p1 move wildcharge\n>p2 move knockoff\n>p2 switch 6\n>p1 move shiftgear\n>p2 move heatwave\n>p1 switch 4\n>p1 move substitute\n>p2 move calmmind\n>p1 move dragondance\n>p2 move photongeyser\n>p1 move dragondance\n>p2 move photongeyser\n>p1 move outrage\n>p2 move moonlight\n>p1 move outrage\n>p2 move moonlight\n>p1 move outrage\n>p2 move photongeyser\n>p1 move outrage\n>p2 move photongeyser\n>forcelose p1","uploadtime":1618104036,"views":23,"p1id":"lordcube","p2id":"j54321","formatid":"gen8randombattle","rating":1580,"private":0,"password":null}