{"id":"gen8randombattle-1544049554","p1":"rope45","p2":"Sp0oNl0rD","format":"gen8randombattle","log":"|j|\u2606rope45\n|j|\u2606Sp0oNl0rD\n|t:|1648854930\n|gametype|singles\n|player|p1|rope45|1|2004\n|player|p2|Sp0oNl0rD|teamrocket|1923\n|teamsize|p1|6\n|teamsize|p2|6\n|gen|8\n|tier|[Gen 8] Random Battle\n|rated|\n|rule|Species Clause: Limit one of each Pok\u00e9mon\n|rule|HP Percentage Mod: HP is shown in percentages\n|rule|Sleep Clause Mod: Limit one foe put to sleep\n|\n|t:|1648854930\n|start\n|switch|p1a: Walrein|Walrein, L86, F|329\/329\n|switch|p2a: Noivern|Noivern, L82, F|274\/274\n|turn|1\n|inactive|Battle timer is ON: inactive players will automatically lose when time's up. (requested by Sp0oNl0rD)\n|j| Xibalbaa\n|inactive|rope45 has 120 seconds left.\n|\n|t:|1648854966\n|switch|p2a: Sylveon|Sylveon, L84, F|297\/297\n|move|p1a: Walrein|Toxic|p2a: Sylveon\n|-status|p2a: Sylveon|tox\n|\n|-damage|p2a: Sylveon|279\/297 tox|[from] psn\n|upkeep\n|turn|2\n|\n|t:|1648854987\n|switch|p2a: Virizion|Virizion, L82|283\/283\n|move|p1a: Walrein|Ice Beam|p2a: Virizion\n|-supereffective|p2a: Virizion\n|-damage|p2a: Virizion|127\/283\n|\n|upkeep\n|turn|3\n|\n|t:|1648854997\n|move|p2a: Virizion|Close Combat|p1a: Walrein\n|-supereffective|p1a: Walrein\n|-damage|p1a: Walrein|113\/329\n|-unboost|p2a: Virizion|def|1\n|-unboost|p2a: Virizion|spd|1\n|move|p1a: Walrein|Ice Beam|p2a: Virizion\n|-supereffective|p2a: Virizion\n|-damage|p2a: Virizion|0 fnt\n|faint|p2a: Virizion\n|\n|-heal|p1a: Walrein|133\/329|[from] item: Leftovers\n|upkeep\n|\n|t:|1648855003\n|switch|p2a: Blaziken|Blaziken, L76, F|247\/247\n|turn|4\n|\n|t:|1648855014\n|move|p2a: Blaziken|Close Combat|p1a: Walrein\n|-supereffective|p1a: Walrein\n|-damage|p1a: Walrein|0 fnt\n|-unboost|p2a: Blaziken|def|1\n|-unboost|p2a: Blaziken|spd|1\n|faint|p1a: Walrein\n|-damage|p2a: Blaziken|223\/247|[from] item: Life Orb\n|\n|-ability|p2a: Blaziken|Speed Boost|boost\n|-boost|p2a: Blaziken|spe|1\n|upkeep\n|inactive|rope45 has 120 seconds left.\n|\n|t:|1648855035\n|switch|p1a: Diancie|Diancie, L82|216\/216\n|turn|5\n|\n|t:|1648855042\n|switch|p2a: Sylveon|Sylveon, L84, F|279\/297 tox\n|move|p1a: Diancie|Diamond Storm|p2a: Sylveon\n|-damage|p2a: Sylveon|158\/297 tox\n|\n|-heal|p2a: Sylveon|176\/297 tox|[from] item: Leftovers\n|-damage|p2a: Sylveon|158\/297 tox|[from] psn\n|upkeep\n|turn|6\n|\n|t:|1648855052\n|move|p2a: Sylveon|Hyper Voice|p1a: Diancie\n|-damage|p1a: Diancie|126\/216\n|move|p1a: Diancie|Diamond Storm|p2a: Sylveon\n|-damage|p2a: Sylveon|20\/297 tox\n|-boost|p1a: Diancie|def|2\n|\n|-heal|p2a: Sylveon|38\/297 tox|[from] item: Leftovers\n|-heal|p1a: Diancie|139\/216|[from] item: Leftovers\n|-damage|p2a: Sylveon|2\/297 tox|[from] psn\n|upkeep\n|turn|7\n|\n|t:|1648855066\n|switch|p1a: Audino|Audino, L91, M|335\/335\n|move|p2a: Sylveon|Hyper Voice|p1a: Audino\n|-damage|p1a: Audino|217\/335\n|\n|-heal|p2a: Sylveon|20\/297 tox|[from] item: Leftovers\n|-heal|p1a: Audino|237\/335|[from] item: Leftovers\n|-damage|p2a: Sylveon|0 fnt|[from] psn\n|faint|p2a: Sylveon\n|upkeep\n|\n|t:|1648855070\n|switch|p2a: Blaziken|Blaziken, L76, F|223\/247\n|turn|8\n|\n|t:|1648855075\n|move|p2a: Blaziken|Close Combat|p1a: Audino\n|-supereffective|p1a: Audino\n|-damage|p1a: Audino|0 fnt\n|-unboost|p2a: Blaziken|def|1\n|-unboost|p2a: Blaziken|spd|1\n|faint|p1a: Audino\n|-damage|p2a: Blaziken|199\/247|[from] item: Life Orb\n|\n|-ability|p2a: Blaziken|Speed Boost|boost\n|-boost|p2a: Blaziken|spe|1\n|upkeep\n|\n|t:|1648855093\n|switch|p1a: Golurk|Golurk, L82|280\/280\n|turn|9\n|\n|t:|1648855100\n|switch|p2a: Stonjourner|Stonjourner, L88, M|319\/319\n|move|p1a: Golurk|Poltergeist|p2a: Stonjourner\n|-activate|p2a: Stonjourner|move: Poltergeist|Life Orb\n|-damage|p2a: Stonjourner|201\/319\n|-damage|p1a: Golurk|252\/280|[from] item: Life Orb\n|\n|upkeep\n|turn|10\n|\n|t:|1648855113\n|move|p2a: Stonjourner|Earthquake|p1a: Golurk\n|-crit|p1a: Golurk\n|-damage|p1a: Golurk|30\/280\n|-damage|p2a: Stonjourner|170\/319|[from] item: Life Orb\n|move|p1a: Golurk|Rock Polish|p1a: Golurk\n|-boost|p1a: Golurk|spe|2\n|\n|upkeep\n|turn|11\n|\n|t:|1648855119\n|move|p1a: Golurk|Earthquake|p2a: Stonjourner\n|-supereffective|p2a: Stonjourner\n|-damage|p2a: Stonjourner|0 fnt\n|faint|p2a: Stonjourner\n|-damage|p1a: Golurk|2\/280|[from] item: Life Orb\n|\n|upkeep\n|\n|t:|1648855121\n|switch|p2a: Coalossal|Coalossal, L87, M|333\/333\n|turn|12\n|\n|t:|1648855126\n|move|p1a: Golurk|Earthquake|p2a: Coalossal\n|-supereffective|p2a: Coalossal\n|-damage|p2a: Coalossal|0 fnt\n|faint|p2a: Coalossal\n|-damage|p1a: Golurk|0 fnt|[from] item: Life Orb\n|faint|p1a: Golurk\n|\n|upkeep\n|\n|t:|1648855142\n|switch|p1a: Melmetal|Melmetal, L74|322\/322\n|switch|p2a: Noivern|Noivern, L82, F|274\/274\n|turn|13\n|\n|t:|1648855146\n|move|p2a: Noivern|Flamethrower|p1a: Melmetal\n|-supereffective|p1a: Melmetal\n|-damage|p1a: Melmetal|164\/322\n|move|p1a: Melmetal|Thunder Wave|p2a: Noivern\n|-status|p2a: Noivern|par\n|\n|-heal|p1a: Melmetal|184\/322|[from] item: Leftovers\n|upkeep\n|turn|14\n|\n|t:|1648855149\n|move|p2a: Noivern|Flamethrower|p1a: Melmetal\n|-supereffective|p1a: Melmetal\n|-damage|p1a: Melmetal|18\/322\n|move|p1a: Melmetal|Double Iron Bash|p2a: Noivern\n|-damage|p2a: Noivern|186\/274 par\n|-damage|p2a: Noivern|90\/274 par\n|-hitcount|p2a: Noivern|2\n|\n|-heal|p1a: Melmetal|38\/322|[from] item: Leftovers\n|upkeep\n|turn|15\n|\n|t:|1648855153\n|move|p2a: Noivern|Flamethrower|p1a: Melmetal\n|-supereffective|p1a: Melmetal\n|-crit|p1a: Melmetal\n|-damage|p1a: Melmetal|0 fnt\n|faint|p1a: Melmetal\n|\n|upkeep\n|\n|t:|1648855162\n|switch|p1a: Kingler|Kingler, L84, M|230\/230\n|turn|16\n|\n|t:|1648855172\n|-start|p1a: Kingler|Dynamax|\n|-heal|p1a: Kingler|460\/460|[silent]\n|move|p1a: Kingler|Max Rockfall|p2a: Noivern\n|-supereffective|p2a: Noivern\n|-damage|p2a: Noivern|0 fnt\n|-weather|Sandstorm\n|faint|p2a: Noivern\n|-damage|p1a: Kingler|437\/460|[from] item: Life Orb\n|\n|-weather|Sandstorm|[upkeep]\n|-damage|p1a: Kingler|423\/460|[from] Sandstorm\n|upkeep\n|\n|t:|1648855173\n|switch|p2a: Blaziken|Blaziken, L76, F|199\/247\n|turn|17\n|\n|t:|1648855176\n|-start|p2a: Blaziken|Dynamax|\n|-heal|p2a: Blaziken|398\/494|[silent]\n|move|p2a: Blaziken|Max Guard|p2a: Blaziken\n|-singleturn|p2a: Blaziken|Max Guard\n|move|p1a: Kingler|Max Geyser|p2a: Blaziken\n|-activate|p2a: Blaziken|move: Max Guard\n|\n|-weather|Sandstorm|[upkeep]\n|-damage|p1a: Kingler|409\/460|[from] Sandstorm\n|-damage|p2a: Blaziken|383\/494|[from] Sandstorm\n|-ability|p2a: Blaziken|Speed Boost|boost\n|-boost|p2a: Blaziken|spe|1\n|upkeep\n|turn|18\n|\n|t:|1648855179\n|move|p2a: Blaziken|Max Flare|p1a: Kingler\n|-resisted|p1a: Kingler\n|-damage|p1a: Kingler|327\/460\n|-weather|SunnyDay\n|-damage|p2a: Blaziken|359\/494|[from] item: Life Orb\n|move|p1a: Kingler|Max Geyser|p2a: Blaziken\n|-supereffective|p2a: Blaziken\n|-damage|p2a: Blaziken|47\/494\n|-weather|RainDance\n|-damage|p1a: Kingler|304\/460|[from] item: Life Orb\n|\n|-weather|RainDance|[upkeep]\n|-ability|p2a: Blaziken|Speed Boost|boost\n|-boost|p2a: Blaziken|spe|1\n|-end|p1a: Kingler|Dynamax\n|-heal|p1a: Kingler|152\/230|[silent]\n|upkeep\n|turn|19\n|\n|t:|1648855183\n|move|p2a: Blaziken|Max Knuckle|p1a: Kingler\n|-damage|p1a: Kingler|49\/230\n|-boost|p2a: Blaziken|atk|1\n|-damage|p2a: Blaziken|23\/494|[from] item: Life Orb\n|move|p1a: Kingler|Liquidation|p2a: Blaziken\n|-supereffective|p2a: Blaziken\n|-damage|p2a: Blaziken|0 fnt\n|faint|p2a: Blaziken\n|\n|win|rope45\n|raw|rope45's rating: 2004 &rarr; <strong>2019<\/strong><br \/>(+15 for winning)\n|raw|Sp0oNl0rD's rating: 1923 &rarr; <strong>1908<\/strong><br \/>(-15 for losing)\n|l|\u2606Sp0oNl0rD\n","inputlog":">version 1889a115fa2bec1c87c3ebd1b330295980f88c27\n>start {\"formatid\":\"gen8randombattle\",\"seed\":[65099,48805,38535,7389],\"rated\":\"Rated battle\"}\n>player p1 {\"name\":\"rope45\",\"avatar\":\"1\",\"rating\":2004,\"seed\":[28018,13006,62029,29397]}\n>player p2 {\"name\":\"Sp0oNl0rD\",\"avatar\":\"teamrocket\",\"rating\":1923,\"seed\":[6493,37248,11060,49248]}\n>p1 move toxic\n>p2 switch 2\n>p1 move icebeam\n>p2 switch 5\n>p1 move icebeam\n>p2 move closecombat\n>p2 switch 3\n>p1 move surf\n>p2 move closecombat\n>p1 switch 4\n>p1 move diamondstorm\n>p2 switch 5\n>p1 move diamondstorm\n>p2 move hypervoice\n>p1 switch 5\n>p2 move hypervoice\n>p2 switch 5\n>p1 move toxic\n>p2 move closecombat\n>p1 switch 3\n>p1 move poltergeist\n>p2 switch 6\n>p1 move rockpolish\n>p2 move earthquake\n>p1 move earthquake\n>p2 move earthquake\n>p2 switch 4\n>p1 move earthquake\n>p2 move rapidspin\n>p1 switch 2\n>p2 switch 2\n>p1 move thunderwave\n>p2 move flamethrower\n>p1 move doubleironbash\n>p2 move flamethrower\n>p1 move doubleironbash\n>p2 move flamethrower\n>p1 switch 6\n>p1 move rockslide dynamax\n>p2 move hurricane\n>p2 switch 6\n>p1 move liquidation dynamax\n>p2 move swordsdance dynamax\n>p1 move liquidation dynamax\n>p2 move flareblitz dynamax\n>p1 move liquidation\n>p2 move closecombat dynamax","uploadtime":1648855197,"views":8,"p1id":"rope45","p2id":"sp0onl0rd","formatid":"gen8randombattle","rating":1908,"private":0,"password":null}