{"id":"gen8randombattle-1693350337","p1":"Cupcake Collector","p2":"AlphaTherai","format":"gen8randombattle","log":"|j|\u2606Cupcake Collector\n|j|\u2606AlphaTherai\n|t:|1666593943\n|gametype|singles\n|player|p1|Cupcake Collector|cynthia-masters|1528\n|player|p2|AlphaTherai|pokekid|1517\n|teamsize|p1|6\n|teamsize|p2|6\n|gen|8\n|tier|[Gen 8] Random Battle\n|rated|\n|rule|Species Clause: Limit one of each Pok\u00e9mon\n|rule|HP Percentage Mod: HP is shown in percentages\n|rule|Sleep Clause Mod: Limit one foe put to sleep\n|\n|t:|1666593943\n|start\n|switch|p1a: Beartic|Beartic, L86, F|304\/304\n|switch|p2a: Azelf|Azelf, L82|257\/257\n|turn|1\n|inactive|Battle timer is ON: inactive players will automatically lose when time's up. (requested by AlphaTherai)\n|\n|t:|1666593949\n|move|p2a: Azelf|Nasty Plot|p2a: Azelf\n|-boost|p2a: Azelf|spa|2\n|move|p1a: Beartic|Icicle Crash|p2a: Azelf\n|-damage|p2a: Azelf|118\/257\n|\n|upkeep\n|turn|2\n|\n|t:|1666593961\n|switch|p1a: Bisharp|Bisharp, L80, M|235\/235\n|move|p2a: Azelf|Fire Blast|p1a: Bisharp\n|-supereffective|p1a: Bisharp\n|-damage|p1a: Bisharp|0 fnt\n|faint|p1a: Bisharp\n|-damage|p2a: Azelf|93\/257|[from] item: Life Orb\n|\n|upkeep\n|\n|t:|1666593969\n|switch|p1a: Araquanid|Araquanid, L80, M|240\/240\n|turn|3\n|\n|t:|1666593976\n|-start|p2a: Azelf|Dynamax|\n|-heal|p2a: Azelf|186\/514|[silent]\n|move|p2a: Azelf|Max Mindstorm|p1a: Araquanid\n|-damage|p1a: Araquanid|0 fnt\n|-fieldstart|move: Psychic Terrain\n|faint|p1a: Araquanid\n|-damage|p2a: Azelf|161\/514|[from] item: Life Orb\n|\n|upkeep\n|\n|t:|1666593990\n|switch|p1a: Cramorant|Cramorant, L84, F|255\/255\n|turn|4\n|\n|t:|1666593995\n|move|p2a: Azelf|Max Mindstorm|p1a: Cramorant\n|-damage|p1a: Cramorant|0 fnt\n|faint|p1a: Cramorant\n|-damage|p2a: Azelf|136\/514|[from] item: Life Orb\n|\n|upkeep\n|\n|t:|1666593998\n|switch|p1a: Ho-Oh|Ho-Oh, L72|272\/272\n|turn|5\n|\n|t:|1666594003\n|-start|p1a: Ho-Oh|Dynamax|\n|-heal|p1a: Ho-Oh|544\/544|[silent]\n|move|p2a: Azelf|Max Mindstorm|p1a: Ho-Oh\n|-damage|p1a: Ho-Oh|240\/544\n|-damage|p2a: Azelf|111\/514|[from] item: Life Orb\n|move|p1a: Ho-Oh|Max Airstream|p2a: Azelf\n|-damage|p2a: Azelf|0 fnt\n|-boost|p1a: Ho-Oh|spe|1\n|faint|p2a: Azelf\n|\n|upkeep\n|\n|t:|1666594018\n|switch|p2a: Aggron|Aggron, L85, M|258\/258\n|-item|p2a: Aggron|Air Balloon\n|turn|6\n|\n|t:|1666594023\n|move|p1a: Ho-Oh|Max Flare|p2a: Aggron\n|-damage|p2a: Aggron|189\/258\n|-weather|SunnyDay\n|-enditem|p2a: Aggron|Air Balloon\n|move|p2a: Aggron|Head Smash|p1a: Ho-Oh\n|-supereffective|p1a: Ho-Oh\n|-damage|p1a: Ho-Oh|0 fnt\n|faint|p1a: Ho-Oh\n|\n|-weather|SunnyDay|[upkeep]\n|upkeep\n|\n|t:|1666594031\n|switch|p1a: Sylveon|Sylveon, L84, F|297\/297\n|turn|7\n|\n|t:|1666594034\n|move|p1a: Sylveon|Mystical Fire|p2a: Aggron\n|-damage|p2a: Aggron|67\/258\n|-unboost|p2a: Aggron|spa|1\n|move|p2a: Aggron|Heavy Slam|p1a: Sylveon\n|-supereffective|p1a: Sylveon\n|-damage|p1a: Sylveon|0 fnt\n|faint|p1a: Sylveon\n|\n|-weather|SunnyDay|[upkeep]\n|-fieldend|move: Psychic Terrain\n|upkeep\n|\n|t:|1666594040\n|switch|p1a: Beartic|Beartic, L86, F|304\/304\n|turn|8\n|\n|t:|1666594043\n|move|p1a: Beartic|Superpower|p2a: Aggron\n|-supereffective|p2a: Aggron\n|-damage|p2a: Aggron|0 fnt\n|-unboost|p1a: Beartic|atk|1\n|-unboost|p1a: Beartic|def|1\n|faint|p2a: Aggron\n|\n|-weather|SunnyDay|[upkeep]\n|upkeep\n|\n|t:|1666594045\n|switch|p2a: Silvally|Silvally-Fire, L84|297\/297\n|turn|9\n|\n|t:|1666594049\n|move|p2a: Silvally|Multi-Attack|p1a: Beartic\n|-supereffective|p1a: Beartic\n|-damage|p1a: Beartic|0 fnt\n|faint|p1a: Beartic\n|\n|win|AlphaTherai\n|raw|Cupcake Collector's rating: 1528 &rarr; <strong>1507<\/strong><br \/>(-21 for losing)\n|raw|AlphaTherai's rating: 1517 &rarr; <strong>1538<\/strong><br \/>(+21 for winning)\n|l|\u2606Cupcake Collector\n","inputlog":">version 9c5d654b898167f5ae9ca6e9cc2965040adf185e\n>start {\"formatid\":\"gen8randombattle\",\"seed\":[45164,1947,51623,56159],\"rated\":\"Rated battle\"}\n>player p1 {\"name\":\"Cupcake Collector\",\"avatar\":\"cynthia-masters\",\"rating\":1528,\"seed\":[61770,24166,18368,34956]}\n>player p2 {\"name\":\"AlphaTherai\",\"avatar\":\"pokekid\",\"rating\":1517,\"seed\":[16569,46911,25150,12638]}\n>p1 move iciclecrash\n>p2 move nastyplot\n>p1 switch 4\n>p2 move fireblast\n>p1 switch 2\n>p1 move stickyweb\n>p2 move psychic dynamax\n>p1 switch 5\n>p1 move roost\n>p2 move psychic dynamax\n>p1 switch 3\n>p1 move bravebird dynamax\n>p2 move psychic dynamax\n>p2 switch 3\n>p1 move sacredfire dynamax\n>p2 move headsmash\n>p1 switch 6\n>p1 move mysticalfire\n>p2 move heavyslam\n>p1 switch 4\n>p1 move superpower\n>p2 move heavyslam\n>p2 switch 2\n>p1 move stoneedge\n>p2 move multiattack","uploadtime":1666594070,"views":9,"p1id":"cupcakecollector","p2id":"alphatherai","formatid":"gen8randombattle","rating":1507,"private":0,"password":null}