{"id":"gen8randombattle-1670506128","p1":"wav4s","p2":"Arcangel666","format":"gen8randombattle","log":"|j|\u2606wav4s\n|j|\u2606Arcangel666\n|t:|1664170737\n|gametype|singles\n|player|p1|wav4s|265|2010\n|player|p2|Arcangel666|piers|2090\n|teamsize|p1|6\n|teamsize|p2|6\n|gen|8\n|tier|[Gen 8] Random Battle\n|rated|\n|rule|Species Clause: Limit one of each Pok\u00e9mon\n|rule|HP Percentage Mod: HP is shown in percentages\n|rule|Sleep Clause Mod: Limit one foe put to sleep\n|\n|t:|1664170737\n|start\n|switch|p1a: Swoobat|Swoobat, L86, M|255\/255\n|switch|p2a: Cinccino|Cinccino, L84, M|263\/263\n|turn|1\n|inactive|Battle timer is ON: inactive players will automatically lose when time's up. (requested by wav4s)\n|\n|t:|1664170761\n|switch|p1a: Jirachi|Jirachi, L79|288\/288\n|move|p2a: Cinccino|Rock Blast|p1a: Jirachi|[miss]\n|-miss|p2a: Cinccino|p1a: Jirachi\n|\n|upkeep\n|turn|2\n|\n|t:|1664170767\n|switch|p2a: Garbodor|Garbodor, L87, M|281\/281\n|move|p1a: Jirachi|Stealth Rock|p2a: Garbodor\n|-sidestart|p2: Arcangel666|move: Stealth Rock\n|\n|upkeep\n|turn|3\n|\n|t:|1664170787\n|move|p1a: Jirachi|Iron Head|p2a: Garbodor\n|-damage|p2a: Garbodor|203\/281\n|cant|p2a: Garbodor|flinch\n|\n|-heal|p2a: Garbodor|220\/281|[from] item: Black Sludge\n|upkeep\n|turn|4\n|\n|t:|1664170792\n|move|p1a: Jirachi|Iron Head|p2a: Garbodor\n|-damage|p2a: Garbodor|147\/281\n|cant|p2a: Garbodor|flinch\n|\n|-heal|p2a: Garbodor|164\/281|[from] item: Black Sludge\n|upkeep\n|turn|5\n|inactive|wav4s has 120 seconds left.\n|\n|t:|1664170840\n|move|p1a: Jirachi|Iron Head|p2a: Garbodor\n|-damage|p2a: Garbodor|86\/281\n|move|p2a: Garbodor|Pain Split|p1a: Jirachi\n|-sethp|p1a: Jirachi|187\/288|[from] move: Pain Split|[silent]\n|-sethp|p2a: Garbodor|187\/281|[from] move: Pain Split\n|\n|-heal|p1a: Jirachi|205\/288|[from] item: Leftovers\n|-heal|p2a: Garbodor|204\/281|[from] item: Black Sludge\n|upkeep\n|turn|6\n|\n|t:|1664170854\n|switch|p1a: Mamoswine|Mamoswine, L80, M|307\/307\n|move|p2a: Garbodor|Toxic Spikes|p1a: Mamoswine\n|-sidestart|p1: wav4s|move: Toxic Spikes\n|\n|-heal|p2a: Garbodor|221\/281|[from] item: Black Sludge\n|upkeep\n|turn|7\n|inactive|wav4s has 120 seconds left.\n|\n|t:|1664170861\n|switch|p2a: Mandibuzz|Mandibuzz, L82, F|315\/315\n|move|p1a: Mamoswine|Earthquake|p2a: Mandibuzz\n|-immune|p2a: Mandibuzz\n|\n|upkeep\n|turn|8\n|\n|t:|1664170867\n|switch|p1a: Yveltal|Yveltal, L69|288\/288\n|-ability|p1a: Yveltal|Dark Aura\n|move|p2a: Mandibuzz|Foul Play|p1a: Yveltal\n|-resisted|p1a: Yveltal\n|-damage|p1a: Yveltal|207\/288\n|\n|upkeep\n|turn|9\n|\n|t:|1664170870\n|move|p2a: Mandibuzz|Toxic|p1a: Yveltal|[miss]\n|-miss|p2a: Mandibuzz|p1a: Yveltal\n|move|p1a: Yveltal|Knock Off|p2a: Mandibuzz\n|-resisted|p2a: Mandibuzz\n|-damage|p2a: Mandibuzz|263\/315\n|-enditem|p2a: Mandibuzz|Heavy-Duty Boots|[from] move: Knock Off|[of] p1a: Yveltal\n|\n|upkeep\n|turn|10\n|\n|t:|1664170888\n|switch|p1a: Jirachi|Jirachi, L79|205\/288\n|move|p2a: Mandibuzz|Toxic|p1a: Jirachi\n|-immune|p1a: Jirachi\n|\n|-heal|p1a: Jirachi|223\/288|[from] item: Leftovers\n|upkeep\n|turn|11\n|\n|t:|1664170892\n|move|p1a: Jirachi|Toxic|p2a: Mandibuzz\n|-status|p2a: Mandibuzz|tox\n|move|p2a: Mandibuzz|Foul Play|p1a: Jirachi\n|-supereffective|p1a: Jirachi\n|-damage|p1a: Jirachi|43\/288\n|\n|-heal|p1a: Jirachi|61\/288|[from] item: Leftovers\n|-damage|p2a: Mandibuzz|244\/315 tox|[from] psn\n|upkeep\n|turn|12\n|\n|t:|1664170898\n|move|p1a: Jirachi|Iron Head|p2a: Mandibuzz\n|-damage|p2a: Mandibuzz|177\/315 tox\n|move|p2a: Mandibuzz|Foul Play|p1a: Jirachi\n|-supereffective|p1a: Jirachi\n|-damage|p1a: Jirachi|0 fnt\n|faint|p1a: Jirachi\n|\n|-damage|p2a: Mandibuzz|139\/315 tox|[from] psn\n|upkeep\n|\n|t:|1664170903\n|switch|p1a: Cinccino|Cinccino, L84, M|263\/263\n|-status|p1a: Cinccino|psn\n|turn|13\n|\n|t:|1664170908\n|move|p1a: Cinccino|Tail Slap|p2a: Mandibuzz\n|-damage|p2a: Mandibuzz|106\/315 tox\n|-damage|p2a: Mandibuzz|69\/315 tox\n|-damage|p2a: Mandibuzz|36\/315 tox\n|-damage|p2a: Mandibuzz|0 fnt\n|faint|p2a: Mandibuzz\n|-hitcount|p2: Mandibuzz|4\n|\n|-damage|p1a: Cinccino|231\/263 psn|[from] psn\n|upkeep\n|\n|t:|1664170914\n|switch|p2a: Cinccino|Cinccino, L84, M|263\/263\n|-damage|p2a: Cinccino|231\/263|[from] Stealth Rock\n|turn|14\n|\n|t:|1664170918\n|move|p2a: Cinccino|Tail Slap|p1a: Cinccino\n|-damage|p1a: Cinccino|180\/263 psn\n|-damage|p1a: Cinccino|132\/263 psn\n|-damage|p1a: Cinccino|78\/263 psn\n|-damage|p1a: Cinccino|27\/263 psn\n|-damage|p1a: Cinccino|0 fnt\n|faint|p1a: Cinccino\n|-hitcount|p1: Cinccino|5\n|\n|upkeep\n|\n|t:|1664170924\n|switch|p1a: Mamoswine|Mamoswine, L80, M|307\/307\n|-status|p1a: Mamoswine|psn\n|turn|15\n|\n|t:|1664170926\n|move|p2a: Cinccino|Tail Slap|p1a: Mamoswine\n|-damage|p1a: Mamoswine|258\/307 psn\n|-damage|p1a: Mamoswine|209\/307 psn\n|-damage|p1a: Mamoswine|161\/307 psn\n|-damage|p1a: Mamoswine|116\/307 psn\n|-damage|p1a: Mamoswine|68\/307 psn\n|-hitcount|p1a: Mamoswine|5\n|move|p1a: Mamoswine|Earthquake|p2a: Cinccino\n|-damage|p2a: Cinccino|0 fnt\n|faint|p2a: Cinccino\n|\n|-damage|p1a: Mamoswine|30\/307 psn|[from] psn\n|upkeep\n|\n|t:|1664170938\n|switch|p2a: Raikou|Raikou, L80|275\/275\n|-damage|p2a: Raikou|241\/275|[from] Stealth Rock\n|-ability|p2a: Raikou|Pressure\n|turn|16\n|\n|t:|1664170941\n|move|p2a: Raikou|Scald|p1a: Mamoswine\n|-supereffective|p1a: Mamoswine\n|-damage|p1a: Mamoswine|0 fnt\n|faint|p1a: Mamoswine\n|\n|-heal|p2a: Raikou|258\/275|[from] item: Leftovers\n|upkeep\n|\n|t:|1664170943\n|switch|p1a: Swoobat|Swoobat, L86, M|255\/255\n|turn|17\n|\n|t:|1664170946\n|move|p1a: Swoobat|Calm Mind|p1a: Swoobat\n|-boost|p1a: Swoobat|spa|2\n|-boost|p1a: Swoobat|spd|2\n|move|p2a: Raikou|Thunderbolt|p1a: Swoobat\n|-supereffective|p1a: Swoobat\n|-damage|p1a: Swoobat|117\/255\n|\n|-heal|p2a: Raikou|275\/275|[from] item: Leftovers\n|upkeep\n|turn|18\n|\n|t:|1664170950\n|move|p1a: Swoobat|Calm Mind|p1a: Swoobat\n|-boost|p1a: Swoobat|spa|2\n|-boost|p1a: Swoobat|spd|2\n|move|p2a: Raikou|Thunderbolt|p1a: Swoobat\n|-supereffective|p1a: Swoobat\n|-damage|p1a: Swoobat|27\/255\n|\n|upkeep\n|turn|19\n|\n|t:|1664170952\n|move|p1a: Swoobat|Roost|p1a: Swoobat\n|-heal|p1a: Swoobat|155\/255\n|-singleturn|p1a: Swoobat|move: Roost\n|move|p2a: Raikou|Thunderbolt|p1a: Swoobat\n|-damage|p1a: Swoobat|112\/255\n|\n|upkeep\n|turn|20\n|\n|t:|1664170955\n|move|p1a: Swoobat|Roost|p1a: Swoobat\n|-heal|p1a: Swoobat|240\/255\n|-singleturn|p1a: Swoobat|move: Roost\n|move|p2a: Raikou|Calm Mind|p2a: Raikou\n|-boost|p2a: Raikou|spa|1\n|-boost|p2a: Raikou|spd|1\n|\n|upkeep\n|turn|21\n|\n|t:|1664170958\n|move|p1a: Swoobat|Calm Mind|p1a: Swoobat\n|-boost|p1a: Swoobat|spa|2\n|-boost|p1a: Swoobat|spd|2\n|move|p2a: Raikou|Thunderbolt|p1a: Swoobat\n|-supereffective|p1a: Swoobat\n|-damage|p1a: Swoobat|142\/255\n|\n|upkeep\n|turn|22\n|\n|t:|1664170961\n|move|p1a: Swoobat|Stored Power|p2a: Raikou\n|-damage|p2a: Raikou|0 fnt\n|faint|p2a: Raikou\n|\n|upkeep\n|\n|t:|1664170963\n|switch|p2a: Skuntank|Skuntank, L85, F|314\/314\n|-damage|p2a: Skuntank|275\/314|[from] Stealth Rock\n|turn|23\n|\n|t:|1664170973\n|-start|p1a: Swoobat|Dynamax|\n|-heal|p1a: Swoobat|284\/510|[silent]\n|-start|p2a: Skuntank|Dynamax|\n|-heal|p2a: Skuntank|550\/628|[silent]\n|move|p1a: Swoobat|Max Flare|p2a: Skuntank\n|-damage|p2a: Skuntank|136\/628\n|-weather|SunnyDay\n|move|p2a: Skuntank|Max Darkness|p1a: Swoobat\n|-supereffective|p1a: Swoobat\n|-damage|p1a: Swoobat|0 fnt\n|faint|p1a: Swoobat\n|\n|-weather|SunnyDay|[upkeep]\n|-heal|p2a: Skuntank|155\/628|[from] item: Black Sludge\n|upkeep\n|\n|t:|1664170985\n|switch|p1a: Yveltal|Yveltal, L69|207\/288\n|-ability|p1a: Yveltal|Dark Aura\n|turn|24\n|\n|t:|1664170995\n|move|p2a: Skuntank|Max Darkness|p1a: Yveltal\n|-resisted|p1a: Yveltal\n|-damage|p1a: Yveltal|110\/288\n|-unboost|p1a: Yveltal|spd|1\n|move|p1a: Yveltal|Roost|p1a: Yveltal\n|-heal|p1a: Yveltal|254\/288\n|-singleturn|p1a: Yveltal|move: Roost\n|\n|-weather|SunnyDay|[upkeep]\n|-heal|p2a: Skuntank|174\/628|[from] item: Black Sludge\n|upkeep\n|turn|25\n|\n|t:|1664171002\n|move|p2a: Skuntank|Max Ooze|p1a: Yveltal\n|-damage|p1a: Yveltal|152\/288\n|-boost|p2a: Skuntank|spa|1\n|move|p1a: Yveltal|Roost|p1a: Yveltal\n|-heal|p1a: Yveltal|288\/288\n|-singleturn|p1a: Yveltal|move: Roost\n|\n|-weather|SunnyDay|[upkeep]\n|-heal|p2a: Skuntank|193\/628|[from] item: Black Sludge\n|upkeep\n|-end|p2a: Skuntank|Dynamax\n|-heal|p2a: Skuntank|97\/314|[silent]\n|turn|26\n|\n|t:|1664171008\n|move|p2a: Skuntank|Toxic|p1a: Yveltal\n|-status|p1a: Yveltal|tox\n|move|p1a: Yveltal|Oblivion Wing|p2a: Skuntank\n|-damage|p2a: Skuntank|9\/314\n|\n|-weather|SunnyDay|[upkeep]\n|-heal|p2a: Skuntank|28\/314|[from] item: Black Sludge\n|-damage|p1a: Yveltal|270\/288 tox|[from] psn\n|upkeep\n|turn|27\n|\n|t:|1664171013\n|move|p2a: Skuntank|Taunt|p1a: Yveltal\n|-start|p1a: Yveltal|move: Taunt\n|move|p1a: Yveltal|Oblivion Wing|p2a: Skuntank\n|-damage|p2a: Skuntank|0 fnt\n|-heal|p1a: Yveltal|288\/288 tox|[from] drain|[of] p2a: Skuntank\n|faint|p2a: Skuntank\n|\n|-weather|none\n|-damage|p1a: Yveltal|252\/288 tox|[from] psn\n|upkeep\n|\n|t:|1664171018\n|switch|p2a: Garbodor|Garbodor, L87, M|221\/281\n|-damage|p2a: Garbodor|186\/281|[from] Stealth Rock\n|turn|28\n|\n|t:|1664171022\n|move|p2a: Garbodor|Pain Split|p1a: Yveltal\n|-sethp|p1a: Yveltal|219\/288 tox|[from] move: Pain Split|[silent]\n|-sethp|p2a: Garbodor|219\/281|[from] move: Pain Split\n|move|p1a: Yveltal|Knock Off|p2a: Garbodor\n|-damage|p2a: Garbodor|101\/281\n|-enditem|p2a: Garbodor|Black Sludge|[from] move: Knock Off|[of] p1a: Yveltal\n|\n|-damage|p1a: Yveltal|165\/288 tox|[from] psn\n|upkeep\n|turn|29\n|\n|t:|1664171028\n|move|p2a: Garbodor|Pain Split|p1a: Yveltal\n|-sethp|p1a: Yveltal|133\/288 tox|[from] move: Pain Split|[silent]\n|-sethp|p2a: Garbodor|133\/281|[from] move: Pain Split\n|move|p1a: Yveltal|Oblivion Wing|p2a: Garbodor\n|-damage|p2a: Garbodor|55\/281\n|-heal|p1a: Yveltal|192\/288 tox|[from] drain|[of] p2a: Garbodor\n|\n|-damage|p1a: Yveltal|120\/288 tox|[from] psn\n|-end|p1a: Yveltal|move: Taunt\n|upkeep\n|turn|30\n|\n|t:|1664171034\n|move|p1a: Yveltal|Sucker Punch|p2a: Garbodor\n|-damage|p2a: Garbodor|0 fnt\n|-damage|p1a: Yveltal|48\/288 tox|[from] ability: Aftermath|[of] p2a: Garbodor\n|faint|p2a: Garbodor\n|\n|-damage|p1a: Yveltal|0 fnt|[from] psn\n|faint|p1a: Yveltal\n|upkeep\n|\n|t:|1664171038\n|switch|p2a: Lugia|Lugia, L74|279\/279\n|switch|p1a: Comfey|Comfey, L86, F|228\/228\n|-status|p1a: Comfey|psn\n|turn|31\n|\n|t:|1664171049\n|move|p1a: Comfey|Calm Mind|p1a: Comfey\n|-boost|p1a: Comfey|spa|1\n|-boost|p1a: Comfey|spd|1\n|move|p2a: Lugia|Substitute|p2a: Lugia\n|-start|p2a: Lugia|Substitute\n|-damage|p2a: Lugia|210\/279\n|\n|-damage|p1a: Comfey|200\/228 psn|[from] psn\n|upkeep\n|turn|32\n|\n|t:|1664171055\n|move|p1a: Comfey|Calm Mind|p1a: Comfey\n|-boost|p1a: Comfey|spa|1\n|-boost|p1a: Comfey|spd|1\n|move|p2a: Lugia|Roost|p2a: Lugia\n|-heal|p2a: Lugia|279\/279\n|-singleturn|p2a: Lugia|move: Roost\n|\n|-damage|p1a: Comfey|172\/228 psn|[from] psn\n|upkeep\n|turn|33\n|\n|t:|1664171057\n|move|p1a: Comfey|Calm Mind|p1a: Comfey\n|-boost|p1a: Comfey|spa|1\n|-boost|p1a: Comfey|spd|1\n|move|p2a: Lugia|Air Slash|p1a: Comfey\n|-damage|p1a: Comfey|153\/228 psn\n|\n|-damage|p1a: Comfey|125\/228 psn|[from] psn\n|upkeep\n|turn|34\n|\n|t:|1664171061\n|move|p1a: Comfey|Draining Kiss|p2a: Lugia\n|-activate|p2a: Lugia|move: Substitute|[damage]\n|-heal|p1a: Comfey|169\/228 psn|[from] drain|[of] p2a: Lugia\n|-damage|p1a: Comfey|147\/228 psn|[from] item: Life Orb\n|move|p2a: Lugia|Substitute|p2a: Lugia\n|-fail|p2a: Lugia|move: Substitute\n|\n|-damage|p1a: Comfey|119\/228 psn|[from] psn\n|upkeep\n|turn|35\n|\n|t:|1664171067\n|move|p1a: Comfey|Draining Kiss|p2a: Lugia\n|-end|p2a: Lugia|Substitute\n|-heal|p1a: Comfey|128\/228 psn|[from] drain|[of] p2a: Lugia\n|-damage|p1a: Comfey|106\/228 psn|[from] item: Life Orb\n|move|p2a: Lugia|Substitute|p2a: Lugia\n|-start|p2a: Lugia|Substitute\n|-damage|p2a: Lugia|210\/279\n|\n|-damage|p1a: Comfey|78\/228 psn|[from] psn\n|upkeep\n|turn|36\n|\n|t:|1664171072\n|move|p1a: Comfey|Draining Kiss|p2a: Lugia\n|-end|p2a: Lugia|Substitute\n|-heal|p1a: Comfey|130\/228 psn|[from] drain|[of] p2a: Lugia\n|-damage|p1a: Comfey|108\/228 psn|[from] item: Life Orb\n|move|p2a: Lugia|Roost|p2a: Lugia\n|-heal|p2a: Lugia|279\/279\n|-singleturn|p2a: Lugia|move: Roost\n|\n|-damage|p1a: Comfey|80\/228 psn|[from] psn\n|upkeep\n|turn|37\n|\n|t:|1664171080\n|move|p1a: Comfey|Draining Kiss|p2a: Lugia\n|-damage|p2a: Lugia|226\/279\n|-heal|p1a: Comfey|120\/228 psn|[from] drain|[of] p2a: Lugia\n|-damage|p1a: Comfey|98\/228 psn|[from] item: Life Orb\n|move|p2a: Lugia|Air Slash|p1a: Comfey\n|-damage|p1a: Comfey|79\/228 psn\n|\n|-damage|p1a: Comfey|51\/228 psn|[from] psn\n|upkeep\n|turn|38\n|\n|t:|1664171083\n|move|p1a: Comfey|Draining Kiss|p2a: Lugia\n|-damage|p2a: Lugia|105\/279\n|-heal|p1a: Comfey|142\/228 psn|[from] drain|[of] p2a: Lugia\n|-damage|p1a: Comfey|120\/228 psn|[from] item: Life Orb\n|move|p2a: Lugia|Air Slash|p1a: Comfey\n|-damage|p1a: Comfey|101\/228 psn\n|\n|-damage|p1a: Comfey|73\/228 psn|[from] psn\n|upkeep\n|turn|39\n|\n|t:|1664171086\n|move|p1a: Comfey|Draining Kiss|p2a: Lugia\n|-damage|p2a: Lugia|0 fnt\n|-heal|p1a: Comfey|152\/228 psn|[from] drain|[of] p2a: Lugia\n|faint|p2a: Lugia\n|-damage|p1a: Comfey|130\/228 psn|[from] item: Life Orb\n|\n|win|wav4s\n|raw|wav4s's rating: 1989 &rarr; <strong>2015<\/strong><br \/>(+26 for winning)\n|raw|Arcangel666's rating: 2090 &rarr; <strong>2064<\/strong><br \/>(-26 for losing)\n|l|\u2606Arcangel666\n","inputlog":">version 806e56ea67f2f748d4b403b3f5b33d56e25d3f7a\n>start {\"formatid\":\"gen8randombattle\",\"seed\":[52879,41572,43513,11279],\"rated\":\"Rated battle\"}\n>player p1 {\"name\":\"wav4s\",\"avatar\":\"265\",\"rating\":2010,\"seed\":[28165,45523,23050,29131]}\n>player p2 {\"name\":\"Arcangel666\",\"avatar\":\"piers\",\"rating\":2090,\"seed\":[61647,58435,50517,63733]}\n>p1 switch 2\n>p2 move rockblast\n>p1 move stealthrock\n>p2 switch 2\n>p1 move ironhead\n>p2 move toxicspikes\n>p1 move ironhead\n>p2 move painsplit\n>p1 move ironhead\n>p2 move painsplit\n>p1 switch 4\n>p2 move toxicspikes\n>p1 move earthquake\n>p2 switch 6\n>p1 switch 5\n>p2 move foulplay\n>p1 move knockoff\n>p2 move toxic\n>p1 switch 4\n>p2 move toxic\n>p1 move toxic\n>p2 move foulplay\n>p1 move ironhead\n>p2 move foulplay\n>p1 switch 3\n>p1 move tailslap\n>p2 move foulplay\n>p2 switch 2\n>p1 move tailslap\n>p2 move tailslap\n>p1 switch 5\n>p1 move earthquake\n>p2 move tailslap\n>p2 switch 5\n>p1 move earthquake\n>p2 move scald\n>p1 switch 2\n>p1 move calmmind\n>p2 move thunderbolt\n>p1 move calmmind\n>p2 move thunderbolt\n>p1 move roost\n>p2 move thunderbolt\n>p1 move roost\n>p2 move calmmind\n>p1 move calmmind\n>p2 move thunderbolt\n>p1 move storedpower\n>p2 move thunderbolt\n>p2 switch 3\n>p1 move heatwave dynamax\n>p2 move crunch dynamax\n>p1 switch 4\n>p1 move roost\n>p2 move crunch dynamax\n>p1 move roost\n>p2 move poisonjab dynamax\n>p1 move oblivionwing\n>p2 move toxic\n>p1 move oblivionwing\n>p2 move taunt\n>p2 switch 6\n>p1 move knockoff\n>p2 move painsplit\n>p1 move oblivionwing\n>p2 move painsplit\n>p1 move suckerpunch\n>p2 move gunkshot\n>p1 switch 6\n>p2 switch 4\n>p1 move calmmind\n>p2 move substitute\n>p1 move calmmind\n>p2 move roost\n>p1 move calmmind\n>p2 move airslash\n>p1 move drainingkiss\n>p2 move substitute\n>p1 move drainingkiss\n>p2 move substitute\n>p1 move drainingkiss\n>p2 move roost\n>p1 move drainingkiss\n>p2 move airslash\n>p1 move drainingkiss\n>p2 move airslash\n>p1 move drainingkiss\n>p2 move airslash","uploadtime":1664171092,"views":4,"p1id":"wav4s","p2id":"arcangel666","formatid":"gen8randombattle","rating":2015,"private":0,"password":null}