{"id":"gen8randombattle-1697430310","p1":"Zeta41\u2020","p2":"PedroGreg","format":"gen8randombattle","log":"|j|\u2606Zeta41\u2020\n|j|\u2606PedroGreg\n|inactive|Battle timer is ON: inactive players will automatically lose when time's up.\n|t:|1666993525\n|gametype|singles\n|player|p1|Zeta41\u2020|anabel|\n|player|p2|PedroGreg|#wcop2022brazil|\n|teamsize|p1|6\n|teamsize|p2|6\n|gen|8\n|tier|[Gen 8] Random Battle\n|rated|Tournament battle\n|rule|Species Clause: Limit one of each Pok\u00e9mon\n|rule|HP Percentage Mod: HP is shown in percentages\n|rule|Sleep Clause Mod: Limit one foe put to sleep\n|\n|t:|1666993525\n|start\n|switch|p1a: Mienshao|Mienshao, L82, M|241\/241\n|switch|p2a: Moltres|Moltres-Galar, L75|259\/259\n|turn|1\n|c|\u2606Zeta41\u2020|boa sorte\n|c|\u2606PedroGreg|hf\n|\n|t:|1666993538\n|move|p1a: Mienshao|Stone Edge|p2a: Moltres\n|-supereffective|p2a: Moltres\n|-damage|p2a: Moltres|75\/259\n|-ability|p2a: Moltres|Berserk|boost\n|-boost|p2a: Moltres|spa|1\n|move|p2a: Moltres|Hurricane|p1a: Mienshao\n|-supereffective|p1a: Mienshao\n|-crit|p1a: Mienshao\n|-enditem|p1a: Mienshao|Focus Sash\n|-damage|p1a: Mienshao|1\/241\n|\n|upkeep\n|turn|2\n|j| hgfjhjfhf\n|\n|t:|1666993550\n|move|p1a: Mienshao|Close Combat|p2a: Moltres\n|-damage|p2a: Moltres|0 fnt\n|-unboost|p1a: Mienshao|def|1\n|-unboost|p1a: Mienshao|spd|1\n|faint|p2a: Moltres\n|\n|upkeep\n|\n|t:|1666993552\n|switch|p2a: Magearna|Magearna-Original, L76|247\/247\n|turn|3\n|\n|t:|1666993557\n|move|p1a: Mienshao|Close Combat|p2a: Magearna\n|-damage|p2a: Magearna|123\/247\n|-unboost|p1a: Mienshao|def|1\n|-unboost|p1a: Mienshao|spd|1\n|move|p2a: Magearna|Agility|p2a: Magearna\n|-boost|p2a: Magearna|spe|2\n|\n|-heal|p2a: Magearna|138\/247|[from] item: Leftovers\n|upkeep\n|turn|4\n|\n|t:|1666993565\n|move|p2a: Magearna|Flash Cannon|p1a: Mienshao\n|-damage|p1a: Mienshao|0 fnt\n|faint|p1a: Mienshao\n|-ability|p2a: Magearna|Soul-Heart|boost\n|-boost|p2a: Magearna|spa|1\n|\n|-heal|p2a: Magearna|153\/247|[from] item: Leftovers\n|upkeep\n|\n|t:|1666993568\n|switch|p1a: Entei|Entei, L78|307\/307\n|turn|5\n|\n|t:|1666993576\n|switch|p2a: Uxie|Uxie, L82|257\/257\n|move|p1a: Entei|Sacred Fire|p2a: Uxie\n|-damage|p2a: Uxie|142\/257\n|-status|p2a: Uxie|brn\n|\n|-heal|p2a: Uxie|158\/257 brn|[from] item: Leftovers\n|-damage|p2a: Uxie|142\/257 brn|[from] brn\n|upkeep\n|turn|6\n|\n|t:|1666993581\n|move|p2a: Uxie|Yawn|p1a: Entei\n|-start|p1a: Entei|move: Yawn|[of] p2a: Uxie\n|move|p1a: Entei|Sacred Fire|p2a: Uxie\n|-damage|p2a: Uxie|22\/257 brn\n|\n|-heal|p2a: Uxie|38\/257 brn|[from] item: Leftovers\n|-damage|p2a: Uxie|22\/257 brn|[from] brn\n|upkeep\n|turn|7\n|\n|t:|1666993589\n|switch|p1a: Regice|Regice, L84|271\/271\n|move|p2a: Uxie|Knock Off|p1a: Regice\n|-damage|p1a: Regice|246\/271\n|-enditem|p1a: Regice|Leftovers|[from] move: Knock Off|[of] p2a: Uxie\n|\n|-heal|p2a: Uxie|38\/257 brn|[from] item: Leftovers\n|-damage|p2a: Uxie|22\/257 brn|[from] brn\n|upkeep\n|turn|8\n|j| Diantha>Cynthia\n|\n|t:|1666993598\n|move|p2a: Uxie|Yawn|p1a: Regice\n|-start|p1a: Regice|move: Yawn|[of] p2a: Uxie\n|move|p1a: Regice|Thunderbolt|p2a: Uxie\n|-damage|p2a: Uxie|0 fnt\n|faint|p2a: Uxie\n|\n|upkeep\n|\n|t:|1666993604\n|switch|p2a: Polteageist|Polteageist, L78|222\/222\n|turn|9\n|n| Boletto14|dianthacynthia\n|\n|t:|1666993614\n|move|p2a: Polteageist|Shell Smash|p2a: Polteageist\n|-unboost|p2a: Polteageist|def|1\n|-unboost|p2a: Polteageist|spd|1\n|-boost|p2a: Polteageist|atk|2\n|-boost|p2a: Polteageist|spa|2\n|-boost|p2a: Polteageist|spe|2\n|-enditem|p2a: Polteageist|White Herb\n|-clearnegativeboost|p2a: Polteageist|[silent]\n|move|p1a: Regice|Ice Beam|p2a: Polteageist\n|-damage|p2a: Polteageist|134\/222\n|\n|-end|p1a: Regice|move: Yawn|[silent]\n|-status|p1a: Regice|slp\n|upkeep\n|turn|10\n|\n|t:|1666993624\n|move|p2a: Polteageist|Shell Smash|p2a: Polteageist\n|-unboost|p2a: Polteageist|def|1\n|-unboost|p2a: Polteageist|spd|1\n|-boost|p2a: Polteageist|atk|2\n|-boost|p2a: Polteageist|spa|2\n|-boost|p2a: Polteageist|spe|2\n|cant|p1a: Regice|slp\n|move|p1a: Regice|Sleep Talk|p1a: Regice\n|move|p1a: Regice|Thunderbolt|p2a: Polteageist|[from]move: Sleep Talk\n|-damage|p2a: Polteageist|50\/222\n|-start|p1a: Regice|Disable|Sleep Talk|[from] ability: Cursed Body|[of] p2a: Polteageist\n|\n|upkeep\n|turn|11\n|\n|t:|1666993637\n|-start|p2a: Polteageist|Dynamax|\n|-heal|p2a: Polteageist|100\/444|[silent]\n|move|p2a: Polteageist|Max Phantasm|p1a: Regice\n|-damage|p1a: Regice|0 fnt\n|faint|p1a: Regice\n|\n|upkeep\n|\n|t:|1666993646\n|switch|p1a: Arctozolt|Arctozolt, L86|295\/295\n|turn|12\n|\n|t:|1666993660\n|-start|p1a: Arctozolt|Dynamax|\n|-heal|p1a: Arctozolt|590\/590|[silent]\n|move|p2a: Polteageist|Max Phantasm|p1a: Arctozolt\n|-damage|p1a: Arctozolt|133\/590\n|-unboost|p1a: Arctozolt|def|1\n|move|p1a: Arctozolt|Max Hailstorm|p2a: Polteageist\n|-damage|p2a: Polteageist|0 fnt\n|-weather|Hail\n|faint|p2a: Polteageist\n|\n|-weather|Hail|[upkeep]\n|upkeep\n|\n|t:|1666993679\n|switch|p2a: Magearna|Magearna-Original, L76|153\/247\n|turn|13\n|\n|t:|1666993684\n|move|p1a: Arctozolt|Max Lightning|p2a: Magearna\n|-damage|p2a: Magearna|21\/247\n|-fieldstart|move: Electric Terrain\n|move|p2a: Magearna|Agility|p2a: Magearna\n|-boost|p2a: Magearna|spe|2\n|\n|-weather|Hail|[upkeep]\n|-damage|p2a: Magearna|6\/247|[from] Hail\n|-heal|p2a: Magearna|21\/247|[from] item: Leftovers\n|upkeep\n|turn|14\n|\n|t:|1666993690\n|move|p2a: Magearna|Flash Cannon|p1a: Arctozolt\n|-damage|p1a: Arctozolt|45\/590\n|move|p1a: Arctozolt|Max Lightning|p2a: Magearna\n|-damage|p2a: Magearna|0 fnt\n|faint|p2a: Magearna\n|\n|-weather|Hail|[upkeep]\n|upkeep\n|j| rainbow~\u273fchair\n|c| rainbow~\u273fchair|oi pedro grego\n|\n|t:|1666993696\n|switch|p2a: Magnezone|Magnezone, L84|255\/255\n|-end|p1a: Arctozolt|Dynamax\n|-heal|p1a: Arctozolt|23\/295|[silent]\n|turn|15\n|c|\u2606PedroGreg|oioi\n|\n|t:|1666993703\n|move|p2a: Magnezone|Thunderbolt|p1a: Arctozolt\n|-heal|p1a: Arctozolt|96\/295|[from] ability: Volt Absorb|[of] p2a: Magnezone\n|move|p1a: Arctozolt|Bolt Beak|p2a: Magnezone\n|-resisted|p2a: Magnezone\n|-damage|p2a: Magnezone|206\/255\n|\n|-weather|Hail|[upkeep]\n|-damage|p2a: Magnezone|191\/255|[from] Hail\n|upkeep\n|turn|16\n|\n|t:|1666993709\n|move|p2a: Magnezone|Flash Cannon|p1a: Arctozolt\n|-damage|p1a: Arctozolt|0 fnt\n|faint|p1a: Arctozolt\n|\n|-weather|none\n|upkeep\n|\n|t:|1666993712\n|switch|p1a: Entei|Entei, L78|307\/307\n|turn|17\n|j| pi ~ BOO ~ hat \u263d\n|\n|t:|1666993716\n|move|p1a: Entei|Flare Blitz|p2a: Magnezone\n|-supereffective|p2a: Magnezone\n|-damage|p2a: Magnezone|0 fnt\n|faint|p2a: Magnezone\n|-damage|p1a: Entei|244\/307|[from] Recoil\n|\n|-fieldend|move: Electric Terrain\n|upkeep\n|\n|t:|1666993719\n|switch|p2a: Exeggutor|Exeggutor-Alola, L87, F|307\/307\n|-item|p1a: Entei|Choice Band|[from] ability: Frisk|[of] p2a: Exeggutor|[identify]\n|turn|18\n|\n|t:|1666993722\n|move|p1a: Entei|Flare Blitz|p2a: Exeggutor\n|-damage|p2a: Exeggutor|117\/307\n|-status|p2a: Exeggutor|brn\n|-damage|p1a: Entei|181\/307|[from] Recoil\n|move|p2a: Exeggutor|Trick Room|p2a: Exeggutor\n|-fieldstart|move: Trick Room|[of] p2a: Exeggutor\n|\n|-damage|p2a: Exeggutor|98\/307 brn|[from] brn\n|upkeep\n|turn|19\n|\n|t:|1666993724\n|move|p2a: Exeggutor|Draco Meteor|p1a: Entei\n|-damage|p1a: Entei|0 fnt\n|-unboost|p2a: Exeggutor|spa|2\n|faint|p1a: Entei\n|-damage|p2a: Exeggutor|68\/307 brn|[from] item: Life Orb\n|\n|-damage|p2a: Exeggutor|49\/307 brn|[from] brn\n|upkeep\n|c| rainbow~\u273fchair|f\u00e9\n|\n|t:|1666993733\n|switch|p1a: Stonjourner|Stonjourner, L88, F|319\/319\n|turn|20\n|\n|t:|1666993739\n|move|p2a: Exeggutor|Giga Drain|p1a: Stonjourner\n|-supereffective|p1a: Stonjourner\n|-damage|p1a: Stonjourner|12\/319\n|-heal|p2a: Exeggutor|203\/307 brn|[from] drain|[of] p1a: Stonjourner\n|-damage|p2a: Exeggutor|173\/307 brn|[from] item: Life Orb\n|move|p1a: Stonjourner|Heat Crash|p2a: Exeggutor\n|-damage|p2a: Exeggutor|126\/307 brn\n|-damage|p1a: Stonjourner|0 fnt|[from] item: Life Orb\n|faint|p1a: Stonjourner\n|\n|-damage|p2a: Exeggutor|107\/307 brn|[from] brn\n|upkeep\n|\n|t:|1666993741\n|switch|p1a: Aerodactyl|Aerodactyl, L82, M|265\/265\n|-ability|p1a: Aerodactyl|Unnerve\n|turn|21\n|c| rainbow~\u273fchair|f\u00e9\n|c| rainbow~\u273fchair|for\u00e7a\n|\n|t:|1666993747\n|move|p2a: Exeggutor|Draco Meteor|p1a: Aerodactyl|[miss]\n|-miss|p2a: Exeggutor|p1a: Aerodactyl\n|move|p1a: Aerodactyl|Dual Wingbeat|p2a: Exeggutor\n|-supereffective|p2a: Exeggutor\n|-damage|p2a: Exeggutor|0 fnt\n|faint|p2a: Exeggutor\n|-hitcount|p2: Exeggutor|1\n|\n|win|Zeta41\u2020\n|n|\u2606Zeta41\u2020|zeta41\n|n|\u2606PedroGreg|pedrogreg\n|n| hgfjhjfhf|hgfjhjfhf\n|n| Boletto14|boletto14\n|n| rainbow~\u273fchair|rainbowchair\n|n| pi ~ BOO ~ hat \u263d|piboohat\n|c| rainbow~\u273fchair|f\u00e9\n|c| rainbow~\u273fchair|for\u00e7a\n|c|\u2606PedroGreg|gg\n|l|\u2606PedroGreg\n|c|\u2606Zeta41\u2020|ggwp\n|l|\u2606Zeta41\u2020\n|l| pi ~ BOO ~ hat \u263d\n|j| E63593\n|l| Boletto14\n|l| E63593\n|l| hgfjhjfhf\n","inputlog":">version 855bee47758c8e203fce9c72050fbccc525688e2\n>start {\"formatid\":\"gen8randombattle\",\"seed\":[62723,65532,26021,21408],\"rated\":\"Tournament battle\"}\n>player p1 {\"name\":\"Zeta41\u2020\",\"avatar\":\"anabel\",\"rating\":0,\"seed\":[12553,13214,19406,31010]}\n>player p2 {\"name\":\"PedroGreg\",\"avatar\":\"#wcop2022brazil\",\"rating\":0,\"seed\":[12721,42323,22103,34926]}\n>chat \u2606Zeta41\u2020|boa sorte\n>chat \u2606PedroGreg|hf\n>p1 move stoneedge\n>p2 move hurricane\n>p1 move closecombat\n>p2 move fierywrath\n>p2 switch 4\n>p1 move closecombat\n>p2 move agility\n>p1 move closecombat\n>p2 move flashcannon\n>p1 switch 5\n>p1 move sacredfire\n>p2 switch 5\n>p1 move sacredfire\n>p2 move yawn\n>p1 switch 6\n>p2 move knockoff\n>p1 move thunderbolt\n>p2 move yawn\n>p2 switch 2\n>p1 move icebeam\n>p2 move shellsmash\n>p1 move sleeptalk\n>p2 move shellsmash\n>p1 move icebeam\n>p2 move shadowball dynamax\n>p1 switch 2\n>p1 move iciclecrash dynamax\n>p2 move shadowball dynamax\n>p2 switch 5\n>p1 move boltbeak dynamax\n>p2 move agility\n>p1 move boltbeak dynamax\n>p2 move flashcannon\n>chat  rainbow~\u273fchair|oi pedro grego\n>p2 switch 3\n>chat \u2606PedroGreg|oioi\n>p1 move boltbeak\n>p2 move thunderbolt\n>chat  rainbow~\u273fchair|.\n>p1 move iciclecrash\n>p2 move flashcannon\n>p1 switch 6\n>p1 move flareblitz\n>p2 move thunderbolt\n>p2 switch 6\n>p1 move flareblitz\n>p2 move trickroom\n>p1 move flareblitz\n>p2 move dracometeor\n>chat  rainbow~\u273fchair|f\u00e9\n>p1 switch 3\n>p1 move heatcrash\n>p2 move gigadrain\n>p1 switch 4\n>chat  rainbow~\u273fchair|f\u00e9\n>chat  rainbow~\u273fchair|for\u00e7a\n>p1 move dualwingbeat\n>p2 move dracometeor","uploadtime":1666993748,"views":12,"p1id":"zeta41","p2id":"pedrogreg","formatid":"gen8randombattle","rating":0,"private":0,"password":null}