{"id":"gen8randombattle-1214918447","p1":"exfir","p2":"SpookyHard","format":"gen8randombattle","log":"|j|\u2606exfir\n|j|\u2606SpookyHard\n|t:|1604327840\n|player|p1|exfir|265|1773\n|player|p2|SpookyHard|ethan|1764\n|teamsize|p1|6\n|teamsize|p2|6\n|gametype|singles\n|gen|8\n|tier|[Gen 8] Random Battle\n|rated|\n|rule|Species Clause: Limit one of each Pok\u00e9mon\n|rule|HP Percentage Mod: HP is shown in percentages\n|rule|Sleep Clause Mod: Limit one foe put to sleep\n|\n|t:|1604327840\n|start\n|switch|p1a: Cresselia|Cresselia, L82, F|331\/331\n|switch|p2a: Qwilfish|Qwilfish, L88, M|258\/258\n|-ability|p2a: Qwilfish|Intimidate|boost\n|-unboost|p1a: Cresselia|atk|1\n|turn|1\n|inactive|Battle timer is ON: inactive players will automatically lose when time's up. (requested by SpookyHard)\n|inactive|exfir has 120 seconds left.\n|\n|t:|1604327901\n|switch|p1a: Pikachu|Pikachu-Alola, L88, M|205\/205\n|move|p2a: Qwilfish|Toxic Spikes|p1a: Pikachu\n|-sidestart|p1: exfir|move: Toxic Spikes\n|\n|upkeep\n|turn|2\n|\n|t:|1604327915\n|switch|p2a: Landorus|Landorus, L76, M|260\/260\n|move|p1a: Pikachu|Volt Tackle|p2a: Landorus\n|-immune|p2a: Landorus\n|\n|upkeep\n|turn|3\n|\n|t:|1604327922\n|move|p1a: Pikachu|Surf|p2a: Landorus\n|-supereffective|p2a: Landorus\n|-damage|p2a: Landorus|52\/260\n|move|p2a: Landorus|Earth Power|p1a: Pikachu\n|-supereffective|p1a: Pikachu\n|-damage|p1a: Pikachu|0 fnt\n|faint|p1a: Pikachu\n|\n|upkeep\n|\n|t:|1604327938\n|switch|p1a: Cresselia|Cresselia, L82, F|331\/331\n|turn|4\n|\n|t:|1604327957\n|switch|p2a: Shiftry|Shiftry, L84, M|288\/288\n|move|p1a: Cresselia|Calm Mind|p1a: Cresselia\n|-boost|p1a: Cresselia|spa|1\n|-boost|p1a: Cresselia|spd|1\n|\n|upkeep\n|turn|5\n|\n|t:|1604327969\n|switch|p2a: Lapras|Lapras, L88, M|371\/371\n|move|p1a: Cresselia|Calm Mind|p1a: Cresselia\n|-boost|p1a: Cresselia|spa|1\n|-boost|p1a: Cresselia|spd|1\n|\n|upkeep\n|turn|6\n|\n|t:|1604327975\n|move|p1a: Cresselia|Psyshock|p2a: Lapras\n|-damage|p2a: Lapras|233\/371\n|move|p2a: Lapras|Toxic|p1a: Cresselia\n|-status|p1a: Cresselia|tox\n|\n|-heal|p2a: Lapras|256\/371|[from] item: Leftovers\n|-damage|p1a: Cresselia|311\/331 tox|[from] psn\n|upkeep\n|turn|7\n|\n|t:|1604327985\n|switch|p2a: Shiftry|Shiftry, L84, M|288\/288\n|move|p1a: Cresselia|Calm Mind|p1a: Cresselia\n|-boost|p1a: Cresselia|spa|1\n|-boost|p1a: Cresselia|spd|1\n|\n|-heal|p1a: Cresselia|331\/331 tox|[from] item: Leftovers\n|-damage|p1a: Cresselia|291\/331 tox|[from] psn\n|upkeep\n|turn|8\n|\n|t:|1604327994\n|move|p2a: Shiftry|Sucker Punch|p1a: Cresselia\n|-supereffective|p1a: Cresselia\n|-damage|p1a: Cresselia|132\/331 tox\n|-damage|p2a: Shiftry|260\/288|[from] item: Life Orb\n|move|p1a: Cresselia|Moonblast|p2a: Shiftry\n|-supereffective|p2a: Shiftry\n|-damage|p2a: Shiftry|0 fnt\n|faint|p2a: Shiftry\n|\n|-heal|p1a: Cresselia|152\/331 tox|[from] item: Leftovers\n|-damage|p1a: Cresselia|92\/331 tox|[from] psn\n|upkeep\n|\n|t:|1604328007\n|switch|p2a: Lapras|Lapras, L88, M|256\/371\n|turn|9\n|\n|t:|1604328011\n|move|p2a: Lapras|Protect|p2a: Lapras\n|-singleturn|p2a: Lapras|Protect\n|move|p1a: Cresselia|Moonlight|p1a: Cresselia\n|-heal|p1a: Cresselia|257\/331 tox\n|\n|-heal|p1a: Cresselia|277\/331 tox|[from] item: Leftovers\n|-heal|p2a: Lapras|279\/371|[from] item: Leftovers\n|-damage|p1a: Cresselia|197\/331 tox|[from] psn\n|upkeep\n|turn|10\n|\n|t:|1604328022\n|move|p1a: Cresselia|Psyshock|p2a: Lapras\n|-damage|p2a: Lapras|113\/371\n|move|p2a: Lapras|Sparkling Aria|p1a: Cresselia\n|-damage|p1a: Cresselia|170\/331 tox\n|\n|-heal|p1a: Cresselia|190\/331 tox|[from] item: Leftovers\n|-heal|p2a: Lapras|136\/371|[from] item: Leftovers\n|-damage|p1a: Cresselia|90\/331 tox|[from] psn\n|upkeep\n|turn|11\n|\n|t:|1604328038\n|switch|p1a: Yveltal|Yveltal, L74|307\/307\n|-ability|p1a: Yveltal|Dark Aura\n|move|p2a: Lapras|Sparkling Aria|p1a: Yveltal\n|-damage|p1a: Yveltal|244\/307\n|\n|-heal|p2a: Lapras|159\/371|[from] item: Leftovers\n|upkeep\n|turn|12\n|\n|t:|1604328048\n|move|p1a: Yveltal|Knock Off|p2a: Lapras\n|-damage|p2a: Lapras|24\/371\n|-enditem|p2a: Lapras|Leftovers|[from] move: Knock Off|[of] p1a: Yveltal\n|move|p2a: Lapras|Ice Beam|p1a: Yveltal\n|-supereffective|p1a: Yveltal\n|-damage|p1a: Yveltal|110\/307\n|\n|upkeep\n|turn|13\n|\n|t:|1604328057\n|move|p1a: Yveltal|Oblivion Wing|p2a: Lapras\n|-damage|p2a: Lapras|0 fnt\n|-heal|p1a: Yveltal|128\/307|[from] drain|[of] p2a: Lapras\n|faint|p2a: Lapras\n|\n|upkeep\n|\n|t:|1604328078\n|switch|p2a: Rapidash|Rapidash-Galar, L88, F|258\/258\n|turn|14\n|\n|t:|1604328092\n|move|p2a: Rapidash|Play Rough|p1a: Yveltal\n|-supereffective|p1a: Yveltal\n|-damage|p1a: Yveltal|0 fnt\n|-damage|p2a: Rapidash|233\/258|[from] item: Life Orb\n|faint|p1a: Yveltal\n|\n|upkeep\n|\n|t:|1604328098\n|switch|p1a: Avalugg|Avalugg, L88, F|310\/310\n|turn|15\n|\n|t:|1604328105\n|move|p2a: Rapidash|Zen Headbutt|p1a: Avalugg\n|-damage|p1a: Avalugg|246\/310\n|-damage|p2a: Rapidash|208\/258|[from] item: Life Orb\n|move|p1a: Avalugg|Rapid Spin|p2a: Rapidash\n|-damage|p2a: Rapidash|158\/258\n|-boost|p1a: Avalugg|spe|1\n|-sideend|p1: exfir|Toxic Spikes|[from] move: Rapid Spin|[of] p1a: Avalugg\n|\n|upkeep\n|turn|16\n|\n|t:|1604328116\n|move|p2a: Rapidash|Morning Sun|p2a: Rapidash\n|-heal|p2a: Rapidash|258\/258\n|move|p1a: Avalugg|Avalanche|p2a: Rapidash\n|-damage|p2a: Rapidash|164\/258\n|\n|upkeep\n|turn|17\n|\n|t:|1604328128\n|switch|p2a: Qwilfish|Qwilfish, L88, M|258\/258\n|-ability|p2a: Qwilfish|Intimidate|boost\n|-unboost|p1a: Avalugg|atk|1\n|move|p1a: Avalugg|Avalanche|p2a: Qwilfish\n|-resisted|p2a: Qwilfish\n|-damage|p2a: Qwilfish|234\/258\n|\n|upkeep\n|turn|18\n|\n|t:|1604328135\n|switch|p1a: Zygarde|Zygarde-10%, L86|233\/233\n|-ability|p1a: Zygarde|Aura Break\n|move|p2a: Qwilfish|Toxic Spikes|p1a: Zygarde\n|-sidestart|p1: exfir|move: Toxic Spikes\n|\n|upkeep\n|turn|19\n|\n|t:|1604328144\n|switch|p2a: Rapidash|Rapidash-Galar, L88, F|164\/258\n|move|p1a: Zygarde|Coil|p1a: Zygarde\n|-boost|p1a: Zygarde|atk|1\n|-boost|p1a: Zygarde|def|1\n|-boost|p1a: Zygarde|accuracy|1\n|\n|upkeep\n|turn|20\n|\n|t:|1604328157\n|-start|p1a: Zygarde|Dynamax\n|-heal|p1a: Zygarde|466\/466|[silent]\n|move|p1a: Zygarde|Max Quake|p2a: Rapidash\n|-damage|p2a: Rapidash|0 fnt\n|-boost|p1a: Zygarde|spd|1\n|-damage|p1a: Zygarde|443\/466|[from] item: Life Orb\n|faint|p2a: Rapidash\n|\n|upkeep\n|\n|t:|1604328173\n|switch|p2a: Qwilfish|Qwilfish, L88, M|234\/258\n|-ability|p2a: Qwilfish|Intimidate|boost\n|-unboost|p1a: Zygarde|atk|1\n|turn|21\n|\n|t:|1604328178\n|switch|p2a: Landorus|Landorus, L76, M|52\/260\n|move|p1a: Zygarde|Max Wyrmwind|p2a: Landorus\n|-damage|p2a: Landorus|0 fnt\n|-damage|p1a: Zygarde|420\/466|[from] item: Life Orb\n|faint|p2a: Landorus\n|\n|upkeep\n|\n|t:|1604328184\n|switch|p2a: Togekiss|Togekiss, L80, F|267\/267\n|turn|22\n|\n|t:|1604328192\n|-start|p2a: Togekiss|Dynamax\n|-heal|p2a: Togekiss|534\/534|[silent]\n|move|p1a: Zygarde|Max Strike|p2a: Togekiss\n|-damage|p2a: Togekiss|409\/534\n|-unboost|p2a: Togekiss|spe|1\n|-damage|p1a: Zygarde|397\/466|[from] item: Life Orb\n|move|p2a: Togekiss|Max Airstream|p1a: Zygarde\n|-damage|p1a: Zygarde|304\/466\n|-boost|p2a: Togekiss|spe|1\n|\n|-end|p1a: Zygarde|Dynamax\n|-heal|p1a: Zygarde|152\/233|[silent]\n|upkeep\n|turn|23\n|\n|t:|1604328206\n|move|p1a: Zygarde|Thousand Arrows|p2a: Togekiss\n|-damage|p2a: Togekiss|267\/534\n|-start|p2a: Togekiss|Smack Down\n|-damage|p1a: Zygarde|129\/233|[from] item: Life Orb\n|move|p2a: Togekiss|Max Airstream|p1a: Zygarde\n|-damage|p1a: Zygarde|21\/233\n|-boost|p2a: Togekiss|spe|1\n|\n|upkeep\n|turn|24\n|\n|t:|1604328217\n|move|p1a: Zygarde|Extreme Speed|p2a: Togekiss\n|-damage|p2a: Togekiss|192\/534\n|-damage|p1a: Zygarde|0 fnt|[from] item: Life Orb\n|faint|p1a: Zygarde\n|move|p2a: Togekiss|Max Airstream|p1: Zygarde|[notarget]\n|-fail|p2a: Togekiss\n|\n|-end|p2a: Togekiss|Dynamax\n|-heal|p2a: Togekiss|96\/267|[silent]\n|upkeep\n|\n|t:|1604328226\n|switch|p1a: Avalugg|Avalugg, L88, F|246\/310\n|turn|25\n|\n|t:|1604328236\n|move|p2a: Togekiss|Roost|p2a: Togekiss\n|-heal|p2a: Togekiss|230\/267\n|-singleturn|p2a: Togekiss|move: Roost\n|move|p1a: Avalugg|Rapid Spin|p2a: Togekiss\n|-damage|p2a: Togekiss|183\/267\n|-boost|p1a: Avalugg|spe|1\n|-sideend|p1: exfir|Toxic Spikes|[from] move: Rapid Spin|[of] p1a: Avalugg\n|\n|upkeep\n|turn|26\n|\n|t:|1604328248\n|move|p2a: Togekiss|Aura Sphere|p1a: Avalugg\n|-supereffective|p1a: Avalugg\n|-damage|p1a: Avalugg|52\/310\n|move|p1a: Avalugg|Avalanche|p2a: Togekiss\n|-supereffective|p2a: Togekiss\n|-damage|p2a: Togekiss|0 fnt\n|faint|p2a: Togekiss\n|\n|upkeep\n|\n|t:|1604328254\n|switch|p2a: Qwilfish|Qwilfish, L88, M|234\/258\n|-ability|p2a: Qwilfish|Intimidate|boost\n|-unboost|p1a: Avalugg|atk|1\n|turn|27\n|\n|t:|1604328258\n|switch|p1a: Barraskewda|Barraskewda, L84, F|240\/240\n|move|p2a: Qwilfish|Waterfall|p1a: Barraskewda\n|-resisted|p1a: Barraskewda\n|-damage|p1a: Barraskewda|180\/240\n|\n|upkeep\n|turn|28\n|\n|t:|1604328264\n|move|p1a: Barraskewda|Psychic Fangs|p2a: Qwilfish\n|-supereffective|p2a: Qwilfish\n|-damage|p2a: Qwilfish|38\/258\n|move|p2a: Qwilfish|Thunder Wave|p1a: Barraskewda\n|-status|p1a: Barraskewda|par\n|\n|upkeep\n|turn|29\n|\n|t:|1604328270\n|move|p2a: Qwilfish|Waterfall|p1a: Barraskewda\n|-resisted|p1a: Barraskewda\n|-damage|p1a: Barraskewda|114\/240 par\n|move|p1a: Barraskewda|Psychic Fangs|p2a: Qwilfish\n|-supereffective|p2a: Qwilfish\n|-damage|p2a: Qwilfish|0 fnt\n|faint|p2a: Qwilfish\n|\n|win|exfir\n|l|\u2606SpookyHard\n||Ladder (probably) updated, but score could not be retrieved (Request timeout).\n","inputlog":">version 7dab0d766db9d5d808fe71c18b05d55b2cd0549e\n>start {\"formatid\":\"gen8randombattle\",\"seed\":[24493,26662,60969,9562],\"rated\":\"Rated battle\"}\n>player p1 {\"name\":\"exfir\",\"avatar\":\"265\",\"team\":\"\",\"rating\":1773,\"seed\":[35799,54424,64445,23723]}\n>player p2 {\"name\":\"SpookyHard\",\"avatar\":\"ethan\",\"team\":\"\",\"rating\":1764,\"seed\":[49164,58281,59740,38932]}\n>p1 switch 5\n>p2 move toxicspikes\n>p1 move volttackle\n>p2 switch 4\n>p1 move surf\n>p2 move earthpower\n>p1 switch 5\n>p1 move calmmind\n>p2 switch 6\n>p1 move calmmind\n>p2 switch 2\n>p1 move psyshock\n>p2 move toxic\n>p1 move calmmind\n>p2 switch 2\n>p1 move moonblast\n>p2 move suckerpunch\n>p2 switch 2\n>p1 move moonlight\n>p2 move protect\n>p1 move psyshock\n>p2 move sparklingaria\n>p1 switch 4\n>p2 move sparklingaria\n>p1 move knockoff\n>p2 move icebeam\n>p1 move oblivionwing\n>p2 move toxic\n>p2 switch 3\n>p1 move oblivionwing\n>p2 move playrough\n>p1 switch 2\n>p1 move rapidspin\n>p2 move zenheadbutt\n>p1 move avalanche\n>p2 move morningsun\n>p1 move avalanche\n>p2 switch 4\n>p1 switch 3\n>p2 move toxicspikes\n>p1 move coil\n>p2 switch 4\n>p1 move thousandarrows dynamax\n>p2 move playrough\n>p2 switch 4\n>p1 move outrage dynamax\n>p2 switch 6\n>p2 switch 5\n>p1 move extremespeed dynamax\n>p2 move airslash dynamax\n>p1 move thousandarrows\n>p2 move airslash dynamax\n>p1 move extremespeed\n>p2 move airslash dynamax\n>p1 switch 3\n>p1 move rapidspin\n>p2 move roost\n>p1 move avalanche\n>p2 move aurasphere\n>p2 switch 6\n>p1 switch 6\n>p2 move waterfall\n>p1 move psychicfangs\n>p2 move thunderwave\n>p1 move psychicfangs\n>p2 move waterfall","uploadtime":1604328285,"views":2,"p1id":"exfir","p2id":"spookyhard","formatid":"gen8randombattle","rating":0,"private":0,"password":null}