{"id":"gen8randomdoublesbattle-1189560646","p1":"Chickpiee","p2":"Raj 00","format":"gen8randomdoublesbattle","log":"|j|\u2606Chickpiee\n|j|\u2606Raj 00\n|t:|1600514075\n|player|p1|Chickpiee|caitlin|\n|player|p2|Raj 00|theroyal|\n|teamsize|p1|6\n|teamsize|p2|6\n|gametype|doubles\n|gen|8\n|tier|[Gen 8] Random Doubles Battle\n|rated|Tournament battle\n|rule|Species Clause: Limit one of each Pok\u00e9mon\n|rule|HP Percentage Mod: HP is shown in percentages\n|\n|t:|1600514075\n|start\n|switch|p1a: Trevenant|Trevenant, L88, M|293\/293\n|switch|p1b: Toxapex|Toxapex, L88, F|231\/231\n|switch|p2a: Liepard|Liepard, L86, F|250\/250\n|switch|p2b: Jirachi|Jirachi, L76|277\/277\n|turn|1\n|j| kunjhu\n|inactive|Battle timer is ON: inactive players will automatically lose when time's up. (requested by Chickpiee)\n|j| ssbgog\n|j| dinesh raj gujjula\n|j| Helonium\n|j| Harshal~08\n|j| Sanskriti99\n|j| Radifgo 2.O\n|c|\u2606Chickpiee|Hf Agent\n|raw|<div class=\"broadcast-red\"><strong>Moderated chat was set to +!<\/strong><br \/>Only users of rank + and higher can talk.<\/div>\n|c|\u2606Raj 00|you too agent\n|inactive|Chickpiee has 120 seconds left.\n|\n|t:|1600514110\n|move|p2a: Liepard|Taunt|p1a: Trevenant\n|-start|p1a: Trevenant|move: Taunt\n|move|p2b: Jirachi|Thunder Wave|p1b: Toxapex\n|-status|p1b: Toxapex|par\n|move|p1b: Toxapex|Toxic Spikes|p2a: Liepard\n|-sidestart|p2: Raj 00|move: Toxic Spikes\n|cant|p1a: Trevenant|move: Taunt|Trick Room\n|\n|upkeep\n|turn|2\n|\n|t:|1600514136\n|switch|p2b: Reuniclus|Reuniclus, L84, M|322\/322\n|-status|p2b: Reuniclus|psn\n|move|p2a: Liepard|Foul Play|p1a: Trevenant\n|-supereffective|p1a: Trevenant\n|-damage|p1a: Trevenant|17\/293\n|-enditem|p1a: Trevenant|Sitrus Berry|[eat]\n|-heal|p1a: Trevenant|90\/293|[from] item: Sitrus Berry\n|move|p1a: Trevenant|Wood Hammer|p2a: Liepard\n|-damage|p2a: Liepard|27\/250\n|-enditem|p2a: Liepard|Sitrus Berry|[eat]\n|-heal|p2a: Liepard|89\/250|[from] item: Sitrus Berry\n|-damage|p1a: Trevenant|16\/293|[from] Recoil\n|move|p1b: Toxapex|Scald|p2b: Reuniclus\n|-damage|p2b: Reuniclus|259\/322 psn\n|\n|upkeep\n|turn|3\n|inactive|Chickpiee has 120 seconds left.\n|\n|t:|1600514173\n|move|p2a: Liepard|Foul Play|p1a: Trevenant\n|-supereffective|p1a: Trevenant\n|-damage|p1a: Trevenant|0 fnt\n|faint|p1a: Trevenant\n|move|p1b: Toxapex|Scald|p2a: Liepard\n|-damage|p2a: Liepard|0 fnt\n|faint|p2a: Liepard\n|move|p2b: Reuniclus|Psychic|p1b: Toxapex\n|-supereffective|p1b: Toxapex\n|-damage|p1b: Toxapex|28\/231 par\n|-enditem|p1b: Toxapex|Sitrus Berry|[eat]\n|-heal|p1b: Toxapex|85\/231 par|[from] item: Sitrus Berry\n|\n|upkeep\n|j|%abd1710\n|l|%abd1710\n|\n|t:|1600514193\n|switch|p2a: Jirachi|Jirachi, L76|277\/277\n|switch|p1a: Jolteon|Jolteon, L88, F|258\/258\n|turn|4\n|\n|t:|1600514213\n|switch|p1b: Xatu|Xatu, L88, M|258\/258\n|move|p2a: Jirachi|Follow Me|p2a: Jirachi\n|-singleturn|p2a: Jirachi|move: Follow Me\n|move|p1a: Jolteon|Thunder Wave|p2a: Jirachi\n|-status|p2a: Jirachi|par\n|move|p2b: Reuniclus|Trick Room|p2b: Reuniclus\n|-fieldstart|move: Trick Room|[of] p2b: Reuniclus\n|\n|upkeep\n|turn|5\n|\n|t:|1600514227\n|move|p1a: Jolteon|Protect|p1a: Jolteon\n|-singleturn|p1a: Jolteon|Protect\n|move|p2b: Reuniclus|Psychic|p1a: Jolteon\n|-activate|p1a: Jolteon|move: Protect\n|move|p2a: Jirachi|Iron Head|p1b: Xatu\n|-damage|p1b: Xatu|173\/258\n|cant|p1b: Xatu|flinch\n|\n|upkeep\n|turn|6\n|inactive|Raj 00 has 120 seconds left.\n|j|%abd1710\n|\n|t:|1600514276\n|move|p2b: Reuniclus|Shadow Ball|p1b: Xatu\n|-supereffective|p1b: Xatu\n|-damage|p1b: Xatu|0 fnt\n|faint|p1b: Xatu\n|cant|p2a: Jirachi|par\n|move|p1a: Jolteon|Thunderbolt|p2b: Reuniclus\n|-damage|p2b: Reuniclus|132\/322 psn\n|\n|upkeep\n|l|%abd1710\n|c|\u2606Raj 00|I expected ally switch tbh\n|\n|t:|1600514294\n|switch|p1b: Alcremie|Alcremie, L84, F|246\/246\n|turn|7\n|\n|t:|1600514309\n|switch|p1b: Toxapex|Toxapex, L88, F|162\/231 par\n|move|p1a: Jolteon|Protect|p1a: Jolteon\n|-singleturn|p1a: Jolteon|Protect\n|move|p2b: Reuniclus|Psychic|p1a: Jolteon\n|-activate|p1a: Jolteon|move: Protect\n|move|p2a: Jirachi|Iron Head|p1b: Toxapex\n|-resisted|p1b: Toxapex\n|-crit|p1b: Toxapex\n|-damage|p1b: Toxapex|126\/231 par\n|\n|upkeep\n|turn|8\n|\n|t:|1600514328\n|move|p2b: Reuniclus|Psychic|p1a: Jolteon\n|-damage|p1a: Jolteon|124\/258\n|-enditem|p1a: Jolteon|Sitrus Berry|[eat]\n|-heal|p1a: Jolteon|188\/258|[from] item: Sitrus Berry\n|move|p1b: Toxapex|Recover|p1b: Toxapex\n|-heal|p1b: Toxapex|231\/231 par\n|cant|p2a: Jirachi|par\n|move|p1a: Jolteon|Thunderbolt|p2b: Reuniclus\n|-damage|p2b: Reuniclus|12\/322 psn\n|\n|-fieldend|move: Trick Room\n|upkeep\n|turn|9\n|\n|t:|1600514348\n|move|p2a: Jirachi|Follow Me|p2a: Jirachi\n|-singleturn|p2a: Jirachi|move: Follow Me\n|move|p1a: Jolteon|Thunderbolt|p2a: Jirachi\n|-damage|p2a: Jirachi|153\/277 par\n|move|p1b: Toxapex|Scald|p2a: Jirachi\n|-damage|p2a: Jirachi|96\/277 par\n|-enditem|p2a: Jirachi|Sitrus Berry|[eat]\n|-heal|p2a: Jirachi|165\/277 par|[from] item: Sitrus Berry\n|move|p2b: Reuniclus|Trick Room|p2b: Reuniclus\n|-fieldstart|move: Trick Room|[of] p2b: Reuniclus\n|\n|upkeep\n|turn|10\n|\n|t:|1600514365\n|move|p2b: Reuniclus|Psychic|p1b: Toxapex\n|-supereffective|p1b: Toxapex\n|-damage|p1b: Toxapex|41\/231 par\n|-unboost|p1b: Toxapex|spd|1\n|move|p1b: Toxapex|Scald|p2b: Reuniclus\n|-damage|p2b: Reuniclus|0 fnt\n|faint|p2b: Reuniclus\n|move|p2a: Jirachi|Life Dew|p2a: Jirachi\n|-heal|p2a: Jirachi|234\/277 par\n|move|p1a: Jolteon|Thunderbolt|p2a: Jirachi\n|-damage|p2a: Jirachi|126\/277 par\n|\n|upkeep\n|c|\u2606Chickpiee|This gets life dew\n|inactive|Raj 00 has 120 seconds left.\n|c|\u2606Raj 00|it gets almost everything\n|c|\u2606Raj 00|except signature moves\n|j|%abd1710\n|c|\u2606Chickpiee|Agent Rachi\n|\n|t:|1600514404\n|switch|p2b: Aromatisse|Aromatisse, L84, F|307\/307\n|-status|p2b: Aromatisse|psn\n|turn|11\n|inactive|Raj 00 has 120 seconds left.\n|l|%abd1710\n|\n|t:|1600514425\n|move|p1b: Toxapex|Scald|p2a: Jirachi\n|-damage|p2a: Jirachi|62\/277 par\n|move|p2b: Aromatisse|Thunderbolt|p1b: Toxapex\n|-supereffective|p1b: Toxapex\n|-damage|p1b: Toxapex|0 fnt\n|faint|p1b: Toxapex\n|cant|p2a: Jirachi|par\n|move|p1a: Jolteon|Thunderbolt|p2a: Jirachi\n|-crit|p2a: Jirachi\n|-damage|p2a: Jirachi|0 fnt\n|faint|p2a: Jirachi\n|\n|-damage|p2b: Aromatisse|269\/307 psn|[from] psn\n|upkeep\n|inactive|Raj 00 has 120 seconds left.\n|\n|t:|1600514443\n|switch|p1b: Alcremie|Alcremie, L84, F|246\/246\n|switch|p2a: Dusclops|Dusclops, L84, M|204\/204\n|-status|p2a: Dusclops|psn\n|-item|p1b: Alcremie|Sitrus Berry|[from] ability: Frisk|[of] p2a: Dusclops|[identify]\n|turn|12\n|c|\u2606Chickpiee|I have a demon in the back\n|c|\u2606Chickpiee|Alert Alert\n|c|\u2606Raj 00|;-;\n|\n|t:|1600514472\n|move|p1a: Jolteon|Protect|p1a: Jolteon\n|-singleturn|p1a: Jolteon|Protect\n|move|p2a: Dusclops|Night Shade|p1a: Jolteon\n|-activate|p1a: Jolteon|move: Protect\n|move|p2b: Aromatisse|Moonblast|p1a: Jolteon\n|-activate|p1a: Jolteon|move: Protect\n|move|p1b: Alcremie|Mystical Fire|p2b: Aromatisse\n|-damage|p2b: Aromatisse|216\/307 psn\n|-unboost|p2b: Aromatisse|spa|1\n|\n|-damage|p2a: Dusclops|179\/204 psn|[from] psn\n|-damage|p2b: Aromatisse|178\/307 psn|[from] psn\n|upkeep\n|turn|13\n|j|%abd1710\n|l|%abd1710\n|c|\u2606Raj 00|I have .........\n|inactive|Raj 00 has 120 seconds left.\n|\n|t:|1600514505\n|move|p2a: Dusclops|Night Shade|p1a: Jolteon\n|-damage|p1a: Jolteon|104\/258\n|move|p2b: Aromatisse|Moonblast|p1a: Jolteon\n|-damage|p1a: Jolteon|40\/258\n|move|p1b: Alcremie|Dazzling Gleam|p2a: Dusclops|[spread] p2a,p2b\n|-damage|p2a: Dusclops|146\/204 psn\n|-damage|p2b: Aromatisse|106\/307 psn\n|-enditem|p2b: Aromatisse|Sitrus Berry|[eat]\n|-heal|p2b: Aromatisse|182\/307 psn|[from] item: Sitrus Berry\n|move|p1a: Jolteon|Thunderbolt|p2a: Dusclops\n|-damage|p2a: Dusclops|86\/204 psn\n|\n|-damage|p2a: Dusclops|61\/204 psn|[from] psn\n|-damage|p2b: Aromatisse|144\/307 psn|[from] psn\n|-fieldend|move: Trick Room\n|upkeep\n|turn|14\n|inactive|Raj 00 has 120 seconds left.\n|\n|t:|1600514538\n|move|p1a: Jolteon|Thunderbolt|p2a: Dusclops\n|-damage|p2a: Dusclops|3\/204 psn\n|move|p1b: Alcremie|Dazzling Gleam|p2a: Dusclops|[spread] p2a,p2b\n|-damage|p2a: Dusclops|0 fnt\n|-damage|p2b: Aromatisse|71\/307 psn\n|faint|p2a: Dusclops\n|move|p2b: Aromatisse|Moonblast|p1a: Jolteon\n|-damage|p1a: Jolteon|0 fnt\n|faint|p1a: Jolteon\n|\n|-damage|p2b: Aromatisse|33\/307 psn|[from] psn\n|upkeep\n|\n|t:|1600514551\n|switch|p1a: Zekrom|Zekrom, L72|260\/260\n|switch|p2a: Terrakion|Terrakion, L80|277\/277\n|-status|p2a: Terrakion|psn\n|-ability|p1a: Zekrom|Teravolt\n|turn|15\n|inactive|Raj 00 has 120 seconds left.\n|\n|t:|1600514593\n|-start|p2a: Terrakion|Dynamax\n|-heal|p2a: Terrakion|554\/554 psn|[silent]\n|-start|p1b: Alcremie|Dynamax\n|-formechange|p1b: Alcremie|Alcremie-Gmax\n|-heal|p1b: Alcremie|492\/492|[silent]\n|move|p2a: Terrakion|Max Rockfall|p1a: Zekrom\n|-damage|p1a: Zekrom|107\/260\n|-weather|Sandstorm\n|-enditem|p1a: Zekrom|Sitrus Berry|[eat]\n|-heal|p1a: Zekrom|172\/260|[from] item: Sitrus Berry\n|move|p1a: Zekrom|Bolt Strike|p2b: Aromatisse\n|-damage|p2b: Aromatisse|0 fnt\n|faint|p2b: Aromatisse\n|move|p1b: Alcremie|G-Max Finale|p2a: Terrakion\n|-supereffective|p2a: Terrakion\n|-damage|p2a: Terrakion|344\/554 psn\n|-heal|p1a: Zekrom|215\/260\n|\n|-weather|Sandstorm|[upkeep]\n|-damage|p1a: Zekrom|199\/260|[from] Sandstorm\n|-damage|p1b: Alcremie|477\/492|[from] Sandstorm\n|-damage|p2a: Terrakion|310\/554 psn|[from] psn\n|upkeep\n|turn|16\n|c|\u2606Raj 00|gg\n|inactive|Raj 00 has 120 seconds left.\n|\n|t:|1600514621\n|move|p2a: Terrakion|Max Rockfall|p1b: Alcremie\n|-damage|p1b: Alcremie|293\/492\n|move|p1a: Zekrom|Dragon Dance|p1a: Zekrom\n|-boost|p1a: Zekrom|atk|1\n|-boost|p1a: Zekrom|spe|1\n|move|p1b: Alcremie|G-Max Finale|p2a: Terrakion\n|-supereffective|p2a: Terrakion\n|-damage|p2a: Terrakion|94\/554 psn\n|-heal|p1a: Zekrom|242\/260\n|-heal|p1b: Alcremie|375\/492\n|-enditem|p2a: Terrakion|Sitrus Berry|[eat]\n|-heal|p2a: Terrakion|163\/554 psn|[from] item: Sitrus Berry\n|\n|-weather|Sandstorm|[upkeep]\n|-damage|p1a: Zekrom|226\/260|[from] Sandstorm\n|-damage|p1b: Alcremie|360\/492|[from] Sandstorm\n|-damage|p2a: Terrakion|129\/554 psn|[from] psn\n|upkeep\n|turn|17\n|\n|t:|1600514650\n|move|p1a: Zekrom|Bolt Strike|p1b: Alcremie|[miss]\n|-miss|p1a: Zekrom|p1b: Alcremie\n|move|p2a: Terrakion|Max Rockfall|p1b: Alcremie\n|-damage|p1b: Alcremie|191\/492\n|-enditem|p1b: Alcremie|Sitrus Berry|[eat]\n|-heal|p1b: Alcremie|252\/492|[from] item: Sitrus Berry\n|move|p1b: Alcremie|G-Max Finale|p2a: Terrakion\n|-supereffective|p2a: Terrakion\n|-damage|p2a: Terrakion|0 fnt\n|-heal|p1a: Zekrom|260\/260\n|-heal|p1b: Alcremie|334\/492\n|faint|p2a: Terrakion\n|\n|win|Chickpiee\n","inputlog":">version 360668b00e8469b0b2e96100b012fe6ff0abcaec\n>version-origin 5d714fbb5668ce46b55f2f7b758301f789b05eaf\n>start {\"formatid\":\"gen8randomdoublesbattle\",\"seed\":[27983,45861,22207,48440],\"rated\":\"Tournament battle\"}\n>player p1 {\"name\":\"Chickpiee\",\"avatar\":\"caitlin\",\"team\":\"\",\"rating\":0,\"seed\":[53994,13925,40910,2544]}\n>player p2 {\"name\":\"Raj 00\",\"avatar\":\"theroyal\",\"team\":\"\",\"rating\":0,\"seed\":[30921,55826,56176,21670]}\n>chat \u2606Chickpiee|Hf Agent\n>chat \u2606Raj 00|you too agent\n>p1 move trickroom, move toxicspikes\n>p2 move taunt +1, move thunderwave +2\n>p1 move woodhammer +1, move scald +2\n>p2 move foulplay +1, switch 4\n>p1 move poltergeist +2, move scald +1\n>p2 move foulplay +1, move psychic +2\n>p1 switch 4, pass\n>p2 switch 4, pass\n>p1 move thunderwave +1, switch 6\n>p2 move followme, move trickroom\n>p1 move protect, move lightscreen\n>p2 move ironhead +2, move psychic +1\n>p1 move thunderbolt +2, move lightscreen\n>p2 move ironhead +1, move shadowball +2\n>chat \u2606Raj 00|I expected ally switch tbh\n>p1 pass, switch 5\n>p1 move protect, switch 6\n>p2 move ironhead +2, move psychic +1\n>p1 move thunderbolt +2, move recover\n>p2 move ironhead +1, move psychic +1\n>p1 move thunderbolt +2, move scald +1\n>p2 move followme, move trickroom\n>p1 move thunderbolt +2, move scald +2\n>p2 move lifedew, move psychic +2\n>chat \u2606Chickpiee|This gets life dew\n>chat \u2606Raj 00|it gets almost everything\n>chat \u2606Raj 00|except signature moves\n>chat \u2606Chickpiee|Agent Rachi\n>p2 pass, switch 3\n>p1 move thunderbolt +1, move scald +1\n>p2 move ironhead +1, move thunderbolt +2\n>p1 pass, switch 6\n>p2 switch 6, pass\n>chat \u2606Chickpiee|I have a demon in the back\n>chat \u2606Chickpiee|Alert Alert\n>chat \u2606Raj 00|;-;\n>p1 move protect, move mysticalfire +2\n>p2 move nightshade +1, move moonblast +1\n>chat \u2606Raj 00|I have .........\n>p1 move thunderbolt +1, move dazzlinggleam\n>p2 move nightshade +1, move moonblast +1\n>p1 move thunderbolt +1, move dazzlinggleam\n>p2 move painsplit +2, move moonblast +1\n>p1 switch 3, pass\n>p2 switch 5, pass\n>p1 move boltstrike +2, move dazzlinggleam +1 dynamax\n>p2 move rockslide +1 dynamax, move moonblast +1\n>chat \u2606Raj 00|gg\n>p1 move dragondance, move dazzlinggleam +1 dynamax\n>p2 move rockslide +2 dynamax, pass\n>p1 move boltstrike -2, move dazzlinggleam +1 dynamax\n>p2 move rockslide +2 dynamax, pass","uploadtime":1600514651,"views":7,"p1id":"chickpiee","p2id":"raj00","formatid":"gen8randomdoublesbattle","rating":0,"private":0,"password":null}