{"id":"gen8monotyperandombattle-1706974983","p1":"DuskyCat","p2":"sodayoda","format":"gen8monotyperandombattle","log":"|j|\u2606DuskyCat\n|j|\u2606sodayoda\n|t:|1668037985\n|gametype|singles\n|player|p1|DuskyCat|janine|1487\n|player|p2|sodayoda|galacticgruntf|1372\n|teamsize|p1|6\n|teamsize|p2|6\n|gen|8\n|tier|[Gen 8] Monotype Random Battle\n|rated|\n|rule|Same Type Clause: Pok\u00e9mon in a team must share a type\n|rule|HP Percentage Mod: HP is shown in percentages\n|rule|Sleep Clause Mod: Limit one foe put to sleep\n|\n|t:|1668037985\n|start\n|switch|p1a: Indeedee|Indeedee-F, L85, F|258\/258\n|switch|p2a: Tapu Bulu|Tapu Bulu, L82|249\/249\n|-fieldstart|move: Psychic Terrain|[from] ability: Psychic Surge|[of] p1a: Indeedee\n|-fieldstart|move: Grassy Terrain|[from] ability: Grassy Surge|[of] p2a: Tapu Bulu\n|turn|1\n|inactive|Battle timer is ON: inactive players will automatically lose when time's up. (requested by DuskyCat)\n|\n|t:|1668038003\n|switch|p1a: Diggersby|Diggersby, L80, M|267\/267\n|move|p2a: Tapu Bulu|Megahorn|p1a: Diggersby\n|-damage|p1a: Diggersby|156\/267\n|\n|-heal|p1a: Diggersby|172\/267|[from] Grassy Terrain\n|upkeep\n|turn|2\n|\n|t:|1668038031\n|switch|p2a: Cherrim|Cherrim, L93, M|281\/281\n|move|p1a: Diggersby|Body Slam|p2a: Cherrim\n|-damage|p2a: Cherrim|125\/281\n|-damage|p1a: Diggersby|146\/267|[from] item: Life Orb\n|\n|-heal|p2a: Cherrim|142\/281|[from] Grassy Terrain\n|-heal|p1a: Diggersby|162\/267|[from] Grassy Terrain\n|upkeep\n|turn|3\n|\n|t:|1668038038\n|move|p2a: Cherrim|Energy Ball|p1a: Diggersby\n|-supereffective|p1a: Diggersby\n|-damage|p1a: Diggersby|0 fnt\n|faint|p1a: Diggersby\n|\n|-heal|p2a: Cherrim|159\/281|[from] Grassy Terrain\n|upkeep\n|\n|t:|1668038045\n|switch|p1a: Farfetch\u2019d|Farfetch\u2019d, L90, F|239\/239\n|turn|4\n|\n|t:|1668038056\n|switch|p2a: Tapu Bulu|Tapu Bulu, L82|249\/249\n|-start|p1a: Farfetch\u2019d|Dynamax|\n|-heal|p1a: Farfetch\u2019d|478\/478|[silent]\n|move|p1a: Farfetch\u2019d|Max Airstream|p2a: Tapu Bulu\n|-supereffective|p2a: Tapu Bulu\n|-damage|p2a: Tapu Bulu|0 fnt\n|-boost|p1a: Farfetch\u2019d|spe|1\n|faint|p2a: Tapu Bulu\n|\n|upkeep\n|inactive|sodayoda has 120 seconds left.\n|\n|t:|1668038088\n|switch|p2a: Tangrowth|Tangrowth, L84, M|305\/305\n|turn|5\n|\n|t:|1668038091\n|move|p1a: Farfetch\u2019d|Max Airstream|p2a: Tangrowth\n|-supereffective|p2a: Tangrowth\n|-crit|p2a: Tangrowth\n|-damage|p2a: Tangrowth|0 fnt\n|-boost|p1a: Farfetch\u2019d|spe|1\n|faint|p2a: Tangrowth\n|\n|-fieldend|move: Grassy Terrain\n|upkeep\n|inactive|sodayoda has 120 seconds left.\n|\n|t:|1668038106\n|switch|p2a: Cherrim|Cherrim, L93, M|159\/281\n|turn|6\n|\n|t:|1668038109\n|move|p1a: Farfetch\u2019d|Max Knuckle|p2a: Cherrim\n|-crit|p2a: Cherrim\n|-damage|p2a: Cherrim|49\/281\n|-boost|p1a: Farfetch\u2019d|atk|1\n|move|p2a: Cherrim|Petal Dance|p1a: Farfetch\u2019d\n|-resisted|p1a: Farfetch\u2019d\n|-crit|p1a: Farfetch\u2019d\n|-damage|p1a: Farfetch\u2019d|354\/478\n|\n|upkeep\n|-end|p1a: Farfetch\u2019d|Dynamax\n|-heal|p1a: Farfetch\u2019d|177\/239|[silent]\n|turn|7\n|\n|t:|1668038117\n|move|p1a: Farfetch\u2019d|Knock Off|p2a: Cherrim\n|-crit|p2a: Cherrim\n|-damage|p2a: Cherrim|0 fnt\n|-enditem|p2a: Cherrim|Choice Scarf|[from] move: Knock Off|[of] p1a: Farfetch\u2019d\n|faint|p2a: Cherrim\n|\n|upkeep\n|\n|t:|1668038122\n|switch|p2a: Virizion|Virizion, L82|283\/283\n|turn|8\n|\n|t:|1668038125\n|move|p1a: Farfetch\u2019d|Brave Bird|p2a: Virizion\n|-supereffective|p2a: Virizion\n|-damage|p2a: Virizion|0 fnt\n|faint|p2a: Virizion\n|-damage|p1a: Farfetch\u2019d|84\/239|[from] Recoil\n|\n|upkeep\n|\n|t:|1668038144\n|switch|p2a: Shiftry|Shiftry, L86, M|295\/295\n|turn|9\n|\n|t:|1668038148\n|move|p1a: Farfetch\u2019d|Close Combat|p2a: Shiftry\n|-supereffective|p2a: Shiftry\n|-crit|p2a: Shiftry\n|-damage|p2a: Shiftry|0 fnt\n|-unboost|p1a: Farfetch\u2019d|def|1\n|-unboost|p1a: Farfetch\u2019d|spd|1\n|faint|p2a: Shiftry\n|\n|upkeep\n|\n|t:|1668038150\n|switch|p2a: Exeggutor|Exeggutor-Alola, L87, M|307\/307\n|-item|p1a: Farfetch\u2019d|Leek|[from] ability: Frisk|[of] p2a: Exeggutor|[identify]\n|turn|10\n|\n|t:|1668038157\n|-start|p2a: Exeggutor|Dynamax|\n|-heal|p2a: Exeggutor|614\/614|[silent]\n|move|p1a: Farfetch\u2019d|Brave Bird|p2a: Exeggutor\n|-supereffective|p2a: Exeggutor\n|-crit|p2a: Exeggutor\n|-damage|p2a: Exeggutor|44\/614\n|-damage|p1a: Farfetch\u2019d|0 fnt|[from] Recoil\n|faint|p1a: Farfetch\u2019d\n|move|p2a: Exeggutor|Max Wyrmwind|p1: Farfetch\u2019d|[notarget]\n|-fail|p2a: Exeggutor\n|\n|upkeep\n|-message|sodayoda forfeited.\n|\n|win|DuskyCat\n|raw|DuskyCat's rating: 1487 &rarr; <strong>1501<\/strong><br \/>(+14 for winning)\n|raw|sodayoda's rating: 1372 &rarr; <strong>1358<\/strong><br \/>(-14 for losing)\n|l|\u2606sodayoda\n|c|\u2606DuskyCat|NOOOO\n|l|\u2606DuskyCat\n|j|\u2606DuskyCat\n|player|p1|DuskyCat|janine\n","inputlog":">version 453a3ad56483cc6a5c08448f6577d394b68621b7\n>start {\"formatid\":\"gen8monotyperandombattle\",\"seed\":[28368,24287,24823,36915],\"rated\":\"Rated battle\"}\n>player p1 {\"name\":\"DuskyCat\",\"avatar\":\"janine\",\"rating\":1487,\"seed\":[15814,23516,57977,50057]}\n>player p2 {\"name\":\"sodayoda\",\"avatar\":\"galacticgruntf\",\"rating\":1372,\"seed\":[22665,29953,32196,33212]}\n>p1 switch 6\n>p2 move megahorn\n>p1 move bodyslam\n>p2 switch 3\n>p1 move bodyslam\n>p2 move energyball\n>p1 switch 3\n>p1 move bravebird dynamax\n>p2 switch 3\n>p2 switch 2\n>p1 move bravebird dynamax\n>p2 move sleeppowder\n>p2 switch 3\n>p1 move closecombat dynamax\n>p2 move petaldance\n>p1 move knockoff\n>p2 move petaldance\n>p2 switch 6\n>p1 move bravebird\n>p2 move stoneedge\n>p2 switch 4\n>p1 move closecombat\n>p2 move darkpulse\n>p2 switch 5\n>p1 move bravebird\n>p2 move dracometeor dynamax\n>forcelose p2","uploadtime":1668038172,"views":4,"p1id":"duskycat","p2id":"sodayoda","formatid":"gen8monotyperandombattle","rating":1358,"private":0,"password":null}