{"id":"gen8randombattle-1383664722","p1":"OGamer289","p2":"Samerr","format":"gen8randombattle","log":"|j|\u2606OGamer289\n|j|\u2606Samerr\n|t:|1627207064\n|gametype|singles\n|player|p1|OGamer289|153|1480\n|player|p2|Samerr|1|1456\n|teamsize|p1|6\n|teamsize|p2|6\n|gen|8\n|tier|[Gen 8] Random Battle\n|rated|\n|rule|Species Clause: Limit one of each Pok\u00e9mon\n|rule|HP Percentage Mod: HP is shown in percentages\n|rule|Sleep Clause Mod: Limit one foe put to sleep\n|\n|t:|1627207064\n|start\n|switch|p1a: Dedenne|Dedenne, L86, M|255\/255\n|switch|p2a: Togedemaru|Togedemaru, L86, F|252\/252\n|turn|1\n|inactive|Battle timer is ON: inactive players will automatically lose when time's up. (requested by OGamer289)\n|\n|t:|1627207075\n|switch|p1a: Rhyperior|Rhyperior, L82, M|323\/323\n|move|p2a: Togedemaru|Iron Head|p1a: Rhyperior\n|-supereffective|p1a: Rhyperior\n|-damage|p1a: Rhyperior|223\/323\n|\n|upkeep\n|turn|2\n|\n|t:|1627207082\n|switch|p2a: Inteleon|Inteleon, L80, M|243\/243\n|move|p1a: Rhyperior|Earthquake|p2a: Inteleon\n|-damage|p2a: Inteleon|0 fnt\n|faint|p2a: Inteleon\n|\n|upkeep\n|\n|t:|1627207088\n|switch|p2a: Azumarill|Azumarill, L84, M|305\/305\n|turn|3\n|\n|t:|1627207100\n|move|p2a: Azumarill|Liquidation|p1a: Rhyperior\n|-supereffective|p1a: Rhyperior\n|-damage|p1a: Rhyperior|0 fnt\n|faint|p1a: Rhyperior\n|\n|upkeep\n|\n|t:|1627207106\n|switch|p1a: Dedenne|Dedenne, L86, M|255\/255\n|turn|4\n|\n|t:|1627207114\n|switch|p2a: Runerigus|Runerigus, L84, M|235\/235\n|move|p1a: Dedenne|Thunderbolt|p2a: Runerigus\n|-immune|p2a: Runerigus\n|\n|upkeep\n|turn|5\n|\n|t:|1627207119\n|move|p1a: Dedenne|Toxic|p2a: Runerigus\n|-status|p2a: Runerigus|tox\n|move|p2a: Runerigus|Stealth Rock|p1a: Dedenne\n|-sidestart|p1: OGamer289|move: Stealth Rock\n|\n|-damage|p2a: Runerigus|221\/235 tox|[from] psn\n|upkeep\n|turn|6\n|\n|t:|1627207124\n|switch|p1a: Sigilyph|Sigilyph, L82, F|252\/252\n|move|p2a: Runerigus|Toxic Spikes|p1a: Sigilyph\n|-sidestart|p1: OGamer289|move: Toxic Spikes\n|\n|-heal|p2a: Runerigus|235\/235 tox|[from] item: Leftovers\n|-damage|p2a: Runerigus|207\/235 tox|[from] psn\n|upkeep\n|turn|7\n|\n|t:|1627207128\n|move|p1a: Sigilyph|Defog|p2a: Runerigus\n|-unboost|p2a: Runerigus|evasion|1\n|-sideend|p1: OGamer289|Toxic Spikes|[from] move: Defog|[of] p1a: Sigilyph\n|-sideend|p1: OGamer289|Stealth Rock|[from] move: Defog|[of] p1a: Sigilyph\n|move|p2a: Runerigus|Poltergeist|p1a: Sigilyph\n|-activate|p1a: Sigilyph|move: Poltergeist|Life Orb\n|-supereffective|p1a: Sigilyph\n|-damage|p1a: Sigilyph|0 fnt\n|faint|p1a: Sigilyph\n|\n|-heal|p2a: Runerigus|221\/235 tox|[from] item: Leftovers\n|-damage|p2a: Runerigus|179\/235 tox|[from] psn\n|upkeep\n|\n|t:|1627207135\n|switch|p1a: Urshifu|Urshifu-Rapid-Strike, L78, F|284\/284\n|turn|8\n|\n|t:|1627207145\n|move|p1a: Urshifu|Surging Strikes|p2a: Runerigus\n|-supereffective|p2a: Runerigus\n|-crit|p2a: Runerigus\n|-damage|p2a: Runerigus|111\/235 tox\n|-activate|p2a: Runerigus|ability: Wandering Spirit|Unseen Fist|Wandering Spirit|[of] p1a: Urshifu\n|-supereffective|p2a: Runerigus\n|-crit|p2a: Runerigus\n|-damage|p2a: Runerigus|43\/235 tox\n|-supereffective|p2a: Runerigus\n|-crit|p2a: Runerigus\n|-damage|p2a: Runerigus|0 fnt\n|faint|p2a: Runerigus\n|-hitcount|p2: Runerigus|3\n|\n|upkeep\n|\n|t:|1627207152\n|switch|p2a: Azumarill|Azumarill, L84, M|305\/305\n|turn|9\n|\n|t:|1627207158\n|switch|p1a: Dedenne|Dedenne, L86, M|255\/255\n|move|p2a: Azumarill|Play Rough|p1a: Dedenne\n|-damage|p1a: Dedenne|8\/255\n|-enditem|p1a: Dedenne|Sitrus Berry|[eat]\n|-heal|p1a: Dedenne|71\/255|[from] item: Sitrus Berry\n|-heal|p1a: Dedenne|156\/255|[from] ability: Cheek Pouch\n|\n|upkeep\n|turn|10\n|\n|t:|1627207171\n|move|p1a: Dedenne|Thunderbolt|p2a: Azumarill\n|-supereffective|p2a: Azumarill\n|-damage|p2a: Azumarill|125\/305\n|move|p2a: Azumarill|Play Rough|p1a: Dedenne\n|-damage|p1a: Dedenne|0 fnt\n|faint|p1a: Dedenne\n|\n|upkeep\n|\n|t:|1627207178\n|switch|p1a: Ribombee|Ribombee, L82, F|233\/233\n|turn|11\n|\n|t:|1627207181\n|switch|p2a: Togedemaru|Togedemaru, L86, F|252\/252\n|move|p1a: Ribombee|Sticky Web|p2a: Togedemaru\n|-sidestart|p2: Samerr|move: Sticky Web\n|\n|upkeep\n|turn|12\n|\n|t:|1627207189\n|move|p1a: Ribombee|Stun Spore|p2a: Togedemaru\n|-immune|p2a: Togedemaru\n|move|p2a: Togedemaru|Iron Head|p1a: Ribombee\n|-supereffective|p1a: Ribombee\n|-damage|p1a: Ribombee|0 fnt\n|faint|p1a: Ribombee\n|\n|upkeep\n|\n|t:|1627207192\n|switch|p1a: Rayquaza|Rayquaza, L74|277\/277\n|-ability|p1a: Rayquaza|Air Lock\n|turn|13\n|\n|t:|1627207198\n|move|p2a: Togedemaru|Zing Zap|p1a: Rayquaza\n|-damage|p1a: Rayquaza|177\/277\n|move|p1a: Rayquaza|Earthquake|p2a: Togedemaru\n|-supereffective|p2a: Togedemaru\n|-ability|p2a: Togedemaru|Sturdy\n|-damage|p2a: Togedemaru|1\/252\n|\n|-heal|p2a: Togedemaru|16\/252|[from] item: Leftovers\n|upkeep\n|turn|14\n|\n|t:|1627207205\n|move|p1a: Rayquaza|Extreme Speed|p2a: Togedemaru\n|-resisted|p2a: Togedemaru\n|-damage|p2a: Togedemaru|0 fnt\n|faint|p2a: Togedemaru\n|\n|upkeep\n|\n|t:|1627207212\n|switch|p2a: Bronzong|Bronzong, L82|244\/244\n|turn|15\n|\n|t:|1627207223\n|switch|p1a: Urshifu|Urshifu-Rapid-Strike, L78, F|284\/284\n|move|p2a: Bronzong|Iron Head|p1a: Urshifu\n|-resisted|p1a: Urshifu\n|-damage|p1a: Urshifu|248\/284\n|\n|-heal|p1a: Urshifu|265\/284|[from] item: Leftovers\n|upkeep\n|turn|16\n|\n|t:|1627207230\n|move|p1a: Urshifu|Bulk Up|p1a: Urshifu\n|-boost|p1a: Urshifu|atk|1\n|-boost|p1a: Urshifu|def|1\n|move|p2a: Bronzong|Toxic|p1a: Urshifu\n|-status|p1a: Urshifu|tox\n|\n|-heal|p1a: Urshifu|282\/284 tox|[from] item: Leftovers\n|-damage|p1a: Urshifu|265\/284 tox|[from] psn\n|upkeep\n|turn|17\n|\n|t:|1627207237\n|move|p2a: Bronzong|Protect|p2a: Bronzong\n|-singleturn|p2a: Bronzong|Protect\n|move|p1a: Urshifu|Surging Strikes|p2a: Bronzong\n|-crit|p2a: Bronzong\n|-damage|p2a: Bronzong|192\/244\n|-crit|p2a: Bronzong\n|-damage|p2a: Bronzong|138\/244\n|-crit|p2a: Bronzong\n|-damage|p2a: Bronzong|87\/244\n|-hitcount|p2a: Bronzong|3\n|\n|-heal|p1a: Urshifu|282\/284 tox|[from] item: Leftovers\n|-heal|p2a: Bronzong|102\/244|[from] item: Leftovers\n|-damage|p1a: Urshifu|248\/284 tox|[from] psn\n|upkeep\n|turn|18\n|\n|t:|1627207253\n|move|p1a: Urshifu|Surging Strikes|p2a: Bronzong\n|-crit|p2a: Bronzong\n|-damage|p2a: Bronzong|44\/244\n|-crit|p2a: Bronzong\n|-damage|p2a: Bronzong|0 fnt\n|faint|p2a: Bronzong\n|-hitcount|p2: Bronzong|2\n|\n|-heal|p1a: Urshifu|265\/284 tox|[from] item: Leftovers\n|-damage|p1a: Urshifu|214\/284 tox|[from] psn\n|upkeep\n|\n|t:|1627207259\n|switch|p2a: Azumarill|Azumarill, L84, M|125\/305\n|-activate|p2a: Azumarill|move: Sticky Web\n|-unboost|p2a: Azumarill|spe|1\n|turn|19\n|\n|t:|1627207263\n|move|p2a: Azumarill|Aqua Jet|p1a: Urshifu\n|-resisted|p1a: Urshifu\n|-damage|p1a: Urshifu|186\/284 tox\n|move|p1a: Urshifu|Surging Strikes|p2a: Azumarill\n|-resisted|p2a: Azumarill\n|-crit|p2a: Azumarill\n|-damage|p2a: Azumarill|91\/305\n|-resisted|p2a: Azumarill\n|-crit|p2a: Azumarill\n|-damage|p2a: Azumarill|54\/305\n|-resisted|p2a: Azumarill\n|-crit|p2a: Azumarill\n|-damage|p2a: Azumarill|20\/305\n|-hitcount|p2a: Azumarill|3\n|\n|-heal|p1a: Urshifu|203\/284 tox|[from] item: Leftovers\n|-damage|p1a: Urshifu|135\/284 tox|[from] psn\n|upkeep\n|turn|20\n|\n|t:|1627207267\n|move|p2a: Azumarill|Aqua Jet|p1a: Urshifu\n|-resisted|p1a: Urshifu\n|-damage|p1a: Urshifu|107\/284 tox\n|move|p1a: Urshifu|Surging Strikes|p2a: Azumarill\n|-resisted|p2a: Azumarill\n|-crit|p2a: Azumarill\n|-damage|p2a: Azumarill|0 fnt\n|faint|p2a: Azumarill\n|-hitcount|p2: Azumarill|1\n|\n|-heal|p1a: Urshifu|124\/284 tox|[from] item: Leftovers\n|-damage|p1a: Urshifu|39\/284 tox|[from] psn\n|upkeep\n|\n|t:|1627207271\n|switch|p2a: Type: Null|Type: Null, L86|304\/304\n|-activate|p2a: Type: Null|move: Sticky Web\n|-unboost|p2a: Type: Null|spe|1\n|turn|21\n|\n|t:|1627207279\n|-start|p2a: Type: Null|Dynamax\n|-heal|p2a: Type: Null|608\/608|[silent]\n|move|p2a: Type: Null|Max Guard|p2a: Type: Null\n|-singleturn|p2a: Type: Null|Max Guard\n|move|p1a: Urshifu|Drain Punch|p2a: Type: Null\n|-activate|p2a: Type: Null|move: Max Guard\n|\n|-heal|p1a: Urshifu|56\/284 tox|[from] item: Leftovers\n|-damage|p1a: Urshifu|0 fnt|[from] psn\n|faint|p1a: Urshifu\n|upkeep\n|\n|t:|1627207283\n|switch|p1a: Rayquaza|Rayquaza, L74|177\/277\n|-ability|p1a: Rayquaza|Air Lock\n|turn|22\n|\n|t:|1627207286\n|-start|p1a: Rayquaza|Dynamax\n|-heal|p1a: Rayquaza|354\/554|[silent]\n|move|p1a: Rayquaza|Max Airstream|p2a: Type: Null\n|-damage|p2a: Type: Null|506\/608\n|-boost|p1a: Rayquaza|spe|1\n|move|p2a: Type: Null|Max Strike|p1a: Rayquaza\n|-damage|p1a: Rayquaza|191\/554\n|-unboost|p1a: Rayquaza|spe|1\n|\n|upkeep\n|turn|23\n|\n|t:|1627207293\n|move|p1a: Rayquaza|Max Airstream|p2a: Type: Null\n|-damage|p2a: Type: Null|403\/608\n|-boost|p1a: Rayquaza|spe|1\n|move|p2a: Type: Null|Max Strike|p1a: Rayquaza\n|-crit|p1a: Rayquaza\n|-damage|p1a: Rayquaza|0 fnt\n|faint|p1a: Rayquaza\n|\n|win|Samerr\n|raw|OGamer289's rating: 1480 &rarr; <strong>1459<\/strong><br \/>(-21 for losing)\n|raw|Samerr's rating: 1456 &rarr; <strong>1477<\/strong><br \/>(+21 for winning)\n|l|\u2606OGamer289\n","inputlog":">version f3856757a1a74ae61e866bb1ebc605f4de4a6383\n>start {\"formatid\":\"gen8randombattle\",\"seed\":[4628,11923,27387,30374],\"rated\":\"Rated battle\"}\n>player p1 {\"name\":\"OGamer289\",\"avatar\":\"153\",\"rating\":1480,\"seed\":[16473,43743,64854,19349]}\n>player p2 {\"name\":\"Samerr\",\"avatar\":\"1\",\"rating\":1456,\"seed\":[54936,45702,50915,57397]}\n>p1 switch 3\n>p2 move ironhead\n>p1 move earthquake\n>p2 switch 2\n>p2 switch 5\n>p1 move earthquake\n>p2 move liquidation\n>p1 switch 3\n>p1 move thunderbolt\n>p2 switch 3\n>p1 move toxic\n>p2 move stealthrock\n>p1 switch 2\n>p2 move toxicspikes\n>p1 move defog\n>p2 move poltergeist\n>p1 switch 6\n>p1 move surgingstrikes\n>p2 move stealthrock\n>p2 switch 3\n>p1 switch 2\n>p2 move playrough\n>p1 move thunderbolt\n>p2 move playrough\n>p1 switch 5\n>p1 move stickyweb\n>p2 switch 2\n>p1 move stunspore\n>p2 move ironhead\n>p1 switch 4\n>p1 move earthquake\n>p2 move zingzap\n>p1 move extremespeed\n>p2 move wish\n>p2 switch 6\n>p1 switch 2\n>p2 move ironhead\n>p1 move bulkup\n>p2 move toxic\n>p1 move surgingstrikes\n>p2 move protect\n>p1 move surgingstrikes\n>p2 move earthquake\n>p2 switch 2\n>p1 move surgingstrikes\n>p2 move aquajet\n>p1 move surgingstrikes\n>p2 move aquajet\n>p2 switch 4\n>p1 move drainpunch\n>p2 move sleeptalk dynamax\n>p1 switch 2\n>p1 move dragonascent dynamax\n>p2 move crushclaw dynamax\n>p1 move dragonascent dynamax\n>p2 move crushclaw dynamax","uploadtime":1627207304,"views":3,"p1id":"ogamer289","p2id":"samerr","formatid":"gen8randombattle","rating":1459,"private":0,"password":null}