{"id":"gen8randombattle-1567598433","p1":"xskelly34","p2":"Tarrembeau","format":"gen8randombattle","log":"|j|\u2606xskelly34\n|j|\u2606Tarrembeau\n|inactive|Battle timer is ON: inactive players will automatically lose when time's up.\n|t:|1651681703\n|gametype|singles\n|player|p1|xskelly34|bugsy|\n|player|p2|Tarrembeau|#teamskymin|\n|teamsize|p1|6\n|teamsize|p2|6\n|gen|8\n|tier|[Gen 8] Random Battle\n|rated|Tournament battle\n|rule|Species Clause: Limit one of each Pok\u00e9mon\n|rule|HP Percentage Mod: HP is shown in percentages\n|rule|Sleep Clause Mod: Limit one foe put to sleep\n|\n|t:|1651681703\n|start\n|switch|p1a: Lunatone|Lunatone, L86|295\/295\n|switch|p2a: Perrserker|Perrserker, L86, F|261\/261\n|turn|1\n|j|*Lady Monita \u273f\n|j| BB-8-NU\n|j| Alita Kazami\n|l| Alita Kazami\n|c|\u2606Tarrembeau|hf\n|j| yo sup guys\n|inactive|Tarrembeau has 120 seconds left.\n|j|+heroictobias\n|j| Janinator\n|\n|t:|1651681745\n|switch|p1a: Volcanion|Volcanion, L80|259\/259\n|move|p2a: Perrserker|Iron Head|p1a: Volcanion\n|-resisted|p1a: Volcanion\n|-damage|p1a: Volcanion|212\/259\n|\n|upkeep\n|turn|2\n|j| javitu@!\n|c| javitu|go get em tarrem\n|\n|t:|1651681763\n|switch|p2a: Exeggutor|Exeggutor-Alola, L87, M|307\/307\n|-item|p1a: Volcanion|Choice Scarf|[from] ability: Frisk|[of] p2a: Exeggutor|[identify]\n|move|p1a: Volcanion|Steam Eruption|p2a: Exeggutor\n|-resisted|p2a: Exeggutor\n|-damage|p2a: Exeggutor|274\/307\n|-status|p2a: Exeggutor|brn\n|\n|-damage|p2a: Exeggutor|255\/307 brn|[from] brn\n|upkeep\n|turn|3\n|j| Boyca\n|j| Chrus is nub\n|\n|t:|1651681786\n|switch|p1a: Goodra|Goodra, L82, M|282\/282\n|move|p2a: Exeggutor|Leaf Storm|p1a: Goodra\n|-ability|p1a: Goodra|Sap Sipper|boost\n|-boost|p1a: Goodra|atk|1\n|\n|-damage|p2a: Exeggutor|236\/307 brn|[from] brn\n|upkeep\n|turn|4\n|\n|t:|1651681806\n|switch|p2a: Dunsparce|Dunsparce, L90, M|326\/326\n|move|p1a: Goodra|Earthquake|p2a: Dunsparce\n|-damage|p2a: Dunsparce|206\/326\n|\n|-heal|p2a: Dunsparce|226\/326|[from] item: Leftovers\n|upkeep\n|turn|5\n|j| Terror Fang\u30c4\n|\n|t:|1651681813\n|switch|p1a: Lunatone|Lunatone, L86|295\/295\n|move|p2a: Dunsparce|Body Slam|p1a: Lunatone\n|-resisted|p1a: Lunatone\n|-damage|p1a: Lunatone|248\/295\n|\n|-heal|p2a: Dunsparce|246\/326|[from] item: Leftovers\n|upkeep\n|turn|6\n|j| BigBoi117\n|\n|t:|1651681822\n|move|p1a: Lunatone|Stealth Rock|p2a: Dunsparce\n|-sidestart|p2: Tarrembeau|move: Stealth Rock\n|move|p2a: Dunsparce|Body Slam|p1a: Lunatone\n|-resisted|p1a: Lunatone\n|-damage|p1a: Lunatone|201\/295\n|-status|p1a: Lunatone|par\n|\n|-heal|p2a: Dunsparce|266\/326|[from] item: Leftovers\n|upkeep\n|turn|7\n|\n|t:|1651681827\n|switch|p1a: Sandaconda|Sandaconda, L84, F|258\/258\n|move|p2a: Dunsparce|Coil|p2a: Dunsparce\n|-boost|p2a: Dunsparce|atk|1\n|-boost|p2a: Dunsparce|def|1\n|-boost|p2a: Dunsparce|accuracy|1\n|\n|-heal|p2a: Dunsparce|286\/326|[from] item: Leftovers\n|upkeep\n|turn|8\n|l| BigBoi117\n|\n|t:|1651681837\n|switch|p2a: Venusaur|Venusaur, L82, F|265\/265\n|-damage|p2a: Venusaur|232\/265|[from] Stealth Rock\n|move|p1a: Sandaconda|Coil|p1a: Sandaconda\n|-boost|p1a: Sandaconda|atk|1\n|-boost|p1a: Sandaconda|def|1\n|-boost|p1a: Sandaconda|accuracy|1\n|\n|-heal|p2a: Venusaur|248\/265|[from] item: Black Sludge\n|upkeep\n|turn|9\n|\n|t:|1651681847\n|switch|p1a: Goodra|Goodra, L82, M|282\/282\n|move|p2a: Venusaur|Sludge Bomb|p1a: Goodra\n|-damage|p1a: Goodra|243\/282\n|-status|p1a: Goodra|psn\n|\n|-heal|p2a: Venusaur|264\/265|[from] item: Black Sludge\n|-damage|p1a: Goodra|208\/282 psn|[from] psn\n|upkeep\n|turn|10\n|j| so noisy\n|\n|t:|1651681854\n|switch|p2a: Dunsparce|Dunsparce, L90, M|286\/326\n|-damage|p2a: Dunsparce|246\/326|[from] Stealth Rock\n|move|p1a: Goodra|Draco Meteor|p2a: Dunsparce\n|-damage|p2a: Dunsparce|77\/326\n|-unboost|p1a: Goodra|spa|2\n|\n|-heal|p2a: Dunsparce|97\/326|[from] item: Leftovers\n|-damage|p1a: Goodra|173\/282 psn|[from] psn\n|upkeep\n|turn|11\n|l| so noisy\n|j| AnshKumar\n|j| Dddddsf\n|l| Dddddsf\n|\n|t:|1651681872\n|switch|p1a: Volcanion|Volcanion, L80|212\/259\n|move|p2a: Dunsparce|Roost|p2a: Dunsparce\n|-heal|p2a: Dunsparce|260\/326\n|-singleturn|p2a: Dunsparce|move: Roost\n|\n|-heal|p2a: Dunsparce|280\/326|[from] item: Leftovers\n|upkeep\n|turn|12\n|j| Meister Siegfried\n|j| kemoshark\n|l| Meister Siegfried\n|\n|t:|1651681888\n|move|p1a: Volcanion|Steam Eruption|p2a: Dunsparce\n|-damage|p2a: Dunsparce|124\/326\n|move|p2a: Dunsparce|Roost|p2a: Dunsparce\n|-heal|p2a: Dunsparce|287\/326\n|-singleturn|p2a: Dunsparce|move: Roost\n|\n|-heal|p2a: Dunsparce|307\/326|[from] item: Leftovers\n|upkeep\n|turn|13\n|\n|t:|1651681892\n|switch|p2a: Exeggutor|Exeggutor-Alola, L87, M|236\/307 brn\n|-damage|p2a: Exeggutor|198\/307 brn|[from] Stealth Rock\n|-item|p1a: Volcanion|Choice Scarf|[from] ability: Frisk|[of] p2a: Exeggutor|[identify]\n|move|p1a: Volcanion|Steam Eruption|p2a: Exeggutor\n|-resisted|p2a: Exeggutor\n|-damage|p2a: Exeggutor|163\/307 brn\n|\n|-damage|p2a: Exeggutor|144\/307 brn|[from] brn\n|upkeep\n|turn|14\n|\n|t:|1651681895\n|switch|p1a: Lunatone|Lunatone, L86|201\/295 par\n|move|p2a: Exeggutor|Draco Meteor|p1a: Lunatone\n|-damage|p1a: Lunatone|0 fnt\n|-unboost|p2a: Exeggutor|spa|2\n|faint|p1a: Lunatone\n|\n|-damage|p2a: Exeggutor|125\/307 brn|[from] brn\n|upkeep\n|j| Battle Honor\n|\n|t:|1651681901\n|switch|p1a: Espeon|Espeon, L82, F|241\/241\n|turn|15\n|\n|t:|1651681906\n|switch|p2a: Perrserker|Perrserker, L86, F|261\/261\n|-damage|p2a: Perrserker|245\/261|[from] Stealth Rock\n|move|p1a: Espeon|Psychic|p2a: Perrserker\n|-resisted|p2a: Perrserker\n|-damage|p2a: Perrserker|173\/261\n|\n|upkeep\n|turn|16\n|\n|t:|1651681911\n|switch|p1a: Volcanion|Volcanion, L80|212\/259\n|move|p2a: Perrserker|U-turn|p1a: Volcanion\n|-resisted|p1a: Volcanion\n|-damage|p1a: Volcanion|174\/259\n|\n|t:|1651681915\n|switch|p2a: Mr. Mime|Mr. Mime-Galar, L86, F|226\/226\n|-damage|p2a: Mr. Mime|170\/226|[from] Stealth Rock\n|\n|upkeep\n|turn|17\n|\n|t:|1651681924\n|move|p1a: Volcanion|Flamethrower|p2a: Mr. Mime\n|-supereffective|p2a: Mr. Mime\n|-damage|p2a: Mr. Mime|26\/226\n|-status|p2a: Mr. Mime|brn\n|move|p2a: Mr. Mime|Rapid Spin|p1a: Volcanion\n|-damage|p1a: Volcanion|163\/259\n|-boost|p2a: Mr. Mime|spe|1\n|-sideend|p2: Tarrembeau|Stealth Rock|[from] move: Rapid Spin|[of] p2a: Mr. Mime\n|\n|-damage|p2a: Mr. Mime|12\/226 brn|[from] brn\n|upkeep\n|turn|18\n|j| Dddddsf\n|l| Dddddsf\n|\n|t:|1651681937\n|move|p2a: Mr. Mime|Psychic|p1a: Volcanion\n|-damage|p1a: Volcanion|73\/259\n|move|p1a: Volcanion|Flamethrower|p2a: Mr. Mime\n|-supereffective|p2a: Mr. Mime\n|-damage|p2a: Mr. Mime|0 fnt\n|faint|p2a: Mr. Mime\n|\n|upkeep\n|l|+heroictobias\n|\n|t:|1651681947\n|switch|p2a: Victini|Victini, L78|283\/283\n|turn|19\n|\n|t:|1651681955\n|switch|p1a: Goodra|Goodra, L82, M|173\/282 psn\n|move|p2a: Victini|Bolt Strike|p1a: Goodra\n|-resisted|p1a: Goodra\n|-damage|p1a: Goodra|119\/282 psn\n|\n|-damage|p1a: Goodra|84\/282 psn|[from] psn\n|upkeep\n|turn|20\n|\n|t:|1651681960\n|move|p2a: Victini|U-turn|p1a: Goodra\n|-damage|p1a: Goodra|30\/282 psn\n|\n|t:|1651681961\n|switch|p2a: Dunsparce|Dunsparce, L90, M|307\/326\n|move|p1a: Goodra|Earthquake|p2a: Dunsparce\n|-damage|p2a: Dunsparce|231\/326\n|\n|-heal|p2a: Dunsparce|251\/326|[from] item: Leftovers\n|-damage|p1a: Goodra|0 fnt|[from] psn\n|faint|p1a: Goodra\n|upkeep\n|j| Kb12\n|\n|t:|1651681971\n|switch|p1a: Espeon|Espeon, L82, F|241\/241\n|turn|21\n|\n|t:|1651681975\n|move|p1a: Espeon|Calm Mind|p1a: Espeon\n|-boost|p1a: Espeon|spa|1\n|-boost|p1a: Espeon|spd|1\n|move|p2a: Dunsparce|Body Slam|p1a: Espeon\n|-damage|p1a: Espeon|138\/241\n|-status|p1a: Espeon|par\n|\n|-heal|p2a: Dunsparce|271\/326|[from] item: Leftovers\n|-heal|p1a: Espeon|153\/241 par|[from] item: Leftovers\n|upkeep\n|turn|22\n|l| kemoshark\n|\n|t:|1651681978\n|move|p2a: Dunsparce|Body Slam|p1a: Espeon\n|-damage|p1a: Espeon|41\/241 par\n|move|p1a: Espeon|Psychic|p2a: Dunsparce\n|-damage|p2a: Dunsparce|72\/326\n|\n|-heal|p2a: Dunsparce|92\/326|[from] item: Leftovers\n|-heal|p1a: Espeon|56\/241 par|[from] item: Leftovers\n|upkeep\n|turn|23\n|\n|t:|1651681983\n|move|p2a: Dunsparce|Body Slam|p1a: Espeon\n|-damage|p1a: Espeon|0 fnt\n|faint|p1a: Espeon\n|\n|-heal|p2a: Dunsparce|112\/326|[from] item: Leftovers\n|upkeep\n|j| envi kevin\n|l| Kb12\n|\n|t:|1651681990\n|switch|p1a: Gyarados|Gyarados, L76, M|269\/269\n|turn|24\n|\n|t:|1651681994\n|-start|p1a: Gyarados|Dynamax|\n|-heal|p1a: Gyarados|538\/538|[silent]\n|move|p1a: Gyarados|Max Airstream|p2a: Dunsparce\n|-damage|p2a: Dunsparce|0 fnt\n|-boost|p1a: Gyarados|spe|1\n|faint|p2a: Dunsparce\n|-ability|p1a: Gyarados|Moxie|boost\n|-boost|p1a: Gyarados|atk|1\n|\n|upkeep\n|\n|t:|1651682000\n|switch|p2a: Victini|Victini, L78|283\/283\n|turn|25\n|c| AnshKumar|Good dynamax\n|\n|t:|1651682006\n|-start|p2a: Victini|Dynamax|\n|-heal|p2a: Victini|566\/566|[silent]\n|move|p1a: Gyarados|Max Geyser|p2a: Victini\n|-supereffective|p2a: Victini\n|-damage|p2a: Victini|170\/566\n|-weather|RainDance\n|move|p2a: Victini|Max Lightning|p1a: Gyarados\n|-supereffective|p1a: Gyarados\n|-damage|p1a: Gyarados|94\/538\n|-fieldstart|move: Electric Terrain\n|\n|-weather|RainDance|[upkeep]\n|upkeep\n|turn|26\n|\n|t:|1651682029\n|move|p1a: Gyarados|Max Geyser|p2a: Victini\n|-supereffective|p2a: Victini\n|-damage|p2a: Victini|0 fnt\n|faint|p2a: Victini\n|-ability|p1a: Gyarados|Moxie|boost\n|-boost|p1a: Gyarados|atk|1\n|\n|-weather|RainDance|[upkeep]\n|upkeep\n|l| Boyca\n|\n|t:|1651682039\n|switch|p2a: Venusaur|Venusaur, L82, F|264\/265\n|-end|p1a: Gyarados|Dynamax\n|-heal|p1a: Gyarados|47\/269|[silent]\n|turn|27\n|\n|t:|1651682045\n|move|p1a: Gyarados|Bounce||[still]\n|-prepare|p1a: Gyarados|Bounce\n|move|p2a: Venusaur|Substitute|p2a: Venusaur\n|-start|p2a: Venusaur|Substitute\n|-damage|p2a: Venusaur|198\/265\n|\n|-weather|RainDance|[upkeep]\n|-heal|p2a: Venusaur|214\/265|[from] item: Black Sludge\n|upkeep\n|turn|28\n|j| TDR\n|c| AnshKumar|Ohhh\n|\n|t:|1651682053\n|move|p1a: Gyarados|Bounce|p2a: Venusaur|[from]lockedmove|[miss]\n|-miss|p1a: Gyarados|p2a: Venusaur\n|move|p2a: Venusaur|Giga Drain|p1a: Gyarados\n|-damage|p1a: Gyarados|0 fnt\n|-heal|p2a: Venusaur|238\/265|[from] drain|[of] p1a: Gyarados\n|faint|p1a: Gyarados\n|\n|-weather|RainDance|[upkeep]\n|-heal|p2a: Venusaur|254\/265|[from] item: Black Sludge\n|upkeep\n|c| AnshKumar|Good onw\n|c| AnshKumar|one*\n|l| TDR\n|\n|t:|1651682060\n|switch|p1a: Sandaconda|Sandaconda, L84, F|258\/258\n|turn|29\n|\n|t:|1651682063\n|move|p2a: Venusaur|Giga Drain|p1a: Sandaconda\n|-supereffective|p1a: Sandaconda\n|-damage|p1a: Sandaconda|90\/258\n|-heal|p2a: Venusaur|265\/265|[from] drain|[of] p1a: Sandaconda\n|move|p1a: Sandaconda|Earthquake|p2a: Venusaur\n|-end|p2a: Venusaur|Substitute\n|\n|-weather|none\n|-heal|p1a: Sandaconda|106\/258|[from] item: Leftovers\n|-fieldend|move: Electric Terrain\n|upkeep\n|turn|30\n|\n|t:|1651682068\n|move|p2a: Venusaur|Giga Drain|p1a: Sandaconda\n|-supereffective|p1a: Sandaconda\n|-damage|p1a: Sandaconda|0 fnt\n|faint|p1a: Sandaconda\n|\n|upkeep\n|\n|t:|1651682069\n|switch|p1a: Volcanion|Volcanion, L80|73\/259\n|turn|31\n|\n|t:|1651682073\n|move|p1a: Volcanion|Flamethrower|p2a: Venusaur\n|-supereffective|p2a: Venusaur\n|-damage|p2a: Venusaur|49\/265\n|move|p2a: Venusaur|Sludge Bomb|p1a: Volcanion\n|-damage|p1a: Volcanion|0 fnt\n|faint|p1a: Volcanion\n|\n|win|Tarrembeau\n|n|\u2606xskelly34|xskelly34\n|n|\u2606Tarrembeau|tarrembeau\n|n|*Lady Monita \u273f|ladymonita\n|n| BB-8-NU|bb8nu\n|n| yo sup guys|yosupguys\n|n| Janinator|janinator\n|n| javitu@!|javitu\n|n| Chrus is nub|chrusisnub\n|n| Terror Fang\u30c4|terrorfang\n|n| AnshKumar|anshkumar\n|n| Battle Honor|battlehonor\n|n| envi kevin|envikevin\n","inputlog":">version 823f0be91c62f96ebb1d0ff65b562504f7f54b80\n>start {\"formatid\":\"gen8randombattle\",\"seed\":[56587,48532,49403,60366],\"rated\":\"Tournament battle\"}\n>player p1 {\"name\":\"xskelly34\",\"avatar\":\"bugsy\",\"rating\":0,\"seed\":[24324,3222,51450,1817]}\n>player p2 {\"name\":\"Tarrembeau\",\"avatar\":\"#teamskymin\",\"rating\":0,\"seed\":[61371,27762,2327,29917]}\n>chat \u2606Tarrembeau|hf\n>p1 switch 3\n>p2 move ironhead\n>chat  javitu|go get em tarrem\n>p1 move steameruption\n>p2 switch 6\n>p1 switch 2\n>p2 move leafstorm\n>p1 move earthquake\n>p2 switch 2\n>p1 switch 3\n>p2 move bodyslam\n>p1 move stealthrock\n>p2 move bodyslam\n>p1 switch 4\n>p2 move coil\n>p1 move coil\n>p2 switch 4\n>p1 switch 3\n>p2 move sludgebomb\n>p1 move dracometeor\n>p2 switch 4\n>p1 switch 2\n>p2 move roost\n>p1 move steameruption\n>p2 move roost\n>p1 move steameruption\n>p2 switch 2\n>p1 switch 4\n>p2 move dracometeor\n>p1 switch 6\n>p1 move psychic\n>p2 switch 6\n>p1 switch 4\n>p2 move uturn\n>p2 switch 5\n>p1 move flamethrower\n>p2 move rapidspin\n>p1 move flamethrower\n>p2 move psychic\n>p2 switch 3\n>p1 switch 2\n>p2 move boltstrike\n>p1 move earthquake\n>p2 move uturn\n>p2 switch 2\n>p1 switch 4\n>p1 move calmmind\n>p2 move bodyslam\n>p1 move psychic\n>p2 move bodyslam\n>p1 move psychic\n>p2 move bodyslam\n>p1 switch 5\n>p1 move bounce dynamax\n>p2 move bodyslam\n>p2 switch 2\n>chat  AnshKumar|Good dynamax\n>p1 move waterfall dynamax\n>p2 move boltstrike dynamax\n>p1 move waterfall dynamax\n>p2 move boltstrike dynamax\n>p2 switch 4\n>p1 move bounce\n>p2 move substitute\n>chat  AnshKumar|Ohhh\n>p1 move bounce\n>p2 move gigadrain\n>chat  AnshKumar|Good onw\n>chat  AnshKumar|one*\n>p1 switch 3\n>p1 move earthquake\n>p2 move gigadrain\n>p1 move earthquake\n>p2 move gigadrain\n>p1 switch 2\n>p1 move flamethrower\n>p2 move sludgebomb","uploadtime":1651682073,"views":5,"p1id":"xskelly34","p2id":"tarrembeau","formatid":"gen8randombattle","rating":0,"private":0,"password":null}