{"id":"gen8randombattle-1640799281","p1":"leosk_","p2":"Daevank5","format":"gen8randombattle","log":"|j|\u2606leosk_\n|j|\u2606Daevank5\n|t:|1660634755\n|gametype|singles\n|player|p1|leosk_|169|1668\n|player|p2|Daevank5|266|1764\n|teamsize|p1|6\n|teamsize|p2|6\n|gen|8\n|tier|[Gen 8] Random Battle\n|rated|\n|rule|Species Clause: Limit one of each Pok\u00e9mon\n|rule|HP Percentage Mod: HP is shown in percentages\n|rule|Sleep Clause Mod: Limit one foe put to sleep\n|\n|t:|1660634755\n|start\n|switch|p1a: Regirock|Regirock, L85|275\/275\n|switch|p2a: Carbink|Carbink, L86|226\/226\n|turn|1\n|\n|t:|1660634805\n|move|p2a: Carbink|Stealth Rock|p1a: Regirock\n|-sidestart|p1: leosk_|move: Stealth Rock\n|move|p1a: Regirock|Curse|p1a: Regirock\n|-unboost|p1a: Regirock|spe|1\n|-boost|p1a: Regirock|atk|1\n|-boost|p1a: Regirock|def|1\n|\n|upkeep\n|turn|2\n|c|\u2606Daevank5|!dt regirock\n|raw|<div class=\"message\"><ul class=\"utilichart\"><li class=\"result\"><span class=\"col numcol\">PU<\/span> <span class=\"col iconcol\"><psicon pokemon=\"regirock\"\/><\/span> <span class=\"col pokemonnamecol\" style=\"white-space:nowrap\"><a href=\"https:\/\/dex.pokemonshowdown.com\/pokemon\/regirock\" target=\"_blank\">Regirock<\/a><\/span> <span class=\"col typecol\"><img src=\"https:\/\/play.pokemonshowdown.com\/sprites\/types\/Rock.png\" alt=\"Rock\" height=\"14\" width=\"32\"><\/span> <span style=\"float:left;min-height:26px\"><span class=\"col abilitycol\">Clear Body<\/span><span class=\"col abilitycol\"><em>Sturdy<\/em><\/span><\/span><span style=\"float:left;min-height:26px\"><span class=\"col statcol\"><em>HP<\/em><br \/>80<\/span> <span class=\"col statcol\"><em>Atk<\/em><br \/>100<\/span> <span class=\"col statcol\"><em>Def<\/em><br \/>200<\/span> <span class=\"col statcol\"><em>SpA<\/em><br \/>50<\/span> <span class=\"col statcol\"><em>SpD<\/em><br \/>100<\/span> <span class=\"col statcol\"><em>Spe<\/em><br \/>50<\/span> <span class=\"col bstcol\"><em>BST<br \/>580<\/em><\/span> <\/span><\/li><li style=\"clear:both\"><\/li><\/ul><\/div>\n|raw|<font size=\"1\"><font color=\"#686868\">Dex#:<\/font> 377&nbsp;|&ThickSpace;<font color=\"#686868\">Gen:<\/font> 3&nbsp;|&ThickSpace;<font color=\"#686868\">Height:<\/font> 1.7 m&nbsp;|&ThickSpace;<font color=\"#686868\">Weight:<\/font> 230 kg <em>(120 BP)<\/em>&nbsp;|&ThickSpace;<font color=\"#686868\">Dex Colour:<\/font> Brown&nbsp;|&ThickSpace;<font color=\"#686868\">Egg Group(s):<\/font> Undiscovered&nbsp;|&ThickSpace;<font color=\"#686868\">Does Not Evolve<\/font><\/font>\n\n|inactive|Battle timer is ON: inactive players will automatically lose when time's up. (requested by Daevank5)\n|\n|t:|1660634845\n|switch|p2a: Weezing|Weezing-Galar, L86, F|252\/252\n|move|p1a: Regirock|Curse|p1a: Regirock\n|-unboost|p1a: Regirock|spe|1\n|-boost|p1a: Regirock|atk|1\n|-boost|p1a: Regirock|def|1\n|\n|upkeep\n|turn|3\n|\n|t:|1660634854\n|move|p2a: Weezing|Will-O-Wisp|p1a: Regirock\n|-status|p1a: Regirock|brn\n|move|p1a: Regirock|Rock Slide|p2a: Weezing\n|-damage|p2a: Weezing|189\/252\n|\n|-heal|p2a: Weezing|204\/252|[from] item: Black Sludge\n|-damage|p1a: Regirock|258\/275 brn|[from] brn\n|upkeep\n|turn|4\n|\n|t:|1660634861\n|move|p2a: Weezing|Strange Steam|p1a: Regirock\n|-damage|p1a: Regirock|174\/275 brn\n|move|p1a: Regirock|Curse|p1a: Regirock\n|-unboost|p1a: Regirock|spe|1\n|-boost|p1a: Regirock|atk|1\n|-boost|p1a: Regirock|def|1\n|\n|-heal|p2a: Weezing|219\/252|[from] item: Black Sludge\n|-damage|p1a: Regirock|157\/275 brn|[from] brn\n|upkeep\n|turn|5\n|\n|t:|1660634870\n|switch|p2a: Tentacruel|Tentacruel, L84, F|272\/272\n|move|p1a: Regirock|Curse|p1a: Regirock\n|-unboost|p1a: Regirock|spe|1\n|-boost|p1a: Regirock|atk|1\n|-boost|p1a: Regirock|def|1\n|\n|-damage|p1a: Regirock|140\/275 brn|[from] brn\n|upkeep\n|turn|6\n|\n|t:|1660634876\n|move|p2a: Tentacruel|Knock Off|p1a: Regirock\n|-damage|p1a: Regirock|127\/275 brn\n|-enditem|p1a: Regirock|Chesto Berry|[from] move: Knock Off|[of] p2a: Tentacruel\n|-damage|p2a: Tentacruel|245\/272|[from] item: Life Orb\n|move|p1a: Regirock|Rest|p1a: Regirock\n|-status|p1a: Regirock|slp|[from] move: Rest\n|-heal|p1a: Regirock|275\/275 slp|[silent]\n|\n|upkeep\n|turn|7\n|\n|t:|1660634882\n|move|p2a: Tentacruel|Toxic Spikes|p1a: Regirock\n|-sidestart|p1: leosk_|move: Toxic Spikes\n|cant|p1a: Regirock|slp\n|\n|upkeep\n|turn|8\n|\n|t:|1660634887\n|move|p2a: Tentacruel|Scald|p1a: Regirock\n|-supereffective|p1a: Regirock\n|-damage|p1a: Regirock|109\/275 slp\n|-damage|p2a: Tentacruel|218\/272|[from] item: Life Orb\n|cant|p1a: Regirock|slp\n|\n|upkeep\n|turn|9\n|\n|t:|1660634893\n|move|p2a: Tentacruel|Scald|p1a: Regirock\n|-supereffective|p1a: Regirock\n|-damage|p1a: Regirock|0 fnt\n|faint|p1a: Regirock\n|-damage|p2a: Tentacruel|191\/272|[from] item: Life Orb\n|\n|upkeep\n|\n|t:|1660634901\n|switch|p1a: Vileplume|Vileplume, L84, M|263\/263\n|-damage|p1a: Vileplume|231\/263|[from] Stealth Rock\n|-sideend|p1: leosk_|move: Toxic Spikes|[of] p1a: Vileplume\n|turn|10\n|\n|t:|1660634931\n|switch|p2a: Weezing|Weezing-Galar, L86, F|219\/252\n|move|p1a: Vileplume|Sleep Powder|p2a: Weezing\n|-status|p2a: Weezing|slp|[from] move: Sleep Powder\n|\n|-heal|p2a: Weezing|234\/252 slp|[from] item: Black Sludge\n|-heal|p1a: Vileplume|247\/263|[from] item: Black Sludge\n|upkeep\n|turn|11\n|inactive|Daevank5 has 120 seconds left.\n|inactive|leosk_ has 120 seconds left.\n|\n|t:|1660634962\n|switch|p2a: Mew|Mew, L80|291\/291\n|switch|p1a: Dunsparce|Dunsparce, L90, F|326\/326\n|-damage|p1a: Dunsparce|286\/326|[from] Stealth Rock\n|\n|-heal|p1a: Dunsparce|306\/326|[from] item: Leftovers\n|upkeep\n|turn|12\n|inactive|leosk_ has 120 seconds left.\n|inactive|Daevank5 has 120 seconds left.\n|\n|t:|1660634974\n|move|p2a: Mew|Close Combat|p1a: Dunsparce\n|-supereffective|p1a: Dunsparce\n|-damage|p1a: Dunsparce|120\/326\n|-unboost|p2a: Mew|def|1\n|-unboost|p2a: Mew|spd|1\n|move|p1a: Dunsparce|Coil|p1a: Dunsparce\n|-boost|p1a: Dunsparce|atk|1\n|-boost|p1a: Dunsparce|def|1\n|-boost|p1a: Dunsparce|accuracy|1\n|\n|-heal|p1a: Dunsparce|140\/326|[from] item: Leftovers\n|upkeep\n|turn|13\n|inactive|Daevank5 has 120 seconds left.\n|inactive|Daevank5 has 90 seconds left.\n|\n|t:|1660635027\n|switch|p2a: Carbink|Carbink, L86|226\/226\n|move|p1a: Dunsparce|Roost|p1a: Dunsparce\n|-heal|p1a: Dunsparce|303\/326\n|-singleturn|p1a: Dunsparce|move: Roost\n|\n|-heal|p1a: Dunsparce|323\/326|[from] item: Leftovers\n|upkeep\n|turn|14\n|\n|t:|1660635039\n|move|p2a: Carbink|Moonblast|p1a: Dunsparce\n|-damage|p1a: Dunsparce|248\/326\n|-unboost|p1a: Dunsparce|spa|1\n|move|p1a: Dunsparce|Body Slam|p2a: Carbink\n|-resisted|p2a: Carbink\n|-damage|p2a: Carbink|184\/226\n|-status|p2a: Carbink|par\n|\n|-heal|p1a: Dunsparce|268\/326|[from] item: Leftovers\n|upkeep\n|turn|15\n|inactive|Daevank5 has 90 seconds left.\n|\n|t:|1660635048\n|move|p1a: Dunsparce|Coil|p1a: Dunsparce\n|-boost|p1a: Dunsparce|atk|1\n|-boost|p1a: Dunsparce|def|1\n|-boost|p1a: Dunsparce|accuracy|1\n|cant|p2a: Carbink|par\n|\n|-heal|p1a: Dunsparce|288\/326|[from] item: Leftovers\n|upkeep\n|turn|16\n|\n|t:|1660635058\n|move|p1a: Dunsparce|Earthquake|p2a: Carbink\n|-supereffective|p2a: Carbink\n|-damage|p2a: Carbink|18\/226 par\n|move|p2a: Carbink|Reflect|p2a: Carbink\n|-sidestart|p2: Daevank5|Reflect\n|\n|-heal|p1a: Dunsparce|308\/326|[from] item: Leftovers\n|upkeep\n|turn|17\n|\n|t:|1660635067\n|switch|p2a: Sandaconda|Sandaconda, L84, F|258\/258\n|move|p1a: Dunsparce|Coil|p1a: Dunsparce\n|-boost|p1a: Dunsparce|atk|1\n|-boost|p1a: Dunsparce|def|1\n|-boost|p1a: Dunsparce|accuracy|1\n|\n|-heal|p1a: Dunsparce|326\/326|[from] item: Leftovers\n|upkeep\n|turn|18\n|\n|t:|1660635072\n|move|p2a: Sandaconda|Glare|p1a: Dunsparce\n|-status|p1a: Dunsparce|par\n|move|p1a: Dunsparce|Body Slam|p2a: Sandaconda\n|-crit|p2a: Sandaconda\n|-damage|p2a: Sandaconda|23\/258\n|-status|p2a: Sandaconda|par\n|\n|-heal|p2a: Sandaconda|39\/258 par|[from] item: Leftovers\n|upkeep\n|turn|19\n|\n|t:|1660635080\n|move|p2a: Sandaconda|Earthquake|p1a: Dunsparce\n|-damage|p1a: Dunsparce|272\/326 par\n|move|p1a: Dunsparce|Coil|p1a: Dunsparce\n|-boost|p1a: Dunsparce|atk|1\n|-boost|p1a: Dunsparce|def|1\n|-boost|p1a: Dunsparce|accuracy|1\n|\n|-heal|p2a: Sandaconda|55\/258 par|[from] item: Leftovers\n|-heal|p1a: Dunsparce|292\/326 par|[from] item: Leftovers\n|upkeep\n|turn|20\n|\n|t:|1660635086\n|cant|p2a: Sandaconda|par\n|move|p1a: Dunsparce|Coil|p1a: Dunsparce\n|-boost|p1a: Dunsparce|atk|1\n|-boost|p1a: Dunsparce|def|1\n|-boost|p1a: Dunsparce|accuracy|1\n|\n|-heal|p2a: Sandaconda|71\/258 par|[from] item: Leftovers\n|-heal|p1a: Dunsparce|312\/326 par|[from] item: Leftovers\n|upkeep\n|turn|21\n|\n|t:|1660635092\n|cant|p2a: Sandaconda|par\n|move|p1a: Dunsparce|Coil|p1a: Dunsparce\n|-boost|p1a: Dunsparce|atk|1\n|-boost|p1a: Dunsparce|def|1\n|-boost|p1a: Dunsparce|accuracy|1\n|\n|-heal|p2a: Sandaconda|87\/258 par|[from] item: Leftovers\n|-heal|p1a: Dunsparce|326\/326 par|[from] item: Leftovers\n|upkeep\n|turn|22\n|\n|t:|1660635100\n|move|p2a: Sandaconda|Earthquake|p1a: Dunsparce\n|-damage|p1a: Dunsparce|295\/326 par\n|move|p1a: Dunsparce|Roost|p1a: Dunsparce\n|-heal|p1a: Dunsparce|326\/326 par\n|-singleturn|p1a: Dunsparce|move: Roost\n|\n|-heal|p2a: Sandaconda|103\/258 par|[from] item: Leftovers\n|upkeep\n|turn|23\n|c|\u2606Daevank5|!dt shed skin\n|raw|<ul class=\"utilichart\"><li class=\"result\"><span class=\"col namecol\"><a href=\"https:\/\/dex.pokemonshowdown.com\/abilities\/shedskin\">Shed Skin<\/a><\/span> <span class=\"col abilitydesccol\">This Pokemon has a 33% chance to have its status cured at the end of each turn.<\/span> <\/li><li style=\"clear:both\"><\/li><\/ul>\n|raw|<font size=\"1\"><font color=\"#686868\">Gen:<\/font> 3<\/font>\n\n|\n|t:|1660635108\n|cant|p2a: Sandaconda|par\n|move|p1a: Dunsparce|Roost||[still]\n|-fail|p1a: Dunsparce|heal\n|\n|-heal|p2a: Sandaconda|119\/258 par|[from] item: Leftovers\n|-sideend|p2: Daevank5|Reflect\n|upkeep\n|turn|24\n|\n|t:|1660635117\n|move|p2a: Sandaconda|Earthquake|p1a: Dunsparce\n|-crit|p1a: Dunsparce\n|-damage|p1a: Dunsparce|134\/326 par\n|move|p1a: Dunsparce|Body Slam|p2a: Sandaconda\n|-damage|p2a: Sandaconda|0 fnt\n|faint|p2a: Sandaconda\n|\n|-heal|p1a: Dunsparce|154\/326 par|[from] item: Leftovers\n|upkeep\n|\n|t:|1660635139\n|switch|p2a: Tentacruel|Tentacruel, L84, F|191\/272\n|turn|25\n|\n|t:|1660635145\n|-start|p1a: Dunsparce|Dynamax|\n|-heal|p1a: Dunsparce|308\/652 par|[silent]\n|move|p2a: Tentacruel|Sludge Bomb|p1a: Dunsparce\n|-damage|p1a: Dunsparce|187\/652 par\n|-damage|p2a: Tentacruel|164\/272|[from] item: Life Orb\n|move|p1a: Dunsparce|Max Strike|p2a: Tentacruel\n|-damage|p2a: Tentacruel|0 fnt\n|faint|p2a: Tentacruel\n|\n|-heal|p1a: Dunsparce|207\/652 par|[from] item: Leftovers\n|upkeep\n|inactive|Daevank5 has 120 seconds left.\n|\n|t:|1660635181\n|switch|p2a: Carbink|Carbink, L86|18\/226 par\n|turn|26\n|\n|t:|1660635187\n|cant|p2a: Carbink|par\n|move|p1a: Dunsparce|Max Quake|p2a: Carbink\n|-supereffective|p2a: Carbink\n|-damage|p2a: Carbink|0 fnt\n|-boost|p1a: Dunsparce|spd|1\n|faint|p2a: Carbink\n|\n|-heal|p1a: Dunsparce|227\/652 par|[from] item: Leftovers\n|upkeep\n|inactive|Daevank5 has 120 seconds left.\n|\n|t:|1660635196\n|switch|p2a: Sharpedo|Sharpedo, L82, F|249\/249\n|turn|27\n|inactive|Daevank5 has 120 seconds left.\n|\n|t:|1660635207\n|-start|p2a: Sharpedo|Dynamax|\n|-heal|p2a: Sharpedo|498\/498|[silent]\n|move|p2a: Sharpedo|Max Guard|p2a: Sharpedo\n|-singleturn|p2a: Sharpedo|Max Guard\n|move|p1a: Dunsparce|Max Quake|p2a: Sharpedo\n|-activate|p2a: Sharpedo|move: Max Guard\n|\n|-heal|p1a: Dunsparce|247\/652 par|[from] item: Leftovers\n|-ability|p2a: Sharpedo|Speed Boost|boost\n|-boost|p2a: Sharpedo|spe|1\n|upkeep\n|-end|p1a: Dunsparce|Dynamax\n|-heal|p1a: Dunsparce|124\/326 par|[silent]\n|turn|28\n|\n|t:|1660635214\n|move|p2a: Sharpedo|Max Geyser|p1a: Dunsparce\n|-damage|p1a: Dunsparce|0 fnt\n|-weather|RainDance\n|faint|p1a: Dunsparce\n|-damage|p2a: Sharpedo|474\/498|[from] item: Life Orb\n|\n|-weather|RainDance|[upkeep]\n|-ability|p2a: Sharpedo|Speed Boost|boost\n|-boost|p2a: Sharpedo|spe|1\n|upkeep\n|\n|t:|1660635238\n|switch|p1a: Vileplume|Vileplume, L84, M|247\/263\n|-damage|p1a: Vileplume|215\/263|[from] Stealth Rock\n|turn|29\n|inactive|Daevank5 has 120 seconds left.\n|c|\u2606leosk_|gg\n|c|\u2606leosk_|ez\n|\n|t:|1660635287\n|-end|p2a: Sharpedo|Dynamax\n|-heal|p2a: Sharpedo|237\/249|[silent]\n|switch|p2a: Weezing|Weezing-Galar, L86, F|234\/252 slp\n|move|p1a: Vileplume|Sleep Powder|p2a: Weezing\n|-fail|p2a: Weezing|slp\n|\n|-weather|RainDance|[upkeep]\n|-heal|p2a: Weezing|249\/252 slp|[from] item: Black Sludge\n|-heal|p1a: Vileplume|231\/263|[from] item: Black Sludge\n|upkeep\n|turn|30\n|\n|t:|1660635314\n|switch|p2a: Mew|Mew, L80|291\/291\n|switch|p1a: Nidoqueen|Nidoqueen, L84, F|288\/288\n|-damage|p1a: Nidoqueen|270\/288|[from] Stealth Rock\n|\n|-weather|RainDance|[upkeep]\n|upkeep\n|turn|31\n|c|\u2606Daevank5|mhmm\n|c|\u2606Daevank5|the world's luckiest dunsparce\n|\n|t:|1660635326\n|switch|p1a: Zapdos|Zapdos, L78|268\/268\n|move|p2a: Mew|Dragon Dance|p2a: Mew\n|-boost|p2a: Mew|atk|1\n|-boost|p2a: Mew|spe|1\n|\n|-weather|RainDance|[upkeep]\n|upkeep\n|turn|32\n|\n|t:|1660635336\n|move|p2a: Mew|Dragon Dance|p2a: Mew\n|-boost|p2a: Mew|atk|1\n|-boost|p2a: Mew|spe|1\n|move|p1a: Zapdos|Hurricane|p2a: Mew\n|-damage|p2a: Mew|174\/291\n|\n|-weather|none\n|upkeep\n|turn|33\n|\n|t:|1660635343\n|move|p2a: Mew|Psychic Fangs|p1a: Zapdos\n|-damage|p1a: Zapdos|76\/268\n|-status|p2a: Mew|par|[from] ability: Static|[of] p1a: Zapdos\n|-activate|p2a: Mew|ability: Synchronize\n|-immune|p1a: Zapdos\n|-enditem|p2a: Mew|Lum Berry|[eat]\n|-curestatus|p2a: Mew|par|[msg]\n|move|p1a: Zapdos|Discharge|p2a: Mew\n|-damage|p2a: Mew|93\/291\n|\n|upkeep\n|turn|34\n|\n|t:|1660635354\n|move|p2a: Mew|Psychic Fangs|p1a: Zapdos\n|-damage|p1a: Zapdos|0 fnt\n|faint|p1a: Zapdos\n|\n|upkeep\n|\n|t:|1660635374\n|switch|p1a: Nidoqueen|Nidoqueen, L84, F|270\/288\n|-damage|p1a: Nidoqueen|252\/288|[from] Stealth Rock\n|turn|35\n|\n|t:|1660635378\n|move|p2a: Mew|Psychic Fangs|p1a: Nidoqueen\n|-supereffective|p1a: Nidoqueen\n|-damage|p1a: Nidoqueen|0 fnt\n|faint|p1a: Nidoqueen\n|\n|upkeep\n|\n|t:|1660635381\n|switch|p1a: Darmanitan|Darmanitan-Galar, L78, F|291\/291\n|-damage|p1a: Darmanitan|219\/291|[from] Stealth Rock\n|turn|36\n|\n|t:|1660635386\n|move|p2a: Mew|Close Combat|p1a: Darmanitan\n|-supereffective|p1a: Darmanitan\n|-damage|p1a: Darmanitan|0 fnt\n|-unboost|p2a: Mew|def|1\n|-unboost|p2a: Mew|spd|1\n|faint|p1a: Darmanitan\n|\n|upkeep\n|\n|t:|1660635389\n|switch|p1a: Vileplume|Vileplume, L84, M|231\/263\n|-damage|p1a: Vileplume|199\/263|[from] Stealth Rock\n|turn|37\n|c|\u2606Daevank5|hahaha\n|c|\u2606Daevank5|LLLLLL\n|-message|leosk_ forfeited.\n|\n|win|Daevank5\n|raw|leosk_'s rating: 1668 &rarr; <strong>1653<\/strong><br \/>(-15 for losing)\n|raw|Daevank5's rating: 1764 &rarr; <strong>1779<\/strong><br \/>(+15 for winning)\n|l|\u2606leosk_\n|c|\u2606Daevank5|choke of august\n","inputlog":">version b85e9ce88322c99684f822268571e8c4b987227d\n>start {\"formatid\":\"gen8randombattle\",\"seed\":[13230,16938,49354,52336],\"rated\":\"Rated battle\"}\n>player p1 {\"name\":\"leosk_\",\"avatar\":\"169\",\"rating\":1668,\"seed\":[24898,60162,52389,61975]}\n>player p2 {\"name\":\"Daevank5\",\"avatar\":\"266\",\"rating\":1764,\"seed\":[19153,56110,20113,42241]}\n>p1 move curse\n>p2 move stealthrock\n>chat \u2606Daevank5|!dt regirock\n>p1 move curse\n>p2 switch 5\n>p1 move rockslide\n>p2 move willowisp\n>p1 move curse\n>p2 move strangesteam\n>p1 move curse\n>p2 switch 6\n>p1 move rest\n>p2 move knockoff\n>p1 move bodypress\n>p2 move toxicspikes\n>p1 move bodypress\n>p2 move scald\n>p1 move bodypress\n>p2 move scald\n>p1 switch 4\n>p1 move sleeppowder\n>p2 switch 6\n>p1 switch 2\n>p2 switch 4\n>p1 move coil\n>p2 move closecombat\n>p1 move roost\n>p2 switch 5\n>p1 move bodyslam\n>p2 move moonblast\n>p1 move coil\n>p2 move reflect\n>p1 move earthquake\n>p2 move reflect\n>p1 move coil\n>p2 switch 2\n>p1 move bodyslam\n>p2 move glare\n>p1 move coil\n>p2 move earthquake\n>p1 move coil\n>p2 move earthquake\n>p1 move coil\n>p2 move earthquake\n>p1 move roost\n>p2 move earthquake\n>chat \u2606Daevank5|!dt shed skin\n>p1 move roost\n>p2 move earthquake\n>p1 move bodyslam\n>p2 move earthquake\n>p2 switch 6\n>p1 move bodyslam dynamax\n>p2 move sludgebomb\n>p2 switch 2\n>p1 move earthquake dynamax\n>p2 move reflect\n>p2 switch 3\n>p1 move earthquake dynamax\n>p2 move protect dynamax\n>p1 move roost\n>p2 move hydropump dynamax\n>p1 switch 2\n>chat \u2606leosk_|gg\n>chat \u2606leosk_|ez\n>p1 move sleeppowder\n>p2 switch 4\n>p1 switch 6\n>p2 switch 5\n>chat \u2606Daevank5|mhmm\n>chat \u2606Daevank5|the world's luckiest dunsparce\n>p1 switch 3\n>p2 move dragondance\n>p1 move hurricane\n>p2 move dragondance\n>p1 move discharge\n>p2 move psychicfangs\n>p1 move discharge\n>p2 move psychicfangs\n>p1 switch 3\n>p1 move earthpower\n>p2 move psychicfangs\n>p1 switch 5\n>p1 move uturn\n>p2 move closecombat\n>p1 switch 6\n>chat \u2606Daevank5|hahaha\n>chat \u2606Daevank5|LLLLLL\n>forcelose p1","uploadtime":1660635420,"views":15,"p1id":"leosk","p2id":"daevank5","formatid":"gen8randombattle","rating":1653,"private":0,"password":null}