{"id":"gen8randombattle-1204279820","p1":"Regi Rex","p2":"Rheinmetal","format":"gen8randombattle","log":"|j|\u2606Regi Rex\n|j|\u2606Rheinmetal\n|t:|1602873704\n|player|p1|Regi Rex|sage|1502\n|player|p2|Rheinmetal|cynthia|1584\n|teamsize|p1|6\n|teamsize|p2|6\n|gametype|singles\n|gen|8\n|tier|[Gen 8] Random Battle\n|rated|\n|rule|Species Clause: Limit one of each Pok\u00e9mon\n|rule|HP Percentage Mod: HP is shown in percentages\n|rule|Sleep Clause Mod: Limit one foe put to sleep\n|\n|t:|1602873704\n|start\n|switch|p1a: Kyurem|Kyurem-White, L74|307\/307\n|switch|p2a: Rotom|Rotom-Fan, L86|226\/226\n|-ability|p1a: Kyurem|Turboblaze\n|turn|1\n|inactive|Battle timer is ON: inactive players will automatically lose when time's up. (requested by Rheinmetal)\n|\n|t:|1602873716\n|switch|p2a: Entei|Entei, L82|323\/323\n|move|p1a: Kyurem|Ice Beam|p2a: Entei\n|-resisted|p2a: Entei\n|-damage|p2a: Entei|228\/323\n|\n|upkeep\n|turn|2\n|\n|t:|1602873744\n|-start|p1a: Kyurem|Dynamax\n|-heal|p1a: Kyurem|614\/614|[silent]\n|move|p2a: Entei|Stone Edge|p1a: Kyurem|[miss]\n|-miss|p2a: Entei|p1a: Kyurem\n|move|p1a: Kyurem|Max Quake|p2a: Entei\n|-supereffective|p2a: Entei\n|-damage|p2a: Entei|0 fnt\n|-boost|p1a: Kyurem|spd|1\n|faint|p2a: Entei\n|\n|upkeep\n|\n|t:|1602873758\n|switch|p2a: Dusknoir|Dusknoir, L88, M|222\/222\n|-item|p1a: Kyurem|Choice Specs|[from] ability: Frisk|[of] p2a: Dusknoir|[identify]\n|turn|3\n|\n|t:|1602873768\n|-start|p2a: Dusknoir|Dynamax\n|-heal|p2a: Dusknoir|444\/444|[silent]\n|move|p1a: Kyurem|Max Quake|p2a: Dusknoir\n|-damage|p2a: Dusknoir|366\/444\n|-boost|p1a: Kyurem|spd|1\n|move|p2a: Dusknoir|Max Quake|p1a: Kyurem\n|-damage|p1a: Kyurem|507\/614\n|-boost|p2a: Dusknoir|spd|1\n|\n|upkeep\n|turn|4\n|\n|t:|1602873784\n|move|p1a: Kyurem|Max Quake|p2a: Dusknoir\n|-damage|p2a: Dusknoir|317\/444\n|-boost|p1a: Kyurem|spd|1\n|move|p2a: Dusknoir|Max Quake|p1a: Kyurem\n|-damage|p1a: Kyurem|385\/614\n|-boost|p2a: Dusknoir|spd|1\n|\n|-end|p1a: Kyurem|Dynamax\n|-heal|p1a: Kyurem|193\/307|[silent]\n|upkeep\n|turn|5\n|\n|t:|1602873807\n|move|p1a: Kyurem|Ice Beam|p2a: Dusknoir\n|-damage|p2a: Dusknoir|256\/444\n|move|p2a: Dusknoir|Max Quake|p1a: Kyurem\n|-damage|p1a: Kyurem|68\/307\n|-boost|p2a: Dusknoir|spd|1\n|\n|-end|p2a: Dusknoir|Dynamax\n|-heal|p2a: Dusknoir|128\/222|[silent]\n|upkeep\n|turn|6\n|\n|t:|1602873817\n|move|p1a: Kyurem|Ice Beam|p2a: Dusknoir\n|-damage|p2a: Dusknoir|80\/222\n|move|p2a: Dusknoir|Poltergeist|p1a: Kyurem|[miss]\n|-miss|p2a: Dusknoir|p1a: Kyurem\n|\n|upkeep\n|turn|7\n|\n|t:|1602873825\n|move|p1a: Kyurem|Ice Beam|p2a: Dusknoir\n|-damage|p2a: Dusknoir|31\/222\n|move|p2a: Dusknoir|Poltergeist|p1a: Kyurem\n|-activate|p1a: Kyurem|move: Poltergeist|Choice Specs\n|-damage|p1a: Kyurem|0 fnt\n|faint|p1a: Kyurem\n|\n|upkeep\n|\n|t:|1602873838\n|switch|p1a: Skuntank|Skuntank, L86, M|317\/317\n|turn|8\n|\n|t:|1602873853\n|switch|p2a: Rotom|Rotom-Fan, L86|226\/226\n|move|p1a: Skuntank|Crunch|p2a: Rotom\n|-damage|p2a: Rotom|136\/226\n|-damage|p1a: Skuntank|286\/317|[from] item: Life Orb\n|\n|upkeep\n|turn|9\n|\n|t:|1602873871\n|switch|p1a: Mr. Mime|Mr. Mime, L88, M|214\/214\n|move|p2a: Rotom|Will-O-Wisp|p1a: Mr. Mime\n|-status|p1a: Mr. Mime|brn\n|\n|-damage|p1a: Mr. Mime|201\/214 brn|[from] brn\n|upkeep\n|turn|10\n|\n|t:|1602873893\n|move|p1a: Mr. Mime|Nasty Plot|p1a: Mr. Mime\n|-boost|p1a: Mr. Mime|spa|2\n|move|p2a: Rotom|Thunderbolt|p1a: Mr. Mime\n|-damage|p1a: Mr. Mime|123\/214 brn\n|\n|-damage|p1a: Mr. Mime|110\/214 brn|[from] brn\n|upkeep\n|turn|11\n|\n|t:|1602873905\n|move|p1a: Mr. Mime|Psychic|p2a: Rotom\n|-damage|p2a: Rotom|0 fnt\n|-damage|p1a: Mr. Mime|89\/214 brn|[from] item: Life Orb\n|faint|p2a: Rotom\n|\n|-damage|p1a: Mr. Mime|76\/214 brn|[from] brn\n|upkeep\n|\n|t:|1602873908\n|switch|p2a: Dusknoir|Dusknoir, L88, M|31\/222\n|-item|p1a: Mr. Mime|Life Orb|[from] ability: Frisk|[of] p2a: Dusknoir|[identify]\n|turn|12\n|\n|t:|1602873916\n|move|p2a: Dusknoir|Shadow Sneak|p1a: Mr. Mime\n|-supereffective|p1a: Mr. Mime\n|-damage|p1a: Mr. Mime|0 fnt\n|faint|p1a: Mr. Mime\n|\n|upkeep\n|\n|t:|1602873921\n|switch|p1a: Skuntank|Skuntank, L86, M|286\/317\n|turn|13\n|\n|t:|1602873931\n|move|p2a: Dusknoir|Shadow Sneak|p1a: Skuntank\n|-resisted|p1a: Skuntank\n|-damage|p1a: Skuntank|244\/317\n|move|p1a: Skuntank|Crunch|p2a: Dusknoir\n|-supereffective|p2a: Dusknoir\n|-damage|p2a: Dusknoir|0 fnt\n|-damage|p1a: Skuntank|213\/317|[from] item: Life Orb\n|faint|p2a: Dusknoir\n|\n|upkeep\n|\n|t:|1602873933\n|switch|p2a: Scolipede|Scolipede, L82, M|233\/233\n|turn|14\n|\n|t:|1602873949\n|move|p2a: Scolipede|Megahorn|p1a: Skuntank\n|-damage|p1a: Skuntank|72\/317\n|move|p1a: Skuntank|Crunch|p2a: Scolipede\n|-damage|p2a: Scolipede|116\/233\n|-unboost|p2a: Scolipede|def|1\n|-damage|p1a: Skuntank|41\/317|[from] item: Life Orb\n|\n|-heal|p2a: Scolipede|130\/233|[from] item: Black Sludge\n|-ability|p2a: Scolipede|Speed Boost|boost\n|-boost|p2a: Scolipede|spe|1\n|upkeep\n|turn|15\n|\n|t:|1602873960\n|move|p1a: Skuntank|Sucker Punch|p2a: Scolipede\n|-damage|p2a: Scolipede|0 fnt\n|-damage|p1a: Skuntank|10\/317|[from] item: Life Orb\n|faint|p2a: Scolipede\n|\n|upkeep\n|\n|t:|1602873966\n|switch|p2a: Swoobat|Swoobat, L88, F|261\/261\n|turn|16\n|\n|t:|1602873972\n|move|p1a: Skuntank|Sucker Punch||[still]\n|-fail|p1a: Skuntank\n|move|p2a: Swoobat|Calm Mind|p2a: Swoobat\n|-boost|p2a: Swoobat|spa|2\n|-boost|p2a: Swoobat|spd|2\n|\n|upkeep\n|turn|17\n|\n|t:|1602873980\n|move|p1a: Skuntank|Sucker Punch|p2a: Swoobat\n|-supereffective|p2a: Swoobat\n|-damage|p2a: Swoobat|1\/261\n|-damage|p1a: Skuntank|0 fnt|[from] item: Life Orb\n|faint|p1a: Skuntank\n|move|p2a: Swoobat|Heat Wave|p1: Skuntank|[notarget]\n|-fail|p2a: Swoobat\n|\n|upkeep\n|\n|t:|1602873989\n|switch|p1a: Victini|Victini, L80|291\/291\n|turn|18\n|\n|t:|1602874001\n|move|p1a: Victini|Zen Headbutt|p2a: Swoobat\n|-resisted|p2a: Swoobat\n|-damage|p2a: Swoobat|0 fnt\n|faint|p2a: Swoobat\n|\n|upkeep\n|-message|Rheinmetal forfeited.\n|\n|win|Regi Rex\n|l|\u2606Rheinmetal\n||Ladder (probably) updated, but score could not be retrieved (Request timeout).\n","inputlog":">version 84e0aeb8d1a6a9d333e3b424c2559306bc4c3011\n>start {\"formatid\":\"gen8randombattle\",\"seed\":[6772,59691,11960,16869],\"rated\":\"Rated battle\"}\n>player p1 {\"name\":\"Regi Rex\",\"avatar\":\"sage\",\"team\":\"\",\"rating\":1502,\"seed\":[64829,29581,39920,50494]}\n>player p2 {\"name\":\"Rheinmetal\",\"avatar\":\"cynthia\",\"team\":\"\",\"rating\":1584,\"seed\":[32742,27162,49076,12342]}\n>p1 move icebeam\n>p2 switch 3\n>p1 move earthpower dynamax\n>p2 move stoneedge\n>p2 switch 4\n>p1 move earthpower dynamax\n>p2 move earthquake dynamax\n>p1 move earthpower dynamax\n>p2 move earthquake dynamax\n>p1 move icebeam\n>p2 move earthquake dynamax\n>p1 move icebeam\n>p2 move poltergeist\n>p1 move icebeam\n>p2 move poltergeist\n>p1 switch 5\n>p1 move crunch\n>p2 switch 3\n>p1 switch 6\n>p2 move willowisp\n>p1 move nastyplot\n>p2 move thunderbolt\n>p1 move psychic\n>p2 move thunderbolt\n>p2 switch 3\n>p1 move psychic\n>p2 move shadowsneak\n>p1 switch 6\n>p1 move crunch\n>p2 move shadowsneak\n>p2 switch 5\n>p1 move crunch\n>p2 move megahorn\n>p1 move suckerpunch\n>p2 move megahorn\n>p2 switch 6\n>p1 move suckerpunch\n>p2 move calmmind\n>p1 move suckerpunch\n>p2 move heatwave\n>p1 switch 2\n>p1 move zenheadbutt\n>p2 move storedpower","uploadtime":1602874013,"views":1,"p1id":"regirex","p2id":"rheinmetal","formatid":"gen8randombattle","rating":0,"private":0,"password":null}