{"id":"gen8monotyperandombattle-1142562714","p1":"Pokefreak77","p2":"Yaraka","format":"gen8monotyperandombattle","log":"|j|\u2606Pokefreak77\n|j|\u2606Yaraka\n|player|p1|Pokefreak77|170|1572\n|player|p2|Yaraka|n|1543\n|teamsize|p1|6\n|teamsize|p2|6\n|gametype|singles\n|gen|8\n|tier|[Gen 8] Monotype Random Battle\n|rated|\n|rule|Same Type Clause: Pok\u00e9mon in a team must share a type\n|rule|HP Percentage Mod: HP is shown in percentages\n|rule|Sleep Clause Mod: Limit one foe put to sleep\n|\n|start\n|switch|p1a: Slowbro|Slowbro, L82, F|290\/290\n|switch|p2a: Weavile|Weavile, L82, M|249\/249\n|turn|1\n|inactive|Battle timer is ON: inactive players will automatically lose when time's up. (requested by Yaraka)\n|\n|move|p2a: Weavile|Swords Dance|p2a: Weavile\n|-boost|p2a: Weavile|atk|2\n|move|p1a: Slowbro|Scald|p2a: Weavile\n|-damage|p2a: Weavile|168\/249\n|\n|upkeep\n|turn|2\n|\n|move|p2a: Weavile|Knock Off|p1a: Slowbro\n|-supereffective|p1a: Slowbro\n|-damage|p1a: Slowbro|0 fnt\n|-enditem|p1a: Slowbro|Leftovers|[from] move: Knock Off|[of] p2a: Weavile\n|faint|p1a: Slowbro\n|\n|upkeep\n|\n|switch|p1a: Mr. Rime|Mr. Rime, L88, M|283\/283\n|turn|3\n|\n|move|p1a: Mr. Rime|Focus Blast|p2a: Weavile\n|-supereffective|p2a: Weavile\n|-damage|p2a: Weavile|0 fnt\n|faint|p2a: Weavile\n|\n|upkeep\n|c|\u2606Yaraka|sashes\n|c|\u2606Yaraka|are you\n|c|\u2606Yaraka|serious\n|c|\u2606Yaraka|i mean scarf\n|c|\u2606Yaraka|on that thing\n|c|\u2606Yaraka|like what\n|c|\u2606Pokefreak77|these sets really suck\n|\n|switch|p2a: Spiritomb|Spiritomb, L88, F|231\/231\n|turn|4\n|c|\u2606Yaraka|i have never seen that\n|c|\u2606Yaraka|yet\n|c|\u2606Yaraka|is that a new set?\n|c|\u2606Pokefreak77|me either\n|c|\u2606Pokefreak77|came in handy\n|c|\u2606Pokefreak77|yes\n|c|\u2606Yaraka|i see\n|c|\u2606Pokefreak77|the sets have been updated\n|c|\u2606Pokefreak77|dlc\n|inactive|Pokefreak77 has 120 seconds left.\n|c|\u2606Yaraka|yeah true\n|\n|switch|p1a: Mr. Mime|Mr. Mime-Galar, L88, M|231\/231\n|move|p2a: Spiritomb|Calm Mind|p2a: Spiritomb\n|-boost|p2a: Spiritomb|spa|1\n|-boost|p2a: Spiritomb|spd|1\n|\n|upkeep\n|turn|5\n|c|\u2606Yaraka|but scarf on that thing is beyond me xd\n|\n|move|p1a: Mr. Mime|Nasty Plot|p1a: Mr. Mime\n|-boost|p1a: Mr. Mime|spa|2\n|move|p2a: Spiritomb|Calm Mind|p2a: Spiritomb\n|-boost|p2a: Spiritomb|spa|1\n|-boost|p2a: Spiritomb|spd|1\n|\n|upkeep\n|turn|6\n|\n|-start|p1a: Mr. Mime|Dynamax\n|-heal|p1a: Mr. Mime|462\/462|[silent]\n|move|p1a: Mr. Mime|Max Hailstorm|p2a: Spiritomb\n|-damage|p2a: Spiritomb|119\/231\n|-weather|Hail\n|move|p2a: Spiritomb|Dark Pulse|p1a: Mr. Mime\n|-supereffective|p1a: Mr. Mime\n|-damage|p1a: Mr. Mime|226\/462\n|\n|-weather|Hail|[upkeep]\n|-damage|p2a: Spiritomb|105\/231|[from] Hail\n|upkeep\n|turn|7\n|\n|move|p1a: Mr. Mime|Max Hailstorm|p2a: Spiritomb\n|-damage|p2a: Spiritomb|0 fnt\n|faint|p2a: Spiritomb\n|\n|-weather|Hail|[upkeep]\n|upkeep\n|c|\u2606Yaraka|nooooo\n|c|\u2606Yaraka|well this seriously sucks\n|c|\u2606Pokefreak77|hard matchup\n|\n|switch|p2a: Incineroar|Incineroar, L82, F|290\/290\n|-ability|p2a: Incineroar|Intimidate|boost\n|-unboost|p1a: Mr. Mime|atk|1\n|turn|8\n|c|\u2606Pokefreak77|for me\n|c|\u2606Yaraka|true\n|\n|move|p1a: Mr. Mime|Max Knuckle|p2a: Incineroar\n|-supereffective|p2a: Incineroar\n|-damage|p2a: Incineroar|2\/290\n|-boost|p1a: Mr. Mime|atk|1\n|move|p2a: Incineroar|Knock Off|p1a: Mr. Mime\n|-supereffective|p1a: Mr. Mime\n|-damage|p1a: Mr. Mime|38\/462\n|-enditem|p1a: Mr. Mime|Eviolite|[from] move: Knock Off|[of] p2a: Incineroar\n|\n|-weather|Hail|[upkeep]\n|-damage|p2a: Incineroar|0 fnt|[from] Hail\n|faint|p2a: Incineroar\n|-end|p1a: Mr. Mime|Dynamax\n|-heal|p1a: Mr. Mime|19\/231|[silent]\n|upkeep\n|c|\u2606Yaraka|welp\n|c|\u2606Yaraka|i think you just won it\n|c|\u2606Yaraka|by having a fucking\n|inactive|Yaraka has 120 seconds left.\n|c|\u2606Yaraka|scarf\n|c|\u2606Yaraka|on rime\n|c|\u2606Yaraka|KEKW\n|c|\u2606Yaraka|i cannot do anything against this\n|c|\u2606Yaraka|this is actually\n|c|\u2606Yaraka|so sad LOL\n|\n|switch|p2a: Pangoro|Pangoro, L82, F|290\/290\n|turn|9\n|\n|move|p1a: Mr. Mime|Focus Blast|p2a: Pangoro\n|-supereffective|p2a: Pangoro\n|-damage|p2a: Pangoro|0 fnt\n|faint|p2a: Pangoro\n|\n|-weather|Hail|[upkeep]\n|upkeep\n|c|\u2606Yaraka|jajajajaja\n|\n|switch|p2a: Hydreigon|Hydreigon, L80, F|278\/278\n|turn|10\n|\n|move|p1a: Mr. Mime|Freeze-Dry|p2a: Hydreigon\n|-supereffective|p2a: Hydreigon\n|-damage|p2a: Hydreigon|0 fnt\n|faint|p2a: Hydreigon\n|\n|-weather|none\n|upkeep\n|\n|switch|p2a: Obstagoon|Obstagoon, L82, M|287\/287\n|turn|11\n|inactive|Yaraka has 120 seconds left.\n|\n|-start|p2a: Obstagoon|Dynamax\n|-heal|p2a: Obstagoon|574\/574|[silent]\n|move|p1a: Mr. Mime|Freeze-Dry|p2a: Obstagoon\n|-damage|p2a: Obstagoon|411\/574\n|move|p2a: Obstagoon|Max Knuckle|p1a: Mr. Mime\n|-damage|p1a: Mr. Mime|0 fnt\n|-boost|p2a: Obstagoon|atk|1\n|faint|p1a: Mr. Mime\n|\n|-status|p2a: Obstagoon|brn|[from] item: Flame Orb\n|upkeep\n|c|\u2606Yaraka|just think about how crazy this actually is\n|c|\u2606Yaraka|i will forever be haunted by scarfed time from now on\n|inactive|Pokefreak77 has 120 seconds left.\n|c|\u2606Yaraka|rime*\n|\n|switch|p1a: Espeon|Espeon, L82, M|241\/241\n|turn|12\n|inactive|Pokefreak77 has 120 seconds left.\n|\n|switch|p1a: Malamar|Malamar, L86, M|288\/288\n|move|p2a: Obstagoon|Max Strike|p1a: Malamar\n|-damage|p1a: Malamar|53\/288\n|-boost|p1a: Malamar|spe|1\n|\n|-heal|p1a: Malamar|71\/288|[from] item: Leftovers\n|-damage|p2a: Obstagoon|394\/574 brn|[from] brn\n|upkeep\n|turn|13\n|inactive|Pokefreak77 has 120 seconds left.\n|\n|move|p1a: Malamar|Superpower|p2a: Obstagoon\n|-supereffective|p2a: Obstagoon\n|-damage|p2a: Obstagoon|66\/574 brn\n|-boost|p1a: Malamar|atk|1\n|-boost|p1a: Malamar|def|1\n|move|p2a: Obstagoon|Max Knuckle|p1a: Malamar\n|-damage|p1a: Malamar|0 fnt\n|-boost|p2a: Obstagoon|atk|1\n|faint|p1a: Malamar\n|\n|-damage|p2a: Obstagoon|49\/574 brn|[from] brn\n|-end|p2a: Obstagoon|Dynamax\n|-heal|p2a: Obstagoon|25\/287 brn|[silent]\n|upkeep\n|inactive|Pokefreak77 has 120 seconds left.\n|c|\u2606Yaraka|crazy\n|c|\u2606Yaraka|gg i guess or something\n|c|\u2606Yaraka|i dont even know\n|c|\u2606Pokefreak77|haha gg\n|c|\u2606Yaraka|this game is beyond me XD\n|\n|switch|p1a: Espeon|Espeon, L82, M|241\/241\n|turn|14\n|-message|Yaraka forfeited.\n|\n|win|Pokefreak77\n|l|\u2606Yaraka\n|raw|Pokefreak77's rating: 1572 &rarr; <strong>1590<\/strong><br \/>(+18 for winning)\n|raw|Yaraka's rating: 1543 &rarr; <strong>1525<\/strong><br \/>(-18 for losing)\n","inputlog":">version af8dfa9035405839caa943c6ac531a95acff3801\n>start {\"formatid\":\"gen8monotyperandombattle\",\"seed\":[10061,62039,49890,26013],\"rated\":\"Rated battle\"}\n>player p1 {\"name\":\"Pokefreak77\",\"avatar\":\"170\",\"team\":\"\",\"rating\":1572,\"seed\":[44777,8449,15930,50754]}\n>player p2 {\"name\":\"Yaraka\",\"avatar\":\"n\",\"team\":\"\",\"rating\":1543,\"seed\":[62168,23949,24971,58117]}\n>p1 move scald\n>p2 move swordsdance\n>p1 move scald\n>p2 move knockoff\n>p1 switch 4\n>p1 move focusblast\n>p2 move knockoff\n>p2 switch 3\n>p1 switch 3\n>p2 move calmmind\n>p1 move nastyplot\n>p2 move calmmind\n>p1 move freezedry dynamax\n>p2 move darkpulse\n>p1 move freezedry dynamax\n>p2 move darkpulse\n>p2 switch 2\n>p1 move focusblast dynamax\n>p2 move knockoff\n>p2 switch 4\n>p1 move focusblast\n>p2 move darkestlariat\n>p2 switch 5\n>p1 move freezedry\n>p2 move darkpulse\n>p2 switch 6\n>p1 move freezedry\n>p2 move closecombat dynamax\n>p1 switch 5\n>p1 switch 2\n>p2 move facade dynamax\n>p1 move superpower\n>p2 move closecombat dynamax\n>p1 switch 2","uploadtime":1593527759,"views":4,"p1id":"pokefreak77","p2id":"yaraka","formatid":"gen8monotyperandombattle","rating":1525,"private":0,"password":null}