{"id":"gen8monotyperandombattle-1681787031","p1":"Firelord Term","p2":"misplayin","format":"gen8monotyperandombattle","log":"|j|\u2606Firelord Term\n|j|\u2606misplayin\n|t:|1665351546\n|gametype|singles\n|player|p1|Firelord Term|flint|\n|player|p2|misplayin|pokemonrangerf-gen4|\n|teamsize|p1|6\n|teamsize|p2|6\n|gen|8\n|tier|[Gen 8] Monotype Random Battle\n|rule|Same Type Clause: Pok\u00e9mon in a team must share a type\n|rule|HP Percentage Mod: HP is shown in percentages\n|rule|Sleep Clause Mod: Limit one foe put to sleep\n|\n|t:|1665351546\n|start\n|switch|p1a: Diancie|Diancie, L82|216\/216\n|switch|p2a: Diggersby|Diggersby, L80, M|267\/267\n|turn|1\n|inactive|Battle timer is ON: inactive players will automatically lose when time's up. (requested by Firelord Term)\n|inactive|misplayin also wants the timer to be on.\n|c|\u2606misplayin|well\n|c|\u2606Firelord Term|this lookin tuff\n|j| Ugaming\n|j| luminarie\n|inactive|misplayin has 270 seconds left.\n|c|\u2606misplayin|hella\n|\n|t:|1665351584\n|move|p2a: Diggersby|Earthquake|p1a: Diancie\n|-supereffective|p1a: Diancie\n|-crit|p1a: Diancie\n|-damage|p1a: Diancie|0 fnt\n|faint|p1a: Diancie\n|-damage|p2a: Diggersby|241\/267|[from] item: Life Orb\n|\n|upkeep\n|c|\u2606Firelord Term|wtf LOL\n|\n|t:|1665351602\n|switch|p1a: Carbink|Carbink, L86|226\/226\n|turn|2\n|c|\u2606misplayin|srry :\/\n|c|\u2606Firelord Term|ts ight\n|\n|t:|1665351607\n|move|p2a: Diggersby|Earthquake|p1a: Carbink\n|-supereffective|p1a: Carbink\n|-damage|p1a: Carbink|8\/226\n|-damage|p2a: Diggersby|215\/267|[from] item: Life Orb\n|move|p1a: Carbink|Body Press|p2a: Diggersby\n|-supereffective|p2a: Diggersby\n|-damage|p2a: Diggersby|7\/267\n|\n|upkeep\n|turn|3\n|c|\u2606Firelord Term|that shit didnt kill\n|c|\u2606Firelord Term|carbink is so ASS\n|\n|t:|1665351619\n|move|p2a: Diggersby|Earthquake|p1a: Carbink\n|-supereffective|p1a: Carbink\n|-damage|p1a: Carbink|0 fnt\n|faint|p1a: Carbink\n|-damage|p2a: Diggersby|0 fnt|[from] item: Life Orb\n|faint|p2a: Diggersby\n|\n|upkeep\n|j| is vae okay??\n|\n|t:|1665351639\n|switch|p2a: Flygon|Flygon, L80, F|259\/259\n|switch|p1a: Tapu Koko|Tapu Koko, L78|237\/237\n|-fieldstart|move: Electric Terrain|[from] ability: Electric Surge|[of] p1a: Tapu Koko\n|turn|4\n|\n|t:|1665351647\n|move|p2a: Flygon|Earthquake|p1a: Tapu Koko\n|-supereffective|p1a: Tapu Koko\n|-damage|p1a: Tapu Koko|13\/237\n|move|p1a: Tapu Koko|Dazzling Gleam|p2a: Flygon\n|-supereffective|p2a: Flygon\n|-damage|p2a: Flygon|79\/259\n|\n|-heal|p1a: Tapu Koko|27\/237|[from] item: Leftovers\n|upkeep\n|turn|5\n|\n|t:|1665351657\n|move|p2a: Flygon|Earthquake|p1a: Tapu Koko\n|-supereffective|p1a: Tapu Koko\n|-damage|p1a: Tapu Koko|0 fnt\n|faint|p1a: Tapu Koko\n|\n|upkeep\n|\n|t:|1665351661\n|switch|p1a: Mimikyu|Mimikyu, L76, M|209\/209\n|turn|6\n|\n|t:|1665351664\n|move|p2a: Flygon|Earthquake|p1a: Mimikyu\n|-activate|p1a: Mimikyu|ability: Disguise\n|-damage|p1a: Mimikyu|209\/209\n|detailschange|p1a: Mimikyu|Mimikyu-Busted, L76, M\n|-damage|p1a: Mimikyu|183\/209|[from] pokemon: Mimikyu-Busted\n|move|p1a: Mimikyu|Swords Dance|p1a: Mimikyu\n|-boost|p1a: Mimikyu|atk|2\n|\n|upkeep\n|turn|7\n|\n|t:|1665351666\n|switch|p2a: Quagsire|Quagsire, L84, M|297\/297\n|move|p1a: Mimikyu|Shadow Sneak|p2a: Quagsire\n|-damage|p2a: Quagsire|253\/297\n|-damage|p1a: Mimikyu|163\/209|[from] item: Life Orb\n|\n|-heal|p2a: Quagsire|271\/297|[from] item: Leftovers\n|upkeep\n|turn|8\n|\n|t:|1665351684\n|move|p1a: Mimikyu|Play Rough|p2a: Quagsire\n|-damage|p2a: Quagsire|164\/297\n|-damage|p1a: Mimikyu|143\/209|[from] item: Life Orb\n|move|p2a: Quagsire|Scald|p1a: Mimikyu\n|-damage|p1a: Mimikyu|77\/209\n|\n|-heal|p2a: Quagsire|182\/297|[from] item: Leftovers\n|-fieldend|move: Electric Terrain\n|upkeep\n|turn|9\n|\n|t:|1665351690\n|move|p1a: Mimikyu|Drain Punch|p2a: Quagsire\n|-damage|p2a: Quagsire|130\/297\n|-heal|p1a: Mimikyu|103\/209|[from] drain|[of] p2a: Quagsire\n|-damage|p1a: Mimikyu|83\/209|[from] item: Life Orb\n|move|p2a: Quagsire|Recover|p2a: Quagsire\n|-heal|p2a: Quagsire|279\/297\n|\n|-heal|p2a: Quagsire|297\/297|[from] item: Leftovers\n|upkeep\n|turn|10\n|\n|t:|1665351694\n|move|p1a: Mimikyu|Play Rough|p2a: Quagsire\n|-damage|p2a: Quagsire|188\/297\n|-damage|p1a: Mimikyu|63\/209|[from] item: Life Orb\n|move|p2a: Quagsire|Earthquake|p1a: Mimikyu\n|-damage|p1a: Mimikyu|0 fnt\n|faint|p1a: Mimikyu\n|\n|-heal|p2a: Quagsire|206\/297|[from] item: Leftovers\n|upkeep\n|c| is vae okay??|this aint looking good for firelord haTONator\n|c|\u2606Firelord Term|give me a crit!!\n|c| Ugaming|Yikes\n|c| is vae okay??|im calling a 3-1\n|c|\u2606misplayin|the mu hoed u\n|c| is vae okay??|jay\n|\n|t:|1665351720\n|switch|p1a: Tapu Lele|Tapu Lele, L79|240\/240\n|-fieldstart|move: Psychic Terrain|[from] ability: Psychic Surge|[of] p1a: Tapu Lele\n|turn|11\n|c| Ugaming|Ye ngl\n|c| Ugaming|This matchup\n|\n|t:|1665351724\n|switch|p2a: Claydol|Claydol, L86|243\/243\n|move|p1a: Tapu Lele|Psychic|p2a: Claydol\n|-resisted|p2a: Claydol\n|-damage|p2a: Claydol|192\/243\n|-damage|p1a: Tapu Lele|216\/240|[from] item: Life Orb\n|\n|upkeep\n|turn|12\n|c| Ugaming|Is ass\n|c| Ugaming|Omao\n|c| Ugaming|Lmao*\n|\n|t:|1665351733\n|move|p1a: Tapu Lele|Calm Mind|p1a: Tapu Lele\n|-boost|p1a: Tapu Lele|spa|1\n|-boost|p1a: Tapu Lele|spd|1\n|move|p2a: Claydol|Earthquake|p1a: Tapu Lele\n|-damage|p1a: Tapu Lele|113\/240\n|\n|upkeep\n|turn|13\n|\n|t:|1665351735\n|move|p1a: Tapu Lele|Moonblast|p2a: Claydol\n|-damage|p2a: Claydol|79\/243\n|-damage|p1a: Tapu Lele|89\/240|[from] item: Life Orb\n|move|p2a: Claydol|Earthquake|p1a: Tapu Lele\n|-damage|p1a: Tapu Lele|0 fnt\n|faint|p1a: Tapu Lele\n|\n|upkeep\n|\n|t:|1665351739\n|switch|p1a: Mr. Mime|Mr. Mime, L86, M|209\/209\n|turn|14\n|c| is vae okay??|even the most positive ni66a Ugaming said yikes\n|\n|t:|1665351745\n|move|p1a: Mr. Mime|Nasty Plot|p1a: Mr. Mime\n|-boost|p1a: Mr. Mime|spa|2\n|move|p2a: Claydol|Earthquake|p1a: Mr. Mime\n|-damage|p1a: Mr. Mime|95\/209\n|\n|upkeep\n|turn|15\n|c| is vae okay??|G fucking G\n|inactive|Firelord Term has 270 seconds left.\n|\n|t:|1665351778\n|move|p1a: Mr. Mime|Dazzling Gleam|p2a: Claydol\n|-damage|p2a: Claydol|0 fnt\n|faint|p2a: Claydol\n|-damage|p1a: Mr. Mime|75\/209|[from] item: Life Orb\n|\n|-fieldend|move: Psychic Terrain\n|upkeep\n|\n|t:|1665351781\n|switch|p2a: Dugtrio|Dugtrio-Alola, L82, M|192\/192\n|turn|16\n|\n|t:|1665351786\n|-start|p2a: Dugtrio|Dynamax|\n|-heal|p2a: Dugtrio|384\/384|[silent]\n|move|p2a: Dugtrio|Max Steelspike|p1a: Mr. Mime\n|-supereffective|p1a: Mr. Mime\n|-damage|p1a: Mr. Mime|0 fnt\n|-boost|p2a: Dugtrio|def|1\n|faint|p1a: Mr. Mime\n|-damage|p2a: Dugtrio|365\/384|[from] item: Life Orb\n|\n|win|misplayin\n","inputlog":">version 482fe7eb19456f4b660b04997b97985dcf3f1bca\n>start {\"formatid\":\"gen8monotyperandombattle\",\"seed\":[59164,43307,1865,23984]}\n>player p1 {\"name\":\"Firelord Term\",\"avatar\":\"flint\",\"rating\":0,\"seed\":[41168,23166,12525,25792]}\n>player p2 {\"name\":\"misplayin\",\"avatar\":\"pokemonrangerf-gen4\",\"rating\":0,\"seed\":[40208,32275,3081,20757]}\n>chat \u2606misplayin|well\n>chat \u2606Firelord Term|this lookin tuff\n>chat \u2606misplayin|hella\n>p1 move bodypress\n>p2 move earthquake\n>chat \u2606Firelord Term|wtf LOL\n>p1 switch 6\n>chat \u2606misplayin|srry :\/\n>chat \u2606Firelord Term|ts ight\n>p1 move bodypress\n>p2 move earthquake\n>chat \u2606Firelord Term|that shit didnt kill\n>chat \u2606Firelord Term|carbink is so ASS\n>p1 move bodypress\n>p2 move earthquake\n>p1 switch 2\n>p2 switch 3\n>p1 move dazzlinggleam\n>p2 move earthquake\n>p1 move dazzlinggleam\n>p2 move earthquake\n>p1 switch 5\n>p1 move swordsdance\n>p2 move earthquake\n>p1 move shadowsneak\n>p2 switch 4\n>p1 move playrough\n>p2 move scald\n>p1 move drainpunch\n>p2 move recover\n>p1 move playrough\n>p2 move earthquake\n>chat  is vae okay??|this aint looking good for firelord haTONator \n>chat \u2606Firelord Term|give me a crit!!\n>chat  Ugaming|Yikes\n>chat  is vae okay??|im calling a 3-1\n>chat \u2606misplayin|the mu hoed u\n>chat  is vae okay??|jay\n>p1 switch 3\n>chat  Ugaming|Ye ngl\n>chat  Ugaming|This matchup\n>p1 move psychic\n>p2 switch 6\n>chat  Ugaming|Is ass\n>chat  Ugaming|Omao\n>chat  Ugaming|Lmao*\n>p1 move calmmind\n>p2 move earthquake\n>p1 move moonblast\n>p2 move earthquake\n>p1 switch 4\n>chat  is vae okay??|even the most positive ni66a Ugaming said yikes \n>p1 move nastyplot\n>p2 move earthquake\n>chat  is vae okay??|G fucking G\n>p1 move dazzlinggleam\n>p2 move earthquake\n>p2 switch 5\n>p1 move focusblast\n>p2 move ironhead dynamax","uploadtime":1665351795,"views":3,"p1id":"firelordterm","p2id":"misplayin","formatid":"gen8monotyperandombattle","rating":0,"private":0,"password":null}