{"id":"gen8randombattle-1695153581","p1":"Cinarguncavdi2231","p2":"firepunch917","format":"gen8randombattle","log":"|j|\u203dCinarguncavdi2231\n|j|\u2606firepunch917\n|t:|1666773718\n|gametype|singles\n|player|p1|Cinarguncavdi2231|guitarist-gen4|2034\n|player|p2|firepunch917|266|2059\n|teamsize|p1|6\n|teamsize|p2|6\n|gen|8\n|tier|[Gen 8] Random Battle\n|rated|\n|rule|Species Clause: Limit one of each Pok\u00e9mon\n|rule|HP Percentage Mod: HP is shown in percentages\n|rule|Sleep Clause Mod: Limit one foe put to sleep\n|\n|t:|1666773718\n|start\n|switch|p1a: Eternatus|Eternatus, L69|308\/308\n|switch|p2a: Whiscash|Whiscash, L86, F|329\/329\n|-ability|p1a: Eternatus|Pressure\n|turn|1\n|inactive|Battle timer is ON: inactive players will automatically lose when time's up. (requested by Cinarguncavdi2231)\n|inactive|firepunch917 has 120 seconds left.\n|\n|t:|1666773757\n|move|p1a: Eternatus|Dynamax Cannon|p2a: Whiscash\n|-damage|p2a: Whiscash|205\/329\n|move|p2a: Whiscash|Dragon Dance|p2a: Whiscash\n|-boost|p2a: Whiscash|atk|1\n|-boost|p2a: Whiscash|spe|1\n|\n|upkeep\n|turn|2\n|\n|t:|1666773768\n|switch|p1a: Kangaskhan|Kangaskhan, L84, F|314\/314\n|move|p2a: Whiscash|Earthquake|p1a: Kangaskhan\n|-damage|p1a: Kangaskhan|115\/314\n|-damage|p2a: Whiscash|173\/329|[from] item: Life Orb\n|\n|upkeep\n|turn|3\n|\n|t:|1666773773\n|move|p1a: Kangaskhan|Fake Out|p2a: Whiscash\n|-damage|p2a: Whiscash|130\/329\n|cant|p2a: Whiscash|flinch\n|\n|upkeep\n|turn|4\n|\n|t:|1666773776\n|move|p1a: Kangaskhan|Sucker Punch|p2a: Whiscash\n|-damage|p2a: Whiscash|79\/329\n|move|p2a: Whiscash|Earthquake|p1a: Kangaskhan\n|-damage|p1a: Kangaskhan|0 fnt\n|faint|p1a: Kangaskhan\n|-damage|p2a: Whiscash|47\/329|[from] item: Life Orb\n|\n|upkeep\n|\n|t:|1666773786\n|switch|p1a: Zapdos|Zapdos, L78|268\/268\n|turn|5\n|\n|t:|1666773789\n|move|p2a: Whiscash|Stone Edge|p1a: Zapdos\n|-supereffective|p1a: Zapdos\n|-damage|p1a: Zapdos|16\/268\n|-damage|p2a: Whiscash|15\/329|[from] item: Life Orb\n|move|p1a: Zapdos|U-turn|p2a: Whiscash\n|-damage|p2a: Whiscash|0 fnt\n|faint|p2a: Whiscash\n|\n|t:|1666773795\n|switch|p1a: Torkoal|Torkoal, L86, F|261\/261\n|-weather|SunnyDay|[from] ability: Drought|[of] p1a: Torkoal\n|\n|-weather|SunnyDay|[upkeep]\n|upkeep\n|\n|t:|1666773817\n|switch|p2a: Archeops|Archeops, L82, F|257\/257\n|turn|6\n|\n|t:|1666773825\n|move|p2a: Archeops|Stone Edge|p1a: Torkoal\n|-supereffective|p1a: Torkoal\n|-damage|p1a: Torkoal|69\/261\n|move|p1a: Torkoal|Stealth Rock|p2a: Archeops\n|-sidestart|p2: firepunch917|move: Stealth Rock\n|\n|-weather|SunnyDay|[upkeep]\n|upkeep\n|turn|7\n|\n|t:|1666773832\n|move|p2a: Archeops|Stone Edge|p1a: Torkoal|[miss]\n|-miss|p2a: Archeops|p1a: Torkoal\n|move|p1a: Torkoal|Lava Plume|p2a: Archeops\n|-resisted|p2a: Archeops\n|-damage|p2a: Archeops|187\/257\n|\n|-weather|SunnyDay|[upkeep]\n|upkeep\n|turn|8\n|\n|t:|1666773836\n|move|p2a: Archeops|Stone Edge|p1a: Torkoal|[miss]\n|-miss|p2a: Archeops|p1a: Torkoal\n|move|p1a: Torkoal|Lava Plume|p2a: Archeops\n|-resisted|p2a: Archeops\n|-damage|p2a: Archeops|109\/257\n|\n|-weather|SunnyDay|[upkeep]\n|upkeep\n|turn|9\n|\n|t:|1666773840\n|move|p2a: Archeops|Stone Edge|p1a: Torkoal|[miss]\n|-miss|p2a: Archeops|p1a: Torkoal\n|move|p1a: Torkoal|Lava Plume|p2a: Archeops\n|-resisted|p2a: Archeops\n|-damage|p2a: Archeops|32\/257\n|-status|p2a: Archeops|brn\n|\n|-weather|none\n|-damage|p2a: Archeops|16\/257 brn|[from] brn\n|upkeep\n|turn|10\n|\n|t:|1666773847\n|switch|p1a: Rhyperior|Rhyperior, L82, F|323\/323\n|move|p2a: Archeops|Stone Edge|p1a: Rhyperior\n|-resisted|p1a: Rhyperior\n|-damage|p1a: Rhyperior|311\/323\n|\n|-damage|p2a: Archeops|0 fnt|[from] brn\n|faint|p2a: Archeops\n|upkeep\n|\n|t:|1666773853\n|switch|p2a: Celebi|Celebi, L82|298\/298\n|-damage|p2a: Celebi|261\/298|[from] Stealth Rock\n|turn|11\n|\n|t:|1666773860\n|switch|p1a: Torkoal|Torkoal, L86, F|69\/261\n|-weather|SunnyDay|[from] ability: Drought|[of] p1a: Torkoal\n|move|p2a: Celebi|Giga Drain|p1a: Torkoal\n|-resisted|p1a: Torkoal\n|-damage|p1a: Torkoal|21\/261\n|-heal|p2a: Celebi|285\/298|[from] drain|[of] p1a: Torkoal\n|\n|-weather|SunnyDay|[upkeep]\n|-heal|p2a: Celebi|298\/298|[from] item: Leftovers\n|upkeep\n|turn|12\n|\n|t:|1666773865\n|move|p2a: Celebi|Giga Drain|p1a: Torkoal\n|-resisted|p1a: Torkoal\n|-damage|p1a: Torkoal|0 fnt\n|faint|p1a: Torkoal\n|\n|-weather|SunnyDay|[upkeep]\n|upkeep\n|\n|t:|1666773869\n|switch|p1a: Eternatus|Eternatus, L69|308\/308\n|-ability|p1a: Eternatus|Pressure\n|turn|13\n|\n|t:|1666773876\n|move|p1a: Eternatus|Sludge Wave|p2a: Celebi\n|-supereffective|p2a: Celebi\n|-damage|p2a: Celebi|118\/298\n|move|p2a: Celebi|Psychic|p1a: Eternatus\n|-supereffective|p1a: Eternatus\n|-damage|p1a: Eternatus|90\/308\n|\n|-weather|SunnyDay|[upkeep]\n|-heal|p2a: Celebi|136\/298|[from] item: Leftovers\n|upkeep\n|turn|14\n|\n|t:|1666773881\n|switch|p2a: Nidoking|Nidoking, L82, M|267\/267\n|-damage|p2a: Nidoking|251\/267|[from] Stealth Rock\n|move|p1a: Eternatus|Sludge Wave|p2a: Nidoking\n|-resisted|p2a: Nidoking\n|-damage|p2a: Nidoking|220\/267\n|\n|-weather|SunnyDay|[upkeep]\n|upkeep\n|turn|15\n|\n|t:|1666773889\n|switch|p1a: Zapdos|Zapdos, L78|16\/268\n|move|p2a: Nidoking|Ice Beam|p1a: Zapdos\n|-supereffective|p1a: Zapdos\n|-damage|p1a: Zapdos|0 fnt\n|faint|p1a: Zapdos\n|\n|-weather|none\n|upkeep\n|\n|t:|1666773895\n|switch|p1a: Rhyperior|Rhyperior, L82, F|311\/323\n|turn|16\n|\n|t:|1666773900\n|move|p2a: Nidoking|Earth Power|p1a: Rhyperior\n|-supereffective|p1a: Rhyperior\n|-damage|p1a: Rhyperior|17\/323\n|-enditem|p1a: Rhyperior|Weakness Policy\n|-boost|p1a: Rhyperior|atk|2|[from] item: Weakness Policy\n|-boost|p1a: Rhyperior|spa|2|[from] item: Weakness Policy\n|move|p1a: Rhyperior|Rock Polish|p1a: Rhyperior\n|-boost|p1a: Rhyperior|spe|2\n|\n|upkeep\n|turn|17\n|\n|t:|1666773907\n|move|p1a: Rhyperior|Earthquake|p2a: Nidoking\n|-supereffective|p2a: Nidoking\n|-damage|p2a: Nidoking|0 fnt\n|faint|p2a: Nidoking\n|\n|upkeep\n|\n|t:|1666773912\n|switch|p2a: Celebi|Celebi, L82|136\/298\n|-damage|p2a: Celebi|99\/298|[from] Stealth Rock\n|turn|18\n|\n|t:|1666773918\n|-start|p1a: Rhyperior|Dynamax|\n|-heal|p1a: Rhyperior|34\/646|[silent]\n|move|p1a: Rhyperior|Max Flutterby|p2a: Celebi\n|-supereffective|p2a: Celebi\n|-damage|p2a: Celebi|0 fnt\n|faint|p2a: Celebi\n|\n|upkeep\n|\n|t:|1666773922\n|switch|p2a: Obstagoon|Obstagoon, L80, M|280\/280\n|-damage|p2a: Obstagoon|245\/280|[from] Stealth Rock\n|turn|19\n|\n|t:|1666773928\n|-start|p2a: Obstagoon|Dynamax|\n|-heal|p2a: Obstagoon|490\/560|[silent]\n|move|p1a: Rhyperior|Max Guard|p1a: Rhyperior\n|-singleturn|p1a: Rhyperior|Max Guard\n|move|p2a: Obstagoon|Max Knuckle|p1a: Rhyperior\n|-activate|p1a: Rhyperior|move: Max Guard\n|\n|-status|p2a: Obstagoon|brn|[from] item: Flame Orb\n|upkeep\n|turn|20\n|\n|t:|1666773930\n|move|p1a: Rhyperior|Max Quake|p2a: Obstagoon\n|-damage|p2a: Obstagoon|150\/560 brn\n|-boost|p1a: Rhyperior|spd|1\n|move|p2a: Obstagoon|Max Knuckle|p1a: Rhyperior\n|-supereffective|p1a: Rhyperior\n|-crit|p1a: Rhyperior\n|-damage|p1a: Rhyperior|0 fnt\n|-boost|p2a: Obstagoon|atk|1\n|faint|p1a: Rhyperior\n|\n|-damage|p2a: Obstagoon|133\/560 brn|[from] brn\n|upkeep\n|\n|t:|1666773936\n|switch|p1a: Eternatus|Eternatus, L69|90\/308\n|-ability|p1a: Eternatus|Pressure\n|turn|21\n|\n|t:|1666773941\n|move|p1a: Eternatus|Dynamax Cannon|p2a: Obstagoon\n|-damage|p2a: Obstagoon|0 fnt\n|faint|p2a: Obstagoon\n|\n|upkeep\n|\n|t:|1666773943\n|switch|p2a: Moltres|Moltres-Galar, L75|259\/259\n|-damage|p2a: Moltres|195\/259|[from] Stealth Rock\n|turn|22\n|\n|t:|1666773947\n|move|p1a: Eternatus|Recover|p1a: Eternatus\n|-heal|p1a: Eternatus|244\/308\n|move|p2a: Moltres|Nasty Plot|p2a: Moltres\n|-boost|p2a: Moltres|spa|2\n|\n|upkeep\n|turn|23\n|\n|t:|1666773953\n|move|p1a: Eternatus|Dynamax Cannon|p2a: Moltres\n|-damage|p2a: Moltres|104\/259\n|-ability|p2a: Moltres|Berserk|boost\n|-boost|p2a: Moltres|spa|1\n|move|p2a: Moltres|Rest|p2a: Moltres\n|-status|p2a: Moltres|slp|[from] move: Rest\n|-heal|p2a: Moltres|259\/259 slp|[silent]\n|-enditem|p2a: Moltres|Chesto Berry|[eat]\n|-curestatus|p2a: Moltres|slp|[msg]\n|\n|upkeep\n|turn|24\n|\n|t:|1666773961\n|move|p1a: Eternatus|Sludge Wave|p2a: Moltres\n|-damage|p2a: Moltres|178\/259\n|move|p2a: Moltres|Fiery Wrath|p1a: Eternatus\n|-damage|p1a: Eternatus|30\/308\n|\n|upkeep\n|turn|25\n|\n|t:|1666773970\n|move|p1a: Eternatus|Sludge Wave|p2a: Moltres\n|-damage|p2a: Moltres|84\/259\n|-ability|p2a: Moltres|Berserk|boost\n|-boost|p2a: Moltres|spa|1\n|move|p2a: Moltres|Fiery Wrath|p1a: Eternatus\n|-damage|p1a: Eternatus|0 fnt\n|faint|p1a: Eternatus\n|\n|upkeep\n|\n|t:|1666773973\n|switch|p1a: Absol|Absol, L84, F|246\/246\n|turn|26\n|\n|t:|1666773976\n|move|p2a: Moltres|Hurricane|p1a: Absol\n|-damage|p1a: Absol|0 fnt\n|faint|p1a: Absol\n|\n|win|firepunch917\n|raw|Cinarguncavdi2231's rating: 2034 &rarr; <strong>2015<\/strong><br \/>(-19 for losing)\n|raw|firepunch917's rating: 2059 &rarr; <strong>2078<\/strong><br \/>(+19 for winning)\n","inputlog":">version cdc5fe0aa6fcc38eea459fd4e334db1536a68c32\n>start {\"formatid\":\"gen8randombattle\",\"seed\":[39583,58636,42575,54469],\"rated\":\"Rated battle\"}\n>player p1 {\"name\":\"Cinarguncavdi2231\",\"avatar\":\"guitarist-gen4\",\"rating\":2034,\"seed\":[56039,37945,24410,26683]}\n>player p2 {\"name\":\"firepunch917\",\"avatar\":\"266\",\"rating\":2059,\"seed\":[54424,53273,57920,46715]}\n>p1 move dynamaxcannon\n>p2 move dragondance\n>p1 switch 3\n>p2 move earthquake\n>p1 move fakeout\n>p2 move earthquake\n>p1 move suckerpunch\n>p2 move earthquake\n>p1 switch 4\n>p1 move uturn\n>p2 move stoneedge\n>p1 switch 2\n>p2 switch 6\n>p1 move stealthrock\n>p2 move stoneedge\n>p1 move lavaplume\n>p2 move stoneedge\n>p1 move lavaplume\n>p2 move stoneedge\n>p1 move lavaplume\n>p2 move stoneedge\n>p1 switch 5\n>p2 move stoneedge\n>p2 switch 4\n>p1 switch 5\n>p2 move gigadrain\n>p1 move lavaplume\n>p2 move gigadrain\n>p1 switch 3\n>p1 move sludgewave\n>p2 move psychic\n>p1 move sludgewave\n>p2 switch 5\n>p1 switch 2\n>p2 move icebeam\n>p1 switch 5\n>p1 move rockpolish\n>p2 move earthpower\n>p1 move earthquake\n>p2 move earthpower\n>p2 switch 5\n>p1 move megahorn dynamax\n>p2 move gigadrain\n>p2 switch 3\n>p1 move rockpolish dynamax\n>p2 move closecombat dynamax\n>p1 move earthquake dynamax\n>p2 move closecombat dynamax\n>p1 switch 2\n>p1 move dynamaxcannon\n>p2 move facade dynamax\n>p2 switch 2\n>p1 move recover\n>p2 move nastyplot\n>p1 move dynamaxcannon\n>p2 move rest\n>p1 move sludgewave\n>p2 move fierywrath\n>p1 move sludgewave\n>p2 move fierywrath\n>p1 switch 6\n>p1 move closecombat\n>p2 move hurricane","uploadtime":1666773981,"views":1,"p1id":"cinarguncavdi2231","p2id":"firepunch917","formatid":"gen8randombattle","rating":2015,"private":0,"password":null}