{"id":"gen8randombattle-1335624272","p1":"ferromolybdenum","p2":"Jeff Fam","format":"gen8randombattle","log":"|j|\u2606ferromolybdenum\n|j|\u2606Jeff Fam\n|t:|1620326365\n|gametype|singles\n|player|p1|ferromolybdenum|101|1634\n|player|p2|Jeff Fam|102|1575\n|teamsize|p1|6\n|teamsize|p2|6\n|gen|8\n|tier|[Gen 8] Random Battle\n|rated|\n|rule|Species Clause: Limit one of each Pok\u00e9mon\n|rule|HP Percentage Mod: HP is shown in percentages\n|rule|Sleep Clause Mod: Limit one foe put to sleep\n|\n|t:|1620326365\n|start\n|switch|p1a: Hitmonlee|Hitmonlee, L84, M|221\/221\n|switch|p2a: Alakazam|Alakazam, L78, M|214\/214\n|turn|1\n|\n|t:|1620326404\n|switch|p1a: Slowking|Slowking, L86, M|304\/304\n|move|p2a: Alakazam|Psychic|p1a: Slowking\n|-resisted|p1a: Slowking\n|-damage|p1a: Slowking|259\/304\n|\n|-heal|p1a: Slowking|278\/304|[from] item: Leftovers\n|upkeep\n|turn|2\n|\n|t:|1620326416\n|move|p2a: Alakazam|Shadow Ball|p1a: Slowking\n|-supereffective|p1a: Slowking\n|-damage|p1a: Slowking|166\/304\n|-unboost|p1a: Slowking|spd|1\n|move|p1a: Slowking|Psyshock|p2a: Alakazam\n|-resisted|p2a: Alakazam\n|-damage|p2a: Alakazam|136\/214\n|\n|-heal|p1a: Slowking|185\/304|[from] item: Leftovers\n|upkeep\n|turn|3\n|inactive|Battle timer is ON: inactive players will automatically lose when time's up. (requested by Jeff Fam)\n|\n|t:|1620326427\n|switch|p1a: Virizion|Virizion, L82|283\/283\n|move|p2a: Alakazam|Shadow Ball|p1a: Virizion\n|-damage|p1a: Virizion|235\/283\n|-unboost|p1a: Virizion|spd|1\n|\n|upkeep\n|turn|4\n|\n|t:|1620326433\n|switch|p1a: Slowking|Slowking, L86, M|286\/304\n|move|p2a: Alakazam|Psychic|p1a: Slowking\n|-resisted|p1a: Slowking\n|-damage|p1a: Slowking|241\/304\n|\n|-heal|p1a: Slowking|260\/304|[from] item: Leftovers\n|upkeep\n|turn|5\n|\n|t:|1620326440\n|move|p2a: Alakazam|Shadow Ball|p1a: Slowking\n|-supereffective|p1a: Slowking\n|-damage|p1a: Slowking|158\/304\n|-unboost|p1a: Slowking|spd|1\n|move|p1a: Slowking|Psyshock|p2a: Alakazam\n|-resisted|p2a: Alakazam\n|-damage|p2a: Alakazam|59\/214\n|\n|-heal|p1a: Slowking|177\/304|[from] item: Leftovers\n|upkeep\n|turn|6\n|\n|t:|1620326449\n|switch|p1a: Frosmoth|Frosmoth, L82, M|249\/249\n|move|p2a: Alakazam|Shadow Ball|p1a: Frosmoth\n|-damage|p1a: Frosmoth|215\/249\n|\n|upkeep\n|turn|7\n|\n|t:|1620326458\n|switch|p2a: Naganadel|Naganadel, L74|230\/230\n|move|p1a: Frosmoth|Quiver Dance|p1a: Frosmoth\n|-boost|p1a: Frosmoth|spa|1\n|-boost|p1a: Frosmoth|spd|1\n|-boost|p1a: Frosmoth|spe|1\n|\n|upkeep\n|turn|8\n|\n|t:|1620326462\n|-start|p2a: Naganadel|Dynamax\n|-heal|p2a: Naganadel|460\/460|[silent]\n|move|p1a: Frosmoth|Ice Beam|p2a: Naganadel\n|-supereffective|p2a: Naganadel\n|-damage|p2a: Naganadel|10\/460\n|move|p2a: Naganadel|Max Flare|p1a: Frosmoth\n|-supereffective|p1a: Frosmoth\n|-damage|p1a: Frosmoth|62\/249\n|-weather|SunnyDay\n|-damage|p2a: Naganadel|0 fnt|[from] item: Life Orb\n|faint|p2a: Naganadel\n|\n|-weather|SunnyDay|[upkeep]\n|upkeep\n|-message|Jeff Fam forfeited.\n|\n|win|ferromolybdenum\n|l|\u2606Jeff Fam\n|raw|ferromolybdenum's rating: 1613 &rarr; <strong>1631<\/strong><br \/>(+18 for winning)\n|raw|Jeff Fam's rating: 1575 &rarr; <strong>1557<\/strong><br \/>(-18 for losing)\n||Ladder isn't responding, score probably updated but might not have (Request timeout).\n","inputlog":">version 34d648083740d958d312b9dc07e6224d1eae8363\n>start {\"formatid\":\"gen8randombattle\",\"seed\":[20441,37134,2470,11922],\"rated\":\"Rated battle\"}\n>player p1 {\"name\":\"ferromolybdenum\",\"avatar\":\"101\",\"rating\":1634,\"seed\":[12799,35285,15934,13168]}\n>player p2 {\"name\":\"Jeff Fam\",\"avatar\":\"102\",\"rating\":1575,\"seed\":[36886,25321,41530,21340]}\n>p1 switch 5\n>p2 move psychic\n>p1 move psyshock\n>p2 move shadowball\n>p1 switch 6\n>p2 move shadowball\n>p1 switch 6\n>p2 move psychic\n>p1 move psyshock\n>p2 move shadowball\n>p1 switch 4\n>p2 move shadowball\n>p1 move quiverdance\n>p2 switch 2\n>p1 move icebeam\n>p2 move fireblast dynamax\n>forcelose p2","uploadtime":1620326488,"views":6,"p1id":"ferromolybdenum","p2id":"jefffam","formatid":"gen8randombattle","rating":1557,"private":0,"password":null}