{"id":"gen8unratedrandombattle-1706972710","p1":"K3nsh11","p2":"thypode","format":"gen8unratedrandombattle","log":"|j|\u2606K3nsh11\n|j|\u2606thypode\n|t:|1668037759\n|gametype|singles\n|player|p1|K3nsh11|1|\n|player|p2|thypode|265|\n|teamsize|p1|6\n|teamsize|p2|6\n|gen|8\n|tier|[Gen 8] Unrated Random Battle\n|rule|Species Clause: Limit one of each Pok\u00e9mon\n|rule|HP Percentage Mod: HP is shown in percentages\n|rule|Sleep Clause Mod: Limit one foe put to sleep\n|\n|t:|1668037759\n|start\n|switch|p1a: Heatmor|Heatmor, L90, F|299\/299\n|switch|p2a: Malamar|Malamar, L80, M|269\/269\n|turn|1\n|\n|t:|1668037771\n|move|p1a: Heatmor|Substitute|p1a: Heatmor\n|-start|p1a: Heatmor|Substitute\n|-damage|p1a: Heatmor|225\/299\n|move|p2a: Malamar|Psycho Cut|p1a: Heatmor\n|-end|p1a: Heatmor|Substitute\n|\n|upkeep\n|turn|2\n|\n|t:|1668037779\n|move|p1a: Heatmor|Knock Off|p2a: Malamar\n|-damage|p2a: Malamar|181\/269\n|-enditem|p2a: Malamar|Leftovers|[from] move: Knock Off|[of] p1a: Heatmor\n|move|p2a: Malamar|Psycho Cut|p1a: Heatmor\n|-damage|p1a: Heatmor|147\/299\n|\n|upkeep\n|turn|3\n|\n|t:|1668037787\n|move|p1a: Heatmor|Giga Drain|p2a: Malamar\n|-damage|p2a: Malamar|103\/269\n|-heal|p1a: Heatmor|186\/299|[from] drain|[of] p2a: Malamar\n|move|p2a: Malamar|Knock Off|p1a: Heatmor\n|-damage|p1a: Heatmor|78\/299\n|-enditem|p1a: Heatmor|Heavy-Duty Boots|[from] move: Knock Off|[of] p2a: Malamar\n|\n|upkeep\n|turn|4\n|inactive|Battle timer is ON: inactive players will automatically lose when time's up. (requested by K3nsh11)\n|\n|t:|1668037795\n|move|p1a: Heatmor|Giga Drain|p2a: Malamar\n|-damage|p2a: Malamar|25\/269\n|-heal|p1a: Heatmor|117\/299|[from] drain|[of] p2a: Malamar\n|move|p2a: Malamar|Psycho Cut|p1a: Heatmor\n|-damage|p1a: Heatmor|38\/299\n|\n|upkeep\n|turn|5\n|\n|t:|1668037802\n|move|p1a: Heatmor|Giga Drain|p2a: Malamar\n|-damage|p2a: Malamar|0 fnt\n|-heal|p1a: Heatmor|51\/299|[from] drain|[of] p2a: Malamar\n|faint|p2a: Malamar\n|\n|upkeep\n|\n|t:|1668037813\n|switch|p2a: Zapdos|Zapdos, L78|268\/268\n|turn|6\n|\n|t:|1668037820\n|move|p2a: Zapdos|Discharge|p1a: Heatmor\n|-damage|p1a: Heatmor|0 fnt\n|faint|p1a: Heatmor\n|\n|upkeep\n|\n|t:|1668037825\n|switch|p1a: Weavile|Weavile, L79, M|240\/240\n|turn|7\n|\n|t:|1668037832\n|move|p1a: Weavile|Triple Axel|p2a: Zapdos\n|-supereffective|p2a: Zapdos\n|-damage|p2a: Zapdos|218\/268\n|-supereffective|p2a: Zapdos\n|-damage|p2a: Zapdos|110\/268\n|-supereffective|p2a: Zapdos\n|-damage|p2a: Zapdos|0 fnt\n|faint|p2a: Zapdos\n|-hitcount|p2: Zapdos|3\n|\n|upkeep\n|\n|t:|1668037842\n|switch|p2a: Obstagoon|Obstagoon, L80, F|280\/280\n|turn|8\n|\n|t:|1668037857\n|switch|p1a: Lucario|Lucario, L82, F|249\/249\n|move|p2a: Obstagoon|Close Combat|p1a: Lucario\n|-supereffective|p1a: Lucario\n|-damage|p1a: Lucario|77\/249\n|-unboost|p2a: Obstagoon|def|1\n|-unboost|p2a: Obstagoon|spd|1\n|\n|-status|p2a: Obstagoon|brn|[from] item: Flame Orb\n|upkeep\n|turn|9\n|\n|t:|1668037870\n|move|p2a: Obstagoon|Close Combat|p1a: Lucario\n|-supereffective|p1a: Lucario\n|-damage|p1a: Lucario|0 fnt\n|-unboost|p2a: Obstagoon|def|1\n|-unboost|p2a: Obstagoon|spd|1\n|faint|p1a: Lucario\n|\n|-damage|p2a: Obstagoon|263\/280 brn|[from] brn\n|upkeep\n|\n|t:|1668037875\n|switch|p1a: Talonflame|Talonflame, L81, M|259\/259\n|turn|10\n|\n|t:|1668037888\n|move|p1a: Talonflame|Brave Bird|p2a: Obstagoon\n|-damage|p2a: Obstagoon|67\/280 brn\n|-damage|p1a: Talonflame|194\/259|[from] Recoil\n|move|p2a: Obstagoon|Knock Off|p1a: Talonflame\n|-damage|p1a: Talonflame|22\/259\n|-enditem|p1a: Talonflame|Heavy-Duty Boots|[from] move: Knock Off|[of] p2a: Obstagoon\n|\n|-damage|p2a: Obstagoon|50\/280 brn|[from] brn\n|upkeep\n|turn|11\n|\n|t:|1668037902\n|move|p1a: Talonflame|Roost|p1a: Talonflame\n|-heal|p1a: Talonflame|152\/259\n|-singleturn|p1a: Talonflame|move: Roost\n|move|p2a: Obstagoon|Facade|p1a: Talonflame\n|-damage|p1a: Talonflame|0 fnt\n|faint|p1a: Talonflame\n|\n|-damage|p2a: Obstagoon|33\/280 brn|[from] brn\n|upkeep\n|\n|t:|1668037905\n|switch|p1a: Weavile|Weavile, L79, M|240\/240\n|turn|12\n|\n|t:|1668037919\n|move|p1a: Weavile|Knock Off|p2a: Obstagoon\n|-resisted|p2a: Obstagoon\n|-damage|p2a: Obstagoon|0 fnt\n|-enditem|p2a: Obstagoon|Flame Orb|[from] move: Knock Off|[of] p1a: Weavile\n|faint|p2a: Obstagoon\n|\n|upkeep\n|\n|t:|1668037926\n|switch|p2a: Duraludon|Duraludon, L84, M|255\/255\n|turn|13\n|\n|t:|1668037935\n|switch|p1a: Skarmory|Skarmory, L80, F|235\/235\n|move|p2a: Duraludon|Flash Cannon|p1a: Skarmory\n|-resisted|p1a: Skarmory\n|-damage|p1a: Skarmory|158\/235\n|-damage|p2a: Duraludon|230\/255|[from] item: Life Orb\n|\n|-heal|p1a: Skarmory|172\/235|[from] item: Leftovers\n|upkeep\n|turn|14\n|\n|t:|1668037944\n|move|p2a: Duraludon|Thunderbolt|p1a: Skarmory\n|-supereffective|p1a: Skarmory\n|-damage|p1a: Skarmory|0 fnt\n|faint|p1a: Skarmory\n|-damage|p2a: Duraludon|205\/255|[from] item: Life Orb\n|\n|upkeep\n|\n|t:|1668037967\n|switch|p1a: Spectrier|Spectrier, L74|270\/270\n|turn|15\n|\n|t:|1668037974\n|move|p1a: Spectrier|Shadow Ball|p2a: Duraludon\n|-damage|p2a: Duraludon|69\/255\n|move|p2a: Duraludon|Draco Meteor|p1a: Spectrier\n|-damage|p1a: Spectrier|13\/270\n|-unboost|p2a: Duraludon|spa|2\n|-damage|p2a: Duraludon|44\/255|[from] item: Life Orb\n|\n|-heal|p1a: Spectrier|29\/270|[from] item: Leftovers\n|upkeep\n|turn|16\n|\n|t:|1668037984\n|move|p1a: Spectrier|Shadow Ball|p2a: Duraludon\n|-damage|p2a: Duraludon|0 fnt\n|faint|p2a: Duraludon\n|-ability|p1a: Spectrier|Grim Neigh|boost\n|-boost|p1a: Spectrier|spa|1\n|\n|-heal|p1a: Spectrier|45\/270|[from] item: Leftovers\n|upkeep\n|\n|t:|1668038010\n|switch|p2a: Articuno|Articuno-Galar, L80|275\/275\n|turn|17\n|\n|t:|1668038024\n|-start|p1a: Spectrier|Dynamax|\n|-heal|p1a: Spectrier|90\/540|[silent]\n|move|p1a: Spectrier|Max Phantasm|p2a: Articuno\n|-supereffective|p2a: Articuno\n|-damage|p2a: Articuno|0 fnt\n|faint|p2a: Articuno\n|-ability|p1a: Spectrier|Grim Neigh|boost\n|-boost|p1a: Spectrier|spa|1\n|\n|-heal|p1a: Spectrier|106\/540|[from] item: Leftovers\n|upkeep\n|\n|t:|1668038034\n|switch|p2a: Venusaur|Venusaur, L82, M|265\/265\n|turn|18\n|\n|t:|1668038041\n|-start|p2a: Venusaur|Dynamax|\n|-heal|p2a: Venusaur|530\/530|[silent]\n|move|p1a: Spectrier|Max Phantasm|p2a: Venusaur\n|-damage|p2a: Venusaur|241\/530\n|-unboost|p2a: Venusaur|def|1\n|move|p2a: Venusaur|Max Ooze|p1a: Spectrier\n|-resisted|p1a: Spectrier\n|-damage|p1a: Spectrier|52\/540\n|-boost|p2a: Venusaur|spa|1\n|\n|-heal|p1a: Spectrier|68\/540|[from] item: Leftovers\n|-heal|p2a: Venusaur|257\/530|[from] item: Black Sludge\n|upkeep\n|turn|19\n|l|\u2606thypode\n|inactive|thypode disconnected and has a minute to reconnect!\n|player|p2|\n|c|\u2606K3nsh11|?\n|inactive|thypode has 30 seconds to reconnect!\n|inactive|thypode has 20 seconds to reconnect!\n|inactive|thypode has 15 seconds to reconnect!\n|inactive|thypode has 10 seconds to reconnect!\n|inactive|thypode has 5 seconds to reconnect!\n|-message|thypode lost due to inactivity.\n|\n|win|K3nsh11\n","inputlog":">version 453a3ad56483cc6a5c08448f6577d394b68621b7\n>start {\"formatid\":\"gen8unratedrandombattle\",\"seed\":[57085,27532,39282,3320]}\n>player p1 {\"name\":\"K3nsh11\",\"avatar\":\"1\",\"rating\":0,\"seed\":[47522,31567,20107,37384]}\n>player p2 {\"name\":\"thypode\",\"avatar\":\"265\",\"rating\":0,\"seed\":[54997,59187,59509,666]}\n>p1 move substitute\n>p2 move psychocut\n>p1 move knockoff\n>p2 move psychocut\n>p1 move gigadrain\n>p2 move knockoff\n>p1 move gigadrain\n>p2 move psychocut\n>p1 move gigadrain\n>p2 move psychocut\n>p2 switch 3\n>p1 move firelash\n>p2 move discharge\n>p1 switch 2\n>p1 move tripleaxel\n>p2 move uturn\n>p2 switch 4\n>p1 switch 5\n>p2 move closecombat\n>p1 move closecombat\n>p2 move closecombat\n>p1 switch 6\n>p1 move bravebird\n>p2 move knockoff\n>p1 move roost\n>p2 move facade\n>p1 switch 5\n>p1 move knockoff\n>p2 move facade\n>p2 switch 2\n>p1 switch 4\n>p2 move flashcannon\n>p1 move stealthrock\n>p2 move thunderbolt\n>p1 switch 3\n>p1 move shadowball\n>p2 move dracometeor\n>p1 move shadowball\n>p2 move thunderbolt\n>p2 switch 5\n>p1 move shadowball dynamax\n>p2 move freezingglare\n>p2 switch 6\n>p1 move shadowball dynamax\n>p2 move sludgebomb dynamax\n>chat \u2606K3nsh11|?\n>forcelose p2","uploadtime":1668038132,"views":6,"p1id":"k3nsh11","p2id":"thypode","formatid":"gen8unratedrandombattle","rating":0,"private":0,"password":null}