{"id":"gen8randombattle-1512672221","p1":"miguel04cruz","p2":"Swordsman.N","format":"gen8randombattle","log":"|j|\u2606miguel04cruz\n|j|\u2606Swordsman.N\n|t:|1645065410\n|gametype|singles\n|player|p1|miguel04cruz|blaine|1851\n|player|p2|Swordsman.N|caitlin|1888\n|teamsize|p1|6\n|teamsize|p2|6\n|gen|8\n|tier|[Gen 8] Random Battle\n|rated|\n|rule|Species Clause: Limit one of each Pok\u00e9mon\n|rule|HP Percentage Mod: HP is shown in percentages\n|rule|Sleep Clause Mod: Limit one foe put to sleep\n|\n|t:|1645065410\n|start\n|switch|p1a: Glaceon|Glaceon, L88, M|258\/258\n|switch|p2a: Bellossom|Bellossom, L82, M|257\/257\n|turn|1\n|\n|t:|1645065436\n|move|p1a: Glaceon|Toxic|p2a: Bellossom|[miss]\n|-miss|p1a: Glaceon|p2a: Bellossom\n|move|p2a: Bellossom|Quiver Dance|p2a: Bellossom\n|-boost|p2a: Bellossom|spa|1\n|-boost|p2a: Bellossom|spd|1\n|-boost|p2a: Bellossom|spe|1\n|\n|upkeep\n|turn|2\n|\n|t:|1645065463\n|move|p2a: Bellossom|Quiver Dance|p2a: Bellossom\n|-boost|p2a: Bellossom|spa|1\n|-boost|p2a: Bellossom|spd|1\n|-boost|p2a: Bellossom|spe|1\n|move|p1a: Glaceon|Toxic|p2a: Bellossom\n|-status|p2a: Bellossom|tox\n|\n|-damage|p2a: Bellossom|241\/257 tox|[from] psn\n|upkeep\n|turn|3\n|\n|t:|1645065471\n|move|p2a: Bellossom|Giga Drain|p1a: Glaceon\n|-damage|p1a: Glaceon|140\/258\n|-heal|p2a: Bellossom|257\/257 tox|[from] drain|[of] p1a: Glaceon\n|move|p1a: Glaceon|Freeze-Dry|p2a: Bellossom\n|-supereffective|p2a: Bellossom\n|-damage|p2a: Bellossom|159\/257 tox\n|\n|-heal|p2a: Bellossom|175\/257 tox|[from] item: Leftovers\n|-heal|p1a: Glaceon|156\/258|[from] item: Leftovers\n|-damage|p2a: Bellossom|143\/257 tox|[from] psn\n|upkeep\n|turn|4\n|\n|t:|1645065482\n|move|p2a: Bellossom|Giga Drain|p1a: Glaceon\n|-damage|p1a: Glaceon|18\/258\n|-heal|p2a: Bellossom|212\/257 tox|[from] drain|[of] p1a: Glaceon\n|move|p1a: Glaceon|Wish|p1a: Glaceon\n|\n|-heal|p2a: Bellossom|228\/257 tox|[from] item: Leftovers\n|-heal|p1a: Glaceon|34\/258|[from] item: Leftovers\n|-damage|p2a: Bellossom|180\/257 tox|[from] psn\n|upkeep\n|turn|5\n|\n|t:|1645065493\n|move|p2a: Bellossom|Quiver Dance|p2a: Bellossom\n|-boost|p2a: Bellossom|spa|1\n|-boost|p2a: Bellossom|spd|1\n|-boost|p2a: Bellossom|spe|1\n|move|p1a: Glaceon|Freeze-Dry|p2a: Bellossom\n|-supereffective|p2a: Bellossom\n|-damage|p2a: Bellossom|106\/257 tox\n|\n|-heal|p1a: Glaceon|163\/258|[from] move: Wish|[wisher] Glaceon\n|-heal|p2a: Bellossom|122\/257 tox|[from] item: Leftovers\n|-heal|p1a: Glaceon|179\/258|[from] item: Leftovers\n|-damage|p2a: Bellossom|58\/257 tox|[from] psn\n|upkeep\n|turn|6\n|\n|t:|1645065507\n|move|p1a: Glaceon|Protect|p1a: Glaceon\n|-singleturn|p1a: Glaceon|Protect\n|move|p2a: Bellossom|Giga Drain|p1a: Glaceon\n|-activate|p1a: Glaceon|move: Protect\n|\n|-heal|p2a: Bellossom|74\/257 tox|[from] item: Leftovers\n|-heal|p1a: Glaceon|195\/258|[from] item: Leftovers\n|-damage|p2a: Bellossom|0 fnt|[from] psn\n|faint|p2a: Bellossom\n|upkeep\n|\n|t:|1645065516\n|switch|p2a: Clawitzer|Clawitzer, L84, M|256\/256\n|turn|7\n|\n|t:|1645065554\n|switch|p1a: Mew|Mew, L80|291\/291\n|move|p2a: Clawitzer|Aura Sphere|p1a: Mew\n|-resisted|p1a: Mew\n|-damage|p1a: Mew|226\/291\n|\n|upkeep\n|turn|8\n|\n|t:|1645065566\n|switch|p2a: Umbreon|Umbreon, L82, F|290\/290\n|move|p1a: Mew|Dragon Dance|p1a: Mew\n|-boost|p1a: Mew|atk|1\n|-boost|p1a: Mew|spe|1\n|\n|upkeep\n|turn|9\n|\n|t:|1645065577\n|move|p1a: Mew|Close Combat|p2a: Umbreon\n|-supereffective|p2a: Umbreon\n|-damage|p2a: Umbreon|94\/290\n|-unboost|p1a: Mew|def|1\n|-unboost|p1a: Mew|spd|1\n|move|p2a: Umbreon|Foul Play|p1a: Mew\n|-supereffective|p1a: Mew\n|-damage|p1a: Mew|0 fnt\n|faint|p1a: Mew\n|\n|-heal|p2a: Umbreon|112\/290|[from] item: Leftovers\n|upkeep\n|\n|t:|1645065613\n|switch|p1a: Exeggutor|Exeggutor-Alola, L87, M|307\/307\n|-item|p2a: Umbreon|Leftovers|[from] ability: Frisk|[of] p1a: Exeggutor|[identify]\n|turn|10\n|\n|t:|1645065620\n|move|p2a: Umbreon|Protect|p2a: Umbreon\n|-singleturn|p2a: Umbreon|Protect\n|move|p1a: Exeggutor|Draco Meteor|p2a: Umbreon\n|-activate|p2a: Umbreon|move: Protect\n|\n|-heal|p2a: Umbreon|130\/290|[from] item: Leftovers\n|upkeep\n|turn|11\n|\n|t:|1645065629\n|switch|p2a: Clawitzer|Clawitzer, L84, M|256\/256\n|move|p1a: Exeggutor|Draco Meteor|p2a: Clawitzer\n|-damage|p2a: Clawitzer|25\/256\n|-unboost|p1a: Exeggutor|spa|2\n|-damage|p1a: Exeggutor|277\/307|[from] item: Life Orb\n|\n|upkeep\n|turn|12\n|\n|t:|1645065642\n|switch|p1a: Glaceon|Glaceon, L88, M|195\/258\n|move|p2a: Clawitzer|Aura Sphere|p1a: Glaceon\n|-supereffective|p1a: Glaceon\n|-damage|p1a: Glaceon|0 fnt\n|faint|p1a: Glaceon\n|\n|upkeep\n|\n|t:|1645065651\n|switch|p1a: Milotic|Milotic, L82, M|290\/290\n|turn|13\n|\n|t:|1645065657\n|move|p1a: Milotic|Scald|p2a: Clawitzer\n|-resisted|p2a: Clawitzer\n|-damage|p2a: Clawitzer|0 fnt\n|faint|p2a: Clawitzer\n|\n|upkeep\n|\n|t:|1645065661\n|switch|p2a: Umbreon|Umbreon, L82, F|130\/290\n|turn|14\n|\n|t:|1645065668\n|move|p1a: Milotic|Scald|p2a: Umbreon\n|-damage|p2a: Umbreon|63\/290\n|move|p2a: Umbreon|Wish|p2a: Umbreon\n|\n|-heal|p2a: Umbreon|81\/290|[from] item: Leftovers\n|upkeep\n|turn|15\n|\n|t:|1645065679\n|switch|p1a: Rotom|Rotom-Heat, L82|216\/216\n|move|p2a: Umbreon|Toxic|p1a: Rotom\n|-status|p1a: Rotom|tox\n|\n|-heal|p2a: Umbreon|226\/290|[from] move: Wish|[wisher] Umbreon\n|-heal|p2a: Umbreon|244\/290|[from] item: Leftovers\n|-damage|p1a: Rotom|203\/216 tox|[from] psn\n|upkeep\n|turn|16\n|\n|t:|1645065691\n|move|p2a: Umbreon|Protect|p2a: Umbreon\n|-singleturn|p2a: Umbreon|Protect\n|move|p1a: Rotom|Nasty Plot|p1a: Rotom\n|-boost|p1a: Rotom|spa|2\n|\n|-heal|p2a: Umbreon|262\/290|[from] item: Leftovers\n|-damage|p1a: Rotom|177\/216 tox|[from] psn\n|upkeep\n|turn|17\n|\n|t:|1645065700\n|move|p1a: Rotom|Overheat|p2a: Umbreon\n|-damage|p2a: Umbreon|51\/290\n|-unboost|p1a: Rotom|spa|2\n|move|p2a: Umbreon|Wish|p2a: Umbreon\n|\n|-heal|p2a: Umbreon|69\/290|[from] item: Leftovers\n|-damage|p1a: Rotom|138\/216 tox|[from] psn\n|upkeep\n|turn|18\n|\n|t:|1645065708\n|move|p2a: Umbreon|Protect|p2a: Umbreon\n|-singleturn|p2a: Umbreon|Protect\n|move|p1a: Rotom|Nasty Plot|p1a: Rotom\n|-boost|p1a: Rotom|spa|2\n|\n|-heal|p2a: Umbreon|214\/290|[from] move: Wish|[wisher] Umbreon\n|-heal|p2a: Umbreon|232\/290|[from] item: Leftovers\n|-damage|p1a: Rotom|86\/216 tox|[from] psn\n|upkeep\n|turn|19\n|\n|t:|1645065723\n|move|p1a: Rotom|Overheat|p2a: Umbreon\n|-damage|p2a: Umbreon|7\/290\n|-unboost|p1a: Rotom|spa|2\n|move|p2a: Umbreon|Wish|p2a: Umbreon\n|\n|-heal|p2a: Umbreon|25\/290|[from] item: Leftovers\n|-damage|p1a: Rotom|21\/216 tox|[from] psn\n|upkeep\n|turn|20\n|\n|t:|1645065739\n|switch|p1a: Lickilicky|Lickilicky, L86, M|329\/329\n|move|p2a: Umbreon|Protect||[still]\n|-fail|p2a: Umbreon\n|\n|-heal|p2a: Umbreon|170\/290|[from] move: Wish|[wisher] Umbreon\n|-heal|p2a: Umbreon|188\/290|[from] item: Leftovers\n|upkeep\n|turn|21\n|\n|t:|1645065749\n|move|p2a: Umbreon|Toxic|p1a: Lickilicky\n|-status|p1a: Lickilicky|tox\n|move|p1a: Lickilicky|Knock Off|p2a: Umbreon\n|-resisted|p2a: Umbreon\n|-damage|p2a: Umbreon|159\/290\n|-enditem|p2a: Umbreon|Leftovers|[from] move: Knock Off|[of] p1a: Lickilicky\n|\n|-damage|p1a: Lickilicky|309\/329 tox|[from] psn\n|upkeep\n|turn|22\n|\n|t:|1645065756\n|move|p2a: Umbreon|Wish|p2a: Umbreon\n|move|p1a: Lickilicky|Wish|p1a: Lickilicky\n|\n|-heal|p1a: Lickilicky|329\/329 tox|[from] item: Leftovers\n|-damage|p1a: Lickilicky|289\/329 tox|[from] psn\n|upkeep\n|turn|23\n|\n|t:|1645065763\n|move|p2a: Umbreon|Foul Play|p1a: Lickilicky\n|-damage|p1a: Lickilicky|210\/329 tox\n|move|p1a: Lickilicky|Body Slam|p2a: Umbreon\n|-damage|p2a: Umbreon|83\/290\n|\n|-heal|p1a: Lickilicky|329\/329 tox|[from] move: Wish|[wisher] Lickilicky\n|-heal|p2a: Umbreon|228\/290|[from] move: Wish|[wisher] Umbreon\n|-damage|p1a: Lickilicky|269\/329 tox|[from] psn\n|upkeep\n|turn|24\n|\n|t:|1645065775\n|move|p2a: Umbreon|Wish|p2a: Umbreon\n|move|p1a: Lickilicky|Wish|p1a: Lickilicky\n|\n|-heal|p1a: Lickilicky|289\/329 tox|[from] item: Leftovers\n|-damage|p1a: Lickilicky|209\/329 tox|[from] psn\n|upkeep\n|turn|25\n|\n|t:|1645065785\n|switch|p1a: Rotom|Rotom-Heat, L82|21\/216 tox\n|move|p2a: Umbreon|Foul Play|p1a: Rotom\n|-damage|p1a: Rotom|0 fnt\n|faint|p1a: Rotom\n|\n|-heal|p2a: Umbreon|290\/290|[from] move: Wish|[wisher] Umbreon\n|upkeep\n|\n|t:|1645065793\n|switch|p1a: Lickilicky|Lickilicky, L86, M|209\/329 tox\n|turn|26\n|\n|t:|1645065797\n|move|p2a: Umbreon|Foul Play|p1a: Lickilicky\n|-damage|p1a: Lickilicky|128\/329 tox\n|move|p1a: Lickilicky|Wish|p1a: Lickilicky\n|\n|-heal|p1a: Lickilicky|148\/329 tox|[from] item: Leftovers\n|-damage|p1a: Lickilicky|128\/329 tox|[from] psn\n|upkeep\n|turn|27\n|\n|t:|1645065805\n|move|p2a: Umbreon|Foul Play|p1a: Lickilicky\n|-damage|p1a: Lickilicky|43\/329 tox\n|move|p1a: Lickilicky|Body Slam|p2a: Umbreon\n|-damage|p2a: Umbreon|215\/290\n|\n|-heal|p1a: Lickilicky|207\/329 tox|[from] move: Wish|[wisher] Lickilicky\n|-heal|p1a: Lickilicky|227\/329 tox|[from] item: Leftovers\n|-damage|p1a: Lickilicky|187\/329 tox|[from] psn\n|upkeep\n|turn|28\n|\n|t:|1645065816\n|move|p2a: Umbreon|Wish|p2a: Umbreon\n|move|p1a: Lickilicky|Wish|p1a: Lickilicky\n|\n|-heal|p1a: Lickilicky|207\/329 tox|[from] item: Leftovers\n|-damage|p1a: Lickilicky|147\/329 tox|[from] psn\n|upkeep\n|turn|29\n|\n|t:|1645065823\n|move|p2a: Umbreon|Foul Play|p1a: Lickilicky\n|-damage|p1a: Lickilicky|68\/329 tox\n|move|p1a: Lickilicky|Body Slam|p2a: Umbreon\n|-damage|p2a: Umbreon|137\/290\n|\n|-heal|p1a: Lickilicky|232\/329 tox|[from] move: Wish|[wisher] Lickilicky\n|-heal|p2a: Umbreon|282\/290|[from] move: Wish|[wisher] Umbreon\n|-heal|p1a: Lickilicky|252\/329 tox|[from] item: Leftovers\n|-damage|p1a: Lickilicky|172\/329 tox|[from] psn\n|upkeep\n|turn|30\n|\n|t:|1645065835\n|move|p2a: Umbreon|Protect|p2a: Umbreon\n|-singleturn|p2a: Umbreon|Protect\n|move|p1a: Lickilicky|Wish|p1a: Lickilicky\n|\n|-heal|p1a: Lickilicky|192\/329 tox|[from] item: Leftovers\n|-damage|p1a: Lickilicky|92\/329 tox|[from] psn\n|upkeep\n|turn|31\n|\n|t:|1645065845\n|switch|p1a: Exeggutor|Exeggutor-Alola, L87, M|277\/307\n|move|p2a: Umbreon|Foul Play|p1a: Exeggutor\n|-damage|p1a: Exeggutor|187\/307\n|\n|-heal|p1a: Exeggutor|307\/307|[from] move: Wish|[wisher] Lickilicky\n|upkeep\n|turn|32\n|\n|t:|1645065860\n|move|p2a: Umbreon|Toxic|p1a: Exeggutor|[miss]\n|-miss|p2a: Umbreon|p1a: Exeggutor\n|move|p1a: Exeggutor|Trick Room|p1a: Exeggutor\n|-fieldstart|move: Trick Room|[of] p1a: Exeggutor\n|\n|upkeep\n|turn|33\n|\n|t:|1645065869\n|switch|p1a: Lickilicky|Lickilicky, L86, M|92\/329 tox\n|move|p2a: Umbreon|Protect||[still]\n|-fail|p2a: Umbreon\n|\n|-heal|p1a: Lickilicky|112\/329 tox|[from] item: Leftovers\n|-damage|p1a: Lickilicky|92\/329 tox|[from] psn\n|upkeep\n|turn|34\n|\n|t:|1645065878\n|move|p2a: Umbreon|Protect|p2a: Umbreon\n|-singleturn|p2a: Umbreon|Protect\n|move|p1a: Lickilicky|Body Slam|p2a: Umbreon\n|-activate|p2a: Umbreon|move: Protect\n|\n|-heal|p1a: Lickilicky|112\/329 tox|[from] item: Leftovers\n|-damage|p1a: Lickilicky|72\/329 tox|[from] psn\n|upkeep\n|turn|35\n|\n|t:|1645065886\n|move|p1a: Lickilicky|Body Slam|p2a: Umbreon\n|-damage|p2a: Umbreon|206\/290\n|move|p2a: Umbreon|Wish|p2a: Umbreon\n|\n|-heal|p1a: Lickilicky|92\/329 tox|[from] item: Leftovers\n|-damage|p1a: Lickilicky|32\/329 tox|[from] psn\n|upkeep\n|turn|36\n|\n|t:|1645065901\n|switch|p1a: Milotic|Milotic, L82, M|290\/290\n|move|p2a: Umbreon|Protect||[still]\n|-fail|p2a: Umbreon\n|\n|-heal|p2a: Umbreon|290\/290|[from] move: Wish|[wisher] Umbreon\n|-fieldend|move: Trick Room\n|upkeep\n|turn|37\n|\n|t:|1645065908\n|move|p1a: Milotic|Scald|p2a: Umbreon\n|-damage|p2a: Umbreon|232\/290\n|move|p2a: Umbreon|Toxic|p1a: Milotic|[miss]\n|-miss|p2a: Umbreon|p1a: Milotic\n|\n|upkeep\n|turn|38\n|\n|t:|1645065914\n|move|p1a: Milotic|Scald|p2a: Umbreon\n|-damage|p2a: Umbreon|174\/290\n|-status|p2a: Umbreon|brn\n|-activate|p2a: Umbreon|ability: Synchronize\n|-status|p1a: Milotic|brn\n|move|p2a: Umbreon|Toxic||[still]\n|-fail|p2a: Umbreon\n|\n|-damage|p1a: Milotic|272\/290 brn|[from] brn\n|-damage|p2a: Umbreon|156\/290 brn|[from] brn\n|upkeep\n|turn|39\n|\n|t:|1645065934\n|move|p1a: Milotic|Scald|p2a: Umbreon\n|-damage|p2a: Umbreon|98\/290 brn\n|move|p2a: Umbreon|Wish|p2a: Umbreon\n|\n|-heal|p1a: Milotic|290\/290 brn|[from] item: Leftovers\n|-damage|p1a: Milotic|272\/290 brn|[from] brn\n|-damage|p2a: Umbreon|80\/290 brn|[from] brn\n|upkeep\n|turn|40\n|\n|t:|1645065965\n|switch|p1a: Exeggutor|Exeggutor-Alola, L87, M|307\/307\n|move|p2a: Umbreon|Foul Play|p1a: Exeggutor\n|-damage|p1a: Exeggutor|265\/307\n|\n|-heal|p2a: Umbreon|225\/290 brn|[from] move: Wish|[wisher] Umbreon\n|-damage|p2a: Umbreon|207\/290 brn|[from] brn\n|upkeep\n|turn|41\n|\n|t:|1645065979\n|move|p2a: Umbreon|Toxic|p1a: Exeggutor\n|-status|p1a: Exeggutor|tox\n|move|p1a: Exeggutor|Giga Drain|p2a: Umbreon\n|-damage|p2a: Umbreon|106\/290 brn\n|-heal|p1a: Exeggutor|307\/307 tox|[from] drain|[of] p2a: Umbreon\n|-damage|p1a: Exeggutor|277\/307 tox|[from] item: Life Orb\n|\n|-damage|p1a: Exeggutor|258\/307 tox|[from] psn\n|-damage|p2a: Umbreon|88\/290 brn|[from] brn\n|upkeep\n|turn|42\n|\n|t:|1645065989\n|move|p2a: Umbreon|Foul Play|p1a: Exeggutor\n|-damage|p1a: Exeggutor|211\/307 tox\n|move|p1a: Exeggutor|Draco Meteor|p2a: Umbreon\n|-damage|p2a: Umbreon|0 fnt\n|-unboost|p1a: Exeggutor|spa|2\n|faint|p2a: Umbreon\n|-damage|p1a: Exeggutor|181\/307 tox|[from] item: Life Orb\n|\n|-damage|p1a: Exeggutor|143\/307 tox|[from] psn\n|upkeep\n|\n|t:|1645065999\n|switch|p2a: Volcarona|Volcarona, L76, F|254\/254\n|turn|43\n|\n|t:|1645066003\n|move|p2a: Volcarona|Quiver Dance|p2a: Volcarona\n|-boost|p2a: Volcarona|spa|1\n|-boost|p2a: Volcarona|spd|1\n|-boost|p2a: Volcarona|spe|1\n|move|p1a: Exeggutor|Trick Room|p1a: Exeggutor\n|-fieldstart|move: Trick Room|[of] p1a: Exeggutor\n|\n|-damage|p1a: Exeggutor|86\/307 tox|[from] psn\n|upkeep\n|turn|44\n|\n|t:|1645066011\n|move|p1a: Exeggutor|Draco Meteor|p2a: Volcarona\n|-damage|p2a: Volcarona|183\/254\n|-unboost|p1a: Exeggutor|spa|2\n|-damage|p1a: Exeggutor|56\/307 tox|[from] item: Life Orb\n|move|p2a: Volcarona|Roost|p2a: Volcarona\n|-heal|p2a: Volcarona|254\/254\n|-singleturn|p2a: Volcarona|move: Roost\n|\n|-damage|p1a: Exeggutor|0 fnt|[from] psn\n|faint|p1a: Exeggutor\n|upkeep\n|\n|t:|1645066025\n|switch|p1a: Lickilicky|Lickilicky, L86, M|32\/329 tox\n|turn|45\n|\n|t:|1645066031\n|move|p1a: Lickilicky|Body Slam|p2a: Volcarona\n|-damage|p2a: Volcarona|146\/254\n|move|p2a: Volcarona|Quiver Dance|p2a: Volcarona\n|-boost|p2a: Volcarona|spa|1\n|-boost|p2a: Volcarona|spd|1\n|-boost|p2a: Volcarona|spe|1\n|\n|-heal|p1a: Lickilicky|52\/329 tox|[from] item: Leftovers\n|-damage|p1a: Lickilicky|32\/329 tox|[from] psn\n|upkeep\n|turn|46\n|\n|t:|1645066041\n|move|p1a: Lickilicky|Body Slam|p2a: Volcarona\n|-damage|p2a: Volcarona|19\/254\n|move|p2a: Volcarona|Roost|p2a: Volcarona\n|-heal|p2a: Volcarona|146\/254\n|-singleturn|p2a: Volcarona|move: Roost\n|\n|-heal|p1a: Lickilicky|52\/329 tox|[from] item: Leftovers\n|-damage|p1a: Lickilicky|12\/329 tox|[from] psn\n|upkeep\n|turn|47\n|\n|t:|1645066050\n|move|p1a: Lickilicky|Body Slam|p2a: Volcarona\n|-damage|p2a: Volcarona|19\/254\n|move|p2a: Volcarona|Roost|p2a: Volcarona\n|-heal|p2a: Volcarona|146\/254\n|-singleturn|p2a: Volcarona|move: Roost\n|\n|-heal|p1a: Lickilicky|32\/329 tox|[from] item: Leftovers\n|-damage|p1a: Lickilicky|0 fnt|[from] psn\n|faint|p1a: Lickilicky\n|-fieldend|move: Trick Room\n|upkeep\n|\n|t:|1645066059\n|switch|p1a: Milotic|Milotic, L82, M|272\/290 brn\n|turn|48\n|\n|t:|1645066065\n|move|p2a: Volcarona|Roost|p2a: Volcarona\n|-heal|p2a: Volcarona|254\/254\n|-singleturn|p2a: Volcarona|move: Roost\n|move|p1a: Milotic|Haze|p1a: Milotic\n|-clearallboost\n|\n|-heal|p1a: Milotic|290\/290 brn|[from] item: Leftovers\n|-damage|p1a: Milotic|272\/290 brn|[from] brn\n|upkeep\n|turn|49\n|\n|t:|1645066076\n|-start|p1a: Milotic|Dynamax\n|-heal|p1a: Milotic|544\/580 brn|[silent]\n|move|p2a: Volcarona|Quiver Dance|p2a: Volcarona\n|-boost|p2a: Volcarona|spa|1\n|-boost|p2a: Volcarona|spd|1\n|-boost|p2a: Volcarona|spe|1\n|move|p1a: Milotic|Max Geyser|p2a: Volcarona\n|-supereffective|p2a: Volcarona\n|-damage|p2a: Volcarona|80\/254\n|-weather|RainDance\n|\n|-weather|RainDance|[upkeep]\n|-heal|p1a: Milotic|562\/580 brn|[from] item: Leftovers\n|-damage|p1a: Milotic|544\/580 brn|[from] brn\n|upkeep\n|turn|50\n|\n|t:|1645066093\n|-start|p2a: Volcarona|Dynamax\n|-heal|p2a: Volcarona|160\/508|[silent]\n|move|p2a: Volcarona|Max Guard|p2a: Volcarona\n|-singleturn|p2a: Volcarona|Max Guard\n|move|p1a: Milotic|Max Geyser|p2a: Volcarona\n|-activate|p2a: Volcarona|move: Max Guard\n|\n|-weather|RainDance|[upkeep]\n|-heal|p1a: Milotic|562\/580 brn|[from] item: Leftovers\n|-damage|p1a: Milotic|544\/580 brn|[from] brn\n|upkeep\n|turn|51\n|\n|t:|1645066106\n|move|p2a: Volcarona|Max Flare|p1a: Milotic\n|-resisted|p1a: Milotic\n|-damage|p1a: Milotic|500\/580 brn\n|-weather|SunnyDay\n|move|p1a: Milotic|Max Geyser|p2a: Volcarona\n|-supereffective|p2a: Volcarona\n|-damage|p2a: Volcarona|82\/508\n|-weather|RainDance\n|\n|-weather|RainDance|[upkeep]\n|-heal|p1a: Milotic|518\/580 brn|[from] item: Leftovers\n|-damage|p1a: Milotic|500\/580 brn|[from] brn\n|-end|p1a: Milotic|Dynamax\n|-heal|p1a: Milotic|250\/290 brn|[silent]\n|upkeep\n|turn|52\n|\n|t:|1645066119\n|move|p2a: Volcarona|Max Flare|p1a: Milotic\n|-resisted|p1a: Milotic\n|-damage|p1a: Milotic|200\/290 brn\n|-weather|SunnyDay\n|move|p1a: Milotic|Haze|p1a: Milotic\n|-clearallboost\n|\n|-weather|SunnyDay|[upkeep]\n|-heal|p1a: Milotic|218\/290 brn|[from] item: Leftovers\n|-damage|p1a: Milotic|200\/290 brn|[from] brn\n|-end|p2a: Volcarona|Dynamax\n|-heal|p2a: Volcarona|41\/254|[silent]\n|upkeep\n|turn|53\n|\n|t:|1645066132\n|move|p2a: Volcarona|Roost|p2a: Volcarona\n|-heal|p2a: Volcarona|168\/254\n|-singleturn|p2a: Volcarona|move: Roost\n|move|p1a: Milotic|Scald|p2a: Volcarona\n|-supereffective|p2a: Volcarona\n|-damage|p2a: Volcarona|96\/254\n|\n|-weather|SunnyDay|[upkeep]\n|-heal|p1a: Milotic|218\/290 brn|[from] item: Leftovers\n|-damage|p1a: Milotic|200\/290 brn|[from] brn\n|upkeep\n|turn|54\n|\n|t:|1645066141\n|move|p2a: Volcarona|Bug Buzz|p1a: Milotic\n|-damage|p1a: Milotic|118\/290 brn\n|move|p1a: Milotic|Recover|p1a: Milotic\n|-heal|p1a: Milotic|263\/290 brn\n|\n|-weather|SunnyDay|[upkeep]\n|-heal|p1a: Milotic|281\/290 brn|[from] item: Leftovers\n|-damage|p1a: Milotic|263\/290 brn|[from] brn\n|upkeep\n|turn|55\n|\n|t:|1645066150\n|move|p2a: Volcarona|Quiver Dance|p2a: Volcarona\n|-boost|p2a: Volcarona|spa|1\n|-boost|p2a: Volcarona|spd|1\n|-boost|p2a: Volcarona|spe|1\n|move|p1a: Milotic|Scald|p2a: Volcarona\n|-supereffective|p2a: Volcarona\n|-damage|p2a: Volcarona|40\/254\n|\n|-weather|SunnyDay|[upkeep]\n|-heal|p1a: Milotic|281\/290 brn|[from] item: Leftovers\n|-damage|p1a: Milotic|263\/290 brn|[from] brn\n|upkeep\n|turn|56\n|\n|t:|1645066161\n|move|p2a: Volcarona|Roost|p2a: Volcarona\n|-heal|p2a: Volcarona|167\/254\n|-singleturn|p2a: Volcarona|move: Roost\n|move|p1a: Milotic|Scald|p2a: Volcarona\n|-supereffective|p2a: Volcarona\n|-damage|p2a: Volcarona|113\/254\n|\n|-weather|none\n|-heal|p1a: Milotic|281\/290 brn|[from] item: Leftovers\n|-damage|p1a: Milotic|263\/290 brn|[from] brn\n|upkeep\n|turn|57\n|\n|t:|1645066171\n|move|p2a: Volcarona|Bug Buzz|p1a: Milotic\n|-damage|p1a: Milotic|148\/290 brn\n|move|p1a: Milotic|Haze|p1a: Milotic\n|-clearallboost\n|\n|-heal|p1a: Milotic|166\/290 brn|[from] item: Leftovers\n|-damage|p1a: Milotic|148\/290 brn|[from] brn\n|upkeep\n|turn|58\n|\n|t:|1645066183\n|move|p2a: Volcarona|Quiver Dance|p2a: Volcarona\n|-boost|p2a: Volcarona|spa|1\n|-boost|p2a: Volcarona|spd|1\n|-boost|p2a: Volcarona|spe|1\n|move|p1a: Milotic|Recover|p1a: Milotic\n|-heal|p1a: Milotic|290\/290 brn\n|\n|-damage|p1a: Milotic|272\/290 brn|[from] brn\n|upkeep\n|turn|59\n|\n|t:|1645066192\n|move|p2a: Volcarona|Roost|p2a: Volcarona\n|-heal|p2a: Volcarona|240\/254\n|-singleturn|p2a: Volcarona|move: Roost\n|move|p1a: Milotic|Haze|p1a: Milotic\n|-clearallboost\n|\n|-heal|p1a: Milotic|290\/290 brn|[from] item: Leftovers\n|-damage|p1a: Milotic|272\/290 brn|[from] brn\n|upkeep\n|turn|60\n|\n|t:|1645066206\n|move|p2a: Volcarona|Quiver Dance|p2a: Volcarona\n|-boost|p2a: Volcarona|spa|1\n|-boost|p2a: Volcarona|spd|1\n|-boost|p2a: Volcarona|spe|1\n|move|p1a: Milotic|Scald|p2a: Volcarona\n|-supereffective|p2a: Volcarona\n|-damage|p2a: Volcarona|136\/254\n|\n|-heal|p1a: Milotic|290\/290 brn|[from] item: Leftovers\n|-damage|p1a: Milotic|272\/290 brn|[from] brn\n|upkeep\n|turn|61\n|\n|t:|1645066215\n|move|p2a: Volcarona|Bug Buzz|p1a: Milotic\n|-damage|p1a: Milotic|161\/290 brn\n|move|p1a: Milotic|Scald|p2a: Volcarona\n|-supereffective|p2a: Volcarona\n|-damage|p2a: Volcarona|32\/254\n|\n|-heal|p1a: Milotic|179\/290 brn|[from] item: Leftovers\n|-damage|p1a: Milotic|161\/290 brn|[from] brn\n|upkeep\n|turn|62\n|\n|t:|1645066224\n|move|p2a: Volcarona|Bug Buzz|p1a: Milotic\n|-damage|p1a: Milotic|40\/290 brn\n|move|p1a: Milotic|Recover|p1a: Milotic\n|-heal|p1a: Milotic|185\/290 brn\n|\n|-heal|p1a: Milotic|203\/290 brn|[from] item: Leftovers\n|-damage|p1a: Milotic|185\/290 brn|[from] brn\n|upkeep\n|turn|63\n|\n|t:|1645066234\n|move|p2a: Volcarona|Bug Buzz|p1a: Milotic\n|-damage|p1a: Milotic|61\/290 brn\n|move|p1a: Milotic|Recover|p1a: Milotic\n|-heal|p1a: Milotic|206\/290 brn\n|\n|-heal|p1a: Milotic|224\/290 brn|[from] item: Leftovers\n|-damage|p1a: Milotic|206\/290 brn|[from] brn\n|upkeep\n|turn|64\n|\n|t:|1645066242\n|move|p2a: Volcarona|Bug Buzz|p1a: Milotic\n|-damage|p1a: Milotic|86\/290 brn\n|move|p1a: Milotic|Recover|p1a: Milotic\n|-heal|p1a: Milotic|231\/290 brn\n|\n|-heal|p1a: Milotic|249\/290 brn|[from] item: Leftovers\n|-damage|p1a: Milotic|231\/290 brn|[from] brn\n|upkeep\n|turn|65\n|\n|t:|1645066251\n|move|p2a: Volcarona|Bug Buzz|p1a: Milotic\n|-damage|p1a: Milotic|117\/290 brn\n|move|p1a: Milotic|Recover|p1a: Milotic\n|-heal|p1a: Milotic|262\/290 brn\n|\n|-heal|p1a: Milotic|280\/290 brn|[from] item: Leftovers\n|-damage|p1a: Milotic|262\/290 brn|[from] brn\n|upkeep\n|turn|66\n|\n|t:|1645066259\n|move|p2a: Volcarona|Bug Buzz|p1a: Milotic\n|-damage|p1a: Milotic|133\/290 brn\n|move|p1a: Milotic|Haze|p1a: Milotic\n|-clearallboost\n|\n|-heal|p1a: Milotic|151\/290 brn|[from] item: Leftovers\n|-damage|p1a: Milotic|133\/290 brn|[from] brn\n|upkeep\n|turn|67\n|\n|t:|1645066268\n|move|p2a: Volcarona|Roost|p2a: Volcarona\n|-heal|p2a: Volcarona|159\/254\n|-singleturn|p2a: Volcarona|move: Roost\n|move|p1a: Milotic|Recover|p1a: Milotic\n|-heal|p1a: Milotic|278\/290 brn\n|\n|-heal|p1a: Milotic|290\/290 brn|[from] item: Leftovers\n|-damage|p1a: Milotic|272\/290 brn|[from] brn\n|upkeep\n|turn|68\n|\n|t:|1645066276\n|move|p2a: Volcarona|Quiver Dance|p2a: Volcarona\n|-boost|p2a: Volcarona|spa|1\n|-boost|p2a: Volcarona|spd|1\n|-boost|p2a: Volcarona|spe|1\n|move|p1a: Milotic|Scald|p2a: Volcarona\n|-supereffective|p2a: Volcarona\n|-damage|p2a: Volcarona|57\/254\n|\n|-heal|p1a: Milotic|290\/290 brn|[from] item: Leftovers\n|-damage|p1a: Milotic|272\/290 brn|[from] brn\n|upkeep\n|turn|69\n|\n|t:|1645066286\n|move|p2a: Volcarona|Roost|p2a: Volcarona\n|-heal|p2a: Volcarona|184\/254\n|-singleturn|p2a: Volcarona|move: Roost\n|move|p1a: Milotic|Scald|p2a: Volcarona\n|-supereffective|p2a: Volcarona\n|-damage|p2a: Volcarona|74\/254\n|\n|-heal|p1a: Milotic|290\/290 brn|[from] item: Leftovers\n|-damage|p1a: Milotic|272\/290 brn|[from] brn\n|upkeep\n|turn|70\n|\n|t:|1645066298\n|move|p2a: Volcarona|Roost|p2a: Volcarona\n|-heal|p2a: Volcarona|201\/254\n|-singleturn|p2a: Volcarona|move: Roost\n|move|p1a: Milotic|Haze|p1a: Milotic\n|-clearallboost\n|\n|-heal|p1a: Milotic|290\/290 brn|[from] item: Leftovers\n|-damage|p1a: Milotic|272\/290 brn|[from] brn\n|upkeep\n|turn|71\n|\n|t:|1645066307\n|move|p2a: Volcarona|Quiver Dance|p2a: Volcarona\n|-boost|p2a: Volcarona|spa|1\n|-boost|p2a: Volcarona|spd|1\n|-boost|p2a: Volcarona|spe|1\n|move|p1a: Milotic|Scald|p2a: Volcarona\n|-supereffective|p2a: Volcarona\n|-damage|p2a: Volcarona|85\/254\n|\n|-heal|p1a: Milotic|290\/290 brn|[from] item: Leftovers\n|-damage|p1a: Milotic|272\/290 brn|[from] brn\n|upkeep\n|turn|72\n|\n|t:|1645066319\n|move|p2a: Volcarona|Roost|p2a: Volcarona\n|-heal|p2a: Volcarona|212\/254\n|-singleturn|p2a: Volcarona|move: Roost\n|move|p1a: Milotic|Haze|p1a: Milotic\n|-clearallboost\n|\n|-heal|p1a: Milotic|290\/290 brn|[from] item: Leftovers\n|-damage|p1a: Milotic|272\/290 brn|[from] brn\n|upkeep\n|turn|73\n|\n|t:|1645066336\n|move|p2a: Volcarona|Quiver Dance|p2a: Volcarona\n|-boost|p2a: Volcarona|spa|1\n|-boost|p2a: Volcarona|spd|1\n|-boost|p2a: Volcarona|spe|1\n|move|p1a: Milotic|Haze|p1a: Milotic\n|-clearallboost\n|\n|-heal|p1a: Milotic|290\/290 brn|[from] item: Leftovers\n|-damage|p1a: Milotic|272\/290 brn|[from] brn\n|upkeep\n|turn|74\n|\n|t:|1645066345\n|move|p2a: Volcarona|Quiver Dance|p2a: Volcarona\n|-boost|p2a: Volcarona|spa|1\n|-boost|p2a: Volcarona|spd|1\n|-boost|p2a: Volcarona|spe|1\n|move|p1a: Milotic|Scald|p2a: Volcarona\n|-supereffective|p2a: Volcarona\n|-damage|p2a: Volcarona|98\/254\n|\n|-heal|p1a: Milotic|290\/290 brn|[from] item: Leftovers\n|-damage|p1a: Milotic|272\/290 brn|[from] brn\n|upkeep\n|turn|75\n|\n|t:|1645066356\n|move|p2a: Volcarona|Roost|p2a: Volcarona\n|-heal|p2a: Volcarona|225\/254\n|-singleturn|p2a: Volcarona|move: Roost\n|move|p1a: Milotic|Haze|p1a: Milotic\n|-clearallboost\n|\n|-heal|p1a: Milotic|290\/290 brn|[from] item: Leftovers\n|-damage|p1a: Milotic|272\/290 brn|[from] brn\n|upkeep\n|turn|76\n|\n|t:|1645066366\n|move|p2a: Volcarona|Quiver Dance|p2a: Volcarona\n|-boost|p2a: Volcarona|spa|1\n|-boost|p2a: Volcarona|spd|1\n|-boost|p2a: Volcarona|spe|1\n|move|p1a: Milotic|Scald|p2a: Volcarona\n|-supereffective|p2a: Volcarona\n|-damage|p2a: Volcarona|121\/254\n|\n|-heal|p1a: Milotic|290\/290 brn|[from] item: Leftovers\n|-damage|p1a: Milotic|272\/290 brn|[from] brn\n|upkeep\n|turn|77\n|\n|t:|1645066376\n|move|p2a: Volcarona|Bug Buzz|p1a: Milotic\n|-damage|p1a: Milotic|158\/290 brn\n|move|p1a: Milotic|Haze|p1a: Milotic\n|-clearallboost\n|\n|-heal|p1a: Milotic|176\/290 brn|[from] item: Leftovers\n|-damage|p1a: Milotic|158\/290 brn|[from] brn\n|upkeep\n|turn|78\n|\n|t:|1645066386\n|move|p2a: Volcarona|Roost|p2a: Volcarona\n|-heal|p2a: Volcarona|248\/254\n|-singleturn|p2a: Volcarona|move: Roost\n|move|p1a: Milotic|Recover|p1a: Milotic\n|-heal|p1a: Milotic|290\/290 brn\n|\n|-damage|p1a: Milotic|272\/290 brn|[from] brn\n|upkeep\n|turn|79\n|\n|t:|1645066394\n|move|p2a: Volcarona|Quiver Dance|p2a: Volcarona\n|-boost|p2a: Volcarona|spa|1\n|-boost|p2a: Volcarona|spd|1\n|-boost|p2a: Volcarona|spe|1\n|move|p1a: Milotic|Haze|p1a: Milotic\n|-clearallboost\n|\n|-heal|p1a: Milotic|290\/290 brn|[from] item: Leftovers\n|-damage|p1a: Milotic|272\/290 brn|[from] brn\n|upkeep\n|turn|80\n|\n|t:|1645066404\n|move|p2a: Volcarona|Quiver Dance|p2a: Volcarona\n|-boost|p2a: Volcarona|spa|1\n|-boost|p2a: Volcarona|spd|1\n|-boost|p2a: Volcarona|spe|1\n|move|p1a: Milotic|Haze|p1a: Milotic\n|-clearallboost\n|\n|-heal|p1a: Milotic|290\/290 brn|[from] item: Leftovers\n|-damage|p1a: Milotic|272\/290 brn|[from] brn\n|upkeep\n|turn|81\n|\n|t:|1645066412\n|move|p2a: Volcarona|Quiver Dance|p2a: Volcarona\n|-boost|p2a: Volcarona|spa|1\n|-boost|p2a: Volcarona|spd|1\n|-boost|p2a: Volcarona|spe|1\n|move|p1a: Milotic|Scald|p2a: Volcarona\n|-supereffective|p2a: Volcarona\n|-damage|p2a: Volcarona|140\/254\n|\n|-heal|p1a: Milotic|290\/290 brn|[from] item: Leftovers\n|-damage|p1a: Milotic|272\/290 brn|[from] brn\n|upkeep\n|turn|82\n|\n|t:|1645066422\n|move|p2a: Volcarona|Bug Buzz|p1a: Milotic\n|-damage|p1a: Milotic|143\/290 brn\n|move|p1a: Milotic|Haze|p1a: Milotic\n|-clearallboost\n|\n|-heal|p1a: Milotic|161\/290 brn|[from] item: Leftovers\n|-damage|p1a: Milotic|143\/290 brn|[from] brn\n|upkeep\n|turn|83\n|\n|t:|1645066433\n|move|p2a: Volcarona|Quiver Dance|p2a: Volcarona\n|-boost|p2a: Volcarona|spa|1\n|-boost|p2a: Volcarona|spd|1\n|-boost|p2a: Volcarona|spe|1\n|move|p1a: Milotic|Recover|p1a: Milotic\n|-heal|p1a: Milotic|288\/290 brn\n|\n|-heal|p1a: Milotic|290\/290 brn|[from] item: Leftovers\n|-damage|p1a: Milotic|272\/290 brn|[from] brn\n|upkeep\n|turn|84\n|\n|t:|1645066443\n|move|p2a: Volcarona|Bug Buzz|p1a: Milotic\n|-damage|p1a: Milotic|148\/290 brn\n|-unboost|p1a: Milotic|spd|1\n|-ability|p1a: Milotic|Competitive\n|-boost|p1a: Milotic|spa|2\n|move|p1a: Milotic|Haze|p1a: Milotic\n|-clearallboost\n|\n|-heal|p1a: Milotic|166\/290 brn|[from] item: Leftovers\n|-damage|p1a: Milotic|148\/290 brn|[from] brn\n|upkeep\n|turn|85\n|\n|t:|1645066456\n|move|p2a: Volcarona|Quiver Dance|p2a: Volcarona\n|-boost|p2a: Volcarona|spa|1\n|-boost|p2a: Volcarona|spd|1\n|-boost|p2a: Volcarona|spe|1\n|move|p1a: Milotic|Recover|p1a: Milotic\n|-heal|p1a: Milotic|290\/290 brn\n|\n|-damage|p1a: Milotic|272\/290 brn|[from] brn\n|upkeep\n|turn|86\n|\n|t:|1645066470\n|move|p2a: Volcarona|Bug Buzz|p1a: Milotic\n|-damage|p1a: Milotic|152\/290 brn\n|move|p1a: Milotic|Haze|p1a: Milotic\n|-clearallboost\n|\n|-heal|p1a: Milotic|170\/290 brn|[from] item: Leftovers\n|-damage|p1a: Milotic|152\/290 brn|[from] brn\n|upkeep\n|turn|87\n|\n|t:|1645066479\n|move|p2a: Volcarona|Quiver Dance|p2a: Volcarona\n|-boost|p2a: Volcarona|spa|1\n|-boost|p2a: Volcarona|spd|1\n|-boost|p2a: Volcarona|spe|1\n|move|p1a: Milotic|Scald|p2a: Volcarona\n|-supereffective|p2a: Volcarona\n|-damage|p2a: Volcarona|30\/254\n|\n|-heal|p1a: Milotic|170\/290 brn|[from] item: Leftovers\n|-damage|p1a: Milotic|152\/290 brn|[from] brn\n|upkeep\n|turn|88\n|\n|t:|1645066488\n|move|p2a: Volcarona|Bug Buzz|p1a: Milotic\n|-damage|p1a: Milotic|38\/290 brn\n|move|p1a: Milotic|Recover|p1a: Milotic\n|-heal|p1a: Milotic|183\/290 brn\n|\n|-heal|p1a: Milotic|201\/290 brn|[from] item: Leftovers\n|-damage|p1a: Milotic|183\/290 brn|[from] brn\n|upkeep\n|turn|89\n|\n|t:|1645066498\n|move|p2a: Volcarona|Bug Buzz|p1a: Milotic\n|-damage|p1a: Milotic|74\/290 brn\n|move|p1a: Milotic|Recover|p1a: Milotic\n|-heal|p1a: Milotic|219\/290 brn\n|\n|-heal|p1a: Milotic|237\/290 brn|[from] item: Leftovers\n|-damage|p1a: Milotic|219\/290 brn|[from] brn\n|upkeep\n|turn|90\n|\n|t:|1645066509\n|move|p2a: Volcarona|Bug Buzz|p1a: Milotic\n|-damage|p1a: Milotic|90\/290 brn\n|move|p1a: Milotic|Recover|p1a: Milotic\n|-heal|p1a: Milotic|235\/290 brn\n|\n|-heal|p1a: Milotic|253\/290 brn|[from] item: Leftovers\n|-damage|p1a: Milotic|235\/290 brn|[from] brn\n|upkeep\n|turn|91\n|\n|t:|1645066517\n|move|p2a: Volcarona|Bug Buzz|p1a: Milotic\n|-damage|p1a: Milotic|105\/290 brn\n|move|p1a: Milotic|Haze|p1a: Milotic\n|-clearallboost\n|\n|-heal|p1a: Milotic|123\/290 brn|[from] item: Leftovers\n|-damage|p1a: Milotic|105\/290 brn|[from] brn\n|upkeep\n|turn|92\n|\n|t:|1645066528\n|move|p2a: Volcarona|Fire Blast|p1a: Milotic\n|-resisted|p1a: Milotic\n|-damage|p1a: Milotic|60\/290 brn\n|move|p1a: Milotic|Recover|p1a: Milotic\n|-heal|p1a: Milotic|205\/290 brn\n|\n|-heal|p1a: Milotic|223\/290 brn|[from] item: Leftovers\n|-damage|p1a: Milotic|205\/290 brn|[from] brn\n|upkeep\n|turn|93\n|\n|t:|1645066536\n|move|p2a: Volcarona|Fire Blast|p1a: Milotic\n|-resisted|p1a: Milotic\n|-damage|p1a: Milotic|156\/290 brn\n|move|p1a: Milotic|Scald|p2a: Volcarona\n|-supereffective|p2a: Volcarona\n|-damage|p2a: Volcarona|0 fnt\n|faint|p2a: Volcarona\n|\n|-heal|p1a: Milotic|174\/290 brn|[from] item: Leftovers\n|-damage|p1a: Milotic|156\/290 brn|[from] brn\n|upkeep\n|\n|t:|1645066546\n|switch|p2a: Aerodactyl|Aerodactyl, L82, F|265\/265\n|-ability|p2a: Aerodactyl|Unnerve\n|turn|94\n|\n|t:|1645066554\n|move|p2a: Aerodactyl|Hone Claws|p2a: Aerodactyl\n|-boost|p2a: Aerodactyl|atk|1\n|-boost|p2a: Aerodactyl|accuracy|1\n|move|p1a: Milotic|Scald|p2a: Aerodactyl\n|-supereffective|p2a: Aerodactyl\n|-damage|p2a: Aerodactyl|61\/265\n|-status|p2a: Aerodactyl|brn\n|\n|-heal|p1a: Milotic|174\/290 brn|[from] item: Leftovers\n|-damage|p2a: Aerodactyl|45\/265 brn|[from] brn\n|-damage|p1a: Milotic|156\/290 brn|[from] brn\n|upkeep\n|turn|95\n|\n|t:|1645066565\n|move|p2a: Aerodactyl|Stone Edge|p1a: Milotic\n|-damage|p1a: Milotic|70\/290 brn\n|move|p1a: Milotic|Scald|p2a: Aerodactyl\n|-supereffective|p2a: Aerodactyl\n|-crit|p2a: Aerodactyl\n|-damage|p2a: Aerodactyl|0 fnt\n|faint|p2a: Aerodactyl\n|\n|-heal|p1a: Milotic|88\/290 brn|[from] item: Leftovers\n|-damage|p1a: Milotic|70\/290 brn|[from] brn\n|upkeep\n|c|\u2606Swordsman.N|gg\n|\n|t:|1645066575\n|switch|p2a: Salamence|Salamence, L76, F|269\/269\n|turn|96\n|\n|t:|1645066578\n|move|p2a: Salamence|Outrage|p1a: Milotic\n|-damage|p1a: Milotic|0 fnt\n|faint|p1a: Milotic\n|\n|win|Swordsman.N\n|raw|miguel04cruz's rating: 1851 &rarr; <strong>1833<\/strong><br \/>(-18 for losing)\n|raw|Swordsman.N's rating: 1888 &rarr; <strong>1906<\/strong><br \/>(+18 for winning)\n|l|\u2606miguel04cruz\n","inputlog":">version 530548b76a05c1c57248a451730f0dce37811127\n>start {\"formatid\":\"gen8randombattle\",\"seed\":[44737,17623,14256,61071],\"rated\":\"Rated battle\"}\n>player p1 {\"name\":\"miguel04cruz\",\"avatar\":\"blaine\",\"rating\":1851,\"seed\":[32860,40540,41127,19007]}\n>player p2 {\"name\":\"Swordsman.N\",\"avatar\":\"caitlin\",\"rating\":1888,\"seed\":[65143,42179,55453,63619]}\n>p1 move toxic\n>p2 move quiverdance\n>p1 move toxic\n>p2 move quiverdance\n>p1 move freezedry\n>p2 move gigadrain\n>p1 move wish\n>p2 move gigadrain\n>p1 move freezedry\n>p2 move quiverdance\n>p1 move protect\n>p2 move gigadrain\n>p2 switch 4\n>p1 switch 6\n>p2 move aurasphere\n>p1 move dragondance\n>p2 switch 6\n>p1 move closecombat\n>p2 move foulplay\n>p1 switch 5\n>p1 move dracometeor\n>p2 move protect\n>p1 move dracometeor\n>p2 switch 6\n>p1 switch 6\n>p2 move aurasphere\n>p1 switch 4\n>p1 move scald\n>p2 move aurasphere\n>p2 switch 6\n>p1 move scald\n>p2 move wish\n>p1 switch 2\n>p2 move toxic\n>p1 move nastyplot\n>p2 move protect\n>p1 move overheat\n>p2 move wish\n>p1 move nastyplot\n>p2 move protect\n>p1 move overheat\n>p2 move wish\n>p1 switch 3\n>p2 move protect\n>p1 move knockoff\n>p2 move toxic\n>p1 move wish\n>p2 move wish\n>p1 move bodyslam\n>p2 move foulplay\n>p1 move wish\n>p2 move wish\n>p1 switch 3\n>p2 move foulplay\n>p1 switch 3\n>p1 move wish\n>p2 move foulplay\n>p1 move bodyslam\n>p2 move foulplay\n>p1 move wish\n>p2 move wish\n>p1 move bodyslam\n>p2 move foulplay\n>p1 move wish\n>p2 move protect\n>p1 switch 6\n>p2 move foulplay\n>p1 move trickroom\n>p2 move toxic\n>p1 switch 6\n>p2 move protect\n>p1 move bodyslam\n>p2 move protect\n>p1 move bodyslam\n>p2 move wish\n>p1 switch 2\n>p2 move protect\n>p1 move scald\n>p2 move toxic\n>p1 move scald\n>p2 move toxic\n>p1 move scald\n>p2 move wish\n>p1 switch 6\n>p2 move foulplay\n>p1 move gigadrain\n>p2 move toxic\n>p1 move dracometeor\n>p2 move foulplay\n>p2 switch 5\n>p1 move trickroom\n>p2 move quiverdance\n>p1 move dracometeor\n>p2 move roost\n>p1 switch 2\n>p1 move bodyslam\n>p2 move quiverdance\n>p1 move bodyslam\n>p2 move roost\n>p1 move bodyslam\n>p2 move roost\n>p1 switch 6\n>p1 move haze\n>p2 move roost\n>p1 move scald dynamax\n>p2 move quiverdance\n>p1 move scald dynamax\n>p2 move roost dynamax\n>p1 move scald dynamax\n>p2 move fireblast dynamax\n>p1 move haze\n>p2 move fireblast dynamax\n>p1 move scald\n>p2 move roost\n>p1 move recover\n>p2 move bugbuzz\n>p1 move scald\n>p2 move quiverdance\n>p1 move scald\n>p2 move roost\n>p1 move haze\n>p2 move bugbuzz\n>p1 move recover\n>p2 move quiverdance\n>p1 move haze\n>p2 move roost\n>p1 move scald\n>p2 move quiverdance\n>p1 move scald\n>p2 move bugbuzz\n>p1 move recover\n>p2 move bugbuzz\n>p1 move recover\n>p2 move bugbuzz\n>p1 move recover\n>p2 move bugbuzz\n>p1 move recover\n>p2 move bugbuzz\n>p1 move haze\n>p2 move bugbuzz\n>p1 move recover\n>p2 move roost\n>p1 move scald\n>p2 move quiverdance\n>p1 move scald\n>p2 move roost\n>p1 move haze\n>p2 move roost\n>p1 move scald\n>p2 move quiverdance\n>p1 move haze\n>p2 move roost\n>p1 move haze\n>p2 move quiverdance\n>p1 move scald\n>p2 move quiverdance\n>p1 move haze\n>p2 move roost\n>p1 move scald\n>p2 move quiverdance\n>p1 move haze\n>p2 move bugbuzz\n>p1 move recover\n>p2 move roost\n>p1 move haze\n>p2 move quiverdance\n>p1 move haze\n>p2 move quiverdance\n>p1 move scald\n>p2 move quiverdance\n>p1 move haze\n>p2 move bugbuzz\n>p1 move recover\n>p2 move quiverdance\n>p1 move haze\n>p2 move bugbuzz\n>p1 move recover\n>p2 move quiverdance\n>p1 move haze\n>p2 move bugbuzz\n>p1 move scald\n>p2 move quiverdance\n>p1 move recover\n>p2 move bugbuzz\n>p1 move recover\n>p2 move bugbuzz\n>p1 move recover\n>p2 move bugbuzz\n>p1 move haze\n>p2 move bugbuzz\n>p1 move recover\n>p2 move fireblast\n>p1 move scald\n>p2 move fireblast\n>p2 switch 3\n>p1 move scald\n>p2 move honeclaws\n>p1 move scald\n>p2 move stoneedge\n>chat \u2606Swordsman.N|gg\n>p2 switch 2\n>p1 move recover\n>p2 move outrage","uploadtime":1645066589,"views":8,"p1id":"miguel04cruz","p2id":"swordsmann","formatid":"gen8randombattle","rating":1833,"private":0,"password":null}