{"id":"gen8freeforallrandombattle-1394709258","p1":"Sxhmock","p2":"ArcanineSquad","format":"gen8freeforallrandombattle","log":"|uhtml|invites|<div class=\"broadcast broadcast-blue\"><strong>This is a 4-player challenge battle<\/strong><br \/>The players will need to add more players before the battle can start.<\/div>\n|j|\u2606Sxhmock\n|j|\u2606ArcanineSquad\n|t:|1628712262\n|gametype|freeforall\n|player|p1|Sxhmock|acetrainerf|\n|player|p2|ArcanineSquad|cynthia-gen4|\n||Invite sent to Fuchse96!\n||Invite sent to Flowbias!\n|j| Fuchse96\n|n|\u2606Fuchse96|fuchse96\n|n|\u2606Fuchse96|fuchse96\n|player|p3|Fuchse96|koga\n|player|p3|Fuchse96|koga|\n|j| Flowbias\n|n|\u2606Flowbias|flowbias\n|n|\u2606Flowbias|flowbias\n|player|p4|Flowbias|backpacker\n|uhtmlchange|invites|\n|player|p4|Flowbias|backpacker|\n|teamsize|p1|6\n|teamsize|p2|6\n|teamsize|p3|6\n|teamsize|p4|6\n|gen|8\n|tier|[Gen 8] Free-For-All Random Battle\n|rule|Species Clause: Limit one of each Pok\u00e9mon\n|rule|HP Percentage Mod: HP is shown in percentages\n|rule|Sleep Clause Mod: Limit one foe put to sleep\n|\n|t:|1628712282\n|start\n|switch|p1a: Cherrim|Cherrim, L92, M|278\/278\n|switch|p2a: Kingdra|Kingdra, L82, M|257\/257\n|switch|p3b: Poliwrath|Poliwrath, L88, F|302\/302\n|switch|p4b: Meowstic|Meowstic, L84, M|262\/262\n|turn|1\n|inactive|Battle timer is ON: inactive players will automatically lose when time's up. (requested by Flowbias)\n|\n|t:|1628712338\n|move|p4b: Meowstic|Light Screen|p4b: Meowstic\n|-sidestart|p4: Flowbias|move: Light Screen\n|move|p2a: Kingdra|Muddy Water|p4b: Meowstic|[spread] p1a,p4b\n|-immune|p3b: Poliwrath|[from] ability: Water Absorb\n|-resisted|p1a: Cherrim\n|-damage|p1a: Cherrim|256\/278\n|-damage|p4b: Meowstic|232\/262\n|move|p1a: Cherrim|Pollen Puff|p2a: Kingdra\n|-damage|p2a: Kingdra|192\/257\n|move|p3b: Poliwrath|Icy Wind|p4b: Meowstic|[spread] p1a,p2a,p4b\n|-supereffective|p1a: Cherrim\n|-damage|p1a: Cherrim|226\/278\n|-damage|p2a: Kingdra|177\/257\n|-damage|p4b: Meowstic|219\/262\n|-unboost|p1a: Cherrim|spe|1\n|-unboost|p2a: Kingdra|spe|1\n|-unboost|p4b: Meowstic|spe|1\n|\n|upkeep\n|turn|2\n|inactive|Sxhmock has 270 seconds left.\n|\n|t:|1628712373\n|move|p4b: Meowstic|Reflect|p4b: Meowstic\n|-sidestart|p4: Flowbias|Reflect\n|move|p2a: Kingdra|Muddy Water|p1a: Cherrim|[spread] p1a\n|-immune|p3b: Poliwrath|[from] ability: Water Absorb\n|-miss|p2a: Kingdra|p4b: Meowstic\n|-resisted|p1a: Cherrim\n|-damage|p1a: Cherrim|205\/278\n|move|p3b: Poliwrath|Darkest Lariat|p4b: Meowstic\n|-supereffective|p4b: Meowstic\n|-damage|p4b: Meowstic|118\/262\n|move|p1a: Cherrim|Pollen Puff|p4b: Meowstic\n|-supereffective|p4b: Meowstic\n|-damage|p4b: Meowstic|27\/262\n|\n|upkeep\n|turn|3\n|inactive|Sxhmock has 270 seconds left.\n|\n|t:|1628712407\n|switch|p2a: Togekiss|Togekiss, L80, F|267\/267\n|switch|p3b: Lapras|Lapras, L84, F|355\/355\n|move|p4b: Meowstic|Thunder Wave|p3b: Lapras\n|-status|p3b: Lapras|par\n|move|p1a: Cherrim|Energy Ball|p3b: Lapras\n|-supereffective|p3b: Lapras\n|-damage|p3b: Lapras|167\/355 par\n|-enditem|p3b: Lapras|Sitrus Berry|[eat]\n|-heal|p3b: Lapras|255\/355 par|[from] item: Sitrus Berry\n|\n|upkeep\n|turn|4\n|inactive|Sxhmock has 270 seconds left.\n|\n|t:|1628712437\n|move|p4b: Meowstic|Thunder Wave|p2a: Togekiss\n|-status|p2a: Togekiss|par\n|move|p1a: Cherrim|Pollen Puff|p2a: Togekiss\n|-resisted|p2a: Togekiss\n|-damage|p2a: Togekiss|252\/267 par\n|move|p2a: Togekiss|Air Slash|p3b: Lapras\n|-damage|p3b: Lapras|171\/355 par\n|cant|p3b: Lapras|par\n|\n|upkeep\n|turn|5\n|inactive|Sxhmock has 270 seconds left.\n|\n|t:|1628712461\n|move|p4b: Meowstic|Thunder Wave|p1a: Cherrim\n|-status|p1a: Cherrim|par\n|move|p2a: Togekiss|Air Slash|p3b: Lapras\n|-damage|p3b: Lapras|81\/355 par\n|cant|p3b: Lapras|flinch\n|move|p1a: Cherrim|Energy Ball|p4b: Meowstic\n|-damage|p4b: Meowstic|0 fnt\n|faint|p4b: Meowstic\n|\n|upkeep\n|\n|t:|1628712478\n|switch|p4b: Snorlax|Snorlax, L84, M|406\/406\n|turn|6\n|\n|t:|1628712489\n|move|p4b: Snorlax|Curse|p4b: Snorlax\n|-unboost|p4b: Snorlax|spe|1\n|-boost|p4b: Snorlax|atk|1\n|-boost|p4b: Snorlax|def|1\n|move|p2a: Togekiss|Air Slash|p3b: Lapras\n|-damage|p3b: Lapras|5\/355 par\n|cant|p3b: Lapras|par\n|move|p1a: Cherrim|Energy Ball|p4b: Snorlax\n|-damage|p4b: Snorlax|344\/406\n|\n|upkeep\n|turn|7\n|inactive|Sxhmock has 270 seconds left.\n|\n|t:|1628712528\n|move|p2a: Togekiss|Air Slash|p1a: Cherrim\n|-supereffective|p1a: Cherrim\n|-damage|p1a: Cherrim|29\/278 par\n|-enditem|p1a: Cherrim|Sitrus Berry|[eat]\n|-heal|p1a: Cherrim|98\/278 par|[from] item: Sitrus Berry\n|move|p3b: Lapras|Freeze-Dry|p2a: Togekiss\n|-supereffective|p2a: Togekiss\n|-damage|p2a: Togekiss|126\/267 par\n|-enditem|p2a: Togekiss|Sitrus Berry|[eat]\n|-heal|p2a: Togekiss|192\/267 par|[from] item: Sitrus Berry\n|cant|p1a: Cherrim|flinch\n|move|p4b: Snorlax|Body Slam|p1a: Cherrim\n|-damage|p1a: Cherrim|0 fnt\n|faint|p1a: Cherrim\n|\n|upkeep\n|\n|t:|1628712551\n|switch|p1a: Sandaconda|Sandaconda, L86, F|264\/264\n|turn|8\n|\n|t:|1628712561\n|move|p1a: Sandaconda|Glare|p4b: Snorlax\n|-status|p4b: Snorlax|par\n|move|p2a: Togekiss|Dazzling Gleam|p1a: Sandaconda|[spread] p1a,p3b,p4b\n|-crit|p3b: Lapras\n|-damage|p1a: Sandaconda|215\/264\n|-damage|p3b: Lapras|0 fnt\n|-damage|p4b: Snorlax|320\/406 par\n|faint|p3b: Lapras\n|move|p4b: Snorlax|Body Slam|p1a: Sandaconda\n|-damage|p1a: Sandaconda|113\/264\n|-enditem|p1a: Sandaconda|Sitrus Berry|[eat]\n|-heal|p1a: Sandaconda|179\/264|[from] item: Sitrus Berry\n|\n|-sideend|p4: Flowbias|move: Light Screen\n|upkeep\n|\n|t:|1628712578\n|switch|p3b: Victini|Victini, L82|298\/298\n|turn|9\n|\n|t:|1628712594\n|move|p3b: Victini|V-create|p4b: Snorlax\n|-damage|p4b: Snorlax|271\/406 par\n|-unboost|p3b: Victini|spe|1\n|-unboost|p3b: Victini|def|1\n|-unboost|p3b: Victini|spd|1\n|move|p1a: Sandaconda|Stone Edge|p2a: Togekiss\n|-supereffective|p2a: Togekiss\n|-damage|p2a: Togekiss|28\/267 par\n|cant|p2a: Togekiss|par\n|cant|p4b: Snorlax|par\n|\n|-sideend|p4: Flowbias|Reflect\n|upkeep\n|turn|10\n|inactive|Sxhmock has 270 seconds left.\n|\n|t:|1628712645\n|move|p1a: Sandaconda|High Horsepower|p4b: Snorlax\n|-damage|p4b: Snorlax|171\/406 par\n|-enditem|p4b: Snorlax|Sitrus Berry|[eat]\n|-heal|p4b: Snorlax|272\/406 par|[from] item: Sitrus Berry\n|move|p3b: Victini|Zen Headbutt|p4b: Snorlax\n|-damage|p4b: Snorlax|200\/406 par\n|move|p2a: Togekiss|Air Slash|p4b: Snorlax\n|-damage|p4b: Snorlax|119\/406 par\n|cant|p4b: Snorlax|flinch\n|\n|upkeep\n|turn|11\n|inactive|Sxhmock has 270 seconds left.\n|\n|t:|1628712661\n|move|p1a: Sandaconda|Stone Edge|p4b: Snorlax|[miss]\n|-miss|p1a: Sandaconda|p4b: Snorlax\n|move|p3b: Victini|Glaciate|p2a: Togekiss|[spread] p1a,p2a,p4b\n|-supereffective|p1a: Sandaconda\n|-supereffective|p2a: Togekiss\n|-damage|p1a: Sandaconda|129\/264\n|-damage|p2a: Togekiss|0 fnt\n|-damage|p4b: Snorlax|110\/406 par\n|-unboost|p1a: Sandaconda|spe|1\n|-unboost|p4b: Snorlax|spe|1\n|faint|p2a: Togekiss\n|cant|p4b: Snorlax|par\n|\n|upkeep\n|\n|t:|1628712674\n|switch|p2a: Gigalith|Gigalith, L88, F|293\/293\n|-weather|Sandstorm|[from] ability: Sand Stream|[of] p2a: Gigalith\n|turn|12\n|\n|t:|1628712699\n|move|p3b: Victini|Bolt Strike|p4b: Snorlax\n|-damage|p4b: Snorlax|38\/406 par\n|move|p1a: Sandaconda|High Horsepower|p4b: Snorlax\n|-damage|p4b: Snorlax|0 fnt\n|faint|p4b: Snorlax\n|move|p2a: Gigalith|Body Press|p4: Snorlax|[notarget]\n|-fail|p2a: Gigalith\n|\n|-weather|Sandstorm|[upkeep]\n|-damage|p3b: Victini|280\/298|[from] Sandstorm\n|upkeep\n|\n|t:|1628712714\n|switch|p4b: Landorus|Landorus, L80, M|274\/274\n|turn|13\n|\n|t:|1628712729\n|switch|p3b: Poliwrath|Poliwrath, L88, F|302\/302\n|move|p4b: Landorus|Earth Power|p3b: Poliwrath\n|-damage|p3b: Poliwrath|185\/302\n|move|p1a: Sandaconda|Glare|p2a: Gigalith\n|-status|p2a: Gigalith|par\n|move|p2a: Gigalith|Heavy Slam|p4b: Landorus\n|-damage|p4b: Landorus|184\/274\n|\n|-weather|Sandstorm|[upkeep]\n|-damage|p3b: Poliwrath|167\/302|[from] Sandstorm\n|upkeep\n|turn|14\n|\n|t:|1628712743\n|move|p4b: Landorus|Psychic|p3b: Poliwrath\n|-supereffective|p3b: Poliwrath\n|-damage|p3b: Poliwrath|14\/302\n|move|p3b: Poliwrath|Liquidation|p4b: Landorus\n|-supereffective|p4b: Landorus\n|-damage|p4b: Landorus|0 fnt\n|faint|p4b: Landorus\n|move|p1a: Sandaconda|Glare|p4: Landorus|[notarget]\n|-fail|p1a: Sandaconda\n|move|p2a: Gigalith|Body Press|p1a: Sandaconda\n|-damage|p1a: Sandaconda|75\/264\n|\n|-weather|Sandstorm|[upkeep]\n|-damage|p3b: Poliwrath|0 fnt|[from] Sandstorm\n|faint|p3b: Poliwrath\n|upkeep\n|\n|t:|1628712761\n|switch|p4b: Lilligant|Lilligant, L84, F|255\/255\n|switch|p3b: Mesprit|Mesprit, L86|278\/278\n|turn|15\n|\n|t:|1628712770\n|move|p4b: Lilligant|Sleep Powder|p1a: Sandaconda\n|-status|p1a: Sandaconda|slp|[from] move: Sleep Powder\n|move|p3b: Mesprit|Nasty Plot|p3b: Mesprit\n|-boost|p3b: Mesprit|spa|2\n|cant|p1a: Sandaconda|slp\n|move|p2a: Gigalith|Body Press|p1a: Sandaconda\n|-damage|p1a: Sandaconda|19\/264 slp\n|\n|-weather|Sandstorm|[upkeep]\n|-damage|p4b: Lilligant|240\/255|[from] Sandstorm\n|-damage|p3b: Mesprit|261\/278|[from] Sandstorm\n|-activate|p1a: Sandaconda|ability: Shed Skin\n|-curestatus|p1a: Sandaconda|slp|[msg]\n|upkeep\n|turn|16\n|\n|t:|1628712787\n|move|p4b: Lilligant|Sleep Powder|p3b: Mesprit\n|-status|p3b: Mesprit|slp|[from] move: Sleep Powder\n|cant|p3b: Mesprit|slp\n|move|p1a: Sandaconda|Glare||[still]\n|-fail|p1a: Sandaconda\n|cant|p2a: Gigalith|par\n|\n|-weather|none\n|upkeep\n|turn|17\n|\n|t:|1628712808\n|move|p4b: Lilligant|Quiver Dance|p4b: Lilligant\n|-boost|p4b: Lilligant|spa|1\n|-boost|p4b: Lilligant|spd|1\n|-boost|p4b: Lilligant|spe|1\n|-curestatus|p3b: Mesprit|slp|[msg]\n|move|p3b: Mesprit|Psychic|p1a: Sandaconda\n|-damage|p1a: Sandaconda|0 fnt\n|faint|p1a: Sandaconda\n|move|p2a: Gigalith|Rock Slide|p3b: Mesprit|[spread] p3b,p4b\n|-damage|p3b: Mesprit|215\/278\n|-damage|p4b: Lilligant|171\/255\n|\n|upkeep\n|\n|t:|1628712822\n|switch|p1a: Cobalion|Cobalion, L84|290\/290\n|turn|18\n|\n|t:|1628712832\n|move|p4b: Lilligant|Sleep Powder|p1a: Cobalion\n|-status|p1a: Cobalion|slp|[from] move: Sleep Powder\n|cant|p1a: Cobalion|slp\n|move|p3b: Mesprit|Psychic|p2a: Gigalith\n|-damage|p2a: Gigalith|59\/293 par\n|-enditem|p2a: Gigalith|Sitrus Berry|[eat]\n|-heal|p2a: Gigalith|132\/293 par|[from] item: Sitrus Berry\n|move|p2a: Gigalith|Rock Slide|p3b: Mesprit|[spread] p1a,p3b,p4b\n|-resisted|p1a: Cobalion\n|-damage|p1a: Cobalion|279\/290 slp\n|-damage|p3b: Mesprit|172\/278\n|-damage|p4b: Lilligant|113\/255\n|-enditem|p4b: Lilligant|Sitrus Berry|[eat]\n|-heal|p4b: Lilligant|176\/255|[from] item: Sitrus Berry\n|\n|upkeep\n|turn|19\n|\n|t:|1628712849\n|move|p4b: Lilligant|Sleep Powder|p3b: Mesprit\n|-status|p3b: Mesprit|slp|[from] move: Sleep Powder\n|cant|p1a: Cobalion|slp\n|cant|p3b: Mesprit|slp\n|cant|p2a: Gigalith|par\n|\n|upkeep\n|turn|20\n|\n|t:|1628712861\n|move|p4b: Lilligant|Quiver Dance|p4b: Lilligant\n|-boost|p4b: Lilligant|spa|1\n|-boost|p4b: Lilligant|spd|1\n|-boost|p4b: Lilligant|spe|1\n|-curestatus|p1a: Cobalion|slp|[msg]\n|move|p1a: Cobalion|Thunder Wave|p4b: Lilligant\n|-status|p4b: Lilligant|par\n|cant|p3b: Mesprit|slp\n|move|p2a: Gigalith|Body Press|p1a: Cobalion\n|-supereffective|p1a: Cobalion\n|-crit|p1a: Cobalion\n|-damage|p1a: Cobalion|109\/290\n|-enditem|p1a: Cobalion|Sitrus Berry|[eat]\n|-heal|p1a: Cobalion|181\/290|[from] item: Sitrus Berry\n|\n|upkeep\n|turn|21\n|\n|t:|1628712881\n|move|p1a: Cobalion|Close Combat|p2a: Gigalith\n|-supereffective|p2a: Gigalith\n|-damage|p2a: Gigalith|0 fnt\n|-unboost|p1a: Cobalion|def|1\n|-unboost|p1a: Cobalion|spd|1\n|faint|p2a: Gigalith\n|move|p4b: Lilligant|Sleep Powder|p1a: Cobalion\n|-status|p1a: Cobalion|slp|[from] move: Sleep Powder\n|-curestatus|p3b: Mesprit|slp|[msg]\n|move|p3b: Mesprit|Psychic|p2: Gigalith|[notarget]\n|-fail|p3b: Mesprit\n|\n|upkeep\n|\n|t:|1628712888\n|switch|p2a: Greedent|Greedent, L88, F|354\/354\n|turn|22\n|\n|t:|1628712900\n|cant|p1a: Cobalion|slp\n|move|p4b: Lilligant|Energy Ball|p1a: Cobalion\n|-resisted|p1a: Cobalion\n|-damage|p1a: Cobalion|0 fnt\n|faint|p1a: Cobalion\n|move|p3b: Mesprit|Psychic|p1: Cobalion|[notarget]\n|-fail|p3b: Mesprit\n|move|p2a: Greedent|Body Slam|p4b: Lilligant\n|-damage|p4b: Lilligant|56\/255 par\n|\n|upkeep\n|inactive|Sxhmock has 270 seconds left.\n|\n|t:|1628712936\n|switch|p1a: Pelipper|Pelipper, L83, F|235\/235\n|-weather|RainDance|[from] ability: Drizzle|[of] p1a: Pelipper\n|turn|23\n|\n|t:|1628712951\n|move|p4b: Lilligant|Sleep Powder|p2a: Greedent|[miss]\n|-miss|p4b: Lilligant|p2a: Greedent\n|move|p3b: Mesprit|Thunderbolt|p1a: Pelipper\n|-supereffective|p1a: Pelipper\n|-damage|p1a: Pelipper|0 fnt\n|faint|p1a: Pelipper\n|move|p2a: Greedent|Body Slam|p4b: Lilligant\n|-crit|p4b: Lilligant\n|-damage|p4b: Lilligant|0 fnt\n|faint|p4b: Lilligant\n|\n|-weather|RainDance|[upkeep]\n|upkeep\n|\n|t:|1628712976\n|switch|p4b: Urshifu|Urshifu-Rapid-Strike, L80, M|291\/291\n|switch|p1a: Mew|Mew, L80|291\/291\n|turn|24\n|inactive|Fuchse96 has 270 seconds left.\n|\n|t:|1628713007\n|move|p1a: Mew|Transform|p4b: Urshifu\n|-transform|p1a: Mew|p4b: Urshifu\n|move|p4b: Urshifu|Surging Strikes|p2a: Greedent\n|-crit|p2a: Greedent\n|-damage|p2a: Greedent|275\/354\n|-crit|p2a: Greedent\n|-damage|p2a: Greedent|188\/354\n|-crit|p2a: Greedent\n|-damage|p2a: Greedent|110\/354\n|-enditem|p2a: Greedent|Sitrus Berry|[eat]\n|-heal|p2a: Greedent|198\/354|[from] item: Sitrus Berry\n|-heal|p2a: Greedent|316\/354|[from] ability: Cheek Pouch\n|-hitcount|p2a: Greedent|3\n|-damage|p4b: Urshifu|262\/291|[from] item: Life Orb\n|move|p3b: Mesprit|Psychic|p2a: Greedent\n|-crit|p2a: Greedent\n|-damage|p2a: Greedent|0 fnt\n|faint|p2a: Greedent\n|\n|-weather|RainDance|[upkeep]\n|upkeep\n|\n|t:|1628713028\n|switch|p2a: Kingdra|Kingdra, L82, M|177\/257\n|turn|25\n|\n|t:|1628713039\n|move|p2a: Kingdra|Hydro Pump|p3b: Mesprit|[miss]\n|-miss|p2a: Kingdra|p3b: Mesprit\n|move|p1a: Mew|Surging Strikes|p3b: Mesprit\n|-crit|p3b: Mesprit\n|-damage|p3b: Mesprit|109\/278\n|-enditem|p3b: Mesprit|Sitrus Berry|[eat]\n|-heal|p3b: Mesprit|178\/278|[from] item: Sitrus Berry\n|-crit|p3b: Mesprit\n|-damage|p3b: Mesprit|121\/278\n|-crit|p3b: Mesprit\n|-damage|p3b: Mesprit|58\/278\n|-hitcount|p3b: Mesprit|3\n|move|p4b: Urshifu|Surging Strikes|p3b: Mesprit\n|-crit|p3b: Mesprit\n|-damage|p3b: Mesprit|0 fnt\n|faint|p3b: Mesprit\n|-hitcount|p3: Mesprit|1\n|-damage|p4b: Urshifu|233\/291|[from] item: Life Orb\n|\n|-weather|RainDance|[upkeep]\n|upkeep\n|\n|t:|1628713056\n|switch|p3b: Gourgeist|Gourgeist-Super, L88, M|293\/293\n|-item|p1a: Mew|Sitrus Berry|[from] ability: Frisk|[of] p3b: Gourgeist|[identify]\n|-item|p2a: Kingdra|Choice Scarf|[from] ability: Frisk|[of] p3b: Gourgeist|[identify]\n|-item|p4b: Urshifu|Life Orb|[from] ability: Frisk|[of] p3b: Gourgeist|[identify]\n|turn|26\n|\n|t:|1628713072\n|move|p4b: Urshifu|Protect|p4b: Urshifu\n|-singleturn|p4b: Urshifu|Protect\n|move|p2a: Kingdra|Hydro Pump|p1a: Mew\n|-resisted|p1a: Mew\n|-damage|p1a: Mew|171\/291\n|move|p1a: Mew|Surging Strikes|p3b: Gourgeist\n|-resisted|p3b: Gourgeist\n|-crit|p3b: Gourgeist\n|-damage|p3b: Gourgeist|267\/293\n|-resisted|p3b: Gourgeist\n|-crit|p3b: Gourgeist\n|-damage|p3b: Gourgeist|239\/293\n|-resisted|p3b: Gourgeist\n|-crit|p3b: Gourgeist\n|-damage|p3b: Gourgeist|214\/293\n|-hitcount|p3b: Gourgeist|3\n|move|p3b: Gourgeist|Poltergeist|p2a: Kingdra\n|-activate|p2a: Kingdra|move: Poltergeist|Choice Scarf\n|-damage|p2a: Kingdra|47\/257\n|\n|-weather|RainDance|[upkeep]\n|upkeep\n|turn|27\n|\n|t:|1628713092\n|move|p1a: Mew|Protect|p1a: Mew\n|-singleturn|p1a: Mew|Protect\n|move|p4b: Urshifu|Aqua Jet|p2a: Kingdra\n|-resisted|p2a: Kingdra\n|-crit|p2a: Kingdra\n|-damage|p2a: Kingdra|9\/257\n|-damage|p4b: Urshifu|204\/291|[from] item: Life Orb\n|move|p3b: Gourgeist|Shadow Sneak|p2a: Kingdra\n|-damage|p2a: Kingdra|0 fnt\n|faint|p2a: Kingdra\n|\n|-weather|none\n|upkeep\n|\n|t:|1628713102\n|switch|p2a: Eldegoss|Eldegoss, L90, M|254\/254\n|turn|28\n|\n|t:|1628713110\n|move|p1a: Mew|Surging Strikes|p3b: Gourgeist\n|-resisted|p3b: Gourgeist\n|-crit|p3b: Gourgeist\n|-damage|p3b: Gourgeist|196\/293\n|-resisted|p3b: Gourgeist\n|-crit|p3b: Gourgeist\n|-damage|p3b: Gourgeist|178\/293\n|-resisted|p3b: Gourgeist\n|-crit|p3b: Gourgeist\n|-damage|p3b: Gourgeist|160\/293\n|-hitcount|p3b: Gourgeist|3\n|move|p4b: Urshifu|Close Combat|p2a: Eldegoss\n|-damage|p2a: Eldegoss|71\/254\n|-unboost|p4b: Urshifu|def|1\n|-unboost|p4b: Urshifu|spd|1\n|-enditem|p2a: Eldegoss|Sitrus Berry|[eat]\n|-heal|p2a: Eldegoss|134\/254|[from] item: Sitrus Berry\n|-damage|p4b: Urshifu|175\/291|[from] item: Life Orb\n|move|p2a: Eldegoss|Charm|p3b: Gourgeist\n|-unboost|p3b: Gourgeist|atk|2\n|move|p3b: Gourgeist|Poltergeist||[still]\n|-fail|p3b: Gourgeist\n|\n|upkeep\n|turn|29\n|inactive|Sxhmock has 270 seconds left.\n|\n|t:|1628713142\n|move|p1a: Mew|Surging Strikes|p3b: Gourgeist\n|-resisted|p3b: Gourgeist\n|-crit|p3b: Gourgeist\n|-damage|p3b: Gourgeist|144\/293\n|-enditem|p3b: Gourgeist|Sitrus Berry|[eat]\n|-heal|p3b: Gourgeist|217\/293|[from] item: Sitrus Berry\n|-resisted|p3b: Gourgeist\n|-crit|p3b: Gourgeist\n|-damage|p3b: Gourgeist|199\/293\n|-resisted|p3b: Gourgeist\n|-crit|p3b: Gourgeist\n|-damage|p3b: Gourgeist|182\/293\n|-hitcount|p3b: Gourgeist|3\n|move|p4b: Urshifu|Surging Strikes|p3b: Gourgeist\n|-resisted|p3b: Gourgeist\n|-crit|p3b: Gourgeist\n|-damage|p3b: Gourgeist|159\/293\n|-resisted|p3b: Gourgeist\n|-crit|p3b: Gourgeist\n|-damage|p3b: Gourgeist|137\/293\n|-resisted|p3b: Gourgeist\n|-crit|p3b: Gourgeist\n|-damage|p3b: Gourgeist|114\/293\n|-hitcount|p3b: Gourgeist|3\n|-damage|p4b: Urshifu|146\/291|[from] item: Life Orb\n|move|p2a: Eldegoss|Energy Ball|p1a: Mew\n|-supereffective|p1a: Mew\n|-damage|p1a: Mew|0 fnt\n|faint|p1a: Mew\n|move|p3b: Gourgeist|Power Whip|p4b: Urshifu|[miss]\n|-miss|p3b: Gourgeist|p4b: Urshifu\n|\n|upkeep\n|inactive|Sxhmock has 270 seconds left.\n|inactive|Sxhmock has 240 seconds left.\n|\n|t:|1628713180\n|switch|p1a: Zamazenta|Zamazenta, L74|258\/258\n|-ability|p1a: Zamazenta|Dauntless Shield|boost\n|-boost|p1a: Zamazenta|def|1\n|turn|30\n|\n|t:|1628713186\n|move|p1a: Zamazenta|Crunch|p3b: Gourgeist\n|-supereffective|p3b: Gourgeist\n|-damage|p3b: Gourgeist|30\/293\n|-unboost|p3b: Gourgeist|def|1\n|move|p4b: Urshifu|Close Combat|p2a: Eldegoss\n|-damage|p2a: Eldegoss|0 fnt\n|-unboost|p4b: Urshifu|def|1\n|-unboost|p4b: Urshifu|spd|1\n|faint|p2a: Eldegoss\n|-damage|p4b: Urshifu|117\/291|[from] item: Life Orb\n|move|p3b: Gourgeist|Power Whip|p4b: Urshifu\n|-supereffective|p4b: Urshifu\n|-damage|p4b: Urshifu|0 fnt\n|faint|p4b: Urshifu\n|\n|upkeep\n|\n|t:|1628713201\n|switch|p4b: Flygon|Flygon, L86, M|278\/278\n|switch|p2a: Eternatus|Eternatus, L72|321\/321\n|-ability|p2a: Eternatus|Pressure\n|turn|31\n|\n|t:|1628713209\n|move|p3b: Gourgeist|Shadow Sneak|p1a: Zamazenta\n|-damage|p1a: Zamazenta|243\/258\n|move|p1a: Zamazenta|Crunch|p3b: Gourgeist\n|-supereffective|p3b: Gourgeist\n|-damage|p3b: Gourgeist|0 fnt\n|faint|p3b: Gourgeist\n|move|p2a: Eternatus|Cosmic Power|p2a: Eternatus\n|-boost|p2a: Eternatus|def|1\n|-boost|p2a: Eternatus|spd|1\n|move|p4b: Flygon|Dragon Claw|p2a: Eternatus\n|-supereffective|p2a: Eternatus\n|-damage|p2a: Eternatus|134\/321\n|-enditem|p2a: Eternatus|Sitrus Berry|[eat]\n|-heal|p2a: Eternatus|214\/321|[from] item: Sitrus Berry\n|-damage|p4b: Flygon|251\/278|[from] item: Life Orb\n|\n|upkeep\n|\n|t:|1628713223\n|switch|p3b: Yveltal|Yveltal, L72|299\/299\n|-ability|p3b: Yveltal|Dark Aura\n|turn|32\n|\n|t:|1628713231\n|move|p1a: Zamazenta|Close Combat|p3b: Yveltal\n|-crit|p3b: Yveltal\n|-damage|p3b: Yveltal|77\/299\n|-unboost|p1a: Zamazenta|def|1\n|-unboost|p1a: Zamazenta|spd|1\n|-enditem|p3b: Yveltal|Sitrus Berry|[eat]\n|-heal|p3b: Yveltal|151\/299|[from] item: Sitrus Berry\n|move|p2a: Eternatus|Dynamax Cannon|p4b: Flygon\n|-supereffective|p4b: Flygon\n|-damage|p4b: Flygon|11\/278\n|move|p4b: Flygon|Dragon Claw|p2a: Eternatus\n|-supereffective|p2a: Eternatus\n|-damage|p2a: Eternatus|55\/321\n|-damage|p4b: Flygon|0 fnt|[from] item: Life Orb\n|faint|p4b: Flygon\n|move|p3b: Yveltal|Tailwind|p3b: Yveltal\n|-sidestart|p3: Fuchse96|move: Tailwind\n|\n|upkeep\n|turn|33\n|\n|t:|1628713257\n|move|p1a: Zamazenta|Protect|p1a: Zamazenta\n|-singleturn|p1a: Zamazenta|Protect\n|move|p3b: Yveltal|Oblivion Wing|p1a: Zamazenta\n|-activate|p1a: Zamazenta|move: Protect\n|move|p2a: Eternatus|Recover|p2a: Eternatus\n|-heal|p2a: Eternatus|216\/321\n|\n|upkeep\n|turn|34\n|inactive|Sxhmock has 270 seconds left.\n|\n|t:|1628713274\n|move|p3b: Yveltal|Oblivion Wing|p1a: Zamazenta\n|-supereffective|p1a: Zamazenta\n|-damage|p1a: Zamazenta|13\/258\n|-heal|p3b: Yveltal|299\/299|[from] drain|[of] p1a: Zamazenta\n|-enditem|p1a: Zamazenta|Sitrus Berry|[eat]\n|-heal|p1a: Zamazenta|77\/258|[from] item: Sitrus Berry\n|move|p1a: Zamazenta|Close Combat|p3b: Yveltal\n|-damage|p3b: Yveltal|169\/299\n|-unboost|p1a: Zamazenta|def|1\n|-unboost|p1a: Zamazenta|spd|1\n|move|p2a: Eternatus|Recover|p2a: Eternatus\n|-heal|p2a: Eternatus|321\/321\n|\n|upkeep\n|turn|35\n|\n|t:|1628713293\n|move|p1a: Zamazenta|Protect|p1a: Zamazenta\n|-singleturn|p1a: Zamazenta|Protect\n|move|p3b: Yveltal|Oblivion Wing|p2a: Eternatus\n|-damage|p2a: Eternatus|260\/321\n|-heal|p3b: Yveltal|215\/299|[from] drain|[of] p2a: Eternatus\n|move|p2a: Eternatus|Cosmic Power|p2a: Eternatus\n|-boost|p2a: Eternatus|def|1\n|-boost|p2a: Eternatus|spd|1\n|\n|-sideend|p3: Fuchse96|move: Tailwind\n|upkeep\n|turn|36\n|inactive|Fuchse96 has 270 seconds left.\n|\n|t:|1628713307\n|move|p1a: Zamazenta|Close Combat|p3b: Yveltal\n|-damage|p3b: Yveltal|83\/299\n|-unboost|p1a: Zamazenta|def|1\n|-unboost|p1a: Zamazenta|spd|1\n|move|p2a: Eternatus|Recover|p2a: Eternatus\n|-heal|p2a: Eternatus|321\/321\n|move|p3b: Yveltal|Oblivion Wing|p1a: Zamazenta\n|-supereffective|p1a: Zamazenta\n|-damage|p1a: Zamazenta|0 fnt\n|-heal|p3b: Yveltal|141\/299|[from] drain|[of] p1a: Zamazenta\n|faint|p1a: Zamazenta\n|\n|upkeep\n|turn|37\n|inactive|Fuchse96 has 270 seconds left.\n|\n|t:|1628713324\n|move|p2a: Eternatus|Cosmic Power|p2a: Eternatus\n|-boost|p2a: Eternatus|def|1\n|-boost|p2a: Eternatus|spd|1\n|move|p3b: Yveltal|Dark Pulse|p2a: Eternatus\n|-damage|p2a: Eternatus|278\/321\n|\n|upkeep\n|turn|38\n|\n|t:|1628713331\n|move|p2a: Eternatus|Cosmic Power|p2a: Eternatus\n|-boost|p2a: Eternatus|def|1\n|-boost|p2a: Eternatus|spd|1\n|move|p3b: Yveltal|Dark Pulse|p2a: Eternatus\n|-damage|p2a: Eternatus|236\/321\n|\n|upkeep\n|turn|39\n|\n|t:|1628713338\n|move|p2a: Eternatus|Cosmic Power|p2a: Eternatus\n|-boost|p2a: Eternatus|def|1\n|-boost|p2a: Eternatus|spd|1\n|move|p3b: Yveltal|Dark Pulse|p2a: Eternatus\n|-damage|p2a: Eternatus|200\/321\n|\n|upkeep\n|turn|40\n|\n|t:|1628713345\n|move|p2a: Eternatus|Recover|p2a: Eternatus\n|-heal|p2a: Eternatus|321\/321\n|move|p3b: Yveltal|Dark Pulse|p2a: Eternatus\n|-damage|p2a: Eternatus|287\/321\n|\n|upkeep\n|turn|41\n|\n|t:|1628713352\n|move|p2a: Eternatus|Dynamax Cannon|p3b: Yveltal\n|-damage|p3b: Yveltal|21\/299\n|move|p3b: Yveltal|Dark Pulse|p2a: Eternatus\n|-damage|p2a: Eternatus|253\/321\n|\n|upkeep\n|turn|42\n|\n|t:|1628713361\n|move|p2a: Eternatus|Flamethrower|p3b: Yveltal\n|-damage|p3b: Yveltal|0 fnt\n|faint|p3b: Yveltal\n|\n|upkeep\n|\n|t:|1628713365\n|switch|p3b: Victini|Victini, L82|280\/298\n|turn|43\n|\n|t:|1628713371\n|move|p2a: Eternatus|Recover|p2a: Eternatus\n|-heal|p2a: Eternatus|321\/321\n|move|p3b: Victini|Zen Headbutt|p2a: Eternatus\n|-supereffective|p2a: Eternatus\n|-crit|p2a: Eternatus\n|-damage|p2a: Eternatus|39\/321\n|\n|upkeep\n|turn|44\n|inactive|Fuchse96 has 270 seconds left.\n|\n|t:|1628713379\n|move|p2a: Eternatus|Recover|p2a: Eternatus\n|-heal|p2a: Eternatus|200\/321\n|move|p3b: Victini|Zen Headbutt|p2a: Eternatus\n|-supereffective|p2a: Eternatus\n|-crit|p2a: Eternatus\n|-damage|p2a: Eternatus|0 fnt\n|faint|p2a: Eternatus\n|\n|win|Fuchse96\n|l|\u2606ArcanineSquad\n","inputlog":">version 21a297c45f97162f5f89849dadd0772730f2dfbc\n>start {\"formatid\":\"gen8freeforallrandombattle\",\"seed\":[62425,28297,56190,24662]}\n>player p1 {\"name\":\"Sxhmock\",\"avatar\":\"acetrainerf\",\"rating\":0,\"seed\":[40348,58104,28655,41539]}\n>player p2 {\"name\":\"ArcanineSquad\",\"avatar\":\"cynthia-gen4\",\"rating\":0,\"seed\":[41882,48874,23211,47000]}\n>player p3 {\"name\":\"Fuchse96\",\"avatar\":\"koga\",\"team\":\"\",\"seed\":[64649,14870,5413,55025]}\n>player p4 {\"name\":\"Flowbias\",\"avatar\":\"backpacker\",\"team\":\"\",\"seed\":[57017,12463,31064,58644]}\n>p1 move pollenpuff\n>p2 move muddywater\n>p3 move icywind\n>p4 move lightscreen\n>p1 move pollenpuff\n>p2 move muddywater\n>p3 move darkestlariat\n>p4 move reflect\n>p1 move energyball\n>p2 switch 3\n>p3 switch 4\n>p4 move thunderwave\n>p1 move pollenpuff\n>p2 move airslash\n>p3 move freezedry\n>p4 move thunderwave\n>p1 move energyball\n>p2 move airslash\n>p3 move freezedry\n>p4 move thunderwave\n>p4 switch 4\n>p1 move energyball\n>p2 move airslash\n>p3 move freezedry\n>p4 move curse\n>p1 move energyball\n>p2 move airslash\n>p3 move freezedry\n>p4 move bodyslam\n>p1 switch 6\n>p1 move glare\n>p2 move dazzlinggleam\n>p3 move hydropump\n>p4 move bodyslam\n>p3 switch 6\n>p1 move stoneedge\n>p2 move airslash\n>p3 move vcreate\n>p4 move bodyslam\n>p1 move highhorsepower\n>p2 move airslash\n>p3 move zenheadbutt\n>p4 move bodyslam\n>p1 move stoneedge\n>p2 move airslash\n>p3 move glaciate\n>p4 move bodyslam\n>p2 switch 6\n>p1 move highhorsepower\n>p2 move bodypress\n>p3 move boltstrike\n>p4 move bodyslam\n>p4 switch 6\n>p1 move glare\n>p2 move heavyslam\n>p3 switch 4\n>p4 move earthpower\n>p1 move glare\n>p2 move bodypress\n>p3 move liquidation\n>p4 move psychic\n>p3 switch 3\n>p4 switch 3\n>p1 move glare\n>p2 move bodypress\n>p3 move nastyplot\n>p4 move sleeppowder\n>p1 move glare\n>p2 move rockslide\n>p3 move psychic\n>p4 move sleeppowder\n>p1 move glare\n>p2 move rockslide\n>p3 move psychic\n>p4 move quiverdance\n>p1 switch 5\n>p1 move thunderwave\n>p2 move rockslide\n>p3 move psychic\n>p4 move sleeppowder\n>p1 move thunderwave\n>p2 move bodypress\n>p3 move psychic\n>p4 move sleeppowder\n>p1 move thunderwave\n>p2 move bodypress\n>p3 move psychic\n>p4 move quiverdance\n>p1 move closecombat\n>p2 move rockslide\n>p3 move psychic\n>p4 move sleeppowder\n>p2 switch 2\n>p1 move closecombat\n>p2 move bodyslam\n>p3 move psychic\n>p4 move energyball\n>p1 switch 4\n>p1 move tailwind\n>p2 move bodyslam\n>p3 move thunderbolt\n>p4 move sleeppowder\n>p1 switch 2\n>p4 switch 2\n>p1 move transform\n>p2 move bodyslam\n>p3 move psychic\n>p4 move surgingstrikes\n>p2 switch 3\n>p1 move surgingstrikes\n>p2 move hydropump\n>p3 move dazzlinggleam\n>p4 move surgingstrikes\n>p3 switch 2\n>p1 move surgingstrikes\n>p2 move hydropump\n>p3 move poltergeist\n>p4 move protect\n>p1 move protect\n>p2 move hydropump\n>p3 move shadowsneak\n>p4 move aquajet\n>p2 switch 4\n>p1 move surgingstrikes\n>p2 move charm\n>p3 move poltergeist\n>p4 move closecombat\n>p1 move surgingstrikes\n>p2 move energyball\n>p3 move powerwhip\n>p4 move surgingstrikes\n>p1 switch 3\n>p1 move crunch\n>p2 move charm\n>p3 move powerwhip\n>p4 move closecombat\n>p2 switch 5\n>p4 switch 5\n>p1 move crunch\n>p2 move cosmicpower\n>p3 move shadowsneak\n>p4 move dragonclaw\n>p3 switch 5\n>p1 move closecombat\n>p2 move dynamaxcannon\n>p3 move tailwind\n>p4 move dragonclaw\n>p1 move protect\n>p2 move recover\n>p3 move oblivionwing\n>p1 move closecombat\n>p2 move recover\n>p3 move oblivionwing\n>p1 move protect\n>p2 move cosmicpower\n>p3 move oblivionwing\n>p1 move closecombat\n>p2 move recover\n>p3 move oblivionwing\n>p2 move cosmicpower\n>p3 move darkpulse\n>p2 move cosmicpower\n>p3 move darkpulse\n>p2 move cosmicpower\n>p3 move darkpulse\n>p2 move recover\n>p3 move darkpulse\n>p2 move dynamaxcannon\n>p3 move darkpulse\n>p2 move flamethrower\n>p3 move darkpulse\n>p3 switch 4\n>p2 move recover\n>p3 move zenheadbutt\n>p2 move recover\n>p3 move zenheadbutt","uploadtime":1628713389,"views":8,"p1id":"sxhmock","p2id":"arcaninesquad","formatid":"gen8freeforallrandombattle","rating":0,"private":0,"password":null}