{"id":"gen8randombattle-1100167359","p1":"wzjjjjjjjjjjj0128","p2":"Burnt Bright","format":"gen8randombattle","log":"|j|\u2606wzjjjjjjjjjjj0128\n|j|\u2606Burnt Bright\n|player|p1|wzjjjjjjjjjjj0128|1|1789\n|player|p2|Burnt Bright|226|1736\n|teamsize|p1|6\n|teamsize|p2|6\n|gametype|singles\n|gen|8\n|tier|[Gen 8] Random Battle\n|rated|\n|rule|Species Clause: Limit one of each Pok\u00e9mon\n|rule|HP Percentage Mod: HP is shown in percentages\n|rule|Sleep Clause Mod: Limit one foe put to sleep\n|\n|start\n|switch|p1a: Noivern|Noivern, L82, F|274\/274\n|switch|p2a: Cofagrigus|Cofagrigus, L86, F|240\/240\n|turn|1\n|\n|move|p1a: Noivern|Hurricane|p2a: Cofagrigus\n|-damage|p2a: Cofagrigus|149\/240\n|-start|p2a: Cofagrigus|confusion\n|-activate|p2a: Cofagrigus|confusion\n|move|p2a: Cofagrigus|Toxic Spikes|p1a: Noivern\n|-sidestart|p1: wzjjjjjjjjjjj0128|move: Toxic Spikes\n|\n|-heal|p2a: Cofagrigus|164\/240|[from] item: Leftovers\n|upkeep\n|turn|2\n|\n|switch|p2a: Dialga|Dialga, L72|263\/263\n|-ability|p2a: Dialga|Pressure\n|move|p1a: Noivern|Hurricane|p2a: Dialga|[miss]\n|-miss|p1a: Noivern|p2a: Dialga\n|\n|upkeep\n|turn|3\n|\n|move|p1a: Noivern|Draco Meteor|p2a: Dialga\n|-damage|p2a: Dialga|128\/263\n|-unboost|p1a: Noivern|spa|2\n|move|p2a: Dialga|Stealth Rock|p1a: Noivern\n|-sidestart|p1: wzjjjjjjjjjjj0128|move: Stealth Rock\n|\n|-heal|p2a: Dialga|144\/263|[from] item: Leftovers\n|upkeep\n|turn|4\n|\n|move|p1a: Noivern|Draco Meteor|p2a: Dialga\n|-damage|p2a: Dialga|80\/263\n|-unboost|p1a: Noivern|spa|2\n|move|p2a: Dialga|Draco Meteor|p1a: Noivern\n|-supereffective|p1a: Noivern\n|-damage|p1a: Noivern|0 fnt\n|-unboost|p2a: Dialga|spa|2\n|faint|p1a: Noivern\n|\n|-heal|p2a: Dialga|96\/263|[from] item: Leftovers\n|upkeep\n|\n|switch|p1a: Barbaracle|Barbaracle, L84, F|258\/258\n|-status|p1a: Barbaracle|psn\n|-damage|p1a: Barbaracle|226\/258 psn|[from] Stealth Rock\n|turn|5\n|\n|switch|p2a: Cofagrigus|Cofagrigus, L86, F|164\/240\n|move|p1a: Barbaracle|Shell Smash|p1a: Barbaracle\n|-unboost|p1a: Barbaracle|def|1\n|-unboost|p1a: Barbaracle|spd|1\n|-boost|p1a: Barbaracle|atk|2\n|-boost|p1a: Barbaracle|spa|2\n|-boost|p1a: Barbaracle|spe|2\n|-enditem|p1a: Barbaracle|White Herb\n|-clearnegativeboost|p1a: Barbaracle|[silent]\n|\n|-heal|p2a: Cofagrigus|179\/240|[from] item: Leftovers\n|-damage|p1a: Barbaracle|194\/258 psn|[from] psn\n|upkeep\n|turn|6\n|\n|-start|p1a: Barbaracle|Dynamax\n|-heal|p1a: Barbaracle|388\/516 psn|[silent]\n|move|p1a: Barbaracle|Max Geyser|p2a: Cofagrigus\n|-damage|p2a: Cofagrigus|0 fnt\n|-weather|RainDance\n|faint|p2a: Cofagrigus\n|\n|-weather|RainDance|[upkeep]\n|-damage|p1a: Barbaracle|356\/516 psn|[from] psn\n|upkeep\n|\n|switch|p2a: Glalie|Glalie, L72, M|234\/234\n|turn|7\n|\n|move|p2a: Glalie|Protect|p2a: Glalie\n|-singleturn|p2a: Glalie|Protect\n|move|p1a: Barbaracle|Max Rockfall|p2a: Glalie\n|-supereffective|p2a: Glalie\n|-zbroken|p2a: Glalie\n|-damage|p2a: Glalie|46\/234\n|-weather|Sandstorm\n|\n|-weather|Sandstorm|[upkeep]\n|-damage|p2a: Glalie|32\/234|[from] Sandstorm\n|-heal|p2a: Glalie|46\/234|[from] item: Leftovers\n|-damage|p1a: Barbaracle|324\/516 psn|[from] psn\n|-ability|p2a: Glalie|Moody|boost\n|-boost|p2a: Glalie|def|2\n|-unboost|p2a: Glalie|atk|1\n|upkeep\n|turn|8\n|\n|move|p1a: Barbaracle|Max Knuckle|p2a: Glalie\n|-supereffective|p2a: Glalie\n|-damage|p2a: Glalie|0 fnt\n|-boost|p1a: Barbaracle|atk|1\n|faint|p2a: Glalie\n|\n|-weather|Sandstorm|[upkeep]\n|-damage|p1a: Barbaracle|292\/516 psn|[from] psn\n|-end|p1a: Barbaracle|Dynamax\n|-heal|p1a: Barbaracle|146\/258 psn|[silent]\n|upkeep\n|\n|switch|p2a: Conkeldurr|Conkeldurr, L80, F|299\/299\n|turn|9\n|\n|-start|p2a: Conkeldurr|Dynamax\n|-heal|p2a: Conkeldurr|598\/598|[silent]\n|move|p1a: Barbaracle|Liquidation|p2a: Conkeldurr\n|-damage|p2a: Conkeldurr|313\/598\n|move|p2a: Conkeldurr|Max Knuckle|p1a: Barbaracle\n|-supereffective|p1a: Barbaracle\n|-damage|p1a: Barbaracle|0 fnt\n|-boost|p2a: Conkeldurr|atk|1\n|-damage|p2a: Conkeldurr|284\/598|[from] item: Life Orb\n|faint|p1a: Barbaracle\n|\n|-weather|Sandstorm|[upkeep]\n|-damage|p2a: Conkeldurr|266\/598|[from] Sandstorm\n|upkeep\n|\n|switch|p1a: Tornadus|Tornadus, L82, M|263\/263\n|-damage|p1a: Tornadus|198\/263|[from] Stealth Rock\n|turn|10\n|\n|move|p1a: Tornadus|Hurricane|p2a: Conkeldurr\n|-supereffective|p2a: Conkeldurr\n|-damage|p2a: Conkeldurr|0 fnt\n|-damage|p1a: Tornadus|172\/263|[from] item: Life Orb\n|faint|p2a: Conkeldurr\n|\n|-weather|Sandstorm|[upkeep]\n|-damage|p1a: Tornadus|156\/263|[from] Sandstorm\n|upkeep\n|\n|switch|p2a: Dialga|Dialga, L72|96\/263\n|-ability|p2a: Dialga|Pressure\n|turn|11\n|\n|move|p1a: Tornadus|Heat Wave|p2a: Dialga\n|-damage|p2a: Dialga|0 fnt\n|-damage|p1a: Tornadus|130\/263|[from] item: Life Orb\n|faint|p2a: Dialga\n|\n|-weather|none\n|upkeep\n|\n|switch|p2a: Farfetch'd|Farfetch'd, L84, F|225\/225\n|turn|12\n|\n|move|p1a: Tornadus|Hurricane|p2a: Farfetch'd\n|-damage|p2a: Farfetch'd|0 fnt\n|-damage|p1a: Tornadus|104\/263|[from] item: Life Orb\n|faint|p2a: Farfetch'd\n|\n|upkeep\n|\n|switch|p2a: Espeon|Espeon, L82, F|241\/241\n|turn|13\n|\n|move|p1a: Tornadus|Hurricane|p2a: Espeon\n|-damage|p2a: Espeon|88\/241\n|-start|p2a: Espeon|confusion\n|-damage|p1a: Tornadus|78\/263|[from] item: Life Orb\n|-activate|p2a: Espeon|confusion\n|move|p2a: Espeon|Psychic|p1a: Tornadus\n|-damage|p1a: Tornadus|0 fnt\n|faint|p1a: Tornadus\n|\n|-heal|p2a: Espeon|103\/241|[from] item: Leftovers\n|upkeep\n|\n|switch|p1a: Cursola|Cursola, L86, F|243\/243\n|-damage|p1a: Cursola|213\/243|[from] Stealth Rock\n|-status|p1a: Cursola|psn\n|turn|14\n|\n|-end|p2a: Espeon|confusion\n|move|p2a: Espeon|Psychic|p1a: Cursola\n|-damage|p1a: Cursola|135\/243 psn\n|move|p1a: Cursola|Shadow Ball|p2a: Espeon\n|-supereffective|p2a: Espeon\n|-damage|p2a: Espeon|0 fnt\n|faint|p2a: Espeon\n|\n|win|wzjjjjjjjjjjj0128\n|l|\u2606Burnt Bright\n||Ladder (probably) updated, but score could not be retrieved (Response not received).\n","inputlog":">version 776ccf979666104e25cdbe5a85a293d1e5a23528\n>start {\"formatid\":\"gen8randombattle\",\"seed\":[14062,53837,59632,59030],\"rated\":\"Rated battle\"}\n>player p1 {\"name\":\"wzjjjjjjjjjjj0128\",\"avatar\":\"1\",\"team\":\"\",\"rating\":1789,\"seed\":[33831,36208,64037,20418]}\n>player p2 {\"name\":\"Burnt Bright\",\"avatar\":\"226\",\"team\":\"\",\"rating\":1736,\"seed\":[32935,1902,33177,44381]}\n>p1 move hurricane\n>p2 move toxicspikes\n>p1 move hurricane\n>p2 switch 2\n>p1 move dracometeor\n>p2 move stealthrock\n>p1 move dracometeor\n>p2 move dracometeor\n>p1 switch 6\n>p1 move shellsmash\n>p2 switch 2\n>p1 move liquidation dynamax\n>p2 move bodypress\n>p2 switch 6\n>p1 move stoneedge dynamax\n>p2 move protect\n>p1 move crosschop dynamax\n>p2 move freezedry\n>p2 switch 3\n>p1 move liquidation\n>p2 move drainpunch dynamax\n>p1 switch 3\n>p1 move hurricane\n>p2 move knockoff dynamax\n>p2 switch 2\n>p1 move heatwave\n>p2 move thunderbolt\n>p2 switch 5\n>p1 move hurricane\n>p2 move bravebird\n>p2 switch 4\n>p1 move hurricane\n>p2 move psychic\n>p1 switch 4\n>p1 move shadowball\n>p2 move psychic","uploadtime":1587404603,"views":4,"p1id":"wzjjjjjjjjjjj0128","p2id":"burntbright","formatid":"gen8randombattle","rating":0,"private":0,"password":null}