{"id":"gen8unratedrandombattle-1689180471","p1":"i am putin","p2":"Spectre Ace","format":"gen8unratedrandombattle","log":"|j|\u2606i am putin\n|j|\u2606Spectre Ace\n|t:|1666139752\n|gametype|singles\n|player|p1|i am putin|266|\n|player|p2|Spectre Ace|juggler|\n|teamsize|p1|6\n|teamsize|p2|6\n|gen|8\n|tier|[Gen 8] Unrated Random Battle\n|rule|Species Clause: Limit one of each Pok\u00e9mon\n|rule|HP Percentage Mod: HP is shown in percentages\n|rule|Sleep Clause Mod: Limit one foe put to sleep\n|\n|t:|1666139752\n|start\n|switch|p1a: Sudowoodo|Sudowoodo, L87, F|264\/264\n|switch|p2a: Pheromosa|Pheromosa, L75|230\/230\n|turn|1\n|inactive|Battle timer is ON: inactive players will automatically lose when time's up. (requested by i am putin)\n|\n|t:|1666139760\n|move|p2a: Pheromosa|U-turn|p1a: Sudowoodo\n|-damage|p1a: Sudowoodo|197\/264\n|\n|t:|1666139762\n|switch|p2a: Hippowdon|Hippowdon, L80, F|304\/304\n|-weather|Sandstorm|[from] ability: Sand Stream|[of] p2a: Hippowdon\n|move|p1a: Sudowoodo|Head Smash|p2a: Hippowdon\n|-resisted|p2a: Hippowdon\n|-damage|p2a: Hippowdon|238\/304\n|\n|-weather|Sandstorm|[upkeep]\n|-heal|p2a: Hippowdon|257\/304|[from] item: Leftovers\n|-heal|p1a: Sudowoodo|213\/264|[from] item: Leftovers\n|upkeep\n|turn|2\n|\n|t:|1666139780\n|move|p2a: Hippowdon|Earthquake|p1a: Sudowoodo\n|-supereffective|p1a: Sudowoodo\n|-damage|p1a: Sudowoodo|31\/264\n|move|p1a: Sudowoodo|Wood Hammer|p2a: Hippowdon\n|-supereffective|p2a: Hippowdon\n|-damage|p2a: Hippowdon|99\/304\n|\n|-weather|Sandstorm|[upkeep]\n|-heal|p2a: Hippowdon|118\/304|[from] item: Leftovers\n|-heal|p1a: Sudowoodo|47\/264|[from] item: Leftovers\n|upkeep\n|turn|3\n|\n|t:|1666139793\n|move|p2a: Hippowdon|Earthquake|p1a: Sudowoodo\n|-supereffective|p1a: Sudowoodo\n|-damage|p1a: Sudowoodo|0 fnt\n|faint|p1a: Sudowoodo\n|\n|-weather|Sandstorm|[upkeep]\n|-heal|p2a: Hippowdon|137\/304|[from] item: Leftovers\n|upkeep\n|\n|t:|1666139805\n|switch|p1a: Alcremie|Alcremie, L86, F|252\/252\n|turn|4\n|\n|t:|1666139810\n|move|p1a: Alcremie|Calm Mind|p1a: Alcremie\n|-boost|p1a: Alcremie|spa|1\n|-boost|p1a: Alcremie|spd|1\n|move|p2a: Hippowdon|Toxic|p1a: Alcremie\n|-status|p1a: Alcremie|tox\n|\n|-weather|Sandstorm|[upkeep]\n|-damage|p1a: Alcremie|237\/252 tox|[from] Sandstorm\n|-heal|p1a: Alcremie|252\/252 tox|[from] item: Leftovers\n|-heal|p2a: Hippowdon|156\/304|[from] item: Leftovers\n|-damage|p1a: Alcremie|237\/252 tox|[from] psn\n|upkeep\n|turn|5\n|\n|t:|1666139815\n|switch|p2a: Meowstic|Meowstic, L84, M|262\/262\n|move|p1a: Alcremie|Dazzling Gleam|p2a: Meowstic\n|-damage|p2a: Meowstic|109\/262\n|\n|-weather|none\n|-heal|p1a: Alcremie|252\/252 tox|[from] item: Leftovers\n|-damage|p1a: Alcremie|222\/252 tox|[from] psn\n|upkeep\n|turn|6\n|\n|t:|1666139822\n|move|p2a: Meowstic|Light Screen|p2a: Meowstic\n|-sidestart|p2: Spectre Ace|move: Light Screen\n|move|p1a: Alcremie|Dazzling Gleam|p2a: Meowstic\n|-damage|p2a: Meowstic|35\/262\n|\n|-heal|p1a: Alcremie|237\/252 tox|[from] item: Leftovers\n|-damage|p1a: Alcremie|192\/252 tox|[from] psn\n|upkeep\n|turn|7\n|\n|t:|1666139832\n|move|p2a: Meowstic|Reflect|p2a: Meowstic\n|-sidestart|p2: Spectre Ace|Reflect\n|move|p1a: Alcremie|Dazzling Gleam|p2a: Meowstic\n|-damage|p2a: Meowstic|0 fnt\n|faint|p2a: Meowstic\n|\n|-heal|p1a: Alcremie|207\/252 tox|[from] item: Leftovers\n|-damage|p1a: Alcremie|147\/252 tox|[from] psn\n|upkeep\n|\n|t:|1666139843\n|switch|p2a: Hippowdon|Hippowdon, L80, F|156\/304\n|-weather|Sandstorm|[from] ability: Sand Stream|[of] p2a: Hippowdon\n|turn|8\n|\n|t:|1666139850\n|move|p1a: Alcremie|Recover|p1a: Alcremie\n|-heal|p1a: Alcremie|252\/252 tox\n|move|p2a: Hippowdon|Slack Off|p2a: Hippowdon\n|-heal|p2a: Hippowdon|304\/304\n|\n|-weather|Sandstorm|[upkeep]\n|-damage|p1a: Alcremie|237\/252 tox|[from] Sandstorm\n|-heal|p1a: Alcremie|252\/252 tox|[from] item: Leftovers\n|-damage|p1a: Alcremie|177\/252 tox|[from] psn\n|upkeep\n|turn|9\n|\n|t:|1666139861\n|move|p1a: Alcremie|Dazzling Gleam|p2a: Hippowdon\n|-damage|p2a: Hippowdon|214\/304\n|move|p2a: Hippowdon|Earthquake|p1a: Alcremie\n|-damage|p1a: Alcremie|66\/252 tox\n|\n|-weather|Sandstorm|[upkeep]\n|-damage|p1a: Alcremie|51\/252 tox|[from] Sandstorm\n|-heal|p1a: Alcremie|66\/252 tox|[from] item: Leftovers\n|-heal|p2a: Hippowdon|233\/304|[from] item: Leftovers\n|-damage|p1a: Alcremie|0 fnt|[from] psn\n|faint|p1a: Alcremie\n|upkeep\n|\n|t:|1666139873\n|switch|p1a: Mew|Mew, L80|291\/291\n|turn|10\n|\n|t:|1666139902\n|move|p1a: Mew|Swords Dance|p1a: Mew\n|-boost|p1a: Mew|atk|2\n|move|p2a: Hippowdon|Toxic|p1a: Mew\n|-status|p1a: Mew|tox\n|-activate|p1a: Mew|ability: Synchronize\n|-status|p2a: Hippowdon|tox\n|-enditem|p1a: Mew|Lum Berry|[eat]\n|-curestatus|p1a: Mew|tox|[msg]\n|\n|-weather|Sandstorm|[upkeep]\n|-damage|p1a: Mew|273\/291|[from] Sandstorm\n|-heal|p2a: Hippowdon|252\/304 tox|[from] item: Leftovers\n|-damage|p2a: Hippowdon|233\/304 tox|[from] psn\n|upkeep\n|turn|11\n|\n|t:|1666139911\n|move|p1a: Mew|Psychic Fangs|p2a: Hippowdon\n|-sideend|p2: Spectre Ace|Reflect\n|-sideend|p2: Spectre Ace|move: Light Screen\n|-damage|p2a: Hippowdon|85\/304 tox\n|move|p2a: Hippowdon|Toxic|p1a: Mew\n|-status|p1a: Mew|tox\n|-activate|p1a: Mew|ability: Synchronize\n|-fail|p2a: Hippowdon|tox\n|\n|-weather|Sandstorm|[upkeep]\n|-damage|p1a: Mew|255\/291 tox|[from] Sandstorm\n|-heal|p2a: Hippowdon|104\/304 tox|[from] item: Leftovers\n|-damage|p1a: Mew|237\/291 tox|[from] psn\n|-damage|p2a: Hippowdon|66\/304 tox|[from] psn\n|upkeep\n|turn|12\n|\n|t:|1666139925\n|move|p1a: Mew|Psychic Fangs|p2a: Hippowdon\n|-damage|p2a: Hippowdon|0 fnt\n|faint|p2a: Hippowdon\n|\n|-weather|none\n|-damage|p1a: Mew|201\/291 tox|[from] psn\n|upkeep\n|\n|t:|1666139943\n|switch|p2a: Pheromosa|Pheromosa, L75|230\/230\n|turn|13\n|\n|t:|1666139947\n|move|p2a: Pheromosa|U-turn|p1a: Mew\n|-supereffective|p1a: Mew\n|-damage|p1a: Mew|51\/291 tox\n|\n|t:|1666139963\n|switch|p2a: Unfezant|Unfezant, L84, F|271\/271\n|move|p1a: Mew|Brave Bird|p2a: Unfezant\n|-damage|p2a: Unfezant|86\/271\n|-damage|p1a: Mew|0 fnt|[from] Recoil\n|faint|p1a: Mew\n|\n|upkeep\n|\n|t:|1666139971\n|switch|p1a: Steelix|Steelix, L84, F|263\/263\n|turn|14\n|\n|t:|1666139981\n|move|p2a: Unfezant|U-turn|p1a: Steelix\n|-resisted|p1a: Steelix\n|-crit|p1a: Steelix\n|-damage|p1a: Steelix|243\/263\n|\n|t:|1666139983\n|switch|p2a: Araquanid|Araquanid, L80, F|239\/239\n|move|p1a: Steelix|Dragon Dance|p1a: Steelix\n|-boost|p1a: Steelix|atk|1\n|-boost|p1a: Steelix|spe|1\n|\n|-heal|p1a: Steelix|259\/263|[from] item: Leftovers\n|upkeep\n|turn|15\n|\n|t:|1666139992\n|move|p1a: Steelix|Head Smash|p2a: Araquanid\n|-supereffective|p2a: Araquanid\n|-damage|p2a: Araquanid|0 fnt\n|faint|p2a: Araquanid\n|\n|-heal|p1a: Steelix|263\/263|[from] item: Leftovers\n|upkeep\n|\n|t:|1666139998\n|switch|p2a: Pheromosa|Pheromosa, L75|230\/230\n|turn|16\n|\n|t:|1666140003\n|move|p2a: Pheromosa|Close Combat|p1a: Steelix\n|-supereffective|p1a: Steelix\n|-damage|p1a: Steelix|117\/263\n|-unboost|p2a: Pheromosa|def|1\n|-unboost|p2a: Pheromosa|spd|1\n|move|p1a: Steelix|Head Smash|p2a: Pheromosa|[miss]\n|-miss|p1a: Steelix|p2a: Pheromosa\n|\n|-heal|p1a: Steelix|133\/263|[from] item: Leftovers\n|upkeep\n|turn|17\n|\n|t:|1666140021\n|switch|p1a: Spectrier|Spectrier, L74|270\/270\n|move|p2a: Pheromosa|Close Combat|p1a: Spectrier\n|-immune|p1a: Spectrier\n|\n|upkeep\n|turn|18\n|\n|t:|1666140027\n|move|p2a: Pheromosa|Throat Chop|p1a: Spectrier\n|-supereffective|p1a: Spectrier\n|-damage|p1a: Spectrier|90\/270\n|-start|p1a: Spectrier|Throat Chop|[silent]\n|move|p1a: Spectrier|Substitute|p1a: Spectrier\n|-start|p1a: Spectrier|Substitute\n|-damage|p1a: Spectrier|23\/270\n|\n|-heal|p1a: Spectrier|39\/270|[from] item: Leftovers\n|upkeep\n|turn|19\n|\n|t:|1666140032\n|move|p2a: Pheromosa|U-turn|p1a: Spectrier\n|-resisted|p1a: Spectrier\n|-activate|p1a: Spectrier|move: Substitute|[damage]\n|\n|t:|1666140034\n|switch|p2a: Unfezant|Unfezant, L84, F|86\/271\n|move|p1a: Spectrier|Shadow Ball|p2a: Unfezant\n|-immune|p2a: Unfezant\n|\n|-heal|p1a: Spectrier|55\/270|[from] item: Leftovers\n|-end|p1a: Spectrier|Throat Chop|[silent]\n|upkeep\n|turn|20\n|\n|t:|1666140038\n|move|p1a: Spectrier|Nasty Plot|p1a: Spectrier\n|-boost|p1a: Spectrier|spa|2\n|move|p2a: Unfezant|Roost|p2a: Unfezant\n|-heal|p2a: Unfezant|222\/271\n|-singleturn|p2a: Unfezant|move: Roost\n|\n|-heal|p1a: Spectrier|71\/270|[from] item: Leftovers\n|upkeep\n|turn|21\n|\n|t:|1666140044\n|-start|p2a: Unfezant|Dynamax|\n|-heal|p2a: Unfezant|444\/542|[silent]\n|move|p1a: Spectrier|Dark Pulse|p2a: Unfezant\n|-damage|p2a: Unfezant|261\/542\n|move|p2a: Unfezant|Max Airstream|p1a: Spectrier\n|-end|p1a: Spectrier|Substitute\n|-boost|p2a: Unfezant|spe|1\n|\n|-heal|p1a: Spectrier|87\/270|[from] item: Leftovers\n|upkeep\n|turn|22\n|\n|t:|1666140051\n|move|p2a: Unfezant|Max Airstream|p1a: Spectrier\n|-crit|p1a: Spectrier\n|-damage|p1a: Spectrier|0 fnt\n|-boost|p2a: Unfezant|spe|1\n|faint|p1a: Spectrier\n|\n|upkeep\n|\n|t:|1666140059\n|switch|p1a: Drapion|Drapion, L82, M|249\/249\n|turn|23\n|\n|t:|1666140066\n|move|p2a: Unfezant|Max Airstream|p1a: Drapion\n|-damage|p1a: Drapion|102\/249\n|-boost|p2a: Unfezant|spe|1\n|move|p1a: Drapion|Swords Dance|p1a: Drapion\n|-boost|p1a: Drapion|atk|2\n|\n|upkeep\n|-end|p2a: Unfezant|Dynamax\n|-heal|p2a: Unfezant|131\/271|[silent]\n|turn|24\n|\n|t:|1666140072\n|-start|p1a: Drapion|Dynamax|\n|-heal|p1a: Drapion|204\/498|[silent]\n|move|p2a: Unfezant|Brave Bird|p1a: Drapion\n|-crit|p1a: Drapion\n|-damage|p1a: Drapion|29\/498\n|-damage|p2a: Unfezant|73\/271|[from] Recoil\n|move|p1a: Drapion|Max Darkness|p2a: Unfezant\n|-damage|p2a: Unfezant|0 fnt\n|faint|p2a: Unfezant\n|-damage|p1a: Drapion|5\/498|[from] item: Life Orb\n|\n|upkeep\n|-message|i am putin forfeited.\n|\n|win|Spectre Ace\n|l|\u2606i am putin\n","inputlog":">version 9c5d654b898167f5ae9ca6e9cc2965040adf185e\n>start {\"formatid\":\"gen8unratedrandombattle\",\"seed\":[30188,27269,55561,17253]}\n>player p1 {\"name\":\"i am putin\",\"avatar\":\"266\",\"rating\":0,\"seed\":[52802,45262,27427,53684]}\n>player p2 {\"name\":\"Spectre Ace\",\"avatar\":\"juggler\",\"rating\":0,\"seed\":[1846,7897,39215,43468]}\n>p1 move headsmash\n>p2 move uturn\n>p2 switch 3\n>p1 move woodhammer\n>p2 move earthquake\n>p1 move woodhammer\n>p2 move earthquake\n>p1 switch 6\n>p1 move calmmind\n>p2 move toxic\n>p1 move dazzlinggleam\n>p2 switch 2\n>p1 move dazzlinggleam\n>p2 move lightscreen\n>p1 move dazzlinggleam\n>p2 move reflect\n>p2 switch 2\n>p1 move recover\n>p2 move slackoff\n>p1 move dazzlinggleam\n>p2 move earthquake\n>p1 switch 5\n>p1 move swordsdance\n>p2 move toxic\n>p1 move psychicfangs\n>p2 move toxic\n>p1 move psychicfangs\n>p2 move slackoff\n>p2 switch 3\n>p1 move bravebird\n>p2 move uturn\n>p2 switch 4\n>p1 switch 3\n>p1 move dragondance\n>p2 move uturn\n>p2 switch 5\n>p1 move headsmash\n>p2 move liquidation\n>p2 switch 4\n>p1 move headsmash\n>p2 move closecombat\n>p1 switch 2\n>p2 move closecombat\n>p1 move substitute\n>p2 move throatchop\n>p1 move shadowball\n>p2 move uturn\n>p2 switch 5\n>p1 move nastyplot\n>p2 move roost\n>p1 move darkpulse\n>p2 move bravebird dynamax\n>p1 move darkpulse\n>p2 move bravebird dynamax\n>p1 switch 4\n>p1 move swordsdance\n>p2 move bravebird dynamax\n>p1 move knockoff dynamax\n>p2 move bravebird\n>forcelose p1","uploadtime":1666140108,"views":4,"p1id":"iamputin","p2id":"spectreace","formatid":"gen8unratedrandombattle","rating":0,"private":0,"password":null}