{"id":"gen8randombattle-1699924433","p1":"yokobaby","p2":"ceezy","format":"gen8randombattle","log":"|j|\u2606yokobaby\n|j|\u2606ceezy\n|t:|1667292036\n|gametype|singles\n|player|p1|yokobaby|cynthia-masters|\n|player|p2|ceezy|bugsy|\n|teamsize|p1|6\n|teamsize|p2|6\n|gen|8\n|tier|[Gen 8] Random Battle\n|rated|Tournament battle\n|rule|Species Clause: Limit one of each Pok\u00e9mon\n|rule|HP Percentage Mod: HP is shown in percentages\n|rule|Sleep Clause Mod: Limit one foe put to sleep\n|\n|t:|1667292036\n|start\n|switch|p1a: Kyurem|Kyurem-Black, L73|303\/303\n|switch|p2a: Orbeetle|Orbeetle, L86, F|243\/243\n|-item|p1a: Kyurem|Heavy-Duty Boots|[from] ability: Frisk|[of] p2a: Orbeetle|[identify]\n|-ability|p1a: Kyurem|Teravolt\n|turn|1\n|j| cxk123456\n|\n|t:|1667292057\n|switch|p1a: Torkoal|Torkoal, L86, F|261\/261\n|-weather|SunnyDay|[from] ability: Drought|[of] p1a: Torkoal\n|move|p2a: Orbeetle|Psychic|p1a: Torkoal\n|-damage|p1a: Torkoal|161\/261\n|\n|-weather|SunnyDay|[upkeep]\n|upkeep\n|turn|2\n|\n|t:|1667292067\n|move|p2a: Orbeetle|U-turn|p1a: Torkoal\n|-resisted|p1a: Torkoal\n|-damage|p1a: Torkoal|146\/261\n|\n|t:|1667292068\n|switch|p2a: Kingdra|Kingdra, L82, M|257\/257\n|move|p1a: Torkoal|Lava Plume|p2a: Kingdra\n|-resisted|p2a: Kingdra\n|-damage|p2a: Kingdra|227\/257\n|\n|-weather|SunnyDay|[upkeep]\n|upkeep\n|turn|3\n|\n|t:|1667292079\n|switch|p1a: Escavalier|Escavalier, L84, M|255\/255\n|move|p2a: Kingdra|Rain Dance|p2a: Kingdra\n|-weather|RainDance\n|\n|-weather|RainDance|[upkeep]\n|upkeep\n|turn|4\n|\n|t:|1667292085\n|move|p2a: Kingdra|Hydro Pump|p1a: Escavalier\n|-damage|p1a: Escavalier|64\/255\n|-damage|p2a: Kingdra|202\/257|[from] item: Life Orb\n|move|p1a: Escavalier|Megahorn|p2a: Kingdra\n|-damage|p2a: Kingdra|52\/257\n|\n|-weather|RainDance|[upkeep]\n|-heal|p1a: Escavalier|79\/255|[from] item: Leftovers\n|upkeep\n|turn|5\n|\n|t:|1667292098\n|move|p2a: Kingdra|Hurricane|p1a: Escavalier\n|-damage|p1a: Escavalier|0 fnt\n|faint|p1a: Escavalier\n|-damage|p2a: Kingdra|27\/257|[from] item: Life Orb\n|\n|-weather|RainDance|[upkeep]\n|upkeep\n|j| ahahab\n|l| ahahab\n|\n|t:|1667292108\n|switch|p1a: Arctovish|Arctovish, L86|295\/295\n|turn|6\n|\n|t:|1667292122\n|move|p2a: Kingdra|Draco Meteor|p1a: Arctovish|[miss]\n|-miss|p2a: Kingdra|p1a: Arctovish\n|move|p1a: Arctovish|Fishious Rend|p2a: Kingdra\n|-resisted|p2a: Kingdra\n|-damage|p2a: Kingdra|0 fnt\n|faint|p2a: Kingdra\n|\n|-weather|RainDance|[upkeep]\n|upkeep\n|\n|t:|1667292137\n|switch|p2a: Barraskewda|Barraskewda, L80, M|229\/229\n|turn|7\n|\n|t:|1667292147\n|switch|p1a: Torkoal|Torkoal, L86, F|146\/261\n|-weather|SunnyDay|[from] ability: Drought|[of] p1a: Torkoal\n|move|p2a: Barraskewda|Close Combat|p1a: Torkoal\n|-damage|p1a: Torkoal|45\/261\n|-unboost|p2a: Barraskewda|def|1\n|-unboost|p2a: Barraskewda|spd|1\n|\n|-weather|SunnyDay|[upkeep]\n|upkeep\n|turn|8\n|\n|t:|1667292154\n|move|p2a: Barraskewda|Close Combat|p1a: Torkoal\n|-damage|p1a: Torkoal|0 fnt\n|-unboost|p2a: Barraskewda|def|1\n|-unboost|p2a: Barraskewda|spd|1\n|faint|p1a: Torkoal\n|\n|-weather|SunnyDay|[upkeep]\n|upkeep\n|\n|t:|1667292157\n|switch|p1a: Appletun|Appletun, L90, M|344\/344\n|turn|9\n|\n|t:|1667292160\n|switch|p2a: Goodra|Goodra, L82, F|282\/282\n|move|p1a: Appletun|Leech Seed|p2a: Goodra\n|-ability|p2a: Goodra|Sap Sipper|boost\n|-boost|p2a: Goodra|atk|1\n|\n|-weather|SunnyDay|[upkeep]\n|upkeep\n|turn|10\n|\n|t:|1667292167\n|switch|p1a: Diggersby|Diggersby, L80, F|267\/267\n|move|p2a: Goodra|Draco Meteor|p1a: Diggersby|[miss]\n|-miss|p2a: Goodra|p1a: Diggersby\n|\n|-weather|SunnyDay|[upkeep]\n|upkeep\n|turn|11\n|\n|t:|1667292175\n|switch|p2a: Orbeetle|Orbeetle, L86, F|243\/243\n|-item|p1a: Diggersby|Choice Band|[from] ability: Frisk|[of] p2a: Orbeetle|[identify]\n|move|p1a: Diggersby|Knock Off|p2a: Orbeetle\n|-supereffective|p2a: Orbeetle\n|-damage|p2a: Orbeetle|43\/243\n|-enditem|p2a: Orbeetle|Heavy-Duty Boots|[from] move: Knock Off|[of] p1a: Diggersby\n|\n|-weather|none\n|upkeep\n|turn|12\n|\n|t:|1667292180\n|move|p2a: Orbeetle|Sticky Web|p1a: Diggersby\n|-sidestart|p1: yokobaby|move: Sticky Web\n|move|p1a: Diggersby|Knock Off|p2a: Orbeetle\n|-supereffective|p2a: Orbeetle\n|-damage|p2a: Orbeetle|0 fnt\n|faint|p2a: Orbeetle\n|\n|upkeep\n|\n|t:|1667292184\n|switch|p2a: Xerneas|Xerneas, L67|280\/280\n|-ability|p2a: Xerneas|Fairy Aura\n|turn|13\n|\n|t:|1667292202\n|move|p2a: Xerneas|Geomancy||[still]\n|-prepare|p2a: Xerneas|Geomancy\n|-enditem|p2a: Xerneas|Power Herb\n|-anim|p2a: Xerneas|Geomancy|p2a: Xerneas\n|-boost|p2a: Xerneas|spa|2\n|-boost|p2a: Xerneas|spd|2\n|-boost|p2a: Xerneas|spe|2\n|move|p1a: Diggersby|Knock Off|p2a: Xerneas\n|-resisted|p2a: Xerneas\n|-damage|p2a: Xerneas|234\/280\n|\n|upkeep\n|turn|14\n|\n|t:|1667292206\n|-start|p1a: Diggersby|Dynamax|\n|-heal|p1a: Diggersby|534\/534|[silent]\n|move|p2a: Xerneas|Moonblast|p1a: Diggersby\n|-damage|p1a: Diggersby|266\/534\n|move|p1a: Diggersby|Max Strike|p2a: Xerneas\n|-damage|p2a: Xerneas|30\/280\n|-unboost|p2a: Xerneas|spe|1\n|\n|upkeep\n|turn|15\n|\n|t:|1667292211\n|move|p2a: Xerneas|Moonblast|p1a: Diggersby\n|-damage|p1a: Diggersby|23\/534\n|-unboost|p1a: Diggersby|spa|1\n|move|p1a: Diggersby|Max Quake|p2a: Xerneas\n|-damage|p2a: Xerneas|0 fnt\n|-boost|p1a: Diggersby|spd|1\n|faint|p2a: Xerneas\n|\n|upkeep\n|\n|t:|1667292225\n|switch|p2a: Barraskewda|Barraskewda, L80, M|229\/229\n|turn|16\n|\n|t:|1667292230\n|-start|p2a: Barraskewda|Dynamax|\n|-heal|p2a: Barraskewda|458\/458|[silent]\n|move|p2a: Barraskewda|Max Knuckle|p1a: Diggersby\n|-supereffective|p1a: Diggersby\n|-damage|p1a: Diggersby|0 fnt\n|-boost|p2a: Barraskewda|atk|1\n|faint|p1a: Diggersby\n|\n|upkeep\n|\n|t:|1667292244\n|switch|p1a: Appletun|Appletun, L90, M|344\/344\n|-activate|p1a: Appletun|move: Sticky Web\n|-unboost|p1a: Appletun|spe|1\n|turn|17\n|inactive|Battle timer is ON: inactive players will automatically lose when time's up. (requested by ceezy)\n|\n|t:|1667292275\n|move|p2a: Barraskewda|Max Knuckle|p1a: Appletun\n|-damage|p1a: Appletun|241\/344\n|-boost|p2a: Barraskewda|atk|1\n|move|p1a: Appletun|Apple Acid|p2a: Barraskewda\n|-supereffective|p2a: Barraskewda\n|-damage|p2a: Barraskewda|126\/458\n|-unboost|p2a: Barraskewda|spd|1\n|\n|-heal|p1a: Appletun|262\/344|[from] item: Leftovers\n|upkeep\n|turn|18\n|\n|t:|1667292284\n|move|p2a: Barraskewda|Max Ooze|p1a: Appletun\n|-supereffective|p1a: Appletun\n|-damage|p1a: Appletun|2\/344\n|-boost|p2a: Barraskewda|spa|1\n|move|p1a: Appletun|Apple Acid|p2a: Barraskewda\n|-supereffective|p2a: Barraskewda\n|-damage|p2a: Barraskewda|0 fnt\n|faint|p2a: Barraskewda\n|\n|-heal|p1a: Appletun|23\/344|[from] item: Leftovers\n|upkeep\n|j| MaJi\n|\n|t:|1667292303\n|switch|p2a: Lycanroc|Lycanroc, L80, M|251\/251\n|turn|19\n|\n|t:|1667292308\n|move|p2a: Lycanroc|Accelerock|p1a: Appletun\n|-damage|p1a: Appletun|0 fnt\n|faint|p1a: Appletun\n|-damage|p2a: Lycanroc|226\/251|[from] item: Life Orb\n|\n|upkeep\n|\n|t:|1667292311\n|switch|p1a: Arctovish|Arctovish, L86|295\/295\n|-activate|p1a: Arctovish|move: Sticky Web\n|-unboost|p1a: Arctovish|spe|1\n|turn|20\n|\n|t:|1667292314\n|switch|p2a: Goodra|Goodra, L82, F|282\/282\n|move|p1a: Arctovish|Fishious Rend|p2a: Goodra\n|-resisted|p2a: Goodra\n|-damage|p2a: Goodra|171\/282\n|\n|upkeep\n|turn|21\n|\n|t:|1667292325\n|move|p2a: Goodra|Draco Meteor|p1a: Arctovish\n|-damage|p1a: Arctovish|202\/295\n|-unboost|p2a: Goodra|spa|2\n|move|p1a: Arctovish|Icicle Crash|p2a: Goodra\n|-supereffective|p2a: Goodra\n|-crit|p2a: Goodra\n|-damage|p2a: Goodra|0 fnt\n|faint|p2a: Goodra\n|\n|upkeep\n|\n|t:|1667292328\n|switch|p2a: Lycanroc|Lycanroc, L80, M|226\/251\n|turn|22\n|\n|t:|1667292342\n|move|p2a: Lycanroc|Stone Edge|p1a: Arctovish\n|-supereffective|p1a: Arctovish\n|-damage|p1a: Arctovish|0 fnt\n|faint|p1a: Arctovish\n|-damage|p2a: Lycanroc|201\/251|[from] item: Life Orb\n|\n|upkeep\n|\n|t:|1667292346\n|switch|p1a: Kyurem|Kyurem-Black, L73|303\/303\n|-ability|p1a: Kyurem|Teravolt\n|turn|23\n|\n|t:|1667292349\n|move|p2a: Lycanroc|Stone Edge|p1a: Kyurem\n|-supereffective|p1a: Kyurem\n|-damage|p1a: Kyurem|12\/303\n|-damage|p2a: Lycanroc|176\/251|[from] item: Life Orb\n|move|p1a: Kyurem|Outrage|p2a: Lycanroc\n|-damage|p2a: Lycanroc|0 fnt\n|faint|p2a: Lycanroc\n|\n|win|yokobaby\n|n|\u2606yokobaby|yokobaby\n|n|\u2606ceezy|ceezy\n|n| cxk123456|cxk123456\n|n| MaJi|maji\n","inputlog":">version f476352dc29ed5929b7549badb4aeb273fa50fa2\n>start {\"formatid\":\"gen8randombattle\",\"seed\":[596,25718,27941,22095],\"rated\":\"Tournament battle\"}\n>player p1 {\"name\":\"yokobaby\",\"avatar\":\"cynthia-masters\",\"rating\":0,\"seed\":[48833,14339,51642,9176]}\n>player p2 {\"name\":\"ceezy\",\"avatar\":\"bugsy\",\"rating\":0,\"seed\":[21737,9353,526,9823]}\n>p1 switch 5\n>p2 move psychic\n>p1 move lavaplume\n>p2 move uturn\n>p2 switch 4\n>p1 switch 4\n>p2 move raindance\n>p1 move megahorn\n>p2 move hydropump\n>p1 move megahorn\n>p2 move hurricane\n>p1 switch 2\n>p1 move fishiousrend\n>p2 move dracometeor\n>p2 switch 3\n>p1 switch 4\n>p2 move closecombat\n>p1 move solarbeam\n>p2 move closecombat\n>p1 switch 3\n>p1 move leechseed\n>p2 switch 2\n>p1 switch 6\n>p2 move dracometeor\n>p1 move knockoff\n>p2 switch 4\n>p1 move knockoff\n>p2 move stickyweb\n>p2 switch 6\n>p1 move knockoff\n>p2 move geomancy\n>p1 move bodyslam dynamax\n>p2 move moonblast\n>p1 move earthquake dynamax\n>p2 move moonblast\n>p2 switch 2\n>p1 move bodyslam dynamax\n>p2 move closecombat dynamax\n>p1 switch 6\n>p1 move appleacid\n>p2 move closecombat dynamax\n>p1 move appleacid\n>p2 move poisonjab dynamax\n>p2 switch 5\n>p1 move appleacid\n>p2 move accelerock\n>p1 switch 4\n>p1 move fishiousrend\n>p2 switch 4\n>p1 move iciclecrash\n>p2 move dracometeor\n>p2 switch 4\n>p1 move fishiousrend\n>p2 move stoneedge\n>p1 switch 5\n>p1 move outrage\n>p2 move stoneedge","uploadtime":1667292350,"views":11,"p1id":"yokobaby","p2id":"ceezy","formatid":"gen8randombattle","rating":0,"private":0,"password":null}