{"id":"gen8challengecup1v1-1016937880","p1":"mint","p2":"Lunar Neo","format":"gen8challengecup1v1","log":"|j|\u2606mint\n|j|\u2606Lunar Neo\n|inactive|Battle timer is ON: inactive players will automatically lose when time's up.\n|player|p1|mint|155|\n|player|p2|Lunar Neo|248|\n|teamsize|p1|6\n|teamsize|p2|6\n|gametype|singles\n|gen|8\n|tier|[Gen 8] Challenge Cup 1v1\n|rated|Tournament battle\n|rule|HP Percentage Mod: HP is shown in percentages\n|rule|Blitz: Super-fast timer\n|\n|start\n|switch|p1a: Gallade|Gallade, L73, M|223\/223\n|switch|p2a: Woobat|Woobat, L86, M|229\/229\n|turn|1\n|j| trynagetahandbeezy\n|j| jackxdavid\n|j| Pikazebra\n|j| LunaTheDuck\n|j| Lazily\n|j| pokemon no na me\n|j|\u203dRottenInfernape\n|j| Irpper97\n|inactive|mint has 20 seconds left.\n|\n|-start|p2a: Woobat|Dynamax\n|-heal|p2a: Woobat|458\/458|[silent]\n|-start|p1a: Gallade|Dynamax\n|-heal|p1a: Gallade|446\/446|[silent]\n|move|p2a: Woobat|Max Mindstorm|p1a: Gallade\n|-damage|p1a: Gallade|364\/446\n|-fieldstart|move: Psychic Terrain\n|move|p1a: Gallade|Max Strike|p2a: Woobat\n|-damage|p2a: Woobat|387\/458\n|-unboost|p2a: Woobat|spe|1\n|\n|upkeep\n|turn|2\n|inactive|mint has 10 seconds left.\n|inactive|Lunar Neo has 10 seconds left.\n|\n|move|p1a: Gallade|Max Mindstorm|p2a: Woobat\n|-resisted|p2a: Woobat\n|-damage|p2a: Woobat|308\/458\n|move|p2a: Woobat|Max Mindstorm|p1a: Gallade\n|-damage|p1a: Gallade|280\/446\n|\n|upkeep\n|turn|3\n|\n|move|p1a: Gallade|Max Strike|p2a: Woobat\n|-damage|p2a: Woobat|229\/458\n|-unboost|p2a: Woobat|spe|1\n|move|p2a: Woobat|Max Mindstorm|p1a: Gallade\n|-crit|p1a: Gallade\n|-damage|p1a: Gallade|150\/446\n|\n|-end|p1a: Gallade|Dynamax\n|-heal|p1a: Gallade|75\/223|[silent]\n|-end|p2a: Woobat|Dynamax\n|-heal|p2a: Woobat|114\/229|[silent]\n|upkeep\n|turn|4\n|j| BeggarsAndCons\n|inactive|mint has 10 seconds left.\n|inactive|Lunar Neo has 10 seconds left.\n|j| Kizuree\n|\n|move|p1a: Gallade|Psychic|p2a: Woobat\n|-resisted|p2a: Woobat\n|-damage|p2a: Woobat|60\/229\n|move|p2a: Woobat|Psychic|p1a: Gallade\n|-damage|p1a: Gallade|21\/223\n|-unboost|p1a: Gallade|spd|1\n|\n|upkeep\n|turn|5\n|\n|move|p1a: Gallade|Round|p2a: Woobat\n|-damage|p2a: Woobat|17\/229\n|move|p2a: Woobat|Psychic|p1a: Gallade\n|-damage|p1a: Gallade|0 fnt\n|faint|p1a: Gallade\n|\n|win|Lunar Neo\n","uploadtime":1574729252,"views":1,"p1id":"mint","p2id":"lunarneo","formatid":"gen8challengecup1v1","rating":0,"private":0,"password":null}