{"id":"gen8randombattle-1675685335","p1":"AquaRotom","p2":"superrouchuan","format":"gen8randombattle","log":"|j|\u2606AquaRotom\n|j|\u2606superrouchuan\n|t:|1664712580\n|gametype|singles\n|player|p1|AquaRotom|clover|\n|player|p2|superrouchuan|juan|\n|teamsize|p1|6\n|teamsize|p2|6\n|gen|8\n|tier|[Gen 8] Random Battle\n|rated|Tournament battle\n|rule|Species Clause: Limit one of each Pok\u00e9mon\n|rule|HP Percentage Mod: HP is shown in percentages\n|rule|Sleep Clause Mod: Limit one foe put to sleep\n|\n|t:|1664712580\n|start\n|switch|p1a: Basculin|Basculin, L86, F|261\/261\n|switch|p2a: Umbreon|Umbreon, L82, M|290\/290\n|turn|1\n|inactive|Battle timer is ON: inactive players will automatically lose when time's up. (requested by AquaRotom)\n|\n|t:|1664712597\n|move|p1a: Basculin|Liquidation|p2a: Umbreon\n|-damage|p2a: Umbreon|138\/290\n|-unboost|p2a: Umbreon|def|1\n|move|p2a: Umbreon|Toxic|p1a: Basculin\n|-status|p1a: Basculin|tox\n|\n|-heal|p2a: Umbreon|156\/290|[from] item: Leftovers\n|-damage|p1a: Basculin|245\/261 tox|[from] psn\n|upkeep\n|turn|2\n|\n|t:|1664712604\n|switch|p2a: Whimsicott|Whimsicott, L84, M|238\/238\n|move|p1a: Basculin|Liquidation|p2a: Whimsicott\n|-resisted|p2a: Whimsicott\n|-damage|p2a: Whimsicott|140\/238\n|\n|-heal|p2a: Whimsicott|154\/238|[from] item: Leftovers\n|-damage|p1a: Basculin|213\/261 tox|[from] psn\n|upkeep\n|turn|3\n|\n|t:|1664712613\n|switch|p1a: Weezing|Weezing-Galar, L86, M|252\/252\n|-ability|p1a: Weezing|Neutralizing Gas\n|move|p2a: Whimsicott|Energy Ball|p1a: Weezing\n|-resisted|p1a: Weezing\n|-damage|p1a: Weezing|202\/252\n|\n|-heal|p2a: Whimsicott|168\/238|[from] item: Leftovers\n|-heal|p1a: Weezing|217\/252|[from] item: Black Sludge\n|upkeep\n|turn|4\n|\n|t:|1664712616\n|move|p2a: Whimsicott|Taunt|p1a: Weezing\n|-start|p1a: Weezing|move: Taunt\n|cant|p1a: Weezing|move: Taunt|Toxic Spikes\n|\n|-heal|p2a: Whimsicott|182\/238|[from] item: Leftovers\n|-heal|p1a: Weezing|232\/252|[from] item: Black Sludge\n|upkeep\n|turn|5\n|\n|t:|1664712620\n|move|p2a: Whimsicott|Stun Spore|p1a: Weezing|[miss]\n|-miss|p2a: Whimsicott|p1a: Weezing\n|move|p1a: Weezing|Sludge Bomb|p2a: Whimsicott\n|-supereffective|p2a: Whimsicott\n|-damage|p2a: Whimsicott|0 fnt\n|faint|p2a: Whimsicott\n|\n|-heal|p1a: Weezing|247\/252|[from] item: Black Sludge\n|upkeep\n|\n|t:|1664712628\n|switch|p2a: Darmanitan|Darmanitan-Galar, L78, M|292\/292\n|turn|6\n|\n|t:|1664712640\n|move|p2a: Darmanitan|Belly Drum|p2a: Darmanitan\n|-damage|p2a: Darmanitan|146\/292\n|-setboost|p2a: Darmanitan|atk|6|[from] move: Belly Drum\n|move|p1a: Weezing|Sludge Bomb|p2a: Darmanitan\n|-damage|p2a: Darmanitan|7\/292\n|-enditem|p2a: Darmanitan|Salac Berry|[eat]\n|-boost|p2a: Darmanitan|spe|1|[from] item: Salac Berry\n|\n|-heal|p1a: Weezing|252\/252|[from] item: Black Sludge\n|-end|p1a: Weezing|move: Taunt\n|-formechange|p2a: Darmanitan|Darmanitan-Galar-Zen|\n|upkeep\n|turn|7\n|\n|t:|1664712652\n|move|p2a: Darmanitan|Icicle Crash|p1a: Weezing\n|-damage|p1a: Weezing|0 fnt\n|faint|p1a: Weezing\n|-end|p1a: Weezing|ability: Neutralizing Gas\n|\n|upkeep\n|\n|t:|1664712655\n|switch|p1a: Basculin|Basculin, L86, F|213\/261 tox\n|turn|8\n|\n|t:|1664712663\n|move|p1a: Basculin|Aqua Jet|p2a: Darmanitan\n|-supereffective|p2a: Darmanitan\n|-damage|p2a: Darmanitan|0 fnt\n|faint|p2a: Darmanitan\n|\n|-damage|p1a: Basculin|197\/261 tox|[from] psn\n|upkeep\n|\n|t:|1664712672\n|switch|p2a: Umbreon|Umbreon, L82, M|156\/290\n|turn|9\n|j|@taoke\n|\n|t:|1664712678\n|switch|p1a: Araquanid|Araquanid, L80, F|240\/240\n|move|p2a: Umbreon|Protect||[still]\n|-fail|p2a: Umbreon\n|\n|-heal|p2a: Umbreon|174\/290|[from] item: Leftovers\n|upkeep\n|turn|10\n|\n|t:|1664712684\n|move|p2a: Umbreon|Wish|p2a: Umbreon\n|move|p1a: Araquanid|Sticky Web|p2a: Umbreon\n|-sidestart|p2: superrouchuan|move: Sticky Web\n|\n|-heal|p2a: Umbreon|192\/290|[from] item: Leftovers\n|upkeep\n|turn|11\n|\n|t:|1664712692\n|switch|p1a: Hitmonlee|Hitmonlee, L84, M|221\/221\n|move|p2a: Umbreon|Toxic|p1a: Hitmonlee\n|-status|p1a: Hitmonlee|tox\n|\n|-heal|p2a: Umbreon|290\/290|[from] move: Wish|[wisher] Umbreon\n|-damage|p1a: Hitmonlee|208\/221 tox|[from] psn\n|upkeep\n|turn|12\n|l|@taoke\n|\n|t:|1664712700\n|move|p1a: Hitmonlee|Curse|p1a: Hitmonlee\n|-unboost|p1a: Hitmonlee|spe|1\n|-boost|p1a: Hitmonlee|atk|1\n|-boost|p1a: Hitmonlee|def|1\n|-enditem|p1a: Hitmonlee|White Herb\n|-clearnegativeboost|p1a: Hitmonlee|[silent]\n|move|p2a: Umbreon|Foul Play|p1a: Hitmonlee\n|-resisted|p1a: Hitmonlee\n|-damage|p1a: Hitmonlee|118\/221 tox\n|\n|-damage|p1a: Hitmonlee|92\/221 tox|[from] psn\n|upkeep\n|turn|13\n|\n|t:|1664712708\n|move|p1a: Hitmonlee|Close Combat|p2a: Umbreon\n|-supereffective|p2a: Umbreon\n|-damage|p2a: Umbreon|0 fnt\n|-unboost|p1a: Hitmonlee|def|1\n|-unboost|p1a: Hitmonlee|spd|1\n|faint|p2a: Umbreon\n|\n|-damage|p1a: Hitmonlee|53\/221 tox|[from] psn\n|upkeep\n|\n|t:|1664712720\n|switch|p2a: Glalie|Glalie, L80, F|259\/259\n|-activate|p2a: Glalie|move: Sticky Web\n|-unboost|p2a: Glalie|spe|1\n|turn|14\n|\n|t:|1664712730\n|move|p2a: Glalie|Protect|p2a: Glalie\n|-singleturn|p2a: Glalie|Protect\n|move|p1a: Hitmonlee|Close Combat|p2a: Glalie\n|-activate|p2a: Glalie|move: Protect\n|\n|-damage|p1a: Hitmonlee|1\/221 tox|[from] psn\n|-ability|p2a: Glalie|Moody|boost\n|-boost|p2a: Glalie|def|2\n|-unboost|p2a: Glalie|spe|1\n|upkeep\n|turn|15\n|c|\u2606superrouchuan|\uff1f\uff1f\uff1f\uff1f\uff1f\uff1f\uff1f\n|c|\u2606superrouchuan|\u767e\u5206\u4e4b\u4e00\n|\n|t:|1664712747\n|move|p2a: Glalie|Protect||[still]\n|-fail|p2a: Glalie\n|move|p1a: Hitmonlee|Close Combat|p2a: Glalie\n|-supereffective|p2a: Glalie\n|-damage|p2a: Glalie|5\/259\n|-unboost|p1a: Hitmonlee|def|1\n|-unboost|p1a: Hitmonlee|spd|1\n|\n|-heal|p2a: Glalie|21\/259|[from] item: Leftovers\n|-damage|p1a: Hitmonlee|0 fnt|[from] psn\n|faint|p1a: Hitmonlee\n|-ability|p2a: Glalie|Moody|boost\n|-boost|p2a: Glalie|atk|2\n|-unboost|p2a: Glalie|def|1\n|upkeep\n|c|\u2606superrouchuan|\u6211\u5927\u62b5\u662f\u8981\n|\n|t:|1664712770\n|switch|p1a: Araquanid|Araquanid, L80, F|240\/240\n|turn|16\n|c|\u2606superrouchuan|\u5bc4\u4e86\n|\n|t:|1664712778\n|move|p2a: Glalie|Protect|p2a: Glalie\n|-singleturn|p2a: Glalie|Protect\n|move|p1a: Araquanid|Liquidation|p2a: Glalie\n|-activate|p2a: Glalie|move: Protect\n|\n|-heal|p2a: Glalie|37\/259|[from] item: Leftovers\n|-ability|p2a: Glalie|Moody|boost\n|-boost|p2a: Glalie|def|2\n|-unboost|p2a: Glalie|atk|1\n|upkeep\n|turn|17\n|j| hhhh666\n|\n|t:|1664712791\n|move|p2a: Glalie|Protect|p2a: Glalie\n|-singleturn|p2a: Glalie|Protect\n|move|p1a: Araquanid|Liquidation|p2a: Glalie\n|-activate|p2a: Glalie|move: Protect\n|\n|-heal|p2a: Glalie|53\/259|[from] item: Leftovers\n|-ability|p2a: Glalie|Moody|boost\n|-boost|p2a: Glalie|spe|2\n|-unboost|p2a: Glalie|def|1\n|upkeep\n|turn|18\n|l| hhhh666\n|\n|t:|1664712812\n|move|p2a: Glalie|Freeze-Dry|p1a: Araquanid\n|-supereffective|p1a: Araquanid\n|-damage|p1a: Araquanid|144\/240\n|move|p1a: Araquanid|Leech Life|p2a: Glalie\n|-crit|p2a: Glalie\n|-damage|p2a: Glalie|0 fnt\n|-heal|p1a: Araquanid|171\/240|[from] drain|[of] p2a: Glalie\n|faint|p2a: Glalie\n|\n|upkeep\n|\n|t:|1664712819\n|switch|p2a: Hydreigon|Hydreigon, L80, M|278\/278\n|turn|19\n|\n|t:|1664712823\n|move|p2a: Hydreigon|Nasty Plot|p2a: Hydreigon\n|-boost|p2a: Hydreigon|spa|2\n|move|p1a: Araquanid|Leech Life|p2a: Hydreigon\n|-supereffective|p2a: Hydreigon\n|-damage|p2a: Hydreigon|156\/278\n|-heal|p1a: Araquanid|232\/240|[from] drain|[of] p2a: Hydreigon\n|\n|upkeep\n|turn|20\n|\n|t:|1664712829\n|move|p2a: Hydreigon|Dark Pulse|p1a: Araquanid\n|-damage|p1a: Araquanid|53\/240\n|-damage|p2a: Hydreigon|129\/278|[from] item: Life Orb\n|cant|p1a: Araquanid|flinch\n|\n|upkeep\n|turn|21\n|\n|t:|1664712838\n|move|p2a: Hydreigon|Dark Pulse|p1a: Araquanid\n|-damage|p1a: Araquanid|0 fnt\n|faint|p1a: Araquanid\n|-damage|p2a: Hydreigon|102\/278|[from] item: Life Orb\n|\n|upkeep\n|\n|t:|1664712843\n|switch|p1a: Zapdos|Zapdos-Galar, L76|262\/262\n|turn|22\n|\n|t:|1664712854\n|switch|p1a: Basculin|Basculin, L86, F|197\/261 tox\n|-start|p2a: Hydreigon|Dynamax|\n|-heal|p2a: Hydreigon|204\/556|[silent]\n|move|p2a: Hydreigon|Max Wyrmwind|p1a: Basculin\n|-damage|p1a: Basculin|0 fnt\n|faint|p1a: Basculin\n|-damage|p2a: Hydreigon|177\/556|[from] item: Life Orb\n|\n|upkeep\n|\n|t:|1664712864\n|switch|p1a: Zapdos|Zapdos-Galar, L76|262\/262\n|turn|23\n|\n|t:|1664712875\n|-start|p1a: Zapdos|Dynamax|\n|-heal|p1a: Zapdos|524\/524|[silent]\n|move|p2a: Hydreigon|Max Guard|p2a: Hydreigon\n|-singleturn|p2a: Hydreigon|Max Guard\n|move|p1a: Zapdos|Max Guard||[still]\n|-fail|p1a: Zapdos\n|\n|upkeep\n|turn|24\n|\n|t:|1664712901\n|move|p2a: Hydreigon|Max Flare|p1a: Zapdos\n|-damage|p1a: Zapdos|217\/524\n|-weather|SunnyDay\n|-damage|p2a: Hydreigon|150\/556|[from] item: Life Orb\n|move|p1a: Zapdos|Max Airstream|p2a: Hydreigon\n|-damage|p2a: Hydreigon|0 fnt\n|-boost|p1a: Zapdos|spe|1\n|faint|p2a: Hydreigon\n|-damage|p1a: Zapdos|191\/524|[from] item: Life Orb\n|\n|-weather|SunnyDay|[upkeep]\n|upkeep\n|\n|t:|1664712907\n|switch|p2a: Passimian|Passimian, L82, M|298\/298\n|-activate|p2a: Passimian|move: Sticky Web\n|-unboost|p2a: Passimian|spe|1\n|-ability|p2a: Passimian|Defiant\n|-boost|p2a: Passimian|atk|2\n|turn|25\n|c|\u2606superrouchuan|gg\n|\n|t:|1664712917\n|move|p1a: Zapdos|Max Airstream|p2a: Passimian\n|-supereffective|p2a: Passimian\n|-damage|p2a: Passimian|0 fnt\n|-boost|p1a: Zapdos|spe|1\n|faint|p2a: Passimian\n|-damage|p1a: Zapdos|165\/524|[from] item: Life Orb\n|\n|win|AquaRotom\n|n|\u2606AquaRotom|aquarotom\n|n|\u2606superrouchuan|superrouchuan\n","inputlog":">version ada2e1bce654ffdfc9a93da4ff105a49d2af2ffc\n>start {\"formatid\":\"gen8randombattle\",\"seed\":[6696,49640,21881,8886],\"rated\":\"Tournament battle\"}\n>player p1 {\"name\":\"AquaRotom\",\"avatar\":\"clover\",\"rating\":0,\"seed\":[29134,31016,3387,4497]}\n>player p2 {\"name\":\"superrouchuan\",\"avatar\":\"juan\",\"rating\":0,\"seed\":[48948,52397,25082,24251]}\n>p1 move liquidation\n>p2 move toxic\n>p1 move liquidation\n>p2 switch 4\n>p1 switch 4\n>p2 move energyball\n>p1 move toxicspikes\n>p2 move taunt\n>p1 move sludgebomb\n>p2 move stunspore\n>p2 switch 5\n>p1 move sludgebomb\n>p2 move bellydrum\n>p1 move sludgebomb\n>p2 move iciclecrash\n>p1 switch 4\n>p1 move aquajet\n>p2 move iciclecrash\n>p2 switch 4\n>p1 switch 2\n>p2 move protect\n>p1 move stickyweb\n>p2 move wish\n>p1 switch 3\n>p2 move toxic\n>p1 move curse\n>p2 move foulplay\n>p1 move closecombat\n>p2 move foulplay\n>p2 switch 2\n>p1 move closecombat\n>p2 move protect\n>chat \u2606superrouchuan|\uff1f\uff1f\uff1f\uff1f\uff1f\uff1f\uff1f\n>chat \u2606superrouchuan|\u767e\u5206\u4e4b\u4e00\n>p1 move closecombat\n>p2 move protect\n>chat \u2606superrouchuan|\u6211\u5927\u62b5\u662f\u8981\n>p1 switch 3\n>chat \u2606superrouchuan|\u5bc4\u4e86\n>p1 move liquidation\n>p2 move protect\n>p1 move liquidation\n>p2 move protect\n>p1 move leechlife\n>p2 move freezedry\n>p2 switch 3\n>p1 move leechlife\n>p2 move nastyplot\n>p1 move leechlife\n>p2 move darkpulse\n>p1 move leechlife\n>p2 move darkpulse\n>p1 switch 5\n>p1 switch 2\n>p2 move dracometeor dynamax\n>p1 switch 2\n>p1 move bulkup dynamax\n>p2 move nastyplot dynamax\n>p1 move bravebird dynamax\n>p2 move fireblast dynamax\n>p2 switch 6\n>chat \u2606superrouchuan|gg\n>p1 move bravebird dynamax\n>p2 move closecombat","uploadtime":1664712918,"views":20,"p1id":"aquarotom","p2id":"superrouchuan","formatid":"gen8randombattle","rating":0,"private":0,"password":null}