{"id":"gen8randombattle-1585921279","p1":"okaybears","p2":"gordomistiko","format":"gen8randombattle","log":"|j|\u2606okaybears\n|j|\u2606gordomistiko\n|t:|1653921582\n|gametype|singles\n|player|p1|okaybears|266|1329\n|player|p2|gordomistiko|170|1373\n|teamsize|p1|6\n|teamsize|p2|6\n|gen|8\n|tier|[Gen 8] Random Battle\n|rated|\n|rule|Species Clause: Limit one of each Pok\u00e9mon\n|rule|HP Percentage Mod: HP is shown in percentages\n|rule|Sleep Clause Mod: Limit one foe put to sleep\n|\n|t:|1653921582\n|start\n|switch|p1a: Slurpuff|Slurpuff, L80, F|262\/262\n|switch|p2a: Garbodor|Garbodor, L87, M|281\/281\n|turn|1\n|inactive|Battle timer is ON: inactive players will automatically lose when time's up. (requested by gordomistiko)\n|\n|t:|1653921599\n|switch|p1a: Lycanroc|Lycanroc-Dusk, L80, M|251\/251\n|move|p2a: Garbodor|Toxic Spikes|p1a: Lycanroc\n|-sidestart|p1: okaybears|move: Toxic Spikes\n|\n|upkeep\n|turn|2\n|inactive|gordomistiko has 120 seconds left.\n|inactive|gordomistiko has 90 seconds left.\n|\n|t:|1653921677\n|move|p1a: Lycanroc|Psychic Fangs|p2a: Garbodor\n|-supereffective|p2a: Garbodor\n|-damage|p2a: Garbodor|65\/281\n|-damage|p1a: Lycanroc|226\/251|[from] item: Life Orb\n|move|p2a: Garbodor|Stomping Tantrum|p1a: Lycanroc\n|-supereffective|p1a: Lycanroc\n|-damage|p1a: Lycanroc|92\/251\n|\n|upkeep\n|turn|3\n|inactive|okaybears has 120 seconds left.\n|\n|t:|1653921715\n|move|p1a: Lycanroc|Psychic Fangs|p2a: Garbodor\n|-supereffective|p2a: Garbodor\n|-damage|p2a: Garbodor|0 fnt\n|-damage|p1a: Lycanroc|30\/251|[from] ability: Aftermath|[of] p2a: Garbodor\n|faint|p2a: Garbodor\n|-damage|p1a: Lycanroc|5\/251|[from] item: Life Orb\n|\n|upkeep\n|\n|t:|1653921737\n|switch|p2a: Dunsparce|Dunsparce, L90, M|326\/326\n|turn|4\n|\n|t:|1653921746\n|move|p1a: Lycanroc|Close Combat|p2a: Dunsparce\n|-supereffective|p2a: Dunsparce\n|-damage|p2a: Dunsparce|0 fnt\n|-unboost|p1a: Lycanroc|def|1\n|-unboost|p1a: Lycanroc|spd|1\n|faint|p2a: Dunsparce\n|-damage|p1a: Lycanroc|0 fnt|[from] item: Life Orb\n|faint|p1a: Lycanroc\n|\n|upkeep\n|\n|t:|1653921758\n|switch|p1a: Unfezant|Unfezant, L84, M|271\/271\n|switch|p2a: Swampert|Swampert, L80, F|291\/291\n|turn|5\n|inactive|okaybears has 120 seconds left.\n|\n|t:|1653921793\n|move|p1a: Unfezant|Brave Bird|p2a: Swampert\n|-damage|p2a: Swampert|152\/291\n|-damage|p1a: Unfezant|225\/271|[from] Recoil\n|move|p2a: Swampert|Scald|p1a: Unfezant\n|-damage|p1a: Unfezant|134\/271\n|-status|p1a: Unfezant|brn\n|\n|-heal|p2a: Swampert|170\/291|[from] item: Leftovers\n|-damage|p1a: Unfezant|118\/271 brn|[from] brn\n|upkeep\n|turn|6\n|inactive|gordomistiko has 90 seconds left.\n|\n|t:|1653921801\n|move|p1a: Unfezant|Brave Bird|p2a: Swampert\n|-crit|p2a: Swampert\n|-damage|p2a: Swampert|59\/291\n|-damage|p1a: Unfezant|81\/271 brn|[from] Recoil\n|move|p2a: Swampert|Scald|p1a: Unfezant\n|-damage|p1a: Unfezant|0 fnt\n|faint|p1a: Unfezant\n|\n|-heal|p2a: Swampert|77\/291|[from] item: Leftovers\n|upkeep\n|\n|t:|1653921811\n|switch|p1a: Clawitzer|Clawitzer, L84, M|256\/256\n|-status|p1a: Clawitzer|psn\n|turn|7\n|\n|t:|1653921818\n|move|p1a: Clawitzer|Water Pulse|p2a: Swampert\n|-damage|p2a: Swampert|0 fnt\n|faint|p2a: Swampert\n|\n|-damage|p1a: Clawitzer|224\/256 psn|[from] psn\n|upkeep\n|\n|t:|1653921826\n|switch|p2a: Kingler|Kingler, L84, F|230\/230\n|turn|8\n|inactive|okaybears has 120 seconds left.\n|\n|t:|1653921853\n|move|p2a: Kingler|Swords Dance|p2a: Kingler\n|-boost|p2a: Kingler|atk|2\n|move|p1a: Clawitzer|Water Pulse|p2a: Kingler\n|-resisted|p2a: Kingler\n|-damage|p2a: Kingler|108\/230\n|\n|-damage|p1a: Clawitzer|192\/256 psn|[from] psn\n|upkeep\n|turn|9\n|\n|t:|1653921862\n|move|p2a: Kingler|Superpower|p1a: Clawitzer\n|-damage|p1a: Clawitzer|0 fnt\n|-unboost|p2a: Kingler|atk|1\n|-unboost|p2a: Kingler|def|1\n|faint|p1a: Clawitzer\n|-damage|p2a: Kingler|85\/230|[from] item: Life Orb\n|\n|upkeep\n|\n|t:|1653921877\n|switch|p1a: Reshiram|Reshiram, L74|270\/270\n|-status|p1a: Reshiram|psn\n|-ability|p1a: Reshiram|Turboblaze\n|turn|10\n|inactive|gordomistiko has 120 seconds left.\n|\n|t:|1653921885\n|move|p1a: Reshiram|Draco Meteor|p2a: Kingler\n|-damage|p2a: Kingler|0 fnt\n|-unboost|p1a: Reshiram|spa|2\n|faint|p2a: Kingler\n|\n|-damage|p1a: Reshiram|237\/270 psn|[from] psn\n|upkeep\n|inactive|gordomistiko has 120 seconds left.\n|\n|t:|1653921895\n|switch|p2a: Buzzwole|Buzzwole, L77|291\/291\n|turn|11\n|\n|t:|1653921903\n|switch|p1a: Pelipper|Pelipper, L86, F|243\/243\n|-weather|RainDance|[from] ability: Drizzle|[of] p1a: Pelipper\n|move|p2a: Buzzwole|Stone Edge|p1a: Pelipper\n|-supereffective|p1a: Pelipper\n|-damage|p1a: Pelipper|109\/243\n|\n|-weather|RainDance|[upkeep]\n|upkeep\n|turn|12\n|\n|t:|1653921910\n|move|p2a: Buzzwole|Stone Edge|p1a: Pelipper\n|-supereffective|p1a: Pelipper\n|-damage|p1a: Pelipper|0 fnt\n|faint|p1a: Pelipper\n|-ability|p2a: Buzzwole|Beast Boost|boost\n|-boost|p2a: Buzzwole|atk|1\n|\n|-weather|RainDance|[upkeep]\n|upkeep\n|\n|t:|1653921914\n|switch|p1a: Slurpuff|Slurpuff, L80, F|262\/262\n|-status|p1a: Slurpuff|psn\n|turn|13\n|\n|t:|1653921925\n|-start|p2a: Buzzwole|Dynamax|\n|-heal|p2a: Buzzwole|582\/582|[silent]\n|-start|p1a: Slurpuff|Dynamax|\n|-heal|p1a: Slurpuff|524\/524 psn|[silent]\n|move|p2a: Buzzwole|Max Steelspike|p1a: Slurpuff\n|-supereffective|p1a: Slurpuff\n|-damage|p1a: Slurpuff|200\/524 psn\n|-boost|p2a: Buzzwole|def|1\n|-enditem|p1a: Slurpuff|Sitrus Berry|[eat]\n|-heal|p1a: Slurpuff|265\/524 psn|[from] item: Sitrus Berry\n|move|p1a: Slurpuff|Max Starfall|p2a: Buzzwole\n|-supereffective|p2a: Buzzwole\n|-crit|p2a: Buzzwole\n|-damage|p2a: Buzzwole|342\/582\n|-fieldstart|move: Misty Terrain\n|\n|-weather|RainDance|[upkeep]\n|-damage|p1a: Slurpuff|233\/524 psn|[from] psn\n|upkeep\n|turn|14\n|\n|t:|1653921943\n|move|p1a: Slurpuff|Max Guard|p1a: Slurpuff\n|-singleturn|p1a: Slurpuff|Max Guard\n|move|p2a: Buzzwole|Max Steelspike|p1a: Slurpuff\n|-activate|p1a: Slurpuff|move: Max Guard\n|\n|-weather|RainDance|[upkeep]\n|-damage|p1a: Slurpuff|201\/524 psn|[from] psn\n|upkeep\n|turn|15\n|\n|t:|1653921947\n|move|p1a: Slurpuff|Max Starfall|p2a: Buzzwole\n|-supereffective|p2a: Buzzwole\n|-damage|p2a: Buzzwole|222\/582\n|move|p2a: Buzzwole|Max Steelspike|p1a: Slurpuff\n|-supereffective|p1a: Slurpuff\n|-damage|p1a: Slurpuff|0 fnt\n|-boost|p2a: Buzzwole|def|1\n|faint|p1a: Slurpuff\n|-ability|p2a: Buzzwole|Beast Boost|boost\n|-boost|p2a: Buzzwole|atk|1\n|\n|-weather|none\n|upkeep\n|\n|t:|1653921951\n|switch|p1a: Reshiram|Reshiram, L74|237\/270 psn\n|-ability|p1a: Reshiram|Turboblaze\n|-end|p2a: Buzzwole|Dynamax\n|-heal|p2a: Buzzwole|111\/291|[silent]\n|turn|16\n|\n|t:|1653921956\n|move|p2a: Buzzwole|Stone Edge|p1a: Reshiram\n|-supereffective|p1a: Reshiram\n|-damage|p1a: Reshiram|0 fnt\n|faint|p1a: Reshiram\n|\n|win|gordomistiko\n|raw|okaybears's rating: 1329 &rarr; <strong>1312<\/strong><br \/>(-17 for losing)\n|raw|gordomistiko's rating: 1373 &rarr; <strong>1390<\/strong><br \/>(+17 for winning)\n","inputlog":">version 2fb0b47ab463e8a2498db9c354e64d4afc199178\n>start {\"formatid\":\"gen8randombattle\",\"seed\":[28942,34897,43054,63082],\"rated\":\"Rated battle\"}\n>player p1 {\"name\":\"okaybears\",\"avatar\":\"266\",\"rating\":1329,\"seed\":[35987,52745,45794,32539]}\n>player p2 {\"name\":\"gordomistiko\",\"avatar\":\"170\",\"rating\":1373,\"seed\":[8705,15400,29551,60847]}\n>p1 switch 4\n>p2 move toxicspikes\n>p1 move psychicfangs\n>p2 move stompingtantrum\n>p1 move psychicfangs\n>p2 move stompingtantrum\n>p2 switch 2\n>p1 move closecombat\n>p2 move roost\n>p1 switch 5\n>p2 switch 3\n>p1 move bravebird\n>p2 move scald\n>p1 move bravebird\n>p2 move scald\n>p1 switch 6\n>p1 move waterpulse\n>p2 move earthquake\n>p2 switch 5\n>p1 move waterpulse\n>p2 move swordsdance\n>p1 move waterpulse\n>p2 move superpower\n>p1 switch 3\n>p1 move dracometeor\n>p2 move liquidation\n>p2 switch 4\n>p1 switch 2\n>p2 move stoneedge\n>p1 move hurricane\n>p2 move stoneedge\n>p1 switch 4\n>p1 move playrough dynamax\n>p2 move ironhead dynamax\n>p1 move bellydrum dynamax\n>p2 move ironhead dynamax\n>p1 move playrough dynamax\n>p2 move ironhead dynamax\n>p1 switch 2\n>p1 move blueflare\n>p2 move stoneedge","uploadtime":1653921959,"views":10,"p1id":"okaybears","p2id":"gordomistiko","formatid":"gen8randombattle","rating":1312,"private":0,"password":null}