{"id":"gen8randombattle-1416917401","p1":"lempie lardering","p2":"Arcangel666","format":"gen8randombattle","log":"|j|\u2606lempie lardering\n|j|\u2606Arcangel666\n|t:|1631665242\n|gametype|singles\n|player|p1|lempie lardering|169|1768\n|player|p2|Arcangel666|grimsley|1712\n|teamsize|p1|6\n|teamsize|p2|6\n|gen|8\n|tier|[Gen 8] Random Battle\n|rated|\n|rule|Species Clause: Limit one of each Pok\u00e9mon\n|rule|HP Percentage Mod: HP is shown in percentages\n|rule|Sleep Clause Mod: Limit one foe put to sleep\n|\n|t:|1631665242\n|start\n|switch|p1a: Linoone|Linoone, L84, M|268\/268\n|switch|p2a: Palossand|Palossand, L86, F|286\/286\n|turn|1\n|\n|t:|1631665291\n|move|p1a: Linoone|Belly Drum|p1a: Linoone\n|-damage|p1a: Linoone|134\/268\n|-setboost|p1a: Linoone|atk|6|[from] move: Belly Drum\n|-enditem|p1a: Linoone|Figy Berry|[eat]\n|-heal|p1a: Linoone|222\/268|[from] item: Figy Berry\n|move|p2a: Palossand|Earth Power|p1a: Linoone\n|-damage|p1a: Linoone|87\/268\n|\n|upkeep\n|turn|2\n|\n|t:|1631665303\n|move|p1a: Linoone|Throat Chop|p2a: Palossand\n|-supereffective|p2a: Palossand\n|-damage|p2a: Palossand|0 fnt\n|faint|p2a: Palossand\n|\n|upkeep\n|\n|t:|1631665308\n|switch|p2a: Lucario|Lucario, L82, M|249\/249\n|turn|3\n|inactive|Battle timer is ON: inactive players will automatically lose when time's up. (requested by Arcangel666)\n|inactive|lempie lardering has 120 seconds left.\n|\n|t:|1631665383\n|move|p1a: Linoone|Extreme Speed|p2a: Lucario\n|-resisted|p2a: Lucario\n|-damage|p2a: Lucario|80\/249\n|move|p2a: Lucario|Extreme Speed|p1a: Linoone\n|-damage|p1a: Linoone|0 fnt\n|faint|p1a: Linoone\n|-damage|p2a: Lucario|56\/249|[from] item: Life Orb\n|\n|upkeep\n|\n|t:|1631665407\n|switch|p1a: Arcanine|Arcanine, L82, M|282\/282\n|-ability|p1a: Arcanine|Intimidate|boost\n|-unboost|p2a: Lucario|atk|1\n|turn|4\n|\n|t:|1631665412\n|switch|p2a: Gastrodon|Gastrodon, L84, F|324\/324\n|move|p1a: Arcanine|Wild Charge|p2a: Gastrodon\n|-immune|p2a: Gastrodon\n|\n|upkeep\n|turn|5\n|\n|t:|1631665418\n|move|p1a: Arcanine|Toxic|p2a: Gastrodon\n|-status|p2a: Gastrodon|tox\n|move|p2a: Gastrodon|Earthquake|p1a: Arcanine\n|-supereffective|p1a: Arcanine\n|-damage|p1a: Arcanine|88\/282\n|\n|-damage|p2a: Gastrodon|304\/324 tox|[from] psn\n|upkeep\n|turn|6\n|\n|t:|1631665425\n|move|p1a: Arcanine|Morning Sun|p1a: Arcanine\n|-heal|p1a: Arcanine|229\/282\n|move|p2a: Gastrodon|Scald|p1a: Arcanine\n|-supereffective|p1a: Arcanine\n|-damage|p1a: Arcanine|61\/282\n|\n|-heal|p2a: Gastrodon|324\/324 tox|[from] item: Leftovers\n|-damage|p2a: Gastrodon|284\/324 tox|[from] psn\n|upkeep\n|turn|7\n|\n|t:|1631665438\n|switch|p1a: Lugia|Lugia, L74|279\/279\n|move|p2a: Gastrodon|Earthquake|p1a: Lugia\n|-immune|p1a: Lugia\n|\n|-heal|p2a: Gastrodon|304\/324 tox|[from] item: Leftovers\n|-damage|p2a: Gastrodon|244\/324 tox|[from] psn\n|upkeep\n|turn|8\n|\n|t:|1631665445\n|move|p1a: Lugia|Substitute|p1a: Lugia\n|-start|p1a: Lugia|Substitute\n|-damage|p1a: Lugia|210\/279\n|move|p2a: Gastrodon|Ice Beam|p1a: Lugia\n|-supereffective|p1a: Lugia\n|-end|p1a: Lugia|Substitute\n|\n|-heal|p2a: Gastrodon|264\/324 tox|[from] item: Leftovers\n|-damage|p2a: Gastrodon|184\/324 tox|[from] psn\n|upkeep\n|turn|9\n|\n|t:|1631665452\n|switch|p2a: Zacian|Zacian-Crowned, L62|218\/218\n|-ability|p2a: Zacian|Intrepid Sword|boost\n|-boost|p2a: Zacian|atk|1\n|move|p1a: Lugia|Substitute|p1a: Lugia\n|-start|p1a: Lugia|Substitute\n|-damage|p1a: Lugia|141\/279\n|\n|upkeep\n|turn|10\n|\n|t:|1631665460\n|move|p2a: Zacian|Swords Dance|p2a: Zacian\n|-boost|p2a: Zacian|atk|2\n|move|p1a: Lugia|Roost|p1a: Lugia\n|-heal|p1a: Lugia|279\/279\n|-singleturn|p1a: Lugia|move: Roost\n|\n|upkeep\n|turn|11\n|\n|t:|1631665473\n|move|p2a: Zacian|Play Rough|p1a: Lugia\n|-end|p1a: Lugia|Substitute\n|move|p1a: Lugia|Air Slash|p2a: Zacian\n|-resisted|p2a: Zacian\n|-damage|p2a: Zacian|188\/218\n|\n|upkeep\n|turn|12\n|\n|t:|1631665497\n|-start|p1a: Lugia|Dynamax\n|-heal|p1a: Lugia|558\/558|[silent]\n|move|p2a: Zacian|Behemoth Blade|p1a: Lugia\n|-damage|p1a: Lugia|378\/558\n|move|p1a: Lugia|Max Airstream|p2a: Zacian\n|-resisted|p2a: Zacian\n|-damage|p2a: Zacian|133\/218\n|-boost|p1a: Lugia|spe|1\n|\n|upkeep\n|turn|13\n|\n|t:|1631665508\n|move|p1a: Lugia|Max Airstream|p2a: Zacian\n|-resisted|p2a: Zacian\n|-damage|p2a: Zacian|82\/218\n|-boost|p1a: Lugia|spe|1\n|move|p2a: Zacian|Behemoth Blade|p1a: Lugia\n|-damage|p1a: Lugia|22\/558\n|\n|upkeep\n|turn|14\n|\n|t:|1631665528\n|move|p1a: Lugia|Max Airstream|p2a: Zacian\n|-resisted|p2a: Zacian\n|-damage|p2a: Zacian|28\/218\n|-boost|p1a: Lugia|spe|1\n|move|p2a: Zacian|Behemoth Blade|p1a: Lugia\n|-damage|p1a: Lugia|0 fnt\n|faint|p1a: Lugia\n|\n|upkeep\n|\n|t:|1631665535\n|switch|p1a: Crustle|Crustle, L82, M|249\/249\n|turn|15\n|\n|t:|1631665539\n|move|p2a: Zacian|Behemoth Blade|p1a: Crustle\n|-supereffective|p1a: Crustle\n|-ability|p1a: Crustle|Sturdy\n|-damage|p1a: Crustle|1\/249\n|move|p1a: Crustle|Earthquake|p2a: Zacian\n|-supereffective|p2a: Zacian\n|-damage|p2a: Zacian|0 fnt\n|faint|p2a: Zacian\n|\n|upkeep\n|\n|t:|1631665543\n|switch|p2a: Conkeldurr|Conkeldurr, L80, M|299\/299\n|turn|16\n|\n|t:|1631665564\n|move|p2a: Conkeldurr|Mach Punch|p1a: Crustle\n|-damage|p1a: Crustle|0 fnt\n|faint|p1a: Crustle\n|\n|-status|p2a: Conkeldurr|brn|[from] item: Flame Orb\n|upkeep\n|\n|t:|1631665570\n|switch|p1a: Diancie|Diancie, L82|216\/216\n|turn|17\n|\n|t:|1631665578\n|switch|p2a: Gastrodon|Gastrodon, L84, F|184\/324 tox\n|move|p1a: Diancie|Moonblast|p2a: Gastrodon\n|-damage|p2a: Gastrodon|76\/324 tox\n|\n|-heal|p2a: Gastrodon|96\/324 tox|[from] item: Leftovers\n|-damage|p2a: Gastrodon|76\/324 tox|[from] psn\n|upkeep\n|turn|18\n|\n|t:|1631665586\n|move|p1a: Diancie|Moonblast|p2a: Gastrodon\n|-damage|p2a: Gastrodon|0 fnt\n|faint|p2a: Gastrodon\n|\n|upkeep\n|\n|t:|1631665590\n|switch|p2a: Lucario|Lucario, L82, M|56\/249\n|turn|19\n|inactive|lempie lardering has 120 seconds left.\n|\n|t:|1631665621\n|switch|p1a: Arcanine|Arcanine, L82, M|61\/282\n|-ability|p1a: Arcanine|Intimidate|boost\n|-unboost|p2a: Lucario|atk|1\n|move|p2a: Lucario|Meteor Mash|p1a: Arcanine\n|-resisted|p1a: Arcanine\n|-damage|p1a: Arcanine|12\/282\n|-boost|p2a: Lucario|atk|1\n|-damage|p2a: Lucario|32\/249|[from] item: Life Orb\n|\n|upkeep\n|turn|20\n|\n|t:|1631665628\n|switch|p1a: Diancie|Diancie, L82|216\/216\n|move|p2a: Lucario|Extreme Speed|p1a: Diancie\n|-resisted|p1a: Diancie\n|-damage|p1a: Diancie|191\/216\n|-damage|p2a: Lucario|8\/249|[from] item: Life Orb\n|\n|-heal|p1a: Diancie|204\/216|[from] item: Leftovers\n|upkeep\n|turn|21\n|\n|t:|1631665636\n|switch|p1a: Arcanine|Arcanine, L82, M|12\/282\n|-ability|p1a: Arcanine|Intimidate|boost\n|-unboost|p2a: Lucario|atk|1\n|move|p2a: Lucario|Meteor Mash|p1a: Arcanine\n|-resisted|p1a: Arcanine\n|-damage|p1a: Arcanine|0 fnt\n|faint|p1a: Arcanine\n|-damage|p2a: Lucario|0 fnt|[from] item: Life Orb\n|faint|p2a: Lucario\n|\n|upkeep\n|\n|t:|1631665645\n|switch|p1a: Slurpuff|Slurpuff, L80, M|262\/262\n|switch|p2a: Golisopod|Golisopod, L84, M|263\/263\n|turn|22\n|\n|t:|1631665657\n|move|p1a: Slurpuff|Belly Drum|p1a: Slurpuff\n|-damage|p1a: Slurpuff|131\/262\n|-setboost|p1a: Slurpuff|atk|6|[from] move: Belly Drum\n|-enditem|p1a: Slurpuff|Sitrus Berry|[eat]\n|-heal|p1a: Slurpuff|196\/262|[from] item: Sitrus Berry\n|move|p2a: Golisopod|Liquidation|p1a: Slurpuff\n|-damage|p1a: Slurpuff|75\/262\n|-unboost|p1a: Slurpuff|def|1\n|\n|upkeep\n|turn|23\n|\n|t:|1631665663\n|-start|p2a: Golisopod|Dynamax\n|-heal|p2a: Golisopod|526\/526|[silent]\n|move|p1a: Slurpuff|Play Rough|p2a: Golisopod\n|-damage|p2a: Golisopod|333\/526\n|move|p2a: Golisopod|Max Geyser|p1a: Slurpuff\n|-damage|p1a: Slurpuff|0 fnt\n|-weather|RainDance\n|faint|p1a: Slurpuff\n|\n|-weather|RainDance|[upkeep]\n|upkeep\n|\n|t:|1631665670\n|switch|p1a: Diancie|Diancie, L82|204\/216\n|turn|24\n|\n|t:|1631665673\n|move|p1a: Diancie|Diamond Storm|p2a: Golisopod\n|-supereffective|p2a: Golisopod\n|-damage|p2a: Golisopod|201\/526\n|-boost|p1a: Diancie|def|2\n|-activate|p2a: Golisopod|ability: Emergency Exit\n|-end|p2a: Golisopod|Dynamax\n|-heal|p2a: Golisopod|101\/263|[silent]\n|\n|t:|1631665677\n|switch|p2a: Conkeldurr|Conkeldurr, L80, M|299\/299 brn\n|\n|-weather|RainDance|[upkeep]\n|-heal|p1a: Diancie|216\/216|[from] item: Leftovers\n|-damage|p2a: Conkeldurr|281\/299 brn|[from] brn\n|upkeep\n|turn|25\n|\n|t:|1631665681\n|move|p1a: Diancie|Moonblast|p2a: Conkeldurr\n|-supereffective|p2a: Conkeldurr\n|-damage|p2a: Conkeldurr|9\/299 brn\n|move|p2a: Conkeldurr|Close Combat|p1a: Diancie\n|-damage|p1a: Diancie|138\/216\n|-unboost|p2a: Conkeldurr|def|1\n|-unboost|p2a: Conkeldurr|spd|1\n|\n|-weather|RainDance|[upkeep]\n|-heal|p1a: Diancie|151\/216|[from] item: Leftovers\n|-damage|p2a: Conkeldurr|0 fnt|[from] brn\n|faint|p2a: Conkeldurr\n|upkeep\n|\n|t:|1631665687\n|switch|p2a: Golisopod|Golisopod, L84, M|101\/263\n|turn|26\n|\n|t:|1631665695\n|move|p1a: Diancie|Diamond Storm|p2a: Golisopod\n|-supereffective|p2a: Golisopod\n|-damage|p2a: Golisopod|0 fnt\n|-boost|p1a: Diancie|def|2\n|faint|p2a: Golisopod\n|\n|win|lempie lardering\n|raw|lempie lardering's rating: 1768 &rarr; <strong>1785<\/strong><br \/>(+17 for winning)\n|raw|Arcangel666's rating: 1712 &rarr; <strong>1695<\/strong><br \/>(-17 for losing)\n|l|\u2606Arcangel666\n||Ladder isn't responding, score probably updated but might not have (Request timeout).\n","inputlog":">version 2c6c9e4125e5985b321c7e7bcaf67c27ce57172d\n>start {\"formatid\":\"gen8randombattle\",\"seed\":[42836,8488,38407,33401],\"rated\":\"Rated battle\"}\n>player p1 {\"name\":\"lempie lardering\",\"avatar\":\"169\",\"rating\":1768,\"seed\":[51331,64947,23400,959]}\n>player p2 {\"name\":\"Arcangel666\",\"avatar\":\"grimsley\",\"rating\":1712,\"seed\":[19162,14189,59429,41394]}\n>p1 move bellydrum\n>p2 move earthpower\n>p1 move throatchop\n>p2 move earthpower\n>p2 switch 5\n>p1 move extremespeed\n>p2 move extremespeed\n>p1 switch 2\n>p1 move wildcharge\n>p2 switch 3\n>p1 move toxic\n>p2 move earthquake\n>p1 move morningsun\n>p2 move scald\n>p1 switch 5\n>p2 move earthquake\n>p1 move substitute\n>p2 move icebeam\n>p1 move substitute\n>p2 switch 6\n>p1 move roost\n>p2 move swordsdance\n>p1 move airslash\n>p2 move playrough\n>p1 move airslash dynamax\n>p2 move behemothblade\n>p1 move airslash dynamax\n>p2 move behemothblade\n>p1 move airslash dynamax\n>p2 move behemothblade\n>p1 switch 3\n>p1 move earthquake\n>p2 move behemothblade\n>p2 switch 4\n>p1 move earthquake\n>p2 move machpunch\n>p1 switch 4\n>p1 move moonblast\n>p2 switch 6\n>p1 move moonblast\n>p2 move earthquake\n>p2 switch 3\n>p1 switch 5\n>p2 move meteormash\n>p1 switch 5\n>p2 move extremespeed\n>p1 switch 5\n>p2 move meteormash\n>p1 switch 6\n>p2 switch 2\n>p1 move bellydrum\n>p2 move liquidation\n>p1 move playrough\n>p2 move liquidation dynamax\n>p1 switch 5\n>p1 move diamondstorm\n>p2 move liquidation dynamax\n>p2 switch 6\n>p1 move moonblast\n>p2 move closecombat\n>p2 switch 6\n>p1 move diamondstorm\n>p2 move liquidation","uploadtime":1631665759,"views":5,"p1id":"lempielardering","p2id":"arcangel666","formatid":"gen8randombattle","rating":1695,"private":0,"password":null}