{"id":"gen8hackmonscup-1675945409","p1":"Down$hift","p2":"ngrzes1996","format":"gen8hackmonscup","log":"|j|\u2606Down$hift\n|j|\u2606ngrzes1996\n|t:|1664738036\n|gametype|singles\n|player|p1|Down$hift|teamrocket|1481\n|player|p2|ngrzes1996|dragontamer|1388\n|teamsize|p1|6\n|teamsize|p2|6\n|gen|8\n|tier|[Gen 8] Hackmons Cup\n|rated|\n|rule|HP Percentage Mod: HP is shown in percentages\n|\n|t:|1664738036\n|start\n|switch|p1a: Cradily|Cradily, L74, M|260\/260\n|switch|p2a: Whismur|Whismur, L94, M|271\/271\n|turn|1\n|c|\u2606Down$hift|hf\n|\n|t:|1664738070\n|move|p1a: Cradily|Megahorn|p2a: Whismur\n|-damage|p2a: Whismur|102\/271\n|move|p2a: Whismur|Clangorous Soul|p2a: Whismur\n|-boost|p2a: Whismur|atk|1\n|-boost|p2a: Whismur|def|1\n|-boost|p2a: Whismur|spa|1\n|-boost|p2a: Whismur|spd|1\n|-boost|p2a: Whismur|spe|1\n|-damage|p2a: Whismur|13\/271\n|\n|upkeep\n|turn|2\n|\n|t:|1664738079\n|switch|p1a: Stunky|Stunky, L86, F|243\/243\n|move|p2a: Whismur|Poison Tail|p1a: Stunky\n|-resisted|p1a: Stunky\n|-damage|p1a: Stunky|211\/243\n|\n|upkeep\n|turn|3\n|\n|t:|1664738085\n|move|p1a: Stunky|Vacuum Wave|p2a: Whismur\n|-supereffective|p2a: Whismur\n|-damage|p2a: Whismur|0 fnt\n|faint|p2a: Whismur\n|\n|upkeep\n|\n|t:|1664738095\n|switch|p2a: Drakloak|Drakloak, L80, F|230\/230\n|turn|4\n|\n|t:|1664738102\n|move|p2a: Drakloak|Triple Axel|p1a: Stunky\n|-damage|p1a: Stunky|188\/243\n|-hitcount|p1a: Stunky|1\n|move|p1a: Stunky|Spirit Break|p2a: Drakloak\n|-supereffective|p2a: Drakloak\n|-damage|p2a: Drakloak|110\/230\n|-unboost|p2a: Drakloak|spa|1\n|\n|upkeep\n|turn|5\n|\n|t:|1664738110\n|switch|p2a: Toxicroak|Toxicroak, L75, M|232\/232\n|-ability|p2a: Toxicroak|Comatose\n|move|p1a: Stunky|Spirit Break|p2a: Toxicroak\n|-damage|p2a: Toxicroak|166\/232\n|-unboost|p2a: Toxicroak|spa|1\n|\n|upkeep\n|turn|6\n|\n|t:|1664738131\n|move|p1a: Stunky|Spirit Break|p2a: Toxicroak\n|-damage|p2a: Toxicroak|99\/232\n|-unboost|p2a: Toxicroak|spa|1\n|move|p2a: Toxicroak|Icicle Spear|p1a: Stunky\n|-damage|p1a: Stunky|168\/243\n|-damage|p1a: Stunky|147\/243\n|-damage|p1a: Stunky|126\/243\n|-damage|p1a: Stunky|107\/243\n|-damage|p1a: Stunky|88\/243\n|-hitcount|p1a: Stunky|5\n|\n|upkeep\n|turn|7\n|\n|t:|1664738144\n|switch|p1a: Lairon|Lairon, L78, F|215\/215\n|move|p2a: Toxicroak|Icicle Spear|p1a: Lairon\n|-resisted|p1a: Lairon\n|-damage|p1a: Lairon|208\/215\n|-resisted|p1a: Lairon\n|-damage|p1a: Lairon|202\/215\n|-hitcount|p1a: Lairon|2\n|\n|upkeep\n|turn|8\n|\n|t:|1664738154\n|switch|p2a: Terrakion|Terrakion, L69|259\/259\n|move|p1a: Lairon|Origin Pulse|p2a: Terrakion\n|-supereffective|p2a: Terrakion\n|-damage|p2a: Terrakion|169\/259\n|\n|upkeep\n|turn|9\n|\n|t:|1664738166\n|switch|p1a: Stunky|Stunky, L86, F|88\/243\n|move|p2a: Terrakion|Bolt Strike|p1a: Stunky|[miss]\n|-miss|p2a: Terrakion|p1a: Stunky\n|\n|upkeep\n|turn|10\n|\n|t:|1664738173\n|move|p1a: Stunky|Vacuum Wave|p2a: Terrakion\n|-supereffective|p2a: Terrakion\n|-damage|p2a: Terrakion|129\/259\n|move|p2a: Terrakion|Bolt Strike|p1a: Stunky\n|-damage|p1a: Stunky|0 fnt\n|faint|p1a: Stunky\n|\n|upkeep\n|\n|t:|1664738176\n|switch|p1a: Trapinch|Trapinch, L90, F|210\/210\n|turn|11\n|\n|t:|1664738184\n|switch|p2a: Regigigas|Regigigas, L65|258\/258\n|move|p1a: Trapinch|Dragon Darts|p2a: Regigigas\n|-damage|p2a: Regigigas|216\/258\n|-anim|p1a: Trapinch|Dragon Darts|p2a: Regigigas\n|-damage|p2a: Regigigas|176\/258\n|\n|upkeep\n|turn|12\n|\n|t:|1664738193\n|switch|p1a: Lairon|Lairon, L78, F|202\/215\n|move|p2a: Regigigas|Ice Punch|p1a: Lairon\n|-resisted|p1a: Lairon\n|-crit|p1a: Lairon\n|-damage|p1a: Lairon|169\/215\n|\n|upkeep\n|turn|13\n|\n|t:|1664738198\n|move|p2a: Regigigas|Snarl|p1a: Lairon\n|-damage|p1a: Lairon|138\/215\n|-unboost|p1a: Lairon|spa|1\n|move|p1a: Lairon|False Surrender|p2a: Regigigas\n|-damage|p2a: Regigigas|133\/258\n|\n|upkeep\n|turn|14\n|\n|t:|1664738204\n|move|p2a: Regigigas|Snarl|p1a: Lairon\n|-damage|p1a: Lairon|109\/215\n|-unboost|p1a: Lairon|spa|1\n|move|p1a: Lairon|False Surrender|p2a: Regigigas\n|-damage|p2a: Regigigas|95\/258\n|\n|upkeep\n|turn|15\n|inactive|Battle timer is ON: inactive players will automatically lose when time's up. (requested by Down$hift)\n|\n|t:|1664738220\n|move|p2a: Regigigas|Snarl|p1a: Lairon\n|-damage|p1a: Lairon|79\/215\n|-unboost|p1a: Lairon|spa|1\n|move|p1a: Lairon|False Surrender|p2a: Regigigas\n|-damage|p2a: Regigigas|56\/258\n|\n|upkeep\n|turn|16\n|\n|t:|1664738224\n|move|p2a: Regigigas|Snarl|p1a: Lairon\n|-damage|p1a: Lairon|52\/215\n|-unboost|p1a: Lairon|spa|1\n|move|p1a: Lairon|False Surrender|p2a: Regigigas\n|-damage|p2a: Regigigas|15\/258\n|\n|upkeep\n|turn|17\n|\n|t:|1664738229\n|move|p2a: Regigigas|Snarl|p1a: Lairon|[miss]\n|-miss|p2a: Regigigas|p1a: Lairon\n|move|p1a: Lairon|False Surrender|p2a: Regigigas\n|-damage|p2a: Regigigas|0 fnt\n|faint|p2a: Regigigas\n|\n|upkeep\n|\n|t:|1664738233\n|switch|p2a: Hippowdon|Hippowdon, L72, M|246\/246\n|turn|18\n|\n|t:|1664738246\n|move|p2a: Hippowdon|Work Up|p2a: Hippowdon\n|-boost|p2a: Hippowdon|atk|1\n|-boost|p2a: Hippowdon|spa|1\n|move|p1a: Lairon|False Surrender|p2a: Hippowdon\n|-damage|p2a: Hippowdon|191\/246\n|-enditem|p2a: Hippowdon|Red Card|[of] p1a: Lairon\n|drag|p1a: Trapinch|Trapinch, L90, F|210\/210\n|\n|upkeep\n|turn|19\n|\n|t:|1664738257\n|move|p2a: Hippowdon|Dark Pulse|p1a: Trapinch\n|-damage|p1a: Trapinch|131\/210\n|-enditem|p1a: Trapinch|Maranga Berry|[eat]\n|-boost|p1a: Trapinch|spd|1|[from] item: Maranga Berry\n|move|p1a: Trapinch|Dragon Ascent|p2a: Hippowdon\n|-damage|p2a: Hippowdon|59\/246\n|-unboost|p1a: Trapinch|def|1\n|-unboost|p1a: Trapinch|spd|1\n|\n|upkeep\n|turn|20\n|\n|t:|1664738267\n|move|p2a: Hippowdon|Dark Pulse|p1a: Trapinch\n|-damage|p1a: Trapinch|53\/210\n|move|p1a: Trapinch|Dragon Darts|p2a: Hippowdon\n|-damage|p2a: Hippowdon|7\/246\n|-anim|p1a: Trapinch|Dragon Darts|p2a: Hippowdon\n|-damage|p2a: Hippowdon|0 fnt\n|faint|p2a: Hippowdon\n|\n|upkeep\n|\n|t:|1664738277\n|switch|p2a: Toxicroak|Toxicroak, L75, M|99\/232\n|-ability|p2a: Toxicroak|Comatose\n|turn|21\n|\n|t:|1664738283\n|switch|p1a: Lairon|Lairon, L78, F|52\/215\n|move|p2a: Toxicroak|Icicle Spear|p1a: Lairon\n|-resisted|p1a: Lairon\n|-damage|p1a: Lairon|46\/215\n|-resisted|p1a: Lairon\n|-damage|p1a: Lairon|40\/215\n|-hitcount|p1a: Lairon|2\n|\n|upkeep\n|turn|22\n|\n|t:|1664738292\n|move|p2a: Toxicroak|Icicle Spear|p1a: Lairon\n|-resisted|p1a: Lairon\n|-damage|p1a: Lairon|33\/215\n|-resisted|p1a: Lairon\n|-damage|p1a: Lairon|27\/215\n|-hitcount|p1a: Lairon|2\n|move|p1a: Lairon|Origin Pulse|p2a: Toxicroak\n|-damage|p2a: Toxicroak|19\/232\n|\n|upkeep\n|turn|23\n|\n|t:|1664738299\n|move|p2a: Toxicroak|Icicle Spear|p1a: Lairon\n|-resisted|p1a: Lairon\n|-damage|p1a: Lairon|22\/215\n|-resisted|p1a: Lairon\n|-damage|p1a: Lairon|16\/215\n|-resisted|p1a: Lairon\n|-damage|p1a: Lairon|10\/215\n|-resisted|p1a: Lairon\n|-damage|p1a: Lairon|4\/215\n|-hitcount|p1a: Lairon|4\n|move|p1a: Lairon|False Surrender|p2a: Toxicroak\n|-resisted|p2a: Toxicroak\n|-damage|p2a: Toxicroak|0 fnt\n|faint|p2a: Toxicroak\n|\n|upkeep\n|\n|t:|1664738310\n|switch|p2a: Drakloak|Drakloak, L80, F|110\/230\n|turn|24\n|\n|t:|1664738314\n|move|p2a: Drakloak|Mega Drain|p1a: Lairon\n|-damage|p1a: Lairon|0 fnt\n|-heal|p2a: Drakloak|112\/230|[from] drain|[of] p1a: Lairon\n|faint|p1a: Lairon\n|\n|upkeep\n|\n|t:|1664738322\n|switch|p1a: Altaria|Altaria, L74, M|229\/229\n|turn|25\n|\n|t:|1664738327\n|-start|p2a: Drakloak|Dynamax|\n|-heal|p2a: Drakloak|224\/460|[silent]\n|-start|p1a: Altaria|Dynamax|\n|-heal|p1a: Altaria|458\/458|[silent]\n|move|p2a: Drakloak|Max Hailstorm|p1a: Altaria\n|-supereffective|p1a: Altaria\n|-damage|p1a: Altaria|0 fnt\n|-weather|Hail\n|-enditem|p1a: Altaria|Jaboca Berry|[eat]\n|-damage|p2a: Drakloak|196\/460|[from] item: Jaboca Berry|[of] p1a: Altaria\n|faint|p1a: Altaria\n|\n|-weather|Hail|[upkeep]\n|-damage|p2a: Drakloak|182\/460|[from] Hail\n|upkeep\n|\n|t:|1664738340\n|switch|p1a: Cradily|Cradily, L74, M|260\/260\n|turn|26\n|\n|t:|1664738346\n|move|p2a: Drakloak|Max Hailstorm|p1a: Cradily\n|-supereffective|p1a: Cradily\n|-damage|p1a: Cradily|12\/260\n|move|p1a: Cradily|Electroweb|p2a: Drakloak\n|-resisted|p2a: Drakloak\n|-damage|p2a: Drakloak|161\/460\n|-unboost|p2a: Drakloak|spe|1\n|\n|-weather|Hail|[upkeep]\n|-damage|p2a: Drakloak|147\/460|[from] Hail\n|-damage|p1a: Cradily|0 fnt|[from] Hail\n|faint|p1a: Cradily\n|upkeep\n|\n|t:|1664738352\n|switch|p1a: Trapinch|Trapinch, L90, F|53\/210\n|turn|27\n|\n|t:|1664738355\n|move|p2a: Drakloak|Max Hailstorm|p1a: Trapinch\n|-supereffective|p1a: Trapinch\n|-damage|p1a: Trapinch|0 fnt\n|faint|p1a: Trapinch\n|\n|-weather|Hail|[upkeep]\n|-damage|p2a: Drakloak|133\/460|[from] Hail\n|upkeep\n|\n|t:|1664738357\n|switch|p1a: Noibat|Noibat, L94, F|234\/234\n|-weather|SunnyDay|[from] ability: Drought|[of] p1a: Noibat\n|-end|p2a: Drakloak|Dynamax\n|-heal|p2a: Drakloak|67\/230|[silent]\n|turn|28\n|\n|t:|1664738366\n|switch|p2a: Terrakion|Terrakion, L69|129\/259\n|move|p1a: Noibat|Power Gem|p2a: Terrakion\n|-resisted|p2a: Terrakion\n|-damage|p2a: Terrakion|101\/259\n|\n|-weather|SunnyDay|[upkeep]\n|upkeep\n|turn|29\n|\n|t:|1664738372\n|move|p2a: Terrakion|Bolt Strike|p1a: Noibat\n|-damage|p1a: Noibat|149\/234\n|move|p1a: Noibat|Overdrive|p2a: Terrakion\n|-damage|p2a: Terrakion|49\/259\n|\n|-weather|SunnyDay|[upkeep]\n|upkeep\n|turn|30\n|\n|t:|1664738378\n|move|p2a: Terrakion|Bolt Strike|p1a: Noibat\n|-damage|p1a: Noibat|66\/234\n|move|p1a: Noibat|Overdrive|p2a: Terrakion\n|-damage|p2a: Terrakion|0 fnt\n|faint|p2a: Terrakion\n|\n|-weather|SunnyDay|[upkeep]\n|upkeep\n|\n|t:|1664738382\n|switch|p2a: Drakloak|Drakloak, L80, F|67\/230\n|turn|31\n|\n|t:|1664738385\n|move|p2a: Drakloak|Triple Axel|p1a: Noibat\n|-supereffective|p1a: Noibat\n|-damage|p1a: Noibat|0 fnt\n|faint|p1a: Noibat\n|-hitcount|p1: Noibat|1\n|\n|win|ngrzes1996\n|raw|Down$hift's rating: 1481 &rarr; <strong>1456<\/strong><br \/>(-25 for losing)\n|raw|ngrzes1996's rating: 1388 &rarr; <strong>1413<\/strong><br \/>(+25 for winning)\n|l|\u2606Down$hift\n||Ladder isn't responding, score probably updated but might not have (Request timeout).\n","uploadtime":1664738393,"views":7,"p1id":"downhift","p2id":"ngrzes1996","formatid":"gen8hackmonscup","rating":1413,"private":0,"password":null}