{"id":"gen8randombattle-1106611638","p1":"Rheinmetal","p2":"SenseiPeeko","format":"gen8randombattle","log":"|j|\u2606Rheinmetal\n|j|\u2606SenseiPeeko\n|player|p1|Rheinmetal|1|1398\n|player|p2|SenseiPeeko|170|1379\n|teamsize|p1|6\n|teamsize|p2|6\n|gametype|singles\n|gen|8\n|tier|[Gen 8] Random Battle\n|rated|\n|rule|Species Clause: Limit one of each Pok\u00e9mon\n|rule|HP Percentage Mod: HP is shown in percentages\n|rule|Sleep Clause Mod: Limit one foe put to sleep\n|\n|start\n|switch|p1a: Vaporeon|Vaporeon, L82, F|347\/347\n|switch|p2a: Glalie|Glalie, L72, F|234\/234\n|turn|1\n|\n|move|p2a: Glalie|Freeze-Dry|p1a: Vaporeon\n|-supereffective|p1a: Vaporeon\n|-damage|p1a: Vaporeon|257\/347\n|move|p1a: Vaporeon|Toxic|p2a: Glalie\n|-status|p2a: Glalie|tox\n|\n|-heal|p1a: Vaporeon|278\/347|[from] item: Leftovers\n|-damage|p2a: Glalie|220\/234 tox|[from] psn\n|-ability|p2a: Glalie|Moody|boost\n|-boost|p2a: Glalie|def|2\n|-unboost|p2a: Glalie|spd|1\n|upkeep\n|turn|2\n|\n|move|p2a: Glalie|Freeze-Dry|p1a: Vaporeon\n|-supereffective|p1a: Vaporeon\n|-damage|p1a: Vaporeon|194\/347\n|move|p1a: Vaporeon|Wish|p1a: Vaporeon\n|\n|-heal|p2a: Glalie|234\/234 tox|[from] item: Leftovers\n|-heal|p1a: Vaporeon|215\/347|[from] item: Leftovers\n|-damage|p2a: Glalie|206\/234 tox|[from] psn\n|-ability|p2a: Glalie|Moody|boost\n|-boost|p2a: Glalie|spe|2\n|-unboost|p2a: Glalie|def|1\n|upkeep\n|turn|3\n|\n|switch|p2a: Abomasnow|Abomasnow, L86, M|295\/295\n|-weather|Hail|[from] ability: Snow Warning|[of] p2a: Abomasnow\n|move|p1a: Vaporeon|Protect||[still]\n|-fail|p1a: Vaporeon\n|\n|-weather|Hail|[upkeep]\n|-damage|p1a: Vaporeon|194\/347|[from] Hail\n|-heal|p1a: Vaporeon|347\/347|[from] move: Wish|[wisher] Vaporeon\n|upkeep\n|turn|4\n|c|\u2606Rheinmetal|Does your glalie not have sub?\n|\n|switch|p1a: Galvantula|Galvantula, L84, F|255\/255\n|move|p2a: Abomasnow|Wood Hammer|p1a: Galvantula\n|-resisted|p1a: Galvantula\n|-damage|p1a: Galvantula|175\/255\n|-damage|p2a: Abomasnow|269\/295|[from] Recoil\n|\n|-weather|Hail|[upkeep]\n|-damage|p1a: Galvantula|160\/255|[from] Hail\n|upkeep\n|turn|5\n|c|\u2606Rheinmetal|I made the worst play in history thinking vap outsped it\n|inactive|Battle timer is ON: inactive players will automatically lose when time's up. (requested by Rheinmetal)\n|\n|move|p1a: Galvantula|Sticky Web|p2a: Abomasnow\n|-sidestart|p2: SenseiPeeko|move: Sticky Web\n|move|p2a: Abomasnow|Blizzard|p1a: Galvantula\n|-damage|p1a: Galvantula|12\/255\n|\n|-weather|Hail|[upkeep]\n|-damage|p1a: Galvantula|0 fnt|[from] Hail\n|faint|p1a: Galvantula\n|upkeep\n|\n|switch|p1a: Darmanitan|Darmanitan-Galar, L72, M|270\/270\n|turn|6\n|\n|switch|p2a: Glalie|Glalie, L72, F|206\/234 tox\n|-activate|p2a: Glalie|move: Sticky Web\n|-unboost|p2a: Glalie|spe|1\n|move|p1a: Darmanitan|Superpower|p2a: Glalie\n|-supereffective|p2a: Glalie\n|-damage|p2a: Glalie|0 fnt\n|-unboost|p1a: Darmanitan|atk|1\n|-unboost|p1a: Darmanitan|def|1\n|faint|p2a: Glalie\n|\n|-weather|Hail|[upkeep]\n|upkeep\n|\n|switch|p2a: Regirock|Regirock, L84|272\/272\n|-activate|p2a: Regirock|move: Sticky Web\n|-unboost|p2a: Regirock|spe|1\n|turn|7\n|\n|switch|p1a: Lunatone|Lunatone, L88|302\/302\n|move|p2a: Regirock|Rock Slide|p1a: Lunatone\n|-damage|p1a: Lunatone|149\/302\n|\n|-weather|none\n|upkeep\n|turn|8\n|\n|move|p1a: Lunatone|Stealth Rock|p2a: Regirock\n|-sidestart|p2: SenseiPeeko|move: Stealth Rock\n|move|p2a: Regirock|Rock Slide|p1a: Lunatone\n|-damage|p1a: Lunatone|5\/302\n|\n|upkeep\n|turn|9\n|\n|move|p1a: Lunatone|Ice Beam|p2a: Regirock\n|-damage|p2a: Regirock|185\/272\n|-damage|p1a: Lunatone|0 fnt|[from] item: Life Orb\n|faint|p1a: Lunatone\n|move|p2a: Regirock|Rock Slide|p1: Lunatone|[notarget]\n|-fail|p2a: Regirock\n|\n|upkeep\n|\n|switch|p1a: Vaporeon|Vaporeon, L82, F|347\/347\n|turn|10\n|\n|switch|p2a: Abomasnow|Abomasnow, L86, M|269\/295\n|-activate|p2a: Abomasnow|move: Sticky Web\n|-unboost|p2a: Abomasnow|spe|1\n|-damage|p2a: Abomasnow|196\/295|[from] Stealth Rock\n|-weather|Hail|[from] ability: Snow Warning|[of] p2a: Abomasnow\n|move|p1a: Vaporeon|Toxic|p2a: Abomasnow\n|-status|p2a: Abomasnow|tox\n|\n|-weather|Hail|[upkeep]\n|-damage|p1a: Vaporeon|326\/347|[from] Hail\n|-heal|p1a: Vaporeon|347\/347|[from] item: Leftovers\n|-damage|p2a: Abomasnow|178\/295 tox|[from] psn\n|upkeep\n|turn|11\n|\n|move|p1a: Vaporeon|Protect|p1a: Vaporeon\n|-singleturn|p1a: Vaporeon|Protect\n|move|p2a: Abomasnow|Aurora Veil|p2a: Abomasnow\n|-sidestart|p2: SenseiPeeko|move: Aurora Veil\n|\n|-weather|Hail|[upkeep]\n|-damage|p1a: Vaporeon|326\/347|[from] Hail\n|-heal|p1a: Vaporeon|347\/347|[from] item: Leftovers\n|-damage|p2a: Abomasnow|142\/295 tox|[from] psn\n|upkeep\n|turn|12\n|\n|move|p1a: Vaporeon|Wish|p1a: Vaporeon\n|move|p2a: Abomasnow|Wood Hammer|p1a: Vaporeon\n|-supereffective|p1a: Vaporeon\n|-damage|p1a: Vaporeon|0 fnt\n|-damage|p2a: Abomasnow|27\/295 tox|[from] Recoil\n|faint|p1a: Vaporeon\n|\n|-weather|Hail|[upkeep]\n|-damage|p2a: Abomasnow|0 fnt|[from] psn\n|faint|p2a: Abomasnow\n|upkeep\n|\n|switch|p1a: Linoone|Linoone, L84, F|268\/268\n|switch|p2a: Regirock|Regirock, L84|185\/272\n|-damage|p2a: Regirock|151\/272|[from] Stealth Rock\n|-activate|p2a: Regirock|move: Sticky Web\n|-unboost|p2a: Regirock|spe|1\n|turn|13\n|\n|move|p1a: Linoone|Belly Drum|p1a: Linoone\n|-damage|p1a: Linoone|134\/268\n|-setboost|p1a: Linoone|atk|6|[from] move: Belly Drum\n|-enditem|p1a: Linoone|Mago Berry|[eat]\n|-heal|p1a: Linoone|222\/268|[from] item: Mago Berry\n|move|p2a: Regirock|Explosion|p1a: Linoone\n|-damage|p1a: Linoone|0 fnt\n|faint|p2a: Regirock\n|faint|p1a: Linoone\n|\n|-weather|Hail|[upkeep]\n|upkeep\n|\n|switch|p1a: Golurk|Golurk, L86|293\/293\n|switch|p2a: Obstagoon|Obstagoon, L82, F|287\/287\n|-activate|p2a: Obstagoon|move: Sticky Web\n|-unboost|p2a: Obstagoon|spe|1\n|-damage|p2a: Obstagoon|252\/287|[from] Stealth Rock\n|turn|14\n|\n|move|p1a: Golurk|Drain Punch|p2a: Obstagoon\n|-supereffective|p2a: Obstagoon\n|-damage|p2a: Obstagoon|70\/287\n|-damage|p1a: Golurk|264\/293|[from] item: Life Orb\n|move|p2a: Obstagoon|Knock Off|p1a: Golurk\n|-supereffective|p1a: Golurk\n|-damage|p1a: Golurk|72\/293\n|-enditem|p1a: Golurk|Life Orb|[from] move: Knock Off|[of] p2a: Obstagoon\n|\n|-weather|none\n|-status|p2a: Obstagoon|brn|[from] item: Flame Orb\n|upkeep\n|turn|15\n|\n|move|p1a: Golurk|Drain Punch|p2a: Obstagoon\n|-supereffective|p2a: Obstagoon\n|-damage|p2a: Obstagoon|0 fnt\n|-heal|p1a: Golurk|107\/293|[from] drain|[of] p2a: Obstagoon\n|faint|p2a: Obstagoon\n|\n|upkeep\n|\n|switch|p2a: Goodra|Goodra, L84, M|288\/288\n|-damage|p2a: Goodra|252\/288|[from] Stealth Rock\n|-activate|p2a: Goodra|move: Sticky Web\n|-unboost|p2a: Goodra|spe|1\n|turn|16\n|\n|move|p1a: Golurk|Earthquake|p2a: Goodra\n|-damage|p2a: Goodra|173\/288\n|move|p2a: Goodra|Fire Blast|p1a: Golurk\n|-damage|p1a: Golurk|20\/293\n|\n|upkeep\n|turn|17\n|\n|move|p1a: Golurk|Shadow Punch|p2a: Goodra\n|-damage|p2a: Goodra|117\/288\n|move|p2a: Goodra|Earthquake|p1a: Golurk\n|-damage|p1a: Golurk|0 fnt\n|faint|p1a: Golurk\n|\n|upkeep\n|\n|switch|p1a: Darmanitan|Darmanitan-Galar, L72, M|270\/270\n|turn|18\n|\n|-start|p1a: Darmanitan|Dynamax\n|-heal|p1a: Darmanitan|540\/540|[silent]\n|move|p1a: Darmanitan|Max Hailstorm|p2a: Goodra\n|-supereffective|p2a: Goodra\n|-damage|p2a: Goodra|0 fnt\n|-weather|Hail\n|faint|p2a: Goodra\n|\n|-weather|Hail|[upkeep]\n|-sideend|p2: SenseiPeeko|move: Aurora Veil\n|upkeep\n|\n|switch|p2a: Mew|Mew, L80|291\/291\n|-damage|p2a: Mew|255\/291|[from] Stealth Rock\n|-activate|p2a: Mew|move: Sticky Web\n|-unboost|p2a: Mew|spe|1\n|turn|19\n|\n|-start|p2a: Mew|Dynamax\n|-heal|p2a: Mew|510\/582|[silent]\n|move|p1a: Darmanitan|Max Flutterby|p2a: Mew\n|-supereffective|p2a: Mew\n|-damage|p2a: Mew|348\/582\n|-unboost|p2a: Mew|spa|1\n|move|p2a: Mew|Max Flare|p1a: Darmanitan\n|-supereffective|p1a: Darmanitan\n|-damage|p1a: Darmanitan|252\/540\n|-weather|SunnyDay\n|\n|-weather|SunnyDay|[upkeep]\n|upkeep\n|turn|20\n|\n|move|p1a: Darmanitan|Max Flutterby|p2a: Mew\n|-supereffective|p2a: Mew\n|-damage|p2a: Mew|188\/582\n|-unboost|p2a: Mew|spa|1\n|move|p2a: Mew|Max Flare|p1a: Darmanitan\n|-supereffective|p1a: Darmanitan\n|-damage|p1a: Darmanitan|0 fnt\n|faint|p1a: Darmanitan\n|\n|win|SenseiPeeko\n|raw|Rheinmetal's rating: 1398 &rarr; <strong>1377<\/strong><br \/>(-21 for losing)\n|raw|SenseiPeeko's rating: 1380 &rarr; <strong>1401<\/strong><br \/>(+21 for winning)\n|l|\u2606Rheinmetal\n|c|\u2606SenseiPeeko|gg\n","inputlog":">version 839c835752c0139e0785101cfc74f459d73e8bf4\n>start {\"formatid\":\"gen8randombattle\",\"seed\":[53954,8769,19180,6926],\"rated\":\"Rated battle\"}\n>player p1 {\"name\":\"Rheinmetal\",\"avatar\":\"1\",\"team\":\"\",\"rating\":1398,\"seed\":[12964,18074,63662,11439]}\n>player p2 {\"name\":\"SenseiPeeko\",\"avatar\":\"170\",\"team\":\"\",\"rating\":1379,\"seed\":[24883,31722,58478,65484]}\n>p1 move toxic\n>p2 move freezedry\n>p1 move wish\n>p2 move freezedry\n>p1 move protect\n>p2 switch 4\n>p1 switch 3\n>p2 move woodhammer\n>p1 move stickyweb\n>p2 move blizzard\n>p1 switch 4\n>p1 move superpower\n>p2 switch 4\n>p2 switch 6\n>p1 switch 5\n>p2 move rockslide\n>p1 move stealthrock\n>p2 move rockslide\n>p1 move icebeam\n>p2 move rockslide\n>p1 switch 3\n>p1 move toxic\n>p2 switch 4\n>p1 move protect\n>p2 move auroraveil\n>p1 move wish\n>p2 move woodhammer\n>p1 switch 6\n>p2 switch 4\n>p1 move bellydrum\n>p2 move explosion\n>p1 switch 2\n>p2 switch 3\n>p1 move drainpunch\n>p2 move knockoff\n>p1 move drainpunch\n>p2 move knockoff\n>p2 switch 5\n>p1 move earthquake\n>p2 move fireblast\n>p1 move shadowpunch\n>p2 move earthquake\n>p1 switch 5\n>p1 move iciclecrash dynamax\n>p2 move fireblast\n>p2 switch 2\n>p1 move uturn dynamax\n>p2 move flareblitz dynamax\n>p1 move uturn dynamax\n>p2 move flareblitz dynamax","uploadtime":1588310990,"views":2,"p1id":"rheinmetal","p2id":"senseipeeko","formatid":"gen8randombattle","rating":1377,"private":0,"password":null}