{"id":"gen8monotyperandombattle-1706963829","p1":"lampir09","p2":"Rubydubious","format":"gen8monotyperandombattle","log":"|j|\u2606lampir09\n|j|\u2606Rubydubious\n|t:|1668036875\n|gametype|singles\n|player|p1|lampir09|volkner|1277\n|player|p2|Rubydubious|170|1185\n|teamsize|p1|6\n|teamsize|p2|6\n|gen|8\n|tier|[Gen 8] Monotype Random Battle\n|rated|\n|rule|Same Type Clause: Pok\u00e9mon in a team must share a type\n|rule|HP Percentage Mod: HP is shown in percentages\n|rule|Sleep Clause Mod: Limit one foe put to sleep\n|\n|t:|1668036875\n|start\n|switch|p1a: Nihilego|Nihilego, L79|302\/302\n|switch|p2a: Cradily|Cradily, L86, M|288\/288\n|turn|1\n|inactive|Battle timer is ON: inactive players will automatically lose when time's up. (requested by lampir09)\n|\n|t:|1668036902\n|-start|p2a: Cradily|Dynamax|\n|-heal|p2a: Cradily|576\/576|[silent]\n|move|p1a: Nihilego|Toxic Spikes|p2a: Cradily\n|-sidestart|p2: Rubydubious|move: Toxic Spikes\n|move|p2a: Cradily|Max Overgrowth|p1a: Nihilego\n|-crit|p1a: Nihilego\n|-damage|p1a: Nihilego|0 fnt\n|-fieldstart|move: Grassy Terrain\n|faint|p1a: Nihilego\n|\n|upkeep\n|\n|t:|1668036930\n|switch|p1a: Eternatus|Eternatus, L69|308\/308\n|-ability|p1a: Eternatus|Pressure\n|turn|2\n|\n|t:|1668036941\n|move|p1a: Eternatus|Sludge Wave|p2a: Cradily\n|-damage|p2a: Cradily|501\/576\n|-status|p2a: Cradily|psn\n|move|p2a: Cradily|Max Rockfall|p1a: Eternatus\n|-damage|p1a: Eternatus|173\/308\n|-weather|Sandstorm\n|\n|-weather|Sandstorm|[upkeep]\n|-damage|p1a: Eternatus|154\/308|[from] Sandstorm\n|-heal|p1a: Eternatus|173\/308|[from] Grassy Terrain\n|-heal|p2a: Cradily|519\/576 psn|[from] Grassy Terrain\n|-heal|p2a: Cradily|537\/576 psn|[from] item: Leftovers\n|-damage|p2a: Cradily|501\/576 psn|[from] psn\n|upkeep\n|turn|3\n|inactive|lampir09 has 120 seconds left.\n|\n|t:|1668036959\n|move|p1a: Eternatus|Dynamax Cannon|p2a: Cradily\n|-damage|p2a: Cradily|387\/576 psn\n|move|p2a: Cradily|Max Rockfall|p1a: Eternatus\n|-damage|p1a: Eternatus|19\/308\n|\n|-weather|Sandstorm|[upkeep]\n|-damage|p1a: Eternatus|0 fnt|[from] Sandstorm\n|faint|p1a: Eternatus\n|-heal|p2a: Cradily|405\/576 psn|[from] Grassy Terrain\n|-heal|p2a: Cradily|423\/576 psn|[from] item: Leftovers\n|-damage|p2a: Cradily|387\/576 psn|[from] psn\n|upkeep\n|inactive|lampir09 has 120 seconds left.\n|\n|t:|1668036975\n|switch|p1a: Naganadel|Naganadel, L74|230\/230\n|-end|p2a: Cradily|Dynamax\n|-heal|p2a: Cradily|194\/288 psn|[silent]\n|turn|4\n|\n|t:|1668036994\n|move|p1a: Naganadel|Nasty Plot|p1a: Naganadel\n|-boost|p1a: Naganadel|spa|2\n|move|p2a: Cradily|Stone Edge|p1a: Naganadel\n|-damage|p1a: Naganadel|110\/230\n|\n|-weather|Sandstorm|[upkeep]\n|-damage|p1a: Naganadel|96\/230|[from] Sandstorm\n|-heal|p1a: Naganadel|110\/230|[from] Grassy Terrain\n|-heal|p2a: Cradily|212\/288 psn|[from] Grassy Terrain\n|-heal|p2a: Cradily|230\/288 psn|[from] item: Leftovers\n|-damage|p2a: Cradily|194\/288 psn|[from] psn\n|upkeep\n|turn|5\n|inactive|lampir09 has 120 seconds left.\n|\n|t:|1668037008\n|move|p1a: Naganadel|Sludge Wave|p2a: Cradily\n|-damage|p2a: Cradily|48\/288 psn\n|-damage|p1a: Naganadel|87\/230|[from] item: Life Orb\n|move|p2a: Cradily|Stone Edge|p1a: Naganadel\n|-damage|p1a: Naganadel|0 fnt\n|faint|p1a: Naganadel\n|\n|-weather|Sandstorm|[upkeep]\n|-heal|p2a: Cradily|66\/288 psn|[from] Grassy Terrain\n|-heal|p2a: Cradily|84\/288 psn|[from] item: Leftovers\n|-damage|p2a: Cradily|48\/288 psn|[from] psn\n|-fieldend|move: Grassy Terrain\n|upkeep\n|\n|t:|1668037022\n|switch|p1a: Weezing|Weezing-Galar, L86, F|252\/252\n|-ability|p1a: Weezing|Neutralizing Gas\n|turn|6\n|\n|t:|1668037032\n|move|p1a: Weezing|Strange Steam|p2a: Cradily\n|-damage|p2a: Cradily|0 fnt\n|faint|p2a: Cradily\n|\n|-weather|none\n|upkeep\n|\n|t:|1668037038\n|switch|p2a: Kartana|Kartana, L74|209\/209\n|turn|7\n|\n|t:|1668037043\n|move|p2a: Kartana|Swords Dance|p2a: Kartana\n|-boost|p2a: Kartana|atk|2\n|move|p1a: Weezing|Will-O-Wisp|p2a: Kartana\n|-status|p2a: Kartana|brn\n|\n|-damage|p2a: Kartana|196\/209 brn|[from] brn\n|upkeep\n|turn|8\n|\n|t:|1668037061\n|move|p2a: Kartana|Swords Dance|p2a: Kartana\n|-boost|p2a: Kartana|atk|2\n|move|p1a: Weezing|Fire Blast|p2a: Kartana\n|-supereffective|p2a: Kartana\n|-damage|p2a: Kartana|0 fnt\n|faint|p2a: Kartana\n|\n|upkeep\n|\n|t:|1668037073\n|switch|p2a: Flapple|Flapple, L84, M|255\/255\n|-status|p2a: Flapple|psn\n|turn|9\n|\n|t:|1668037079\n|move|p2a: Flapple|Dragon Dance|p2a: Flapple\n|-boost|p2a: Flapple|atk|1\n|-boost|p2a: Flapple|spe|1\n|move|p1a: Weezing|Fire Blast|p2a: Flapple\n|-damage|p2a: Flapple|159\/255 psn\n|\n|-damage|p2a: Flapple|128\/255 psn|[from] psn\n|upkeep\n|turn|10\n|\n|t:|1668037090\n|move|p2a: Flapple|Sucker Punch|p1a: Weezing\n|-resisted|p1a: Weezing\n|-damage|p1a: Weezing|213\/252\n|-damage|p2a: Flapple|103\/255 psn|[from] item: Life Orb\n|move|p1a: Weezing|Fire Blast|p2a: Flapple\n|-damage|p2a: Flapple|9\/255 psn\n|\n|-heal|p1a: Weezing|228\/252|[from] item: Black Sludge\n|-damage|p2a: Flapple|0 fnt|[from] psn\n|faint|p2a: Flapple\n|upkeep\n|\n|t:|1668037097\n|switch|p2a: Roserade|Roserade, L84, F|238\/238\n|-sideend|p2: Rubydubious|move: Toxic Spikes|[of] p2a: Roserade\n|turn|11\n|\n|t:|1668037102\n|move|p2a: Roserade|Sludge Bomb|p1a: Weezing\n|-damage|p1a: Weezing|84\/252\n|move|p1a: Weezing|Fire Blast|p2a: Roserade\n|-supereffective|p2a: Roserade\n|-damage|p2a: Roserade|100\/238\n|\n|-heal|p2a: Roserade|114\/238|[from] item: Black Sludge\n|-heal|p1a: Weezing|99\/252|[from] item: Black Sludge\n|upkeep\n|turn|12\n|\n|t:|1668037112\n|move|p2a: Roserade|Sludge Bomb|p1a: Weezing\n|-damage|p1a: Weezing|0 fnt\n|faint|p1a: Weezing\n|-end|p1a: Weezing|ability: Neutralizing Gas\n|\n|-heal|p2a: Roserade|128\/238|[from] item: Black Sludge\n|upkeep\n|\n|t:|1668037124\n|switch|p1a: Nidoking|Nidoking, L82, M|267\/267\n|turn|13\n|\n|t:|1668037129\n|-start|p1a: Nidoking|Dynamax|\n|-heal|p1a: Nidoking|534\/534|[silent]\n|move|p2a: Roserade|Leaf Storm|p1a: Nidoking\n|-damage|p1a: Nidoking|335\/534\n|-unboost|p2a: Roserade|spa|2\n|move|p1a: Nidoking|Max Hailstorm|p2a: Roserade\n|-supereffective|p2a: Roserade\n|-damage|p2a: Roserade|0 fnt\n|-weather|Hail\n|faint|p2a: Roserade\n|-damage|p1a: Nidoking|309\/534|[from] item: Life Orb\n|\n|-weather|Hail|[upkeep]\n|-damage|p1a: Nidoking|293\/534|[from] Hail\n|upkeep\n|\n|t:|1668037137\n|switch|p2a: Eldegoss|Eldegoss, L90, M|254\/254\n|turn|14\n|\n|t:|1668037146\n|move|p1a: Nidoking|Max Ooze|p2a: Eldegoss\n|-supereffective|p2a: Eldegoss\n|-damage|p2a: Eldegoss|90\/254\n|-boost|p1a: Nidoking|spa|1\n|-damage|p1a: Nidoking|267\/534|[from] item: Life Orb\n|move|p2a: Eldegoss|Sleep Powder|p1a: Nidoking\n|-status|p1a: Nidoking|slp|[from] move: Sleep Powder\n|\n|-weather|Hail|[upkeep]\n|-damage|p1a: Nidoking|251\/534 slp|[from] Hail\n|-damage|p2a: Eldegoss|75\/254|[from] Hail\n|upkeep\n|turn|15\n|\n|t:|1668037158\n|cant|p1a: Nidoking|slp\n|move|p2a: Eldegoss|Leech Seed|p1a: Nidoking\n|-start|p1a: Nidoking|move: Leech Seed\n|\n|-weather|Hail|[upkeep]\n|-damage|p1a: Nidoking|235\/534 slp|[from] Hail\n|-damage|p2a: Eldegoss|60\/254|[from] Hail\n|-damage|p1a: Nidoking|202\/534 slp|[from] Leech Seed|[of] p2a: Eldegoss\n|-heal|p2a: Eldegoss|93\/254|[silent]\n|upkeep\n|-end|p1a: Nidoking|Dynamax\n|-heal|p1a: Nidoking|101\/267 slp|[silent]\n|turn|16\n|\n|t:|1668037169\n|switch|p1a: Nidoqueen|Nidoqueen, L84, F|288\/288\n|move|p2a: Eldegoss|Energy Ball|p1a: Nidoqueen\n|-damage|p1a: Nidoqueen|197\/288\n|\n|-weather|Hail|[upkeep]\n|-damage|p1a: Nidoqueen|179\/288|[from] Hail\n|-damage|p2a: Eldegoss|78\/254|[from] Hail\n|upkeep\n|turn|17\n|\n|t:|1668037178\n|move|p1a: Nidoqueen|Sludge Wave|p2a: Eldegoss\n|-supereffective|p2a: Eldegoss\n|-damage|p2a: Eldegoss|0 fnt\n|faint|p2a: Eldegoss\n|\n|-weather|none\n|upkeep\n|\n|t:|1668037180\n|switch|p2a: Tsareena|Tsareena, L84, F|258\/258\n|turn|18\n|\n|t:|1668037186\n|move|p1a: Nidoqueen|Sludge Wave|p2a: Tsareena\n|-supereffective|p2a: Tsareena\n|-damage|p2a: Tsareena|1\/258\n|move|p2a: Tsareena|Power Whip|p1a: Nidoqueen\n|-damage|p1a: Nidoqueen|14\/288\n|\n|-heal|p2a: Tsareena|17\/258|[from] item: Leftovers\n|upkeep\n|turn|19\n|\n|t:|1668037195\n|move|p1a: Nidoqueen|Sludge Wave|p2a: Tsareena\n|-supereffective|p2a: Tsareena\n|-damage|p2a: Tsareena|0 fnt\n|faint|p2a: Tsareena\n|\n|win|lampir09\n|raw|lampir09's rating: 1277 &rarr; <strong>1296<\/strong><br \/>(+19 for winning)\n|raw|Rubydubious's rating: 1185 &rarr; <strong>1166<\/strong><br \/>(-19 for losing)\n|c|\u2606lampir09|gg\n|c|\u2606Rubydubious|gg\n|c|\u2606Rubydubious|Cradily should NOT have gone that hard\n||Ladder isn't responding, score probably updated but might not have (Request timeout).\n","inputlog":">version 453a3ad56483cc6a5c08448f6577d394b68621b7\n>start {\"formatid\":\"gen8monotyperandombattle\",\"seed\":[48711,20287,32093,16695],\"rated\":\"Rated battle\"}\n>player p1 {\"name\":\"lampir09\",\"avatar\":\"volkner\",\"rating\":1277,\"seed\":[25222,62121,28234,32328]}\n>player p2 {\"name\":\"Rubydubious\",\"avatar\":\"170\",\"rating\":1185,\"seed\":[52971,35386,10495,35556]}\n>p1 move toxicspikes\n>p2 move powerwhip dynamax\n>p1 switch 6\n>p1 move sludgewave\n>p2 move stoneedge dynamax\n>p1 move dynamaxcannon\n>p2 move stoneedge dynamax\n>p1 switch 2\n>p1 move nastyplot\n>p2 move stoneedge\n>p1 move sludgewave\n>p2 move stoneedge\n>p1 switch 3\n>p1 move strangesteam\n>p2 move recover\n>p2 switch 6\n>p1 move willowisp\n>p2 move swordsdance\n>p1 move fireblast\n>p2 move swordsdance\n>p2 switch 2\n>p1 move fireblast\n>p2 move dragondance\n>p1 move fireblast\n>p2 move suckerpunch\n>p2 switch 5\n>p1 move fireblast\n>p2 move sludgebomb\n>p1 move strangesteam\n>p2 move sludgebomb\n>p1 switch 4\n>p1 move icebeam dynamax\n>p2 move leafstorm\n>p2 switch 4\n>p1 move sludgewave dynamax\n>p2 move sleeppowder\n>p1 move sludgewave dynamax\n>p2 move leechseed\n>p1 switch 5\n>p2 move energyball\n>p1 move sludgewave\n>p2 move energyball\n>p2 switch 3\n>p1 move sludgewave\n>p2 move powerwhip\n>p1 move sludgewave\n>p2 move powerwhip","uploadtime":1668037199,"views":8,"p1id":"lampir09","p2id":"rubydubious","formatid":"gen8monotyperandombattle","rating":1166,"private":0,"password":null}