{"id":"gen8unratedrandombattle-1185714561","p1":"Hajmola","p2":"mkvlocxay","format":"gen8unratedrandombattle","log":"|j|\u2606Hajmola\n|j|\u2606mkvlocxay\n|t:|1599927571\n|player|p1|Hajmola|pokefan|\n|player|p2|mkvlocxay|102|\n|teamsize|p1|6\n|teamsize|p2|6\n|gametype|singles\n|gen|8\n|tier|[Gen 8] Unrated Random Battle\n|rule|Species Clause: Limit one of each Pok\u00e9mon\n|rule|HP Percentage Mod: HP is shown in percentages\n|rule|Sleep Clause Mod: Limit one foe put to sleep\n|\n|t:|1599927571\n|start\n|switch|p1a: Urshifu|Urshifu-Rapid-Strike, L80, M|291\/291\n|switch|p2a: Zamazenta|Zamazenta, L74|258\/258\n|-ability|p2a: Zamazenta|Dauntless Shield|boost\n|-boost|p2a: Zamazenta|def|1\n|turn|1\n|inactive|Battle timer is ON: inactive players will automatically lose when time's up. (requested by Hajmola)\n|\n|t:|1599927589\n|move|p2a: Zamazenta|Psychic Fangs|p1a: Urshifu\n|-supereffective|p1a: Urshifu\n|-damage|p1a: Urshifu|107\/291\n|move|p1a: Urshifu|Bulk Up|p1a: Urshifu\n|-boost|p1a: Urshifu|atk|1\n|-boost|p1a: Urshifu|def|1\n|\n|-heal|p1a: Urshifu|125\/291|[from] item: Leftovers\n|upkeep\n|turn|2\n|\n|t:|1599927603\n|move|p2a: Zamazenta|Psychic Fangs|p1a: Urshifu\n|-supereffective|p1a: Urshifu\n|-damage|p1a: Urshifu|11\/291\n|move|p1a: Urshifu|Drain Punch|p2a: Zamazenta\n|-damage|p2a: Zamazenta|171\/258\n|-heal|p1a: Urshifu|55\/291|[from] drain|[of] p2a: Zamazenta\n|\n|-heal|p1a: Urshifu|73\/291|[from] item: Leftovers\n|upkeep\n|turn|3\n|\n|t:|1599927623\n|switch|p1a: Wobbuffet|Wobbuffet, L80, M|435\/435\n|move|p2a: Zamazenta|Psychic Fangs|p1a: Wobbuffet\n|-resisted|p1a: Wobbuffet\n|-damage|p1a: Wobbuffet|368\/435\n|\n|upkeep\n|turn|4\n|\n|t:|1599927640\n|move|p2a: Zamazenta|Psychic Fangs|p1a: Wobbuffet\n|-resisted|p1a: Wobbuffet\n|-damage|p1a: Wobbuffet|301\/435\n|move|p1a: Wobbuffet|Counter|p2a: Zamazenta\n|-damage|p2a: Zamazenta|37\/258\n|\n|upkeep\n|turn|5\n|\n|t:|1599927653\n|move|p2a: Zamazenta|Psychic Fangs|p1a: Wobbuffet\n|-resisted|p1a: Wobbuffet\n|-damage|p1a: Wobbuffet|234\/435\n|move|p1a: Wobbuffet|Encore|p2a: Zamazenta\n|-start|p2a: Zamazenta|Encore\n|\n|upkeep\n|turn|6\n|\n|t:|1599927661\n|move|p2a: Zamazenta|Psychic Fangs|p1a: Wobbuffet\n|-resisted|p1a: Wobbuffet\n|-damage|p1a: Wobbuffet|170\/435\n|-enditem|p1a: Wobbuffet|Sitrus Berry|[eat]\n|-heal|p1a: Wobbuffet|278\/435|[from] item: Sitrus Berry\n|move|p1a: Wobbuffet|Counter|p2a: Zamazenta\n|-damage|p2a: Zamazenta|0 fnt\n|faint|p2a: Zamazenta\n|\n|upkeep\n|\n|t:|1599927684\n|switch|p2a: Buzzwole|Buzzwole, L80|302\/302\n|turn|7\n|\n|t:|1599927696\n|move|p2a: Buzzwole|Leech Life|p1a: Wobbuffet\n|-supereffective|p1a: Wobbuffet\n|-damage|p1a: Wobbuffet|0 fnt\n|faint|p1a: Wobbuffet\n|-ability|p2a: Buzzwole|Beast Boost|boost\n|-boost|p2a: Buzzwole|atk|1\n|\n|upkeep\n|\n|t:|1599927706\n|switch|p1a: Centiskorch|Centiskorch, L84, F|305\/305\n|turn|8\n|\n|t:|1599927711\n|-start|p2a: Buzzwole|Dynamax\n|-heal|p2a: Buzzwole|604\/604|[silent]\n|move|p2a: Buzzwole|Max Rockfall|p1a: Centiskorch\n|-supereffective|p1a: Centiskorch\n|-damage|p1a: Centiskorch|0 fnt\n|-weather|Sandstorm\n|faint|p1a: Centiskorch\n|-ability|p2a: Buzzwole|Beast Boost|boost\n|-boost|p2a: Buzzwole|atk|1\n|\n|-weather|Sandstorm|[upkeep]\n|-damage|p2a: Buzzwole|586\/604|[from] Sandstorm\n|upkeep\n|inactive|Hajmola has 270 seconds left.\n|\n|t:|1599927733\n|switch|p1a: Landorus|Landorus, L76, M|260\/260\n|turn|9\n|\n|t:|1599927740\n|-start|p1a: Landorus|Dynamax\n|-heal|p1a: Landorus|520\/520|[silent]\n|move|p1a: Landorus|Max Quake|p2a: Buzzwole\n|-resisted|p2a: Buzzwole\n|-damage|p2a: Buzzwole|459\/604\n|-boost|p1a: Landorus|spd|1\n|-damage|p1a: Landorus|494\/520|[from] item: Life Orb\n|move|p2a: Buzzwole|Max Rockfall|p1a: Landorus\n|-damage|p1a: Landorus|241\/520\n|\n|-weather|Sandstorm|[upkeep]\n|-damage|p2a: Buzzwole|441\/604|[from] Sandstorm\n|upkeep\n|turn|10\n|inactive|Hajmola has 270 seconds left.\n|\n|t:|1599927757\n|move|p1a: Landorus|Max Ooze|p2a: Buzzwole\n|-damage|p2a: Buzzwole|321\/604\n|-boost|p1a: Landorus|spa|1\n|-damage|p1a: Landorus|215\/520|[from] item: Life Orb\n|move|p2a: Buzzwole|Max Rockfall|p1a: Landorus\n|-damage|p1a: Landorus|0 fnt\n|faint|p1a: Landorus\n|-ability|p2a: Buzzwole|Beast Boost|boost\n|-boost|p2a: Buzzwole|atk|1\n|\n|-weather|Sandstorm|[upkeep]\n|-damage|p2a: Buzzwole|303\/604|[from] Sandstorm\n|-end|p2a: Buzzwole|Dynamax\n|-heal|p2a: Buzzwole|152\/302|[silent]\n|upkeep\n|inactive|Hajmola has 270 seconds left.\n|\n|t:|1599927777\n|switch|p1a: Urshifu|Urshifu-Rapid-Strike, L80, M|73\/291\n|turn|11\n|\n|t:|1599927786\n|move|p1a: Urshifu|Surging Strikes|p2a: Buzzwole\n|-crit|p2a: Buzzwole\n|-damage|p2a: Buzzwole|118\/302\n|-crit|p2a: Buzzwole\n|-damage|p2a: Buzzwole|81\/302\n|-crit|p2a: Buzzwole\n|-damage|p2a: Buzzwole|47\/302\n|-hitcount|p2a: Buzzwole|3\n|move|p2a: Buzzwole|Leech Life|p1a: Urshifu\n|-resisted|p1a: Urshifu\n|-damage|p1a: Urshifu|0 fnt\n|-heal|p2a: Buzzwole|84\/302|[from] drain|[of] p1a: Urshifu\n|faint|p1a: Urshifu\n|-ability|p2a: Buzzwole|Beast Boost|boost\n|-boost|p2a: Buzzwole|atk|1\n|\n|-weather|Sandstorm|[upkeep]\n|-damage|p2a: Buzzwole|66\/302|[from] Sandstorm\n|upkeep\n|\n|t:|1599927808\n|switch|p1a: Tsareena|Tsareena, L82, F|252\/252\n|turn|12\n|\n|t:|1599927813\n|move|p2a: Buzzwole|Leech Life|p1a: Tsareena\n|-supereffective|p1a: Tsareena\n|-damage|p1a: Tsareena|0 fnt\n|-heal|p2a: Buzzwole|192\/302|[from] drain|[of] p1a: Tsareena\n|faint|p1a: Tsareena\n|-ability|p2a: Buzzwole|Beast Boost|boost\n|-boost|p2a: Buzzwole|atk|1\n|\n|-weather|none\n|upkeep\n|\n|t:|1599927822\n|switch|p1a: Golduck|Golduck, L88, F|284\/284\n|turn|13\n|\n|t:|1599927827\n|move|p1a: Golduck|Scald|p2a: Buzzwole\n|-damage|p2a: Buzzwole|60\/302\n|move|p2a: Buzzwole|Leech Life|p1a: Golduck\n|-damage|p1a: Golduck|0 fnt\n|-heal|p2a: Buzzwole|202\/302|[from] drain|[of] p1a: Golduck\n|faint|p1a: Golduck\n|\n|win|mkvlocxay\n|l|\u2606Hajmola\n","inputlog":">version 23f0c6be740ac229b59fbf8bd4ffb626909eb45f\n>start {\"formatid\":\"gen8unratedrandombattle\",\"seed\":[3557,16446,39709,44524]}\n>player p1 {\"name\":\"Hajmola\",\"avatar\":\"pokefan\",\"team\":\"\",\"rating\":0,\"seed\":[50515,12615,8129,45818]}\n>player p2 {\"name\":\"mkvlocxay\",\"avatar\":\"102\",\"team\":\"\",\"rating\":0,\"seed\":[4968,35700,62774,4739]}\n>p1 move bulkup\n>p2 move psychicfangs\n>p1 move drainpunch\n>p2 move psychicfangs\n>p1 switch 4\n>p2 move psychicfangs\n>p1 move counter\n>p2 move psychicfangs\n>p1 move encore\n>p2 move psychicfangs\n>p1 move counter\n>p2 move psychicfangs\n>p2 switch 4\n>p1 move charm\n>p2 move leechlife\n>p1 switch 5\n>p1 move coil\n>p2 move stoneedge dynamax\n>p1 switch 6\n>p1 move earthpower dynamax\n>p2 move stoneedge dynamax\n>p1 move sludgewave dynamax\n>p2 move stoneedge dynamax\n>p1 switch 4\n>p1 move surgingstrikes\n>p2 move leechlife\n>p1 switch 3\n>p1 move knockoff\n>p2 move leechlife\n>p1 switch 2\n>p1 move scald\n>p2 move leechlife","uploadtime":1599927847,"views":3,"p1id":"hajmola","p2id":"mkvlocxay","formatid":"gen8unratedrandombattle","rating":0,"private":0,"password":null}