{"id":"gen8unratedrandombattle-1706961087","p1":"Karp A Darp","p2":"nemoKNV","format":"gen8unratedrandombattle","log":"|j|\u2606Karp A Darp\n|j|\u2606nemoKNV\n|t:|1668036607\n|gametype|singles\n|player|p1|Karp A Darp|olivia|\n|player|p2|nemoKNV|pokemonranger-gen4|\n|teamsize|p1|6\n|teamsize|p2|6\n|gen|8\n|tier|[Gen 8] Unrated Random Battle\n|rule|Species Clause: Limit one of each Pok\u00e9mon\n|rule|HP Percentage Mod: HP is shown in percentages\n|rule|Sleep Clause Mod: Limit one foe put to sleep\n|\n|t:|1668036607\n|start\n|switch|p1a: Shuckle|Shuckle, L87, F|177\/177\n|switch|p2a: Liepard|Liepard, L86, F|250\/250\n|turn|1\n|inactive|Battle timer is ON: inactive players will automatically lose when time's up. (requested by Karp A Darp)\n|\n|t:|1668036626\n|move|p2a: Liepard|Knock Off|p1a: Shuckle\n|-damage|p1a: Shuckle|108\/177\n|-enditem|p1a: Shuckle|Mental Herb|[from] move: Knock Off|[of] p2a: Liepard\n|move|p1a: Shuckle|Encore|p2a: Liepard\n|-start|p2a: Liepard|Encore\n|\n|upkeep\n|turn|2\n|\n|t:|1668036639\n|switch|p2a: Polteageist|Polteageist, L78|222\/222\n|move|p1a: Shuckle|Sticky Web|p2a: Polteageist\n|-sidestart|p2: nemoKNV|move: Sticky Web\n|\n|upkeep\n|turn|3\n|\n|t:|1668036646\n|move|p2a: Polteageist|Shell Smash|p2a: Polteageist\n|-unboost|p2a: Polteageist|def|1\n|-unboost|p2a: Polteageist|spd|1\n|-boost|p2a: Polteageist|atk|2\n|-boost|p2a: Polteageist|spa|2\n|-boost|p2a: Polteageist|spe|2\n|-enditem|p2a: Polteageist|White Herb\n|-clearnegativeboost|p2a: Polteageist|[silent]\n|move|p1a: Shuckle|Encore|p2a: Polteageist\n|-start|p2a: Polteageist|Encore\n|\n|upkeep\n|turn|4\n|\n|t:|1668036660\n|-start|p2a: Polteageist|Dynamax|\n|-heal|p2a: Polteageist|444\/444|[silent]\n|move|p2a: Polteageist|Max Phantasm|p1a: Shuckle\n|-damage|p1a: Shuckle|0 fnt\n|faint|p1a: Shuckle\n|\n|upkeep\n|\n|t:|1668036671\n|switch|p1a: Raichu|Raichu-Alola, L84, M|238\/238\n|turn|5\n|\n|t:|1668036674\n|switch|p1a: Audino|Audino, L91, M|335\/335\n|move|p2a: Polteageist|Max Phantasm|p1a: Audino\n|-immune|p1a: Audino\n|\n|upkeep\n|turn|6\n|\n|t:|1668036681\n|move|p2a: Polteageist|Max Overgrowth|p1a: Audino\n|-damage|p1a: Audino|133\/335\n|-fieldstart|move: Grassy Terrain\n|move|p1a: Audino|Wish|p1a: Audino\n|\n|-heal|p1a: Audino|153\/335|[from] Grassy Terrain\n|-heal|p1a: Audino|173\/335|[from] item: Leftovers\n|-end|p2a: Polteageist|Encore\n|upkeep\n|-end|p2a: Polteageist|Dynamax\n|-heal|p2a: Polteageist|222\/222|[silent]\n|turn|7\n|\n|t:|1668036694\n|move|p1a: Audino|Protect|p1a: Audino\n|-singleturn|p1a: Audino|Protect\n|move|p2a: Polteageist|Stored Power|p1a: Audino\n|-activate|p1a: Audino|move: Protect\n|\n|-heal|p1a: Audino|335\/335|[from] move: Wish|[wisher] Audino\n|upkeep\n|turn|8\n|\n|t:|1668036704\n|move|p2a: Polteageist|Stored Power|p1a: Audino\n|-damage|p1a: Audino|131\/335\n|move|p1a: Audino|Toxic|p2a: Polteageist\n|-status|p2a: Polteageist|tox\n|\n|-heal|p1a: Audino|151\/335|[from] Grassy Terrain\n|-heal|p1a: Audino|171\/335|[from] item: Leftovers\n|-damage|p2a: Polteageist|209\/222 tox|[from] psn\n|upkeep\n|turn|9\n|\n|t:|1668036714\n|move|p1a: Audino|Protect|p1a: Audino\n|-singleturn|p1a: Audino|Protect\n|move|p2a: Polteageist|Shell Smash|p2a: Polteageist\n|-unboost|p2a: Polteageist|def|1\n|-unboost|p2a: Polteageist|spd|1\n|-boost|p2a: Polteageist|atk|2\n|-boost|p2a: Polteageist|spa|2\n|-boost|p2a: Polteageist|spe|2\n|\n|-heal|p2a: Polteageist|222\/222 tox|[from] Grassy Terrain\n|-heal|p1a: Audino|191\/335|[from] Grassy Terrain\n|-heal|p1a: Audino|211\/335|[from] item: Leftovers\n|-damage|p2a: Polteageist|196\/222 tox|[from] psn\n|upkeep\n|turn|10\n|\n|t:|1668036728\n|move|p2a: Polteageist|Giga Drain|p1a: Audino\n|-damage|p1a: Audino|0 fnt\n|-heal|p2a: Polteageist|222\/222 tox|[from] drain|[of] p1a: Audino\n|faint|p1a: Audino\n|\n|-damage|p2a: Polteageist|183\/222 tox|[from] psn\n|-fieldend|move: Grassy Terrain\n|upkeep\n|\n|t:|1668036732\n|switch|p1a: Sylveon|Sylveon, L84, M|297\/297\n|turn|11\n|\n|t:|1668036740\n|move|p2a: Polteageist|Shadow Ball|p1a: Sylveon\n|-damage|p1a: Sylveon|80\/297\n|move|p1a: Sylveon|Hyper Voice|p2a: Polteageist\n|-damage|p2a: Polteageist|8\/222 tox\n|\n|-heal|p1a: Sylveon|98\/297|[from] item: Leftovers\n|-damage|p2a: Polteageist|0 fnt|[from] psn\n|faint|p2a: Polteageist\n|upkeep\n|\n|t:|1668036754\n|switch|p2a: Blacephalon|Blacephalon, L80|216\/216\n|turn|12\n|\n|t:|1668036761\n|switch|p1a: Pelipper|Pelipper, L86, F|243\/243\n|-weather|RainDance|[from] ability: Drizzle|[of] p1a: Pelipper\n|move|p2a: Blacephalon|Shadow Ball|p1a: Pelipper\n|-damage|p1a: Pelipper|120\/243\n|\n|-weather|RainDance|[upkeep]\n|upkeep\n|turn|13\n|\n|t:|1668036770\n|move|p2a: Blacephalon|Shadow Ball|p1a: Pelipper\n|-damage|p1a: Pelipper|0 fnt\n|faint|p1a: Pelipper\n|-ability|p2a: Blacephalon|Beast Boost|boost\n|-boost|p2a: Blacephalon|spa|1\n|\n|-weather|RainDance|[upkeep]\n|upkeep\n|\n|t:|1668036773\n|switch|p1a: Raichu|Raichu-Alola, L84, M|238\/238\n|turn|14\n|\n|t:|1668036786\n|-start|p1a: Raichu|Dynamax|\n|-heal|p1a: Raichu|476\/476|[silent]\n|move|p1a: Raichu|Max Mindstorm|p2a: Blacephalon\n|-damage|p2a: Blacephalon|0 fnt\n|-fieldstart|move: Psychic Terrain\n|faint|p2a: Blacephalon\n|-damage|p1a: Raichu|453\/476|[from] item: Life Orb\n|\n|-weather|RainDance|[upkeep]\n|upkeep\n|\n|t:|1668036799\n|switch|p2a: Snorlax|Snorlax, L82, F|397\/397\n|-activate|p2a: Snorlax|move: Sticky Web\n|-unboost|p2a: Snorlax|spe|1\n|turn|15\n|\n|t:|1668036806\n|move|p1a: Raichu|Max Mindstorm|p2a: Snorlax\n|-damage|p2a: Snorlax|206\/397\n|-damage|p1a: Raichu|430\/476|[from] item: Life Orb\n|move|p2a: Snorlax|Darkest Lariat|p1a: Raichu\n|-supereffective|p1a: Raichu\n|-damage|p1a: Raichu|144\/476\n|\n|-weather|RainDance|[upkeep]\n|upkeep\n|turn|16\n|\n|t:|1668036815\n|move|p1a: Raichu|Max Mindstorm|p2a: Snorlax\n|-damage|p2a: Snorlax|3\/397\n|-damage|p1a: Raichu|121\/476|[from] item: Life Orb\n|move|p2a: Snorlax|Darkest Lariat|p1a: Raichu\n|-supereffective|p1a: Raichu\n|-damage|p1a: Raichu|0 fnt\n|faint|p1a: Raichu\n|\n|-weather|none\n|upkeep\n|\n|t:|1668036821\n|switch|p1a: Sylveon|Sylveon, L84, M|98\/297\n|turn|17\n|\n|t:|1668036830\n|move|p1a: Sylveon|Wish|p1a: Sylveon\n|move|p2a: Snorlax|Darkest Lariat|p1a: Sylveon\n|-resisted|p1a: Sylveon\n|-damage|p1a: Sylveon|37\/297\n|\n|-heal|p1a: Sylveon|55\/297|[from] item: Leftovers\n|upkeep\n|turn|18\n|\n|t:|1668036837\n|move|p1a: Sylveon|Protect|p1a: Sylveon\n|-singleturn|p1a: Sylveon|Protect\n|move|p2a: Snorlax|Darkest Lariat|p1a: Sylveon\n|-activate|p1a: Sylveon|move: Protect\n|\n|-heal|p1a: Sylveon|203\/297|[from] move: Wish|[wisher] Sylveon\n|-heal|p1a: Sylveon|221\/297|[from] item: Leftovers\n|-fieldend|move: Psychic Terrain\n|upkeep\n|turn|19\n|\n|t:|1668036848\n|switch|p2a: Naganadel|Naganadel, L74|230\/230\n|-activate|p2a: Naganadel|move: Sticky Web\n|-unboost|p2a: Naganadel|spe|1\n|move|p1a: Sylveon|Wish|p1a: Sylveon\n|\n|-heal|p1a: Sylveon|239\/297|[from] item: Leftovers\n|upkeep\n|turn|20\n|\n|t:|1668036857\n|switch|p1a: Vileplume|Vileplume, L84, F|263\/263\n|move|p2a: Naganadel|Sludge Wave|p1a: Vileplume\n|-damage|p1a: Vileplume|137\/263\n|-damage|p2a: Naganadel|207\/230|[from] item: Life Orb\n|\n|-heal|p1a: Vileplume|263\/263|[from] move: Wish|[wisher] Sylveon\n|upkeep\n|turn|21\n|\n|t:|1668036866\n|move|p2a: Naganadel|Fire Blast|p1a: Vileplume\n|-supereffective|p1a: Vileplume\n|-damage|p1a: Vileplume|71\/263\n|-damage|p2a: Naganadel|184\/230|[from] item: Life Orb\n|move|p1a: Vileplume|Sleep Powder|p2a: Naganadel\n|-status|p2a: Naganadel|slp|[from] move: Sleep Powder\n|\n|-heal|p1a: Vileplume|87\/263|[from] item: Black Sludge\n|upkeep\n|turn|22\n|\n|t:|1668036880\n|switch|p2a: Snorlax|Snorlax, L82, F|3\/397\n|-activate|p2a: Snorlax|move: Sticky Web\n|-unboost|p2a: Snorlax|spe|1\n|switch|p1a: Sylveon|Sylveon, L84, M|239\/297\n|\n|-heal|p1a: Sylveon|257\/297|[from] item: Leftovers\n|upkeep\n|turn|23\n|\n|t:|1668036885\n|move|p1a: Sylveon|Hyper Voice|p2a: Snorlax\n|-damage|p2a: Snorlax|0 fnt\n|faint|p2a: Snorlax\n|\n|-heal|p1a: Sylveon|275\/297|[from] item: Leftovers\n|upkeep\n|\n|t:|1668036897\n|switch|p2a: Liepard|Liepard, L86, F|250\/250\n|-activate|p2a: Liepard|move: Sticky Web\n|-unboost|p2a: Liepard|spe|1\n|turn|24\n|\n|t:|1668036909\n|move|p2a: Liepard|Knock Off|p1a: Sylveon\n|-resisted|p1a: Sylveon\n|-damage|p1a: Sylveon|174\/297\n|-enditem|p1a: Sylveon|Leftovers|[from] move: Knock Off|[of] p2a: Liepard\n|move|p1a: Sylveon|Hyper Voice|p2a: Liepard\n|-supereffective|p2a: Liepard\n|-damage|p2a: Liepard|0 fnt\n|faint|p2a: Liepard\n|\n|upkeep\n|\n|t:|1668036918\n|switch|p2a: Naganadel|Naganadel, L74|184\/230 slp\n|-activate|p2a: Naganadel|move: Sticky Web\n|-unboost|p2a: Naganadel|spe|1\n|turn|25\n|\n|t:|1668036924\n|move|p1a: Sylveon|Hyper Voice|p2a: Naganadel\n|-damage|p2a: Naganadel|24\/230 slp\n|cant|p2a: Naganadel|slp\n|\n|upkeep\n|turn|26\n|\n|t:|1668036929\n|move|p1a: Sylveon|Hyper Voice|p2a: Naganadel\n|-damage|p2a: Naganadel|0 fnt\n|faint|p2a: Naganadel\n|\n|upkeep\n|l|\u2606nemoKNV\n|inactive|nemoKNV disconnected and has a minute to reconnect!\n|player|p2|\n|inactive|nemoKNV has 30 seconds to reconnect!\n|inactive|nemoKNV has 20 seconds to reconnect!\n|inactive|nemoKNV has 15 seconds to reconnect!\n|inactive|nemoKNV has 10 seconds to reconnect!\n|inactive|nemoKNV has 5 seconds to reconnect!\n|-message|nemoKNV lost due to inactivity.\n|\n|win|Karp A Darp\n","inputlog":">version 453a3ad56483cc6a5c08448f6577d394b68621b7\n>start {\"formatid\":\"gen8unratedrandombattle\",\"seed\":[35349,47001,22292,55107]}\n>player p1 {\"name\":\"Karp A Darp\",\"avatar\":\"olivia\",\"rating\":0,\"seed\":[45929,51213,50729,26258]}\n>player p2 {\"name\":\"nemoKNV\",\"avatar\":\"pokemonranger-gen4\",\"rating\":0,\"seed\":[26128,28899,36938,3214]}\n>p1 move encore\n>p2 move knockoff\n>p1 move stickyweb\n>p2 switch 2\n>p1 move encore\n>p2 move shellsmash\n>p1 move knockoff\n>p2 move shadowball dynamax\n>p1 switch 3\n>p1 switch 4\n>p2 move shadowball dynamax\n>p1 move wish\n>p2 move gigadrain dynamax\n>p1 move protect\n>p2 move storedpower\n>p1 move toxic\n>p2 move storedpower\n>p1 move protect\n>p2 move shellsmash\n>p1 move knockoff\n>p2 move gigadrain\n>p1 switch 6\n>p1 move hypervoice\n>p2 move shadowball\n>p2 switch 4\n>p1 switch 2\n>p2 move shadowball\n>p1 move scald\n>p2 move shadowball\n>p1 switch 4\n>p1 move psyshock dynamax\n>p2 move shadowball\n>p2 switch 6\n>p1 move psyshock dynamax\n>p2 move darkestlariat\n>p1 move psyshock dynamax\n>p2 move darkestlariat\n>p1 switch 2\n>p1 move wish\n>p2 move darkestlariat\n>p1 move protect\n>p2 move darkestlariat\n>p1 move wish\n>p2 switch 3\n>p1 switch 5\n>p2 move sludgewave\n>p1 move sleeppowder\n>p2 move fireblast\n>p1 switch 5\n>p2 switch 3\n>p1 move hypervoice\n>p2 move doubleedge\n>p2 switch 2\n>p1 move hypervoice\n>p2 move knockoff\n>p2 switch 3\n>p1 move hypervoice\n>p2 move sludgewave\n>p1 move hypervoice\n>p2 move sludgewave\n>forcelose p2","uploadtime":1668037012,"views":2,"p1id":"karpadarp","p2id":"nemoknv","formatid":"gen8unratedrandombattle","rating":0,"private":0,"password":null}