{"id":"gen8randombattle-1685250165","p1":"MinecraftUprising","p2":"jgrytstser","format":"gen8randombattle","log":"|j|\u2606MinecraftUprising\n|j|\u2606jgrytstser\n|t:|1665712081\n|gametype|singles\n|player|p1|MinecraftUprising|guzma|1041\n|player|p2|jgrytstser|harlequin|1000\n|teamsize|p1|6\n|teamsize|p2|6\n|gen|8\n|tier|[Gen 8] Random Battle\n|rated|\n|rule|Species Clause: Limit one of each Pok\u00e9mon\n|rule|HP Percentage Mod: HP is shown in percentages\n|rule|Sleep Clause Mod: Limit one foe put to sleep\n|\n|t:|1665712081\n|start\n|switch|p1a: Kabutops|Kabutops, L82, F|233\/233\n|switch|p2a: Dugtrio|Dugtrio, L82, F|192\/192\n|turn|1\n|\n|t:|1665712092\n|move|p2a: Dugtrio|Earthquake|p1a: Kabutops\n|-supereffective|p1a: Kabutops\n|-damage|p1a: Kabutops|0 fnt\n|faint|p1a: Kabutops\n|\n|upkeep\n|\n|t:|1665712103\n|switch|p1a: Diggersby|Diggersby, L80, F|267\/267\n|turn|2\n|\n|t:|1665712111\n|move|p1a: Diggersby|Quick Attack|p2a: Dugtrio\n|-damage|p2a: Dugtrio|87\/192\n|-damage|p1a: Diggersby|241\/267|[from] item: Life Orb\n|move|p2a: Dugtrio|Earthquake|p1a: Diggersby\n|-damage|p1a: Diggersby|60\/267\n|\n|upkeep\n|turn|3\n|\n|t:|1665712129\n|switch|p2a: Tapu Bulu|Tapu Bulu, L82|249\/249\n|-fieldstart|move: Grassy Terrain|[from] ability: Grassy Surge|[of] p2a: Tapu Bulu\n|move|p1a: Diggersby|Quick Attack|p2a: Tapu Bulu\n|-damage|p2a: Tapu Bulu|194\/249\n|-damage|p1a: Diggersby|34\/267|[from] item: Life Orb\n|\n|-heal|p1a: Diggersby|50\/267|[from] Grassy Terrain\n|-heal|p2a: Tapu Bulu|209\/249|[from] Grassy Terrain\n|upkeep\n|turn|4\n|\n|t:|1665712134\n|move|p1a: Diggersby|Swords Dance|p1a: Diggersby\n|-boost|p1a: Diggersby|atk|2\n|move|p2a: Tapu Bulu|Horn Leech|p1a: Diggersby\n|-supereffective|p1a: Diggersby\n|-crit|p1a: Diggersby\n|-damage|p1a: Diggersby|0 fnt\n|-heal|p2a: Tapu Bulu|234\/249|[from] drain|[of] p1a: Diggersby\n|faint|p1a: Diggersby\n|-damage|p2a: Tapu Bulu|210\/249|[from] item: Life Orb\n|\n|-heal|p2a: Tapu Bulu|225\/249|[from] Grassy Terrain\n|upkeep\n|\n|t:|1665712138\n|switch|p1a: Blaziken|Blaziken, L76, M|247\/247\n|turn|5\n|\n|t:|1665712143\n|move|p2a: Tapu Bulu|Stone Edge|p1a: Blaziken\n|-damage|p1a: Blaziken|104\/247\n|-damage|p2a: Tapu Bulu|201\/249|[from] item: Life Orb\n|move|p1a: Blaziken|Swords Dance|p1a: Blaziken\n|-boost|p1a: Blaziken|atk|2\n|\n|-heal|p2a: Tapu Bulu|216\/249|[from] Grassy Terrain\n|-heal|p1a: Blaziken|119\/247|[from] Grassy Terrain\n|-ability|p1a: Blaziken|Speed Boost|boost\n|-boost|p1a: Blaziken|spe|1\n|upkeep\n|turn|6\n|\n|t:|1665712150\n|switch|p2a: Lanturn|Lanturn, L86, F|355\/355\n|-start|p1a: Blaziken|Dynamax|\n|-heal|p1a: Blaziken|238\/494|[silent]\n|move|p1a: Blaziken|Max Flare|p2a: Lanturn\n|-resisted|p2a: Lanturn\n|-crit|p2a: Lanturn\n|-damage|p2a: Lanturn|0 fnt\n|-weather|SunnyDay\n|faint|p2a: Lanturn\n|-damage|p1a: Blaziken|214\/494|[from] item: Life Orb\n|\n|-weather|SunnyDay|[upkeep]\n|-heal|p1a: Blaziken|229\/494|[from] Grassy Terrain\n|-ability|p1a: Blaziken|Speed Boost|boost\n|-boost|p1a: Blaziken|spe|1\n|upkeep\n|\n|t:|1665712163\n|switch|p2a: Reuniclus|Reuniclus, L84, M|322\/322\n|turn|7\n|\n|t:|1665712166\n|move|p1a: Blaziken|Max Darkness|p2a: Reuniclus\n|-supereffective|p2a: Reuniclus\n|-damage|p2a: Reuniclus|0 fnt\n|faint|p2a: Reuniclus\n|-damage|p1a: Blaziken|205\/494|[from] item: Life Orb\n|\n|-weather|SunnyDay|[upkeep]\n|-heal|p1a: Blaziken|220\/494|[from] Grassy Terrain\n|-fieldend|move: Grassy Terrain\n|-ability|p1a: Blaziken|Speed Boost|boost\n|-boost|p1a: Blaziken|spe|1\n|upkeep\n|\n|t:|1665712173\n|switch|p2a: Dugtrio|Dugtrio, L82, F|87\/192\n|turn|8\n|\n|t:|1665712177\n|move|p1a: Blaziken|Max Darkness|p2a: Dugtrio\n|-damage|p2a: Dugtrio|0 fnt\n|faint|p2a: Dugtrio\n|-damage|p1a: Blaziken|196\/494|[from] item: Life Orb\n|\n|-weather|SunnyDay|[upkeep]\n|-ability|p1a: Blaziken|Speed Boost|boost\n|-boost|p1a: Blaziken|spe|1\n|upkeep\n|\n|t:|1665712182\n|switch|p2a: Entei|Entei, L78|307\/307\n|-end|p1a: Blaziken|Dynamax\n|-heal|p1a: Blaziken|98\/247|[silent]\n|turn|9\n|\n|t:|1665712185\n|move|p2a: Entei|Extreme Speed|p1a: Blaziken\n|-damage|p1a: Blaziken|0 fnt\n|faint|p1a: Blaziken\n|\n|-weather|SunnyDay|[upkeep]\n|upkeep\n|\n|t:|1665712190\n|switch|p1a: Hitmonlee|Hitmonlee, L84, M|221\/221\n|turn|10\n|\n|t:|1665712194\n|move|p2a: Entei|Extreme Speed|p1a: Hitmonlee\n|-damage|p1a: Hitmonlee|102\/221\n|move|p1a: Hitmonlee|Stone Edge|p2a: Entei\n|-supereffective|p2a: Entei\n|-damage|p2a: Entei|131\/307\n|\n|-weather|none\n|upkeep\n|turn|11\n|\n|t:|1665712200\n|move|p2a: Entei|Extreme Speed|p1a: Hitmonlee\n|-damage|p1a: Hitmonlee|0 fnt\n|faint|p1a: Hitmonlee\n|\n|upkeep\n|\n|t:|1665712203\n|switch|p1a: Zeraora|Zeraora, L76|259\/259\n|turn|12\n|\n|t:|1665712205\n|switch|p2a: Tapu Bulu|Tapu Bulu, L82|216\/249\n|-fieldstart|move: Grassy Terrain|[from] ability: Grassy Surge|[of] p2a: Tapu Bulu\n|move|p1a: Zeraora|Plasma Fists|p2a: Tapu Bulu\n|-resisted|p2a: Tapu Bulu\n|-damage|p2a: Tapu Bulu|174\/249\n|-fieldactivate|move: Ion Deluge\n|-hint|Normal-type moves become Electric-type after using Plasma Fists.\n|\n|-heal|p2a: Tapu Bulu|189\/249|[from] Grassy Terrain\n|upkeep\n|turn|13\n|\n|t:|1665712217\n|move|p1a: Zeraora|Volt Switch|p2a: Tapu Bulu\n|-resisted|p2a: Tapu Bulu\n|-damage|p2a: Tapu Bulu|160\/249\n|\n|t:|1665712219\n|switch|p1a: Weezing|Weezing-Galar, L86, M|252\/252\n|-ability|p1a: Weezing|Neutralizing Gas\n|move|p2a: Tapu Bulu|Horn Leech|p1a: Weezing\n|-resisted|p1a: Weezing\n|-damage|p1a: Weezing|196\/252\n|-heal|p2a: Tapu Bulu|188\/249|[from] drain|[of] p1a: Weezing\n|-damage|p2a: Tapu Bulu|164\/249|[from] item: Life Orb\n|\n|-heal|p2a: Tapu Bulu|179\/249|[from] Grassy Terrain\n|-heal|p1a: Weezing|211\/252|[from] Grassy Terrain\n|-heal|p1a: Weezing|226\/252|[from] item: Black Sludge\n|upkeep\n|turn|14\n|\n|t:|1665712223\n|switch|p2a: Drampa|Drampa, L86, F|274\/274\n|move|p1a: Weezing|Strange Steam|p2a: Drampa\n|-supereffective|p2a: Drampa\n|-damage|p2a: Drampa|86\/274\n|-start|p2a: Drampa|confusion\n|\n|-heal|p1a: Weezing|241\/252|[from] Grassy Terrain\n|-heal|p1a: Weezing|252\/252|[from] item: Black Sludge\n|-heal|p2a: Drampa|103\/274|[from] Grassy Terrain\n|-heal|p2a: Drampa|120\/274|[from] item: Leftovers\n|upkeep\n|turn|15\n|\n|t:|1665712230\n|move|p1a: Weezing|Strange Steam|p2a: Drampa\n|-supereffective|p2a: Drampa\n|-damage|p2a: Drampa|0 fnt\n|faint|p2a: Drampa\n|\n|upkeep\n|\n|t:|1665712232\n|switch|p2a: Entei|Entei, L78|131\/307\n|turn|16\n|\n|t:|1665712240\n|-end|p1a: Weezing|ability: Neutralizing Gas\n|switch|p1a: Zeraora|Zeraora, L76|259\/259\n|-start|p2a: Entei|Dynamax|\n|-heal|p2a: Entei|262\/614|[silent]\n|move|p2a: Entei|Max Flare|p1a: Zeraora\n|-damage|p1a: Zeraora|61\/259\n|-weather|SunnyDay\n|\n|-weather|SunnyDay|[upkeep]\n|-heal|p1a: Zeraora|77\/259|[from] Grassy Terrain\n|-heal|p2a: Entei|281\/614|[from] Grassy Terrain\n|-fieldend|move: Grassy Terrain\n|upkeep\n|turn|17\n|\n|t:|1665712244\n|move|p1a: Zeraora|Plasma Fists|p2a: Entei\n|-damage|p2a: Entei|166\/614\n|-fieldactivate|move: Ion Deluge\n|-hint|Normal-type moves become Electric-type after using Plasma Fists.\n|move|p2a: Entei|Max Flare|p1a: Zeraora\n|-damage|p1a: Zeraora|0 fnt\n|faint|p1a: Zeraora\n|\n|-weather|SunnyDay|[upkeep]\n|upkeep\n|\n|t:|1665712249\n|switch|p1a: Weezing|Weezing-Galar, L86, M|252\/252\n|-ability|p1a: Weezing|Neutralizing Gas\n|turn|18\n|\n|t:|1665712252\n|move|p2a: Entei|Max Flare|p1a: Weezing\n|-damage|p1a: Weezing|78\/252\n|move|p1a: Weezing|Sludge Bomb|p2a: Entei\n|-damage|p2a: Entei|55\/614\n|\n|-weather|SunnyDay|[upkeep]\n|-heal|p1a: Weezing|93\/252|[from] item: Black Sludge\n|upkeep\n|-end|p2a: Entei|Dynamax\n|-heal|p2a: Entei|28\/307|[silent]\n|turn|19\n|\n|t:|1665712260\n|move|p2a: Entei|Flare Blitz|p1a: Weezing\n|-damage|p1a: Weezing|0 fnt\n|faint|p1a: Weezing\n|-end|p1a: Weezing|ability: Neutralizing Gas\n|-damage|p2a: Entei|0 fnt|[from] Recoil\n|faint|p2a: Entei\n|\n|win|jgrytstser\n|raw|MinecraftUprising's rating: 1041 &rarr; <strong>1023<\/strong><br \/>(-18 for losing)\n|raw|jgrytstser's rating: 1000 &rarr; <strong>1045<\/strong><br \/>(+45 for winning)\n||Ladder isn't responding, score probably updated but might not have (Request timeout).\n","inputlog":">version ee3903879dd92fa0a0bba6303065983b970e844a\n>start {\"formatid\":\"gen8randombattle\",\"seed\":[49360,34370,51764,9213],\"rated\":\"Rated battle\"}\n>player p1 {\"name\":\"MinecraftUprising\",\"avatar\":\"guzma\",\"rating\":1041,\"seed\":[13524,59229,52894,65147]}\n>player p2 {\"name\":\"jgrytstser\",\"avatar\":\"harlequin\",\"rating\":1000,\"seed\":[30348,19487,14069,45335]}\n>p1 move liquidation\n>p2 move earthquake\n>p1 switch 3\n>p1 move quickattack\n>p2 move earthquake\n>p1 move quickattack\n>p2 switch 6\n>p1 move swordsdance\n>p2 move hornleech\n>p1 switch 6\n>p1 move swordsdance\n>p2 move stoneedge\n>p1 move flareblitz dynamax\n>p2 switch 5\n>p2 switch 4\n>p1 move knockoff dynamax\n>p2 move psychic\n>p2 switch 6\n>p1 move knockoff dynamax\n>p2 move earthquake\n>p2 switch 2\n>p1 move knockoff\n>p2 move extremespeed\n>p1 switch 4\n>p1 move stoneedge\n>p2 move extremespeed\n>p1 move closecombat\n>p2 move extremespeed\n>p1 switch 5\n>p1 move plasmafists\n>p2 switch 5\n>p1 move voltswitch\n>p2 move hornleech\n>p1 switch 2\n>p1 move strangesteam\n>p2 switch 3\n>p1 move strangesteam\n>p2 move fireblast\n>p2 switch 5\n>p1 switch 2\n>p2 move flareblitz dynamax\n>p1 move plasmafists\n>p2 move flareblitz dynamax\n>p1 switch 2\n>p1 move sludgebomb\n>p2 move flareblitz dynamax\n>p1 move sludgebomb\n>p2 move flareblitz","uploadtime":1665712264,"views":5,"p1id":"minecraftuprising","p2id":"jgrytstser","formatid":"gen8randombattle","rating":1023,"private":0,"password":null}