{"id":"gen8randombattle-1142078112","p1":"alphadeltaphi","p2":"heavyisdead","format":"gen8randombattle","log":"|j|\u2606alphadeltaphi\n|j|\u2606heavyisdead\n|player|p1|alphadeltaphi|colress|1358\n|player|p2|heavyisdead|medium|1408\n|teamsize|p1|6\n|teamsize|p2|6\n|gametype|singles\n|gen|8\n|tier|[Gen 8] Random Battle\n|rated|\n|rule|Species Clause: Limit one of each Pok\u00e9mon\n|rule|HP Percentage Mod: HP is shown in percentages\n|rule|Sleep Clause Mod: Limit one foe put to sleep\n|\n|start\n|switch|p1a: Talonflame|Talonflame, L82, M|262\/262\n|switch|p2a: Gourgeist|Gourgeist-Super, L86, M|286\/286\n|-item|p1a: Talonflame|Heavy-Duty Boots|[from] ability: Frisk|[of] p2a: Gourgeist|[identify]\n|turn|1\n|\n|move|p1a: Talonflame|Swords Dance|p1a: Talonflame\n|-boost|p1a: Talonflame|atk|2\n|move|p2a: Gourgeist|Trick Room|p2a: Gourgeist\n|-fieldstart|move: Trick Room|[of] p2a: Gourgeist\n|\n|upkeep\n|turn|2\n|inactive|Battle timer is ON: inactive players will automatically lose when time's up. (requested by alphadeltaphi)\n|\n|-start|p2a: Gourgeist|Dynamax\n|-heal|p2a: Gourgeist|572\/572|[silent]\n|move|p1a: Talonflame|Brave Bird|p2a: Gourgeist\n|-supereffective|p2a: Gourgeist\n|-damage|p2a: Gourgeist|242\/572\n|-damage|p1a: Talonflame|153\/262|[from] Recoil\n|move|p2a: Gourgeist|Max Rockfall|p1a: Talonflame\n|-supereffective|p1a: Talonflame\n|-damage|p1a: Talonflame|0 fnt\n|-weather|Sandstorm\n|-damage|p2a: Gourgeist|214\/572|[from] item: Life Orb\n|faint|p1a: Talonflame\n|\n|-weather|Sandstorm|[upkeep]\n|-damage|p2a: Gourgeist|197\/572|[from] Sandstorm\n|upkeep\n|\n|switch|p1a: Cherrim|Cherrim, L88, F|266\/266\n|turn|3\n|\n|move|p2a: Gourgeist|Max Phantasm|p1a: Cherrim\n|-damage|p1a: Cherrim|44\/266\n|-unboost|p1a: Cherrim|def|1\n|-damage|p2a: Gourgeist|169\/572|[from] item: Life Orb\n|move|p1a: Cherrim|Weather Ball|p2a: Gourgeist\n|-damage|p2a: Gourgeist|68\/572\n|-damage|p1a: Cherrim|18\/266|[from] item: Life Orb\n|\n|-weather|Sandstorm|[upkeep]\n|-damage|p2a: Gourgeist|51\/572|[from] Sandstorm\n|-damage|p1a: Cherrim|2\/266|[from] Sandstorm\n|upkeep\n|turn|4\n|\n|move|p2a: Gourgeist|Max Overgrowth|p1a: Cherrim\n|-resisted|p1a: Cherrim\n|-damage|p1a: Cherrim|0 fnt\n|-fieldstart|move: Grassy Terrain\n|-damage|p2a: Gourgeist|23\/572|[from] item: Life Orb\n|faint|p1a: Cherrim\n|\n|-weather|Sandstorm|[upkeep]\n|-damage|p2a: Gourgeist|6\/572|[from] Sandstorm\n|-heal|p2a: Gourgeist|23\/572|[from] Grassy Terrain\n|-end|p2a: Gourgeist|Dynamax\n|-heal|p2a: Gourgeist|12\/286|[silent]\n|upkeep\n|\n|switch|p1a: Jolteon|Jolteon, L86, F|252\/252\n|turn|5\n|\n|move|p2a: Gourgeist|Power Whip|p1a: Jolteon\n|-damage|p1a: Jolteon|0 fnt\n|-damage|p2a: Gourgeist|0 fnt|[from] item: Life Orb\n|faint|p1a: Jolteon\n|faint|p2a: Gourgeist\n|\n|-weather|Sandstorm|[upkeep]\n|-fieldend|move: Trick Room\n|upkeep\n|\n|switch|p1a: Kommo-o|Kommo-o, L80, M|251\/251\n|switch|p2a: Incineroar|Incineroar, L82, M|290\/290\n|-ability|p2a: Incineroar|Intimidate|boost\n|-unboost|p1a: Kommo-o|atk|1\n|turn|6\n|\n|switch|p1a: Milotic|Milotic, L82, F|290\/290\n|switch|p2a: Alcremie|Alcremie, L86, F|252\/252\n|\n|-weather|none\n|upkeep\n|turn|7\n|\n|move|p1a: Milotic|Scald|p2a: Alcremie\n|-damage|p2a: Alcremie|192\/252\n|-status|p2a: Alcremie|brn\n|move|p2a: Alcremie|Mystical Fire|p1a: Milotic\n|-resisted|p1a: Milotic\n|-crit|p1a: Milotic\n|-damage|p1a: Milotic|239\/290\n|-unboost|p1a: Milotic|spa|1\n|-ability|p1a: Milotic|Competitive\n|-boost|p1a: Milotic|spa|2\n|-damage|p2a: Alcremie|167\/252 brn|[from] item: Life Orb\n|\n|-heal|p1a: Milotic|257\/290|[from] item: Leftovers\n|-heal|p1a: Milotic|275\/290|[from] Grassy Terrain\n|-heal|p2a: Alcremie|182\/252 brn|[from] Grassy Terrain\n|-damage|p2a: Alcremie|167\/252 brn|[from] brn\n|upkeep\n|turn|8\n|\n|move|p1a: Milotic|Scald|p2a: Alcremie\n|-damage|p2a: Alcremie|82\/252 brn\n|move|p2a: Alcremie|Calm Mind|p2a: Alcremie\n|-boost|p2a: Alcremie|spa|1\n|-boost|p2a: Alcremie|spd|1\n|\n|-heal|p1a: Milotic|290\/290|[from] item: Leftovers\n|-heal|p2a: Alcremie|97\/252 brn|[from] Grassy Terrain\n|-fieldend|move: Grassy Terrain\n|-damage|p2a: Alcremie|82\/252 brn|[from] brn\n|upkeep\n|turn|9\n|\n|move|p1a: Milotic|Scald|p2a: Alcremie\n|-damage|p2a: Alcremie|24\/252 brn\n|move|p2a: Alcremie|Psychic|p1a: Milotic\n|-damage|p1a: Milotic|183\/290\n|-damage|p2a: Alcremie|0 fnt|[from] item: Life Orb\n|faint|p2a: Alcremie\n|\n|-heal|p1a: Milotic|201\/290|[from] item: Leftovers\n|upkeep\n|\n|switch|p2a: Darmanitan|Darmanitan-Galar, L76, F|284\/284\n|turn|10\n|inactive|alphadeltaphi has 120 seconds left.\n|inactive|alphadeltaphi has 90 seconds left.\n|inactive|heavyisdead has 120 seconds left.\n|\n|move|p2a: Darmanitan|Belly Drum|p2a: Darmanitan\n|-damage|p2a: Darmanitan|142\/284\n|-setboost|p2a: Darmanitan|atk|6|[from] move: Belly Drum\n|move|p1a: Milotic|Scald|p2a: Darmanitan\n|-damage|p2a: Darmanitan|0 fnt\n|faint|p2a: Darmanitan\n|\n|-heal|p1a: Milotic|219\/290|[from] item: Leftovers\n|upkeep\n|\n|switch|p2a: Braviary|Braviary, L84, M|305\/305\n|turn|11\n|c|\u2606alphadeltaphi|did you not have sub on that set\n|\n|move|p2a: Braviary|Bulk Up|p2a: Braviary\n|-boost|p2a: Braviary|atk|1\n|-boost|p2a: Braviary|def|1\n|move|p1a: Milotic|Ice Beam|p2a: Braviary\n|-supereffective|p2a: Braviary\n|-damage|p2a: Braviary|93\/305\n|\n|-heal|p1a: Milotic|237\/290|[from] item: Leftovers\n|upkeep\n|turn|12\n|inactive|heavyisdead has 120 seconds left.\n|\n|move|p2a: Braviary|Brave Bird|p1a: Milotic\n|-damage|p1a: Milotic|0 fnt\n|-damage|p2a: Braviary|15\/305|[from] Recoil\n|faint|p1a: Milotic\n|\n|upkeep\n|\n|switch|p1a: Cryogonal|Cryogonal, L88|284\/284\n|turn|13\n|\n|move|p1a: Cryogonal|Freeze-Dry|p2a: Braviary\n|-supereffective|p2a: Braviary\n|-damage|p2a: Braviary|0 fnt\n|faint|p2a: Braviary\n|\n|upkeep\n|\n|switch|p2a: Incineroar|Incineroar, L82, M|290\/290\n|-ability|p2a: Incineroar|Intimidate|boost\n|-unboost|p1a: Cryogonal|atk|1\n|turn|14\n|\n|move|p1a: Cryogonal|Toxic|p2a: Incineroar\n|-status|p2a: Incineroar|tox\n|move|p2a: Incineroar|Will-O-Wisp|p1a: Cryogonal\n|-status|p1a: Cryogonal|brn\n|\n|-damage|p1a: Cryogonal|267\/284 brn|[from] brn\n|-damage|p2a: Incineroar|272\/290 tox|[from] psn\n|upkeep\n|turn|15\n|\n|move|p1a: Cryogonal|Freeze-Dry|p2a: Incineroar\n|-resisted|p2a: Incineroar\n|-damage|p2a: Incineroar|233\/290 tox\n|move|p2a: Incineroar|Flare Blitz|p1a: Cryogonal\n|-supereffective|p1a: Cryogonal\n|-damage|p1a: Cryogonal|0 fnt\n|-damage|p2a: Incineroar|145\/290 tox|[from] Recoil\n|faint|p1a: Cryogonal\n|\n|-damage|p2a: Incineroar|109\/290 tox|[from] psn\n|upkeep\n|\n|switch|p1a: Kommo-o|Kommo-o, L80, M|251\/251\n|turn|16\n|\n|move|p1a: Kommo-o|Clanging Scales|p2a: Incineroar\n|-damage|p2a: Incineroar|0 fnt\n|-unboost|p1a: Kommo-o|def|1\n|-enditem|p1a: Kommo-o|Throat Spray\n|-boost|p1a: Kommo-o|spa|1|[from] item: Throat Spray\n|faint|p2a: Incineroar\n|\n|upkeep\n|\n|switch|p2a: Heracross|Heracross, L84, M|272\/272\n|turn|17\n|\n|move|p2a: Heracross|Close Combat|p1a: Kommo-o\n|-damage|p1a: Kommo-o|64\/251\n|-unboost|p2a: Heracross|def|1\n|-unboost|p2a: Heracross|spd|1\n|move|p1a: Kommo-o|Clangorous Soul||[still]\n|-fail|p1a: Kommo-o\n|\n|upkeep\n|turn|18\n|\n|-start|p1a: Kommo-o|Dynamax\n|-heal|p1a: Kommo-o|128\/502|[silent]\n|move|p2a: Heracross|Close Combat|p1a: Kommo-o\n|-damage|p1a: Kommo-o|0 fnt\n|-unboost|p2a: Heracross|def|1\n|-unboost|p2a: Heracross|spd|1\n|faint|p1a: Kommo-o\n|\n|win|heavyisdead\n|c|\u2606heavyisdead|????????????\n|c|\u2606heavyisdead|U COULD HAVE WON\n|c|\u2606alphadeltaphi|lmao\n|c|\u2606alphadeltaphi|how\n|c|\u2606alphadeltaphi|u were scarf bro\n|c|\u2606heavyisdead|no...\n|c|\u2606alphadeltaphi|tf\n|l|\u2606alphadeltaphi\n|c|\u2606heavyisdead|im lefties\n||Ladder (probably) updated, but score could not be retrieved (Request timeout).\n","inputlog":">version af8dfa9035405839caa943c6ac531a95acff3801\n>start {\"formatid\":\"gen8randombattle\",\"seed\":[36892,54080,58674,31333],\"rated\":\"Rated battle\"}\n>player p1 {\"name\":\"alphadeltaphi\",\"avatar\":\"colress\",\"team\":\"\",\"rating\":1358,\"seed\":[19253,36830,14692,2763]}\n>player p2 {\"name\":\"heavyisdead\",\"avatar\":\"medium\",\"team\":\"\",\"rating\":1408,\"seed\":[65515,57752,65171,54396]}\n>p1 move swordsdance\n>p2 move trickroom\n>p1 move bravebird\n>p2 move rockslide dynamax\n>p1 switch 6\n>p1 move weatherball\n>p2 move poltergeist dynamax\n>p1 move sunnyday\n>p2 move powerwhip dynamax\n>p1 switch 3\n>p1 move voltswitch\n>p2 move powerwhip\n>p1 switch 4\n>p2 switch 5\n>p1 switch 2\n>p2 switch 4\n>p1 move scald\n>p2 move mysticalfire\n>p1 move scald\n>p2 move calmmind\n>p1 move scald\n>p2 move psychic\n>p2 switch 3\n>p1 move scald\n>p2 move bellydrum\n>p2 switch 2\n>p1 move icebeam\n>p2 move bulkup\n>p1 move icebeam\n>p2 move bravebird\n>p1 switch 5\n>p1 move freezedry\n>p2 move closecombat\n>p2 switch 4\n>p1 move toxic\n>p2 move willowisp\n>p1 move freezedry\n>p2 move flareblitz\n>p1 switch 2\n>p1 move clangingscales\n>p2 move willowisp\n>p2 switch 6\n>p1 move clangoroussoul\n>p2 move closecombat\n>p1 move clangingscales dynamax\n>p2 move closecombat","uploadtime":1593457033,"views":1,"p1id":"alphadeltaphi","p2id":"heavyisdead","formatid":"gen8randombattle","rating":0,"private":0,"password":null}