{"id":"gen8randombattle-1045797049","p1":"ferromolybdenum","p2":"milanomike","format":"gen8randombattle","log":"|j|\u2606ferromolybdenum\n|j|\u2606milanomike\n|player|p1|ferromolybdenum|1|\n|player|p2|milanomike|265|\n|teamsize|p1|6\n|teamsize|p2|6\n|gametype|singles\n|gen|8\n|tier|[Gen 8] Random Battle\n|rule|Species Clause: Limit one of each Pok\u00e9mon\n|rule|HP Percentage Mod: HP is shown in percentages\n|rule|Sleep Clause Mod: Limit one foe put to sleep\n|\n|start\n|switch|p1a: Lunala|Lunala, L75|329\/329\n|switch|p2a: Alcremie|Alcremie, L84, F|246\/246\n|turn|1\n|c|\u2606milanomike|weak\n|c|\u2606ferromolybdenum|!weak lunala\n|html|<div class=\"infobox\">Lunala (ignoring abilities):<br \/><span class=\"message-effect-weak\">Weaknesses<\/span>: <b>Dark<\/b>, <b>Ghost<\/b><br \/><span class=\"message-effect-resist\">Resistances<\/span>: Poison, Psychic<br \/><span class=\"message-effect-immune\">Immunities<\/span>: Fighting, Normal<\/div>\n|\n|-start|p2a: Alcremie|Dynamax\n|-formechange|p2a: Alcremie|Alcremie-Gmax\n|-heal|p2a: Alcremie|492\/492|[silent]\n|move|p1a: Lunala|Calm Mind|p1a: Lunala\n|-boost|p1a: Lunala|spa|1\n|-boost|p1a: Lunala|spd|1\n|move|p2a: Alcremie|G-Max Finale|p1a: Lunala\n|-damage|p1a: Lunala|280\/329\n|\n|-heal|p1a: Lunala|300\/329|[from] item: Leftovers\n|upkeep\n|turn|2\n|\n|move|p1a: Lunala|Calm Mind|p1a: Lunala\n|-boost|p1a: Lunala|spa|1\n|-boost|p1a: Lunala|spd|1\n|move|p2a: Alcremie|Max Flare|p1a: Lunala\n|-damage|p1a: Lunala|249\/329\n|-weather|SunnyDay\n|\n|-weather|SunnyDay|[upkeep]\n|-heal|p1a: Lunala|269\/329|[from] item: Leftovers\n|upkeep\n|turn|3\n|\n|-end|p2a: Alcremie|Dynamax\n|-formechange|p2a: Alcremie|Alcremie\n|-heal|p2a: Alcremie|246\/246|[silent]\n|switch|p2a: Kingler|Kingler, L84, M|230\/230\n|move|p1a: Lunala|Calm Mind|p1a: Lunala\n|-boost|p1a: Lunala|spa|1\n|-boost|p1a: Lunala|spd|1\n|\n|-weather|SunnyDay|[upkeep]\n|-heal|p1a: Lunala|289\/329|[from] item: Leftovers\n|upkeep\n|turn|4\n|\n|move|p1a: Lunala|Moongeist Beam|p2a: Kingler\n|-damage|p2a: Kingler|0 fnt\n|faint|p2a: Kingler\n|\n|-weather|SunnyDay|[upkeep]\n|-heal|p1a: Lunala|309\/329|[from] item: Leftovers\n|upkeep\n|\n|switch|p2a: Ribombee|Ribombee, L82, M|233\/233\n|turn|5\n|\n|-start|p1a: Lunala|Dynamax\n|-heal|p1a: Lunala|618\/658|[silent]\n|move|p2a: Ribombee|Bug Buzz|p1a: Lunala\n|-damage|p1a: Lunala|584\/658\n|move|p1a: Lunala|Max Phantasm|p2a: Ribombee\n|-damage|p2a: Ribombee|0 fnt\n|faint|p2a: Ribombee\n|\n|-weather|SunnyDay|[upkeep]\n|-heal|p1a: Lunala|604\/658|[from] item: Leftovers\n|upkeep\n|\n|switch|p2a: Rotom|Rotom-Mow, L82|216\/216\n|turn|6\n|\n|move|p1a: Lunala|Max Mindstorm|p2a: Rotom\n|-damage|p2a: Rotom|0 fnt\n|-fieldstart|move: Psychic Terrain\n|faint|p2a: Rotom\n|\n|-weather|none\n|-heal|p1a: Lunala|624\/658|[from] item: Leftovers\n|upkeep\n|\n|switch|p2a: Alcremie|Alcremie, L84, F|246\/246\n|turn|7\n|\n|move|p1a: Lunala|Max Mindstorm|p2a: Alcremie\n|-damage|p2a: Alcremie|0 fnt\n|faint|p2a: Alcremie\n|\n|-heal|p1a: Lunala|644\/658|[from] item: Leftovers\n|-end|p1a: Lunala|Dynamax\n|-heal|p1a: Lunala|322\/329|[silent]\n|upkeep\n|\n|switch|p2a: Shuckle|Shuckle, L84, M|171\/171\n|turn|8\n|\n|switch|p2a: Terrakion|Terrakion, L80|277\/277\n|move|p1a: Lunala|Moongeist Beam|p2a: Terrakion\n|-damage|p2a: Terrakion|9\/277\n|\n|-heal|p1a: Lunala|329\/329|[from] item: Leftovers\n|upkeep\n|turn|9\n|\n|switch|p2a: Shuckle|Shuckle, L84, M|171\/171\n|move|p1a: Lunala|Psychic|p2a: Shuckle\n|-damage|p2a: Shuckle|24\/171\n|\n|-heal|p2a: Shuckle|34\/171|[from] item: Leftovers\n|upkeep\n|turn|10\n|\n|move|p1a: Lunala|Psychic|p2a: Shuckle\n|-damage|p2a: Shuckle|0 fnt\n|faint|p2a: Shuckle\n|\n|-fieldend|move: Psychic Terrain\n|upkeep\n|\n|switch|p2a: Terrakion|Terrakion, L80|9\/277\n|turn|11\n|\n|move|p2a: Terrakion|Earthquake|p1a: Lunala\n|-damage|p1a: Lunala|269\/329\n|-damage|p2a: Terrakion|0 fnt|[from] item: Life Orb\n|faint|p2a: Terrakion\n|\n|win|ferromolybdenum\n|l|\u2606milanomike\n","inputlog":">version 87844488c466a161a600897e56babbe42906b6d1\n>start {\"formatid\":\"gen8randombattle\",\"seed\":[62064,14187,64514,2751]}\n>player p1 {\"name\":\"ferromolybdenum\",\"avatar\":\"1\",\"team\":\"\",\"rating\":0,\"seed\":[12670,53766,57718,37175]}\n>player p2 {\"name\":\"milanomike\",\"avatar\":\"265\",\"team\":\"\",\"rating\":0,\"seed\":[42158,28397,6257,17928]}\n>p1 move calmmind\n>p2 move dazzlinggleam dynamax\n>p1 move calmmind\n>p2 move mysticalfire dynamax\n>p1 move calmmind\n>p2 switch 6\n>p1 move moongeistbeam\n>p2 move liquidation\n>p2 switch 4\n>p1 move moongeistbeam dynamax\n>p2 move bugbuzz\n>p2 switch 3\n>p1 move psychic dynamax\n>p2 move voltswitch\n>p2 switch 6\n>p1 move psychic dynamax\n>p2 move dazzlinggleam\n>p2 switch 5\n>p1 move moongeistbeam\n>p2 switch 2\n>p1 move psychic\n>p2 switch 2\n>p1 move psychic\n>p2 move toxic\n>p2 switch 2\n>p1 move psychic\n>p2 move earthquake","uploadtime":1578950148,"views":3,"p1id":"ferromolybdenum","p2id":"milanomike","formatid":"gen8randombattle","rating":0,"private":0,"password":null}