{"id":"gen8monotyperandombattle-1553273109","p1":"BewearPranay","p2":"cows123p","format":"gen8monotyperandombattle","log":"|j|\u2606BewearPranay\n|j|\u2606cows123p\n|t:|1649946594\n|gametype|singles\n|player|p1|BewearPranay|teamrocket|1514\n|player|p2|cows123p|twins-gen4dp|1497\n|teamsize|p1|6\n|teamsize|p2|6\n|gen|8\n|tier|[Gen 8] Monotype Random Battle\n|rated|\n|rule|Same Type Clause: Pok\u00e9mon in a team must share a type\n|rule|HP Percentage Mod: HP is shown in percentages\n|rule|Sleep Clause Mod: Limit one foe put to sleep\n|\n|t:|1649946594\n|start\n|switch|p1a: Silvally|Silvally-Fire, L84|297\/297\n|switch|p2a: Armaldo|Armaldo, L86, F|269\/269\n|turn|1\n|\n|t:|1649946619\n|move|p1a: Silvally|Iron Head|p2a: Armaldo\n|-supereffective|p2a: Armaldo\n|-damage|p2a: Armaldo|163\/269\n|cant|p2a: Armaldo|flinch\n|\n|upkeep\n|turn|2\n|\n|t:|1649946625\n|move|p1a: Silvally|Iron Head|p2a: Armaldo\n|-supereffective|p2a: Armaldo\n|-damage|p2a: Armaldo|65\/269\n|cant|p2a: Armaldo|flinch\n|\n|upkeep\n|turn|3\n|inactive|Battle timer is ON: inactive players will automatically lose when time's up. (requested by BewearPranay)\n|\n|t:|1649946630\n|switch|p2a: Golisopod|Golisopod, L84, M|263\/263\n|move|p1a: Silvally|Iron Head|p2a: Golisopod\n|-resisted|p2a: Golisopod\n|-damage|p2a: Golisopod|242\/263\n|\n|upkeep\n|turn|4\n|\n|t:|1649946660\n|switch|p1a: Volcanion|Volcanion, L80|259\/259\n|move|p2a: Golisopod|Liquidation|p1a: Volcanion\n|-immune|p1a: Volcanion|[from] ability: Water Absorb\n|\n|upkeep\n|turn|5\n|\n|t:|1649946666\n|move|p1a: Volcanion|Steam Eruption|p2a: Golisopod\n|-resisted|p2a: Golisopod\n|-damage|p2a: Golisopod|174\/263\n|move|p2a: Golisopod|Knock Off|p1a: Volcanion\n|-damage|p1a: Volcanion|190\/259\n|-enditem|p1a: Volcanion|Heavy-Duty Boots|[from] move: Knock Off|[of] p2a: Golisopod\n|\n|upkeep\n|turn|6\n|\n|t:|1649946674\n|move|p1a: Volcanion|Steam Eruption|p2a: Golisopod\n|-resisted|p2a: Golisopod\n|-damage|p2a: Golisopod|102\/263\n|-status|p2a: Golisopod|brn\n|-activate|p2a: Golisopod|ability: Emergency Exit\n|\n|t:|1649946686\n|switch|p2a: Buzzwole|Buzzwole, L77|291\/291\n|\n|upkeep\n|turn|7\n|\n|t:|1649946707\n|move|p2a: Buzzwole|Stone Edge|p1a: Volcanion\n|-supereffective|p1a: Volcanion\n|-damage|p1a: Volcanion|0 fnt\n|faint|p1a: Volcanion\n|-ability|p2a: Buzzwole|Beast Boost|boost\n|-boost|p2a: Buzzwole|atk|1\n|\n|upkeep\n|\n|t:|1649946713\n|switch|p1a: Victini|Victini, L78|283\/283\n|turn|8\n|\n|t:|1649946728\n|switch|p2a: Golisopod|Golisopod, L84, M|102\/263 brn\n|move|p1a: Victini|V-create|p2a: Golisopod\n|-damage|p2a: Golisopod|0 fnt\n|-unboost|p1a: Victini|spe|1\n|-unboost|p1a: Victini|def|1\n|-unboost|p1a: Victini|spd|1\n|faint|p2a: Golisopod\n|\n|upkeep\n|\n|t:|1649946737\n|switch|p2a: Buzzwole|Buzzwole, L77|291\/291\n|turn|9\n|\n|t:|1649946742\n|switch|p1a: Arcanine|Arcanine, L82, M|282\/282\n|move|p2a: Buzzwole|Stone Edge|p1a: Arcanine\n|-supereffective|p1a: Arcanine\n|-damage|p1a: Arcanine|10\/282\n|\n|upkeep\n|turn|10\n|\n|t:|1649946750\n|switch|p2a: Armaldo|Armaldo, L86, F|65\/269\n|move|p1a: Arcanine|Will-O-Wisp|p2a: Armaldo\n|-status|p2a: Armaldo|brn\n|\n|-damage|p2a: Armaldo|49\/269 brn|[from] brn\n|upkeep\n|turn|11\n|\n|t:|1649946757\n|move|p1a: Arcanine|Morning Sun|p1a: Arcanine\n|-heal|p1a: Arcanine|151\/282\n|move|p2a: Armaldo|Stone Edge|p1a: Arcanine|[miss]\n|-miss|p2a: Armaldo|p1a: Arcanine\n|\n|-damage|p2a: Armaldo|33\/269 brn|[from] brn\n|upkeep\n|turn|12\n|\n|t:|1649946765\n|move|p1a: Arcanine|Morning Sun|p1a: Arcanine\n|-heal|p1a: Arcanine|282\/282\n|move|p2a: Armaldo|Stone Edge|p1a: Arcanine\n|-supereffective|p1a: Arcanine\n|-damage|p1a: Arcanine|129\/282\n|\n|-damage|p2a: Armaldo|17\/269 brn|[from] brn\n|upkeep\n|turn|13\n|\n|t:|1649946772\n|move|p1a: Arcanine|Morning Sun|p1a: Arcanine\n|-heal|p1a: Arcanine|270\/282\n|move|p2a: Armaldo|Liquidation|p1a: Arcanine\n|-supereffective|p1a: Arcanine\n|-damage|p1a: Arcanine|182\/282\n|-unboost|p1a: Arcanine|def|1\n|\n|-damage|p2a: Armaldo|1\/269 brn|[from] brn\n|upkeep\n|turn|14\n|\n|t:|1649946787\n|switch|p1a: Silvally|Silvally-Fire, L84|297\/297\n|move|p2a: Armaldo|Liquidation|p1a: Silvally\n|-supereffective|p1a: Silvally\n|-damage|p1a: Silvally|225\/297\n|\n|-damage|p2a: Armaldo|0 fnt|[from] brn\n|faint|p2a: Armaldo\n|upkeep\n|\n|t:|1649946796\n|switch|p2a: Butterfree|Butterfree, L87, M|246\/246\n|turn|15\n|\n|t:|1649946800\n|move|p1a: Silvally|Multi-Attack|p2a: Butterfree\n|-supereffective|p2a: Butterfree\n|-damage|p2a: Butterfree|0 fnt\n|faint|p2a: Butterfree\n|\n|upkeep\n|\n|t:|1649946804\n|switch|p2a: Buzzwole|Buzzwole, L77|291\/291\n|turn|16\n|\n|t:|1649946808\n|-start|p2a: Buzzwole|Dynamax|\n|-heal|p2a: Buzzwole|582\/582|[silent]\n|move|p1a: Silvally|Multi-Attack|p2a: Buzzwole\n|-supereffective|p2a: Buzzwole\n|-crit|p2a: Buzzwole\n|-damage|p2a: Buzzwole|312\/582\n|move|p2a: Buzzwole|Max Airstream|p1a: Silvally\n|-damage|p1a: Silvally|124\/297\n|-boost|p2a: Buzzwole|spe|1\n|\n|upkeep\n|turn|17\n|\n|t:|1649946821\n|move|p2a: Buzzwole|Max Airstream|p1a: Silvally\n|-damage|p1a: Silvally|26\/297\n|-boost|p2a: Buzzwole|spe|1\n|move|p1a: Silvally|Multi-Attack|p2a: Buzzwole\n|-supereffective|p2a: Buzzwole\n|-damage|p2a: Buzzwole|136\/582\n|\n|upkeep\n|turn|18\n|\n|t:|1649946833\n|move|p2a: Buzzwole|Max Knuckle|p1a: Silvally\n|-damage|p1a: Silvally|0 fnt\n|-boost|p2a: Buzzwole|atk|1\n|faint|p1a: Silvally\n|-ability|p2a: Buzzwole|Beast Boost|boost\n|-boost|p2a: Buzzwole|atk|1\n|\n|-end|p2a: Buzzwole|Dynamax\n|-heal|p2a: Buzzwole|68\/291|[silent]\n|upkeep\n|\n|t:|1649946836\n|switch|p1a: Victini|Victini, L78|283\/283\n|turn|19\n|\n|t:|1649946846\n|-start|p1a: Victini|Dynamax|\n|-heal|p1a: Victini|566\/566|[silent]\n|move|p2a: Buzzwole|Darkest Lariat|p1a: Victini\n|-supereffective|p1a: Victini\n|-damage|p1a: Victini|156\/566\n|move|p1a: Victini|Max Flare|p2a: Buzzwole\n|-supereffective|p2a: Buzzwole\n|-damage|p2a: Buzzwole|0 fnt\n|-weather|SunnyDay\n|faint|p2a: Buzzwole\n|\n|-weather|SunnyDay|[upkeep]\n|upkeep\n|\n|t:|1649946858\n|switch|p2a: Shedinja|Shedinja, L88|1\/1\n|turn|20\n|\n|t:|1649946866\n|move|p2a: Shedinja|Shadow Sneak|p1a: Victini\n|-supereffective|p1a: Victini\n|-crit|p1a: Victini\n|-damage|p1a: Victini|28\/566\n|move|p1a: Victini|Max Flare|p2a: Shedinja\n|-supereffective|p2a: Shedinja\n|-damage|p2a: Shedinja|0 fnt\n|faint|p2a: Shedinja\n|\n|-weather|SunnyDay|[upkeep]\n|upkeep\n|c|\u2606BewearPranay|gg\n|\n|t:|1649946875\n|switch|p2a: Pheromosa|Pheromosa, L76|233\/233\n|turn|21\n|\n|t:|1649946901\n|move|p2a: Pheromosa|Close Combat|p1a: Victini\n|-resisted|p1a: Victini\n|-damage|p1a: Victini|0 fnt\n|-unboost|p2a: Pheromosa|def|1\n|-unboost|p2a: Pheromosa|spd|1\n|faint|p1a: Victini\n|-ability|p2a: Pheromosa|Beast Boost|boost\n|-boost|p2a: Pheromosa|spe|1\n|\n|-weather|SunnyDay|[upkeep]\n|upkeep\n|\n|t:|1649946905\n|switch|p1a: Centiskorch|Centiskorch, L84, F|305\/305\n|turn|22\n|\n|t:|1649946911\n|move|p2a: Pheromosa|Close Combat|p1a: Centiskorch\n|-resisted|p1a: Centiskorch\n|-damage|p1a: Centiskorch|176\/305\n|-unboost|p2a: Pheromosa|def|1\n|-unboost|p2a: Pheromosa|spd|1\n|move|p1a: Centiskorch|Fire Lash|p2a: Pheromosa\n|-supereffective|p2a: Pheromosa\n|-damage|p2a: Pheromosa|0 fnt\n|faint|p2a: Pheromosa\n|\n|win|BewearPranay\n|raw|BewearPranay's rating: 1514 &rarr; <strong>1533<\/strong><br \/>(+19 for winning)\n|raw|cows123p's rating: 1497 &rarr; <strong>1478<\/strong><br \/>(-19 for losing)\n|l|\u2606cows123p\n","inputlog":">version 0162639e2be10fee1f1935f037788d778e37d0f7\n>start {\"formatid\":\"gen8monotyperandombattle\",\"seed\":[49495,34642,61447,43347],\"rated\":\"Rated battle\"}\n>player p1 {\"name\":\"BewearPranay\",\"avatar\":\"teamrocket\",\"rating\":1514,\"seed\":[41517,17961,21918,13170]}\n>player p2 {\"name\":\"cows123p\",\"avatar\":\"twins-gen4dp\",\"rating\":1497,\"seed\":[54128,4507,47190,53133]}\n>p1 move ironhead\n>p2 move stoneedge\n>p1 move ironhead\n>p2 move stoneedge\n>p1 move ironhead\n>p2 switch 6\n>p1 switch 3\n>p2 move liquidation\n>p1 move steameruption\n>p2 move knockoff\n>p1 move steameruption\n>p2 move spikes\n>p2 switch 2\n>p1 move steameruption\n>p2 move stoneedge\n>p1 switch 4\n>p1 move vcreate\n>p2 switch 2\n>p2 switch 2\n>p1 switch 2\n>p2 move stoneedge\n>p1 move willowisp\n>p2 switch 6\n>p1 move morningsun\n>p2 move stoneedge\n>p1 move morningsun\n>p2 move stoneedge\n>p1 move morningsun\n>p2 move liquidation\n>p1 switch 3\n>p2 move liquidation\n>p2 switch 3\n>p1 move multiattack\n>p2 move quiverdance\n>p2 switch 6\n>p1 move multiattack\n>p2 move dualwingbeat dynamax\n>p1 move multiattack\n>p2 move dualwingbeat dynamax\n>p1 move multiattack\n>p2 move closecombat dynamax\n>p1 switch 2\n>p1 move vcreate dynamax\n>p2 move darkestlariat\n>p2 switch 4\n>p1 move vcreate dynamax\n>p2 move shadowsneak\n>chat \u2606BewearPranay|gg\n>p2 switch 5\n>p1 move vcreate dynamax\n>p2 move closecombat\n>p1 switch 6\n>p1 move firelash\n>p2 move closecombat","uploadtime":1649946915,"views":3,"p1id":"bewearpranay","p2id":"cows123p","formatid":"gen8monotyperandombattle","rating":1478,"private":0,"password":null}