{"id":"gen8randomdoublesbattle-1562873695","p1":"XDR _ _ ___ 45tzx3","p2":"PedroGreg","format":"gen8randomdoublesbattle","log":"|j|\u2606XDR _ _ ___ 45tzx3\n|j|\u2606PedroGreg\n|inactive|Battle timer is ON: inactive players will automatically lose when time's up.\n|t:|1651105070\n|gametype|doubles\n|player|p1|XDR _ _ ___ 45tzx3|chuck|\n|player|p2|PedroGreg|102|\n|teamsize|p1|6\n|teamsize|p2|6\n|gen|8\n|tier|[Gen 8] Random Doubles Battle\n|rated|Tournament battle\n|rule|Species Clause: Limit one of each Pok\u00e9mon\n|rule|HP Percentage Mod: HP is shown in percentages\n|\n|t:|1651105070\n|start\n|switch|p1a: Cradily|Cradily, L88, M|295\/295\n|switch|p1b: Volcanion|Volcanion, L80|259\/259\n|switch|p2a: Dialga|Dialga, L74|270\/270\n|switch|p2b: Magmortar|Magmortar, L88, M|275\/275\n|turn|1\n|inactive|XDR _ _ ___ 45tzx3 also wants the timer to be on.\n|c|\u2606XDR _ _ ___ 45tzx3|gl\n|c|\u2606PedroGreg|hf\n|j| Satiri1\n|inactive|XDR _ _ ___ 45tzx3 has 120 seconds left.\n|\n|t:|1651105101\n|move|p2b: Magmortar|Protect|p2b: Magmortar\n|-singleturn|p2b: Magmortar|Protect\n|move|p2a: Dialga|Flash Cannon|p1a: Cradily\n|-supereffective|p1a: Cradily\n|-damage|p1a: Cradily|131\/295\n|-enditem|p1a: Cradily|Sitrus Berry|[eat]\n|-heal|p1a: Cradily|204\/295|[from] item: Sitrus Berry\n|move|p1b: Volcanion|Steam Eruption|p1a: Cradily\n|-activate|p1a: Cradily|ability: Storm Drain\n|-ability|p1a: Cradily|Storm Drain|boost\n|-boost|p1a: Cradily|spa|1\n|move|p1a: Cradily|Stealth Rock|p2b: Magmortar\n|-sidestart|p2: PedroGreg|move: Stealth Rock\n|\n|upkeep\n|turn|2\n|inactive|PedroGreg has 120 seconds left.\n|inactive|XDR _ _ ___ 45tzx3 has 120 seconds left.\n|\n|t:|1651105138\n|move|p2b: Magmortar|Thunderbolt|p1b: Volcanion\n|-supereffective|p1b: Volcanion\n|-damage|p1b: Volcanion|38\/259\n|-enditem|p1b: Volcanion|Sitrus Berry|[eat]\n|-heal|p1b: Volcanion|102\/259|[from] item: Sitrus Berry\n|-damage|p2b: Magmortar|248\/275|[from] item: Life Orb\n|move|p2a: Dialga|Flash Cannon|p1a: Cradily\n|-supereffective|p1a: Cradily\n|-damage|p1a: Cradily|48\/295\n|move|p1b: Volcanion|Heat Wave|p2a: Dialga|[spread] p2a,p2b\n|-resisted|p2b: Magmortar\n|-damage|p2a: Dialga|188\/270\n|-damage|p2b: Magmortar|206\/275\n|-status|p2a: Dialga|brn\n|move|p1a: Cradily|Stone Edge|p2b: Magmortar\n|-supereffective|p2b: Magmortar\n|-damage|p2b: Magmortar|0 fnt\n|faint|p2b: Magmortar\n|\n|-damage|p2a: Dialga|172\/270 brn|[from] brn\n|upkeep\n|inactive|PedroGreg has 120 seconds left.\n|\n|t:|1651105163\n|switch|p2b: Tapu Lele|Tapu Lele, L80|243\/243\n|-damage|p2b: Tapu Lele|213\/243|[from] Stealth Rock\n|-fieldstart|move: Psychic Terrain|[from] ability: Psychic Surge|[of] p2b: Tapu Lele\n|turn|3\n|inactive|PedroGreg has 120 seconds left.\n|inactive|XDR _ _ ___ 45tzx3 has 120 seconds left.\n|\n|t:|1651105196\n|move|p2b: Tapu Lele|Psyshock|p1b: Volcanion\n|-damage|p1b: Volcanion|0 fnt\n|faint|p1b: Volcanion\n|-damage|p2b: Tapu Lele|189\/243|[from] item: Life Orb\n|move|p2a: Dialga|Flash Cannon|p1a: Cradily\n|-supereffective|p1a: Cradily\n|-damage|p1a: Cradily|0 fnt\n|faint|p1a: Cradily\n|\n|-damage|p2a: Dialga|156\/270 brn|[from] brn\n|upkeep\n|inactive|XDR _ _ ___ 45tzx3 has 120 seconds left.\n|\n|t:|1651105217\n|switch|p1b: Flygon|Flygon, L86, F|278\/278\n|switch|p1a: Dusclops|Dusclops, L84, M|204\/204\n|-item|p2a: Dialga|Sitrus Berry|[from] ability: Frisk|[of] p1a: Dusclops|[identify]\n|-item|p2b: Tapu Lele|Life Orb|[from] ability: Frisk|[of] p1a: Dusclops|[identify]\n|turn|4\n|\n|t:|1651105239\n|move|p1a: Dusclops|Ally Switch|p1a: Dusclops\n|swap|p1a: Dusclops|1|[from] move: Ally Switch\n|move|p1a: Flygon|Dragon Dance|p1a: Flygon\n|-boost|p1a: Flygon|atk|1\n|-boost|p1a: Flygon|spe|1\n|move|p2b: Tapu Lele|Dazzling Gleam|p1a: Flygon|[spread] p1a,p1b\n|-supereffective|p1a: Flygon\n|-damage|p1a: Flygon|60\/278\n|-damage|p1b: Dusclops|160\/204\n|-enditem|p1a: Flygon|Sitrus Berry|[eat]\n|-heal|p1a: Flygon|129\/278|[from] item: Sitrus Berry\n|-damage|p2b: Tapu Lele|165\/243|[from] item: Life Orb\n|move|p2a: Dialga|Draco Meteor|p1b: Dusclops\n|-damage|p1b: Dusclops|84\/204\n|-unboost|p2a: Dialga|spa|2\n|\n|-damage|p2a: Dialga|140\/270 brn|[from] brn\n|upkeep\n|turn|5\n|inactive|XDR _ _ ___ 45tzx3 has 120 seconds left.\n|\n|t:|1651105284\n|switch|p2b: Talonflame|Talonflame, L86, F|273\/273\n|-damage|p2b: Talonflame|137\/273|[from] Stealth Rock\n|move|p1a: Flygon|Earthquake|p2a: Dialga|[spread] p1b,p2a\n|-immune|p2b: Talonflame\n|-supereffective|p2a: Dialga\n|-damage|p1b: Dusclops|21\/204\n|-damage|p2a: Dialga|0 fnt\n|faint|p2a: Dialga\n|move|p1b: Dusclops|Trick Room|p1b: Dusclops\n|-fieldstart|move: Trick Room|[of] p1b: Dusclops\n|\n|upkeep\n|inactive|PedroGreg has 120 seconds left.\n|\n|t:|1651105300\n|switch|p2a: Nidoqueen|Nidoqueen, L84, F|288\/288\n|-damage|p2a: Nidoqueen|270\/288|[from] Stealth Rock\n|turn|6\n|\n|t:|1651105319\n|move|p1a: Flygon|Protect|p1a: Flygon\n|-singleturn|p1a: Flygon|Protect\n|move|p1b: Dusclops|Night Shade|p2b: Talonflame\n|-damage|p2b: Talonflame|53\/273\n|-enditem|p2b: Talonflame|Sitrus Berry|[eat]\n|-heal|p2b: Talonflame|121\/273|[from] item: Sitrus Berry\n|move|p2a: Nidoqueen|Earth Power|p1b: Dusclops\n|-damage|p1b: Dusclops|0 fnt\n|faint|p1b: Dusclops\n|move|p2b: Talonflame|Brave Bird|p1a: Flygon\n|-activate|p1a: Flygon|move: Protect\n|\n|upkeep\n|\n|t:|1651105332\n|switch|p1b: Beartic|Beartic, L86, M|303\/303\n|turn|7\n|\n|t:|1651105364\n|move|p1b: Beartic|Rock Slide|p2b: Talonflame|[spread] p2a,p2b\n|-resisted|p2a: Nidoqueen\n|-supereffective|p2b: Talonflame\n|-damage|p2a: Nidoqueen|244\/288\n|-damage|p2b: Talonflame|0 fnt\n|faint|p2b: Talonflame\n|move|p2a: Nidoqueen|Sludge Bomb|p1b: Beartic\n|-crit|p1b: Beartic\n|-damage|p1b: Beartic|99\/303\n|-enditem|p1b: Beartic|Sitrus Berry|[eat]\n|-heal|p1b: Beartic|174\/303|[from] item: Sitrus Berry\n|move|p1a: Flygon|Dragon Dance|p1a: Flygon\n|-boost|p1a: Flygon|atk|1\n|-boost|p1a: Flygon|spe|1\n|\n|-fieldend|move: Psychic Terrain\n|upkeep\n|inactive|PedroGreg has 120 seconds left.\n|\n|t:|1651105378\n|switch|p2b: Tapu Lele|Tapu Lele, L80|165\/243\n|-damage|p2b: Tapu Lele|135\/243|[from] Stealth Rock\n|-fieldstart|move: Psychic Terrain|[from] ability: Psychic Surge|[of] p2b: Tapu Lele\n|turn|8\n|inactive|XDR _ _ ___ 45tzx3 has 120 seconds left.\n|\n|t:|1651105414\n|move|p1a: Flygon|Protect|p1a: Flygon\n|-singleturn|p1a: Flygon|Protect\n|move|p1b: Beartic|Icicle Crash|p2b: Tapu Lele\n|-damage|p2b: Tapu Lele|0 fnt\n|faint|p2b: Tapu Lele\n|move|p2a: Nidoqueen|Sludge Bomb|p1b: Beartic\n|-damage|p1b: Beartic|28\/303\n|\n|upkeep\n|\n|t:|1651105423\n|switch|p2b: Xerneas|Xerneas, L70|292\/292\n|-damage|p2b: Xerneas|256\/292|[from] Stealth Rock\n|-ability|p2b: Xerneas|Fairy Aura\n|turn|9\n|\n|t:|1651105437\n|move|p1b: Beartic|Icicle Crash|p2a: Nidoqueen\n|-supereffective|p2a: Nidoqueen\n|-damage|p2a: Nidoqueen|22\/288\n|cant|p2a: Nidoqueen|flinch\n|move|p2b: Xerneas|Geomancy||[still]\n|-prepare|p2b: Xerneas|Geomancy\n|-enditem|p2b: Xerneas|Power Herb\n|-anim|p2b: Xerneas|Geomancy|p2b: Xerneas\n|-boost|p2b: Xerneas|spa|2\n|-boost|p2b: Xerneas|spd|2\n|-boost|p2b: Xerneas|spe|2\n|move|p1a: Flygon|Earthquake|p2a: Nidoqueen|[spread] p1b,p2a,p2b\n|-supereffective|p2a: Nidoqueen\n|-damage|p1b: Beartic|0 fnt\n|-damage|p2a: Nidoqueen|0 fnt\n|-damage|p2b: Xerneas|64\/292\n|faint|p1b: Beartic\n|faint|p2a: Nidoqueen\n|\n|-fieldend|move: Trick Room\n|upkeep\n|c|\u2606XDR _ _ ___ 45tzx3|g\n|c|\u2606XDR _ _ ___ 45tzx3|g\n|inactive|XDR _ _ ___ 45tzx3 has 120 seconds left.\n|c| Satiri1|rapaz\n|inactive|XDR _ _ ___ 45tzx3 has 90 seconds left.\n|\n|t:|1651105498\n|switch|p1b: Diggersby|Diggersby, L86, M|286\/286\n|turn|10\n|c|\u2606PedroGreg|gg\n|c|\u2606XDR _ _ ___ 45tzx3|gg\n|inactive|XDR _ _ ___ 45tzx3 has 90 seconds left.\n|\n|t:|1651105523\n|-start|p1a: Flygon|Dynamax|\n|-heal|p1a: Flygon|258\/556|[silent]\n|-start|p2b: Xerneas|Dynamax|\n|-heal|p2b: Xerneas|128\/584|[silent]\n|move|p1a: Flygon|Max Quake|p2b: Xerneas\n|-damage|p2b: Xerneas|0 fnt\n|-boost|p1a: Flygon|spd|1\n|-boost|p1b: Diggersby|spd|1\n|faint|p2b: Xerneas\n|\n|win|XDR _ _ ___ 45tzx3\n|n|\u2606XDR _ _ ___ 45tzx3|xdr45tzx3\n|n|\u2606PedroGreg|pedrogreg\n|n| Satiri1|satiri1\n","inputlog":">version 0162639e2be10fee1f1935f037788d778e37d0f7\n>start {\"formatid\":\"gen8randomdoublesbattle\",\"seed\":[31323,8108,32428,24288],\"rated\":\"Tournament battle\"}\n>player p1 {\"name\":\"XDR _ _ ___ 45tzx3\",\"avatar\":\"chuck\",\"rating\":0,\"seed\":[32746,21987,57583,60797]}\n>player p2 {\"name\":\"PedroGreg\",\"avatar\":\"102\",\"rating\":0,\"seed\":[16953,895,61898,4773]}\n>chat \u2606XDR _ _ ___ 45tzx3|gl\n>chat \u2606PedroGreg|hf\n>p1 move stealthrock, move steameruption +2\n>p2 move flashcannon +1, move protect\n>p1 move stoneedge +2, move heatwave\n>p2 move flashcannon +1, move thunderbolt +2\n>p2 pass, switch 5\n>p1 move stringshot, move steameruption +1\n>p2 move flashcannon +1, move psyshock +2\n>p1 switch 6, switch 5\n>p1 move allyswitch, move dragondance\n>p2 move dracometeor +2, move dazzlinggleam\n>p1 move earthquake, move trickroom\n>p2 move dracometeor +1, switch 6\n>p2 switch 3, pass\n>p1 move protect, move nightshade +2\n>p2 move earthpower +2, move bravebird +1\n>p1 pass, switch 3\n>p1 move dragondance, move rockslide\n>p2 move sludgebomb +2, move bravebird +1\n>p2 pass, switch 6\n>p1 move protect, move iciclecrash +2\n>p2 move sludgebomb +2, move dazzlinggleam\n>p2 pass, switch 4\n>p1 move earthquake, move iciclecrash +1\n>p2 move sludgebomb +2, move geomancy\n>chat \u2606XDR _ _ ___ 45tzx3|g\n>chat \u2606XDR _ _ ___ 45tzx3|g\n>chat  Satiri1|rapaz\n>p1 pass, switch 4\n>chat \u2606PedroGreg|gg\n>chat \u2606XDR _ _ ___ 45tzx3|gg\n>p1 move earthquake +2 dynamax, move highhorsepower +2\n>p2 pass, move moonblast +1 dynamax","uploadtime":1651105525,"views":4,"p1id":"xdr45tzx3","p2id":"pedrogreg","formatid":"gen8randomdoublesbattle","rating":0,"private":0,"password":null}