{"id":"gen8randombattle-1177105835","p1":"100% Newbie","p2":"wolfwarrior","format":"gen8randombattle","log":"|j|\u2606100% Newbie\n|j|\u2606wolfwarrior\n|t:|1598640737\n|player|p1|100% Newbie|1|1471\n|player|p2|wolfwarrior|266|1481\n|teamsize|p1|6\n|teamsize|p2|6\n|gametype|singles\n|gen|8\n|tier|[Gen 8] Random Battle\n|rated|\n|rule|Species Clause: Limit one of each Pok\u00e9mon\n|rule|HP Percentage Mod: HP is shown in percentages\n|rule|Sleep Clause Mod: Limit one foe put to sleep\n|\n|t:|1598640737\n|start\n|switch|p1a: Meowstic|Meowstic-F, L88, F|274\/274\n|switch|p2a: Dialga|Dialga, L72|263\/263\n|-ability|p2a: Dialga|Pressure\n|turn|1\n|inactive|Battle timer is ON: inactive players will automatically lose when time's up. (requested by 100% Newbie)\n|\n|t:|1598640756\n|switch|p1a: Persian|Persian-Alola, L86, M|252\/252\n|move|p2a: Dialga|Toxic|p1a: Persian|[miss]\n|-miss|p2a: Dialga|p1a: Persian\n|\n|upkeep\n|turn|2\n|\n|t:|1598640762\n|move|p1a: Persian|Hypnosis|p2a: Dialga\n|-status|p2a: Dialga|slp|[from] move: Hypnosis\n|cant|p2a: Dialga|slp\n|\n|upkeep\n|turn|3\n|c|\u2606wolfwarrior|Lol\n|\n|t:|1598640773\n|move|p1a: Persian|Dark Pulse|p2a: Dialga\n|-damage|p2a: Dialga|156\/263 slp\n|-damage|p1a: Persian|227\/252|[from] item: Life Orb\n|cant|p2a: Dialga|slp\n|\n|-heal|p2a: Dialga|172\/263 slp|[from] item: Leftovers\n|upkeep\n|turn|4\n|\n|t:|1598640776\n|move|p1a: Persian|Dark Pulse|p2a: Dialga\n|-damage|p2a: Dialga|69\/263 slp\n|-damage|p1a: Persian|202\/252|[from] item: Life Orb\n|-curestatus|p2a: Dialga|slp|[msg]\n|move|p2a: Dialga|Toxic|p1a: Persian|[miss]\n|-miss|p2a: Dialga|p1a: Persian\n|\n|-heal|p2a: Dialga|85\/263|[from] item: Leftovers\n|upkeep\n|turn|5\n|\n|t:|1598640788\n|move|p1a: Persian|Dark Pulse|p2a: Dialga\n|-damage|p2a: Dialga|0 fnt\n|-damage|p1a: Persian|177\/252|[from] item: Life Orb\n|faint|p2a: Dialga\n|\n|upkeep\n|\n|t:|1598640794\n|switch|p2a: Moltres|Moltres, L82|282\/282\n|turn|6\n|\n|t:|1598640799\n|move|p1a: Persian|Power Gem|p2a: Moltres\n|-supereffective|p2a: Moltres\n|-damage|p2a: Moltres|6\/282\n|-damage|p1a: Persian|152\/252|[from] item: Life Orb\n|move|p2a: Moltres|Fire Blast|p1a: Persian\n|-damage|p1a: Persian|0 fnt\n|faint|p1a: Persian\n|\n|upkeep\n|\n|t:|1598640814\n|switch|p1a: Tauros|Tauros, L84, M|263\/263\n|turn|7\n|\n|t:|1598640818\n|switch|p2a: Stonjourner|Stonjourner, L88, F|319\/319\n|move|p1a: Tauros|Rock Slide|p2a: Stonjourner\n|-damage|p2a: Stonjourner|261\/319\n|\n|upkeep\n|turn|8\n|\n|t:|1598640830\n|switch|p1a: Rotom|Rotom-Wash, L82|216\/216\n|move|p2a: Stonjourner|Rock Polish|p2a: Stonjourner\n|-boost|p2a: Stonjourner|spe|2\n|\n|upkeep\n|turn|9\n|\n|t:|1598640837\n|-start|p2a: Stonjourner|Dynamax\n|-heal|p2a: Stonjourner|522\/638|[silent]\n|move|p2a: Stonjourner|Max Rockfall|p1a: Rotom\n|-damage|p1a: Rotom|5\/216\n|-weather|Sandstorm\n|-damage|p2a: Stonjourner|491\/638|[from] item: Life Orb\n|move|p1a: Rotom|Will-O-Wisp|p2a: Stonjourner\n|-status|p2a: Stonjourner|brn\n|\n|-weather|Sandstorm|[upkeep]\n|-damage|p1a: Rotom|0 fnt|[from] Sandstorm\n|faint|p1a: Rotom\n|-damage|p2a: Stonjourner|472\/638 brn|[from] brn\n|upkeep\n|\n|t:|1598640855\n|switch|p1a: Tauros|Tauros, L84, M|263\/263\n|turn|10\n|\n|t:|1598640869\n|-start|p1a: Tauros|Dynamax\n|-heal|p1a: Tauros|526\/526|[silent]\n|move|p2a: Stonjourner|Max Rockfall|p1a: Tauros\n|-damage|p1a: Tauros|417\/526\n|-damage|p2a: Stonjourner|441\/638 brn|[from] item: Life Orb\n|move|p1a: Tauros|Max Knuckle|p2a: Stonjourner\n|-supereffective|p2a: Stonjourner\n|-damage|p2a: Stonjourner|314\/638 brn\n|-boost|p1a: Tauros|atk|1\n|-damage|p1a: Tauros|391\/526|[from] item: Life Orb\n|\n|-weather|Sandstorm|[upkeep]\n|-damage|p1a: Tauros|375\/526|[from] Sandstorm\n|-damage|p2a: Stonjourner|295\/638 brn|[from] brn\n|upkeep\n|turn|11\n|inactive|wolfwarrior has 120 seconds left.\n|\n|t:|1598640907\n|move|p2a: Stonjourner|Max Guard|p2a: Stonjourner\n|-singleturn|p2a: Stonjourner|Max Guard\n|move|p1a: Tauros|Max Knuckle|p2a: Stonjourner\n|-activate|p2a: Stonjourner|move: Max Guard\n|\n|-weather|Sandstorm|[upkeep]\n|-damage|p1a: Tauros|359\/526|[from] Sandstorm\n|-damage|p2a: Stonjourner|276\/638 brn|[from] brn\n|-end|p2a: Stonjourner|Dynamax\n|-heal|p2a: Stonjourner|138\/319 brn|[silent]\n|upkeep\n|turn|12\n|inactive|wolfwarrior has 120 seconds left.\n|\n|t:|1598640921\n|move|p2a: Stonjourner|Stone Edge|p1a: Tauros\n|-damage|p1a: Tauros|276\/526\n|-damage|p2a: Stonjourner|107\/319 brn|[from] item: Life Orb\n|move|p1a: Tauros|Max Knuckle|p2a: Stonjourner\n|-supereffective|p2a: Stonjourner\n|-damage|p2a: Stonjourner|0 fnt\n|-boost|p1a: Tauros|atk|1\n|-damage|p1a: Tauros|250\/526|[from] item: Life Orb\n|faint|p2a: Stonjourner\n|\n|-weather|Sandstorm|[upkeep]\n|-damage|p1a: Tauros|234\/526|[from] Sandstorm\n|-end|p1a: Tauros|Dynamax\n|-heal|p1a: Tauros|117\/263|[silent]\n|upkeep\n|\n|t:|1598640934\n|switch|p2a: Toxtricity|Toxtricity-Low-Key, L82, F|257\/257\n|turn|13\n|\n|t:|1598640948\n|switch|p2a: Moltres|Moltres, L82|6\/282\n|move|p1a: Tauros|Body Slam|p2a: Moltres\n|-damage|p2a: Moltres|0 fnt\n|-status|p1a: Tauros|brn|[from] ability: Flame Body|[of] p2a: Moltres\n|faint|p2a: Moltres\n|\n|-weather|none\n|-damage|p1a: Tauros|101\/263 brn|[from] brn\n|upkeep\n|inactive|wolfwarrior has 90 seconds left.\n|\n|t:|1598640981\n|switch|p2a: Reuniclus|Reuniclus, L84, F|322\/322\n|turn|14\n|\n|t:|1598640992\n|move|p1a: Tauros|Throat Chop|p2a: Reuniclus\n|-supereffective|p2a: Reuniclus\n|-damage|p2a: Reuniclus|91\/322\n|move|p2a: Reuniclus|Trick Room|p2a: Reuniclus\n|-fieldstart|move: Trick Room|[of] p2a: Reuniclus\n|\n|-damage|p1a: Tauros|85\/263 brn|[from] brn\n|upkeep\n|turn|15\n|\n|t:|1598641002\n|move|p2a: Reuniclus|Psychic|p1a: Tauros\n|-damage|p1a: Tauros|0 fnt\n|faint|p1a: Tauros\n|\n|upkeep\n|\n|t:|1598641011\n|switch|p1a: Yveltal|Yveltal, L72|300\/300\n|-ability|p1a: Yveltal|Dark Aura\n|turn|16\n|\n|t:|1598641028\n|move|p2a: Reuniclus|Focus Blast|p1a: Yveltal|[miss]\n|-miss|p2a: Reuniclus|p1a: Yveltal\n|move|p1a: Yveltal|Knock Off|p2a: Reuniclus\n|-supereffective|p2a: Reuniclus\n|-damage|p2a: Reuniclus|0 fnt\n|-enditem|p2a: Reuniclus|Life Orb|[from] move: Knock Off|[of] p1a: Yveltal\n|faint|p2a: Reuniclus\n|\n|upkeep\n|inactive|wolfwarrior has 90 seconds left.\n|\n|t:|1598641047\n|switch|p2a: Toxtricity|Toxtricity-Low-Key, L82, F|257\/257\n|turn|17\n|\n|t:|1598641053\n|move|p2a: Toxtricity|Overdrive|p1a: Yveltal\n|-supereffective|p1a: Yveltal\n|-damage|p1a: Yveltal|0 fnt\n|faint|p1a: Yveltal\n|\n|upkeep\n|\n|t:|1598641062\n|switch|p1a: Meowstic|Meowstic-F, L88, F|274\/274\n|turn|18\n|\n|t:|1598641064\n|move|p2a: Toxtricity|Overdrive|p1a: Meowstic\n|-damage|p1a: Meowstic|99\/274\n|move|p1a: Meowstic|Psychic|p2a: Toxtricity\n|-supereffective|p2a: Toxtricity\n|-damage|p2a: Toxtricity|41\/257\n|\n|-fieldend|move: Trick Room\n|upkeep\n|turn|19\n|inactive|wolfwarrior has 120 seconds left.\n|\n|t:|1598641071\n|move|p1a: Meowstic|Psychic|p2a: Toxtricity\n|-supereffective|p2a: Toxtricity\n|-damage|p2a: Toxtricity|0 fnt\n|faint|p2a: Toxtricity\n|\n|upkeep\n|\n|t:|1598641073\n|switch|p2a: Dugtrio|Dugtrio, L82, M|191\/191\n|turn|20\n|c|\u2606wolfwarrior|Gg\n|\n|t:|1598641080\n|move|p2a: Dugtrio|Earthquake|p1a: Meowstic\n|-damage|p1a: Meowstic|0 fnt\n|faint|p1a: Meowstic\n|\n|upkeep\n|\n|t:|1598641083\n|switch|p1a: Archeops|Archeops, L86, F|269\/269\n|turn|21\n|c|\u2606wolfwarrior|Nvm forgot\n|c|\u2606wolfwarrior|thought it was last mon\n|\n|t:|1598641105\n|move|p2a: Dugtrio|Stone Edge|p1a: Archeops\n|-supereffective|p1a: Archeops\n|-damage|p1a: Archeops|109\/269\n|move|p1a: Archeops|Dual Wingbeat|p2a: Dugtrio\n|-damage|p2a: Dugtrio|119\/191\n|-damage|p2a: Dugtrio|55\/191\n|-hitcount|p2a: Dugtrio|2\n|\n|upkeep\n|turn|22\n|\n|t:|1598641113\n|move|p2a: Dugtrio|Stone Edge|p1a: Archeops|[miss]\n|-miss|p2a: Dugtrio|p1a: Archeops\n|move|p1a: Archeops|Dual Wingbeat|p2a: Dugtrio\n|-damage|p2a: Dugtrio|0 fnt\n|-hitcount|p2a: Dugtrio|1\n|faint|p2a: Dugtrio\n|\n|win|100% Newbie\n|l|\u2606wolfwarrior\n","inputlog":">version 965cb43cf2fcb4e712457eb87fed7bf9495ba16d\n>start {\"formatid\":\"gen8randombattle\",\"seed\":[60038,10063,35209,7548],\"rated\":\"Rated battle\"}\n>player p1 {\"name\":\"100% Newbie\",\"avatar\":\"1\",\"team\":\"\",\"rating\":1471,\"seed\":[28470,8288,23989,19876]}\n>player p2 {\"name\":\"wolfwarrior\",\"avatar\":\"266\",\"team\":\"\",\"rating\":1481,\"seed\":[51126,4870,33942,65300]}\n>p1 switch 6\n>p2 move toxic\n>p1 move hypnosis\n>p2 move toxic\n>chat \u2606wolfwarrior|Lol\n>p1 move darkpulse\n>p2 move toxic\n>p1 move darkpulse\n>p2 move toxic\n>p1 move darkpulse\n>p2 move toxic\n>p2 switch 5\n>p1 move powergem\n>p2 move fireblast\n>p1 switch 3\n>p1 move rockslide\n>p2 switch 4\n>p1 switch 2\n>p2 move rockpolish\n>p1 move willowisp\n>p2 move stoneedge dynamax\n>p1 switch 2\n>p1 move closecombat dynamax\n>p2 move stoneedge dynamax\n>p1 move closecombat dynamax\n>p2 move rockpolish dynamax\n>p1 move closecombat dynamax\n>p2 move stoneedge\n>p2 switch 6\n>p1 move bodyslam\n>p2 switch 4\n>p2 switch 2\n>p1 move throatchop\n>p2 move trickroom\n>p1 move throatchop\n>p2 move psychic\n>p1 switch 5\n>p1 move knockoff\n>p2 move focusblast\n>p2 switch 4\n>p1 move knockoff\n>p2 move overdrive\n>p1 switch 6\n>p1 move psychic\n>p2 move overdrive\n>p1 move psychic\n>p2 move overdrive\n>p2 switch 3\n>chat \u2606wolfwarrior|Gg\n>p1 move psychic\n>p2 move earthquake\n>p1 switch 4\n>chat \u2606wolfwarrior|Nvm forgot\n>chat \u2606wolfwarrior|thought it was last mon\n>p1 move dualwingbeat\n>p2 move stoneedge\n>p1 move dualwingbeat\n>p2 move stoneedge","uploadtime":1598641138,"views":3,"p1id":"100newbie","p2id":"wolfwarrior","formatid":"gen8randombattle","rating":0,"private":0,"password":null}