{"id":"gen8randombattle-1706972428","p1":"hhappyduck","p2":"Shadow Oliii","format":"gen8randombattle","log":"|j|\u2606hhappyduck\n|j|\u2606Shadow Oliii\n|t:|1668037733\n|gametype|singles\n|player|p1|hhappyduck|102|1120\n|player|p2|Shadow Oliii|102|1111\n|teamsize|p1|6\n|teamsize|p2|6\n|gen|8\n|tier|[Gen 8] Random Battle\n|rated|\n|rule|Species Clause: Limit one of each Pok\u00e9mon\n|rule|HP Percentage Mod: HP is shown in percentages\n|rule|Sleep Clause Mod: Limit one foe put to sleep\n|\n|t:|1668037733\n|start\n|switch|p1a: Mr. Mime|Mr. Mime-Galar, L86, F|226\/226\n|switch|p2a: Heracross|Heracross, L82, M|265\/265\n|turn|1\n|inactive|Battle timer is ON: inactive players will automatically lose when time's up. (requested by hhappyduck)\n|\n|t:|1668037757\n|move|p1a: Mr. Mime|Psychic|p2a: Heracross\n|-supereffective|p2a: Heracross\n|-crit|p2a: Heracross\n|-damage|p2a: Heracross|0 fnt\n|faint|p2a: Heracross\n|\n|upkeep\n|inactive|Shadow Oliii has 120 seconds left.\n|\n|t:|1668037796\n|switch|p2a: Escavalier|Escavalier, L84, F|255\/255\n|turn|2\n|inactive|Shadow Oliii has 120 seconds left.\n|\n|t:|1668037822\n|switch|p1a: Cloyster|Cloyster, L80, F|211\/211\n|move|p2a: Escavalier|Megahorn|p1a: Cloyster\n|-damage|p1a: Cloyster|69\/211\n|\n|upkeep\n|turn|3\n|\n|t:|1668037833\n|move|p1a: Cloyster|Hydro Pump|p2a: Escavalier\n|-damage|p2a: Escavalier|176\/255\n|move|p2a: Escavalier|Megahorn|p1a: Cloyster\n|-damage|p1a: Cloyster|0 fnt\n|faint|p1a: Cloyster\n|\n|upkeep\n|\n|t:|1668037838\n|switch|p1a: Eternatus|Eternatus, L69|308\/308\n|-ability|p1a: Eternatus|Pressure\n|turn|4\n|\n|t:|1668037849\n|move|p1a: Eternatus|Flamethrower|p2a: Escavalier\n|-supereffective|p2a: Escavalier\n|-damage|p2a: Escavalier|0 fnt\n|faint|p2a: Escavalier\n|\n|upkeep\n|\n|t:|1668037861\n|switch|p2a: Glastrier|Glastrier, L82|298\/298\n|turn|5\n|\n|t:|1668037875\n|switch|p1a: Mr. Mime|Mr. Mime-Galar, L86, F|226\/226\n|move|p2a: Glastrier|Swords Dance|p2a: Glastrier\n|-boost|p2a: Glastrier|atk|2\n|\n|upkeep\n|turn|6\n|inactive|Shadow Oliii has 90 seconds left.\n|\n|t:|1668037925\n|move|p1a: Mr. Mime|Focus Blast|p2a: Glastrier\n|-supereffective|p2a: Glastrier\n|-damage|p2a: Glastrier|146\/298\n|move|p2a: Glastrier|High Horsepower|p1a: Mr. Mime\n|-damage|p1a: Mr. Mime|96\/226\n|\n|upkeep\n|turn|7\n|inactive|Shadow Oliii has 60 seconds left.\n|\n|t:|1668037941\n|move|p1a: Mr. Mime|Focus Blast|p2a: Glastrier|[miss]\n|-miss|p1a: Mr. Mime|p2a: Glastrier\n|move|p2a: Glastrier|High Horsepower|p1a: Mr. Mime\n|-damage|p1a: Mr. Mime|0 fnt\n|faint|p1a: Mr. Mime\n|-ability|p2a: Glastrier|Chilling Neigh|boost\n|-boost|p2a: Glastrier|atk|1\n|\n|upkeep\n|\n|t:|1668037944\n|switch|p1a: Eternatus|Eternatus, L69|308\/308\n|-ability|p1a: Eternatus|Pressure\n|turn|8\n|\n|t:|1668037958\n|move|p1a: Eternatus|Flamethrower|p2a: Glastrier\n|-supereffective|p2a: Glastrier\n|-damage|p2a: Glastrier|40\/298\n|move|p2a: Glastrier|Icicle Crash|p1a: Eternatus\n|-supereffective|p1a: Eternatus\n|-damage|p1a: Eternatus|0 fnt\n|faint|p1a: Eternatus\n|-ability|p2a: Glastrier|Chilling Neigh|boost\n|-boost|p2a: Glastrier|atk|1\n|\n|upkeep\n|\n|t:|1668037964\n|switch|p1a: Tentacruel|Tentacruel, L84, M|272\/272\n|turn|9\n|inactive|Shadow Oliii has 60 seconds left.\n|\n|t:|1668037996\n|move|p1a: Tentacruel|Scald|p2a: Glastrier\n|-damage|p2a: Glastrier|0 fnt\n|faint|p2a: Glastrier\n|-damage|p1a: Tentacruel|245\/272|[from] item: Life Orb\n|\n|upkeep\n|inactive|Shadow Oliii has 30 seconds left.\n|\n|t:|1668038022\n|switch|p2a: Toxtricity|Toxtricity-Low-Key, L82, M|257\/257\n|turn|10\n|inactive|Shadow Oliii has 30 seconds left.\n|inactive|Shadow Oliii has 20 seconds left.\n|\n|t:|1668038045\n|switch|p1a: Exeggutor|Exeggutor, L86, M|304\/304\n|move|p2a: Toxtricity|Overdrive|p1a: Exeggutor\n|-resisted|p1a: Exeggutor\n|-damage|p1a: Exeggutor|241\/304\n|\n|upkeep\n|turn|11\n|inactive|Shadow Oliii has 30 seconds left this turn.\n|inactive|Shadow Oliii has 20 seconds left.\n|inactive|Shadow Oliii has 15 seconds left.\n|inactive|Shadow Oliii has 10 seconds left.\n|\n|t:|1668038067\n|move|p2a: Toxtricity|Overdrive|p1a: Exeggutor\n|-resisted|p1a: Exeggutor\n|-damage|p1a: Exeggutor|176\/304\n|move|p1a: Exeggutor|Psychic|p2a: Toxtricity\n|-supereffective|p2a: Toxtricity\n|-damage|p2a: Toxtricity|0 fnt\n|faint|p2a: Toxtricity\n|\n|upkeep\n|inactive|Shadow Oliii has 15 seconds left this turn.\n|inactive|Shadow Oliii has 10 seconds left.\n|\n|t:|1668038075\n|switch|p2a: Vileplume|Vileplume, L84, F|263\/263\n|turn|12\n|inactive|Shadow Oliii has 20 seconds left this turn.\n|inactive|Shadow Oliii has 15 seconds left.\n|inactive|Shadow Oliii has 10 seconds left.\n|\n|t:|1668038087\n|-start|p1a: Exeggutor|Dynamax|\n|-heal|p1a: Exeggutor|352\/608|[silent]\n|move|p1a: Exeggutor|Max Mindstorm|p2a: Vileplume\n|-supereffective|p2a: Vileplume\n|-damage|p2a: Vileplume|0 fnt\n|-fieldstart|move: Psychic Terrain\n|faint|p2a: Vileplume\n|\n|upkeep\n|inactive|Shadow Oliii has 15 seconds left this turn.\n|inactive|Shadow Oliii has 10 seconds left.\n|\n|t:|1668038094\n|switch|p2a: Lycanroc|Lycanroc, L80, F|251\/251\n|turn|13\n|inactive|Shadow Oliii has 20 seconds left this turn.\n|inactive|Shadow Oliii has 15 seconds left.\n|inactive|Shadow Oliii has 10 seconds left.\n|\n|t:|1668038108\n|-start|p2a: Lycanroc|Dynamax|\n|-heal|p2a: Lycanroc|502\/502|[silent]\n|move|p2a: Lycanroc|Max Rockfall|p1a: Exeggutor\n|-damage|p1a: Exeggutor|149\/608\n|-weather|Sandstorm\n|-enditem|p1a: Exeggutor|Sitrus Berry|[eat]\n|-heal|p1a: Exeggutor|225\/608|[from] item: Sitrus Berry\n|-damage|p2a: Lycanroc|477\/502|[from] item: Life Orb\n|move|p1a: Exeggutor|Max Overgrowth|p2a: Lycanroc\n|-supereffective|p2a: Lycanroc\n|-damage|p2a: Lycanroc|189\/502\n|-fieldstart|move: Grassy Terrain\n|\n|-weather|Sandstorm|[upkeep]\n|-damage|p1a: Exeggutor|206\/608|[from] Sandstorm\n|-heal|p2a: Lycanroc|204\/502|[from] Grassy Terrain\n|-heal|p1a: Exeggutor|225\/608|[from] Grassy Terrain\n|-item|p1a: Exeggutor|Sitrus Berry|[from] ability: Harvest\n|upkeep\n|-enditem|p1a: Exeggutor|Sitrus Berry|[eat]\n|-heal|p1a: Exeggutor|301\/608|[from] item: Sitrus Berry\n|turn|14\n|inactive|Shadow Oliii has 20 seconds left this turn.\n|inactive|Shadow Oliii has 15 seconds left.\n|inactive|Shadow Oliii has 10 seconds left.\n|inactive|Shadow Oliii has 5 seconds left.\n|-message|Shadow Oliii lost due to inactivity.\n|\n|win|hhappyduck\n|raw|hhappyduck's rating: 1120 &rarr; <strong>1144<\/strong><br \/>(+24 for winning)\n|raw|Shadow Oliii's rating: 1111 &rarr; <strong>1087<\/strong><br \/>(-24 for losing)\n","inputlog":">version 453a3ad56483cc6a5c08448f6577d394b68621b7\n>start {\"formatid\":\"gen8randombattle\",\"seed\":[27198,9668,20431,24630],\"rated\":\"Rated battle\"}\n>player p1 {\"name\":\"hhappyduck\",\"avatar\":\"102\",\"rating\":1120,\"seed\":[12018,35530,40605,7316]}\n>player p2 {\"name\":\"Shadow Oliii\",\"avatar\":\"102\",\"rating\":1111,\"seed\":[17345,45214,15461,13290]}\n>p1 move psychic\n>p2 move knockoff\n>p2 switch 6\n>p1 switch 5\n>p2 move megahorn\n>p1 move hydropump\n>p2 move megahorn\n>p1 switch 2\n>p1 move flamethrower\n>p2 move megahorn\n>p2 switch 4\n>p1 switch 5\n>p2 move swordsdance\n>p1 move focusblast\n>p2 move highhorsepower\n>p1 move focusblast\n>p2 move highhorsepower\n>p1 switch 5\n>p1 move flamethrower\n>p2 move iciclecrash\n>p1 switch 4\n>p1 move scald\n>p2 move iciclecrash\n>p2 switch 2\n>p1 switch 3\n>p2 move overdrive\n>p1 move psychic\n>p2 move overdrive\n>p2 switch 5\n>p1 move psychic dynamax\n>p2 move sleeppowder\n>p2 switch 3\n>p1 move gigadrain dynamax\n>p2 move stoneedge dynamax\n>forcelose p2","uploadtime":1668038130,"views":4,"p1id":"hhappyduck","p2id":"shadowoliii","formatid":"gen8randombattle","rating":1087,"private":0,"password":null}