{"id":"gen8monotyperandombattle-1264559388","p1":"Chickpiee","p2":"Piyush21","format":"gen8monotyperandombattle","log":"|j|\u2606Chickpiee\n|j|\u2606Piyush21\n|j|*PartBot\n|t:|1610967051\n|player|p1|Chickpiee|caitlin|\n|player|p2|Piyush21|red|\n|teamsize|p1|6\n|teamsize|p2|6\n|gametype|singles\n|gen|8\n|tier|[Gen 8] Monotype Random Battle\n|rated|Tournament battle\n|rule|Same Type Clause: Pok\u00e9mon in a team must share a type\n|rule|HP Percentage Mod: HP is shown in percentages\n|rule|Sleep Clause Mod: Limit one foe put to sleep\n|\n|t:|1610967051\n|start\n|switch|p1a: Excadrill|Excadrill, L80, F|307\/307\n|switch|p2a: Heatran|Heatran, L80, M|277\/277\n|-ability|p1a: Excadrill|Mold Breaker\n|turn|1\n|c|*PartBot|G'luck, nerds.\n|l|*PartBot\n|c|\u2606Chickpiee|HF\n|j|%Raj 00\n|inactive|Battle timer is ON: inactive players will automatically lose when time's up. (requested by Chickpiee)\n|c|\u2606Piyush21|Gg lol\n|inactive|Piyush21 has 120 seconds left.\n|\n|t:|1610967115\n|switch|p2a: Aggron|Aggron, L86, F|261\/261\n|-item|p2a: Aggron|Air Balloon\n|move|p1a: Excadrill|Earthquake|p2a: Aggron\n|-immune|p2a: Aggron\n|\n|upkeep\n|turn|2\n|\n|t:|1610967125\n|switch|p1a: Skarmory|Skarmory, L82, F|241\/241\n|move|p2a: Aggron|Rock Polish|p2a: Aggron\n|-boost|p2a: Aggron|spe|2\n|\n|upkeep\n|turn|3\n|j|^YippieDreepy\n|c|^YippieDreepy|oh yh\n|\n|t:|1610967145\n|move|p2a: Aggron|Head Smash|p1a: Skarmory|[miss]\n|-miss|p2a: Aggron|p1a: Skarmory\n|move|p1a: Skarmory|Stealth Rock|p2a: Aggron\n|-sidestart|p2: Piyush21|move: Stealth Rock\n|\n|upkeep\n|turn|4\n|\n|t:|1610967152\n|move|p2a: Aggron|Head Smash|p1a: Skarmory|[miss]\n|-miss|p2a: Aggron|p1a: Skarmory\n|move|p1a: Skarmory|Body Press|p2a: Aggron\n|-supereffective|p2a: Aggron\n|-damage|p2a: Aggron|105\/261\n|-enditem|p2a: Aggron|Air Balloon\n|\n|upkeep\n|turn|5\n|c|\u2606Chickpiee|its blind\n|c|^YippieDreepy|lmao\n|c|\u2606Chickpiee|imma flex\n|c|%Raj 00|Lol\n|\n|t:|1610967182\n|move|p2a: Aggron|Head Smash|p1a: Skarmory\n|-damage|p1a: Skarmory|115\/241\n|move|p1a: Skarmory|Stealth Rock||[still]\n|-fail|p1a: Skarmory\n|\n|-heal|p1a: Skarmory|130\/241|[from] item: Leftovers\n|upkeep\n|turn|6\n|\n|t:|1610967192\n|move|p2a: Aggron|Head Smash|p1a: Skarmory\n|-damage|p1a: Skarmory|9\/241\n|move|p1a: Skarmory|Roost|p1a: Skarmory\n|-heal|p1a: Skarmory|130\/241\n|-singleturn|p1a: Skarmory|move: Roost\n|\n|-heal|p1a: Skarmory|145\/241|[from] item: Leftovers\n|upkeep\n|turn|7\n|j| MagicalXerneas\n|\n|t:|1610967207\n|move|p2a: Aggron|Head Smash|p1a: Skarmory\n|-damage|p1a: Skarmory|19\/241\n|move|p1a: Skarmory|Roost|p1a: Skarmory\n|-heal|p1a: Skarmory|140\/241\n|-singleturn|p1a: Skarmory|move: Roost\n|\n|-heal|p1a: Skarmory|155\/241|[from] item: Leftovers\n|upkeep\n|turn|8\n|\n|t:|1610967211\n|move|p2a: Aggron|Head Smash|p1a: Skarmory|[miss]\n|-miss|p2a: Aggron|p1a: Skarmory\n|move|p1a: Skarmory|Roost|p1a: Skarmory\n|-heal|p1a: Skarmory|241\/241\n|-singleturn|p1a: Skarmory|move: Roost\n|\n|upkeep\n|turn|9\n|inactive|Piyush21 has 120 seconds left.\n|\n|t:|1610967254\n|move|p2a: Aggron|Head Smash|p1a: Skarmory\n|-damage|p1a: Skarmory|115\/241\n|move|p1a: Skarmory|Stealth Rock||[still]\n|-fail|p1a: Skarmory\n|\n|-heal|p1a: Skarmory|130\/241|[from] item: Leftovers\n|upkeep\n|turn|10\n|\n|t:|1610967259\n|move|p2a: Aggron|Head Smash|p1a: Skarmory|[miss]\n|-miss|p2a: Aggron|p1a: Skarmory\n|move|p1a: Skarmory|Roost|p1a: Skarmory\n|-heal|p1a: Skarmory|241\/241\n|-singleturn|p1a: Skarmory|move: Roost\n|\n|upkeep\n|turn|11\n|\n|t:|1610967266\n|switch|p2a: Heatran|Heatran, L80, M|277\/277\n|-damage|p2a: Heatran|243\/277|[from] Stealth Rock\n|move|p1a: Skarmory|Body Press|p2a: Heatran\n|-supereffective|p2a: Heatran\n|-damage|p2a: Heatran|123\/277\n|\n|-heal|p2a: Heatran|140\/277|[from] item: Leftovers\n|upkeep\n|turn|12\n|\n|t:|1610967281\n|move|p2a: Heatran|Lava Plume|p1a: Skarmory\n|-supereffective|p1a: Skarmory\n|-damage|p1a: Skarmory|1\/241\n|move|p1a: Skarmory|Body Press|p2a: Heatran\n|-supereffective|p2a: Heatran\n|-damage|p2a: Heatran|14\/277\n|\n|-heal|p2a: Heatran|31\/277|[from] item: Leftovers\n|-heal|p1a: Skarmory|16\/241|[from] item: Leftovers\n|upkeep\n|turn|13\n|\n|t:|1610967298\n|move|p2a: Heatran|Lava Plume|p1a: Skarmory\n|-supereffective|p1a: Skarmory\n|-damage|p1a: Skarmory|0 fnt\n|faint|p1a: Skarmory\n|\n|-heal|p2a: Heatran|48\/277|[from] item: Leftovers\n|upkeep\n|\n|t:|1610967312\n|switch|p1a: Excadrill|Excadrill, L80, F|307\/307\n|-ability|p1a: Excadrill|Mold Breaker\n|turn|14\n|inactive|Piyush21 has 120 seconds left.\n|\n|t:|1610967353\n|move|p1a: Excadrill|Earthquake|p2a: Heatran\n|-supereffective|p2a: Heatran\n|-crit|p2a: Heatran\n|-damage|p2a: Heatran|0 fnt\n|faint|p2a: Heatran\n|\n|upkeep\n|\n|t:|1610967358\n|switch|p2a: Copperajah|Copperajah, L86, M|350\/350\n|-damage|p2a: Copperajah|329\/350|[from] Stealth Rock\n|turn|15\n|\n|t:|1610967376\n|move|p1a: Excadrill|Earthquake|p2a: Copperajah\n|-supereffective|p2a: Copperajah\n|-damage|p2a: Copperajah|21\/350\n|move|p2a: Copperajah|Earthquake|p1a: Excadrill\n|-supereffective|p1a: Excadrill\n|-damage|p1a: Excadrill|0 fnt\n|faint|p1a: Excadrill\n|\n|upkeep\n|c|^YippieDreepy|uh\n|\n|t:|1610967384\n|switch|p1a: Celesteela|Celesteela, L80|286\/286\n|turn|16\n|\n|t:|1610967396\n|switch|p2a: Aggron|Aggron, L86, F|105\/261\n|-damage|p2a: Aggron|89\/261|[from] Stealth Rock\n|move|p1a: Celesteela|Earthquake|p2a: Aggron\n|-supereffective|p2a: Aggron\n|-damage|p2a: Aggron|0 fnt\n|faint|p2a: Aggron\n|-ability|p1a: Celesteela|Beast Boost|boost\n|-boost|p1a: Celesteela|spa|1\n|\n|upkeep\n|\n|t:|1610967403\n|switch|p2a: Jirachi|Jirachi, L82|298\/298\n|-damage|p2a: Jirachi|280\/298|[from] Stealth Rock\n|turn|17\n|\n|t:|1610967408\n|move|p2a: Jirachi|Fire Punch|p1a: Celesteela\n|-supereffective|p1a: Celesteela\n|-damage|p1a: Celesteela|192\/286\n|move|p1a: Celesteela|Fire Blast|p2a: Jirachi|[miss]\n|-miss|p1a: Celesteela|p2a: Jirachi\n|\n|upkeep\n|turn|18\n|inactive|Piyush21 has 120 seconds left.\n|c|%Raj 00|its half blind\n|c|^YippieDreepy|Ha ha\n|c|^YippieDreepy|Xd\n|c|\u2606Chickpiee|full blind mons\n|c|^YippieDreepy|*XD\n|c|^YippieDreepy|chasma lao koi\n|c|^YippieDreepy|call doctor manner\n|c|^YippieDreepy|now\n|inactive|Piyush21 has 90 seconds left.\n|\n|t:|1610967469\n|-start|p1a: Celesteela|Dynamax\n|-heal|p1a: Celesteela|384\/572|[silent]\n|move|p2a: Jirachi|Fire Punch|p1a: Celesteela\n|-supereffective|p1a: Celesteela\n|-damage|p1a: Celesteela|292\/572\n|-status|p1a: Celesteela|brn\n|move|p1a: Celesteela|Max Flare|p2a: Jirachi\n|-supereffective|p2a: Jirachi\n|-damage|p2a: Jirachi|98\/298\n|-weather|SunnyDay\n|\n|-weather|SunnyDay|[upkeep]\n|-damage|p1a: Celesteela|275\/572 brn|[from] brn\n|upkeep\n|turn|19\n|c|^YippieDreepy|someone\n|inactive|Piyush21 has 90 seconds left.\n|\n|t:|1610967477\n|move|p2a: Jirachi|U-turn|p1a: Celesteela\n|-resisted|p1a: Celesteela\n|-damage|p1a: Celesteela|264\/572 brn\n|\n|t:|1610967479\n|switch|p2a: Copperajah|Copperajah, L86, M|21\/350\n|-damage|p2a: Copperajah|0 fnt|[from] Stealth Rock\n|faint|p2a: Copperajah\n|move|p1a: Celesteela|Max Airstream|p2: Copperajah|[notarget]\n|-fail|p1a: Celesteela\n|\n|-weather|SunnyDay|[upkeep]\n|-damage|p1a: Celesteela|247\/572 brn|[from] brn\n|upkeep\n|\n|t:|1610967484\n|switch|p2a: Dialga|Dialga, L76|277\/277\n|-damage|p2a: Dialga|260\/277|[from] Stealth Rock\n|-ability|p2a: Dialga|Pressure\n|turn|20\n|\n|t:|1610967489\n|-start|p2a: Dialga|Dynamax\n|-heal|p2a: Dialga|520\/554|[silent]\n|move|p2a: Dialga|Max Flare|p1a: Celesteela\n|-supereffective|p1a: Celesteela\n|-damage|p1a: Celesteela|25\/572 brn\n|move|p1a: Celesteela|Max Flare|p2a: Dialga\n|-damage|p2a: Dialga|297\/554\n|\n|-weather|SunnyDay|[upkeep]\n|-heal|p2a: Dialga|314\/554|[from] item: Leftovers\n|-damage|p1a: Celesteela|8\/572 brn|[from] brn\n|-end|p1a: Celesteela|Dynamax\n|-heal|p1a: Celesteela|4\/286 brn|[silent]\n|upkeep\n|turn|21\n|\n|t:|1610967498\n|move|p2a: Dialga|Max Steelspike|p1a: Celesteela\n|-resisted|p1a: Celesteela\n|-damage|p1a: Celesteela|0 fnt\n|-boost|p2a: Dialga|def|1\n|faint|p1a: Celesteela\n|\n|-weather|SunnyDay|[upkeep]\n|-heal|p2a: Dialga|331\/554|[from] item: Leftovers\n|upkeep\n|\n|t:|1610967508\n|switch|p1a: Ferrothorn|Ferrothorn, L80, M|250\/250\n|turn|22\n|inactive|Piyush21 has 120 seconds left.\n|\n|t:|1610967530\n|move|p2a: Dialga|Max Flare|p1a: Ferrothorn\n|-supereffective|p1a: Ferrothorn\n|-damage|p1a: Ferrothorn|0 fnt\n|faint|p1a: Ferrothorn\n|\n|-weather|none\n|-heal|p2a: Dialga|348\/554|[from] item: Leftovers\n|-end|p2a: Dialga|Dynamax\n|-heal|p2a: Dialga|174\/277|[silent]\n|upkeep\n|\n|t:|1610967537\n|switch|p1a: Necrozma|Necrozma-Dusk-Mane, L70|252\/252\n|turn|23\n|\n|t:|1610967542\n|move|p2a: Dialga|Fire Blast|p1a: Necrozma\n|-supereffective|p1a: Necrozma\n|-damage|p1a: Necrozma|104\/252\n|-enditem|p1a: Necrozma|Weakness Policy\n|-boost|p1a: Necrozma|atk|2|[from] item: Weakness Policy\n|-boost|p1a: Necrozma|spa|2|[from] item: Weakness Policy\n|move|p1a: Necrozma|Dragon Dance|p1a: Necrozma\n|-boost|p1a: Necrozma|atk|1\n|-boost|p1a: Necrozma|spe|1\n|\n|-heal|p2a: Dialga|191\/277|[from] item: Leftovers\n|upkeep\n|turn|24\n|\n|t:|1610967552\n|move|p1a: Necrozma|Earthquake|p2a: Dialga\n|-supereffective|p2a: Dialga\n|-crit|p2a: Dialga\n|-damage|p2a: Dialga|0 fnt\n|faint|p2a: Dialga\n|\n|upkeep\n|c|^YippieDreepy|woo\n|c|^YippieDreepy|Agent necro\n|c|\u2606Piyush21|Ah\n|j| AGCL3 Swastik\n|\n|t:|1610967565\n|switch|p2a: Jirachi|Jirachi, L82|98\/298\n|-damage|p2a: Jirachi|80\/298|[from] Stealth Rock\n|turn|25\n|\n|t:|1610967572\n|move|p1a: Necrozma|Earthquake|p2a: Jirachi\n|-supereffective|p2a: Jirachi\n|-damage|p2a: Jirachi|0 fnt\n|faint|p2a: Jirachi\n|\n|upkeep\n|c|\u2606Chickpiee|This is AV rachi right?\n|c| AGCL3 Swastik|NDM the goat of ubers :)\n|c|\u2606Piyush21|Gg\n|c|^YippieDreepy|agent necro op\n|c|\u2606Chickpiee|gg\n|-message|Piyush21 forfeited.\n|\n|win|Chickpiee\n|n|\u2606Chickpiee|chickpiee\n|n|\u2606Piyush21|piyush21\n|n| Raj 00|raj00\n|n| YippieDreepy|yippiedreepy\n|n| MagicalXerneas|magicalxerneas\n|n| AGCL3 Swastik|agcl3swastik\n|l|\u2606Piyush21\n|l| Raj 00\n","inputlog":">version b9c6620ebd6933dd242f570256ab847c30b67e54\n>start {\"formatid\":\"gen8monotyperandombattle\",\"seed\":[26417,57048,52179,48382],\"rated\":\"Tournament battle\"}\n>player p1 {\"name\":\"Chickpiee\",\"avatar\":\"caitlin\",\"team\":\"\",\"rating\":0,\"seed\":[58366,38997,35319,15728]}\n>player p2 {\"name\":\"Piyush21\",\"avatar\":\"red\",\"team\":\"\",\"rating\":0,\"seed\":[19203,55144,63309,49534]}\n>chat *PartBot|G'luck, nerds.\n>chat \u2606Chickpiee|HF\n>chat \u2606Piyush21|Gg lol\n>p1 move earthquake\n>p2 switch 2\n>p1 switch 3\n>p2 move rockpolish\n>chat ^YippieDreepy|oh yh\n>p1 move stealthrock\n>p2 move headsmash\n>p1 move bodypress\n>p2 move headsmash\n>chat \u2606Chickpiee|its blind\n>chat ^YippieDreepy|lmao\n>chat \u2606Chickpiee|imma flex\n>chat %Raj 00|Lol\n>p1 move stealthrock\n>p2 move headsmash\n>p1 move roost\n>p2 move headsmash\n>p1 move roost\n>p2 move headsmash\n>p1 move roost\n>p2 move headsmash\n>p1 move stealthrock\n>p2 move headsmash\n>p1 move roost\n>p2 move headsmash\n>p1 move bodypress\n>p2 switch 2\n>p1 move bodypress\n>p2 move lavaplume\n>p1 move bodypress\n>p2 move lavaplume\n>p1 switch 3\n>p1 move earthquake\n>p2 move lavaplume\n>p2 switch 4\n>p1 move earthquake\n>p2 move earthquake\n>chat ^YippieDreepy|uh\n>p1 switch 5\n>p1 move earthquake\n>p2 switch 2\n>p2 switch 5\n>p1 move fireblast\n>p2 move firepunch\n>chat %Raj 00|its half blind\n>chat ^YippieDreepy|Ha ha \n>chat ^YippieDreepy|Xd\n>chat \u2606Chickpiee|full blind mons\n>chat ^YippieDreepy|*XD\n>chat ^YippieDreepy|chasma lao koi\n>chat ^YippieDreepy|call doctor manner\n>chat ^YippieDreepy|now\n>p1 move fireblast dynamax\n>p2 move firepunch\n>chat ^YippieDreepy|someone \n>p1 move airslash dynamax\n>p2 move uturn\n>p2 switch 2\n>p2 switch 6\n>p1 move fireblast dynamax\n>p2 move fireblast dynamax\n>p1 move fireblast\n>p2 move flashcannon dynamax\n>p1 switch 6\n>p1 move leechseed\n>p2 move fireblast dynamax\n>p1 switch 2\n>p1 move dragondance\n>p2 move fireblast\n>p1 move earthquake\n>p2 move fireblast\n>chat ^YippieDreepy|woo\n>chat ^YippieDreepy|Agent necro \n>chat \u2606Piyush21|Ah\n>p2 switch 2\n>p1 move earthquake\n>p2 move ironhead\n>chat \u2606Chickpiee|This is AV rachi right?\n>chat  AGCL3 Swastik|NDM the goat of ubers :)\n>chat \u2606Piyush21|Gg\n>chat ^YippieDreepy|agent necro op\n>chat \u2606Chickpiee|gg","uploadtime":1610967590,"views":18,"p1id":"chickpiee","p2id":"piyush21","formatid":"gen8monotyperandombattle","rating":0,"private":0,"password":null}