{"id":"gen8randombattle-1706960711","p1":"NoahThePokeMan","p2":"Omega Tyson","format":"gen8randombattle","log":"|j|\u2606NoahThePokeMan\n|j|\u2606Omega Tyson\n|t:|1668036569\n|gametype|singles\n|player|p1|NoahThePokeMan|roughneck|\n|player|p2|Omega Tyson|lance|\n|teamsize|p1|6\n|teamsize|p2|6\n|gen|8\n|tier|[Gen 8] Random Battle\n|rule|Species Clause: Limit one of each Pok\u00e9mon\n|rule|HP Percentage Mod: HP is shown in percentages\n|rule|Sleep Clause Mod: Limit one foe put to sleep\n|\n|t:|1668036569\n|start\n|switch|p1a: Palkia|Palkia, L74|255\/255\n|switch|p2a: Mewtwo|Mewtwo, L72|272\/272\n|-ability|p2a: Mewtwo|Unnerve\n|-ability|p1a: Palkia|Pressure\n|turn|1\n|c|\u2606Omega Tyson|HOLY SHIT\n|\n|t:|1668036621\n|move|p2a: Mewtwo|Shadow Ball|p1a: Palkia\n|-damage|p1a: Palkia|189\/255\n|-unboost|p1a: Palkia|spd|1\n|-damage|p2a: Mewtwo|245\/272|[from] item: Life Orb\n|move|p1a: Palkia|Draco Meteor|p2a: Mewtwo\n|-damage|p2a: Mewtwo|31\/272\n|-unboost|p1a: Palkia|spa|2\n|\n|upkeep\n|turn|2\n|\n|t:|1668036639\n|move|p2a: Mewtwo|Recover|p2a: Mewtwo\n|-heal|p2a: Mewtwo|167\/272\n|move|p1a: Palkia|Hydro Pump|p2a: Mewtwo|[miss]\n|-miss|p1a: Palkia|p2a: Mewtwo\n|\n|upkeep\n|turn|3\n|\n|t:|1668036647\n|move|p2a: Mewtwo|Psystrike|p1a: Palkia\n|-damage|p1a: Palkia|32\/255\n|-damage|p2a: Mewtwo|140\/272|[from] item: Life Orb\n|move|p1a: Palkia|Draco Meteor|p2a: Mewtwo\n|-damage|p2a: Mewtwo|41\/272\n|-unboost|p1a: Palkia|spa|2\n|\n|upkeep\n|turn|4\n|\n|t:|1668036657\n|move|p2a: Mewtwo|Recover|p2a: Mewtwo\n|-heal|p2a: Mewtwo|177\/272\n|move|p1a: Palkia|Draco Meteor|p2a: Mewtwo\n|-damage|p2a: Mewtwo|108\/272\n|-unboost|p1a: Palkia|spa|2\n|\n|upkeep\n|turn|5\n|\n|t:|1668036666\n|move|p2a: Mewtwo|Recover|p2a: Mewtwo\n|-heal|p2a: Mewtwo|244\/272\n|move|p1a: Palkia|Draco Meteor|p2a: Mewtwo\n|-damage|p2a: Mewtwo|192\/272\n|\n|upkeep\n|turn|6\n|\n|t:|1668036673\n|move|p2a: Mewtwo|Recover|p2a: Mewtwo\n|-heal|p2a: Mewtwo|272\/272\n|move|p1a: Palkia|Fire Blast|p2a: Mewtwo\n|-damage|p2a: Mewtwo|247\/272\n|\n|upkeep\n|turn|7\n|\n|t:|1668036681\n|move|p2a: Mewtwo|Shadow Ball|p1a: Palkia\n|-damage|p1a: Palkia|0 fnt\n|faint|p1a: Palkia\n|-damage|p2a: Mewtwo|220\/272|[from] item: Life Orb\n|\n|upkeep\n|\n|t:|1668036690\n|switch|p1a: Mew|Mew, L80|227\/227\n|turn|8\n|c|\u2606Omega Tyson|HEY YO\n|c|\u2606NoahThePokeMan|Yeah bitch fight the OH\n|c|\u2606NoahThePokeMan|*OG\n|\n|t:|1668036728\n|move|p2a: Mewtwo|Shadow Ball|p1a: Mew\n|-resisted|p1a: Mew\n|-damage|p1a: Mew|174\/227\n|replace|p1a: Zoroark|Zoroark, L80, F\n|-end|p1a: Zoroark|Illusion\n|-damage|p2a: Mewtwo|193\/272|[from] item: Life Orb\n|move|p1a: Zoroark|Dark Pulse|p2a: Mewtwo\n|-supereffective|p2a: Mewtwo\n|-damage|p2a: Mewtwo|0 fnt\n|faint|p2a: Mewtwo\n|-damage|p1a: Zoroark|152\/227|[from] item: Life Orb\n|\n|upkeep\n|c|\u2606Omega Tyson|MF\n|c|\u2606NoahThePokeMan|YEAH GET DUPED\n|\n|t:|1668036745\n|switch|p2a: Gallade|Gallade, L82, M|246\/246\n|turn|9\n|\n|t:|1668036768\n|move|p1a: Zoroark|Dark Pulse|p2a: Gallade\n|-damage|p2a: Gallade|149\/246\n|-ability|p2a: Gallade|Justified|boost\n|-boost|p2a: Gallade|atk|1\n|-damage|p1a: Zoroark|130\/227|[from] item: Life Orb\n|cant|p2a: Gallade|flinch\n|\n|upkeep\n|turn|10\n|\n|t:|1668036780\n|move|p1a: Zoroark|Dark Pulse|p2a: Gallade\n|-damage|p2a: Gallade|52\/246\n|-ability|p2a: Gallade|Justified|boost\n|-boost|p2a: Gallade|atk|1\n|-damage|p1a: Zoroark|108\/227|[from] item: Life Orb\n|move|p2a: Gallade|Close Combat|p1a: Zoroark\n|-supereffective|p1a: Zoroark\n|-damage|p1a: Zoroark|0 fnt\n|-unboost|p2a: Gallade|def|1\n|-unboost|p2a: Gallade|spd|1\n|faint|p1a: Zoroark\n|\n|upkeep\n|\n|t:|1668036806\n|switch|p1a: Lopunny|Lopunny, L90, M|263\/263\n|turn|11\n|\n|t:|1668036820\n|move|p1a: Lopunny|Close Combat|p2a: Gallade\n|-resisted|p2a: Gallade\n|-damage|p2a: Gallade|0 fnt\n|-unboost|p1a: Lopunny|def|1\n|-unboost|p1a: Lopunny|spd|1\n|faint|p2a: Gallade\n|\n|-status|p1a: Lopunny|tox|[from] item: Toxic Orb\n|upkeep\n|\n|t:|1668036832\n|switch|p2a: Throh|Throh, L86, M|347\/347\n|turn|12\n|\n|t:|1668036841\n|move|p1a: Lopunny|Facade|p2a: Throh\n|-damage|p2a: Throh|202\/347\n|move|p2a: Throh|Bulk Up|p2a: Throh\n|-boost|p2a: Throh|atk|1\n|-boost|p2a: Throh|def|1\n|\n|-damage|p1a: Lopunny|247\/263 tox|[from] psn\n|upkeep\n|turn|13\n|\n|t:|1668036853\n|move|p1a: Lopunny|Facade|p2a: Throh\n|-damage|p2a: Throh|100\/347\n|move|p2a: Throh|Bulk Up|p2a: Throh\n|-boost|p2a: Throh|atk|1\n|-boost|p2a: Throh|def|1\n|\n|-damage|p1a: Lopunny|215\/263 tox|[from] psn\n|upkeep\n|turn|14\n|\n|t:|1668036863\n|move|p1a: Lopunny|Facade|p2a: Throh\n|-damage|p2a: Throh|22\/347\n|move|p2a: Throh|Rest|p2a: Throh\n|-status|p2a: Throh|slp|[from] move: Rest\n|-heal|p2a: Throh|347\/347 slp|[silent]\n|-enditem|p2a: Throh|Chesto Berry|[eat]\n|-curestatus|p2a: Throh|slp|[msg]\n|\n|-damage|p1a: Lopunny|167\/263 tox|[from] psn\n|upkeep\n|turn|15\n|\n|t:|1668036875\n|move|p1a: Lopunny|Close Combat|p2a: Throh\n|-damage|p2a: Throh|302\/347\n|-unboost|p1a: Lopunny|def|1\n|-unboost|p1a: Lopunny|spd|1\n|move|p2a: Throh|Bulk Up|p2a: Throh\n|-boost|p2a: Throh|atk|1\n|-boost|p2a: Throh|def|1\n|\n|-damage|p1a: Lopunny|103\/263 tox|[from] psn\n|upkeep\n|turn|16\n|c|\u2606Omega Tyson|LMAO\n|\n|t:|1668036890\n|move|p1a: Lopunny|Facade|p2a: Throh\n|-damage|p2a: Throh|247\/347\n|move|p2a: Throh|Bulk Up|p2a: Throh\n|-boost|p2a: Throh|atk|1\n|-boost|p2a: Throh|def|1\n|\n|-damage|p1a: Lopunny|23\/263 tox|[from] psn\n|upkeep\n|turn|17\n|\n|t:|1668036900\n|move|p1a: Lopunny|Facade|p2a: Throh\n|-damage|p2a: Throh|198\/347\n|move|p2a: Throh|Bulk Up|p2a: Throh\n|-boost|p2a: Throh|atk|1\n|-boost|p2a: Throh|def|1\n|\n|-damage|p1a: Lopunny|0 fnt|[from] psn\n|faint|p1a: Lopunny\n|upkeep\n|c|\u2606NoahThePokeMan|DUDE\n|c|\u2606Omega Tyson|The Throh sweeps begins\n|\n|t:|1668037000\n|switch|p1a: Mew|Mew, L80|291\/291\n|turn|18\n|\n|t:|1668037017\n|move|p1a: Mew|Flare Blitz|p2a: Throh\n|-damage|p2a: Throh|176\/347\n|-status|p2a: Throh|brn\n|-damage|p1a: Mew|284\/291|[from] Recoil\n|move|p2a: Throh|Rest|p2a: Throh\n|-status|p2a: Throh|slp|[from] move: Rest\n|-heal|p2a: Throh|347\/347 slp|[silent]\n|\n|upkeep\n|turn|19\n|c|\u2606NoahThePokeMan|Bro.\n|\n|t:|1668037036\n|move|p1a: Mew|Dragon Dance|p1a: Mew\n|-boost|p1a: Mew|atk|1\n|-boost|p1a: Mew|spe|1\n|cant|p2a: Throh|slp\n|\n|upkeep\n|turn|20\n|\n|t:|1668037042\n|move|p1a: Mew|Dragon Dance|p1a: Mew\n|-boost|p1a: Mew|atk|1\n|-boost|p1a: Mew|spe|1\n|cant|p2a: Throh|slp\n|\n|upkeep\n|turn|21\n|\n|t:|1668037048\n|move|p1a: Mew|Dragon Dance|p1a: Mew\n|-boost|p1a: Mew|atk|1\n|-boost|p1a: Mew|spe|1\n|-curestatus|p2a: Throh|slp|[msg]\n|move|p2a: Throh|Circle Throw|p1a: Mew\n|-resisted|p1a: Mew\n|-damage|p1a: Mew|170\/291\n|drag|p1a: Rhyperior|Rhyperior, L82, F|323\/323\n|\n|upkeep\n|turn|22\n|c|\u2606Omega Tyson|LMAO\n|\n|t:|1668037070\n|move|p2a: Throh|Ice Punch|p1a: Rhyperior\n|-supereffective|p1a: Rhyperior\n|-damage|p1a: Rhyperior|95\/323\n|-enditem|p1a: Rhyperior|Weakness Policy\n|-boost|p1a: Rhyperior|atk|2|[from] item: Weakness Policy\n|-boost|p1a: Rhyperior|spa|2|[from] item: Weakness Policy\n|move|p1a: Rhyperior|Megahorn|p2a: Throh\n|-resisted|p2a: Throh\n|-damage|p2a: Throh|316\/347\n|\n|upkeep\n|turn|23\n|\n|t:|1668037094\n|move|p2a: Throh|Bulk Up|p2a: Throh\n|-boost|p2a: Throh|atk|1\n|-boost|p2a: Throh|def|1\n|move|p1a: Rhyperior|Megahorn|p2a: Throh\n|-resisted|p2a: Throh\n|-damage|p2a: Throh|291\/347\n|\n|upkeep\n|turn|24\n|\n|t:|1668037103\n|move|p2a: Throh|Ice Punch|p1a: Rhyperior\n|-supereffective|p1a: Rhyperior\n|-damage|p1a: Rhyperior|0 fnt\n|faint|p1a: Rhyperior\n|\n|upkeep\n|\n|t:|1668037110\n|switch|p1a: Mew|Mew, L80|170\/291\n|turn|25\n|\n|t:|1668037117\n|move|p1a: Mew|Close Combat|p2a: Throh\n|-damage|p2a: Throh|271\/347\n|-unboost|p1a: Mew|def|1\n|-unboost|p1a: Mew|spd|1\n|move|p2a: Throh|Ice Punch|p1a: Mew\n|-damage|p1a: Mew|0 fnt\n|faint|p1a: Mew\n|\n|upkeep\n|c|\u2606NoahThePokeMan|Nah this is BS\n|\n|t:|1668037131\n|switch|p1a: Zygarde|Zygarde-10%, L82|223\/223\n|-ability|p1a: Zygarde|Aura Break\n|turn|26\n|\n|t:|1668037140\n|-start|p2a: Throh|Dynamax|\n|-heal|p2a: Throh|542\/694|[silent]\n|move|p1a: Zygarde|Thousand Arrows|p2a: Throh\n|-damage|p2a: Throh|511\/694\n|-damage|p1a: Zygarde|201\/223|[from] item: Life Orb\n|move|p2a: Throh|Max Hailstorm|p1a: Zygarde\n|-supereffective|p1a: Zygarde\n|-damage|p1a: Zygarde|0 fnt\n|-weather|Hail\n|faint|p1a: Zygarde\n|\n|win|Omega Tyson\n|l|\u2606NoahThePokeMan\n|c|\u2606Omega Tyson|LET'S GOOOOOOO\n|l|\u2606Omega Tyson\n|j|\u2606Omega Tyson\n|player|p2|Omega Tyson|lance\n|j|\u2606NoahThePokeMan\n|player|p1|NoahThePokeMan|roughneck\n|l|\u2606NoahThePokeMan\n|player|p1|\n","inputlog":">version 453a3ad56483cc6a5c08448f6577d394b68621b7\n>start {\"formatid\":\"gen8randombattle\",\"seed\":[1617,55534,8092,19933]}\n>player p1 {\"name\":\"NoahThePokeMan\",\"avatar\":\"roughneck\",\"rating\":0,\"seed\":[35871,4114,32276,51298]}\n>player p2 {\"name\":\"Omega Tyson\",\"avatar\":\"lance\",\"rating\":0,\"seed\":[61359,15012,27377,27054]}\n>chat \u2606Omega Tyson|HOLY SHIT\n>p1 move dracometeor\n>p2 move shadowball\n>p1 move hydropump\n>p2 move recover\n>p1 move dracometeor\n>p2 move psystrike\n>p1 move dracometeor\n>p2 move recover\n>p1 move dracometeor\n>p2 move recover\n>p1 move fireblast\n>p2 move recover\n>p1 move hydropump\n>p2 move shadowball\n>p1 switch 5\n>chat \u2606Omega Tyson|HEY YO\n>chat \u2606NoahThePokeMan|Yeah bitch fight the OH\n>chat \u2606NoahThePokeMan|*OG\n>p1 move darkpulse\n>p2 move shadowball\n>chat \u2606Omega Tyson|MF\n>chat \u2606NoahThePokeMan|YEAH GET DUPED\n>p2 switch 2\n>p1 move darkpulse\n>p2 move closecombat\n>p1 move darkpulse\n>p2 move closecombat\n>p1 switch 2\n>p1 move closecombat\n>p2 move closecombat\n>p2 switch 3\n>p1 move facade\n>p2 move bulkup\n>p1 move facade\n>p2 move bulkup\n>p1 move facade\n>p2 move rest\n>p1 move closecombat\n>p2 move bulkup\n>chat \u2606Omega Tyson|LMAO\n>p1 move facade\n>p2 move bulkup\n>p1 move facade\n>p2 move bulkup\n>chat \u2606NoahThePokeMan|DUDE\n>chat \u2606Omega Tyson|The Throh sweeps begins\n>p1 switch 6\n>p1 move flareblitz\n>p2 move rest\n>chat \u2606NoahThePokeMan|Bro.\n>p1 move dragondance\n>p2 move bulkup\n>p1 move dragondance\n>p2 move circlethrow\n>p1 move dragondance\n>p2 move circlethrow\n>chat \u2606Omega Tyson|LMAO\n>p1 move megahorn\n>p2 move icepunch\n>p1 move megahorn\n>p2 move bulkup\n>p1 move earthquake\n>p2 move icepunch\n>p1 switch 3\n>p1 move closecombat\n>p2 move icepunch\n>chat \u2606NoahThePokeMan|Nah this is BS\n>p1 switch 4\n>p1 move thousandarrows\n>p2 move icepunch dynamax","uploadtime":1668037463,"views":13,"p1id":"noahthepokeman","p2id":"omegatyson","formatid":"gen8randombattle","rating":0,"private":0,"password":null}