{"id":"gen8monotyperandombattle-1664565089","p1":"dooridadoo","p2":"cows123p","format":"gen8monotyperandombattle","log":"|j|\u2606dooridadoo\n|j|\u2606cows123p\n|t:|1663206378\n|gametype|singles\n|player|p1|dooridadoo|170|1553\n|player|p2|cows123p|twins-gen4dp|1583\n|teamsize|p1|6\n|teamsize|p2|6\n|gen|8\n|tier|[Gen 8] Monotype Random Battle\n|rated|\n|rule|Same Type Clause: Pok\u00e9mon in a team must share a type\n|rule|HP Percentage Mod: HP is shown in percentages\n|rule|Sleep Clause Mod: Limit one foe put to sleep\n|\n|t:|1663206378\n|start\n|switch|p1a: Copperajah|Copperajah, L84, F|342\/342\n|switch|p2a: Scolipede|Scolipede, L80, M|227\/227\n|turn|1\n|inactive|Battle timer is ON: inactive players will automatically lose when time's up. (requested by dooridadoo)\n|\n|t:|1663206395\n|switch|p2a: Nidoqueen|Nidoqueen, L84, F|288\/288\n|move|p1a: Copperajah|Rock Slide|p2a: Nidoqueen|[miss]\n|-miss|p1a: Copperajah|p2a: Nidoqueen\n|\n|upkeep\n|turn|2\n|\n|t:|1663206402\n|switch|p1a: Aggron|Aggron, L85, M|258\/258\n|-item|p1a: Aggron|Air Balloon\n|move|p2a: Nidoqueen|Earth Power|p1a: Aggron\n|-immune|p1a: Aggron\n|\n|upkeep\n|turn|3\n|\n|t:|1663206413\n|switch|p2a: Toxicroak|Toxicroak, L84, M|277\/277\n|move|p1a: Aggron|Earthquake|p2a: Toxicroak\n|-supereffective|p2a: Toxicroak\n|-damage|p2a: Toxicroak|77\/277\n|\n|upkeep\n|turn|4\n|\n|t:|1663206429\n|switch|p1a: Solgaleo|Solgaleo, L72|316\/316\n|move|p2a: Toxicroak|Drain Punch|p1a: Solgaleo\n|-damage|p1a: Solgaleo|199\/316\n|-heal|p2a: Toxicroak|136\/277|[from] drain|[of] p1a: Solgaleo\n|-damage|p2a: Toxicroak|109\/277|[from] item: Life Orb\n|\n|upkeep\n|turn|5\n|\n|t:|1663206440\n|move|p2a: Toxicroak|Knock Off|p1a: Solgaleo\n|-supereffective|p1a: Solgaleo\n|-damage|p1a: Solgaleo|4\/316\n|-enditem|p1a: Solgaleo|Weakness Policy\n|-boost|p1a: Solgaleo|atk|2|[from] item: Weakness Policy\n|-boost|p1a: Solgaleo|spa|2|[from] item: Weakness Policy\n|-damage|p2a: Toxicroak|82\/277|[from] item: Life Orb\n|move|p1a: Solgaleo|Flame Charge|p2a: Toxicroak\n|-damage|p2a: Toxicroak|0 fnt\n|-boost|p1a: Solgaleo|spe|1\n|faint|p2a: Toxicroak\n|\n|upkeep\n|\n|t:|1663206459\n|switch|p2a: Toxapex|Toxapex, L82, F|216\/216\n|turn|6\n|\n|t:|1663206467\n|move|p1a: Solgaleo|Knock Off|p2a: Toxapex\n|-damage|p2a: Toxapex|130\/216\n|-enditem|p2a: Toxapex|Black Sludge|[from] move: Knock Off|[of] p1a: Solgaleo\n|move|p2a: Toxapex|Scald|p1a: Solgaleo\n|-damage|p1a: Solgaleo|0 fnt\n|faint|p1a: Solgaleo\n|\n|upkeep\n|\n|t:|1663206472\n|switch|p1a: Aggron|Aggron, L85, M|258\/258\n|-item|p1a: Aggron|Air Balloon\n|turn|7\n|\n|t:|1663206479\n|move|p1a: Aggron|Earthquake|p2a: Toxapex\n|-supereffective|p2a: Toxapex\n|-damage|p2a: Toxapex|18\/216\n|move|p2a: Toxapex|Scald|p1a: Aggron\n|-supereffective|p1a: Aggron\n|-damage|p1a: Aggron|120\/258\n|-enditem|p1a: Aggron|Air Balloon\n|\n|upkeep\n|turn|8\n|inactive|dooridadoo has 120 seconds left.\n|\n|t:|1663206510\n|switch|p2a: Amoonguss|Amoonguss, L84, F|329\/329\n|move|p1a: Aggron|Earthquake|p2a: Amoonguss\n|-damage|p2a: Amoonguss|232\/329\n|\n|-heal|p2a: Amoonguss|252\/329|[from] item: Black Sludge\n|upkeep\n|turn|9\n|\n|t:|1663206524\n|switch|p1a: Escavalier|Escavalier, L84, M|255\/255\n|move|p2a: Amoonguss|Spore|p1a: Escavalier\n|-status|p1a: Escavalier|slp|[from] move: Spore\n|\n|-heal|p2a: Amoonguss|272\/329|[from] item: Black Sludge\n|upkeep\n|turn|10\n|\n|t:|1663206533\n|switch|p2a: Nidoqueen|Nidoqueen, L84, F|288\/288\n|cant|p1a: Escavalier|slp\n|\n|upkeep\n|turn|11\n|\n|t:|1663206538\n|move|p2a: Nidoqueen|Earth Power|p1a: Escavalier\n|-damage|p1a: Escavalier|145\/255 slp\n|-curestatus|p1a: Escavalier|slp|[msg]\n|move|p1a: Escavalier|Megahorn|p2a: Nidoqueen|[miss]\n|-miss|p1a: Escavalier|p2a: Nidoqueen\n|\n|-heal|p1a: Escavalier|160\/255|[from] item: Leftovers\n|upkeep\n|turn|12\n|\n|t:|1663206555\n|move|p2a: Nidoqueen|Earth Power|p1a: Escavalier\n|-damage|p1a: Escavalier|39\/255\n|move|p1a: Escavalier|Megahorn|p2a: Nidoqueen\n|-resisted|p2a: Nidoqueen\n|-damage|p2a: Nidoqueen|156\/288\n|\n|-heal|p1a: Escavalier|54\/255|[from] item: Leftovers\n|upkeep\n|turn|13\n|\n|t:|1663206563\n|move|p2a: Nidoqueen|Earth Power|p1a: Escavalier\n|-damage|p1a: Escavalier|0 fnt\n|faint|p1a: Escavalier\n|\n|upkeep\n|\n|t:|1663206589\n|switch|p1a: Copperajah|Copperajah, L84, F|342\/342\n|turn|14\n|\n|t:|1663206604\n|switch|p2a: Toxapex|Toxapex, L82, F|90\/216\n|-start|p1a: Copperajah|Dynamax|\n|-heal|p1a: Copperajah|684\/684|[silent]\n|move|p1a: Copperajah|Max Quake|p2a: Toxapex\n|-supereffective|p2a: Toxapex\n|-damage|p2a: Toxapex|0 fnt\n|-boost|p1a: Copperajah|spd|1\n|faint|p2a: Toxapex\n|-damage|p1a: Copperajah|650\/684|[from] item: Life Orb\n|\n|upkeep\n|\n|t:|1663206614\n|switch|p2a: Amoonguss|Amoonguss, L84, F|329\/329\n|turn|15\n|\n|t:|1663206621\n|move|p1a: Copperajah|Max Quake|p2a: Amoonguss\n|-damage|p2a: Amoonguss|139\/329\n|-boost|p1a: Copperajah|spd|1\n|-damage|p1a: Copperajah|616\/684|[from] item: Life Orb\n|move|p2a: Amoonguss|Spore|p1a: Copperajah\n|-status|p1a: Copperajah|slp|[from] move: Spore\n|\n|-heal|p2a: Amoonguss|159\/329|[from] item: Black Sludge\n|upkeep\n|turn|16\n|\n|t:|1663206636\n|switch|p2a: Vileplume|Vileplume, L84, F|263\/263\n|cant|p1a: Copperajah|slp\n|\n|upkeep\n|-end|p1a: Copperajah|Dynamax\n|-heal|p1a: Copperajah|308\/342 slp|[silent]\n|turn|17\n|\n|t:|1663206655\n|switch|p2a: Amoonguss|Amoonguss, L84, F|268\/329\n|cant|p1a: Copperajah|slp\n|\n|-heal|p2a: Amoonguss|288\/329|[from] item: Black Sludge\n|upkeep\n|turn|18\n|\n|t:|1663206662\n|move|p2a: Amoonguss|Giga Drain|p1a: Copperajah\n|-resisted|p1a: Copperajah\n|-damage|p1a: Copperajah|286\/342 slp\n|-heal|p2a: Amoonguss|299\/329|[from] drain|[of] p1a: Copperajah\n|cant|p1a: Copperajah|slp\n|\n|-heal|p2a: Amoonguss|319\/329|[from] item: Black Sludge\n|upkeep\n|turn|19\n|\n|t:|1663206684\n|-curestatus|p1a: Copperajah|slp|[msg]\n|move|p1a: Copperajah|Iron Head|p2a: Amoonguss\n|-damage|p2a: Amoonguss|95\/329\n|move|p2a: Amoonguss|Giga Drain|p1a: Copperajah\n|-resisted|p1a: Copperajah\n|-damage|p1a: Copperajah|263\/342\n|-heal|p2a: Amoonguss|107\/329|[from] drain|[of] p1a: Copperajah\n|\n|-heal|p2a: Amoonguss|127\/329|[from] item: Black Sludge\n|upkeep\n|turn|20\n|\n|t:|1663206694\n|switch|p2a: Vileplume|Vileplume, L84, F|263\/263\n|move|p1a: Copperajah|Iron Head|p2a: Vileplume\n|-damage|p2a: Vileplume|78\/263\n|\n|-heal|p2a: Vileplume|94\/263|[from] item: Black Sludge\n|upkeep\n|turn|21\n|\n|t:|1663206701\n|switch|p1a: Togedemaru|Togedemaru, L86, F|252\/252\n|move|p2a: Vileplume|Sleep Powder|p1a: Togedemaru\n|-status|p1a: Togedemaru|slp|[from] move: Sleep Powder\n|\n|-heal|p2a: Vileplume|110\/263|[from] item: Black Sludge\n|upkeep\n|turn|22\n|\n|t:|1663206716\n|switch|p1a: Cobalion|Cobalion, L78|270\/270\n|switch|p2a: Scolipede|Scolipede, L80, M|227\/227\n|\n|upkeep\n|turn|23\n|\n|t:|1663206726\n|move|p2a: Scolipede|Swords Dance|p2a: Scolipede\n|-boost|p2a: Scolipede|atk|2\n|move|p1a: Cobalion|Stone Edge|p2a: Scolipede|[miss]\n|-miss|p1a: Cobalion|p2a: Scolipede\n|\n|-ability|p2a: Scolipede|Speed Boost|boost\n|-boost|p2a: Scolipede|spe|1\n|upkeep\n|turn|24\n|\n|t:|1663206733\n|-start|p2a: Scolipede|Dynamax|\n|-heal|p2a: Scolipede|454\/454|[silent]\n|move|p2a: Scolipede|Max Quake|p1a: Cobalion\n|-supereffective|p1a: Cobalion\n|-damage|p1a: Cobalion|0 fnt\n|-boost|p2a: Scolipede|spd|1\n|faint|p1a: Cobalion\n|-damage|p2a: Scolipede|432\/454|[from] item: Life Orb\n|\n|-ability|p2a: Scolipede|Speed Boost|boost\n|-boost|p2a: Scolipede|spe|1\n|upkeep\n|-message|dooridadoo forfeited.\n|\n|win|cows123p\n|raw|dooridadoo's rating: 1552 &rarr; <strong>1534<\/strong><br \/>(-18 for losing)\n|raw|cows123p's rating: 1583 &rarr; <strong>1601<\/strong><br \/>(+18 for winning)\n|l|\u2606dooridadoo\n","inputlog":">version 5c6abb95de7955ef65e8c44f22370ca3210c1360\n>start {\"formatid\":\"gen8monotyperandombattle\",\"seed\":[9916,46924,63801,34094],\"rated\":\"Rated battle\"}\n>player p1 {\"name\":\"dooridadoo\",\"avatar\":\"170\",\"rating\":1553,\"seed\":[13416,2414,54773,5104]}\n>player p2 {\"name\":\"cows123p\",\"avatar\":\"twins-gen4dp\",\"rating\":1583,\"seed\":[32932,26699,61807,3981]}\n>p1 move rockslide\n>p2 switch 4\n>p1 switch 3\n>p2 move earthpower\n>p1 move earthquake\n>p2 switch 3\n>p1 switch 6\n>p2 move drainpunch\n>p1 move flamecharge\n>p2 move knockoff\n>p2 switch 6\n>p1 move knockoff\n>p2 move scald\n>p1 switch 6\n>p1 move earthquake\n>p2 move scald\n>p1 move earthquake\n>p2 switch 5\n>p1 switch 4\n>p2 move spore\n>p1 move megahorn\n>p2 switch 3\n>p1 move megahorn\n>p2 move earthpower\n>p1 move megahorn\n>p2 move earthpower\n>p1 move megahorn\n>p2 move earthpower\n>p1 switch 3\n>p1 move earthquake dynamax\n>p2 switch 5\n>p2 switch 3\n>p1 move earthquake dynamax\n>p2 move spore\n>p1 move earthquake dynamax\n>p2 switch 2\n>p1 move ironhead\n>p2 switch 2\n>p1 move earthquake\n>p2 move gigadrain\n>p1 move ironhead\n>p2 move gigadrain\n>p1 move ironhead\n>p2 switch 2\n>p1 switch 5\n>p2 move sleeppowder\n>p1 switch 2\n>p2 switch 4\n>p1 move stoneedge\n>p2 move swordsdance\n>p1 move stoneedge\n>p2 move earthquake dynamax\n>forcelose p1","uploadtime":1663206754,"views":3,"p1id":"dooridadoo","p2id":"cows123p","formatid":"gen8monotyperandombattle","rating":1534,"private":0,"password":null}