{"id":"gen8randombattle-1453155253","p1":"TaurosTKF","p2":"Chaud74","format":"gen8randombattle","log":"|j|\u2606TaurosTKF\n|j|\u2606Chaud74\n|t:|1636647024\n|gametype|singles\n|player|p1|TaurosTKF|acetrainercouple|1693\n|player|p2|Chaud74|265|1664\n|teamsize|p1|6\n|teamsize|p2|6\n|gen|8\n|tier|[Gen 8] Random Battle\n|rated|\n|rule|Species Clause: Limit one of each Pok\u00e9mon\n|rule|HP Percentage Mod: HP is shown in percentages\n|rule|Sleep Clause Mod: Limit one foe put to sleep\n|\n|t:|1636647024\n|start\n|switch|p1a: Dracovish|Dracovish, L80|275\/275\n|switch|p2a: Ferrothorn|Ferrothorn, L78, M|244\/244\n|turn|1\n|\n|t:|1636647042\n|switch|p1a: Toxicroak|Toxicroak, L84, M|277\/277\n|move|p2a: Ferrothorn|Leech Seed|p1a: Toxicroak\n|-start|p1a: Toxicroak|move: Leech Seed\n|\n|-damage|p1a: Toxicroak|243\/277|[from] Leech Seed|[of] p2a: Ferrothorn\n|upkeep\n|turn|2\n|inactive|Battle timer is ON: inactive players will automatically lose when time's up. (requested by TaurosTKF)\n|\n|t:|1636647054\n|switch|p2a: Golurk|Golurk, L82|280\/280\n|move|p1a: Toxicroak|Swords Dance|p1a: Toxicroak\n|-boost|p1a: Toxicroak|atk|2\n|\n|-damage|p1a: Toxicroak|209\/277|[from] Leech Seed|[of] p2a: Golurk\n|upkeep\n|turn|3\n|\n|t:|1636647063\n|move|p1a: Toxicroak|Sucker Punch|p2a: Golurk\n|-supereffective|p2a: Golurk\n|-damage|p2a: Golurk|0 fnt\n|faint|p2a: Golurk\n|-damage|p1a: Toxicroak|182\/277|[from] item: Life Orb\n|\n|upkeep\n|\n|t:|1636647080\n|switch|p2a: Hippowdon|Hippowdon, L80, F|304\/304\n|-weather|Sandstorm|[from] ability: Sand Stream|[of] p2a: Hippowdon\n|turn|4\n|\n|t:|1636647085\n|move|p1a: Toxicroak|Drain Punch|p2a: Hippowdon\n|-damage|p2a: Hippowdon|113\/304\n|-heal|p1a: Toxicroak|277\/277|[from] drain|[of] p2a: Hippowdon\n|-damage|p1a: Toxicroak|250\/277|[from] item: Life Orb\n|move|p2a: Hippowdon|Slack Off|p2a: Hippowdon\n|-heal|p2a: Hippowdon|265\/304\n|\n|-weather|Sandstorm|[upkeep]\n|-damage|p1a: Toxicroak|233\/277|[from] Sandstorm\n|-heal|p2a: Hippowdon|284\/304|[from] item: Leftovers\n|-damage|p1a: Toxicroak|199\/277|[from] Leech Seed|[of] p2a: Hippowdon\n|-heal|p2a: Hippowdon|304\/304|[silent]\n|upkeep\n|turn|5\n|\n|t:|1636647101\n|move|p1a: Toxicroak|Drain Punch|p2a: Hippowdon\n|-crit|p2a: Hippowdon\n|-damage|p2a: Hippowdon|38\/304\n|-heal|p1a: Toxicroak|277\/277|[from] drain|[of] p2a: Hippowdon\n|-damage|p1a: Toxicroak|250\/277|[from] item: Life Orb\n|move|p2a: Hippowdon|Earthquake|p1a: Toxicroak\n|-supereffective|p1a: Toxicroak\n|-damage|p1a: Toxicroak|0 fnt\n|faint|p1a: Toxicroak\n|\n|-weather|Sandstorm|[upkeep]\n|-heal|p2a: Hippowdon|57\/304|[from] item: Leftovers\n|upkeep\n|\n|t:|1636647121\n|switch|p1a: Sandslash|Sandslash, L86, M|269\/269\n|turn|6\n|\n|t:|1636647127\n|switch|p2a: Celebi|Celebi, L82|298\/298\n|move|p1a: Sandslash|Knock Off|p2a: Celebi\n|-supereffective|p2a: Celebi\n|-damage|p2a: Celebi|154\/298\n|-enditem|p2a: Celebi|Choice Scarf|[from] move: Knock Off|[of] p1a: Sandslash\n|\n|-weather|Sandstorm|[upkeep]\n|-damage|p2a: Celebi|136\/298|[from] Sandstorm\n|upkeep\n|turn|7\n|\n|t:|1636647144\n|switch|p1a: Stoutland|Stoutland, L86, M|286\/286\n|move|p2a: Celebi|Giga Drain|p1a: Stoutland\n|-damage|p1a: Stoutland|219\/286\n|-heal|p2a: Celebi|170\/298|[from] drain|[of] p1a: Stoutland\n|\n|-weather|Sandstorm|[upkeep]\n|-damage|p2a: Celebi|152\/298|[from] Sandstorm\n|-damage|p1a: Stoutland|202\/286|[from] Sandstorm\n|upkeep\n|turn|8\n|\n|t:|1636647155\n|switch|p2a: Hippowdon|Hippowdon, L80, F|57\/304\n|move|p1a: Stoutland|Crunch|p2a: Hippowdon\n|-damage|p2a: Hippowdon|0 fnt\n|faint|p2a: Hippowdon\n|\n|-weather|none\n|upkeep\n|\n|t:|1636647164\n|switch|p2a: Ferrothorn|Ferrothorn, L78, M|244\/244\n|turn|9\n|\n|t:|1636647182\n|switch|p1a: Sandslash|Sandslash, L86, M|269\/269\n|move|p2a: Ferrothorn|Leech Seed|p1a: Sandslash\n|-start|p1a: Sandslash|move: Leech Seed\n|\n|-damage|p1a: Sandslash|236\/269|[from] Leech Seed|[of] p2a: Ferrothorn\n|upkeep\n|turn|10\n|\n|t:|1636647190\n|move|p1a: Sandslash|Swords Dance|p1a: Sandslash\n|-boost|p1a: Sandslash|atk|2\n|move|p2a: Ferrothorn|Power Whip|p1a: Sandslash\n|-supereffective|p1a: Sandslash\n|-damage|p1a: Sandslash|72\/269\n|\n|-heal|p1a: Sandslash|88\/269|[from] item: Leftovers\n|-damage|p1a: Sandslash|55\/269|[from] Leech Seed|[of] p2a: Ferrothorn\n|upkeep\n|turn|11\n|\n|t:|1636647207\n|switch|p2a: Gyarados|Gyarados, L76, F|269\/269\n|move|p1a: Sandslash|Earthquake|p2a: Gyarados\n|-immune|p2a: Gyarados\n|\n|-heal|p1a: Sandslash|71\/269|[from] item: Leftovers\n|-damage|p1a: Sandslash|38\/269|[from] Leech Seed|[of] p2a: Gyarados\n|upkeep\n|turn|12\n|\n|t:|1636647221\n|move|p2a: Gyarados|Power Whip|p1a: Sandslash\n|-supereffective|p1a: Sandslash\n|-damage|p1a: Sandslash|0 fnt\n|faint|p1a: Sandslash\n|-ability|p2a: Gyarados|Moxie|boost\n|-boost|p2a: Gyarados|atk|1\n|\n|upkeep\n|\n|t:|1636647236\n|switch|p1a: Terrakion|Terrakion, L78|270\/270\n|turn|13\n|\n|t:|1636647247\n|-start|p1a: Terrakion|Dynamax\n|-heal|p1a: Terrakion|540\/540|[silent]\n|-start|p2a: Gyarados|Dynamax\n|-heal|p2a: Gyarados|538\/538|[silent]\n|move|p1a: Terrakion|Max Rockfall|p2a: Gyarados\n|-supereffective|p2a: Gyarados\n|-damage|p2a: Gyarados|60\/538\n|-weather|Sandstorm\n|-damage|p1a: Terrakion|513\/540|[from] item: Life Orb\n|move|p2a: Gyarados|Max Airstream|p1a: Terrakion\n|-damage|p1a: Terrakion|293\/540\n|-boost|p2a: Gyarados|spe|1\n|\n|-weather|Sandstorm|[upkeep]\n|-damage|p2a: Gyarados|44\/538|[from] Sandstorm\n|upkeep\n|turn|14\n|\n|t:|1636647266\n|move|p1a: Terrakion|Max Guard|p1a: Terrakion\n|-singleturn|p1a: Terrakion|Max Guard\n|move|p2a: Gyarados|Max Geyser|p1a: Terrakion\n|-activate|p1a: Terrakion|move: Max Guard\n|\n|-weather|Sandstorm|[upkeep]\n|-damage|p2a: Gyarados|28\/538|[from] Sandstorm\n|upkeep\n|turn|15\n|\n|t:|1636647285\n|move|p2a: Gyarados|Max Overgrowth|p1a: Terrakion\n|-supereffective|p1a: Terrakion\n|-damage|p1a: Terrakion|3\/540\n|-fieldstart|move: Grassy Terrain\n|move|p1a: Terrakion|Max Rockfall|p2a: Gyarados\n|-supereffective|p2a: Gyarados\n|-damage|p2a: Gyarados|0 fnt\n|faint|p2a: Gyarados\n|-damage|p1a: Terrakion|0 fnt|[from] item: Life Orb\n|faint|p1a: Terrakion\n|\n|-weather|Sandstorm|[upkeep]\n|upkeep\n|\n|t:|1636647300\n|switch|p1a: Stoutland|Stoutland, L86, M|202\/286\n|switch|p2a: Ferrothorn|Ferrothorn, L78, M|244\/244\n|turn|16\n|\n|t:|1636647305\n|move|p1a: Stoutland|Superpower|p2a: Ferrothorn\n|-supereffective|p2a: Ferrothorn\n|-damage|p2a: Ferrothorn|32\/244\n|-unboost|p1a: Stoutland|atk|1\n|-unboost|p1a: Stoutland|def|1\n|-damage|p1a: Stoutland|167\/286|[from] ability: Iron Barbs|[of] p2a: Ferrothorn\n|move|p2a: Ferrothorn|Leech Seed|p1a: Stoutland|[miss]\n|-miss|p2a: Ferrothorn|p1a: Stoutland\n|\n|-weather|Sandstorm|[upkeep]\n|-damage|p1a: Stoutland|150\/286|[from] Sandstorm\n|-heal|p1a: Stoutland|167\/286|[from] Grassy Terrain\n|-heal|p2a: Ferrothorn|47\/244|[from] Grassy Terrain\n|-heal|p2a: Ferrothorn|62\/244|[from] item: Leftovers\n|upkeep\n|turn|17\n|\n|t:|1636647320\n|move|p2a: Ferrothorn|Protect|p2a: Ferrothorn\n|-singleturn|p2a: Ferrothorn|Protect\n|move|p1a: Stoutland|Superpower|p2a: Ferrothorn\n|-activate|p2a: Ferrothorn|move: Protect\n|\n|-weather|none\n|-heal|p1a: Stoutland|184\/286|[from] Grassy Terrain\n|-heal|p2a: Ferrothorn|77\/244|[from] Grassy Terrain\n|-heal|p2a: Ferrothorn|92\/244|[from] item: Leftovers\n|upkeep\n|turn|18\n|\n|t:|1636647331\n|switch|p2a: Celebi|Celebi, L82|152\/298\n|move|p1a: Stoutland|Superpower|p2a: Celebi\n|-resisted|p2a: Celebi\n|-damage|p2a: Celebi|110\/298\n|-unboost|p1a: Stoutland|atk|1\n|-unboost|p1a: Stoutland|def|1\n|\n|-heal|p2a: Celebi|128\/298|[from] Grassy Terrain\n|-heal|p1a: Stoutland|201\/286|[from] Grassy Terrain\n|upkeep\n|turn|19\n|\n|t:|1636647343\n|switch|p1a: Dracovish|Dracovish, L80|275\/275\n|move|p2a: Celebi|Giga Drain|p1a: Dracovish\n|-damage|p1a: Dracovish|154\/275\n|-heal|p2a: Celebi|189\/298|[from] drain|[of] p1a: Dracovish\n|\n|-heal|p2a: Celebi|207\/298|[from] Grassy Terrain\n|-heal|p1a: Dracovish|171\/275|[from] Grassy Terrain\n|-fieldend|move: Grassy Terrain\n|upkeep\n|turn|20\n|\n|t:|1636647355\n|move|p2a: Celebi|Giga Drain|p1a: Dracovish\n|-damage|p1a: Dracovish|80\/275\n|-heal|p2a: Celebi|253\/298|[from] drain|[of] p1a: Dracovish\n|move|p1a: Dracovish|Ice Fang|p2a: Celebi\n|-supereffective|p2a: Celebi\n|-damage|p2a: Celebi|75\/298\n|\n|upkeep\n|turn|21\n|\n|t:|1636647367\n|move|p2a: Celebi|Giga Drain|p1a: Dracovish\n|-damage|p1a: Dracovish|0 fnt\n|-heal|p2a: Celebi|115\/298|[from] drain|[of] p1a: Dracovish\n|faint|p1a: Dracovish\n|\n|upkeep\n|\n|t:|1636647377\n|switch|p1a: Barraskewda|Barraskewda, L80, M|229\/229\n|turn|22\n|\n|t:|1636647381\n|move|p1a: Barraskewda|Crunch|p2a: Celebi\n|-supereffective|p2a: Celebi\n|-damage|p2a: Celebi|0 fnt\n|faint|p2a: Celebi\n|\n|upkeep\n|\n|t:|1636647392\n|switch|p2a: Ferrothorn|Ferrothorn, L78, M|92\/244\n|turn|23\n|\n|t:|1636647396\n|switch|p1a: Stoutland|Stoutland, L86, M|201\/286\n|move|p2a: Ferrothorn|Leech Seed|p1a: Stoutland|[miss]\n|-miss|p2a: Ferrothorn|p1a: Stoutland\n|\n|-heal|p2a: Ferrothorn|107\/244|[from] item: Leftovers\n|upkeep\n|turn|24\n|\n|t:|1636647404\n|move|p2a: Ferrothorn|Protect|p2a: Ferrothorn\n|-singleturn|p2a: Ferrothorn|Protect\n|move|p1a: Stoutland|Superpower|p2a: Ferrothorn\n|-activate|p2a: Ferrothorn|move: Protect\n|\n|-heal|p2a: Ferrothorn|122\/244|[from] item: Leftovers\n|upkeep\n|turn|25\n|\n|t:|1636647413\n|switch|p2a: Crustle|Crustle, L82, M|249\/249\n|move|p1a: Stoutland|Superpower|p2a: Crustle\n|-damage|p2a: Crustle|139\/249\n|-unboost|p1a: Stoutland|atk|1\n|-unboost|p1a: Stoutland|def|1\n|\n|upkeep\n|turn|26\n|\n|t:|1636647424\n|move|p1a: Stoutland|Superpower|p2a: Crustle\n|-damage|p2a: Crustle|62\/249\n|-unboost|p1a: Stoutland|atk|1\n|-unboost|p1a: Stoutland|def|1\n|move|p2a: Crustle|Stone Edge|p1a: Stoutland\n|-damage|p1a: Stoutland|0 fnt\n|faint|p1a: Stoutland\n|\n|upkeep\n|\n|t:|1636647427\n|switch|p1a: Barraskewda|Barraskewda, L80, M|229\/229\n|turn|27\n|\n|t:|1636647435\n|move|p1a: Barraskewda|Close Combat|p2a: Crustle\n|-damage|p2a: Crustle|0 fnt\n|-unboost|p1a: Barraskewda|def|1\n|-unboost|p1a: Barraskewda|spd|1\n|faint|p2a: Crustle\n|\n|upkeep\n|\n|t:|1636647441\n|switch|p2a: Ferrothorn|Ferrothorn, L78, M|122\/244\n|turn|28\n|\n|t:|1636647445\n|move|p1a: Barraskewda|Close Combat|p2a: Ferrothorn\n|-supereffective|p2a: Ferrothorn\n|-damage|p2a: Ferrothorn|0 fnt\n|-unboost|p1a: Barraskewda|def|1\n|-unboost|p1a: Barraskewda|spd|1\n|-damage|p1a: Barraskewda|201\/229|[from] ability: Iron Barbs|[of] p2a: Ferrothorn\n|faint|p2a: Ferrothorn\n|\n|win|TaurosTKF\n|raw|TaurosTKF's rating: 1693 &rarr; <strong>1711<\/strong><br \/>(+18 for winning)\n|raw|Chaud74's rating: 1664 &rarr; <strong>1646<\/strong><br \/>(-18 for losing)\n|l|\u2606Chaud74\n","inputlog":">version fdd775b3f11acdb8967ba2509914bacbd4a00109\n>start {\"formatid\":\"gen8randombattle\",\"seed\":[57353,44425,28262,52439],\"rated\":\"Rated battle\"}\n>player p1 {\"name\":\"TaurosTKF\",\"avatar\":\"acetrainercouple\",\"rating\":1693,\"seed\":[11947,64684,19235,18726]}\n>player p2 {\"name\":\"Chaud74\",\"avatar\":\"265\",\"rating\":1664,\"seed\":[35287,47202,45061,21774]}\n>p1 switch 6\n>p2 move leechseed\n>p1 move swordsdance\n>p2 switch 4\n>p1 move suckerpunch\n>p2 move earthquake\n>p2 switch 3\n>p1 move drainpunch\n>p2 move slackoff\n>p1 move drainpunch\n>p2 move earthquake\n>p1 switch 4\n>p1 move knockoff\n>p2 switch 2\n>p1 switch 2\n>p2 move gigadrain\n>p1 move crunch\n>p2 switch 2\n>p2 switch 4\n>p1 switch 2\n>p2 move leechseed\n>p1 move swordsdance\n>p2 move powerwhip\n>p1 move earthquake\n>p2 switch 6\n>p1 move knockoff\n>p2 move powerwhip\n>p1 switch 5\n>p1 move stoneedge dynamax\n>p2 move bounce dynamax\n>p1 move swordsdance dynamax\n>p2 move waterfall dynamax\n>p1 move stoneedge dynamax\n>p2 move powerwhip dynamax\n>p1 switch 2\n>p2 switch 6\n>p1 move superpower\n>p2 move leechseed\n>p1 move superpower\n>p2 move protect\n>p1 move superpower\n>p2 switch 2\n>p1 switch 6\n>p2 move gigadrain\n>p1 move icefang\n>p2 move gigadrain\n>p1 move icefang\n>p2 move gigadrain\n>p1 switch 3\n>p1 move crunch\n>p2 move gigadrain\n>p2 switch 2\n>p1 switch 6\n>p2 move leechseed\n>p1 move superpower\n>p2 move protect\n>p1 move superpower\n>p2 switch 5\n>p1 move superpower\n>p2 move stoneedge\n>p1 switch 6\n>p1 move closecombat\n>p2 move stoneedge\n>p2 switch 5\n>p1 move closecombat\n>p2 move powerwhip","uploadtime":1636647455,"views":9,"p1id":"taurostkf","p2id":"chaud74","formatid":"gen8randombattle","rating":1646,"private":0,"password":null}