{"id":"gen8monotyperandombattle-1100312738","p1":"Falaffelpants","p2":"yhdrslb","format":"gen8monotyperandombattle","log":"|j|\u2606Falaffelpants\n|j|\u2606yhdrslb\n|player|p1|Falaffelpants|164|1164\n|player|p2|yhdrslb|30|1106\n|teamsize|p1|6\n|teamsize|p2|6\n|gametype|singles\n|gen|8\n|tier|[Gen 8] Monotype Random Battle\n|rated|\n|rule|Same Type Clause: Pok\u00e9mon in a team must share a type\n|rule|HP Percentage Mod: HP is shown in percentages\n|rule|Sleep Clause Mod: Limit one foe put to sleep\n|\n|start\n|switch|p1a: Terrakion|Terrakion, L80|277\/277\n|switch|p2a: Stunfisk|Stunfisk, L84, F|320\/320\n|turn|1\n|\n|switch|p1a: Scrafty|Scrafty, L84, M|246\/246\n|-ability|p1a: Scrafty|Intimidate|boost\n|-unboost|p2a: Stunfisk|atk|1\n|move|p2a: Stunfisk|Discharge|p1a: Scrafty\n|-damage|p1a: Scrafty|180\/246\n|-status|p1a: Scrafty|par\n|\n|-heal|p1a: Scrafty|195\/246 par|[from] item: Leftovers\n|upkeep\n|turn|2\n|inactive|Battle timer is ON: inactive players will automatically lose when time's up. (requested by Falaffelpants)\n|\n|move|p2a: Stunfisk|Stealth Rock|p1a: Scrafty\n|-sidestart|p1: Falaffelpants|move: Stealth Rock\n|move|p1a: Scrafty|Dragon Dance|p1a: Scrafty\n|-boost|p1a: Scrafty|atk|1\n|-boost|p1a: Scrafty|spe|1\n|\n|-heal|p1a: Scrafty|210\/246 par|[from] item: Leftovers\n|upkeep\n|turn|3\n|\n|cant|p1a: Scrafty|par\n|move|p2a: Stunfisk|Earth Power|p1a: Scrafty\n|-damage|p1a: Scrafty|140\/246 par\n|\n|-heal|p1a: Scrafty|155\/246 par|[from] item: Leftovers\n|upkeep\n|turn|4\n|\n|move|p1a: Scrafty|Dragon Dance|p1a: Scrafty\n|-boost|p1a: Scrafty|atk|1\n|-boost|p1a: Scrafty|spe|1\n|move|p2a: Stunfisk|Earth Power|p1a: Scrafty\n|-damage|p1a: Scrafty|88\/246 par\n|\n|-heal|p1a: Scrafty|103\/246 par|[from] item: Leftovers\n|upkeep\n|turn|5\n|\n|move|p1a: Scrafty|Close Combat|p2a: Stunfisk\n|-damage|p2a: Stunfisk|59\/320\n|-unboost|p1a: Scrafty|def|1\n|-unboost|p1a: Scrafty|spd|1\n|move|p2a: Stunfisk|Earth Power|p1a: Scrafty\n|-damage|p1a: Scrafty|4\/246 par\n|\n|-heal|p1a: Scrafty|19\/246 par|[from] item: Leftovers\n|-heal|p2a: Stunfisk|79\/320|[from] item: Leftovers\n|upkeep\n|turn|6\n|\n|cant|p1a: Scrafty|par\n|move|p2a: Stunfisk|Earth Power|p1a: Scrafty\n|-damage|p1a: Scrafty|0 fnt\n|faint|p1a: Scrafty\n|\n|-heal|p2a: Stunfisk|99\/320|[from] item: Leftovers\n|upkeep\n|\n|switch|p1a: Hitmonlee|Hitmonlee, L84, M|221\/221\n|-damage|p1a: Hitmonlee|208\/221|[from] Stealth Rock\n|turn|7\n|\n|move|p1a: Hitmonlee|Rapid Spin|p2a: Stunfisk\n|-damage|p2a: Stunfisk|56\/320\n|-boost|p1a: Hitmonlee|spe|1\n|-sideend|p1: Falaffelpants|Stealth Rock|[from] move: Rapid Spin|[of] p1a: Hitmonlee\n|move|p2a: Stunfisk|Stealth Rock|p1a: Hitmonlee\n|-sidestart|p1: Falaffelpants|move: Stealth Rock\n|\n|-heal|p1a: Hitmonlee|221\/221|[from] item: Leftovers\n|-heal|p2a: Stunfisk|76\/320|[from] item: Leftovers\n|upkeep\n|turn|8\n|\n|move|p1a: Hitmonlee|Rapid Spin|p2a: Stunfisk\n|-damage|p2a: Stunfisk|32\/320\n|-boost|p1a: Hitmonlee|spe|1\n|-status|p1a: Hitmonlee|par|[from] ability: Static|[of] p2a: Stunfisk\n|-sideend|p1: Falaffelpants|Stealth Rock|[from] move: Rapid Spin|[of] p1a: Hitmonlee\n|move|p2a: Stunfisk|Stealth Rock|p1a: Hitmonlee\n|-sidestart|p1: Falaffelpants|move: Stealth Rock\n|\n|-heal|p2a: Stunfisk|52\/320|[from] item: Leftovers\n|upkeep\n|turn|9\n|\n|move|p1a: Hitmonlee|Rapid Spin|p2a: Stunfisk\n|-damage|p2a: Stunfisk|4\/320\n|-boost|p1a: Hitmonlee|spe|1\n|-sideend|p1: Falaffelpants|Stealth Rock|[from] move: Rapid Spin|[of] p1a: Hitmonlee\n|move|p2a: Stunfisk|Stealth Rock|p1a: Hitmonlee\n|-sidestart|p1: Falaffelpants|move: Stealth Rock\n|\n|-heal|p2a: Stunfisk|24\/320|[from] item: Leftovers\n|upkeep\n|turn|10\n|\n|move|p1a: Hitmonlee|Rapid Spin|p2a: Stunfisk\n|-damage|p2a: Stunfisk|0 fnt\n|-boost|p1a: Hitmonlee|spe|1\n|-sideend|p1: Falaffelpants|Stealth Rock|[from] move: Rapid Spin|[of] p1a: Hitmonlee\n|faint|p2a: Stunfisk\n|\n|upkeep\n|\n|switch|p2a: Zeraora|Zeraora, L80|272\/272\n|turn|11\n|\n|move|p1a: Hitmonlee|High Jump Kick|p2a: Zeraora\n|-damage|p2a: Zeraora|56\/272\n|move|p2a: Zeraora|Play Rough|p1a: Hitmonlee\n|-supereffective|p1a: Hitmonlee\n|-damage|p1a: Hitmonlee|0 fnt\n|-damage|p2a: Zeraora|29\/272|[from] item: Life Orb\n|faint|p1a: Hitmonlee\n|\n|upkeep\n|\n|switch|p1a: Toxicroak|Toxicroak, L86, M|283\/283\n|turn|12\n|\n|switch|p2a: Pikachu|Pikachu-Sinnoh, L88, M|205\/205\n|move|p1a: Toxicroak|Drain Punch|p2a: Pikachu\n|-damage|p2a: Pikachu|66\/205\n|\n|upkeep\n|turn|13\n|\n|move|p2a: Pikachu|Volt Tackle|p1a: Toxicroak\n|-damage|p1a: Toxicroak|70\/283\n|-damage|p2a: Pikachu|0 fnt|[from] Recoil\n|faint|p2a: Pikachu\n|move|p1a: Toxicroak|Drain Punch|p2: Pikachu|[notarget]\n|-fail|p1a: Toxicroak\n|\n|-heal|p1a: Toxicroak|87\/283|[from] item: Black Sludge\n|upkeep\n|\n|switch|p2a: Galvantula|Galvantula, L84, F|255\/255\n|turn|14\n|\n|move|p2a: Galvantula|Sticky Web|p1a: Toxicroak\n|-sidestart|p1: Falaffelpants|move: Sticky Web\n|move|p1a: Toxicroak|Gunk Shot|p2a: Galvantula|[miss]\n|-miss|p1a: Toxicroak|p2a: Galvantula\n|\n|-heal|p1a: Toxicroak|104\/283|[from] item: Black Sludge\n|upkeep\n|turn|15\n|\n|move|p2a: Galvantula|Thunder|p1a: Toxicroak\n|-damage|p1a: Toxicroak|0 fnt\n|-damage|p2a: Galvantula|230\/255|[from] item: Life Orb\n|faint|p1a: Toxicroak\n|\n|upkeep\n|\n|switch|p1a: Falinks|Falinks, L86|252\/252\n|-activate|p1a: Falinks|move: Sticky Web\n|-unboost|p1a: Falinks|spe|1\n|-ability|p1a: Falinks|Defiant\n|-boost|p1a: Falinks|atk|2\n|turn|16\n|\n|move|p2a: Galvantula|Volt Switch|p1a: Falinks\n|-damage|p1a: Falinks|130\/252\n|-damage|p2a: Galvantula|205\/255|[from] item: Life Orb\n|\n|switch|p2a: Arctozolt|Arctozolt, L88|302\/302\n|move|p1a: Falinks|No Retreat|p1a: Falinks\n|-boost|p1a: Falinks|atk|1\n|-boost|p1a: Falinks|def|1\n|-boost|p1a: Falinks|spa|1\n|-boost|p1a: Falinks|spd|1\n|-boost|p1a: Falinks|spe|1\n|-start|p1a: Falinks|move: No Retreat\n|\n|upkeep\n|turn|17\n|\n|-start|p1a: Falinks|Dynamax\n|-heal|p1a: Falinks|260\/504|[silent]\n|move|p1a: Falinks|Max Knuckle|p2a: Arctozolt\n|-supereffective|p2a: Arctozolt\n|-damage|p2a: Arctozolt|0 fnt\n|-boost|p1a: Falinks|atk|1\n|-damage|p1a: Falinks|235\/504|[from] item: Life Orb\n|faint|p2a: Arctozolt\n|\n|upkeep\n|inactive|yhdrslb has 120 seconds left.\n|\n|switch|p2a: Galvantula|Galvantula, L84, F|205\/255\n|turn|18\n|\n|move|p2a: Galvantula|Thunder|p1a: Falinks\n|-damage|p1a: Falinks|106\/504\n|-status|p1a: Falinks|par\n|-damage|p2a: Galvantula|180\/255|[from] item: Life Orb\n|move|p1a: Falinks|Max Knuckle|p2a: Galvantula\n|-resisted|p2a: Galvantula\n|-damage|p2a: Galvantula|0 fnt\n|-boost|p1a: Falinks|atk|1\n|-damage|p1a: Falinks|81\/504 par|[from] item: Life Orb\n|faint|p2a: Galvantula\n|\n|upkeep\n|inactive|yhdrslb has 120 seconds left.\n|inactive|yhdrslb has 90 seconds left.\n|l|\u2606yhdrslb\n|inactive|yhdrslb disconnected and has a minute to reconnect!\n|player|p2|\n|inactive|yhdrslb has 30 seconds to reconnect!\n|inactive|yhdrslb has 20 seconds to reconnect!\n|inactive|yhdrslb has 15 seconds to reconnect!\n|inactive|yhdrslb has 10 seconds to reconnect!\n|inactive|yhdrslb has 5 seconds to reconnect!\n|-message|yhdrslb lost due to inactivity.\n|\n|win|Falaffelpants\n|inactive|yhdrslb has 10 seconds left this turn.\n","inputlog":">version b7745f54272c5aa04d26a5e16ddaea80015942bc\n>start {\"formatid\":\"gen8monotyperandombattle\",\"seed\":[48070,31544,62072,24410],\"rated\":\"Rated battle\"}\n>player p1 {\"name\":\"Falaffelpants\",\"avatar\":\"164\",\"team\":\"\",\"rating\":1164,\"seed\":[28182,44099,44190,21286]}\n>player p2 {\"name\":\"yhdrslb\",\"avatar\":\"30\",\"team\":\"\",\"rating\":1106,\"seed\":[35061,42314,546,45176]}\n>p1 switch 3\n>p2 move discharge\n>p1 move dragondance\n>p2 move stealthrock\n>p1 move dragondance\n>p2 move earthpower\n>p1 move dragondance\n>p2 move earthpower\n>p1 move closecombat\n>p2 move earthpower\n>p1 move knockoff\n>p2 move earthpower\n>p1 switch 4\n>p1 move rapidspin\n>p2 move stealthrock\n>p1 move rapidspin\n>p2 move stealthrock\n>p1 move rapidspin\n>p2 move stealthrock\n>p1 move rapidspin\n>p2 move stealthrock\n>p2 switch 6\n>p1 move highjumpkick\n>p2 move playrough\n>p1 switch 2\n>p1 move drainpunch\n>p2 switch 3\n>p1 move drainpunch\n>p2 move volttackle\n>p2 switch 2\n>p1 move gunkshot\n>p2 move stickyweb\n>p1 move gunkshot\n>p2 move thunder\n>p1 switch 6\n>p1 move noretreat\n>p2 move voltswitch\n>p2 switch 4\n>p1 move closecombat dynamax\n>p2 move boltbeak\n>p2 switch 4\n>p1 move closecombat dynamax\n>p2 move thunder","uploadtime":1587420315,"views":1,"p1id":"falaffelpants","p2id":"yhdrslb","formatid":"gen8monotyperandombattle","rating":0,"private":0,"password":null}