{"id":"gen8randombattle-1278871467","p1":"TehranTyphlosions","p2":"BloodRaven1","format":"gen8randombattle","log":"|j|\u2606TehranTyphlosions\n|j|\u2606BloodRaven1\n|t:|1612853115\n|player|p1|TehranTyphlosions|clair|1591\n|player|p2|BloodRaven1|alder|1573\n|teamsize|p1|6\n|teamsize|p2|6\n|gametype|singles\n|gen|8\n|tier|[Gen 8] Random Battle\n|rated|\n|rule|Species Clause: Limit one of each Pok\u00e9mon\n|rule|HP Percentage Mod: HP is shown in percentages\n|rule|Sleep Clause Mod: Limit one foe put to sleep\n|\n|t:|1612853115\n|start\n|switch|p1a: Comfey|Comfey, L86, M|228\/228\n|switch|p2a: Lycanroc|Lycanroc-Midnight, L82, F|274\/274\n|turn|1\n|\n|t:|1612853139\n|switch|p1a: Machamp|Machamp, L82, M|282\/282\n|move|p2a: Lycanroc|Stone Edge|p1a: Machamp\n|-resisted|p1a: Machamp\n|-damage|p1a: Machamp|215\/282\n|\n|-status|p1a: Machamp|brn|[from] item: Flame Orb\n|upkeep\n|turn|2\n|\n|t:|1612853155\n|switch|p2a: Clefable|Clefable, L82, M|290\/290\n|move|p1a: Machamp|Close Combat|p2a: Clefable\n|-resisted|p2a: Clefable\n|-damage|p2a: Clefable|161\/290\n|-unboost|p1a: Machamp|def|1\n|-unboost|p1a: Machamp|spd|1\n|\n|-damage|p1a: Machamp|198\/282 brn|[from] brn\n|upkeep\n|turn|3\n|\n|t:|1612853191\n|switch|p2a: Doublade|Doublade, L82, F|231\/231\n|switch|p1a: Scolipede|Scolipede, L80, F|227\/227\n|\n|upkeep\n|turn|4\n|\n|t:|1612853217\n|move|p1a: Scolipede|Swords Dance|p1a: Scolipede\n|-boost|p1a: Scolipede|atk|2\n|move|p2a: Doublade|Iron Head|p1a: Scolipede\n|-damage|p1a: Scolipede|131\/227\n|\n|-ability|p1a: Scolipede|Speed Boost|boost\n|-boost|p1a: Scolipede|spe|1\n|upkeep\n|turn|5\n|\n|t:|1612853222\n|move|p1a: Scolipede|Earthquake|p2a: Doublade\n|-supereffective|p2a: Doublade\n|-damage|p2a: Doublade|85\/231\n|-damage|p1a: Scolipede|109\/227|[from] item: Life Orb\n|move|p2a: Doublade|Iron Head|p1a: Scolipede\n|-damage|p1a: Scolipede|18\/227\n|\n|-ability|p1a: Scolipede|Speed Boost|boost\n|-boost|p1a: Scolipede|spe|1\n|upkeep\n|turn|6\n|\n|t:|1612853228\n|move|p2a: Doublade|Shadow Sneak|p1a: Scolipede\n|-damage|p1a: Scolipede|0 fnt\n|faint|p1a: Scolipede\n|\n|upkeep\n|\n|t:|1612853237\n|switch|p1a: Excadrill|Excadrill, L78, F|300\/300\n|-ability|p1a: Excadrill|Mold Breaker\n|turn|7\n|\n|t:|1612853241\n|move|p1a: Excadrill|Earthquake|p2a: Doublade\n|-supereffective|p2a: Doublade\n|-damage|p2a: Doublade|0 fnt\n|faint|p2a: Doublade\n|\n|upkeep\n|\n|t:|1612853253\n|switch|p2a: Indeedee|Indeedee-F, L84, F|238\/238\n|turn|8\n|inactive|Battle timer is ON: inactive players will automatically lose when time's up. (requested by BloodRaven1)\n|\n|t:|1612853277\n|switch|p1a: Comfey|Comfey, L86, M|228\/228\n|move|p2a: Indeedee|Flamethrower|p1a: Comfey\n|-damage|p1a: Comfey|145\/228\n|-damage|p2a: Indeedee|215\/238|[from] item: Life Orb\n|\n|upkeep\n|turn|9\n|\n|t:|1612853285\n|move|p1a: Comfey|Draining Kiss|p2a: Indeedee\n|-supereffective|p2a: Indeedee\n|-damage|p2a: Indeedee|81\/238\n|-heal|p1a: Comfey|228\/228|[from] drain|[of] p2a: Indeedee\n|replace|p2a: Zoroark|Zoroark, L84, M\n|-end|p2a: Zoroark|Illusion\n|move|p2a: Zoroark|Nasty Plot|p2a: Zoroark\n|-boost|p2a: Zoroark|spa|2\n|\n|upkeep\n|turn|10\n|\n|t:|1612853288\n|move|p1a: Comfey|Draining Kiss|p2a: Zoroark\n|-supereffective|p2a: Zoroark\n|-damage|p2a: Zoroark|0 fnt\n|faint|p2a: Zoroark\n|\n|upkeep\n|c|\u2606TehranTyphlosions|no psychic surge lol\n|\n|t:|1612853302\n|switch|p2a: Clefable|Clefable, L82, M|161\/290\n|turn|11\n|\n|t:|1612853308\n|move|p1a: Comfey|Draining Kiss|p2a: Clefable\n|-damage|p2a: Clefable|113\/290\n|move|p2a: Clefable|Soft-Boiled|p2a: Clefable\n|-heal|p2a: Clefable|258\/290\n|\n|upkeep\n|turn|12\n|\n|t:|1612853311\n|switch|p1a: Excadrill|Excadrill, L78, F|300\/300\n|-ability|p1a: Excadrill|Mold Breaker\n|move|p2a: Clefable|Calm Mind|p2a: Clefable\n|-boost|p2a: Clefable|spa|1\n|-boost|p2a: Clefable|spd|1\n|\n|upkeep\n|turn|13\n|\n|t:|1612853319\n|switch|p2a: Coalossal|Coalossal, L86, M|329\/329\n|move|p1a: Excadrill|Iron Head|p2a: Coalossal\n|-damage|p2a: Coalossal|253\/329\n|\n|upkeep\n|turn|14\n|\n|t:|1612853326\n|move|p1a: Excadrill|Earthquake|p2a: Coalossal\n|-supereffective|p2a: Coalossal\n|-damage|p2a: Coalossal|0 fnt\n|faint|p2a: Coalossal\n|\n|upkeep\n|\n|t:|1612853334\n|switch|p2a: Indeedee|Indeedee-F, L84, F|255\/255\n|-fieldstart|move: Psychic Terrain|[from] ability: Psychic Surge|[of] p2a: Indeedee\n|turn|15\n|\n|t:|1612853348\n|switch|p1a: Comfey|Comfey, L86, M|228\/228\n|move|p2a: Indeedee|Mystical Fire|p1a: Comfey\n|-damage|p1a: Comfey|184\/228\n|-unboost|p1a: Comfey|spa|1\n|\n|upkeep\n|turn|16\n|\n|t:|1612853351\n|move|p2a: Indeedee|Mystical Fire|p1a: Comfey\n|-damage|p1a: Comfey|144\/228\n|-unboost|p1a: Comfey|spa|1\n|move|p1a: Comfey|Calm Mind|p1a: Comfey\n|-boost|p1a: Comfey|spa|1\n|-boost|p1a: Comfey|spd|1\n|\n|upkeep\n|turn|17\n|\n|t:|1612853358\n|move|p2a: Indeedee|Mystical Fire|p1a: Comfey\n|-damage|p1a: Comfey|115\/228\n|-unboost|p1a: Comfey|spa|1\n|move|p1a: Comfey|Calm Mind|p1a: Comfey\n|-boost|p1a: Comfey|spa|1\n|-boost|p1a: Comfey|spd|1\n|\n|upkeep\n|turn|18\n|\n|t:|1612853362\n|move|p1a: Comfey|Draining Kiss|p2a: Indeedee\n|-activate|p2a: Indeedee|move: Psychic Terrain\n|move|p2a: Indeedee|Mystical Fire|p1a: Comfey\n|-damage|p1a: Comfey|93\/228\n|-unboost|p1a: Comfey|spa|1\n|\n|upkeep\n|turn|19\n|\n|t:|1612853367\n|switch|p1a: Machamp|Machamp, L82, M|198\/282 brn\n|move|p2a: Indeedee|Mystical Fire|p1a: Machamp\n|-damage|p1a: Machamp|144\/282 brn\n|-unboost|p1a: Machamp|spa|1\n|\n|-damage|p1a: Machamp|127\/282 brn|[from] brn\n|-fieldend|move: Psychic Terrain\n|upkeep\n|turn|20\n|\n|t:|1612853380\n|switch|p2a: Clefable|Clefable, L82, M|258\/290\n|move|p1a: Machamp|Close Combat|p2a: Clefable\n|-resisted|p2a: Clefable\n|-damage|p2a: Clefable|122\/290\n|-unboost|p1a: Machamp|def|1\n|-unboost|p1a: Machamp|spd|1\n|\n|-damage|p1a: Machamp|110\/282 brn|[from] brn\n|upkeep\n|turn|21\n|\n|t:|1612853385\n|move|p1a: Machamp|Bullet Punch|p2a: Clefable\n|-supereffective|p2a: Clefable\n|-damage|p2a: Clefable|6\/290\n|move|p2a: Clefable|Soft-Boiled|p2a: Clefable\n|-heal|p2a: Clefable|151\/290\n|\n|-damage|p1a: Machamp|93\/282 brn|[from] brn\n|upkeep\n|turn|22\n|\n|t:|1612853389\n|move|p2a: Clefable|Soft-Boiled|p2a: Clefable\n|-heal|p2a: Clefable|290\/290\n|move|p1a: Machamp|Facade|p2a: Clefable\n|-damage|p2a: Clefable|80\/290\n|\n|-damage|p1a: Machamp|76\/282 brn|[from] brn\n|upkeep\n|turn|23\n|\n|t:|1612853397\n|switch|p2a: Indeedee|Indeedee-F, L84, F|255\/255\n|-fieldstart|move: Psychic Terrain|[from] ability: Psychic Surge|[of] p2a: Indeedee\n|move|p1a: Machamp|Knock Off|p2a: Indeedee\n|-supereffective|p2a: Indeedee\n|-damage|p2a: Indeedee|0 fnt\n|-enditem|p2a: Indeedee|Choice Scarf|[from] move: Knock Off|[of] p1a: Machamp\n|faint|p2a: Indeedee\n|\n|-damage|p1a: Machamp|59\/282 brn|[from] brn\n|upkeep\n|c|\u2606BloodRaven1|Nice hack\n|c|\u2606TehranTyphlosions|lmao\n|\n|t:|1612853415\n|switch|p2a: Lycanroc|Lycanroc-Midnight, L82, F|274\/274\n|turn|24\n|\n|t:|1612853427\n|move|p2a: Lycanroc|Close Combat|p1a: Machamp\n|-damage|p1a: Machamp|0 fnt\n|-unboost|p2a: Lycanroc|def|1\n|-unboost|p2a: Lycanroc|spd|1\n|faint|p1a: Machamp\n|\n|upkeep\n|\n|t:|1612853432\n|switch|p1a: Qwilfish|Qwilfish, L84, M|246\/246\n|-ability|p1a: Qwilfish|Intimidate|boost\n|-unboost|p2a: Lycanroc|atk|1\n|turn|25\n|\n|t:|1612853436\n|switch|p2a: Clefable|Clefable, L82, M|80\/290\n|move|p1a: Qwilfish|Waterfall|p2a: Clefable\n|-damage|p2a: Clefable|0 fnt\n|faint|p2a: Clefable\n|\n|upkeep\n|\n|t:|1612853438\n|switch|p2a: Lycanroc|Lycanroc-Midnight, L82, F|274\/274\n|turn|26\n|\n|t:|1612853440\n|-start|p2a: Lycanroc|Dynamax\n|-heal|p2a: Lycanroc|548\/548|[silent]\n|move|p1a: Qwilfish|Taunt|p2a: Lycanroc\n|-start|p2a: Lycanroc|move: Taunt\n|move|p2a: Lycanroc|Max Rockfall|p1a: Qwilfish\n|-damage|p1a: Qwilfish|93\/246\n|-weather|Sandstorm\n|\n|-weather|Sandstorm|[upkeep]\n|-damage|p1a: Qwilfish|78\/246|[from] Sandstorm\n|-heal|p1a: Qwilfish|93\/246|[from] item: Black Sludge\n|upkeep\n|turn|27\n|\n|t:|1612853445\n|move|p1a: Qwilfish|Destiny Bond|p1a: Qwilfish\n|-singlemove|p1a: Qwilfish|Destiny Bond\n|move|p2a: Lycanroc|Max Knuckle|p1a: Qwilfish\n|-resisted|p1a: Qwilfish\n|-damage|p1a: Qwilfish|55\/246\n|-boost|p2a: Lycanroc|atk|1\n|\n|-weather|Sandstorm|[upkeep]\n|-damage|p1a: Qwilfish|40\/246|[from] Sandstorm\n|-heal|p1a: Qwilfish|55\/246|[from] item: Black Sludge\n|-fieldend|move: Psychic Terrain\n|upkeep\n|turn|28\n|\n|t:|1612853451\n|move|p1a: Qwilfish|Thunder Wave|p2a: Lycanroc\n|-status|p2a: Lycanroc|par\n|cant|p2a: Lycanroc|par\n|\n|-weather|Sandstorm|[upkeep]\n|-damage|p1a: Qwilfish|40\/246|[from] Sandstorm\n|-heal|p1a: Qwilfish|55\/246|[from] item: Black Sludge\n|-end|p2a: Lycanroc|move: Taunt\n|-end|p2a: Lycanroc|Dynamax\n|-heal|p2a: Lycanroc|274\/274 par|[silent]\n|upkeep\n|turn|29\n|\n|t:|1612853459\n|cant|p2a: Lycanroc|par\n|move|p1a: Qwilfish|Destiny Bond|p1a: Qwilfish\n|-singlemove|p1a: Qwilfish|Destiny Bond\n|\n|-weather|Sandstorm|[upkeep]\n|-damage|p1a: Qwilfish|40\/246|[from] Sandstorm\n|-heal|p1a: Qwilfish|55\/246|[from] item: Black Sludge\n|upkeep\n|turn|30\n|\n|t:|1612853462\n|move|p1a: Qwilfish|Waterfall|p2a: Lycanroc\n|-supereffective|p2a: Lycanroc\n|-crit|p2a: Lycanroc\n|-damage|p2a: Lycanroc|2\/274 par\n|cant|p2a: Lycanroc|par\n|\n|-weather|none\n|-heal|p1a: Qwilfish|70\/246|[from] item: Black Sludge\n|upkeep\n|turn|31\n|\n|t:|1612853465\n|move|p2a: Lycanroc|Sucker Punch|p1a: Qwilfish\n|-damage|p1a: Qwilfish|0 fnt\n|faint|p1a: Qwilfish\n|\n|upkeep\n|\n|t:|1612853468\n|switch|p1a: Excadrill|Excadrill, L78, F|300\/300\n|-ability|p1a: Excadrill|Mold Breaker\n|turn|32\n|-message|BloodRaven1 forfeited.\n|\n|win|TehranTyphlosions\n|l|\u2606BloodRaven1\n|raw|TehranTyphlosions's rating: 1591 &rarr; <strong>1610<\/strong><br \/>(+19 for winning)\n|raw|BloodRaven1's rating: 1573 &rarr; <strong>1554<\/strong><br \/>(-19 for losing)\n","inputlog":">version a14ea20be47d886767ec743c078972382755dddd\n>start {\"formatid\":\"gen8randombattle\",\"seed\":[38443,51060,35663,22491],\"rated\":\"Rated battle\"}\n>player p1 {\"name\":\"TehranTyphlosions\",\"avatar\":\"clair\",\"team\":\"\",\"rating\":1591,\"seed\":[51960,59011,2294,55746]}\n>player p2 {\"name\":\"BloodRaven1\",\"avatar\":\"alder\",\"team\":\"\",\"rating\":1573,\"seed\":[61335,30444,10599,7735]}\n>p1 switch 2\n>p2 move stoneedge\n>p1 move closecombat\n>p2 switch 4\n>p1 switch 6\n>p2 switch 3\n>p1 move swordsdance\n>p2 move ironhead\n>p1 move earthquake\n>p2 move ironhead\n>p1 move earthquake\n>p2 move shadowsneak\n>p1 switch 5\n>p1 move earthquake\n>p2 move sacredsword\n>p2 switch 5\n>p1 switch 2\n>p2 move flamethrower\n>p1 move drainingkiss\n>p2 move nastyplot\n>p1 move drainingkiss\n>p2 move sludgebomb\n>chat \u2606TehranTyphlosions|no psychic surge lol\n>p2 switch 3\n>p1 move drainingkiss\n>p2 move softboiled\n>p1 switch 2\n>p2 move calmmind\n>p1 move ironhead\n>p2 switch 2\n>p1 move earthquake\n>p2 move overheat\n>p2 switch 6\n>p1 switch 2\n>p2 move mysticalfire\n>p1 move calmmind\n>p2 move mysticalfire\n>p1 move calmmind\n>p2 move mysticalfire\n>p1 move drainingkiss\n>p2 move mysticalfire\n>p1 switch 6\n>p2 move mysticalfire\n>p1 move closecombat\n>p2 switch 2\n>p1 move bulletpunch\n>p2 move softboiled\n>p1 move facade\n>p2 move softboiled\n>p1 move knockoff\n>p2 switch 2\n>chat \u2606BloodRaven1|Nice hack\n>chat \u2606TehranTyphlosions|lmao\n>p2 switch 4\n>p1 move closecombat\n>p2 move closecombat\n>p1 switch 3\n>p1 move waterfall\n>p2 switch 2\n>p2 switch 2\n>p1 move taunt\n>p2 move stoneedge dynamax\n>p1 move destinybond\n>p2 move closecombat dynamax\n>p1 move thunderwave\n>p2 move suckerpunch dynamax\n>p1 move destinybond\n>p2 move suckerpunch\n>p1 move waterfall\n>p2 move stealthrock\n>p1 move waterfall\n>p2 move suckerpunch\n>p1 switch 2","uploadtime":1612853480,"views":6,"p1id":"tehrantyphlosions","p2id":"bloodraven1","formatid":"gen8randombattle","rating":1554,"private":0,"password":null}