{"id":"gen8randombattle-1453747459","p1":"Foolish Shogun","p2":"wrtyu","format":"gen8randombattle","log":"|j|\u2606Foolish Shogun\n|j|\u2606wrtyu\n|t:|1636874066\n|gametype|singles\n|player|p1|Foolish Shogun|ghetsis-gen5bw|1501\n|player|p2|wrtyu|artist|1523\n|teamsize|p1|6\n|teamsize|p2|6\n|gen|8\n|tier|[Gen 8] Random Battle\n|rated|\n|rule|Species Clause: Limit one of each Pok\u00e9mon\n|rule|HP Percentage Mod: HP is shown in percentages\n|rule|Sleep Clause Mod: Limit one foe put to sleep\n|\n|t:|1636874066\n|start\n|switch|p1a: Decidueye|Decidueye, L86, M|274\/274\n|switch|p2a: Toxapex|Toxapex, L82, F|216\/216\n|turn|1\n|\n|t:|1636874089\n|move|p1a: Decidueye|Poltergeist|p2a: Toxapex\n|-activate|p2a: Toxapex|move: Poltergeist|Black Sludge\n|-damage|p2a: Toxapex|99\/216\n|-damage|p1a: Decidueye|247\/274|[from] item: Life Orb\n|move|p2a: Toxapex|Toxic|p1a: Decidueye\n|-status|p1a: Decidueye|tox\n|\n|-heal|p2a: Toxapex|112\/216|[from] item: Black Sludge\n|-damage|p1a: Decidueye|230\/274 tox|[from] psn\n|upkeep\n|turn|2\n|\n|t:|1636874105\n|switch|p2a: Tyranitar|Tyranitar, L78, M|284\/284\n|-weather|Sandstorm|[from] ability: Sand Stream|[of] p2a: Tyranitar\n|move|p1a: Decidueye|Poltergeist|p2a: Tyranitar\n|-activate|p2a: Tyranitar|move: Poltergeist|Leftovers\n|-resisted|p2a: Tyranitar\n|-damage|p2a: Tyranitar|206\/284\n|-damage|p1a: Decidueye|203\/274 tox|[from] item: Life Orb\n|\n|-weather|Sandstorm|[upkeep]\n|-damage|p1a: Decidueye|186\/274 tox|[from] Sandstorm\n|-heal|p2a: Tyranitar|223\/284|[from] item: Leftovers\n|-damage|p1a: Decidueye|152\/274 tox|[from] psn\n|upkeep\n|turn|3\n|\n|t:|1636874120\n|move|p1a: Decidueye|Leaf Blade|p2a: Tyranitar\n|-supereffective|p2a: Tyranitar\n|-damage|p2a: Tyranitar|0 fnt\n|faint|p2a: Tyranitar\n|-damage|p1a: Decidueye|125\/274 tox|[from] item: Life Orb\n|\n|-weather|Sandstorm|[upkeep]\n|-damage|p1a: Decidueye|108\/274 tox|[from] Sandstorm\n|-damage|p1a: Decidueye|57\/274 tox|[from] psn\n|upkeep\n|\n|t:|1636874125\n|switch|p2a: Toxapex|Toxapex, L82, F|184\/216\n|turn|4\n|\n|t:|1636874135\n|move|p2a: Toxapex|Baneful Bunker|p2a: Toxapex\n|-singleturn|p2a: Toxapex|move: Protect\n|move|p1a: Decidueye|Roost|p1a: Decidueye\n|-heal|p1a: Decidueye|194\/274 tox\n|-singleturn|p1a: Decidueye|move: Roost\n|\n|-weather|Sandstorm|[upkeep]\n|-damage|p1a: Decidueye|177\/274 tox|[from] Sandstorm\n|-damage|p2a: Toxapex|171\/216|[from] Sandstorm\n|-heal|p2a: Toxapex|184\/216|[from] item: Black Sludge\n|-damage|p1a: Decidueye|109\/274 tox|[from] psn\n|upkeep\n|turn|5\n|\n|t:|1636874145\n|switch|p1a: Exeggutor|Exeggutor, L86, F|304\/304\n|move|p2a: Toxapex|Scald|p1a: Exeggutor\n|-resisted|p1a: Exeggutor\n|-crit|p1a: Exeggutor\n|-damage|p1a: Exeggutor|258\/304\n|-status|p1a: Exeggutor|brn\n|\n|-weather|Sandstorm|[upkeep]\n|-damage|p1a: Exeggutor|239\/304 brn|[from] Sandstorm\n|-damage|p2a: Toxapex|171\/216|[from] Sandstorm\n|-heal|p2a: Toxapex|184\/216|[from] item: Black Sludge\n|-damage|p1a: Exeggutor|220\/304 brn|[from] brn\n|upkeep\n|turn|6\n|\n|t:|1636874161\n|switch|p2a: Goodra|Goodra, L82, F|282\/282\n|move|p1a: Exeggutor|Substitute|p1a: Exeggutor\n|-start|p1a: Exeggutor|Substitute\n|-damage|p1a: Exeggutor|144\/304 brn\n|-enditem|p1a: Exeggutor|Sitrus Berry|[eat]\n|-heal|p1a: Exeggutor|220\/304 brn|[from] item: Sitrus Berry\n|\n|-weather|none\n|-damage|p1a: Exeggutor|201\/304 brn|[from] brn\n|upkeep\n|turn|7\n|\n|t:|1636874171\n|move|p2a: Goodra|Sludge Bomb|p1a: Exeggutor\n|-supereffective|p1a: Exeggutor\n|-crit|p1a: Exeggutor\n|-end|p1a: Exeggutor|Substitute\n|move|p1a: Exeggutor|Psychic|p2a: Goodra\n|-damage|p2a: Goodra|230\/282\n|-unboost|p2a: Goodra|spd|1\n|\n|-damage|p1a: Exeggutor|182\/304 brn|[from] brn\n|-item|p1a: Exeggutor|Sitrus Berry|[from] ability: Harvest\n|upkeep\n|turn|8\n|\n|t:|1636874202\n|switch|p1a: Decidueye|Decidueye, L86, M|109\/274 tox\n|move|p2a: Goodra|Sludge Bomb|p1a: Decidueye\n|-damage|p1a: Decidueye|50\/274 tox\n|\n|-damage|p1a: Decidueye|33\/274 tox|[from] psn\n|upkeep\n|turn|9\n|\n|t:|1636874212\n|move|p2a: Goodra|Sludge Bomb|p1a: Decidueye\n|-damage|p1a: Decidueye|0 fnt\n|faint|p1a: Decidueye\n|\n|upkeep\n|\n|t:|1636874224\n|switch|p1a: Barbaracle|Barbaracle, L80, M|246\/246\n|turn|10\n|\n|t:|1636874232\n|move|p2a: Goodra|Power Whip|p1a: Barbaracle\n|-supereffective|p1a: Barbaracle\n|-damage|p1a: Barbaracle|0 fnt\n|faint|p1a: Barbaracle\n|\n|upkeep\n|\n|t:|1636874236\n|switch|p1a: Hydreigon|Hydreigon, L80, M|278\/278\n|turn|11\n|\n|t:|1636874246\n|switch|p2a: Toxapex|Toxapex, L82, F|216\/216\n|move|p1a: Hydreigon|Draco Meteor|p2a: Toxapex\n|-damage|p2a: Toxapex|116\/216\n|-unboost|p1a: Hydreigon|spa|2\n|\n|-heal|p2a: Toxapex|129\/216|[from] item: Black Sludge\n|upkeep\n|turn|12\n|\n|t:|1636874258\n|switch|p1a: Exeggutor|Exeggutor, L86, F|182\/304 brn\n|move|p2a: Toxapex|Toxic||[still]\n|-fail|p2a: Toxapex\n|\n|-heal|p2a: Toxapex|142\/216|[from] item: Black Sludge\n|-damage|p1a: Exeggutor|163\/304 brn|[from] brn\n|upkeep\n|turn|13\n|\n|t:|1636874267\n|switch|p2a: Goodra|Goodra, L82, F|230\/282\n|move|p1a: Exeggutor|Psychic|p2a: Goodra\n|-damage|p2a: Goodra|179\/282\n|-unboost|p2a: Goodra|spd|1\n|\n|-damage|p1a: Exeggutor|144\/304 brn|[from] brn\n|upkeep\n|-enditem|p1a: Exeggutor|Sitrus Berry|[eat]\n|-heal|p1a: Exeggutor|220\/304 brn|[from] item: Sitrus Berry\n|turn|14\n|\n|t:|1636874278\n|move|p2a: Goodra|Sludge Bomb|p1a: Exeggutor\n|-supereffective|p1a: Exeggutor\n|-damage|p1a: Exeggutor|64\/304 brn\n|move|p1a: Exeggutor|Psychic|p2a: Goodra\n|-damage|p2a: Goodra|101\/282\n|\n|-damage|p1a: Exeggutor|45\/304 brn|[from] brn\n|-item|p1a: Exeggutor|Sitrus Berry|[from] ability: Harvest\n|upkeep\n|-enditem|p1a: Exeggutor|Sitrus Berry|[eat]\n|-heal|p1a: Exeggutor|121\/304 brn|[from] item: Sitrus Berry\n|turn|15\n|\n|t:|1636874290\n|move|p2a: Goodra|Sludge Bomb|p1a: Exeggutor\n|-supereffective|p1a: Exeggutor\n|-damage|p1a: Exeggutor|0 fnt\n|faint|p1a: Exeggutor\n|\n|upkeep\n|\n|t:|1636874294\n|switch|p1a: Hydreigon|Hydreigon, L80, M|278\/278\n|turn|16\n|\n|t:|1636874298\n|switch|p2a: Toxapex|Toxapex, L82, F|214\/216\n|move|p1a: Hydreigon|Dark Pulse|p2a: Toxapex\n|-damage|p2a: Toxapex|147\/216\n|\n|-heal|p2a: Toxapex|160\/216|[from] item: Black Sludge\n|upkeep\n|turn|17\n|\n|t:|1636874303\n|move|p1a: Hydreigon|Nasty Plot|p1a: Hydreigon\n|-boost|p1a: Hydreigon|spa|2\n|move|p2a: Toxapex|Toxic|p1a: Hydreigon\n|-status|p1a: Hydreigon|tox\n|\n|-heal|p2a: Toxapex|173\/216|[from] item: Black Sludge\n|-damage|p1a: Hydreigon|261\/278 tox|[from] psn\n|upkeep\n|turn|18\n|\n|t:|1636874314\n|move|p1a: Hydreigon|Nasty Plot|p1a: Hydreigon\n|-boost|p1a: Hydreigon|spa|2\n|move|p2a: Toxapex|Scald|p1a: Hydreigon\n|-resisted|p1a: Hydreigon\n|-damage|p1a: Hydreigon|233\/278 tox\n|\n|-heal|p1a: Hydreigon|250\/278 tox|[from] item: Leftovers\n|-heal|p2a: Toxapex|186\/216|[from] item: Black Sludge\n|-damage|p1a: Hydreigon|216\/278 tox|[from] psn\n|upkeep\n|turn|19\n|\n|t:|1636874327\n|move|p2a: Toxapex|Baneful Bunker|p2a: Toxapex\n|-singleturn|p2a: Toxapex|move: Protect\n|move|p1a: Hydreigon|Draco Meteor|p2a: Toxapex\n|-activate|p2a: Toxapex|move: Protect\n|\n|-heal|p1a: Hydreigon|233\/278 tox|[from] item: Leftovers\n|-heal|p2a: Toxapex|199\/216|[from] item: Black Sludge\n|-damage|p1a: Hydreigon|182\/278 tox|[from] psn\n|upkeep\n|turn|20\n|\n|t:|1636874342\n|switch|p2a: Goodra|Goodra, L82, F|101\/282\n|move|p1a: Hydreigon|Draco Meteor|p2a: Goodra\n|-supereffective|p2a: Goodra\n|-damage|p2a: Goodra|0 fnt\n|-unboost|p1a: Hydreigon|spa|2\n|faint|p2a: Goodra\n|\n|-heal|p1a: Hydreigon|199\/278 tox|[from] item: Leftovers\n|-damage|p1a: Hydreigon|131\/278 tox|[from] psn\n|upkeep\n|\n|t:|1636874345\n|switch|p2a: Marshadow|Marshadow, L70|242\/242\n|turn|21\n|\n|t:|1636874358\n|switch|p1a: Porygon2|Porygon2, L82|274\/274\n|-ability|p1a: Porygon2|Technician|[from] ability: Trace|[of] p2a: Marshadow\n|move|p2a: Marshadow|Close Combat|p1a: Porygon2\n|-supereffective|p1a: Porygon2\n|-damage|p1a: Porygon2|62\/274\n|-unboost|p2a: Marshadow|def|1\n|-unboost|p2a: Marshadow|spd|1\n|\n|upkeep\n|turn|22\n|\n|t:|1636874368\n|move|p2a: Marshadow|Close Combat|p1a: Porygon2\n|-supereffective|p1a: Porygon2\n|-damage|p1a: Porygon2|0 fnt\n|-unboost|p2a: Marshadow|def|1\n|-unboost|p2a: Marshadow|spd|1\n|faint|p1a: Porygon2\n|\n|upkeep\n|\n|t:|1636874370\n|switch|p1a: Raichu|Raichu-Alola, L84, F|238\/238\n|turn|23\n|\n|t:|1636874381\n|switch|p2a: Swampert|Swampert, L80, M|291\/291\n|-start|p1a: Raichu|Dynamax\n|-heal|p1a: Raichu|476\/476|[silent]\n|move|p1a: Raichu|Max Lightning|p2a: Swampert\n|-immune|p2a: Swampert\n|\n|upkeep\n|turn|24\n|\n|t:|1636874408\n|-start|p2a: Swampert|Dynamax\n|-heal|p2a: Swampert|582\/582|[silent]\n|move|p2a: Swampert|Max Guard|p2a: Swampert\n|-singleturn|p2a: Swampert|Max Guard\n|move|p1a: Raichu|Max Overgrowth|p2a: Swampert\n|-activate|p2a: Swampert|move: Max Guard\n|\n|upkeep\n|turn|25\n|\n|t:|1636874426\n|move|p1a: Raichu|Max Overgrowth|p2a: Swampert\n|-supereffective|p2a: Swampert\n|-damage|p2a: Swampert|88\/582\n|-fieldstart|move: Grassy Terrain\n|-damage|p1a: Raichu|453\/476|[from] item: Life Orb\n|move|p2a: Swampert|Max Quake|p1a: Raichu\n|-supereffective|p1a: Raichu\n|-damage|p1a: Raichu|9\/476\n|-boost|p2a: Swampert|spd|1\n|\n|-heal|p1a: Raichu|23\/476|[from] Grassy Terrain\n|-heal|p2a: Swampert|106\/582|[from] Grassy Terrain\n|-heal|p2a: Swampert|124\/582|[from] item: Leftovers\n|-end|p1a: Raichu|Dynamax\n|-heal|p1a: Raichu|12\/238|[silent]\n|upkeep\n|turn|26\n|\n|t:|1636874437\n|move|p1a: Raichu|Psyshock|p2a: Swampert\n|-damage|p2a: Swampert|15\/582\n|-damage|p1a: Raichu|0 fnt|[from] item: Life Orb\n|faint|p1a: Raichu\n|move|p2a: Swampert|Max Quake|p1: Raichu|[notarget]\n|-fail|p2a: Swampert\n|\n|-heal|p2a: Swampert|33\/582|[from] Grassy Terrain\n|-heal|p2a: Swampert|51\/582|[from] item: Leftovers\n|-end|p2a: Swampert|Dynamax\n|-heal|p2a: Swampert|26\/291|[silent]\n|upkeep\n|-message|Foolish Shogun forfeited.\n|\n|win|wrtyu\n|raw|Foolish Shogun's rating: 1501 &rarr; <strong>1482<\/strong><br \/>(-19 for losing)\n|raw|wrtyu's rating: 1523 &rarr; <strong>1542<\/strong><br \/>(+19 for winning)\n|l|\u2606Foolish Shogun\n","inputlog":">version f60849693894dbf05bb0da8f40651d074b836b4b\n>start {\"formatid\":\"gen8randombattle\",\"seed\":[63096,61959,13272,34583],\"rated\":\"Rated battle\"}\n>player p1 {\"name\":\"Foolish Shogun\",\"avatar\":\"ghetsis-gen5bw\",\"rating\":1501,\"seed\":[50918,43880,23024,7452]}\n>player p2 {\"name\":\"wrtyu\",\"avatar\":\"artist\",\"rating\":1523,\"seed\":[58540,54224,6795,60883]}\n>p1 move poltergeist\n>p2 move toxic\n>p1 move poltergeist\n>p2 switch 4\n>p1 move leafblade\n>p2 move stealthrock\n>p2 switch 4\n>p1 move roost\n>p2 move banefulbunker\n>p1 switch 5\n>p2 move scald\n>p1 move substitute\n>p2 switch 3\n>p1 move psychic\n>p2 move sludgebomb\n>p1 switch 5\n>p2 move sludgebomb\n>p1 move poltergeist\n>p2 move sludgebomb\n>p1 switch 2\n>p1 move stoneedge\n>p2 move powerwhip\n>p1 switch 4\n>p1 move dracometeor\n>p2 switch 3\n>p1 switch 5\n>p2 move toxic\n>p1 move psychic\n>p2 switch 3\n>p1 move psychic\n>p2 move sludgebomb\n>p1 move psychic\n>p2 move sludgebomb\n>p1 switch 5\n>p1 move darkpulse\n>p2 switch 3\n>p1 move nastyplot\n>p2 move toxic\n>p1 move nastyplot\n>p2 move scald\n>p1 move dracometeor\n>p2 move banefulbunker\n>p1 move dracometeor\n>p2 switch 3\n>p2 switch 5\n>p1 switch 6\n>p2 move closecombat\n>p1 move triattack\n>p2 move closecombat\n>p1 switch 3\n>p1 move thunderbolt dynamax\n>p2 switch 2\n>p1 move grassknot dynamax\n>p2 move toxic dynamax\n>p1 move grassknot dynamax\n>p2 move earthquake dynamax\n>p1 move psyshock\n>p2 move earthquake dynamax\n>forcelose p1","uploadtime":1636874447,"views":12,"p1id":"foolishshogun","p2id":"wrtyu","formatid":"gen8randombattle","rating":1482,"private":0,"password":null}