{"id":"gen8randombattle-1472001336","p1":"NeoNaruto\u00ae++","p2":"AmyCat45","format":"gen8randombattle","log":"|j|\u2606NeoNaruto\u00ae++\n|j|\u2606AmyCat45\n|t:|1639349395\n|gametype|singles\n|player|p1|NeoNaruto\u00ae++|medium|1113\n|player|p2|AmyCat45|1|1164\n|teamsize|p1|6\n|teamsize|p2|6\n|gen|8\n|tier|[Gen 8] Random Battle\n|rated|\n|rule|Species Clause: Limit one of each Pok\u00e9mon\n|rule|HP Percentage Mod: HP is shown in percentages\n|rule|Sleep Clause Mod: Limit one foe put to sleep\n|\n|t:|1639349395\n|start\n|switch|p1a: Cramorant|Cramorant, L84, F|255\/255\n|switch|p2a: Butterfree|Butterfree, L87, F|246\/246\n|turn|1\n|inactive|Battle timer is ON: inactive players will automatically lose when time's up. (requested by NeoNaruto\u00ae++)\n|\n|t:|1639349406\n|switch|p2a: Regieleki|Regieleki, L78|253\/253\n|move|p1a: Cramorant|Brave Bird|p2a: Regieleki\n|-resisted|p2a: Regieleki\n|-damage|p2a: Regieleki|168\/253\n|-damage|p1a: Cramorant|227\/255|[from] Recoil\n|\n|upkeep\n|turn|2\n|\n|t:|1639349418\n|switch|p1a: Dracozolt|Dracozolt, L78|268\/268\n|move|p2a: Regieleki|Substitute|p2a: Regieleki\n|-start|p2a: Regieleki|Substitute\n|-damage|p2a: Regieleki|105\/253\n|\n|upkeep\n|turn|3\n|\n|t:|1639349431\n|move|p2a: Regieleki|Volt Switch|p1a: Dracozolt\n|-resisted|p1a: Dracozolt\n|-damage|p1a: Dracozolt|233\/268\n|\n|t:|1639349438\n|switch|p2a: Ribombee|Ribombee, L82, M|233\/233\n|move|p1a: Dracozolt|Earthquake|p2a: Ribombee\n|-resisted|p2a: Ribombee\n|-damage|p2a: Ribombee|145\/233\n|\n|upkeep\n|turn|4\n|\n|t:|1639349449\n|switch|p1a: Heracross|Heracross, L82, M|265\/265\n|move|p2a: Ribombee|Sticky Web|p1a: Heracross\n|-sidestart|p1: NeoNaruto\u00ae++|move: Sticky Web\n|\n|-status|p1a: Heracross|brn|[from] item: Flame Orb\n|upkeep\n|turn|5\n|inactive|AmyCat45 has 120 seconds left.\n|\n|t:|1639349486\n|move|p2a: Ribombee|Moonblast|p1a: Heracross\n|-supereffective|p1a: Heracross\n|-damage|p1a: Heracross|83\/265 brn\n|move|p1a: Heracross|Facade|p2a: Ribombee\n|-damage|p2a: Ribombee|0 fnt\n|faint|p2a: Ribombee\n|\n|-damage|p1a: Heracross|67\/265 brn|[from] brn\n|upkeep\n|\n|t:|1639349499\n|switch|p2a: Regieleki|Regieleki, L78|105\/253\n|turn|6\n|\n|t:|1639349506\n|move|p2a: Regieleki|Volt Switch|p1a: Heracross\n|-damage|p1a: Heracross|0 fnt\n|faint|p1a: Heracross\n|\n|t:|1639349514\n|switch|p2a: Butterfree|Butterfree, L87, F|246\/246\n|\n|upkeep\n|\n|t:|1639349521\n|switch|p1a: Cramorant|Cramorant, L84, F|227\/255\n|turn|7\n|\n|t:|1639349528\n|move|p1a: Cramorant|Brave Bird|p2a: Butterfree\n|-supereffective|p2a: Butterfree\n|-damage|p2a: Butterfree|0 fnt\n|faint|p2a: Butterfree\n|-damage|p1a: Cramorant|146\/255|[from] Recoil\n|\n|upkeep\n|\n|t:|1639349536\n|switch|p2a: Regieleki|Regieleki, L78|105\/253\n|turn|8\n|\n|t:|1639349541\n|switch|p1a: Audino|Audino, L90, F|332\/332\n|-activate|p1a: Audino|move: Sticky Web\n|-unboost|p1a: Audino|spe|1\n|move|p2a: Regieleki|Thunderbolt|p1a: Audino\n|-damage|p1a: Audino|185\/332\n|\n|-heal|p1a: Audino|205\/332|[from] item: Leftovers\n|upkeep\n|turn|9\n|\n|t:|1639349554\n|move|p1a: Audino|Protect|p1a: Audino\n|-singleturn|p1a: Audino|Protect\n|move|p2a: Regieleki|Volt Switch|p1a: Audino\n|-activate|p1a: Audino|move: Protect\n|\n|-heal|p1a: Audino|225\/332|[from] item: Leftovers\n|upkeep\n|turn|10\n|inactive|NeoNaruto\u00ae++ has 120 seconds left.\n|\n|t:|1639349590\n|move|p2a: Regieleki|Volt Switch|p1a: Audino\n|-damage|p1a: Audino|111\/332\n|\n|t:|1639349598\n|switch|p2a: Mienshao|Mienshao, L82, F|241\/241\n|move|p1a: Audino|Wish|p1a: Audino\n|\n|-heal|p1a: Audino|131\/332|[from] item: Leftovers\n|upkeep\n|turn|11\n|\n|t:|1639349611\n|switch|p1a: Cramorant|Cramorant, L84, F|146\/255\n|move|p2a: Mienshao|Swords Dance|p2a: Mienshao\n|-boost|p2a: Mienshao|atk|2\n|\n|-heal|p1a: Cramorant|255\/255|[from] move: Wish|[wisher] Audino\n|upkeep\n|turn|12\n|inactive|NeoNaruto\u00ae++ has 120 seconds left.\n|\n|t:|1639349640\n|move|p2a: Mienshao|Knock Off|p1a: Cramorant\n|-damage|p1a: Cramorant|0 fnt\n|-enditem|p1a: Cramorant|Heavy-Duty Boots|[from] move: Knock Off|[of] p2a: Mienshao\n|faint|p1a: Cramorant\n|-damage|p2a: Mienshao|217\/241|[from] item: Life Orb\n|\n|upkeep\n|\n|t:|1639349644\n|switch|p1a: Kyurem|Kyurem-White, L74|307\/307\n|-activate|p1a: Kyurem|move: Sticky Web\n|-unboost|p1a: Kyurem|spe|1\n|-ability|p1a: Kyurem|Turboblaze\n|turn|13\n|inactive|NeoNaruto\u00ae++ has 120 seconds left.\n|\n|t:|1639349655\n|-start|p1a: Kyurem|Dynamax\n|-heal|p1a: Kyurem|614\/614|[silent]\n|move|p2a: Mienshao|Close Combat|p1a: Kyurem\n|-supereffective|p1a: Kyurem\n|-damage|p1a: Kyurem|0 fnt\n|-unboost|p2a: Mienshao|def|1\n|-unboost|p2a: Mienshao|spd|1\n|faint|p1a: Kyurem\n|-damage|p2a: Mienshao|193\/241|[from] item: Life Orb\n|\n|upkeep\n|inactive|NeoNaruto\u00ae++ has 120 seconds left.\n|inactive|NeoNaruto\u00ae++ has 90 seconds left.\n|-message|NeoNaruto\u00ae++ forfeited.\n|\n|win|AmyCat45\n|raw|NeoNaruto\u00ae++'s rating: 1159 &rarr; <strong>1134<\/strong><br \/>(-25 for losing)\n|raw|AmyCat45's rating: 1164 &rarr; <strong>1189<\/strong><br \/>(+25 for winning)\n|l|\u2606NeoNaruto\u00ae++\n","inputlog":">version 091f6c685a4fac48040b72c01c12653a26e381e5\n>version-origin 8c2266149c5895865e0193482990f80b8a71205b\n>start {\"formatid\":\"gen8randombattle\",\"seed\":[15697,24311,48064,42825],\"rated\":\"Rated battle\"}\n>player p1 {\"name\":\"NeoNaruto\u00ae++\",\"avatar\":\"medium\",\"rating\":1113,\"seed\":[11014,8120,33894,8781]}\n>player p2 {\"name\":\"AmyCat45\",\"avatar\":\"1\",\"rating\":1164,\"seed\":[14556,24698,49964,19224]}\n>p1 move bravebird\n>p2 switch 2\n>p1 switch 5\n>p2 move substitute\n>p1 move earthquake\n>p2 move voltswitch\n>p2 switch 6\n>p1 switch 6\n>p2 move stickyweb\n>p1 move facade\n>p2 move moonblast\n>p2 switch 6\n>p1 move facade\n>p2 move voltswitch\n>p2 switch 2\n>p1 switch 5\n>p1 move bravebird\n>p2 move sleeppowder\n>p2 switch 2\n>p1 switch 3\n>p2 move thunderbolt\n>p1 move protect\n>p2 move voltswitch\n>p1 move wish\n>p2 move voltswitch\n>p2 switch 4\n>p1 switch 3\n>p2 move swordsdance\n>p1 move bravebird\n>p2 move knockoff\n>p1 switch 4\n>p1 move dracometeor dynamax\n>p2 move closecombat\n>forcelose p1","uploadtime":1639349709,"views":7,"p1id":"neonaruto","p2id":"amycat45","formatid":"gen8randombattle","rating":1134,"private":0,"password":null}