{"id":"gen8randombattle-1413976964","p1":"DjezzeMwoan","p2":"andrew_andres3","format":"gen8randombattle","log":"|j|\u2606DjezzeMwoan\n|j|\u2606andrew_andres3\n|t:|1631281935\n|gametype|singles\n|player|p1|DjezzeMwoan|52|1908\n|player|p2|andrew_andres3|ethan|1887\n|teamsize|p1|6\n|teamsize|p2|6\n|gen|8\n|tier|[Gen 8] Random Battle\n|rated|\n|rule|Species Clause: Limit one of each Pok\u00e9mon\n|rule|HP Percentage Mod: HP is shown in percentages\n|rule|Sleep Clause Mod: Limit one foe put to sleep\n|\n|t:|1631281935\n|start\n|switch|p1a: Machamp|Machamp, L82, F|282\/282\n|switch|p2a: Lilligant|Lilligant, L84, F|255\/255\n|turn|1\n|inactive|Battle timer is ON: inactive players will automatically lose when time's up. (requested by andrew_andres3)\n|\n|t:|1631281954\n|move|p2a: Lilligant|Sleep Powder|p1a: Machamp\n|-status|p1a: Machamp|slp|[from] move: Sleep Powder\n|cant|p1a: Machamp|slp\n|\n|upkeep\n|turn|2\n|\n|t:|1631281961\n|switch|p1a: Kyurem|Kyurem-White, L74|307\/307\n|-ability|p1a: Kyurem|Turboblaze\n|move|p2a: Lilligant|Quiver Dance|p2a: Lilligant\n|-boost|p2a: Lilligant|spa|1\n|-boost|p2a: Lilligant|spd|1\n|-boost|p2a: Lilligant|spe|1\n|\n|upkeep\n|turn|3\n|\n|t:|1631281964\n|move|p2a: Lilligant|Quiver Dance|p2a: Lilligant\n|-boost|p2a: Lilligant|spa|1\n|-boost|p2a: Lilligant|spd|1\n|-boost|p2a: Lilligant|spe|1\n|move|p1a: Kyurem|Ice Beam|p2a: Lilligant\n|-supereffective|p2a: Lilligant\n|-damage|p2a: Lilligant|115\/255\n|-status|p2a: Lilligant|frz\n|\n|-heal|p2a: Lilligant|130\/255 frz|[from] item: Leftovers\n|upkeep\n|turn|4\n|\n|t:|1631281968\n|cant|p2a: Lilligant|frz\n|move|p1a: Kyurem|Ice Beam|p2a: Lilligant\n|-supereffective|p2a: Lilligant\n|-damage|p2a: Lilligant|0 fnt\n|faint|p2a: Lilligant\n|\n|upkeep\n|c|\u2606andrew_andres3|OFC\n|c|\u2606DjezzeMwoan|a yes\n|\n|t:|1631281983\n|switch|p2a: Aggron|Aggron, L85, F|258\/258\n|-item|p2a: Aggron|Air Balloon\n|turn|5\n|c|\u2606DjezzeMwoan|liligant the kyurem counter\n|\n|t:|1631281990\n|switch|p1a: Swampert|Swampert, L80, F|291\/291\n|move|p2a: Aggron|Head Smash|p1a: Swampert\n|-resisted|p1a: Swampert\n|-damage|p1a: Swampert|194\/291\n|\n|-heal|p1a: Swampert|212\/291|[from] item: Leftovers\n|upkeep\n|turn|6\n|\n|t:|1631281995\n|move|p1a: Swampert|Stealth Rock|p2a: Aggron\n|-sidestart|p2: andrew_andres3|move: Stealth Rock\n|move|p2a: Aggron|Stealth Rock|p1a: Swampert\n|-sidestart|p1: DjezzeMwoan|move: Stealth Rock\n|\n|-heal|p1a: Swampert|230\/291|[from] item: Leftovers\n|upkeep\n|turn|7\n|\n|t:|1631281997\n|move|p1a: Swampert|Scald|p2a: Aggron\n|-supereffective|p2a: Aggron\n|-damage|p2a: Aggron|76\/258\n|-enditem|p2a: Aggron|Air Balloon\n|move|p2a: Aggron|Earthquake|p1a: Swampert\n|-damage|p1a: Swampert|147\/291\n|\n|-heal|p1a: Swampert|165\/291|[from] item: Leftovers\n|upkeep\n|turn|8\n|\n|t:|1631281999\n|move|p1a: Swampert|Earthquake|p2a: Aggron\n|-supereffective|p2a: Aggron\n|-damage|p2a: Aggron|0 fnt\n|faint|p2a: Aggron\n|\n|-heal|p1a: Swampert|183\/291|[from] item: Leftovers\n|upkeep\n|\n|t:|1631282002\n|switch|p2a: Goodra|Goodra, L82, F|282\/282\n|-damage|p2a: Goodra|247\/282|[from] Stealth Rock\n|turn|9\n|\n|t:|1631282014\n|switch|p1a: Gourgeist|Gourgeist, L84, F|246\/246\n|-damage|p1a: Gourgeist|216\/246|[from] Stealth Rock\n|-item|p2a: Goodra|Assault Vest|[from] ability: Frisk|[of] p1a: Gourgeist|[identify]\n|move|p2a: Goodra|Power Whip|p1a: Gourgeist\n|-resisted|p1a: Gourgeist\n|-crit|p1a: Gourgeist\n|-damage|p1a: Gourgeist|168\/246\n|\n|-heal|p1a: Gourgeist|183\/246|[from] item: Leftovers\n|upkeep\n|turn|10\n|\n|t:|1631282018\n|move|p1a: Gourgeist|Poltergeist|p2a: Goodra\n|-activate|p2a: Goodra|move: Poltergeist|Assault Vest\n|-damage|p2a: Goodra|117\/282\n|move|p2a: Goodra|Sludge Bomb|p1a: Gourgeist\n|-crit|p1a: Gourgeist\n|-damage|p1a: Gourgeist|63\/246\n|\n|-heal|p1a: Gourgeist|78\/246|[from] item: Leftovers\n|upkeep\n|turn|11\n|\n|t:|1631282027\n|move|p1a: Gourgeist|Synthesis|p1a: Gourgeist\n|-heal|p1a: Gourgeist|201\/246\n|move|p2a: Goodra|Sludge Bomb|p1a: Gourgeist\n|-damage|p1a: Gourgeist|121\/246\n|\n|-heal|p1a: Gourgeist|136\/246|[from] item: Leftovers\n|upkeep\n|turn|12\n|\n|t:|1631282034\n|move|p1a: Gourgeist|Poltergeist|p2a: Goodra\n|-activate|p2a: Goodra|move: Poltergeist|Assault Vest\n|-damage|p2a: Goodra|0 fnt\n|faint|p2a: Goodra\n|\n|-heal|p1a: Gourgeist|151\/246|[from] item: Leftovers\n|upkeep\n|\n|t:|1631282037\n|switch|p2a: Ho-Oh|Ho-Oh, L72|272\/272\n|turn|13\n|\n|t:|1631282060\n|switch|p1a: Swampert|Swampert, L80, F|183\/291\n|-damage|p1a: Swampert|165\/291|[from] Stealth Rock\n|move|p2a: Ho-Oh|Sacred Fire|p1a: Swampert\n|-resisted|p1a: Swampert\n|-damage|p1a: Swampert|119\/291\n|-status|p1a: Swampert|brn\n|\n|-heal|p1a: Swampert|137\/291 brn|[from] item: Leftovers\n|-damage|p1a: Swampert|119\/291 brn|[from] brn\n|upkeep\n|turn|14\n|\n|t:|1631282073\n|move|p2a: Ho-Oh|Brave Bird|p1a: Swampert\n|-damage|p1a: Swampert|1\/291 brn\n|-damage|p2a: Ho-Oh|233\/272|[from] Recoil\n|move|p1a: Swampert|Toxic|p2a: Ho-Oh\n|-status|p2a: Ho-Oh|tox\n|\n|-heal|p1a: Swampert|19\/291 brn|[from] item: Leftovers\n|-damage|p2a: Ho-Oh|216\/272 tox|[from] psn\n|-damage|p1a: Swampert|1\/291 brn|[from] brn\n|upkeep\n|turn|15\n|c|\u2606andrew_andres3|1...\n|c|\u2606andrew_andres3|Of coursd\n|\n|t:|1631282089\n|move|p2a: Ho-Oh|Roost|p2a: Ho-Oh\n|-heal|p2a: Ho-Oh|272\/272 tox\n|-singleturn|p2a: Ho-Oh|move: Roost\n|move|p1a: Swampert|Scald|p2a: Ho-Oh\n|-supereffective|p2a: Ho-Oh\n|-damage|p2a: Ho-Oh|102\/272 tox\n|\n|-heal|p1a: Swampert|19\/291 brn|[from] item: Leftovers\n|-damage|p2a: Ho-Oh|68\/272 tox|[from] psn\n|-damage|p1a: Swampert|1\/291 brn|[from] brn\n|upkeep\n|turn|16\n|c|\u2606DjezzeMwoan|bro\n|c|\u2606DjezzeMwoan|u clicked roost\n|c|\u2606DjezzeMwoan|when u were almost full hp\n|c|\u2606DjezzeMwoan|lmfao\n|c|\u2606DjezzeMwoan|tf u doing\n|c|\u2606DjezzeMwoan|stop blaming rng\n|inactive|DjezzeMwoan has 120 seconds left.\n|c|\u2606DjezzeMwoan|ur also just bad\n|\n|t:|1631282124\n|move|p2a: Ho-Oh|Brave Bird|p1a: Swampert\n|-damage|p1a: Swampert|0 fnt\n|faint|p1a: Swampert\n|-damage|p2a: Ho-Oh|67\/272 tox|[from] Recoil\n|\n|-damage|p2a: Ho-Oh|16\/272 tox|[from] psn\n|upkeep\n|inactive|DjezzeMwoan has 120 seconds left.\n|\n|t:|1631282133\n|switch|p1a: Gourgeist|Gourgeist, L84, F|151\/246\n|-damage|p1a: Gourgeist|121\/246|[from] Stealth Rock\n|-item|p2a: Ho-Oh|Heavy-Duty Boots|[from] ability: Frisk|[of] p1a: Gourgeist|[identify]\n|turn|17\n|\n|t:|1631282136\n|move|p1a: Gourgeist|Poltergeist|p2a: Ho-Oh\n|-activate|p2a: Ho-Oh|move: Poltergeist|Heavy-Duty Boots\n|-damage|p2a: Ho-Oh|0 fnt\n|faint|p2a: Ho-Oh\n|\n|-heal|p1a: Gourgeist|136\/246|[from] item: Leftovers\n|upkeep\n|\n|t:|1631282137\n|switch|p2a: Rotom|Rotom-Wash, L82|216\/216\n|-damage|p2a: Rotom|189\/216|[from] Stealth Rock\n|turn|18\n|\n|t:|1631282141\n|move|p1a: Gourgeist|Power Whip|p2a: Rotom\n|-supereffective|p2a: Rotom\n|-damage|p2a: Rotom|0 fnt\n|faint|p2a: Rotom\n|\n|-heal|p1a: Gourgeist|151\/246|[from] item: Leftovers\n|upkeep\n|\n|t:|1631282143\n|switch|p2a: Cloyster|Cloyster, L80, F|211\/211\n|-damage|p2a: Cloyster|159\/211|[from] Stealth Rock\n|turn|19\n|\n|t:|1631282149\n|-start|p1a: Gourgeist|Dynamax\n|-heal|p1a: Gourgeist|302\/492|[silent]\n|move|p1a: Gourgeist|Max Overgrowth|p2a: Cloyster\n|-supereffective|p2a: Cloyster\n|-damage|p2a: Cloyster|0 fnt\n|-fieldstart|move: Grassy Terrain\n|faint|p2a: Cloyster\n|\n|win|DjezzeMwoan\n|raw|DjezzeMwoan's rating: 1909 &rarr; <strong>1928<\/strong><br \/>(+19 for winning)\n|raw|andrew_andres3's rating: 1887 &rarr; <strong>1868<\/strong><br \/>(-19 for losing)\n|l|\u2606andrew_andres3\n","inputlog":">version 992280b9a3fc40b08b4bb78f5eb319f4595ae528\n>start {\"formatid\":\"gen8randombattle\",\"seed\":[46271,61093,1482,1433],\"rated\":\"Rated battle\"}\n>player p1 {\"name\":\"DjezzeMwoan\",\"avatar\":\"52\",\"rating\":1908,\"seed\":[43400,5225,27222,32964]}\n>player p2 {\"name\":\"andrew_andres3\",\"avatar\":\"ethan\",\"rating\":1887,\"seed\":[60101,37337,51834,55627]}\n>p1 move knockoff\n>p2 move sleeppowder\n>p1 switch 2\n>p2 move quiverdance\n>p1 move icebeam\n>p2 move quiverdance\n>p1 move icebeam\n>p2 move pollenpuff\n>chat \u2606andrew_andres3|OFC\n>chat \u2606DjezzeMwoan|a yes\n>p2 switch 6\n>chat \u2606DjezzeMwoan|liligant the kyurem counter\n>p1 switch 4\n>p2 move headsmash\n>p1 move stealthrock\n>p2 move stealthrock\n>p1 move scald\n>p2 move earthquake\n>p1 move earthquake\n>p2 move earthquake\n>p2 switch 3\n>p1 switch 3\n>p2 move powerwhip\n>p1 move poltergeist\n>p2 move sludgebomb\n>p1 move synthesis\n>p2 move sludgebomb\n>p1 move poltergeist\n>p2 move sludgebomb\n>p2 switch 5\n>p1 switch 3\n>p2 move sacredfire\n>p1 move toxic\n>p2 move bravebird\n>chat \u2606andrew_andres3|1...\n>chat \u2606andrew_andres3|Of coursd\n>p1 move scald\n>p2 move roost\n>chat \u2606DjezzeMwoan|bro\n>chat \u2606DjezzeMwoan|u clicked roost\n>chat \u2606DjezzeMwoan|when u were almost full hp\n>chat \u2606DjezzeMwoan|lmfao\n>chat \u2606DjezzeMwoan|tf u doing\n>chat \u2606DjezzeMwoan|stop blaming rng\n>chat \u2606DjezzeMwoan|ur also just bad\n>p1 move scald\n>p2 move bravebird\n>p1 switch 3\n>p1 move poltergeist\n>p2 move bravebird\n>p2 switch 2\n>p1 move powerwhip\n>p2 move willowisp\n>p2 switch 4\n>p1 move powerwhip dynamax\n>p2 move shellsmash","uploadtime":1631282154,"views":17,"p1id":"djezzemwoan","p2id":"andrewandres3","formatid":"gen8randombattle","rating":1868,"private":0,"password":null}