{"id":"gen8randombattle-1328556748","p1":"Jzvictini","p2":"Pokefreak77","format":"gen8randombattle","log":"|j|\u2606Jzvictini\n|j|\u2606Pokefreak77\n|t:|1619361761\n|gametype|singles\n|player|p1|Jzvictini|1|2012\n|player|p2|Pokefreak77|223|2046\n|teamsize|p1|6\n|teamsize|p2|6\n|gen|8\n|tier|[Gen 8] Random Battle\n|rated|\n|rule|Species Clause: Limit one of each Pok\u00e9mon\n|rule|HP Percentage Mod: HP is shown in percentages\n|rule|Sleep Clause Mod: Limit one foe put to sleep\n|\n|t:|1619361761\n|start\n|switch|p1a: Bronzong|Bronzong, L82|244\/244\n|switch|p2a: Flygon|Flygon, L80, M|259\/259\n|turn|1\n|\n|t:|1619361792\n|switch|p2a: Flareon|Flareon, L86, F|251\/251\n|move|p1a: Bronzong|Iron Head|p2a: Flareon\n|-resisted|p2a: Flareon\n|-damage|p2a: Flareon|206\/251\n|\n|-status|p2a: Flareon|tox|[from] item: Toxic Orb\n|upkeep\n|turn|2\n|inactive|Battle timer is ON: inactive players will automatically lose when time's up. (requested by Pokefreak77)\n|\n|t:|1619361806\n|switch|p1a: Lycanroc|Lycanroc, L80, F|251\/251\n|move|p2a: Flareon|Flare Blitz|p1a: Lycanroc\n|-resisted|p1a: Lycanroc\n|-damage|p1a: Lycanroc|92\/251\n|-damage|p2a: Flareon|154\/251 tox|[from] Recoil\n|\n|-damage|p2a: Flareon|139\/251 tox|[from] psn\n|upkeep\n|turn|3\n|\n|t:|1619361819\n|switch|p2a: Jirachi|Jirachi, L80|291\/291\n|move|p1a: Lycanroc|Close Combat|p2a: Jirachi\n|-damage|p2a: Jirachi|153\/291\n|-unboost|p1a: Lycanroc|def|1\n|-unboost|p1a: Lycanroc|spd|1\n|\n|-heal|p2a: Jirachi|171\/291|[from] item: Leftovers\n|upkeep\n|turn|4\n|\n|t:|1619361830\n|switch|p1a: Bronzong|Bronzong, L82|244\/244\n|move|p2a: Jirachi|Fire Punch|p1a: Bronzong\n|-supereffective|p1a: Bronzong\n|-damage|p1a: Bronzong|160\/244\n|\n|-heal|p2a: Jirachi|189\/291|[from] item: Leftovers\n|-heal|p1a: Bronzong|175\/244|[from] item: Leftovers\n|upkeep\n|turn|5\n|\n|t:|1619361834\n|move|p2a: Jirachi|Fire Punch|p1a: Bronzong\n|-supereffective|p1a: Bronzong\n|-damage|p1a: Bronzong|95\/244\n|move|p1a: Bronzong|Stealth Rock|p2a: Jirachi\n|-sidestart|p2: Pokefreak77|move: Stealth Rock\n|\n|-heal|p2a: Jirachi|207\/291|[from] item: Leftovers\n|-heal|p1a: Bronzong|110\/244|[from] item: Leftovers\n|upkeep\n|turn|6\n|\n|t:|1619361839\n|move|p1a: Bronzong|Protect|p1a: Bronzong\n|-singleturn|p1a: Bronzong|Protect\n|move|p2a: Jirachi|Stealth Rock|p1a: Bronzong\n|-sidestart|p1: Jzvictini|move: Stealth Rock\n|\n|-heal|p2a: Jirachi|225\/291|[from] item: Leftovers\n|-heal|p1a: Bronzong|125\/244|[from] item: Leftovers\n|upkeep\n|turn|7\n|\n|t:|1619361855\n|move|p2a: Jirachi|Fire Punch|p1a: Bronzong\n|-supereffective|p1a: Bronzong\n|-damage|p1a: Bronzong|35\/244\n|move|p1a: Bronzong|Toxic|p2a: Jirachi\n|-immune|p2a: Jirachi\n|\n|-heal|p2a: Jirachi|243\/291|[from] item: Leftovers\n|-heal|p1a: Bronzong|50\/244|[from] item: Leftovers\n|upkeep\n|turn|8\n|\n|t:|1619361861\n|switch|p1a: Primarina|Primarina, L82, F|265\/265\n|-damage|p1a: Primarina|232\/265|[from] Stealth Rock\n|move|p2a: Jirachi|Fire Punch|p1a: Primarina\n|-resisted|p1a: Primarina\n|-damage|p1a: Primarina|202\/265\n|-status|p1a: Primarina|brn\n|\n|-heal|p2a: Jirachi|261\/291|[from] item: Leftovers\n|-damage|p1a: Primarina|186\/265 brn|[from] brn\n|upkeep\n|turn|9\n|\n|t:|1619361871\n|move|p1a: Primarina|Hydro Pump|p2a: Jirachi\n|-damage|p2a: Jirachi|125\/291\n|move|p2a: Jirachi|Iron Head|p1a: Primarina\n|-damage|p1a: Primarina|95\/265 brn\n|\n|-heal|p2a: Jirachi|143\/291|[from] item: Leftovers\n|-damage|p1a: Primarina|79\/265 brn|[from] brn\n|upkeep\n|turn|10\n|\n|t:|1619361884\n|switch|p2a: Dracozolt|Dracozolt, L79|272\/272\n|-damage|p2a: Dracozolt|238\/272|[from] Stealth Rock\n|move|p1a: Primarina|Hydro Pump|p2a: Dracozolt\n|-resisted|p2a: Dracozolt\n|-damage|p2a: Dracozolt|100\/272\n|\n|-damage|p1a: Primarina|63\/265 brn|[from] brn\n|upkeep\n|turn|11\n|\n|t:|1619361891\n|move|p1a: Primarina|Hydro Pump|p2a: Dracozolt\n|-resisted|p2a: Dracozolt\n|-damage|p2a: Dracozolt|0 fnt\n|faint|p2a: Dracozolt\n|\n|-damage|p1a: Primarina|47\/265 brn|[from] brn\n|upkeep\n|\n|t:|1619361898\n|switch|p2a: Sigilyph|Sigilyph, L82, F|251\/251\n|-damage|p2a: Sigilyph|189\/251|[from] Stealth Rock\n|turn|12\n|\n|t:|1619361903\n|move|p1a: Primarina|Hydro Pump|p2a: Sigilyph\n|-damage|p2a: Sigilyph|0 fnt\n|faint|p2a: Sigilyph\n|\n|-damage|p1a: Primarina|31\/265 brn|[from] brn\n|upkeep\n|\n|t:|1619361918\n|switch|p2a: Flareon|Flareon, L86, F|139\/251 tox\n|-damage|p2a: Flareon|77\/251 tox|[from] Stealth Rock\n|turn|13\n|\n|t:|1619361924\n|move|p1a: Primarina|Hydro Pump|p2a: Flareon|[miss]\n|-miss|p1a: Primarina|p2a: Flareon\n|move|p2a: Flareon|Facade|p1a: Primarina\n|-damage|p1a: Primarina|0 fnt\n|faint|p1a: Primarina\n|\n|-damage|p2a: Flareon|62\/251 tox|[from] psn\n|upkeep\n|\n|t:|1619361934\n|switch|p1a: Lycanroc|Lycanroc, L80, F|92\/251\n|-damage|p1a: Lycanroc|61\/251|[from] Stealth Rock\n|turn|14\n|\n|t:|1619361940\n|move|p1a: Lycanroc|Close Combat|p2a: Flareon\n|-damage|p2a: Flareon|0 fnt\n|-unboost|p1a: Lycanroc|def|1\n|-unboost|p1a: Lycanroc|spd|1\n|faint|p2a: Flareon\n|\n|upkeep\n|\n|t:|1619361947\n|switch|p2a: Flygon|Flygon, L80, M|259\/259\n|-damage|p2a: Flygon|243\/259|[from] Stealth Rock\n|turn|15\n|\n|t:|1619361953\n|move|p1a: Lycanroc|Close Combat|p2a: Flygon\n|-damage|p2a: Flygon|98\/259\n|-unboost|p1a: Lycanroc|def|1\n|-unboost|p1a: Lycanroc|spd|1\n|move|p2a: Flygon|Dragon Dance|p2a: Flygon\n|-boost|p2a: Flygon|atk|1\n|-boost|p2a: Flygon|spe|1\n|\n|upkeep\n|turn|16\n|\n|t:|1619361963\n|switch|p1a: Bronzong|Bronzong, L82|50\/244\n|-damage|p1a: Bronzong|35\/244|[from] Stealth Rock\n|move|p2a: Flygon|Fire Punch|p1a: Bronzong\n|-supereffective|p1a: Bronzong\n|-damage|p1a: Bronzong|0 fnt\n|faint|p1a: Bronzong\n|\n|upkeep\n|\n|t:|1619361975\n|switch|p1a: Cinccino|Cinccino, L84, F|263\/263\n|-damage|p1a: Cinccino|231\/263|[from] Stealth Rock\n|turn|17\n|\n|t:|1619361980\n|-start|p2a: Flygon|Dynamax\n|-heal|p2a: Flygon|196\/518|[silent]\n|-start|p1a: Cinccino|Dynamax\n|-heal|p1a: Cinccino|462\/526|[silent]\n|move|p2a: Flygon|Max Wyrmwind|p1a: Cinccino\n|-damage|p1a: Cinccino|173\/526\n|-unboost|p1a: Cinccino|atk|1\n|move|p1a: Cinccino|Max Strike|p2a: Flygon\n|-damage|p2a: Flygon|90\/518\n|-unboost|p2a: Flygon|spe|1\n|\n|upkeep\n|turn|18\n|\n|t:|1619361999\n|move|p2a: Flygon|Max Guard|p2a: Flygon\n|-singleturn|p2a: Flygon|Max Guard\n|move|p1a: Cinccino|Max Strike|p2a: Flygon\n|-activate|p2a: Flygon|move: Max Guard\n|\n|upkeep\n|turn|19\n|\n|t:|1619362008\n|-end|p2a: Flygon|Dynamax\n|-heal|p2a: Flygon|45\/259|[silent]\n|switch|p2a: Jirachi|Jirachi, L80|143\/291\n|-damage|p2a: Jirachi|125\/291|[from] Stealth Rock\n|move|p1a: Cinccino|Max Strike|p2a: Jirachi\n|-resisted|p2a: Jirachi\n|-damage|p2a: Jirachi|80\/291\n|-unboost|p2a: Jirachi|spe|1\n|\n|-heal|p2a: Jirachi|98\/291|[from] item: Leftovers\n|-end|p1a: Cinccino|Dynamax\n|-heal|p1a: Cinccino|87\/263|[silent]\n|upkeep\n|turn|20\n|\n|t:|1619362031\n|move|p1a: Cinccino|U-turn|p2a: Jirachi\n|-damage|p2a: Jirachi|52\/291\n|\n|t:|1619362034\n|switch|p1a: Venusaur|Venusaur, L82, F|265\/265\n|-damage|p1a: Venusaur|232\/265|[from] Stealth Rock\n|move|p2a: Jirachi|Iron Head|p1a: Venusaur\n|-damage|p1a: Venusaur|150\/265\n|\n|-heal|p1a: Venusaur|166\/265|[from] item: Black Sludge\n|-heal|p2a: Jirachi|70\/291|[from] item: Leftovers\n|upkeep\n|turn|21\n|\n|t:|1619362054\n|switch|p2a: Flygon|Flygon, L80, M|45\/259\n|-damage|p2a: Flygon|29\/259|[from] Stealth Rock\n|move|p1a: Venusaur|Sleep Powder|p2a: Flygon|[miss]\n|-miss|p1a: Venusaur|p2a: Flygon\n|\n|-heal|p1a: Venusaur|182\/265|[from] item: Black Sludge\n|upkeep\n|turn|22\n|\n|t:|1619362072\n|move|p2a: Flygon|Fire Punch|p1a: Venusaur\n|-supereffective|p1a: Venusaur\n|-damage|p1a: Venusaur|68\/265\n|-status|p1a: Venusaur|brn\n|move|p1a: Venusaur|Giga Drain|p2a: Flygon\n|-damage|p2a: Flygon|0 fnt\n|-heal|p1a: Venusaur|83\/265 brn|[from] drain|[of] p2a: Flygon\n|faint|p2a: Flygon\n|\n|-heal|p1a: Venusaur|99\/265 brn|[from] item: Black Sludge\n|-damage|p1a: Venusaur|83\/265 brn|[from] brn\n|upkeep\n|\n|t:|1619362080\n|switch|p2a: Jirachi|Jirachi, L80|70\/291\n|-damage|p2a: Jirachi|52\/291|[from] Stealth Rock\n|turn|23\n|\n|t:|1619362086\n|move|p2a: Jirachi|Iron Head|p1a: Venusaur\n|-damage|p1a: Venusaur|0 fnt\n|faint|p1a: Venusaur\n|\n|-heal|p2a: Jirachi|70\/291|[from] item: Leftovers\n|upkeep\n|\n|t:|1619362090\n|switch|p1a: Swoobat|Swoobat, L86, F|255\/255\n|turn|24\n|\n|t:|1619362096\n|move|p1a: Swoobat|Heat Wave|p2a: Jirachi\n|-supereffective|p2a: Jirachi\n|-damage|p2a: Jirachi|0 fnt\n|faint|p2a: Jirachi\n|\n|upkeep\n|\n|t:|1619362099\n|switch|p2a: Barbaracle|Barbaracle, L80, F|246\/246\n|-damage|p2a: Barbaracle|216\/246|[from] Stealth Rock\n|turn|25\n|c|\u2606Pokefreak77|Good thing you didnt go lycanroc\n|\n|t:|1619362127\n|move|p1a: Swoobat|Calm Mind|p1a: Swoobat\n|-boost|p1a: Swoobat|spa|2\n|-boost|p1a: Swoobat|spd|2\n|move|p2a: Barbaracle|Shell Smash|p2a: Barbaracle\n|-unboost|p2a: Barbaracle|def|1\n|-unboost|p2a: Barbaracle|spd|1\n|-boost|p2a: Barbaracle|atk|2\n|-boost|p2a: Barbaracle|spa|2\n|-boost|p2a: Barbaracle|spe|2\n|-enditem|p2a: Barbaracle|White Herb\n|-clearnegativeboost|p2a: Barbaracle|[silent]\n|\n|upkeep\n|turn|26\n|\n|t:|1619362132\n|move|p2a: Barbaracle|Stone Edge|p1a: Swoobat\n|-supereffective|p1a: Swoobat\n|-damage|p1a: Swoobat|0 fnt\n|faint|p1a: Swoobat\n|\n|upkeep\n|c|\u2606Pokefreak77|gg\n|\n|t:|1619362142\n|switch|p1a: Cinccino|Cinccino, L84, F|87\/263\n|-damage|p1a: Cinccino|55\/263|[from] Stealth Rock\n|turn|27\n|\n|t:|1619362146\n|move|p2a: Barbaracle|Liquidation|p1a: Cinccino\n|-damage|p1a: Cinccino|0 fnt\n|faint|p1a: Cinccino\n|\n|upkeep\n|-message|Jzvictini forfeited.\n|\n|win|Pokefreak77\n|raw|Jzvictini's rating: 2012 &rarr; <strong>1994<\/strong><br \/>(-18 for losing)\n|raw|Pokefreak77's rating: 2046 &rarr; <strong>2064<\/strong><br \/>(+18 for winning)\n|l|\u2606Jzvictini\n","inputlog":">version 486f292904419001774dafdf556f4455b25c7234\n>start {\"formatid\":\"gen8randombattle\",\"seed\":[39890,7306,44697,57931],\"rated\":\"Rated battle\"}\n>player p1 {\"name\":\"Jzvictini\",\"avatar\":\"1\",\"rating\":2012,\"seed\":[820,29608,10191,14500]}\n>player p2 {\"name\":\"Pokefreak77\",\"avatar\":\"223\",\"rating\":2046,\"seed\":[46119,34913,41858,33342]}\n>p1 move ironhead\n>p2 switch 5\n>p1 switch 6\n>p2 move flareblitz\n>p1 move closecombat\n>p2 switch 4\n>p1 switch 6\n>p2 move firepunch\n>p1 move stealthrock\n>p2 move firepunch\n>p1 move protect\n>p2 move stealthrock\n>p1 move toxic\n>p2 move firepunch\n>p1 switch 2\n>p2 move firepunch\n>p1 move hydropump\n>p2 move ironhead\n>p1 move hydropump\n>p2 switch 6\n>p1 move hydropump\n>p2 move boltbeak\n>p2 switch 2\n>p1 move hydropump\n>p2 move psychic\n>p2 switch 4\n>p1 move hydropump\n>p2 move facade\n>p1 switch 6\n>p1 move closecombat\n>p2 move superpower\n>p2 switch 5\n>p1 move closecombat\n>p2 move dragondance\n>p1 switch 2\n>p2 move firepunch\n>p1 switch 4\n>p1 move tailslap dynamax\n>p2 move outrage dynamax\n>p1 move tailslap dynamax\n>p2 move dragondance dynamax\n>p1 move tailslap dynamax\n>p2 switch 6\n>p1 move uturn\n>p2 move ironhead\n>p1 switch 5\n>p1 move sleeppowder\n>p2 switch 6\n>p1 move gigadrain\n>p2 move firepunch\n>p2 switch 6\n>p1 move sleeppowder\n>p2 move ironhead\n>p1 switch 3\n>p1 move heatwave\n>p2 move ironhead\n>p2 switch 3\n>chat \u2606Pokefreak77|Good thing you didnt go lycanroc\n>p1 move calmmind\n>p2 move shellsmash\n>p1 move storedpower\n>p2 move stoneedge\n>chat \u2606Pokefreak77|gg\n>p1 switch 5\n>p1 move bulletseed\n>p2 move liquidation\n>forcelose p1","uploadtime":1619362157,"views":8,"p1id":"jzvictini","p2id":"pokefreak77","formatid":"gen8randombattle","rating":1994,"private":0,"password":null}