{"id":"gen8freeforallrandombattle-1341802794","p1":"Gurtrant","p2":"555wcj","format":"gen8freeforallrandombattle","log":"|j|\u2606Gurtrant\n|j|\u2606555wcj\n|j|\u2606StealthKing18\n|j|\u2606pokelordjohto\n|t:|1621201722\n|gametype|freeforall\n|player|p1|Gurtrant|238|\n|player|p2|555wcj|swimmerf-gen4dp|\n|player|p3|StealthKing18|lance|\n|player|p4|pokelordjohto|266|\n|teamsize|p1|6\n|teamsize|p2|6\n|teamsize|p3|6\n|teamsize|p4|6\n|gen|8\n|tier|[Gen 8] Free-For-All Random Battle\n|rule|Species Clause: Limit one of each Pok\u00e9mon\n|rule|HP Percentage Mod: HP is shown in percentages\n|rule|Sleep Clause Mod: Limit one foe put to sleep\n|\n|t:|1621201722\n|start\n|switch|p1a: Froslass|Froslass, L88, F|266\/266\n|switch|p2a: Pangoro|Pangoro, L88, F|310\/310\n|switch|p3b: Calyrex|Calyrex-Ice, L72|263\/263\n|switch|p4b: Tyranitar|Tyranitar, L80, M|291\/291\n|-ability|p3b: Calyrex|As One\n|-ability|p3b: Calyrex|Unnerve\n|-weather|Sandstorm|[from] ability: Sand Stream|[of] p4b: Tyranitar\n|turn|1\n|inactive|Battle timer is ON: inactive players will automatically lose when time's up. (requested by Gurtrant)\n|inactive|Gurtrant has 120 seconds left.\n|inactive|StealthKing18 has 120 seconds left.\n|\n|t:|1621201756\n|move|p1a: Froslass|Protect|p1a: Froslass\n|-singleturn|p1a: Froslass|Protect\n|move|p4b: Tyranitar|Protect|p4b: Tyranitar\n|-singleturn|p4b: Tyranitar|Protect\n|move|p2a: Pangoro|Drain Punch|p4b: Tyranitar\n|-activate|p4b: Tyranitar|move: Protect\n|move|p3b: Calyrex|Close Combat|p1a: Froslass\n|-activate|p1a: Froslass|move: Protect\n|\n|-weather|Sandstorm|[upkeep]\n|-damage|p1a: Froslass|250\/266|[from] Sandstorm\n|-damage|p2a: Pangoro|291\/310|[from] Sandstorm\n|-damage|p3b: Calyrex|247\/263|[from] Sandstorm\n|upkeep\n|turn|2\n|\n|t:|1621201780\n|switch|p4b: Aegislash|Aegislash, L84, M|238\/238\n|switch|p3b: Coalossal|Coalossal, L84, M|322\/322\n|move|p1a: Froslass|Shadow Ball|p3b: Coalossal\n|-damage|p3b: Coalossal|265\/322\n|move|p2a: Pangoro|Drain Punch|p4b: Aegislash\n|-immune|p4b: Aegislash\n|\n|-weather|Sandstorm|[upkeep]\n|-damage|p1a: Froslass|234\/266|[from] Sandstorm\n|-damage|p2a: Pangoro|272\/310|[from] Sandstorm\n|upkeep\n|turn|3\n|\n|t:|1621201798\n|move|p4b: Aegislash|King's Shield|p4b: Aegislash\n|-singleturn|p4b: Aegislash|Protect\n|move|p1a: Froslass|Shadow Ball|p4b: Aegislash\n|-activate|p4b: Aegislash|move: Protect\n|move|p2a: Pangoro|Drain Punch|p3b: Coalossal\n|-supereffective|p3b: Coalossal\n|-damage|p3b: Coalossal|0 fnt\n|-heal|p2a: Pangoro|310\/310|[from] drain|[of] p3b: Coalossal\n|faint|p3b: Coalossal\n|\n|-weather|Sandstorm|[upkeep]\n|-damage|p1a: Froslass|218\/266|[from] Sandstorm\n|-damage|p2a: Pangoro|291\/310|[from] Sandstorm\n|upkeep\n|-message|StealthKing18 forfeited.\n|\n|t:|1621201817\n|turn|4\n|l|\u2606StealthKing18\n|\n|t:|1621201829\n|switch|p2a: Unfezant|Unfezant, L86, F|278\/278\n|switch|p4b: Vaporeon|Vaporeon, L88, F|372\/372\n|move|p1a: Froslass|Shadow Ball|p4b: Vaporeon\n|-damage|p4b: Vaporeon|297\/372\n|\n|-weather|Sandstorm|[upkeep]\n|-damage|p1a: Froslass|202\/266|[from] Sandstorm\n|-damage|p2a: Unfezant|261\/278|[from] Sandstorm\n|-damage|p4b: Vaporeon|274\/372|[from] Sandstorm\n|upkeep\n|turn|5\n|\n|t:|1621201846\n|move|p1a: Froslass|Ice Beam|p2a: Unfezant\n|-supereffective|p2a: Unfezant\n|-damage|p2a: Unfezant|0 fnt\n|faint|p2a: Unfezant\n|move|p4b: Vaporeon|Toxic|p2: Unfezant|[notarget]\n|-fail|p4b: Vaporeon\n|\n|-weather|none\n|upkeep\n|\n|t:|1621201863\n|switch|p2a: Pangoro|Pangoro, L88, F|291\/310\n|turn|6\n|\n|t:|1621201870\n|move|p4b: Vaporeon|Protect|p4b: Vaporeon\n|-singleturn|p4b: Vaporeon|Protect\n|move|p1a: Froslass|Shadow Ball|p4b: Vaporeon\n|-activate|p4b: Vaporeon|move: Protect\n|move|p2a: Pangoro|Knock Off|p1a: Froslass\n|-supereffective|p1a: Froslass\n|-damage|p1a: Froslass|0 fnt\n|-enditem|p1a: Froslass|Sitrus Berry|[from] move: Knock Off|[of] p2a: Pangoro\n|faint|p1a: Froslass\n|\n|upkeep\n|\n|t:|1621201894\n|switch|p1a: Tornadus|Tornadus-Therian, L80, M|258\/258\n|turn|7\n|\n|t:|1621201914\n|move|p1a: Tornadus|Knock Off|p4b: Vaporeon\n|-damage|p4b: Vaporeon|160\/372\n|-enditem|p4b: Vaporeon|Sitrus Berry|[from] move: Knock Off|[of] p1a: Tornadus\n|-damage|p1a: Tornadus|233\/258|[from] item: Life Orb\n|move|p4b: Vaporeon|Icy Wind|p1a: Tornadus|[spread] p2a\n|-miss|p4b: Vaporeon|p1a: Tornadus\n|-damage|p2a: Pangoro|263\/310\n|-unboost|p2a: Pangoro|spe|1\n|move|p2a: Pangoro|Knock Off|p1a: Tornadus\n|-crit|p1a: Tornadus\n|-damage|p1a: Tornadus|0 fnt\n|-enditem|p1a: Tornadus|Life Orb|[from] move: Knock Off|[of] p2a: Pangoro\n|faint|p1a: Tornadus\n|\n|upkeep\n|\n|t:|1621201932\n|switch|p1a: Pinsir|Pinsir, L88, M|258\/258\n|-ability|p1a: Pinsir|Mold Breaker\n|turn|8\n|\n|t:|1621201938\n|move|p4b: Vaporeon|Protect|p4b: Vaporeon\n|-singleturn|p4b: Vaporeon|Protect\n|move|p1a: Pinsir|Swords Dance|p1a: Pinsir\n|-boost|p1a: Pinsir|atk|2\n|move|p2a: Pangoro|Knock Off|p1a: Pinsir\n|-damage|p1a: Pinsir|80\/258\n|-enditem|p1a: Pinsir|Sitrus Berry|[from] move: Knock Off|[of] p2a: Pangoro\n|\n|upkeep\n|turn|9\n|\n|t:|1621201965\n|move|p1a: Pinsir|X-Scissor|p2a: Pangoro\n|-damage|p2a: Pangoro|19\/310\n|move|p4b: Vaporeon|Scald|p2a: Pangoro\n|-damage|p2a: Pangoro|0 fnt\n|faint|p2a: Pangoro\n|\n|upkeep\n|\n|t:|1621201988\n|switch|p2a: Kyurem|Kyurem-White, L72|299\/299\n|-ability|p2a: Kyurem|Turboblaze\n|turn|10\n|\n|t:|1621202004\n|move|p1a: Pinsir|Close Combat|p2a: Kyurem\n|-supereffective|p2a: Kyurem\n|-damage|p2a: Kyurem|0 fnt\n|-unboost|p1a: Pinsir|def|1\n|-unboost|p1a: Pinsir|spd|1\n|faint|p2a: Kyurem\n|move|p4b: Vaporeon|Toxic|p2: Kyurem|[notarget]\n|-fail|p4b: Vaporeon\n|\n|upkeep\n|\n|t:|1621202017\n|switch|p2a: Conkeldurr|Conkeldurr, L84, F|314\/314\n|turn|11\n|\n|t:|1621202027\n|move|p4b: Vaporeon|Protect|p4b: Vaporeon\n|-singleturn|p4b: Vaporeon|Protect\n|move|p2a: Conkeldurr|Protect|p2a: Conkeldurr\n|-singleturn|p2a: Conkeldurr|Protect\n|move|p1a: Pinsir|Close Combat|p2a: Conkeldurr\n|-activate|p2a: Conkeldurr|move: Protect\n|\n|-status|p2a: Conkeldurr|brn|[from] item: Flame Orb\n|upkeep\n|turn|12\n|\n|t:|1621202045\n|-start|p2a: Conkeldurr|Dynamax\n|-heal|p2a: Conkeldurr|628\/628 brn|[silent]\n|move|p1a: Pinsir|Protect|p1a: Pinsir\n|-singleturn|p1a: Pinsir|Protect\n|move|p4b: Vaporeon|Icy Wind|p1a: Pinsir|[spread] p2a\n|-activate|p1a: Pinsir|move: Protect\n|-damage|p2a: Conkeldurr|597\/628 brn\n|-unboost|p2a: Conkeldurr|spe|1\n|move|p2a: Conkeldurr|Max Knuckle|p1a: Pinsir\n|-resisted|p1a: Pinsir\n|-zbroken|p1a: Pinsir\n|-damage|p1a: Pinsir|45\/258\n|-boost|p2a: Conkeldurr|atk|1\n|\n|-damage|p2a: Conkeldurr|578\/628 brn|[from] brn\n|upkeep\n|turn|13\n|\n|t:|1621202072\n|move|p4b: Vaporeon|Protect|p4b: Vaporeon\n|-singleturn|p4b: Vaporeon|Protect\n|move|p1a: Pinsir|Close Combat|p2a: Conkeldurr\n|-damage|p2a: Conkeldurr|360\/628 brn\n|-unboost|p1a: Pinsir|def|1\n|-unboost|p1a: Pinsir|spd|1\n|move|p2a: Conkeldurr|Max Quake|p1a: Pinsir\n|-resisted|p1a: Pinsir\n|-damage|p1a: Pinsir|0 fnt\n|-boost|p2a: Conkeldurr|spd|1\n|faint|p1a: Pinsir\n|\n|-damage|p2a: Conkeldurr|341\/628 brn|[from] brn\n|upkeep\n|inactive|Gurtrant has 120 seconds left.\n|c|\u2606pokelordjohto|555wcj can you be my dad?\n|\n|t:|1621202103\n|switch|p1a: Primarina|Primarina, L82, F|265\/265\n|turn|14\n|\n|t:|1621202119\n|move|p1a: Primarina|Protect|p1a: Primarina\n|-singleturn|p1a: Primarina|Protect\n|move|p4b: Vaporeon|Scald|p2a: Conkeldurr\n|-damage|p2a: Conkeldurr|260\/628 brn\n|move|p2a: Conkeldurr|Max Knuckle|p4b: Vaporeon\n|-damage|p4b: Vaporeon|0 fnt\n|-boost|p2a: Conkeldurr|atk|1\n|faint|p4b: Vaporeon\n|\n|-damage|p2a: Conkeldurr|241\/628 brn|[from] brn\n|-end|p2a: Conkeldurr|Dynamax\n|-heal|p2a: Conkeldurr|121\/314 brn|[silent]\n|upkeep\n|\n|t:|1621202133\n|switch|p4b: Passimian|Passimian, L86, F|312\/312\n|turn|15\n|\n|t:|1621202141\n|move|p4b: Passimian|Gunk Shot|p1a: Primarina\n|-supereffective|p1a: Primarina\n|-damage|p1a: Primarina|23\/265\n|move|p1a: Primarina|Hyper Voice|p4b: Passimian|[spread] p2a,p4b\n|-damage|p2a: Conkeldurr|61\/314 brn\n|-damage|p4b: Passimian|225\/312\n|-damage|p1a: Primarina|0 fnt|[from] item: Life Orb\n|faint|p1a: Primarina\n|move|p2a: Conkeldurr|High Horsepower|p1: Primarina|[notarget]\n|-fail|p2a: Conkeldurr\n|\n|-damage|p2a: Conkeldurr|42\/314 brn|[from] brn\n|upkeep\n|\n|t:|1621202159\n|switch|p1a: Reuniclus|Reuniclus, L84, F|322\/322\n|turn|16\n|\n|t:|1621202178\n|move|p1a: Reuniclus|Protect|p1a: Reuniclus\n|-singleturn|p1a: Reuniclus|Protect\n|move|p4b: Passimian|Gunk Shot|p1a: Reuniclus\n|-activate|p1a: Reuniclus|move: Protect\n|move|p2a: Conkeldurr|Knock Off|p1a: Reuniclus\n|-activate|p1a: Reuniclus|move: Protect\n|\n|-damage|p2a: Conkeldurr|23\/314 brn|[from] brn\n|upkeep\n|turn|17\n|\n|t:|1621202191\n|move|p4b: Passimian|Gunk Shot|p1a: Reuniclus\n|-damage|p1a: Reuniclus|199\/322\n|move|p2a: Conkeldurr|Knock Off|p1a: Reuniclus\n|-supereffective|p1a: Reuniclus\n|-damage|p1a: Reuniclus|0 fnt\n|-enditem|p1a: Reuniclus|Life Orb|[from] move: Knock Off|[of] p2a: Conkeldurr\n|faint|p1a: Reuniclus\n|\n|-damage|p2a: Conkeldurr|4\/314 brn|[from] brn\n|upkeep\n|\n|t:|1621202196\n|switch|p1a: Raichu|Raichu-Alola, L86, M|243\/243\n|turn|18\n|\n|t:|1621202212\n|move|p4b: Passimian|Gunk Shot|p1a: Raichu|[miss]\n|-miss|p4b: Passimian|p1a: Raichu\n|move|p1a: Raichu|Nasty Plot|p1a: Raichu\n|-boost|p1a: Raichu|spa|2\n|move|p2a: Conkeldurr|Knock Off|p4b: Passimian\n|-resisted|p4b: Passimian\n|-crit|p4b: Passimian\n|-damage|p4b: Passimian|27\/312\n|-enditem|p4b: Passimian|Choice Scarf|[from] move: Knock Off|[of] p2a: Conkeldurr\n|\n|-damage|p2a: Conkeldurr|0 fnt|[from] brn\n|faint|p2a: Conkeldurr\n|upkeep\n|\n|t:|1621202231\n|switch|p2a: Tsareena|Tsareena, L88, F|270\/270\n|turn|19\n|\n|t:|1621202260\n|-start|p1a: Raichu|Dynamax\n|-heal|p1a: Raichu|486\/486|[silent]\n|move|p1a: Raichu|Max Mindstorm|p2a: Tsareena\n|-damage|p2a: Tsareena|0 fnt\n|-fieldstart|move: Psychic Terrain\n|faint|p2a: Tsareena\n|-damage|p1a: Raichu|462\/486|[from] item: Life Orb\n|move|p4b: Passimian|U-turn|p1a: Raichu\n|-supereffective|p1a: Raichu\n|-crit|p1a: Raichu\n|-damage|p1a: Raichu|184\/486\n|\n|t:|1621202272\n|switch|p4b: Carbink|Carbink, L90|236\/236\n|\n|upkeep\n|\n|t:|1621202279\n|switch|p2a: Sharpedo|Sharpedo, L84, M|255\/255\n|turn|20\n|\n|t:|1621202291\n|move|p2a: Sharpedo|Protect|p2a: Sharpedo\n|-singleturn|p2a: Sharpedo|Protect\n|move|p1a: Raichu|Max Lightning|p4b: Carbink\n|-ability|p4b: Carbink|Sturdy\n|-damage|p4b: Carbink|1\/236\n|-fieldstart|move: Electric Terrain\n|-enditem|p4b: Carbink|Sitrus Berry|[eat]\n|-heal|p4b: Carbink|60\/236|[from] item: Sitrus Berry\n|-damage|p1a: Raichu|160\/486|[from] item: Life Orb\n|move|p4b: Carbink|Moonblast|p1a: Raichu\n|-damage|p1a: Raichu|82\/486\n|\n|-ability|p2a: Sharpedo|Speed Boost|boost\n|-boost|p2a: Sharpedo|spe|1\n|upkeep\n|turn|21\n|\n|t:|1621202314\n|move|p1a: Raichu|Max Lightning|p2a: Sharpedo\n|-supereffective|p2a: Sharpedo\n|-damage|p2a: Sharpedo|0 fnt\n|faint|p2a: Sharpedo\n|-damage|p1a: Raichu|58\/486|[from] item: Life Orb\n|move|p4b: Carbink|Moonblast|p1a: Raichu\n|-damage|p1a: Raichu|0 fnt\n|faint|p1a: Raichu\n|\n|win|pokelordjohto\n|l|\u2606Gurtrant\n|c|\u2606pokelordjohto|gg\n","inputlog":">version b0509ce39f0bbed11a46104bdbfad72c6a063c66\n>start {\"formatid\":\"gen8freeforallrandombattle\",\"seed\":[26752,35025,48824,3106]}\n>player p1 {\"name\":\"Gurtrant\",\"avatar\":\"238\",\"rating\":0,\"seed\":[7128,20315,58283,9707]}\n>player p2 {\"name\":\"555wcj\",\"avatar\":\"swimmerf-gen4dp\",\"rating\":0,\"seed\":[7481,32027,16727,55724]}\n>player p3 {\"name\":\"StealthKing18\",\"avatar\":\"lance\",\"rating\":0,\"seed\":[38205,37990,38059,1384]}\n>player p4 {\"name\":\"pokelordjohto\",\"avatar\":\"266\",\"rating\":0,\"seed\":[57016,5807,21454,16929]}\n>p1 move protect\n>p2 move drainpunch\n>p3 move closecombat\n>p4 move protect\n>p1 move shadowball\n>p2 move drainpunch\n>p3 switch 5\n>p4 switch 6\n>p1 move shadowball\n>p2 move drainpunch\n>p3 move stealthrock\n>p4 move kingsshield\n>forcelose p3\n>p1 move shadowball\n>p2 switch 3\n>p4 switch 3\n>p1 move icebeam\n>p2 move nightslash\n>p4 move toxic\n>p2 switch 3\n>p1 move shadowball\n>p2 move knockoff\n>p4 move protect\n>p1 switch 5\n>p1 move knockoff\n>p2 move knockoff\n>p4 move icywind\n>p1 switch 3\n>p1 move swordsdance\n>p2 move knockoff\n>p4 move protect\n>p1 move xscissor\n>p2 move knockoff\n>p4 move scald\n>p2 switch 4\n>p1 move closecombat\n>p2 move freezedry\n>p4 move toxic\n>p2 switch 5\n>p1 move closecombat\n>p2 move protect\n>p4 move protect\n>p1 move protect\n>p2 move closecombat dynamax\n>p4 move icywind\n>p1 move closecombat\n>p2 move highhorsepower dynamax\n>p4 move protect\n>chat \u2606pokelordjohto|555wcj can you be my dad?\n>p1 switch 2\n>p1 move protect\n>p2 move closecombat dynamax\n>p4 move scald\n>p4 switch 2\n>p1 move hypervoice\n>p2 move highhorsepower\n>p4 move gunkshot\n>p1 switch 6\n>p1 move protect\n>p2 move knockoff\n>p4 move gunkshot\n>p1 move trickroom\n>p2 move knockoff\n>p4 move gunkshot\n>p1 switch 4\n>p1 move nastyplot\n>p2 move knockoff\n>p4 move gunkshot\n>p2 switch 2\n>p1 move psyshock dynamax\n>p2 move uturn\n>p4 move uturn\n>p4 switch 5\n>p2 switch 6\n>p1 move thunderbolt dynamax\n>p2 move protect\n>p4 move moonblast\n>p1 move thunderbolt dynamax\n>p2 move waterfall\n>p4 move moonblast","uploadtime":1621202324,"views":29,"p1id":"gurtrant","p2id":"555wcj","formatid":"gen8freeforallrandombattle","rating":0,"private":0,"password":null}