{"id":"gen8randombattle-1697374871","p1":"AntiProHD","p2":"MurderousMantyke","format":"gen8randombattle","log":"|j|\u2606AntiProHD\n|j|\u2606MurderousMantyke\n|t:|1666988474\n|gametype|singles\n|player|p1|AntiProHD|clown|1865\n|player|p2|MurderousMantyke|#helpstaffxmas|1914\n|teamsize|p1|6\n|teamsize|p2|6\n|gen|8\n|tier|[Gen 8] Random Battle\n|rated|\n|rule|Species Clause: Limit one of each Pok\u00e9mon\n|rule|HP Percentage Mod: HP is shown in percentages\n|rule|Sleep Clause Mod: Limit one foe put to sleep\n|\n|t:|1666988474\n|start\n|switch|p1a: Sylveon|Sylveon, L84, M|297\/297\n|switch|p2a: Heracross|Heracross, L82, M|265\/265\n|turn|1\n|c|\u2606MurderousMantyke|hf\n|c|\u2606AntiProHD|u2\n|\n|t:|1666988499\n|move|p2a: Heracross|Knock Off|p1a: Sylveon\n|-resisted|p1a: Sylveon\n|-damage|p1a: Sylveon|250\/297\n|-enditem|p1a: Sylveon|Leftovers|[from] move: Knock Off|[of] p2a: Heracross\n|move|p1a: Sylveon|Hyper Voice|p2a: Heracross\n|-supereffective|p2a: Heracross\n|-damage|p2a: Heracross|37\/265\n|\n|-status|p2a: Heracross|brn|[from] item: Flame Orb\n|upkeep\n|turn|2\n|\n|t:|1666988516\n|move|p2a: Heracross|Facade|p1a: Sylveon\n|-damage|p1a: Sylveon|47\/297\n|move|p1a: Sylveon|Hyper Voice|p2a: Heracross\n|-supereffective|p2a: Heracross\n|-damage|p2a: Heracross|0 fnt\n|faint|p2a: Heracross\n|\n|upkeep\n|\n|t:|1666988569\n|switch|p2a: Lapras|Lapras, L86, F|363\/363\n|turn|3\n|\n|t:|1666988576\n|move|p2a: Lapras|Ice Beam|p1a: Sylveon\n|-damage|p1a: Sylveon|0 fnt\n|faint|p1a: Sylveon\n|\n|upkeep\n|\n|t:|1666988594\n|switch|p1a: Ferrothorn|Ferrothorn, L78, F|244\/244\n|turn|4\n|\n|t:|1666988601\n|move|p2a: Lapras|Ice Beam|p1a: Ferrothorn\n|-crit|p1a: Ferrothorn\n|-damage|p1a: Ferrothorn|120\/244\n|move|p1a: Ferrothorn|Leech Seed|p2a: Lapras\n|-start|p2a: Lapras|move: Leech Seed\n|\n|-heal|p1a: Ferrothorn|135\/244|[from] item: Leftovers\n|-damage|p2a: Lapras|318\/363|[from] Leech Seed|[of] p1a: Ferrothorn\n|-heal|p1a: Ferrothorn|180\/244|[silent]\n|upkeep\n|turn|5\n|\n|t:|1666988607\n|switch|p2a: Throh|Throh, L86, M|347\/347\n|move|p1a: Ferrothorn|Stealth Rock|p2a: Throh\n|-sidestart|p2: MurderousMantyke|move: Stealth Rock\n|\n|-heal|p1a: Ferrothorn|195\/244|[from] item: Leftovers\n|-status|p2a: Throh|brn|[from] item: Flame Orb\n|upkeep\n|turn|6\n|\n|t:|1666988617\n|switch|p1a: Gothitelle|Gothitelle, L86, M|261\/261\n|move|p2a: Throh|Knock Off|p1a: Gothitelle\n|-supereffective|p1a: Gothitelle\n|-damage|p1a: Gothitelle|61\/261\n|-enditem|p1a: Gothitelle|Choice Scarf|[from] move: Knock Off|[of] p2a: Throh\n|\n|-damage|p2a: Throh|326\/347 brn|[from] brn\n|upkeep\n|turn|7\n|\n|t:|1666988626\n|move|p1a: Gothitelle|Psychic|p2a: Throh\n|-supereffective|p2a: Throh\n|-damage|p2a: Throh|126\/347 brn\n|move|p2a: Throh|Knock Off|p1a: Gothitelle\n|-supereffective|p1a: Gothitelle\n|-damage|p1a: Gothitelle|0 fnt\n|faint|p1a: Gothitelle\n|\n|-damage|p2a: Throh|105\/347 brn|[from] brn\n|upkeep\n|\n|t:|1666988634\n|switch|p1a: Togekiss|Togekiss, L80, M|267\/267\n|turn|8\n|\n|t:|1666988664\n|move|p1a: Togekiss|Nasty Plot|p1a: Togekiss\n|-boost|p1a: Togekiss|spa|2\n|move|p2a: Throh|Ice Punch|p1a: Togekiss\n|-supereffective|p1a: Togekiss\n|-damage|p1a: Togekiss|99\/267\n|\n|-damage|p2a: Throh|84\/347 brn|[from] brn\n|upkeep\n|turn|9\n|\n|t:|1666988675\n|move|p1a: Togekiss|Roost|p1a: Togekiss\n|-heal|p1a: Togekiss|233\/267\n|-singleturn|p1a: Togekiss|move: Roost\n|move|p2a: Throh|Storm Throw|p1a: Togekiss\n|-resisted|p1a: Togekiss\n|-crit|p1a: Togekiss\n|-damage|p1a: Togekiss|161\/267\n|\n|-damage|p2a: Throh|63\/347 brn|[from] brn\n|upkeep\n|turn|10\n|\n|t:|1666988692\n|move|p1a: Togekiss|Roost|p1a: Togekiss\n|-heal|p1a: Togekiss|267\/267\n|-singleturn|p1a: Togekiss|move: Roost\n|move|p2a: Throh|Ice Punch|p1a: Togekiss\n|-damage|p1a: Togekiss|183\/267\n|\n|-damage|p2a: Throh|42\/347 brn|[from] brn\n|upkeep\n|turn|11\n|\n|t:|1666988699\n|move|p1a: Togekiss|Aura Sphere|p2a: Throh\n|-damage|p2a: Throh|0 fnt\n|faint|p2a: Throh\n|\n|upkeep\n|\n|t:|1666988709\n|switch|p2a: Lapras|Lapras, L86, F|318\/363\n|-damage|p2a: Lapras|228\/363|[from] Stealth Rock\n|turn|12\n|\n|t:|1666988729\n|move|p1a: Togekiss|Aura Sphere|p2a: Lapras\n|-supereffective|p2a: Lapras\n|-damage|p2a: Lapras|0 fnt\n|faint|p2a: Lapras\n|\n|upkeep\n|\n|t:|1666988734\n|switch|p2a: Sandslash|Sandslash, L86, M|269\/269\n|-damage|p2a: Sandslash|253\/269|[from] Stealth Rock\n|turn|13\n|\n|t:|1666988738\n|move|p1a: Togekiss|Air Slash|p2a: Sandslash\n|-damage|p2a: Sandslash|19\/269\n|cant|p2a: Sandslash|flinch\n|\n|-heal|p2a: Sandslash|35\/269|[from] item: Leftovers\n|upkeep\n|turn|14\n|\n|t:|1666988743\n|move|p1a: Togekiss|Aura Sphere|p2a: Sandslash\n|-damage|p2a: Sandslash|0 fnt\n|faint|p2a: Sandslash\n|\n|upkeep\n|\n|t:|1666988746\n|switch|p2a: Tyrantrum|Tyrantrum, L82, F|269\/269\n|-damage|p2a: Tyrantrum|236\/269|[from] Stealth Rock\n|turn|15\n|\n|t:|1666988752\n|move|p1a: Togekiss|Aura Sphere|p2a: Tyrantrum\n|-supereffective|p2a: Tyrantrum\n|-damage|p2a: Tyrantrum|0 fnt\n|faint|p2a: Tyrantrum\n|\n|upkeep\n|\n|t:|1666988756\n|switch|p2a: Hydreigon|Hydreigon, L80, F|278\/278\n|-damage|p2a: Hydreigon|244\/278|[from] Stealth Rock\n|turn|16\n|\n|t:|1666988760\n|move|p2a: Hydreigon|Nasty Plot|p2a: Hydreigon\n|-boost|p2a: Hydreigon|spa|2\n|move|p1a: Togekiss|Aura Sphere|p2a: Hydreigon\n|-supereffective|p2a: Hydreigon\n|-damage|p2a: Hydreigon|0 fnt\n|faint|p2a: Hydreigon\n|\n|win|AntiProHD\n|raw|AntiProHD's rating: 1865 &rarr; <strong>1888<\/strong><br \/>(+23 for winning)\n|raw|MurderousMantyke's rating: 1914 &rarr; <strong>1891<\/strong><br \/>(-23 for losing)\n|c|\u2606MurderousMantyke|gg\n|c|\u2606AntiProHD|gg\n|l|\u2606MurderousMantyke\n||Ladder isn't responding, score probably updated but might not have (Request timeout).\n","inputlog":">version 855bee47758c8e203fce9c72050fbccc525688e2\n>start {\"formatid\":\"gen8randombattle\",\"seed\":[41924,13706,23706,51453],\"rated\":\"Rated battle\"}\n>player p1 {\"name\":\"AntiProHD\",\"avatar\":\"clown\",\"rating\":1865,\"seed\":[16904,55226,64212,12067]}\n>player p2 {\"name\":\"MurderousMantyke\",\"avatar\":\"#helpstaffxmas\",\"rating\":1914,\"seed\":[43614,5692,5575,11348]}\n>chat \u2606MurderousMantyke|hf\n>chat \u2606AntiProHD|u2\n>p1 move hypervoice\n>p2 move knockoff\n>p1 move hypervoice\n>p2 move facade\n>p2 switch 3\n>p1 move hypervoice\n>p2 move icebeam\n>p1 switch 2\n>p1 move leechseed\n>p2 move icebeam\n>p1 move stealthrock\n>p2 switch 2\n>p1 switch 4\n>p2 move knockoff\n>p1 move psychic\n>p2 move knockoff\n>p1 switch 6\n>p1 move nastyplot\n>p2 move icepunch\n>p1 move roost\n>p2 move stormthrow\n>p1 move roost\n>p2 move icepunch\n>p1 move aurasphere\n>p2 move icepunch\n>p2 switch 2\n>p1 move aurasphere\n>p2 move toxic\n>p2 switch 4\n>p1 move airslash\n>p2 move rapidspin\n>p1 move aurasphere\n>p2 move rapidspin\n>p2 switch 6\n>p1 move aurasphere\n>p2 move dragondance\n>p2 switch 5\n>p1 move aurasphere\n>p2 move nastyplot","uploadtime":1666988767,"views":8,"p1id":"antiprohd","p2id":"murderousmantyke","formatid":"gen8randombattle","rating":1888,"private":0,"password":null}