{"id":"gen8randombattle-1520611848","p1":"nastyman21","p2":"Eclipse77","format":"gen8randombattle","log":"|j|\u2606nastyman21\n|j|\u2606Eclipse77\n|t:|1646072739\n|gametype|singles\n|player|p1|nastyman21|170|1377\n|player|p2|Eclipse77|hilda|1351\n|teamsize|p1|6\n|teamsize|p2|6\n|gen|8\n|tier|[Gen 8] Random Battle\n|rated|\n|rule|Species Clause: Limit one of each Pok\u00e9mon\n|rule|HP Percentage Mod: HP is shown in percentages\n|rule|Sleep Clause Mod: Limit one foe put to sleep\n|\n|t:|1646072739\n|start\n|switch|p1a: Articuno|Articuno, L84|288\/288\n|switch|p2a: Sableye|Sableye, L88, F|231\/231\n|-ability|p1a: Articuno|Pressure\n|turn|1\n|inactive|Battle timer is ON: inactive players will automatically lose when time's up. (requested by nastyman21)\n|\n|t:|1646072754\n|move|p2a: Sableye|Taunt|p1a: Articuno\n|-start|p1a: Articuno|move: Taunt\n|cant|p1a: Articuno|move: Taunt|Toxic\n|\n|upkeep\n|turn|2\n|\n|t:|1646072772\n|move|p1a: Articuno|Freeze-Dry|p2a: Sableye\n|-crit|p2a: Sableye\n|-damage|p2a: Sableye|111\/231\n|move|p2a: Sableye|Knock Off|p1a: Articuno\n|-damage|p1a: Articuno|204\/288\n|-enditem|p1a: Articuno|Heavy-Duty Boots|[from] move: Knock Off|[of] p2a: Sableye\n|\n|-heal|p2a: Sableye|125\/231|[from] item: Leftovers\n|upkeep\n|turn|3\n|\n|t:|1646072790\n|move|p2a: Sableye|Recover|p2a: Sableye\n|-heal|p2a: Sableye|231\/231\n|move|p1a: Articuno|Freeze-Dry|p2a: Sableye\n|-damage|p2a: Sableye|140\/231\n|\n|-heal|p2a: Sableye|154\/231|[from] item: Leftovers\n|-end|p1a: Articuno|move: Taunt\n|upkeep\n|turn|4\n|\n|t:|1646072797\n|move|p2a: Sableye|Taunt|p1a: Articuno\n|-start|p1a: Articuno|move: Taunt\n|move|p1a: Articuno|Freeze-Dry|p2a: Sableye\n|-damage|p2a: Sableye|72\/231\n|-status|p2a: Sableye|frz\n|\n|-heal|p2a: Sableye|86\/231 frz|[from] item: Leftovers\n|upkeep\n|turn|5\n|\n|t:|1646072802\n|switch|p2a: Regieleki|Regieleki, L78|253\/253\n|move|p1a: Articuno|Freeze-Dry|p2a: Regieleki\n|-damage|p2a: Regieleki|129\/253\n|\n|upkeep\n|turn|6\n|\n|t:|1646072815\n|switch|p1a: Dracozolt|Dracozolt, L78|268\/268\n|move|p2a: Regieleki|Volt Switch|p1a: Dracozolt\n|-resisted|p1a: Dracozolt\n|-damage|p1a: Dracozolt|231\/268\n|\n|t:|1646072839\n|switch|p2a: Sableye|Sableye, L88, F|86\/231 frz\n|\n|-heal|p2a: Sableye|100\/231 frz|[from] item: Leftovers\n|upkeep\n|turn|7\n|\n|t:|1646072849\n|cant|p2a: Sableye|frz\n|move|p1a: Dracozolt|Bolt Beak|p2a: Sableye\n|-damage|p2a: Sableye|0 fnt\n|faint|p2a: Sableye\n|\n|upkeep\n|c|\u2606Eclipse77|damn that freeze was wild rip\n|\n|t:|1646072861\n|switch|p2a: Rillaboom|Rillaboom, L78, F|284\/284\n|-fieldstart|move: Grassy Terrain|[from] ability: Grassy Surge|[of] p2a: Rillaboom\n|-enditem|p2a: Rillaboom|Grassy Seed\n|-boost|p2a: Rillaboom|def|1|[from] item: Grassy Seed\n|turn|8\n|c|\u2606nastyman21|im lucky i got it or else sableye woulda been a problem\n|inactive|nastyman21 has 120 seconds left.\n|\n|t:|1646072891\n|switch|p1a: Articuno|Articuno, L84|204\/288\n|-ability|p1a: Articuno|Pressure\n|move|p2a: Rillaboom|Swords Dance|p2a: Rillaboom\n|-boost|p2a: Rillaboom|atk|2\n|\n|upkeep\n|turn|9\n|\n|t:|1646072900\n|move|p1a: Articuno|Freeze-Dry|p2a: Rillaboom\n|-supereffective|p2a: Rillaboom\n|-damage|p2a: Rillaboom|114\/284\n|move|p2a: Rillaboom|Acrobatics|p1a: Articuno\n|-damage|p1a: Articuno|46\/288\n|\n|-heal|p2a: Rillaboom|131\/284|[from] Grassy Terrain\n|upkeep\n|turn|10\n|\n|t:|1646072905\n|move|p2a: Rillaboom|Grassy Glide|p1a: Articuno\n|-resisted|p1a: Articuno\n|-damage|p1a: Articuno|0 fnt\n|faint|p1a: Articuno\n|\n|-heal|p2a: Rillaboom|148\/284|[from] Grassy Terrain\n|upkeep\n|\n|t:|1646072910\n|switch|p1a: Galvantula|Galvantula, L82, F|249\/249\n|turn|11\n|\n|t:|1646072920\n|move|p2a: Rillaboom|Grassy Glide|p1a: Galvantula\n|-resisted|p1a: Galvantula\n|-damage|p1a: Galvantula|117\/249\n|move|p1a: Galvantula|Sticky Web|p2a: Rillaboom\n|-sidestart|p2: Eclipse77|move: Sticky Web\n|\n|-heal|p1a: Galvantula|132\/249|[from] Grassy Terrain\n|-heal|p2a: Rillaboom|165\/284|[from] Grassy Terrain\n|upkeep\n|turn|12\n|\n|t:|1646072928\n|move|p2a: Rillaboom|Grassy Glide|p1a: Galvantula\n|-resisted|p1a: Galvantula\n|-damage|p1a: Galvantula|0 fnt\n|faint|p1a: Galvantula\n|\n|-heal|p2a: Rillaboom|182\/284|[from] Grassy Terrain\n|-fieldend|move: Grassy Terrain\n|upkeep\n|\n|t:|1646072933\n|switch|p1a: Chandelure|Chandelure, L82, M|233\/233\n|turn|13\n|\n|t:|1646072939\n|switch|p2a: Jellicent|Jellicent, L84, F|305\/305\n|-activate|p2a: Jellicent|move: Sticky Web\n|-unboost|p2a: Jellicent|spe|1\n|move|p1a: Chandelure|Fire Blast|p2a: Jellicent\n|-resisted|p2a: Jellicent\n|-damage|p2a: Jellicent|245\/305\n|\n|-heal|p2a: Jellicent|264\/305|[from] item: Leftovers\n|upkeep\n|turn|14\n|\n|t:|1646072944\n|move|p1a: Chandelure|Substitute|p1a: Chandelure\n|-start|p1a: Chandelure|Substitute\n|-damage|p1a: Chandelure|175\/233\n|move|p2a: Jellicent|Scald|p1a: Chandelure\n|-supereffective|p1a: Chandelure\n|-end|p1a: Chandelure|Substitute\n|\n|-heal|p1a: Chandelure|189\/233|[from] item: Leftovers\n|-heal|p2a: Jellicent|283\/305|[from] item: Leftovers\n|upkeep\n|turn|15\n|\n|t:|1646072950\n|move|p1a: Chandelure|Shadow Ball|p2a: Jellicent\n|-supereffective|p2a: Jellicent\n|-damage|p2a: Jellicent|83\/305\n|move|p2a: Jellicent|Scald|p1a: Chandelure\n|-supereffective|p1a: Chandelure\n|-damage|p1a: Chandelure|31\/233\n|\n|-heal|p1a: Chandelure|45\/233|[from] item: Leftovers\n|-heal|p2a: Jellicent|102\/305|[from] item: Leftovers\n|upkeep\n|turn|16\n|\n|t:|1646072955\n|move|p1a: Chandelure|Shadow Ball|p2a: Jellicent\n|-supereffective|p2a: Jellicent\n|-damage|p2a: Jellicent|0 fnt\n|faint|p2a: Jellicent\n|\n|-heal|p1a: Chandelure|59\/233|[from] item: Leftovers\n|upkeep\n|\n|t:|1646072961\n|switch|p2a: Regieleki|Regieleki, L78|129\/253\n|-activate|p2a: Regieleki|move: Sticky Web\n|-unboost|p2a: Regieleki|spe|1\n|turn|17\n|\n|t:|1646072967\n|move|p2a: Regieleki|Volt Switch|p1a: Chandelure\n|-damage|p1a: Chandelure|0 fnt\n|faint|p1a: Chandelure\n|\n|t:|1646072971\n|switch|p2a: Rillaboom|Rillaboom, L78, F|182\/284\n|-activate|p2a: Rillaboom|move: Sticky Web\n|-unboost|p2a: Rillaboom|spe|1\n|-fieldstart|move: Grassy Terrain|[from] ability: Grassy Surge|[of] p2a: Rillaboom\n|\n|-heal|p2a: Rillaboom|199\/284|[from] Grassy Terrain\n|upkeep\n|\n|t:|1646072974\n|switch|p1a: Dracozolt|Dracozolt, L78|231\/268\n|turn|18\n|\n|t:|1646072983\n|move|p1a: Dracozolt|Outrage|p2a: Rillaboom\n|-damage|p2a: Rillaboom|0 fnt\n|faint|p2a: Rillaboom\n|\n|-heal|p1a: Dracozolt|247\/268|[from] Grassy Terrain\n|upkeep\n|\n|t:|1646072991\n|switch|p2a: Exploud|Exploud, L84, M|312\/312\n|-activate|p2a: Exploud|move: Sticky Web\n|-unboost|p2a: Exploud|spe|1\n|turn|19\n|\n|t:|1646072997\n|move|p1a: Dracozolt|Outrage|p2a: Exploud|[from]lockedmove\n|-crit|p2a: Exploud\n|-damage|p2a: Exploud|0 fnt\n|faint|p2a: Exploud\n|\n|-heal|p1a: Dracozolt|263\/268|[from] Grassy Terrain\n|upkeep\n|c|\u2606Eclipse77|I'm about to cry\n|c|\u2606nastyman21|dam\n|\n|t:|1646073005\n|switch|p2a: Regieleki|Regieleki, L78|129\/253\n|-activate|p2a: Regieleki|move: Sticky Web\n|-unboost|p2a: Regieleki|spe|1\n|turn|20\n|c|\u2606nastyman21|im surprised i havnt missed with hustle\n|\n|t:|1646073029\n|move|p2a: Regieleki|Explosion|p1a: Dracozolt\n|-damage|p1a: Dracozolt|102\/268\n|faint|p2a: Regieleki\n|move|p1a: Dracozolt|Outrage|p2: Regieleki|[from]lockedmove|[notarget]\n|-fail|p1a: Dracozolt\n|-start|p1a: Dracozolt|confusion|[fatigue]\n|\n|-heal|p1a: Dracozolt|118\/268|[from] Grassy Terrain\n|upkeep\n|\n|t:|1646073038\n|switch|p2a: Drampa|Drampa, L86, F|274\/274\n|-activate|p2a: Drampa|move: Sticky Web\n|-unboost|p2a: Drampa|spe|1\n|turn|21\n|\n|t:|1646073056\n|-activate|p1a: Dracozolt|confusion\n|move|p1a: Dracozolt|Outrage|p2a: Drampa|[miss]\n|-miss|p1a: Dracozolt|p2a: Drampa\n|move|p2a: Drampa|Hyper Voice|p1a: Dracozolt\n|-damage|p1a: Dracozolt|0 fnt\n|faint|p1a: Dracozolt\n|\n|-fieldend|move: Grassy Terrain\n|upkeep\n|\n|t:|1646073062\n|switch|p1a: Solgaleo|Solgaleo, L72|316\/316\n|turn|22\n|\n|t:|1646073068\n|-start|p2a: Drampa|Dynamax\n|-heal|p2a: Drampa|548\/548|[silent]\n|move|p1a: Solgaleo|Knock Off|p2a: Drampa\n|-damage|p2a: Drampa|483\/548\n|-enditem|p2a: Drampa|Leftovers|[from] move: Knock Off|[of] p1a: Solgaleo\n|move|p2a: Drampa|Max Lightning|p1a: Solgaleo\n|-damage|p1a: Solgaleo|173\/316\n|-fieldstart|move: Electric Terrain\n|\n|upkeep\n|turn|23\n|\n|t:|1646073079\n|-start|p1a: Solgaleo|Dynamax\n|-heal|p1a: Solgaleo|346\/632|[silent]\n|move|p1a: Solgaleo|Max Steelspike|p2a: Drampa\n|-damage|p2a: Drampa|348\/548\n|-boost|p1a: Solgaleo|def|1\n|move|p2a: Drampa|Max Lightning|p1a: Solgaleo\n|-damage|p1a: Solgaleo|154\/632\n|\n|upkeep\n|turn|24\n|\n|t:|1646073091\n|move|p1a: Solgaleo|Max Darkness|p2a: Drampa\n|-damage|p2a: Drampa|272\/548\n|-unboost|p2a: Drampa|spd|1\n|-ability|p2a: Drampa|Berserk|boost\n|-boost|p2a: Drampa|spa|1\n|move|p2a: Drampa|Max Lightning|p1a: Solgaleo\n|-damage|p1a: Solgaleo|0 fnt\n|faint|p1a: Solgaleo\n|\n|-end|p2a: Drampa|Dynamax\n|-heal|p2a: Drampa|136\/274|[silent]\n|upkeep\n|\n|t:|1646073096\n|switch|p1a: Nihilego|Nihilego, L79|302\/302\n|turn|25\n|\n|t:|1646073102\n|move|p1a: Nihilego|Sludge Wave|p2a: Drampa\n|-damage|p2a: Drampa|0 fnt\n|faint|p2a: Drampa\n|\n|win|nastyman21\n|raw|nastyman21's rating: 1377 &rarr; <strong>1397<\/strong><br \/>(+20 for winning)\n|raw|Eclipse77's rating: 1371 &rarr; <strong>1351<\/strong><br \/>(-20 for losing)\n|c|\u2606Eclipse77|gg\n|c|\u2606nastyman21|gg wp!\n","inputlog":">version dbb04165610ac1d14fd235129d6b15c9409b36ee\n>start {\"formatid\":\"gen8randombattle\",\"seed\":[42460,20652,62628,11388],\"rated\":\"Rated battle\"}\n>player p1 {\"name\":\"nastyman21\",\"avatar\":\"170\",\"rating\":1377,\"seed\":[27477,9366,11267,53702]}\n>player p2 {\"name\":\"Eclipse77\",\"avatar\":\"hilda\",\"rating\":1351,\"seed\":[22008,53547,23391,39993]}\n>p1 move toxic\n>p2 move taunt\n>p1 move freezedry\n>p2 move knockoff\n>p1 move freezedry\n>p2 move recover\n>p1 move freezedry\n>p2 move taunt\n>p1 move freezedry\n>p2 switch 5\n>p1 switch 3\n>p2 move voltswitch\n>p2 switch 5\n>p1 move boltbeak\n>p2 move willowisp\n>chat \u2606Eclipse77|damn that freeze was wild rip\n>p2 switch 2\n>chat \u2606nastyman21|im lucky i got it or else sableye woulda been a problem\n>p1 switch 3\n>p2 move swordsdance\n>p1 move freezedry\n>p2 move acrobatics\n>p1 move freezedry\n>p2 move grassyglide\n>p1 switch 5\n>p1 move stickyweb\n>p2 move grassyglide\n>p1 move voltswitch\n>p2 move grassyglide\n>p1 switch 6\n>p1 move fireblast\n>p2 switch 6\n>p1 move substitute\n>p2 move scald\n>p1 move shadowball\n>p2 move scald\n>p1 move shadowball\n>p2 move scald\n>p2 switch 5\n>p1 move shadowball\n>p2 move voltswitch\n>p2 switch 6\n>p1 switch 3\n>p1 move outrage\n>p2 move knockoff\n>p2 switch 3\n>p1 move outrage\n>p2 move boomburst\n>chat \u2606Eclipse77|I'm about to cry\n>chat \u2606nastyman21|dam\n>p2 switch 6\n>chat \u2606nastyman21|im surprised i havnt missed with hustle \n>p1 move outrage\n>p2 move explosion\n>p2 switch 4\n>p1 move outrage\n>p2 move hypervoice\n>p1 switch 4\n>p1 move knockoff\n>p2 move thunderbolt dynamax\n>p1 move sunsteelstrike dynamax\n>p2 move thunderbolt dynamax\n>p1 move knockoff dynamax\n>p2 move thunderbolt dynamax\n>p1 switch 2\n>p1 move sludgewave\n>p2 move dracometeor","uploadtime":1646073108,"views":7,"p1id":"nastyman21","p2id":"eclipse77","formatid":"gen8randombattle","rating":1351,"private":0,"password":null}