{"id":"gen8randombattle-1656445421","p1":"A3720","p2":"NonkNiss","format":"gen8randombattle","log":"|j|\u2606A3720\n|j|\u2606NonkNiss\n|t:|1662353206\n|gametype|singles\n|player|p1|A3720|101|\n|player|p2|NonkNiss|101|\n|teamsize|p1|6\n|teamsize|p2|6\n|gen|8\n|tier|[Gen 8] Random Battle\n|rule|Species Clause: Limit one of each Pok\u00e9mon\n|rule|HP Percentage Mod: HP is shown in percentages\n|rule|Sleep Clause Mod: Limit one foe put to sleep\n|\n|t:|1662353206\n|start\n|switch|p1a: Magnezone|Magnezone, L84|255\/255\n|switch|p2a: Dragonite|Dragonite, L75, F|260\/260\n|turn|1\n|\n|t:|1662353235\n|move|p1a: Magnezone|Volt Switch|p2a: Dragonite\n|-damage|p2a: Dragonite|214\/260\n|\n|t:|1662353239\n|switch|p1a: Latias|Latias, L80, F|259\/259\n|move|p2a: Dragonite|Dragon Dance|p2a: Dragonite\n|-boost|p2a: Dragonite|atk|1\n|-boost|p2a: Dragonite|spe|1\n|\n|upkeep\n|turn|2\n|\n|t:|1662353250\n|switch|p1a: Magnezone|Magnezone, L84|255\/255\n|move|p2a: Dragonite|Outrage|p1a: Magnezone\n|-resisted|p1a: Magnezone\n|-damage|p1a: Magnezone|173\/255\n|\n|upkeep\n|turn|3\n|\n|t:|1662353263\n|move|p2a: Dragonite|Outrage|p1a: Magnezone|[from]lockedmove\n|-resisted|p1a: Magnezone\n|-damage|p1a: Magnezone|85\/255\n|-start|p2a: Dragonite|confusion|[fatigue]\n|move|p1a: Magnezone|Thunderbolt|p2a: Dragonite\n|-damage|p2a: Dragonite|90\/260\n|\n|upkeep\n|turn|4\n|\n|t:|1662353275\n|-activate|p2a: Dragonite|confusion\n|-damage|p2a: Dragonite|43\/260|[from] confusion\n|move|p1a: Magnezone|Thunderbolt|p2a: Dragonite\n|-damage|p2a: Dragonite|0 fnt\n|faint|p2a: Dragonite\n|\n|upkeep\n|\n|t:|1662353287\n|switch|p2a: Oranguru|Oranguru, L86, M|295\/295\n|turn|5\n|\n|t:|1662353299\n|move|p1a: Magnezone|Thunderbolt|p2a: Oranguru\n|-damage|p2a: Oranguru|199\/295\n|move|p2a: Oranguru|Trick Room|p2a: Oranguru\n|-fieldstart|move: Trick Room|[of] p2a: Oranguru\n|\n|-heal|p2a: Oranguru|217\/295|[from] item: Leftovers\n|upkeep\n|turn|6\n|\n|t:|1662353309\n|move|p2a: Oranguru|Nasty Plot|p2a: Oranguru\n|-boost|p2a: Oranguru|spa|2\n|move|p1a: Magnezone|Thunderbolt|p2a: Oranguru\n|-damage|p2a: Oranguru|112\/295\n|\n|-heal|p2a: Oranguru|130\/295|[from] item: Leftovers\n|upkeep\n|turn|7\n|\n|t:|1662353320\n|move|p2a: Oranguru|Psychic|p1a: Magnezone\n|-resisted|p1a: Magnezone\n|-damage|p1a: Magnezone|0 fnt\n|faint|p1a: Magnezone\n|\n|-heal|p2a: Oranguru|148\/295|[from] item: Leftovers\n|upkeep\n|\n|t:|1662353333\n|switch|p1a: Latias|Latias, L80, F|259\/259\n|turn|8\n|\n|t:|1662353352\n|move|p2a: Oranguru|Thunderbolt|p1a: Latias\n|-resisted|p1a: Latias\n|-damage|p1a: Latias|210\/259\n|move|p1a: Latias|Calm Mind|p1a: Latias\n|-boost|p1a: Latias|spa|1\n|-boost|p1a: Latias|spd|1\n|\n|-heal|p2a: Oranguru|166\/295|[from] item: Leftovers\n|-heal|p1a: Latias|226\/259|[from] item: Leftovers\n|upkeep\n|turn|9\n|\n|t:|1662353358\n|move|p2a: Oranguru|Thunderbolt|p1a: Latias\n|-resisted|p1a: Latias\n|-damage|p1a: Latias|192\/259\n|move|p1a: Latias|Calm Mind|p1a: Latias\n|-boost|p1a: Latias|spa|1\n|-boost|p1a: Latias|spd|1\n|\n|-heal|p2a: Oranguru|184\/295|[from] item: Leftovers\n|-heal|p1a: Latias|208\/259|[from] item: Leftovers\n|-fieldend|move: Trick Room\n|upkeep\n|turn|10\n|\n|t:|1662353361\n|move|p1a: Latias|Draco Meteor|p2a: Oranguru\n|-damage|p2a: Oranguru|0 fnt\n|-unboost|p1a: Latias|spa|2\n|faint|p2a: Oranguru\n|\n|-heal|p1a: Latias|224\/259|[from] item: Leftovers\n|upkeep\n|\n|t:|1662353387\n|switch|p2a: Dhelmise|Dhelmise, L86|261\/261\n|turn|11\n|\n|t:|1662353404\n|switch|p1a: Reuniclus|Reuniclus, L84, M|322\/322\n|move|p2a: Dhelmise|Poltergeist|p1a: Reuniclus|[miss]\n|-miss|p2a: Dhelmise|p1a: Reuniclus\n|\n|upkeep\n|turn|12\n|\n|t:|1662353415\n|move|p2a: Dhelmise|Poltergeist|p1a: Reuniclus\n|-activate|p1a: Reuniclus|move: Poltergeist|Life Orb\n|-supereffective|p1a: Reuniclus\n|-damage|p1a: Reuniclus|0 fnt\n|faint|p1a: Reuniclus\n|\n|upkeep\n|\n|t:|1662353431\n|switch|p1a: Rayquaza|Rayquaza, L74|277\/277\n|-ability|p1a: Rayquaza|Air Lock\n|turn|13\n|\n|t:|1662353451\n|move|p1a: Rayquaza|Dragon Ascent|p2a: Dhelmise\n|-supereffective|p2a: Dhelmise\n|-damage|p2a: Dhelmise|21\/261\n|-unboost|p1a: Rayquaza|def|1\n|-unboost|p1a: Rayquaza|spd|1\n|move|p2a: Dhelmise|Swords Dance|p2a: Dhelmise\n|-boost|p2a: Dhelmise|atk|2\n|\n|upkeep\n|turn|14\n|\n|t:|1662353472\n|switch|p1a: Tentacruel|Tentacruel, L84, M|272\/272\n|move|p2a: Dhelmise|Anchor Shot|p1a: Tentacruel\n|-resisted|p1a: Tentacruel\n|-damage|p1a: Tentacruel|128\/272\n|-activate|p1a: Tentacruel|trapped\n|\n|-heal|p1a: Tentacruel|145\/272|[from] item: Black Sludge\n|upkeep\n|turn|15\n|\n|t:|1662353488\n|switch|p2a: Ribombee|Ribombee, L82, F|233\/233\n|move|p1a: Tentacruel|Scald|p2a: Ribombee\n|-damage|p2a: Ribombee|143\/233\n|\n|-heal|p1a: Tentacruel|162\/272|[from] item: Black Sludge\n|upkeep\n|turn|16\n|\n|t:|1662353508\n|move|p2a: Ribombee|Sticky Web|p1a: Tentacruel\n|-sidestart|p1: A3720|move: Sticky Web\n|move|p1a: Tentacruel|Toxic Spikes|p2a: Ribombee\n|-sidestart|p2: NonkNiss|move: Toxic Spikes\n|\n|-heal|p1a: Tentacruel|179\/272|[from] item: Black Sludge\n|upkeep\n|turn|17\n|\n|t:|1662353514\n|move|p2a: Ribombee|Stun Spore|p1a: Tentacruel\n|-status|p1a: Tentacruel|par\n|move|p1a: Tentacruel|Scald|p2a: Ribombee\n|-damage|p2a: Ribombee|46\/233\n|\n|-heal|p1a: Tentacruel|196\/272 par|[from] item: Black Sludge\n|upkeep\n|turn|18\n|\n|t:|1662353524\n|move|p2a: Ribombee|Moonblast|p1a: Tentacruel\n|-resisted|p1a: Tentacruel\n|-damage|p1a: Tentacruel|160\/272 par\n|-unboost|p1a: Tentacruel|spa|1\n|cant|p1a: Tentacruel|par\n|\n|-heal|p1a: Tentacruel|177\/272 par|[from] item: Black Sludge\n|upkeep\n|turn|19\n|\n|t:|1662353532\n|move|p2a: Ribombee|Moonblast|p1a: Tentacruel\n|-resisted|p1a: Tentacruel\n|-damage|p1a: Tentacruel|144\/272 par\n|move|p1a: Tentacruel|Rapid Spin|p2a: Ribombee\n|-damage|p2a: Ribombee|10\/233\n|-boost|p1a: Tentacruel|spe|1\n|-sideend|p1: A3720|Sticky Web|[from] move: Rapid Spin|[of] p1a: Tentacruel\n|\n|-heal|p1a: Tentacruel|161\/272 par|[from] item: Black Sludge\n|upkeep\n|turn|20\n|\n|t:|1662353542\n|move|p2a: Ribombee|Moonblast|p1a: Tentacruel\n|-resisted|p1a: Tentacruel\n|-damage|p1a: Tentacruel|123\/272 par\n|move|p1a: Tentacruel|Rapid Spin|p2a: Ribombee\n|-damage|p2a: Ribombee|0 fnt\n|-boost|p1a: Tentacruel|spe|1\n|faint|p2a: Ribombee\n|\n|-heal|p1a: Tentacruel|140\/272 par|[from] item: Black Sludge\n|upkeep\n|\n|t:|1662353556\n|switch|p2a: Slowbro|Slowbro-Galar, L86, F|304\/304\n|-sideend|p2: NonkNiss|move: Toxic Spikes|[of] p2a: Slowbro\n|turn|21\n|\n|t:|1662353572\n|cant|p1a: Tentacruel|par\n|move|p2a: Slowbro|Trick Room|p2a: Slowbro\n|-fieldstart|move: Trick Room|[of] p2a: Slowbro\n|\n|-heal|p1a: Tentacruel|157\/272 par|[from] item: Black Sludge\n|upkeep\n|turn|22\n|\n|t:|1662353596\n|move|p2a: Slowbro|Psychic|p1a: Tentacruel\n|-supereffective|p1a: Tentacruel\n|-damage|p1a: Tentacruel|0 fnt\n|faint|p1a: Tentacruel\n|-damage|p2a: Slowbro|274\/304|[from] item: Life Orb\n|\n|upkeep\n|\n|t:|1662353606\n|switch|p1a: Latias|Latias, L80, F|224\/259\n|turn|23\n|\n|t:|1662353616\n|move|p2a: Slowbro|Psychic|p1a: Latias\n|-resisted|p1a: Latias\n|-damage|p1a: Latias|171\/259\n|-damage|p2a: Slowbro|244\/304|[from] item: Life Orb\n|move|p1a: Latias|Calm Mind|p1a: Latias\n|-boost|p1a: Latias|spa|1\n|-boost|p1a: Latias|spd|1\n|\n|-heal|p1a: Latias|187\/259|[from] item: Leftovers\n|upkeep\n|turn|24\n|\n|t:|1662353629\n|switch|p2a: Dhelmise|Dhelmise, L86|21\/261\n|move|p1a: Latias|Draco Meteor|p2a: Dhelmise|[miss]\n|-miss|p1a: Latias|p2a: Dhelmise\n|\n|-heal|p1a: Latias|203\/259|[from] item: Leftovers\n|upkeep\n|turn|25\n|\n|t:|1662353645\n|switch|p1a: Gourgeist|Gourgeist-Small, L84, F|230\/230\n|-item|p2a: Dhelmise|Lum Berry|[from] ability: Frisk|[of] p1a: Gourgeist|[identify]\n|move|p2a: Dhelmise|Poltergeist|p1a: Gourgeist\n|-activate|p1a: Gourgeist|move: Poltergeist|Leftovers\n|-supereffective|p1a: Gourgeist\n|-damage|p1a: Gourgeist|0 fnt\n|faint|p1a: Gourgeist\n|\n|-fieldend|move: Trick Room\n|upkeep\n|\n|t:|1662353650\n|switch|p1a: Latias|Latias, L80, F|203\/259\n|turn|26\n|\n|t:|1662353660\n|switch|p2a: Slowbro|Slowbro-Galar, L86, F|304\/304\n|move|p1a: Latias|Psychic|p2a: Slowbro\n|-damage|p2a: Slowbro|193\/304\n|\n|-heal|p1a: Latias|219\/259|[from] item: Leftovers\n|upkeep\n|turn|27\n|\n|t:|1662353667\n|move|p1a: Latias|Calm Mind|p1a: Latias\n|-boost|p1a: Latias|spa|1\n|-boost|p1a: Latias|spd|1\n|move|p2a: Slowbro|Trick Room|p2a: Slowbro\n|-fieldstart|move: Trick Room|[of] p2a: Slowbro\n|\n|-heal|p1a: Latias|235\/259|[from] item: Leftovers\n|upkeep\n|turn|28\n|\n|t:|1662353684\n|move|p2a: Slowbro|Flamethrower|p1a: Latias\n|-resisted|p1a: Latias\n|-damage|p1a: Latias|213\/259\n|-damage|p2a: Slowbro|163\/304|[from] item: Life Orb\n|move|p1a: Latias|Draco Meteor|p2a: Slowbro\n|-damage|p2a: Slowbro|0 fnt\n|-unboost|p1a: Latias|spa|2\n|faint|p2a: Slowbro\n|\n|-heal|p1a: Latias|229\/259|[from] item: Leftovers\n|upkeep\n|\n|t:|1662353695\n|switch|p2a: Dhelmise|Dhelmise, L86|21\/261\n|turn|29\n|\n|t:|1662353711\n|-start|p1a: Latias|Dynamax|\n|-heal|p1a: Latias|458\/518|[silent]\n|move|p1a: Latias|Max Guard|p1a: Latias\n|-singleturn|p1a: Latias|Max Guard\n|move|p2a: Dhelmise|Swords Dance|p2a: Dhelmise\n|-boost|p2a: Dhelmise|atk|2\n|\n|-heal|p1a: Latias|474\/518|[from] item: Leftovers\n|upkeep\n|turn|30\n|\n|t:|1662353726\n|-start|p2a: Dhelmise|Dynamax|\n|-heal|p2a: Dhelmise|42\/522|[silent]\n|move|p2a: Dhelmise|Max Phantasm|p1a: Latias\n|-supereffective|p1a: Latias\n|-damage|p1a: Latias|0 fnt\n|faint|p1a: Latias\n|\n|upkeep\n|\n|t:|1662353732\n|switch|p1a: Rayquaza|Rayquaza, L74|277\/277\n|-ability|p1a: Rayquaza|Air Lock\n|turn|31\n|\n|t:|1662353743\n|move|p2a: Dhelmise|Max Phantasm|p1a: Rayquaza\n|-damage|p1a: Rayquaza|0 fnt\n|faint|p1a: Rayquaza\n|\n|win|NonkNiss\n","inputlog":">version 8cf3438afc5b4a013c2b2d0b6cd5b917bdfe9b81\n>start {\"formatid\":\"gen8randombattle\",\"seed\":[31885,36961,26886,59799]}\n>player p1 {\"name\":\"A3720\",\"avatar\":\"101\",\"rating\":0,\"seed\":[5332,53897,22757,23567]}\n>player p2 {\"name\":\"NonkNiss\",\"avatar\":\"101\",\"rating\":0,\"seed\":[34656,552,49451,28974]}\n>p1 move voltswitch\n>p2 move dragondance\n>p1 switch 5\n>p1 switch 5\n>p2 move outrage\n>p1 move thunderbolt\n>p2 move outrage\n>p1 move thunderbolt\n>p2 move outrage\n>p2 switch 2\n>p1 move thunderbolt\n>p2 move trickroom\n>p1 move thunderbolt\n>p2 move nastyplot\n>p1 move thunderbolt\n>p2 move psychic\n>p1 switch 5\n>p1 move calmmind\n>p2 move thunderbolt\n>p1 move calmmind\n>p2 move thunderbolt\n>p1 move dracometeor\n>p2 move thunderbolt\n>p2 switch 3\n>p1 switch 2\n>p2 move poltergeist\n>p1 move trickroom\n>p2 move poltergeist\n>p1 switch 4\n>p1 move dragonascent\n>p2 move swordsdance\n>p1 switch 6\n>p2 move anchorshot\n>p1 move scald\n>p2 switch 5\n>p1 move toxicspikes\n>p2 move stickyweb\n>p1 move scald\n>p2 move stunspore\n>p1 move rapidspin\n>p2 move moonblast\n>p1 move rapidspin\n>p2 move moonblast\n>p1 move rapidspin\n>p2 move moonblast\n>p2 switch 4\n>p1 move toxicspikes\n>p2 move trickroom\n>p1 move scald\n>p2 move psychic\n>p1 switch 2\n>p1 move calmmind\n>p2 move psychic\n>p1 move dracometeor\n>p2 switch 5\n>p1 switch 3\n>p2 move poltergeist\n>p1 switch 3\n>p1 move psychic\n>p2 switch 5\n>p1 move calmmind\n>p2 move trickroom\n>p1 move dracometeor\n>p2 move flamethrower\n>p2 switch 5\n>p1 move calmmind dynamax\n>p2 move swordsdance\n>p1 move psychic dynamax\n>p2 move poltergeist dynamax\n>p1 switch 6\n>p1 move dragonascent\n>p2 move poltergeist dynamax","uploadtime":1662353756,"views":3,"p1id":"a3720","p2id":"nonkniss","formatid":"gen8randombattle","rating":0,"private":0,"password":null}