{"id":"gen8randombattle-1604405572","p1":"WOOLOO SQUAD","p2":"firepunch917","format":"gen8randombattle","log":"|j|\u2606WOOLOO SQUAD\n|j|\u2606firepunch917\n|t:|1656223333\n|gametype|singles\n|player|p1|WOOLOO SQUAD|265|2069\n|player|p2|firepunch917|2|2128\n|teamsize|p1|6\n|teamsize|p2|6\n|gen|8\n|tier|[Gen 8] Random Battle\n|rated|\n|rule|Species Clause: Limit one of each Pok\u00e9mon\n|rule|HP Percentage Mod: HP is shown in percentages\n|rule|Sleep Clause Mod: Limit one foe put to sleep\n|\n|t:|1656223333\n|start\n|switch|p1a: Salamence|Salamence, L76, M|269\/269\n|switch|p2a: Nidoqueen|Nidoqueen, L84, F|288\/288\n|turn|1\n|j| QD King\n|\n|t:|1656223357\n|switch|p1a: Slowking|Slowking, L86, F|304\/304\n|move|p2a: Nidoqueen|Ice Beam|p1a: Slowking\n|-resisted|p1a: Slowking\n|-damage|p1a: Slowking|266\/304\n|\n|-heal|p1a: Slowking|285\/304|[from] item: Leftovers\n|upkeep\n|turn|2\n|\n|t:|1656223377\n|switch|p2a: Azelf|Azelf, L82|257\/257\n|move|p1a: Slowking|Teleport|p1a: Slowking\n|\n|t:|1656223388\n|switch|p1a: Cinccino|Cinccino, L84, F|263\/263\n|\n|upkeep\n|turn|3\n|j| seaofpika\n|\n|t:|1656223418\n|switch|p2a: Rhydon|Rhydon, L87, F|324\/324\n|move|p1a: Cinccino|Knock Off|p2a: Rhydon\n|-crit|p2a: Rhydon\n|-damage|p2a: Rhydon|246\/324\n|-enditem|p2a: Rhydon|Eviolite|[from] move: Knock Off|[of] p1a: Cinccino\n|\n|upkeep\n|turn|4\n|\n|t:|1656223430\n|switch|p1a: Ferrothorn|Ferrothorn, L78, F|244\/244\n|move|p2a: Rhydon|Toxic|p1a: Ferrothorn\n|-immune|p1a: Ferrothorn\n|\n|upkeep\n|turn|5\n|l| seaofpika\n|\n|t:|1656223466\n|switch|p2a: Nidoqueen|Nidoqueen, L84, F|288\/288\n|move|p1a: Ferrothorn|Spikes|p2a: Nidoqueen\n|-sidestart|p2: firepunch917|Spikes\n|\n|upkeep\n|turn|6\n|\n|t:|1656223471\n|switch|p1a: Slowking|Slowking, L86, F|304\/304\n|move|p2a: Nidoqueen|Stealth Rock|p1a: Slowking\n|-sidestart|p1: WOOLOO SQUAD|move: Stealth Rock\n|\n|upkeep\n|turn|7\n|\n|t:|1656223476\n|switch|p2a: Azelf|Azelf, L82|257\/257\n|move|p1a: Slowking|Scald|p2a: Azelf\n|-damage|p2a: Azelf|137\/257\n|-status|p2a: Azelf|brn\n|\n|-heal|p2a: Azelf|153\/257 brn|[from] item: Leftovers\n|-damage|p2a: Azelf|137\/257 brn|[from] brn\n|upkeep\n|turn|8\n|\n|t:|1656223486\n|move|p2a: Azelf|Dazzling Gleam|p1a: Slowking\n|-damage|p1a: Slowking|247\/304\n|move|p1a: Slowking|Scald|p2a: Azelf\n|-damage|p2a: Azelf|25\/257 brn\n|\n|-heal|p2a: Azelf|41\/257 brn|[from] item: Leftovers\n|-heal|p1a: Slowking|266\/304|[from] item: Leftovers\n|-damage|p2a: Azelf|25\/257 brn|[from] brn\n|upkeep\n|turn|9\n|\n|t:|1656223493\n|move|p2a: Azelf|Taunt|p1a: Slowking\n|-start|p1a: Slowking|move: Taunt\n|move|p1a: Slowking|Scald|p2a: Azelf\n|-damage|p2a: Azelf|0 fnt\n|faint|p2a: Azelf\n|\n|-heal|p1a: Slowking|285\/304|[from] item: Leftovers\n|upkeep\n|\n|t:|1656223497\n|switch|p2a: Weavile|Weavile, L79, M|239\/239\n|-damage|p2a: Weavile|210\/239|[from] Spikes\n|turn|10\n|\n|t:|1656223506\n|switch|p1a: Ferrothorn|Ferrothorn, L78, F|244\/244\n|-damage|p1a: Ferrothorn|229\/244|[from] Stealth Rock\n|move|p2a: Weavile|Knock Off|p1a: Ferrothorn\n|-damage|p1a: Ferrothorn|106\/244\n|-damage|p2a: Weavile|181\/239|[from] ability: Iron Barbs|[of] p1a: Ferrothorn\n|-enditem|p1a: Ferrothorn|Leftovers|[from] move: Knock Off|[of] p2a: Weavile\n|\n|upkeep\n|turn|11\n|\n|t:|1656223548\n|switch|p2a: Nidoqueen|Nidoqueen, L84, F|288\/288\n|-damage|p2a: Nidoqueen|252\/288|[from] Spikes\n|move|p1a: Ferrothorn|Spikes|p2a: Nidoqueen\n|-sidestart|p2: firepunch917|Spikes\n|\n|upkeep\n|turn|12\n|\n|t:|1656223551\n|switch|p1a: Slowking|Slowking, L86, F|304\/304\n|-damage|p1a: Slowking|266\/304|[from] Stealth Rock\n|move|p2a: Nidoqueen|Earth Power|p1a: Slowking\n|-damage|p1a: Slowking|153\/304\n|\n|-heal|p1a: Slowking|172\/304|[from] item: Leftovers\n|upkeep\n|turn|13\n|\n|t:|1656223559\n|move|p2a: Nidoqueen|Sludge Wave|p1a: Slowking\n|-damage|p1a: Slowking|62\/304\n|move|p1a: Slowking|Scald|p2a: Nidoqueen\n|-supereffective|p2a: Nidoqueen\n|-damage|p2a: Nidoqueen|76\/288\n|-status|p2a: Nidoqueen|brn\n|\n|-heal|p1a: Slowking|81\/304|[from] item: Leftovers\n|-damage|p2a: Nidoqueen|58\/288 brn|[from] brn\n|upkeep\n|turn|14\n|\n|t:|1656223572\n|switch|p1a: Musharna|Musharna, L86, F|340\/340\n|-damage|p1a: Musharna|298\/340|[from] Stealth Rock\n|move|p2a: Nidoqueen|Earth Power|p1a: Musharna\n|-damage|p1a: Musharna|188\/340\n|\n|-heal|p1a: Musharna|209\/340|[from] item: Leftovers\n|-damage|p2a: Nidoqueen|40\/288 brn|[from] brn\n|upkeep\n|turn|15\n|\n|t:|1656223581\n|move|p2a: Nidoqueen|Sludge Wave|p1a: Musharna\n|-damage|p1a: Musharna|84\/340\n|move|p1a: Musharna|Moonlight|p1a: Musharna\n|-heal|p1a: Musharna|254\/340\n|\n|-heal|p1a: Musharna|275\/340|[from] item: Leftovers\n|-damage|p2a: Nidoqueen|22\/288 brn|[from] brn\n|upkeep\n|turn|16\n|\n|t:|1656223585\n|move|p2a: Nidoqueen|Sludge Wave|p1a: Musharna\n|-damage|p1a: Musharna|150\/340\n|move|p1a: Musharna|Moonlight|p1a: Musharna\n|-heal|p1a: Musharna|320\/340\n|\n|-heal|p1a: Musharna|340\/340|[from] item: Leftovers\n|-damage|p2a: Nidoqueen|4\/288 brn|[from] brn\n|upkeep\n|turn|17\n|\n|t:|1656223588\n|move|p2a: Nidoqueen|Sludge Wave|p1a: Musharna\n|-damage|p1a: Musharna|214\/340\n|move|p1a: Musharna|Moonlight|p1a: Musharna\n|-heal|p1a: Musharna|340\/340\n|\n|-damage|p2a: Nidoqueen|0 fnt|[from] brn\n|faint|p2a: Nidoqueen\n|upkeep\n|\n|t:|1656223595\n|switch|p2a: Weavile|Weavile, L79, M|181\/239\n|-damage|p2a: Weavile|142\/239|[from] Spikes\n|turn|18\n|\n|t:|1656223614\n|move|p2a: Weavile|Knock Off|p1a: Musharna\n|-supereffective|p1a: Musharna\n|-damage|p1a: Musharna|0 fnt\n|-enditem|p1a: Musharna|Leftovers|[from] move: Knock Off|[of] p2a: Weavile\n|faint|p1a: Musharna\n|\n|upkeep\n|\n|t:|1656223632\n|switch|p1a: Ferrothorn|Ferrothorn, L78, F|106\/244\n|-damage|p1a: Ferrothorn|91\/244|[from] Stealth Rock\n|turn|19\n|\n|t:|1656223638\n|move|p2a: Weavile|Knock Off|p1a: Ferrothorn\n|-damage|p1a: Ferrothorn|9\/244\n|-damage|p2a: Weavile|113\/239|[from] ability: Iron Barbs|[of] p1a: Ferrothorn\n|move|p1a: Ferrothorn|Power Whip|p2a: Weavile\n|-damage|p2a: Weavile|0 fnt\n|faint|p2a: Weavile\n|\n|upkeep\n|\n|t:|1656223640\n|switch|p2a: Sirfetch\u2019d|Sirfetch\u2019d, L82, F|236\/236\n|-damage|p2a: Sirfetch\u2019d|197\/236|[from] Spikes\n|turn|20\n|\n|t:|1656223646\n|-start|p2a: Sirfetch\u2019d|Dynamax|\n|-heal|p2a: Sirfetch\u2019d|394\/472|[silent]\n|move|p2a: Sirfetch\u2019d|Max Airstream|p1a: Ferrothorn\n|-damage|p1a: Ferrothorn|0 fnt\n|-boost|p2a: Sirfetch\u2019d|spe|1\n|faint|p1a: Ferrothorn\n|\n|upkeep\n|\n|t:|1656223680\n|switch|p1a: Togekiss|Togekiss, L80, M|267\/267\n|turn|21\n|\n|t:|1656223685\n|-start|p1a: Togekiss|Dynamax|\n|-heal|p1a: Togekiss|534\/534|[silent]\n|move|p2a: Sirfetch\u2019d|Max Airstream|p1a: Togekiss\n|-damage|p1a: Togekiss|422\/534\n|-boost|p2a: Sirfetch\u2019d|spe|1\n|move|p1a: Togekiss|Max Airstream|p2a: Sirfetch\u2019d\n|-supereffective|p2a: Sirfetch\u2019d\n|-damage|p2a: Sirfetch\u2019d|80\/472\n|-boost|p1a: Togekiss|spe|1\n|\n|upkeep\n|turn|22\n|\n|t:|1656223694\n|move|p1a: Togekiss|Max Guard|p1a: Togekiss\n|-singleturn|p1a: Togekiss|Max Guard\n|move|p2a: Sirfetch\u2019d|Max Flutterby|p1a: Togekiss\n|-activate|p1a: Togekiss|move: Max Guard\n|\n|upkeep\n|-end|p2a: Sirfetch\u2019d|Dynamax\n|-heal|p2a: Sirfetch\u2019d|40\/236|[silent]\n|turn|23\n|\n|t:|1656223700\n|move|p2a: Sirfetch\u2019d|Brave Bird|p1a: Togekiss\n|-damage|p1a: Togekiss|266\/534\n|-damage|p2a: Sirfetch\u2019d|0 fnt|[from] Recoil\n|faint|p2a: Sirfetch\u2019d\n|move|p1a: Togekiss|Max Airstream|p2: Sirfetch\u2019d|[notarget]\n|-fail|p1a: Togekiss\n|\n|upkeep\n|\n|t:|1656223703\n|switch|p2a: Rhydon|Rhydon, L87, F|246\/324\n|-damage|p2a: Rhydon|192\/324|[from] Spikes\n|-end|p1a: Togekiss|Dynamax\n|-heal|p1a: Togekiss|133\/267|[silent]\n|turn|24\n|\n|t:|1656223711\n|move|p1a: Togekiss|Roost|p1a: Togekiss\n|-heal|p1a: Togekiss|267\/267\n|-singleturn|p1a: Togekiss|move: Roost\n|move|p2a: Rhydon|Stone Edge|p1a: Togekiss\n|-damage|p1a: Togekiss|138\/267\n|\n|upkeep\n|turn|25\n|\n|t:|1656223718\n|move|p1a: Togekiss|Aura Sphere|p2a: Rhydon\n|-supereffective|p2a: Rhydon\n|-crit|p2a: Rhydon\n|-damage|p2a: Rhydon|0 fnt\n|faint|p2a: Rhydon\n|\n|upkeep\n|\n|t:|1656223720\n|switch|p2a: Kingdra|Kingdra, L82, M|257\/257\n|-damage|p2a: Kingdra|215\/257|[from] Spikes\n|turn|26\n|\n|t:|1656223725\n|move|p1a: Togekiss|Air Slash|p2a: Kingdra\n|-damage|p2a: Kingdra|139\/257\n|cant|p2a: Kingdra|flinch\n|\n|upkeep\n|turn|27\n|\n|t:|1656223730\n|move|p1a: Togekiss|Air Slash|p2a: Kingdra\n|-damage|p2a: Kingdra|55\/257\n|cant|p2a: Kingdra|flinch\n|\n|upkeep\n|turn|28\n|\n|t:|1656223734\n|move|p1a: Togekiss|Air Slash|p2a: Kingdra\n|-damage|p2a: Kingdra|0 fnt\n|faint|p2a: Kingdra\n|\n|win|WOOLOO SQUAD\n|raw|WOOLOO SQUAD's rating: 2069 &rarr; <strong>2092<\/strong><br \/>(+23 for winning)\n|raw|firepunch917's rating: 2128 &rarr; <strong>2105<\/strong><br \/>(-23 for losing)\n","inputlog":">version f9198758cd952ee6683e614f09706af72c24fca6\n>start {\"formatid\":\"gen8randombattle\",\"seed\":[42938,7831,53624,56634],\"rated\":\"Rated battle\"}\n>player p1 {\"name\":\"WOOLOO SQUAD\",\"avatar\":\"265\",\"rating\":2069,\"seed\":[12411,48433,40826,57575]}\n>player p2 {\"name\":\"firepunch917\",\"avatar\":\"2\",\"rating\":2128,\"seed\":[27751,48680,53387,4001]}\n>p1 switch 4\n>p2 move icebeam\n>p1 move teleport\n>p2 switch 3\n>p1 switch 6\n>p1 move knockoff\n>p2 switch 5\n>p1 switch 3\n>p2 move toxic\n>p1 move spikes\n>p2 switch 3\n>p1 switch 6\n>p2 move stealthrock\n>p1 move scald\n>p2 switch 5\n>p1 move scald\n>p2 move dazzlinggleam\n>p1 move scald\n>p2 move taunt\n>p2 switch 4\n>p1 switch 6\n>p2 move knockoff\n>p1 move spikes\n>p2 switch 5\n>p1 switch 6\n>p2 move earthpower\n>p1 move scald\n>p2 move sludgewave\n>p1 switch 2\n>p2 move earthpower\n>p1 move moonlight\n>p2 move sludgewave\n>p1 move moonlight\n>p2 move sludgewave\n>p1 move moonlight\n>p2 move sludgewave\n>p2 switch 5\n>p1 move moonblast\n>p2 move knockoff\n>p1 switch 6\n>p1 move powerwhip\n>p2 move knockoff\n>p2 switch 2\n>p1 move powerwhip\n>p2 move bravebird dynamax\n>p1 switch 5\n>p1 move airslash dynamax\n>p2 move bravebird dynamax\n>p1 move nastyplot dynamax\n>p2 move firstimpression dynamax\n>p1 move airslash dynamax\n>p2 move bravebird\n>p2 switch 3\n>p1 move roost\n>p2 move stoneedge\n>p1 move aurasphere\n>p2 move toxic\n>p2 switch 6\n>p1 move airslash\n>p2 move raindance\n>p1 move airslash\n>p2 move raindance\n>p1 move airslash\n>p2 move raindance","uploadtime":1656223740,"views":4,"p1id":"wooloosquad","p2id":"firepunch917","formatid":"gen8randombattle","rating":2092,"private":0,"password":null}