{"id":"gen8randombattle-1616837392","p1":"LECH24","p2":"ctrlxxx","format":"gen8randombattle","log":"|j|\u2606LECH24\n|j|\u2606ctrlxxx\n|t:|1657764739\n|gametype|singles\n|player|p1|LECH24|1|1662\n|player|p2|ctrlxxx|ltsurge|1665\n|teamsize|p1|6\n|teamsize|p2|6\n|gen|8\n|tier|[Gen 8] Random Battle\n|rated|\n|rule|Species Clause: Limit one of each Pok\u00e9mon\n|rule|HP Percentage Mod: HP is shown in percentages\n|rule|Sleep Clause Mod: Limit one foe put to sleep\n|\n|t:|1657764739\n|start\n|switch|p1a: Audino|Audino, L91, M|335\/335\n|switch|p2a: Klefki|Klefki, L82, M|228\/228\n|turn|1\n|\n|t:|1657764761\n|move|p2a: Klefki|Spikes|p1a: Audino\n|-sidestart|p1: LECH24|Spikes\n|move|p1a: Audino|Knock Off|p2a: Klefki\n|-resisted|p2a: Klefki\n|-damage|p2a: Klefki|201\/228\n|-enditem|p2a: Klefki|Focus Sash|[from] move: Knock Off|[of] p1a: Audino\n|\n|upkeep\n|turn|2\n|\n|t:|1657764765\n|switch|p1a: Wobbuffet|Wobbuffet, L92, M|499\/499\n|-damage|p1a: Wobbuffet|437\/499|[from] Spikes\n|move|p2a: Klefki|Spikes|p1a: Wobbuffet\n|-sidestart|p1: LECH24|Spikes\n|\n|upkeep\n|turn|3\n|\n|t:|1657764769\n|move|p2a: Klefki|Toxic|p1a: Wobbuffet\n|-status|p1a: Wobbuffet|tox\n|move|p1a: Wobbuffet|Encore|p2a: Klefki\n|-start|p2a: Klefki|Encore\n|\n|-damage|p1a: Wobbuffet|406\/499 tox|[from] psn\n|upkeep\n|turn|4\n|\n|t:|1657764784\n|switch|p1a: Slowking|Slowking, L86, F|304\/304\n|-damage|p1a: Slowking|254\/304|[from] Spikes\n|move|p2a: Klefki|Toxic|p1a: Slowking\n|-status|p1a: Slowking|tox\n|\n|-heal|p1a: Slowking|273\/304 tox|[from] item: Leftovers\n|-damage|p1a: Slowking|254\/304 tox|[from] psn\n|upkeep\n|turn|5\n|\n|t:|1657764797\n|switch|p2a: Moltres|Moltres, L80|275\/275\n|move|p1a: Slowking|Scald|p2a: Moltres\n|-supereffective|p2a: Moltres\n|-damage|p2a: Moltres|71\/275\n|\n|-heal|p1a: Slowking|273\/304 tox|[from] item: Leftovers\n|-damage|p1a: Slowking|235\/304 tox|[from] psn\n|upkeep\n|turn|6\n|\n|t:|1657764802\n|move|p2a: Moltres|U-turn|p1a: Slowking\n|-supereffective|p1a: Slowking\n|-damage|p1a: Slowking|133\/304 tox\n|\n|t:|1657764803\n|switch|p2a: Klefki|Klefki, L82, M|201\/228\n|move|p1a: Slowking|Scald|p2a: Klefki\n|-damage|p2a: Klefki|110\/228\n|\n|-heal|p1a: Slowking|152\/304 tox|[from] item: Leftovers\n|-damage|p1a: Slowking|95\/304 tox|[from] psn\n|upkeep\n|turn|7\n|\n|t:|1657764809\n|move|p2a: Klefki|Play Rough|p1a: Slowking\n|-damage|p1a: Slowking|5\/304 tox\n|move|p1a: Slowking|Teleport|p1a: Slowking\n|\n|t:|1657764823\n|switch|p1a: Audino|Audino, L91, M|335\/335\n|-damage|p1a: Audino|280\/335|[from] Spikes\n|\n|-heal|p1a: Audino|300\/335|[from] item: Leftovers\n|upkeep\n|turn|8\n|\n|t:|1657764830\n|move|p2a: Klefki|Spikes|p1a: Audino\n|-sidestart|p1: LECH24|Spikes\n|move|p1a: Audino|Wish|p1a: Audino\n|\n|-heal|p1a: Audino|320\/335|[from] item: Leftovers\n|upkeep\n|turn|9\n|\n|t:|1657764836\n|switch|p1a: Slowking|Slowking, L86, F|106\/304 tox\n|-damage|p1a: Slowking|30\/304 tox|[from] Spikes\n|move|p2a: Klefki|Toxic|p1a: Slowking\n|-fail|p1a: Slowking|tox\n|\n|-heal|p1a: Slowking|197\/304 tox|[from] move: Wish|[wisher] Audino\n|-heal|p1a: Slowking|216\/304 tox|[from] item: Leftovers\n|-damage|p1a: Slowking|197\/304 tox|[from] psn\n|upkeep\n|turn|10\n|\n|t:|1657764841\n|move|p2a: Klefki|Play Rough|p1a: Slowking\n|-damage|p1a: Slowking|115\/304 tox\n|move|p1a: Slowking|Scald|p2a: Klefki\n|-damage|p2a: Klefki|19\/228\n|\n|-heal|p1a: Slowking|134\/304 tox|[from] item: Leftovers\n|-damage|p1a: Slowking|96\/304 tox|[from] psn\n|upkeep\n|turn|11\n|\n|t:|1657764848\n|switch|p1a: Audino|Audino, L91, M|335\/335\n|-damage|p1a: Audino|252\/335|[from] Spikes\n|move|p2a: Klefki|Play Rough|p1a: Audino\n|-damage|p1a: Audino|173\/335\n|\n|-heal|p1a: Audino|193\/335|[from] item: Leftovers\n|upkeep\n|turn|12\n|\n|t:|1657764856\n|move|p2a: Klefki|Toxic|p1a: Audino\n|-status|p1a: Audino|tox\n|move|p1a: Audino|Wish|p1a: Audino\n|\n|-heal|p1a: Audino|213\/335 tox|[from] item: Leftovers\n|-damage|p1a: Audino|193\/335 tox|[from] psn\n|upkeep\n|turn|13\n|\n|t:|1657764859\n|move|p2a: Klefki|Play Rough|p1a: Audino\n|-damage|p1a: Audino|115\/335 tox\n|move|p1a: Audino|Knock Off|p2a: Klefki\n|-resisted|p2a: Klefki\n|-damage|p2a: Klefki|2\/228\n|\n|-heal|p1a: Audino|282\/335 tox|[from] move: Wish|[wisher] Audino\n|-heal|p1a: Audino|302\/335 tox|[from] item: Leftovers\n|-damage|p1a: Audino|262\/335 tox|[from] psn\n|upkeep\n|turn|14\n|\n|t:|1657764864\n|move|p2a: Klefki|Play Rough|p1a: Audino\n|-damage|p1a: Audino|186\/335 tox\n|-unboost|p1a: Audino|atk|1\n|move|p1a: Audino|Knock Off|p2a: Klefki\n|-resisted|p2a: Klefki\n|-damage|p2a: Klefki|0 fnt\n|faint|p2a: Klefki\n|\n|-heal|p1a: Audino|206\/335 tox|[from] item: Leftovers\n|-damage|p1a: Audino|146\/335 tox|[from] psn\n|upkeep\n|\n|t:|1657764880\n|switch|p2a: Malamar|Malamar, L80, F, shiny|269\/269\n|turn|15\n|\n|t:|1657764891\n|switch|p1a: Wobbuffet|Wobbuffet, L92, M|406\/499 tox\n|-damage|p1a: Wobbuffet|282\/499 tox|[from] Spikes\n|move|p2a: Malamar|Superpower|p1a: Wobbuffet\n|-resisted|p1a: Wobbuffet\n|-crit|p1a: Wobbuffet\n|-damage|p1a: Wobbuffet|209\/499 tox\n|-boost|p2a: Malamar|atk|1\n|-boost|p2a: Malamar|def|1\n|-enditem|p1a: Wobbuffet|Sitrus Berry|[eat]\n|-heal|p1a: Wobbuffet|333\/499 tox|[from] item: Sitrus Berry\n|\n|-damage|p1a: Wobbuffet|302\/499 tox|[from] psn\n|upkeep\n|turn|16\n|\n|t:|1657764903\n|move|p2a: Malamar|Superpower|p1a: Wobbuffet\n|-resisted|p1a: Wobbuffet\n|-damage|p1a: Wobbuffet|239\/499 tox\n|-boost|p2a: Malamar|atk|1\n|-boost|p2a: Malamar|def|1\n|move|p1a: Wobbuffet|Counter|p2a: Malamar\n|-damage|p2a: Malamar|143\/269\n|\n|-heal|p2a: Malamar|159\/269|[from] item: Leftovers\n|-damage|p1a: Wobbuffet|177\/499 tox|[from] psn\n|upkeep\n|turn|17\n|\n|t:|1657764909\n|move|p2a: Malamar|Knock Off|p1a: Wobbuffet\n|-supereffective|p1a: Wobbuffet\n|-damage|p1a: Wobbuffet|0 fnt\n|faint|p1a: Wobbuffet\n|\n|-heal|p2a: Malamar|175\/269|[from] item: Leftovers\n|upkeep\n|\n|t:|1657764917\n|switch|p1a: Kommo-o|Kommo-o, L80, F|251\/251\n|-damage|p1a: Kommo-o|189\/251|[from] Spikes\n|turn|18\n|\n|t:|1657764928\n|move|p1a: Kommo-o|Clanging Scales|p2a: Malamar\n|-damage|p2a: Malamar|36\/269\n|-unboost|p1a: Kommo-o|def|1\n|-enditem|p1a: Kommo-o|Throat Spray\n|-boost|p1a: Kommo-o|spa|1|[from] item: Throat Spray\n|move|p2a: Malamar|Superpower|p1a: Kommo-o\n|-damage|p1a: Kommo-o|11\/251\n|-boost|p2a: Malamar|atk|1\n|-boost|p2a: Malamar|def|1\n|\n|-heal|p2a: Malamar|52\/269|[from] item: Leftovers\n|upkeep\n|turn|19\n|\n|t:|1657764942\n|move|p1a: Kommo-o|Clanging Scales|p2a: Malamar\n|-damage|p2a: Malamar|0 fnt\n|faint|p2a: Malamar\n|-unboost|p1a: Kommo-o|def|1\n|\n|upkeep\n|\n|t:|1657764951\n|switch|p2a: Moltres|Moltres, L80|71\/275\n|turn|20\n|\n|t:|1657764957\n|switch|p1a: Slowking|Slowking, L86, F|197\/304 tox\n|-damage|p1a: Slowking|121\/304 tox|[from] Spikes\n|move|p2a: Moltres|U-turn|p1a: Slowking\n|-supereffective|p1a: Slowking\n|-damage|p1a: Slowking|27\/304 tox\n|\n|t:|1657764971\n|switch|p2a: Dragalge|Dragalge, L86, F|252\/252\n|\n|-heal|p1a: Slowking|46\/304 tox|[from] item: Leftovers\n|-damage|p1a: Slowking|27\/304 tox|[from] psn\n|upkeep\n|turn|21\n|\n|t:|1657764978\n|switch|p1a: Kommo-o|Kommo-o, L80, F|11\/251\n|-damage|p1a: Kommo-o|0 fnt|[from] Spikes\n|faint|p1a: Kommo-o\n|move|p2a: Dragalge|Sludge Wave|p1: Kommo-o|[notarget]\n|-fail|p2a: Dragalge\n|\n|upkeep\n|\n|t:|1657764985\n|switch|p1a: Tyranitar|Tyranitar, L78, M|284\/284\n|-damage|p1a: Tyranitar|213\/284|[from] Spikes\n|-weather|Sandstorm|[from] ability: Sand Stream|[of] p1a: Tyranitar\n|turn|22\n|\n|t:|1657764990\n|move|p1a: Tyranitar|Dragon Dance|p1a: Tyranitar\n|-boost|p1a: Tyranitar|atk|1\n|-boost|p1a: Tyranitar|spe|1\n|move|p2a: Dragalge|Focus Blast|p1a: Tyranitar|[miss]\n|-miss|p2a: Dragalge|p1a: Tyranitar\n|\n|-weather|Sandstorm|[upkeep]\n|-damage|p2a: Dragalge|237\/252|[from] Sandstorm\n|-heal|p2a: Dragalge|252\/252|[from] item: Black Sludge\n|upkeep\n|turn|23\n|\n|t:|1657764993\n|-start|p1a: Tyranitar|Dynamax|\n|-heal|p1a: Tyranitar|426\/568|[silent]\n|move|p1a: Tyranitar|Max Rockfall|p2a: Dragalge\n|-damage|p2a: Dragalge|44\/252\n|move|p2a: Dragalge|Focus Blast|p1a: Tyranitar|[miss]\n|-miss|p2a: Dragalge|p1a: Tyranitar\n|\n|-weather|Sandstorm|[upkeep]\n|-damage|p2a: Dragalge|29\/252|[from] Sandstorm\n|-heal|p2a: Dragalge|44\/252|[from] item: Black Sludge\n|upkeep\n|turn|24\n|\n|t:|1657765009\n|switch|p2a: Moltres|Moltres, L80|71\/275\n|move|p1a: Tyranitar|Max Darkness|p2a: Moltres\n|-damage|p2a: Moltres|0 fnt\n|faint|p2a: Moltres\n|\n|-weather|Sandstorm|[upkeep]\n|upkeep\n|\n|t:|1657765014\n|switch|p2a: Dragalge|Dragalge, L86, F|44\/252\n|turn|25\n|\n|t:|1657765020\n|move|p1a: Tyranitar|Max Darkness|p2a: Dragalge\n|-crit|p2a: Dragalge\n|-damage|p2a: Dragalge|0 fnt\n|faint|p2a: Dragalge\n|\n|-weather|Sandstorm|[upkeep]\n|upkeep\n|\n|t:|1657765022\n|switch|p2a: Regirock|Regirock, L85|275\/275\n|-end|p1a: Tyranitar|Dynamax\n|-heal|p1a: Tyranitar|213\/284|[silent]\n|turn|26\n|\n|t:|1657765025\n|move|p1a: Tyranitar|Stone Edge|p2a: Regirock|[miss]\n|-miss|p1a: Tyranitar|p2a: Regirock\n|move|p2a: Regirock|Body Press|p1a: Tyranitar\n|-supereffective|p1a: Tyranitar\n|-damage|p1a: Tyranitar|0 fnt\n|faint|p1a: Tyranitar\n|\n|-weather|none\n|upkeep\n|\n|t:|1657765031\n|switch|p1a: Audino|Audino, L91, M|257\/335 tox\n|-damage|p1a: Audino|174\/335 tox|[from] Spikes\n|turn|27\n|\n|t:|1657765032\n|move|p1a: Audino|Toxic|p2a: Regirock\n|-status|p2a: Regirock|tox\n|move|p2a: Regirock|Body Press|p1a: Audino\n|-supereffective|p1a: Audino\n|-damage|p1a: Audino|0 fnt\n|faint|p1a: Audino\n|\n|-damage|p2a: Regirock|258\/275 tox|[from] psn\n|upkeep\n|\n|t:|1657765039\n|switch|p1a: Slowking|Slowking, L86, F|128\/304 tox\n|-damage|p1a: Slowking|52\/304 tox|[from] Spikes\n|turn|28\n|\n|t:|1657765046\n|move|p2a: Regirock|Body Press|p1a: Slowking\n|-resisted|p1a: Slowking\n|-damage|p1a: Slowking|0 fnt\n|faint|p1a: Slowking\n|\n|-damage|p2a: Regirock|224\/275 tox|[from] psn\n|upkeep\n|\n|t:|1657765049\n|switch|p1a: Zekrom|Zekrom, L69|252\/252\n|-damage|p1a: Zekrom|189\/252|[from] Spikes\n|-ability|p1a: Zekrom|Teravolt\n|turn|29\n|\n|t:|1657765053\n|-start|p2a: Regirock|Dynamax|\n|-heal|p2a: Regirock|448\/550 tox|[silent]\n|move|p1a: Zekrom|Dragon Dance|p1a: Zekrom\n|-boost|p1a: Zekrom|atk|1\n|-boost|p1a: Zekrom|spe|1\n|move|p2a: Regirock|Max Strike|p1a: Zekrom\n|-crit|p1a: Zekrom\n|-damage|p1a: Zekrom|33\/252\n|-unboost|p1a: Zekrom|spe|1\n|\n|-damage|p2a: Regirock|397\/550 tox|[from] psn\n|upkeep\n|turn|30\n|\n|t:|1657765062\n|move|p1a: Zekrom|Roost|p1a: Zekrom\n|-heal|p1a: Zekrom|159\/252\n|-singleturn|p1a: Zekrom|move: Roost\n|move|p2a: Regirock|Max Strike|p1a: Zekrom\n|-damage|p1a: Zekrom|54\/252\n|-unboost|p1a: Zekrom|spe|1\n|\n|-damage|p2a: Regirock|329\/550 tox|[from] psn\n|upkeep\n|turn|31\n|\n|t:|1657765066\n|move|p2a: Regirock|Max Quake|p1a: Zekrom\n|-supereffective|p1a: Zekrom\n|-damage|p1a: Zekrom|0 fnt\n|-boost|p2a: Regirock|spd|1\n|faint|p1a: Zekrom\n|\n|win|ctrlxxx\n|raw|LECH24's rating: 1662 &rarr; <strong>1642<\/strong><br \/>(-20 for losing)\n|raw|ctrlxxx's rating: 1665 &rarr; <strong>1685<\/strong><br \/>(+20 for winning)\n","inputlog":">version 4ea5a6a9dca8618be8e68d095151cb68dd6bfaa6\n>start {\"formatid\":\"gen8randombattle\",\"seed\":[21687,24561,796,44020],\"rated\":\"Rated battle\"}\n>player p1 {\"name\":\"LECH24\",\"avatar\":\"1\",\"rating\":1662,\"seed\":[64624,23832,13466,24422]}\n>player p2 {\"name\":\"ctrlxxx\",\"avatar\":\"ltsurge\",\"rating\":1665,\"seed\":[14599,33461,26351,36652]}\n>p1 move knockoff\n>p2 move spikes\n>p1 switch 4\n>p2 move spikes\n>p1 move encore\n>p2 move toxic\n>p1 switch 5\n>p2 move toxic\n>p1 move scald\n>p2 switch 5\n>p1 move scald\n>p2 move uturn\n>p2 switch 5\n>p1 move teleport\n>p2 move playrough\n>p1 switch 4\n>p1 move wish\n>p2 move spikes\n>p1 switch 4\n>p2 move toxic\n>p1 move scald\n>p2 move playrough\n>p1 switch 4\n>p2 move playrough\n>p1 move wish\n>p2 move toxic\n>p1 move knockoff\n>p2 move playrough\n>p1 move knockoff\n>p2 move playrough\n>p2 switch 6\n>p1 switch 5\n>p2 move superpower\n>p1 move counter\n>p2 move superpower\n>p1 move encore\n>p2 move knockoff\n>p1 switch 6\n>p1 move clangingscales\n>p2 move superpower\n>p1 move clangingscales\n>p2 move rest\n>p2 switch 5\n>p1 switch 4\n>p2 move uturn\n>p2 switch 3\n>p1 switch 4\n>p2 move sludgewave\n>p1 switch 3\n>p1 move dragondance\n>p2 move focusblast\n>p1 move stoneedge dynamax\n>p2 move focusblast\n>p1 move crunch dynamax\n>p2 switch 3\n>p2 switch 3\n>p1 move crunch dynamax\n>p2 move focusblast\n>p2 switch 2\n>p1 move stoneedge\n>p2 move bodypress\n>p1 switch 5\n>p1 move toxic\n>p2 move bodypress\n>p1 switch 4\n>p1 move scald\n>p2 move bodypress\n>p1 switch 2\n>p1 move dragondance\n>p2 move explosion dynamax\n>p1 move roost\n>p2 move explosion dynamax\n>p1 move roost\n>p2 move earthquake dynamax","uploadtime":1657765072,"views":4,"p1id":"lech24","p2id":"ctrlxxx","formatid":"gen8randombattle","rating":1642,"private":0,"password":null}