{"id":"gen8randombattle-1686533513","p1":"PedroGreg","p2":"beto cachinhos","format":"gen8randombattle","log":"|j|\u2606PedroGreg\n|j|\u2606beto cachinhos\n|inactive|Battle timer is ON: inactive players will automatically lose when time's up.\n|t:|1665856859\n|gametype|singles\n|player|p1|PedroGreg|#wcop2022brazil|\n|player|p2|beto cachinhos|battlegirl-gen4|\n|teamsize|p1|6\n|teamsize|p2|6\n|gen|8\n|tier|[Gen 8] Random Battle\n|rated|Tournament battle\n|rule|Species Clause: Limit one of each Pok\u00e9mon\n|rule|HP Percentage Mod: HP is shown in percentages\n|rule|Sleep Clause Mod: Limit one foe put to sleep\n|\n|t:|1665856859\n|start\n|switch|p1a: Armaldo|Armaldo, L86, F|269\/269\n|switch|p2a: Centiskorch|Centiskorch, L84, F|305\/305\n|turn|1\n|j| Dark\u2605Shion\u30c4\n|j| Gustavodallabe\n|\n|t:|1665856879\n|switch|p2a: Corsola|Corsola-Galar, L84, F|238\/238\n|move|p1a: Armaldo|Stone Edge|p2a: Corsola\n|-damage|p2a: Corsola|162\/238\n|\n|upkeep\n|turn|2\n|l| Dark\u2605Shion\u30c4\n|\n|t:|1665856899\n|switch|p1a: Palossand|Palossand, L86, M|286\/286\n|move|p2a: Corsola|Will-O-Wisp|p1a: Palossand|[miss]\n|-miss|p2a: Corsola|p1a: Palossand\n|\n|upkeep\n|turn|3\n|\n|t:|1665856909\n|move|p1a: Palossand|Stealth Rock|p2a: Corsola\n|-sidestart|p2: beto cachinhos|move: Stealth Rock\n|move|p2a: Corsola|Stealth Rock|p1a: Palossand\n|-sidestart|p1: PedroGreg|move: Stealth Rock\n|\n|upkeep\n|turn|4\n|j| E63593\n|l| E63593\n|\n|t:|1665856931\n|switch|p2a: Cryogonal|Cryogonal, L86|278\/278\n|-damage|p2a: Cryogonal|209\/278|[from] Stealth Rock\n|move|p1a: Palossand|Shadow Ball|p2a: Cryogonal\n|-damage|p2a: Cryogonal|149\/278\n|\n|-heal|p2a: Cryogonal|166\/278|[from] item: Leftovers\n|upkeep\n|turn|5\n|j| Riquelme14\u2310\u25fc_\u25fc\n|\n|t:|1665856942\n|switch|p1a: Copperajah|Copperajah, L84, F|342\/342\n|-damage|p1a: Copperajah|321\/342|[from] Stealth Rock\n|move|p2a: Cryogonal|Toxic|p1a: Copperajah\n|-immune|p1a: Copperajah\n|\n|-heal|p2a: Cryogonal|183\/278|[from] item: Leftovers\n|upkeep\n|turn|6\n|\n|t:|1665856953\n|switch|p2a: Corsola|Corsola-Galar, L84, F|162\/238\n|-damage|p2a: Corsola|133\/238|[from] Stealth Rock\n|move|p1a: Copperajah|Heavy Slam|p2a: Corsola\n|-damage|p2a: Corsola|0 fnt\n|faint|p2a: Corsola\n|\n|upkeep\n|\n|t:|1665856955\n|switch|p2a: Centiskorch|Centiskorch, L84, F|305\/305\n|turn|7\n|\n|t:|1665856963\n|switch|p1a: Keldeo|Keldeo-Resolute, L79|273\/273\n|-damage|p1a: Keldeo|256\/273|[from] Stealth Rock\n|move|p2a: Centiskorch|Fire Lash|p1a: Keldeo\n|-resisted|p1a: Keldeo\n|-damage|p1a: Keldeo|208\/273\n|-unboost|p1a: Keldeo|def|1\n|\n|-heal|p1a: Keldeo|225\/273|[from] item: Leftovers\n|upkeep\n|turn|8\n|c|\u2606beto cachinhos|lol\n|c|\u2606beto cachinhos|perdi\n|\n|t:|1665856977\n|move|p1a: Keldeo|Scald|p2a: Centiskorch\n|-supereffective|p2a: Centiskorch\n|-damage|p2a: Centiskorch|101\/305\n|move|p2a: Centiskorch|Fire Lash|p1a: Keldeo\n|-resisted|p1a: Keldeo\n|-damage|p1a: Keldeo|150\/273\n|-unboost|p1a: Keldeo|def|1\n|\n|-heal|p1a: Keldeo|167\/273|[from] item: Leftovers\n|upkeep\n|turn|9\n|c|\u2606PedroGreg|cteam\n|c|\u2606beto cachinhos|sem meme\n|c|\u2606PedroGreg|fala tu\n|c|\u2606beto cachinhos|\u00e9 cteam sim\n|c|\u2606beto cachinhos|KKKKKKK\n|c|\u2606beto cachinhos|vsf\n|\n|t:|1665856987\n|move|p1a: Keldeo|Scald|p2a: Centiskorch\n|-supereffective|p2a: Centiskorch\n|-damage|p2a: Centiskorch|0 fnt\n|faint|p2a: Centiskorch\n|\n|-heal|p1a: Keldeo|184\/273|[from] item: Leftovers\n|upkeep\n|c|\u2606PedroGreg|kkkkkkk\n|c| Gustavodallabe|\u00e9 oq?\n|\n|t:|1665857001\n|switch|p2a: Omastar|Omastar, L82, M|249\/249\n|-damage|p2a: Omastar|218\/249|[from] Stealth Rock\n|turn|10\n|\n|t:|1665857010\n|move|p1a: Keldeo|Secret Sword|p2a: Omastar\n|-supereffective|p2a: Omastar\n|-crit|p2a: Omastar\n|-damage|p2a: Omastar|0 fnt\n|faint|p2a: Omastar\n|\n|-heal|p1a: Keldeo|201\/273|[from] item: Leftovers\n|upkeep\n|\n|t:|1665857013\n|switch|p2a: Cryogonal|Cryogonal, L86|183\/278\n|-damage|p2a: Cryogonal|114\/278|[from] Stealth Rock\n|turn|11\n|c|\u2606PedroGreg|kkkkkkkkkk mb\n|\n|t:|1665857020\n|switch|p1a: Copperajah|Copperajah, L84, F|321\/342\n|-damage|p1a: Copperajah|300\/342|[from] Stealth Rock\n|move|p2a: Cryogonal|Freeze-Dry|p1a: Copperajah\n|-resisted|p1a: Copperajah\n|-damage|p1a: Copperajah|255\/342\n|\n|-heal|p2a: Cryogonal|131\/278|[from] item: Leftovers\n|upkeep\n|turn|12\n|n| Riquelme14\u2310\u25fc_\u25fc|riquelme14\n|\n|t:|1665857028\n|move|p2a: Cryogonal|Freeze-Dry|p1a: Copperajah\n|-resisted|p1a: Copperajah\n|-damage|p1a: Copperajah|210\/342\n|move|p1a: Copperajah|Heavy Slam|p2a: Cryogonal\n|-supereffective|p2a: Cryogonal\n|-damage|p2a: Cryogonal|0 fnt\n|faint|p2a: Cryogonal\n|\n|upkeep\n|\n|t:|1665857037\n|switch|p2a: Lycanroc|Lycanroc-Dusk, L80, M|251\/251\n|-damage|p2a: Lycanroc|220\/251|[from] Stealth Rock\n|turn|13\n|\n|t:|1665857042\n|move|p2a: Lycanroc|Stone Edge|p1a: Copperajah\n|-resisted|p1a: Copperajah\n|-damage|p1a: Copperajah|115\/342\n|-damage|p2a: Lycanroc|195\/251|[from] item: Life Orb\n|move|p1a: Copperajah|Heavy Slam|p2a: Lycanroc\n|-supereffective|p2a: Lycanroc\n|-damage|p2a: Lycanroc|0 fnt\n|faint|p2a: Lycanroc\n|\n|upkeep\n|\n|t:|1665857045\n|switch|p2a: Cinccino|Cinccino, L84, F|263\/263\n|-damage|p2a: Cinccino|231\/263|[from] Stealth Rock\n|turn|14\n|n| Riquelme14\u2310\u25fc_\u25fc|riquelme14\n|c| Gustavodallabe|o cara tem counter pra td\n|\n|t:|1665857050\n|-start|p2a: Cinccino|Dynamax|\n|-heal|p2a: Cinccino|462\/526|[silent]\n|move|p2a: Cinccino|Max Darkness|p1a: Copperajah\n|-damage|p1a: Copperajah|0 fnt\n|faint|p1a: Copperajah\n|-damage|p2a: Cinccino|436\/526|[from] item: Life Orb\n|\n|upkeep\n|\n|t:|1665857055\n|switch|p1a: Druddigon|Druddigon, L84, F|267\/267\n|-damage|p1a: Druddigon|234\/267|[from] Stealth Rock\n|-ability|p1a: Druddigon|Mold Breaker\n|turn|15\n|\n|t:|1665857059\n|move|p2a: Cinccino|Max Strike|p1a: Druddigon\n|-damage|p1a: Druddigon|70\/267\n|-unboost|p1a: Druddigon|spe|1\n|-damage|p2a: Cinccino|410\/526|[from] item: Life Orb\n|move|p1a: Druddigon|Glare|p2a: Cinccino\n|-status|p2a: Cinccino|par\n|\n|upkeep\n|turn|16\n|\n|t:|1665857068\n|move|p1a: Druddigon|Sucker Punch|p2a: Cinccino\n|-crit|p2a: Cinccino\n|-damage|p2a: Cinccino|270\/526 par\n|-damage|p1a: Druddigon|44\/267|[from] item: Life Orb\n|cant|p2a: Cinccino|par\n|\n|upkeep\n|-end|p2a: Cinccino|Dynamax\n|-heal|p2a: Cinccino|135\/263 par|[silent]\n|turn|17\n|\n|t:|1665857075\n|move|p2a: Cinccino|Knock Off|p1a: Druddigon\n|-damage|p1a: Druddigon|0 fnt\n|-enditem|p1a: Druddigon|Life Orb|[from] move: Knock Off|[of] p2a: Cinccino\n|faint|p1a: Druddigon\n|-damage|p2a: Cinccino|109\/263 par|[from] item: Life Orb\n|\n|upkeep\n|c|\u2606beto cachinhos|wp\n|-message|beto cachinhos forfeited.\n|\n|win|PedroGreg\n|n|\u2606PedroGreg|pedrogreg\n|n|\u2606beto cachinhos|betocachinhos\n|n| Gustavodallabe|gustavodallabe\n|n| Riquelme14\u2310\u25fc_\u25fc|riquelme14\n|l|\u2606beto cachinhos\n|c|\u2606PedroGreg|gg\n","inputlog":">version ef613a9475d6dbd637653866edadf31f5286d49e\n>start {\"formatid\":\"gen8randombattle\",\"seed\":[25181,24864,28955,42002],\"rated\":\"Tournament battle\"}\n>player p1 {\"name\":\"PedroGreg\",\"avatar\":\"#wcop2022brazil\",\"rating\":0,\"seed\":[21694,24385,23102,22456]}\n>player p2 {\"name\":\"beto cachinhos\",\"avatar\":\"battlegirl-gen4\",\"rating\":0,\"seed\":[52223,18352,40260,53590]}\n>p1 move stoneedge\n>p2 switch 2\n>p1 switch 5\n>p2 move willowisp\n>p1 move stealthrock\n>p2 move stealthrock\n>p1 move shadowball\n>p2 switch 5\n>p1 switch 3\n>p2 move toxic\n>p1 move heavyslam\n>p2 switch 5\n>p2 switch 2\n>p1 switch 4\n>p2 move firelash\n>chat \u2606beto cachinhos|lol\n>chat \u2606beto cachinhos|perdi\n>p1 move scald\n>p2 move firelash\n>chat \u2606PedroGreg|cteam\n>chat \u2606beto cachinhos|sem meme\n>chat \u2606PedroGreg|fala tu\n>chat \u2606beto cachinhos|\u00e9 cteam sim\n>chat \u2606beto cachinhos|KKKKKKK\n>chat \u2606beto cachinhos|vsf\n>p1 move scald\n>p2 move firelash\n>chat \u2606PedroGreg|kkkkkkk\n>chat  Gustavodallabe|\u00e9 oq?\n>p2 switch 4\n>p1 move secretsword\n>p2 move spikes\n>p2 switch 5\n>chat \u2606PedroGreg|kkkkkkkkkk mb\n>p1 switch 4\n>p2 move freezedry\n>p1 move heavyslam\n>p2 move freezedry\n>p2 switch 6\n>p1 move heavyslam\n>p2 move stoneedge\n>p2 switch 3\n>chat  Gustavodallabe|o cara tem counter pra td\n>p1 move heavyslam\n>p2 move knockoff dynamax\n>p1 switch 2\n>p1 move glare\n>p2 move tailslap dynamax\n>p1 move suckerpunch\n>p2 move knockoff dynamax\n>p1 move outrage\n>p2 move knockoff\n>chat \u2606beto cachinhos|wp\n>forcelose p2","uploadtime":1665857079,"views":4,"p1id":"pedrogreg","p2id":"betocachinhos","formatid":"gen8randombattle","rating":0,"private":0,"password":null}