{"id":"gen8randombattle-1691764872","p1":"OficialFelicidades","p2":"PedroGreg","format":"gen8randombattle","log":"|j|\u2606OficialFelicidades\n|j|\u2606PedroGreg\n|inactive|Battle timer is ON: inactive players will automatically lose when time's up.\n|t:|1666404626\n|gametype|singles\n|player|p1|OficialFelicidades|lillie-z|\n|player|p2|PedroGreg|#wcop2022brazil|\n|teamsize|p1|6\n|teamsize|p2|6\n|gen|8\n|tier|[Gen 8] Random Battle\n|rated|Tournament battle\n|rule|Species Clause: Limit one of each Pok\u00e9mon\n|rule|HP Percentage Mod: HP is shown in percentages\n|rule|Sleep Clause Mod: Limit one foe put to sleep\n|\n|t:|1666404626\n|start\n|switch|p1a: Sudowoodo|Sudowoodo, L87, F|264\/264\n|switch|p2a: Rapidash|Rapidash, L84, M|246\/246\n|turn|1\n|inactive|OficialFelicidades also wants the timer to be on.\n|j| E63593\n|\n|t:|1666404647\n|switch|p2a: Garchomp|Garchomp, L74, M|282\/282\n|move|p1a: Sudowoodo|Head Smash|p2a: Garchomp\n|-resisted|p2a: Garchomp\n|-crit|p2a: Garchomp\n|-damage|p2a: Garchomp|66\/282\n|-damage|p1a: Sudowoodo|231\/264|[from] ability: Rough Skin|[of] p2a: Garchomp\n|\n|upkeep\n|turn|2\n|c| E63593|Dano\n|\n|t:|1666404658\n|switch|p1a: Emolga|Emolga, L88, M|240\/240\n|move|p2a: Garchomp|Earthquake|p1a: Emolga\n|-immune|p1a: Emolga\n|\n|upkeep\n|turn|3\n|\n|t:|1666404664\n|move|p1a: Emolga|Air Slash|p2a: Garchomp\n|-damage|p2a: Garchomp|0 fnt\n|faint|p2a: Garchomp\n|\n|upkeep\n|c|\u2606OficialFelicidades|\u00c9\n|c|\u2606OficialFelicidades|O crit foi gigantesco\n|\n|t:|1666404681\n|switch|p2a: Rapidash|Rapidash, L84, M|246\/246\n|turn|4\n|j| Amigento1958\n|\n|t:|1666404692\n|move|p1a: Emolga|Toxic|p2a: Rapidash\n|-status|p2a: Rapidash|tox\n|move|p2a: Rapidash|Flare Blitz|p1a: Emolga\n|-damage|p1a: Emolga|83\/240\n|-damage|p2a: Rapidash|194\/246 tox|[from] Recoil\n|\n|-damage|p2a: Rapidash|179\/246 tox|[from] psn\n|upkeep\n|turn|5\n|\n|t:|1666404719\n|move|p1a: Emolga|Air Slash|p2a: Rapidash\n|-damage|p2a: Rapidash|97\/246 tox\n|move|p2a: Rapidash|Flare Blitz|p1a: Emolga\n|-damage|p1a: Emolga|0 fnt\n|faint|p1a: Emolga\n|-damage|p2a: Rapidash|70\/246 tox|[from] Recoil\n|\n|-damage|p2a: Rapidash|40\/246 tox|[from] psn\n|upkeep\n|inactive|OficialFelicidades has 120 seconds left.\n|\n|t:|1666404729\n|switch|p1a: Xerneas|Xerneas, L67|280\/280\n|-ability|p1a: Xerneas|Fairy Aura\n|turn|6\n|\n|t:|1666404734\n|move|p1a: Xerneas|Thunderbolt|p2a: Rapidash\n|-damage|p2a: Rapidash|0 fnt\n|faint|p2a: Rapidash\n|\n|upkeep\n|c|\u2606OficialFelicidades|Eu sei\n|c|\u2606OficialFelicidades|Isso \u00e9 roubado\n|\n|t:|1666404744\n|switch|p2a: Mimikyu|Mimikyu, L76, M|209\/209\n|turn|7\n|c|\u2606OficialFelicidades|Perd\u00e3o\n|\n|t:|1666404757\n|switch|p1a: Slowbro|Slowbro-Galar, L86, M|304\/304\n|move|p2a: Mimikyu|Swords Dance|p2a: Mimikyu\n|-boost|p2a: Mimikyu|atk|2\n|\n|upkeep\n|turn|8\n|c|\u2606PedroGreg|rlx\n|\n|t:|1666404766\n|-start|p2a: Mimikyu|Dynamax|\n|-heal|p2a: Mimikyu|418\/418|[silent]\n|move|p2a: Mimikyu|Max Phantasm|p1a: Slowbro\n|-supereffective|p1a: Slowbro\n|-damage|p1a: Slowbro|0 fnt\n|faint|p1a: Slowbro\n|-damage|p2a: Mimikyu|398\/418|[from] item: Life Orb\n|\n|upkeep\n|c| E63593|scarf xerneas bem potente\n|\n|t:|1666404781\n|switch|p1a: Ferrothorn|Ferrothorn, L78, M|244\/244\n|turn|9\n|\n|t:|1666404785\n|move|p1a: Ferrothorn|Protect|p1a: Ferrothorn\n|-singleturn|p1a: Ferrothorn|Protect\n|move|p2a: Mimikyu|Max Knuckle|p1a: Ferrothorn\n|-supereffective|p1a: Ferrothorn\n|-zbroken|p1a: Ferrothorn\n|-damage|p1a: Ferrothorn|190\/244\n|-boost|p2a: Mimikyu|atk|1\n|-damage|p2a: Mimikyu|378\/418|[from] item: Life Orb\n|\n|-heal|p1a: Ferrothorn|205\/244|[from] item: Leftovers\n|upkeep\n|turn|10\n|\n|t:|1666404797\n|move|p2a: Mimikyu|Max Knuckle|p1a: Ferrothorn\n|-supereffective|p1a: Ferrothorn\n|-damage|p1a: Ferrothorn|0 fnt\n|-boost|p2a: Mimikyu|atk|1\n|faint|p1a: Ferrothorn\n|-damage|p2a: Mimikyu|358\/418|[from] item: Life Orb\n|\n|upkeep\n|\n|t:|1666404808\n|switch|p1a: Pangoro|Pangoro, L84, M|297\/297\n|-end|p2a: Mimikyu|Dynamax\n|-heal|p2a: Mimikyu|179\/209|[silent]\n|turn|11\n|c|\u2606OficialFelicidades|Ok aq NN tem mt o que fazer\n|c|\u2606OficialFelicidades|Pus o mon errado\n|inactive|OficialFelicidades has 120 seconds left.\n|\n|t:|1666404839\n|move|p2a: Mimikyu|Drain Punch|p1a: Pangoro\n|-supereffective|p1a: Pangoro\n|-crit|p1a: Pangoro\n|-damage|p1a: Pangoro|0 fnt\n|-heal|p2a: Mimikyu|209\/209|[from] drain|[of] p1a: Pangoro\n|faint|p1a: Pangoro\n|-damage|p2a: Mimikyu|189\/209|[from] item: Life Orb\n|\n|upkeep\n|\n|t:|1666404844\n|switch|p1a: Sudowoodo|Sudowoodo, L87, F|231\/264\n|turn|12\n|\n|t:|1666404849\n|move|p1a: Sudowoodo|Sucker Punch|p2a: Mimikyu\n|-activate|p2a: Mimikyu|ability: Disguise\n|-damage|p2a: Mimikyu|189\/209\n|detailschange|p2a: Mimikyu|Mimikyu-Busted, L76, M\n|-damage|p2a: Mimikyu|163\/209|[from] pokemon: Mimikyu-Busted\n|move|p2a: Mimikyu|Drain Punch|p1a: Sudowoodo\n|-supereffective|p1a: Sudowoodo\n|-damage|p1a: Sudowoodo|0 fnt\n|-heal|p2a: Mimikyu|209\/209|[from] drain|[of] p1a: Sudowoodo\n|faint|p1a: Sudowoodo\n|-damage|p2a: Mimikyu|189\/209|[from] item: Life Orb\n|\n|upkeep\n|\n|t:|1666404851\n|switch|p1a: Xerneas|Xerneas, L67|280\/280\n|-ability|p1a: Xerneas|Fairy Aura\n|turn|13\n|c| E63593|F\n|\n|t:|1666404857\n|-start|p1a: Xerneas|Dynamax|\n|-heal|p1a: Xerneas|560\/560|[silent]\n|move|p2a: Mimikyu|Shadow Claw|p1a: Xerneas\n|-crit|p1a: Xerneas\n|-damage|p1a: Xerneas|162\/560\n|-damage|p2a: Mimikyu|169\/209|[from] item: Life Orb\n|move|p1a: Xerneas|Max Starfall|p2a: Mimikyu\n|-damage|p2a: Mimikyu|28\/209\n|-fieldstart|move: Misty Terrain\n|\n|upkeep\n|turn|14\n|\n|t:|1666404868\n|move|p2a: Mimikyu|Shadow Claw|p1a: Xerneas\n|-damage|p1a: Xerneas|0 fnt\n|faint|p1a: Xerneas\n|-damage|p2a: Mimikyu|8\/209|[from] item: Life Orb\n|\n|win|PedroGreg\n|n|\u2606OficialFelicidades|oficialfelicidades\n|n|\u2606PedroGreg|pedrogreg\n|n| E63593|e63593\n|n| Amigento1958|amigento1958\n","inputlog":">version 9c5d654b898167f5ae9ca6e9cc2965040adf185e\n>start {\"formatid\":\"gen8randombattle\",\"seed\":[28410,59506,60792,33502],\"rated\":\"Tournament battle\"}\n>player p1 {\"name\":\"OficialFelicidades\",\"avatar\":\"lillie-z\",\"rating\":0,\"seed\":[60287,55619,29276,63294]}\n>player p2 {\"name\":\"PedroGreg\",\"avatar\":\"#wcop2022brazil\",\"rating\":0,\"seed\":[30129,4695,35415,44189]}\n>p1 move headsmash\n>p2 switch 3\n>chat  E63593|Dano\n>p1 switch 3\n>p2 move earthquake\n>p1 move airslash\n>p2 move stoneedge\n>chat \u2606OficialFelicidades|\u00c9\n>chat \u2606OficialFelicidades|O crit foi gigantesco \n>p2 switch 3\n>p1 move toxic\n>p2 move flareblitz\n>p1 move airslash\n>p2 move flareblitz\n>p1 switch 2\n>p1 move thunderbolt\n>p2 move flareblitz\n>chat \u2606OficialFelicidades|Eu sei \n>chat \u2606OficialFelicidades|Isso \u00e9 roubado\n>p2 switch 6\n>chat \u2606OficialFelicidades|Perd\u00e3o\n>p1 switch 6\n>p2 move swordsdance\n>chat \u2606PedroGreg|rlx\n>p1 move shellsidearm\n>p2 move shadowclaw dynamax\n>chat  E63593|scarf xerneas bem potente\n>p1 switch 5\n>p1 move protect\n>p2 move drainpunch dynamax\n>p1 move leechseed\n>p2 move drainpunch dynamax\n>p1 switch 4\n>chat \u2606OficialFelicidades|Ok aq NN tem mt o que fazer\n>chat \u2606OficialFelicidades|Pus o mon errado\n>p1 move knockoff\n>p2 move drainpunch\n>p1 switch 3\n>p1 move suckerpunch\n>p2 move drainpunch\n>p1 switch 6\n>chat  E63593|F\n>p1 move moonblast dynamax\n>p2 move shadowclaw\n>p1 move moonblast dynamax\n>p2 move shadowclaw","uploadtime":1666404869,"views":6,"p1id":"oficialfelicidades","p2id":"pedrogreg","formatid":"gen8randombattle","rating":0,"private":0,"password":null}