{"id":"gen8randombattle-1475164682","p1":"Rozaic","p2":"DjezzeMwoan","format":"gen8randombattle","log":"|j|\u2606Rozaic\n|j|\u2606DjezzeMwoan\n|t:|1639756218\n|gametype|singles\n|player|p1|Rozaic|lass-gen4dp|1863\n|player|p2|DjezzeMwoan|265|1986\n|teamsize|p1|6\n|teamsize|p2|6\n|gen|8\n|tier|[Gen 8] Random Battle\n|rated|\n|rule|Species Clause: Limit one of each Pok\u00e9mon\n|rule|HP Percentage Mod: HP is shown in percentages\n|rule|Sleep Clause Mod: Limit one foe put to sleep\n|\n|t:|1639756218\n|start\n|switch|p1a: Rapidash|Rapidash, L84, F|246\/246\n|switch|p2a: Absol|Absol, L84, M|246\/246\n|turn|1\n|inactive|Battle timer is ON: inactive players will automatically lose when time's up. (requested by DjezzeMwoan)\n|\n|t:|1639756230\n|switch|p2a: Pyukumuku|Pyukumuku, L84, M|230\/230\n|move|p1a: Rapidash|Will-O-Wisp|p2a: Pyukumuku\n|-status|p2a: Pyukumuku|brn\n|\n|-damage|p2a: Pyukumuku|216\/230 brn|[from] brn\n|upkeep\n|turn|2\n|c|\u2606DjezzeMwoan|glhf\n|c|\u2606Rozaic|u2\n|\n|t:|1639756256\n|switch|p1a: Tsareena|Tsareena, L84, F|258\/258\n|move|p2a: Pyukumuku|Toxic|p1a: Tsareena\n|-status|p1a: Tsareena|tox\n|\n|-heal|p2a: Pyukumuku|230\/230 brn|[from] item: Leftovers\n|-damage|p1a: Tsareena|242\/258 tox|[from] psn\n|-damage|p2a: Pyukumuku|216\/230 brn|[from] brn\n|upkeep\n|turn|3\n|\n|t:|1639756267\n|switch|p2a: Doublade|Doublade, L82, F|231\/231\n|move|p1a: Tsareena|High Jump Kick|p2a: Doublade\n|-immune|p2a: Doublade\n|-damage|p1a: Tsareena|113\/258 tox|[from] highjumpkick\n|\n|-damage|p1a: Tsareena|81\/258 tox|[from] psn\n|upkeep\n|turn|4\n|\n|t:|1639756280\n|switch|p1a: Rapidash|Rapidash, L84, F|246\/246\n|switch|p2a: Absol|Absol, L84, M|246\/246\n|\n|upkeep\n|turn|5\n|\n|t:|1639756289\n|switch|p2a: Pyukumuku|Pyukumuku, L84, M|216\/230 brn\n|move|p1a: Rapidash|Flare Blitz|p2a: Pyukumuku\n|-resisted|p2a: Pyukumuku\n|-damage|p2a: Pyukumuku|166\/230 brn\n|-damage|p1a: Rapidash|229\/246|[from] Recoil\n|\n|-heal|p2a: Pyukumuku|180\/230 brn|[from] item: Leftovers\n|-damage|p2a: Pyukumuku|166\/230 brn|[from] brn\n|upkeep\n|turn|6\n|\n|t:|1639756292\n|switch|p1a: Tsareena|Tsareena, L84, F|81\/258 tox\n|move|p2a: Pyukumuku|Toxic|p1a: Tsareena\n|-fail|p1a: Tsareena|tox\n|\n|-heal|p2a: Pyukumuku|180\/230 brn|[from] item: Leftovers\n|-damage|p1a: Tsareena|65\/258 tox|[from] psn\n|-damage|p2a: Pyukumuku|166\/230 brn|[from] brn\n|upkeep\n|turn|7\n|\n|t:|1639756296\n|switch|p2a: Genesect|Genesect, L74|227\/227\n|-ability|p2a: Genesect|Download|boost\n|-boost|p2a: Genesect|spa|1\n|move|p1a: Tsareena|Synthesis|p1a: Tsareena\n|-heal|p1a: Tsareena|194\/258 tox\n|\n|-damage|p1a: Tsareena|162\/258 tox|[from] psn\n|upkeep\n|turn|8\n|\n|t:|1639756305\n|switch|p1a: Zapdos|Zapdos, L78|268\/268\n|-ability|p1a: Zapdos|Pressure\n|move|p2a: Genesect|U-turn|p1a: Zapdos\n|-resisted|p1a: Zapdos\n|-damage|p1a: Zapdos|211\/268\n|\n|t:|1639756313\n|switch|p2a: Absol|Absol, L84, M|246\/246\n|\n|upkeep\n|turn|9\n|\n|t:|1639756321\n|move|p1a: Zapdos|Discharge|p2a: Absol\n|-damage|p2a: Absol|137\/246\n|-status|p2a: Absol|par\n|move|p2a: Absol|Knock Off|p1a: Zapdos\n|-damage|p1a: Zapdos|79\/268\n|-enditem|p1a: Zapdos|Heavy-Duty Boots|[from] move: Knock Off|[of] p2a: Absol\n|\n|upkeep\n|turn|10\n|\n|t:|1639756327\n|move|p1a: Zapdos|Roost|p1a: Zapdos\n|-heal|p1a: Zapdos|213\/268\n|-singleturn|p1a: Zapdos|move: Roost\n|move|p2a: Absol|Swords Dance|p2a: Absol\n|-boost|p2a: Absol|atk|2\n|\n|upkeep\n|turn|11\n|\n|t:|1639756331\n|move|p1a: Zapdos|Discharge|p2a: Absol\n|-damage|p2a: Absol|28\/246 par\n|move|p2a: Absol|Knock Off|p1a: Zapdos\n|-damage|p1a: Zapdos|20\/268\n|\n|upkeep\n|turn|12\n|\n|t:|1639756337\n|move|p2a: Absol|Sucker Punch||[still]\n|-fail|p2a: Absol\n|move|p1a: Zapdos|Roost|p1a: Zapdos\n|-heal|p1a: Zapdos|154\/268\n|-singleturn|p1a: Zapdos|move: Roost\n|\n|upkeep\n|turn|13\n|\n|t:|1639756343\n|switch|p1a: Tsareena|Tsareena, L84, F|162\/258 tox\n|move|p2a: Absol|Sucker Punch||[still]\n|cant|p1a: Tsareena|ability: Queenly Majesty|Sucker Punch|[of] p2a: Absol\n|\n|-damage|p1a: Tsareena|146\/258 tox|[from] psn\n|upkeep\n|turn|14\n|\n|t:|1639756351\n|move|p2a: Absol|Sucker Punch||[still]\n|cant|p1a: Tsareena|ability: Queenly Majesty|Sucker Punch|[of] p2a: Absol\n|move|p1a: Tsareena|Triple Axel|p2a: Absol\n|-damage|p2a: Absol|0 fnt\n|faint|p2a: Absol\n|-hitcount|p2: Absol|1\n|-damage|p1a: Tsareena|121\/258 tox|[from] item: Life Orb\n|\n|-damage|p1a: Tsareena|89\/258 tox|[from] psn\n|upkeep\n|\n|t:|1639756355\n|switch|p2a: Genesect|Genesect, L74|227\/227\n|-ability|p2a: Genesect|Download|boost\n|-boost|p2a: Genesect|spa|1\n|turn|15\n|\n|t:|1639756383\n|switch|p1a: Alcremie|Alcremie, L86, F|252\/252\n|move|p2a: Genesect|U-turn|p1a: Alcremie\n|-resisted|p1a: Alcremie\n|-damage|p1a: Alcremie|197\/252\n|\n|t:|1639756403\n|switch|p2a: Pyukumuku|Pyukumuku, L84, M|166\/230 brn\n|\n|-heal|p1a: Alcremie|212\/252|[from] item: Leftovers\n|-heal|p2a: Pyukumuku|180\/230 brn|[from] item: Leftovers\n|-damage|p2a: Pyukumuku|166\/230 brn|[from] brn\n|upkeep\n|turn|16\n|\n|t:|1639756408\n|switch|p1a: Tsareena|Tsareena, L84, F|89\/258 tox\n|switch|p2a: Genesect|Genesect, L74|227\/227\n|-ability|p2a: Genesect|Download|boost\n|-boost|p2a: Genesect|spa|1\n|\n|-damage|p1a: Tsareena|73\/258 tox|[from] psn\n|upkeep\n|turn|17\n|\n|t:|1639756415\n|switch|p1a: Alcremie|Alcremie, L86, F|212\/252\n|move|p2a: Genesect|U-turn|p1a: Alcremie\n|-resisted|p1a: Alcremie\n|-crit|p1a: Alcremie\n|-damage|p1a: Alcremie|127\/252\n|\n|t:|1639756418\n|switch|p2a: Doublade|Doublade, L82, F|231\/231\n|\n|-heal|p1a: Alcremie|142\/252|[from] item: Leftovers\n|upkeep\n|turn|18\n|\n|t:|1639756423\n|switch|p1a: Rapidash|Rapidash, L84, F|229\/246\n|move|p2a: Doublade|Iron Head|p1a: Rapidash\n|-resisted|p1a: Rapidash\n|-damage|p1a: Rapidash|181\/246\n|\n|upkeep\n|turn|19\n|\n|t:|1639756428\n|switch|p2a: Pyukumuku|Pyukumuku, L84, M|166\/230 brn\n|move|p1a: Rapidash|Will-O-Wisp|p2a: Pyukumuku\n|-fail|p2a: Pyukumuku|brn\n|\n|-heal|p2a: Pyukumuku|180\/230 brn|[from] item: Leftovers\n|-damage|p2a: Pyukumuku|166\/230 brn|[from] brn\n|upkeep\n|turn|20\n|\n|t:|1639756436\n|switch|p1a: Tsareena|Tsareena, L84, F|73\/258 tox\n|switch|p2a: Mimikyu|Mimikyu, L76, M|209\/209\n|\n|-damage|p1a: Tsareena|57\/258 tox|[from] psn\n|upkeep\n|turn|21\n|\n|t:|1639756442\n|move|p2a: Mimikyu|Shadow Claw|p1a: Tsareena\n|-damage|p1a: Tsareena|0 fnt\n|faint|p1a: Tsareena\n|-damage|p2a: Mimikyu|189\/209|[from] item: Life Orb\n|\n|upkeep\n|\n|t:|1639756452\n|switch|p1a: Rapidash|Rapidash, L84, F|181\/246\n|turn|22\n|\n|t:|1639756457\n|switch|p1a: Zapdos|Zapdos, L78|154\/268\n|-ability|p1a: Zapdos|Pressure\n|switch|p2a: Pyukumuku|Pyukumuku, L84, M|166\/230 brn\n|\n|-heal|p2a: Pyukumuku|180\/230 brn|[from] item: Leftovers\n|-damage|p2a: Pyukumuku|166\/230 brn|[from] brn\n|upkeep\n|turn|23\n|\n|t:|1639756460\n|switch|p2a: Cresselia|Cresselia, L80, F|323\/323\n|move|p1a: Zapdos|Discharge|p2a: Cresselia\n|-damage|p2a: Cresselia|257\/323\n|-status|p2a: Cresselia|par\n|\n|-heal|p2a: Cresselia|277\/323 par|[from] item: Leftovers\n|upkeep\n|turn|24\n|\n|t:|1639756487\n|switch|p1a: Alcremie|Alcremie, L86, F|142\/252\n|move|p2a: Cresselia|Psyshock|p1a: Alcremie\n|-damage|p1a: Alcremie|75\/252\n|\n|-heal|p1a: Alcremie|90\/252|[from] item: Leftovers\n|-heal|p2a: Cresselia|297\/323 par|[from] item: Leftovers\n|upkeep\n|turn|25\n|\n|t:|1639756505\n|switch|p2a: Genesect|Genesect, L74|227\/227\n|-ability|p2a: Genesect|Download|boost\n|-boost|p2a: Genesect|atk|1\n|move|p1a: Alcremie|Recover|p1a: Alcremie\n|-heal|p1a: Alcremie|216\/252\n|\n|-heal|p1a: Alcremie|231\/252|[from] item: Leftovers\n|upkeep\n|turn|26\n|\n|t:|1639756512\n|switch|p1a: Zapdos|Zapdos, L78|154\/268\n|-ability|p1a: Zapdos|Pressure\n|move|p2a: Genesect|Extreme Speed|p1a: Zapdos\n|-damage|p1a: Zapdos|31\/268\n|\n|upkeep\n|turn|27\n|\n|t:|1639756518\n|move|p2a: Genesect|Extreme Speed|p1a: Zapdos\n|-damage|p1a: Zapdos|0 fnt\n|faint|p1a: Zapdos\n|\n|upkeep\n|\n|t:|1639756520\n|switch|p1a: Rapidash|Rapidash, L84, F|181\/246\n|turn|28\n|\n|t:|1639756526\n|switch|p2a: Pyukumuku|Pyukumuku, L84, M|166\/230 brn\n|move|p1a: Rapidash|Flare Blitz|p2a: Pyukumuku\n|-resisted|p2a: Pyukumuku\n|-damage|p2a: Pyukumuku|115\/230 brn\n|-damage|p1a: Rapidash|164\/246|[from] Recoil\n|\n|-heal|p2a: Pyukumuku|129\/230 brn|[from] item: Leftovers\n|-damage|p2a: Pyukumuku|115\/230 brn|[from] brn\n|upkeep\n|turn|29\n|\n|t:|1639756542\n|switch|p1a: Alcremie|Alcremie, L86, F|231\/252\n|move|p2a: Pyukumuku|Recover|p2a: Pyukumuku\n|-heal|p2a: Pyukumuku|230\/230 brn\n|\n|-heal|p1a: Alcremie|246\/252|[from] item: Leftovers\n|-damage|p2a: Pyukumuku|216\/230 brn|[from] brn\n|upkeep\n|turn|30\n|\n|t:|1639756551\n|move|p1a: Alcremie|Dazzling Gleam|p2a: Pyukumuku\n|-damage|p2a: Pyukumuku|138\/230 brn\n|move|p2a: Pyukumuku|Toxic|p1a: Alcremie|[miss]\n|-miss|p2a: Pyukumuku|p1a: Alcremie\n|\n|-heal|p1a: Alcremie|252\/252|[from] item: Leftovers\n|-heal|p2a: Pyukumuku|152\/230 brn|[from] item: Leftovers\n|-damage|p2a: Pyukumuku|138\/230 brn|[from] brn\n|upkeep\n|turn|31\n|\n|t:|1639756556\n|move|p1a: Alcremie|Dazzling Gleam|p2a: Pyukumuku\n|-damage|p2a: Pyukumuku|62\/230 brn\n|move|p2a: Pyukumuku|Recover|p2a: Pyukumuku\n|-heal|p2a: Pyukumuku|177\/230 brn\n|\n|-heal|p2a: Pyukumuku|191\/230 brn|[from] item: Leftovers\n|-damage|p2a: Pyukumuku|177\/230 brn|[from] brn\n|upkeep\n|turn|32\n|\n|t:|1639756560\n|move|p1a: Alcremie|Dazzling Gleam|p2a: Pyukumuku\n|-damage|p2a: Pyukumuku|110\/230 brn\n|move|p2a: Pyukumuku|Recover|p2a: Pyukumuku\n|-heal|p2a: Pyukumuku|225\/230 brn\n|\n|-heal|p2a: Pyukumuku|230\/230 brn|[from] item: Leftovers\n|-damage|p2a: Pyukumuku|216\/230 brn|[from] brn\n|upkeep\n|turn|33\n|\n|t:|1639756564\n|move|p1a: Alcremie|Dazzling Gleam|p2a: Pyukumuku\n|-damage|p2a: Pyukumuku|147\/230 brn\n|move|p2a: Pyukumuku|Toxic|p1a: Alcremie\n|-status|p1a: Alcremie|tox\n|\n|-heal|p2a: Pyukumuku|161\/230 brn|[from] item: Leftovers\n|-damage|p1a: Alcremie|237\/252 tox|[from] psn\n|-damage|p2a: Pyukumuku|147\/230 brn|[from] brn\n|upkeep\n|turn|34\n|c|\u2606DjezzeMwoan|i swear my toxic hit ratio today is like 50%\n|c|\u2606DjezzeMwoan|its fucking insane\n|\n|t:|1639756578\n|switch|p1a: Raikou|Raikou, L80|275\/275\n|-ability|p1a: Raikou|Pressure\n|move|p2a: Pyukumuku|Recover|p2a: Pyukumuku\n|-heal|p2a: Pyukumuku|230\/230 brn\n|\n|-damage|p2a: Pyukumuku|216\/230 brn|[from] brn\n|upkeep\n|turn|35\n|\n|t:|1639756585\n|switch|p2a: Cresselia|Cresselia, L80, F|297\/323 par\n|move|p1a: Raikou|Substitute|p1a: Raikou\n|-start|p1a: Raikou|Substitute\n|-damage|p1a: Raikou|207\/275\n|\n|-heal|p1a: Raikou|224\/275|[from] item: Leftovers\n|-heal|p2a: Cresselia|317\/323 par|[from] item: Leftovers\n|upkeep\n|turn|36\n|\n|t:|1639756588\n|move|p1a: Raikou|Calm Mind|p1a: Raikou\n|-boost|p1a: Raikou|spa|1\n|-boost|p1a: Raikou|spd|1\n|move|p2a: Cresselia|Psyshock|p1a: Raikou\n|-end|p1a: Raikou|Substitute\n|\n|-heal|p1a: Raikou|241\/275|[from] item: Leftovers\n|-heal|p2a: Cresselia|323\/323 par|[from] item: Leftovers\n|upkeep\n|turn|37\n|\n|t:|1639756593\n|move|p1a: Raikou|Substitute|p1a: Raikou\n|-start|p1a: Raikou|Substitute\n|-damage|p1a: Raikou|173\/275\n|cant|p2a: Cresselia|par\n|\n|-heal|p1a: Raikou|190\/275|[from] item: Leftovers\n|upkeep\n|turn|38\n|\n|t:|1639756595\n|move|p1a: Raikou|Calm Mind|p1a: Raikou\n|-boost|p1a: Raikou|spa|1\n|-boost|p1a: Raikou|spd|1\n|cant|p2a: Cresselia|par\n|\n|-heal|p1a: Raikou|207\/275|[from] item: Leftovers\n|upkeep\n|turn|39\n|\n|t:|1639756599\n|move|p1a: Raikou|Thunderbolt|p2a: Cresselia\n|-damage|p2a: Cresselia|179\/323 par\n|move|p2a: Cresselia|Psyshock|p1a: Raikou\n|-end|p1a: Raikou|Substitute\n|\n|-heal|p1a: Raikou|224\/275|[from] item: Leftovers\n|-heal|p2a: Cresselia|199\/323 par|[from] item: Leftovers\n|upkeep\n|turn|40\n|\n|t:|1639756603\n|move|p1a: Raikou|Thunderbolt|p2a: Cresselia\n|-damage|p2a: Cresselia|54\/323 par\n|cant|p2a: Cresselia|par\n|\n|-heal|p1a: Raikou|241\/275|[from] item: Leftovers\n|-heal|p2a: Cresselia|74\/323 par|[from] item: Leftovers\n|upkeep\n|turn|41\n|\n|t:|1639756607\n|move|p1a: Raikou|Thunderbolt|p2a: Cresselia\n|-damage|p2a: Cresselia|0 fnt\n|faint|p2a: Cresselia\n|\n|-heal|p1a: Raikou|258\/275|[from] item: Leftovers\n|upkeep\n|\n|t:|1639756609\n|switch|p2a: Mimikyu|Mimikyu, L76, M|189\/209\n|turn|42\n|\n|t:|1639756614\n|-start|p2a: Mimikyu|Dynamax\n|-heal|p2a: Mimikyu|378\/418|[silent]\n|move|p1a: Raikou|Thunderbolt|p2a: Mimikyu\n|-activate|p2a: Mimikyu|ability: Disguise\n|-damage|p2a: Mimikyu|378\/418\n|-status|p2a: Mimikyu|par\n|detailschange|p2a: Mimikyu|Mimikyu-Busted, L76, M\n|-damage|p2a: Mimikyu|352\/418 par|[from] pokemon: Mimikyu-Busted\n|move|p2a: Mimikyu|Max Phantasm|p1a: Raikou\n|-damage|p1a: Raikou|105\/275\n|-unboost|p1a: Raikou|def|1\n|-damage|p2a: Mimikyu|332\/418 par|[from] item: Life Orb\n|\n|-heal|p1a: Raikou|122\/275|[from] item: Leftovers\n|upkeep\n|turn|43\n|\n|t:|1639756627\n|-start|p1a: Raikou|Dynamax\n|-heal|p1a: Raikou|244\/550|[silent]\n|move|p1a: Raikou|Max Guard|p1a: Raikou\n|-singleturn|p1a: Raikou|Max Guard\n|cant|p2a: Mimikyu|par\n|\n|-heal|p1a: Raikou|261\/550|[from] item: Leftovers\n|upkeep\n|turn|44\n|c|\u2606DjezzeMwoan|your para luck\n|c|\u2606DjezzeMwoan|its just dumb\n|\n|t:|1639756634\n|move|p1a: Raikou|Max Lightning|p2a: Mimikyu\n|-damage|p2a: Mimikyu|38\/418 par\n|-fieldstart|move: Electric Terrain\n|move|p2a: Mimikyu|Max Phantasm|p1a: Raikou\n|-damage|p1a: Raikou|50\/550\n|-unboost|p1a: Raikou|def|1\n|-damage|p2a: Mimikyu|18\/418 par|[from] item: Life Orb\n|\n|-heal|p1a: Raikou|67\/550|[from] item: Leftovers\n|-end|p2a: Mimikyu|Dynamax\n|-heal|p2a: Mimikyu|9\/209 par|[silent]\n|upkeep\n|turn|45\n|\n|t:|1639756647\n|-end|p1a: Raikou|Dynamax\n|-heal|p1a: Raikou|34\/275|[silent]\n|switch|p1a: Alcremie|Alcremie, L86, F|237\/252 tox\n|cant|p2a: Mimikyu|par\n|\n|-heal|p1a: Alcremie|252\/252 tox|[from] item: Leftovers\n|-damage|p1a: Alcremie|237\/252 tox|[from] psn\n|upkeep\n|turn|46\n|\n|t:|1639756652\n|switch|p2a: Pyukumuku|Pyukumuku, L84, M|216\/230 brn\n|move|p1a: Alcremie|Dazzling Gleam|p2a: Pyukumuku\n|-damage|p2a: Pyukumuku|140\/230 brn\n|\n|-heal|p1a: Alcremie|252\/252 tox|[from] item: Leftovers\n|-heal|p2a: Pyukumuku|154\/230 brn|[from] item: Leftovers\n|-damage|p1a: Alcremie|222\/252 tox|[from] psn\n|-damage|p2a: Pyukumuku|140\/230 brn|[from] brn\n|upkeep\n|turn|47\n|\n|t:|1639756658\n|switch|p1a: Raikou|Raikou, L80|34\/275\n|-ability|p1a: Raikou|Pressure\n|move|p2a: Pyukumuku|Recover|p2a: Pyukumuku\n|-heal|p2a: Pyukumuku|230\/230 brn\n|\n|-heal|p1a: Raikou|51\/275|[from] item: Leftovers\n|-damage|p2a: Pyukumuku|216\/230 brn|[from] brn\n|upkeep\n|turn|48\n|\n|t:|1639756662\n|switch|p2a: Mimikyu|Mimikyu-Busted, L76, M|9\/209 par\n|move|p1a: Raikou|Thunderbolt|p2a: Mimikyu\n|-damage|p2a: Mimikyu|0 fnt\n|faint|p2a: Mimikyu\n|\n|-heal|p1a: Raikou|68\/275|[from] item: Leftovers\n|-fieldend|move: Electric Terrain\n|upkeep\n|\n|t:|1639756664\n|switch|p2a: Genesect|Genesect, L74|227\/227\n|-ability|p2a: Genesect|Download|boost\n|-boost|p2a: Genesect|atk|1\n|turn|49\n|\n|t:|1639756673\n|switch|p1a: Alcremie|Alcremie, L86, F|222\/252 tox\n|move|p2a: Genesect|Extreme Speed|p1a: Alcremie\n|-damage|p1a: Alcremie|103\/252 tox\n|\n|-heal|p1a: Alcremie|118\/252 tox|[from] item: Leftovers\n|-damage|p1a: Alcremie|103\/252 tox|[from] psn\n|upkeep\n|turn|50\n|\n|t:|1639756682\n|move|p2a: Genesect|Extreme Speed|p1a: Alcremie\n|-damage|p1a: Alcremie|0 fnt\n|faint|p1a: Alcremie\n|\n|upkeep\n|\n|t:|1639756686\n|switch|p1a: Musharna|Musharna, L86, F|340\/340\n|turn|51\n|\n|t:|1639756691\n|switch|p2a: Doublade|Doublade, L82, F|231\/231\n|move|p1a: Musharna|Psychic|p2a: Doublade\n|-resisted|p2a: Doublade\n|-crit|p2a: Doublade\n|-damage|p2a: Doublade|155\/231\n|\n|upkeep\n|turn|52\n|\n|t:|1639756698\n|move|p2a: Doublade|Shadow Sneak|p1a: Musharna\n|-supereffective|p1a: Musharna\n|-damage|p1a: Musharna|244\/340\n|move|p1a: Musharna|Psychic|p2a: Doublade\n|-resisted|p2a: Doublade\n|-damage|p2a: Doublade|98\/231\n|\n|-heal|p1a: Musharna|265\/340|[from] item: Leftovers\n|upkeep\n|turn|53\n|\n|t:|1639756704\n|switch|p2a: Genesect|Genesect, L74|227\/227\n|-ability|p2a: Genesect|Download|boost\n|-boost|p2a: Genesect|atk|1\n|move|p1a: Musharna|Psychic|p2a: Genesect\n|-resisted|p2a: Genesect\n|-crit|p2a: Genesect\n|-damage|p2a: Genesect|147\/227\n|\n|-heal|p1a: Musharna|286\/340|[from] item: Leftovers\n|upkeep\n|turn|54\n|\n|t:|1639756717\n|switch|p1a: Rapidash|Rapidash, L84, F|164\/246\n|move|p2a: Genesect|U-turn|p1a: Rapidash\n|-resisted|p1a: Rapidash\n|-damage|p1a: Rapidash|66\/246\n|\n|t:|1639756722\n|switch|p2a: Pyukumuku|Pyukumuku, L84, M|216\/230 brn\n|\n|-heal|p2a: Pyukumuku|230\/230 brn|[from] item: Leftovers\n|-damage|p2a: Pyukumuku|216\/230 brn|[from] brn\n|upkeep\n|turn|55\n|\n|t:|1639756733\n|switch|p1a: Raikou|Raikou, L80|68\/275\n|-ability|p1a: Raikou|Pressure\n|move|p2a: Pyukumuku|Toxic|p1a: Raikou\n|-status|p1a: Raikou|tox\n|\n|-heal|p1a: Raikou|85\/275 tox|[from] item: Leftovers\n|-heal|p2a: Pyukumuku|230\/230 brn|[from] item: Leftovers\n|-damage|p1a: Raikou|68\/275 tox|[from] psn\n|-damage|p2a: Pyukumuku|216\/230 brn|[from] brn\n|upkeep\n|turn|56\n|\n|t:|1639756737\n|move|p1a: Raikou|Thunderbolt|p2a: Pyukumuku\n|-supereffective|p2a: Pyukumuku\n|-damage|p2a: Pyukumuku|70\/230 brn\n|move|p2a: Pyukumuku|Mirror Coat|p1a: Raikou\n|-damage|p1a: Raikou|0 fnt\n|faint|p1a: Raikou\n|\n|-heal|p2a: Pyukumuku|84\/230 brn|[from] item: Leftovers\n|-damage|p2a: Pyukumuku|70\/230 brn|[from] brn\n|upkeep\n|\n|t:|1639756747\n|switch|p1a: Rapidash|Rapidash, L84, F|66\/246\n|turn|57\n|\n|t:|1639756751\n|move|p1a: Rapidash|High Horsepower|p2a: Pyukumuku\n|-damage|p2a: Pyukumuku|17\/230 brn\n|move|p2a: Pyukumuku|Recover|p2a: Pyukumuku\n|-heal|p2a: Pyukumuku|132\/230 brn\n|\n|-heal|p2a: Pyukumuku|146\/230 brn|[from] item: Leftovers\n|-damage|p2a: Pyukumuku|132\/230 brn|[from] brn\n|upkeep\n|turn|58\n|\n|t:|1639756755\n|move|p1a: Rapidash|Morning Sun|p1a: Rapidash\n|-heal|p1a: Rapidash|189\/246\n|move|p2a: Pyukumuku|Recover|p2a: Pyukumuku\n|-heal|p2a: Pyukumuku|230\/230 brn\n|\n|-damage|p2a: Pyukumuku|216\/230 brn|[from] brn\n|upkeep\n|turn|59\n|\n|t:|1639756758\n|switch|p1a: Musharna|Musharna, L86, F|286\/340\n|move|p2a: Pyukumuku|Toxic||[still]\n|-status|p1a: Musharna|tox\n|-activate|p1a: Musharna|ability: Synchronize\n|-fail|p1a: Musharna\n|\n|-heal|p1a: Musharna|307\/340 tox|[from] item: Leftovers\n|-heal|p2a: Pyukumuku|230\/230 brn|[from] item: Leftovers\n|-damage|p1a: Musharna|286\/340 tox|[from] psn\n|-damage|p2a: Pyukumuku|216\/230 brn|[from] brn\n|upkeep\n|turn|60\n|\n|t:|1639756762\n|switch|p2a: Genesect|Genesect, L74|147\/227\n|-ability|p2a: Genesect|Download|boost\n|-boost|p2a: Genesect|atk|1\n|move|p1a: Musharna|Psychic|p2a: Genesect\n|-resisted|p2a: Genesect\n|-damage|p2a: Genesect|91\/227\n|\n|-heal|p1a: Musharna|307\/340 tox|[from] item: Leftovers\n|-damage|p1a: Musharna|265\/340 tox|[from] psn\n|upkeep\n|turn|61\n|\n|t:|1639756765\n|move|p2a: Genesect|U-turn|p1a: Musharna\n|-supereffective|p1a: Musharna\n|-damage|p1a: Musharna|0 fnt\n|faint|p1a: Musharna\n|\n|t:|1639756768\n|switch|p2a: Pyukumuku|Pyukumuku, L84, M|216\/230 brn\n|\n|-heal|p2a: Pyukumuku|230\/230 brn|[from] item: Leftovers\n|-damage|p2a: Pyukumuku|216\/230 brn|[from] brn\n|upkeep\n|\n|t:|1639756769\n|switch|p1a: Rapidash|Rapidash, L84, F|189\/246\n|turn|62\n|c|\u2606DjezzeMwoan|how are you almost as lucky as you can be\n|c|\u2606DjezzeMwoan|and then you still lose\n|\n|t:|1639756789\n|move|p1a: Rapidash|High Horsepower|p2a: Pyukumuku\n|-damage|p2a: Pyukumuku|166\/230 brn\n|move|p2a: Pyukumuku|Toxic|p1a: Rapidash\n|-status|p1a: Rapidash|tox\n|\n|-heal|p2a: Pyukumuku|180\/230 brn|[from] item: Leftovers\n|-damage|p1a: Rapidash|174\/246 tox|[from] psn\n|-damage|p2a: Pyukumuku|166\/230 brn|[from] brn\n|upkeep\n|turn|63\n|c|\u2606DjezzeMwoan|litteraly insane\n|\n|t:|1639756795\n|move|p1a: Rapidash|Flare Blitz|p2a: Pyukumuku\n|-resisted|p2a: Pyukumuku\n|-damage|p2a: Pyukumuku|122\/230 brn\n|-damage|p1a: Rapidash|159\/246 tox|[from] Recoil\n|move|p2a: Pyukumuku|Recover|p2a: Pyukumuku\n|-heal|p2a: Pyukumuku|230\/230 brn\n|\n|-damage|p1a: Rapidash|129\/246 tox|[from] psn\n|-damage|p2a: Pyukumuku|216\/230 brn|[from] brn\n|upkeep\n|turn|64\n|\n|t:|1639756798\n|move|p1a: Rapidash|Flare Blitz|p2a: Pyukumuku\n|-resisted|p2a: Pyukumuku\n|-damage|p2a: Pyukumuku|169\/230 brn\n|-damage|p1a: Rapidash|113\/246 tox|[from] Recoil\n|move|p2a: Pyukumuku|Counter|p1a: Rapidash\n|-damage|p1a: Rapidash|19\/246 tox\n|\n|-heal|p2a: Pyukumuku|183\/230 brn|[from] item: Leftovers\n|-damage|p1a: Rapidash|0 fnt|[from] psn\n|faint|p1a: Rapidash\n|\n|win|DjezzeMwoan\n|upkeep\n|raw|Rozaic's rating: 1863 &rarr; <strong>1851<\/strong><br \/>(-12 for losing)\n|raw|DjezzeMwoan's rating: 2011 &rarr; <strong>2023<\/strong><br \/>(+12 for winning)\n|l|\u2606DjezzeMwoan\n","inputlog":">version e08789002c9e8dee6381306488ee9be035a74cb0\n>start {\"formatid\":\"gen8randombattle\",\"seed\":[44093,34780,9816,9078],\"rated\":\"Rated battle\"}\n>player p1 {\"name\":\"Rozaic\",\"avatar\":\"lass-gen4dp\",\"rating\":1863,\"seed\":[56183,65482,56787,54449]}\n>player p2 {\"name\":\"DjezzeMwoan\",\"avatar\":\"265\",\"rating\":1986,\"seed\":[18034,20064,16826,51848]}\n>p1 move willowisp\n>p2 switch 3\n>chat \u2606DjezzeMwoan|glhf\n>chat \u2606Rozaic|u2\n>p1 switch 5\n>p2 move toxic\n>p1 move highjumpkick\n>p2 switch 4\n>p1 switch 5\n>p2 switch 3\n>p1 move flareblitz\n>p2 switch 4\n>p1 switch 5\n>p2 move toxic\n>p1 move synthesis\n>p2 switch 5\n>p1 switch 4\n>p2 move uturn\n>p2 switch 4\n>p1 move discharge\n>p2 move knockoff\n>p1 move roost\n>p2 move swordsdance\n>p1 move discharge\n>p2 move knockoff\n>p1 move roost\n>p2 move suckerpunch\n>p1 switch 4\n>p2 move suckerpunch\n>p1 move tripleaxel\n>p2 move suckerpunch\n>p2 switch 4\n>p1 switch 6\n>p2 move uturn\n>p2 switch 5\n>p1 switch 6\n>p2 switch 5\n>p1 switch 6\n>p2 move uturn\n>p2 switch 3\n>p1 switch 5\n>p2 move ironhead\n>p1 move willowisp\n>p2 switch 5\n>p1 switch 6\n>p2 switch 2\n>p1 move tripleaxel\n>p2 move shadowclaw\n>p1 switch 6\n>p1 switch 4\n>p2 switch 2\n>p1 move discharge\n>p2 switch 6\n>p1 switch 5\n>p2 move psyshock\n>p1 move recover\n>p2 switch 3\n>p1 switch 5\n>p2 move extremespeed\n>p1 move discharge\n>p2 move extremespeed\n>p1 switch 4\n>p1 move flareblitz\n>p2 switch 6\n>p1 switch 5\n>p2 move recover\n>p1 move dazzlinggleam\n>p2 move toxic\n>p1 move dazzlinggleam\n>p2 move recover\n>p1 move dazzlinggleam\n>p2 move recover\n>p1 move dazzlinggleam\n>p2 move toxic\n>chat \u2606DjezzeMwoan|i swear my toxic hit ratio today is like 50%\n>chat \u2606DjezzeMwoan|its fucking insane\n>p1 switch 3\n>p2 move recover\n>p1 move substitute\n>p2 switch 3\n>p1 move calmmind\n>p2 move psyshock\n>p1 move substitute\n>p2 move psyshock\n>p1 move calmmind\n>p2 move psyshock\n>p1 move thunderbolt\n>p2 move psyshock\n>p1 move thunderbolt\n>p2 move psyshock\n>p1 move thunderbolt\n>p2 move psyshock\n>p2 switch 2\n>p1 move thunderbolt\n>p2 move shadowclaw dynamax\n>p1 move calmmind dynamax\n>p2 move shadowclaw dynamax\n>chat \u2606DjezzeMwoan|your para luck\n>chat \u2606DjezzeMwoan|its just dumb\n>p1 move thunderbolt dynamax\n>p2 move shadowclaw dynamax\n>p1 switch 3\n>p2 move playrough\n>p1 move dazzlinggleam\n>p2 switch 3\n>p1 switch 3\n>p2 move recover\n>p1 move thunderbolt\n>p2 switch 3\n>p2 switch 6\n>p1 switch 3\n>p2 move extremespeed\n>p1 move dazzlinggleam\n>p2 move extremespeed\n>p1 switch 2\n>p1 move psychic\n>p2 switch 5\n>p1 move psychic\n>p2 move shadowsneak\n>p1 move psychic\n>p2 switch 5\n>p1 switch 5\n>p2 move uturn\n>p2 switch 3\n>p1 switch 3\n>p2 move toxic\n>p1 move thunderbolt\n>p2 move mirrorcoat\n>p1 switch 3\n>p1 move highhorsepower\n>p2 move recover\n>p1 move morningsun\n>p2 move recover\n>p1 switch 5\n>p2 move toxic\n>p1 move psychic\n>p2 switch 3\n>p1 move psychic\n>p2 move uturn\n>p2 switch 3\n>p1 switch 5\n>chat \u2606DjezzeMwoan|how are you almost as lucky as you can be\n>chat \u2606DjezzeMwoan|and then you still lose\n>p1 move highhorsepower\n>p2 move toxic\n>chat \u2606DjezzeMwoan|litteraly insane\n>p1 move flareblitz\n>p2 move recover\n>p1 move flareblitz\n>p2 move counter","uploadtime":1639756802,"views":6,"p1id":"rozaic","p2id":"djezzemwoan","formatid":"gen8randombattle","rating":1851,"private":0,"password":null}