{"id":"gen8unratedrandombattle-1022112049","p1":"samiurrahman98","p2":"Hajmola","format":"gen8unratedrandombattle","log":"|j|\u2606samiurrahman98\n|j|\u2606Hajmola\n|player|p1|samiurrahman98|269|\n|player|p2|Hajmola|269|\n|teamsize|p1|6\n|teamsize|p2|6\n|gametype|singles\n|gen|8\n|tier|[Gen 8] Unrated Random Battle\n|rule|HP Percentage Mod: HP is shown in percentages\n|rule|Sleep Clause Mod: Limit one foe put to sleep\n|\n|start\n|switch|p1a: Flareon|Flareon, L82, M|241\/241\n|switch|p2a: Inteleon|Inteleon, L82, M|249\/249\n|turn|1\n|c|\u2606samiurrahman98|HAJMOLA GANG\n|\n|switch|p1a: Umbreon|Umbreon, L82, F|290\/290\n|move|p2a: Inteleon|Ice Beam|p1a: Umbreon\n|-damage|p1a: Umbreon|205\/290\n|\n|-heal|p1a: Umbreon|223\/290|[from] item: Leftovers\n|upkeep\n|turn|2\n|c|\u2606Hajmola|Yuuuup\n|c|\u2606Hajmola|Hajmola\n|c|\u2606samiurrahman98|panchod\n|\n|switch|p2a: Bewear|Bewear, L82, M|331\/331\n|move|p1a: Umbreon|Wish|p1a: Umbreon\n|\n|-heal|p1a: Umbreon|241\/290|[from] item: Leftovers\n|upkeep\n|turn|3\n|c|\u2606Hajmola|PAN\ud83d\ude02\ud83d\ude02\ud83d\ude02\n|\n|switch|p1a: Flareon|Flareon, L82, M|241\/241\n|move|p2a: Bewear|Close Combat|p1a: Flareon\n|-damage|p1a: Flareon|57\/241\n|-unboost|p2a: Bewear|def|1\n|-unboost|p2a: Bewear|spd|1\n|\n|-heal|p1a: Flareon|202\/241|[from] move: Wish|[wisher] Umbreon\n|-status|p1a: Flareon|tox|[from] item: Toxic Orb\n|upkeep\n|turn|4\n|\n|switch|p2a: Inteleon|Inteleon, L82, M|249\/249\n|move|p1a: Flareon|Flare Blitz|p2a: Inteleon\n|-resisted|p2a: Inteleon\n|-damage|p2a: Inteleon|114\/249\n|-damage|p1a: Flareon|157\/241 tox|[from] Recoil\n|\n|-damage|p1a: Flareon|142\/241 tox|[from] psn\n|upkeep\n|turn|5\n|\n|move|p1a: Flareon|Quick Attack|p2a: Inteleon\n|-damage|p2a: Inteleon|54\/249\n|move|p2a: Inteleon|Hydro Pump|p1a: Flareon\n|-supereffective|p1a: Flareon\n|-crit|p1a: Flareon\n|-damage|p1a: Flareon|0 fnt\n|faint|p1a: Flareon\n|\n|upkeep\n|\n|switch|p1a: Mewtwo|Mewtwo, L78|293\/293\n|-ability|p1a: Mewtwo|Pressure\n|turn|6\n|\n|switch|p2a: Celebi|Celebi, L80|291\/291\n|move|p1a: Mewtwo|Psystrike|p2a: Celebi\n|-resisted|p2a: Celebi\n|-damage|p2a: Celebi|224\/291\n|\n|-heal|p2a: Celebi|242\/291|[from] item: Leftovers\n|upkeep\n|turn|7\n|\n|move|p1a: Mewtwo|Nasty Plot|p1a: Mewtwo\n|-boost|p1a: Mewtwo|spa|2\n|move|p2a: Celebi|Nasty Plot|p2a: Celebi\n|-boost|p2a: Celebi|spa|2\n|\n|-heal|p2a: Celebi|260\/291|[from] item: Leftovers\n|upkeep\n|turn|8\n|\n|move|p1a: Mewtwo|Ice Beam|p2a: Celebi\n|-supereffective|p2a: Celebi\n|-damage|p2a: Celebi|0 fnt\n|faint|p2a: Celebi\n|\n|upkeep\n|\n|switch|p2a: Inteleon|Inteleon, L82, M|54\/249\n|turn|9\n|\n|-start|p2a: Inteleon|Dynamax\n|-heal|p2a: Inteleon|108\/498|[silent]\n|move|p1a: Mewtwo|Psystrike|p2a: Inteleon\n|-damage|p2a: Inteleon|0 fnt\n|faint|p2a: Inteleon\n|\n|upkeep\n|\n|switch|p2a: Bewear|Bewear, L82, M|331\/331\n|turn|10\n|\n|move|p1a: Mewtwo|Psystrike|p2a: Bewear\n|-supereffective|p2a: Bewear\n|-damage|p2a: Bewear|0 fnt\n|faint|p2a: Bewear\n|\n|upkeep\n|c|\u2606Hajmola|Hmmmmm\n|c|\u2606samiurrahman98|bund par\n|c|\u2606Hajmola|I'm so fucked up now\ud83d\ude2d\ud83d\ude2d\ud83d\ude2d\n|\n|switch|p2a: Gourgeist|Gourgeist-Large, L82, M|257\/257\n|-item|p1a: Mewtwo|Leftovers|[from] ability: Frisk|[of] p2a: Gourgeist|[identify]\n|turn|11\n|c|\u2606samiurrahman98|hajmola does that to ur breath bro\n|\n|move|p2a: Gourgeist|Shadow Sneak|p1a: Mewtwo\n|-supereffective|p1a: Mewtwo\n|-damage|p1a: Mewtwo|203\/293\n|move|p1a: Mewtwo|Ice Beam|p2a: Gourgeist\n|-supereffective|p2a: Gourgeist\n|-damage|p2a: Gourgeist|0 fnt\n|faint|p2a: Gourgeist\n|\n|-heal|p1a: Mewtwo|221\/293|[from] item: Leftovers\n|upkeep\n|\n|switch|p2a: Salazzle|Salazzle, L82, F|246\/246\n|turn|12\n|\n|-start|p1a: Mewtwo|Dynamax\n|-heal|p1a: Mewtwo|442\/586|[silent]\n|move|p2a: Salazzle|Protect|p2a: Salazzle\n|-singleturn|p2a: Salazzle|Protect\n|move|p1a: Mewtwo|Max Mindstorm|p2a: Salazzle\n|-supereffective|p2a: Salazzle\n|-zbroken|p2a: Salazzle\n|-damage|p2a: Salazzle|10\/246\n|-fieldstart|move: Psychic Terrain\n|\n|-heal|p1a: Mewtwo|478\/586|[from] item: Leftovers\n|-heal|p2a: Salazzle|25\/246|[from] item: Black Sludge\n|upkeep\n|turn|13\n|c|\u2606Hajmola|Bye...\n|-message|Hajmola forfeited.\n|\n|win|samiurrahman98\n|l|\u2606Hajmola\n|c|\u2606samiurrahman98|bye hajmola\n","inputlog":">version d9c49a286197ba0837ec47b221644b0b4cd26893\n>start {\"formatid\":\"gen8unratedrandombattle\",\"seed\":[4522,20499,20059,34905]}\n>player p1 {\"name\":\"samiurrahman98\",\"avatar\":\"269\",\"team\":\"\",\"rating\":0,\"seed\":[17693,5263,49870,62070]}\n>player p2 {\"name\":\"Hajmola\",\"avatar\":\"269\",\"team\":\"\",\"rating\":0,\"seed\":[56091,1894,42987,24349]}\n>p1 switch 6\n>p2 move icebeam\n>p1 move wish\n>p2 switch 4\n>p1 switch 6\n>p2 move closecombat\n>p1 move flareblitz\n>p2 switch 4\n>p1 move quickattack\n>p2 move hydropump\n>p1 switch 2\n>p1 move psystrike\n>p2 switch 5\n>p1 move nastyplot\n>p2 move nastyplot\n>p1 move icebeam\n>p2 move leafstorm\n>p2 switch 5\n>p1 move psystrike\n>p2 move darkpulse dynamax\n>p2 switch 4\n>p1 move psystrike\n>p2 move darkestlariat\n>p2 switch 6\n>p1 move icebeam\n>p2 move shadowsneak\n>p2 switch 2\n>p1 move psystrike dynamax\n>p2 move protect","uploadtime":1575396023,"views":0,"p1id":"samiurrahman98","p2id":"hajmola","formatid":"gen8unratedrandombattle","rating":0,"private":0,"password":null}