{"id":"gen8randombattle-1685383965","p1":"Eimint64","p2":"Saimasseuh v8","format":"gen8randombattle","log":"|j|\u2606Eimint64\n|j|\u2606Saimasseuh v8\n|t:|1665730427\n|gametype|singles\n|player|p1|Eimint64|blackbelt-gen4dp|1761\n|player|p2|Saimasseuh v8|101|1706\n|teamsize|p1|6\n|teamsize|p2|6\n|gen|8\n|tier|[Gen 8] Random Battle\n|rated|\n|rule|Species Clause: Limit one of each Pok\u00e9mon\n|rule|HP Percentage Mod: HP is shown in percentages\n|rule|Sleep Clause Mod: Limit one foe put to sleep\n|\n|t:|1665730427\n|start\n|switch|p1a: Umbreon|Umbreon, L82, F|290\/290\n|switch|p2a: Xatu|Xatu, L89, F|260\/260\n|turn|1\n|inactive|Battle timer is ON: inactive players will automatically lose when time's up. (requested by Eimint64)\n|\n|t:|1665730443\n|move|p1a: Umbreon|Protect|p1a: Umbreon\n|-singleturn|p1a: Umbreon|Protect\n|move|p2a: Xatu|Thunder Wave|p1a: Umbreon\n|-activate|p1a: Umbreon|move: Protect\n|\n|upkeep\n|turn|2\n|\n|t:|1665730457\n|switch|p1a: Krookodile|Krookodile, L78, M|276\/276\n|move|p2a: Xatu|Thunder Wave|p1a: Krookodile\n|-immune|p1a: Krookodile\n|\n|upkeep\n|turn|3\n|\n|t:|1665730478\n|switch|p2a: Milotic|Milotic, L82, F|290\/290\n|move|p1a: Krookodile|Knock Off|p2a: Milotic\n|-damage|p2a: Milotic|107\/290\n|-enditem|p2a: Milotic|Leftovers|[from] move: Knock Off|[of] p1a: Krookodile\n|\n|upkeep\n|turn|4\n|\n|t:|1665730485\n|move|p1a: Krookodile|Knock Off|p2a: Milotic\n|-damage|p2a: Milotic|0 fnt\n|faint|p2a: Milotic\n|-ability|p1a: Krookodile|Moxie|boost\n|-boost|p1a: Krookodile|atk|1\n|\n|upkeep\n|\n|t:|1665730494\n|switch|p2a: Haxorus|Haxorus, L77, M|244\/244\n|-ability|p2a: Haxorus|Mold Breaker\n|turn|5\n|\n|t:|1665730497\n|move|p2a: Haxorus|Close Combat|p1a: Krookodile\n|-supereffective|p1a: Krookodile\n|-damage|p1a: Krookodile|38\/276\n|-unboost|p2a: Haxorus|def|1\n|-unboost|p2a: Haxorus|spd|1\n|move|p1a: Krookodile|Knock Off|p2a: Haxorus\n|-damage|p2a: Haxorus|0 fnt\n|-enditem|p2a: Haxorus|Choice Scarf|[from] move: Knock Off|[of] p1a: Krookodile\n|faint|p2a: Haxorus\n|-ability|p1a: Krookodile|Moxie|boost\n|-boost|p1a: Krookodile|atk|1\n|\n|upkeep\n|\n|t:|1665730506\n|switch|p2a: Torkoal|Torkoal, L86, F|261\/261\n|-weather|SunnyDay|[from] ability: Drought|[of] p2a: Torkoal\n|turn|6\n|\n|t:|1665730511\n|move|p1a: Krookodile|Knock Off|p2a: Torkoal\n|-damage|p2a: Torkoal|62\/261\n|-enditem|p2a: Torkoal|Heavy-Duty Boots|[from] move: Knock Off|[of] p1a: Krookodile\n|move|p2a: Torkoal|Lava Plume|p1a: Krookodile\n|-damage|p1a: Krookodile|0 fnt\n|faint|p1a: Krookodile\n|\n|-weather|SunnyDay|[upkeep]\n|upkeep\n|\n|t:|1665730522\n|switch|p1a: Pheromosa|Pheromosa, L75|230\/230\n|turn|7\n|\n|t:|1665730531\n|switch|p2a: Xatu|Xatu, L89, F|260\/260\n|move|p1a: Pheromosa|Throat Chop|p2a: Xatu\n|-supereffective|p2a: Xatu\n|-damage|p2a: Xatu|68\/260\n|-start|p2a: Xatu|Throat Chop|[silent]\n|\n|-weather|SunnyDay|[upkeep]\n|upkeep\n|turn|8\n|\n|t:|1665730554\n|move|p1a: Pheromosa|Throat Chop|p2a: Xatu\n|-supereffective|p2a: Xatu\n|-damage|p2a: Xatu|0 fnt\n|faint|p2a: Xatu\n|-ability|p1a: Pheromosa|Beast Boost|boost\n|-boost|p1a: Pheromosa|spe|1\n|\n|-weather|SunnyDay|[upkeep]\n|upkeep\n|\n|t:|1665730557\n|switch|p2a: Mamoswine|Mamoswine, L80, M|307\/307\n|turn|9\n|\n|t:|1665730571\n|switch|p1a: Umbreon|Umbreon, L82, F|290\/290\n|move|p2a: Mamoswine|Icicle Crash|p1a: Umbreon\n|-damage|p1a: Umbreon|164\/290\n|\n|-weather|SunnyDay|[upkeep]\n|-heal|p1a: Umbreon|182\/290|[from] item: Leftovers\n|upkeep\n|turn|10\n|\n|t:|1665730574\n|move|p2a: Mamoswine|Icicle Crash|p1a: Umbreon\n|-damage|p1a: Umbreon|46\/290\n|move|p1a: Umbreon|Wish|p1a: Umbreon\n|\n|-weather|none\n|-heal|p1a: Umbreon|64\/290|[from] item: Leftovers\n|upkeep\n|turn|11\n|\n|t:|1665730577\n|move|p1a: Umbreon|Protect|p1a: Umbreon\n|-singleturn|p1a: Umbreon|Protect\n|move|p2a: Mamoswine|Icicle Crash|p1a: Umbreon\n|-activate|p1a: Umbreon|move: Protect\n|\n|-heal|p1a: Umbreon|209\/290|[from] move: Wish|[wisher] Umbreon\n|-heal|p1a: Umbreon|227\/290|[from] item: Leftovers\n|upkeep\n|turn|12\n|\n|t:|1665730592\n|move|p2a: Mamoswine|Icicle Crash|p1a: Umbreon\n|-damage|p1a: Umbreon|88\/290\n|cant|p1a: Umbreon|flinch\n|\n|-heal|p1a: Umbreon|106\/290|[from] item: Leftovers\n|upkeep\n|turn|13\n|\n|t:|1665730598\n|move|p1a: Umbreon|Protect|p1a: Umbreon\n|-singleturn|p1a: Umbreon|Protect\n|move|p2a: Mamoswine|Icicle Crash|p1a: Umbreon\n|-activate|p1a: Umbreon|move: Protect\n|\n|-heal|p1a: Umbreon|124\/290|[from] item: Leftovers\n|upkeep\n|turn|14\n|\n|t:|1665730601\n|move|p2a: Mamoswine|Icicle Crash|p1a: Umbreon\n|-damage|p1a: Umbreon|0 fnt\n|faint|p1a: Umbreon\n|\n|upkeep\n|\n|t:|1665730605\n|switch|p1a: Pheromosa|Pheromosa, L75|230\/230\n|turn|15\n|\n|t:|1665730616\n|-start|p2a: Mamoswine|Dynamax|\n|-heal|p2a: Mamoswine|614\/614|[silent]\n|move|p1a: Pheromosa|Close Combat|p2a: Mamoswine\n|-supereffective|p2a: Mamoswine\n|-damage|p2a: Mamoswine|132\/614\n|-unboost|p1a: Pheromosa|def|1\n|-unboost|p1a: Pheromosa|spd|1\n|move|p2a: Mamoswine|Max Hailstorm|p1a: Pheromosa\n|-damage|p1a: Pheromosa|0 fnt\n|-weather|Hail\n|faint|p1a: Pheromosa\n|\n|-weather|Hail|[upkeep]\n|upkeep\n|inactive|Eimint64 has 120 seconds left.\n|\n|t:|1665730654\n|switch|p1a: Latias|Latias, L80, F|259\/259\n|turn|16\n|\n|t:|1665730659\n|move|p1a: Latias|Draco Meteor|p2a: Mamoswine\n|-damage|p2a: Mamoswine|0 fnt\n|-unboost|p1a: Latias|spa|2\n|faint|p2a: Mamoswine\n|\n|-weather|Hail|[upkeep]\n|-damage|p1a: Latias|243\/259|[from] Hail\n|-heal|p1a: Latias|259\/259|[from] item: Leftovers\n|upkeep\n|\n|t:|1665730675\n|switch|p2a: Glaceon|Glaceon, L88, F|258\/258\n|turn|17\n|\n|t:|1665730682\n|move|p1a: Latias|Calm Mind|p1a: Latias\n|-boost|p1a: Latias|spa|1\n|-boost|p1a: Latias|spd|1\n|move|p2a: Glaceon|Freeze-Dry|p1a: Latias\n|-supereffective|p1a: Latias\n|-damage|p1a: Latias|151\/259\n|\n|-weather|Hail|[upkeep]\n|-damage|p1a: Latias|135\/259|[from] Hail\n|-heal|p1a: Latias|151\/259|[from] item: Leftovers\n|upkeep\n|turn|18\n|\n|t:|1665730684\n|move|p1a: Latias|Calm Mind|p1a: Latias\n|-boost|p1a: Latias|spa|1\n|-boost|p1a: Latias|spd|1\n|move|p2a: Glaceon|Toxic|p1a: Latias\n|-status|p1a: Latias|tox\n|\n|-weather|Hail|[upkeep]\n|-damage|p1a: Latias|135\/259 tox|[from] Hail\n|-heal|p1a: Latias|151\/259 tox|[from] item: Leftovers\n|-damage|p1a: Latias|135\/259 tox|[from] psn\n|upkeep\n|turn|19\n|\n|t:|1665730689\n|move|p1a: Latias|Roost|p1a: Latias\n|-heal|p1a: Latias|259\/259 tox\n|-singleturn|p1a: Latias|move: Roost\n|move|p2a: Glaceon|Wish|p2a: Glaceon\n|\n|-weather|none\n|-damage|p1a: Latias|227\/259 tox|[from] psn\n|upkeep\n|turn|20\n|\n|t:|1665730691\n|move|p1a: Latias|Calm Mind|p1a: Latias\n|-boost|p1a: Latias|spa|1\n|-boost|p1a: Latias|spd|1\n|move|p2a: Glaceon|Freeze-Dry|p1a: Latias\n|-supereffective|p1a: Latias\n|-damage|p1a: Latias|159\/259 tox\n|\n|-heal|p1a: Latias|175\/259 tox|[from] item: Leftovers\n|-damage|p1a: Latias|127\/259 tox|[from] psn\n|upkeep\n|turn|21\n|\n|t:|1665730696\n|move|p1a: Latias|Psychic|p2a: Glaceon\n|-damage|p2a: Glaceon|128\/258\n|move|p2a: Glaceon|Wish|p2a: Glaceon\n|\n|-heal|p1a: Latias|143\/259 tox|[from] item: Leftovers\n|-heal|p2a: Glaceon|144\/258|[from] item: Leftovers\n|-damage|p1a: Latias|79\/259 tox|[from] psn\n|upkeep\n|turn|22\n|\n|t:|1665730698\n|move|p1a: Latias|Psychic|p2a: Glaceon\n|-damage|p2a: Glaceon|23\/258\n|move|p2a: Glaceon|Freeze-Dry|p1a: Latias\n|-supereffective|p1a: Latias\n|-damage|p1a: Latias|11\/259 tox\n|\n|-heal|p2a: Glaceon|152\/258|[from] move: Wish|[wisher] Glaceon\n|-heal|p1a: Latias|27\/259 tox|[from] item: Leftovers\n|-heal|p2a: Glaceon|168\/258|[from] item: Leftovers\n|-damage|p1a: Latias|0 fnt|[from] psn\n|faint|p1a: Latias\n|upkeep\n|\n|t:|1665730704\n|switch|p1a: Rotom|Rotom-Frost, L84|221\/221\n|turn|23\n|\n|t:|1665730709\n|move|p1a: Rotom|Nasty Plot|p1a: Rotom\n|-boost|p1a: Rotom|spa|2\n|move|p2a: Glaceon|Toxic|p1a: Rotom\n|-status|p1a: Rotom|tox\n|\n|-heal|p2a: Glaceon|184\/258|[from] item: Leftovers\n|-damage|p1a: Rotom|208\/221 tox|[from] psn\n|upkeep\n|turn|24\n|\n|t:|1665730714\n|move|p1a: Rotom|Thunderbolt|p2a: Glaceon\n|-damage|p2a: Glaceon|9\/258\n|move|p2a: Glaceon|Wish|p2a: Glaceon\n|\n|-heal|p2a: Glaceon|25\/258|[from] item: Leftovers\n|-damage|p1a: Rotom|182\/221 tox|[from] psn\n|upkeep\n|turn|25\n|\n|t:|1665730719\n|move|p1a: Rotom|Nasty Plot|p1a: Rotom\n|-boost|p1a: Rotom|spa|2\n|move|p2a: Glaceon|Freeze-Dry|p1a: Rotom\n|-resisted|p1a: Rotom\n|-damage|p1a: Rotom|137\/221 tox\n|\n|-heal|p2a: Glaceon|154\/258|[from] move: Wish|[wisher] Glaceon\n|-heal|p2a: Glaceon|170\/258|[from] item: Leftovers\n|-damage|p1a: Rotom|98\/221 tox|[from] psn\n|upkeep\n|turn|26\n|\n|t:|1665730721\n|move|p2a: Glaceon|Protect|p2a: Glaceon\n|-singleturn|p2a: Glaceon|Protect\n|move|p1a: Rotom|Thunderbolt|p2a: Glaceon\n|-activate|p2a: Glaceon|move: Protect\n|\n|-heal|p2a: Glaceon|186\/258|[from] item: Leftovers\n|-damage|p1a: Rotom|46\/221 tox|[from] psn\n|upkeep\n|turn|27\n|c|\u2606Eimint64|Gg\n|\n|t:|1665730729\n|switch|p2a: Torkoal|Torkoal, L86, F|62\/261\n|-weather|SunnyDay|[from] ability: Drought|[of] p2a: Torkoal\n|move|p1a: Rotom|Thunderbolt|p2a: Torkoal\n|-damage|p2a: Torkoal|0 fnt\n|faint|p2a: Torkoal\n|\n|-weather|SunnyDay|[upkeep]\n|-damage|p1a: Rotom|0 fnt|[from] psn\n|faint|p1a: Rotom\n|upkeep\n|\n|t:|1665730735\n|switch|p1a: Talonflame|Talonflame, L81, F|259\/259\n|switch|p2a: Glaceon|Glaceon, L88, F|186\/258\n|turn|28\n|\n|t:|1665730741\n|-start|p1a: Talonflame|Dynamax|\n|-heal|p1a: Talonflame|518\/518|[silent]\n|move|p2a: Glaceon|Protect|p2a: Glaceon\n|-singleturn|p2a: Glaceon|Protect\n|move|p1a: Talonflame|Max Flare|p2a: Glaceon\n|-supereffective|p2a: Glaceon\n|-zbroken|p2a: Glaceon\n|-damage|p2a: Glaceon|114\/258\n|\n|-weather|SunnyDay|[upkeep]\n|-heal|p2a: Glaceon|130\/258|[from] item: Leftovers\n|upkeep\n|turn|29\n|\n|t:|1665730744\n|move|p1a: Talonflame|Max Flare|p2a: Glaceon\n|-supereffective|p2a: Glaceon\n|-damage|p2a: Glaceon|0 fnt\n|faint|p2a: Glaceon\n|\n|win|Eimint64\n|raw|Eimint64's rating: 1761 &rarr; <strong>1778<\/strong><br \/>(+17 for winning)\n|raw|Saimasseuh v8's rating: 1706 &rarr; <strong>1689<\/strong><br \/>(-17 for losing)\n|l|\u2606Saimasseuh v8\n","inputlog":">version ee3903879dd92fa0a0bba6303065983b970e844a\n>start {\"formatid\":\"gen8randombattle\",\"seed\":[46717,10066,22740,48394],\"rated\":\"Rated battle\"}\n>player p1 {\"name\":\"Eimint64\",\"avatar\":\"blackbelt-gen4dp\",\"rating\":1761,\"seed\":[16503,40452,64661,6271]}\n>player p2 {\"name\":\"Saimasseuh v8\",\"avatar\":\"101\",\"rating\":1706,\"seed\":[24622,39906,33814,57648]}\n>p1 move protect\n>p2 move thunderwave\n>p1 switch 3\n>p2 move thunderwave\n>p1 move knockoff\n>p2 switch 2\n>p1 move knockoff\n>p2 move scald\n>p2 switch 4\n>p1 move knockoff\n>p2 move closecombat\n>p2 switch 5\n>p1 move knockoff\n>p2 move lavaplume\n>p1 switch 5\n>p1 move throatchop\n>p2 switch 2\n>p1 move throatchop\n>p2 move teleport\n>p2 switch 6\n>p1 switch 3\n>p2 move iciclecrash\n>p1 move wish\n>p2 move iciclecrash\n>p1 move protect\n>p2 move iciclecrash\n>p1 move foulplay\n>p2 move iciclecrash\n>p1 move protect\n>p2 move iciclecrash\n>p1 move wish\n>p2 move iciclecrash\n>p1 switch 3\n>p1 move closecombat\n>p2 move iciclecrash dynamax\n>p1 switch 6\n>p1 move dracometeor\n>p2 move iciclecrash dynamax\n>p2 switch 3\n>p1 move calmmind\n>p2 move freezedry\n>p1 move calmmind\n>p2 move toxic\n>p1 move roost\n>p2 move wish\n>p1 move calmmind\n>p2 move freezedry\n>p1 move psychic\n>p2 move wish\n>p1 move psychic\n>p2 move freezedry\n>p1 switch 2\n>p1 move nastyplot\n>p2 move toxic\n>p1 move thunderbolt\n>p2 move wish\n>p1 move nastyplot\n>p2 move freezedry\n>p1 move thunderbolt\n>p2 move protect\n>chat \u2606Eimint64|Gg\n>p1 move thunderbolt\n>p2 switch 2\n>p1 switch 4\n>p2 switch 2\n>p1 move flareblitz dynamax\n>p2 move protect\n>p1 move flareblitz dynamax\n>p2 move wish","uploadtime":1665730750,"views":7,"p1id":"eimint64","p2id":"saimasseuhv8","formatid":"gen8randombattle","rating":1689,"private":0,"password":null}