{"id":"gen8randombattle-1155312062","p1":"Burnt Bright","p2":"xiinotic","format":"gen8randombattle","log":"|j|\u2606Burnt Bright\n|j|\u2606xiinotic\n|t:|1595363193\n|player|p1|Burnt Bright|parasollady-gen4|1972\n|player|p2|xiinotic|roxie|1955\n|teamsize|p1|6\n|teamsize|p2|6\n|gametype|singles\n|gen|8\n|tier|[Gen 8] Random Battle\n|rated|\n|rule|Species Clause: Limit one of each Pok\u00e9mon\n|rule|HP Percentage Mod: HP is shown in percentages\n|rule|Sleep Clause Mod: Limit one foe put to sleep\n|\n|t:|1595363193\n|start\n|switch|p1a: Dubwool|Dubwool, L88, F|270\/270\n|switch|p2a: Jolteon|Jolteon, L86, M|252\/252\n|turn|1\n|\n|t:|1595363204\n|move|p2a: Jolteon|Thunderbolt|p1a: Dubwool\n|-damage|p1a: Dubwool|110\/270\n|move|p1a: Dubwool|Body Press|p2a: Jolteon\n|-damage|p2a: Jolteon|165\/252\n|\n|-heal|p1a: Dubwool|126\/270|[from] item: Leftovers\n|upkeep\n|turn|2\n|\n|t:|1595363219\n|switch|p1a: Kyurem|Kyurem-White, L72|299\/299\n|-ability|p1a: Kyurem|Turboblaze\n|move|p2a: Jolteon|Thunderbolt|p1a: Kyurem\n|-resisted|p1a: Kyurem\n|-damage|p1a: Kyurem|213\/299\n|\n|upkeep\n|turn|3\n|\n|t:|1595363229\n|switch|p2a: Entei|Entei, L82|323\/323\n|-ability|p2a: Entei|Pressure\n|move|p1a: Kyurem|Ice Beam|p2a: Entei\n|-resisted|p2a: Entei\n|-damage|p2a: Entei|232\/323\n|\n|upkeep\n|turn|4\n|\n|t:|1595363243\n|switch|p1a: Noivern|Noivern, L82, M|274\/274\n|move|p2a: Entei|Flare Blitz|p1a: Noivern\n|-resisted|p1a: Noivern\n|-damage|p1a: Noivern|162\/274\n|-damage|p2a: Entei|195\/323|[from] Recoil\n|\n|upkeep\n|turn|5\n|\n|t:|1595363250\n|move|p1a: Noivern|U-turn|p2a: Entei\n|-resisted|p2a: Entei\n|-damage|p2a: Entei|175\/323\n|\n|t:|1595363255\n|switch|p1a: Cramorant|Cramorant, L86, F|261\/261\n|move|p2a: Entei|Flare Blitz|p1a: Cramorant\n|-resisted|p1a: Cramorant\n|-damage|p1a: Cramorant|110\/261\n|-damage|p2a: Entei|125\/323|[from] Recoil\n|\n|upkeep\n|turn|6\n|\n|t:|1595363261\n|move|p2a: Entei|Flare Blitz|p1a: Cramorant\n|-resisted|p1a: Cramorant\n|-damage|p1a: Cramorant|0 fnt\n|-damage|p2a: Entei|89\/323|[from] Recoil\n|faint|p1a: Cramorant\n|\n|upkeep\n|\n|t:|1595363267\n|switch|p1a: Noivern|Noivern, L82, M|162\/274\n|turn|7\n|\n|t:|1595363275\n|move|p1a: Noivern|Draco Meteor|p2a: Entei\n|-damage|p2a: Entei|0 fnt\n|-unboost|p1a: Noivern|spa|2\n|faint|p2a: Entei\n|\n|upkeep\n|\n|t:|1595363278\n|switch|p2a: Mr. Mime|Mr. Mime-Galar, L88, M|231\/231\n|turn|8\n|\n|t:|1595363296\n|switch|p1a: Hatterene|Hatterene, L82, F|228\/228\n|move|p2a: Mr. Mime|Nasty Plot|p2a: Mr. Mime\n|-boost|p2a: Mr. Mime|spa|2\n|\n|upkeep\n|turn|9\n|\n|t:|1595363301\n|-start|p2a: Mr. Mime|Dynamax\n|-heal|p2a: Mr. Mime|462\/462|[silent]\n|move|p2a: Mr. Mime|Max Hailstorm|p1a: Hatterene\n|-damage|p1a: Hatterene|0 fnt\n|-weather|Hail\n|faint|p1a: Hatterene\n|\n|-weather|Hail|[upkeep]\n|upkeep\n|\n|t:|1595363308\n|switch|p1a: Durant|Durant, L82, M|229\/229\n|turn|10\n|\n|t:|1595363314\n|-start|p1a: Durant|Dynamax\n|-heal|p1a: Durant|458\/458|[silent]\n|move|p1a: Durant|Max Guard|p1a: Durant\n|-singleturn|p1a: Durant|Max Guard\n|move|p2a: Mr. Mime|Max Hailstorm|p1a: Durant\n|-activate|p1a: Durant|move: Max Guard\n|\n|-weather|Hail|[upkeep]\n|-damage|p1a: Durant|444\/458|[from] Hail\n|upkeep\n|turn|11\n|\n|t:|1595363317\n|move|p2a: Mr. Mime|Max Knuckle|p1a: Durant\n|-damage|p1a: Durant|212\/458\n|-boost|p2a: Mr. Mime|atk|1\n|move|p1a: Durant|Max Steelspike|p2a: Mr. Mime\n|-supereffective|p2a: Mr. Mime\n|-damage|p2a: Mr. Mime|30\/462\n|-boost|p1a: Durant|def|1\n|-damage|p1a: Durant|190\/458|[from] item: Life Orb\n|\n|-weather|Hail|[upkeep]\n|-damage|p1a: Durant|176\/458|[from] Hail\n|-end|p2a: Mr. Mime|Dynamax\n|-heal|p2a: Mr. Mime|15\/231|[silent]\n|upkeep\n|turn|12\n|\n|t:|1595363323\n|move|p1a: Durant|Max Knuckle|p2a: Mr. Mime\n|-damage|p2a: Mr. Mime|0 fnt\n|-boost|p1a: Durant|atk|1\n|-damage|p1a: Durant|154\/458|[from] item: Life Orb\n|faint|p2a: Mr. Mime\n|\n|-weather|Hail|[upkeep]\n|-damage|p1a: Durant|140\/458|[from] Hail\n|-end|p1a: Durant|Dynamax\n|-heal|p1a: Durant|70\/229|[silent]\n|upkeep\n|\n|t:|1595363328\n|switch|p2a: Jolteon|Jolteon, L86, M|165\/252\n|turn|13\n|\n|t:|1595363334\n|move|p2a: Jolteon|Thunderbolt|p1a: Durant\n|-damage|p1a: Durant|0 fnt\n|faint|p1a: Durant\n|\n|-weather|none\n|upkeep\n|\n|t:|1595363336\n|switch|p1a: Kyurem|Kyurem-White, L72|213\/299\n|-ability|p1a: Kyurem|Turboblaze\n|turn|14\n|\n|t:|1595363347\n|switch|p2a: Lanturn|Lanturn, L86, F|355\/355\n|move|p1a: Kyurem|Ice Beam|p2a: Lanturn\n|-resisted|p2a: Lanturn\n|-damage|p2a: Lanturn|262\/355\n|\n|upkeep\n|turn|15\n|\n|t:|1595363353\n|switch|p1a: Dubwool|Dubwool, L88, F|126\/270\n|move|p2a: Lanturn|Toxic|p1a: Dubwool\n|-status|p1a: Dubwool|tox\n|\n|-heal|p1a: Dubwool|142\/270 tox|[from] item: Leftovers\n|-damage|p1a: Dubwool|126\/270 tox|[from] psn\n|upkeep\n|turn|16\n|\n|t:|1595363360\n|move|p1a: Dubwool|Rest|p1a: Dubwool\n|-status|p1a: Dubwool|slp|[from] move: Rest\n|-heal|p1a: Dubwool|270\/270 slp|[silent]\n|move|p2a: Lanturn|Ice Beam|p1a: Dubwool\n|-damage|p1a: Dubwool|204\/270 slp\n|-damage|p2a: Lanturn|227\/355|[from] item: Life Orb\n|\n|-heal|p1a: Dubwool|220\/270 slp|[from] item: Leftovers\n|upkeep\n|turn|17\n|\n|t:|1595363363\n|switch|p2a: Jolteon|Jolteon, L86, M|165\/252\n|cant|p1a: Dubwool|slp\n|move|p1a: Dubwool|Sleep Talk|p1a: Dubwool\n|move|p1a: Dubwool|Body Press|p2a: Jolteon|[from]Sleep Talk\n|-damage|p2a: Jolteon|89\/252\n|\n|-heal|p1a: Dubwool|236\/270 slp|[from] item: Leftovers\n|upkeep\n|turn|18\n|\n|t:|1595363372\n|switch|p1a: Kyurem|Kyurem-White, L72|213\/299\n|-ability|p1a: Kyurem|Turboblaze\n|move|p2a: Jolteon|Thunderbolt|p1a: Kyurem\n|-resisted|p1a: Kyurem\n|-damage|p1a: Kyurem|129\/299\n|\n|upkeep\n|turn|19\n|\n|t:|1595363378\n|switch|p2a: Lanturn|Lanturn, L86, F|227\/355\n|move|p1a: Kyurem|Freeze-Dry|p2a: Lanturn\n|-supereffective|p2a: Lanturn\n|-damage|p2a: Lanturn|0 fnt\n|faint|p2a: Lanturn\n|\n|upkeep\n|\n|t:|1595363389\n|switch|p2a: Tauros|Tauros, L86, M|269\/269\n|turn|20\n|\n|t:|1595363406\n|switch|p1a: Dubwool|Dubwool, L88, F|236\/270 slp\n|move|p2a: Tauros|Rock Slide|p1a: Dubwool\n|-damage|p1a: Dubwool|146\/270 slp\n|\n|-heal|p1a: Dubwool|162\/270 slp|[from] item: Leftovers\n|upkeep\n|turn|21\n|\n|t:|1595363410\n|switch|p2a: Jolteon|Jolteon, L86, M|89\/252\n|cant|p1a: Dubwool|slp\n|move|p1a: Dubwool|Sleep Talk|p1a: Dubwool\n|move|p1a: Dubwool|Body Press|p2a: Jolteon|[from]Sleep Talk\n|-damage|p2a: Jolteon|10\/252\n|\n|-heal|p1a: Dubwool|178\/270 slp|[from] item: Leftovers\n|upkeep\n|turn|22\n|\n|t:|1595363422\n|switch|p1a: Noivern|Noivern, L82, M|162\/274\n|move|p2a: Jolteon|Thunderbolt|p1a: Noivern\n|-damage|p1a: Noivern|0 fnt\n|faint|p1a: Noivern\n|\n|upkeep\n|\n|t:|1595363424\n|switch|p1a: Kyurem|Kyurem-White, L72|129\/299\n|-ability|p1a: Kyurem|Turboblaze\n|turn|23\n|\n|t:|1595363427\n|move|p2a: Jolteon|Thunderbolt|p1a: Kyurem\n|-resisted|p1a: Kyurem\n|-damage|p1a: Kyurem|44\/299\n|move|p1a: Kyurem|Ice Beam|p2a: Jolteon\n|-damage|p2a: Jolteon|0 fnt\n|faint|p2a: Jolteon\n|\n|upkeep\n|\n|t:|1595363432\n|switch|p2a: Tauros|Tauros, L86, M|269\/269\n|turn|24\n|\n|t:|1595363436\n|move|p2a: Tauros|Body Slam|p1a: Kyurem\n|-damage|p1a: Kyurem|0 fnt\n|faint|p1a: Kyurem\n|\n|upkeep\n|\n|t:|1595363438\n|switch|p1a: Dubwool|Dubwool, L88, F|178\/270 slp\n|turn|25\n|\n|t:|1595363446\n|switch|p2a: Poliwrath|Poliwrath, L88, F|302\/302\n|-curestatus|p1a: Dubwool|slp|[msg]\n|move|p1a: Dubwool|Rest|p1a: Dubwool\n|-status|p1a: Dubwool|slp|[from] move: Rest\n|-heal|p1a: Dubwool|270\/270 slp|[silent]\n|\n|upkeep\n|turn|26\n|\n|t:|1595363451\n|cant|p1a: Dubwool|slp\n|move|p1a: Dubwool|Sleep Talk|p1a: Dubwool\n|move|p1a: Dubwool|Body Press|p2a: Poliwrath|[from]Sleep Talk\n|-damage|p2a: Poliwrath|243\/302\n|move|p2a: Poliwrath|Close Combat|p1a: Dubwool\n|-supereffective|p1a: Dubwool\n|-damage|p1a: Dubwool|0 fnt\n|-unboost|p2a: Poliwrath|def|1\n|-unboost|p2a: Poliwrath|spd|1\n|-damage|p2a: Poliwrath|213\/302|[from] item: Life Orb\n|faint|p1a: Dubwool\n|\n|win|xiinotic\n|l|\u2606Burnt Bright\n","inputlog":">version 1a1ba2bffd68e8d7ffcd2532b9ef2de80b030c36\n>start {\"formatid\":\"gen8randombattle\",\"seed\":[11447,11664,9990,19509],\"rated\":\"Rated battle\"}\n>player p1 {\"name\":\"Burnt Bright\",\"avatar\":\"parasollady-gen4\",\"team\":\"\",\"rating\":1972,\"seed\":[32396,32079,33587,9506]}\n>player p2 {\"name\":\"xiinotic\",\"avatar\":\"roxie\",\"team\":\"\",\"rating\":1955,\"seed\":[58496,21999,10480,1000]}\n>p1 move bodypress\n>p2 move thunderbolt\n>p1 switch 4\n>p2 move thunderbolt\n>p1 move icebeam\n>p2 switch 4\n>p1 switch 5\n>p2 move flareblitz\n>p1 move uturn\n>p2 move flareblitz\n>p1 switch 3\n>p1 move surf\n>p2 move flareblitz\n>p1 switch 3\n>p1 move dracometeor\n>p2 move flareblitz\n>p2 switch 3\n>p1 switch 6\n>p2 move nastyplot\n>p1 move trickroom\n>p2 move freezedry dynamax\n>p1 switch 2\n>p1 move honeclaws dynamax\n>p2 move freezedry dynamax\n>p1 move ironhead dynamax\n>p2 move focusblast dynamax\n>p1 move superpower dynamax\n>p2 move focusblast\n>p2 switch 4\n>p1 move superpower\n>p2 move thunderbolt\n>p1 switch 5\n>p1 move icebeam\n>p2 switch 6\n>p1 switch 4\n>p2 move toxic\n>p1 move rest\n>p2 move icebeam\n>p1 move sleeptalk\n>p2 switch 6\n>p1 switch 4\n>p2 move thunderbolt\n>p1 move freezedry\n>p2 switch 6\n>p2 switch 5\n>p1 switch 4\n>p2 move rockslide\n>p1 move sleeptalk\n>p2 switch 6\n>p1 switch 6\n>p2 move thunderbolt\n>p1 switch 4\n>p1 move icebeam\n>p2 move thunderbolt\n>p2 switch 6\n>p1 move icebeam\n>p2 move bodyslam\n>p1 switch 6\n>p1 move rest\n>p2 switch 2\n>p1 move sleeptalk\n>p2 move closecombat","uploadtime":1595363458,"views":3,"p1id":"burntbright","p2id":"xiinotic","formatid":"gen8randombattle","rating":0,"private":0,"password":null}