{"id":"gen8randombattle-1274438169","p1":"A Departed Dream","p2":"Chickpiee","format":"gen8randombattle","log":"|j|\u2606A Departed Dream\n|j|\u2606Chickpiee\n|t:|1612263674\n|j|*PartBot\n|player|p1|A Departed Dream|lady-gen4|\n|player|p2|Chickpiee|caitlin|\n|teamsize|p1|6\n|teamsize|p2|6\n|gametype|singles\n|gen|8\n|tier|[Gen 8] Random Battle\n|rated|Tournament battle\n|rule|Species Clause: Limit one of each Pok\u00e9mon\n|rule|HP Percentage Mod: HP is shown in percentages\n|rule|Sleep Clause Mod: Limit one foe put to sleep\n|\n|t:|1612263674\n|start\n|switch|p1a: Dhelmise|Dhelmise, L86|261\/261\n|switch|p2a: Ninetales|Ninetales-Alola, L80, M|247\/247\n|-weather|Hail|[from] ability: Snow Warning|[of] p2a: Ninetales\n|turn|1\n|c|*PartBot|G'luck, nerds.\n|l|*PartBot\n|inactive|Battle timer is ON: inactive players will automatically lose when time's up. (requested by Chickpiee)\n|\n|t:|1612263684\n|move|p2a: Ninetales|Aurora Veil|p2a: Ninetales\n|-sidestart|p2: Chickpiee|move: Aurora Veil\n|move|p1a: Dhelmise|Anchor Shot|p2a: Ninetales\n|-supereffective|p2a: Ninetales\n|-damage|p2a: Ninetales|0 fnt\n|faint|p2a: Ninetales\n|\n|-weather|Hail|[upkeep]\n|-damage|p1a: Dhelmise|245\/261|[from] Hail\n|upkeep\n|j| Arnavgupta\n|\n|t:|1612263699\n|switch|p2a: Zekrom|Zekrom, L70|256\/256\n|-ability|p2a: Zekrom|Teravolt\n|turn|2\n|\n|t:|1612263707\n|move|p2a: Zekrom|Dragon Dance|p2a: Zekrom\n|-boost|p2a: Zekrom|atk|1\n|-boost|p2a: Zekrom|spe|1\n|move|p1a: Dhelmise|Swords Dance|p1a: Dhelmise\n|-boost|p1a: Dhelmise|atk|2\n|\n|-weather|Hail|[upkeep]\n|-damage|p2a: Zekrom|240\/256|[from] Hail\n|-damage|p1a: Dhelmise|229\/261|[from] Hail\n|upkeep\n|turn|3\n|j| MKB15\n|\n|t:|1612263714\n|-start|p2a: Zekrom|Dynamax\n|-heal|p2a: Zekrom|480\/512|[silent]\n|move|p2a: Zekrom|Max Wyrmwind|p1a: Dhelmise\n|-damage|p1a: Dhelmise|27\/261\n|-unboost|p1a: Dhelmise|atk|1\n|move|p1a: Dhelmise|Poltergeist|p2a: Zekrom\n|-activate|p2a: Zekrom|move: Poltergeist|Lum Berry\n|-damage|p2a: Zekrom|363\/512\n|\n|-weather|Hail|[upkeep]\n|-damage|p2a: Zekrom|347\/512|[from] Hail\n|-damage|p1a: Dhelmise|11\/261|[from] Hail\n|upkeep\n|turn|4\n|l| MKB15\n|\n|t:|1612263727\n|move|p2a: Zekrom|Max Lightning|p1a: Dhelmise\n|-resisted|p1a: Dhelmise\n|-damage|p1a: Dhelmise|0 fnt\n|-fieldstart|move: Electric Terrain\n|faint|p1a: Dhelmise\n|\n|-weather|Hail|[upkeep]\n|-damage|p2a: Zekrom|331\/512|[from] Hail\n|upkeep\n|\n|t:|1612263735\n|switch|p1a: Solrock|Solrock, L88|302\/302\n|turn|5\n|\n|t:|1612263738\n|move|p2a: Zekrom|Max Lightning|p1a: Solrock\n|-damage|p1a: Solrock|5\/302\n|move|p1a: Solrock|Will-O-Wisp|p2a: Zekrom\n|-status|p2a: Zekrom|brn\n|-enditem|p2a: Zekrom|Lum Berry|[eat]\n|-curestatus|p2a: Zekrom|brn|[msg]\n|\n|-weather|none\n|-heal|p1a: Solrock|23\/302|[from] item: Leftovers\n|-end|p2a: Zekrom|Dynamax\n|-heal|p2a: Zekrom|166\/256|[silent]\n|upkeep\n|turn|6\n|\n|t:|1612263746\n|move|p2a: Zekrom|Substitute|p2a: Zekrom\n|-start|p2a: Zekrom|Substitute\n|-damage|p2a: Zekrom|102\/256\n|move|p1a: Solrock|Will-O-Wisp||[still]\n|-fail|p1a: Solrock\n|\n|-heal|p1a: Solrock|41\/302|[from] item: Leftovers\n|upkeep\n|turn|7\n|\n|t:|1612263751\n|move|p2a: Zekrom|Dragon Dance|p2a: Zekrom\n|-boost|p2a: Zekrom|atk|1\n|-boost|p2a: Zekrom|spe|1\n|move|p1a: Solrock|Earthquake|p2a: Zekrom\n|-supereffective|p2a: Zekrom\n|-end|p2a: Zekrom|Substitute\n|\n|-heal|p1a: Solrock|59\/302|[from] item: Leftovers\n|upkeep\n|turn|8\n|\n|t:|1612263755\n|move|p2a: Zekrom|Bolt Strike|p1a: Solrock\n|-damage|p1a: Solrock|0 fnt\n|faint|p1a: Solrock\n|\n|-sideend|p2: Chickpiee|move: Aurora Veil\n|-fieldend|move: Electric Terrain\n|upkeep\n|\n|t:|1612263760\n|switch|p1a: Porygon2|Porygon2, L82|274\/274\n|-ability|p1a: Porygon2|Teravolt|[from] ability: Trace|[of] p2a: Zekrom\n|-ability|p1a: Porygon2|Teravolt\n|turn|9\n|\n|t:|1612263765\n|move|p2a: Zekrom|Bolt Strike|p1a: Porygon2\n|-damage|p1a: Porygon2|73\/274\n|move|p1a: Porygon2|Ice Beam|p2a: Zekrom\n|-supereffective|p2a: Zekrom\n|-damage|p2a: Zekrom|0 fnt\n|faint|p2a: Zekrom\n|\n|upkeep\n|\n|t:|1612263774\n|switch|p2a: Boltund|Boltund, L84, M|253\/253\n|turn|10\n|\n|t:|1612263782\n|move|p2a: Boltund|Thunder Fang|p1a: Porygon2\n|-crit|p1a: Porygon2\n|-damage|p1a: Porygon2|0 fnt\n|-damage|p2a: Boltund|228\/253|[from] item: Life Orb\n|faint|p1a: Porygon2\n|\n|upkeep\n|j| MagicalXerneas\n|j| Thegamingattack3\n|\n|t:|1612263800\n|switch|p1a: Drednaw|Drednaw, L84, F|288\/288\n|turn|11\n|\n|t:|1612263803\n|move|p2a: Boltund|Bulk Up|p2a: Boltund\n|-boost|p2a: Boltund|atk|1\n|-boost|p2a: Boltund|def|1\n|move|p1a: Drednaw|Liquidation|p2a: Boltund\n|-damage|p2a: Boltund|118\/253\n|-unboost|p2a: Boltund|def|1\n|-damage|p1a: Drednaw|260\/288|[from] item: Life Orb\n|\n|upkeep\n|turn|12\n|\n|t:|1612263806\n|move|p2a: Boltund|Thunder Fang|p1a: Drednaw\n|-supereffective|p1a: Drednaw\n|-damage|p1a: Drednaw|0 fnt\n|-damage|p2a: Boltund|93\/253|[from] item: Life Orb\n|faint|p1a: Drednaw\n|\n|upkeep\n|j| Mattorr \u30c4\n|\n|t:|1612263814\n|switch|p1a: Moltres|Moltres-Galar, L76|262\/262\n|turn|13\n|\n|t:|1612263819\n|-start|p1a: Moltres|Dynamax\n|-heal|p1a: Moltres|524\/524|[silent]\n|move|p2a: Boltund|Thunder Fang|p1a: Moltres\n|-supereffective|p1a: Moltres\n|-damage|p1a: Moltres|124\/524\n|-ability|p1a: Moltres|Berserk|boost\n|-boost|p1a: Moltres|spa|1\n|-damage|p2a: Boltund|68\/253|[from] item: Life Orb\n|move|p1a: Moltres|Max Airstream|p2a: Boltund\n|-resisted|p2a: Boltund\n|-damage|p2a: Boltund|0 fnt\n|-boost|p1a: Moltres|spe|1\n|faint|p2a: Boltund\n|\n|upkeep\n|\n|t:|1612263842\n|switch|p2a: Torkoal|Torkoal, L86, M|261\/261\n|-weather|SunnyDay|[from] ability: Drought|[of] p2a: Torkoal\n|turn|14\n|\n|t:|1612263849\n|switch|p2a: Vileplume|Vileplume, L84, M|263\/263\n|move|p1a: Moltres|Max Darkness|p2a: Vileplume\n|-crit|p2a: Vileplume\n|-damage|p2a: Vileplume|2\/263\n|-unboost|p2a: Vileplume|spd|1\n|\n|-weather|SunnyDay|[upkeep]\n|-heal|p2a: Vileplume|18\/263|[from] item: Black Sludge\n|upkeep\n|turn|15\n|\n|t:|1612263854\n|move|p1a: Moltres|Max Airstream|p2a: Vileplume\n|-supereffective|p2a: Vileplume\n|-damage|p2a: Vileplume|0 fnt\n|-boost|p1a: Moltres|spe|1\n|faint|p2a: Vileplume\n|\n|-weather|SunnyDay|[upkeep]\n|-end|p1a: Moltres|Dynamax\n|-heal|p1a: Moltres|62\/262|[silent]\n|upkeep\n|\n|t:|1612263856\n|switch|p2a: Torkoal|Torkoal, L86, M|261\/261\n|turn|16\n|\n|t:|1612263860\n|move|p1a: Moltres|Rest|p1a: Moltres\n|-status|p1a: Moltres|slp|[from] move: Rest\n|-heal|p1a: Moltres|262\/262 slp|[silent]\n|-enditem|p1a: Moltres|Chesto Berry|[eat]\n|-curestatus|p1a: Moltres|slp|[msg]\n|move|p2a: Torkoal|Lava Plume|p1a: Moltres\n|-damage|p1a: Moltres|166\/262\n|-status|p1a: Moltres|brn\n|\n|-weather|SunnyDay|[upkeep]\n|-damage|p1a: Moltres|150\/262 brn|[from] brn\n|upkeep\n|turn|17\n|\n|t:|1612263872\n|move|p1a: Moltres|Nasty Plot|p1a: Moltres\n|-boost|p1a: Moltres|spa|2\n|move|p2a: Torkoal|Lava Plume|p1a: Moltres\n|-damage|p1a: Moltres|42\/262 brn\n|-ability|p1a: Moltres|Berserk|boost\n|-boost|p1a: Moltres|spa|1\n|\n|-weather|SunnyDay|[upkeep]\n|-damage|p1a: Moltres|26\/262 brn|[from] brn\n|upkeep\n|turn|18\n|\n|t:|1612263887\n|switch|p2a: Lilligant|Lilligant, L84, F|255\/255\n|move|p1a: Moltres|Fiery Wrath|p2a: Lilligant\n|-damage|p2a: Lilligant|0 fnt\n|faint|p2a: Lilligant\n|\n|-weather|none\n|-damage|p1a: Moltres|10\/262 brn|[from] brn\n|upkeep\n|\n|t:|1612263889\n|switch|p2a: Torkoal|Torkoal, L86, M|261\/261\n|-weather|SunnyDay|[from] ability: Drought|[of] p2a: Torkoal\n|turn|19\n|\n|t:|1612263894\n|move|p1a: Moltres|Fiery Wrath|p2a: Torkoal\n|-damage|p2a: Torkoal|0 fnt\n|faint|p2a: Torkoal\n|\n|win|A Departed Dream\n|n|\u2606A Departed Dream|adeparteddream\n|n|\u2606Chickpiee|chickpiee\n|n| Arnavgupta|arnavgupta\n|n| MagicalXerneas|magicalxerneas\n|n| Thegamingattack3|thegamingattack3\n|n| Mattorr \u30c4|mattorr\n","inputlog":">version 6feb5b165877ebde09b0b26fa5be028f72ffafec\n>start {\"formatid\":\"gen8randombattle\",\"seed\":[30699,28923,836,33590],\"rated\":\"Tournament battle\"}\n>player p1 {\"name\":\"A Departed Dream\",\"avatar\":\"lady-gen4\",\"team\":\"\",\"rating\":0,\"seed\":[39386,50839,49826,3324]}\n>player p2 {\"name\":\"Chickpiee\",\"avatar\":\"caitlin\",\"team\":\"\",\"rating\":0,\"seed\":[41789,31520,32394,45526]}\n>chat *PartBot|G'luck, nerds.\n>p1 move anchorshot\n>p2 move auroraveil\n>p2 switch 6\n>p1 move swordsdance\n>p2 move dragondance\n>p1 move poltergeist\n>p2 move outrage dynamax\n>p1 move anchorshot\n>p2 move boltstrike dynamax\n>p1 switch 4\n>p1 move willowisp\n>p2 move boltstrike dynamax\n>p1 move willowisp\n>p2 move substitute\n>p1 move earthquake\n>p2 move dragondance\n>p1 move earthquake\n>p2 move boltstrike\n>p1 switch 3\n>p1 move icebeam\n>p2 move boltstrike\n>p2 switch 3\n>p1 move recover\n>p2 move thunderfang\n>p1 switch 2\n>p1 move liquidation\n>p2 move bulkup\n>p1 move liquidation\n>p2 move thunderfang\n>p1 switch 5\n>p1 move hurricane dynamax\n>p2 move thunderfang\n>p2 switch 4\n>p1 move fierywrath dynamax\n>p2 switch 5\n>p1 move hurricane dynamax\n>p2 move sludgebomb\n>p2 switch 5\n>p1 move rest\n>p2 move lavaplume\n>p1 move nastyplot\n>p2 move lavaplume\n>p1 move fierywrath\n>p2 switch 2\n>p2 switch 2\n>p1 move fierywrath\n>p2 move stealthrock","uploadtime":1612263895,"views":10,"p1id":"adeparteddream","p2id":"chickpiee","formatid":"gen8randombattle","rating":0,"private":0,"password":null}