{"id":"gen8randombattle-1641761377","p1":"Rediyu","p2":"Cardano Dump","format":"gen8randombattle","log":"|j|\u2606Rediyu\n|j|\u2606Cardano Dump\n|t:|1660749053\n|gametype|singles\n|player|p1|Rediyu|guitarist|1964\n|player|p2|Cardano Dump|265|1908\n|teamsize|p1|6\n|teamsize|p2|6\n|gen|8\n|tier|[Gen 8] Random Battle\n|rated|\n|rule|Species Clause: Limit one of each Pok\u00e9mon\n|rule|HP Percentage Mod: HP is shown in percentages\n|rule|Sleep Clause Mod: Limit one foe put to sleep\n|\n|t:|1660749053\n|start\n|switch|p1a: Tyranitar|Tyranitar, L78, M|284\/284\n|switch|p2a: Altaria|Altaria, L90, F|281\/281\n|-weather|Sandstorm|[from] ability: Sand Stream|[of] p1a: Tyranitar\n|turn|1\n|inactive|Battle timer is ON: inactive players will automatically lose when time's up. (requested by Cardano Dump)\n|\n|t:|1660749074\n|switch|p2a: Melmetal|Melmetal, L74|322\/322\n|move|p1a: Tyranitar|Stealth Rock|p2a: Melmetal\n|-sidestart|p2: Cardano Dump|move: Stealth Rock\n|\n|-weather|Sandstorm|[upkeep]\n|upkeep\n|turn|2\n|\n|t:|1660749088\n|switch|p1a: Vileplume|Vileplume, L84, M|263\/263\n|move|p2a: Melmetal|Thunder Wave|p1a: Vileplume\n|-status|p1a: Vileplume|par\n|\n|-weather|Sandstorm|[upkeep]\n|-damage|p1a: Vileplume|247\/263 par|[from] Sandstorm\n|-heal|p1a: Vileplume|263\/263 par|[from] item: Black Sludge\n|upkeep\n|turn|3\n|\n|t:|1660749108\n|move|p2a: Melmetal|Double Iron Bash|p1a: Vileplume\n|-damage|p1a: Vileplume|179\/263 par\n|-damage|p1a: Vileplume|94\/263 par\n|-hitcount|p1a: Vileplume|2\n|move|p1a: Vileplume|Strength Sap|p2a: Melmetal\n|-unboost|p2a: Melmetal|atk|1\n|-heal|p1a: Vileplume|263\/263 par\n|\n|-weather|Sandstorm|[upkeep]\n|-damage|p1a: Vileplume|247\/263 par|[from] Sandstorm\n|-heal|p1a: Vileplume|263\/263 par|[from] item: Black Sludge\n|upkeep\n|turn|4\n|\n|t:|1660749121\n|switch|p2a: Altaria|Altaria, L90, F|281\/281\n|switch|p1a: Runerigus|Runerigus, L84, F|235\/235\n|\n|-weather|Sandstorm|[upkeep]\n|-damage|p2a: Altaria|264\/281|[from] Sandstorm\n|upkeep\n|turn|5\n|\n|t:|1660749129\n|move|p2a: Altaria|Defog|p1a: Runerigus\n|-unboost|p1a: Runerigus|evasion|1\n|-sideend|p2: Cardano Dump|Stealth Rock|[from] move: Defog|[of] p2a: Altaria\n|move|p1a: Runerigus|Toxic Spikes|p2a: Altaria\n|-sidestart|p2: Cardano Dump|move: Toxic Spikes\n|\n|-weather|none\n|upkeep\n|turn|6\n|\n|t:|1660749153\n|switch|p1a: Obstagoon|Obstagoon, L80, M|280\/280\n|move|p2a: Altaria|Toxic|p1a: Obstagoon\n|-status|p1a: Obstagoon|tox\n|\n|-damage|p1a: Obstagoon|263\/280 tox|[from] psn\n|upkeep\n|turn|7\n|\n|t:|1660749162\n|switch|p2a: Melmetal|Melmetal, L74|322\/322\n|move|p1a: Obstagoon|Facade|p2a: Melmetal\n|-resisted|p2a: Melmetal\n|-damage|p2a: Melmetal|254\/322\n|\n|-heal|p2a: Melmetal|274\/322|[from] item: Leftovers\n|-damage|p1a: Obstagoon|229\/280 tox|[from] psn\n|upkeep\n|turn|8\n|\n|t:|1660749185\n|move|p1a: Obstagoon|Close Combat|p2a: Melmetal\n|-supereffective|p2a: Melmetal\n|-damage|p2a: Melmetal|114\/322\n|-unboost|p1a: Obstagoon|def|1\n|-unboost|p1a: Obstagoon|spd|1\n|move|p2a: Melmetal|Double Iron Bash|p1a: Obstagoon\n|-damage|p1a: Obstagoon|123\/280 tox\n|-damage|p1a: Obstagoon|0 fnt\n|faint|p1a: Obstagoon\n|-hitcount|p1: Obstagoon|2\n|\n|-heal|p2a: Melmetal|134\/322|[from] item: Leftovers\n|upkeep\n|\n|t:|1660749193\n|switch|p1a: Runerigus|Runerigus, L84, F|235\/235\n|turn|9\n|\n|t:|1660749199\n|switch|p2a: Altaria|Altaria, L90, F|264\/281\n|move|p1a: Runerigus|Poltergeist|p2a: Altaria\n|-activate|p2a: Altaria|move: Poltergeist|Heavy-Duty Boots\n|-damage|p2a: Altaria|155\/281\n|\n|upkeep\n|turn|10\n|inactive|Rediyu has 120 seconds left.\n|\n|t:|1660749243\n|switch|p1a: Tyranitar|Tyranitar, L78, M|284\/284\n|-weather|Sandstorm|[from] ability: Sand Stream|[of] p1a: Tyranitar\n|move|p2a: Altaria|Toxic|p1a: Tyranitar\n|-status|p1a: Tyranitar|tox\n|\n|-weather|Sandstorm|[upkeep]\n|-damage|p2a: Altaria|138\/281|[from] Sandstorm\n|-damage|p1a: Tyranitar|267\/284 tox|[from] psn\n|upkeep\n|turn|11\n|inactive|Rediyu has 120 seconds left.\n|\n|t:|1660749268\n|move|p2a: Altaria|Roost|p2a: Altaria\n|-heal|p2a: Altaria|279\/281\n|-singleturn|p2a: Altaria|move: Roost\n|move|p1a: Tyranitar|Stealth Rock|p2a: Altaria\n|-sidestart|p2: Cardano Dump|move: Stealth Rock\n|\n|-weather|Sandstorm|[upkeep]\n|-damage|p2a: Altaria|262\/281|[from] Sandstorm\n|-heal|p1a: Tyranitar|284\/284 tox|[from] item: Leftovers\n|-damage|p1a: Tyranitar|250\/284 tox|[from] psn\n|upkeep\n|turn|12\n|\n|t:|1660749279\n|move|p2a: Altaria|Defog|p1a: Tyranitar\n|-unboost|p1a: Tyranitar|evasion|1\n|-sideend|p2: Cardano Dump|Toxic Spikes|[from] move: Defog|[of] p2a: Altaria\n|-sideend|p2: Cardano Dump|Stealth Rock|[from] move: Defog|[of] p2a: Altaria\n|move|p1a: Tyranitar|Stone Edge|p2a: Altaria\n|-supereffective|p2a: Altaria\n|-damage|p2a: Altaria|26\/281\n|\n|-weather|Sandstorm|[upkeep]\n|-damage|p2a: Altaria|9\/281|[from] Sandstorm\n|-heal|p1a: Tyranitar|267\/284 tox|[from] item: Leftovers\n|-damage|p1a: Tyranitar|216\/284 tox|[from] psn\n|upkeep\n|turn|13\n|inactive|Rediyu has 120 seconds left.\n|\n|t:|1660749293\n|move|p2a: Altaria|Roost|p2a: Altaria\n|-heal|p2a: Altaria|150\/281\n|-singleturn|p2a: Altaria|move: Roost\n|move|p1a: Tyranitar|Stone Edge|p2a: Altaria\n|-damage|p2a: Altaria|47\/281\n|\n|-weather|Sandstorm|[upkeep]\n|-damage|p2a: Altaria|30\/281|[from] Sandstorm\n|-heal|p1a: Tyranitar|233\/284 tox|[from] item: Leftovers\n|-damage|p1a: Tyranitar|165\/284 tox|[from] psn\n|upkeep\n|turn|14\n|\n|t:|1660749303\n|move|p2a: Altaria|Roost|p2a: Altaria\n|-heal|p2a: Altaria|171\/281\n|-singleturn|p2a: Altaria|move: Roost\n|move|p1a: Tyranitar|Stone Edge|p2a: Altaria|[miss]\n|-miss|p1a: Tyranitar|p2a: Altaria\n|\n|-weather|none\n|-heal|p1a: Tyranitar|182\/284 tox|[from] item: Leftovers\n|-damage|p1a: Tyranitar|97\/284 tox|[from] psn\n|upkeep\n|turn|15\n|inactive|Rediyu has 120 seconds left.\n|-message|Rediyu forfeited.\n|\n|win|Cardano Dump\n|raw|Rediyu's rating: 1943 &rarr; <strong>1921<\/strong><br \/>(-22 for losing)\n|raw|Cardano Dump's rating: 1908 &rarr; <strong>1930<\/strong><br \/>(+22 for winning)\n|l|\u2606Rediyu\n||Ladder isn't responding, score probably updated but might not have (Request timeout).\n","inputlog":">version b85e9ce88322c99684f822268571e8c4b987227d\n>start {\"formatid\":\"gen8randombattle\",\"seed\":[17895,29839,64151,28569],\"rated\":\"Rated battle\"}\n>player p1 {\"name\":\"Rediyu\",\"avatar\":\"guitarist\",\"rating\":1964,\"seed\":[29079,17372,62378,62645]}\n>player p2 {\"name\":\"Cardano Dump\",\"avatar\":\"265\",\"rating\":1908,\"seed\":[16037,3849,54188,16101]}\n>p1 move stealthrock\n>p2 switch 2\n>p1 switch 4\n>p2 move thunderwave\n>p1 move strengthsap\n>p2 move doubleironbash\n>p1 switch 2\n>p2 switch 2\n>p1 move toxicspikes\n>p2 move defog\n>p1 switch 5\n>p2 move toxic\n>p1 move facade\n>p2 switch 2\n>p1 move closecombat\n>p2 move doubleironbash\n>p1 switch 5\n>p1 move poltergeist\n>p2 switch 2\n>p1 switch 4\n>p2 move toxic\n>p1 move stealthrock\n>p2 move roost\n>p1 move stoneedge\n>p2 move defog\n>p1 move stoneedge\n>p2 move roost\n>p1 move stoneedge\n>p2 move roost\n>forcelose p1","uploadtime":1660749329,"views":6,"p1id":"rediyu","p2id":"cardanodump","formatid":"gen8randombattle","rating":1921,"private":0,"password":null}