{"id":"gen8unratedrandombattle-1693573562","p1":"Haxgo","p2":"Spectre Ace","format":"gen8unratedrandombattle","log":"|j|\u2606Haxgo\n|j|\u2606Spectre Ace\n|t:|1666620615\n|gametype|singles\n|player|p1|Haxgo|byron|\n|player|p2|Spectre Ace|juggler|\n|teamsize|p1|6\n|teamsize|p2|6\n|gen|8\n|tier|[Gen 8] Unrated Random Battle\n|rule|Species Clause: Limit one of each Pok\u00e9mon\n|rule|HP Percentage Mod: HP is shown in percentages\n|rule|Sleep Clause Mod: Limit one foe put to sleep\n|\n|t:|1666620615\n|start\n|switch|p1a: Kabutops|Kabutops, L82, F|233\/233\n|switch|p2a: Kyurem|Kyurem, L80|331\/331\n|-ability|p2a: Kyurem|Pressure\n|turn|1\n|\n|t:|1666620625\n|switch|p2a: Maractus|Maractus, L95, M|296\/296\n|move|p1a: Kabutops|Rapid Spin|p2a: Maractus\n|-damage|p2a: Maractus|256\/296\n|-boost|p1a: Kabutops|spe|1\n|\n|-heal|p2a: Maractus|274\/296|[from] item: Leftovers\n|upkeep\n|turn|2\n|\n|t:|1666620635\n|move|p1a: Kabutops|Knock Off|p2a: Maractus\n|-damage|p2a: Maractus|193\/296\n|-enditem|p2a: Maractus|Leftovers|[from] move: Knock Off|[of] p1a: Kabutops\n|move|p2a: Maractus|Spikes|p1a: Kabutops\n|-sidestart|p1: Haxgo|Spikes\n|\n|upkeep\n|turn|3\n|\n|t:|1666620647\n|move|p2a: Maractus|Spiky Shield|p2a: Maractus\n|-singleturn|p2a: Maractus|move: Protect\n|move|p1a: Kabutops|Stone Edge|p2a: Maractus\n|-activate|p2a: Maractus|move: Protect\n|\n|upkeep\n|turn|4\n|\n|t:|1666620659\n|move|p1a: Kabutops|Stone Edge|p2a: Maractus|[miss]\n|-miss|p1a: Kabutops|p2a: Maractus\n|move|p2a: Maractus|Energy Ball|p1a: Kabutops\n|-supereffective|p1a: Kabutops\n|-damage|p1a: Kabutops|0 fnt\n|faint|p1a: Kabutops\n|\n|upkeep\n|\n|t:|1666620666\n|switch|p1a: Stunfisk|Stunfisk-Galar, L84, M|320\/320\n|-damage|p1a: Stunfisk|280\/320|[from] Spikes\n|turn|5\n|\n|t:|1666620682\n|move|p2a: Maractus|Leech Seed|p1a: Stunfisk\n|-start|p1a: Stunfisk|move: Leech Seed\n|move|p1a: Stunfisk|Stealth Rock|p2a: Maractus\n|-sidestart|p2: Spectre Ace|move: Stealth Rock\n|\n|-heal|p1a: Stunfisk|300\/320|[from] item: Leftovers\n|-damage|p1a: Stunfisk|260\/320|[from] Leech Seed|[of] p2a: Maractus\n|-heal|p2a: Maractus|233\/296|[silent]\n|upkeep\n|turn|6\n|\n|t:|1666620689\n|switch|p1a: Yveltal|Yveltal, L69|288\/288\n|-ability|p1a: Yveltal|Dark Aura\n|move|p2a: Maractus|Spikes|p1a: Yveltal\n|-sidestart|p1: Haxgo|Spikes\n|\n|upkeep\n|turn|7\n|\n|t:|1666620697\n|switch|p2a: Clefable|Clefable, L82, F|290\/290\n|move|p1a: Yveltal|Oblivion Wing|p2a: Clefable\n|-crit|p2a: Clefable\n|-damage|p2a: Clefable|169\/290\n|\n|-heal|p2a: Clefable|187\/290|[from] item: Leftovers\n|upkeep\n|turn|8\n|\n|t:|1666620707\n|switch|p1a: Stunfisk|Stunfisk-Galar, L84, M|260\/320\n|-damage|p1a: Stunfisk|207\/320|[from] Spikes\n|move|p2a: Clefable|Thunder Wave|p1a: Stunfisk\n|-immune|p1a: Stunfisk\n|\n|-heal|p2a: Clefable|205\/290|[from] item: Leftovers\n|-heal|p1a: Stunfisk|227\/320|[from] item: Leftovers\n|upkeep\n|turn|9\n|\n|t:|1666620723\n|switch|p2a: Maractus|Maractus, L95, M|233\/296\n|-damage|p2a: Maractus|196\/296|[from] Stealth Rock\n|move|p1a: Stunfisk|Stone Edge|p2a: Maractus\n|-damage|p2a: Maractus|131\/296\n|\n|-heal|p1a: Stunfisk|247\/320|[from] item: Leftovers\n|upkeep\n|turn|10\n|\n|t:|1666620728\n|switch|p1a: Yveltal|Yveltal, L69|288\/288\n|-ability|p1a: Yveltal|Dark Aura\n|move|p2a: Maractus|Leech Seed|p1a: Yveltal\n|-start|p1a: Yveltal|move: Leech Seed\n|\n|-damage|p1a: Yveltal|252\/288|[from] Leech Seed|[of] p2a: Maractus\n|-heal|p2a: Maractus|167\/296|[silent]\n|upkeep\n|turn|11\n|\n|t:|1666620738\n|switch|p1a: Articuno|Articuno-Galar, L80|275\/275\n|move|p2a: Maractus|Spiky Shield||[still]\n|-fail|p2a: Maractus\n|\n|upkeep\n|turn|12\n|\n|t:|1666620744\n|move|p1a: Articuno|Calm Mind|p1a: Articuno\n|-boost|p1a: Articuno|spa|1\n|-boost|p1a: Articuno|spd|1\n|move|p2a: Maractus|Leech Seed|p1a: Articuno\n|-start|p1a: Articuno|move: Leech Seed\n|\n|-damage|p1a: Articuno|241\/275|[from] Leech Seed|[of] p2a: Maractus\n|-heal|p2a: Maractus|201\/296|[silent]\n|upkeep\n|turn|13\n|\n|t:|1666620749\n|move|p1a: Articuno|Calm Mind|p1a: Articuno\n|-boost|p1a: Articuno|spa|1\n|-boost|p1a: Articuno|spd|1\n|move|p2a: Maractus|Spikes|p1a: Articuno\n|-sidestart|p1: Haxgo|Spikes\n|\n|-damage|p1a: Articuno|207\/275|[from] Leech Seed|[of] p2a: Maractus\n|-heal|p2a: Maractus|235\/296|[silent]\n|upkeep\n|turn|14\n|\n|t:|1666620758\n|switch|p2a: Audino|Audino, L91, M|335\/335\n|-damage|p2a: Audino|294\/335|[from] Stealth Rock\n|move|p1a: Articuno|Calm Mind|p1a: Articuno\n|-boost|p1a: Articuno|spa|1\n|-boost|p1a: Articuno|spd|1\n|\n|-heal|p2a: Audino|314\/335|[from] item: Leftovers\n|-damage|p1a: Articuno|173\/275|[from] Leech Seed|[of] p2a: Audino\n|-heal|p2a: Audino|335\/335|[silent]\n|upkeep\n|turn|15\n|\n|t:|1666620763\n|-start|p1a: Articuno|Dynamax|\n|-heal|p1a: Articuno|346\/550|[silent]\n|move|p1a: Articuno|Max Airstream|p2a: Audino\n|-damage|p2a: Audino|0 fnt\n|-boost|p1a: Articuno|spe|1\n|faint|p2a: Audino\n|\n|upkeep\n|\n|t:|1666620774\n|switch|p2a: Mimikyu|Mimikyu, L76, M|209\/209\n|-damage|p2a: Mimikyu|183\/209|[from] Stealth Rock\n|turn|16\n|\n|t:|1666620795\n|-start|p2a: Mimikyu|Dynamax|\n|-heal|p2a: Mimikyu|366\/418|[silent]\n|move|p1a: Articuno|Max Mindstorm|p2a: Mimikyu\n|-activate|p2a: Mimikyu|ability: Disguise\n|-damage|p2a: Mimikyu|366\/418\n|-fieldstart|move: Psychic Terrain\n|detailschange|p2a: Mimikyu|Mimikyu-Busted, L76, M\n|-damage|p2a: Mimikyu|340\/418|[from] pokemon: Mimikyu-Busted\n|move|p2a: Mimikyu|Max Phantasm|p1a: Articuno\n|-supereffective|p1a: Articuno\n|-damage|p1a: Articuno|55\/550\n|-unboost|p1a: Articuno|def|1\n|-ability|p1a: Articuno|Competitive|boost\n|-boost|p1a: Articuno|spa|2\n|-damage|p2a: Mimikyu|320\/418|[from] item: Life Orb\n|\n|-damage|p1a: Articuno|21\/550|[from] Leech Seed|[of] p2a: Mimikyu\n|-heal|p2a: Mimikyu|354\/418|[silent]\n|upkeep\n|turn|17\n|\n|t:|1666620814\n|-end|p1a: Articuno|Dynamax\n|-heal|p1a: Articuno|11\/275|[silent]\n|switch|p1a: Stunfisk|Stunfisk-Galar, L84, M|247\/320\n|-damage|p1a: Stunfisk|167\/320|[from] Spikes\n|-start|p1a: Stunfisk|typechange|Psychic|[from] ability: Mimicry\n|-end|p2a: Mimikyu|Dynamax\n|-heal|p2a: Mimikyu|177\/209|[silent]\n|switch|p2a: Maractus|Maractus, L95, M|235\/296\n|-damage|p2a: Maractus|198\/296|[from] Stealth Rock\n|\n|-heal|p1a: Stunfisk|187\/320|[from] item: Leftovers\n|upkeep\n|turn|18\n|\n|t:|1666620823\n|move|p2a: Maractus|Energy Ball|p1a: Stunfisk\n|-damage|p1a: Stunfisk|51\/320\n|move|p1a: Stunfisk|Stone Edge|p2a: Maractus\n|-damage|p2a: Maractus|128\/296\n|\n|-heal|p1a: Stunfisk|71\/320|[from] item: Leftovers\n|upkeep\n|turn|19\n|\n|t:|1666620827\n|move|p2a: Maractus|Energy Ball|p1a: Stunfisk\n|-damage|p1a: Stunfisk|0 fnt\n|faint|p1a: Stunfisk\n|\n|upkeep\n|\n|t:|1666620830\n|switch|p1a: Articuno|Articuno-Galar, L80|11\/275\n|turn|20\n|\n|t:|1666620832\n|move|p1a: Articuno|Recover|p1a: Articuno\n|-heal|p1a: Articuno|149\/275\n|move|p2a: Maractus|Energy Ball|p1a: Articuno\n|-resisted|p1a: Articuno\n|-damage|p1a: Articuno|88\/275\n|\n|-fieldend|move: Psychic Terrain\n|upkeep\n|turn|21\n|\n|t:|1666620835\n|move|p1a: Articuno|Recover|p1a: Articuno\n|-heal|p1a: Articuno|226\/275\n|move|p2a: Maractus|Leech Seed|p1a: Articuno\n|-start|p1a: Articuno|move: Leech Seed\n|\n|-damage|p1a: Articuno|192\/275|[from] Leech Seed|[of] p2a: Maractus\n|-heal|p2a: Maractus|162\/296|[silent]\n|upkeep\n|turn|22\n|\n|t:|1666620838\n|switch|p2a: Mimikyu|Mimikyu-Busted, L76, M|177\/209\n|-damage|p2a: Mimikyu|151\/209|[from] Stealth Rock\n|move|p1a: Articuno|Calm Mind|p1a: Articuno\n|-boost|p1a: Articuno|spa|1\n|-boost|p1a: Articuno|spd|1\n|\n|-damage|p1a: Articuno|158\/275|[from] Leech Seed|[of] p2a: Mimikyu\n|-heal|p2a: Mimikyu|185\/209|[silent]\n|upkeep\n|turn|23\n|\n|t:|1666620852\n|move|p1a: Articuno|Freezing Glare|p2a: Mimikyu\n|-damage|p2a: Mimikyu|20\/209\n|move|p2a: Mimikyu|Swords Dance|p2a: Mimikyu\n|-boost|p2a: Mimikyu|atk|2\n|\n|-damage|p1a: Articuno|124\/275|[from] Leech Seed|[of] p2a: Mimikyu\n|-heal|p2a: Mimikyu|54\/209|[silent]\n|upkeep\n|turn|24\n|\n|t:|1666620857\n|switch|p1a: Yveltal|Yveltal, L69|252\/288\n|-ability|p1a: Yveltal|Dark Aura\n|move|p2a: Mimikyu|Shadow Sneak|p1a: Yveltal\n|-resisted|p1a: Yveltal\n|-damage|p1a: Yveltal|203\/288\n|-damage|p2a: Mimikyu|34\/209|[from] item: Life Orb\n|\n|upkeep\n|turn|25\n|\n|t:|1666620863\n|move|p2a: Mimikyu|Play Rough|p1a: Yveltal\n|-supereffective|p1a: Yveltal\n|-damage|p1a: Yveltal|0 fnt\n|faint|p1a: Yveltal\n|-damage|p2a: Mimikyu|14\/209|[from] item: Life Orb\n|\n|upkeep\n|\n|t:|1666620867\n|switch|p1a: Heliolisk|Heliolisk, L82, F|236\/236\n|-damage|p1a: Heliolisk|177\/236|[from] Spikes\n|turn|26\n|\n|t:|1666620885\n|move|p1a: Heliolisk|Thunderbolt|p2a: Mimikyu\n|-crit|p2a: Mimikyu\n|-damage|p2a: Mimikyu|0 fnt\n|faint|p2a: Mimikyu\n|\n|upkeep\n|\n|t:|1666620890\n|switch|p2a: Kyurem|Kyurem, L80|331\/331\n|-ability|p2a: Kyurem|Pressure\n|turn|27\n|\n|t:|1666620900\n|switch|p1a: Zeraora|Zeraora, L76|259\/259\n|-damage|p1a: Zeraora|195\/259|[from] Spikes\n|move|p2a: Kyurem|Earth Power|p1a: Zeraora\n|-supereffective|p1a: Zeraora\n|-damage|p1a: Zeraora|83\/259\n|\n|upkeep\n|turn|28\n|\n|t:|1666620907\n|move|p1a: Zeraora|Knock Off|p2a: Kyurem\n|-damage|p2a: Kyurem|270\/331\n|-enditem|p2a: Kyurem|Heavy-Duty Boots|[from] move: Knock Off|[of] p1a: Zeraora\n|move|p2a: Kyurem|Earth Power|p1a: Zeraora\n|-supereffective|p1a: Zeraora\n|-damage|p1a: Zeraora|0 fnt\n|faint|p1a: Zeraora\n|\n|upkeep\n|\n|t:|1666620914\n|switch|p1a: Heliolisk|Heliolisk, L82, F|177\/236\n|-damage|p1a: Heliolisk|118\/236|[from] Spikes\n|turn|29\n|\n|t:|1666620917\n|move|p1a: Heliolisk|Hyper Voice|p2a: Kyurem\n|-damage|p2a: Kyurem|116\/331\n|move|p2a: Kyurem|Ice Beam|p1a: Heliolisk\n|-damage|p1a: Heliolisk|9\/236\n|\n|upkeep\n|turn|30\n|\n|t:|1666620920\n|move|p1a: Heliolisk|Hyper Voice|p2a: Kyurem\n|-damage|p2a: Kyurem|0 fnt\n|faint|p2a: Kyurem\n|\n|upkeep\n|\n|t:|1666620923\n|switch|p2a: Regieleki|Regieleki, L78|253\/253\n|-damage|p2a: Regieleki|222\/253|[from] Stealth Rock\n|turn|31\n|\n|t:|1666620926\n|move|p2a: Regieleki|Thunderbolt|p1a: Heliolisk\n|-resisted|p1a: Heliolisk\n|-damage|p1a: Heliolisk|0 fnt\n|faint|p1a: Heliolisk\n|\n|upkeep\n|\n|t:|1666620928\n|switch|p1a: Articuno|Articuno-Galar, L80|124\/275\n|turn|32\n|\n|t:|1666620929\n|move|p2a: Regieleki|Thunderbolt|p1a: Articuno\n|-supereffective|p1a: Articuno\n|-damage|p1a: Articuno|0 fnt\n|faint|p1a: Articuno\n|\n|win|Spectre Ace\n|l|\u2606Haxgo\n","inputlog":">version 9c5d654b898167f5ae9ca6e9cc2965040adf185e\n>start {\"formatid\":\"gen8unratedrandombattle\",\"seed\":[6667,10820,41496,16081]}\n>player p1 {\"name\":\"Haxgo\",\"avatar\":\"byron\",\"rating\":0,\"seed\":[28422,50703,17949,62164]}\n>player p2 {\"name\":\"Spectre Ace\",\"avatar\":\"juggler\",\"rating\":0,\"seed\":[17840,8070,46333,36466]}\n>p1 move rapidspin\n>p2 switch 4\n>p1 move knockoff\n>p2 move spikes\n>p1 move stoneedge\n>p2 move spikyshield\n>p1 move stoneedge\n>p2 move energyball\n>p1 switch 2\n>p1 move stealthrock\n>p2 move leechseed\n>p1 switch 6\n>p2 move spikes\n>p1 move oblivionwing\n>p2 switch 6\n>p1 switch 6\n>p2 move thunderwave\n>p1 move stoneedge\n>p2 switch 6\n>p1 switch 6\n>p2 move leechseed\n>p1 switch 3\n>p2 move spikyshield\n>p1 move calmmind\n>p2 move leechseed\n>p1 move calmmind\n>p2 move spikes\n>p1 move calmmind\n>p2 switch 2\n>p1 move airslash dynamax\n>p2 move toxic\n>p2 switch 3\n>p1 move freezingglare dynamax\n>p2 move shadowclaw dynamax\n>p1 switch 6\n>p2 switch 2\n>p1 move stoneedge\n>p2 move energyball\n>p1 move stoneedge\n>p2 move energyball\n>p1 switch 6\n>p1 move recover\n>p2 move energyball\n>p1 move recover\n>p2 move leechseed\n>p1 move calmmind\n>p2 switch 2\n>p1 move freezingglare\n>p2 move swordsdance\n>p1 switch 3\n>p2 move shadowsneak\n>p1 move knockoff\n>p2 move playrough\n>p1 switch 4\n>p1 move thunderbolt\n>p2 move playrough\n>p2 switch 4\n>p1 switch 5\n>p2 move earthpower\n>p1 move knockoff\n>p2 move earthpower\n>p1 switch 5\n>p1 move hypervoice\n>p2 move icebeam\n>p1 move hypervoice\n>p2 move icebeam\n>p2 switch 5\n>p1 move hypervoice\n>p2 move thunderbolt\n>p1 switch 3\n>p1 move recover\n>p2 move thunderbolt","uploadtime":1666620957,"views":5,"p1id":"haxgo","p2id":"spectreace","formatid":"gen8unratedrandombattle","rating":0,"private":0,"password":null}