{"id":"gen8randombattle-1635833491","p1":"Draco09876","p2":"Tryinthisshit","format":"gen8randombattle","log":"|j|\u2606Draco09876\n|j|\u2606Tryinthisshit\n|t:|1660059600\n|gametype|singles\n|player|p1|Draco09876|169|1605\n|player|p2|Tryinthisshit|170|1628\n|teamsize|p1|6\n|teamsize|p2|6\n|gen|8\n|tier|[Gen 8] Random Battle\n|rated|\n|rule|Species Clause: Limit one of each Pok\u00e9mon\n|rule|HP Percentage Mod: HP is shown in percentages\n|rule|Sleep Clause Mod: Limit one foe put to sleep\n|\n|t:|1660059600\n|start\n|switch|p1a: Reshiram|Reshiram, L74|270\/270\n|switch|p2a: Eldegoss|Eldegoss, L90, M|254\/254\n|-ability|p1a: Reshiram|Turboblaze\n|turn|1\n|inactive|Battle timer is ON: inactive players will automatically lose when time's up. (requested by Draco09876)\n|\n|t:|1660059614\n|switch|p2a: Vaporeon|Vaporeon, L84, F|356\/356\n|move|p1a: Reshiram|Blue Flare|p2a: Vaporeon\n|-resisted|p2a: Vaporeon\n|-damage|p2a: Vaporeon|283\/356\n|\n|-heal|p2a: Vaporeon|305\/356|[from] item: Leftovers\n|upkeep\n|turn|2\n|c|\u2606Draco09876|glhf\n|\n|t:|1660059624\n|move|p1a: Reshiram|Toxic|p2a: Vaporeon\n|-status|p2a: Vaporeon|tox\n|move|p2a: Vaporeon|Toxic|p1a: Reshiram\n|-status|p1a: Reshiram|tox\n|\n|-heal|p2a: Vaporeon|327\/356 tox|[from] item: Leftovers\n|-damage|p1a: Reshiram|254\/270 tox|[from] psn\n|-damage|p2a: Vaporeon|305\/356 tox|[from] psn\n|upkeep\n|turn|3\n|\n|t:|1660059635\n|switch|p1a: Klefki|Klefki, L82, M|228\/228\n|move|p2a: Vaporeon|Wish|p2a: Vaporeon\n|\n|-heal|p2a: Vaporeon|327\/356 tox|[from] item: Leftovers\n|-damage|p2a: Vaporeon|283\/356 tox|[from] psn\n|upkeep\n|turn|4\n|\n|t:|1660059654\n|switch|p2a: Zapdos|Zapdos, L78|267\/267\n|move|p1a: Klefki|Spikes|p2a: Zapdos\n|-sidestart|p2: Tryinthisshit|Spikes\n|\n|upkeep\n|turn|5\n|c|\u2606Tryinthisshit|hf\n|inactive|Draco09876 has 120 seconds left.\n|\n|t:|1660059709\n|switch|p1a: Hydreigon|Hydreigon, L80, M|278\/278\n|move|p2a: Zapdos|Heat Wave|p1a: Hydreigon\n|-resisted|p1a: Hydreigon\n|-damage|p1a: Hydreigon|218\/278\n|\n|-heal|p1a: Hydreigon|235\/278|[from] item: Leftovers\n|upkeep\n|turn|6\n|inactive|Tryinthisshit has 120 seconds left.\n|\n|t:|1660059745\n|switch|p2a: Eldegoss|Eldegoss, L90, M|254\/254\n|move|p1a: Hydreigon|Dark Pulse|p2a: Eldegoss\n|-damage|p2a: Eldegoss|184\/254\n|\n|-heal|p1a: Hydreigon|252\/278|[from] item: Leftovers\n|upkeep\n|turn|7\n|inactive|Tryinthisshit has 120 seconds left.\n|\n|t:|1660059758\n|move|p1a: Hydreigon|U-turn|p2a: Eldegoss\n|-supereffective|p2a: Eldegoss\n|-damage|p2a: Eldegoss|98\/254\n|\n|t:|1660059764\n|switch|p1a: Klefki|Klefki, L82, M|228\/228\n|move|p2a: Eldegoss|Leech Seed|p1a: Klefki\n|-start|p1a: Klefki|move: Leech Seed\n|\n|-damage|p1a: Klefki|200\/228|[from] Leech Seed|[of] p2a: Eldegoss\n|-heal|p2a: Eldegoss|126\/254|[silent]\n|upkeep\n|turn|8\n|inactive|Tryinthisshit has 120 seconds left.\n|\n|t:|1660059777\n|switch|p1a: Reshiram|Reshiram, L74|254\/270 tox\n|-ability|p1a: Reshiram|Turboblaze\n|move|p2a: Eldegoss|Rapid Spin|p1a: Reshiram\n|-damage|p1a: Reshiram|224\/270 tox\n|-boost|p2a: Eldegoss|spe|1\n|-sideend|p2: Tryinthisshit|Spikes|[from] move: Rapid Spin|[of] p2a: Eldegoss\n|\n|-damage|p1a: Reshiram|208\/270 tox|[from] psn\n|upkeep\n|turn|9\n|inactive|Tryinthisshit has 120 seconds left.\n|\n|t:|1660059791\n|switch|p2a: Vaporeon|Vaporeon, L84, F|283\/356 tox\n|switch|p1a: Hydreigon|Hydreigon, L80, M|252\/278\n|\n|-heal|p1a: Hydreigon|269\/278|[from] item: Leftovers\n|-heal|p2a: Vaporeon|305\/356 tox|[from] item: Leftovers\n|-damage|p2a: Vaporeon|283\/356 tox|[from] psn\n|upkeep\n|turn|10\n|inactive|Draco09876 has 120 seconds left.\n|inactive|Tryinthisshit has 120 seconds left.\n|\n|t:|1660059802\n|move|p1a: Hydreigon|U-turn|p2a: Vaporeon\n|-damage|p2a: Vaporeon|219\/356 tox\n|inactive|Draco09876 has 120 seconds left.\n|\n|t:|1660059808\n|switch|p1a: Klefki|Klefki, L82, M|200\/228\n|move|p2a: Vaporeon|Toxic|p1a: Klefki\n|-immune|p1a: Klefki\n|\n|-heal|p1a: Klefki|214\/228|[from] item: Leftovers\n|-heal|p2a: Vaporeon|241\/356 tox|[from] item: Leftovers\n|-damage|p2a: Vaporeon|197\/356 tox|[from] psn\n|upkeep\n|turn|11\n|inactive|Draco09876 has 120 seconds left.\n|\n|t:|1660059820\n|switch|p1a: Hydreigon|Hydreigon, L80, M|269\/278\n|switch|p2a: Eldegoss|Eldegoss, L90, M|210\/254\n|\n|-heal|p1a: Hydreigon|278\/278|[from] item: Leftovers\n|upkeep\n|turn|12\n|inactive|Tryinthisshit has 120 seconds left.\n|\n|t:|1660059837\n|move|p1a: Hydreigon|Dark Pulse|p2a: Eldegoss\n|-damage|p2a: Eldegoss|137\/254\n|cant|p2a: Eldegoss|flinch\n|\n|upkeep\n|turn|13\n|\n|t:|1660059843\n|move|p1a: Hydreigon|Dark Pulse|p2a: Eldegoss\n|-damage|p2a: Eldegoss|65\/254\n|move|p2a: Eldegoss|Leech Seed|p1a: Hydreigon\n|-start|p1a: Hydreigon|move: Leech Seed\n|\n|-damage|p1a: Hydreigon|244\/278|[from] Leech Seed|[of] p2a: Eldegoss\n|-heal|p2a: Eldegoss|99\/254|[silent]\n|upkeep\n|turn|14\n|inactive|Tryinthisshit has 120 seconds left.\n|\n|t:|1660059865\n|move|p1a: Hydreigon|U-turn|p2a: Eldegoss\n|-supereffective|p2a: Eldegoss\n|-damage|p2a: Eldegoss|11\/254\n|\n|t:|1660059868\n|switch|p1a: Doublade|Doublade, L82, M|231\/231\n|move|p2a: Eldegoss|Sleep Powder|p1a: Doublade\n|-status|p1a: Doublade|slp|[from] move: Sleep Powder\n|\n|upkeep\n|turn|15\n|\n|t:|1660059879\n|switch|p1a: Celebi|Celebi, L82|298\/298\n|move|p2a: Eldegoss|Leech Seed|p1a: Celebi\n|-immune|p1a: Celebi\n|\n|upkeep\n|turn|16\n|\n|t:|1660059890\n|switch|p2a: Vespiquen|Vespiquen, L96, F|290\/290\n|-ability|p2a: Vespiquen|Pressure\n|move|p1a: Celebi|Psychic|p2a: Vespiquen\n|-damage|p2a: Vespiquen|190\/290\n|-unboost|p2a: Vespiquen|spd|1\n|\n|upkeep\n|turn|17\n|inactive|Tryinthisshit has 120 seconds left.\n|inactive|Draco09876 has 120 seconds left.\n|\n|t:|1660059929\n|switch|p1a: Doublade|Doublade, L82, M|231\/231 slp\n|move|p2a: Vespiquen|U-turn|p1a: Doublade\n|-resisted|p1a: Doublade\n|-damage|p1a: Doublade|222\/231 slp\n|inactive|Tryinthisshit has 120 seconds left.\n|\n|t:|1660059948\n|switch|p2a: Alcremie|Alcremie, L86, F|252\/252\n|\n|upkeep\n|turn|18\n|inactive|Draco09876 has 120 seconds left.\n|\n|t:|1660059971\n|switch|p1a: Reshiram|Reshiram, L74|208\/270 tox\n|-ability|p1a: Reshiram|Turboblaze\n|move|p2a: Alcremie|Calm Mind|p2a: Alcremie\n|-boost|p2a: Alcremie|spa|1\n|-boost|p2a: Alcremie|spd|1\n|\n|-damage|p1a: Reshiram|192\/270 tox|[from] psn\n|upkeep\n|turn|19\n|inactive|Tryinthisshit has 120 seconds left.\n|\n|t:|1660059980\n|switch|p2a: Vaporeon|Vaporeon, L84, F|197\/356 tox\n|move|p1a: Reshiram|Toxic|p2a: Vaporeon\n|-fail|p2a: Vaporeon|tox\n|\n|-heal|p2a: Vaporeon|219\/356 tox|[from] item: Leftovers\n|-damage|p1a: Reshiram|160\/270 tox|[from] psn\n|-damage|p2a: Vaporeon|197\/356 tox|[from] psn\n|upkeep\n|turn|20\n|inactive|Draco09876 has 120 seconds left.\n|inactive|Tryinthisshit has 120 seconds left.\n|\n|t:|1660059991\n|move|p1a: Reshiram|Draco Meteor|p2a: Vaporeon\n|-damage|p2a: Vaporeon|61\/356 tox\n|-unboost|p1a: Reshiram|spa|2\n|move|p2a: Vaporeon|Scald|p1a: Reshiram\n|-damage|p1a: Reshiram|69\/270 tox\n|\n|-heal|p2a: Vaporeon|83\/356 tox|[from] item: Leftovers\n|-damage|p1a: Reshiram|21\/270 tox|[from] psn\n|-damage|p2a: Vaporeon|39\/356 tox|[from] psn\n|upkeep\n|turn|21\n|inactive|Draco09876 has 120 seconds left.\n|inactive|Tryinthisshit has 120 seconds left.\n|\n|t:|1660060010\n|switch|p1a: Doublade|Doublade, L82, M|222\/231 slp\n|move|p2a: Vaporeon|Protect||[still]\n|-fail|p2a: Vaporeon\n|\n|-heal|p2a: Vaporeon|61\/356 tox|[from] item: Leftovers\n|-damage|p2a: Vaporeon|0 fnt|[from] psn\n|faint|p2a: Vaporeon\n|upkeep\n|inactive|Tryinthisshit has 120 seconds left.\n|\n|t:|1660060022\n|switch|p2a: Alcremie|Alcremie, L86, F|252\/252\n|turn|22\n|inactive|Draco09876 has 120 seconds left.\n|inactive|Draco09876 has 90 seconds left.\n|\n|t:|1660060071\n|switch|p1a: Reshiram|Reshiram, L74|21\/270 tox\n|-ability|p1a: Reshiram|Turboblaze\n|move|p2a: Alcremie|Mystical Fire|p1a: Reshiram\n|-resisted|p1a: Reshiram\n|-damage|p1a: Reshiram|6\/270 tox\n|-unboost|p1a: Reshiram|spa|1\n|\n|-damage|p1a: Reshiram|0 fnt|[from] psn\n|faint|p1a: Reshiram\n|upkeep\n|\n|t:|1660060075\n|switch|p1a: Klefki|Klefki, L82, M|214\/228\n|turn|23\n|inactive|Tryinthisshit has 120 seconds left.\n|\n|t:|1660060101\n|switch|p2a: Zapdos|Zapdos, L78|267\/267\n|move|p1a: Klefki|Thunder Wave|p2a: Zapdos\n|-immune|p2a: Zapdos\n|\n|-heal|p1a: Klefki|228\/228|[from] item: Leftovers\n|upkeep\n|turn|24\n|inactive|Tryinthisshit has 120 seconds left.\n|\n|t:|1660060112\n|switch|p1a: Doublade|Doublade, L82, M|222\/231 slp\n|move|p2a: Zapdos|U-turn|p1a: Doublade\n|-resisted|p1a: Doublade\n|-damage|p1a: Doublade|218\/231 slp\n|inactive|Tryinthisshit has 120 seconds left.\n|\n|t:|1660060119\n|switch|p2a: Alcremie|Alcremie, L86, F|252\/252\n|\n|upkeep\n|turn|25\n|\n|t:|1660060137\n|move|p2a: Alcremie|Mystical Fire|p1a: Doublade\n|-supereffective|p1a: Doublade\n|-damage|p1a: Doublade|94\/231 slp\n|-unboost|p1a: Doublade|spa|1\n|cant|p1a: Doublade|slp\n|\n|upkeep\n|turn|26\n|\n|t:|1660060153\n|switch|p1a: Klefki|Klefki, L82, M|228\/228\n|move|p2a: Alcremie|Mystical Fire|p1a: Klefki\n|-supereffective|p1a: Klefki\n|-damage|p1a: Klefki|102\/228\n|-unboost|p1a: Klefki|spa|1\n|\n|-heal|p1a: Klefki|116\/228|[from] item: Leftovers\n|upkeep\n|turn|27\n|\n|t:|1660060163\n|switch|p2a: Zapdos|Zapdos, L78|267\/267\n|move|p1a: Klefki|Spikes|p2a: Zapdos\n|-sidestart|p2: Tryinthisshit|Spikes\n|\n|-heal|p1a: Klefki|130\/228|[from] item: Leftovers\n|upkeep\n|turn|28\n|\n|t:|1660060173\n|move|p1a: Klefki|Spikes|p2a: Zapdos\n|-sidestart|p2: Tryinthisshit|Spikes\n|move|p2a: Zapdos|Heat Wave|p1a: Klefki\n|-supereffective|p1a: Klefki\n|-damage|p1a: Klefki|0 fnt\n|faint|p1a: Klefki\n|\n|upkeep\n|\n|t:|1660060175\n|switch|p1a: Hydreigon|Hydreigon, L80, M|244\/278\n|turn|29\n|\n|t:|1660060187\n|switch|p2a: Eldegoss|Eldegoss, L90, M|95\/254\n|move|p1a: Hydreigon|Dark Pulse|p2a: Eldegoss\n|-damage|p2a: Eldegoss|22\/254\n|\n|-heal|p1a: Hydreigon|261\/278|[from] item: Leftovers\n|upkeep\n|turn|30\n|\n|t:|1660060196\n|move|p1a: Hydreigon|Dark Pulse|p2a: Eldegoss\n|-damage|p2a: Eldegoss|0 fnt\n|faint|p2a: Eldegoss\n|\n|-heal|p1a: Hydreigon|278\/278|[from] item: Leftovers\n|upkeep\n|\n|t:|1660060203\n|switch|p2a: Vespiquen|Vespiquen, L96, F|190\/290\n|-ability|p2a: Vespiquen|Pressure\n|turn|31\n|\n|t:|1660060208\n|move|p1a: Hydreigon|Dark Pulse|p2a: Vespiquen\n|-damage|p2a: Vespiquen|114\/290\n|move|p2a: Vespiquen|Roost|p2a: Vespiquen\n|-heal|p2a: Vespiquen|259\/290\n|-singleturn|p2a: Vespiquen|move: Roost\n|\n|upkeep\n|turn|32\n|\n|t:|1660060216\n|move|p1a: Hydreigon|U-turn|p2a: Vespiquen\n|-resisted|p2a: Vespiquen\n|-damage|p2a: Vespiquen|242\/290\n|\n|t:|1660060218\n|switch|p1a: Doublade|Doublade, L82, M|94\/231 slp\n|move|p2a: Vespiquen|Toxic||[still]\n|-fail|p2a: Vespiquen\n|\n|upkeep\n|turn|33\n|\n|t:|1660060238\n|switch|p2a: Zapdos|Zapdos, L78|267\/267\n|cant|p1a: Doublade|slp\n|\n|upkeep\n|turn|34\n|\n|t:|1660060248\n|switch|p1a: Hydreigon|Hydreigon, L80, M|278\/278\n|move|p2a: Zapdos|Heat Wave|p1a: Hydreigon\n|-resisted|p1a: Hydreigon\n|-crit|p1a: Hydreigon\n|-damage|p1a: Hydreigon|201\/278\n|\n|-heal|p1a: Hydreigon|218\/278|[from] item: Leftovers\n|upkeep\n|turn|35\n|\n|t:|1660060258\n|switch|p2a: Vespiquen|Vespiquen, L96, F|242\/290\n|-ability|p2a: Vespiquen|Pressure\n|move|p1a: Hydreigon|Dark Pulse|p2a: Vespiquen\n|-damage|p2a: Vespiquen|163\/290\n|\n|-heal|p1a: Hydreigon|235\/278|[from] item: Leftovers\n|upkeep\n|turn|36\n|inactive|Draco09876 has 120 seconds left.\n|\n|t:|1660060315\n|move|p1a: Hydreigon|Dark Pulse|p2a: Vespiquen\n|-damage|p2a: Vespiquen|88\/290\n|move|p2a: Vespiquen|Air Slash|p1a: Hydreigon\n|-damage|p1a: Hydreigon|147\/278\n|\n|-heal|p1a: Hydreigon|164\/278|[from] item: Leftovers\n|upkeep\n|turn|37\n|\n|t:|1660060323\n|move|p1a: Hydreigon|Draco Meteor|p2a: Vespiquen\n|-damage|p2a: Vespiquen|0 fnt\n|-unboost|p1a: Hydreigon|spa|2\n|faint|p2a: Vespiquen\n|\n|-heal|p1a: Hydreigon|181\/278|[from] item: Leftovers\n|upkeep\n|\n|t:|1660060337\n|switch|p2a: Alcremie|Alcremie, L86, F|252\/252\n|-damage|p2a: Alcremie|210\/252|[from] Spikes\n|turn|38\n|\n|t:|1660060342\n|move|p1a: Hydreigon|U-turn|p2a: Alcremie\n|-resisted|p2a: Alcremie\n|-damage|p2a: Alcremie|184\/252\n|\n|t:|1660060354\n|switch|p1a: Doublade|Doublade, L82, M|94\/231 slp\n|move|p2a: Alcremie|Calm Mind|p2a: Alcremie\n|-boost|p2a: Alcremie|spa|1\n|-boost|p2a: Alcremie|spd|1\n|\n|-heal|p2a: Alcremie|199\/252|[from] item: Leftovers\n|upkeep\n|turn|39\n|\n|t:|1660060365\n|-curestatus|p1a: Doublade|slp|[msg]\n|move|p1a: Doublade|Shadow Sneak|p2a: Alcremie\n|-damage|p2a: Alcremie|150\/252\n|move|p2a: Alcremie|Mystical Fire|p1a: Doublade\n|-supereffective|p1a: Doublade\n|-damage|p1a: Doublade|0 fnt\n|faint|p1a: Doublade\n|\n|-heal|p2a: Alcremie|165\/252|[from] item: Leftovers\n|upkeep\n|inactive|Draco09876 has 120 seconds left.\n|\n|t:|1660060386\n|switch|p1a: Bellossom|Bellossom, L82, M|257\/257\n|turn|40\n|\n|t:|1660060399\n|-start|p2a: Alcremie|Dynamax|Gmax\n|-heal|p2a: Alcremie|330\/504|[silent]\n|move|p2a: Alcremie|Max Flare|p1a: Bellossom\n|-supereffective|p1a: Bellossom\n|-crit|p1a: Bellossom\n|-damage|p1a: Bellossom|0 fnt\n|-weather|SunnyDay\n|faint|p1a: Bellossom\n|\n|-weather|SunnyDay|[upkeep]\n|-heal|p2a: Alcremie|345\/504|[from] item: Leftovers\n|upkeep\n|\n|t:|1660060407\n|switch|p1a: Celebi|Celebi, L82|298\/298\n|turn|41\n|\n|t:|1660060416\n|-start|p1a: Celebi|Dynamax|\n|-heal|p1a: Celebi|596\/596|[silent]\n|move|p1a: Celebi|Max Mindstorm|p2a: Alcremie\n|-damage|p2a: Alcremie|279\/504\n|-fieldstart|move: Psychic Terrain\n|move|p2a: Alcremie|Max Flare|p1a: Celebi\n|-supereffective|p1a: Celebi\n|-damage|p1a: Celebi|146\/596\n|\n|-weather|SunnyDay|[upkeep]\n|-heal|p2a: Alcremie|294\/504|[from] item: Leftovers\n|upkeep\n|turn|42\n|\n|t:|1660060428\n|move|p1a: Celebi|Max Mindstorm|p2a: Alcremie\n|-damage|p2a: Alcremie|207\/504\n|move|p2a: Alcremie|Max Flare|p1a: Celebi\n|-supereffective|p1a: Celebi\n|-damage|p1a: Celebi|0 fnt\n|faint|p1a: Celebi\n|\n|-weather|SunnyDay|[upkeep]\n|-heal|p2a: Alcremie|222\/504|[from] item: Leftovers\n|upkeep\n|c|\u2606Tryinthisshit|gg\n|c|\u2606Draco09876|alcremie just bodied all of my team\n|c|\u2606Draco09876|had like 4 grass types\n|inactive|Draco09876 has 90 seconds left.\n|\n|t:|1660060454\n|switch|p1a: Hydreigon|Hydreigon, L80, M|181\/278\n|-end|p2a: Alcremie|Dynamax\n|-heal|p2a: Alcremie|111\/252|[silent]\n|turn|43\n|c|\u2606Tryinthisshit|Yeah that\u2019s why random is trash lol\n|\n|t:|1660060461\n|move|p1a: Hydreigon|Dark Pulse|p2a: Alcremie\n|-resisted|p2a: Alcremie\n|-damage|p2a: Alcremie|88\/252\n|move|p2a: Alcremie|Dazzling Gleam|p1a: Hydreigon\n|-supereffective|p1a: Hydreigon\n|-damage|p1a: Hydreigon|0 fnt\n|faint|p1a: Hydreigon\n|\n|win|Tryinthisshit\n|raw|Draco09876's rating: 1605 &rarr; <strong>1586<\/strong><br \/>(-19 for losing)\n|raw|Tryinthisshit's rating: 1628 &rarr; <strong>1647<\/strong><br \/>(+19 for winning)\n|l|\u2606Draco09876\n||Ladder isn't responding, score probably updated but might not have (Request timeout).\n","inputlog":">version 0f71e42f960f6fbb5c9ee62e3aa7f1960e43a151\n>start {\"formatid\":\"gen8randombattle\",\"seed\":[47625,36864,43850,45006],\"rated\":\"Rated battle\"}\n>player p1 {\"name\":\"Draco09876\",\"avatar\":\"169\",\"rating\":1605,\"seed\":[21827,26632,29755,19889]}\n>player p2 {\"name\":\"Tryinthisshit\",\"avatar\":\"170\",\"rating\":1628,\"seed\":[26170,17062,44588,19746]}\n>p1 move blueflare\n>p2 switch 4\n>chat \u2606Draco09876|glhf\n>p1 move toxic\n>p2 move toxic\n>p1 switch 2\n>p2 move wish\n>p1 move spikes\n>p2 switch 5\n>chat \u2606Tryinthisshit|hf\n>p1 switch 5\n>p2 move heatwave\n>p1 move darkpulse\n>p2 switch 4\n>p1 move uturn\n>p2 move leechseed\n>p1 switch 5\n>p1 switch 2\n>p2 move rapidspin\n>p1 switch 5\n>p2 switch 5\n>p1 move uturn\n>p2 move toxic\n>p1 switch 2\n>p1 switch 2\n>p2 switch 5\n>p1 move darkpulse\n>p2 move leechseed\n>p1 move darkpulse\n>p2 move leechseed\n>p1 move uturn\n>p2 move sleeppowder\n>p1 switch 3\n>p1 switch 6\n>p2 move leechseed\n>p1 move psychic\n>p2 switch 3\n>p1 switch 6\n>p2 move uturn\n>p2 switch 6\n>p1 switch 5\n>p2 move calmmind\n>p1 move toxic\n>p2 switch 5\n>p1 move dracometeor\n>p2 move scald\n>p1 switch 5\n>p2 move protect\n>p2 switch 5\n>p1 switch 5\n>p2 move mysticalfire\n>p1 switch 2\n>p1 move thunderwave\n>p2 switch 4\n>p1 switch 5\n>p2 move uturn\n>p2 switch 4\n>p1 move ironhead\n>p2 move mysticalfire\n>p1 switch 5\n>p2 move mysticalfire\n>p1 move spikes\n>p2 switch 4\n>p1 move spikes\n>p2 move heatwave\n>p1 switch 3\n>p1 move darkpulse\n>p2 switch 3\n>p1 move darkpulse\n>p2 move rapidspin\n>p2 switch 6\n>p1 move darkpulse\n>p2 move roost\n>p1 move uturn\n>p2 move toxic\n>p1 switch 5\n>p1 move ironhead\n>p2 switch 3\n>p1 switch 5\n>p2 move heatwave\n>p1 move darkpulse\n>p2 switch 3\n>p1 move darkpulse\n>p2 move airslash\n>p1 move dracometeor\n>p2 move airslash\n>p2 switch 4\n>p1 move uturn\n>p2 move calmmind\n>p1 switch 5\n>p1 move shadowsneak\n>p2 move mysticalfire\n>p1 switch 4\n>p1 move quiverdance\n>p2 move mysticalfire dynamax\n>p1 switch 6\n>p1 move psychic dynamax\n>p2 move mysticalfire dynamax\n>p1 move psychic dynamax\n>p2 move mysticalfire dynamax\n>chat \u2606Tryinthisshit|gg \n>chat \u2606Draco09876|alcremie just bodied all of my team\n>chat \u2606Draco09876|had like 4 grass types\n>p1 switch 5\n>chat \u2606Tryinthisshit|Yeah that\u2019s why random is trash lol\n>p1 move darkpulse\n>p2 move dazzlinggleam","uploadtime":1660060509,"views":4,"p1id":"draco09876","p2id":"tryinthisshit","formatid":"gen8randombattle","rating":1586,"private":0,"password":null}