{"id":"gen8randombattle-1517146452","p1":"pisskink420","p2":"Bloody Busybody","format":"gen8randombattle","log":"|j|\u2606pisskink420\n|j|\u2606Bloody Busybody\n|t:|1645627456\n|gametype|singles\n|player|p1|pisskink420|102|1549\n|player|p2|Bloody Busybody|bugcatcher|1582\n|teamsize|p1|6\n|teamsize|p2|6\n|gen|8\n|tier|[Gen 8] Random Battle\n|rated|\n|rule|Species Clause: Limit one of each Pok\u00e9mon\n|rule|HP Percentage Mod: HP is shown in percentages\n|rule|Sleep Clause Mod: Limit one foe put to sleep\n|\n|t:|1645627456\n|start\n|switch|p1a: Turtonator|Turtonator, L84, M|238\/238\n|switch|p2a: Rapidash|Rapidash-Galar, L84, F|246\/246\n|turn|1\n|inactive|Battle timer is ON: inactive players will automatically lose when time's up. (requested by pisskink420)\n|c|\u2606pisskink420|smexy\n|\n|t:|1645627478\n|switch|p1a: Corviknight|Corviknight, L78, M|281\/281\n|-ability|p1a: Corviknight|Pressure\n|move|p2a: Rapidash|Swords Dance|p2a: Rapidash\n|-boost|p2a: Rapidash|atk|2\n|\n|upkeep\n|turn|2\n|\n|t:|1645627487\n|switch|p2a: Rotom|Rotom-Fan, L84|221\/221\n|move|p1a: Corviknight|Brave Bird|p2a: Rotom\n|-resisted|p2a: Rotom\n|-damage|p2a: Rotom|176\/221\n|-damage|p1a: Corviknight|266\/281|[from] Recoil\n|\n|-heal|p1a: Corviknight|281\/281|[from] item: Leftovers\n|upkeep\n|turn|3\n|\n|t:|1645627496\n|switch|p2a: Dracovish|Dracovish, L80|275\/275\n|switch|p1a: Turtonator|Turtonator, L84, M|238\/238\n|\n|upkeep\n|turn|4\n|c|\u2606pisskink420|pokemomn fucking uscks\n|c|\u2606Bloody Busybody|nah I like it\n|inactive|pisskink420 has 120 seconds left.\n|c|\u2606Bloody Busybody|that's why I am playing right now, instead of doing other things\n|\n|t:|1645627533\n|move|p2a: Dracovish|Fishious Rend|p1a: Turtonator\n|-damage|p1a: Turtonator|0 fnt\n|faint|p1a: Turtonator\n|\n|upkeep\n|n|\u2606pisskink420|pisskink420\n|\n|t:|1645627561\n|switch|p1a: Glastrier|Glastrier, L82|233\/233\n|turn|5\n|\n|t:|1645627567\n|move|p1a: Glastrier|Dark Pulse|p2a: Dracovish\n|-damage|p2a: Dracovish|129\/275\n|-damage|p1a: Glastrier|210\/233|[from] item: Life Orb\n|move|p2a: Dracovish|Fishious Rend|p1a: Glastrier\n|-damage|p1a: Glastrier|0 fnt\n|replace|p1a: Zoroark|Zoroark, L82, M\n|-end|p1a: Zoroark|Illusion\n|faint|p1a: Zoroark\n|\n|upkeep\n|\n|t:|1645627576\n|switch|p1a: Togekiss|Togekiss, L80, F|267\/267\n|turn|6\n|\n|t:|1645627583\n|switch|p2a: Rotom|Rotom-Fan, L84|176\/221\n|move|p1a: Togekiss|Air Slash|p2a: Rotom\n|-resisted|p2a: Rotom\n|-damage|p2a: Rotom|139\/221\n|\n|upkeep\n|turn|7\n|\n|t:|1645627589\n|move|p2a: Rotom|Thunderbolt|p1a: Togekiss\n|-supereffective|p1a: Togekiss\n|-damage|p1a: Togekiss|97\/267\n|move|p1a: Togekiss|Nasty Plot|p1a: Togekiss\n|-boost|p1a: Togekiss|spa|2\n|\n|upkeep\n|turn|8\n|\n|t:|1645627592\n|-start|p1a: Togekiss|Dynamax\n|-heal|p1a: Togekiss|194\/534|[silent]\n|move|p2a: Rotom|Thunderbolt|p1a: Togekiss\n|-supereffective|p1a: Togekiss\n|-damage|p1a: Togekiss|32\/534\n|move|p1a: Togekiss|Max Airstream|p2a: Rotom\n|-resisted|p2a: Rotom\n|-damage|p2a: Rotom|13\/221\n|-boost|p1a: Togekiss|spe|1\n|\n|upkeep\n|turn|9\n|\n|t:|1645627596\n|move|p1a: Togekiss|Max Airstream|p2a: Rotom\n|-resisted|p2a: Rotom\n|-damage|p2a: Rotom|0 fnt\n|-boost|p1a: Togekiss|spe|1\n|faint|p2a: Rotom\n|\n|upkeep\n|\n|t:|1645627618\n|switch|p2a: Aerodactyl|Aerodactyl, L82, M|265\/265\n|-ability|p2a: Aerodactyl|Unnerve\n|turn|10\n|\n|t:|1645627624\n|-start|p2a: Aerodactyl|Dynamax\n|-heal|p2a: Aerodactyl|530\/530|[silent]\n|move|p1a: Togekiss|Max Knuckle|p2a: Aerodactyl\n|-damage|p2a: Aerodactyl|368\/530\n|-boost|p1a: Togekiss|atk|1\n|move|p2a: Aerodactyl|Max Airstream|p1a: Togekiss\n|-damage|p1a: Togekiss|0 fnt\n|-boost|p2a: Aerodactyl|spe|1\n|faint|p1a: Togekiss\n|\n|upkeep\n|\n|t:|1645627629\n|switch|p1a: Corviknight|Corviknight, L78, M|281\/281\n|-ability|p1a: Corviknight|Pressure\n|turn|11\n|\n|t:|1645627632\n|move|p2a: Aerodactyl|Max Rockfall|p1a: Corviknight\n|-damage|p1a: Corviknight|154\/281\n|-weather|Sandstorm\n|move|p1a: Corviknight|Roost|p1a: Corviknight\n|-heal|p1a: Corviknight|281\/281\n|-singleturn|p1a: Corviknight|move: Roost\n|\n|-weather|Sandstorm|[upkeep]\n|upkeep\n|turn|12\n|\n|t:|1645627639\n|move|p2a: Aerodactyl|Max Rockfall|p1a: Corviknight\n|-damage|p1a: Corviknight|148\/281\n|move|p1a: Corviknight|Roost|p1a: Corviknight\n|-heal|p1a: Corviknight|281\/281\n|-singleturn|p1a: Corviknight|move: Roost\n|\n|-weather|Sandstorm|[upkeep]\n|-end|p2a: Aerodactyl|Dynamax\n|-heal|p2a: Aerodactyl|184\/265|[silent]\n|upkeep\n|turn|13\n|\n|t:|1645627650\n|move|p2a: Aerodactyl|Hone Claws|p2a: Aerodactyl\n|-boost|p2a: Aerodactyl|atk|1\n|-boost|p2a: Aerodactyl|accuracy|1\n|move|p1a: Corviknight|Body Press|p2a: Aerodactyl\n|-damage|p2a: Aerodactyl|114\/265\n|\n|-weather|Sandstorm|[upkeep]\n|upkeep\n|turn|14\n|\n|t:|1645627655\n|move|p2a: Aerodactyl|Stone Edge|p1a: Corviknight\n|-damage|p1a: Corviknight|127\/281\n|move|p1a: Corviknight|Body Press|p2a: Aerodactyl\n|-damage|p2a: Aerodactyl|44\/265\n|\n|-weather|Sandstorm|[upkeep]\n|-heal|p1a: Corviknight|144\/281|[from] item: Leftovers\n|upkeep\n|turn|15\n|\n|t:|1645627658\n|move|p2a: Aerodactyl|Stone Edge|p1a: Corviknight\n|-crit|p1a: Corviknight\n|-damage|p1a: Corviknight|0 fnt\n|faint|p1a: Corviknight\n|\n|-weather|none\n|upkeep\n|-message|pisskink420 forfeited.\n|\n|win|Bloody Busybody\n|raw|pisskink420's rating: 1549 &rarr; <strong>1531<\/strong><br \/>(-18 for losing)\n|raw|Bloody Busybody's rating: 1582 &rarr; <strong>1600<\/strong><br \/>(+18 for winning)\n","inputlog":">version 4d5d817b4a35226fce30f74a4bf446212f4a1625\n>start {\"formatid\":\"gen8randombattle\",\"seed\":[64646,60504,42231,15244],\"rated\":\"Rated battle\"}\n>player p1 {\"name\":\"pisskink420\",\"avatar\":\"102\",\"rating\":1549,\"seed\":[51219,37073,16166,29863]}\n>player p2 {\"name\":\"Bloody Busybody\",\"avatar\":\"bugcatcher\",\"rating\":1582,\"seed\":[26260,51392,11387,21844]}\n>chat \u2606pisskink420|smexy\n>p1 switch 4\n>p2 move swordsdance\n>p1 move bravebird\n>p2 switch 2\n>p1 switch 4\n>p2 switch 5\n>chat \u2606pisskink420|pokemomn fucking uscks\n>chat \u2606Bloody Busybody|nah I like it\n>chat \u2606Bloody Busybody|that's why I am playing right now, instead of doing other things\n>p1 move shellsmash\n>p2 move fishiousrend\n>p1 switch 5\n>p1 move darkpulse\n>p2 move fishiousrend\n>p1 switch 3\n>p1 move airslash\n>p2 switch 5\n>p1 move nastyplot\n>p2 move thunderbolt\n>p1 move airslash dynamax\n>p2 move thunderbolt\n>p1 move airslash dynamax\n>p2 move thunderbolt\n>p2 switch 6\n>p1 move aurasphere dynamax\n>p2 move dualwingbeat dynamax\n>p1 switch 4\n>p1 move roost\n>p2 move stoneedge dynamax\n>p1 move roost\n>p2 move stoneedge dynamax\n>p1 move bodypress\n>p2 move honeclaws\n>p1 move bodypress\n>p2 move stoneedge\n>p1 move roost\n>p2 move stoneedge\n>forcelose p1","uploadtime":1645627682,"views":6,"p1id":"pisskink420","p2id":"bloodybusybody","formatid":"gen8randombattle","rating":1531,"private":0,"password":null}