{"id":"gen8randombattle-1192815332","p1":"wolfwarrior","p2":"ScicleX","format":"gen8randombattle","log":"|j|\u2606wolfwarrior\n|j|\u2606ScicleX\n|t:|1601014223\n|player|p1|wolfwarrior|170|1457\n|player|p2|ScicleX|102|1468\n|teamsize|p1|6\n|teamsize|p2|6\n|gametype|singles\n|gen|8\n|tier|[Gen 8] Random Battle\n|rated|\n|rule|Species Clause: Limit one of each Pok\u00e9mon\n|rule|HP Percentage Mod: HP is shown in percentages\n|rule|Sleep Clause Mod: Limit one foe put to sleep\n|\n|t:|1601014223\n|start\n|switch|p1a: Gardevoir|Gardevoir, L84, M|251\/251\n|switch|p2a: Gourgeist|Gourgeist-Large, L88, M|275\/275\n|-ability|p1a: Gardevoir|Frisk|[from] ability: Trace|[of] p2a: Gourgeist\n|-item|p2a: Gourgeist|Leftovers|[from] ability: Frisk|[of] p1a: Gardevoir|[identify]\n|-item|p1a: Gardevoir|Leftovers|[from] ability: Frisk|[of] p2a: Gourgeist|[identify]\n|turn|1\n|inactive|Battle timer is ON: inactive players will automatically lose when time's up. (requested by ScicleX)\n|\n|t:|1601014239\n|switch|p1a: Thundurus|Thundurus, L82, M|264\/264\n|move|p2a: Gourgeist|Poltergeist|p1a: Thundurus\n|-activate|p1a: Thundurus|move: Poltergeist|Heavy-Duty Boots\n|-damage|p1a: Thundurus|120\/264\n|\n|upkeep\n|turn|2\n|\n|t:|1601014262\n|switch|p2a: Excadrill|Excadrill, L80, M|307\/307\n|-ability|p2a: Excadrill|Mold Breaker\n|move|p1a: Thundurus|U-turn|p2a: Excadrill\n|-resisted|p2a: Excadrill\n|-damage|p2a: Excadrill|273\/307\n|\n|t:|1601014273\n|switch|p1a: Golurk|Golurk, L84|287\/287\n|\n|upkeep\n|turn|3\n|\n|t:|1601014295\n|switch|p2a: Gourgeist|Gourgeist-Large, L88, M|275\/275\n|-item|p1a: Golurk|Life Orb|[from] ability: Frisk|[of] p2a: Gourgeist|[identify]\n|move|p1a: Golurk|Rock Polish|p1a: Golurk\n|-boost|p1a: Golurk|spe|2\n|\n|upkeep\n|turn|4\n|inactive|ScicleX has 120 seconds left.\n|\n|t:|1601014320\n|-start|p2a: Gourgeist|Dynamax\n|-heal|p2a: Gourgeist|550\/550|[silent]\n|move|p1a: Golurk|Poltergeist|p2a: Gourgeist\n|-activate|p2a: Gourgeist|move: Poltergeist|Leftovers\n|-supereffective|p2a: Gourgeist\n|-damage|p2a: Gourgeist|282\/550\n|-damage|p1a: Golurk|259\/287|[from] item: Life Orb\n|move|p2a: Gourgeist|Max Overgrowth|p1a: Golurk\n|-supereffective|p1a: Golurk\n|-damage|p1a: Golurk|0 fnt\n|-fieldstart|move: Grassy Terrain\n|faint|p1a: Golurk\n|\n|-heal|p2a: Gourgeist|299\/550|[from] item: Leftovers\n|-heal|p2a: Gourgeist|316\/550|[from] Grassy Terrain\n|upkeep\n|\n|t:|1601014332\n|switch|p1a: Cherrim|Cherrim, L88, M|266\/266\n|turn|5\n|\n|t:|1601014343\n|move|p1a: Cherrim|Sunny Day|p1a: Cherrim\n|-weather|SunnyDay\n|-formechange|p1a: Cherrim|Cherrim-Sunshine|[msg]|[from] ability: Flower Gift\n|move|p2a: Gourgeist|Max Phantasm|p1a: Cherrim\n|-crit|p1a: Cherrim\n|-damage|p1a: Cherrim|5\/266\n|-unboost|p1a: Cherrim|def|1\n|\n|-weather|SunnyDay|[upkeep]\n|-heal|p1a: Cherrim|21\/266|[from] Grassy Terrain\n|-heal|p2a: Gourgeist|333\/550|[from] item: Leftovers\n|-heal|p2a: Gourgeist|350\/550|[from] Grassy Terrain\n|upkeep\n|turn|6\n|inactive|ScicleX has 120 seconds left.\n|\n|t:|1601014359\n|move|p2a: Gourgeist|Max Guard|p2a: Gourgeist\n|-singleturn|p2a: Gourgeist|Max Guard\n|move|p1a: Cherrim|Weather Ball|p2a: Gourgeist\n|-activate|p2a: Gourgeist|move: Max Guard\n|\n|-weather|SunnyDay|[upkeep]\n|-heal|p1a: Cherrim|37\/266|[from] Grassy Terrain\n|-heal|p2a: Gourgeist|367\/550|[from] item: Leftovers\n|-heal|p2a: Gourgeist|384\/550|[from] Grassy Terrain\n|-end|p2a: Gourgeist|Dynamax\n|-heal|p2a: Gourgeist|192\/275|[silent]\n|upkeep\n|turn|7\n|inactive|ScicleX has 120 seconds left.\n|\n|t:|1601014377\n|switch|p1a: Toxicroak|Toxicroak, L86, F|283\/283\n|switch|p2a: Goodra|Goodra, L84, F|288\/288\n|\n|-weather|SunnyDay|[upkeep]\n|-damage|p1a: Toxicroak|248\/283|[from] ability: Dry Skin|[of] p1a: Toxicroak\n|-heal|p1a: Toxicroak|265\/283|[from] Grassy Terrain\n|upkeep\n|turn|8\n|inactive|ScicleX has 120 seconds left.\n|\n|t:|1601014397\n|move|p1a: Toxicroak|Swords Dance|p1a: Toxicroak\n|-boost|p1a: Toxicroak|atk|2\n|move|p2a: Goodra|Earthquake|p1a: Toxicroak\n|-supereffective|p1a: Toxicroak\n|-damage|p1a: Toxicroak|181\/283\n|\n|-weather|SunnyDay|[upkeep]\n|-damage|p1a: Toxicroak|146\/283|[from] ability: Dry Skin|[of] p1a: Toxicroak\n|-heal|p1a: Toxicroak|163\/283|[from] Grassy Terrain\n|-fieldend|move: Grassy Terrain\n|upkeep\n|turn|9\n|\n|t:|1601014413\n|move|p1a: Toxicroak|Drain Punch|p2a: Goodra\n|-damage|p2a: Goodra|77\/288\n|-heal|p1a: Toxicroak|269\/283|[from] drain|[of] p2a: Goodra\n|move|p2a: Goodra|Earthquake|p1a: Toxicroak\n|-supereffective|p1a: Toxicroak\n|-damage|p1a: Toxicroak|87\/283\n|\n|-weather|none\n|upkeep\n|turn|10\n|\n|t:|1601014431\n|switch|p2a: Froslass|Froslass, L86, F|261\/261\n|move|p1a: Toxicroak|Drain Punch|p2a: Froslass\n|-immune|p2a: Froslass\n|\n|upkeep\n|turn|11\n|\n|t:|1601014445\n|switch|p1a: Cherrim|Cherrim, L88, M|37\/266\n|move|p2a: Froslass|Poltergeist|p1a: Cherrim\n|-activate|p1a: Cherrim|move: Poltergeist|Life Orb\n|-damage|p1a: Cherrim|0 fnt\n|faint|p1a: Cherrim\n|\n|upkeep\n|\n|t:|1601014454\n|switch|p1a: Thundurus|Thundurus, L82, M|120\/264\n|turn|12\n|\n|t:|1601014460\n|move|p2a: Froslass|Triple Axel|p1a: Thundurus\n|-supereffective|p1a: Thundurus\n|-damage|p1a: Thundurus|72\/264\n|-supereffective|p1a: Thundurus\n|-damage|p1a: Thundurus|0 fnt\n|-hitcount|p1a: Thundurus|2\n|faint|p1a: Thundurus\n|\n|upkeep\n|\n|t:|1601014466\n|switch|p1a: Metagross|Metagross, L82|265\/265\n|turn|13\n|\n|t:|1601014470\n|move|p2a: Froslass|Poltergeist|p1a: Metagross\n|-activate|p1a: Metagross|move: Poltergeist|Choice Band\n|-supereffective|p1a: Metagross\n|-damage|p1a: Metagross|109\/265\n|move|p1a: Metagross|Meteor Mash|p2a: Froslass\n|-supereffective|p2a: Froslass\n|-damage|p2a: Froslass|0 fnt\n|faint|p2a: Froslass\n|\n|upkeep\n|inactive|ScicleX has 120 seconds left.\n|\n|t:|1601014488\n|switch|p2a: Excadrill|Excadrill, L80, M|273\/307\n|-ability|p2a: Excadrill|Mold Breaker\n|turn|14\n|inactive|ScicleX has 120 seconds left.\n|\n|t:|1601014505\n|move|p2a: Excadrill|Rapid Spin|p1a: Metagross\n|-resisted|p1a: Metagross\n|-damage|p1a: Metagross|92\/265\n|-boost|p2a: Excadrill|spe|1\n|move|p1a: Metagross|Meteor Mash|p2a: Excadrill\n|-resisted|p2a: Excadrill\n|-damage|p2a: Excadrill|149\/307\n|\n|upkeep\n|turn|15\n|-message|wolfwarrior forfeited.\n|\n|win|ScicleX\n|l|\u2606wolfwarrior\n|raw|wolfwarrior's rating: 1457 &rarr; <strong>1438<\/strong><br \/>(-19 for losing)\n|raw|ScicleX's rating: 1468 &rarr; <strong>1487<\/strong><br \/>(+19 for winning)\n","inputlog":">version 0d71ec82c3aad7b1916098265c858e9d35c89d2e\n>start {\"formatid\":\"gen8randombattle\",\"seed\":[13137,44968,2932,41157],\"rated\":\"Rated battle\"}\n>player p1 {\"name\":\"wolfwarrior\",\"avatar\":\"170\",\"team\":\"\",\"rating\":1457,\"seed\":[24985,36343,5277,56538]}\n>player p2 {\"name\":\"ScicleX\",\"avatar\":\"102\",\"team\":\"\",\"rating\":1468,\"seed\":[44228,56137,41336,12065]}\n>p1 switch 3\n>p2 move poltergeist\n>p1 move uturn\n>p2 switch 4\n>p1 switch 6\n>p1 move rockpolish\n>p2 switch 4\n>p1 move poltergeist\n>p2 move powerwhip dynamax\n>p1 switch 2\n>p1 move sunnyday\n>p2 move poltergeist dynamax\n>p1 move weatherball\n>p2 move synthesis dynamax\n>p1 switch 4\n>p2 switch 2\n>p1 move swordsdance\n>p2 move earthquake\n>p1 move drainpunch\n>p2 move earthquake\n>p1 move drainpunch\n>p2 switch 3\n>p1 switch 4\n>p2 move poltergeist\n>p1 switch 6\n>p1 move thunderbolt\n>p2 move tripleaxel\n>p1 switch 5\n>p1 move meteormash\n>p2 move poltergeist\n>p2 switch 4\n>p1 move meteormash\n>p2 move rapidspin","uploadtime":1601014518,"views":6,"p1id":"wolfwarrior","p2id":"sciclex","formatid":"gen8randombattle","rating":1438,"private":0,"password":null}