{"id":"gen8randombattle-1684876204","p1":"LoSconosciuto","p2":"FranziskaSkye","format":"gen8randombattle","log":"|j|\u2606LoSconosciuto\n|j|\u2606FranziskaSkye\n|t:|1665679593\n|gametype|singles\n|player|p1|LoSconosciuto|#teamgapdos|\n|player|p2|FranziskaSkye|karen|\n|teamsize|p1|6\n|teamsize|p2|6\n|gen|8\n|tier|[Gen 8] Random Battle\n|rule|Species Clause: Limit one of each Pok\u00e9mon\n|rule|HP Percentage Mod: HP is shown in percentages\n|rule|Sleep Clause Mod: Limit one foe put to sleep\n|\n|t:|1665679593\n|start\n|switch|p1a: Heatmor|Heatmor, L90, M|299\/299\n|switch|p2a: Lunala|Lunala, L72|316\/316\n|turn|1\n|inactive|Battle timer is ON: inactive players will automatically lose when time's up. (requested by LoSconosciuto)\n|c|\u2606LoSconosciuto|hf\n|c|\u2606FranziskaSkye|glhf\n|j| outd nord\n|c|\u2606FranziskaSkye|g4\n|\n|t:|1665679612\n|switch|p2a: Poliwrath|Poliwrath, L84, F|288\/288\n|move|p1a: Heatmor|Fire Lash|p2a: Poliwrath\n|-resisted|p2a: Poliwrath\n|-damage|p2a: Poliwrath|242\/288\n|-unboost|p2a: Poliwrath|def|1\n|\n|upkeep\n|turn|2\n|\n|t:|1665679623\n|switch|p1a: Tapu Bulu|Tapu Bulu, L82|249\/249\n|-fieldstart|move: Grassy Terrain|[from] ability: Grassy Surge|[of] p1a: Tapu Bulu\n|move|p2a: Poliwrath|Rain Dance|p2a: Poliwrath\n|-weather|RainDance\n|\n|-weather|RainDance|[upkeep]\n|-heal|p2a: Poliwrath|260\/288|[from] Grassy Terrain\n|upkeep\n|turn|3\n|c|\u2606FranziskaSkye|its back\n|c|\u2606FranziskaSkye|damn\n|\n|t:|1665679632\n|switch|p2a: Registeel|Registeel, L83|268\/268\n|move|p1a: Tapu Bulu|Swords Dance|p1a: Tapu Bulu\n|-boost|p1a: Tapu Bulu|atk|2\n|\n|-weather|RainDance|[upkeep]\n|upkeep\n|turn|4\n|\n|t:|1665679651\n|move|p1a: Tapu Bulu|Close Combat|p2a: Registeel\n|-supereffective|p2a: Registeel\n|-damage|p2a: Registeel|0 fnt\n|-unboost|p1a: Tapu Bulu|def|1\n|-unboost|p1a: Tapu Bulu|spd|1\n|faint|p2a: Registeel\n|-damage|p1a: Tapu Bulu|225\/249|[from] item: Life Orb\n|\n|-weather|RainDance|[upkeep]\n|-heal|p1a: Tapu Bulu|240\/249|[from] Grassy Terrain\n|upkeep\n|\n|t:|1665679654\n|switch|p2a: Rotom|Rotom-Fan, L84|221\/221\n|turn|5\n|\n|t:|1665679679\n|switch|p1a: Salazzle|Salazzle, L82, F, shiny|246\/246\n|move|p2a: Rotom|Nasty Plot|p2a: Rotom\n|-boost|p2a: Rotom|spa|2\n|\n|-weather|RainDance|[upkeep]\n|upkeep\n|turn|6\n|c|\u2606LoSconosciuto|shiny\n|\n|t:|1665679702\n|move|p1a: Salazzle|Toxic|p2a: Rotom\n|-status|p2a: Rotom|tox\n|move|p2a: Rotom|Thunderbolt|p1a: Salazzle\n|-damage|p1a: Salazzle|0 fnt\n|faint|p1a: Salazzle\n|\n|-weather|none\n|-damage|p2a: Rotom|208\/221 tox|[from] psn\n|-fieldend|move: Grassy Terrain\n|upkeep\n|\n|t:|1665679712\n|switch|p1a: Toxtricity|Toxtricity, L82, F|257\/257\n|turn|7\n|c| outd nord|Noo my waifu\n|c|\u2606FranziskaSkye|mate\n|c|\u2606FranziskaSkye|that is a lizard\n|c|\u2606LoSconosciuto|lol\n|\n|t:|1665679736\n|switch|p2a: Poliwrath|Poliwrath, L84, F|260\/288\n|move|p1a: Toxtricity|Overdrive|p2a: Poliwrath\n|-supereffective|p2a: Poliwrath\n|-damage|p2a: Poliwrath|30\/288\n|-enditem|p1a: Toxtricity|Throat Spray\n|-boost|p1a: Toxtricity|spa|1|[from] item: Throat Spray\n|\n|upkeep\n|turn|8\n|\n|t:|1665679755\n|switch|p1a: Tapu Bulu|Tapu Bulu, L82|240\/249\n|-fieldstart|move: Grassy Terrain|[from] ability: Grassy Surge|[of] p1a: Tapu Bulu\n|move|p2a: Poliwrath|Rain Dance|p2a: Poliwrath\n|-weather|RainDance\n|\n|-weather|RainDance|[upkeep]\n|-heal|p2a: Poliwrath|48\/288|[from] Grassy Terrain\n|-heal|p1a: Tapu Bulu|249\/249|[from] Grassy Terrain\n|upkeep\n|turn|9\n|\n|t:|1665679765\n|move|p2a: Poliwrath|Liquidation|p1a: Tapu Bulu\n|-resisted|p1a: Tapu Bulu\n|-damage|p1a: Tapu Bulu|171\/249\n|-damage|p2a: Poliwrath|20\/288|[from] item: Life Orb\n|move|p1a: Tapu Bulu|Horn Leech|p2a: Poliwrath\n|-supereffective|p2a: Poliwrath\n|-damage|p2a: Poliwrath|0 fnt\n|-heal|p1a: Tapu Bulu|181\/249|[from] drain|[of] p2a: Poliwrath\n|faint|p2a: Poliwrath\n|-damage|p1a: Tapu Bulu|157\/249|[from] item: Life Orb\n|\n|-weather|RainDance|[upkeep]\n|-heal|p1a: Tapu Bulu|172\/249|[from] Grassy Terrain\n|upkeep\n|\n|t:|1665679778\n|switch|p2a: Rotom|Rotom-Fan, L84|208\/221 tox\n|turn|10\n|\n|t:|1665679783\n|switch|p1a: Toxtricity|Toxtricity, L82, F|257\/257\n|move|p2a: Rotom|Will-O-Wisp|p1a: Toxtricity\n|-status|p1a: Toxtricity|brn\n|\n|-weather|RainDance|[upkeep]\n|-damage|p2a: Rotom|195\/221 tox|[from] psn\n|-damage|p1a: Toxtricity|241\/257 brn|[from] brn\n|upkeep\n|turn|11\n|\n|t:|1665679794\n|switch|p2a: Regirock|Regirock, L85|275\/275\n|move|p1a: Toxtricity|Overdrive|p2a: Regirock\n|-damage|p2a: Regirock|160\/275\n|\n|-weather|RainDance|[upkeep]\n|-heal|p1a: Toxtricity|257\/257 brn|[from] Grassy Terrain\n|-heal|p2a: Regirock|177\/275|[from] Grassy Terrain\n|-damage|p1a: Toxtricity|241\/257 brn|[from] brn\n|upkeep\n|turn|12\n|j| teres bahji\n|\n|t:|1665679809\n|switch|p1a: Appletun|Appletun, L90, F|344\/344\n|move|p2a: Regirock|Earthquake|p1a: Appletun\n|-resisted|p1a: Appletun\n|-damage|p1a: Appletun|323\/344\n|\n|-weather|none\n|-heal|p2a: Regirock|194\/275|[from] Grassy Terrain\n|-heal|p1a: Appletun|344\/344|[from] Grassy Terrain\n|-fieldend|move: Grassy Terrain\n|upkeep\n|turn|13\n|c| outd nord|In\n|\n|t:|1665679817\n|switch|p2a: Araquanid|Araquanid, L80, M|240\/240\n|move|p1a: Appletun|Leech Seed|p2a: Araquanid\n|-start|p2a: Araquanid|move: Leech Seed\n|\n|-damage|p2a: Araquanid|210\/240|[from] Leech Seed|[of] p1a: Appletun\n|upkeep\n|turn|14\n|c| teres bahji|score ?\n|c|\u2606FranziskaSkye|2-1 to Lo\n|c| outd nord|2-1 losco\n|\n|t:|1665679842\n|switch|p1a: Tapu Bulu|Tapu Bulu, L82|172\/249\n|-fieldstart|move: Grassy Terrain|[from] ability: Grassy Surge|[of] p1a: Tapu Bulu\n|move|p2a: Araquanid|Sticky Web|p1a: Tapu Bulu\n|-sidestart|p1: LoSconosciuto|move: Sticky Web\n|\n|-heal|p1a: Tapu Bulu|187\/249|[from] Grassy Terrain\n|-heal|p2a: Araquanid|225\/240|[from] Grassy Terrain\n|-damage|p2a: Araquanid|195\/240|[from] Leech Seed|[of] p1a: Tapu Bulu\n|-heal|p1a: Tapu Bulu|217\/249|[silent]\n|upkeep\n|turn|15\n|\n|t:|1665679850\n|switch|p2a: Regirock|Regirock, L85|194\/275\n|move|p1a: Tapu Bulu|Swords Dance|p1a: Tapu Bulu\n|-boost|p1a: Tapu Bulu|atk|2\n|\n|-heal|p1a: Tapu Bulu|232\/249|[from] Grassy Terrain\n|-heal|p2a: Regirock|211\/275|[from] Grassy Terrain\n|upkeep\n|turn|16\n|\n|t:|1665679853\n|move|p1a: Tapu Bulu|Horn Leech|p2a: Regirock\n|-supereffective|p2a: Regirock\n|-damage|p2a: Regirock|0 fnt\n|-heal|p1a: Tapu Bulu|249\/249|[from] drain|[of] p2a: Regirock\n|faint|p2a: Regirock\n|-damage|p1a: Tapu Bulu|225\/249|[from] item: Life Orb\n|\n|-heal|p1a: Tapu Bulu|240\/249|[from] Grassy Terrain\n|upkeep\n|\n|t:|1665679859\n|switch|p2a: Rotom|Rotom-Fan, L84|195\/221 tox\n|turn|17\n|\n|t:|1665679885\n|-start|p1a: Tapu Bulu|Dynamax|\n|-heal|p1a: Tapu Bulu|480\/498|[silent]\n|move|p2a: Rotom|Will-O-Wisp|p1a: Tapu Bulu\n|-status|p1a: Tapu Bulu|brn\n|move|p1a: Tapu Bulu|Max Overgrowth|p2a: Rotom\n|-resisted|p2a: Rotom\n|-damage|p2a: Rotom|74\/221 tox\n|-damage|p1a: Tapu Bulu|456\/498 brn|[from] item: Life Orb\n|\n|-heal|p1a: Tapu Bulu|471\/498 brn|[from] Grassy Terrain\n|-damage|p2a: Rotom|61\/221 tox|[from] psn\n|-damage|p1a: Tapu Bulu|456\/498 brn|[from] brn\n|upkeep\n|turn|18\n|\n|t:|1665679897\n|move|p2a: Rotom|Air Slash|p1a: Tapu Bulu\n|-supereffective|p1a: Tapu Bulu\n|-damage|p1a: Tapu Bulu|292\/498 brn\n|move|p1a: Tapu Bulu|Max Overgrowth|p2a: Rotom\n|-resisted|p2a: Rotom\n|-damage|p2a: Rotom|0 fnt\n|faint|p2a: Rotom\n|-damage|p1a: Tapu Bulu|268\/498 brn|[from] item: Life Orb\n|\n|-heal|p1a: Tapu Bulu|283\/498 brn|[from] Grassy Terrain\n|-damage|p1a: Tapu Bulu|268\/498 brn|[from] brn\n|-fieldend|move: Grassy Terrain\n|upkeep\n|\n|t:|1665679902\n|switch|p2a: Lunala|Lunala, L72|316\/316\n|turn|19\n|\n|t:|1665679907\n|move|p2a: Lunala|Calm Mind|p2a: Lunala\n|-boost|p2a: Lunala|spa|1\n|-boost|p2a: Lunala|spd|1\n|move|p1a: Tapu Bulu|Max Overgrowth|p2a: Lunala\n|-damage|p2a: Lunala|191\/316\n|-fieldstart|move: Grassy Terrain\n|-damage|p1a: Tapu Bulu|244\/498 brn|[from] item: Life Orb\n|\n|-heal|p2a: Lunala|210\/316|[from] Grassy Terrain\n|-heal|p2a: Lunala|229\/316|[from] item: Leftovers\n|-heal|p1a: Tapu Bulu|259\/498 brn|[from] Grassy Terrain\n|-damage|p1a: Tapu Bulu|244\/498 brn|[from] brn\n|upkeep\n|-end|p1a: Tapu Bulu|Dynamax\n|-heal|p1a: Tapu Bulu|122\/249 brn|[silent]\n|turn|20\n|c| teres bahji|in\n|\n|t:|1665679918\n|switch|p1a: Appletun|Appletun, L90, F|344\/344\n|-activate|p1a: Appletun|move: Sticky Web\n|-unboost|p1a: Appletun|spe|1\n|move|p2a: Lunala|Moongeist Beam|p1a: Appletun\n|-damage|p1a: Appletun|188\/344\n|\n|-heal|p2a: Lunala|248\/316|[from] Grassy Terrain\n|-heal|p2a: Lunala|267\/316|[from] item: Leftovers\n|-heal|p1a: Appletun|209\/344|[from] Grassy Terrain\n|-heal|p1a: Appletun|230\/344|[from] item: Leftovers\n|upkeep\n|turn|21\n|\n|t:|1665679928\n|switch|p2a: Araquanid|Araquanid, L80, M|195\/240\n|move|p1a: Appletun|Leech Seed|p2a: Araquanid\n|-start|p2a: Araquanid|move: Leech Seed\n|\n|-heal|p2a: Araquanid|210\/240|[from] Grassy Terrain\n|-heal|p1a: Appletun|251\/344|[from] Grassy Terrain\n|-heal|p1a: Appletun|272\/344|[from] item: Leftovers\n|-damage|p2a: Araquanid|180\/240|[from] Leech Seed|[of] p1a: Appletun\n|-heal|p1a: Appletun|302\/344|[silent]\n|upkeep\n|turn|22\n|inactive|LoSconosciuto has 270 seconds left.\n|\n|t:|1665679961\n|switch|p1a: Poliwrath|Poliwrath, L84, F|288\/288\n|-activate|p1a: Poliwrath|move: Sticky Web\n|-unboost|p1a: Poliwrath|spe|1\n|move|p2a: Araquanid|Liquidation|p1a: Poliwrath\n|-resisted|p1a: Poliwrath\n|-damage|p1a: Poliwrath|230\/288\n|-unboost|p1a: Poliwrath|def|1\n|\n|-heal|p2a: Araquanid|195\/240|[from] Grassy Terrain\n|-heal|p1a: Poliwrath|248\/288|[from] Grassy Terrain\n|-damage|p2a: Araquanid|165\/240|[from] Leech Seed|[of] p1a: Poliwrath\n|-heal|p1a: Poliwrath|278\/288|[silent]\n|upkeep\n|turn|23\n|c|\u2606FranziskaSkye|damn\n|c|\u2606FranziskaSkye|he betrayed me\n|inactive|LoSconosciuto has 270 seconds left.\n|c|\u2606FranziskaSkye|poliwrath how could oyu\n|\n|t:|1665679978\n|move|p2a: Araquanid|Toxic|p1a: Poliwrath\n|-status|p1a: Poliwrath|tox\n|move|p1a: Poliwrath|Rain Dance|p1a: Poliwrath\n|-weather|RainDance\n|\n|-weather|RainDance|[upkeep]\n|-heal|p1a: Poliwrath|288\/288 tox|[from] Grassy Terrain\n|-heal|p2a: Araquanid|180\/240|[from] Grassy Terrain\n|-damage|p2a: Araquanid|150\/240|[from] Leech Seed|[of] p1a: Poliwrath\n|-damage|p1a: Poliwrath|270\/288 tox|[from] psn\n|-fieldend|move: Grassy Terrain\n|upkeep\n|turn|24\n|\n|t:|1665679982\n|move|p1a: Poliwrath|Liquidation|p2a: Araquanid\n|-resisted|p2a: Araquanid\n|-damage|p2a: Araquanid|64\/240\n|-damage|p1a: Poliwrath|242\/288 tox|[from] item: Life Orb\n|move|p2a: Araquanid|Leech Life|p1a: Poliwrath\n|-resisted|p1a: Poliwrath\n|-damage|p1a: Poliwrath|200\/288 tox\n|-heal|p2a: Araquanid|85\/240|[from] drain|[of] p1a: Poliwrath\n|\n|-weather|RainDance|[upkeep]\n|-damage|p2a: Araquanid|55\/240|[from] Leech Seed|[of] p1a: Poliwrath\n|-heal|p1a: Poliwrath|230\/288 tox|[silent]\n|-damage|p1a: Poliwrath|194\/288 tox|[from] psn\n|upkeep\n|turn|25\n|\n|t:|1665679985\n|move|p1a: Poliwrath|Liquidation|p2a: Araquanid\n|-resisted|p2a: Araquanid\n|-damage|p2a: Araquanid|0 fnt\n|faint|p2a: Araquanid\n|-damage|p1a: Poliwrath|166\/288 tox|[from] item: Life Orb\n|\n|-weather|RainDance|[upkeep]\n|-damage|p1a: Poliwrath|112\/288 tox|[from] psn\n|upkeep\n|\n|t:|1665679987\n|switch|p2a: Lunala|Lunala, L72|267\/316\n|turn|26\n|\n|t:|1665679991\n|move|p1a: Poliwrath|Darkest Lariat|p2a: Lunala\n|-supereffective|p2a: Lunala\n|-damage|p2a: Lunala|0 fnt\n|faint|p2a: Lunala\n|-damage|p1a: Poliwrath|84\/288 tox|[from] item: Life Orb\n|\n|win|LoSconosciuto\n|c|\u2606FranziskaSkye|gg\n|c|\u2606LoSconosciuto|ggs\n|c|\u2606FranziskaSkye|shit player with shit matchups, thats me\n|l|\u2606FranziskaSkye\n|c| teres bahji|Lol\n|c|\u2606LoSconosciuto|lol\n|c| teres bahji|bro\n|c| outd nord|Me too\n|c| teres bahji|u had dynamax\n|c|\u2606LoSconosciuto|good player with good matchups that's me\n|c| teres bahji|literally after lunana\n|c| teres bahji|with calm mind\n|c| teres bahji|was game over\n|c| teres bahji|Lol\n|c|\u2606LoSconosciuto|i had\n|c|\u2606LoSconosciuto|sucker punch\n|c|\u2606LoSconosciuto|and leech seed\n|c|\u2606LoSconosciuto|no way he could win\n|c| teres bahji|???\n|c| teres bahji|he could\n|j|\u2606FranziskaSkye\n|player|p2|FranziskaSkye|karen\n|c| teres bahji|he still had dyna bro\n|c|\u2606FranziskaSkye|he\n|c|\u2606FranziskaSkye|lmao\n|c| teres bahji|and with max mind\n|c|\u2606LoSconosciuto|ok i stall dmax\n|c|\u2606FranziskaSkye|don't misgender me mate\n|c|\u2606FranziskaSkye|bye bye\n|c|\u2606FranziskaSkye|just take teh w and leave me alone\n|l|\u2606FranziskaSkye\n|player|p2|\n|c| teres bahji|LOL\n|c|\u2606LoSconosciuto|wtf\n|c| outd nord|Lol\n|c| teres bahji|im just analyzing\n|c| teres bahji|the game wtf\n|c|\u2606LoSconosciuto|btw teres\n|c| teres bahji|?\n|c|\u2606LoSconosciuto|they dmax\n|c|\u2606LoSconosciuto|i go appletun i click leech seed\n|c| teres bahji|??\n|c|\u2606LoSconosciuto|i wait terrain to end\n|c| teres bahji|u didnt see\n|c|\u2606LoSconosciuto|then i have free sucker punch\n|c| teres bahji|moongeist\n|c| teres bahji|did 45\n|c|\u2606LoSconosciuto|so?\n|c| teres bahji|with dyna was\n|c|\u2606LoSconosciuto|it was 45 +1 moongeist\n|c| teres bahji|guaranteed\n|c| teres bahji|a kill\n|c|\u2606LoSconosciuto|lol\n|c|\u2606LoSconosciuto|no\n|c| teres bahji|if he had moonblast\n|c|\u2606LoSconosciuto|if they dmax here it's +0 lunala\n|c| teres bahji|no\n|c| teres bahji|i mean when it had +1\n|c| teres bahji|???\n|c| teres bahji|how doesnt that kill\n|c|\u2606LoSconosciuto|you are drunk mate\n|c| teres bahji|lunana +1 calm mind\n|c| teres bahji|did 45 to appel\n|c|\u2606LoSconosciuto|so?\n|c| teres bahji|and u had around 40s of hp\n|c| teres bahji|with appel\n|c| teres bahji|how does dyna doesnt kill\n|c| outd nord|Turn?\n|c|\u2606LoSconosciuto|i was at 67% hp\n|c|\u2606LoSconosciuto|after that moongeist\n|c|\u2606LoSconosciuto|cause leech seed\n|c| teres bahji|no\n|c|\u2606LoSconosciuto|yes\n|c|\u2606LoSconosciuto|turn 21\n|c| teres bahji|it is cuz he switched\n|c|\u2606LoSconosciuto|lol\n|c| teres bahji|if he didnt switch and used dyna on that turn\n|c|\u2606LoSconosciuto|you are drunk bro\n|c| teres bahji|it would have killed apple lol\n|c|\u2606LoSconosciuto|no\n|c|\u2606LoSconosciuto|i was 67\n|c|\u2606LoSconosciuto|oh wait\n|c|\u2606LoSconosciuto|you are right\n|c|\u2606LoSconosciuto|lmao\n|c| teres bahji|LOL\n|c|\u2606LoSconosciuto|i'm drunk\n|c|\u2606LoSconosciuto|i guess\n|c|\u2606LoSconosciuto|yeah dmax was the play\n|c|\u2606LoSconosciuto|but i could win\n|c| teres bahji|if moongeist\n|c| teres bahji|did 45\n|c| teres bahji|and u had around 40s\n|c| teres bahji|i cant understand how does that doesnt kill\n|c|\u2606LoSconosciuto|+1 Lvl 72 84 SpA Lunala Max Phantasm vs. Lvl 90 84 HP \/ 84 SpD Appletun: 184-217 (53.4 - 63%) -- guaranteed 2HKO after Leftovers recovery\n|c| teres bahji|with dyna is guaranteed\n|c|\u2606LoSconosciuto|i had 67\n|c| teres bahji|thats what im saying\n|c| teres bahji|no\n|c|\u2606LoSconosciuto|yes\n|c|\u2606LoSconosciuto|bro\n|c| outd nord|Non uccideva\n|c| teres bahji|it was after leech seed\n|c|\u2606LoSconosciuto|no\n|c|\u2606LoSconosciuto|before leech seed i was 67\n|c|\u2606LoSconosciuto|there was terrain + lefties\n|l| teres bahji\n|j| teres bahji\n|c| teres bahji|i mean\n|c| teres bahji|how do u know\n|c|\u2606LoSconosciuto|whut\n|c| outd nord|Calcate 2 mindstorm\n|c| teres bahji|he doesnt have moon blast\n|c| teres bahji|?\n|c|\u2606LoSconosciuto|oh\n|c|\u2606LoSconosciuto|yeah\n|c|\u2606LoSconosciuto|he could be moonblast\n|c| outd nord|Non penso\n|c|\u2606LoSconosciuto|in that case i just won with heatmor\n|c|\u2606LoSconosciuto|if no mindstorm\n|c| teres bahji|not really\n|c| teres bahji|if he wasnt toost\n|c|\u2606LoSconosciuto|i have bulu\n|c|\u2606LoSconosciuto|to remove psychic terrain\n|c| outd nord|A vero\n|c| teres bahji|still\n|c| teres bahji|without\n","inputlog":">version ee3903879dd92fa0a0bba6303065983b970e844a\n>start {\"formatid\":\"gen8randombattle\",\"seed\":[42567,39068,18549,56392]}\n>player p1 {\"name\":\"LoSconosciuto\",\"avatar\":\"#teamgapdos\",\"rating\":0,\"seed\":[60540,13872,9924,34952]}\n>player p2 {\"name\":\"FranziskaSkye\",\"avatar\":\"karen\",\"rating\":0,\"seed\":[26766,37918,60038,1275]}\n>chat \u2606LoSconosciuto|hf\n>chat \u2606FranziskaSkye|glhf\n>chat \u2606FranziskaSkye|g4\n>p1 move firelash\n>p2 switch 4\n>p1 switch 2\n>p2 move raindance\n>chat \u2606FranziskaSkye|its back\n>chat \u2606FranziskaSkye|damn\n>p1 move swordsdance\n>p2 switch 3\n>p1 move closecombat\n>p2 move ironhead\n>p2 switch 2\n>p1 switch 6\n>p2 move nastyplot\n>chat \u2606LoSconosciuto|shiny\n>p1 move toxic\n>p2 move thunderbolt\n>p1 switch 4\n>chat  outd nord|Noo my waifu\n>chat \u2606FranziskaSkye|mate\n>chat \u2606FranziskaSkye|that is a lizard\n>chat \u2606LoSconosciuto|lol\n>p1 move overdrive\n>p2 switch 3\n>p1 switch 6\n>p2 move raindance\n>p1 move hornleech\n>p2 move liquidation\n>p2 switch 3\n>p1 switch 6\n>p2 move willowisp\n>p1 move overdrive\n>p2 switch 6\n>p1 switch 5\n>p2 move earthquake\n>chat  outd nord|In\n>p1 move leechseed\n>p2 switch 5\n>chat  teres bahji|score ?\n>chat \u2606FranziskaSkye|2-1 to Lo\n>chat  outd nord|2-1 losco\n>p1 switch 6\n>p2 move stickyweb\n>p1 move swordsdance\n>p2 switch 5\n>p1 move hornleech\n>p2 move rockslide\n>p2 switch 6\n>p1 move hornleech dynamax\n>p2 move willowisp\n>p1 move hornleech dynamax\n>p2 move airslash\n>p2 switch 4\n>p1 move hornleech dynamax\n>p2 move calmmind\n>chat  teres bahji|in\n>p1 switch 6\n>p2 move moongeistbeam\n>p1 move leechseed\n>p2 switch 5\n>p1 switch 3\n>p2 move liquidation\n>chat \u2606FranziskaSkye|damn\n>chat \u2606FranziskaSkye|he betrayed me\n>chat \u2606FranziskaSkye|poliwrath how could oyu\n>p1 move raindance\n>p2 move toxic\n>p1 move liquidation\n>p2 move leechlife\n>p1 move liquidation\n>p2 move leechlife\n>p2 switch 5\n>p1 move darkestlariat\n>p2 move psyshock","uploadtime":1665680001,"views":135,"p1id":"losconosciuto","p2id":"franziskaskye","formatid":"gen8randombattle","rating":0,"private":0,"password":null}