{"id":"gen8randombattle-1650092168","p1":"Tawny Mauve","p2":"AlphaTherai","format":"gen8randombattle","log":"|j|\u2606Tawny Mauve\n|j|\u2606AlphaTherai\n|t:|1661670778\n|gametype|singles\n|player|p1|Tawny Mauve|lucas|\n|player|p2|AlphaTherai|2|\n|teamsize|p1|6\n|teamsize|p2|6\n|gen|8\n|tier|[Gen 8] Random Battle\n|rule|Species Clause: Limit one of each Pok\u00e9mon\n|rule|HP Percentage Mod: HP is shown in percentages\n|rule|Sleep Clause Mod: Limit one foe put to sleep\n|\n|t:|1661670778\n|start\n|switch|p1a: Weezing|Weezing-Galar, L86, F|252\/252\n|switch|p2a: Starmie|Starmie, L84|238\/238\n|-ability|p1a: Weezing|Neutralizing Gas\n|turn|1\n|c|\u2606Tawny Mauve|amazing lead on your end\n|\n|t:|1661670795\n|switch|p2a: Steelix|Steelix, L84, M|263\/263\n|move|p1a: Weezing|Sludge Bomb|p2a: Steelix\n|-immune|p2a: Steelix\n|\n|upkeep\n|turn|2\n|\n|t:|1661670801\n|move|p1a: Weezing|Will-O-Wisp|p2a: Steelix\n|-status|p2a: Steelix|brn\n|move|p2a: Steelix|Dragon Dance|p2a: Steelix\n|-boost|p2a: Steelix|atk|1\n|-boost|p2a: Steelix|spe|1\n|\n|-damage|p2a: Steelix|247\/263 brn|[from] brn\n|upkeep\n|turn|3\n|\n|t:|1661670805\n|-end|p1a: Weezing|ability: Neutralizing Gas\n|switch|p1a: Sirfetch\u2019d|Sirfetch\u2019d, L82, F|236\/236\n|move|p2a: Steelix|Dragon Dance|p2a: Steelix\n|-boost|p2a: Steelix|atk|1\n|-boost|p2a: Steelix|spe|1\n|\n|-heal|p2a: Steelix|263\/263 brn|[from] item: Leftovers\n|-damage|p2a: Steelix|247\/263 brn|[from] brn\n|upkeep\n|turn|4\n|\n|t:|1661670815\n|-start|p1a: Sirfetch\u2019d|Dynamax|\n|-heal|p1a: Sirfetch\u2019d|472\/472|[silent]\n|move|p2a: Steelix|Dragon Dance|p2a: Steelix\n|-boost|p2a: Steelix|atk|1\n|-boost|p2a: Steelix|spe|1\n|move|p1a: Sirfetch\u2019d|Max Knuckle|p2a: Steelix\n|-supereffective|p2a: Steelix\n|-damage|p2a: Steelix|73\/263 brn\n|-boost|p1a: Sirfetch\u2019d|atk|1\n|-damage|p1a: Sirfetch\u2019d|449\/472|[from] item: Life Orb\n|\n|-heal|p2a: Steelix|89\/263 brn|[from] item: Leftovers\n|-damage|p2a: Steelix|73\/263 brn|[from] brn\n|upkeep\n|turn|5\n|\n|t:|1661670823\n|move|p2a: Steelix|Dragon Dance|p2a: Steelix\n|-boost|p2a: Steelix|atk|1\n|-boost|p2a: Steelix|spe|1\n|move|p1a: Sirfetch\u2019d|Max Airstream|p2a: Steelix\n|-resisted|p2a: Steelix\n|-crit|p2a: Steelix\n|-damage|p2a: Steelix|0 fnt\n|-boost|p1a: Sirfetch\u2019d|spe|1\n|faint|p2a: Steelix\n|-damage|p1a: Sirfetch\u2019d|426\/472|[from] item: Life Orb\n|\n|upkeep\n|\n|t:|1661670827\n|switch|p2a: Butterfree|Butterfree, L87, M|246\/246\n|turn|6\n|\n|t:|1661670832\n|move|p1a: Sirfetch\u2019d|Max Airstream|p2a: Butterfree\n|-supereffective|p2a: Butterfree\n|-damage|p2a: Butterfree|0 fnt\n|-boost|p1a: Sirfetch\u2019d|spe|1\n|faint|p2a: Butterfree\n|-damage|p1a: Sirfetch\u2019d|403\/472|[from] item: Life Orb\n|\n|upkeep\n|\n|t:|1661670836\n|switch|p2a: Togedemaru|Togedemaru, L86, F|252\/252\n|-end|p1a: Sirfetch\u2019d|Dynamax\n|-heal|p1a: Sirfetch\u2019d|202\/236|[silent]\n|turn|7\n|\n|t:|1661670840\n|move|p2a: Togedemaru|Spiky Shield|p2a: Togedemaru\n|-singleturn|p2a: Togedemaru|move: Protect\n|move|p1a: Sirfetch\u2019d|Swords Dance|p1a: Sirfetch\u2019d\n|-boost|p1a: Sirfetch\u2019d|atk|2\n|\n|upkeep\n|turn|8\n|\n|t:|1661670845\n|move|p1a: Sirfetch\u2019d|Knock Off|p2a: Togedemaru\n|-damage|p2a: Togedemaru|0 fnt\n|-enditem|p2a: Togedemaru|Leftovers|[from] move: Knock Off|[of] p1a: Sirfetch\u2019d\n|faint|p2a: Togedemaru\n|-damage|p1a: Sirfetch\u2019d|179\/236|[from] item: Life Orb\n|\n|upkeep\n|\n|t:|1661670848\n|switch|p2a: Accelgor|Accelgor, L86, M|278\/278\n|turn|9\n|\n|t:|1661670852\n|move|p1a: Sirfetch\u2019d|Knock Off|p2a: Accelgor\n|-damage|p2a: Accelgor|0 fnt\n|-enditem|p2a: Accelgor|Heavy-Duty Boots|[from] move: Knock Off|[of] p1a: Sirfetch\u2019d\n|faint|p2a: Accelgor\n|-damage|p1a: Sirfetch\u2019d|156\/236|[from] item: Life Orb\n|\n|upkeep\n|\n|t:|1661670854\n|switch|p2a: Primarina|Primarina, L82, F|265\/265\n|turn|10\n|\n|t:|1661670857\n|move|p1a: Sirfetch\u2019d|Brave Bird|p2a: Primarina\n|-damage|p2a: Primarina|0 fnt\n|faint|p2a: Primarina\n|-damage|p1a: Sirfetch\u2019d|69\/236|[from] Recoil\n|-damage|p1a: Sirfetch\u2019d|46\/236|[from] item: Life Orb\n|\n|upkeep\n|\n|t:|1661670859\n|switch|p2a: Starmie|Starmie, L84|238\/238\n|turn|11\n|\n|t:|1661670861\n|move|p1a: Sirfetch\u2019d|Knock Off|p2a: Starmie\n|-supereffective|p2a: Starmie\n|-damage|p2a: Starmie|0 fnt\n|-enditem|p2a: Starmie|Heavy-Duty Boots|[from] move: Knock Off|[of] p1a: Sirfetch\u2019d\n|faint|p2a: Starmie\n|-damage|p1a: Sirfetch\u2019d|23\/236|[from] item: Life Orb\n|\n|win|Tawny Mauve\n","inputlog":">version 6a616b3eff9d23b71ac7ce9a5066e931b21dc500\n>start {\"formatid\":\"gen8randombattle\",\"seed\":[11428,10958,28248,9866]}\n>player p1 {\"name\":\"Tawny Mauve\",\"avatar\":\"lucas\",\"rating\":0,\"seed\":[60523,27645,54559,64325]}\n>player p2 {\"name\":\"AlphaTherai\",\"avatar\":\"2\",\"rating\":0,\"seed\":[58485,40905,15913,48433]}\n>chat \u2606Tawny Mauve|amazing lead on your end\n>p1 move sludgebomb\n>p2 switch 6\n>p1 move willowisp\n>p2 move dragondance\n>p1 switch 2\n>p2 move dragondance\n>p1 move closecombat dynamax\n>p2 move dragondance\n>p1 move bravebird dynamax\n>p2 move dragondance\n>p2 switch 3\n>p1 move bravebird dynamax\n>p2 move quiverdance\n>p2 switch 4\n>p1 move swordsdance\n>p2 move spikyshield\n>p1 move knockoff\n>p2 move wish\n>p2 switch 5\n>p1 move knockoff\n>p2 move bugbuzz\n>p2 switch 2\n>p1 move bravebird\n>p2 move sparklingaria\n>p2 switch 6\n>p1 move knockoff\n>p2 move rapidspin","uploadtime":1661670864,"views":3,"p1id":"tawnymauve","p2id":"alphatherai","formatid":"gen8randombattle","rating":0,"private":0,"password":null}