{"id":"gen8randombattle-1703626948","p1":"Arcangel666","p2":"SunFlareNova","format":"gen8randombattle","log":"|j|\u2606Arcangel666\n|j|\u2606SunFlareNova\n|t:|1667680830\n|gametype|singles\n|player|p1|Arcangel666|ghetsis|1749\n|player|p2|SunFlareNova|evelyn|1703\n|teamsize|p1|6\n|teamsize|p2|6\n|gen|8\n|tier|[Gen 8] Random Battle\n|rated|\n|rule|Species Clause: Limit one of each Pok\u00e9mon\n|rule|HP Percentage Mod: HP is shown in percentages\n|rule|Sleep Clause Mod: Limit one foe put to sleep\n|\n|t:|1667680830\n|start\n|switch|p1a: Kyurem|Kyurem-Black, L73|303\/303\n|switch|p2a: Lucario|Lucario, L82, M|249\/249\n|-ability|p1a: Kyurem|Teravolt\n|turn|1\n|inactive|Battle timer is ON: inactive players will automatically lose when time's up. (requested by SunFlareNova)\n|\n|t:|1667680838\n|switch|p1a: Pinsir|Pinsir, L84, M|246\/246\n|-ability|p1a: Pinsir|Mold Breaker\n|move|p2a: Lucario|Meteor Mash|p1a: Pinsir\n|-damage|p1a: Pinsir|102\/246\n|\n|upkeep\n|turn|2\n|\n|t:|1667680844\n|move|p2a: Lucario|Meteor Mash|p1a: Pinsir\n|-damage|p1a: Pinsir|0 fnt\n|faint|p1a: Pinsir\n|\n|upkeep\n|\n|t:|1667680849\n|switch|p1a: Slowking|Slowking, L86, M|304\/304\n|turn|3\n|\n|t:|1667680861\n|switch|p2a: Celesteela|Celesteela, L77|276\/276\n|move|p1a: Slowking|Fire Blast|p2a: Celesteela|[miss]\n|-miss|p1a: Slowking|p2a: Celesteela\n|\n|upkeep\n|turn|4\n|\n|t:|1667680864\n|move|p2a: Celesteela|Leech Seed|p1a: Slowking\n|-start|p1a: Slowking|move: Leech Seed\n|move|p1a: Slowking|Fire Blast|p2a: Celesteela\n|-supereffective|p2a: Celesteela\n|-damage|p2a: Celesteela|30\/276\n|-status|p2a: Celesteela|brn\n|\n|-heal|p2a: Celesteela|47\/276 brn|[from] item: Leftovers\n|-damage|p1a: Slowking|266\/304|[from] Leech Seed|[of] p2a: Celesteela\n|-heal|p2a: Celesteela|85\/276 brn|[silent]\n|-damage|p2a: Celesteela|68\/276 brn|[from] brn\n|upkeep\n|turn|5\n|\n|t:|1667680870\n|switch|p1a: Exploud|Exploud, L84, F|312\/312\n|move|p2a: Celesteela|Air Slash|p1a: Exploud\n|-damage|p1a: Exploud|228\/312\n|\n|-heal|p2a: Celesteela|85\/276 brn|[from] item: Leftovers\n|-damage|p2a: Celesteela|68\/276 brn|[from] brn\n|upkeep\n|turn|6\n|\n|t:|1667680876\n|move|p2a: Celesteela|Protect|p2a: Celesteela\n|-singleturn|p2a: Celesteela|Protect\n|move|p1a: Exploud|Fire Blast|p2a: Celesteela\n|-activate|p2a: Celesteela|move: Protect\n|\n|-heal|p2a: Celesteela|85\/276 brn|[from] item: Leftovers\n|-damage|p2a: Celesteela|68\/276 brn|[from] brn\n|upkeep\n|turn|7\n|\n|t:|1667680881\n|switch|p2a: Moltres|Moltres, L80|275\/275\n|move|p1a: Exploud|Fire Blast|p2a: Moltres\n|-resisted|p2a: Moltres\n|-damage|p2a: Moltres|218\/275\n|\n|upkeep\n|turn|8\n|\n|t:|1667680886\n|switch|p1a: Slowking|Slowking, L86, M|304\/304\n|move|p2a: Moltres|Fire Blast|p1a: Slowking\n|-resisted|p1a: Slowking\n|-damage|p1a: Slowking|250\/304\n|\n|upkeep\n|turn|9\n|\n|t:|1667680891\n|move|p2a: Moltres|U-turn|p1a: Slowking\n|-supereffective|p1a: Slowking\n|-damage|p1a: Slowking|148\/304\n|\n|t:|1667680903\n|switch|p2a: Cresselia|Cresselia, L80, F|323\/323\n|move|p1a: Slowking|Scald|p2a: Cresselia\n|-damage|p2a: Cresselia|212\/323\n|\n|-heal|p2a: Cresselia|232\/323|[from] item: Leftovers\n|upkeep\n|turn|10\n|\n|t:|1667680912\n|switch|p1a: Exploud|Exploud, L84, F|228\/312\n|move|p2a: Cresselia|Calm Mind|p2a: Cresselia\n|-boost|p2a: Cresselia|spa|1\n|-boost|p2a: Cresselia|spd|1\n|\n|-heal|p2a: Cresselia|252\/323|[from] item: Leftovers\n|upkeep\n|turn|11\n|\n|t:|1667680916\n|switch|p1a: Weavile|Weavile, L79, F|240\/240\n|move|p2a: Cresselia|Calm Mind|p2a: Cresselia\n|-boost|p2a: Cresselia|spa|1\n|-boost|p2a: Cresselia|spd|1\n|\n|-heal|p2a: Cresselia|272\/323|[from] item: Leftovers\n|upkeep\n|turn|12\n|\n|t:|1667680925\n|-start|p2a: Cresselia|Dynamax|\n|-heal|p2a: Cresselia|544\/646|[silent]\n|move|p1a: Weavile|Knock Off|p2a: Cresselia\n|-supereffective|p2a: Cresselia\n|-damage|p2a: Cresselia|376\/646\n|-enditem|p2a: Cresselia|Leftovers|[from] move: Knock Off|[of] p1a: Weavile\n|move|p2a: Cresselia|Max Starfall|p1a: Weavile\n|-supereffective|p1a: Weavile\n|-damage|p1a: Weavile|0 fnt\n|-fieldstart|move: Misty Terrain\n|faint|p1a: Weavile\n|\n|upkeep\n|\n|t:|1667680930\n|switch|p1a: Tapu Fini|Tapu Fini, L78|237\/237\n|turn|13\n|\n|t:|1667680936\n|move|p2a: Cresselia|Max Mindstorm|p1a: Tapu Fini\n|-damage|p1a: Tapu Fini|75\/237\n|-fieldstart|move: Psychic Terrain\n|move|p1a: Tapu Fini|Calm Mind|p1a: Tapu Fini\n|-boost|p1a: Tapu Fini|spa|1\n|-boost|p1a: Tapu Fini|spd|1\n|\n|-heal|p1a: Tapu Fini|89\/237|[from] item: Leftovers\n|upkeep\n|turn|14\n|\n|t:|1667680939\n|move|p2a: Cresselia|Max Mindstorm|p1a: Tapu Fini\n|-damage|p1a: Tapu Fini|0 fnt\n|faint|p1a: Tapu Fini\n|\n|upkeep\n|\n|t:|1667680941\n|switch|p1a: Kyurem|Kyurem-Black, L73|303\/303\n|-ability|p1a: Kyurem|Teravolt\n|-end|p2a: Cresselia|Dynamax\n|-heal|p2a: Cresselia|188\/323|[silent]\n|turn|15\n|\n|t:|1667680948\n|-start|p1a: Kyurem|Dynamax|\n|-heal|p1a: Kyurem|606\/606|[silent]\n|move|p2a: Cresselia|Moonblast|p1a: Kyurem\n|-supereffective|p1a: Kyurem\n|-damage|p1a: Kyurem|376\/606\n|move|p1a: Kyurem|Max Wyrmwind|p2a: Cresselia\n|-damage|p2a: Cresselia|49\/323\n|-unboost|p2a: Cresselia|atk|1\n|\n|upkeep\n|turn|16\n|\n|t:|1667680955\n|move|p2a: Cresselia|Moonlight|p2a: Cresselia\n|-heal|p2a: Cresselia|210\/323\n|move|p1a: Kyurem|Max Wyrmwind|p2a: Cresselia\n|-damage|p2a: Cresselia|68\/323\n|-unboost|p2a: Cresselia|atk|1\n|\n|upkeep\n|turn|17\n|\n|t:|1667680959\n|move|p2a: Cresselia|Moonlight|p2a: Cresselia\n|-heal|p2a: Cresselia|229\/323\n|move|p1a: Kyurem|Max Lightning|p2a: Cresselia\n|-damage|p2a: Cresselia|136\/323\n|-fieldstart|move: Electric Terrain\n|\n|upkeep\n|-end|p1a: Kyurem|Dynamax\n|-heal|p1a: Kyurem|188\/303|[silent]\n|turn|18\n|\n|t:|1667680962\n|move|p2a: Cresselia|Moonblast|p1a: Kyurem\n|-supereffective|p1a: Kyurem\n|-damage|p1a: Kyurem|0 fnt\n|faint|p1a: Kyurem\n|\n|upkeep\n|-message|Arcangel666 forfeited.\n|\n|win|SunFlareNova\n|raw|Arcangel666's rating: 1749 &rarr; <strong>1726<\/strong><br \/>(-23 for losing)\n|raw|SunFlareNova's rating: 1703 &rarr; <strong>1726<\/strong><br \/>(+23 for winning)\n|l|\u2606Arcangel666\n|c|\u2606SunFlareNova|What am I sweeping with\n||Ladder isn't responding, score probably updated but might not have (Request timeout).\n","inputlog":">version 64bd7780963bb8912946b73c4d69c4a2054e31b7\n>start {\"formatid\":\"gen8randombattle\",\"seed\":[39823,42559,51888,17432],\"rated\":\"Rated battle\"}\n>player p1 {\"name\":\"Arcangel666\",\"avatar\":\"ghetsis\",\"rating\":1749,\"seed\":[65113,12963,4596,6803]}\n>player p2 {\"name\":\"SunFlareNova\",\"avatar\":\"evelyn\",\"rating\":1703,\"seed\":[1312,21898,25654,60624]}\n>p1 switch 3\n>p2 move meteormash\n>p1 move stealthrock\n>p2 move meteormash\n>p1 switch 5\n>p1 move fireblast\n>p2 switch 2\n>p1 move fireblast\n>p2 move leechseed\n>p1 switch 2\n>p2 move airslash\n>p1 move fireblast\n>p2 move protect\n>p1 move fireblast\n>p2 switch 4\n>p1 switch 2\n>p2 move fireblast\n>p1 move scald\n>p2 move uturn\n>p2 switch 6\n>p1 switch 2\n>p2 move calmmind\n>p1 switch 6\n>p2 move calmmind\n>p1 move knockoff\n>p2 move moonblast dynamax\n>p1 switch 4\n>p1 move calmmind\n>p2 move psyshock dynamax\n>p1 move calmmind\n>p2 move psyshock dynamax\n>p1 switch 3\n>p1 move outrage dynamax\n>p2 move moonblast\n>p1 move outrage dynamax\n>p2 move moonlight\n>p1 move fusionbolt dynamax\n>p2 move moonlight\n>p1 move dragondance\n>p2 move moonblast\n>forcelose p1","uploadtime":1667680976,"views":7,"p1id":"arcangel666","p2id":"sunflarenova","formatid":"gen8randombattle","rating":1726,"private":0,"password":null}