{"id":"gen8randombattle-1309714240","p1":"lebanesestinker","p2":"FrostWhispernoxes","format":"gen8randombattle","log":"|j|\u2606lebanesestinker\n|j|\u2606FrostWhispernoxes\n|t:|1616801920\n|player|p1|lebanesestinker|policeman|1662\n|player|p2|FrostWhispernoxes|265|1637\n|teamsize|p1|6\n|teamsize|p2|6\n|gametype|singles\n|gen|8\n|tier|[Gen 8] Random Battle\n|rated|\n|rule|Species Clause: Limit one of each Pok\u00e9mon\n|rule|HP Percentage Mod: HP is shown in percentages\n|rule|Sleep Clause Mod: Limit one foe put to sleep\n|\n|t:|1616801920\n|start\n|switch|p1a: Pheromosa|Pheromosa, L76|233\/233\n|switch|p2a: Torkoal|Torkoal, L86, F|261\/261\n|-weather|SunnyDay|[from] ability: Drought|[of] p2a: Torkoal\n|turn|1\n|\n|t:|1616801930\n|move|p1a: Pheromosa|U-turn|p2a: Torkoal\n|-resisted|p2a: Torkoal\n|-damage|p2a: Torkoal|232\/261\n|inactive|Battle timer is ON: inactive players will automatically lose when time's up. (requested by lebanesestinker)\n|\n|t:|1616801937\n|switch|p1a: Porygon2|Porygon2, L82|274\/274\n|-ability|p1a: Porygon2|Drought|[from] ability: Trace|[of] p2a: Torkoal\n|move|p2a: Torkoal|Lava Plume|p1a: Porygon2\n|-damage|p1a: Porygon2|199\/274\n|-status|p1a: Porygon2|brn\n|\n|-weather|SunnyDay|[upkeep]\n|-damage|p1a: Porygon2|182\/274 brn|[from] brn\n|upkeep\n|turn|2\n|\n|t:|1616801947\n|switch|p2a: Togedemaru|Togedemaru, L86, M|252\/252\n|move|p1a: Porygon2|Toxic|p2a: Togedemaru\n|-immune|p2a: Togedemaru\n|\n|-weather|SunnyDay|[upkeep]\n|-damage|p1a: Porygon2|165\/274 brn|[from] brn\n|upkeep\n|turn|3\n|\n|t:|1616801954\n|move|p2a: Togedemaru|Iron Head|p1a: Porygon2\n|-damage|p1a: Porygon2|101\/274 brn\n|move|p1a: Porygon2|Recover|p1a: Porygon2\n|-heal|p1a: Porygon2|238\/274 brn\n|\n|-weather|SunnyDay|[upkeep]\n|-damage|p1a: Porygon2|221\/274 brn|[from] brn\n|upkeep\n|turn|4\n|\n|t:|1616801959\n|switch|p1a: Vileplume|Vileplume, L84, M|263\/263\n|move|p2a: Togedemaru|Wish|p2a: Togedemaru\n|\n|-weather|SunnyDay|[upkeep]\n|upkeep\n|turn|5\n|\n|t:|1616801964\n|switch|p2a: Xatu|Xatu, L88, M|258\/258\n|move|p1a: Vileplume|Strength Sap|p2a: Xatu\n|move|p2a: Xatu|Strength Sap|p1a: Vileplume|[from]ability: Magic Bounce\n|-unboost|p1a: Vileplume|atk|1\n|\n|-weather|none\n|upkeep\n|turn|6\n|\n|t:|1616801972\n|switch|p1a: Tapu Koko|Tapu Koko, L78|237\/237\n|-fieldstart|move: Electric Terrain|[from] ability: Electric Surge|[of] p1a: Tapu Koko\n|move|p2a: Xatu|Psychic|p1a: Tapu Koko\n|-damage|p1a: Tapu Koko|101\/237\n|\n|upkeep\n|turn|7\n|\n|t:|1616801977\n|move|p1a: Tapu Koko|Thunderbolt|p2a: Xatu\n|-supereffective|p2a: Xatu\n|-damage|p2a: Xatu|0 fnt\n|-damage|p1a: Tapu Koko|78\/237|[from] item: Life Orb\n|faint|p2a: Xatu\n|\n|upkeep\n|\n|t:|1616801981\n|switch|p2a: Togedemaru|Togedemaru, L86, M|252\/252\n|turn|8\n|\n|t:|1616801984\n|switch|p1a: Vileplume|Vileplume, L84, M|263\/263\n|move|p2a: Togedemaru|Iron Head|p1a: Vileplume\n|-damage|p1a: Vileplume|173\/263\n|\n|-heal|p1a: Vileplume|189\/263|[from] item: Black Sludge\n|upkeep\n|turn|9\n|\n|t:|1616801990\n|switch|p2a: Torkoal|Torkoal, L86, F|232\/261\n|-weather|SunnyDay|[from] ability: Drought|[of] p2a: Torkoal\n|move|p1a: Vileplume|Strength Sap|p2a: Torkoal\n|-unboost|p2a: Torkoal|atk|1\n|-heal|p1a: Vileplume|263\/263\n|\n|-weather|SunnyDay|[upkeep]\n|upkeep\n|turn|10\n|\n|t:|1616801993\n|switch|p1a: Porygon2|Porygon2, L82|221\/274 brn\n|-ability|p1a: Porygon2|Drought|[from] ability: Trace|[of] p2a: Torkoal\n|move|p2a: Torkoal|Lava Plume|p1a: Porygon2\n|-damage|p1a: Porygon2|143\/274 brn\n|\n|-weather|SunnyDay|[upkeep]\n|-damage|p1a: Porygon2|126\/274 brn|[from] brn\n|-fieldend|move: Electric Terrain\n|upkeep\n|turn|11\n|\n|t:|1616802000\n|switch|p2a: Togedemaru|Togedemaru, L86, M|252\/252\n|move|p1a: Porygon2|Recover|p1a: Porygon2\n|-heal|p1a: Porygon2|263\/274 brn\n|\n|-weather|SunnyDay|[upkeep]\n|-damage|p1a: Porygon2|246\/274 brn|[from] brn\n|upkeep\n|turn|12\n|\n|t:|1616802004\n|switch|p1a: Tangrowth|Tangrowth, L84, M|305\/305\n|move|p2a: Togedemaru|Iron Head|p1a: Tangrowth\n|-damage|p1a: Tangrowth|232\/305\n|-damage|p2a: Togedemaru|210\/252|[from] item: Rocky Helmet|[of] p1a: Tangrowth\n|\n|-weather|SunnyDay|[upkeep]\n|-heal|p2a: Togedemaru|225\/252|[from] item: Leftovers\n|upkeep\n|turn|13\n|\n|t:|1616802009\n|switch|p2a: Torkoal|Torkoal, L86, F|232\/261\n|move|p1a: Tangrowth|Sleep Powder|p2a: Torkoal|[miss]\n|-miss|p1a: Tangrowth|p2a: Torkoal\n|\n|-weather|none\n|upkeep\n|turn|14\n|\n|t:|1616802013\n|switch|p1a: Porygon2|Porygon2, L82|246\/274 brn\n|-ability|p1a: Porygon2|Drought|[from] ability: Trace|[of] p2a: Torkoal\n|-weather|SunnyDay|[from] ability: Drought|[of] p1a: Porygon2\n|move|p2a: Torkoal|Stealth Rock|p1a: Porygon2\n|-sidestart|p1: lebanesestinker|move: Stealth Rock\n|\n|-weather|SunnyDay|[upkeep]\n|-damage|p1a: Porygon2|229\/274 brn|[from] brn\n|upkeep\n|turn|15\n|\n|t:|1616802017\n|switch|p2a: Togedemaru|Togedemaru, L86, M|225\/252\n|move|p1a: Porygon2|Tri Attack|p2a: Togedemaru\n|-resisted|p2a: Togedemaru\n|-damage|p2a: Togedemaru|173\/252\n|\n|-weather|SunnyDay|[upkeep]\n|-heal|p2a: Togedemaru|188\/252|[from] item: Leftovers\n|-damage|p1a: Porygon2|212\/274 brn|[from] brn\n|upkeep\n|turn|16\n|\n|t:|1616802021\n|switch|p1a: Tangrowth|Tangrowth, L84, M|305\/305\n|-damage|p1a: Tangrowth|267\/305|[from] Stealth Rock\n|move|p2a: Togedemaru|Wish|p2a: Togedemaru\n|\n|-weather|SunnyDay|[upkeep]\n|-heal|p2a: Togedemaru|203\/252|[from] item: Leftovers\n|upkeep\n|turn|17\n|\n|t:|1616802023\n|move|p2a: Togedemaru|Iron Head|p1a: Tangrowth\n|-damage|p1a: Tangrowth|197\/305\n|-damage|p2a: Togedemaru|161\/252|[from] item: Rocky Helmet|[of] p1a: Tangrowth\n|move|p1a: Tangrowth|Sleep Powder|p2a: Togedemaru\n|-status|p2a: Togedemaru|slp|[from] move: Sleep Powder\n|\n|-weather|SunnyDay|[upkeep]\n|-heal|p2a: Togedemaru|252\/252 slp|[from] move: Wish|[wisher] Togedemaru\n|upkeep\n|turn|18\n|\n|t:|1616802028\n|switch|p2a: Torkoal|Torkoal, L86, F|232\/261\n|move|p1a: Tangrowth|Leech Seed|p2a: Torkoal\n|-start|p2a: Torkoal|move: Leech Seed\n|\n|-weather|none\n|-damage|p2a: Torkoal|200\/261|[from] Leech Seed|[of] p1a: Tangrowth\n|-heal|p1a: Tangrowth|229\/305|[silent]\n|upkeep\n|turn|19\n|\n|t:|1616802031\n|switch|p1a: Porygon2|Porygon2, L82|212\/274 brn\n|-damage|p1a: Porygon2|178\/274 brn|[from] Stealth Rock\n|-ability|p1a: Porygon2|Drought|[from] ability: Trace|[of] p2a: Torkoal\n|-weather|SunnyDay|[from] ability: Drought|[of] p1a: Porygon2\n|move|p2a: Torkoal|Lava Plume|p1a: Porygon2\n|-damage|p1a: Porygon2|102\/274 brn\n|\n|-weather|SunnyDay|[upkeep]\n|-damage|p2a: Torkoal|168\/261|[from] Leech Seed|[of] p1a: Porygon2\n|-heal|p1a: Porygon2|134\/274 brn|[silent]\n|-damage|p1a: Porygon2|117\/274 brn|[from] brn\n|upkeep\n|turn|20\n|\n|t:|1616802033\n|move|p1a: Porygon2|Recover|p1a: Porygon2\n|-heal|p1a: Porygon2|254\/274 brn\n|move|p2a: Torkoal|Rapid Spin|p1a: Porygon2\n|-damage|p1a: Porygon2|232\/274 brn\n|-boost|p2a: Torkoal|spe|1\n|-end|p2a: Torkoal|Leech Seed|[from] move: Rapid Spin|[of] p2a: Torkoal\n|\n|-weather|SunnyDay|[upkeep]\n|-damage|p1a: Porygon2|215\/274 brn|[from] brn\n|upkeep\n|turn|21\n|\n|t:|1616802036\n|move|p1a: Porygon2|Tri Attack|p2a: Torkoal\n|-damage|p2a: Torkoal|63\/261\n|move|p2a: Torkoal|Lava Plume|p1a: Porygon2\n|-damage|p1a: Porygon2|134\/274 brn\n|\n|-weather|SunnyDay|[upkeep]\n|-damage|p1a: Porygon2|117\/274 brn|[from] brn\n|upkeep\n|turn|22\n|\n|t:|1616802039\n|move|p1a: Porygon2|Tri Attack|p2a: Torkoal\n|-damage|p2a: Torkoal|0 fnt\n|faint|p2a: Torkoal\n|\n|-weather|SunnyDay|[upkeep]\n|-damage|p1a: Porygon2|100\/274 brn|[from] brn\n|upkeep\n|\n|t:|1616802041\n|switch|p2a: Buzzwole|Buzzwole, L78|295\/295\n|turn|23\n|\n|t:|1616802048\n|switch|p1a: Vileplume|Vileplume, L84, M|263\/263\n|-damage|p1a: Vileplume|231\/263|[from] Stealth Rock\n|-start|p2a: Buzzwole|Dynamax\n|-heal|p2a: Buzzwole|590\/590|[silent]\n|move|p2a: Buzzwole|Max Airstream|p1a: Vileplume\n|-supereffective|p1a: Vileplume\n|-damage|p1a: Vileplume|0 fnt\n|-boost|p2a: Buzzwole|spe|1\n|faint|p1a: Vileplume\n|-ability|p2a: Buzzwole|Beast Boost|boost\n|-boost|p2a: Buzzwole|atk|1\n|\n|-weather|none\n|upkeep\n|\n|t:|1616802066\n|switch|p1a: Orbeetle|Orbeetle, L86, F|243\/243\n|-item|p2a: Buzzwole|Choice Band|[from] ability: Frisk|[of] p1a: Orbeetle|[identify]\n|turn|24\n|\n|t:|1616802070\n|-start|p1a: Orbeetle|Dynamax\n|-heal|p1a: Orbeetle|486\/486|[silent]\n|move|p2a: Buzzwole|Max Airstream|p1a: Orbeetle\n|-supereffective|p1a: Orbeetle\n|-damage|p1a: Orbeetle|230\/486\n|-boost|p2a: Buzzwole|spe|1\n|move|p1a: Orbeetle|Max Mindstorm|p2a: Buzzwole\n|-supereffective|p2a: Buzzwole\n|-damage|p2a: Buzzwole|204\/590\n|-fieldstart|move: Psychic Terrain\n|\n|upkeep\n|turn|25\n|\n|t:|1616802079\n|move|p1a: Orbeetle|Max Guard|p1a: Orbeetle\n|-singleturn|p1a: Orbeetle|Max Guard\n|move|p2a: Buzzwole|Max Airstream|p1a: Orbeetle\n|-activate|p1a: Orbeetle|move: Max Guard\n|\n|-end|p2a: Buzzwole|Dynamax\n|-heal|p2a: Buzzwole|102\/295|[silent]\n|upkeep\n|turn|26\n|\n|t:|1616802092\n|move|p2a: Buzzwole|Dual Wingbeat|p1a: Orbeetle\n|-supereffective|p1a: Orbeetle\n|-damage|p1a: Orbeetle|98\/486\n|-supereffective|p1a: Orbeetle\n|-damage|p1a: Orbeetle|0 fnt\n|-hitcount|p1a: Orbeetle|2\n|faint|p1a: Orbeetle\n|-ability|p2a: Buzzwole|Beast Boost|boost\n|-boost|p2a: Buzzwole|atk|1\n|\n|upkeep\n|\n|t:|1616802113\n|switch|p1a: Tangrowth|Tangrowth, L84, M|305\/305\n|-damage|p1a: Tangrowth|267\/305|[from] Stealth Rock\n|turn|27\n|\n|t:|1616802118\n|move|p2a: Buzzwole|Dual Wingbeat|p1a: Tangrowth\n|-supereffective|p1a: Tangrowth\n|-damage|p1a: Tangrowth|125\/305\n|-damage|p2a: Buzzwole|53\/295|[from] item: Rocky Helmet|[of] p1a: Tangrowth\n|-supereffective|p1a: Tangrowth\n|-damage|p1a: Tangrowth|0 fnt\n|-damage|p2a: Buzzwole|4\/295|[from] item: Rocky Helmet|[of] p1a: Tangrowth\n|-hitcount|p1a: Tangrowth|2\n|faint|p1a: Tangrowth\n|-ability|p2a: Buzzwole|Beast Boost|boost\n|-boost|p2a: Buzzwole|atk|1\n|\n|upkeep\n|\n|t:|1616802135\n|switch|p1a: Pheromosa|Pheromosa, L76|233\/233\n|-damage|p1a: Pheromosa|204\/233|[from] Stealth Rock\n|turn|28\n|\n|t:|1616802138\n|move|p2a: Buzzwole|Dual Wingbeat|p1a: Pheromosa\n|-supereffective|p1a: Pheromosa\n|-damage|p1a: Pheromosa|0 fnt\n|-hitcount|p1a: Pheromosa|1\n|faint|p1a: Pheromosa\n|-ability|p2a: Buzzwole|Beast Boost|boost\n|-boost|p2a: Buzzwole|atk|1\n|\n|-fieldend|move: Psychic Terrain\n|upkeep\n|\n|t:|1616802140\n|switch|p1a: Tapu Koko|Tapu Koko, L78|78\/237\n|-damage|p1a: Tapu Koko|49\/237|[from] Stealth Rock\n|-fieldstart|move: Electric Terrain|[from] ability: Electric Surge|[of] p1a: Tapu Koko\n|turn|29\n|c|\u2606FrostWhispernoxes|So close\n|\n|t:|1616802149\n|move|p2a: Buzzwole|Dual Wingbeat|p1a: Tapu Koko\n|-resisted|p1a: Tapu Koko\n|-damage|p1a: Tapu Koko|0 fnt\n|-hitcount|p1a: Tapu Koko|1\n|faint|p1a: Tapu Koko\n|-ability|p2a: Buzzwole|Beast Boost|boost\n|-boost|p2a: Buzzwole|atk|1\n|\n|upkeep\n|\n|t:|1616802150\n|switch|p1a: Porygon2|Porygon2, L82|100\/274 brn\n|-damage|p1a: Porygon2|66\/274 brn|[from] Stealth Rock\n|-ability|p1a: Porygon2|Beast Boost|[from] ability: Trace|[of] p2a: Buzzwole\n|turn|30\n|c|\u2606FrostWhispernoxes|Gg\n|c|\u2606FrostWhispernoxes|I love u\n|c|\u2606FrostWhispernoxes|<3\n|c|\u2606lebanesestinker|stop typing lucky kid\n|c|\u2606lebanesestinker|click wingbeat please\n|inactive|FrostWhispernoxes has 120 seconds left.\n|c|\u2606FrostWhispernoxes|I love u 2\n|c|\u2606FrostWhispernoxes|Iam choice band\n|c|\u2606FrostWhispernoxes|I only have that\n|c|\u2606lebanesestinker|no shit\n|inactive|lebanesestinker has 120 seconds left.\n|c|\u2606FrostWhispernoxes|1375 attack\n|c|\u2606FrostWhispernoxes|U. Can live that?\n|inactive|lebanesestinker has 90 seconds left.\n|c|\u2606lebanesestinker|1375 attack but 20 iq click the move and move on\n|c|\u2606FrostWhispernoxes|I could fail, 90\n|inactive|lebanesestinker has 60 seconds left.\n|c|\u2606FrostWhispernoxes|I did it, u not\n|c|\u2606FrostWhispernoxes|Man it happens\n|\n|t:|1616802306\n|move|p2a: Buzzwole|Dual Wingbeat|p1a: Porygon2\n|-damage|p1a: Porygon2|0 fnt\n|-hitcount|p1a: Porygon2|1\n|faint|p1a: Porygon2\n|\n|win|FrostWhispernoxes\n|raw|lebanesestinker's rating: 1662 &rarr; <strong>1641<\/strong><br \/>(-21 for losing)\n|raw|FrostWhispernoxes's rating: 1637 &rarr; <strong>1658<\/strong><br \/>(+21 for winning)\n|l|\u2606lebanesestinker\n|c|\u2606FrostWhispernoxes|I win momentum\n","inputlog":">version 9e7074572ea701236696fa8e0a6caf53f3d5a864\n>start {\"formatid\":\"gen8randombattle\",\"seed\":[49444,62657,36969,11112],\"rated\":\"Rated battle\"}\n>player p1 {\"name\":\"lebanesestinker\",\"avatar\":\"policeman\",\"team\":\"\",\"rating\":1662,\"seed\":[33166,47828,22214,34181]}\n>player p2 {\"name\":\"FrostWhispernoxes\",\"avatar\":\"265\",\"team\":\"\",\"rating\":1637,\"seed\":[4315,2701,59136,22897]}\n>p1 move uturn\n>p2 move lavaplume\n>p1 switch 2\n>p1 move toxic\n>p2 switch 3\n>p1 move recover\n>p2 move ironhead\n>p1 switch 4\n>p2 move wish\n>p1 move strengthsap\n>p2 switch 4\n>p1 switch 3\n>p2 move psychic\n>p1 move thunderbolt\n>p2 move psychic\n>p2 switch 4\n>p1 switch 3\n>p2 move ironhead\n>p1 move strengthsap\n>p2 switch 3\n>p1 switch 4\n>p2 move lavaplume\n>p1 move recover\n>p2 switch 3\n>p1 switch 5\n>p2 move ironhead\n>p1 move sleeppowder\n>p2 switch 3\n>p1 switch 5\n>p2 move stealthrock\n>p1 move triattack\n>p2 switch 3\n>p1 switch 5\n>p2 move wish\n>p1 move sleeppowder\n>p2 move ironhead\n>p1 move leechseed\n>p2 switch 3\n>p1 switch 5\n>p2 move lavaplume\n>p1 move recover\n>p2 move rapidspin\n>p1 move triattack\n>p2 move lavaplume\n>p1 move triattack\n>p2 move lavaplume\n>p2 switch 6\n>p1 switch 4\n>p2 move dualwingbeat dynamax\n>p1 switch 6\n>p1 move psychic dynamax\n>p2 move dualwingbeat dynamax\n>p1 move recover dynamax\n>p2 move dualwingbeat dynamax\n>p1 move psychic dynamax\n>p2 move dualwingbeat\n>p1 switch 5\n>p1 move gigadrain\n>p2 move dualwingbeat\n>p1 switch 2\n>p1 move uturn\n>p2 move dualwingbeat\n>p1 switch 3\n>chat \u2606FrostWhispernoxes|So close\n>p1 move thunderbolt\n>p2 move dualwingbeat\n>p1 switch 4\n>chat \u2606FrostWhispernoxes|Gg\n>chat \u2606FrostWhispernoxes|I love u\n>chat \u2606FrostWhispernoxes|<3\n>chat \u2606lebanesestinker|stop typing lucky kid\n>chat \u2606lebanesestinker|click wingbeat please\n>chat \u2606FrostWhispernoxes|I love u 2\n>chat \u2606FrostWhispernoxes|Iam choice band\n>chat \u2606FrostWhispernoxes|I only have that\n>chat \u2606lebanesestinker|no shit\n>chat \u2606FrostWhispernoxes|1375 attack\n>chat \u2606FrostWhispernoxes|U. Can live that? \n>chat \u2606lebanesestinker|1375 attack but 20 iq click the move and move on\n>chat \u2606FrostWhispernoxes|I could fail, 90\n>chat \u2606FrostWhispernoxes|I did it, u not\n>chat \u2606FrostWhispernoxes|Man it happens\n>p1 move triattack\n>p2 move dualwingbeat","uploadtime":1616802541,"views":5,"p1id":"lebanesestinker","p2id":"frostwhispernoxes","formatid":"gen8randombattle","rating":1641,"private":0,"password":null}