{"id":"gen8randombattle-1602784698","p1":"Arcangel666","p2":"lulamae","format":"gen8randombattle","log":"|j|\u2606Arcangel666\n|j|\u2606lulamae\n|t:|1656016252\n|gametype|singles\n|player|p1|Arcangel666|piers|1769\n|player|p2|lulamae|lady|1811\n|teamsize|p1|6\n|teamsize|p2|6\n|gen|8\n|tier|[Gen 8] Random Battle\n|rated|\n|rule|Species Clause: Limit one of each Pok\u00e9mon\n|rule|HP Percentage Mod: HP is shown in percentages\n|rule|Sleep Clause Mod: Limit one foe put to sleep\n|\n|t:|1656016252\n|start\n|switch|p1a: Miltank|Miltank, L84, F|297\/297\n|switch|p2a: Necrozma|Necrozma-Dusk-Mane, L68|245\/245\n|turn|1\n|\n|t:|1656016267\n|switch|p1a: Rotom|Rotom-Mow, L86|226\/226\n|switch|p2a: Suicune|Suicune, L80|291\/291\n|-ability|p2a: Suicune|Pressure\n|\n|upkeep\n|turn|2\n|\n|t:|1656016276\n|switch|p2a: Victini|Victini, L78|283\/283\n|move|p1a: Rotom|Nasty Plot|p1a: Rotom\n|-boost|p1a: Rotom|spa|2\n|\n|upkeep\n|turn|3\n|\n|t:|1656016280\n|switch|p1a: Miltank|Miltank, L84, F|297\/297\n|move|p2a: Victini|V-create|p1a: Miltank\n|-damage|p1a: Miltank|221\/297\n|-unboost|p2a: Victini|spe|1\n|-unboost|p2a: Victini|def|1\n|-unboost|p2a: Victini|spd|1\n|\n|-heal|p1a: Miltank|239\/297|[from] item: Leftovers\n|upkeep\n|turn|4\n|\n|t:|1656016286\n|switch|p2a: Suicune|Suicune, L80|291\/291\n|-ability|p2a: Suicune|Pressure\n|move|p1a: Miltank|Body Slam|p2a: Suicune\n|-damage|p2a: Suicune|230\/291\n|-status|p2a: Suicune|par\n|\n|-heal|p1a: Miltank|257\/297|[from] item: Leftovers\n|-heal|p2a: Suicune|248\/291 par|[from] item: Leftovers\n|upkeep\n|turn|5\n|\n|t:|1656016298\n|move|p1a: Miltank|Body Slam|p2a: Suicune\n|-damage|p2a: Suicune|185\/291 par\n|move|p2a: Suicune|Ice Beam|p1a: Miltank\n|-damage|p1a: Miltank|224\/297\n|\n|-heal|p1a: Miltank|242\/297|[from] item: Leftovers\n|-heal|p2a: Suicune|203\/291 par|[from] item: Leftovers\n|upkeep\n|turn|6\n|\n|t:|1656016303\n|move|p1a: Miltank|Earthquake|p2a: Suicune\n|-damage|p2a: Suicune|155\/291 par\n|cant|p2a: Suicune|par\n|\n|-heal|p1a: Miltank|260\/297|[from] item: Leftovers\n|-heal|p2a: Suicune|173\/291 par|[from] item: Leftovers\n|upkeep\n|turn|7\n|\n|t:|1656016308\n|move|p1a: Miltank|Body Slam|p2a: Suicune\n|-damage|p2a: Suicune|106\/291 par\n|move|p2a: Suicune|Scald|p1a: Miltank\n|-damage|p1a: Miltank|176\/297\n|-status|p1a: Miltank|brn\n|\n|-heal|p1a: Miltank|194\/297 brn|[from] item: Leftovers\n|-heal|p2a: Suicune|124\/291 par|[from] item: Leftovers\n|-damage|p1a: Miltank|176\/297 brn|[from] brn\n|upkeep\n|turn|8\n|\n|t:|1656016325\n|move|p1a: Miltank|Body Slam|p2a: Suicune\n|-damage|p2a: Suicune|89\/291 par\n|move|p2a: Suicune|Calm Mind|p2a: Suicune\n|-boost|p2a: Suicune|spa|1\n|-boost|p2a: Suicune|spd|1\n|\n|-heal|p1a: Miltank|194\/297 brn|[from] item: Leftovers\n|-heal|p2a: Suicune|107\/291 par|[from] item: Leftovers\n|-damage|p1a: Miltank|176\/297 brn|[from] brn\n|upkeep\n|turn|9\n|\n|t:|1656016331\n|switch|p1a: Rotom|Rotom-Mow, L86|226\/226\n|move|p2a: Suicune|Scald|p1a: Rotom\n|-resisted|p1a: Rotom\n|-damage|p1a: Rotom|177\/226\n|\n|-heal|p1a: Rotom|191\/226|[from] item: Leftovers\n|-heal|p2a: Suicune|125\/291 par|[from] item: Leftovers\n|upkeep\n|turn|10\n|\n|t:|1656016335\n|move|p1a: Rotom|Thunderbolt|p2a: Suicune\n|-supereffective|p2a: Suicune\n|-damage|p2a: Suicune|11\/291 par\n|move|p2a: Suicune|Ice Beam|p1a: Rotom\n|-supereffective|p1a: Rotom\n|-crit|p1a: Rotom\n|-damage|p1a: Rotom|0 fnt\n|faint|p1a: Rotom\n|\n|-heal|p2a: Suicune|29\/291 par|[from] item: Leftovers\n|upkeep\n|\n|t:|1656016342\n|switch|p1a: Xatu|Xatu, L89, M|260\/260\n|turn|11\n|\n|t:|1656016344\n|move|p1a: Xatu|Psychic|p2a: Suicune\n|-damage|p2a: Suicune|0 fnt\n|faint|p2a: Suicune\n|\n|upkeep\n|\n|t:|1656016347\n|switch|p2a: Bisharp|Bisharp, L80, M|235\/235\n|turn|12\n|\n|t:|1656016352\n|move|p2a: Bisharp|Knock Off|p1a: Xatu\n|-supereffective|p1a: Xatu\n|-damage|p1a: Xatu|0 fnt\n|-enditem|p1a: Xatu|Heavy-Duty Boots|[from] move: Knock Off|[of] p2a: Bisharp\n|faint|p1a: Xatu\n|-damage|p2a: Bisharp|212\/235|[from] item: Life Orb\n|\n|upkeep\n|\n|t:|1656016356\n|switch|p1a: Miltank|Miltank, L84, F|176\/297 brn\n|turn|13\n|\n|t:|1656016361\n|move|p1a: Miltank|Body Slam|p2a: Bisharp\n|-resisted|p2a: Bisharp\n|-damage|p2a: Bisharp|192\/235\n|move|p2a: Bisharp|Stealth Rock|p1a: Miltank\n|-sidestart|p1: Arcangel666|move: Stealth Rock\n|\n|-heal|p1a: Miltank|194\/297 brn|[from] item: Leftovers\n|-damage|p1a: Miltank|176\/297 brn|[from] brn\n|upkeep\n|turn|14\n|\n|t:|1656016371\n|move|p1a: Miltank|Body Slam|p2a: Bisharp\n|-resisted|p2a: Bisharp\n|-damage|p2a: Bisharp|173\/235\n|-status|p2a: Bisharp|par\n|move|p2a: Bisharp|Knock Off|p1a: Miltank\n|-damage|p1a: Miltank|40\/297 brn\n|-enditem|p1a: Miltank|Leftovers|[from] move: Knock Off|[of] p2a: Bisharp\n|-damage|p2a: Bisharp|150\/235 par|[from] item: Life Orb\n|\n|-damage|p1a: Miltank|22\/297 brn|[from] brn\n|upkeep\n|turn|15\n|\n|t:|1656016377\n|move|p2a: Bisharp|Sucker Punch||[still]\n|-fail|p2a: Bisharp\n|move|p1a: Miltank|Milk Drink|p1a: Miltank\n|-heal|p1a: Miltank|171\/297 brn\n|\n|-damage|p1a: Miltank|153\/297 brn|[from] brn\n|upkeep\n|turn|16\n|\n|t:|1656016382\n|move|p1a: Miltank|Milk Drink|p1a: Miltank\n|-heal|p1a: Miltank|297\/297 brn\n|move|p2a: Bisharp|Iron Head|p1a: Miltank\n|-damage|p1a: Miltank|184\/297 brn\n|-damage|p2a: Bisharp|127\/235 par|[from] item: Life Orb\n|\n|-damage|p1a: Miltank|166\/297 brn|[from] brn\n|upkeep\n|turn|17\n|\n|t:|1656016388\n|switch|p2a: Gigalith|Gigalith, L82, F|274\/274\n|-weather|Sandstorm|[from] ability: Sand Stream|[of] p2a: Gigalith\n|move|p1a: Miltank|Milk Drink|p1a: Miltank\n|-heal|p1a: Miltank|297\/297 brn\n|\n|-weather|Sandstorm|[upkeep]\n|-damage|p1a: Miltank|279\/297 brn|[from] Sandstorm\n|-damage|p1a: Miltank|261\/297 brn|[from] brn\n|upkeep\n|turn|18\n|\n|t:|1656016391\n|move|p1a: Miltank|Toxic|p2a: Gigalith\n|-status|p2a: Gigalith|tox\n|move|p2a: Gigalith|Superpower|p1a: Miltank\n|-supereffective|p1a: Miltank\n|-damage|p1a: Miltank|5\/297 brn\n|-unboost|p2a: Gigalith|atk|1\n|-unboost|p2a: Gigalith|def|1\n|\n|-weather|Sandstorm|[upkeep]\n|-damage|p1a: Miltank|0 fnt|[from] Sandstorm\n|faint|p1a: Miltank\n|-damage|p2a: Gigalith|257\/274 tox|[from] psn\n|upkeep\n|\n|t:|1656016396\n|switch|p1a: Rayquaza|Rayquaza, L74|277\/277\n|-ability|p1a: Rayquaza|Air Lock\n|turn|19\n|\n|t:|1656016402\n|switch|p2a: Victini|Victini, L78|283\/283\n|move|p1a: Rayquaza|Dragon Dance|p1a: Rayquaza\n|-boost|p1a: Rayquaza|atk|1\n|-boost|p1a: Rayquaza|spe|1\n|\n|-weather|Sandstorm|[upkeep]\n|upkeep\n|turn|20\n|\n|t:|1656016412\n|-start|p1a: Rayquaza|Dynamax|\n|-heal|p1a: Rayquaza|554\/554|[silent]\n|-start|p2a: Victini|Dynamax|\n|-heal|p2a: Victini|566\/566|[silent]\n|move|p1a: Rayquaza|Max Quake|p2a: Victini\n|-supereffective|p2a: Victini\n|-damage|p2a: Victini|278\/566\n|-boost|p1a: Rayquaza|spd|1\n|move|p2a: Victini|Max Hailstorm|p1a: Rayquaza\n|-supereffective|p1a: Rayquaza\n|-damage|p1a: Rayquaza|314\/554\n|-weather|Hail\n|\n|-weather|Hail|[upkeep]\n|upkeep\n|turn|21\n|\n|t:|1656016431\n|-end|p2a: Victini|Dynamax\n|-heal|p2a: Victini|139\/283|[silent]\n|switch|p2a: Scyther|Scyther, L81, F|246\/246\n|move|p1a: Rayquaza|Max Quake|p2a: Scyther\n|-immune|p2a: Scyther\n|\n|-weather|Hail|[upkeep]\n|upkeep\n|turn|22\n|\n|t:|1656016439\n|switch|p2a: Gigalith|Gigalith, L82, F|257\/274 tox\n|-weather|Sandstorm|[from] ability: Sand Stream|[of] p2a: Gigalith\n|move|p1a: Rayquaza|Max Airstream|p2a: Gigalith\n|-resisted|p2a: Gigalith\n|-damage|p2a: Gigalith|162\/274 tox\n|-boost|p1a: Rayquaza|spe|1\n|\n|-weather|Sandstorm|[upkeep]\n|-damage|p2a: Gigalith|145\/274 tox|[from] psn\n|upkeep\n|-end|p1a: Rayquaza|Dynamax\n|-heal|p1a: Rayquaza|157\/277|[silent]\n|turn|23\n|\n|t:|1656016446\n|move|p1a: Rayquaza|Earthquake|p2a: Gigalith\n|-supereffective|p2a: Gigalith\n|-damage|p2a: Gigalith|0 fnt\n|faint|p2a: Gigalith\n|\n|-weather|Sandstorm|[upkeep]\n|upkeep\n|\n|t:|1656016451\n|switch|p2a: Necrozma|Necrozma-Dusk-Mane, L68|245\/245\n|turn|24\n|\n|t:|1656016455\n|move|p1a: Rayquaza|V-create|p2a: Necrozma\n|-supereffective|p2a: Necrozma\n|-damage|p2a: Necrozma|0 fnt\n|-unboost|p1a: Rayquaza|spe|1\n|-unboost|p1a: Rayquaza|def|1\n|-unboost|p1a: Rayquaza|spd|1\n|faint|p2a: Necrozma\n|\n|-weather|Sandstorm|[upkeep]\n|upkeep\n|\n|t:|1656016463\n|switch|p2a: Bisharp|Bisharp, L80, M|127\/235 par\n|turn|25\n|\n|t:|1656016470\n|switch|p1a: Frosmoth|Frosmoth, L82, M|249\/249\n|move|p2a: Bisharp|Knock Off|p1a: Frosmoth\n|-damage|p1a: Frosmoth|38\/249\n|-enditem|p1a: Frosmoth|Heavy-Duty Boots|[from] move: Knock Off|[of] p2a: Bisharp\n|-damage|p2a: Bisharp|104\/235 par|[from] item: Life Orb\n|\n|-weather|Sandstorm|[upkeep]\n|-damage|p1a: Frosmoth|23\/249|[from] Sandstorm\n|upkeep\n|turn|26\n|\n|t:|1656016481\n|move|p1a: Frosmoth|Bug Buzz|p2a: Bisharp\n|-crit|p2a: Bisharp\n|-damage|p2a: Bisharp|0 fnt\n|faint|p2a: Bisharp\n|\n|-weather|none\n|upkeep\n|\n|t:|1656016489\n|switch|p2a: Victini|Victini, L78|139\/283\n|turn|27\n|\n|t:|1656016494\n|move|p2a: Victini|Bolt Strike|p1a: Frosmoth\n|-damage|p1a: Frosmoth|0 fnt\n|faint|p1a: Frosmoth\n|\n|upkeep\n|\n|t:|1656016498\n|switch|p1a: Meowstic|Meowstic-F, L86, F|268\/268\n|-damage|p1a: Meowstic|235\/268|[from] Stealth Rock\n|turn|28\n|\n|t:|1656016501\n|switch|p2a: Scyther|Scyther, L81, F|246\/246\n|move|p1a: Meowstic|Shadow Ball|p2a: Scyther\n|-damage|p2a: Scyther|153\/246\n|\n|upkeep\n|turn|29\n|\n|t:|1656016508\n|switch|p1a: Rayquaza|Rayquaza, L74|157\/277\n|-ability|p1a: Rayquaza|Air Lock\n|move|p2a: Scyther|Roost|p2a: Scyther\n|-heal|p2a: Scyther|246\/246\n|-singleturn|p2a: Scyther|move: Roost\n|\n|upkeep\n|turn|30\n|\n|t:|1656016511\n|move|p2a: Scyther|Dual Wingbeat|p1a: Rayquaza\n|-crit|p1a: Rayquaza\n|-damage|p1a: Rayquaza|37\/277\n|-damage|p1a: Rayquaza|0 fnt\n|faint|p1a: Rayquaza\n|-hitcount|p1: Rayquaza|2\n|\n|upkeep\n|\n|t:|1656016514\n|switch|p1a: Meowstic|Meowstic-F, L86, F|235\/268\n|-damage|p1a: Meowstic|202\/268|[from] Stealth Rock\n|turn|31\n|\n|t:|1656016519\n|move|p1a: Meowstic|Thunderbolt|p2a: Scyther\n|-supereffective|p2a: Scyther\n|-damage|p2a: Scyther|54\/246\n|move|p2a: Scyther|U-turn|p1a: Meowstic\n|-supereffective|p1a: Meowstic\n|-damage|p1a: Meowstic|38\/268\n|\n|t:|1656016521\n|switch|p2a: Victini|Victini, L78|139\/283\n|\n|upkeep\n|turn|32\n|\n|t:|1656016524\n|move|p1a: Meowstic|Thunderbolt|p2a: Victini\n|-damage|p2a: Victini|75\/283\n|move|p2a: Victini|Glaciate|p1a: Meowstic\n|-damage|p1a: Meowstic|0 fnt\n|faint|p1a: Meowstic\n|\n|win|lulamae\n|raw|Arcangel666's rating: 1769 &rarr; <strong>1751<\/strong><br \/>(-18 for losing)\n|raw|lulamae's rating: 1811 &rarr; <strong>1829<\/strong><br \/>(+18 for winning)\n|l|\u2606Arcangel666\n|c|\u2606lulamae|gg\n||Ladder isn't responding, score probably updated but might not have (Request timeout).\n","inputlog":">version 670c2f5a4ee85e366483c1d6b048cac7bb7a651c\n>start {\"formatid\":\"gen8randombattle\",\"seed\":[20410,24030,34952,33294],\"rated\":\"Rated battle\"}\n>player p1 {\"name\":\"Arcangel666\",\"avatar\":\"piers\",\"rating\":1769,\"seed\":[18371,25968,34197,60240]}\n>player p2 {\"name\":\"lulamae\",\"avatar\":\"lady\",\"rating\":1811,\"seed\":[59055,49974,42944,46536]}\n>p1 switch 5\n>p2 switch 3\n>p1 move nastyplot\n>p2 switch 4\n>p1 switch 5\n>p2 move vcreate\n>p1 move bodyslam\n>p2 switch 4\n>p1 move bodyslam\n>p2 move icebeam\n>p1 move earthquake\n>p2 move scald\n>p1 move bodyslam\n>p2 move scald\n>p1 move bodyslam\n>p2 move calmmind\n>p1 switch 5\n>p2 move scald\n>p1 move thunderbolt\n>p2 move icebeam\n>p1 switch 3\n>p1 move psychic\n>p2 move icebeam\n>p2 switch 2\n>p1 move teleport\n>p2 move knockoff\n>p1 switch 5\n>p1 move bodyslam\n>p2 move stealthrock\n>p1 move bodyslam\n>p2 move knockoff\n>p1 move milkdrink\n>p2 move suckerpunch\n>p1 move milkdrink\n>p2 move ironhead\n>p1 move milkdrink\n>p2 switch 5\n>p1 move toxic\n>p2 move superpower\n>p1 switch 2\n>p1 move dragondance\n>p2 switch 4\n>p1 move earthquake dynamax\n>p2 move glaciate dynamax\n>p1 move earthquake dynamax\n>p2 switch 6\n>p1 move dragonascent dynamax\n>p2 switch 4\n>p1 move earthquake\n>p2 move explosion\n>p2 switch 3\n>p1 move vcreate\n>p2 move sunsteelstrike\n>p2 switch 5\n>p1 switch 6\n>p2 move knockoff\n>p1 move bugbuzz\n>p2 move ironhead\n>p2 switch 6\n>p1 move bugbuzz\n>p2 move boltstrike\n>p1 switch 4\n>p1 move shadowball\n>p2 switch 4\n>p1 switch 6\n>p2 move roost\n>p1 move dragonascent\n>p2 move dualwingbeat\n>p1 switch 6\n>p1 move thunderbolt\n>p2 move uturn\n>p2 switch 4\n>p1 move thunderbolt\n>p2 move glaciate","uploadtime":1656016528,"views":4,"p1id":"arcangel666","p2id":"lulamae","formatid":"gen8randombattle","rating":1751,"private":0,"password":null}