{"id":"gen8hackmonscup-1706963032","p1":"ghite\u2606off","p2":"Lockjaw","format":"gen8hackmonscup","log":"|j|\u2606ghite\u2606off\n|j|\u2606Lockjaw\n|t:|1668036798\n|gametype|singles\n|player|p1|ghite\u2606off|channeler-lgpe|\n|player|p2|Lockjaw|#puwcop2021brazil|\n|teamsize|p1|6\n|teamsize|p2|6\n|gen|8\n|tier|[Gen 8] Hackmons Cup\n|rule|HP Percentage Mod: HP is shown in percentages\n|\n|t:|1668036798\n|start\n|switch|p1a: Snover|Snover, L86, F|242\/242\n|switch|p2a: Remoraid|Remoraid, L89, F|207\/207\n|-weather|SunnyDay|[from] ability: Drought|[of] p2a: Remoraid\n|turn|1\n|c|\u2606ghite\u2606off|precisa mandar na pt?\n|c|\u2606ghite\u2606off|idk\n|\n|t:|1668036826\n|move|p2a: Remoraid|Eerie Spell|p1a: Snover\n|-damage|p1a: Snover|183\/242\n|move|p1a: Snover|Counter||[still]\n|-fail|p1a: Snover\n|\n|-weather|SunnyDay|[upkeep]\n|upkeep\n|turn|2\n|c|\u2606Lockjaw|N\u00e3o\n|\n|t:|1668036834\n|move|p2a: Remoraid|Eerie Spell|p1a: Snover\n|-crit|p1a: Snover\n|-damage|p1a: Snover|95\/242\n|-activate|p1a: Snover|move: Eerie Spell|Counter|3\n|move|p1a: Snover|Disarming Voice|p2a: Remoraid\n|-damage|p2a: Remoraid|143\/207\n|\n|-weather|SunnyDay|[upkeep]\n|upkeep\n|turn|3\n|\n|t:|1668036849\n|move|p2a: Remoraid|Psyshock|p1a: Snover\n|-damage|p1a: Snover|21\/242\n|-heal|p2a: Remoraid|152\/207|[from] item: Shell Bell|[of] p1a: Snover\n|move|p1a: Snover|Disarming Voice|p2a: Remoraid\n|-damage|p2a: Remoraid|97\/207\n|\n|-weather|SunnyDay|[upkeep]\n|upkeep\n|turn|4\n|\n|t:|1668036851\n|move|p2a: Remoraid|Psyshock|p1a: Snover\n|-damage|p1a: Snover|0 fnt\n|faint|p1a: Snover\n|-heal|p2a: Remoraid|99\/207|[from] item: Shell Bell|[of] p1: Snover\n|\n|-weather|SunnyDay|[upkeep]\n|upkeep\n|\n|t:|1668036863\n|switch|p1a: Doublade|Doublade, L77, F|205\/205\n|turn|5\n|\n|t:|1668036872\n|switch|p2a: Sandaconda|Sandaconda, L73, F|205\/205\n|move|p1a: Doublade|Dragon Claw|p2a: Sandaconda\n|-damage|p2a: Sandaconda|94\/205\n|\n|-weather|none\n|upkeep\n|turn|6\n|\n|t:|1668036879\n|move|p2a: Sandaconda|Heat Wave|p1a: Doublade\n|-supereffective|p1a: Doublade\n|-damage|p1a: Doublade|47\/205\n|move|p1a: Doublade|Dragon Claw|p2a: Sandaconda\n|-crit|p2a: Sandaconda\n|-damage|p2a: Sandaconda|0 fnt\n|faint|p2a: Sandaconda\n|\n|upkeep\n|\n|t:|1668036897\n|switch|p2a: Golbat|Golbat, L77, M|264\/264\n|turn|7\n|\n|t:|1668036923\n|move|p2a: Golbat|Bite|p1a: Doublade\n|-supereffective|p1a: Doublade\n|-damage|p1a: Doublade|3\/205\n|move|p1a: Doublade|Dragon Claw|p2a: Golbat\n|-damage|p2a: Golbat|142\/264\n|\n|upkeep\n|turn|8\n|\n|t:|1668036937\n|switch|p1a: Cosmoem|Cosmoem, L79|190\/190\n|move|p2a: Golbat|Bite|p1a: Cosmoem\n|-supereffective|p1a: Cosmoem\n|-crit|p1a: Cosmoem\n|-damage|p1a: Cosmoem|92\/190\n|\n|upkeep\n|turn|9\n|j| calvalo\n|\n|t:|1668036951\n|move|p2a: Golbat|Bite|p1a: Cosmoem\n|-supereffective|p1a: Cosmoem\n|-damage|p1a: Cosmoem|34\/190\n|move|p1a: Cosmoem|Psycho Cut|p2a: Golbat\n|-supereffective|p2a: Golbat\n|-damage|p2a: Golbat|62\/264\n|\n|upkeep\n|turn|10\n|c| calvalo|pingar a galera qnd\n|\n|t:|1668036977\n|move|p2a: Golbat|Bite|p1a: Cosmoem\n|-supereffective|p1a: Cosmoem\n|-damage|p1a: Cosmoem|0 fnt\n|faint|p1a: Cosmoem\n|\n|upkeep\n|\n|t:|1668036983\n|switch|p1a: Dusclops|Dusclops, L76, F|191\/191\n|turn|11\n|\n|t:|1668036999\n|move|p2a: Golbat|Bite|p1a: Dusclops\n|-supereffective|p1a: Dusclops\n|-damage|p1a: Dusclops|133\/191\n|move|p1a: Dusclops|Sludge|p2a: Golbat\n|-resisted|p2a: Golbat\n|-damage|p2a: Golbat|42\/264\n|\n|upkeep\n|turn|12\n|\n|t:|1668037004\n|move|p2a: Golbat|Bite|p1a: Dusclops\n|-supereffective|p1a: Dusclops\n|-damage|p1a: Dusclops|73\/191\n|-enditem|p1a: Dusclops|Sitrus Berry|[eat]\n|-heal|p1a: Dusclops|120\/191|[from] item: Sitrus Berry\n|move|p1a: Dusclops|Sludge|p2a: Golbat\n|-resisted|p2a: Golbat\n|-damage|p2a: Golbat|22\/264\n|\n|upkeep\n|turn|13\n|j|+Scizor Boladao\n|\n|t:|1668037010\n|move|p2a: Golbat|Bite|p1a: Dusclops\n|-supereffective|p1a: Dusclops\n|-damage|p1a: Dusclops|64\/191\n|move|p1a: Dusclops|Sludge|p2a: Golbat\n|-resisted|p2a: Golbat\n|-damage|p2a: Golbat|3\/264\n|\n|upkeep\n|turn|14\n|\n|t:|1668037016\n|move|p2a: Golbat|Bite|p1a: Dusclops\n|-supereffective|p1a: Dusclops\n|-damage|p1a: Dusclops|6\/191\n|move|p1a: Dusclops|Sludge|p2a: Golbat\n|-resisted|p2a: Golbat\n|-damage|p2a: Golbat|0 fnt\n|faint|p2a: Golbat\n|\n|upkeep\n|\n|t:|1668037025\n|switch|p2a: Remoraid|Remoraid, L89, F|99\/207\n|-weather|SunnyDay|[from] ability: Drought|[of] p2a: Remoraid\n|turn|15\n|\n|t:|1668037029\n|move|p2a: Remoraid|Eerie Spell|p1a: Dusclops\n|-damage|p1a: Dusclops|0 fnt\n|faint|p1a: Dusclops\n|-heal|p2a: Remoraid|100\/207|[from] item: Shell Bell|[of] p1: Dusclops\n|\n|-weather|SunnyDay|[upkeep]\n|upkeep\n|\n|t:|1668037031\n|switch|p1a: Tyrogue|Tyrogue, L97, M|204\/204\n|turn|16\n|\n|t:|1668037034\n|move|p2a: Remoraid|Psyshock|p1a: Tyrogue\n|-supereffective|p1a: Tyrogue\n|-damage|p1a: Tyrogue|0 fnt\n|faint|p1a: Tyrogue\n|-heal|p2a: Remoraid|125\/207|[from] item: Shell Bell|[of] p1: Tyrogue\n|\n|-weather|SunnyDay|[upkeep]\n|upkeep\n|\n|t:|1668037037\n|switch|p1a: Kabutops|Kabutops, L74, F|216\/216\n|turn|17\n|\n|t:|1668037041\n|move|p2a: Remoraid|Eerie Spell|p1a: Kabutops\n|-damage|p1a: Kabutops|149\/216\n|-heal|p2a: Remoraid|133\/207|[from] item: Shell Bell|[of] p1a: Kabutops\n|move|p1a: Kabutops|Sandstorm|p1a: Kabutops\n|-weather|Sandstorm\n|\n|-weather|Sandstorm|[upkeep]\n|-damage|p2a: Remoraid|121\/207|[from] Sandstorm\n|upkeep\n|turn|18\n|\n|t:|1668037045\n|move|p2a: Remoraid|Psyshock|p1a: Kabutops\n|-damage|p1a: Kabutops|99\/216\n|-heal|p2a: Remoraid|127\/207|[from] item: Shell Bell|[of] p1a: Kabutops\n|move|p1a: Kabutops|Tar Shot|p2a: Remoraid\n|-unboost|p2a: Remoraid|spe|1\n|-start|p2a: Remoraid|Tar Shot\n|\n|-weather|Sandstorm|[upkeep]\n|-damage|p2a: Remoraid|115\/207|[from] Sandstorm\n|upkeep\n|turn|19\n|\n|t:|1668037053\n|move|p1a: Kabutops|Withdraw|p1a: Kabutops\n|-boost|p1a: Kabutops|def|1\n|move|p2a: Remoraid|Psyshock|p1a: Kabutops\n|-damage|p1a: Kabutops|70\/216\n|-heal|p2a: Remoraid|118\/207|[from] item: Shell Bell|[of] p1a: Kabutops\n|\n|-weather|Sandstorm|[upkeep]\n|-damage|p2a: Remoraid|106\/207|[from] Sandstorm\n|upkeep\n|turn|20\n|\n|t:|1668037057\n|move|p1a: Kabutops|Withdraw|p1a: Kabutops\n|-boost|p1a: Kabutops|def|1\n|move|p2a: Remoraid|Eerie Spell|p1a: Kabutops\n|-damage|p1a: Kabutops|25\/216\n|-activate|p1a: Kabutops|move: Eerie Spell|Withdraw|3\n|-heal|p2a: Remoraid|111\/207|[from] item: Shell Bell|[of] p1a: Kabutops\n|\n|-weather|Sandstorm|[upkeep]\n|-damage|p2a: Remoraid|99\/207|[from] Sandstorm\n|upkeep\n|turn|21\n|\n|t:|1668037059\n|move|p1a: Kabutops|Tar Shot|p2a: Remoraid\n|-unboost|p2a: Remoraid|spe|1\n|move|p2a: Remoraid|Eerie Spell|p1a: Kabutops\n|-damage|p1a: Kabutops|0 fnt\n|faint|p1a: Kabutops\n|-heal|p2a: Remoraid|102\/207|[from] item: Shell Bell|[of] p1: Kabutops\n|\n|-weather|none\n|upkeep\n|\n|t:|1668037062\n|switch|p1a: Doublade|Doublade, L77, F|3\/205\n|turn|22\n|\n|t:|1668037066\n|switch|p2a: Dottler|Dottler, L85, F|233\/233\n|move|p1a: Doublade|Dragon Claw|p2a: Dottler\n|-damage|p2a: Dottler|138\/233\n|\n|upkeep\n|turn|23\n|\n|t:|1668037070\n|move|p2a: Dottler|Plasma Fists|p1a: Doublade\n|-damage|p1a: Doublade|0 fnt\n|-fieldactivate|move: Ion Deluge\n|-hint|Normal-type moves become Electric-type after using Plasma Fists.\n|faint|p1a: Doublade\n|\n|win|Lockjaw\n|l|\u2606ghite\u2606off\n|l| calvalo\n|l|+Scizor Boladao\n|j| Moretto\n|l| Moretto\n|j| Moretto\n","uploadtime":1668037076,"views":4,"p1id":"ghiteoff","p2id":"lockjaw","formatid":"gen8hackmonscup","rating":0,"private":0,"password":null}