{"id":"gen8freeforallrandombattle-1356142899","p1":"swag dragon slayer","p2":"Gurtrant","format":"gen8freeforallrandombattle","log":"|j|\u2606swag dragon slayer\n|j|\u2606Gurtrant\n|j|\u203ddot257\n|j|\u2606AMills\n|t:|1623285294\n|gametype|freeforall\n|player|p1|swag dragon slayer|firebreather|\n|player|p2|Gurtrant|238|\n|player|p3|dot257|aaron|\n|player|p4|AMills|hilbert-dueldisk|\n|teamsize|p1|6\n|teamsize|p2|6\n|teamsize|p3|6\n|teamsize|p4|6\n|gen|8\n|tier|[Gen 8] Free-For-All Random Battle\n|rule|Species Clause: Limit one of each Pok\u00e9mon\n|rule|HP Percentage Mod: HP is shown in percentages\n|rule|Sleep Clause Mod: Limit one foe put to sleep\n|\n|t:|1623285294\n|start\n|switch|p1a: Dracozolt|Dracozolt, L82|282\/282\n|switch|p2a: Mr. Mime|Mr. Mime-Galar, L86, F|226\/226\n|switch|p3b: Klinklang|Klinklang, L88|249\/249\n|switch|p4b: Tauros|Tauros, L84, M|263\/263\n|-ability|p4b: Tauros|Intimidate|boost\n|-unboost|p1a: Dracozolt|atk|1\n|-unboost|p2a: Mr. Mime|atk|1\n|-fail|p3b: Klinklang|unboost|[from] ability: Clear Body|[of] p3b: Klinklang\n|turn|1\n|inactive|Battle timer is ON: inactive players will automatically lose when time's up. (requested by Gurtrant)\n|inactive|Gurtrant has 120 seconds left.\n|inactive|dot257 has 120 seconds left.\n|\n|t:|1623285327\n|move|p1a: Dracozolt|Rock Slide|p2a: Mr. Mime|[spread] p2a,p3b\n|-miss|p1a: Dracozolt|p4b: Tauros\n|-supereffective|p2a: Mr. Mime\n|-resisted|p3b: Klinklang\n|-damage|p2a: Mr. Mime|182\/226\n|-damage|p3b: Klinklang|240\/249\n|move|p4b: Tauros|Rock Slide|p3b: Klinklang|[spread] p1a,p2a\n|-miss|p4b: Tauros|p3b: Klinklang\n|-crit|p1a: Dracozolt\n|-supereffective|p2a: Mr. Mime\n|-damage|p1a: Dracozolt|233\/282\n|-damage|p2a: Mr. Mime|125\/226\n|-damage|p4b: Tauros|237\/263|[from] item: Life Orb\n|move|p2a: Mr. Mime|Nasty Plot|p2a: Mr. Mime\n|-boost|p2a: Mr. Mime|spa|2\n|cant|p3b: Klinklang|flinch\n|\n|upkeep\n|turn|2\n|\n|t:|1623285351\n|move|p4b: Tauros|Protect|p4b: Tauros\n|-singleturn|p4b: Tauros|Protect\n|move|p1a: Dracozolt|Rock Slide|p3b: Klinklang|[spread] p2a\n|-activate|p4b: Tauros|move: Protect\n|-miss|p1a: Dracozolt|p3b: Klinklang\n|-supereffective|p2a: Mr. Mime\n|-damage|p2a: Mr. Mime|81\/226\n|move|p2a: Mr. Mime|Focus Blast|p3b: Klinklang\n|-supereffective|p3b: Klinklang\n|-damage|p3b: Klinklang|0 fnt\n|faint|p3b: Klinklang\n|\n|upkeep\n|\n|t:|1623285370\n|switch|p3b: Diggersby|Diggersby, L86, F|286\/286\n|turn|3\n|l|\u2606Gurtrant\n|inactive|Gurtrant disconnected and has a minute to reconnect!\n|player|p2|\n|inactive|Gurtrant has 30 seconds to reconnect!\n|inactive|Gurtrant has 20 seconds to reconnect!\n|inactive|Gurtrant has 15 seconds to reconnect!\n|inactive|Gurtrant has 10 seconds to reconnect!\n|inactive|Gurtrant has 5 seconds to reconnect!\n|-message|Gurtrant lost due to inactivity.\n|faint|p2a: Mr. Mime\n|\n|t:|1623285451\n|move|p1a: Dracozolt|Rock Slide|p4b: Tauros|[spread] p3b\n|-miss|p1a: Dracozolt|p4b: Tauros\n|-resisted|p3b: Diggersby\n|-damage|p3b: Diggersby|273\/286\n|move|p4b: Tauros|Rock Slide|p1a: Dracozolt|[spread] p1a,p3b\n|-resisted|p3b: Diggersby\n|-damage|p1a: Dracozolt|201\/282\n|-damage|p3b: Diggersby|256\/286\n|-damage|p4b: Tauros|211\/263|[from] item: Life Orb\n|cant|p3b: Diggersby|flinch\n|\n|upkeep\n|turn|4\n|\n|t:|1623285470\n|move|p1a: Dracozolt|Rock Slide|p3b: Diggersby|[spread] p3b\n|-miss|p1a: Dracozolt|p4b: Tauros\n|-resisted|p3b: Diggersby\n|-damage|p3b: Diggersby|242\/286\n|move|p4b: Tauros|Body Slam|p3b: Diggersby\n|-damage|p3b: Diggersby|117\/286\n|-status|p3b: Diggersby|par\n|-damage|p4b: Tauros|185\/263|[from] item: Life Orb\n|move|p3b: Diggersby|Swords Dance|p3b: Diggersby\n|-boost|p3b: Diggersby|atk|2\n|\n|upkeep\n|turn|5\n|j|\u2606Gurtrant\n|l|\u2606Gurtrant\n|inactive|dot257 has 120 seconds left.\n|\n|t:|1623285515\n|cant|p3b: Diggersby|par\n|move|p1a: Dracozolt|Rock Slide|p3b: Diggersby|[spread] p3b,p4b\n|-resisted|p3b: Diggersby\n|-damage|p3b: Diggersby|102\/286 par\n|-damage|p4b: Tauros|161\/263\n|move|p4b: Tauros|Body Slam|p3b: Diggersby\n|-damage|p3b: Diggersby|0 fnt\n|faint|p3b: Diggersby\n|-damage|p4b: Tauros|135\/263|[from] item: Life Orb\n|\n|upkeep\n|\n|t:|1623285532\n|switch|p3b: Zarude|Zarude, L80|299\/299\n|turn|6\n|\n|t:|1623285554\n|move|p1a: Dracozolt|Rock Slide|p3b: Zarude|[spread] p3b,p4b\n|-damage|p3b: Zarude|277\/299\n|-damage|p4b: Tauros|111\/263\n|cant|p4b: Tauros|flinch\n|move|p3b: Zarude|Darkest Lariat|p1a: Dracozolt\n|-damage|p1a: Dracozolt|110\/282\n|\n|upkeep\n|turn|7\n|inactive|dot257 has 120 seconds left.\n|\n|t:|1623285574\n|move|p1a: Dracozolt|Rock Slide|p3b: Zarude|[spread] p3b,p4b\n|-damage|p3b: Zarude|255\/299\n|-damage|p4b: Tauros|88\/263\n|move|p4b: Tauros|Rock Slide|p3b: Zarude|[spread] p1a,p3b\n|-damage|p1a: Dracozolt|75\/282\n|-damage|p3b: Zarude|224\/299\n|-damage|p4b: Tauros|62\/263|[from] item: Life Orb\n|move|p3b: Zarude|Power Whip|p4b: Tauros\n|-damage|p4b: Tauros|0 fnt\n|faint|p4b: Tauros\n|\n|upkeep\n|inactive|AMills has 120 seconds left.\n|\n|t:|1623285628\n|switch|p4b: Ribombee|Ribombee, L84, F|238\/238\n|turn|8\n|\n|t:|1623285638\n|move|p3b: Zarude|Protect|p3b: Zarude\n|-singleturn|p3b: Zarude|Protect\n|move|p4b: Ribombee|Sticky Web|p1a: Dracozolt\n|-sidestart|p1: swag dragon slayer|move: Sticky Web\n|-sidestart|p2: Gurtrant|move: Sticky Web\n|-sidestart|p3: dot257|move: Sticky Web\n|move|p1a: Dracozolt|Rock Slide|p3b: Zarude|[spread] p4b\n|-activate|p3b: Zarude|move: Protect\n|-supereffective|p4b: Ribombee\n|-damage|p4b: Ribombee|170\/238\n|\n|upkeep\n|turn|9\n|\n|t:|1623285651\n|switch|p3b: Gyarados|Gyarados, L82, M|290\/290\n|-ability|p3b: Gyarados|Intimidate|boost\n|-unboost|p1a: Dracozolt|atk|1\n|-unboost|p4b: Ribombee|atk|1\n|move|p4b: Ribombee|Moonblast|p1a: Dracozolt\n|-supereffective|p1a: Dracozolt\n|-damage|p1a: Dracozolt|0 fnt\n|faint|p1a: Dracozolt\n|\n|upkeep\n|\n|t:|1623285664\n|switch|p1a: Armaldo|Armaldo, L88, M|275\/275\n|-activate|p1a: Armaldo|move: Sticky Web\n|-unboost|p1a: Armaldo|spe|1\n|turn|10\n|inactive|dot257 has 120 seconds left.\n|\n|t:|1623285703\n|move|p4b: Ribombee|Moonblast|p3b: Gyarados\n|-crit|p3b: Gyarados\n|-damage|p3b: Gyarados|152\/290\n|move|p3b: Gyarados|Dragon Dance|p3b: Gyarados\n|-boost|p3b: Gyarados|atk|1\n|-boost|p3b: Gyarados|spe|1\n|move|p1a: Armaldo|Stone Edge|p3b: Gyarados\n|-supereffective|p3b: Gyarados\n|-damage|p3b: Gyarados|0 fnt\n|faint|p3b: Gyarados\n|\n|upkeep\n|\n|t:|1623285713\n|switch|p3b: Zarude|Zarude, L80|224\/299\n|-activate|p3b: Zarude|move: Sticky Web\n|-unboost|p3b: Zarude|spe|1\n|turn|11\n|\n|t:|1623285724\n|move|p4b: Ribombee|Pollen Puff|p3b: Zarude\n|-supereffective|p3b: Zarude\n|-damage|p3b: Zarude|0 fnt\n|faint|p3b: Zarude\n|move|p1a: Armaldo|Stone Edge|p4b: Ribombee\n|-supereffective|p4b: Ribombee\n|-damage|p4b: Ribombee|0 fnt\n|faint|p4b: Ribombee\n|\n|upkeep\n|\n|t:|1623285740\n|switch|p4b: Skarmory|Skarmory, L84, F|246\/246\n|switch|p3b: Pheromosa|Pheromosa, L78|239\/239\n|-activate|p3b: Pheromosa|move: Sticky Web\n|-unboost|p3b: Pheromosa|spe|1\n|turn|12\n|\n|t:|1623285757\n|move|p3b: Pheromosa|Close Combat|p1a: Armaldo\n|-damage|p1a: Armaldo|106\/275\n|-unboost|p3b: Pheromosa|def|1\n|-unboost|p3b: Pheromosa|spd|1\n|-damage|p3b: Pheromosa|216\/239|[from] item: Life Orb\n|move|p4b: Skarmory|Brave Bird|p3b: Pheromosa\n|-supereffective|p3b: Pheromosa\n|-damage|p3b: Pheromosa|0 fnt\n|faint|p3b: Pheromosa\n|-damage|p4b: Skarmory|175\/246|[from] Recoil\n|move|p1a: Armaldo|Stone Edge|p4b: Skarmory|[miss]\n|-miss|p1a: Armaldo|p4b: Skarmory\n|\n|upkeep\n|\n|t:|1623285769\n|switch|p3b: Ho-Oh|Ho-Oh, L72|271\/271\n|turn|13\n|\n|t:|1623285778\n|move|p3b: Ho-Oh|Sacred Fire|p4b: Skarmory\n|-supereffective|p4b: Skarmory\n|-damage|p4b: Skarmory|43\/246\n|-enditem|p4b: Skarmory|Sitrus Berry|[eat]\n|-heal|p4b: Skarmory|104\/246|[from] item: Sitrus Berry\n|move|p4b: Skarmory|Roost|p4b: Skarmory\n|-heal|p4b: Skarmory|227\/246\n|-singleturn|p4b: Skarmory|move: Roost\n|move|p1a: Armaldo|Stone Edge|p3b: Ho-Oh\n|-supereffective|p3b: Ho-Oh\n|-damage|p3b: Ho-Oh|0 fnt\n|faint|p3b: Ho-Oh\n|\n|upkeep\n|turn|14\n|\n|t:|1623285793\n|move|p4b: Skarmory|Iron Defense|p4b: Skarmory\n|-boost|p4b: Skarmory|def|2\n|move|p1a: Armaldo|Stone Edge|p4b: Skarmory\n|-crit|p4b: Skarmory\n|-damage|p4b: Skarmory|23\/246\n|\n|upkeep\n|turn|15\n|\n|t:|1623285801\n|move|p4b: Skarmory|Roost|p4b: Skarmory\n|-heal|p4b: Skarmory|146\/246\n|-singleturn|p4b: Skarmory|move: Roost\n|move|p1a: Armaldo|Stone Edge|p4b: Skarmory\n|-resisted|p4b: Skarmory\n|-damage|p4b: Skarmory|107\/246\n|\n|upkeep\n|turn|16\n|-message|dot257 forfeited.\n|l|\u203ddot257\n|\n|t:|1623285810\n|move|p4b: Skarmory|Roost|p4b: Skarmory\n|-heal|p4b: Skarmory|230\/246\n|-singleturn|p4b: Skarmory|move: Roost\n|move|p1a: Armaldo|Stone Edge|p4b: Skarmory\n|-resisted|p4b: Skarmory\n|-damage|p4b: Skarmory|196\/246\n|\n|upkeep\n|turn|17\n|\n|t:|1623285840\n|switch|p1a: Farfetch\u2019d|Farfetch\u2019d, L95, F|253\/253\n|move|p4b: Skarmory|Body Press|p1a: Farfetch\u2019d\n|-damage|p1a: Farfetch\u2019d|72\/253\n|\n|upkeep\n|turn|18\n|\n|t:|1623285860\n|move|p1a: Farfetch\u2019d|Close Combat|p4b: Skarmory\n|-crit|p4b: Skarmory\n|-damage|p4b: Skarmory|97\/246\n|-unboost|p1a: Farfetch\u2019d|def|1\n|-unboost|p1a: Farfetch\u2019d|spd|1\n|move|p4b: Skarmory|Body Press|p1a: Farfetch\u2019d\n|-damage|p1a: Farfetch\u2019d|0 fnt\n|faint|p1a: Farfetch\u2019d\n|\n|upkeep\n|\n|t:|1623285879\n|switch|p1a: Mamoswine|Mamoswine, L84, M|322\/322\n|-activate|p1a: Mamoswine|move: Sticky Web\n|-unboost|p1a: Mamoswine|spe|1\n|turn|19\n|\n|t:|1623285907\n|-start|p1a: Mamoswine|Dynamax\n|-heal|p1a: Mamoswine|644\/644|[silent]\n|move|p4b: Skarmory|Roost|p4b: Skarmory\n|-heal|p4b: Skarmory|220\/246\n|-singleturn|p4b: Skarmory|move: Roost\n|move|p1a: Mamoswine|Max Rockfall|p4b: Skarmory\n|-resisted|p4b: Skarmory\n|-damage|p4b: Skarmory|194\/246\n|-weather|Sandstorm\n|-damage|p1a: Mamoswine|612\/644|[from] item: Life Orb\n|\n|-weather|Sandstorm|[upkeep]\n|upkeep\n|turn|20\n|\n|t:|1623285924\n|move|p4b: Skarmory|Body Press|p1a: Mamoswine\n|-supereffective|p1a: Mamoswine\n|-damage|p1a: Mamoswine|266\/644\n|move|p1a: Mamoswine|Max Rockfall|p4b: Skarmory\n|-crit|p4b: Skarmory\n|-damage|p4b: Skarmory|45\/246\n|-damage|p1a: Mamoswine|234\/644|[from] item: Life Orb\n|\n|-weather|Sandstorm|[upkeep]\n|upkeep\n|turn|21\n|\n|t:|1623285938\n|move|p4b: Skarmory|Roost|p4b: Skarmory\n|-heal|p4b: Skarmory|168\/246\n|-singleturn|p4b: Skarmory|move: Roost\n|move|p1a: Mamoswine|Max Rockfall|p4b: Skarmory\n|-resisted|p4b: Skarmory\n|-damage|p4b: Skarmory|145\/246\n|-damage|p1a: Mamoswine|202\/644|[from] item: Life Orb\n|\n|-weather|Sandstorm|[upkeep]\n|-end|p1a: Mamoswine|Dynamax\n|-heal|p1a: Mamoswine|101\/322|[silent]\n|upkeep\n|turn|22\n|\n|t:|1623285953\n|move|p4b: Skarmory|Body Press|p1a: Mamoswine\n|-supereffective|p1a: Mamoswine\n|-damage|p1a: Mamoswine|0 fnt\n|faint|p1a: Mamoswine\n|\n|-weather|Sandstorm|[upkeep]\n|upkeep\n|-message|swag dragon slayer forfeited.\n|\n|win|AMills\n|l|\u2606swag dragon slayer\n","inputlog":">version 0d96865c693845089aa50d8e1abafee3e9a2257b\n>start {\"formatid\":\"gen8freeforallrandombattle\",\"seed\":[51966,18302,38652,27514]}\n>player p1 {\"name\":\"swag dragon slayer\",\"avatar\":\"firebreather\",\"rating\":0,\"seed\":[21898,28393,19452,41689]}\n>player p2 {\"name\":\"Gurtrant\",\"avatar\":\"238\",\"rating\":0,\"seed\":[64980,30681,44554,29993]}\n>player p3 {\"name\":\"dot257\",\"avatar\":\"aaron\",\"rating\":0,\"seed\":[63114,18054,3998,46426]}\n>player p4 {\"name\":\"AMills\",\"avatar\":\"hilbert-dueldisk\",\"rating\":0,\"seed\":[57764,1953,42390,48319]}\n>p1 move rockslide\n>p2 move nastyplot\n>p3 move shiftgear\n>p4 move rockslide\n>p1 move rockslide\n>p2 move focusblast\n>p3 move shiftgear\n>p4 move protect\n>p3 switch 6\n>p1 move rockslide\n>p3 move swordsdance\n>p4 move rockslide\n>forcelose p2\n>p1 move rockslide\n>p3 move swordsdance\n>p4 move bodyslam\n>p1 move rockslide\n>p3 move quickattack\n>p4 move bodyslam\n>p3 switch 2\n>p1 move rockslide\n>p3 move darkestlariat\n>p4 move rockslide\n>p1 move rockslide\n>p3 move powerwhip\n>p4 move rockslide\n>p4 switch 5\n>p1 move rockslide\n>p3 move protect\n>p4 move stickyweb\n>p1 move rockslide\n>p3 switch 3\n>p4 move moonblast\n>p1 switch 2\n>p1 move stoneedge\n>p3 move dragondance\n>p4 move moonblast\n>p3 switch 3\n>p1 move stoneedge\n>p3 move powerwhip\n>p4 move pollenpuff\n>p3 switch 4\n>p4 switch 6\n>p1 move stoneedge\n>p3 move closecombat\n>p4 move bravebird\n>p3 switch 5\n>p1 move stoneedge\n>p3 move sacredfire\n>p4 move roost\n>p1 move stoneedge\n>p4 move irondefense\n>p1 move stoneedge\n>p4 move roost\n>forcelose p3\n>p1 move stoneedge\n>p4 move roost\n>p1 switch 6\n>p4 move bodypress\n>p1 move closecombat\n>p4 move bodypress\n>p1 switch 5\n>p1 move rockslide dynamax\n>p4 move roost\n>p1 move rockslide dynamax\n>p4 move bodypress\n>p1 move rockslide dynamax\n>p4 move roost\n>p1 move iciclecrash\n>p4 move bodypress\n>forcelose p1","uploadtime":1623286022,"views":3,"p1id":"swagdragonslayer","p2id":"gurtrant","formatid":"gen8freeforallrandombattle","rating":0,"private":0,"password":null}