{"id":"gen8randombattle-1687078001","p1":"AlphaTherai","p2":"horstinator","format":"gen8randombattle","log":"|j|\u2606AlphaTherai\n|j|\u2606horstinator\n|t:|1665925003\n|gametype|singles\n|player|p1|AlphaTherai|pokekid|1322\n|player|p2|horstinator|170|1365\n|teamsize|p1|6\n|teamsize|p2|6\n|gen|8\n|tier|[Gen 8] Random Battle\n|rated|\n|rule|Species Clause: Limit one of each Pok\u00e9mon\n|rule|HP Percentage Mod: HP is shown in percentages\n|rule|Sleep Clause Mod: Limit one foe put to sleep\n|\n|t:|1665925003\n|start\n|switch|p1a: Heatmor|Heatmor, L90, F|299\/299\n|switch|p2a: Tyranitar|Tyranitar, L78, M|284\/284\n|-weather|Sandstorm|[from] ability: Sand Stream|[of] p2a: Tyranitar\n|turn|1\n|inactive|Battle timer is ON: inactive players will automatically lose when time's up. (requested by AlphaTherai)\n|\n|t:|1665925013\n|switch|p1a: Sandaconda|Sandaconda, L84, F|258\/258\n|move|p2a: Tyranitar|Dragon Dance|p2a: Tyranitar\n|-boost|p2a: Tyranitar|atk|1\n|-boost|p2a: Tyranitar|spe|1\n|\n|-weather|Sandstorm|[upkeep]\n|upkeep\n|turn|2\n|\n|t:|1665925027\n|switch|p2a: Eldegoss|Eldegoss, L90, F|254\/254\n|move|p1a: Sandaconda|Earthquake|p2a: Eldegoss\n|-resisted|p2a: Eldegoss\n|-damage|p2a: Eldegoss|200\/254\n|\n|-weather|Sandstorm|[upkeep]\n|-damage|p2a: Eldegoss|185\/254|[from] Sandstorm\n|upkeep\n|turn|3\n|\n|t:|1665925039\n|switch|p1a: Heatmor|Heatmor, L90, F|299\/299\n|move|p2a: Eldegoss|Energy Ball|p1a: Heatmor\n|-resisted|p1a: Heatmor\n|-damage|p1a: Heatmor|245\/299\n|\n|-weather|Sandstorm|[upkeep]\n|-damage|p1a: Heatmor|227\/299|[from] Sandstorm\n|-damage|p2a: Eldegoss|170\/254|[from] Sandstorm\n|upkeep\n|turn|4\n|\n|t:|1665925048\n|switch|p2a: Tyranitar|Tyranitar, L78, M|284\/284\n|move|p1a: Heatmor|Substitute|p1a: Heatmor\n|-start|p1a: Heatmor|Substitute\n|-damage|p1a: Heatmor|153\/299\n|\n|-weather|Sandstorm|[upkeep]\n|-damage|p1a: Heatmor|135\/299|[from] Sandstorm\n|upkeep\n|turn|5\n|\n|t:|1665925056\n|move|p1a: Heatmor|Giga Drain|p2a: Tyranitar\n|-supereffective|p2a: Tyranitar\n|-damage|p2a: Tyranitar|194\/284\n|-heal|p1a: Heatmor|180\/299|[from] drain|[of] p2a: Tyranitar\n|move|p2a: Tyranitar|Dragon Dance|p2a: Tyranitar\n|-boost|p2a: Tyranitar|atk|1\n|-boost|p2a: Tyranitar|spe|1\n|\n|-weather|none\n|upkeep\n|turn|6\n|\n|t:|1665925069\n|move|p2a: Tyranitar|Crunch|p1a: Heatmor\n|-crit|p1a: Heatmor\n|-end|p1a: Heatmor|Substitute\n|move|p1a: Heatmor|Giga Drain|p2a: Tyranitar\n|-supereffective|p2a: Tyranitar\n|-damage|p2a: Tyranitar|76\/284\n|-heal|p1a: Heatmor|239\/299|[from] drain|[of] p2a: Tyranitar\n|\n|upkeep\n|turn|7\n|\n|t:|1665925076\n|move|p2a: Tyranitar|Stone Edge|p1a: Heatmor|[miss]\n|-miss|p2a: Tyranitar|p1a: Heatmor\n|move|p1a: Heatmor|Giga Drain|p2a: Tyranitar\n|-supereffective|p2a: Tyranitar\n|-damage|p2a: Tyranitar|0 fnt\n|-heal|p1a: Heatmor|277\/299|[from] drain|[of] p2a: Tyranitar\n|faint|p2a: Tyranitar\n|\n|upkeep\n|\n|t:|1665925090\n|switch|p2a: Cresselia|Cresselia, L80, F|323\/323\n|turn|8\n|\n|t:|1665925094\n|move|p2a: Cresselia|Calm Mind|p2a: Cresselia\n|-boost|p2a: Cresselia|spa|1\n|-boost|p2a: Cresselia|spd|1\n|move|p1a: Heatmor|Knock Off|p2a: Cresselia\n|-supereffective|p2a: Cresselia\n|-damage|p2a: Cresselia|183\/323\n|-enditem|p2a: Cresselia|Leftovers|[from] move: Knock Off|[of] p1a: Heatmor\n|\n|upkeep\n|turn|9\n|\n|t:|1665925104\n|move|p2a: Cresselia|Calm Mind|p2a: Cresselia\n|-boost|p2a: Cresselia|spa|1\n|-boost|p2a: Cresselia|spd|1\n|move|p1a: Heatmor|Fire Lash|p2a: Cresselia\n|-damage|p2a: Cresselia|101\/323\n|-unboost|p2a: Cresselia|def|1\n|\n|upkeep\n|turn|10\n|\n|t:|1665925112\n|move|p2a: Cresselia|Moonlight|p2a: Cresselia\n|-heal|p2a: Cresselia|262\/323\n|move|p1a: Heatmor|Fire Lash|p2a: Cresselia\n|-damage|p2a: Cresselia|151\/323\n|-unboost|p2a: Cresselia|def|1\n|\n|upkeep\n|turn|11\n|\n|t:|1665925122\n|move|p2a: Cresselia|Psyshock|p1a: Heatmor\n|-damage|p1a: Heatmor|130\/299\n|move|p1a: Heatmor|Fire Lash|p2a: Cresselia\n|-damage|p2a: Cresselia|0 fnt\n|faint|p2a: Cresselia\n|\n|upkeep\n|\n|t:|1665925132\n|switch|p2a: Virizion|Virizion, L82|283\/283\n|turn|12\n|\n|t:|1665925136\n|move|p2a: Virizion|Stone Edge|p1a: Heatmor|[miss]\n|-miss|p2a: Virizion|p1a: Heatmor\n|move|p1a: Heatmor|Fire Lash|p2a: Virizion\n|-supereffective|p2a: Virizion\n|-damage|p2a: Virizion|29\/283\n|-unboost|p2a: Virizion|def|1\n|\n|upkeep\n|turn|13\n|c|\u2606AlphaTherai|unlucky huh?\n|\n|t:|1665925155\n|move|p2a: Virizion|Stone Edge|p1a: Heatmor\n|-supereffective|p1a: Heatmor\n|-damage|p1a: Heatmor|0 fnt\n|faint|p1a: Heatmor\n|\n|upkeep\n|\n|t:|1665925159\n|switch|p1a: Porygon-Z|Porygon-Z, L80|227\/227\n|turn|14\n|\n|t:|1665925167\n|move|p1a: Porygon-Z|Flamethrower|p2a: Virizion\n|-supereffective|p2a: Virizion\n|-damage|p2a: Virizion|0 fnt\n|faint|p2a: Virizion\n|\n|upkeep\n|\n|t:|1665925183\n|switch|p2a: Grapploct|Grapploct, L86, F|278\/278\n|turn|15\n|\n|t:|1665925190\n|switch|p1a: Sandaconda|Sandaconda, L84, F|258\/258\n|move|p2a: Grapploct|Drain Punch|p1a: Sandaconda\n|-crit|p1a: Sandaconda\n|-damage|p1a: Sandaconda|110\/258\n|-damage|p2a: Grapploct|251\/278|[from] item: Life Orb\n|\n|-heal|p1a: Sandaconda|126\/258|[from] item: Leftovers\n|upkeep\n|turn|16\n|\n|t:|1665925202\n|move|p1a: Sandaconda|Rest|p1a: Sandaconda\n|-status|p1a: Sandaconda|slp|[from] move: Rest\n|-heal|p1a: Sandaconda|258\/258 slp|[silent]\n|move|p2a: Grapploct|Bulk Up|p2a: Grapploct\n|-boost|p2a: Grapploct|atk|1\n|-boost|p2a: Grapploct|def|1\n|\n|upkeep\n|turn|17\n|\n|t:|1665925209\n|cant|p1a: Sandaconda|slp\n|move|p2a: Grapploct|Bulk Up|p2a: Grapploct\n|-boost|p2a: Grapploct|atk|1\n|-boost|p2a: Grapploct|def|1\n|\n|upkeep\n|turn|18\n|\n|t:|1665925217\n|cant|p1a: Sandaconda|slp\n|move|p2a: Grapploct|Bulk Up|p2a: Grapploct\n|-boost|p2a: Grapploct|atk|1\n|-boost|p2a: Grapploct|def|1\n|\n|upkeep\n|turn|19\n|\n|t:|1665925223\n|-curestatus|p1a: Sandaconda|slp|[msg]\n|move|p1a: Sandaconda|Earthquake|p2a: Grapploct\n|-damage|p2a: Grapploct|203\/278\n|move|p2a: Grapploct|Drain Punch|p1a: Sandaconda\n|-damage|p1a: Sandaconda|27\/258\n|-heal|p2a: Grapploct|278\/278|[from] drain|[of] p1a: Sandaconda\n|-damage|p2a: Grapploct|251\/278|[from] item: Life Orb\n|\n|-heal|p1a: Sandaconda|43\/258|[from] item: Leftovers\n|upkeep\n|turn|20\n|\n|t:|1665925234\n|move|p1a: Sandaconda|Earthquake|p2a: Grapploct\n|-damage|p2a: Grapploct|205\/278\n|move|p2a: Grapploct|Bulk Up|p2a: Grapploct\n|-boost|p2a: Grapploct|atk|1\n|-boost|p2a: Grapploct|def|1\n|\n|-heal|p1a: Sandaconda|59\/258|[from] item: Leftovers\n|upkeep\n|turn|21\n|\n|t:|1665925246\n|-start|p2a: Grapploct|Dynamax|\n|-heal|p2a: Grapploct|410\/556|[silent]\n|move|p1a: Sandaconda|Earthquake|p2a: Grapploct\n|-crit|p2a: Grapploct\n|-damage|p2a: Grapploct|251\/556\n|move|p2a: Grapploct|Max Knuckle|p1a: Sandaconda\n|-damage|p1a: Sandaconda|0 fnt\n|-boost|p2a: Grapploct|atk|1\n|faint|p1a: Sandaconda\n|-damage|p2a: Grapploct|224\/556|[from] item: Life Orb\n|\n|upkeep\n|\n|t:|1665925260\n|switch|p1a: Magearna|Magearna, L76|247\/247\n|turn|22\n|\n|t:|1665925264\n|-start|p1a: Magearna|Dynamax|\n|-heal|p1a: Magearna|494\/494|[silent]\n|move|p1a: Magearna|Max Starfall|p2a: Grapploct\n|-supereffective|p2a: Grapploct\n|-damage|p2a: Grapploct|0 fnt\n|-fieldstart|move: Misty Terrain\n|faint|p2a: Grapploct\n|-ability|p1a: Magearna|Soul-Heart|boost\n|-boost|p1a: Magearna|spa|1\n|\n|upkeep\n|\n|t:|1665925274\n|switch|p2a: Eldegoss|Eldegoss, L90, F|254\/254\n|turn|23\n|\n|t:|1665925278\n|move|p2a: Eldegoss|Sleep Powder|p1a: Magearna\n|-activate|p1a: Magearna|move: Misty Terrain\n|move|p1a: Magearna|Max Steelspike|p2a: Eldegoss\n|-damage|p2a: Eldegoss|95\/254\n|-boost|p1a: Magearna|def|1\n|\n|upkeep\n|turn|24\n|-message|horstinator forfeited.\n|\n|win|AlphaTherai\n|raw|AlphaTherai's rating: 1322 &rarr; <strong>1344<\/strong><br \/>(+22 for winning)\n|raw|horstinator's rating: 1365 &rarr; <strong>1343<\/strong><br \/>(-22 for losing)\n|l|\u2606horstinator\n||Ladder isn't responding, score probably updated but might not have (Request timeout).\n","inputlog":">version ef613a9475d6dbd637653866edadf31f5286d49e\n>start {\"formatid\":\"gen8randombattle\",\"seed\":[6510,15262,56731,61864],\"rated\":\"Rated battle\"}\n>player p1 {\"name\":\"AlphaTherai\",\"avatar\":\"pokekid\",\"rating\":1322,\"seed\":[20956,14871,27480,64436]}\n>player p2 {\"name\":\"horstinator\",\"avatar\":\"170\",\"rating\":1365,\"seed\":[20886,55045,17923,65321]}\n>p1 switch 3\n>p2 move dragondance\n>p1 move earthquake\n>p2 switch 5\n>p1 switch 3\n>p2 move energyball\n>p1 move substitute\n>p2 switch 5\n>p1 move gigadrain\n>p2 move dragondance\n>p1 move gigadrain\n>p2 move crunch\n>p1 move gigadrain\n>p2 move stoneedge\n>p2 switch 6\n>p1 move knockoff\n>p2 move calmmind\n>p1 move firelash\n>p2 move calmmind\n>p1 move firelash\n>p2 move moonlight\n>p1 move firelash\n>p2 move psyshock\n>p2 switch 2\n>p1 move firelash\n>p2 move stoneedge\n>chat \u2606AlphaTherai|unlucky huh?\n>p1 move firelash\n>p2 move stoneedge\n>p1 switch 2\n>p1 move flamethrower\n>p2 move closecombat\n>p2 switch 3\n>p1 switch 3\n>p2 move drainpunch\n>p1 move rest\n>p2 move bulkup\n>p1 move stoneedge\n>p2 move bulkup\n>p1 move earthquake\n>p2 move bulkup\n>p1 move earthquake\n>p2 move drainpunch\n>p1 move earthquake\n>p2 move bulkup\n>p1 move earthquake\n>p2 move drainpunch dynamax\n>p1 switch 4\n>p1 move fleurcannon dynamax\n>p2 move drainpunch dynamax\n>p2 switch 5\n>p1 move flashcannon dynamax\n>p2 move sleeppowder\n>forcelose p2","uploadtime":1665925289,"views":4,"p1id":"alphatherai","p2id":"horstinator","formatid":"gen8randombattle","rating":1343,"private":0,"password":null}