{"id":"gen8randombattle-1676949597","p1":"Draco09876","p2":"g17h39j28","format":"gen8randombattle","log":"|j|\u2606Draco09876\n|j|\u2606g17h39j28\n|t:|1664837949\n|gametype|singles\n|player|p1|Draco09876|1|1794\n|player|p2|g17h39j28|1|1818\n|teamsize|p1|6\n|teamsize|p2|6\n|gen|8\n|tier|[Gen 8] Random Battle\n|rated|\n|rule|Species Clause: Limit one of each Pok\u00e9mon\n|rule|HP Percentage Mod: HP is shown in percentages\n|rule|Sleep Clause Mod: Limit one foe put to sleep\n|\n|t:|1664837949\n|start\n|switch|p1a: Lugia|Lugia, L74|279\/279\n|switch|p2a: Sudowoodo|Sudowoodo, L87, F|264\/264\n|turn|1\n|\n|t:|1664837972\n|switch|p1a: Gastrodon|Gastrodon-East, L84, F|324\/324\n|move|p2a: Sudowoodo|Stealth Rock|p1a: Gastrodon\n|-sidestart|p1: Draco09876|move: Stealth Rock\n|\n|upkeep\n|turn|2\n|inactive|Battle timer is ON: inactive players will automatically lose when time's up. (requested by Draco09876)\n|\n|t:|1664837997\n|switch|p2a: Articuno|Articuno, L84|288\/288\n|-ability|p2a: Articuno|Pressure\n|move|p1a: Gastrodon|Scald|p2a: Articuno\n|-damage|p2a: Articuno|224\/288\n|\n|upkeep\n|turn|3\n|\n|t:|1664838009\n|switch|p1a: Chansey|Chansey, L84, F|557\/557\n|-damage|p1a: Chansey|488\/557|[from] Stealth Rock\n|move|p2a: Articuno|Toxic|p1a: Chansey\n|-status|p1a: Chansey|tox\n|\n|-damage|p1a: Chansey|454\/557 tox|[from] psn\n|upkeep\n|turn|4\n|inactive|g17h39j28 has 120 seconds left.\n|\n|t:|1664838041\n|switch|p2a: Tornadus|Tornadus, L80, M|258\/258\n|move|p1a: Chansey|Stealth Rock|p2a: Tornadus\n|-sidestart|p2: g17h39j28|move: Stealth Rock\n|\n|-damage|p1a: Chansey|386\/557 tox|[from] psn\n|upkeep\n|turn|5\n|inactive|g17h39j28 has 120 seconds left.\n|inactive|Draco09876 has 120 seconds left.\n|inactive|Draco09876 has 90 seconds left.\n|\n|t:|1664838102\n|-curestatus|p1a: Chansey|tox|[from] ability: Natural Cure\n|switch|p1a: Lugia|Lugia, L74|279\/279\n|move|p2a: Tornadus|Nasty Plot|p2a: Tornadus\n|-boost|p2a: Tornadus|spa|2\n|\n|upkeep\n|turn|6\n|inactive|g17h39j28 has 120 seconds left.\n|\n|t:|1664838129\n|move|p2a: Tornadus|Nasty Plot|p2a: Tornadus\n|-boost|p2a: Tornadus|spa|2\n|move|p1a: Lugia|Toxic|p2a: Tornadus\n|-status|p2a: Tornadus|tox\n|\n|-damage|p2a: Tornadus|242\/258 tox|[from] psn\n|upkeep\n|turn|7\n|l|\u2606Draco09876\n|inactive|Draco09876 disconnected and has a minute to reconnect!\n|player|p1|\n|inactive|Draco09876 has 30 seconds to reconnect!\n|inactive|Draco09876 has 20 seconds to reconnect!\n|inactive|Draco09876 has 15 seconds to reconnect!\n|inactive|g17h39j28 has 90 seconds left.\n|inactive|Draco09876 has 10 seconds to reconnect!\n|j|\u2606Draco09876\n|inactive|Draco09876 reconnected and has 55 seconds left.\n|player|p1|Draco09876|1\n|\n|t:|1664838191\n|move|p2a: Tornadus|Nasty Plot|p2a: Tornadus\n|-boost|p2a: Tornadus|spa|2\n|move|p1a: Lugia|Toxic|p2a: Tornadus\n|-fail|p2a: Tornadus|tox\n|\n|-damage|p2a: Tornadus|210\/258 tox|[from] psn\n|upkeep\n|turn|8\n|inactive|g17h39j28 has 90 seconds left.\n|\n|t:|1664838202\n|-start|p2a: Tornadus|Dynamax|\n|-heal|p2a: Tornadus|420\/516 tox|[silent]\n|move|p2a: Tornadus|Max Airstream|p1a: Lugia\n|-damage|p1a: Lugia|0 fnt\n|-boost|p2a: Tornadus|spe|1\n|faint|p1a: Lugia\n|-damage|p2a: Tornadus|395\/516 tox|[from] item: Life Orb\n|\n|-damage|p2a: Tornadus|347\/516 tox|[from] psn\n|upkeep\n|inactive|Draco09876 has 60 seconds left.\n|\n|t:|1664838212\n|switch|p1a: Glalie|Glalie, L80, F|259\/259\n|-damage|p1a: Glalie|195\/259|[from] Stealth Rock\n|turn|9\n|\n|t:|1664838220\n|move|p1a: Glalie|Protect|p1a: Glalie\n|-singleturn|p1a: Glalie|Protect\n|move|p2a: Tornadus|Max Airstream|p1a: Glalie\n|-zbroken|p1a: Glalie\n|-damage|p1a: Glalie|0 fnt\n|-boost|p2a: Tornadus|spe|1\n|faint|p1a: Glalie\n|-damage|p2a: Tornadus|322\/516 tox|[from] item: Life Orb\n|\n|-damage|p2a: Tornadus|258\/516 tox|[from] psn\n|upkeep\n|inactive|Draco09876 has 60 seconds left.\n|\n|t:|1664838232\n|switch|p1a: Chansey|Chansey, L84, F|386\/557\n|-damage|p1a: Chansey|317\/557|[from] Stealth Rock\n|turn|10\n|\n|t:|1664838239\n|-start|p1a: Chansey|Dynamax|\n|-heal|p1a: Chansey|634\/1114|[silent]\n|move|p1a: Chansey|Max Guard|p1a: Chansey\n|-singleturn|p1a: Chansey|Max Guard\n|move|p2a: Tornadus|Max Airstream|p1a: Chansey\n|-activate|p1a: Chansey|move: Max Guard\n|\n|-damage|p2a: Tornadus|178\/516 tox|[from] psn\n|upkeep\n|-end|p2a: Tornadus|Dynamax\n|-heal|p2a: Tornadus|89\/258 tox|[silent]\n|turn|11\n|\n|t:|1664838266\n|move|p1a: Chansey|Max Guard|p1a: Chansey\n|-singleturn|p1a: Chansey|Max Guard\n|move|p2a: Tornadus|Hurricane|p1a: Chansey\n|-activate|p1a: Chansey|move: Max Guard\n|\n|-damage|p2a: Tornadus|0 fnt|[from] psn\n|faint|p2a: Tornadus\n|upkeep\n|inactive|g17h39j28 has 90 seconds left.\n|\n|t:|1664838284\n|switch|p2a: Arctozolt|Arctozolt, L86|295\/295\n|turn|12\n|inactive|g17h39j28 has 90 seconds left.\n|inactive|Draco09876 has 60 seconds left.\n|\n|t:|1664838323\n|move|p2a: Arctozolt|Bolt Beak|p1a: Chansey\n|-damage|p1a: Chansey|193\/1114\n|move|p1a: Chansey|Max Knuckle|p2a: Arctozolt\n|-supereffective|p2a: Arctozolt\n|-damage|p2a: Arctozolt|287\/295\n|-boost|p1a: Chansey|atk|1\n|\n|upkeep\n|-end|p1a: Chansey|Dynamax\n|-heal|p1a: Chansey|97\/557|[silent]\n|turn|13\n|inactive|g17h39j28 has 90 seconds left.\n|\n|t:|1664838337\n|move|p2a: Arctozolt|Freeze-Dry|p1a: Chansey\n|-damage|p1a: Chansey|49\/557\n|move|p1a: Chansey|Soft-Boiled|p1a: Chansey\n|-heal|p1a: Chansey|328\/557\n|\n|upkeep\n|turn|14\n|\n|t:|1664838351\n|switch|p1a: Rillaboom|Rillaboom, L78, M|284\/284\n|-damage|p1a: Rillaboom|249\/284|[from] Stealth Rock\n|-fieldstart|move: Grassy Terrain|[from] ability: Grassy Surge|[of] p1a: Rillaboom\n|move|p2a: Arctozolt|Bolt Beak|p1a: Rillaboom\n|-resisted|p1a: Rillaboom\n|-damage|p1a: Rillaboom|147\/284\n|\n|-heal|p1a: Rillaboom|164\/284|[from] Grassy Terrain\n|-heal|p2a: Arctozolt|295\/295|[from] Grassy Terrain\n|upkeep\n|turn|15\n|\n|t:|1664838363\n|move|p1a: Rillaboom|Wood Hammer|p2a: Arctozolt\n|-damage|p2a: Arctozolt|49\/295\n|-damage|p1a: Rillaboom|83\/284|[from] Recoil\n|move|p2a: Arctozolt|Freeze-Dry|p1a: Rillaboom\n|-supereffective|p1a: Rillaboom\n|-damage|p1a: Rillaboom|0 fnt\n|faint|p1a: Rillaboom\n|\n|-heal|p2a: Arctozolt|67\/295|[from] Grassy Terrain\n|upkeep\n|\n|t:|1664838370\n|switch|p1a: Dedenne|Dedenne, L87, F|258\/258\n|-damage|p1a: Dedenne|226\/258|[from] Stealth Rock\n|turn|16\n|\n|t:|1664838379\n|move|p1a: Dedenne|Toxic|p2a: Arctozolt\n|-status|p2a: Arctozolt|tox\n|move|p2a: Arctozolt|Freeze-Dry|p1a: Dedenne\n|-damage|p1a: Dedenne|142\/258\n|-status|p1a: Dedenne|frz\n|\n|-heal|p1a: Dedenne|158\/258 frz|[from] Grassy Terrain\n|-heal|p2a: Arctozolt|85\/295 tox|[from] Grassy Terrain\n|-damage|p2a: Arctozolt|67\/295 tox|[from] psn\n|upkeep\n|turn|17\n|\n|t:|1664838393\n|cant|p1a: Dedenne|frz\n|move|p2a: Arctozolt|Bolt Beak|p1a: Dedenne\n|-resisted|p1a: Dedenne\n|-damage|p1a: Dedenne|100\/258 frz\n|-enditem|p1a: Dedenne|Sitrus Berry|[eat]\n|-heal|p1a: Dedenne|164\/258 frz|[from] item: Sitrus Berry\n|-heal|p1a: Dedenne|250\/258 frz|[from] ability: Cheek Pouch\n|\n|-heal|p1a: Dedenne|258\/258 frz|[from] Grassy Terrain\n|-heal|p2a: Arctozolt|85\/295 tox|[from] Grassy Terrain\n|-damage|p2a: Arctozolt|49\/295 tox|[from] psn\n|upkeep\n|turn|18\n|\n|t:|1664838409\n|switch|p2a: Sudowoodo|Sudowoodo, L87, F|264\/264\n|-damage|p2a: Sudowoodo|231\/264|[from] Stealth Rock\n|cant|p1a: Dedenne|frz\n|\n|-heal|p2a: Sudowoodo|247\/264|[from] Grassy Terrain\n|-heal|p2a: Sudowoodo|263\/264|[from] item: Leftovers\n|-fieldend|move: Grassy Terrain\n|upkeep\n|turn|19\n|\n|t:|1664838422\n|switch|p1a: Gastrodon|Gastrodon-East, L84, F|324\/324\n|-damage|p1a: Gastrodon|304\/324|[from] Stealth Rock\n|move|p2a: Sudowoodo|Earthquake|p1a: Gastrodon\n|-damage|p1a: Gastrodon|217\/324\n|\n|-heal|p1a: Gastrodon|237\/324|[from] item: Leftovers\n|-heal|p2a: Sudowoodo|264\/264|[from] item: Leftovers\n|upkeep\n|turn|20\n|\n|t:|1664838435\n|switch|p2a: Porygon2|Porygon2, L82|274\/274\n|-damage|p2a: Porygon2|240\/274|[from] Stealth Rock\n|-ability|p2a: Porygon2|Download|boost\n|-boost|p2a: Porygon2|atk|1\n|move|p1a: Gastrodon|Scald|p2a: Porygon2\n|-damage|p2a: Porygon2|185\/274\n|\n|-heal|p1a: Gastrodon|257\/324|[from] item: Leftovers\n|upkeep\n|turn|21\n|\n|t:|1664838447\n|move|p2a: Porygon2|Tri Attack|p1a: Gastrodon\n|-damage|p1a: Gastrodon|172\/324\n|move|p1a: Gastrodon|Toxic|p2a: Porygon2\n|-status|p2a: Porygon2|tox\n|\n|-heal|p1a: Gastrodon|192\/324|[from] item: Leftovers\n|-damage|p2a: Porygon2|168\/274 tox|[from] psn\n|upkeep\n|turn|22\n|\n|t:|1664838458\n|move|p2a: Porygon2|Tri Attack|p1a: Gastrodon\n|-damage|p1a: Gastrodon|95\/324\n|move|p1a: Gastrodon|Recover|p1a: Gastrodon\n|-heal|p1a: Gastrodon|257\/324\n|\n|-heal|p1a: Gastrodon|277\/324|[from] item: Leftovers\n|-damage|p2a: Porygon2|134\/274 tox|[from] psn\n|upkeep\n|turn|23\n|\n|t:|1664838468\n|switch|p1a: Chansey|Chansey, L84, F|328\/557\n|-damage|p1a: Chansey|259\/557|[from] Stealth Rock\n|move|p2a: Porygon2|Tri Attack|p1a: Chansey\n|-damage|p1a: Chansey|210\/557\n|\n|-damage|p2a: Porygon2|83\/274 tox|[from] psn\n|upkeep\n|turn|24\n|\n|t:|1664838480\n|move|p2a: Porygon2|Tri Attack|p1a: Chansey\n|-damage|p1a: Chansey|155\/557\n|move|p1a: Chansey|Heal Bell|p1a: Chansey\n|-activate|p1a: Chansey|move: Heal Bell\n|-curestatus|p1: Dedenne|frz|[msg]\n|\n|-damage|p2a: Porygon2|15\/274 tox|[from] psn\n|upkeep\n|turn|25\n|\n|t:|1664838490\n|move|p2a: Porygon2|Tri Attack|p1a: Chansey\n|-damage|p1a: Chansey|107\/557\n|-status|p1a: Chansey|par\n|move|p1a: Chansey|Soft-Boiled|p1a: Chansey\n|-heal|p1a: Chansey|386\/557 par\n|\n|-damage|p2a: Porygon2|0 fnt|[from] psn\n|faint|p2a: Porygon2\n|upkeep\n|inactive|g17h39j28 has 90 seconds left.\n|\n|t:|1664838511\n|switch|p2a: Sudowoodo|Sudowoodo, L87, F|264\/264\n|-damage|p2a: Sudowoodo|231\/264|[from] Stealth Rock\n|turn|26\n|inactive|Draco09876 has 120 seconds left.\n|\n|t:|1664838535\n|-curestatus|p1a: Chansey|par|[from] ability: Natural Cure\n|switch|p1a: Gastrodon|Gastrodon-East, L84, F|277\/324\n|-damage|p1a: Gastrodon|257\/324|[from] Stealth Rock\n|move|p2a: Sudowoodo|Head Smash|p1a: Gastrodon\n|-resisted|p1a: Gastrodon\n|-damage|p1a: Gastrodon|154\/324\n|\n|-heal|p1a: Gastrodon|174\/324|[from] item: Leftovers\n|-heal|p2a: Sudowoodo|247\/264|[from] item: Leftovers\n|upkeep\n|turn|27\n|inactive|g17h39j28 has 90 seconds left.\n|\n|t:|1664838553\n|switch|p2a: Articuno|Articuno, L84|224\/288\n|-ability|p2a: Articuno|Pressure\n|move|p1a: Gastrodon|Recover|p1a: Gastrodon\n|-heal|p1a: Gastrodon|324\/324\n|\n|upkeep\n|turn|28\n|inactive|Draco09876 has 120 seconds left.\n|\n|t:|1664838568\n|switch|p1a: Chansey|Chansey, L84, F|386\/557\n|-damage|p1a: Chansey|317\/557|[from] Stealth Rock\n|move|p2a: Articuno|Toxic|p1a: Chansey\n|-status|p1a: Chansey|tox\n|\n|-damage|p1a: Chansey|283\/557 tox|[from] psn\n|upkeep\n|turn|29\n|inactive|g17h39j28 has 90 seconds left.\n|\n|t:|1664838597\n|switch|p2a: Arctozolt|Arctozolt, L86|49\/295 tox\n|move|p1a: Chansey|Soft-Boiled|p1a: Chansey\n|-heal|p1a: Chansey|557\/557 tox\n|\n|-damage|p2a: Arctozolt|31\/295 tox|[from] psn\n|-damage|p1a: Chansey|489\/557 tox|[from] psn\n|upkeep\n|turn|30\n|inactive|Draco09876 has 120 seconds left.\n|\n|t:|1664838617\n|move|p2a: Arctozolt|Freeze-Dry|p1a: Chansey\n|-damage|p1a: Chansey|449\/557 tox\n|move|p1a: Chansey|Soft-Boiled|p1a: Chansey\n|-heal|p1a: Chansey|557\/557 tox\n|\n|-damage|p2a: Arctozolt|0 fnt|[from] psn\n|faint|p2a: Arctozolt\n|-damage|p1a: Chansey|455\/557 tox|[from] psn\n|upkeep\n|inactive|g17h39j28 has 60 seconds left.\n|\n|t:|1664838647\n|switch|p2a: Xurkitree|Xurkitree, L76|251\/251\n|-damage|p2a: Xurkitree|220\/251|[from] Stealth Rock\n|turn|31\n|inactive|Draco09876 has 120 seconds left.\n|inactive|g17h39j28 has 60 seconds left.\n|\n|t:|1664838669\n|-curestatus|p1a: Chansey|tox|[from] ability: Natural Cure\n|switch|p1a: Dedenne|Dedenne, L87, F|258\/258\n|-damage|p1a: Dedenne|226\/258|[from] Stealth Rock\n|move|p2a: Xurkitree|Energy Ball|p1a: Dedenne\n|-damage|p1a: Dedenne|85\/258\n|\n|upkeep\n|turn|32\n|inactive|g17h39j28 has 60 seconds left.\n|\n|t:|1664838681\n|move|p1a: Dedenne|Toxic|p2a: Xurkitree\n|-status|p2a: Xurkitree|tox\n|move|p2a: Xurkitree|Energy Ball|p1a: Dedenne\n|-damage|p1a: Dedenne|0 fnt\n|faint|p1a: Dedenne\n|-ability|p2a: Xurkitree|Beast Boost|boost\n|-boost|p2a: Xurkitree|spa|1\n|\n|-damage|p2a: Xurkitree|205\/251 tox|[from] psn\n|upkeep\n|\n|t:|1664838685\n|switch|p1a: Chansey|Chansey, L84, F|455\/557\n|-damage|p1a: Chansey|386\/557|[from] Stealth Rock\n|turn|33\n|\n|t:|1664838694\n|switch|p2a: Articuno|Articuno, L84|224\/288\n|-ability|p2a: Articuno|Pressure\n|move|p1a: Chansey|Seismic Toss|p2a: Articuno\n|-damage|p2a: Articuno|140\/288\n|\n|upkeep\n|turn|34\n|\n|t:|1664838704\n|switch|p1a: Gastrodon|Gastrodon-East, L84, F|324\/324\n|-damage|p1a: Gastrodon|304\/324|[from] Stealth Rock\n|move|p2a: Articuno|Toxic|p1a: Gastrodon\n|-status|p1a: Gastrodon|tox\n|\n|-heal|p1a: Gastrodon|324\/324 tox|[from] item: Leftovers\n|-damage|p1a: Gastrodon|304\/324 tox|[from] psn\n|upkeep\n|turn|35\n|inactive|g17h39j28 has 60 seconds left.\n|\n|t:|1664838735\n|move|p2a: Articuno|Freeze-Dry|p1a: Gastrodon\n|-supereffective|p1a: Gastrodon\n|-damage|p1a: Gastrodon|0 fnt\n|faint|p1a: Gastrodon\n|\n|upkeep\n|\n|t:|1664838739\n|switch|p1a: Chansey|Chansey, L84, F|386\/557\n|-damage|p1a: Chansey|317\/557|[from] Stealth Rock\n|turn|36\n|-message|Draco09876 forfeited.\n|\n|win|g17h39j28\n|raw|Draco09876's rating: 1794 &rarr; <strong>1775<\/strong><br \/>(-19 for losing)\n|raw|g17h39j28's rating: 1818 &rarr; <strong>1837<\/strong><br \/>(+19 for winning)\n|l|\u2606Draco09876\n||Ladder isn't responding, score probably updated but might not have (Request timeout).\n","inputlog":">version 6ac186ac1402e62445919ecb9d92d415187451bf\n>start {\"formatid\":\"gen8randombattle\",\"seed\":[46361,44543,40709,46070],\"rated\":\"Rated battle\"}\n>player p1 {\"name\":\"Draco09876\",\"avatar\":\"1\",\"rating\":1794,\"seed\":[17577,57392,12729,36999]}\n>player p2 {\"name\":\"g17h39j28\",\"avatar\":\"1\",\"rating\":1818,\"seed\":[40475,12220,48444,28942]}\n>p1 switch 5\n>p2 move stealthrock\n>p1 move scald\n>p2 switch 5\n>p1 switch 6\n>p2 move toxic\n>p1 move stealthrock\n>p2 switch 6\n>p1 switch 5\n>p2 move nastyplot\n>p1 move toxic\n>p2 move nastyplot\n>p1 move toxic\n>p2 move nastyplot\n>p1 move roost\n>p2 move hurricane dynamax\n>p1 switch 2\n>p1 move protect\n>p2 move hurricane dynamax\n>p1 switch 5\n>p1 move softboiled dynamax\n>p2 move hurricane dynamax\n>p1 move softboiled dynamax\n>p2 move hurricane\n>p2 switch 2\n>p1 move seismictoss dynamax\n>p2 move boltbeak\n>p1 move softboiled\n>p2 move freezedry\n>p1 switch 3\n>p2 move boltbeak\n>p1 move woodhammer\n>p2 move freezedry\n>p1 switch 4\n>p1 move toxic\n>p2 move freezedry\n>p1 move protect\n>p2 move boltbeak\n>p1 move recycle\n>p2 switch 5\n>p1 switch 6\n>p2 move earthquake\n>p1 move scald\n>p2 switch 3\n>p1 move toxic\n>p2 move triattack\n>p1 move recover\n>p2 move triattack\n>p1 switch 3\n>p2 move triattack\n>p1 move healbell\n>p2 move triattack\n>p1 move softboiled\n>p2 move triattack\n>p2 switch 3\n>p1 switch 3\n>p2 move headsmash\n>p1 move recover\n>p2 switch 6\n>p1 switch 3\n>p2 move toxic\n>p1 move softboiled\n>p2 switch 5\n>p1 move softboiled\n>p2 move freezedry\n>p2 switch 4\n>p1 switch 6\n>p2 move energyball\n>p1 move toxic\n>p2 move energyball\n>p1 switch 6\n>p1 move seismictoss\n>p2 switch 5\n>p1 switch 3\n>p2 move toxic\n>p1 move toxic\n>p2 move freezedry\n>p1 switch 3\n>forcelose p1","uploadtime":1664839029,"views":13,"p1id":"draco09876","p2id":"g17h39j28","formatid":"gen8randombattle","rating":1775,"private":0,"password":null}