{"id":"gen8randombattle-1706972888","p1":"ImAlusen","p2":"sirbetony","format":"gen8randombattle","log":"|j|\u2606ImAlusen\n|j|\u2606sirbetony\n|t:|1668037777\n|gametype|singles\n|player|p1|ImAlusen|skyla|1400\n|player|p2|sirbetony|winona|1371\n|teamsize|p1|6\n|teamsize|p2|6\n|gen|8\n|tier|[Gen 8] Random Battle\n|rated|\n|rule|Species Clause: Limit one of each Pok\u00e9mon\n|rule|HP Percentage Mod: HP is shown in percentages\n|rule|Sleep Clause Mod: Limit one foe put to sleep\n|\n|t:|1668037777\n|start\n|switch|p1a: Celesteela|Celesteela, L77|276\/276\n|switch|p2a: Steelix|Steelix, L84, F|263\/263\n|turn|1\n|inactive|Battle timer is ON: inactive players will automatically lose when time's up. (requested by ImAlusen)\n|\n|t:|1668037800\n|move|p1a: Celesteela|Leech Seed|p2a: Steelix\n|-start|p2a: Steelix|move: Leech Seed\n|move|p2a: Steelix|Head Smash|p1a: Celesteela\n|-damage|p1a: Celesteela|176\/276\n|\n|-heal|p1a: Celesteela|193\/276|[from] item: Leftovers\n|-damage|p2a: Steelix|231\/263|[from] Leech Seed|[of] p1a: Celesteela\n|-heal|p1a: Celesteela|225\/276|[silent]\n|upkeep\n|turn|2\n|\n|t:|1668037806\n|switch|p2a: Chandelure|Chandelure, L82, M|233\/233\n|move|p1a: Celesteela|Protect||[still]\n|-fail|p1a: Celesteela\n|\n|-heal|p1a: Celesteela|242\/276|[from] item: Leftovers\n|upkeep\n|turn|3\n|\n|t:|1668037810\n|move|p2a: Chandelure|Substitute|p2a: Chandelure\n|-start|p2a: Chandelure|Substitute\n|-damage|p2a: Chandelure|175\/233\n|move|p1a: Celesteela|Leech Seed||[still]\n|-fail|p1a: Celesteela\n|\n|-heal|p1a: Celesteela|259\/276|[from] item: Leftovers\n|upkeep\n|turn|4\n|\n|t:|1668037817\n|switch|p1a: Zygarde|Zygarde, L70|267\/267\n|move|p2a: Chandelure|Calm Mind|p2a: Chandelure\n|-boost|p2a: Chandelure|spa|1\n|-boost|p2a: Chandelure|spd|1\n|\n|upkeep\n|turn|5\n|\n|t:|1668037827\n|move|p2a: Chandelure|Shadow Ball|p1a: Zygarde\n|-damage|p1a: Zygarde|87\/267\n|move|p1a: Zygarde|Thousand Arrows|p2a: Chandelure\n|-supereffective|p2a: Chandelure\n|-end|p2a: Chandelure|Substitute\n|\n|-heal|p1a: Zygarde|103\/267|[from] item: Leftovers\n|-activate|p1a: Zygarde|ability: Power Construct\n|detailschange|p1a: Zygarde|Zygarde-Complete, L70\n|-heal|p1a: Zygarde|254\/418|[silent]\n|upkeep\n|turn|6\n|\n|t:|1668037837\n|move|p2a: Chandelure|Shadow Ball|p1a: Zygarde\n|-damage|p1a: Zygarde|52\/418\n|move|p1a: Zygarde|Thousand Arrows|p2a: Chandelure\n|-supereffective|p2a: Chandelure\n|-damage|p2a: Chandelure|37\/233\n|\n|-heal|p1a: Zygarde|78\/418|[from] item: Leftovers\n|upkeep\n|turn|7\n|\n|t:|1668037848\n|move|p2a: Chandelure|Shadow Ball|p1a: Zygarde\n|-damage|p1a: Zygarde|0 fnt\n|faint|p1a: Zygarde\n|\n|upkeep\n|\n|t:|1668037853\n|switch|p1a: Gengar|Gengar, L80, F|227\/227\n|turn|8\n|\n|t:|1668037856\n|move|p1a: Gengar|Shadow Ball|p2a: Chandelure\n|-supereffective|p2a: Chandelure\n|-damage|p2a: Chandelure|0 fnt\n|faint|p2a: Chandelure\n|-damage|p1a: Gengar|205\/227|[from] item: Life Orb\n|\n|upkeep\n|\n|t:|1668037865\n|switch|p2a: Kingdra|Kingdra, L82, F|257\/257\n|turn|9\n|\n|t:|1668037876\n|-start|p1a: Gengar|Dynamax|Gmax\n|-heal|p1a: Gengar|410\/454|[silent]\n|move|p1a: Gengar|G-Max Terror|p2a: Kingdra\n|-damage|p2a: Kingdra|66\/257\n|-activate|p2a: Kingdra|trapped\n|-damage|p1a: Gengar|388\/454|[from] item: Life Orb\n|move|p2a: Kingdra|Rain Dance|p2a: Kingdra\n|-weather|RainDance\n|\n|-weather|RainDance|[upkeep]\n|upkeep\n|turn|10\n|\n|t:|1668037882\n|move|p2a: Kingdra|Hydro Pump|p1a: Gengar|[miss]\n|-miss|p2a: Kingdra|p1a: Gengar\n|move|p1a: Gengar|Max Ooze|p2a: Kingdra\n|-damage|p2a: Kingdra|0 fnt\n|-boost|p1a: Gengar|spa|1\n|faint|p2a: Kingdra\n|-damage|p1a: Gengar|366\/454|[from] item: Life Orb\n|\n|-weather|RainDance|[upkeep]\n|upkeep\n|\n|t:|1668037890\n|switch|p2a: Steelix|Steelix, L84, F|231\/263\n|turn|11\n|\n|t:|1668037899\n|-start|p2a: Steelix|Dynamax|\n|-heal|p2a: Steelix|462\/526|[silent]\n|move|p1a: Gengar|G-Max Terror|p2a: Steelix\n|-damage|p2a: Steelix|98\/526\n|-activate|p2a: Steelix|trapped\n|-damage|p1a: Gengar|344\/454|[from] item: Life Orb\n|move|p2a: Steelix|Max Quake|p1a: Gengar\n|-supereffective|p1a: Gengar\n|-damage|p1a: Gengar|0 fnt\n|-boost|p2a: Steelix|spd|1\n|faint|p1a: Gengar\n|\n|-weather|RainDance|[upkeep]\n|-heal|p2a: Steelix|114\/526|[from] item: Leftovers\n|upkeep\n|\n|t:|1668037909\n|switch|p1a: Celesteela|Celesteela, L77|259\/276\n|turn|12\n|\n|t:|1668037917\n|move|p1a: Celesteela|Leech Seed|p2a: Steelix|[miss]\n|-miss|p1a: Celesteela|p2a: Steelix\n|move|p2a: Steelix|Max Rockfall|p1a: Celesteela\n|-damage|p1a: Celesteela|168\/276\n|-weather|Sandstorm\n|\n|-weather|Sandstorm|[upkeep]\n|-heal|p1a: Celesteela|185\/276|[from] item: Leftovers\n|-heal|p2a: Steelix|130\/526|[from] item: Leftovers\n|upkeep\n|turn|13\n|\n|t:|1668037926\n|move|p1a: Celesteela|Leech Seed|p2a: Steelix\n|-start|p2a: Steelix|move: Leech Seed\n|move|p2a: Steelix|Max Rockfall|p1a: Celesteela\n|-damage|p1a: Celesteela|97\/276\n|\n|-weather|Sandstorm|[upkeep]\n|-heal|p1a: Celesteela|114\/276|[from] item: Leftovers\n|-heal|p2a: Steelix|146\/526|[from] item: Leftovers\n|-damage|p2a: Steelix|114\/526|[from] Leech Seed|[of] p1a: Celesteela\n|-heal|p1a: Celesteela|146\/276|[silent]\n|upkeep\n|-end|p2a: Steelix|Dynamax\n|-heal|p2a: Steelix|57\/263|[silent]\n|turn|14\n|\n|t:|1668037930\n|switch|p2a: Thundurus|Thundurus, L80, M|258\/258\n|move|p1a: Celesteela|Flash Cannon|p2a: Thundurus\n|-resisted|p2a: Thundurus\n|-damage|p2a: Thundurus|214\/258\n|\n|-weather|Sandstorm|[upkeep]\n|-damage|p2a: Thundurus|198\/258|[from] Sandstorm\n|-heal|p1a: Celesteela|163\/276|[from] item: Leftovers\n|upkeep\n|turn|15\n|\n|t:|1668037934\n|move|p2a: Thundurus|Thunderbolt|p1a: Celesteela\n|-supereffective|p1a: Celesteela\n|-damage|p1a: Celesteela|0 fnt\n|faint|p1a: Celesteela\n|\n|-weather|Sandstorm|[upkeep]\n|-damage|p2a: Thundurus|182\/258|[from] Sandstorm\n|upkeep\n|\n|t:|1668037940\n|switch|p1a: Tapu Koko|Tapu Koko, L78|237\/237\n|-fieldstart|move: Electric Terrain|[from] ability: Electric Surge|[of] p1a: Tapu Koko\n|turn|16\n|\n|t:|1668037944\n|switch|p2a: Steelix|Steelix, L84, F|57\/263\n|move|p1a: Tapu Koko|Thunderbolt|p2a: Steelix\n|-immune|p2a: Steelix\n|\n|-weather|none\n|-heal|p2a: Steelix|73\/263|[from] item: Leftovers\n|upkeep\n|turn|17\n|\n|t:|1668037948\n|move|p1a: Tapu Koko|Dazzling Gleam|p2a: Steelix\n|-resisted|p2a: Steelix\n|-damage|p2a: Steelix|25\/263\n|move|p2a: Steelix|Heavy Slam|p1a: Tapu Koko\n|-damage|p1a: Tapu Koko|113\/237\n|\n|-heal|p1a: Tapu Koko|127\/237|[from] item: Leftovers\n|-heal|p2a: Steelix|41\/263|[from] item: Leftovers\n|upkeep\n|turn|18\n|\n|t:|1668037956\n|move|p1a: Tapu Koko|Dazzling Gleam|p2a: Steelix\n|-resisted|p2a: Steelix\n|-damage|p2a: Steelix|0 fnt\n|faint|p2a: Steelix\n|\n|-heal|p1a: Tapu Koko|141\/237|[from] item: Leftovers\n|upkeep\n|\n|t:|1668037960\n|switch|p2a: Regigigas|Regigigas, L82|315\/315\n|-start|p2a: Regigigas|ability: Slow Start\n|turn|19\n|\n|t:|1668037967\n|move|p1a: Tapu Koko|Thunderbolt|p2a: Regigigas\n|-damage|p2a: Regigigas|218\/315\n|move|p2a: Regigigas|Toxic|p1a: Tapu Koko\n|-status|p1a: Tapu Koko|tox\n|\n|-heal|p1a: Tapu Koko|155\/237 tox|[from] item: Leftovers\n|-heal|p2a: Regigigas|237\/315|[from] item: Leftovers\n|-damage|p1a: Tapu Koko|141\/237 tox|[from] psn\n|upkeep\n|turn|20\n|\n|t:|1668037970\n|move|p2a: Regigigas|Protect|p2a: Regigigas\n|-singleturn|p2a: Regigigas|Protect\n|move|p1a: Tapu Koko|Thunderbolt|p2a: Regigigas\n|-activate|p2a: Regigigas|move: Protect\n|\n|-heal|p1a: Tapu Koko|155\/237 tox|[from] item: Leftovers\n|-heal|p2a: Regigigas|256\/315|[from] item: Leftovers\n|-damage|p1a: Tapu Koko|127\/237 tox|[from] psn\n|-fieldend|move: Electric Terrain\n|upkeep\n|turn|21\n|\n|t:|1668037977\n|switch|p1a: Silvally|Silvally-Ghost, L84|297\/297\n|move|p2a: Regigigas|Substitute|p2a: Regigigas\n|-start|p2a: Regigigas|Substitute\n|-damage|p2a: Regigigas|178\/315\n|\n|-heal|p2a: Regigigas|197\/315|[from] item: Leftovers\n|upkeep\n|turn|22\n|inactive|ImAlusen has 120 seconds left.\n|\n|t:|1668038036\n|move|p1a: Silvally|Swords Dance|p1a: Silvally\n|-boost|p1a: Silvally|atk|2\n|move|p2a: Regigigas|Toxic|p1a: Silvally\n|-status|p1a: Silvally|tox\n|\n|-heal|p2a: Regigigas|216\/315|[from] item: Leftovers\n|-damage|p1a: Silvally|279\/297 tox|[from] psn\n|upkeep\n|turn|23\n|\n|t:|1668038043\n|move|p2a: Regigigas|Protect|p2a: Regigigas\n|-singleturn|p2a: Regigigas|Protect\n|move|p1a: Silvally|Flame Charge|p2a: Regigigas\n|-activate|p2a: Regigigas|move: Protect\n|\n|-heal|p2a: Regigigas|235\/315|[from] item: Leftovers\n|-damage|p1a: Silvally|243\/297 tox|[from] psn\n|-end|p2a: Regigigas|Slow Start\n|upkeep\n|turn|24\n|\n|t:|1668038059\n|move|p2a: Regigigas|Protect|p2a: Regigigas\n|-singleturn|p2a: Regigigas|Protect\n|move|p1a: Silvally|Flame Charge|p2a: Regigigas\n|-activate|p2a: Regigigas|move: Protect\n|\n|-heal|p2a: Regigigas|254\/315|[from] item: Leftovers\n|-damage|p1a: Silvally|189\/297 tox|[from] psn\n|upkeep\n|turn|25\n|inactive|ImAlusen has 120 seconds left.\n|\n|t:|1668038085\n|move|p2a: Regigigas|Protect||[still]\n|-fail|p2a: Regigigas\n|move|p1a: Silvally|Flame Charge|p2a: Regigigas\n|-activate|p2a: Regigigas|move: Substitute|[damage]\n|-boost|p1a: Silvally|spe|1\n|\n|-heal|p2a: Regigigas|273\/315|[from] item: Leftovers\n|-damage|p1a: Silvally|117\/297 tox|[from] psn\n|upkeep\n|turn|26\n|\n|t:|1668038094\n|move|p2a: Regigigas|Protect|p2a: Regigigas\n|-singleturn|p2a: Regigigas|Protect\n|move|p1a: Silvally|X-Scissor|p2a: Regigigas\n|-activate|p2a: Regigigas|move: Protect\n|\n|-heal|p2a: Regigigas|292\/315|[from] item: Leftovers\n|-damage|p1a: Silvally|27\/297 tox|[from] psn\n|upkeep\n|turn|27\n|\n|t:|1668038106\n|move|p2a: Regigigas|Protect||[still]\n|-fail|p2a: Regigigas\n|move|p1a: Silvally|X-Scissor|p2a: Regigigas\n|-end|p2a: Regigigas|Substitute\n|\n|-heal|p2a: Regigigas|311\/315|[from] item: Leftovers\n|-damage|p1a: Silvally|0 fnt|[from] psn\n|faint|p1a: Silvally\n|upkeep\n|inactive|ImAlusen has 90 seconds left.\n|\n|t:|1668038135\n|switch|p1a: Reuniclus|Reuniclus, L84, M|322\/322\n|turn|28\n|inactive|ImAlusen has 90 seconds left.\n|\n|t:|1668038142\n|move|p2a: Regigigas|Substitute|p2a: Regigigas\n|-start|p2a: Regigigas|Substitute\n|-damage|p2a: Regigigas|233\/315\n|move|p1a: Reuniclus|Calm Mind|p1a: Reuniclus\n|-boost|p1a: Reuniclus|spa|1\n|-boost|p1a: Reuniclus|spd|1\n|\n|-heal|p2a: Regigigas|252\/315|[from] item: Leftovers\n|upkeep\n|turn|29\n|\n|t:|1668038145\n|move|p2a: Regigigas|Body Slam|p1a: Reuniclus\n|-damage|p1a: Reuniclus|190\/322\n|-status|p1a: Reuniclus|par\n|move|p1a: Reuniclus|Calm Mind|p1a: Reuniclus\n|-boost|p1a: Reuniclus|spa|1\n|-boost|p1a: Reuniclus|spd|1\n|\n|-heal|p2a: Regigigas|271\/315|[from] item: Leftovers\n|upkeep\n|turn|30\n|\n|t:|1668038149\n|move|p2a: Regigigas|Body Slam|p1a: Reuniclus\n|-damage|p1a: Reuniclus|58\/322 par\n|move|p1a: Reuniclus|Recover|p1a: Reuniclus\n|-heal|p1a: Reuniclus|219\/322 par\n|\n|-heal|p2a: Regigigas|290\/315|[from] item: Leftovers\n|upkeep\n|turn|31\n|\n|t:|1668038155\n|move|p2a: Regigigas|Body Slam|p1a: Reuniclus\n|-damage|p1a: Reuniclus|75\/322 par\n|move|p1a: Reuniclus|Psychic|p2a: Regigigas\n|-end|p2a: Regigigas|Substitute\n|\n|-heal|p2a: Regigigas|309\/315|[from] item: Leftovers\n|upkeep\n|turn|32\n|\n|t:|1668038163\n|move|p2a: Regigigas|Body Slam|p1a: Reuniclus\n|-damage|p1a: Reuniclus|0 fnt\n|faint|p1a: Reuniclus\n|\n|-heal|p2a: Regigigas|315\/315|[from] item: Leftovers\n|upkeep\n|-message|ImAlusen forfeited.\n|\n|win|sirbetony\n|raw|ImAlusen's rating: 1423 &rarr; <strong>1400<\/strong><br \/>(-23 for losing)\n|raw|sirbetony's rating: 1371 &rarr; <strong>1394<\/strong><br \/>(+23 for winning)\n|l|\u2606ImAlusen\n","inputlog":">version 453a3ad56483cc6a5c08448f6577d394b68621b7\n>start {\"formatid\":\"gen8randombattle\",\"seed\":[46252,62166,796,38301],\"rated\":\"Rated battle\"}\n>player p1 {\"name\":\"ImAlusen\",\"avatar\":\"skyla\",\"rating\":1400,\"seed\":[1199,49954,13096,13731]}\n>player p2 {\"name\":\"sirbetony\",\"avatar\":\"winona\",\"rating\":1371,\"seed\":[48430,50235,11925,40791]}\n>p1 move leechseed\n>p2 move headsmash\n>p1 move protect\n>p2 switch 4\n>p1 move leechseed\n>p2 move substitute\n>p1 switch 5\n>p2 move calmmind\n>p1 move thousandarrows\n>p2 move shadowball\n>p1 move thousandarrows\n>p2 move shadowball\n>p1 move thousandarrows\n>p2 move shadowball\n>p1 switch 2\n>p1 move shadowball\n>p2 move shadowball\n>p2 switch 2\n>p1 move shadowball dynamax\n>p2 move raindance\n>p1 move sludgewave dynamax\n>p2 move hydropump\n>p2 switch 4\n>p1 move shadowball dynamax\n>p2 move earthquake dynamax\n>p1 switch 5\n>p1 move leechseed\n>p2 move headsmash dynamax\n>p1 move leechseed\n>p2 move headsmash dynamax\n>p1 move flashcannon\n>p2 switch 3\n>p1 move leechseed\n>p2 move thunderbolt\n>p1 switch 6\n>p1 move thunderbolt\n>p2 switch 3\n>p1 move dazzlinggleam\n>p2 move heavyslam\n>p1 move dazzlinggleam\n>p2 move earthquake\n>p2 switch 6\n>p1 move thunderbolt\n>p2 move toxic\n>p1 move thunderbolt\n>p2 move protect\n>p1 switch 3\n>p2 move substitute\n>p1 move swordsdance\n>p2 move toxic\n>p1 move flamecharge\n>p2 move protect\n>p1 move flamecharge\n>p2 move protect\n>p1 move flamecharge\n>p2 move protect\n>p1 move xscissor\n>p2 move protect\n>p1 move xscissor\n>p2 move protect\n>p1 switch 4\n>p1 move calmmind\n>p2 move substitute\n>p1 move calmmind\n>p2 move bodyslam\n>p1 move recover\n>p2 move bodyslam\n>p1 move psychic\n>p2 move bodyslam\n>p1 move focusblast\n>p2 move bodyslam\n>forcelose p1","uploadtime":1668038171,"views":3,"p1id":"imalusen","p2id":"sirbetony","formatid":"gen8randombattle","rating":1394,"private":0,"password":null}