{"id":"gen8randombattle-1319029503","p1":"austin powa","p2":"lord cube","format":"gen8randombattle","log":"|j|\u2606austin powa\n|j|\u2606lord cube\n|t:|1618085510\n|gametype|singles\n|player|p1|austin powa|burgh|1492\n|player|p2|lord cube|blackbelt-gen4dp|1531\n|teamsize|p1|6\n|teamsize|p2|6\n|gen|8\n|tier|[Gen 8] Random Battle\n|rated|\n|rule|Species Clause: Limit one of each Pok\u00e9mon\n|rule|HP Percentage Mod: HP is shown in percentages\n|rule|Sleep Clause Mod: Limit one foe put to sleep\n|\n|t:|1618085510\n|start\n|switch|p1a: Mesprit|Mesprit, L84|272\/272\n|switch|p2a: Dialga|Dialga, L74|270\/270\n|-ability|p2a: Dialga|Pressure\n|turn|1\n|\n|t:|1618085520\n|move|p1a: Mesprit|Thunder Wave|p2a: Dialga\n|-status|p2a: Dialga|par\n|cant|p2a: Dialga|par\n|\n|upkeep\n|turn|2\n|\n|t:|1618085525\n|move|p1a: Mesprit|Stealth Rock|p2a: Dialga\n|-sidestart|p2: lord cube|move: Stealth Rock\n|cant|p2a: Dialga|par\n|\n|upkeep\n|turn|3\n|inactive|Battle timer is ON: inactive players will automatically lose when time's up. (requested by austin powa)\n|\n|t:|1618085554\n|move|p1a: Mesprit|U-turn|p2a: Dialga\n|-resisted|p2a: Dialga\n|-damage|p2a: Dialga|247\/270 par\n|\n|t:|1618085566\n|switch|p1a: Blacephalon|Blacephalon, L80|216\/216\n|move|p2a: Dialga|Toxic|p1a: Blacephalon\n|-status|p1a: Blacephalon|tox\n|\n|-heal|p2a: Dialga|263\/270 par|[from] item: Leftovers\n|-damage|p1a: Blacephalon|203\/216 tox|[from] psn\n|upkeep\n|turn|4\n|\n|t:|1618085580\n|move|p1a: Blacephalon|Calm Mind|p1a: Blacephalon\n|-boost|p1a: Blacephalon|spa|1\n|-boost|p1a: Blacephalon|spd|1\n|move|p2a: Dialga|Dragon Tail|p1a: Blacephalon\n|-damage|p1a: Blacephalon|118\/216 tox\n|drag|p1a: Raichu|Raichu, L86, M|243\/243\n|\n|-heal|p2a: Dialga|270\/270 par|[from] item: Leftovers\n|upkeep\n|turn|5\n|\n|t:|1618085591\n|move|p1a: Raichu|Thunderbolt|p2a: Dialga\n|-resisted|p2a: Dialga\n|-damage|p2a: Dialga|202\/270 par\n|-damage|p1a: Raichu|219\/243|[from] item: Life Orb\n|move|p2a: Dialga|Dragon Tail|p1a: Raichu\n|-damage|p1a: Raichu|135\/243\n|drag|p1a: Umbreon|Umbreon, L82, F|290\/290\n|\n|-heal|p2a: Dialga|218\/270 par|[from] item: Leftovers\n|upkeep\n|turn|6\n|\n|t:|1618085604\n|move|p1a: Umbreon|Foul Play|p2a: Dialga\n|-damage|p2a: Dialga|125\/270 par\n|move|p2a: Dialga|Toxic||[still]\n|-status|p1a: Umbreon|tox\n|-activate|p1a: Umbreon|ability: Synchronize\n|-fail|p1a: Umbreon\n|\n|-heal|p2a: Dialga|141\/270 par|[from] item: Leftovers\n|-damage|p1a: Umbreon|272\/290 tox|[from] psn\n|upkeep\n|turn|7\n|\n|t:|1618085614\n|switch|p2a: Sylveon|Sylveon, L84, M|297\/297\n|-damage|p2a: Sylveon|260\/297|[from] Stealth Rock\n|move|p1a: Umbreon|Foul Play|p2a: Sylveon\n|-resisted|p2a: Sylveon\n|-damage|p2a: Sylveon|229\/297\n|\n|-heal|p1a: Umbreon|290\/290 tox|[from] item: Leftovers\n|-heal|p2a: Sylveon|247\/297|[from] item: Leftovers\n|-damage|p1a: Umbreon|254\/290 tox|[from] psn\n|upkeep\n|turn|8\n|\n|t:|1618085624\n|move|p1a: Umbreon|Toxic|p2a: Sylveon\n|-status|p2a: Sylveon|tox\n|move|p2a: Sylveon|Hyper Voice|p1a: Umbreon\n|-supereffective|p1a: Umbreon\n|-damage|p1a: Umbreon|54\/290 tox\n|\n|-heal|p1a: Umbreon|72\/290 tox|[from] item: Leftovers\n|-heal|p2a: Sylveon|265\/297 tox|[from] item: Leftovers\n|-damage|p1a: Umbreon|18\/290 tox|[from] psn\n|-damage|p2a: Sylveon|247\/297 tox|[from] psn\n|upkeep\n|turn|9\n|\n|t:|1618085638\n|move|p1a: Umbreon|Wish|p1a: Umbreon\n|move|p2a: Sylveon|Hyper Voice|p1a: Umbreon\n|-supereffective|p1a: Umbreon\n|-damage|p1a: Umbreon|0 fnt\n|faint|p1a: Umbreon\n|\n|-heal|p2a: Sylveon|265\/297 tox|[from] item: Leftovers\n|-damage|p2a: Sylveon|229\/297 tox|[from] psn\n|upkeep\n|\n|t:|1618085647\n|switch|p1a: Raichu|Raichu, L86, M|135\/243\n|turn|10\n|\n|t:|1618085657\n|move|p1a: Raichu|Nasty Plot|p1a: Raichu\n|-boost|p1a: Raichu|spa|2\n|move|p2a: Sylveon|Hyper Voice|p1a: Raichu\n|-damage|p1a: Raichu|2\/243\n|\n|-heal|p1a: Raichu|147\/243|[from] move: Wish|[wisher] Umbreon\n|-heal|p2a: Sylveon|247\/297 tox|[from] item: Leftovers\n|-damage|p2a: Sylveon|193\/297 tox|[from] psn\n|upkeep\n|turn|11\n|\n|t:|1618085670\n|move|p1a: Raichu|Thunderbolt|p2a: Sylveon\n|-damage|p2a: Sylveon|0 fnt\n|-damage|p1a: Raichu|123\/243|[from] item: Life Orb\n|faint|p2a: Sylveon\n|\n|upkeep\n|\n|t:|1618085677\n|switch|p2a: Accelgor|Accelgor, L86, F|278\/278\n|turn|12\n|\n|t:|1618085683\n|move|p2a: Accelgor|Bug Buzz|p1a: Raichu\n|-damage|p1a: Raichu|23\/243\n|move|p1a: Raichu|Thunderbolt|p2a: Accelgor\n|-damage|p2a: Accelgor|0 fnt\n|-damage|p1a: Raichu|0 fnt|[from] item: Life Orb\n|faint|p2a: Accelgor\n|faint|p1a: Raichu\n|\n|upkeep\n|\n|t:|1618085699\n|switch|p2a: Miltank|Miltank, L84, F|297\/297\n|switch|p1a: Cinderace|Cinderace, L76, M|247\/247\n|-damage|p2a: Miltank|260\/297|[from] Stealth Rock\n|turn|13\n|\n|t:|1618085717\n|move|p1a: Cinderace|High Jump Kick|p2a: Miltank\n|-start|p1a: Cinderace|typechange|Fighting|[from] ability: Libero\n|-supereffective|p2a: Miltank\n|-damage|p2a: Miltank|0 fnt\n|faint|p2a: Miltank\n|\n|upkeep\n|\n|t:|1618085721\n|switch|p2a: Hawlucha|Hawlucha, L80, M|256\/256\n|-damage|p2a: Hawlucha|224\/256|[from] Stealth Rock\n|-ability|p2a: Hawlucha|Mold Breaker\n|turn|14\n|\n|t:|1618085732\n|switch|p1a: Blacephalon|Blacephalon, L80|118\/216 tox\n|-start|p2a: Hawlucha|Dynamax\n|-heal|p2a: Hawlucha|448\/512|[silent]\n|move|p2a: Hawlucha|Max Knuckle|p1a: Blacephalon\n|-immune|p1a: Blacephalon\n|\n|-damage|p1a: Blacephalon|105\/216 tox|[from] psn\n|upkeep\n|turn|15\n|\n|t:|1618085746\n|move|p2a: Hawlucha|Max Airstream|p1a: Blacephalon\n|-damage|p1a: Blacephalon|0 fnt\n|-boost|p2a: Hawlucha|spe|1\n|faint|p1a: Blacephalon\n|\n|upkeep\n|\n|t:|1618085756\n|switch|p1a: Cinderace|Cinderace, L76, M|247\/247\n|turn|16\n|\n|t:|1618085777\n|-start|p1a: Cinderace|Dynamax\n|-heal|p1a: Cinderace|494\/494|[silent]\n|move|p2a: Hawlucha|Max Airstream|p1a: Cinderace\n|-damage|p1a: Cinderace|331\/494\n|-boost|p2a: Hawlucha|spe|1\n|move|p1a: Cinderace|Max Flare|p2a: Hawlucha\n|-damage|p2a: Hawlucha|292\/512\n|-weather|SunnyDay\n|\n|-weather|SunnyDay|[upkeep]\n|-end|p2a: Hawlucha|Dynamax\n|-heal|p2a: Hawlucha|146\/256|[silent]\n|upkeep\n|turn|17\n|\n|t:|1618085791\n|move|p2a: Hawlucha|Stone Edge|p1a: Cinderace\n|-supereffective|p1a: Cinderace\n|-damage|p1a: Cinderace|95\/494\n|move|p1a: Cinderace|Max Flare|p2a: Hawlucha\n|-damage|p2a: Hawlucha|0 fnt\n|faint|p2a: Hawlucha\n|\n|-weather|SunnyDay|[upkeep]\n|upkeep\n|\n|t:|1618085801\n|switch|p2a: Dialga|Dialga, L74|141\/270 par\n|-damage|p2a: Dialga|125\/270 par|[from] Stealth Rock\n|-ability|p2a: Dialga|Pressure\n|turn|18\n|\n|t:|1618085807\n|move|p1a: Cinderace|Max Flare|p2a: Dialga\n|-damage|p2a: Dialga|0 fnt\n|faint|p2a: Dialga\n|\n|-weather|SunnyDay|[upkeep]\n|-end|p1a: Cinderace|Dynamax\n|-heal|p1a: Cinderace|48\/247|[silent]\n|upkeep\n|\n|t:|1618085811\n|switch|p2a: Skarmory|Skarmory, L80, M|235\/235\n|-damage|p2a: Skarmory|206\/235|[from] Stealth Rock\n|turn|19\n|\n|t:|1618085818\n|move|p1a: Cinderace|Pyro Ball|p2a: Skarmory|[miss]\n|-miss|p1a: Cinderace|p2a: Skarmory\n|move|p2a: Skarmory|Brave Bird|p1a: Cinderace\n|-damage|p1a: Cinderace|0 fnt\n|-damage|p2a: Skarmory|190\/235|[from] Recoil\n|faint|p1a: Cinderace\n|\n|-weather|SunnyDay|[upkeep]\n|-heal|p2a: Skarmory|204\/235|[from] item: Leftovers\n|upkeep\n|c|\u2606lord cube|gg\n|\n|t:|1618085829\n|switch|p1a: Amoonguss|Amoonguss, L84, F|329\/329\n|turn|20\n|\n|t:|1618085837\n|move|p2a: Skarmory|Brave Bird|p1a: Amoonguss\n|-supereffective|p1a: Amoonguss\n|-damage|p1a: Amoonguss|89\/329\n|-damage|p2a: Skarmory|125\/235|[from] Recoil\n|move|p1a: Amoonguss|Spore|p2a: Skarmory\n|-status|p2a: Skarmory|slp|[from] move: Spore\n|\n|-weather|none\n|-heal|p2a: Skarmory|139\/235 slp|[from] item: Leftovers\n|-heal|p1a: Amoonguss|109\/329|[from] item: Black Sludge\n|upkeep\n|turn|21\n|\n|t:|1618085847\n|switch|p1a: Mesprit|Mesprit, L84|272\/272\n|cant|p2a: Skarmory|slp\n|\n|-heal|p2a: Skarmory|153\/235 slp|[from] item: Leftovers\n|upkeep\n|turn|22\n|\n|t:|1618085855\n|move|p1a: Mesprit|Psychic|p2a: Skarmory\n|-resisted|p2a: Skarmory\n|-damage|p2a: Skarmory|88\/235 slp\n|-unboost|p2a: Skarmory|spd|1\n|-curestatus|p2a: Skarmory|slp|[msg]\n|move|p2a: Skarmory|Roost|p2a: Skarmory\n|-heal|p2a: Skarmory|206\/235\n|-singleturn|p2a: Skarmory|move: Roost\n|\n|-heal|p2a: Skarmory|220\/235|[from] item: Leftovers\n|upkeep\n|turn|23\n|\n|t:|1618085865\n|move|p1a: Mesprit|Psychic|p2a: Skarmory\n|-resisted|p2a: Skarmory\n|-damage|p2a: Skarmory|123\/235\n|move|p2a: Skarmory|Spikes|p1a: Mesprit\n|-sidestart|p1: austin powa|Spikes\n|\n|-heal|p2a: Skarmory|137\/235|[from] item: Leftovers\n|upkeep\n|turn|24\n|\n|t:|1618085872\n|move|p1a: Mesprit|Thunder Wave|p2a: Skarmory\n|-status|p2a: Skarmory|par\n|move|p2a: Skarmory|Roost|p2a: Skarmory\n|-heal|p2a: Skarmory|235\/235 par\n|-singleturn|p2a: Skarmory|move: Roost\n|\n|upkeep\n|turn|25\n|\n|t:|1618085884\n|move|p1a: Mesprit|Psychic|p2a: Skarmory\n|-resisted|p2a: Skarmory\n|-damage|p2a: Skarmory|143\/235 par\n|move|p2a: Skarmory|Whirlwind|p1a: Mesprit\n|drag|p1a: Amoonguss|Amoonguss, L84, F|218\/329\n|-damage|p1a: Amoonguss|177\/329|[from] Spikes\n|\n|-heal|p1a: Amoonguss|197\/329|[from] item: Black Sludge\n|-heal|p2a: Skarmory|157\/235 par|[from] item: Leftovers\n|upkeep\n|turn|26\n|\n|t:|1618085893\n|move|p1a: Amoonguss|Sludge Bomb|p2a: Skarmory\n|-immune|p2a: Skarmory\n|move|p2a: Skarmory|Roost|p2a: Skarmory\n|-heal|p2a: Skarmory|235\/235 par\n|-singleturn|p2a: Skarmory|move: Roost\n|\n|-heal|p1a: Amoonguss|217\/329|[from] item: Black Sludge\n|upkeep\n|turn|27\n|\n|t:|1618085902\n|move|p1a: Amoonguss|Toxic||[still]\n|-fail|p1a: Amoonguss\n|move|p2a: Skarmory|Spikes|p1a: Amoonguss\n|-sidestart|p1: austin powa|Spikes\n|\n|-heal|p1a: Amoonguss|237\/329|[from] item: Black Sludge\n|upkeep\n|turn|28\n|\n|t:|1618085907\n|move|p1a: Amoonguss|Toxic||[still]\n|-fail|p1a: Amoonguss\n|cant|p2a: Skarmory|par\n|\n|-heal|p1a: Amoonguss|257\/329|[from] item: Black Sludge\n|upkeep\n|turn|29\n|\n|t:|1618085913\n|move|p1a: Amoonguss|Toxic||[still]\n|-fail|p1a: Amoonguss\n|move|p2a: Skarmory|Spikes|p1a: Amoonguss\n|-sidestart|p1: austin powa|Spikes\n|\n|-heal|p1a: Amoonguss|277\/329|[from] item: Black Sludge\n|upkeep\n|turn|30\n|\n|t:|1618085919\n|move|p1a: Amoonguss|Toxic||[still]\n|-fail|p1a: Amoonguss\n|cant|p2a: Skarmory|par\n|\n|-heal|p1a: Amoonguss|297\/329|[from] item: Black Sludge\n|upkeep\n|turn|31\n|\n|t:|1618085924\n|move|p1a: Amoonguss|Toxic||[still]\n|-fail|p1a: Amoonguss\n|move|p2a: Skarmory|Whirlwind|p1a: Amoonguss\n|drag|p1a: Mesprit|Mesprit, L84|272\/272\n|\n|upkeep\n|turn|32\n|\n|t:|1618085932\n|move|p1a: Mesprit|Psychic|p2a: Skarmory\n|-resisted|p2a: Skarmory\n|-damage|p2a: Skarmory|135\/235 par\n|move|p2a: Skarmory|Whirlwind|p1a: Mesprit\n|drag|p1a: Amoonguss|Amoonguss, L84, F|329\/329\n|-damage|p1a: Amoonguss|247\/329|[from] Spikes\n|\n|-heal|p1a: Amoonguss|267\/329|[from] item: Black Sludge\n|-heal|p2a: Skarmory|149\/235 par|[from] item: Leftovers\n|upkeep\n|turn|33\n|\n|t:|1618085941\n|move|p1a: Amoonguss|Toxic||[still]\n|-fail|p1a: Amoonguss\n|move|p2a: Skarmory|Roost|p2a: Skarmory\n|-heal|p2a: Skarmory|235\/235 par\n|-singleturn|p2a: Skarmory|move: Roost\n|\n|-heal|p1a: Amoonguss|287\/329|[from] item: Black Sludge\n|upkeep\n|turn|34\n|\n|t:|1618085948\n|move|p1a: Amoonguss|Toxic||[still]\n|-fail|p1a: Amoonguss\n|move|p2a: Skarmory|Brave Bird|p1a: Amoonguss\n|-supereffective|p1a: Amoonguss\n|-damage|p1a: Amoonguss|33\/329\n|-damage|p2a: Skarmory|151\/235 par|[from] Recoil\n|\n|-heal|p1a: Amoonguss|53\/329|[from] item: Black Sludge\n|-heal|p2a: Skarmory|165\/235 par|[from] item: Leftovers\n|upkeep\n|turn|35\n|\n|t:|1618085957\n|move|p1a: Amoonguss|Synthesis|p1a: Amoonguss\n|-heal|p1a: Amoonguss|217\/329\n|move|p2a: Skarmory|Roost|p2a: Skarmory\n|-heal|p2a: Skarmory|235\/235 par\n|-singleturn|p2a: Skarmory|move: Roost\n|\n|-heal|p1a: Amoonguss|237\/329|[from] item: Black Sludge\n|upkeep\n|turn|36\n|\n|t:|1618085967\n|move|p1a: Amoonguss|Toxic||[still]\n|-fail|p1a: Amoonguss\n|move|p2a: Skarmory|Whirlwind|p1a: Amoonguss\n|drag|p1a: Mesprit|Mesprit, L84|272\/272\n|\n|upkeep\n|turn|37\n|\n|t:|1618085974\n|move|p1a: Mesprit|Psychic|p2a: Skarmory\n|-resisted|p2a: Skarmory\n|-damage|p2a: Skarmory|140\/235 par\n|move|p2a: Skarmory|Roost|p2a: Skarmory\n|-heal|p2a: Skarmory|235\/235 par\n|-singleturn|p2a: Skarmory|move: Roost\n|\n|upkeep\n|turn|38\n|\n|t:|1618085982\n|move|p1a: Mesprit|Psychic|p2a: Skarmory\n|-resisted|p2a: Skarmory\n|-damage|p2a: Skarmory|148\/235 par\n|move|p2a: Skarmory|Brave Bird|p1a: Mesprit\n|-damage|p1a: Mesprit|190\/272\n|-damage|p2a: Skarmory|121\/235 par|[from] Recoil\n|\n|-heal|p1a: Mesprit|207\/272|[from] item: Leftovers\n|-heal|p2a: Skarmory|135\/235 par|[from] item: Leftovers\n|upkeep\n|turn|39\n|\n|t:|1618085992\n|move|p1a: Mesprit|Psychic|p2a: Skarmory\n|-resisted|p2a: Skarmory\n|-damage|p2a: Skarmory|41\/235 par\n|move|p2a: Skarmory|Roost|p2a: Skarmory\n|-heal|p2a: Skarmory|159\/235 par\n|-singleturn|p2a: Skarmory|move: Roost\n|\n|-heal|p1a: Mesprit|224\/272|[from] item: Leftovers\n|-heal|p2a: Skarmory|173\/235 par|[from] item: Leftovers\n|upkeep\n|turn|40\n|\n|t:|1618086001\n|move|p1a: Mesprit|Psychic|p2a: Skarmory\n|-resisted|p2a: Skarmory\n|-damage|p2a: Skarmory|86\/235 par\n|move|p2a: Skarmory|Roost|p2a: Skarmory\n|-heal|p2a: Skarmory|204\/235 par\n|-singleturn|p2a: Skarmory|move: Roost\n|\n|-heal|p1a: Mesprit|241\/272|[from] item: Leftovers\n|-heal|p2a: Skarmory|218\/235 par|[from] item: Leftovers\n|upkeep\n|turn|41\n|\n|t:|1618086014\n|move|p1a: Mesprit|Psychic|p2a: Skarmory\n|-resisted|p2a: Skarmory\n|-damage|p2a: Skarmory|126\/235 par\n|move|p2a: Skarmory|Brave Bird|p1a: Mesprit\n|-damage|p1a: Mesprit|156\/272\n|-damage|p2a: Skarmory|98\/235 par|[from] Recoil\n|\n|-heal|p1a: Mesprit|173\/272|[from] item: Leftovers\n|-heal|p2a: Skarmory|112\/235 par|[from] item: Leftovers\n|upkeep\n|turn|42\n|\n|t:|1618086023\n|move|p1a: Mesprit|Psychic|p2a: Skarmory\n|-resisted|p2a: Skarmory\n|-damage|p2a: Skarmory|19\/235 par\n|move|p2a: Skarmory|Roost|p2a: Skarmory\n|-heal|p2a: Skarmory|137\/235 par\n|-singleturn|p2a: Skarmory|move: Roost\n|\n|-heal|p1a: Mesprit|190\/272|[from] item: Leftovers\n|-heal|p2a: Skarmory|151\/235 par|[from] item: Leftovers\n|upkeep\n|turn|43\n|\n|t:|1618086032\n|move|p1a: Mesprit|Psychic|p2a: Skarmory\n|-resisted|p2a: Skarmory\n|-damage|p2a: Skarmory|52\/235 par\n|move|p2a: Skarmory|Roost|p2a: Skarmory\n|-heal|p2a: Skarmory|170\/235 par\n|-singleturn|p2a: Skarmory|move: Roost\n|\n|-heal|p1a: Mesprit|207\/272|[from] item: Leftovers\n|-heal|p2a: Skarmory|184\/235 par|[from] item: Leftovers\n|upkeep\n|turn|44\n|\n|t:|1618086049\n|move|p1a: Mesprit|U-turn|p2a: Skarmory\n|-resisted|p2a: Skarmory\n|-damage|p2a: Skarmory|175\/235 par\n|\n|t:|1618086052\n|switch|p1a: Amoonguss|Amoonguss, L84, F|329\/329\n|-damage|p1a: Amoonguss|247\/329|[from] Spikes\n|cant|p2a: Skarmory|par\n|\n|-heal|p1a: Amoonguss|267\/329|[from] item: Black Sludge\n|-heal|p2a: Skarmory|189\/235 par|[from] item: Leftovers\n|upkeep\n|turn|45\n|\n|t:|1618086062\n|move|p1a: Amoonguss|Synthesis|p1a: Amoonguss\n|-heal|p1a: Amoonguss|329\/329\n|move|p2a: Skarmory|Spikes||[still]\n|-fail|p2a: Skarmory\n|\n|-heal|p2a: Skarmory|203\/235 par|[from] item: Leftovers\n|upkeep\n|turn|46\n|\n|t:|1618086069\n|move|p1a: Amoonguss|Toxic||[still]\n|-fail|p1a: Amoonguss\n|move|p2a: Skarmory|Spikes||[still]\n|-fail|p2a: Skarmory\n|\n|-heal|p2a: Skarmory|217\/235 par|[from] item: Leftovers\n|upkeep\n|turn|47\n|\n|t:|1618086075\n|move|p1a: Amoonguss|Toxic||[still]\n|-fail|p1a: Amoonguss\n|cant|p2a: Skarmory|par\n|\n|-heal|p2a: Skarmory|231\/235 par|[from] item: Leftovers\n|upkeep\n|turn|48\n|\n|t:|1618086081\n|move|p1a: Amoonguss|Toxic||[still]\n|-fail|p1a: Amoonguss\n|move|p2a: Skarmory|Whirlwind|p1a: Amoonguss\n|drag|p1a: Mesprit|Mesprit, L84|207\/272\n|\n|-heal|p1a: Mesprit|224\/272|[from] item: Leftovers\n|-heal|p2a: Skarmory|235\/235 par|[from] item: Leftovers\n|upkeep\n|turn|49\n|\n|t:|1618086089\n|move|p1a: Mesprit|Psychic|p2a: Skarmory\n|-resisted|p2a: Skarmory\n|-damage|p2a: Skarmory|138\/235 par\n|move|p2a: Skarmory|Brave Bird|p1a: Mesprit\n|-damage|p1a: Mesprit|133\/272\n|-damage|p2a: Skarmory|108\/235 par|[from] Recoil\n|\n|-heal|p1a: Mesprit|150\/272|[from] item: Leftovers\n|-heal|p2a: Skarmory|122\/235 par|[from] item: Leftovers\n|upkeep\n|turn|50\n|\n|t:|1618086098\n|move|p1a: Mesprit|U-turn|p2a: Skarmory\n|-resisted|p2a: Skarmory\n|-damage|p2a: Skarmory|113\/235 par\n|\n|t:|1618086101\n|switch|p1a: Amoonguss|Amoonguss, L84, F|329\/329\n|-damage|p1a: Amoonguss|247\/329|[from] Spikes\n|move|p2a: Skarmory|Roost|p2a: Skarmory\n|-heal|p2a: Skarmory|231\/235 par\n|-singleturn|p2a: Skarmory|move: Roost\n|\n|-heal|p1a: Amoonguss|267\/329|[from] item: Black Sludge\n|-heal|p2a: Skarmory|235\/235 par|[from] item: Leftovers\n|upkeep\n|turn|51\n|\n|t:|1618086113\n|move|p1a: Amoonguss|Spore||[still]\n|-fail|p1a: Amoonguss\n|move|p2a: Skarmory|Whirlwind|p1a: Amoonguss\n|drag|p1a: Mesprit|Mesprit, L84|150\/272\n|\n|-heal|p1a: Mesprit|167\/272|[from] item: Leftovers\n|upkeep\n|turn|52\n|inactive|lord cube has 120 seconds left.\n|\n|t:|1618086157\n|move|p1a: Mesprit|U-turn|p2a: Skarmory\n|-resisted|p2a: Skarmory\n|-damage|p2a: Skarmory|226\/235 par\n|\n|t:|1618086160\n|switch|p1a: Amoonguss|Amoonguss, L84, F|329\/329\n|-damage|p1a: Amoonguss|247\/329|[from] Spikes\n|cant|p2a: Skarmory|par\n|\n|-heal|p1a: Amoonguss|267\/329|[from] item: Black Sludge\n|-heal|p2a: Skarmory|235\/235 par|[from] item: Leftovers\n|upkeep\n|turn|53\n|\n|t:|1618086169\n|move|p1a: Amoonguss|Toxic||[still]\n|-fail|p1a: Amoonguss\n|move|p2a: Skarmory|Whirlwind|p1a: Amoonguss\n|drag|p1a: Mesprit|Mesprit, L84|167\/272\n|\n|-heal|p1a: Mesprit|184\/272|[from] item: Leftovers\n|upkeep\n|turn|54\n|\n|t:|1618086176\n|move|p1a: Mesprit|U-turn|p2a: Skarmory\n|-resisted|p2a: Skarmory\n|-damage|p2a: Skarmory|227\/235 par\n|\n|t:|1618086179\n|switch|p1a: Amoonguss|Amoonguss, L84, F|329\/329\n|-damage|p1a: Amoonguss|247\/329|[from] Spikes\n|cant|p2a: Skarmory|par\n|\n|-heal|p1a: Amoonguss|267\/329|[from] item: Black Sludge\n|-heal|p2a: Skarmory|235\/235 par|[from] item: Leftovers\n|upkeep\n|turn|55\n|\n|t:|1618086188\n|move|p1a: Amoonguss|Toxic||[still]\n|-fail|p1a: Amoonguss\n|cant|p2a: Skarmory|par\n|\n|-heal|p1a: Amoonguss|287\/329|[from] item: Black Sludge\n|upkeep\n|turn|56\n|\n|t:|1618086195\n|move|p1a: Amoonguss|Toxic||[still]\n|-fail|p1a: Amoonguss\n|move|p2a: Skarmory|Whirlwind|p1a: Amoonguss\n|drag|p1a: Mesprit|Mesprit, L84|184\/272\n|\n|-heal|p1a: Mesprit|201\/272|[from] item: Leftovers\n|upkeep\n|turn|57\n|\n|t:|1618086204\n|move|p1a: Mesprit|U-turn|p2a: Skarmory\n|-resisted|p2a: Skarmory\n|-damage|p2a: Skarmory|226\/235 par\n|\n|t:|1618086206\n|switch|p1a: Amoonguss|Amoonguss, L84, F|329\/329\n|-damage|p1a: Amoonguss|247\/329|[from] Spikes\n|move|p2a: Skarmory|Brave Bird|p1a: Amoonguss\n|-supereffective|p1a: Amoonguss\n|-damage|p1a: Amoonguss|7\/329\n|-damage|p2a: Skarmory|147\/235 par|[from] Recoil\n|\n|-heal|p1a: Amoonguss|27\/329|[from] item: Black Sludge\n|-heal|p2a: Skarmory|161\/235 par|[from] item: Leftovers\n|upkeep\n|turn|58\n|\n|t:|1618086220\n|move|p1a: Amoonguss|Synthesis|p1a: Amoonguss\n|-heal|p1a: Amoonguss|191\/329\n|move|p2a: Skarmory|Whirlwind|p1a: Amoonguss\n|drag|p1a: Mesprit|Mesprit, L84|201\/272\n|\n|-heal|p1a: Mesprit|218\/272|[from] item: Leftovers\n|-heal|p2a: Skarmory|175\/235 par|[from] item: Leftovers\n|upkeep\n|turn|59\n|\n|t:|1618086230\n|move|p1a: Mesprit|U-turn|p2a: Skarmory\n|-resisted|p2a: Skarmory\n|-damage|p2a: Skarmory|166\/235 par\n|\n|t:|1618086233\n|switch|p1a: Amoonguss|Amoonguss, L84, F|300\/329\n|-damage|p1a: Amoonguss|218\/329|[from] Spikes\n|move|p2a: Skarmory|Roost|p2a: Skarmory\n|-heal|p2a: Skarmory|235\/235 par\n|-singleturn|p2a: Skarmory|move: Roost\n|\n|-heal|p1a: Amoonguss|238\/329|[from] item: Black Sludge\n|upkeep\n|turn|60\n|\n|t:|1618086242\n|move|p1a: Amoonguss|Toxic||[still]\n|-fail|p1a: Amoonguss\n|move|p2a: Skarmory|Whirlwind|p1a: Amoonguss\n|drag|p1a: Mesprit|Mesprit, L84|218\/272\n|\n|-heal|p1a: Mesprit|235\/272|[from] item: Leftovers\n|upkeep\n|turn|61\n|\n|t:|1618086249\n|move|p1a: Mesprit|U-turn|p2a: Skarmory\n|-resisted|p2a: Skarmory\n|-damage|p2a: Skarmory|226\/235 par\n|\n|t:|1618086251\n|switch|p1a: Amoonguss|Amoonguss, L84, F|329\/329\n|-damage|p1a: Amoonguss|247\/329|[from] Spikes\n|cant|p2a: Skarmory|par\n|\n|-heal|p1a: Amoonguss|267\/329|[from] item: Black Sludge\n|-heal|p2a: Skarmory|235\/235 par|[from] item: Leftovers\n|upkeep\n|turn|62\n|\n|t:|1618086261\n|move|p1a: Amoonguss|Sludge Bomb|p2a: Skarmory\n|-immune|p2a: Skarmory\n|cant|p2a: Skarmory|par\n|\n|-heal|p1a: Amoonguss|287\/329|[from] item: Black Sludge\n|upkeep\n|turn|63\n|\n|t:|1618086271\n|move|p1a: Amoonguss|Spore||[still]\n|-fail|p1a: Amoonguss\n|move|p2a: Skarmory|Brave Bird|p1a: Amoonguss\n|-supereffective|p1a: Amoonguss\n|-damage|p1a: Amoonguss|29\/329\n|-damage|p2a: Skarmory|150\/235 par|[from] Recoil\n|\n|-heal|p1a: Amoonguss|49\/329|[from] item: Black Sludge\n|-heal|p2a: Skarmory|164\/235 par|[from] item: Leftovers\n|upkeep\n|turn|64\n|\n|t:|1618086285\n|move|p1a: Amoonguss|Synthesis|p1a: Amoonguss\n|-heal|p1a: Amoonguss|213\/329\n|move|p2a: Skarmory|Brave Bird|p1a: Amoonguss\n|-supereffective|p1a: Amoonguss\n|-damage|p1a: Amoonguss|0 fnt\n|-damage|p2a: Skarmory|94\/235 par|[from] Recoil\n|faint|p1a: Amoonguss\n|\n|-heal|p2a: Skarmory|108\/235 par|[from] item: Leftovers\n|upkeep\n|\n|t:|1618086294\n|switch|p1a: Mesprit|Mesprit, L84|235\/272\n|turn|65\n|\n|t:|1618086297\n|move|p1a: Mesprit|Psychic|p2a: Skarmory\n|-resisted|p2a: Skarmory\n|-damage|p2a: Skarmory|12\/235 par\n|move|p2a: Skarmory|Roost|p2a: Skarmory\n|-heal|p2a: Skarmory|130\/235 par\n|-singleturn|p2a: Skarmory|move: Roost\n|\n|-heal|p1a: Mesprit|252\/272|[from] item: Leftovers\n|-heal|p2a: Skarmory|144\/235 par|[from] item: Leftovers\n|upkeep\n|turn|66\n|\n|t:|1618086306\n|move|p1a: Mesprit|Psychic|p2a: Skarmory\n|-resisted|p2a: Skarmory\n|-damage|p2a: Skarmory|50\/235 par\n|-unboost|p2a: Skarmory|spd|1\n|cant|p2a: Skarmory|par\n|\n|-heal|p1a: Mesprit|269\/272|[from] item: Leftovers\n|-heal|p2a: Skarmory|64\/235 par|[from] item: Leftovers\n|upkeep\n|turn|67\n|c|\u2606lord cube|gg\n|-message|lord cube forfeited.\n|\n|win|austin powa\n|raw|austin powa's rating: 1492 &rarr; <strong>1514<\/strong><br \/>(+22 for winning)\n|raw|lord cube's rating: 1531 &rarr; <strong>1509<\/strong><br \/>(-22 for losing)\n|l|\u2606lord cube\n||Ladder isn't responding, score probably updated but might not have (Request timeout).\n","inputlog":">version d1e863b584361f06870c8f6d8659b4e463997ff1\n>start {\"formatid\":\"gen8randombattle\",\"seed\":[1491,64761,63291,31436],\"rated\":\"Rated battle\"}\n>player p1 {\"name\":\"austin powa\",\"avatar\":\"burgh\",\"rating\":1492,\"seed\":[10478,30934,21054,560]}\n>player p2 {\"name\":\"lord cube\",\"avatar\":\"blackbelt-gen4dp\",\"rating\":1531,\"seed\":[43741,16804,24650,19597]}\n>p1 move thunderwave\n>p2 move toxic\n>p1 move stealthrock\n>p2 move toxic\n>p1 move uturn\n>p2 move toxic\n>p1 switch 6\n>p1 move calmmind\n>p2 move dragontail\n>p1 move thunderbolt\n>p2 move dragontail\n>p1 move foulplay\n>p2 move toxic\n>p1 move foulplay\n>p2 switch 6\n>p1 move toxic\n>p2 move hypervoice\n>p1 move wish\n>p2 move hypervoice\n>p1 switch 5\n>p1 move nastyplot\n>p2 move hypervoice\n>p1 move thunderbolt\n>p2 move hypervoice\n>p2 switch 5\n>p1 move thunderbolt\n>p2 move bugbuzz\n>p1 switch 4\n>p2 switch 2\n>p1 move highjumpkick\n>p2 move bodyslam\n>p2 switch 3\n>p1 switch 2\n>p2 move closecombat dynamax\n>p1 move psyshock\n>p2 move bravebird dynamax\n>p1 switch 2\n>p1 move pyroball dynamax\n>p2 move bravebird dynamax\n>p1 move pyroball dynamax\n>p2 move stoneedge\n>p2 switch 6\n>p1 move pyroball dynamax\n>p2 move dracometeor\n>p2 switch 4\n>p1 move pyroball\n>p2 move bravebird\n>chat \u2606lord cube|gg\n>p1 switch 3\n>p1 move spore\n>p2 move bravebird\n>p1 switch 6\n>p2 move bravebird\n>p1 move psychic\n>p2 move roost\n>p1 move psychic\n>p2 move spikes\n>p1 move thunderwave\n>p2 move roost\n>p1 move psychic\n>p2 move whirlwind\n>p1 move sludgebomb\n>p2 move roost\n>p1 move toxic\n>p2 move spikes\n>p1 move toxic\n>p2 move spikes\n>p1 move toxic\n>p2 move spikes\n>p1 move toxic\n>p2 move whirlwind\n>p1 move toxic\n>p2 move whirlwind\n>p1 move psychic\n>p2 move whirlwind\n>p1 move toxic\n>p2 move roost\n>p1 move toxic\n>p2 move bravebird\n>p1 move synthesis\n>p2 move roost\n>p1 move toxic\n>p2 move whirlwind\n>p1 move psychic\n>p2 move roost\n>p1 move psychic\n>p2 move bravebird\n>p1 move psychic\n>p2 move roost\n>p1 move psychic\n>p2 move roost\n>p1 move psychic\n>p2 move bravebird\n>p1 move psychic\n>p2 move roost\n>p1 move psychic\n>p2 move roost\n>p1 move uturn\n>p2 move bravebird\n>p1 switch 6\n>p1 move synthesis\n>p2 move spikes\n>p1 move toxic\n>p2 move spikes\n>p1 move toxic\n>p2 move spikes\n>p1 move toxic\n>p2 move whirlwind\n>p1 move psychic\n>p2 move bravebird\n>p1 move uturn\n>p2 move roost\n>p1 switch 6\n>p1 move spore\n>p2 move whirlwind\n>p1 move uturn\n>p2 move bravebird\n>p1 switch 6\n>p1 move toxic\n>p2 move whirlwind\n>p1 move uturn\n>p2 move bravebird\n>p1 switch 6\n>p1 move toxic\n>p2 move whirlwind\n>p1 move toxic\n>p2 move whirlwind\n>p1 move uturn\n>p2 move bravebird\n>p1 switch 6\n>p1 move synthesis\n>p2 move whirlwind\n>p1 move uturn\n>p2 move roost\n>p1 switch 6\n>p1 move toxic\n>p2 move whirlwind\n>p1 move uturn\n>p2 move bravebird\n>p1 switch 6\n>p1 move sludgebomb\n>p2 move bravebird\n>p1 move spore\n>p2 move bravebird\n>p1 move synthesis\n>p2 move bravebird\n>p1 switch 6\n>p1 move psychic\n>p2 move roost\n>p1 move psychic\n>p2 move roost\n>chat \u2606lord cube|gg\n>forcelose p2","uploadtime":1618086351,"views":17,"p1id":"austinpowa","p2id":"lordcube","formatid":"gen8randombattle","rating":1509,"private":0,"password":null}