{"id":"gen8randombattle-1329115511","p1":"Yusei1789","p2":"DjezzeMwoan","format":"gen8randombattle","log":"|j|\u2606Yusei1789\n|j|\u2606DjezzeMwoan\n|t:|1619440626\n|gametype|singles\n|player|p1|Yusei1789|dawn|2155\n|player|p2|DjezzeMwoan|52|2134\n|teamsize|p1|6\n|teamsize|p2|6\n|gen|8\n|tier|[Gen 8] Random Battle\n|rated|\n|rule|Species Clause: Limit one of each Pok\u00e9mon\n|rule|HP Percentage Mod: HP is shown in percentages\n|rule|Sleep Clause Mod: Limit one foe put to sleep\n|\n|t:|1619440626\n|start\n|switch|p1a: Palkia|Palkia, L74|255\/255\n|switch|p2a: Weezing|Weezing-Galar, L86, M|252\/252\n|-ability|p1a: Palkia|Pressure\n|turn|1\n|inactive|Battle timer is ON: inactive players will automatically lose when time's up. (requested by Yusei1789)\n|inactive|Yusei1789 has 120 seconds left.\n|\n|t:|1619440666\n|switch|p2a: Cramorant|Cramorant, L84, M|255\/255\n|move|p1a: Palkia|Thunder Wave|p2a: Cramorant\n|-status|p2a: Cramorant|par\n|\n|upkeep\n|turn|2\n|inactive|Yusei1789 has 120 seconds left.\n|\n|t:|1619440698\n|switch|p1a: Chansey|Chansey, L84, F|557\/557\n|move|p2a: Cramorant|Surf|p1a: Chansey\n|-formechange|p2a: Cramorant|Cramorant-Gulping|\n|-damage|p1a: Chansey|509\/557\n|\n|upkeep\n|turn|3\n|inactive|Yusei1789 has 120 seconds left.\n|\n|t:|1619440712\n|switch|p1a: Morpeko|Morpeko, L86, M|240\/240\n|move|p2a: Cramorant|Superpower|p1a: Morpeko\n|-supereffective|p1a: Morpeko\n|-damage|p1a: Morpeko|38\/240\n|-unboost|p2a: Cramorant|atk|1\n|-unboost|p2a: Cramorant|def|1\n|\n|-heal|p1a: Morpeko|53\/240|[from] item: Leftovers\n|-formechange|p1a: Morpeko|Morpeko-Hangry||[from] ability: Hunger Switch\n|upkeep\n|turn|4\n|inactive|Yusei1789 has 120 seconds left.\n|\n|t:|1619440726\n|switch|p2a: Weezing|Weezing-Galar, L86, M|252\/252\n|move|p1a: Morpeko|Aura Wheel|p2a: Weezing\n|-resisted|p2a: Weezing\n|-damage|p2a: Weezing|203\/252\n|-boost|p1a: Morpeko|spe|1\n|\n|-heal|p1a: Morpeko|68\/240|[from] item: Leftovers\n|-heal|p2a: Weezing|218\/252|[from] item: Black Sludge\n|-formechange|p1a: Morpeko|Morpeko||[from] ability: Hunger Switch\n|upkeep\n|turn|5\n|inactive|Yusei1789 has 120 seconds left.\n|\n|t:|1619440739\n|switch|p1a: Chansey|Chansey, L84, F|509\/557\n|move|p2a: Weezing|Toxic Spikes|p1a: Chansey\n|-sidestart|p1: Yusei1789|move: Toxic Spikes\n|\n|-heal|p2a: Weezing|233\/252|[from] item: Black Sludge\n|upkeep\n|turn|6\n|\n|t:|1619440748\n|switch|p2a: Cramorant|Cramorant, L84, M|255\/255 par\n|move|p1a: Chansey|Stealth Rock|p2a: Cramorant\n|-sidestart|p2: DjezzeMwoan|move: Stealth Rock\n|\n|upkeep\n|turn|7\n|inactive|Yusei1789 has 120 seconds left.\n|\n|t:|1619440766\n|switch|p1a: Morpeko|Morpeko, L86, M|68\/240\n|-status|p1a: Morpeko|psn\n|cant|p2a: Cramorant|par\n|\n|-heal|p1a: Morpeko|83\/240 psn|[from] item: Leftovers\n|-damage|p1a: Morpeko|53\/240 psn|[from] psn\n|-formechange|p1a: Morpeko|Morpeko-Hangry||[from] ability: Hunger Switch\n|upkeep\n|turn|8\n|inactive|Yusei1789 has 120 seconds left.\n|\n|t:|1619440777\n|move|p1a: Morpeko|Rapid Spin|p2a: Cramorant\n|-damage|p2a: Cramorant|205\/255 par\n|-boost|p1a: Morpeko|spe|1\n|-sideend|p1: Yusei1789|Toxic Spikes|[from] move: Rapid Spin|[of] p1a: Morpeko\n|move|p2a: Cramorant|Surf|p1a: Morpeko\n|-formechange|p2a: Cramorant|Cramorant-Gulping|\n|-damage|p1a: Morpeko|0 fnt\n|faint|p1a: Morpeko\n|\n|upkeep\n|inactive|Yusei1789 has 120 seconds left.\n|inactive|Yusei1789 has 90 seconds left.\n|\n|t:|1619440816\n|switch|p1a: Cursola|Cursola, L86, M|243\/243\n|turn|9\n|\n|t:|1619440826\n|move|p1a: Cursola|Stealth Rock||[still]\n|-fail|p1a: Cursola\n|cant|p2a: Cramorant|par\n|\n|upkeep\n|turn|10\n|\n|t:|1619440835\n|move|p1a: Cursola|Strength Sap|p2a: Cramorant\n|-unboost|p2a: Cramorant|atk|1\n|cant|p2a: Cramorant|par\n|\n|upkeep\n|turn|11\n|\n|t:|1619440841\n|move|p1a: Cursola|Shadow Ball|p2a: Cramorant\n|-damage|p2a: Cramorant|96\/255 par\n|-unboost|p2a: Cramorant|spd|1\n|-damage|p1a: Cursola|183\/243|[from] ability: Gulp Missile|[of] p2a: Cramorant\n|-unboost|p1a: Cursola|def|1\n|-formechange|p2a: Cramorant|Cramorant|\n|move|p2a: Cramorant|Surf|p1a: Cursola\n|-formechange|p2a: Cramorant|Cramorant-Gorging|\n|-damage|p1a: Cursola|125\/243\n|\n|-heal|p1a: Cursola|140\/243|[from] item: Leftovers\n|upkeep\n|turn|12\n|\n|t:|1619440854\n|move|p1a: Cursola|Shadow Ball|p2a: Cramorant\n|-damage|p2a: Cramorant|0 fnt\n|-damage|p1a: Cursola|80\/243|[from] ability: Gulp Missile|[of] p2a: Cramorant\n|-status|p1a: Cursola|par\n|-formechange|p2a: Cramorant|Cramorant|\n|faint|p2a: Cramorant\n|\n|-heal|p1a: Cursola|95\/243 par|[from] item: Leftovers\n|upkeep\n|c|\u2606DjezzeMwoan|id also just attack\n|c|\u2606DjezzeMwoan|its not like i get to do damage in reuturn\n|c|\u2606DjezzeMwoan|with paralasys\n|inactive|DjezzeMwoan has 120 seconds left.\n|\n|t:|1619440884\n|switch|p2a: Corviknight|Corviknight, L78, M|281\/281\n|-damage|p2a: Corviknight|246\/281|[from] Stealth Rock\n|-ability|p2a: Corviknight|Pressure\n|turn|13\n|inactive|Yusei1789 has 120 seconds left.\n|\n|t:|1619440894\n|switch|p1a: Palkia|Palkia, L74|255\/255\n|-ability|p1a: Palkia|Pressure\n|move|p2a: Corviknight|Brave Bird|p1a: Palkia\n|-damage|p1a: Palkia|156\/255\n|-damage|p2a: Corviknight|213\/281|[from] Recoil\n|\n|-heal|p1a: Palkia|171\/255|[from] item: Leftovers\n|-heal|p2a: Corviknight|230\/281|[from] item: Leftovers\n|upkeep\n|turn|14\n|inactive|Yusei1789 has 120 seconds left.\n|\n|t:|1619440906\n|move|p1a: Palkia|Thunder Wave|p2a: Corviknight\n|-status|p2a: Corviknight|par\n|cant|p2a: Corviknight|par\n|\n|-heal|p1a: Palkia|186\/255|[from] item: Leftovers\n|-heal|p2a: Corviknight|247\/281 par|[from] item: Leftovers\n|upkeep\n|turn|15\n|\n|t:|1619440916\n|move|p1a: Palkia|Fire Blast|p2a: Corviknight\n|-supereffective|p2a: Corviknight\n|-damage|p2a: Corviknight|51\/281 par\n|cant|p2a: Corviknight|par\n|\n|-heal|p1a: Palkia|201\/255|[from] item: Leftovers\n|-heal|p2a: Corviknight|68\/281 par|[from] item: Leftovers\n|upkeep\n|turn|16\n|\n|t:|1619440925\n|move|p1a: Palkia|Fire Blast|p2a: Corviknight\n|-supereffective|p2a: Corviknight\n|-damage|p2a: Corviknight|0 fnt\n|faint|p2a: Corviknight\n|\n|-heal|p1a: Palkia|216\/255|[from] item: Leftovers\n|upkeep\n|\n|t:|1619440928\n|switch|p2a: Weezing|Weezing-Galar, L86, M|233\/252\n|-damage|p2a: Weezing|202\/252|[from] Stealth Rock\n|turn|17\n|\n|t:|1619440937\n|move|p1a: Palkia|Thunder Wave|p2a: Weezing|[miss]\n|-miss|p1a: Palkia|p2a: Weezing\n|move|p2a: Weezing|Toxic Spikes|p1a: Palkia\n|-sidestart|p1: Yusei1789|move: Toxic Spikes\n|\n|-heal|p1a: Palkia|231\/255|[from] item: Leftovers\n|-heal|p2a: Weezing|217\/252|[from] item: Black Sludge\n|upkeep\n|turn|18\n|\n|t:|1619440946\n|move|p1a: Palkia|Thunder Wave|p2a: Weezing|[miss]\n|-miss|p1a: Palkia|p2a: Weezing\n|move|p2a: Weezing|Strange Steam|p1a: Palkia\n|-supereffective|p1a: Palkia\n|-damage|p1a: Palkia|57\/255\n|-start|p1a: Palkia|confusion\n|\n|-heal|p1a: Palkia|72\/255|[from] item: Leftovers\n|-heal|p2a: Weezing|232\/252|[from] item: Black Sludge\n|upkeep\n|turn|19\n|c|\u2606DjezzeMwoan|the tides of luck are changing\n|\n|t:|1619440961\n|switch|p1a: Chansey|Chansey, L84, F|509\/557\n|-status|p1a: Chansey|psn\n|move|p2a: Weezing|Strange Steam|p1a: Chansey|[miss]\n|-miss|p2a: Weezing|p1a: Chansey\n|\n|-heal|p2a: Weezing|247\/252|[from] item: Black Sludge\n|-damage|p1a: Chansey|440\/557 psn|[from] psn\n|upkeep\n|turn|20\n|\n|t:|1619440976\n|move|p2a: Weezing|Strange Steam|p1a: Chansey\n|-damage|p1a: Chansey|388\/557 psn\n|move|p1a: Chansey|Seismic Toss|p2a: Weezing\n|-damage|p2a: Weezing|163\/252\n|\n|-heal|p2a: Weezing|178\/252|[from] item: Black Sludge\n|-damage|p1a: Chansey|319\/557 psn|[from] psn\n|upkeep\n|turn|21\n|\n|t:|1619440987\n|switch|p2a: Durant|Durant, L78, F|219\/219\n|-damage|p2a: Durant|192\/219|[from] Stealth Rock\n|move|p1a: Chansey|Soft-Boiled|p1a: Chansey\n|-heal|p1a: Chansey|557\/557 psn\n|\n|-damage|p1a: Chansey|488\/557 psn|[from] psn\n|upkeep\n|turn|22\n|\n|t:|1619441006\n|move|p2a: Durant|Iron Head|p1a: Chansey\n|-damage|p1a: Chansey|50\/557 psn\n|cant|p1a: Chansey|flinch\n|\n|-damage|p1a: Chansey|0 fnt|[from] psn\n|faint|p1a: Chansey\n|upkeep\n|\n|t:|1619441017\n|switch|p1a: Dhelmise|Dhelmise, L86|261\/261\n|-status|p1a: Dhelmise|psn\n|-enditem|p1a: Dhelmise|Lum Berry|[eat]\n|-curestatus|p1a: Dhelmise|psn|[msg]\n|turn|23\n|\n|t:|1619441030\n|switch|p2a: Dragalge|Dragalge, L86, M|252\/252\n|-damage|p2a: Dragalge|221\/252|[from] Stealth Rock\n|move|p1a: Dhelmise|Swords Dance|p1a: Dhelmise\n|-boost|p1a: Dhelmise|atk|2\n|\n|upkeep\n|turn|24\n|\n|t:|1619441040\n|-start|p1a: Dhelmise|Dynamax\n|-heal|p1a: Dhelmise|522\/522|[silent]\n|move|p2a: Dragalge|Sludge Wave|p1a: Dhelmise\n|-damage|p1a: Dhelmise|306\/522\n|move|p1a: Dhelmise|Max Steelspike|p2a: Dragalge\n|-damage|p2a: Dragalge|0 fnt\n|-boost|p1a: Dhelmise|def|1\n|faint|p2a: Dragalge\n|\n|upkeep\n|\n|t:|1619441050\n|switch|p2a: Weezing|Weezing-Galar, L86, M|178\/252\n|-damage|p2a: Weezing|147\/252|[from] Stealth Rock\n|turn|25\n|\n|t:|1619441055\n|-start|p2a: Weezing|Dynamax\n|-heal|p2a: Weezing|294\/504|[silent]\n|move|p2a: Weezing|Max Guard|p2a: Weezing\n|-singleturn|p2a: Weezing|Max Guard\n|move|p1a: Dhelmise|Max Steelspike|p2a: Weezing\n|-activate|p2a: Weezing|move: Max Guard\n|\n|-heal|p2a: Weezing|309\/504|[from] item: Black Sludge\n|upkeep\n|turn|26\n|\n|t:|1619441065\n|move|p2a: Weezing|Max Ooze|p1a: Dhelmise\n|-damage|p1a: Dhelmise|215\/522\n|-boost|p2a: Weezing|spa|1\n|move|p1a: Dhelmise|Max Steelspike|p2a: Weezing\n|-supereffective|p2a: Weezing\n|-damage|p2a: Weezing|0 fnt\n|-boost|p1a: Dhelmise|def|1\n|faint|p2a: Weezing\n|\n|-end|p1a: Dhelmise|Dynamax\n|-heal|p1a: Dhelmise|108\/261|[silent]\n|upkeep\n|\n|t:|1619441079\n|switch|p2a: Orbeetle|Orbeetle, L86, M|243\/243\n|-damage|p2a: Orbeetle|183\/243|[from] Stealth Rock\n|turn|27\n|\n|t:|1619441084\n|move|p2a: Orbeetle|Psychic|p1a: Dhelmise\n|-damage|p1a: Dhelmise|32\/261\n|-unboost|p1a: Dhelmise|spd|1\n|move|p1a: Dhelmise|Poltergeist|p2a: Orbeetle\n|-activate|p2a: Orbeetle|move: Poltergeist|Leftovers\n|-supereffective|p2a: Orbeetle\n|-damage|p2a: Orbeetle|0 fnt\n|faint|p2a: Orbeetle\n|\n|upkeep\n|\n|t:|1619441087\n|switch|p2a: Durant|Durant, L78, F|192\/219\n|-damage|p2a: Durant|165\/219|[from] Stealth Rock\n|turn|28\n|\n|t:|1619441098\n|move|p2a: Durant|Iron Head|p1a: Dhelmise|[miss]\n|-miss|p2a: Durant|p1a: Dhelmise\n|move|p1a: Dhelmise|Poltergeist|p2a: Durant\n|-activate|p2a: Durant|move: Poltergeist|Choice Band\n|-damage|p2a: Durant|0 fnt\n|faint|p2a: Durant\n|\n|win|Yusei1789\n|raw|Yusei1789's rating: 2155 &rarr; <strong>2174<\/strong><br \/>(+19 for winning)\n|raw|DjezzeMwoan's rating: 2134 &rarr; <strong>2115<\/strong><br \/>(-19 for losing)\n|l|\u2606DjezzeMwoan\n","inputlog":">version ed782ca2683fe46bb00f58b73b50ca8e7d7ad5d1\n>start {\"formatid\":\"gen8randombattle\",\"seed\":[27284,42926,53542,28868],\"rated\":\"Rated battle\"}\n>player p1 {\"name\":\"Yusei1789\",\"avatar\":\"dawn\",\"rating\":2155,\"seed\":[57388,60091,40397,968]}\n>player p2 {\"name\":\"DjezzeMwoan\",\"avatar\":\"52\",\"rating\":2134,\"seed\":[61259,34445,20573,34671]}\n>p1 move thunderwave\n>p2 switch 2\n>p1 switch 6\n>p2 move surf\n>p1 switch 3\n>p2 move superpower\n>p1 move aurawheel\n>p2 switch 2\n>p1 switch 3\n>p2 move toxicspikes\n>p1 move stealthrock\n>p2 switch 2\n>p1 switch 3\n>p2 move surf\n>p1 move rapidspin\n>p2 move surf\n>p1 switch 5\n>p1 move stealthrock\n>p2 move roost\n>p1 move strengthsap\n>p2 move surf\n>p1 move shadowball\n>p2 move surf\n>p1 move shadowball\n>p2 move bravebird\n>chat \u2606DjezzeMwoan|id also just attack\n>chat \u2606DjezzeMwoan|its not like i get to do damage in reuturn\n>chat \u2606DjezzeMwoan|with paralasys\n>p2 switch 3\n>p1 switch 6\n>p2 move bravebird\n>p1 move thunderwave\n>p2 move bravebird\n>p1 move fireblast\n>p2 move bravebird\n>p1 move fireblast\n>p2 move bravebird\n>p2 switch 2\n>p1 move thunderwave\n>p2 move toxicspikes\n>p1 move thunderwave\n>p2 move strangesteam\n>chat \u2606DjezzeMwoan|the tides of luck are changing\n>p1 switch 3\n>p2 move strangesteam\n>p1 move seismictoss\n>p2 move strangesteam\n>p1 move softboiled\n>p2 switch 6\n>p1 move seismictoss\n>p2 move ironhead\n>p1 switch 2\n>p1 move swordsdance\n>p2 switch 5\n>p1 move anchorshot dynamax\n>p2 move sludgewave\n>p2 switch 6\n>p1 move anchorshot dynamax\n>p2 move painsplit dynamax\n>p1 move anchorshot dynamax\n>p2 move sludgebomb dynamax\n>p2 switch 4\n>p1 move poltergeist\n>p2 move psychic\n>p2 switch 5\n>p1 move poltergeist\n>p2 move ironhead","uploadtime":1619441114,"views":8,"p1id":"yusei1789","p2id":"djezzemwoan","formatid":"gen8randombattle","rating":2115,"private":0,"password":null}