{"id":"gen8randombattle-1296835857","p1":"Miqky miqky","p2":"TehranTyphlosions","format":"gen8randombattle","log":"|j|\u2606Miqky miqky\n|j|\u2606TehranTyphlosions\n|t:|1615191412\n|player|p1|Miqky miqky|102|1924\n|player|p2|TehranTyphlosions|clair|1893\n|teamsize|p1|6\n|teamsize|p2|6\n|gametype|singles\n|gen|8\n|tier|[Gen 8] Random Battle\n|rated|\n|rule|Species Clause: Limit one of each Pok\u00e9mon\n|rule|HP Percentage Mod: HP is shown in percentages\n|rule|Sleep Clause Mod: Limit one foe put to sleep\n|\n|t:|1615191412\n|start\n|switch|p1a: Exeggutor|Exeggutor-Alola, L86, M|304\/304\n|switch|p2a: Clefable|Clefable, L82, M|290\/290\n|-item|p2a: Clefable|Life Orb|[from] ability: Frisk|[of] p1a: Exeggutor|[identify]\n|turn|1\n|\n|t:|1615191418\n|move|p2a: Clefable|Moonblast|p1a: Exeggutor\n|-supereffective|p1a: Exeggutor\n|-damage|p1a: Exeggutor|23\/304\n|move|p1a: Exeggutor|Giga Drain|p2a: Clefable\n|-damage|p2a: Clefable|148\/290\n|-heal|p1a: Exeggutor|94\/304|[from] drain|[of] p2a: Clefable\n|\n|upkeep\n|turn|2\n|j| xhutrx\n|\n|t:|1615191424\n|move|p2a: Clefable|Soft-Boiled|p2a: Clefable\n|-heal|p2a: Clefable|290\/290\n|move|p1a: Exeggutor|Giga Drain|p2a: Clefable\n|-damage|p2a: Clefable|133\/290\n|-heal|p1a: Exeggutor|173\/304|[from] drain|[of] p2a: Clefable\n|\n|upkeep\n|turn|3\n|\n|t:|1615191437\n|move|p2a: Clefable|Moonblast|p1a: Exeggutor\n|-supereffective|p1a: Exeggutor\n|-damage|p1a: Exeggutor|0 fnt\n|faint|p1a: Exeggutor\n|\n|upkeep\n|\n|t:|1615191442\n|switch|p1a: Kingdra|Kingdra, L82, F|257\/257\n|turn|4\n|inactive|Battle timer is ON: inactive players will automatically lose when time's up. (requested by Miqky miqky)\n|\n|t:|1615191452\n|switch|p2a: Lanturn|Lanturn, L86, F|355\/355\n|move|p1a: Kingdra|Hydro Pump|p2a: Lanturn|[miss]\n|-miss|p1a: Kingdra|p2a: Lanturn\n|\n|upkeep\n|turn|5\n|\n|t:|1615191466\n|switch|p1a: Ferrothorn|Ferrothorn, L78, M|244\/244\n|move|p2a: Lanturn|Volt Switch|p1a: Ferrothorn\n|-resisted|p1a: Ferrothorn\n|-damage|p1a: Ferrothorn|201\/244\n|\n|t:|1615191468\n|switch|p2a: Incineroar|Incineroar, L80, F|283\/283\n|-ability|p2a: Incineroar|Intimidate|boost\n|-unboost|p1a: Ferrothorn|atk|1\n|\n|-heal|p1a: Ferrothorn|216\/244|[from] item: Leftovers\n|upkeep\n|turn|6\n|\n|t:|1615191475\n|switch|p1a: Kingdra|Kingdra, L82, F|257\/257\n|move|p2a: Incineroar|Flare Blitz|p1a: Kingdra\n|-resisted|p1a: Kingdra\n|-damage|p1a: Kingdra|227\/257\n|-damage|p2a: Incineroar|273\/283|[from] Recoil\n|\n|upkeep\n|turn|7\n|\n|t:|1615191487\n|switch|p2a: Lanturn|Lanturn, L86, F|355\/355\n|move|p1a: Kingdra|Draco Meteor|p2a: Lanturn\n|-damage|p2a: Lanturn|174\/355\n|-unboost|p1a: Kingdra|spa|2\n|-damage|p1a: Kingdra|202\/257|[from] item: Life Orb\n|\n|upkeep\n|turn|8\n|\n|t:|1615191491\n|switch|p1a: Ferrothorn|Ferrothorn, L78, M|216\/244\n|move|p2a: Lanturn|Thunderbolt|p1a: Ferrothorn\n|-resisted|p1a: Ferrothorn\n|-damage|p1a: Ferrothorn|159\/244\n|\n|-heal|p1a: Ferrothorn|174\/244|[from] item: Leftovers\n|upkeep\n|turn|9\n|\n|t:|1615191499\n|switch|p2a: Kingdra|Kingdra, L82, M|257\/257\n|move|p1a: Ferrothorn|Spikes|p2a: Kingdra\n|-sidestart|p2: TehranTyphlosions|Spikes\n|\n|-heal|p1a: Ferrothorn|189\/244|[from] item: Leftovers\n|upkeep\n|turn|10\n|\n|t:|1615191505\n|switch|p2a: Incineroar|Incineroar, L80, F|273\/283\n|-ability|p2a: Incineroar|Intimidate|boost\n|-unboost|p1a: Ferrothorn|atk|1\n|move|p1a: Ferrothorn|Spikes|p2a: Incineroar\n|-sidestart|p2: TehranTyphlosions|Spikes\n|\n|-heal|p1a: Ferrothorn|204\/244|[from] item: Leftovers\n|upkeep\n|turn|11\n|\n|t:|1615191509\n|switch|p1a: Kingdra|Kingdra, L82, F|202\/257\n|move|p2a: Incineroar|Knock Off|p1a: Kingdra\n|-damage|p1a: Kingdra|94\/257\n|-enditem|p1a: Kingdra|Life Orb|[from] move: Knock Off|[of] p2a: Incineroar\n|\n|upkeep\n|turn|12\n|\n|t:|1615191536\n|switch|p2a: Lanturn|Lanturn, L86, F|174\/355\n|-damage|p2a: Lanturn|115\/355|[from] Spikes\n|move|p1a: Kingdra|Draco Meteor|p2a: Lanturn\n|-damage|p2a: Lanturn|0 fnt\n|-unboost|p1a: Kingdra|spa|2\n|faint|p2a: Lanturn\n|\n|upkeep\n|\n|t:|1615191539\n|switch|p2a: Clefable|Clefable, L82, M|133\/290\n|turn|13\n|\n|t:|1615191542\n|switch|p1a: Ferrothorn|Ferrothorn, L78, M|204\/244\n|move|p2a: Clefable|Soft-Boiled|p2a: Clefable\n|-heal|p2a: Clefable|278\/290\n|\n|-heal|p1a: Ferrothorn|219\/244|[from] item: Leftovers\n|upkeep\n|turn|14\n|\n|t:|1615191544\n|move|p2a: Clefable|Fire Blast|p1a: Ferrothorn\n|-supereffective|p1a: Ferrothorn\n|-damage|p1a: Ferrothorn|0 fnt\n|faint|p1a: Ferrothorn\n|\n|upkeep\n|\n|t:|1615191549\n|switch|p1a: Reuniclus|Reuniclus, L84, M|322\/322\n|turn|15\n|\n|t:|1615191553\n|switch|p2a: Incineroar|Incineroar, L80, F|273\/283\n|-ability|p2a: Incineroar|Intimidate|boost\n|-unboost|p1a: Reuniclus|atk|1\n|move|p1a: Reuniclus|Psychic|p2a: Incineroar\n|-immune|p2a: Incineroar\n|\n|upkeep\n|turn|16\n|\n|t:|1615191556\n|switch|p1a: Kingdra|Kingdra, L82, F|94\/257\n|move|p2a: Incineroar|Knock Off|p1a: Kingdra\n|-damage|p1a: Kingdra|28\/257\n|\n|upkeep\n|turn|17\n|\n|t:|1615191562\n|switch|p2a: Kingdra|Kingdra, L82, M|257\/257\n|-damage|p2a: Kingdra|215\/257|[from] Spikes\n|move|p1a: Kingdra|Hydro Pump|p2a: Kingdra\n|-resisted|p2a: Kingdra\n|-damage|p2a: Kingdra|191\/257\n|\n|upkeep\n|turn|18\n|\n|t:|1615191566\n|switch|p2a: Clefable|Clefable, L82, M|278\/290\n|move|p1a: Kingdra|Draco Meteor|p2a: Clefable\n|-immune|p2a: Clefable\n|\n|upkeep\n|turn|19\n|\n|t:|1615191569\n|move|p1a: Kingdra|Hydro Pump|p2a: Clefable\n|-damage|p2a: Clefable|175\/290\n|move|p2a: Clefable|Moonblast|p1a: Kingdra\n|-supereffective|p1a: Kingdra\n|-damage|p1a: Kingdra|0 fnt\n|faint|p1a: Kingdra\n|\n|upkeep\n|\n|t:|1615191575\n|switch|p1a: Reuniclus|Reuniclus, L84, M|322\/322\n|turn|20\n|\n|t:|1615191585\n|move|p2a: Clefable|Moonblast|p1a: Reuniclus\n|-damage|p1a: Reuniclus|205\/322\n|move|p1a: Reuniclus|Psychic|p2a: Clefable\n|-damage|p2a: Clefable|31\/290\n|\n|upkeep\n|turn|21\n|\n|t:|1615191589\n|move|p2a: Clefable|Soft-Boiled|p2a: Clefable\n|-heal|p2a: Clefable|176\/290\n|move|p1a: Reuniclus|Psychic|p2a: Clefable\n|-damage|p2a: Clefable|20\/290\n|\n|upkeep\n|turn|22\n|\n|t:|1615191593\n|switch|p2a: Incineroar|Incineroar, L80, F|273\/283\n|-ability|p2a: Incineroar|Intimidate|boost\n|-unboost|p1a: Reuniclus|atk|1\n|move|p1a: Reuniclus|Psychic|p2a: Incineroar\n|-immune|p2a: Incineroar\n|\n|upkeep\n|turn|23\n|\n|t:|1615191597\n|move|p2a: Incineroar|Knock Off|p1a: Reuniclus\n|-supereffective|p1a: Reuniclus\n|-damage|p1a: Reuniclus|0 fnt\n|-enditem|p1a: Reuniclus|Life Orb|[from] move: Knock Off|[of] p2a: Incineroar\n|faint|p1a: Reuniclus\n|\n|upkeep\n|\n|t:|1615191599\n|switch|p1a: Quagsire|Quagsire, L84, F|297\/297\n|turn|24\n|\n|t:|1615191605\n|move|p2a: Incineroar|Will-O-Wisp|p1a: Quagsire\n|-status|p1a: Quagsire|brn\n|move|p1a: Quagsire|Earthquake|p2a: Incineroar\n|-supereffective|p2a: Incineroar\n|-damage|p2a: Incineroar|170\/283\n|\n|-damage|p1a: Quagsire|279\/297 brn|[from] brn\n|upkeep\n|turn|25\n|\n|t:|1615191609\n|move|p2a: Incineroar|Knock Off|p1a: Quagsire\n|-damage|p1a: Quagsire|168\/297 brn\n|-enditem|p1a: Quagsire|Leftovers|[from] move: Knock Off|[of] p2a: Incineroar\n|move|p1a: Quagsire|Scald|p2a: Incineroar\n|-supereffective|p2a: Incineroar\n|-damage|p2a: Incineroar|42\/283\n|\n|-damage|p1a: Quagsire|150\/297 brn|[from] brn\n|upkeep\n|turn|26\n|\n|t:|1615191611\n|move|p2a: Incineroar|Parting Shot|p1a: Quagsire\n|-unboost|p1a: Quagsire|atk|1\n|-unboost|p1a: Quagsire|spa|1\n|\n|t:|1615191613\n|switch|p2a: Kingdra|Kingdra, L82, M|191\/257\n|-damage|p2a: Kingdra|149\/257|[from] Spikes\n|move|p1a: Quagsire|Scald|p2a: Kingdra\n|-resisted|p2a: Kingdra\n|-damage|p2a: Kingdra|139\/257\n|-status|p2a: Kingdra|brn\n|\n|-damage|p2a: Kingdra|123\/257 brn|[from] brn\n|-damage|p1a: Quagsire|132\/297 brn|[from] brn\n|upkeep\n|turn|27\n|\n|t:|1615191618\n|move|p2a: Kingdra|Rain Dance|p2a: Kingdra\n|-weather|RainDance\n|move|p1a: Quagsire|Recover|p1a: Quagsire\n|-heal|p1a: Quagsire|281\/297 brn\n|\n|-weather|RainDance|[upkeep]\n|-damage|p2a: Kingdra|107\/257 brn|[from] brn\n|-damage|p1a: Quagsire|263\/297 brn|[from] brn\n|upkeep\n|turn|28\n|\n|t:|1615191621\n|move|p2a: Kingdra|Hydro Pump|p1a: Quagsire\n|-damage|p1a: Quagsire|0 fnt\n|-damage|p2a: Kingdra|82\/257 brn|[from] item: Life Orb\n|faint|p1a: Quagsire\n|\n|-weather|RainDance|[upkeep]\n|-damage|p2a: Kingdra|66\/257 brn|[from] brn\n|upkeep\n|\n|t:|1615191622\n|switch|p1a: Polteageist|Polteageist, L78|222\/222\n|turn|29\n|\n|t:|1615191626\n|move|p2a: Kingdra|Hydro Pump|p1a: Polteageist|[miss]\n|-miss|p2a: Kingdra|p1a: Polteageist\n|move|p1a: Polteageist|Shell Smash|p1a: Polteageist\n|-unboost|p1a: Polteageist|def|1\n|-unboost|p1a: Polteageist|spd|1\n|-boost|p1a: Polteageist|atk|2\n|-boost|p1a: Polteageist|spa|2\n|-boost|p1a: Polteageist|spe|2\n|-enditem|p1a: Polteageist|White Herb\n|-clearnegativeboost|p1a: Polteageist|[silent]\n|\n|-weather|RainDance|[upkeep]\n|-damage|p2a: Kingdra|50\/257 brn|[from] brn\n|upkeep\n|turn|30\n|\n|t:|1615191632\n|move|p2a: Kingdra|Draco Meteor|p1a: Polteageist\n|-damage|p1a: Polteageist|78\/222\n|-unboost|p2a: Kingdra|spa|2\n|-damage|p2a: Kingdra|25\/257 brn|[from] item: Life Orb\n|move|p1a: Polteageist|Shell Smash|p1a: Polteageist\n|-unboost|p1a: Polteageist|def|1\n|-unboost|p1a: Polteageist|spd|1\n|-boost|p1a: Polteageist|atk|2\n|-boost|p1a: Polteageist|spa|2\n|-boost|p1a: Polteageist|spe|2\n|\n|-weather|RainDance|[upkeep]\n|-damage|p2a: Kingdra|9\/257 brn|[from] brn\n|upkeep\n|turn|31\n|\n|t:|1615191638\n|move|p1a: Polteageist|Giga Drain|p2a: Kingdra\n|-damage|p2a: Kingdra|0 fnt\n|-heal|p1a: Polteageist|83\/222|[from] drain|[of] p2a: Kingdra\n|faint|p2a: Kingdra\n|\n|-weather|none\n|upkeep\n|\n|t:|1615191642\n|switch|p2a: Weavile|Weavile, L80, M|243\/243\n|-damage|p2a: Weavile|203\/243|[from] Spikes\n|turn|32\n|\n|t:|1615191645\n|-start|p1a: Polteageist|Dynamax\n|-heal|p1a: Polteageist|166\/444|[silent]\n|-start|p2a: Weavile|Dynamax\n|-heal|p2a: Weavile|406\/486|[silent]\n|move|p1a: Polteageist|Max Overgrowth|p2a: Weavile\n|-damage|p2a: Weavile|74\/486\n|-fieldstart|move: Grassy Terrain\n|move|p2a: Weavile|Max Darkness|p1a: Polteageist\n|-supereffective|p1a: Polteageist\n|-damage|p1a: Polteageist|0 fnt\n|faint|p1a: Polteageist\n|\n|win|TehranTyphlosions\n|raw|Miqky miqky's rating: 1924 &rarr; <strong>1902<\/strong><br \/>(-22 for losing)\n|raw|TehranTyphlosions's rating: 1893 &rarr; <strong>1915<\/strong><br \/>(+22 for winning)\n|c|\u2606TehranTyphlosions|gg\n|l|\u2606TehranTyphlosions\n","inputlog":">version a620ee53d8cf0c9ad62fe593812b90cb152940e2\n>start {\"formatid\":\"gen8randombattle\",\"seed\":[55766,25388,30008,44145],\"rated\":\"Rated battle\"}\n>player p1 {\"name\":\"Miqky miqky\",\"avatar\":\"102\",\"team\":\"\",\"rating\":1924,\"seed\":[41158,42701,29090,55034]}\n>player p2 {\"name\":\"TehranTyphlosions\",\"avatar\":\"clair\",\"team\":\"\",\"rating\":1893,\"seed\":[8046,55246,46086,13901]}\n>p1 move gigadrain\n>p2 move moonblast\n>p1 move gigadrain\n>p2 move softboiled\n>p1 move gigadrain\n>p2 move moonblast\n>p1 switch 3\n>p1 move hydropump\n>p2 switch 2\n>p1 switch 4\n>p2 move voltswitch\n>p2 switch 3\n>p1 switch 4\n>p2 move flareblitz\n>p1 move dracometeor\n>p2 switch 3\n>p1 switch 4\n>p2 move thunderbolt\n>p1 move spikes\n>p2 switch 4\n>p1 move spikes\n>p2 switch 3\n>p1 switch 4\n>p2 move knockoff\n>p1 move dracometeor\n>p2 switch 4\n>p2 switch 2\n>p1 switch 4\n>p2 move softboiled\n>p1 move gyroball\n>p2 move fireblast\n>p1 switch 5\n>p1 move psychic\n>p2 switch 4\n>p1 switch 4\n>p2 move knockoff\n>p1 move hydropump\n>p2 switch 3\n>p1 move dracometeor\n>p2 switch 4\n>p1 move hydropump\n>p2 move moonblast\n>p1 switch 4\n>p1 move psychic\n>p2 move moonblast\n>p1 move psychic\n>p2 move softboiled\n>p1 move psychic\n>p2 switch 3\n>p1 move focusblast\n>p2 move knockoff\n>p1 switch 6\n>p1 move earthquake\n>p2 move willowisp\n>p1 move scald\n>p2 move knockoff\n>p1 move scald\n>p2 move partingshot\n>p2 switch 4\n>p1 move recover\n>p2 move raindance\n>p1 move recover\n>p2 move hydropump\n>p1 switch 2\n>p1 move shellsmash\n>p2 move hydropump\n>p1 move shellsmash\n>p2 move dracometeor\n>p1 move gigadrain\n>p2 move dracometeor\n>p2 switch 5\n>p1 move gigadrain dynamax\n>p2 move knockoff dynamax","uploadtime":1615191657,"views":6,"p1id":"miqkymiqky","p2id":"tehrantyphlosions","formatid":"gen8randombattle","rating":1902,"private":0,"password":null}