{"id":"gen8randombattle-1276041121","p1":"HunterXorus7","p2":"lebanesestinker","format":"gen8randombattle","log":"|j|\u2606HunterXorus7\n|j|\u2606lebanesestinker\n|t:|1612459251\n|player|p1|HunterXorus7|elesa-gen5bw2|1842\n|player|p2|lebanesestinker|policeman|1776\n|teamsize|p1|6\n|teamsize|p2|6\n|gametype|singles\n|gen|8\n|tier|[Gen 8] Random Battle\n|rated|\n|rule|Species Clause: Limit one of each Pok\u00e9mon\n|rule|HP Percentage Mod: HP is shown in percentages\n|rule|Sleep Clause Mod: Limit one foe put to sleep\n|\n|t:|1612459251\n|start\n|switch|p1a: Gyarados|Gyarados, L76, F|269\/269\n|switch|p2a: Duraludon|Duraludon, L84, M|255\/255\n|turn|1\n|inactive|Battle timer is ON: inactive players will automatically lose when time's up. (requested by HunterXorus7)\n|\n|t:|1612459262\n|switch|p1a: Gourgeist|Gourgeist-Large, L84, F|263\/263\n|-item|p2a: Duraludon|Assault Vest|[from] ability: Frisk|[of] p1a: Gourgeist|[identify]\n|move|p2a: Duraludon|Thunderbolt|p1a: Gourgeist\n|-resisted|p1a: Gourgeist\n|-damage|p1a: Gourgeist|223\/263\n|\n|upkeep\n|turn|2\n|\n|t:|1612459278\n|move|p2a: Duraludon|Flash Cannon|p1a: Gourgeist\n|-crit|p1a: Gourgeist\n|-damage|p1a: Gourgeist|43\/263\n|move|p1a: Gourgeist|Poltergeist|p2a: Duraludon\n|-activate|p2a: Duraludon|move: Poltergeist|Assault Vest\n|-damage|p2a: Duraludon|141\/255\n|-damage|p1a: Gourgeist|17\/263|[from] item: Life Orb\n|\n|upkeep\n|turn|3\n|\n|t:|1612459283\n|move|p2a: Duraludon|Flash Cannon|p1a: Gourgeist\n|-damage|p1a: Gourgeist|0 fnt\n|faint|p1a: Gourgeist\n|\n|upkeep\n|\n|t:|1612459287\n|switch|p1a: Zapdos|Zapdos-Galar, L76|262\/262\n|turn|4\n|\n|t:|1612459293\n|switch|p2a: Cresselia|Cresselia, L80, F|323\/323\n|move|p1a: Zapdos|Close Combat|p2a: Cresselia\n|-resisted|p2a: Cresselia\n|-damage|p2a: Cresselia|254\/323\n|-unboost|p1a: Zapdos|def|1\n|-unboost|p1a: Zapdos|spd|1\n|-damage|p1a: Zapdos|236\/262|[from] item: Life Orb\n|\n|-heal|p2a: Cresselia|274\/323|[from] item: Leftovers\n|upkeep\n|turn|5\n|\n|t:|1612459298\n|switch|p1a: Shiftry|Shiftry, L86, F|295\/295\n|move|p2a: Cresselia|Psyshock|p1a: Shiftry\n|-immune|p1a: Shiftry\n|\n|-heal|p2a: Cresselia|294\/323|[from] item: Leftovers\n|upkeep\n|turn|6\n|\n|t:|1612459311\n|move|p1a: Shiftry|Nasty Plot|p1a: Shiftry\n|-boost|p1a: Shiftry|spa|2\n|move|p2a: Cresselia|Moonblast|p1a: Shiftry\n|-supereffective|p1a: Shiftry\n|-damage|p1a: Shiftry|171\/295\n|\n|-heal|p2a: Cresselia|314\/323|[from] item: Leftovers\n|upkeep\n|turn|7\n|\n|t:|1612459320\n|switch|p2a: Duraludon|Duraludon, L84, M|141\/255\n|move|p1a: Shiftry|Dark Pulse|p2a: Duraludon\n|-damage|p2a: Duraludon|0 fnt\n|-damage|p1a: Shiftry|142\/295|[from] item: Life Orb\n|faint|p2a: Duraludon\n|\n|upkeep\n|\n|t:|1612459324\n|switch|p2a: Archeops|Archeops, L82, F|257\/257\n|turn|8\n|\n|t:|1612459337\n|switch|p1a: Tyrantrum|Tyrantrum, L82, F|269\/269\n|move|p2a: Archeops|Dual Wingbeat|p1a: Tyrantrum\n|-resisted|p1a: Tyrantrum\n|-damage|p1a: Tyrantrum|245\/269\n|-resisted|p1a: Tyrantrum\n|-damage|p1a: Tyrantrum|224\/269\n|-hitcount|p1a: Tyrantrum|2\n|\n|upkeep\n|turn|9\n|\n|t:|1612459342\n|move|p2a: Archeops|Earthquake|p1a: Tyrantrum\n|-supereffective|p1a: Tyrantrum\n|-damage|p1a: Tyrantrum|88\/269\n|move|p1a: Tyrantrum|Dragon Dance|p1a: Tyrantrum\n|-boost|p1a: Tyrantrum|atk|1\n|-boost|p1a: Tyrantrum|spe|1\n|\n|upkeep\n|turn|10\n|\n|t:|1612459345\n|move|p1a: Tyrantrum|Head Smash|p2a: Archeops\n|-supereffective|p2a: Archeops\n|-damage|p2a: Archeops|0 fnt\n|-damage|p1a: Tyrantrum|62\/269|[from] item: Life Orb\n|faint|p2a: Archeops\n|\n|upkeep\n|\n|t:|1612459360\n|switch|p2a: Boltund|Boltund, L84, M|253\/253\n|turn|11\n|\n|t:|1612459374\n|move|p2a: Boltund|Psychic Fangs|p1a: Tyrantrum\n|-damage|p1a: Tyrantrum|0 fnt\n|-damage|p2a: Boltund|228\/253|[from] item: Life Orb\n|faint|p1a: Tyrantrum\n|\n|upkeep\n|\n|t:|1612459381\n|switch|p1a: Reuniclus|Reuniclus, L84, M|322\/322\n|turn|12\n|\n|t:|1612459400\n|switch|p2a: Groudon|Groudon, L72|263\/263\n|-weather|SunnyDay|[from] ability: Drought|[of] p2a: Groudon\n|move|p1a: Reuniclus|Psychic|p2a: Groudon\n|-damage|p2a: Groudon|90\/263\n|\n|-weather|SunnyDay|[upkeep]\n|-heal|p2a: Groudon|106\/263|[from] item: Leftovers\n|upkeep\n|turn|13\n|\n|t:|1612459406\n|move|p2a: Groudon|Earthquake|p1a: Reuniclus\n|-damage|p1a: Reuniclus|199\/322\n|move|p1a: Reuniclus|Psychic|p2a: Groudon\n|-damage|p2a: Groudon|0 fnt\n|faint|p2a: Groudon\n|\n|-weather|SunnyDay|[upkeep]\n|upkeep\n|\n|t:|1612459414\n|switch|p2a: Cresselia|Cresselia, L80, F|314\/323\n|turn|14\n|\n|t:|1612459424\n|move|p2a: Cresselia|Moonblast|p1a: Reuniclus\n|-damage|p1a: Reuniclus|150\/322\n|move|p1a: Reuniclus|Recover|p1a: Reuniclus\n|-heal|p1a: Reuniclus|311\/322\n|\n|-weather|SunnyDay|[upkeep]\n|-heal|p2a: Cresselia|323\/323|[from] item: Leftovers\n|upkeep\n|turn|15\n|inactive|HunterXorus7 has 120 seconds left.\n|\n|t:|1612459461\n|move|p2a: Cresselia|Moonblast|p1a: Reuniclus\n|-damage|p1a: Reuniclus|260\/322\n|move|p1a: Reuniclus|Calm Mind|p1a: Reuniclus\n|-boost|p1a: Reuniclus|spa|1\n|-boost|p1a: Reuniclus|spd|1\n|\n|-weather|SunnyDay|[upkeep]\n|upkeep\n|turn|16\n|\n|t:|1612459467\n|move|p2a: Cresselia|Toxic|p1a: Reuniclus\n|-status|p1a: Reuniclus|tox\n|move|p1a: Reuniclus|Calm Mind|p1a: Reuniclus\n|-boost|p1a: Reuniclus|spa|1\n|-boost|p1a: Reuniclus|spd|1\n|\n|-weather|none\n|upkeep\n|turn|17\n|inactive|HunterXorus7 has 120 seconds left.\n|\n|t:|1612459493\n|move|p2a: Cresselia|Moonblast|p1a: Reuniclus\n|-damage|p1a: Reuniclus|232\/322 tox\n|move|p1a: Reuniclus|Calm Mind|p1a: Reuniclus\n|-boost|p1a: Reuniclus|spa|1\n|-boost|p1a: Reuniclus|spd|1\n|\n|upkeep\n|turn|18\n|\n|t:|1612459498\n|move|p2a: Cresselia|Moonblast|p1a: Reuniclus\n|-damage|p1a: Reuniclus|211\/322 tox\n|move|p1a: Reuniclus|Calm Mind|p1a: Reuniclus\n|-boost|p1a: Reuniclus|spa|1\n|-boost|p1a: Reuniclus|spd|1\n|\n|upkeep\n|turn|19\n|\n|t:|1612459501\n|move|p2a: Cresselia|Moonblast|p1a: Reuniclus\n|-damage|p1a: Reuniclus|192\/322 tox\n|move|p1a: Reuniclus|Calm Mind|p1a: Reuniclus\n|-boost|p1a: Reuniclus|spa|1\n|-boost|p1a: Reuniclus|spd|1\n|\n|upkeep\n|turn|20\n|\n|t:|1612459503\n|move|p2a: Cresselia|Psyshock|p1a: Reuniclus\n|-resisted|p1a: Reuniclus\n|-damage|p1a: Reuniclus|154\/322 tox\n|move|p1a: Reuniclus|Calm Mind|p1a: Reuniclus\n|-boost|p1a: Reuniclus|spa|1\n|-boost|p1a: Reuniclus|spd|1\n|\n|upkeep\n|turn|21\n|\n|t:|1612459506\n|move|p2a: Cresselia|Psyshock|p1a: Reuniclus\n|-resisted|p1a: Reuniclus\n|-damage|p1a: Reuniclus|121\/322 tox\n|move|p1a: Reuniclus|Recover|p1a: Reuniclus\n|-heal|p1a: Reuniclus|282\/322 tox\n|\n|upkeep\n|turn|22\n|\n|t:|1612459509\n|move|p2a: Cresselia|Psyshock|p1a: Reuniclus\n|-resisted|p1a: Reuniclus\n|-damage|p1a: Reuniclus|246\/322 tox\n|move|p1a: Reuniclus|Recover|p1a: Reuniclus\n|-heal|p1a: Reuniclus|322\/322 tox\n|\n|upkeep\n|turn|23\n|\n|t:|1612459512\n|move|p2a: Cresselia|Psyshock|p1a: Reuniclus\n|-resisted|p1a: Reuniclus\n|-damage|p1a: Reuniclus|284\/322 tox\n|move|p1a: Reuniclus|Shadow Ball|p2a: Cresselia\n|-supereffective|p2a: Cresselia\n|-damage|p2a: Cresselia|0 fnt\n|faint|p2a: Cresselia\n|\n|upkeep\n|\n|t:|1612459514\n|switch|p2a: Boltund|Boltund, L84, M|228\/253\n|turn|24\n|\n|t:|1612459519\n|-start|p1a: Reuniclus|Dynamax\n|-heal|p1a: Reuniclus|568\/644 tox|[silent]\n|move|p2a: Boltund|Thunder Fang|p1a: Reuniclus\n|-damage|p1a: Reuniclus|435\/644 tox\n|-damage|p2a: Boltund|203\/253|[from] item: Life Orb\n|move|p1a: Reuniclus|Max Mindstorm|p2a: Boltund\n|-damage|p2a: Boltund|0 fnt\n|-fieldstart|move: Psychic Terrain\n|faint|p2a: Boltund\n|\n|upkeep\n|-message|lebanesestinker forfeited.\n|\n|win|HunterXorus7\n|l|\u2606lebanesestinker\n||Ladder (probably) updated, but score could not be retrieved (Request timeout).\n","inputlog":">version 43daacb8d1f1e226de5340a9baafef1a92008e64\n>start {\"formatid\":\"gen8randombattle\",\"seed\":[41391,59506,36834,35531],\"rated\":\"Rated battle\"}\n>player p1 {\"name\":\"HunterXorus7\",\"avatar\":\"elesa-gen5bw2\",\"team\":\"\",\"rating\":1842,\"seed\":[52060,5048,18147,9865]}\n>player p2 {\"name\":\"lebanesestinker\",\"avatar\":\"policeman\",\"team\":\"\",\"rating\":1776,\"seed\":[10627,976,29443,58529]}\n>p1 switch 6\n>p2 move thunderbolt\n>p1 move poltergeist\n>p2 move flashcannon\n>p1 move synthesis\n>p2 move flashcannon\n>p1 switch 5\n>p1 move closecombat\n>p2 switch 3\n>p1 switch 2\n>p2 move psyshock\n>p1 move nastyplot\n>p2 move moonblast\n>p1 move darkpulse\n>p2 switch 3\n>p2 switch 2\n>p1 switch 3\n>p2 move dualwingbeat\n>p1 move dragondance\n>p2 move earthquake\n>p1 move headsmash\n>p2 move earthquake\n>p2 switch 5\n>p1 move earthquake\n>p2 move psychicfangs\n>p1 switch 4\n>p1 move psychic\n>p2 switch 4\n>p1 move psychic\n>p2 move earthquake\n>p2 switch 3\n>p1 move recover\n>p2 move moonblast\n>p1 move calmmind\n>p2 move moonblast\n>p1 move calmmind\n>p2 move toxic\n>p1 move calmmind\n>p2 move moonblast\n>p1 move calmmind\n>p2 move moonblast\n>p1 move calmmind\n>p2 move moonblast\n>p1 move calmmind\n>p2 move psyshock\n>p1 move recover\n>p2 move psyshock\n>p1 move recover\n>p2 move psyshock\n>p1 move shadowball\n>p2 move psyshock\n>p2 switch 4\n>p1 move psychic dynamax\n>p2 move thunderfang","uploadtime":1612459988,"views":2,"p1id":"hunterxorus7","p2id":"lebanesestinker","formatid":"gen8randombattle","rating":0,"private":0,"password":null}