{"id":"gen8randombattle-1686850028","p1":"george malone","p2":"Overlord0","format":"gen8randombattle","log":"|j|\u203dgeorge malone\n|j|\u2606Overlord0\n|t:|1665889400\n|gametype|singles\n|player|p1|george malone|265|2268\n|player|p2|Overlord0|265|2165\n|teamsize|p1|6\n|teamsize|p2|6\n|gen|8\n|tier|[Gen 8] Random Battle\n|rated|\n|rule|Species Clause: Limit one of each Pok\u00e9mon\n|rule|HP Percentage Mod: HP is shown in percentages\n|rule|Sleep Clause Mod: Limit one foe put to sleep\n|\n|t:|1665889400\n|start\n|switch|p1a: Turtonator|Turtonator, L84, M|238\/238\n|switch|p2a: Magmortar|Magmortar, L86, F|269\/269\n|turn|1\n|c|\u2606Overlord0|hf\n|inactive|Battle timer is ON: inactive players will automatically lose when time's up. (requested by Overlord0)\n|\n|t:|1665889409\n|switch|p1a: Regigigas|Regigigas, L82|315\/315\n|-start|p1a: Regigigas|ability: Slow Start\n|move|p2a: Magmortar|Earthquake|p1a: Regigigas\n|-damage|p1a: Regigigas|246\/315\n|\n|-heal|p1a: Regigigas|265\/315|[from] item: Leftovers\n|upkeep\n|turn|2\n|\n|t:|1665889420\n|switch|p2a: Gengar|Gengar, L80, M|227\/227\n|move|p1a: Regigigas|Toxic|p2a: Gengar\n|-immune|p2a: Gengar\n|\n|-heal|p1a: Regigigas|284\/315|[from] item: Leftovers\n|upkeep\n|turn|3\n|\n|t:|1665889429\n|-end|p1a: Regigigas|Slow Start|[silent]\n|switch|p1a: Amoonguss|Amoonguss, L84, M|329\/329\n|move|p2a: Gengar|Nasty Plot|p2a: Gengar\n|-boost|p2a: Gengar|spa|2\n|\n|upkeep\n|turn|4\n|\n|t:|1665889447\n|-start|p2a: Gengar|Dynamax|Gmax\n|-heal|p2a: Gengar|454\/454|[silent]\n|move|p2a: Gengar|G-Max Terror|p1a: Amoonguss\n|-damage|p1a: Amoonguss|0 fnt\n|faint|p1a: Amoonguss\n|-damage|p2a: Gengar|432\/454|[from] item: Life Orb\n|\n|upkeep\n|\n|t:|1665889472\n|switch|p1a: Turtonator|Turtonator, L84, M|238\/238\n|turn|5\n|\n|t:|1665889476\n|switch|p1a: Regigigas|Regigigas, L82|284\/315\n|-start|p1a: Regigigas|ability: Slow Start\n|move|p2a: Gengar|Max Ooze|p1a: Regigigas\n|-damage|p1a: Regigigas|50\/315\n|-boost|p2a: Gengar|spa|1\n|-damage|p2a: Gengar|410\/454|[from] item: Life Orb\n|\n|-heal|p1a: Regigigas|69\/315|[from] item: Leftovers\n|upkeep\n|turn|6\n|\n|t:|1665889481\n|move|p1a: Regigigas|Protect|p1a: Regigigas\n|-singleturn|p1a: Regigigas|Protect\n|move|p2a: Gengar|Max Ooze|p1a: Regigigas\n|-zbroken|p1a: Regigigas\n|-damage|p1a: Regigigas|0 fnt\n|-boost|p2a: Gengar|spa|1\n|faint|p1a: Regigigas\n|-end|p1a: Regigigas|Slow Start|[silent]\n|-damage|p2a: Gengar|388\/454|[from] item: Life Orb\n|\n|upkeep\n|\n|t:|1665889483\n|switch|p1a: Archeops|Archeops, L82, F|257\/257\n|-end|p2a: Gengar|Dynamax\n|-heal|p2a: Gengar|194\/227|[silent]\n|turn|7\n|\n|t:|1665889489\n|switch|p2a: Jellicent|Jellicent, L84, F|305\/305\n|move|p1a: Archeops|Earthquake|p2a: Jellicent\n|-damage|p2a: Jellicent|197\/305\n|\n|-heal|p2a: Jellicent|216\/305|[from] item: Leftovers\n|upkeep\n|turn|8\n|\n|t:|1665889494\n|switch|p1a: Turtonator|Turtonator, L84, M|238\/238\n|move|p2a: Jellicent|Recover|p2a: Jellicent\n|-heal|p2a: Jellicent|305\/305\n|\n|upkeep\n|turn|9\n|\n|t:|1665889497\n|move|p2a: Jellicent|Toxic|p1a: Turtonator\n|-status|p1a: Turtonator|tox\n|move|p1a: Turtonator|Will-O-Wisp|p2a: Jellicent\n|-status|p2a: Jellicent|brn\n|\n|-damage|p1a: Turtonator|224\/238 tox|[from] psn\n|-damage|p2a: Jellicent|286\/305 brn|[from] brn\n|upkeep\n|turn|10\n|\n|t:|1665889503\n|switch|p1a: Pelipper|Pelipper, L86, F|243\/243\n|-weather|RainDance|[from] ability: Drizzle|[of] p1a: Pelipper\n|move|p2a: Jellicent|Scald|p1a: Pelipper\n|-resisted|p1a: Pelipper\n|-damage|p1a: Pelipper|179\/243\n|\n|-weather|RainDance|[upkeep]\n|-heal|p2a: Jellicent|305\/305 brn|[from] item: Leftovers\n|-damage|p2a: Jellicent|286\/305 brn|[from] brn\n|upkeep\n|turn|11\n|\n|t:|1665889508\n|move|p1a: Pelipper|Hurricane|p2a: Jellicent\n|-damage|p2a: Jellicent|181\/305 brn\n|move|p2a: Jellicent|Toxic|p1a: Pelipper\n|-status|p1a: Pelipper|tox\n|\n|-weather|RainDance|[upkeep]\n|-heal|p2a: Jellicent|200\/305 brn|[from] item: Leftovers\n|-damage|p1a: Pelipper|164\/243 tox|[from] psn\n|-damage|p2a: Jellicent|181\/305 brn|[from] brn\n|upkeep\n|turn|12\n|\n|t:|1665889515\n|switch|p1a: Zekrom|Zekrom, L69|252\/252\n|-ability|p1a: Zekrom|Teravolt\n|move|p2a: Jellicent|Recover|p2a: Jellicent\n|-heal|p2a: Jellicent|305\/305 brn\n|\n|-weather|RainDance|[upkeep]\n|-damage|p2a: Jellicent|286\/305 brn|[from] brn\n|upkeep\n|turn|13\n|\n|t:|1665889530\n|move|p1a: Zekrom|Dragon Dance|p1a: Zekrom\n|-boost|p1a: Zekrom|atk|1\n|-boost|p1a: Zekrom|spe|1\n|move|p2a: Jellicent|Shadow Ball|p1a: Zekrom\n|-damage|p1a: Zekrom|167\/252\n|\n|-weather|RainDance|[upkeep]\n|-heal|p2a: Jellicent|305\/305 brn|[from] item: Leftovers\n|-damage|p2a: Jellicent|286\/305 brn|[from] brn\n|upkeep\n|turn|14\n|\n|t:|1665889534\n|switch|p2a: Nidoqueen|Nidoqueen, L84, F|288\/288\n|move|p1a: Zekrom|Dragon Dance|p1a: Zekrom\n|-boost|p1a: Zekrom|atk|1\n|-boost|p1a: Zekrom|spe|1\n|\n|-weather|none\n|upkeep\n|turn|15\n|\n|t:|1665889551\n|switch|p2a: Jellicent|Jellicent, L84, F|286\/305 brn\n|-start|p1a: Zekrom|Dynamax|\n|-heal|p1a: Zekrom|334\/504|[silent]\n|move|p1a: Zekrom|Max Wyrmwind|p2a: Jellicent\n|-damage|p2a: Jellicent|0 fnt\n|faint|p2a: Jellicent\n|\n|upkeep\n|\n|t:|1665889565\n|switch|p2a: Gengar|Gengar, L80, M|194\/227\n|turn|16\n|\n|t:|1665889568\n|move|p1a: Zekrom|Max Wyrmwind|p2a: Gengar\n|-damage|p2a: Gengar|0 fnt\n|faint|p2a: Gengar\n|\n|upkeep\n|j| fjdjdjdjdx\n|inactive|Overlord0 has 120 seconds left.\n|j| scarleteye227\n|l| scarleteye227\n|\n|t:|1665889606\n|switch|p2a: Terrakion|Terrakion, L78|270\/270\n|turn|17\n|\n|t:|1665889622\n|switch|p2a: Porygon-Z|Porygon-Z, L80|267\/267\n|move|p1a: Zekrom|Max Wyrmwind|p2a: Porygon-Z\n|-damage|p2a: Porygon-Z|0 fnt\n|faint|p2a: Porygon-Z\n|\n|upkeep\n|\n|t:|1665889624\n|switch|p2a: Magmortar|Magmortar, L86, F|269\/269\n|-end|p1a: Zekrom|Dynamax\n|-heal|p1a: Zekrom|167\/252|[silent]\n|turn|18\n|\n|t:|1665889633\n|move|p1a: Zekrom|Outrage|p2a: Magmortar\n|-damage|p2a: Magmortar|0 fnt\n|faint|p2a: Magmortar\n|\n|upkeep\n|inactive|Overlord0 has 120 seconds left.\n|-message|Overlord0 forfeited.\n|\n|win|george malone\n|raw|george malone's rating: 2268 &rarr; <strong>2282<\/strong><br \/>(+14 for winning)\n|raw|Overlord0's rating: 2165 &rarr; <strong>2151<\/strong><br \/>(-14 for losing)\n","inputlog":">version ef613a9475d6dbd637653866edadf31f5286d49e\n>start {\"formatid\":\"gen8randombattle\",\"seed\":[33405,58533,17089,15254],\"rated\":\"Rated battle\"}\n>player p1 {\"name\":\"george malone\",\"avatar\":\"265\",\"rating\":2268,\"seed\":[51209,21278,34671,17202]}\n>player p2 {\"name\":\"Overlord0\",\"avatar\":\"265\",\"rating\":2165,\"seed\":[25988,6629,22037,55801]}\n>chat \u2606Overlord0|hf\n>p1 switch 3\n>p2 move earthquake\n>p1 move toxic\n>p2 switch 3\n>p1 switch 2\n>p2 move nastyplot\n>p1 move spore\n>p2 move shadowball dynamax\n>p1 switch 3\n>p1 switch 2\n>p2 move sludgewave dynamax\n>p1 move protect\n>p2 move sludgewave dynamax\n>p1 switch 6\n>p1 move earthquake\n>p2 switch 5\n>p1 switch 2\n>p2 move recover\n>p1 move willowisp\n>p2 move toxic\n>p1 switch 4\n>p2 move scald\n>p1 move hurricane\n>p2 move toxic\n>p1 switch 5\n>p2 move recover\n>p1 move dragondance\n>p2 move shadowball\n>p1 move dragondance\n>p2 switch 6\n>p1 move outrage dynamax\n>p2 switch 6\n>p2 switch 5\n>p1 move outrage dynamax\n>p2 move shadowball\n>p2 switch 2\n>p1 move outrage dynamax\n>p2 switch 4\n>p2 switch 3\n>p1 move outrage\n>p2 move earthquake\n>forcelose p2","uploadtime":1665889657,"views":13,"p1id":"georgemalone","p2id":"overlord0","formatid":"gen8randombattle","rating":2151,"private":0,"password":null}