{"id":"gen8randombattle-1363355360","p1":"Flashybee","p2":"JEEP10","format":"gen8randombattle","log":"|j|\u2606Flashybee\n|j|\u2606JEEP10\n|t:|1624378786\n|gametype|singles\n|player|p1|Flashybee|169|1694\n|player|p2|JEEP10|265|1676\n|teamsize|p1|6\n|teamsize|p2|6\n|gen|8\n|tier|[Gen 8] Random Battle\n|rated|\n|rule|Species Clause: Limit one of each Pok\u00e9mon\n|rule|HP Percentage Mod: HP is shown in percentages\n|rule|Sleep Clause Mod: Limit one foe put to sleep\n|\n|t:|1624378786\n|start\n|switch|p1a: Marshadow|Marshadow, L70|242\/242\n|switch|p2a: Thundurus|Thundurus-Therian, L80, M|258\/258\n|turn|1\n|\n|t:|1624378807\n|move|p1a: Marshadow|Ice Punch|p2a: Thundurus\n|-supereffective|p2a: Thundurus\n|-damage|p2a: Thundurus|118\/258\n|-status|p2a: Thundurus|frz\n|-damage|p1a: Marshadow|218\/242|[from] item: Life Orb\n|-curestatus|p2a: Thundurus|frz|[msg]\n|move|p2a: Thundurus|Psychic|p1a: Marshadow\n|-supereffective|p1a: Marshadow\n|-damage|p1a: Marshadow|34\/242\n|\n|upkeep\n|turn|2\n|\n|t:|1624378820\n|switch|p2a: Cryogonal|Cryogonal, L86|278\/278\n|move|p1a: Marshadow|Ice Punch|p2a: Cryogonal\n|-resisted|p2a: Cryogonal\n|-damage|p2a: Cryogonal|238\/278\n|-damage|p1a: Marshadow|10\/242|[from] item: Life Orb\n|\n|-heal|p2a: Cryogonal|255\/278|[from] item: Leftovers\n|upkeep\n|turn|3\n|\n|t:|1624378830\n|move|p2a: Cryogonal|Freeze-Dry|p1a: Marshadow\n|-damage|p1a: Marshadow|0 fnt\n|faint|p1a: Marshadow\n|\n|-heal|p2a: Cryogonal|272\/278|[from] item: Leftovers\n|upkeep\n|\n|t:|1624378842\n|switch|p1a: Tyranitar|Tyranitar, L78, F|284\/284\n|-weather|Sandstorm|[from] ability: Sand Stream|[of] p1a: Tyranitar\n|turn|4\n|\n|t:|1624378850\n|move|p2a: Cryogonal|Toxic|p1a: Tyranitar\n|-status|p1a: Tyranitar|tox\n|-enditem|p1a: Tyranitar|Lum Berry|[eat]\n|-curestatus|p1a: Tyranitar|tox|[msg]\n|move|p1a: Tyranitar|Dragon Dance|p1a: Tyranitar\n|-boost|p1a: Tyranitar|atk|1\n|-boost|p1a: Tyranitar|spe|1\n|\n|-weather|Sandstorm|[upkeep]\n|-damage|p2a: Cryogonal|255\/278|[from] Sandstorm\n|-heal|p2a: Cryogonal|272\/278|[from] item: Leftovers\n|upkeep\n|turn|5\n|\n|t:|1624378861\n|move|p2a: Cryogonal|Haze|p2a: Cryogonal\n|-clearallboost\n|move|p1a: Tyranitar|Stone Edge|p2a: Cryogonal\n|-supereffective|p2a: Cryogonal\n|-damage|p2a: Cryogonal|0 fnt\n|faint|p2a: Cryogonal\n|\n|-weather|Sandstorm|[upkeep]\n|upkeep\n|\n|t:|1624378879\n|switch|p2a: Seismitoad|Seismitoad, L84, M|314\/314\n|turn|6\n|\n|t:|1624378883\n|switch|p1a: Lilligant|Lilligant, L84, F|255\/255\n|move|p2a: Seismitoad|Rain Dance|p2a: Seismitoad\n|-weather|RainDance\n|\n|-weather|RainDance|[upkeep]\n|upkeep\n|turn|7\n|\n|t:|1624378894\n|switch|p2a: Thundurus|Thundurus-Therian, L80, M|118\/258\n|move|p1a: Lilligant|Sleep Powder|p2a: Thundurus\n|-status|p2a: Thundurus|slp|[from] move: Sleep Powder\n|\n|-weather|RainDance|[upkeep]\n|upkeep\n|turn|8\n|\n|t:|1624378901\n|switch|p2a: Copperajah|Copperajah, L84, M|342\/342\n|move|p1a: Lilligant|Quiver Dance|p1a: Lilligant\n|-boost|p1a: Lilligant|spa|1\n|-boost|p1a: Lilligant|spd|1\n|-boost|p1a: Lilligant|spe|1\n|\n|-weather|RainDance|[upkeep]\n|upkeep\n|turn|9\n|\n|t:|1624378920\n|move|p1a: Lilligant|Quiver Dance|p1a: Lilligant\n|-boost|p1a: Lilligant|spa|1\n|-boost|p1a: Lilligant|spd|1\n|-boost|p1a: Lilligant|spe|1\n|move|p2a: Copperajah|Iron Head|p1a: Lilligant\n|-damage|p1a: Lilligant|56\/255\n|\n|-weather|RainDance|[upkeep]\n|-heal|p1a: Lilligant|71\/255|[from] item: Leftovers\n|upkeep\n|turn|10\n|\n|t:|1624378928\n|move|p1a: Lilligant|Giga Drain|p2a: Copperajah\n|-resisted|p2a: Copperajah\n|-damage|p2a: Copperajah|241\/342\n|-heal|p1a: Lilligant|122\/255|[from] drain|[of] p2a: Copperajah\n|move|p2a: Copperajah|Iron Head|p1a: Lilligant\n|-crit|p1a: Lilligant\n|-damage|p1a: Lilligant|0 fnt\n|faint|p1a: Lilligant\n|\n|-weather|none\n|upkeep\n|\n|t:|1624378940\n|switch|p1a: Sharpedo|Sharpedo, L82, F|249\/249\n|turn|11\n|\n|t:|1624378944\n|move|p1a: Sharpedo|Close Combat|p2a: Copperajah\n|-supereffective|p2a: Copperajah\n|-damage|p2a: Copperajah|0 fnt\n|-unboost|p1a: Sharpedo|def|1\n|-unboost|p1a: Sharpedo|spd|1\n|faint|p2a: Copperajah\n|-damage|p1a: Sharpedo|225\/249|[from] item: Life Orb\n|\n|-ability|p1a: Sharpedo|Speed Boost|boost\n|-boost|p1a: Sharpedo|spe|1\n|upkeep\n|\n|t:|1624378955\n|switch|p2a: Seismitoad|Seismitoad, L84, M|314\/314\n|turn|12\n|\n|t:|1624378962\n|move|p1a: Sharpedo|Crunch|p2a: Seismitoad\n|-damage|p2a: Seismitoad|184\/314\n|-unboost|p2a: Seismitoad|def|1\n|-damage|p1a: Sharpedo|201\/249|[from] item: Life Orb\n|move|p2a: Seismitoad|Earthquake|p1a: Sharpedo\n|-damage|p1a: Sharpedo|0 fnt\n|faint|p1a: Sharpedo\n|-damage|p2a: Seismitoad|153\/314|[from] item: Life Orb\n|\n|upkeep\n|\n|t:|1624378971\n|switch|p1a: Delibird|Delibird, M|252\/252\n|turn|13\n|\n|t:|1624378977\n|switch|p2a: Thundurus|Thundurus-Therian, L80, M|118\/258 slp\n|move|p1a: Delibird|Freeze-Dry|p2a: Thundurus\n|-supereffective|p2a: Thundurus\n|-damage|p2a: Thundurus|0 fnt\n|faint|p2a: Thundurus\n|\n|upkeep\n|\n|t:|1624378983\n|switch|p2a: Morpeko|Morpeko, L86, M|240\/240\n|turn|14\n|\n|t:|1624379004\n|switch|p1a: Tyranitar|Tyranitar, L78, F|284\/284\n|-weather|Sandstorm|[from] ability: Sand Stream|[of] p1a: Tyranitar\n|move|p2a: Morpeko|Aura Wheel|p1a: Tyranitar\n|-damage|p1a: Tyranitar|184\/284\n|-boost|p2a: Morpeko|spe|1\n|\n|-weather|Sandstorm|[upkeep]\n|-damage|p2a: Morpeko|225\/240|[from] Sandstorm\n|-heal|p2a: Morpeko|240\/240|[from] item: Leftovers\n|-formechange|p2a: Morpeko|Morpeko-Hangry||[from] ability: Hunger Switch\n|upkeep\n|turn|15\n|\n|t:|1624379017\n|switch|p2a: Barbaracle|Barbaracle, L80, F|246\/246\n|move|p1a: Tyranitar|Dragon Dance|p1a: Tyranitar\n|-boost|p1a: Tyranitar|atk|1\n|-boost|p1a: Tyranitar|spe|1\n|\n|-weather|Sandstorm|[upkeep]\n|upkeep\n|turn|16\n|\n|t:|1624379043\n|-start|p1a: Tyranitar|Dynamax\n|-heal|p1a: Tyranitar|368\/568|[silent]\n|move|p2a: Barbaracle|Liquidation|p1a: Tyranitar\n|-supereffective|p1a: Tyranitar\n|-damage|p1a: Tyranitar|162\/568\n|-unboost|p1a: Tyranitar|def|1\n|move|p1a: Tyranitar|Max Darkness|p2a: Barbaracle\n|-damage|p2a: Barbaracle|42\/246\n|-unboost|p2a: Barbaracle|spd|1\n|\n|-weather|Sandstorm|[upkeep]\n|upkeep\n|turn|17\n|\n|t:|1624379056\n|move|p2a: Barbaracle|Liquidation|p1a: Tyranitar\n|-supereffective|p1a: Tyranitar\n|-damage|p1a: Tyranitar|0 fnt\n|faint|p1a: Tyranitar\n|\n|-weather|Sandstorm|[upkeep]\n|upkeep\n|\n|t:|1624379065\n|switch|p1a: Delibird|Delibird, M|252\/252\n|turn|18\n|\n|t:|1624379085\n|move|p2a: Barbaracle|Liquidation|p1a: Delibird\n|-damage|p1a: Delibird|89\/252\n|move|p1a: Delibird|Freeze-Dry|p2a: Barbaracle\n|-supereffective|p2a: Barbaracle\n|-damage|p2a: Barbaracle|0 fnt\n|faint|p2a: Barbaracle\n|\n|-weather|none\n|upkeep\n|\n|t:|1624379092\n|switch|p2a: Morpeko|Morpeko, L86, M|240\/240\n|turn|19\n|\n|t:|1624379097\n|move|p2a: Morpeko|Aura Wheel|p1a: Delibird\n|-supereffective|p1a: Delibird\n|-damage|p1a: Delibird|0 fnt\n|-boost|p2a: Morpeko|spe|1\n|faint|p1a: Delibird\n|\n|-formechange|p2a: Morpeko|Morpeko-Hangry||[from] ability: Hunger Switch\n|upkeep\n|\n|t:|1624379100\n|switch|p1a: Mew|Mew, L80|291\/291\n|turn|20\n|\n|t:|1624379108\n|move|p2a: Morpeko|Aura Wheel|p1a: Mew\n|-supereffective|p1a: Mew\n|-damage|p1a: Mew|73\/291\n|-boost|p2a: Morpeko|spe|1\n|move|p1a: Mew|Flare Blitz|p2a: Morpeko\n|-damage|p2a: Morpeko|131\/240\n|-damage|p1a: Mew|37\/291|[from] Recoil\n|\n|-heal|p2a: Morpeko|146\/240|[from] item: Leftovers\n|-formechange|p2a: Morpeko|Morpeko||[from] ability: Hunger Switch\n|upkeep\n|turn|21\n|-message|Flashybee forfeited.\n|\n|win|JEEP10\n|raw|Flashybee's rating: 1694 &rarr; <strong>1673<\/strong><br \/>(-21 for losing)\n|raw|JEEP10's rating: 1676 &rarr; <strong>1697<\/strong><br \/>(+21 for winning)\n|l|\u2606Flashybee\n","inputlog":">version 9c7781480f615ad0055a6810a329a1a8f6af9e1b\n>start {\"formatid\":\"gen8randombattle\",\"seed\":[60443,38763,28949,63821],\"rated\":\"Rated battle\"}\n>player p1 {\"name\":\"Flashybee\",\"avatar\":\"169\",\"rating\":1694,\"seed\":[3101,60410,44455,61992]}\n>player p2 {\"name\":\"JEEP10\",\"avatar\":\"265\",\"rating\":1676,\"seed\":[28838,949,46485,25259]}\n>p1 move icepunch\n>p2 move psychic\n>p1 move icepunch\n>p2 switch 2\n>p1 move closecombat\n>p2 move freezedry\n>p1 switch 2\n>p1 move dragondance\n>p2 move toxic\n>p1 move stoneedge\n>p2 move haze\n>p2 switch 4\n>p1 switch 4\n>p2 move raindance\n>p1 move sleeppowder\n>p2 switch 2\n>p1 move quiverdance\n>p2 switch 3\n>p1 move quiverdance\n>p2 move ironhead\n>p1 move gigadrain\n>p2 move ironhead\n>p1 switch 3\n>p1 move closecombat\n>p2 move playrough\n>p2 switch 2\n>p1 move crunch\n>p2 move earthquake\n>p1 switch 5\n>p1 move freezedry\n>p2 switch 3\n>p2 switch 5\n>p1 switch 4\n>p2 move aurawheel\n>p1 move dragondance\n>p2 switch 6\n>p1 move crunch dynamax\n>p2 move liquidation\n>p1 move crunch dynamax\n>p2 move liquidation\n>p1 switch 4\n>p1 move freezedry\n>p2 move liquidation\n>p2 switch 6\n>p1 move memento\n>p2 move aurawheel\n>p1 switch 6\n>p1 move flareblitz\n>p2 move aurawheel\n>forcelose p1","uploadtime":1624379122,"views":6,"p1id":"flashybee","p2id":"jeep10","formatid":"gen8randombattle","rating":1673,"private":0,"password":null}