{"id":"gen8randombattle-1124498622","p1":"Tigwe","p2":"BaddyGames","format":"gen8randombattle","log":"|j|\u2606Tigwe\n|j|\u2606BaddyGames\n|player|p1|Tigwe|1|\n|player|p2|BaddyGames|275|\n|teamsize|p1|6\n|teamsize|p2|6\n|gametype|singles\n|gen|8\n|tier|[Gen 8] Random Battle\n|rule|Species Clause: Limit one of each Pok\u00e9mon\n|rule|HP Percentage Mod: HP is shown in percentages\n|rule|Sleep Clause Mod: Limit one foe put to sleep\n|\n|start\n|switch|p1a: Articuno|Articuno, L84|288\/288\n|switch|p2a: Mantine|Mantine, L82, M|274\/274\n|-ability|p1a: Articuno|Pressure\n|turn|1\n|\n|move|p1a: Articuno|Toxic|p2a: Mantine\n|-status|p2a: Mantine|tox\n|move|p2a: Mantine|Toxic|p1a: Articuno\n|-status|p1a: Articuno|tox\n|\n|-damage|p1a: Articuno|270\/288 tox|[from] psn\n|-damage|p2a: Mantine|257\/274 tox|[from] psn\n|upkeep\n|turn|2\n|\n|switch|p1a: Ferrothorn|Ferrothorn, L80, M|250\/250\n|move|p2a: Mantine|Scald|p1a: Ferrothorn\n|-resisted|p1a: Ferrothorn\n|-damage|p1a: Ferrothorn|222\/250\n|\n|-heal|p1a: Ferrothorn|237\/250|[from] item: Leftovers\n|-damage|p2a: Mantine|223\/274 tox|[from] psn\n|upkeep\n|turn|3\n|\n|switch|p2a: Perrserker|Perrserker, L86, M|261\/261\n|move|p1a: Ferrothorn|Leech Seed|p2a: Perrserker\n|-start|p2a: Perrserker|move: Leech Seed\n|\n|-heal|p1a: Ferrothorn|250\/250|[from] item: Leftovers\n|-damage|p2a: Perrserker|229\/261|[from] Leech Seed|[of] p1a: Ferrothorn\n|upkeep\n|turn|4\n|\n|switch|p1a: Arcanine|Arcanine, L82, M|282\/282\n|move|p2a: Perrserker|Swords Dance|p2a: Perrserker\n|-boost|p2a: Perrserker|atk|2\n|\n|-damage|p2a: Perrserker|197\/261|[from] Leech Seed|[of] p1a: Arcanine\n|upkeep\n|turn|5\n|\n|switch|p2a: Mantine|Mantine, L82, M|223\/274 tox\n|move|p1a: Arcanine|Flare Blitz|p2a: Mantine\n|-resisted|p2a: Mantine\n|-damage|p2a: Mantine|146\/274 tox\n|-damage|p1a: Arcanine|257\/282|[from] Recoil\n|\n|-damage|p2a: Mantine|129\/274 tox|[from] psn\n|upkeep\n|turn|6\n|\n|switch|p2a: Latios|Latios, L80, M|259\/259\n|move|p1a: Arcanine|Morning Sun|p1a: Arcanine\n|-heal|p1a: Arcanine|282\/282\n|\n|upkeep\n|turn|7\n|\n|-start|p2a: Latios|Dynamax\n|-heal|p2a: Latios|518\/518|[silent]\n|move|p2a: Latios|Max Wyrmwind|p1a: Arcanine\n|-damage|p1a: Arcanine|29\/282\n|-unboost|p1a: Arcanine|atk|1\n|-damage|p2a: Latios|493\/518|[from] item: Life Orb\n|move|p1a: Arcanine|Crunch|p2a: Latios\n|-supereffective|p2a: Latios\n|-damage|p2a: Latios|405\/518\n|\n|upkeep\n|turn|8\n|\n|move|p2a: Latios|Max Mindstorm|p1a: Arcanine\n|-damage|p1a: Arcanine|0 fnt\n|-fieldstart|move: Psychic Terrain\n|-damage|p2a: Latios|380\/518|[from] item: Life Orb\n|faint|p1a: Arcanine\n|\n|upkeep\n|\n|switch|p1a: Cursola|Cursola, L86, F|243\/243\n|turn|9\n|\n|move|p2a: Latios|Max Mindstorm|p1a: Cursola\n|-damage|p1a: Cursola|91\/243\n|-damage|p2a: Latios|355\/518|[from] item: Life Orb\n|move|p1a: Cursola|Strength Sap|p2a: Latios\n|-unboost|p2a: Latios|atk|1\n|-heal|p1a: Cursola|240\/243\n|\n|-heal|p1a: Cursola|243\/243|[from] item: Leftovers\n|-end|p2a: Latios|Dynamax\n|-heal|p2a: Latios|178\/259|[silent]\n|upkeep\n|turn|10\n|\n|switch|p2a: Mantine|Mantine, L82, M|129\/274 tox\n|-start|p1a: Cursola|Dynamax\n|-heal|p1a: Cursola|486\/486|[silent]\n|move|p1a: Cursola|Max Hailstorm|p2a: Mantine\n|-damage|p2a: Mantine|42\/274 tox\n|-weather|Hail\n|\n|-weather|Hail|[upkeep]\n|-damage|p2a: Mantine|25\/274 tox|[from] Hail\n|-damage|p1a: Cursola|471\/486|[from] Hail\n|-heal|p1a: Cursola|486\/486|[from] item: Leftovers\n|-damage|p2a: Mantine|8\/274 tox|[from] psn\n|upkeep\n|turn|11\n|j| VA14NTINE\n|\n|move|p2a: Mantine|Toxic|p1a: Cursola\n|-status|p1a: Cursola|tox\n|move|p1a: Cursola|Max Hailstorm|p2a: Mantine\n|-crit|p2a: Mantine\n|-damage|p2a: Mantine|0 fnt\n|faint|p2a: Mantine\n|\n|-weather|Hail|[upkeep]\n|-damage|p1a: Cursola|471\/486 tox|[from] Hail\n|-heal|p1a: Cursola|486\/486 tox|[from] item: Leftovers\n|-damage|p1a: Cursola|471\/486 tox|[from] psn\n|upkeep\n|c| VA14NTINE|yikes\n|\n|switch|p2a: Perrserker|Perrserker, L86, M|197\/261\n|turn|12\n|\n|move|p2a: Perrserker|Crunch|p1a: Cursola\n|-supereffective|p1a: Cursola\n|-damage|p1a: Cursola|130\/486 tox\n|-unboost|p1a: Cursola|def|1\n|-ability|p1a: Cursola|Perish Body\n|-damage|p2a: Perrserker|171\/261|[from] item: Life Orb\n|move|p1a: Cursola|Max Hailstorm|p2a: Perrserker\n|-resisted|p2a: Perrserker\n|-damage|p2a: Perrserker|82\/261\n|\n|-weather|Hail|[upkeep]\n|-damage|p2a: Perrserker|66\/261|[from] Hail\n|-damage|p1a: Cursola|115\/486 tox|[from] Hail\n|-heal|p1a: Cursola|130\/486 tox|[from] item: Leftovers\n|-damage|p1a: Cursola|100\/486 tox|[from] psn\n|-start|p2a: Perrserker|perish3\n|-start|p1a: Cursola|perish3\n|-fieldend|move: Psychic Terrain\n|-end|p1a: Cursola|Dynamax\n|-heal|p1a: Cursola|50\/243 tox|[silent]\n|upkeep\n|turn|13\n|\n|switch|p1a: Ferrothorn|Ferrothorn, L80, M|250\/250\n|move|p2a: Perrserker|Iron Head|p1a: Ferrothorn\n|-resisted|p1a: Ferrothorn\n|-damage|p1a: Ferrothorn|192\/250\n|-damage|p2a: Perrserker|34\/261|[from] ability: Iron Barbs|[of] p1a: Ferrothorn\n|-damage|p2a: Perrserker|8\/261|[from] item: Life Orb\n|\n|-weather|Hail|[upkeep]\n|-damage|p2a: Perrserker|0 fnt|[from] Hail\n|-damage|p1a: Ferrothorn|177\/250|[from] Hail\n|faint|p2a: Perrserker\n|-heal|p1a: Ferrothorn|192\/250|[from] item: Leftovers\n|upkeep\n|\n|switch|p2a: Dragapult|Dragapult, L80, M|272\/272\n|turn|14\n|\n|move|p2a: Dragapult|Fire Blast|p1a: Ferrothorn\n|-supereffective|p1a: Ferrothorn\n|-damage|p1a: Ferrothorn|0 fnt\n|faint|p1a: Ferrothorn\n|\n|-weather|none\n|upkeep\n|c|\u2606Tigwe|choke.exe\n|\n|switch|p1a: Indeedee|Indeedee, L84, M|238\/238\n|-fieldstart|move: Psychic Terrain|[from] ability: Psychic Surge|[of] p1a: Indeedee\n|turn|15\n|c| VA14NTINE|Ban Baddy\n|\n|switch|p2a: Latios|Latios, L80, M|178\/259\n|move|p1a: Indeedee|Trick|p2a: Latios\n|-activate|p1a: Indeedee|move: Trick|[of] p2a: Latios\n|-item|p2a: Latios|Choice Scarf|[from] move: Trick\n|-item|p1a: Indeedee|Life Orb|[from] move: Trick\n|\n|upkeep\n|turn|16\n|c|\u2606BaddyGames|why\n|c| VA14NTINE|Because Lucas says so\n|\n|move|p2a: Latios|Draco Meteor|p1a: Indeedee\n|-damage|p1a: Indeedee|96\/238\n|-unboost|p2a: Latios|spa|2\n|move|p1a: Indeedee|Psyshock|p2a: Latios\n|-resisted|p2a: Latios\n|-damage|p2a: Latios|92\/259\n|-damage|p1a: Indeedee|73\/238|[from] item: Life Orb\n|\n|upkeep\n|turn|17\n|\n|switch|p2a: Mr. Mime|Mr. Mime, L88, M|214\/214\n|switch|p1a: Escavalier|Escavalier, L82, F|249\/249\n|\n|upkeep\n|turn|18\n|\n|switch|p2a: Latios|Latios, L80, M|92\/259\n|move|p1a: Escavalier|Swords Dance|p1a: Escavalier\n|-boost|p1a: Escavalier|atk|2\n|\n|upkeep\n|turn|19\n|\n|move|p2a: Latios|Draco Meteor|p1a: Escavalier\n|-resisted|p1a: Escavalier\n|-damage|p1a: Escavalier|182\/249\n|-unboost|p2a: Latios|spa|2\n|move|p1a: Escavalier|Knock Off|p2a: Latios\n|-supereffective|p2a: Latios\n|-damage|p2a: Latios|0 fnt\n|-enditem|p2a: Latios|Choice Scarf|[from] move: Knock Off|[of] p1a: Escavalier\n|faint|p2a: Latios\n|\n|-heal|p1a: Escavalier|197\/249|[from] item: Leftovers\n|-fieldend|move: Psychic Terrain\n|upkeep\n|\n|switch|p2a: Dragapult|Dragapult, L80, M|272\/272\n|turn|20\n|\n|move|p2a: Dragapult|Fire Blast|p1a: Escavalier|[miss]\n|-miss|p2a: Dragapult|p1a: Escavalier\n|move|p1a: Escavalier|Knock Off|p2a: Dragapult\n|-supereffective|p2a: Dragapult\n|-damage|p2a: Dragapult|0 fnt\n|-enditem|p2a: Dragapult|Choice Specs|[from] move: Knock Off|[of] p1a: Escavalier\n|faint|p2a: Dragapult\n|\n|-heal|p1a: Escavalier|212\/249|[from] item: Leftovers\n|upkeep\n|c| VA14NTINE|unfortunate\n|c|\u2606Tigwe|lol\n|\n|switch|p2a: Mr. Mime|Mr. Mime, L88, M|214\/214\n|turn|21\n|\n|move|p2a: Mr. Mime|Focus Blast|p1a: Escavalier|[miss]\n|-miss|p2a: Mr. Mime|p1a: Escavalier\n|move|p1a: Escavalier|Knock Off|p2a: Mr. Mime\n|-damage|p2a: Mr. Mime|8\/214\n|-enditem|p2a: Mr. Mime|Choice Scarf|[from] move: Knock Off|[of] p1a: Escavalier\n|\n|-heal|p1a: Escavalier|227\/249|[from] item: Leftovers\n|upkeep\n|turn|22\n|c|\u2606BaddyGames|gg\n|-message|BaddyGames forfeited.\n|\n|win|Tigwe\n|l|\u2606BaddyGames\n|c| VA14NTINE|yikes\n|c|\u2606Tigwe|unlucky af\n","inputlog":">version 4db979a313dca7129cbbdcb669a854498304a08c\n>start {\"formatid\":\"gen8randombattle\",\"seed\":[21915,2108,11531,60903]}\n>player p1 {\"name\":\"Tigwe\",\"avatar\":\"1\",\"team\":\"\",\"rating\":0,\"seed\":[16475,26001,29374,47978]}\n>player p2 {\"name\":\"BaddyGames\",\"avatar\":\"275\",\"team\":\"\",\"rating\":0,\"seed\":[33740,26678,61890,36643]}\n>p1 move toxic\n>p2 move toxic\n>p1 switch 6\n>p2 move scald\n>p1 move leechseed\n>p2 switch 5\n>p1 switch 2\n>p2 move swordsdance\n>p1 move flareblitz\n>p2 switch 5\n>p1 move morningsun\n>p2 switch 4\n>p1 move crunch\n>p2 move dracometeor dynamax\n>p1 move morningsun\n>p2 move psyshock dynamax\n>p1 switch 4\n>p1 move strengthsap\n>p2 move psyshock dynamax\n>p1 move icebeam dynamax\n>p2 switch 4\n>p1 move icebeam dynamax\n>p2 move toxic\n>p2 switch 5\n>p1 move icebeam dynamax\n>p2 move crunch\n>p1 switch 2\n>p2 move ironhead\n>p2 switch 6\n>p1 move gyroball\n>p2 move fireblast\n>p1 switch 5\n>p1 move trick\n>p2 switch 4\n>p1 move psyshock\n>p2 move dracometeor\n>p1 switch 3\n>p2 switch 3\n>p1 move swordsdance\n>p2 switch 3\n>p1 move knockoff\n>p2 move dracometeor\n>p2 switch 4\n>p1 move knockoff\n>p2 move fireblast\n>p2 switch 3\n>p1 move knockoff\n>p2 move focusblast","uploadtime":1590960521,"views":13,"p1id":"tigwe","p2id":"baddygames","formatid":"gen8randombattle","rating":0,"private":0,"password":null}