{"id":"gen8randombattle-1026197711","p1":"Ilusionista11","p2":"comp233","format":"gen8randombattle","log":"|j|\u2606Ilusionista11\n|j|\u2606comp233\n|player|p1|Ilusionista11|1|1616\n|player|p2|comp233|115|1579\n|teamsize|p1|6\n|teamsize|p2|6\n|gametype|singles\n|gen|8\n|tier|[Gen 8] Random Battle\n|rated|\n|rule|HP Percentage Mod: HP is shown in percentages\n|rule|Sleep Clause Mod: Limit one foe put to sleep\n|\n|start\n|switch|p1a: Whimsicott|Whimsicott, L82, M|233\/233\n|switch|p2a: Celebi|Celebi, L80|291\/291\n|turn|1\n|\n|move|p1a: Whimsicott|U-turn|p2a: Celebi\n|-supereffective|p2a: Celebi\n|-damage|p2a: Celebi|163\/291\n|\n|switch|p1a: Noctowl|Noctowl, L82, F|298\/298\n|move|p2a: Celebi|Nasty Plot|p2a: Celebi\n|-boost|p2a: Celebi|spa|2\n|\n|-heal|p2a: Celebi|181\/291|[from] item: Leftovers\n|upkeep\n|turn|2\n|\n|switch|p2a: Arctovish|Arctovish, L82|282\/282\n|move|p1a: Noctowl|Hurricane|p2a: Arctovish\n|-damage|p2a: Arctovish|216\/282\n|-start|p2a: Arctovish|confusion\n|\n|upkeep\n|turn|3\n|\n|switch|p1a: Jirachi|Jirachi, L80|291\/291\n|-activate|p2a: Arctovish|confusion\n|move|p2a: Arctovish|Icicle Crash|p1a: Jirachi\n|-resisted|p1a: Jirachi\n|-damage|p1a: Jirachi|254\/291\n|\n|-heal|p1a: Jirachi|272\/291|[from] item: Leftovers\n|upkeep\n|turn|4\n|\n|switch|p2a: Chandelure|Chandelure, L82, F|233\/233\n|move|p1a: Jirachi|Iron Head|p2a: Chandelure\n|-resisted|p2a: Chandelure\n|-damage|p2a: Chandelure|191\/233\n|\n|-heal|p1a: Jirachi|290\/291|[from] item: Leftovers\n|-heal|p2a: Chandelure|205\/233|[from] item: Leftovers\n|upkeep\n|turn|5\n|\n|switch|p1a: Noctowl|Noctowl, L82, F|298\/298\n|move|p2a: Chandelure|Fire Blast|p1a: Noctowl\n|-damage|p1a: Noctowl|157\/298\n|\n|-heal|p2a: Chandelure|219\/233|[from] item: Leftovers\n|-heal|p1a: Noctowl|175\/298|[from] item: Leftovers\n|upkeep\n|turn|6\n|\n|move|p2a: Chandelure|Substitute|p2a: Chandelure\n|-start|p2a: Chandelure|Substitute\n|-damage|p2a: Chandelure|161\/233\n|move|p1a: Noctowl|Hurricane|p2a: Chandelure|[miss]\n|-miss|p1a: Noctowl|p2a: Chandelure\n|\n|-heal|p2a: Chandelure|175\/233|[from] item: Leftovers\n|-heal|p1a: Noctowl|193\/298|[from] item: Leftovers\n|upkeep\n|turn|7\n|\n|move|p2a: Chandelure|Calm Mind|p2a: Chandelure\n|-boost|p2a: Chandelure|spa|1\n|-boost|p2a: Chandelure|spd|1\n|move|p1a: Noctowl|Hurricane|p2a: Chandelure|[miss]\n|-miss|p1a: Noctowl|p2a: Chandelure\n|\n|-heal|p2a: Chandelure|189\/233|[from] item: Leftovers\n|-heal|p1a: Noctowl|211\/298|[from] item: Leftovers\n|upkeep\n|turn|8\n|\n|move|p2a: Chandelure|Fire Blast|p1a: Noctowl\n|-damage|p1a: Noctowl|4\/298\n|move|p1a: Noctowl|Hurricane|p2a: Chandelure|[miss]\n|-miss|p1a: Noctowl|p2a: Chandelure\n|\n|-heal|p2a: Chandelure|203\/233|[from] item: Leftovers\n|-heal|p1a: Noctowl|22\/298|[from] item: Leftovers\n|upkeep\n|turn|9\n|inactive|Battle timer is ON: inactive players will automatically lose when time's up. (requested by Ilusionista11)\n|\n|move|p2a: Chandelure|Calm Mind|p2a: Chandelure\n|-boost|p2a: Chandelure|spa|1\n|-boost|p2a: Chandelure|spd|1\n|move|p1a: Noctowl|Roost|p1a: Noctowl\n|-heal|p1a: Noctowl|171\/298\n|-singleturn|p1a: Noctowl|move: Roost\n|\n|-heal|p2a: Chandelure|217\/233|[from] item: Leftovers\n|-heal|p1a: Noctowl|189\/298|[from] item: Leftovers\n|upkeep\n|turn|10\n|\n|switch|p1a: Quagsire|Quagsire, L82, F|290\/290\n|move|p2a: Chandelure|Fire Blast|p1a: Quagsire\n|-resisted|p1a: Quagsire\n|-damage|p1a: Quagsire|188\/290\n|\n|-heal|p2a: Chandelure|231\/233|[from] item: Leftovers\n|-heal|p1a: Quagsire|206\/290|[from] item: Leftovers\n|upkeep\n|turn|11\n|\n|move|p2a: Chandelure|Shadow Ball|p1a: Quagsire\n|-crit|p1a: Quagsire\n|-damage|p1a: Quagsire|0 fnt\n|faint|p1a: Quagsire\n|\n|-heal|p2a: Chandelure|233\/233|[from] item: Leftovers\n|upkeep\n|\n|switch|p1a: Dracovish|Dracovish, L80|275\/275\n|turn|12\n|\n|move|p2a: Chandelure|Shadow Ball|p1a: Dracovish\n|-crit|p1a: Dracovish\n|-damage|p1a: Dracovish|0 fnt\n|faint|p1a: Dracovish\n|\n|upkeep\n|c|\u2606comp233|...\n|\n|switch|p1a: Whimsicott|Whimsicott, L82, M|233\/233\n|turn|13\n|\n|move|p1a: Whimsicott|U-turn|p2a: Chandelure\n|-resisted|p2a: Chandelure\n|-activate|p2a: Chandelure|move: Substitute|[damage]\n|\n|switch|p1a: Noctowl|Noctowl, L82, F|189\/298\n|move|p2a: Chandelure|Shadow Ball|p1a: Noctowl\n|-immune|p1a: Noctowl\n|\n|-heal|p1a: Noctowl|207\/298|[from] item: Leftovers\n|upkeep\n|turn|14\n|\n|move|p2a: Chandelure|Fire Blast|p1a: Noctowl\n|-damage|p1a: Noctowl|0 fnt\n|faint|p1a: Noctowl\n|\n|upkeep\n|\n|switch|p1a: Stunfisk|Stunfisk-Galar, L82, F|313\/313\n|turn|15\n|\n|move|p2a: Chandelure|Shadow Ball|p1a: Stunfisk\n|-damage|p1a: Stunfisk|76\/313\n|-unboost|p1a: Stunfisk|spd|1\n|move|p1a: Stunfisk|Earthquake|p2a: Chandelure\n|-supereffective|p2a: Chandelure\n|-end|p2a: Chandelure|Substitute\n|\n|-heal|p1a: Stunfisk|95\/313|[from] item: Leftovers\n|upkeep\n|turn|16\n|\n|move|p2a: Chandelure|Shadow Ball|p1a: Stunfisk\n|-damage|p1a: Stunfisk|0 fnt\n|faint|p1a: Stunfisk\n|\n|upkeep\n|\n|switch|p1a: Jirachi|Jirachi, L80|290\/291\n|turn|17\n|\n|-start|p2a: Chandelure|Dynamax\n|-heal|p2a: Chandelure|466\/466|[silent]\n|move|p1a: Jirachi|Iron Head|p2a: Chandelure\n|-resisted|p2a: Chandelure\n|-damage|p2a: Chandelure|426\/466\n|move|p2a: Chandelure|Max Flare|p1a: Jirachi\n|-supereffective|p1a: Jirachi\n|-damage|p1a: Jirachi|0 fnt\n|-weather|SunnyDay\n|faint|p1a: Jirachi\n|\n|-weather|SunnyDay|[upkeep]\n|-heal|p2a: Chandelure|440\/466|[from] item: Leftovers\n|upkeep\n|\n|switch|p1a: Whimsicott|Whimsicott, L82, M|233\/233\n|turn|18\n|\n|move|p1a: Whimsicott|Energy Ball|p2a: Chandelure\n|-resisted|p2a: Chandelure\n|-damage|p2a: Chandelure|419\/466\n|move|p2a: Chandelure|Max Flare|p1a: Whimsicott\n|-supereffective|p1a: Whimsicott\n|-crit|p1a: Whimsicott\n|-enditem|p1a: Whimsicott|Focus Sash\n|-damage|p1a: Whimsicott|1\/233\n|\n|-weather|SunnyDay|[upkeep]\n|-heal|p2a: Chandelure|433\/466|[from] item: Leftovers\n|upkeep\n|turn|19\n|\n|move|p1a: Whimsicott|Leech Seed|p2a: Chandelure\n|-start|p2a: Chandelure|move: Leech Seed\n|move|p2a: Chandelure|Max Phantasm|p1a: Whimsicott\n|-damage|p1a: Whimsicott|0 fnt\n|faint|p1a: Whimsicott\n|\n|win|comp233\n|raw|Ilusionista11's rating: 1616 &rarr; <strong>1594<\/strong><br \/>(-22 for losing)\n|raw|comp233's rating: 1579 &rarr; <strong>1602<\/strong><br \/>(+23 for winning)\n","inputlog":">version 883ce3fa61ce35399812db4734b2939ac9199572\n>start {\"formatid\":\"gen8randombattle\",\"seed\":[4571,56280,18757,33401],\"rated\":\"Rated battle\"}\n>player p1 {\"name\":\"Ilusionista11\",\"avatar\":\"1\",\"team\":\"\",\"rating\":1616,\"seed\":[16962,19583,50973,23987]}\n>player p2 {\"name\":\"comp233\",\"avatar\":\"115\",\"team\":\"\",\"rating\":1579,\"seed\":[62477,18242,15689,20022]}\n>p1 move uturn\n>p2 move nastyplot\n>p1 switch 5\n>p1 move hurricane\n>p2 switch 4\n>p1 switch 3\n>p2 move iciclecrash\n>p1 move ironhead\n>p2 switch 2\n>p1 switch 3\n>p2 move fireblast\n>p1 move hurricane\n>p2 move substitute\n>p1 move hurricane\n>p2 move calmmind\n>p1 move hurricane\n>p2 move fireblast\n>p1 move roost\n>p2 move calmmind\n>p1 switch 2\n>p2 move fireblast\n>p1 move earthquake\n>p2 move shadowball\n>p1 switch 6\n>p1 move crunch\n>p2 move shadowball\n>p1 switch 5\n>p1 move uturn\n>p2 move shadowball\n>p1 switch 2\n>p1 move hurricane\n>p2 move fireblast\n>p1 switch 4\n>p1 move earthquake\n>p2 move shadowball\n>p1 move earthquake\n>p2 move shadowball\n>p1 switch 3\n>p1 move ironhead\n>p2 move fireblast dynamax\n>p1 switch 2\n>p1 move energyball\n>p2 move fireblast dynamax\n>p1 move leechseed\n>p2 move shadowball dynamax","uploadtime":1575889294,"views":3,"p1id":"ilusionista11","p2id":"comp233","formatid":"gen8randombattle","rating":1594,"private":0,"password":null}