{"id":"gen8randombattle-1706956862","p1":"AJ 190","p2":"Battaph","format":"gen8randombattle","log":"|j|\u2606AJ 190\n|j|\u2606Battaph\n|t:|1668036191\n|gametype|singles\n|player|p1|AJ 190|lucas|1128\n|player|p2|Battaph|gambler|1096\n|teamsize|p1|6\n|teamsize|p2|6\n|gen|8\n|tier|[Gen 8] Random Battle\n|rated|\n|rule|Species Clause: Limit one of each Pok\u00e9mon\n|rule|HP Percentage Mod: HP is shown in percentages\n|rule|Sleep Clause Mod: Limit one foe put to sleep\n|\n|t:|1668036191\n|start\n|switch|p1a: Sceptile|Sceptile, L86, M|261\/261\n|switch|p2a: Marowak|Marowak-Alola, L84, F|238\/238\n|turn|1\n|\n|t:|1668036218\n|switch|p1a: Blastoise|Blastoise, L82, M|264\/264\n|move|p2a: Marowak|Stealth Rock|p1a: Blastoise\n|-sidestart|p1: AJ 190|move: Stealth Rock\n|\n|upkeep\n|turn|2\n|\n|t:|1668036240\n|move|p1a: Blastoise|Shell Smash|p1a: Blastoise\n|-unboost|p1a: Blastoise|def|1\n|-unboost|p1a: Blastoise|spd|1\n|-boost|p1a: Blastoise|atk|2\n|-boost|p1a: Blastoise|spa|2\n|-boost|p1a: Blastoise|spe|2\n|-enditem|p1a: Blastoise|White Herb\n|-clearnegativeboost|p1a: Blastoise|[silent]\n|move|p2a: Marowak|Poltergeist||[still]\n|-fail|p2a: Marowak\n|\n|upkeep\n|turn|3\n|\n|t:|1668036257\n|switch|p2a: Lapras|Lapras, L86, M|363\/363\n|move|p1a: Blastoise|Hydro Pump|p2a: Lapras\n|-immune|p2a: Lapras|[from] ability: Water Absorb\n|\n|upkeep\n|turn|4\n|\n|t:|1668036265\n|move|p1a: Blastoise|Earthquake|p2a: Lapras\n|-damage|p2a: Lapras|235\/363\n|move|p2a: Lapras|Toxic|p1a: Blastoise|[miss]\n|-miss|p2a: Lapras|p1a: Blastoise\n|\n|-heal|p2a: Lapras|257\/363|[from] item: Leftovers\n|upkeep\n|turn|5\n|\n|t:|1668036273\n|move|p1a: Blastoise|Earthquake|p2a: Lapras\n|-damage|p2a: Lapras|131\/363\n|move|p2a: Lapras|Toxic|p1a: Blastoise\n|-status|p1a: Blastoise|tox\n|\n|-heal|p2a: Lapras|153\/363|[from] item: Leftovers\n|-damage|p1a: Blastoise|248\/264 tox|[from] psn\n|upkeep\n|turn|6\n|inactive|Battle timer is ON: inactive players will automatically lose when time's up. (requested by AJ 190)\n|\n|t:|1668036297\n|move|p1a: Blastoise|Earthquake|p2a: Lapras\n|-damage|p2a: Lapras|39\/363\n|move|p2a: Lapras|Ice Beam|p1a: Blastoise\n|-resisted|p1a: Blastoise\n|-damage|p1a: Blastoise|206\/264 tox\n|\n|-heal|p2a: Lapras|61\/363|[from] item: Leftovers\n|-damage|p1a: Blastoise|174\/264 tox|[from] psn\n|upkeep\n|turn|7\n|\n|t:|1668036311\n|move|p2a: Lapras|Protect|p2a: Lapras\n|-singleturn|p2a: Lapras|Protect\n|move|p1a: Blastoise|Earthquake|p2a: Lapras\n|-activate|p2a: Lapras|move: Protect\n|\n|-heal|p2a: Lapras|83\/363|[from] item: Leftovers\n|-damage|p1a: Blastoise|126\/264 tox|[from] psn\n|upkeep\n|turn|8\n|\n|t:|1668036322\n|move|p1a: Blastoise|Earthquake|p2a: Lapras\n|-damage|p2a: Lapras|0 fnt\n|faint|p2a: Lapras\n|\n|-damage|p1a: Blastoise|62\/264 tox|[from] psn\n|upkeep\n|\n|t:|1668036329\n|switch|p2a: Landorus|Landorus-Therian, L72, M|247\/247\n|-ability|p2a: Landorus|Intimidate|boost\n|-unboost|p1a: Blastoise|atk|1\n|turn|9\n|\n|t:|1668036338\n|move|p1a: Blastoise|Ice Beam|p2a: Landorus\n|-supereffective|p2a: Landorus\n|-damage|p2a: Landorus|0 fnt\n|faint|p2a: Landorus\n|\n|-damage|p1a: Blastoise|0 fnt|[from] psn\n|faint|p1a: Blastoise\n|upkeep\n|\n|t:|1668036346\n|switch|p1a: Sceptile|Sceptile, L86, M|261\/261\n|switch|p2a: Magmortar|Magmortar, L86, F|269\/269\n|-damage|p1a: Sceptile|229\/261|[from] Stealth Rock\n|turn|10\n|\n|t:|1668036357\n|switch|p1a: Krookodile|Krookodile, L78, F|276\/276\n|-damage|p1a: Krookodile|259\/276|[from] Stealth Rock\n|-ability|p1a: Krookodile|Intimidate|boost\n|-unboost|p2a: Magmortar|atk|1\n|move|p2a: Magmortar|Fire Blast|p1a: Krookodile|[miss]\n|-miss|p2a: Magmortar|p1a: Krookodile\n|\n|upkeep\n|turn|11\n|inactiveoff|Battle timer is now OFF.\n|\n|t:|1668036385\n|move|p2a: Magmortar|Psychic|p1a: Krookodile\n|-immune|p1a: Krookodile\n|move|p1a: Krookodile|Stealth Rock|p2a: Magmortar\n|-sidestart|p2: Battaph|move: Stealth Rock\n|\n|upkeep\n|turn|12\n|\n|t:|1668036400\n|switch|p2a: Gurdurr|Gurdurr, L83, F|277\/277\n|-damage|p2a: Gurdurr|260\/277|[from] Stealth Rock\n|move|p1a: Krookodile|Earthquake|p2a: Gurdurr\n|-crit|p2a: Gurdurr\n|-damage|p2a: Gurdurr|122\/277\n|-damage|p1a: Krookodile|232\/276|[from] item: Life Orb\n|\n|upkeep\n|turn|13\n|inactive|Battle timer is ON: inactive players will automatically lose when time's up. (requested by AJ 190)\n|\n|t:|1668036419\n|switch|p1a: Polteageist|Polteageist, L78|222\/222\n|-damage|p1a: Polteageist|195\/222|[from] Stealth Rock\n|move|p2a: Gurdurr|Drain Punch|p1a: Polteageist\n|-immune|p1a: Polteageist\n|\n|upkeep\n|turn|14\n|\n|t:|1668036430\n|move|p1a: Polteageist|Shell Smash|p1a: Polteageist\n|-unboost|p1a: Polteageist|def|1\n|-unboost|p1a: Polteageist|spd|1\n|-boost|p1a: Polteageist|atk|2\n|-boost|p1a: Polteageist|spa|2\n|-boost|p1a: Polteageist|spe|2\n|-enditem|p1a: Polteageist|White Herb\n|-clearnegativeboost|p1a: Polteageist|[silent]\n|move|p2a: Gurdurr|Knock Off|p1a: Polteageist\n|-supereffective|p1a: Polteageist\n|-damage|p1a: Polteageist|59\/222\n|-start|p2a: Gurdurr|Disable|Knock Off|[from] ability: Cursed Body|[of] p1a: Polteageist\n|\n|upkeep\n|turn|15\n|\n|t:|1668036443\n|switch|p2a: Marowak|Marowak-Alola, L84, F|238\/238\n|-damage|p2a: Marowak|179\/238|[from] Stealth Rock\n|move|p1a: Polteageist|Giga Drain|p2a: Marowak\n|-resisted|p2a: Marowak\n|-damage|p2a: Marowak|113\/238\n|-heal|p1a: Polteageist|92\/222|[from] drain|[of] p2a: Marowak\n|\n|upkeep\n|turn|16\n|\n|t:|1668036464\n|move|p1a: Polteageist|Shadow Ball|p2a: Marowak\n|-supereffective|p2a: Marowak\n|-damage|p2a: Marowak|0 fnt\n|faint|p2a: Marowak\n|\n|upkeep\n|\n|t:|1668036470\n|switch|p2a: Marshadow|Marshadow, L70|242\/242\n|-damage|p2a: Marshadow|227\/242|[from] Stealth Rock\n|turn|17\n|\n|t:|1668036479\n|move|p2a: Marshadow|Shadow Sneak|p1a: Polteageist\n|-supereffective|p1a: Polteageist\n|-damage|p1a: Polteageist|0 fnt\n|faint|p1a: Polteageist\n|\n|upkeep\n|\n|t:|1668036490\n|switch|p1a: Sceptile|Sceptile, L86, M|229\/261\n|-damage|p1a: Sceptile|197\/261|[from] Stealth Rock\n|turn|18\n|\n|t:|1668036505\n|switch|p2a: Magmortar|Magmortar, L86, F|269\/269\n|-start|p1a: Sceptile|Dynamax|\n|-heal|p1a: Sceptile|394\/522|[silent]\n|move|p1a: Sceptile|Max Overgrowth|p2a: Magmortar\n|-resisted|p2a: Magmortar\n|-damage|p2a: Magmortar|197\/269\n|-fieldstart|move: Grassy Terrain\n|\n|-heal|p1a: Sceptile|410\/522|[from] Grassy Terrain\n|-heal|p1a: Sceptile|426\/522|[from] item: Leftovers\n|-heal|p2a: Magmortar|213\/269|[from] Grassy Terrain\n|upkeep\n|turn|19\n|\n|t:|1668036518\n|move|p1a: Sceptile|Max Rockfall|p2a: Magmortar\n|-supereffective|p2a: Magmortar\n|-damage|p2a: Magmortar|0 fnt\n|-weather|Sandstorm\n|faint|p2a: Magmortar\n|\n|-weather|Sandstorm|[upkeep]\n|-damage|p1a: Sceptile|410\/522|[from] Sandstorm\n|-heal|p1a: Sceptile|426\/522|[from] Grassy Terrain\n|-heal|p1a: Sceptile|442\/522|[from] item: Leftovers\n|upkeep\n|\n|t:|1668036529\n|switch|p2a: Gurdurr|Gurdurr, L83, F|122\/277\n|-damage|p2a: Gurdurr|105\/277|[from] Stealth Rock\n|turn|20\n|\n|t:|1668036536\n|move|p1a: Sceptile|Max Overgrowth|p2a: Gurdurr\n|-damage|p2a: Gurdurr|0 fnt\n|faint|p2a: Gurdurr\n|\n|-weather|Sandstorm|[upkeep]\n|-damage|p1a: Sceptile|426\/522|[from] Sandstorm\n|-heal|p1a: Sceptile|442\/522|[from] Grassy Terrain\n|-heal|p1a: Sceptile|458\/522|[from] item: Leftovers\n|upkeep\n|\n|t:|1668036545\n|switch|p2a: Marshadow|Marshadow, L70|227\/242\n|-damage|p2a: Marshadow|212\/242|[from] Stealth Rock\n|-end|p1a: Sceptile|Dynamax\n|-heal|p1a: Sceptile|229\/261|[silent]\n|turn|21\n|\n|t:|1668036561\n|move|p1a: Sceptile|Substitute|p1a: Sceptile\n|-start|p1a: Sceptile|Substitute\n|-damage|p1a: Sceptile|164\/261\n|move|p2a: Marshadow|Spectral Thief|p1a: Sceptile\n|-damage|p1a: Sceptile|10\/261\n|\n|-weather|Sandstorm|[upkeep]\n|-damage|p1a: Sceptile|0 fnt|[from] Sandstorm\n|-damage|p2a: Marshadow|197\/242|[from] Sandstorm\n|faint|p1a: Sceptile\n|-heal|p2a: Marshadow|212\/242|[from] Grassy Terrain\n|upkeep\n|\n|t:|1668036574\n|switch|p1a: Bouffalant|Bouffalant, L84, F|297\/297\n|-damage|p1a: Bouffalant|260\/297|[from] Stealth Rock\n|turn|22\n|\n|t:|1668036584\n|-start|p2a: Marshadow|Dynamax|\n|-heal|p2a: Marshadow|424\/484|[silent]\n|move|p2a: Marshadow|Max Knuckle|p1a: Bouffalant\n|-supereffective|p1a: Bouffalant\n|-damage|p1a: Bouffalant|84\/297\n|-boost|p2a: Marshadow|atk|1\n|move|p1a: Bouffalant|Megahorn|p2a: Marshadow\n|-resisted|p2a: Marshadow\n|-damage|p2a: Marshadow|395\/484\n|\n|-weather|Sandstorm|[upkeep]\n|-damage|p2a: Marshadow|380\/484|[from] Sandstorm\n|-damage|p1a: Bouffalant|66\/297|[from] Sandstorm\n|-heal|p2a: Marshadow|395\/484|[from] Grassy Terrain\n|-heal|p1a: Bouffalant|84\/297|[from] Grassy Terrain\n|-heal|p1a: Bouffalant|102\/297|[from] item: Leftovers\n|-fieldend|move: Grassy Terrain\n|upkeep\n|turn|23\n|\n|t:|1668036609\n|move|p2a: Marshadow|Max Knuckle|p1a: Bouffalant\n|-supereffective|p1a: Bouffalant\n|-damage|p1a: Bouffalant|0 fnt\n|-boost|p2a: Marshadow|atk|1\n|faint|p1a: Bouffalant\n|\n|-weather|none\n|upkeep\n|\n|t:|1668036621\n|switch|p1a: Krookodile|Krookodile, L78, F|232\/276\n|-damage|p1a: Krookodile|215\/276|[from] Stealth Rock\n|-ability|p1a: Krookodile|Intimidate|boost\n|-unboost|p2a: Marshadow|atk|1\n|turn|24\n|\n|t:|1668036636\n|move|p2a: Marshadow|Max Knuckle|p1a: Krookodile\n|-supereffective|p1a: Krookodile\n|-damage|p1a: Krookodile|0 fnt\n|-boost|p2a: Marshadow|atk|1\n|faint|p1a: Krookodile\n|\n|upkeep\n|\n|t:|1668036645\n|switch|p1a: Mr. Rime|Mr. Rime, L86, M|278\/278\n|-end|p2a: Marshadow|Dynamax\n|-heal|p2a: Marshadow|198\/242|[silent]\n|turn|25\n|\n|t:|1668036653\n|move|p2a: Marshadow|Spectral Thief|p1a: Mr. Rime\n|-supereffective|p1a: Mr. Rime\n|-damage|p1a: Mr. Rime|0 fnt\n|faint|p1a: Mr. Rime\n|\n|win|Battaph\n|raw|AJ 190's rating: 1128 &rarr; <strong>1101<\/strong><br \/>(-27 for losing)\n|raw|Battaph's rating: 1096 &rarr; <strong>1124<\/strong><br \/>(+28 for winning)\n|l|\u2606AJ 190\n||Ladder isn't responding, score probably updated but might not have (Request timeout).\n","inputlog":">version 453a3ad56483cc6a5c08448f6577d394b68621b7\n>start {\"formatid\":\"gen8randombattle\",\"seed\":[28688,22707,51031,4474],\"rated\":\"Rated battle\"}\n>player p1 {\"name\":\"AJ 190\",\"avatar\":\"lucas\",\"rating\":1128,\"seed\":[31031,49514,16916,55426]}\n>player p2 {\"name\":\"Battaph\",\"avatar\":\"gambler\",\"rating\":1096,\"seed\":[18851,48079,447,19461]}\n>p1 switch 4\n>p2 move stealthrock\n>p1 move shellsmash\n>p2 move poltergeist\n>p1 move hydropump\n>p2 switch 3\n>p1 move earthquake\n>p2 move toxic\n>p1 move earthquake\n>p2 move toxic\n>p1 move earthquake\n>p2 move icebeam\n>p1 move earthquake\n>p2 move protect\n>p1 move earthquake\n>p2 move icebeam\n>p2 switch 5\n>p1 move icebeam\n>p2 move stoneedge\n>p1 switch 4\n>p2 switch 4\n>p1 switch 6\n>p2 move fireblast\n>p1 move stealthrock\n>p2 move psychic\n>p1 move earthquake\n>p2 switch 2\n>p1 switch 2\n>p2 move drainpunch\n>p1 move shellsmash\n>p2 move knockoff\n>p1 move gigadrain\n>p2 switch 3\n>p1 move shadowball\n>p2 move poltergeist\n>p2 switch 6\n>p1 move gigadrain\n>p2 move shadowsneak\n>p1 switch 6\n>p1 move gigadrain dynamax\n>p2 switch 2\n>p1 move rockslide dynamax\n>p2 move fireblast\n>p2 switch 3\n>p1 move gigadrain dynamax\n>p2 move knockoff\n>p2 switch 2\n>p1 move substitute\n>p2 move spectralthief\n>p1 switch 3\n>p1 move megahorn\n>p2 move closecombat dynamax\n>p1 move closecombat\n>p2 move closecombat dynamax\n>p1 switch 2\n>p1 move knockoff\n>p2 move closecombat dynamax\n>p1 switch 5\n>p1 move freezedry\n>p2 move spectralthief","uploadtime":1668036892,"views":7,"p1id":"aj190","p2id":"battaph","formatid":"gen8randombattle","rating":1101,"private":0,"password":null}