{"id":"gen8monotyperandombattle-1405366437","p1":"cows123p","p2":"Mad_skilz3","format":"gen8monotyperandombattle","log":"|j|\u2606cows123p\n|j|\u2606Mad_skilz3\n|t:|1630129771\n|gametype|singles\n|player|p1|cows123p|266|1553\n|player|p2|Mad_skilz3|266|1676\n|teamsize|p1|6\n|teamsize|p2|6\n|gen|8\n|tier|[Gen 8] Monotype Random Battle\n|rated|\n|rule|Same Type Clause: Pok\u00e9mon in a team must share a type\n|rule|HP Percentage Mod: HP is shown in percentages\n|rule|Sleep Clause Mod: Limit one foe put to sleep\n|\n|t:|1630129771\n|start\n|switch|p1a: Uxie|Uxie, L82|257\/257\n|switch|p2a: Walrein|Walrein, L86, F|329\/329\n|turn|1\n|inactive|Battle timer is ON: inactive players will automatically lose when time's up. (requested by Mad_skilz3)\n|\n|t:|1630129790\n|move|p1a: Uxie|Yawn|p2a: Walrein\n|-start|p2a: Walrein|move: Yawn|[of] p1a: Uxie\n|move|p2a: Walrein|Toxic|p1a: Uxie\n|-status|p1a: Uxie|tox\n|\n|-damage|p1a: Uxie|241\/257 tox|[from] psn\n|upkeep\n|turn|2\n|\n|t:|1630129797\n|switch|p2a: Corsola|Corsola, L92, M|269\/269\n|move|p1a: Uxie|U-turn|p2a: Corsola\n|-damage|p2a: Corsola|237\/269\n|-damage|p1a: Uxie|199\/257 tox|[from] item: Rocky Helmet|[of] p2a: Corsola\n|\n|t:|1630129810\n|switch|p1a: Victini|Victini, L78|283\/283\n|\n|upkeep\n|turn|3\n|\n|t:|1630129816\n|move|p1a: Victini|Energy Ball|p2a: Corsola\n|-supereffective|p2a: Corsola\n|-damage|p2a: Corsola|41\/269\n|move|p2a: Corsola|Power Gem|p1a: Victini\n|-supereffective|p1a: Victini\n|-damage|p1a: Victini|185\/283\n|\n|upkeep\n|turn|4\n|\n|t:|1630129826\n|move|p1a: Victini|Energy Ball|p2a: Corsola\n|-supereffective|p2a: Corsola\n|-damage|p2a: Corsola|0 fnt\n|faint|p2a: Corsola\n|\n|upkeep\n|\n|t:|1630129834\n|switch|p2a: Walrein|Walrein, L86, F|329\/329\n|turn|5\n|\n|t:|1630129841\n|switch|p1a: Slowbro|Slowbro-Galar, L86, M|304\/304\n|move|p2a: Walrein|Surf|p1a: Slowbro\n|-damage|p1a: Slowbro|193\/304\n|\n|upkeep\n|turn|6\n|\n|t:|1630129850\n|move|p2a: Walrein|Surf|p1a: Slowbro\n|-damage|p1a: Slowbro|78\/304\n|move|p1a: Slowbro|Shell Side Arm|p2a: Walrein|[anim] Shell Side Arm Physical\n|-damage|p2a: Walrein|195\/329\n|-hint|Physical Shell Side Arm\n|-damage|p1a: Slowbro|48\/304|[from] item: Life Orb\n|\n|-heal|p2a: Walrein|215\/329|[from] item: Leftovers\n|upkeep\n|turn|7\n|\n|t:|1630129860\n|switch|p1a: Mr. Mime|Mr. Mime-Galar, L86, F|226\/226\n|move|p2a: Walrein|Surf|p1a: Mr. Mime\n|-damage|p1a: Mr. Mime|166\/226\n|\n|-heal|p2a: Walrein|235\/329|[from] item: Leftovers\n|upkeep\n|turn|8\n|\n|t:|1630129867\n|move|p1a: Mr. Mime|Nasty Plot|p1a: Mr. Mime\n|-boost|p1a: Mr. Mime|spa|2\n|move|p2a: Walrein|Toxic|p1a: Mr. Mime\n|-status|p1a: Mr. Mime|tox\n|\n|-heal|p2a: Walrein|255\/329|[from] item: Leftovers\n|-damage|p1a: Mr. Mime|152\/226 tox|[from] psn\n|upkeep\n|turn|9\n|\n|t:|1630129890\n|move|p2a: Walrein|Protect|p2a: Walrein\n|-singleturn|p2a: Walrein|Protect\n|move|p1a: Mr. Mime|Focus Blast|p2a: Walrein\n|-activate|p2a: Walrein|move: Protect\n|\n|-heal|p2a: Walrein|275\/329|[from] item: Leftovers\n|-damage|p1a: Mr. Mime|124\/226 tox|[from] psn\n|upkeep\n|turn|10\n|\n|t:|1630129898\n|move|p1a: Mr. Mime|Focus Blast|p2a: Walrein|[miss]\n|-miss|p1a: Mr. Mime|p2a: Walrein\n|move|p2a: Walrein|Surf|p1a: Mr. Mime\n|-damage|p1a: Mr. Mime|57\/226 tox\n|\n|-heal|p2a: Walrein|295\/329|[from] item: Leftovers\n|-damage|p1a: Mr. Mime|15\/226 tox|[from] psn\n|upkeep\n|turn|11\n|\n|t:|1630129906\n|move|p2a: Walrein|Protect|p2a: Walrein\n|-singleturn|p2a: Walrein|Protect\n|move|p1a: Mr. Mime|Focus Blast|p2a: Walrein\n|-activate|p2a: Walrein|move: Protect\n|\n|-heal|p2a: Walrein|315\/329|[from] item: Leftovers\n|-damage|p1a: Mr. Mime|0 fnt|[from] psn\n|faint|p1a: Mr. Mime\n|upkeep\n|\n|t:|1630129915\n|switch|p1a: Beheeyem|Beheeyem, L86, M|269\/269\n|turn|12\n|\n|t:|1630129922\n|move|p2a: Walrein|Toxic|p1a: Beheeyem\n|-status|p1a: Beheeyem|tox\n|move|p1a: Beheeyem|Thunderbolt|p2a: Walrein\n|-supereffective|p2a: Walrein\n|-damage|p2a: Walrein|58\/329\n|-damage|p1a: Beheeyem|243\/269 tox|[from] item: Life Orb\n|\n|-heal|p2a: Walrein|78\/329|[from] item: Leftovers\n|-damage|p1a: Beheeyem|227\/269 tox|[from] psn\n|upkeep\n|turn|13\n|\n|t:|1630129931\n|move|p2a: Walrein|Protect|p2a: Walrein\n|-singleturn|p2a: Walrein|Protect\n|move|p1a: Beheeyem|Thunderbolt|p2a: Walrein\n|-activate|p2a: Walrein|move: Protect\n|\n|-heal|p2a: Walrein|98\/329|[from] item: Leftovers\n|-damage|p1a: Beheeyem|195\/269 tox|[from] psn\n|upkeep\n|turn|14\n|\n|t:|1630129945\n|switch|p2a: Seaking|Seaking, L88, M|284\/284\n|move|p1a: Beheeyem|Thunderbolt|p2a: Seaking\n|-ability|p2a: Seaking|Lightning Rod|boost\n|-boost|p2a: Seaking|spa|1\n|\n|-damage|p1a: Beheeyem|147\/269 tox|[from] psn\n|upkeep\n|turn|15\n|\n|t:|1630129954\n|move|p2a: Seaking|Knock Off|p1a: Beheeyem\n|-supereffective|p1a: Beheeyem\n|-damage|p1a: Beheeyem|0 fnt\n|-enditem|p1a: Beheeyem|Life Orb|[from] move: Knock Off|[of] p2a: Seaking\n|faint|p1a: Beheeyem\n|\n|upkeep\n|\n|t:|1630129962\n|switch|p1a: Victini|Victini, L78|185\/283\n|turn|16\n|\n|t:|1630129966\n|move|p1a: Victini|Energy Ball|p2a: Seaking\n|-supereffective|p2a: Seaking\n|-damage|p2a: Seaking|170\/284\n|move|p2a: Seaking|Knock Off|p1a: Victini\n|-supereffective|p1a: Victini\n|-damage|p1a: Victini|0 fnt\n|-enditem|p1a: Victini|Assault Vest|[from] move: Knock Off|[of] p2a: Seaking\n|faint|p1a: Victini\n|\n|upkeep\n|\n|t:|1630129974\n|switch|p1a: Slowbro|Slowbro-Galar, L86, M|149\/304\n|turn|17\n|\n|t:|1630129980\n|move|p2a: Seaking|Knock Off|p1a: Slowbro\n|-supereffective|p1a: Slowbro\n|-damage|p1a: Slowbro|0 fnt\n|-enditem|p1a: Slowbro|Life Orb|[from] move: Knock Off|[of] p2a: Seaking\n|faint|p1a: Slowbro\n|\n|upkeep\n|\n|t:|1630129985\n|switch|p1a: Lunala|Lunala, L72|316\/316\n|turn|18\n|\n|t:|1630129990\n|move|p1a: Lunala|Moongeist Beam|p2a: Seaking\n|-damage|p2a: Seaking|61\/284\n|move|p2a: Seaking|Knock Off|p1a: Lunala\n|-supereffective|p1a: Lunala\n|-damage|p1a: Lunala|64\/316\n|-enditem|p1a: Lunala|Leftovers|[from] move: Knock Off|[of] p2a: Seaking\n|\n|upkeep\n|turn|19\n|c|\u2606Mad_skilz3|Gg\n|\n|t:|1630129999\n|move|p1a: Lunala|Moongeist Beam|p2a: Seaking\n|-damage|p2a: Seaking|0 fnt\n|faint|p2a: Seaking\n|\n|upkeep\n|\n|t:|1630130003\n|switch|p2a: Inteleon|Inteleon, L80, F|243\/243\n|turn|20\n|\n|t:|1630130006\n|move|p2a: Inteleon|Dark Pulse|p1a: Lunala\n|-supereffective|p1a: Lunala\n|-damage|p1a: Lunala|0 fnt\n|faint|p1a: Lunala\n|\n|upkeep\n|-message|cows123p forfeited.\n|\n|win|Mad_skilz3\n|raw|cows123p's rating: 1553 &rarr; <strong>1540<\/strong><br \/>(-13 for losing)\n|raw|Mad_skilz3's rating: 1676 &rarr; <strong>1689<\/strong><br \/>(+13 for winning)\n|l|\u2606cows123p\n","inputlog":">version acfc25c62ef973a87b322a21832418077e000b62\n>start {\"formatid\":\"gen8monotyperandombattle\",\"seed\":[44515,27295,15790,54930],\"rated\":\"Rated battle\"}\n>player p1 {\"name\":\"cows123p\",\"avatar\":\"266\",\"rating\":1553,\"seed\":[33305,44357,30793,59818]}\n>player p2 {\"name\":\"Mad_skilz3\",\"avatar\":\"266\",\"rating\":1676,\"seed\":[48432,24382,35252,53071]}\n>p1 move yawn\n>p2 move toxic\n>p1 move uturn\n>p2 switch 5\n>p1 switch 5\n>p1 move energyball\n>p2 move powergem\n>p1 move energyball\n>p2 move toxic\n>p2 switch 5\n>p1 switch 2\n>p2 move surf\n>p1 move shellsidearm\n>p2 move surf\n>p1 switch 6\n>p2 move surf\n>p1 move nastyplot\n>p2 move toxic\n>p1 move focusblast\n>p2 move protect\n>p1 move focusblast\n>p2 move surf\n>p1 move focusblast\n>p2 move protect\n>p1 switch 3\n>p1 move thunderbolt\n>p2 move toxic\n>p1 move thunderbolt\n>p2 move protect\n>p1 move thunderbolt\n>p2 switch 3\n>p1 move psychic\n>p2 move knockoff\n>p1 switch 2\n>p1 move energyball\n>p2 move knockoff\n>p1 switch 6\n>p1 move shellsidearm\n>p2 move knockoff\n>p1 switch 4\n>p1 move moongeistbeam\n>p2 move knockoff\n>chat \u2606Mad_skilz3|Gg\n>p1 move moongeistbeam\n>p2 move knockoff\n>p2 switch 4\n>p1 move roost\n>p2 move darkpulse\n>forcelose p1","uploadtime":1630130016,"views":10,"p1id":"cows123p","p2id":"madskilz3","formatid":"gen8monotyperandombattle","rating":1540,"private":0,"password":null}