{"id":"gen8randombattle-1512112003","p1":"Chaud74","p2":"Qiuescent","format":"gen8randombattle","log":"|j|\u2606Chaud74\n|j|\u203dQiuescent\n|t:|1645007297\n|gametype|singles\n|player|p1|Chaud74|102|2063\n|player|p2|Qiuescent|1|1961\n|teamsize|p1|6\n|teamsize|p2|6\n|gen|8\n|tier|[Gen 8] Random Battle\n|rated|\n|rule|Species Clause: Limit one of each Pok\u00e9mon\n|rule|HP Percentage Mod: HP is shown in percentages\n|rule|Sleep Clause Mod: Limit one foe put to sleep\n|\n|t:|1645007297\n|start\n|switch|p1a: Delibird|Delibird, M|252\/252\n|switch|p2a: Altaria|Altaria, L90, M|281\/281\n|turn|1\n|inactive|Battle timer is ON: inactive players will automatically lose when time's up. (requested by Qiuescent)\n|j| Jelly cookie\n|l| Jelly cookie\n|inactive|Qiuescent has 120 seconds left.\n|\n|t:|1645007336\n|switch|p2a: Persian|Persian, L88, M|258\/258\n|move|p1a: Delibird|Freeze-Dry|p2a: Persian\n|-damage|p2a: Persian|168\/258\n|\n|upkeep\n|turn|2\n|\n|t:|1645007345\n|switch|p1a: Hippowdon|Hippowdon, L80, M|304\/304\n|-weather|Sandstorm|[from] ability: Sand Stream|[of] p1a: Hippowdon\n|move|p2a: Persian|Double-Edge|p1a: Hippowdon\n|-damage|p1a: Hippowdon|191\/304\n|-damage|p2a: Persian|131\/258|[from] Recoil\n|-damage|p2a: Persian|106\/258|[from] item: Life Orb\n|\n|-weather|Sandstorm|[upkeep]\n|-damage|p2a: Persian|90\/258|[from] Sandstorm\n|-heal|p1a: Hippowdon|210\/304|[from] item: Leftovers\n|upkeep\n|turn|3\n|\n|t:|1645007359\n|switch|p2a: Araquanid|Araquanid, L80, F|239\/239\n|move|p1a: Hippowdon|Slack Off|p1a: Hippowdon\n|-heal|p1a: Hippowdon|304\/304\n|\n|-weather|Sandstorm|[upkeep]\n|-damage|p2a: Araquanid|225\/239|[from] Sandstorm\n|-heal|p2a: Araquanid|239\/239|[from] item: Leftovers\n|upkeep\n|turn|4\n|\n|t:|1645007370\n|switch|p1a: Delibird|Delibird, M|252\/252\n|move|p2a: Araquanid|Sticky Web|p1a: Delibird\n|-sidestart|p1: Chaud74|move: Sticky Web\n|\n|-weather|Sandstorm|[upkeep]\n|-damage|p1a: Delibird|237\/252|[from] Sandstorm\n|-damage|p2a: Araquanid|225\/239|[from] Sandstorm\n|-heal|p2a: Araquanid|239\/239|[from] item: Leftovers\n|upkeep\n|turn|5\n|\n|t:|1645007380\n|move|p1a: Delibird|Rapid Spin|p2a: Araquanid\n|-damage|p2a: Araquanid|205\/239\n|-boost|p1a: Delibird|spe|1\n|-sideend|p1: Chaud74|Sticky Web|[from] move: Rapid Spin|[of] p1a: Delibird\n|move|p2a: Araquanid|Liquidation|p1a: Delibird\n|-crit|p1a: Delibird\n|-damage|p1a: Delibird|0 fnt\n|faint|p1a: Delibird\n|\n|-weather|Sandstorm|[upkeep]\n|-damage|p2a: Araquanid|191\/239|[from] Sandstorm\n|-heal|p2a: Araquanid|205\/239|[from] item: Leftovers\n|upkeep\n|\n|t:|1645007400\n|switch|p1a: Braviary|Braviary, L82, M|298\/298\n|turn|6\n|\n|t:|1645007404\n|switch|p2a: Pelipper|Pelipper, L86, M|243\/243\n|-weather|RainDance|[from] ability: Drizzle|[of] p2a: Pelipper\n|move|p1a: Braviary|Brave Bird|p2a: Pelipper\n|-damage|p2a: Pelipper|113\/243\n|-damage|p1a: Braviary|255\/298|[from] Recoil\n|\n|-weather|RainDance|[upkeep]\n|upkeep\n|turn|7\n|\n|t:|1645007415\n|switch|p2a: Altaria|Altaria, L90, M|281\/281\n|move|p1a: Braviary|Brave Bird|p2a: Altaria\n|-damage|p2a: Altaria|154\/281\n|-damage|p1a: Braviary|213\/298|[from] Recoil\n|\n|-weather|RainDance|[upkeep]\n|upkeep\n|turn|8\n|\n|t:|1645007441\n|switch|p1a: Hippowdon|Hippowdon, L80, M|304\/304\n|-weather|Sandstorm|[from] ability: Sand Stream|[of] p1a: Hippowdon\n|move|p2a: Altaria|Toxic|p1a: Hippowdon\n|-status|p1a: Hippowdon|tox\n|\n|-weather|Sandstorm|[upkeep]\n|-damage|p2a: Altaria|137\/281|[from] Sandstorm\n|-damage|p1a: Hippowdon|285\/304 tox|[from] psn\n|upkeep\n|turn|9\n|\n|t:|1645007453\n|move|p2a: Altaria|Roost|p2a: Altaria\n|-heal|p2a: Altaria|278\/281\n|-singleturn|p2a: Altaria|move: Roost\n|move|p1a: Hippowdon|Toxic|p2a: Altaria\n|-status|p2a: Altaria|tox\n|\n|-weather|Sandstorm|[upkeep]\n|-damage|p2a: Altaria|261\/281 tox|[from] Sandstorm\n|-heal|p1a: Hippowdon|304\/304 tox|[from] item: Leftovers\n|-damage|p2a: Altaria|244\/281 tox|[from] psn\n|-damage|p1a: Hippowdon|266\/304 tox|[from] psn\n|upkeep\n|turn|10\n|\n|t:|1645007465\n|-curestatus|p2a: Altaria|tox|[from] ability: Natural Cure\n|switch|p2a: Araquanid|Araquanid, L80, F|205\/239\n|move|p1a: Hippowdon|Stone Edge|p2a: Araquanid\n|-supereffective|p2a: Araquanid\n|-damage|p2a: Araquanid|51\/239\n|\n|-weather|Sandstorm|[upkeep]\n|-damage|p2a: Araquanid|37\/239|[from] Sandstorm\n|-heal|p1a: Hippowdon|285\/304 tox|[from] item: Leftovers\n|-heal|p2a: Araquanid|51\/239|[from] item: Leftovers\n|-damage|p1a: Hippowdon|228\/304 tox|[from] psn\n|upkeep\n|turn|11\n|\n|t:|1645007480\n|move|p1a: Hippowdon|Stone Edge|p2a: Araquanid\n|-supereffective|p2a: Araquanid\n|-damage|p2a: Araquanid|0 fnt\n|faint|p2a: Araquanid\n|\n|-weather|Sandstorm|[upkeep]\n|-heal|p1a: Hippowdon|247\/304 tox|[from] item: Leftovers\n|-damage|p1a: Hippowdon|171\/304 tox|[from] psn\n|upkeep\n|\n|t:|1645007483\n|switch|p2a: Mew|Mew, L80|291\/291\n|turn|12\n|\n|t:|1645007493\n|switch|p1a: Absol|Absol, L84, F|246\/246\n|move|p2a: Mew|Dragon Dance|p2a: Mew\n|-boost|p2a: Mew|atk|1\n|-boost|p2a: Mew|spe|1\n|\n|-weather|none\n|upkeep\n|turn|13\n|\n|t:|1645007501\n|move|p2a: Mew|Close Combat|p1a: Absol\n|-supereffective|p1a: Absol\n|-damage|p1a: Absol|0 fnt\n|-unboost|p2a: Mew|def|1\n|-unboost|p2a: Mew|spd|1\n|faint|p1a: Absol\n|\n|upkeep\n|\n|t:|1645007517\n|switch|p1a: Hippowdon|Hippowdon, L80, M|171\/304 tox\n|-weather|Sandstorm|[from] ability: Sand Stream|[of] p1a: Hippowdon\n|turn|14\n|\n|t:|1645007523\n|switch|p2a: Pelipper|Pelipper, L86, M|113\/243\n|-weather|RainDance|[from] ability: Drizzle|[of] p2a: Pelipper\n|move|p1a: Hippowdon|Earthquake|p2a: Pelipper\n|-immune|p2a: Pelipper\n|\n|-weather|RainDance|[upkeep]\n|-heal|p1a: Hippowdon|190\/304 tox|[from] item: Leftovers\n|-damage|p1a: Hippowdon|171\/304 tox|[from] psn\n|upkeep\n|turn|15\n|\n|t:|1645007535\n|switch|p1a: Chansey|Chansey, L84, F|557\/557\n|move|p2a: Pelipper|Roost|p2a: Pelipper\n|-heal|p2a: Pelipper|235\/243\n|-singleturn|p2a: Pelipper|move: Roost\n|\n|-weather|RainDance|[upkeep]\n|upkeep\n|turn|16\n|\n|t:|1645007544\n|move|p2a: Pelipper|U-turn|p1a: Chansey\n|-damage|p1a: Chansey|480\/557\n|\n|t:|1645007548\n|switch|p2a: Scolipede|Scolipede, L80, F|227\/227\n|move|p1a: Chansey|Stealth Rock|p2a: Scolipede\n|-sidestart|p2: Qiuescent|move: Stealth Rock\n|\n|-weather|RainDance|[upkeep]\n|upkeep\n|turn|17\n|\n|t:|1645007557\n|switch|p1a: Hippowdon|Hippowdon, L80, M|171\/304 tox\n|-weather|Sandstorm|[from] ability: Sand Stream|[of] p1a: Hippowdon\n|move|p2a: Scolipede|Swords Dance|p2a: Scolipede\n|-boost|p2a: Scolipede|atk|2\n|\n|-weather|Sandstorm|[upkeep]\n|-damage|p2a: Scolipede|213\/227|[from] Sandstorm\n|-heal|p1a: Hippowdon|190\/304 tox|[from] item: Leftovers\n|-damage|p1a: Hippowdon|171\/304 tox|[from] psn\n|-ability|p2a: Scolipede|Speed Boost|boost\n|-boost|p2a: Scolipede|spe|1\n|upkeep\n|turn|18\n|\n|t:|1645007570\n|move|p2a: Scolipede|Earthquake|p1a: Hippowdon\n|-damage|p1a: Hippowdon|23\/304 tox\n|-damage|p2a: Scolipede|191\/227|[from] item: Life Orb\n|move|p1a: Hippowdon|Stone Edge|p2a: Scolipede\n|-supereffective|p2a: Scolipede\n|-damage|p2a: Scolipede|27\/227\n|\n|-weather|Sandstorm|[upkeep]\n|-damage|p2a: Scolipede|13\/227|[from] Sandstorm\n|-heal|p1a: Hippowdon|42\/304 tox|[from] item: Leftovers\n|-damage|p1a: Hippowdon|4\/304 tox|[from] psn\n|-ability|p2a: Scolipede|Speed Boost|boost\n|-boost|p2a: Scolipede|spe|1\n|upkeep\n|turn|19\n|\n|t:|1645007583\n|move|p2a: Scolipede|Poison Jab|p1a: Hippowdon\n|-resisted|p1a: Hippowdon\n|-damage|p1a: Hippowdon|0 fnt\n|faint|p1a: Hippowdon\n|-damage|p2a: Scolipede|0 fnt|[from] item: Life Orb\n|faint|p2a: Scolipede\n|\n|-weather|Sandstorm|[upkeep]\n|upkeep\n|\n|t:|1645007596\n|switch|p2a: Pelipper|Pelipper, L86, M|235\/243\n|switch|p1a: Braviary|Braviary, L82, M|213\/298\n|-weather|RainDance|[from] ability: Drizzle|[of] p2a: Pelipper\n|turn|20\n|\n|t:|1645007603\n|switch|p1a: Chansey|Chansey, L84, F|480\/557\n|move|p2a: Pelipper|Scald|p1a: Chansey\n|-damage|p1a: Chansey|404\/557\n|\n|-weather|RainDance|[upkeep]\n|upkeep\n|turn|21\n|\n|t:|1645007613\n|move|p2a: Pelipper|U-turn|p1a: Chansey\n|-damage|p1a: Chansey|328\/557\n|\n|t:|1645007615\n|switch|p2a: Persian|Persian, L88, M|90\/258\n|-damage|p2a: Persian|58\/258|[from] Stealth Rock\n|move|p1a: Chansey|Seismic Toss|p2a: Persian\n|-damage|p2a: Persian|0 fnt\n|faint|p2a: Persian\n|\n|-weather|RainDance|[upkeep]\n|upkeep\n|\n|t:|1645007616\n|switch|p2a: Mew|Mew, L80|291\/291\n|-damage|p2a: Mew|255\/291|[from] Stealth Rock\n|turn|22\n|\n|t:|1645007633\n|move|p2a: Mew|Dragon Dance|p2a: Mew\n|-boost|p2a: Mew|atk|1\n|-boost|p2a: Mew|spe|1\n|move|p1a: Chansey|Seismic Toss|p2a: Mew\n|-damage|p2a: Mew|171\/291\n|\n|-weather|RainDance|[upkeep]\n|upkeep\n|turn|23\n|\n|t:|1645007641\n|-start|p2a: Mew|Dynamax\n|-heal|p2a: Mew|342\/582|[silent]\n|move|p2a: Mew|Max Knuckle|p1a: Chansey\n|-supereffective|p1a: Chansey\n|-damage|p1a: Chansey|0 fnt\n|-boost|p2a: Mew|atk|1\n|faint|p1a: Chansey\n|\n|-weather|RainDance|[upkeep]\n|upkeep\n|inactive|Chaud74 has 120 seconds left.\n|\n|t:|1645007671\n|switch|p1a: Haxorus|Haxorus, L77, M|244\/244\n|-ability|p1a: Haxorus|Mold Breaker\n|turn|24\n|\n|t:|1645007678\n|move|p2a: Mew|Max Mindstorm|p1a: Haxorus\n|-damage|p1a: Haxorus|0 fnt\n|-fieldstart|move: Psychic Terrain\n|faint|p1a: Haxorus\n|\n|-weather|none\n|upkeep\n|\n|t:|1645007685\n|switch|p1a: Braviary|Braviary, L82, M|213\/298\n|turn|25\n|\n|t:|1645007689\n|-start|p1a: Braviary|Dynamax\n|-heal|p1a: Braviary|426\/596|[silent]\n|move|p1a: Braviary|Max Guard|p1a: Braviary\n|-singleturn|p1a: Braviary|Max Guard\n|move|p2a: Mew|Max Mindstorm|p1a: Braviary\n|-activate|p1a: Braviary|move: Max Guard\n|\n|-end|p2a: Mew|Dynamax\n|-heal|p2a: Mew|171\/291|[silent]\n|upkeep\n|turn|26\n|\n|t:|1645007699\n|move|p2a: Mew|Psychic Fangs|p1a: Braviary\n|-damage|p1a: Braviary|182\/596\n|move|p1a: Braviary|Max Airstream|p2a: Mew\n|-damage|p2a: Mew|18\/291\n|-boost|p1a: Braviary|spe|1\n|\n|upkeep\n|turn|27\n|\n|t:|1645007707\n|move|p2a: Mew|Psychic Fangs|p1a: Braviary\n|-damage|p1a: Braviary|0 fnt\n|faint|p1a: Braviary\n|\n|win|Qiuescent\n|raw|Chaud74's rating: 2063 &rarr; <strong>2037<\/strong><br \/>(-26 for losing)\n|raw|Qiuescent's rating: 1961 &rarr; <strong>1987<\/strong><br \/>(+26 for winning)\n|l|\u2606Chaud74\n","inputlog":">version 530548b76a05c1c57248a451730f0dce37811127\n>start {\"formatid\":\"gen8randombattle\",\"seed\":[62422,10040,15461,13271],\"rated\":\"Rated battle\"}\n>player p1 {\"name\":\"Chaud74\",\"avatar\":\"102\",\"rating\":2063,\"seed\":[11353,25300,18778,30584]}\n>player p2 {\"name\":\"Qiuescent\",\"avatar\":\"1\",\"rating\":1961,\"seed\":[33921,16865,53420,49416]}\n>p1 move freezedry\n>p2 switch 4\n>p1 switch 6\n>p2 move doubleedge\n>p1 move slackoff\n>p2 switch 2\n>p1 switch 6\n>p2 move stickyweb\n>p1 move rapidspin\n>p2 move liquidation\n>p1 switch 5\n>p1 move bravebird\n>p2 switch 3\n>p1 move bravebird\n>p2 switch 4\n>p1 switch 6\n>p2 move toxic\n>p1 move toxic\n>p2 move roost\n>p1 move stoneedge\n>p2 switch 3\n>p1 move stoneedge\n>p2 move stickyweb\n>p2 switch 6\n>p1 switch 2\n>p2 move dragondance\n>p1 move knockoff\n>p2 move closecombat\n>p1 switch 2\n>p1 move earthquake\n>p2 switch 4\n>p1 switch 4\n>p2 move roost\n>p1 move stealthrock\n>p2 move uturn\n>p2 switch 5\n>p1 switch 4\n>p2 move swordsdance\n>p1 move stoneedge\n>p2 move earthquake\n>p1 move slackoff\n>p2 move poisonjab\n>p1 switch 6\n>p2 switch 5\n>p1 switch 4\n>p2 move scald\n>p1 move seismictoss\n>p2 move uturn\n>p2 switch 2\n>p2 switch 4\n>p1 move seismictoss\n>p2 move dragondance\n>p1 move seismictoss\n>p2 move closecombat dynamax\n>p1 switch 3\n>p1 move outrage\n>p2 move psychicfangs dynamax\n>p1 switch 4\n>p1 move roost dynamax\n>p2 move psychicfangs dynamax\n>p1 move bravebird dynamax\n>p2 move psychicfangs\n>p1 move bravebird dynamax\n>p2 move psychicfangs","uploadtime":1645007714,"views":8,"p1id":"chaud74","p2id":"qiuescent","formatid":"gen8randombattle","rating":1987,"private":0,"password":null}