{"id":"gen8randombattle-1684862094","p1":"FranziskaSkye","p2":"LoSconosciuto","format":"gen8randombattle","log":"|j|\u2606FranziskaSkye\n|j|\u2606LoSconosciuto\n|t:|1665678551\n|gametype|singles\n|player|p1|FranziskaSkye|karen|\n|player|p2|LoSconosciuto|#teamgapdos|\n|teamsize|p1|6\n|teamsize|p2|6\n|gen|8\n|tier|[Gen 8] Random Battle\n|rule|Species Clause: Limit one of each Pok\u00e9mon\n|rule|HP Percentage Mod: HP is shown in percentages\n|rule|Sleep Clause Mod: Limit one foe put to sleep\n|\n|t:|1665678551\n|start\n|switch|p1a: Runerigus|Runerigus, L84, F|235\/235\n|switch|p2a: Vespiquen|Vespiquen, L96, F|290\/290\n|-ability|p2a: Vespiquen|Pressure\n|turn|1\n|inactive|Battle timer is ON: inactive players will automatically lose when time's up. (requested by LoSconosciuto)\n|c|\u2606LoSconosciuto|hf\n|j| outd nord\n|c|\u2606FranziskaSkye|u2\n|inactive|LoSconosciuto has 270 seconds left.\n|inactive|LoSconosciuto has 240 seconds left.\n|\n|t:|1665678614\n|switch|p1a: Nihilego|Nihilego, L79|302\/302\n|move|p2a: Vespiquen|Air Slash|p1a: Nihilego\n|-resisted|p1a: Nihilego\n|-damage|p1a: Nihilego|265\/302\n|\n|-heal|p1a: Nihilego|283\/302|[from] item: Black Sludge\n|upkeep\n|turn|2\n|\n|t:|1665678624\n|switch|p2a: Metagross|Metagross, L79|256\/256\n|move|p1a: Nihilego|Toxic Spikes|p2a: Metagross\n|-sidestart|p2: LoSconosciuto|move: Toxic Spikes\n|\n|-heal|p1a: Nihilego|301\/302|[from] item: Black Sludge\n|upkeep\n|turn|3\n|\n|t:|1665678635\n|switch|p1a: Runerigus|Runerigus, L84, F|235\/235\n|move|p2a: Metagross|Meteor Mash|p1a: Runerigus\n|-crit|p1a: Runerigus\n|-damage|p1a: Runerigus|132\/235\n|-activate|p1a: Runerigus|ability: Wandering Spirit|Clear Body|Wandering Spirit|[of] p2a: Metagross\n|\n|-heal|p1a: Runerigus|146\/235|[from] item: Leftovers\n|upkeep\n|turn|4\n|\n|t:|1665678642\n|switch|p2a: Vespiquen|Vespiquen, L96, F|290\/290\n|-ability|p2a: Vespiquen|Pressure\n|move|p1a: Runerigus|Will-O-Wisp|p2a: Vespiquen\n|-status|p2a: Vespiquen|brn\n|\n|-heal|p1a: Runerigus|160\/235|[from] item: Leftovers\n|-damage|p2a: Vespiquen|272\/290 brn|[from] brn\n|upkeep\n|turn|5\n|\n|t:|1665678646\n|switch|p1a: Nihilego|Nihilego, L79|301\/302\n|move|p2a: Vespiquen|U-turn|p1a: Nihilego\n|-resisted|p1a: Nihilego\n|-damage|p1a: Nihilego|268\/302\n|\n|t:|1665678648\n|switch|p2a: Metagross|Metagross, L79|256\/256\n|\n|-heal|p1a: Nihilego|286\/302|[from] item: Black Sludge\n|upkeep\n|turn|6\n|\n|t:|1665678655\n|switch|p1a: Lanturn|Lanturn, L86, M|355\/355\n|move|p2a: Metagross|Meteor Mash|p1a: Lanturn\n|-resisted|p1a: Lanturn\n|-damage|p1a: Lanturn|317\/355\n|\n|-heal|p1a: Lanturn|339\/355|[from] item: Leftovers\n|upkeep\n|turn|7\n|\n|t:|1665678663\n|switch|p2a: Tapu Bulu|Tapu Bulu, L82|249\/249\n|-status|p2a: Tapu Bulu|psn\n|-fieldstart|move: Grassy Terrain|[from] ability: Grassy Surge|[of] p2a: Tapu Bulu\n|move|p1a: Lanturn|Volt Switch|p2a: Tapu Bulu\n|-resisted|p2a: Tapu Bulu\n|-damage|p2a: Tapu Bulu|219\/249 psn\n|\n|t:|1665678676\n|switch|p1a: Nihilego|Nihilego, L79|286\/302\n|\n|-heal|p2a: Tapu Bulu|234\/249 psn|[from] Grassy Terrain\n|-heal|p1a: Nihilego|302\/302|[from] Grassy Terrain\n|-damage|p2a: Tapu Bulu|203\/249 psn|[from] psn\n|upkeep\n|turn|8\n|\n|t:|1665678682\n|switch|p2a: Metagross|Metagross, L79|256\/256\n|switch|p1a: Dragapult|Dragapult, L78, F|265\/265\n|\n|upkeep\n|turn|9\n|c| outd nord|Ok\n|c| outd nord|Ci sta\n|\n|t:|1665678706\n|switch|p2a: Incineroar|Incineroar, L80, M|283\/283\n|-status|p2a: Incineroar|psn\n|-ability|p2a: Incineroar|Intimidate|boost\n|-unboost|p1a: Dragapult|atk|1\n|move|p1a: Dragapult|U-turn|p2a: Incineroar\n|-damage|p2a: Incineroar|250\/283 psn\n|inactive|FranziskaSkye has 270 seconds left.\n|\n|t:|1665678725\n|switch|p1a: Lanturn|Lanturn, L86, M|339\/355\n|\n|-heal|p2a: Incineroar|267\/283 psn|[from] Grassy Terrain\n|-heal|p1a: Lanturn|355\/355|[from] Grassy Terrain\n|-damage|p2a: Incineroar|232\/283 psn|[from] psn\n|upkeep\n|turn|10\n|\n|t:|1665678745\n|move|p2a: Incineroar|U-turn|p1a: Lanturn\n|-damage|p1a: Lanturn|292\/355\n|\n|t:|1665678748\n|switch|p2a: Tapu Bulu|Tapu Bulu, L82|203\/249 psn\n|move|p1a: Lanturn|Volt Switch|p2a: Tapu Bulu\n|-resisted|p2a: Tapu Bulu\n|-damage|p2a: Tapu Bulu|172\/249 psn\n|c|\u2606FranziskaSkye|lmao double scarf again\n|\n|t:|1665678760\n|switch|p1a: Dragapult|Dragapult, L78, F|265\/265\n|\n|-heal|p2a: Tapu Bulu|187\/249 psn|[from] Grassy Terrain\n|-damage|p2a: Tapu Bulu|156\/249 psn|[from] psn\n|upkeep\n|turn|11\n|c|\u2606LoSconosciuto|bulu can be band\n|c|\u2606FranziskaSkye|no\n|c|\u2606FranziskaSkye|your terrain healed before nihilego\n|c|\u2606LoSconosciuto|yes it can\n|inactive|FranziskaSkye has 270 seconds left.\n|c|\u2606LoSconosciuto|but it's scarf yes\n|c|\u2606LoSconosciuto|true\n|inactive|LoSconosciuto has 270 seconds left.\n|c|\u2606FranziskaSkye|why am I giving away my info kek\n|\n|t:|1665678805\n|move|p1a: Dragapult|Fire Blast|p2a: Tapu Bulu\n|-supereffective|p2a: Tapu Bulu\n|-damage|p2a: Tapu Bulu|0 fnt\n|faint|p2a: Tapu Bulu\n|\n|-fieldend|move: Grassy Terrain\n|upkeep\n|\n|t:|1665678809\n|switch|p2a: Incineroar|Incineroar, L80, M|232\/283 psn\n|-ability|p2a: Incineroar|Intimidate|boost\n|-unboost|p1a: Dragapult|atk|1\n|turn|12\n|inactive|LoSconosciuto has 270 seconds left.\n|\n|t:|1665678827\n|switch|p1a: Lanturn|Lanturn, L86, M|292\/355\n|move|p2a: Incineroar|U-turn|p1a: Lanturn\n|-damage|p1a: Lanturn|225\/355\n|\n|t:|1665678831\n|switch|p2a: Ninetales|Ninetales-Alola, L79, F|245\/245\n|-weather|Hail|[from] ability: Snow Warning|[of] p2a: Ninetales\n|\n|-weather|Hail|[upkeep]\n|-damage|p1a: Lanturn|203\/355|[from] Hail\n|-heal|p1a: Lanturn|225\/355|[from] item: Leftovers\n|upkeep\n|turn|13\n|inactive|LoSconosciuto has 270 seconds left.\n|\n|t:|1665678839\n|move|p2a: Ninetales|Freeze-Dry|p1a: Lanturn\n|-supereffective|p1a: Lanturn\n|-damage|p1a: Lanturn|99\/355\n|move|p1a: Lanturn|Volt Switch|p2a: Ninetales\n|-damage|p2a: Ninetales|187\/245\n|inactive|FranziskaSkye has 270 seconds left.\n|\n|t:|1665678850\n|switch|p1a: Nihilego|Nihilego, L79|302\/302\n|\n|-weather|Hail|[upkeep]\n|-damage|p1a: Nihilego|284\/302|[from] Hail\n|-heal|p1a: Nihilego|302\/302|[from] item: Black Sludge\n|upkeep\n|turn|14\n|inactive|FranziskaSkye has 270 seconds left.\n|\n|t:|1665678863\n|switch|p2a: Sandslash|Sandslash-Alola, L86, F|269\/269\n|switch|p1a: Dragapult|Dragapult, L78, F|265\/265\n|\n|-weather|Hail|[upkeep]\n|-damage|p1a: Dragapult|249\/265|[from] Hail\n|upkeep\n|turn|15\n|c|\u2606FranziskaSkye|hmmmmmmm\n|inactive|FranziskaSkye has 270 seconds left.\n|c| outd nord|Bella la combo\n|c|\u2606LoSconosciuto|that's a decent synergy\n|inactive|LoSconosciuto has 270 seconds left.\n|c|\u2606FranziskaSkye|showdown showing its bias against me lmao\n|\n|t:|1665678905\n|switch|p1a: Lanturn|Lanturn, L86, M|99\/355\n|move|p2a: Sandslash|Triple Axel|p1a: Lanturn\n|-resisted|p1a: Lanturn\n|-damage|p1a: Lanturn|78\/355\n|-hitcount|p1a: Lanturn|1\n|-damage|p2a: Sandslash|243\/269|[from] item: Life Orb\n|\n|-weather|Hail|[upkeep]\n|-damage|p1a: Lanturn|56\/355|[from] Hail\n|-heal|p1a: Lanturn|78\/355|[from] item: Leftovers\n|upkeep\n|turn|16\n|c| outd nord|Poi la hail \u00e8 pure forte\n|\n|t:|1665678913\n|move|p2a: Sandslash|Knock Off|p1a: Lanturn\n|-damage|p1a: Lanturn|0 fnt\n|-enditem|p1a: Lanturn|Leftovers|[from] move: Knock Off|[of] p2a: Sandslash\n|faint|p1a: Lanturn\n|-damage|p2a: Sandslash|217\/269|[from] item: Life Orb\n|\n|-weather|none\n|upkeep\n|inactive|FranziskaSkye has 240 seconds left.\n|inactive|FranziskaSkye has 210 seconds left.\n|\n|t:|1665678966\n|switch|p1a: Pikachu|Pikachu-Partner, L92, M|214\/214\n|turn|17\n|\n|t:|1665678987\n|switch|p2a: Ninetales|Ninetales-Alola, L79, F|187\/245\n|-weather|Hail|[from] ability: Snow Warning|[of] p2a: Ninetales\n|move|p1a: Pikachu|Volt Switch|p2a: Ninetales\n|-damage|p2a: Ninetales|88\/245\n|c| outd nord|Pika pika\n|\n|t:|1665679002\n|switch|p1a: Nihilego|Nihilego, L79|302\/302\n|\n|-weather|Hail|[upkeep]\n|-damage|p1a: Nihilego|284\/302|[from] Hail\n|-heal|p1a: Nihilego|302\/302|[from] item: Black Sludge\n|upkeep\n|turn|18\n|\n|t:|1665679010\n|switch|p2a: Metagross|Metagross, L79|256\/256\n|move|p1a: Nihilego|Power Gem|p2a: Metagross\n|-resisted|p2a: Metagross\n|-damage|p2a: Metagross|207\/256\n|\n|-weather|Hail|[upkeep]\n|-damage|p1a: Nihilego|284\/302|[from] Hail\n|-damage|p2a: Metagross|191\/256|[from] Hail\n|-heal|p1a: Nihilego|302\/302|[from] item: Black Sludge\n|upkeep\n|turn|19\n|\n|t:|1665679019\n|switch|p1a: Runerigus|Runerigus, L84, F|160\/235\n|move|p2a: Metagross|Earthquake|p1a: Runerigus\n|-damage|p1a: Runerigus|107\/235\n|\n|-weather|Hail|[upkeep]\n|-damage|p2a: Metagross|175\/256|[from] Hail\n|-damage|p1a: Runerigus|93\/235|[from] Hail\n|-heal|p1a: Runerigus|107\/235|[from] item: Leftovers\n|upkeep\n|turn|20\n|inactive|LoSconosciuto has 270 seconds left.\n|\n|t:|1665679045\n|switch|p2a: Vespiquen|Vespiquen, L96, F|272\/290 brn\n|-ability|p2a: Vespiquen|Pressure\n|move|p1a: Runerigus|Stealth Rock|p2a: Vespiquen\n|-sidestart|p2: LoSconosciuto|move: Stealth Rock\n|\n|-weather|Hail|[upkeep]\n|-damage|p2a: Vespiquen|254\/290 brn|[from] Hail\n|-damage|p1a: Runerigus|93\/235|[from] Hail\n|-heal|p1a: Runerigus|107\/235|[from] item: Leftovers\n|-damage|p2a: Vespiquen|236\/290 brn|[from] brn\n|upkeep\n|turn|21\n|\n|t:|1665679054\n|switch|p1a: Nihilego|Nihilego, L79|302\/302\n|move|p2a: Vespiquen|Air Slash|p1a: Nihilego\n|-resisted|p1a: Nihilego\n|-damage|p1a: Nihilego|269\/302\n|\n|-weather|none\n|-heal|p1a: Nihilego|287\/302|[from] item: Black Sludge\n|-damage|p2a: Vespiquen|218\/290 brn|[from] brn\n|upkeep\n|turn|22\n|\n|t:|1665679061\n|switch|p2a: Metagross|Metagross, L79|175\/256\n|-damage|p2a: Metagross|159\/256|[from] Stealth Rock\n|move|p1a: Nihilego|Power Gem|p2a: Metagross\n|-resisted|p2a: Metagross\n|-damage|p2a: Metagross|114\/256\n|\n|-heal|p1a: Nihilego|302\/302|[from] item: Black Sludge\n|upkeep\n|turn|23\n|\n|t:|1665679068\n|switch|p1a: Runerigus|Runerigus, L84, F|107\/235\n|move|p2a: Metagross|Agility|p2a: Metagross\n|-boost|p2a: Metagross|spe|2\n|\n|-heal|p1a: Runerigus|121\/235|[from] item: Leftovers\n|upkeep\n|turn|24\n|c| outd nord|Io le avrei messe molto prima le st\n|c| outd nord|Sr\n|inactive|LoSconosciuto has 270 seconds left.\n|\n|t:|1665679080\n|switch|p2a: Ninetales|Ninetales-Alola, L79, F|88\/245\n|-weather|Hail|[from] ability: Snow Warning|[of] p2a: Ninetales\n|move|p1a: Runerigus|Will-O-Wisp|p2a: Ninetales\n|-status|p2a: Ninetales|brn\n|\n|-weather|Hail|[upkeep]\n|-damage|p1a: Runerigus|107\/235|[from] Hail\n|-heal|p1a: Runerigus|121\/235|[from] item: Leftovers\n|-damage|p2a: Ninetales|73\/245 brn|[from] brn\n|upkeep\n|turn|25\n|\n|t:|1665679088\n|switch|p1a: Nihilego|Nihilego, L79|302\/302\n|move|p2a: Ninetales|Blizzard|p1a: Nihilego\n|-damage|p1a: Nihilego|230\/302\n|\n|-weather|Hail|[upkeep]\n|-damage|p1a: Nihilego|212\/302|[from] Hail\n|-heal|p1a: Nihilego|230\/302|[from] item: Black Sludge\n|-damage|p2a: Ninetales|58\/245 brn|[from] brn\n|upkeep\n|turn|26\n|\n|t:|1665679094\n|switch|p2a: Vespiquen|Vespiquen, L96, F|218\/290 brn\n|-ability|p2a: Vespiquen|Pressure\n|move|p1a: Nihilego|Power Gem|p2a: Vespiquen\n|-supereffective|p2a: Vespiquen\n|-damage|p2a: Vespiquen|0 fnt\n|faint|p2a: Vespiquen\n|-ability|p1a: Nihilego|Beast Boost|boost\n|-boost|p1a: Nihilego|spa|1\n|\n|-weather|Hail|[upkeep]\n|-damage|p1a: Nihilego|212\/302|[from] Hail\n|-heal|p1a: Nihilego|230\/302|[from] item: Black Sludge\n|upkeep\n|\n|t:|1665679096\n|switch|p2a: Sandslash|Sandslash-Alola, L86, F|217\/269\n|-damage|p2a: Sandslash|184\/269|[from] Stealth Rock\n|turn|27\n|inactive|LoSconosciuto has 270 seconds left.\n|\n|t:|1665679131\n|move|p2a: Sandslash|Triple Axel|p1a: Nihilego\n|-damage|p1a: Nihilego|179\/302\n|-damage|p1a: Nihilego|85\/302\n|-damage|p1a: Nihilego|0 fnt\n|faint|p1a: Nihilego\n|-hitcount|p1: Nihilego|3\n|-damage|p2a: Sandslash|158\/269|[from] item: Life Orb\n|\n|-weather|Hail|[upkeep]\n|upkeep\n|\n|t:|1665679150\n|switch|p1a: Stakataka|Stakataka, L80|229\/229\n|-item|p1a: Stakataka|Air Balloon\n|turn|28\n|inactive|LoSconosciuto has 270 seconds left.\n|\n|t:|1665679185\n|move|p2a: Sandslash|Iron Head|p1a: Stakataka\n|-damage|p1a: Stakataka|171\/229\n|-enditem|p1a: Stakataka|Air Balloon\n|-damage|p2a: Sandslash|132\/269|[from] item: Life Orb\n|cant|p1a: Stakataka|flinch\n|\n|-weather|none\n|upkeep\n|turn|29\n|c|\u2606FranziskaSkye|lmaoo\n|c| outd nord|Wincon?\n|c|\u2606FranziskaSkye|gg\n|c|\u2606FranziskaSkye|yeah\n|inactive|LoSconosciuto has 240 seconds left.\n|c|\u2606LoSconosciuto|i don't have eq\n|c|\u2606FranziskaSkye|oop\n|c|\u2606FranziskaSkye|showdown givng me a chance by giving bad sets\n|inactive|LoSconosciuto has 210 seconds left.\n|c|\u2606LoSconosciuto|sand is always double stab\n|c|\u2606LoSconosciuto|and life orb means sd\n|inactive|LoSconosciuto has 180 seconds left.\n|\n|t:|1665679272\n|-start|p2a: Sandslash|Dynamax|\n|-heal|p2a: Sandslash|264\/538|[silent]\n|move|p2a: Sandslash|Max Steelspike|p1a: Stakataka\n|-damage|p1a: Stakataka|72\/229\n|-boost|p2a: Sandslash|def|1\n|-damage|p2a: Sandslash|238\/538|[from] item: Life Orb\n|move|p1a: Stakataka|Trick Room|p1a: Stakataka\n|-fieldstart|move: Trick Room|[of] p1a: Stakataka\n|\n|upkeep\n|turn|30\n|c|\u2606FranziskaSkye|I don't think enough for this format lmao\n|inactive|FranziskaSkye has 270 seconds left.\n|inactive|FranziskaSkye has 240 seconds left.\n|\n|t:|1665679335\n|move|p1a: Stakataka|Earthquake|p2a: Sandslash\n|-supereffective|p2a: Sandslash\n|-damage|p2a: Sandslash|152\/538\n|move|p2a: Sandslash|Max Steelspike|p1a: Stakataka\n|-damage|p1a: Stakataka|0 fnt\n|-boost|p2a: Sandslash|def|1\n|faint|p1a: Stakataka\n|-damage|p2a: Sandslash|126\/538|[from] item: Life Orb\n|\n|upkeep\n|inactive|FranziskaSkye has 210 seconds left.\n|\n|t:|1665679389\n|switch|p1a: Runerigus|Runerigus, L84, F|121\/235\n|turn|31\n|inactive|LoSconosciuto has 180 seconds left.\n|\n|t:|1665679425\n|-start|p1a: Runerigus|Dynamax|\n|-heal|p1a: Runerigus|242\/470|[silent]\n|move|p1a: Runerigus|Max Guard|p1a: Runerigus\n|-singleturn|p1a: Runerigus|Max Guard\n|move|p2a: Sandslash|Max Steelspike|p1a: Runerigus\n|-activate|p1a: Runerigus|move: Max Guard\n|\n|-heal|p1a: Runerigus|256\/470|[from] item: Leftovers\n|upkeep\n|-end|p2a: Sandslash|Dynamax\n|-heal|p2a: Sandslash|63\/269|[silent]\n|turn|32\n|inactive|LoSconosciuto has 150 seconds left.\n|j| paolode99\n|inactive|LoSconosciuto has 120 seconds left.\n|c| outd nord|We Pol\n|c| paolode99|we\n|inactive|LoSconosciuto has 90 seconds left.\n|\n|t:|1665679513\n|switch|p2a: Metagross|Metagross, L79|114\/256\n|-damage|p2a: Metagross|98\/256|[from] Stealth Rock\n|move|p1a: Runerigus|Max Quake|p2a: Metagross\n|-supereffective|p2a: Metagross\n|-damage|p2a: Metagross|0 fnt\n|-boost|p1a: Runerigus|spd|1\n|faint|p2a: Metagross\n|\n|-heal|p1a: Runerigus|270\/470|[from] item: Leftovers\n|upkeep\n|\n|t:|1665679517\n|switch|p2a: Ninetales|Ninetales-Alola, L79, F|58\/245 brn\n|-weather|Hail|[from] ability: Snow Warning|[of] p2a: Ninetales\n|turn|33\n|\n|t:|1665679520\n|move|p1a: Runerigus|Max Quake|p2a: Ninetales\n|-damage|p2a: Ninetales|0 fnt\n|-boost|p1a: Runerigus|spd|1\n|faint|p2a: Ninetales\n|\n|-weather|Hail|[upkeep]\n|-damage|p1a: Runerigus|256\/470|[from] Hail\n|-heal|p1a: Runerigus|270\/470|[from] item: Leftovers\n|-fieldend|move: Trick Room\n|upkeep\n|\n|t:|1665679521\n|switch|p2a: Sandslash|Sandslash-Alola, L86, F|63\/269\n|-damage|p2a: Sandslash|30\/269|[from] Stealth Rock\n|-end|p1a: Runerigus|Dynamax\n|-heal|p1a: Runerigus|135\/235|[silent]\n|turn|34\n|\n|t:|1665679531\n|move|p2a: Sandslash|Triple Axel|p1a: Runerigus\n|-supereffective|p1a: Runerigus\n|-damage|p1a: Runerigus|96\/235\n|-activate|p1a: Runerigus|ability: Wandering Spirit|Slush Rush|Wandering Spirit|[of] p2a: Sandslash\n|-supereffective|p1a: Runerigus\n|-damage|p1a: Runerigus|10\/235\n|-supereffective|p1a: Runerigus\n|-damage|p1a: Runerigus|0 fnt\n|faint|p1a: Runerigus\n|-hitcount|p1: Runerigus|3\n|-damage|p2a: Sandslash|4\/269|[from] item: Life Orb\n|\n|-weather|Hail|[upkeep]\n|upkeep\n|c|\u2606LoSconosciuto|gg\n|\n|t:|1665679545\n|switch|p1a: Dragapult|Dragapult, L78, F|249\/265\n|turn|35\n|\n|t:|1665679548\n|move|p1a: Dragapult|U-turn|p2a: Sandslash\n|-resisted|p2a: Sandslash\n|-damage|p2a: Sandslash|0 fnt\n|-activate|p2a: Sandslash|ability: Wandering Spirit|Infiltrator|Wandering Spirit|[of] p1a: Dragapult\n|faint|p2a: Sandslash\n|\n|t:|1665679550\n|switch|p1a: Pikachu|Pikachu-Partner, L92, M|214\/214\n|\n|-weather|Hail|[upkeep]\n|-damage|p1a: Pikachu|201\/214|[from] Hail\n|upkeep\n|\n|t:|1665679552\n|switch|p2a: Incineroar|Incineroar, L80, M|232\/283 psn\n|-damage|p2a: Incineroar|162\/283 psn|[from] Stealth Rock\n|-ability|p2a: Incineroar|Intimidate|boost\n|-unboost|p1a: Pikachu|atk|1\n|turn|36\n|l| paolode99\n|\n|t:|1665679564\n|move|p1a: Pikachu|Volt Tackle|p2a: Incineroar\n|-damage|p2a: Incineroar|20\/283 psn\n|-damage|p1a: Pikachu|154\/214|[from] Recoil\n|move|p2a: Incineroar|Knock Off|p1a: Pikachu\n|-damage|p1a: Pikachu|0 fnt\n|-enditem|p1a: Pikachu|Light Ball|[from] move: Knock Off|[of] p2a: Incineroar\n|faint|p1a: Pikachu\n|\n|-weather|Hail|[upkeep]\n|-damage|p2a: Incineroar|3\/283 psn|[from] Hail\n|-damage|p2a: Incineroar|0 fnt|[from] psn\n|faint|p2a: Incineroar\n|\n|win|FranziskaSkye\n|upkeep\n|c|\u2606FranziskaSkye|gg\n|c|\u2606FranziskaSkye|2-1 to you atm\n|c|\u2606FranziskaSkye|surprised I brought that back\n|l|\u2606LoSconosciuto\n","inputlog":">version ee3903879dd92fa0a0bba6303065983b970e844a\n>start {\"formatid\":\"gen8randombattle\",\"seed\":[37255,65456,46943,60178]}\n>player p1 {\"name\":\"FranziskaSkye\",\"avatar\":\"karen\",\"rating\":0,\"seed\":[12586,19977,3276,41227]}\n>player p2 {\"name\":\"LoSconosciuto\",\"avatar\":\"#teamgapdos\",\"rating\":0,\"seed\":[27454,13141,16666,15511]}\n>chat \u2606LoSconosciuto|hf\n>chat \u2606FranziskaSkye|u2\n>p1 switch 2\n>p2 move airslash\n>p1 move toxicspikes\n>p2 switch 3\n>p1 switch 2\n>p2 move meteormash\n>p1 move willowisp\n>p2 switch 3\n>p1 switch 2\n>p2 move uturn\n>p2 switch 3\n>p1 switch 6\n>p2 move meteormash\n>p1 move voltswitch\n>p2 switch 2\n>p1 switch 6\n>p1 switch 5\n>p2 switch 2\n>chat  outd nord|Ok\n>chat  outd nord|Ci sta \n>p1 move uturn\n>p2 switch 4\n>p1 switch 6\n>p1 move voltswitch\n>p2 move uturn\n>p2 switch 2\n>chat \u2606FranziskaSkye|lmao double scarf again\n>p1 switch 6\n>chat \u2606LoSconosciuto|bulu can be band\n>chat \u2606FranziskaSkye|no\n>chat \u2606FranziskaSkye|your terrain healed before nihilego\n>chat \u2606LoSconosciuto|yes it can\n>chat \u2606LoSconosciuto|but it's scarf yes\n>chat \u2606LoSconosciuto|true\n>chat \u2606FranziskaSkye|why am I giving away my info kek\n>p1 move fireblast\n>p2 move hornleech\n>p2 switch 2\n>p1 switch 6\n>p2 move uturn\n>p2 switch 6\n>p1 move voltswitch\n>p2 move freezedry\n>p1 switch 5\n>p1 switch 6\n>p2 switch 5\n>chat \u2606FranziskaSkye|hmmmmmmm\n>chat  outd nord|Bella la combo\n>chat \u2606LoSconosciuto|that's a decent synergy\n>chat \u2606FranziskaSkye|showdown showing its bias against me lmao\n>p1 switch 5\n>p2 move tripleaxel\n>chat  outd nord|Poi la hail \u00e8 pure forte\n>p1 move scald\n>p2 move knockoff\n>p1 switch 3\n>p1 move voltswitch\n>p2 switch 5\n>chat  outd nord|Pika pika\n>p1 switch 6\n>p1 move powergem\n>p2 switch 4\n>p1 switch 2\n>p2 move earthquake\n>p1 move stealthrock\n>p2 switch 3\n>p1 switch 2\n>p2 move airslash\n>p1 move powergem\n>p2 switch 3\n>p1 switch 2\n>p2 move agility\n>chat  outd nord|Io le avrei messe molto prima le st\n>chat  outd nord|Sr \n>p1 move willowisp\n>p2 switch 4\n>p1 switch 2\n>p2 move blizzard\n>p1 move powergem\n>p2 switch 3\n>p2 switch 5\n>p1 move powergem\n>p2 move tripleaxel\n>p1 switch 4\n>p1 move trickroom\n>p2 move ironhead\n>chat \u2606FranziskaSkye|lmaoo\n>chat  outd nord|Wincon?\n>chat \u2606FranziskaSkye|gg\n>chat \u2606FranziskaSkye|yeah\n>chat \u2606LoSconosciuto|i don't have eq\n>chat \u2606FranziskaSkye|oop\n>chat \u2606FranziskaSkye|showdown givng me a chance by giving bad sets\n>chat \u2606LoSconosciuto|sand is always double stab\n>chat \u2606LoSconosciuto|and life orb means sd\n>p1 move trickroom\n>p2 move ironhead dynamax\n>chat \u2606FranziskaSkye|I don't think enough for this format lmao\n>p1 move earthquake\n>p2 move ironhead dynamax\n>p1 switch 2\n>p1 move willowisp dynamax\n>p2 move ironhead dynamax\n>chat  outd nord|We Pol\n>chat  paolode99|we\n>p1 move earthquake dynamax\n>p2 switch 4\n>p2 switch 3\n>p1 move earthquake dynamax\n>p2 move blizzard\n>p2 switch 4\n>p1 move earthquake\n>p2 move tripleaxel\n>chat \u2606LoSconosciuto|gg\n>p1 switch 5\n>p1 move uturn\n>p2 move tripleaxel\n>p1 switch 6\n>p2 switch 6\n>p1 move volttackle\n>p2 move knockoff","uploadtime":1665679575,"views":125,"p1id":"franziskaskye","p2id":"losconosciuto","formatid":"gen8randombattle","rating":0,"private":0,"password":null}