{"id":"gen8randombattle-1453668310","p1":"Arcangel666","p2":"raceface111","format":"gen8randombattle","log":"|j|\u2606Arcangel666\n|j|\u2606raceface111\n|t:|1636860388\n|gametype|singles\n|player|p1|Arcangel666|grimsley|1834\n|player|p2|raceface111|169|1790\n|teamsize|p1|6\n|teamsize|p2|6\n|gen|8\n|tier|[Gen 8] Random Battle\n|rated|\n|rule|Species Clause: Limit one of each Pok\u00e9mon\n|rule|HP Percentage Mod: HP is shown in percentages\n|rule|Sleep Clause Mod: Limit one foe put to sleep\n|\n|t:|1636860388\n|start\n|switch|p1a: Venusaur|Venusaur, L82, F|265\/265\n|switch|p2a: Dugtrio|Dugtrio, L82, F|192\/192\n|turn|1\n|\n|t:|1636860396\n|switch|p2a: Roserade|Roserade, L84, M|238\/238\n|move|p1a: Venusaur|Sludge Bomb|p2a: Roserade\n|-damage|p2a: Roserade|157\/238\n|\n|-heal|p2a: Roserade|171\/238|[from] item: Black Sludge\n|upkeep\n|turn|2\n|\n|t:|1636860405\n|move|p2a: Roserade|Spikes|p1a: Venusaur\n|-sidestart|p1: Arcangel666|Spikes\n|move|p1a: Venusaur|Sludge Bomb|p2a: Roserade\n|-damage|p2a: Roserade|96\/238\n|\n|-heal|p2a: Roserade|110\/238|[from] item: Black Sludge\n|upkeep\n|turn|3\n|\n|t:|1636860414\n|switch|p2a: Dugtrio|Dugtrio, L82, F|192\/192\n|move|p1a: Venusaur|Sludge Bomb|p2a: Dugtrio\n|-resisted|p2a: Dugtrio\n|-damage|p2a: Dugtrio|133\/192\n|\n|upkeep\n|turn|4\n|\n|t:|1636860420\n|move|p2a: Dugtrio|Earthquake|p1a: Venusaur\n|-damage|p1a: Venusaur|94\/265\n|move|p1a: Venusaur|Sludge Bomb|p2a: Dugtrio\n|-resisted|p2a: Dugtrio\n|-damage|p2a: Dugtrio|76\/192\n|\n|-heal|p1a: Venusaur|110\/265|[from] item: Black Sludge\n|upkeep\n|turn|5\n|\n|t:|1636860427\n|move|p2a: Dugtrio|Earthquake|p1a: Venusaur\n|-damage|p1a: Venusaur|0 fnt\n|faint|p1a: Venusaur\n|\n|upkeep\n|\n|t:|1636860431\n|switch|p1a: Tauros|Tauros, L82, M|257\/257\n|-damage|p1a: Tauros|225\/257|[from] Spikes\n|turn|6\n|\n|t:|1636860434\n|move|p2a: Dugtrio|Earthquake|p1a: Tauros\n|-damage|p1a: Tauros|78\/257\n|move|p1a: Tauros|Body Slam|p2a: Dugtrio\n|-damage|p2a: Dugtrio|0 fnt\n|faint|p2a: Dugtrio\n|\n|upkeep\n|\n|t:|1636860450\n|switch|p2a: Tapu Fini|Tapu Fini, L78|237\/237\n|-fieldstart|move: Misty Terrain|[from] ability: Misty Surge|[of] p2a: Tapu Fini\n|turn|7\n|\n|t:|1636860457\n|move|p1a: Tauros|Body Slam|p2a: Tapu Fini\n|-damage|p2a: Tapu Fini|115\/237\n|move|p2a: Tapu Fini|Moonblast|p1a: Tauros\n|-damage|p1a: Tauros|0 fnt\n|faint|p1a: Tauros\n|\n|-heal|p2a: Tapu Fini|129\/237|[from] item: Leftovers\n|upkeep\n|\n|t:|1636860462\n|switch|p1a: Gothitelle|Gothitelle, L86, M|261\/261\n|-damage|p1a: Gothitelle|229\/261|[from] Spikes\n|turn|8\n|\n|t:|1636860468\n|move|p2a: Tapu Fini|Taunt|p1a: Gothitelle\n|-start|p1a: Gothitelle|move: Taunt\n|cant|p1a: Gothitelle|move: Taunt|Nasty Plot\n|\n|-heal|p2a: Tapu Fini|143\/237|[from] item: Leftovers\n|-heal|p1a: Gothitelle|245\/261|[from] item: Leftovers\n|upkeep\n|turn|9\n|\n|t:|1636860474\n|move|p2a: Tapu Fini|Calm Mind|p2a: Tapu Fini\n|-boost|p2a: Tapu Fini|spa|1\n|-boost|p2a: Tapu Fini|spd|1\n|move|p1a: Gothitelle|Thunderbolt|p2a: Tapu Fini\n|-supereffective|p2a: Tapu Fini\n|-damage|p2a: Tapu Fini|71\/237\n|\n|-heal|p2a: Tapu Fini|85\/237|[from] item: Leftovers\n|-heal|p1a: Gothitelle|261\/261|[from] item: Leftovers\n|upkeep\n|turn|10\n|\n|t:|1636860482\n|move|p2a: Tapu Fini|Moonblast|p1a: Gothitelle\n|-damage|p1a: Gothitelle|158\/261\n|-unboost|p1a: Gothitelle|spa|1\n|move|p1a: Gothitelle|Thunderbolt|p2a: Tapu Fini\n|-supereffective|p2a: Tapu Fini\n|-crit|p2a: Tapu Fini\n|-damage|p2a: Tapu Fini|0 fnt\n|faint|p2a: Tapu Fini\n|\n|-heal|p1a: Gothitelle|174\/261|[from] item: Leftovers\n|-end|p1a: Gothitelle|move: Taunt\n|upkeep\n|\n|t:|1636860494\n|switch|p2a: Excadrill|Excadrill, L78, M, shiny|300\/300\n|turn|11\n|\n|t:|1636860499\n|switch|p1a: Jellicent|Jellicent, L84, M|305\/305\n|-damage|p1a: Jellicent|267\/305|[from] Spikes\n|move|p2a: Excadrill|Swords Dance|p2a: Excadrill\n|-boost|p2a: Excadrill|atk|2\n|\n|-heal|p1a: Jellicent|286\/305|[from] item: Leftovers\n|-fieldend|Misty Terrain\n|upkeep\n|turn|12\n|\n|t:|1636860508\n|move|p2a: Excadrill|Earthquake|p1a: Jellicent\n|-damage|p1a: Jellicent|0 fnt\n|faint|p1a: Jellicent\n|-damage|p2a: Excadrill|270\/300|[from] item: Life Orb\n|\n|upkeep\n|inactive|Battle timer is ON: inactive players will automatically lose when time's up. (requested by raceface111)\n|\n|t:|1636860520\n|switch|p1a: Pyukumuku|Pyukumuku, L84, M|230\/230\n|-damage|p1a: Pyukumuku|202\/230|[from] Spikes\n|turn|13\n|\n|t:|1636860526\n|switch|p2a: Roserade|Roserade, L84, M|110\/238\n|move|p1a: Pyukumuku|Counter||[still]\n|-fail|p1a: Pyukumuku\n|\n|-heal|p2a: Roserade|124\/238|[from] item: Black Sludge\n|-heal|p1a: Pyukumuku|216\/230|[from] item: Leftovers\n|upkeep\n|turn|14\n|\n|t:|1636860533\n|switch|p1a: Gothitelle|Gothitelle, L86, M|174\/261\n|-damage|p1a: Gothitelle|142\/261|[from] Spikes\n|move|p2a: Roserade|Leaf Storm|p1a: Gothitelle\n|-damage|p1a: Gothitelle|12\/261\n|-unboost|p2a: Roserade|spa|2\n|\n|-heal|p2a: Roserade|138\/238|[from] item: Black Sludge\n|-heal|p1a: Gothitelle|28\/261|[from] item: Leftovers\n|upkeep\n|turn|15\n|\n|t:|1636860543\n|move|p2a: Roserade|Sludge Bomb|p1a: Gothitelle\n|-damage|p1a: Gothitelle|0 fnt\n|faint|p1a: Gothitelle\n|\n|-heal|p2a: Roserade|152\/238|[from] item: Black Sludge\n|upkeep\n|\n|t:|1636860547\n|switch|p1a: Diancie|Diancie, L82|216\/216\n|-damage|p1a: Diancie|189\/216|[from] Spikes\n|turn|16\n|\n|t:|1636860552\n|switch|p2a: Excadrill|Excadrill, L78, M, shiny|270\/300\n|move|p1a: Diancie|Body Press|p2a: Excadrill\n|-supereffective|p2a: Excadrill\n|-damage|p2a: Excadrill|58\/300\n|\n|-heal|p1a: Diancie|202\/216|[from] item: Leftovers\n|upkeep\n|turn|17\n|\n|t:|1636860560\n|switch|p2a: Roserade|Roserade, L84, M|152\/238\n|move|p1a: Diancie|Body Press|p2a: Roserade\n|-resisted|p2a: Roserade\n|-damage|p2a: Roserade|107\/238\n|\n|-heal|p2a: Roserade|121\/238|[from] item: Black Sludge\n|-heal|p1a: Diancie|215\/216|[from] item: Leftovers\n|upkeep\n|turn|18\n|\n|t:|1636860573\n|switch|p2a: Melmetal|Melmetal, L74|322\/322\n|move|p1a: Diancie|Diamond Storm|p2a: Melmetal\n|-resisted|p2a: Melmetal\n|-damage|p2a: Melmetal|283\/322\n|-boost|p1a: Diancie|def|2\n|\n|-heal|p1a: Diancie|216\/216|[from] item: Leftovers\n|-heal|p2a: Melmetal|303\/322|[from] item: Leftovers\n|upkeep\n|turn|19\n|\n|t:|1636860582\n|move|p1a: Diancie|Body Press|p2a: Melmetal\n|-supereffective|p2a: Melmetal\n|-damage|p2a: Melmetal|77\/322\n|move|p2a: Melmetal|Double Iron Bash|p1a: Diancie\n|-supereffective|p1a: Diancie\n|-damage|p1a: Diancie|116\/216\n|-supereffective|p1a: Diancie\n|-damage|p1a: Diancie|8\/216\n|-hitcount|p1a: Diancie|2\n|\n|-heal|p1a: Diancie|21\/216|[from] item: Leftovers\n|-heal|p2a: Melmetal|97\/322|[from] item: Leftovers\n|upkeep\n|turn|20\n|\n|t:|1636860592\n|move|p1a: Diancie|Body Press|p2a: Melmetal\n|-supereffective|p2a: Melmetal\n|-damage|p2a: Melmetal|0 fnt\n|faint|p2a: Melmetal\n|\n|-heal|p1a: Diancie|34\/216|[from] item: Leftovers\n|upkeep\n|\n|t:|1636860598\n|switch|p2a: Roserade|Roserade, L84, M|121\/238\n|turn|21\n|\n|t:|1636860600\n|move|p2a: Roserade|Sludge Bomb|p1a: Diancie\n|-damage|p1a: Diancie|0 fnt\n|faint|p1a: Diancie\n|\n|-heal|p2a: Roserade|135\/238|[from] item: Black Sludge\n|upkeep\n|\n|t:|1636860602\n|switch|p1a: Pyukumuku|Pyukumuku, L84, M|216\/230\n|-damage|p1a: Pyukumuku|188\/230|[from] Spikes\n|turn|22\n|\n|t:|1636860609\n|move|p2a: Roserade|Leaf Storm|p1a: Pyukumuku\n|-supereffective|p1a: Pyukumuku\n|-damage|p1a: Pyukumuku|0 fnt\n|-unboost|p2a: Roserade|spa|2\n|faint|p1a: Pyukumuku\n|\n|win|raceface111\n|raw|Arcangel666's rating: 1834 &rarr; <strong>1811<\/strong><br \/>(-23 for losing)\n|raw|raceface111's rating: 1790 &rarr; <strong>1813<\/strong><br \/>(+23 for winning)\n|c|\u2606raceface111|gg\n|l|\u2606Arcangel666\n","inputlog":">version f60849693894dbf05bb0da8f40651d074b836b4b\n>start {\"formatid\":\"gen8randombattle\",\"seed\":[64521,47680,65388,48576],\"rated\":\"Rated battle\"}\n>player p1 {\"name\":\"Arcangel666\",\"avatar\":\"grimsley\",\"rating\":1834,\"seed\":[39219,50813,9608,24807]}\n>player p2 {\"name\":\"raceface111\",\"avatar\":\"169\",\"rating\":1790,\"seed\":[47479,46603,24055,33672]}\n>p1 move sludgebomb\n>p2 switch 4\n>p1 move sludgebomb\n>p2 move spikes\n>p1 move sludgebomb\n>p2 switch 4\n>p1 move sludgebomb\n>p2 move earthquake\n>p1 move sludgebomb\n>p2 move earthquake\n>p1 switch 6\n>p1 move bodyslam\n>p2 move earthquake\n>p2 switch 6\n>p1 move bodyslam\n>p2 move moonblast\n>p1 switch 4\n>p1 move nastyplot\n>p2 move taunt\n>p1 move thunderbolt\n>p2 move calmmind\n>p1 move thunderbolt\n>p2 move moonblast\n>p2 switch 2\n>p1 switch 5\n>p2 move swordsdance\n>p1 move scald\n>p2 move earthquake\n>p1 switch 3\n>p1 move counter\n>p2 switch 4\n>p1 switch 5\n>p2 move leafstorm\n>p1 move psychic\n>p2 move sludgebomb\n>p1 switch 2\n>p1 move bodypress\n>p2 switch 4\n>p1 move bodypress\n>p2 switch 4\n>p1 move diamondstorm\n>p2 switch 3\n>p1 move bodypress\n>p2 move doubleironbash\n>p1 move bodypress\n>p2 move doubleironbash\n>p2 switch 3\n>p1 move diamondstorm\n>p2 move sludgebomb\n>p1 switch 5\n>p1 move mirrorcoat\n>p2 move leafstorm","uploadtime":1636860617,"views":2,"p1id":"arcangel666","p2id":"raceface111","formatid":"gen8randombattle","rating":1811,"private":0,"password":null}