{"id":"gen8randombattle-1299785106","p1":"TehranTyphlosions","p2":"CaptainLeviRivalle","format":"gen8randombattle","log":"|j|\u2606TehranTyphlosions\n|j|\u2606CaptainLeviRivalle\n|t:|1615541127\n|player|p1|TehranTyphlosions|clair|1913\n|player|p2|CaptainLeviRivalle|juan|1926\n|teamsize|p1|6\n|teamsize|p2|6\n|gametype|singles\n|gen|8\n|tier|[Gen 8] Random Battle\n|rated|\n|rule|Species Clause: Limit one of each Pok\u00e9mon\n|rule|HP Percentage Mod: HP is shown in percentages\n|rule|Sleep Clause Mod: Limit one foe put to sleep\n|\n|t:|1615541127\n|start\n|switch|p1a: Pincurchin|Pincurchin, L88, F|228\/228\n|switch|p2a: Escavalier|Escavalier, L84, F|255\/255\n|-fieldstart|move: Electric Terrain|[from] ability: Electric Surge|[of] p1a: Pincurchin\n|turn|1\n|\n|t:|1615541143\n|switch|p2a: Regieleki|Regieleki, L78|253\/253\n|move|p1a: Pincurchin|Rising Voltage|p2a: Regieleki\n|-resisted|p2a: Regieleki\n|-crit|p2a: Regieleki\n|-damage|p2a: Regieleki|0 fnt\n|faint|p2a: Regieleki\n|\n|upkeep\n|\n|t:|1615541156\n|switch|p2a: Escavalier|Escavalier, L84, F|255\/255\n|turn|2\n|\n|t:|1615541162\n|move|p2a: Escavalier|Megahorn|p1a: Pincurchin\n|-damage|p1a: Pincurchin|92\/228\n|move|p1a: Pincurchin|Rising Voltage|p2a: Escavalier\n|-damage|p2a: Escavalier|69\/255\n|\n|-heal|p2a: Escavalier|84\/255|[from] item: Leftovers\n|upkeep\n|turn|3\n|\n|t:|1615541166\n|switch|p1a: Weezing|Weezing-Galar, L86, F|252\/252\n|move|p2a: Escavalier|Drill Run|p1a: Weezing\n|-immune|p1a: Weezing|[from] ability: Levitate\n|\n|-heal|p2a: Escavalier|99\/255|[from] item: Leftovers\n|upkeep\n|turn|4\n|\n|t:|1615541172\n|move|p1a: Weezing|Fire Blast|p2a: Escavalier\n|-supereffective|p2a: Escavalier\n|-damage|p2a: Escavalier|0 fnt\n|faint|p2a: Escavalier\n|\n|upkeep\n|\n|t:|1615541182\n|switch|p2a: Persian|Persian-Alola, L86, M|252\/252\n|turn|5\n|\n|t:|1615541185\n|move|p2a: Persian|Hypnosis|p1a: Weezing|[miss]\n|-miss|p2a: Persian|p1a: Weezing\n|move|p1a: Weezing|Strange Steam|p2a: Persian\n|-supereffective|p2a: Persian\n|-damage|p2a: Persian|40\/252\n|-start|p2a: Persian|confusion\n|\n|-fieldend|move: Electric Terrain\n|upkeep\n|turn|6\n|\n|t:|1615541191\n|switch|p1a: Pincurchin|Pincurchin, L88, F|92\/228\n|-fieldstart|move: Electric Terrain|[from] ability: Electric Surge|[of] p1a: Pincurchin\n|-activate|p2a: Persian|confusion\n|-damage|p2a: Persian|27\/252|[from] confusion\n|\n|upkeep\n|turn|7\n|\n|t:|1615541195\n|move|p1a: Pincurchin|Sucker Punch|p2a: Persian\n|-resisted|p2a: Persian\n|-damage|p2a: Persian|8\/252\n|-activate|p2a: Persian|confusion\n|move|p2a: Persian|Dark Pulse|p1a: Pincurchin\n|-crit|p1a: Pincurchin\n|-damage|p1a: Pincurchin|0 fnt\n|-damage|p2a: Persian|0 fnt|[from] item: Life Orb\n|faint|p1a: Pincurchin\n|faint|p2a: Persian\n|\n|upkeep\n|\n|t:|1615541202\n|switch|p2a: Skarmory|Skarmory, L80, M|235\/235\n|switch|p1a: Primarina|Primarina, L82, F|265\/265\n|turn|8\n|\n|t:|1615541208\n|move|p1a: Primarina|Hydro Pump|p2a: Skarmory\n|-damage|p2a: Skarmory|63\/235\n|move|p2a: Skarmory|Stealth Rock|p1a: Primarina\n|-sidestart|p1: TehranTyphlosions|move: Stealth Rock\n|\n|-heal|p2a: Skarmory|77\/235|[from] item: Leftovers\n|upkeep\n|turn|9\n|\n|t:|1615541218\n|move|p1a: Primarina|Hydro Pump|p2a: Skarmory|[miss]\n|-miss|p1a: Primarina|p2a: Skarmory\n|move|p2a: Skarmory|Brave Bird|p1a: Primarina\n|-damage|p1a: Primarina|150\/265\n|-damage|p2a: Skarmory|39\/235|[from] Recoil\n|\n|-heal|p2a: Skarmory|53\/235|[from] item: Leftovers\n|upkeep\n|turn|10\n|\n|t:|1615541222\n|move|p1a: Primarina|Hydro Pump|p2a: Skarmory\n|-crit|p2a: Skarmory\n|-damage|p2a: Skarmory|0 fnt\n|faint|p2a: Skarmory\n|\n|-fieldend|move: Electric Terrain\n|upkeep\n|\n|t:|1615541229\n|switch|p2a: Sirfetch\u2019d|Sirfetch\u2019d, L82, M|236\/236\n|turn|11\n|\n|t:|1615541259\n|-start|p2a: Sirfetch\u2019d|Dynamax\n|-heal|p2a: Sirfetch\u2019d|472\/472|[silent]\n|move|p1a: Primarina|Hydro Pump|p2a: Sirfetch\u2019d\n|-damage|p2a: Sirfetch\u2019d|334\/472\n|move|p2a: Sirfetch\u2019d|Max Airstream|p1a: Primarina\n|-damage|p1a: Primarina|0 fnt\n|-boost|p2a: Sirfetch\u2019d|spe|1\n|-damage|p2a: Sirfetch\u2019d|311\/472|[from] item: Life Orb\n|faint|p1a: Primarina\n|\n|upkeep\n|inactive|Battle timer is ON: inactive players will automatically lose when time's up. (requested by CaptainLeviRivalle)\n|\n|t:|1615541262\n|switch|p1a: Weezing|Weezing-Galar, L86, F|252\/252\n|-damage|p1a: Weezing|221\/252|[from] Stealth Rock\n|turn|12\n|\n|t:|1615541267\n|-start|p1a: Weezing|Dynamax\n|-heal|p1a: Weezing|442\/504|[silent]\n|move|p1a: Weezing|Max Guard|p1a: Weezing\n|-singleturn|p1a: Weezing|Max Guard\n|move|p2a: Sirfetch\u2019d|Max Knuckle|p1a: Weezing\n|-activate|p1a: Weezing|move: Max Guard\n|\n|-heal|p1a: Weezing|457\/504|[from] item: Black Sludge\n|upkeep\n|turn|13\n|\n|t:|1615541270\n|move|p2a: Sirfetch\u2019d|Max Knuckle|p1a: Weezing\n|-resisted|p1a: Weezing\n|-damage|p1a: Weezing|427\/504\n|-boost|p2a: Sirfetch\u2019d|atk|1\n|-damage|p2a: Sirfetch\u2019d|288\/472|[from] item: Life Orb\n|move|p1a: Weezing|Max Starfall|p2a: Sirfetch\u2019d\n|-supereffective|p2a: Sirfetch\u2019d\n|-damage|p2a: Sirfetch\u2019d|12\/472\n|-fieldstart|move: Misty Terrain\n|\n|-heal|p1a: Weezing|442\/504|[from] item: Black Sludge\n|-end|p2a: Sirfetch\u2019d|Dynamax\n|-heal|p2a: Sirfetch\u2019d|6\/236|[silent]\n|upkeep\n|turn|14\n|\n|t:|1615541276\n|move|p2a: Sirfetch\u2019d|Brave Bird|p1a: Weezing\n|-damage|p1a: Weezing|298\/504\n|-damage|p2a: Sirfetch\u2019d|0 fnt|[from] Recoil\n|faint|p2a: Sirfetch\u2019d\n|move|p1a: Weezing|Max Ooze|p2: Sirfetch\u2019d|[notarget]\n|-fail|p1a: Weezing\n|\n|-heal|p1a: Weezing|313\/504|[from] item: Black Sludge\n|-end|p1a: Weezing|Dynamax\n|-heal|p1a: Weezing|157\/252|[silent]\n|upkeep\n|\n|t:|1615541281\n|switch|p2a: Barbaracle|Barbaracle, L80, M|246\/246\n|turn|15\n|\n|t:|1615541285\n|move|p2a: Barbaracle|Shell Smash|p2a: Barbaracle\n|-unboost|p2a: Barbaracle|def|1\n|-unboost|p2a: Barbaracle|spd|1\n|-boost|p2a: Barbaracle|atk|2\n|-boost|p2a: Barbaracle|spa|2\n|-boost|p2a: Barbaracle|spe|2\n|-enditem|p2a: Barbaracle|White Herb\n|-clearnegativeboost|p2a: Barbaracle|[silent]\n|move|p1a: Weezing|Strange Steam|p2a: Barbaracle\n|-damage|p2a: Barbaracle|152\/246\n|\n|-heal|p1a: Weezing|172\/252|[from] item: Black Sludge\n|upkeep\n|turn|16\n|\n|t:|1615541304\n|move|p2a: Barbaracle|Shell Smash|p2a: Barbaracle\n|-unboost|p2a: Barbaracle|def|1\n|-unboost|p2a: Barbaracle|spd|1\n|-boost|p2a: Barbaracle|atk|2\n|-boost|p2a: Barbaracle|spa|2\n|-boost|p2a: Barbaracle|spe|2\n|move|p1a: Weezing|Strange Steam|p2a: Barbaracle\n|-damage|p2a: Barbaracle|2\/246\n|\n|-heal|p1a: Weezing|187\/252|[from] item: Black Sludge\n|upkeep\n|turn|17\n|\n|t:|1615541308\n|move|p2a: Barbaracle|Liquidation|p1a: Weezing\n|-damage|p1a: Weezing|0 fnt\n|faint|p1a: Weezing\n|\n|-fieldend|Misty Terrain\n|upkeep\n|c|\u2606CaptainLeviRivalle|any priority?\n|c|\u2606TehranTyphlosions|nope\n|c|\u2606CaptainLeviRivalle|gg drlng\n|inactive|TehranTyphlosions has 120 seconds left.\n|\n|t:|1615541345\n|switch|p1a: Jellicent|Jellicent, L84, F|305\/305\n|-damage|p1a: Jellicent|267\/305|[from] Stealth Rock\n|turn|18\n|c|\u2606CaptainLeviRivalle|may b nt\n|\n|t:|1615541356\n|move|p2a: Barbaracle|Stone Edge|p1a: Jellicent\n|-damage|p1a: Jellicent|0 fnt\n|faint|p1a: Jellicent\n|\n|upkeep\n|\n|t:|1615541362\n|switch|p1a: Dhelmise|Dhelmise, L86|261\/261\n|-damage|p1a: Dhelmise|229\/261|[from] Stealth Rock\n|turn|19\n|\n|t:|1615541367\n|move|p2a: Barbaracle|Stone Edge|p1a: Dhelmise|[miss]\n|-miss|p2a: Barbaracle|p1a: Dhelmise\n|move|p1a: Dhelmise|Earthquake|p2a: Barbaracle\n|-supereffective|p2a: Barbaracle\n|-damage|p2a: Barbaracle|0 fnt\n|faint|p2a: Barbaracle\n|\n|win|TehranTyphlosions\n|raw|TehranTyphlosions's rating: 1913 &rarr; <strong>1929<\/strong><br \/>(+16 for winning)\n|raw|CaptainLeviRivalle's rating: 1918 &rarr; <strong>1902<\/strong><br \/>(-16 for losing)\n|c|\u2606TehranTyphlosions|gg\n|l|\u2606CaptainLeviRivalle\n|raw|TehranTyphlosions's rating: 1913 &rarr; <strong>1934<\/strong><br \/>(+21 for winning)\n|raw|CaptainLeviRivalle's rating: 1918 &rarr; <strong>1897<\/strong><br \/>(-21 for losing)\n","inputlog":">version 04f2e7d588c5542f69313a0aac63770d12fffa24\n>start {\"formatid\":\"gen8randombattle\",\"seed\":[42367,45830,50837,13886],\"rated\":\"Rated battle\"}\n>player p1 {\"name\":\"TehranTyphlosions\",\"avatar\":\"clair\",\"team\":\"\",\"rating\":1913,\"seed\":[54634,26056,34505,1704]}\n>player p2 {\"name\":\"CaptainLeviRivalle\",\"avatar\":\"juan\",\"team\":\"\",\"rating\":1926,\"seed\":[20835,61269,35898,41295]}\n>p1 move risingvoltage\n>p2 switch 2\n>p2 switch 2\n>p1 move risingvoltage\n>p2 move megahorn\n>p1 switch 4\n>p2 move drillrun\n>p1 move fireblast\n>p2 move ironhead\n>p2 switch 4\n>p1 move strangesteam\n>p2 move hypnosis\n>p1 switch 4\n>p2 move hypnosis\n>p1 move suckerpunch\n>p2 move darkpulse\n>p1 switch 2\n>p2 switch 3\n>p1 move hydropump\n>p2 move stealthrock\n>p1 move hydropump\n>p2 move bravebird\n>p1 move hydropump\n>p2 move bravebird\n>p2 switch 5\n>p1 move hydropump\n>p2 move bravebird dynamax\n>p1 switch 4\n>p1 move painsplit dynamax\n>p2 move closecombat dynamax\n>p1 move strangesteam dynamax\n>p2 move closecombat dynamax\n>p1 move sludgebomb dynamax\n>p2 move bravebird\n>p2 switch 6\n>p1 move strangesteam\n>p2 move shellsmash\n>p1 move strangesteam\n>p2 move shellsmash\n>p1 move strangesteam\n>p2 move liquidation\n>chat \u2606CaptainLeviRivalle|any priority?\n>chat \u2606TehranTyphlosions|nope\n>chat \u2606CaptainLeviRivalle|gg drlng\n>p1 switch 6\n>chat \u2606CaptainLeviRivalle|may b nt\n>p1 move scald\n>p2 move stoneedge\n>p1 switch 3\n>p1 move earthquake\n>p2 move stoneedge","uploadtime":1615541384,"views":24,"p1id":"tehrantyphlosions","p2id":"captainlevirivalle","formatid":"gen8randombattle","rating":1897,"private":0,"password":null}