{"id":"gen8monotyperandombattle-1376856731","p1":"Mega TropI","p2":"Pokefreak77","format":"gen8monotyperandombattle","log":"|j|\u203dMega TropI\n|j|\u2606Pokefreak77\n|t:|1626279405\n|gametype|singles\n|player|p1|Mega TropI|dawn-gen4pt|1447\n|player|p2|Pokefreak77|170|1415\n|teamsize|p1|6\n|teamsize|p2|6\n|gen|8\n|tier|[Gen 8] Monotype Random Battle\n|rated|\n|rule|Same Type Clause: Pok\u00e9mon in a team must share a type\n|rule|HP Percentage Mod: HP is shown in percentages\n|rule|Sleep Clause Mod: Limit one foe put to sleep\n|\n|t:|1626279405\n|start\n|switch|p1a: Delibird|Delibird, F|252\/252\n|switch|p2a: Venusaur|Venusaur, L82, M|265\/265\n|turn|1\n|inactive|Battle timer is ON: inactive players will automatically lose when time's up. (requested by Mega TropI)\n|\n|t:|1626279418\n|switch|p2a: Ferrothorn|Ferrothorn, L78, F|244\/244\n|move|p1a: Delibird|Freeze-Dry|p2a: Ferrothorn\n|-damage|p2a: Ferrothorn|178\/244\n|\n|-heal|p2a: Ferrothorn|193\/244|[from] item: Leftovers\n|upkeep\n|turn|2\n|\n|t:|1626279427\n|move|p1a: Delibird|Spikes|p2a: Ferrothorn\n|-sidestart|p2: Pokefreak77|Spikes\n|move|p2a: Ferrothorn|Leech Seed|p1a: Delibird\n|-start|p1a: Delibird|move: Leech Seed\n|\n|-heal|p2a: Ferrothorn|208\/244|[from] item: Leftovers\n|-damage|p1a: Delibird|221\/252|[from] Leech Seed|[of] p2a: Ferrothorn\n|-heal|p2a: Ferrothorn|239\/244|[silent]\n|upkeep\n|turn|3\n|\n|t:|1626279431\n|move|p1a: Delibird|Rapid Spin|p2a: Ferrothorn\n|-resisted|p2a: Ferrothorn\n|-damage|p2a: Ferrothorn|226\/244\n|-boost|p1a: Delibird|spe|1\n|-damage|p1a: Delibird|190\/252|[from] ability: Iron Barbs|[of] p2a: Ferrothorn\n|-end|p1a: Delibird|Leech Seed|[from] move: Rapid Spin|[of] p1a: Delibird\n|move|p2a: Ferrothorn|Stealth Rock|p1a: Delibird\n|-sidestart|p1: Mega TropI|move: Stealth Rock\n|\n|-heal|p2a: Ferrothorn|241\/244|[from] item: Leftovers\n|upkeep\n|turn|4\n|\n|t:|1626279434\n|move|p1a: Delibird|Spikes|p2a: Ferrothorn\n|-sidestart|p2: Pokefreak77|Spikes\n|move|p2a: Ferrothorn|Leech Seed|p1a: Delibird\n|-start|p1a: Delibird|move: Leech Seed\n|\n|-heal|p2a: Ferrothorn|244\/244|[from] item: Leftovers\n|-damage|p1a: Delibird|159\/252|[from] Leech Seed|[of] p2a: Ferrothorn\n|upkeep\n|turn|5\n|\n|t:|1626279439\n|move|p2a: Ferrothorn|Protect|p2a: Ferrothorn\n|-singleturn|p2a: Ferrothorn|Protect\n|move|p1a: Delibird|Spikes|p2a: Ferrothorn\n|-sidestart|p2: Pokefreak77|Spikes\n|\n|-damage|p1a: Delibird|128\/252|[from] Leech Seed|[of] p2a: Ferrothorn\n|upkeep\n|turn|6\n|\n|t:|1626279448\n|move|p1a: Delibird|Rapid Spin|p2a: Ferrothorn\n|-resisted|p2a: Ferrothorn\n|-damage|p2a: Ferrothorn|230\/244\n|-boost|p1a: Delibird|spe|1\n|-damage|p1a: Delibird|97\/252|[from] ability: Iron Barbs|[of] p2a: Ferrothorn\n|-end|p1a: Delibird|Leech Seed|[from] move: Rapid Spin|[of] p1a: Delibird\n|-sideend|p1: Mega TropI|Stealth Rock|[from] move: Rapid Spin|[of] p1a: Delibird\n|move|p2a: Ferrothorn|Stealth Rock|p1a: Delibird\n|-sidestart|p1: Mega TropI|move: Stealth Rock\n|\n|-heal|p2a: Ferrothorn|244\/244|[from] item: Leftovers\n|upkeep\n|turn|7\n|\n|t:|1626279462\n|move|p1a: Delibird|Rapid Spin|p2a: Ferrothorn\n|-resisted|p2a: Ferrothorn\n|-damage|p2a: Ferrothorn|231\/244\n|-boost|p1a: Delibird|spe|1\n|-damage|p1a: Delibird|66\/252|[from] ability: Iron Barbs|[of] p2a: Ferrothorn\n|-sideend|p1: Mega TropI|Stealth Rock|[from] move: Rapid Spin|[of] p1a: Delibird\n|move|p2a: Ferrothorn|Leech Seed|p1a: Delibird\n|-start|p1a: Delibird|move: Leech Seed\n|\n|-heal|p2a: Ferrothorn|244\/244|[from] item: Leftovers\n|-damage|p1a: Delibird|35\/252|[from] Leech Seed|[of] p2a: Ferrothorn\n|upkeep\n|turn|8\n|\n|t:|1626279471\n|switch|p1a: Froslass|Froslass, L84, F|255\/255\n|move|p2a: Ferrothorn|Stealth Rock|p1a: Froslass\n|-sidestart|p1: Mega TropI|move: Stealth Rock\n|\n|upkeep\n|turn|9\n|\n|t:|1626279476\n|move|p2a: Ferrothorn|Protect|p2a: Ferrothorn\n|-singleturn|p2a: Ferrothorn|Protect\n|move|p1a: Froslass|Taunt|p2a: Ferrothorn\n|-activate|p2a: Ferrothorn|move: Protect\n|\n|upkeep\n|turn|10\n|\n|t:|1626279479\n|move|p1a: Froslass|Taunt|p2a: Ferrothorn\n|-start|p2a: Ferrothorn|move: Taunt\n|move|p2a: Ferrothorn|Gyro Ball|p1a: Froslass\n|-supereffective|p1a: Froslass\n|-damage|p1a: Froslass|0 fnt\n|-start|p2a: Ferrothorn|Disable|Gyro Ball|[from] ability: Cursed Body|[of] p1a: Froslass\n|faint|p1a: Froslass\n|\n|upkeep\n|\n|t:|1626279483\n|switch|p1a: Delibird|Delibird, F|35\/252\n|turn|11\n|\n|t:|1626279499\n|move|p1a: Delibird|Rapid Spin|p2a: Ferrothorn\n|-resisted|p2a: Ferrothorn\n|-damage|p2a: Ferrothorn|230\/244\n|-boost|p1a: Delibird|spe|1\n|-damage|p1a: Delibird|4\/252|[from] ability: Iron Barbs|[of] p2a: Ferrothorn\n|-sideend|p1: Mega TropI|Stealth Rock|[from] move: Rapid Spin|[of] p1a: Delibird\n|-activate|p2a: Ferrothorn|move: Struggle\n|move|p2a: Ferrothorn|Struggle|p1a: Delibird\n|-damage|p1a: Delibird|0 fnt\n|faint|p1a: Delibird\n|-damage|p2a: Ferrothorn|169\/244|[from] recoil\n|\n|-heal|p2a: Ferrothorn|184\/244|[from] item: Leftovers\n|upkeep\n|\n|t:|1626279507\n|switch|p1a: Darmanitan|Darmanitan-Galar, L78, M|291\/291\n|turn|12\n|\n|t:|1626279515\n|switch|p2a: Rotom|Rotom-Mow, L86|226\/226\n|-start|p1a: Darmanitan|Dynamax\n|-heal|p1a: Darmanitan|582\/582|[silent]\n|move|p1a: Darmanitan|Max Flare|p2a: Rotom\n|-supereffective|p2a: Rotom\n|-damage|p2a: Rotom|26\/226\n|-weather|SunnyDay\n|\n|-weather|SunnyDay|[upkeep]\n|-heal|p2a: Rotom|40\/226|[from] item: Leftovers\n|upkeep\n|turn|13\n|\n|t:|1626279520\n|move|p2a: Rotom|Will-O-Wisp|p1a: Darmanitan\n|-status|p1a: Darmanitan|brn\n|move|p1a: Darmanitan|Max Flare|p2a: Rotom\n|-supereffective|p2a: Rotom\n|-damage|p2a: Rotom|0 fnt\n|faint|p2a: Rotom\n|\n|-weather|SunnyDay|[upkeep]\n|-damage|p1a: Darmanitan|564\/582 brn|[from] brn\n|upkeep\n|\n|t:|1626279537\n|switch|p2a: Venusaur|Venusaur, L82, M|265\/265\n|-damage|p2a: Venusaur|199\/265|[from] Spikes\n|turn|14\n|\n|t:|1626279544\n|move|p2a: Venusaur|Substitute|p2a: Venusaur\n|-start|p2a: Venusaur|Substitute\n|-damage|p2a: Venusaur|133\/265\n|move|p1a: Darmanitan|Max Flare|p2a: Venusaur\n|-supereffective|p2a: Venusaur\n|-end|p2a: Venusaur|Substitute\n|\n|-weather|SunnyDay|[upkeep]\n|-heal|p2a: Venusaur|149\/265|[from] item: Black Sludge\n|-damage|p1a: Darmanitan|546\/582 brn|[from] brn\n|-end|p1a: Darmanitan|Dynamax\n|-heal|p1a: Darmanitan|273\/291 brn|[silent]\n|upkeep\n|turn|15\n|\n|t:|1626279558\n|move|p2a: Venusaur|Substitute|p2a: Venusaur\n|-start|p2a: Venusaur|Substitute\n|-damage|p2a: Venusaur|83\/265\n|move|p1a: Darmanitan|Flare Blitz|p2a: Venusaur\n|-supereffective|p2a: Venusaur\n|-end|p2a: Venusaur|Substitute\n|-damage|p1a: Darmanitan|251\/291 brn|[from] Recoil|[of] p2a: Venusaur\n|\n|-weather|SunnyDay|[upkeep]\n|-heal|p2a: Venusaur|99\/265|[from] item: Black Sludge\n|-damage|p1a: Darmanitan|233\/291 brn|[from] brn\n|upkeep\n|turn|16\n|\n|t:|1626279571\n|move|p2a: Venusaur|Sludge Bomb|p1a: Darmanitan\n|-damage|p1a: Darmanitan|100\/291 brn\n|move|p1a: Darmanitan|Flare Blitz|p2a: Venusaur\n|-supereffective|p2a: Venusaur\n|-damage|p2a: Venusaur|0 fnt\n|faint|p2a: Venusaur\n|-damage|p1a: Darmanitan|67\/291 brn|[from] Recoil\n|\n|-weather|none\n|-damage|p1a: Darmanitan|49\/291 brn|[from] brn\n|upkeep\n|\n|t:|1626279585\n|switch|p2a: Ludicolo|Ludicolo, L86, F|278\/278\n|-damage|p2a: Ludicolo|209\/278|[from] Spikes\n|turn|17\n|\n|t:|1626279589\n|move|p1a: Darmanitan|Flare Blitz|p2a: Ludicolo\n|-damage|p2a: Ludicolo|122\/278\n|-damage|p1a: Darmanitan|20\/291 brn|[from] Recoil\n|move|p2a: Ludicolo|Rain Dance|p2a: Ludicolo\n|-weather|RainDance\n|\n|-weather|RainDance|[upkeep]\n|-damage|p1a: Darmanitan|2\/291 brn|[from] brn\n|upkeep\n|turn|18\n|\n|t:|1626279595\n|move|p2a: Ludicolo|Scald|p1a: Darmanitan\n|-damage|p1a: Darmanitan|0 fnt\n|faint|p1a: Darmanitan\n|-damage|p2a: Ludicolo|95\/278|[from] item: Life Orb\n|\n|-weather|RainDance|[upkeep]\n|upkeep\n|\n|t:|1626279602\n|switch|p1a: Ninetales|Ninetales-Alola, L80, F|248\/248\n|-weather|Hail|[from] ability: Snow Warning|[of] p1a: Ninetales\n|turn|19\n|\n|t:|1626279610\n|move|p1a: Ninetales|Nasty Plot|p1a: Ninetales\n|-boost|p1a: Ninetales|spa|2\n|move|p2a: Ludicolo|Rain Dance|p2a: Ludicolo\n|-weather|RainDance\n|\n|-weather|RainDance|[upkeep]\n|upkeep\n|turn|20\n|\n|t:|1626279617\n|move|p2a: Ludicolo|Scald|p1a: Ninetales\n|-damage|p1a: Ninetales|92\/248\n|-status|p1a: Ninetales|brn\n|-damage|p2a: Ludicolo|68\/278|[from] item: Life Orb\n|move|p1a: Ninetales|Freeze-Dry|p2a: Ludicolo\n|-supereffective|p2a: Ludicolo\n|-damage|p2a: Ludicolo|0 fnt\n|faint|p2a: Ludicolo\n|\n|-weather|RainDance|[upkeep]\n|-damage|p1a: Ninetales|77\/248 brn|[from] brn\n|upkeep\n|\n|t:|1626279627\n|switch|p2a: Ferrothorn|Ferrothorn, L78, F|184\/244\n|-damage|p2a: Ferrothorn|123\/244|[from] Spikes\n|turn|21\n|\n|t:|1626279633\n|-start|p2a: Ferrothorn|Dynamax\n|-heal|p2a: Ferrothorn|246\/488|[silent]\n|move|p1a: Ninetales|Blizzard|p2a: Ferrothorn|[miss]\n|-miss|p1a: Ninetales|p2a: Ferrothorn\n|move|p2a: Ferrothorn|Max Steelspike|p1a: Ninetales\n|-supereffective|p1a: Ninetales\n|-damage|p1a: Ninetales|0 fnt\n|-boost|p2a: Ferrothorn|def|1\n|faint|p1a: Ninetales\n|\n|-weather|RainDance|[upkeep]\n|-heal|p2a: Ferrothorn|261\/488|[from] item: Leftovers\n|upkeep\n|\n|t:|1626279639\n|switch|p1a: Vanilluxe|Vanilluxe, L82, M|251\/251\n|-weather|Hail|[from] ability: Snow Warning|[of] p1a: Vanilluxe\n|turn|22\n|\n|t:|1626279643\n|move|p1a: Vanilluxe|Blizzard|p2a: Ferrothorn\n|-damage|p2a: Ferrothorn|156\/488\n|move|p2a: Ferrothorn|Max Steelspike|p1a: Vanilluxe\n|-supereffective|p1a: Vanilluxe\n|-damage|p1a: Vanilluxe|0 fnt\n|-boost|p2a: Ferrothorn|def|1\n|faint|p1a: Vanilluxe\n|\n|-weather|Hail|[upkeep]\n|-damage|p2a: Ferrothorn|141\/488|[from] Hail\n|-heal|p2a: Ferrothorn|156\/488|[from] item: Leftovers\n|upkeep\n|\n|t:|1626279649\n|switch|p1a: Kyurem|Kyurem, L80|331\/331\n|-ability|p1a: Kyurem|Pressure\n|turn|23\n|\n|t:|1626279654\n|move|p1a: Kyurem|Ice Beam|p2a: Ferrothorn\n|-damage|p2a: Ferrothorn|54\/488\n|move|p2a: Ferrothorn|Max Steelspike|p1a: Kyurem\n|-supereffective|p1a: Kyurem\n|-damage|p1a: Kyurem|77\/331\n|-boost|p2a: Ferrothorn|def|1\n|\n|-weather|Hail|[upkeep]\n|-damage|p2a: Ferrothorn|39\/488|[from] Hail\n|-heal|p2a: Ferrothorn|54\/488|[from] item: Leftovers\n|-end|p2a: Ferrothorn|Dynamax\n|-heal|p2a: Ferrothorn|27\/244|[silent]\n|upkeep\n|turn|24\n|\n|t:|1626279662\n|move|p2a: Ferrothorn|Protect|p2a: Ferrothorn\n|-singleturn|p2a: Ferrothorn|Protect\n|move|p1a: Kyurem|Ice Beam|p2a: Ferrothorn\n|-activate|p2a: Ferrothorn|move: Protect\n|\n|-weather|Hail|[upkeep]\n|-damage|p2a: Ferrothorn|12\/244|[from] Hail\n|-heal|p2a: Ferrothorn|27\/244|[from] item: Leftovers\n|upkeep\n|turn|25\n|\n|t:|1626279667\n|move|p1a: Kyurem|Ice Beam|p2a: Ferrothorn\n|-damage|p2a: Ferrothorn|0 fnt\n|faint|p2a: Ferrothorn\n|\n|-weather|Hail|[upkeep]\n|upkeep\n|\n|t:|1626279675\n|switch|p2a: Cradily|Cradily, L86, M|288\/288\n|-damage|p2a: Cradily|216\/288|[from] Spikes\n|turn|26\n|\n|t:|1626279688\n|move|p1a: Kyurem|Roost|p1a: Kyurem\n|-heal|p1a: Kyurem|243\/331\n|-singleturn|p1a: Kyurem|move: Roost\n|move|p2a: Cradily|Stone Edge|p1a: Kyurem\n|-supereffective|p1a: Kyurem\n|-crit|p1a: Kyurem\n|-damage|p1a: Kyurem|0 fnt\n|faint|p1a: Kyurem\n|\n|win|Pokefreak77\n|raw|Mega TropI's rating: 1447 &rarr; <strong>1425<\/strong><br \/>(-22 for losing)\n|raw|Pokefreak77's rating: 1415 &rarr; <strong>1437<\/strong><br \/>(+22 for winning)\n|l|\u203dMega TropI\n||Ladder isn't responding, score probably updated but might not have (Request timeout).\n","inputlog":">version fa325f5743fcc859344e769f811df3c36cc986c3\n>start {\"formatid\":\"gen8monotyperandombattle\",\"seed\":[56836,32947,3864,25647],\"rated\":\"Rated battle\"}\n>player p1 {\"name\":\"Mega TropI\",\"avatar\":\"dawn-gen4pt\",\"rating\":1447,\"seed\":[1662,866,44964,22298]}\n>player p2 {\"name\":\"Pokefreak77\",\"avatar\":\"170\",\"rating\":1415,\"seed\":[11112,29332,48329,16603]}\n>p1 move freezedry\n>p2 switch 6\n>p1 move spikes\n>p2 move leechseed\n>p1 move rapidspin\n>p2 move stealthrock\n>p1 move spikes\n>p2 move leechseed\n>p1 move spikes\n>p2 move protect\n>p1 move rapidspin\n>p2 move stealthrock\n>p1 move rapidspin\n>p2 move leechseed\n>p1 switch 6\n>p2 move stealthrock\n>p1 move taunt\n>p2 move protect\n>p1 move taunt\n>p2 move gyroball\n>p1 switch 6\n>p1 move rapidspin\n>p2 move struggle\n>p1 switch 5\n>p1 move flareblitz dynamax\n>p2 switch 3\n>p1 move flareblitz dynamax\n>p2 move willowisp\n>p2 switch 6\n>p1 move flareblitz dynamax\n>p2 move substitute\n>p1 move flareblitz\n>p2 move substitute\n>p1 move flareblitz\n>p2 move sludgebomb\n>p2 switch 5\n>p1 move flareblitz\n>p2 move raindance\n>p1 move flareblitz\n>p2 move scald\n>p1 switch 3\n>p1 move nastyplot\n>p2 move raindance\n>p1 move freezedry\n>p2 move scald\n>p2 switch 3\n>p1 move blizzard\n>p2 move gyroball dynamax\n>p1 switch 4\n>p1 move blizzard\n>p2 move gyroball dynamax\n>p1 switch 2\n>p1 move icebeam\n>p2 move gyroball dynamax\n>p1 move icebeam\n>p2 move protect\n>p1 move icebeam\n>p2 move gyroball\n>p2 switch 4\n>p1 move roost\n>p2 move stoneedge","uploadtime":1626279697,"views":1,"p1id":"megatropi","p2id":"pokefreak77","formatid":"gen8monotyperandombattle","rating":1425,"private":0,"password":null}