{"id":"gen8randombattle-1546287330","p1":"AnonymousBW","p2":"Eclipse77","format":"gen8randombattle","log":"|j|\u2606AnonymousBW\n|j|\u2606Eclipse77\n|t:|1649131728\n|gametype|singles\n|player|p1|AnonymousBW|lucas|1462\n|player|p2|Eclipse77|hilda-wonderlauncher|1411\n|teamsize|p1|6\n|teamsize|p2|6\n|gen|8\n|tier|[Gen 8] Random Battle\n|rated|\n|rule|Species Clause: Limit one of each Pok\u00e9mon\n|rule|HP Percentage Mod: HP is shown in percentages\n|rule|Sleep Clause Mod: Limit one foe put to sleep\n|\n|t:|1649131728\n|start\n|switch|p1a: Entei|Entei, L78|307\/307\n|switch|p2a: Cinderace|Cinderace, L74, M|240\/240\n|turn|1\n|\n|t:|1649131770\n|move|p1a: Entei|Extreme Speed|p2a: Cinderace\n|-damage|p2a: Cinderace|141\/240\n|move|p2a: Cinderace|Pyro Ball|p1a: Entei\n|-resisted|p1a: Entei\n|-damage|p1a: Entei|244\/307\n|\n|upkeep\n|turn|2\n|c|\u2606Eclipse77|im so slow\n|\n|t:|1649131778\n|switch|p2a: Toxapex|Toxapex, L82, F|216\/216\n|move|p1a: Entei|Extreme Speed|p2a: Toxapex\n|-damage|p2a: Toxapex|158\/216\n|\n|-heal|p2a: Toxapex|171\/216|[from] item: Black Sludge\n|upkeep\n|turn|3\n|\n|t:|1649131791\n|switch|p1a: Hatterene|Hatterene, L86, F|238\/238\n|move|p2a: Toxapex|Toxic Spikes|p1a: Hatterene\n|move|p1a: Hatterene|Toxic Spikes|p2a: Toxapex|[from]ability: Magic Bounce\n|-sidestart|p2: Eclipse77|move: Toxic Spikes\n|\n|-heal|p2a: Toxapex|184\/216|[from] item: Black Sludge\n|upkeep\n|turn|4\n|\n|t:|1649131801\n|switch|p2a: Perrserker|Perrserker, L86, M|261\/261\n|move|p1a: Hatterene|Calm Mind|p1a: Hatterene\n|-boost|p1a: Hatterene|spa|1\n|-boost|p1a: Hatterene|spd|1\n|\n|upkeep\n|turn|5\n|\n|t:|1649131809\n|move|p2a: Perrserker|Iron Head|p1a: Hatterene\n|-supereffective|p1a: Hatterene\n|-damage|p1a: Hatterene|0 fnt\n|faint|p1a: Hatterene\n|\n|upkeep\n|inactive|Battle timer is ON: inactive players will automatically lose when time's up. (requested by Eclipse77)\n|\n|t:|1649131816\n|switch|p1a: Entei|Entei, L78|244\/307\n|turn|6\n|\n|t:|1649131821\n|switch|p2a: Toxapex|Toxapex, L82, F|216\/216\n|-sideend|p2: Eclipse77|move: Toxic Spikes|[of] p2a: Toxapex\n|move|p1a: Entei|Sacred Fire|p2a: Toxapex\n|-resisted|p2a: Toxapex\n|-damage|p2a: Toxapex|168\/216\n|\n|-heal|p2a: Toxapex|181\/216|[from] item: Black Sludge\n|upkeep\n|turn|7\n|\n|t:|1649131830\n|switch|p1a: Comfey|Comfey, L86, M|228\/228\n|move|p2a: Toxapex|Toxic Spikes|p1a: Comfey\n|-sidestart|p1: AnonymousBW|move: Toxic Spikes\n|\n|-heal|p2a: Toxapex|194\/216|[from] item: Black Sludge\n|upkeep\n|turn|8\n|\n|t:|1649131840\n|switch|p2a: Perrserker|Perrserker, L86, M|261\/261\n|move|p1a: Comfey|Calm Mind|p1a: Comfey\n|-boost|p1a: Comfey|spa|1\n|-boost|p1a: Comfey|spd|1\n|\n|upkeep\n|turn|9\n|\n|t:|1649131853\n|move|p1a: Comfey|Calm Mind|p1a: Comfey\n|-boost|p1a: Comfey|spa|1\n|-boost|p1a: Comfey|spd|1\n|move|p2a: Perrserker|Iron Head|p1a: Comfey\n|-supereffective|p1a: Comfey\n|-damage|p1a: Comfey|0 fnt\n|faint|p1a: Comfey\n|\n|upkeep\n|\n|t:|1649131862\n|switch|p1a: Tornadus|Tornadus-Therian, L78, M|251\/251\n|turn|10\n|\n|t:|1649131866\n|switch|p2a: Toxapex|Toxapex, L82, F|216\/216\n|move|p1a: Tornadus|Knock Off|p2a: Toxapex\n|-damage|p2a: Toxapex|176\/216\n|-enditem|p2a: Toxapex|Black Sludge|[from] move: Knock Off|[of] p1a: Tornadus\n|\n|upkeep\n|turn|11\n|\n|t:|1649131872\n|move|p1a: Tornadus|Defog|p2a: Toxapex\n|-unboost|p2a: Toxapex|evasion|1\n|-sideend|p1: AnonymousBW|Toxic Spikes|[from] move: Defog|[of] p1a: Tornadus\n|move|p2a: Toxapex|Scald|p1a: Tornadus\n|-damage|p1a: Tornadus|200\/251\n|\n|upkeep\n|turn|12\n|\n|t:|1649131879\n|move|p1a: Tornadus|Hurricane|p2a: Toxapex\n|-damage|p2a: Toxapex|98\/216\n|move|p2a: Toxapex|Toxic Spikes|p1a: Tornadus\n|-sidestart|p1: AnonymousBW|move: Toxic Spikes\n|\n|upkeep\n|turn|13\n|\n|t:|1649131884\n|switch|p2a: Arctozolt|Arctozolt, L86|295\/295\n|move|p1a: Tornadus|Hurricane|p2a: Arctozolt\n|-resisted|p2a: Arctozolt\n|-damage|p2a: Arctozolt|239\/295\n|\n|upkeep\n|turn|14\n|\n|t:|1649131897\n|move|p1a: Tornadus|Knock Off|p2a: Arctozolt\n|-damage|p2a: Arctozolt|180\/295\n|-enditem|p2a: Arctozolt|Heavy-Duty Boots|[from] move: Knock Off|[of] p1a: Tornadus\n|move|p2a: Arctozolt|Bolt Beak|p1a: Tornadus\n|-supereffective|p1a: Tornadus\n|-damage|p1a: Tornadus|0 fnt\n|faint|p1a: Tornadus\n|\n|upkeep\n|\n|t:|1649131909\n|switch|p1a: Tangrowth|Tangrowth, L84, F|305\/305\n|-status|p1a: Tangrowth|psn\n|turn|15\n|\n|t:|1649131916\n|-start|p2a: Arctozolt|Dynamax|\n|-heal|p2a: Arctozolt|360\/590|[silent]\n|move|p2a: Arctozolt|Max Hailstorm|p1a: Tangrowth\n|-supereffective|p1a: Tangrowth\n|-damage|p1a: Tangrowth|0 fnt\n|-weather|Hail\n|faint|p1a: Tangrowth\n|\n|-weather|Hail|[upkeep]\n|upkeep\n|\n|t:|1649131924\n|switch|p1a: Entei|Entei, L78|244\/307\n|-status|p1a: Entei|psn\n|turn|16\n|\n|t:|1649131930\n|move|p1a: Entei|Sacred Fire|p2a: Arctozolt\n|-supereffective|p2a: Arctozolt\n|-damage|p2a: Arctozolt|64\/590\n|move|p2a: Arctozolt|Max Lightning|p1a: Entei\n|-damage|p1a: Entei|73\/307 psn\n|-fieldstart|move: Electric Terrain\n|\n|-weather|Hail|[upkeep]\n|-damage|p1a: Entei|54\/307 psn|[from] Hail\n|-damage|p1a: Entei|16\/307 psn|[from] psn\n|upkeep\n|turn|17\n|\n|t:|1649131941\n|-end|p2a: Arctozolt|Dynamax\n|-heal|p2a: Arctozolt|32\/295|[silent]\n|switch|p2a: Toxapex|Toxapex, L82, F|170\/216\n|move|p1a: Entei|Sacred Fire|p2a: Toxapex\n|-resisted|p2a: Toxapex\n|-damage|p2a: Toxapex|121\/216\n|-status|p2a: Toxapex|brn\n|\n|-weather|Hail|[upkeep]\n|-damage|p1a: Entei|0 fnt|[from] Hail\n|-damage|p2a: Toxapex|108\/216 brn|[from] Hail\n|faint|p1a: Entei\n|-damage|p2a: Toxapex|95\/216 brn|[from] brn\n|upkeep\n|\n|t:|1649131953\n|switch|p1a: Glaceon|Glaceon, L88, F|258\/258\n|-status|p1a: Glaceon|psn\n|turn|18\n|\n|t:|1649131959\n|switch|p2a: Perrserker|Perrserker, L86, M|261\/261\n|move|p1a: Glaceon|Freeze-Dry|p2a: Perrserker\n|-resisted|p2a: Perrserker\n|-damage|p2a: Perrserker|200\/261\n|\n|-weather|Hail|[upkeep]\n|-damage|p2a: Perrserker|184\/261|[from] Hail\n|-damage|p1a: Glaceon|226\/258 psn|[from] psn\n|upkeep\n|turn|19\n|c|\u2606Eclipse77|gg\n|\n|t:|1649131971\n|move|p1a: Glaceon|Shadow Ball|p2a: Perrserker\n|-damage|p2a: Perrserker|85\/261\n|move|p2a: Perrserker|Iron Head|p1a: Glaceon\n|-supereffective|p1a: Glaceon\n|-damage|p1a: Glaceon|0 fnt\n|faint|p1a: Glaceon\n|\n|win|Eclipse77\n|raw|AnonymousBW's rating: 1462 &rarr; <strong>1439<\/strong><br \/>(-23 for losing)\n|raw|Eclipse77's rating: 1411 &rarr; <strong>1434<\/strong><br \/>(+23 for winning)\n|c|\u2606AnonymousBW|gg\n","inputlog":">version 0162639e2be10fee1f1935f037788d778e37d0f7\n>start {\"formatid\":\"gen8randombattle\",\"seed\":[46151,45466,23646,60487],\"rated\":\"Rated battle\"}\n>player p1 {\"name\":\"AnonymousBW\",\"avatar\":\"lucas\",\"rating\":1462,\"seed\":[21761,44498,63708,34139]}\n>player p2 {\"name\":\"Eclipse77\",\"avatar\":\"hilda-wonderlauncher\",\"rating\":1411,\"seed\":[50769,64441,56565,41463]}\n>p1 move extremespeed\n>p2 move pyroball\n>chat \u2606Eclipse77|im so slow\n>p1 move extremespeed\n>p2 switch 6\n>p1 switch 5\n>p2 move toxicspikes\n>p1 move calmmind\n>p2 switch 3\n>p1 move mysticalfire\n>p2 move ironhead\n>p1 switch 5\n>p1 move sacredfire\n>p2 switch 3\n>p1 switch 2\n>p2 move toxicspikes\n>p1 move calmmind\n>p2 switch 3\n>p1 move calmmind\n>p2 move ironhead\n>p1 switch 6\n>p1 move knockoff\n>p2 switch 3\n>p1 move defog\n>p2 move scald\n>p1 move hurricane\n>p2 move toxicspikes\n>p1 move hurricane\n>p2 switch 4\n>p1 move knockoff\n>p2 move boltbeak\n>p1 switch 3\n>p1 move sleeppowder\n>p2 move freezedry dynamax\n>p1 switch 2\n>p1 move sacredfire\n>p2 move boltbeak dynamax\n>p1 move sacredfire\n>p2 switch 4\n>p1 switch 4\n>p1 move freezedry\n>p2 switch 3\n>chat \u2606Eclipse77|gg\n>p1 move shadowball\n>p2 move ironhead","uploadtime":1649131981,"views":5,"p1id":"anonymousbw","p2id":"eclipse77","formatid":"gen8randombattle","rating":1434,"private":0,"password":null}