{"id":"gen8randombattle-1192329451","p1":"Rheinmetal","p2":"viddalocace","format":"gen8randombattle","log":"|j|\u2606Rheinmetal\n|j|\u2606viddalocace\n|t:|1600948833\n|player|p1|Rheinmetal|cynthia|1617\n|player|p2|viddalocace|preschooler|1640\n|teamsize|p1|6\n|teamsize|p2|6\n|gametype|singles\n|gen|8\n|tier|[Gen 8] Random Battle\n|rated|\n|rule|Species Clause: Limit one of each Pok\u00e9mon\n|rule|HP Percentage Mod: HP is shown in percentages\n|rule|Sleep Clause Mod: Limit one foe put to sleep\n|\n|t:|1600948833\n|start\n|switch|p1a: Armaldo|Armaldo, L88, M|275\/275\n|switch|p2a: Cinccino|Cinccino, L86, M|269\/269\n|turn|1\n|inactive|Battle timer is ON: inactive players will automatically lose when time's up. (requested by Rheinmetal)\n|inactive|Rheinmetal has 120 seconds left.\n|inactive|viddalocace has 120 seconds left.\n|inactive|Rheinmetal has 90 seconds left.\n|\n|t:|1600948918\n|switch|p2a: Registeel|Registeel, L84|272\/272\n|move|p1a: Armaldo|Swords Dance|p1a: Armaldo\n|-boost|p1a: Armaldo|atk|2\n|\n|upkeep\n|turn|2\n|inactive|Rheinmetal has 120 seconds left.\n|inactive|Rheinmetal has 90 seconds left.\n|\n|t:|1600948979\n|move|p2a: Registeel|Toxic|p1a: Armaldo\n|-status|p1a: Armaldo|tox\n|move|p1a: Armaldo|Earthquake|p2a: Registeel\n|-supereffective|p2a: Registeel\n|-damage|p2a: Registeel|32\/272\n|\n|-heal|p2a: Registeel|49\/272|[from] item: Leftovers\n|-damage|p1a: Armaldo|258\/275 tox|[from] psn\n|upkeep\n|turn|3\n|\n|t:|1600948987\n|move|p2a: Registeel|Protect|p2a: Registeel\n|-singleturn|p2a: Registeel|Protect\n|move|p1a: Armaldo|Earthquake|p2a: Registeel\n|-activate|p2a: Registeel|move: Protect\n|\n|-heal|p2a: Registeel|66\/272|[from] item: Leftovers\n|-damage|p1a: Armaldo|224\/275 tox|[from] psn\n|upkeep\n|turn|4\n|\n|t:|1600948993\n|move|p2a: Registeel|Seismic Toss|p1a: Armaldo\n|-damage|p1a: Armaldo|140\/275 tox\n|move|p1a: Armaldo|Earthquake|p2a: Registeel\n|-supereffective|p2a: Registeel\n|-damage|p2a: Registeel|0 fnt\n|faint|p2a: Registeel\n|\n|-damage|p1a: Armaldo|89\/275 tox|[from] psn\n|upkeep\n|\n|t:|1600948999\n|switch|p2a: Cramorant|Cramorant, L86, M|261\/261\n|turn|5\n|\n|t:|1600949018\n|move|p2a: Cramorant|Surf|p1a: Armaldo\n|-supereffective|p1a: Armaldo\n|-formechange|p2a: Cramorant|Cramorant-Gulping|\n|-damage|p1a: Armaldo|0 fnt\n|faint|p1a: Armaldo\n|\n|upkeep\n|\n|t:|1600949026\n|switch|p1a: Glalie|Glalie, L76, F|247\/247\n|turn|6\n|inactive|viddalocace has 120 seconds left.\n|\n|t:|1600949061\n|move|p1a: Glalie|Protect|p1a: Glalie\n|-singleturn|p1a: Glalie|Protect\n|move|p2a: Cramorant|Brave Bird|p1a: Glalie\n|-activate|p1a: Glalie|move: Protect\n|\n|-ability|p1a: Glalie|Moody|boost\n|-boost|p1a: Glalie|def|2\n|-unboost|p1a: Glalie|spd|1\n|upkeep\n|turn|7\n|\n|t:|1600949081\n|switch|p1a: Milotic|Milotic, L84, F|297\/297\n|move|p2a: Cramorant|Surf|p1a: Milotic\n|-resisted|p1a: Milotic\n|-damage|p1a: Milotic|264\/297\n|\n|-heal|p1a: Milotic|282\/297|[from] item: Leftovers\n|upkeep\n|turn|8\n|inactive|viddalocace has 120 seconds left.\n|\n|t:|1600949109\n|switch|p2a: Obstagoon|Obstagoon, L82, F|287\/287\n|move|p1a: Milotic|Toxic|p2a: Obstagoon\n|-status|p2a: Obstagoon|tox\n|\n|-heal|p1a: Milotic|297\/297|[from] item: Leftovers\n|-damage|p2a: Obstagoon|270\/287 tox|[from] psn\n|upkeep\n|turn|9\n|\n|t:|1600949135\n|move|p2a: Obstagoon|Knock Off|p1a: Milotic\n|-damage|p1a: Milotic|147\/297\n|-enditem|p1a: Milotic|Leftovers|[from] move: Knock Off|[of] p2a: Obstagoon\n|move|p1a: Milotic|Recover|p1a: Milotic\n|-heal|p1a: Milotic|296\/297\n|\n|-damage|p2a: Obstagoon|236\/287 tox|[from] psn\n|upkeep\n|turn|10\n|\n|t:|1600949147\n|switch|p2a: Dhelmise|Dhelmise, L84|255\/255\n|move|p1a: Milotic|Recover|p1a: Milotic\n|-heal|p1a: Milotic|297\/297\n|\n|upkeep\n|turn|11\n|inactive|Rheinmetal has 90 seconds left.\n|\n|t:|1600949175\n|switch|p1a: Gallade|Gallade, L86, M|257\/257\n|move|p2a: Dhelmise|Power Whip|p1a: Gallade|[miss]\n|-miss|p2a: Dhelmise|p1a: Gallade\n|\n|upkeep\n|turn|12\n|inactive|viddalocace has 120 seconds left.\n|\n|t:|1600949201\n|move|p1a: Gallade|Knock Off|p2a: Dhelmise\n|-supereffective|p2a: Dhelmise\n|-damage|p2a: Dhelmise|21\/255\n|-enditem|p2a: Dhelmise|Lum Berry|[from] move: Knock Off|[of] p1a: Gallade\n|move|p2a: Dhelmise|Poltergeist|p1a: Gallade\n|-activate|p1a: Gallade|move: Poltergeist|Choice Band\n|-supereffective|p1a: Gallade\n|-damage|p1a: Gallade|0 fnt\n|faint|p1a: Gallade\n|\n|upkeep\n|\n|t:|1600949209\n|switch|p1a: Milotic|Milotic, L84, F|297\/297\n|turn|13\n|\n|t:|1600949211\n|move|p1a: Milotic|Scald|p2a: Dhelmise\n|-resisted|p2a: Dhelmise\n|-damage|p2a: Dhelmise|0 fnt\n|faint|p2a: Dhelmise\n|\n|upkeep\n|inactive|viddalocace has 120 seconds left.\n|\n|t:|1600949217\n|switch|p2a: Cinccino|Cinccino, L86, M|269\/269\n|turn|14\n|inactive|Rheinmetal has 90 seconds left.\n|\n|t:|1600949271\n|switch|p1a: Venusaur|Venusaur, L82, M|265\/265\n|move|p2a: Cinccino|Bullet Seed|p1a: Venusaur\n|-resisted|p1a: Venusaur\n|-damage|p1a: Venusaur|261\/265\n|-resisted|p1a: Venusaur\n|-damage|p1a: Venusaur|256\/265\n|-resisted|p1a: Venusaur\n|-damage|p1a: Venusaur|251\/265\n|-resisted|p1a: Venusaur\n|-damage|p1a: Venusaur|246\/265\n|-resisted|p1a: Venusaur\n|-damage|p1a: Venusaur|241\/265\n|-hitcount|p1a: Venusaur|5\n|\n|-heal|p1a: Venusaur|257\/265|[from] item: Black Sludge\n|upkeep\n|turn|15\n|\n|t:|1600949286\n|move|p2a: Cinccino|Knock Off|p1a: Venusaur\n|-damage|p1a: Venusaur|182\/265\n|-enditem|p1a: Venusaur|Black Sludge|[from] move: Knock Off|[of] p2a: Cinccino\n|move|p1a: Venusaur|Leech Seed|p2a: Cinccino\n|-start|p2a: Cinccino|move: Leech Seed\n|\n|-damage|p2a: Cinccino|236\/269|[from] Leech Seed|[of] p1a: Venusaur\n|-heal|p1a: Venusaur|215\/265|[silent]\n|upkeep\n|turn|16\n|\n|t:|1600949292\n|switch|p2a: Cramorant|Cramorant, L86, M|261\/261\n|move|p1a: Venusaur|Substitute|p1a: Venusaur\n|-start|p1a: Venusaur|Substitute\n|-damage|p1a: Venusaur|149\/265\n|\n|upkeep\n|turn|17\n|inactive|Rheinmetal has 90 seconds left.\n|\n|t:|1600949330\n|move|p2a: Cramorant|Surf|p1a: Venusaur\n|-resisted|p1a: Venusaur\n|-activate|p1a: Venusaur|move: Substitute|[damage]\n|-formechange|p2a: Cramorant|Cramorant-Gulping|\n|move|p1a: Venusaur|Giga Drain|p2a: Cramorant\n|-crit|p2a: Cramorant\n|-damage|p2a: Cramorant|158\/261\n|-heal|p1a: Venusaur|201\/265|[from] drain|[of] p2a: Cramorant\n|-damage|p1a: Venusaur|135\/265|[from] ability: Gulp Missile|[of] p2a: Cramorant\n|-unboost|p1a: Venusaur|def|1\n|-formechange|p2a: Cramorant|Cramorant|\n|\n|upkeep\n|turn|18\n|\n|t:|1600949339\n|move|p2a: Cramorant|Brave Bird|p1a: Venusaur\n|-supereffective|p1a: Venusaur\n|-end|p1a: Venusaur|Substitute\n|-damage|p2a: Cramorant|150\/261|[from] Recoil|[of] p1a: Venusaur\n|move|p1a: Venusaur|Leech Seed|p2a: Cramorant\n|-start|p2a: Cramorant|move: Leech Seed\n|\n|-damage|p2a: Cramorant|118\/261|[from] Leech Seed|[of] p1a: Venusaur\n|-heal|p1a: Venusaur|167\/265|[silent]\n|upkeep\n|turn|19\n|\n|t:|1600949349\n|switch|p1a: Milotic|Milotic, L84, F|297\/297\n|move|p2a: Cramorant|Defog|p1a: Milotic\n|-unboost|p1a: Milotic|evasion|1\n|\n|-damage|p2a: Cramorant|86\/261|[from] Leech Seed|[of] p1a: Milotic\n|upkeep\n|turn|20\n|\n|t:|1600949362\n|move|p2a: Cramorant|Roost|p2a: Cramorant\n|-heal|p2a: Cramorant|217\/261\n|-singleturn|p2a: Cramorant|move: Roost\n|move|p1a: Milotic|Scald|p2a: Cramorant\n|-resisted|p2a: Cramorant\n|-damage|p2a: Cramorant|181\/261\n|\n|-damage|p2a: Cramorant|149\/261|[from] Leech Seed|[of] p1a: Milotic\n|upkeep\n|turn|21\n|\n|t:|1600949376\n|switch|p2a: Obstagoon|Obstagoon, L82, F|236\/287 tox\n|move|p1a: Milotic|Toxic|p2a: Obstagoon\n|-fail|p2a: Obstagoon|tox\n|\n|-damage|p2a: Obstagoon|219\/287 tox|[from] psn\n|upkeep\n|turn|22\n|\n|t:|1600949380\n|move|p2a: Obstagoon|Facade|p1a: Milotic\n|-damage|p1a: Milotic|96\/297\n|move|p1a: Milotic|Recover|p1a: Milotic\n|-heal|p1a: Milotic|245\/297\n|\n|-damage|p2a: Obstagoon|185\/287 tox|[from] psn\n|upkeep\n|turn|23\n|\n|t:|1600949385\n|move|p2a: Obstagoon|Bulk Up|p2a: Obstagoon\n|-boost|p2a: Obstagoon|atk|1\n|-boost|p2a: Obstagoon|def|1\n|move|p1a: Milotic|Recover|p1a: Milotic\n|-heal|p1a: Milotic|297\/297\n|\n|-damage|p2a: Obstagoon|134\/287 tox|[from] psn\n|upkeep\n|turn|24\n|\n|t:|1600949395\n|move|p2a: Obstagoon|Facade|p1a: Milotic\n|-damage|p1a: Milotic|2\/297\n|move|p1a: Milotic|Haze|p1a: Milotic\n|-clearallboost\n|\n|-damage|p2a: Obstagoon|66\/287 tox|[from] psn\n|upkeep\n|turn|25\n|\n|t:|1600949399\n|move|p2a: Obstagoon|Facade|p1a: Milotic\n|-damage|p1a: Milotic|0 fnt\n|faint|p1a: Milotic\n|\n|-damage|p2a: Obstagoon|0 fnt|[from] psn\n|faint|p2a: Obstagoon\n|upkeep\n|\n|t:|1600949404\n|switch|p2a: Cinccino|Cinccino, L86, M|236\/269\n|switch|p1a: Glalie|Glalie, L76, F|247\/247\n|turn|26\n|\n|t:|1600949411\n|move|p1a: Glalie|Protect|p1a: Glalie\n|-singleturn|p1a: Glalie|Protect\n|move|p2a: Cinccino|Rock Blast|p1a: Glalie\n|-activate|p1a: Glalie|move: Protect\n|\n|-ability|p1a: Glalie|Moody|boost\n|-boost|p1a: Glalie|spd|2\n|-unboost|p1a: Glalie|def|1\n|upkeep\n|turn|27\n|\n|t:|1600949417\n|switch|p1a: Aromatisse|Aromatisse, L86, F|314\/314\n|move|p2a: Cinccino|Rock Blast|p1a: Aromatisse\n|-damage|p1a: Aromatisse|292\/314\n|-damage|p1a: Aromatisse|270\/314\n|-damage|p1a: Aromatisse|250\/314\n|-damage|p1a: Aromatisse|229\/314\n|-damage|p1a: Aromatisse|207\/314\n|-hitcount|p1a: Aromatisse|5\n|\n|-heal|p1a: Aromatisse|226\/314|[from] item: Leftovers\n|upkeep\n|turn|28\n|\n|t:|1600949428\n|move|p2a: Cinccino|Tail Slap|p1a: Aromatisse\n|-damage|p1a: Aromatisse|195\/314\n|-damage|p1a: Aromatisse|164\/314\n|-damage|p1a: Aromatisse|134\/314\n|-damage|p1a: Aromatisse|101\/314\n|-damage|p1a: Aromatisse|70\/314\n|-hitcount|p1a: Aromatisse|5\n|move|p1a: Aromatisse|Toxic|p2a: Cinccino\n|-status|p2a: Cinccino|tox\n|\n|-heal|p1a: Aromatisse|89\/314|[from] item: Leftovers\n|-damage|p2a: Cinccino|220\/269 tox|[from] psn\n|upkeep\n|turn|29\n|\n|t:|1600949439\n|switch|p2a: Cramorant|Cramorant, L86, M|149\/261\n|move|p1a: Aromatisse|Protect||[still]\n|-fail|p1a: Aromatisse\n|\n|-heal|p1a: Aromatisse|108\/314|[from] item: Leftovers\n|upkeep\n|turn|30\n|\n|t:|1600949445\n|move|p1a: Aromatisse|Protect|p1a: Aromatisse\n|-singleturn|p1a: Aromatisse|Protect\n|move|p2a: Cramorant|Surf|p1a: Aromatisse\n|-activate|p1a: Aromatisse|move: Protect\n|\n|-heal|p1a: Aromatisse|127\/314|[from] item: Leftovers\n|upkeep\n|turn|31\n|\n|t:|1600949450\n|move|p2a: Cramorant|Surf|p1a: Aromatisse\n|-formechange|p2a: Cramorant|Cramorant-Gulping|\n|-damage|p1a: Aromatisse|43\/314\n|move|p1a: Aromatisse|Wish|p1a: Aromatisse\n|\n|-heal|p1a: Aromatisse|62\/314|[from] item: Leftovers\n|upkeep\n|turn|32\n|\n|t:|1600949455\n|switch|p2a: Sudowoodo|Sudowoodo, L88, M|266\/266\n|move|p1a: Aromatisse|Protect||[still]\n|-fail|p1a: Aromatisse\n|\n|-heal|p1a: Aromatisse|219\/314|[from] move: Wish|[wisher] Aromatisse\n|-heal|p1a: Aromatisse|238\/314|[from] item: Leftovers\n|upkeep\n|turn|33\n|\n|t:|1600949464\n|move|p2a: Sudowoodo|Stealth Rock|p1a: Aromatisse\n|-sidestart|p1: Rheinmetal|move: Stealth Rock\n|move|p1a: Aromatisse|Wish|p1a: Aromatisse\n|\n|-heal|p1a: Aromatisse|257\/314|[from] item: Leftovers\n|upkeep\n|turn|34\n|\n|t:|1600949471\n|switch|p1a: Venusaur|Venusaur, L82, M|167\/265\n|-damage|p1a: Venusaur|134\/265|[from] Stealth Rock\n|move|p2a: Sudowoodo|Head Smash|p1a: Venusaur|[miss]\n|-miss|p2a: Sudowoodo|p1a: Venusaur\n|\n|-heal|p1a: Venusaur|265\/265|[from] move: Wish|[wisher] Aromatisse\n|upkeep\n|turn|35\n|\n|t:|1600949485\n|switch|p2a: Cinccino|Cinccino, L86, M|220\/269 tox\n|move|p1a: Venusaur|Substitute|p1a: Venusaur\n|-start|p1a: Venusaur|Substitute\n|-damage|p1a: Venusaur|199\/265\n|\n|-damage|p2a: Cinccino|204\/269 tox|[from] psn\n|upkeep\n|turn|36\n|\n|t:|1600949489\n|move|p2a: Cinccino|Tail Slap|p1a: Venusaur\n|-activate|p1a: Venusaur|move: Substitute|[damage]\n|-activate|p1a: Venusaur|move: Substitute|[damage]\n|-end|p1a: Venusaur|Substitute\n|-damage|p1a: Venusaur|169\/265\n|-damage|p1a: Venusaur|141\/265\n|-hitcount|p1a: Venusaur|5\n|move|p1a: Venusaur|Leech Seed|p2a: Cinccino\n|-start|p2a: Cinccino|move: Leech Seed\n|\n|-damage|p2a: Cinccino|171\/269 tox|[from] Leech Seed|[of] p1a: Venusaur\n|-heal|p1a: Venusaur|174\/265|[silent]\n|-damage|p2a: Cinccino|139\/269 tox|[from] psn\n|upkeep\n|turn|37\n|\n|t:|1600949498\n|move|p2a: Cinccino|Tail Slap|p1a: Venusaur\n|-damage|p1a: Venusaur|143\/265\n|-damage|p1a: Venusaur|112\/265\n|-damage|p1a: Venusaur|81\/265\n|-damage|p1a: Venusaur|51\/265\n|-damage|p1a: Venusaur|20\/265\n|-hitcount|p1a: Venusaur|5\n|move|p1a: Venusaur|Giga Drain|p2a: Cinccino\n|-damage|p2a: Cinccino|0 fnt\n|-heal|p1a: Venusaur|90\/265|[from] drain|[of] p2a: Cinccino\n|faint|p2a: Cinccino\n|\n|upkeep\n|\n|t:|1600949508\n|switch|p2a: Cramorant|Cramorant, L86, M|149\/261\n|turn|38\n|\n|t:|1600949517\n|switch|p1a: Aromatisse|Aromatisse, L86, F|257\/314\n|-damage|p1a: Aromatisse|218\/314|[from] Stealth Rock\n|-start|p2a: Cramorant|Dynamax\n|-heal|p2a: Cramorant|298\/522|[silent]\n|move|p2a: Cramorant|Max Airstream|p1a: Aromatisse\n|-crit|p1a: Aromatisse\n|-damage|p1a: Aromatisse|0 fnt\n|-boost|p2a: Cramorant|spe|1\n|faint|p1a: Aromatisse\n|\n|upkeep\n|\n|t:|1600949520\n|switch|p1a: Glalie|Glalie, L76, F|247\/247\n|-damage|p1a: Glalie|186\/247|[from] Stealth Rock\n|turn|39\n|\n|t:|1600949525\n|move|p1a: Glalie|Protect|p1a: Glalie\n|-singleturn|p1a: Glalie|Protect\n|move|p2a: Cramorant|Max Airstream|p1a: Glalie\n|-crit|p1a: Glalie\n|-zbroken|p1a: Glalie\n|-damage|p1a: Glalie|128\/247\n|-boost|p2a: Cramorant|spe|1\n|\n|-heal|p1a: Glalie|143\/247|[from] item: Leftovers\n|-ability|p1a: Glalie|Moody|boost\n|-boost|p1a: Glalie|def|2\n|-unboost|p1a: Glalie|spd|1\n|upkeep\n|turn|40\n|\n|t:|1600949531\n|move|p2a: Cramorant|Max Geyser|p1a: Glalie\n|-damage|p1a: Glalie|0 fnt\n|-weather|RainDance\n|faint|p1a: Glalie\n|\n|-weather|RainDance|[upkeep]\n|-end|p2a: Cramorant|Dynamax\n|-heal|p2a: Cramorant|149\/261|[silent]\n|upkeep\n|-message|Rheinmetal forfeited.\n|\n|win|viddalocace\n|l|\u2606Rheinmetal\n|raw|Rheinmetal's rating: 1617 &rarr; <strong>1598<\/strong><br \/>(-19 for losing)\n|raw|viddalocace's rating: 1640 &rarr; <strong>1659<\/strong><br \/>(+19 for winning)\n|c|\u2606viddalocace|gg\n","inputlog":">version 0d71ec82c3aad7b1916098265c858e9d35c89d2e\n>start {\"formatid\":\"gen8randombattle\",\"seed\":[16661,6737,4194,61381],\"rated\":\"Rated battle\"}\n>player p1 {\"name\":\"Rheinmetal\",\"avatar\":\"cynthia\",\"team\":\"\",\"rating\":1617,\"seed\":[7202,18877,35672,38988]}\n>player p2 {\"name\":\"viddalocace\",\"avatar\":\"preschooler\",\"team\":\"\",\"rating\":1640,\"seed\":[44731,56178,46460,56346]}\n>p1 move swordsdance\n>p2 switch 5\n>p1 move earthquake\n>p2 move toxic\n>p1 move earthquake\n>p2 move protect\n>p1 move earthquake\n>p2 move seismictoss\n>p2 switch 4\n>p1 move stoneedge\n>p2 move surf\n>p1 switch 3\n>p1 move protect\n>p2 move bravebird\n>p1 switch 2\n>p2 move surf\n>p1 move toxic\n>p2 switch 2\n>p1 move recover\n>p2 move knockoff\n>p1 move recover\n>p2 switch 6\n>p1 switch 5\n>p2 move powerwhip\n>p1 move knockoff\n>p2 move poltergeist\n>p1 switch 5\n>p1 move scald\n>p2 move powerwhip\n>p2 switch 5\n>p1 switch 4\n>p2 move bulletseed\n>p1 move leechseed\n>p2 move knockoff\n>p1 move substitute\n>p2 switch 2\n>p1 move gigadrain\n>p2 move surf\n>p1 move leechseed\n>p2 move bravebird\n>p1 switch 4\n>p2 move defog\n>p1 move scald\n>p2 move roost\n>p1 move toxic\n>p2 switch 6\n>p1 move recover\n>p2 move facade\n>p1 move recover\n>p2 move bulkup\n>p1 move haze\n>p2 move facade\n>p1 move recover\n>p2 move facade\n>p1 switch 2\n>p2 switch 2\n>p1 move protect\n>p2 move rockblast\n>p1 switch 6\n>p2 move rockblast\n>p1 move toxic\n>p2 move tailslap\n>p1 move protect\n>p2 switch 6\n>p1 move protect\n>p2 move surf\n>p1 move wish\n>p2 move surf\n>p1 move protect\n>p2 switch 3\n>p1 move wish\n>p2 move stealthrock\n>p1 switch 4\n>p2 move headsmash\n>p1 move substitute\n>p2 switch 6\n>p1 move leechseed\n>p2 move tailslap\n>p1 move gigadrain\n>p2 move tailslap\n>p2 switch 3\n>p1 switch 4\n>p2 move bravebird dynamax\n>p1 switch 6\n>p1 move protect\n>p2 move bravebird dynamax\n>p1 move substitute\n>p2 move surf dynamax","uploadtime":1600949554,"views":5,"p1id":"rheinmetal","p2id":"viddalocace","formatid":"gen8randombattle","rating":1598,"private":0,"password":null}