{"id":"gen8randombattle-1528957200","p1":"firepunch917","p2":"nana baba","format":"gen8randombattle","log":"|j|\u2606firepunch917\n|j|\u2606nana baba\n|t:|1647061173\n|gametype|singles\n|player|p1|firepunch917|101|1750\n|player|p2|nana baba|1|1782\n|teamsize|p1|6\n|teamsize|p2|6\n|gen|8\n|tier|[Gen 8] Random Battle\n|rated|\n|rule|Species Clause: Limit one of each Pok\u00e9mon\n|rule|HP Percentage Mod: HP is shown in percentages\n|rule|Sleep Clause Mod: Limit one foe put to sleep\n|\n|t:|1647061174\n|start\n|switch|p1a: Chansey|Chansey, L84, F|557\/557\n|switch|p2a: Sawk|Sawk, L86, M|269\/269\n|-ability|p2a: Sawk|Mold Breaker\n|turn|1\n|\n|t:|1647061188\n|switch|p1a: Eternatus|Eternatus, L69|308\/308\n|-ability|p1a: Eternatus|Pressure\n|move|p2a: Sawk|Bulk Up|p2a: Sawk\n|-boost|p2a: Sawk|atk|1\n|-boost|p2a: Sawk|def|1\n|\n|upkeep\n|turn|2\n|\n|t:|1647061197\n|move|p1a: Eternatus|Toxic|p2a: Sawk\n|-status|p2a: Sawk|tox\n|move|p2a: Sawk|Knock Off|p1a: Eternatus\n|-damage|p1a: Eternatus|105\/308\n|-enditem|p1a: Eternatus|Black Sludge|[from] move: Knock Off|[of] p2a: Sawk\n|-damage|p2a: Sawk|243\/269 tox|[from] item: Life Orb\n|\n|-damage|p2a: Sawk|227\/269 tox|[from] psn\n|upkeep\n|turn|3\n|\n|t:|1647061211\n|move|p1a: Eternatus|Recover|p1a: Eternatus\n|-heal|p1a: Eternatus|259\/308\n|move|p2a: Sawk|Knock Off|p1a: Eternatus\n|-damage|p1a: Eternatus|124\/308\n|-damage|p2a: Sawk|201\/269 tox|[from] item: Life Orb\n|\n|-damage|p2a: Sawk|169\/269 tox|[from] psn\n|upkeep\n|turn|4\n|\n|t:|1647061222\n|switch|p2a: Omastar|Omastar, L82, M|249\/249\n|move|p1a: Eternatus|Recover|p1a: Eternatus\n|-heal|p1a: Eternatus|278\/308\n|\n|upkeep\n|turn|5\n|\n|t:|1647061229\n|move|p1a: Eternatus|Toxic|p2a: Omastar\n|-status|p2a: Omastar|tox\n|move|p2a: Omastar|Stealth Rock|p1a: Eternatus\n|-sidestart|p1: firepunch917|move: Stealth Rock\n|\n|-damage|p2a: Omastar|234\/249 tox|[from] psn\n|upkeep\n|turn|6\n|\n|t:|1647061236\n|switch|p1a: Chansey|Chansey, L84, F|557\/557\n|-damage|p1a: Chansey|488\/557|[from] Stealth Rock\n|move|p2a: Omastar|Earth Power|p1a: Chansey\n|-damage|p1a: Chansey|440\/557\n|-unboost|p1a: Chansey|spd|1\n|-damage|p2a: Omastar|210\/249 tox|[from] item: Life Orb\n|\n|-damage|p2a: Omastar|180\/249 tox|[from] psn\n|upkeep\n|turn|7\n|\n|t:|1647061247\n|switch|p2a: Skarmory|Skarmory, L80, M|235\/235\n|move|p1a: Chansey|Stealth Rock|p2a: Skarmory\n|-sidestart|p2: nana baba|move: Stealth Rock\n|\n|upkeep\n|turn|8\n|\n|t:|1647061253\n|switch|p1a: Ninetales|Ninetales-Alola, L79, F|245\/245\n|-damage|p1a: Ninetales|184\/245|[from] Stealth Rock\n|-weather|Hail|[from] ability: Snow Warning|[of] p1a: Ninetales\n|move|p2a: Skarmory|Spikes|p1a: Ninetales\n|-sidestart|p1: firepunch917|Spikes\n|\n|-weather|Hail|[upkeep]\n|-damage|p2a: Skarmory|221\/235|[from] Hail\n|-heal|p2a: Skarmory|235\/235|[from] item: Leftovers\n|upkeep\n|turn|9\n|\n|t:|1647061264\n|move|p1a: Ninetales|Blizzard|p2a: Skarmory\n|-damage|p2a: Skarmory|127\/235\n|-status|p2a: Skarmory|frz\n|-curestatus|p2a: Skarmory|frz|[msg]\n|move|p2a: Skarmory|Spikes|p1a: Ninetales\n|-sidestart|p1: firepunch917|Spikes\n|\n|-weather|Hail|[upkeep]\n|-damage|p2a: Skarmory|113\/235|[from] Hail\n|-heal|p2a: Skarmory|127\/235|[from] item: Leftovers\n|upkeep\n|turn|10\n|\n|t:|1647061274\n|move|p1a: Ninetales|Nasty Plot|p1a: Ninetales\n|-boost|p1a: Ninetales|spa|2\n|move|p2a: Skarmory|Roost|p2a: Skarmory\n|-heal|p2a: Skarmory|235\/235\n|-singleturn|p2a: Skarmory|move: Roost\n|\n|-weather|Hail|[upkeep]\n|-damage|p2a: Skarmory|221\/235|[from] Hail\n|-heal|p2a: Skarmory|235\/235|[from] item: Leftovers\n|upkeep\n|turn|11\n|\n|t:|1647061284\n|move|p1a: Ninetales|Nasty Plot|p1a: Ninetales\n|-boost|p1a: Ninetales|spa|2\n|move|p2a: Skarmory|Whirlwind|p1a: Ninetales\n|drag|p1a: Eternatus|Eternatus, L69|278\/308\n|-damage|p1a: Eternatus|240\/308|[from] Stealth Rock\n|-damage|p1a: Eternatus|189\/308|[from] Spikes\n|-ability|p1a: Eternatus|Pressure\n|\n|-weather|Hail|[upkeep]\n|-damage|p1a: Eternatus|170\/308|[from] Hail\n|-damage|p2a: Skarmory|221\/235|[from] Hail\n|-heal|p2a: Skarmory|235\/235|[from] item: Leftovers\n|upkeep\n|turn|12\n|\n|t:|1647061297\n|move|p1a: Eternatus|Flamethrower|p2a: Skarmory\n|-supereffective|p2a: Skarmory\n|-damage|p2a: Skarmory|97\/235\n|-status|p2a: Skarmory|brn\n|move|p2a: Skarmory|Brave Bird|p1a: Eternatus\n|-damage|p1a: Eternatus|110\/308\n|-damage|p2a: Skarmory|77\/235 brn|[from] Recoil\n|\n|-weather|none\n|-heal|p2a: Skarmory|91\/235 brn|[from] item: Leftovers\n|-damage|p2a: Skarmory|77\/235 brn|[from] brn\n|upkeep\n|turn|13\n|c|\u2606nana baba|what the\n|\n|t:|1647061309\n|move|p1a: Eternatus|Flamethrower|p2a: Skarmory\n|-supereffective|p2a: Skarmory\n|-damage|p2a: Skarmory|0 fnt\n|faint|p2a: Skarmory\n|\n|upkeep\n|\n|t:|1647061315\n|switch|p2a: Barraskewda|Barraskewda, L80, F|229\/229\n|-damage|p2a: Barraskewda|201\/229|[from] Stealth Rock\n|turn|14\n|\n|t:|1647061320\n|move|p2a: Barraskewda|Psychic Fangs|p1a: Eternatus\n|-supereffective|p1a: Eternatus\n|-damage|p1a: Eternatus|0 fnt\n|faint|p1a: Eternatus\n|\n|upkeep\n|\n|t:|1647061325\n|switch|p1a: Lunala|Lunala, L72|316\/316\n|-damage|p1a: Lunala|264\/316|[from] Spikes\n|-damage|p1a: Lunala|225\/316|[from] Stealth Rock\n|turn|15\n|\n|t:|1647061331\n|-start|p2a: Barraskewda|Dynamax\n|-heal|p2a: Barraskewda|402\/458|[silent]\n|move|p2a: Barraskewda|Max Darkness|p1a: Lunala\n|-supereffective|p1a: Lunala\n|-damage|p1a: Lunala|0 fnt\n|faint|p1a: Lunala\n|\n|upkeep\n|\n|t:|1647061337\n|switch|p1a: Articuno|Articuno, L84|288\/288\n|-ability|p1a: Articuno|Pressure\n|turn|16\n|\n|t:|1647061343\n|move|p2a: Barraskewda|Max Geyser|p1a: Articuno\n|-damage|p1a: Articuno|137\/288\n|-weather|RainDance\n|move|p1a: Articuno|Freeze-Dry|p2a: Barraskewda\n|-supereffective|p2a: Barraskewda\n|-damage|p2a: Barraskewda|174\/458\n|\n|-weather|RainDance|[upkeep]\n|upkeep\n|turn|17\n|\n|t:|1647061350\n|switch|p1a: Ninetales|Ninetales-Alola, L79, F|184\/245\n|-damage|p1a: Ninetales|123\/245|[from] Stealth Rock\n|-damage|p1a: Ninetales|83\/245|[from] Spikes\n|-weather|Hail|[from] ability: Snow Warning|[of] p1a: Ninetales\n|move|p2a: Barraskewda|Max Geyser|p1a: Ninetales\n|-damage|p1a: Ninetales|0 fnt\n|-weather|RainDance\n|faint|p1a: Ninetales\n|\n|-weather|RainDance|[upkeep]\n|-end|p2a: Barraskewda|Dynamax\n|-heal|p2a: Barraskewda|87\/229|[silent]\n|upkeep\n|\n|t:|1647061353\n|switch|p1a: Articuno|Articuno, L84|137\/288\n|-ability|p1a: Articuno|Pressure\n|turn|18\n|-message|firepunch917 forfeited.\n|\n|win|nana baba\n|raw|firepunch917's rating: 1750 &rarr; <strong>1732<\/strong><br \/>(-18 for losing)\n|raw|nana baba's rating: 1782 &rarr; <strong>1800<\/strong><br \/>(+18 for winning)\n|l|\u2606firepunch917\n","inputlog":">version e9deaee697f0aed847603e533c876735320f616f\n>start {\"formatid\":\"gen8randombattle\",\"seed\":[19814,27912,7830,41933],\"rated\":\"Rated battle\"}\n>player p1 {\"name\":\"firepunch917\",\"avatar\":\"101\",\"rating\":1750,\"seed\":[10860,28087,40404,37688]}\n>player p2 {\"name\":\"nana baba\",\"avatar\":\"1\",\"rating\":1782,\"seed\":[6384,43937,21317,52222]}\n>p1 switch 3\n>p2 move bulkup\n>p1 move toxic\n>p2 move knockoff\n>p1 move recover\n>p2 move knockoff\n>p1 move recover\n>p2 switch 4\n>p1 move toxic\n>p2 move stealthrock\n>p1 switch 3\n>p2 move earthpower\n>p1 move stealthrock\n>p2 switch 3\n>p1 switch 5\n>p2 move spikes\n>p1 move blizzard\n>p2 move spikes\n>p1 move nastyplot\n>p2 move roost\n>p1 move nastyplot\n>p2 move whirlwind\n>p1 move flamethrower\n>p2 move bravebird\n>chat \u2606nana baba|what the\n>p1 move flamethrower\n>p2 move spikes\n>p2 switch 5\n>p1 move recover\n>p2 move psychicfangs\n>p1 switch 6\n>p1 move moongeistbeam\n>p2 move crunch dynamax\n>p1 switch 4\n>p1 move freezedry\n>p2 move liquidation dynamax\n>p1 switch 3\n>p2 move liquidation dynamax\n>p1 switch 3\n>forcelose p1","uploadtime":1647061367,"views":6,"p1id":"firepunch917","p2id":"nanababa","formatid":"gen8randombattle","rating":1732,"private":0,"password":null}