{"id":"gen8randombattle-1189735445","p1":"Sparkesque","p2":"SpookyHard","format":"gen8randombattle","log":"|j|\u2606Sparkesque\n|j|\u2606SpookyHard\n|t:|1600540887\n|player|p1|Sparkesque|policeman|1560\n|player|p2|SpookyHard|ethan|1560\n|teamsize|p1|6\n|teamsize|p2|6\n|gametype|singles\n|gen|8\n|tier|[Gen 8] Random Battle\n|rated|\n|rule|Species Clause: Limit one of each Pok\u00e9mon\n|rule|HP Percentage Mod: HP is shown in percentages\n|rule|Sleep Clause Mod: Limit one foe put to sleep\n|\n|t:|1600540887\n|start\n|switch|p1a: Farfetch\u2019d|Farfetch\u2019d, L88, M|235\/235\n|switch|p2a: Dragalge|Dragalge, L84, F|246\/246\n|turn|1\n|inactive|Battle timer is ON: inactive players will automatically lose when time's up. (requested by Sparkesque)\n|\n|t:|1600540903\n|move|p1a: Farfetch\u2019d|Brave Bird|p2a: Dragalge\n|-damage|p2a: Dragalge|126\/246\n|-damage|p1a: Farfetch\u2019d|195\/235|[from] Recoil\n|move|p2a: Dragalge|Draco Meteor|p1a: Farfetch\u2019d\n|-damage|p1a: Farfetch\u2019d|0 fnt\n|-unboost|p2a: Dragalge|spa|2\n|faint|p1a: Farfetch\u2019d\n|\n|upkeep\n|\n|t:|1600540914\n|switch|p1a: Alakazam|Alakazam, L80, M|219\/219\n|turn|2\n|\n|t:|1600540928\n|switch|p2a: Stunfisk|Stunfisk-Galar, L86, F|243\/243\n|move|p1a: Alakazam|Psychic|p2a: Stunfisk\n|-immune|p2a: Stunfisk\n|\n|upkeep\n|turn|3\n|\n|t:|1600540946\n|move|p1a: Alakazam|Focus Blast|p2a: Stunfisk\n|-supereffective|p2a: Stunfisk\n|-damage|p2a: Stunfisk|0 fnt\n|replace|p2a: Zoroark|Zoroark, L86, F\n|-end|p2a: Zoroark|Illusion\n|faint|p2a: Zoroark\n|\n|upkeep\n|\n|t:|1600540961\n|switch|p2a: Volcarona|Volcarona, L80, M|267\/267\n|turn|4\n|\n|t:|1600540970\n|move|p1a: Alakazam|Psychic|p2a: Volcarona\n|-damage|p2a: Volcarona|131\/267\n|move|p2a: Volcarona|Quiver Dance|p2a: Volcarona\n|-boost|p2a: Volcarona|spa|1\n|-boost|p2a: Volcarona|spd|1\n|-boost|p2a: Volcarona|spe|1\n|\n|upkeep\n|turn|5\n|\n|t:|1600540976\n|switch|p1a: Flygon|Flygon, L82, M|265\/265\n|move|p2a: Volcarona|Roost|p2a: Volcarona\n|-heal|p2a: Volcarona|265\/267\n|-singleturn|p2a: Volcarona|move: Roost\n|\n|upkeep\n|turn|6\n|\n|t:|1600541004\n|switch|p2a: Articuno|Articuno, L84|288\/288\n|-ability|p2a: Articuno|Pressure\n|move|p1a: Flygon|Earthquake|p2a: Articuno\n|-immune|p2a: Articuno\n|\n|upkeep\n|turn|7\n|\n|t:|1600541011\n|switch|p1a: Cinccino|Cinccino, L86, M|269\/269\n|move|p2a: Articuno|Freeze-Dry|p1a: Cinccino\n|-damage|p1a: Cinccino|178\/269\n|\n|upkeep\n|turn|8\n|\n|t:|1600541021\n|switch|p2a: Stunfisk|Stunfisk-Galar, L86, F|328\/328\n|move|p1a: Cinccino|Tail Slap|p2a: Stunfisk\n|-resisted|p2a: Stunfisk\n|-damage|p2a: Stunfisk|310\/328\n|-resisted|p2a: Stunfisk\n|-damage|p2a: Stunfisk|290\/328\n|-resisted|p2a: Stunfisk\n|-damage|p2a: Stunfisk|273\/328\n|-resisted|p2a: Stunfisk\n|-damage|p2a: Stunfisk|253\/328\n|-resisted|p2a: Stunfisk\n|-damage|p2a: Stunfisk|233\/328\n|-hitcount|p2a: Stunfisk|5\n|\n|-heal|p2a: Stunfisk|253\/328|[from] item: Leftovers\n|upkeep\n|turn|9\n|\n|t:|1600541027\n|switch|p1a: Barraskewda|Barraskewda, L84, M|240\/240\n|move|p2a: Stunfisk|Stealth Rock|p1a: Barraskewda\n|-sidestart|p1: Sparkesque|move: Stealth Rock\n|\n|-heal|p2a: Stunfisk|273\/328|[from] item: Leftovers\n|upkeep\n|turn|10\n|\n|t:|1600541045\n|move|p1a: Barraskewda|Liquidation|p2a: Stunfisk\n|-supereffective|p2a: Stunfisk\n|-damage|p2a: Stunfisk|0 fnt\n|faint|p2a: Stunfisk\n|\n|upkeep\n|\n|t:|1600541053\n|switch|p2a: Articuno|Articuno, L84|288\/288\n|-ability|p2a: Articuno|Pressure\n|turn|11\n|\n|t:|1600541067\n|switch|p1a: Cinccino|Cinccino, L86, M|178\/269\n|-damage|p1a: Cinccino|145\/269|[from] Stealth Rock\n|move|p2a: Articuno|Freeze-Dry|p1a: Cinccino\n|-damage|p1a: Cinccino|55\/269\n|\n|upkeep\n|turn|12\n|\n|t:|1600541079\n|switch|p2a: Lycanroc|Lycanroc-Dusk, L82, F|257\/257\n|move|p1a: Cinccino|Tail Slap|p2a: Lycanroc\n|-resisted|p2a: Lycanroc\n|-damage|p2a: Lycanroc|228\/257\n|-resisted|p2a: Lycanroc\n|-damage|p2a: Lycanroc|202\/257\n|-resisted|p2a: Lycanroc\n|-damage|p2a: Lycanroc|176\/257\n|-resisted|p2a: Lycanroc\n|-damage|p2a: Lycanroc|150\/257\n|-resisted|p2a: Lycanroc\n|-damage|p2a: Lycanroc|123\/257\n|-hitcount|p2a: Lycanroc|5\n|\n|upkeep\n|turn|13\n|\n|t:|1600541090\n|switch|p1a: Flygon|Flygon, L82, M|265\/265\n|-damage|p1a: Flygon|249\/265|[from] Stealth Rock\n|move|p2a: Lycanroc|Accelerock|p1a: Flygon\n|-resisted|p1a: Flygon\n|-damage|p1a: Flygon|209\/265\n|-damage|p2a: Lycanroc|98\/257|[from] item: Life Orb\n|\n|upkeep\n|turn|14\n|inactive|SpookyHard has 120 seconds left.\n|\n|t:|1600541120\n|move|p1a: Flygon|Defog|p2a: Lycanroc\n|-unboost|p2a: Lycanroc|evasion|1\n|-sideend|p1: Sparkesque|Stealth Rock|[from] move: Defog|[of] p1a: Flygon\n|move|p2a: Lycanroc|Psychic Fangs|p1a: Flygon\n|-damage|p1a: Flygon|83\/265\n|-damage|p2a: Lycanroc|73\/257|[from] item: Life Orb\n|\n|upkeep\n|turn|15\n|inactive|SpookyHard has 120 seconds left.\n|inactive|Sparkesque has 120 seconds left.\n|\n|t:|1600541151\n|switch|p1a: Alakazam|Alakazam, L80, M|219\/219\n|move|p2a: Lycanroc|Psychic Fangs|p1a: Alakazam\n|-resisted|p1a: Alakazam\n|-damage|p1a: Alakazam|119\/219\n|-damage|p2a: Lycanroc|48\/257|[from] item: Life Orb\n|\n|upkeep\n|turn|16\n|inactive|SpookyHard has 120 seconds left.\n|\n|t:|1600541158\n|switch|p1a: Flygon|Flygon, L82, M|83\/265\n|move|p2a: Lycanroc|Accelerock|p1a: Flygon\n|-resisted|p1a: Flygon\n|-damage|p1a: Flygon|40\/265\n|-damage|p2a: Lycanroc|23\/257|[from] item: Life Orb\n|\n|upkeep\n|turn|17\n|\n|t:|1600541163\n|move|p2a: Lycanroc|Accelerock|p1a: Flygon\n|-resisted|p1a: Flygon\n|-damage|p1a: Flygon|0 fnt\n|-damage|p2a: Lycanroc|0 fnt|[from] item: Life Orb\n|faint|p1a: Flygon\n|faint|p2a: Lycanroc\n|\n|upkeep\n|\n|t:|1600541180\n|switch|p2a: Dragalge|Dragalge, L84, F|126\/246\n|switch|p1a: Cinccino|Cinccino, L86, M|55\/269\n|turn|18\n|inactive|Sparkesque has 120 seconds left.\n|\n|t:|1600541221\n|move|p1a: Cinccino|Tail Slap|p2a: Dragalge|[miss]\n|-miss|p1a: Cinccino|p2a: Dragalge\n|move|p2a: Dragalge|Sludge Wave|p1a: Cinccino\n|-damage|p1a: Cinccino|0 fnt\n|faint|p1a: Cinccino\n|\n|upkeep\n|\n|t:|1600541232\n|switch|p1a: Alakazam|Alakazam, L80, M|119\/219\n|turn|19\n|\n|t:|1600541239\n|move|p1a: Alakazam|Psychic|p2a: Dragalge\n|-supereffective|p2a: Dragalge\n|-damage|p2a: Dragalge|0 fnt\n|faint|p2a: Dragalge\n|\n|upkeep\n|\n|t:|1600541241\n|switch|p2a: Volcarona|Volcarona, L80, M|265\/267\n|turn|20\n|\n|t:|1600541246\n|switch|p1a: Barraskewda|Barraskewda, L84, M|240\/240\n|move|p2a: Volcarona|Quiver Dance|p2a: Volcarona\n|-boost|p2a: Volcarona|spa|1\n|-boost|p2a: Volcarona|spd|1\n|-boost|p2a: Volcarona|spe|1\n|\n|upkeep\n|turn|21\n|\n|t:|1600541252\n|-start|p2a: Volcarona|Dynamax\n|-heal|p2a: Volcarona|530\/534|[silent]\n|-start|p1a: Barraskewda|Dynamax\n|-heal|p1a: Barraskewda|480\/480|[silent]\n|move|p2a: Volcarona|Max Flutterby|p1a: Barraskewda\n|-damage|p1a: Barraskewda|140\/480\n|-unboost|p1a: Barraskewda|spa|1\n|move|p1a: Barraskewda|Max Geyser|p2a: Volcarona\n|-supereffective|p2a: Volcarona\n|-damage|p2a: Volcarona|92\/534\n|-weather|RainDance\n|\n|-weather|RainDance|[upkeep]\n|upkeep\n|turn|22\n|\n|t:|1600541269\n|move|p2a: Volcarona|Max Guard|p2a: Volcarona\n|-singleturn|p2a: Volcarona|Max Guard\n|move|p1a: Barraskewda|Max Geyser|p2a: Volcarona\n|-activate|p2a: Volcarona|move: Max Guard\n|\n|-weather|RainDance|[upkeep]\n|upkeep\n|turn|23\n|\n|t:|1600541295\n|move|p1a: Barraskewda|Max Geyser|p2a: Volcarona\n|-supereffective|p2a: Volcarona\n|-damage|p2a: Volcarona|0 fnt\n|faint|p2a: Volcarona\n|\n|-weather|RainDance|[upkeep]\n|-end|p1a: Barraskewda|Dynamax\n|-heal|p1a: Barraskewda|70\/240|[silent]\n|upkeep\n|\n|t:|1600541296\n|switch|p2a: Articuno|Articuno, L84|288\/288\n|-ability|p2a: Articuno|Pressure\n|turn|24\n|\n|t:|1600541307\n|move|p1a: Barraskewda|Liquidation|p2a: Articuno\n|-damage|p2a: Articuno|83\/288\n|move|p2a: Articuno|Roost|p2a: Articuno\n|-heal|p2a: Articuno|227\/288\n|-singleturn|p2a: Articuno|move: Roost\n|\n|-weather|RainDance|[upkeep]\n|upkeep\n|turn|25\n|\n|t:|1600541315\n|move|p1a: Barraskewda|Liquidation|p2a: Articuno\n|-damage|p2a: Articuno|0 fnt\n|faint|p2a: Articuno\n|\n|win|Sparkesque\n","inputlog":">version 360668b00e8469b0b2e96100b012fe6ff0abcaec\n>version-origin 5d714fbb5668ce46b55f2f7b758301f789b05eaf\n>start {\"formatid\":\"gen8randombattle\",\"seed\":[55352,19117,48679,54571],\"rated\":\"Rated battle\"}\n>player p1 {\"name\":\"Sparkesque\",\"avatar\":\"policeman\",\"team\":\"\",\"rating\":1560,\"seed\":[41225,16273,2960,39339]}\n>player p2 {\"name\":\"SpookyHard\",\"avatar\":\"ethan\",\"team\":\"\",\"rating\":1560,\"seed\":[31658,51340,10377,53761]}\n>p1 move bravebird\n>p2 move dracometeor\n>p1 switch 6\n>p1 move psychic\n>p2 switch 4\n>p1 move focusblast\n>p2 move knockoff\n>p2 switch 2\n>p1 move psychic\n>p2 move quiverdance\n>p1 switch 2\n>p2 move roost\n>p1 move earthquake\n>p2 switch 3\n>p1 switch 5\n>p2 move freezedry\n>p1 move tailslap\n>p2 switch 6\n>p1 switch 4\n>p2 move stealthrock\n>p1 move liquidation\n>p2 move earthquake\n>p2 switch 6\n>p1 switch 4\n>p2 move freezedry\n>p1 move tailslap\n>p2 switch 5\n>p1 switch 5\n>p2 move accelerock\n>p1 move defog\n>p2 move psychicfangs\n>p1 switch 2\n>p2 move psychicfangs\n>p1 switch 2\n>p2 move accelerock\n>p1 move outrage\n>p2 move accelerock\n>p1 switch 5\n>p2 switch 4\n>p1 move tailslap\n>p2 move sludgewave\n>p1 switch 2\n>p1 move psychic\n>p2 move sludgewave\n>p2 switch 3\n>p1 switch 4\n>p2 move quiverdance\n>p1 move liquidation dynamax\n>p2 move bugbuzz dynamax\n>p1 move liquidation dynamax\n>p2 move quiverdance dynamax\n>p1 move liquidation dynamax\n>p2 move bugbuzz dynamax\n>p2 switch 5\n>p1 move liquidation\n>p2 move roost\n>p1 move liquidation\n>p2 move roost","uploadtime":1600541319,"views":3,"p1id":"sparkesque","p2id":"spookyhard","formatid":"gen8randombattle","rating":0,"private":0,"password":null}