{"id":"gen8bdsprandombattle-1671110843","p1":"MurderousMantyke","p2":"Palesteam","format":"gen8bdsprandombattle","log":"|j|\u2606MurderousMantyke\n|j|\u2606Palesteam\n|t:|1664229614\n|gametype|singles\n|player|p1|MurderousMantyke|#helpstaffxmas|1413\n|player|p2|Palesteam|palmer|1672\n|teamsize|p1|6\n|teamsize|p2|6\n|gen|8\n|tier|[Gen 8 BDSP] Random Battle\n|rated|\n|rule|Species Clause: Limit one of each Pok\u00e9mon\n|rule|HP Percentage Mod: HP is shown in percentages\n|rule|Sleep Clause Mod: Limit one foe put to sleep\n|\n|t:|1664229614\n|start\n|switch|p1a: Alakazam|Alakazam, L80, M|219\/219\n|switch|p2a: Ursaring|Ursaring, L86, F|295\/295\n|turn|1\n|inactive|Battle timer is ON: inactive players will automatically lose when time's up. (requested by MurderousMantyke)\n|c|\u2606MurderousMantyke|hf\n|\n|t:|1664229625\n|switch|p2a: Illumise|Illumise, L88, F|258\/258\n|move|p1a: Alakazam|Focus Blast|p2a: Illumise|[miss]\n|-miss|p1a: Alakazam|p2a: Illumise\n|\n|upkeep\n|turn|2\n|\n|t:|1664229633\n|switch|p1a: Honchkrow|Honchkrow, L84, M|305\/305\n|switch|p2a: Ursaring|Ursaring, L86, F|295\/295\n|\n|-status|p2a: Ursaring|brn|[from] item: Flame Orb\n|upkeep\n|turn|3\n|\n|t:|1664229638\n|move|p1a: Honchkrow|Brave Bird|p2a: Ursaring\n|-damage|p2a: Ursaring|129\/295 brn\n|-damage|p1a: Honchkrow|250\/305|[from] Recoil\n|move|p2a: Ursaring|Facade|p1a: Honchkrow\n|-damage|p1a: Honchkrow|0 fnt\n|faint|p1a: Honchkrow\n|\n|-damage|p2a: Ursaring|111\/295 brn|[from] brn\n|upkeep\n|\n|t:|1664229647\n|switch|p1a: Alakazam|Alakazam, L80, M|219\/219\n|turn|4\n|\n|t:|1664229649\n|switch|p2a: Illumise|Illumise, L88, F|258\/258\n|move|p1a: Alakazam|Psychic|p2a: Illumise\n|-damage|p2a: Illumise|124\/258\n|\n|-heal|p2a: Illumise|140\/258|[from] item: Leftovers\n|upkeep\n|turn|5\n|\n|t:|1664229656\n|move|p2a: Illumise|Roost|p2a: Illumise\n|-heal|p2a: Illumise|258\/258\n|-singleturn|p2a: Illumise|move: Roost\n|move|p1a: Alakazam|Psychic|p2a: Illumise\n|-damage|p2a: Illumise|109\/258\n|\n|-heal|p2a: Illumise|125\/258|[from] item: Leftovers\n|upkeep\n|turn|6\n|\n|t:|1664229661\n|move|p2a: Illumise|Roost|p2a: Illumise\n|-heal|p2a: Illumise|254\/258\n|-singleturn|p2a: Illumise|move: Roost\n|move|p1a: Alakazam|Psychic|p2a: Illumise\n|-damage|p2a: Illumise|105\/258\n|\n|-heal|p2a: Illumise|121\/258|[from] item: Leftovers\n|upkeep\n|turn|7\n|\n|t:|1664229665\n|move|p2a: Illumise|Roost|p2a: Illumise\n|-heal|p2a: Illumise|250\/258\n|-singleturn|p2a: Illumise|move: Roost\n|move|p1a: Alakazam|Psychic|p2a: Illumise\n|-crit|p2a: Illumise\n|-damage|p2a: Illumise|19\/258\n|\n|-heal|p2a: Illumise|35\/258|[from] item: Leftovers\n|upkeep\n|turn|8\n|\n|t:|1664229670\n|switch|p2a: Politoed|Politoed, L88, M|302\/302\n|-weather|RainDance|[from] ability: Drizzle|[of] p2a: Politoed\n|move|p1a: Alakazam|Psychic|p2a: Politoed\n|-damage|p2a: Politoed|184\/302\n|-unboost|p2a: Politoed|spd|1\n|\n|-weather|RainDance|[upkeep]\n|-heal|p2a: Politoed|202\/302|[from] item: Leftovers\n|upkeep\n|turn|9\n|\n|t:|1664229673\n|move|p1a: Alakazam|Psychic|p2a: Politoed\n|-damage|p2a: Politoed|0 fnt\n|faint|p2a: Politoed\n|\n|-weather|RainDance|[upkeep]\n|upkeep\n|\n|t:|1664229679\n|switch|p2a: Rhyperior|Rhyperior, L84, M|330\/330\n|turn|10\n|\n|t:|1664229681\n|switch|p1a: Ledian|Ledian, L88, F|239\/239\n|move|p2a: Rhyperior|Earthquake|p1a: Ledian\n|-immune|p1a: Ledian\n|\n|-weather|RainDance|[upkeep]\n|upkeep\n|turn|11\n|\n|t:|1664229683\n|move|p1a: Ledian|Reflect|p1a: Ledian\n|-sidestart|p1: MurderousMantyke|Reflect\n|move|p2a: Rhyperior|Stone Edge|p1a: Ledian\n|-supereffective|p1a: Ledian\n|-damage|p1a: Ledian|0 fnt\n|faint|p1a: Ledian\n|\n|-weather|RainDance|[upkeep]\n|upkeep\n|\n|t:|1664229687\n|switch|p1a: Kingdra|Kingdra, L83, F|260\/260\n|turn|12\n|\n|t:|1664229691\n|switch|p2a: Vileplume|Vileplume, L84, M|263\/263\n|move|p1a: Kingdra|Hydro Pump|p2a: Vileplume\n|-resisted|p2a: Vileplume\n|-damage|p2a: Vileplume|155\/263\n|-damage|p1a: Kingdra|234\/260|[from] item: Life Orb\n|\n|-weather|none\n|-heal|p2a: Vileplume|171\/263|[from] item: Black Sludge\n|upkeep\n|turn|13\n|\n|t:|1664229696\n|move|p1a: Kingdra|Draco Meteor|p2a: Vileplume\n|-damage|p2a: Vileplume|14\/263\n|-unboost|p1a: Kingdra|spa|2\n|-damage|p1a: Kingdra|208\/260|[from] item: Life Orb\n|move|p2a: Vileplume|Sleep Powder|p1a: Kingdra\n|-status|p1a: Kingdra|slp|[from] move: Sleep Powder\n|\n|-heal|p2a: Vileplume|30\/263|[from] item: Black Sludge\n|upkeep\n|turn|14\n|\n|t:|1664229699\n|cant|p1a: Kingdra|slp\n|move|p2a: Vileplume|Strength Sap|p1a: Kingdra\n|-unboost|p1a: Kingdra|atk|1\n|-heal|p2a: Vileplume|192\/263\n|\n|-heal|p2a: Vileplume|208\/263|[from] item: Black Sludge\n|upkeep\n|turn|15\n|\n|t:|1664229701\n|cant|p1a: Kingdra|slp\n|move|p2a: Vileplume|Sludge Bomb|p1a: Kingdra\n|-damage|p1a: Kingdra|102\/260 slp\n|\n|-heal|p2a: Vileplume|224\/263|[from] item: Black Sludge\n|upkeep\n|turn|16\n|\n|t:|1664229704\n|cant|p1a: Kingdra|slp\n|move|p2a: Vileplume|Sleep Powder|p1a: Kingdra\n|-fail|p1a: Kingdra|slp\n|\n|-heal|p2a: Vileplume|240\/263|[from] item: Black Sludge\n|upkeep\n|turn|17\n|\n|t:|1664229706\n|-curestatus|p1a: Kingdra|slp|[msg]\n|move|p1a: Kingdra|Ice Beam|p2a: Vileplume\n|-supereffective|p2a: Vileplume\n|-damage|p2a: Vileplume|157\/263\n|-damage|p1a: Kingdra|76\/260|[from] item: Life Orb\n|move|p2a: Vileplume|Sleep Powder|p1a: Kingdra|[miss]\n|-miss|p2a: Vileplume|p1a: Kingdra\n|\n|-heal|p2a: Vileplume|173\/263|[from] item: Black Sludge\n|upkeep\n|turn|18\n|\n|t:|1664229707\n|move|p1a: Kingdra|Ice Beam|p2a: Vileplume\n|-supereffective|p2a: Vileplume\n|-damage|p2a: Vileplume|92\/263\n|-damage|p1a: Kingdra|50\/260|[from] item: Life Orb\n|move|p2a: Vileplume|Sleep Powder|p1a: Kingdra\n|-status|p1a: Kingdra|slp|[from] move: Sleep Powder\n|\n|-heal|p2a: Vileplume|108\/263|[from] item: Black Sludge\n|-sideend|p1: MurderousMantyke|Reflect\n|upkeep\n|turn|19\n|\n|t:|1664229710\n|cant|p1a: Kingdra|slp\n|move|p2a: Vileplume|Strength Sap|p1a: Kingdra\n|-unboost|p1a: Kingdra|atk|1\n|-heal|p2a: Vileplume|216\/263\n|\n|-heal|p2a: Vileplume|232\/263|[from] item: Black Sludge\n|upkeep\n|turn|20\n|\n|t:|1664229714\n|switch|p2a: Illumise|Illumise, L88, F|35\/258\n|cant|p1a: Kingdra|slp\n|\n|-heal|p2a: Illumise|51\/258|[from] item: Leftovers\n|upkeep\n|turn|21\n|\n|t:|1664229719\n|switch|p1a: Walrein|Walrein, L88, M|337\/337\n|move|p2a: Illumise|Roost|p2a: Illumise\n|-heal|p2a: Illumise|180\/258\n|-singleturn|p2a: Illumise|move: Roost\n|\n|-heal|p2a: Illumise|196\/258|[from] item: Leftovers\n|upkeep\n|turn|22\n|\n|t:|1664229721\n|move|p2a: Illumise|Wish|p2a: Illumise\n|move|p1a: Walrein|Ice Beam|p2a: Illumise\n|-damage|p2a: Illumise|96\/258\n|\n|-heal|p2a: Illumise|112\/258|[from] item: Leftovers\n|upkeep\n|turn|23\n|\n|t:|1664229724\n|move|p2a: Illumise|Roost|p2a: Illumise\n|-heal|p2a: Illumise|241\/258\n|-singleturn|p2a: Illumise|move: Roost\n|move|p1a: Walrein|Ice Beam|p2a: Illumise\n|-damage|p2a: Illumise|148\/258\n|\n|-heal|p2a: Illumise|258\/258|[from] move: Wish|[wisher] Illumise\n|upkeep\n|turn|24\n|\n|t:|1664229726\n|move|p2a: Illumise|Wish|p2a: Illumise\n|move|p1a: Walrein|Ice Beam|p2a: Illumise\n|-damage|p2a: Illumise|149\/258\n|\n|-heal|p2a: Illumise|165\/258|[from] item: Leftovers\n|upkeep\n|turn|25\n|\n|t:|1664229728\n|switch|p2a: Arcanine|Arcanine, L82, M|282\/282\n|-ability|p2a: Arcanine|Intimidate|boost\n|-unboost|p1a: Walrein|atk|1\n|move|p1a: Walrein|Ice Beam|p2a: Arcanine\n|-resisted|p2a: Arcanine\n|-damage|p2a: Arcanine|220\/282\n|\n|-heal|p2a: Arcanine|282\/282|[from] move: Wish|[wisher] Illumise\n|upkeep\n|turn|26\n|\n|t:|1664229732\n|switch|p2a: Illumise|Illumise, L88, F|165\/258\n|move|p1a: Walrein|Surf|p2a: Illumise\n|-damage|p2a: Illumise|54\/258\n|\n|-heal|p2a: Illumise|70\/258|[from] item: Leftovers\n|upkeep\n|turn|27\n|\n|t:|1664229735\n|move|p2a: Illumise|Roost|p2a: Illumise\n|-heal|p2a: Illumise|199\/258\n|-singleturn|p2a: Illumise|move: Roost\n|move|p1a: Walrein|Ice Beam|p2a: Illumise\n|-damage|p2a: Illumise|99\/258\n|\n|-heal|p2a: Illumise|115\/258|[from] item: Leftovers\n|upkeep\n|turn|28\n|\n|t:|1664229738\n|move|p2a: Illumise|Roost|p2a: Illumise\n|-heal|p2a: Illumise|244\/258\n|-singleturn|p2a: Illumise|move: Roost\n|move|p1a: Walrein|Ice Beam|p2a: Illumise\n|-damage|p2a: Illumise|139\/258\n|\n|-heal|p2a: Illumise|155\/258|[from] item: Leftovers\n|upkeep\n|turn|29\n|\n|t:|1664229740\n|move|p2a: Illumise|Wish|p2a: Illumise\n|move|p1a: Walrein|Ice Beam|p2a: Illumise\n|-damage|p2a: Illumise|52\/258\n|\n|-heal|p2a: Illumise|68\/258|[from] item: Leftovers\n|upkeep\n|turn|30\n|\n|t:|1664229742\n|move|p2a: Illumise|Roost|p2a: Illumise\n|-heal|p2a: Illumise|197\/258\n|-singleturn|p2a: Illumise|move: Roost\n|move|p1a: Walrein|Surf|p2a: Illumise\n|-damage|p2a: Illumise|103\/258\n|\n|-heal|p2a: Illumise|232\/258|[from] move: Wish|[wisher] Illumise\n|-heal|p2a: Illumise|248\/258|[from] item: Leftovers\n|upkeep\n|turn|31\n|\n|t:|1664229745\n|move|p2a: Illumise|Wish|p2a: Illumise\n|move|p1a: Walrein|Ice Beam|p2a: Illumise\n|-damage|p2a: Illumise|137\/258\n|\n|-heal|p2a: Illumise|153\/258|[from] item: Leftovers\n|upkeep\n|turn|32\n|\n|t:|1664229746\n|move|p2a: Illumise|Bug Buzz|p1a: Walrein\n|-damage|p1a: Walrein|253\/337\n|move|p1a: Walrein|Surf|p2a: Illumise\n|-damage|p2a: Illumise|44\/258\n|\n|-heal|p2a: Illumise|173\/258|[from] move: Wish|[wisher] Illumise\n|-heal|p2a: Illumise|189\/258|[from] item: Leftovers\n|-heal|p1a: Walrein|274\/337|[from] item: Leftovers\n|upkeep\n|turn|33\n|\n|t:|1664229748\n|move|p2a: Illumise|Bug Buzz|p1a: Walrein\n|-damage|p1a: Walrein|187\/337\n|move|p1a: Walrein|Surf|p2a: Illumise\n|-crit|p2a: Illumise\n|-damage|p2a: Illumise|26\/258\n|\n|-heal|p2a: Illumise|42\/258|[from] item: Leftovers\n|-heal|p1a: Walrein|208\/337|[from] item: Leftovers\n|upkeep\n|turn|34\n|\n|t:|1664229750\n|move|p2a: Illumise|Roost|p2a: Illumise\n|-heal|p2a: Illumise|171\/258\n|-singleturn|p2a: Illumise|move: Roost\n|move|p1a: Walrein|Surf|p2a: Illumise\n|-damage|p2a: Illumise|78\/258\n|\n|-heal|p2a: Illumise|94\/258|[from] item: Leftovers\n|-heal|p1a: Walrein|229\/337|[from] item: Leftovers\n|upkeep\n|turn|35\n|\n|t:|1664229752\n|move|p2a: Illumise|Roost|p2a: Illumise\n|-heal|p2a: Illumise|223\/258\n|-singleturn|p2a: Illumise|move: Roost\n|move|p1a: Walrein|Surf|p2a: Illumise\n|-damage|p2a: Illumise|118\/258\n|\n|-heal|p2a: Illumise|134\/258|[from] item: Leftovers\n|-heal|p1a: Walrein|250\/337|[from] item: Leftovers\n|upkeep\n|turn|36\n|\n|t:|1664229754\n|move|p2a: Illumise|Wish|p2a: Illumise\n|move|p1a: Walrein|Surf|p2a: Illumise\n|-damage|p2a: Illumise|26\/258\n|\n|-heal|p2a: Illumise|42\/258|[from] item: Leftovers\n|-heal|p1a: Walrein|271\/337|[from] item: Leftovers\n|upkeep\n|turn|37\n|\n|t:|1664229757\n|move|p2a: Illumise|Roost|p2a: Illumise\n|-heal|p2a: Illumise|171\/258\n|-singleturn|p2a: Illumise|move: Roost\n|move|p1a: Walrein|Surf|p2a: Illumise\n|-damage|p2a: Illumise|72\/258\n|\n|-heal|p2a: Illumise|201\/258|[from] move: Wish|[wisher] Illumise\n|-heal|p2a: Illumise|217\/258|[from] item: Leftovers\n|-heal|p1a: Walrein|292\/337|[from] item: Leftovers\n|upkeep\n|turn|38\n|\n|t:|1664229759\n|move|p2a: Illumise|Bug Buzz|p1a: Walrein\n|-damage|p1a: Walrein|216\/337\n|move|p1a: Walrein|Surf|p2a: Illumise\n|-damage|p2a: Illumise|112\/258\n|\n|-heal|p2a: Illumise|128\/258|[from] item: Leftovers\n|-heal|p1a: Walrein|237\/337|[from] item: Leftovers\n|upkeep\n|turn|39\n|\n|t:|1664229762\n|move|p2a: Illumise|Bug Buzz|p1a: Walrein\n|-damage|p1a: Walrein|161\/337\n|move|p1a: Walrein|Surf|p2a: Illumise\n|-damage|p2a: Illumise|31\/258\n|\n|-heal|p2a: Illumise|47\/258|[from] item: Leftovers\n|-heal|p1a: Walrein|182\/337|[from] item: Leftovers\n|upkeep\n|turn|40\n|\n|t:|1664229764\n|move|p2a: Illumise|Roost|p2a: Illumise\n|-heal|p2a: Illumise|176\/258\n|-singleturn|p2a: Illumise|move: Roost\n|move|p1a: Walrein|Surf|p2a: Illumise\n|-damage|p2a: Illumise|68\/258\n|\n|-heal|p2a: Illumise|84\/258|[from] item: Leftovers\n|-heal|p1a: Walrein|203\/337|[from] item: Leftovers\n|upkeep\n|turn|41\n|\n|t:|1664229767\n|move|p2a: Illumise|Roost|p2a: Illumise\n|-heal|p2a: Illumise|213\/258\n|-singleturn|p2a: Illumise|move: Roost\n|move|p1a: Walrein|Surf|p2a: Illumise\n|-damage|p2a: Illumise|120\/258\n|\n|-heal|p2a: Illumise|136\/258|[from] item: Leftovers\n|-heal|p1a: Walrein|224\/337|[from] item: Leftovers\n|upkeep\n|turn|42\n|\n|t:|1664229769\n|move|p2a: Illumise|Wish|p2a: Illumise\n|move|p1a: Walrein|Surf|p2a: Illumise\n|-damage|p2a: Illumise|42\/258\n|\n|-heal|p2a: Illumise|58\/258|[from] item: Leftovers\n|-heal|p1a: Walrein|245\/337|[from] item: Leftovers\n|upkeep\n|turn|43\n|\n|t:|1664229770\n|move|p2a: Illumise|Roost|p2a: Illumise\n|-heal|p2a: Illumise|187\/258\n|-singleturn|p2a: Illumise|move: Roost\n|move|p1a: Walrein|Ice Beam|p2a: Illumise\n|-damage|p2a: Illumise|94\/258\n|\n|-heal|p2a: Illumise|223\/258|[from] move: Wish|[wisher] Illumise\n|-heal|p2a: Illumise|239\/258|[from] item: Leftovers\n|-heal|p1a: Walrein|266\/337|[from] item: Leftovers\n|upkeep\n|turn|44\n|\n|t:|1664229779\n|switch|p1a: Kingdra|Kingdra, L83, F|50\/260 slp\n|move|p2a: Illumise|Roost|p2a: Illumise\n|-heal|p2a: Illumise|258\/258\n|-singleturn|p2a: Illumise|move: Roost\n|\n|upkeep\n|turn|45\n|\n|t:|1664229781\n|move|p2a: Illumise|Bug Buzz|p1a: Kingdra\n|-damage|p1a: Kingdra|0 fnt\n|faint|p1a: Kingdra\n|\n|upkeep\n|\n|t:|1664229784\n|switch|p1a: Linoone|Linoone, L85, M|270\/270\n|turn|46\n|\n|t:|1664229796\n|move|p1a: Linoone|Belly Drum|p1a: Linoone\n|-damage|p1a: Linoone|135\/270\n|-setboost|p1a: Linoone|atk|6|[from] move: Belly Drum\n|-enditem|p1a: Linoone|Wiki Berry|[eat]\n|-heal|p1a: Linoone|224\/270|[from] item: Wiki Berry\n|move|p2a: Illumise|Bug Buzz|p1a: Linoone\n|-damage|p1a: Linoone|113\/270\n|\n|upkeep\n|turn|47\n|\n|t:|1664229799\n|move|p1a: Linoone|Extreme Speed|p2a: Illumise\n|-damage|p2a: Illumise|0 fnt\n|faint|p2a: Illumise\n|\n|upkeep\n|\n|t:|1664229801\n|switch|p2a: Rhyperior|Rhyperior, L84, M|330\/330\n|turn|48\n|\n|t:|1664229803\n|move|p1a: Linoone|Iron Tail|p2a: Rhyperior\n|-supereffective|p2a: Rhyperior\n|-damage|p2a: Rhyperior|75\/330\n|move|p2a: Rhyperior|Earthquake|p1a: Linoone\n|-damage|p1a: Linoone|0 fnt\n|faint|p1a: Linoone\n|\n|-heal|p2a: Rhyperior|95\/330|[from] item: Leftovers\n|upkeep\n|\n|t:|1664229809\n|switch|p1a: Walrein|Walrein, L88, M|266\/337\n|turn|49\n|\n|t:|1664229812\n|move|p1a: Walrein|Ice Beam|p2a: Rhyperior\n|-supereffective|p2a: Rhyperior\n|-damage|p2a: Rhyperior|0 fnt\n|faint|p2a: Rhyperior\n|\n|-heal|p1a: Walrein|287\/337|[from] item: Leftovers\n|upkeep\n|\n|t:|1664229820\n|switch|p2a: Ursaring|Ursaring, L86, F|111\/295 brn\n|turn|50\n|\n|t:|1664229825\n|move|p1a: Walrein|Surf|p2a: Ursaring\n|-damage|p2a: Ursaring|2\/295 brn\n|move|p2a: Ursaring|Facade|p1a: Walrein\n|-damage|p1a: Walrein|25\/337\n|\n|-heal|p1a: Walrein|46\/337|[from] item: Leftovers\n|-damage|p2a: Ursaring|0 fnt|[from] brn\n|faint|p2a: Ursaring\n|upkeep\n|\n|t:|1664229830\n|switch|p2a: Arcanine|Arcanine, L82, M|282\/282\n|-ability|p2a: Arcanine|Intimidate|boost\n|-unboost|p1a: Walrein|atk|1\n|turn|51\n|\n|t:|1664229832\n|move|p2a: Arcanine|Extreme Speed|p1a: Walrein\n|-damage|p1a: Walrein|0 fnt\n|faint|p1a: Walrein\n|\n|upkeep\n|\n|t:|1664229834\n|switch|p1a: Alakazam|Alakazam, L80, M|219\/219\n|turn|52\n|\n|t:|1664229836\n|move|p1a: Alakazam|Psychic|p2a: Arcanine\n|-damage|p2a: Arcanine|126\/282\n|move|p2a: Arcanine|Flare Blitz|p1a: Alakazam\n|-damage|p1a: Alakazam|0 fnt\n|faint|p1a: Alakazam\n|-damage|p2a: Arcanine|54\/282|[from] Recoil\n|\n|win|Palesteam\n|raw|MurderousMantyke's rating: 1413 &rarr; <strong>1406<\/strong><br \/>(-7 for losing)\n|raw|Palesteam's rating: 1672 &rarr; <strong>1679<\/strong><br \/>(+7 for winning)\n|c|\u2606MurderousMantyke|gg\n|c|\u2606Palesteam|Gg\n|l|\u2606MurderousMantyke\n||Ladder isn't responding, score probably updated but might not have (Request timeout).\n","inputlog":">version 806e56ea67f2f748d4b403b3f5b33d56e25d3f7a\n>start {\"formatid\":\"gen8bdsprandombattle\",\"seed\":[65349,39697,56678,5021],\"rated\":\"Rated battle\"}\n>player p1 {\"name\":\"MurderousMantyke\",\"avatar\":\"#helpstaffxmas\",\"rating\":1413,\"seed\":[22171,13501,11258,21469]}\n>player p2 {\"name\":\"Palesteam\",\"avatar\":\"palmer\",\"rating\":1672,\"seed\":[10655,18502,12130,59347]}\n>chat \u2606MurderousMantyke|hf\n>p1 move focusblast\n>p2 switch 2\n>p1 switch 5\n>p2 switch 2\n>p1 move bravebird\n>p2 move facade\n>p1 switch 5\n>p1 move psychic\n>p2 switch 2\n>p1 move psychic\n>p2 move roost\n>p1 move psychic\n>p2 move roost\n>p1 move psychic\n>p2 move roost\n>p1 move psychic\n>p2 switch 4\n>p1 move psychic\n>p2 move scald\n>p2 switch 6\n>p1 switch 3\n>p2 move earthquake\n>p1 move reflect\n>p2 move stoneedge\n>p1 switch 4\n>p1 move hydropump\n>p2 switch 3\n>p1 move dracometeor\n>p2 move sleeppowder\n>p1 move icebeam\n>p2 move strengthsap\n>p1 move icebeam\n>p2 move sludgebomb\n>p1 move icebeam\n>p2 move sleeppowder\n>p1 move icebeam\n>p2 move sleeppowder\n>p1 move icebeam\n>p2 move sleeppowder\n>p1 move icebeam\n>p2 move strengthsap\n>p1 move icebeam\n>p2 switch 4\n>p1 switch 6\n>p2 move roost\n>p1 move icebeam\n>p2 move wish\n>p1 move icebeam\n>p2 move roost\n>p1 move icebeam\n>p2 move wish\n>p1 move icebeam\n>p2 switch 5\n>p1 move surf\n>p2 switch 5\n>p1 move icebeam\n>p2 move roost\n>p1 move icebeam\n>p2 move roost\n>p1 move icebeam\n>p2 move wish\n>p1 move surf\n>p2 move roost\n>p1 move icebeam\n>p2 move wish\n>p1 move surf\n>p2 move bugbuzz\n>p1 move surf\n>p2 move bugbuzz\n>p1 move surf\n>p2 move roost\n>p1 move surf\n>p2 move roost\n>p1 move surf\n>p2 move wish\n>p1 move surf\n>p2 move roost\n>p1 move surf\n>p2 move bugbuzz\n>p1 move surf\n>p2 move bugbuzz\n>p1 move surf\n>p2 move roost\n>p1 move surf\n>p2 move roost\n>p1 move surf\n>p2 move wish\n>p1 move icebeam\n>p2 move roost\n>p1 switch 6\n>p2 move roost\n>p1 move dracometeor\n>p2 move bugbuzz\n>p1 switch 2\n>p1 move bellydrum\n>p2 move bugbuzz\n>p1 move extremespeed\n>p2 move encore\n>p2 switch 3\n>p1 move irontail\n>p2 move earthquake\n>p1 switch 6\n>p1 move icebeam\n>p2 move earthquake\n>p2 switch 2\n>p1 move surf\n>p2 move facade\n>p2 switch 5\n>p1 move surf\n>p2 move extremespeed\n>p1 switch 3\n>p1 move psychic\n>p2 move flareblitz","uploadtime":1664229919,"views":7,"p1id":"murderousmantyke","p2id":"palesteam","formatid":"gen8bdsprandombattle","rating":1406,"private":0,"password":null}