{"id":"gen8randombattle-1706972731","p1":"Abigail.bedard","p2":"skjhfjklsa","format":"gen8randombattle","log":"|j|\u2606Abigail.bedard\n|j|\u2606skjhfjklsa\n|t:|1668037761\n|gametype|singles\n|player|p1|Abigail.bedard|caitlin|1000\n|player|p2|skjhfjklsa|psychicf-gen4|1000\n|teamsize|p1|6\n|teamsize|p2|6\n|gen|8\n|tier|[Gen 8] Random Battle\n|rated|\n|rule|Species Clause: Limit one of each Pok\u00e9mon\n|rule|HP Percentage Mod: HP is shown in percentages\n|rule|Sleep Clause Mod: Limit one foe put to sleep\n|\n|t:|1668037761\n|start\n|switch|p1a: Pincurchin|Pincurchin, L88, F|228\/228\n|switch|p2a: Cresselia|Cresselia, L80, F|323\/323\n|-fieldstart|move: Electric Terrain|[from] ability: Electric Surge|[of] p1a: Pincurchin\n|turn|1\n|inactive|Battle timer is ON: inactive players will automatically lose when time's up. (requested by skjhfjklsa)\n|\n|t:|1668037782\n|move|p1a: Pincurchin|Sucker Punch||[still]\n|-fail|p1a: Pincurchin\n|move|p2a: Cresselia|Thunder Wave|p1a: Pincurchin\n|-immune|p1a: Pincurchin\n|\n|upkeep\n|turn|2\n|\n|t:|1668037797\n|move|p2a: Cresselia|Moonblast|p1a: Pincurchin\n|-damage|p1a: Pincurchin|177\/228\n|move|p1a: Pincurchin|Spikes|p2a: Cresselia\n|-sidestart|p2: skjhfjklsa|Spikes\n|\n|upkeep\n|turn|3\n|\n|t:|1668037803\n|move|p1a: Pincurchin|Sucker Punch|p2a: Cresselia\n|-supereffective|p2a: Cresselia\n|-damage|p2a: Cresselia|237\/323\n|move|p2a: Cresselia|Psyshock|p1a: Pincurchin\n|-damage|p1a: Pincurchin|116\/228\n|\n|-heal|p2a: Cresselia|257\/323|[from] item: Leftovers\n|upkeep\n|turn|4\n|\n|t:|1668037821\n|move|p2a: Cresselia|Psyshock|p1a: Pincurchin\n|-damage|p1a: Pincurchin|55\/228\n|move|p1a: Pincurchin|Rising Voltage|p2a: Cresselia\n|-damage|p2a: Cresselia|182\/323\n|\n|-heal|p2a: Cresselia|202\/323|[from] item: Leftovers\n|upkeep\n|turn|5\n|\n|t:|1668037830\n|move|p1a: Pincurchin|Sucker Punch|p2a: Cresselia\n|-supereffective|p2a: Cresselia\n|-crit|p2a: Cresselia\n|-damage|p2a: Cresselia|50\/323\n|move|p2a: Cresselia|Psyshock|p1a: Pincurchin\n|-damage|p1a: Pincurchin|0 fnt\n|faint|p1a: Pincurchin\n|\n|-heal|p2a: Cresselia|70\/323|[from] item: Leftovers\n|-fieldend|move: Electric Terrain\n|upkeep\n|\n|t:|1668037847\n|switch|p1a: Quagsire|Quagsire, L84, F|297\/297\n|turn|6\n|\n|t:|1668037855\n|move|p2a: Cresselia|Moonlight|p2a: Cresselia\n|-heal|p2a: Cresselia|231\/323\n|move|p1a: Quagsire|Ice Beam|p2a: Cresselia\n|-damage|p2a: Cresselia|192\/323\n|\n|-heal|p2a: Cresselia|212\/323|[from] item: Leftovers\n|upkeep\n|turn|7\n|\n|t:|1668037865\n|move|p2a: Cresselia|Moonblast|p1a: Quagsire\n|-damage|p1a: Quagsire|229\/297\n|-unboost|p1a: Quagsire|spa|1\n|move|p1a: Quagsire|Scald|p2a: Cresselia\n|-damage|p2a: Cresselia|181\/323\n|-status|p2a: Cresselia|brn\n|\n|-heal|p2a: Cresselia|201\/323 brn|[from] item: Leftovers\n|-heal|p1a: Quagsire|247\/297|[from] item: Leftovers\n|-damage|p2a: Cresselia|181\/323 brn|[from] brn\n|upkeep\n|turn|8\n|\n|t:|1668037879\n|move|p2a: Cresselia|Psyshock|p1a: Quagsire\n|-damage|p1a: Quagsire|177\/297\n|move|p1a: Quagsire|Earthquake|p2a: Cresselia\n|-immune|p2a: Cresselia|[from] ability: Levitate\n|\n|-heal|p2a: Cresselia|201\/323 brn|[from] item: Leftovers\n|-heal|p1a: Quagsire|195\/297|[from] item: Leftovers\n|-damage|p2a: Cresselia|181\/323 brn|[from] brn\n|upkeep\n|turn|9\n|inactive|Abigail.bedard has 120 seconds left.\n|\n|t:|1668037922\n|switch|p1a: Clawitzer|Clawitzer, L84, F|256\/256\n|move|p2a: Cresselia|Moonlight|p2a: Cresselia\n|-heal|p2a: Cresselia|323\/323 brn\n|\n|-damage|p2a: Cresselia|303\/323 brn|[from] brn\n|upkeep\n|turn|10\n|\n|t:|1668037935\n|move|p2a: Cresselia|Moonblast|p1a: Clawitzer\n|-damage|p1a: Clawitzer|208\/256\n|-unboost|p1a: Clawitzer|spa|1\n|move|p1a: Clawitzer|Dark Pulse|p2a: Cresselia\n|-supereffective|p2a: Cresselia\n|-damage|p2a: Cresselia|147\/323 brn\n|\n|-heal|p2a: Cresselia|167\/323 brn|[from] item: Leftovers\n|-damage|p2a: Cresselia|147\/323 brn|[from] brn\n|upkeep\n|turn|11\n|inactive|Abigail.bedard has 120 seconds left.\n|\n|t:|1668037946\n|move|p2a: Cresselia|Moonlight|p2a: Cresselia\n|-heal|p2a: Cresselia|308\/323 brn\n|move|p1a: Clawitzer|Dark Pulse|p2a: Cresselia\n|-supereffective|p2a: Cresselia\n|-damage|p2a: Cresselia|162\/323 brn\n|\n|-heal|p2a: Cresselia|182\/323 brn|[from] item: Leftovers\n|-damage|p2a: Cresselia|162\/323 brn|[from] brn\n|upkeep\n|turn|12\n|\n|t:|1668037956\n|move|p2a: Cresselia|Moonlight|p2a: Cresselia\n|-heal|p2a: Cresselia|323\/323 brn\n|move|p1a: Clawitzer|Dark Pulse|p2a: Cresselia\n|-supereffective|p2a: Cresselia\n|-damage|p2a: Cresselia|155\/323 brn\n|\n|-heal|p2a: Cresselia|175\/323 brn|[from] item: Leftovers\n|-damage|p2a: Cresselia|155\/323 brn|[from] brn\n|upkeep\n|turn|13\n|\n|t:|1668037972\n|move|p2a: Cresselia|Moonlight|p2a: Cresselia\n|-heal|p2a: Cresselia|316\/323 brn\n|move|p1a: Clawitzer|Dark Pulse|p2a: Cresselia\n|-supereffective|p2a: Cresselia\n|-damage|p2a: Cresselia|172\/323 brn\n|\n|-heal|p2a: Cresselia|192\/323 brn|[from] item: Leftovers\n|-damage|p2a: Cresselia|172\/323 brn|[from] brn\n|upkeep\n|turn|14\n|inactive|Abigail.bedard has 120 seconds left.\n|\n|t:|1668037992\n|-start|p1a: Clawitzer|Dynamax|\n|-heal|p1a: Clawitzer|416\/512|[silent]\n|move|p2a: Cresselia|Thunder Wave|p1a: Clawitzer\n|-status|p1a: Clawitzer|par\n|cant|p1a: Clawitzer|par\n|\n|-heal|p2a: Cresselia|192\/323 brn|[from] item: Leftovers\n|-damage|p2a: Cresselia|172\/323 brn|[from] brn\n|upkeep\n|turn|15\n|\n|t:|1668038015\n|move|p2a: Cresselia|Moonblast|p1a: Clawitzer\n|-damage|p1a: Clawitzer|360\/512 par\n|move|p1a: Clawitzer|Max Darkness|p2a: Cresselia\n|-supereffective|p2a: Cresselia\n|-damage|p2a: Cresselia|50\/323 brn\n|-unboost|p2a: Cresselia|spd|1\n|\n|-heal|p2a: Cresselia|70\/323 brn|[from] item: Leftovers\n|-damage|p2a: Cresselia|50\/323 brn|[from] brn\n|upkeep\n|turn|16\n|\n|t:|1668038028\n|move|p2a: Cresselia|Moonlight|p2a: Cresselia\n|-heal|p2a: Cresselia|211\/323 brn\n|cant|p1a: Clawitzer|par\n|\n|-heal|p2a: Cresselia|231\/323 brn|[from] item: Leftovers\n|-damage|p2a: Cresselia|211\/323 brn|[from] brn\n|upkeep\n|-end|p1a: Clawitzer|Dynamax\n|-heal|p1a: Clawitzer|180\/256 par|[silent]\n|turn|17\n|inactive|skjhfjklsa has 120 seconds left.\n|\n|t:|1668038048\n|move|p2a: Cresselia|Psyshock|p1a: Clawitzer\n|-damage|p1a: Clawitzer|108\/256 par\n|move|p1a: Clawitzer|Dark Pulse|p2a: Cresselia\n|-supereffective|p2a: Cresselia\n|-damage|p2a: Cresselia|0 fnt\n|faint|p2a: Cresselia\n|\n|upkeep\n|inactive|skjhfjklsa has 120 seconds left.\n|\n|t:|1668038072\n|switch|p2a: Tapu Koko|Tapu Koko, L78|237\/237\n|-damage|p2a: Tapu Koko|208\/237|[from] Spikes\n|-fieldstart|move: Electric Terrain|[from] ability: Electric Surge|[of] p2a: Tapu Koko\n|turn|18\n|\n|t:|1668038089\n|switch|p1a: Lycanroc|Lycanroc, L80, M|251\/251\n|move|p2a: Tapu Koko|Grass Knot|p1a: Lycanroc\n|-supereffective|p1a: Lycanroc\n|-damage|p1a: Lycanroc|126\/251\n|-damage|p2a: Tapu Koko|185\/237|[from] item: Life Orb\n|\n|upkeep\n|turn|19\n|\n|t:|1668038108\n|move|p2a: Tapu Koko|Grass Knot|p1a: Lycanroc\n|-supereffective|p1a: Lycanroc\n|-damage|p1a: Lycanroc|0 fnt\n|faint|p1a: Lycanroc\n|-damage|p2a: Tapu Koko|162\/237|[from] item: Life Orb\n|\n|upkeep\n|\n|t:|1668038115\n|switch|p1a: Exploud|Exploud, L84, M|312\/312\n|turn|20\n|\n|t:|1668038121\n|move|p2a: Tapu Koko|Thunderbolt|p1a: Exploud\n|-damage|p1a: Exploud|166\/312\n|-damage|p2a: Tapu Koko|139\/237|[from] item: Life Orb\n|move|p1a: Exploud|Focus Blast|p2a: Tapu Koko|[miss]\n|-miss|p1a: Exploud|p2a: Tapu Koko\n|\n|upkeep\n|turn|21\n|\n|t:|1668038129\n|move|p2a: Tapu Koko|Thunderbolt|p1a: Exploud\n|-damage|p1a: Exploud|0 fnt\n|faint|p1a: Exploud\n|-damage|p2a: Tapu Koko|116\/237|[from] item: Life Orb\n|\n|upkeep\n|\n|t:|1668038136\n|switch|p1a: Crobat|Crobat, L82, F|274\/274\n|turn|22\n|\n|t:|1668038141\n|move|p1a: Crobat|Super Fang|p2a: Tapu Koko\n|-damage|p2a: Tapu Koko|58\/237\n|move|p2a: Tapu Koko|Thunderbolt|p1a: Crobat\n|-supereffective|p1a: Crobat\n|-damage|p1a: Crobat|0 fnt\n|faint|p1a: Crobat\n|-damage|p2a: Tapu Koko|35\/237|[from] item: Life Orb\n|\n|-fieldend|move: Electric Terrain\n|upkeep\n|\n|t:|1668038149\n|switch|p1a: Clawitzer|Clawitzer, L84, F|108\/256 par\n|turn|23\n|\n|t:|1668038155\n|move|p2a: Tapu Koko|Thunderbolt|p1a: Clawitzer\n|-supereffective|p1a: Clawitzer\n|-damage|p1a: Clawitzer|0 fnt\n|faint|p1a: Clawitzer\n|-damage|p2a: Tapu Koko|12\/237|[from] item: Life Orb\n|\n|upkeep\n|\n|t:|1668038161\n|switch|p1a: Quagsire|Quagsire, L84, F|195\/297\n|turn|24\n|\n|t:|1668038165\n|move|p2a: Tapu Koko|Grass Knot|p1a: Quagsire\n|-supereffective|p1a: Quagsire\n|-damage|p1a: Quagsire|0 fnt\n|faint|p1a: Quagsire\n|-damage|p2a: Tapu Koko|0 fnt|[from] item: Life Orb\n|faint|p2a: Tapu Koko\n|\n|win|skjhfjklsa\n|raw|Abigail.bedard's rating: 1000 &rarr; <strong>1000<\/strong><br \/>(+0 for losing)\n|raw|skjhfjklsa's rating: 1000 &rarr; <strong>1040<\/strong><br \/>(+40 for winning)\n|c|\u2606skjhfjklsa|gg\n|l|\u2606Abigail.bedard\n","inputlog":">version 453a3ad56483cc6a5c08448f6577d394b68621b7\n>start {\"formatid\":\"gen8randombattle\",\"seed\":[15478,1198,57544,29171],\"rated\":\"Rated battle\"}\n>player p1 {\"name\":\"Abigail.bedard\",\"avatar\":\"caitlin\",\"rating\":1000,\"seed\":[7550,51520,41650,59766]}\n>player p2 {\"name\":\"skjhfjklsa\",\"avatar\":\"psychicf-gen4\",\"rating\":1000,\"seed\":[54036,26621,47730,10938]}\n>p1 move suckerpunch\n>p2 move thunderwave\n>p1 move spikes\n>p2 move moonblast\n>p1 move suckerpunch\n>p2 move psyshock\n>p1 move risingvoltage\n>p2 move psyshock\n>p1 move suckerpunch\n>p2 move psyshock\n>p1 switch 3\n>p1 move icebeam\n>p2 move moonlight\n>p1 move scald\n>p2 move moonblast\n>p1 move earthquake\n>p2 move psyshock\n>p1 switch 2\n>p2 move moonlight\n>p1 move darkpulse\n>p2 move moonblast\n>p1 move darkpulse\n>p2 move moonlight\n>p1 move darkpulse\n>p2 move moonlight\n>p1 move darkpulse\n>p2 move moonlight\n>p1 move darkpulse dynamax\n>p2 move thunderwave\n>p1 move darkpulse dynamax\n>p2 move moonblast\n>p1 move darkpulse dynamax\n>p2 move moonlight\n>p1 move darkpulse\n>p2 move psyshock\n>p2 switch 2\n>p1 switch 5\n>p2 move grassknot\n>p1 move stoneedge\n>p2 move grassknot\n>p1 switch 6\n>p1 move focusblast\n>p2 move thunderbolt\n>p1 move focusblast\n>p2 move thunderbolt\n>p1 switch 4\n>p1 move superfang\n>p2 move thunderbolt\n>p1 switch 5\n>p1 move waterpulse\n>p2 move thunderbolt\n>p1 switch 2\n>p1 move earthquake\n>p2 move grassknot","uploadtime":1668038183,"views":4,"p1id":"abigailbedard","p2id":"skjhfjklsa","formatid":"gen8randombattle","rating":1000,"private":0,"password":null}