{"id":"gen8randombattle-1686897270","p1":"Darkman64","p2":"WatchingYouSleep","format":"gen8randombattle","log":"|j|\u2606Darkman64\n|j|\u2606WatchingYouSleep\n|t:|1665895549\n|gametype|singles\n|player|p1|Darkman64|juan|1508\n|player|p2|WatchingYouSleep|sailor|1560\n|teamsize|p1|6\n|teamsize|p2|6\n|gen|8\n|tier|[Gen 8] Random Battle\n|rated|\n|rule|Species Clause: Limit one of each Pok\u00e9mon\n|rule|HP Percentage Mod: HP is shown in percentages\n|rule|Sleep Clause Mod: Limit one foe put to sleep\n|\n|t:|1665895549\n|start\n|switch|p1a: Mewtwo|Mewtwo, L72|272\/272\n|switch|p2a: Jynx|Jynx, L86, F|251\/251\n|-ability|p1a: Mewtwo|Unnerve\n|turn|1\n|\n|t:|1665895561\n|move|p1a: Mewtwo|Shadow Ball|p2a: Jynx\n|-supereffective|p2a: Jynx\n|-damage|p2a: Jynx|141\/251\n|move|p2a: Jynx|Ice Beam|p1a: Mewtwo\n|-damage|p1a: Mewtwo|151\/272\n|\n|-heal|p1a: Mewtwo|168\/272|[from] item: Leftovers\n|upkeep\n|turn|2\n|\n|t:|1665895566\n|move|p1a: Mewtwo|Nasty Plot|p1a: Mewtwo\n|-boost|p1a: Mewtwo|spa|2\n|move|p2a: Jynx|Ice Beam|p1a: Mewtwo\n|-damage|p1a: Mewtwo|35\/272\n|\n|-heal|p1a: Mewtwo|52\/272|[from] item: Leftovers\n|upkeep\n|turn|3\n|\n|t:|1665895568\n|move|p1a: Mewtwo|Shadow Ball|p2a: Jynx\n|-supereffective|p2a: Jynx\n|-damage|p2a: Jynx|0 fnt\n|faint|p2a: Jynx\n|\n|-heal|p1a: Mewtwo|69\/272|[from] item: Leftovers\n|upkeep\n|\n|t:|1665895577\n|switch|p2a: Vaporeon|Vaporeon, L84, F|356\/356\n|turn|4\n|inactive|Battle timer is ON: inactive players will automatically lose when time's up. (requested by WatchingYouSleep)\n|\n|t:|1665895585\n|move|p1a: Mewtwo|Psystrike|p2a: Vaporeon\n|-damage|p2a: Vaporeon|65\/356\n|move|p2a: Vaporeon|Scald|p1a: Mewtwo\n|-damage|p1a: Mewtwo|0 fnt\n|faint|p1a: Mewtwo\n|\n|-heal|p2a: Vaporeon|87\/356|[from] item: Leftovers\n|upkeep\n|\n|t:|1665895589\n|switch|p1a: Cinccino|Cinccino, L84, F|263\/263\n|turn|5\n|\n|t:|1665895594\n|move|p1a: Cinccino|U-turn|p2a: Vaporeon\n|-damage|p2a: Vaporeon|0 fnt\n|faint|p2a: Vaporeon\n|\n|t:|1665895605\n|switch|p1a: Cramorant|Cramorant, L84, M|255\/255\n|\n|upkeep\n|\n|t:|1665895611\n|switch|p2a: Vanilluxe|Vanilluxe, L82, M|251\/251\n|-weather|Hail|[from] ability: Snow Warning|[of] p2a: Vanilluxe\n|turn|6\n|\n|t:|1665895618\n|move|p1a: Cramorant|Defog|p2a: Vanilluxe\n|-unboost|p2a: Vanilluxe|evasion|1\n|move|p2a: Vanilluxe|Freeze-Dry|p1a: Cramorant\n|-supereffective|p1a: Cramorant\n|-damage|p1a: Cramorant|0 fnt\n|faint|p1a: Cramorant\n|\n|-weather|Hail|[upkeep]\n|upkeep\n|\n|t:|1665895622\n|switch|p1a: Cinccino|Cinccino, L84, F|263\/263\n|turn|7\n|\n|t:|1665895626\n|move|p1a: Cinccino|Tail Slap|p2a: Vanilluxe\n|-damage|p2a: Vanilluxe|208\/251\n|-damage|p2a: Vanilluxe|163\/251\n|-damage|p2a: Vanilluxe|121\/251\n|-damage|p2a: Vanilluxe|82\/251\n|-damage|p2a: Vanilluxe|39\/251\n|-hitcount|p2a: Vanilluxe|5\n|move|p2a: Vanilluxe|Explosion|p1a: Cinccino\n|-damage|p1a: Cinccino|51\/263\n|faint|p2a: Vanilluxe\n|\n|-weather|Hail|[upkeep]\n|-damage|p1a: Cinccino|35\/263|[from] Hail\n|upkeep\n|\n|t:|1665895637\n|switch|p2a: Gigalith|Gigalith, L82, M|274\/274\n|-weather|Sandstorm|[from] ability: Sand Stream|[of] p2a: Gigalith\n|turn|8\n|\n|t:|1665895651\n|switch|p1a: Terrakion|Terrakion, L78|270\/270\n|move|p2a: Gigalith|Stealth Rock|p1a: Terrakion\n|-sidestart|p1: Darkman64|move: Stealth Rock\n|\n|-weather|Sandstorm|[upkeep]\n|upkeep\n|turn|9\n|\n|t:|1665895654\n|move|p1a: Terrakion|Swords Dance|p1a: Terrakion\n|-boost|p1a: Terrakion|atk|2\n|move|p2a: Gigalith|Stone Edge|p1a: Terrakion\n|-resisted|p1a: Terrakion\n|-damage|p1a: Terrakion|205\/270\n|\n|-weather|Sandstorm|[upkeep]\n|upkeep\n|turn|10\n|\n|t:|1665895657\n|move|p1a: Terrakion|Close Combat|p2a: Gigalith\n|-supereffective|p2a: Gigalith\n|-damage|p2a: Gigalith|0 fnt\n|-unboost|p1a: Terrakion|def|1\n|-unboost|p1a: Terrakion|spd|1\n|faint|p2a: Gigalith\n|-damage|p1a: Terrakion|178\/270|[from] item: Life Orb\n|\n|-weather|Sandstorm|[upkeep]\n|upkeep\n|\n|t:|1665895662\n|switch|p2a: Zygarde|Zygarde-10%, L82|223\/223\n|-ability|p2a: Zygarde|Aura Break\n|turn|11\n|\n|t:|1665895687\n|move|p2a: Zygarde|Thousand Arrows|p1a: Terrakion\n|-supereffective|p1a: Terrakion\n|-damage|p1a: Terrakion|0 fnt\n|faint|p1a: Terrakion\n|-damage|p2a: Zygarde|201\/223|[from] item: Life Orb\n|\n|-weather|Sandstorm|[upkeep]\n|upkeep\n|\n|t:|1665895695\n|switch|p1a: Dhelmise|Dhelmise, L86|261\/261\n|-damage|p1a: Dhelmise|229\/261|[from] Stealth Rock\n|turn|12\n|\n|t:|1665895701\n|-start|p1a: Dhelmise|Dynamax|\n|-heal|p1a: Dhelmise|458\/522|[silent]\n|move|p2a: Zygarde|Coil|p2a: Zygarde\n|-boost|p2a: Zygarde|atk|1\n|-boost|p2a: Zygarde|def|1\n|-boost|p2a: Zygarde|accuracy|1\n|move|p1a: Dhelmise|Max Overgrowth|p2a: Zygarde\n|-damage|p2a: Zygarde|38\/223\n|-fieldstart|move: Grassy Terrain\n|\n|-weather|none\n|-heal|p2a: Zygarde|51\/223|[from] Grassy Terrain\n|-heal|p1a: Dhelmise|474\/522|[from] Grassy Terrain\n|upkeep\n|turn|13\n|\n|t:|1665895713\n|move|p2a: Zygarde|Outrage|p1a: Dhelmise\n|-damage|p1a: Dhelmise|270\/522\n|-damage|p2a: Zygarde|29\/223|[from] item: Life Orb\n|move|p1a: Dhelmise|Max Steelspike|p2a: Zygarde\n|-damage|p2a: Zygarde|0 fnt\n|-boost|p1a: Dhelmise|def|1\n|faint|p2a: Zygarde\n|\n|-heal|p1a: Dhelmise|286\/522|[from] Grassy Terrain\n|upkeep\n|\n|t:|1665895718\n|switch|p2a: Volcarona|Volcarona, L76, M|254\/254\n|turn|14\n|\n|t:|1665895732\n|move|p2a: Volcarona|Quiver Dance|p2a: Volcarona\n|-boost|p2a: Volcarona|spa|1\n|-boost|p2a: Volcarona|spd|1\n|-boost|p2a: Volcarona|spe|1\n|move|p1a: Dhelmise|Max Phantasm|p2a: Volcarona\n|-damage|p2a: Volcarona|0 fnt\n|faint|p2a: Volcarona\n|\n|win|Darkman64\n|raw|Darkman64's rating: 1531 &rarr; <strong>1553<\/strong><br \/>(+22 for winning)\n|raw|WatchingYouSleep's rating: 1560 &rarr; <strong>1538<\/strong><br \/>(-22 for losing)\n","inputlog":">version ef613a9475d6dbd637653866edadf31f5286d49e\n>start {\"formatid\":\"gen8randombattle\",\"seed\":[4773,57418,54904,2969],\"rated\":\"Rated battle\"}\n>player p1 {\"name\":\"Darkman64\",\"avatar\":\"juan\",\"rating\":1508,\"seed\":[15257,44433,64071,11615]}\n>player p2 {\"name\":\"WatchingYouSleep\",\"avatar\":\"sailor\",\"rating\":1560,\"seed\":[62292,31604,63042,33106]}\n>p1 move shadowball\n>p2 move icebeam\n>p1 move nastyplot\n>p2 move icebeam\n>p1 move shadowball\n>p2 move icebeam\n>p2 switch 2\n>p1 move psystrike\n>p2 move scald\n>p1 switch 4\n>p1 move uturn\n>p2 move scald\n>p1 switch 2\n>p2 switch 5\n>p1 move defog\n>p2 move freezedry\n>p1 switch 2\n>p1 move tailslap\n>p2 move explosion\n>p2 switch 3\n>p1 switch 3\n>p2 move stealthrock\n>p1 move swordsdance\n>p2 move stoneedge\n>p1 move closecombat\n>p2 move superpower\n>p2 switch 4\n>p1 move earthquake\n>p2 move thousandarrows\n>p1 switch 6\n>p1 move powerwhip dynamax\n>p2 move coil\n>p1 move anchorshot dynamax\n>p2 move outrage\n>p2 switch 6\n>p1 move poltergeist dynamax\n>p2 move quiverdance","uploadtime":1665895740,"views":4,"p1id":"darkman64","p2id":"watchingyousleep","formatid":"gen8randombattle","rating":1538,"private":0,"password":null}