{"id":"gen8randombattle-1270957761","p1":"Pokefreak77","p2":"exfir","format":"gen8randombattle","log":"|j|\u2606Pokefreak77\n|j|\u2606exfir\n|t:|1611802898\n|player|p1|Pokefreak77|223|1960\n|player|p2|exfir|170|1986\n|teamsize|p1|6\n|teamsize|p2|6\n|gametype|singles\n|gen|8\n|tier|[Gen 8] Random Battle\n|rated|\n|rule|Species Clause: Limit one of each Pok\u00e9mon\n|rule|HP Percentage Mod: HP is shown in percentages\n|rule|Sleep Clause Mod: Limit one foe put to sleep\n|\n|t:|1611802898\n|start\n|switch|p1a: Cradily|Cradily, L88, F|295\/295\n|switch|p2a: Scrafty|Scrafty, L84, M|246\/246\n|-ability|p2a: Scrafty|Intimidate|boost\n|-unboost|p1a: Cradily|atk|1\n|turn|1\n|inactive|Battle timer is ON: inactive players will automatically lose when time's up. (requested by Pokefreak77)\n|\n|t:|1611802935\n|switch|p1a: Virizion|Virizion, L84|290\/290\n|move|p2a: Scrafty|Dragon Dance|p2a: Scrafty\n|-boost|p2a: Scrafty|atk|1\n|-boost|p2a: Scrafty|spe|1\n|\n|upkeep\n|turn|2\n|\n|t:|1611802946\n|move|p1a: Virizion|Swords Dance|p1a: Virizion\n|-boost|p1a: Virizion|atk|2\n|move|p2a: Scrafty|Dragon Dance|p2a: Scrafty\n|-boost|p2a: Scrafty|atk|1\n|-boost|p2a: Scrafty|spe|1\n|\n|upkeep\n|turn|3\n|c|\u2606Pokefreak77|MAX Time\n|\n|t:|1611802972\n|-start|p2a: Scrafty|Dynamax\n|-heal|p2a: Scrafty|492\/492|[silent]\n|-start|p1a: Virizion|Dynamax\n|-heal|p1a: Virizion|580\/580|[silent]\n|move|p2a: Scrafty|Max Ooze|p1a: Virizion\n|-supereffective|p1a: Virizion\n|-damage|p1a: Virizion|304\/580\n|-boost|p2a: Scrafty|spa|1\n|move|p1a: Virizion|Max Knuckle|p2a: Scrafty\n|-supereffective|p2a: Scrafty\n|-damage|p2a: Scrafty|196\/492\n|-boost|p1a: Virizion|atk|1\n|\n|upkeep\n|turn|4\n|inactive|exfir has 120 seconds left.\n|\n|t:|1611802992\n|move|p2a: Scrafty|Max Ooze|p1a: Virizion\n|-supereffective|p1a: Virizion\n|-damage|p1a: Virizion|10\/580\n|-boost|p2a: Scrafty|spa|1\n|move|p1a: Virizion|Max Knuckle|p2a: Scrafty\n|-supereffective|p2a: Scrafty\n|-damage|p2a: Scrafty|0 fnt\n|-boost|p1a: Virizion|atk|1\n|faint|p2a: Scrafty\n|\n|upkeep\n|inactive|exfir has 120 seconds left.\n|\n|t:|1611803004\n|switch|p2a: Mamoswine|Mamoswine, L82, M|315\/315\n|turn|5\n|\n|t:|1611803008\n|-end|p1a: Virizion|Dynamax\n|-heal|p1a: Virizion|5\/290|[silent]\n|switch|p1a: Rotom|Rotom-Wash, L84|221\/221\n|move|p2a: Mamoswine|Ice Shard|p1a: Rotom\n|-resisted|p1a: Rotom\n|-damage|p1a: Rotom|191\/221\n|-damage|p2a: Mamoswine|284\/315|[from] item: Life Orb\n|\n|upkeep\n|turn|6\n|\n|t:|1611803017\n|move|p1a: Rotom|Will-O-Wisp|p2a: Mamoswine|[miss]\n|-miss|p1a: Rotom|p2a: Mamoswine\n|move|p2a: Mamoswine|Stealth Rock|p1a: Rotom\n|-sidestart|p1: Pokefreak77|move: Stealth Rock\n|\n|upkeep\n|turn|7\n|\n|t:|1611803032\n|switch|p2a: Turtonator|Turtonator, L86, F|243\/243\n|move|p1a: Rotom|Hydro Pump|p2a: Turtonator\n|-damage|p2a: Turtonator|79\/243\n|-damage|p1a: Rotom|169\/221|[from] item: Life Orb\n|\n|upkeep\n|turn|8\n|\n|t:|1611803039\n|move|p1a: Rotom|Thunderbolt|p2a: Turtonator\n|-resisted|p2a: Turtonator\n|-damage|p2a: Turtonator|17\/243\n|-damage|p1a: Rotom|147\/221|[from] item: Life Orb\n|move|p2a: Turtonator|Shell Smash|p2a: Turtonator\n|-unboost|p2a: Turtonator|def|1\n|-unboost|p2a: Turtonator|spd|1\n|-boost|p2a: Turtonator|atk|2\n|-boost|p2a: Turtonator|spa|2\n|-boost|p2a: Turtonator|spe|2\n|-enditem|p2a: Turtonator|White Herb\n|-clearnegativeboost|p2a: Turtonator|[silent]\n|\n|upkeep\n|turn|9\n|\n|t:|1611803051\n|switch|p1a: Virizion|Virizion, L84|5\/290\n|-damage|p1a: Virizion|0 fnt|[from] Stealth Rock\n|faint|p1a: Virizion\n|move|p2a: Turtonator|Draco Meteor|p1: Virizion|[notarget]\n|-fail|p2a: Turtonator\n|\n|upkeep\n|\n|t:|1611803069\n|switch|p1a: Lunala|Lunala, L74|325\/325\n|-damage|p1a: Lunala|285\/325|[from] Stealth Rock\n|turn|10\n|\n|t:|1611803073\n|move|p2a: Turtonator|Fire Blast|p1a: Lunala\n|-damage|p1a: Lunala|74\/325\n|move|p1a: Lunala|Moonblast|p2a: Turtonator\n|-damage|p2a: Turtonator|0 fnt\n|faint|p2a: Turtonator\n|\n|-heal|p1a: Lunala|94\/325|[from] item: Leftovers\n|upkeep\n|\n|t:|1611803081\n|switch|p2a: Heracross|Heracross, L84, F|272\/272\n|turn|11\n|\n|t:|1611803087\n|move|p2a: Heracross|Knock Off|p1a: Lunala\n|-supereffective|p1a: Lunala\n|-damage|p1a: Lunala|0 fnt\n|-enditem|p1a: Lunala|Leftovers|[from] move: Knock Off|[of] p2a: Heracross\n|faint|p1a: Lunala\n|\n|-status|p2a: Heracross|brn|[from] item: Flame Orb\n|upkeep\n|\n|t:|1611803097\n|switch|p1a: Rotom|Rotom-Wash, L84|147\/221\n|-damage|p1a: Rotom|120\/221|[from] Stealth Rock\n|turn|12\n|\n|t:|1611803104\n|move|p1a: Rotom|Volt Switch|p2a: Heracross\n|-damage|p2a: Heracross|173\/272 brn\n|-damage|p1a: Rotom|98\/221|[from] item: Life Orb\n|\n|t:|1611803109\n|switch|p1a: Regirock|Regirock, L86|278\/278\n|-damage|p1a: Regirock|244\/278|[from] Stealth Rock\n|move|p2a: Heracross|Megahorn|p1a: Regirock\n|-damage|p1a: Regirock|129\/278\n|\n|-damage|p2a: Heracross|156\/272 brn|[from] brn\n|upkeep\n|turn|13\n|\n|t:|1611803118\n|move|p2a: Heracross|Knock Off|p1a: Regirock\n|-damage|p1a: Regirock|70\/278\n|-enditem|p1a: Regirock|Chesto Berry|[from] move: Knock Off|[of] p2a: Heracross\n|move|p1a: Regirock|Rock Slide|p2a: Heracross\n|-damage|p2a: Heracross|59\/272 brn\n|\n|-damage|p2a: Heracross|42\/272 brn|[from] brn\n|upkeep\n|turn|14\n|\n|t:|1611803128\n|move|p2a: Heracross|Knock Off|p1a: Regirock\n|-damage|p1a: Regirock|25\/278\n|move|p1a: Regirock|Rock Slide|p2a: Heracross\n|-damage|p2a: Heracross|0 fnt\n|faint|p2a: Heracross\n|\n|upkeep\n|c|\u2606Pokefreak77|wtf\n|\n|t:|1611803136\n|switch|p2a: Diancie|Diancie, L84|221\/221\n|turn|15\n|\n|t:|1611803143\n|move|p1a: Regirock|Rest|p1a: Regirock\n|-status|p1a: Regirock|slp|[from] move: Rest\n|-heal|p1a: Regirock|278\/278 slp|[silent]\n|move|p2a: Diancie|Moonblast|p1a: Regirock\n|-damage|p1a: Regirock|188\/278 slp\n|\n|upkeep\n|turn|16\n|\n|t:|1611803154\n|cant|p1a: Regirock|slp\n|move|p2a: Diancie|Moonblast|p1a: Regirock\n|-damage|p1a: Regirock|101\/278 slp\n|\n|upkeep\n|turn|17\n|\n|t:|1611803160\n|cant|p1a: Regirock|slp\n|move|p2a: Diancie|Moonblast|p1a: Regirock\n|-damage|p1a: Regirock|14\/278 slp\n|\n|upkeep\n|turn|18\n|\n|t:|1611803165\n|-curestatus|p1a: Regirock|slp|[msg]\n|move|p1a: Regirock|Rest|p1a: Regirock\n|-status|p1a: Regirock|slp|[from] move: Rest\n|-heal|p1a: Regirock|278\/278 slp|[silent]\n|move|p2a: Diancie|Moonblast|p1a: Regirock\n|-damage|p1a: Regirock|185\/278 slp\n|\n|upkeep\n|turn|19\n|\n|t:|1611803175\n|switch|p2a: Calyrex|Calyrex-Ice, L74|270\/270\n|-ability|p2a: Calyrex|As One\n|-ability|p2a: Calyrex|Unnerve|p1: Pokefreak77\n|cant|p1a: Regirock|slp\n|\n|upkeep\n|turn|20\n|\n|t:|1611803188\n|switch|p1a: Rotom|Rotom-Wash, L84|98\/221\n|-damage|p1a: Rotom|71\/221|[from] Stealth Rock\n|move|p2a: Calyrex|Trick Room|p2a: Calyrex\n|-fieldstart|move: Trick Room|[of] p2a: Calyrex\n|\n|upkeep\n|turn|21\n|\n|t:|1611803198\n|move|p2a: Calyrex|Close Combat|p1a: Rotom\n|-damage|p1a: Rotom|0 fnt\n|-unboost|p2a: Calyrex|def|1\n|-unboost|p2a: Calyrex|spd|1\n|faint|p1a: Rotom\n|-ability|p2a: Calyrex|Chilling Neigh|boost\n|-boost|p2a: Calyrex|atk|1\n|\n|upkeep\n|\n|t:|1611803215\n|switch|p1a: Regirock|Regirock, L86|185\/278 slp\n|-damage|p1a: Regirock|151\/278 slp|[from] Stealth Rock\n|turn|22\n|-message|Pokefreak77 forfeited.\n|\n|win|exfir\n|l|\u2606Pokefreak77\n|raw|Pokefreak77's rating: 1937 &rarr; <strong>1920<\/strong><br \/>(-17 for losing)\n|raw|exfir's rating: 1987 &rarr; <strong>2004<\/strong><br \/>(+17 for winning)\n","inputlog":">version 6d9fe41a27e72f50784619eb054a8c34bf08275a\n>start {\"formatid\":\"gen8randombattle\",\"seed\":[16967,20248,3465,11520],\"rated\":\"Rated battle\"}\n>player p1 {\"name\":\"Pokefreak77\",\"avatar\":\"223\",\"team\":\"\",\"rating\":1960,\"seed\":[54495,49221,59630,34093]}\n>player p2 {\"name\":\"exfir\",\"avatar\":\"170\",\"team\":\"\",\"rating\":1986,\"seed\":[31750,19020,45839,49183]}\n>p1 switch 5\n>p2 move dragondance\n>p1 move swordsdance\n>p2 move dragondance\n>chat \u2606Pokefreak77|MAX Time\n>p1 move closecombat dynamax\n>p2 move poisonjab dynamax\n>p1 move closecombat dynamax\n>p2 move poisonjab dynamax\n>p2 switch 6\n>p1 switch 4\n>p2 move iceshard\n>p1 move willowisp\n>p2 move stealthrock\n>p1 move hydropump\n>p2 switch 3\n>p1 move thunderbolt\n>p2 move shellsmash\n>p1 switch 4\n>p2 move dracometeor\n>p1 switch 3\n>p1 move moonblast\n>p2 move fireblast\n>p2 switch 5\n>p1 move psyshock\n>p2 move knockoff\n>p1 switch 4\n>p1 move voltswitch\n>p2 move megahorn\n>p1 switch 2\n>p1 move rockslide\n>p2 move knockoff\n>p1 move rockslide\n>p2 move knockoff\n>chat \u2606Pokefreak77|wtf\n>p2 switch 2\n>p1 move rest\n>p2 move moonblast\n>p1 move rest\n>p2 move moonblast\n>p1 move rest\n>p2 move moonblast\n>p1 move rest\n>p2 move moonblast\n>p1 move rest\n>p2 switch 4\n>p1 switch 2\n>p2 move trickroom\n>p1 move willowisp\n>p2 move closecombat\n>p1 switch 2","uploadtime":1611803223,"views":0,"p1id":"pokefreak77","p2id":"exfir","formatid":"gen8randombattle","rating":1920,"private":0,"password":null}