{"id":"gen8randombattle-1598923373","p1":"DjezzeMwoan","p2":"yo mamma has","format":"gen8randombattle","log":"|j|\u2606DjezzeMwoan\n|j|\u2606yo mamma has\n|t:|1655551661\n|gametype|singles\n|player|p1|DjezzeMwoan|gambler|1944\n|player|p2|yo mamma has|2|1880\n|teamsize|p1|6\n|teamsize|p2|6\n|gen|8\n|tier|[Gen 8] Random Battle\n|rated|\n|rule|Species Clause: Limit one of each Pok\u00e9mon\n|rule|HP Percentage Mod: HP is shown in percentages\n|rule|Sleep Clause Mod: Limit one foe put to sleep\n|\n|t:|1655551661\n|start\n|switch|p1a: Skuntank|Skuntank, L85, M|314\/314\n|switch|p2a: Machamp|Machamp, L82, F|282\/282\n|turn|1\n|inactive|Battle timer is ON: inactive players will automatically lose when time's up. (requested by DjezzeMwoan)\n|\n|t:|1655551687\n|switch|p1a: Heracross|Heracross, L82, M|265\/265\n|move|p2a: Machamp|Knock Off|p1a: Heracross\n|-resisted|p1a: Heracross\n|-crit|p1a: Heracross\n|-damage|p1a: Heracross|191\/265\n|-enditem|p1a: Heracross|Flame Orb|[from] move: Knock Off|[of] p2a: Machamp\n|\n|-status|p2a: Machamp|brn|[from] item: Flame Orb\n|upkeep\n|turn|2\n|\n|t:|1655551697\n|move|p1a: Heracross|Close Combat|p2a: Machamp\n|-crit|p2a: Machamp\n|-damage|p2a: Machamp|50\/282 brn\n|-unboost|p1a: Heracross|def|1\n|-unboost|p1a: Heracross|spd|1\n|move|p2a: Machamp|Facade|p1a: Heracross\n|-damage|p1a: Heracross|0 fnt\n|faint|p1a: Heracross\n|\n|-damage|p2a: Machamp|33\/282 brn|[from] brn\n|upkeep\n|\n|t:|1655551706\n|switch|p1a: Skuntank|Skuntank, L85, M|314\/314\n|turn|3\n|\n|t:|1655551726\n|move|p2a: Machamp|Bullet Punch|p1a: Skuntank\n|-damage|p1a: Skuntank|250\/314\n|move|p1a: Skuntank|Poison Jab|p2a: Machamp\n|-damage|p2a: Machamp|0 fnt\n|faint|p2a: Machamp\n|\n|-heal|p1a: Skuntank|269\/314|[from] item: Black Sludge\n|upkeep\n|inactive|yo mamma has has 120 seconds left.\n|\n|t:|1655551742\n|switch|p2a: Lanturn|Lanturn, L86, M|355\/355\n|turn|4\n|\n|t:|1655551751\n|move|p1a: Skuntank|Poison Jab|p2a: Lanturn\n|-damage|p2a: Lanturn|243\/355\n|move|p2a: Lanturn|Scald|p1a: Skuntank\n|-damage|p1a: Skuntank|179\/314\n|\n|-heal|p1a: Skuntank|198\/314|[from] item: Black Sludge\n|-heal|p2a: Lanturn|265\/355|[from] item: Leftovers\n|upkeep\n|turn|5\n|\n|t:|1655551764\n|move|p1a: Skuntank|Poison Jab|p2a: Lanturn\n|-damage|p2a: Lanturn|153\/355\n|move|p2a: Lanturn|Scald|p1a: Skuntank\n|-damage|p1a: Skuntank|98\/314\n|\n|-heal|p1a: Skuntank|117\/314|[from] item: Black Sludge\n|-heal|p2a: Lanturn|175\/355|[from] item: Leftovers\n|upkeep\n|turn|6\n|\n|t:|1655551774\n|move|p1a: Skuntank|Poison Jab|p2a: Lanturn\n|-damage|p2a: Lanturn|60\/355\n|-status|p2a: Lanturn|psn\n|move|p2a: Lanturn|Scald|p1a: Skuntank\n|-damage|p1a: Skuntank|27\/314\n|\n|-heal|p1a: Skuntank|46\/314|[from] item: Black Sludge\n|-heal|p2a: Lanturn|82\/355 psn|[from] item: Leftovers\n|-damage|p2a: Lanturn|38\/355 psn|[from] psn\n|upkeep\n|turn|7\n|\n|t:|1655551784\n|move|p1a: Skuntank|Crunch|p2a: Lanturn\n|-damage|p2a: Lanturn|0 fnt\n|faint|p2a: Lanturn\n|\n|-heal|p1a: Skuntank|65\/314|[from] item: Black Sludge\n|upkeep\n|c|\u2606DjezzeMwoan|sorry for no burns\n|\n|t:|1655551794\n|switch|p2a: Corviknight|Corviknight, L78, F|281\/281\n|turn|8\n|\n|t:|1655551798\n|move|p1a: Skuntank|Taunt|p2a: Corviknight\n|-start|p2a: Corviknight|move: Taunt\n|move|p2a: Corviknight|Body Press|p1a: Skuntank\n|-damage|p1a: Skuntank|7\/314\n|\n|-heal|p1a: Skuntank|26\/314|[from] item: Black Sludge\n|upkeep\n|turn|9\n|\n|t:|1655551806\n|move|p1a: Skuntank|Crunch|p2a: Corviknight\n|-damage|p2a: Corviknight|196\/281\n|move|p2a: Corviknight|Body Press|p1a: Skuntank\n|-damage|p1a: Skuntank|0 fnt\n|-damage|p2a: Corviknight|126\/281|[from] ability: Aftermath|[of] p1a: Skuntank\n|faint|p1a: Skuntank\n|\n|-heal|p2a: Corviknight|143\/281|[from] item: Leftovers\n|upkeep\n|\n|t:|1655551808\n|switch|p1a: Blastoise|Blastoise, L82, F|264\/264\n|turn|10\n|\n|t:|1655551828\n|move|p1a: Blastoise|Shell Smash|p1a: Blastoise\n|-unboost|p1a: Blastoise|def|1\n|-unboost|p1a: Blastoise|spd|1\n|-boost|p1a: Blastoise|atk|2\n|-boost|p1a: Blastoise|spa|2\n|-boost|p1a: Blastoise|spe|2\n|-enditem|p1a: Blastoise|White Herb\n|-clearnegativeboost|p1a: Blastoise|[silent]\n|move|p2a: Corviknight|Brave Bird|p1a: Blastoise\n|-damage|p1a: Blastoise|177\/264\n|-damage|p2a: Corviknight|114\/281|[from] Recoil\n|\n|-heal|p2a: Corviknight|131\/281|[from] item: Leftovers\n|-end|p2a: Corviknight|move: Taunt\n|upkeep\n|turn|11\n|\n|t:|1655551840\n|move|p1a: Blastoise|Ice Beam|p2a: Corviknight\n|-damage|p2a: Corviknight|16\/281\n|move|p2a: Corviknight|Brave Bird|p1a: Blastoise\n|-damage|p1a: Blastoise|81\/264\n|-damage|p2a: Corviknight|0 fnt|[from] Recoil\n|faint|p2a: Corviknight\n|\n|upkeep\n|\n|t:|1655551850\n|switch|p2a: Abomasnow|Abomasnow, L82, M|282\/282\n|-weather|Hail|[from] ability: Snow Warning|[of] p2a: Abomasnow\n|turn|12\n|\n|t:|1655551857\n|move|p1a: Blastoise|Ice Beam|p2a: Abomasnow\n|-damage|p2a: Abomasnow|158\/282\n|move|p2a: Abomasnow|Aurora Veil|p2a: Abomasnow\n|-sidestart|p2: yo mamma has|move: Aurora Veil\n|\n|-weather|Hail|[upkeep]\n|-damage|p1a: Blastoise|65\/264|[from] Hail\n|upkeep\n|turn|13\n|\n|t:|1655551863\n|move|p1a: Blastoise|Hydro Pump|p2a: Abomasnow|[miss]\n|-miss|p1a: Blastoise|p2a: Abomasnow\n|move|p2a: Abomasnow|Wood Hammer|p1a: Blastoise\n|-supereffective|p1a: Blastoise\n|-damage|p1a: Blastoise|0 fnt\n|faint|p1a: Blastoise\n|-damage|p2a: Abomasnow|137\/282|[from] Recoil\n|\n|-weather|Hail|[upkeep]\n|upkeep\n|\n|t:|1655551867\n|switch|p1a: Bewear|Bewear, L82, F|331\/331\n|turn|14\n|\n|t:|1655551879\n|move|p1a: Bewear|Close Combat|p2a: Abomasnow\n|-supereffective|p2a: Abomasnow\n|-crit|p2a: Abomasnow\n|-damage|p2a: Abomasnow|0 fnt\n|-unboost|p1a: Bewear|def|1\n|-unboost|p1a: Bewear|spd|1\n|faint|p2a: Abomasnow\n|-damage|p1a: Bewear|298\/331|[from] item: Life Orb\n|\n|-weather|Hail|[upkeep]\n|-damage|p1a: Bewear|278\/331|[from] Hail\n|upkeep\n|\n|t:|1655551888\n|switch|p2a: Calyrex|Calyrex-Ice, L72|263\/263\n|-ability|p2a: Calyrex|As One\n|-ability|p2a: Calyrex|Unnerve\n|turn|15\n|\n|t:|1655551896\n|move|p1a: Bewear|Close Combat|p2a: Calyrex\n|-damage|p2a: Calyrex|193\/263\n|-unboost|p1a: Bewear|def|1\n|-unboost|p1a: Bewear|spd|1\n|-damage|p1a: Bewear|245\/331|[from] item: Life Orb\n|move|p2a: Calyrex|Agility|p2a: Calyrex\n|-boost|p2a: Calyrex|spe|2\n|\n|-weather|Hail|[upkeep]\n|-damage|p1a: Bewear|225\/331|[from] Hail\n|upkeep\n|turn|16\n|\n|t:|1655551911\n|move|p2a: Calyrex|Glacial Lance|p1a: Bewear\n|-damage|p1a: Bewear|0 fnt\n|faint|p1a: Bewear\n|-ability|p2a: Calyrex|Chilling Neigh|boost\n|-boost|p2a: Calyrex|atk|1\n|\n|-weather|none\n|upkeep\n|\n|t:|1655551914\n|switch|p1a: Gengar|Gengar, L80, F|227\/227\n|turn|17\n|\n|t:|1655551920\n|-start|p2a: Calyrex|Dynamax|\n|-heal|p2a: Calyrex|386\/526|[silent]\n|-start|p1a: Gengar|Dynamax|Gmax\n|-heal|p1a: Gengar|454\/454|[silent]\n|move|p2a: Calyrex|Max Quake|p1a: Gengar\n|-supereffective|p1a: Gengar\n|-damage|p1a: Gengar|60\/454\n|-boost|p2a: Calyrex|spd|1\n|move|p1a: Gengar|G-Max Terror|p2a: Calyrex\n|-supereffective|p2a: Calyrex\n|-damage|p2a: Calyrex|293\/526\n|-activate|p2a: Calyrex|trapped\n|-enditem|p2a: Calyrex|Weakness Policy\n|-boost|p2a: Calyrex|atk|2|[from] item: Weakness Policy\n|-boost|p2a: Calyrex|spa|2|[from] item: Weakness Policy\n|\n|upkeep\n|turn|18\n|l|\u2606DjezzeMwoan\n|inactive|DjezzeMwoan disconnected and has a minute to reconnect!\n|player|p1|\n|inactive|DjezzeMwoan has 30 seconds to reconnect!\n|inactive|DjezzeMwoan has 20 seconds to reconnect!\n|inactive|DjezzeMwoan has 15 seconds to reconnect!\n|inactive|DjezzeMwoan has 10 seconds to reconnect!\n|inactive|DjezzeMwoan has 5 seconds to reconnect!\n|-message|DjezzeMwoan lost due to inactivity.\n|\n|win|yo mamma has\n|raw|DjezzeMwoan's rating: 1944 &rarr; <strong>1920<\/strong><br \/>(-24 for losing)\n|raw|yo mamma has's rating: 1880 &rarr; <strong>1904<\/strong><br \/>(+24 for winning)\n","inputlog":">version 670c2f5a4ee85e366483c1d6b048cac7bb7a651c\n>start {\"formatid\":\"gen8randombattle\",\"seed\":[39615,64605,7536,23791],\"rated\":\"Rated battle\"}\n>player p1 {\"name\":\"DjezzeMwoan\",\"avatar\":\"gambler\",\"rating\":1944,\"seed\":[23250,23676,10478,30977]}\n>player p2 {\"name\":\"yo mamma has\",\"avatar\":\"2\",\"rating\":1880,\"seed\":[39983,61484,40816,49413]}\n>p1 switch 4\n>p2 move knockoff\n>p1 move closecombat\n>p2 move facade\n>p1 switch 4\n>p1 move poisonjab\n>p2 move bulletpunch\n>p2 switch 3\n>p1 move poisonjab\n>p2 move scald\n>p1 move poisonjab\n>p2 move scald\n>p1 move poisonjab\n>p2 move scald\n>p1 move crunch\n>p2 move scald\n>chat \u2606DjezzeMwoan|sorry for no burns\n>p2 switch 5\n>p1 move taunt\n>p2 move bodypress\n>p1 move crunch\n>p2 move bodypress\n>p1 switch 2\n>p1 move shellsmash\n>p2 move bravebird\n>p1 move icebeam\n>p2 move bravebird\n>p2 switch 6\n>p1 move icebeam\n>p2 move auroraveil\n>p1 move hydropump\n>p2 move woodhammer\n>p1 switch 3\n>p1 move closecombat\n>p2 move blizzard\n>p2 switch 2\n>p1 move closecombat\n>p2 move agility\n>p1 move closecombat\n>p2 move glaciallance\n>p1 switch 5\n>p1 move shadowball dynamax\n>p2 move highhorsepower dynamax\n>forcelose p1","uploadtime":1655551996,"views":7,"p1id":"djezzemwoan","p2id":"yomammahas","formatid":"gen8randombattle","rating":1904,"private":0,"password":null}