{"id":"gen8randombattle-1115905855","p1":"Ban Lando t guy jk","p2":"Cafeti","format":"gen8randombattle","log":"|j|\u2606Ban Lando t guy jk\n|j|\u2606Cafeti\n|player|p1|Ban Lando t guy jk|164|1104\n|player|p2|Cafeti|palmer|1111\n|teamsize|p1|6\n|teamsize|p2|6\n|gametype|singles\n|gen|8\n|tier|[Gen 8] Random Battle\n|rated|\n|rule|Species Clause: Limit one of each Pok\u00e9mon\n|rule|HP Percentage Mod: HP is shown in percentages\n|rule|Sleep Clause Mod: Limit one foe put to sleep\n|\n|start\n|switch|p1a: Ditto|Ditto, L82|213\/213\n|switch|p2a: Toxapex|Toxapex, L80, M|211\/211\n|-transform|p1a: Ditto|p2a: Toxapex|[from] ability: Imposter\n|turn|1\n|inactive|Battle timer is ON: inactive players will automatically lose when time's up. (requested by Ban Lando t guy jk)\n|\n|switch|p2a: Malamar|Malamar, L86, M|288\/288\n|move|p1a: Ditto|Toxic Spikes|p2a: Malamar\n|-sidestart|p2: Cafeti|move: Toxic Spikes\n|\n|upkeep\n|turn|2\n|\n|switch|p1a: Ninetales|Ninetales-Alola, L82, F|254\/254\n|-weather|Hail|[from] ability: Snow Warning|[of] p1a: Ninetales\n|move|p2a: Malamar|Knock Off|p1a: Ninetales\n|-resisted|p1a: Ninetales\n|-damage|p1a: Ninetales|196\/254\n|-enditem|p1a: Ninetales|Light Clay|[from] move: Knock Off|[of] p2a: Malamar\n|\n|-weather|Hail|[upkeep]\n|-damage|p2a: Malamar|270\/288|[from] Hail\n|-heal|p2a: Malamar|288\/288|[from] item: Leftovers\n|upkeep\n|turn|3\n|\n|move|p1a: Ninetales|Aurora Veil|p1a: Ninetales\n|-sidestart|p1: Ban Lando t guy jk|move: Aurora Veil\n|move|p2a: Malamar|Superpower|p1a: Ninetales\n|-damage|p1a: Ninetales|149\/254\n|-boost|p2a: Malamar|atk|1\n|-boost|p2a: Malamar|def|1\n|\n|-weather|Hail|[upkeep]\n|-damage|p2a: Malamar|270\/288|[from] Hail\n|-heal|p2a: Malamar|288\/288|[from] item: Leftovers\n|upkeep\n|turn|4\n|\n|move|p1a: Ninetales|Moonblast|p2a: Malamar\n|-supereffective|p2a: Malamar\n|-damage|p2a: Malamar|100\/288\n|move|p2a: Malamar|Knock Off|p1a: Ninetales\n|-resisted|p1a: Ninetales\n|-damage|p1a: Ninetales|117\/254\n|\n|-weather|Hail|[upkeep]\n|-damage|p2a: Malamar|82\/288|[from] Hail\n|-heal|p2a: Malamar|100\/288|[from] item: Leftovers\n|upkeep\n|turn|5\n|\n|switch|p2a: Toxapex|Toxapex, L80, M|211\/211\n|-sideend|p2: Cafeti|move: Toxic Spikes|[of] p2a: Toxapex\n|move|p1a: Ninetales|Moonblast|p2a: Toxapex\n|-resisted|p2a: Toxapex\n|-damage|p2a: Toxapex|179\/211\n|\n|-weather|Hail|[upkeep]\n|-damage|p2a: Toxapex|166\/211|[from] Hail\n|-heal|p2a: Toxapex|179\/211|[from] item: Black Sludge\n|upkeep\n|turn|6\n|\n|switch|p1a: Qwilfish|Qwilfish, L86, M|252\/252\n|-ability|p1a: Qwilfish|Intimidate|boost\n|-unboost|p2a: Toxapex|atk|1\n|move|p2a: Toxapex|Toxic Spikes|p1a: Qwilfish\n|-sidestart|p1: Ban Lando t guy jk|move: Toxic Spikes\n|\n|-weather|none\n|-heal|p2a: Toxapex|192\/211|[from] item: Black Sludge\n|upkeep\n|turn|7\n|\n|move|p1a: Qwilfish|Spikes|p2a: Toxapex\n|-sidestart|p2: Cafeti|Spikes\n|move|p2a: Toxapex|Toxic Spikes|p1a: Qwilfish\n|-sidestart|p1: Ban Lando t guy jk|move: Toxic Spikes\n|\n|-heal|p2a: Toxapex|205\/211|[from] item: Black Sludge\n|-sideend|p1: Ban Lando t guy jk|move: Aurora Veil\n|upkeep\n|turn|8\n|\n|switch|p2a: Swoobat|Swoobat, L88, F|261\/261\n|move|p1a: Qwilfish|Spikes|p2a: Swoobat\n|-sidestart|p2: Cafeti|Spikes\n|\n|upkeep\n|turn|9\n|\n|move|p2a: Swoobat|Calm Mind|p2a: Swoobat\n|-boost|p2a: Swoobat|spa|2\n|-boost|p2a: Swoobat|spd|2\n|move|p1a: Qwilfish|Thunder Wave|p2a: Swoobat\n|-status|p2a: Swoobat|par\n|\n|upkeep\n|turn|10\n|\n|switch|p1a: Oranguru|Oranguru, L88, F|302\/302\n|-status|p1a: Oranguru|tox\n|move|p2a: Swoobat|Stored Power|p1a: Oranguru\n|-resisted|p1a: Oranguru\n|-damage|p1a: Oranguru|228\/302 tox\n|\n|-heal|p1a: Oranguru|246\/302 tox|[from] item: Leftovers\n|-damage|p1a: Oranguru|228\/302 tox|[from] psn\n|upkeep\n|turn|11\n|\n|switch|p1a: Qwilfish|Qwilfish, L86, M|252\/252\n|-sideend|p1: Ban Lando t guy jk|move: Toxic Spikes|[of] p1a: Qwilfish\n|-ability|p1a: Qwilfish|Intimidate|boost\n|-unboost|p2a: Swoobat|atk|2\n|move|p2a: Swoobat|Stored Power|p1a: Qwilfish\n|-supereffective|p1a: Qwilfish\n|-crit|p1a: Qwilfish\n|-damage|p1a: Qwilfish|0 fnt\n|faint|p1a: Qwilfish\n|\n|upkeep\n|\n|switch|p1a: Ditto|Ditto, L82|213\/213\n|-transform|p1a: Ditto|p2a: Swoobat|[from] ability: Imposter\n|turn|12\n|\n|switch|p2a: Weavile|Weavile, L82, M|249\/249\n|-damage|p2a: Weavile|208\/249|[from] Spikes\n|move|p1a: Ditto|Calm Mind|p1a: Ditto\n|-boost|p1a: Ditto|spa|2\n|-boost|p1a: Ditto|spd|2\n|\n|upkeep\n|turn|13\n|\n|switch|p1a: Ninetales|Ninetales-Alola, L82, F|117\/254\n|-weather|Hail|[from] ability: Snow Warning|[of] p1a: Ninetales\n|move|p2a: Weavile|Swords Dance|p2a: Weavile\n|-boost|p2a: Weavile|atk|2\n|\n|-weather|Hail|[upkeep]\n|upkeep\n|turn|14\n|\n|switch|p1a: Oranguru|Oranguru, L88, F|228\/302 tox\n|move|p2a: Weavile|Knock Off|p1a: Oranguru\n|-supereffective|p1a: Oranguru\n|-damage|p1a: Oranguru|0 fnt\n|-enditem|p1a: Oranguru|Leftovers|[from] move: Knock Off|[of] p2a: Weavile\n|-damage|p2a: Weavile|184\/249|[from] item: Life Orb\n|faint|p1a: Oranguru\n|\n|-weather|Hail|[upkeep]\n|upkeep\n|\n|switch|p1a: Ditto|Ditto, L82|213\/213\n|-transform|p1a: Ditto|p2a: Weavile|[from] ability: Imposter\n|turn|15\n|\n|-start|p1a: Ditto|Dynamax\n|-heal|p1a: Ditto|426\/426|[silent]\n|move|p2a: Weavile|Knock Off|p1a: Ditto\n|-resisted|p1a: Ditto\n|-damage|p1a: Ditto|227\/426\n|-enditem|p1a: Ditto|Choice Scarf|[from] move: Knock Off|[of] p2a: Weavile\n|-enditem|p2a: Weavile|Life Orb|[silent]|[from] ability: Pickpocket|[of] p2a: Weavile\n|-item|p1a: Ditto|Life Orb|[from] ability: Pickpocket|[of] p2a: Weavile\n|move|p1a: Ditto|Max Hailstorm|p2a: Weavile\n|-resisted|p2a: Weavile\n|-damage|p2a: Weavile|0 fnt\n|-damage|p1a: Ditto|206\/426|[from] item: Life Orb\n|faint|p2a: Weavile\n|\n|-weather|Hail|[upkeep]\n|upkeep\n|inactive|Cafeti has 120 seconds left.\n|\n|switch|p2a: Swoobat|Swoobat, L88, F|261\/261 par\n|turn|16\n|\n|move|p1a: Ditto|Max Hailstorm|p2a: Swoobat\n|-supereffective|p2a: Swoobat\n|-damage|p2a: Swoobat|0 fnt\n|-damage|p1a: Ditto|185\/426|[from] item: Life Orb\n|faint|p2a: Swoobat\n|\n|-weather|Hail|[upkeep]\n|upkeep\n|\n|switch|p2a: Toxapex|Toxapex, L80, M|211\/211\n|-damage|p2a: Toxapex|176\/211|[from] Spikes\n|turn|17\n|\n|move|p2a: Toxapex|Baneful Bunker|p2a: Toxapex\n|-singleturn|p2a: Toxapex|move: Protect\n|move|p1a: Ditto|Max Darkness|p2a: Toxapex\n|-zbroken|p2a: Toxapex\n|-damage|p2a: Toxapex|118\/211\n|-unboost|p2a: Toxapex|spd|1\n|-damage|p1a: Ditto|164\/426|[from] item: Life Orb\n|\n|-weather|none\n|-heal|p2a: Toxapex|131\/211|[from] item: Black Sludge\n|-end|p1a: Ditto|Dynamax\n|-heal|p1a: Ditto|82\/213|[silent]\n|upkeep\n|turn|18\n|\n|move|p1a: Ditto|Knock Off|p2a: Toxapex\n|-damage|p2a: Toxapex|0 fnt\n|-enditem|p2a: Toxapex|Black Sludge|[from] move: Knock Off|[of] p1a: Ditto\n|-damage|p1a: Ditto|61\/213|[from] item: Life Orb\n|faint|p2a: Toxapex\n|\n|upkeep\n|\n|switch|p2a: Malamar|Malamar, L86, M|100\/288\n|-damage|p2a: Malamar|52\/288|[from] Spikes\n|turn|19\n|\n|move|p1a: Ditto|Knock Off|p2a: Malamar\n|-damage|p2a: Malamar|0 fnt\n|-enditem|p2a: Malamar|Leftovers|[from] move: Knock Off|[of] p1a: Ditto\n|-damage|p1a: Ditto|40\/213|[from] item: Life Orb\n|faint|p2a: Malamar\n|\n|upkeep\n|inactive|Cafeti has 120 seconds left.\n|-message|Cafeti forfeited.\n|\n|win|Ban Lando t guy jk\n|l|\u2606Cafeti\n","inputlog":">version 8b898aac56c6824946d7275e6e1425b049ce9fe9\n>version-origin a71ab279c10b1e917524c647d68e8324f976876a\n>start {\"formatid\":\"gen8randombattle\",\"seed\":[25449,56289,3612,29760],\"rated\":\"Rated battle\"}\n>player p1 {\"name\":\"Ban Lando t guy jk\",\"avatar\":\"164\",\"team\":\"\",\"rating\":1104,\"seed\":[40176,9557,65037,52442]}\n>player p2 {\"name\":\"Cafeti\",\"avatar\":\"palmer\",\"team\":\"\",\"rating\":1111,\"seed\":[49625,58012,49021,2526]}\n>p1 move toxicspikes\n>p2 switch 4\n>p1 switch 5\n>p2 move knockoff\n>p1 move auroraveil\n>p2 move superpower\n>p1 move moonblast\n>p2 move knockoff\n>p1 move moonblast\n>p2 switch 4\n>p1 switch 2\n>p2 move toxicspikes\n>p1 move spikes\n>p2 move toxicspikes\n>p1 move spikes\n>p2 switch 5\n>p1 move thunderwave\n>p2 move calmmind\n>p1 switch 6\n>p2 move storedpower\n>p1 switch 6\n>p2 move storedpower\n>p1 switch 5\n>p1 move calmmind\n>p2 switch 3\n>p1 switch 2\n>p2 move swordsdance\n>p1 switch 6\n>p2 move knockoff\n>p1 switch 2\n>p1 move iceshard dynamax\n>p2 move knockoff\n>p2 switch 3\n>p1 move iciclecrash dynamax\n>p2 move heatwave\n>p2 switch 5\n>p1 move knockoff dynamax\n>p2 move banefulbunker\n>p1 move knockoff\n>p2 move scald\n>p2 switch 4\n>p1 move knockoff\n>p2 move rest","uploadtime":1589666889,"views":1,"p1id":"banlandotguyjk","p2id":"cafeti","formatid":"gen8randombattle","rating":0,"private":0,"password":null}