{"id":"gen8randombattle-1551553093","p1":"Fastpitchkiller","p2":"Sherbet_444","format":"gen8randombattle","log":"|j|\u2606Fastpitchkiller\n|j|\u2606Sherbet_444\n|t:|1649745658\n|gametype|singles\n|player|p1|Fastpitchkiller|265|1854\n|player|p2|Sherbet_444|shauntal|1802\n|teamsize|p1|6\n|teamsize|p2|6\n|gen|8\n|tier|[Gen 8] Random Battle\n|rated|\n|rule|Species Clause: Limit one of each Pok\u00e9mon\n|rule|HP Percentage Mod: HP is shown in percentages\n|rule|Sleep Clause Mod: Limit one foe put to sleep\n|\n|t:|1649745658\n|start\n|switch|p1a: Shuckle|Shuckle, L86, F|175\/175\n|switch|p2a: Bisharp|Bisharp, L80, M|235\/235\n|turn|1\n|inactive|Battle timer is ON: inactive players will automatically lose when time's up. (requested by Sherbet_444)\n|\n|t:|1649745668\n|move|p2a: Bisharp|Swords Dance|p2a: Bisharp\n|-boost|p2a: Bisharp|atk|2\n|move|p1a: Shuckle|Sticky Web|p2a: Bisharp\n|-sidestart|p2: Sherbet_444|move: Sticky Web\n|\n|upkeep\n|turn|2\n|\n|t:|1649745687\n|move|p2a: Bisharp|Knock Off|p1a: Shuckle\n|-damage|p1a: Shuckle|31\/175\n|-enditem|p1a: Shuckle|Mental Herb|[from] move: Knock Off|[of] p2a: Bisharp\n|-damage|p2a: Bisharp|212\/235|[from] item: Life Orb\n|move|p1a: Shuckle|Knock Off|p2a: Bisharp\n|-resisted|p2a: Bisharp\n|-damage|p2a: Bisharp|201\/235\n|-enditem|p2a: Bisharp|Life Orb|[from] move: Knock Off|[of] p1a: Shuckle\n|\n|upkeep\n|turn|3\n|\n|t:|1649745697\n|move|p2a: Bisharp|Iron Head|p1a: Shuckle\n|-supereffective|p1a: Shuckle\n|-damage|p1a: Shuckle|0 fnt\n|faint|p1a: Shuckle\n|\n|upkeep\n|\n|t:|1649745706\n|switch|p1a: Chandelure|Chandelure, L82, M|233\/233\n|turn|4\n|\n|t:|1649745710\n|move|p1a: Chandelure|Substitute|p1a: Chandelure\n|-start|p1a: Chandelure|Substitute\n|-damage|p1a: Chandelure|175\/233\n|move|p2a: Bisharp|Knock Off|p1a: Chandelure\n|-supereffective|p1a: Chandelure\n|-end|p1a: Chandelure|Substitute\n|\n|upkeep\n|turn|5\n|\n|t:|1649745717\n|move|p2a: Bisharp|Sucker Punch||[still]\n|-fail|p2a: Bisharp\n|move|p1a: Chandelure|Substitute|p1a: Chandelure\n|-start|p1a: Chandelure|Substitute\n|-damage|p1a: Chandelure|117\/233\n|\n|upkeep\n|turn|6\n|\n|t:|1649745723\n|switch|p2a: Cramorant|Cramorant, L84, F|255\/255\n|move|p1a: Chandelure|Fire Blast|p2a: Cramorant\n|-resisted|p2a: Cramorant\n|-damage|p2a: Cramorant|183\/255\n|\n|upkeep\n|turn|7\n|\n|t:|1649745731\n|move|p2a: Cramorant|Surf|p1a: Chandelure\n|-formechange|p2a: Cramorant|Cramorant-Gulping|\n|-supereffective|p1a: Chandelure\n|-end|p1a: Chandelure|Substitute\n|move|p1a: Chandelure|Shadow Ball|p2a: Cramorant\n|-damage|p2a: Cramorant|77\/255\n|-unboost|p2a: Cramorant|spd|1\n|-damage|p1a: Chandelure|59\/233|[from] ability: Gulp Missile|[of] p2a: Cramorant\n|-unboost|p1a: Chandelure|def|1\n|-formechange|p2a: Cramorant|Cramorant|\n|\n|upkeep\n|turn|8\n|\n|t:|1649745747\n|switch|p1a: Slowbro|Slowbro, L84, F|297\/297\n|move|p2a: Cramorant|Roost|p2a: Cramorant\n|-heal|p2a: Cramorant|205\/255\n|-singleturn|p2a: Cramorant|move: Roost\n|\n|upkeep\n|turn|9\n|\n|t:|1649745758\n|move|p2a: Cramorant|Surf|p1a: Slowbro\n|-formechange|p2a: Cramorant|Cramorant-Gulping|\n|-resisted|p1a: Slowbro\n|-damage|p1a: Slowbro|247\/297\n|move|p1a: Slowbro|Teleport|p1a: Slowbro\n|\n|t:|1649745768\n|switch|p1a: Swampert|Swampert, L80, F|291\/291\n|\n|upkeep\n|turn|10\n|\n|t:|1649745775\n|move|p2a: Cramorant|Surf|p1a: Swampert\n|-damage|p1a: Swampert|207\/291\n|move|p1a: Swampert|Toxic|p2a: Cramorant\n|-status|p2a: Cramorant|tox\n|\n|-heal|p1a: Swampert|225\/291|[from] item: Leftovers\n|-damage|p2a: Cramorant|190\/255 tox|[from] psn\n|upkeep\n|turn|11\n|\n|t:|1649745787\n|move|p1a: Swampert|Protect|p1a: Swampert\n|-singleturn|p1a: Swampert|Protect\n|move|p2a: Cramorant|Surf|p1a: Swampert\n|-activate|p1a: Swampert|move: Protect\n|\n|-heal|p1a: Swampert|243\/291|[from] item: Leftovers\n|-damage|p2a: Cramorant|160\/255 tox|[from] psn\n|upkeep\n|turn|12\n|\n|t:|1649745796\n|switch|p1a: Slowbro|Slowbro, L84, F|297\/297\n|move|p2a: Cramorant|Surf|p1a: Slowbro\n|-resisted|p1a: Slowbro\n|-damage|p1a: Slowbro|251\/297\n|\n|-heal|p1a: Slowbro|269\/297|[from] item: Leftovers\n|-damage|p2a: Cramorant|115\/255 tox|[from] psn\n|upkeep\n|turn|13\n|\n|t:|1649745811\n|move|p2a: Cramorant|Defog|p1a: Slowbro\n|-unboost|p1a: Slowbro|evasion|1\n|-sideend|p2: Sherbet_444|Sticky Web|[from] move: Defog|[of] p2a: Cramorant\n|move|p1a: Slowbro|Teleport|p1a: Slowbro\n|inactive|Fastpitchkiller has 120 seconds left.\n|\n|t:|1649745837\n|switch|p1a: Aromatisse|Aromatisse, L88, M|321\/321\n|\n|-damage|p2a: Cramorant|55\/255 tox|[from] psn\n|upkeep\n|turn|14\n|\n|t:|1649745845\n|move|p2a: Cramorant|Brave Bird|p1a: Aromatisse\n|-damage|p1a: Aromatisse|201\/321\n|-damage|p2a: Cramorant|15\/255 tox|[from] Recoil\n|move|p1a: Aromatisse|Wish|p1a: Aromatisse\n|\n|-heal|p1a: Aromatisse|221\/321|[from] item: Leftovers\n|-damage|p2a: Cramorant|0 fnt|[from] psn\n|faint|p2a: Cramorant\n|upkeep\n|\n|t:|1649745850\n|switch|p2a: Bisharp|Bisharp, L80, M|201\/235\n|turn|15\n|\n|t:|1649745858\n|switch|p1a: Chandelure|Chandelure, L82, M|59\/233\n|move|p2a: Bisharp|Knock Off|p1a: Chandelure\n|-supereffective|p1a: Chandelure\n|-damage|p1a: Chandelure|0 fnt\n|-enditem|p1a: Chandelure|Heavy-Duty Boots|[from] move: Knock Off|[of] p2a: Bisharp\n|faint|p1a: Chandelure\n|\n|upkeep\n|\n|t:|1649745867\n|switch|p1a: Swampert|Swampert, L80, F|243\/291\n|turn|16\n|\n|t:|1649745871\n|move|p2a: Bisharp|Swords Dance|p2a: Bisharp\n|-boost|p2a: Bisharp|atk|2\n|move|p1a: Swampert|Earthquake|p2a: Bisharp\n|-supereffective|p2a: Bisharp\n|-damage|p2a: Bisharp|3\/235\n|\n|-heal|p1a: Swampert|261\/291|[from] item: Leftovers\n|upkeep\n|turn|17\n|\n|t:|1649745880\n|move|p1a: Swampert|Protect|p1a: Swampert\n|-singleturn|p1a: Swampert|Protect\n|move|p2a: Bisharp|Knock Off|p1a: Swampert\n|-activate|p1a: Swampert|move: Protect\n|\n|-heal|p1a: Swampert|279\/291|[from] item: Leftovers\n|upkeep\n|turn|18\n|\n|t:|1649745888\n|move|p2a: Bisharp|Sucker Punch|p1a: Swampert\n|-damage|p1a: Swampert|110\/291\n|move|p1a: Swampert|Scald|p2a: Bisharp\n|-crit|p2a: Bisharp\n|-damage|p2a: Bisharp|0 fnt\n|faint|p2a: Bisharp\n|\n|-heal|p1a: Swampert|128\/291|[from] item: Leftovers\n|upkeep\n|\n|t:|1649745900\n|switch|p2a: Crobat|Crobat, L82, F|274\/274\n|turn|19\n|\n|t:|1649745905\n|switch|p1a: Slowbro|Slowbro, L84, F|297\/297\n|move|p2a: Crobat|Taunt|p1a: Slowbro\n|-start|p1a: Slowbro|move: Taunt\n|\n|upkeep\n|turn|20\n|\n|t:|1649745912\n|move|p2a: Crobat|U-turn|p1a: Slowbro\n|-supereffective|p1a: Slowbro\n|-damage|p1a: Slowbro|227\/297\n|\n|t:|1649745918\n|switch|p2a: Omastar|Omastar, L82, F|249\/249\n|move|p1a: Slowbro|Future Sight|p2a: Omastar\n|-start|p1a: Slowbro|move: Future Sight\n|\n|-heal|p1a: Slowbro|245\/297|[from] item: Leftovers\n|upkeep\n|turn|21\n|\n|t:|1649745927\n|move|p2a: Omastar|Spikes|p1a: Slowbro\n|-sidestart|p1: Fastpitchkiller|Spikes\n|move|p1a: Slowbro|Scald|p2a: Omastar\n|-damage|p2a: Omastar|147\/249\n|-status|p2a: Omastar|brn\n|\n|-heal|p1a: Slowbro|263\/297|[from] item: Leftovers\n|-damage|p2a: Omastar|132\/249 brn|[from] brn\n|-end|p1a: Slowbro|move: Taunt\n|upkeep\n|turn|22\n|\n|t:|1649745938\n|move|p2a: Omastar|Spikes|p1a: Slowbro\n|-sidestart|p1: Fastpitchkiller|Spikes\n|move|p1a: Slowbro|Scald|p2a: Omastar\n|-damage|p2a: Omastar|26\/249 brn\n|\n|-end|p2a: Omastar|move: Future Sight\n|-damage|p2a: Omastar|0 fnt\n|faint|p2a: Omastar\n|-heal|p1a: Slowbro|281\/297|[from] item: Leftovers\n|upkeep\n|\n|t:|1649745943\n|switch|p2a: Crobat|Crobat, L82, F|274\/274\n|turn|23\n|\n|t:|1649745952\n|move|p2a: Crobat|Brave Bird|p1a: Slowbro\n|-damage|p1a: Slowbro|176\/297\n|-damage|p2a: Crobat|239\/274|[from] Recoil\n|move|p1a: Slowbro|Future Sight|p2a: Crobat\n|-start|p1a: Slowbro|move: Future Sight\n|\n|-heal|p1a: Slowbro|194\/297|[from] item: Leftovers\n|upkeep\n|turn|24\n|\n|t:|1649745961\n|move|p2a: Crobat|Brave Bird|p1a: Slowbro\n|-crit|p1a: Slowbro\n|-damage|p1a: Slowbro|58\/297\n|-damage|p2a: Crobat|194\/274|[from] Recoil\n|move|p1a: Slowbro|Teleport|p1a: Slowbro\n|\n|t:|1649745969\n|switch|p1a: Swampert|Swampert, L80, F|128\/291\n|-damage|p1a: Swampert|80\/291|[from] Spikes\n|\n|-heal|p1a: Swampert|98\/291|[from] item: Leftovers\n|upkeep\n|turn|25\n|\n|t:|1649745977\n|move|p1a: Swampert|Protect|p1a: Swampert\n|-singleturn|p1a: Swampert|Protect\n|move|p2a: Crobat|Brave Bird|p1a: Swampert\n|-activate|p1a: Swampert|move: Protect\n|\n|-end|p2a: Crobat|move: Future Sight\n|-supereffective|p2a: Crobat\n|-damage|p2a: Crobat|0 fnt\n|faint|p2a: Crobat\n|-heal|p1a: Swampert|116\/291|[from] item: Leftovers\n|upkeep\n|\n|t:|1649745978\n|switch|p2a: Linoone|Linoone, L84, F|268\/268\n|turn|26\n|\n|t:|1649745994\n|move|p2a: Linoone|Belly Drum|p2a: Linoone\n|-damage|p2a: Linoone|134\/268\n|-setboost|p2a: Linoone|atk|6|[from] move: Belly Drum\n|-enditem|p2a: Linoone|Iapapa Berry|[eat]\n|-heal|p2a: Linoone|222\/268|[from] item: Iapapa Berry\n|move|p1a: Swampert|Scald|p2a: Linoone\n|-damage|p2a: Linoone|132\/268\n|\n|-heal|p1a: Swampert|134\/291|[from] item: Leftovers\n|upkeep\n|turn|27\n|\n|t:|1649746006\n|-start|p2a: Linoone|Dynamax|\n|-heal|p2a: Linoone|264\/536|[silent]\n|move|p2a: Linoone|Max Strike|p1a: Swampert\n|-damage|p1a: Swampert|0 fnt\n|faint|p1a: Swampert\n|\n|upkeep\n|\n|t:|1649746017\n|switch|p1a: Vileplume|Vileplume, L84, M|263\/263\n|-damage|p1a: Vileplume|220\/263|[from] Spikes\n|turn|28\n|\n|t:|1649746024\n|-start|p1a: Vileplume|Dynamax|\n|-heal|p1a: Vileplume|440\/526|[silent]\n|move|p2a: Linoone|Max Strike|p1a: Vileplume\n|-damage|p1a: Vileplume|0 fnt\n|faint|p1a: Vileplume\n|\n|upkeep\n|-message|Fastpitchkiller forfeited.\n|\n|win|Sherbet_444\n|raw|Fastpitchkiller's rating: 1854 &rarr; <strong>1831<\/strong><br \/>(-23 for losing)\n|raw|Sherbet_444's rating: 1802 &rarr; <strong>1825<\/strong><br \/>(+23 for winning)\n|l|\u2606Fastpitchkiller\n","inputlog":">version 0162639e2be10fee1f1935f037788d778e37d0f7\n>start {\"formatid\":\"gen8randombattle\",\"seed\":[35889,11629,57561,23410],\"rated\":\"Rated battle\"}\n>player p1 {\"name\":\"Fastpitchkiller\",\"avatar\":\"265\",\"rating\":1854,\"seed\":[20792,7401,7250,62054]}\n>player p2 {\"name\":\"Sherbet_444\",\"avatar\":\"shauntal\",\"rating\":1802,\"seed\":[18313,5675,14277,8396]}\n>p1 move stickyweb\n>p2 move swordsdance\n>p1 move knockoff\n>p2 move knockoff\n>p1 move stealthrock\n>p2 move ironhead\n>p1 switch 5\n>p1 move substitute\n>p2 move knockoff\n>p1 move substitute\n>p2 move suckerpunch\n>p1 move fireblast\n>p2 switch 5\n>p1 move shadowball\n>p2 move surf\n>p1 switch 2\n>p2 move roost\n>p1 move teleport\n>p2 move surf\n>p1 switch 3\n>p1 move toxic\n>p2 move surf\n>p1 move protect\n>p2 move surf\n>p1 switch 3\n>p2 move surf\n>p1 move teleport\n>p2 move defog\n>p1 switch 6\n>p1 move wish\n>p2 move bravebird\n>p2 switch 5\n>p1 switch 2\n>p2 move knockoff\n>p1 switch 3\n>p1 move earthquake\n>p2 move swordsdance\n>p1 move protect\n>p2 move knockoff\n>p1 move scald\n>p2 move suckerpunch\n>p2 switch 4\n>p1 switch 6\n>p2 move taunt\n>p1 move futuresight\n>p2 move uturn\n>p2 switch 2\n>p1 move scald\n>p2 move spikes\n>p1 move scald\n>p2 move spikes\n>p2 switch 2\n>p1 move futuresight\n>p2 move bravebird\n>p1 move teleport\n>p2 move bravebird\n>p1 switch 6\n>p1 move protect\n>p2 move bravebird\n>p2 switch 6\n>p1 move scald\n>p2 move bellydrum\n>p1 move scald\n>p2 move extremespeed dynamax\n>p1 switch 4\n>p1 move gigadrain dynamax\n>p2 move extremespeed dynamax\n>forcelose p1","uploadtime":1649746033,"views":4,"p1id":"fastpitchkiller","p2id":"sherbet444","formatid":"gen8randombattle","rating":1825,"private":0,"password":null}