{"id":"gen8randombattle-1706969484","p1":"CelticDruid34","p2":"Random196","format":"gen8randombattle","log":"|j|\u2606CelticDruid34\n|j|\u2606Random196\n|t:|1668037435\n|gametype|singles\n|player|p1|CelticDruid34|gentleman-gen4|1571\n|player|p2|Random196|cynthia-gen4|1593\n|teamsize|p1|6\n|teamsize|p2|6\n|gen|8\n|tier|[Gen 8] Random Battle\n|rated|\n|rule|Species Clause: Limit one of each Pok\u00e9mon\n|rule|HP Percentage Mod: HP is shown in percentages\n|rule|Sleep Clause Mod: Limit one foe put to sleep\n|\n|t:|1668037435\n|start\n|switch|p1a: Swoobat|Swoobat, L86, M|255\/255\n|switch|p2a: Beheeyem|Beheeyem, L86, M|269\/269\n|turn|1\n|inactive|Battle timer is ON: inactive players will automatically lose when time's up. (requested by CelticDruid34)\n|\n|t:|1668037444\n|move|p1a: Swoobat|Calm Mind|p1a: Swoobat\n|-boost|p1a: Swoobat|spa|2\n|-boost|p1a: Swoobat|spd|2\n|move|p2a: Beheeyem|Thunderbolt|p1a: Swoobat\n|-supereffective|p1a: Swoobat\n|-damage|p1a: Swoobat|53\/255\n|\n|upkeep\n|turn|2\n|\n|t:|1668037459\n|move|p1a: Swoobat|Air Slash|p2a: Beheeyem\n|-damage|p2a: Beheeyem|140\/269\n|move|p2a: Beheeyem|Thunderbolt|p1a: Swoobat\n|-supereffective|p1a: Swoobat\n|-damage|p1a: Swoobat|0 fnt\n|faint|p1a: Swoobat\n|\n|upkeep\n|\n|t:|1668037468\n|switch|p1a: Genesect|Genesect, L74|227\/227\n|-ability|p1a: Genesect|Download|boost\n|-boost|p1a: Genesect|atk|1\n|turn|3\n|\n|t:|1668037477\n|switch|p2a: Skarmory|Skarmory, L80, M|235\/235\n|move|p1a: Genesect|Shift Gear|p1a: Genesect\n|-boost|p1a: Genesect|spe|2\n|-boost|p1a: Genesect|atk|1\n|\n|upkeep\n|turn|4\n|\n|t:|1668037493\n|move|p1a: Genesect|Leech Life|p2a: Skarmory\n|-resisted|p2a: Skarmory\n|-damage|p2a: Skarmory|195\/235\n|-damage|p1a: Genesect|205\/227|[from] item: Life Orb\n|move|p2a: Skarmory|Whirlwind|p1a: Genesect\n|drag|p1a: Eldegoss|Eldegoss, L90, F|254\/254\n|\n|-heal|p2a: Skarmory|209\/235|[from] item: Leftovers\n|upkeep\n|turn|5\n|\n|t:|1668037504\n|move|p1a: Eldegoss|Leech Seed|p2a: Skarmory\n|-start|p2a: Skarmory|move: Leech Seed\n|move|p2a: Skarmory|Brave Bird|p1a: Eldegoss\n|-supereffective|p1a: Eldegoss\n|-damage|p1a: Eldegoss|66\/254\n|-damage|p2a: Skarmory|147\/235|[from] Recoil\n|\n|-heal|p2a: Skarmory|161\/235|[from] item: Leftovers\n|-damage|p2a: Skarmory|132\/235|[from] Leech Seed|[of] p1a: Eldegoss\n|-heal|p1a: Eldegoss|95\/254|[silent]\n|upkeep\n|turn|6\n|\n|t:|1668037521\n|switch|p1a: Celesteela|Celesteela, L77|276\/276\n|move|p2a: Skarmory|Stealth Rock|p1a: Celesteela\n|-sidestart|p1: CelticDruid34|move: Stealth Rock\n|\n|-heal|p2a: Skarmory|146\/235|[from] item: Leftovers\n|-damage|p2a: Skarmory|117\/235|[from] Leech Seed|[of] p1a: Celesteela\n|upkeep\n|turn|7\n|\n|t:|1668037541\n|switch|p2a: Bisharp|Bisharp, L80, F|235\/235\n|move|p1a: Celesteela|Fire Blast|p2a: Bisharp\n|-supereffective|p2a: Bisharp\n|-damage|p2a: Bisharp|65\/235\n|\n|upkeep\n|turn|8\n|\n|t:|1668037559\n|move|p2a: Bisharp|Knock Off|p1a: Celesteela\n|-damage|p1a: Celesteela|127\/276\n|-enditem|p1a: Celesteela|Assault Vest|[from] move: Knock Off|[of] p2a: Bisharp\n|-damage|p2a: Bisharp|42\/235|[from] item: Life Orb\n|move|p1a: Celesteela|Earthquake|p2a: Bisharp\n|-supereffective|p2a: Bisharp\n|-damage|p2a: Bisharp|0 fnt\n|faint|p2a: Bisharp\n|-ability|p1a: Celesteela|Beast Boost|boost\n|-boost|p1a: Celesteela|spa|1\n|\n|upkeep\n|inactive|Random196 has 120 seconds left.\n|\n|t:|1668037593\n|switch|p2a: Beheeyem|Beheeyem, L86, M|140\/269\n|turn|9\n|\n|t:|1668037605\n|move|p1a: Celesteela|Flash Cannon|p2a: Beheeyem\n|-damage|p2a: Beheeyem|32\/269\n|move|p2a: Beheeyem|Thunderbolt|p1a: Celesteela\n|-supereffective|p1a: Celesteela\n|-damage|p1a: Celesteela|0 fnt\n|faint|p1a: Celesteela\n|\n|upkeep\n|\n|t:|1668037613\n|switch|p1a: Eldegoss|Eldegoss, L90, F|179\/254\n|turn|10\n|\n|t:|1668037627\n|switch|p2a: Tsareena|Tsareena, L84, F|258\/258\n|move|p1a: Eldegoss|Rapid Spin|p2a: Tsareena\n|-damage|p2a: Tsareena|233\/258\n|-boost|p1a: Eldegoss|spe|1\n|-sideend|p1: CelticDruid34|Stealth Rock|[from] move: Rapid Spin|[of] p1a: Eldegoss\n|\n|upkeep\n|turn|11\n|\n|t:|1668037645\n|switch|p1a: Slowking|Slowking-Galar, L84, F|297\/297\n|move|p2a: Tsareena|Knock Off|p1a: Slowking\n|-supereffective|p1a: Slowking\n|-damage|p1a: Slowking|135\/297\n|-enditem|p1a: Slowking|Black Sludge|[from] move: Knock Off|[of] p2a: Tsareena\n|\n|upkeep\n|turn|12\n|\n|t:|1668037657\n|switch|p2a: Beheeyem|Beheeyem, L86, M|32\/269\n|move|p1a: Slowking|Sludge Bomb|p2a: Beheeyem\n|-damage|p2a: Beheeyem|0 fnt\n|faint|p2a: Beheeyem\n|\n|upkeep\n|\n|t:|1668037671\n|switch|p2a: Skarmory|Skarmory, L80, M|117\/235\n|turn|13\n|\n|t:|1668037678\n|move|p2a: Skarmory|Brave Bird|p1a: Slowking\n|-damage|p1a: Slowking|23\/297\n|-damage|p2a: Skarmory|80\/235|[from] Recoil\n|move|p1a: Slowking|Fire Blast|p2a: Skarmory\n|-supereffective|p2a: Skarmory\n|-damage|p2a: Skarmory|0 fnt\n|faint|p2a: Skarmory\n|\n|upkeep\n|\n|t:|1668037695\n|switch|p2a: Tsareena|Tsareena, L84, F|233\/258\n|turn|14\n|\n|t:|1668037699\n|move|p2a: Tsareena|Knock Off|p1a: Slowking\n|-supereffective|p1a: Slowking\n|-damage|p1a: Slowking|0 fnt\n|faint|p1a: Slowking\n|\n|upkeep\n|\n|t:|1668037705\n|switch|p1a: Genesect|Genesect, L74|205\/227\n|-ability|p1a: Genesect|Download|boost\n|-boost|p1a: Genesect|spa|1\n|turn|15\n|\n|t:|1668037709\n|move|p2a: Tsareena|Knock Off|p1a: Genesect\n|-damage|p1a: Genesect|115\/227\n|-enditem|p1a: Genesect|Life Orb|[from] move: Knock Off|[of] p2a: Tsareena\n|move|p1a: Genesect|Shift Gear|p1a: Genesect\n|-boost|p1a: Genesect|spe|2\n|-boost|p1a: Genesect|atk|1\n|\n|upkeep\n|turn|16\n|inactive|CelticDruid34 has 120 seconds left.\n|\n|t:|1668037747\n|switch|p2a: Shedinja|Shedinja, L88|1\/1\n|move|p1a: Genesect|Leech Life|p2a: Shedinja\n|-immune|p2a: Shedinja|[from] ability: Wonder Guard\n|\n|upkeep\n|turn|17\n|inactive|CelticDruid34 has 120 seconds left.\n|\n|t:|1668037765\n|switch|p1a: Eldegoss|Eldegoss, L90, F|254\/254\n|move|p2a: Shedinja|Swords Dance|p2a: Shedinja\n|-boost|p2a: Shedinja|atk|2\n|\n|upkeep\n|turn|18\n|\n|t:|1668037772\n|move|p1a: Eldegoss|Leech Seed|p2a: Shedinja\n|-start|p2a: Shedinja|move: Leech Seed\n|move|p2a: Shedinja|X-Scissor|p1a: Eldegoss\n|-supereffective|p1a: Eldegoss\n|-damage|p1a: Eldegoss|0 fnt\n|faint|p1a: Eldegoss\n|\n|upkeep\n|inactive|CelticDruid34 has 120 seconds left.\n|\n|t:|1668037795\n|switch|p1a: Genesect|Genesect, L74|115\/227\n|-ability|p1a: Genesect|Download|boost\n|-boost|p1a: Genesect|spa|1\n|turn|19\n|\n|t:|1668037801\n|switch|p2a: Tsareena|Tsareena, L84, F|233\/258\n|move|p1a: Genesect|Shift Gear|p1a: Genesect\n|-boost|p1a: Genesect|spe|2\n|-boost|p1a: Genesect|atk|1\n|\n|upkeep\n|turn|20\n|inactive|CelticDruid34 has 120 seconds left.\n|\n|t:|1668037816\n|switch|p2a: Shedinja|Shedinja, L88|1\/1\n|move|p1a: Genesect|Leech Life|p2a: Shedinja\n|-immune|p2a: Shedinja|[from] ability: Wonder Guard\n|\n|upkeep\n|turn|21\n|inactive|CelticDruid34 has 120 seconds left.\n|-message|CelticDruid34 forfeited.\n|\n|win|Random196\n|raw|CelticDruid34's rating: 1571 &rarr; <strong>1552<\/strong><br \/>(-19 for losing)\n|raw|Random196's rating: 1593 &rarr; <strong>1612<\/strong><br \/>(+19 for winning)\n|l|\u2606CelticDruid34\n|c|\u2606Random196|gg\n","inputlog":">version 453a3ad56483cc6a5c08448f6577d394b68621b7\n>start {\"formatid\":\"gen8randombattle\",\"seed\":[53748,61517,31298,24608],\"rated\":\"Rated battle\"}\n>player p1 {\"name\":\"CelticDruid34\",\"avatar\":\"gentleman-gen4\",\"rating\":1571,\"seed\":[2702,16529,57208,46949]}\n>player p2 {\"name\":\"Random196\",\"avatar\":\"cynthia-gen4\",\"rating\":1593,\"seed\":[40733,52638,48887,41214]}\n>p1 move calmmind\n>p2 move thunderbolt\n>p1 move airslash\n>p2 move thunderbolt\n>p1 switch 5\n>p1 move shiftgear\n>p2 switch 4\n>p1 move leechlife\n>p2 move whirlwind\n>p1 move leechseed\n>p2 move bravebird\n>p1 switch 2\n>p2 move stealthrock\n>p1 move fireblast\n>p2 switch 3\n>p1 move earthquake\n>p2 move knockoff\n>p2 switch 4\n>p1 move flashcannon\n>p2 move thunderbolt\n>p1 switch 2\n>p1 move rapidspin\n>p2 switch 2\n>p1 switch 4\n>p2 move knockoff\n>p1 move sludgebomb\n>p2 switch 2\n>p2 switch 3\n>p1 move fireblast\n>p2 move bravebird\n>p2 switch 2\n>p1 move sludgebomb\n>p2 move knockoff\n>p1 switch 6\n>p1 move shiftgear\n>p2 move knockoff\n>p1 move leechlife\n>p2 switch 5\n>p1 switch 4\n>p2 move swordsdance\n>p1 move leechseed\n>p2 move xscissor\n>p1 switch 4\n>p1 move shiftgear\n>p2 switch 5\n>p1 move leechlife\n>p2 switch 5\n>forcelose p1","uploadtime":1668037826,"views":2,"p1id":"celticdruid34","p2id":"random196","formatid":"gen8randombattle","rating":1552,"private":0,"password":null}