{"id":"gen8bdsprandombattle-1575891985","p1":"i know im horrible","p2":"farnaudlan4","format":"gen8bdsprandombattle","log":"|j|\u2606i know im horrible\n|j|\u2606farnaudlan4\n|inactive|Battle timer is ON: inactive players will automatically lose when time's up.\n|t:|1652695281\n|gametype|singles\n|player|p1|i know im horrible|102|\n|player|p2|farnaudlan4|depotagent|\n|teamsize|p1|6\n|teamsize|p2|6\n|gen|8\n|tier|[Gen 8 BDSP] Random Battle\n|rated|Tournament battle\n|rule|Species Clause: Limit one of each Pok\u00e9mon\n|rule|HP Percentage Mod: HP is shown in percentages\n|rule|Sleep Clause Mod: Limit one foe put to sleep\n|\n|t:|1652695281\n|start\n|switch|p1a: Pinsir|Pinsir, L88, F|258\/258\n|switch|p2a: Gorebyss|Gorebyss, L86, F|235\/235\n|-ability|p1a: Pinsir|Mold Breaker\n|turn|1\n|\n|t:|1652695293\n|move|p1a: Pinsir|Stealth Rock|p2a: Gorebyss\n|-sidestart|p2: farnaudlan4|move: Stealth Rock\n|move|p2a: Gorebyss|Ice Beam|p1a: Pinsir\n|-damage|p1a: Pinsir|171\/258\n|\n|upkeep\n|turn|2\n|\n|t:|1652695316\n|move|p1a: Pinsir|X-Scissor|p2a: Gorebyss\n|-damage|p2a: Gorebyss|145\/235\n|move|p2a: Gorebyss|Psychic|p1a: Pinsir\n|-damage|p1a: Pinsir|85\/258\n|-unboost|p1a: Pinsir|spd|1\n|\n|upkeep\n|turn|3\n|inactive|farnaudlan4 has 120 seconds left.\n|\n|t:|1652695354\n|move|p1a: Pinsir|X-Scissor|p2a: Gorebyss\n|-damage|p2a: Gorebyss|40\/235\n|move|p2a: Gorebyss|Ice Beam|p1a: Pinsir\n|-damage|p1a: Pinsir|0 fnt\n|faint|p1a: Pinsir\n|\n|upkeep\n|\n|t:|1652695360\n|switch|p1a: Typhlosion|Typhlosion, L86, F|274\/274\n|turn|4\n|\n|t:|1652695378\n|move|p1a: Typhlosion|Eruption|p2a: Gorebyss\n|-resisted|p2a: Gorebyss\n|-damage|p2a: Gorebyss|0 fnt\n|faint|p2a: Gorebyss\n|\n|upkeep\n|\n|t:|1652695384\n|switch|p2a: Solrock|Solrock, L86|295\/295\n|-damage|p2a: Solrock|259\/295|[from] Stealth Rock\n|turn|5\n|\n|t:|1652695395\n|switch|p1a: Quagsire|Quagsire, L82, F|290\/290\n|move|p2a: Solrock|Earthquake|p1a: Quagsire\n|-damage|p1a: Quagsire|189\/290\n|-damage|p2a: Solrock|230\/295|[from] item: Life Orb\n|\n|-heal|p1a: Quagsire|207\/290|[from] item: Leftovers\n|upkeep\n|turn|6\n|inactive|farnaudlan4 has 120 seconds left.\n|inactive|farnaudlan4 has 90 seconds left.\n|\n|t:|1652695448\n|move|p2a: Solrock|Will-O-Wisp|p1a: Quagsire|[miss]\n|-miss|p2a: Solrock|p1a: Quagsire\n|move|p1a: Quagsire|Scald|p2a: Solrock\n|-supereffective|p2a: Solrock\n|-damage|p2a: Solrock|78\/295\n|\n|-heal|p1a: Quagsire|225\/290|[from] item: Leftovers\n|upkeep\n|turn|7\n|inactive|i know im horrible has 120 seconds left.\n|\n|t:|1652695494\n|move|p2a: Solrock|Explosion|p1a: Quagsire\n|-damage|p1a: Quagsire|0 fnt\n|faint|p2a: Solrock\n|faint|p1a: Quagsire\n|\n|upkeep\n|\n|t:|1652695513\n|switch|p2a: Pidgeot|Pidgeot, L88, F|289\/289\n|switch|p1a: Typhlosion|Typhlosion, L86, F|274\/274\n|-damage|p2a: Pidgeot|217\/289|[from] Stealth Rock\n|turn|8\n|inactive|i know im horrible has 120 seconds left.\n|\n|t:|1652695525\n|move|p2a: Pidgeot|U-turn|p1a: Typhlosion\n|-resisted|p1a: Typhlosion\n|-crit|p1a: Typhlosion\n|-damage|p1a: Typhlosion|238\/274\n|\n|t:|1652695528\n|switch|p2a: Forretress|Forretress, L82, M|257\/257\n|-damage|p2a: Forretress|225\/257|[from] Stealth Rock\n|move|p1a: Typhlosion|Eruption|p2a: Forretress\n|-supereffective|p2a: Forretress\n|-damage|p2a: Forretress|0 fnt\n|faint|p2a: Forretress\n|\n|upkeep\n|\n|t:|1652695535\n|switch|p2a: Ursaring|Ursaring, L86, M|295\/295\n|-damage|p2a: Ursaring|259\/295|[from] Stealth Rock\n|turn|9\n|inactive|i know im horrible has 120 seconds left.\n|\n|t:|1652695565\n|move|p1a: Typhlosion|Eruption|p2a: Ursaring\n|-damage|p2a: Ursaring|12\/295\n|move|p2a: Ursaring|Close Combat|p1a: Typhlosion\n|-damage|p1a: Typhlosion|123\/274\n|-unboost|p2a: Ursaring|def|1\n|-unboost|p2a: Ursaring|spd|1\n|\n|-status|p2a: Ursaring|brn|[from] item: Flame Orb\n|upkeep\n|turn|10\n|inactive|farnaudlan4 has 90 seconds left.\n|\n|t:|1652695575\n|switch|p1a: Spiritomb|Spiritomb, L84, M|221\/221\n|move|p2a: Ursaring|Facade|p1a: Spiritomb\n|-immune|p1a: Spiritomb\n|\n|-damage|p2a: Ursaring|0 fnt|[from] brn\n|faint|p2a: Ursaring\n|upkeep\n|inactive|farnaudlan4 has 90 seconds left.\n|\n|t:|1652695582\n|switch|p2a: Vileplume|Vileplume, L84, F|263\/263\n|-damage|p2a: Vileplume|231\/263|[from] Stealth Rock\n|turn|11\n|inactive|i know im horrible has 120 seconds left.\n|\n|t:|1652695608\n|move|p2a: Vileplume|Sludge Bomb|p1a: Spiritomb\n|-resisted|p1a: Spiritomb\n|-damage|p1a: Spiritomb|177\/221\n|-status|p1a: Spiritomb|psn\n|move|p1a: Spiritomb|Calm Mind|p1a: Spiritomb\n|-boost|p1a: Spiritomb|spa|1\n|-boost|p1a: Spiritomb|spd|1\n|\n|-heal|p2a: Vileplume|247\/263|[from] item: Black Sludge\n|-heal|p1a: Spiritomb|190\/221 psn|[from] item: Leftovers\n|-damage|p1a: Spiritomb|163\/221 psn|[from] psn\n|upkeep\n|turn|12\n|\n|t:|1652695616\n|move|p2a: Vileplume|Sleep Powder||[still]\n|-fail|p2a: Vileplume\n|move|p1a: Spiritomb|Psychic|p2a: Vileplume\n|-supereffective|p2a: Vileplume\n|-damage|p2a: Vileplume|73\/263\n|-unboost|p2a: Vileplume|spd|1\n|\n|-heal|p2a: Vileplume|89\/263|[from] item: Black Sludge\n|-heal|p1a: Spiritomb|176\/221 psn|[from] item: Leftovers\n|-damage|p1a: Spiritomb|149\/221 psn|[from] psn\n|upkeep\n|turn|13\n|\n|t:|1652695623\n|move|p2a: Vileplume|Giga Drain|p1a: Spiritomb\n|-damage|p1a: Spiritomb|101\/221 psn\n|-heal|p2a: Vileplume|113\/263|[from] drain|[of] p1a: Spiritomb\n|move|p1a: Spiritomb|Psychic|p2a: Vileplume\n|-supereffective|p2a: Vileplume\n|-damage|p2a: Vileplume|0 fnt\n|faint|p2a: Vileplume\n|\n|-heal|p1a: Spiritomb|114\/221 psn|[from] item: Leftovers\n|-damage|p1a: Spiritomb|87\/221 psn|[from] psn\n|upkeep\n|\n|t:|1652695626\n|switch|p2a: Pidgeot|Pidgeot, L88, F|217\/289\n|-damage|p2a: Pidgeot|145\/289|[from] Stealth Rock\n|turn|14\n|\n|t:|1652695641\n|move|p2a: Pidgeot|Steel Wing|p1a: Spiritomb\n|-damage|p1a: Spiritomb|45\/221 psn\n|move|p1a: Spiritomb|Psychic|p2a: Pidgeot\n|-damage|p2a: Pidgeot|39\/289\n|\n|-heal|p2a: Pidgeot|57\/289|[from] item: Leftovers\n|-heal|p1a: Spiritomb|58\/221 psn|[from] item: Leftovers\n|-damage|p1a: Spiritomb|31\/221 psn|[from] psn\n|upkeep\n|turn|15\n|inactive|farnaudlan4 has 120 seconds left.\n|\n|t:|1652695655\n|move|p2a: Pidgeot|Roost|p2a: Pidgeot\n|-heal|p2a: Pidgeot|202\/289\n|-singleturn|p2a: Pidgeot|move: Roost\n|move|p1a: Spiritomb|Psychic|p2a: Pidgeot\n|-damage|p2a: Pidgeot|106\/289\n|\n|-heal|p2a: Pidgeot|124\/289|[from] item: Leftovers\n|-heal|p1a: Spiritomb|44\/221 psn|[from] item: Leftovers\n|-damage|p1a: Spiritomb|17\/221 psn|[from] psn\n|upkeep\n|turn|16\n|inactive|farnaudlan4 has 120 seconds left.\n|\n|t:|1652695677\n|move|p2a: Pidgeot|Steel Wing|p1a: Spiritomb\n|-damage|p1a: Spiritomb|0 fnt\n|faint|p1a: Spiritomb\n|\n|-heal|p2a: Pidgeot|142\/289|[from] item: Leftovers\n|upkeep\n|\n|t:|1652695681\n|switch|p1a: Regice|Regice, L88|283\/283\n|turn|17\n|inactive|farnaudlan4 has 120 seconds left.\n|\n|t:|1652695702\n|move|p2a: Pidgeot|Steel Wing|p1a: Regice\n|-supereffective|p1a: Regice\n|-damage|p1a: Regice|197\/283\n|move|p1a: Regice|Ice Beam|p2a: Pidgeot\n|-supereffective|p2a: Pidgeot\n|-damage|p2a: Pidgeot|0 fnt\n|faint|p2a: Pidgeot\n|\n|win|i know im horrible\n|n|\u2606i know im horrible|iknowimhorrible\n|n|\u2606farnaudlan4|farnaudlan4\n","inputlog":">version 531b2bb4d145e24dce8d55480c78bcd528fa7770\n>start {\"formatid\":\"gen8bdsprandombattle\",\"seed\":[24673,10655,29909,59980],\"rated\":\"Tournament battle\"}\n>player p1 {\"name\":\"i know im horrible\",\"avatar\":\"102\",\"rating\":0,\"seed\":[38085,10842,8307,21769]}\n>player p2 {\"name\":\"farnaudlan4\",\"avatar\":\"depotagent\",\"rating\":0,\"seed\":[2299,21951,55517,4393]}\n>p1 move stealthrock\n>p2 move icebeam\n>p1 move xscissor\n>p2 move psychic\n>p1 move xscissor\n>p2 move icebeam\n>p1 switch 3\n>p1 move eruption\n>p2 move hydropump\n>p2 switch 5\n>p1 switch 5\n>p2 move earthquake\n>p1 move scald\n>p2 move willowisp\n>p1 move scald\n>p2 move explosion\n>p1 switch 5\n>p2 switch 4\n>p1 move eruption\n>p2 move uturn\n>p2 switch 2\n>p2 switch 3\n>p1 move eruption\n>p2 move closecombat\n>p1 switch 4\n>p2 move facade\n>p2 switch 6\n>p1 move calmmind\n>p2 move sludgebomb\n>p1 move psychic\n>p2 move sleeppowder\n>p1 move psychic\n>p2 move gigadrain\n>p2 switch 2\n>p1 move psychic\n>p2 move steelwing\n>p1 move psychic\n>p2 move roost\n>p1 move willowisp\n>p2 move steelwing\n>p1 switch 2\n>p1 move icebeam\n>p2 move steelwing","uploadtime":1652695703,"views":4,"p1id":"iknowimhorrible","p2id":"farnaudlan4","formatid":"gen8bdsprandombattle","rating":0,"private":0,"password":null}