{"id":"gen8randombattle-1046636203","p1":"razertyty","p2":"comp233","format":"gen8randombattle","log":"|j|\u2606razertyty\n|j|\u2606comp233\n|player|p1|razertyty|101|1867\n|player|p2|comp233|115|1948\n|teamsize|p1|6\n|teamsize|p2|6\n|gametype|singles\n|gen|8\n|tier|[Gen 8] Random Battle\n|rated|\n|rule|Species Clause: Limit one of each Pok\u00e9mon\n|rule|HP Percentage Mod: HP is shown in percentages\n|rule|Sleep Clause Mod: Limit one foe put to sleep\n|\n|start\n|switch|p1a: Corsola|Corsola-Galar, L80, M|227\/227\n|switch|p2a: Flygon|Flygon, L82, F|265\/265\n|turn|1\n|\n|switch|p2a: Venusaur|Venusaur, L80, F|259\/259\n|move|p1a: Corsola|Will-O-Wisp|p2a: Venusaur\n|-status|p2a: Venusaur|brn\n|\n|-damage|p2a: Venusaur|243\/259 brn|[from] brn\n|upkeep\n|turn|2\n|j| lehoang24121992\n|\n|move|p2a: Venusaur|Sleep Powder|p1a: Corsola\n|-status|p1a: Corsola|slp|[from] move: Sleep Powder\n|cant|p1a: Corsola|slp\n|\n|-heal|p2a: Venusaur|259\/259 brn|[from] item: Black Sludge\n|-damage|p2a: Venusaur|243\/259 brn|[from] brn\n|upkeep\n|turn|3\n|\n|switch|p2a: Cursola|Cursola, L84, F|238\/238\n|switch|p1a: Corviknight|Corviknight, L80, M|288\/288\n|-ability|p1a: Corviknight|Pressure\n|\n|upkeep\n|turn|4\n|\n|move|p1a: Corviknight|U-turn|p2a: Cursola\n|-resisted|p2a: Cursola\n|-damage|p2a: Cursola|209\/238\n|-ability|p2a: Cursola|Perish Body\n|-start|p2a: Cursola|perish3\n|-start|p1a: Corviknight|perish3\n|\n|switch|p1a: Corsola|Corsola-Galar, L80, M|227\/227 slp\n|move|p2a: Cursola|Stealth Rock|p1a: Corsola\n|-sidestart|p1: razertyty|move: Stealth Rock\n|\n|-heal|p2a: Cursola|223\/238|[from] item: Leftovers\n|-start|p2a: Cursola|perish3\n|upkeep\n|turn|5\n|\n|switch|p1a: Scrafty|Scrafty, L84, F|246\/246\n|-damage|p1a: Scrafty|231\/246|[from] Stealth Rock\n|-ability|p1a: Scrafty|Intimidate|boost\n|-unboost|p2a: Cursola|atk|1\n|move|p2a: Cursola|Shadow Ball|p1a: Scrafty\n|-resisted|p1a: Scrafty\n|-crit|p1a: Scrafty\n|-damage|p1a: Scrafty|163\/246\n|\n|-heal|p1a: Scrafty|178\/246|[from] item: Leftovers\n|-heal|p2a: Cursola|237\/238|[from] item: Leftovers\n|-start|p2a: Cursola|perish2\n|upkeep\n|turn|6\n|\n|switch|p2a: Venusaur|Venusaur, L80, F|243\/259 brn\n|move|p1a: Scrafty|Dragon Dance|p1a: Scrafty\n|-boost|p1a: Scrafty|atk|1\n|-boost|p1a: Scrafty|spe|1\n|\n|-heal|p1a: Scrafty|193\/246|[from] item: Leftovers\n|-heal|p2a: Venusaur|259\/259 brn|[from] item: Black Sludge\n|-damage|p2a: Venusaur|243\/259 brn|[from] brn\n|upkeep\n|turn|7\n|\n|move|p1a: Scrafty|Ice Punch|p2a: Venusaur\n|-supereffective|p2a: Venusaur\n|-damage|p2a: Venusaur|93\/259 brn\n|move|p2a: Venusaur|Sludge Bomb|p1a: Scrafty\n|-damage|p1a: Scrafty|120\/246\n|\n|-heal|p1a: Scrafty|135\/246|[from] item: Leftovers\n|-heal|p2a: Venusaur|109\/259 brn|[from] item: Black Sludge\n|-damage|p2a: Venusaur|93\/259 brn|[from] brn\n|upkeep\n|turn|8\n|\n|move|p1a: Scrafty|Crunch|p2a: Venusaur\n|-damage|p2a: Venusaur|0 fnt\n|faint|p2a: Venusaur\n|\n|-heal|p1a: Scrafty|150\/246|[from] item: Leftovers\n|upkeep\n|inactive|Battle timer is ON: inactive players will automatically lose when time's up. (requested by razertyty)\n|\n|switch|p2a: Heliolisk|Heliolisk, L82, F|236\/236\n|turn|9\n|\n|move|p2a: Heliolisk|Thunderbolt|p1a: Scrafty\n|-damage|p1a: Scrafty|27\/246\n|move|p1a: Scrafty|Close Combat|p2a: Heliolisk\n|-supereffective|p2a: Heliolisk\n|-damage|p2a: Heliolisk|0 fnt\n|-unboost|p1a: Scrafty|def|1\n|-unboost|p1a: Scrafty|spd|1\n|faint|p2a: Heliolisk\n|\n|-heal|p1a: Scrafty|42\/246|[from] item: Leftovers\n|upkeep\n|\n|switch|p2a: Raichu|Raichu-Alola, L80, F|227\/227\n|turn|10\n|\n|move|p2a: Raichu|Thunderbolt|p1a: Scrafty\n|-damage|p1a: Scrafty|0 fnt\n|-damage|p2a: Raichu|205\/227|[from] item: Life Orb\n|faint|p1a: Scrafty\n|\n|upkeep\n|\n|switch|p1a: Appletun|Appletun, L84, F|322\/322\n|-damage|p1a: Appletun|282\/322|[from] Stealth Rock\n|turn|11\n|\n|switch|p2a: Cursola|Cursola, L84, F|237\/238\n|move|p1a: Appletun|Leech Seed|p2a: Cursola\n|-start|p2a: Cursola|move: Leech Seed\n|\n|-heal|p1a: Appletun|302\/322|[from] item: Leftovers\n|-heal|p2a: Cursola|238\/238|[from] item: Leftovers\n|-damage|p2a: Cursola|209\/238|[from] Leech Seed|[of] p1a: Appletun\n|-heal|p1a: Appletun|322\/322|[silent]\n|upkeep\n|turn|12\n|\n|move|p2a: Cursola|Ice Beam|p1a: Appletun\n|-supereffective|p1a: Appletun\n|-damage|p1a: Appletun|138\/322\n|move|p1a: Appletun|Apple Acid|p2a: Cursola\n|-damage|p2a: Cursola|145\/238\n|-unboost|p2a: Cursola|spd|1\n|\n|-heal|p1a: Appletun|158\/322|[from] item: Leftovers\n|-heal|p2a: Cursola|159\/238|[from] item: Leftovers\n|-damage|p2a: Cursola|130\/238|[from] Leech Seed|[of] p1a: Appletun\n|-heal|p1a: Appletun|187\/322|[silent]\n|upkeep\n|turn|13\n|\n|move|p1a: Appletun|Recover|p1a: Appletun\n|-heal|p1a: Appletun|322\/322\n|move|p2a: Cursola|Ice Beam|p1a: Appletun\n|-supereffective|p1a: Appletun\n|-damage|p1a: Appletun|138\/322\n|\n|-heal|p1a: Appletun|158\/322|[from] item: Leftovers\n|-heal|p2a: Cursola|144\/238|[from] item: Leftovers\n|-damage|p2a: Cursola|115\/238|[from] Leech Seed|[of] p1a: Appletun\n|-heal|p1a: Appletun|187\/322|[silent]\n|upkeep\n|turn|14\n|\n|switch|p2a: Flygon|Flygon, L82, F|265\/265\n|move|p1a: Appletun|Recover|p1a: Appletun\n|-heal|p1a: Appletun|322\/322\n|\n|upkeep\n|turn|15\n|\n|switch|p2a: Cursola|Cursola, L84, F|115\/238\n|-start|p1a: Appletun|Dynamax\n|-formechange|p1a: Appletun|Appletun-Gmax\n|-heal|p1a: Appletun|644\/644|[silent]\n|move|p1a: Appletun|Max Wyrmwind|p2a: Cursola\n|-damage|p2a: Cursola|18\/238\n|-unboost|p2a: Cursola|atk|1\n|\n|-heal|p2a: Cursola|32\/238|[from] item: Leftovers\n|upkeep\n|turn|16\n|\n|move|p1a: Appletun|G-Max Sweetness|p2a: Cursola\n|-damage|p2a: Cursola|0 fnt\n|-activate|p1a: Appletun|move: G-Max Sweetness\n|-curestatus|p1: Corsola|slp|[msg]\n|faint|p2a: Cursola\n|\n|upkeep\n|inactive|comp233 has 120 seconds left.\n|\n|switch|p2a: Flygon|Flygon, L82, F|265\/265\n|turn|17\n|inactive|comp233 has 120 seconds left.\n|\n|-start|p2a: Flygon|Dynamax\n|-heal|p2a: Flygon|530\/530|[silent]\n|move|p2a: Flygon|Max Guard|p2a: Flygon\n|-singleturn|p2a: Flygon|Max Guard\n|move|p1a: Appletun|Max Wyrmwind|p2a: Flygon\n|-activate|p2a: Flygon|move: Max Guard\n|\n|-end|p1a: Appletun|Dynamax\n|-formechange|p1a: Appletun|Appletun\n|-heal|p1a: Appletun|322\/322|[silent]\n|upkeep\n|turn|18\n|inactive|comp233 has 120 seconds left.\n|\n|switch|p1a: Corviknight|Corviknight, L80, M|288\/288\n|-damage|p1a: Corviknight|252\/288|[from] Stealth Rock\n|-ability|p1a: Corviknight|Pressure\n|move|p2a: Flygon|Max Flare|p1a: Corviknight\n|-supereffective|p1a: Corviknight\n|-damage|p1a: Corviknight|74\/288\n|-weather|SunnyDay\n|\n|-weather|SunnyDay|[upkeep]\n|-heal|p1a: Corviknight|92\/288|[from] item: Leftovers\n|upkeep\n|turn|19\n|inactive|comp233 has 120 seconds left.\n|\n|move|p2a: Flygon|Max Flare|p1a: Corviknight\n|-supereffective|p1a: Corviknight\n|-damage|p1a: Corviknight|0 fnt\n|faint|p1a: Corviknight\n|\n|-weather|SunnyDay|[upkeep]\n|-end|p2a: Flygon|Dynamax\n|-heal|p2a: Flygon|265\/265|[silent]\n|upkeep\n|\n|switch|p1a: Appletun|Appletun, L84, F|322\/322\n|-damage|p1a: Appletun|282\/322|[from] Stealth Rock\n|turn|20\n|\n|move|p2a: Flygon|Outrage|p1a: Appletun\n|-supereffective|p1a: Appletun\n|-damage|p1a: Appletun|10\/322\n|move|p1a: Appletun|Dragon Pulse|p2a: Flygon\n|-supereffective|p2a: Flygon\n|-damage|p2a: Flygon|77\/265\n|\n|-weather|SunnyDay|[upkeep]\n|-heal|p1a: Appletun|30\/322|[from] item: Leftovers\n|upkeep\n|turn|21\n|\n|move|p2a: Flygon|Outrage|p1a: Appletun|[from]lockedmove\n|-supereffective|p1a: Appletun\n|-damage|p1a: Appletun|0 fnt\n|faint|p1a: Appletun\n|\n|-weather|SunnyDay|[upkeep]\n|upkeep\n|\n|switch|p1a: Swoobat|Swoobat, L84, F|250\/250\n|-damage|p1a: Swoobat|188\/250|[from] Stealth Rock\n|turn|22\n|\n|move|p1a: Swoobat|Air Slash|p2a: Flygon|[miss]\n|-miss|p1a: Swoobat|p2a: Flygon\n|move|p2a: Flygon|Outrage|p1a: Swoobat|[from]lockedmove\n|-damage|p1a: Swoobat|2\/250\n|-start|p2a: Flygon|confusion|[fatigue]\n|-enditem|p2a: Flygon|Lum Berry|[eat]\n|-end|p2a: Flygon|confusion\n|\n|-weather|none\n|-heal|p1a: Swoobat|17\/250|[from] item: Leftovers\n|upkeep\n|turn|23\n|\n|move|p1a: Swoobat|Air Slash|p2a: Flygon\n|-damage|p2a: Flygon|0 fnt\n|faint|p2a: Flygon\n|\n|-heal|p1a: Swoobat|32\/250|[from] item: Leftovers\n|upkeep\n|\n|switch|p2a: Cinccino|Cinccino, L84, M|263\/263\n|turn|24\n|\n|move|p2a: Cinccino|U-turn|p1a: Swoobat\n|-damage|p1a: Swoobat|0 fnt\n|faint|p1a: Swoobat\n|\n|switch|p2a: Raichu|Raichu-Alola, L80, F|205\/227\n|\n|upkeep\n|\n|switch|p1a: Chandelure|Chandelure, L82, M|233\/233\n|-damage|p1a: Chandelure|175\/233|[from] Stealth Rock\n|turn|25\n|\n|switch|p2a: Cinccino|Cinccino, L84, M|263\/263\n|move|p1a: Chandelure|Shadow Ball|p2a: Cinccino\n|-immune|p2a: Cinccino\n|\n|-heal|p1a: Chandelure|189\/233|[from] item: Leftovers\n|upkeep\n|turn|26\n|\n|switch|p1a: Corsola|Corsola-Galar, L80, M|227\/227\n|-damage|p1a: Corsola|199\/227|[from] Stealth Rock\n|move|p2a: Cinccino|Knock Off|p1a: Corsola\n|-supereffective|p1a: Corsola\n|-damage|p1a: Corsola|77\/227\n|-enditem|p1a: Corsola|Eviolite|[from] move: Knock Off|[of] p2a: Cinccino\n|\n|upkeep\n|turn|27\n|\n|move|p2a: Cinccino|Knock Off|p1a: Corsola\n|-supereffective|p1a: Corsola\n|-damage|p1a: Corsola|0 fnt\n|faint|p1a: Corsola\n|\n|upkeep\n|-message|razertyty forfeited.\n|\n|win|comp233\n|l|\u2606razertyty\n","inputlog":">version 6714e14fc59dadd8d459f52b27c62cecdf9d07f8\n>start {\"formatid\":\"gen8randombattle\",\"seed\":[26402,19596,52369,57338],\"rated\":\"Rated battle\"}\n>player p1 {\"name\":\"razertyty\",\"avatar\":\"101\",\"team\":\"\",\"rating\":1867,\"seed\":[53305,23253,45177,16437]}\n>player p2 {\"name\":\"comp233\",\"avatar\":\"115\",\"team\":\"\",\"rating\":1948,\"seed\":[25838,59143,8423,10642]}\n>p1 move willowisp\n>p2 switch 4\n>p1 move stealthrock\n>p2 move sleeppowder\n>p1 switch 4\n>p2 switch 5\n>p1 move uturn\n>p2 move stealthrock\n>p1 switch 4\n>p1 switch 6\n>p2 move shadowball\n>p1 move dragondance\n>p2 switch 5\n>p1 move icepunch\n>p2 move sludgebomb\n>p1 move crunch\n>p2 move sludgebomb\n>p2 switch 3\n>p1 move closecombat\n>p2 move thunderbolt\n>p2 switch 6\n>p1 move crunch\n>p2 move thunderbolt\n>p1 switch 3\n>p1 move leechseed\n>p2 switch 5\n>p1 move appleacid\n>p2 move icebeam\n>p1 move recover\n>p2 move icebeam\n>p1 move recover\n>p2 switch 4\n>p1 move dragonpulse dynamax\n>p2 switch 4\n>p1 move appleacid dynamax\n>p2 move icebeam\n>p2 switch 4\n>p1 move dragonpulse dynamax\n>p2 move dragondance dynamax\n>p1 switch 4\n>p2 move firepunch dynamax\n>p1 move defog\n>p2 move firepunch dynamax\n>p1 switch 4\n>p1 move dragonpulse\n>p2 move outrage\n>p1 move dragonpulse\n>p2 move outrage\n>p1 switch 5\n>p1 move airslash\n>p2 move outrage\n>p1 move airslash\n>p2 move dragondance\n>p2 switch 2\n>p1 move roost\n>p2 move uturn\n>p2 switch 5\n>p1 switch 2\n>p1 move shadowball\n>p2 switch 5\n>p1 switch 6\n>p2 move knockoff\n>p1 move strengthsap\n>p2 move knockoff","uploadtime":1579071072,"views":6,"p1id":"razertyty","p2id":"comp233","formatid":"gen8randombattle","rating":0,"private":0,"password":null}