{"id":"gen8randombattle-1379051470","p1":"riggerz","p2":"Buhrito","format":"gen8randombattle","log":"|j|\u2606riggerz\n|j|\u2606Buhrito\n|t:|1626567285\n|gametype|singles\n|player|p1|riggerz|1|\n|player|p2|Buhrito|265|\n|teamsize|p1|6\n|teamsize|p2|6\n|gen|8\n|tier|[Gen 8] Random Battle\n|rule|Species Clause: Limit one of each Pok\u00e9mon\n|rule|HP Percentage Mod: HP is shown in percentages\n|rule|Sleep Clause Mod: Limit one foe put to sleep\n|\n|t:|1626567285\n|start\n|switch|p1a: Garbodor|Garbodor, L87, M|281\/281\n|switch|p2a: Relicanth|Relicanth, L86, F|312\/312\n|turn|1\n|j| greniga hd\n|l| greniga hd\n|j| riggerz3\n|\n|t:|1626567322\n|switch|p1a: Crobat|Crobat, L82, F|274\/274\n|switch|p2a: Garchomp|Garchomp, L74, F|282\/282\n|\n|upkeep\n|turn|2\n|c| riggerz3|dude why are you playing this clown\n|c| riggerz3|im riggerz\n|c|\u2606riggerz|wow\n|c|\u2606riggerz|I'm impressed\n|\n|t:|1626567346\n|switch|p2a: Relicanth|Relicanth, L86, F|312\/312\n|move|p1a: Crobat|Toxic|p2a: Relicanth\n|-status|p2a: Relicanth|tox\n|\n|-damage|p2a: Relicanth|293\/312 tox|[from] psn\n|upkeep\n|turn|3\n|j| Real Riggerz\n|c| Real Riggerz|Pog\n|c| Real Riggerz|lameau\n|\n|t:|1626567368\n|switch|p1a: Aggron|Aggron, L84, M|255\/255\n|-item|p1a: Aggron|Air Balloon\n|move|p2a: Relicanth|Head Smash|p1a: Aggron\n|-resisted|p1a: Aggron\n|-damage|p1a: Aggron|209\/255\n|-enditem|p1a: Aggron|Air Balloon\n|\n|-heal|p2a: Relicanth|312\/312 tox|[from] item: Leftovers\n|-damage|p2a: Relicanth|274\/312 tox|[from] psn\n|upkeep\n|turn|4\n|j| Riggerz2\n|c|\u2606riggerz|im not watching\n|c|\u2606riggerz|mums life\n|inactive|Battle timer is ON: inactive players will automatically lose when time's up. (requested by Buhrito)\n|\n|t:|1626567395\n|switch|p1a: Silvally|Silvally-Grass, L84|297\/297\n|move|p2a: Relicanth|Body Press|p1a: Silvally\n|-damage|p1a: Silvally|221\/297\n|\n|-heal|p2a: Relicanth|293\/312 tox|[from] item: Leftovers\n|-damage|p2a: Relicanth|236\/312 tox|[from] psn\n|upkeep\n|turn|5\n|\n|t:|1626567407\n|switch|p2a: Drapion|Drapion, L82, M|249\/249\n|move|p1a: Silvally|Parting Shot|p2a: Drapion\n|-unboost|p2a: Drapion|atk|1\n|-unboost|p2a: Drapion|spa|1\n|c| riggerz3|not watching but you heard him accuse you of stream sniping\n|c| riggerz3|interesting\n|\n|t:|1626567426\n|switch|p1a: Emolga|Emolga, L88, F|239\/239\n|\n|upkeep\n|turn|6\n|l|riggerz3\n|c| Real Riggerz|nice cute flying dog\n|c| Real Riggerz|good choice\n|j| riggerz1\n|inactive|Buhrito has 270 seconds left.\n|c|\u2606riggerz|im listening\n|\n|t:|1626567460\n|move|p1a: Emolga|Air Slash|p2a: Drapion\n|-crit|p2a: Drapion\n|-damage|p2a: Drapion|85\/249\n|-damage|p1a: Emolga|216\/239|[from] item: Life Orb\n|move|p2a: Drapion|Poison Jab|p1a: Emolga\n|-damage|p1a: Emolga|126\/239\n|-status|p1a: Emolga|psn\n|-damage|p2a: Drapion|61\/249|[from] item: Life Orb\n|\n|-damage|p1a: Emolga|97\/239 psn|[from] psn\n|upkeep\n|turn|7\n|c|\u2606riggerz|but not watching\n|c|\u2606riggerz|i dont know hat mons you have\n|\n|t:|1626567473\n|switch|p2a: Garchomp|Garchomp, L74, F|282\/282\n|move|p1a: Emolga|Roost|p1a: Emolga\n|-heal|p1a: Emolga|217\/239 psn\n|-singleturn|p1a: Emolga|move: Roost\n|\n|-damage|p1a: Emolga|188\/239 psn|[from] psn\n|upkeep\n|turn|8\n|inactive|Buhrito has 270 seconds left.\n|inactive|riggerz has 270 seconds left.\n|inactive|riggerz has 240 seconds left.\n|\n|t:|1626567526\n|switch|p1a: Aggron|Aggron, L84, M|209\/255\n|move|p2a: Garchomp|Swords Dance|p2a: Garchomp\n|-boost|p2a: Garchomp|atk|2\n|\n|upkeep\n|turn|9\n|\n|t:|1626567538\n|switch|p1a: Crobat|Crobat, L82, F|274\/274\n|move|p2a: Garchomp|Earthquake|p1a: Crobat\n|-immune|p1a: Crobat\n|\n|upkeep\n|turn|10\n|\n|t:|1626567548\n|switch|p2a: Relicanth|Relicanth, L86, F|236\/312 tox\n|move|p1a: Crobat|Toxic|p2a: Relicanth\n|-fail|p2a: Relicanth|tox\n|\n|-heal|p2a: Relicanth|255\/312 tox|[from] item: Leftovers\n|-damage|p2a: Relicanth|236\/312 tox|[from] psn\n|upkeep\n|turn|11\n|c|\u2606riggerz|miss\n|inactive|Buhrito has 270 seconds left.\n|inactive|riggerz has 240 seconds left.\n|\n|t:|1626567575\n|switch|p1a: Aggron|Aggron, L84, M|209\/255\n|move|p2a: Relicanth|Head Smash|p1a: Aggron|[miss]\n|-miss|p2a: Relicanth|p1a: Aggron\n|\n|-heal|p2a: Relicanth|255\/312 tox|[from] item: Leftovers\n|-damage|p2a: Relicanth|217\/312 tox|[from] psn\n|upkeep\n|turn|12\n|inactive|riggerz has 240 seconds left.\n|\n|t:|1626567592\n|move|p2a: Relicanth|Head Smash|p1a: Aggron|[miss]\n|-miss|p2a: Relicanth|p1a: Aggron\n|move|p1a: Aggron|Earthquake|p2a: Relicanth\n|-supereffective|p2a: Relicanth\n|-damage|p2a: Relicanth|113\/312 tox\n|\n|-heal|p2a: Relicanth|132\/312 tox|[from] item: Leftovers\n|-damage|p2a: Relicanth|75\/312 tox|[from] psn\n|upkeep\n|turn|13\n|\n|t:|1626567604\n|move|p2a: Relicanth|Head Smash|p1a: Aggron|[miss]\n|-miss|p2a: Relicanth|p1a: Aggron\n|move|p1a: Aggron|Head Smash|p2a: Relicanth\n|-damage|p2a: Relicanth|0 fnt\n|faint|p2a: Relicanth\n|\n|upkeep\n|c|\u2606riggerz|sorry\n|\n|t:|1626567619\n|switch|p2a: Wailord|Wailord, L88, M|442\/442\n|turn|14\n|inactive|riggerz has 240 seconds left.\n|\n|t:|1626567642\n|move|p2a: Wailord|Water Spout|p1a: Aggron\n|-supereffective|p1a: Aggron\n|-damage|p1a: Aggron|0 fnt\n|faint|p1a: Aggron\n|\n|upkeep\n|inactive|riggerz has 210 seconds left.\n|\n|t:|1626567667\n|switch|p1a: Emolga|Emolga, L88, F|188\/239 psn\n|turn|15\n|\n|t:|1626567674\n|switch|p1a: Silvally|Silvally-Grass, L84|221\/297\n|switch|p2a: Garchomp|Garchomp, L74, F|282\/282\n|\n|upkeep\n|turn|16\n|\n|t:|1626567680\n|move|p1a: Silvally|Ice Beam|p2a: Garchomp\n|-supereffective|p2a: Garchomp\n|-crit|p2a: Garchomp\n|-damage|p2a: Garchomp|0 fnt\n|faint|p2a: Garchomp\n|\n|upkeep\n|c|\u2606riggerz|omg\n|c|\u2606riggerz|im a fucking god\n|c|\u2606riggerz|I was playing into that from turn 1\n|c|\u2606riggerz|from as soon as I saw the chomp\n|c|\u2606riggerz|is toxic watching\n|\n|t:|1626567710\n|switch|p2a: Wailord|Wailord, L88, M|442\/442\n|turn|17\n|\n|t:|1626567727\n|move|p1a: Silvally|Multi-Attack|p2a: Wailord\n|-supereffective|p2a: Wailord\n|-damage|p2a: Wailord|32\/442\n|move|p2a: Wailord|Ice Beam|p1a: Silvally\n|-supereffective|p1a: Silvally\n|-damage|p1a: Silvally|23\/297\n|\n|upkeep\n|turn|18\n|c|\u2606riggerz|i calc somethings\n|\n|t:|1626567743\n|move|p1a: Silvally|Parting Shot|p2a: Wailord\n|-unboost|p2a: Wailord|atk|1\n|-unboost|p2a: Wailord|spa|1\n|\n|t:|1626567752\n|switch|p1a: Emolga|Emolga, L88, F|188\/239 psn\n|move|p2a: Wailord|Ice Beam|p1a: Emolga\n|-supereffective|p1a: Emolga\n|-damage|p1a: Emolga|26\/239 psn\n|\n|-damage|p1a: Emolga|0 fnt|[from] psn\n|faint|p1a: Emolga\n|upkeep\n|inactive|riggerz has 210 seconds left.\n|\n|t:|1626567784\n|switch|p1a: Crobat|Crobat, L82, F|274\/274\n|turn|19\n|\n|t:|1626567791\n|move|p1a: Crobat|Brave Bird|p2a: Wailord\n|-damage|p2a: Wailord|0 fnt\n|faint|p2a: Wailord\n|-damage|p1a: Crobat|263\/274|[from] Recoil\n|\n|upkeep\n|\n|t:|1626567801\n|switch|p2a: Umbreon|Umbreon, L82, F|290\/290\n|turn|20\n|c|\u2606riggerz|you have to doge toxic\n|\n|t:|1626567824\n|move|p1a: Crobat|Toxic|p2a: Umbreon\n|-status|p2a: Umbreon|tox\n|-activate|p2a: Umbreon|ability: Synchronize\n|-immune|p1a: Crobat\n|move|p2a: Umbreon|Foul Play|p1a: Crobat\n|-damage|p1a: Crobat|169\/274\n|\n|-damage|p2a: Umbreon|272\/290 tox|[from] psn\n|upkeep\n|turn|21\n|\n|t:|1626567834\n|switch|p2a: Machamp|Machamp, L82, M|282\/282\n|move|p1a: Crobat|Roost|p1a: Crobat\n|-heal|p1a: Crobat|274\/274\n|-singleturn|p1a: Crobat|move: Roost\n|\n|-status|p2a: Machamp|brn|[from] item: Flame Orb\n|upkeep\n|turn|22\n|c| Real Riggerz|I lost my dog today\n|c| Real Riggerz|She was called Amy\n|\n|t:|1626567857\n|switch|p1a: Necrozma|Necrozma-Dusk-Mane, L68|245\/245\n|move|p2a: Machamp|Facade|p1a: Necrozma\n|-resisted|p1a: Necrozma\n|-damage|p1a: Necrozma|160\/245\n|\n|-damage|p2a: Machamp|265\/282 brn|[from] brn\n|upkeep\n|turn|23\n|inactive|riggerz has 180 seconds left.\n|\n|t:|1626567883\n|switch|p1a: Silvally|Silvally-Grass, L84|23\/297\n|move|p2a: Machamp|Close Combat|p1a: Silvally\n|-damage|p1a: Silvally|0 fnt\n|-unboost|p2a: Machamp|def|1\n|-unboost|p2a: Machamp|spd|1\n|faint|p1a: Silvally\n|\n|-damage|p2a: Machamp|248\/282 brn|[from] brn\n|upkeep\n|\n|t:|1626567893\n|switch|p1a: Crobat|Crobat, L82, F|274\/274\n|turn|24\n|c|\u2606riggerz|I didnt calc that\n|c|\u2606riggerz|mums life\n|c|\u2606riggerz|i just didnt have psychic move\n|\n|t:|1626567913\n|switch|p2a: Umbreon|Umbreon, L82, F|272\/290 tox\n|move|p1a: Crobat|Brave Bird|p2a: Umbreon\n|-damage|p2a: Umbreon|167\/290 tox\n|-damage|p1a: Crobat|239\/274|[from] Recoil\n|\n|-heal|p2a: Umbreon|185\/290 tox|[from] item: Leftovers\n|-damage|p2a: Umbreon|167\/290 tox|[from] psn\n|upkeep\n|turn|25\n|inactive|riggerz has 150 seconds left.\n|\n|t:|1626567941\n|switch|p1a: Necrozma|Necrozma-Dusk-Mane, L68|160\/245\n|move|p2a: Umbreon|Wish|p2a: Umbreon\n|\n|-heal|p2a: Umbreon|185\/290 tox|[from] item: Leftovers\n|-damage|p2a: Umbreon|149\/290 tox|[from] psn\n|upkeep\n|turn|26\n|inactive|riggerz has 150 seconds left.\n|c| Real Riggerz|If I had psychic abilites\n|\n|t:|1626567949\n|switch|p2a: Machamp|Machamp, L82, M|248\/282 brn\n|move|p1a: Necrozma|Dragon Dance|p1a: Necrozma\n|-boost|p1a: Necrozma|atk|1\n|-boost|p1a: Necrozma|spe|1\n|\n|-heal|p2a: Machamp|282\/282 brn|[from] move: Wish|[wisher] Umbreon\n|-damage|p2a: Machamp|265\/282 brn|[from] brn\n|upkeep\n|turn|27\n|c|\u2606riggerz|gg\n|c| Real Riggerz|I would bring my dog back to life\n|c| Real Riggerz|gg\n|c| Real Riggerz|:(\n|inactive|riggerz has 150 seconds left.\n|\n|t:|1626567964\n|-start|p1a: Necrozma|Dynamax\n|-heal|p1a: Necrozma|320\/490|[silent]\n|-start|p2a: Machamp|Dynamax\n|-heal|p2a: Machamp|530\/564 brn|[silent]\n|move|p1a: Necrozma|Max Steelspike|p2a: Machamp\n|-damage|p2a: Machamp|298\/564 brn\n|-boost|p1a: Necrozma|def|1\n|move|p2a: Machamp|Max Darkness|p1a: Necrozma\n|-supereffective|p1a: Necrozma\n|-damage|p1a: Necrozma|191\/490\n|-unboost|p1a: Necrozma|spd|1\n|-enditem|p1a: Necrozma|Weakness Policy\n|-boost|p1a: Necrozma|atk|2|[from] item: Weakness Policy\n|-boost|p1a: Necrozma|spa|2|[from] item: Weakness Policy\n|\n|-damage|p2a: Machamp|281\/564 brn|[from] brn\n|upkeep\n|turn|28\n|inactive|riggerz has 150 seconds left.\n|\n|t:|1626567979\n|move|p1a: Necrozma|Max Steelspike|p2a: Machamp\n|-damage|p2a: Machamp|0 fnt\n|-boost|p1a: Necrozma|def|1\n|faint|p2a: Machamp\n|\n|upkeep\n|\n|t:|1626567985\n|switch|p2a: Drapion|Drapion, L82, M|61\/249\n|turn|29\n|\n|t:|1626567989\n|move|p1a: Necrozma|Max Quake|p2a: Drapion\n|-supereffective|p2a: Drapion\n|-damage|p2a: Drapion|0 fnt\n|-boost|p1a: Necrozma|spd|1\n|faint|p2a: Drapion\n|\n|-end|p1a: Necrozma|Dynamax\n|-heal|p1a: Necrozma|96\/245|[silent]\n|upkeep\n|\n|t:|1626567991\n|switch|p2a: Umbreon|Umbreon, L82, F|149\/290 tox\n|turn|30\n|\n|t:|1626568002\n|move|p1a: Necrozma|Sunsteel Strike|p2a: Umbreon\n|-damage|p2a: Umbreon|0 fnt\n|faint|p2a: Umbreon\n|\n|win|riggerz\n|c|\u2606riggerz|gg bro\n|l|\u2606Buhrito\n|l| Real Riggerz\n|l| Riggerz2\n|l| riggerz1\n|player|p1|riggerz|1\n","inputlog":">version e5fbd64427be74663dcc3710208c7a3c176dccc8\n>start {\"formatid\":\"gen8randombattle\",\"seed\":[14197,11835,8251,53267]}\n>player p1 {\"name\":\"riggerz\",\"avatar\":\"1\",\"rating\":0,\"seed\":[41626,1715,61124,52256]}\n>player p2 {\"name\":\"Buhrito\",\"avatar\":\"265\",\"rating\":0,\"seed\":[62661,53976,53570,8989]}\n>p1 switch 2\n>p2 switch 5\n>chat  riggerz3|dude why are you playing this clown \n>chat  riggerz3|im riggerz\n>chat \u2606riggerz|wow \n>chat \u2606riggerz|I'm impressed\n>p1 move toxic\n>p2 switch 5\n>chat  Real Riggerz|Pog\n>chat  Real Riggerz|lameau\n>p1 switch 5\n>p2 move headsmash\n>chat \u2606riggerz|im not watching \n>chat \u2606riggerz|mums life\n>p1 switch 6\n>p2 move bodypress\n>p1 move partingshot\n>p2 switch 2\n>chat  riggerz3|not watching but you heard him accuse you of stream sniping\n>chat  riggerz3|interesting\n>p1 switch 4\n>chat  Real Riggerz|nice cute flying dog\n>chat  Real Riggerz|good choice\n>chat \u2606riggerz|im listening \n>p1 move airslash\n>p2 move poisonjab\n>chat \u2606riggerz|but not watching \n>chat \u2606riggerz|i dont know hat mons you have\n>p1 move roost\n>p2 switch 5\n>p1 switch 6\n>p2 move swordsdance\n>p1 switch 5\n>p2 move earthquake\n>p1 move toxic\n>p2 switch 2\n>chat \u2606riggerz|miss\n>p1 switch 5\n>p2 move headsmash\n>p1 move earthquake\n>p2 move headsmash\n>p1 move headsmash\n>p2 move headsmash\n>chat \u2606riggerz|sorry\n>p2 switch 6\n>p1 move headsmash\n>p2 move waterspout\n>p1 switch 6\n>p1 switch 4\n>p2 switch 2\n>p1 move icebeam\n>p2 move swordsdance\n>chat \u2606riggerz|omg\n>chat \u2606riggerz|im a fucking god\n>chat \u2606riggerz|I was playing into that from turn 1\n>chat \u2606riggerz|from as soon as I saw the chomp\n>chat \u2606riggerz|is toxic watching\n>p2 switch 2\n>p1 move multiattack\n>p2 move icebeam\n>chat \u2606riggerz|i calc somethings\n>p1 move partingshot\n>p2 move icebeam\n>p1 switch 4\n>p1 switch 5\n>p1 move bravebird\n>p2 move icebeam\n>p2 switch 4\n>chat \u2606riggerz|you have to doge toxic\n>p1 move toxic\n>p2 move foulplay\n>p1 move roost\n>p2 switch 3\n>chat  Real Riggerz|I lost my dog today\n>chat  Real Riggerz|She was called Amy\n>p1 switch 3\n>p2 move facade\n>p1 switch 4\n>p2 move closecombat\n>p1 switch 3\n>chat \u2606riggerz|I didnt calc that\n>chat \u2606riggerz|mums life\n>chat \u2606riggerz|i just didnt have psychic move\n>p1 move bravebird\n>p2 switch 3\n>p1 switch 4\n>p2 move wish\n>chat  Real Riggerz|If I had psychic abilites\n>p1 move dragondance\n>p2 switch 3\n>chat \u2606riggerz|gg\n>chat  Real Riggerz|I would bring my dog back to life\n>chat  Real Riggerz|gg\n>chat  Real Riggerz|:(\n>p1 move sunsteelstrike dynamax\n>p2 move knockoff dynamax\n>p1 move sunsteelstrike dynamax\n>p2 move knockoff dynamax\n>p2 switch 5\n>p1 move earthquake dynamax\n>p2 move earthquake\n>p2 switch 3\n>p1 move sunsteelstrike\n>p2 move foulplay","uploadtime":1626568826,"views":20,"p1id":"riggerz","p2id":"buhrito","formatid":"gen8randombattle","rating":0,"private":0,"password":null}