{"id":"gen8randombattle-1568028576","p1":"playeraccount","p2":"rtfuyghiuoj","format":"gen8randombattle","log":"|j|\u2606playeraccount\n|j|\u2606rtfuyghiuoj\n|t:|1651729733\n|gametype|singles\n|player|p1|playeraccount|102|1197\n|player|p2|rtfuyghiuoj|266|1207\n|teamsize|p1|6\n|teamsize|p2|6\n|gen|8\n|tier|[Gen 8] Random Battle\n|rated|\n|rule|Species Clause: Limit one of each Pok\u00e9mon\n|rule|HP Percentage Mod: HP is shown in percentages\n|rule|Sleep Clause Mod: Limit one foe put to sleep\n|\n|t:|1651729733\n|start\n|switch|p1a: Jynx|Jynx, L86, F|251\/251\n|switch|p2a: Kingdra|Kingdra, L82, M|257\/257\n|turn|1\n|\n|t:|1651729748\n|move|p1a: Jynx|Ice Beam|p2a: Kingdra\n|-damage|p2a: Kingdra|155\/257\n|move|p2a: Kingdra|Hydro Pump|p1a: Jynx\n|-immune|p1a: Jynx|[from] ability: Dry Skin\n|\n|upkeep\n|turn|2\n|\n|t:|1651729758\n|switch|p2a: Manectric|Manectric, L86, F|261\/261\n|move|p1a: Jynx|Nasty Plot|p1a: Jynx\n|-boost|p1a: Jynx|spa|2\n|\n|upkeep\n|turn|3\n|\n|t:|1651729770\n|move|p2a: Manectric|Overheat|p1a: Jynx\n|-supereffective|p1a: Jynx\n|-damage|p1a: Jynx|29\/251\n|-unboost|p2a: Manectric|spa|2\n|move|p1a: Jynx|Lovely Kiss|p2a: Manectric|[miss]\n|-miss|p1a: Jynx|p2a: Manectric\n|\n|upkeep\n|turn|4\n|\n|t:|1651729781\n|switch|p1a: Keldeo|Keldeo-Resolute, L79|273\/273\n|move|p2a: Manectric|Overheat|p1a: Keldeo|[miss]\n|-miss|p2a: Manectric|p1a: Keldeo\n|\n|upkeep\n|turn|5\n|\n|t:|1651729791\n|switch|p2a: Azumarill|Azumarill, L84, M|305\/305\n|move|p1a: Keldeo|Calm Mind|p1a: Keldeo\n|-boost|p1a: Keldeo|spa|1\n|-boost|p1a: Keldeo|spd|1\n|\n|upkeep\n|turn|6\n|\n|t:|1651729799\n|move|p1a: Keldeo|Air Slash|p2a: Azumarill\n|-damage|p2a: Azumarill|178\/305\n|-damage|p1a: Keldeo|246\/273|[from] item: Life Orb\n|move|p2a: Azumarill|Play Rough|p1a: Keldeo\n|-supereffective|p1a: Keldeo\n|-damage|p1a: Keldeo|0 fnt\n|faint|p1a: Keldeo\n|\n|upkeep\n|\n|t:|1651729810\n|switch|p1a: Farfetch\u2019d|Farfetch\u2019d, L90, F|239\/239\n|turn|7\n|\n|t:|1651729814\n|move|p1a: Farfetch\u2019d|Leaf Blade|p2a: Azumarill\n|-supereffective|p2a: Azumarill\n|-crit|p2a: Azumarill\n|-damage|p2a: Azumarill|0 fnt\n|faint|p2a: Azumarill\n|\n|upkeep\n|\n|t:|1651729820\n|switch|p2a: Manectric|Manectric, L86, F|261\/261\n|turn|8\n|\n|t:|1651729826\n|move|p2a: Manectric|Thunderbolt|p1a: Farfetch\u2019d\n|-supereffective|p1a: Farfetch\u2019d\n|-damage|p1a: Farfetch\u2019d|0 fnt\n|faint|p1a: Farfetch\u2019d\n|\n|upkeep\n|\n|t:|1651729834\n|switch|p1a: Conkeldurr|Conkeldurr, L80, F|299\/299\n|turn|9\n|\n|t:|1651729849\n|switch|p2a: Kingdra|Kingdra, L82, M|155\/257\n|move|p1a: Conkeldurr|Knock Off|p2a: Kingdra\n|-damage|p2a: Kingdra|79\/257\n|-enditem|p2a: Kingdra|Choice Specs|[from] move: Knock Off|[of] p1a: Conkeldurr\n|\n|-status|p1a: Conkeldurr|brn|[from] item: Flame Orb\n|upkeep\n|turn|10\n|\n|t:|1651729857\n|move|p2a: Kingdra|Hurricane|p1a: Conkeldurr\n|-supereffective|p1a: Conkeldurr\n|-damage|p1a: Conkeldurr|99\/299 brn\n|move|p1a: Conkeldurr|Facade|p2a: Kingdra\n|-damage|p2a: Kingdra|0 fnt\n|faint|p2a: Kingdra\n|\n|-damage|p1a: Conkeldurr|81\/299 brn|[from] brn\n|upkeep\n|\n|t:|1651729868\n|switch|p2a: Manectric|Manectric, L86, F|261\/261\n|turn|11\n|\n|t:|1651729878\n|move|p1a: Conkeldurr|Mach Punch|p2a: Manectric\n|-damage|p2a: Manectric|161\/261\n|move|p2a: Manectric|Thunderbolt|p1a: Conkeldurr\n|-damage|p1a: Conkeldurr|0 fnt\n|faint|p1a: Conkeldurr\n|\n|upkeep\n|\n|t:|1651729888\n|switch|p1a: Omastar|Omastar, L82, F|249\/249\n|turn|12\n|\n|t:|1651729893\n|move|p2a: Manectric|Thunderbolt|p1a: Omastar\n|-supereffective|p1a: Omastar\n|-damage|p1a: Omastar|0 fnt\n|faint|p1a: Omastar\n|\n|upkeep\n|-message|playeraccount forfeited.\n|\n|win|rtfuyghiuoj\n|raw|playeraccount's rating: 1197 &rarr; <strong>1173<\/strong><br \/>(-24 for losing)\n|raw|rtfuyghiuoj's rating: 1207 &rarr; <strong>1231<\/strong><br \/>(+24 for winning)\n|l|\u2606playeraccount\n","inputlog":">version 450da1638bbf535e65207112caaec58da976e0b3\n>start {\"formatid\":\"gen8randombattle\",\"seed\":[52097,14631,47478,17321],\"rated\":\"Rated battle\"}\n>player p1 {\"name\":\"playeraccount\",\"avatar\":\"102\",\"rating\":1197,\"seed\":[26359,51441,37342,60018]}\n>player p2 {\"name\":\"rtfuyghiuoj\",\"avatar\":\"266\",\"rating\":1207,\"seed\":[59724,38514,24803,57571]}\n>p1 move icebeam\n>p2 move hydropump\n>p1 move nastyplot\n>p2 switch 6\n>p1 move lovelykiss\n>p2 move overheat\n>p1 switch 2\n>p2 move overheat\n>p1 move calmmind\n>p2 switch 3\n>p1 move airslash\n>p2 move playrough\n>p1 switch 4\n>p1 move leafblade\n>p2 move playrough\n>p2 switch 3\n>p1 move bravebird\n>p2 move thunderbolt\n>p1 switch 3\n>p1 move knockoff\n>p2 switch 6\n>p1 move facade\n>p2 move hurricane\n>p2 switch 6\n>p1 move machpunch\n>p2 move thunderbolt\n>p1 switch 6\n>p1 move earthpower\n>p2 move thunderbolt\n>forcelose p1","uploadtime":1651729928,"views":3,"p1id":"playeraccount","p2id":"rtfuyghiuoj","formatid":"gen8randombattle","rating":1173,"private":0,"password":null}