{"id":"gen8randombattle-1471358249","p1":"richard_tater","p2":"beastyj157","format":"gen8randombattle","log":"|j|\u2606richard_tater\n|j|\u2606beastyj157\n|t:|1639259050\n|gametype|singles\n|player|p1|richard_tater|firebreather|1518\n|player|p2|beastyj157|veteran|1568\n|teamsize|p1|6\n|teamsize|p2|6\n|gen|8\n|tier|[Gen 8] Random Battle\n|rated|\n|rule|Species Clause: Limit one of each Pok\u00e9mon\n|rule|HP Percentage Mod: HP is shown in percentages\n|rule|Sleep Clause Mod: Limit one foe put to sleep\n|\n|t:|1639259051\n|start\n|switch|p1a: Sharpedo|Sharpedo, L82, F|249\/249\n|switch|p2a: Skuntank|Skuntank, L85, M|314\/314\n|turn|1\n|inactive|Battle timer is ON: inactive players will automatically lose when time's up. (requested by beastyj157)\n|inactive|richard_tater also wants the timer to be on.\n|\n|t:|1639259068\n|switch|p2a: Mandibuzz|Mandibuzz, L82, F|315\/315\n|move|p1a: Sharpedo|Protect||[still]\n|-fail|p1a: Sharpedo\n|\n|-ability|p1a: Sharpedo|Speed Boost|boost\n|-boost|p1a: Sharpedo|spe|1\n|upkeep\n|turn|2\n|\n|t:|1639259070\n|move|p1a: Sharpedo|Protect|p1a: Sharpedo\n|-singleturn|p1a: Sharpedo|Protect\n|move|p2a: Mandibuzz|Toxic|p1a: Sharpedo\n|-activate|p1a: Sharpedo|move: Protect\n|\n|-ability|p1a: Sharpedo|Speed Boost|boost\n|-boost|p1a: Sharpedo|spe|1\n|upkeep\n|turn|3\n|\n|t:|1639259073\n|move|p1a: Sharpedo|Hydro Pump|p2a: Mandibuzz\n|-damage|p2a: Mandibuzz|169\/315\n|-damage|p1a: Sharpedo|225\/249|[from] item: Life Orb\n|move|p2a: Mandibuzz|Toxic|p1a: Sharpedo\n|-status|p1a: Sharpedo|tox\n|\n|-damage|p1a: Sharpedo|210\/249 tox|[from] psn\n|-ability|p1a: Sharpedo|Speed Boost|boost\n|-boost|p1a: Sharpedo|spe|1\n|upkeep\n|turn|4\n|\n|t:|1639259079\n|switch|p1a: Tyrantrum|Tyrantrum, L82, M|269\/269\n|move|p2a: Mandibuzz|Roost|p2a: Mandibuzz\n|-heal|p2a: Mandibuzz|315\/315\n|-singleturn|p2a: Mandibuzz|move: Roost\n|\n|upkeep\n|turn|5\n|\n|t:|1639259087\n|switch|p2a: Solgaleo|Solgaleo, L72|316\/316\n|move|p1a: Tyrantrum|Dragon Dance|p1a: Tyrantrum\n|-boost|p1a: Tyrantrum|atk|1\n|-boost|p1a: Tyrantrum|spe|1\n|\n|upkeep\n|turn|6\n|\n|t:|1639259099\n|switch|p1a: Heatmor|Heatmor, L90, F|299\/299\n|move|p2a: Solgaleo|Flame Charge|p1a: Heatmor\n|-start|p1a: Heatmor|ability: Flash Fire\n|\n|upkeep\n|turn|7\n|\n|t:|1639259108\n|switch|p2a: Mandibuzz|Mandibuzz, L82, F|315\/315\n|move|p1a: Heatmor|Fire Lash|p2a: Mandibuzz\n|-damage|p2a: Mandibuzz|183\/315\n|-unboost|p2a: Mandibuzz|def|1\n|\n|upkeep\n|turn|8\n|\n|t:|1639259115\n|switch|p2a: Kingdra|Kingdra, L82, F|257\/257\n|move|p1a: Heatmor|Fire Lash|p2a: Kingdra\n|-resisted|p2a: Kingdra\n|-damage|p2a: Kingdra|219\/257\n|-unboost|p2a: Kingdra|def|1\n|\n|upkeep\n|turn|9\n|\n|t:|1639259123\n|-end|p1a: Heatmor|ability: Flash Fire|[silent]\n|switch|p1a: Sharpedo|Sharpedo, L82, F|210\/249 tox\n|move|p2a: Kingdra|Hydro Pump|p1a: Sharpedo\n|-resisted|p1a: Sharpedo\n|-damage|p1a: Sharpedo|85\/249 tox\n|-damage|p2a: Kingdra|194\/257|[from] item: Life Orb\n|\n|-damage|p1a: Sharpedo|70\/249 tox|[from] psn\n|upkeep\n|turn|10\n|\n|t:|1639259134\n|switch|p2a: Solgaleo|Solgaleo, L72|316\/316\n|move|p1a: Sharpedo|Close Combat|p2a: Solgaleo\n|-damage|p2a: Solgaleo|194\/316\n|-unboost|p1a: Sharpedo|def|1\n|-unboost|p1a: Sharpedo|spd|1\n|-damage|p1a: Sharpedo|46\/249 tox|[from] item: Life Orb\n|\n|-damage|p1a: Sharpedo|16\/249 tox|[from] psn\n|-ability|p1a: Sharpedo|Speed Boost|boost\n|-boost|p1a: Sharpedo|spe|1\n|upkeep\n|turn|11\n|\n|t:|1639259140\n|move|p1a: Sharpedo|Close Combat|p2a: Solgaleo\n|-damage|p2a: Solgaleo|71\/316\n|-unboost|p1a: Sharpedo|def|1\n|-unboost|p1a: Sharpedo|spd|1\n|-damage|p1a: Sharpedo|0 fnt|[from] item: Life Orb\n|faint|p1a: Sharpedo\n|move|p2a: Solgaleo|Flame Charge|p1: Sharpedo|[notarget]\n|-fail|p2a: Solgaleo\n|\n|upkeep\n|\n|t:|1639259140\n|switch|p1a: Heatmor|Heatmor, L90, F|299\/299\n|turn|12\n|\n|t:|1639259152\n|switch|p2a: Kingdra|Kingdra, L82, F|194\/257\n|move|p1a: Heatmor|Knock Off|p2a: Kingdra\n|-damage|p2a: Kingdra|121\/257\n|-enditem|p2a: Kingdra|Life Orb|[from] move: Knock Off|[of] p1a: Heatmor\n|\n|upkeep\n|turn|13\n|\n|t:|1639259160\n|switch|p1a: Cresselia|Cresselia, L80, F|323\/323\n|move|p2a: Kingdra|Hurricane|p1a: Cresselia\n|-damage|p1a: Cresselia|269\/323\n|\n|-heal|p1a: Cresselia|289\/323|[from] item: Leftovers\n|upkeep\n|turn|14\n|\n|t:|1639259170\n|move|p2a: Kingdra|Hydro Pump|p1a: Cresselia|[miss]\n|-miss|p2a: Kingdra|p1a: Cresselia\n|move|p1a: Cresselia|Moonblast|p2a: Kingdra\n|-supereffective|p2a: Kingdra\n|-damage|p2a: Kingdra|29\/257\n|-unboost|p2a: Kingdra|spa|1\n|\n|-heal|p1a: Cresselia|309\/323|[from] item: Leftovers\n|upkeep\n|turn|15\n|\n|t:|1639259175\n|move|p2a: Kingdra|Hydro Pump|p1a: Cresselia\n|-damage|p1a: Cresselia|252\/323\n|move|p1a: Cresselia|Moonblast|p2a: Kingdra\n|-supereffective|p2a: Kingdra\n|-damage|p2a: Kingdra|0 fnt\n|faint|p2a: Kingdra\n|\n|-heal|p1a: Cresselia|272\/323|[from] item: Leftovers\n|upkeep\n|\n|t:|1639259183\n|switch|p2a: Mandibuzz|Mandibuzz, L82, F|183\/315\n|turn|16\n|\n|t:|1639259185\n|move|p1a: Cresselia|Toxic|p2a: Mandibuzz\n|-status|p2a: Mandibuzz|tox\n|move|p2a: Mandibuzz|Toxic|p1a: Cresselia\n|-status|p1a: Cresselia|tox\n|\n|-heal|p1a: Cresselia|292\/323 tox|[from] item: Leftovers\n|-damage|p1a: Cresselia|272\/323 tox|[from] psn\n|-damage|p2a: Mandibuzz|164\/315 tox|[from] psn\n|upkeep\n|turn|17\n|\n|t:|1639259194\n|switch|p1a: Tyrantrum|Tyrantrum, L82, M|269\/269\n|switch|p2a: Solgaleo|Solgaleo, L72|71\/316\n|\n|upkeep\n|turn|18\n|\n|t:|1639259198\n|switch|p1a: Heatmor|Heatmor, L90, F|299\/299\n|move|p2a: Solgaleo|Close Combat|p1a: Heatmor\n|-damage|p1a: Heatmor|203\/299\n|-unboost|p2a: Solgaleo|def|1\n|-unboost|p2a: Solgaleo|spd|1\n|\n|upkeep\n|turn|19\n|\n|t:|1639259210\n|switch|p2a: Arcanine|Arcanine, L82, F|282\/282\n|-ability|p2a: Arcanine|Intimidate|boost\n|-unboost|p1a: Heatmor|atk|1\n|move|p1a: Heatmor|Fire Lash|p2a: Arcanine\n|-resisted|p2a: Arcanine\n|-damage|p2a: Arcanine|247\/282\n|-unboost|p2a: Arcanine|def|1\n|\n|upkeep\n|turn|20\n|\n|t:|1639259214\n|switch|p1a: Cresselia|Cresselia, L80, F|272\/323 tox\n|move|p2a: Arcanine|Toxic|p1a: Cresselia\n|-fail|p1a: Cresselia|tox\n|\n|-heal|p1a: Cresselia|292\/323 tox|[from] item: Leftovers\n|-damage|p1a: Cresselia|272\/323 tox|[from] psn\n|upkeep\n|turn|21\n|\n|t:|1639259219\n|switch|p2a: Mandibuzz|Mandibuzz, L82, F|164\/315 tox\n|move|p1a: Cresselia|Moonblast|p2a: Mandibuzz\n|-supereffective|p2a: Mandibuzz\n|-damage|p2a: Mandibuzz|72\/315 tox\n|\n|-heal|p1a: Cresselia|292\/323 tox|[from] item: Leftovers\n|-damage|p1a: Cresselia|252\/323 tox|[from] psn\n|-damage|p2a: Mandibuzz|53\/315 tox|[from] psn\n|upkeep\n|turn|22\n|\n|t:|1639259223\n|move|p1a: Cresselia|Moonblast|p2a: Mandibuzz\n|-supereffective|p2a: Mandibuzz\n|-damage|p2a: Mandibuzz|0 fnt\n|faint|p2a: Mandibuzz\n|\n|-heal|p1a: Cresselia|272\/323 tox|[from] item: Leftovers\n|-damage|p1a: Cresselia|212\/323 tox|[from] psn\n|upkeep\n|\n|t:|1639259235\n|switch|p2a: Solgaleo|Solgaleo, L72|71\/316\n|turn|23\n|\n|t:|1639259239\n|switch|p1a: Heatmor|Heatmor, L90, F|203\/299\n|move|p2a: Solgaleo|Sunsteel Strike|p1a: Heatmor\n|-resisted|p1a: Heatmor\n|-damage|p1a: Heatmor|145\/299\n|\n|upkeep\n|turn|24\n|\n|t:|1639259252\n|switch|p2a: Arcanine|Arcanine, L82, F|247\/282\n|-ability|p2a: Arcanine|Intimidate|boost\n|-unboost|p1a: Heatmor|atk|1\n|move|p1a: Heatmor|Fire Lash|p2a: Arcanine\n|-resisted|p2a: Arcanine\n|-damage|p2a: Arcanine|209\/282\n|-unboost|p2a: Arcanine|def|1\n|\n|upkeep\n|turn|25\n|\n|t:|1639259267\n|switch|p1a: Cresselia|Cresselia, L80, F|212\/323 tox\n|move|p2a: Arcanine|Flare Blitz|p1a: Cresselia\n|-damage|p1a: Cresselia|95\/323 tox\n|-damage|p2a: Arcanine|170\/282|[from] Recoil\n|\n|-heal|p1a: Cresselia|115\/323 tox|[from] item: Leftovers\n|-damage|p1a: Cresselia|95\/323 tox|[from] psn\n|upkeep\n|turn|26\n|\n|t:|1639259272\n|move|p2a: Arcanine|Flare Blitz|p1a: Cresselia\n|-crit|p1a: Cresselia\n|-damage|p1a: Cresselia|0 fnt\n|faint|p1a: Cresselia\n|-damage|p2a: Arcanine|139\/282|[from] Recoil\n|\n|upkeep\n|\n|t:|1639259272\n|switch|p1a: Tyrantrum|Tyrantrum, L82, M|269\/269\n|turn|27\n|\n|t:|1639259275\n|move|p2a: Arcanine|Close Combat|p1a: Tyrantrum\n|-supereffective|p1a: Tyrantrum\n|-damage|p1a: Tyrantrum|113\/269\n|-unboost|p2a: Arcanine|def|1\n|-unboost|p2a: Arcanine|spd|1\n|move|p1a: Tyrantrum|Dragon Dance|p1a: Tyrantrum\n|-boost|p1a: Tyrantrum|atk|1\n|-boost|p1a: Tyrantrum|spe|1\n|\n|upkeep\n|turn|28\n|\n|t:|1639259279\n|move|p1a: Tyrantrum|Outrage|p2a: Arcanine\n|-damage|p2a: Arcanine|0 fnt\n|faint|p2a: Arcanine\n|-damage|p1a: Tyrantrum|87\/269|[from] item: Life Orb\n|\n|upkeep\n|\n|t:|1639259285\n|switch|p2a: Skuntank|Skuntank, L85, M|314\/314\n|turn|29\n|\n|t:|1639259288\n|move|p2a: Skuntank|Sucker Punch|p1a: Tyrantrum\n|-damage|p1a: Tyrantrum|9\/269\n|-damage|p2a: Skuntank|283\/314|[from] item: Life Orb\n|move|p1a: Tyrantrum|Outrage|p2a: Skuntank|[from]lockedmove\n|-damage|p2a: Skuntank|0 fnt\n|-damage|p1a: Tyrantrum|0 fnt|[from] ability: Aftermath|[of] p2a: Skuntank\n|faint|p2a: Skuntank\n|faint|p1a: Tyrantrum\n|\n|upkeep\n|\n|t:|1639259299\n|switch|p2a: Solgaleo|Solgaleo, L72|71\/316\n|switch|p1a: Gourgeist|Gourgeist-Super, L84, F|280\/280\n|-item|p2a: Solgaleo|Weakness Policy|[from] ability: Frisk|[of] p1a: Gourgeist|[identify]\n|turn|30\n|\n|t:|1639259305\n|move|p1a: Gourgeist|Shadow Sneak|p2a: Solgaleo\n|-supereffective|p2a: Solgaleo\n|-damage|p2a: Solgaleo|0 fnt\n|faint|p2a: Solgaleo\n|\n|upkeep\n|\n|t:|1639259308\n|switch|p2a: Tornadus|Tornadus-Therian, L78, M|251\/251\n|turn|31\n|\n|t:|1639259318\n|-start|p2a: Tornadus|Dynamax\n|-heal|p2a: Tornadus|502\/502|[silent]\n|move|p1a: Gourgeist|Shadow Sneak|p2a: Tornadus\n|-damage|p2a: Tornadus|432\/502\n|move|p2a: Tornadus|Max Airstream|p1a: Gourgeist\n|-supereffective|p1a: Gourgeist\n|-damage|p1a: Gourgeist|0 fnt\n|-boost|p2a: Tornadus|spe|1\n|faint|p1a: Gourgeist\n|\n|upkeep\n|\n|t:|1639259318\n|switch|p1a: Heatmor|Heatmor, L90, F|145\/299\n|turn|32\n|\n|t:|1639259328\n|move|p2a: Tornadus|Max Airstream|p1a: Heatmor\n|-damage|p1a: Heatmor|0 fnt\n|-boost|p2a: Tornadus|spe|1\n|faint|p1a: Heatmor\n|\n|upkeep\n|\n|t:|1639259328\n|switch|p1a: Hawlucha|Hawlucha, L80, F|256\/256\n|turn|33\n|\n|t:|1639259333\n|-start|p1a: Hawlucha|Dynamax\n|-heal|p1a: Hawlucha|512\/512|[silent]\n|move|p2a: Tornadus|Max Airstream|p1a: Hawlucha\n|-supereffective|p1a: Hawlucha\n|-damage|p1a: Hawlucha|158\/512\n|-boost|p2a: Tornadus|spe|1\n|move|p1a: Hawlucha|Max Airstream|p2a: Tornadus\n|-damage|p2a: Tornadus|276\/502\n|-boost|p1a: Hawlucha|spe|1\n|\n|-end|p2a: Tornadus|Dynamax\n|-heal|p2a: Tornadus|138\/251|[silent]\n|upkeep\n|turn|34\n|\n|t:|1639259335\n|move|p2a: Tornadus|Hurricane|p1a: Hawlucha|[miss]\n|-miss|p2a: Tornadus|p1a: Hawlucha\n|move|p1a: Hawlucha|Max Rockfall|p2a: Tornadus\n|-supereffective|p2a: Tornadus\n|-damage|p2a: Tornadus|0 fnt\n|-weather|Sandstorm\n|faint|p2a: Tornadus\n|\n|win|richard_tater\n|raw|richard_tater's rating: 1518 &rarr; <strong>1541<\/strong><br \/>(+23 for winning)\n|raw|beastyj157's rating: 1568 &rarr; <strong>1545<\/strong><br \/>(-23 for losing)\n","inputlog":">version 9000b5f8a506874f96a277596f77607acad8a007\n>start {\"formatid\":\"gen8randombattle\",\"seed\":[35891,3351,17676,35850],\"rated\":\"Rated battle\"}\n>player p1 {\"name\":\"richard_tater\",\"avatar\":\"firebreather\",\"rating\":1518,\"seed\":[23541,15305,2249,21186]}\n>player p2 {\"name\":\"beastyj157\",\"avatar\":\"veteran\",\"rating\":1568,\"seed\":[19202,60674,37330,52274]}\n>p1 move protect\n>p2 switch 2\n>p1 move protect\n>p2 move toxic\n>p1 move hydropump\n>p2 move toxic\n>p1 switch 5\n>p2 move roost\n>p1 move dragondance\n>p2 switch 5\n>p1 switch 3\n>p2 move flamecharge\n>p1 move firelash\n>p2 switch 5\n>p1 move firelash\n>p2 switch 4\n>p1 switch 5\n>p2 move hydropump\n>p1 move closecombat\n>p2 switch 5\n>p1 move closecombat\n>p2 move flamecharge\n>p1 switch 5\n>p1 move knockoff\n>p2 switch 5\n>p1 switch 6\n>p2 move hurricane\n>p1 move moonblast\n>p2 move hydropump\n>p1 move moonblast\n>p2 move hydropump\n>p2 switch 4\n>p1 move toxic\n>p2 move toxic\n>p1 switch 3\n>p2 switch 5\n>p1 switch 6\n>p2 move closecombat\n>p1 move firelash\n>p2 switch 6\n>p1 switch 3\n>p2 move toxic\n>p1 move moonblast\n>p2 switch 5\n>p1 move moonblast\n>p2 move roost\n>p2 switch 6\n>p1 switch 3\n>p2 move sunsteelstrike\n>p1 move firelash\n>p2 switch 5\n>p1 switch 3\n>p2 move flareblitz\n>p1 move moonlight\n>p2 move flareblitz\n>p1 switch 6\n>p1 move dragondance\n>p2 move closecombat\n>p1 move outrage\n>p2 move closecombat\n>p2 switch 2\n>p1 move outrage\n>p2 move suckerpunch\n>p1 switch 2\n>p2 switch 5\n>p1 move shadowsneak\n>p2 move flamecharge\n>p2 switch 3\n>p1 move shadowsneak\n>p2 move hurricane dynamax\n>p1 switch 3\n>p1 move firelash\n>p2 move hurricane dynamax\n>p1 switch 4\n>p1 move bravebird dynamax\n>p2 move hurricane dynamax\n>p1 move stoneedge dynamax\n>p2 move hurricane","uploadtime":1639259336,"views":5,"p1id":"richardtater","p2id":"beastyj157","formatid":"gen8randombattle","rating":1541,"private":0,"password":null}