{"id":"gen8randombattle-1691609454","p1":"op9vnf","p2":"BOO!sien","format":"gen8randombattle","log":"|j|\u2606op9vnf\n|j|\u2606BOO!sien\n|t:|1666387892\n|gametype|singles\n|player|p1|op9vnf|169|\n|player|p2|BOO!sien|yellow|\n|teamsize|p1|6\n|teamsize|p2|6\n|gen|8\n|tier|[Gen 8] Random Battle\n|rule|Species Clause: Limit one of each Pok\u00e9mon\n|rule|HP Percentage Mod: HP is shown in percentages\n|rule|Sleep Clause Mod: Limit one foe put to sleep\n|\n|t:|1666387892\n|start\n|switch|p1a: Unfezant|Unfezant, L84, F|271\/271\n|switch|p2a: Heracross|Heracross, L82, F|265\/265\n|turn|1\n|c|\u2606BOO!sien|hf\n|\n|t:|1666387909\n|switch|p2a: Slowbro|Slowbro-Galar, L86, F|304\/304\n|move|p1a: Unfezant|Brave Bird|p2a: Slowbro\n|-crit|p2a: Slowbro\n|-damage|p2a: Slowbro|115\/304\n|-damage|p1a: Unfezant|209\/271|[from] Recoil\n|\n|upkeep\n|turn|2\n|\n|t:|1666387918\n|switch|p2a: Tauros|Tauros, L82, M|257\/257\n|move|p1a: Unfezant|Night Slash|p2a: Tauros\n|-crit|p2a: Tauros\n|-damage|p2a: Tauros|174\/257\n|\n|upkeep\n|turn|3\n|\n|t:|1666387929\n|move|p2a: Tauros|Rock Slide|p1a: Unfezant\n|-supereffective|p1a: Unfezant\n|-damage|p1a: Unfezant|32\/271\n|move|p1a: Unfezant|Night Slash|p2a: Tauros\n|-crit|p2a: Tauros\n|-damage|p2a: Tauros|96\/257\n|\n|upkeep\n|turn|4\n|\n|t:|1666387940\n|switch|p1a: Duraludon|Duraludon, L84, F|255\/255\n|move|p2a: Tauros|Body Slam|p1a: Duraludon\n|-resisted|p1a: Duraludon\n|-damage|p1a: Duraludon|197\/255\n|\n|upkeep\n|turn|5\n|\n|t:|1666387947\n|move|p2a: Tauros|Close Combat|p1a: Duraludon\n|-supereffective|p1a: Duraludon\n|-damage|p1a: Duraludon|10\/255\n|-unboost|p2a: Tauros|def|1\n|-unboost|p2a: Tauros|spd|1\n|-damage|p2a: Tauros|71\/257|[from] item: Life Orb\n|move|p1a: Duraludon|Body Press|p2a: Tauros\n|-supereffective|p2a: Tauros\n|-damage|p2a: Tauros|0 fnt\n|faint|p2a: Tauros\n|\n|upkeep\n|\n|t:|1666387955\n|switch|p2a: Abomasnow|Abomasnow, L82, F|282\/282\n|-weather|Hail|[from] ability: Snow Warning|[of] p2a: Abomasnow\n|turn|6\n|\n|t:|1666387961\n|move|p2a: Abomasnow|Ice Shard|p1a: Duraludon\n|-damage|p1a: Duraludon|0 fnt\n|faint|p1a: Duraludon\n|\n|-weather|Hail|[upkeep]\n|upkeep\n|\n|t:|1666387969\n|switch|p1a: Unfezant|Unfezant, L84, F|32\/271\n|turn|7\n|\n|t:|1666387972\n|move|p2a: Abomasnow|Ice Shard|p1a: Unfezant\n|-supereffective|p1a: Unfezant\n|-damage|p1a: Unfezant|0 fnt\n|faint|p1a: Unfezant\n|\n|-weather|Hail|[upkeep]\n|upkeep\n|\n|t:|1666387984\n|switch|p1a: Cinderace|Cinderace, L74, F|240\/240\n|turn|8\n|c|\u2606BOO!sien|why does my entire team lose to this\n|c|\u2606BOO!sien|wtf\n|c|\u2606BOO!sien|not even kidding everything is slower and dies LOL\n|c|\u2606op9vnf|dude shut up\n|c|\u2606BOO!sien|randbats really messed me up on this one :sob:\n|c|\u2606BOO!sien|damn rude\n|\n|t:|1666388027\n|switch|p2a: Vanilluxe|Vanilluxe, L82, M|251\/251\n|move|p1a: Cinderace|U-turn|p2a: Vanilluxe\n|-start|p1a: Cinderace|typechange|Bug|[from] ability: Libero\n|-crit|p2a: Vanilluxe\n|-damage|p2a: Vanilluxe|140\/251\n|\n|t:|1666388041\n|switch|p1a: Chansey|Chansey, L84, F|557\/557\n|\n|-weather|Hail|[upkeep]\n|-damage|p1a: Chansey|523\/557|[from] Hail\n|upkeep\n|turn|9\n|\n|t:|1666388048\n|move|p2a: Vanilluxe|Aurora Veil|p2a: Vanilluxe\n|-sidestart|p2: BOO!sien|move: Aurora Veil\n|move|p1a: Chansey|Stealth Rock|p2a: Vanilluxe\n|-sidestart|p2: BOO!sien|move: Stealth Rock\n|\n|-weather|Hail|[upkeep]\n|-damage|p1a: Chansey|489\/557|[from] Hail\n|upkeep\n|turn|10\n|\n|t:|1666388054\n|switch|p2a: Heracross|Heracross, L82, F|265\/265\n|-damage|p2a: Heracross|232\/265|[from] Stealth Rock\n|move|p1a: Chansey|Toxic|p2a: Heracross\n|-status|p2a: Heracross|tox\n|\n|-weather|none\n|-damage|p2a: Heracross|216\/265 tox|[from] psn\n|upkeep\n|turn|11\n|\n|t:|1666388064\n|switch|p1a: Mimikyu|Mimikyu, L76, F|209\/209\n|move|p2a: Heracross|Close Combat|p1a: Mimikyu\n|-immune|p1a: Mimikyu\n|\n|-damage|p2a: Heracross|184\/265 tox|[from] psn\n|upkeep\n|turn|12\n|\n|t:|1666388073\n|move|p1a: Mimikyu|Swords Dance|p1a: Mimikyu\n|-boost|p1a: Mimikyu|atk|2\n|move|p2a: Heracross|Knock Off|p1a: Mimikyu\n|-activate|p1a: Mimikyu|ability: Disguise\n|-damage|p1a: Mimikyu|209\/209\n|-enditem|p1a: Mimikyu|Life Orb|[from] move: Knock Off|[of] p2a: Heracross\n|detailschange|p1a: Mimikyu|Mimikyu-Busted, L76, F\n|-damage|p1a: Mimikyu|183\/209|[from] pokemon: Mimikyu-Busted\n|\n|-damage|p2a: Heracross|136\/265 tox|[from] psn\n|upkeep\n|turn|13\n|\n|t:|1666388086\n|move|p1a: Mimikyu|Shadow Claw|p2a: Heracross\n|-damage|p2a: Heracross|66\/265 tox\n|move|p2a: Heracross|Knock Off|p1a: Mimikyu\n|-damage|p1a: Mimikyu|91\/209\n|\n|-damage|p2a: Heracross|2\/265 tox|[from] psn\n|upkeep\n|turn|14\n|\n|t:|1666388096\n|switch|p1a: Chansey|Chansey, L84, F|489\/557\n|move|p2a: Heracross|Knock Off|p1a: Chansey\n|-damage|p1a: Chansey|206\/557\n|-enditem|p1a: Chansey|Eviolite|[from] move: Knock Off|[of] p2a: Heracross\n|\n|-damage|p2a: Heracross|0 fnt|[from] psn\n|faint|p2a: Heracross\n|upkeep\n|\n|t:|1666388106\n|switch|p2a: Trevenant|Trevenant, L86, M|286\/286\n|-damage|p2a: Trevenant|251\/286|[from] Stealth Rock\n|turn|15\n|\n|t:|1666388120\n|-start|p1a: Chansey|Dynamax|\n|-heal|p1a: Chansey|412\/1114|[silent]\n|move|p1a: Chansey|Max Guard|p1a: Chansey\n|-singleturn|p1a: Chansey|Max Guard\n|move|p2a: Trevenant|Earthquake|p1a: Chansey\n|-activate|p1a: Chansey|move: Max Guard\n|\n|upkeep\n|turn|16\n|\n|t:|1666388132\n|move|p1a: Chansey|Max Guard|p1a: Chansey\n|-singleturn|p1a: Chansey|Max Guard\n|move|p2a: Trevenant|Earthquake|p1a: Chansey\n|-activate|p1a: Chansey|move: Max Guard\n|\n|-sideend|p2: BOO!sien|move: Aurora Veil\n|upkeep\n|turn|17\n|\n|t:|1666388137\n|move|p1a: Chansey|Max Guard||[still]\n|-fail|p1a: Chansey\n|move|p2a: Trevenant|Earthquake|p1a: Chansey\n|-damage|p1a: Chansey|24\/1114\n|\n|upkeep\n|-end|p1a: Chansey|Dynamax\n|-heal|p1a: Chansey|12\/557|[silent]\n|turn|18\n|\n|t:|1666388146\n|move|p2a: Trevenant|Earthquake|p1a: Chansey\n|-damage|p1a: Chansey|0 fnt\n|faint|p1a: Chansey\n|\n|upkeep\n|\n|t:|1666388152\n|switch|p1a: Mimikyu|Mimikyu-Busted, L76, F|91\/209\n|turn|19\n|\n|t:|1666388154\n|switch|p2a: Abomasnow|Abomasnow, L82, F|282\/282\n|-damage|p2a: Abomasnow|212\/282|[from] Stealth Rock\n|-weather|Hail|[from] ability: Snow Warning|[of] p2a: Abomasnow\n|move|p1a: Mimikyu|Shadow Claw|p2a: Abomasnow\n|-damage|p2a: Abomasnow|148\/282\n|\n|-weather|Hail|[upkeep]\n|-damage|p1a: Mimikyu|78\/209|[from] Hail\n|upkeep\n|turn|20\n|\n|t:|1666388168\n|switch|p1a: Lanturn|Lanturn, L86, M|355\/355\n|move|p2a: Abomasnow|Aurora Veil|p2a: Abomasnow\n|-sidestart|p2: BOO!sien|move: Aurora Veil\n|\n|-weather|Hail|[upkeep]\n|-damage|p1a: Lanturn|333\/355|[from] Hail\n|upkeep\n|turn|21\n|n|\u2606op9vnf|op9vnf\n|\n|t:|1666388181\n|move|p1a: Lanturn|Ice Beam|p2a: Abomasnow\n|-damage|p2a: Abomasnow|105\/282\n|move|p2a: Abomasnow|Wood Hammer|p1a: Lanturn\n|-supereffective|p1a: Lanturn\n|-damage|p1a: Lanturn|21\/355\n|-damage|p2a: Abomasnow|2\/282|[from] Recoil\n|\n|-weather|Hail|[upkeep]\n|-damage|p1a: Lanturn|0 fnt|[from] Hail\n|faint|p1a: Lanturn\n|upkeep\n|\n|t:|1666388192\n|switch|p1a: Mimikyu|Mimikyu-Busted, L76, F|78\/209\n|turn|22\n|\n|t:|1666388196\n|move|p2a: Abomasnow|Ice Shard|p1a: Mimikyu\n|-damage|p1a: Mimikyu|30\/209\n|move|p1a: Mimikyu|Shadow Claw|p2a: Abomasnow\n|-damage|p2a: Abomasnow|0 fnt\n|faint|p2a: Abomasnow\n|\n|-weather|Hail|[upkeep]\n|-damage|p1a: Mimikyu|17\/209|[from] Hail\n|upkeep\n|\n|t:|1666388212\n|switch|p2a: Vanilluxe|Vanilluxe, L82, M|140\/251\n|-damage|p2a: Vanilluxe|78\/251|[from] Stealth Rock\n|turn|23\n|\n|t:|1666388222\n|switch|p1a: Cinderace|Cinderace, L74, F|240\/240\n|move|p2a: Vanilluxe|Freeze-Dry|p1a: Cinderace\n|-resisted|p1a: Cinderace\n|-damage|p1a: Cinderace|189\/240\n|\n|-weather|none\n|upkeep\n|turn|24\n|\n|t:|1666388233\n|move|p1a: Cinderace|Pyro Ball|p2a: Vanilluxe\n|-supereffective|p2a: Vanilluxe\n|-damage|p2a: Vanilluxe|0 fnt\n|faint|p2a: Vanilluxe\n|\n|upkeep\n|\n|t:|1666388249\n|switch|p2a: Slowbro|Slowbro-Galar, L86, F|216\/304\n|-damage|p2a: Slowbro|178\/304|[from] Stealth Rock\n|turn|25\n|\n|t:|1666388254\n|-start|p2a: Slowbro|Dynamax|\n|-heal|p2a: Slowbro|356\/608|[silent]\n|move|p1a: Cinderace|U-turn|p2a: Slowbro\n|-start|p1a: Cinderace|typechange|Bug|[from] ability: Libero\n|-damage|p2a: Slowbro|327\/608\n|\n|t:|1666388262\n|switch|p1a: Mimikyu|Mimikyu-Busted, L76, F|17\/209\n|move|p2a: Slowbro|Max Mindstorm|p1a: Mimikyu\n|-damage|p1a: Mimikyu|0 fnt\n|-fieldstart|move: Psychic Terrain\n|faint|p1a: Mimikyu\n|-damage|p2a: Slowbro|297\/608|[from] item: Life Orb\n|\n|upkeep\n|\n|t:|1666388269\n|switch|p1a: Cinderace|Cinderace, L74, F|189\/240\n|turn|26\n|\n|t:|1666388281\n|move|p1a: Cinderace|U-turn|p2a: Slowbro\n|-start|p1a: Cinderace|typechange|Bug|[from] ability: Libero\n|-damage|p2a: Slowbro|268\/608\n|move|p2a: Slowbro|Max Mindstorm|p1a: Cinderace\n|-damage|p1a: Cinderace|0 fnt\n|faint|p1a: Cinderace\n|-damage|p2a: Slowbro|238\/608|[from] item: Life Orb\n|\n|win|BOO!sien\n|c|\u2606BOO!sien|GG\n|c|\u2606BOO!sien|btw dont\n|c|\u2606BOO!sien|spam in chat\n|c|\u2606BOO!sien|and you wont get muted\n|c|\u2606op9vnf|hahah\n|c|\u2606BOO!sien|eitherway its only a 7\n|c|\u2606BOO!sien|min\n|c|\u2606op9vnf|what a butthurt bitch\n|c|\u2606BOO!sien|mute for what you did\n|c|\u2606BOO!sien|so dw about it\n|c|\u2606op9vnf|ooooh\n|c|\u2606BOO!sien|just dont spam\n|c|\u2606op9vnf|wow im the most evil guy ever\n|c|\u2606BOO!sien|lol\n|c|\u2606op9vnf|spam is the worst thing\n|c|\u2606BOO!sien|cya\n","inputlog":">version 9c5d654b898167f5ae9ca6e9cc2965040adf185e\n>start {\"formatid\":\"gen8randombattle\",\"seed\":[31349,2138,50793,35976]}\n>player p1 {\"name\":\"op9vnf\",\"avatar\":\"169\",\"rating\":0,\"seed\":[43281,29051,51177,37741]}\n>player p2 {\"name\":\"BOO!sien\",\"avatar\":\"yellow\",\"rating\":0,\"seed\":[53939,25551,8187,34398]}\n>chat \u2606BOO!sien|hf\n>p1 move bravebird\n>p2 switch 3\n>p1 move nightslash\n>p2 switch 6\n>p1 move nightslash\n>p2 move rockslide\n>p1 switch 4\n>p2 move bodyslam\n>p1 move bodypress\n>p2 move closecombat\n>p2 switch 5\n>p1 move bodypress\n>p2 move iceshard\n>p1 switch 4\n>p1 move roost\n>p2 move iceshard\n>p1 switch 6\n>chat \u2606BOO!sien|why does my entire team lose to this\n>chat \u2606BOO!sien|wtf\n>chat \u2606BOO!sien|not even kidding everything is slower and dies LOL\n>chat \u2606op9vnf|dude shut up\n>chat \u2606BOO!sien|randbats really messed me up on this one :sob:\n>chat \u2606BOO!sien|damn rude\n>p1 move uturn\n>p2 switch 4\n>p1 switch 3\n>p1 move stealthrock\n>p2 move auroraveil\n>p1 move toxic\n>p2 switch 3\n>p1 switch 5\n>p2 move closecombat\n>p1 move swordsdance\n>p2 move knockoff\n>p1 move shadowclaw\n>p2 move knockoff\n>p1 switch 5\n>p2 move knockoff\n>p2 switch 2\n>p1 move toxic dynamax\n>p2 move earthquake\n>p1 move softboiled dynamax\n>p2 move earthquake\n>p1 move stealthrock dynamax\n>p2 move earthquake\n>p1 move softboiled\n>p2 move earthquake\n>p1 switch 5\n>p1 move shadowclaw\n>p2 switch 4\n>p1 switch 2\n>p2 move auroraveil\n>p1 move icebeam\n>p2 move woodhammer\n>p1 switch 2\n>p1 move shadowclaw\n>p2 move iceshard\n>p2 switch 3\n>p1 switch 3\n>p2 move freezedry\n>p1 move pyroball\n>p2 move explosion\n>p2 switch 6\n>p1 move uturn\n>p2 move psychic dynamax\n>p1 switch 3\n>p1 switch 3\n>p1 move uturn\n>p2 move psychic dynamax","uploadtime":1666388338,"views":11,"p1id":"op9vnf","p2id":"boosien","formatid":"gen8randombattle","rating":0,"private":0,"password":null}