{"id":"gen8randombattle-1309984801","p1":"Chaud74","p2":"Jenome","format":"gen8randombattle","log":"|j|\u2606Chaud74\n|j|\u2606Jenome\n|t:|1616849625\n|player|p1|Chaud74|265|1703\n|player|p2|Jenome|collector|1668\n|teamsize|p1|6\n|teamsize|p2|6\n|gametype|singles\n|gen|8\n|tier|[Gen 8] Random Battle\n|rated|\n|rule|Species Clause: Limit one of each Pok\u00e9mon\n|rule|HP Percentage Mod: HP is shown in percentages\n|rule|Sleep Clause Mod: Limit one foe put to sleep\n|\n|t:|1616849625\n|start\n|switch|p1a: Aegislash|Aegislash, L80, F|227\/227\n|switch|p2a: Pelipper|Pelipper, L86, F|243\/243\n|-weather|RainDance|[from] ability: Drizzle|[of] p2a: Pelipper\n|turn|1\n|inactive|Battle timer is ON: inactive players will automatically lose when time's up. (requested by Jenome)\n|\n|t:|1616849649\n|move|p2a: Pelipper|Scald|p1a: Aegislash\n|-damage|p1a: Aegislash|79\/227\n|move|p1a: Aegislash|Toxic|p2a: Pelipper\n|-status|p2a: Pelipper|tox\n|\n|-weather|RainDance|[upkeep]\n|-heal|p1a: Aegislash|93\/227|[from] item: Leftovers\n|-damage|p2a: Pelipper|228\/243 tox|[from] psn\n|upkeep\n|turn|2\n|\n|t:|1616849659\n|move|p1a: Aegislash|King's Shield|p1a: Aegislash\n|-singleturn|p1a: Aegislash|Protect\n|move|p2a: Pelipper|Scald|p1a: Aegislash\n|-activate|p1a: Aegislash|move: Protect\n|\n|-weather|RainDance|[upkeep]\n|-heal|p1a: Aegislash|107\/227|[from] item: Leftovers\n|-damage|p2a: Pelipper|198\/243 tox|[from] psn\n|upkeep\n|turn|3\n|\n|t:|1616849672\n|switch|p1a: Lugia|Lugia, L74|279\/279\n|move|p2a: Pelipper|Scald|p1a: Lugia\n|-damage|p1a: Lugia|204\/279\n|-status|p1a: Lugia|brn\n|\n|-weather|RainDance|[upkeep]\n|-damage|p1a: Lugia|187\/279 brn|[from] brn\n|-damage|p2a: Pelipper|153\/243 tox|[from] psn\n|upkeep\n|turn|4\n|\n|t:|1616849686\n|move|p1a: Lugia|Roost|p1a: Lugia\n|-heal|p1a: Lugia|279\/279 brn\n|-singleturn|p1a: Lugia|move: Roost\n|move|p2a: Pelipper|Scald|p1a: Lugia\n|-damage|p1a: Lugia|204\/279 brn\n|\n|-weather|RainDance|[upkeep]\n|-damage|p1a: Lugia|187\/279 brn|[from] brn\n|-damage|p2a: Pelipper|93\/243 tox|[from] psn\n|upkeep\n|turn|5\n|\n|t:|1616849697\n|move|p1a: Lugia|Roost|p1a: Lugia\n|-heal|p1a: Lugia|279\/279 brn\n|-singleturn|p1a: Lugia|move: Roost\n|move|p2a: Pelipper|Scald|p1a: Lugia\n|-damage|p1a: Lugia|213\/279 brn\n|\n|-weather|none\n|-damage|p1a: Lugia|196\/279 brn|[from] brn\n|-damage|p2a: Pelipper|18\/243 tox|[from] psn\n|upkeep\n|turn|6\n|\n|t:|1616849709\n|switch|p2a: Galvantula|Galvantula, L82, F|249\/249\n|move|p1a: Lugia|Roost|p1a: Lugia\n|-heal|p1a: Lugia|279\/279 brn\n|-singleturn|p1a: Lugia|move: Roost\n|\n|-damage|p1a: Lugia|262\/279 brn|[from] brn\n|upkeep\n|turn|7\n|\n|t:|1616849727\n|move|p2a: Galvantula|Sticky Web|p1a: Lugia\n|-sidestart|p1: Chaud74|move: Sticky Web\n|move|p1a: Lugia|Toxic|p2a: Galvantula\n|-status|p2a: Galvantula|tox\n|\n|-damage|p2a: Galvantula|234\/249 tox|[from] psn\n|-damage|p1a: Lugia|245\/279 brn|[from] brn\n|upkeep\n|turn|8\n|\n|t:|1616849744\n|switch|p1a: Tyrantrum|Tyrantrum, L82, F|269\/269\n|-activate|p1a: Tyrantrum|move: Sticky Web\n|-unboost|p1a: Tyrantrum|spe|1\n|move|p2a: Galvantula|Thunder|p1a: Tyrantrum\n|-resisted|p1a: Tyrantrum\n|-damage|p1a: Tyrantrum|191\/269\n|\n|-damage|p2a: Galvantula|204\/249 tox|[from] psn\n|upkeep\n|turn|9\n|\n|t:|1616849755\n|switch|p2a: Pelipper|Pelipper, L86, F|18\/243 tox\n|-weather|RainDance|[from] ability: Drizzle|[of] p2a: Pelipper\n|move|p1a: Tyrantrum|Head Smash|p2a: Pelipper|[miss]\n|-miss|p1a: Tyrantrum|p2a: Pelipper\n|\n|-weather|RainDance|[upkeep]\n|-damage|p2a: Pelipper|3\/243 tox|[from] psn\n|upkeep\n|turn|10\n|\n|t:|1616849766\n|switch|p1a: Lugia|Lugia, L74|245\/279 brn\n|move|p2a: Pelipper|Scald|p1a: Lugia\n|-damage|p1a: Lugia|109\/279 brn\n|\n|-weather|RainDance|[upkeep]\n|-damage|p1a: Lugia|92\/279 brn|[from] brn\n|-damage|p2a: Pelipper|0 fnt|[from] psn\n|faint|p2a: Pelipper\n|upkeep\n|\n|t:|1616849773\n|switch|p2a: Galvantula|Galvantula, L82, F|204\/249 tox\n|turn|11\n|\n|t:|1616849780\n|move|p2a: Galvantula|Thunder|p1a: Lugia\n|-supereffective|p1a: Lugia\n|-damage|p1a: Lugia|0 fnt\n|faint|p1a: Lugia\n|\n|-weather|RainDance|[upkeep]\n|-damage|p2a: Galvantula|189\/249 tox|[from] psn\n|upkeep\n|\n|t:|1616849788\n|switch|p1a: Tyrantrum|Tyrantrum, L82, F|191\/269\n|-activate|p1a: Tyrantrum|move: Sticky Web\n|-unboost|p1a: Tyrantrum|spe|1\n|turn|12\n|\n|t:|1616849793\n|switch|p2a: Kabutops|Kabutops, L82, M, shiny|233\/233\n|move|p1a: Tyrantrum|Head Smash|p2a: Kabutops\n|-damage|p2a: Kabutops|13\/233\n|-damage|p1a: Tyrantrum|165\/269|[from] item: Life Orb\n|\n|-weather|RainDance|[upkeep]\n|upkeep\n|turn|13\n|\n|t:|1616849807\n|switch|p1a: Aegislash|Aegislash, L80, F|107\/227\n|-activate|p1a: Aegislash|move: Sticky Web\n|-unboost|p1a: Aegislash|spe|1\n|move|p2a: Kabutops|Liquidation|p1a: Aegislash\n|-damage|p1a: Aegislash|0 fnt\n|-damage|p2a: Kabutops|0 fnt|[from] item: Life Orb\n|faint|p1a: Aegislash\n|faint|p2a: Kabutops\n|\n|-weather|none\n|upkeep\n|\n|t:|1616849819\n|switch|p2a: Sirfetch\u2019d|Sirfetch\u2019d, L82, M|236\/236\n|switch|p1a: Tapu Koko|Tapu Koko, L78|237\/237\n|-activate|p1a: Tapu Koko|move: Sticky Web\n|-unboost|p1a: Tapu Koko|spe|1\n|-fieldstart|move: Electric Terrain|[from] ability: Electric Surge|[of] p1a: Tapu Koko\n|turn|14\n|\n|t:|1616849828\n|move|p1a: Tapu Koko|Dazzling Gleam|p2a: Sirfetch\u2019d\n|-supereffective|p2a: Sirfetch\u2019d\n|-damage|p2a: Sirfetch\u2019d|41\/236\n|-damage|p1a: Tapu Koko|214\/237|[from] item: Life Orb\n|move|p2a: Sirfetch\u2019d|Knock Off|p1a: Tapu Koko\n|-resisted|p1a: Tapu Koko\n|-damage|p1a: Tapu Koko|152\/237\n|-enditem|p1a: Tapu Koko|Life Orb|[from] move: Knock Off|[of] p2a: Sirfetch\u2019d\n|-damage|p2a: Sirfetch\u2019d|18\/236|[from] item: Life Orb\n|\n|upkeep\n|turn|15\n|\n|t:|1616849839\n|move|p1a: Tapu Koko|Dazzling Gleam|p2a: Sirfetch\u2019d\n|-supereffective|p2a: Sirfetch\u2019d\n|-damage|p2a: Sirfetch\u2019d|0 fnt\n|faint|p2a: Sirfetch\u2019d\n|\n|upkeep\n|\n|t:|1616849841\n|switch|p2a: Galvantula|Galvantula, L82, F|189\/249 tox\n|turn|16\n|\n|t:|1616849847\n|move|p2a: Galvantula|Bug Buzz|p1a: Tapu Koko\n|-resisted|p1a: Tapu Koko\n|-damage|p1a: Tapu Koko|101\/237\n|-unboost|p1a: Tapu Koko|spd|1\n|move|p1a: Tapu Koko|Dazzling Gleam|p2a: Galvantula\n|-damage|p2a: Galvantula|99\/249 tox\n|\n|-damage|p2a: Galvantula|84\/249 tox|[from] psn\n|upkeep\n|turn|17\n|\n|t:|1616849857\n|move|p2a: Galvantula|Giga Drain|p1a: Tapu Koko\n|-damage|p1a: Tapu Koko|13\/237\n|-heal|p2a: Galvantula|128\/249 tox|[from] drain|[of] p1a: Tapu Koko\n|move|p1a: Tapu Koko|Dazzling Gleam|p2a: Galvantula\n|-damage|p2a: Galvantula|35\/249 tox\n|\n|-damage|p2a: Galvantula|5\/249 tox|[from] psn\n|upkeep\n|turn|18\n|\n|t:|1616849866\n|move|p2a: Galvantula|Bug Buzz|p1a: Tapu Koko\n|-resisted|p1a: Tapu Koko\n|-damage|p1a: Tapu Koko|0 fnt\n|faint|p1a: Tapu Koko\n|\n|-damage|p2a: Galvantula|0 fnt|[from] psn\n|faint|p2a: Galvantula\n|-fieldend|move: Electric Terrain\n|upkeep\n|\n|t:|1616849875\n|switch|p1a: Tyrantrum|Tyrantrum, L82, F|165\/269\n|switch|p2a: Terrakion|Terrakion, L78|270\/270\n|-activate|p1a: Tyrantrum|move: Sticky Web\n|-unboost|p1a: Tyrantrum|spe|1\n|turn|19\n|\n|t:|1616849884\n|-start|p2a: Terrakion|Dynamax\n|-heal|p2a: Terrakion|540\/540|[silent]\n|move|p2a: Terrakion|Max Knuckle|p1a: Tyrantrum\n|-supereffective|p1a: Tyrantrum\n|-damage|p1a: Tyrantrum|0 fnt\n|-boost|p2a: Terrakion|atk|1\n|faint|p1a: Tyrantrum\n|\n|upkeep\n|-message|Chaud74 forfeited.\n|\n|win|Jenome\n|raw|Chaud74's rating: 1703 &rarr; <strong>1681<\/strong><br \/>(-22 for losing)\n|raw|Jenome's rating: 1668 &rarr; <strong>1690<\/strong><br \/>(+22 for winning)\n|l|\u2606Chaud74\n","inputlog":">version 9e7074572ea701236696fa8e0a6caf53f3d5a864\n>start {\"formatid\":\"gen8randombattle\",\"seed\":[33100,62355,51755,26518],\"rated\":\"Rated battle\"}\n>player p1 {\"name\":\"Chaud74\",\"avatar\":\"265\",\"team\":\"\",\"rating\":1703,\"seed\":[48907,38841,55989,43775]}\n>player p2 {\"name\":\"Jenome\",\"avatar\":\"collector\",\"team\":\"\",\"rating\":1668,\"seed\":[2828,24877,54118,23322]}\n>p1 move toxic\n>p2 move scald\n>p1 move kingsshield\n>p2 move scald\n>p1 switch 2\n>p2 move scald\n>p1 move roost\n>p2 move scald\n>p1 move roost\n>p2 move scald\n>p1 move roost\n>p2 switch 6\n>p1 move toxic\n>p2 move stickyweb\n>p1 switch 5\n>p2 move thunder\n>p1 move headsmash\n>p2 switch 6\n>p1 switch 5\n>p2 move scald\n>p2 switch 6\n>p1 move airslash\n>p2 move thunder\n>p1 switch 5\n>p1 move headsmash\n>p2 switch 3\n>p1 switch 2\n>p2 move liquidation\n>p1 switch 6\n>p2 switch 2\n>p1 move dazzlinggleam\n>p2 move knockoff\n>p1 move dazzlinggleam\n>p2 move closecombat\n>p2 switch 3\n>p1 move dazzlinggleam\n>p2 move bugbuzz\n>p1 move dazzlinggleam\n>p2 move gigadrain\n>p1 move dazzlinggleam\n>p2 move bugbuzz\n>p1 switch 2\n>p2 switch 4\n>p1 move earthquake\n>p2 move closecombat dynamax","uploadtime":1616849910,"views":16,"p1id":"chaud74","p2id":"jenome","formatid":"gen8randombattle","rating":1681,"private":0,"password":null}