{"id":"gen8randombattle-1647090290","p1":"WOOLOO SQUAD","p2":"Rediyu","format":"gen8randombattle","log":"|j|\u2606WOOLOO SQUAD\n|j|\u2606Rediyu\n|t:|1661348482\n|gametype|singles\n|player|p1|WOOLOO SQUAD|hilbert|2254\n|player|p2|Rediyu|guitarist|2376\n|teamsize|p1|6\n|teamsize|p2|6\n|gen|8\n|tier|[Gen 8] Random Battle\n|rated|\n|rule|Species Clause: Limit one of each Pok\u00e9mon\n|rule|HP Percentage Mod: HP is shown in percentages\n|rule|Sleep Clause Mod: Limit one foe put to sleep\n|\n|t:|1661348483\n|start\n|switch|p1a: Wailord|Wailord, L90, F|452\/452\n|switch|p2a: Lugia|Lugia, L74|279\/279\n|turn|1\n|\n|t:|1661348540\n|switch|p2a: Toxicroak|Toxicroak, L84, M|277\/277\n|switch|p1a: Metagross|Metagross, L79|256\/256\n|\n|upkeep\n|turn|2\n|inactive|Battle timer is ON: inactive players will automatically lose when time's up. (requested by Rediyu)\n|\n|t:|1661348574\n|switch|p2a: Crawdaunt|Crawdaunt, L84, F|243\/243\n|move|p1a: Metagross|Meteor Mash|p2a: Crawdaunt\n|-resisted|p2a: Crawdaunt\n|-damage|p2a: Crawdaunt|186\/243\n|\n|upkeep\n|turn|3\n|inactive|WOOLOO SQUAD has 120 seconds left.\n|j| nyian\n|\n|t:|1661348629\n|-start|p1a: Metagross|Dynamax|\n|-heal|p1a: Metagross|512\/512|[silent]\n|move|p1a: Metagross|Max Lightning|p2a: Crawdaunt\n|-supereffective|p2a: Crawdaunt\n|-damage|p2a: Crawdaunt|0 fnt\n|-fieldstart|move: Electric Terrain\n|faint|p2a: Crawdaunt\n|\n|upkeep\n|inactive|Rediyu has 120 seconds left.\n|inactive|Rediyu has 90 seconds left.\n|l| nyian\n|\n|t:|1661348705\n|switch|p2a: Metagross|Metagross, L79|256\/256\n|turn|4\n|inactive|WOOLOO SQUAD has 90 seconds left.\n|\n|t:|1661348743\n|-start|p2a: Metagross|Dynamax|\n|-heal|p2a: Metagross|512\/512|[silent]\n|move|p1a: Metagross|Max Quake|p2a: Metagross\n|-supereffective|p2a: Metagross\n|-damage|p2a: Metagross|350\/512\n|-boost|p1a: Metagross|spd|1\n|move|p2a: Metagross|Max Quake|p1a: Metagross\n|-supereffective|p1a: Metagross\n|-damage|p1a: Metagross|350\/512\n|-boost|p2a: Metagross|spd|1\n|-enditem|p1a: Metagross|Weakness Policy\n|-boost|p1a: Metagross|atk|2|[from] item: Weakness Policy\n|-boost|p1a: Metagross|spa|2|[from] item: Weakness Policy\n|\n|upkeep\n|turn|5\n|inactive|Rediyu has 90 seconds left.\n|\n|t:|1661348761\n|move|p2a: Metagross|Max Quake|p1a: Metagross\n|-supereffective|p1a: Metagross\n|-damage|p1a: Metagross|182\/512\n|-boost|p2a: Metagross|spd|1\n|move|p1a: Metagross|Max Quake|p2a: Metagross\n|-supereffective|p2a: Metagross\n|-damage|p2a: Metagross|14\/512\n|-boost|p1a: Metagross|spd|1\n|\n|upkeep\n|-end|p1a: Metagross|Dynamax\n|-heal|p1a: Metagross|91\/256|[silent]\n|turn|6\n|\n|t:|1661348772\n|move|p2a: Metagross|Max Quake|p1a: Metagross\n|-supereffective|p1a: Metagross\n|-crit|p1a: Metagross\n|-damage|p1a: Metagross|0 fnt\n|-boost|p2a: Metagross|spd|1\n|faint|p1a: Metagross\n|\n|upkeep\n|j| DirnedesOstens\n|inactive|WOOLOO SQUAD has 60 seconds left.\n|\n|t:|1661348796\n|switch|p1a: Darmanitan|Darmanitan, L80, M|299\/299\n|-end|p2a: Metagross|Dynamax\n|-heal|p2a: Metagross|7\/256|[silent]\n|turn|7\n|\n|t:|1661348801\n|move|p2a: Metagross|Bullet Punch|p1a: Darmanitan\n|-resisted|p1a: Darmanitan\n|-damage|p1a: Darmanitan|245\/299\n|move|p1a: Darmanitan|U-turn|p2a: Metagross\n|-damage|p2a: Metagross|0 fnt\n|faint|p2a: Metagross\n|-damage|p1a: Darmanitan|216\/299|[from] item: Life Orb\n|\n|t:|1661348810\n|switch|p1a: Wailord|Wailord, L90, F|452\/452\n|\n|-fieldend|move: Electric Terrain\n|upkeep\n|\n|t:|1661348827\n|switch|p2a: Toxicroak|Toxicroak, L84, M|277\/277\n|turn|8\n|\n|t:|1661348850\n|move|p2a: Toxicroak|Swords Dance|p2a: Toxicroak\n|-boost|p2a: Toxicroak|atk|2\n|move|p1a: Wailord|Ice Beam|p2a: Toxicroak\n|-damage|p2a: Toxicroak|147\/277\n|\n|upkeep\n|turn|9\n|\n|t:|1661348863\n|move|p2a: Toxicroak|Drain Punch|p1a: Wailord\n|-damage|p1a: Wailord|121\/452\n|-heal|p2a: Toxicroak|277\/277|[from] drain|[of] p1a: Wailord\n|-damage|p2a: Toxicroak|250\/277|[from] item: Life Orb\n|move|p1a: Wailord|Ice Beam|p2a: Toxicroak\n|-damage|p2a: Toxicroak|110\/277\n|\n|upkeep\n|turn|10\n|\n|t:|1661348871\n|move|p2a: Toxicroak|Drain Punch|p1a: Wailord\n|-damage|p1a: Wailord|0 fnt\n|-heal|p2a: Toxicroak|171\/277|[from] drain|[of] p1a: Wailord\n|faint|p1a: Wailord\n|-damage|p2a: Toxicroak|144\/277|[from] item: Life Orb\n|\n|upkeep\n|inactive|WOOLOO SQUAD has 60 seconds left.\n|inactive|WOOLOO SQUAD has 30 seconds left.\n|\n|t:|1661348921\n|switch|p1a: Darmanitan|Darmanitan, L80, M|216\/299\n|turn|11\n|\n|t:|1661348926\n|move|p2a: Toxicroak|Sucker Punch|p1a: Darmanitan\n|-damage|p1a: Darmanitan|4\/299\n|-damage|p2a: Toxicroak|117\/277|[from] item: Life Orb\n|move|p1a: Darmanitan|Flare Blitz|p2a: Toxicroak\n|-damage|p2a: Toxicroak|0 fnt\n|faint|p2a: Toxicroak\n|-damage|p1a: Darmanitan|0 fnt|[from] Recoil\n|faint|p1a: Darmanitan\n|\n|upkeep\n|\n|t:|1661348937\n|switch|p1a: Audino|Audino, L91, F|335\/335\n|switch|p2a: Silvally|Silvally-Fighting, L84|297\/297\n|turn|12\n|j| ScarletDryn\n|\n|t:|1661348948\n|switch|p1a: Rayquaza|Rayquaza, L74|277\/277\n|-ability|p1a: Rayquaza|Air Lock\n|move|p2a: Silvally|Swords Dance|p2a: Silvally\n|-boost|p2a: Silvally|atk|2\n|\n|upkeep\n|turn|13\n|l| DirnedesOstens\n|\n|t:|1661348956\n|move|p2a: Silvally|Iron Head|p1a: Rayquaza\n|-damage|p1a: Rayquaza|161\/277\n|cant|p1a: Rayquaza|flinch\n|\n|upkeep\n|turn|14\n|\n|t:|1661348962\n|move|p2a: Silvally|Iron Head|p1a: Rayquaza\n|-damage|p1a: Rayquaza|42\/277\n|move|p1a: Rayquaza|Dragon Ascent|p2a: Silvally\n|-supereffective|p2a: Silvally\n|-damage|p2a: Silvally|33\/297\n|-unboost|p1a: Rayquaza|def|1\n|-unboost|p1a: Rayquaza|spd|1\n|\n|upkeep\n|turn|15\n|\n|t:|1661348969\n|move|p2a: Silvally|Multi-Attack|p1a: Rayquaza\n|-resisted|p1a: Rayquaza\n|-damage|p1a: Rayquaza|0 fnt\n|faint|p1a: Rayquaza\n|\n|upkeep\n|\n|t:|1661348971\n|switch|p1a: Regidrago|Regidrago, L78|440\/440\n|turn|16\n|\n|t:|1661348974\n|move|p2a: Silvally|Multi-Attack|p1a: Regidrago\n|-damage|p1a: Regidrago|64\/440\n|move|p1a: Regidrago|Dragon Dance|p1a: Regidrago\n|-boost|p1a: Regidrago|atk|1\n|-boost|p1a: Regidrago|spe|1\n|\n|upkeep\n|turn|17\n|\n|t:|1661348985\n|switch|p2a: Inteleon|Inteleon, L80, F|243\/243\n|move|p1a: Regidrago|Outrage|p2a: Inteleon\n|-damage|p2a: Inteleon|0 fnt\n|faint|p2a: Inteleon\n|\n|upkeep\n|\n|t:|1661348987\n|switch|p2a: Lugia|Lugia, L74|279\/279\n|turn|18\n|\n|t:|1661348990\n|move|p1a: Regidrago|Outrage|p2a: Lugia|[from]lockedmove\n|-damage|p2a: Lugia|182\/279\n|-start|p1a: Regidrago|confusion|[fatigue]\n|-enditem|p1a: Regidrago|Lum Berry|[eat]\n|-end|p1a: Regidrago|confusion\n|move|p2a: Lugia|Air Slash|p1a: Regidrago|[miss]\n|-miss|p2a: Lugia|p1a: Regidrago\n|\n|upkeep\n|turn|19\n|\n|t:|1661349002\n|move|p1a: Regidrago|Outrage|p2a: Lugia\n|-damage|p2a: Lugia|0 fnt\n|faint|p2a: Lugia\n|\n|upkeep\n|\n|t:|1661349028\n|switch|p2a: Silvally|Silvally-Fighting, L84|33\/297\n|turn|20\n|\n|t:|1661349032\n|move|p1a: Regidrago|Outrage|p2a: Silvally|[from]lockedmove\n|-damage|p2a: Silvally|0 fnt\n|faint|p2a: Silvally\n|\n|win|WOOLOO SQUAD\n|raw|WOOLOO SQUAD's rating: 2254 &rarr; <strong>2281<\/strong><br \/>(+27 for winning)\n|raw|Rediyu's rating: 2376 &rarr; <strong>2349<\/strong><br \/>(-27 for losing)\n","inputlog":">version 73883db4a613adaed2a9388dee826c74ecc75249\n>start {\"formatid\":\"gen8randombattle\",\"seed\":[18041,64610,25461,60120],\"rated\":\"Rated battle\"}\n>player p1 {\"name\":\"WOOLOO SQUAD\",\"avatar\":\"hilbert\",\"rating\":2254,\"seed\":[9320,46731,34415,10599]}\n>player p2 {\"name\":\"Rediyu\",\"avatar\":\"guitarist\",\"rating\":2376,\"seed\":[37681,24738,33928,33140]}\n>p1 switch 3\n>p2 switch 2\n>p1 move meteormash\n>p2 switch 4\n>p1 move thunderpunch dynamax\n>p2 move dragondance\n>p2 switch 5\n>p1 move earthquake dynamax\n>p2 move earthquake dynamax\n>p1 move earthquake dynamax\n>p2 move earthquake dynamax\n>p1 move earthquake\n>p2 move earthquake dynamax\n>p1 switch 6\n>p1 move uturn\n>p2 move bulletpunch\n>p1 switch 3\n>p2 switch 4\n>p1 move icebeam\n>p2 move swordsdance\n>p1 move icebeam\n>p2 move drainpunch\n>p1 move icebeam\n>p2 move drainpunch\n>p1 switch 3\n>p1 move flareblitz\n>p2 move suckerpunch\n>p1 switch 5\n>p2 switch 6\n>p1 switch 4\n>p2 move swordsdance\n>p1 move dragonascent\n>p2 move ironhead\n>p1 move dragonascent\n>p2 move ironhead\n>p1 move dragonascent\n>p2 move multiattack\n>p1 switch 2\n>p1 move dragondance\n>p2 move multiattack\n>p1 move outrage\n>p2 switch 3\n>p2 switch 2\n>p1 move outrage\n>p2 move airslash\n>p1 move outrage\n>p2 move airslash\n>p2 switch 3\n>p1 move outrage\n>p2 move multiattack","uploadtime":1661349039,"views":8,"p1id":"wooloosquad","p2id":"rediyu","formatid":"gen8randombattle","rating":2281,"private":0,"password":null}