{"id":"gen8randombattle-1690466115","p1":"LoSconosciuto","p2":"trace","format":"gen8randombattle","log":"|j|\u2606LoSconosciuto\n|j|\u2606trace\n|t:|1666278561\n|gametype|singles\n|player|p1|LoSconosciuto|#teamgapdos|\n|player|p2|trace|#trace|\n|teamsize|p1|6\n|teamsize|p2|6\n|gen|8\n|tier|[Gen 8] Random Battle\n|rule|Species Clause: Limit one of each Pok\u00e9mon\n|rule|HP Percentage Mod: HP is shown in percentages\n|rule|Sleep Clause Mod: Limit one foe put to sleep\n|\n|t:|1666278561\n|start\n|switch|p1a: Scyther|Scyther, L81, M|245\/245\n|switch|p2a: Dragonite|Dragonite, L75, F|260\/260\n|turn|1\n|inactive|Battle timer is ON: inactive players will automatically lose when time's up. (requested by LoSconosciuto)\n|c|\u2606LoSconosciuto|hf\n|c|\u2606trace|hf\n|l|\u2606trace\n|inactive|trace disconnected and has 300 seconds to reconnect!\n|player|p2|\n|inactive|LoSconosciuto has 270 seconds left.\n|j|\u2606trace\n|inactive|trace reconnected.\n|player|p2|trace|#trace\n|\n|t:|1666278611\n|move|p1a: Scyther|Dual Wingbeat|p2a: Dragonite|[miss]\n|-miss|p1a: Scyther|p2a: Dragonite\n|move|p2a: Dragonite|Dragon Dance|p2a: Dragonite\n|-boost|p2a: Dragonite|atk|1\n|-boost|p2a: Dragonite|spe|1\n|\n|upkeep\n|turn|2\n|\n|t:|1666278618\n|switch|p1a: Rhydon|Rhydon, L87, M|324\/324\n|move|p2a: Dragonite|Dual Wingbeat|p1a: Rhydon\n|-resisted|p1a: Rhydon\n|-damage|p1a: Rhydon|305\/324\n|-resisted|p1a: Rhydon\n|-damage|p1a: Rhydon|287\/324\n|-hitcount|p1a: Rhydon|2\n|\n|upkeep\n|turn|3\n|\n|t:|1666278640\n|switch|p2a: Octillery|Octillery, L86, M|269\/269\n|move|p1a: Rhydon|Toxic|p2a: Octillery\n|-status|p2a: Octillery|tox\n|\n|-damage|p2a: Octillery|253\/269 tox|[from] psn\n|-ability|p2a: Octillery|Moody|boost\n|-boost|p2a: Octillery|atk|2\n|-unboost|p2a: Octillery|spd|1\n|upkeep\n|turn|4\n|\n|t:|1666278655\n|switch|p1a: Togekiss|Togekiss, L80, M|267\/267\n|move|p2a: Octillery|Hydro Pump|p1a: Togekiss\n|-damage|p1a: Togekiss|164\/267\n|\n|-heal|p2a: Octillery|269\/269 tox|[from] item: Leftovers\n|-damage|p2a: Octillery|237\/269 tox|[from] psn\n|-ability|p2a: Octillery|Moody|boost\n|-boost|p2a: Octillery|spa|2\n|-unboost|p2a: Octillery|def|1\n|upkeep\n|turn|5\n|\n|t:|1666278667\n|move|p1a: Togekiss|Air Slash|p2a: Octillery\n|-damage|p2a: Octillery|99\/269 tox\n|move|p2a: Octillery|Gunk Shot|p1a: Togekiss\n|-supereffective|p1a: Togekiss\n|-damage|p1a: Togekiss|0 fnt\n|faint|p1a: Togekiss\n|\n|-heal|p2a: Octillery|115\/269 tox|[from] item: Leftovers\n|-damage|p2a: Octillery|67\/269 tox|[from] psn\n|-ability|p2a: Octillery|Moody|boost\n|-boost|p2a: Octillery|spa|2\n|-unboost|p2a: Octillery|atk|1\n|upkeep\n|\n|t:|1666278676\n|switch|p1a: Scyther|Scyther, L81, M|245\/245\n|turn|6\n|\n|t:|1666278681\n|move|p2a: Octillery|Protect|p2a: Octillery\n|-singleturn|p2a: Octillery|Protect\n|move|p1a: Scyther|Knock Off|p2a: Octillery\n|-activate|p2a: Octillery|move: Protect\n|\n|-heal|p2a: Octillery|83\/269 tox|[from] item: Leftovers\n|-damage|p2a: Octillery|19\/269 tox|[from] psn\n|-ability|p2a: Octillery|Moody|boost\n|-boost|p2a: Octillery|def|2\n|-unboost|p2a: Octillery|atk|1\n|upkeep\n|turn|7\n|\n|t:|1666278690\n|move|p1a: Scyther|Knock Off|p2a: Octillery\n|-damage|p2a: Octillery|0 fnt\n|-enditem|p2a: Octillery|Leftovers|[from] move: Knock Off|[of] p1a: Scyther\n|faint|p2a: Octillery\n|\n|upkeep\n|\n|t:|1666278695\n|switch|p2a: Scyther|Scyther, L81, M|245\/245\n|turn|8\n|\n|t:|1666278704\n|move|p2a: Scyther|U-turn|p1a: Scyther\n|-resisted|p1a: Scyther\n|-damage|p1a: Scyther|206\/245\n|\n|t:|1666278710\n|switch|p2a: Mr. Rime|Mr. Rime, L86, F|278\/278\n|move|p1a: Scyther|Dual Wingbeat|p2a: Mr. Rime|[miss]\n|-miss|p1a: Scyther|p2a: Mr. Rime\n|\n|upkeep\n|turn|9\n|c|\u2606trace|damn\n|c|\u2606trace|mb\n|c|\u2606LoSconosciuto|all good\n|inactive|LoSconosciuto has 270 seconds left.\n|\n|t:|1666278749\n|move|p1a: Scyther|Knock Off|p2a: Mr. Rime\n|-supereffective|p2a: Mr. Rime\n|-damage|p2a: Mr. Rime|108\/278\n|-enditem|p2a: Mr. Rime|Heavy-Duty Boots|[from] move: Knock Off|[of] p1a: Scyther\n|move|p2a: Mr. Rime|Freeze-Dry|p1a: Scyther\n|-supereffective|p1a: Scyther\n|-damage|p1a: Scyther|84\/245\n|\n|upkeep\n|turn|10\n|inactive|LoSconosciuto has 270 seconds left.\n|\n|t:|1666278760\n|move|p1a: Scyther|Dual Wingbeat|p2a: Mr. Rime\n|-crit|p2a: Mr. Rime\n|-damage|p2a: Mr. Rime|0 fnt\n|faint|p2a: Mr. Rime\n|-hitcount|p2: Mr. Rime|1\n|\n|upkeep\n|\n|t:|1666278773\n|switch|p2a: Latias|Latias, L80, F|259\/259\n|turn|11\n|inactive|LoSconosciuto has 270 seconds left.\n|\n|t:|1666278795\n|-start|p1a: Scyther|Dynamax|\n|-heal|p1a: Scyther|168\/490|[silent]\n|move|p2a: Latias|Psychic|p1a: Scyther\n|-damage|p1a: Scyther|95\/490\n|move|p1a: Scyther|Max Airstream|p2a: Latias\n|-damage|p2a: Latias|120\/259\n|-boost|p1a: Scyther|spe|1\n|\n|-heal|p2a: Latias|136\/259|[from] item: Leftovers\n|upkeep\n|turn|12\n|\n|t:|1666278812\n|switch|p2a: Jellicent|Jellicent, L84, M|305\/305\n|move|p1a: Scyther|Max Airstream|p2a: Jellicent\n|-damage|p2a: Jellicent|149\/305\n|-boost|p1a: Scyther|spe|1\n|\n|-heal|p2a: Jellicent|168\/305|[from] item: Leftovers\n|upkeep\n|turn|13\n|\n|t:|1666278821\n|move|p1a: Scyther|Max Darkness|p2a: Jellicent\n|-supereffective|p2a: Jellicent\n|-damage|p2a: Jellicent|0 fnt\n|faint|p2a: Jellicent\n|\n|upkeep\n|\n|t:|1666278824\n|switch|p2a: Dragonite|Dragonite, L75, F|260\/260\n|-end|p1a: Scyther|Dynamax\n|-heal|p1a: Scyther|48\/245|[silent]\n|turn|14\n|inactive|LoSconosciuto has 270 seconds left.\n|\n|t:|1666278839\n|move|p1a: Scyther|Dual Wingbeat|p2a: Dragonite\n|-damage|p2a: Dragonite|224\/260\n|-crit|p2a: Dragonite\n|-damage|p2a: Dragonite|119\/260\n|-hitcount|p2a: Dragonite|2\n|move|p2a: Dragonite|Dual Wingbeat|p1a: Scyther\n|-supereffective|p1a: Scyther\n|-damage|p1a: Scyther|0 fnt\n|faint|p1a: Scyther\n|-hitcount|p1: Scyther|1\n|\n|upkeep\n|inactive|LoSconosciuto has 240 seconds left.\n|\n|t:|1666278877\n|switch|p1a: Mew|Mew, L80|291\/291\n|turn|15\n|\n|t:|1666278885\n|switch|p2a: Scyther|Scyther, L81, M|245\/245\n|move|p1a: Mew|Dragon Dance|p1a: Mew\n|-boost|p1a: Mew|atk|1\n|-boost|p1a: Mew|spe|1\n|\n|upkeep\n|turn|16\n|\n|t:|1666278891\n|move|p1a: Mew|Flare Blitz|p2a: Scyther\n|-supereffective|p2a: Scyther\n|-damage|p2a: Scyther|0 fnt\n|faint|p2a: Scyther\n|-damage|p1a: Mew|210\/291|[from] Recoil\n|\n|upkeep\n|\n|t:|1666278895\n|switch|p2a: Latias|Latias, L80, F|136\/259\n|turn|17\n|\n|t:|1666278901\n|-start|p2a: Latias|Dynamax|\n|-heal|p2a: Latias|272\/518|[silent]\n|move|p1a: Mew|Dragon Dance|p1a: Mew\n|-boost|p1a: Mew|atk|1\n|-boost|p1a: Mew|spe|1\n|move|p2a: Latias|Max Wyrmwind|p1a: Mew\n|-damage|p1a: Mew|65\/291\n|-unboost|p1a: Mew|atk|1\n|\n|-heal|p2a: Latias|288\/518|[from] item: Leftovers\n|upkeep\n|turn|18\n|\n|t:|1666278910\n|move|p1a: Mew|Psychic Fangs|p2a: Latias\n|-resisted|p2a: Latias\n|-damage|p2a: Latias|219\/518\n|move|p2a: Latias|Max Wyrmwind|p1a: Mew\n|-damage|p1a: Mew|0 fnt\n|faint|p1a: Mew\n|\n|-heal|p2a: Latias|235\/518|[from] item: Leftovers\n|upkeep\n|\n|t:|1666278932\n|switch|p1a: Excadrill|Excadrill, L78, M|300\/300\n|-ability|p1a: Excadrill|Mold Breaker\n|turn|19\n|\n|t:|1666278937\n|move|p2a: Latias|Max Wyrmwind|p1a: Excadrill\n|-resisted|p1a: Excadrill\n|-damage|p1a: Excadrill|191\/300\n|-unboost|p1a: Excadrill|atk|1\n|move|p1a: Excadrill|Swords Dance|p1a: Excadrill\n|-boost|p1a: Excadrill|atk|2\n|\n|-heal|p2a: Latias|251\/518|[from] item: Leftovers\n|-heal|p1a: Excadrill|209\/300|[from] item: Leftovers\n|upkeep\n|-end|p2a: Latias|Dynamax\n|-heal|p2a: Latias|126\/259|[silent]\n|turn|20\n|\n|t:|1666278942\n|move|p2a: Latias|Roost|p2a: Latias\n|-heal|p2a: Latias|256\/259\n|-singleturn|p2a: Latias|move: Roost\n|move|p1a: Excadrill|Earthquake|p2a: Latias\n|-damage|p2a: Latias|67\/259\n|\n|-heal|p2a: Latias|83\/259|[from] item: Leftovers\n|-heal|p1a: Excadrill|227\/300|[from] item: Leftovers\n|upkeep\n|turn|21\n|c|\u2606trace|gg\n|-message|trace forfeited.\n|\n|win|LoSconosciuto\n|c|\u2606LoSconosciuto|gg\n","inputlog":">version 9c5d654b898167f5ae9ca6e9cc2965040adf185e\n>start {\"formatid\":\"gen8randombattle\",\"seed\":[63846,23659,24275,10216]}\n>player p1 {\"name\":\"LoSconosciuto\",\"avatar\":\"#teamgapdos\",\"rating\":0,\"seed\":[4747,3456,59569,10364]}\n>player p2 {\"name\":\"trace\",\"avatar\":\"#trace\",\"rating\":0,\"seed\":[28375,26252,31562,9439]}\n>chat \u2606LoSconosciuto|hf\n>chat \u2606trace|hf\n>p1 move dualwingbeat\n>p2 move dragondance\n>p1 switch 4\n>p2 move dualwingbeat\n>p1 move toxic\n>p2 switch 3\n>p1 switch 6\n>p2 move hydropump\n>p1 move airslash\n>p2 move gunkshot\n>p1 switch 4\n>p1 move knockoff\n>p2 move protect\n>p1 move knockoff\n>p2 move hydropump\n>p2 switch 6\n>p1 move dualwingbeat\n>p2 move uturn\n>p2 switch 2\n>chat \u2606trace|damn\n>chat \u2606trace|mb\n>chat \u2606LoSconosciuto|all good\n>p1 move knockoff\n>p2 move freezedry\n>p1 move dualwingbeat\n>p2 move psychic\n>p2 switch 4\n>p1 move dualwingbeat dynamax\n>p2 move psychic\n>p1 move dualwingbeat dynamax\n>p2 switch 5\n>p1 move knockoff dynamax\n>p2 move recover\n>p2 switch 3\n>p1 move dualwingbeat\n>p2 move dualwingbeat\n>p1 switch 5\n>p1 move dragondance\n>p2 switch 2\n>p1 move flareblitz\n>p2 move uturn\n>p2 switch 5\n>p1 move dragondance\n>p2 move dracometeor dynamax\n>p1 move psychicfangs\n>p2 move dracometeor dynamax\n>p1 switch 3\n>p1 move swordsdance\n>p2 move dracometeor dynamax\n>p1 move earthquake\n>p2 move roost\n>chat \u2606trace|gg\n>forcelose p2","uploadtime":1666278953,"views":108,"p1id":"losconosciuto","p2id":"trace","formatid":"gen8randombattle","rating":0,"private":0,"password":null}