{"id":"gen8randombattle-1690059787","p1":"mowlawner-bot","p2":"AlphaTherai","format":"gen8randombattle","log":"|j|\u2606mowlawner-bot\n|j|\u2606AlphaTherai\n|t:|1666229771\n|gametype|singles\n|player|p1|mowlawner-bot|101|1484\n|player|p2|AlphaTherai|pokekid|1489\n|teamsize|p1|6\n|teamsize|p2|6\n|gen|8\n|tier|[Gen 8] Random Battle\n|rated|\n|rule|Species Clause: Limit one of each Pok\u00e9mon\n|rule|HP Percentage Mod: HP is shown in percentages\n|rule|Sleep Clause Mod: Limit one foe put to sleep\n|\n|t:|1666229771\n|start\n|switch|p1a: Toxtricity|Toxtricity, L82, F|257\/257\n|switch|p2a: Claydol|Claydol, L86|243\/243\n|turn|1\n|inactive|Battle timer is ON: inactive players will automatically lose when time's up. (requested by AlphaTherai)\n|\n|t:|1666229785\n|switch|p1a: Weavile|Weavile, L79, M|239\/239\n|move|p2a: Claydol|Earthquake|p1a: Weavile\n|-damage|p1a: Weavile|133\/239\n|\n|upkeep\n|turn|2\n|c|\u2606mowlawner-bot|Hello! I am a bot created to test my creator's coding ability. I may do some strange things during this battle. I cannot respond to your messages. Good luck and have fun!\n|inactive|mowlawner-bot also wants the timer to be on.\n|c|\u2606AlphaTherai|oke\n|\n|t:|1666229811\n|switch|p2a: Thievul|Thievul, L86, F|261\/261\n|move|p1a: Weavile|Triple Axel|p2a: Thievul\n|-damage|p2a: Thievul|218\/261\n|-damage|p2a: Thievul|125\/261\n|-damage|p2a: Thievul|0 fnt\n|faint|p2a: Thievul\n|-hitcount|p2: Thievul|3\n|\n|upkeep\n|inactive|AlphaTherai has 120 seconds left.\n|\n|t:|1666229824\n|switch|p2a: Ribombee|Ribombee, L82, M|233\/233\n|turn|3\n|\n|t:|1666229831\n|switch|p1a: Stunfisk|Stunfisk, L84, F|320\/320\n|move|p2a: Ribombee|U-turn|p1a: Stunfisk\n|-damage|p1a: Stunfisk|269\/320\n|\n|t:|1666229838\n|switch|p2a: Claydol|Claydol, L86|243\/243\n|\n|-heal|p1a: Stunfisk|289\/320|[from] item: Leftovers\n|upkeep\n|turn|4\n|\n|t:|1666229853\n|move|p2a: Claydol|Stealth Rock|p1a: Stunfisk\n|-sidestart|p1: mowlawner-bot|move: Stealth Rock\n|move|p1a: Stunfisk|Foul Play|p2a: Claydol\n|-supereffective|p2a: Claydol\n|-damage|p2a: Claydol|147\/243\n|\n|-heal|p2a: Claydol|162\/243|[from] item: Leftovers\n|-heal|p1a: Stunfisk|309\/320|[from] item: Leftovers\n|upkeep\n|turn|5\n|\n|t:|1666229870\n|switch|p1a: Regirock|Regirock, L85|275\/275\n|-damage|p1a: Regirock|241\/275|[from] Stealth Rock\n|move|p2a: Claydol|Earthquake|p1a: Regirock\n|-supereffective|p1a: Regirock\n|-damage|p1a: Regirock|145\/275\n|\n|-heal|p2a: Claydol|177\/243|[from] item: Leftovers\n|upkeep\n|turn|6\n|\n|t:|1666229878\n|move|p2a: Claydol|Toxic|p1a: Regirock\n|-status|p1a: Regirock|tox\n|move|p1a: Regirock|Explosion|p2a: Claydol\n|-damage|p2a: Claydol|0 fnt\n|faint|p1a: Regirock\n|faint|p2a: Claydol\n|\n|upkeep\n|\n|t:|1666229885\n|switch|p2a: Ribombee|Ribombee, L82, M|233\/233\n|switch|p1a: Toxtricity|Toxtricity, L82, F|257\/257\n|-damage|p1a: Toxtricity|225\/257|[from] Stealth Rock\n|turn|7\n|\n|t:|1666229894\n|move|p2a: Ribombee|U-turn|p1a: Toxtricity\n|-resisted|p1a: Toxtricity\n|-damage|p1a: Toxtricity|198\/257\n|\n|t:|1666229899\n|switch|p2a: Conkeldurr|Conkeldurr, L80, F|299\/299\n|move|p1a: Toxtricity|Shift Gear|p1a: Toxtricity\n|-boost|p1a: Toxtricity|spe|2\n|-boost|p1a: Toxtricity|atk|1\n|\n|-status|p2a: Conkeldurr|brn|[from] item: Flame Orb\n|upkeep\n|turn|8\n|\n|t:|1666229907\n|move|p1a: Toxtricity|Boomburst|p2a: Conkeldurr\n|-damage|p2a: Conkeldurr|134\/299 brn\n|-enditem|p1a: Toxtricity|Throat Spray\n|-boost|p1a: Toxtricity|spa|1|[from] item: Throat Spray\n|move|p2a: Conkeldurr|Facade|p1a: Toxtricity\n|-damage|p1a: Toxtricity|0 fnt\n|faint|p1a: Toxtricity\n|\n|-damage|p2a: Conkeldurr|116\/299 brn|[from] brn\n|upkeep\n|\n|t:|1666229907\n|switch|p1a: Talonflame|Talonflame, L81, F|259\/259\n|turn|9\n|\n|t:|1666229915\n|move|p1a: Talonflame|Brave Bird|p2a: Conkeldurr\n|-supereffective|p2a: Conkeldurr\n|-damage|p2a: Conkeldurr|0 fnt\n|faint|p2a: Conkeldurr\n|-damage|p1a: Talonflame|221\/259|[from] Recoil\n|\n|upkeep\n|\n|t:|1666229925\n|switch|p2a: Obstagoon|Obstagoon, L80, F|280\/280\n|turn|10\n|\n|t:|1666229931\n|switch|p1a: Rhydon|Rhydon, L87, M|324\/324\n|-damage|p1a: Rhydon|304\/324|[from] Stealth Rock\n|-start|p2a: Obstagoon|Dynamax|\n|-heal|p2a: Obstagoon|560\/560|[silent]\n|move|p2a: Obstagoon|Max Strike|p1a: Rhydon\n|-resisted|p1a: Rhydon\n|-damage|p1a: Rhydon|278\/324\n|-unboost|p1a: Rhydon|spe|1\n|\n|-status|p2a: Obstagoon|brn|[from] item: Flame Orb\n|upkeep\n|turn|11\n|\n|t:|1666229935\n|move|p2a: Obstagoon|Max Knuckle|p1a: Rhydon\n|-supereffective|p1a: Rhydon\n|-damage|p1a: Rhydon|188\/324\n|-boost|p2a: Obstagoon|atk|1\n|move|p1a: Rhydon|Earthquake|p2a: Obstagoon\n|-damage|p2a: Obstagoon|436\/560 brn\n|\n|-damage|p2a: Obstagoon|419\/560 brn|[from] brn\n|upkeep\n|turn|12\n|\n|t:|1666229942\n|move|p2a: Obstagoon|Max Knuckle|p1a: Rhydon\n|-supereffective|p1a: Rhydon\n|-damage|p1a: Rhydon|54\/324\n|-boost|p2a: Obstagoon|atk|1\n|move|p1a: Rhydon|Megahorn|p2a: Obstagoon\n|-supereffective|p2a: Obstagoon\n|-damage|p2a: Obstagoon|199\/560 brn\n|\n|-damage|p2a: Obstagoon|182\/560 brn|[from] brn\n|upkeep\n|-end|p2a: Obstagoon|Dynamax\n|-heal|p2a: Obstagoon|91\/280 brn|[silent]\n|turn|13\n|\n|t:|1666229949\n|move|p2a: Obstagoon|Knock Off|p1a: Rhydon\n|-crit|p1a: Rhydon\n|-damage|p1a: Rhydon|0 fnt\n|-enditem|p1a: Rhydon|Eviolite|[from] move: Knock Off|[of] p2a: Obstagoon\n|faint|p1a: Rhydon\n|\n|-damage|p2a: Obstagoon|74\/280 brn|[from] brn\n|upkeep\n|\n|t:|1666229949\n|switch|p1a: Talonflame|Talonflame, L81, F|221\/259\n|turn|14\n|\n|t:|1666229953\n|move|p1a: Talonflame|Flare Blitz|p2a: Obstagoon\n|-damage|p2a: Obstagoon|0 fnt\n|faint|p2a: Obstagoon\n|-damage|p1a: Talonflame|197\/259|[from] Recoil\n|\n|upkeep\n|\n|t:|1666229956\n|switch|p2a: Togekiss|Togekiss, L80, M|267\/267\n|turn|15\n|\n|t:|1666229964\n|switch|p1a: Stunfisk|Stunfisk, L84, F|309\/320\n|-damage|p1a: Stunfisk|289\/320|[from] Stealth Rock\n|move|p2a: Togekiss|Nasty Plot|p2a: Togekiss\n|-boost|p2a: Togekiss|spa|2\n|\n|-heal|p1a: Stunfisk|309\/320|[from] item: Leftovers\n|upkeep\n|turn|16\n|\n|t:|1666229969\n|move|p2a: Togekiss|Aura Sphere|p1a: Stunfisk\n|-damage|p1a: Stunfisk|198\/320\n|move|p1a: Stunfisk|Discharge|p2a: Togekiss\n|-supereffective|p2a: Togekiss\n|-damage|p2a: Togekiss|139\/267\n|-status|p2a: Togekiss|par\n|\n|-heal|p1a: Stunfisk|218\/320|[from] item: Leftovers\n|upkeep\n|turn|17\n|\n|t:|1666229975\n|move|p1a: Stunfisk|Discharge|p2a: Togekiss\n|-supereffective|p2a: Togekiss\n|-damage|p2a: Togekiss|19\/267 par\n|move|p2a: Togekiss|Roost|p2a: Togekiss\n|-heal|p2a: Togekiss|153\/267 par\n|-singleturn|p2a: Togekiss|move: Roost\n|\n|-heal|p1a: Stunfisk|238\/320|[from] item: Leftovers\n|upkeep\n|turn|18\n|\n|t:|1666229977\n|move|p1a: Stunfisk|Discharge|p2a: Togekiss\n|-supereffective|p2a: Togekiss\n|-damage|p2a: Togekiss|25\/267 par\n|cant|p2a: Togekiss|par\n|\n|-heal|p1a: Stunfisk|258\/320|[from] item: Leftovers\n|upkeep\n|turn|19\n|\n|t:|1666229981\n|move|p1a: Stunfisk|Discharge|p2a: Togekiss\n|-supereffective|p2a: Togekiss\n|-crit|p2a: Togekiss\n|-damage|p2a: Togekiss|0 fnt\n|faint|p2a: Togekiss\n|\n|-heal|p1a: Stunfisk|278\/320|[from] item: Leftovers\n|upkeep\n|\n|t:|1666229983\n|switch|p2a: Ribombee|Ribombee, L82, M|233\/233\n|turn|20\n|\n|t:|1666229984\n|switch|p1a: Talonflame|Talonflame, L81, F|197\/259\n|move|p2a: Ribombee|Sticky Web|p1a: Talonflame\n|-sidestart|p1: mowlawner-bot|move: Sticky Web\n|\n|upkeep\n|turn|21\n|\n|t:|1666229989\n|move|p2a: Ribombee|Moonblast|p1a: Talonflame\n|-resisted|p1a: Talonflame\n|-damage|p1a: Talonflame|143\/259\n|move|p1a: Talonflame|Flare Blitz|p2a: Ribombee\n|-supereffective|p2a: Ribombee\n|-damage|p2a: Ribombee|0 fnt\n|faint|p2a: Ribombee\n|-damage|p1a: Talonflame|66\/259|[from] Recoil\n|\n|win|mowlawner-bot\n|raw|mowlawner-bot's rating: 1484 &rarr; <strong>1504<\/strong><br \/>(+20 for winning)\n|raw|AlphaTherai's rating: 1489 &rarr; <strong>1469<\/strong><br \/>(-20 for losing)\n|c|\u2606mowlawner-bot|Thanks for playing against me!\n","inputlog":">version 9c5d654b898167f5ae9ca6e9cc2965040adf185e\n>start {\"formatid\":\"gen8randombattle\",\"seed\":[46492,21865,3047,26862],\"rated\":\"Rated battle\"}\n>player p1 {\"name\":\"mowlawner-bot\",\"avatar\":\"101\",\"rating\":1484,\"seed\":[60831,29378,24206,29897]}\n>player p2 {\"name\":\"AlphaTherai\",\"avatar\":\"pokekid\",\"rating\":1489,\"seed\":[24399,12883,19923,65503]}\n>p1 switch 4\n>p2 move earthquake\n>chat \u2606mowlawner-bot|Hello! I am a bot created to test my creator's coding ability. I may do some strange things during this battle. I cannot respond to your messages. Good luck and have fun!\n>chat \u2606AlphaTherai|oke\n>p1 move tripleaxel\n>p2 switch 2\n>p2 switch 5\n>p1 switch 2\n>p2 move uturn\n>p2 switch 2\n>p1 move foulplay\n>p2 move stealthrock\n>p1 switch 5\n>p2 move earthquake\n>p1 move explosion\n>p2 move toxic\n>p1 switch 4\n>p2 switch 2\n>p1 move shiftgear\n>p2 move uturn\n>p2 switch 4\n>p1 move boomburst\n>p2 move facade\n>p1 switch 3\n>p1 move bravebird\n>p2 move machpunch\n>p2 switch 6\n>p1 switch 6\n>p2 move facade dynamax\n>p1 move earthquake\n>p2 move closecombat dynamax\n>p1 move megahorn\n>p2 move closecombat dynamax\n>p1 move stoneedge\n>p2 move knockoff\n>p1 switch 6\n>p1 move flareblitz\n>p2 move facade\n>p2 switch 3\n>p1 switch 5\n>p2 move nastyplot\n>p1 move discharge\n>p2 move aurasphere\n>p1 move discharge\n>p2 move roost\n>p1 move discharge\n>p2 move roost\n>p1 move discharge\n>p2 move roost\n>p2 switch 4\n>p1 switch 5\n>p2 move stickyweb\n>p1 move flareblitz\n>p2 move moonblast","uploadtime":1666229990,"views":4,"p1id":"mowlawnerbot","p2id":"alphatherai","formatid":"gen8randombattle","rating":1469,"private":0,"password":null}