{"id":"gen8randombattle-1706974258","p1":"Cxco11","p2":"GiratinaLord555","format":"gen8randombattle","log":"|j|\u2606Cxco11\n|j|\u2606GiratinaLord555\n|t:|1668037916\n|gametype|singles\n|player|p1|Cxco11|265|1061\n|player|p2|GiratinaLord555|unknownf|1066\n|teamsize|p1|6\n|teamsize|p2|6\n|gen|8\n|tier|[Gen 8] Random Battle\n|rated|\n|rule|Species Clause: Limit one of each Pok\u00e9mon\n|rule|HP Percentage Mod: HP is shown in percentages\n|rule|Sleep Clause Mod: Limit one foe put to sleep\n|\n|t:|1668037916\n|start\n|switch|p1a: Azumarill|Azumarill, L84, F|305\/305\n|switch|p2a: Regigigas|Regigigas, L82|315\/315\n|-start|p2a: Regigigas|ability: Slow Start\n|turn|1\n|inactive|Battle timer is ON: inactive players will automatically lose when time's up. (requested by GiratinaLord555)\n|\n|t:|1668037927\n|move|p1a: Azumarill|Superpower|p2a: Regigigas\n|-supereffective|p2a: Regigigas\n|-damage|p2a: Regigigas|33\/315\n|-unboost|p1a: Azumarill|atk|1\n|-unboost|p1a: Azumarill|def|1\n|move|p2a: Regigigas|Substitute|p2a: Regigigas\n|-fail|p2a: Regigigas|move: Substitute|[weak]\n|\n|-heal|p2a: Regigigas|52\/315|[from] item: Leftovers\n|upkeep\n|turn|2\n|\n|t:|1668037932\n|move|p2a: Regigigas|Protect|p2a: Regigigas\n|-singleturn|p2a: Regigigas|Protect\n|move|p1a: Azumarill|Superpower|p2a: Regigigas\n|-activate|p2a: Regigigas|move: Protect\n|\n|-heal|p2a: Regigigas|71\/315|[from] item: Leftovers\n|upkeep\n|turn|3\n|\n|t:|1668037938\n|move|p1a: Azumarill|Superpower|p2a: Regigigas\n|-supereffective|p2a: Regigigas\n|-damage|p2a: Regigigas|0 fnt\n|-unboost|p1a: Azumarill|atk|1\n|-unboost|p1a: Azumarill|def|1\n|faint|p2a: Regigigas\n|-end|p2a: Regigigas|Slow Start|[silent]\n|\n|upkeep\n|\n|t:|1668037944\n|switch|p2a: Latias|Latias, L80, F|259\/259\n|turn|4\n|\n|t:|1668037950\n|move|p2a: Latias|Calm Mind|p2a: Latias\n|-boost|p2a: Latias|spa|1\n|-boost|p2a: Latias|spd|1\n|move|p1a: Azumarill|Superpower|p2a: Latias\n|-resisted|p2a: Latias\n|-damage|p2a: Latias|219\/259\n|-unboost|p1a: Azumarill|atk|1\n|-unboost|p1a: Azumarill|def|1\n|\n|-heal|p2a: Latias|235\/259|[from] item: Leftovers\n|upkeep\n|turn|5\n|\n|t:|1668037957\n|move|p2a: Latias|Calm Mind|p2a: Latias\n|-boost|p2a: Latias|spa|1\n|-boost|p2a: Latias|spd|1\n|move|p1a: Azumarill|Superpower|p2a: Latias\n|-resisted|p2a: Latias\n|-damage|p2a: Latias|206\/259\n|-unboost|p1a: Azumarill|atk|1\n|-unboost|p1a: Azumarill|def|1\n|\n|-heal|p2a: Latias|222\/259|[from] item: Leftovers\n|upkeep\n|turn|6\n|\n|t:|1668037966\n|move|p2a: Latias|Calm Mind|p2a: Latias\n|-boost|p2a: Latias|spa|1\n|-boost|p2a: Latias|spd|1\n|move|p1a: Azumarill|Superpower|p2a: Latias\n|-resisted|p2a: Latias\n|-damage|p2a: Latias|195\/259\n|-unboost|p1a: Azumarill|atk|1\n|-unboost|p1a: Azumarill|def|1\n|\n|-heal|p2a: Latias|211\/259|[from] item: Leftovers\n|upkeep\n|turn|7\n|\n|t:|1668037978\n|move|p2a: Latias|Calm Mind|p2a: Latias\n|-boost|p2a: Latias|spa|1\n|-boost|p2a: Latias|spd|1\n|move|p1a: Azumarill|Superpower|p2a: Latias\n|-resisted|p2a: Latias\n|-damage|p2a: Latias|189\/259\n|-unboost|p1a: Azumarill|atk|1\n|-unboost|p1a: Azumarill|def|1\n|\n|-heal|p2a: Latias|205\/259|[from] item: Leftovers\n|upkeep\n|turn|8\n|\n|t:|1668037986\n|move|p2a: Latias|Calm Mind|p2a: Latias\n|-boost|p2a: Latias|spa|1\n|-boost|p2a: Latias|spd|1\n|move|p1a: Azumarill|Superpower|p2a: Latias\n|-resisted|p2a: Latias\n|-damage|p2a: Latias|186\/259\n|\n|-heal|p2a: Latias|202\/259|[from] item: Leftovers\n|upkeep\n|turn|9\n|\n|t:|1668037991\n|move|p2a: Latias|Psychic|p1a: Azumarill\n|-damage|p1a: Azumarill|0 fnt\n|faint|p1a: Azumarill\n|\n|-heal|p2a: Latias|218\/259|[from] item: Leftovers\n|upkeep\n|\n|t:|1668037995\n|switch|p1a: Zapdos|Zapdos-Galar, L76|262\/262\n|turn|10\n|\n|t:|1668037999\n|move|p2a: Latias|Psychic|p1a: Zapdos\n|-supereffective|p1a: Zapdos\n|-damage|p1a: Zapdos|0 fnt\n|faint|p1a: Zapdos\n|\n|-heal|p2a: Latias|234\/259|[from] item: Leftovers\n|upkeep\n|\n|t:|1668038005\n|switch|p1a: Raikou|Raikou, L80|275\/275\n|-ability|p1a: Raikou|Pressure\n|turn|11\n|\n|t:|1668038016\n|-start|p2a: Latias|Dynamax|\n|-heal|p2a: Latias|468\/518|[silent]\n|move|p1a: Raikou|Aura Sphere|p2a: Latias\n|-resisted|p2a: Latias\n|-damage|p2a: Latias|459\/518\n|-damage|p1a: Raikou|248\/275|[from] item: Life Orb\n|move|p2a: Latias|Max Mindstorm|p1a: Raikou\n|-damage|p1a: Raikou|0 fnt\n|-fieldstart|move: Psychic Terrain\n|faint|p1a: Raikou\n|\n|-heal|p2a: Latias|475\/518|[from] item: Leftovers\n|upkeep\n|\n|t:|1668038025\n|switch|p1a: Skuntank|Skuntank, L85, M|314\/314\n|turn|12\n|\n|t:|1668038032\n|move|p2a: Latias|Max Wyrmwind|p1a: Skuntank\n|-damage|p1a: Skuntank|0 fnt\n|faint|p1a: Skuntank\n|\n|-heal|p2a: Latias|491\/518|[from] item: Leftovers\n|upkeep\n|\n|t:|1668038041\n|switch|p1a: Kartana|Kartana, L74|209\/209\n|turn|13\n|\n|t:|1668038047\n|move|p2a: Latias|Max Mindstorm|p1a: Kartana\n|-resisted|p1a: Kartana\n|-damage|p1a: Kartana|0 fnt\n|faint|p1a: Kartana\n|\n|-heal|p2a: Latias|507\/518|[from] item: Leftovers\n|upkeep\n|\n|t:|1668038052\n|switch|p1a: Indeedee|Indeedee, L83, M|235\/235\n|-end|p2a: Latias|Dynamax\n|-heal|p2a: Latias|254\/259|[silent]\n|turn|14\n|\n|t:|1668038060\n|-start|p1a: Indeedee|Dynamax|\n|-heal|p1a: Indeedee|470\/470|[silent]\n|move|p2a: Latias|Draco Meteor|p1a: Indeedee\n|-crit|p1a: Indeedee\n|-damage|p1a: Indeedee|0 fnt\n|-unboost|p2a: Latias|spa|2\n|faint|p1a: Indeedee\n|\n|win|GiratinaLord555\n|raw|Cxco11's rating: 1061 &rarr; <strong>1042<\/strong><br \/>(-19 for losing)\n|raw|GiratinaLord555's rating: 1066 &rarr; <strong>1096<\/strong><br \/>(+30 for winning)\n","inputlog":">version 453a3ad56483cc6a5c08448f6577d394b68621b7\n>start {\"formatid\":\"gen8randombattle\",\"seed\":[10153,14478,65479,29407],\"rated\":\"Rated battle\"}\n>player p1 {\"name\":\"Cxco11\",\"avatar\":\"265\",\"rating\":1061,\"seed\":[36078,60424,59389,9082]}\n>player p2 {\"name\":\"GiratinaLord555\",\"avatar\":\"unknownf\",\"rating\":1066,\"seed\":[42992,803,8687,33286]}\n>p1 move superpower\n>p2 move substitute\n>p1 move superpower\n>p2 move protect\n>p1 move superpower\n>p2 move toxic\n>p2 switch 2\n>p1 move superpower\n>p2 move calmmind\n>p1 move superpower\n>p2 move calmmind\n>p1 move superpower\n>p2 move calmmind\n>p1 move superpower\n>p2 move calmmind\n>p1 move superpower\n>p2 move calmmind\n>p1 move struggle\n>p2 move psychic\n>p1 switch 4\n>p1 move closecombat\n>p2 move psychic\n>p1 switch 6\n>p1 move aurasphere\n>p2 move psychic dynamax\n>p1 switch 2\n>p1 move poisonjab\n>p2 move dracometeor dynamax\n>p1 switch 3\n>p1 move leafblade\n>p2 move psychic dynamax\n>p1 switch 5\n>p1 move expandingforce dynamax\n>p2 move dracometeor","uploadtime":1668038064,"views":5,"p1id":"cxco11","p2id":"giratinalord555","formatid":"gen8randombattle","rating":1042,"private":0,"password":null}