{"id":"gen8randombattle-1706965663","p1":"jorgin321","p2":"BlueDesireMaster","format":"gen8randombattle","log":"|j|\u2606jorgin321\n|j|\u2606BlueDesireMaster\n|t:|1668037063\n|gametype|singles\n|player|p1|jorgin321|hiker-gen4|1298\n|player|p2|BlueDesireMaster|waitress-gen4|1322\n|teamsize|p1|6\n|teamsize|p2|6\n|gen|8\n|tier|[Gen 8] Random Battle\n|rated|\n|rule|Species Clause: Limit one of each Pok\u00e9mon\n|rule|HP Percentage Mod: HP is shown in percentages\n|rule|Sleep Clause Mod: Limit one foe put to sleep\n|\n|t:|1668037063\n|start\n|switch|p1a: Gourgeist|Gourgeist, L84, M|246\/246\n|switch|p2a: Carbink|Carbink, L86|226\/226\n|-item|p2a: Carbink|Light Clay|[from] ability: Frisk|[of] p1a: Gourgeist|[identify]\n|turn|1\n|inactive|Battle timer is ON: inactive players will automatically lose when time's up. (requested by BlueDesireMaster)\n|\n|t:|1668037069\n|move|p1a: Gourgeist|Power Whip|p2a: Carbink\n|-supereffective|p2a: Carbink\n|-damage|p2a: Carbink|36\/226\n|-damage|p1a: Gourgeist|222\/246|[from] item: Life Orb\n|move|p2a: Carbink|Stealth Rock|p1a: Gourgeist\n|-sidestart|p1: jorgin321|move: Stealth Rock\n|\n|upkeep\n|turn|2\n|\n|t:|1668037076\n|move|p1a: Gourgeist|Shadow Sneak|p2a: Carbink\n|-damage|p2a: Carbink|0 fnt\n|faint|p2a: Carbink\n|-damage|p1a: Gourgeist|198\/246|[from] item: Life Orb\n|\n|upkeep\n|\n|t:|1668037084\n|switch|p2a: Spiritomb|Spiritomb, L88, M|231\/231\n|turn|3\n|\n|t:|1668037096\n|move|p1a: Gourgeist|Will-O-Wisp|p2a: Spiritomb\n|-status|p2a: Spiritomb|brn\n|move|p2a: Spiritomb|Poltergeist|p1a: Gourgeist\n|-activate|p1a: Gourgeist|move: Poltergeist|Life Orb\n|-supereffective|p1a: Gourgeist\n|-damage|p1a: Gourgeist|66\/246\n|\n|-damage|p2a: Spiritomb|217\/231 brn|[from] brn\n|upkeep\n|turn|4\n|\n|t:|1668037112\n|move|p1a: Gourgeist|Poltergeist|p2a: Spiritomb\n|-activate|p2a: Spiritomb|move: Poltergeist|Choice Band\n|-crit|p2a: Spiritomb\n|-damage|p2a: Spiritomb|40\/231 brn\n|-damage|p1a: Gourgeist|42\/246|[from] item: Life Orb\n|move|p2a: Spiritomb|Poltergeist|p1a: Gourgeist\n|-activate|p1a: Gourgeist|move: Poltergeist|Life Orb\n|-supereffective|p1a: Gourgeist\n|-crit|p1a: Gourgeist\n|-damage|p1a: Gourgeist|0 fnt\n|faint|p1a: Gourgeist\n|\n|-damage|p2a: Spiritomb|26\/231 brn|[from] brn\n|upkeep\n|\n|t:|1668037122\n|switch|p1a: Slurpuff|Slurpuff, L80, M|262\/262\n|-damage|p1a: Slurpuff|230\/262|[from] Stealth Rock\n|turn|5\n|\n|t:|1668037130\n|move|p1a: Slurpuff|Belly Drum|p1a: Slurpuff\n|-damage|p1a: Slurpuff|99\/262\n|-setboost|p1a: Slurpuff|atk|6|[from] move: Belly Drum\n|-enditem|p1a: Slurpuff|Sitrus Berry|[eat]\n|-heal|p1a: Slurpuff|164\/262|[from] item: Sitrus Berry\n|move|p2a: Spiritomb|Poltergeist||[still]\n|-fail|p2a: Spiritomb\n|\n|-damage|p2a: Spiritomb|12\/231 brn|[from] brn\n|upkeep\n|turn|6\n|\n|t:|1668037145\n|move|p1a: Slurpuff|Play Rough|p2a: Spiritomb\n|-supereffective|p2a: Spiritomb\n|-damage|p2a: Spiritomb|0 fnt\n|faint|p2a: Spiritomb\n|\n|upkeep\n|\n|t:|1668037157\n|switch|p2a: Nidoking|Nidoking, L82, M|267\/267\n|turn|7\n|\n|t:|1668037167\n|move|p1a: Slurpuff|Facade|p2a: Nidoking\n|-damage|p2a: Nidoking|92\/267\n|move|p2a: Nidoking|Sludge Wave|p1a: Slurpuff\n|-supereffective|p1a: Slurpuff\n|-damage|p1a: Slurpuff|0 fnt\n|faint|p1a: Slurpuff\n|\n|upkeep\n|\n|t:|1668037174\n|switch|p1a: Swampert|Swampert, L80, M|291\/291\n|-damage|p1a: Swampert|273\/291|[from] Stealth Rock\n|turn|8\n|\n|t:|1668037180\n|move|p2a: Nidoking|Earth Power|p1a: Swampert\n|-damage|p1a: Swampert|125\/291\n|move|p1a: Swampert|Scald|p2a: Nidoking\n|-supereffective|p2a: Nidoking\n|-damage|p2a: Nidoking|0 fnt\n|faint|p2a: Nidoking\n|\n|-heal|p1a: Swampert|143\/291|[from] item: Leftovers\n|upkeep\n|\n|t:|1668037186\n|switch|p2a: Kingler|Kingler, L84, M|230\/230\n|turn|9\n|inactive|jorgin321 has 120 seconds left.\n|\n|t:|1668037223\n|move|p2a: Kingler|Swords Dance|p2a: Kingler\n|-boost|p2a: Kingler|atk|2\n|move|p1a: Swampert|Scald|p2a: Kingler\n|-resisted|p2a: Kingler\n|-damage|p2a: Kingler|178\/230\n|\n|-heal|p1a: Swampert|161\/291|[from] item: Leftovers\n|upkeep\n|turn|10\n|inactive|jorgin321 has 120 seconds left.\n|\n|t:|1668037233\n|move|p2a: Kingler|Liquidation|p1a: Swampert\n|-damage|p1a: Swampert|0 fnt\n|faint|p1a: Swampert\n|\n|upkeep\n|inactive|jorgin321 has 120 seconds left.\n|\n|t:|1668037243\n|switch|p1a: Lucario|Lucario, L82, F|249\/249\n|-damage|p1a: Lucario|242\/249|[from] Stealth Rock\n|turn|11\n|\n|t:|1668037249\n|move|p1a: Lucario|Close Combat|p2a: Kingler\n|-damage|p2a: Kingler|40\/230\n|-unboost|p1a: Lucario|def|1\n|-unboost|p1a: Lucario|spd|1\n|-damage|p1a: Lucario|218\/249|[from] item: Life Orb\n|move|p2a: Kingler|Liquidation|p1a: Lucario\n|-damage|p1a: Lucario|0 fnt\n|faint|p1a: Lucario\n|\n|upkeep\n|\n|t:|1668037252\n|switch|p1a: Cinderace|Cinderace, L74, F|239\/239\n|-damage|p1a: Cinderace|180\/239|[from] Stealth Rock\n|turn|12\n|\n|t:|1668037260\n|move|p1a: Cinderace|High Jump Kick|p2a: Kingler\n|-start|p1a: Cinderace|typechange|Fighting|[from] ability: Libero\n|-damage|p2a: Kingler|0 fnt\n|faint|p2a: Kingler\n|\n|upkeep\n|\n|t:|1668037264\n|switch|p2a: Hatterene|Hatterene, L86, F|238\/238\n|turn|13\n|\n|t:|1668037271\n|switch|p1a: Aerodactyl|Aerodactyl, L82, M|265\/265\n|-ability|p1a: Aerodactyl|Unnerve\n|move|p2a: Hatterene|Calm Mind|p2a: Hatterene\n|-boost|p2a: Hatterene|spa|1\n|-boost|p2a: Hatterene|spd|1\n|\n|upkeep\n|turn|14\n|\n|t:|1668037300\n|move|p1a: Aerodactyl|Stone Edge|p2a: Hatterene\n|-damage|p2a: Hatterene|136\/238\n|move|p2a: Hatterene|Psyshock|p1a: Aerodactyl\n|-damage|p1a: Aerodactyl|55\/265\n|\n|-heal|p2a: Hatterene|150\/238|[from] item: Leftovers\n|upkeep\n|turn|15\n|\n|t:|1668037307\n|move|p1a: Aerodactyl|Stone Edge|p2a: Hatterene\n|-damage|p2a: Hatterene|51\/238\n|move|p2a: Hatterene|Mystical Fire|p1a: Aerodactyl\n|-resisted|p1a: Aerodactyl\n|-damage|p1a: Aerodactyl|0 fnt\n|faint|p1a: Aerodactyl\n|\n|-heal|p2a: Hatterene|65\/238|[from] item: Leftovers\n|upkeep\n|inactive|jorgin321 has 120 seconds left.\n|inactive|jorgin321 has 90 seconds left.\n|\n|t:|1668037359\n|switch|p1a: Cinderace|Cinderace, L74, F|180\/239\n|-damage|p1a: Cinderace|121\/239|[from] Stealth Rock\n|turn|16\n|\n|t:|1668037364\n|move|p1a: Cinderace|Gunk Shot|p2a: Hatterene\n|-start|p1a: Cinderace|typechange|Poison|[from] ability: Libero\n|-supereffective|p2a: Hatterene\n|-damage|p2a: Hatterene|0 fnt\n|faint|p2a: Hatterene\n|\n|upkeep\n|\n|t:|1668037370\n|switch|p2a: Giratina|Giratina-Origin, L74|344\/344\n|turn|17\n|\n|t:|1668037382\n|-start|p2a: Giratina|Dynamax|\n|-heal|p2a: Giratina|688\/688|[silent]\n|move|p1a: Cinderace|Gunk Shot|p2a: Giratina\n|-resisted|p2a: Giratina\n|-damage|p2a: Giratina|605\/688\n|move|p2a: Giratina|Max Wyrmwind|p1a: Cinderace\n|-damage|p1a: Cinderace|0 fnt\n|faint|p1a: Cinderace\n|\n|win|BlueDesireMaster\n|raw|jorgin321's rating: 1298 &rarr; <strong>1275<\/strong><br \/>(-23 for losing)\n|raw|BlueDesireMaster's rating: 1322 &rarr; <strong>1341<\/strong><br \/>(+19 for winning)\n|l|\u2606jorgin321\n|c|\u2606BlueDesireMaster|gg\n||Ladder isn't responding, score probably updated but might not have (Request timeout).\n","inputlog":">version 453a3ad56483cc6a5c08448f6577d394b68621b7\n>start {\"formatid\":\"gen8randombattle\",\"seed\":[40126,27412,7182,13897],\"rated\":\"Rated battle\"}\n>player p1 {\"name\":\"jorgin321\",\"avatar\":\"hiker-gen4\",\"rating\":1298,\"seed\":[4661,32449,50829,63591]}\n>player p2 {\"name\":\"BlueDesireMaster\",\"avatar\":\"waitress-gen4\",\"rating\":1322,\"seed\":[58807,34437,1415,6928]}\n>p1 move powerwhip\n>p2 move stealthrock\n>p1 move shadowsneak\n>p2 move reflect\n>p2 switch 3\n>p1 move willowisp\n>p2 move poltergeist\n>p1 move poltergeist\n>p2 move poltergeist\n>p1 switch 6\n>p1 move bellydrum\n>p2 move poltergeist\n>p1 move playrough\n>p2 move poltergeist\n>p2 switch 4\n>p1 move facade\n>p2 move sludgewave\n>p1 switch 4\n>p1 move scald\n>p2 move earthpower\n>p2 switch 6\n>p1 move scald\n>p2 move swordsdance\n>p1 move scald\n>p2 move liquidation\n>p1 switch 2\n>p1 move closecombat\n>p2 move liquidation\n>p1 switch 5\n>p1 move highjumpkick\n>p2 move liquidation\n>p2 switch 2\n>p1 switch 3\n>p2 move calmmind\n>p1 move stoneedge\n>p2 move psyshock\n>p1 move stoneedge\n>p2 move mysticalfire\n>p1 switch 3\n>p1 move gunkshot\n>p2 move psyshock\n>p2 switch 5\n>p1 move gunkshot\n>p2 move outrage dynamax","uploadtime":1668037403,"views":4,"p1id":"jorgin321","p2id":"bluedesiremaster","formatid":"gen8randombattle","rating":1275,"private":0,"password":null}