{"id":"gen8unratedrandombattle-1693569254","p1":"Pandola","p2":"Spectre Ace","format":"gen8unratedrandombattle","log":"|j|\u2606Pandola\n|j|\u2606Spectre Ace\n|t:|1666620280\n|gametype|singles\n|player|p1|Pandola|cyrus|\n|player|p2|Spectre Ace|juggler|\n|teamsize|p1|6\n|teamsize|p2|6\n|gen|8\n|tier|[Gen 8] Unrated Random Battle\n|rule|Species Clause: Limit one of each Pok\u00e9mon\n|rule|HP Percentage Mod: HP is shown in percentages\n|rule|Sleep Clause Mod: Limit one foe put to sleep\n|\n|t:|1666620280\n|start\n|switch|p1a: Scyther|Scyther, L81, F|245\/245\n|switch|p2a: Pincurchin|Pincurchin, L88, F|228\/228\n|-fieldstart|move: Electric Terrain|[from] ability: Electric Surge|[of] p2a: Pincurchin\n|turn|1\n|\n|t:|1666620289\n|move|p1a: Scyther|U-turn|p2a: Pincurchin\n|-damage|p2a: Pincurchin|156\/228\n|\n|t:|1666620298\n|switch|p1a: Cradily|Cradily, L86, M|288\/288\n|move|p2a: Pincurchin|Spikes|p1a: Cradily\n|-sidestart|p1: Pandola|Spikes\n|\n|upkeep\n|turn|2\n|inactive|Battle timer is ON: inactive players will automatically lose when time's up. (requested by Pandola)\n|\n|t:|1666620342\n|switch|p2a: Skarmory|Skarmory, L80, F|235\/235\n|move|p1a: Cradily|Swords Dance|p1a: Cradily\n|-boost|p1a: Cradily|atk|2\n|\n|upkeep\n|turn|3\n|\n|t:|1666620347\n|move|p2a: Skarmory|Spikes|p1a: Cradily\n|-sidestart|p1: Pandola|Spikes\n|move|p1a: Cradily|Stone Edge|p2a: Skarmory\n|-damage|p2a: Skarmory|94\/235\n|\n|-heal|p2a: Skarmory|108\/235|[from] item: Leftovers\n|upkeep\n|turn|4\n|\n|t:|1666620357\n|move|p1a: Cradily|Stone Edge|p2a: Skarmory\n|-damage|p2a: Skarmory|0 fnt\n|faint|p2a: Skarmory\n|\n|upkeep\n|\n|t:|1666620370\n|switch|p2a: Galvantula|Galvantula, L82, F|249\/249\n|turn|5\n|\n|t:|1666620375\n|move|p2a: Galvantula|Sticky Web|p1a: Cradily\n|-sidestart|p1: Pandola|move: Sticky Web\n|move|p1a: Cradily|Stone Edge|p2a: Galvantula\n|-supereffective|p2a: Galvantula\n|-damage|p2a: Galvantula|0 fnt\n|faint|p2a: Galvantula\n|\n|-fieldend|move: Electric Terrain\n|upkeep\n|\n|t:|1666620377\n|switch|p2a: Metagross|Metagross, L79|256\/256\n|turn|6\n|\n|t:|1666620386\n|move|p2a: Metagross|Meteor Mash|p1a: Cradily\n|-supereffective|p1a: Cradily\n|-damage|p1a: Cradily|102\/288\n|move|p1a: Cradily|Stone Edge|p2a: Metagross\n|-resisted|p2a: Metagross\n|-damage|p2a: Metagross|186\/256\n|\n|-heal|p1a: Cradily|120\/288|[from] item: Leftovers\n|upkeep\n|turn|7\n|\n|t:|1666620391\n|move|p2a: Metagross|Meteor Mash|p1a: Cradily\n|-supereffective|p1a: Cradily\n|-damage|p1a: Cradily|0 fnt\n|faint|p1a: Cradily\n|\n|upkeep\n|\n|t:|1666620394\n|switch|p1a: Cinderace|Cinderace, L74, M|239\/239\n|-damage|p1a: Cinderace|200\/239|[from] Spikes\n|-activate|p1a: Cinderace|move: Sticky Web\n|-unboost|p1a: Cinderace|spe|1\n|turn|8\n|\n|t:|1666620409\n|move|p2a: Metagross|Earthquake|p1a: Cinderace\n|-supereffective|p1a: Cinderace\n|-damage|p1a: Cinderace|0 fnt\n|faint|p1a: Cinderace\n|\n|upkeep\n|\n|t:|1666620420\n|switch|p1a: Cobalion|Cobalion, L78|270\/270\n|-damage|p1a: Cobalion|225\/270|[from] Spikes\n|-activate|p1a: Cobalion|move: Sticky Web\n|-unboost|p1a: Cobalion|spe|1\n|turn|9\n|\n|t:|1666620427\n|-start|p1a: Cobalion|Dynamax|\n|-heal|p1a: Cobalion|450\/540|[silent]\n|move|p2a: Metagross|Agility|p2a: Metagross\n|-boost|p2a: Metagross|spe|2\n|move|p1a: Cobalion|Max Knuckle|p2a: Metagross\n|-damage|p2a: Metagross|117\/256\n|-boost|p1a: Cobalion|atk|1\n|\n|upkeep\n|turn|10\n|\n|t:|1666620435\n|-start|p2a: Metagross|Dynamax|\n|-heal|p2a: Metagross|234\/512|[silent]\n|move|p2a: Metagross|Max Quake|p1a: Cobalion\n|-supereffective|p1a: Cobalion\n|-damage|p1a: Cobalion|280\/540\n|-boost|p2a: Metagross|spd|1\n|move|p1a: Cobalion|Max Knuckle|p2a: Metagross\n|-damage|p2a: Metagross|144\/512\n|-boost|p1a: Cobalion|atk|1\n|\n|upkeep\n|turn|11\n|\n|t:|1666620439\n|move|p2a: Metagross|Max Quake|p1a: Cobalion\n|-supereffective|p1a: Cobalion\n|-damage|p1a: Cobalion|124\/540\n|-boost|p2a: Metagross|spd|1\n|move|p1a: Cobalion|Max Knuckle|p2a: Metagross\n|-damage|p2a: Metagross|8\/512\n|-boost|p1a: Cobalion|atk|1\n|\n|upkeep\n|-end|p1a: Cobalion|Dynamax\n|-heal|p1a: Cobalion|62\/270|[silent]\n|turn|12\n|inactive|Spectre Ace has 120 seconds left.\n|\n|t:|1666620473\n|move|p2a: Metagross|Max Lightning|p1a: Cobalion\n|-damage|p1a: Cobalion|0 fnt\n|-fieldstart|move: Electric Terrain\n|faint|p1a: Cobalion\n|\n|upkeep\n|inactive|Pandola has 120 seconds left.\n|\n|t:|1666620522\n|switch|p1a: Aegislash|Aegislash, L80, F|227\/227\n|-damage|p1a: Aegislash|190\/227|[from] Spikes\n|-activate|p1a: Aegislash|move: Sticky Web\n|-unboost|p1a: Aegislash|spe|1\n|-end|p2a: Metagross|Dynamax\n|-heal|p2a: Metagross|4\/256|[silent]\n|turn|13\n|\n|t:|1666620529\n|move|p1a: Aegislash|King's Shield|p1a: Aegislash\n|-singleturn|p1a: Aegislash|Protect\n|move|p2a: Metagross|Earthquake|p1a: Aegislash\n|-activate|p1a: Aegislash|move: Protect\n|\n|-heal|p1a: Aegislash|204\/227|[from] item: Leftovers\n|upkeep\n|turn|14\n|\n|t:|1666620539\n|move|p2a: Metagross|Earthquake|p1a: Aegislash\n|-supereffective|p1a: Aegislash\n|-damage|p1a: Aegislash|86\/227\n|-formechange|p1a: Aegislash|Aegislash-Blade||[from] ability: Stance Change\n|move|p1a: Aegislash|Shadow Ball|p2a: Metagross\n|-supereffective|p2a: Metagross\n|-damage|p2a: Metagross|0 fnt\n|faint|p2a: Metagross\n|\n|-heal|p1a: Aegislash|100\/227|[from] item: Leftovers\n|upkeep\n|\n|t:|1666620560\n|switch|p2a: Naganadel|Naganadel, L74|230\/230\n|turn|15\n|inactive|Pandola has 120 seconds left.\n|\n|t:|1666620571\n|move|p2a: Naganadel|Fire Blast|p1a: Aegislash\n|-supereffective|p1a: Aegislash\n|-damage|p1a: Aegislash|0 fnt\n|faint|p1a: Aegislash\n|-ability|p2a: Naganadel|Beast Boost|boost\n|-boost|p2a: Naganadel|spa|1\n|-damage|p2a: Naganadel|207\/230|[from] item: Life Orb\n|\n|upkeep\n|\n|t:|1666620573\n|switch|p1a: Hitmontop|Hitmontop, L85, M|224\/224\n|-damage|p1a: Hitmontop|187\/224|[from] Spikes\n|-activate|p1a: Hitmontop|move: Sticky Web\n|-unboost|p1a: Hitmontop|spe|1\n|-ability|p1a: Hitmontop|Intimidate|boost\n|-unboost|p2a: Naganadel|atk|1\n|turn|16\n|\n|t:|1666620586\n|move|p1a: Hitmontop|Sucker Punch|p2a: Naganadel\n|-damage|p2a: Naganadel|135\/230\n|move|p2a: Naganadel|Draco Meteor|p1a: Hitmontop\n|-damage|p1a: Hitmontop|31\/224\n|-unboost|p2a: Naganadel|spa|2\n|-damage|p2a: Naganadel|112\/230|[from] item: Life Orb\n|\n|-fieldend|move: Electric Terrain\n|upkeep\n|turn|17\n|inactive|Pandola has 120 seconds left.\n|\n|t:|1666620626\n|move|p1a: Hitmontop|Sucker Punch|p2a: Naganadel\n|-damage|p2a: Naganadel|46\/230\n|move|p2a: Naganadel|Sludge Wave|p1a: Hitmontop\n|-damage|p1a: Hitmontop|0 fnt\n|faint|p1a: Hitmontop\n|-ability|p2a: Naganadel|Beast Boost|boost\n|-boost|p2a: Naganadel|spa|1\n|-damage|p2a: Naganadel|23\/230|[from] item: Life Orb\n|\n|upkeep\n|\n|t:|1666620638\n|switch|p1a: Scyther|Scyther, L81, F|245\/245\n|turn|18\n|\n|t:|1666620642\n|move|p2a: Naganadel|Fire Blast|p1a: Scyther\n|-supereffective|p1a: Scyther\n|-damage|p1a: Scyther|110\/245\n|-damage|p2a: Naganadel|0 fnt|[from] item: Life Orb\n|faint|p2a: Naganadel\n|move|p1a: Scyther|Dual Wingbeat|p2: Naganadel|[notarget]\n|-fail|p1a: Scyther\n|\n|upkeep\n|\n|t:|1666620645\n|switch|p2a: Reshiram|Reshiram, L74|270\/270\n|-ability|p2a: Reshiram|Turboblaze\n|turn|19\n|inactive|Pandola has 120 seconds left.\n|\n|t:|1666620665\n|move|p1a: Scyther|Roost|p1a: Scyther\n|-heal|p1a: Scyther|233\/245\n|-singleturn|p1a: Scyther|move: Roost\n|move|p2a: Reshiram|Blue Flare|p1a: Scyther\n|-supereffective|p1a: Scyther\n|-damage|p1a: Scyther|21\/245\n|\n|upkeep\n|turn|20\n|\n|t:|1666620673\n|move|p1a: Scyther|Dual Wingbeat|p2a: Reshiram\n|-damage|p2a: Reshiram|206\/270\n|-damage|p2a: Reshiram|131\/270\n|-hitcount|p2a: Reshiram|2\n|move|p2a: Reshiram|Stone Edge|p1a: Scyther\n|-supereffective|p1a: Scyther\n|-damage|p1a: Scyther|0 fnt\n|faint|p1a: Scyther\n|\n|win|Spectre Ace\n|l|\u2606Pandola\n","inputlog":">version 9c5d654b898167f5ae9ca6e9cc2965040adf185e\n>start {\"formatid\":\"gen8unratedrandombattle\",\"seed\":[26371,37988,24744,34326]}\n>player p1 {\"name\":\"Pandola\",\"avatar\":\"cyrus\",\"rating\":0,\"seed\":[4773,49177,4248,3513]}\n>player p2 {\"name\":\"Spectre Ace\",\"avatar\":\"juggler\",\"rating\":0,\"seed\":[64509,35155,7873,18779]}\n>p1 move uturn\n>p2 move spikes\n>p1 switch 5\n>p1 move swordsdance\n>p2 switch 5\n>p1 move stoneedge\n>p2 move spikes\n>p1 move stoneedge\n>p2 move whirlwind\n>p2 switch 3\n>p1 move stoneedge\n>p2 move stickyweb\n>p2 switch 6\n>p1 move stoneedge\n>p2 move meteormash\n>p1 move recover\n>p2 move meteormash\n>p1 switch 3\n>p1 move pyroball\n>p2 move earthquake\n>p1 switch 6\n>p1 move closecombat dynamax\n>p2 move agility\n>p1 move closecombat dynamax\n>p2 move earthquake dynamax\n>p1 move closecombat dynamax\n>p2 move earthquake dynamax\n>p1 move closecombat\n>p2 move thunderpunch dynamax\n>p1 switch 2\n>p1 move kingsshield\n>p2 move earthquake\n>p1 move shadowball\n>p2 move earthquake\n>p2 switch 4\n>p1 move shadowball\n>p2 move fireblast\n>p1 switch 4\n>p1 move suckerpunch\n>p2 move dracometeor\n>p1 move suckerpunch\n>p2 move sludgewave\n>p1 switch 5\n>p1 move dualwingbeat\n>p2 move fireblast\n>p2 switch 2\n>p1 move roost\n>p2 move blueflare\n>p1 move dualwingbeat\n>p2 move stoneedge","uploadtime":1666620953,"views":4,"p1id":"pandola","p2id":"spectreace","formatid":"gen8unratedrandombattle","rating":0,"private":0,"password":null}