{"id":"gen8randombattle-1520472295","p1":"sillyboy6","p2":"therockcena","format":"gen8randombattle","log":"|j|\u203dsillyboy6\n|j|\u2606therockcena\n|t:|1646060033\n|gametype|singles\n|player|p1|sillyboy6|169|1397\n|player|p2|therockcena|1|1381\n|teamsize|p1|6\n|teamsize|p2|6\n|gen|8\n|tier|[Gen 8] Random Battle\n|rated|\n|rule|Species Clause: Limit one of each Pok\u00e9mon\n|rule|HP Percentage Mod: HP is shown in percentages\n|rule|Sleep Clause Mod: Limit one foe put to sleep\n|\n|t:|1646060033\n|start\n|switch|p1a: Tangrowth|Tangrowth, L84, M|305\/305\n|switch|p2a: Leafeon|Leafeon, L86, M|252\/252\n|turn|1\n|inactive|Battle timer is ON: inactive players will automatically lose when time's up. (requested by therockcena)\n|\n|t:|1646060050\n|switch|p1a: Ninetales|Ninetales-Alola, L79, M|245\/245\n|-weather|Hail|[from] ability: Snow Warning|[of] p1a: Ninetales\n|move|p2a: Leafeon|Swords Dance|p2a: Leafeon\n|-boost|p2a: Leafeon|atk|2\n|\n|-weather|Hail|[upkeep]\n|-damage|p2a: Leafeon|237\/252|[from] Hail\n|upkeep\n|turn|2\n|\n|t:|1646060061\n|move|p1a: Ninetales|Blizzard|p2a: Leafeon\n|-supereffective|p2a: Leafeon\n|-damage|p2a: Leafeon|19\/252\n|move|p2a: Leafeon|Knock Off|p1a: Ninetales\n|-resisted|p1a: Ninetales\n|-damage|p1a: Ninetales|132\/245\n|-enditem|p1a: Ninetales|Light Clay|[from] move: Knock Off|[of] p2a: Leafeon\n|-damage|p2a: Leafeon|0 fnt|[from] item: Life Orb\n|faint|p2a: Leafeon\n|\n|-weather|Hail|[upkeep]\n|upkeep\n|\n|t:|1646060071\n|switch|p2a: Milotic|Milotic, L82, M|290\/290\n|turn|3\n|\n|t:|1646060075\n|move|p1a: Ninetales|Freeze-Dry|p2a: Milotic\n|-supereffective|p2a: Milotic\n|-damage|p2a: Milotic|206\/290\n|move|p2a: Milotic|Toxic|p1a: Ninetales\n|-status|p1a: Ninetales|tox\n|\n|-weather|Hail|[upkeep]\n|-damage|p2a: Milotic|188\/290|[from] Hail\n|-heal|p2a: Milotic|206\/290|[from] item: Leftovers\n|-damage|p1a: Ninetales|117\/245 tox|[from] psn\n|upkeep\n|turn|4\n|\n|t:|1646060084\n|move|p1a: Ninetales|Aurora Veil|p1a: Ninetales\n|-sidestart|p1: sillyboy6|move: Aurora Veil\n|move|p2a: Milotic|Recover|p2a: Milotic\n|-heal|p2a: Milotic|290\/290\n|\n|-weather|Hail|[upkeep]\n|-damage|p2a: Milotic|272\/290|[from] Hail\n|-heal|p2a: Milotic|290\/290|[from] item: Leftovers\n|-damage|p1a: Ninetales|87\/245 tox|[from] psn\n|upkeep\n|turn|5\n|\n|t:|1646060090\n|move|p1a: Ninetales|Freeze-Dry|p2a: Milotic\n|-supereffective|p2a: Milotic\n|-damage|p2a: Milotic|204\/290\n|move|p2a: Milotic|Scald|p1a: Ninetales\n|-damage|p1a: Ninetales|48\/245 tox\n|\n|-weather|none\n|-heal|p2a: Milotic|222\/290|[from] item: Leftovers\n|-damage|p1a: Ninetales|3\/245 tox|[from] psn\n|upkeep\n|turn|6\n|\n|t:|1646060102\n|switch|p1a: Tangrowth|Tangrowth, L84, M|305\/305\n|move|p2a: Milotic|Recover|p2a: Milotic\n|-heal|p2a: Milotic|290\/290\n|\n|upkeep\n|turn|7\n|\n|t:|1646060117\n|move|p2a: Milotic|Toxic|p1a: Tangrowth\n|-status|p1a: Tangrowth|tox\n|move|p1a: Tangrowth|Sleep Powder|p2a: Milotic\n|-status|p2a: Milotic|slp|[from] move: Sleep Powder\n|\n|-damage|p1a: Tangrowth|286\/305 tox|[from] psn\n|upkeep\n|turn|8\n|\n|t:|1646060130\n|cant|p2a: Milotic|slp\n|move|p1a: Tangrowth|Leech Seed|p2a: Milotic\n|-start|p2a: Milotic|move: Leech Seed\n|\n|-damage|p2a: Milotic|254\/290 slp|[from] Leech Seed|[of] p1a: Tangrowth\n|-heal|p1a: Tangrowth|305\/305 tox|[silent]\n|-damage|p1a: Tangrowth|267\/305 tox|[from] psn\n|-sideend|p1: sillyboy6|move: Aurora Veil\n|upkeep\n|turn|9\n|\n|t:|1646060143\n|-curestatus|p2a: Milotic|slp|[msg]\n|move|p2a: Milotic|Scald|p1a: Tangrowth\n|-resisted|p1a: Tangrowth\n|-damage|p1a: Tangrowth|205\/305 tox\n|move|p1a: Tangrowth|Giga Drain|p2a: Milotic\n|-supereffective|p2a: Milotic\n|-damage|p2a: Milotic|126\/290\n|-heal|p1a: Tangrowth|269\/305 tox|[from] drain|[of] p2a: Milotic\n|\n|-heal|p2a: Milotic|144\/290|[from] item: Leftovers\n|-damage|p2a: Milotic|108\/290|[from] Leech Seed|[of] p1a: Tangrowth\n|-heal|p1a: Tangrowth|305\/305 tox|[silent]\n|-damage|p1a: Tangrowth|248\/305 tox|[from] psn\n|upkeep\n|turn|10\n|\n|t:|1646060156\n|move|p2a: Milotic|Recover|p2a: Milotic\n|-heal|p2a: Milotic|253\/290\n|move|p1a: Tangrowth|Giga Drain|p2a: Milotic\n|-supereffective|p2a: Milotic\n|-damage|p2a: Milotic|121\/290\n|-heal|p1a: Tangrowth|305\/305 tox|[from] drain|[of] p2a: Milotic\n|\n|-heal|p2a: Milotic|139\/290|[from] item: Leftovers\n|-damage|p2a: Milotic|103\/290|[from] Leech Seed|[of] p1a: Tangrowth\n|-damage|p1a: Tangrowth|229\/305 tox|[from] psn\n|upkeep\n|turn|11\n|\n|t:|1646060170\n|move|p2a: Milotic|Recover|p2a: Milotic\n|-heal|p2a: Milotic|248\/290\n|move|p1a: Tangrowth|Sleep Powder|p2a: Milotic\n|-status|p2a: Milotic|slp|[from] move: Sleep Powder\n|\n|-heal|p2a: Milotic|266\/290 slp|[from] item: Leftovers\n|-damage|p2a: Milotic|230\/290 slp|[from] Leech Seed|[of] p1a: Tangrowth\n|-heal|p1a: Tangrowth|265\/305 tox|[silent]\n|-damage|p1a: Tangrowth|170\/305 tox|[from] psn\n|upkeep\n|turn|12\n|\n|t:|1646060181\n|switch|p2a: Tornadus|Tornadus-Therian, L78, M|251\/251\n|move|p1a: Tangrowth|Giga Drain|p2a: Tornadus\n|-resisted|p2a: Tornadus\n|-damage|p2a: Tornadus|204\/251\n|-heal|p1a: Tangrowth|194\/305 tox|[from] drain|[of] p2a: Tornadus\n|\n|-damage|p1a: Tangrowth|80\/305 tox|[from] psn\n|upkeep\n|turn|13\n|\n|t:|1646060190\n|switch|p1a: Ninetales|Ninetales-Alola, L79, M|3\/245 tox\n|-weather|Hail|[from] ability: Snow Warning|[of] p1a: Ninetales\n|move|p2a: Tornadus|U-turn|p1a: Ninetales\n|-resisted|p1a: Ninetales\n|-damage|p1a: Ninetales|0 fnt\n|faint|p1a: Ninetales\n|\n|t:|1646060196\n|switch|p2a: Milotic|Milotic, L82, M|230\/290 slp\n|\n|-weather|Hail|[upkeep]\n|-damage|p2a: Milotic|212\/290 slp|[from] Hail\n|-heal|p2a: Milotic|230\/290 slp|[from] item: Leftovers\n|upkeep\n|\n|t:|1646060202\n|switch|p1a: Tangrowth|Tangrowth, L84, M|181\/305 tox\n|turn|14\n|\n|t:|1646060206\n|switch|p2a: Tornadus|Tornadus-Therian, L78, M|251\/251\n|move|p1a: Tangrowth|Leech Seed|p2a: Tornadus\n|-start|p2a: Tornadus|move: Leech Seed\n|\n|-weather|Hail|[upkeep]\n|-damage|p2a: Tornadus|236\/251|[from] Hail\n|-damage|p1a: Tangrowth|162\/305 tox|[from] Hail\n|-damage|p2a: Tornadus|205\/251|[from] Leech Seed|[of] p1a: Tangrowth\n|-heal|p1a: Tangrowth|193\/305 tox|[silent]\n|-damage|p1a: Tangrowth|174\/305 tox|[from] psn\n|upkeep\n|turn|15\n|\n|t:|1646060220\n|move|p2a: Tornadus|U-turn|p1a: Tangrowth\n|-supereffective|p1a: Tangrowth\n|-damage|p1a: Tangrowth|108\/305 tox\n|-damage|p2a: Tornadus|164\/251|[from] item: Rocky Helmet|[of] p1a: Tangrowth\n|\n|t:|1646060231\n|switch|p2a: Tauros|Tauros, L82, M|257\/257\n|move|p1a: Tangrowth|Sleep Powder|p2a: Tauros\n|-message|Sleep Clause Mod activated.\n|\n|-weather|Hail|[upkeep]\n|-damage|p2a: Tauros|241\/257|[from] Hail\n|-damage|p1a: Tangrowth|89\/305 tox|[from] Hail\n|-damage|p1a: Tangrowth|51\/305 tox|[from] psn\n|upkeep\n|turn|16\n|\n|t:|1646060244\n|move|p2a: Tauros|Body Slam|p1a: Tangrowth\n|-damage|p1a: Tangrowth|0 fnt\n|-damage|p2a: Tauros|199\/257|[from] item: Rocky Helmet|[of] p1a: Tangrowth\n|faint|p1a: Tangrowth\n|\n|-weather|Hail|[upkeep]\n|-damage|p2a: Tauros|183\/257|[from] Hail\n|upkeep\n|\n|t:|1646060262\n|switch|p1a: Cinderace|Cinderace, L74, F|239\/239\n|turn|17\n|\n|t:|1646060274\n|switch|p2a: Milotic|Milotic, L82, M|230\/290 slp\n|-start|p1a: Cinderace|Dynamax\n|-heal|p1a: Cinderace|478\/478|[silent]\n|move|p1a: Cinderace|Max Knuckle|p2a: Milotic\n|-start|p1a: Cinderace|typechange|Fighting|[from] ability: Libero\n|-damage|p2a: Milotic|161\/290 slp\n|-boost|p1a: Cinderace|atk|1\n|\n|-weather|none\n|-heal|p2a: Milotic|179\/290 slp|[from] item: Leftovers\n|upkeep\n|turn|18\n|\n|t:|1646060285\n|move|p1a: Cinderace|Max Knuckle|p2a: Milotic\n|-damage|p2a: Milotic|86\/290 slp\n|-boost|p1a: Cinderace|atk|1\n|cant|p2a: Milotic|slp\n|\n|-heal|p2a: Milotic|104\/290 slp|[from] item: Leftovers\n|upkeep\n|turn|19\n|\n|t:|1646060297\n|switch|p2a: Lunala|Lunala, L72|316\/316\n|move|p1a: Cinderace|Max Knuckle|p2a: Lunala\n|-immune|p2a: Lunala\n|\n|-end|p1a: Cinderace|Dynamax\n|-heal|p1a: Cinderace|239\/239|[silent]\n|upkeep\n|turn|20\n|\n|t:|1646060306\n|move|p1a: Cinderace|U-turn|p2a: Lunala\n|-start|p1a: Cinderace|typechange|Bug|[from] ability: Libero\n|-damage|p2a: Lunala|206\/316\n|\n|t:|1646060316\n|switch|p1a: Sigilyph|Sigilyph, L83, M|255\/255\n|move|p2a: Lunala|Psyshock|p1a: Sigilyph\n|-resisted|p1a: Sigilyph\n|-damage|p1a: Sigilyph|213\/255\n|\n|-heal|p2a: Lunala|225\/316|[from] item: Leftovers\n|upkeep\n|turn|21\n|inactive|sillyboy6 has 120 seconds left.\n|inactive|sillyboy6 has 90 seconds left.\n|inactive|sillyboy6 has 60 seconds left.\n|inactive|sillyboy6 has 30 seconds left.\n|inactive|sillyboy6 has 20 seconds left.\n|inactive|sillyboy6 has 15 seconds left.\n|inactive|sillyboy6 has 10 seconds left.\n|inactive|sillyboy6 has 5 seconds left.\n|-message|sillyboy6 lost due to inactivity.\n|\n|win|therockcena\n|raw|sillyboy6's rating: 1397 &rarr; <strong>1376<\/strong><br \/>(-21 for losing)\n|raw|therockcena's rating: 1381 &rarr; <strong>1402<\/strong><br \/>(+21 for winning)\n|l|\u2606therockcena\n||Ladder isn't responding, score probably updated but might not have (Request timeout).\n","inputlog":">version dbb04165610ac1d14fd235129d6b15c9409b36ee\n>start {\"formatid\":\"gen8randombattle\",\"seed\":[16442,24709,32636,26391],\"rated\":\"Rated battle\"}\n>player p1 {\"name\":\"sillyboy6\",\"avatar\":\"169\",\"rating\":1397,\"seed\":[10268,5812,19543,36558]}\n>player p2 {\"name\":\"therockcena\",\"avatar\":\"1\",\"rating\":1381,\"seed\":[21272,65094,55481,20374]}\n>p1 switch 4\n>p2 move swordsdance\n>p1 move blizzard\n>p2 move knockoff\n>p2 switch 2\n>p1 move freezedry\n>p2 move toxic\n>p1 move auroraveil\n>p2 move recover\n>p1 move freezedry\n>p2 move scald\n>p1 switch 4\n>p2 move recover\n>p1 move sleeppowder\n>p2 move toxic\n>p1 move leechseed\n>p2 move scald\n>p1 move gigadrain\n>p2 move scald\n>p1 move gigadrain\n>p2 move recover\n>p1 move sleeppowder\n>p2 move recover\n>p1 move gigadrain\n>p2 switch 6\n>p1 switch 4\n>p2 move uturn\n>p2 switch 6\n>p1 switch 4\n>p1 move leechseed\n>p2 switch 6\n>p1 move sleeppowder\n>p2 move uturn\n>p2 switch 5\n>p1 move leechseed\n>p2 move bodyslam\n>p1 switch 5\n>p1 move highjumpkick dynamax\n>p2 switch 6\n>p1 move highjumpkick dynamax\n>p2 move recover\n>p1 move highjumpkick dynamax\n>p2 switch 4\n>p1 move uturn\n>p2 move psyshock\n>p1 switch 6\n>forcelose p1","uploadtime":1646060516,"views":6,"p1id":"sillyboy6","p2id":"therockcena","formatid":"gen8randombattle","rating":1376,"private":0,"password":null}