{"id":"gen8randombattle-1635700400","p1":"Xadess95","p2":"TheonReekGreyjoy","format":"gen8randombattle","log":"|j|\u2606Xadess95\n|j|\u2606TheonReekGreyjoy\n|t:|1660046033\n|gametype|singles\n|player|p1|Xadess95|ingo|1979\n|player|p2|TheonReekGreyjoy|170|1947\n|teamsize|p1|6\n|teamsize|p2|6\n|gen|8\n|tier|[Gen 8] Random Battle\n|rated|\n|rule|Species Clause: Limit one of each Pok\u00e9mon\n|rule|HP Percentage Mod: HP is shown in percentages\n|rule|Sleep Clause Mod: Limit one foe put to sleep\n|\n|t:|1660046033\n|start\n|switch|p1a: Cobalion|Cobalion, L78|270\/270\n|switch|p2a: Sandaconda|Sandaconda, L84, M|258\/258\n|turn|1\n|inactive|Battle timer is ON: inactive players will automatically lose when time's up. (requested by Xadess95)\n|\n|t:|1660046040\n|switch|p1a: Celebi|Celebi, L82|298\/298\n|move|p2a: Sandaconda|Stealth Rock|p1a: Celebi\n|-sidestart|p1: Xadess95|move: Stealth Rock\n|\n|upkeep\n|turn|2\n|\n|t:|1660046050\n|switch|p2a: Escavalier|Escavalier, L84, M|255\/255\n|move|p1a: Celebi|Nasty Plot|p1a: Celebi\n|-boost|p1a: Celebi|spa|2\n|\n|upkeep\n|turn|3\n|\n|t:|1660046061\n|switch|p1a: Gurdurr|Gurdurr, L83, F|277\/277\n|-damage|p1a: Gurdurr|260\/277|[from] Stealth Rock\n|move|p2a: Escavalier|Megahorn|p1a: Gurdurr\n|-resisted|p1a: Gurdurr\n|-damage|p1a: Gurdurr|205\/277\n|\n|upkeep\n|turn|4\n|\n|t:|1660046087\n|switch|p2a: Metagross|Metagross, L79|256\/256\n|move|p1a: Gurdurr|Bulk Up|p1a: Gurdurr\n|-boost|p1a: Gurdurr|atk|1\n|-boost|p1a: Gurdurr|def|1\n|\n|upkeep\n|turn|5\n|\n|t:|1660046094\n|move|p2a: Metagross|Meteor Mash|p1a: Gurdurr\n|-damage|p1a: Gurdurr|130\/277\n|-boost|p2a: Metagross|atk|1\n|move|p1a: Gurdurr|Drain Punch|p2a: Metagross\n|-damage|p2a: Metagross|153\/256\n|-heal|p1a: Gurdurr|182\/277|[from] drain|[of] p2a: Metagross\n|\n|upkeep\n|turn|6\n|\n|t:|1660046104\n|move|p2a: Metagross|Meteor Mash|p1a: Gurdurr\n|-damage|p1a: Gurdurr|73\/277\n|move|p1a: Gurdurr|Knock Off|p2a: Metagross\n|-supereffective|p2a: Metagross\n|-damage|p2a: Metagross|0 fnt\n|-enditem|p2a: Metagross|Choice Band|[from] move: Knock Off|[of] p1a: Gurdurr\n|faint|p2a: Metagross\n|\n|upkeep\n|inactive|TheonReekGreyjoy has 120 seconds left.\n|\n|t:|1660046140\n|switch|p2a: Sandaconda|Sandaconda, L84, M|258\/258\n|turn|7\n|\n|t:|1660046144\n|move|p2a: Sandaconda|Glare|p1a: Gurdurr\n|-status|p1a: Gurdurr|par\n|move|p1a: Gurdurr|Drain Punch|p2a: Sandaconda\n|-damage|p2a: Sandaconda|114\/258\n|-heal|p1a: Gurdurr|145\/277 par|[from] drain|[of] p2a: Sandaconda\n|\n|-heal|p2a: Sandaconda|130\/258|[from] item: Leftovers\n|upkeep\n|turn|8\n|\n|t:|1660046152\n|move|p2a: Sandaconda|Earthquake|p1a: Gurdurr\n|-damage|p1a: Gurdurr|93\/277 par\n|move|p1a: Gurdurr|Drain Punch|p2a: Sandaconda\n|-damage|p2a: Sandaconda|0 fnt\n|-heal|p1a: Gurdurr|158\/277 par|[from] drain|[of] p2a: Sandaconda\n|faint|p2a: Sandaconda\n|\n|upkeep\n|\n|t:|1660046159\n|switch|p2a: Escavalier|Escavalier, L84, M|255\/255\n|turn|9\n|\n|t:|1660046162\n|move|p2a: Escavalier|Swords Dance|p2a: Escavalier\n|-boost|p2a: Escavalier|atk|2\n|move|p1a: Gurdurr|Drain Punch|p2a: Escavalier\n|-damage|p2a: Escavalier|86\/255\n|-heal|p1a: Gurdurr|243\/277 par|[from] drain|[of] p2a: Escavalier\n|\n|-heal|p2a: Escavalier|101\/255|[from] item: Leftovers\n|upkeep\n|turn|10\n|\n|t:|1660046170\n|move|p2a: Escavalier|Iron Head|p1a: Gurdurr\n|-damage|p1a: Gurdurr|137\/277 par\n|cant|p1a: Gurdurr|par\n|\n|-heal|p2a: Escavalier|116\/255|[from] item: Leftovers\n|upkeep\n|turn|11\n|\n|t:|1660046176\n|cant|p1a: Gurdurr|par\n|move|p2a: Escavalier|Iron Head|p1a: Gurdurr\n|-damage|p1a: Gurdurr|26\/277 par\n|\n|-heal|p2a: Escavalier|131\/255|[from] item: Leftovers\n|upkeep\n|turn|12\n|\n|t:|1660046182\n|move|p1a: Gurdurr|Mach Punch|p2a: Escavalier\n|-damage|p2a: Escavalier|50\/255\n|move|p2a: Escavalier|Iron Head|p1a: Gurdurr\n|-damage|p1a: Gurdurr|0 fnt\n|faint|p1a: Gurdurr\n|\n|-heal|p2a: Escavalier|65\/255|[from] item: Leftovers\n|upkeep\n|\n|t:|1660046196\n|switch|p1a: Aggron|Aggron, L85, M|258\/258\n|-damage|p1a: Aggron|242\/258|[from] Stealth Rock\n|-item|p1a: Aggron|Air Balloon\n|turn|13\n|\n|t:|1660046203\n|switch|p2a: Hitmonchan|Hitmonchan, L86, M|226\/226\n|move|p1a: Aggron|Earthquake|p2a: Hitmonchan\n|-damage|p2a: Hitmonchan|143\/226\n|\n|upkeep\n|turn|14\n|\n|t:|1660046219\n|switch|p1a: Celebi|Celebi, L82|298\/298\n|-damage|p1a: Celebi|261\/298|[from] Stealth Rock\n|move|p2a: Hitmonchan|Drain Punch|p1a: Celebi\n|-resisted|p1a: Celebi\n|-damage|p1a: Celebi|213\/298\n|-heal|p2a: Hitmonchan|167\/226|[from] drain|[of] p1a: Celebi\n|\n|-heal|p1a: Celebi|231\/298|[from] item: Leftovers\n|upkeep\n|turn|15\n|\n|t:|1660046230\n|move|p1a: Celebi|Nasty Plot|p1a: Celebi\n|-boost|p1a: Celebi|spa|2\n|move|p2a: Hitmonchan|Throat Chop|p1a: Celebi\n|-supereffective|p1a: Celebi\n|-damage|p1a: Celebi|107\/298\n|-start|p1a: Celebi|Throat Chop|[silent]\n|\n|-heal|p1a: Celebi|125\/298|[from] item: Leftovers\n|upkeep\n|turn|16\n|\n|t:|1660046238\n|switch|p2a: Escavalier|Escavalier, L84, M|65\/255\n|move|p1a: Celebi|Psychic|p2a: Escavalier\n|-resisted|p2a: Escavalier\n|-damage|p2a: Escavalier|0 fnt\n|faint|p2a: Escavalier\n|\n|-heal|p1a: Celebi|143\/298|[from] item: Leftovers\n|-end|p1a: Celebi|Throat Chop|[silent]\n|upkeep\n|\n|t:|1660046241\n|switch|p2a: Kyurem|Kyurem-Black, L73|303\/303\n|-ability|p2a: Kyurem|Teravolt\n|turn|17\n|\n|t:|1660046249\n|-start|p1a: Celebi|Dynamax|\n|-heal|p1a: Celebi|286\/596|[silent]\n|move|p1a: Celebi|Max Mindstorm|p2a: Kyurem\n|-damage|p2a: Kyurem|12\/303\n|-fieldstart|move: Psychic Terrain\n|move|p2a: Kyurem|Dragon Dance|p2a: Kyurem\n|-boost|p2a: Kyurem|atk|1\n|-boost|p2a: Kyurem|spe|1\n|\n|-heal|p1a: Celebi|304\/596|[from] item: Leftovers\n|upkeep\n|turn|18\n|\n|t:|1660046261\n|-start|p2a: Kyurem|Dynamax|\n|-heal|p2a: Kyurem|24\/606|[silent]\n|move|p2a: Kyurem|Max Hailstorm|p1a: Celebi\n|-supereffective|p1a: Celebi\n|-damage|p1a: Celebi|0 fnt\n|-weather|Hail\n|faint|p1a: Celebi\n|\n|-weather|Hail|[upkeep]\n|upkeep\n|\n|t:|1660046270\n|switch|p1a: Cobalion|Cobalion, L78|270\/270\n|-damage|p1a: Cobalion|262\/270|[from] Stealth Rock\n|turn|19\n|\n|t:|1660046280\n|move|p2a: Kyurem|Max Guard|p2a: Kyurem\n|-singleturn|p2a: Kyurem|Max Guard\n|move|p1a: Cobalion|Iron Head|p2a: Kyurem\n|-activate|p2a: Kyurem|move: Max Guard\n|\n|-weather|Hail|[upkeep]\n|-damage|p1a: Cobalion|246\/270|[from] Hail\n|-heal|p1a: Cobalion|262\/270|[from] item: Leftovers\n|upkeep\n|turn|20\n|\n|t:|1660046286\n|move|p2a: Kyurem|Max Wyrmwind|p1a: Cobalion\n|-resisted|p1a: Cobalion\n|-damage|p1a: Cobalion|160\/270\n|-unboost|p1a: Cobalion|atk|1\n|move|p1a: Cobalion|Iron Head|p2a: Kyurem\n|-supereffective|p2a: Kyurem\n|-damage|p2a: Kyurem|0 fnt\n|faint|p2a: Kyurem\n|\n|-weather|Hail|[upkeep]\n|-damage|p1a: Cobalion|144\/270|[from] Hail\n|-heal|p1a: Cobalion|160\/270|[from] item: Leftovers\n|upkeep\n|\n|t:|1660046300\n|switch|p2a: Krookodile|Krookodile, L78, F|276\/276\n|turn|21\n|\n|t:|1660046303\n|move|p1a: Cobalion|Close Combat|p2a: Krookodile\n|-supereffective|p2a: Krookodile\n|-damage|p2a: Krookodile|106\/276\n|-unboost|p1a: Cobalion|def|1\n|-unboost|p1a: Cobalion|spd|1\n|move|p2a: Krookodile|Earthquake|p1a: Cobalion\n|-supereffective|p1a: Cobalion\n|-damage|p1a: Cobalion|0 fnt\n|faint|p1a: Cobalion\n|-ability|p2a: Krookodile|Moxie|boost\n|-boost|p2a: Krookodile|atk|1\n|\n|-weather|Hail|[upkeep]\n|-damage|p2a: Krookodile|89\/276|[from] Hail\n|-fieldend|move: Psychic Terrain\n|upkeep\n|\n|t:|1660046318\n|switch|p1a: Aggron|Aggron, L85, M|242\/258\n|-damage|p1a: Aggron|226\/258|[from] Stealth Rock\n|-item|p1a: Aggron|Air Balloon\n|turn|22\n|\n|t:|1660046326\n|switch|p2a: Hitmonchan|Hitmonchan, L86, M|167\/226\n|move|p1a: Aggron|Rock Polish|p1a: Aggron\n|-boost|p1a: Aggron|spe|2\n|\n|-weather|none\n|upkeep\n|turn|23\n|\n|t:|1660046333\n|move|p1a: Aggron|Heavy Slam|p2a: Hitmonchan\n|-damage|p2a: Hitmonchan|0 fnt\n|faint|p2a: Hitmonchan\n|\n|upkeep\n|-message|TheonReekGreyjoy forfeited.\n|\n|win|Xadess95\n|raw|Xadess95's rating: 1979 &rarr; <strong>1997<\/strong><br \/>(+18 for winning)\n|raw|TheonReekGreyjoy's rating: 1947 &rarr; <strong>1929<\/strong><br \/>(-18 for losing)\n|l|\u2606TheonReekGreyjoy\n||Ladder isn't responding, score probably updated but might not have (Request timeout).\n","inputlog":">version 0f71e42f960f6fbb5c9ee62e3aa7f1960e43a151\n>start {\"formatid\":\"gen8randombattle\",\"seed\":[19153,1801,19046,29500],\"rated\":\"Rated battle\"}\n>player p1 {\"name\":\"Xadess95\",\"avatar\":\"ingo\",\"rating\":1979,\"seed\":[55076,61123,47876,3638]}\n>player p2 {\"name\":\"TheonReekGreyjoy\",\"avatar\":\"170\",\"rating\":1947,\"seed\":[43550,26090,23152,14425]}\n>p1 switch 5\n>p2 move stealthrock\n>p1 move nastyplot\n>p2 switch 5\n>p1 switch 2\n>p2 move megahorn\n>p1 move bulkup\n>p2 switch 2\n>p1 move drainpunch\n>p2 move meteormash\n>p1 move knockoff\n>p2 move meteormash\n>p2 switch 5\n>p1 move drainpunch\n>p2 move glare\n>p1 move drainpunch\n>p2 move earthquake\n>p2 switch 2\n>p1 move drainpunch\n>p2 move swordsdance\n>p1 move drainpunch\n>p2 move ironhead\n>p1 move machpunch\n>p2 move ironhead\n>p1 move machpunch\n>p2 move ironhead\n>p1 switch 3\n>p1 move earthquake\n>p2 switch 4\n>p1 switch 2\n>p2 move drainpunch\n>p1 move nastyplot\n>p2 move throatchop\n>p1 move psychic\n>p2 switch 4\n>p2 switch 6\n>p1 move psychic dynamax\n>p2 move dragondance\n>p1 move leafstorm dynamax\n>p2 move iciclespear dynamax\n>p1 switch 5\n>p1 move ironhead\n>p2 move dragondance dynamax\n>p1 move ironhead\n>p2 move outrage dynamax\n>p2 switch 3\n>p1 move closecombat\n>p2 move earthquake\n>p1 switch 2\n>p1 move rockpolish\n>p2 switch 4\n>p1 move heavyslam\n>p2 move drainpunch\n>forcelose p2","uploadtime":1660046343,"views":15,"p1id":"xadess95","p2id":"theonreekgreyjoy","formatid":"gen8randombattle","rating":1929,"private":0,"password":null}