{"id":"gen8randombattle-1698426102","p1":"bizarman","p2":"gshs5","format":"gen8randombattle","log":"|j|\u2606bizarman\n|j|\u2606gshs5\n|t:|1667119416\n|gametype|singles\n|player|p1|bizarman|scientist-gen4|1475\n|player|p2|gshs5|1|1416\n|teamsize|p1|6\n|teamsize|p2|6\n|gen|8\n|tier|[Gen 8] Random Battle\n|rated|\n|rule|Species Clause: Limit one of each Pok\u00e9mon\n|rule|HP Percentage Mod: HP is shown in percentages\n|rule|Sleep Clause Mod: Limit one foe put to sleep\n|\n|t:|1667119416\n|start\n|switch|p1a: Moltres|Moltres, L80|275\/275\n|switch|p2a: Machamp|Machamp, L82, F|282\/282\n|turn|1\n|inactive|Battle timer is ON: inactive players will automatically lose when time's up. (requested by gshs5)\n|\n|t:|1667119438\n|switch|p2a: Boltund|Boltund, L84, F|253\/253\n|move|p1a: Moltres|Air Slash|p2a: Boltund\n|-resisted|p2a: Boltund\n|-damage|p2a: Boltund|192\/253\n|\n|upkeep\n|turn|2\n|\n|t:|1667119451\n|switch|p1a: Sandaconda|Sandaconda, L84, F|258\/258\n|move|p2a: Boltund|Bulk Up|p2a: Boltund\n|-boost|p2a: Boltund|atk|1\n|-boost|p2a: Boltund|def|1\n|\n|upkeep\n|turn|3\n|\n|t:|1667119469\n|switch|p2a: Tangrowth|Tangrowth, L84, F|305\/305\n|move|p1a: Sandaconda|Coil|p1a: Sandaconda\n|-boost|p1a: Sandaconda|atk|1\n|-boost|p1a: Sandaconda|def|1\n|-boost|p1a: Sandaconda|accuracy|1\n|\n|upkeep\n|turn|4\n|\n|t:|1667119479\n|switch|p1a: Ferrothorn|Ferrothorn, L78, F|244\/244\n|move|p2a: Tangrowth|Leech Seed|p1a: Ferrothorn\n|-immune|p1a: Ferrothorn\n|\n|upkeep\n|turn|5\n|\n|t:|1667119486\n|move|p2a: Tangrowth|Knock Off|p1a: Ferrothorn\n|-damage|p1a: Ferrothorn|186\/244\n|-damage|p2a: Tangrowth|267\/305|[from] ability: Iron Barbs|[of] p1a: Ferrothorn\n|-enditem|p1a: Ferrothorn|Leftovers|[from] move: Knock Off|[of] p2a: Tangrowth\n|move|p1a: Ferrothorn|Spikes|p2a: Tangrowth\n|-sidestart|p2: gshs5|Spikes\n|\n|upkeep\n|turn|6\n|\n|t:|1667119497\n|switch|p2a: Machamp|Machamp, L82, F|282\/282\n|-damage|p2a: Machamp|247\/282|[from] Spikes\n|move|p1a: Ferrothorn|Spikes|p2a: Machamp\n|-sidestart|p2: gshs5|Spikes\n|\n|-status|p2a: Machamp|brn|[from] item: Flame Orb\n|upkeep\n|turn|7\n|\n|t:|1667119505\n|switch|p1a: Moltres|Moltres, L80|275\/275\n|move|p2a: Machamp|Close Combat|p1a: Moltres\n|-resisted|p1a: Moltres\n|-damage|p1a: Moltres|161\/275\n|-unboost|p2a: Machamp|def|1\n|-unboost|p2a: Machamp|spd|1\n|\n|-damage|p2a: Machamp|230\/282 brn|[from] brn\n|upkeep\n|turn|8\n|\n|t:|1667119519\n|move|p1a: Moltres|Fire Blast|p2a: Machamp\n|-damage|p2a: Machamp|32\/282 brn\n|move|p2a: Machamp|Facade|p1a: Moltres\n|-damage|p1a: Moltres|0 fnt\n|faint|p1a: Moltres\n|\n|-damage|p2a: Machamp|15\/282 brn|[from] brn\n|upkeep\n|\n|t:|1667119536\n|switch|p1a: Perrserker|Perrserker, L86, M|261\/261\n|turn|9\n|\n|t:|1667119544\n|move|p1a: Perrserker|Fake Out|p2a: Machamp\n|-damage|p2a: Machamp|0 fnt\n|faint|p2a: Machamp\n|-damage|p1a: Perrserker|235\/261|[from] item: Life Orb\n|\n|upkeep\n|\n|t:|1667119560\n|switch|p2a: Tornadus|Tornadus, L80, M|258\/258\n|turn|10\n|\n|t:|1667119571\n|switch|p1a: Sandaconda|Sandaconda, L84, F|258\/258\n|-start|p2a: Tornadus|Dynamax|\n|-heal|p2a: Tornadus|516\/516|[silent]\n|move|p2a: Tornadus|Max Flare|p1a: Sandaconda\n|-damage|p1a: Sandaconda|127\/258\n|-weather|SunnyDay\n|\n|-weather|SunnyDay|[upkeep]\n|-heal|p1a: Sandaconda|143\/258|[from] item: Leftovers\n|upkeep\n|turn|11\n|\n|t:|1667119583\n|-start|p1a: Sandaconda|Dynamax|\n|-heal|p1a: Sandaconda|286\/516|[silent]\n|move|p2a: Tornadus|Max Airstream|p1a: Sandaconda\n|-damage|p1a: Sandaconda|91\/516\n|-boost|p2a: Tornadus|spe|1\n|move|p1a: Sandaconda|Max Rockfall|p2a: Tornadus\n|-supereffective|p2a: Tornadus\n|-damage|p2a: Tornadus|258\/516\n|-weather|Sandstorm\n|\n|-weather|Sandstorm|[upkeep]\n|-damage|p2a: Tornadus|242\/516|[from] Sandstorm\n|-heal|p1a: Sandaconda|107\/516|[from] item: Leftovers\n|upkeep\n|turn|12\n|\n|t:|1667119599\n|move|p1a: Sandaconda|Max Guard|p1a: Sandaconda\n|-singleturn|p1a: Sandaconda|Max Guard\n|move|p2a: Tornadus|Max Flare|p1a: Sandaconda\n|-activate|p1a: Sandaconda|move: Max Guard\n|\n|-weather|Sandstorm|[upkeep]\n|-damage|p2a: Tornadus|226\/516|[from] Sandstorm\n|-heal|p1a: Sandaconda|123\/516|[from] item: Leftovers\n|upkeep\n|-end|p2a: Tornadus|Dynamax\n|-heal|p2a: Tornadus|113\/258|[silent]\n|turn|13\n|\n|t:|1667119609\n|move|p2a: Tornadus|Hurricane|p1a: Sandaconda\n|-damage|p1a: Sandaconda|0 fnt\n|faint|p1a: Sandaconda\n|\n|-weather|Sandstorm|[upkeep]\n|-damage|p2a: Tornadus|97\/258|[from] Sandstorm\n|upkeep\n|\n|t:|1667119621\n|switch|p1a: Perrserker|Perrserker, L86, M|235\/261\n|turn|14\n|\n|t:|1667119624\n|move|p1a: Perrserker|Fake Out|p2a: Tornadus\n|-damage|p2a: Tornadus|24\/258\n|-damage|p1a: Perrserker|209\/261|[from] item: Life Orb\n|cant|p2a: Tornadus|flinch\n|\n|-weather|Sandstorm|[upkeep]\n|-damage|p2a: Tornadus|8\/258|[from] Sandstorm\n|upkeep\n|turn|15\n|\n|t:|1667119644\n|move|p2a: Tornadus|Heat Wave|p1a: Perrserker\n|-supereffective|p1a: Perrserker\n|-damage|p1a: Perrserker|9\/261\n|move|p1a: Perrserker|Crunch|p2a: Tornadus\n|-damage|p2a: Tornadus|0 fnt\n|faint|p2a: Tornadus\n|-damage|p1a: Perrserker|0 fnt|[from] item: Life Orb\n|faint|p1a: Perrserker\n|\n|-weather|none\n|upkeep\n|inactive|bizarman has 120 seconds left.\n|\n|t:|1667119670\n|switch|p2a: Spectrier|Spectrier, L74|270\/270\n|switch|p1a: Rillaboom|Rillaboom, L78, M|284\/284\n|-damage|p2a: Spectrier|225\/270|[from] Spikes\n|-fieldstart|move: Grassy Terrain|[from] ability: Grassy Surge|[of] p1a: Rillaboom\n|turn|16\n|inactive|bizarman has 120 seconds left.\n|\n|t:|1667119683\n|switch|p2a: Tangrowth|Tangrowth, L84, F|305\/305\n|-damage|p2a: Tangrowth|255\/305|[from] Spikes\n|move|p1a: Rillaboom|U-turn|p2a: Tangrowth\n|-supereffective|p2a: Tangrowth\n|-damage|p2a: Tangrowth|133\/305\n|-damage|p1a: Rillaboom|237\/284|[from] item: Rocky Helmet|[of] p2a: Tangrowth\n|\n|t:|1667119689\n|switch|p1a: Hitmonlee|Hitmonlee, L84, M|221\/221\n|\n|-heal|p2a: Tangrowth|152\/305|[from] Grassy Terrain\n|upkeep\n|turn|17\n|inactive|bizarman has 120 seconds left.\n|\n|t:|1667119695\n|switch|p2a: Spectrier|Spectrier, L74|225\/270\n|-damage|p2a: Spectrier|180\/270|[from] Spikes\n|move|p1a: Hitmonlee|Curse|p1a: Hitmonlee\n|-unboost|p1a: Hitmonlee|spe|1\n|-boost|p1a: Hitmonlee|atk|1\n|-boost|p1a: Hitmonlee|def|1\n|-enditem|p1a: Hitmonlee|White Herb\n|-clearnegativeboost|p1a: Hitmonlee|[silent]\n|\n|-heal|p2a: Spectrier|196\/270|[from] Grassy Terrain\n|-heal|p2a: Spectrier|212\/270|[from] item: Leftovers\n|upkeep\n|turn|18\n|inactive|bizarman has 120 seconds left.\n|\n|t:|1667119707\n|move|p1a: Hitmonlee|Knock Off|p2a: Spectrier\n|-supereffective|p2a: Spectrier\n|-damage|p2a: Spectrier|0 fnt\n|-enditem|p2a: Spectrier|Leftovers|[from] move: Knock Off|[of] p1a: Hitmonlee\n|faint|p2a: Spectrier\n|\n|upkeep\n|\n|t:|1667119712\n|switch|p2a: Tangrowth|Tangrowth, L84, F|253\/305\n|-damage|p2a: Tangrowth|203\/305|[from] Spikes\n|turn|19\n|\n|t:|1667119716\n|move|p1a: Hitmonlee|Close Combat|p2a: Tangrowth\n|-damage|p2a: Tangrowth|35\/305\n|-unboost|p1a: Hitmonlee|def|1\n|-unboost|p1a: Hitmonlee|spd|1\n|-damage|p1a: Hitmonlee|185\/221|[from] item: Rocky Helmet|[of] p2a: Tangrowth\n|move|p2a: Tangrowth|Giga Drain|p1a: Hitmonlee\n|-damage|p1a: Hitmonlee|34\/221\n|-heal|p2a: Tangrowth|111\/305|[from] drain|[of] p1a: Hitmonlee\n|\n|-heal|p1a: Hitmonlee|47\/221|[from] Grassy Terrain\n|-heal|p2a: Tangrowth|130\/305|[from] Grassy Terrain\n|upkeep\n|turn|20\n|\n|t:|1667119728\n|move|p1a: Hitmonlee|Close Combat|p2a: Tangrowth\n|-damage|p2a: Tangrowth|0 fnt\n|-unboost|p1a: Hitmonlee|def|1\n|-unboost|p1a: Hitmonlee|spd|1\n|-damage|p1a: Hitmonlee|11\/221|[from] item: Rocky Helmet|[of] p2a: Tangrowth\n|faint|p2a: Tangrowth\n|\n|-heal|p1a: Hitmonlee|24\/221|[from] Grassy Terrain\n|-fieldend|move: Grassy Terrain\n|upkeep\n|\n|t:|1667119738\n|switch|p2a: Mimikyu|Mimikyu, L76, F|209\/209\n|-damage|p2a: Mimikyu|175\/209|[from] Spikes\n|turn|21\n|\n|t:|1667119751\n|move|p2a: Mimikyu|Shadow Sneak|p1a: Hitmonlee\n|-damage|p1a: Hitmonlee|0 fnt\n|faint|p1a: Hitmonlee\n|-damage|p2a: Mimikyu|155\/209|[from] item: Life Orb\n|\n|upkeep\n|\n|t:|1667119758\n|switch|p1a: Ferrothorn|Ferrothorn, L78, F|186\/244\n|turn|22\n|\n|t:|1667119764\n|move|p2a: Mimikyu|Swords Dance|p2a: Mimikyu\n|-boost|p2a: Mimikyu|atk|2\n|move|p1a: Ferrothorn|Power Whip|p2a: Mimikyu\n|-activate|p2a: Mimikyu|ability: Disguise\n|-damage|p2a: Mimikyu|155\/209\n|detailschange|p2a: Mimikyu|Mimikyu-Busted, L76, F\n|-damage|p2a: Mimikyu|129\/209|[from] pokemon: Mimikyu-Busted\n|\n|upkeep\n|turn|23\n|\n|t:|1667119775\n|move|p2a: Mimikyu|Shadow Claw|p1a: Ferrothorn\n|-damage|p1a: Ferrothorn|72\/244\n|-damage|p2a: Mimikyu|103\/209|[from] ability: Iron Barbs|[of] p1a: Ferrothorn\n|-damage|p2a: Mimikyu|83\/209|[from] item: Life Orb\n|move|p1a: Ferrothorn|Power Whip|p2a: Mimikyu|[miss]\n|-miss|p1a: Ferrothorn|p2a: Mimikyu\n|\n|upkeep\n|turn|24\n|\n|t:|1667119800\n|move|p2a: Mimikyu|Shadow Claw|p1a: Ferrothorn\n|-damage|p1a: Ferrothorn|0 fnt\n|-damage|p2a: Mimikyu|57\/209|[from] ability: Iron Barbs|[of] p1a: Ferrothorn\n|faint|p1a: Ferrothorn\n|-damage|p2a: Mimikyu|37\/209|[from] item: Life Orb\n|\n|upkeep\n|\n|t:|1667119807\n|switch|p1a: Rillaboom|Rillaboom, L78, M|237\/284\n|-fieldstart|move: Grassy Terrain|[from] ability: Grassy Surge|[of] p1a: Rillaboom\n|turn|25\n|\n|t:|1667119812\n|move|p2a: Mimikyu|Shadow Sneak|p1a: Rillaboom\n|-damage|p1a: Rillaboom|146\/284\n|-damage|p2a: Mimikyu|17\/209|[from] item: Life Orb\n|move|p1a: Rillaboom|Grassy Glide|p2a: Mimikyu\n|-damage|p2a: Mimikyu|0 fnt\n|faint|p2a: Mimikyu\n|\n|-heal|p1a: Rillaboom|163\/284|[from] Grassy Terrain\n|upkeep\n|\n|t:|1667119818\n|switch|p2a: Boltund|Boltund, L84, F|192\/253\n|-damage|p2a: Boltund|150\/253|[from] Spikes\n|turn|26\n|\n|t:|1667119833\n|move|p1a: Rillaboom|Grassy Glide|p2a: Boltund\n|-damage|p2a: Boltund|0 fnt\n|faint|p2a: Boltund\n|\n|win|bizarman\n|raw|bizarman's rating: 1475 &rarr; <strong>1492<\/strong><br \/>(+17 for winning)\n|raw|gshs5's rating: 1416 &rarr; <strong>1399<\/strong><br \/>(-17 for losing)\n|l|\u2606gshs5\n","inputlog":">version 855bee47758c8e203fce9c72050fbccc525688e2\n>start {\"formatid\":\"gen8randombattle\",\"seed\":[56105,40536,50876,19450],\"rated\":\"Rated battle\"}\n>player p1 {\"name\":\"bizarman\",\"avatar\":\"scientist-gen4\",\"rating\":1475,\"seed\":[43901,4916,24496,30693]}\n>player p2 {\"name\":\"gshs5\",\"avatar\":\"1\",\"rating\":1416,\"seed\":[61284,14940,49355,12520]}\n>p1 move airslash\n>p2 switch 4\n>p1 switch 6\n>p2 move bulkup\n>p1 move coil\n>p2 switch 2\n>p1 switch 4\n>p2 move leechseed\n>p1 move spikes\n>p2 move knockoff\n>p1 move spikes\n>p2 switch 4\n>p1 switch 6\n>p2 move closecombat\n>p1 move fireblast\n>p2 move facade\n>p1 switch 2\n>p1 move fakeout\n>p2 move closecombat\n>p2 switch 5\n>p1 switch 4\n>p2 move heatwave dynamax\n>p1 move stoneedge dynamax\n>p2 move hurricane dynamax\n>p1 move coil dynamax\n>p2 move heatwave dynamax\n>p1 move stoneedge dynamax\n>p2 move hurricane\n>p1 switch 4\n>p1 move fakeout\n>p2 move heatwave\n>p1 move crunch\n>p2 move heatwave\n>p1 switch 5\n>p2 switch 3\n>p1 move uturn\n>p2 switch 4\n>p1 switch 3\n>p1 move curse\n>p2 switch 4\n>p1 move knockoff\n>p2 move shadowball\n>p2 switch 4\n>p1 move closecombat\n>p2 move gigadrain\n>p1 move closecombat\n>p2 move gigadrain\n>p2 switch 6\n>p1 move knockoff\n>p2 move shadowsneak\n>p1 switch 6\n>p1 move powerwhip\n>p2 move swordsdance\n>p1 move powerwhip\n>p2 move shadowclaw\n>p1 move powerwhip\n>p2 move shadowclaw\n>p1 switch 3\n>p1 move grassyglide\n>p2 move shadowsneak\n>p2 switch 2\n>p1 move grassyglide\n>p2 move bulkup","uploadtime":1667119837,"views":4,"p1id":"bizarman","p2id":"gshs5","formatid":"gen8randombattle","rating":1399,"private":0,"password":null}