{"id":"gen8monotyperandombattle-1126171909","p1":"JigneshThakur","p2":"Pokefreak77","format":"gen8monotyperandombattle","log":"|j|\u2606JigneshThakur\n|j|\u2606Pokefreak77\n|player|p1|JigneshThakur|265|1498\n|player|p2|Pokefreak77|102|1322\n|teamsize|p1|6\n|teamsize|p2|6\n|gametype|singles\n|gen|8\n|tier|[Gen 8] Monotype Random Battle\n|rated|\n|rule|Same Type Clause: Pok\u00e9mon in a team must share a type\n|rule|HP Percentage Mod: HP is shown in percentages\n|rule|Sleep Clause Mod: Limit one foe put to sleep\n|\n|start\n|switch|p1a: Gyarados|Gyarados, L82, F|290\/290\n|switch|p2a: Toxapex|Toxapex, L80, F|211\/211\n|-ability|p1a: Gyarados|Intimidate|boost\n|-unboost|p2a: Toxapex|atk|1\n|turn|1\n|\n|switch|p1a: Slowking|Slowking, L84, M|297\/297\n|move|p2a: Toxapex|Toxic|p1a: Slowking\n|-status|p1a: Slowking|tox\n|\n|-damage|p1a: Slowking|279\/297 tox|[from] psn\n|upkeep\n|turn|2\n|\n|switch|p2a: Skuntank|Skuntank, L86, M|317\/317\n|move|p1a: Slowking|Psyshock|p2a: Skuntank\n|-immune|p2a: Skuntank\n|\n|-heal|p1a: Slowking|297\/297 tox|[from] item: Leftovers\n|-damage|p1a: Slowking|261\/297 tox|[from] psn\n|upkeep\n|turn|3\n|\n|switch|p1a: Arctovish|Arctovish, L86|295\/295\n|move|p2a: Skuntank|Crunch|p1a: Arctovish\n|-damage|p1a: Arctovish|194\/295\n|-damage|p2a: Skuntank|286\/317|[from] item: Life Orb\n|\n|upkeep\n|turn|4\n|\n|switch|p2a: Weezing|Weezing, L84, M|246\/246\n|-ability|p2a: Weezing|Neutralizing Gas\n|move|p1a: Arctovish|Body Slam|p2a: Weezing\n|-damage|p2a: Weezing|199\/246\n|-status|p2a: Weezing|par\n|\n|-heal|p2a: Weezing|214\/246 par|[from] item: Black Sludge\n|upkeep\n|turn|5\n|\n|move|p1a: Arctovish|Fishious Rend|p2a: Weezing\n|-damage|p2a: Weezing|75\/246 par\n|cant|p2a: Weezing|par\n|\n|-heal|p2a: Weezing|90\/246 par|[from] item: Black Sludge\n|upkeep\n|turn|6\n|\n|switch|p2a: Toxapex|Toxapex, L80, F|211\/211\n|move|p1a: Arctovish|Fishious Rend|p2a: Toxapex\n|-resisted|p2a: Toxapex\n|-damage|p2a: Toxapex|148\/211\n|\n|-heal|p2a: Toxapex|161\/211|[from] item: Black Sludge\n|upkeep\n|turn|7\n|\n|switch|p1a: Slowking|Slowking, L84, M|297\/297 tox\n|move|p2a: Toxapex|Toxic|p1a: Slowking\n|-fail|p1a: Slowking|tox\n|\n|-heal|p2a: Toxapex|174\/211|[from] item: Black Sludge\n|-damage|p1a: Slowking|279\/297 tox|[from] psn\n|upkeep\n|turn|8\n|\n|move|p2a: Toxapex|Baneful Bunker|p2a: Toxapex\n|-singleturn|p2a: Toxapex|move: Protect\n|move|p1a: Slowking|Scald|p2a: Toxapex\n|-activate|p2a: Toxapex|move: Protect\n|\n|-heal|p2a: Toxapex|187\/211|[from] item: Black Sludge\n|-heal|p1a: Slowking|297\/297 tox|[from] item: Leftovers\n|-damage|p1a: Slowking|261\/297 tox|[from] psn\n|upkeep\n|turn|9\n|\n|move|p2a: Toxapex|Scald|p1a: Slowking\n|-resisted|p1a: Slowking\n|-damage|p1a: Slowking|239\/297 tox\n|move|p1a: Slowking|Scald|p2a: Toxapex\n|-resisted|p2a: Toxapex\n|-damage|p2a: Toxapex|154\/211\n|-status|p2a: Toxapex|brn\n|\n|-heal|p2a: Toxapex|167\/211 brn|[from] item: Black Sludge\n|-heal|p1a: Slowking|257\/297 tox|[from] item: Leftovers\n|-damage|p2a: Toxapex|154\/211 brn|[from] brn\n|-damage|p1a: Slowking|203\/297 tox|[from] psn\n|upkeep\n|turn|10\n|\n|switch|p2a: Skuntank|Skuntank, L86, M|286\/317\n|move|p1a: Slowking|Slack Off|p1a: Slowking\n|-heal|p1a: Slowking|297\/297 tox\n|\n|-damage|p1a: Slowking|225\/297 tox|[from] psn\n|upkeep\n|turn|11\n|\n|switch|p1a: Arctovish|Arctovish, L86|194\/295\n|move|p2a: Skuntank|Crunch|p1a: Arctovish\n|-damage|p1a: Arctovish|91\/295\n|-unboost|p1a: Arctovish|def|1\n|-damage|p2a: Skuntank|255\/317|[from] item: Life Orb\n|\n|upkeep\n|turn|12\n|\n|move|p2a: Skuntank|Poison Jab|p1a: Arctovish\n|-damage|p1a: Arctovish|0 fnt\n|-damage|p2a: Skuntank|224\/317|[from] item: Life Orb\n|faint|p1a: Arctovish\n|\n|upkeep\n|\n|switch|p1a: Golduck|Golduck, L84, M|272\/272\n|turn|13\n|\n|switch|p2a: Crobat|Crobat, L80, M|267\/267\n|move|p1a: Golduck|Scald|p2a: Crobat\n|-damage|p2a: Crobat|134\/267\n|-damage|p1a: Golduck|245\/272|[from] item: Life Orb\n|\n|upkeep\n|turn|14\n|\n|move|p2a: Crobat|Toxic|p1a: Golduck\n|-status|p1a: Golduck|tox\n|move|p1a: Golduck|Ice Beam|p2a: Crobat\n|-supereffective|p2a: Crobat\n|-damage|p2a: Crobat|0 fnt\n|-damage|p1a: Golduck|218\/272 tox|[from] item: Life Orb\n|faint|p2a: Crobat\n|\n|-damage|p1a: Golduck|201\/272 tox|[from] psn\n|upkeep\n|\n|switch|p2a: Weezing|Weezing, L84, M|90\/246 par\n|-ability|p2a: Weezing|Neutralizing Gas\n|turn|15\n|\n|move|p1a: Golduck|Scald|p2a: Weezing\n|-damage|p2a: Weezing|0 fnt\n|-damage|p1a: Golduck|174\/272 tox|[from] item: Life Orb\n|faint|p2a: Weezing\n|\n|-damage|p1a: Golduck|140\/272 tox|[from] psn\n|upkeep\n|\n|switch|p2a: Gengar|Gengar, L80, F|227\/227\n|turn|16\n|\n|-start|p2a: Gengar|Dynamax\n|-formechange|p2a: Gengar|Gengar-Gmax\n|-heal|p2a: Gengar|454\/454|[silent]\n|move|p2a: Gengar|Max Ooze|p1a: Golduck\n|-damage|p1a: Golduck|0 fnt\n|-boost|p2a: Gengar|spa|1\n|-damage|p2a: Gengar|432\/454|[from] item: Life Orb\n|faint|p1a: Golduck\n|\n|upkeep\n|\n|switch|p1a: Whiscash|Whiscash, L88, F|337\/337\n|turn|17\n|\n|move|p2a: Gengar|G-Max Terror|p1a: Whiscash\n|-damage|p1a: Whiscash|9\/337\n|-activate|p1a: Whiscash|trapped\n|-damage|p2a: Gengar|410\/454|[from] item: Life Orb\n|move|p1a: Whiscash|Earthquake|p2a: Gengar\n|-supereffective|p2a: Gengar\n|-damage|p2a: Gengar|33\/454\n|-damage|p1a: Whiscash|0 fnt|[from] item: Life Orb\n|faint|p1a: Whiscash\n|\n|upkeep\n|\n|switch|p1a: Slowking|Slowking, L84, M|297\/297 tox\n|turn|18\n|\n|move|p2a: Gengar|G-Max Terror|p1a: Slowking\n|-supereffective|p1a: Slowking\n|-damage|p1a: Slowking|0 fnt\n|-damage|p2a: Gengar|11\/454|[from] item: Life Orb\n|faint|p1a: Slowking\n|\n|-end|p2a: Gengar|Dynamax\n|-formechange|p2a: Gengar|Gengar\n|-heal|p2a: Gengar|6\/227|[silent]\n|upkeep\n|\n|switch|p1a: Barbaracle|Barbaracle, L82, F|252\/252\n|turn|19\n|\n|move|p2a: Gengar|Focus Blast|p1a: Barbaracle\n|-supereffective|p1a: Barbaracle\n|-damage|p1a: Barbaracle|0 fnt\n|-damage|p2a: Gengar|0 fnt|[from] item: Life Orb\n|faint|p1a: Barbaracle\n|faint|p2a: Gengar\n|\n|upkeep\n|\n|switch|p2a: Skuntank|Skuntank, L86, M|224\/317\n|switch|p1a: Gyarados|Gyarados, L82, F|290\/290\n|-ability|p1a: Gyarados|Intimidate|boost\n|-unboost|p2a: Skuntank|atk|1\n|turn|20\n|\n|move|p2a: Skuntank|Toxic|p1a: Gyarados\n|-status|p1a: Gyarados|tox\n|move|p1a: Gyarados|Dragon Dance|p1a: Gyarados\n|-boost|p1a: Gyarados|atk|1\n|-boost|p1a: Gyarados|spe|1\n|\n|-damage|p1a: Gyarados|272\/290 tox|[from] psn\n|upkeep\n|turn|21\n|\n|switch|p2a: Toxapex|Toxapex, L80, F|211\/211 brn\n|-start|p1a: Gyarados|Dynamax\n|-heal|p1a: Gyarados|544\/580 tox|[silent]\n|move|p1a: Gyarados|Max Quake|p2a: Toxapex\n|-supereffective|p2a: Toxapex\n|-damage|p2a: Toxapex|0 fnt\n|-boost|p1a: Gyarados|spd|1\n|faint|p2a: Toxapex\n|\n|-damage|p1a: Gyarados|508\/580 tox|[from] psn\n|upkeep\n|\n|switch|p2a: Nidoking|Nidoking, L80, M|261\/261\n|turn|22\n|\n|move|p1a: Gyarados|Max Geyser|p2a: Nidoking\n|-supereffective|p2a: Nidoking\n|-damage|p2a: Nidoking|0 fnt\n|-weather|RainDance\n|faint|p2a: Nidoking\n|\n|-weather|RainDance|[upkeep]\n|-damage|p1a: Gyarados|454\/580 tox|[from] psn\n|upkeep\n|-message|Pokefreak77 forfeited.\n|\n|win|JigneshThakur\n|l|\u2606Pokefreak77\n","inputlog":">version 89968b315e483be7e46b12a2417a1b13d4f2119e\n>start {\"formatid\":\"gen8monotyperandombattle\",\"seed\":[63398,26261,9365,36765],\"rated\":\"Rated battle\"}\n>player p1 {\"name\":\"JigneshThakur\",\"avatar\":\"265\",\"team\":\"\",\"rating\":1498,\"seed\":[45562,57135,10363,40429]}\n>player p2 {\"name\":\"Pokefreak77\",\"avatar\":\"102\",\"team\":\"\",\"rating\":1322,\"seed\":[4038,44424,27,36276]}\n>p1 switch 5\n>p2 move toxic\n>p1 move psyshock\n>p2 switch 3\n>p1 switch 4\n>p2 move crunch\n>p1 move bodyslam\n>p2 switch 6\n>p1 move fishiousrend\n>p2 move toxicspikes\n>p1 move fishiousrend\n>p2 switch 3\n>p1 switch 4\n>p2 move toxic\n>p1 move scald\n>p2 move banefulbunker\n>p1 move scald\n>p2 move scald\n>p1 move slackoff\n>p2 switch 6\n>p1 switch 4\n>p2 move crunch\n>p1 move bodyslam\n>p2 move poisonjab\n>p1 switch 2\n>p1 move scald\n>p2 switch 5\n>p1 move icebeam\n>p2 move toxic\n>p2 switch 3\n>p1 move scald\n>p2 move toxicspikes\n>p2 switch 4\n>p1 move scald\n>p2 move sludgewave dynamax\n>p1 switch 3\n>p1 move earthquake\n>p2 move shadowball dynamax\n>p1 switch 4\n>p1 move scald\n>p2 move shadowball dynamax\n>p1 switch 6\n>p1 move shellsmash\n>p2 move focusblast\n>p1 switch 5\n>p2 switch 5\n>p1 move dragondance\n>p2 move toxic\n>p1 move earthquake dynamax\n>p2 switch 6\n>p2 switch 2\n>p1 move waterfall dynamax\n>p2 move icebeam","uploadtime":1591210326,"views":1,"p1id":"jigneshthakur","p2id":"pokefreak77","formatid":"gen8monotyperandombattle","rating":0,"private":0,"password":null}