{"id":"gen8randombattle-1694400349","p1":"OuoouoouO","p2":"Yokobaby","format":"gen8randombattle","log":"|j|\u2606OuoouoouO\n|j|\u2606Yokobaby\n|t:|1666702196\n|gametype|singles\n|player|p1|OuoouoouO|elesa|\n|player|p2|Yokobaby|cynthia-masters|\n|teamsize|p1|6\n|teamsize|p2|6\n|gen|8\n|tier|[Gen 8] Random Battle\n|rated|Tournament battle\n|rule|Species Clause: Limit one of each Pok\u00e9mon\n|rule|HP Percentage Mod: HP is shown in percentages\n|rule|Sleep Clause Mod: Limit one foe put to sleep\n|\n|t:|1666702196\n|start\n|switch|p1a: Bouffalant|Bouffalant, L84, M|297\/297\n|switch|p2a: Regidrago|Regidrago, L78|440\/440\n|turn|1\n|inactive|Battle timer is ON: inactive players will automatically lose when time's up. (requested by OuoouoouO)\n|j| star peach\n|inactive|OuoouoouO has 120 seconds left.\n|\n|t:|1666702234\n|move|p2a: Regidrago|Hammer Arm|p1a: Bouffalant\n|-supereffective|p1a: Bouffalant\n|-damage|p1a: Bouffalant|187\/297\n|-unboost|p2a: Regidrago|spe|1\n|move|p1a: Bouffalant|Head Charge|p2a: Regidrago\n|-crit|p2a: Regidrago\n|-damage|p2a: Regidrago|79\/440\n|-damage|p1a: Bouffalant|97\/297|[from] Recoil\n|\n|-heal|p1a: Bouffalant|115\/297|[from] item: Leftovers\n|upkeep\n|turn|2\n|j| tian_heng\n|l| tian_heng\n|\n|t:|1666702253\n|switch|p2a: Tauros|Tauros, L82, M|257\/257\n|move|p1a: Bouffalant|Earthquake|p2a: Tauros\n|-damage|p2a: Tauros|184\/257\n|\n|-heal|p1a: Bouffalant|133\/297|[from] item: Leftovers\n|upkeep\n|turn|3\n|\n|t:|1666702263\n|move|p2a: Tauros|Body Slam|p1a: Bouffalant\n|-damage|p1a: Bouffalant|3\/297\n|move|p1a: Bouffalant|Close Combat|p2a: Tauros\n|-supereffective|p2a: Tauros\n|-damage|p2a: Tauros|0 fnt\n|-unboost|p1a: Bouffalant|def|1\n|-unboost|p1a: Bouffalant|spd|1\n|faint|p2a: Tauros\n|\n|-heal|p1a: Bouffalant|21\/297|[from] item: Leftovers\n|upkeep\n|\n|t:|1666702274\n|switch|p2a: Unfezant|Unfezant, L84, M|271\/271\n|turn|4\n|\n|t:|1666702278\n|move|p2a: Unfezant|U-turn|p1a: Bouffalant\n|-crit|p1a: Bouffalant\n|-damage|p1a: Bouffalant|0 fnt\n|faint|p1a: Bouffalant\n|c|\u2606OuoouoouO|\u60b2\n|\n|t:|1666702287\n|switch|p2a: Regidrago|Regidrago, L78|79\/440\n|\n|upkeep\n|\n|t:|1666702292\n|switch|p1a: Rayquaza|Rayquaza, L74|277\/277\n|-ability|p1a: Rayquaza|Air Lock\n|turn|5\n|\n|t:|1666702313\n|-start|p1a: Rayquaza|Dynamax|\n|-heal|p1a: Rayquaza|554\/554|[silent]\n|move|p1a: Rayquaza|Max Airstream|p2a: Regidrago\n|-damage|p2a: Regidrago|0 fnt\n|-boost|p1a: Rayquaza|spe|1\n|faint|p2a: Regidrago\n|\n|upkeep\n|\n|t:|1666702328\n|switch|p2a: Primarina|Primarina, L82, F|265\/265\n|turn|6\n|\n|t:|1666702336\n|move|p1a: Rayquaza|Max Airstream|p2a: Primarina\n|-damage|p2a: Primarina|82\/265\n|-boost|p1a: Rayquaza|spe|1\n|move|p2a: Primarina|Moonblast|p1a: Rayquaza\n|-supereffective|p1a: Rayquaza\n|-damage|p1a: Rayquaza|150\/554\n|\n|upkeep\n|turn|7\n|\n|t:|1666702343\n|move|p1a: Rayquaza|Max Quake|p2a: Primarina\n|-damage|p2a: Primarina|0 fnt\n|-boost|p1a: Rayquaza|spd|1\n|faint|p2a: Primarina\n|\n|upkeep\n|\n|t:|1666702357\n|switch|p2a: Unfezant|Unfezant, L84, M|271\/271\n|-end|p1a: Rayquaza|Dynamax\n|-heal|p1a: Rayquaza|75\/277|[silent]\n|turn|8\n|\n|t:|1666702361\n|-start|p2a: Unfezant|Dynamax|\n|-heal|p2a: Unfezant|542\/542|[silent]\n|move|p1a: Rayquaza|Dragon Ascent|p2a: Unfezant\n|-damage|p2a: Unfezant|394\/542\n|-unboost|p1a: Rayquaza|def|1\n|-unboost|p1a: Rayquaza|spd|1\n|move|p2a: Unfezant|Max Airstream|p1a: Rayquaza\n|-crit|p1a: Rayquaza\n|-damage|p1a: Rayquaza|0 fnt\n|-boost|p2a: Unfezant|spe|1\n|faint|p1a: Rayquaza\n|\n|upkeep\n|\n|t:|1666702375\n|switch|p1a: Thievul|Thievul, L86, M|261\/261\n|turn|9\n|\n|t:|1666702379\n|move|p2a: Unfezant|Max Flutterby|p1a: Thievul\n|-supereffective|p1a: Thievul\n|-crit|p1a: Thievul\n|-damage|p1a: Thievul|0 fnt\n|faint|p1a: Thievul\n|\n|upkeep\n|\n|t:|1666702383\n|switch|p1a: Dracozolt|Dracozolt, L78|268\/268\n|turn|10\n|l| star peach\n|\n|t:|1666702394\n|move|p2a: Unfezant|Max Darkness|p1a: Dracozolt\n|-damage|p1a: Dracozolt|173\/268\n|-unboost|p1a: Dracozolt|spd|1\n|move|p1a: Dracozolt|Bolt Beak|p2a: Unfezant\n|-supereffective|p2a: Unfezant\n|-damage|p2a: Unfezant|146\/542\n|\n|upkeep\n|-end|p2a: Unfezant|Dynamax\n|-heal|p2a: Unfezant|73\/271|[silent]\n|turn|11\n|\n|t:|1666702402\n|move|p2a: Unfezant|Night Slash|p1a: Dracozolt\n|-crit|p1a: Dracozolt\n|-damage|p1a: Dracozolt|76\/268\n|move|p1a: Dracozolt|Bolt Beak|p2a: Unfezant|[miss]\n|-miss|p1a: Dracozolt|p2a: Unfezant\n|\n|upkeep\n|turn|12\n|c|\u2606Yokobaby|sry\n|\n|t:|1666702411\n|move|p2a: Unfezant|Night Slash|p1a: Dracozolt\n|-crit|p1a: Dracozolt\n|-damage|p1a: Dracozolt|0 fnt\n|faint|p1a: Dracozolt\n|\n|upkeep\n|c|\u2606OuoouoouO|\u8349\n|\n|t:|1666702423\n|switch|p1a: Celebi|Celebi, L82|298\/298\n|turn|13\n|\n|t:|1666702431\n|move|p2a: Unfezant|Night Slash|p1a: Celebi\n|-supereffective|p1a: Celebi\n|-crit|p1a: Celebi\n|-damage|p1a: Celebi|140\/298\n|move|p1a: Celebi|Psychic|p2a: Unfezant\n|-damage|p2a: Unfezant|0 fnt\n|faint|p2a: Unfezant\n|\n|upkeep\n|\n|t:|1666702437\n|switch|p2a: Weavile|Weavile, L79, F|240\/240\n|turn|14\n|\n|t:|1666702448\n|move|p2a: Weavile|Knock Off|p1a: Celebi\n|-supereffective|p1a: Celebi\n|-damage|p1a: Celebi|0 fnt\n|-enditem|p1a: Celebi|Choice Specs|[from] move: Knock Off|[of] p2a: Weavile\n|faint|p1a: Celebi\n|\n|upkeep\n|\n|t:|1666702451\n|switch|p1a: Sceptile|Sceptile, L86, M|261\/261\n|turn|15\n|j| sgaah\n|\n|t:|1666702458\n|move|p1a: Sceptile|Giga Drain|p2a: Weavile\n|-crit|p2a: Weavile\n|-damage|p2a: Weavile|92\/240\n|move|p2a: Weavile|Triple Axel|p1a: Sceptile\n|-supereffective|p1a: Sceptile\n|-damage|p1a: Sceptile|201\/261\n|-supereffective|p1a: Sceptile\n|-damage|p1a: Sceptile|87\/261\n|-supereffective|p1a: Sceptile\n|-damage|p1a: Sceptile|0 fnt\n|faint|p1a: Sceptile\n|-hitcount|p1: Sceptile|3\n|\n|win|Yokobaby\n|n|\u2606OuoouoouO|ouoouoouo\n|n|\u2606Yokobaby|yokobaby\n|n| sgaah|sgaah\n","inputlog":">version cdc5fe0aa6fcc38eea459fd4e334db1536a68c32\n>start {\"formatid\":\"gen8randombattle\",\"seed\":[19406,17213,21978,45057],\"rated\":\"Tournament battle\"}\n>player p1 {\"name\":\"OuoouoouO\",\"avatar\":\"elesa\",\"rating\":0,\"seed\":[46582,38797,59071,31802]}\n>player p2 {\"name\":\"Yokobaby\",\"avatar\":\"cynthia-masters\",\"rating\":0,\"seed\":[4324,32436,61688,64920]}\n>p1 move headcharge\n>p2 move hammerarm\n>p1 move earthquake\n>p2 switch 6\n>p1 move closecombat\n>p2 move bodyslam\n>p2 switch 2\n>p1 move headcharge\n>p2 move uturn\n>chat \u2606OuoouoouO|\u60b2\n>p2 switch 6\n>p1 switch 2\n>p1 move dragonascent dynamax\n>p2 move outrage\n>p2 switch 4\n>p1 move dragonascent dynamax\n>p2 move moonblast\n>p1 move earthquake dynamax\n>p2 move moonblast\n>p2 switch 6\n>p1 move dragonascent\n>p2 move bravebird dynamax\n>p1 switch 5\n>p1 move partingshot\n>p2 move uturn dynamax\n>p1 switch 3\n>p1 move boltbeak\n>p2 move nightslash dynamax\n>p1 move boltbeak\n>p2 move nightslash\n>chat \u2606Yokobaby|sry\n>p1 move boltbeak\n>p2 move nightslash\n>chat \u2606OuoouoouO|\u8349\n>p1 switch 6\n>p1 move psychic\n>p2 move nightslash\n>p2 switch 5\n>p1 move psychic\n>p2 move knockoff\n>p1 switch 4\n>p1 move gigadrain\n>p2 move tripleaxel","uploadtime":1666702459,"views":9,"p1id":"ouoouoouo","p2id":"yokobaby","formatid":"gen8randombattle","rating":0,"private":0,"password":null}