{"id":"gen8randombattle-1706970209","p1":"beelzemonbm","p2":"lacaauba","format":"gen8randombattle","log":"|j|\u2606beelzemonbm\n|j|\u2606lacaauba\n|t:|1668037513\n|gametype|singles\n|player|p1|beelzemonbm|265|1484\n|player|p2|lacaauba|blackbelt|1519\n|teamsize|p1|6\n|teamsize|p2|6\n|gen|8\n|tier|[Gen 8] Random Battle\n|rated|\n|rule|Species Clause: Limit one of each Pok\u00e9mon\n|rule|HP Percentage Mod: HP is shown in percentages\n|rule|Sleep Clause Mod: Limit one foe put to sleep\n|\n|t:|1668037513\n|start\n|switch|p1a: Golduck|Golduck, L86, M|278\/278\n|switch|p2a: Carbink|Carbink, L86|226\/226\n|turn|1\n|inactive|Battle timer is ON: inactive players will automatically lose when time's up. (requested by lacaauba)\n|\n|t:|1668037519\n|move|p1a: Golduck|Calm Mind|p1a: Golduck\n|-boost|p1a: Golduck|spa|1\n|-boost|p1a: Golduck|spd|1\n|move|p2a: Carbink|Light Screen|p2a: Carbink\n|-sidestart|p2: lacaauba|move: Light Screen\n|\n|upkeep\n|turn|2\n|\n|t:|1668037524\n|move|p1a: Golduck|Calm Mind|p1a: Golduck\n|-boost|p1a: Golduck|spa|1\n|-boost|p1a: Golduck|spd|1\n|move|p2a: Carbink|Reflect|p2a: Carbink\n|-sidestart|p2: lacaauba|Reflect\n|\n|upkeep\n|turn|3\n|\n|t:|1668037532\n|move|p1a: Golduck|Calm Mind|p1a: Golduck\n|-boost|p1a: Golduck|spa|1\n|-boost|p1a: Golduck|spd|1\n|move|p2a: Carbink|Body Press|p1a: Golduck\n|-damage|p1a: Golduck|183\/278\n|\n|upkeep\n|turn|4\n|\n|t:|1668037538\n|move|p1a: Golduck|Scald|p2a: Carbink\n|-supereffective|p2a: Carbink\n|-crit|p2a: Carbink\n|-ability|p2a: Carbink|Sturdy\n|-damage|p2a: Carbink|1\/226\n|-damage|p1a: Golduck|156\/278|[from] item: Life Orb\n|move|p2a: Carbink|Body Press|p1a: Golduck\n|-damage|p1a: Golduck|66\/278\n|\n|upkeep\n|turn|5\n|\n|t:|1668037548\n|move|p1a: Golduck|Psyshock|p2a: Carbink\n|-damage|p2a: Carbink|0 fnt\n|faint|p2a: Carbink\n|-damage|p1a: Golduck|39\/278|[from] item: Life Orb\n|\n|upkeep\n|\n|t:|1668037554\n|switch|p2a: Cinderace|Cinderace, L74, M|240\/240\n|turn|6\n|\n|t:|1668037559\n|move|p2a: Cinderace|High Jump Kick|p1a: Golduck\n|-start|p2a: Cinderace|typechange|Fighting|[from] ability: Libero\n|-damage|p1a: Golduck|0 fnt\n|faint|p1a: Golduck\n|\n|upkeep\n|\n|t:|1668037579\n|switch|p1a: Golurk|Golurk, L82|280\/280\n|turn|7\n|\n|t:|1668037587\n|switch|p2a: Marowak|Marowak, L86, M|243\/243\n|move|p1a: Golurk|Rock Polish|p1a: Golurk\n|-boost|p1a: Golurk|spe|2\n|\n|upkeep\n|turn|8\n|\n|t:|1668037594\n|move|p1a: Golurk|Poltergeist|p2a: Marowak\n|-activate|p2a: Marowak|move: Poltergeist|Thick Club\n|-damage|p2a: Marowak|173\/243\n|-damage|p1a: Golurk|252\/280|[from] item: Life Orb\n|move|p2a: Marowak|Knock Off|p1a: Golurk\n|-supereffective|p1a: Golurk\n|-damage|p1a: Golurk|0 fnt\n|-enditem|p1a: Golurk|Life Orb|[from] move: Knock Off|[of] p2a: Marowak\n|faint|p1a: Golurk\n|\n|-sideend|p2: lacaauba|move: Light Screen\n|upkeep\n|\n|t:|1668037605\n|switch|p1a: Articuno|Articuno, L84|288\/288\n|-ability|p1a: Articuno|Pressure\n|turn|9\n|\n|t:|1668037612\n|move|p1a: Articuno|Freeze-Dry|p2a: Marowak\n|-supereffective|p2a: Marowak\n|-damage|p2a: Marowak|33\/243\n|move|p2a: Marowak|Stone Edge|p1a: Articuno\n|-supereffective|p1a: Articuno\n|-damage|p1a: Articuno|0 fnt\n|faint|p1a: Articuno\n|\n|-sideend|p2: lacaauba|Reflect\n|upkeep\n|\n|t:|1668037626\n|switch|p1a: Togekiss|Togekiss, L80, F|267\/267\n|turn|10\n|\n|t:|1668037631\n|move|p1a: Togekiss|Nasty Plot|p1a: Togekiss\n|-boost|p1a: Togekiss|spa|2\n|move|p2a: Marowak|Stone Edge|p1a: Togekiss\n|-supereffective|p1a: Togekiss\n|-damage|p1a: Togekiss|0 fnt\n|faint|p1a: Togekiss\n|\n|upkeep\n|-message|beelzemonbm forfeited.\n|\n|win|lacaauba\n|raw|beelzemonbm's rating: 1484 &rarr; <strong>1466<\/strong><br \/>(-18 for losing)\n|raw|lacaauba's rating: 1519 &rarr; <strong>1537<\/strong><br \/>(+18 for winning)\n|l|\u2606beelzemonbm\n","inputlog":">version 453a3ad56483cc6a5c08448f6577d394b68621b7\n>start {\"formatid\":\"gen8randombattle\",\"seed\":[51699,61171,45265,33177],\"rated\":\"Rated battle\"}\n>player p1 {\"name\":\"beelzemonbm\",\"avatar\":\"265\",\"rating\":1484,\"seed\":[57942,38801,64769,58728]}\n>player p2 {\"name\":\"lacaauba\",\"avatar\":\"blackbelt\",\"rating\":1519,\"seed\":[22485,2091,6581,58893]}\n>p1 move calmmind\n>p2 move lightscreen\n>p1 move calmmind\n>p2 move reflect\n>p1 move calmmind\n>p2 move bodypress\n>p1 move scald\n>p2 move bodypress\n>p1 move psyshock\n>p2 move bodypress\n>p2 switch 6\n>p1 move scald\n>p2 move highjumpkick\n>p1 switch 3\n>p1 move rockpolish\n>p2 switch 3\n>p1 move poltergeist\n>p2 move knockoff\n>p1 switch 2\n>p1 move freezedry\n>p2 move stoneedge\n>p1 switch 4\n>p1 move nastyplot\n>p2 move stoneedge\n>forcelose p1","uploadtime":1668037640,"views":5,"p1id":"beelzemonbm","p2id":"lacaauba","formatid":"gen8randombattle","rating":1466,"private":0,"password":null}