{"id":"gen8randombattle-1696810856","p1":"asdflkwjeav","p2":"Ill Leave","format":"gen8randombattle","log":"|j|\u2606asdflkwjeav\n|j|\u2606Ill Leave\n|t:|1666932671\n|gametype|singles\n|player|p1|asdflkwjeav|unknown|1188\n|player|p2|Ill Leave|102|1223\n|teamsize|p1|6\n|teamsize|p2|6\n|gen|8\n|tier|[Gen 8] Random Battle\n|rated|\n|rule|Species Clause: Limit one of each Pok\u00e9mon\n|rule|HP Percentage Mod: HP is shown in percentages\n|rule|Sleep Clause Mod: Limit one foe put to sleep\n|\n|t:|1666932671\n|start\n|switch|p1a: Klefki|Klefki, L82, F|228\/228\n|switch|p2a: Wishiwashi|Wishiwashi, L84, M|213\/213\n|-formechange|p2a: Wishiwashi|Wishiwashi-School||[from] ability: Schooling\n|turn|1\n|\n|t:|1666932682\n|move|p1a: Klefki|Magnet Rise|p1a: Klefki\n|-start|p1a: Klefki|Magnet Rise\n|move|p2a: Wishiwashi|Earthquake|p1a: Klefki\n|-immune|p1a: Klefki\n|\n|upkeep\n|turn|2\n|\n|t:|1666932687\n|move|p1a: Klefki|Toxic|p2a: Wishiwashi|[miss]\n|-miss|p1a: Klefki|p2a: Wishiwashi\n|move|p2a: Wishiwashi|Scald|p1a: Klefki\n|-damage|p1a: Klefki|119\/228\n|-status|p1a: Klefki|brn\n|\n|-heal|p1a: Klefki|133\/228 brn|[from] item: Leftovers\n|-damage|p1a: Klefki|119\/228 brn|[from] brn\n|upkeep\n|turn|3\n|\n|t:|1666932697\n|move|p1a: Klefki|Toxic|p2a: Wishiwashi\n|-status|p2a: Wishiwashi|tox\n|move|p2a: Wishiwashi|U-turn|p1a: Klefki\n|-resisted|p1a: Klefki\n|-damage|p1a: Klefki|104\/228 brn\n|\n|t:|1666932701\n|switch|p2a: Klinklang|Klinklang, L84|238\/238\n|\n|-heal|p1a: Klefki|118\/228 brn|[from] item: Leftovers\n|-damage|p1a: Klefki|104\/228 brn|[from] brn\n|upkeep\n|turn|4\n|\n|t:|1666932708\n|move|p1a: Klefki|Thunder Wave|p2a: Klinklang\n|-status|p2a: Klinklang|par\n|cant|p2a: Klinklang|par\n|\n|-heal|p1a: Klefki|118\/228 brn|[from] item: Leftovers\n|-damage|p1a: Klefki|104\/228 brn|[from] brn\n|upkeep\n|turn|5\n|\n|t:|1666932720\n|switch|p1a: Slowbro|Slowbro-Galar, L86, F|304\/304\n|move|p2a: Klinklang|Substitute|p2a: Klinklang\n|-start|p2a: Klinklang|Substitute\n|-damage|p2a: Klinklang|179\/238 par\n|\n|-heal|p2a: Klinklang|193\/238 par|[from] item: Leftovers\n|upkeep\n|turn|6\n|\n|t:|1666932731\n|cant|p2a: Klinklang|par\n|move|p1a: Slowbro|Trick Room|p1a: Slowbro\n|-fieldstart|move: Trick Room|[of] p1a: Slowbro\n|\n|-heal|p2a: Klinklang|207\/238 par|[from] item: Leftovers\n|upkeep\n|turn|7\n|\n|t:|1666932738\n|move|p1a: Slowbro|Flamethrower|p2a: Klinklang\n|-supereffective|p2a: Klinklang\n|-end|p2a: Klinklang|Substitute\n|-damage|p1a: Slowbro|274\/304|[from] item: Life Orb\n|move|p2a: Klinklang|Gear Grind|p1a: Slowbro\n|-damage|p1a: Slowbro|228\/304\n|-damage|p1a: Slowbro|180\/304\n|-hitcount|p1a: Slowbro|2\n|\n|-heal|p2a: Klinklang|221\/238 par|[from] item: Leftovers\n|upkeep\n|turn|8\n|\n|t:|1666932751\n|switch|p2a: Wishiwashi|Wishiwashi, L84, M|213\/213 tox\n|-formechange|p2a: Wishiwashi|Wishiwashi-School||[from] ability: Schooling\n|move|p1a: Slowbro|Flamethrower|p2a: Wishiwashi\n|-resisted|p2a: Wishiwashi\n|-damage|p2a: Wishiwashi|192\/213 tox\n|-damage|p1a: Slowbro|150\/304|[from] item: Life Orb\n|\n|-damage|p2a: Wishiwashi|179\/213 tox|[from] psn\n|upkeep\n|turn|9\n|\n|t:|1666932761\n|switch|p1a: Amoonguss|Amoonguss, L84, M|329\/329\n|move|p2a: Wishiwashi|U-turn|p1a: Amoonguss\n|-damage|p1a: Amoonguss|250\/329\n|\n|t:|1666932767\n|switch|p2a: Klinklang|Klinklang, L84|221\/238 par\n|\n|-heal|p2a: Klinklang|235\/238 par|[from] item: Leftovers\n|-heal|p1a: Amoonguss|270\/329|[from] item: Black Sludge\n|upkeep\n|turn|10\n|\n|t:|1666932776\n|switch|p1a: Slowbro|Slowbro-Galar, L86, F|251\/304\n|move|p2a: Klinklang|Substitute|p2a: Klinklang\n|-start|p2a: Klinklang|Substitute\n|-damage|p2a: Klinklang|176\/238 par\n|\n|-heal|p2a: Klinklang|190\/238 par|[from] item: Leftovers\n|-fieldend|move: Trick Room\n|upkeep\n|turn|11\n|\n|t:|1666932783\n|move|p2a: Klinklang|Shift Gear|p2a: Klinklang\n|-boost|p2a: Klinklang|spe|2\n|-boost|p2a: Klinklang|atk|1\n|move|p1a: Slowbro|Flamethrower|p2a: Klinklang\n|-supereffective|p2a: Klinklang\n|-end|p2a: Klinklang|Substitute\n|-damage|p1a: Slowbro|221\/304|[from] item: Life Orb\n|\n|-heal|p2a: Klinklang|204\/238 par|[from] item: Leftovers\n|upkeep\n|turn|12\n|\n|t:|1666932793\n|cant|p2a: Klinklang|par\n|move|p1a: Slowbro|Flamethrower|p2a: Klinklang\n|-supereffective|p2a: Klinklang\n|-damage|p2a: Klinklang|19\/238 par\n|-damage|p1a: Slowbro|191\/304|[from] item: Life Orb\n|\n|-heal|p2a: Klinklang|33\/238 par|[from] item: Leftovers\n|upkeep\n|turn|13\n|\n|t:|1666932804\n|cant|p2a: Klinklang|par\n|move|p1a: Slowbro|Flamethrower|p2a: Klinklang\n|-supereffective|p2a: Klinklang\n|-damage|p2a: Klinklang|0 fnt\n|faint|p2a: Klinklang\n|-damage|p1a: Slowbro|161\/304|[from] item: Life Orb\n|\n|upkeep\n|\n|t:|1666932811\n|switch|p2a: Cinderace|Cinderace, L74, F|240\/240\n|turn|14\n|\n|t:|1666932826\n|switch|p1a: Kingler|Kingler, L84, F|230\/230\n|move|p2a: Cinderace|Pyro Ball|p1a: Kingler\n|-resisted|p1a: Kingler\n|-damage|p1a: Kingler|182\/230\n|\n|upkeep\n|turn|15\n|\n|t:|1666932836\n|switch|p2a: Cofagrigus|Cofagrigus, L86, M|240\/240\n|move|p1a: Kingler|Liquidation|p2a: Cofagrigus\n|-damage|p2a: Cofagrigus|107\/240\n|-activate|p2a: Cofagrigus|ability: Mummy|Sheer Force|[of] p1a: Kingler\n|-damage|p1a: Kingler|159\/230|[from] item: Life Orb\n|\n|-heal|p2a: Cofagrigus|122\/240|[from] item: Leftovers\n|upkeep\n|turn|16\n|\n|t:|1666932854\n|switch|p1a: Amoonguss|Amoonguss, L84, M|329\/329\n|move|p2a: Cofagrigus|Will-O-Wisp|p1a: Amoonguss\n|-status|p1a: Amoonguss|brn\n|\n|-heal|p2a: Cofagrigus|137\/240|[from] item: Leftovers\n|-damage|p1a: Amoonguss|309\/329 brn|[from] brn\n|upkeep\n|turn|17\n|\n|t:|1666932866\n|move|p2a: Cofagrigus|Shadow Ball|p1a: Amoonguss\n|-damage|p1a: Amoonguss|216\/329 brn\n|move|p1a: Amoonguss|Toxic|p2a: Cofagrigus\n|-status|p2a: Cofagrigus|tox\n|\n|-heal|p2a: Cofagrigus|152\/240 tox|[from] item: Leftovers\n|-heal|p1a: Amoonguss|236\/329 brn|[from] item: Black Sludge\n|-damage|p2a: Cofagrigus|137\/240 tox|[from] psn\n|-damage|p1a: Amoonguss|216\/329 brn|[from] brn\n|upkeep\n|turn|18\n|\n|t:|1666932882\n|switch|p2a: Cinderace|Cinderace, L74, F|240\/240\n|switch|p1a: Tyranitar|Tyranitar, L78, M|284\/284\n|-weather|Sandstorm|[from] ability: Sand Stream|[of] p1a: Tyranitar\n|\n|-weather|Sandstorm|[upkeep]\n|-damage|p2a: Cinderace|225\/240|[from] Sandstorm\n|upkeep\n|turn|19\n|\n|t:|1666932894\n|switch|p1a: Slowbro|Slowbro-Galar, L86, F|262\/304\n|move|p2a: Cinderace|Bulk Up|p2a: Cinderace\n|-start|p2a: Cinderace|typechange|Fighting|[from] ability: Libero\n|-boost|p2a: Cinderace|atk|1\n|-boost|p2a: Cinderace|def|1\n|\n|-weather|Sandstorm|[upkeep]\n|-damage|p2a: Cinderace|210\/240|[from] Sandstorm\n|-damage|p1a: Slowbro|243\/304|[from] Sandstorm\n|upkeep\n|turn|20\n|\n|t:|1666932903\n|move|p2a: Cinderace|Pyro Ball|p1a: Slowbro\n|-start|p2a: Cinderace|typechange|Fire|[from] ability: Libero\n|-damage|p1a: Slowbro|81\/304\n|move|p1a: Slowbro|Trick Room|p1a: Slowbro\n|-fieldstart|move: Trick Room|[of] p1a: Slowbro\n|\n|-weather|Sandstorm|[upkeep]\n|-damage|p1a: Slowbro|62\/304|[from] Sandstorm\n|-damage|p2a: Cinderace|195\/240|[from] Sandstorm\n|upkeep\n|turn|21\n|\n|t:|1666932916\n|switch|p1a: Kingler|Kingler, L84, F|159\/230\n|move|p2a: Cinderace|Sucker Punch||[still]\n|-fail|p2a: Cinderace\n|\n|-weather|Sandstorm|[upkeep]\n|-damage|p1a: Kingler|145\/230|[from] Sandstorm\n|-damage|p2a: Cinderace|180\/240|[from] Sandstorm\n|upkeep\n|turn|22\n|\n|t:|1666932923\n|move|p2a: Cinderace|Sucker Punch|p1a: Kingler\n|-start|p2a: Cinderace|typechange|Dark|[from] ability: Libero\n|-damage|p1a: Kingler|69\/230\n|move|p1a: Kingler|Liquidation|p2a: Cinderace\n|-damage|p2a: Cinderace|8\/240\n|\n|-weather|none\n|upkeep\n|turn|23\n|\n|t:|1666932932\n|move|p1a: Kingler|Swords Dance|p1a: Kingler\n|-boost|p1a: Kingler|atk|2\n|move|p2a: Cinderace|High Jump Kick|p1a: Kingler\n|-start|p2a: Cinderace|typechange|Fighting|[from] ability: Libero\n|-damage|p1a: Kingler|0 fnt\n|faint|p1a: Kingler\n|\n|upkeep\n|\n|t:|1666932941\n|switch|p1a: Amoonguss|Amoonguss, L84, M|325\/329 brn\n|turn|24\n|\n|t:|1666932945\n|switch|p2a: Cofagrigus|Cofagrigus, L86, M|137\/240 tox\n|move|p1a: Amoonguss|Giga Drain|p2a: Cofagrigus\n|-damage|p2a: Cofagrigus|79\/240 tox\n|-heal|p1a: Amoonguss|329\/329 brn|[from] drain|[of] p2a: Cofagrigus\n|\n|-heal|p2a: Cofagrigus|94\/240 tox|[from] item: Leftovers\n|-damage|p2a: Cofagrigus|79\/240 tox|[from] psn\n|-damage|p1a: Amoonguss|309\/329 brn|[from] brn\n|-fieldend|move: Trick Room\n|upkeep\n|turn|25\n|\n|t:|1666932962\n|move|p2a: Cofagrigus|Shadow Ball|p1a: Amoonguss\n|-damage|p1a: Amoonguss|212\/329 brn\n|move|p1a: Amoonguss|Giga Drain|p2a: Cofagrigus\n|-damage|p2a: Cofagrigus|22\/240 tox\n|-heal|p1a: Amoonguss|241\/329 brn|[from] drain|[of] p2a: Cofagrigus\n|\n|-heal|p2a: Cofagrigus|37\/240 tox|[from] item: Leftovers\n|-heal|p1a: Amoonguss|261\/329 brn|[from] item: Black Sludge\n|-damage|p2a: Cofagrigus|7\/240 tox|[from] psn\n|-damage|p1a: Amoonguss|241\/329 brn|[from] brn\n|upkeep\n|turn|26\n|\n|t:|1666932975\n|switch|p1a: Tyranitar|Tyranitar, L78, M|284\/284\n|-weather|Sandstorm|[from] ability: Sand Stream|[of] p1a: Tyranitar\n|move|p2a: Cofagrigus|Memento|p1a: Tyranitar\n|-unboost|p1a: Tyranitar|atk|2\n|-unboost|p1a: Tyranitar|spa|2\n|faint|p2a: Cofagrigus\n|\n|-weather|Sandstorm|[upkeep]\n|upkeep\n|\n|t:|1666932980\n|switch|p2a: Terrakion|Terrakion, L78|270\/270\n|turn|27\n|\n|t:|1666932988\n|switch|p1a: Cradily|Cradily, L86, F|288\/288\n|move|p2a: Terrakion|Swords Dance|p2a: Terrakion\n|-boost|p2a: Terrakion|atk|2\n|\n|-weather|Sandstorm|[upkeep]\n|upkeep\n|turn|28\n|\n|t:|1666932995\n|-start|p2a: Terrakion|Dynamax|\n|-heal|p2a: Terrakion|540\/540|[silent]\n|move|p2a: Terrakion|Max Knuckle|p1a: Cradily\n|-supereffective|p1a: Cradily\n|-damage|p1a: Cradily|0 fnt\n|-boost|p2a: Terrakion|atk|1\n|faint|p1a: Cradily\n|-damage|p2a: Terrakion|513\/540|[from] item: Life Orb\n|\n|-weather|Sandstorm|[upkeep]\n|upkeep\n|\n|t:|1666933006\n|switch|p1a: Klefki|Klefki, L82, F|104\/228 brn\n|turn|29\n|\n|t:|1666933010\n|move|p1a: Klefki|Thunder Wave|p2a: Terrakion\n|-status|p2a: Terrakion|par\n|move|p2a: Terrakion|Max Quake|p1a: Klefki\n|-supereffective|p1a: Klefki\n|-damage|p1a: Klefki|0 fnt\n|-boost|p2a: Terrakion|spd|1\n|faint|p1a: Klefki\n|-damage|p2a: Terrakion|486\/540 par|[from] item: Life Orb\n|\n|-weather|Sandstorm|[upkeep]\n|upkeep\n|\n|t:|1666933023\n|switch|p1a: Amoonguss|Amoonguss, L84, M|329\/329 brn\n|turn|30\n|\n|t:|1666933033\n|-start|p1a: Amoonguss|Dynamax|\n|-heal|p1a: Amoonguss|658\/658 brn|[silent]\n|move|p1a: Amoonguss|Max Guard|p1a: Amoonguss\n|-singleturn|p1a: Amoonguss|Max Guard\n|cant|p2a: Terrakion|par\n|\n|-weather|none\n|-damage|p1a: Amoonguss|638\/658 brn|[from] brn\n|upkeep\n|-end|p2a: Terrakion|Dynamax\n|-heal|p2a: Terrakion|243\/270 par|[silent]\n|turn|31\n|\n|t:|1666933043\n|move|p2a: Terrakion|Stone Edge|p1a: Amoonguss\n|-damage|p1a: Amoonguss|184\/658 brn\n|-damage|p2a: Terrakion|216\/270 par|[from] item: Life Orb\n|move|p1a: Amoonguss|Max Overgrowth|p2a: Terrakion\n|-supereffective|p2a: Terrakion\n|-damage|p2a: Terrakion|46\/270 par\n|-fieldstart|move: Grassy Terrain\n|\n|-heal|p2a: Terrakion|62\/270 par|[from] Grassy Terrain\n|-heal|p1a: Amoonguss|204\/658 brn|[from] Grassy Terrain\n|-heal|p1a: Amoonguss|224\/658 brn|[from] item: Black Sludge\n|-damage|p1a: Amoonguss|204\/658 brn|[from] brn\n|upkeep\n|turn|32\n|\n|t:|1666933060\n|-end|p1a: Amoonguss|Dynamax\n|-heal|p1a: Amoonguss|102\/329 brn|[silent]\n|switch|p1a: Slowbro|Slowbro-Galar, L86, F|163\/304\n|cant|p2a: Terrakion|par\n|\n|-heal|p2a: Terrakion|78\/270 par|[from] Grassy Terrain\n|-heal|p1a: Slowbro|182\/304|[from] Grassy Terrain\n|upkeep\n|turn|33\n|\n|t:|1666933070\n|move|p2a: Terrakion|Stone Edge|p1a: Slowbro\n|-damage|p1a: Slowbro|0 fnt\n|faint|p1a: Slowbro\n|-damage|p2a: Terrakion|51\/270 par|[from] item: Life Orb\n|\n|-heal|p2a: Terrakion|67\/270 par|[from] Grassy Terrain\n|upkeep\n|\n|t:|1666933076\n|switch|p1a: Tyranitar|Tyranitar, L78, M|284\/284\n|-weather|Sandstorm|[from] ability: Sand Stream|[of] p1a: Tyranitar\n|turn|34\n|\n|t:|1666933081\n|move|p1a: Tyranitar|Earthquake|p2a: Terrakion\n|-supereffective|p2a: Terrakion\n|-damage|p2a: Terrakion|0 fnt\n|faint|p2a: Terrakion\n|\n|-weather|Sandstorm|[upkeep]\n|upkeep\n|\n|t:|1666933085\n|switch|p2a: Wishiwashi|Wishiwashi, L84, M|179\/213 tox\n|-formechange|p2a: Wishiwashi|Wishiwashi-School||[from] ability: Schooling\n|turn|35\n|\n|t:|1666933089\n|switch|p1a: Amoonguss|Amoonguss, L84, M|211\/329 brn\n|move|p2a: Wishiwashi|Scald|p1a: Amoonguss\n|-resisted|p1a: Amoonguss\n|-damage|p1a: Amoonguss|151\/329 brn\n|\n|-weather|Sandstorm|[upkeep]\n|-damage|p1a: Amoonguss|131\/329 brn|[from] Sandstorm\n|-damage|p2a: Wishiwashi|166\/213 tox|[from] Sandstorm\n|-heal|p2a: Wishiwashi|179\/213 tox|[from] Grassy Terrain\n|-heal|p1a: Amoonguss|151\/329 brn|[from] Grassy Terrain\n|-heal|p1a: Amoonguss|171\/329 brn|[from] item: Black Sludge\n|-damage|p2a: Wishiwashi|166\/213 tox|[from] psn\n|-damage|p1a: Amoonguss|151\/329 brn|[from] brn\n|-fieldend|move: Grassy Terrain\n|upkeep\n|turn|36\n|\n|t:|1666933103\n|move|p2a: Wishiwashi|U-turn|p1a: Amoonguss\n|-damage|p1a: Amoonguss|78\/329 brn\n|\n|t:|1666933108\n|switch|p2a: Cinderace|Cinderace, L74, F|8\/240\n|move|p1a: Amoonguss|Giga Drain|p2a: Cinderace\n|-resisted|p2a: Cinderace\n|-damage|p2a: Cinderace|0 fnt\n|-heal|p1a: Amoonguss|82\/329 brn|[from] drain|[of] p2a: Cinderace\n|faint|p2a: Cinderace\n|\n|-weather|Sandstorm|[upkeep]\n|-damage|p1a: Amoonguss|62\/329 brn|[from] Sandstorm\n|-heal|p1a: Amoonguss|82\/329 brn|[from] item: Black Sludge\n|-damage|p1a: Amoonguss|62\/329 brn|[from] brn\n|upkeep\n|\n|t:|1666933110\n|switch|p2a: Rayquaza|Rayquaza, L74|277\/277\n|-ability|p2a: Rayquaza|Air Lock\n|turn|37\n|\n|t:|1666933132\n|move|p2a: Rayquaza|Swords Dance|p2a: Rayquaza\n|-boost|p2a: Rayquaza|atk|2\n|move|p1a: Amoonguss|Spore|p2a: Rayquaza\n|-status|p2a: Rayquaza|slp|[from] move: Spore\n|\n|-weather|Sandstorm|[upkeep]\n|-heal|p1a: Amoonguss|82\/329 brn|[from] item: Black Sludge\n|-damage|p1a: Amoonguss|62\/329 brn|[from] brn\n|upkeep\n|turn|38\n|\n|t:|1666933140\n|switch|p1a: Tyranitar|Tyranitar, L78, M|284\/284\n|cant|p2a: Rayquaza|slp\n|\n|-weather|none\n|upkeep\n|turn|39\n|\n|t:|1666933145\n|cant|p2a: Rayquaza|slp\n|move|p1a: Tyranitar|Dragon Dance|p1a: Tyranitar\n|-boost|p1a: Tyranitar|atk|1\n|-boost|p1a: Tyranitar|spe|1\n|\n|upkeep\n|turn|40\n|\n|t:|1666933150\n|move|p1a: Tyranitar|Stone Edge|p2a: Rayquaza\n|-supereffective|p2a: Rayquaza\n|-damage|p2a: Rayquaza|0 fnt\n|faint|p2a: Rayquaza\n|\n|upkeep\n|\n|t:|1666933153\n|switch|p2a: Wishiwashi|Wishiwashi, L84, M|166\/213 tox\n|-formechange|p2a: Wishiwashi|Wishiwashi-School||[from] ability: Schooling\n|turn|41\n|\n|t:|1666933159\n|move|p1a: Tyranitar|Crunch|p2a: Wishiwashi\n|-damage|p2a: Wishiwashi|69\/213 tox\n|move|p2a: Wishiwashi|Hydro Pump|p1a: Tyranitar\n|-supereffective|p1a: Tyranitar\n|-damage|p1a: Tyranitar|0 fnt\n|faint|p1a: Tyranitar\n|\n|-damage|p2a: Wishiwashi|56\/213 tox|[from] psn\n|upkeep\n|\n|t:|1666933166\n|switch|p1a: Amoonguss|Amoonguss, L84, M|171\/329 brn\n|turn|42\n|\n|t:|1666933169\n|move|p2a: Wishiwashi|U-turn|p1a: Amoonguss\n|-damage|p1a: Amoonguss|90\/329 brn\n|move|p1a: Amoonguss|Giga Drain|p2a: Wishiwashi\n|-supereffective|p2a: Wishiwashi\n|-damage|p2a: Wishiwashi|0 fnt\n|-heal|p1a: Amoonguss|118\/329 brn|[from] drain|[of] p2a: Wishiwashi\n|faint|p2a: Wishiwashi\n|\n|win|asdflkwjeav\n|raw|asdflkwjeav's rating: 1188 &rarr; <strong>1216<\/strong><br \/>(+28 for winning)\n|raw|Ill Leave's rating: 1223 &rarr; <strong>1195<\/strong><br \/>(-28 for losing)\n|l|\u2606Ill Leave\n","inputlog":">version 855bee47758c8e203fce9c72050fbccc525688e2\n>start {\"formatid\":\"gen8randombattle\",\"seed\":[43214,5253,32510,35101],\"rated\":\"Rated battle\"}\n>player p1 {\"name\":\"asdflkwjeav\",\"avatar\":\"unknown\",\"rating\":1188,\"seed\":[57536,9923,40328,50876]}\n>player p2 {\"name\":\"Ill Leave\",\"avatar\":\"102\",\"rating\":1223,\"seed\":[59048,44262,59955,47794]}\n>p1 move magnetrise\n>p2 move earthquake\n>p1 move toxic\n>p2 move scald\n>p1 move toxic\n>p2 move uturn\n>p2 switch 2\n>p1 move thunderwave\n>p2 move substitute\n>p1 switch 2\n>p2 move substitute\n>p1 move trickroom\n>p2 move shiftgear\n>p1 move flamethrower\n>p2 move geargrind\n>p1 move flamethrower\n>p2 switch 2\n>p1 switch 3\n>p2 move uturn\n>p2 switch 2\n>p1 switch 3\n>p2 move substitute\n>p1 move flamethrower\n>p2 move shiftgear\n>p1 move flamethrower\n>p2 move geargrind\n>p1 move flamethrower\n>p2 move geargrind\n>p2 switch 6\n>p1 switch 6\n>p2 move pyroball\n>p1 move liquidation\n>p2 switch 3\n>p1 switch 3\n>p2 move willowisp\n>p1 move toxic\n>p2 move shadowball\n>p1 switch 4\n>p2 switch 3\n>p1 switch 6\n>p2 move bulkup\n>p1 move trickroom\n>p2 move pyroball\n>p1 switch 3\n>p2 move suckerpunch\n>p1 move liquidation\n>p2 move suckerpunch\n>p1 move swordsdance\n>p2 move highjumpkick\n>p1 switch 4\n>p1 move gigadrain\n>p2 switch 3\n>p1 move gigadrain\n>p2 move shadowball\n>p1 switch 6\n>p2 move memento\n>p2 switch 5\n>p1 switch 5\n>p2 move swordsdance\n>p1 move powerwhip\n>p2 move closecombat dynamax\n>p1 switch 2\n>p1 move thunderwave\n>p2 move earthquake dynamax\n>p1 switch 6\n>p1 move spore dynamax\n>p2 move earthquake dynamax\n>p1 move gigadrain dynamax\n>p2 move stoneedge\n>p1 switch 3\n>p2 move stoneedge\n>p1 move trickroom\n>p2 move stoneedge\n>p1 switch 5\n>p1 move earthquake\n>p2 move closecombat\n>p2 switch 2\n>p1 switch 3\n>p2 move scald\n>p1 move gigadrain\n>p2 move uturn\n>p2 switch 3\n>p2 switch 4\n>p1 move spore\n>p2 move swordsdance\n>p1 switch 3\n>p2 move earthquake\n>p1 move dragondance\n>p2 move earthquake\n>p1 move stoneedge\n>p2 move earthquake\n>p2 switch 3\n>p1 move crunch\n>p2 move hydropump\n>p1 switch 3\n>p1 move gigadrain\n>p2 move uturn","uploadtime":1666933326,"views":9,"p1id":"asdflkwjeav","p2id":"illleave","formatid":"gen8randombattle","rating":1195,"private":0,"password":null}