{"id":"gen8bdsprandombattle-1518846023","p1":"lalaya","p2":"Ill Leave","format":"gen8bdsprandombattle","log":"|j|\u2606lalaya@!\n|j|\u2606Ill Leave\n|inactive|Battle timer is ON: inactive players will automatically lose when time's up.\n|t:|1645827027\n|gametype|singles\n|player|p1|lalaya|furisodegirl-black|\n|player|p2|Ill Leave|janine|\n|teamsize|p1|6\n|teamsize|p2|6\n|gen|8\n|tier|[Gen 8 BDSP] Random Battle\n|rated|Tournament battle\n|rule|Species Clause: Limit one of each Pok\u00e9mon\n|rule|HP Percentage Mod: HP is shown in percentages\n|rule|Sleep Clause Mod: Limit one foe put to sleep\n|\n|t:|1645827027\n|start\n|switch|p1a: Electrode|Electrode, L86|243\/243\n|switch|p2a: Swampert|Swampert, L82, M|298\/298\n|turn|1\n|inactive|lalaya also wants the timer to be on.\n|c|\u2606Ill Leave|hf\n|j| ATowerFalledXD\n|c|\u2606lalaya|u2\n|inactive|lalaya has 120 seconds left.\n|\n|t:|1645827058\n|move|p1a: Electrode|Light Screen|p1a: Electrode\n|-sidestart|p1: lalaya|move: Light Screen\n|move|p2a: Swampert|Scald|p1a: Electrode\n|-damage|p1a: Electrode|204\/243\n|-status|p1a: Electrode|brn\n|\n|-damage|p1a: Electrode|189\/243 brn|[from] brn\n|upkeep\n|turn|2\n|\n|t:|1645827071\n|switch|p1a: Noctowl|Noctowl, L86, M|311\/311\n|move|p2a: Swampert|Earthquake|p1a: Noctowl\n|-immune|p1a: Noctowl\n|\n|upkeep\n|turn|3\n|\n|t:|1645827083\n|move|p1a: Noctowl|Hypnosis|p2a: Swampert\n|-status|p2a: Swampert|slp|[from] move: Hypnosis\n|cant|p2a: Swampert|slp\n|\n|upkeep\n|turn|4\n|\n|t:|1645827086\n|move|p1a: Noctowl|Nasty Plot|p1a: Noctowl\n|-boost|p1a: Noctowl|spa|2\n|cant|p2a: Swampert|slp\n|\n|upkeep\n|turn|5\n|\n|t:|1645827090\n|move|p1a: Noctowl|Hurricane|p2a: Swampert\n|-damage|p2a: Swampert|75\/298 slp\n|-curestatus|p2a: Swampert|slp|[msg]\n|move|p2a: Swampert|Stone Edge|p1a: Noctowl\n|-supereffective|p1a: Noctowl\n|-damage|p1a: Noctowl|73\/311\n|\n|-heal|p1a: Noctowl|92\/311|[from] item: Leftovers\n|-sideend|p1: lalaya|move: Light Screen\n|upkeep\n|turn|6\n|\n|t:|1645827116\n|move|p1a: Noctowl|Roost|p1a: Noctowl\n|-heal|p1a: Noctowl|248\/311\n|-singleturn|p1a: Noctowl|move: Roost\n|move|p2a: Swampert|Ice Beam|p1a: Noctowl\n|-damage|p1a: Noctowl|200\/311\n|\n|-heal|p1a: Noctowl|219\/311|[from] item: Leftovers\n|upkeep\n|turn|7\n|c| ATowerFalledXD|hey thats a coincidence u got a\n|c| ATowerFalledXD|noctowl\n|c|\u2606lalaya|LMFAO\n|c| ATowerFalledXD|lalaya???\n|\n|t:|1645827144\n|switch|p2a: Sableye|Sableye, L84, F|221\/221\n|move|p1a: Noctowl|Hurricane|p2a: Sableye|[miss]\n|-miss|p1a: Noctowl|p2a: Sableye\n|\n|-heal|p1a: Noctowl|238\/311|[from] item: Leftovers\n|upkeep\n|turn|8\n|\n|t:|1645827159\n|move|p2a: Sableye|Will-O-Wisp|p1a: Noctowl\n|-status|p1a: Noctowl|brn\n|move|p1a: Noctowl|Hurricane|p2a: Sableye\n|-damage|p2a: Sableye|0 fnt\n|faint|p2a: Sableye\n|\n|-heal|p1a: Noctowl|257\/311 brn|[from] item: Leftovers\n|-damage|p1a: Noctowl|238\/311 brn|[from] brn\n|upkeep\n|c|\u2606lalaya|nesnot is offline noooo\n|inactive|Ill Leave has 120 seconds left.\n|c| ATowerFalledXD|rip\n|c| ATowerFalledXD|gotta save the replay and show\n|c| ATowerFalledXD|hen they get on\n|c| ATowerFalledXD|when*\n|\n|t:|1645827198\n|switch|p2a: Swampert|Swampert, L82, M|75\/298\n|turn|9\n|\n|t:|1645827202\n|move|p1a: Noctowl|Hurricane|p2a: Swampert\n|-damage|p2a: Swampert|0 fnt\n|faint|p2a: Swampert\n|\n|-heal|p1a: Noctowl|257\/311 brn|[from] item: Leftovers\n|-damage|p1a: Noctowl|238\/311 brn|[from] brn\n|upkeep\n|\n|t:|1645827207\n|switch|p2a: Darkrai|Darkrai, L76|231\/231\n|turn|10\n|c|\u2606lalaya|OH GOD NOT\n|c| ATowerFalledXD|bruh\n|\n|t:|1645827217\n|move|p2a: Darkrai|Dark Pulse|p1a: Noctowl\n|-damage|p1a: Noctowl|148\/311 brn\n|move|p1a: Noctowl|Hurricane|p2a: Darkrai\n|-damage|p2a: Darkrai|0 fnt\n|faint|p2a: Darkrai\n|\n|-heal|p1a: Noctowl|167\/311 brn|[from] item: Leftovers\n|-damage|p1a: Noctowl|148\/311 brn|[from] brn\n|upkeep\n|c|\u2606lalaya|nevermind\n|c| ATowerFalledXD|k\n|inactive|Ill Leave has 120 seconds left.\n|\n|t:|1645827236\n|switch|p2a: Kecleon|Kecleon, L86, M|243\/243\n|turn|11\n|\n|t:|1645827239\n|move|p2a: Kecleon|Fake Out|p1a: Noctowl\n|-damage|p1a: Noctowl|88\/311 brn\n|cant|p1a: Noctowl|flinch\n|\n|-heal|p1a: Noctowl|107\/311 brn|[from] item: Leftovers\n|-damage|p1a: Noctowl|88\/311 brn|[from] brn\n|upkeep\n|turn|12\n|\n|t:|1645827246\n|move|p1a: Noctowl|Roost|p1a: Noctowl\n|-heal|p1a: Noctowl|244\/311 brn\n|-singleturn|p1a: Noctowl|move: Roost\n|move|p2a: Kecleon|Drain Punch|p1a: Noctowl\n|-start|p2a: Kecleon|typechange|Fighting|[from] ability: Protean\n|-supereffective|p1a: Noctowl\n|-damage|p1a: Noctowl|34\/311 brn\n|\n|-heal|p1a: Noctowl|53\/311 brn|[from] item: Leftovers\n|-damage|p1a: Noctowl|34\/311 brn|[from] brn\n|upkeep\n|turn|13\n|\n|t:|1645827255\n|move|p1a: Noctowl|Roost|p1a: Noctowl\n|-heal|p1a: Noctowl|190\/311 brn\n|-singleturn|p1a: Noctowl|move: Roost\n|move|p2a: Kecleon|Drain Punch|p1a: Noctowl\n|-supereffective|p1a: Noctowl\n|-damage|p1a: Noctowl|0 fnt\n|faint|p1a: Noctowl\n|\n|upkeep\n|\n|t:|1645827262\n|switch|p1a: Deoxys|Deoxys, L76|201\/201\n|-ability|p1a: Deoxys|Pressure\n|turn|14\n|c| ATowerFalledXD|wtf\n|j| 22Fearking\n|\n|t:|1645827291\n|switch|p1a: Armaldo|Armaldo, L86, M|269\/269\n|switch|p2a: Wormadam|Wormadam-Sandy, L86, F|243\/243\n|\n|upkeep\n|turn|15\n|inactive|lalaya has 120 seconds left.\n|\n|t:|1645827315\n|move|p1a: Armaldo|Rapid Spin|p2a: Wormadam\n|-damage|p2a: Wormadam|207\/243\n|-boost|p1a: Armaldo|spe|1\n|move|p2a: Wormadam|Stealth Rock|p1a: Armaldo\n|-sidestart|p1: lalaya|move: Stealth Rock\n|\n|-heal|p2a: Wormadam|222\/243|[from] item: Leftovers\n|upkeep\n|turn|16\n|\n|t:|1645827322\n|move|p1a: Armaldo|Rapid Spin|p2a: Wormadam\n|-damage|p2a: Wormadam|182\/243\n|-boost|p1a: Armaldo|spe|1\n|-sideend|p1: lalaya|Stealth Rock|[from] move: Rapid Spin|[of] p1a: Armaldo\n|move|p2a: Wormadam|Rock Blast|p1a: Armaldo\n|-supereffective|p1a: Armaldo\n|-damage|p1a: Armaldo|241\/269\n|-supereffective|p1a: Armaldo\n|-damage|p1a: Armaldo|213\/269\n|-supereffective|p1a: Armaldo\n|-damage|p1a: Armaldo|185\/269\n|-hitcount|p1a: Armaldo|3\n|\n|-heal|p1a: Armaldo|201\/269|[from] item: Leftovers\n|-heal|p2a: Wormadam|197\/243|[from] item: Leftovers\n|upkeep\n|turn|17\n|\n|t:|1645827336\n|move|p1a: Armaldo|Knock Off|p2a: Wormadam\n|-damage|p2a: Wormadam|120\/243\n|-enditem|p2a: Wormadam|Leftovers|[from] move: Knock Off|[of] p1a: Armaldo\n|move|p2a: Wormadam|Rock Blast|p1a: Armaldo\n|-supereffective|p1a: Armaldo\n|-damage|p1a: Armaldo|169\/269\n|-supereffective|p1a: Armaldo\n|-damage|p1a: Armaldo|141\/269\n|-hitcount|p1a: Armaldo|2\n|\n|-heal|p1a: Armaldo|157\/269|[from] item: Leftovers\n|upkeep\n|turn|18\n|\n|t:|1645827347\n|move|p1a: Armaldo|Stone Edge|p2a: Wormadam\n|-damage|p2a: Wormadam|5\/243\n|move|p2a: Wormadam|Bug Buzz|p1a: Armaldo\n|-damage|p1a: Armaldo|84\/269\n|\n|-heal|p1a: Armaldo|100\/269|[from] item: Leftovers\n|upkeep\n|turn|19\n|\n|t:|1645827359\n|move|p1a: Armaldo|Rapid Spin|p2a: Wormadam\n|-damage|p2a: Wormadam|0 fnt\n|-boost|p1a: Armaldo|spe|1\n|faint|p2a: Wormadam\n|\n|-heal|p1a: Armaldo|116\/269|[from] item: Leftovers\n|upkeep\n|\n|t:|1645827368\n|switch|p2a: Kecleon|Kecleon, L86, M|243\/243\n|turn|20\n|\n|t:|1645827373\n|move|p1a: Armaldo|Knock Off|p2a: Kecleon\n|-damage|p2a: Kecleon|150\/243\n|-enditem|p2a: Kecleon|Leftovers|[from] move: Knock Off|[of] p1a: Armaldo\n|move|p2a: Kecleon|Thunder Wave|p1a: Armaldo\n|-start|p2a: Kecleon|typechange|Electric|[from] ability: Protean\n|-status|p1a: Armaldo|par\n|\n|-heal|p1a: Armaldo|132\/269 par|[from] item: Leftovers\n|upkeep\n|turn|21\n|\n|t:|1645827397\n|move|p1a: Armaldo|Stone Edge|p2a: Kecleon\n|-damage|p2a: Kecleon|0 fnt\n|faint|p2a: Kecleon\n|\n|-heal|p1a: Armaldo|148\/269 par|[from] item: Leftovers\n|upkeep\n|\n|t:|1645827402\n|switch|p2a: Hitmonlee|Hitmonlee, L84, M|221\/221\n|turn|22\n|\n|t:|1645827406\n|move|p2a: Hitmonlee|Bulk Up|p2a: Hitmonlee\n|-boost|p2a: Hitmonlee|atk|1\n|-boost|p2a: Hitmonlee|def|1\n|move|p1a: Armaldo|Knock Off|p2a: Hitmonlee\n|-resisted|p2a: Hitmonlee\n|-damage|p2a: Hitmonlee|181\/221\n|-enditem|p2a: Hitmonlee|Life Orb|[from] move: Knock Off|[of] p1a: Armaldo\n|\n|-heal|p1a: Armaldo|164\/269 par|[from] item: Leftovers\n|upkeep\n|turn|23\n|\n|t:|1645827417\n|move|p2a: Hitmonlee|High Jump Kick|p1a: Armaldo\n|-damage|p1a: Armaldo|0 fnt\n|faint|p1a: Armaldo\n|\n|upkeep\n|\n|t:|1645827419\n|switch|p1a: Kecleon|Kecleon, L86, M|243\/243\n|turn|24\n|\n|t:|1645827425\n|move|p1a: Kecleon|Fake Out|p2a: Hitmonlee\n|-damage|p2a: Hitmonlee|139\/221\n|cant|p2a: Hitmonlee|flinch\n|\n|upkeep\n|turn|25\n|\n|t:|1645827428\n|move|p1a: Kecleon|Shadow Sneak|p2a: Hitmonlee\n|-start|p1a: Kecleon|typechange|Ghost|[from] ability: Protean\n|-damage|p2a: Hitmonlee|96\/221\n|move|p2a: Hitmonlee|High Jump Kick|p1a: Kecleon\n|-immune|p1a: Kecleon\n|-damage|p2a: Hitmonlee|0 fnt|[from] highjumpkick\n|faint|p2a: Hitmonlee\n|\n|win|lalaya\n|n|\u2606lalaya@!|lalaya\n|n|\u2606Ill Leave|illleave\n|n| ATowerFalledXD|atowerfalledxd\n|n| 22Fearking|22fearking\n|c|\u2606lalaya|gg\n|c|\u2606Ill Leave|gg\n|l|\u2606lalaya\n|l| 22Fearking\n|l| ATowerFalledXD\n|j| ATowerFalledXD\n","inputlog":">version 4cbbdf94d72641525b7130d713438791e0e1bacf\n>start {\"formatid\":\"gen8bdsprandombattle\",\"seed\":[31493,47810,55492,34381],\"rated\":\"Tournament battle\"}\n>player p1 {\"name\":\"lalaya\",\"avatar\":\"furisodegirl-black\",\"rating\":0,\"seed\":[18879,52621,8729,55167]}\n>player p2 {\"name\":\"Ill Leave\",\"avatar\":\"janine\",\"rating\":0,\"seed\":[3382,24128,50616,63967]}\n>chat \u2606Ill Leave|hf\n>chat \u2606lalaya|u2\n>p1 move lightscreen\n>p2 move scald\n>p1 switch 5\n>p2 move earthquake\n>p1 move hypnosis\n>p2 move stoneedge\n>p1 move nastyplot\n>p2 move stoneedge\n>p1 move hurricane\n>p2 move stoneedge\n>p1 move roost\n>p2 move icebeam\n>chat  ATowerFalledXD|hey thats a coincidence u got a \n>chat  ATowerFalledXD|noctowl\n>chat  ATowerFalledXD|.\n>chat \u2606lalaya|LMFAO\n>chat  ATowerFalledXD|lalaya???\n>p1 move hurricane\n>p2 switch 4\n>p1 move hurricane\n>p2 move willowisp\n>chat \u2606lalaya|nesnot is offline noooo\n>chat  ATowerFalledXD|rip\n>chat  ATowerFalledXD|gotta save the replay and show \n>chat  ATowerFalledXD|hen they get on\n>chat  ATowerFalledXD|when*\n>p2 switch 4\n>p1 move hurricane\n>p2 move stoneedge\n>p2 switch 5\n>chat \u2606lalaya|OH GOD NOT\n>chat  ATowerFalledXD|bruh\n>chat  ATowerFalledXD|.\n>p1 move hurricane\n>p2 move darkpulse\n>chat \u2606lalaya|nevermind\n>chat  ATowerFalledXD|k\n>p2 switch 2\n>p1 move roost\n>p2 move fakeout\n>p1 move roost\n>p2 move drainpunch\n>p1 move roost\n>p2 move drainpunch\n>p1 switch 2\n>chat  ATowerFalledXD|wtf\n>p1 switch 3\n>p2 switch 3\n>p1 move rapidspin\n>p2 move stealthrock\n>p1 move rapidspin\n>p2 move rockblast\n>p1 move knockoff\n>p2 move rockblast\n>p1 move stoneedge\n>p2 move bugbuzz\n>p1 move rapidspin\n>p2 move rockblast\n>p2 switch 3\n>p1 move knockoff\n>p2 move thunderwave\n>p1 move stoneedge\n>p2 move drainpunch\n>p2 switch 6\n>p1 move knockoff\n>p2 move bulkup\n>p1 move rapidspin\n>p2 move highjumpkick\n>p1 switch 4\n>p1 move fakeout\n>p2 move earthquake\n>p1 move shadowsneak\n>p2 move highjumpkick","uploadtime":1645827476,"views":3,"p1id":"lalaya","p2id":"illleave","formatid":"gen8bdsprandombattle","rating":0,"private":0,"password":null}