{"id":"gen8randombattle-1641016338","p1":"BlizzardZeeshan","p2":"brifye","format":"gen8randombattle","log":"|j|\u2606BlizzardZeeshan\n|j|\u2606brifye\n|t:|1660663135\n|gametype|singles\n|player|p1|BlizzardZeeshan|lance|1702\n|player|p2|brifye|petrel|1637\n|teamsize|p1|6\n|teamsize|p2|6\n|gen|8\n|tier|[Gen 8] Random Battle\n|rated|\n|rule|Species Clause: Limit one of each Pok\u00e9mon\n|rule|HP Percentage Mod: HP is shown in percentages\n|rule|Sleep Clause Mod: Limit one foe put to sleep\n|\n|t:|1660663135\n|start\n|switch|p1a: Corviknight|Corviknight, L78, F|281\/281\n|switch|p2a: Mienshao|Mienshao, L82, F|241\/241\n|turn|1\n|inactive|Battle timer is ON: inactive players will automatically lose when time's up. (requested by BlizzardZeeshan)\n|\n|t:|1660663146\n|switch|p2a: Tentacruel|Tentacruel, L84, M|272\/272\n|move|p1a: Corviknight|Brave Bird|p2a: Tentacruel\n|-damage|p2a: Tentacruel|134\/272\n|-damage|p1a: Corviknight|235\/281|[from] Recoil\n|\n|-heal|p2a: Tentacruel|151\/272|[from] item: Black Sludge\n|-heal|p1a: Corviknight|252\/281|[from] item: Leftovers\n|upkeep\n|turn|2\n|\n|t:|1660663157\n|switch|p1a: Mantine|Mantine, L86, M|286\/286\n|move|p2a: Tentacruel|Knock Off|p1a: Mantine\n|-damage|p1a: Mantine|219\/286\n|-enditem|p1a: Mantine|Heavy-Duty Boots|[from] move: Knock Off|[of] p2a: Tentacruel\n|\n|-heal|p2a: Tentacruel|168\/272|[from] item: Black Sludge\n|upkeep\n|turn|3\n|\n|t:|1660663172\n|switch|p2a: Dusknoir|Dusknoir, L86, M|218\/218\n|move|p1a: Mantine|Hurricane|p2a: Dusknoir|[miss]\n|-miss|p1a: Mantine|p2a: Dusknoir\n|\n|upkeep\n|turn|4\n|\n|t:|1660663181\n|move|p1a: Mantine|Toxic|p2a: Dusknoir\n|-status|p2a: Dusknoir|tox\n|move|p2a: Dusknoir|Poltergeist||[still]\n|-fail|p2a: Dusknoir\n|\n|-damage|p2a: Dusknoir|205\/218 tox|[from] psn\n|upkeep\n|turn|5\n|\n|t:|1660663200\n|switch|p2a: Tentacruel|Tentacruel, L84, M|168\/272\n|move|p1a: Mantine|Hurricane|p2a: Tentacruel\n|-damage|p2a: Tentacruel|84\/272\n|\n|-heal|p2a: Tentacruel|101\/272|[from] item: Black Sludge\n|upkeep\n|turn|6\n|\n|t:|1660663209\n|move|p2a: Tentacruel|Knock Off|p1a: Mantine\n|-damage|p1a: Mantine|176\/286\n|move|p1a: Mantine|Hurricane|p2a: Tentacruel\n|-damage|p2a: Tentacruel|20\/272\n|\n|-heal|p2a: Tentacruel|37\/272|[from] item: Black Sludge\n|upkeep\n|turn|7\n|\n|t:|1660663223\n|switch|p2a: Tornadus|Tornadus, L80, M|258\/258\n|move|p1a: Mantine|Roost|p1a: Mantine\n|-heal|p1a: Mantine|286\/286\n|-singleturn|p1a: Mantine|move: Roost\n|\n|upkeep\n|turn|8\n|\n|t:|1660663237\n|move|p2a: Tornadus|Nasty Plot|p2a: Tornadus\n|-boost|p2a: Tornadus|spa|2\n|move|p1a: Mantine|Toxic|p2a: Tornadus\n|-status|p2a: Tornadus|tox\n|\n|-damage|p2a: Tornadus|242\/258 tox|[from] psn\n|upkeep\n|turn|9\n|\n|t:|1660663243\n|switch|p1a: Arcanine|Arcanine, L82, M|282\/282\n|move|p2a: Tornadus|Hurricane|p1a: Arcanine|[miss]\n|-miss|p2a: Tornadus|p1a: Arcanine\n|\n|-damage|p2a: Tornadus|210\/258 tox|[from] psn\n|upkeep\n|turn|10\n|\n|t:|1660663257\n|switch|p1a: Dedenne|Dedenne, L87, F|258\/258\n|move|p2a: Tornadus|Hurricane|p1a: Dedenne|[miss]\n|-miss|p2a: Tornadus|p1a: Dedenne\n|\n|-damage|p2a: Tornadus|162\/258 tox|[from] psn\n|upkeep\n|turn|11\n|\n|t:|1660663267\n|switch|p2a: Tentacruel|Tentacruel, L84, M|37\/272\n|move|p1a: Dedenne|Protect||[still]\n|-fail|p1a: Dedenne\n|\n|-heal|p2a: Tentacruel|54\/272|[from] item: Black Sludge\n|upkeep\n|turn|12\n|\n|t:|1660663278\n|move|p1a: Dedenne|Thunderbolt|p2a: Tentacruel\n|-supereffective|p2a: Tentacruel\n|-damage|p2a: Tentacruel|0 fnt\n|faint|p2a: Tentacruel\n|\n|upkeep\n|\n|t:|1660663284\n|switch|p2a: Reshiram|Reshiram, L74|270\/270\n|-ability|p2a: Reshiram|Turboblaze\n|turn|13\n|\n|t:|1660663292\n|move|p1a: Dedenne|Toxic|p2a: Reshiram\n|-status|p2a: Reshiram|tox\n|move|p2a: Reshiram|Toxic|p1a: Dedenne\n|-status|p1a: Dedenne|tox\n|\n|-damage|p1a: Dedenne|242\/258 tox|[from] psn\n|-damage|p2a: Reshiram|254\/270 tox|[from] psn\n|upkeep\n|turn|14\n|\n|t:|1660663300\n|move|p1a: Dedenne|Protect|p1a: Dedenne\n|-singleturn|p1a: Dedenne|Protect\n|move|p2a: Reshiram|Blue Flare|p1a: Dedenne\n|-activate|p1a: Dedenne|move: Protect\n|\n|-damage|p1a: Dedenne|210\/258 tox|[from] psn\n|-damage|p2a: Reshiram|222\/270 tox|[from] psn\n|upkeep\n|turn|15\n|\n|t:|1660663307\n|switch|p1a: Arcanine|Arcanine, L82, M|282\/282\n|move|p2a: Reshiram|Blue Flare|p1a: Arcanine\n|-resisted|p1a: Arcanine\n|-damage|p1a: Arcanine|199\/282\n|\n|-damage|p2a: Reshiram|174\/270 tox|[from] psn\n|upkeep\n|turn|16\n|\n|t:|1660663322\n|switch|p1a: Dedenne|Dedenne, L87, F|210\/258 tox\n|switch|p2a: Araquanid|Araquanid, L80, F|240\/240\n|\n|-damage|p1a: Dedenne|194\/258 tox|[from] psn\n|upkeep\n|turn|17\n|\n|t:|1660663334\n|move|p1a: Dedenne|Thunderbolt|p2a: Araquanid\n|-supereffective|p2a: Araquanid\n|-damage|p2a: Araquanid|94\/240\n|move|p2a: Araquanid|Sticky Web|p1a: Dedenne\n|-sidestart|p1: BlizzardZeeshan|move: Sticky Web\n|\n|-damage|p1a: Dedenne|162\/258 tox|[from] psn\n|upkeep\n|turn|18\n|\n|t:|1660663341\n|move|p1a: Dedenne|Thunderbolt|p2a: Araquanid\n|-supereffective|p2a: Araquanid\n|-damage|p2a: Araquanid|0 fnt\n|faint|p2a: Araquanid\n|\n|-damage|p1a: Dedenne|114\/258 tox|[from] psn\n|upkeep\n|-enditem|p1a: Dedenne|Sitrus Berry|[eat]\n|-heal|p1a: Dedenne|178\/258 tox|[from] item: Sitrus Berry\n|-heal|p1a: Dedenne|258\/258 tox|[from] ability: Cheek Pouch\n|\n|t:|1660663355\n|switch|p2a: Dusknoir|Dusknoir, L86, M|205\/218 tox\n|turn|19\n|\n|t:|1660663359\n|move|p1a: Dedenne|Protect|p1a: Dedenne\n|-singleturn|p1a: Dedenne|Protect\n|move|p2a: Dusknoir|Trick|p1a: Dedenne\n|-activate|p1a: Dedenne|move: Protect\n|\n|-damage|p1a: Dedenne|194\/258 tox|[from] psn\n|-damage|p2a: Dusknoir|192\/218 tox|[from] psn\n|upkeep\n|turn|20\n|\n|t:|1660663369\n|switch|p1a: Mantine|Mantine, L86, M|286\/286\n|move|p2a: Dusknoir|Trick|p1a: Mantine\n|-activate|p2a: Dusknoir|move: Trick|[of] p1a: Mantine\n|-item|p1a: Mantine|Choice Band|[from] move: Trick\n|-enditem|p2a: Dusknoir|Choice Band|[silent]|[from] move: Trick\n|\n|-damage|p2a: Dusknoir|166\/218 tox|[from] psn\n|upkeep\n|turn|21\n|\n|t:|1660663379\n|move|p1a: Mantine|Hurricane|p2a: Dusknoir\n|-damage|p2a: Dusknoir|99\/218 tox\n|-start|p2a: Dusknoir|confusion\n|-activate|p2a: Dusknoir|confusion\n|-damage|p2a: Dusknoir|77\/218 tox|[from] confusion\n|\n|-damage|p2a: Dusknoir|38\/218 tox|[from] psn\n|upkeep\n|turn|22\n|\n|t:|1660663386\n|move|p1a: Mantine|Hurricane|p2a: Dusknoir\n|-damage|p2a: Dusknoir|0 fnt\n|faint|p2a: Dusknoir\n|\n|upkeep\n|\n|t:|1660663393\n|switch|p2a: Mienshao|Mienshao, L82, F|241\/241\n|turn|23\n|\n|t:|1660663408\n|switch|p2a: Reshiram|Reshiram, L74|174\/270 tox\n|-ability|p2a: Reshiram|Turboblaze\n|move|p1a: Mantine|Hurricane|p2a: Reshiram\n|-damage|p2a: Reshiram|86\/270 tox\n|\n|-damage|p2a: Reshiram|70\/270 tox|[from] psn\n|upkeep\n|turn|24\n|\n|t:|1660663418\n|move|p2a: Reshiram|Roost|p2a: Reshiram\n|-heal|p2a: Reshiram|205\/270 tox\n|-singleturn|p2a: Reshiram|move: Roost\n|move|p1a: Mantine|Hurricane|p2a: Reshiram|[miss]\n|-miss|p1a: Mantine|p2a: Reshiram\n|\n|-damage|p2a: Reshiram|173\/270 tox|[from] psn\n|upkeep\n|turn|25\n|\n|t:|1660663425\n|move|p2a: Reshiram|Draco Meteor|p1a: Mantine|[miss]\n|-miss|p2a: Reshiram|p1a: Mantine\n|move|p1a: Mantine|Hurricane|p2a: Reshiram\n|-damage|p2a: Reshiram|70\/270 tox\n|\n|-damage|p2a: Reshiram|22\/270 tox|[from] psn\n|upkeep\n|turn|26\n|\n|t:|1660663433\n|move|p2a: Reshiram|Draco Meteor|p1a: Mantine\n|-damage|p1a: Mantine|186\/286\n|-unboost|p2a: Reshiram|spa|2\n|move|p1a: Mantine|Hurricane|p2a: Reshiram\n|-damage|p2a: Reshiram|0 fnt\n|faint|p2a: Reshiram\n|\n|upkeep\n|\n|t:|1660663445\n|switch|p2a: Tornadus|Tornadus, L80, M|162\/258 tox\n|turn|27\n|\n|t:|1660663448\n|move|p2a: Tornadus|Nasty Plot|p2a: Tornadus\n|-boost|p2a: Tornadus|spa|2\n|move|p1a: Mantine|Hurricane|p2a: Tornadus\n|-damage|p2a: Tornadus|38\/258 tox\n|\n|-damage|p2a: Tornadus|22\/258 tox|[from] psn\n|upkeep\n|turn|28\n|\n|t:|1660663455\n|move|p2a: Tornadus|Heat Wave|p1a: Mantine\n|-resisted|p1a: Mantine\n|-damage|p1a: Mantine|131\/286\n|-status|p1a: Mantine|brn\n|move|p1a: Mantine|Hurricane|p2a: Tornadus\n|-damage|p2a: Tornadus|0 fnt\n|faint|p2a: Tornadus\n|\n|-damage|p1a: Mantine|114\/286 brn|[from] brn\n|upkeep\n|\n|t:|1660663464\n|switch|p2a: Mienshao|Mienshao, L82, F|241\/241\n|turn|29\n|c|\u2606BlizzardZeeshan|At least take down one poke bro\n|c|\u2606brifye|let's see ^^\n|\n|t:|1660663491\n|move|p2a: Mienshao|Swords Dance|p2a: Mienshao\n|-boost|p2a: Mienshao|atk|2\n|move|p1a: Mantine|Hurricane|p2a: Mienshao|[miss]\n|-miss|p1a: Mantine|p2a: Mienshao\n|\n|-damage|p1a: Mantine|97\/286 brn|[from] brn\n|upkeep\n|turn|30\n|\n|t:|1660663508\n|-start|p2a: Mienshao|Dynamax|\n|-heal|p2a: Mienshao|482\/482|[silent]\n|move|p2a: Mienshao|Max Knuckle|p1a: Mantine\n|-resisted|p1a: Mantine\n|-damage|p1a: Mantine|0 fnt\n|-boost|p2a: Mienshao|atk|1\n|faint|p1a: Mantine\n|\n|upkeep\n|\n|t:|1660663514\n|switch|p1a: Dedenne|Dedenne, L87, F|194\/258 tox\n|-activate|p1a: Dedenne|move: Sticky Web\n|-unboost|p1a: Dedenne|spe|1\n|turn|31\n|\n|t:|1660663523\n|move|p1a: Dedenne|Protect|p1a: Dedenne\n|-singleturn|p1a: Dedenne|Protect\n|move|p2a: Mienshao|Max Rockfall|p1a: Dedenne\n|-zbroken|p1a: Dedenne\n|-damage|p1a: Dedenne|106\/258 tox\n|-weather|Sandstorm\n|\n|-weather|Sandstorm|[upkeep]\n|-damage|p2a: Mienshao|467\/482|[from] Sandstorm\n|-damage|p1a: Dedenne|90\/258 tox|[from] Sandstorm\n|-damage|p1a: Dedenne|74\/258 tox|[from] psn\n|upkeep\n|turn|32\n|\n|t:|1660663535\n|move|p2a: Mienshao|Max Knuckle|p1a: Dedenne\n|-resisted|p1a: Dedenne\n|-damage|p1a: Dedenne|0 fnt\n|-boost|p2a: Mienshao|atk|1\n|faint|p1a: Dedenne\n|\n|-weather|Sandstorm|[upkeep]\n|-damage|p2a: Mienshao|452\/482|[from] Sandstorm\n|upkeep\n|\n|t:|1660663541\n|switch|p1a: Arcanine|Arcanine, L82, M|199\/282\n|-end|p2a: Mienshao|Dynamax\n|-heal|p2a: Mienshao|226\/241|[silent]\n|turn|33\n|\n|t:|1660663553\n|move|p1a: Arcanine|Extreme Speed|p2a: Mienshao\n|-damage|p2a: Mienshao|152\/241\n|move|p2a: Mienshao|Close Combat|p1a: Arcanine\n|-damage|p1a: Arcanine|0 fnt\n|-unboost|p2a: Mienshao|def|1\n|-unboost|p2a: Mienshao|spd|1\n|faint|p1a: Arcanine\n|\n|-weather|Sandstorm|[upkeep]\n|-damage|p2a: Mienshao|137\/241|[from] Sandstorm\n|upkeep\n|\n|t:|1660663557\n|switch|p1a: Cofagrigus|Cofagrigus, L86, F, shiny|240\/240\n|-activate|p1a: Cofagrigus|move: Sticky Web\n|-unboost|p1a: Cofagrigus|spe|1\n|turn|34\n|\n|t:|1660663565\n|move|p2a: Mienshao|Knock Off|p1a: Cofagrigus\n|-supereffective|p1a: Cofagrigus\n|-damage|p1a: Cofagrigus|0 fnt\n|-activate|p1a: Cofagrigus|ability: Mummy|Regenerator|[of] p2a: Mienshao\n|-enditem|p1a: Cofagrigus|Leftovers|[from] move: Knock Off|[of] p2a: Mienshao\n|faint|p1a: Cofagrigus\n|\n|-weather|Sandstorm|[upkeep]\n|-damage|p2a: Mienshao|122\/241|[from] Sandstorm\n|upkeep\n|\n|t:|1660663570\n|switch|p1a: Rhyperior|Rhyperior, L82, F|323\/323\n|-activate|p1a: Rhyperior|move: Sticky Web\n|-unboost|p1a: Rhyperior|spe|1\n|turn|35\n|\n|t:|1660663578\n|move|p2a: Mienshao|Close Combat|p1a: Rhyperior\n|-supereffective|p1a: Rhyperior\n|-damage|p1a: Rhyperior|0 fnt\n|-unboost|p2a: Mienshao|def|1\n|-unboost|p2a: Mienshao|spd|1\n|faint|p1a: Rhyperior\n|\n|-weather|none\n|upkeep\n|\n|t:|1660663581\n|switch|p1a: Corviknight|Corviknight, L78, F|252\/281\n|turn|36\n|\n|t:|1660663588\n|-start|p1a: Corviknight|Dynamax|\n|-heal|p1a: Corviknight|504\/562|[silent]\n|move|p2a: Mienshao|Stone Edge|p1a: Corviknight\n|-damage|p1a: Corviknight|295\/562\n|move|p1a: Corviknight|Max Airstream|p2a: Mienshao\n|-supereffective|p2a: Mienshao\n|-damage|p2a: Mienshao|0 fnt\n|-boost|p1a: Corviknight|spe|1\n|faint|p2a: Mienshao\n|\n|win|BlizzardZeeshan\n|raw|BlizzardZeeshan's rating: 1743 &rarr; <strong>1757<\/strong><br \/>(+14 for winning)\n|raw|brifye's rating: 1637 &rarr; <strong>1623<\/strong><br \/>(-14 for losing)\n|l|\u2606brifye\n","inputlog":">version b85e9ce88322c99684f822268571e8c4b987227d\n>start {\"formatid\":\"gen8randombattle\",\"seed\":[977,14477,34639,7420],\"rated\":\"Rated battle\"}\n>player p1 {\"name\":\"BlizzardZeeshan\",\"avatar\":\"lance\",\"rating\":1702,\"seed\":[40318,47695,54858,4951]}\n>player p2 {\"name\":\"brifye\",\"avatar\":\"petrel\",\"rating\":1637,\"seed\":[53395,19822,58546,4210]}\n>p1 move bravebird\n>p2 switch 6\n>p1 switch 4\n>p2 move knockoff\n>p1 move hurricane\n>p2 switch 3\n>p1 move toxic\n>p2 move poltergeist\n>p1 move hurricane\n>p2 switch 3\n>p1 move hurricane\n>p2 move knockoff\n>p1 move roost\n>p2 switch 2\n>p1 move toxic\n>p2 move nastyplot\n>p1 switch 2\n>p2 move hurricane\n>p1 switch 5\n>p2 move hurricane\n>p1 move protect\n>p2 switch 2\n>p1 move thunderbolt\n>p2 move scald\n>p2 switch 5\n>p1 move toxic\n>p2 move toxic\n>p1 move protect\n>p2 move blueflare\n>p1 switch 5\n>p2 move blueflare\n>p1 switch 5\n>p2 switch 4\n>p1 move thunderbolt\n>p2 move stickyweb\n>p1 move thunderbolt\n>p2 move liquidation\n>p2 switch 3\n>p1 move protect\n>p2 move trick\n>p1 switch 2\n>p2 move trick\n>p1 move hurricane\n>p2 move poltergeist\n>p1 move hurricane\n>p2 move poltergeist\n>p2 switch 6\n>p1 move hurricane\n>p2 switch 4\n>p1 move hurricane\n>p2 move roost\n>p1 move hurricane\n>p2 move dracometeor\n>p1 move hurricane\n>p2 move dracometeor\n>p2 switch 2\n>p1 move hurricane\n>p2 move nastyplot\n>p1 move hurricane\n>p2 move heatwave\n>p2 switch 4\n>chat \u2606BlizzardZeeshan|At least take down one poke bro\n>chat \u2606brifye|let's see ^^\n>p1 move hurricane\n>p2 move swordsdance\n>p1 move hurricane\n>p2 move closecombat dynamax\n>p1 switch 2\n>p1 move protect\n>p2 move stoneedge dynamax\n>p1 move toxic\n>p2 move closecombat dynamax\n>p1 switch 5\n>p1 move extremespeed\n>p2 move closecombat\n>p1 switch 6\n>p1 move willowisp\n>p2 move knockoff\n>p1 switch 3\n>p1 move earthquake\n>p2 move closecombat\n>p1 switch 4\n>p1 move bravebird dynamax\n>p2 move stoneedge","uploadtime":1660663599,"views":4,"p1id":"blizzardzeeshan","p2id":"brifye","formatid":"gen8randombattle","rating":1623,"private":0,"password":null}