{"id":"gen8monotyperandombattle-1155435622","p1":"Edarks","p2":"yhdrslb","format":"gen8monotyperandombattle","log":"|j|\u2606Edarks\n|j|\u2606yhdrslb\n|t:|1595378320\n|player|p1|Edarks|riley|1315\n|player|p2|yhdrslb|30|1352\n|teamsize|p1|6\n|teamsize|p2|6\n|gametype|singles\n|gen|8\n|tier|[Gen 8] Monotype Random Battle\n|rated|\n|rule|Same Type Clause: Pok\u00e9mon in a team must share a type\n|rule|HP Percentage Mod: HP is shown in percentages\n|rule|Sleep Clause Mod: Limit one foe put to sleep\n|\n|t:|1595378320\n|start\n|switch|p1a: Dracovish|Dracovish, L76|262\/262\n|switch|p2a: Maractus|Maractus, L88, M|275\/275\n|turn|1\n|inactive|Battle timer is ON: inactive players will automatically lose when time's up. (requested by Edarks)\n|\n|t:|1595378336\n|switch|p1a: Toxapex|Toxapex, L80, M|211\/211\n|move|p2a: Maractus|Leech Seed|p1a: Toxapex\n|-start|p1a: Toxapex|move: Leech Seed\n|\n|-damage|p1a: Toxapex|185\/211|[from] Leech Seed|[of] p2a: Maractus\n|upkeep\n|turn|2\n|inactive|Edarks has 120 seconds left.\n|\n|t:|1595378379\n|move|p2a: Maractus|Energy Ball|p1a: Toxapex\n|-damage|p1a: Toxapex|104\/211\n|move|p1a: Toxapex|Toxic|p2a: Maractus\n|-status|p2a: Maractus|tox\n|\n|-heal|p1a: Toxapex|117\/211|[from] item: Black Sludge\n|-damage|p1a: Toxapex|91\/211|[from] Leech Seed|[of] p2a: Maractus\n|-damage|p2a: Maractus|258\/275 tox|[from] psn\n|upkeep\n|turn|3\n|\n|t:|1595378385\n|switch|p1a: Gyarados|Gyarados, L82, M|290\/290\n|-ability|p1a: Gyarados|Intimidate|boost\n|-unboost|p2a: Maractus|atk|1\n|move|p2a: Maractus|Energy Ball|p1a: Gyarados\n|-damage|p1a: Gyarados|193\/290\n|\n|-damage|p2a: Maractus|224\/275 tox|[from] psn\n|upkeep\n|turn|4\n|inactive|Edarks has 120 seconds left.\n|inactive|Edarks has 90 seconds left.\n|\n|t:|1595378427\n|move|p1a: Gyarados|Dragon Dance|p1a: Gyarados\n|-boost|p1a: Gyarados|atk|1\n|-boost|p1a: Gyarados|spe|1\n|move|p2a: Maractus|Toxic|p1a: Gyarados\n|-status|p1a: Gyarados|tox\n|\n|-damage|p1a: Gyarados|175\/290 tox|[from] psn\n|-damage|p2a: Maractus|173\/275 tox|[from] psn\n|upkeep\n|turn|5\n|\n|t:|1595378436\n|move|p1a: Gyarados|Power Whip|p2a: Maractus\n|-resisted|p2a: Maractus\n|-damage|p2a: Maractus|87\/275 tox\n|move|p2a: Maractus|Leech Seed|p1a: Gyarados|[miss]\n|-miss|p2a: Maractus|p1a: Gyarados\n|\n|-damage|p1a: Gyarados|139\/290 tox|[from] psn\n|-damage|p2a: Maractus|19\/275 tox|[from] psn\n|upkeep\n|turn|6\n|inactive|Edarks has 90 seconds left.\n|inactive|Edarks has 60 seconds left.\n|\n|t:|1595378490\n|move|p1a: Gyarados|Power Whip|p2a: Maractus\n|-resisted|p2a: Maractus\n|-damage|p2a: Maractus|0 fnt\n|faint|p2a: Maractus\n|\n|-damage|p1a: Gyarados|85\/290 tox|[from] psn\n|upkeep\n|\n|t:|1595378505\n|switch|p2a: Bellossom|Bellossom, L88, F|275\/275\n|turn|7\n|\n|t:|1595378509\n|move|p1a: Gyarados|Waterfall|p2a: Bellossom\n|-resisted|p2a: Bellossom\n|-damage|p2a: Bellossom|206\/275\n|move|p2a: Bellossom|Strength Sap|p1a: Gyarados\n|-unboost|p1a: Gyarados|atk|1\n|-heal|p2a: Bellossom|275\/275\n|\n|-damage|p1a: Gyarados|13\/290 tox|[from] psn\n|upkeep\n|turn|8\n|\n|t:|1595378532\n|move|p1a: Gyarados|Waterfall|p2a: Bellossom\n|-resisted|p2a: Bellossom\n|-damage|p2a: Bellossom|231\/275\n|move|p2a: Bellossom|Quiver Dance|p2a: Bellossom\n|-boost|p2a: Bellossom|spa|1\n|-boost|p2a: Bellossom|spd|1\n|-boost|p2a: Bellossom|spe|1\n|\n|-heal|p2a: Bellossom|248\/275|[from] item: Leftovers\n|-damage|p1a: Gyarados|0 fnt|[from] psn\n|faint|p1a: Gyarados\n|upkeep\n|\n|t:|1595378549\n|switch|p1a: Toxapex|Toxapex, L80, M|161\/211\n|turn|9\n|\n|t:|1595378553\n|move|p2a: Bellossom|Giga Drain|p1a: Toxapex\n|-damage|p1a: Toxapex|79\/211\n|-heal|p2a: Bellossom|275\/275|[from] drain|[of] p1a: Toxapex\n|move|p1a: Toxapex|Toxic|p2a: Bellossom\n|-status|p2a: Bellossom|tox\n|\n|-heal|p1a: Toxapex|92\/211|[from] item: Black Sludge\n|-damage|p2a: Bellossom|258\/275 tox|[from] psn\n|upkeep\n|turn|10\n|inactive|Edarks has 90 seconds left.\n|inactive|Edarks has 60 seconds left.\n|\n|t:|1595378601\n|move|p2a: Bellossom|Quiver Dance|p2a: Bellossom\n|-boost|p2a: Bellossom|spa|1\n|-boost|p2a: Bellossom|spd|1\n|-boost|p2a: Bellossom|spe|1\n|move|p1a: Toxapex|Recover|p1a: Toxapex\n|-heal|p1a: Toxapex|198\/211\n|\n|-heal|p2a: Bellossom|275\/275 tox|[from] item: Leftovers\n|-heal|p1a: Toxapex|211\/211|[from] item: Black Sludge\n|-damage|p2a: Bellossom|241\/275 tox|[from] psn\n|upkeep\n|turn|11\n|\n|t:|1595378615\n|move|p2a: Bellossom|Giga Drain|p1a: Toxapex\n|-crit|p1a: Toxapex\n|-damage|p1a: Toxapex|30\/211\n|-heal|p2a: Bellossom|275\/275 tox|[from] drain|[of] p1a: Toxapex\n|move|p1a: Toxapex|Toxic Spikes|p2a: Bellossom\n|-sidestart|p2: yhdrslb|move: Toxic Spikes\n|\n|-heal|p1a: Toxapex|43\/211|[from] item: Black Sludge\n|-damage|p2a: Bellossom|224\/275 tox|[from] psn\n|upkeep\n|turn|12\n|inactive|Edarks has 60 seconds left.\n|\n|t:|1595378644\n|move|p2a: Bellossom|Giga Drain|p1a: Toxapex\n|-damage|p1a: Toxapex|0 fnt\n|-heal|p2a: Bellossom|246\/275 tox|[from] drain|[of] p1a: Toxapex\n|faint|p1a: Toxapex\n|\n|-heal|p2a: Bellossom|263\/275 tox|[from] item: Leftovers\n|-damage|p2a: Bellossom|195\/275 tox|[from] psn\n|upkeep\n|\n|t:|1595378648\n|switch|p1a: Dracovish|Dracovish, L76|262\/262\n|turn|13\n|inactive|yhdrslb has 120 seconds left.\n|\n|t:|1595378694\n|move|p2a: Bellossom|Giga Drain|p1a: Dracovish\n|-damage|p1a: Dracovish|64\/262\n|-heal|p2a: Bellossom|275\/275 tox|[from] drain|[of] p1a: Dracovish\n|move|p1a: Dracovish|Psychic Fangs|p2a: Bellossom\n|-damage|p2a: Bellossom|175\/275 tox\n|\n|-heal|p2a: Bellossom|192\/275 tox|[from] item: Leftovers\n|-damage|p2a: Bellossom|107\/275 tox|[from] psn\n|upkeep\n|turn|14\n|\n|t:|1595378717\n|move|p2a: Bellossom|Giga Drain|p1a: Dracovish\n|-damage|p1a: Dracovish|0 fnt\n|-heal|p2a: Bellossom|139\/275 tox|[from] drain|[of] p1a: Dracovish\n|faint|p1a: Dracovish\n|\n|-heal|p2a: Bellossom|156\/275 tox|[from] item: Leftovers\n|-damage|p2a: Bellossom|54\/275 tox|[from] psn\n|upkeep\n|\n|t:|1595378720\n|switch|p1a: Sharpedo|Sharpedo, L82, F|249\/249\n|turn|15\n|\n|t:|1595378723\n|move|p1a: Sharpedo|Protect|p1a: Sharpedo\n|-singleturn|p1a: Sharpedo|Protect\n|move|p2a: Bellossom|Giga Drain|p1a: Sharpedo\n|-activate|p1a: Sharpedo|move: Protect\n|\n|-heal|p2a: Bellossom|71\/275 tox|[from] item: Leftovers\n|-damage|p2a: Bellossom|0 fnt|[from] psn\n|faint|p2a: Bellossom\n|-ability|p1a: Sharpedo|Speed Boost|boost\n|-boost|p1a: Sharpedo|spe|1\n|upkeep\n|\n|t:|1595378727\n|switch|p2a: Amoonguss|Amoonguss, L82, M|321\/321\n|-sideend|p2: yhdrslb|move: Toxic Spikes|[of] p2a: Amoonguss\n|turn|16\n|inactive|Edarks has 60 seconds left.\n|\n|t:|1595378750\n|move|p1a: Sharpedo|Crunch|p2a: Amoonguss\n|-damage|p2a: Amoonguss|177\/321\n|-damage|p1a: Sharpedo|225\/249|[from] item: Life Orb\n|move|p2a: Amoonguss|Spore|p1a: Sharpedo\n|-status|p1a: Sharpedo|slp|[from] move: Spore\n|\n|-heal|p2a: Amoonguss|197\/321|[from] item: Black Sludge\n|-ability|p1a: Sharpedo|Speed Boost|boost\n|-boost|p1a: Sharpedo|spe|1\n|upkeep\n|turn|17\n|\n|t:|1595378766\n|switch|p2a: Exeggutor|Exeggutor-Alola, L84, F|297\/297\n|-item|p1a: Sharpedo|Life Orb|[from] ability: Frisk|[of] p2a: Exeggutor|[identify]\n|cant|p1a: Sharpedo|slp\n|\n|-ability|p1a: Sharpedo|Speed Boost|boost\n|-boost|p1a: Sharpedo|spe|1\n|upkeep\n|turn|18\n|\n|t:|1595378775\n|cant|p1a: Sharpedo|slp\n|move|p2a: Exeggutor|Giga Drain|p1a: Sharpedo\n|-supereffective|p1a: Sharpedo\n|-damage|p1a: Sharpedo|0 fnt\n|faint|p1a: Sharpedo\n|\n|upkeep\n|\n|t:|1595378779\n|switch|p1a: Blastoise|Blastoise, L82, M, shiny|264\/264\n|turn|19\n|\n|t:|1595378792\n|move|p1a: Blastoise|Shell Smash|p1a: Blastoise\n|-unboost|p1a: Blastoise|def|1\n|-unboost|p1a: Blastoise|spd|1\n|-boost|p1a: Blastoise|atk|2\n|-boost|p1a: Blastoise|spa|2\n|-boost|p1a: Blastoise|spe|2\n|-enditem|p1a: Blastoise|White Herb\n|-clearnegativeboost|p1a: Blastoise|[silent]\n|move|p2a: Exeggutor|Giga Drain|p1a: Blastoise\n|-supereffective|p1a: Blastoise\n|-damage|p1a: Blastoise|10\/264\n|\n|upkeep\n|turn|20\n|c|\u2606yhdrslb|shiny\n|c|\u2606yhdrslb|thats neat\n|inactive|Edarks has 60 seconds left.\n|inactive|Edarks has 30 seconds left.\n|inactive|Edarks has 20 seconds left.\n|inactive|Edarks has 15 seconds left.\n|inactive|Edarks has 10 seconds left.\n|\n|t:|1595378873\n|-start|p2a: Exeggutor|Dynamax\n|-heal|p2a: Exeggutor|594\/594|[silent]\n|move|p1a: Blastoise|Ice Beam|p2a: Exeggutor\n|-supereffective|p2a: Exeggutor\n|-damage|p2a: Exeggutor|110\/594\n|move|p2a: Exeggutor|Max Overgrowth|p1a: Blastoise\n|-supereffective|p1a: Blastoise\n|-damage|p1a: Blastoise|0 fnt\n|-fieldstart|move: Grassy Terrain\n|faint|p1a: Blastoise\n|\n|-heal|p2a: Exeggutor|128\/594|[from] Grassy Terrain\n|upkeep\n|inactive|Edarks has 15 seconds left this turn.\n|inactive|Edarks has 10 seconds left.\n|\n|t:|1595378879\n|switch|p1a: Inteleon|Inteleon, L84, M|255\/255\n|turn|21\n|inactive|Edarks has 20 seconds left this turn.\n|\n|t:|1595378882\n|-start|p1a: Inteleon|Dynamax\n|-heal|p1a: Inteleon|510\/510|[silent]\n|move|p1a: Inteleon|Max Airstream|p2a: Exeggutor\n|-supereffective|p2a: Exeggutor\n|-damage|p2a: Exeggutor|0 fnt\n|-boost|p1a: Inteleon|spe|1\n|faint|p2a: Exeggutor\n|\n|upkeep\n|inactive|Edarks has 25 seconds left this turn.\n|\n|t:|1595378890\n|switch|p2a: Amoonguss|Amoonguss, L82, M|304\/321\n|turn|22\n|inactive|Edarks has 30 seconds left.\n|\n|t:|1595378902\n|move|p1a: Inteleon|Max Airstream|p2a: Amoonguss\n|-supereffective|p2a: Amoonguss\n|-damage|p2a: Amoonguss|58\/321\n|-boost|p1a: Inteleon|spe|1\n|move|p2a: Amoonguss|Spore|p1a: Inteleon\n|-status|p1a: Inteleon|slp|[from] move: Spore\n|\n|-heal|p2a: Amoonguss|78\/321|[from] item: Black Sludge\n|-heal|p2a: Amoonguss|98\/321|[from] Grassy Terrain\n|upkeep\n|turn|23\n|\n|t:|1595378917\n|switch|p2a: Decidueye|Decidueye, L86, F, shiny|274\/274\n|cant|p1a: Inteleon|slp\n|\n|-end|p1a: Inteleon|Dynamax\n|-heal|p1a: Inteleon|255\/255 slp|[silent]\n|upkeep\n|turn|24\n|c|\u2606yhdrslb|damn\n|\n|t:|1595378925\n|-curestatus|p1a: Inteleon|slp|[msg]\n|move|p1a: Inteleon|Air Slash|p2a: Decidueye\n|-supereffective|p2a: Decidueye\n|-damage|p2a: Decidueye|116\/274\n|cant|p2a: Decidueye|flinch\n|\n|-heal|p2a: Decidueye|133\/274|[from] item: Leftovers\n|-heal|p2a: Decidueye|150\/274|[from] Grassy Terrain\n|-fieldend|move: Grassy Terrain\n|upkeep\n|turn|25\n|\n|t:|1595378929\n|move|p1a: Inteleon|Air Slash|p2a: Decidueye\n|-supereffective|p2a: Decidueye\n|-damage|p2a: Decidueye|0 fnt\n|faint|p2a: Decidueye\n|\n|upkeep\n|\n|t:|1595378932\n|switch|p2a: Amoonguss|Amoonguss, L82, M|205\/321\n|turn|26\n|\n|t:|1595378935\n|move|p1a: Inteleon|Air Slash|p2a: Amoonguss\n|-supereffective|p2a: Amoonguss\n|-damage|p2a: Amoonguss|0 fnt\n|faint|p2a: Amoonguss\n|\n|upkeep\n|\n|t:|1595378937\n|switch|p2a: Appletun|Appletun, L88, M|337\/337\n|turn|27\n|\n|t:|1595378940\n|move|p1a: Inteleon|Air Slash|p2a: Appletun|[miss]\n|-miss|p1a: Inteleon|p2a: Appletun\n|move|p2a: Appletun|Apple Acid|p1a: Inteleon\n|-supereffective|p1a: Inteleon\n|-damage|p1a: Inteleon|0 fnt\n|faint|p1a: Inteleon\n|\n|win|yhdrslb\n","inputlog":">version 1a1ba2bffd68e8d7ffcd2532b9ef2de80b030c36\n>start {\"formatid\":\"gen8monotyperandombattle\",\"seed\":[21902,37637,54582,58103],\"rated\":\"Rated battle\"}\n>player p1 {\"name\":\"Edarks\",\"avatar\":\"riley\",\"team\":\"\",\"rating\":1315,\"seed\":[31325,63809,57310,25845]}\n>player p2 {\"name\":\"yhdrslb\",\"avatar\":\"30\",\"team\":\"\",\"rating\":1352,\"seed\":[62550,41539,19653,6795]}\n>p1 switch 6\n>p2 move leechseed\n>p1 move toxic\n>p2 move energyball\n>p1 switch 3\n>p2 move energyball\n>p1 move dragondance\n>p2 move toxic\n>p1 move powerwhip\n>p2 move leechseed\n>p1 move powerwhip\n>p2 move leechseed\n>p2 switch 3\n>p1 move waterfall\n>p2 move strengthsap\n>p1 move waterfall\n>p2 move quiverdance\n>p1 switch 3\n>p1 move toxic\n>p2 move gigadrain\n>p1 move recover\n>p2 move quiverdance\n>p1 move toxicspikes\n>p2 move gigadrain\n>p1 move toxicspikes\n>p2 move gigadrain\n>p1 switch 6\n>p1 move psychicfangs\n>p2 move gigadrain\n>p1 move psychicfangs\n>p2 move gigadrain\n>p1 switch 5\n>p1 move protect\n>p2 move gigadrain\n>p2 switch 4\n>p1 move crunch\n>p2 move spore\n>p1 move protect\n>p2 switch 6\n>p1 move destinybond\n>p2 move gigadrain\n>p1 switch 4\n>p1 move shellsmash\n>p2 move gigadrain\n>p1 move icebeam\n>p2 move leafstorm dynamax\n>p1 switch 2\n>p1 move airslash dynamax\n>p2 move leafstorm dynamax\n>p2 switch 6\n>p1 move airslash dynamax\n>p2 move spore\n>p1 move airslash dynamax\n>p2 switch 2\n>p1 move airslash\n>p2 move leafblade\n>p1 move airslash\n>p2 move leafblade\n>p2 switch 2\n>p1 move airslash\n>p2 move spore\n>p2 switch 5\n>p1 move airslash\n>p2 move appleacid","uploadtime":1595378944,"views":2,"p1id":"edarks","p2id":"yhdrslb","formatid":"gen8monotyperandombattle","rating":0,"private":0,"password":null}