{"id":"gen8randombattle-1422059924","p1":"yeah i think so","p2":"Arcangel666","format":"gen8randombattle","log":"|j|\u2606yeah i think so\n|j|\u2606Arcangel666\n|t:|1632347454\n|gametype|singles\n|player|p1|yeah i think so|morty|1682\n|player|p2|Arcangel666|grimsley|1704\n|teamsize|p1|6\n|teamsize|p2|6\n|gen|8\n|tier|[Gen 8] Random Battle\n|rated|\n|rule|Species Clause: Limit one of each Pok\u00e9mon\n|rule|HP Percentage Mod: HP is shown in percentages\n|rule|Sleep Clause Mod: Limit one foe put to sleep\n|\n|t:|1632347454\n|start\n|switch|p1a: Doublade|Doublade, L82, F|231\/231\n|switch|p2a: Lickilicky|Lickilicky, L86, M|329\/329\n|turn|1\n|inactive|Battle timer is ON: inactive players will automatically lose when time's up. (requested by yeah i think so)\n|\n|t:|1632347472\n|switch|p1a: Absol|Absol, L84, M|246\/246\n|move|p2a: Lickilicky|Wish|p2a: Lickilicky\n|\n|upkeep\n|turn|2\n|\n|t:|1632347478\n|switch|p2a: Mudsdale|Mudsdale, L82, M|298\/298\n|move|p1a: Absol|Swords Dance|p1a: Absol\n|-boost|p1a: Absol|atk|2\n|\n|upkeep\n|turn|3\n|\n|t:|1632347483\n|move|p1a: Absol|Swords Dance|p1a: Absol\n|-boost|p1a: Absol|atk|2\n|move|p2a: Mudsdale|Body Press|p1a: Absol\n|-supereffective|p1a: Absol\n|-damage|p1a: Absol|98\/246\n|\n|upkeep\n|turn|4\n|\n|t:|1632347487\n|move|p1a: Absol|Knock Off|p2a: Mudsdale\n|-damage|p2a: Mudsdale|0 fnt\n|-enditem|p2a: Mudsdale|Leftovers|[from] move: Knock Off|[of] p1a: Absol\n|faint|p2a: Mudsdale\n|-damage|p1a: Absol|74\/246|[from] item: Life Orb\n|\n|upkeep\n|\n|t:|1632347493\n|switch|p2a: Tentacruel|Tentacruel, L84, M|272\/272\n|turn|5\n|\n|t:|1632347496\n|move|p2a: Tentacruel|Haze|p2a: Tentacruel\n|-clearallboost\n|move|p1a: Absol|Knock Off|p2a: Tentacruel\n|-damage|p2a: Tentacruel|50\/272\n|-enditem|p2a: Tentacruel|Black Sludge|[from] move: Knock Off|[of] p1a: Absol\n|-damage|p1a: Absol|50\/246|[from] item: Life Orb\n|\n|upkeep\n|turn|6\n|\n|t:|1632347503\n|move|p2a: Tentacruel|Toxic Spikes|p1a: Absol\n|-sidestart|p1: yeah i think so|move: Toxic Spikes\n|move|p1a: Absol|Knock Off|p2a: Tentacruel\n|-damage|p2a: Tentacruel|0 fnt\n|faint|p2a: Tentacruel\n|-damage|p1a: Absol|26\/246|[from] item: Life Orb\n|\n|upkeep\n|\n|t:|1632347510\n|switch|p2a: Registeel|Registeel, L83|268\/268\n|turn|7\n|\n|t:|1632347514\n|move|p1a: Absol|Knock Off|p2a: Registeel\n|-damage|p2a: Registeel|147\/268\n|-enditem|p2a: Registeel|Chesto Berry|[from] move: Knock Off|[of] p1a: Absol\n|-damage|p1a: Absol|2\/246|[from] item: Life Orb\n|move|p2a: Registeel|Curse|p2a: Registeel\n|-unboost|p2a: Registeel|spe|1\n|-boost|p2a: Registeel|atk|1\n|-boost|p2a: Registeel|def|1\n|\n|upkeep\n|turn|8\n|\n|t:|1632347520\n|move|p1a: Absol|Close Combat|p2a: Registeel\n|-supereffective|p2a: Registeel\n|-damage|p2a: Registeel|17\/268\n|-unboost|p1a: Absol|def|1\n|-unboost|p1a: Absol|spd|1\n|-damage|p1a: Absol|0 fnt|[from] item: Life Orb\n|faint|p1a: Absol\n|move|p2a: Registeel|Rest|p2a: Registeel\n|-status|p2a: Registeel|slp|[from] move: Rest\n|-heal|p2a: Registeel|268\/268 slp|[silent]\n|\n|upkeep\n|\n|t:|1632347533\n|switch|p1a: Rhyperior|Rhyperior, L82, F|323\/323\n|-status|p1a: Rhyperior|psn\n|turn|9\n|\n|t:|1632347539\n|move|p1a: Rhyperior|Rock Polish|p1a: Rhyperior\n|-boost|p1a: Rhyperior|spe|2\n|cant|p2a: Registeel|slp\n|\n|-damage|p1a: Rhyperior|283\/323 psn|[from] psn\n|upkeep\n|turn|10\n|\n|t:|1632347541\n|move|p1a: Rhyperior|Earthquake|p2a: Registeel\n|-supereffective|p2a: Registeel\n|-damage|p2a: Registeel|146\/268 slp\n|cant|p2a: Registeel|slp\n|\n|-damage|p1a: Rhyperior|243\/323 psn|[from] psn\n|upkeep\n|turn|11\n|\n|t:|1632347550\n|move|p1a: Rhyperior|Earthquake|p2a: Registeel\n|-supereffective|p2a: Registeel\n|-damage|p2a: Registeel|18\/268 slp\n|-curestatus|p2a: Registeel|slp|[msg]\n|move|p2a: Registeel|Body Press|p1a: Rhyperior\n|-supereffective|p1a: Rhyperior\n|-damage|p1a: Rhyperior|114\/323 psn\n|-enditem|p1a: Rhyperior|Weakness Policy\n|-boost|p1a: Rhyperior|atk|2|[from] item: Weakness Policy\n|-boost|p1a: Rhyperior|spa|2|[from] item: Weakness Policy\n|\n|-damage|p1a: Rhyperior|74\/323 psn|[from] psn\n|upkeep\n|turn|12\n|\n|t:|1632347556\n|move|p1a: Rhyperior|Earthquake|p2a: Registeel\n|-supereffective|p2a: Registeel\n|-damage|p2a: Registeel|0 fnt\n|faint|p2a: Registeel\n|\n|-damage|p1a: Rhyperior|34\/323 psn|[from] psn\n|upkeep\n|\n|t:|1632347558\n|switch|p2a: Lickilicky|Lickilicky, L86, M|329\/329\n|turn|13\n|\n|t:|1632347560\n|move|p2a: Lickilicky|Protect|p2a: Lickilicky\n|-singleturn|p2a: Lickilicky|Protect\n|move|p1a: Rhyperior|Earthquake|p2a: Lickilicky\n|-activate|p2a: Lickilicky|move: Protect\n|\n|-damage|p1a: Rhyperior|0 fnt|[from] psn\n|faint|p1a: Rhyperior\n|upkeep\n|\n|t:|1632347566\n|switch|p1a: Kingler|Kingler, L84, F|230\/230\n|-status|p1a: Kingler|psn\n|turn|14\n|\n|t:|1632347573\n|move|p1a: Kingler|Liquidation|p2a: Lickilicky\n|-damage|p2a: Lickilicky|160\/329\n|move|p2a: Lickilicky|Wish|p2a: Lickilicky\n|\n|-heal|p2a: Lickilicky|180\/329|[from] item: Leftovers\n|-damage|p1a: Kingler|202\/230 psn|[from] psn\n|upkeep\n|turn|15\n|\n|t:|1632347577\n|move|p1a: Kingler|Swords Dance|p1a: Kingler\n|-boost|p1a: Kingler|atk|2\n|move|p2a: Lickilicky|Body Slam|p1a: Kingler\n|-damage|p1a: Kingler|133\/230 psn\n|\n|-heal|p2a: Lickilicky|329\/329|[from] move: Wish|[wisher] Lickilicky\n|-damage|p1a: Kingler|105\/230 psn|[from] psn\n|upkeep\n|turn|16\n|\n|t:|1632347582\n|move|p1a: Kingler|Liquidation|p2a: Lickilicky\n|-damage|p2a: Lickilicky|0 fnt\n|faint|p2a: Lickilicky\n|\n|-damage|p1a: Kingler|77\/230 psn|[from] psn\n|upkeep\n|\n|t:|1632347585\n|switch|p2a: Mew|Mew, L80|291\/291\n|turn|17\n|\n|t:|1632347588\n|move|p2a: Mew|Psychic Fangs|p1a: Kingler\n|-damage|p1a: Kingler|1\/230 psn\n|move|p1a: Kingler|Liquidation|p2a: Mew\n|-damage|p2a: Mew|0 fnt\n|faint|p2a: Mew\n|\n|-damage|p1a: Kingler|0 fnt|[from] psn\n|faint|p1a: Kingler\n|upkeep\n|\n|t:|1632347594\n|switch|p2a: Slurpuff|Slurpuff, L80, M|262\/262\n|switch|p1a: Rillaboom|Rillaboom, L78, M|284\/284\n|-status|p1a: Rillaboom|psn\n|-fieldstart|move: Grassy Terrain|[from] ability: Grassy Surge|[of] p1a: Rillaboom\n|turn|18\n|\n|t:|1632347600\n|move|p1a: Rillaboom|Wood Hammer|p2a: Slurpuff\n|-crit|p2a: Slurpuff\n|-damage|p2a: Slurpuff|0 fnt\n|faint|p2a: Slurpuff\n|-damage|p1a: Rillaboom|198\/284 psn|[from] Recoil\n|\n|win|yeah i think so\n|raw|yeah i think so's rating: 1682 &rarr; <strong>1703<\/strong><br \/>(+21 for winning)\n|raw|Arcangel666's rating: 1704 &rarr; <strong>1683<\/strong><br \/>(-21 for losing)\n|l|\u2606Arcangel666\n","inputlog":">version 2d663d4449c07b9633f8a7327e5f1a3c19b8841c\n>start {\"formatid\":\"gen8randombattle\",\"seed\":[13966,25623,1635,33607],\"rated\":\"Rated battle\"}\n>player p1 {\"name\":\"yeah i think so\",\"avatar\":\"morty\",\"rating\":1682,\"seed\":[33305,46861,4802,46903]}\n>player p2 {\"name\":\"Arcangel666\",\"avatar\":\"grimsley\",\"rating\":1704,\"seed\":[3547,16047,59914,42750]}\n>p1 switch 6\n>p2 move wish\n>p1 move swordsdance\n>p2 switch 6\n>p1 move swordsdance\n>p2 move bodypress\n>p1 move knockoff\n>p2 move bodypress\n>p2 switch 2\n>p1 move knockoff\n>p2 move haze\n>p1 move knockoff\n>p2 move toxicspikes\n>p2 switch 5\n>p1 move knockoff\n>p2 move curse\n>p1 move closecombat\n>p2 move rest\n>p1 switch 2\n>p1 move rockpolish\n>p2 move curse\n>p1 move earthquake\n>p2 move curse\n>p1 move earthquake\n>p2 move bodypress\n>p1 move earthquake\n>p2 move curse\n>p2 switch 6\n>p1 move earthquake\n>p2 move protect\n>p1 switch 4\n>p1 move liquidation\n>p2 move wish\n>p1 move swordsdance\n>p2 move bodyslam\n>p1 move liquidation\n>p2 move bodyslam\n>p2 switch 4\n>p1 move liquidation\n>p2 move psychicfangs\n>p1 switch 5\n>p2 switch 3\n>p1 move woodhammer\n>p2 move bellydrum","uploadtime":1632347610,"views":6,"p1id":"yeahithinkso","p2id":"arcangel666","formatid":"gen8randombattle","rating":1683,"private":0,"password":null}