{"id":"gen8randombattle-1706973443","p1":"karily","p2":"gaspar como estay","format":"gen8randombattle","log":"|j|\u2606karily\n|j|\u2606gaspar como estay\n|t:|1668037835\n|gametype|singles\n|player|p1|karily|lady|1064\n|player|p2|gaspar como estay|169|1058\n|teamsize|p1|6\n|teamsize|p2|6\n|gen|8\n|tier|[Gen 8] Random Battle\n|rated|\n|rule|Species Clause: Limit one of each Pok\u00e9mon\n|rule|HP Percentage Mod: HP is shown in percentages\n|rule|Sleep Clause Mod: Limit one foe put to sleep\n|\n|t:|1668037835\n|start\n|switch|p1a: Noivern|Noivern, L82, M|274\/274\n|switch|p2a: Polteageist|Polteageist, L78|222\/222\n|turn|1\n|\n|t:|1668037852\n|move|p1a: Noivern|Draco Meteor|p2a: Polteageist\n|-damage|p2a: Polteageist|113\/222\n|-unboost|p1a: Noivern|spa|2\n|move|p2a: Polteageist|Shell Smash|p2a: Polteageist\n|-unboost|p2a: Polteageist|def|1\n|-unboost|p2a: Polteageist|spd|1\n|-boost|p2a: Polteageist|atk|2\n|-boost|p2a: Polteageist|spa|2\n|-boost|p2a: Polteageist|spe|2\n|-enditem|p2a: Polteageist|White Herb\n|-clearnegativeboost|p2a: Polteageist|[silent]\n|\n|upkeep\n|turn|2\n|\n|t:|1668037870\n|move|p2a: Polteageist|Shadow Ball|p1a: Noivern\n|-damage|p1a: Noivern|81\/274\n|move|p1a: Noivern|Flamethrower|p2a: Polteageist\n|-damage|p2a: Polteageist|87\/222\n|\n|upkeep\n|turn|3\n|\n|t:|1668037877\n|move|p2a: Polteageist|Shadow Ball|p1a: Noivern\n|-damage|p1a: Noivern|0 fnt\n|faint|p1a: Noivern\n|\n|upkeep\n|\n|t:|1668037887\n|switch|p1a: Pangoro|Pangoro, L84, F|297\/297\n|turn|4\n|\n|t:|1668037903\n|move|p2a: Polteageist|Stored Power|p1a: Pangoro\n|-immune|p1a: Pangoro\n|move|p1a: Pangoro|Knock Off|p2a: Polteageist\n|-supereffective|p2a: Polteageist\n|-damage|p2a: Polteageist|0 fnt\n|faint|p2a: Polteageist\n|\n|upkeep\n|\n|t:|1668037919\n|switch|p2a: Dracovish|Dracovish, L80|275\/275\n|turn|5\n|\n|t:|1668037929\n|move|p2a: Dracovish|Fishious Rend|p1a: Pangoro\n|-damage|p1a: Pangoro|0 fnt\n|faint|p1a: Pangoro\n|\n|upkeep\n|\n|t:|1668037937\n|switch|p1a: Electivire|Electivire, L82, M|257\/257\n|turn|6\n|\n|t:|1668037949\n|switch|p2a: Vileplume|Vileplume, L84, M|263\/263\n|move|p1a: Electivire|Wild Charge|p2a: Vileplume\n|-resisted|p2a: Vileplume\n|-damage|p2a: Vileplume|185\/263\n|-damage|p1a: Electivire|237\/257|[from] Recoil\n|-damage|p1a: Electivire|212\/257|[from] item: Life Orb\n|\n|-heal|p2a: Vileplume|201\/263|[from] item: Black Sludge\n|upkeep\n|turn|7\n|\n|t:|1668037965\n|move|p1a: Electivire|Earthquake|p2a: Vileplume\n|-damage|p2a: Vileplume|98\/263\n|-damage|p1a: Electivire|187\/257|[from] item: Life Orb\n|move|p2a: Vileplume|Giga Drain|p1a: Electivire\n|-damage|p1a: Electivire|97\/257\n|-heal|p2a: Vileplume|143\/263|[from] drain|[of] p1a: Electivire\n|\n|-heal|p2a: Vileplume|159\/263|[from] item: Black Sludge\n|upkeep\n|turn|8\n|\n|t:|1668037975\n|move|p1a: Electivire|Ice Punch|p2a: Vileplume\n|-supereffective|p2a: Vileplume\n|-damage|p2a: Vileplume|0 fnt\n|faint|p2a: Vileplume\n|-damage|p1a: Electivire|72\/257|[from] item: Life Orb\n|\n|upkeep\n|\n|t:|1668037983\n|switch|p2a: Glastrier|Glastrier, L82|298\/298\n|turn|9\n|\n|t:|1668037990\n|move|p1a: Electivire|Earthquake|p2a: Glastrier\n|-damage|p2a: Glastrier|217\/298\n|-damage|p1a: Electivire|47\/257|[from] item: Life Orb\n|move|p2a: Glastrier|High Horsepower|p1a: Electivire\n|-supereffective|p1a: Electivire\n|-damage|p1a: Electivire|0 fnt\n|faint|p1a: Electivire\n|-ability|p2a: Glastrier|Chilling Neigh|boost\n|-boost|p2a: Glastrier|atk|1\n|\n|upkeep\n|\n|t:|1668038012\n|switch|p1a: Krookodile|Krookodile, L78, M|276\/276\n|-ability|p1a: Krookodile|Intimidate|boost\n|-unboost|p2a: Glastrier|atk|1\n|turn|10\n|\n|t:|1668038059\n|move|p1a: Krookodile|Close Combat|p2a: Glastrier\n|-supereffective|p2a: Glastrier\n|-damage|p2a: Glastrier|56\/298\n|-unboost|p1a: Krookodile|def|1\n|-unboost|p1a: Krookodile|spd|1\n|-damage|p1a: Krookodile|249\/276|[from] item: Life Orb\n|move|p2a: Glastrier|Icicle Crash|p1a: Krookodile|[miss]\n|-miss|p2a: Glastrier|p1a: Krookodile\n|\n|upkeep\n|turn|11\n|\n|t:|1668038075\n|move|p1a: Krookodile|Close Combat|p2a: Glastrier\n|-supereffective|p2a: Glastrier\n|-damage|p2a: Glastrier|0 fnt\n|-unboost|p1a: Krookodile|def|1\n|-unboost|p1a: Krookodile|spd|1\n|faint|p2a: Glastrier\n|-damage|p1a: Krookodile|222\/276|[from] item: Life Orb\n|\n|upkeep\n|\n|t:|1668038089\n|switch|p2a: Wishiwashi|Wishiwashi, L84, M|213\/213\n|-formechange|p2a: Wishiwashi|Wishiwashi-School||[from] ability: Schooling\n|turn|12\n|\n|t:|1668038106\n|move|p1a: Krookodile|Close Combat|p2a: Wishiwashi\n|-damage|p2a: Wishiwashi|130\/213\n|-unboost|p1a: Krookodile|def|1\n|-unboost|p1a: Krookodile|spd|1\n|-damage|p1a: Krookodile|195\/276|[from] item: Life Orb\n|move|p2a: Wishiwashi|Hydro Pump|p1a: Krookodile|[miss]\n|-miss|p2a: Wishiwashi|p1a: Krookodile\n|\n|upkeep\n|turn|13\n|\n|t:|1668038119\n|move|p1a: Krookodile|Close Combat|p2a: Wishiwashi\n|-damage|p2a: Wishiwashi|43\/213\n|-unboost|p1a: Krookodile|def|1\n|-unboost|p1a: Krookodile|spd|1\n|-damage|p1a: Krookodile|168\/276|[from] item: Life Orb\n|move|p2a: Wishiwashi|U-turn|p1a: Krookodile\n|-supereffective|p1a: Krookodile\n|-damage|p1a: Krookodile|0 fnt\n|faint|p1a: Krookodile\n|\n|t:|1668038129\n|switch|p2a: Buzzwole|Buzzwole, L77|291\/291\n|\n|upkeep\n|\n|t:|1668038134\n|switch|p1a: Hitmonlee|Hitmonlee, L84, M|221\/221\n|turn|14\n|\n|t:|1668038140\n|move|p1a: Hitmonlee|Close Combat|p2a: Buzzwole\n|-resisted|p2a: Buzzwole\n|-damage|p2a: Buzzwole|237\/291\n|-unboost|p1a: Hitmonlee|def|1\n|-unboost|p1a: Hitmonlee|spd|1\n|-enditem|p1a: Hitmonlee|White Herb\n|-clearnegativeboost|p1a: Hitmonlee|[silent]\n|move|p2a: Buzzwole|Dual Wingbeat|p1a: Hitmonlee\n|-supereffective|p1a: Hitmonlee\n|-damage|p1a: Hitmonlee|73\/221\n|-supereffective|p1a: Hitmonlee\n|-damage|p1a: Hitmonlee|0 fnt\n|faint|p1a: Hitmonlee\n|-ability|p2a: Buzzwole|Beast Boost|boost\n|-boost|p2a: Buzzwole|atk|1\n|-hitcount|p1: Hitmonlee|2\n|\n|upkeep\n|\n|t:|1668038144\n|switch|p1a: Scyther|Scyther, L81, M|246\/246\n|turn|15\n|\n|t:|1668038155\n|-start|p1a: Scyther|Dynamax|\n|-heal|p1a: Scyther|492\/492|[silent]\n|move|p1a: Scyther|Max Airstream|p2a: Buzzwole\n|-supereffective|p2a: Buzzwole\n|-damage|p2a: Buzzwole|0 fnt\n|-boost|p1a: Scyther|spe|1\n|faint|p2a: Buzzwole\n|\n|upkeep\n|\n|t:|1668038167\n|switch|p2a: Dracovish|Dracovish, L80|275\/275\n|turn|16\n|\n|t:|1668038174\n|move|p1a: Scyther|Max Knuckle|p2a: Dracovish\n|-damage|p2a: Dracovish|207\/275\n|-boost|p1a: Scyther|atk|1\n|move|p2a: Dracovish|Ice Fang|p1a: Scyther\n|-supereffective|p1a: Scyther\n|-damage|p1a: Scyther|294\/492\n|-status|p1a: Scyther|frz\n|\n|upkeep\n|turn|17\n|\n|t:|1668038186\n|cant|p1a: Scyther|frz\n|move|p2a: Dracovish|Ice Fang|p1a: Scyther\n|-supereffective|p1a: Scyther\n|-damage|p1a: Scyther|90\/492 frz\n|\n|upkeep\n|-end|p1a: Scyther|Dynamax\n|-heal|p1a: Scyther|45\/246 frz|[silent]\n|turn|18\n|-message|karily forfeited.\n|\n|win|gaspar como estay\n|raw|karily's rating: 1064 &rarr; <strong>1044<\/strong><br \/>(-20 for losing)\n|raw|gaspar como estay's rating: 1058 &rarr; <strong>1090<\/strong><br \/>(+32 for winning)\n|l|\u2606karily\n","inputlog":">version 453a3ad56483cc6a5c08448f6577d394b68621b7\n>start {\"formatid\":\"gen8randombattle\",\"seed\":[33120,42215,4209,16781],\"rated\":\"Rated battle\"}\n>player p1 {\"name\":\"karily\",\"avatar\":\"lady\",\"rating\":1064,\"seed\":[21568,10175,49238,27926]}\n>player p2 {\"name\":\"gaspar como estay\",\"avatar\":\"169\",\"rating\":1058,\"seed\":[61445,48998,49479,3868]}\n>p1 move dracometeor\n>p2 move shellsmash\n>p1 move flamethrower\n>p2 move shadowball\n>p1 move roost\n>p2 move shadowball\n>p1 switch 6\n>p1 move knockoff\n>p2 move storedpower\n>p2 switch 3\n>p1 move knockoff\n>p2 move fishiousrend\n>p1 switch 2\n>p1 move wildcharge\n>p2 switch 2\n>p1 move earthquake\n>p2 move gigadrain\n>p1 move icepunch\n>p2 move gigadrain\n>p2 switch 4\n>p1 move earthquake\n>p2 move highhorsepower\n>p1 switch 4\n>p1 move closecombat\n>p2 move iciclecrash\n>p1 move closecombat\n>p2 move highhorsepower\n>p2 switch 5\n>p1 move closecombat\n>p2 move hydropump\n>p1 move closecombat\n>p2 move uturn\n>p2 switch 6\n>p1 switch 3\n>p1 move closecombat\n>p2 move dualwingbeat\n>p1 switch 5\n>p1 move dualwingbeat dynamax\n>p2 move dualwingbeat\n>p2 switch 2\n>p1 move brickbreak dynamax\n>p2 move icefang\n>p1 move dualwingbeat dynamax\n>p2 move icefang\n>forcelose p1","uploadtime":1668038200,"views":3,"p1id":"karily","p2id":"gasparcomoestay","formatid":"gen8randombattle","rating":1044,"private":0,"password":null}