{"id":"gen8randombattle-1706964183","p1":"BlizzardZeeshan","p2":"FabianPEKS","format":"gen8randombattle","log":"|j|\u2606BlizzardZeeshan\n|j|\u2606FabianPEKS\n|t:|1668036910\n|gametype|singles\n|player|p1|BlizzardZeeshan|lance|1448\n|player|p2|FabianPEKS|irida|1477\n|teamsize|p1|6\n|teamsize|p2|6\n|gen|8\n|tier|[Gen 8] Random Battle\n|rated|\n|rule|Species Clause: Limit one of each Pok\u00e9mon\n|rule|HP Percentage Mod: HP is shown in percentages\n|rule|Sleep Clause Mod: Limit one foe put to sleep\n|\n|t:|1668036910\n|start\n|switch|p1a: Heatmor|Heatmor, L90, M|299\/299\n|switch|p2a: Heatmor|Heatmor, L90, F|299\/299\n|turn|1\n|inactive|Battle timer is ON: inactive players will automatically lose when time's up. (requested by BlizzardZeeshan)\n|c|\u2606FabianPEKS|wow\n|\n|t:|1668036924\n|switch|p1a: Heatran|Heatran, L78, M|270\/270\n|-item|p1a: Heatran|Air Balloon\n|move|p2a: Heatmor|Knock Off|p1a: Heatran\n|-damage|p1a: Heatran|197\/270\n|-enditem|p1a: Heatran|Air Balloon\n|\n|upkeep\n|turn|2\n|\n|t:|1668036933\n|switch|p2a: Pelipper|Pelipper, L86, M|243\/243\n|-weather|RainDance|[from] ability: Drizzle|[of] p2a: Pelipper\n|move|p1a: Heatran|Toxic|p2a: Pelipper\n|-status|p2a: Pelipper|tox\n|\n|-weather|RainDance|[upkeep]\n|-damage|p2a: Pelipper|228\/243 tox|[from] psn\n|upkeep\n|turn|3\n|\n|t:|1668036938\n|switch|p1a: Hatterene|Hatterene, L86, F|238\/238\n|move|p2a: Pelipper|Scald|p1a: Hatterene\n|-damage|p1a: Hatterene|112\/238\n|\n|-weather|RainDance|[upkeep]\n|-heal|p1a: Hatterene|126\/238|[from] item: Leftovers\n|-damage|p2a: Pelipper|198\/243 tox|[from] psn\n|upkeep\n|turn|4\n|\n|t:|1668036942\n|move|p2a: Pelipper|Hurricane|p1a: Hatterene\n|-damage|p1a: Hatterene|21\/238\n|move|p1a: Hatterene|Psychic|p2a: Pelipper\n|-damage|p2a: Pelipper|60\/243 tox\n|\n|-weather|RainDance|[upkeep]\n|-heal|p1a: Hatterene|35\/238|[from] item: Leftovers\n|-damage|p2a: Pelipper|15\/243 tox|[from] psn\n|upkeep\n|turn|5\n|\n|t:|1668036954\n|move|p2a: Pelipper|U-turn|p1a: Hatterene\n|-damage|p1a: Hatterene|4\/238\n|\n|t:|1668036958\n|switch|p2a: Yveltal|Yveltal, L69|288\/288\n|-ability|p2a: Yveltal|Dark Aura\n|move|p1a: Hatterene|Psychic|p2a: Yveltal\n|-immune|p2a: Yveltal\n|\n|-weather|RainDance|[upkeep]\n|-heal|p1a: Hatterene|18\/238|[from] item: Leftovers\n|upkeep\n|turn|6\n|\n|t:|1668036963\n|move|p2a: Yveltal|Knock Off|p1a: Hatterene\n|-damage|p1a: Hatterene|0 fnt\n|-enditem|p1a: Hatterene|Leftovers|[from] move: Knock Off|[of] p2a: Yveltal\n|faint|p1a: Hatterene\n|\n|-weather|none\n|upkeep\n|\n|t:|1668036970\n|switch|p1a: Hitmontop|Hitmontop, L85, M|224\/224\n|-ability|p1a: Hitmontop|Intimidate|boost\n|-unboost|p2a: Yveltal|atk|1\n|turn|7\n|\n|t:|1668036974\n|move|p2a: Yveltal|Oblivion Wing|p1a: Hitmontop\n|-supereffective|p1a: Hitmontop\n|-damage|p1a: Hitmontop|92\/224\n|move|p1a: Hitmontop|Toxic|p2a: Yveltal\n|-status|p2a: Yveltal|tox\n|\n|-damage|p2a: Yveltal|270\/288 tox|[from] psn\n|upkeep\n|turn|8\n|inactive|BlizzardZeeshan has 120 seconds left.\n|\n|t:|1668037015\n|switch|p1a: Celesteela|Celesteela, L77|276\/276\n|move|p2a: Yveltal|Oblivion Wing|p1a: Celesteela\n|-resisted|p1a: Celesteela\n|-damage|p1a: Celesteela|239\/276\n|-heal|p2a: Yveltal|288\/288 tox|[from] drain|[of] p1a: Celesteela\n|\n|-heal|p1a: Celesteela|256\/276|[from] item: Leftovers\n|-damage|p2a: Yveltal|252\/288 tox|[from] psn\n|upkeep\n|turn|9\n|\n|t:|1668037044\n|switch|p2a: Pincurchin|Pincurchin, L88, M|228\/228\n|-fieldstart|move: Electric Terrain|[from] ability: Electric Surge|[of] p2a: Pincurchin\n|move|p1a: Celesteela|Leech Seed|p2a: Pincurchin\n|-start|p2a: Pincurchin|move: Leech Seed\n|\n|-heal|p1a: Celesteela|273\/276|[from] item: Leftovers\n|-damage|p2a: Pincurchin|200\/228|[from] Leech Seed|[of] p1a: Celesteela\n|-heal|p1a: Celesteela|276\/276|[silent]\n|upkeep\n|turn|10\n|inactive|BlizzardZeeshan has 120 seconds left.\n|\n|t:|1668037071\n|move|p1a: Celesteela|Protect|p1a: Celesteela\n|-singleturn|p1a: Celesteela|Protect\n|move|p2a: Pincurchin|Rising Voltage|p1a: Celesteela\n|-activate|p1a: Celesteela|move: Protect\n|\n|-damage|p2a: Pincurchin|172\/228|[from] Leech Seed|[of] p1a: Celesteela\n|upkeep\n|turn|11\n|\n|t:|1668037080\n|switch|p1a: Hitmontop|Hitmontop, L85, M|92\/224\n|-ability|p1a: Hitmontop|Intimidate|boost\n|-unboost|p2a: Pincurchin|atk|1\n|move|p2a: Pincurchin|Rising Voltage|p1a: Hitmontop\n|-hint|Rising Voltage's BP doubled on grounded target.\n|-damage|p1a: Hitmontop|0 fnt\n|faint|p1a: Hitmontop\n|\n|upkeep\n|\n|t:|1668037082\n|switch|p1a: Heatmor|Heatmor, L90, M|299\/299\n|turn|12\n|\n|t:|1668037085\n|move|p1a: Heatmor|Substitute|p1a: Heatmor\n|-start|p1a: Heatmor|Substitute\n|-damage|p1a: Heatmor|225\/299\n|move|p2a: Pincurchin|Rising Voltage|p1a: Heatmor\n|-hint|Rising Voltage's BP doubled on grounded target.\n|-end|p1a: Heatmor|Substitute\n|\n|-damage|p2a: Pincurchin|144\/228|[from] Leech Seed|[of] p1a: Heatmor\n|-heal|p1a: Heatmor|253\/299|[silent]\n|upkeep\n|turn|13\n|\n|t:|1668037099\n|move|p1a: Heatmor|Substitute|p1a: Heatmor\n|-start|p1a: Heatmor|Substitute\n|-damage|p1a: Heatmor|179\/299\n|move|p2a: Pincurchin|Rising Voltage|p1a: Heatmor\n|-hint|Rising Voltage's BP doubled on grounded target.\n|-crit|p1a: Heatmor\n|-end|p1a: Heatmor|Substitute\n|\n|-damage|p2a: Pincurchin|116\/228|[from] Leech Seed|[of] p1a: Heatmor\n|-heal|p1a: Heatmor|207\/299|[silent]\n|-fieldend|move: Electric Terrain\n|upkeep\n|turn|14\n|\n|t:|1668037104\n|move|p1a: Heatmor|Substitute|p1a: Heatmor\n|-start|p1a: Heatmor|Substitute\n|-damage|p1a: Heatmor|133\/299\n|move|p2a: Pincurchin|Scald|p1a: Heatmor\n|-supereffective|p1a: Heatmor\n|-end|p1a: Heatmor|Substitute\n|\n|-damage|p2a: Pincurchin|88\/228|[from] Leech Seed|[of] p1a: Heatmor\n|-heal|p1a: Heatmor|161\/299|[silent]\n|upkeep\n|turn|15\n|\n|t:|1668037109\n|move|p1a: Heatmor|Substitute|p1a: Heatmor\n|-start|p1a: Heatmor|Substitute\n|-damage|p1a: Heatmor|87\/299\n|move|p2a: Pincurchin|Scald|p1a: Heatmor\n|-supereffective|p1a: Heatmor\n|-end|p1a: Heatmor|Substitute\n|\n|-damage|p2a: Pincurchin|60\/228|[from] Leech Seed|[of] p1a: Heatmor\n|-heal|p1a: Heatmor|115\/299|[silent]\n|upkeep\n|turn|16\n|\n|t:|1668037113\n|switch|p2a: Heatmor|Heatmor, L90, F|299\/299\n|move|p1a: Heatmor|Substitute|p1a: Heatmor\n|-start|p1a: Heatmor|Substitute\n|-damage|p1a: Heatmor|41\/299\n|\n|upkeep\n|turn|17\n|\n|t:|1668037119\n|move|p1a: Heatmor|Sucker Punch|p2a: Heatmor\n|-damage|p2a: Heatmor|235\/299\n|move|p2a: Heatmor|Knock Off|p1a: Heatmor\n|-end|p1a: Heatmor|Substitute\n|\n|upkeep\n|turn|18\n|\n|t:|1668037123\n|move|p1a: Heatmor|Giga Drain|p2a: Heatmor\n|-resisted|p2a: Heatmor\n|-damage|p2a: Heatmor|197\/299\n|-heal|p1a: Heatmor|60\/299|[from] drain|[of] p2a: Heatmor\n|move|p2a: Heatmor|Substitute|p2a: Heatmor\n|-start|p2a: Heatmor|Substitute\n|-damage|p2a: Heatmor|123\/299\n|\n|upkeep\n|turn|19\n|\n|t:|1668037125\n|move|p1a: Heatmor|Giga Drain|p2a: Heatmor\n|-resisted|p2a: Heatmor\n|-activate|p2a: Heatmor|move: Substitute|[damage]\n|-heal|p1a: Heatmor|80\/299|[from] drain|[of] p2a: Heatmor\n|move|p2a: Heatmor|Knock Off|p1a: Heatmor\n|-damage|p1a: Heatmor|0 fnt\n|-enditem|p1a: Heatmor|Heavy-Duty Boots|[from] move: Knock Off|[of] p2a: Heatmor\n|faint|p1a: Heatmor\n|\n|upkeep\n|\n|t:|1668037129\n|switch|p1a: Obstagoon|Obstagoon, L80, F|280\/280\n|turn|20\n|\n|t:|1668037132\n|move|p1a: Obstagoon|Knock Off|p2a: Heatmor\n|-end|p2a: Heatmor|Substitute\n|move|p2a: Heatmor|Knock Off|p1a: Obstagoon\n|-resisted|p1a: Obstagoon\n|-crit|p1a: Obstagoon\n|-damage|p1a: Obstagoon|226\/280\n|-enditem|p1a: Obstagoon|Flame Orb|[from] move: Knock Off|[of] p2a: Heatmor\n|\n|upkeep\n|turn|21\n|\n|t:|1668037153\n|move|p1a: Obstagoon|Bulk Up|p1a: Obstagoon\n|-boost|p1a: Obstagoon|atk|1\n|-boost|p1a: Obstagoon|def|1\n|move|p2a: Heatmor|Fire Lash|p1a: Obstagoon\n|-damage|p1a: Obstagoon|166\/280\n|-unboost|p1a: Obstagoon|def|1\n|\n|upkeep\n|turn|22\n|\n|t:|1668037159\n|move|p1a: Obstagoon|Knock Off|p2a: Heatmor\n|-damage|p2a: Heatmor|0 fnt\n|-enditem|p2a: Heatmor|Heavy-Duty Boots|[from] move: Knock Off|[of] p1a: Obstagoon\n|faint|p2a: Heatmor\n|\n|upkeep\n|\n|t:|1668037163\n|switch|p2a: Pelipper|Pelipper, L86, M|15\/243 tox\n|-weather|RainDance|[from] ability: Drizzle|[of] p2a: Pelipper\n|turn|23\n|inactive|BlizzardZeeshan has 120 seconds left.\n|\n|t:|1668037210\n|move|p1a: Obstagoon|Knock Off|p2a: Pelipper\n|-damage|p2a: Pelipper|0 fnt\n|-enditem|p2a: Pelipper|Heavy-Duty Boots|[from] move: Knock Off|[of] p1a: Obstagoon\n|faint|p2a: Pelipper\n|\n|-weather|RainDance|[upkeep]\n|upkeep\n|\n|t:|1668037215\n|switch|p2a: Yveltal|Yveltal, L69|252\/288 tox\n|-ability|p2a: Yveltal|Dark Aura\n|turn|24\n|\n|t:|1668037233\n|move|p1a: Obstagoon|Facade|p2a: Yveltal\n|-damage|p2a: Yveltal|138\/288 tox\n|move|p2a: Yveltal|Oblivion Wing|p1a: Obstagoon\n|-damage|p1a: Obstagoon|84\/280\n|-heal|p2a: Yveltal|200\/288 tox|[from] drain|[of] p1a: Obstagoon\n|\n|-weather|RainDance|[upkeep]\n|-damage|p2a: Yveltal|182\/288 tox|[from] psn\n|upkeep\n|turn|25\n|\n|t:|1668037242\n|move|p1a: Obstagoon|Facade|p2a: Yveltal\n|-damage|p2a: Yveltal|62\/288 tox\n|move|p2a: Yveltal|Oblivion Wing|p1a: Obstagoon\n|-crit|p1a: Obstagoon\n|-damage|p1a: Obstagoon|0 fnt\n|-heal|p2a: Yveltal|125\/288 tox|[from] drain|[of] p1a: Obstagoon\n|faint|p1a: Obstagoon\n|\n|-weather|RainDance|[upkeep]\n|-damage|p2a: Yveltal|89\/288 tox|[from] psn\n|upkeep\n|inactive|BlizzardZeeshan has 90 seconds left.\n|\n|t:|1668037280\n|switch|p1a: Celesteela|Celesteela, L77|276\/276\n|turn|26\n|inactive|FabianPEKS has 120 seconds left.\n|\n|t:|1668037311\n|switch|p2a: Pincurchin|Pincurchin, L88, M|60\/228\n|-fieldstart|move: Electric Terrain|[from] ability: Electric Surge|[of] p2a: Pincurchin\n|-start|p1a: Celesteela|Dynamax|\n|-heal|p1a: Celesteela|552\/552|[silent]\n|move|p1a: Celesteela|Max Airstream|p2a: Pincurchin\n|-resisted|p2a: Pincurchin\n|-damage|p2a: Pincurchin|0 fnt\n|-boost|p1a: Celesteela|spe|1\n|faint|p2a: Pincurchin\n|-ability|p1a: Celesteela|Beast Boost|boost\n|-boost|p1a: Celesteela|spa|1\n|\n|-weather|RainDance|[upkeep]\n|upkeep\n|inactive|FabianPEKS has 120 seconds left.\n|\n|t:|1668037317\n|switch|p2a: Zygarde|Zygarde-10%, L82|223\/223\n|-ability|p2a: Zygarde|Aura Break\n|turn|27\n|\n|t:|1668037327\n|move|p2a: Zygarde|Coil|p2a: Zygarde\n|-boost|p2a: Zygarde|atk|1\n|-boost|p2a: Zygarde|def|1\n|-boost|p2a: Zygarde|accuracy|1\n|move|p1a: Celesteela|Max Steelspike|p2a: Zygarde\n|-damage|p2a: Zygarde|24\/223\n|-boost|p1a: Celesteela|def|1\n|\n|-weather|none\n|upkeep\n|turn|28\n|\n|t:|1668037329\n|move|p2a: Zygarde|Thousand Arrows|p1a: Celesteela\n|-damage|p1a: Celesteela|439\/552\n|-start|p1a: Celesteela|Smack Down\n|-damage|p2a: Zygarde|2\/223|[from] item: Life Orb\n|move|p1a: Celesteela|Max Airstream|p2a: Zygarde\n|-damage|p2a: Zygarde|0 fnt\n|-boost|p1a: Celesteela|spe|1\n|faint|p2a: Zygarde\n|-ability|p1a: Celesteela|Beast Boost|boost\n|-boost|p1a: Celesteela|spa|1\n|\n|-heal|p1a: Celesteela|456\/552|[from] item: Leftovers\n|upkeep\n|l|\u2606FabianPEKS\n|inactive|FabianPEKS disconnected and has a minute to reconnect!\n|player|p2|\n|inactive|FabianPEKS has 30 seconds to reconnect!\n|inactive|FabianPEKS has 20 seconds to reconnect!\n|inactive|FabianPEKS has 15 seconds to reconnect!\n|inactive|FabianPEKS has 10 seconds to reconnect!\n|inactive|FabianPEKS has 5 seconds to reconnect!\n|-message|FabianPEKS lost due to inactivity.\n|\n|win|BlizzardZeeshan\n|raw|BlizzardZeeshan's rating: 1490 &rarr; <strong>1509<\/strong><br \/>(+19 for winning)\n|raw|FabianPEKS's rating: 1477 &rarr; <strong>1458<\/strong><br \/>(-19 for losing)\n||Ladder isn't responding, score probably updated but might not have (Request timeout).\n","inputlog":">version 453a3ad56483cc6a5c08448f6577d394b68621b7\n>start {\"formatid\":\"gen8randombattle\",\"seed\":[52442,58130,6882,27233],\"rated\":\"Rated battle\"}\n>player p1 {\"name\":\"BlizzardZeeshan\",\"avatar\":\"lance\",\"rating\":1448,\"seed\":[37943,24835,33743,22758]}\n>player p2 {\"name\":\"FabianPEKS\",\"avatar\":\"irida\",\"rating\":1477,\"seed\":[64781,63251,3366,27475]}\n>chat \u2606FabianPEKS|wow\n>p1 switch 2\n>p2 move knockoff\n>p1 move toxic\n>p2 switch 6\n>p1 switch 5\n>p2 move scald\n>p1 move psychic\n>p2 move hurricane\n>p1 move psychic\n>p2 move uturn\n>p2 switch 2\n>p1 move dazzlinggleam\n>p2 move knockoff\n>p1 switch 6\n>p1 move toxic\n>p2 move oblivionwing\n>p1 switch 4\n>p2 move oblivionwing\n>p1 move leechseed\n>p2 switch 3\n>p1 move protect\n>p2 move risingvoltage\n>p1 switch 4\n>p2 move risingvoltage\n>p1 switch 2\n>p1 move substitute\n>p2 move risingvoltage\n>p1 move substitute\n>p2 move risingvoltage\n>p1 move substitute\n>p2 move scald\n>p1 move substitute\n>p2 move scald\n>p1 move substitute\n>p2 switch 6\n>p1 move suckerpunch\n>p2 move knockoff\n>p1 move gigadrain\n>p2 move substitute\n>p1 move gigadrain\n>p2 move knockoff\n>p1 switch 3\n>p1 move knockoff\n>p2 move knockoff\n>p1 move bulkup\n>p2 move firelash\n>p1 move knockoff\n>p2 move firelash\n>p2 switch 2\n>p1 move knockoff\n>p2 move scald\n>p2 switch 3\n>p1 move facade\n>p2 move oblivionwing\n>p1 move facade\n>p2 move oblivionwing\n>p1 switch 4\n>p1 move airslash dynamax\n>p2 switch 6\n>p2 switch 4\n>p1 move flashcannon dynamax\n>p2 move coil\n>p1 move airslash dynamax\n>p2 move thousandarrows\n>forcelose p2","uploadtime":1668037531,"views":5,"p1id":"blizzardzeeshan","p2id":"fabianpeks","formatid":"gen8randombattle","rating":1458,"private":0,"password":null}