{"id":"gen8randombattleblitz-1687306850","p1":"LoSconosciuto","p2":"good100","format":"gen8randombattleblitz","log":"|inactive|Battle timer is ON: inactive players will automatically lose when time's up.\n|j|\u2606LoSconosciuto\n|j|\u2606good100\n|t:|1665947756\n|gametype|singles\n|player|p1|LoSconosciuto|#teamgapdos|1802\n|player|p2|good100|265|1665\n|teamsize|p1|6\n|teamsize|p2|6\n|gen|8\n|tier|[Gen 8] Random Battle (Blitz)\n|rated|\n|rule|Species Clause: Limit one of each Pok\u00e9mon\n|rule|HP Percentage Mod: HP is shown in percentages\n|rule|Sleep Clause Mod: Limit one foe put to sleep\n|rule|Blitz: Super-fast timer\n|\n|t:|1665947756\n|start\n|switch|p1a: Silvally|Silvally-Dragon, L84|297\/297\n|switch|p2a: Wailord|Wailord, L90, M|452\/452\n|turn|1\n|inactive|good100 also wants the timer to be on.\n|inactive|LoSconosciuto also wants the timer to be on.\n|inactive|good100 has 30 seconds left.\n|inactive|good100 has 20 seconds left.\n|\n|t:|1665947778\n|move|p1a: Silvally|Parting Shot|p2a: Wailord\n|-unboost|p2a: Wailord|atk|1\n|-unboost|p2a: Wailord|spa|1\n|j| Ciro napoli\n|\n|t:|1665947781\n|switch|p1a: Blissey|Blissey, L83, F|559\/559\n|move|p2a: Wailord|Ice Beam|p1a: Blissey\n|-damage|p1a: Blissey|508\/559\n|\n|-heal|p1a: Blissey|542\/559|[from] item: Leftovers\n|upkeep\n|turn|2\n|inactive|good100 has 10 seconds left.\n|\n|t:|1665947788\n|switch|p2a: Clefable|Clefable, L82, M|290\/290\n|move|p1a: Blissey|Teleport|p1a: Blissey\n|inactive|LoSconosciuto has 10 seconds left.\n|\n|t:|1665947797\n|switch|p1a: Regieleki|Regieleki, L78|253\/253\n|\n|upkeep\n|turn|3\n|inactive|good100 has 10 seconds left.\n|\n|t:|1665947806\n|switch|p2a: Golurk|Golurk, L82|280\/280\n|move|p1a: Regieleki|Thunderbolt|p2a: Golurk\n|-immune|p2a: Golurk\n|\n|upkeep\n|turn|4\n|\n|t:|1665947810\n|switch|p1a: Mantine|Mantine, L86, M|286\/286\n|move|p2a: Golurk|Rock Polish|p2a: Golurk\n|-boost|p2a: Golurk|spe|2\n|\n|upkeep\n|turn|5\n|\n|t:|1665947815\n|move|p2a: Golurk|Stone Edge|p1a: Mantine\n|-supereffective|p1a: Mantine\n|-damage|p1a: Mantine|36\/286\n|-damage|p2a: Golurk|252\/280|[from] item: Life Orb\n|move|p1a: Mantine|Scald|p2a: Golurk\n|-supereffective|p2a: Golurk\n|-damage|p2a: Golurk|82\/280\n|-status|p2a: Golurk|brn\n|\n|-damage|p2a: Golurk|65\/280 brn|[from] brn\n|upkeep\n|turn|6\n|inactive|LoSconosciuto has 10 seconds left.\n|\n|t:|1665947821\n|switch|p1a: Mienshao|Mienshao, L82, F|241\/241\n|move|p2a: Golurk|Stone Edge|p1a: Mienshao\n|-resisted|p1a: Mienshao\n|-damage|p1a: Mienshao|205\/241\n|-damage|p2a: Golurk|37\/280 brn|[from] item: Life Orb\n|\n|-damage|p2a: Golurk|20\/280 brn|[from] brn\n|upkeep\n|turn|7\n|inactive|good100 has 10 seconds left.\n|\n|t:|1665947827\n|move|p2a: Golurk|Poltergeist|p1a: Mienshao\n|-activate|p1a: Mienshao|move: Poltergeist|Life Orb\n|-damage|p1a: Mienshao|87\/241\n|-damage|p2a: Golurk|0 fnt|[from] item: Life Orb\n|faint|p2a: Golurk\n|move|p1a: Mienshao|Swords Dance|p1a: Mienshao\n|-boost|p1a: Mienshao|atk|2\n|\n|upkeep\n|l| Ciro napoli\n|inactive|good100 has 10 seconds left.\n|inactive|good100 has 5 seconds left.\n|\n|t:|1665947839\n|switch|p2a: Clefable|Clefable, L82, M|290\/290\n|turn|8\n|inactive|good100 has 10 seconds left this turn.\n|\n|t:|1665947843\n|-start|p2a: Clefable|Dynamax|\n|-heal|p2a: Clefable|580\/580|[silent]\n|move|p1a: Mienshao|Poison Jab|p2a: Clefable\n|-supereffective|p2a: Clefable\n|-damage|p2a: Clefable|198\/580\n|-status|p2a: Clefable|psn\n|-damage|p1a: Mienshao|63\/241|[from] item: Life Orb\n|move|p2a: Clefable|Max Starfall|p1a: Mienshao\n|-supereffective|p1a: Mienshao\n|-damage|p1a: Mienshao|0 fnt\n|-fieldstart|move: Misty Terrain\n|faint|p1a: Mienshao\n|\n|upkeep\n|inactive|LoSconosciuto has 10 seconds left.\n|\n|t:|1665947852\n|switch|p1a: Regieleki|Regieleki, L78|253\/253\n|turn|9\n|\n|t:|1665947856\n|move|p1a: Regieleki|Volt Switch|p2a: Clefable\n|-damage|p2a: Clefable|72\/580 psn\n|\n|t:|1665947857\n|switch|p1a: Blissey|Blissey, L83, F|542\/559\n|move|p2a: Clefable|Max Starfall|p1a: Blissey\n|-damage|p1a: Blissey|429\/559\n|\n|-heal|p1a: Blissey|463\/559|[from] item: Leftovers\n|upkeep\n|turn|10\n|\n|t:|1665947861\n|move|p2a: Clefable|Max Guard|p2a: Clefable\n|-singleturn|p2a: Clefable|Max Guard\n|move|p1a: Blissey|Teleport|p1a: Blissey\n|\n|t:|1665947862\n|switch|p1a: Regieleki|Regieleki, L78|253\/253\n|\n|upkeep\n|-end|p2a: Clefable|Dynamax\n|-heal|p2a: Clefable|36\/290 psn|[silent]\n|turn|11\n|\n|t:|1665947865\n|switch|p2a: Mamoswine|Mamoswine, L80, M|307\/307\n|move|p1a: Regieleki|Thunderbolt|p2a: Mamoswine\n|-immune|p2a: Mamoswine\n|\n|upkeep\n|turn|12\n|inactive|LoSconosciuto has 10 seconds left.\n|\n|t:|1665947870\n|switch|p1a: Mantine|Mantine, L86, M|36\/286\n|move|p2a: Mamoswine|Stealth Rock|p1a: Mantine\n|-sidestart|p1: LoSconosciuto|move: Stealth Rock\n|\n|-fieldend|Misty Terrain\n|upkeep\n|turn|13\n|\n|t:|1665947873\n|move|p2a: Mamoswine|Knock Off|p1a: Mantine\n|-damage|p1a: Mantine|0 fnt\n|-enditem|p1a: Mantine|Heavy-Duty Boots|[from] move: Knock Off|[of] p2a: Mamoswine\n|faint|p1a: Mantine\n|-damage|p2a: Mamoswine|277\/307|[from] item: Life Orb\n|\n|upkeep\n|inactive|LoSconosciuto has 10 seconds left.\n|\n|t:|1665947881\n|switch|p1a: Silvally|Silvally-Dragon, L84|297\/297\n|-damage|p1a: Silvally|260\/297|[from] Stealth Rock\n|turn|14\n|j| aaaaabho\n|inactive|LoSconosciuto has 10 seconds left.\n|inactive|good100 has 10 seconds left.\n|\n|t:|1665947888\n|-start|p1a: Silvally|Dynamax|\n|-heal|p1a: Silvally|520\/594|[silent]\n|move|p1a: Silvally|Max Steelspike|p2a: Mamoswine\n|-supereffective|p2a: Mamoswine\n|-damage|p2a: Mamoswine|83\/307\n|-boost|p1a: Silvally|def|1\n|move|p2a: Mamoswine|Icicle Crash|p1a: Silvally\n|-supereffective|p1a: Silvally\n|-damage|p1a: Silvally|330\/594\n|-damage|p2a: Mamoswine|53\/307|[from] item: Life Orb\n|\n|upkeep\n|turn|15\n|inactive|good100 has 10 seconds left.\n|j| Ciro napoli\n|l| aaaaabho\n|\n|t:|1665947894\n|switch|p2a: Wailord|Wailord, L90, M|452\/452\n|move|p1a: Silvally|Max Steelspike|p2a: Wailord\n|-resisted|p2a: Wailord\n|-damage|p2a: Wailord|387\/452\n|-boost|p1a: Silvally|def|1\n|\n|upkeep\n|turn|16\n|\n|t:|1665947898\n|move|p1a: Silvally|Max Wyrmwind|p2a: Wailord\n|-damage|p2a: Wailord|245\/452\n|-unboost|p2a: Wailord|atk|1\n|move|p2a: Wailord|Ice Beam|p1a: Silvally\n|-supereffective|p1a: Silvally\n|-damage|p1a: Silvally|130\/594\n|\n|upkeep\n|-end|p1a: Silvally|Dynamax\n|-heal|p1a: Silvally|65\/297|[silent]\n|turn|17\n|\n|t:|1665947903\n|move|p1a: Silvally|Multi-Attack|p2a: Wailord\n|-damage|p2a: Wailord|76\/452\n|move|p2a: Wailord|Ice Beam|p1a: Silvally\n|-supereffective|p1a: Silvally\n|-damage|p1a: Silvally|0 fnt\n|faint|p1a: Silvally\n|\n|upkeep\n|\n|t:|1665947907\n|switch|p1a: Lunala|Lunala, L72|316\/316\n|-damage|p1a: Lunala|277\/316|[from] Stealth Rock\n|turn|18\n|inactive|good100 has 10 seconds left.\n|inactive|good100 has 5 seconds left.\n|\n|t:|1665947918\n|move|p1a: Lunala|Moongeist Beam|p2a: Wailord\n|-damage|p2a: Wailord|0 fnt\n|faint|p2a: Wailord\n|\n|-heal|p1a: Lunala|296\/316|[from] item: Leftovers\n|upkeep\n|inactive|good100 has 10 seconds left this turn.\n|inactive|good100 has 5 seconds left.\n|\n|t:|1665947924\n|switch|p2a: Exploud|Exploud, L84, M|312\/312\n|turn|19\n|inactive|good100 has 10 seconds left this turn.\n|inactive|LoSconosciuto has 10 seconds left.\n|\n|t:|1665947930\n|move|p1a: Lunala|Roost|p1a: Lunala\n|-heal|p1a: Lunala|316\/316\n|-singleturn|p1a: Lunala|move: Roost\n|move|p2a: Exploud|Boomburst|p1a: Lunala\n|-damage|p1a: Lunala|215\/316\n|\n|-heal|p1a: Lunala|234\/316|[from] item: Leftovers\n|upkeep\n|turn|20\n|\n|t:|1665947934\n|move|p1a: Lunala|Roost|p1a: Lunala\n|-heal|p1a: Lunala|316\/316\n|-singleturn|p1a: Lunala|move: Roost\n|move|p2a: Exploud|Boomburst|p1a: Lunala\n|-damage|p1a: Lunala|217\/316\n|\n|-heal|p1a: Lunala|236\/316|[from] item: Leftovers\n|upkeep\n|turn|21\n|\n|t:|1665947938\n|switch|p1a: Blissey|Blissey, L83, F|463\/559\n|-damage|p1a: Blissey|394\/559|[from] Stealth Rock\n|move|p2a: Exploud|Boomburst|p1a: Blissey\n|-damage|p1a: Blissey|229\/559\n|\n|-heal|p1a: Blissey|263\/559|[from] item: Leftovers\n|upkeep\n|turn|22\n|inactive|LoSconosciuto has 10 seconds left.\n|inactive|good100 has 10 seconds left.\n|\n|t:|1665947944\n|switch|p2a: Clefable|Clefable, L82, M|36\/290 psn\n|move|p1a: Blissey|Soft-Boiled|p1a: Blissey\n|-heal|p1a: Blissey|543\/559\n|\n|-heal|p1a: Blissey|559\/559|[from] item: Leftovers\n|upkeep\n|turn|23\n|\n|t:|1665947947\n|switch|p1a: Regieleki|Regieleki, L78|253\/253\n|-damage|p1a: Regieleki|222\/253|[from] Stealth Rock\n|move|p2a: Clefable|Soft-Boiled|p2a: Clefable\n|-heal|p2a: Clefable|181\/290 psn\n|\n|upkeep\n|turn|24\n|\n|t:|1665947951\n|move|p1a: Regieleki|Thunderbolt|p2a: Clefable\n|-damage|p2a: Clefable|19\/290 psn\n|move|p2a: Clefable|Soft-Boiled|p2a: Clefable\n|-heal|p2a: Clefable|164\/290 psn\n|\n|upkeep\n|turn|25\n|\n|t:|1665947954\n|switch|p2a: Mamoswine|Mamoswine, L80, M|53\/307\n|move|p1a: Regieleki|Thunderbolt|p2a: Mamoswine\n|-immune|p2a: Mamoswine\n|\n|upkeep\n|turn|26\n|inactive|LoSconosciuto has 10 seconds left.\n|\n|t:|1665947961\n|switch|p1a: Blissey|Blissey, L83, F|559\/559\n|-damage|p1a: Blissey|490\/559|[from] Stealth Rock\n|switch|p2a: Clefable|Clefable, L82, M|164\/290 psn\n|\n|-heal|p1a: Blissey|524\/559|[from] item: Leftovers\n|upkeep\n|turn|27\n|\n|t:|1665947965\n|move|p2a: Clefable|Soft-Boiled|p2a: Clefable\n|-heal|p2a: Clefable|290\/290 psn\n|move|p1a: Blissey|Teleport|p1a: Blissey\n|\n|t:|1665947967\n|switch|p1a: Regieleki|Regieleki, L78|222\/253\n|-damage|p1a: Regieleki|191\/253|[from] Stealth Rock\n|\n|upkeep\n|turn|28\n|\n|t:|1665947969\n|move|p1a: Regieleki|Thunderbolt|p2a: Clefable\n|-damage|p2a: Clefable|146\/290 psn\n|move|p2a: Clefable|Calm Mind|p2a: Clefable\n|-boost|p2a: Clefable|spa|1\n|-boost|p2a: Clefable|spd|1\n|\n|upkeep\n|turn|29\n|\n|t:|1665947974\n|switch|p2a: Exploud|Exploud, L84, M|312\/312\n|move|p1a: Regieleki|Explosion|p2a: Exploud\n|-damage|p2a: Exploud|117\/312\n|faint|p1a: Regieleki\n|\n|upkeep\n|\n|t:|1665947978\n|switch|p1a: Lunala|Lunala, L72|236\/316\n|-damage|p1a: Lunala|197\/316|[from] Stealth Rock\n|turn|30\n|\n|t:|1665947981\n|move|p1a: Lunala|Psyshock|p2a: Exploud\n|-damage|p2a: Exploud|18\/312\n|move|p2a: Exploud|Boomburst|p1a: Lunala\n|-crit|p1a: Lunala\n|-damage|p1a: Lunala|0 fnt\n|faint|p1a: Lunala\n|\n|upkeep\n|c| Ciro napoli|Luna non vince da solo?\n|-message|LoSconosciuto forfeited.\n|\n|win|good100\n|raw|LoSconosciuto's rating: 1802 &rarr; <strong>1774<\/strong><br \/>(-28 for losing)\n|raw|good100's rating: 1665 &rarr; <strong>1693<\/strong><br \/>(+28 for winning)\n|l|\u2606LoSconosciuto\n||Ladder isn't responding, score probably updated but might not have (Request timeout).\n","uploadtime":1665948041,"views":3,"p1id":"losconosciuto","p2id":"good100","formatid":"gen8randombattleblitz","rating":1693,"private":0,"password":null}