{"id":"randombattle-282784135","p1":"Zaphyr","p2":"Ohmboy Tesla","format":"randombattle","log":"|join|Zaphyr\n|join|Ohmboy Tesla\n|player|p1|Zaphyr|281\n|player|p2|Ohmboy Tesla|136\n|gametype|singles\n|gen|6\n|tier|Random Battle\n|rated\n|rule|Sleep Clause Mod: Limit one foe put to sleep\n|rule|HP Percentage Mod: HP is shown in percentages\n|\n|start\n|switch|p1a: Flareon|Flareon, L83, M|243\/243\n|switch|p2a: Groudon|Groudon, L73|266\/266\n|-weather|SunnyDay\n|turn|1\n|\n|move|p2a: Groudon|Stealth Rock|p1a: Flareon\n|-sidestart|p1: Zaphyr|move: Stealth Rock\n|move|p1a: Flareon|Toxic|p2a: Groudon|[miss]\n|-miss|p1a: Flareon|p2a: Groudon\n|\n|-weather|SunnyDay|[upkeep]\n|-status|p1a: Flareon|tox|[from] item: Toxic Orb\n|turn|2\n|\n|move|p2a: Groudon|Earthquake|p1a: Flareon\n|-supereffective|p1a: Flareon\n|-damage|p1a: Flareon|0 fnt\n|faint|p1a: Flareon\n|\n|-weather|SunnyDay|[upkeep]\n|\n|switch|p1a: Virizion|Virizion, L79|273\/273\n|-damage|p1a: Virizion|256\/273|[from] Stealth Rock\n|turn|3\n|\n|move|p1a: Virizion|Substitute|p1a: Virizion\n|-start|p1a: Virizion|Substitute\n|-damage|p1a: Virizion|188\/273\n|move|p2a: Groudon|Toxic|p1a: Virizion\n|-fail|p1a: Virizion\n|\n|-weather|SunnyDay|[upkeep]\n|-heal|p1a: Virizion|205\/273|[from] item: Leftovers\n|turn|4\n|\n|move|p1a: Virizion|Leaf Blade|p2a: Groudon\n|-supereffective|p2a: Groudon\n|-damage|p2a: Groudon|126\/266\n|move|p2a: Groudon|Earthquake|p1a: Virizion\n|-resisted|p1a: Virizion\n|-end|p1a: Virizion|Substitute\n|\n|-weather|SunnyDay|[upkeep]\n|-heal|p1a: Virizion|222\/273|[from] item: Leftovers\n|-heal|p2a: Groudon|142\/266|[from] item: Leftovers\n|turn|5\n|\n|switch|p2a: Noctowl|Noctowl, L83, M|302\/302\n|move|p1a: Virizion|Substitute|p1a: Virizion\n|-start|p1a: Virizion|Substitute\n|-damage|p1a: Virizion|154\/273\n|\n|-weather|none\n|-heal|p1a: Virizion|171\/273|[from] item: Leftovers\n|turn|6\n|\n|move|p1a: Virizion|Stone Edge|p2a: Noctowl\n|-supereffective|p2a: Noctowl\n|-damage|p2a: Noctowl|112\/302\n|move|p2a: Noctowl|Air Slash|p1a: Virizion\n|-supereffective|p1a: Virizion\n|-end|p1a: Virizion|Substitute\n|\n|-heal|p1a: Virizion|188\/273|[from] item: Leftovers\n|-heal|p2a: Noctowl|130\/302|[from] item: Leftovers\n|turn|7\n|\n|move|p1a: Virizion|Stone Edge|p2a: Noctowl\n|-supereffective|p2a: Noctowl\n|-damage|p2a: Noctowl|0 fnt\n|faint|p2a: Noctowl\n|\n|-heal|p1a: Virizion|205\/273|[from] item: Leftovers\n|\n|switch|p2a: Sawk|Sawk, L81, M|254\/254\n|-ability|p2a: Sawk|Mold Breaker\n|turn|8\n|\n|move|p2a: Sawk|Ice Punch|p1a: Virizion\n|-supereffective|p1a: Virizion\n|-damage|p1a: Virizion|43\/273\n|move|p1a: Virizion|Leaf Blade|p2a: Sawk\n|-crit|p2a: Sawk\n|-damage|p2a: Sawk|122\/254\n|\n|-heal|p1a: Virizion|60\/273|[from] item: Leftovers\n|turn|9\n|\n|switch|p1a: Escavalier|Escavalier, L79, M|240\/240\n|-damage|p1a: Escavalier|210\/240|[from] Stealth Rock\n|move|p2a: Sawk|Ice Punch|p1a: Escavalier\n|-resisted|p1a: Escavalier\n|-damage|p1a: Escavalier|182\/240\n|\n|turn|10\n|\n|switch|p2a: Groudon|Groudon, L73|142\/266\n|-weather|SunnyDay\n|move|p1a: Escavalier|Knock Off|p2a: Groudon\n|-damage|p2a: Groudon|59\/266\n|-enditem|p2a: Groudon|Leftovers|[from] move: Knock Off|[of] p1a: Escavalier\n|-damage|p1a: Escavalier|158\/240|[from] item: Life Orb\n|\n|-weather|SunnyDay|[upkeep]\n|turn|11\n|\n|move|p2a: Groudon|Earthquake|p1a: Escavalier\n|-damage|p1a: Escavalier|53\/240\n|move|p1a: Escavalier|Iron Head|p2a: Groudon\n|-damage|p2a: Groudon|0 fnt\n|-damage|p1a: Escavalier|29\/240|[from] item: Life Orb\n|faint|p2a: Groudon\n|\n|-weather|SunnyDay|[upkeep]\n|\n|switch|p2a: Kyurem-Black|Kyurem-Black, L75|311\/311\n|-ability|p2a: Kyurem-Black|Teravolt\n|turn|12\n|\n|move|p2a: Kyurem-Black|Fusion Bolt|p1a: Escavalier\n|-damage|p1a: Escavalier|0 fnt\n|faint|p1a: Escavalier\n|\n|-weather|SunnyDay|[upkeep]\n|\n|switch|p1a: Mienshao|Mienshao, L77, F|227\/227\n|-damage|p1a: Mienshao|213\/227|[from] Stealth Rock\n|turn|13\n|\n|switch|p2a: Tropius|Tropius, L83, F|299\/299\n|move|p1a: Mienshao|Substitute|p1a: Mienshao\n|-start|p1a: Mienshao|Substitute\n|-damage|p1a: Mienshao|157\/227\n|\n|-weather|SunnyDay|[upkeep]\n|-heal|p1a: Mienshao|171\/227|[from] item: Leftovers\n|turn|14\n|\n|move|p1a: Mienshao|Baton Pass|p1a: Mienshao\n|\n|switch|p1a: Exploud|Exploud, L79, M|294\/294\n|-damage|p1a: Exploud|258\/294|[from] Stealth Rock\n|move|p2a: Tropius|Giga Drain|p1a: Exploud\n|-end|p1a: Exploud|Substitute\n|\n|-weather|none\n|turn|15\n|\n|move|p1a: Exploud|Ice Beam|p2a: Tropius\n|-supereffective|p2a: Tropius\n|-damage|p2a: Tropius|0 fnt\n|faint|p2a: Tropius\n|\n|\n|switch|p2a: Sawk|Sawk, L81, M|122\/254\n|-ability|p2a: Sawk|Mold Breaker\n|turn|16\n|\n|switch|p1a: Skarmory|Skarmory, L75, M|221\/221\n|-damage|p1a: Skarmory|194\/221|[from] Stealth Rock\n|move|p2a: Sawk|Close Combat|p1a: Skarmory\n|-damage|p1a: Skarmory|83\/221\n|-unboost|p2a: Sawk|def|1\n|-unboost|p2a: Sawk|spd|1\n|\n|-heal|p1a: Skarmory|96\/221|[from] item: Leftovers\n|turn|17\n|\n|move|p2a: Sawk|Close Combat|p1a: Skarmory\n|-damage|p1a: Skarmory|0 fnt\n|-unboost|p2a: Sawk|def|1\n|-unboost|p2a: Sawk|spd|1\n|faint|p1a: Skarmory\n|\n|\n|switch|p1a: Mienshao|Mienshao, L77, F|227\/227\n|-damage|p1a: Mienshao|213\/227|[from] Stealth Rock\n|turn|18\n|\n|switch|p2a: Shiftry|Shiftry, L81, M|278\/278\n|move|p1a: Mienshao|High Jump Kick|p2a: Shiftry\n|-supereffective|p2a: Shiftry\n|-crit|p2a: Shiftry\n|-damage|p2a: Shiftry|0 fnt\n|faint|p2a: Shiftry\n|\n|-heal|p1a: Mienshao|227\/227|[from] item: Leftovers\n|\n|switch|p2a: Sawk|Sawk, L81, M|122\/254\n|-ability|p2a: Sawk|Mold Breaker\n|turn|19\n|\n|move|p2a: Sawk|Close Combat|p1a: Mienshao\n|-damage|p1a: Mienshao|37\/227\n|-unboost|p2a: Sawk|def|1\n|-unboost|p2a: Sawk|spd|1\n|move|p1a: Mienshao|High Jump Kick|p2a: Sawk\n|-damage|p2a: Sawk|0 fnt\n|faint|p2a: Sawk\n|\n|-heal|p1a: Mienshao|51\/227|[from] item: Leftovers\n|\n|switch|p2a: Kyurem-Black|Kyurem-Black, L75|311\/311\n|-ability|p2a: Kyurem-Black|Teravolt\n|turn|20\n|\n|move|p1a: Mienshao|High Jump Kick|p2a: Kyurem-Black\n|-supereffective|p2a: Kyurem-Black\n|-damage|p2a: Kyurem-Black|21\/311\n|move|p2a: Kyurem-Black|Fusion Bolt|p1a: Mienshao\n|-damage|p1a: Mienshao|0 fnt\n|faint|p1a: Mienshao\n|\n|-heal|p2a: Kyurem-Black|40\/311|[from] item: Leftovers\n|\n|switch|p1a: Virizion|Virizion, L79|60\/273\n|-damage|p1a: Virizion|43\/273|[from] Stealth Rock\n|turn|21\n|\n|move|p1a: Virizion|Stone Edge|p2a: Kyurem-Black\n|-supereffective|p2a: Kyurem-Black\n|-damage|p2a: Kyurem-Black|0 fnt\n|faint|p2a: Kyurem-Black\n|\n|win|Zaphyr\n|c|\u2605Ohmboy Tesla|gg\n|c|\u2605Zaphyr|Gg\n|raw|Zaphyr's rating: 1556 &rarr; <strong>1573<\/strong><br \/>(+17 for winning)\n|raw|Ohmboy Tesla's rating: 1505 &rarr; <strong>1488<\/strong><br \/>(-17 for losing)","inputlog":null,"uploadtime":1445090903,"views":3,"p1id":"zaphyr","p2id":"ohmboytesla","formatid":"randombattle","rating":1488,"private":0,"password":null}