{"id":"randombattle-248174524","p1":"Afonso2","p2":"The Teal Scizor","format":"randombattle","log":"|join|Afonso2\n|join|The Teal Scizor\n|player|p1|Afonso2|1\n|player|p2|The Teal Scizor|2\n|gametype|singles\n|gen|6\n|tier|Random Battle\n|rule|Sleep Clause Mod: Limit one foe put to sleep\n|rule|HP Percentage Mod: HP is shown in percentages\n|\n|start\n|switch|p1a: Gengar|Gengar, L73, F|208\/208\n|switch|p2a: Magmortar|Magmortar, L81, F|254\/254\n|turn|1\n|\n|switch|p2a: Swalot|Swalot, L83, M|302\/302\n|detailschange|p1a: Gengar|Gengar-Mega, L73, F\n|-mega|p1a: Gengar|Gengar|Gengarite\n|move|p1a: Gengar|Protect|p1a: Gengar\n|-fail|p1a: Gengar\n|\n|turn|2\n|\n|move|p1a: Gengar|Taunt|p2a: Swalot\n|-start|p2a: Swalot|move: Taunt\n|cant|p2a: Swalot|move: Taunt|Encore\n|\n|turn|3\n|\n|move|p1a: Gengar|Perish Song|p1a: Gengar\n|-start|p1a: Gengar|perish3|[silent]\n|-start|p2a: Swalot|perish3|[silent]\n|-fieldactivate|move: Perish Song\n|move|p2a: Swalot|Earthquake|p1a: Gengar\n|-supereffective|p1a: Gengar\n|-damage|p1a: Gengar|70\/208\n|\n|-start|p1a: Gengar|perish3\n|-start|p2a: Swalot|perish3\n|turn|4\n|\n|move|p1a: Gengar|Protect|p1a: Gengar\n|-singleturn|p1a: Gengar|Protect\n|move|p2a: Swalot|Earthquake|p1a: Gengar\n|-activate|p1a: Gengar|Protect\n|\n|-start|p1a: Gengar|perish2\n|-start|p2a: Swalot|perish2\n|-end|p2a: Swalot|move: Taunt\n|turn|5\n|\n|switch|p1a: Dragonite|Dragonite, L75, F|259\/259\n|move|p2a: Swalot|Earthquake|p1a: Dragonite\n|-immune|p1a: Dragonite|[msg]\n|\n|-start|p2a: Swalot|perish1\n|turn|6\n|\n|switch|p2a: Milotic|Milotic, L77, F|273\/273\n|move|p1a: Dragonite|Dragon Dance|p1a: Dragonite\n|-boost|p1a: Dragonite|atk|1\n|-boost|p1a: Dragonite|spe|1\n|\n|turn|7\n|\n|move|p1a: Dragonite|Dragon Dance|p1a: Dragonite\n|-boost|p1a: Dragonite|atk|1\n|-boost|p1a: Dragonite|spe|1\n|move|p2a: Milotic|Dragon Tail|p1a: Dragonite\n|-supereffective|p1a: Dragonite\n|-damage|p1a: Dragonite|231\/259\n|drag|p1a: Gengar|Gengar-Mega, L73, F|70\/208\n|\n|turn|8\n|\n|move|p1a: Gengar|Perish Song|p1a: Gengar\n|-start|p1a: Gengar|perish3|[silent]\n|-start|p2a: Milotic|perish3|[silent]\n|-fieldactivate|move: Perish Song\n|move|p2a: Milotic|Scald|p1a: Gengar\n|-damage|p1a: Gengar|0 fnt\n|faint|p1a: Gengar\n|\n|-start|p2a: Milotic|perish3\n|\n|switch|p1a: Regice|Regice, L83|268\/268\n|turn|9\n|\n|switch|p2a: Magmortar|Magmortar, L81, F|254\/254\n|move|p1a: Regice|Rock Polish|p1a: Regice\n|-boost|p1a: Regice|spe|2\n|\n|turn|10\n|\n|switch|p1a: Dragonite|Dragonite, L75, F|231\/259\n|move|p2a: Magmortar|Fire Blast|p1a: Dragonite\n|-resisted|p1a: Dragonite\n|-damage|p1a: Dragonite|159\/259\n|\n|turn|11\n|\n|switch|p2a: Swalot|Swalot, L83, M|302\/302\n|move|p1a: Dragonite|Roost|p1a: Dragonite\n|-heal|p1a: Dragonite|259\/259\n|\n|turn|12\n|\n|move|p1a: Dragonite|Dragon Dance|p1a: Dragonite\n|-boost|p1a: Dragonite|atk|1\n|-boost|p1a: Dragonite|spe|1\n|move|p2a: Swalot|Yawn|p1a: Dragonite\n|-start|p1a: Dragonite|move: Yawn|[of] p2a: Swalot\n|\n|turn|13\n|\n|switch|p1a: Regice|Regice, L83|268\/268\n|move|p2a: Swalot|Sludge Bomb|p1a: Regice\n|-damage|p1a: Regice|228\/268\n|\n|turn|14\n|\n|switch|p2a: Magmortar|Magmortar, L81, F|254\/254\n|move|p1a: Regice|Thunderbolt|p2a: Magmortar\n|-damage|p2a: Magmortar|196\/254\n|\n|-heal|p2a: Magmortar|211\/254|[from] item: Leftovers\n|turn|15\n|\n|switch|p1a: Blaziken|Blaziken, L74, F|240\/240\n|move|p2a: Magmortar|Thunderbolt|p1a: Blaziken\n|-damage|p1a: Blaziken|151\/240\n|-status|p1a: Blaziken|par\n|\n|-heal|p2a: Magmortar|226\/254|[from] item: Leftovers\n|turn|16\n|\n|switch|p1a: Florges|Florges, L77, F|247\/247\n|move|p2a: Magmortar|Earthquake|p1a: Florges\n|-damage|p1a: Florges|159\/247\n|\n|-heal|p2a: Magmortar|241\/254|[from] item: Leftovers\n|-heal|p1a: Florges|174\/247|[from] item: Leftovers\n|turn|17\n|\n|switch|p2a: Swalot|Swalot, L83, M|302\/302\n|move|p1a: Florges|Aromatherapy|p1a: Florges\n|-cureteam|p1a: Florges|[from] move: Aromatherapy\n|\n|-heal|p1a: Florges|189\/247|[from] item: Leftovers\n|turn|18\n|\n|switch|p1a: Regice|Regice, L83|228\/268\n|move|p2a: Swalot|Sludge Bomb|p1a: Regice\n|-damage|p1a: Regice|188\/268\n|-status|p1a: Regice|psn\n|\n|-damage|p1a: Regice|155\/268 psn|[from] psn\n|turn|19\n|\n|switch|p2a: Milotic|Milotic, L77, F|273\/273\n|move|p1a: Regice|Thunderbolt|p2a: Milotic\n|-supereffective|p2a: Milotic\n|-damage|p2a: Milotic|161\/273\n|\n|-heal|p2a: Milotic|178\/273|[from] item: Leftovers\n|-damage|p1a: Regice|122\/268 psn|[from] psn\n|turn|20\n|\n|switch|p2a: Magmortar|Magmortar, L81, F|241\/254\n|switch|p1a: Florges|Florges, L77, F|189\/247\n|\n|-heal|p2a: Magmortar|254\/254|[from] item: Leftovers\n|-heal|p1a: Florges|204\/247|[from] item: Leftovers\n|turn|21\n|\n|move|p2a: Magmortar|Substitute|p2a: Magmortar\n|-start|p2a: Magmortar|Substitute\n|-damage|p2a: Magmortar|191\/254\n|move|p1a: Florges|Aromatherapy|p1a: Florges\n|-cureteam|p1a: Florges|[from] move: Aromatherapy\n|\n|-heal|p2a: Magmortar|206\/254|[from] item: Leftovers\n|-heal|p1a: Florges|219\/247|[from] item: Leftovers\n|turn|22\n|\n|switch|p1a: Regice|Regice, L83|122\/268\n|move|p2a: Magmortar|Earthquake|p1a: Regice\n|-damage|p1a: Regice|60\/268\n|\n|-heal|p2a: Magmortar|221\/254|[from] item: Leftovers\n|turn|23\n|\n|move|p2a: Magmortar|Earthquake|p1a: Regice\n|-damage|p1a: Regice|0 fnt\n|faint|p1a: Regice\n|\n|-heal|p2a: Magmortar|236\/254|[from] item: Leftovers\n|\n|switch|p1a: Dragonite|Dragonite, L75, F|259\/259\n|turn|24\n|\n|switch|p2a: Swalot|Swalot, L83, M|302\/302\n|move|p1a: Dragonite|Outrage|p2a: Swalot\n|-damage|p2a: Swalot|164\/302\n|\n|-heal|p2a: Swalot|182\/302|[from] item: Black Sludge\n|turn|25\n|\n|move|p1a: Dragonite|Outrage|p2a: Swalot\n|-damage|p2a: Swalot|34\/302\n|move|p2a: Swalot|Sludge Bomb|p1a: Dragonite\n|-damage|p1a: Dragonite|221\/259\n|\n|-heal|p2a: Swalot|52\/302|[from] item: Black Sludge\n|turn|26\n|\n|move|p1a: Dragonite|Outrage|p2a: Swalot\n|-damage|p2a: Swalot|0 fnt\n|-start|p1a: Dragonite|confusion|[fatigue]\n|faint|p2a: Swalot\n|-enditem|p1a: Dragonite|Lum Berry|[eat]\n|-end|p1a: Dragonite|confusion\n|\n|\n|switch|p2a: Milotic|Milotic, L77, F|178\/273\n|turn|27\n|\n|move|p2a: Milotic|Ice Beam|p1a: Dragonite\n|-supereffective|p1a: Dragonite\n|-damage|p1a: Dragonite|9\/259\n|move|p1a: Dragonite|Roost|p1a: Dragonite\n|-heal|p1a: Dragonite|139\/259\n|\n|-heal|p2a: Milotic|195\/273|[from] item: Leftovers\n|turn|28\n|\n|switch|p1a: Florges|Florges, L77, F|219\/247\n|move|p2a: Milotic|Dragon Tail|p1a: Florges\n|-immune|p1a: Florges|[msg]\n|\n|-heal|p2a: Milotic|212\/273|[from] item: Leftovers\n|-heal|p1a: Florges|234\/247|[from] item: Leftovers\n|turn|29\n|\n|switch|p2a: Magmortar|Magmortar, L81, F|236\/254\n|move|p1a: Florges|Wish|p1a: Florges\n|\n|-heal|p2a: Magmortar|251\/254|[from] item: Leftovers\n|-heal|p1a: Florges|247\/247|[from] item: Leftovers\n|turn|30\n|\n|switch|p1a: Blaziken|Blaziken, L74, F|151\/240\n|move|p2a: Magmortar|Thunderbolt|p1a: Blaziken\n|-damage|p1a: Blaziken|62\/240\n|\n|-heal|p1a: Blaziken|185\/240|[from] move: Wish|[wisher] Florges\n|-heal|p2a: Magmortar|254\/254|[from] item: Leftovers\n|turn|31\n|\n|move|p2a: Magmortar|Earthquake|p1a: Blaziken\n|-supereffective|p1a: Blaziken\n|-damage|p1a: Blaziken|25\/240\n|move|p1a: Blaziken|Stone Edge|p2a: Magmortar|[miss]\n|-miss|p1a: Blaziken|p2a: Magmortar\n|\n|-boost|p1a: Blaziken|spe|1|[from] ability: Speed Boost\n|turn|32\n|\n|move|p1a: Blaziken|Stone Edge|p2a: Magmortar\n|-supereffective|p2a: Magmortar\n|-damage|p2a: Magmortar|49\/254\n|-damage|p1a: Blaziken|1\/240|[from] item: Life Orb\n|move|p2a: Magmortar|Earthquake|p1a: Blaziken\n|-supereffective|p1a: Blaziken\n|-damage|p1a: Blaziken|0 fnt\n|faint|p1a: Blaziken\n|\n|-heal|p2a: Magmortar|64\/254|[from] item: Leftovers\n|\n|switch|p1a: Meowstic|Meowstic, L83, M|259\/259\n|turn|33\n|\n|move|p1a: Meowstic|Psychic|p2a: Magmortar\n|-damage|p2a: Magmortar|0 fnt\n|faint|p2a: Magmortar\n|\n|\n|switch|p2a: Scyther|Scyther, L81, M|245\/245\n|turn|34\n|\n|move|p1a: Meowstic|Reflect|p1a: Meowstic\n|-sidestart|p1: Afonso2|Reflect\n|move|p2a: Scyther|U-turn|p1a: Meowstic\n|-supereffective|p1a: Meowstic\n|-damage|p1a: Meowstic|175\/259\n|\n|switch|p2a: Mienshao|Mienshao, L77, M|227\/227\n|\n|turn|35\n|\n|switch|p1a: Dragonite|Dragonite, L75, F|139\/259\n|switch|p2a: Milotic|Milotic, L77, F|212\/273\n|\n|-heal|p2a: Milotic|229\/273|[from] item: Leftovers\n|turn|36\n|\n|switch|p1a: Florges|Florges, L77, F|247\/247\n|move|p2a: Milotic|Ice Beam|p1a: Florges\n|-crit|p1a: Florges\n|-damage|p1a: Florges|194\/247\n|\n|-heal|p2a: Milotic|246\/273|[from] item: Leftovers\n|-heal|p1a: Florges|209\/247|[from] item: Leftovers\n|turn|37\n|\n|move|p2a: Milotic|Scald|p1a: Florges\n|-damage|p1a: Florges|155\/247\n|move|p1a: Florges|Wish|p1a: Florges\n|\n|-heal|p2a: Milotic|263\/273|[from] item: Leftovers\n|-heal|p1a: Florges|170\/247|[from] item: Leftovers\n|turn|38\n|\n|move|p1a: Florges|Protect|p1a: Florges\n|-singleturn|p1a: Florges|Protect\n|move|p2a: Milotic|Toxic|p1a: Florges\n|-activate|p1a: Florges|Protect\n|\n|-heal|p1a: Florges|247\/247|[from] move: Wish|[wisher] Florges\n|-heal|p2a: Milotic|273\/273|[from] item: Leftovers\n|turn|39\n|\n|move|p2a: Milotic|Toxic|p1a: Florges\n|-status|p1a: Florges|tox\n|move|p1a: Florges|Moonblast|p2a: Milotic\n|-crit|p2a: Milotic\n|-damage|p2a: Milotic|158\/273\n|\n|-heal|p2a: Milotic|175\/273|[from] item: Leftovers\n|-damage|p1a: Florges|232\/247 tox|[from] psn\n|turn|40\n|\n|move|p2a: Milotic|Scald|p1a: Florges\n|-damage|p1a: Florges|181\/247 tox\n|move|p1a: Florges|Aromatherapy|p1a: Florges\n|-cureteam|p1a: Florges|[from] move: Aromatherapy\n|\n|-heal|p2a: Milotic|192\/273|[from] item: Leftovers\n|-heal|p1a: Florges|196\/247|[from] item: Leftovers\n|turn|41\n|\n|move|p1a: Florges|Protect|p1a: Florges\n|-singleturn|p1a: Florges|Protect\n|move|p2a: Milotic|Scald|p1a: Florges\n|-activate|p1a: Florges|Protect\n|\n|-heal|p2a: Milotic|209\/273|[from] item: Leftovers\n|-heal|p1a: Florges|211\/247|[from] item: Leftovers\n|-sideend|p1: Afonso2|Reflect\n|turn|42\n|\n|move|p2a: Milotic|Toxic|p1a: Florges\n|-status|p1a: Florges|tox\n|move|p1a: Florges|Moonblast|p2a: Milotic\n|-damage|p2a: Milotic|133\/273\n|\n|-heal|p2a: Milotic|150\/273|[from] item: Leftovers\n|-heal|p1a: Florges|226\/247 tox|[from] item: Leftovers\n|-damage|p1a: Florges|211\/247 tox|[from] psn\n|turn|43\n|\n|move|p2a: Milotic|Scald|p1a: Florges\n|-damage|p1a: Florges|162\/247 tox\n|move|p1a: Florges|Aromatherapy|p1a: Florges\n|-cureteam|p1a: Florges|[from] move: Aromatherapy\n|\n|-heal|p2a: Milotic|167\/273|[from] item: Leftovers\n|-heal|p1a: Florges|177\/247|[from] item: Leftovers\n|turn|44\n|\n|move|p2a: Milotic|Toxic|p1a: Florges\n|-status|p1a: Florges|tox\n|move|p1a: Florges|Wish|p1a: Florges\n|\n|-heal|p2a: Milotic|184\/273|[from] item: Leftovers\n|-heal|p1a: Florges|192\/247 tox|[from] item: Leftovers\n|-damage|p1a: Florges|177\/247 tox|[from] psn\n|turn|45\n|\n|switch|p2a: Mienshao|Mienshao, L77, M|227\/227\n|move|p1a: Florges|Moonblast|p2a: Mienshao\n|-supereffective|p2a: Mienshao\n|-damage|p2a: Mienshao|0 fnt\n|faint|p2a: Mienshao\n|\n|-heal|p1a: Florges|247\/247 tox|[from] move: Wish|[wisher] Florges\n|-damage|p1a: Florges|217\/247 tox|[from] psn\n|\n|switch|p2a: Braviary|Braviary, L79, M|287\/287\n|turn|46\n|\n|move|p2a: Braviary|Brave Bird|p1a: Florges\n|-damage|p1a: Florges|0 fnt\n|-damage|p2a: Braviary|215\/287|[from] recoil|[of] p1a: Florges\n|-damage|p2a: Braviary|187\/287|[from] item: Life Orb\n|faint|p1a: Florges\n|\n|\n|switch|p1a: Meowstic|Meowstic, L83, M|175\/259\n|turn|47\n|\n|move|p1a: Meowstic|Reflect|p1a: Meowstic\n|-sidestart|p1: Afonso2|Reflect\n|move|p2a: Braviary|Brave Bird|p1a: Meowstic\n|-damage|p1a: Meowstic|81\/259\n|-damage|p2a: Braviary|156\/287|[from] recoil|[of] p1a: Meowstic\n|-damage|p2a: Braviary|128\/287|[from] item: Life Orb\n|\n|turn|48\n|\n|move|p1a: Meowstic|Psychic|p2a: Braviary\n|-damage|p2a: Braviary|23\/287\n|move|p2a: Braviary|Roost|p2a: Braviary\n|-heal|p2a: Braviary|167\/287\n|\n|turn|49\n|\n|move|p1a: Meowstic|Psychic|p2a: Braviary\n|-damage|p2a: Braviary|67\/287\n|move|p2a: Braviary|Roost|p2a: Braviary\n|-heal|p2a: Braviary|211\/287\n|\n|turn|50\n|\n|move|p1a: Meowstic|Yawn|p2a: Braviary\n|-start|p2a: Braviary|move: Yawn|[of] p1a: Meowstic\n|move|p2a: Braviary|Roost|p2a: Braviary\n|-heal|p2a: Braviary|287\/287\n|\n|turn|51\n|\n|move|p1a: Meowstic|Psychic|p2a: Braviary\n|-damage|p2a: Braviary|185\/287\n|move|p2a: Braviary|U-turn|p1a: Meowstic\n|-supereffective|p1a: Meowstic\n|-damage|p1a: Meowstic|4\/259\n|-damage|p2a: Braviary|157\/287|[from] item: Life Orb\n|\n|switch|p2a: Scyther|Scyther, L81, M|245\/245\n|\n|turn|52\n|\n|move|p1a: Meowstic|Psychic|p2a: Scyther\n|-damage|p2a: Scyther|178\/245\n|move|p2a: Scyther|U-turn|p1a: Meowstic\n|-supereffective|p1a: Meowstic\n|-damage|p1a: Meowstic|0 fnt\n|faint|p1a: Meowstic\n|\n|switch|p2a: Milotic|Milotic, L77, F|184\/273\n|\n|-heal|p2a: Milotic|201\/273|[from] item: Leftovers\n|\n|switch|p1a: Dragonite|Dragonite, L75, F|139\/259\n|turn|53\n|\n|move|p2a: Milotic|Ice Beam|p1a: Dragonite\n|-supereffective|p1a: Dragonite\n|-damage|p1a: Dragonite|0 fnt\n|faint|p1a: Dragonite\n|\n|win|The Teal Scizor","inputlog":null,"uploadtime":1436479592,"views":2,"p1id":"afonso2","p2id":"thetealscizor","formatid":"randombattle","rating":0,"private":0,"password":null}