{"id":"smogtours-gen4ou-647887","p1":"gilbert arenas(","p2":"Mimikyu Stardust","format":"gen4ou","log":"|inactive|Battle timer is ON: inactive players will automatically lose when time's up.\n|t:|1662916931\n|gametype|singles\n|player|p1|gilbert arenas(|#splxiiityrants|\n|player|p2|Mimikyu Stardust|#mimikyustardust|\n|teamsize|p1|6\n|teamsize|p2|6\n|gen|4\n|tier|[Gen 4] OU\n|rule|Sleep Clause Mod: Limit one foe put to sleep\n|rule|Species Clause: Limit one of each Pok\u00e9mon\n|rule|OHKO Clause: OHKO moves are banned\n|rule|Evasion Items Clause: Evasion items are banned\n|rule|Evasion Moves Clause: Evasion moves are banned\n|rule|Endless Battle Clause: Forcing endless battles is banned\n|rule|HP Percentage Mod: HP is shown in percentages\n|rule|Freeze Clause Mod: Limit one foe frozen\n|\n|t:|1662916931\n|start\n|switch|p1a: Flygon|Flygon, F|100\/100\n|switch|p2a: Metagross|Metagross|100\/100\n|turn|1\n|\n|t:|1662916938\n|move|p1a: Flygon|Earthquake|p2a: Metagross\n|-supereffective|p2a: Metagross\n|-damage|p2a: Metagross|23\/100\n|-damage|p1a: Flygon|91\/100|[from] item: Life Orb\n|move|p2a: Metagross|Stealth Rock|p1a: Flygon\n|-sidestart|p1: gilbert arenas(|move: Stealth Rock\n|\n|upkeep\n|turn|2\n|\n|t:|1662916942\n|-enditem|p2a: Metagross|Custap Berry|[eat]\n|-message|Custap Berry activated.\n|move|p2a: Metagross|Explosion|p1a: Flygon\n|-crit|p1a: Flygon\n|-damage|p1a: Flygon|0 fnt\n|faint|p2a: Metagross\n|faint|p1a: Flygon\n|\n|upkeep\n|\n|t:|1662916946\n|switch|p1a: Skarmory|Skarmory, M|100\/100\n|switch|p2a: Cresselia|Cresselia, F|100\/100\n|-damage|p1a: Skarmory|88\/100|[from] Stealth Rock\n|turn|3\n|\n|t:|1662916954\n|switch|p2a: Dragonite|Dragonite, M|100\/100\n|move|p1a: Skarmory|Stealth Rock|p2a: Dragonite\n|-sidestart|p2: Mimikyu Stardust|move: Stealth Rock\n|\n|-heal|p1a: Skarmory|94\/100|[from] item: Leftovers\n|upkeep\n|turn|4\n|\n|t:|1662916956\n|move|p2a: Dragonite|Fire Blast|p1a: Skarmory\n|-supereffective|p1a: Skarmory\n|-damage|p1a: Skarmory|29\/100\n|-damage|p2a: Dragonite|91\/100|[from] item: Life Orb\n|move|p1a: Skarmory|Whirlwind|p2a: Dragonite\n|drag|p2a: Machamp|Machamp, M|100\/100\n|-damage|p2a: Machamp|95\/100|[from] Stealth Rock\n|\n|-heal|p2a: Machamp|100\/100|[from] item: Leftovers\n|-heal|p1a: Skarmory|35\/100|[from] item: Leftovers\n|upkeep\n|turn|5\n|\n|t:|1662916965\n|move|p2a: Machamp|Dynamic Punch|p1a: Skarmory\n|-damage|p1a: Skarmory|0 fnt\n|faint|p1a: Skarmory\n|\n|upkeep\n|\n|t:|1662916968\n|switch|p1a: Gengar|Gengar, F|100\/100\n|-damage|p1a: Gengar|88\/100|[from] Stealth Rock\n|turn|6\n|\n|t:|1662916973\n|move|p1a: Gengar|Will-O-Wisp|p2a: Machamp\n|-status|p2a: Machamp|brn\n|move|p2a: Machamp|Payback|p1a: Gengar\n|-supereffective|p1a: Gengar\n|-damage|p1a: Gengar|23\/100\n|\n|-heal|p1a: Gengar|29\/100|[from] item: Black Sludge\n|-damage|p2a: Machamp|88\/100 brn|[from] brn\n|upkeep\n|turn|7\n|\n|t:|1662916978\n|switch|p1a: Jirachi|Jirachi|100\/100\n|-damage|p1a: Jirachi|94\/100|[from] Stealth Rock\n|move|p2a: Machamp|Payback|p1a: Jirachi\n|-damage|p1a: Jirachi|76\/100\n|\n|-heal|p2a: Machamp|94\/100 brn|[from] item: Leftovers\n|-damage|p2a: Machamp|82\/100 brn|[from] brn\n|upkeep\n|turn|8\n|\n|t:|1662916980\n|move|p1a: Jirachi|Iron Head|p2a: Machamp\n|-damage|p2a: Machamp|43\/100 brn\n|cant|p2a: Machamp|flinch\n|\n|-heal|p2a: Machamp|49\/100 brn|[from] item: Leftovers\n|-damage|p2a: Machamp|36\/100 brn|[from] brn\n|upkeep\n|turn|9\n|\n|t:|1662916985\n|move|p1a: Jirachi|Iron Head|p2a: Machamp\n|-damage|p2a: Machamp|0 fnt\n|faint|p2a: Machamp\n|\n|upkeep\n|\n|t:|1662916986\n|switch|p2a: Cresselia|Cresselia, F|100\/100\n|-damage|p2a: Cresselia|88\/100|[from] Stealth Rock\n|turn|10\n|\n|t:|1662916994\n|switch|p1a: Tyranitar|Tyranitar, M|100\/100\n|-damage|p1a: Tyranitar|88\/100|[from] Stealth Rock\n|-weather|Sandstorm|[from] ability: Sand Stream|[of] p1a: Tyranitar\n|move|p2a: Cresselia|Reflect|p2a: Cresselia\n|-sidestart|p2: Mimikyu Stardust|Reflect\n|\n|-weather|Sandstorm|[upkeep]\n|-damage|p2a: Cresselia|82\/100|[from] Sandstorm\n|upkeep\n|turn|11\n|\n|t:|1662917012\n|switch|p2a: Tyranitar|Tyranitar, M|100\/100\n|-damage|p2a: Tyranitar|88\/100|[from] Stealth Rock\n|move|p1a: Tyranitar|Crunch|p2a: Tyranitar\n|-resisted|p2a: Tyranitar\n|-damage|p2a: Tyranitar|78\/100\n|\n|-weather|Sandstorm|[upkeep]\n|upkeep\n|turn|12\n|\n|t:|1662917018\n|switch|p1a: Gengar|Gengar, F|29\/100\n|-damage|p1a: Gengar|16\/100|[from] Stealth Rock\n|move|p2a: Tyranitar|Dragon Dance|p2a: Tyranitar\n|-boost|p2a: Tyranitar|atk|1\n|-boost|p2a: Tyranitar|spe|1\n|\n|-weather|Sandstorm|[upkeep]\n|-damage|p1a: Gengar|10\/100|[from] Sandstorm\n|-heal|p1a: Gengar|16\/100|[from] item: Black Sludge\n|upkeep\n|turn|13\n|\n|t:|1662917021\n|switch|p1a: Tyranitar|Tyranitar, M|88\/100\n|-damage|p1a: Tyranitar|76\/100|[from] Stealth Rock\n|move|p2a: Tyranitar|Crunch|p1a: Tyranitar\n|-resisted|p1a: Tyranitar\n|-damage|p1a: Tyranitar|46\/100\n|-unboost|p1a: Tyranitar|def|1\n|\n|-weather|Sandstorm|[upkeep]\n|upkeep\n|turn|14\n|\n|t:|1662917025\n|move|p2a: Tyranitar|Stone Edge|p1a: Tyranitar\n|-damage|p1a: Tyranitar|0 fnt\n|faint|p1a: Tyranitar\n|\n|-weather|Sandstorm|[upkeep]\n|upkeep\n|\n|t:|1662917031\n|switch|p1a: Jirachi|Jirachi|76\/100\n|-damage|p1a: Jirachi|70\/100|[from] Stealth Rock\n|turn|15\n|\n|t:|1662917034\n|move|p2a: Tyranitar|Fire Punch|p1a: Jirachi\n|-supereffective|p1a: Jirachi\n|-damage|p1a: Jirachi|0 fnt\n|faint|p1a: Jirachi\n|\n|-weather|Sandstorm|[upkeep]\n|upkeep\n|c|\u2606gilbert arenas(|gg\n|c|\u2606Mimikyu Stardust|gg\n|-message|gilbert arenas( forfeited.\n|\n|win|Mimikyu Stardust\n","uploadtime":1662917043,"views":16,"p1id":"gilbertarenas","p2id":"mimikyustardust","formatid":"gen4ou","rating":0,"private":0,"password":null}