{"id":"smogtours-gen8randombattle-584748","p1":"SinisterHFigure","p2":"Buhrito","format":"gen8randombattle","log":"|inactive|Battle timer is ON: inactive players will automatically lose when time's up.\n|t:|1633734381\n|gametype|singles\n|player|p1|SinisterHFigure|lance-gen2|\n|player|p2|Buhrito|preschooler|\n|teamsize|p1|6\n|teamsize|p2|6\n|gen|8\n|tier|[Gen 8] Random Battle\n|rule|Species Clause: Limit one of each Pok\u00e9mon\n|rule|HP Percentage Mod: HP is shown in percentages\n|rule|Sleep Clause Mod: Limit one foe put to sleep\n|\n|t:|1633734381\n|start\n|switch|p1a: Doublade|Doublade, L82, M|231\/231\n|switch|p2a: Mandibuzz|Mandibuzz, L82, F|315\/315\n|turn|1\n|c|\u2606SinisterHFigure|>\n|c|\u2606SinisterHFigure|At long last\n|inactive|SinisterHFigure has 270 seconds left.\n|c|\u2606Buhrito|good luck shf!\n|\n|t:|1633734428\n|switch|p1a: Persian|Persian-Alola, L83, M|244\/244\n|move|p2a: Mandibuzz|Toxic|p1a: Persian|[miss]\n|-miss|p2a: Mandibuzz|p1a: Persian\n|\n|upkeep\n|turn|2\n|c|+Mannat|shouldn't have risked the miss \n|c|\u2606SinisterHFigure|Look's like luck cancelled each other out\n|c|+Mannat|suboptimal play\n|inactive|Buhrito has 270 seconds left.\n|\n|t:|1633734467\n|switch|p2a: Weezing|Weezing-Galar, L86, M|252\/252\n|-ability|p2a: Weezing|Neutralizing Gas\n|move|p1a: Persian|Hypnosis|p2a: Weezing\n|-status|p2a: Weezing|slp|[from] move: Hypnosis\n|\n|upkeep\n|turn|3\n|inactive|Buhrito has 270 seconds left.\n|\n|t:|1633734484\n|switch|p1a: Doublade|Doublade, L82, M|231\/231\n|cant|p2a: Weezing|slp\n|\n|upkeep\n|turn|4\n|\n|t:|1633734498\n|-end|p2a: Weezing|ability: Neutralizing Gas\n|switch|p2a: Mandibuzz|Mandibuzz, L82, F|315\/315\n|move|p1a: Doublade|Swords Dance|p1a: Doublade\n|-boost|p1a: Doublade|atk|2\n|\n|upkeep\n|turn|5\n|\n|t:|1633734511\n|-start|p1a: Doublade|Dynamax\n|-heal|p1a: Doublade|462\/462|[silent]\n|move|p2a: Mandibuzz|Foul Play|p1a: Doublade\n|-supereffective|p1a: Doublade\n|-damage|p1a: Doublade|276\/462\n|move|p1a: Doublade|Max Steelspike|p2a: Mandibuzz\n|-damage|p2a: Mandibuzz|78\/315\n|-boost|p1a: Doublade|def|1\n|\n|upkeep\n|turn|6\n|inactive|SinisterHFigure has 270 seconds left.\n|inactive|Buhrito has 270 seconds left.\n|inactive|SinisterHFigure has 240 seconds left.\n|\n|t:|1633734577\n|-end|p1a: Doublade|Dynamax\n|-heal|p1a: Doublade|138\/231|[silent]\n|switch|p1a: Persian|Persian-Alola, L83, M|244\/244\n|move|p2a: Mandibuzz|Foul Play|p1a: Persian\n|-resisted|p1a: Persian\n|-damage|p1a: Persian|229\/244\n|\n|-heal|p1a: Persian|244\/244|[from] item: Leftovers\n|upkeep\n|turn|7\n|inactive|SinisterHFigure has 240 seconds left.\n|inactive|Buhrito has 240 seconds left.\n|\n|t:|1633734593\n|switch|p2a: Seismitoad|Seismitoad, L84, M|314\/314\n|move|p1a: Persian|Thunderbolt|p2a: Seismitoad\n|-immune|p2a: Seismitoad\n|\n|upkeep\n|turn|8\n|inactive|SinisterHFigure has 240 seconds left.\n|\n|t:|1633734614\n|switch|p1a: Tsareena|Tsareena, L84, F|258\/258\n|move|p2a: Seismitoad|Rain Dance|p2a: Seismitoad\n|-weather|RainDance\n|\n|-weather|RainDance|[upkeep]\n|upkeep\n|turn|9\n|\n|t:|1633734632\n|switch|p2a: Mandibuzz|Mandibuzz, L82, F|78\/315\n|move|p1a: Tsareena|U-turn|p2a: Mandibuzz\n|-damage|p2a: Mandibuzz|23\/315\n|inactive|SinisterHFigure has 210 seconds left.\n|\n|t:|1633734655\n|switch|p1a: Dragapult|Dragapult, L78, M|265\/265\n|\n|-weather|RainDance|[upkeep]\n|upkeep\n|turn|10\n|inactive|SinisterHFigure has 210 seconds left.\n|\n|t:|1633734667\n|switch|p2a: Seismitoad|Seismitoad, L84, M|314\/314\n|move|p1a: Dragapult|Shadow Ball|p2a: Seismitoad\n|-damage|p2a: Seismitoad|196\/314\n|\n|-weather|RainDance|[upkeep]\n|upkeep\n|turn|11\n|inactive|SinisterHFigure has 210 seconds left.\n|\n|t:|1633734681\n|switch|p1a: Tsareena|Tsareena, L84, F|258\/258\n|move|p2a: Seismitoad|Earthquake|p1a: Tsareena\n|-resisted|p1a: Tsareena\n|-damage|p1a: Tsareena|197\/258\n|-damage|p2a: Seismitoad|165\/314|[from] item: Life Orb\n|\n|-weather|RainDance|[upkeep]\n|upkeep\n|turn|12\n|inactive|SinisterHFigure has 210 seconds left.\n|\n|t:|1633734694\n|move|p2a: Seismitoad|Stealth Rock|p1a: Tsareena\n|-sidestart|p1: SinisterHFigure|move: Stealth Rock\n|move|p1a: Tsareena|Power Whip|p2a: Seismitoad\n|-supereffective|p2a: Seismitoad\n|-damage|p2a: Seismitoad|0 fnt\n|faint|p2a: Seismitoad\n|\n|-weather|none\n|upkeep\n|\n|t:|1633734698\n|switch|p2a: Mandibuzz|Mandibuzz, L82, F|23\/315\n|turn|13\n|inactive|SinisterHFigure has 210 seconds left.\n|\n|t:|1633734708\n|move|p2a: Mandibuzz|Roost|p2a: Mandibuzz\n|-heal|p2a: Mandibuzz|181\/315\n|-singleturn|p2a: Mandibuzz|move: Roost\n|move|p1a: Tsareena|Rapid Spin|p2a: Mandibuzz\n|-damage|p2a: Mandibuzz|144\/315\n|-boost|p1a: Tsareena|spe|1\n|-sideend|p1: SinisterHFigure|Stealth Rock|[from] move: Rapid Spin|[of] p1a: Tsareena\n|\n|upkeep\n|turn|14\n|inactive|SinisterHFigure has 210 seconds left.\n|\n|t:|1633734721\n|move|p1a: Tsareena|U-turn|p2a: Mandibuzz\n|-damage|p2a: Mandibuzz|95\/315\n|inactive|SinisterHFigure has 210 seconds left.\n|\n|t:|1633734746\n|switch|p1a: Conkeldurr|Conkeldurr, L80, M|299\/299\n|move|p2a: Mandibuzz|Roost|p2a: Mandibuzz\n|-heal|p2a: Mandibuzz|253\/315\n|-singleturn|p2a: Mandibuzz|move: Roost\n|\n|-status|p1a: Conkeldurr|brn|[from] item: Flame Orb\n|upkeep\n|turn|15\n|\n|t:|1633734763\n|switch|p2a: Weezing|Weezing-Galar, L86, M|252\/252 slp\n|-ability|p2a: Weezing|Neutralizing Gas\n|move|p1a: Conkeldurr|Close Combat|p2a: Weezing\n|-resisted|p2a: Weezing\n|-damage|p2a: Weezing|238\/252 slp\n|-unboost|p1a: Conkeldurr|def|1\n|-unboost|p1a: Conkeldurr|spd|1\n|\n|-heal|p2a: Weezing|252\/252 slp|[from] item: Black Sludge\n|-damage|p1a: Conkeldurr|281\/299 brn|[from] brn\n|upkeep\n|turn|16\n|inactive|SinisterHFigure has 180 seconds left.\n|\n|t:|1633734780\n|switch|p1a: Doublade|Doublade, L82, M|138\/231\n|cant|p2a: Weezing|slp\n|\n|upkeep\n|turn|17\n|\n|t:|1633734789\n|-end|p2a: Weezing|ability: Neutralizing Gas\n|switch|p2a: Mandibuzz|Mandibuzz, L82, F|253\/315\n|move|p1a: Doublade|Iron Head|p2a: Mandibuzz\n|-damage|p2a: Mandibuzz|174\/315\n|\n|upkeep\n|turn|18\n|inactive|SinisterHFigure has 180 seconds left.\n|\n|t:|1633734808\n|switch|p1a: Persian|Persian-Alola, L83, M|244\/244\n|move|p2a: Mandibuzz|Foul Play|p1a: Persian\n|-resisted|p1a: Persian\n|-damage|p1a: Persian|228\/244\n|\n|-heal|p1a: Persian|243\/244|[from] item: Leftovers\n|upkeep\n|turn|19\n|c|\u2606SinisterHFigure|Doublade is slower\n|inactive|SinisterHFigure has 180 seconds left.\n|\n|t:|1633734822\n|switch|p2a: Lanturn|Lanturn, L86, M|355\/355\n|move|p1a: Persian|Nasty Plot|p1a: Persian\n|-boost|p1a: Persian|spa|2\n|\n|-heal|p1a: Persian|244\/244|[from] item: Leftovers\n|upkeep\n|turn|20\n|inactive|SinisterHFigure has 180 seconds left.\n|\n|t:|1633734842\n|switch|p1a: Tsareena|Tsareena, L84, F|197\/258\n|move|p2a: Lanturn|Thunderbolt|p1a: Tsareena\n|-resisted|p1a: Tsareena\n|-damage|p1a: Tsareena|146\/258\n|-damage|p2a: Lanturn|320\/355|[from] item: Life Orb\n|\n|upkeep\n|turn|21\n|inactive|SinisterHFigure has 180 seconds left.\n|\n|t:|1633734856\n|switch|p2a: Weezing|Weezing-Galar, L86, M|252\/252 slp\n|-ability|p2a: Weezing|Neutralizing Gas\n|move|p1a: Tsareena|Synthesis|p1a: Tsareena\n|-heal|p1a: Tsareena|258\/258\n|\n|upkeep\n|turn|22\n|inactive|SinisterHFigure has 180 seconds left.\n|\n|t:|1633734866\n|move|p1a: Tsareena|U-turn|p2a: Weezing\n|-resisted|p2a: Weezing\n|-damage|p2a: Weezing|242\/252 slp\n|inactive|SinisterHFigure has 180 seconds left.\n|\n|t:|1633734894\n|switch|p1a: Doublade|Doublade, L82, M|138\/231\n|-curestatus|p2a: Weezing|slp|[msg]\n|move|p2a: Weezing|Will-O-Wisp|p1a: Doublade\n|-status|p1a: Doublade|brn\n|\n|-heal|p2a: Weezing|252\/252|[from] item: Black Sludge\n|-damage|p1a: Doublade|124\/231 brn|[from] brn\n|upkeep\n|turn|23\n|\n|t:|1633734917\n|-end|p2a: Weezing|ability: Neutralizing Gas\n|switch|p2a: Mandibuzz|Mandibuzz, L82, F|174\/315\n|move|p1a: Doublade|Iron Head|p2a: Mandibuzz\n|-damage|p2a: Mandibuzz|132\/315\n|\n|-damage|p1a: Doublade|110\/231 brn|[from] brn\n|upkeep\n|turn|24\n|\n|t:|1633734933\n|switch|p1a: Pheromosa|Pheromosa, L76|233\/233\n|move|p2a: Mandibuzz|Toxic|p1a: Pheromosa\n|-status|p1a: Pheromosa|tox\n|\n|-damage|p1a: Pheromosa|219\/233 tox|[from] psn\n|upkeep\n|turn|25\n|inactive|SinisterHFigure has 150 seconds left.\n|\n|t:|1633734953\n|switch|p2a: Weezing|Weezing-Galar, L86, M|252\/252\n|-ability|p2a: Weezing|Neutralizing Gas\n|move|p1a: Pheromosa|Ice Beam|p2a: Weezing\n|-damage|p2a: Weezing|176\/252\n|\n|-heal|p2a: Weezing|191\/252|[from] item: Black Sludge\n|-damage|p1a: Pheromosa|191\/233 tox|[from] psn\n|upkeep\n|turn|26\n|inactive|SinisterHFigure has 150 seconds left.\n|\n|t:|1633734969\n|move|p1a: Pheromosa|U-turn|p2a: Weezing\n|-resisted|p2a: Weezing\n|-damage|p2a: Weezing|175\/252\n|\n|t:|1633734991\n|switch|p1a: Doublade|Doublade, L82, M|110\/231 brn\n|move|p2a: Weezing|Strange Steam|p1a: Doublade\n|-resisted|p1a: Doublade\n|-crit|p1a: Doublade\n|-damage|p1a: Doublade|44\/231 brn\n|\n|-heal|p2a: Weezing|190\/252|[from] item: Black Sludge\n|-damage|p1a: Doublade|30\/231 brn|[from] brn\n|upkeep\n|turn|27\n|\n|t:|1633735010\n|-end|p2a: Weezing|ability: Neutralizing Gas\n|switch|p2a: Mandibuzz|Mandibuzz, L82, F|132\/315\n|move|p1a: Doublade|Iron Head|p2a: Mandibuzz\n|-damage|p2a: Mandibuzz|90\/315\n|\n|-damage|p1a: Doublade|16\/231 brn|[from] brn\n|upkeep\n|turn|28\n|\n|t:|1633735018\n|move|p2a: Mandibuzz|Roost|p2a: Mandibuzz\n|-heal|p2a: Mandibuzz|248\/315\n|-singleturn|p2a: Mandibuzz|move: Roost\n|move|p1a: Doublade|Close Combat|p2a: Mandibuzz\n|-supereffective|p2a: Mandibuzz\n|-damage|p2a: Mandibuzz|170\/315\n|-unboost|p1a: Doublade|def|1\n|-unboost|p1a: Doublade|spd|1\n|\n|-damage|p1a: Doublade|2\/231 brn|[from] brn\n|upkeep\n|turn|29\n|\n|t:|1633735030\n|move|p2a: Mandibuzz|Roost|p2a: Mandibuzz\n|-heal|p2a: Mandibuzz|315\/315\n|-singleturn|p2a: Mandibuzz|move: Roost\n|move|p1a: Doublade|Close Combat|p2a: Mandibuzz\n|-supereffective|p2a: Mandibuzz\n|-damage|p2a: Mandibuzz|236\/315\n|-unboost|p1a: Doublade|def|1\n|-unboost|p1a: Doublade|spd|1\n|\n|-damage|p1a: Doublade|0 fnt|[from] brn\n|faint|p1a: Doublade\n|upkeep\n|\n|t:|1633735042\n|switch|p1a: Persian|Persian-Alola, L83, M|244\/244\n|turn|30\n|\n|t:|1633735047\n|move|p1a: Persian|Hypnosis|p2a: Mandibuzz|[miss]\n|-miss|p1a: Persian|p2a: Mandibuzz\n|move|p2a: Mandibuzz|Toxic|p1a: Persian\n|-status|p1a: Persian|tox\n|\n|-damage|p1a: Persian|229\/244 tox|[from] psn\n|upkeep\n|turn|31\n|c|\u2606SinisterHFigure|DMAN\n|c|\u2606SinisterHFigure|Ah maldito\n|\n|t:|1633735065\n|move|p1a: Persian|Nasty Plot|p1a: Persian\n|-boost|p1a: Persian|spa|2\n|move|p2a: Mandibuzz|Roost|p2a: Mandibuzz\n|-heal|p2a: Mandibuzz|315\/315\n|-singleturn|p2a: Mandibuzz|move: Roost\n|\n|-heal|p1a: Persian|244\/244 tox|[from] item: Leftovers\n|-damage|p1a: Persian|214\/244 tox|[from] psn\n|upkeep\n|turn|32\n|\n|t:|1633735082\n|move|p1a: Persian|Nasty Plot|p1a: Persian\n|-boost|p1a: Persian|spa|2\n|move|p2a: Mandibuzz|Roost||[still]\n|-fail|p2a: Mandibuzz|heal\n|\n|-heal|p1a: Persian|229\/244 tox|[from] item: Leftovers\n|-damage|p1a: Persian|184\/244 tox|[from] psn\n|upkeep\n|turn|33\n|\n|t:|1633735092\n|switch|p2a: Lanturn|Lanturn, L86, M|320\/355\n|move|p1a: Persian|Thunderbolt|p2a: Lanturn\n|-heal|p2a: Lanturn|355\/355|[from] ability: Volt Absorb|[of] p1a: Persian\n|\n|-heal|p1a: Persian|199\/244 tox|[from] item: Leftovers\n|-damage|p1a: Persian|139\/244 tox|[from] psn\n|upkeep\n|turn|34\n|\n|t:|1633735102\n|switch|p2a: Mandibuzz|Mandibuzz, L82, F|315\/315\n|move|p1a: Persian|Dark Pulse|p2a: Mandibuzz\n|-resisted|p2a: Mandibuzz\n|-damage|p2a: Mandibuzz|219\/315\n|\n|-heal|p1a: Persian|154\/244 tox|[from] item: Leftovers\n|-damage|p1a: Persian|79\/244 tox|[from] psn\n|upkeep\n|turn|35\n|\n|t:|1633735117\n|switch|p2a: Lanturn|Lanturn, L86, M|355\/355\n|move|p1a: Persian|Dark Pulse|p2a: Lanturn\n|-damage|p2a: Lanturn|150\/355\n|\n|-heal|p1a: Persian|94\/244 tox|[from] item: Leftovers\n|-damage|p1a: Persian|4\/244 tox|[from] psn\n|upkeep\n|turn|36\n|\n|t:|1633735127\n|move|p1a: Persian|Dark Pulse|p2a: Lanturn\n|-damage|p2a: Lanturn|0 fnt\n|faint|p2a: Lanturn\n|\n|-heal|p1a: Persian|19\/244 tox|[from] item: Leftovers\n|-damage|p1a: Persian|0 fnt|[from] psn\n|faint|p1a: Persian\n|upkeep\n|inactive|SinisterHFigure has 150 seconds left.\n|\n|t:|1633735138\n|switch|p1a: Pheromosa|Pheromosa, L76|191\/233 tox\n|switch|p2a: Weezing|Weezing-Galar, L86, M|190\/252\n|-ability|p2a: Weezing|Neutralizing Gas\n|turn|37\n|inactive|SinisterHFigure has 150 seconds left.\n|\n|t:|1633735146\n|move|p1a: Pheromosa|U-turn|p2a: Weezing\n|-resisted|p2a: Weezing\n|-damage|p2a: Weezing|175\/252\n|inactive|SinisterHFigure has 150 seconds left.\n|\n|t:|1633735167\n|switch|p1a: Dragapult|Dragapult, L78, M|265\/265\n|move|p2a: Weezing|Strange Steam|p1a: Dragapult\n|-supereffective|p1a: Dragapult\n|-damage|p1a: Dragapult|41\/265\n|\n|-heal|p2a: Weezing|190\/252|[from] item: Black Sludge\n|upkeep\n|turn|38\n|\n|t:|1633735188\n|-end|p2a: Weezing|ability: Neutralizing Gas\n|switch|p2a: Type: Null|Type: Null, L86|304\/304\n|move|p1a: Dragapult|Shadow Ball|p2a: Type: Null\n|-immune|p2a: Type: Null\n|\n|upkeep\n|turn|39\n|\n|t:|1633735207\n|switch|p1a: Tsareena|Tsareena, L84, F|258\/258\n|move|p2a: Type: Null|Payback|p1a: Tsareena\n|-damage|p1a: Tsareena|224\/258\n|\n|upkeep\n|turn|40\n|\n|t:|1633735216\n|switch|p2a: Weezing|Weezing-Galar, L86, M|190\/252\n|-ability|p2a: Weezing|Neutralizing Gas\n|move|p1a: Tsareena|U-turn|p2a: Weezing\n|-resisted|p2a: Weezing\n|-damage|p2a: Weezing|180\/252\n|inactive|SinisterHFigure has 120 seconds left.\n|\n|t:|1633735237\n|switch|p1a: Conkeldurr|Conkeldurr, L80, M|281\/299 brn\n|\n|-heal|p2a: Weezing|195\/252|[from] item: Black Sludge\n|-damage|p1a: Conkeldurr|263\/299 brn|[from] brn\n|upkeep\n|turn|41\n|inactive|SinisterHFigure has 120 seconds left.\n|\n|t:|1633735246\n|move|p2a: Weezing|Strange Steam|p1a: Conkeldurr\n|-supereffective|p1a: Conkeldurr\n|-damage|p1a: Conkeldurr|15\/299 brn\n|move|p1a: Conkeldurr|Facade|p2a: Weezing\n|-damage|p2a: Weezing|102\/252\n|\n|-heal|p2a: Weezing|117\/252|[from] item: Black Sludge\n|-damage|p1a: Conkeldurr|0 fnt|[from] brn\n|faint|p1a: Conkeldurr\n|upkeep\n|inactive|SinisterHFigure has 120 seconds left.\n|c|\u2606SinisterHFigure|I can't break this\n|\n|t:|1633735261\n|switch|p1a: Dragapult|Dragapult, L78, M|41\/265\n|turn|42\n|c|\u2606Buhrito|yea weeing kinda nutty\n|\n|t:|1633735272\n|-end|p2a: Weezing|ability: Neutralizing Gas\n|switch|p2a: Type: Null|Type: Null, L86|304\/304\n|move|p1a: Dragapult|Thunderbolt|p2a: Type: Null\n|-damage|p2a: Type: Null|248\/304\n|\n|upkeep\n|turn|43\n|c|+Mannat|you know what does break this \n|c|+Mannat|dynamaxed doublade\n|c|\u2606SinisterHFigure|THe team completely checksmate me though\n|inactive|SinisterHFigure has 90 seconds left.\n|c|\u2606SinisterHFigure|3 bulky answers\n|c|\u2606SinisterHFigure|Perfect immunities\n|\n|t:|1633735320\n|switch|p1a: Tsareena|Tsareena, L84, F|224\/258\n|move|p2a: Type: Null|Payback|p1a: Tsareena\n|-damage|p1a: Tsareena|187\/258\n|\n|upkeep\n|turn|44\n|c|\u2606Buhrito|idk weezing + mandi kinda bodies this comp\n|\n|t:|1633735337\n|move|p1a: Tsareena|Power Whip|p2a: Type: Null\n|-damage|p2a: Type: Null|164\/304\n|move|p2a: Type: Null|Crush Claw|p1a: Tsareena|[miss]\n|-miss|p2a: Type: Null|p1a: Tsareena\n|\n|upkeep\n|turn|45\n|c|\u2606SinisterHFigure|Eviolite Type null\n|inactive|SinisterHFigure has 60 seconds left.\n|c|\u2606SinisterHFigure|Fantastic\n|\n|t:|1633735367\n|switch|p2a: Weezing|Weezing-Galar, L86, M|117\/252\n|-ability|p2a: Weezing|Neutralizing Gas\n|move|p1a: Tsareena|Power Whip|p2a: Weezing\n|-resisted|p2a: Weezing\n|-damage|p2a: Weezing|63\/252\n|\n|-heal|p2a: Weezing|78\/252|[from] item: Black Sludge\n|upkeep\n|turn|46\n|\n|t:|1633735385\n|move|p1a: Tsareena|Power Whip|p2a: Weezing\n|-resisted|p2a: Weezing\n|-damage|p2a: Weezing|17\/252\n|move|p2a: Weezing|Sludge Bomb|p1a: Tsareena\n|-supereffective|p1a: Tsareena\n|-damage|p1a: Tsareena|5\/258\n|\n|-heal|p2a: Weezing|32\/252|[from] item: Black Sludge\n|upkeep\n|turn|47\n|\n|t:|1633735405\n|move|p1a: Tsareena|U-turn|p2a: Weezing\n|-resisted|p2a: Weezing\n|-damage|p2a: Weezing|21\/252\n|\n|t:|1633735413\n|switch|p1a: Pheromosa|Pheromosa, L76|191\/233 tox\n|move|p2a: Weezing|Sludge Bomb|p1a: Pheromosa\n|-damage|p1a: Pheromosa|29\/233 tox\n|\n|-heal|p2a: Weezing|36\/252|[from] item: Black Sludge\n|-damage|p1a: Pheromosa|15\/233 tox|[from] psn\n|upkeep\n|turn|48\n|inactive|SinisterHFigure has 30 seconds left.\n|\n|t:|1633735441\n|move|p1a: Pheromosa|Ice Beam|p2a: Weezing\n|-damage|p2a: Weezing|0 fnt\n|faint|p2a: Weezing\n|-end|p2a: Weezing|ability: Neutralizing Gas\n|-ability|p1a: Pheromosa|Beast Boost|boost\n|-boost|p1a: Pheromosa|spe|1\n|\n|-damage|p1a: Pheromosa|0 fnt|[from] psn\n|faint|p1a: Pheromosa\n|upkeep\n|\n|t:|1633735451\n|switch|p1a: Tsareena|Tsareena, L84, F|5\/258\n|switch|p2a: Mandibuzz|Mandibuzz, L82, F|219\/315\n|turn|49\n|\n|t:|1633735464\n|move|p2a: Mandibuzz|Foul Play|p1a: Tsareena\n|-damage|p1a: Tsareena|0 fnt\n|faint|p1a: Tsareena\n|\n|upkeep\n|\n|t:|1633735468\n|switch|p1a: Dragapult|Dragapult, L78, M|41\/265\n|turn|50\n|\n|t:|1633735477\n|move|p1a: Dragapult|Draco Meteor|p2a: Mandibuzz\n|-damage|p2a: Mandibuzz|30\/315\n|-unboost|p1a: Dragapult|spa|2\n|move|p2a: Mandibuzz|Foul Play|p1a: Dragapult\n|-supereffective|p1a: Dragapult\n|-damage|p1a: Dragapult|0 fnt\n|faint|p1a: Dragapult\n|\n|win|Buhrito\n|c|\u2606Buhrito|gg! <3\n|c|\u2606SinisterHFigure|Like always, bad hands get my ass\n|c|\u2606SinisterHFigure|But gg anyway\n|c|\u2606Buhrito|dats how randoms be\n|c|\u2606SinisterHFigure|Volt absorb lanturn, Mandibuzz bodies the whole team, and it had ALL of the teammates it needed... what was the last pokemon?\n|c|\u2606SinisterHFigure|Saltyhoodedfigure\n","inputlog":">version 8151ffca2a6be5be4e1eb17ce0154f90b9ec3bd9\n>start {\"formatid\":\"gen8randombattle\",\"seed\":[16034,29109,34365,61406]}\n>player p1 {\"name\":\"SinisterHFigure\",\"avatar\":\"lance-gen2\",\"rating\":0,\"seed\":[31214,60736,51351,45218]}\n>player p2 {\"name\":\"Buhrito\",\"avatar\":\"preschooler\",\"rating\":0,\"seed\":[2535,10047,21031,61431]}\n>chat \u2606SinisterHFigure|>\n>chat \u2606SinisterHFigure|At long last\n>chat \u2606Buhrito|good luck shf!\n>p1 switch 3\n>p2 move toxic\n>chat +Mannat|shouldn't have risked the miss \n>chat \u2606SinisterHFigure|Look's like luck cancelled each other out\n>chat +Mannat|suboptimal play\n>p1 move hypnosis\n>p2 switch 6\n>p1 switch 3\n>p2 move strangesteam\n>p1 move swordsdance\n>p2 switch 6\n>p1 move ironhead dynamax\n>p2 move foulplay\n>p1 switch 3\n>p2 move foulplay\n>p1 move thunderbolt\n>p2 switch 2\n>p1 switch 2\n>p2 move raindance\n>p1 move uturn\n>p2 switch 2\n>p1 switch 4\n>p1 move shadowball\n>p2 switch 2\n>p1 switch 4\n>p2 move earthquake\n>p1 move powerwhip\n>p2 move stealthrock\n>p2 switch 2\n>p1 move rapidspin\n>p2 move roost\n>p1 move uturn\n>p2 move roost\n>p1 switch 6\n>p1 move closecombat\n>p2 switch 6\n>p1 switch 3\n>p2 move willowisp\n>p1 move ironhead\n>p2 switch 6\n>p1 switch 2\n>p2 move foulplay\n>chat \u2606SinisterHFigure|Doublade is slower\n>p1 move nastyplot\n>p2 switch 5\n>p1 switch 6\n>p2 move thunderbolt\n>p1 move synthesis\n>p2 switch 6\n>p1 move uturn\n>p2 move willowisp\n>p1 switch 2\n>p1 move ironhead\n>p2 switch 5\n>p1 switch 5\n>p2 move toxic\n>p1 move icebeam\n>p2 switch 5\n>p1 move uturn\n>p2 move strangesteam\n>p1 switch 5\n>p1 move ironhead\n>p2 switch 5\n>p1 move closecombat\n>p2 move roost\n>p1 move closecombat\n>p2 move roost\n>p1 switch 6\n>p1 move hypnosis\n>p2 move toxic\n>chat \u2606SinisterHFigure|DMAN\n>chat \u2606SinisterHFigure|Ah maldito\n>p1 move nastyplot\n>p2 move roost\n>p1 move nastyplot\n>p2 move roost\n>p1 move thunderbolt\n>p2 switch 6\n>p1 move darkpulse\n>p2 switch 6\n>p1 move darkpulse\n>p2 switch 6\n>p1 move darkpulse\n>p2 move scald\n>p1 switch 5\n>p2 switch 5\n>p1 move uturn\n>p2 move strangesteam\n>p1 switch 4\n>p1 move shadowball\n>p2 switch 4\n>p1 switch 2\n>p2 move payback\n>p1 move uturn\n>p2 switch 4\n>p1 switch 3\n>p1 move facade\n>p2 move strangesteam\n>chat \u2606SinisterHFigure|I can't break this\n>p1 switch 2\n>chat \u2606Buhrito|yea weeing kinda nutty\n>p1 move thunderbolt\n>p2 switch 4\n>chat +Mannat|you know what does break this \n>chat +Mannat|dynamaxed doublade\n>chat \u2606SinisterHFigure|THe team completely checksmate me though\n>chat \u2606SinisterHFigure|3 bulky answers\n>chat \u2606SinisterHFigure|Perfect immunities\n>p1 switch 3\n>p2 move payback\n>chat \u2606Buhrito|idk weezing + mandi kinda bodies this comp\n>p1 move powerwhip\n>p2 move crushclaw\n>chat \u2606SinisterHFigure|Eviolite Type null\n>chat \u2606SinisterHFigure|Fantastic\n>p1 move powerwhip\n>p2 switch 4\n>p1 move powerwhip\n>p2 move sludgebomb\n>p1 move uturn\n>p2 move sludgebomb\n>p1 switch 4\n>p1 move icebeam\n>p2 move strangesteam\n>p1 switch 4\n>p2 switch 6\n>p1 move synthesis\n>p2 move foulplay\n>p1 switch 3\n>p1 move dracometeor\n>p2 move foulplay","uploadtime":1633735478,"views":85,"p1id":"sinisterhfigure","p2id":"buhrito","formatid":"gen8randombattle","rating":0,"private":0,"password":null}