{"id":"smogtours-gen8randombattle-649194","p1":"MANNAT","p2":"Buhrito","format":"gen8randombattle","log":"|inactive|Battle timer is ON: inactive players will automatically lose when time's up.\n|t:|1663523646\n|gametype|singles\n|player|p1|MANNAT|#scl2foxes|\n|player|p2|Buhrito|youngster-gen4dp|\n|teamsize|p1|6\n|teamsize|p2|6\n|gen|8\n|tier|[Gen 8] Random Battle\n|rule|Species Clause: Limit one of each Pok\u00e9mon\n|rule|HP Percentage Mod: HP is shown in percentages\n|rule|Sleep Clause Mod: Limit one foe put to sleep\n|\n|t:|1663523646\n|start\n|switch|p1a: Dragonite|Dragonite, L75, F|260\/260\n|switch|p2a: Aegislash|Aegislash, L80, F|227\/227\n|turn|1\n|inactive|Buhrito has 270 seconds left.\n|\n|t:|1663523678\n|move|p1a: Dragonite|Dragon Dance|p1a: Dragonite\n|-boost|p1a: Dragonite|atk|1\n|-boost|p1a: Dragonite|spe|1\n|move|p2a: Aegislash|Toxic|p1a: Dragonite\n|-status|p1a: Dragonite|tox\n|\n|-damage|p1a: Dragonite|244\/260 tox|[from] psn\n|upkeep\n|turn|2\n|\n|t:|1663523691\n|move|p1a: Dragonite|Earthquake|p2a: Aegislash\n|-supereffective|p2a: Aegislash\n|-damage|p2a: Aegislash|71\/227\n|move|p2a: Aegislash|Substitute|p2a: Aegislash\n|-start|p2a: Aegislash|Substitute\n|-damage|p2a: Aegislash|15\/227\n|\n|-heal|p2a: Aegislash|29\/227|[from] item: Leftovers\n|-damage|p1a: Dragonite|212\/260 tox|[from] psn\n|upkeep\n|turn|3\n|\n|t:|1663523701\n|move|p1a: Dragonite|Earthquake|p2a: Aegislash\n|-supereffective|p2a: Aegislash\n|-end|p2a: Aegislash|Substitute\n|-formechange|p2a: Aegislash|Aegislash-Blade||[from] ability: Stance Change\n|move|p2a: Aegislash|Shadow Ball|p1a: Dragonite\n|-damage|p1a: Dragonite|112\/260 tox\n|\n|-heal|p2a: Aegislash|43\/227|[from] item: Leftovers\n|-damage|p1a: Dragonite|64\/260 tox|[from] psn\n|upkeep\n|turn|4\n|\n|t:|1663523709\n|switch|p1a: Diggersby|Diggersby, L80, F|267\/267\n|-formechange|p2a: Aegislash|Aegislash||[from] ability: Stance Change\n|move|p2a: Aegislash|King's Shield||[still]\n|-fail|p2a: Aegislash\n|\n|-heal|p2a: Aegislash|57\/227|[from] item: Leftovers\n|upkeep\n|turn|5\n|\n|t:|1663523724\n|move|p1a: Diggersby|Knock Off|p2a: Aegislash\n|-supereffective|p2a: Aegislash\n|-damage|p2a: Aegislash|0 fnt\n|-enditem|p2a: Aegislash|Leftovers|[from] move: Knock Off|[of] p1a: Diggersby\n|faint|p2a: Aegislash\n|\n|upkeep\n|\n|t:|1663523737\n|switch|p2a: Sirfetch\u2019d|Sirfetch\u2019d, L82, M|236\/236\n|turn|6\n|\n|t:|1663523750\n|switch|p1a: Dragonite|Dragonite, L75, F|64\/260 tox\n|move|p2a: Sirfetch\u2019d|Knock Off|p1a: Dragonite\n|-damage|p1a: Dragonite|0 fnt\n|-enditem|p1a: Dragonite|Heavy-Duty Boots|[from] move: Knock Off|[of] p2a: Sirfetch\u2019d\n|faint|p1a: Dragonite\n|\n|upkeep\n|\n|t:|1663523754\n|switch|p1a: Whimsicott|Whimsicott, L84, M|238\/238\n|turn|7\n|\n|t:|1663523770\n|switch|p2a: Chandelure|Chandelure, L82, F|233\/233\n|move|p1a: Whimsicott|U-turn|p2a: Chandelure\n|-resisted|p2a: Chandelure\n|-damage|p2a: Chandelure|224\/233\n|\n|t:|1663523774\n|switch|p1a: Persian|Persian, L88, F|258\/258\n|\n|upkeep\n|turn|8\n|\n|t:|1663523788\n|switch|p2a: Hippowdon|Hippowdon, L80, F|304\/304\n|-weather|Sandstorm|[from] ability: Sand Stream|[of] p2a: Hippowdon\n|move|p1a: Persian|Knock Off|p2a: Hippowdon\n|-damage|p2a: Hippowdon|227\/304\n|-enditem|p2a: Hippowdon|Leftovers|[from] move: Knock Off|[of] p1a: Persian\n|\n|-weather|Sandstorm|[upkeep]\n|-damage|p1a: Persian|242\/258|[from] Sandstorm\n|upkeep\n|turn|9\n|\n|t:|1663523798\n|switch|p1a: Diggersby|Diggersby, L80, F|267\/267\n|move|p2a: Hippowdon|Slack Off|p2a: Hippowdon\n|-heal|p2a: Hippowdon|304\/304\n|\n|-weather|Sandstorm|[upkeep]\n|upkeep\n|turn|10\n|\n|t:|1663523811\n|move|p1a: Diggersby|Earthquake|p2a: Hippowdon\n|-damage|p2a: Hippowdon|133\/304\n|move|p2a: Hippowdon|Slack Off|p2a: Hippowdon\n|-heal|p2a: Hippowdon|285\/304\n|\n|-weather|Sandstorm|[upkeep]\n|upkeep\n|turn|11\n|\n|t:|1663523822\n|switch|p2a: Rayquaza|Rayquaza, L74|277\/277\n|-ability|p2a: Rayquaza|Air Lock\n|move|p1a: Diggersby|Earthquake|p2a: Rayquaza\n|-immune|p2a: Rayquaza\n|\n|-weather|Sandstorm|[upkeep]\n|upkeep\n|turn|12\n|\n|t:|1663523831\n|switch|p1a: Whimsicott|Whimsicott, L84, M|238\/238\n|move|p2a: Rayquaza|Dragon Ascent|p1a: Whimsicott\n|-supereffective|p1a: Whimsicott\n|-damage|p1a: Whimsicott|0 fnt\n|-unboost|p2a: Rayquaza|def|1\n|-unboost|p2a: Rayquaza|spd|1\n|faint|p1a: Whimsicott\n|\n|-weather|none\n|upkeep\n|\n|t:|1663523833\n|switch|p1a: Milotic|Milotic, L82, M|290\/290\n|turn|13\n|\n|t:|1663523857\n|switch|p2a: Sirfetch\u2019d|Sirfetch\u2019d, L82, M|236\/236\n|move|p1a: Milotic|Scald|p2a: Sirfetch\u2019d\n|-damage|p2a: Sirfetch\u2019d|143\/236\n|\n|upkeep\n|turn|14\n|\n|t:|1663523865\n|move|p1a: Milotic|Scald|p2a: Sirfetch\u2019d\n|-damage|p2a: Sirfetch\u2019d|61\/236\n|-status|p2a: Sirfetch\u2019d|brn\n|move|p2a: Sirfetch\u2019d|Brave Bird|p1a: Milotic\n|-damage|p1a: Milotic|209\/290\n|-damage|p2a: Sirfetch\u2019d|34\/236 brn|[from] Recoil\n|\n|-heal|p1a: Milotic|227\/290|[from] item: Leftovers\n|-damage|p2a: Sirfetch\u2019d|20\/236 brn|[from] brn\n|upkeep\n|turn|15\n|c|\u2606Buhrito|i am the unlukiest player alive by an extreme margin\n|\n|t:|1663523887\n|move|p1a: Milotic|Ice Beam|p2a: Sirfetch\u2019d\n|-damage|p2a: Sirfetch\u2019d|0 fnt\n|faint|p2a: Sirfetch\u2019d\n|\n|-heal|p1a: Milotic|245\/290|[from] item: Leftovers\n|upkeep\n|\n|t:|1663523894\n|switch|p2a: Malamar|Malamar, L80, F|269\/269\n|turn|16\n|\n|t:|1663523901\n|switch|p1a: Persian|Persian, L88, F|242\/258\n|move|p2a: Malamar|Superpower|p1a: Persian\n|-supereffective|p1a: Persian\n|-damage|p1a: Persian|60\/258\n|-boost|p2a: Malamar|atk|1\n|-boost|p2a: Malamar|def|1\n|\n|upkeep\n|turn|17\n|\n|t:|1663523908\n|move|p1a: Persian|U-turn|p2a: Malamar\n|-supereffective|p2a: Malamar\n|-damage|p2a: Malamar|81\/269\n|\n|t:|1663523914\n|switch|p1a: Palossand|Palossand, L86, F|286\/286\n|move|p2a: Malamar|Superpower|p1a: Palossand\n|-immune|p1a: Palossand\n|\n|-heal|p2a: Malamar|97\/269|[from] item: Leftovers\n|upkeep\n|turn|18\n|\n|t:|1663523926\n|switch|p1a: Persian|Persian, L88, F|60\/258\n|move|p2a: Malamar|Knock Off|p1a: Persian\n|-damage|p1a: Persian|0 fnt\n|-enditem|p1a: Persian|Choice Band|[from] move: Knock Off|[of] p2a: Malamar\n|faint|p1a: Persian\n|\n|-heal|p2a: Malamar|113\/269|[from] item: Leftovers\n|upkeep\n|\n|t:|1663523928\n|switch|p1a: Diggersby|Diggersby, L80, F|267\/267\n|turn|19\n|\n|t:|1663523933\n|move|p1a: Diggersby|Earthquake|p2a: Malamar\n|-damage|p2a: Malamar|0 fnt\n|faint|p2a: Malamar\n|\n|upkeep\n|\n|t:|1663523935\n|switch|p2a: Rayquaza|Rayquaza, L74|277\/277\n|-ability|p2a: Rayquaza|Air Lock\n|turn|20\n|\n|t:|1663523939\n|switch|p1a: Palossand|Palossand, L86, F|286\/286\n|move|p2a: Rayquaza|Dragon Dance|p2a: Rayquaza\n|-boost|p2a: Rayquaza|atk|1\n|-boost|p2a: Rayquaza|spe|1\n|\n|upkeep\n|turn|21\n|inactive|Buhrito has 270 seconds left.\n|\n|t:|1663523991\n|-start|p2a: Rayquaza|Dynamax|\n|-heal|p2a: Rayquaza|554\/554|[silent]\n|move|p2a: Rayquaza|Max Airstream|p1a: Palossand\n|-damage|p1a: Palossand|70\/286\n|-boost|p2a: Rayquaza|spe|1\n|move|p1a: Palossand|Shadow Ball|p2a: Rayquaza\n|-damage|p2a: Rayquaza|457\/554\n|\n|-heal|p1a: Palossand|87\/286|[from] item: Leftovers\n|upkeep\n|turn|22\n|\n|t:|1663524000\n|move|p2a: Rayquaza|Max Airstream|p1a: Palossand\n|-damage|p1a: Palossand|0 fnt\n|-boost|p2a: Rayquaza|spe|1\n|faint|p1a: Palossand\n|\n|upkeep\n|\n|t:|1663524003\n|switch|p1a: Milotic|Milotic, L82, M|245\/290\n|turn|23\n|inactive|MANNAT has 270 seconds left.\n|inactive|Buhrito has 240 seconds left.\n|inactive|MANNAT has 240 seconds left.\n|\n|t:|1663524068\n|-start|p1a: Milotic|Dynamax|\n|-heal|p1a: Milotic|490\/580|[silent]\n|move|p1a: Milotic|Max Guard|p1a: Milotic\n|-singleturn|p1a: Milotic|Max Guard\n|move|p2a: Rayquaza|Max Quake|p1a: Milotic\n|-activate|p1a: Milotic|move: Max Guard\n|\n|-heal|p1a: Milotic|508\/580|[from] item: Leftovers\n|upkeep\n|-end|p2a: Rayquaza|Dynamax\n|-heal|p2a: Rayquaza|229\/277|[silent]\n|turn|24\n|\n|t:|1663524093\n|switch|p2a: Chandelure|Chandelure, L82, F|224\/233\n|move|p1a: Milotic|Max Hailstorm|p2a: Chandelure\n|-resisted|p2a: Chandelure\n|-damage|p2a: Chandelure|183\/233\n|-weather|Hail\n|\n|-weather|Hail|[upkeep]\n|-damage|p1a: Milotic|490\/580|[from] Hail\n|-damage|p2a: Chandelure|169\/233|[from] Hail\n|-heal|p1a: Milotic|508\/580|[from] item: Leftovers\n|upkeep\n|turn|25\n|\n|t:|1663524097\n|switch|p2a: Rayquaza|Rayquaza, L74|229\/277\n|-ability|p2a: Rayquaza|Air Lock\n|move|p1a: Milotic|Max Geyser|p2a: Rayquaza\n|-resisted|p2a: Rayquaza\n|-damage|p2a: Rayquaza|152\/277\n|-weather|RainDance\n|\n|-weather|RainDance|[upkeep]\n|-heal|p1a: Milotic|526\/580|[from] item: Leftovers\n|upkeep\n|-end|p1a: Milotic|Dynamax\n|-heal|p1a: Milotic|263\/290|[silent]\n|turn|26\n|\n|t:|1663524119\n|move|p2a: Rayquaza|Dragon Ascent|p1a: Milotic\n|-damage|p1a: Milotic|110\/290\n|-unboost|p2a: Rayquaza|def|1\n|-unboost|p2a: Rayquaza|spd|1\n|move|p1a: Milotic|Ice Beam|p2a: Rayquaza\n|-supereffective|p2a: Rayquaza\n|-damage|p2a: Rayquaza|0 fnt\n|faint|p2a: Rayquaza\n|\n|-weather|RainDance|[upkeep]\n|-heal|p1a: Milotic|128\/290|[from] item: Leftovers\n|upkeep\n|c|\u2606Buhrito|gg\n|inactive|Buhrito has 210 seconds left.\n|c|\u2606MANNAT|gg\n|\n|t:|1663524143\n|switch|p2a: Hippowdon|Hippowdon, L80, F|285\/304\n|-weather|Sandstorm|[from] ability: Sand Stream|[of] p2a: Hippowdon\n|turn|27\n|\n|t:|1663524161\n|move|p1a: Milotic|Recover|p1a: Milotic\n|-heal|p1a: Milotic|273\/290\n|move|p2a: Hippowdon|Whirlwind|p1a: Milotic\n|drag|p1a: Diggersby|Diggersby, L80, F|267\/267\n|\n|-weather|Sandstorm|[upkeep]\n|upkeep\n|turn|28\n|inactive|MANNAT has 270 seconds left.\n|\n|t:|1663524169\n|move|p1a: Diggersby|Earthquake|p2a: Hippowdon\n|-damage|p2a: Hippowdon|128\/304\n|move|p2a: Hippowdon|Slack Off|p2a: Hippowdon\n|-heal|p2a: Hippowdon|280\/304\n|\n|-weather|Sandstorm|[upkeep]\n|upkeep\n|turn|29\n|\n|t:|1663524174\n|move|p1a: Diggersby|Earthquake|p2a: Hippowdon\n|-damage|p2a: Hippowdon|127\/304\n|move|p2a: Hippowdon|Slack Off|p2a: Hippowdon\n|-heal|p2a: Hippowdon|279\/304\n|\n|-weather|Sandstorm|[upkeep]\n|upkeep\n|turn|30\n|\n|t:|1663524178\n|move|p1a: Diggersby|Earthquake|p2a: Hippowdon\n|-damage|p2a: Hippowdon|102\/304\n|move|p2a: Hippowdon|Slack Off|p2a: Hippowdon\n|-heal|p2a: Hippowdon|254\/304\n|\n|-weather|Sandstorm|[upkeep]\n|upkeep\n|turn|31\n|\n|t:|1663524181\n|move|p1a: Diggersby|Earthquake|p2a: Hippowdon\n|-damage|p2a: Hippowdon|79\/304\n|move|p2a: Hippowdon|Slack Off|p2a: Hippowdon\n|-heal|p2a: Hippowdon|231\/304\n|\n|-weather|none\n|upkeep\n|turn|32\n|\n|t:|1663524185\n|move|p1a: Diggersby|Earthquake|p2a: Hippowdon\n|-damage|p2a: Hippowdon|51\/304\n|move|p2a: Hippowdon|Slack Off|p2a: Hippowdon\n|-heal|p2a: Hippowdon|203\/304\n|\n|upkeep\n|turn|33\n|\n|t:|1663524188\n|move|p1a: Diggersby|Earthquake|p2a: Hippowdon\n|-damage|p2a: Hippowdon|38\/304\n|move|p2a: Hippowdon|Slack Off|p2a: Hippowdon\n|-heal|p2a: Hippowdon|190\/304\n|\n|upkeep\n|turn|34\n|\n|t:|1663524192\n|move|p1a: Diggersby|Earthquake|p2a: Hippowdon\n|-damage|p2a: Hippowdon|37\/304\n|move|p2a: Hippowdon|Slack Off|p2a: Hippowdon\n|-heal|p2a: Hippowdon|189\/304\n|\n|upkeep\n|turn|35\n|\n|t:|1663524196\n|move|p1a: Diggersby|Earthquake|p2a: Hippowdon\n|-damage|p2a: Hippowdon|32\/304\n|move|p2a: Hippowdon|Slack Off|p2a: Hippowdon\n|-heal|p2a: Hippowdon|184\/304\n|\n|upkeep\n|turn|36\n|c|\u2606Buhrito|i eq here\n|\n|t:|1663524204\n|move|p1a: Diggersby|Earthquake|p2a: Hippowdon\n|-damage|p2a: Hippowdon|19\/304\n|move|p2a: Hippowdon|Slack Off|p2a: Hippowdon\n|-heal|p2a: Hippowdon|171\/304\n|\n|upkeep\n|turn|37\n|\n|t:|1663524208\n|move|p1a: Diggersby|Earthquake|p2a: Hippowdon\n|-damage|p2a: Hippowdon|0 fnt\n|faint|p2a: Hippowdon\n|\n|upkeep\n|\n|t:|1663524212\n|switch|p2a: Chandelure|Chandelure, L82, F|169\/233\n|turn|38\n|c|\u2606MANNAT|wp\n|\n|t:|1663524215\n|move|p2a: Chandelure|Fire Blast|p1a: Diggersby\n|-damage|p1a: Diggersby|84\/267\n|move|p1a: Diggersby|Earthquake|p2a: Chandelure\n|-supereffective|p2a: Chandelure\n|-damage|p2a: Chandelure|0 fnt\n|faint|p2a: Chandelure\n|\n|win|MANNAT\n","inputlog":">version 8cf3438afc5b4a013c2b2d0b6cd5b917bdfe9b81\n>start {\"formatid\":\"gen8randombattle\",\"seed\":[14215,53630,52533,19017]}\n>player p1 {\"name\":\"MANNAT\",\"avatar\":\"#scl2foxes\",\"rating\":0,\"seed\":[27533,46318,43361,11833]}\n>player p2 {\"name\":\"Buhrito\",\"avatar\":\"youngster-gen4dp\",\"rating\":0,\"seed\":[12229,29429,31225,52427]}\n>p1 move dragondance\n>p2 move toxic\n>p1 move earthquake\n>p2 move substitute\n>p1 move earthquake\n>p2 move shadowball\n>p1 switch 2\n>p2 move kingsshield\n>p1 move knockoff\n>p2 move toxic\n>p2 switch 6\n>p1 switch 2\n>p2 move knockoff\n>p1 switch 6\n>p1 move uturn\n>p2 switch 5\n>p1 switch 4\n>p1 move knockoff\n>p2 switch 4\n>p1 switch 2\n>p2 move slackoff\n>p1 move earthquake\n>p2 move slackoff\n>p1 move earthquake\n>p2 switch 2\n>p1 switch 4\n>p2 move dragonascent\n>p1 switch 5\n>p1 move scald\n>p2 switch 5\n>p1 move scald\n>p2 move bravebird\n>chat \u2606Buhrito|i am the unlukiest player alive by an extreme margin\n>p1 move icebeam\n>p2 move bravebird\n>p2 switch 3\n>p1 switch 2\n>p2 move superpower\n>p1 move uturn\n>p2 move superpower\n>p1 switch 3\n>p1 switch 3\n>p2 move knockoff\n>p1 switch 4\n>p1 move earthquake\n>p2 move superpower\n>p2 switch 5\n>p1 switch 3\n>p2 move dragondance\n>p1 move shadowball\n>p2 move dragonascent dynamax\n>p1 move shadowball\n>p2 move dragonascent dynamax\n>p1 switch 2\n>p1 move recover dynamax\n>p2 move earthquake dynamax\n>p1 move icebeam dynamax\n>p2 switch 4\n>p1 move scald dynamax\n>p2 switch 4\n>p1 move icebeam\n>p2 move dragonascent\n>chat \u2606Buhrito|gg\n>chat \u2606MANNAT|gg\n>p2 switch 2\n>p1 move recover\n>p2 move whirlwind\n>p1 move earthquake\n>p2 move slackoff\n>p1 move earthquake\n>p2 move slackoff\n>p1 move earthquake\n>p2 move slackoff\n>p1 move earthquake\n>p2 move slackoff\n>p1 move earthquake\n>p2 move slackoff\n>p1 move earthquake\n>p2 move slackoff\n>p1 move earthquake\n>p2 move slackoff\n>p1 move earthquake\n>p2 move slackoff\n>chat \u2606Buhrito|i eq here\n>p1 move earthquake\n>p2 move slackoff\n>p1 move earthquake\n>p2 move slackoff\n>p2 switch 4\n>chat \u2606MANNAT|wp\n>p1 move earthquake\n>p2 move fireblast","uploadtime":1663524216,"views":6,"p1id":"mannat","p2id":"buhrito","formatid":"gen8randombattle","rating":0,"private":0,"password":null}