{"id":"smogtours-gen8randombattle-584639","p1":"StealthHawk_NM","p2":"Buhrito","format":"gen8randombattle","log":"|inactive|Battle timer is ON: inactive players will automatically lose when time's up.\n|t:|1633730207\n|gametype|singles\n|player|p1|StealthHawk_NM|101|\n|player|p2|Buhrito|preschooler|\n|teamsize|p1|6\n|teamsize|p2|6\n|gen|8\n|tier|[Gen 8] Random Battle\n|rule|Species Clause: Limit one of each Pok\u00e9mon\n|rule|HP Percentage Mod: HP is shown in percentages\n|rule|Sleep Clause Mod: Limit one foe put to sleep\n|\n|t:|1633730207\n|start\n|switch|p1a: Porygon-Z|Porygon-Z, L80|267\/267\n|switch|p2a: Altaria|Altaria, L90, M|281\/281\n|turn|1\n|c|\u2606StealthHawk_NM|glhf\n|c|\u2606StealthHawk_NM|dw i am not stream sniping\n|\n|t:|1633730224\n|switch|p2a: Mr. Mime|Mr. Mime-Galar, L86, M|226\/226\n|move|p1a: Porygon-Z|Nasty Plot|p1a: Porygon-Z\n|-boost|p1a: Porygon-Z|spa|2\n|\n|upkeep\n|turn|2\n|\n|t:|1633730234\n|move|p2a: Mr. Mime|Focus Blast|p1a: Porygon-Z\n|-supereffective|p1a: Porygon-Z\n|-damage|p1a: Porygon-Z|85\/267\n|move|p1a: Porygon-Z|Dark Pulse|p2a: Mr. Mime\n|-supereffective|p2a: Mr. Mime\n|-damage|p2a: Mr. Mime|50\/226\n|\n|upkeep\n|turn|3\n|\n|t:|1633730248\n|move|p2a: Mr. Mime|Psychic|p1a: Porygon-Z\n|-damage|p1a: Porygon-Z|0 fnt\n|faint|p1a: Porygon-Z\n|\n|upkeep\n|\n|t:|1633730257\n|switch|p1a: Barraskewda|Barraskewda, L80, F|229\/229\n|turn|4\n|\n|t:|1633730264\n|switch|p2a: Rotom|Rotom-Wash, L82|216\/216\n|move|p1a: Barraskewda|Liquidation|p2a: Rotom\n|-resisted|p2a: Rotom\n|-damage|p2a: Rotom|144\/216\n|\n|-heal|p2a: Rotom|157\/216|[from] item: Leftovers\n|upkeep\n|turn|5\n|\n|t:|1633730271\n|switch|p1a: Morpeko|Morpeko, L86, F|240\/240\n|move|p2a: Rotom|Volt Switch|p1a: Morpeko\n|-resisted|p1a: Morpeko\n|-damage|p1a: Morpeko|192\/240\n|\n|t:|1633730278\n|switch|p2a: Machamp|Machamp, L82, F|282\/282\n|\n|-heal|p1a: Morpeko|207\/240|[from] item: Leftovers\n|-status|p2a: Machamp|brn|[from] item: Flame Orb\n|-formechange|p1a: Morpeko|Morpeko-Hangry||[from] ability: Hunger Switch\n|upkeep\n|turn|6\n|\n|t:|1633730285\n|move|p1a: Morpeko|Protect|p1a: Morpeko\n|-singleturn|p1a: Morpeko|Protect\n|move|p2a: Machamp|Facade|p1a: Morpeko\n|-activate|p1a: Morpeko|move: Protect\n|\n|-heal|p1a: Morpeko|222\/240|[from] item: Leftovers\n|-damage|p2a: Machamp|265\/282 brn|[from] brn\n|-formechange|p1a: Morpeko|Morpeko||[from] ability: Hunger Switch\n|upkeep\n|turn|7\n|\n|t:|1633730315\n|move|p1a: Morpeko|Psychic Fangs|p2a: Machamp\n|-supereffective|p2a: Machamp\n|-damage|p2a: Machamp|115\/282 brn\n|move|p2a: Machamp|Close Combat|p1a: Morpeko\n|-supereffective|p1a: Morpeko\n|-damage|p1a: Morpeko|0 fnt\n|-unboost|p2a: Machamp|def|1\n|-unboost|p2a: Machamp|spd|1\n|faint|p1a: Morpeko\n|\n|-damage|p2a: Machamp|98\/282 brn|[from] brn\n|upkeep\n|inactive|StealthHawk_NM has 270 seconds left.\n|\n|t:|1633730333\n|switch|p1a: Buzzwole|Buzzwole, L77|291\/291\n|turn|8\n|c|\u2606Buhrito|!randbats morpeko\n|c| Buhrito|\/raw <div class=\"infobox\"><details open><summary><span style=\"color:#999999;\">Moves for Morpeko in [Gen 8] Random Battle:<span style=\"color:#999999;\"><\/summary><a href=\"https:\/\/dex.pokemonshowdown.com\/moves\/aurawheel\" target=\"_blank\" class=\"subtle\" style=\"white-space:nowrap\">Aura Wheel<\/a>, <a href=\"https:\/\/dex.pokemonshowdown.com\/moves\/foulplay\" target=\"_blank\" class=\"subtle\" style=\"white-space:nowrap\">Foul Play<\/a>, <a href=\"https:\/\/dex.pokemonshowdown.com\/moves\/partingshot\" target=\"_blank\" class=\"subtle\" style=\"white-space:nowrap\">Parting Shot<\/a>, <a href=\"https:\/\/dex.pokemonshowdown.com\/moves\/protect\" target=\"_blank\" class=\"subtle\" style=\"white-space:nowrap\">Protect<\/a>, <a href=\"https:\/\/dex.pokemonshowdown.com\/moves\/psychicfangs\" target=\"_blank\" class=\"subtle\" style=\"white-space:nowrap\">Psychic Fangs<\/a>, <a href=\"https:\/\/dex.pokemonshowdown.com\/moves\/rapidspin\" target=\"_blank\" class=\"subtle\" style=\"white-space:nowrap\">Rapid Spin<\/a><\/details><\/div>\n|\n|t:|1633730344\n|switch|p2a: Blaziken|Blaziken, L76, M|247\/247\n|-start|p1a: Buzzwole|Dynamax\n|-heal|p1a: Buzzwole|582\/582|[silent]\n|move|p1a: Buzzwole|Max Knuckle|p2a: Blaziken\n|-damage|p2a: Blaziken|88\/247\n|-boost|p1a: Buzzwole|atk|1\n|\n|upkeep\n|turn|9\n|\n|t:|1633730364\n|-start|p2a: Blaziken|Dynamax\n|-heal|p2a: Blaziken|176\/494|[silent]\n|move|p2a: Blaziken|Max Guard|p2a: Blaziken\n|-singleturn|p2a: Blaziken|Max Guard\n|move|p1a: Buzzwole|Max Knuckle|p2a: Blaziken\n|-activate|p2a: Blaziken|move: Max Guard\n|\n|-ability|p2a: Blaziken|Speed Boost|boost\n|-boost|p2a: Blaziken|spe|1\n|upkeep\n|turn|10\n|\n|t:|1633730373\n|move|p2a: Blaziken|Max Flare|p1a: Buzzwole\n|-supereffective|p1a: Buzzwole\n|-damage|p1a: Buzzwole|299\/582\n|-weather|SunnyDay\n|-damage|p2a: Blaziken|152\/494|[from] item: Life Orb\n|move|p1a: Buzzwole|Max Knuckle|p2a: Blaziken\n|-damage|p2a: Blaziken|0 fnt\n|-boost|p1a: Buzzwole|atk|1\n|faint|p2a: Blaziken\n|-ability|p1a: Buzzwole|Beast Boost|boost\n|-boost|p1a: Buzzwole|atk|1\n|\n|-weather|SunnyDay|[upkeep]\n|-end|p1a: Buzzwole|Dynamax\n|-heal|p1a: Buzzwole|150\/291|[silent]\n|upkeep\n|\n|t:|1633730385\n|switch|p2a: Mr. Mime|Mr. Mime-Galar, L86, M|50\/226\n|turn|11\n|\n|t:|1633730406\n|move|p1a: Buzzwole|Close Combat|p2a: Mr. Mime\n|-damage|p2a: Mr. Mime|0 fnt\n|-unboost|p1a: Buzzwole|def|1\n|-unboost|p1a: Buzzwole|spd|1\n|faint|p2a: Mr. Mime\n|-ability|p1a: Buzzwole|Beast Boost|boost\n|-boost|p1a: Buzzwole|atk|1\n|\n|-weather|SunnyDay|[upkeep]\n|upkeep\n|\n|t:|1633730409\n|switch|p2a: Altaria|Altaria, L90, M|281\/281\n|turn|12\n|\n|t:|1633730416\n|move|p1a: Buzzwole|Close Combat|p2a: Altaria\n|-resisted|p2a: Altaria\n|-damage|p2a: Altaria|94\/281\n|-unboost|p1a: Buzzwole|def|1\n|-unboost|p1a: Buzzwole|spd|1\n|move|p2a: Altaria|Draco Meteor|p1a: Buzzwole\n|-damage|p1a: Buzzwole|0 fnt\n|-unboost|p2a: Altaria|spa|2\n|faint|p1a: Buzzwole\n|\n|-weather|SunnyDay|[upkeep]\n|upkeep\n|c|\u2606StealthHawk_NM|i shouldnt have locked into that\n|inactive|StealthHawk_NM has 270 seconds left.\n|\n|t:|1633730443\n|switch|p1a: Barraskewda|Barraskewda, L80, F|229\/229\n|turn|13\n|inactive|StealthHawk_NM has 270 seconds left.\n|\n|t:|1633730455\n|move|p1a: Barraskewda|Crunch|p2a: Altaria\n|-damage|p2a: Altaria|5\/281\n|move|p2a: Altaria|Roost|p2a: Altaria\n|-heal|p2a: Altaria|146\/281\n|-singleturn|p2a: Altaria|move: Roost\n|\n|-weather|SunnyDay|[upkeep]\n|upkeep\n|turn|14\n|\n|t:|1633730461\n|move|p1a: Barraskewda|Crunch|p2a: Altaria\n|-damage|p2a: Altaria|67\/281\n|move|p2a: Altaria|Roost|p2a: Altaria\n|-heal|p2a: Altaria|208\/281\n|-singleturn|p2a: Altaria|move: Roost\n|\n|-weather|none\n|upkeep\n|turn|15\n|\n|t:|1633730465\n|move|p1a: Barraskewda|Crunch|p2a: Altaria\n|-damage|p2a: Altaria|121\/281\n|move|p2a: Altaria|Roost|p2a: Altaria\n|-heal|p2a: Altaria|262\/281\n|-singleturn|p2a: Altaria|move: Roost\n|\n|upkeep\n|turn|16\n|\n|t:|1633730468\n|switch|p2a: Mandibuzz|Mandibuzz, L82, F|315\/315\n|move|p1a: Barraskewda|Crunch|p2a: Mandibuzz\n|-resisted|p2a: Mandibuzz\n|-damage|p2a: Mandibuzz|276\/315\n|\n|-heal|p2a: Mandibuzz|295\/315|[from] item: Leftovers\n|upkeep\n|turn|17\n|\n|t:|1633730476\n|move|p1a: Barraskewda|Crunch|p2a: Mandibuzz\n|-resisted|p2a: Mandibuzz\n|-damage|p2a: Mandibuzz|255\/315\n|-unboost|p2a: Mandibuzz|def|1\n|move|p2a: Mandibuzz|Toxic|p1a: Barraskewda\n|-status|p1a: Barraskewda|tox\n|\n|-heal|p2a: Mandibuzz|274\/315|[from] item: Leftovers\n|-damage|p1a: Barraskewda|215\/229 tox|[from] psn\n|upkeep\n|turn|18\n|\n|t:|1633730482\n|move|p1a: Barraskewda|Crunch|p2a: Mandibuzz\n|-resisted|p2a: Mandibuzz\n|-damage|p2a: Mandibuzz|216\/315\n|move|p2a: Mandibuzz|Foul Play|p1a: Barraskewda\n|-damage|p1a: Barraskewda|53\/229 tox\n|\n|-heal|p2a: Mandibuzz|235\/315|[from] item: Leftovers\n|-damage|p1a: Barraskewda|25\/229 tox|[from] psn\n|upkeep\n|turn|19\n|\n|t:|1633730487\n|move|p1a: Barraskewda|Crunch|p2a: Mandibuzz\n|-resisted|p2a: Mandibuzz\n|-damage|p2a: Mandibuzz|173\/315\n|move|p2a: Mandibuzz|Roost|p2a: Mandibuzz\n|-heal|p2a: Mandibuzz|315\/315\n|-singleturn|p2a: Mandibuzz|move: Roost\n|\n|-damage|p1a: Barraskewda|0 fnt|[from] psn\n|faint|p1a: Barraskewda\n|upkeep\n|\n|t:|1633730494\n|switch|p1a: Magearna|Magearna, L76|247\/247\n|turn|20\n|\n|t:|1633730517\n|switch|p2a: Rotom|Rotom-Wash, L82|157\/216\n|move|p1a: Magearna|Agility|p1a: Magearna\n|-boost|p1a: Magearna|spe|2\n|\n|-heal|p2a: Rotom|170\/216|[from] item: Leftovers\n|upkeep\n|turn|21\n|\n|t:|1633730525\n|move|p1a: Magearna|Calm Mind|p1a: Magearna\n|-boost|p1a: Magearna|spa|1\n|-boost|p1a: Magearna|spd|1\n|move|p2a: Rotom|Hydro Pump|p1a: Magearna\n|-crit|p1a: Magearna\n|-damage|p1a: Magearna|79\/247\n|\n|-heal|p1a: Magearna|94\/247|[from] item: Leftovers\n|-heal|p2a: Rotom|183\/216|[from] item: Leftovers\n|upkeep\n|turn|22\n|\n|t:|1633730540\n|switch|p2a: Machamp|Machamp, L82, F|98\/282 brn\n|move|p1a: Magearna|Fleur Cannon|p2a: Machamp\n|-supereffective|p2a: Machamp\n|-damage|p2a: Machamp|0 fnt\n|-unboost|p1a: Magearna|spa|2\n|faint|p2a: Machamp\n|-ability|p1a: Magearna|Soul-Heart|boost\n|-boost|p1a: Magearna|spa|1\n|\n|-heal|p1a: Magearna|109\/247|[from] item: Leftovers\n|upkeep\n|\n|t:|1633730546\n|switch|p2a: Rotom|Rotom-Wash, L82|183\/216\n|turn|23\n|\n|t:|1633730557\n|move|p1a: Magearna|Calm Mind|p1a: Magearna\n|-boost|p1a: Magearna|spa|1\n|-boost|p1a: Magearna|spd|1\n|move|p2a: Rotom|Hydro Pump|p1a: Magearna\n|-damage|p1a: Magearna|52\/247\n|\n|-heal|p1a: Magearna|67\/247|[from] item: Leftovers\n|-heal|p2a: Rotom|196\/216|[from] item: Leftovers\n|upkeep\n|turn|24\n|\n|t:|1633730563\n|move|p1a: Magearna|Fleur Cannon|p2a: Rotom\n|-damage|p2a: Rotom|1\/216\n|-unboost|p1a: Magearna|spa|2\n|move|p2a: Rotom|Hydro Pump|p1a: Magearna\n|-damage|p1a: Magearna|18\/247\n|\n|-heal|p1a: Magearna|33\/247|[from] item: Leftovers\n|-heal|p2a: Rotom|14\/216|[from] item: Leftovers\n|upkeep\n|turn|25\n|\n|t:|1633730576\n|move|p1a: Magearna|Flash Cannon|p2a: Rotom\n|-resisted|p2a: Rotom\n|-damage|p2a: Rotom|1\/216\n|move|p2a: Rotom|Thunderbolt|p1a: Magearna\n|-damage|p1a: Magearna|0 fnt\n|faint|p1a: Magearna\n|\n|-heal|p2a: Rotom|14\/216|[from] item: Leftovers\n|upkeep\n|\n|t:|1633730584\n|switch|p1a: Glastrier|Glastrier, L82|298\/298\n|turn|26\n|\n|t:|1633730589\n|move|p2a: Rotom|Will-O-Wisp|p1a: Glastrier\n|-status|p1a: Glastrier|brn\n|move|p1a: Glastrier|Icicle Crash|p2a: Rotom\n|-resisted|p2a: Rotom\n|-damage|p2a: Rotom|0 fnt\n|faint|p2a: Rotom\n|-ability|p1a: Glastrier|Chilling Neigh|boost\n|-boost|p1a: Glastrier|atk|1\n|\n|-damage|p1a: Glastrier|280\/298 brn|[from] brn\n|upkeep\n|c|\u2606StealthHawk_NM|i threw\n|\n|t:|1633730594\n|switch|p2a: Mandibuzz|Mandibuzz, L82, F|315\/315\n|turn|27\n|\n|t:|1633730602\n|move|p2a: Mandibuzz|Foul Play|p1a: Glastrier\n|-damage|p1a: Glastrier|136\/298 brn\n|move|p1a: Glastrier|Icicle Crash|p2a: Mandibuzz\n|-supereffective|p2a: Mandibuzz\n|-damage|p2a: Mandibuzz|162\/315\n|\n|-heal|p2a: Mandibuzz|181\/315|[from] item: Leftovers\n|-damage|p1a: Glastrier|118\/298 brn|[from] brn\n|upkeep\n|turn|28\n|\n|t:|1633730608\n|move|p2a: Mandibuzz|Roost|p2a: Mandibuzz\n|-heal|p2a: Mandibuzz|315\/315\n|-singleturn|p2a: Mandibuzz|move: Roost\n|move|p1a: Glastrier|Icicle Crash|p2a: Mandibuzz\n|-damage|p2a: Mandibuzz|231\/315\n|\n|-heal|p2a: Mandibuzz|250\/315|[from] item: Leftovers\n|-damage|p1a: Glastrier|100\/298 brn|[from] brn\n|upkeep\n|turn|29\n|\n|t:|1633730614\n|move|p2a: Mandibuzz|Foul Play|p1a: Glastrier\n|-damage|p1a: Glastrier|0 fnt\n|faint|p1a: Glastrier\n|\n|win|Buhrito\n","inputlog":">version 8151ffca2a6be5be4e1eb17ce0154f90b9ec3bd9\n>start {\"formatid\":\"gen8randombattle\",\"seed\":[49521,51695,35941,45033]}\n>player p1 {\"name\":\"StealthHawk_NM\",\"avatar\":\"101\",\"rating\":0,\"seed\":[6632,17540,21915,5963]}\n>player p2 {\"name\":\"Buhrito\",\"avatar\":\"preschooler\",\"rating\":0,\"seed\":[9854,50110,31098,43904]}\n>chat \u2606StealthHawk_NM|glhf\n>chat \u2606StealthHawk_NM|dw i am not stream sniping\n>p1 move nastyplot\n>p2 switch 3\n>p1 move darkpulse\n>p2 move focusblast\n>p1 move triattack\n>p2 move psychic\n>p1 switch 5\n>p1 move liquidation\n>p2 switch 2\n>p1 switch 2\n>p2 move voltswitch\n>p2 switch 6\n>p1 move protect\n>p2 move facade\n>p1 move psychicfangs\n>p2 move closecombat\n>p1 switch 3\n>chat \u2606Buhrito|!randbats morpeko\n>p1 move closecombat dynamax\n>p2 switch 5\n>p1 move closecombat dynamax\n>p2 move swordsdance dynamax\n>p1 move closecombat dynamax\n>p2 move flareblitz dynamax\n>p2 switch 2\n>p1 move closecombat\n>p2 move psychic\n>p2 switch 3\n>p1 move closecombat\n>p2 move dracometeor\n>chat \u2606StealthHawk_NM|i shouldnt have locked into that\n>p1 switch 2\n>p1 move crunch\n>p2 move roost\n>p1 move crunch\n>p2 move roost\n>p1 move crunch\n>p2 move roost\n>p1 move crunch\n>p2 switch 4\n>p1 move crunch\n>p2 move toxic\n>p1 move crunch\n>p2 move foulplay\n>p1 move crunch\n>p2 move roost\n>p1 switch 6\n>p1 move agility\n>p2 switch 6\n>p1 move calmmind\n>p2 move hydropump\n>p1 move fleurcannon\n>p2 switch 5\n>p2 switch 5\n>p1 move calmmind\n>p2 move hydropump\n>p1 move fleurcannon\n>p2 move hydropump\n>p1 move flashcannon\n>p2 move thunderbolt\n>p1 switch 4\n>p1 move iciclecrash\n>p2 move willowisp\n>chat \u2606StealthHawk_NM|i threw\n>p2 switch 6\n>p1 move iciclecrash\n>p2 move foulplay\n>p1 move iciclecrash\n>p2 move roost\n>p1 move highhorsepower\n>p2 move foulplay","uploadtime":1633730615,"views":7,"p1id":"stealthhawknm","p2id":"buhrito","formatid":"gen8randombattle","rating":0,"private":0,"password":null}