{"id":"smogtours-gen8randombattle-660372","p1":"JesterArtisticBoi","p2":"Demonlord_001","format":"gen8randombattle","log":"|inactive|Battle timer is ON: inactive players will automatically lose when time's up.\n|t:|1668036581\n|gametype|singles\n|player|p1|JesterArtisticBoi|depotagent|\n|player|p2|Demonlord_001|n|\n|teamsize|p1|6\n|teamsize|p2|6\n|gen|8\n|tier|[Gen 8] Random Battle\n|rule|Species Clause: Limit one of each Pok\u00e9mon\n|rule|HP Percentage Mod: HP is shown in percentages\n|rule|Sleep Clause Mod: Limit one foe put to sleep\n|\n|t:|1668036581\n|start\n|switch|p1a: Milotic|Milotic, L82, M|290\/290\n|switch|p2a: Articuno|Articuno-Galar, L80|275\/275\n|turn|1\n|\n|t:|1668036598\n|move|p2a: Articuno|Calm Mind|p2a: Articuno\n|-boost|p2a: Articuno|spa|1\n|-boost|p2a: Articuno|spd|1\n|move|p1a: Milotic|Toxic|p2a: Articuno\n|-status|p2a: Articuno|tox\n|\n|-damage|p2a: Articuno|258\/275 tox|[from] psn\n|upkeep\n|turn|2\n|\n|t:|1668036617\n|move|p2a: Articuno|Air Slash|p1a: Milotic\n|-damage|p1a: Milotic|191\/290\n|move|p1a: Milotic|Ice Beam|p2a: Articuno\n|-supereffective|p2a: Articuno\n|-damage|p2a: Articuno|178\/275 tox\n|\n|-heal|p1a: Milotic|209\/290|[from] item: Leftovers\n|-damage|p2a: Articuno|144\/275 tox|[from] psn\n|upkeep\n|turn|3\n|\n|t:|1668036636\n|move|p2a: Articuno|Calm Mind|p2a: Articuno\n|-boost|p2a: Articuno|spa|1\n|-boost|p2a: Articuno|spd|1\n|move|p1a: Milotic|Scald|p2a: Articuno\n|-damage|p2a: Articuno|108\/275 tox\n|\n|-heal|p1a: Milotic|227\/290|[from] item: Leftovers\n|-damage|p2a: Articuno|57\/275 tox|[from] psn\n|upkeep\n|turn|4\n|inactive|JesterArtisticBoi has 270 seconds left.\n|\n|t:|1668036669\n|move|p2a: Articuno|Freezing Glare|p1a: Milotic\n|-damage|p1a: Milotic|65\/290\n|move|p1a: Milotic|Ice Beam|p2a: Articuno\n|-supereffective|p2a: Articuno\n|-damage|p2a: Articuno|0 fnt\n|faint|p2a: Articuno\n|\n|-heal|p1a: Milotic|83\/290|[from] item: Leftovers\n|upkeep\n|\n|t:|1668036681\n|switch|p2a: Gourgeist|Gourgeist-Super, L84, M|280\/280\n|-item|p1a: Milotic|Leftovers|[from] ability: Frisk|[of] p2a: Gourgeist|[identify]\n|turn|5\n|inactive|JesterArtisticBoi has 270 seconds left.\n|\n|t:|1668036692\n|move|p1a: Milotic|Toxic|p2a: Gourgeist\n|-status|p2a: Gourgeist|tox\n|move|p2a: Gourgeist|Power Whip|p1a: Milotic\n|-supereffective|p1a: Milotic\n|-damage|p1a: Milotic|0 fnt\n|faint|p1a: Milotic\n|-damage|p2a: Gourgeist|252\/280 tox|[from] item: Life Orb\n|\n|-damage|p2a: Gourgeist|235\/280 tox|[from] psn\n|upkeep\n|inactive|JesterArtisticBoi has 270 seconds left.\n|\n|t:|1668036711\n|switch|p1a: Mandibuzz|Mandibuzz, L82, F|315\/315\n|turn|6\n|\n|t:|1668036730\n|move|p1a: Mandibuzz|Brave Bird|p2a: Gourgeist\n|-supereffective|p2a: Gourgeist\n|-damage|p2a: Gourgeist|97\/280 tox\n|-damage|p1a: Mandibuzz|269\/315|[from] Recoil\n|move|p2a: Gourgeist|Rock Slide|p1a: Mandibuzz\n|-supereffective|p1a: Mandibuzz\n|-damage|p1a: Mandibuzz|147\/315\n|-damage|p2a: Gourgeist|69\/280 tox|[from] item: Life Orb\n|\n|-damage|p2a: Gourgeist|35\/280 tox|[from] psn\n|upkeep\n|turn|7\n|\n|t:|1668036748\n|move|p1a: Mandibuzz|Roost|p1a: Mandibuzz\n|-heal|p1a: Mandibuzz|305\/315\n|-singleturn|p1a: Mandibuzz|move: Roost\n|move|p2a: Gourgeist|Poltergeist|p1a: Mandibuzz\n|-activate|p1a: Mandibuzz|move: Poltergeist|Heavy-Duty Boots\n|-resisted|p1a: Mandibuzz\n|-damage|p1a: Mandibuzz|234\/315\n|-damage|p2a: Gourgeist|7\/280 tox|[from] item: Life Orb\n|\n|-damage|p2a: Gourgeist|0 fnt|[from] psn\n|faint|p2a: Gourgeist\n|upkeep\n|\n|t:|1668036764\n|switch|p2a: Pikachu|Pikachu-Alola, L92, M|214\/214\n|turn|8\n|\n|t:|1668036775\n|move|p2a: Pikachu|Volt Tackle|p1a: Mandibuzz\n|-supereffective|p1a: Mandibuzz\n|-damage|p1a: Mandibuzz|0 fnt\n|faint|p1a: Mandibuzz\n|-damage|p2a: Pikachu|137\/214|[from] Recoil\n|\n|upkeep\n|inactive|JesterArtisticBoi has 240 seconds left.\n|\n|t:|1668036814\n|switch|p1a: Amoonguss|Amoonguss, L84, M|329\/329\n|turn|9\n|\n|t:|1668036824\n|move|p2a: Pikachu|Knock Off|p1a: Amoonguss\n|-damage|p1a: Amoonguss|200\/329\n|-enditem|p1a: Amoonguss|Black Sludge|[from] move: Knock Off|[of] p2a: Pikachu\n|move|p1a: Amoonguss|Sludge Bomb|p2a: Pikachu\n|-damage|p2a: Pikachu|22\/214\n|\n|upkeep\n|turn|10\n|inactive|JesterArtisticBoi has 240 seconds left.\n|\n|t:|1668036844\n|move|p2a: Pikachu|Volt Switch|p1a: Amoonguss\n|-resisted|p1a: Amoonguss\n|-damage|p1a: Amoonguss|146\/329\n|\n|t:|1668036847\n|switch|p2a: Scolipede|Scolipede, L80, F|227\/227\n|move|p1a: Amoonguss|Giga Drain|p2a: Scolipede\n|-resisted|p2a: Scolipede\n|-damage|p2a: Scolipede|205\/227\n|-heal|p1a: Amoonguss|157\/329|[from] drain|[of] p2a: Scolipede\n|\n|upkeep\n|turn|11\n|inactive|JesterArtisticBoi has 240 seconds left.\n|\n|t:|1668036880\n|move|p2a: Scolipede|Swords Dance|p2a: Scolipede\n|-boost|p2a: Scolipede|atk|2\n|move|p1a: Amoonguss|Sludge Bomb|p2a: Scolipede\n|-resisted|p2a: Scolipede\n|-damage|p2a: Scolipede|151\/227\n|\n|-ability|p2a: Scolipede|Speed Boost|boost\n|-boost|p2a: Scolipede|spe|1\n|upkeep\n|turn|12\n|inactive|JesterArtisticBoi has 210 seconds left.\n|\n|t:|1668036902\n|move|p2a: Scolipede|Earthquake|p1a: Amoonguss\n|-damage|p1a: Amoonguss|0 fnt\n|faint|p1a: Amoonguss\n|-damage|p2a: Scolipede|129\/227|[from] item: Life Orb\n|\n|-ability|p2a: Scolipede|Speed Boost|boost\n|-boost|p2a: Scolipede|spe|1\n|upkeep\n|inactive|JesterArtisticBoi has 210 seconds left.\n|\n|t:|1668036932\n|switch|p1a: Dragapult|Dragapult, L78, M|265\/265\n|turn|13\n|\n|t:|1668036941\n|move|p2a: Scolipede|Poison Jab|p1a: Dragapult\n|-resisted|p1a: Dragapult\n|-damage|p1a: Dragapult|139\/265\n|-damage|p2a: Scolipede|107\/227|[from] item: Life Orb\n|move|p1a: Dragapult|Fire Blast|p2a: Scolipede\n|-supereffective|p2a: Scolipede\n|-damage|p2a: Scolipede|0 fnt\n|faint|p2a: Scolipede\n|\n|upkeep\n|\n|t:|1668036953\n|switch|p2a: Pikachu|Pikachu-Alola, L92, M|22\/214\n|turn|14\n|\n|t:|1668036958\n|move|p1a: Dragapult|Fire Blast|p2a: Pikachu|[miss]\n|-miss|p1a: Dragapult|p2a: Pikachu\n|move|p2a: Pikachu|Knock Off|p1a: Dragapult\n|-supereffective|p1a: Dragapult\n|-damage|p1a: Dragapult|0 fnt\n|-enditem|p1a: Dragapult|Choice Specs|[from] move: Knock Off|[of] p2a: Pikachu\n|faint|p1a: Dragapult\n|\n|upkeep\n|inactive|JesterArtisticBoi has 210 seconds left.\n|\n|t:|1668036988\n|switch|p1a: Indeedee|Indeedee-F, L85, F|258\/258\n|-fieldstart|move: Psychic Terrain|[from] ability: Psychic Surge|[of] p1a: Indeedee\n|turn|15\n|inactive|JesterArtisticBoi has 180 seconds left.\n|\n|t:|1668037027\n|move|p2a: Pikachu|Knock Off|p1a: Indeedee\n|-supereffective|p1a: Indeedee\n|-damage|p1a: Indeedee|12\/258\n|-enditem|p1a: Indeedee|Life Orb|[from] move: Knock Off|[of] p2a: Pikachu\n|move|p1a: Indeedee|Expanding Force|p2a: Pikachu\n|-damage|p2a: Pikachu|0 fnt\n|faint|p2a: Pikachu\n|\n|upkeep\n|\n|t:|1668037037\n|switch|p2a: Rotom|Rotom-Wash, L82|216\/216\n|turn|16\n|inactive|JesterArtisticBoi has 150 seconds left.\n|\n|t:|1668037069\n|move|p1a: Indeedee|Mystical Fire|p2a: Rotom\n|-resisted|p2a: Rotom\n|-damage|p2a: Rotom|191\/216\n|-unboost|p2a: Rotom|spa|1\n|move|p2a: Rotom|Hydro Pump|p1a: Indeedee\n|-damage|p1a: Indeedee|0 fnt\n|faint|p1a: Indeedee\n|\n|-heal|p2a: Rotom|204\/216|[from] item: Leftovers\n|upkeep\n|\n|t:|1668037080\n|switch|p1a: Mawile|Mawile, L86, F|226\/226\n|-ability|p1a: Mawile|Intimidate|boost\n|-unboost|p2a: Rotom|atk|1\n|turn|17\n|\n|t:|1668037088\n|move|p2a: Rotom|Will-O-Wisp|p1a: Mawile\n|-status|p1a: Mawile|brn\n|move|p1a: Mawile|Iron Head|p2a: Rotom\n|-resisted|p2a: Rotom\n|-damage|p2a: Rotom|194\/216\n|-damage|p1a: Mawile|204\/226 brn|[from] item: Life Orb\n|\n|-heal|p2a: Rotom|207\/216|[from] item: Leftovers\n|-damage|p1a: Mawile|190\/226 brn|[from] brn\n|upkeep\n|turn|18\n|inactive|JesterArtisticBoi has 150 seconds left.\n|\n|t:|1668037107\n|-start|p1a: Mawile|Dynamax|\n|-heal|p1a: Mawile|380\/452 brn|[silent]\n|move|p2a: Rotom|Volt Switch|p1a: Mawile\n|-damage|p1a: Mawile|313\/452 brn\n|\n|t:|1668037114\n|switch|p2a: Zapdos|Zapdos-Galar, L76|262\/262\n|move|p1a: Mawile|Max Starfall|p2a: Zapdos\n|-supereffective|p2a: Zapdos\n|-damage|p2a: Zapdos|90\/262\n|-fieldstart|move: Misty Terrain\n|-damage|p1a: Mawile|291\/452 brn|[from] item: Life Orb\n|\n|-damage|p1a: Mawile|277\/452 brn|[from] brn\n|upkeep\n|turn|19\n|inactive|JesterArtisticBoi has 150 seconds left.\n|\n|t:|1668037143\n|-start|p2a: Zapdos|Dynamax|\n|-heal|p2a: Zapdos|180\/524|[silent]\n|move|p2a: Zapdos|Max Knuckle|p1a: Mawile\n|-damage|p1a: Mawile|143\/452 brn\n|-boost|p2a: Zapdos|atk|1\n|-damage|p2a: Zapdos|154\/524|[from] item: Life Orb\n|move|p1a: Mawile|Max Starfall|p2a: Zapdos\n|-supereffective|p2a: Zapdos\n|-damage|p2a: Zapdos|0 fnt\n|faint|p2a: Zapdos\n|-damage|p1a: Mawile|121\/452 brn|[from] item: Life Orb\n|\n|-damage|p1a: Mawile|107\/452 brn|[from] brn\n|upkeep\n|inactive|Demonlord_001 has 270 seconds left.\n|\n|t:|1668037161\n|switch|p2a: Rotom|Rotom-Wash, L82|207\/216\n|turn|20\n|\n|t:|1668037172\n|move|p2a: Rotom|Hydro Pump|p1a: Mawile\n|-damage|p1a: Mawile|0 fnt\n|faint|p1a: Mawile\n|\n|win|Demonlord_001\n","inputlog":">version f879681cb4272b14d10d94fd875a705d2e52f525\n>start {\"formatid\":\"gen8randombattle\",\"seed\":[52467,45466,36346,24551]}\n>player p1 {\"name\":\"JesterArtisticBoi\",\"avatar\":\"depotagent\",\"rating\":0,\"seed\":[8309,48178,9567,42274]}\n>player p2 {\"name\":\"Demonlord_001\",\"avatar\":\"n\",\"rating\":0,\"seed\":[40414,49571,20075,28759]}\n>p1 move toxic\n>p2 move calmmind\n>p1 move icebeam\n>p2 move airslash\n>p1 move scald\n>p2 move calmmind\n>p1 move icebeam\n>p2 move freezingglare\n>p2 switch 2\n>p1 move toxic\n>p2 move powerwhip\n>p1 switch 4\n>p1 move bravebird\n>p2 move rockslide\n>p1 move roost\n>p2 move poltergeist\n>p2 switch 6\n>p1 move foulplay\n>p2 move volttackle\n>p1 switch 3\n>p1 move sludgebomb\n>p2 move knockoff\n>p1 move gigadrain\n>p2 move voltswitch\n>p2 switch 5\n>p1 move sludgebomb\n>p2 move swordsdance\n>p1 move toxic\n>p2 move earthquake\n>p1 switch 2\n>p1 move fireblast\n>p2 move poisonjab\n>p2 switch 5\n>p1 move fireblast\n>p2 move knockoff\n>p1 switch 6\n>p1 move expandingforce\n>p2 move knockoff\n>p2 switch 4\n>p1 move mysticalfire\n>p2 move hydropump\n>p1 switch 5\n>p1 move ironhead\n>p2 move willowisp\n>p1 move playrough dynamax\n>p2 move voltswitch\n>p2 switch 3\n>p1 move playrough dynamax\n>p2 move closecombat dynamax\n>p2 switch 3\n>p1 move suckerpunch dynamax\n>p2 move hydropump","uploadtime":1668037173,"views":2,"p1id":"jesterartisticboi","p2id":"demonlord001","formatid":"gen8randombattle","rating":0,"private":0,"password":null}