{"id":"smogtours-gen8monotyperandombattle-647732","p1":"Kib0","p2":"Mimikyu Stardust","format":"gen8monotyperandombattle","log":"|inactive|Battle timer is ON: inactive players will automatically lose when time's up.\n|t:|1662910631\n|gametype|singles\n|player|p1|Kib0|pokemonranger-gen4|\n|player|p2|Mimikyu Stardust|#mimikyustardust|\n|teamsize|p1|6\n|teamsize|p2|6\n|gen|8\n|tier|[Gen 8] Monotype Random Battle\n|rule|Same Type Clause: Pok\u00e9mon in a team must share a type\n|rule|HP Percentage Mod: HP is shown in percentages\n|rule|Sleep Clause Mod: Limit one foe put to sleep\n|\n|t:|1662910631\n|start\n|switch|p1a: Dragalge|Dragalge, L86, F|252\/252\n|switch|p2a: Whimsicott|Whimsicott, L84, M|238\/238\n|turn|1\n|\n|t:|1662910647\n|move|p2a: Whimsicott|U-turn|p1a: Dragalge\n|-resisted|p1a: Dragalge\n|-crit|p1a: Dragalge\n|-damage|p1a: Dragalge|227\/252\n|\n|t:|1662910650\n|switch|p2a: Kartana|Kartana, L74|209\/209\n|move|p1a: Dragalge|Sludge Wave|p2a: Kartana\n|-immune|p2a: Kartana\n|\n|-heal|p1a: Dragalge|242\/252|[from] item: Black Sludge\n|upkeep\n|turn|2\n|c|+blarghlfarghl|goat\n|c|\u2606Mimikyu Stardust|W\n|c|+AtraX Madara|monotype gaming\n|c|+blarghlfarghl|youve lost tho\n|\n|t:|1662910670\n|move|p2a: Kartana|Knock Off|p1a: Dragalge\n|-damage|p1a: Dragalge|124\/252\n|-enditem|p1a: Dragalge|Black Sludge|[from] move: Knock Off|[of] p2a: Kartana\n|-damage|p2a: Kartana|189\/209|[from] item: Life Orb\n|move|p1a: Dragalge|Draco Meteor|p2a: Kartana|[miss]\n|-miss|p1a: Dragalge|p2a: Kartana\n|\n|upkeep\n|turn|3\n|c|@Aurella|Kirbo :3\n|c|@Aurella|NO!\n|c|+blarghlfarghl|unless?\n|\n|t:|1662910690\n|move|p2a: Kartana|Smart Strike|p1a: Dragalge\n|-damage|p1a: Dragalge|3\/252\n|-damage|p2a: Kartana|169\/209|[from] item: Life Orb\n|move|p1a: Dragalge|Draco Meteor|p2a: Kartana\n|-resisted|p2a: Kartana\n|-damage|p2a: Kartana|0 fnt\n|-unboost|p1a: Dragalge|spa|2\n|faint|p2a: Kartana\n|\n|upkeep\n|\n|t:|1662910701\n|switch|p2a: Whimsicott|Whimsicott, L84, M|238\/238\n|turn|4\n|\n|t:|1662910708\n|move|p2a: Whimsicott|Moonblast|p1a: Dragalge\n|-damage|p1a: Dragalge|0 fnt\n|faint|p1a: Dragalge\n|\n|upkeep\n|\n|t:|1662910726\n|switch|p1a: Eternatus|Eternatus, L69|308\/308\n|-ability|p1a: Eternatus|Pressure\n|turn|5\n|\n|t:|1662910734\n|move|p2a: Whimsicott|Leech Seed|p1a: Eternatus\n|-start|p1a: Eternatus|move: Leech Seed\n|move|p1a: Eternatus|Sludge Wave|p2a: Whimsicott\n|-supereffective|p2a: Whimsicott\n|-damage|p2a: Whimsicott|0 fnt\n|faint|p2a: Whimsicott\n|\n|upkeep\n|\n|t:|1662910737\n|switch|p2a: Celebi|Celebi, L82|298\/298\n|turn|6\n|\n|t:|1662910742\n|move|p1a: Eternatus|Sludge Wave|p2a: Celebi\n|-supereffective|p2a: Celebi\n|-crit|p2a: Celebi\n|-damage|p2a: Celebi|0 fnt\n|faint|p2a: Celebi\n|\n|upkeep\n|c|\u2606Kib0|o nooo\n|c|\u2606Mimikyu Stardust|NO\n|c|+blarghlfarghl|great game.\n|\n|t:|1662910755\n|switch|p2a: Eldegoss|Eldegoss, L90, M|254\/254\n|turn|7\n|c|+blarghlfarghl|i am learning a lot\n|\n|t:|1662910759\n|move|p1a: Eternatus|Sludge Wave|p2a: Eldegoss\n|-supereffective|p2a: Eldegoss\n|-damage|p2a: Eldegoss|61\/254\n|move|p2a: Eldegoss|Sleep Powder|p1a: Eternatus\n|-status|p1a: Eternatus|slp|[from] move: Sleep Powder\n|\n|-heal|p2a: Eldegoss|76\/254|[from] item: Leftovers\n|-damage|p1a: Eternatus|270\/308 slp|[from] Leech Seed|[of] p2a: Eldegoss\n|-heal|p2a: Eldegoss|114\/254|[silent]\n|upkeep\n|turn|8\n|\n|t:|1662910773\n|switch|p1a: Gengar|Gengar, L80, M|227\/227\n|switch|p2a: Roserade|Roserade, L84, F|238\/238\n|\n|upkeep\n|turn|9\n|\n|t:|1662910785\n|-start|p1a: Gengar|Dynamax|Gmax\n|-heal|p1a: Gengar|454\/454|[silent]\n|move|p1a: Gengar|Max Ooze|p2a: Roserade\n|-damage|p2a: Roserade|142\/238\n|-boost|p1a: Gengar|spa|1\n|move|p2a: Roserade|Spikes|p1a: Gengar\n|-sidestart|p1: Kib0|Spikes\n|\n|-heal|p2a: Roserade|156\/238|[from] item: Black Sludge\n|upkeep\n|turn|10\n|\n|t:|1662910794\n|move|p1a: Gengar|G-Max Terror|p2a: Roserade\n|-damage|p2a: Roserade|0 fnt\n|faint|p2a: Roserade\n|\n|upkeep\n|\n|t:|1662910799\n|switch|p2a: Leafeon|Leafeon, L86, M|252\/252\n|turn|11\n|\n|t:|1662910803\n|-start|p2a: Leafeon|Dynamax|\n|-heal|p2a: Leafeon|504\/504|[silent]\n|move|p1a: Gengar|Max Ooze|p2a: Leafeon\n|-supereffective|p2a: Leafeon\n|-damage|p2a: Leafeon|118\/504\n|-boost|p1a: Gengar|spa|1\n|move|p2a: Leafeon|Max Darkness|p1a: Gengar\n|-supereffective|p1a: Gengar\n|-damage|p1a: Gengar|172\/454\n|-unboost|p1a: Gengar|spd|1\n|\n|upkeep\n|-end|p1a: Gengar|Dynamax\n|-heal|p1a: Gengar|86\/227|[silent]\n|turn|12\n|\n|t:|1662910821\n|move|p1a: Gengar|Sludge Wave|p2a: Leafeon\n|-supereffective|p2a: Leafeon\n|-damage|p2a: Leafeon|0 fnt\n|faint|p2a: Leafeon\n|\n|upkeep\n|\n|t:|1662910824\n|switch|p2a: Eldegoss|Eldegoss, L90, M|198\/254\n|turn|13\n|\n|t:|1662910826\n|move|p1a: Gengar|Sludge Wave|p2a: Eldegoss\n|-supereffective|p2a: Eldegoss\n|-damage|p2a: Eldegoss|0 fnt\n|faint|p2a: Eldegoss\n|\n|win|Kib0\n","inputlog":">version 8cf3438afc5b4a013c2b2d0b6cd5b917bdfe9b81\n>start {\"formatid\":\"gen8monotyperandombattle\",\"seed\":[23049,20456,59614,21779]}\n>player p1 {\"name\":\"Kib0\",\"avatar\":\"pokemonranger-gen4\",\"rating\":0,\"seed\":[40225,56873,9762,16018]}\n>player p2 {\"name\":\"Mimikyu Stardust\",\"avatar\":\"#mimikyustardust\",\"rating\":0,\"seed\":[61393,44411,7634,46793]}\n>p1 move sludgewave\n>p2 move uturn\n>p2 switch 5\n>chat +blarghlfarghl|goat\n>chat \u2606Mimikyu Stardust|W\n>chat +AtraX Madara|monotype gaming\n>chat +blarghlfarghl|youve lost tho\n>p1 move dracometeor\n>p2 move knockoff\n>chat @Aurella|Kirbo :3\n>chat @Aurella|NO!\n>chat +blarghlfarghl|unless?\n>p1 move dracometeor\n>p2 move smartstrike\n>p2 switch 5\n>p1 move sludgewave\n>p2 move moonblast\n>p1 switch 5\n>p1 move sludgewave\n>p2 move leechseed\n>p2 switch 2\n>p1 move sludgewave\n>p2 move nastyplot\n>chat \u2606Kib0|o nooo\n>chat \u2606Mimikyu Stardust|NO\n>chat +blarghlfarghl|great game.\n>p2 switch 4\n>chat +blarghlfarghl|i am learning a lot\n>p1 move sludgewave\n>p2 move sleeppowder\n>p1 switch 3\n>p2 switch 3\n>p1 move sludgewave dynamax\n>p2 move spikes\n>p1 move shadowball dynamax\n>p2 move synthesis\n>p2 switch 6\n>p1 move sludgewave dynamax\n>p2 move knockoff dynamax\n>p1 move sludgewave\n>p2 move knockoff dynamax\n>p2 switch 3\n>p1 move sludgewave\n>p2 move energyball","uploadtime":1662910827,"views":3,"p1id":"kib0","p2id":"mimikyustardust","formatid":"gen8monotyperandombattle","rating":0,"private":0,"password":null}