{"id":"smogtours-gen1ou-655912","p1":"Laroxyl","p2":"genesis7","format":"gen1ou","log":"|inactive|Battle timer is ON: inactive players will automatically lose when time's up.\n|t:|1666134127\n|gametype|singles\n|player|p1|Laroxyl|#scl1spartans|\n|player|p2|genesis7|265|\n|teamsize|p1|6\n|teamsize|p2|6\n|gen|1\n|tier|[Gen 1] OU\n|rule|Desync Clause Mod: Desyncs changed to move failure.\n|rule|Sleep Clause Mod: Limit one foe put to sleep\n|rule|Freeze Clause Mod: Limit one foe frozen\n|rule|Species Clause: Limit one of each Pok\u00e9mon\n|rule|OHKO Clause: OHKO moves are banned\n|rule|Evasion Moves Clause: Evasion moves are banned\n|rule|Endless Battle Clause: Forcing endless battles is banned\n|rule|HP Percentage Mod: HP is shown in percentages\n|\n|t:|1666134127\n|start\n|switch|p1a: Starmie|Starmie|100\/100\n|switch|p2a: Alakazam|Alakazam|100\/100\n|turn|1\n|c|\u2606genesis7|glhf\n|c|\u2606Laroxyl|u2\n|\n|t:|1666134144\n|switch|p1a: Chansey|Chansey|100\/100\n|move|p2a: Alakazam|Thunder Wave|p1a: Chansey\n|-status|p1a: Chansey|par\n|\n|upkeep\n|turn|2\n|\n|t:|1666134154\n|move|p2a: Alakazam|Psychic|p1a: Chansey\n|-damage|p1a: Chansey|83\/100 par\n|move|p1a: Chansey|Sing|p2a: Alakazam\n|-status|p2a: Alakazam|slp|[from] move: Sing\n|\n|upkeep\n|turn|3\n|inactive|Laroxyl disconnected and has 300 seconds to reconnect!\n|player|p1|\n|inactive|Laroxyl reconnected and has 290 seconds left.\n|player|p1|Laroxyl|#scl1spartans\n|\n|t:|1666134184\n|switch|p2a: Snorlax|Snorlax|100\/100\n|move|p1a: Chansey|Ice Beam|p2a: Snorlax\n|-damage|p2a: Snorlax|81\/100\n|\n|upkeep\n|turn|4\n|\n|t:|1666134196\n|switch|p1a: Snorlax|Snorlax|100\/100\n|move|p2a: Snorlax|Body Slam|p1a: Snorlax\n|-damage|p1a: Snorlax|73\/100\n|\n|upkeep\n|turn|5\n|\n|t:|1666134210\n|move|p2a: Snorlax|Body Slam|p1a: Snorlax\n|-damage|p1a: Snorlax|46\/100\n|move|p1a: Snorlax|Rest|p1a: Snorlax\n|-status|p1a: Snorlax|slp|[from] move: Rest\n|-heal|p1a: Snorlax|100\/100 slp|[silent]\n|\n|upkeep\n|turn|6\n|\n|t:|1666134215\n|move|p2a: Snorlax|Body Slam|p1a: Snorlax\n|-damage|p1a: Snorlax|73\/100 slp\n|cant|p1a: Snorlax|slp\n|\n|upkeep\n|turn|7\n|\n|t:|1666134220\n|move|p2a: Snorlax|Body Slam|p1a: Snorlax\n|-damage|p1a: Snorlax|48\/100 slp\n|-curestatus|p1a: Snorlax|slp|[msg]\n|\n|upkeep\n|turn|8\n|\n|t:|1666134227\n|move|p1a: Snorlax|Reflect|p1a: Snorlax\n|-start|p1a: Snorlax|Reflect\n|move|p2a: Snorlax|Hyper Beam|p1a: Snorlax\n|-damage|p1a: Snorlax|27\/100\n|-mustrecharge|p2a: Snorlax\n|\n|upkeep\n|turn|9\n|\n|t:|1666134232\n|move|p1a: Snorlax|Self-Destruct|p2a: Snorlax\n|-damage|p2a: Snorlax|5\/100\n|faint|p1a: Snorlax\n|\n|t:|1666134238\n|switch|p1a: Tauros|Tauros|100\/100\n|turn|10\n|\n|t:|1666134240\n|move|p1a: Tauros|Body Slam|p2a: Snorlax\n|-crit|p2a: Snorlax\n|-damage|p2a: Snorlax|0 fnt\n|faint|p2a: Snorlax\n|\n|t:|1666134247\n|switch|p2a: Exeggutor|Exeggutor|100\/100\n|turn|11\n|\n|t:|1666134254\n|switch|p1a: Chansey|Chansey|83\/100 par\n|move|p2a: Exeggutor|Psychic|p1a: Chansey\n|-damage|p1a: Chansey|67\/100 par\n|\n|upkeep\n|turn|12\n|\n|t:|1666134263\n|move|p2a: Exeggutor|Psychic|p1a: Chansey\n|-damage|p1a: Chansey|50\/100 par\n|cant|p1a: Chansey|par\n|\n|upkeep\n|turn|13\n|\n|t:|1666134269\n|switch|p2a: Tauros|Tauros|100\/100\n|move|p1a: Chansey|Soft-Boiled|p1a: Chansey\n|-heal|p1a: Chansey|99\/100 par\n|\n|upkeep\n|turn|14\n|\n|t:|1666134282\n|switch|p1a: Starmie|Starmie|100\/100\n|move|p2a: Tauros|Body Slam|p1a: Starmie\n|-crit|p1a: Starmie\n|-damage|p1a: Starmie|33\/100\n|-status|p1a: Starmie|par\n|\n|upkeep\n|turn|15\n|\n|t:|1666134303\n|move|p2a: Tauros|Body Slam|p1a: Starmie\n|-damage|p1a: Starmie|0 fnt\n|faint|p1a: Starmie\n|\n|t:|1666134316\n|switch|p1a: Tauros|Tauros|100\/100\n|turn|16\n|\n|t:|1666134329\n|move|p1a: Tauros|Body Slam|p2a: Tauros\n|-crit|p2a: Tauros\n|-damage|p2a: Tauros|42\/100\n|move|p2a: Tauros|Body Slam|p1a: Tauros\n|-crit|p1a: Tauros\n|-damage|p1a: Tauros|45\/100\n|\n|upkeep\n|turn|17\n|\n|t:|1666134339\n|switch|p2a: Exeggutor|Exeggutor|100\/100\n|move|p1a: Tauros|Body Slam|p2a: Exeggutor\n|-damage|p2a: Exeggutor|71\/100\n|\n|upkeep\n|turn|18\n|\n|t:|1666134350\n|switch|p1a: Chansey|Chansey|99\/100 par\n|move|p2a: Exeggutor|Psychic|p1a: Chansey\n|-damage|p1a: Chansey|84\/100 par\n|-unboost|p1a: Chansey|spd|1\n|-unboost|p1a: Chansey|spa|1\n|\n|upkeep\n|turn|19\n|\n|t:|1666134358\n|switch|p2a: Tauros|Tauros|42\/100\n|move|p1a: Chansey|Ice Beam|p2a: Tauros\n|-damage|p2a: Tauros|23\/100\n|\n|upkeep\n|turn|20\n|\n|t:|1666134368\n|switch|p1a: Cloyster|Cloyster|100\/100\n|move|p2a: Tauros|Earthquake|p1a: Cloyster\n|-damage|p1a: Cloyster|82\/100\n|\n|upkeep\n|turn|21\n|\n|t:|1666134377\n|switch|p2a: Alakazam|Alakazam|100\/100 slp\n|move|p1a: Cloyster|Blizzard|p2a: Alakazam|[miss]\n|-miss|p1a: Cloyster\n|\n|upkeep\n|turn|22\n|\n|t:|1666134382\n|switch|p2a: Chansey|Chansey|100\/100\n|move|p1a: Cloyster|Blizzard|p2a: Chansey\n|-damage|p2a: Chansey|82\/100\n|\n|upkeep\n|turn|23\n|\n|t:|1666134393\n|switch|p1a: Chansey|Chansey|84\/100 par\n|move|p2a: Chansey|Thunder Wave|p1a: Chansey\n|-fail|p1a: Chansey|par\n|\n|upkeep\n|turn|24\n|\n|t:|1666134404\n|move|p2a: Chansey|Ice Beam|p1a: Chansey\n|-crit|p1a: Chansey\n|-damage|p1a: Chansey|63\/100 par\n|move|p1a: Chansey|Ice Beam|p2a: Chansey\n|-damage|p2a: Chansey|71\/100\n|\n|upkeep\n|turn|25\n|\n|t:|1666134409\n|switch|p2a: Tauros|Tauros|23\/100\n|move|p1a: Chansey|Ice Beam|p2a: Tauros\n|-damage|p2a: Tauros|0 fnt\n|faint|p2a: Tauros\n|\n|t:|1666134419\n|switch|p2a: Exeggutor|Exeggutor|71\/100\n|turn|26\n|\n|t:|1666134427\n|move|p2a: Exeggutor|Psychic|p1a: Chansey\n|-damage|p1a: Chansey|44\/100 par\n|-unboost|p1a: Chansey|spd|1\n|-unboost|p1a: Chansey|spa|1\n|move|p1a: Chansey|Soft-Boiled|p1a: Chansey\n|-heal|p1a: Chansey|94\/100 par\n|\n|upkeep\n|turn|27\n|\n|t:|1666134441\n|move|p2a: Exeggutor|Psychic|p1a: Chansey\n|-damage|p1a: Chansey|67\/100 par\n|-unboost|p1a: Chansey|spd|1\n|-unboost|p1a: Chansey|spa|1\n|move|p1a: Chansey|Ice Beam|p2a: Exeggutor\n|-supereffective|p2a: Exeggutor\n|-damage|p2a: Exeggutor|54\/100\n|\n|upkeep\n|turn|28\n|\n|t:|1666134449\n|switch|p1a: Alakazam|Alakazam|100\/100\n|move|p2a: Exeggutor|Psychic|p1a: Alakazam\n|-resisted|p1a: Alakazam\n|-damage|p1a: Alakazam|84\/100\n|-unboost|p1a: Alakazam|spd|1\n|-unboost|p1a: Alakazam|spa|1\n|\n|upkeep\n|turn|29\n|\n|t:|1666134456\n|switch|p1a: Chansey|Chansey|67\/100 par\n|move|p2a: Exeggutor|Psychic|p1a: Chansey\n|-damage|p1a: Chansey|52\/100 par\n|\n|upkeep\n|turn|30\n|\n|t:|1666134479\n|move|p2a: Exeggutor|Psychic|p1a: Chansey\n|-crit|p1a: Chansey\n|-damage|p1a: Chansey|16\/100 par\n|-unboost|p1a: Chansey|spd|1\n|-unboost|p1a: Chansey|spa|1\n|move|p1a: Chansey|Soft-Boiled|p1a: Chansey\n|-heal|p1a: Chansey|66\/100 par\n|\n|upkeep\n|turn|31\n|\n|t:|1666134486\n|move|p2a: Exeggutor|Psychic|p1a: Chansey\n|-damage|p1a: Chansey|42\/100 par\n|move|p1a: Chansey|Soft-Boiled|p1a: Chansey\n|-heal|p1a: Chansey|92\/100 par\n|\n|upkeep\n|turn|32\n|\n|t:|1666134494\n|move|p2a: Exeggutor|Psychic|p1a: Chansey\n|-crit|p1a: Chansey\n|-damage|p1a: Chansey|60\/100 par\n|-unboost|p1a: Chansey|spd|1\n|-unboost|p1a: Chansey|spa|1\n|cant|p1a: Chansey|par\n|\n|upkeep\n|turn|33\n|\n|t:|1666134502\n|move|p2a: Exeggutor|Psychic|p1a: Chansey\n|-damage|p1a: Chansey|26\/100 par\n|move|p1a: Chansey|Soft-Boiled|p1a: Chansey\n|-heal|p1a: Chansey|75\/100 par\n|\n|upkeep\n|turn|34\n|\n|t:|1666134507\n|switch|p1a: Alakazam|Alakazam|84\/100\n|move|p2a: Exeggutor|Sleep Powder|p1a: Alakazam\n|-status|p1a: Alakazam|slp|[from] move: Sleep Powder\n|\n|upkeep\n|turn|35\n|\n|t:|1666134517\n|switch|p2a: Zapdos|Zapdos|100\/100\n|cant|p1a: Alakazam|slp\n|\n|upkeep\n|turn|36\n|\n|t:|1666134524\n|-curestatus|p1a: Alakazam|slp|[msg]\n|move|p2a: Zapdos|Agility|p2a: Zapdos\n|-boost|p2a: Zapdos|spe|2\n|\n|upkeep\n|turn|37\n|\n|t:|1666134539\n|move|p2a: Zapdos|Drill Peck|p1a: Alakazam\n|-damage|p1a: Alakazam|43\/100\n|move|p1a: Alakazam|Recover|p1a: Alakazam\n|-heal|p1a: Alakazam|93\/100\n|\n|upkeep\n|turn|38\n|\n|t:|1666134544\n|move|p2a: Zapdos|Thunder Wave|p1a: Alakazam\n|-status|p1a: Alakazam|par\n|move|p1a: Alakazam|Thunder Wave|p2a: Zapdos\n|-status|p2a: Zapdos|par\n|\n|upkeep\n|turn|39\n|\n|t:|1666134551\n|cant|p2a: Zapdos|par\n|move|p1a: Alakazam|Psychic|p2a: Zapdos\n|-damage|p2a: Zapdos|72\/100 par\n|-unboost|p2a: Zapdos|spd|1\n|-unboost|p2a: Zapdos|spa|1\n|\n|upkeep\n|turn|40\n|\n|t:|1666134560\n|move|p1a: Alakazam|Psychic|p2a: Zapdos\n|-crit|p2a: Zapdos\n|-damage|p2a: Zapdos|17\/100 par\n|-unboost|p2a: Zapdos|spd|1\n|-unboost|p2a: Zapdos|spa|1\n|move|p2a: Zapdos|Agility|p2a: Zapdos\n|-boost|p2a: Zapdos|spe|2\n|\n|upkeep\n|turn|41\n|\n|t:|1666134569\n|move|p2a: Zapdos|Drill Peck|p1a: Alakazam\n|-crit|p1a: Alakazam\n|-damage|p1a: Alakazam|2\/100 par\n|move|p1a: Alakazam|Psychic|p2a: Zapdos\n|-damage|p2a: Zapdos|0 fnt\n|faint|p2a: Zapdos\n|\n|t:|1666134578\n|switch|p2a: Chansey|Chansey|71\/100\n|turn|42\n|\n|t:|1666134581\n|switch|p1a: Chansey|Chansey|75\/100 par\n|move|p2a: Chansey|Thunderbolt|p1a: Chansey\n|-crit|p1a: Chansey\n|-damage|p1a: Chansey|54\/100 par\n|\n|upkeep\n|turn|43\n|\n|t:|1666134586\n|move|p2a: Chansey|Soft-Boiled|p2a: Chansey\n|-heal|p2a: Chansey|100\/100\n|move|p1a: Chansey|Soft-Boiled|p1a: Chansey\n|-heal|p1a: Chansey|100\/100 par\n|\n|upkeep\n|turn|44\n|\n|t:|1666134592\n|switch|p2a: Alakazam|Alakazam|100\/100 slp\n|cant|p1a: Chansey|par\n|\n|upkeep\n|turn|45\n|\n|t:|1666134598\n|switch|p1a: Tauros|Tauros|45\/100\n|-curestatus|p2a: Alakazam|slp|[msg]\n|\n|upkeep\n|turn|46\n|\n|t:|1666134613\n|switch|p1a: Chansey|Chansey|100\/100 par\n|move|p2a: Alakazam|Psychic|p1a: Chansey\n|-crit|p1a: Chansey\n|-damage|p1a: Chansey|65\/100 par\n|-unboost|p1a: Chansey|spd|1\n|-unboost|p1a: Chansey|spa|1\n|\n|upkeep\n|turn|47\n|\n|t:|1666134619\n|move|p2a: Alakazam|Psychic|p1a: Chansey\n|-crit|p1a: Chansey\n|-damage|p1a: Chansey|27\/100 par\n|cant|p1a: Chansey|par\n|\n|upkeep\n|turn|48\n|inactive|Laroxyl has 270 seconds left.\n|\n|t:|1666134674\n|switch|p1a: Alakazam|Alakazam|2\/100 par\n|move|p2a: Alakazam|Psychic|p1a: Alakazam\n|-resisted|p1a: Alakazam\n|-damage|p1a: Alakazam|0 fnt\n|faint|p1a: Alakazam\n|\n|t:|1666134685\n|switch|p1a: Chansey|Chansey|27\/100 par\n|turn|49\n|\n|t:|1666134689\n|move|p2a: Alakazam|Psychic|p1a: Chansey\n|-damage|p1a: Chansey|9\/100 par\n|move|p1a: Chansey|Soft-Boiled|p1a: Chansey\n|-heal|p1a: Chansey|59\/100 par\n|\n|upkeep\n|turn|50\n|\n|t:|1666134694\n|move|p2a: Alakazam|Psychic|p1a: Chansey\n|-damage|p1a: Chansey|43\/100 par\n|cant|p1a: Chansey|par\n|\n|upkeep\n|turn|51\n|\n|t:|1666134699\n|move|p2a: Alakazam|Psychic|p1a: Chansey\n|-crit|p1a: Chansey\n|-damage|p1a: Chansey|5\/100 par\n|-unboost|p1a: Chansey|spd|1\n|-unboost|p1a: Chansey|spa|1\n|cant|p1a: Chansey|par\n|\n|upkeep\n|turn|52\n|\n|t:|1666134714\n|move|p2a: Alakazam|Psychic|p1a: Chansey\n|-damage|p1a: Chansey|0 fnt\n|faint|p1a: Chansey\n|inactive|Laroxyl has 270 seconds left.\n|\n|t:|1666134736\n|switch|p1a: Cloyster|Cloyster|82\/100\n|turn|53\n|inactive|Laroxyl has 270 seconds left.\n|\n|t:|1666134747\n|move|p2a: Alakazam|Thunder Wave|p1a: Cloyster\n|-status|p1a: Cloyster|par\n|move|p1a: Cloyster|Blizzard|p2a: Alakazam\n|-damage|p2a: Alakazam|65\/100\n|\n|upkeep\n|turn|54\n|inactive|Laroxyl has 270 seconds left.\n|\n|t:|1666134756\n|move|p2a: Alakazam|Psychic|p1a: Cloyster\n|-damage|p1a: Cloyster|34\/100 par\n|cant|p1a: Cloyster|par\n|\n|upkeep\n|turn|55\n|\n|t:|1666134762\n|move|p2a: Alakazam|Psychic|p1a: Cloyster\n|-crit|p1a: Cloyster\n|-damage|p1a: Cloyster|0 fnt\n|faint|p1a: Cloyster\n|\n|t:|1666134764\n|switch|p1a: Tauros|Tauros|45\/100\n|turn|56\n|\n|t:|1666134768\n|move|p2a: Alakazam|Thunder Wave|p1a: Tauros\n|-status|p1a: Tauros|par\n|move|p1a: Tauros|Hyper Beam|p2a: Alakazam\n|-damage|p2a: Alakazam|0 fnt\n|faint|p2a: Alakazam\n|\n|t:|1666134773\n|switch|p2a: Chansey|Chansey|100\/100\n|turn|57\n|\n|t:|1666134776\n|move|p2a: Chansey|Ice Beam|p1a: Tauros\n|-damage|p1a: Tauros|19\/100 par\n|move|p1a: Tauros|Hyper Beam|p2a: Chansey\n|-crit|p2a: Chansey\n|-damage|p2a: Chansey|0 fnt\n|faint|p2a: Chansey\n|\n|t:|1666134782\n|switch|p2a: Exeggutor|Exeggutor|54\/100\n|turn|58\n|\n|t:|1666134784\n|move|p2a: Exeggutor|Psychic|p1a: Tauros\n|-damage|p1a: Tauros|0 fnt\n|faint|p1a: Tauros\n|\n|win|genesis7\n","uploadtime":1666134785,"views":19,"p1id":"laroxyl","p2id":"genesis7","formatid":"gen1ou","rating":0,"private":0,"password":null}