{"id":"smogtours-gen4pu-643460","p1":"Skysolo \u2764","p2":"HSOWA","format":"gen4pu","log":"|inactive|Battle timer is ON: inactive players will automatically lose when time's up.\n|t:|1660419469\n|gametype|singles\n|player|p1|Skysolo \u2764|#pspl2019ubers|\n|player|p2|HSOWA|caitlin-masters|\n|teamsize|p1|6\n|teamsize|p2|6\n|gen|4\n|tier|[Gen 4] PU\n|rule|Sleep Clause Mod: Limit one foe put to sleep\n|rule|Species Clause: Limit one of each Pok\u00e9mon\n|rule|OHKO Clause: OHKO moves are banned\n|rule|Evasion Moves Clause: Evasion moves are banned\n|rule|Endless Battle Clause: Forcing endless battles is banned\n|rule|HP Percentage Mod: HP is shown in percentages\n|rule|Baton Pass Clause: Limit one Baton Passer, can't pass Spe and other stats simultaneously\n|\n|t:|1660419469\n|start\n|switch|p1a: Machoke|Machoke, F|100\/100\n|switch|p2a: Purugly|Purugly, M|100\/100\n|turn|1\n|c|\u2606Skysolo \u2764|hf\n|c|\u2606HSOWA|hf\n|\n|t:|1660419488\n|move|p1a: Machoke|Protect|p1a: Machoke\n|-singleturn|p1a: Machoke|Protect\n|move|p2a: Purugly|Fake Out|p1a: Machoke\n|-activate|p1a: Machoke|Protect\n|\n|upkeep\n|turn|2\n|inactive|HSOWA has 270 seconds left.\n|inactive|HSOWA has 240 seconds left.\n|inactive|HSOWA has 210 seconds left.\n|inactive|HSOWA has 180 seconds left.\n|\n|t:|1660419610\n|move|p2a: Purugly|Return|p1a: Machoke\n|-damage|p1a: Machoke|36\/100\n|move|p1a: Machoke|Dynamic Punch|p2a: Purugly\n|-supereffective|p2a: Purugly\n|-damage|p2a: Purugly|0 fnt\n|faint|p2a: Purugly\n|\n|upkeep\n|inactive|HSOWA has 180 seconds left.\n|\n|t:|1660419616\n|switch|p2a: Victreebel|Victreebel, M|100\/100\n|turn|3\n|\n|t:|1660419622\n|switch|p1a: Muk|Muk, F|100\/100\n|move|p2a: Victreebel|Leaf Blade|p1a: Muk\n|-resisted|p1a: Muk\n|-damage|p1a: Muk|76\/100\n|\n|-heal|p1a: Muk|82\/100|[from] item: Black Sludge\n|upkeep\n|turn|4\n|\n|t:|1660419635\n|switch|p2a: Rhydon|Rhydon, F|100\/100\n|move|p1a: Muk|Poison Jab|p2a: Rhydon\n|-resisted|p2a: Rhydon\n|-damage|p2a: Rhydon|95\/100\n|\n|-heal|p1a: Muk|88\/100|[from] item: Black Sludge\n|upkeep\n|turn|5\n|\n|t:|1660419648\n|switch|p1a: Relicanth|Relicanth, M|100\/100\n|move|p2a: Rhydon|Stealth Rock|p1a: Relicanth\n|-sidestart|p1: Skysolo \u2764|move: Stealth Rock\n|\n|upkeep\n|turn|6\n|inactive|HSOWA has 180 seconds left.\n|\n|t:|1660419690\n|switch|p2a: Victreebel|Victreebel, M|100\/100\n|move|p1a: Relicanth|Stealth Rock|p2a: Victreebel\n|-sidestart|p2: HSOWA|move: Stealth Rock\n|\n|upkeep\n|turn|7\n|\n|t:|1660419697\n|switch|p1a: Muk|Muk, F|88\/100\n|-damage|p1a: Muk|76\/100|[from] Stealth Rock\n|move|p2a: Victreebel|Leaf Blade|p1a: Muk\n|-resisted|p1a: Muk\n|-damage|p1a: Muk|52\/100\n|\n|-heal|p1a: Muk|58\/100|[from] item: Black Sludge\n|upkeep\n|turn|8\n|\n|t:|1660419702\n|move|p2a: Victreebel|Swords Dance|p2a: Victreebel\n|-boost|p2a: Victreebel|atk|2\n|move|p1a: Muk|Rest|p1a: Muk\n|-status|p1a: Muk|slp|[from] move: Rest\n|-heal|p1a: Muk|100\/100 slp|[silent]\n|\n|upkeep\n|turn|9\n|inactive|HSOWA has 180 seconds left.\n|\n|t:|1660419730\n|move|p2a: Victreebel|Return|p1a: Muk\n|-damage|p1a: Muk|27\/100 slp\n|cant|p1a: Muk|slp\n|move|p1a: Muk|Sleep Talk|p1a: Muk\n|move|p1a: Muk|Payback|p2a: Victreebel|[from]move: Sleep Talk\n|-damage|p2a: Victreebel|59\/100\n|\n|-heal|p1a: Muk|33\/100 slp|[from] item: Black Sludge\n|upkeep\n|turn|10\n|\n|t:|1660419739\n|move|p2a: Victreebel|Return|p1a: Muk\n|-damage|p1a: Muk|0 fnt\n|faint|p1a: Muk\n|\n|upkeep\n|\n|t:|1660419744\n|switch|p1a: Gabite|Gabite, F|100\/100\n|-damage|p1a: Gabite|94\/100|[from] Stealth Rock\n|turn|11\n|inactive|HSOWA has 150 seconds left.\n|\n|t:|1660419804\n|move|p2a: Victreebel|Sucker Punch|p1a: Gabite\n|-damage|p1a: Gabite|0 fnt\n|faint|p1a: Gabite\n|\n|upkeep\n|inactive|Skysolo \u2764 has 270 seconds left.\n|inactive|Skysolo \u2764 has 240 seconds left.\n|\n|t:|1660419855\n|switch|p1a: Zangoose|Zangoose, F, shiny|100\/100\n|-damage|p1a: Zangoose|88\/100|[from] Stealth Rock\n|turn|12\n|\n|t:|1660419870\n|move|p1a: Zangoose|Quick Attack|p2a: Victreebel\n|-damage|p2a: Victreebel|26\/100\n|move|p2a: Victreebel|Sucker Punch|p1a: Zangoose\n|-fail|p2a: Victreebel\n|\n|upkeep\n|turn|13\n|inactive|Skysolo \u2764 has 240 seconds left.\n|inactive|HSOWA has 120 seconds left.\n|\n|t:|1660419906\n|switch|p2a: Rhydon|Rhydon, F|95\/100\n|-damage|p2a: Rhydon|88\/100|[from] Stealth Rock\n|move|p1a: Zangoose|Quick Attack|p2a: Rhydon\n|-resisted|p2a: Rhydon\n|-damage|p2a: Rhydon|80\/100\n|\n|upkeep\n|turn|14\n|inactive|Skysolo \u2764 has 240 seconds left.\n|inactive|HSOWA has 90 seconds left.\n|\n|t:|1660419937\n|switch|p1a: Machoke|Machoke, F|36\/100\n|-damage|p1a: Machoke|30\/100|[from] Stealth Rock\n|move|p2a: Rhydon|Stone Edge|p1a: Machoke\n|-resisted|p1a: Machoke\n|-damage|p1a: Machoke|0 fnt\n|faint|p1a: Machoke\n|\n|upkeep\n|inactive|Skysolo \u2764 has 240 seconds left.\n|\n|t:|1660419944\n|switch|p1a: Relicanth|Relicanth, M|100\/100\n|-damage|p1a: Relicanth|88\/100|[from] Stealth Rock\n|turn|15\n|inactive|HSOWA has 90 seconds left.\n|\n|t:|1660419958\n|switch|p2a: Gastrodon|Gastrodon, F|100\/100\n|-damage|p2a: Gastrodon|94\/100|[from] Stealth Rock\n|move|p1a: Relicanth|Waterfall|p2a: Gastrodon\n|-damage|p2a: Gastrodon|66\/100\n|\n|-heal|p2a: Gastrodon|72\/100|[from] item: Leftovers\n|upkeep\n|turn|16\n|inactive|HSOWA has 90 seconds left.\n|\n|t:|1660419968\n|switch|p1a: Bellossom|Bellossom, F|100\/100\n|-damage|p1a: Bellossom|88\/100|[from] Stealth Rock\n|move|p2a: Gastrodon|Toxic|p1a: Bellossom\n|-status|p1a: Bellossom|tox\n|\n|-heal|p1a: Bellossom|94\/100 tox|[from] item: Leftovers\n|-damage|p1a: Bellossom|88\/100 tox|[from] psn\n|-heal|p2a: Gastrodon|78\/100|[from] item: Leftovers\n|upkeep\n|turn|17\n|inactive|HSOWA has 90 seconds left.\n|\n|t:|1660419985\n|switch|p2a: Xatu|Xatu, M|100\/100\n|-damage|p2a: Xatu|76\/100|[from] Stealth Rock\n|move|p1a: Bellossom|Leaf Blade|p2a: Xatu\n|-resisted|p2a: Xatu\n|-damage|p2a: Xatu|54\/100\n|\n|-heal|p1a: Bellossom|94\/100 tox|[from] item: Leftovers\n|-damage|p1a: Bellossom|82\/100 tox|[from] psn\n|upkeep\n|turn|18\n|inactive|HSOWA has 90 seconds left.\n|\n|t:|1660419997\n|switch|p1a: Relicanth|Relicanth, M|88\/100\n|-damage|p1a: Relicanth|76\/100|[from] Stealth Rock\n|move|p2a: Xatu|Psychic|p1a: Relicanth\n|-damage|p1a: Relicanth|31\/100\n|\n|upkeep\n|turn|19\n|\n|t:|1660420003\n|move|p2a: Xatu|Psychic|p1a: Relicanth\n|-damage|p1a: Relicanth|0 fnt\n|faint|p1a: Relicanth\n|\n|upkeep\n|\n|t:|1660420006\n|switch|p1a: Zangoose|Zangoose, F, shiny|88\/100\n|-damage|p1a: Zangoose|76\/100|[from] Stealth Rock\n|turn|20\n|\n|t:|1660420012\n|move|p2a: Xatu|Psychic|p1a: Zangoose\n|-damage|p1a: Zangoose|6\/100\n|move|p1a: Zangoose|Frustration|p2a: Xatu\n|-damage|p2a: Xatu|0 fnt\n|faint|p2a: Xatu\n|\n|upkeep\n|\n|t:|1660420024\n|switch|p2a: Rhydon|Rhydon, F|80\/100\n|-damage|p2a: Rhydon|74\/100|[from] Stealth Rock\n|turn|21\n|\n|t:|1660420029\n|move|p1a: Zangoose|Frustration|p2a: Rhydon\n|-resisted|p2a: Rhydon\n|-crit|p2a: Rhydon\n|-damage|p2a: Rhydon|35\/100\n|move|p2a: Rhydon|Stone Edge|p1a: Zangoose\n|-damage|p1a: Zangoose|0 fnt\n|faint|p1a: Zangoose\n|\n|upkeep\n|\n|t:|1660420032\n|switch|p1a: Bellossom|Bellossom, F|82\/100 tox\n|-damage|p1a: Bellossom|69\/100 tox|[from] Stealth Rock\n|turn|22\n|\n|t:|1660420035\n|move|p2a: Rhydon|Stone Edge|p1a: Bellossom\n|-damage|p1a: Bellossom|26\/100 tox\n|move|p1a: Bellossom|Leaf Blade|p2a: Rhydon\n|-supereffective|p2a: Rhydon\n|-damage|p2a: Rhydon|0 fnt\n|faint|p2a: Rhydon\n|\n|-heal|p1a: Bellossom|32\/100 tox|[from] item: Leftovers\n|-damage|p1a: Bellossom|26\/100 tox|[from] psn\n|upkeep\n|\n|t:|1660420038\n|switch|p2a: Victreebel|Victreebel, M|26\/100\n|-damage|p2a: Victreebel|14\/100|[from] Stealth Rock\n|turn|23\n|c|\u2606Skysolo \u2764|gg\n|c|\u2606HSOWA|gg\n|\n|t:|1660420042\n|move|p2a: Victreebel|Return|p1a: Bellossom\n|-damage|p1a: Bellossom|2\/100 tox\n|move|p1a: Bellossom|Leaf Blade|p2a: Victreebel\n|-resisted|p2a: Victreebel\n|-damage|p2a: Victreebel|4\/100\n|\n|-heal|p1a: Bellossom|8\/100 tox|[from] item: Leftovers\n|-damage|p1a: Bellossom|0 fnt|[from] psn\n|faint|p1a: Bellossom\n|\n|win|HSOWA\n|upkeep\n","uploadtime":1660420043,"views":154,"p1id":"skysolo","p2id":"hsowa","formatid":"gen4pu","rating":0,"private":0,"password":null}