{"id":"smogtours-gen4ou-647845","p1":"gilbert arenas(","p2":"Mimikyu Stardust","format":"gen4ou","log":"|inactive|Battle timer is ON: inactive players will automatically lose when time's up.\n|t:|1662914849\n|gametype|singles\n|player|p1|gilbert arenas(|#splxiiityrants|\n|player|p2|Mimikyu Stardust|#mimikyustardust|\n|teamsize|p1|6\n|teamsize|p2|6\n|gen|4\n|tier|[Gen 4] OU\n|rule|Sleep Clause Mod: Limit one foe put to sleep\n|rule|Species Clause: Limit one of each Pok\u00e9mon\n|rule|OHKO Clause: OHKO moves are banned\n|rule|Evasion Items Clause: Evasion items are banned\n|rule|Evasion Moves Clause: Evasion moves are banned\n|rule|Endless Battle Clause: Forcing endless battles is banned\n|rule|HP Percentage Mod: HP is shown in percentages\n|rule|Freeze Clause Mod: Limit one foe frozen\n|\n|t:|1662914849\n|start\n|switch|p1a: Dragonite|Dragonite, M|100\/100\n|switch|p2a: Blue Elf|Azelf|100\/100\n|turn|1\n|\n|t:|1662914878\n|move|p2a: Blue Elf|Rain Dance|p2a: Blue Elf\n|-weather|RainDance\n|move|p1a: Dragonite|Draco Meteor|p2a: Blue Elf\n|-damage|p2a: Blue Elf|0 fnt\n|-unboost|p1a: Dragonite|spa|2\n|faint|p2a: Blue Elf\n|-damage|p1a: Dragonite|91\/100|[from] item: Life Orb\n|\n|-weather|RainDance|[upkeep]\n|upkeep\n|\n|t:|1662914884\n|switch|p2a: Blue Naga|Kingdra, F|100\/100\n|turn|2\n|\n|t:|1662914890\n|move|p2a: Blue Naga|Dragon Pulse|p1a: Dragonite\n|-supereffective|p1a: Dragonite\n|-damage|p1a: Dragonite|0 fnt\n|faint|p1a: Dragonite\n|-damage|p2a: Blue Naga|91\/100|[from] item: Life Orb\n|\n|-weather|RainDance|[upkeep]\n|upkeep\n|\n|t:|1662914895\n|switch|p1a: Suicune|Suicune|100\/100\n|-ability|p1a: Suicune|Pressure\n|turn|3\n|\n|t:|1662914904\n|switch|p2a: Blue Balls|Qwilfish, M|100\/100\n|move|p1a: Suicune|Calm Mind|p1a: Suicune\n|-boost|p1a: Suicune|spa|1\n|-boost|p1a: Suicune|spd|1\n|\n|-weather|RainDance|[upkeep]\n|upkeep\n|turn|4\n|\n|t:|1662914910\n|move|p1a: Suicune|Protect|p1a: Suicune\n|-singleturn|p1a: Suicune|Protect\n|move|p2a: Blue Balls|Swords Dance|p2a: Blue Balls\n|-boost|p2a: Blue Balls|atk|2\n|\n|-weather|RainDance|[upkeep]\n|upkeep\n|turn|5\n|\n|t:|1662914913\n|move|p2a: Blue Balls|Poison Jab|p1a: Suicune\n|-damage|p1a: Suicune|26\/100\n|-status|p1a: Suicune|psn\n|-damage|p2a: Blue Balls|91\/100|[from] item: Life Orb\n|move|p1a: Suicune|Hydro Pump|p2a: Blue Balls\n|-resisted|p2a: Blue Balls\n|-damage|p2a: Blue Balls|0 fnt\n|faint|p2a: Blue Balls\n|\n|-weather|RainDance|[upkeep]\n|-heal|p1a: Suicune|33\/100 psn|[from] item: Leftovers\n|-damage|p1a: Suicune|20\/100 psn|[from] psn\n|upkeep\n|\n|t:|1662914921\n|switch|p2a: Kabutops|Kabutops, F|100\/100\n|turn|6\n|\n|t:|1662914926\n|switch|p1a: Latias|Latias, F|100\/100\n|move|p2a: Kabutops|Waterfall|p1a: Latias\n|-resisted|p1a: Latias\n|-damage|p1a: Latias|56\/100\n|-damage|p2a: Kabutops|91\/100|[from] item: Life Orb\n|\n|-weather|RainDance|[upkeep]\n|-heal|p1a: Latias|62\/100|[from] item: Leftovers\n|upkeep\n|turn|7\n|\n|t:|1662914929\n|switch|p1a: Swampert|Swampert, M|100\/100\n|move|p2a: Kabutops|Stone Edge|p1a: Swampert\n|-resisted|p1a: Swampert\n|-crit|p1a: Swampert\n|-damage|p1a: Swampert|32\/100\n|-damage|p2a: Kabutops|81\/100|[from] item: Life Orb\n|\n|-weather|RainDance|[upkeep]\n|-heal|p1a: Swampert|39\/100|[from] item: Leftovers\n|upkeep\n|turn|8\n|c|\u2606Mimikyu Stardust|mb\n|\n|t:|1662914938\n|switch|p1a: Latias|Latias, F|62\/100\n|move|p2a: Kabutops|Waterfall|p1a: Latias\n|-resisted|p1a: Latias\n|-damage|p1a: Latias|18\/100\n|-damage|p2a: Kabutops|72\/100|[from] item: Life Orb\n|\n|-weather|none\n|-heal|p1a: Latias|24\/100|[from] item: Leftovers\n|upkeep\n|turn|9\n|\n|t:|1662914942\n|switch|p2a: Blue Bell|Bronzong|100\/100\n|move|p1a: Latias|Recover|p1a: Latias\n|-heal|p1a: Latias|74\/100\n|\n|-heal|p1a: Latias|80\/100|[from] item: Leftovers\n|upkeep\n|turn|10\n|\n|t:|1662914950\n|switch|p1a: Swampert|Swampert, M|39\/100\n|move|p2a: Blue Bell|Rain Dance|p2a: Blue Bell\n|-weather|RainDance\n|\n|-weather|RainDance|[upkeep]\n|-heal|p1a: Swampert|45\/100|[from] item: Leftovers\n|upkeep\n|turn|11\n|\n|t:|1662914958\n|move|p1a: Swampert|Stealth Rock|p2a: Blue Bell\n|-sidestart|p2: Mimikyu Stardust|move: Stealth Rock\n|move|p2a: Blue Bell|Explosion|p1a: Swampert\n|-damage|p1a: Swampert|0 fnt\n|faint|p2a: Blue Bell\n|faint|p1a: Swampert\n|\n|-weather|RainDance|[upkeep]\n|upkeep\n|\n|t:|1662914967\n|switch|p1a: Suicune|Suicune|20\/100 psn\n|switch|p2a: Blue Naga|Kingdra, F|91\/100\n|-damage|p2a: Blue Naga|78\/100|[from] Stealth Rock\n|-ability|p1a: Suicune|Pressure\n|turn|12\n|\n|t:|1662914974\n|move|p1a: Suicune|Protect|p1a: Suicune\n|-singleturn|p1a: Suicune|Protect\n|move|p2a: Blue Naga|Dragon Pulse|p1a: Suicune\n|-activate|p1a: Suicune|Protect\n|\n|-weather|RainDance|[upkeep]\n|-heal|p1a: Suicune|26\/100 psn|[from] item: Leftovers\n|-damage|p1a: Suicune|14\/100 psn|[from] psn\n|upkeep\n|turn|13\n|\n|t:|1662914976\n|move|p1a: Suicune|Protect|p1a: Suicune\n|-singleturn|p1a: Suicune|Protect\n|move|p2a: Blue Naga|Dragon Pulse|p1a: Suicune\n|-activate|p1a: Suicune|Protect\n|\n|-weather|RainDance|[upkeep]\n|-heal|p1a: Suicune|20\/100 psn|[from] item: Leftovers\n|-damage|p1a: Suicune|7\/100 psn|[from] psn\n|upkeep\n|turn|14\n|\n|t:|1662914983\n|move|p1a: Suicune|Protect||[still]\n|-fail|p1a: Suicune\n|move|p2a: Blue Naga|Dragon Pulse|p1a: Suicune\n|-damage|p1a: Suicune|0 fnt\n|faint|p1a: Suicune\n|-damage|p2a: Blue Naga|68\/100|[from] item: Life Orb\n|\n|-weather|RainDance|[upkeep]\n|upkeep\n|\n|t:|1662914985\n|switch|p1a: Latias|Latias, F|80\/100\n|turn|15\n|\n|t:|1662914994\n|switch|p1a: Heatran|Heatran, F, shiny|100\/100\n|move|p2a: Blue Naga|Dragon Pulse|p1a: Heatran\n|-resisted|p1a: Heatran\n|-damage|p1a: Heatran|73\/100\n|-damage|p2a: Blue Naga|58\/100|[from] item: Life Orb\n|\n|-weather|RainDance|[upkeep]\n|-heal|p1a: Heatran|79\/100|[from] item: Leftovers\n|upkeep\n|turn|16\n|\n|t:|1662914999\n|move|p2a: Blue Naga|Surf|p1a: Heatran\n|-supereffective|p1a: Heatran\n|-damage|p1a: Heatran|0 fnt\n|faint|p1a: Heatran\n|-damage|p2a: Blue Naga|48\/100|[from] item: Life Orb\n|\n|-weather|RainDance|[upkeep]\n|upkeep\n|\n|t:|1662915002\n|switch|p1a: Metagross|Metagross|100\/100\n|turn|17\n|\n|t:|1662915005\n|switch|p1a: Latias|Latias, F|80\/100\n|move|p2a: Blue Naga|Surf|p1a: Latias\n|-resisted|p1a: Latias\n|-damage|p1a: Latias|46\/100\n|-damage|p2a: Blue Naga|39\/100|[from] item: Life Orb\n|\n|-weather|none\n|-heal|p1a: Latias|52\/100|[from] item: Leftovers\n|upkeep\n|turn|18\n|\n|t:|1662915013\n|move|p1a: Latias|Dragon Pulse|p2a: Blue Naga\n|-supereffective|p2a: Blue Naga\n|-damage|p2a: Blue Naga|0 fnt\n|faint|p2a: Blue Naga\n|\n|-heal|p1a: Latias|58\/100|[from] item: Leftovers\n|upkeep\n|\n|t:|1662915015\n|switch|p2a: Flygon|Flygon, M|100\/100\n|-damage|p2a: Flygon|95\/100|[from] Stealth Rock\n|turn|19\n|\n|t:|1662915022\n|switch|p1a: Metagross|Metagross|100\/100\n|move|p2a: Flygon|U-turn|p1a: Metagross\n|-damage|p1a: Metagross|83\/100\n|\n|t:|1662915025\n|switch|p2a: Kabutops|Kabutops, F|72\/100|[from]move: U-turn\n|-damage|p2a: Kabutops|59\/100|[from] Stealth Rock\n|\n|upkeep\n|turn|20\n|\n|t:|1662915029\n|move|p1a: Metagross|Meteor Mash|p2a: Kabutops\n|-damage|p2a: Kabutops|0 fnt\n|faint|p2a: Kabutops\n|\n|upkeep\n|c|\u2606gilbert arenas(|gg\n|\n|t:|1662915035\n|switch|p2a: Flygon|Flygon, M|95\/100\n|-damage|p2a: Flygon|89\/100|[from] Stealth Rock\n|turn|21\n|\n|t:|1662915037\n|move|p2a: Flygon|Outrage|p1a: Metagross\n|-resisted|p1a: Metagross\n|-damage|p1a: Metagross|59\/100\n|move|p1a: Metagross|Meteor Mash|p2a: Flygon\n|-damage|p2a: Flygon|20\/100\n|\n|upkeep\n|turn|22\n|c|\u2606Mimikyu Stardust|gg\n|\n|t:|1662915040\n|move|p2a: Flygon|Outrage|p1a: Metagross|[from]lockedmove\n|-resisted|p1a: Metagross\n|-damage|p1a: Metagross|36\/100\n|move|p1a: Metagross|Meteor Mash|p2a: Flygon\n|-damage|p2a: Flygon|0 fnt\n|faint|p2a: Flygon\n|\n|win|gilbert arenas(\n","uploadtime":1662915041,"views":13,"p1id":"gilbertarenas","p2id":"mimikyustardust","formatid":"gen4ou","rating":0,"private":0,"password":null}