{"id":"smogtours-gen4ou-647850","p1":"gilbert arenas(","p2":"Mimikyu Stardust","format":"gen4ou","log":"|inactive|Battle timer is ON: inactive players will automatically lose when time's up.\n|t:|1662915069\n|gametype|singles\n|player|p1|gilbert arenas(|#splxiiityrants|\n|player|p2|Mimikyu Stardust|#mimikyustardust|\n|teamsize|p1|6\n|teamsize|p2|6\n|gen|4\n|tier|[Gen 4] OU\n|rule|Sleep Clause Mod: Limit one foe put to sleep\n|rule|Species Clause: Limit one of each Pok\u00e9mon\n|rule|OHKO Clause: OHKO moves are banned\n|rule|Evasion Items Clause: Evasion items are banned\n|rule|Evasion Moves Clause: Evasion moves are banned\n|rule|Endless Battle Clause: Forcing endless battles is banned\n|rule|HP Percentage Mod: HP is shown in percentages\n|rule|Freeze Clause Mod: Limit one foe frozen\n|\n|t:|1662915069\n|start\n|switch|p1a: Azelf|Azelf|100\/100\n|switch|p2a: AAAAA|Jirachi|100\/100\n|turn|1\n|\n|t:|1662915072\n|move|p1a: Azelf|Thunder Wave|p2a: AAAAA\n|-status|p2a: AAAAA|par\n|-enditem|p2a: AAAAA|Lum Berry|[eat]\n|-curestatus|p2a: AAAAA|par|[msg]\n|move|p2a: AAAAA|Body Slam|p1a: Azelf\n|-damage|p1a: Azelf|72\/100\n|-status|p1a: Azelf|par\n|-enditem|p1a: Azelf|Lum Berry|[eat]\n|-curestatus|p1a: Azelf|par|[msg]\n|\n|upkeep\n|turn|2\n|c|\u2606Mimikyu Stardust|hf\n|\n|t:|1662915081\n|switch|p2a: AAAAA7|Rotom-Wash|100\/100\n|move|p1a: Azelf|Taunt|p2a: AAAAA7\n|-start|p2a: AAAAA7|move: Taunt\n|\n|upkeep\n|turn|3\n|\n|t:|1662915087\n|switch|p2a: AAAAA|Jirachi|100\/100\n|move|p1a: Azelf|Stealth Rock|p2a: AAAAA\n|-sidestart|p2: Mimikyu Stardust|move: Stealth Rock\n|\n|upkeep\n|turn|4\n|\n|t:|1662915091\n|move|p1a: Azelf|Taunt|p2a: AAAAA\n|-start|p2a: AAAAA|move: Taunt\n|cant|p2a: AAAAA|move: Taunt|Stealth Rock\n|\n|upkeep\n|turn|5\n|\n|t:|1662915093\n|move|p1a: Azelf|Thunder Wave|p2a: AAAAA\n|-status|p2a: AAAAA|par\n|move|p2a: AAAAA|Body Slam|p1a: Azelf\n|-damage|p1a: Azelf|43\/100\n|\n|upkeep\n|turn|6\n|\n|t:|1662915095\n|move|p1a: Azelf|Thunder Wave|p2a: AAAAA\n|-fail|p2a: AAAAA|par\n|move|p2a: AAAAA|Body Slam|p1a: Azelf\n|-damage|p1a: Azelf|14\/100\n|-status|p1a: Azelf|par\n|\n|upkeep\n|turn|7\n|\n|t:|1662915100\n|cant|p1a: Azelf|par\n|cant|p2a: AAAAA|par\n|\n|-end|p2a: AAAAA|move: Taunt\n|upkeep\n|turn|8\n|\n|t:|1662915102\n|cant|p1a: Azelf|par\n|move|p2a: AAAAA|Stealth Rock|p1a: Azelf\n|-sidestart|p1: gilbert arenas(|move: Stealth Rock\n|\n|upkeep\n|turn|9\n|\n|t:|1662915106\n|cant|p1a: Azelf|par\n|move|p2a: AAAAA|Body Slam|p1a: Azelf\n|-damage|p1a: Azelf|0 fnt\n|faint|p1a: Azelf\n|\n|upkeep\n|\n|t:|1662915108\n|switch|p1a: Gyarados|Gyarados, F|100\/100\n|-damage|p1a: Gyarados|76\/100|[from] Stealth Rock\n|-ability|p1a: Gyarados|Intimidate|boost\n|-unboost|p2a: AAAAA|atk|1\n|turn|10\n|\n|t:|1662915112\n|switch|p2a: AAAAA7|Rotom-Wash|100\/100\n|-damage|p2a: AAAAA7|88\/100|[from] Stealth Rock\n|move|p1a: Gyarados|Substitute|p1a: Gyarados\n|-start|p1a: Gyarados|Substitute\n|-damage|p1a: Gyarados|51\/100\n|\n|-heal|p1a: Gyarados|57\/100|[from] item: Leftovers\n|upkeep\n|turn|11\n|\n|t:|1662915114\n|move|p2a: AAAAA7|Thunderbolt|p1a: Gyarados\n|-supereffective|p1a: Gyarados\n|-end|p1a: Gyarados|Substitute\n|move|p1a: Gyarados|Waterfall|p2a: AAAAA7\n|-crit|p2a: AAAAA7\n|-damage|p2a: AAAAA7|0 fnt\n|faint|p2a: AAAAA7\n|\n|-heal|p1a: Gyarados|63\/100|[from] item: Leftovers\n|upkeep\n|\n|t:|1662915119\n|switch|p2a: AAAAA2|Tyranitar, M|100\/100\n|-damage|p2a: AAAAA2|88\/100|[from] Stealth Rock\n|-weather|Sandstorm|[from] ability: Sand Stream|[of] p2a: AAAAA2\n|turn|12\n|\n|t:|1662915122\n|move|p2a: AAAAA2|Crunch|p1a: Gyarados\n|-damage|p1a: Gyarados|7\/100\n|move|p1a: Gyarados|Waterfall|p2a: AAAAA2\n|-supereffective|p2a: AAAAA2\n|-damage|p2a: AAAAA2|2\/100\n|\n|-weather|Sandstorm|[upkeep]\n|-damage|p1a: Gyarados|1\/100|[from] Sandstorm\n|-heal|p1a: Gyarados|7\/100|[from] item: Leftovers\n|upkeep\n|turn|13\n|\n|t:|1662915127\n|move|p2a: AAAAA2|Crunch|p1a: Gyarados\n|-damage|p1a: Gyarados|0 fnt\n|faint|p1a: Gyarados\n|\n|-weather|Sandstorm|[upkeep]\n|upkeep\n|\n|t:|1662915129\n|switch|p1a: Tyranitar|Tyranitar, M|100\/100\n|-damage|p1a: Tyranitar|88\/100|[from] Stealth Rock\n|turn|14\n|\n|t:|1662915138\n|switch|p2a: AAAAA10|Skarmory, F|100\/100\n|-damage|p2a: AAAAA10|88\/100|[from] Stealth Rock\n|move|p1a: Tyranitar|Dragon Dance|p1a: Tyranitar\n|-boost|p1a: Tyranitar|atk|1\n|-boost|p1a: Tyranitar|spe|1\n|\n|-weather|Sandstorm|[upkeep]\n|-heal|p2a: AAAAA10|94\/100|[from] item: Leftovers\n|upkeep\n|turn|15\n|\n|t:|1662915141\n|move|p1a: Tyranitar|Fire Punch|p2a: AAAAA10\n|-supereffective|p2a: AAAAA10\n|-damage|p2a: AAAAA10|45\/100\n|-status|p2a: AAAAA10|brn\n|move|p2a: AAAAA10|Whirlwind|p1a: Tyranitar\n|drag|p1a: Jirachi|Jirachi|100\/100\n|-damage|p1a: Jirachi|94\/100|[from] Stealth Rock\n|\n|-weather|Sandstorm|[upkeep]\n|-heal|p2a: AAAAA10|51\/100 brn|[from] item: Leftovers\n|-damage|p2a: AAAAA10|39\/100 brn|[from] brn\n|upkeep\n|turn|16\n|\n|t:|1662915145\n|move|p1a: Jirachi|Thunder|p2a: AAAAA10|[miss]\n|-miss|p1a: Jirachi|p2a: AAAAA10\n|move|p2a: AAAAA10|Spikes|p1a: Jirachi\n|-sidestart|p1: gilbert arenas(|Spikes\n|\n|-weather|Sandstorm|[upkeep]\n|-heal|p2a: AAAAA10|45\/100 brn|[from] item: Leftovers\n|-damage|p2a: AAAAA10|33\/100 brn|[from] brn\n|upkeep\n|turn|17\n|\n|t:|1662915148\n|move|p1a: Jirachi|Thunder|p2a: AAAAA10\n|-supereffective|p2a: AAAAA10\n|-crit|p2a: AAAAA10\n|-damage|p2a: AAAAA10|0 fnt\n|faint|p2a: AAAAA10\n|\n|-weather|Sandstorm|[upkeep]\n|upkeep\n|\n|t:|1662915153\n|switch|p2a: AAAAAAAA|Flygon, F|100\/100\n|-damage|p2a: AAAAAAAA|95\/100|[from] Stealth Rock\n|turn|18\n|\n|t:|1662915155\n|move|p1a: Jirachi|Ice Punch|p2a: AAAAAAAA\n|-supereffective|p2a: AAAAAAAA\n|-damage|p2a: AAAAAAAA|0 fnt\n|faint|p2a: AAAAAAAA\n|\n|-weather|Sandstorm|[upkeep]\n|upkeep\n|\n|t:|1662915161\n|switch|p2a: AAAAA|Jirachi|100\/100 par\n|-damage|p2a: AAAAA|94\/100 par|[from] Stealth Rock\n|turn|19\n|\n|t:|1662915174\n|switch|p1a: Tyranitar|Tyranitar, M|88\/100\n|-damage|p1a: Tyranitar|76\/100|[from] Stealth Rock\n|-damage|p1a: Tyranitar|64\/100|[from] Spikes\n|move|p2a: AAAAA|Body Slam|p1a: Tyranitar\n|-resisted|p1a: Tyranitar\n|-damage|p1a: Tyranitar|52\/100\n|-status|p1a: Tyranitar|par\n|-enditem|p1a: Tyranitar|Lum Berry|[eat]\n|-curestatus|p1a: Tyranitar|par|[msg]\n|\n|-weather|Sandstorm|[upkeep]\n|upkeep\n|turn|20\n|\n|t:|1662915178\n|move|p1a: Tyranitar|Earthquake|p2a: AAAAA\n|-supereffective|p2a: AAAAA\n|-damage|p2a: AAAAA|30\/100 par\n|cant|p2a: AAAAA|par\n|\n|-weather|Sandstorm|[upkeep]\n|upkeep\n|turn|21\n|\n|t:|1662915182\n|switch|p2a: AAAAA2|Tyranitar, M|2\/100\n|-damage|p2a: AAAAA2|0 fnt|[from] Stealth Rock\n|faint|p2a: AAAAA2\n|move|p1a: Tyranitar|Earthquake|p2: AAAAA2|[notarget]\n|-notarget|p1a: Tyranitar\n|\n|-weather|Sandstorm|[upkeep]\n|upkeep\n|\n|t:|1662915184\n|switch|p2a: AAAAA3|Kingdra, F|100\/100\n|-damage|p2a: AAAAA3|88\/100|[from] Stealth Rock\n|turn|22\n|\n|t:|1662915187\n|move|p2a: AAAAA3|Rain Dance|p2a: AAAAA3\n|-weather|RainDance\n|move|p1a: Tyranitar|Crunch|p2a: AAAAA3\n|-damage|p2a: AAAAA3|38\/100\n|\n|-weather|RainDance|[upkeep]\n|-heal|p2a: AAAAA3|44\/100|[from] item: Leftovers\n|upkeep\n|turn|23\n|\n|t:|1662915199\n|switch|p1a: Latias|Latias, F|100\/100\n|-damage|p1a: Latias|88\/100|[from] Stealth Rock\n|move|p2a: AAAAA3|Surf|p1a: Latias\n|-resisted|p1a: Latias\n|-damage|p1a: Latias|56\/100\n|\n|-weather|RainDance|[upkeep]\n|-heal|p2a: AAAAA3|50\/100|[from] item: Leftovers\n|upkeep\n|turn|24\n|\n|t:|1662915216\n|move|p1a: Latias|Draco Meteor|p2a: AAAAA3\n|-supereffective|p2a: AAAAA3\n|-damage|p2a: AAAAA3|0 fnt\n|-unboost|p1a: Latias|spa|2\n|faint|p2a: AAAAA3\n|\n|-weather|RainDance|[upkeep]\n|upkeep\n|c|\u2606gilbert arenas(|gg\n|c|\u2606Mimikyu Stardust|gg\n|-message|Mimikyu Stardust forfeited.\n|\n|win|gilbert arenas(\n","uploadtime":1662915226,"views":29,"p1id":"gilbertarenas","p2id":"mimikyustardust","formatid":"gen4ou","rating":0,"private":0,"password":null}