{"id":"smogtours-gen4pu-640290","p1":"BAGOFTRIXX","p2":"Skysolo \u2764","format":"gen4pu","log":"|inactive|Battle timer is ON: inactive players will automatically lose when time's up.\n|t:|1658700328\n|gametype|singles\n|player|p1|BAGOFTRIXX|acetrainersnow|\n|player|p2|Skysolo \u2764|#pspl2019ubers|\n|teamsize|p1|6\n|teamsize|p2|6\n|gen|4\n|tier|[Gen 4] PU\n|rule|Sleep Clause Mod: Limit one foe put to sleep\n|rule|Species Clause: Limit one of each Pok\u00e9mon\n|rule|OHKO Clause: OHKO moves are banned\n|rule|Evasion Moves Clause: Evasion moves are banned\n|rule|Endless Battle Clause: Forcing endless battles is banned\n|rule|HP Percentage Mod: HP is shown in percentages\n|rule|Baton Pass Clause: Limit one Baton Passer, can't pass Spe and other stats simultaneously\n|\n|t:|1658700328\n|start\n|switch|p1a: Magmar|Magmar, F|100\/100\n|switch|p2a: Relicanth|Relicanth, M|100\/100\n|turn|1\n|c|\u2606BAGOFTRIXX|hf\n|c|\u2606Skysolo \u2764|u2\n|inactive|BAGOFTRIXX has 270 seconds left.\n|inactive|Skysolo \u2764 has 270 seconds left.\n|inactive|BAGOFTRIXX has 240 seconds left.\n|inactive|Skysolo \u2764 has 240 seconds left.\n|c|+SpacialRendevous|goooo trixx \n|inactive|BAGOFTRIXX has 210 seconds left.\n|inactive|Skysolo \u2764 has 210 seconds left.\n|inactive|BAGOFTRIXX has 180 seconds left.\n|\n|t:|1658700449\n|switch|p2a: Misdreavus|Misdreavus, M|100\/100\n|move|p1a: Magmar|Hidden Power|p2a: Misdreavus\n|-damage|p2a: Misdreavus|69\/100\n|-damage|p1a: Magmar|91\/100|[from] item: Life Orb\n|\n|-heal|p2a: Misdreavus|75\/100|[from] item: Leftovers\n|upkeep\n|turn|2\n|inactive|Skysolo \u2764 has 270 seconds left.\n|inactive|BAGOFTRIXX has 240 seconds left.\n|inactive|Skysolo \u2764 has 240 seconds left.\n|inactive|BAGOFTRIXX has 210 seconds left.\n|\n|t:|1658700502\n|move|p1a: Magmar|Fire Blast|p2a: Misdreavus\n|-damage|p2a: Misdreavus|0 fnt\n|faint|p2a: Misdreavus\n|-damage|p1a: Magmar|81\/100|[from] item: Life Orb\n|\n|upkeep\n|\n|t:|1658700512\n|switch|p2a: Golduck|Golduck, F|100\/100\n|turn|3\n|inactive|BAGOFTRIXX has 210 seconds left.\n|inactive|BAGOFTRIXX has 180 seconds left.\n|inactive|BAGOFTRIXX has 150 seconds left.\n|\n|t:|1658700579\n|switch|p1a: Grovyle|Grovyle, F|100\/100\n|move|p2a: Golduck|Calm Mind|p2a: Golduck\n|-boost|p2a: Golduck|spa|1\n|-boost|p2a: Golduck|spd|1\n|\n|upkeep\n|turn|4\n|inactive|BAGOFTRIXX has 150 seconds left.\n|inactive|Skysolo \u2764 has 210 seconds left.\n|\n|t:|1658700613\n|move|p1a: Grovyle|Leaf Storm|p2a: Golduck|[miss]\n|-miss|p1a: Grovyle|p2a: Golduck\n|move|p2a: Golduck|Ice Beam|p1a: Grovyle\n|-supereffective|p1a: Grovyle\n|-damage|p1a: Grovyle|0 fnt\n|faint|p1a: Grovyle\n|\n|upkeep\n|\n|t:|1658700624\n|switch|p1a: Purugly|Purugly, M|100\/100\n|turn|5\n|inactive|Skysolo \u2764 has 210 seconds left.\n|c|+Luthier|noo\n|inactive|BAGOFTRIXX has 120 seconds left.\n|\n|t:|1658700645\n|switch|p2a: Relicanth|Relicanth, M|100\/100\n|move|p1a: Purugly|Fake Out|p2a: Relicanth\n|-resisted|p2a: Relicanth\n|-damage|p2a: Relicanth|93\/100\n|-damage|p1a: Purugly|91\/100|[from] item: Life Orb\n|\n|upkeep\n|turn|6\n|\n|t:|1658700659\n|move|p1a: Purugly|Hidden Power|p2a: Relicanth\n|-supereffective|p2a: Relicanth\n|-damage|p2a: Relicanth|18\/100\n|-damage|p1a: Purugly|81\/100|[from] item: Life Orb\n|move|p2a: Relicanth|Head Smash|p1a: Purugly|[miss]\n|-miss|p2a: Relicanth|p1a: Purugly\n|\n|upkeep\n|turn|7\n|\n|t:|1658700673\n|move|p1a: Purugly|Hidden Power|p2a: Relicanth\n|-supereffective|p2a: Relicanth\n|-damage|p2a: Relicanth|0 fnt\n|faint|p2a: Relicanth\n|-damage|p1a: Purugly|71\/100|[from] item: Life Orb\n|\n|upkeep\n|\n|t:|1658700688\n|switch|p2a: Zangoose|Zangoose, F|100\/100\n|turn|8\n|inactive|BAGOFTRIXX has 150 seconds left.\n|inactive|BAGOFTRIXX has 120 seconds left.\n|\n|t:|1658700733\n|switch|p1a: Metang|Metang|100\/100\n|move|p2a: Zangoose|Close Combat|p1a: Metang\n|-damage|p1a: Metang|54\/100\n|-unboost|p2a: Zangoose|def|1\n|-unboost|p2a: Zangoose|spd|1\n|\n|-heal|p1a: Metang|60\/100|[from] item: Leftovers\n|upkeep\n|turn|9\n|inactive|BAGOFTRIXX has 90 seconds left.\n|\n|t:|1658700776\n|switch|p2a: Golduck|Golduck, F|100\/100\n|move|p1a: Metang|Stealth Rock|p2a: Golduck\n|-sidestart|p2: Skysolo \u2764|move: Stealth Rock\n|\n|-heal|p1a: Metang|66\/100|[from] item: Leftovers\n|upkeep\n|turn|10\n|\n|t:|1658700787\n|move|p2a: Golduck|Surf|p1a: Metang\n|-damage|p1a: Metang|2\/100\n|move|p1a: Metang|Explosion|p2a: Golduck\n|-damage|p2a: Golduck|0 fnt\n|faint|p1a: Metang\n|faint|p2a: Golduck\n|\n|upkeep\n|\n|t:|1658700800\n|switch|p2a: Seviper|Seviper, M|100\/100\n|switch|p1a: Purugly|Purugly, M|71\/100\n|-damage|p2a: Seviper|88\/100|[from] Stealth Rock\n|turn|11\n|\n|t:|1658700805\n|move|p1a: Purugly|Fake Out|p2a: Seviper\n|-damage|p2a: Seviper|54\/100\n|-damage|p1a: Purugly|61\/100|[from] item: Life Orb\n|cant|p2a: Seviper|flinch\n|\n|upkeep\n|turn|12\n|inactive|BAGOFTRIXX has 90 seconds left.\n|inactive|Skysolo \u2764 has 210 seconds left.\n|\n|t:|1658700837\n|move|p2a: Seviper|Sucker Punch|p1a: Purugly\n|-crit|p1a: Purugly\n|-damage|p1a: Purugly|0 fnt\n|faint|p1a: Purugly\n|-damage|p2a: Seviper|44\/100|[from] item: Life Orb\n|\n|upkeep\n|\n|t:|1658700846\n|switch|p1a: Golduck|Golduck, F|100\/100\n|turn|13\n|\n|t:|1658700852\n|move|p2a: Seviper|Sucker Punch|p1a: Golduck\n|-damage|p1a: Golduck|56\/100\n|-damage|p2a: Seviper|34\/100|[from] item: Life Orb\n|move|p1a: Golduck|Surf|p2a: Seviper\n|-damage|p2a: Seviper|0 fnt\n|faint|p2a: Seviper\n|\n|upkeep\n|\n|t:|1658700859\n|switch|p2a: Zangoose|Zangoose, F|100\/100\n|-damage|p2a: Zangoose|88\/100|[from] Stealth Rock\n|turn|14\n|\n|t:|1658700865\n|move|p2a: Zangoose|Return|p1a: Golduck\n|-damage|p1a: Golduck|0 fnt\n|faint|p1a: Golduck\n|\n|upkeep\n|\n|t:|1658700869\n|switch|p1a: Rhydon|Rhydon, M|100\/100\n|turn|15\n|\n|t:|1658700878\n|switch|p2a: Murkrow|Murkrow, M|100\/100\n|-damage|p2a: Murkrow|76\/100|[from] Stealth Rock\n|move|p1a: Rhydon|Rock Polish|p1a: Rhydon\n|-boost|p1a: Rhydon|spe|2\n|\n|upkeep\n|turn|16\n|inactive|Skysolo \u2764 has 240 seconds left.\n|\n|t:|1658700891\n|move|p1a: Rhydon|Stone Edge|p2a: Murkrow\n|-supereffective|p2a: Murkrow\n|-crit|p2a: Murkrow\n|-damage|p2a: Murkrow|0 fnt\n|faint|p2a: Murkrow\n|\n|upkeep\n|\n|t:|1658700896\n|switch|p2a: Zangoose|Zangoose, F|88\/100\n|-damage|p2a: Zangoose|76\/100|[from] Stealth Rock\n|turn|17\n|\n|t:|1658700898\n|move|p2a: Zangoose|Close Combat|p1a: Rhydon\n|-supereffective|p1a: Rhydon\n|-damage|p1a: Rhydon|42\/100\n|-unboost|p2a: Zangoose|def|1\n|-unboost|p2a: Zangoose|spd|1\n|move|p1a: Rhydon|Earthquake|p2a: Zangoose\n|-damage|p2a: Zangoose|0 fnt\n|faint|p2a: Zangoose\n|\n|win|BAGOFTRIXX\n|c|\u2606BAGOFTRIXX|gg\n","uploadtime":1658700900,"views":226,"p1id":"bagoftrixx","p2id":"skysolo","formatid":"gen4pu","rating":0,"private":0,"password":null}