{"id":"smogtours-gen3ou-646644","p1":"Faygos","p2":"hump","format":"gen3ou","log":"|inactive|Battle timer is ON: inactive players will automatically lose when time's up.\n|t:|1662329174\n|gametype|singles\n|player|p1|Faygos|265|\n|player|p2|hump|dawn-masters|\n|teamsize|p1|6\n|teamsize|p2|6\n|gen|3\n|tier|[Gen 3] OU\n|rule|Sleep Clause Mod: Limit one foe put to sleep\n|rule|Switch Priority Clause Mod: Faster Pok\u00e9mon switch first\n|rule|Species Clause: Limit one of each Pok\u00e9mon\n|rule|OHKO Clause: OHKO moves are banned\n|rule|Evasion Items Clause: Evasion items are banned\n|rule|Evasion Moves Clause: Evasion moves are banned\n|rule|Endless Battle Clause: Forcing endless battles is banned\n|rule|HP Percentage Mod: HP is shown in percentages\n|rule|One Boost Passer Clause: Limit one Baton Passer that has a way to boost its stats\n|rule|Freeze Clause Mod: Limit one foe frozen\n|\n|t:|1662329174\n|start\n|switch|p1a: Whacha|Salamence, F, shiny|100\/100\n|switch|p2a: Whacha|Salamence, M, shiny|100\/100\n|-ability|p1a: Whacha|Intimidate|boost\n|-unboost|p2a: Whacha|atk|1\n|-ability|p2a: Whacha|Intimidate|boost\n|-unboost|p1a: Whacha|atk|1\n|turn|1\n|inactive|Faygos also wants the timer to be on.\n|inactive|hump also wants the timer to be on.\n|inactive|Faygos has 270 seconds left.\n|\n|t:|1662329211\n|switch|p1a: Rolling Down|Gyarados, F, shiny|100\/100\n|-ability|p1a: Rolling Down|Intimidate|boost\n|-unboost|p2a: Whacha|atk|1\n|switch|p2a: The|Magneton, shiny|100\/100\n|\n|upkeep\n|turn|2\n|\n|t:|1662329220\n|switch|p2a: Rolling Down|Gyarados, M, shiny|100\/100\n|-ability|p2a: Rolling Down|Intimidate|boost\n|-unboost|p1a: Rolling Down|atk|1\n|move|p1a: Rolling Down|Dragon Dance|p1a: Rolling Down\n|-boost|p1a: Rolling Down|atk|1\n|-boost|p1a: Rolling Down|spe|1\n|\n|upkeep\n|turn|3\n|\n|t:|1662329227\n|switch|p2a: Deep|Snorlax, M, shiny|100\/100\n|move|p1a: Rolling Down|Taunt|p2a: Deep\n|-start|p2a: Deep|move: Taunt\n|\n|upkeep\n|turn|4\n|\n|t:|1662329240\n|move|p1a: Rolling Down|Earthquake|p2a: Deep\n|-damage|p2a: Deep|71\/100\n|move|p2a: Deep|Earthquake|p1a: Rolling Down\n|-immune|p1a: Rolling Down\n|\n|-heal|p2a: Deep|77\/100|[from] item: Leftovers\n|-end|p2a: Deep|move: Taunt|[silent]\n|upkeep\n|turn|5\n|\n|t:|1662329244\n|switch|p1a: Know About|Aerodactyl, M, shiny|100\/100\n|move|p2a: Deep|Earthquake|p1a: Know About\n|-immune|p1a: Know About\n|\n|-heal|p2a: Deep|83\/100|[from] item: Leftovers\n|upkeep\n|turn|6\n|\n|t:|1662329252\n|move|p1a: Know About|Substitute|p1a: Know About\n|-start|p1a: Know About|Substitute\n|-damage|p1a: Know About|76\/100\n|move|p2a: Deep|Shadow Ball|p1a: Know About\n|-end|p1a: Know About|Substitute\n|\n|-heal|p2a: Deep|89\/100|[from] item: Leftovers\n|upkeep\n|turn|7\n|\n|t:|1662329259\n|switch|p2a: In|Celebi|100\/100\n|move|p1a: Know About|Rock Slide|p2a: In\n|-damage|p2a: In|73\/100\n|\n|-heal|p2a: In|80\/100|[from] item: Leftovers\n|upkeep\n|turn|8\n|\n|t:|1662329261\n|move|p1a: Know About|Fly||[still]\n|-prepare|p1a: Know About|Fly\n|move|p2a: In|Ancient Power|p1a: Know About|[miss]\n|-miss|p2a: In|p1a: Know About\n|\n|-heal|p2a: In|86\/100|[from] item: Leftovers\n|upkeep\n|turn|9\n|\n|t:|1662329266\n|switch|p2a: Whacha|Salamence, M, shiny|100\/100\n|-ability|p2a: Whacha|Intimidate|boost\n|-unboost|p1a: Know About|atk|1\n|move|p1a: Know About|Fly|p2a: Whacha|[from]lockedmove\n|-damage|p2a: Whacha|75\/100\n|\n|-heal|p2a: Whacha|81\/100|[from] item: Leftovers\n|upkeep\n|turn|10\n|\n|t:|1662329271\n|switch|p1a: Rolling Down|Gyarados, F, shiny|100\/100\n|-ability|p1a: Rolling Down|Intimidate|boost\n|-unboost|p2a: Whacha|atk|1\n|switch|p2a: In|Celebi|86\/100\n|\n|-heal|p2a: In|92\/100|[from] item: Leftovers\n|upkeep\n|turn|11\n|\n|t:|1662329278\n|switch|p1a: In|Celebi|100\/100\n|move|p2a: In|Swords Dance|p2a: In\n|-boost|p2a: In|atk|2\n|\n|-heal|p2a: In|98\/100|[from] item: Leftovers\n|upkeep\n|turn|12\n|\n|t:|1662329283\n|switch|p1a: Deep|Snorlax, M, shiny|100\/100\n|move|p2a: In|Shadow Ball|p1a: Deep\n|-immune|p1a: Deep\n|\n|-heal|p2a: In|100\/100|[from] item: Leftovers\n|upkeep\n|turn|13\n|\n|t:|1662329292\n|move|p2a: In|Baton Pass|p2a: In\n|\n|t:|1662329294\n|switch|p2a: Rolling Down|Gyarados, M, shiny|100\/100|[from]move: Baton Pass\n|-ability|p2a: Rolling Down|Intimidate|boost\n|-unboost|p1a: Deep|atk|1\n|move|p1a: Deep|Self-Destruct|p2a: Rolling Down\n|-damage|p2a: Rolling Down|0 fnt\n|faint|p1a: Deep\n|faint|p2a: Rolling Down\n|\n|t:|1662329300\n|switch|p2a: In|Celebi|100\/100\n|switch|p1a: In|Celebi|100\/100\n|\n|upkeep\n|turn|14\n|\n|t:|1662329302\n|move|p1a: In|Swords Dance|p1a: In\n|-boost|p1a: In|atk|2\n|move|p2a: In|Shadow Ball|p1a: In\n|-supereffective|p1a: In\n|-damage|p1a: In|72\/100\n|\n|-heal|p1a: In|78\/100|[from] item: Leftovers\n|upkeep\n|turn|15\n|\n|t:|1662329306\n|switch|p2a: Deep|Snorlax, M, shiny|89\/100\n|move|p1a: In|Shadow Ball|p2a: Deep\n|-immune|p2a: Deep\n|\n|-heal|p1a: In|84\/100|[from] item: Leftovers\n|-heal|p2a: Deep|96\/100|[from] item: Leftovers\n|upkeep\n|turn|16\n|\n|t:|1662329311\n|move|p1a: In|Baton Pass|p1a: In\n|\n|t:|1662329318\n|switch|p1a: The|Magneton, shiny|100\/100|[from]move: Baton Pass\n|move|p2a: Deep|Self-Destruct|p1a: The\n|-resisted|p1a: The\n|-damage|p1a: The|0 fnt\n|faint|p2a: Deep\n|faint|p1a: The\n|\n|t:|1662329328\n|switch|p1a: In|Celebi|84\/100\n|switch|p2a: Know About|Aerodactyl, F, shiny|100\/100\n|\n|-heal|p1a: In|91\/100|[from] item: Leftovers\n|upkeep\n|turn|17\n|c|+justdelemon|in\n|c|\u2606hump|facts\n|\n|t:|1662329345\n|move|p2a: Know About|Substitute|p2a: Know About\n|-start|p2a: Know About|Substitute\n|-damage|p2a: Know About|76\/100\n|move|p1a: In|Swords Dance|p1a: In\n|-boost|p1a: In|atk|2\n|\n|-heal|p1a: In|97\/100|[from] item: Leftovers\n|upkeep\n|turn|18\n|\n|t:|1662329351\n|move|p2a: Know About|Rock Slide|p1a: In\n|-damage|p1a: In|70\/100\n|cant|p1a: In|flinch\n|\n|-heal|p1a: In|76\/100|[from] item: Leftovers\n|upkeep\n|turn|19\n|\n|t:|1662329354\n|move|p2a: Know About|Fly||[still]\n|-prepare|p2a: Know About|Fly\n|move|p1a: In|Ancient Power|p2a: Know About|[miss]\n|-miss|p1a: In|p2a: Know About\n|\n|-heal|p1a: In|82\/100|[from] item: Leftovers\n|upkeep\n|turn|20\n|\n|t:|1662329357\n|move|p2a: Know About|Fly|p1a: In|[from]lockedmove\n|-supereffective|p1a: In\n|-damage|p1a: In|31\/100\n|move|p1a: In|Baton Pass|p1a: In\n|\n|t:|1662329362\n|switch|p1a: Rolling Down|Gyarados, F, shiny|100\/100|[from]move: Baton Pass\n|\n|upkeep\n|turn|21\n|c|\u2606hump|2 obv\n|\n|t:|1662329368\n|move|p2a: Know About|Rock Slide|p1a: Rolling Down\n|-supereffective|p1a: Rolling Down\n|-damage|p1a: Rolling Down|24\/100\n|move|p1a: Rolling Down|Dragon Dance|p1a: Rolling Down\n|-boost|p1a: Rolling Down|atk|1\n|-boost|p1a: Rolling Down|spe|1\n|\n|-heal|p1a: Rolling Down|30\/100|[from] item: Leftovers\n|upkeep\n|turn|22\n|\n|t:|1662329370\n|move|p1a: Rolling Down|Hidden Power|p2a: Know About\n|-supereffective|p2a: Know About\n|-end|p2a: Know About|Substitute\n|move|p2a: Know About|Rock Slide|p1a: Rolling Down\n|-supereffective|p1a: Rolling Down\n|-damage|p1a: Rolling Down|0 fnt\n|faint|p1a: Rolling Down\n|\n|t:|1662329374\n|switch|p1a: Know About|Aerodactyl, M, shiny|76\/100\n|\n|upkeep\n|turn|23\n|\n|t:|1662329376\n|switch|p2a: In|Celebi|100\/100\n|move|p1a: Know About|Rock Slide|p2a: In|[miss]\n|-miss|p1a: Know About|p2a: In\n|\n|upkeep\n|turn|24\n|\n|t:|1662329380\n|move|p1a: Know About|Substitute|p1a: Know About\n|-start|p1a: Know About|Substitute\n|-damage|p1a: Know About|51\/100\n|move|p2a: In|Shadow Ball|p1a: Know About\n|-end|p1a: Know About|Substitute\n|\n|upkeep\n|turn|25\n|\n|t:|1662329382\n|move|p1a: Know About|Fly||[still]\n|-prepare|p1a: Know About|Fly\n|move|p2a: In|Ancient Power|p1a: Know About|[miss]\n|-miss|p2a: In|p1a: Know About\n|\n|upkeep\n|turn|26\n|\n|t:|1662329384\n|switch|p2a: Whacha|Salamence, M, shiny|81\/100\n|-ability|p2a: Whacha|Intimidate|boost\n|-unboost|p1a: Know About|atk|1\n|move|p1a: Know About|Fly|p2a: Whacha|[from]lockedmove\n|-damage|p2a: Whacha|56\/100\n|\n|-heal|p2a: Whacha|62\/100|[from] item: Leftovers\n|upkeep\n|turn|27\n|\n|t:|1662329388\n|switch|p1a: Whacha|Salamence, F, shiny|100\/100\n|-ability|p1a: Whacha|Intimidate|boost\n|-unboost|p2a: Whacha|atk|1\n|move|p2a: Whacha|Fire Blast|p1a: Whacha\n|-resisted|p1a: Whacha\n|-damage|p1a: Whacha|75\/100\n|-status|p1a: Whacha|brn\n|\n|-heal|p2a: Whacha|68\/100|[from] item: Leftovers\n|-heal|p1a: Whacha|81\/100 brn|[from] item: Leftovers\n|-damage|p1a: Whacha|68\/100 brn|[from] brn\n|upkeep\n|turn|28\n|\n|t:|1662329391\n|move|p1a: Whacha|Wish|p1a: Whacha\n|move|p2a: Whacha|Wish|p2a: Whacha\n|\n|-heal|p1a: Whacha|75\/100 brn|[from] item: Leftovers\n|-heal|p2a: Whacha|75\/100|[from] item: Leftovers\n|-damage|p1a: Whacha|62\/100 brn|[from] brn\n|upkeep\n|turn|29\n|\n|t:|1662329395\n|switch|p1a: Know About|Aerodactyl, M, shiny|51\/100\n|move|p2a: Whacha|Fire Blast|p1a: Know About|[miss]\n|-miss|p2a: Whacha|p1a: Know About\n|\n|-heal|p1a: Know About|100\/100|[from] move: Wish|[wisher] Whacha\n|-heal|p2a: Whacha|100\/100|[from] move: Wish|[wisher] Whacha\n|upkeep\n|turn|30\n|\n|t:|1662329399\n|switch|p2a: In|Celebi|100\/100\n|move|p1a: Know About|Substitute|p1a: Know About\n|-start|p1a: Know About|Substitute\n|-damage|p1a: Know About|76\/100\n|\n|upkeep\n|turn|31\n|\n|t:|1662329402\n|move|p1a: Know About|Fly||[still]\n|-prepare|p1a: Know About|Fly\n|move|p2a: In|Shadow Ball|p1a: Know About|[miss]\n|-miss|p2a: In|p1a: Know About\n|\n|upkeep\n|turn|32\n|\n|t:|1662329406\n|move|p1a: Know About|Fly|p2a: In|[from]lockedmove\n|-supereffective|p2a: In\n|-damage|p2a: In|56\/100\n|move|p2a: In|Shadow Ball|p1a: Know About\n|-crit|p1a: Know About\n|-end|p1a: Know About|Substitute\n|\n|-heal|p2a: In|62\/100|[from] item: Leftovers\n|upkeep\n|turn|33\n|\n|t:|1662329410\n|move|p1a: Know About|Substitute|p1a: Know About\n|-start|p1a: Know About|Substitute\n|-damage|p1a: Know About|51\/100\n|move|p2a: In|Baton Pass|p2a: In\n|\n|t:|1662329413\n|switch|p2a: The|Magneton, shiny|100\/100|[from]move: Baton Pass\n|\n|upkeep\n|turn|34\n|\n|t:|1662329417\n|switch|p2a: In|Celebi|62\/100\n|move|p1a: Know About|Fly||[still]\n|-prepare|p1a: Know About|Fly\n|\n|-heal|p2a: In|68\/100|[from] item: Leftovers\n|upkeep\n|turn|35\n|\n|t:|1662329420\n|switch|p2a: The|Magneton, shiny|100\/100\n|move|p1a: Know About|Fly|p2a: The|[from]lockedmove\n|-resisted|p2a: The\n|-damage|p2a: The|92\/100\n|\n|upkeep\n|turn|36\n|\n|t:|1662329424\n|move|p1a: Know About|Earthquake|p2a: The\n|-supereffective|p2a: The\n|-damage|p2a: The|0 fnt\n|faint|p2a: The\n|\n|t:|1662329426\n|switch|p2a: In|Celebi|68\/100\n|\n|-heal|p2a: In|74\/100|[from] item: Leftovers\n|upkeep\n|turn|37\n|\n|t:|1662329428\n|move|p1a: Know About|Fly||[still]\n|-prepare|p1a: Know About|Fly\n|move|p2a: In|Swords Dance|p2a: In\n|-boost|p2a: In|atk|2\n|\n|-heal|p2a: In|80\/100|[from] item: Leftovers\n|upkeep\n|turn|38\n|\n|t:|1662329430\n|move|p1a: Know About|Fly|p2a: In|[from]lockedmove\n|-supereffective|p2a: In\n|-crit|p2a: In\n|-damage|p2a: In|0 fnt\n|faint|p2a: In\n|c|\u2606hump|ok\n|c|\u2606Faygos|ok\n|\n|t:|1662329434\n|switch|p2a: Know About|Aerodactyl, F, shiny|76\/100\n|\n|upkeep\n|turn|39\n|\n|t:|1662329437\n|move|p1a: Know About|Rock Slide|p2a: Know About\n|-supereffective|p2a: Know About\n|-damage|p2a: Know About|0 fnt\n|faint|p2a: Know About\n|c|\u2606hump|im out\n|c|\u2606hump|gg\n|-message|hump forfeited.\n|\n|win|Faygos\n","uploadtime":1662329443,"views":12,"p1id":"faygos","p2id":"hump","formatid":"gen3ou","rating":0,"private":0,"password":null}