{"id":"smogtours-gen3ubers-628242","p1":"Raph369","p2":"ckw","format":"gen3ubers","log":"|inactive|Battle timer is ON: inactive players will automatically lose when time's up.\n|t:|1653513142\n|gametype|singles\n|player|p1|Raph369|archer|\n|player|p2|ckw|#wcop2021canada|\n|teamsize|p1|6\n|teamsize|p2|6\n|gen|3\n|tier|[Gen 3] Ubers\n|rule|Sleep Clause Mod: Limit one foe put to sleep\n|rule|Switch Priority Clause Mod: Faster Pok\u00e9mon switch first\n|rule|Species Clause: Limit one of each Pok\u00e9mon\n|rule|OHKO Clause: OHKO moves are banned\n|rule|Evasion Moves Clause: Evasion moves are banned\n|rule|Endless Battle Clause: Forcing endless battles is banned\n|rule|HP Percentage Mod: HP is shown in percentages\n|rule|Deoxys Camouflage Clause: Reveals the Deoxys forme when it is sent in battle.\n|rule|One Baton Pass Clause: Limit one Baton Passer\n|\n|t:|1653513142\n|start\n|switch|p1a: Slaking|Slaking, M|100\/100\n|switch|p2a: Heracross|Heracross, M|100\/100\n|turn|1\n|c|\u2606Raph369|hf\n|c|\u2606ckw|hf\n|\n|t:|1653513150\n|switch|p2a: Skarmory|Skarmory, M|100\/100\n|move|p1a: Slaking|Double-Edge|p2a: Skarmory\n|-resisted|p2a: Skarmory\n|-crit|p2a: Skarmory\n|-damage|p2a: Skarmory|30\/100\n|-damage|p1a: Slaking|83\/100|[from] Recoil|[of] p2a: Skarmory\n|\n|-heal|p2a: Skarmory|36\/100|[from] item: Leftovers\n|upkeep\n|turn|2\n|\n|t:|1653513157\n|switch|p1a: Kyogre|Kyogre|100\/100\n|-weather|RainDance|[from] ability: Drizzle|[of] p1a: Kyogre\n|move|p2a: Skarmory|Spikes|p1a: Kyogre\n|-sidestart|p1: Raph369|Spikes\n|\n|-weather|RainDance|[upkeep]\n|-heal|p2a: Skarmory|42\/100|[from] item: Leftovers\n|upkeep\n|turn|3\n|\n|t:|1653513163\n|switch|p2a: Groudon|Groudon|100\/100\n|-weather|SunnyDay|[from] ability: Drought|[of] p2a: Groudon\n|move|p1a: Kyogre|Ice Beam|p2a: Groudon\n|-supereffective|p2a: Groudon\n|-damage|p2a: Groudon|45\/100\n|\n|-weather|SunnyDay|[upkeep]\n|-heal|p2a: Groudon|51\/100|[from] item: Leftovers\n|upkeep\n|turn|4\n|\n|t:|1653513168\n|switch|p2a: Snorlax|Snorlax, M|100\/100\n|move|p1a: Kyogre|Ice Beam|p2a: Snorlax\n|-damage|p2a: Snorlax|89\/100\n|\n|-weather|SunnyDay|[upkeep]\n|-heal|p2a: Snorlax|96\/100|[from] item: Leftovers\n|upkeep\n|turn|5\n|\n|t:|1653513171\n|switch|p1a: Metagross|Metagross|100\/100\n|-damage|p1a: Metagross|88\/100|[from] Spikes\n|move|p2a: Snorlax|Body Slam|p1a: Metagross\n|-resisted|p1a: Metagross\n|-damage|p1a: Metagross|76\/100\n|-status|p1a: Metagross|par\n|\n|-weather|SunnyDay|[upkeep]\n|-heal|p2a: Snorlax|100\/100|[from] item: Leftovers\n|-heal|p1a: Metagross|82\/100 par|[from] item: Leftovers\n|upkeep\n|turn|6\n|\n|t:|1653513177\n|switch|p2a: Skarmory|Skarmory, M|42\/100\n|switch|p1a: Kyogre|Kyogre|100\/100\n|-damage|p1a: Kyogre|88\/100|[from] Spikes\n|-weather|RainDance|[from] ability: Drizzle|[of] p1a: Kyogre\n|\n|-weather|RainDance|[upkeep]\n|-heal|p1a: Kyogre|94\/100|[from] item: Leftovers\n|-heal|p2a: Skarmory|48\/100|[from] item: Leftovers\n|upkeep\n|turn|7\n|\n|t:|1653513187\n|switch|p2a: Latios|Latios, M|100\/100\n|move|p1a: Kyogre|Ice Beam|p2a: Latios\n|-supereffective|p2a: Latios\n|-damage|p2a: Latios|44\/100\n|-status|p2a: Latios|frz\n|\n|-weather|RainDance|[upkeep]\n|-heal|p1a: Kyogre|100\/100|[from] item: Leftovers\n|upkeep\n|turn|8\n|c|\u2606Raph369|mb\n|\n|t:|1653513193\n|switch|p2a: Snorlax|Snorlax, M|100\/100\n|switch|p1a: Snorlax|Snorlax, F|100\/100\n|-damage|p1a: Snorlax|88\/100|[from] Spikes\n|\n|-weather|RainDance|[upkeep]\n|-heal|p1a: Snorlax|94\/100|[from] item: Leftovers\n|upkeep\n|turn|9\n|\n|t:|1653513197\n|switch|p2a: Skarmory|Skarmory, M|48\/100\n|move|p1a: Snorlax|Self-Destruct|p2a: Skarmory\n|-resisted|p2a: Skarmory\n|-damage|p2a: Skarmory|0 fnt\n|faint|p1a: Snorlax\n|faint|p2a: Skarmory\n|\n|t:|1653513208\n|switch|p2a: Groudon|Groudon|51\/100\n|switch|p1a: Slaking|Slaking, M|83\/100\n|-damage|p1a: Slaking|70\/100|[from] Spikes\n|-weather|SunnyDay|[from] ability: Drought|[of] p2a: Groudon\n|\n|-weather|SunnyDay|[upkeep]\n|-heal|p2a: Groudon|57\/100|[from] item: Leftovers\n|upkeep\n|turn|10\n|\n|t:|1653513212\n|switch|p2a: Latios|Latios, M|44\/100 frz\n|move|p1a: Slaking|Double-Edge|p2a: Latios\n|-damage|p2a: Latios|0 fnt\n|-damage|p1a: Slaking|61\/100|[from] Recoil|[of] p2a: Latios\n|faint|p2a: Latios\n|\n|t:|1653513220\n|switch|p2a: Heracross|Heracross, M|100\/100\n|\n|-weather|SunnyDay|[upkeep]\n|upkeep\n|turn|11\n|\n|t:|1653513226\n|cant|p1a: Slaking|ability: Truant\n|move|p2a: Heracross|Brick Break|p1a: Slaking\n|-supereffective|p1a: Slaking\n|-damage|p1a: Slaking|0 fnt\n|faint|p1a: Slaking\n|\n|t:|1653513238\n|switch|p1a: Latios|Latios, M|100\/100\n|\n|-weather|SunnyDay|[upkeep]\n|upkeep\n|turn|12\n|\n|t:|1653513243\n|switch|p2a: Snorlax|Snorlax, M|100\/100\n|move|p1a: Latios|Ice Beam|p2a: Snorlax\n|-damage|p2a: Snorlax|88\/100\n|\n|-weather|SunnyDay|[upkeep]\n|-heal|p2a: Snorlax|94\/100|[from] item: Leftovers\n|upkeep\n|turn|13\n|\n|t:|1653513246\n|switch|p1a: Metagross|Metagross|82\/100 par\n|-damage|p1a: Metagross|70\/100 par|[from] Spikes\n|switch|p2a: Heracross|Heracross, M|100\/100\n|\n|-weather|SunnyDay|[upkeep]\n|-heal|p1a: Metagross|76\/100 par|[from] item: Leftovers\n|upkeep\n|turn|14\n|\n|t:|1653513249\n|move|p2a: Heracross|Megahorn|p1a: Metagross\n|-damage|p1a: Metagross|4\/100 par\n|move|p1a: Metagross|Explosion|p2a: Heracross\n|-damage|p2a: Heracross|0 fnt\n|faint|p1a: Metagross\n|faint|p2a: Heracross\n|\n|t:|1653513258\n|switch|p2a: Groudon|Groudon|57\/100\n|switch|p1a: Kyogre|Kyogre|100\/100\n|-damage|p1a: Kyogre|88\/100|[from] Spikes\n|-weather|RainDance|[from] ability: Drizzle|[of] p1a: Kyogre\n|\n|-weather|RainDance|[upkeep]\n|-heal|p2a: Groudon|64\/100|[from] item: Leftovers\n|-heal|p1a: Kyogre|94\/100|[from] item: Leftovers\n|upkeep\n|turn|15\n|\n|t:|1653513261\n|switch|p2a: Snorlax|Snorlax, M|94\/100\n|move|p1a: Kyogre|Surf|p2a: Snorlax\n|-damage|p2a: Snorlax|50\/100\n|\n|-weather|RainDance|[upkeep]\n|-heal|p1a: Kyogre|100\/100|[from] item: Leftovers\n|-heal|p2a: Snorlax|56\/100|[from] item: Leftovers\n|upkeep\n|turn|16\n|\n|t:|1653513271\n|switch|p1a: Latios|Latios, M|100\/100\n|move|p2a: Snorlax|Body Slam|p1a: Latios\n|-damage|p1a: Latios|55\/100\n|\n|-weather|RainDance|[upkeep]\n|-heal|p2a: Snorlax|62\/100|[from] item: Leftovers\n|upkeep\n|turn|17\n|\n|t:|1653513275\n|move|p1a: Latios|Thunder|p2a: Snorlax\n|-damage|p2a: Snorlax|28\/100\n|move|p2a: Snorlax|Amnesia|p2a: Snorlax\n|-boost|p2a: Snorlax|spd|2\n|\n|-weather|RainDance|[upkeep]\n|-heal|p2a: Snorlax|34\/100|[from] item: Leftovers\n|upkeep\n|turn|18\n|\n|t:|1653513281\n|move|p1a: Latios|Thunder|p2a: Snorlax\n|-damage|p2a: Snorlax|17\/100\n|move|p2a: Snorlax|Rest|p2a: Snorlax\n|-status|p2a: Snorlax|slp|[from] move: Rest\n|-heal|p2a: Snorlax|100\/100 slp|[silent]\n|\n|-weather|RainDance|[upkeep]\n|upkeep\n|turn|19\n|\n|t:|1653513285\n|switch|p1a: Deoxys|Deoxys-Attack|100\/100\n|-damage|p1a: Deoxys|88\/100|[from] Spikes\n|cant|p2a: Snorlax|slp\n|\n|-weather|RainDance|[upkeep]\n|upkeep\n|turn|20\n|\n|t:|1653513299\n|switch|p2a: Groudon|Groudon|64\/100\n|-weather|SunnyDay|[from] ability: Drought|[of] p2a: Groudon\n|move|p1a: Deoxys|Superpower|p2a: Groudon\n|-damage|p2a: Groudon|35\/100\n|-unboost|p1a: Deoxys|atk|1\n|-unboost|p1a: Deoxys|def|1\n|\n|-weather|SunnyDay|[upkeep]\n|-heal|p2a: Groudon|41\/100|[from] item: Leftovers\n|upkeep\n|turn|21\n|\n|t:|1653513303\n|move|p1a: Deoxys|Ice Beam|p2a: Groudon\n|-supereffective|p2a: Groudon\n|-damage|p2a: Groudon|0 fnt\n|faint|p2a: Groudon\n|\n|t:|1653513305\n|switch|p2a: Yoxxie|Deoxys-Attack|100\/100\n|\n|-weather|SunnyDay|[upkeep]\n|upkeep\n|turn|22\n|\n|t:|1653513309\n|move|p2a: Yoxxie|Extreme Speed|p1a: Deoxys\n|-damage|p1a: Deoxys|0 fnt\n|faint|p1a: Deoxys\n|\n|t:|1653513311\n|switch|p1a: Kyogre|Kyogre|100\/100\n|-damage|p1a: Kyogre|88\/100|[from] Spikes\n|-weather|RainDance|[from] ability: Drizzle|[of] p1a: Kyogre\n|\n|-weather|RainDance|[upkeep]\n|-heal|p1a: Kyogre|94\/100|[from] item: Leftovers\n|upkeep\n|turn|23\n|\n|t:|1653513317\n|move|p2a: Yoxxie|Superpower|p1a: Kyogre\n|-damage|p1a: Kyogre|44\/100\n|-unboost|p2a: Yoxxie|atk|1\n|-unboost|p2a: Yoxxie|def|1\n|move|p1a: Kyogre|Surf|p2a: Yoxxie\n|-damage|p2a: Yoxxie|0 fnt\n|faint|p2a: Yoxxie\n|\n|t:|1653513318\n|switch|p2a: Snorlax|Snorlax, M|100\/100 slp\n|\n|-weather|RainDance|[upkeep]\n|-heal|p1a: Kyogre|50\/100|[from] item: Leftovers\n|upkeep\n|turn|24\n|\n|t:|1653513322\n|move|p1a: Kyogre|Surf|p2a: Snorlax\n|-damage|p2a: Snorlax|56\/100 slp\n|cant|p2a: Snorlax|slp\n|\n|-weather|RainDance|[upkeep]\n|-heal|p1a: Kyogre|56\/100|[from] item: Leftovers\n|-heal|p2a: Snorlax|62\/100 slp|[from] item: Leftovers\n|upkeep\n|turn|25\n|\n|t:|1653513324\n|move|p1a: Kyogre|Surf|p2a: Snorlax\n|-damage|p2a: Snorlax|11\/100 slp\n|-curestatus|p2a: Snorlax|slp|[msg]\n|move|p2a: Snorlax|Body Slam|p1a: Kyogre\n|-crit|p1a: Kyogre\n|-damage|p1a: Kyogre|0 fnt\n|faint|p1a: Kyogre\n|\n|t:|1653513327\n|switch|p1a: Latios|Latios, M|55\/100\n|\n|-weather|RainDance|[upkeep]\n|-heal|p2a: Snorlax|17\/100|[from] item: Leftovers\n|upkeep\n|turn|26\n|\n|t:|1653513330\n|move|p1a: Latios|Thunder|p2a: Snorlax\n|-damage|p2a: Snorlax|0 fnt\n|faint|p2a: Snorlax\n|\n|win|Raph369\n|c|\u2606Raph369|gg\n|c|\u2606ckw|gg\n","uploadtime":1653513331,"views":334,"p1id":"raph369","p2id":"ckw","formatid":"gen3ubers","rating":0,"private":0,"password":null}