{"id":"china-gen7ou-374306","p1":"sadongxi","p2":"Swordsman.N","format":"gen7ou","log":"|j|\u2606sadongxi\n|j|\u2606Swordsman.N\n|t:|1615689558\n|player|p1|sadongxi|sadongxi.png|\n|player|p2|Swordsman.N|249|\n|teamsize|p1|6\n|teamsize|p2|6\n|gametype|singles\n|gen|7\n|tier|[Gen 7] OU\n|clearpoke\n|poke|p1|Pinsir, M|item\n|poke|p1|Tapu Lele|item\n|poke|p1|Tapu Fini|item\n|poke|p1|Heatran, F|item\n|poke|p1|Amoonguss, F|item\n|poke|p1|Landorus-Therian, M|item\n|poke|p2|Pelipper, M|item\n|poke|p2|Tapu Koko|item\n|poke|p2|Swampert, F|item\n|poke|p2|Kingdra, F|item\n|poke|p2|Ferrothorn, F|item\n|poke|p2|Landorus-Therian, M|item\n|rule|Sleep Clause Mod: Limit one foe put to sleep\n|rule|Species Clause: Limit one of each Pok\u00e9mon\n|rule|OHKO Clause: OHKO moves are banned\n|rule|Moody Clause: Moody is banned\n|rule|Evasion Moves Clause: Evasion moves are banned\n|rule|Endless Battle Clause: Forcing endless battles is banned\n|rule|HP Percentage Mod: HP is shown in percentages\n|teampreview\n|j| lunan0713\n|j| Metallica126\n|\n|t:|1615689725\n|start\n|switch|p1a: Tapu Lele|Tapu Lele|100\/100\n|switch|p2a: Tapu Koko|Tapu Koko|100\/100\n|-fieldstart|move: Electric Terrain|[from] ability: Electric Surge|[of] p2a: Tapu Koko\n|-fieldstart|move: Psychic Terrain|[from] ability: Psychic Surge|[of] p1a: Tapu Lele\n|turn|1\n|\n|t:|1615689745\n|move|p2a: Tapu Koko|U-turn|p1a: Tapu Lele\n|-crit|p1a: Tapu Lele\n|-damage|p1a: Tapu Lele|45\/100\n|\n|t:|1615689748\n|switch|p2a: Ferrothorn|Ferrothorn, F|100\/100|[from]move: U-turn\n|move|p1a: Tapu Lele|Calm Mind|p1a: Tapu Lele\n|-boost|p1a: Tapu Lele|spa|1\n|-boost|p1a: Tapu Lele|spd|1\n|\n|upkeep\n|turn|2\n|\n|t:|1615689759\n|move|p1a: Tapu Lele|Focus Blast|p2a: Ferrothorn\n|-supereffective|p2a: Ferrothorn\n|-damage|p2a: Ferrothorn|17\/100\n|move|p2a: Ferrothorn|Power Whip|p1a: Tapu Lele|[miss]\n|-miss|p2a: Ferrothorn|p1a: Tapu Lele\n|\n|-heal|p2a: Ferrothorn|23\/100|[from] item: Leftovers\n|upkeep\n|turn|3\n|\n|t:|1615689778\n|move|p1a: Tapu Lele|Psyshock|p2a: Ferrothorn\n|-resisted|p2a: Ferrothorn\n|-damage|p2a: Ferrothorn|0 fnt\n|faint|p2a: Ferrothorn\n|\n|upkeep\n|\n|t:|1615689801\n|switch|p2a: Tapu Koko|Tapu Koko|100\/100\n|-fieldstart|move: Electric Terrain|[from] ability: Electric Surge|[of] p2a: Tapu Koko\n|turn|4\n|\n|t:|1615689815\n|switch|p1a: Landorus|Landorus-Therian, M|100\/100\n|-ability|p1a: Landorus|Intimidate|boost\n|-unboost|p2a: Tapu Koko|atk|1\n|move|p2a: Tapu Koko|Wild Charge|p1a: Landorus\n|-immune|p1a: Landorus\n|\n|upkeep\n|turn|5\n|\n|t:|1615689834\n|switch|p2a: Landorus|Landorus-Therian, M|100\/100\n|-ability|p2a: Landorus|Intimidate|boost\n|-unboost|p1a: Landorus|atk|1\n|switch|p1a: Tapu Fini|Tapu Fini|100\/100\n|-fieldstart|move: Misty Terrain|[from] ability: Misty Surge|[of] p1a: Tapu Fini\n|\n|upkeep\n|turn|6\n|j| yxhxh\n|\n|t:|1615689854\n|move|p2a: Landorus|Explosion|p1a: Tapu Fini\n|-damage|p1a: Tapu Fini|40\/100\n|faint|p2a: Landorus\n|move|p1a: Tapu Fini|Nature's Madness|p2: Landorus|[notarget]\n|-fail|p1a: Tapu Fini\n|\n|-heal|p1a: Tapu Fini|46\/100|[from] item: Leftovers\n|upkeep\n|\n|t:|1615689862\n|switch|p2a: Tapu Koko|Tapu Koko|100\/100\n|-fieldstart|move: Electric Terrain|[from] ability: Electric Surge|[of] p2a: Tapu Koko\n|turn|7\n|\n|t:|1615689878\n|switch|p1a: Landorus|Landorus-Therian, M|100\/100\n|-ability|p1a: Landorus|Intimidate|boost\n|-unboost|p2a: Tapu Koko|atk|1\n|move|p2a: Tapu Koko|U-turn|p1a: Landorus\n|-resisted|p1a: Landorus\n|-damage|p1a: Landorus|95\/100\n|-damage|p2a: Tapu Koko|84\/100|[from] item: Rocky Helmet|[of] p1a: Landorus\n|\n|t:|1615689888\n|switch|p2a: Kingdra|Kingdra, F|100\/100|[from]move: U-turn\n|\n|upkeep\n|turn|8\n|\n|t:|1615689913\n|switch|p1a: Amoonguss|Amoonguss, F|100\/100\n|move|p2a: Kingdra|Ice Beam|p1a: Amoonguss\n|-supereffective|p1a: Amoonguss\n|-damage|p1a: Amoonguss|46\/100\n|\n|-heal|p1a: Amoonguss|52\/100|[from] item: Black Sludge\n|upkeep\n|turn|9\n|\n|t:|1615689926\n|switch|p2a: Tapu Koko|Tapu Koko|84\/100\n|switch|p1a: Heatran|Heatran, F|100\/100\n|\n|upkeep\n|turn|10\n|\n|t:|1615689936\n|move|p1a: Heatran|Earth Power|p2a: Tapu Koko\n|-supereffective|p2a: Tapu Koko\n|-damage|p2a: Tapu Koko|0 fnt\n|faint|p2a: Tapu Koko\n|\n|upkeep\n|\n|t:|1615689941\n|switch|p2a: Pelipper|Pelipper, M|100\/100\n|-weather|RainDance|[from] ability: Drizzle|[of] p2a: Pelipper\n|turn|11\n|\n|t:|1615689952\n|switch|p1a: Landorus|Landorus-Therian, M|95\/100\n|-ability|p1a: Landorus|Intimidate|boost\n|-unboost|p2a: Pelipper|atk|1\n|move|p2a: Pelipper|U-turn|p1a: Landorus\n|-resisted|p1a: Landorus\n|-damage|p1a: Landorus|93\/100\n|-damage|p2a: Pelipper|84\/100|[from] item: Rocky Helmet|[of] p1a: Landorus\n|\n|t:|1615689960\n|switch|p2a: Swampert|Swampert, F|100\/100|[from]move: U-turn\n|\n|-weather|RainDance|[upkeep]\n|-fieldend|move: Electric Terrain\n|upkeep\n|turn|12\n|\n|t:|1615689973\n|switch|p1a: Tapu Lele|Tapu Lele|45\/100\n|-fieldstart|move: Psychic Terrain|[from] ability: Psychic Surge|[of] p1a: Tapu Lele\n|move|p2a: Swampert|Earthquake|p1a: Tapu Lele\n|-damage|p1a: Tapu Lele|0 fnt\n|faint|p1a: Tapu Lele\n|\n|-weather|RainDance|[upkeep]\n|upkeep\n|\n|t:|1615689998\n|switch|p1a: Amoonguss|Amoonguss, F|85\/100\n|turn|13\n|\n|t:|1615690006\n|switch|p2a: Pelipper|Pelipper, M|84\/100\n|move|p1a: Amoonguss|Spore|p2a: Pelipper\n|-status|p2a: Pelipper|slp|[from] move: Spore\n|\n|-weather|RainDance|[upkeep]\n|-heal|p1a: Amoonguss|91\/100|[from] item: Black Sludge\n|upkeep\n|turn|14\n|\n|t:|1615690030\n|switch|p2a: Kingdra|Kingdra, F|100\/100\n|switch|p1a: Tapu Fini|Tapu Fini|46\/100\n|-fieldstart|move: Misty Terrain|[from] ability: Misty Surge|[of] p1a: Tapu Fini\n|\n|-weather|RainDance|[upkeep]\n|-heal|p1a: Tapu Fini|52\/100|[from] item: Leftovers\n|upkeep\n|turn|15\n|\n|t:|1615690043\n|move|p2a: Kingdra|Hydro Pump|p1a: Tapu Fini\n|-resisted|p1a: Tapu Fini\n|-damage|p1a: Tapu Fini|6\/100\n|move|p1a: Tapu Fini|Moonblast|p2a: Kingdra\n|-supereffective|p2a: Kingdra\n|-damage|p2a: Kingdra|27\/100\n|\n|-weather|RainDance|[upkeep]\n|-heal|p1a: Tapu Fini|12\/100|[from] item: Leftovers\n|upkeep\n|turn|16\n|\n|t:|1615690068\n|move|p2a: Kingdra|Hydro Pump|p1a: Tapu Fini|[miss]\n|-miss|p2a: Kingdra|p1a: Tapu Fini\n|move|p1a: Tapu Fini|Moonblast|p2a: Kingdra\n|-supereffective|p2a: Kingdra\n|-damage|p2a: Kingdra|0 fnt\n|faint|p2a: Kingdra\n|\n|-weather|RainDance|[upkeep]\n|-heal|p1a: Tapu Fini|19\/100|[from] item: Leftovers\n|upkeep\n|\n|t:|1615690075\n|switch|p2a: Swampert|Swampert, F|100\/100\n|turn|17\n|l| Metallica126\n|\n|t:|1615690089\n|detailschange|p2a: Swampert|Swampert-Mega, F\n|-mega|p2a: Swampert|Swampert|Swampertite\n|move|p2a: Swampert|Substitute|p2a: Swampert\n|-start|p2a: Swampert|Substitute\n|-damage|p2a: Swampert|76\/100\n|move|p1a: Tapu Fini|Nature's Madness|p2a: Swampert\n|-end|p2a: Swampert|Substitute\n|\n|-weather|RainDance|[upkeep]\n|-heal|p1a: Tapu Fini|25\/100|[from] item: Leftovers\n|upkeep\n|turn|18\n|\n|t:|1615690105\n|switch|p1a: Landorus|Landorus-Therian, M|93\/100\n|-ability|p1a: Landorus|Intimidate|boost\n|-unboost|p2a: Swampert|atk|1\n|move|p2a: Swampert|Earthquake|p1a: Landorus\n|-immune|p1a: Landorus\n|\n|-weather|none\n|-fieldend|Misty Terrain\n|upkeep\n|turn|19\n|\n|t:|1615690126\n|switch|p2a: Pelipper|Pelipper, M|84\/100 slp\n|-weather|RainDance|[from] ability: Drizzle|[of] p2a: Pelipper\n|move|p1a: Landorus|U-turn|p2a: Pelipper\n|-resisted|p2a: Pelipper\n|-damage|p2a: Pelipper|74\/100 slp\n|\n|t:|1615690137\n|switch|p1a: Pinsir|Pinsir, M|100\/100|[from]move: U-turn\n|\n|-weather|RainDance|[upkeep]\n|upkeep\n|turn|20\n|\n|t:|1615690149\n|switch|p2a: Swampert|Swampert-Mega, F|76\/100\n|detailschange|p1a: Pinsir|Pinsir-Mega, M\n|-mega|p1a: Pinsir|Pinsir|Pinsirite\n|move|p1a: Pinsir|Swords Dance|p1a: Pinsir\n|-boost|p1a: Pinsir|atk|2\n|\n|-weather|RainDance|[upkeep]\n|upkeep\n|turn|21\n|\n|t:|1615690161\n|move|p1a: Pinsir|Quick Attack|p2a: Swampert\n|-damage|p2a: Swampert|27\/100\n|move|p2a: Swampert|Waterfall|p1a: Pinsir\n|-damage|p1a: Pinsir|18\/100\n|\n|-weather|RainDance|[upkeep]\n|upkeep\n|turn|22\n|-message|Swordsman.N forfeited.\n|\n|win|sadongxi\n|l|\u2606Swordsman.N\n","uploadtime":1615690186,"views":8,"p1id":"sadongxi","p2id":"swordsmann","formatid":"gen7ou","rating":0,"private":0,"password":null}