{"id":"china-gen7ou-1716513","p1":"Deer33","p2":"EEEEEvolto\u6df1\u6eba","format":"gen7ou","log":"|j|\u2606Deer33\n|j|\u2606EEEEEvolto\u6df1\u6eba\n|t:|1626582400\n|gametype|singles\n|player|p1|Deer33|darach|1205\n|player|p2|EEEEEvolto\u6df1\u6eba|266|1326\n|teamsize|p1|6\n|teamsize|p2|6\n|gen|7\n|tier|[Gen 7] OU\n|rated|\n|rule|Sleep Clause Mod: Limit one foe put to sleep\n|rule|Species Clause: Limit one of each Pok\u00e9mon\n|rule|OHKO Clause: OHKO moves are banned\n|rule|Moody Clause: Moody is banned\n|rule|Evasion Moves Clause: Evasion moves are banned\n|rule|Endless Battle Clause: Forcing endless battles is banned\n|rule|HP Percentage Mod: HP is shown in percentages\n|clearpoke\n|poke|p1|Landorus-Therian, M|item\n|poke|p1|Tangrowth, F|item\n|poke|p1|Alakazam, M|item\n|poke|p1|Greninja, M|item\n|poke|p1|Jirachi|item\n|poke|p1|Tornadus-Therian, M|item\n|poke|p2|Skarmory, F|item\n|poke|p2|Clefable, M|item\n|poke|p2|Chansey, F|item\n|poke|p2|Sableye, F|item\n|poke|p2|Toxapex, M|item\n|poke|p2|Gliscor, F|item\n|teampreview\n|j| white show\n|\n|t:|1626582437\n|start\n|switch|p1a: Greninja|Greninja, M|100\/100\n|switch|p2a: Sableye|Sableye, F|100\/100\n|turn|1\n|\n|t:|1626582468\n|detailschange|p2a: Sableye|Sableye-Mega, F\n|-mega|p2a: Sableye|Sableye|Sablenite\n|move|p2a: Sableye|Protect|p2a: Sableye\n|-singleturn|p2a: Sableye|Protect\n|move|p1a: Greninja|Spikes|p2a: Sableye\n|move|p2a: Sableye|Spikes|p1a: Greninja|[from]ability: Magic Bounce\n|-sidestart|p1: Deer33|Spikes\n|\n|upkeep\n|turn|2\n|j| aaa_skd\n|\n|t:|1626582479\n|switch|p1a: Tornadus|Tornadus-Therian, M|100\/100\n|move|p2a: Sableye|Knock Off|p1a: Tornadus\n|-damage|p1a: Tornadus|66\/100\n|-damage|p2a: Sableye|84\/100|[from] item: Rocky Helmet|[of] p1a: Tornadus\n|-enditem|p1a: Tornadus|Rocky Helmet|[from] move: Knock Off|[of] p2a: Sableye\n|\n|upkeep\n|turn|3\n|\n|t:|1626582487\n|switch|p2a: Gliscor|Gliscor, F|100\/100\n|move|p1a: Tornadus|U-turn|p2a: Gliscor\n|-resisted|p2a: Gliscor\n|-damage|p2a: Gliscor|95\/100\n|\n|t:|1626582507\n|switch|p1a: Landorus|Landorus-Therian, M|100\/100|[from]move: U-turn\n|-ability|p1a: Landorus|Intimidate|boost\n|-unboost|p2a: Gliscor|atk|1\n|\n|-status|p2a: Gliscor|tox|[from] item: Toxic Orb\n|upkeep\n|turn|4\n|\n|t:|1626582518\n|switch|p2a: Sableye|Sableye-Mega, F|84\/100\n|move|p1a: Landorus|Swords Dance|p1a: Landorus\n|-boost|p1a: Landorus|atk|2\n|\n|upkeep\n|turn|5\n|\n|t:|1626582521\n|switch|p2a: Skarmory|Skarmory, F|100\/100\n|move|p1a: Landorus|Earthquake|p2a: Skarmory\n|-immune|p2a: Skarmory\n|\n|upkeep\n|turn|6\n|\n|t:|1626582525\n|move|p1a: Landorus|Stealth Rock|p2a: Skarmory\n|-sidestart|p2: EEEEEvolto\u6df1\u6eba|move: Stealth Rock\n|move|p2a: Skarmory|Whirlwind|p1a: Landorus\n|drag|p1a: Tornadus|Tornadus-Therian, M|99\/100\n|\n|upkeep\n|turn|7\n|\n|t:|1626582533\n|move|p1a: Tornadus|Heat Wave|p2a: Skarmory\n|-supereffective|p2a: Skarmory\n|-damage|p2a: Skarmory|33\/100\n|move|p2a: Skarmory|Spikes|p1a: Tornadus\n|-sidestart|p1: Deer33|Spikes\n|\n|upkeep\n|turn|8\n|\n|t:|1626582542\n|switch|p2a: Chansey|Chansey, F|100\/100\n|-damage|p2a: Chansey|88\/100|[from] Stealth Rock\n|move|p1a: Tornadus|U-turn|p2a: Chansey\n|-damage|p2a: Chansey|78\/100\n|\n|t:|1626582549\n|switch|p1a: Landorus|Landorus-Therian, M|100\/100|[from]move: U-turn\n|-ability|p1a: Landorus|Intimidate|boost\n|-unboost|p2a: Chansey|atk|1\n|\n|upkeep\n|turn|9\n|\n|t:|1626582559\n|move|p1a: Landorus|Swords Dance|p1a: Landorus\n|-boost|p1a: Landorus|atk|2\n|move|p2a: Chansey|Toxic|p1a: Landorus\n|-status|p1a: Landorus|tox\n|\n|-damage|p1a: Landorus|94\/100 tox|[from] psn\n|upkeep\n|turn|10\n|\n|t:|1626582565\n|switch|p2a: Gliscor|Gliscor, F|95\/100 tox\n|-damage|p2a: Gliscor|82\/100 tox|[from] Stealth Rock\n|move|p1a: Landorus|Earthquake|p2a: Gliscor\n|-immune|p2a: Gliscor\n|\n|-damage|p1a: Landorus|82\/100 tox|[from] psn\n|-heal|p2a: Gliscor|95\/100 tox|[from] ability: Poison Heal\n|upkeep\n|turn|11\n|\n|t:|1626582570\n|-zpower|p1a: Landorus\n|move|p1a: Landorus|Supersonic Skystrike|p2a: Gliscor|[zeffect]\n|-damage|p2a: Gliscor|0 fnt\n|faint|p2a: Gliscor\n|\n|-damage|p1a: Landorus|63\/100 tox|[from] psn\n|upkeep\n|\n|t:|1626582575\n|switch|p2a: Skarmory|Skarmory, F|33\/100\n|-damage|p2a: Skarmory|21\/100|[from] Stealth Rock\n|turn|12\n|\n|t:|1626582583\n|switch|p1a: Tornadus|Tornadus-Therian, M|100\/100\n|move|p2a: Skarmory|Roost|p2a: Skarmory\n|-heal|p2a: Skarmory|71\/100\n|-singleturn|p2a: Skarmory|move: Roost\n|\n|upkeep\n|turn|13\n|\n|t:|1626582592\n|switch|p2a: Chansey|Chansey, F|78\/100\n|-damage|p2a: Chansey|66\/100|[from] Stealth Rock\n|move|p1a: Tornadus|U-turn|p2a: Chansey\n|-damage|p2a: Chansey|56\/100\n|\n|t:|1626582597\n|switch|p1a: Landorus|Landorus-Therian, M|63\/100 tox|[from]move: U-turn\n|-ability|p1a: Landorus|Intimidate|boost\n|-unboost|p2a: Chansey|atk|1\n|\n|-damage|p1a: Landorus|57\/100 tox|[from] psn\n|upkeep\n|turn|14\n|\n|t:|1626582603\n|switch|p1a: Tornadus|Tornadus-Therian, M|100\/100\n|move|p2a: Chansey|Soft-Boiled|p2a: Chansey\n|-heal|p2a: Chansey|100\/100\n|\n|upkeep\n|turn|15\n|\n|t:|1626582609\n|move|p1a: Tornadus|U-turn|p2a: Chansey\n|-crit|p2a: Chansey\n|-damage|p2a: Chansey|85\/100\n|\n|t:|1626582613\n|switch|p1a: Jirachi|Jirachi|100\/100|[from]move: U-turn\n|-damage|p1a: Jirachi|84\/100|[from] Spikes\n|move|p2a: Chansey|Toxic|p1a: Jirachi\n|-immune|p1a: Jirachi\n|\n|upkeep\n|turn|16\n|\n|t:|1626582621\n|switch|p2a: Skarmory|Skarmory, F|71\/100\n|-damage|p2a: Skarmory|59\/100|[from] Stealth Rock\n|move|p1a: Jirachi|U-turn|p2a: Skarmory\n|-resisted|p2a: Skarmory\n|-damage|p2a: Skarmory|56\/100\n|\n|t:|1626582631\n|switch|p1a: Tornadus|Tornadus-Therian, M|100\/100|[from]move: U-turn\n|\n|upkeep\n|turn|17\n|\n|t:|1626582636\n|move|p1a: Tornadus|Heat Wave|p2a: Skarmory\n|-supereffective|p2a: Skarmory\n|-damage|p2a: Skarmory|0 fnt\n|faint|p2a: Skarmory\n|\n|upkeep\n|\n|t:|1626582639\n|switch|p2a: Chansey|Chansey, F|85\/100\n|-damage|p2a: Chansey|73\/100|[from] Stealth Rock\n|turn|18\n|\n|t:|1626582641\n|move|p1a: Tornadus|U-turn|p2a: Chansey\n|-damage|p2a: Chansey|64\/100\n|\n|t:|1626582646\n|switch|p1a: Landorus|Landorus-Therian, M|57\/100 tox|[from]move: U-turn\n|-ability|p1a: Landorus|Intimidate|boost\n|-unboost|p2a: Chansey|atk|1\n|move|p2a: Chansey|Stealth Rock|p1a: Landorus\n|-sidestart|p1: Deer33|move: Stealth Rock\n|\n|-damage|p1a: Landorus|51\/100 tox|[from] psn\n|upkeep\n|turn|19\n|\n|t:|1626582654\n|switch|p2a: Clefable|Clefable, M|100\/100\n|-damage|p2a: Clefable|88\/100|[from] Stealth Rock\n|move|p1a: Landorus|Earthquake|p2a: Clefable\n|-damage|p2a: Clefable|47\/100\n|\n|-heal|p2a: Clefable|53\/100|[from] item: Leftovers\n|-damage|p1a: Landorus|38\/100 tox|[from] psn\n|upkeep\n|turn|20\n|\n|t:|1626582661\n|move|p1a: Landorus|Swords Dance|p1a: Landorus\n|-boost|p1a: Landorus|atk|2\n|move|p2a: Clefable|Wish|p2a: Clefable\n|\n|-heal|p2a: Clefable|59\/100|[from] item: Leftovers\n|-damage|p1a: Landorus|19\/100 tox|[from] psn\n|upkeep\n|turn|21\n|\n|t:|1626582665\n|move|p2a: Clefable|Protect|p2a: Clefable\n|-singleturn|p2a: Clefable|Protect\n|move|p1a: Landorus|Earthquake|p2a: Clefable\n|-activate|p2a: Clefable|move: Protect\n|\n|-heal|p2a: Clefable|100\/100|[from] move: Wish|[wisher] Clefable\n|-damage|p1a: Landorus|0 fnt|[from] psn\n|faint|p1a: Landorus\n|upkeep\n|\n|t:|1626582668\n|switch|p1a: Tornadus|Tornadus-Therian, M|100\/100\n|-damage|p1a: Tornadus|76\/100|[from] Stealth Rock\n|turn|22\n|\n|t:|1626582670\n|move|p1a: Tornadus|Defog|p2a: Clefable\n|-unboost|p2a: Clefable|evasion|1\n|-sideend|p2: EEEEEvolto\u6df1\u6eba|Stealth Rock|[from] move: Defog|[of] p1a: Tornadus\n|-sideend|p1: Deer33|Spikes|[from] move: Defog|[of] p1a: Tornadus\n|-sideend|p1: Deer33|Stealth Rock|[from] move: Defog|[of] p1a: Tornadus\n|move|p2a: Clefable|Wish|p2a: Clefable\n|\n|upkeep\n|turn|23\n|\n|t:|1626582675\n|move|p1a: Tornadus|U-turn|p2a: Clefable\n|-resisted|p2a: Clefable\n|-damage|p2a: Clefable|95\/100\n|\n|t:|1626582677\n|switch|p1a: Tangrowth|Tangrowth, F|100\/100|[from]move: U-turn\n|move|p2a: Clefable|Moonblast|p1a: Tangrowth\n|-damage|p1a: Tangrowth|79\/100\n|\n|-heal|p2a: Clefable|100\/100|[from] move: Wish|[wisher] Clefable\n|upkeep\n|turn|24\n|\n|t:|1626582684\n|switch|p2a: Toxapex|Toxapex, M|100\/100\n|move|p1a: Tangrowth|Knock Off|p2a: Toxapex\n|-crit|p2a: Toxapex\n|-damage|p2a: Toxapex|73\/100\n|-enditem|p2a: Toxapex|Shed Shell|[from] move: Knock Off|[of] p1a: Tangrowth\n|\n|upkeep\n|turn|25\n|\n|t:|1626582695\n|switch|p1a: Jirachi|Jirachi|84\/100\n|move|p2a: Toxapex|Toxic Spikes|p1a: Jirachi\n|-sidestart|p1: Deer33|move: Toxic Spikes\n|\n|upkeep\n|turn|26\n|\n|t:|1626582701\n|switch|p2a: Sableye|Sableye-Mega, F|84\/100\n|move|p1a: Jirachi|U-turn|p2a: Sableye\n|-damage|p2a: Sableye|71\/100\n|\n|t:|1626582710\n|switch|p1a: Tornadus|Tornadus-Therian, M|100\/100|[from]move: U-turn\n|\n|upkeep\n|turn|27\n|\n|t:|1626582713\n|move|p1a: Tornadus|Defog|p2a: Sableye\n|move|p2a: Sableye|Defog|p1a: Tornadus|[from]ability: Magic Bounce\n|-unboost|p1a: Tornadus|evasion|1\n|-sideend|p1: Deer33|Toxic Spikes|[from] move: Defog|[of] p2a: Sableye\n|move|p2a: Sableye|Recover|p2a: Sableye\n|-heal|p2a: Sableye|100\/100\n|\n|upkeep\n|turn|28\n|\n|t:|1626582719\n|move|p2a: Sableye|Protect|p2a: Sableye\n|-singleturn|p2a: Sableye|Protect\n|move|p1a: Tornadus|Hurricane|p2a: Sableye\n|-activate|p2a: Sableye|move: Protect\n|\n|upkeep\n|turn|29\n|\n|t:|1626582724\n|switch|p2a: Chansey|Chansey, F|64\/100\n|move|p1a: Tornadus|U-turn|p2a: Chansey\n|-damage|p2a: Chansey|54\/100\n|\n|t:|1626582729\n|switch|p1a: Jirachi|Jirachi|84\/100|[from]move: U-turn\n|\n|upkeep\n|turn|30\n|\n|t:|1626582734\n|move|p1a: Jirachi|Iron Head|p2a: Chansey\n|-damage|p2a: Chansey|33\/100\n|cant|p2a: Chansey|flinch\n|\n|upkeep\n|turn|31\n|\n|t:|1626582739\n|switch|p2a: Toxapex|Toxapex, M|100\/100\n|move|p1a: Jirachi|Iron Head|p2a: Toxapex\n|-resisted|p2a: Toxapex\n|-damage|p2a: Toxapex|86\/100\n|\n|upkeep\n|turn|32\n|\n|t:|1626582745\n|switch|p1a: Alakazam|Alakazam, M|100\/100\n|move|p2a: Toxapex|Scald|p1a: Alakazam\n|-damage|p1a: Alakazam|75\/100\n|-status|p1a: Alakazam|brn\n|\n|upkeep\n|turn|33\n|\n|t:|1626582756\n|switch|p1a: Greninja|Greninja, M|100\/100\n|switch|p2a: Clefable|Clefable, M|100\/100\n|\n|upkeep\n|turn|34\n|\n|t:|1626582764\n|switch|p2a: Sableye|Sableye-Mega, F|100\/100\n|move|p1a: Greninja|Hydro Pump|p2a: Sableye\n|-damage|p2a: Sableye|30\/100\n|\n|upkeep\n|turn|35\n|\n|t:|1626582769\n|switch|p2a: Toxapex|Toxapex, M|100\/100\n|move|p1a: Greninja|Hydro Pump|p2a: Toxapex\n|-resisted|p2a: Toxapex\n|-damage|p2a: Toxapex|79\/100\n|\n|upkeep\n|turn|36\n|\n|t:|1626582777\n|switch|p1a: Alakazam|Alakazam, M|75\/100 brn\n|switch|p2a: Chansey|Chansey, F|33\/100\n|\n|upkeep\n|turn|37\n|\n|t:|1626582784\n|detailschange|p1a: Alakazam|Alakazam-Mega, M\n|-mega|p1a: Alakazam|Alakazam|Alakazite\n|-ability|p1a: Alakazam|Natural Cure|[from] ability: Trace|[of] p2a: Chansey\n|move|p1a: Alakazam|Focus Blast|p2a: Chansey\n|-supereffective|p2a: Chansey\n|-damage|p2a: Chansey|0 fnt\n|faint|p2a: Chansey\n|\n|-damage|p1a: Alakazam|69\/100 brn|[from] brn\n|upkeep\n|\n|t:|1626582791\n|switch|p2a: Clefable|Clefable, M|100\/100\n|turn|38\n|j| hsgaykw\n|\n|t:|1626582800\n|switch|p1a: Jirachi|Jirachi|84\/100\n|move|p2a: Clefable|Moonblast|p1a: Jirachi\n|-resisted|p1a: Jirachi\n|-damage|p1a: Jirachi|68\/100\n|\n|upkeep\n|turn|39\n|\n|t:|1626582806\n|move|p1a: Jirachi|U-turn|p2a: Clefable\n|-resisted|p2a: Clefable\n|-damage|p2a: Clefable|93\/100\n|\n|t:|1626582809\n|switch|p1a: Tangrowth|Tangrowth, F|100\/100|[from]move: U-turn\n|move|p2a: Clefable|Wish|p2a: Clefable\n|\n|-heal|p2a: Clefable|99\/100|[from] item: Leftovers\n|upkeep\n|turn|40\n|\n|t:|1626582813\n|switch|p2a: Sableye|Sableye-Mega, F|30\/100\n|switch|p1a: Greninja|Greninja, M|100\/100\n|\n|-heal|p2a: Sableye|95\/100|[from] move: Wish|[wisher] Clefable\n|upkeep\n|turn|41\n|\n|t:|1626582818\n|switch|p2a: Toxapex|Toxapex, M|100\/100\n|move|p1a: Greninja|Dark Pulse|p2a: Toxapex\n|-damage|p2a: Toxapex|66\/100\n|\n|upkeep\n|turn|42\n|\n|t:|1626582826\n|switch|p1a: Jirachi|Jirachi|68\/100\n|move|p2a: Toxapex|Toxic Spikes|p1a: Jirachi\n|-sidestart|p1: Deer33|move: Toxic Spikes\n|\n|upkeep\n|turn|43\n|\n|t:|1626582830\n|move|p1a: Jirachi|U-turn|p2a: Toxapex\n|-resisted|p2a: Toxapex\n|-damage|p2a: Toxapex|57\/100\n|\n|t:|1626582832\n|switch|p1a: Tornadus|Tornadus-Therian, M|100\/100|[from]move: U-turn\n|move|p2a: Toxapex|Scald|p1a: Tornadus\n|-damage|p1a: Tornadus|84\/100\n|-status|p1a: Tornadus|brn\n|\n|-damage|p1a: Tornadus|78\/100 brn|[from] brn\n|upkeep\n|turn|44\n|\n|t:|1626582845\n|move|p1a: Tornadus|Defog|p2a: Toxapex\n|-unboost|p2a: Toxapex|evasion|1\n|-sideend|p1: Deer33|Toxic Spikes|[from] move: Defog|[of] p1a: Tornadus\n|move|p2a: Toxapex|Recover|p2a: Toxapex\n|-heal|p2a: Toxapex|100\/100\n|\n|-damage|p1a: Tornadus|72\/100 brn|[from] brn\n|upkeep\n|turn|45\n|-message|EEEEEvolto\u6df1\u6eba forfeited.\n|\n|win|Deer33\n|raw|Deer33's rating: 1205 &rarr; <strong>1226<\/strong><br \/>(+21 for winning)\n|raw|EEEEEvolto\u6df1\u6eba's rating: 1326 &rarr; <strong>1305<\/strong><br \/>(-21 for losing)\n|l| aaa_skd\n","uploadtime":1626582905,"views":8,"p1id":"deer33","p2id":"eeeeevolto","formatid":"gen7ou","rating":0,"private":0,"password":null}