{"id":"china-gen7ubers-356191","p1":"gostop","p2":"dragonitenb","format":"gen7ubers","log":"|raw|<div class=\"broadcast-red\"><strong>This battle is invite-only!<\/strong><br \/>Users must be invited with <code>\/invite<\/code> (or be staff) to join<\/div>\n|j|\u2606gostop\n|j|\u2606dragonitenb\n|t:|1608462259\n|player|p1|gostop|gostop.gif|\n|player|p2|dragonitenb|feida.png|\n|teamsize|p1|6\n|teamsize|p2|6\n|gametype|singles\n|gen|7\n|tier|[Gen 7] Ubers\n|clearpoke\n|poke|p1|Groudon|item\n|poke|p1|Arceus-*|item\n|poke|p1|Yveltal|item\n|poke|p1|Kyogre|item\n|poke|p1|Necrozma-Dusk-Mane|item\n|poke|p1|Marshadow|item\n|poke|p2|Necrozma-Dusk-Mane|item\n|poke|p2|Yveltal|item\n|poke|p2|Arceus-*|item\n|poke|p2|Groudon|item\n|poke|p2|Zygarde|item\n|poke|p2|Xerneas|item\n|rule|Sleep Clause Mod: Limit one foe put to sleep\n|rule|Species Clause: Limit one of each Pok\u00e9mon\n|rule|OHKO Clause: OHKO moves are banned\n|rule|Moody Clause: Moody is banned\n|rule|Evasion Moves Clause: Evasion moves are banned\n|rule|Endless Battle Clause: Forcing endless battles is banned\n|rule|HP Percentage Mod: HP is shown in percentages\n|rule|Mega Rayquaza Clause: You cannot mega evolve Rayquaza\n|teampreview\n|c|\u2606dragonitenb|glhf\n|\n|t:|1608462296\n|start\n|switch|p1a: Kyogre|Kyogre|100\/100\n|switch|p2a: Xerneas|Xerneas|100\/100\n|-ability|p2a: Xerneas|Fairy Aura\n|detailschange|p1a: Kyogre|Kyogre-Primal\n|-primal|p1a: Kyogre\n|-weather|PrimordialSea|[from] ability: Primordial Sea|[of] p1a: Kyogre\n|turn|1\n|\n|t:|1608462321\n|switch|p2a: Groudon|Groudon|100\/100\n|detailschange|p2a: Groudon|Groudon-Primal\n|-primal|p2a: Groudon\n|-weather|DesolateLand|[from] ability: Desolate Land|[of] p2a: Groudon\n|switch|p1a: Groudon|Groudon|100\/100\n|detailschange|p1a: Groudon|Groudon-Primal\n|-primal|p1a: Groudon\n|\n|-weather|DesolateLand|[upkeep]\n|upkeep\n|turn|2\n|\n|t:|1608462344\n|switch|p1a: Yveltal|Yveltal|100\/100\n|-ability|p1a: Yveltal|Dark Aura\n|move|p2a: Groudon|Precipice Blades|p1a: Yveltal\n|-immune|p1a: Yveltal\n|\n|-weather|DesolateLand|[upkeep]\n|upkeep\n|turn|3\n|\n|t:|1608462361\n|switch|p1a: Kyogre|Kyogre-Primal|100\/100\n|-weather|PrimordialSea|[from] ability: Primordial Sea|[of] p1a: Kyogre\n|move|p2a: Groudon|Overheat||[still]\n|-fail|p2a: Groudon|Overheat|[from] Primordial Sea\n|\n|-weather|PrimordialSea|[upkeep]\n|upkeep\n|turn|4\n|\n|t:|1608462367\n|switch|p2a: Arceus|Arceus-Water|100\/100\n|move|p1a: Kyogre|Origin Pulse|p2a: Arceus\n|-resisted|p2a: Arceus\n|-damage|p2a: Arceus|67\/100\n|\n|-weather|PrimordialSea|[upkeep]\n|upkeep\n|turn|5\n|\n|t:|1608462373\n|switch|p2a: Groudon|Groudon-Primal|100\/100\n|-weather|DesolateLand|[from] ability: Desolate Land|[of] p2a: Groudon\n|move|p1a: Kyogre|Toxic|p2a: Groudon\n|-status|p2a: Groudon|tox\n|\n|-weather|DesolateLand|[upkeep]\n|-damage|p2a: Groudon|94\/100 tox|[from] psn\n|upkeep\n|turn|6\n|\n|t:|1608462384\n|switch|p1a: Arceus|Arceus-Ground|100\/100\n|move|p2a: Groudon|Stealth Rock|p1a: Arceus\n|-sidestart|p1: gostop|move: Stealth Rock\n|\n|-weather|DesolateLand|[upkeep]\n|-damage|p2a: Groudon|82\/100 tox|[from] psn\n|upkeep\n|turn|7\n|\n|t:|1608462390\n|move|p1a: Arceus|Defog|p2a: Groudon\n|-unboost|p2a: Groudon|evasion|1\n|-sideend|p1: gostop|Stealth Rock|[from] move: Defog|[of] p1a: Arceus\n|move|p2a: Groudon|Toxic|p1a: Arceus\n|-status|p1a: Arceus|tox\n|\n|-weather|DesolateLand|[upkeep]\n|-damage|p1a: Arceus|94\/100 tox|[from] psn\n|-damage|p2a: Groudon|64\/100 tox|[from] psn\n|upkeep\n|turn|8\n|\n|t:|1608462417\n|switch|p1a: Yveltal|Yveltal|100\/100\n|-ability|p1a: Yveltal|Dark Aura\n|-weather|none\n|switch|p2a: Yveltal|Yveltal|100\/100\n|-ability|p2a: Yveltal|Dark Aura\n|\n|upkeep\n|turn|9\n|\n|t:|1608462427\n|move|p2a: Yveltal|Oblivion Wing|p1a: Yveltal\n|-damage|p1a: Yveltal|56\/100\n|-damage|p2a: Yveltal|91\/100|[from] item: Life Orb\n|move|p1a: Yveltal|Oblivion Wing|p2a: Yveltal\n|-damage|p2a: Yveltal|48\/100\n|-heal|p1a: Yveltal|84\/100|[from] drain|[of] p2a: Yveltal\n|\n|upkeep\n|turn|10\n|\n|t:|1608462438\n|switch|p2a: Necrozma|Necrozma-Dusk-Mane|100\/100\n|move|p1a: Yveltal|Oblivion Wing|p2a: Necrozma\n|-resisted|p2a: Necrozma\n|-damage|p2a: Necrozma|74\/100\n|-heal|p1a: Yveltal|99\/100|[from] drain|[of] p2a: Necrozma\n|\n|upkeep\n|turn|11\n|\n|t:|1608462456\n|switch|p2a: Xerneas|Xerneas|100\/100\n|-ability|p2a: Xerneas|Fairy Aura\n|move|p1a: Yveltal|Sucker Punch||[still]\n|-fail|p1a: Yveltal\n|\n|upkeep\n|turn|12\n|\n|t:|1608462468\n|switch|p2a: Arceus|Arceus-Water|67\/100\n|switch|p1a: Groudon|Groudon-Primal|100\/100\n|-weather|DesolateLand|[from] ability: Desolate Land|[of] p1a: Groudon\n|\n|-weather|DesolateLand|[upkeep]\n|upkeep\n|turn|13\n|\n|t:|1608462477\n|move|p2a: Arceus|Toxic|p1a: Groudon\n|-status|p1a: Groudon|tox\n|move|p1a: Groudon|Stealth Rock|p2a: Arceus\n|-sidestart|p2: dragonitenb|move: Stealth Rock\n|\n|-weather|DesolateLand|[upkeep]\n|-damage|p1a: Groudon|94\/100 tox|[from] psn\n|upkeep\n|turn|14\n|\n|t:|1608462487\n|-weather|none\n|switch|p1a: Yveltal|Yveltal|99\/100\n|-ability|p1a: Yveltal|Dark Aura\n|move|p2a: Arceus|Recover|p2a: Arceus\n|-heal|p2a: Arceus|100\/100\n|\n|upkeep\n|turn|15\n|\n|t:|1608462493\n|move|p2a: Arceus|Ice Beam|p1a: Yveltal\n|-supereffective|p1a: Yveltal\n|-damage|p1a: Yveltal|64\/100\n|move|p1a: Yveltal|Oblivion Wing|p2a: Arceus\n|-damage|p2a: Arceus|69\/100\n|-heal|p1a: Yveltal|87\/100|[from] drain|[of] p2a: Arceus\n|\n|upkeep\n|turn|16\n|\n|t:|1608462500\n|move|p2a: Arceus|Toxic|p1a: Yveltal\n|-status|p1a: Yveltal|tox\n|move|p1a: Yveltal|Oblivion Wing|p2a: Arceus\n|-damage|p2a: Arceus|31\/100\n|-heal|p1a: Yveltal|100\/100 tox|[from] drain|[of] p2a: Arceus\n|\n|-damage|p1a: Yveltal|94\/100 tox|[from] psn\n|upkeep\n|turn|17\n|\n|t:|1608462507\n|move|p2a: Arceus|Recover|p2a: Arceus\n|-heal|p2a: Arceus|81\/100\n|move|p1a: Yveltal|Oblivion Wing|p2a: Arceus\n|-damage|p2a: Arceus|42\/100\n|-heal|p1a: Yveltal|100\/100 tox|[from] drain|[of] p2a: Arceus\n|\n|-damage|p1a: Yveltal|88\/100 tox|[from] psn\n|upkeep\n|turn|18\n|\n|t:|1608462511\n|move|p2a: Arceus|Recover|p2a: Arceus\n|-heal|p2a: Arceus|92\/100\n|move|p1a: Yveltal|Oblivion Wing|p2a: Arceus\n|-damage|p2a: Arceus|47\/100\n|-heal|p1a: Yveltal|100\/100 tox|[from] drain|[of] p2a: Arceus\n|\n|-damage|p1a: Yveltal|82\/100 tox|[from] psn\n|upkeep\n|turn|19\n|\n|t:|1608462527\n|switch|p2a: Necrozma|Necrozma-Dusk-Mane|74\/100\n|-damage|p2a: Necrozma|68\/100|[from] Stealth Rock\n|move|p1a: Yveltal|Oblivion Wing|p2a: Necrozma\n|-resisted|p2a: Necrozma\n|-damage|p2a: Necrozma|31\/100\n|-heal|p1a: Yveltal|100\/100 tox|[from] drain|[of] p2a: Necrozma\n|\n|-damage|p1a: Yveltal|76\/100 tox|[from] psn\n|upkeep\n|turn|20\n|\n|t:|1608462568\n|switch|p1a: Kyogre|Kyogre-Primal|100\/100\n|-weather|PrimordialSea|[from] ability: Primordial Sea|[of] p1a: Kyogre\n|detailschange|p2a: Necrozma|Necrozma-Ultra\n|-burst|p2a: Necrozma|Necrozma|Ultranecrozium Z\n|move|p2a: Necrozma|Sunsteel Strike|p1a: Kyogre\n|-resisted|p1a: Kyogre\n|-damage|p1a: Kyogre|85\/100\n|\n|-weather|PrimordialSea|[upkeep]\n|upkeep\n|turn|21\n|\n|t:|1608462587\n|-weather|none\n|switch|p1a: Necrozma|Necrozma-Dusk-Mane|100\/100\n|-zpower|p2a: Necrozma\n|move|p2a: Necrozma|Light That Burns the Sky|p1a: Necrozma|[zeffect]\n|-resisted|p1a: Necrozma\n|-damage|p1a: Necrozma|73\/100\n|\n|upkeep\n|turn|22\n|\n|t:|1608462604\n|move|p2a: Necrozma|Earthquake|p1a: Necrozma\n|-supereffective|p1a: Necrozma\n|-damage|p1a: Necrozma|11\/100\n|move|p1a: Necrozma|Earthquake|p2a: Necrozma\n|-damage|p2a: Necrozma|0 fnt\n|faint|p2a: Necrozma\n|\n|upkeep\n|\n|t:|1608462644\n|switch|p2a: Zygarde|Zygarde|100\/100\n|-damage|p2a: Zygarde|94\/100|[from] Stealth Rock\n|turn|23\n|\n|t:|1608462660\n|detailschange|p1a: Necrozma|Necrozma-Ultra\n|-burst|p1a: Necrozma|Necrozma|Ultranecrozium Z\n|move|p1a: Necrozma|Outrage|p2a: Zygarde\n|-supereffective|p2a: Zygarde\n|-damage|p2a: Zygarde|0 fnt\n|faint|p2a: Zygarde\n|\n|upkeep\n|\n|t:|1608462665\n|switch|p2a: Xerneas|Xerneas|100\/100\n|-damage|p2a: Xerneas|88\/100|[from] Stealth Rock\n|-ability|p2a: Xerneas|Fairy Aura\n|turn|24\n|\n|t:|1608462669\n|move|p2a: Xerneas|Moonblast|p1a: Necrozma\n|-supereffective|p1a: Necrozma\n|-damage|p1a: Necrozma|0 fnt\n|faint|p1a: Necrozma\n|\n|upkeep\n|\n|t:|1608462716\n|switch|p1a: Groudon|Groudon-Primal|94\/100 tox\n|-weather|DesolateLand|[from] ability: Desolate Land|[of] p1a: Groudon\n|turn|25\n|\n|t:|1608462743\n|switch|p2a: Yveltal|Yveltal|48\/100\n|-damage|p2a: Yveltal|23\/100|[from] Stealth Rock\n|-ability|p2a: Yveltal|Dark Aura\n|move|p1a: Groudon|Overheat|p2a: Yveltal\n|-damage|p2a: Yveltal|0 fnt\n|-unboost|p1a: Groudon|spa|2\n|faint|p2a: Yveltal\n|\n|-weather|DesolateLand|[upkeep]\n|-damage|p1a: Groudon|88\/100 tox|[from] psn\n|upkeep\n|\n|t:|1608462753\n|switch|p2a: Arceus|Arceus-Water|47\/100\n|-damage|p2a: Arceus|34\/100|[from] Stealth Rock\n|turn|26\n|\n|t:|1608462799\n|-weather|none\n|switch|p1a: Yveltal|Yveltal|76\/100 tox\n|-ability|p1a: Yveltal|Dark Aura\n|move|p2a: Arceus|Recover|p2a: Arceus\n|-heal|p2a: Arceus|84\/100\n|\n|-damage|p1a: Yveltal|70\/100 tox|[from] psn\n|upkeep\n|turn|27\n|\n|t:|1608462843\n|move|p2a: Arceus|Ice Beam|p1a: Yveltal\n|-supereffective|p1a: Yveltal\n|-damage|p1a: Yveltal|35\/100 tox\n|move|p1a: Yveltal|Oblivion Wing|p2a: Arceus\n|-damage|p2a: Arceus|53\/100\n|-heal|p1a: Yveltal|59\/100 tox|[from] drain|[of] p2a: Arceus\n|\n|-damage|p1a: Yveltal|47\/100 tox|[from] psn\n|upkeep\n|turn|28\n|\n|t:|1608462852\n|move|p2a: Arceus|Ice Beam|p1a: Yveltal\n|-supereffective|p1a: Yveltal\n|-damage|p1a: Yveltal|12\/100 tox\n|move|p1a: Yveltal|Oblivion Wing|p2a: Arceus\n|-damage|p2a: Arceus|14\/100\n|-heal|p1a: Yveltal|41\/100 tox|[from] drain|[of] p2a: Arceus\n|\n|-damage|p1a: Yveltal|23\/100 tox|[from] psn\n|upkeep\n|turn|29\n|\n|t:|1608462863\n|move|p2a: Arceus|Ice Beam|p1a: Yveltal\n|-supereffective|p1a: Yveltal\n|-damage|p1a: Yveltal|0 fnt\n|faint|p1a: Yveltal\n|\n|upkeep\n|\n|t:|1608462867\n|switch|p1a: Marshadow|Marshadow|100\/100\n|turn|30\n|\n|t:|1608462882\n|move|p1a: Marshadow|Spectral Thief|p2a: Arceus\n|-damage|p2a: Arceus|0 fnt\n|faint|p2a: Arceus\n|\n|upkeep\n|\n|t:|1608462889\n|switch|p2a: Xerneas|Xerneas|88\/100\n|-damage|p2a: Xerneas|76\/100|[from] Stealth Rock\n|-ability|p2a: Xerneas|Fairy Aura\n|turn|31\n|\n|t:|1608462926\n|switch|p1a: Groudon|Groudon-Primal|88\/100 tox\n|-weather|DesolateLand|[from] ability: Desolate Land|[of] p1a: Groudon\n|move|p2a: Xerneas|Moonblast|p1a: Groudon\n|-resisted|p1a: Groudon\n|-damage|p1a: Groudon|63\/100 tox\n|\n|-weather|DesolateLand|[upkeep]\n|-damage|p1a: Groudon|56\/100 tox|[from] psn\n|upkeep\n|turn|32\n|\n|t:|1608462932\n|switch|p2a: Groudon|Groudon-Primal|64\/100 tox\n|-damage|p2a: Groudon|52\/100 tox|[from] Stealth Rock\n|move|p1a: Groudon|Earthquake|p2a: Groudon\n|-supereffective|p2a: Groudon\n|-damage|p2a: Groudon|0 fnt\n|faint|p2a: Groudon\n|\n|-weather|DesolateLand|[upkeep]\n|-damage|p1a: Groudon|44\/100 tox|[from] psn\n|upkeep\n|\n|t:|1608462943\n|switch|p2a: Xerneas|Xerneas|76\/100\n|-damage|p2a: Xerneas|63\/100|[from] Stealth Rock\n|-ability|p2a: Xerneas|Fairy Aura\n|turn|33\n|\n|t:|1608462965\n|move|p2a: Xerneas|Moonblast|p1a: Groudon\n|-resisted|p1a: Groudon\n|-damage|p1a: Groudon|21\/100 tox\n|-unboost|p1a: Groudon|spa|1\n|move|p1a: Groudon|Earthquake|p2a: Xerneas\n|-damage|p2a: Xerneas|6\/100\n|\n|-weather|DesolateLand|[upkeep]\n|-damage|p1a: Groudon|2\/100 tox|[from] psn\n|upkeep\n|turn|34\n|\n|t:|1608462983\n|move|p2a: Xerneas|Moonblast|p1a: Groudon\n|-resisted|p1a: Groudon\n|-damage|p1a: Groudon|0 fnt\n|faint|p1a: Groudon\n|-weather|none\n|\n|upkeep\n|\n|t:|1608462988\n|switch|p1a: Marshadow|Marshadow|100\/100\n|turn|35\n|-message|dragonitenb forfeited.\n|\n|win|gostop\n|l|\u2606dragonitenb\n|c|\u2606gostop|\/log gostop made this room public.\n","uploadtime":1608463099,"views":44,"p1id":"gostop","p2id":"dragonitenb","formatid":"gen7ubers","rating":0,"private":0,"password":null}