{"id":"china-gen8ru-5237591","p1":"ss is damn short","p2":"AlIoutdragadarts","format":"gen8ru","log":"|uhtml|report-battle|<b>\u5c06\u5bf9\u6218\u94fe\u63a5\u516c\u5f00\u5230:<\/b> <button class=\"button\" name=\"send\" value=\"\/reportto skypillar\">Sky Pillar<\/button><button class=\"button\" name=\"send\" value=\"\/reportto shinx\">Shinx<\/button>\n|j|\u2606ss is damn short\n|j|\u2606AlIoutdragadarts\n|inactive|Battle timer is ON: inactive players will automatically lose when time's up.\n|t:|1660223245\n|gametype|singles\n|player|p1|ss is damn short|ssisdamnshort.png|\n|player|p2|AlIoutdragadarts|lucas|\n|teamsize|p1|6\n|teamsize|p2|6\n|gen|8\n|tier|[Gen 8] RU\n|rated|Tournament battle\n|rule|Sleep Clause Mod: Limit one foe put to sleep\n|rule|Species Clause: Limit one of each Pok\u00e9mon\n|rule|OHKO Clause: OHKO moves are banned\n|rule|Evasion Items Clause: Evasion items are banned\n|rule|Evasion Moves Clause: Evasion moves are banned\n|rule|Endless Battle Clause: Forcing endless battles is banned\n|rule|HP Percentage Mod: HP is shown in percentages\n|rule|Dynamax Clause: You cannot dynamax\n|clearpoke\n|poke|p1|Golurk|\n|poke|p1|Umbreon, F|\n|poke|p1|Crobat, F|\n|poke|p1|Registeel|\n|poke|p1|Rotom-Mow|\n|poke|p1|Inteleon, M|\n|poke|p2|Celebi|\n|poke|p2|Crobat, M|\n|poke|p2|Rhyperior, M|\n|poke|p2|Umbreon, M|\n|poke|p2|Metagross|\n|poke|p2|Salazzle, F|\n|teampreview\n|\n|t:|1660223271\n|start\n|switch|p1a: Registeel|Registeel|100\/100\n|switch|p2a: Celebi|Celebi, shiny|100\/100\n|turn|1\n|\n|t:|1660223277\n|move|p2a: Celebi|U-turn|p1a: Registeel\n|-resisted|p1a: Registeel\n|-damage|p1a: Registeel|96\/100\n|\n|t:|1660223282\n|switch|p2a: Salazzle|Salazzle, F, shiny|100\/100|[from]move: U-turn\n|move|p1a: Registeel|Stealth Rock|p2a: Salazzle\n|-sidestart|p2: AlIoutdragadarts|move: Stealth Rock\n|\n|-heal|p1a: Registeel|100\/100|[from] item: Leftovers\n|upkeep\n|turn|2\n|\n|t:|1660223290\n|switch|p1a: Umbreon|Umbreon, F|100\/100\n|move|p2a: Salazzle|Fire Blast|p1a: Umbreon\n|-damage|p1a: Umbreon|47\/100\n|\n|-heal|p1a: Umbreon|53\/100|[from] item: Leftovers\n|upkeep\n|turn|3\n|j| burstbean\n|\n|t:|1660223299\n|switch|p2a: Rhyperior|Rhyperior, M, shiny|100\/100\n|-damage|p2a: Rhyperior|94\/100|[from] Stealth Rock\n|move|p1a: Umbreon|Protect||[still]\n|-fail|p1a: Umbreon\n|\n|-heal|p1a: Umbreon|59\/100|[from] item: Leftovers\n|-heal|p2a: Rhyperior|100\/100|[from] item: Leftovers\n|upkeep\n|turn|4\n|\n|t:|1660223302\n|move|p1a: Umbreon|Wish|p1a: Umbreon\n|move|p2a: Rhyperior|Stealth Rock|p1a: Umbreon\n|-sidestart|p1: ss is damn short|move: Stealth Rock\n|\n|-heal|p1a: Umbreon|65\/100|[from] item: Leftovers\n|upkeep\n|turn|5\n|\n|t:|1660223305\n|switch|p2a: Crobat|Crobat, M, shiny|100\/100\n|move|p1a: Umbreon|Foul Play|p2a: Crobat\n|-damage|p2a: Crobat|74\/100\n|\n|-heal|p1a: Umbreon|100\/100|[from] move: Wish|[wisher] Umbreon\n|upkeep\n|turn|6\n|\n|t:|1660223311\n|move|p2a: Crobat|U-turn|p1a: Umbreon\n|-supereffective|p1a: Umbreon\n|-crit|p1a: Umbreon\n|-damage|p1a: Umbreon|75\/100\n|\n|t:|1660223316\n|switch|p2a: Umbreon|Umbreon, M, shiny|100\/100|[from]move: U-turn\n|-damage|p2a: Umbreon|88\/100|[from] Stealth Rock\n|move|p1a: Umbreon|Wish|p1a: Umbreon\n|\n|-heal|p2a: Umbreon|94\/100|[from] item: Leftovers\n|-heal|p1a: Umbreon|81\/100|[from] item: Leftovers\n|upkeep\n|turn|7\n|\n|t:|1660223326\n|switch|p1a: Crobat|Crobat, F|100\/100\n|move|p2a: Umbreon|Wish|p2a: Umbreon\n|\n|-heal|p2a: Umbreon|99\/100|[from] item: Leftovers\n|upkeep\n|turn|8\n|\n|t:|1660223334\n|switch|p2a: Crobat|Crobat, M, shiny|74\/100\n|move|p1a: Crobat|U-turn|p2a: Crobat\n|-resisted|p2a: Crobat\n|-damage|p2a: Crobat|71\/100\n|\n|t:|1660223342\n|switch|p1a: Registeel|Registeel|100\/100|[from]move: U-turn\n|-damage|p1a: Registeel|94\/100|[from] Stealth Rock\n|\n|-heal|p2a: Crobat|100\/100|[from] move: Wish|[wisher] Umbreon\n|-heal|p1a: Registeel|100\/100|[from] item: Leftovers\n|upkeep\n|turn|9\n|\n|t:|1660223347\n|move|p2a: Crobat|U-turn|p1a: Registeel\n|-resisted|p1a: Registeel\n|-damage|p1a: Registeel|96\/100\n|\n|t:|1660223363\n|switch|p2a: Celebi|Celebi, shiny|100\/100|[from]move: U-turn\n|move|p1a: Registeel|Seismic Toss|p2a: Celebi\n|-damage|p2a: Celebi|76\/100\n|\n|-heal|p1a: Registeel|100\/100|[from] item: Leftovers\n|upkeep\n|turn|10\n|\n|t:|1660223374\n|move|p2a: Celebi|Psychic|p1a: Registeel\n|-resisted|p1a: Registeel\n|-damage|p1a: Registeel|93\/100\n|move|p1a: Registeel|Thunder Wave|p2a: Celebi|[miss]\n|-miss|p1a: Registeel|p2a: Celebi\n|\n|-heal|p1a: Registeel|99\/100|[from] item: Leftovers\n|upkeep\n|turn|11\n|\n|t:|1660223383\n|move|p2a: Celebi|Psychic|p1a: Registeel\n|-resisted|p1a: Registeel\n|-damage|p1a: Registeel|91\/100\n|move|p1a: Registeel|Heavy Slam|p2a: Celebi\n|-damage|p2a: Celebi|48\/100\n|\n|-heal|p1a: Registeel|97\/100|[from] item: Leftovers\n|upkeep\n|turn|12\n|\n|t:|1660223392\n|move|p2a: Celebi|Recover|p2a: Celebi\n|-heal|p2a: Celebi|98\/100\n|move|p1a: Registeel|Thunder Wave|p2a: Celebi\n|-status|p2a: Celebi|par\n|\n|-heal|p1a: Registeel|100\/100|[from] item: Leftovers\n|upkeep\n|turn|13\n|\n|t:|1660223400\n|move|p2a: Celebi|U-turn|p1a: Registeel\n|-resisted|p1a: Registeel\n|-damage|p1a: Registeel|96\/100\n|\n|t:|1660223402\n|-curestatus|p2a: Celebi|par|[from] ability: Natural Cure\n|switch|p2a: Metagross|Metagross, shiny|100\/100|[from]move: U-turn\n|-damage|p2a: Metagross|94\/100|[from] Stealth Rock\n|move|p1a: Registeel|Thunder Wave|p2a: Metagross\n|-status|p2a: Metagross|par\n|\n|-heal|p1a: Registeel|100\/100|[from] item: Leftovers\n|-heal|p2a: Metagross|100\/100 par|[from] item: Leftovers\n|upkeep\n|turn|14\n|\n|t:|1660223417\n|switch|p1a: Rotom|Rotom-Mow|100\/100\n|-damage|p1a: Rotom|88\/100|[from] Stealth Rock\n|switch|p2a: Celebi|Celebi, shiny|98\/100\n|\n|upkeep\n|turn|15\n|\n|t:|1660223426\n|move|p1a: Rotom|Trick|p2a: Celebi\n|-activate|p1a: Rotom|move: Trick|[of] p2a: Celebi\n|-item|p2a: Celebi|Choice Scarf|[from] move: Trick\n|-item|p1a: Rotom|Heavy-Duty Boots|[from] move: Trick\n|move|p2a: Celebi|U-turn|p1a: Rotom\n|-supereffective|p1a: Rotom\n|-damage|p1a: Rotom|51\/100\n|\n|t:|1660223436\n|switch|p2a: Salazzle|Salazzle, F, shiny|100\/100|[from]move: U-turn\n|-damage|p2a: Salazzle|76\/100|[from] Stealth Rock\n|\n|upkeep\n|turn|16\n|\n|t:|1660223442\n|switch|p1a: Crobat|Crobat, F|100\/100\n|move|p2a: Salazzle|Fire Blast|p1a: Crobat\n|-damage|p1a: Crobat|21\/100\n|\n|upkeep\n|turn|17\n|\n|t:|1660223452\n|move|p1a: Crobat|Brave Bird|p2a: Salazzle\n|-damage|p2a: Salazzle|8\/100\n|-damage|p1a: Crobat|5\/100|[from] Recoil\n|move|p2a: Salazzle|Fire Blast|p1a: Crobat\n|-damage|p1a: Crobat|0 fnt\n|faint|p1a: Crobat\n|\n|upkeep\n|\n|t:|1660223457\n|switch|p1a: Inteleon|Inteleon, M|100\/100\n|-damage|p1a: Inteleon|88\/100|[from] Stealth Rock\n|turn|18\n|\n|t:|1660223464\n|switch|p2a: Umbreon|Umbreon, M, shiny|99\/100\n|-damage|p2a: Umbreon|88\/100|[from] Stealth Rock\n|move|p1a: Inteleon|Snipe Shot|p2a: Umbreon\n|-damage|p2a: Umbreon|65\/100\n|\n|-heal|p2a: Umbreon|71\/100|[from] item: Leftovers\n|upkeep\n|turn|19\n|\n|t:|1660223479\n|move|p1a: Inteleon|Focus Energy|p1a: Inteleon\n|-start|p1a: Inteleon|move: Focus Energy\n|move|p2a: Umbreon|Wish|p2a: Umbreon\n|\n|-heal|p2a: Umbreon|77\/100|[from] item: Leftovers\n|upkeep\n|turn|20\n|j|\u265aMetallica126\n|\n|t:|1660223497\n|switch|p2a: Celebi|Celebi, shiny|98\/100\n|-damage|p2a: Celebi|85\/100|[from] Stealth Rock\n|move|p1a: Inteleon|Ice Beam|p2a: Celebi\n|-supereffective|p2a: Celebi\n|-crit|p2a: Celebi\n|-damage|p2a: Celebi|0 fnt\n|faint|p2a: Celebi\n|\n|upkeep\n|\n|t:|1660223505\n|switch|p2a: Umbreon|Umbreon, M, shiny|77\/100\n|-damage|p2a: Umbreon|64\/100|[from] Stealth Rock\n|turn|21\n|\n|t:|1660223508\n|move|p1a: Inteleon|Snipe Shot|p2a: Umbreon\n|-crit|p2a: Umbreon\n|-damage|p2a: Umbreon|10\/100\n|move|p2a: Umbreon|Wish|p2a: Umbreon\n|\n|-heal|p2a: Umbreon|16\/100|[from] item: Leftovers\n|upkeep\n|turn|22\n|\n|t:|1660223512\n|move|p2a: Umbreon|Protect|p2a: Umbreon\n|-singleturn|p2a: Umbreon|Protect\n|move|p1a: Inteleon|Snipe Shot|p2a: Umbreon\n|-activate|p2a: Umbreon|move: Protect\n|\n|-heal|p2a: Umbreon|66\/100|[from] move: Wish|[wisher] Umbreon\n|-heal|p2a: Umbreon|73\/100|[from] item: Leftovers\n|upkeep\n|turn|23\n|\n|t:|1660223537\n|move|p1a: Inteleon|Snipe Shot|p2a: Umbreon\n|-crit|p2a: Umbreon\n|-damage|p2a: Umbreon|19\/100\n|move|p2a: Umbreon|Wish|p2a: Umbreon\n|\n|-heal|p2a: Umbreon|25\/100|[from] item: Leftovers\n|upkeep\n|turn|24\n|inactive|AlIoutdragadarts has 120 seconds left.\n|\n|t:|1660223566\n|move|p2a: Umbreon|Protect|p2a: Umbreon\n|-singleturn|p2a: Umbreon|Protect\n|move|p1a: Inteleon|Ice Beam|p2a: Umbreon\n|-activate|p2a: Umbreon|move: Protect\n|\n|-heal|p2a: Umbreon|75\/100|[from] move: Wish|[wisher] Umbreon\n|-heal|p2a: Umbreon|81\/100|[from] item: Leftovers\n|upkeep\n|turn|25\n|\n|t:|1660223570\n|move|p1a: Inteleon|Snipe Shot|p2a: Umbreon\n|-crit|p2a: Umbreon\n|-damage|p2a: Umbreon|29\/100\n|move|p2a: Umbreon|Wish|p2a: Umbreon\n|\n|-heal|p2a: Umbreon|36\/100|[from] item: Leftovers\n|upkeep\n|turn|26\n|\n|t:|1660223584\n|move|p2a: Umbreon|Protect|p2a: Umbreon\n|-singleturn|p2a: Umbreon|Protect\n|move|p1a: Inteleon|Ice Beam|p2a: Umbreon\n|-activate|p2a: Umbreon|move: Protect\n|\n|-heal|p2a: Umbreon|86\/100|[from] move: Wish|[wisher] Umbreon\n|-heal|p2a: Umbreon|92\/100|[from] item: Leftovers\n|upkeep\n|turn|27\n|\n|t:|1660223612\n|switch|p1a: Umbreon|Umbreon, F|81\/100\n|-damage|p1a: Umbreon|69\/100|[from] Stealth Rock\n|move|p2a: Umbreon|Wish|p2a: Umbreon\n|\n|-heal|p2a: Umbreon|98\/100|[from] item: Leftovers\n|-heal|p1a: Umbreon|75\/100|[from] item: Leftovers\n|upkeep\n|turn|28\n|\n|t:|1660223624\n|move|p2a: Umbreon|Heal Bell|p2a: Umbreon\n|-activate|p2a: Umbreon|move: Heal Bell\n|-curestatus|p2: Metagross|par|[msg]\n|move|p1a: Umbreon|Wish|p1a: Umbreon\n|\n|-heal|p2a: Umbreon|100\/100|[from] move: Wish|[wisher] Umbreon\n|-heal|p1a: Umbreon|81\/100|[from] item: Leftovers\n|upkeep\n|turn|29\n|\n|t:|1660223632\n|switch|p1a: Rotom|Rotom-Mow|51\/100\n|move|p2a: Umbreon|Wish|p2a: Umbreon\n|\n|-heal|p1a: Rotom|100\/100|[from] move: Wish|[wisher] Umbreon\n|upkeep\n|turn|30\n|\n|t:|1660223641\n|move|p1a: Rotom|Nasty Plot|p1a: Rotom\n|-boost|p1a: Rotom|spa|2\n|move|p2a: Umbreon|Foul Play|p1a: Rotom\n|-damage|p1a: Rotom|77\/100\n|\n|upkeep\n|turn|31\n|\n|t:|1660223649\n|move|p1a: Rotom|Nasty Plot|p1a: Rotom\n|-boost|p1a: Rotom|spa|2\n|move|p2a: Umbreon|Foul Play|p1a: Rotom\n|-damage|p1a: Rotom|54\/100\n|\n|upkeep\n|turn|32\n|\n|t:|1660223659\n|move|p1a: Rotom|Volt Switch|p2a: Umbreon\n|-damage|p2a: Umbreon|47\/100\n|\n|t:|1660223663\n|switch|p1a: Umbreon|Umbreon, F|81\/100|[from]move: Volt Switch\n|-damage|p1a: Umbreon|69\/100|[from] Stealth Rock\n|move|p2a: Umbreon|Foul Play|p1a: Umbreon\n|-resisted|p1a: Umbreon\n|-damage|p1a: Umbreon|63\/100\n|\n|-heal|p2a: Umbreon|53\/100|[from] item: Leftovers\n|-heal|p1a: Umbreon|69\/100|[from] item: Leftovers\n|upkeep\n|turn|33\n|\n|t:|1660223671\n|switch|p2a: Metagross|Metagross, shiny|100\/100\n|-damage|p2a: Metagross|94\/100|[from] Stealth Rock\n|move|p1a: Umbreon|Wish|p1a: Umbreon\n|\n|-heal|p2a: Metagross|100\/100|[from] item: Leftovers\n|-heal|p1a: Umbreon|75\/100|[from] item: Leftovers\n|upkeep\n|turn|34\n|\n|t:|1660223677\n|switch|p1a: Golurk|Golurk|100\/100\n|-damage|p1a: Golurk|95\/100|[from] Stealth Rock\n|move|p2a: Metagross|Cosmic Power|p2a: Metagross\n|-boost|p2a: Metagross|def|1\n|-boost|p2a: Metagross|spd|1\n|\n|-heal|p1a: Golurk|100\/100|[from] move: Wish|[wisher] Umbreon\n|upkeep\n|turn|35\n|\n|t:|1660223684\n|move|p1a: Golurk|Poltergeist|p2a: Metagross\n|-activate|p2a: Metagross|move: Poltergeist|Leftovers\n|-supereffective|p2a: Metagross\n|-damage|p2a: Metagross|16\/100\n|move|p2a: Metagross|Cosmic Power|p2a: Metagross\n|-boost|p2a: Metagross|def|1\n|-boost|p2a: Metagross|spd|1\n|\n|-heal|p2a: Metagross|22\/100|[from] item: Leftovers\n|upkeep\n|turn|36\n|l| burstbean\n|\n|t:|1660223690\n|move|p1a: Golurk|Poltergeist|p2a: Metagross\n|-activate|p2a: Metagross|move: Poltergeist|Leftovers\n|-supereffective|p2a: Metagross\n|-damage|p2a: Metagross|0 fnt\n|faint|p2a: Metagross\n|\n|upkeep\n|c|\u2606AlIoutdragadarts|Gg\n|c|\u2606ss is damn short|gg\n|-message|AlIoutdragadarts forfeited.\n|\n|win|ss is damn short\n|n|\u2606ss is damn short|ssisdamnshort\n|n|\u2606AlIoutdragadarts|alioutdragadarts\n|n|\u265aMetallica126|metallica126\n|l|\u2606AlIoutdragadarts\n|l|\u2606ss is damn short\n|j|%gggguang\n|l|\u265aMetallica126\n|j|\u265aAllen-xia\n|l|\u265aAllen-xia\n|j| DuGuo\n","uploadtime":1660227702,"views":11,"p1id":"ssisdamnshort","p2id":"alioutdragadarts","formatid":"gen8ru","rating":0,"private":0,"password":null}