{"id":"china-gen6ou-5243142","p1":"YANZUI","p2":"AlIoutdragadarts","format":"gen6ou","log":"|uhtml|report-battle|<b>\u5c06\u5bf9\u6218\u94fe\u63a5\u516c\u5f00\u5230:<\/b> <button class=\"button\" name=\"send\" value=\"\/reportto skypillar\">Sky Pillar<\/button><button class=\"button\" name=\"send\" value=\"\/reportto shinx\">Shinx<\/button>\n|j|\u2606YANZUI\n|j|\u2606AlIoutdragadarts\n|inactive|Battle timer is ON: inactive players will automatically lose when time's up.\n|t:|1660393180\n|gametype|singles\n|player|p1|YANZUI|cpl2022slateporttorpedo.png|\n|player|p2|AlIoutdragadarts|battlegirl-gen4|\n|teamsize|p1|6\n|teamsize|p2|6\n|gen|6\n|tier|[Gen 6] OU\n|rated|Tournament battle\n|rule|Sleep Clause Mod: Limit one foe put to sleep\n|rule|Species Clause: Limit one of each Pok\u00e9mon\n|rule|OHKO Clause: OHKO moves are banned\n|rule|Moody Clause: Moody is banned\n|rule|Evasion Moves Clause: Evasion moves are banned\n|rule|Endless Battle Clause: Forcing endless battles is banned\n|rule|HP Percentage Mod: HP is shown in percentages\n|rule|Swagger Clause: Swagger is banned\n|clearpoke\n|poke|p1|Tyrantrum, M|item\n|poke|p1|Scizor, M|item\n|poke|p1|Serperior, F|item\n|poke|p1|Landorus-Therian, M|item\n|poke|p1|Volcarona, M|item\n|poke|p1|Latias, F|item\n|poke|p2|Lopunny, M|item\n|poke|p2|Cofagrigus, M|item\n|poke|p2|Weavile, M|item\n|poke|p2|Seismitoad, M|item\n|poke|p2|Excadrill, M|item\n|poke|p2|Thundurus-Therian, M|item\n|teampreview\n|j| jjjjijijkj\n|l| jjjjijijkj\n|j| wdzkz\n|j|\u265aaro nova\n|\n|t:|1660393203\n|start\n|switch|p1a: Landorus|Landorus-Therian, M|100\/100\n|switch|p2a: Cofagrigus|Cofagrigus, M, shiny|100\/100\n|-ability|p1a: Landorus|Intimidate|boost\n|-unboost|p2a: Cofagrigus|atk|1\n|turn|1\n|\n|t:|1660393207\n|move|p1a: Landorus|Stealth Rock|p2a: Cofagrigus\n|-sidestart|p2: AlIoutdragadarts|move: Stealth Rock\n|move|p2a: Cofagrigus|Toxic Spikes|p1a: Landorus\n|-sidestart|p1: YANZUI|move: Toxic Spikes\n|\n|upkeep\n|turn|2\n|j| cbz123\n|\n|t:|1660393223\n|switch|p1a: Serperior|Serperior, F|100\/100\n|-status|p1a: Serperior|psn\n|move|p2a: Cofagrigus|Will-O-Wisp||[still]\n|-fail|p2a: Cofagrigus\n|\n|-damage|p1a: Serperior|88\/100 psn|[from] psn\n|upkeep\n|turn|3\n|\n|t:|1660393237\n|switch|p2a: Weavile|Weavile, M, shiny|100\/100\n|-damage|p2a: Weavile|76\/100|[from] Stealth Rock\n|-ability|p2a: Weavile|Pressure\n|move|p1a: Serperior|Reflect|p1a: Serperior\n|-sidestart|p1: YANZUI|Reflect\n|\n|-damage|p1a: Serperior|76\/100 psn|[from] psn\n|upkeep\n|turn|4\n|\n|t:|1660393242\n|move|p2a: Weavile|Icicle Crash|p1a: Serperior\n|-supereffective|p1a: Serperior\n|-crit|p1a: Serperior\n|-damage|p1a: Serperior|0 fnt\n|faint|p1a: Serperior\n|\n|upkeep\n|\n|t:|1660393251\n|switch|p1a: Scizor|Scizor, M|100\/100\n|turn|5\n|\n|t:|1660393262\n|switch|p2a: Cofagrigus|Cofagrigus, M, shiny|100\/100\n|-damage|p2a: Cofagrigus|88\/100|[from] Stealth Rock\n|detailschange|p1a: Scizor|Scizor-Mega, M\n|-mega|p1a: Scizor|Scizor|Scizorite\n|move|p1a: Scizor|Swords Dance|p1a: Scizor\n|-boost|p1a: Scizor|atk|2\n|\n|-heal|p2a: Cofagrigus|94\/100|[from] item: Leftovers\n|upkeep\n|turn|6\n|\n|t:|1660393265\n|move|p1a: Scizor|Bullet Punch|p2a: Cofagrigus\n|-damage|p2a: Cofagrigus|47\/100\n|-activate|p2a: Cofagrigus|ability: Mummy|Technician|[of] p1a: Scizor\n|move|p2a: Cofagrigus|Will-O-Wisp|p1a: Scizor\n|-status|p1a: Scizor|brn\n|\n|-heal|p2a: Cofagrigus|53\/100|[from] item: Leftovers\n|-damage|p1a: Scizor|88\/100 brn|[from] brn\n|upkeep\n|turn|7\n|\n|t:|1660393271\n|move|p1a: Scizor|Swords Dance|p1a: Scizor\n|-boost|p1a: Scizor|atk|2\n|move|p2a: Cofagrigus|Pain Split|p1a: Scizor\n|-sethp|p1a: Scizor|74\/100 brn|[from] move: Pain Split|[silent]\n|-sethp|p2a: Cofagrigus|65\/100|[from] move: Pain Split\n|\n|-heal|p2a: Cofagrigus|72\/100|[from] item: Leftovers\n|-damage|p1a: Scizor|62\/100 brn|[from] brn\n|upkeep\n|turn|8\n|\n|t:|1660393278\n|move|p1a: Scizor|Swords Dance|p1a: Scizor\n|-boost|p1a: Scizor|atk|2\n|move|p2a: Cofagrigus|Hex|p1a: Scizor\n|-damage|p1a: Scizor|8\/100 brn\n|\n|-heal|p2a: Cofagrigus|78\/100|[from] item: Leftovers\n|-damage|p1a: Scizor|0 fnt|[from] brn\n|faint|p1a: Scizor\n|upkeep\n|\n|t:|1660393286\n|switch|p1a: Latias|Latias, F|100\/100\n|turn|9\n|\n|t:|1660393296\n|move|p1a: Latias|Light Screen|p1a: Latias\n|-sidestart|p1: YANZUI|move: Light Screen\n|move|p2a: Cofagrigus|Toxic Spikes|p1a: Latias\n|-sidestart|p1: YANZUI|move: Toxic Spikes\n|\n|-heal|p2a: Cofagrigus|84\/100|[from] item: Leftovers\n|upkeep\n|turn|10\n|\n|t:|1660393301\n|switch|p2a: Seismitoad|Seismitoad, M, shiny|100\/100\n|-damage|p2a: Seismitoad|94\/100|[from] Stealth Rock\n|move|p1a: Latias|Defog|p2a: Seismitoad\n|-unboost|p2a: Seismitoad|evasion|1\n|-sideend|p2: AlIoutdragadarts|Stealth Rock|[from] move: Defog|[of] p1a: Latias\n|-sideend|p1: YANZUI|Toxic Spikes|[from] move: Defog|[of] p1a: Latias\n|\n|-heal|p2a: Seismitoad|100\/100|[from] item: Leftovers\n|-sideend|p1: YANZUI|Reflect\n|upkeep\n|turn|11\n|\n|t:|1660393306\n|move|p1a: Latias|Reflect|p1a: Latias\n|-sidestart|p1: YANZUI|Reflect\n|move|p2a: Seismitoad|Stealth Rock|p1a: Latias\n|-sidestart|p1: YANZUI|move: Stealth Rock\n|\n|upkeep\n|turn|12\n|\n|t:|1660393310\n|move|p1a: Latias|Defog|p2a: Seismitoad\n|-unboost|p2a: Seismitoad|evasion|1\n|-sideend|p1: YANZUI|Stealth Rock|[from] move: Defog|[of] p1a: Latias\n|move|p2a: Seismitoad|Toxic|p1a: Latias\n|-status|p1a: Latias|tox\n|\n|-damage|p1a: Latias|94\/100 tox|[from] psn\n|upkeep\n|turn|13\n|\n|t:|1660393313\n|switch|p1a: Volcarona|Volcarona, M|100\/100\n|move|p2a: Seismitoad|Stealth Rock|p1a: Volcarona\n|-sidestart|p1: YANZUI|move: Stealth Rock\n|\n|upkeep\n|turn|14\n|\n|t:|1660393321\n|move|p1a: Volcarona|Quiver Dance|p1a: Volcarona\n|-boost|p1a: Volcarona|spa|1\n|-boost|p1a: Volcarona|spd|1\n|-boost|p1a: Volcarona|spe|1\n|move|p2a: Seismitoad|Toxic|p1a: Volcarona\n|-status|p1a: Volcarona|tox\n|-enditem|p1a: Volcarona|Lum Berry|[eat]\n|-curestatus|p1a: Volcarona|tox|[msg]\n|\n|upkeep\n|turn|15\n|j| bBing_Feng\u51b0\u8451\n|\n|t:|1660393326\n|move|p1a: Volcarona|Giga Drain|p2a: Seismitoad\n|-supereffective|p2a: Seismitoad\n|-damage|p2a: Seismitoad|0 fnt\n|faint|p2a: Seismitoad\n|\n|upkeep\n|\n|t:|1660393335\n|switch|p2a: Lopunny|Lopunny, M, shiny|100\/100\n|turn|16\n|\n|t:|1660393338\n|detailschange|p2a: Lopunny|Lopunny-Mega, M, shiny\n|-mega|p2a: Lopunny|Lopunny|Lopunnite\n|move|p2a: Lopunny|Fake Out|p1a: Volcarona\n|-damage|p1a: Volcarona|81\/100\n|-status|p2a: Lopunny|brn|[from] ability: Flame Body|[of] p1a: Volcarona\n|cant|p1a: Volcarona|flinch\n|\n|-damage|p2a: Lopunny|88\/100 brn|[from] brn\n|-sideend|p1: YANZUI|move: Light Screen\n|upkeep\n|turn|17\n|j| zhenghuoren\n|\n|t:|1660393349\n|switch|p2a: Cofagrigus|Cofagrigus, M, shiny|84\/100\n|move|p1a: Volcarona|Giga Drain|p2a: Cofagrigus\n|-damage|p2a: Cofagrigus|40\/100\n|-heal|p1a: Volcarona|100\/100|[from] drain|[of] p2a: Cofagrigus\n|\n|-heal|p2a: Cofagrigus|46\/100|[from] item: Leftovers\n|upkeep\n|turn|18\n|\n|t:|1660393351\n|move|p1a: Volcarona|Flamethrower|p2a: Cofagrigus\n|-damage|p2a: Cofagrigus|0 fnt\n|faint|p2a: Cofagrigus\n|\n|-sideend|p1: YANZUI|Reflect\n|upkeep\n|\n|t:|1660393356\n|switch|p2a: Lopunny|Lopunny-Mega, M, shiny|88\/100 brn\n|turn|19\n|\n|t:|1660393357\n|move|p2a: Lopunny|Fake Out|p1a: Volcarona\n|-damage|p1a: Volcarona|81\/100\n|cant|p1a: Volcarona|flinch\n|\n|-damage|p2a: Lopunny|76\/100 brn|[from] brn\n|upkeep\n|turn|20\n|\n|t:|1660393360\n|move|p1a: Volcarona|Flamethrower|p2a: Lopunny\n|-damage|p2a: Lopunny|0 fnt\n|faint|p2a: Lopunny\n|\n|upkeep\n|j| AquaRotom\n|\n|t:|1660393369\n|switch|p2a: Thundurus|Thundurus-Therian, M, shiny|100\/100\n|turn|21\n|\n|t:|1660393371\n|move|p1a: Volcarona|Flamethrower|p2a: Thundurus\n|-damage|p2a: Thundurus|17\/100\n|move|p2a: Thundurus|Thunderbolt|p1a: Volcarona\n|-damage|p1a: Volcarona|48\/100\n|-status|p1a: Volcarona|par\n|\n|-heal|p2a: Thundurus|23\/100|[from] item: Leftovers\n|upkeep\n|turn|22\n|\n|t:|1660393383\n|move|p2a: Thundurus|Thunderbolt|p1a: Volcarona\n|-damage|p1a: Volcarona|15\/100 par\n|move|p1a: Volcarona|Flamethrower|p2a: Thundurus\n|-damage|p2a: Thundurus|0 fnt\n|faint|p2a: Thundurus\n|\n|upkeep\n|c|\u2606AlIoutdragadarts|sorry\n|\n|t:|1660393392\n|switch|p2a: Weavile|Weavile, M, shiny|76\/100\n|-ability|p2a: Weavile|Pressure\n|turn|23\n|\n|t:|1660393398\n|move|p2a: Weavile|Icicle Crash|p1a: Volcarona\n|-resisted|p1a: Volcarona\n|-damage|p1a: Volcarona|0 fnt\n|faint|p1a: Volcarona\n|\n|upkeep\n|\n|t:|1660393404\n|switch|p1a: Latias|Latias, F|94\/100 tox\n|-damage|p1a: Latias|82\/100 tox|[from] Stealth Rock\n|turn|24\n|\n|t:|1660393406\n|move|p2a: Weavile|Icicle Crash|p1a: Latias\n|-supereffective|p1a: Latias\n|-damage|p1a: Latias|0 fnt\n|faint|p1a: Latias\n|\n|upkeep\n|\n|t:|1660393408\n|switch|p1a: Tyrantrum|Tyrantrum, M|100\/100\n|-damage|p1a: Tyrantrum|88\/100|[from] Stealth Rock\n|turn|25\n|c| bBing_Feng\u51b0\u8451|\u9f99\u7bad\uff0c\u5f00\u59cb\u4f60\u7684\u8868\u6f14\n|\n|t:|1660393412\n|move|p2a: Weavile|Icicle Crash|p1a: Tyrantrum\n|-supereffective|p1a: Tyrantrum\n|-damage|p1a: Tyrantrum|0 fnt\n|faint|p1a: Tyrantrum\n|\n|upkeep\n|\n|t:|1660393414\n|switch|p1a: Landorus|Landorus-Therian, M|100\/100\n|-damage|p1a: Landorus|88\/100|[from] Stealth Rock\n|-ability|p1a: Landorus|Intimidate|boost\n|-unboost|p2a: Weavile|atk|1\n|turn|26\n|\n|t:|1660393418\n|switch|p2a: Excadrill|Excadrill, M, shiny|100\/100\n|-ability|p2a: Excadrill|Mold Breaker\n|move|p1a: Landorus|Rock Tomb|p2a: Excadrill\n|-resisted|p2a: Excadrill\n|-damage|p2a: Excadrill|93\/100\n|-unboost|p2a: Excadrill|spe|1\n|\n|-heal|p2a: Excadrill|99\/100|[from] item: Leftovers\n|upkeep\n|turn|27\n|\n|t:|1660393423\n|move|p1a: Landorus|Explosion|p2a: Excadrill\n|-resisted|p2a: Excadrill\n|-damage|p2a: Excadrill|31\/100\n|faint|p1a: Landorus\n|\n|win|AlIoutdragadarts\n|n|\u2606YANZUI|yanzui\n|n|\u2606AlIoutdragadarts|alioutdragadarts\n|n| wdzkz|wdzkz\n|n|\u265aaro nova|aronova\n|n| cbz123|cbz123\n|n| bBing_Feng\u51b0\u8451|bbingfeng\n|n| zhenghuoren|zhenghuoren\n|n| AquaRotom|aquarotom\n|l|\u2606YANZUI\n|l|\u2606AlIoutdragadarts\n|l| bBing_Feng\u51b0\u8451\n|j|\u2606AlIoutdragadarts\n|player|p2|AlIoutdragadarts|battlegirl-gen4\n|l|\u2606AlIoutdragadarts\n|player|p2|\n|l| AquaRotom\n|j| DuGuo\n|l| DuGuo\n|j| DuGuo\n|l| DuGuo\n|l| zhenghuoren\n","uploadtime":1660394357,"views":9,"p1id":"yanzui","p2id":"alioutdragadarts","formatid":"gen6ou","rating":0,"private":0,"password":null}