{"id":"china-gen7ou-5375109","p1":"Metallica126","p2":"crying snow","format":"gen7ou","log":"|uhtml|report-battle|<b>\u5c06\u5bf9\u6218\u94fe\u63a5\u516c\u5f00\u5230:<\/b> <button class=\"button\" name=\"send\" value=\"\/reportto skypillar\">Sky Pillar<\/button><button class=\"button\" name=\"send\" value=\"\/reportto shinx\">Shinx<\/button>\n|j|\u2606Metallica126\n|j|\u2606crying snow\n|inactive|Battle timer is ON: inactive players will automatically lose when time's up.\n|t:|1662988975\n|gametype|singles\n|player|p1|Metallica126|erika-masters|\n|player|p2|crying snow|kimonogirl|\n|teamsize|p1|6\n|teamsize|p2|6\n|gen|7\n|tier|[Gen 7] OU\n|rated|Tournament battle\n|rule|Sleep Clause Mod: Limit one foe put to sleep\n|rule|Species Clause: Limit one of each Pok\u00e9mon\n|rule|OHKO Clause: OHKO moves are banned\n|rule|Moody Clause: Moody is banned\n|rule|Evasion Items Clause: Evasion items are banned\n|rule|Evasion Moves Clause: Evasion moves are banned\n|rule|Endless Battle Clause: Forcing endless battles is banned\n|rule|HP Percentage Mod: HP is shown in percentages\n|clearpoke\n|poke|p1|Charizard, F|item\n|poke|p1|Slowbro, F|item\n|poke|p1|Victini|item\n|poke|p1|Landorus-Therian, M|item\n|poke|p1|Excadrill, F|item\n|poke|p1|Hydreigon, F|item\n|poke|p2|Mawile, F|item\n|poke|p2|Rotom-Wash|item\n|poke|p2|Tornadus-Therian, M|item\n|poke|p2|Magearna|item\n|poke|p2|Kommo-o, M|item\n|poke|p2|Landorus-Therian, M|item\n|teampreview\n|inactive|Metallica126 also wants the timer to be on.\n|j|@pet lottery\n|c|\u2606Metallica126|hf\n|c|\u2606crying snow|u2\n|\n|t:|1662988992\n|start\n|switch|p1a: Slowbro|Slowbro, F|100\/100\n|switch|p2a: Rotom|Rotom-Wash|100\/100\n|turn|1\n|\n|t:|1662988997\n|move|p2a: Rotom|Volt Switch|p1a: Slowbro\n|-supereffective|p1a: Slowbro\n|-damage|p1a: Slowbro|36\/100\n|\n|t:|1662989001\n|switch|p2a: Magearna|Magearna|100\/100|[from]move: Volt Switch\n|move|p1a: Slowbro|Future Sight|p2a: Magearna\n|-start|p1a: Slowbro|move: Future Sight\n|\n|upkeep\n|turn|2\n|\n|t:|1662989026\n|switch|p2a: Landorus|Landorus-Therian, M|100\/100\n|-ability|p2a: Landorus|Intimidate|boost\n|-unboost|p1a: Slowbro|atk|1\n|switch|p1a: Excadrill|Excadrill, F|100\/100\n|-ability|p1a: Excadrill|Mold Breaker\n|\n|upkeep\n|turn|3\n|\n|t:|1662989037\n|switch|p1a: Landorus|Landorus-Therian, M|100\/100\n|-ability|p1a: Landorus|Intimidate|boost\n|-unboost|p2a: Landorus|atk|1\n|move|p2a: Landorus|U-turn|p1a: Landorus\n|-resisted|p1a: Landorus\n|-damage|p1a: Landorus|90\/100\n|j| wdzkz\n|j| tinsel towngirl\n|\n|t:|1662989041\n|switch|p2a: Tornadus|Tornadus-Therian, M|100\/100|[from]move: U-turn\n|\n|-end|p2a: Tornadus|move: Future Sight\n|-damage|p2a: Tornadus|46\/100\n|upkeep\n|turn|4\n|\n|t:|1662989052\n|switch|p2a: Rotom|Rotom-Wash|100\/100\n|move|p1a: Landorus|U-turn|p2a: Rotom\n|-damage|p2a: Rotom|66\/100\n|\n|t:|1662989055\n|switch|p1a: Slowbro|Slowbro, F|70\/100|[from]move: U-turn\n|\n|upkeep\n|turn|5\n|j|\u265abaibaiats\n|j| leotung\u5c0f\u8463\n|\n|t:|1662989062\n|move|p2a: Rotom|Volt Switch|p1a: Slowbro\n|-supereffective|p1a: Slowbro\n|-damage|p1a: Slowbro|6\/100\n|\n|t:|1662989069\n|switch|p2a: Tornadus|Tornadus-Therian, M|80\/100|[from]move: Volt Switch\n|move|p1a: Slowbro|Slack Off|p1a: Slowbro\n|-heal|p1a: Slowbro|56\/100\n|\n|upkeep\n|turn|6\n|\n|t:|1662989074\n|move|p2a: Tornadus|Hurricane|p1a: Slowbro|[miss]\n|-miss|p2a: Tornadus|p1a: Slowbro\n|move|p1a: Slowbro|Slack Off|p1a: Slowbro\n|-heal|p1a: Slowbro|100\/100\n|\n|upkeep\n|turn|7\n|\n|t:|1662989079\n|move|p2a: Tornadus|U-turn|p1a: Slowbro\n|-supereffective|p1a: Slowbro\n|-damage|p1a: Slowbro|79\/100\n|\n|t:|1662989093\n|switch|p2a: Rotom|Rotom-Wash|66\/100|[from]move: U-turn\n|move|p1a: Slowbro|Future Sight|p2a: Rotom\n|-start|p1a: Slowbro|move: Future Sight\n|\n|upkeep\n|turn|8\n|\n|t:|1662989099\n|switch|p1a: Excadrill|Excadrill, F|100\/100\n|-ability|p1a: Excadrill|Mold Breaker\n|move|p2a: Rotom|Volt Switch|p1a: Excadrill\n|-immune|p1a: Excadrill\n|\n|upkeep\n|turn|9\n|\n|t:|1662989103\n|switch|p2a: Tornadus|Tornadus-Therian, M|100\/100\n|switch|p1a: Charizard|Charizard, F|100\/100\n|\n|-end|p2a: Tornadus|move: Future Sight\n|-damage|p2a: Tornadus|47\/100\n|upkeep\n|turn|10\n|\n|t:|1662989106\n|switch|p1a: Slowbro|Slowbro, F|100\/100\n|move|p2a: Tornadus|U-turn|p1a: Slowbro\n|-supereffective|p1a: Slowbro\n|-damage|p1a: Slowbro|78\/100\n|\n|t:|1662989112\n|switch|p2a: Rotom|Rotom-Wash|66\/100|[from]move: U-turn\n|\n|upkeep\n|turn|11\n|\n|t:|1662989116\n|move|p2a: Rotom|Volt Switch|p1a: Slowbro\n|-supereffective|p1a: Slowbro\n|-damage|p1a: Slowbro|13\/100\n|j|\u265axiaqiu\n|inactive|crying snow has 120 seconds left.\n|\n|t:|1662989161\n|switch|p2a: Mawile|Mawile, F|100\/100|[from]move: Volt Switch\n|-ability|p2a: Mawile|Intimidate|boost\n|-unboost|p1a: Slowbro|atk|1\n|move|p1a: Slowbro|Future Sight|p2a: Mawile\n|-start|p1a: Slowbro|move: Future Sight\n|\n|upkeep\n|turn|12\n|\n|t:|1662989166\n|switch|p1a: Hydreigon|Hydreigon, F|100\/100\n|detailschange|p2a: Mawile|Mawile-Mega, F\n|-mega|p2a: Mawile|Mawile|Mawilite\n|move|p2a: Mawile|Play Rough|p1a: Hydreigon\n|-supereffective|p1a: Hydreigon\n|-damage|p1a: Hydreigon|0 fnt\n|faint|p1a: Hydreigon\n|\n|upkeep\n|\n|t:|1662989167\n|switch|p1a: Charizard|Charizard, F|100\/100\n|turn|13\n|inactive|crying snow has 120 seconds left.\n|\n|t:|1662989183\n|switch|p2a: Magearna|Magearna|100\/100\n|detailschange|p1a: Charizard|Charizard-Mega-Y, F\n|-mega|p1a: Charizard|Charizard|Charizardite Y\n|-weather|SunnyDay|[from] ability: Drought|[of] p1a: Charizard\n|move|p1a: Charizard|Flamethrower|p2a: Magearna\n|-supereffective|p2a: Magearna\n|-damage|p2a: Magearna|4\/100\n|\n|-weather|SunnyDay|[upkeep]\n|-end|p2a: Magearna|move: Future Sight\n|-resisted|p2a: Magearna\n|-damage|p2a: Magearna|0 fnt\n|faint|p2a: Magearna\n|upkeep\n|\n|t:|1662989187\n|switch|p2a: Kommo-o|Kommo-o, M|100\/100\n|turn|14\n|\n|t:|1662989191\n|switch|p1a: Slowbro|Slowbro, F|47\/100\n|move|p2a: Kommo-o|Stealth Rock|p1a: Slowbro\n|-sidestart|p1: Metallica126|move: Stealth Rock\n|\n|-weather|SunnyDay|[upkeep]\n|upkeep\n|turn|15\n|j| Lil Adastra\n|\n|t:|1662989211\n|switch|p2a: Mawile|Mawile-Mega, F|100\/100\n|-zpower|p1a: Slowbro\n|move|p1a: Slowbro|Shattered Psyche|p2a: Mawile|[zeffect]\n|-resisted|p2a: Mawile\n|-damage|p2a: Mawile|45\/100\n|\n|-weather|SunnyDay|[upkeep]\n|upkeep\n|turn|16\n|\n|t:|1662989216\n|switch|p1a: Landorus|Landorus-Therian, M|90\/100\n|-damage|p1a: Landorus|78\/100|[from] Stealth Rock\n|-ability|p1a: Landorus|Intimidate|boost\n|-unboost|p2a: Mawile|atk|1\n|move|p2a: Mawile|Play Rough|p1a: Landorus\n|-damage|p1a: Landorus|20\/100\n|-unboost|p1a: Landorus|atk|1\n|\n|-weather|SunnyDay|[upkeep]\n|upkeep\n|turn|17\n|\n|t:|1662989219\n|move|p2a: Mawile|Sucker Punch||[still]\n|-fail|p2a: Mawile\n|move|p1a: Landorus|Defog|p2a: Mawile\n|-unboost|p2a: Mawile|evasion|1\n|-sideend|p1: Metallica126|Stealth Rock|[from] move: Defog|[of] p1a: Landorus\n|\n|-weather|none\n|upkeep\n|turn|18\n|\n|t:|1662989227\n|switch|p1a: Excadrill|Excadrill, F|100\/100\n|-ability|p1a: Excadrill|Mold Breaker\n|move|p2a: Mawile|Play Rough|p1a: Excadrill\n|-resisted|p1a: Excadrill\n|-damage|p1a: Excadrill|64\/100\n|\n|-heal|p1a: Excadrill|70\/100|[from] item: Leftovers\n|upkeep\n|turn|19\n|\n|t:|1662989231\n|switch|p1a: Slowbro|Slowbro, F|80\/100\n|switch|p2a: Landorus|Landorus-Therian, M|100\/100\n|-ability|p2a: Landorus|Intimidate|boost\n|-unboost|p1a: Slowbro|atk|1\n|\n|upkeep\n|turn|20\n|\n|t:|1662989235\n|move|p2a: Landorus|U-turn|p1a: Slowbro\n|-supereffective|p1a: Slowbro\n|-damage|p1a: Slowbro|33\/100\n|\n|t:|1662989241\n|switch|p2a: Rotom|Rotom-Wash|66\/100|[from]move: U-turn\n|move|p1a: Slowbro|Future Sight|p2a: Rotom\n|-start|p1a: Slowbro|move: Future Sight\n|\n|upkeep\n|turn|21\n|\n|t:|1662989252\n|switch|p1a: Landorus|Landorus-Therian, M|20\/100\n|-ability|p1a: Landorus|Intimidate|boost\n|-unboost|p2a: Rotom|atk|1\n|move|p2a: Rotom|Hydro Pump|p1a: Landorus|[miss]\n|-miss|p2a: Rotom|p1a: Landorus\n|\n|upkeep\n|turn|22\n|\n|t:|1662989257\n|switch|p2a: Tornadus|Tornadus-Therian, M|81\/100\n|move|p1a: Landorus|Stone Edge|p2a: Tornadus\n|-supereffective|p2a: Tornadus\n|-damage|p2a: Tornadus|4\/100\n|\n|-end|p2a: Tornadus|move: Future Sight\n|-crit|p2a: Tornadus\n|-damage|p2a: Tornadus|0 fnt\n|faint|p2a: Tornadus\n|upkeep\n|\n|t:|1662989269\n|switch|p2a: Mawile|Mawile-Mega, F|45\/100\n|turn|23\n|\n|t:|1662989277\n|move|p1a: Landorus|Stone Edge|p2a: Mawile\n|-resisted|p2a: Mawile\n|-damage|p2a: Mawile|26\/100\n|move|p2a: Mawile|Play Rough|p1a: Landorus\n|-damage|p1a: Landorus|0 fnt\n|faint|p1a: Landorus\n|\n|upkeep\n|\n|t:|1662989281\n|switch|p1a: Charizard|Charizard-Mega-Y, F|100\/100\n|-weather|SunnyDay|[from] ability: Drought|[of] p1a: Charizard\n|turn|24\n|\n|t:|1662989284\n|switch|p1a: Victini|Victini|100\/100\n|switch|p2a: Kommo-o|Kommo-o, M|100\/100\n|\n|-weather|SunnyDay|[upkeep]\n|upkeep\n|turn|25\n|\n|t:|1662989293\n|move|p1a: Victini|V-create|p2a: Kommo-o\n|-resisted|p2a: Kommo-o\n|-damage|p2a: Kommo-o|35\/100\n|-unboost|p1a: Victini|spe|1\n|-unboost|p1a: Victini|def|1\n|-unboost|p1a: Victini|spd|1\n|move|p2a: Kommo-o|Stealth Rock|p1a: Victini\n|-sidestart|p1: Metallica126|move: Stealth Rock\n|\n|-weather|SunnyDay|[upkeep]\n|-heal|p2a: Kommo-o|42\/100|[from] item: Leftovers\n|upkeep\n|turn|26\n|j| JAMKRE\n|inactive|crying snow has 120 seconds left.\n|\n|t:|1662989346\n|move|p2a: Kommo-o|Close Combat|p1a: Victini\n|-resisted|p1a: Victini\n|-damage|p1a: Victini|66\/100\n|-unboost|p2a: Kommo-o|def|1\n|-unboost|p2a: Kommo-o|spd|1\n|move|p1a: Victini|V-create|p2a: Kommo-o\n|-resisted|p2a: Kommo-o\n|-damage|p2a: Kommo-o|0 fnt\n|-unboost|p1a: Victini|spe|1\n|-unboost|p1a: Victini|def|1\n|-unboost|p1a: Victini|spd|1\n|faint|p2a: Kommo-o\n|\n|-weather|SunnyDay|[upkeep]\n|upkeep\n|\n|t:|1662989352\n|switch|p2a: Mawile|Mawile-Mega, F|26\/100\n|turn|27\n|j|\u265aAllen-xia\n|\n|t:|1662989356\n|move|p2a: Mawile|Play Rough|p1a: Victini\n|-resisted|p1a: Victini\n|-damage|p1a: Victini|0 fnt\n|faint|p1a: Victini\n|\n|-weather|SunnyDay|[upkeep]\n|upkeep\n|\n|t:|1662989357\n|switch|p1a: Excadrill|Excadrill, F|70\/100\n|-damage|p1a: Excadrill|67\/100|[from] Stealth Rock\n|-ability|p1a: Excadrill|Mold Breaker\n|turn|28\n|inactive|crying snow has 120 seconds left.\n|\n|t:|1662989365\n|move|p2a: Mawile|Sucker Punch|p1a: Excadrill\n|-damage|p1a: Excadrill|7\/100\n|move|p1a: Excadrill|Rapid Spin|p2a: Mawile\n|-resisted|p2a: Mawile\n|-damage|p2a: Mawile|23\/100\n|-sideend|p1: Metallica126|Stealth Rock|[from] move: Rapid Spin|[of] p1a: Excadrill\n|\n|-weather|none\n|-heal|p1a: Excadrill|13\/100|[from] item: Leftovers\n|upkeep\n|turn|29\n|inactive|crying snow has 120 seconds left.\n|\n|t:|1662989389\n|switch|p1a: Charizard|Charizard-Mega-Y, F|100\/100\n|-weather|SunnyDay|[from] ability: Drought|[of] p1a: Charizard\n|move|p2a: Mawile|Play Rough|p1a: Charizard|[miss]\n|-miss|p2a: Mawile|p1a: Charizard\n|\n|-weather|SunnyDay|[upkeep]\n|upkeep\n|turn|30\n|j| YANZUI\n|j|\u265aqdhwefdw\n|c| YANZUI|\u6ce3\u96ea\uff01\n|j| OBZHAN233\n|inactive|crying snow has 90 seconds left.\n|c|\u2606Metallica126|\u6211\u7684\n|\n|t:|1662989447\n|switch|p2a: Rotom|Rotom-Wash|66\/100\n|move|p1a: Charizard|Flamethrower|p2a: Rotom\n|-resisted|p2a: Rotom\n|-damage|p2a: Rotom|12\/100\n|\n|-weather|SunnyDay|[upkeep]\n|upkeep\n|turn|31\n|\n|t:|1662989459\n|switch|p1a: Excadrill|Excadrill, F|13\/100\n|-ability|p1a: Excadrill|Mold Breaker\n|move|p2a: Rotom|Thunder Wave|p1a: Excadrill\n|-immune|p1a: Excadrill\n|\n|-weather|SunnyDay|[upkeep]\n|-heal|p1a: Excadrill|19\/100|[from] item: Leftovers\n|upkeep\n|turn|32\n|\n|t:|1662989466\n|switch|p2a: Landorus|Landorus-Therian, M|100\/100\n|-ability|p2a: Landorus|Intimidate|boost\n|-unboost|p1a: Excadrill|atk|1\n|switch|p1a: Slowbro|Slowbro, F|67\/100\n|\n|-weather|SunnyDay|[upkeep]\n|upkeep\n|turn|33\n|\n|t:|1662989490\n|move|p2a: Landorus|Swords Dance|p2a: Landorus\n|-boost|p2a: Landorus|atk|2\n|move|p1a: Slowbro|Flamethrower|p2a: Landorus\n|-damage|p2a: Landorus|45\/100\n|\n|-weather|none\n|upkeep\n|turn|34\n|\n|t:|1662989496\n|switch|p1a: Excadrill|Excadrill, F|19\/100\n|-ability|p1a: Excadrill|Mold Breaker\n|-zpower|p2a: Landorus\n|move|p2a: Landorus|Continental Crush|p1a: Excadrill|[zeffect]\n|-resisted|p1a: Excadrill\n|-damage|p1a: Excadrill|0 fnt\n|faint|p1a: Excadrill\n|\n|upkeep\n|\n|t:|1662989497\n|switch|p1a: Charizard|Charizard-Mega-Y, F|100\/100\n|-weather|SunnyDay|[from] ability: Drought|[of] p1a: Charizard\n|turn|35\n|\n|t:|1662989505\n|move|p1a: Charizard|Flamethrower|p2a: Landorus\n|-damage|p2a: Landorus|0 fnt\n|faint|p2a: Landorus\n|\n|-weather|SunnyDay|[upkeep]\n|upkeep\n|\n|t:|1662989514\n|switch|p2a: Mawile|Mawile-Mega, F|23\/100\n|turn|36\n|j| yiyiyi2\n|\n|t:|1662989530\n|move|p2a: Mawile|Sucker Punch|p1a: Charizard\n|-damage|p1a: Charizard|33\/100\n|move|p1a: Charizard|Flamethrower|p2a: Mawile\n|-supereffective|p2a: Mawile\n|-damage|p2a: Mawile|0 fnt\n|faint|p2a: Mawile\n|\n|-weather|SunnyDay|[upkeep]\n|upkeep\n|\n|t:|1662989533\n|switch|p2a: Rotom|Rotom-Wash|12\/100\n|turn|37\n|\n|t:|1662989535\n|move|p2a: Rotom|Volt Switch|p1a: Charizard\n|-supereffective|p1a: Charizard\n|-damage|p1a: Charizard|0 fnt\n|faint|p1a: Charizard\n|\n|-weather|SunnyDay|[upkeep]\n|upkeep\n|l| Lil Adastra\n|\n|t:|1662989537\n|switch|p1a: Slowbro|Slowbro, F|99\/100\n|turn|38\n|\n|t:|1662989538\n|move|p2a: Rotom|Volt Switch|p1a: Slowbro\n|-supereffective|p1a: Slowbro\n|-damage|p1a: Slowbro|33\/100\n|move|p1a: Slowbro|Flamethrower|p2a: Rotom\n|-resisted|p2a: Rotom\n|-damage|p2a: Rotom|0 fnt\n|faint|p2a: Rotom\n|\n|win|Metallica126\n|n|\u2606Metallica126|metallica126\n|n|\u2606crying snow|cryingsnow\n|n|@pet lottery|petlottery\n|n| wdzkz|wdzkz\n|n| tinsel towngirl|tinseltowngirl\n|n|\u265abaibaiats|baibaiats\n|n| leotung\u5c0f\u8463|leotung\n|n|\u265axiaqiu|xiaqiu\n|n| JAMKRE|jamkre\n|n|\u265aAllen-xia|allenxia\n|n| YANZUI|yanzui\n|n|\u265aqdhwefdw|qdhwefdw\n|n| OBZHAN233|obzhan233\n|n| yiyiyi2|yiyiyi2\n","uploadtime":1662989540,"views":10,"p1id":"metallica126","p2id":"cryingsnow","formatid":"gen7ou","rating":0,"private":0,"password":null}