{"id":"china-gen8ubers-748","p1":"gostop","p2":"rbu rbu","format":"gen8ubers","log":"|j|\u2606gostop\n|j|\u2606rbu rbu\n|t:|1615730689\n|player|p1|gostop|gostop.gif|\n|player|p2|rbu rbu|lass-gen4|\n|teamsize|p1|6\n|teamsize|p2|6\n|gametype|singles\n|gen|8\n|tier|[Gen 8] Ubers\n|clearpoke\n|poke|p1|Toxapex, F|\n|poke|p1|Blissey, F|\n|poke|p1|Dugtrio, M|\n|poke|p1|Ferrothorn, F|\n|poke|p1|Zygarde|\n|poke|p1|Grimmsnarl, M|\n|poke|p2|Kyogre|\n|poke|p2|Tangrowth, F|\n|poke|p2|Necrozma-Dusk-Mane|\n|poke|p2|Eternatus|\n|poke|p2|Yveltal|\n|poke|p2|Ditto|\n|rule|Sleep Clause Mod: Limit one foe put to sleep\n|rule|Species Clause: Limit one of each Pok\u00e9mon\n|rule|OHKO Clause: OHKO moves are banned\n|rule|Evasion Moves Clause: Evasion moves are banned\n|rule|Endless Battle Clause: Forcing endless battles is banned\n|rule|HP Percentage Mod: HP is shown in percentages\n|rule|Dynamax Clause: You cannot dynamax\n|teampreview\n|l|\u2606rbu rbu\n|player|p2|\n|j|\u2606rbu rbu\n|player|p2|rbu rbu|lass-gen4\n|c|\u2606rbu rbu|\u9501\u95e8\u4e86\uff1f\n|c|\u2606rbu rbu|\u6211\u597d\u50cf\u5fd8\u89e3\u5f00\u4e86\n|c|\u2606gostop|\u4f60\u89e3\u5f00\u5427\n|c|\u2606gostop|\u53ea\u6709\u4f60\u80fd\n|c|\u2606rbu rbu|\/log rbu rbu made this room public.\n|j| colorfulchocolate\n|j| Slow_Dream\n|\n|t:|1615730796\n|start\n|switch|p1a: Toxapex|Toxapex, F|100\/100\n|switch|p2a: Yveltal|Yveltal|100\/100\n|-ability|p2a: Yveltal|Dark Aura\n|turn|1\n|\n|t:|1615730803\n|move|p2a: Yveltal|Knock Off|p1a: Toxapex\n|-damage|p1a: Toxapex|70\/100\n|-damage|p2a: Yveltal|84\/100|[from] item: Rocky Helmet|[of] p1a: Toxapex\n|-enditem|p1a: Toxapex|Rocky Helmet|[from] move: Knock Off|[of] p2a: Yveltal\n|move|p1a: Toxapex|Toxic|p2a: Yveltal\n|-status|p2a: Yveltal|tox\n|\n|-damage|p2a: Yveltal|78\/100 tox|[from] psn\n|upkeep\n|turn|2\n|j| Fighting Snorlax\n|\n|t:|1615730816\n|switch|p2a: Eternatus|Eternatus|100\/100\n|-ability|p2a: Eternatus|Pressure\n|move|p1a: Toxapex|Knock Off|p2a: Eternatus\n|-damage|p2a: Eternatus|89\/100\n|-enditem|p2a: Eternatus|Black Sludge|[from] move: Knock Off|[of] p1a: Toxapex\n|\n|upkeep\n|turn|3\n|j| Metallica126\n|\n|t:|1615730854\n|move|p2a: Eternatus|Dynamax Cannon|p1a: Toxapex\n|-damage|p1a: Toxapex|33\/100\n|move|p1a: Toxapex|Toxic Spikes|p2a: Eternatus\n|-sidestart|p2: rbu rbu|move: Toxic Spikes\n|\n|upkeep\n|turn|4\n|\n|t:|1615730860\n|switch|p2a: Necrozma|Necrozma-Dusk-Mane|100\/100\n|switch|p1a: Blissey|Blissey, F|100\/100\n|\n|upkeep\n|turn|5\n|\n|t:|1615730873\n|switch|p2a: Eternatus|Eternatus|89\/100\n|-sideend|p2: rbu rbu|move: Toxic Spikes|[of] p2a: Eternatus\n|-ability|p2a: Eternatus|Pressure\n|switch|p1a: Zygarde|Zygarde|100\/100\n|\n|upkeep\n|turn|6\n|\n|t:|1615730906\n|switch|p2a: Tangrowth|Tangrowth, F|100\/100\n|switch|p1a: Blissey|Blissey, F|100\/100\n|\n|upkeep\n|turn|7\n|\n|t:|1615730912\n|switch|p1a: Toxapex|Toxapex, F|66\/100\n|move|p2a: Tangrowth|Knock Off|p1a: Toxapex\n|-damage|p1a: Toxapex|56\/100\n|\n|upkeep\n|turn|8\n|\n|t:|1615730917\n|move|p2a: Tangrowth|Sleep Powder|p1a: Toxapex\n|-status|p1a: Toxapex|slp|[from] move: Sleep Powder\n|cant|p1a: Toxapex|slp\n|\n|upkeep\n|turn|9\n|j|\u265aThe Steel Shadow\n|j| youke\n|inactive|Battle timer is ON: inactive players will automatically lose when time's up. (requested by rbu rbu)\n|\n|t:|1615730996\n|switch|p2a: Kyogre|Kyogre|100\/100\n|-weather|RainDance|[from] ability: Drizzle|[of] p2a: Kyogre\n|cant|p1a: Toxapex|slp\n|\n|-weather|RainDance|[upkeep]\n|upkeep\n|turn|10\n|\n|t:|1615731007\n|switch|p1a: Blissey|Blissey, F|100\/100\n|move|p2a: Kyogre|Scald|p1a: Blissey\n|-damage|p1a: Blissey|88\/100\n|-status|p1a: Blissey|brn\n|\n|-weather|RainDance|[upkeep]\n|-damage|p1a: Blissey|82\/100 brn|[from] brn\n|upkeep\n|turn|11\n|\n|t:|1615731018\n|switch|p2a: Necrozma|Necrozma-Dusk-Mane|100\/100\n|move|p1a: Blissey|Wish|p1a: Blissey\n|\n|-weather|RainDance|[upkeep]\n|-damage|p1a: Blissey|76\/100 brn|[from] brn\n|upkeep\n|turn|12\n|\n|t:|1615731025\n|switch|p1a: Zygarde|Zygarde|100\/100\n|move|p2a: Necrozma|Stealth Rock|p1a: Zygarde\n|-sidestart|p1: gostop|move: Stealth Rock\n|\n|-weather|RainDance|[upkeep]\n|upkeep\n|turn|13\n|\n|t:|1615731037\n|switch|p2a: Tangrowth|Tangrowth, F|100\/100\n|move|p1a: Zygarde|Glare|p2a: Tangrowth\n|-status|p2a: Tangrowth|par\n|\n|-weather|none\n|upkeep\n|turn|14\n|j| rubv\n|inactive|gostop has 270 seconds left.\n|\n|t:|1615731079\n|switch|p1a: Toxapex|Toxapex, F|90\/100 slp\n|-damage|p1a: Toxapex|77\/100 slp|[from] Stealth Rock\n|move|p2a: Tangrowth|Knock Off|p1a: Toxapex\n|-damage|p1a: Toxapex|68\/100 slp\n|\n|upkeep\n|turn|15\n|j| ywl19260817\n|\n|t:|1615731087\n|cant|p1a: Toxapex|slp\n|move|p2a: Tangrowth|Earthquake|p1a: Toxapex\n|-supereffective|p1a: Toxapex\n|-damage|p1a: Toxapex|42\/100 slp\n|\n|upkeep\n|turn|16\n|inactive|gostop has 270 seconds left.\n|\n|t:|1615731100\n|-curestatus|p1a: Toxapex|slp|[msg]\n|move|p1a: Toxapex|Recover|p1a: Toxapex\n|-heal|p1a: Toxapex|92\/100\n|cant|p2a: Tangrowth|par\n|\n|upkeep\n|turn|17\n|inactive|gostop has 270 seconds left.\n|\n|t:|1615731133\n|switch|p1a: Ferrothorn|Ferrothorn, F|100\/100\n|-damage|p1a: Ferrothorn|94\/100|[from] Stealth Rock\n|move|p2a: Tangrowth|Sleep Powder|p1a: Ferrothorn\n|-immune|p1a: Ferrothorn\n|\n|upkeep\n|turn|18\n|\n|t:|1615731140\n|move|p1a: Ferrothorn|Spikes|p2a: Tangrowth\n|-sidestart|p2: rbu rbu|Spikes\n|move|p2a: Tangrowth|Knock Off|p1a: Ferrothorn\n|-damage|p1a: Ferrothorn|81\/100\n|-damage|p2a: Tangrowth|88\/100 par|[from] ability: Iron Barbs|[of] p1a: Ferrothorn\n|-damage|p2a: Tangrowth|72\/100 par|[from] item: Rocky Helmet|[of] p1a: Ferrothorn\n|-enditem|p1a: Ferrothorn|Rocky Helmet|[from] move: Knock Off|[of] p2a: Tangrowth\n|\n|upkeep\n|turn|19\n|\n|t:|1615731159\n|switch|p1a: Toxapex|Toxapex, F|100\/100\n|-damage|p1a: Toxapex|88\/100|[from] Stealth Rock\n|switch|p2a: Ditto|Ditto|100\/100\n|-damage|p2a: Ditto|88\/100|[from] Spikes\n|-transform|p2a: Ditto|p1a: Toxapex|[from] ability: Imposter\n|\n|upkeep\n|turn|20\n|\n|t:|1615731170\n|switch|p1a: Dugtrio|Dugtrio, M|100\/100\n|-damage|p1a: Dugtrio|94\/100|[from] Stealth Rock\n|move|p2a: Ditto|Toxic Spikes|p1a: Dugtrio\n|-sidestart|p1: gostop|move: Toxic Spikes\n|\n|upkeep\n|turn|21\n|\n|t:|1615731177\n|move|p1a: Dugtrio|Earthquake|p2a: Ditto\n|-supereffective|p2a: Ditto\n|-damage|p2a: Ditto|27\/100\n|move|p2a: Ditto|Toxic Spikes|p1a: Dugtrio\n|-sidestart|p1: gostop|move: Toxic Spikes\n|\n|upkeep\n|turn|22\n|\n|t:|1615731182\n|move|p1a: Dugtrio|Earthquake|p2a: Ditto\n|-supereffective|p2a: Ditto\n|-damage|p2a: Ditto|0 fnt\n|faint|p2a: Ditto\n|\n|upkeep\n|\n|t:|1615731187\n|switch|p2a: Yveltal|Yveltal|78\/100 tox\n|-ability|p2a: Yveltal|Dark Aura\n|turn|23\n|inactive|gostop has 270 seconds left.\n|inactive|gostop has 240 seconds left.\n|j| stallgoddess777777\n|j|\u265aAllen-xia\u5bfb\u6b22\n|\n|t:|1615731231\n|switch|p1a: Toxapex|Toxapex, F|100\/100\n|-damage|p1a: Toxapex|88\/100|[from] Stealth Rock\n|-sideend|p1: gostop|move: Toxic Spikes|[of] p1a: Toxapex\n|move|p2a: Yveltal|Knock Off|p1a: Toxapex\n|-damage|p1a: Toxapex|65\/100\n|\n|-damage|p2a: Yveltal|72\/100 tox|[from] psn\n|upkeep\n|turn|24\n|inactive|gostop has 240 seconds left.\n|j|\u265an zyy\n|inactive|rbu rbu has 270 seconds left.\n|\n|t:|1615731271\n|move|p2a: Yveltal|Snarl|p1a: Toxapex\n|-damage|p1a: Toxapex|43\/100\n|-unboost|p1a: Toxapex|spa|1\n|move|p1a: Toxapex|Recover|p1a: Toxapex\n|-heal|p1a: Toxapex|93\/100\n|\n|-damage|p2a: Yveltal|59\/100 tox|[from] psn\n|upkeep\n|turn|25\n|inactive|gostop has 240 seconds left.\n|\n|t:|1615731282\n|move|p2a: Yveltal|Roost|p2a: Yveltal\n|-heal|p2a: Yveltal|100\/100 tox\n|-singleturn|p2a: Yveltal|move: Roost\n|move|p1a: Toxapex|Knock Off|p2a: Yveltal\n|-resisted|p2a: Yveltal\n|-damage|p2a: Yveltal|93\/100 tox\n|-enditem|p2a: Yveltal|Heavy-Duty Boots|[from] move: Knock Off|[of] p1a: Toxapex\n|\n|-damage|p2a: Yveltal|74\/100 tox|[from] psn\n|upkeep\n|turn|26\n|inactive|gostop has 240 seconds left.\n|\n|t:|1615731291\n|switch|p2a: Eternatus|Eternatus|89\/100\n|-damage|p2a: Eternatus|77\/100|[from] Spikes\n|-ability|p2a: Eternatus|Pressure\n|move|p1a: Toxapex|Toxic Spikes|p2a: Eternatus\n|-sidestart|p2: rbu rbu|move: Toxic Spikes\n|\n|upkeep\n|turn|27\n|inactive|gostop has 240 seconds left.\n|j| Paradise Seeker\n|\n|t:|1615731319\n|switch|p2a: Yveltal|Yveltal|74\/100 tox\n|-ability|p2a: Yveltal|Dark Aura\n|move|p1a: Toxapex|Knock Off|p2a: Yveltal\n|-resisted|p2a: Yveltal\n|-damage|p2a: Yveltal|69\/100 tox\n|\n|-damage|p2a: Yveltal|63\/100 tox|[from] psn\n|upkeep\n|turn|28\n|\n|t:|1615731336\n|move|p2a: Yveltal|Roost|p2a: Yveltal\n|-heal|p2a: Yveltal|100\/100 tox\n|-singleturn|p2a: Yveltal|move: Roost\n|move|p1a: Toxapex|Toxic Spikes|p2a: Yveltal\n|-sidestart|p2: rbu rbu|move: Toxic Spikes\n|\n|-damage|p2a: Yveltal|88\/100 tox|[from] psn\n|upkeep\n|turn|29\n|\n|t:|1615731340\n|move|p2a: Yveltal|Defog|p1a: Toxapex\n|-unboost|p1a: Toxapex|evasion|1\n|-sideend|p1: gostop|Stealth Rock|[from] move: Defog|[of] p2a: Yveltal\n|-sideend|p2: rbu rbu|Spikes|[from] move: Defog|[of] p2a: Yveltal\n|-sideend|p2: rbu rbu|Toxic Spikes|[from] move: Defog|[of] p2a: Yveltal\n|move|p1a: Toxapex|Toxic Spikes|p2a: Yveltal\n|-sidestart|p2: rbu rbu|move: Toxic Spikes\n|\n|-damage|p2a: Yveltal|70\/100 tox|[from] psn\n|upkeep\n|turn|30\n|j| Deep State\n|inactive|gostop has 240 seconds left.\n|l| Paradise Seeker\n|inactive|gostop has 210 seconds left.\n|\n|t:|1615731379\n|switch|p2a: Eternatus|Eternatus|77\/100\n|-sideend|p2: rbu rbu|move: Toxic Spikes|[of] p2a: Eternatus\n|-ability|p2a: Eternatus|Pressure\n|move|p1a: Toxapex|Knock Off|p2a: Eternatus\n|-damage|p2a: Eternatus|69\/100\n|\n|upkeep\n|turn|31\n|j| ooiee19962\n|\n|t:|1615731388\n|switch|p2a: Kyogre|Kyogre|100\/100\n|-weather|RainDance|[from] ability: Drizzle|[of] p2a: Kyogre\n|switch|p1a: Blissey|Blissey, F|76\/100\n|\n|-weather|RainDance|[upkeep]\n|upkeep\n|turn|32\n|\n|t:|1615731397\n|move|p2a: Kyogre|Calm Mind|p2a: Kyogre\n|-boost|p2a: Kyogre|spa|1\n|-boost|p2a: Kyogre|spd|1\n|move|p1a: Blissey|Toxic|p2a: Kyogre\n|-status|p2a: Kyogre|tox\n|\n|-weather|RainDance|[upkeep]\n|-damage|p2a: Kyogre|94\/100 tox|[from] psn\n|upkeep\n|turn|33\n|\n|t:|1615731412\n|move|p2a: Kyogre|Scald|p1a: Blissey\n|-damage|p1a: Blissey|56\/100\n|-status|p1a: Blissey|brn\n|move|p1a: Blissey|Confide|p2a: Kyogre\n|-unboost|p2a: Kyogre|spa|1\n|\n|-weather|RainDance|[upkeep]\n|-heal|p2a: Kyogre|100\/100 tox|[from] item: Leftovers\n|-damage|p2a: Kyogre|88\/100 tox|[from] psn\n|-damage|p1a: Blissey|50\/100 brn|[from] brn\n|upkeep\n|turn|34\n|\n|t:|1615731421\n|switch|p2a: Eternatus|Eternatus|69\/100\n|-ability|p2a: Eternatus|Pressure\n|move|p1a: Blissey|Soft-Boiled|p1a: Blissey\n|-heal|p1a: Blissey|99\/100 brn\n|\n|-weather|RainDance|[upkeep]\n|-damage|p1a: Blissey|93\/100 brn|[from] brn\n|upkeep\n|turn|35\n|\n|t:|1615731432\n|switch|p2a: Necrozma|Necrozma-Dusk-Mane|100\/100\n|-curestatus|p1a: Blissey|brn|[from] ability: Natural Cure\n|switch|p1a: Toxapex|Toxapex, F|100\/100\n|\n|-weather|none\n|upkeep\n|turn|36\n|l| ooiee19962\n|\n|t:|1615731444\n|switch|p1a: Ferrothorn|Ferrothorn, F|81\/100\n|move|p2a: Necrozma|Thunder Wave|p1a: Ferrothorn|[miss]\n|-miss|p2a: Necrozma|p1a: Ferrothorn\n|\n|upkeep\n|turn|37\n|j| ooiee19962\n|\n|t:|1615731466\n|move|p2a: Necrozma|Thunder Wave|p1a: Ferrothorn\n|-status|p1a: Ferrothorn|par\n|move|p1a: Ferrothorn|Spikes|p2a: Necrozma\n|-sidestart|p2: rbu rbu|Spikes\n|\n|upkeep\n|turn|38\n|l| colorfulchocolate\n|\n|t:|1615731486\n|switch|p2a: Yveltal|Yveltal|70\/100 tox\n|-ability|p2a: Yveltal|Dark Aura\n|move|p1a: Ferrothorn|Leech Seed|p2a: Yveltal\n|-start|p2a: Yveltal|move: Leech Seed\n|\n|-damage|p2a: Yveltal|57\/100 tox|[from] Leech Seed|[of] p1a: Ferrothorn\n|-heal|p1a: Ferrothorn|97\/100 par|[silent]\n|-damage|p2a: Yveltal|51\/100 tox|[from] psn\n|upkeep\n|turn|39\n|j| Paradise Seeker\n|inactive|gostop has 210 seconds left.\n|\n|t:|1615731502\n|move|p2a: Yveltal|Roost|p2a: Yveltal\n|-heal|p2a: Yveltal|100\/100 tox\n|-singleturn|p2a: Yveltal|move: Roost\n|move|p1a: Ferrothorn|Spikes|p2a: Yveltal\n|-sidestart|p2: rbu rbu|Spikes\n|\n|-damage|p2a: Yveltal|88\/100 tox|[from] Leech Seed|[of] p1a: Ferrothorn\n|-heal|p1a: Ferrothorn|100\/100 par|[silent]\n|-damage|p2a: Yveltal|76\/100 tox|[from] psn\n|upkeep\n|turn|40\n|inactive|gostop has 210 seconds left.\n|j| zzro\n|j| colorfulchocolate\n|\n|t:|1615731515\n|move|p2a: Yveltal|Defog|p1a: Ferrothorn\n|-unboost|p1a: Ferrothorn|evasion|1\n|-sideend|p2: rbu rbu|Spikes|[from] move: Defog|[of] p2a: Yveltal\n|move|p1a: Ferrothorn|Spikes|p2a: Yveltal\n|-sidestart|p2: rbu rbu|Spikes\n|\n|-damage|p2a: Yveltal|64\/100 tox|[from] Leech Seed|[of] p1a: Ferrothorn\n|-damage|p2a: Yveltal|45\/100 tox|[from] psn\n|upkeep\n|turn|41\n|inactive|gostop has 210 seconds left.\n|\n|t:|1615731536\n|switch|p2a: Eternatus|Eternatus|69\/100\n|-damage|p2a: Eternatus|56\/100|[from] Spikes\n|-ability|p2a: Eternatus|Pressure\n|move|p1a: Ferrothorn|Body Press|p2a: Eternatus\n|-resisted|p2a: Eternatus\n|-damage|p2a: Eternatus|45\/100\n|\n|upkeep\n|turn|42\n|j| Rampagewebber\n|j| Remnonc\n|\n|t:|1615731548\n|switch|p1a: Dugtrio|Dugtrio, M|94\/100\n|move|p2a: Eternatus|Recover|p2a: Eternatus\n|-heal|p2a: Eternatus|95\/100\n|\n|upkeep\n|turn|43\n|\n|t:|1615731555\n|move|p1a: Dugtrio|Earthquake|p2a: Eternatus\n|-supereffective|p2a: Eternatus\n|-damage|p2a: Eternatus|19\/100\n|move|p2a: Eternatus|Dynamax Cannon|p1a: Dugtrio\n|-damage|p1a: Dugtrio|5\/100\n|\n|upkeep\n|turn|44\n|inactive|gostop has 210 seconds left.\n|\n|t:|1615731561\n|move|p1a: Dugtrio|Earthquake|p2a: Eternatus\n|-supereffective|p2a: Eternatus\n|-damage|p2a: Eternatus|0 fnt\n|faint|p2a: Eternatus\n|\n|upkeep\n|\n|t:|1615731564\n|switch|p2a: Tangrowth|Tangrowth, F|100\/100 par\n|-damage|p2a: Tangrowth|88\/100 par|[from] Spikes\n|turn|45\n|inactive|gostop has 210 seconds left.\n|\n|t:|1615731590\n|switch|p1a: Toxapex|Toxapex, F|100\/100\n|move|p2a: Tangrowth|Knock Off|p1a: Toxapex\n|-damage|p1a: Toxapex|92\/100\n|\n|upkeep\n|turn|46\n|\n|t:|1615731595\n|switch|p2a: Kyogre|Kyogre|88\/100 tox\n|-damage|p2a: Kyogre|76\/100 tox|[from] Spikes\n|-weather|RainDance|[from] ability: Drizzle|[of] p2a: Kyogre\n|move|p1a: Toxapex|Toxic Spikes|p2a: Kyogre\n|-sidestart|p2: rbu rbu|move: Toxic Spikes\n|\n|-weather|RainDance|[upkeep]\n|-heal|p2a: Kyogre|82\/100 tox|[from] item: Leftovers\n|-damage|p2a: Kyogre|76\/100 tox|[from] psn\n|upkeep\n|turn|47\n|l| Remnonc\n|inactive|gostop has 210 seconds left.\n|l| rubv\n|l|\u2606rbu rbu\n|inactive|rbu rbu disconnected and has 300 seconds to reconnect!\n|player|p2|\n|j|\u265aDYWY\u2740\n|l|\u265an zyy\n|j|\u2606rbu rbu\n|inactive|rbu rbu reconnected and has 285 seconds left.\n|player|p2|rbu rbu|lass-gen4\n|j| Remnonc\n|\n|t:|1615731637\n|move|p2a: Kyogre|Calm Mind|p2a: Kyogre\n|-boost|p2a: Kyogre|spa|1\n|-boost|p2a: Kyogre|spd|1\n|move|p1a: Toxapex|Knock Off|p2a: Kyogre\n|-damage|p2a: Kyogre|65\/100 tox\n|-enditem|p2a: Kyogre|Leftovers|[from] move: Knock Off|[of] p1a: Toxapex\n|\n|-weather|RainDance|[upkeep]\n|-damage|p2a: Kyogre|52\/100 tox|[from] psn\n|upkeep\n|turn|48\n|j| burstbean\n|\n|t:|1615731645\n|switch|p1a: Blissey|Blissey, F|93\/100\n|move|p2a: Kyogre|Block|p1a: Blissey\n|-activate|p1a: Blissey|trapped\n|\n|-weather|RainDance|[upkeep]\n|-damage|p2a: Kyogre|34\/100 tox|[from] psn\n|upkeep\n|turn|49\n|inactive|gostop has 210 seconds left.\n|\n|t:|1615731657\n|move|p2a: Kyogre|Rest|p2a: Kyogre\n|-status|p2a: Kyogre|slp|[from] move: Rest\n|-heal|p2a: Kyogre|100\/100 slp|[silent]\n|move|p1a: Blissey|Confide|p2a: Kyogre\n|-unboost|p2a: Kyogre|spa|1\n|\n|-weather|RainDance|[upkeep]\n|upkeep\n|turn|50\n|inactive|gostop has 210 seconds left.\n|inactive|gostop has 180 seconds left.\n|inactive|gostop has 150 seconds left.\n|\n|t:|1615731729\n|cant|p2a: Kyogre|slp\n|move|p1a: Blissey|Toxic||[still]\n|-fail|p1a: Blissey\n|\n|-weather|none\n|upkeep\n|turn|51\n|\n|t:|1615731733\n|cant|p2a: Kyogre|slp\n|move|p1a: Blissey|Toxic||[still]\n|-fail|p1a: Blissey\n|\n|upkeep\n|turn|52\n|\n|t:|1615731747\n|-curestatus|p2a: Kyogre|slp|[msg]\n|move|p2a: Kyogre|Calm Mind|p2a: Kyogre\n|-boost|p2a: Kyogre|spa|1\n|-boost|p2a: Kyogre|spd|1\n|move|p1a: Blissey|Wish|p1a: Blissey\n|\n|upkeep\n|turn|53\n|\n|t:|1615731751\n|move|p2a: Kyogre|Scald|p1a: Blissey\n|-damage|p1a: Blissey|73\/100\n|-status|p1a: Blissey|brn\n|move|p1a: Blissey|Confide|p2a: Kyogre\n|-unboost|p2a: Kyogre|spa|1\n|\n|-heal|p1a: Blissey|100\/100 brn|[from] move: Wish|[wisher] Blissey\n|-damage|p1a: Blissey|94\/100 brn|[from] brn\n|upkeep\n|turn|54\n|\n|t:|1615731774\n|move|p2a: Kyogre|Calm Mind|p2a: Kyogre\n|-boost|p2a: Kyogre|spa|1\n|-boost|p2a: Kyogre|spd|1\n|move|p1a: Blissey|Confide|p2a: Kyogre\n|-unboost|p2a: Kyogre|spa|1\n|\n|-damage|p1a: Blissey|88\/100 brn|[from] brn\n|upkeep\n|turn|55\n|l|\u265aThe Steel Shadow\n|\n|t:|1615731785\n|move|p2a: Kyogre|Scald|p1a: Blissey\n|-crit|p1a: Blissey\n|-damage|p1a: Blissey|67\/100 brn\n|move|p1a: Blissey|Wish|p1a: Blissey\n|\n|-damage|p1a: Blissey|61\/100 brn|[from] brn\n|upkeep\n|turn|56\n|\n|t:|1615731790\n|move|p2a: Kyogre|Calm Mind|p2a: Kyogre\n|-boost|p2a: Kyogre|spa|1\n|-boost|p2a: Kyogre|spd|1\n|move|p1a: Blissey|Confide|p2a: Kyogre\n|-unboost|p2a: Kyogre|spa|1\n|\n|-heal|p1a: Blissey|100\/100 brn|[from] move: Wish|[wisher] Blissey\n|-damage|p1a: Blissey|94\/100 brn|[from] brn\n|upkeep\n|turn|57\n|j| leafmonth\n|j|&WwlWss\n|l|\u265aAllen-xia\u5bfb\u6b22\n|\n|t:|1615731809\n|move|p2a: Kyogre|Calm Mind|p2a: Kyogre\n|-boost|p2a: Kyogre|spa|1\n|-boost|p2a: Kyogre|spd|1\n|move|p1a: Blissey|Confide|p2a: Kyogre\n|-unboost|p2a: Kyogre|spa|1\n|\n|-damage|p1a: Blissey|88\/100 brn|[from] brn\n|upkeep\n|turn|58\n|j| Nobeta\n|\n|t:|1615731817\n|move|p2a: Kyogre|Calm Mind|p2a: Kyogre\n|-boost|p2a: Kyogre|spa|1\n|-boost|p2a: Kyogre|spd|1\n|move|p1a: Blissey|Confide|p2a: Kyogre\n|-unboost|p2a: Kyogre|spa|1\n|\n|-damage|p1a: Blissey|82\/100 brn|[from] brn\n|upkeep\n|turn|59\n|\n|t:|1615731820\n|move|p2a: Kyogre|Scald|p1a: Blissey\n|-damage|p1a: Blissey|69\/100 brn\n|move|p1a: Blissey|Confide|p2a: Kyogre\n|-unboost|p2a: Kyogre|spa|1\n|\n|-damage|p1a: Blissey|63\/100 brn|[from] brn\n|upkeep\n|turn|60\n|inactive|gostop has 180 seconds left.\n|\n|t:|1615731829\n|switch|p2a: Necrozma|Necrozma-Dusk-Mane|100\/100\n|-damage|p2a: Necrozma|88\/100|[from] Spikes\n|move|p1a: Blissey|Soft-Boiled|p1a: Blissey\n|-heal|p1a: Blissey|100\/100 brn\n|\n|-heal|p2a: Necrozma|94\/100|[from] item: Leftovers\n|-damage|p1a: Blissey|94\/100 brn|[from] brn\n|upkeep\n|turn|61\n|l| Metallica126\n|inactive|gostop has 180 seconds left.\n|j|\u265aAllen-xia\u5bfb\u6b22\n|\n|t:|1615731849\n|-curestatus|p1a: Blissey|brn|[from] ability: Natural Cure\n|switch|p1a: Ferrothorn|Ferrothorn, F|100\/100 par\n|move|p2a: Necrozma|Stealth Rock|p1a: Ferrothorn\n|-sidestart|p1: gostop|move: Stealth Rock\n|\n|-heal|p2a: Necrozma|99\/100|[from] item: Leftovers\n|upkeep\n|turn|62\n|\n|t:|1615731866\n|switch|p2a: Kyogre|Kyogre|100\/100\n|-status|p2a: Kyogre|psn\n|-damage|p2a: Kyogre|88\/100 psn|[from] Spikes\n|-weather|RainDance|[from] ability: Drizzle|[of] p2a: Kyogre\n|move|p1a: Ferrothorn|Spikes|p2a: Kyogre\n|-sidestart|p2: rbu rbu|Spikes\n|\n|-weather|RainDance|[upkeep]\n|-damage|p2a: Kyogre|76\/100 psn|[from] psn\n|upkeep\n|turn|63\n|inactive|gostop has 180 seconds left.\n|j| menhera chan\n|\n|t:|1615731888\n|move|p2a: Kyogre|Block|p1a: Ferrothorn\n|-activate|p1a: Ferrothorn|trapped\n|move|p1a: Ferrothorn|Leech Seed|p2a: Kyogre\n|-start|p2a: Kyogre|move: Leech Seed\n|\n|-weather|RainDance|[upkeep]\n|-damage|p2a: Kyogre|63\/100 psn|[from] Leech Seed|[of] p1a: Ferrothorn\n|-damage|p2a: Kyogre|51\/100 psn|[from] psn\n|upkeep\n|turn|64\n|\n|t:|1615731894\n|move|p2a: Kyogre|Rest|p2a: Kyogre\n|-status|p2a: Kyogre|slp|[from] move: Rest\n|-heal|p2a: Kyogre|100\/100 slp|[silent]\n|cant|p1a: Ferrothorn|par\n|\n|-weather|RainDance|[upkeep]\n|-damage|p2a: Kyogre|88\/100 slp|[from] Leech Seed|[of] p1a: Ferrothorn\n|upkeep\n|turn|65\n|l| menhera chan\n|\n|t:|1615731897\n|cant|p2a: Kyogre|slp\n|cant|p1a: Ferrothorn|par\n|\n|-weather|RainDance|[upkeep]\n|-damage|p2a: Kyogre|76\/100 slp|[from] Leech Seed|[of] p1a: Ferrothorn\n|upkeep\n|turn|66\n|l| colorfulchocolate\n|\n|t:|1615731904\n|cant|p2a: Kyogre|slp\n|move|p1a: Ferrothorn|Iron Defense|p1a: Ferrothorn\n|-boost|p1a: Ferrothorn|def|2\n|\n|-weather|none\n|-damage|p2a: Kyogre|63\/100 slp|[from] Leech Seed|[of] p1a: Ferrothorn\n|upkeep\n|turn|67\n|\n|t:|1615731916\n|switch|p2a: Yveltal|Yveltal|45\/100 tox\n|-ability|p2a: Yveltal|Dark Aura\n|move|p1a: Ferrothorn|Body Press|p2a: Yveltal\n|-damage|p2a: Yveltal|0 fnt\n|faint|p2a: Yveltal\n|\n|upkeep\n|-message|rbu rbu forfeited.\n|\n|win|gostop\n|l|\u2606rbu rbu\n|j| colorfulchocolate\n|l| stallgoddess777777\n|l| Rampagewebber\n|l| colorfulchocolate\n|l|\u265aDYWY\u2740\n|l| Nobeta\n|l| ooiee19962\n|l| leafmonth\n|l| ywl19260817\n|l| burstbean\n|l| Slow_Dream\n|l|\u265aAllen-xia\u5bfb\u6b22\n|l| Fighting Snorlax\n|l| zzro\n|l| youke\n|l| Paradise Seeker\n","uploadtime":1615731957,"views":96,"p1id":"gostop","p2id":"rburbu","formatid":"gen8ubers","rating":0,"private":0,"password":null}