{"id":"china-gen8rougemod-5677794","p1":"PS China Bot","p2":"HQSTest","format":"gen8rougemod","log":"|j|\u2606PS China Bot\n|j|\u2606HQSTest\n|l|\u2606PS China Bot\n|player|p1|\n|t:|1665702955\n|gametype|singles\n|player|p1|PS China Bot|169|\n|player|p2|HQSTest|veteranf|\n|teamsize|p1|2\n|teamsize|p2|4\n|gen|8\n|tier|[Gen 8] Rouge Mod\n|rule|Dynamax Clause: You cannot dynamax\n|\n|t:|1665702955\n|start\n|switch|p1a: Nidorino|Nidorino, L30, M|100\/100\n|switch|p2a: Chimchar|Chimchar, L30, M|100\/100\n|turn|1\n|\n|t:|1665702958\n|move|p2a: Chimchar|Overheat|p1a: Nidorino\n|-damage|p1a: Nidorino|14\/100\n|-unboost|p2a: Chimchar|spa|2\n|-enditem|p1a: Nidorino|Sitrus Berry|[eat]\n|-heal|p1a: Nidorino|39\/100|[from] item: Sitrus Berry\n|move|p1a: Nidorino|Drill Run|p2a: Chimchar\n|-supereffective|p2a: Chimchar\n|-damage|p2a: Chimchar|22\/100\n|\n|upkeep\n|turn|2\n|\n|t:|1665702961\n|move|p2a: Chimchar|Overheat|p1a: Nidorino|[miss]\n|-miss|p2a: Chimchar|p1a: Nidorino\n|move|p1a: Nidorino|Stomping Tantrum|p2a: Chimchar\n|-supereffective|p2a: Chimchar\n|-damage|p2a: Chimchar|0 fnt\n|faint|p2a: Chimchar\n|\n|upkeep\n|\n|t:|1665702963\n|switch|p2a: Sneasel|Sneasel, L30, M|100\/100\n|turn|3\n|\n|t:|1665702966\n|move|p2a: Sneasel|Ice Punch|p1a: Nidorino\n|-damage|p1a: Nidorino|0 fnt\n|faint|p1a: Nidorino\n|\n|upkeep\n|\n|t:|1665702966\n|switch|p1a: Corsola|Corsola-Galar, L29, F|100\/100\n|turn|4\n|\n|t:|1665702968\n|move|p2a: Sneasel|Triple Axel|p1a: Corsola\n|-damage|p1a: Corsola|89\/100\n|-damage|p1a: Corsola|68\/100\n|-hitcount|p1a: Corsola|2\n|move|p1a: Corsola|Scald|p2a: Sneasel\n|-damage|p2a: Sneasel|79\/100\n|\n|upkeep\n|turn|5\n|\n|t:|1665702971\n|move|p2a: Sneasel|Triple Axel|p1a: Corsola\n|-damage|p1a: Corsola|57\/100\n|-crit|p1a: Corsola\n|-damage|p1a: Corsola|26\/100\n|-enditem|p1a: Corsola|Sitrus Berry|[eat]\n|-heal|p1a: Corsola|50\/100|[from] item: Sitrus Berry\n|-damage|p1a: Corsola|16\/100\n|-hitcount|p1a: Corsola|3\n|move|p1a: Corsola|Scald|p2a: Sneasel\n|-damage|p2a: Sneasel|58\/100\n|-status|p2a: Sneasel|brn\n|\n|-damage|p2a: Sneasel|52\/100 brn|[from] brn\n|upkeep\n|turn|6\n|\n|t:|1665702973\n|move|p2a: Sneasel|Triple Axel|p1a: Corsola\n|-damage|p1a: Corsola|11\/100\n|-hitcount|p1a: Corsola|1\n|move|p1a: Corsola|Night Shade|p2a: Sneasel\n|-damage|p2a: Sneasel|16\/100 brn\n|\n|-damage|p2a: Sneasel|10\/100 brn|[from] brn\n|upkeep\n|turn|7\n|\n|t:|1665702975\n|move|p2a: Sneasel|Triple Axel|p1a: Corsola\n|-damage|p1a: Corsola|4\/100\n|-damage|p1a: Corsola|0 fnt\n|faint|p1a: Corsola\n|-hitcount|p1: Corsola|2\n|\n|-damage|p2a: Sneasel|4\/100 brn|[from] brn\n|upkeep\n|\n|t:|1665702975\n|switch|p1a: Shopowner|Magikarp, L5, M|100\/100\n|turn|8\n|\n|t:|1665702977\n|-weather|Sandstorm\n|switch|p2a: Reward|Shop, F|100\/100\n|\n|-weather|Sandstorm|[upkeep]\n|upkeep\n|turn|9\n|\n|t:|1665702986\n|move|p2a: Reward|Choose One Mon Three Evs Half|p2a: Reward\n|move|p1a: Shopowner|Splash|p1a: Shopowner\n|-nothing\n|\n|-weather|Sandstorm|[upkeep]\n|upkeep\n|turn|10\n|\n|t:|1665702988\n|move|p2a: Reward|Pokemon 1 Three Evs Half|p2a: Reward\n|html|<div class=\"broadcast-green\"><strong>your Chimchar's spd,spe and spa has been half<\/strong><\/div>\n|move|p1a: Shopowner|Splash|p1a: Shopowner\n|-nothing\n|\n|-weather|Sandstorm|[upkeep]\n|upkeep\n|turn|11\n|\n|t:|1665702991\n|move|p2a: Reward|move room|p2a: Reward\n|faint|p1a: Shopowner\n|html|<button class=\"button\" name=\"send\" value=\"\/rouge next\">Next Wave<\/button>\n|\n|win|HQSTest\n","uploadtime":1665702995,"views":6,"p1id":"pschinabot","p2id":"hqstest","formatid":"gen8rougemod","rating":0,"private":0,"password":null}