{"id":"china-gen8petmode-952568","p1":"lonietzzz","p2":"PS China Bot","format":"gen8petmode","log":"|j|\u2606lonietzzz\n|j|\u2606PS China Bot\n|t:|1625643722\n|gametype|singles\n|player|p1|lonietzzz|pokemonbreederf|\n|player|p2|PS China Bot|120|\n|teamsize|p1|6\n|teamsize|p2|5\n|gen|8\n|tier|[Gen 8] Pet Mode \u5ba0\u7269\u6a21\u5f0f\n|rule|Dynamax Clause: You cannot dynamax\n|html|<div class=\"broadcast-green\"><strong>\u8bad\u7ec3\u5bb6PS China Bot\u5f00\u59cb\u6311\u6218\u51b0\u84dd\u9053\u9986!<\/strong><\/div>\n|rule|Evasion Moves Clause: Evasion moves are banned\n|rule|Sleep Clause Mod: Limit one foe put to sleep\n|\n|t:|1625643722\n|start\n|message|\u8fd9\u91cc\u662f\u84dd\u8272\u4e09\u9986\u7684\u6700\u540e\u4e00\u7ad9\u3002\u5728\u96ea\u5c71\u5f53\u4e2d\u6700\u81f4\u547d\u5c31\u662f\u65e0\u5c3d\u7684\u66b4\u98ce\u96ea\u4e0e\u51b0\u96f9\uff0c\u4f46\u613f\u4f60\u80fd\u51b2\u7834\u8fd9\u91cd\u91cd\u7684\u9669\u963b\u3002\n|switch|p1a: Torkoal|Torkoal, L30, F|106\/106\n|switch|p2a: Vanilluxe|Vanilluxe, L30, M|91\/91\n|-weather|Hail|[from] ability: Snow Warning|[of] p2a: Vanilluxe\n|-weather|SunnyDay|[from] ability: Drought|[of] p1a: Torkoal\n|turn|1\n|\n|t:|1625643726\n|-weather|Hail\n|move|p2a: Vanilluxe|Aurora Veil|p2a: Vanilluxe\n|-sidestart|p2: PS China Bot|move: Aurora Veil\n|move|p1a: Torkoal|Stealth Rock|p2a: Vanilluxe\n|-sidestart|p2: PS China Bot|move: Stealth Rock\n|\n|-weather|Hail|[upkeep]\n|-damage|p1a: Torkoal|100\/106|[from] Hail\n|upkeep\n|turn|2\n|\n|t:|1625643730\n|move|p2a: Vanilluxe|Blizzard|p1a: Torkoal\n|-resisted|p1a: Torkoal\n|-damage|p1a: Torkoal|50\/106\n|move|p1a: Torkoal|Yawn|p2a: Vanilluxe\n|-start|p2a: Vanilluxe|move: Yawn|[of] p1a: Torkoal\n|\n|-weather|Hail|[upkeep]\n|-damage|p1a: Torkoal|44\/106|[from] Hail\n|upkeep\n|turn|3\n|\n|t:|1625643733\n|move|p2a: Vanilluxe|Blizzard|p1a: Torkoal\n|-resisted|p1a: Torkoal\n|-damage|p1a: Torkoal|0 fnt\n|faint|p1a: Torkoal\n|\n|-weather|Hail|[upkeep]\n|-end|p2a: Vanilluxe|move: Yawn|[silent]\n|-status|p2a: Vanilluxe|slp\n|upkeep\n|\n|t:|1625643736\n|switch|p1a: Vivillon|Vivillon, L30, F|109\/109\n|turn|4\n|\n|t:|1625643738\n|cant|p2a: Vanilluxe|slp\n|move|p1a: Vivillon|Quiver Dance|p1a: Vivillon\n|-boost|p1a: Vivillon|spa|1\n|-boost|p1a: Vivillon|spd|1\n|-boost|p1a: Vivillon|spe|1\n|\n|-weather|Hail|[upkeep]\n|-damage|p1a: Vivillon|103\/109|[from] Hail\n|-heal|p1a: Vivillon|109\/109|[from] item: Leftovers\n|upkeep\n|turn|5\n|\n|t:|1625643741\n|move|p1a: Vivillon|Substitute|p1a: Vivillon\n|-start|p1a: Vivillon|Substitute\n|-damage|p1a: Vivillon|82\/109\n|-curestatus|p2a: Vanilluxe|slp|[msg]\n|move|p2a: Vanilluxe|Aurora Veil||[still]\n|-fail|p2a: Vanilluxe\n|\n|-weather|none\n|-heal|p1a: Vivillon|88\/109|[from] item: Leftovers\n|upkeep\n|turn|6\n|\n|t:|1625643745\n|-weather|Hail\n|move|p1a: Vivillon|Sleep Powder|p2a: Vanilluxe\n|-status|p2a: Vanilluxe|slp|[from] move: Sleep Powder\n|cant|p2a: Vanilluxe|slp\n|\n|-weather|Hail|[upkeep]\n|-damage|p1a: Vivillon|82\/109|[from] Hail\n|-heal|p1a: Vivillon|88\/109|[from] item: Leftovers\n|upkeep\n|turn|7\n|\n|t:|1625643748\n|move|p1a: Vivillon|Infestation|p2a: Vanilluxe\n|-damage|p2a: Vanilluxe|86\/91 slp\n|-activate|p2a: Vanilluxe|move: Infestation|[of] p1a: Vivillon\n|-curestatus|p2a: Vanilluxe|slp|[msg]\n|move|p2a: Vanilluxe|Freeze-Dry|p1a: Vivillon\n|-supereffective|p1a: Vivillon\n|-end|p1a: Vivillon|Substitute\n|\n|-weather|Hail|[upkeep]\n|-damage|p1a: Vivillon|82\/109|[from] Hail\n|-heal|p1a: Vivillon|88\/109|[from] item: Leftovers\n|-damage|p2a: Vanilluxe|75\/91|[from] move: Infestation|[partiallytrapped]\n|upkeep\n|turn|8\n|\n|t:|1625643751\n|move|p1a: Vivillon|Sleep Powder|p2a: Vanilluxe\n|-status|p2a: Vanilluxe|slp|[from] move: Sleep Powder\n|cant|p2a: Vanilluxe|slp\n|\n|-weather|Hail|[upkeep]\n|-damage|p1a: Vivillon|82\/109|[from] Hail\n|-heal|p1a: Vivillon|88\/109|[from] item: Leftovers\n|-damage|p2a: Vanilluxe|64\/91 slp|[from] move: Infestation|[partiallytrapped]\n|-sideend|p2: PS China Bot|move: Aurora Veil\n|upkeep\n|turn|9\n|\n|t:|1625643756\n|move|p1a: Vivillon|Substitute|p1a: Vivillon\n|-start|p1a: Vivillon|Substitute\n|-damage|p1a: Vivillon|61\/109\n|cant|p2a: Vanilluxe|slp\n|\n|-weather|Hail|[upkeep]\n|-damage|p1a: Vivillon|55\/109|[from] Hail\n|-heal|p1a: Vivillon|61\/109|[from] item: Leftovers\n|-damage|p2a: Vanilluxe|53\/91 slp|[from] move: Infestation|[partiallytrapped]\n|upkeep\n|turn|10\n|\n|t:|1625643759\n|move|p1a: Vivillon|Quiver Dance|p1a: Vivillon\n|-boost|p1a: Vivillon|spa|1\n|-boost|p1a: Vivillon|spd|1\n|-boost|p1a: Vivillon|spe|1\n|-curestatus|p2a: Vanilluxe|slp|[msg]\n|move|p2a: Vanilluxe|Aurora Veil|p2a: Vanilluxe\n|-sidestart|p2: PS China Bot|move: Aurora Veil\n|\n|-weather|none\n|-heal|p1a: Vivillon|67\/109|[from] item: Leftovers\n|-damage|p2a: Vanilluxe|42\/91|[from] move: Infestation|[partiallytrapped]\n|upkeep\n|turn|11\n|\n|t:|1625643765\n|-weather|Hail\n|move|p1a: Vivillon|Sleep Powder|p2a: Vanilluxe\n|-status|p2a: Vanilluxe|slp|[from] move: Sleep Powder\n|cant|p2a: Vanilluxe|slp\n|\n|-weather|Hail|[upkeep]\n|-damage|p1a: Vivillon|61\/109|[from] Hail\n|-heal|p1a: Vivillon|67\/109|[from] item: Leftovers\n|-end|p2a: Vanilluxe|Infestation|[partiallytrapped]\n|upkeep\n|turn|12\n|\n|t:|1625643775\n|move|p1a: Vivillon|Infestation|p2a: Vanilluxe\n|-damage|p2a: Vanilluxe|35\/91 slp\n|-activate|p2a: Vanilluxe|move: Infestation|[of] p1a: Vivillon\n|cant|p2a: Vanilluxe|slp\n|\n|-weather|Hail|[upkeep]\n|-damage|p1a: Vivillon|61\/109|[from] Hail\n|-heal|p1a: Vivillon|67\/109|[from] item: Leftovers\n|-damage|p2a: Vanilluxe|24\/91 slp|[from] move: Infestation|[partiallytrapped]\n|upkeep\n|turn|13\n|\n|t:|1625643783\n|move|p1a: Vivillon|Quiver Dance|p1a: Vivillon\n|-boost|p1a: Vivillon|spa|1\n|-boost|p1a: Vivillon|spd|1\n|-boost|p1a: Vivillon|spe|1\n|cant|p2a: Vanilluxe|slp\n|\n|-weather|Hail|[upkeep]\n|-damage|p1a: Vivillon|61\/109|[from] Hail\n|-heal|p1a: Vivillon|67\/109|[from] item: Leftovers\n|-damage|p2a: Vanilluxe|13\/91 slp|[from] move: Infestation|[partiallytrapped]\n|upkeep\n|turn|14\n|\n|t:|1625643791\n|move|p1a: Vivillon|Infestation|p2a: Vanilluxe\n|-damage|p2a: Vanilluxe|4\/91 slp\n|-curestatus|p2a: Vanilluxe|slp|[msg]\n|move|p2a: Vanilluxe|Blizzard|p1a: Vivillon\n|-supereffective|p1a: Vivillon\n|-end|p1a: Vivillon|Substitute\n|\n|-weather|Hail|[upkeep]\n|-damage|p1a: Vivillon|61\/109|[from] Hail\n|-heal|p1a: Vivillon|67\/109|[from] item: Leftovers\n|-damage|p2a: Vanilluxe|0 fnt|[from] move: Infestation|[partiallytrapped]\n|faint|p2a: Vanilluxe\n|upkeep\n|\n|t:|1625643791\n|switch|p2a: Abomasnow|Abomasnow, L30, F|122\/122\n|-damage|p2a: Abomasnow|92\/122|[from] Stealth Rock\n|turn|15\n|\n|t:|1625643799\n|detailschange|p2a: Abomasnow|Abomasnow-Mega, L30, F\n|-mega|p2a: Abomasnow|Abomasnow|Abomasite\n|move|p1a: Vivillon|Infestation|p2a: Abomasnow\n|-supereffective|p2a: Abomasnow\n|-damage|p2a: Abomasnow|80\/122\n|-activate|p2a: Abomasnow|move: Infestation|[of] p1a: Vivillon\n|move|p2a: Abomasnow|Giga Drain|p1a: Vivillon\n|-resisted|p1a: Vivillon\n|-damage|p1a: Vivillon|58\/109\n|-heal|p2a: Abomasnow|85\/122|[from] drain|[of] p1a: Vivillon\n|\n|-weather|none\n|-heal|p1a: Vivillon|64\/109|[from] item: Leftovers\n|-damage|p2a: Abomasnow|70\/122|[from] move: Infestation|[partiallytrapped]\n|upkeep\n|turn|16\n|\n|t:|1625643808\n|-weather|Hail\n|move|p1a: Vivillon|Substitute|p1a: Vivillon\n|-start|p1a: Vivillon|Substitute\n|-damage|p1a: Vivillon|37\/109\n|move|p2a: Abomasnow|Jungle Healing|p2a: Abomasnow\n|-heal|p2a: Abomasnow|100\/122\n|\n|-weather|Hail|[upkeep]\n|-damage|p1a: Vivillon|31\/109|[from] Hail\n|-heal|p1a: Vivillon|37\/109|[from] item: Leftovers\n|-damage|p2a: Abomasnow|85\/122|[from] move: Infestation|[partiallytrapped]\n|upkeep\n|turn|17\n|\n|t:|1625643815\n|move|p1a: Vivillon|Infestation|p2a: Abomasnow\n|-supereffective|p2a: Abomasnow\n|-damage|p2a: Abomasnow|72\/122\n|move|p2a: Abomasnow|Jungle Healing|p2a: Abomasnow\n|-heal|p2a: Abomasnow|102\/122\n|\n|-weather|Hail|[upkeep]\n|-damage|p1a: Vivillon|31\/109|[from] Hail\n|-heal|p1a: Vivillon|37\/109|[from] item: Leftovers\n|-damage|p2a: Abomasnow|87\/122|[from] move: Infestation|[partiallytrapped]\n|-sideend|p2: PS China Bot|move: Aurora Veil\n|upkeep\n|turn|18\n|\n|t:|1625643822\n|move|p1a: Vivillon|Infestation|p2a: Abomasnow\n|-supereffective|p2a: Abomasnow\n|-damage|p2a: Abomasnow|61\/122\n|move|p2a: Abomasnow|Jungle Healing|p2a: Abomasnow\n|-heal|p2a: Abomasnow|91\/122\n|\n|-weather|Hail|[upkeep]\n|-damage|p1a: Vivillon|31\/109|[from] Hail\n|-heal|p1a: Vivillon|37\/109|[from] item: Leftovers\n|-damage|p2a: Abomasnow|76\/122|[from] move: Infestation|[partiallytrapped]\n|upkeep\n|turn|19\n|\n|t:|1625643827\n|move|p1a: Vivillon|Infestation|p2a: Abomasnow\n|-supereffective|p2a: Abomasnow\n|-damage|p2a: Abomasnow|50\/122\n|move|p2a: Abomasnow|Jungle Healing|p2a: Abomasnow\n|-heal|p2a: Abomasnow|80\/122\n|\n|-weather|Hail|[upkeep]\n|-damage|p1a: Vivillon|31\/109|[from] Hail\n|-heal|p1a: Vivillon|37\/109|[from] item: Leftovers\n|-end|p2a: Abomasnow|Infestation|[partiallytrapped]\n|upkeep\n|turn|20\n|\n|t:|1625643832\n|move|p1a: Vivillon|Infestation|p2a: Abomasnow\n|-supereffective|p2a: Abomasnow\n|-damage|p2a: Abomasnow|56\/122\n|-activate|p2a: Abomasnow|move: Infestation|[of] p1a: Vivillon\n|move|p2a: Abomasnow|Giga Drain|p1a: Vivillon\n|-resisted|p1a: Vivillon\n|-activate|p1a: Vivillon|move: Substitute|[damage]\n|-heal|p2a: Abomasnow|61\/122|[from] drain|[of] p1a: Vivillon\n|\n|-weather|none\n|-heal|p1a: Vivillon|43\/109|[from] item: Leftovers\n|-damage|p2a: Abomasnow|46\/122|[from] move: Infestation|[partiallytrapped]\n|upkeep\n|turn|21\n|\n|t:|1625643838\n|-weather|Hail\n|move|p1a: Vivillon|Infestation|p2a: Abomasnow\n|-supereffective|p2a: Abomasnow\n|-damage|p2a: Abomasnow|16\/122\n|move|p2a: Abomasnow|Jungle Healing|p2a: Abomasnow\n|-heal|p2a: Abomasnow|46\/122\n|\n|-weather|Hail|[upkeep]\n|-damage|p1a: Vivillon|37\/109|[from] Hail\n|-heal|p1a: Vivillon|43\/109|[from] item: Leftovers\n|-damage|p2a: Abomasnow|31\/122|[from] move: Infestation|[partiallytrapped]\n|upkeep\n|turn|22\n|\n|t:|1625643844\n|move|p1a: Vivillon|Infestation|p2a: Abomasnow\n|-supereffective|p2a: Abomasnow\n|-damage|p2a: Abomasnow|5\/122\n|move|p2a: Abomasnow|Giga Drain|p1a: Vivillon\n|-resisted|p1a: Vivillon\n|-activate|p1a: Vivillon|move: Substitute|[damage]\n|-heal|p2a: Abomasnow|10\/122|[from] drain|[of] p1a: Vivillon\n|\n|-weather|Hail|[upkeep]\n|-damage|p1a: Vivillon|37\/109|[from] Hail\n|-heal|p1a: Vivillon|43\/109|[from] item: Leftovers\n|-damage|p2a: Abomasnow|0 fnt|[from] move: Infestation|[partiallytrapped]\n|faint|p2a: Abomasnow\n|upkeep\n|\n|t:|1625643844\n|switch|p2a: Arctozolt|Arctozolt, L30, F|103\/103\n|-damage|p2a: Arctozolt|78\/103|[from] Stealth Rock\n|turn|23\n|\n|t:|1625643849\n|move|p1a: Vivillon|Sleep Powder|p2a: Arctozolt\n|-status|p2a: Arctozolt|slp|[from] move: Sleep Powder\n|cant|p2a: Arctozolt|slp\n|\n|-weather|Hail|[upkeep]\n|-damage|p1a: Vivillon|37\/109|[from] Hail\n|-heal|p1a: Vivillon|43\/109|[from] item: Leftovers\n|upkeep\n|turn|24\n|\n|t:|1625643853\n|move|p1a: Vivillon|Infestation|p2a: Arctozolt\n|-damage|p2a: Arctozolt|59\/103 slp\n|-activate|p2a: Arctozolt|move: Infestation|[of] p1a: Vivillon\n|cant|p2a: Arctozolt|slp\n|\n|-weather|Hail|[upkeep]\n|-damage|p1a: Vivillon|37\/109|[from] Hail\n|-heal|p1a: Vivillon|43\/109|[from] item: Leftovers\n|-damage|p2a: Arctozolt|47\/103 slp|[from] move: Infestation|[partiallytrapped]\n|upkeep\n|turn|25\n|\n|t:|1625643860\n|move|p1a: Vivillon|Infestation|p2a: Arctozolt\n|-damage|p2a: Arctozolt|29\/103 slp\n|-curestatus|p2a: Arctozolt|slp|[msg]\n|move|p2a: Arctozolt|Icicle Crash|p1a: Vivillon\n|-supereffective|p1a: Vivillon\n|-crit|p1a: Vivillon\n|-end|p1a: Vivillon|Substitute\n|\n|-weather|none\n|-heal|p1a: Vivillon|49\/109|[from] item: Leftovers\n|-damage|p2a: Arctozolt|17\/103|[from] move: Infestation|[partiallytrapped]\n|upkeep\n|turn|26\n|\n|t:|1625643867\n|-weather|Hail\n|move|p1a: Vivillon|Sleep Powder|p2a: Arctozolt\n|-status|p2a: Arctozolt|slp|[from] move: Sleep Powder\n|cant|p2a: Arctozolt|slp\n|\n|-weather|Hail|[upkeep]\n|-damage|p1a: Vivillon|43\/109|[from] Hail\n|-heal|p1a: Vivillon|49\/109|[from] item: Leftovers\n|-damage|p2a: Arctozolt|5\/103 slp|[from] move: Infestation|[partiallytrapped]\n|upkeep\n|turn|27\n|\n|t:|1625643872\n|move|p1a: Vivillon|Substitute|p1a: Vivillon\n|-start|p1a: Vivillon|Substitute\n|-damage|p1a: Vivillon|22\/109\n|cant|p2a: Arctozolt|slp\n|\n|-weather|Hail|[upkeep]\n|-damage|p1a: Vivillon|16\/109|[from] Hail\n|-heal|p1a: Vivillon|22\/109|[from] item: Leftovers\n|-damage|p2a: Arctozolt|0 fnt|[from] move: Infestation|[partiallytrapped]\n|faint|p2a: Arctozolt\n|upkeep\n|\n|t:|1625643872\n|switch|p2a: Mamoswine|Mamoswine, L30, M|134\/134\n|-damage|p2a: Mamoswine|118\/134|[from] Stealth Rock\n|turn|28\n|\n|t:|1625643875\n|move|p1a: Vivillon|Sleep Powder|p2a: Mamoswine\n|-status|p2a: Mamoswine|slp|[from] move: Sleep Powder\n|cant|p2a: Mamoswine|slp\n|\n|-weather|Hail|[upkeep]\n|-damage|p1a: Vivillon|16\/109|[from] Hail\n|-heal|p1a: Vivillon|22\/109|[from] item: Leftovers\n|upkeep\n|turn|29\n|\n|t:|1625643878\n|move|p1a: Vivillon|Infestation|p2a: Mamoswine\n|-damage|p2a: Mamoswine|100\/134 slp\n|-activate|p2a: Mamoswine|move: Infestation|[of] p1a: Vivillon\n|cant|p2a: Mamoswine|slp\n|\n|-weather|Hail|[upkeep]\n|-damage|p1a: Vivillon|16\/109|[from] Hail\n|-heal|p1a: Vivillon|22\/109|[from] item: Leftovers\n|-damage|p2a: Mamoswine|84\/134 slp|[from] move: Infestation|[partiallytrapped]\n|upkeep\n|turn|30\n|\n|t:|1625643883\n|move|p1a: Vivillon|Infestation|p2a: Mamoswine\n|-damage|p2a: Mamoswine|68\/134 slp\n|-curestatus|p2a: Mamoswine|slp|[msg]\n|move|p2a: Mamoswine|Icicle Spear|p1a: Vivillon\n|-supereffective|p1a: Vivillon\n|-end|p1a: Vivillon|Substitute\n|-supereffective|p1a: Vivillon\n|-damage|p1a: Vivillon|0 fnt\n|faint|p1a: Vivillon\n|-hitcount|p1: Vivillon|2\n|\n|-weather|none\n|-end|p2a: Mamoswine|Infestation|[partiallytrapped]|[silent]\n|upkeep\n|-message|lonietzzz forfeited.\n|\n|win|PS China Bot\n","uploadtime":1625643919,"views":22,"p1id":"lonietzzz","p2id":"pschinabot","formatid":"gen8petmode","rating":0,"private":0,"password":null}