{"id":"china-gen7ou-1667537","p1":"EEEEEvolto\u6df1\u6eba","p2":"sanueyi","format":"gen7ou","log":"|j|\u2606EEEEEvolto\u6df1\u6eba\n|j|\u2606sanueyi\n|t:|1626432265\n|gametype|singles\n|player|p1|EEEEEvolto\u6df1\u6eba|2|1387\n|player|p2|sanueyi|aromalady|1198\n|teamsize|p1|6\n|teamsize|p2|6\n|gen|7\n|tier|[Gen 7] OU\n|rated|\n|rule|Sleep Clause Mod: Limit one foe put to sleep\n|rule|Species Clause: Limit one of each Pok\u00e9mon\n|rule|OHKO Clause: OHKO moves are banned\n|rule|Moody Clause: Moody is banned\n|rule|Evasion Moves Clause: Evasion moves are banned\n|rule|Endless Battle Clause: Forcing endless battles is banned\n|rule|HP Percentage Mod: HP is shown in percentages\n|clearpoke\n|poke|p1|Skarmory, F|item\n|poke|p1|Clefable, M|item\n|poke|p1|Chansey, F|item\n|poke|p1|Sableye, M|item\n|poke|p1|Toxapex, F|item\n|poke|p1|Gliscor, M|item\n|poke|p2|Bisharp, F|item\n|poke|p2|Infernape, M|item\n|poke|p2|Tapu Bulu|item\n|poke|p2|Kyurem|item\n|poke|p2|Latias, F|item\n|poke|p2|Jirachi|item\n|teampreview\n|\n|t:|1626432293\n|start\n|switch|p1a: Sableye|Sableye, M|100\/100\n|switch|p2a: Kyurem|Kyurem|100\/100\n|-ability|p2a: Kyurem|Pressure\n|turn|1\n|\n|t:|1626432298\n|detailschange|p1a: Sableye|Sableye-Mega, M\n|-mega|p1a: Sableye|Sableye|Sablenite\n|move|p2a: Kyurem|Substitute|p2a: Kyurem\n|-start|p2a: Kyurem|Substitute\n|-damage|p2a: Kyurem|75\/100\n|move|p1a: Sableye|Knock Off|p2a: Kyurem\n|-end|p2a: Kyurem|Substitute\n|\n|upkeep\n|turn|2\n|\n|t:|1626432310\n|move|p2a: Kyurem|Substitute|p2a: Kyurem\n|-start|p2a: Kyurem|Substitute\n|-damage|p2a: Kyurem|50\/100\n|move|p1a: Sableye|Knock Off|p2a: Kyurem\n|-end|p2a: Kyurem|Substitute\n|\n|upkeep\n|turn|3\n|\n|t:|1626432314\n|switch|p1a: Chansey|Chansey, F|100\/100\n|move|p2a: Kyurem|Substitute|p2a: Kyurem\n|-start|p2a: Kyurem|Substitute\n|-damage|p2a: Kyurem|25\/100\n|\n|upkeep\n|turn|4\n|\n|t:|1626432318\n|move|p2a: Kyurem|Roost|p2a: Kyurem\n|-heal|p2a: Kyurem|75\/100\n|-singleturn|p2a: Kyurem|move: Roost\n|move|p1a: Chansey|Stealth Rock|p2a: Kyurem\n|-sidestart|p2: sanueyi|move: Stealth Rock\n|\n|upkeep\n|turn|5\n|\n|t:|1626432320\n|move|p2a: Kyurem|Roost|p2a: Kyurem\n|-heal|p2a: Kyurem|100\/100\n|-singleturn|p2a: Kyurem|move: Roost\n|move|p1a: Chansey|Seismic Toss|p2a: Kyurem\n|-activate|p2a: Kyurem|move: Substitute|[damage]\n|\n|upkeep\n|turn|6\n|\n|t:|1626432324\n|move|p2a: Kyurem|Ice Beam|p1a: Chansey\n|-damage|p1a: Chansey|84\/100\n|move|p1a: Chansey|Seismic Toss|p2a: Kyurem\n|-end|p2a: Kyurem|Substitute\n|\n|upkeep\n|turn|7\n|\n|t:|1626432327\n|switch|p2a: Infernape|Infernape, M|100\/100\n|-damage|p2a: Infernape|88\/100|[from] Stealth Rock\n|move|p1a: Chansey|Seismic Toss|p2a: Infernape\n|-damage|p2a: Infernape|54\/100\n|\n|upkeep\n|turn|8\n|\n|t:|1626432330\n|switch|p1a: Toxapex|Toxapex, F|100\/100\n|move|p2a: Infernape|Overheat|p1a: Toxapex\n|-resisted|p1a: Toxapex\n|-damage|p1a: Toxapex|84\/100\n|-unboost|p2a: Infernape|spa|2\n|\n|-heal|p1a: Toxapex|90\/100|[from] item: Black Sludge\n|upkeep\n|turn|9\n|\n|t:|1626432335\n|move|p2a: Infernape|Stealth Rock|p1a: Toxapex\n|-sidestart|p1: EEEEEvolto\u6df1\u6eba|move: Stealth Rock\n|move|p1a: Toxapex|Toxic Spikes|p2a: Infernape\n|-sidestart|p2: sanueyi|move: Toxic Spikes\n|\n|-heal|p1a: Toxapex|96\/100|[from] item: Black Sludge\n|upkeep\n|turn|10\n|\n|t:|1626432345\n|move|p2a: Infernape|Endeavor|p1a: Toxapex\n|-damage|p1a: Toxapex|52\/100\n|move|p1a: Toxapex|Toxic Spikes|p2a: Infernape\n|-sidestart|p2: sanueyi|move: Toxic Spikes\n|\n|-heal|p1a: Toxapex|58\/100|[from] item: Black Sludge\n|upkeep\n|turn|11\n|\n|t:|1626432349\n|switch|p2a: Latias|Latias, F|100\/100\n|-damage|p2a: Latias|88\/100|[from] Stealth Rock\n|move|p1a: Toxapex|Scald|p2a: Latias\n|-resisted|p2a: Latias\n|-damage|p2a: Latias|81\/100\n|\n|-heal|p1a: Toxapex|65\/100|[from] item: Black Sludge\n|upkeep\n|turn|12\n|\n|t:|1626432358\n|switch|p1a: Chansey|Chansey, F|84\/100\n|-damage|p1a: Chansey|72\/100|[from] Stealth Rock\n|detailschange|p2a: Latias|Latias-Mega, F\n|-mega|p2a: Latias|Latias|Latiasite\n|move|p2a: Latias|Defog|p1a: Chansey\n|-unboost|p1a: Chansey|evasion|1\n|-sideend|p1: EEEEEvolto\u6df1\u6eba|Stealth Rock|[from] move: Defog|[of] p2a: Latias\n|-sideend|p2: sanueyi|Toxic Spikes|[from] move: Defog|[of] p2a: Latias\n|-sideend|p2: sanueyi|Stealth Rock|[from] move: Defog|[of] p2a: Latias\n|\n|upkeep\n|turn|13\n|\n|t:|1626432362\n|switch|p2a: Infernape|Infernape, M|54\/100\n|move|p1a: Chansey|Toxic|p2a: Infernape\n|-status|p2a: Infernape|tox\n|\n|-damage|p2a: Infernape|48\/100 tox|[from] psn\n|upkeep\n|turn|14\n|\n|t:|1626432367\n|move|p2a: Infernape|Stealth Rock|p1a: Chansey\n|-sidestart|p1: EEEEEvolto\u6df1\u6eba|move: Stealth Rock\n|move|p1a: Chansey|Soft-Boiled|p1a: Chansey\n|-heal|p1a: Chansey|100\/100\n|\n|-damage|p2a: Infernape|36\/100 tox|[from] psn\n|upkeep\n|turn|15\n|\n|t:|1626432374\n|switch|p1a: Toxapex|Toxapex, F|98\/100\n|-damage|p1a: Toxapex|85\/100|[from] Stealth Rock\n|move|p2a: Infernape|Endeavor|p1a: Toxapex\n|-damage|p1a: Toxapex|34\/100\n|\n|-heal|p1a: Toxapex|41\/100|[from] item: Black Sludge\n|-damage|p2a: Infernape|17\/100 tox|[from] psn\n|upkeep\n|turn|16\n|inactive|Battle timer is ON: inactive players will automatically lose when time's up. (requested by EEEEEvolto\u6df1\u6eba)\n|\n|t:|1626432413\n|move|p2a: Infernape|Overheat|p1a: Toxapex|[miss]\n|-miss|p2a: Infernape|p1a: Toxapex\n|move|p1a: Toxapex|Scald|p2a: Infernape\n|-supereffective|p2a: Infernape\n|-damage|p2a: Infernape|0 fnt\n|faint|p2a: Infernape\n|\n|-heal|p1a: Toxapex|47\/100|[from] item: Black Sludge\n|upkeep\n|\n|t:|1626432414\n|switch|p2a: Bisharp|Bisharp, F|100\/100\n|turn|17\n|\n|t:|1626432416\n|move|p2a: Bisharp|Substitute|p2a: Bisharp\n|-start|p2a: Bisharp|Substitute\n|-damage|p2a: Bisharp|76\/100\n|move|p1a: Toxapex|Scald|p2a: Bisharp\n|-end|p2a: Bisharp|Substitute\n|\n|-heal|p1a: Toxapex|53\/100|[from] item: Black Sludge\n|upkeep\n|turn|18\n|\n|t:|1626432421\n|move|p2a: Bisharp|Swords Dance|p2a: Bisharp\n|-boost|p2a: Bisharp|atk|2\n|move|p1a: Toxapex|Scald|p2a: Bisharp\n|-damage|p2a: Bisharp|49\/100\n|\n|-heal|p1a: Toxapex|59\/100|[from] item: Black Sludge\n|upkeep\n|turn|19\n|\n|t:|1626432424\n|move|p2a: Bisharp|Sucker Punch|p1a: Toxapex\n|-damage|p1a: Toxapex|0 fnt\n|faint|p1a: Toxapex\n|\n|upkeep\n|\n|t:|1626432428\n|switch|p1a: Gliscor|Gliscor, M|100\/100\n|-damage|p1a: Gliscor|88\/100|[from] Stealth Rock\n|turn|20\n|\n|t:|1626432433\n|switch|p2a: Latias|Latias-Mega, F|81\/100\n|move|p1a: Gliscor|Earthquake|p2a: Latias\n|-immune|p2a: Latias|[from] ability: Levitate\n|\n|-status|p1a: Gliscor|tox|[from] item: Toxic Orb\n|upkeep\n|turn|21\n|\n|t:|1626432440\n|switch|p1a: Chansey|Chansey, F|100\/100\n|-damage|p1a: Chansey|88\/100|[from] Stealth Rock\n|move|p2a: Latias|Surf|p1a: Chansey\n|-damage|p1a: Chansey|79\/100\n|\n|upkeep\n|turn|22\n|\n|t:|1626432450\n|switch|p2a: Jirachi|Jirachi|100\/100\n|move|p1a: Chansey|Seismic Toss|p2a: Jirachi\n|-damage|p2a: Jirachi|72\/100\n|\n|upkeep\n|turn|23\n|\n|t:|1626432459\n|move|p2a: Jirachi|U-turn|p1a: Chansey\n|-damage|p1a: Chansey|66\/100\n|\n|t:|1626432461\n|switch|p2a: Kyurem|Kyurem|100\/100|[from]move: U-turn\n|-ability|p2a: Kyurem|Pressure\n|move|p1a: Chansey|Soft-Boiled|p1a: Chansey\n|-heal|p1a: Chansey|100\/100\n|\n|upkeep\n|turn|24\n|j| mamap4.0\n|j| white shou\n|\n|t:|1626432473\n|switch|p2a: Bisharp|Bisharp, F|49\/100\n|move|p1a: Chansey|Seismic Toss|p2a: Bisharp\n|-damage|p2a: Bisharp|12\/100\n|\n|upkeep\n|turn|25\n|l| mamap4.0\n|\n|t:|1626432479\n|switch|p2a: Tapu Bulu|Tapu Bulu|100\/100\n|-fieldstart|move: Grassy Terrain|[from] ability: Grassy Surge|[of] p2a: Tapu Bulu\n|move|p1a: Chansey|Seismic Toss|p2a: Tapu Bulu\n|-damage|p2a: Tapu Bulu|65\/100\n|\n|-heal|p2a: Tapu Bulu|71\/100|[from] Grassy Terrain\n|upkeep\n|turn|26\n|\n|t:|1626432485\n|move|p2a: Tapu Bulu|Wood Hammer|p1a: Chansey\n|-damage|p1a: Chansey|41\/100\n|-damage|p2a: Tapu Bulu|22\/100|[from] Recoil\n|move|p1a: Chansey|Toxic|p2a: Tapu Bulu|[miss]\n|-miss|p1a: Chansey|p2a: Tapu Bulu\n|\n|-heal|p2a: Tapu Bulu|28\/100|[from] Grassy Terrain\n|-heal|p1a: Chansey|48\/100|[from] Grassy Terrain\n|upkeep\n|turn|27\n|l| white shou\n|j| mamap4.0\n|\n|t:|1626432499\n|switch|p2a: Bisharp|Bisharp, F|12\/100\n|switch|p1a: Skarmory|Skarmory, F|100\/100\n|-damage|p1a: Skarmory|88\/100|[from] Stealth Rock\n|\n|-heal|p2a: Bisharp|18\/100|[from] Grassy Terrain\n|upkeep\n|turn|28\n|\n|t:|1626432503\n|move|p2a: Bisharp|Swords Dance|p2a: Bisharp\n|-boost|p2a: Bisharp|atk|2\n|move|p1a: Skarmory|Whirlwind|p2a: Bisharp\n|drag|p2a: Tapu Bulu|Tapu Bulu|28\/100\n|\n|-heal|p2a: Tapu Bulu|34\/100|[from] Grassy Terrain\n|upkeep\n|turn|29\n|\n|t:|1626432506\n|switch|p2a: Bisharp|Bisharp, F|18\/100\n|move|p1a: Skarmory|Defog|p2a: Bisharp\n|-unboost|p2a: Bisharp|evasion|1\n|-ability|p2a: Bisharp|Defiant\n|-boost|p2a: Bisharp|atk|2\n|-sideend|p1: EEEEEvolto\u6df1\u6eba|Stealth Rock|[from] move: Defog|[of] p1a: Skarmory\n|\n|-heal|p2a: Bisharp|24\/100|[from] Grassy Terrain\n|-fieldend|move: Grassy Terrain\n|upkeep\n|turn|30\n|\n|t:|1626432511\n|-zpower|p2a: Bisharp\n|move|p2a: Bisharp|Black Hole Eclipse|p1a: Skarmory|[zeffect]\n|-damage|p1a: Skarmory|3\/100\n|move|p1a: Skarmory|Whirlwind|p2a: Bisharp\n|drag|p2a: Latias|Latias-Mega, F|81\/100\n|\n|upkeep\n|turn|31\n|\n|t:|1626432522\n|switch|p1a: Chansey|Chansey, F|48\/100\n|move|p2a: Latias|Surf|p1a: Chansey\n|-damage|p1a: Chansey|39\/100\n|\n|upkeep\n|turn|32\n|\n|t:|1626432526\n|switch|p2a: Tapu Bulu|Tapu Bulu|34\/100\n|-fieldstart|move: Grassy Terrain|[from] ability: Grassy Surge|[of] p2a: Tapu Bulu\n|move|p1a: Chansey|Soft-Boiled|p1a: Chansey\n|-heal|p1a: Chansey|89\/100\n|\n|-heal|p2a: Tapu Bulu|40\/100|[from] Grassy Terrain\n|-heal|p1a: Chansey|95\/100|[from] Grassy Terrain\n|upkeep\n|turn|33\n|\n|t:|1626432532\n|switch|p1a: Clefable|Clefable, M|100\/100\n|move|p2a: Tapu Bulu|Superpower|p1a: Clefable\n|-resisted|p1a: Clefable\n|-damage|p1a: Clefable|84\/100\n|-unboost|p2a: Tapu Bulu|atk|1\n|-unboost|p2a: Tapu Bulu|def|1\n|\n|-heal|p2a: Tapu Bulu|46\/100|[from] Grassy Terrain\n|-heal|p1a: Clefable|90\/100|[from] Grassy Terrain\n|-heal|p1a: Clefable|96\/100|[from] item: Leftovers\n|upkeep\n|turn|34\n|\n|t:|1626432537\n|switch|p2a: Jirachi|Jirachi|72\/100\n|move|p1a: Clefable|Moonblast|p2a: Jirachi\n|-resisted|p2a: Jirachi\n|-damage|p2a: Jirachi|63\/100\n|\n|-heal|p2a: Jirachi|69\/100|[from] Grassy Terrain\n|-heal|p1a: Clefable|100\/100|[from] Grassy Terrain\n|upkeep\n|turn|35\n|\n|t:|1626432544\n|move|p2a: Jirachi|Ice Punch|p1a: Clefable\n|-damage|p1a: Clefable|83\/100\n|move|p1a: Clefable|Wish|p1a: Clefable\n|\n|-heal|p2a: Jirachi|75\/100|[from] Grassy Terrain\n|-heal|p1a: Clefable|89\/100|[from] Grassy Terrain\n|-heal|p1a: Clefable|95\/100|[from] item: Leftovers\n|upkeep\n|turn|36\n|\n|t:|1626432565\n|move|p2a: Jirachi|Iron Head|p1a: Clefable\n|-supereffective|p1a: Clefable\n|-damage|p1a: Clefable|40\/100\n|move|p1a: Clefable|Moonblast|p2a: Jirachi\n|-resisted|p2a: Jirachi\n|-damage|p2a: Jirachi|64\/100\n|\n|-heal|p1a: Clefable|90\/100|[from] move: Wish|[wisher] Clefable\n|-heal|p2a: Jirachi|70\/100|[from] Grassy Terrain\n|-heal|p1a: Clefable|96\/100|[from] Grassy Terrain\n|-heal|p1a: Clefable|100\/100|[from] item: Leftovers\n|-fieldend|move: Grassy Terrain\n|upkeep\n|turn|37\n|\n|t:|1626432572\n|switch|p1a: Sableye|Sableye-Mega, M|100\/100\n|move|p2a: Jirachi|Iron Head|p1a: Sableye\n|-damage|p1a: Sableye|76\/100\n|\n|upkeep\n|turn|38\n|\n|t:|1626432576\n|move|p2a: Jirachi|U-turn|p1a: Sableye\n|-damage|p1a: Sableye|61\/100\n|\n|t:|1626432579\n|switch|p2a: Latias|Latias-Mega, F|81\/100|[from]move: U-turn\n|move|p1a: Sableye|Knock Off|p2a: Latias\n|-supereffective|p2a: Latias\n|-damage|p2a: Latias|50\/100\n|\n|upkeep\n|turn|39\n|\n|t:|1626432583\n|switch|p1a: Chansey|Chansey, F|95\/100\n|move|p2a: Latias|Roost|p2a: Latias\n|-heal|p2a: Latias|99\/100\n|-singleturn|p2a: Latias|move: Roost\n|\n|upkeep\n|turn|40\n|\n|t:|1626432587\n|switch|p2a: Tapu Bulu|Tapu Bulu|46\/100\n|-fieldstart|move: Grassy Terrain|[from] ability: Grassy Surge|[of] p2a: Tapu Bulu\n|move|p1a: Chansey|Seismic Toss|p2a: Tapu Bulu\n|-damage|p2a: Tapu Bulu|10\/100\n|\n|-heal|p2a: Tapu Bulu|17\/100|[from] Grassy Terrain\n|-heal|p1a: Chansey|100\/100|[from] Grassy Terrain\n|upkeep\n|turn|41\n|\n|t:|1626432591\n|move|p2a: Tapu Bulu|Horn Leech|p1a: Chansey\n|-damage|p1a: Chansey|66\/100\n|-heal|p2a: Tapu Bulu|60\/100|[from] drain|[of] p1a: Chansey\n|move|p1a: Chansey|Seismic Toss|p2a: Tapu Bulu\n|-damage|p2a: Tapu Bulu|25\/100\n|\n|-heal|p2a: Tapu Bulu|31\/100|[from] Grassy Terrain\n|-heal|p1a: Chansey|72\/100|[from] Grassy Terrain\n|upkeep\n|turn|42\n|\n|t:|1626432596\n|switch|p2a: Bisharp|Bisharp, F|24\/100\n|switch|p1a: Skarmory|Skarmory, F|3\/100\n|\n|-heal|p2a: Bisharp|30\/100|[from] Grassy Terrain\n|upkeep\n|turn|43\n|\n|t:|1626432599\n|move|p2a: Bisharp|Iron Head|p1a: Skarmory\n|-resisted|p1a: Skarmory\n|-damage|p1a: Skarmory|0 fnt\n|faint|p1a: Skarmory\n|\n|-heal|p2a: Bisharp|36\/100|[from] Grassy Terrain\n|upkeep\n|\n|t:|1626432601\n|switch|p1a: Gliscor|Gliscor, M|88\/100 tox\n|turn|44\n|\n|t:|1626432603\n|switch|p2a: Kyurem|Kyurem|100\/100\n|-ability|p2a: Kyurem|Pressure\n|move|p1a: Gliscor|Toxic|p2a: Kyurem\n|-status|p2a: Kyurem|tox\n|\n|-heal|p1a: Gliscor|100\/100 tox|[from] ability: Poison Heal\n|-damage|p2a: Kyurem|94\/100 tox|[from] psn\n|-fieldend|move: Grassy Terrain\n|upkeep\n|turn|45\n|\n|t:|1626432607\n|switch|p1a: Chansey|Chansey, F|72\/100\n|move|p2a: Kyurem|Ice Beam|p1a: Chansey\n|-damage|p1a: Chansey|57\/100\n|\n|-damage|p2a: Kyurem|82\/100 tox|[from] psn\n|upkeep\n|turn|46\n|\n|t:|1626432618\n|move|p2a: Kyurem|Ice Beam|p1a: Chansey\n|-damage|p1a: Chansey|39\/100\n|move|p1a: Chansey|Soft-Boiled|p1a: Chansey\n|-heal|p1a: Chansey|89\/100\n|\n|-damage|p2a: Kyurem|63\/100 tox|[from] psn\n|upkeep\n|turn|47\n|\n|t:|1626432620\n|move|p2a: Kyurem|Ice Beam|p1a: Chansey\n|-damage|p1a: Chansey|68\/100\n|move|p1a: Chansey|Seismic Toss|p2a: Kyurem\n|-damage|p2a: Kyurem|39\/100 tox\n|\n|-damage|p2a: Kyurem|14\/100 tox|[from] psn\n|upkeep\n|turn|48\n|\n|t:|1626432622\n|move|p2a: Kyurem|Ice Beam|p1a: Chansey\n|-damage|p1a: Chansey|44\/100\n|move|p1a: Chansey|Stealth Rock|p2a: Kyurem\n|-sidestart|p2: sanueyi|move: Stealth Rock\n|\n|-damage|p2a: Kyurem|0 fnt|[from] psn\n|faint|p2a: Kyurem\n|upkeep\n|\n|t:|1626432626\n|switch|p2a: Tapu Bulu|Tapu Bulu|31\/100\n|-damage|p2a: Tapu Bulu|18\/100|[from] Stealth Rock\n|-fieldstart|move: Grassy Terrain|[from] ability: Grassy Surge|[of] p2a: Tapu Bulu\n|turn|49\n|\n|t:|1626432630\n|switch|p1a: Gliscor|Gliscor, M|100\/100 tox\n|move|p2a: Tapu Bulu|Horn Leech|p1a: Gliscor\n|-damage|p1a: Gliscor|52\/100 tox\n|-heal|p2a: Tapu Bulu|47\/100|[from] drain|[of] p1a: Gliscor\n|\n|-heal|p2a: Tapu Bulu|54\/100|[from] Grassy Terrain\n|-heal|p1a: Gliscor|65\/100 tox|[from] ability: Poison Heal\n|upkeep\n|turn|50\n|\n|t:|1626432634\n|move|p2a: Tapu Bulu|Horn Leech|p1a: Gliscor\n|-damage|p1a: Gliscor|16\/100 tox\n|-heal|p2a: Tapu Bulu|83\/100|[from] drain|[of] p1a: Gliscor\n|move|p1a: Gliscor|Toxic|p2a: Tapu Bulu\n|-status|p2a: Tapu Bulu|tox\n|\n|-heal|p2a: Tapu Bulu|89\/100 tox|[from] Grassy Terrain\n|-damage|p2a: Tapu Bulu|83\/100 tox|[from] psn\n|-heal|p1a: Gliscor|29\/100 tox|[from] ability: Poison Heal\n|upkeep\n|turn|51\n|\n|t:|1626432637\n|switch|p1a: Clefable|Clefable, M|100\/100\n|move|p2a: Tapu Bulu|Horn Leech|p1a: Clefable\n|-damage|p1a: Clefable|58\/100\n|-heal|p2a: Tapu Bulu|100\/100 tox|[from] drain|[of] p1a: Clefable\n|\n|-heal|p1a: Clefable|64\/100|[from] Grassy Terrain\n|-heal|p1a: Clefable|70\/100|[from] item: Leftovers\n|-damage|p2a: Tapu Bulu|88\/100 tox|[from] psn\n|upkeep\n|turn|52\n|\n|t:|1626432640\n|switch|p2a: Jirachi|Jirachi|70\/100\n|-damage|p2a: Jirachi|64\/100|[from] Stealth Rock\n|move|p1a: Clefable|Wish|p1a: Clefable\n|\n|-heal|p2a: Jirachi|70\/100|[from] Grassy Terrain\n|-heal|p1a: Clefable|76\/100|[from] Grassy Terrain\n|-heal|p1a: Clefable|82\/100|[from] item: Leftovers\n|upkeep\n|turn|53\n|\n|t:|1626432645\n|switch|p1a: Sableye|Sableye-Mega, M|61\/100\n|move|p2a: Jirachi|Iron Head|p1a: Sableye\n|-damage|p1a: Sableye|35\/100\n|\n|-heal|p1a: Sableye|99\/100|[from] move: Wish|[wisher] Clefable\n|-heal|p2a: Jirachi|76\/100|[from] Grassy Terrain\n|-heal|p1a: Sableye|100\/100|[from] Grassy Terrain\n|-fieldend|move: Grassy Terrain\n|upkeep\n|turn|54\n|\n|t:|1626432651\n|move|p2a: Jirachi|U-turn|p1a: Sableye\n|-damage|p1a: Sableye|86\/100\n|\n|t:|1626432652\n|switch|p2a: Latias|Latias-Mega, F|99\/100|[from]move: U-turn\n|-damage|p2a: Latias|88\/100|[from] Stealth Rock\n|move|p1a: Sableye|Knock Off|p2a: Latias\n|-supereffective|p2a: Latias\n|-damage|p2a: Latias|58\/100\n|\n|upkeep\n|turn|55\n|\n|t:|1626432655\n|switch|p1a: Chansey|Chansey, F|44\/100\n|move|p2a: Latias|Defog|p1a: Chansey\n|-unboost|p1a: Chansey|evasion|1\n|-sideend|p2: sanueyi|Stealth Rock|[from] move: Defog|[of] p2a: Latias\n|\n|upkeep\n|turn|56\n|\n|t:|1626432659\n|switch|p2a: Jirachi|Jirachi|76\/100\n|move|p1a: Chansey|Seismic Toss|p2a: Jirachi\n|-damage|p2a: Jirachi|48\/100\n|\n|upkeep\n|turn|57\n|\n|t:|1626432663\n|switch|p1a: Sableye|Sableye-Mega, M|86\/100\n|move|p2a: Jirachi|Iron Head|p1a: Sableye\n|-damage|p1a: Sableye|62\/100\n|\n|upkeep\n|turn|58\n|\n|t:|1626432667\n|move|p2a: Jirachi|U-turn|p1a: Sableye\n|-damage|p1a: Sableye|48\/100\n|\n|t:|1626432668\n|switch|p2a: Latias|Latias-Mega, F|58\/100|[from]move: U-turn\n|move|p1a: Sableye|Knock Off|p2a: Latias\n|-supereffective|p2a: Latias\n|-damage|p2a: Latias|29\/100\n|\n|upkeep\n|turn|59\n|\n|t:|1626432678\n|switch|p2a: Tapu Bulu|Tapu Bulu|88\/100 tox\n|-fieldstart|move: Grassy Terrain|[from] ability: Grassy Surge|[of] p2a: Tapu Bulu\n|switch|p1a: Chansey|Chansey, F|44\/100\n|\n|-heal|p2a: Tapu Bulu|94\/100 tox|[from] Grassy Terrain\n|-heal|p1a: Chansey|50\/100|[from] Grassy Terrain\n|-damage|p2a: Tapu Bulu|88\/100 tox|[from] psn\n|upkeep\n|turn|60\n|\n|t:|1626432682\n|move|p2a: Tapu Bulu|Wood Hammer|p1a: Chansey\n|-damage|p1a: Chansey|0 fnt\n|faint|p1a: Chansey\n|-damage|p2a: Tapu Bulu|47\/100 tox|[from] Recoil\n|\n|-heal|p2a: Tapu Bulu|54\/100 tox|[from] Grassy Terrain\n|-damage|p2a: Tapu Bulu|41\/100 tox|[from] psn\n|upkeep\n|\n|t:|1626432687\n|switch|p1a: Clefable|Clefable, M|82\/100\n|turn|61\n|\n|t:|1626432689\n|move|p2a: Tapu Bulu|Wood Hammer|p1a: Clefable\n|-damage|p1a: Clefable|7\/100\n|-damage|p2a: Tapu Bulu|7\/100 tox|[from] Recoil\n|move|p1a: Clefable|Moonblast|p2a: Tapu Bulu\n|-damage|p2a: Tapu Bulu|0 fnt\n|faint|p2a: Tapu Bulu\n|\n|-heal|p1a: Clefable|13\/100|[from] Grassy Terrain\n|-heal|p1a: Clefable|19\/100|[from] item: Leftovers\n|upkeep\n|\n|t:|1626432692\n|switch|p2a: Bisharp|Bisharp, F|36\/100\n|turn|62\n|\n|t:|1626432695\n|move|p2a: Bisharp|Iron Head|p1a: Clefable\n|-supereffective|p1a: Clefable\n|-damage|p1a: Clefable|0 fnt\n|faint|p1a: Clefable\n|\n|-heal|p2a: Bisharp|42\/100|[from] Grassy Terrain\n|upkeep\n|\n|t:|1626432696\n|switch|p1a: Gliscor|Gliscor, M|29\/100 tox\n|turn|63\n|\n|t:|1626432702\n|move|p2a: Bisharp|Sucker Punch||[still]\n|-fail|p2a: Bisharp\n|move|p1a: Gliscor|Swords Dance|p1a: Gliscor\n|-boost|p1a: Gliscor|atk|2\n|\n|-heal|p2a: Bisharp|48\/100|[from] Grassy Terrain\n|-heal|p1a: Gliscor|41\/100 tox|[from] ability: Poison Heal\n|-fieldend|move: Grassy Terrain\n|upkeep\n|turn|64\n|\n|t:|1626432706\n|move|p1a: Gliscor|Earthquake|p2a: Bisharp\n|-supereffective|p2a: Bisharp\n|-damage|p2a: Bisharp|0 fnt\n|faint|p2a: Bisharp\n|\n|-heal|p1a: Gliscor|54\/100 tox|[from] ability: Poison Heal\n|upkeep\n|\n|t:|1626432707\n|switch|p2a: Latias|Latias-Mega, F|29\/100\n|turn|65\n|\n|t:|1626432710\n|move|p2a: Latias|Surf|p1a: Gliscor\n|-supereffective|p1a: Gliscor\n|-damage|p1a: Gliscor|0 fnt\n|faint|p1a: Gliscor\n|\n|upkeep\n|\n|t:|1626432713\n|switch|p1a: Sableye|Sableye-Mega, M|48\/100\n|turn|66\n|\n|t:|1626432715\n|move|p2a: Latias|Draco Meteor|p1a: Sableye\n|-damage|p1a: Sableye|0 fnt\n|-unboost|p2a: Latias|spa|2\n|faint|p1a: Sableye\n|\n|win|sanueyi\n|raw|EEEEEvolto\u6df1\u6eba's rating: 1387 &rarr; <strong>1357<\/strong><br \/>(-30 for losing)\n|raw|sanueyi's rating: 1198 &rarr; <strong>1235<\/strong><br \/>(+37 for winning)\n|c|\u2606sanueyi|gg\n|l| mamap4.0\n","uploadtime":1626432735,"views":7,"p1id":"eeeeevolto","p2id":"sanueyi","formatid":"gen7ou","rating":0,"private":0,"password":null}