{"id":"china-gen8randombattle-3904652","p1":"swordsman.n","p2":"FiniFiniLove","format":"gen8randombattle","log":"|j|\u2606swordsman.n\n|j|\u2606FiniFiniLove\n|t:|1637485745\n|gametype|singles\n|player|p1|swordsman.n|249|\n|player|p2|FiniFiniLove|1|\n|teamsize|p1|6\n|teamsize|p2|6\n|gen|8\n|tier|[Gen 8] Random Battle\n|rule|Species Clause: Limit one of each Pok\u00e9mon\n|rule|HP Percentage Mod: HP is shown in percentages\n|rule|Sleep Clause Mod: Limit one foe put to sleep\n|\n|t:|1637485745\n|start\n|switch|p1a: Mawile|Mawile, L86, F|226\/226\n|switch|p2a: Sandaconda|Sandaconda, L84, F|258\/258\n|turn|1\n|j| woflw\n|\n|t:|1637485784\n|switch|p1a: Slowbro|Slowbro, L84, M|297\/297\n|move|p2a: Sandaconda|Earthquake|p1a: Slowbro\n|-damage|p1a: Slowbro|194\/297\n|\n|-heal|p1a: Slowbro|212\/297|[from] item: Leftovers\n|upkeep\n|turn|2\n|c| woflw|\u54c7\u662f\u5927\u5634\n|\n|t:|1637485803\n|switch|p2a: Walrein|Walrein, L86, M|329\/329\n|move|p1a: Slowbro|Thunder Wave|p2a: Walrein\n|-status|p2a: Walrein|par\n|\n|-heal|p1a: Slowbro|230\/297|[from] item: Leftovers\n|upkeep\n|turn|3\n|\n|t:|1637485816\n|switch|p1a: Mawile|Mawile, L86, F|226\/226\n|move|p2a: Walrein|Toxic|p1a: Mawile\n|-immune|p1a: Mawile\n|\n|upkeep\n|turn|4\n|\n|t:|1637485830\n|move|p1a: Mawile|Play Rough|p2a: Walrein\n|-damage|p2a: Walrein|191\/329 par\n|move|p2a: Walrein|Surf|p1a: Mawile\n|-damage|p1a: Mawile|82\/226\n|\n|-heal|p2a: Walrein|211\/329 par|[from] item: Leftovers\n|upkeep\n|turn|5\n|\n|t:|1637485848\n|move|p1a: Mawile|Play Rough|p2a: Walrein\n|-damage|p2a: Walrein|62\/329 par\n|cant|p2a: Walrein|par\n|\n|-heal|p2a: Walrein|82\/329 par|[from] item: Leftovers\n|upkeep\n|turn|6\n|\n|t:|1637485854\n|move|p1a: Mawile|Iron Head|p2a: Walrein\n|-damage|p2a: Walrein|0 fnt\n|faint|p2a: Walrein\n|\n|upkeep\n|\n|t:|1637485876\n|switch|p2a: Sandaconda|Sandaconda, L84, F|258\/258\n|turn|7\n|\n|t:|1637485885\n|switch|p2a: Sceptile|Sceptile, L86, M|261\/261\n|switch|p1a: Slowbro|Slowbro, L84, M|297\/297\n|\n|upkeep\n|turn|8\n|\n|t:|1637485907\n|switch|p1a: Mawile|Mawile, L86, F|82\/226\n|move|p2a: Sceptile|Substitute|p2a: Sceptile\n|-start|p2a: Sceptile|Substitute\n|-damage|p2a: Sceptile|196\/261\n|\n|-heal|p2a: Sceptile|212\/261|[from] item: Leftovers\n|upkeep\n|turn|9\n|\n|t:|1637485923\n|move|p2a: Sceptile|Leech Seed|p1a: Mawile\n|-start|p1a: Mawile|move: Leech Seed\n|move|p1a: Mawile|Iron Head|p2a: Sceptile\n|-end|p2a: Sceptile|Substitute\n|\n|-heal|p2a: Sceptile|228\/261|[from] item: Leftovers\n|-damage|p1a: Mawile|54\/226|[from] Leech Seed|[of] p2a: Sceptile\n|-heal|p2a: Sceptile|256\/261|[silent]\n|upkeep\n|turn|10\n|\n|t:|1637485935\n|move|p2a: Sceptile|Substitute|p2a: Sceptile\n|-start|p2a: Sceptile|Substitute\n|-damage|p2a: Sceptile|191\/261\n|move|p1a: Mawile|Iron Head|p2a: Sceptile\n|-crit|p2a: Sceptile\n|-end|p2a: Sceptile|Substitute\n|\n|-heal|p2a: Sceptile|207\/261|[from] item: Leftovers\n|-damage|p1a: Mawile|26\/226|[from] Leech Seed|[of] p2a: Sceptile\n|-heal|p2a: Sceptile|235\/261|[silent]\n|upkeep\n|turn|11\n|\n|t:|1637485945\n|move|p2a: Sceptile|Substitute|p2a: Sceptile\n|-start|p2a: Sceptile|Substitute\n|-damage|p2a: Sceptile|170\/261\n|move|p1a: Mawile|Iron Head|p2a: Sceptile\n|-end|p2a: Sceptile|Substitute\n|\n|-heal|p2a: Sceptile|186\/261|[from] item: Leftovers\n|-damage|p1a: Mawile|0 fnt|[from] Leech Seed|[of] p2a: Sceptile\n|-heal|p2a: Sceptile|212\/261|[silent]\n|faint|p1a: Mawile\n|upkeep\n|\n|t:|1637485961\n|switch|p1a: Aerodactyl|Aerodactyl, L82, F|265\/265\n|-ability|p1a: Aerodactyl|Unnerve\n|turn|12\n|\n|t:|1637485981\n|switch|p2a: Sandaconda|Sandaconda, L84, F|258\/258\n|move|p1a: Aerodactyl|Dual Wingbeat|p2a: Sandaconda\n|-damage|p2a: Sandaconda|227\/258\n|-damage|p2a: Sandaconda|191\/258\n|-hitcount|p2a: Sandaconda|2\n|\n|-heal|p2a: Sandaconda|207\/258|[from] item: Leftovers\n|upkeep\n|turn|13\n|\n|t:|1637486008\n|move|p1a: Aerodactyl|Dual Wingbeat|p2a: Sandaconda\n|-crit|p2a: Sandaconda\n|-damage|p2a: Sandaconda|156\/258\n|-damage|p2a: Sandaconda|125\/258\n|-hitcount|p2a: Sandaconda|2\n|move|p2a: Sandaconda|Stone Edge|p1a: Aerodactyl\n|-supereffective|p1a: Aerodactyl\n|-damage|p1a: Aerodactyl|63\/265\n|\n|-heal|p2a: Sandaconda|141\/258|[from] item: Leftovers\n|upkeep\n|turn|14\n|\n|t:|1637486026\n|move|p1a: Aerodactyl|Dual Wingbeat|p2a: Sandaconda|[miss]\n|-miss|p1a: Aerodactyl|p2a: Sandaconda\n|move|p2a: Sandaconda|Stone Edge|p1a: Aerodactyl\n|-supereffective|p1a: Aerodactyl\n|-crit|p1a: Aerodactyl\n|-damage|p1a: Aerodactyl|0 fnt\n|faint|p1a: Aerodactyl\n|\n|-heal|p2a: Sandaconda|157\/258|[from] item: Leftovers\n|upkeep\n|\n|t:|1637486035\n|switch|p1a: Slowbro|Slowbro, L84, M|297\/297\n|turn|15\n|\n|t:|1637486065\n|move|p2a: Sandaconda|Glare|p1a: Slowbro\n|-status|p1a: Slowbro|par\n|cant|p1a: Slowbro|par\n|\n|-heal|p2a: Sandaconda|173\/258|[from] item: Leftovers\n|upkeep\n|turn|16\n|\n|t:|1637486074\n|move|p2a: Sandaconda|Earthquake|p1a: Slowbro\n|-damage|p1a: Slowbro|209\/297 par\n|cant|p1a: Slowbro|par\n|\n|-heal|p2a: Sandaconda|189\/258|[from] item: Leftovers\n|-heal|p1a: Slowbro|227\/297 par|[from] item: Leftovers\n|upkeep\n|turn|17\n|c| woflw|\u554a\u8fd9\n|\n|t:|1637486086\n|switch|p2a: Sceptile|Sceptile, L86, M|212\/261\n|move|p1a: Slowbro|Ice Beam|p2a: Sceptile\n|-supereffective|p2a: Sceptile\n|-damage|p2a: Sceptile|70\/261\n|\n|-heal|p2a: Sceptile|86\/261|[from] item: Leftovers\n|-heal|p1a: Slowbro|245\/297 par|[from] item: Leftovers\n|upkeep\n|turn|18\n|\n|t:|1637486100\n|switch|p1a: Jolteon|Jolteon, L82, F|241\/241\n|move|p2a: Sceptile|Giga Drain|p1a: Jolteon\n|-damage|p1a: Jolteon|108\/241\n|-heal|p2a: Sceptile|153\/261|[from] drain|[of] p1a: Jolteon\n|\n|-heal|p2a: Sceptile|169\/261|[from] item: Leftovers\n|upkeep\n|turn|19\n|c|\u2606FiniFiniLove|\u8fd9\u5c40\u901f\u5ea6\u7ebf\u4e5f\u592a\u9ad8\u4e86\n|\n|t:|1637486141\n|switch|p2a: Sandaconda|Sandaconda, L84, F|189\/258\n|move|p1a: Jolteon|Shadow Ball|p2a: Sandaconda\n|-damage|p2a: Sandaconda|90\/258\n|\n|-heal|p2a: Sandaconda|106\/258|[from] item: Leftovers\n|upkeep\n|turn|20\n|\n|t:|1637486155\n|switch|p1a: Slowbro|Slowbro, L84, M|297\/297 par\n|move|p2a: Sandaconda|Rest|p2a: Sandaconda\n|-status|p2a: Sandaconda|slp|[from] move: Rest\n|-heal|p2a: Sandaconda|258\/258 slp|[silent]\n|\n|upkeep\n|turn|21\n|c| woflw|\u5316\u80a5\u96f7\u5e03\u5dee\u4e2a\u53c9\u5b50\n|\n|t:|1637486166\n|switch|p2a: Gengar|Gengar, L80, M|227\/227\n|switch|p1a: Aegislash|Aegislash, L80, M|227\/227\n|\n|upkeep\n|turn|22\n|\n|t:|1637486191\n|switch|p2a: Sandaconda|Sandaconda, L84, F|258\/258 slp\n|-formechange|p1a: Aegislash|Aegislash-Blade||[from] ability: Stance Change\n|move|p1a: Aegislash|Shadow Ball|p2a: Sandaconda\n|-damage|p2a: Sandaconda|125\/258 slp\n|\n|-heal|p2a: Sandaconda|141\/258 slp|[from] item: Leftovers\n|upkeep\n|turn|23\n|\n|t:|1637486214\n|cant|p2a: Sandaconda|slp\n|move|p1a: Aegislash|Shadow Ball|p2a: Sandaconda\n|-damage|p2a: Sandaconda|26\/258 slp\n|\n|-activate|p2a: Sandaconda|ability: Shed Skin\n|-curestatus|p2a: Sandaconda|slp|[msg]\n|-heal|p2a: Sandaconda|42\/258|[from] item: Leftovers\n|upkeep\n|turn|24\n|\n|t:|1637486226\n|switch|p1a: Slowbro|Slowbro, L84, M|297\/297 par\n|move|p2a: Sandaconda|Rest|p2a: Sandaconda\n|-status|p2a: Sandaconda|slp|[from] move: Rest\n|-heal|p2a: Sandaconda|258\/258 slp|[silent]\n|\n|upkeep\n|turn|25\n|\n|t:|1637486242\n|cant|p2a: Sandaconda|slp\n|move|p1a: Slowbro|Thunder Wave|p2a: Sandaconda\n|-immune|p2a: Sandaconda\n|\n|-activate|p2a: Sandaconda|ability: Shed Skin\n|-curestatus|p2a: Sandaconda|slp|[msg]\n|upkeep\n|turn|26\n|\n|t:|1637486264\n|switch|p2a: Sceptile|Sceptile, L86, M|169\/261\n|move|p1a: Slowbro|Thunder Wave|p2a: Sceptile\n|-status|p2a: Sceptile|par\n|\n|-heal|p2a: Sceptile|185\/261 par|[from] item: Leftovers\n|upkeep\n|turn|27\n|\n|t:|1637486273\n|cant|p2a: Sceptile|par\n|move|p1a: Slowbro|Ice Beam|p2a: Sceptile\n|-supereffective|p2a: Sceptile\n|-damage|p2a: Sceptile|57\/261 par\n|\n|-heal|p2a: Sceptile|73\/261 par|[from] item: Leftovers\n|upkeep\n|turn|28\n|\n|t:|1637486283\n|switch|p1a: Aegislash|Aegislash, L80, M|227\/227\n|move|p2a: Sceptile|Substitute|p2a: Sceptile\n|-start|p2a: Sceptile|Substitute\n|-damage|p2a: Sceptile|8\/261 par\n|\n|-heal|p2a: Sceptile|24\/261 par|[from] item: Leftovers\n|upkeep\n|turn|29\n|\n|t:|1637486290\n|move|p1a: Aegislash|Substitute|p1a: Aegislash\n|-start|p1a: Aegislash|Substitute\n|-damage|p1a: Aegislash|171\/227\n|move|p2a: Sceptile|Leech Seed||[still]\n|-fail|p2a: Sceptile\n|\n|-heal|p1a: Aegislash|185\/227|[from] item: Leftovers\n|-heal|p2a: Sceptile|40\/261 par|[from] item: Leftovers\n|upkeep\n|turn|30\n|\n|t:|1637486299\n|-formechange|p1a: Aegislash|Aegislash-Blade||[from] ability: Stance Change\n|move|p1a: Aegislash|Shadow Ball|p2a: Sceptile\n|-end|p2a: Sceptile|Substitute\n|move|p2a: Sceptile|Earthquake|p1a: Aegislash\n|-supereffective|p1a: Aegislash\n|-end|p1a: Aegislash|Substitute\n|\n|-heal|p1a: Aegislash|199\/227|[from] item: Leftovers\n|-heal|p2a: Sceptile|56\/261 par|[from] item: Leftovers\n|upkeep\n|turn|31\n|\n|t:|1637486317\n|move|p1a: Aegislash|Shadow Ball|p2a: Sceptile\n|-damage|p2a: Sceptile|0 fnt\n|faint|p2a: Sceptile\n|\n|-heal|p1a: Aegislash|213\/227|[from] item: Leftovers\n|upkeep\n|\n|t:|1637486333\n|switch|p2a: Gengar|Gengar, L80, M|227\/227\n|turn|32\n|\n|t:|1637486355\n|-formechange|p1a: Aegislash|Aegislash||[from] ability: Stance Change\n|move|p1a: Aegislash|King's Shield|p1a: Aegislash\n|-singleturn|p1a: Aegislash|Protect\n|move|p2a: Gengar|Shadow Ball|p1a: Aegislash\n|-activate|p1a: Aegislash|move: Protect\n|\n|-heal|p1a: Aegislash|227\/227|[from] item: Leftovers\n|upkeep\n|turn|33\n|\n|t:|1637486363\n|move|p2a: Gengar|Shadow Ball|p1a: Aegislash\n|-supereffective|p1a: Aegislash\n|-damage|p1a: Aegislash|40\/227\n|-damage|p2a: Gengar|205\/227|[from] item: Life Orb\n|-formechange|p1a: Aegislash|Aegislash-Blade||[from] ability: Stance Change\n|move|p1a: Aegislash|Shadow Ball|p2a: Gengar\n|-supereffective|p2a: Gengar\n|-damage|p2a: Gengar|0 fnt\n|faint|p2a: Gengar\n|\n|-heal|p1a: Aegislash|54\/227|[from] item: Leftovers\n|upkeep\n|\n|t:|1637486417\n|switch|p2a: Talonflame|Talonflame, L81, M|259\/259\n|turn|34\n|\n|t:|1637486431\n|move|p2a: Talonflame|Swords Dance|p2a: Talonflame\n|-boost|p2a: Talonflame|atk|2\n|move|p1a: Aegislash|Toxic|p2a: Talonflame|[miss]\n|-miss|p1a: Aegislash|p2a: Talonflame\n|\n|-heal|p1a: Aegislash|68\/227|[from] item: Leftovers\n|upkeep\n|turn|35\n|\n|t:|1637486468\n|-start|p2a: Talonflame|Dynamax\n|-heal|p2a: Talonflame|518\/518|[silent]\n|-formechange|p1a: Aegislash|Aegislash||[from] ability: Stance Change\n|move|p1a: Aegislash|King's Shield|p1a: Aegislash\n|-singleturn|p1a: Aegislash|Protect\n|move|p2a: Talonflame|Max Flare|p1a: Aegislash\n|-supereffective|p1a: Aegislash\n|-zbroken|p1a: Aegislash\n|-damage|p1a: Aegislash|0 fnt\n|-weather|SunnyDay\n|faint|p1a: Aegislash\n|\n|-weather|SunnyDay|[upkeep]\n|upkeep\n|\n|t:|1637486479\n|switch|p1a: Slowbro|Slowbro, L84, M|297\/297 par\n|turn|36\n|\n|t:|1637486488\n|-start|p1a: Slowbro|Dynamax\n|-heal|p1a: Slowbro|594\/594 par|[silent]\n|move|p1a: Slowbro|Max Guard|p1a: Slowbro\n|-singleturn|p1a: Slowbro|Max Guard\n|move|p2a: Talonflame|Max Airstream|p1a: Slowbro\n|-activate|p1a: Slowbro|move: Max Guard\n|\n|-weather|SunnyDay|[upkeep]\n|upkeep\n|turn|37\n|\n|t:|1637486497\n|move|p2a: Talonflame|Max Airstream|p1a: Slowbro\n|-damage|p1a: Slowbro|383\/594 par\n|-boost|p2a: Talonflame|spe|1\n|move|p1a: Slowbro|Max Geyser|p2a: Talonflame\n|-supereffective|p2a: Talonflame\n|-damage|p2a: Talonflame|356\/518\n|-weather|RainDance\n|\n|-weather|RainDance|[upkeep]\n|-heal|p1a: Slowbro|401\/594 par|[from] item: Leftovers\n|-end|p2a: Talonflame|Dynamax\n|-heal|p2a: Talonflame|178\/259|[silent]\n|upkeep\n|turn|38\n|\n|t:|1637486523\n|move|p2a: Talonflame|Brave Bird|p1a: Slowbro\n|-damage|p1a: Slowbro|236\/594 par\n|-damage|p2a: Talonflame|124\/259|[from] Recoil\n|move|p1a: Slowbro|Max Geyser|p2a: Talonflame\n|-supereffective|p2a: Talonflame\n|-damage|p2a: Talonflame|0 fnt\n|faint|p2a: Talonflame\n|\n|-weather|RainDance|[upkeep]\n|-heal|p1a: Slowbro|254\/594 par|[from] item: Leftovers\n|-end|p1a: Slowbro|Dynamax\n|-heal|p1a: Slowbro|127\/297 par|[silent]\n|upkeep\n|\n|t:|1637486533\n|switch|p2a: Mimikyu|Mimikyu, L76, M|209\/209\n|turn|39\n|\n|t:|1637486542\n|move|p2a: Mimikyu|Shadow Claw|p1a: Slowbro\n|-supereffective|p1a: Slowbro\n|-damage|p1a: Slowbro|0 fnt\n|faint|p1a: Slowbro\n|-damage|p2a: Mimikyu|189\/209|[from] item: Life Orb\n|\n|-weather|RainDance|[upkeep]\n|upkeep\n|\n|t:|1637486549\n|switch|p1a: Jolteon|Jolteon, L82, F|108\/241\n|turn|40\n|\n|t:|1637486563\n|switch|p2a: Sandaconda|Sandaconda, L84, F|258\/258\n|move|p1a: Jolteon|Shadow Ball|p2a: Sandaconda\n|-damage|p2a: Sandaconda|148\/258\n|\n|-weather|RainDance|[upkeep]\n|-heal|p2a: Sandaconda|164\/258|[from] item: Leftovers\n|upkeep\n|turn|41\n|\n|t:|1637486576\n|move|p1a: Jolteon|Shadow Ball|p2a: Sandaconda\n|-damage|p2a: Sandaconda|54\/258\n|move|p2a: Sandaconda|Earthquake|p1a: Jolteon\n|-supereffective|p1a: Jolteon\n|-damage|p1a: Jolteon|0 fnt\n|faint|p1a: Jolteon\n|\n|-weather|none\n|-heal|p2a: Sandaconda|70\/258|[from] item: Leftovers\n|upkeep\n|\n|t:|1637486584\n|switch|p1a: Mienshao|Mienshao, L82, M|241\/241\n|turn|42\n|\n|t:|1637486590\n|move|p1a: Mienshao|Knock Off|p2a: Sandaconda\n|-damage|p2a: Sandaconda|0 fnt\n|-enditem|p2a: Sandaconda|Leftovers|[from] move: Knock Off|[of] p1a: Mienshao\n|faint|p2a: Sandaconda\n|-damage|p1a: Mienshao|217\/241|[from] item: Life Orb\n|\n|upkeep\n|\n|t:|1637486593\n|switch|p2a: Mimikyu|Mimikyu, L76, M|189\/209\n|turn|43\n|\n|t:|1637486599\n|move|p1a: Mienshao|Poison Jab|p2a: Mimikyu\n|-activate|p2a: Mimikyu|ability: Disguise\n|-damage|p2a: Mimikyu|189\/209\n|detailschange|p2a: Mimikyu|Mimikyu-Busted, L76, M\n|-damage|p2a: Mimikyu|163\/209|[from] pokemon: Mimikyu-Busted\n|-damage|p1a: Mienshao|193\/241|[from] item: Life Orb\n|move|p2a: Mimikyu|Play Rough|p1a: Mienshao\n|-supereffective|p1a: Mienshao\n|-damage|p1a: Mienshao|0 fnt\n|faint|p1a: Mienshao\n|-damage|p2a: Mimikyu|143\/209|[from] item: Life Orb\n|\n|win|FiniFiniLove\n","inputlog":">version 5f9d7c5fd7d7784ad2f0d0f4b61ea6e75791baaf\n>version-origin 3918ebd609a2bd57e0326bf76fca79306b37a61f\n>start {\"formatid\":\"gen8randombattle\",\"seed\":[57942,58251,10362,58009]}\n>player p1 {\"name\":\"swordsman.n\",\"avatar\":\"249\",\"rating\":0,\"seed\":[10902,14543,10817,39648]}\n>player p2 {\"name\":\"FiniFiniLove\",\"avatar\":\"1\",\"rating\":0,\"seed\":[15,45820,56274,4393]}\n>p1 switch 4\n>p2 move earthquake\n>chat  woflw|\u54c7\u662f\u5927\u5634\n>p1 move thunderwave\n>p2 switch 6\n>p1 switch 4\n>p2 move toxic\n>p1 move playrough\n>p2 move surf\n>p1 move playrough\n>p2 move surf\n>p1 move ironhead\n>p2 move surf\n>p2 switch 6\n>p1 switch 4\n>p2 switch 4\n>p1 switch 4\n>p2 move substitute\n>p1 move ironhead\n>p2 move leechseed\n>p1 move ironhead\n>p2 move substitute\n>p1 move ironhead\n>p2 move substitute\n>p1 switch 3\n>p1 move dualwingbeat\n>p2 switch 4\n>p1 move dualwingbeat\n>p2 move stoneedge\n>p1 move dualwingbeat\n>p2 move stoneedge\n>p1 switch 4\n>p1 move icebeam\n>p2 move glare\n>p1 move thunderwave\n>p2 move earthquake\n>chat  woflw|\u554a\u8fd9\n>p1 move icebeam\n>p2 switch 4\n>p1 switch 5\n>p2 move gigadrain\n>chat \u2606FiniFiniLove|\u8fd9\u5c40\u901f\u5ea6\u7ebf\u4e5f\u592a\u9ad8\u4e86\n>p1 move shadowball\n>p2 switch 4\n>p1 switch 5\n>p2 move rest\n>chat  woflw|\u5316\u80a5\u96f7\u5e03\u5dee\u4e2a\u53c9\u5b50\n>p1 switch 6\n>p2 switch 2\n>p1 move shadowball\n>p2 switch 2\n>p1 move shadowball\n>p2 move earthquake\n>p1 switch 6\n>p2 move rest\n>p1 move thunderwave\n>p2 move earthquake\n>p1 move thunderwave\n>p2 switch 4\n>p1 move icebeam\n>p2 move leechseed\n>p1 switch 6\n>p2 move substitute\n>p1 move substitute\n>p2 move leechseed\n>p1 move shadowball\n>p2 move earthquake\n>p1 move shadowball\n>p2 move earthquake\n>p2 switch 2\n>p1 move kingsshield\n>p2 move shadowball\n>p1 move shadowball\n>p2 move shadowball\n>p2 switch 5\n>p1 move toxic\n>p2 move swordsdance\n>p1 move kingsshield\n>p2 move flareblitz dynamax\n>p1 switch 6\n>p1 move slackoff dynamax\n>p2 move bravebird dynamax\n>p1 move scald dynamax\n>p2 move bravebird dynamax\n>p1 move scald dynamax\n>p2 move bravebird\n>p2 switch 3\n>p1 move scald\n>p2 move shadowclaw\n>p1 switch 5\n>p1 move shadowball\n>p2 switch 4\n>p1 move shadowball\n>p2 move earthquake\n>p1 switch 2\n>p1 move knockoff\n>p2 move glare\n>p2 switch 4\n>p1 move poisonjab\n>p2 move playrough","uploadtime":1637486612,"views":9,"p1id":"swordsmann","p2id":"finifinilove","formatid":"gen8randombattle","rating":0,"private":0,"password":null}