{"id":"china-gen8freeforallrandombattle-397206","p1":"Swordsman.N","p2":"Kirinozi","format":"gen8freeforallrandombattle","log":"|uhtml|invites|<div class=\"broadcast broadcast-blue\"><strong>This is a 4-player challenge battle<\/strong><br \/>The players will need to add more players before the battle can start.<\/div>\n|j|\u2606Swordsman.N\n|j|\u2606Kirinozi\n|t:|1617550895\n|gametype|freeforall\n|player|p1|Swordsman.N|caitlin|\n|player|p2|Kirinozi|veteranf|\n||Invite sent to lunan0713!\n|j| lunan0713\n|n|\u2606lunan0713|lunan0713\n|n|\u2606lunan0713|lunan0713\n|player|p3|lunan0713|winona\n|player|p3|lunan0713|winona|\n||Invite sent to Zinc98!\n|j| Zinc98\n|n|\u2606Zinc98|zinc98\n|n|\u2606Zinc98|zinc98\n|player|p4|Zinc98|211\n|uhtmlchange|invites|\n|player|p4|Zinc98|211|\n|teamsize|p1|6\n|teamsize|p2|6\n|teamsize|p3|6\n|teamsize|p4|6\n|gen|8\n|tier|[Gen 8] Free-For-All Random Battle\n|rule|Species Clause: Limit one of each Pok\u00e9mon\n|rule|HP Percentage Mod: HP is shown in percentages\n|rule|Sleep Clause Mod: Limit one foe put to sleep\n|\n|t:|1617550921\n|start\n|switch|p1a: Musharna|Musharna, L88, M|347\/347\n|switch|p2a: Ludicolo|Ludicolo, L86, M|278\/278\n|switch|p3b: Gengar|Gengar, L86, F|243\/243\n|switch|p4b: Tangrowth|Tangrowth, L85, M|309\/309\n|turn|1\n|\n|t:|1617550946\n|switch|p2a: Tauros|Tauros, L84, M|263\/263\n|-ability|p2a: Tauros|Intimidate|boost\n|-unboost|p1a: Musharna|atk|1\n|-unboost|p3b: Gengar|atk|1\n|-unboost|p4b: Tangrowth|atk|1\n|move|p3b: Gengar|Protect|p3b: Gengar\n|-singleturn|p3b: Gengar|Protect\n|move|p4b: Tangrowth|Knock Off|p3b: Gengar\n|-activate|p3b: Gengar|move: Protect\n|move|p1a: Musharna|Psychic|p3b: Gengar\n|-activate|p3b: Gengar|move: Protect\n|\n|upkeep\n|turn|2\n|c|\u2606lunan0713|\u6211\u5c31\u77e5\u9053\n|\n|t:|1617550969\n|move|p2a: Tauros|Protect|p2a: Tauros\n|-singleturn|p2a: Tauros|Protect\n|move|p1a: Musharna|Protect|p1a: Musharna\n|-singleturn|p1a: Musharna|Protect\n|move|p3b: Gengar|Shadow Ball|p1a: Musharna\n|-activate|p1a: Musharna|move: Protect\n|move|p4b: Tangrowth|Focus Blast|p2a: Tauros\n|-activate|p2a: Tauros|move: Protect\n|\n|upkeep\n|turn|3\n|j|\u265aa little fool\n|j| syelza\n|j| Nobeta\n|\n|t:|1617551005\n|switch|p2a: Azumarill|Azumarill, L88, M|319\/319\n|switch|p1a: Heliolisk|Heliolisk, L88, M|252\/252\n|move|p3b: Gengar|Protect|p3b: Gengar\n|-singleturn|p3b: Gengar|Protect\n|move|p4b: Tangrowth|Knock Off|p3b: Gengar\n|-activate|p3b: Gengar|move: Protect\n|\n|upkeep\n|turn|4\n|\n|t:|1617551050\n|switch|p2a: Hitmontop|Hitmontop, L88, M|231\/231\n|-ability|p2a: Hitmontop|Intimidate|boost\n|-unboost|p1a: Heliolisk|atk|1\n|-unboost|p3b: Gengar|atk|1\n|-unboost|p4b: Tangrowth|atk|1\n|move|p1a: Heliolisk|Thunderbolt|p2a: Hitmontop\n|-damage|p2a: Hitmontop|137\/231\n|move|p3b: Gengar|Sludge Bomb|p2a: Hitmontop\n|-damage|p2a: Hitmontop|0 fnt\n|-damage|p3b: Gengar|219\/243|[from] item: Life Orb\n|faint|p2a: Hitmontop\n|move|p4b: Tangrowth|Knock Off|p3b: Gengar\n|-supereffective|p3b: Gengar\n|-damage|p3b: Gengar|131\/243\n|-start|p4b: Tangrowth|Disable|Knock Off|[from] ability: Cursed Body|[of] p3b: Gengar\n|-enditem|p3b: Gengar|Life Orb|[from] move: Knock Off|[of] p4b: Tangrowth\n|\n|upkeep\n|c|\u2606lunan0713|\u6709\u4eba\u6ca1\u6709\u9b3c\u6297.jpg\n|\n|t:|1617551066\n|switch|p2a: Tauros|Tauros, L84, M|263\/263\n|-ability|p2a: Tauros|Intimidate|boost\n|-unboost|p1a: Heliolisk|atk|1\n|-unboost|p3b: Gengar|atk|1\n|-unboost|p4b: Tangrowth|atk|1\n|turn|5\n|l| syelza\n|j| syelza\n|l| syelza\n|\n|t:|1617551084\n|move|p1a: Heliolisk|Glare|p2a: Tauros\n|-status|p2a: Tauros|par\n|move|p3b: Gengar|Sludge Bomb|p4b: Tangrowth\n|-supereffective|p4b: Tangrowth\n|-damage|p4b: Tangrowth|0 fnt\n|faint|p4b: Tangrowth\n|move|p2a: Tauros|Body Slam|p4: Tangrowth|[notarget]\n|-fail|p2a: Tauros\n|\n|upkeep\n|\n|t:|1617551091\n|switch|p4b: Throh|Throh, L86, M|347\/347\n|turn|6\n|\n|t:|1617551108\n|move|p1a: Heliolisk|Protect|p1a: Heliolisk\n|-singleturn|p1a: Heliolisk|Protect\n|move|p3b: Gengar|Protect|p3b: Gengar\n|-singleturn|p3b: Gengar|Protect\n|cant|p2a: Tauros|par\n|move|p4b: Throh|Storm Throw|p2a: Tauros\n|-supereffective|p2a: Tauros\n|-crit|p2a: Tauros\n|-damage|p2a: Tauros|63\/263 par\n|\n|-status|p4b: Throh|brn|[from] item: Flame Orb\n|upkeep\n|turn|7\n|\n|t:|1617551123\n|move|p2a: Tauros|Protect|p2a: Tauros\n|-singleturn|p2a: Tauros|Protect\n|move|p1a: Heliolisk|Hyper Voice|p4b: Throh|[spread] p4b\n|-activate|p2a: Tauros|move: Protect\n|-immune|p3b: Gengar\n|-damage|p4b: Throh|286\/347 brn\n|move|p3b: Gengar|Sludge Bomb|p4b: Throh\n|-damage|p4b: Throh|153\/347 brn\n|move|p4b: Throh|Knock Off|p3b: Gengar\n|-supereffective|p3b: Gengar\n|-crit|p3b: Gengar\n|-damage|p3b: Gengar|0 fnt\n|-start|p4b: Throh|Disable|Knock Off|[from] ability: Cursed Body|[of] p3b: Gengar\n|faint|p3b: Gengar\n|\n|-damage|p4b: Throh|132\/347 brn|[from] brn\n|upkeep\n|\n|t:|1617551140\n|switch|p3b: Hitmonchan|Hitmonchan, L88, M|231\/231\n|turn|8\n|\n|t:|1617551164\n|switch|p1a: Musharna|Musharna, L88, M|347\/347\n|switch|p2a: Azumarill|Azumarill, L88, M|319\/319\n|move|p4b: Throh|Protect|p4b: Throh\n|-singleturn|p4b: Throh|Protect\n|move|p3b: Hitmonchan|Drain Punch|p1a: Musharna\n|-resisted|p1a: Musharna\n|-damage|p1a: Musharna|291\/347\n|\n|-damage|p4b: Throh|111\/347 brn|[from] brn\n|upkeep\n|turn|9\n|c|\u2606lunan0713|\u574f\u4e86\n|\n|t:|1617551190\n|switch|p3b: Clefairy|Clefairy, L95, F|287\/287\n|move|p1a: Musharna|Protect|p1a: Musharna\n|-singleturn|p1a: Musharna|Protect\n|move|p2a: Azumarill|Knock Off|p1a: Musharna\n|-activate|p1a: Musharna|move: Protect\n|move|p4b: Throh|Poison Jab|p2a: Azumarill\n|-supereffective|p2a: Azumarill\n|-damage|p2a: Azumarill|123\/319\n|-status|p2a: Azumarill|psn\n|\n|-damage|p2a: Azumarill|84\/319 psn|[from] psn\n|-damage|p4b: Throh|90\/347 brn|[from] brn\n|upkeep\n|turn|10\n|\n|t:|1617551219\n|move|p4b: Throh|Protect|p4b: Throh\n|-singleturn|p4b: Throh|Protect\n|move|p3b: Clefairy|Protect|p3b: Clefairy\n|-singleturn|p3b: Clefairy|Protect\n|move|p2a: Azumarill|Knock Off|p1a: Musharna\n|-supereffective|p1a: Musharna\n|-damage|p1a: Musharna|89\/347\n|-enditem|p1a: Musharna|Sitrus Berry|[from] move: Knock Off|[of] p2a: Azumarill\n|move|p1a: Musharna|Psychic|p4b: Throh\n|-activate|p4b: Throh|move: Protect\n|\n|-damage|p2a: Azumarill|45\/319 psn|[from] psn\n|-damage|p4b: Throh|69\/347 brn|[from] brn\n|-end|p4b: Throh|Disable\n|upkeep\n|turn|11\n|\n|t:|1617551234\n|move|p1a: Musharna|Protect|p1a: Musharna\n|-singleturn|p1a: Musharna|Protect\n|move|p2a: Azumarill|Liquidation|p4b: Throh\n|-damage|p4b: Throh|0 fnt\n|faint|p4b: Throh\n|move|p3b: Clefairy|Moonblast|p2a: Azumarill\n|-damage|p2a: Azumarill|0 fnt\n|faint|p2a: Azumarill\n|\n|upkeep\n|\n|t:|1617551251\n|switch|p2a: Tauros|Tauros, L84, M|63\/263 par\n|switch|p4b: Cloyster|Cloyster, L84, M|221\/221\n|-ability|p2a: Tauros|Intimidate|boost\n|-unboost|p1a: Musharna|atk|1\n|-unboost|p3b: Clefairy|atk|1\n|-unboost|p4b: Cloyster|atk|1\n|turn|12\n|\n|t:|1617551278\n|move|p4b: Cloyster|Protect|p4b: Cloyster\n|-singleturn|p4b: Cloyster|Protect\n|move|p3b: Clefairy|Moonblast|p2a: Tauros\n|-damage|p2a: Tauros|0 fnt\n|faint|p2a: Tauros\n|move|p1a: Musharna|Psychic|p4b: Cloyster\n|-activate|p4b: Cloyster|move: Protect\n|\n|upkeep\n|\n|t:|1617551288\n|switch|p2a: Ludicolo|Ludicolo, L86, M|278\/278\n|turn|13\n|\n|t:|1617551317\n|switch|p4b: Scyther|Scyther, L84, M|255\/255\n|move|p3b: Clefairy|Helping Hand|p4b: Scyther\n|-singleturn|p4b: Scyther|Helping Hand|[of] p3b: Clefairy\n|move|p2a: Ludicolo|Energy Ball|p4b: Scyther\n|-resisted|p4b: Scyther\n|-damage|p4b: Scyther|229\/255\n|move|p1a: Musharna|Psychic|p2a: Ludicolo\n|-damage|p2a: Ludicolo|211\/278\n|\n|upkeep\n|turn|14\n|\n|t:|1617551341\n|move|p3b: Clefairy|Helping Hand|p4b: Scyther\n|-singleturn|p4b: Scyther|Helping Hand|[of] p3b: Clefairy\n|move|p4b: Scyther|Bug Bite|p2a: Ludicolo\n|-supereffective|p2a: Ludicolo\n|-damage|p2a: Ludicolo|0 fnt\n|faint|p2a: Ludicolo\n|move|p1a: Musharna|Psychic|p4b: Scyther\n|-damage|p4b: Scyther|114\/255\n|\n|upkeep\n|\n|t:|1617551352\n|switch|p2a: Kyurem|Kyurem, L78|323\/323\n|-ability|p2a: Kyurem|Pressure\n|turn|15\n|\n|t:|1617551367\n|move|p3b: Clefairy|Helping Hand|p2a: Kyurem\n|-singleturn|p2a: Kyurem|Helping Hand|[of] p3b: Clefairy\n|move|p2a: Kyurem|Protect|p2a: Kyurem\n|-singleturn|p2a: Kyurem|Protect\n|move|p1a: Musharna|Protect|p1a: Musharna\n|-singleturn|p1a: Musharna|Protect\n|move|p4b: Scyther|Bug Bite|p2a: Kyurem\n|-activate|p2a: Kyurem|move: Protect\n|\n|upkeep\n|turn|16\n|\n|t:|1617551441\n|-start|p2a: Kyurem|Dynamax\n|-heal|p2a: Kyurem|646\/646|[silent]\n|move|p3b: Clefairy|Protect|p3b: Clefairy\n|-singleturn|p3b: Clefairy|Protect\n|move|p4b: Scyther|Bug Bite|p2a: Kyurem\n|-damage|p2a: Kyurem|478\/646\n|-enditem|p2a: Kyurem|Sitrus Berry|[from] stealeat|[move] Bug Bite|[of] p4b: Scyther\n|-heal|p4b: Scyther|177\/255|[from] item: Sitrus Berry\n|move|p2a: Kyurem|Max Hailstorm|p3b: Clefairy\n|-zbroken|p3b: Clefairy\n|-damage|p3b: Clefairy|260\/287\n|-weather|Hail\n|move|p1a: Musharna|Psychic|p2a: Kyurem\n|-damage|p2a: Kyurem|363\/646\n|\n|-weather|Hail|[upkeep]\n|-damage|p4b: Scyther|162\/255|[from] Hail\n|-damage|p3b: Clefairy|243\/287|[from] Hail\n|-damage|p1a: Musharna|68\/347|[from] Hail\n|upkeep\n|turn|17\n|\n|t:|1617551465\n|move|p3b: Clefairy|Helping Hand|p4b: Scyther\n|-singleturn|p4b: Scyther|Helping Hand|[of] p3b: Clefairy\n|move|p1a: Musharna|Protect|p1a: Musharna\n|-singleturn|p1a: Musharna|Protect\n|move|p4b: Scyther|Bug Bite|p1a: Musharna\n|-activate|p1a: Musharna|move: Protect\n|move|p2a: Kyurem|Max Hailstorm|p4b: Scyther\n|-supereffective|p4b: Scyther\n|-damage|p4b: Scyther|0 fnt\n|faint|p4b: Scyther\n|\n|-weather|Hail|[upkeep]\n|-damage|p3b: Clefairy|226\/287|[from] Hail\n|-damage|p1a: Musharna|47\/347|[from] Hail\n|upkeep\n|\n|t:|1617551472\n|switch|p4b: Cloyster|Cloyster, L84, M|221\/221\n|turn|18\n|\n|t:|1617551492\n|move|p2a: Kyurem|Max Wyrmwind|p4b: Cloyster\n|-damage|p4b: Cloyster|0 fnt\n|-unboost|p1a: Musharna|atk|1\n|-unboost|p3b: Clefairy|atk|1\n|faint|p4b: Cloyster\n|move|p3b: Clefairy|Moonblast|p1a: Musharna\n|-damage|p1a: Musharna|0 fnt\n|faint|p1a: Musharna\n|\n|-weather|Hail|[upkeep]\n|-damage|p3b: Clefairy|209\/287|[from] Hail\n|-end|p2a: Kyurem|Dynamax\n|-heal|p2a: Kyurem|182\/323|[silent]\n|upkeep\n|\n|t:|1617551508\n|switch|p4b: Celesteela|Celesteela, L80|286\/286\n|switch|p1a: Heliolisk|Heliolisk, L88, M|252\/252\n|turn|19\n|\n|t:|1617551520\n|switch|p4b: Zygarde|Zygarde-10%, L76|207\/207\n|move|p2a: Kyurem|Protect|p2a: Kyurem\n|-singleturn|p2a: Kyurem|Protect\n|move|p3b: Clefairy|Protect|p3b: Clefairy\n|-singleturn|p3b: Clefairy|Protect\n|move|p1a: Heliolisk|Glare|p2a: Kyurem\n|-activate|p2a: Kyurem|move: Protect\n|\n|-weather|Hail|[upkeep]\n|-damage|p1a: Heliolisk|237\/252|[from] Hail\n|-damage|p4b: Zygarde|195\/207|[from] Hail\n|-damage|p3b: Clefairy|192\/287|[from] Hail\n|upkeep\n|turn|20\n|\n|t:|1617551540\n|move|p1a: Heliolisk|Glare|p4b: Zygarde\n|-status|p4b: Zygarde|par\n|move|p2a: Kyurem|Glaciate|p1a: Heliolisk|[spread] p1a,p3b,p4b\n|-supereffective|p4b: Zygarde\n|-damage|p1a: Heliolisk|203\/252\n|-damage|p3b: Clefairy|162\/287\n|-damage|p4b: Zygarde|23\/207 par\n|-unboost|p1a: Heliolisk|spe|1\n|-unboost|p3b: Clefairy|spe|1\n|-unboost|p4b: Zygarde|spe|1\n|-enditem|p4b: Zygarde|Sitrus Berry|[eat]\n|-heal|p4b: Zygarde|74\/207 par|[from] item: Sitrus Berry\n|move|p3b: Clefairy|Moonblast|p4b: Zygarde\n|-supereffective|p4b: Zygarde\n|-damage|p4b: Zygarde|0 fnt\n|faint|p4b: Zygarde\n|\n|-weather|none\n|upkeep\n|\n|t:|1617551551\n|switch|p4b: Celesteela|Celesteela, L80|286\/286\n|turn|21\n|\n|t:|1617551565\n|-start|p4b: Celesteela|Dynamax\n|-heal|p4b: Celesteela|572\/572|[silent]\n|move|p3b: Clefairy|Helping Hand|p1a: Heliolisk\n|-singleturn|p1a: Heliolisk|Helping Hand|[of] p3b: Clefairy\n|move|p2a: Kyurem|Freeze-Dry|p1a: Heliolisk\n|-damage|p1a: Heliolisk|133\/252\n|move|p1a: Heliolisk|Glare|p2a: Kyurem\n|-status|p2a: Kyurem|par\n|move|p4b: Celesteela|Max Airstream|p2a: Kyurem\n|-damage|p2a: Kyurem|28\/323 par\n|-boost|p4b: Celesteela|spe|1\n|\n|upkeep\n|turn|22\n|\n|t:|1617551587\n|move|p3b: Clefairy|Helping Hand|p4b: Celesteela\n|-singleturn|p4b: Celesteela|Helping Hand|[of] p3b: Clefairy\n|cant|p2a: Kyurem|par\n|move|p4b: Celesteela|Max Quake|p1a: Heliolisk\n|-supereffective|p1a: Heliolisk\n|-damage|p1a: Heliolisk|0 fnt\n|-boost|p4b: Celesteela|spd|1\n|faint|p1a: Heliolisk\n|-ability|p4b: Celesteela|Beast Boost|boost\n|-boost|p4b: Celesteela|spa|1\n|\n|upkeep\n|\n|t:|1617551601\n|switch|p1a: Klefki|Klefki, L84, F|233\/233\n|turn|23\n|\n|t:|1617551623\n|move|p2a: Kyurem|Protect|p2a: Kyurem\n|-singleturn|p2a: Kyurem|Protect\n|move|p1a: Klefki|Thunder Wave|p4b: Celesteela\n|-status|p4b: Celesteela|par\n|move|p4b: Celesteela|Max Quake|p1a: Klefki\n|-supereffective|p1a: Klefki\n|-damage|p1a: Klefki|55\/233\n|-boost|p4b: Celesteela|spd|1\n|-enditem|p1a: Klefki|Sitrus Berry|[eat]\n|-heal|p1a: Klefki|113\/233|[from] item: Sitrus Berry\n|move|p3b: Clefairy|Moonblast|p2a: Kyurem\n|-activate|p2a: Kyurem|move: Protect\n|\n|-end|p4b: Celesteela|Dynamax\n|-heal|p4b: Celesteela|286\/286 par|[silent]\n|upkeep\n|turn|24\n|j| pekyo\n|\n|t:|1617551642\n|move|p1a: Klefki|Dazzling Gleam|p4b: Celesteela|[spread] p2a,p3b,p4b\n|-supereffective|p2a: Kyurem\n|-resisted|p4b: Celesteela\n|-damage|p2a: Kyurem|0 fnt\n|-damage|p3b: Clefairy|137\/287\n|-damage|p4b: Celesteela|277\/286 par\n|faint|p2a: Kyurem\n|cant|p4b: Celesteela|par\n|move|p3b: Clefairy|Moonblast|p2: Kyurem|[notarget]\n|-fail|p3b: Clefairy\n|\n|upkeep\n|\n|t:|1617551645\n|switch|p2a: Zamazenta|Zamazenta-Crowned, L72|251\/251\n|-ability|p2a: Zamazenta|Dauntless Shield|boost\n|-boost|p2a: Zamazenta|def|1\n|turn|25\n|\n|t:|1617551676\n|switch|p1a: Toxapex|Toxapex, L90, F|236\/236\n|move|p3b: Clefairy|Helping Hand|p2a: Zamazenta\n|-singleturn|p2a: Zamazenta|Helping Hand|[of] p3b: Clefairy\n|move|p2a: Zamazenta|Behemoth Bash|p3b: Clefairy\n|-supereffective|p3b: Clefairy\n|-damage|p3b: Clefairy|0 fnt\n|faint|p3b: Clefairy\n|move|p4b: Celesteela|Autotomize|p4b: Celesteela\n|-boost|p4b: Celesteela|spe|2\n|-start|p4b: Celesteela|Autotomize\n|\n|upkeep\n|\n|t:|1617551697\n|switch|p3b: Sigilyph|Sigilyph, L86, F|264\/264\n|turn|26\n|\n|t:|1617551715\n|move|p1a: Toxapex|Baneful Bunker|p1a: Toxapex\n|-singleturn|p1a: Toxapex|move: Protect\n|move|p2a: Zamazenta|Howl|p2a: Zamazenta\n|-boost|p2a: Zamazenta|atk|1\n|move|p3b: Sigilyph|Heat Wave|p1a: Toxapex|[spread] p2a,p4b\n|-activate|p1a: Toxapex|move: Protect\n|-supereffective|p2a: Zamazenta\n|-supereffective|p4b: Celesteela\n|-damage|p2a: Zamazenta|181\/251\n|-damage|p4b: Celesteela|235\/286 par\n|cant|p4b: Celesteela|par\n|\n|upkeep\n|turn|27\n|\n|t:|1617551746\n|switch|p1a: Klefki|Klefki, L84, F|113\/233\n|move|p3b: Sigilyph|Protect|p3b: Sigilyph\n|-singleturn|p3b: Sigilyph|Protect\n|move|p2a: Zamazenta|Behemoth Bash|p3b: Sigilyph\n|-activate|p3b: Sigilyph|move: Protect\n|cant|p4b: Celesteela|par\n|\n|upkeep\n|turn|28\n|\n|t:|1617551760\n|move|p1a: Klefki|Thunder Wave|p2a: Zamazenta\n|-status|p2a: Zamazenta|par\n|move|p3b: Sigilyph|Heat Wave|p2a: Zamazenta|[spread] p2a,p4b\n|-miss|p3b: Sigilyph|p1a: Klefki\n|-supereffective|p2a: Zamazenta\n|-supereffective|p4b: Celesteela\n|-damage|p2a: Zamazenta|106\/251 par\n|-damage|p4b: Celesteela|186\/286 par\n|cant|p4b: Celesteela|par\n|move|p2a: Zamazenta|Behemoth Bash|p3b: Sigilyph\n|-damage|p3b: Sigilyph|104\/264\n|\n|upkeep\n|turn|29\n|\n|t:|1617551777\n|cant|p2a: Zamazenta|par\n|move|p3b: Sigilyph|Air Slash|p2a: Zamazenta\n|-damage|p2a: Zamazenta|19\/251 par\n|move|p4b: Celesteela|Earthquake|p3b: Sigilyph|[spread] p1a,p2a\n|-immune|p3b: Sigilyph\n|-supereffective|p1a: Klefki\n|-supereffective|p2a: Zamazenta\n|-damage|p1a: Klefki|47\/233\n|-damage|p2a: Zamazenta|0 fnt\n|faint|p2a: Zamazenta\n|-ability|p4b: Celesteela|Beast Boost|boost\n|-boost|p4b: Celesteela|spa|1\n|move|p1a: Klefki|Foul Play|p3b: Sigilyph\n|-supereffective|p3b: Sigilyph\n|-damage|p3b: Sigilyph|30\/264\n|\n|upkeep\n|turn|30\n|\n|t:|1617551798\n|move|p1a: Klefki|Spikes|p3b: Sigilyph\n|-sidestart|p2: Kirinozi|Spikes\n|-sidestart|p3: lunan0713|Spikes\n|-sidestart|p4: Zinc98|Spikes\n|move|p3b: Sigilyph|Heat Wave|p4b: Celesteela|[spread] p1a\n|-miss|p3b: Sigilyph|p4b: Celesteela\n|-supereffective|p1a: Klefki\n|-damage|p1a: Klefki|0 fnt\n|faint|p1a: Klefki\n|move|p4b: Celesteela|Air Slash|p3b: Sigilyph\n|-damage|p3b: Sigilyph|0 fnt\n|faint|p3b: Sigilyph\n|-ability|p4b: Celesteela|Beast Boost|boost\n|-boost|p4b: Celesteela|spa|1\n|\n|upkeep\n|l|\u265aa little fool\n|\n|t:|1617551827\n|switch|p3b: Calyrex|Calyrex-Ice, L72|263\/263\n|switch|p1a: Pikachu|Pikachu-Alola, L90, M|209\/209\n|-ability|p3b: Calyrex|As One\n|-ability|p3b: Calyrex|Unnerve\n|-damage|p3b: Calyrex|231\/263|[from] Spikes\n|turn|31\n|\n|t:|1617551845\n|-start|p3b: Calyrex|Dynamax\n|-heal|p3b: Calyrex|462\/526|[silent]\n|move|p1a: Pikachu|Fake Out|p3b: Calyrex\n|-damage|p3b: Calyrex|426\/526\n|move|p4b: Celesteela|Earthquake|p3b: Calyrex|[spread] p1a,p3b\n|-supereffective|p1a: Pikachu\n|-damage|p1a: Pikachu|111\/209\n|-damage|p3b: Calyrex|403\/526\n|move|p3b: Calyrex|Max Quake|p1a: Pikachu\n|-supereffective|p1a: Pikachu\n|-damage|p1a: Pikachu|0 fnt\n|-boost|p3b: Calyrex|spd|1\n|faint|p1a: Pikachu\n|-ability|p3b: Calyrex|Chilling Neigh|boost\n|-boost|p3b: Calyrex|atk|1\n|\n|upkeep\n|\n|t:|1617551863\n|switch|p1a: Goodra|Goodra, L86, F|295\/295\n|turn|32\n|\n|t:|1617551878\n|-start|p1a: Goodra|Dynamax\n|-heal|p1a: Goodra|590\/590|[silent]\n|move|p1a: Goodra|Max Wyrmwind|p3b: Calyrex\n|-damage|p3b: Calyrex|301\/526\n|-unboost|p3b: Calyrex|atk|1\n|-unboost|p4b: Celesteela|atk|1\n|cant|p4b: Celesteela|par\n|move|p3b: Calyrex|Max Hailstorm|p4b: Celesteela\n|-damage|p4b: Celesteela|21\/286 par\n|-weather|Hail\n|\n|-weather|Hail|[upkeep]\n|-damage|p1a: Goodra|572\/590|[from] Hail\n|-damage|p4b: Celesteela|4\/286 par|[from] Hail\n|upkeep\n|turn|33\n|\n|t:|1617551894\n|move|p1a: Goodra|Max Wyrmwind|p3b: Calyrex\n|-crit|p3b: Calyrex\n|-damage|p3b: Calyrex|93\/526\n|-unboost|p3b: Calyrex|atk|1\n|-unboost|p4b: Celesteela|atk|1\n|-enditem|p3b: Calyrex|Sitrus Berry|[eat]\n|-heal|p3b: Calyrex|158\/526|[from] item: Sitrus Berry\n|move|p4b: Celesteela|Fire Blast|p3b: Calyrex|[miss]\n|-miss|p4b: Celesteela|p3b: Calyrex\n|move|p3b: Calyrex|Max Hailstorm|p1a: Goodra\n|-supereffective|p1a: Goodra\n|-damage|p1a: Goodra|312\/590\n|\n|-weather|Hail|[upkeep]\n|-damage|p1a: Goodra|294\/590|[from] Hail\n|-damage|p4b: Celesteela|0 fnt|[from] Hail\n|faint|p4b: Celesteela\n|-end|p3b: Calyrex|Dynamax\n|-heal|p3b: Calyrex|79\/263|[silent]\n|upkeep\n|turn|34\n|\n|t:|1617551914\n|move|p1a: Goodra|Max Wyrmwind|p3b: Calyrex\n|-damage|p3b: Calyrex|0 fnt\n|faint|p3b: Calyrex\n|\n|-weather|Hail|[upkeep]\n|-damage|p1a: Goodra|276\/590|[from] Hail\n|-end|p1a: Goodra|Dynamax\n|-heal|p1a: Goodra|138\/295|[silent]\n|upkeep\n|\n|t:|1617551925\n|switch|p3b: Mandibuzz|Mandibuzz, L88, F|337\/337\n|turn|35\n|\n|t:|1617551929\n|switch|p1a: Toxapex|Toxapex, L90, F|236\/236\n|move|p3b: Mandibuzz|Snarl|p1a: Toxapex\n|-damage|p1a: Toxapex|206\/236\n|-unboost|p1a: Toxapex|spa|1\n|\n|-weather|Hail|[upkeep]\n|-damage|p1a: Toxapex|192\/236|[from] Hail\n|upkeep\n|turn|36\n|\n|t:|1617551943\n|move|p3b: Mandibuzz|Snarl|p1a: Toxapex\n|-damage|p1a: Toxapex|162\/236\n|-unboost|p1a: Toxapex|spa|1\n|move|p1a: Toxapex|Toxic|p3b: Mandibuzz\n|-status|p3b: Mandibuzz|tox\n|\n|-weather|none\n|-damage|p3b: Mandibuzz|316\/337 tox|[from] psn\n|upkeep\n|turn|37\n|\n|t:|1617551952\n|move|p3b: Mandibuzz|Snarl|p1a: Toxapex\n|-damage|p1a: Toxapex|131\/236\n|-unboost|p1a: Toxapex|spa|1\n|move|p1a: Toxapex|Recover|p1a: Toxapex\n|-heal|p1a: Toxapex|236\/236\n|\n|-damage|p3b: Mandibuzz|274\/337 tox|[from] psn\n|upkeep\n|turn|38\n|\n|t:|1617551968\n|move|p3b: Mandibuzz|Snarl|p1a: Toxapex\n|-damage|p1a: Toxapex|206\/236\n|-unboost|p1a: Toxapex|spa|1\n|move|p1a: Toxapex|Scald|p3b: Mandibuzz\n|-damage|p3b: Mandibuzz|256\/337 tox\n|\n|-damage|p3b: Mandibuzz|193\/337 tox|[from] psn\n|upkeep\n|turn|39\n|\n|t:|1617551977\n|move|p3b: Mandibuzz|Snarl|p1a: Toxapex\n|-damage|p1a: Toxapex|178\/236\n|-unboost|p1a: Toxapex|spa|1\n|move|p1a: Toxapex|Scald|p3b: Mandibuzz\n|-damage|p3b: Mandibuzz|177\/337 tox\n|\n|-damage|p3b: Mandibuzz|93\/337 tox|[from] psn\n|upkeep\n|-enditem|p3b: Mandibuzz|Sitrus Berry|[eat]\n|-heal|p3b: Mandibuzz|177\/337 tox|[from] item: Sitrus Berry\n|turn|40\n|\n|t:|1617551989\n|move|p1a: Toxapex|Baneful Bunker|p1a: Toxapex\n|-singleturn|p1a: Toxapex|move: Protect\n|move|p3b: Mandibuzz|Snarl|p1a: Toxapex\n|-activate|p1a: Toxapex|move: Protect\n|\n|-damage|p3b: Mandibuzz|72\/337 tox|[from] psn\n|upkeep\n|turn|41\n|\n|t:|1617551998\n|move|p3b: Mandibuzz|Snarl|p1a: Toxapex\n|-damage|p1a: Toxapex|148\/236\n|-unboost|p1a: Toxapex|spa|1\n|move|p1a: Toxapex|Recover|p1a: Toxapex\n|-heal|p1a: Toxapex|236\/236\n|\n|-damage|p3b: Mandibuzz|0 fnt|[from] psn\n|faint|p3b: Mandibuzz\n|upkeep\n|\n|t:|1617552006\n|switch|p3b: Hitmonchan|Hitmonchan, L88, M|231\/231\n|-damage|p3b: Hitmonchan|203\/231|[from] Spikes\n|turn|42\n|\n|t:|1617552024\n|move|p3b: Hitmonchan|Drain Punch|p1a: Toxapex\n|-resisted|p1a: Toxapex\n|-damage|p1a: Toxapex|203\/236\n|-heal|p3b: Hitmonchan|220\/231|[from] drain|[of] p1a: Toxapex\n|move|p1a: Toxapex|Toxic|p3b: Hitmonchan\n|-status|p3b: Hitmonchan|tox\n|\n|-damage|p3b: Hitmonchan|206\/231 tox|[from] psn\n|upkeep\n|turn|43\n|\n|t:|1617552045\n|move|p1a: Toxapex|Baneful Bunker|p1a: Toxapex\n|-singleturn|p1a: Toxapex|move: Protect\n|move|p3b: Hitmonchan|Drain Punch|p1a: Toxapex\n|-activate|p1a: Toxapex|move: Protect\n|\n|-damage|p3b: Hitmonchan|178\/231 tox|[from] psn\n|upkeep\n|turn|44\n|\n|t:|1617552054\n|move|p3b: Hitmonchan|Drain Punch|p1a: Toxapex\n|-resisted|p1a: Toxapex\n|-damage|p1a: Toxapex|170\/236\n|-heal|p3b: Hitmonchan|195\/231 tox|[from] drain|[of] p1a: Toxapex\n|move|p1a: Toxapex|Scald|p3b: Hitmonchan\n|-damage|p3b: Hitmonchan|183\/231 tox\n|\n|-damage|p3b: Hitmonchan|141\/231 tox|[from] psn\n|upkeep\n|turn|45\n|\n|t:|1617552064\n|move|p3b: Hitmonchan|Feint|p1a: Toxapex\n|-damage|p1a: Toxapex|154\/236\n|move|p1a: Toxapex|Recover|p1a: Toxapex\n|-heal|p1a: Toxapex|236\/236\n|\n|-damage|p3b: Hitmonchan|85\/231 tox|[from] psn\n|upkeep\n|-enditem|p3b: Hitmonchan|Sitrus Berry|[eat]\n|-heal|p3b: Hitmonchan|142\/231 tox|[from] item: Sitrus Berry\n|turn|46\n|\n|t:|1617552073\n|move|p3b: Hitmonchan|Feint|p1a: Toxapex\n|-damage|p1a: Toxapex|220\/236\n|move|p1a: Toxapex|Scald|p3b: Hitmonchan\n|-damage|p3b: Hitmonchan|130\/231 tox\n|\n|-damage|p3b: Hitmonchan|60\/231 tox|[from] psn\n|upkeep\n|turn|47\n|\n|t:|1617552081\n|move|p3b: Hitmonchan|Drain Punch|p1a: Toxapex\n|-resisted|p1a: Toxapex\n|-damage|p1a: Toxapex|184\/236\n|-heal|p3b: Hitmonchan|78\/231 tox|[from] drain|[of] p1a: Toxapex\n|move|p1a: Toxapex|Scald|p3b: Hitmonchan\n|-damage|p3b: Hitmonchan|65\/231 tox\n|\n|-damage|p3b: Hitmonchan|0 fnt|[from] psn\n|faint|p3b: Hitmonchan\n|\n|win|Swordsman.N\n|upkeep\n|l|\u2606Kirinozi\n","inputlog":">version a4193701ad7eaf58faa2476ce8ad2b90abb9acfa\n>version-origin 3918ebd609a2bd57e0326bf76fca79306b37a61f\n>start {\"formatid\":\"gen8freeforallrandombattle\",\"seed\":[15714,50754,46636,8178]}\n>player p1 {\"name\":\"Swordsman.N\",\"avatar\":\"caitlin\",\"rating\":0,\"seed\":[49671,31694,14831,7868]}\n>player p2 {\"name\":\"Kirinozi\",\"avatar\":\"veteranf\",\"rating\":0,\"seed\":[32941,54061,16987,29629]}\n>player p3 {\"name\":\"lunan0713\",\"avatar\":\"winona\",\"seed\":[6493,25018,39774,57489]}\n>player p4 {\"name\":\"Zinc98\",\"avatar\":\"211\",\"seed\":[21316,55847,44139,16391]}\n>p1 move psychic\n>p2 switch 3\n>p3 move protect\n>p4 move knockoff\n>chat \u2606lunan0713|\u6211\u5c31\u77e5\u9053\n>p1 move protect\n>p2 move protect\n>p3 move shadowball\n>p4 move focusblast\n>p1 switch 5\n>p2 switch 2\n>p3 move protect\n>p4 move knockoff\n>p1 move thunderbolt\n>p2 switch 4\n>p3 move sludgebomb\n>p4 move knockoff\n>chat \u2606lunan0713|\u6709\u4eba\u6ca1\u6709\u9b3c\u6297.jpg\n>p2 switch 2\n>p1 move glare\n>p2 move bodyslam\n>p3 move sludgebomb\n>p4 move focusblast\n>p4 switch 6\n>p1 move protect\n>p2 move protect\n>p3 move protect\n>p4 move stormthrow\n>p1 move hypervoice\n>p2 move protect\n>p3 move sludgebomb\n>p4 move knockoff\n>p3 switch 3\n>p1 switch 5\n>p2 switch 4\n>p3 move drainpunch\n>p4 move protect\n>chat \u2606lunan0713|\u574f\u4e86\n>p1 move protect\n>p2 move knockoff\n>p3 switch 4\n>p4 move poisonjab\n>p1 move psychic\n>p2 move knockoff\n>p3 move protect\n>p4 move protect\n>p1 move protect\n>p2 move liquidation\n>p3 move moonblast\n>p4 move knockoff\n>p2 switch 4\n>p4 switch 2\n>p1 move psychic\n>p2 move closecombat\n>p3 move moonblast\n>p4 move protect\n>p2 switch 3\n>p1 move psychic\n>p2 move energyball\n>p3 move helpinghand\n>p4 switch 5\n>p1 move psychic\n>p2 move icebeam\n>p3 move helpinghand\n>p4 move bugbite\n>p2 switch 5\n>p1 move protect\n>p2 move protect\n>p3 move helpinghand\n>p4 move bugbite\n>p1 move psychic\n>p2 move freezedry dynamax\n>p3 move protect\n>p4 move bugbite\n>p1 move protect\n>p2 move freezedry dynamax\n>p3 move helpinghand\n>p4 move bugbite\n>p4 switch 5\n>p1 move psychic\n>p2 move dracometeor dynamax\n>p3 move moonblast\n>p4 move rockblast\n>p1 switch 5\n>p4 switch 3\n>p1 move glare\n>p2 move protect\n>p3 move protect\n>p4 switch 4\n>p1 move glare\n>p2 move glaciate\n>p3 move moonblast\n>p4 move dragondance\n>p4 switch 4\n>p1 move glare\n>p2 move freezedry\n>p3 move helpinghand\n>p4 move airslash dynamax\n>p1 move glare\n>p2 move protect\n>p3 move helpinghand\n>p4 move earthquake dynamax\n>p1 switch 6\n>p1 move thunderwave\n>p2 move protect\n>p3 move moonblast\n>p4 move earthquake dynamax\n>p1 move dazzlinggleam\n>p2 move glaciate\n>p3 move moonblast\n>p4 move autotomize\n>p2 switch 6\n>p1 switch 3\n>p2 move behemothbash\n>p3 move helpinghand\n>p4 move autotomize\n>p3 switch 6\n>p1 move banefulbunker\n>p2 move howl\n>p3 move heatwave\n>p4 move earthquake\n>p1 switch 3\n>p2 move behemothbash\n>p3 move protect\n>p4 move earthquake\n>p1 move thunderwave\n>p2 move behemothbash\n>p3 move heatwave\n>p4 move earthquake\n>p1 move foulplay\n>p2 move protect\n>p3 move airslash\n>p4 move earthquake\n>p1 move spikes\n>p3 move heatwave\n>p4 move airslash\n>p1 switch 2\n>p3 switch 2\n>p1 move fakeout\n>p3 move highhorsepower dynamax\n>p4 move earthquake\n>p1 switch 4\n>p1 move dracometeor dynamax\n>p3 move glaciallance dynamax\n>p4 move autotomize\n>p1 move dracometeor dynamax\n>p3 move glaciallance dynamax\n>p4 move fireblast\n>p1 move dracometeor dynamax\n>p3 move glaciallance\n>p3 switch 5\n>p1 switch 3\n>p3 move snarl\n>p1 move toxic\n>p3 move snarl\n>p1 move recover\n>p3 move snarl\n>p1 move scald\n>p3 move snarl\n>p1 move scald\n>p3 move snarl\n>p1 move banefulbunker\n>p3 move snarl\n>p1 move recover\n>p3 move snarl\n>p3 switch 4\n>p1 move toxic\n>p3 move drainpunch\n>p1 move banefulbunker\n>p3 move drainpunch\n>p1 move scald\n>p3 move drainpunch\n>p1 move recover\n>p3 move feint\n>p1 move scald\n>p3 move feint\n>p1 move scald\n>p3 move drainpunch","uploadtime":1617552093,"views":3,"p1id":"swordsmann","p2id":"kirinozi","formatid":"gen8freeforallrandombattle","rating":0,"private":0,"password":null}