{"id":"china-gen8ou-4973389","p1":"EEEEEvolto\u6df1\u6eba","p2":"rubv","format":"gen8ou","log":"|html|<b>\u5c06\u5bf9\u6218\u94fe\u63a5\u516c\u5f00\u5230:<\/b> <button class=\"button\" name=\"send\" value=\"\/reportto skypillar\">Sky Pillar<\/button><button class=\"button\" name=\"send\" value=\"\/reportto shinx\">Shinx<\/button>\n|j|\u2606EEEEEvolto\u6df1\u6eba\n|j|\u2606rubv\n|t:|1656303887\n|gametype|singles\n|player|p1|EEEEEvolto\u6df1\u6eba|harlequin|\n|player|p2|rubv|camper|\n|teamsize|p1|6\n|teamsize|p2|6\n|gen|8\n|tier|[Gen 8] OU\n|rule|Sleep Clause Mod: Limit one foe put to sleep\n|rule|Species Clause: Limit one of each Pok\u00e9mon\n|rule|OHKO Clause: OHKO moves are banned\n|rule|Evasion Moves Clause: Evasion moves are banned\n|rule|Endless Battle Clause: Forcing endless battles is banned\n|rule|HP Percentage Mod: HP is shown in percentages\n|rule|Dynamax Clause: You cannot dynamax\n|clearpoke\n|poke|p1|Druddigon, F|\n|poke|p1|Togekiss, M|\n|poke|p1|Melmetal|\n|poke|p1|Volcarona, M|\n|poke|p1|Hydreigon, F|\n|poke|p1|Zeraora|\n|poke|p2|Corviknight, F|\n|poke|p2|Tapu Lele|\n|poke|p2|Dragapult, F|\n|poke|p2|Aegislash, F|\n|poke|p2|Urshifu-*, M|\n|poke|p2|Landorus-Therian, M|\n|teampreview\n|inactive|Battle timer is ON: inactive players will automatically lose when time's up. (requested by EEEEEvolto\u6df1\u6eba)\n|\n|t:|1656303909\n|start\n|switch|p1a: Druddigon|Druddigon, F|100\/100\n|switch|p2a: Dragapult|Dragapult, F|100\/100\n|-ability|p1a: Druddigon|Mold Breaker\n|turn|1\n|\n|t:|1656303920\n|switch|p1a: Togekiss|Togekiss, M|100\/100\n|move|p2a: Dragapult|Draco Meteor|p1a: Togekiss\n|-immune|p1a: Togekiss\n|\n|upkeep\n|turn|2\n|j| LoveNino\n|\n|t:|1656303934\n|switch|p2a: Aegislash|Aegislash, F|100\/100\n|move|p1a: Togekiss|Trick|p2a: Aegislash\n|-activate|p1a: Togekiss|move: Trick|[of] p2a: Aegislash\n|-item|p2a: Aegislash|Choice Scarf|[from] move: Trick\n|-item|p1a: Togekiss|Choice Specs|[from] move: Trick\n|\n|upkeep\n|turn|3\n|\n|t:|1656303954\n|switch|p2a: Urshifu|Urshifu-Rapid-Strike, M|100\/100\n|switch|p1a: Melmetal|Melmetal|100\/100\n|\n|upkeep\n|turn|4\n|\n|t:|1656303965\n|move|p2a: Urshifu|U-turn|p1a: Melmetal\n|-resisted|p1a: Melmetal\n|-crit|p1a: Melmetal\n|-damage|p1a: Melmetal|89\/100\n|\n|t:|1656303970\n|switch|p2a: Corviknight|Corviknight, F|100\/100|[from]move: U-turn\n|-ability|p2a: Corviknight|Pressure\n|move|p1a: Melmetal|Thunder Punch|p2a: Corviknight\n|-supereffective|p2a: Corviknight\n|-damage|p2a: Corviknight|56\/100\n|\n|upkeep\n|turn|5\n|\n|t:|1656303980\n|move|p2a: Corviknight|Body Press|p1a: Melmetal\n|-supereffective|p1a: Melmetal\n|-damage|p1a: Melmetal|60\/100\n|move|p1a: Melmetal|Thunder Wave|p2a: Corviknight|[miss]\n|-miss|p1a: Melmetal|p2a: Corviknight\n|\n|upkeep\n|turn|6\n|\n|t:|1656303987\n|switch|p2a: Landorus|Landorus-Therian, M|100\/100\n|-ability|p2a: Landorus|Intimidate|boost\n|-unboost|p1a: Melmetal|atk|1\n|move|p1a: Melmetal|Double Iron Bash|p2a: Landorus\n|-damage|p2a: Landorus|74\/100\n|-damage|p2a: Landorus|47\/100\n|-hitcount|p2a: Landorus|2\n|\n|-heal|p2a: Landorus|53\/100|[from] item: Leftovers\n|upkeep\n|turn|7\n|c| LoveNino|\u6ca1\u770b\u8fc7\u72d7\u54e5\u62538ou\n|inactive|EEEEEvolto\u6df1\u6eba has 270 seconds left.\n|c|\u2606rubv|\u6211\u90fd\u4e0d\u77e5\u9053\u6709\u7535\u62f3\n|c|\u2606rubv|\u786e\u5b9e\u6ca1\u73a9\u8fc78\n|c| LoveNino|\u72d7\u54e5\u4f60\u8fd9\u6c34\u5e73 \u9876\u591ak5\u554a\n|c|\u2606rubv|\u5c2c\u9ed1\n|c|\u2606rubv|k3\n|inactive|EEEEEvolto\u6df1\u6eba has 240 seconds left.\n|c| LoveNino|\u662f\u771f\u6ca1\u6253\u8fc7\n|c|\u2606rubv|\u771f\u6ca1\u6253\u8fc7\n|c| LoveNino|6\n|c|\u2606rubv|\u5c31\u662f\u771f\u5b9e\u5206\u6570\u634f\n|j|+XPSH\n|inactive|EEEEEvolto\u6df1\u6eba has 210 seconds left.\n|\n|t:|1656304083\n|move|p2a: Landorus|Stealth Rock|p1a: Melmetal\n|-sidestart|p1: EEEEEvolto\u6df1\u6eba|move: Stealth Rock\n|move|p1a: Melmetal|Double Iron Bash|p2a: Landorus\n|-damage|p2a: Landorus|25\/100\n|-damage|p2a: Landorus|0 fnt\n|faint|p2a: Landorus\n|-hitcount|p2: Landorus|2\n|\n|upkeep\n|\n|t:|1656304090\n|switch|p2a: Urshifu|Urshifu-Rapid-Strike, M|100\/100\n|turn|8\n|\n|t:|1656304096\n|switch|p1a: Togekiss|Togekiss, M|100\/100\n|-damage|p1a: Togekiss|75\/100|[from] Stealth Rock\n|move|p2a: Urshifu|Close Combat|p1a: Togekiss\n|-resisted|p1a: Togekiss\n|-damage|p1a: Togekiss|57\/100\n|-unboost|p2a: Urshifu|def|1\n|-unboost|p2a: Urshifu|spd|1\n|\n|upkeep\n|turn|9\n|\n|t:|1656304107\n|switch|p2a: Aegislash|Aegislash, F|100\/100\n|move|p1a: Togekiss|Nasty Plot|p1a: Togekiss\n|-boost|p1a: Togekiss|spa|2\n|\n|upkeep\n|turn|10\n|c|\u2606EEEEEvolto\u6df1\u6eba|\u5fd8\u8bb0\u770b\u9053\u5177\u4e86\n|c|\u2606EEEEEvolto\u6df1\u6eba|\u64cd\u4e86\n|\n|t:|1656304135\n|switch|p1a: Volcarona|Volcarona, M|100\/100\n|-formechange|p2a: Aegislash|Aegislash-Blade||[from] ability: Stance Change\n|move|p2a: Aegislash|Shadow Ball|p1a: Volcarona\n|-damage|p1a: Volcarona|59\/100\n|\n|upkeep\n|turn|11\n|c| LoveNino|\u8fd9\u5728\u8d5b\u573a\u4e0a\u662f\u81f4\u547d\u95ee\u9898 \u6bd4\u8d5b\u7684\u65f6\u5019\u8981\u6ce8\u610f\n|inactive|rubv has 270 seconds left.\n|c|\u2606rubv|8\u4ee3\u4f1a\u4e0d\u4f1a\u5e26\u8349\u5438\n|c|+XPSH|\u6bd4\u8f83\u5c11\n|inactive|rubv has 240 seconds left.\n|\n|t:|1656304183\n|switch|p2a: Urshifu|Urshifu-Rapid-Strike, M|100\/100\n|move|p1a: Volcarona|Roost|p1a: Volcarona\n|-heal|p1a: Volcarona|100\/100\n|-singleturn|p1a: Volcarona|move: Roost\n|\n|upkeep\n|turn|12\n|c|+XPSH|\u4f46\u8fd9\u4e2a\u81ea\u5df1\u7ec4\u7684\u6211\u4e0d\u597d\u8bf4\n|l| LoveNino\n|inactive|rubv has 240 seconds left.\n|\n|t:|1656304194\n|move|p2a: Urshifu|Surging Strikes|p1a: Volcarona\n|-supereffective|p1a: Volcarona\n|-crit|p1a: Volcarona\n|-damage|p1a: Volcarona|58\/100\n|-supereffective|p1a: Volcarona\n|-crit|p1a: Volcarona\n|-damage|p1a: Volcarona|14\/100\n|-supereffective|p1a: Volcarona\n|-crit|p1a: Volcarona\n|-damage|p1a: Volcarona|0 fnt\n|faint|p1a: Volcarona\n|-hitcount|p1: Volcarona|3\n|\n|upkeep\n|\n|t:|1656304199\n|switch|p1a: Druddigon|Druddigon, F|100\/100\n|-damage|p1a: Druddigon|88\/100|[from] Stealth Rock\n|-ability|p1a: Druddigon|Mold Breaker\n|turn|13\n|\n|t:|1656304211\n|move|p2a: Urshifu|Taunt|p1a: Druddigon\n|-start|p1a: Druddigon|move: Taunt\n|cant|p1a: Druddigon|move: Taunt|Glare\n|\n|upkeep\n|turn|14\n|\n|t:|1656304224\n|switch|p2a: Tapu Lele|Tapu Lele|100\/100\n|-fieldstart|move: Psychic Terrain|[from] ability: Psychic Surge|[of] p2a: Tapu Lele\n|move|p1a: Druddigon|Gunk Shot|p2a: Tapu Lele\n|-supereffective|p2a: Tapu Lele\n|-damage|p2a: Tapu Lele|0 fnt\n|faint|p2a: Tapu Lele\n|\n|upkeep\n|inactive|rubv has 240 seconds left.\n|j| LoveNino\n|c| LoveNino|\u72d7\u54e5\u4e0d\u4f1ag\u4e86\u5427\n|j| jushu1\n|\n|t:|1656304262\n|switch|p2a: Corviknight|Corviknight, F|56\/100\n|-ability|p2a: Corviknight|Pressure\n|turn|15\n|\n|t:|1656304269\n|switch|p1a: Melmetal|Melmetal|60\/100\n|-damage|p1a: Melmetal|54\/100|[from] Stealth Rock\n|move|p2a: Corviknight|Roost|p2a: Corviknight\n|-heal|p2a: Corviknight|100\/100\n|-singleturn|p2a: Corviknight|move: Roost\n|\n|upkeep\n|turn|16\n|\n|t:|1656304276\n|move|p2a: Corviknight|Body Press|p1a: Melmetal\n|-supereffective|p1a: Melmetal\n|-crit|p1a: Melmetal\n|-damage|p1a: Melmetal|13\/100\n|move|p1a: Melmetal|Thunder Wave|p2a: Corviknight\n|-status|p2a: Corviknight|par\n|\n|upkeep\n|turn|17\n|j| halili\n|l| jushu1\n|j|\u265arylon \u271d\n|\n|t:|1656304286\n|move|p1a: Melmetal|Thunder Punch|p2a: Corviknight\n|-supereffective|p2a: Corviknight\n|-damage|p2a: Corviknight|56\/100 par\n|cant|p2a: Corviknight|par\n|\n|upkeep\n|turn|18\n|\n|t:|1656304291\n|move|p1a: Melmetal|Thunder Punch|p2a: Corviknight\n|-supereffective|p2a: Corviknight\n|-damage|p2a: Corviknight|7\/100 par\n|cant|p2a: Corviknight|par\n|\n|-fieldend|move: Psychic Terrain\n|upkeep\n|turn|19\n|l|\u265arylon \u271d\n|\n|t:|1656304294\n|move|p1a: Melmetal|Double Iron Bash|p2a: Corviknight\n|-resisted|p2a: Corviknight\n|-damage|p2a: Corviknight|0 fnt\n|faint|p2a: Corviknight\n|-hitcount|p2: Corviknight|1\n|\n|upkeep\n|inactive|rubv has 240 seconds left.\n|\n|t:|1656304330\n|switch|p2a: Aegislash|Aegislash, F|100\/100\n|turn|20\n|\n|t:|1656304347\n|-formechange|p2a: Aegislash|Aegislash-Blade||[from] ability: Stance Change\n|move|p2a: Aegislash|Flash Cannon|p1a: Melmetal\n|-resisted|p1a: Melmetal\n|-damage|p1a: Melmetal|0 fnt\n|faint|p1a: Melmetal\n|\n|upkeep\n|\n|t:|1656304354\n|switch|p1a: Zeraora|Zeraora|100\/100\n|turn|21\n|\n|t:|1656304363\n|move|p1a: Zeraora|Knock Off|p2a: Aegislash\n|-supereffective|p2a: Aegislash\n|-damage|p2a: Aegislash|0 fnt\n|-enditem|p2a: Aegislash|Choice Scarf|[from] move: Knock Off|[of] p1a: Zeraora\n|faint|p2a: Aegislash\n|\n|upkeep\n|\n|t:|1656304368\n|switch|p2a: Dragapult|Dragapult, F|100\/100\n|turn|22\n|\n|t:|1656304371\n|move|p1a: Zeraora|Knock Off|p2a: Dragapult\n|-supereffective|p2a: Dragapult\n|-damage|p2a: Dragapult|20\/100\n|-enditem|p2a: Dragapult|Choice Specs|[from] move: Knock Off|[of] p1a: Zeraora\n|move|p2a: Dragapult|Shadow Ball|p1a: Zeraora\n|-damage|p1a: Zeraora|56\/100\n|-unboost|p1a: Zeraora|spd|1\n|\n|upkeep\n|turn|23\n|\n|t:|1656304378\n|move|p1a: Zeraora|Knock Off|p2a: Dragapult\n|-supereffective|p2a: Dragapult\n|-damage|p2a: Dragapult|0 fnt\n|faint|p2a: Dragapult\n|\n|upkeep\n|\n|t:|1656304379\n|switch|p2a: Urshifu|Urshifu-Rapid-Strike, M|100\/100\n|turn|24\n|\n|t:|1656304382\n|switch|p1a: Druddigon|Druddigon, F|88\/100\n|-damage|p1a: Druddigon|76\/100|[from] Stealth Rock\n|-ability|p1a: Druddigon|Mold Breaker\n|move|p2a: Urshifu|Surging Strikes|p1a: Druddigon\n|-resisted|p1a: Druddigon\n|-crit|p1a: Druddigon\n|-damage|p1a: Druddigon|67\/100\n|-resisted|p1a: Druddigon\n|-crit|p1a: Druddigon\n|-damage|p1a: Druddigon|56\/100\n|-resisted|p1a: Druddigon\n|-crit|p1a: Druddigon\n|-damage|p1a: Druddigon|46\/100\n|-hitcount|p1a: Druddigon|3\n|\n|upkeep\n|turn|25\n|\n|t:|1656304386\n|move|p2a: Urshifu|Surging Strikes|p1a: Druddigon\n|-resisted|p1a: Druddigon\n|-crit|p1a: Druddigon\n|-damage|p1a: Druddigon|36\/100\n|-resisted|p1a: Druddigon\n|-crit|p1a: Druddigon\n|-damage|p1a: Druddigon|26\/100\n|-resisted|p1a: Druddigon\n|-crit|p1a: Druddigon\n|-damage|p1a: Druddigon|16\/100\n|-hitcount|p1a: Druddigon|3\n|move|p1a: Druddigon|Gunk Shot|p2a: Urshifu\n|-damage|p2a: Urshifu|62\/100\n|-status|p2a: Urshifu|psn\n|\n|-damage|p2a: Urshifu|50\/100 psn|[from] psn\n|upkeep\n|turn|26\n|-message|rubv forfeited.\n|\n|win|EEEEEvolto\u6df1\u6eba\n|j| AlIoutdragadarts\n|l| halili\n|l|+XPSH\n|l| LoveNino\n|c|\u2606EEEEEvolto\u6df1\u6eba|\u706b\u86fe\u98de\u673a\u5927\u5931\u8bef\n","uploadtime":1656304432,"views":24,"p1id":"eeeeevolto","p2id":"rubv","formatid":"gen8ou","rating":0,"private":0,"password":null}