{"id":"china-gen7ou-1671705","p1":"szdrdztr","p2":"EEEEEvolto\u6df1\u6eba","format":"gen7ou","log":"|j|\u2606szdrdztr\n|j|\u2606EEEEEvolto\u6df1\u6eba\n|t:|1626439661\n|gametype|singles\n|player|p1|szdrdztr|bugcatcher-gen4dp|1276\n|player|p2|EEEEEvolto\u6df1\u6eba|2|1487\n|teamsize|p1|6\n|teamsize|p2|6\n|gen|7\n|tier|[Gen 7] OU\n|rated|\n|rule|Sleep Clause Mod: Limit one foe put to sleep\n|rule|Species Clause: Limit one of each Pok\u00e9mon\n|rule|OHKO Clause: OHKO moves are banned\n|rule|Moody Clause: Moody is banned\n|rule|Evasion Moves Clause: Evasion moves are banned\n|rule|Endless Battle Clause: Forcing endless battles is banned\n|rule|HP Percentage Mod: HP is shown in percentages\n|clearpoke\n|poke|p1|Weavile, M|item\n|poke|p1|Torkoal, M|item\n|poke|p1|Venusaur, M|item\n|poke|p1|Tapu Fini|item\n|poke|p1|Charizard, F|item\n|poke|p1|Landorus-Therian, M|item\n|poke|p2|Skarmory, M|item\n|poke|p2|Clefable, M|item\n|poke|p2|Chansey, F|item\n|poke|p2|Sableye, M|item\n|poke|p2|Toxapex, M|item\n|poke|p2|Gliscor, F|item\n|teampreview\n|c|\u2606szdrdztr|\u624b\u81c2\u662f\u5427\n|inactive|Battle timer is ON: inactive players will automatically lose when time's up. (requested by szdrdztr)\n|inactive|EEEEEvolto\u6df1\u6eba has 120 seconds left.\n|inactive|EEEEEvolto\u6df1\u6eba has 90 seconds left.\n|inactive|EEEEEvolto\u6df1\u6eba has 60 seconds left.\n|\n|t:|1626439821\n|start\n|switch|p1a: Weavile|Weavile, M|100\/100\n|switch|p2a: Sableye|Sableye, M|100\/100\n|-ability|p1a: Weavile|Pressure\n|turn|1\n|\n|t:|1626439827\n|detailschange|p2a: Sableye|Sableye-Mega, M\n|-mega|p2a: Sableye|Sableye|Sablenite\n|move|p1a: Weavile|Knock Off|p2a: Sableye\n|-damage|p2a: Sableye|66\/100\n|move|p2a: Sableye|Will-O-Wisp|p1a: Weavile\n|-status|p1a: Weavile|brn\n|\n|-damage|p1a: Weavile|94\/100 brn|[from] brn\n|upkeep\n|turn|2\n|\n|t:|1626439835\n|switch|p1a: Torkoal|Torkoal, M|100\/100\n|-weather|SunnyDay|[from] ability: Drought|[of] p1a: Torkoal\n|move|p2a: Sableye|Knock Off|p1a: Torkoal\n|-damage|p1a: Torkoal|84\/100\n|-enditem|p1a: Torkoal|Heat Rock|[from] move: Knock Off|[of] p2a: Sableye\n|\n|-weather|SunnyDay|[upkeep]\n|upkeep\n|turn|3\n|\n|t:|1626439844\n|switch|p1a: Weavile|Weavile, M|94\/100 brn\n|-ability|p1a: Weavile|Pressure\n|move|p2a: Sableye|Protect||[still]\n|-fail|p2a: Sableye\n|\n|-weather|SunnyDay|[upkeep]\n|-damage|p1a: Weavile|88\/100 brn|[from] brn\n|upkeep\n|turn|4\n|\n|t:|1626439846\n|move|p1a: Weavile|Icicle Crash|p2a: Sableye\n|-crit|p2a: Sableye\n|-damage|p2a: Sableye|35\/100\n|move|p2a: Sableye|Recover|p2a: Sableye\n|-heal|p2a: Sableye|85\/100\n|\n|-weather|SunnyDay|[upkeep]\n|-damage|p1a: Weavile|82\/100 brn|[from] brn\n|upkeep\n|turn|5\n|\n|t:|1626439850\n|move|p1a: Weavile|Icicle Crash|p2a: Sableye|[miss]\n|-miss|p1a: Weavile|p2a: Sableye\n|move|p2a: Sableye|Recover|p2a: Sableye\n|-heal|p2a: Sableye|100\/100\n|\n|-weather|SunnyDay|[upkeep]\n|-damage|p1a: Weavile|76\/100 brn|[from] brn\n|upkeep\n|turn|6\n|\n|t:|1626439853\n|move|p1a: Weavile|Icicle Crash|p2a: Sableye\n|-damage|p2a: Sableye|80\/100\n|move|p2a: Sableye|Knock Off|p1a: Weavile\n|-resisted|p1a: Weavile\n|-damage|p1a: Weavile|53\/100 brn\n|-enditem|p1a: Weavile|Choice Band|[from] move: Knock Off|[of] p2a: Sableye\n|\n|-weather|SunnyDay|[upkeep]\n|-damage|p1a: Weavile|47\/100 brn|[from] brn\n|upkeep\n|turn|7\n|\n|t:|1626439861\n|move|p1a: Weavile|Icicle Crash|p2a: Sableye\n|-damage|p2a: Sableye|66\/100\n|move|p2a: Sableye|Knock Off|p1a: Weavile\n|-resisted|p1a: Weavile\n|-damage|p1a: Weavile|31\/100 brn\n|\n|-weather|SunnyDay|[upkeep]\n|-damage|p1a: Weavile|25\/100 brn|[from] brn\n|upkeep\n|turn|8\n|\n|t:|1626439863\n|move|p1a: Weavile|Knock Off|p2a: Sableye\n|-damage|p2a: Sableye|54\/100\n|move|p2a: Sableye|Recover|p2a: Sableye\n|-heal|p2a: Sableye|100\/100\n|\n|-weather|SunnyDay|[upkeep]\n|-damage|p1a: Weavile|19\/100 brn|[from] brn\n|upkeep\n|turn|9\n|\n|t:|1626439866\n|move|p1a: Weavile|Icicle Crash|p2a: Sableye\n|-crit|p2a: Sableye\n|-damage|p2a: Sableye|77\/100\n|move|p2a: Sableye|Knock Off|p1a: Weavile\n|-resisted|p1a: Weavile\n|-damage|p1a: Weavile|2\/100 brn\n|\n|-weather|none\n|-damage|p1a: Weavile|0 fnt|[from] brn\n|faint|p1a: Weavile\n|upkeep\n|\n|t:|1626439869\n|switch|p1a: Torkoal|Torkoal, M|84\/100\n|-weather|SunnyDay|[from] ability: Drought|[of] p1a: Torkoal\n|turn|10\n|\n|t:|1626439872\n|switch|p2a: Gliscor|Gliscor, F|100\/100\n|move|p1a: Torkoal|Lava Plume|p2a: Gliscor\n|-damage|p2a: Gliscor|57\/100\n|\n|-weather|SunnyDay|[upkeep]\n|-status|p2a: Gliscor|tox|[from] item: Toxic Orb\n|upkeep\n|turn|11\n|\n|t:|1626439879\n|switch|p1a: Charizard|Charizard, F|100\/100\n|move|p2a: Gliscor|Toxic|p1a: Charizard|[miss]\n|-miss|p2a: Gliscor|p1a: Charizard\n|\n|-weather|SunnyDay|[upkeep]\n|-heal|p2a: Gliscor|69\/100 tox|[from] ability: Poison Heal\n|upkeep\n|turn|12\n|\n|t:|1626439886\n|switch|p2a: Chansey|Chansey, F|100\/100\n|detailschange|p1a: Charizard|Charizard-Mega-X, F\n|-mega|p1a: Charizard|Charizard|Charizardite X\n|move|p1a: Charizard|Flare Blitz|p2a: Chansey\n|-damage|p2a: Chansey|21\/100\n|-damage|p1a: Charizard|38\/100|[from] Recoil\n|\n|-weather|SunnyDay|[upkeep]\n|upkeep\n|turn|13\n|j| I'm NG\n|\n|t:|1626439893\n|switch|p2a: Clefable|Clefable, M|100\/100\n|move|p1a: Charizard|Earthquake|p2a: Clefable\n|-damage|p2a: Clefable|73\/100\n|\n|-weather|SunnyDay|[upkeep]\n|-heal|p2a: Clefable|79\/100|[from] item: Leftovers\n|upkeep\n|turn|14\n|\n|t:|1626439899\n|move|p1a: Charizard|Roost|p1a: Charizard\n|-heal|p1a: Charizard|88\/100\n|-singleturn|p1a: Charizard|move: Roost\n|move|p2a: Clefable|Moonblast|p1a: Charizard\n|-damage|p1a: Charizard|48\/100\n|-unboost|p1a: Charizard|spa|1\n|\n|-weather|none\n|-heal|p2a: Clefable|85\/100|[from] item: Leftovers\n|upkeep\n|turn|15\n|\n|t:|1626439904\n|move|p1a: Charizard|Roost|p1a: Charizard\n|-heal|p1a: Charizard|98\/100\n|-singleturn|p1a: Charizard|move: Roost\n|move|p2a: Clefable|Moonblast|p1a: Charizard\n|-damage|p1a: Charizard|58\/100\n|\n|-heal|p2a: Clefable|91\/100|[from] item: Leftovers\n|upkeep\n|turn|16\n|\n|t:|1626439907\n|move|p1a: Charizard|Roost|p1a: Charizard\n|-heal|p1a: Charizard|100\/100\n|-singleturn|p1a: Charizard|move: Roost\n|move|p2a: Clefable|Moonblast|p1a: Charizard\n|-damage|p1a: Charizard|63\/100\n|\n|-heal|p2a: Clefable|97\/100|[from] item: Leftovers\n|upkeep\n|turn|17\n|\n|t:|1626439913\n|switch|p1a: Torkoal|Torkoal, M|84\/100\n|-weather|SunnyDay|[from] ability: Drought|[of] p1a: Torkoal\n|switch|p2a: Gliscor|Gliscor, F|69\/100 tox\n|\n|-weather|SunnyDay|[upkeep]\n|-heal|p2a: Gliscor|82\/100 tox|[from] ability: Poison Heal\n|upkeep\n|turn|18\n|\n|t:|1626439918\n|switch|p1a: Landorus|Landorus-Therian, M|100\/100\n|-ability|p1a: Landorus|Intimidate|boost\n|-unboost|p2a: Gliscor|atk|1\n|move|p2a: Gliscor|Earthquake|p1a: Landorus\n|-immune|p1a: Landorus\n|\n|-weather|SunnyDay|[upkeep]\n|-heal|p2a: Gliscor|94\/100 tox|[from] ability: Poison Heal\n|upkeep\n|turn|19\n|\n|t:|1626439925\n|move|p1a: Landorus|U-turn|p2a: Gliscor\n|-resisted|p2a: Gliscor\n|-damage|p2a: Gliscor|84\/100 tox\n|\n|t:|1626439927\n|switch|p1a: Venusaur|Venusaur, M|100\/100|[from]move: U-turn\n|move|p2a: Gliscor|Swords Dance|p2a: Gliscor\n|-boost|p2a: Gliscor|atk|2\n|\n|-weather|SunnyDay|[upkeep]\n|-heal|p2a: Gliscor|96\/100 tox|[from] ability: Poison Heal\n|upkeep\n|turn|20\n|\n|t:|1626439934\n|move|p1a: Venusaur|Growth|p1a: Venusaur\n|-boost|p1a: Venusaur|atk|2\n|-boost|p1a: Venusaur|spa|2\n|move|p2a: Gliscor|Earthquake|p1a: Venusaur\n|-damage|p1a: Venusaur|39\/100\n|\n|-weather|SunnyDay|[upkeep]\n|-heal|p2a: Gliscor|100\/100 tox|[from] ability: Poison Heal\n|upkeep\n|turn|21\n|\n|t:|1626439949\n|move|p1a: Venusaur|Giga Drain|p2a: Gliscor\n|-damage|p2a: Gliscor|0 fnt\n|-heal|p1a: Venusaur|96\/100|[from] drain|[of] p2a: Gliscor\n|faint|p2a: Gliscor\n|-damage|p1a: Venusaur|86\/100|[from] item: Life Orb\n|\n|-weather|none\n|upkeep\n|\n|t:|1626439953\n|switch|p2a: Clefable|Clefable, M|97\/100\n|turn|22\n|\n|t:|1626439956\n|move|p1a: Venusaur|Sludge Bomb|p2a: Clefable\n|-supereffective|p2a: Clefable\n|-damage|p2a: Clefable|0 fnt\n|faint|p2a: Clefable\n|-damage|p1a: Venusaur|76\/100|[from] item: Life Orb\n|\n|upkeep\n|\n|t:|1626439959\n|switch|p2a: Toxapex|Toxapex, M|100\/100\n|turn|23\n|\n|t:|1626439966\n|move|p1a: Venusaur|Growth|p1a: Venusaur\n|-boost|p1a: Venusaur|atk|1\n|-boost|p1a: Venusaur|spa|1\n|move|p2a: Toxapex|Haze|p2a: Toxapex\n|-clearallboost\n|\n|upkeep\n|turn|24\n|\n|t:|1626439985\n|switch|p2a: Chansey|Chansey, F|21\/100\n|move|p1a: Venusaur|Growth|p1a: Venusaur\n|-boost|p1a: Venusaur|atk|1\n|-boost|p1a: Venusaur|spa|1\n|\n|upkeep\n|turn|25\n|\n|t:|1626439989\n|move|p1a: Venusaur|Sludge Bomb|p2a: Chansey\n|-damage|p2a: Chansey|0 fnt\n|faint|p2a: Chansey\n|-damage|p1a: Venusaur|66\/100|[from] item: Life Orb\n|\n|upkeep\n|\n|t:|1626439992\n|switch|p2a: Toxapex|Toxapex, M|100\/100\n|turn|26\n|\n|t:|1626439996\n|move|p1a: Venusaur|Giga Drain|p2a: Toxapex\n|-damage|p2a: Toxapex|54\/100\n|-heal|p1a: Venusaur|89\/100|[from] drain|[of] p2a: Toxapex\n|-damage|p1a: Venusaur|79\/100|[from] item: Life Orb\n|move|p2a: Toxapex|Scald|p1a: Venusaur\n|-resisted|p1a: Venusaur\n|-damage|p1a: Venusaur|69\/100\n|\n|-heal|p2a: Toxapex|61\/100|[from] item: Black Sludge\n|upkeep\n|turn|27\n|\n|t:|1626440005\n|move|p1a: Venusaur|Giga Drain|p2a: Toxapex\n|-damage|p2a: Toxapex|18\/100\n|-heal|p1a: Venusaur|91\/100|[from] drain|[of] p2a: Toxapex\n|-damage|p1a: Venusaur|81\/100|[from] item: Life Orb\n|move|p2a: Toxapex|Recover|p2a: Toxapex\n|-heal|p2a: Toxapex|68\/100\n|\n|-heal|p2a: Toxapex|75\/100|[from] item: Black Sludge\n|upkeep\n|turn|28\n|\n|t:|1626440010\n|move|p1a: Venusaur|Giga Drain|p2a: Toxapex\n|-damage|p2a: Toxapex|34\/100\n|-heal|p1a: Venusaur|100\/100|[from] drain|[of] p2a: Toxapex\n|-damage|p1a: Venusaur|91\/100|[from] item: Life Orb\n|move|p2a: Toxapex|Haze|p2a: Toxapex\n|-clearallboost\n|\n|-heal|p2a: Toxapex|41\/100|[from] item: Black Sludge\n|upkeep\n|turn|29\n|\n|t:|1626440015\n|move|p1a: Venusaur|Growth|p1a: Venusaur\n|-boost|p1a: Venusaur|atk|1\n|-boost|p1a: Venusaur|spa|1\n|move|p2a: Toxapex|Recover|p2a: Toxapex\n|-heal|p2a: Toxapex|91\/100\n|\n|-heal|p2a: Toxapex|97\/100|[from] item: Black Sludge\n|upkeep\n|turn|30\n|\n|t:|1626440018\n|move|p1a: Venusaur|Growth|p1a: Venusaur\n|-boost|p1a: Venusaur|atk|1\n|-boost|p1a: Venusaur|spa|1\n|move|p2a: Toxapex|Haze|p2a: Toxapex\n|-clearallboost\n|\n|-heal|p2a: Toxapex|100\/100|[from] item: Black Sludge\n|upkeep\n|turn|31\n|\n|t:|1626440020\n|move|p1a: Venusaur|Growth|p1a: Venusaur\n|-boost|p1a: Venusaur|atk|1\n|-boost|p1a: Venusaur|spa|1\n|move|p2a: Toxapex|Haze|p2a: Toxapex\n|-clearallboost\n|\n|upkeep\n|turn|32\n|\n|t:|1626440024\n|move|p1a: Venusaur|Giga Drain|p2a: Toxapex\n|-damage|p2a: Toxapex|71\/100\n|-heal|p1a: Venusaur|100\/100|[from] drain|[of] p2a: Toxapex\n|-damage|p1a: Venusaur|91\/100|[from] item: Life Orb\n|move|p2a: Toxapex|Haze|p2a: Toxapex\n|-clearallboost\n|\n|-heal|p2a: Toxapex|77\/100|[from] item: Black Sludge\n|upkeep\n|turn|33\n|\n|t:|1626440032\n|move|p1a: Venusaur|Growth|p1a: Venusaur\n|-boost|p1a: Venusaur|atk|1\n|-boost|p1a: Venusaur|spa|1\n|move|p2a: Toxapex|Haze|p2a: Toxapex\n|-clearallboost\n|\n|-heal|p2a: Toxapex|83\/100|[from] item: Black Sludge\n|upkeep\n|turn|34\n|\n|t:|1626440038\n|move|p1a: Venusaur|Giga Drain|p2a: Toxapex\n|-damage|p2a: Toxapex|53\/100\n|-heal|p1a: Venusaur|100\/100|[from] drain|[of] p2a: Toxapex\n|-damage|p1a: Venusaur|91\/100|[from] item: Life Orb\n|move|p2a: Toxapex|Scald|p1a: Venusaur\n|-resisted|p1a: Venusaur\n|-damage|p1a: Venusaur|81\/100\n|\n|-heal|p2a: Toxapex|60\/100|[from] item: Black Sludge\n|upkeep\n|turn|35\n|\n|t:|1626440047\n|move|p1a: Venusaur|Growth|p1a: Venusaur\n|-boost|p1a: Venusaur|atk|1\n|-boost|p1a: Venusaur|spa|1\n|move|p2a: Toxapex|Recover|p2a: Toxapex\n|-heal|p2a: Toxapex|100\/100\n|\n|upkeep\n|turn|36\n|\n|t:|1626440050\n|move|p1a: Venusaur|Giga Drain|p2a: Toxapex\n|-damage|p2a: Toxapex|59\/100\n|-heal|p1a: Venusaur|100\/100|[from] drain|[of] p2a: Toxapex\n|-damage|p1a: Venusaur|91\/100|[from] item: Life Orb\n|move|p2a: Toxapex|Haze|p2a: Toxapex\n|-clearallboost\n|\n|-heal|p2a: Toxapex|65\/100|[from] item: Black Sludge\n|upkeep\n|turn|37\n|\n|t:|1626440061\n|switch|p1a: Torkoal|Torkoal, M|84\/100\n|-weather|SunnyDay|[from] ability: Drought|[of] p1a: Torkoal\n|move|p2a: Toxapex|Recover|p2a: Toxapex\n|-heal|p2a: Toxapex|100\/100\n|\n|-weather|SunnyDay|[upkeep]\n|upkeep\n|turn|38\n|\n|t:|1626440067\n|switch|p1a: Landorus|Landorus-Therian, M|100\/100\n|-ability|p1a: Landorus|Intimidate|boost\n|-unboost|p2a: Toxapex|atk|1\n|move|p2a: Toxapex|Scald|p1a: Landorus\n|-supereffective|p1a: Landorus\n|-damage|p1a: Landorus|78\/100\n|\n|-weather|SunnyDay|[upkeep]\n|upkeep\n|turn|39\n|\n|t:|1626440075\n|switch|p2a: Sableye|Sableye-Mega, M|77\/100\n|move|p1a: Landorus|Stone Edge|p2a: Sableye\n|-damage|p2a: Sableye|51\/100\n|\n|-weather|SunnyDay|[upkeep]\n|upkeep\n|turn|40\n|\n|t:|1626440095\n|switch|p1a: Charizard|Charizard-Mega-X, F|63\/100\n|move|p2a: Sableye|Knock Off|p1a: Charizard\n|-damage|p1a: Charizard|43\/100\n|\n|-weather|SunnyDay|[upkeep]\n|upkeep\n|turn|41\n|\n|t:|1626440100\n|move|p2a: Sableye|Protect|p2a: Sableye\n|-singleturn|p2a: Sableye|Protect\n|move|p1a: Charizard|Roost|p1a: Charizard\n|-heal|p1a: Charizard|93\/100\n|-singleturn|p1a: Charizard|move: Roost\n|\n|-weather|none\n|upkeep\n|turn|42\n|\n|t:|1626440104\n|switch|p2a: Toxapex|Toxapex, M|100\/100\n|move|p1a: Charizard|Dragon Dance|p1a: Charizard\n|-boost|p1a: Charizard|atk|1\n|-boost|p1a: Charizard|spe|1\n|\n|upkeep\n|turn|43\n|-message|EEEEEvolto\u6df1\u6eba forfeited.\n|\n|win|szdrdztr\n|raw|szdrdztr's rating: 1276 &rarr; <strong>1301<\/strong><br \/>(+25 for winning)\n|raw|EEEEEvolto\u6df1\u6eba's rating: 1487 &rarr; <strong>1456<\/strong><br \/>(-31 for losing)\n|l| I'm NG\n|j| I'm NG\n|l| I'm NG\n|j| I'm NG\n|l| I'm NG\n","uploadtime":1626440216,"views":11,"p1id":"szdrdztr","p2id":"eeeeevolto","formatid":"gen7ou","rating":0,"private":0,"password":null}