{"id":"china-gen3ou-3735166","p1":"beiyingtest","p2":"gostop","format":"gen3ou","log":"|j|\u2606beiyingtest\n|j|\u2606gostop\n|t:|1635080266\n|gametype|singles\n|player|p1|beiyingtest|102|\n|player|p2|gostop|gostop.gif|\n|teamsize|p1|6\n|teamsize|p2|6\n|gen|3\n|tier|[Gen 3] OU\n|rule|Sleep Clause Mod: Limit one foe put to sleep\n|rule|Switch Priority Clause Mod: Faster Pok\u00e9mon switch first\n|rule|Species Clause: Limit one of each Pok\u00e9mon\n|rule|OHKO Clause: OHKO moves are banned\n|rule|Evasion Moves Clause: Evasion moves are banned\n|rule|Endless Battle Clause: Forcing endless battles is banned\n|rule|HP Percentage Mod: HP is shown in percentages\n|rule|3 Baton Pass Clause: Limit three Baton Passers\n|\n|t:|1635080266\n|start\n|switch|p1a: para|Zapdos|100\/100\n|switch|p2a: Tyranitar|Tyranitar, M|100\/100\n|-weather|Sandstorm|[from] ability: Sand Stream|[of] p2a: Tyranitar\n|turn|1\n|c|\u2606gostop|\/log gostop made this room public.\n|j|\u265aThe Steel Shadow\n|j|\u265achengduoldsuperbro\n|j|+SeaRabbit\n|j| zap the justice\n|c|+SeaRabbit|go gostop\n|c|\u2606beiyingtest|hf\n|j| jianzhang106\u8230\u957f\n|j|\u265aLificious\n|\n|t:|1635080316\n|move|p1a: para|Baton Pass|p1a: para\n|j|%yoppie\n|j| niaosui\n|c|\u265achengduoldsuperbro|hf\n|\n|t:|1635080317\n|switch|p1a: earth|Dugtrio, M|100\/100|[from]move: Baton Pass\n|move|p2a: Tyranitar|Crunch|p1a: earth\n|-damage|p1a: earth|40\/100\n|\n|-weather|Sandstorm|[upkeep]\n|upkeep\n|turn|2\n|c|\u2606gostop|gl\n|j|&drogba in shenhua\n|\n|t:|1635080333\n|move|p1a: earth|Earthquake|p2a: Tyranitar\n|-supereffective|p2a: Tyranitar\n|-damage|p2a: Tyranitar|17\/100\n|move|p2a: Tyranitar|Crunch|p1a: earth\n|-damage|p1a: earth|0 fnt\n|faint|p1a: earth\n|\n|t:|1635080344\n|switch|p1a: para|Zapdos|100\/100\n|\n|-weather|Sandstorm|[upkeep]\n|-damage|p1a: para|94\/100|[from] Sandstorm\n|-heal|p1a: para|100\/100|[from] item: Leftovers\n|-heal|p2a: Tyranitar|24\/100|[from] item: Leftovers\n|upkeep\n|turn|3\n|\n|t:|1635080350\n|move|p2a: Tyranitar|Protect|p2a: Tyranitar\n|-singleturn|p2a: Tyranitar|Protect\n|move|p1a: para|Thunderbolt|p2a: Tyranitar\n|-activate|p2a: Tyranitar|Protect\n|\n|-weather|Sandstorm|[upkeep]\n|-damage|p1a: para|94\/100|[from] Sandstorm\n|-heal|p1a: para|100\/100|[from] item: Leftovers\n|-heal|p2a: Tyranitar|30\/100|[from] item: Leftovers\n|upkeep\n|turn|4\n|j| solitary dream\n|\n|t:|1635080373\n|switch|p2a: Celebi|Celebi|100\/100\n|move|p1a: para|Thunderbolt|p2a: Celebi\n|-resisted|p2a: Celebi\n|-damage|p2a: Celebi|79\/100\n|\n|-weather|Sandstorm|[upkeep]\n|-damage|p1a: para|94\/100|[from] Sandstorm\n|-damage|p2a: Celebi|73\/100|[from] Sandstorm\n|-heal|p1a: para|100\/100|[from] item: Leftovers\n|-heal|p2a: Celebi|79\/100|[from] item: Leftovers\n|upkeep\n|turn|5\n|j| Ninetales snow\n|j| RURR hidden\n|\n|t:|1635080403\n|move|p1a: para|Substitute|p1a: para\n|-start|p1a: para|Substitute\n|-damage|p1a: para|76\/100\n|move|p2a: Celebi|Leech Seed|p1a: para|[miss]\n|-miss|p2a: Celebi|p1a: para\n|\n|-weather|Sandstorm|[upkeep]\n|-damage|p1a: para|69\/100|[from] Sandstorm\n|-damage|p2a: Celebi|73\/100|[from] Sandstorm\n|-heal|p1a: para|76\/100|[from] item: Leftovers\n|-heal|p2a: Celebi|79\/100|[from] item: Leftovers\n|upkeep\n|turn|6\n|\n|t:|1635080412\n|move|p1a: para|Baton Pass|p1a: para\n|\n|t:|1635080421\n|switch|p1a: FAKENEWS|Celebi|100\/100|[from]move: Baton Pass\n|move|p2a: Celebi|Psychic|p1a: FAKENEWS\n|-resisted|p1a: FAKENEWS\n|-activate|p1a: FAKENEWS|Substitute|[damage]\n|\n|-weather|Sandstorm|[upkeep]\n|-damage|p1a: FAKENEWS|94\/100|[from] Sandstorm\n|-damage|p2a: Celebi|73\/100|[from] Sandstorm\n|-heal|p1a: FAKENEWS|100\/100|[from] item: Leftovers\n|-heal|p2a: Celebi|79\/100|[from] item: Leftovers\n|upkeep\n|turn|7\n|j| ghost888\n|j| JAMKRE\n|j|&WwlWss\n|j|@chickwayne\n|l|@chickwayne\n|c|\u2606beiyingtest|t\n|j|@chickwayne\n|\n|t:|1635080508\n|switch|p2a: Flygon|Flygon, M|100\/100\n|move|p1a: FAKENEWS|Calm Mind|p1a: FAKENEWS\n|-boost|p1a: FAKENEWS|spa|1\n|-boost|p1a: FAKENEWS|spd|1\n|\n|-weather|Sandstorm|[upkeep]\n|-damage|p1a: FAKENEWS|94\/100|[from] Sandstorm\n|-heal|p1a: FAKENEWS|100\/100|[from] item: Leftovers\n|upkeep\n|turn|8\n|j| huanz\n|j| yinfox\u94f6\u72d0freak\n|\n|t:|1635080569\n|move|p2a: Flygon|Hidden Power|p1a: FAKENEWS\n|-supereffective|p1a: FAKENEWS\n|-end|p1a: FAKENEWS|Substitute\n|move|p1a: FAKENEWS|Giga Drain|p2a: Flygon\n|-damage|p2a: Flygon|55\/100\n|\n|-weather|Sandstorm|[upkeep]\n|-damage|p1a: FAKENEWS|94\/100|[from] Sandstorm\n|-heal|p1a: FAKENEWS|100\/100|[from] item: Leftovers\n|upkeep\n|turn|9\n|\n|t:|1635080578\n|switch|p1a: para|Zapdos|76\/100\n|move|p2a: Flygon|Hidden Power|p1a: para\n|-resisted|p1a: para\n|-damage|p1a: para|54\/100\n|\n|-weather|Sandstorm|[upkeep]\n|-damage|p1a: para|48\/100|[from] Sandstorm\n|-heal|p1a: para|54\/100|[from] item: Leftovers\n|upkeep\n|turn|10\n|j| name-calling yjh\n|j| fuxiddd\n|l| fuxiddd\n|\n|t:|1635080669\n|switch|p2a: Hariyama|Hariyama, M|100\/100\n|move|p1a: para|Substitute|p1a: para\n|-start|p1a: para|Substitute\n|-damage|p1a: para|29\/100\n|\n|-weather|Sandstorm|[upkeep]\n|-damage|p1a: para|23\/100|[from] Sandstorm\n|-damage|p2a: Hariyama|94\/100|[from] Sandstorm\n|-heal|p1a: para|29\/100|[from] item: Leftovers\n|-heal|p2a: Hariyama|100\/100|[from] item: Leftovers\n|upkeep\n|turn|11\n|j| nonefacials\n|j|\u265apyernhuy\n|\n|t:|1635080724\n|-singleturn|p2a: Hariyama|move: Focus Punch\n|move|p1a: para|Thunderbolt|p2a: Hariyama\n|-damage|p2a: Hariyama|60\/100\n|move|p2a: Hariyama|Focus Punch||[still]\n|cant|p2a: Hariyama|Focus Punch|Focus Punch\n|\n|-weather|Sandstorm|[upkeep]\n|-damage|p1a: para|23\/100|[from] Sandstorm\n|-damage|p2a: Hariyama|54\/100|[from] Sandstorm\n|-heal|p1a: para|29\/100|[from] item: Leftovers\n|-heal|p2a: Hariyama|60\/100|[from] item: Leftovers\n|upkeep\n|turn|12\n|\n|t:|1635080741\n|move|p1a: para|Thunderbolt|p2a: Hariyama\n|-damage|p2a: Hariyama|14\/100\n|move|p2a: Hariyama|Brick Break|p1a: para\n|-resisted|p1a: para\n|-activate|p1a: para|Substitute|[damage]\n|\n|-weather|Sandstorm|[upkeep]\n|-damage|p1a: para|23\/100|[from] Sandstorm\n|-damage|p2a: Hariyama|7\/100|[from] Sandstorm\n|-heal|p1a: para|29\/100|[from] item: Leftovers\n|-heal|p2a: Hariyama|14\/100|[from] item: Leftovers\n|upkeep\n|turn|13\n|\n|t:|1635080756\n|switch|p2a: Celebi|Celebi|79\/100\n|move|p1a: para|Hidden Power|p2a: Celebi\n|-resisted|p2a: Celebi\n|-damage|p2a: Celebi|69\/100\n|\n|-weather|Sandstorm|[upkeep]\n|-damage|p1a: para|23\/100|[from] Sandstorm\n|-damage|p2a: Celebi|63\/100|[from] Sandstorm\n|-heal|p1a: para|29\/100|[from] item: Leftovers\n|-heal|p2a: Celebi|69\/100|[from] item: Leftovers\n|upkeep\n|turn|14\n|l| nonefacials\n|\n|t:|1635080769\n|move|p1a: para|Baton Pass|p1a: para\n|\n|t:|1635080775\n|switch|p1a: FAKENEWS|Celebi|100\/100|[from]move: Baton Pass\n|move|p2a: Celebi|Psychic|p1a: FAKENEWS\n|-resisted|p1a: FAKENEWS\n|-end|p1a: FAKENEWS|Substitute\n|\n|-weather|Sandstorm|[upkeep]\n|-damage|p1a: FAKENEWS|94\/100|[from] Sandstorm\n|-damage|p2a: Celebi|63\/100|[from] Sandstorm\n|-heal|p1a: FAKENEWS|100\/100|[from] item: Leftovers\n|-heal|p2a: Celebi|69\/100|[from] item: Leftovers\n|upkeep\n|turn|15\n|j| qdhwefdw\n|j| tinsel towngirl\n|j| sisiyoGuang\n|\n|t:|1635080836\n|switch|p2a: Flygon|Flygon, M|55\/100\n|move|p1a: FAKENEWS|Calm Mind|p1a: FAKENEWS\n|-boost|p1a: FAKENEWS|spa|1\n|-boost|p1a: FAKENEWS|spd|1\n|\n|-weather|Sandstorm|[upkeep]\n|-damage|p1a: FAKENEWS|94\/100|[from] Sandstorm\n|-heal|p1a: FAKENEWS|100\/100|[from] item: Leftovers\n|upkeep\n|turn|16\n|j| st_cccc\n|j| luck_yue\n|l| name-calling yjh\n|l| JAMKRE\n|l| luck_yue\n|j| Tawil at Umr\n|\n|t:|1635080891\n|switch|p1a: surf|Suicune|100\/100\n|move|p2a: Flygon|Hidden Power|p1a: surf\n|-damage|p1a: surf|75\/100\n|\n|-weather|Sandstorm|[upkeep]\n|-damage|p1a: surf|69\/100|[from] Sandstorm\n|-heal|p1a: surf|75\/100|[from] item: Leftovers\n|upkeep\n|turn|17\n|j| name-calling yjh\n|\n|t:|1635080975\n|switch|p2a: Milotic|Milotic, F|100\/100\n|move|p1a: surf|Calm Mind|p1a: surf\n|-boost|p1a: surf|spa|1\n|-boost|p1a: surf|spd|1\n|\n|-weather|Sandstorm|[upkeep]\n|-damage|p1a: surf|69\/100|[from] Sandstorm\n|-damage|p2a: Milotic|94\/100|[from] Sandstorm\n|-heal|p1a: surf|75\/100|[from] item: Leftovers\n|-heal|p2a: Milotic|100\/100|[from] item: Leftovers\n|upkeep\n|turn|18\n|j| hxyoni\n|j| fuxiddd\n|l| jianzhang106\u8230\u957f\n|j| jianzhang106\u8230\u957f\n|\n|t:|1635081014\n|move|p1a: surf|Substitute|p1a: surf\n|-start|p1a: surf|Substitute\n|-damage|p1a: surf|50\/100\n|move|p2a: Milotic|Toxic||[still]\n|-fail|p2a: Milotic\n|\n|-weather|Sandstorm|[upkeep]\n|-damage|p1a: surf|44\/100|[from] Sandstorm\n|-damage|p2a: Milotic|94\/100|[from] Sandstorm\n|-heal|p1a: surf|50\/100|[from] item: Leftovers\n|-heal|p2a: Milotic|100\/100|[from] item: Leftovers\n|upkeep\n|turn|19\n|l| yinfox\u94f6\u72d0freak\n|\n|t:|1635081030\n|switch|p2a: Celebi|Celebi|69\/100\n|move|p1a: surf|Calm Mind|p1a: surf\n|-boost|p1a: surf|spa|1\n|-boost|p1a: surf|spd|1\n|\n|-weather|Sandstorm|[upkeep]\n|-damage|p2a: Celebi|63\/100|[from] Sandstorm\n|-damage|p1a: surf|44\/100|[from] Sandstorm\n|-heal|p2a: Celebi|69\/100|[from] item: Leftovers\n|-heal|p1a: surf|50\/100|[from] item: Leftovers\n|upkeep\n|turn|20\n|l| Tawil at Umr\n|\n|t:|1635081060\n|move|p2a: Celebi|Hidden Power|p1a: surf\n|-supereffective|p1a: surf\n|-activate|p1a: surf|Substitute|[damage]\n|move|p1a: surf|Ice Beam|p2a: Celebi\n|-supereffective|p2a: Celebi\n|-damage|p2a: Celebi|0 fnt\n|faint|p2a: Celebi\n|j| Metallica126\n|\n|t:|1635081113\n|switch|p2a: Forretress|Forretress, M|100\/100\n|\n|-weather|Sandstorm|[upkeep]\n|-damage|p1a: surf|44\/100|[from] Sandstorm\n|-heal|p1a: surf|50\/100|[from] item: Leftovers\n|upkeep\n|turn|21\n|\n|t:|1635081144\n|move|p1a: surf|Surf|p2a: Forretress\n|-damage|p2a: Forretress|39\/100\n|move|p2a: Forretress|Explosion|p1a: surf\n|-end|p1a: surf|Substitute\n|faint|p2a: Forretress\n|\n|t:|1635081154\n|switch|p2a: Flygon|Flygon, M|55\/100\n|\n|-weather|Sandstorm|[upkeep]\n|-damage|p1a: surf|44\/100|[from] Sandstorm\n|-heal|p1a: surf|50\/100|[from] item: Leftovers\n|upkeep\n|turn|22\n|\n|t:|1635081165\n|switch|p1a: FAKENEWS|Celebi|100\/100\n|move|p2a: Flygon|Earthquake|p1a: FAKENEWS\n|-resisted|p1a: FAKENEWS\n|-damage|p1a: FAKENEWS|73\/100\n|\n|-weather|Sandstorm|[upkeep]\n|-damage|p1a: FAKENEWS|67\/100|[from] Sandstorm\n|-heal|p1a: FAKENEWS|73\/100|[from] item: Leftovers\n|upkeep\n|turn|23\n|\n|t:|1635081183\n|switch|p2a: Hariyama|Hariyama, M|14\/100\n|move|p1a: FAKENEWS|Calm Mind|p1a: FAKENEWS\n|-boost|p1a: FAKENEWS|spa|1\n|-boost|p1a: FAKENEWS|spd|1\n|\n|-weather|Sandstorm|[upkeep]\n|-damage|p1a: FAKENEWS|67\/100|[from] Sandstorm\n|-damage|p2a: Hariyama|7\/100|[from] Sandstorm\n|-heal|p1a: FAKENEWS|73\/100|[from] item: Leftovers\n|-heal|p2a: Hariyama|14\/100|[from] item: Leftovers\n|upkeep\n|turn|24\n|\n|t:|1635081220\n|move|p1a: FAKENEWS|Giga Drain|p2a: Hariyama\n|-damage|p2a: Hariyama|0 fnt\n|-heal|p1a: FAKENEWS|80\/100|[from] drain|[of] p2a: Hariyama\n|faint|p2a: Hariyama\n|\n|t:|1635081226\n|switch|p2a: Flygon|Flygon, M|55\/100\n|\n|-weather|Sandstorm|[upkeep]\n|-damage|p1a: FAKENEWS|74\/100|[from] Sandstorm\n|-heal|p1a: FAKENEWS|80\/100|[from] item: Leftovers\n|upkeep\n|turn|25\n|l| solitary dream\n|j| Tawil at Umr\n|l| jianzhang106\u8230\u957f\n|\n|t:|1635081279\n|switch|p1a: metor|Metagross|100\/100\n|move|p2a: Flygon|Hidden Power|p1a: metor\n|-crit|p1a: metor\n|-damage|p1a: metor|42\/100\n|\n|-weather|Sandstorm|[upkeep]\n|upkeep\n|turn|26\n|l|\u265aLificious\n|l| Tawil at Umr\n|\n|t:|1635081313\n|switch|p2a: Milotic|Milotic, F|100\/100\n|move|p1a: metor|Meteor Mash|p2a: Milotic\n|-resisted|p2a: Milotic\n|-damage|p2a: Milotic|68\/100\n|\n|-weather|Sandstorm|[upkeep]\n|-damage|p2a: Milotic|62\/100|[from] Sandstorm\n|-heal|p2a: Milotic|68\/100|[from] item: Leftovers\n|upkeep\n|turn|27\n|j| Tawil at Umr\n|j| jianzhang106\u8230\u957f\n|\n|t:|1635081346\n|move|p1a: metor|Meteor Mash|p2a: Milotic\n|-resisted|p2a: Milotic\n|-damage|p2a: Milotic|39\/100\n|move|p2a: Milotic|Surf|p1a: metor\n|-damage|p1a: metor|7\/100\n|\n|-weather|Sandstorm|[upkeep]\n|-damage|p2a: Milotic|33\/100|[from] Sandstorm\n|-heal|p2a: Milotic|39\/100|[from] item: Leftovers\n|upkeep\n|turn|28\n|\n|t:|1635081360\n|move|p1a: metor|Meteor Mash|p2a: Milotic\n|-resisted|p2a: Milotic\n|-damage|p2a: Milotic|5\/100\n|move|p2a: Milotic|Recover|p2a: Milotic\n|-heal|p2a: Milotic|55\/100\n|\n|-weather|Sandstorm|[upkeep]\n|-damage|p2a: Milotic|49\/100|[from] Sandstorm\n|-heal|p2a: Milotic|55\/100|[from] item: Leftovers\n|upkeep\n|turn|29\n|\n|t:|1635081369\n|move|p1a: metor|Meteor Mash|p2a: Milotic|[miss]\n|-miss|p1a: metor|p2a: Milotic\n|move|p2a: Milotic|Recover|p2a: Milotic\n|-heal|p2a: Milotic|100\/100\n|\n|-weather|Sandstorm|[upkeep]\n|-damage|p2a: Milotic|94\/100|[from] Sandstorm\n|-heal|p2a: Milotic|100\/100|[from] item: Leftovers\n|upkeep\n|turn|30\n|\n|t:|1635081379\n|move|p1a: metor|Meteor Mash|p2a: Milotic|[miss]\n|-miss|p1a: metor|p2a: Milotic\n|move|p2a: Milotic|Surf|p1a: metor\n|-damage|p1a: metor|0 fnt\n|faint|p1a: metor\n|j| solitary dream\n|\n|t:|1635081392\n|switch|p1a: surf|Suicune|50\/100\n|\n|-weather|Sandstorm|[upkeep]\n|-damage|p1a: surf|44\/100|[from] Sandstorm\n|-damage|p2a: Milotic|94\/100|[from] Sandstorm\n|-heal|p1a: surf|50\/100|[from] item: Leftovers\n|-heal|p2a: Milotic|100\/100|[from] item: Leftovers\n|upkeep\n|turn|31\n|j| yinfox\u94f6\u72d0freak\n|l| Tawil at Umr\n|\n|t:|1635081423\n|move|p1a: surf|Substitute|p1a: surf\n|-start|p1a: surf|Substitute\n|-damage|p1a: surf|25\/100\n|move|p2a: Milotic|Surf|p1a: surf\n|-resisted|p1a: surf\n|-activate|p1a: surf|Substitute|[damage]\n|\n|-weather|Sandstorm|[upkeep]\n|-damage|p1a: surf|19\/100|[from] Sandstorm\n|-damage|p2a: Milotic|94\/100|[from] Sandstorm\n|-heal|p1a: surf|25\/100|[from] item: Leftovers\n|-heal|p2a: Milotic|100\/100|[from] item: Leftovers\n|upkeep\n|turn|32\n|\n|t:|1635081433\n|move|p1a: surf|Calm Mind|p1a: surf\n|-boost|p1a: surf|spa|1\n|-boost|p1a: surf|spd|1\n|move|p2a: Milotic|Surf|p1a: surf\n|-resisted|p1a: surf\n|-activate|p1a: surf|Substitute|[damage]\n|\n|-weather|Sandstorm|[upkeep]\n|-damage|p1a: surf|19\/100|[from] Sandstorm\n|-damage|p2a: Milotic|94\/100|[from] Sandstorm\n|-heal|p1a: surf|25\/100|[from] item: Leftovers\n|-heal|p2a: Milotic|100\/100|[from] item: Leftovers\n|upkeep\n|turn|33\n|j| Angel Tobiichi\n|\n|t:|1635081465\n|move|p1a: surf|Ice Beam|p2a: Milotic\n|-resisted|p2a: Milotic\n|-damage|p2a: Milotic|87\/100\n|-status|p2a: Milotic|frz\n|cant|p2a: Milotic|frz\n|\n|-weather|Sandstorm|[upkeep]\n|-damage|p1a: surf|19\/100|[from] Sandstorm\n|-damage|p2a: Milotic|81\/100 frz|[from] Sandstorm\n|-heal|p1a: surf|25\/100|[from] item: Leftovers\n|-heal|p2a: Milotic|87\/100 frz|[from] item: Leftovers\n|upkeep\n|turn|34\n|\n|t:|1635081476\n|move|p1a: surf|Calm Mind|p1a: surf\n|-boost|p1a: surf|spa|1\n|-boost|p1a: surf|spd|1\n|cant|p2a: Milotic|frz\n|\n|-weather|Sandstorm|[upkeep]\n|-damage|p1a: surf|19\/100|[from] Sandstorm\n|-damage|p2a: Milotic|81\/100 frz|[from] Sandstorm\n|-heal|p1a: surf|25\/100|[from] item: Leftovers\n|-heal|p2a: Milotic|87\/100 frz|[from] item: Leftovers\n|upkeep\n|turn|35\n|\n|t:|1635081481\n|move|p1a: surf|Calm Mind|p1a: surf\n|-boost|p1a: surf|spa|1\n|-boost|p1a: surf|spd|1\n|-curestatus|p2a: Milotic|frz|[msg]\n|move|p2a: Milotic|Surf|p1a: surf\n|-resisted|p1a: surf\n|-end|p1a: surf|Substitute\n|\n|-weather|Sandstorm|[upkeep]\n|-damage|p1a: surf|19\/100|[from] Sandstorm\n|-damage|p2a: Milotic|81\/100|[from] Sandstorm\n|-heal|p1a: surf|25\/100|[from] item: Leftovers\n|-heal|p2a: Milotic|87\/100|[from] item: Leftovers\n|upkeep\n|turn|36\n|\n|t:|1635081591\n|switch|p1a: FAKENEWS|Celebi|80\/100\n|move|p2a: Milotic|Toxic|p1a: FAKENEWS\n|-status|p1a: FAKENEWS|tox\n|\n|-weather|Sandstorm|[upkeep]\n|-damage|p1a: FAKENEWS|74\/100 tox|[from] Sandstorm\n|-damage|p2a: Milotic|81\/100|[from] Sandstorm\n|-heal|p1a: FAKENEWS|80\/100 tox|[from] item: Leftovers\n|-damage|p1a: FAKENEWS|74\/100 tox|[from] psn\n|-heal|p2a: Milotic|87\/100|[from] item: Leftovers\n|upkeep\n|turn|37\n|\n|t:|1635081627\n|switch|p2a: Flygon|Flygon, M|55\/100\n|move|p1a: FAKENEWS|Giga Drain|p2a: Flygon\n|-damage|p2a: Flygon|26\/100\n|-heal|p1a: FAKENEWS|85\/100 tox|[from] drain|[of] p2a: Flygon\n|\n|-weather|Sandstorm|[upkeep]\n|-damage|p1a: FAKENEWS|78\/100 tox|[from] Sandstorm\n|-heal|p1a: FAKENEWS|85\/100 tox|[from] item: Leftovers\n|-damage|p1a: FAKENEWS|72\/100 tox|[from] psn\n|upkeep\n|turn|38\n|\n|t:|1635081639\n|-curestatus|p1a: FAKENEWS|tox|[from] ability: Natural Cure\n|switch|p1a: surf|Suicune|25\/100\n|move|p2a: Flygon|Hidden Power|p1a: surf\n|-damage|p1a: surf|0 fnt\n|faint|p1a: surf\n|\n|t:|1635081666\n|switch|p1a: para|Zapdos|29\/100\n|\n|-weather|Sandstorm|[upkeep]\n|-damage|p1a: para|23\/100|[from] Sandstorm\n|-heal|p1a: para|29\/100|[from] item: Leftovers\n|upkeep\n|turn|39\n|j| mentalsoft\n|l| huanz\n|\n|t:|1635081776\n|switch|p2a: Tyranitar|Tyranitar, M|30\/100\n|move|p1a: para|Hidden Power|p2a: Tyranitar\n|-supereffective|p2a: Tyranitar\n|-damage|p2a: Tyranitar|0 fnt\n|faint|p2a: Tyranitar\n|\n|t:|1635081818\n|switch|p2a: Milotic|Milotic, F|87\/100\n|\n|-weather|Sandstorm|[upkeep]\n|-damage|p1a: para|23\/100|[from] Sandstorm\n|-damage|p2a: Milotic|81\/100|[from] Sandstorm\n|-heal|p1a: para|29\/100|[from] item: Leftovers\n|-heal|p2a: Milotic|87\/100|[from] item: Leftovers\n|upkeep\n|turn|40\n|l|\u265achengduoldsuperbro\n|\n|t:|1635081841\n|move|p1a: para|Baton Pass|p1a: para\n|l| jianzhang106\u8230\u957f\n|\n|t:|1635081843\n|switch|p1a: FAKENEWS|Celebi|72\/100|[from]move: Baton Pass\n|move|p2a: Milotic|Surf|p1a: FAKENEWS\n|-resisted|p1a: FAKENEWS\n|-damage|p1a: FAKENEWS|58\/100\n|\n|-weather|Sandstorm|[upkeep]\n|-damage|p1a: FAKENEWS|52\/100|[from] Sandstorm\n|-damage|p2a: Milotic|81\/100|[from] Sandstorm\n|-heal|p1a: FAKENEWS|58\/100|[from] item: Leftovers\n|-heal|p2a: Milotic|87\/100|[from] item: Leftovers\n|upkeep\n|turn|41\n|j|\u265achengduoldsuperbro\n|j| jianzhang106\u8230\u957f\n|\n|t:|1635081867\n|move|p1a: FAKENEWS|Giga Drain|p2a: Milotic\n|-supereffective|p2a: Milotic\n|-damage|p2a: Milotic|55\/100\n|-heal|p1a: FAKENEWS|74\/100|[from] drain|[of] p2a: Milotic\n|move|p2a: Milotic|Toxic|p1a: FAKENEWS\n|-status|p1a: FAKENEWS|tox\n|\n|-weather|Sandstorm|[upkeep]\n|-damage|p1a: FAKENEWS|68\/100 tox|[from] Sandstorm\n|-damage|p2a: Milotic|49\/100|[from] Sandstorm\n|-heal|p1a: FAKENEWS|74\/100 tox|[from] item: Leftovers\n|-damage|p1a: FAKENEWS|68\/100 tox|[from] psn\n|-heal|p2a: Milotic|55\/100|[from] item: Leftovers\n|upkeep\n|turn|42\n|\n|t:|1635081901\n|move|p1a: FAKENEWS|Calm Mind|p1a: FAKENEWS\n|-boost|p1a: FAKENEWS|spa|1\n|-boost|p1a: FAKENEWS|spd|1\n|move|p2a: Milotic|Recover|p2a: Milotic\n|-heal|p2a: Milotic|100\/100\n|\n|-weather|Sandstorm|[upkeep]\n|-damage|p1a: FAKENEWS|62\/100 tox|[from] Sandstorm\n|-damage|p2a: Milotic|94\/100|[from] Sandstorm\n|-heal|p1a: FAKENEWS|68\/100 tox|[from] item: Leftovers\n|-damage|p1a: FAKENEWS|55\/100 tox|[from] psn\n|-heal|p2a: Milotic|100\/100|[from] item: Leftovers\n|upkeep\n|turn|43\n|j| Tawil at Umr\n|l| Tawil at Umr\n|j| Hovenia dulcis\n|\n|t:|1635081935\n|move|p1a: FAKENEWS|Giga Drain|p2a: Milotic\n|-supereffective|p2a: Milotic\n|-damage|p2a: Milotic|57\/100\n|-heal|p1a: FAKENEWS|77\/100 tox|[from] drain|[of] p2a: Milotic\n|move|p2a: Milotic|Surf|p1a: FAKENEWS\n|-resisted|p1a: FAKENEWS\n|-damage|p1a: FAKENEWS|68\/100 tox\n|\n|-weather|Sandstorm|[upkeep]\n|-damage|p1a: FAKENEWS|62\/100 tox|[from] Sandstorm\n|-damage|p2a: Milotic|51\/100|[from] Sandstorm\n|-heal|p1a: FAKENEWS|68\/100 tox|[from] item: Leftovers\n|-damage|p1a: FAKENEWS|50\/100 tox|[from] psn\n|-heal|p2a: Milotic|57\/100|[from] item: Leftovers\n|upkeep\n|turn|44\n|l| fuxiddd\n|l| st_cccc\n|l| Hovenia dulcis\n|\n|t:|1635082012\n|move|p1a: FAKENEWS|Calm Mind|p1a: FAKENEWS\n|-boost|p1a: FAKENEWS|spa|1\n|-boost|p1a: FAKENEWS|spd|1\n|move|p2a: Milotic|Recover|p2a: Milotic\n|-heal|p2a: Milotic|100\/100\n|\n|-weather|Sandstorm|[upkeep]\n|-damage|p1a: FAKENEWS|44\/100 tox|[from] Sandstorm\n|-damage|p2a: Milotic|94\/100|[from] Sandstorm\n|-heal|p1a: FAKENEWS|50\/100 tox|[from] item: Leftovers\n|-damage|p1a: FAKENEWS|25\/100 tox|[from] psn\n|-heal|p2a: Milotic|100\/100|[from] item: Leftovers\n|upkeep\n|turn|45\n|j| zangyi\n|l| solitary dream\n|\n|t:|1635082047\n|move|p1a: FAKENEWS|Giga Drain|p2a: Milotic\n|-supereffective|p2a: Milotic\n|-damage|p2a: Milotic|41\/100\n|-heal|p1a: FAKENEWS|55\/100 tox|[from] drain|[of] p2a: Milotic\n|move|p2a: Milotic|Recover|p2a: Milotic\n|-heal|p2a: Milotic|91\/100\n|\n|-weather|Sandstorm|[upkeep]\n|-damage|p1a: FAKENEWS|49\/100 tox|[from] Sandstorm\n|-damage|p2a: Milotic|85\/100|[from] Sandstorm\n|-heal|p1a: FAKENEWS|55\/100 tox|[from] item: Leftovers\n|-damage|p1a: FAKENEWS|24\/100 tox|[from] psn\n|-heal|p2a: Milotic|91\/100|[from] item: Leftovers\n|upkeep\n|turn|46\n|l| zangyi\n|j| Tawil at Umr\n|\n|t:|1635082061\n|move|p1a: FAKENEWS|Baton Pass|p1a: FAKENEWS\n|l| Tawil at Umr\n|\n|t:|1635082081\n|-curestatus|p1a: FAKENEWS|tox|[from] ability: Natural Cure\n|switch|p1a: para|Zapdos|29\/100|[from]move: Baton Pass\n|move|p2a: Milotic|Recover|p2a: Milotic\n|-heal|p2a: Milotic|100\/100\n|\n|-weather|Sandstorm|[upkeep]\n|-damage|p1a: para|23\/100|[from] Sandstorm\n|-damage|p2a: Milotic|94\/100|[from] Sandstorm\n|-heal|p1a: para|29\/100|[from] item: Leftovers\n|-heal|p2a: Milotic|100\/100|[from] item: Leftovers\n|upkeep\n|turn|47\n|\n|t:|1635082127\n|move|p1a: para|Hidden Power|p2a: Milotic\n|-supereffective|p2a: Milotic\n|-damage|p2a: Milotic|38\/100\n|move|p2a: Milotic|Surf|p1a: para\n|-damage|p1a: para|11\/100\n|\n|-weather|Sandstorm|[upkeep]\n|-damage|p1a: para|5\/100|[from] Sandstorm\n|-damage|p2a: Milotic|32\/100|[from] Sandstorm\n|-heal|p1a: para|11\/100|[from] item: Leftovers\n|-heal|p2a: Milotic|38\/100|[from] item: Leftovers\n|upkeep\n|turn|48\n|l| zap the justice\n|\n|t:|1635082147\n|move|p1a: para|Hidden Power|p2a: Milotic\n|-supereffective|p2a: Milotic\n|-damage|p2a: Milotic|0 fnt\n|faint|p2a: Milotic\n|j|\u265aMaster Origami\u2655\n|\n|t:|1635082156\n|switch|p2a: Flygon|Flygon, M|26\/100\n|\n|-weather|Sandstorm|[upkeep]\n|-damage|p1a: para|5\/100|[from] Sandstorm\n|-heal|p1a: para|11\/100|[from] item: Leftovers\n|upkeep\n|turn|49\n|j| mqsh\n|l| yinfox\u94f6\u72d0freak\n|\n|t:|1635082217\n|move|p1a: para|Hidden Power|p2a: Flygon\n|-damage|p2a: Flygon|0 fnt\n|faint|p2a: Flygon\n|\n|win|beiyingtest\n|c|\u2606beiyingtest|gg\n|l|\u265aThe Steel Shadow\n|l|+SeaRabbit\n|l| sisiyoGuang\n|l| mentalsoft\n|l| hxyoni\n|l| Metallica126\n|l| name-calling yjh\n|l|\u265aMaster Origami\u2655\n|l|\u265achengduoldsuperbro\n|c|\u2606gostop|gg\n|l| tinsel towngirl\n|l| RURR hidden\n|l|%yoppie\n|j|%yoppie\n","uploadtime":1635082228,"views":112,"p1id":"beiyingtest","p2id":"gostop","formatid":"gen3ou","rating":0,"private":0,"password":null}