{"id":"china-gen7ou-2453249","p1":"EEEEEvolto\u6df1\u6eba","p2":"gfhs","format":"gen7ou","log":"|j|\u2606EEEEEvolto\u6df1\u6eba\n|j|\u2606gfhs\n|t:|1628341269\n|gametype|singles\n|player|p1|EEEEEvolto\u6df1\u6eba|101|\n|player|p2|gfhs|1|\n|teamsize|p1|6\n|teamsize|p2|6\n|gen|7\n|tier|[Gen 7] OU\n|rule|Sleep Clause Mod: Limit one foe put to sleep\n|rule|Species Clause: Limit one of each Pok\u00e9mon\n|rule|OHKO Clause: OHKO moves are banned\n|rule|Moody Clause: Moody is banned\n|rule|Evasion Moves Clause: Evasion moves are banned\n|rule|Endless Battle Clause: Forcing endless battles is banned\n|rule|HP Percentage Mod: HP is shown in percentages\n|clearpoke\n|poke|p1|Sableye, F|item\n|poke|p1|Pyukumuku, L90, F|item\n|poke|p1|Skarmory, M|item\n|poke|p1|Chansey, F|item\n|poke|p1|Toxapex, M|item\n|poke|p1|Gliscor, F|item\n|poke|p2|Landorus-Therian, M|item\n|poke|p2|Magearna|item\n|poke|p2|Charizard, F|item\n|poke|p2|Kartana|item\n|poke|p2|Hoopa-Unbound|item\n|poke|p2|Rotom-Wash|item\n|teampreview\n|inactive|Battle timer is ON: inactive players will automatically lose when time's up. (requested by EEEEEvolto\u6df1\u6eba)\n|inactive|gfhs has 270 seconds left.\n|\n|t:|1628341308\n|start\n|switch|p1a: Sableye|Sableye, F|100\/100\n|switch|p2a: Rotom|Rotom-Wash|100\/100\n|turn|1\n|\n|t:|1628341322\n|detailschange|p1a: Sableye|Sableye-Mega, F\n|-mega|p1a: Sableye|Sableye|Sablenite\n|move|p1a: Sableye|Protect|p1a: Sableye\n|-singleturn|p1a: Sableye|Protect\n|move|p2a: Rotom|Volt Switch|p1a: Sableye\n|-activate|p1a: Sableye|move: Protect\n|\n|upkeep\n|turn|2\n|\n|t:|1628341335\n|move|p2a: Rotom|Hydro Pump|p1a: Sableye\n|-damage|p1a: Sableye|70\/100\n|move|p1a: Sableye|Knock Off|p2a: Rotom\n|-damage|p2a: Rotom|79\/100\n|-enditem|p2a: Rotom|Leftovers|[from] move: Knock Off|[of] p1a: Sableye\n|\n|upkeep\n|turn|3\n|\n|t:|1628341343\n|move|p1a: Sableye|Protect|p1a: Sableye\n|-singleturn|p1a: Sableye|Protect\n|move|p2a: Rotom|Volt Switch|p1a: Sableye\n|-activate|p1a: Sableye|move: Protect\n|\n|upkeep\n|turn|4\n|\n|t:|1628341348\n|move|p2a: Rotom|Volt Switch|p1a: Sableye\n|-damage|p1a: Sableye|52\/100\n|\n|t:|1628341351\n|switch|p2a: Magearna|Magearna|100\/100|[from]move: Volt Switch\n|move|p1a: Sableye|Recover|p1a: Sableye\n|-heal|p1a: Sableye|100\/100\n|\n|upkeep\n|turn|5\n|j|\u265abaibaiats\n|\n|t:|1628341361\n|switch|p1a: Chansey|Chansey, F|100\/100\n|move|p2a: Magearna|Volt Switch|p1a: Chansey\n|-damage|p1a: Chansey|94\/100\n|\n|t:|1628341366\n|switch|p2a: Kartana|Kartana|100\/100|[from]move: Volt Switch\n|\n|upkeep\n|turn|6\n|\n|t:|1628341370\n|switch|p1a: Skarmory|Skarmory, M|100\/100\n|move|p2a: Kartana|Knock Off|p1a: Skarmory\n|-damage|p1a: Skarmory|77\/100\n|-enditem|p1a: Skarmory|Shed Shell|[from] move: Knock Off|[of] p2a: Kartana\n|\n|upkeep\n|turn|7\n|\n|t:|1628341376\n|switch|p2a: Rotom|Rotom-Wash|79\/100\n|move|p1a: Skarmory|Spikes|p2a: Rotom\n|-sidestart|p2: gfhs|Spikes\n|\n|upkeep\n|turn|8\n|\n|t:|1628341385\n|switch|p1a: Gliscor|Gliscor, F|100\/100\n|move|p2a: Rotom|Thunder Wave|p1a: Gliscor\n|-immune|p1a: Gliscor\n|\n|-status|p1a: Gliscor|tox|[from] item: Toxic Orb\n|upkeep\n|turn|9\n|j| Renwu\n|\n|t:|1628341396\n|switch|p1a: Sableye|Sableye-Mega, F|100\/100\n|move|p2a: Rotom|Hydro Pump|p1a: Sableye\n|-damage|p1a: Sableye|73\/100\n|\n|upkeep\n|turn|10\n|\n|t:|1628341402\n|move|p1a: Sableye|Protect|p1a: Sableye\n|-singleturn|p1a: Sableye|Protect\n|move|p2a: Rotom|Volt Switch|p1a: Sableye\n|-activate|p1a: Sableye|move: Protect\n|\n|upkeep\n|turn|11\n|\n|t:|1628341409\n|move|p2a: Rotom|Volt Switch|p1a: Sableye\n|-damage|p1a: Sableye|56\/100\n|j| Lightchanseyy\n|\n|t:|1628341413\n|switch|p2a: Kartana|Kartana|100\/100|[from]move: Volt Switch\n|-damage|p2a: Kartana|88\/100|[from] Spikes\n|move|p1a: Sableye|Recover|p1a: Sableye\n|-heal|p1a: Sableye|100\/100\n|\n|upkeep\n|turn|12\n|j| xxMok3s\n|l| Lightchanseyy\n|\n|t:|1628341425\n|switch|p2a: Charizard|Charizard, F|100\/100\n|switch|p1a: Skarmory|Skarmory, M|77\/100\n|\n|upkeep\n|turn|13\n|\n|t:|1628341440\n|switch|p1a: Chansey|Chansey, F|94\/100\n|detailschange|p2a: Charizard|Charizard-Mega-Y, F\n|-mega|p2a: Charizard|Charizard|Charizardite Y\n|-weather|SunnyDay|[from] ability: Drought|[of] p2a: Charizard\n|move|p2a: Charizard|Solar Beam||[still]\n|-prepare|p2a: Charizard|Solar Beam\n|-anim|p2a: Charizard|Solar Beam|p1a: Chansey\n|-damage|p1a: Chansey|80\/100\n|\n|-weather|SunnyDay|[upkeep]\n|upkeep\n|turn|14\n|\n|t:|1628341452\n|switch|p2a: Magearna|Magearna|100\/100\n|-damage|p2a: Magearna|88\/100|[from] Spikes\n|move|p1a: Chansey|Stealth Rock|p2a: Magearna\n|-sidestart|p2: gfhs|move: Stealth Rock\n|\n|-weather|SunnyDay|[upkeep]\n|upkeep\n|turn|15\n|\n|t:|1628341455\n|move|p2a: Magearna|Volt Switch|p1a: Chansey\n|-crit|p1a: Chansey\n|-damage|p1a: Chansey|70\/100\n|\n|t:|1628341461\n|switch|p2a: Rotom|Rotom-Wash|79\/100|[from]move: Volt Switch\n|-damage|p2a: Rotom|66\/100|[from] Stealth Rock\n|move|p1a: Chansey|Soft-Boiled|p1a: Chansey\n|-heal|p1a: Chansey|100\/100\n|\n|-weather|SunnyDay|[upkeep]\n|upkeep\n|turn|16\n|\n|t:|1628341464\n|move|p2a: Rotom|Defog|p1a: Chansey\n|-unboost|p1a: Chansey|evasion|1\n|-sideend|p2: gfhs|Spikes|[from] move: Defog|[of] p2a: Rotom\n|-sideend|p2: gfhs|Stealth Rock|[from] move: Defog|[of] p2a: Rotom\n|move|p1a: Chansey|Toxic|p2a: Rotom\n|-status|p2a: Rotom|tox\n|\n|-weather|SunnyDay|[upkeep]\n|-damage|p2a: Rotom|60\/100 tox|[from] psn\n|upkeep\n|turn|17\n|\n|t:|1628341469\n|move|p2a: Rotom|Volt Switch|p1a: Chansey\n|-damage|p1a: Chansey|93\/100\n|\n|t:|1628341472\n|switch|p2a: Kartana|Kartana|88\/100|[from]move: Volt Switch\n|move|p1a: Chansey|Stealth Rock|p2a: Kartana\n|-sidestart|p2: gfhs|move: Stealth Rock\n|\n|-weather|none\n|upkeep\n|turn|18\n|j| XPSH\n|l| XPSH\n|\n|t:|1628341481\n|switch|p1a: Skarmory|Skarmory, M|77\/100\n|-zpower|p2a: Kartana\n|move|p2a: Kartana|Bloom Doom|p1a: Skarmory|[zeffect]\n|-resisted|p1a: Skarmory\n|-damage|p1a: Skarmory|59\/100\n|\n|upkeep\n|turn|19\n|\n|t:|1628341488\n|move|p2a: Kartana|Defog|p1a: Skarmory\n|-unboost|p1a: Skarmory|evasion|1\n|-sideend|p2: gfhs|Stealth Rock|[from] move: Defog|[of] p2a: Kartana\n|move|p1a: Skarmory|Roost|p1a: Skarmory\n|-heal|p1a: Skarmory|100\/100\n|-singleturn|p1a: Skarmory|move: Roost\n|\n|upkeep\n|turn|20\n|\n|t:|1628341503\n|switch|p2a: Magearna|Magearna|88\/100\n|move|p1a: Skarmory|Spikes|p2a: Magearna\n|-sidestart|p2: gfhs|Spikes\n|\n|upkeep\n|turn|21\n|\n|t:|1628341508\n|switch|p1a: Gliscor|Gliscor, F|100\/100 tox\n|move|p2a: Magearna|Volt Switch|p1a: Gliscor\n|-immune|p1a: Gliscor\n|\n|upkeep\n|turn|22\n|\n|t:|1628341515\n|switch|p1a: Chansey|Chansey, F|93\/100\n|switch|p2a: Landorus|Landorus-Therian, M|100\/100\n|-ability|p2a: Landorus|Intimidate|boost\n|-unboost|p1a: Chansey|atk|1\n|\n|upkeep\n|turn|23\n|\n|t:|1628341521\n|switch|p1a: Skarmory|Skarmory, M|100\/100\n|move|p2a: Landorus|U-turn|p1a: Skarmory\n|-resisted|p1a: Skarmory\n|-damage|p1a: Skarmory|97\/100\n|\n|t:|1628341529\n|switch|p2a: Magearna|Magearna|88\/100|[from]move: U-turn\n|-damage|p2a: Magearna|76\/100|[from] Spikes\n|\n|upkeep\n|turn|24\n|\n|t:|1628341533\n|switch|p1a: Chansey|Chansey, F|93\/100\n|move|p2a: Magearna|Ice Beam|p1a: Chansey\n|-damage|p1a: Chansey|84\/100\n|\n|upkeep\n|turn|25\n|\n|t:|1628341538\n|move|p2a: Magearna|Volt Switch|p1a: Chansey\n|-crit|p1a: Chansey\n|-damage|p1a: Chansey|73\/100\n|j|%Lusteristic\n|\n|t:|1628341544\n|switch|p2a: Kartana|Kartana|88\/100|[from]move: Volt Switch\n|-damage|p2a: Kartana|76\/100|[from] Spikes\n|move|p1a: Chansey|Stealth Rock|p2a: Kartana\n|-sidestart|p2: gfhs|move: Stealth Rock\n|\n|upkeep\n|turn|26\n|\n|t:|1628341548\n|switch|p1a: Skarmory|Skarmory, M|97\/100\n|move|p2a: Kartana|Defog|p1a: Skarmory\n|-unboost|p1a: Skarmory|evasion|1\n|-sideend|p2: gfhs|Spikes|[from] move: Defog|[of] p2a: Kartana\n|-sideend|p2: gfhs|Stealth Rock|[from] move: Defog|[of] p2a: Kartana\n|\n|upkeep\n|turn|27\n|\n|t:|1628341552\n|switch|p2a: Charizard|Charizard-Mega-Y, F|100\/100\n|-weather|SunnyDay|[from] ability: Drought|[of] p2a: Charizard\n|move|p1a: Skarmory|Spikes|p2a: Charizard\n|-sidestart|p2: gfhs|Spikes\n|\n|-weather|SunnyDay|[upkeep]\n|upkeep\n|turn|28\n|j| Lightchanseyy\n|l| Lightchanseyy\n|\n|t:|1628341562\n|switch|p1a: Toxapex|Toxapex, M|100\/100\n|move|p2a: Charizard|Flamethrower|p1a: Toxapex\n|-resisted|p1a: Toxapex\n|-damage|p1a: Toxapex|72\/100\n|\n|-weather|SunnyDay|[upkeep]\n|upkeep\n|turn|29\n|\n|t:|1628341572\n|switch|p2a: Magearna|Magearna|76\/100\n|-damage|p2a: Magearna|63\/100|[from] Spikes\n|switch|p1a: Chansey|Chansey, F|73\/100\n|\n|-weather|SunnyDay|[upkeep]\n|upkeep\n|turn|30\n|j| XPSH\n|\n|t:|1628341575\n|move|p2a: Magearna|Volt Switch|p1a: Chansey\n|-damage|p1a: Chansey|67\/100\n|j| Lightchanseyy\n|\n|t:|1628341578\n|switch|p2a: Hoopa|Hoopa-Unbound|100\/100|[from]move: Volt Switch\n|-damage|p2a: Hoopa|88\/100|[from] Spikes\n|move|p1a: Chansey|Stealth Rock|p2a: Hoopa\n|-sidestart|p2: gfhs|move: Stealth Rock\n|\n|-weather|SunnyDay|[upkeep]\n|upkeep\n|turn|31\n|l| Lightchanseyy\n|\n|t:|1628341585\n|switch|p1a: Pyukumuku|Pyukumuku, L90, F|100\/100\n|move|p2a: Hoopa|Hyperspace Fury|p1a: Pyukumuku\n|-damage|p1a: Pyukumuku|0 fnt\n|-unboost|p2a: Hoopa|def|1\n|-damage|p2a: Hoopa|0 fnt|[from] ability: Innards Out|[of] p1a: Pyukumuku\n|faint|p1a: Pyukumuku\n|faint|p2a: Hoopa\n|\n|-weather|none\n|upkeep\n|j| badwoman1\n|\n|t:|1628341610\n|switch|p2a: Kartana|Kartana|76\/100\n|switch|p1a: Sableye|Sableye-Mega, F|100\/100\n|-damage|p2a: Kartana|70\/100|[from] Stealth Rock\n|-damage|p2a: Kartana|57\/100|[from] Spikes\n|turn|32\n|\n|t:|1628341617\n|switch|p2a: Rotom|Rotom-Wash|60\/100 tox\n|-damage|p2a: Rotom|48\/100 tox|[from] Stealth Rock\n|switch|p1a: Skarmory|Skarmory, M|97\/100\n|\n|-damage|p2a: Rotom|41\/100 tox|[from] psn\n|upkeep\n|turn|33\n|\n|t:|1628341631\n|switch|p1a: Chansey|Chansey, F|67\/100\n|move|p2a: Rotom|Thunder Wave|p1a: Chansey\n|-status|p1a: Chansey|par\n|\n|-damage|p2a: Rotom|29\/100 tox|[from] psn\n|upkeep\n|turn|34\n|\n|t:|1628341635\n|move|p2a: Rotom|Defog|p1a: Chansey\n|-unboost|p1a: Chansey|evasion|1\n|-sideend|p2: gfhs|Spikes|[from] move: Defog|[of] p2a: Rotom\n|-sideend|p2: gfhs|Stealth Rock|[from] move: Defog|[of] p2a: Rotom\n|move|p1a: Chansey|Seismic Toss|p2a: Rotom\n|-damage|p2a: Rotom|0 fnt\n|faint|p2a: Rotom\n|\n|upkeep\n|l| XPSH\n|\n|t:|1628341654\n|switch|p2a: Kartana|Kartana|57\/100\n|turn|35\n|\n|t:|1628341661\n|switch|p1a: Skarmory|Skarmory, M|97\/100\n|move|p2a: Kartana|Synthesis|p2a: Kartana\n|-heal|p2a: Kartana|100\/100\n|\n|upkeep\n|turn|36\n|\n|t:|1628341665\n|switch|p2a: Charizard|Charizard-Mega-Y, F|100\/100\n|-weather|SunnyDay|[from] ability: Drought|[of] p2a: Charizard\n|move|p1a: Skarmory|Spikes|p2a: Charizard\n|-sidestart|p2: gfhs|Spikes\n|\n|-weather|SunnyDay|[upkeep]\n|upkeep\n|turn|37\n|\n|t:|1628341675\n|switch|p1a: Toxapex|Toxapex, M|100\/100\n|move|p2a: Charizard|Focus Blast|p1a: Toxapex|[miss]\n|-miss|p2a: Charizard|p1a: Toxapex\n|\n|-weather|SunnyDay|[upkeep]\n|upkeep\n|turn|38\n|\n|t:|1628341683\n|switch|p2a: Magearna|Magearna|63\/100\n|-damage|p2a: Magearna|51\/100|[from] Spikes\n|switch|p1a: Chansey|Chansey, F|67\/100\n|\n|-weather|SunnyDay|[upkeep]\n|upkeep\n|turn|39\n|\n|t:|1628341686\n|move|p2a: Magearna|Iron Head|p1a: Chansey\n|-damage|p1a: Chansey|50\/100\n|move|p1a: Chansey|Soft-Boiled|p1a: Chansey\n|-heal|p1a: Chansey|99\/100\n|\n|-weather|SunnyDay|[upkeep]\n|upkeep\n|turn|40\n|\n|t:|1628341692\n|switch|p1a: Gliscor|Gliscor, F|100\/100 tox\n|move|p2a: Magearna|Volt Switch|p1a: Gliscor\n|-immune|p1a: Gliscor\n|\n|-weather|none\n|upkeep\n|turn|41\n|\n|t:|1628341697\n|switch|p2a: Kartana|Kartana|100\/100\n|-damage|p2a: Kartana|88\/100|[from] Spikes\n|move|p1a: Gliscor|Earthquake|p2a: Kartana\n|-damage|p2a: Kartana|53\/100\n|\n|upkeep\n|turn|42\n|\n|t:|1628341706\n|switch|p1a: Skarmory|Skarmory, M|97\/100\n|move|p2a: Kartana|Synthesis|p2a: Kartana\n|-heal|p2a: Kartana|100\/100\n|\n|upkeep\n|turn|43\n|\n|t:|1628341713\n|move|p2a: Kartana|Defog|p1a: Skarmory\n|-unboost|p1a: Skarmory|evasion|1\n|-sideend|p2: gfhs|Spikes|[from] move: Defog|[of] p2a: Kartana\n|move|p1a: Skarmory|Spikes|p2a: Kartana\n|-sidestart|p2: gfhs|Spikes\n|\n|upkeep\n|turn|44\n|\n|t:|1628341719\n|move|p2a: Kartana|Defog|p1a: Skarmory\n|-unboost|p1a: Skarmory|evasion|1\n|-sideend|p2: gfhs|Spikes|[from] move: Defog|[of] p2a: Kartana\n|move|p1a: Skarmory|Spikes|p2a: Kartana\n|-sidestart|p2: gfhs|Spikes\n|\n|upkeep\n|turn|45\n|l|%Lusteristic\n|j| tapuleleyyds\n|\n|t:|1628341731\n|switch|p2a: Charizard|Charizard-Mega-Y, F|100\/100\n|-weather|SunnyDay|[from] ability: Drought|[of] p2a: Charizard\n|move|p1a: Skarmory|Spikes|p2a: Charizard\n|-sidestart|p2: gfhs|Spikes\n|\n|-weather|SunnyDay|[upkeep]\n|upkeep\n|turn|46\n|j|\u265aAllen-xia\n|\n|t:|1628341738\n|switch|p1a: Chansey|Chansey, F|99\/100\n|move|p2a: Charizard|Flamethrower|p1a: Chansey\n|-damage|p1a: Chansey|76\/100\n|-status|p1a: Chansey|brn\n|\n|-weather|SunnyDay|[upkeep]\n|-damage|p1a: Chansey|70\/100 brn|[from] brn\n|upkeep\n|turn|47\n|\n|t:|1628341745\n|switch|p2a: Landorus|Landorus-Therian, M|100\/100\n|-ability|p2a: Landorus|Intimidate|boost\n|-unboost|p1a: Chansey|atk|1\n|move|p1a: Chansey|Soft-Boiled|p1a: Chansey\n|-heal|p1a: Chansey|100\/100 brn\n|\n|-weather|SunnyDay|[upkeep]\n|-damage|p1a: Chansey|94\/100 brn|[from] brn\n|upkeep\n|turn|48\n|\n|t:|1628341749\n|-curestatus|p1a: Chansey|brn|[from] ability: Natural Cure\n|switch|p1a: Skarmory|Skarmory, M|97\/100\n|move|p2a: Landorus|Stealth Rock|p1a: Skarmory\n|-sidestart|p1: EEEEEvolto\u6df1\u6eba|move: Stealth Rock\n|\n|-weather|SunnyDay|[upkeep]\n|upkeep\n|turn|49\n|l| badwoman1\n|\n|t:|1628341754\n|switch|p2a: Charizard|Charizard-Mega-Y, F|100\/100\n|move|p1a: Skarmory|Defog|p2a: Charizard\n|-unboost|p2a: Charizard|evasion|1\n|-sideend|p2: gfhs|Spikes|[from] move: Defog|[of] p1a: Skarmory\n|-sideend|p1: EEEEEvolto\u6df1\u6eba|Stealth Rock|[from] move: Defog|[of] p1a: Skarmory\n|\n|-weather|none\n|upkeep\n|turn|50\n|\n|t:|1628341758\n|switch|p1a: Chansey|Chansey, F|94\/100\n|move|p2a: Charizard|Focus Blast|p1a: Chansey\n|-supereffective|p1a: Chansey\n|-damage|p1a: Chansey|64\/100\n|\n|upkeep\n|turn|51\n|\n|t:|1628341766\n|switch|p2a: Magearna|Magearna|51\/100\n|move|p1a: Chansey|Soft-Boiled|p1a: Chansey\n|-heal|p1a: Chansey|100\/100\n|\n|upkeep\n|turn|52\n|\n|t:|1628341773\n|move|p2a: Magearna|Ice Beam|p1a: Chansey\n|-damage|p1a: Chansey|93\/100\n|move|p1a: Chansey|Seismic Toss|p2a: Magearna\n|-damage|p2a: Magearna|24\/100\n|\n|upkeep\n|turn|53\n|\n|t:|1628341779\n|switch|p2a: Landorus|Landorus-Therian, M|100\/100\n|-ability|p2a: Landorus|Intimidate|boost\n|-unboost|p1a: Chansey|atk|1\n|move|p1a: Chansey|Stealth Rock|p2a: Landorus\n|-sidestart|p2: gfhs|move: Stealth Rock\n|\n|upkeep\n|turn|54\n|\n|t:|1628341792\n|move|p2a: Landorus|Hidden Power|p1a: Chansey\n|-damage|p1a: Chansey|88\/100\n|move|p1a: Chansey|Toxic|p2a: Landorus\n|-status|p2a: Landorus|tox\n|\n|-damage|p2a: Landorus|95\/100 tox|[from] psn\n|upkeep\n|turn|55\n|\n|t:|1628341796\n|switch|p2a: Magearna|Magearna|24\/100\n|-damage|p2a: Magearna|18\/100|[from] Stealth Rock\n|switch|p1a: Skarmory|Skarmory, M|97\/100\n|\n|upkeep\n|turn|56\n|\n|t:|1628341807\n|switch|p1a: Toxapex|Toxapex, M|100\/100\n|move|p2a: Magearna|Volt Switch|p1a: Toxapex\n|-supereffective|p1a: Toxapex\n|-damage|p1a: Toxapex|71\/100\n|\n|t:|1628341813\n|switch|p2a: Landorus|Landorus-Therian, M|95\/100 tox|[from]move: Volt Switch\n|-damage|p2a: Landorus|82\/100 tox|[from] Stealth Rock\n|-ability|p2a: Landorus|Intimidate|boost\n|-unboost|p1a: Toxapex|atk|1\n|\n|-damage|p2a: Landorus|76\/100 tox|[from] psn\n|upkeep\n|turn|57\n|\n|t:|1628341820\n|switch|p1a: Skarmory|Skarmory, M|97\/100\n|move|p2a: Landorus|Stealth Rock|p1a: Skarmory\n|-sidestart|p1: EEEEEvolto\u6df1\u6eba|move: Stealth Rock\n|\n|-damage|p2a: Landorus|64\/100 tox|[from] psn\n|upkeep\n|turn|58\n|\n|t:|1628341826\n|switch|p2a: Kartana|Kartana|100\/100\n|-damage|p2a: Kartana|94\/100|[from] Stealth Rock\n|move|p1a: Skarmory|Spikes|p2a: Kartana\n|-sidestart|p2: gfhs|Spikes\n|\n|upkeep\n|turn|59\n|j|\u265alzaaaaa\n|l|\u265alzaaaaa\n|\n|t:|1628341829\n|move|p2a: Kartana|Defog|p1a: Skarmory\n|-unboost|p1a: Skarmory|evasion|1\n|-sideend|p1: EEEEEvolto\u6df1\u6eba|Stealth Rock|[from] move: Defog|[of] p2a: Kartana\n|-sideend|p2: gfhs|Spikes|[from] move: Defog|[of] p2a: Kartana\n|-sideend|p2: gfhs|Stealth Rock|[from] move: Defog|[of] p2a: Kartana\n|move|p1a: Skarmory|Spikes|p2a: Kartana\n|-sidestart|p2: gfhs|Spikes\n|\n|upkeep\n|turn|60\n|\n|t:|1628341833\n|switch|p2a: Charizard|Charizard-Mega-Y, F|100\/100\n|-weather|SunnyDay|[from] ability: Drought|[of] p2a: Charizard\n|move|p1a: Skarmory|Spikes|p2a: Charizard\n|-sidestart|p2: gfhs|Spikes\n|\n|-weather|SunnyDay|[upkeep]\n|upkeep\n|turn|61\n|\n|t:|1628341840\n|switch|p1a: Toxapex|Toxapex, M|100\/100\n|move|p2a: Charizard|Focus Blast|p1a: Toxapex|[miss]\n|-miss|p2a: Charizard|p1a: Toxapex\n|\n|-weather|SunnyDay|[upkeep]\n|upkeep\n|turn|62\n|\n|t:|1628341853\n|switch|p2a: Magearna|Magearna|18\/100\n|-damage|p2a: Magearna|1\/100|[from] Spikes\n|switch|p1a: Chansey|Chansey, F|88\/100\n|\n|-weather|SunnyDay|[upkeep]\n|upkeep\n|turn|63\n|\n|t:|1628341860\n|move|p2a: Magearna|Volt Switch|p1a: Chansey\n|-damage|p1a: Chansey|82\/100\n|\n|t:|1628341868\n|switch|p2a: Kartana|Kartana|94\/100|[from]move: Volt Switch\n|-damage|p2a: Kartana|78\/100|[from] Spikes\n|move|p1a: Chansey|Seismic Toss|p2a: Kartana\n|-damage|p2a: Kartana|39\/100\n|\n|-weather|SunnyDay|[upkeep]\n|upkeep\n|turn|64\n|\n|t:|1628341875\n|switch|p1a: Skarmory|Skarmory, M|97\/100\n|move|p2a: Kartana|Synthesis|p2a: Kartana\n|-heal|p2a: Kartana|100\/100\n|\n|-weather|none\n|upkeep\n|turn|65\n|\n|t:|1628341879\n|switch|p2a: Charizard|Charizard-Mega-Y, F|100\/100\n|-weather|SunnyDay|[from] ability: Drought|[of] p2a: Charizard\n|move|p1a: Skarmory|Spikes|p2a: Charizard\n|-sidestart|p2: gfhs|Spikes\n|\n|-weather|SunnyDay|[upkeep]\n|upkeep\n|turn|66\n|\n|t:|1628341885\n|switch|p1a: Toxapex|Toxapex, M|100\/100\n|move|p2a: Charizard|Solar Beam||[still]\n|-prepare|p2a: Charizard|Solar Beam\n|-anim|p2a: Charizard|Solar Beam|p1a: Toxapex\n|-damage|p1a: Toxapex|67\/100\n|\n|-weather|SunnyDay|[upkeep]\n|upkeep\n|turn|67\n|\n|t:|1628341896\n|move|p2a: Charizard|Focus Blast|p1a: Toxapex\n|-resisted|p1a: Toxapex\n|-damage|p1a: Toxapex|52\/100\n|move|p1a: Toxapex|Recover|p1a: Toxapex\n|-heal|p1a: Toxapex|100\/100\n|\n|-weather|SunnyDay|[upkeep]\n|upkeep\n|turn|68\n|\n|t:|1628341904\n|switch|p2a: Magearna|Magearna|1\/100\n|-damage|p2a: Magearna|0 fnt|[from] Spikes\n|faint|p2a: Magearna\n|move|p1a: Toxapex|Scald|p2: Magearna|[notarget]\n|-fail|p1a: Toxapex\n|\n|-weather|SunnyDay|[upkeep]\n|upkeep\n|j| Love sauce 1\n|\n|t:|1628341928\n|switch|p2a: Landorus|Landorus-Therian, M|64\/100 tox\n|-ability|p2a: Landorus|Intimidate|boost\n|-unboost|p1a: Toxapex|atk|1\n|turn|69\n|\n|t:|1628341932\n|switch|p1a: Skarmory|Skarmory, M|97\/100\n|move|p2a: Landorus|Earthquake|p1a: Skarmory\n|-immune|p1a: Skarmory\n|\n|-weather|none\n|-damage|p2a: Landorus|58\/100 tox|[from] psn\n|upkeep\n|turn|70\n|\n|t:|1628341945\n|switch|p2a: Kartana|Kartana|100\/100\n|-damage|p2a: Kartana|76\/100|[from] Spikes\n|switch|p1a: Sableye|Sableye-Mega, F|100\/100\n|\n|upkeep\n|turn|71\n|\n|t:|1628341949\n|switch|p2a: Charizard|Charizard-Mega-Y, F|100\/100\n|-weather|SunnyDay|[from] ability: Drought|[of] p2a: Charizard\n|move|p1a: Sableye|Protect||[still]\n|-fail|p1a: Sableye\n|\n|-weather|SunnyDay|[upkeep]\n|upkeep\n|turn|72\n|\n|t:|1628341954\n|switch|p1a: Toxapex|Toxapex, M|100\/100\n|move|p2a: Charizard|Flamethrower|p1a: Toxapex\n|-resisted|p1a: Toxapex\n|-damage|p1a: Toxapex|73\/100\n|\n|-weather|SunnyDay|[upkeep]\n|upkeep\n|turn|73\n|\n|t:|1628341960\n|move|p2a: Charizard|Solar Beam||[still]\n|-prepare|p2a: Charizard|Solar Beam\n|-anim|p2a: Charizard|Solar Beam|p1a: Toxapex\n|-damage|p1a: Toxapex|43\/100\n|move|p1a: Toxapex|Scald|p2a: Charizard\n|-supereffective|p2a: Charizard\n|-damage|p2a: Charizard|84\/100\n|\n|-weather|SunnyDay|[upkeep]\n|upkeep\n|turn|74\n|\n|t:|1628341970\n|move|p2a: Charizard|Solar Beam||[still]\n|-prepare|p2a: Charizard|Solar Beam\n|-anim|p2a: Charizard|Solar Beam|p1a: Toxapex\n|-damage|p1a: Toxapex|12\/100\n|move|p1a: Toxapex|Recover|p1a: Toxapex\n|-heal|p1a: Toxapex|63\/100\n|\n|-weather|SunnyDay|[upkeep]\n|upkeep\n|turn|75\n|j| Deer 33\n|\n|t:|1628341981\n|move|p2a: Charizard|Solar Beam||[still]\n|-prepare|p2a: Charizard|Solar Beam\n|-anim|p2a: Charizard|Solar Beam|p1a: Toxapex\n|-damage|p1a: Toxapex|29\/100\n|move|p1a: Toxapex|Scald|p2a: Charizard\n|-supereffective|p2a: Charizard\n|-damage|p2a: Charizard|68\/100\n|\n|-weather|none\n|upkeep\n|turn|76\n|\n|t:|1628341990\n|switch|p2a: Kartana|Kartana|76\/100\n|-damage|p2a: Kartana|51\/100|[from] Spikes\n|move|p1a: Toxapex|Scald|p2a: Kartana\n|-resisted|p2a: Kartana\n|-damage|p2a: Kartana|26\/100\n|-status|p2a: Kartana|brn\n|\n|-damage|p2a: Kartana|20\/100 brn|[from] brn\n|upkeep\n|turn|77\n|\n|t:|1628341998\n|switch|p1a: Skarmory|Skarmory, M|97\/100\n|move|p2a: Kartana|Synthesis|p2a: Kartana\n|-heal|p2a: Kartana|70\/100 brn\n|\n|-damage|p2a: Kartana|64\/100 brn|[from] brn\n|upkeep\n|turn|78\n|j| badwoman1\n|\n|t:|1628342006\n|move|p2a: Kartana|Defog|p1a: Skarmory\n|-unboost|p1a: Skarmory|evasion|1\n|-sideend|p2: gfhs|Spikes|[from] move: Defog|[of] p2a: Kartana\n|move|p1a: Skarmory|Spikes|p2a: Kartana\n|-sidestart|p2: gfhs|Spikes\n|\n|-damage|p2a: Kartana|58\/100 brn|[from] brn\n|upkeep\n|turn|79\n|\n|t:|1628342017\n|switch|p2a: Charizard|Charizard-Mega-Y, F|68\/100\n|-weather|SunnyDay|[from] ability: Drought|[of] p2a: Charizard\n|move|p1a: Skarmory|Spikes|p2a: Charizard\n|-sidestart|p2: gfhs|Spikes\n|\n|-weather|SunnyDay|[upkeep]\n|upkeep\n|turn|80\n|\n|t:|1628342021\n|switch|p1a: Toxapex|Toxapex, M|63\/100\n|move|p2a: Charizard|Flamethrower|p1a: Toxapex\n|-resisted|p1a: Toxapex\n|-damage|p1a: Toxapex|38\/100\n|\n|-weather|SunnyDay|[upkeep]\n|upkeep\n|turn|81\n|\n|t:|1628342034\n|switch|p1a: Chansey|Chansey, F|82\/100\n|move|p2a: Charizard|Focus Blast|p1a: Chansey\n|-supereffective|p1a: Chansey\n|-damage|p1a: Chansey|51\/100\n|\n|-weather|SunnyDay|[upkeep]\n|upkeep\n|turn|82\n|j| Gkotta\n|\n|t:|1628342044\n|switch|p2a: Landorus|Landorus-Therian, M|58\/100 tox\n|-ability|p2a: Landorus|Intimidate|boost\n|-unboost|p1a: Chansey|atk|1\n|move|p1a: Chansey|Soft-Boiled|p1a: Chansey\n|-heal|p1a: Chansey|100\/100\n|\n|-weather|SunnyDay|[upkeep]\n|-damage|p2a: Landorus|52\/100 tox|[from] psn\n|upkeep\n|turn|83\n|\n|t:|1628342049\n|move|p2a: Landorus|Stealth Rock|p1a: Chansey\n|-sidestart|p1: EEEEEvolto\u6df1\u6eba|move: Stealth Rock\n|move|p1a: Chansey|Stealth Rock|p2a: Landorus\n|-sidestart|p2: gfhs|move: Stealth Rock\n|\n|-weather|none\n|-damage|p2a: Landorus|40\/100 tox|[from] psn\n|upkeep\n|turn|84\n|\n|t:|1628342054\n|switch|p2a: Kartana|Kartana|58\/100 brn\n|-damage|p2a: Kartana|41\/100 brn|[from] Spikes\n|-damage|p2a: Kartana|35\/100 brn|[from] Stealth Rock\n|switch|p1a: Skarmory|Skarmory, M|97\/100\n|-damage|p1a: Skarmory|84\/100|[from] Stealth Rock\n|\n|-damage|p2a: Kartana|29\/100 brn|[from] brn\n|upkeep\n|turn|85\n|\n|t:|1628342058\n|move|p2a: Kartana|Defog|p1a: Skarmory\n|-unboost|p1a: Skarmory|evasion|1\n|-sideend|p1: EEEEEvolto\u6df1\u6eba|Stealth Rock|[from] move: Defog|[of] p2a: Kartana\n|-sideend|p2: gfhs|Spikes|[from] move: Defog|[of] p2a: Kartana\n|-sideend|p2: gfhs|Stealth Rock|[from] move: Defog|[of] p2a: Kartana\n|move|p1a: Skarmory|Defog|p2a: Kartana\n|-unboost|p2a: Kartana|evasion|1\n|\n|-damage|p2a: Kartana|23\/100 brn|[from] brn\n|upkeep\n|turn|86\n|\n|t:|1628342062\n|move|p2a: Kartana|Synthesis|p2a: Kartana\n|-heal|p2a: Kartana|72\/100 brn\n|move|p1a: Skarmory|Spikes|p2a: Kartana\n|-sidestart|p2: gfhs|Spikes\n|\n|-damage|p2a: Kartana|66\/100 brn|[from] brn\n|upkeep\n|turn|87\n|\n|t:|1628342068\n|switch|p1a: Gliscor|Gliscor, F|100\/100 tox\n|move|p2a: Kartana|Synthesis|p2a: Kartana\n|-heal|p2a: Kartana|100\/100 brn\n|\n|-damage|p2a: Kartana|94\/100 brn|[from] brn\n|upkeep\n|turn|88\n|\n|t:|1628342089\n|move|p2a: Kartana|Knock Off|p1a: Gliscor\n|-damage|p1a: Gliscor|84\/100 tox\n|-enditem|p1a: Gliscor|Toxic Orb|[from] move: Knock Off|[of] p2a: Kartana\n|move|p1a: Gliscor|Toxic||[still]\n|-fail|p1a: Gliscor\n|\n|-heal|p1a: Gliscor|96\/100 tox|[from] ability: Poison Heal\n|-damage|p2a: Kartana|88\/100 brn|[from] brn\n|upkeep\n|turn|89\n|\n|t:|1628342096\n|switch|p2a: Landorus|Landorus-Therian, M|40\/100 tox\n|-ability|p2a: Landorus|Intimidate|boost\n|-unboost|p1a: Gliscor|atk|1\n|move|p1a: Gliscor|Toxic|p2a: Landorus\n|-fail|p2a: Landorus|tox\n|\n|-damage|p2a: Landorus|35\/100 tox|[from] psn\n|-heal|p1a: Gliscor|100\/100 tox|[from] ability: Poison Heal\n|upkeep\n|turn|90\n|\n|t:|1628342102\n|switch|p1a: Skarmory|Skarmory, M|84\/100\n|move|p2a: Landorus|U-turn|p1a: Skarmory\n|-resisted|p1a: Skarmory\n|-damage|p1a: Skarmory|81\/100\n|l| badwoman1\n|\n|t:|1628342106\n|switch|p2a: Charizard|Charizard-Mega-Y, F|68\/100|[from]move: U-turn\n|-weather|SunnyDay|[from] ability: Drought|[of] p2a: Charizard\n|\n|-weather|SunnyDay|[upkeep]\n|upkeep\n|turn|91\n|\n|t:|1628342109\n|switch|p1a: Toxapex|Toxapex, M|72\/100\n|move|p2a: Charizard|Flamethrower|p1a: Toxapex\n|-resisted|p1a: Toxapex\n|-damage|p1a: Toxapex|45\/100\n|\n|-weather|SunnyDay|[upkeep]\n|upkeep\n|turn|92\n|\n|t:|1628342115\n|move|p2a: Charizard|Solar Beam||[still]\n|-prepare|p2a: Charizard|Solar Beam\n|-anim|p2a: Charizard|Solar Beam|p1a: Toxapex\n|-damage|p1a: Toxapex|13\/100\n|move|p1a: Toxapex|Recover|p1a: Toxapex\n|-heal|p1a: Toxapex|63\/100\n|\n|-weather|SunnyDay|[upkeep]\n|upkeep\n|turn|93\n|\n|t:|1628342121\n|switch|p1a: Chansey|Chansey, F|100\/100\n|move|p2a: Charizard|Solar Beam||[still]\n|-prepare|p2a: Charizard|Solar Beam\n|-anim|p2a: Charizard|Solar Beam|p1a: Chansey\n|-damage|p1a: Chansey|85\/100\n|\n|-weather|SunnyDay|[upkeep]\n|upkeep\n|turn|94\n|\n|t:|1628342124\n|move|p2a: Charizard|Roost|p2a: Charizard\n|-heal|p2a: Charizard|100\/100\n|-singleturn|p2a: Charizard|move: Roost\n|move|p1a: Chansey|Toxic|p2a: Charizard\n|-status|p2a: Charizard|tox\n|\n|-weather|none\n|-damage|p2a: Charizard|94\/100 tox|[from] psn\n|upkeep\n|turn|95\n|\n|t:|1628342128\n|switch|p2a: Kartana|Kartana|88\/100 brn\n|-damage|p2a: Kartana|76\/100 brn|[from] Spikes\n|move|p1a: Chansey|Stealth Rock|p2a: Kartana\n|-sidestart|p2: gfhs|move: Stealth Rock\n|\n|-damage|p2a: Kartana|70\/100 brn|[from] brn\n|upkeep\n|turn|96\n|\n|t:|1628342135\n|switch|p1a: Gliscor|Gliscor, F|100\/100 tox\n|move|p2a: Kartana|Defog|p1a: Gliscor\n|-unboost|p1a: Gliscor|evasion|1\n|-sideend|p2: gfhs|Spikes|[from] move: Defog|[of] p2a: Kartana\n|-sideend|p2: gfhs|Stealth Rock|[from] move: Defog|[of] p2a: Kartana\n|\n|-damage|p2a: Kartana|63\/100 brn|[from] brn\n|upkeep\n|turn|97\n|l| Gkotta\n|\n|t:|1628342142\n|move|p2a: Kartana|Knock Off|p1a: Gliscor\n|-damage|p1a: Gliscor|89\/100 tox\n|move|p1a: Gliscor|Earthquake|p2a: Kartana\n|-damage|p2a: Kartana|28\/100 brn\n|\n|-heal|p1a: Gliscor|100\/100 tox|[from] ability: Poison Heal\n|-damage|p2a: Kartana|21\/100 brn|[from] brn\n|upkeep\n|turn|98\n|\n|t:|1628342150\n|move|p2a: Kartana|Synthesis|p2a: Kartana\n|-heal|p2a: Kartana|71\/100 brn\n|move|p1a: Gliscor|Earthquake|p2a: Kartana\n|-damage|p2a: Kartana|39\/100 brn\n|\n|-damage|p2a: Kartana|33\/100 brn|[from] brn\n|upkeep\n|turn|99\n|\n|t:|1628342160\n|move|p2a: Kartana|Knock Off|p1a: Gliscor\n|-damage|p1a: Gliscor|89\/100 tox\n|move|p1a: Gliscor|Earthquake|p2a: Kartana\n|-damage|p2a: Kartana|2\/100 brn\n|\n|-heal|p1a: Gliscor|100\/100 tox|[from] ability: Poison Heal\n|-damage|p2a: Kartana|0 fnt|[from] brn\n|faint|p2a: Kartana\n|upkeep\n|\n|t:|1628342166\n|switch|p2a: Charizard|Charizard-Mega-Y, F|94\/100 tox\n|-weather|SunnyDay|[from] ability: Drought|[of] p2a: Charizard\n|turn|100\n|\n|t:|1628342170\n|switch|p1a: Toxapex|Toxapex, M|96\/100\n|move|p2a: Charizard|Flamethrower|p1a: Toxapex\n|-resisted|p1a: Toxapex\n|-damage|p1a: Toxapex|71\/100\n|\n|-weather|SunnyDay|[upkeep]\n|-damage|p2a: Charizard|88\/100 tox|[from] psn\n|upkeep\n|turn|101\n|\n|t:|1628342182\n|move|p2a: Charizard|Solar Beam||[still]\n|-prepare|p2a: Charizard|Solar Beam\n|-anim|p2a: Charizard|Solar Beam|p1a: Toxapex\n|-damage|p1a: Toxapex|39\/100\n|move|p1a: Toxapex|Recover|p1a: Toxapex\n|-heal|p1a: Toxapex|90\/100\n|\n|-weather|SunnyDay|[upkeep]\n|-damage|p2a: Charizard|76\/100 tox|[from] psn\n|upkeep\n|turn|102\n|\n|t:|1628342187\n|switch|p1a: Chansey|Chansey, F|85\/100\n|move|p2a: Charizard|Roost|p2a: Charizard\n|-heal|p2a: Charizard|100\/100 tox\n|-singleturn|p2a: Charizard|move: Roost\n|\n|-weather|SunnyDay|[upkeep]\n|-damage|p2a: Charizard|82\/100 tox|[from] psn\n|upkeep\n|turn|103\n|\n|t:|1628342195\n|switch|p1a: Sableye|Sableye-Mega, F|100\/100\n|move|p2a: Charizard|Flamethrower|p1a: Sableye\n|-damage|p1a: Sableye|44\/100\n|\n|-weather|SunnyDay|[upkeep]\n|-damage|p2a: Charizard|58\/100 tox|[from] psn\n|upkeep\n|turn|104\n|\n|t:|1628342202\n|switch|p1a: Chansey|Chansey, F|85\/100\n|move|p2a: Charizard|Flamethrower|p1a: Chansey\n|-damage|p1a: Chansey|60\/100\n|\n|-weather|none\n|-damage|p2a: Charizard|28\/100 tox|[from] psn\n|upkeep\n|turn|105\n|\n|t:|1628342207\n|move|p2a: Charizard|Focus Blast|p1a: Chansey\n|-supereffective|p1a: Chansey\n|-damage|p1a: Chansey|28\/100\n|move|p1a: Chansey|Stealth Rock|p2a: Charizard\n|-sidestart|p2: gfhs|move: Stealth Rock\n|\n|-damage|p2a: Charizard|0 fnt|[from] psn\n|faint|p2a: Charizard\n|upkeep\n|\n|t:|1628342209\n|switch|p2a: Landorus|Landorus-Therian, M|35\/100 tox\n|-damage|p2a: Landorus|22\/100 tox|[from] Stealth Rock\n|-ability|p2a: Landorus|Intimidate|boost\n|-unboost|p1a: Chansey|atk|1\n|turn|106\n|\n|t:|1628342213\n|switch|p1a: Skarmory|Skarmory, M|81\/100\n|move|p2a: Landorus|Earthquake|p1a: Skarmory\n|-immune|p1a: Skarmory\n|\n|-damage|p2a: Landorus|16\/100 tox|[from] psn\n|upkeep\n|turn|107\n|\n|t:|1628342216\n|move|p2a: Landorus|Earthquake|p1a: Skarmory\n|-immune|p1a: Skarmory\n|move|p1a: Skarmory|Roost|p1a: Skarmory\n|-heal|p1a: Skarmory|100\/100\n|-singleturn|p1a: Skarmory|move: Roost\n|\n|-damage|p2a: Landorus|4\/100 tox|[from] psn\n|upkeep\n|turn|108\n|\n|t:|1628342218\n|move|p2a: Landorus|Earthquake|p1a: Skarmory\n|-immune|p1a: Skarmory\n|move|p1a: Skarmory|Counter||[still]\n|-fail|p1a: Skarmory\n|\n|-damage|p2a: Landorus|0 fnt|[from] psn\n|faint|p2a: Landorus\n|\n|win|EEEEEvolto\u6df1\u6eba\n|upkeep\n|l|\u2606gfhs\n|j| Gkotta\n|j| Lightchanseyy\n|l| Renwu\n|l| Gkotta\n|l| Lightchanseyy\n|j| Gkotta\n","uploadtime":1628342249,"views":70,"p1id":"eeeeevolto","p2id":"gfhs","formatid":"gen7ou","rating":0,"private":0,"password":null}