{"id":"china-gen7ubers-353785","p1":"ATANDYUER","p2":"gostop","format":"gen7ubers","log":"|j|\u2606ATANDYUER\n|j|\u2606gostop\n|t:|1607234115\n|player|p1|ATANDYUER|lucas|\n|player|p2|gostop|gostop.gif|\n|teamsize|p1|6\n|teamsize|p2|6\n|gametype|singles\n|gen|7\n|tier|[Gen 7] Ubers\n|clearpoke\n|poke|p1|Scizor, F|item\n|poke|p1|Arceus-*|item\n|poke|p1|Giratina-Origin|item\n|poke|p1|Ho-Oh|item\n|poke|p1|Groudon|item\n|poke|p1|Marshadow|item\n|poke|p2|Groudon|item\n|poke|p2|Arceus-*|item\n|poke|p2|Marshadow|item\n|poke|p2|Xerneas|item\n|poke|p2|Lunala|item\n|poke|p2|Necrozma-Dusk-Mane|item\n|rule|Sleep Clause Mod: Limit one foe put to sleep\n|rule|Species Clause: Limit one of each Pok\u00e9mon\n|rule|OHKO Clause: OHKO moves are banned\n|rule|Moody Clause: Moody is banned\n|rule|Evasion Moves Clause: Evasion moves are banned\n|rule|Endless Battle Clause: Forcing endless battles is banned\n|rule|HP Percentage Mod: HP is shown in percentages\n|rule|Mega Rayquaza Clause: You cannot mega evolve Rayquaza\n|teampreview\n|j| Lificious\n|j|\u265aStella fans\n|\n|t:|1607234222\n|start\n|switch|p1a: Arceus|Arceus-Fairy|100\/100\n|switch|p2a: Groudon|Groudon|100\/100\n|detailschange|p2a: Groudon|Groudon-Primal\n|-primal|p2a: Groudon\n|-weather|DesolateLand|[from] ability: Desolate Land|[of] p2a: Groudon\n|turn|1\n|\n|t:|1607234261\n|move|p1a: Arceus|Toxic|p2a: Groudon\n|-status|p2a: Groudon|tox\n|move|p2a: Groudon|Stealth Rock|p1a: Arceus\n|-sidestart|p1: ATANDYUER|move: Stealth Rock\n|\n|-weather|DesolateLand|[upkeep]\n|-damage|p2a: Groudon|94\/100 tox|[from] psn\n|upkeep\n|turn|2\n|j| Slow_Dream\n|\n|t:|1607234318\n|-weather|none\n|switch|p2a: Lunala|Lunala|100\/100\n|move|p1a: Arceus|Stealth Rock|p2a: Lunala\n|-sidestart|p2: gostop|move: Stealth Rock\n|\n|upkeep\n|turn|3\n|\n|t:|1607234350\n|move|p1a: Arceus|Judgment|p2a: Lunala\n|-damage|p2a: Lunala|81\/100\n|move|p2a: Lunala|Toxic|p1a: Arceus|[miss]\n|-miss|p2a: Lunala|p1a: Arceus\n|\n|upkeep\n|turn|4\n|c|\u2606ATANDYUER|sry\n|\n|t:|1607234414\n|move|p1a: Arceus|Toxic|p2a: Lunala\n|-status|p2a: Lunala|tox\n|move|p2a: Lunala|Moongeist Beam|p1a: Arceus\n|-damage|p1a: Arceus|67\/100\n|\n|-damage|p2a: Lunala|75\/100 tox|[from] psn\n|upkeep\n|turn|5\n|\n|t:|1607234434\n|move|p1a: Arceus|Judgment|p2a: Lunala\n|-damage|p2a: Lunala|35\/100 tox\n|move|p2a: Lunala|Toxic|p1a: Arceus\n|-status|p1a: Arceus|tox\n|\n|-damage|p1a: Arceus|61\/100 tox|[from] psn\n|-damage|p2a: Lunala|23\/100 tox|[from] psn\n|upkeep\n|turn|6\n|\n|t:|1607234447\n|switch|p2a: Xerneas|Xerneas|100\/100\n|-damage|p2a: Xerneas|88\/100|[from] Stealth Rock\n|-ability|p2a: Xerneas|Fairy Aura\n|move|p1a: Arceus|Judgment|p2a: Xerneas\n|-damage|p2a: Xerneas|50\/100\n|\n|-heal|p2a: Xerneas|56\/100|[from] item: Leftovers\n|-damage|p1a: Arceus|49\/100 tox|[from] psn\n|upkeep\n|turn|7\n|\n|t:|1607234454\n|switch|p1a: Groudon|Groudon|100\/100\n|-damage|p1a: Groudon|94\/100|[from] Stealth Rock\n|detailschange|p1a: Groudon|Groudon-Primal\n|-primal|p1a: Groudon\n|-weather|DesolateLand|[from] ability: Desolate Land|[of] p1a: Groudon\n|move|p2a: Xerneas|Aromatherapy|p2a: Xerneas\n|-activate|p2a: Xerneas|move: Aromatherapy\n|-curestatus|p2: Lunala|tox|[msg]\n|-curestatus|p2: Groudon|tox|[msg]\n|\n|-weather|DesolateLand|[upkeep]\n|-heal|p2a: Xerneas|62\/100|[from] item: Leftovers\n|upkeep\n|turn|8\n|j| endless stardust\n|\n|t:|1607234509\n|move|p1a: Groudon|Precipice Blades|p2a: Xerneas\n|-damage|p2a: Xerneas|4\/100\n|move|p2a: Xerneas|Moonblast|p1a: Groudon\n|-resisted|p1a: Groudon\n|-damage|p1a: Groudon|64\/100\n|\n|-weather|DesolateLand|[upkeep]\n|-heal|p2a: Xerneas|10\/100|[from] item: Leftovers\n|upkeep\n|turn|9\n|n| burstbean|endlessstardust\n|\n|t:|1607234528\n|move|p1a: Groudon|Precipice Blades|p2a: Xerneas\n|-damage|p2a: Xerneas|0 fnt\n|faint|p2a: Xerneas\n|\n|-weather|DesolateLand|[upkeep]\n|upkeep\n|\n|t:|1607234558\n|switch|p2a: Necrozma|Necrozma-Dusk-Mane|100\/100\n|-damage|p2a: Necrozma|95\/100|[from] Stealth Rock\n|turn|10\n|\n|t:|1607234577\n|-weather|none\n|switch|p1a: Arceus|Arceus-Fairy|49\/100 tox\n|-damage|p1a: Arceus|37\/100 tox|[from] Stealth Rock\n|move|p2a: Necrozma|Photon Geyser|p1a: Arceus\n|-damage|p1a: Arceus|1\/100 tox\n|\n|-damage|p1a: Arceus|0 fnt|[from] psn\n|faint|p1a: Arceus\n|upkeep\n|\n|t:|1607234585\n|switch|p1a: Scizor|Scizor, F|100\/100\n|-damage|p1a: Scizor|88\/100|[from] Stealth Rock\n|turn|11\n|\n|t:|1607234634\n|switch|p2a: Groudon|Groudon-Primal|94\/100\n|-damage|p2a: Groudon|82\/100|[from] Stealth Rock\n|-weather|DesolateLand|[from] ability: Desolate Land|[of] p2a: Groudon\n|detailschange|p1a: Scizor|Scizor-Mega, F\n|-mega|p1a: Scizor|Scizor|Scizorite\n|move|p1a: Scizor|U-turn|p2a: Groudon\n|-resisted|p2a: Groudon\n|-damage|p2a: Groudon|72\/100\n|\n|t:|1607234646\n|switch|p1a: Giratina|Giratina-Origin|100\/100|[from]move: U-turn\n|-damage|p1a: Giratina|88\/100|[from] Stealth Rock\n|\n|-weather|DesolateLand|[upkeep]\n|upkeep\n|turn|12\n|\n|t:|1607234662\n|-weather|none\n|switch|p2a: Necrozma|Necrozma-Dusk-Mane|95\/100\n|-damage|p2a: Necrozma|89\/100|[from] Stealth Rock\n|move|p1a: Giratina|Defog|p2a: Necrozma\n|-unboost|p2a: Necrozma|evasion|1\n|-sideend|p2: gostop|Stealth Rock|[from] move: Defog|[of] p1a: Giratina\n|-sideend|p1: ATANDYUER|Stealth Rock|[from] move: Defog|[of] p1a: Giratina\n|\n|upkeep\n|turn|13\n|\n|t:|1607234707\n|move|p2a: Necrozma|Outrage|p1a: Giratina\n|-supereffective|p1a: Giratina\n|-damage|p1a: Giratina|38\/100\n|move|p1a: Giratina|Thunder Wave|p2a: Necrozma\n|-status|p2a: Necrozma|par\n|\n|upkeep\n|turn|14\n|\n|t:|1607234713\n|switch|p1a: Scizor|Scizor-Mega, F|88\/100\n|move|p2a: Necrozma|Outrage|p1a: Scizor|[from]lockedmove\n|-resisted|p1a: Scizor\n|-damage|p1a: Scizor|73\/100\n|\n|upkeep\n|turn|15\n|\n|t:|1607234720\n|move|p1a: Scizor|Roost|p1a: Scizor\n|-heal|p1a: Scizor|100\/100\n|-singleturn|p1a: Scizor|move: Roost\n|move|p2a: Necrozma|Outrage|p1a: Scizor|[from]lockedmove\n|-resisted|p1a: Scizor\n|-damage|p1a: Scizor|87\/100\n|-start|p2a: Necrozma|confusion|[fatigue]\n|\n|upkeep\n|turn|16\n|\n|t:|1607234752\n|move|p1a: Scizor|U-turn|p2a: Necrozma\n|-damage|p2a: Necrozma|60\/100 par\n|\n|t:|1607234755\n|switch|p1a: Ho-Oh|Ho-Oh|100\/100|[from]move: U-turn\n|-activate|p2a: Necrozma|confusion\n|-damage|p2a: Necrozma|47\/100 par|[from] confusion\n|\n|upkeep\n|turn|17\n|j| wuhu FLY\n|\n|t:|1607234810\n|move|p1a: Ho-Oh|Brave Bird|p2a: Necrozma\n|-resisted|p2a: Necrozma\n|-damage|p2a: Necrozma|13\/100 par\n|-damage|p1a: Ho-Oh|90\/100|[from] Recoil\n|-damage|p1a: Ho-Oh|80\/100|[from] item: Life Orb\n|-activate|p2a: Necrozma|confusion\n|move|p2a: Necrozma|Stone Edge|p1a: Ho-Oh\n|-supereffective|p1a: Ho-Oh\n|-damage|p1a: Ho-Oh|0 fnt\n|faint|p1a: Ho-Oh\n|\n|upkeep\n|\n|t:|1607234826\n|switch|p1a: Scizor|Scizor-Mega, F|87\/100\n|turn|18\n|c|\u2606ATANDYUER|\u53f0\u4e0b\u996d\u4e86\u545c\u545c\u545c\u545c\u545c\n|\n|t:|1607234838\n|move|p1a: Scizor|U-turn|p2a: Necrozma\n|-damage|p2a: Necrozma|0 fnt\n|faint|p2a: Necrozma\n|\n|t:|1607234849\n|switch|p1a: Marshadow|Marshadow|100\/100|[from]move: U-turn\n|\n|upkeep\n|c| wuhu FLY|atan good\n|c| wuhu FLY|atan no good\n|\n|t:|1607234927\n|switch|p2a: Groudon|Groudon-Primal|72\/100\n|-weather|DesolateLand|[from] ability: Desolate Land|[of] p2a: Groudon\n|turn|19\n|\n|t:|1607234948\n|-zpower|p1a: Marshadow\n|move|p1a: Marshadow|Soul-Stealing 7-Star Strike|p2a: Groudon|[zeffect]\n|-damage|p2a: Groudon|18\/100\n|move|p2a: Groudon|Overheat|p1a: Marshadow\n|-damage|p1a: Marshadow|0 fnt\n|-unboost|p2a: Groudon|spa|2\n|faint|p1a: Marshadow\n|\n|-weather|DesolateLand|[upkeep]\n|upkeep\n|j|\u265aTKYSZL\u6211\u5410\u4e86\n|\n|t:|1607234955\n|switch|p1a: Giratina|Giratina-Origin|38\/100\n|turn|20\n|l| wuhu FLY\n|j| wuhu FLY\n|\n|t:|1607235002\n|-weather|none\n|switch|p2a: Arceus|Arceus|100\/100\n|move|p1a: Giratina|Hex|p2a: Arceus\n|-immune|p2a: Arceus\n|\n|upkeep\n|turn|21\n|\n|t:|1607235011\n|switch|p1a: Scizor|Scizor-Mega, F|87\/100\n|move|p2a: Arceus|Substitute|p2a: Arceus\n|-start|p2a: Arceus|Substitute\n|-damage|p2a: Arceus|76\/100\n|\n|-heal|p2a: Arceus|82\/100|[from] item: Leftovers\n|upkeep\n|turn|22\n|\n|t:|1607235035\n|move|p2a: Arceus|Swords Dance|p2a: Arceus\n|-boost|p2a: Arceus|atk|2\n|move|p1a: Scizor|Curse|p1a: Scizor\n|-unboost|p1a: Scizor|spe|1\n|-boost|p1a: Scizor|atk|1\n|-boost|p1a: Scizor|def|1\n|\n|-heal|p2a: Arceus|88\/100|[from] item: Leftovers\n|upkeep\n|turn|23\n|\n|t:|1607235062\n|switch|p2a: Marshadow|Marshadow|100\/100\n|move|p1a: Scizor|Curse|p1a: Scizor\n|-unboost|p1a: Scizor|spe|1\n|-boost|p1a: Scizor|atk|1\n|-boost|p1a: Scizor|def|1\n|\n|upkeep\n|turn|24\n|\n|t:|1607235083\n|switch|p1a: Giratina|Giratina-Origin|38\/100\n|move|p2a: Marshadow|Spectral Thief|p1a: Giratina\n|-supereffective|p1a: Giratina\n|-damage|p1a: Giratina|0 fnt\n|-damage|p2a: Marshadow|91\/100|[from] item: Life Orb\n|faint|p1a: Giratina\n|\n|upkeep\n|\n|t:|1607235085\n|switch|p1a: Groudon|Groudon-Primal|64\/100\n|-weather|DesolateLand|[from] ability: Desolate Land|[of] p1a: Groudon\n|turn|25\n|\n|t:|1607235159\n|-weather|none\n|switch|p1a: Scizor|Scizor-Mega, F|87\/100\n|move|p2a: Marshadow|Spectral Thief|p1a: Scizor\n|-damage|p1a: Scizor|52\/100\n|-damage|p2a: Marshadow|81\/100|[from] item: Life Orb\n|\n|upkeep\n|turn|26\n|j| Metallica126\n|j| IG ShoesKing\n|\n|t:|1607235231\n|switch|p2a: Lunala|Lunala|23\/100\n|move|p1a: Scizor|Roost|p1a: Scizor\n|-heal|p1a: Scizor|100\/100\n|-singleturn|p1a: Scizor|move: Roost\n|\n|upkeep\n|turn|27\n|j| Chizuru Mizuhara\n|\n|t:|1607235240\n|-zpower|p2a: Lunala\n|move|p2a: Lunala|Menacing Moonraze Maelstrom|p1a: Scizor|[zeffect]\n|-damage|p1a: Scizor|15\/100\n|move|p1a: Scizor|Curse|p1a: Scizor\n|-unboost|p1a: Scizor|spe|1\n|-boost|p1a: Scizor|atk|1\n|-boost|p1a: Scizor|def|1\n|\n|upkeep\n|turn|28\n|l| wuhu FLY\n|\n|t:|1607235262\n|move|p1a: Scizor|Bullet Punch|p2a: Lunala\n|-damage|p2a: Lunala|0 fnt\n|faint|p2a: Lunala\n|\n|upkeep\n|j| wuhu FLY\n|l| Chizuru Mizuhara\n|\n|t:|1607235356\n|switch|p2a: Groudon|Groudon-Primal|18\/100\n|-weather|DesolateLand|[from] ability: Desolate Land|[of] p2a: Groudon\n|turn|29\n|\n|t:|1607235362\n|move|p1a: Scizor|Bullet Punch|p2a: Groudon\n|-resisted|p2a: Groudon\n|-damage|p2a: Groudon|7\/100\n|move|p2a: Groudon|Earthquake|p1a: Scizor\n|-damage|p1a: Scizor|0 fnt\n|faint|p1a: Scizor\n|\n|-weather|DesolateLand|[upkeep]\n|upkeep\n|\n|t:|1607235366\n|switch|p1a: Groudon|Groudon-Primal|64\/100\n|turn|30\n|\n|t:|1607235372\n|move|p1a: Groudon|Precipice Blades|p2a: Groudon|[miss]\n|-miss|p1a: Groudon|p2a: Groudon\n|move|p2a: Groudon|Earthquake|p1a: Groudon\n|-supereffective|p1a: Groudon\n|-damage|p1a: Groudon|0 fnt\n|faint|p1a: Groudon\n|\n|win|gostop\n|l|\u265aTKYSZL\u6211\u5410\u4e86\n|l|\u265aStella fans\n|l| IG ShoesKing\n|l| wuhu FLY\n|l| Metallica126\n|l| Lificious\n|l|\u2606ATANDYUER\n|l| Slow_Dream\n|l| burstbean\n|j| Slow_Dream\n","uploadtime":1607235459,"views":114,"p1id":"atandyuer","p2id":"gostop","formatid":"gen7ubers","rating":0,"private":0,"password":null}