{"id":"china-gen7ubers-356228","p1":"dragonitenb","p2":"gostop","format":"gen7ubers","log":"|j|\u2606dragonitenb\n|j|\u2606gostop\n|t:|1608469962\n|player|p1|dragonitenb|feida.png|\n|player|p2|gostop|gostop.gif|\n|teamsize|p1|6\n|teamsize|p2|6\n|gametype|singles\n|gen|7\n|tier|[Gen 7] Ubers\n|clearpoke\n|poke|p1|Marshadow|item\n|poke|p1|Lunala|item\n|poke|p1|Yveltal|item\n|poke|p1|Necrozma-Dusk-Mane|item\n|poke|p1|Groudon|item\n|poke|p1|Arceus-*|item\n|poke|p2|Ferrothorn, M|item\n|poke|p2|Arceus-*|item\n|poke|p2|Groudon|item\n|poke|p2|Zygarde|item\n|poke|p2|Gengar, M|item\n|poke|p2|Necrozma-Dusk-Mane|item\n|rule|Sleep Clause Mod: Limit one foe put to sleep\n|rule|Species Clause: Limit one of each Pok\u00e9mon\n|rule|OHKO Clause: OHKO moves are banned\n|rule|Moody Clause: Moody is banned\n|rule|Evasion Moves Clause: Evasion moves are banned\n|rule|Endless Battle Clause: Forcing endless battles is banned\n|rule|HP Percentage Mod: HP is shown in percentages\n|rule|Mega Rayquaza Clause: You cannot mega evolve Rayquaza\n|teampreview\n|j|\u265aThe Steel Shadow\n|\n|t:|1608470050\n|start\n|switch|p1a: Lunala|Lunala|100\/100\n|switch|p2a: Arceus|Arceus-Dark|100\/100\n|turn|1\n|\n|t:|1608470067\n|switch|p1a: Arceus|Arceus-Fairy|100\/100\n|move|p2a: Arceus|Toxic|p1a: Arceus\n|-status|p1a: Arceus|tox\n|\n|-damage|p1a: Arceus|94\/100 tox|[from] psn\n|upkeep\n|turn|2\n|\n|t:|1608470086\n|switch|p1a: Groudon|Groudon|100\/100\n|detailschange|p1a: Groudon|Groudon-Primal\n|-primal|p1a: Groudon\n|-weather|DesolateLand|[from] ability: Desolate Land|[of] p1a: Groudon\n|switch|p2a: Ferrothorn|Ferrothorn, M|100\/100\n|\n|-weather|DesolateLand|[upkeep]\n|upkeep\n|turn|3\n|\n|t:|1608470101\n|switch|p2a: Arceus|Arceus-Dark|100\/100\n|move|p1a: Groudon|Fire Punch|p2a: Arceus\n|-damage|p2a: Arceus|61\/100\n|\n|-weather|DesolateLand|[upkeep]\n|upkeep\n|turn|4\n|\n|t:|1608470108\n|move|p2a: Arceus|Stealth Rock|p1a: Groudon\n|-sidestart|p1: dragonitenb|move: Stealth Rock\n|move|p1a: Groudon|Swords Dance|p1a: Groudon\n|-boost|p1a: Groudon|atk|2\n|\n|-weather|DesolateLand|[upkeep]\n|upkeep\n|turn|5\n|j| tinsel towngirl\n|\n|t:|1608470127\n|switch|p2a: Zygarde|Zygarde|100\/100\n|move|p1a: Groudon|Precipice Blades|p2a: Zygarde|[miss]\n|-miss|p1a: Groudon|p2a: Zygarde\n|\n|-weather|DesolateLand|[upkeep]\n|upkeep\n|turn|6\n|j| rbu rbu\n|\n|t:|1608470140\n|-weather|none\n|switch|p1a: Yveltal|Yveltal|100\/100\n|-damage|p1a: Yveltal|75\/100|[from] Stealth Rock\n|-ability|p1a: Yveltal|Dark Aura\n|move|p2a: Zygarde|Glare|p1a: Yveltal\n|-status|p1a: Yveltal|par\n|\n|upkeep\n|turn|7\n|\n|t:|1608470161\n|switch|p2a: Arceus|Arceus-Dark|61\/100\n|switch|p1a: Arceus|Arceus-Fairy|94\/100 tox\n|-damage|p1a: Arceus|82\/100 tox|[from] Stealth Rock\n|\n|-damage|p1a: Arceus|76\/100 tox|[from] psn\n|upkeep\n|turn|8\n|j|&WwlWss\n|\n|t:|1608470175\n|switch|p1a: Groudon|Groudon-Primal|100\/100\n|-damage|p1a: Groudon|88\/100|[from] Stealth Rock\n|-weather|DesolateLand|[from] ability: Desolate Land|[of] p1a: Groudon\n|switch|p2a: Ferrothorn|Ferrothorn, M|100\/100\n|\n|-weather|DesolateLand|[upkeep]\n|upkeep\n|turn|9\n|\n|t:|1608470207\n|switch|p2a: Zygarde|Zygarde|100\/100\n|move|p1a: Groudon|Fire Punch|p2a: Zygarde\n|-resisted|p2a: Zygarde\n|-damage|p2a: Zygarde|79\/100\n|\n|-weather|DesolateLand|[upkeep]\n|-heal|p2a: Zygarde|85\/100|[from] item: Leftovers\n|upkeep\n|turn|10\n|j| XPSH\n|\n|t:|1608470219\n|-weather|none\n|switch|p1a: Arceus|Arceus-Fairy|76\/100 tox\n|-damage|p1a: Arceus|64\/100 tox|[from] Stealth Rock\n|move|p2a: Zygarde|Thousand Arrows|p1a: Arceus\n|-damage|p1a: Arceus|42\/100 tox\n|\n|-heal|p2a: Zygarde|91\/100|[from] item: Leftovers\n|-damage|p1a: Arceus|36\/100 tox|[from] psn\n|upkeep\n|turn|11\n|\n|t:|1608470230\n|switch|p2a: Ferrothorn|Ferrothorn, M|100\/100\n|move|p1a: Arceus|Recover|p1a: Arceus\n|-heal|p1a: Arceus|86\/100 tox\n|\n|-damage|p1a: Arceus|73\/100 tox|[from] psn\n|upkeep\n|turn|12\n|\n|t:|1608470240\n|switch|p1a: Groudon|Groudon-Primal|88\/100\n|-damage|p1a: Groudon|76\/100|[from] Stealth Rock\n|-weather|DesolateLand|[from] ability: Desolate Land|[of] p1a: Groudon\n|move|p2a: Ferrothorn|Spikes|p1a: Groudon\n|-sidestart|p1: dragonitenb|Spikes\n|\n|-weather|DesolateLand|[upkeep]\n|upkeep\n|turn|13\n|\n|t:|1608470245\n|switch|p2a: Zygarde|Zygarde|91\/100\n|move|p1a: Groudon|Swords Dance|p1a: Groudon\n|-boost|p1a: Groudon|atk|2\n|\n|-weather|DesolateLand|[upkeep]\n|-heal|p2a: Zygarde|98\/100|[from] item: Leftovers\n|upkeep\n|turn|14\n|\n|t:|1608470252\n|move|p1a: Groudon|Precipice Blades|p2a: Zygarde\n|-damage|p2a: Zygarde|7\/100\n|move|p2a: Zygarde|Glare|p1a: Groudon\n|-status|p1a: Groudon|par\n|\n|-weather|DesolateLand|[upkeep]\n|-heal|p2a: Zygarde|13\/100|[from] item: Leftovers\n|-activate|p2a: Zygarde|ability: Power Construct\n|detailschange|p2a: Zygarde|Zygarde-Complete\n|-heal|p2a: Zygarde|43\/100|[silent]\n|upkeep\n|turn|15\n|\n|t:|1608470373\n|move|p2a: Zygarde|Coil|p2a: Zygarde\n|-boost|p2a: Zygarde|atk|1\n|-boost|p2a: Zygarde|def|1\n|-boost|p2a: Zygarde|accuracy|1\n|cant|p1a: Groudon|par\n|\n|-weather|DesolateLand|[upkeep]\n|-heal|p2a: Zygarde|49\/100|[from] item: Leftovers\n|upkeep\n|turn|16\n|j| torchic#001\n|\n|t:|1608470436\n|-weather|none\n|switch|p1a: Yveltal|Yveltal|75\/100 par\n|-damage|p1a: Yveltal|50\/100 par|[from] Stealth Rock\n|-ability|p1a: Yveltal|Dark Aura\n|move|p2a: Zygarde|Thousand Arrows|p1a: Yveltal\n|-damage|p1a: Yveltal|25\/100 par\n|-start|p1a: Yveltal|Smack Down\n|\n|-heal|p2a: Zygarde|55\/100|[from] item: Leftovers\n|upkeep\n|turn|17\n|\n|t:|1608470477\n|move|p2a: Zygarde|Thousand Arrows|p1a: Yveltal\n|-damage|p1a: Yveltal|0 fnt\n|faint|p1a: Yveltal\n|\n|-heal|p2a: Zygarde|61\/100|[from] item: Leftovers\n|upkeep\n|\n|t:|1608470481\n|switch|p1a: Arceus|Arceus-Fairy|73\/100 tox\n|-damage|p1a: Arceus|61\/100 tox|[from] Stealth Rock\n|-damage|p1a: Arceus|49\/100 tox|[from] Spikes\n|turn|18\n|\n|t:|1608470494\n|switch|p2a: Ferrothorn|Ferrothorn, M|100\/100\n|move|p1a: Arceus|Recover|p1a: Arceus\n|-heal|p1a: Arceus|99\/100 tox\n|\n|-damage|p1a: Arceus|93\/100 tox|[from] psn\n|upkeep\n|turn|19\n|j| menhera chan\n|\n|t:|1608470504\n|switch|p1a: Lunala|Lunala|100\/100\n|-damage|p1a: Lunala|88\/100|[from] Spikes\n|-damage|p1a: Lunala|76\/100|[from] Stealth Rock\n|move|p2a: Ferrothorn|Leech Seed|p1a: Lunala|[miss]\n|-miss|p2a: Ferrothorn|p1a: Lunala\n|\n|upkeep\n|turn|20\n|\n|t:|1608470518\n|switch|p2a: Arceus|Arceus-Dark|61\/100\n|move|p1a: Lunala|Defog|p2a: Arceus\n|-unboost|p2a: Arceus|evasion|1\n|-sideend|p1: dragonitenb|Spikes|[from] move: Defog|[of] p1a: Lunala\n|-sideend|p1: dragonitenb|Stealth Rock|[from] move: Defog|[of] p1a: Lunala\n|\n|upkeep\n|turn|21\n|\n|t:|1608470528\n|switch|p1a: Arceus|Arceus-Fairy|93\/100 tox\n|move|p2a: Arceus|Stealth Rock|p1a: Arceus\n|-sidestart|p1: dragonitenb|move: Stealth Rock\n|\n|-damage|p1a: Arceus|87\/100 tox|[from] psn\n|upkeep\n|turn|22\n|\n|t:|1608470546\n|switch|p1a: Marshadow|Marshadow|100\/100\n|-damage|p1a: Marshadow|94\/100|[from] Stealth Rock\n|switch|p2a: Ferrothorn|Ferrothorn, M|100\/100\n|\n|upkeep\n|turn|23\n|\n|t:|1608470554\n|switch|p2a: Zygarde|Zygarde-Complete|61\/100\n|move|p1a: Marshadow|Close Combat|p2a: Zygarde\n|-damage|p2a: Zygarde|34\/100\n|-unboost|p1a: Marshadow|def|1\n|-unboost|p1a: Marshadow|spd|1\n|-damage|p1a: Marshadow|84\/100|[from] item: Life Orb\n|\n|-heal|p2a: Zygarde|40\/100|[from] item: Leftovers\n|upkeep\n|turn|24\n|\n|t:|1608470564\n|switch|p1a: Arceus|Arceus-Fairy|87\/100 tox\n|-damage|p1a: Arceus|74\/100 tox|[from] Stealth Rock\n|move|p2a: Zygarde|Thousand Arrows|p1a: Arceus\n|-damage|p1a: Arceus|52\/100 tox\n|\n|-heal|p2a: Zygarde|46\/100|[from] item: Leftovers\n|-damage|p1a: Arceus|46\/100 tox|[from] psn\n|upkeep\n|turn|25\n|\n|t:|1608470589\n|switch|p2a: Necrozma|Necrozma-Dusk-Mane|100\/100\n|move|p1a: Arceus|Recover|p1a: Arceus\n|-heal|p1a: Arceus|96\/100 tox\n|\n|-damage|p1a: Arceus|84\/100 tox|[from] psn\n|upkeep\n|turn|26\n|\n|t:|1608470602\n|switch|p1a: Lunala|Lunala|76\/100\n|-damage|p1a: Lunala|63\/100|[from] Stealth Rock\n|move|p2a: Necrozma|Earthquake|p1a: Lunala\n|-damage|p1a: Lunala|33\/100\n|\n|upkeep\n|turn|27\n|\n|t:|1608470608\n|switch|p2a: Arceus|Arceus-Dark|61\/100\n|move|p1a: Lunala|Roost|p1a: Lunala\n|-heal|p1a: Lunala|83\/100\n|-singleturn|p1a: Lunala|move: Roost\n|\n|upkeep\n|turn|28\n|\n|t:|1608470621\n|switch|p2a: Ferrothorn|Ferrothorn, M|100\/100\n|switch|p1a: Marshadow|Marshadow|84\/100\n|-damage|p1a: Marshadow|78\/100|[from] Stealth Rock\n|\n|upkeep\n|turn|29\n|\n|t:|1608470637\n|switch|p2a: Zygarde|Zygarde-Complete|46\/100\n|move|p1a: Marshadow|Close Combat|p2a: Zygarde\n|-damage|p2a: Zygarde|21\/100\n|-unboost|p1a: Marshadow|def|1\n|-unboost|p1a: Marshadow|spd|1\n|-damage|p1a: Marshadow|68\/100|[from] item: Life Orb\n|\n|-heal|p2a: Zygarde|27\/100|[from] item: Leftovers\n|upkeep\n|turn|30\n|j| HCGbr\u68a6\u4e00\u573a\n|\n|t:|1608470779\n|switch|p1a: Arceus|Arceus-Fairy|84\/100 tox\n|-damage|p1a: Arceus|72\/100 tox|[from] Stealth Rock\n|move|p2a: Zygarde|Rest|p2a: Zygarde\n|-status|p2a: Zygarde|slp|[from] move: Rest\n|-heal|p2a: Zygarde|100\/100 slp|[silent]\n|\n|-damage|p1a: Arceus|66\/100 tox|[from] psn\n|upkeep\n|turn|31\n|\n|t:|1608470801\n|switch|p2a: Gengar|Gengar, M|100\/100\n|move|p1a: Arceus|Recover|p1a: Arceus\n|-heal|p1a: Arceus|100\/100 tox\n|\n|-damage|p1a: Arceus|88\/100 tox|[from] psn\n|upkeep\n|turn|32\n|\n|t:|1608470813\n|switch|p1a: Necrozma|Necrozma-Dusk-Mane|100\/100\n|-damage|p1a: Necrozma|94\/100|[from] Stealth Rock\n|detailschange|p2a: Gengar|Gengar-Mega, M\n|-mega|p2a: Gengar|Gengar|Gengarite\n|move|p2a: Gengar|Shadow Ball|p1a: Necrozma\n|-supereffective|p1a: Necrozma\n|-damage|p1a: Necrozma|54\/100\n|\n|-heal|p1a: Necrozma|60\/100|[from] item: Leftovers\n|upkeep\n|turn|33\n|j| Wind Guardians\n|l| HCGbr\u68a6\u4e00\u573a\n|\n|t:|1608470867\n|switch|p2a: Groudon|Groudon|100\/100\n|detailschange|p2a: Groudon|Groudon-Primal\n|-primal|p2a: Groudon\n|-weather|DesolateLand|[from] ability: Desolate Land|[of] p2a: Groudon\n|move|p1a: Necrozma|Morning Sun|p1a: Necrozma\n|-heal|p1a: Necrozma|100\/100\n|\n|-weather|DesolateLand|[upkeep]\n|upkeep\n|turn|34\n|j| HCGbr\u68a6\u4e00\u573a\n|\n|t:|1608470898\n|move|p2a: Groudon|Overheat|p1a: Necrozma\n|-supereffective|p1a: Necrozma\n|-damage|p1a: Necrozma|2\/100\n|-unboost|p2a: Groudon|spa|2\n|move|p1a: Necrozma|Toxic|p2a: Groudon\n|-status|p2a: Groudon|tox\n|\n|-weather|DesolateLand|[upkeep]\n|-heal|p1a: Necrozma|8\/100|[from] item: Leftovers\n|-damage|p2a: Groudon|94\/100 tox|[from] psn\n|upkeep\n|turn|35\n|l| rbu rbu\n|\n|t:|1608470966\n|-weather|none\n|switch|p2a: Gengar|Gengar-Mega, M|100\/100\n|switch|p1a: Arceus|Arceus-Fairy|88\/100 tox\n|-damage|p1a: Arceus|76\/100 tox|[from] Stealth Rock\n|\n|-damage|p1a: Arceus|70\/100 tox|[from] psn\n|upkeep\n|turn|36\n|\n|t:|1608470972\n|move|p2a: Gengar|Sludge Wave|p1a: Arceus\n|-supereffective|p1a: Arceus\n|-damage|p1a: Arceus|0 fnt\n|faint|p1a: Arceus\n|\n|upkeep\n|\n|t:|1608470975\n|switch|p1a: Marshadow|Marshadow|68\/100\n|-damage|p1a: Marshadow|62\/100|[from] Stealth Rock\n|turn|37\n|j| chizuru mizuhara\n|l| HCGbr\u68a6\u4e00\u573a\n|\n|t:|1608471041\n|switch|p2a: Ferrothorn|Ferrothorn, M|100\/100\n|switch|p1a: Groudon|Groudon-Primal|76\/100 par\n|-damage|p1a: Groudon|63\/100 par|[from] Stealth Rock\n|-weather|DesolateLand|[from] ability: Desolate Land|[of] p1a: Groudon\n|\n|-weather|DesolateLand|[upkeep]\n|upkeep\n|turn|38\n|j| HCGbr\u68a6\u4e00\u573a\n|\n|t:|1608471091\n|switch|p2a: Zygarde|Zygarde-Complete|100\/100 slp\n|move|p1a: Groudon|Swords Dance|p1a: Groudon\n|-boost|p1a: Groudon|atk|2\n|\n|-weather|DesolateLand|[upkeep]\n|upkeep\n|turn|39\n|\n|t:|1608471161\n|switch|p2a: Ferrothorn|Ferrothorn, M|100\/100\n|cant|p1a: Groudon|par\n|\n|-weather|DesolateLand|[upkeep]\n|upkeep\n|turn|40\n|\n|t:|1608471183\n|move|p1a: Groudon|Fire Punch|p2a: Ferrothorn\n|-supereffective|p2a: Ferrothorn\n|-damage|p2a: Ferrothorn|0 fnt\n|-damage|p1a: Groudon|51\/100 par|[from] ability: Iron Barbs|[of] p2a: Ferrothorn\n|faint|p2a: Ferrothorn\n|\n|-weather|DesolateLand|[upkeep]\n|upkeep\n|\n|t:|1608471237\n|switch|p2a: Necrozma|Necrozma-Dusk-Mane|100\/100\n|turn|41\n|j| banbanshirbq\n|\n|t:|1608471259\n|-weather|none\n|switch|p1a: Necrozma|Necrozma-Dusk-Mane|8\/100\n|-damage|p1a: Necrozma|2\/100|[from] Stealth Rock\n|detailschange|p2a: Necrozma|Necrozma-Ultra\n|-burst|p2a: Necrozma|Necrozma|Ultranecrozium Z\n|move|p2a: Necrozma|Earthquake|p1a: Necrozma\n|-supereffective|p1a: Necrozma\n|-damage|p1a: Necrozma|0 fnt\n|faint|p1a: Necrozma\n|\n|upkeep\n|\n|t:|1608471265\n|switch|p1a: Lunala|Lunala|83\/100\n|-damage|p1a: Lunala|70\/100|[from] Stealth Rock\n|turn|42\n|\n|t:|1608471303\n|-zpower|p2a: Necrozma\n|move|p2a: Necrozma|Light That Burns the Sky|p1a: Lunala|[zeffect]\n|-resisted|p1a: Lunala\n|-damage|p1a: Lunala|24\/100\n|move|p1a: Lunala|Toxic|p2a: Necrozma\n|-status|p2a: Necrozma|tox\n|\n|-damage|p2a: Necrozma|95\/100 tox|[from] psn\n|upkeep\n|turn|43\n|j| bilinear\n|\n|t:|1608471331\n|move|p2a: Necrozma|Outrage|p1a: Lunala\n|-damage|p1a: Lunala|0 fnt\n|faint|p1a: Lunala\n|\n|-damage|p2a: Necrozma|83\/100 tox|[from] psn\n|upkeep\n|\n|t:|1608471334\n|switch|p1a: Marshadow|Marshadow|62\/100\n|-damage|p1a: Marshadow|56\/100|[from] Stealth Rock\n|turn|44\n|\n|t:|1608471337\n|move|p1a: Marshadow|Shadow Sneak|p2a: Necrozma\n|-supereffective|p2a: Necrozma\n|-damage|p2a: Necrozma|1\/100 tox\n|-damage|p1a: Marshadow|46\/100|[from] item: Life Orb\n|move|p2a: Necrozma|Outrage|p1a: Marshadow|[from]lockedmove\n|-damage|p1a: Marshadow|0 fnt\n|faint|p1a: Marshadow\n|\n|-damage|p2a: Necrozma|0 fnt|[from] psn\n|faint|p2a: Necrozma\n|upkeep\n|l| HCGbr\u68a6\u4e00\u573a\n|j| jaqwsedrftg\n|\n|t:|1608471356\n|switch|p2a: Groudon|Groudon-Primal|94\/100 tox\n|switch|p1a: Groudon|Groudon-Primal|51\/100 par\n|-weather|DesolateLand|[from] ability: Desolate Land|[of] p2a: Groudon\n|-damage|p1a: Groudon|38\/100 par|[from] Stealth Rock\n|turn|45\n|\n|t:|1608471359\n|move|p2a: Groudon|Earthquake|p1a: Groudon\n|-supereffective|p1a: Groudon\n|-damage|p1a: Groudon|0 fnt\n|faint|p1a: Groudon\n|\n|win|gostop\n|l| banbanshirbq\n|l| menhera chan\n|l|\u265aThe Steel Shadow\n|l| chizuru mizuhara\n","uploadtime":1608471425,"views":76,"p1id":"dragonitenb","p2id":"gostop","formatid":"gen7ubers","rating":0,"private":0,"password":null}