{"id":"china-gen6ou-5324271","p1":"AlIoutdragadarts","p2":"wdzkz","format":"gen6ou","log":"|uhtml|report-battle|<b>\u5c06\u5bf9\u6218\u94fe\u63a5\u516c\u5f00\u5230:<\/b> <button class=\"button\" name=\"send\" value=\"\/reportto skypillar\">Sky Pillar<\/button><button class=\"button\" name=\"send\" value=\"\/reportto shinx\">Shinx<\/button>\n|j|\u2606AlIoutdragadarts\n|j|\u2606wdzkz\n|inactive|Battle timer is ON: inactive players will automatically lose when time's up.\n|t:|1661603579\n|gametype|singles\n|player|p1|AlIoutdragadarts|acerola-masters|\n|player|p2|wdzkz|nate|\n|teamsize|p1|6\n|teamsize|p2|6\n|gen|6\n|tier|[Gen 6] OU\n|rated|Tournament battle\n|rule|Sleep Clause Mod: Limit one foe put to sleep\n|rule|Species Clause: Limit one of each Pok\u00e9mon\n|rule|OHKO Clause: OHKO moves are banned\n|rule|Moody Clause: Moody is banned\n|rule|Evasion Items Clause: Evasion items are banned\n|rule|Evasion Moves Clause: Evasion moves are banned\n|rule|Endless Battle Clause: Forcing endless battles is banned\n|rule|HP Percentage Mod: HP is shown in percentages\n|rule|Swagger Clause: Swagger is banned\n|clearpoke\n|poke|p1|Lopunny, M|item\n|poke|p1|Clefable, F|item\n|poke|p1|Gliscor, M|item\n|poke|p1|Heatran, M|item\n|poke|p1|Slowbro, M|item\n|poke|p1|Ferrothorn, M|item\n|poke|p2|Shuckle, F|item\n|poke|p2|Manaphy|item\n|poke|p2|Bisharp, M|item\n|poke|p2|Hoopa|item\n|poke|p2|Gyarados, F|item\n|poke|p2|Serperior, M|item\n|teampreview\n|j| Gray Phantam\n|\n|t:|1661603589\n|start\n|switch|p1a: Heatran|Heatran, M, shiny|100\/100\n|switch|p2a: Shuckle|Shuckle, F|100\/100\n|turn|1\n|\n|t:|1661603596\n|move|p1a: Heatran|Stealth Rock|p2a: Shuckle\n|-sidestart|p2: wdzkz|move: Stealth Rock\n|move|p2a: Shuckle|Sticky Web|p1a: Heatran\n|-sidestart|p1: AlIoutdragadarts|move: Sticky Web\n|\n|upkeep\n|turn|2\n|\n|t:|1661603601\n|switch|p1a: Ferrothorn|Ferrothorn, M, shiny|100\/100\n|-activate|p1a: Ferrothorn|move: Sticky Web\n|-unboost|p1a: Ferrothorn|spe|1\n|move|p2a: Shuckle|Stealth Rock|p1a: Ferrothorn\n|-sidestart|p1: AlIoutdragadarts|move: Stealth Rock\n|\n|upkeep\n|turn|3\n|\n|t:|1661603607\n|move|p1a: Ferrothorn|Spikes|p2a: Shuckle\n|-sidestart|p2: wdzkz|Spikes\n|move|p2a: Shuckle|Final Gambit|p1a: Ferrothorn\n|-damage|p1a: Ferrothorn|31\/100\n|faint|p2a: Shuckle\n|\n|-heal|p1a: Ferrothorn|37\/100|[from] item: Leftovers\n|upkeep\n|\n|t:|1661603617\n|switch|p2a: Serperior|Serperior, M|100\/100\n|-damage|p2a: Serperior|88\/100|[from] Stealth Rock\n|-damage|p2a: Serperior|76\/100|[from] Spikes\n|turn|4\n|\n|t:|1661603621\n|switch|p1a: Heatran|Heatran, M, shiny|100\/100\n|-activate|p1a: Heatran|move: Sticky Web\n|-unboost|p1a: Heatran|spe|1\n|-damage|p1a: Heatran|88\/100|[from] Stealth Rock\n|move|p2a: Serperior|Glare|p1a: Heatran\n|-status|p1a: Heatran|par\n|\n|-heal|p1a: Heatran|94\/100 par|[from] item: Leftovers\n|upkeep\n|turn|5\n|\n|t:|1661603627\n|switch|p2a: Manaphy|Manaphy|100\/100\n|-damage|p2a: Manaphy|88\/100|[from] Stealth Rock\n|-damage|p2a: Manaphy|76\/100|[from] Spikes\n|move|p1a: Heatran|Toxic|p2a: Manaphy\n|-status|p2a: Manaphy|tox\n|\n|-heal|p2a: Manaphy|82\/100 tox|[from] item: Leftovers\n|-heal|p1a: Heatran|100\/100 par|[from] item: Leftovers\n|-damage|p2a: Manaphy|76\/100 tox|[from] psn\n|upkeep\n|turn|6\n|j| b\u51b0\u8451Bing_Feng\n|\n|t:|1661603639\n|move|p2a: Manaphy|Tail Glow|p2a: Manaphy\n|-boost|p2a: Manaphy|spa|3\n|move|p1a: Heatran|Roar|p2a: Manaphy\n|drag|p2a: Hoopa|Hoopa|100\/100\n|-damage|p2a: Hoopa|88\/100|[from] Stealth Rock\n|-damage|p2a: Hoopa|76\/100|[from] Spikes\n|\n|upkeep\n|turn|7\n|\n|t:|1661603650\n|switch|p1a: Gliscor|Gliscor, M, shiny|100\/100\n|-damage|p1a: Gliscor|88\/100|[from] Stealth Rock\n|move|p2a: Hoopa|Trick|p1a: Gliscor\n|-activate|p2a: Hoopa|move: Trick|[of] p1a: Gliscor\n|-item|p1a: Gliscor|Choice Scarf|[from] move: Trick\n|-item|p2a: Hoopa|Toxic Orb|[from] move: Trick\n|\n|-status|p2a: Hoopa|tox|[from] item: Toxic Orb\n|upkeep\n|turn|8\n|\n|t:|1661603661\n|switch|p1a: Clefable|Clefable, F, shiny|100\/100\n|-activate|p1a: Clefable|move: Sticky Web\n|-unboost|p1a: Clefable|spe|1\n|switch|p2a: Serperior|Serperior, M|76\/100\n|-damage|p2a: Serperior|63\/100|[from] Stealth Rock\n|-damage|p2a: Serperior|51\/100|[from] Spikes\n|\n|upkeep\n|turn|9\n|\n|t:|1661603667\n|move|p2a: Serperior|Glare|p1a: Clefable\n|-status|p1a: Clefable|par\n|cant|p1a: Clefable|par\n|\n|upkeep\n|turn|10\n|\n|t:|1661603673\n|switch|p1a: Heatran|Heatran, M, shiny|100\/100 par\n|-activate|p1a: Heatran|move: Sticky Web\n|-unboost|p1a: Heatran|spe|1\n|-damage|p1a: Heatran|88\/100 par|[from] Stealth Rock\n|move|p2a: Serperior|Light Screen|p2a: Serperior\n|-sidestart|p2: wdzkz|move: Light Screen\n|\n|-heal|p1a: Heatran|94\/100 par|[from] item: Leftovers\n|upkeep\n|turn|11\n|\n|t:|1661603696\n|switch|p2a: Hoopa|Hoopa|76\/100 tox\n|-damage|p2a: Hoopa|64\/100 tox|[from] Stealth Rock\n|-damage|p2a: Hoopa|51\/100 tox|[from] Spikes\n|move|p1a: Heatran|Toxic|p2a: Hoopa\n|-fail|p2a: Hoopa|tox\n|\n|-heal|p1a: Heatran|100\/100 par|[from] item: Leftovers\n|-damage|p2a: Hoopa|45\/100 tox|[from] psn\n|upkeep\n|turn|12\n|\n|t:|1661603704\n|switch|p1a: Clefable|Clefable, F, shiny|100\/100 par\n|-activate|p1a: Clefable|move: Sticky Web\n|-unboost|p1a: Clefable|spe|1\n|move|p2a: Hoopa|Focus Blast|p1a: Clefable\n|-resisted|p1a: Clefable\n|-damage|p1a: Clefable|79\/100 par\n|\n|-damage|p2a: Hoopa|33\/100 tox|[from] psn\n|upkeep\n|turn|13\n|\n|t:|1661603709\n|move|p2a: Hoopa|Shadow Ball|p1a: Clefable\n|-damage|p1a: Clefable|34\/100 par\n|move|p1a: Clefable|Soft-Boiled|p1a: Clefable\n|-heal|p1a: Clefable|84\/100 par\n|\n|-damage|p2a: Hoopa|15\/100 tox|[from] psn\n|upkeep\n|turn|14\n|\n|t:|1661603714\n|move|p2a: Hoopa|Psyshock|p1a: Clefable\n|-crit|p1a: Clefable\n|-damage|p1a: Clefable|25\/100 par\n|move|p1a: Clefable|Soft-Boiled|p1a: Clefable\n|-heal|p1a: Clefable|75\/100 par\n|\n|-damage|p2a: Hoopa|0 fnt|[from] psn\n|faint|p2a: Hoopa\n|upkeep\n|\n|t:|1661603718\n|switch|p2a: Bisharp|Bisharp, M|100\/100\n|-damage|p2a: Bisharp|95\/100|[from] Stealth Rock\n|-damage|p2a: Bisharp|82\/100|[from] Spikes\n|turn|15\n|j| igiegie\n|\n|t:|1661603723\n|switch|p1a: Ferrothorn|Ferrothorn, M, shiny|37\/100\n|-activate|p1a: Ferrothorn|move: Sticky Web\n|-unboost|p1a: Ferrothorn|spe|1\n|-damage|p1a: Ferrothorn|31\/100|[from] Stealth Rock\n|move|p2a: Bisharp|Iron Head|p1a: Ferrothorn\n|-resisted|p1a: Ferrothorn\n|-damage|p1a: Ferrothorn|18\/100\n|-damage|p2a: Bisharp|70\/100|[from] ability: Iron Barbs|[of] p1a: Ferrothorn\n|\n|-heal|p1a: Ferrothorn|24\/100|[from] item: Leftovers\n|upkeep\n|turn|16\n|\n|t:|1661603727\n|move|p2a: Bisharp|Knock Off|p1a: Ferrothorn\n|-damage|p1a: Ferrothorn|0 fnt\n|-damage|p2a: Bisharp|58\/100|[from] ability: Iron Barbs|[of] p1a: Ferrothorn\n|-enditem|p1a: Ferrothorn|Leftovers|[from] move: Knock Off|[of] p2a: Bisharp\n|faint|p1a: Ferrothorn\n|\n|upkeep\n|\n|t:|1661603729\n|switch|p1a: Lopunny|Lopunny, M, shiny|100\/100\n|-activate|p1a: Lopunny|move: Sticky Web\n|-unboost|p1a: Lopunny|spe|1\n|-damage|p1a: Lopunny|88\/100|[from] Stealth Rock\n|turn|17\n|inactive|wdzkz has 120 seconds left.\n|\n|t:|1661603759\n|detailschange|p1a: Lopunny|Lopunny-Mega, M, shiny\n|-mega|p1a: Lopunny|Lopunny|Lopunnite\n|move|p1a: Lopunny|Fake Out|p2a: Bisharp\n|-resisted|p2a: Bisharp\n|-damage|p2a: Bisharp|44\/100\n|cant|p2a: Bisharp|flinch\n|\n|-sideend|p2: wdzkz|move: Light Screen\n|upkeep\n|turn|18\n|\n|t:|1661603769\n|move|p1a: Lopunny|High Jump Kick|p2a: Bisharp\n|-supereffective|p2a: Bisharp\n|-damage|p2a: Bisharp|0 fnt\n|faint|p2a: Bisharp\n|\n|upkeep\n|\n|t:|1661603775\n|switch|p2a: Manaphy|Manaphy|76\/100 tox\n|-damage|p2a: Manaphy|64\/100 tox|[from] Stealth Rock\n|-damage|p2a: Manaphy|51\/100 tox|[from] Spikes\n|turn|19\n|\n|t:|1661603781\n|switch|p1a: Slowbro|Slowbro, M, shiny|100\/100\n|-activate|p1a: Slowbro|move: Sticky Web\n|-unboost|p1a: Slowbro|spe|1\n|-damage|p1a: Slowbro|88\/100|[from] Stealth Rock\n|move|p2a: Manaphy|Tail Glow|p2a: Manaphy\n|-boost|p2a: Manaphy|spa|3\n|\n|-heal|p2a: Manaphy|57\/100 tox|[from] item: Leftovers\n|-heal|p1a: Slowbro|94\/100|[from] item: Leftovers\n|-damage|p2a: Manaphy|51\/100 tox|[from] psn\n|upkeep\n|turn|20\n|\n|t:|1661603804\n|switch|p1a: Heatran|Heatran, M, shiny|100\/100 par\n|-activate|p1a: Heatran|move: Sticky Web\n|-unboost|p1a: Heatran|spe|1\n|-damage|p1a: Heatran|88\/100 par|[from] Stealth Rock\n|move|p2a: Manaphy|Energy Ball|p1a: Heatran\n|-resisted|p1a: Heatran\n|-damage|p1a: Heatran|78\/100 par\n|\n|-heal|p2a: Manaphy|57\/100 tox|[from] item: Leftovers\n|-heal|p1a: Heatran|84\/100 par|[from] item: Leftovers\n|-damage|p2a: Manaphy|46\/100 tox|[from] psn\n|upkeep\n|turn|21\n|inactive|AlIoutdragadarts has 120 seconds left.\n|\n|t:|1661603832\n|move|p2a: Manaphy|Energy Ball|p1a: Heatran\n|-resisted|p1a: Heatran\n|-damage|p1a: Heatran|74\/100 par\n|move|p1a: Heatran|Roar|p2a: Manaphy\n|drag|p2a: Serperior|Serperior, M|51\/100\n|-damage|p2a: Serperior|38\/100|[from] Stealth Rock\n|-damage|p2a: Serperior|26\/100|[from] Spikes\n|\n|-heal|p1a: Heatran|81\/100 par|[from] item: Leftovers\n|upkeep\n|turn|22\n|inactive|AlIoutdragadarts has 120 seconds left.\n|\n|t:|1661603840\n|move|p2a: Serperior|Light Screen|p2a: Serperior\n|-sidestart|p2: wdzkz|move: Light Screen\n|cant|p1a: Heatran|par\n|\n|-heal|p1a: Heatran|87\/100 par|[from] item: Leftovers\n|upkeep\n|turn|23\n|\n|t:|1661603845\n|move|p2a: Serperior|Reflect|p2a: Serperior\n|-sidestart|p2: wdzkz|Reflect\n|move|p1a: Heatran|Toxic|p2a: Serperior\n|-status|p2a: Serperior|tox\n|\n|-heal|p1a: Heatran|93\/100 par|[from] item: Leftovers\n|-damage|p2a: Serperior|19\/100 tox|[from] psn\n|upkeep\n|turn|24\n|\n|t:|1661603854\n|move|p2a: Serperior|Leaf Storm|p1a: Heatran\n|-resisted|p1a: Heatran\n|-damage|p1a: Heatran|88\/100 par\n|-boost|p2a: Serperior|spa|2\n|move|p1a: Heatran|Toxic|p2a: Serperior\n|-fail|p2a: Serperior|tox\n|\n|-heal|p1a: Heatran|94\/100 par|[from] item: Leftovers\n|-damage|p2a: Serperior|7\/100 tox|[from] psn\n|upkeep\n|turn|25\n|\n|t:|1661603859\n|move|p2a: Serperior|Glare|p1a: Heatran\n|-fail|p1a: Heatran|par\n|cant|p1a: Heatran|par\n|\n|-heal|p1a: Heatran|99\/100 par|[from] item: Leftovers\n|-damage|p2a: Serperior|0 fnt|[from] psn\n|faint|p2a: Serperior\n|upkeep\n|\n|t:|1661603863\n|switch|p2a: Gyarados|Gyarados, F|100\/100\n|-damage|p2a: Gyarados|76\/100|[from] Stealth Rock\n|-ability|p2a: Gyarados|Intimidate|boost\n|-unboost|p1a: Heatran|atk|1\n|turn|26\n|\n|t:|1661603866\n|move|p2a: Gyarados|Taunt|p1a: Heatran\n|-start|p1a: Heatran|move: Taunt\n|cant|p1a: Heatran|move: Taunt|Roar\n|\n|-heal|p1a: Heatran|100\/100 par|[from] item: Leftovers\n|upkeep\n|turn|27\n|\n|t:|1661603883\n|switch|p1a: Lopunny|Lopunny-Mega, M, shiny|88\/100\n|-activate|p1a: Lopunny|move: Sticky Web\n|-unboost|p1a: Lopunny|spe|1\n|-damage|p1a: Lopunny|82\/100|[from] Stealth Rock\n|move|p2a: Gyarados|Dragon Dance|p2a: Gyarados\n|-boost|p2a: Gyarados|atk|1\n|-boost|p2a: Gyarados|spe|1\n|\n|upkeep\n|turn|28\n|\n|t:|1661603891\n|move|p1a: Lopunny|Fake Out|p2a: Gyarados\n|-damage|p2a: Gyarados|63\/100\n|cant|p2a: Gyarados|flinch\n|\n|upkeep\n|turn|29\n|\n|t:|1661603896\n|switch|p1a: Gliscor|Gliscor, M, shiny|88\/100\n|-damage|p1a: Gliscor|76\/100|[from] Stealth Rock\n|move|p2a: Gyarados|Waterfall|p1a: Gliscor\n|-supereffective|p1a: Gliscor\n|-damage|p1a: Gliscor|0 fnt\n|faint|p1a: Gliscor\n|\n|-sideend|p2: wdzkz|move: Light Screen\n|upkeep\n|\n|t:|1661603912\n|switch|p1a: Slowbro|Slowbro, M, shiny|100\/100\n|-activate|p1a: Slowbro|move: Sticky Web\n|-unboost|p1a: Slowbro|spe|1\n|-damage|p1a: Slowbro|88\/100|[from] Stealth Rock\n|turn|30\n|\n|t:|1661603918\n|detailschange|p2a: Gyarados|Gyarados-Mega, F\n|-mega|p2a: Gyarados|Gyarados|Gyaradosite\n|-ability|p2a: Gyarados|Mold Breaker\n|move|p2a: Gyarados|Taunt|p1a: Slowbro\n|-start|p1a: Slowbro|move: Taunt\n|move|p1a: Slowbro|Scald|p2a: Gyarados\n|-resisted|p2a: Gyarados\n|-damage|p2a: Gyarados|52\/100\n|-status|p2a: Gyarados|brn\n|\n|-heal|p1a: Slowbro|94\/100|[from] item: Leftovers\n|-damage|p2a: Gyarados|40\/100 brn|[from] brn\n|-sideend|p2: wdzkz|Reflect\n|upkeep\n|turn|31\n|\n|t:|1661603926\n|switch|p1a: Heatran|Heatran, M, shiny|100\/100 par\n|-activate|p1a: Heatran|move: Sticky Web\n|-unboost|p1a: Heatran|spe|1\n|-damage|p1a: Heatran|88\/100 par|[from] Stealth Rock\n|move|p2a: Gyarados|Crunch|p1a: Heatran\n|-damage|p1a: Heatran|56\/100 par\n|-unboost|p1a: Heatran|def|1\n|\n|-heal|p1a: Heatran|62\/100 par|[from] item: Leftovers\n|-damage|p2a: Gyarados|28\/100 brn|[from] brn\n|upkeep\n|turn|32\n|j| xxinxin\n|l| xxinxin\n|l| igiegie\n|inactive|AlIoutdragadarts has 120 seconds left.\n|\n|t:|1661603956\n|move|p2a: Gyarados|Crunch|p1a: Heatran\n|-damage|p1a: Heatran|9\/100 par\n|-unboost|p1a: Heatran|def|1\n|cant|p1a: Heatran|par\n|\n|-heal|p1a: Heatran|15\/100 par|[from] item: Leftovers\n|-damage|p2a: Gyarados|16\/100 brn|[from] brn\n|upkeep\n|turn|33\n|\n|t:|1661603960\n|move|p2a: Gyarados|Waterfall|p1a: Heatran\n|-supereffective|p1a: Heatran\n|-damage|p1a: Heatran|0 fnt\n|faint|p1a: Heatran\n|\n|-damage|p2a: Gyarados|3\/100 brn|[from] brn\n|upkeep\n|\n|t:|1661603965\n|switch|p1a: Slowbro|Slowbro, M, shiny|100\/100\n|-activate|p1a: Slowbro|move: Sticky Web\n|-unboost|p1a: Slowbro|spe|1\n|-damage|p1a: Slowbro|88\/100|[from] Stealth Rock\n|turn|34\n|\n|t:|1661603967\n|move|p2a: Gyarados|Crunch|p1a: Slowbro\n|-supereffective|p1a: Slowbro\n|-damage|p1a: Slowbro|41\/100\n|move|p1a: Slowbro|Slack Off|p1a: Slowbro\n|-heal|p1a: Slowbro|91\/100\n|\n|-heal|p1a: Slowbro|97\/100|[from] item: Leftovers\n|-damage|p2a: Gyarados|0 fnt|[from] brn\n|faint|p2a: Gyarados\n|upkeep\n|\n|t:|1661603970\n|switch|p2a: Manaphy|Manaphy|46\/100 tox\n|-damage|p2a: Manaphy|33\/100 tox|[from] Stealth Rock\n|-damage|p2a: Manaphy|21\/100 tox|[from] Spikes\n|turn|35\n|\n|t:|1661603975\n|move|p2a: Manaphy|Energy Ball|p1a: Slowbro\n|-supereffective|p1a: Slowbro\n|-damage|p1a: Slowbro|45\/100\n|move|p1a: Slowbro|Scald|p2a: Manaphy\n|-resisted|p2a: Manaphy\n|-crit|p2a: Manaphy\n|-damage|p2a: Manaphy|1\/100 tox\n|\n|-heal|p2a: Manaphy|7\/100 tox|[from] item: Leftovers\n|-heal|p1a: Slowbro|51\/100|[from] item: Leftovers\n|-damage|p2a: Manaphy|1\/100 tox|[from] psn\n|upkeep\n|turn|36\n|\n|t:|1661603980\n|move|p2a: Manaphy|Scald|p1a: Slowbro\n|-resisted|p1a: Slowbro\n|-damage|p1a: Slowbro|33\/100\n|move|p1a: Slowbro|Scald|p2a: Manaphy\n|-resisted|p2a: Manaphy\n|-damage|p2a: Manaphy|0 fnt\n|faint|p2a: Manaphy\n|\n|win|AlIoutdragadarts\n|n|\u2606AlIoutdragadarts|alioutdragadarts\n|n|\u2606wdzkz|wdzkz\n|n| Gray Phantam|grayphantam\n|n| b\u51b0\u8451Bing_Feng|bbingfeng\n","uploadtime":1661603982,"views":6,"p1id":"alioutdragadarts","p2id":"wdzkz","formatid":"gen6ou","rating":0,"private":0,"password":null}