{"id":"china-gen3uu-4706079","p1":"Gkotta","p2":"gostop","format":"gen3uu","log":"|j|\u2606Gkotta\n|j|\u2606gostop\n|t:|1653564759\n|gametype|singles\n|player|p1|Gkotta|gkotta.png|\n|player|p2|gostop|cdl2022miragephantom.png|\n|teamsize|p1|6\n|teamsize|p2|6\n|gen|3\n|tier|[Gen 3] UU\n|rule|Sleep Clause Mod: Limit one foe put to sleep\n|rule|Switch Priority Clause Mod: Faster Pok\u00e9mon switch first\n|rule|Species Clause: Limit one of each Pok\u00e9mon\n|rule|OHKO Clause: OHKO moves are banned\n|rule|Evasion Moves Clause: Evasion moves are banned\n|rule|Endless Battle Clause: Forcing endless battles is banned\n|rule|HP Percentage Mod: HP is shown in percentages\n|\n|t:|1653564759\n|start\n|switch|p1a: Grumpig|Grumpig, F|100\/100\n|switch|p2a: Ampharos|Ampharos, M|100\/100\n|turn|1\n|c|\u2606Gkotta|\u6211\u597d\u50cf\u9501\u95e8\u4e86\n|c|\u2606Gkotta|\u600e\u4e48\u5f00\u95e8\u6765\u7740\n|c|\u2606gostop|\/\/publicroom\n|c|\u2606Gkotta|\/log Gkotta made this room public.\n|j|\u265aMetallica126\n|j| UU12A Drexel\n|j|%yoppie\n|\n|t:|1653564930\n|switch|p2a: Scyther|Scyther, M|100\/100\n|move|p1a: Grumpig|Psychic|p2a: Scyther\n|-damage|p2a: Scyther|47\/100\n|\n|upkeep\n|turn|2\n|\n|t:|1653564936\n|switch|p1a: Walrein|Walrein, M|100\/100\n|move|p2a: Scyther|Hidden Power|p1a: Walrein\n|-damage|p1a: Walrein|66\/100\n|\n|-heal|p1a: Walrein|72\/100|[from] item: Leftovers\n|upkeep\n|turn|3\n|j|+XPSH\n|j| Meltryllis Yang\n|c|+XPSH|UUPL\u5417\n|c|+XPSH|\u5f00\u4e2atimer\n|j|%dragonitenb\n|inactive|Battle timer is ON: inactive players will automatically lose when time's up. (requested by Gkotta)\n|j| xiao kh\n|j|\u265aSeaRabbit\n|c|\u2606Gkotta|\u597d\n|j| over mountains\n|\n|t:|1653564981\n|switch|p2a: Ampharos|Ampharos, M|100\/100\n|move|p1a: Walrein|Ice Beam|p2a: Ampharos\n|-damage|p2a: Ampharos|62\/100\n|\n|-heal|p2a: Ampharos|69\/100|[from] item: Leftovers\n|-heal|p1a: Walrein|78\/100|[from] item: Leftovers\n|upkeep\n|turn|4\n|\n|t:|1653564990\n|switch|p1a: Kangaskhan|Kangaskhan, F|100\/100\n|move|p2a: Ampharos|Thunderbolt|p1a: Kangaskhan\n|-damage|p1a: Kangaskhan|58\/100\n|\n|-heal|p1a: Kangaskhan|64\/100|[from] item: Leftovers\n|-heal|p2a: Ampharos|75\/100|[from] item: Leftovers\n|upkeep\n|turn|5\n|j|\u265aJqlove\n|inactive|gostop has 270 seconds left.\n|j| ULT9NS sharay\n|\n|t:|1653565047\n|move|p1a: Kangaskhan|Body Slam|p2a: Ampharos\n|-damage|p2a: Ampharos|32\/100\n|move|p2a: Ampharos|Counter|p1a: Kangaskhan\n|-damage|p1a: Kangaskhan|0 fnt\n|faint|p1a: Kangaskhan\n|\n|t:|1653565062\n|switch|p1a: Grumpig|Grumpig, F|100\/100\n|\n|-heal|p2a: Ampharos|38\/100|[from] item: Leftovers\n|upkeep\n|turn|6\n|j| ok sir\n|inactive|gostop has 240 seconds left.\n|\n|t:|1653565093\n|switch|p2a: Solrock|Solrock|100\/100\n|move|p1a: Grumpig|Psychic|p2a: Solrock\n|-resisted|p2a: Solrock\n|-damage|p2a: Solrock|75\/100\n|\n|-heal|p2a: Solrock|81\/100|[from] item: Leftovers\n|upkeep\n|turn|7\n|inactive|Gkotta has 270 seconds left.\n|j|\u265axujing691691\n|inactive|Gkotta has 240 seconds left.\n|\n|t:|1653565162\n|switch|p1a: Walrein|Walrein, M|78\/100\n|move|p2a: Solrock|Rock Slide|p1a: Walrein\n|-supereffective|p1a: Walrein\n|-damage|p1a: Walrein|41\/100\n|\n|-heal|p2a: Solrock|87\/100|[from] item: Leftovers\n|-heal|p1a: Walrein|47\/100|[from] item: Leftovers\n|upkeep\n|turn|8\n|inactive|Gkotta has 240 seconds left.\n|j| burstbean\n|inactive|gostop has 210 seconds left.\n|inactive|Gkotta has 210 seconds left.\n|j| yiikyuuk\n|inactive|gostop has 180 seconds left.\n|\n|t:|1653565234\n|switch|p2a: Walrein|Walrein, F|100\/100\n|switch|p1a: Omastar|Omastar, M|100\/100\n|\n|upkeep\n|turn|9\n|j|&drogba in shenhua\n|inactive|Gkotta has 180 seconds left.\n|\n|t:|1653565265\n|switch|p1a: Muk|Muk, F|100\/100\n|switch|p2a: Tentacruel|Tentacruel, F|100\/100\n|\n|upkeep\n|turn|10\n|inactive|gostop has 150 seconds left.\n|\n|t:|1653565305\n|switch|p2a: Kangaskhan|Kangaskhan, F|100\/100\n|move|p1a: Muk|Curse|p1a: Muk\n|-unboost|p1a: Muk|spe|1\n|-boost|p1a: Muk|atk|1\n|-boost|p1a: Muk|def|1\n|\n|upkeep\n|turn|11\n|inactive|gostop has 120 seconds left.\n|l| ok sir\n|\n|t:|1653565346\n|switch|p2a: Walrein|Walrein, F|100\/100\n|move|p1a: Muk|Curse|p1a: Muk\n|-unboost|p1a: Muk|spe|1\n|-boost|p1a: Muk|atk|1\n|-boost|p1a: Muk|def|1\n|\n|upkeep\n|turn|12\n|\n|t:|1653565349\n|move|p2a: Walrein|Curse|p2a: Walrein\n|-unboost|p2a: Walrein|spe|1\n|-boost|p2a: Walrein|atk|1\n|-boost|p2a: Walrein|def|1\n|move|p1a: Muk|Sludge Bomb|p2a: Walrein\n|-damage|p2a: Walrein|63\/100\n|-status|p2a: Walrein|psn\n|\n|-heal|p2a: Walrein|69\/100 psn|[from] item: Leftovers\n|-damage|p2a: Walrein|57\/100 psn|[from] psn\n|upkeep\n|turn|13\n|\n|t:|1653565363\n|move|p2a: Walrein|Curse|p2a: Walrein\n|-unboost|p2a: Walrein|spe|1\n|-boost|p2a: Walrein|atk|1\n|-boost|p2a: Walrein|def|1\n|move|p1a: Muk|Curse|p1a: Muk\n|-unboost|p1a: Muk|spe|1\n|-boost|p1a: Muk|atk|1\n|-boost|p1a: Muk|def|1\n|\n|-heal|p2a: Walrein|63\/100 psn|[from] item: Leftovers\n|-damage|p2a: Walrein|50\/100 psn|[from] psn\n|upkeep\n|turn|14\n|\n|t:|1653565369\n|move|p2a: Walrein|Curse|p2a: Walrein\n|-unboost|p2a: Walrein|spe|1\n|-boost|p2a: Walrein|atk|1\n|-boost|p2a: Walrein|def|1\n|move|p1a: Muk|Curse|p1a: Muk\n|-unboost|p1a: Muk|spe|1\n|-boost|p1a: Muk|atk|1\n|-boost|p1a: Muk|def|1\n|\n|-heal|p2a: Walrein|56\/100 psn|[from] item: Leftovers\n|-damage|p2a: Walrein|44\/100 psn|[from] psn\n|upkeep\n|turn|15\n|inactive|gostop has 120 seconds left.\n|\n|t:|1653565382\n|move|p2a: Walrein|Curse|p2a: Walrein\n|-unboost|p2a: Walrein|spe|1\n|-boost|p2a: Walrein|atk|1\n|-boost|p2a: Walrein|def|1\n|move|p1a: Muk|Hidden Power|p2a: Walrein\n|-damage|p2a: Walrein|28\/100 psn\n|\n|-heal|p2a: Walrein|34\/100 psn|[from] item: Leftovers\n|-damage|p2a: Walrein|21\/100 psn|[from] psn\n|upkeep\n|turn|16\n|l|&drogba in shenhua\n|inactive|gostop has 120 seconds left.\n|\n|t:|1653565389\n|move|p2a: Walrein|Rest|p2a: Walrein\n|-status|p2a: Walrein|slp|[from] move: Rest\n|-heal|p2a: Walrein|100\/100 slp|[silent]\n|move|p1a: Muk|Curse|p1a: Muk\n|-unboost|p1a: Muk|spe|1\n|-boost|p1a: Muk|atk|1\n|-boost|p1a: Muk|def|1\n|\n|upkeep\n|turn|17\n|\n|t:|1653565397\n|cant|p2a: Walrein|slp\n|move|p1a: Muk|Curse|p1a: Muk\n|-unboost|p1a: Muk|spe|1\n|-boost|p1a: Muk|atk|1\n|-boost|p1a: Muk|def|1\n|\n|upkeep\n|turn|18\n|\n|t:|1653565398\n|cant|p2a: Walrein|slp\n|move|p1a: Muk|Sludge Bomb|p2a: Walrein\n|-crit|p2a: Walrein\n|-damage|p2a: Walrein|0 fnt\n|faint|p2a: Walrein\n|c|\u2606Gkotta|\u6211\u7684\n|j| Nauxus\n|j| aaa_skd\n|inactive|gostop has 120 seconds left.\n|inactive|gostop has 90 seconds left.\n|l| Meltryllis Yang\n|inactive|gostop has 60 seconds left.\n|l| yiikyuuk\n|\n|t:|1653565487\n|switch|p2a: Solrock|Solrock|87\/100\n|\n|-heal|p2a: Solrock|93\/100|[from] item: Leftovers\n|upkeep\n|turn|19\n|\n|t:|1653565491\n|move|p2a: Solrock|Reflect|p2a: Solrock\n|-sidestart|p2: gostop|Reflect\n|move|p1a: Muk|Sludge Bomb|p2a: Solrock\n|-resisted|p2a: Solrock\n|-damage|p2a: Solrock|58\/100\n|\n|-heal|p2a: Solrock|64\/100|[from] item: Leftovers\n|upkeep\n|turn|20\n|\n|t:|1653565496\n|move|p2a: Solrock|Earthquake|p1a: Muk\n|-supereffective|p1a: Muk\n|-damage|p1a: Muk|88\/100\n|move|p1a: Muk|Sludge Bomb|p2a: Solrock\n|-resisted|p2a: Solrock\n|-damage|p2a: Solrock|27\/100\n|\n|-heal|p2a: Solrock|33\/100|[from] item: Leftovers\n|-heal|p1a: Muk|94\/100|[from] item: Leftovers\n|upkeep\n|turn|21\n|\n|t:|1653565500\n|move|p2a: Solrock|Explosion|p1a: Muk\n|-damage|p1a: Muk|66\/100\n|faint|p2a: Solrock\n|\n|t:|1653565522\n|switch|p2a: Tentacruel|Tentacruel, F|100\/100\n|\n|-heal|p1a: Muk|72\/100|[from] item: Leftovers\n|upkeep\n|turn|22\n|\n|t:|1653565525\n|move|p2a: Tentacruel|Hydro Pump|p1a: Muk\n|-damage|p1a: Muk|42\/100\n|move|p1a: Muk|Hidden Power|p2a: Tentacruel\n|-supereffective|p2a: Tentacruel\n|-damage|p2a: Tentacruel|0 fnt\n|faint|p2a: Tentacruel\n|\n|t:|1653565532\n|switch|p2a: Ampharos|Ampharos, M|38\/100\n|\n|-heal|p2a: Ampharos|44\/100|[from] item: Leftovers\n|-heal|p1a: Muk|48\/100|[from] item: Leftovers\n|upkeep\n|turn|23\n|\n|t:|1653565534\n|move|p2a: Ampharos|Thunderbolt|p1a: Muk\n|-damage|p1a: Muk|15\/100\n|move|p1a: Muk|Hidden Power|p2a: Ampharos\n|-supereffective|p2a: Ampharos\n|-damage|p2a: Ampharos|0 fnt\n|faint|p2a: Ampharos\n|\n|t:|1653565542\n|switch|p2a: Scyther|Scyther, M|47\/100\n|\n|-sideend|p2: gostop|Reflect\n|-heal|p1a: Muk|21\/100|[from] item: Leftovers\n|upkeep\n|turn|24\n|\n|t:|1653565545\n|move|p2a: Scyther|Double-Edge|p1a: Muk\n|-damage|p1a: Muk|8\/100\n|-damage|p2a: Scyther|41\/100|[from] Recoil|[of] p1a: Muk\n|move|p1a: Muk|Sludge Bomb|p2a: Scyther\n|-damage|p2a: Scyther|0 fnt\n|faint|p2a: Scyther\n|\n|t:|1653565548\n|switch|p2a: Kangaskhan|Kangaskhan, F|100\/100\n|\n|-heal|p1a: Muk|14\/100|[from] item: Leftovers\n|upkeep\n|turn|25\n|\n|t:|1653565550\n|move|p2a: Kangaskhan|Body Slam|p1a: Muk\n|-damage|p1a: Muk|6\/100\n|move|p1a: Muk|Sludge Bomb|p2a: Kangaskhan\n|-damage|p2a: Kangaskhan|0 fnt\n|faint|p2a: Kangaskhan\n|\n|win|Gkotta\n|l| UU12A Drexel\n|c|\u2606Gkotta|gg\n|l|%yoppie\n|l|\u265aSeaRabbit\n|j| Meltryllis Yang\n|l| Meltryllis Yang\n|l|+XPSH\n|j| Meltryllis Yang\n|j|+XPSH\n|l|\u265aJqlove\n|l|\u265aMetallica126\n|l| over mountains\n|l|\u2606Gkotta\n|l| aaa_skd\n|l|+XPSH\n|j| JAMKRE\n|l| Meltryllis Yang\n|l|%dragonitenb\n|l| ULT9NS sharay\n|l| JAMKRE\n|j|\u265aAllen-xia\n|l| burstbean\n|l|\u265axujing691691\n|l| xiao kh\n|j|\u2606Gkotta\n|player|p1|Gkotta|gkotta.png\n|l|\u2606Gkotta\n|player|p1|\n|l|\u265aAllen-xia\n|j|&WwlWss\n|l|&WwlWss\n|j| burstbean\n|l| burstbean\n|j| wind777\n","uploadtime":1653565556,"views":39,"p1id":"gkotta","p2id":"gostop","formatid":"gen3uu","rating":0,"private":0,"password":null}