{"id":"china-gen7ubers-355042","p1":"Metallica126","p2":"gostop","format":"gen7ubers","log":"|raw|<div class=\"broadcast-red\"><strong>This battle is invite-only!<\/strong><br \/>Users must be invited with <code>\/invite<\/code> (or be staff) to join<\/div>\n|j|\u2606Metallica126\n|j|\u2606gostop\n|t:|1607864085\n|player|p1|Metallica126|metallica.jpg|\n|player|p2|gostop|gostop.gif|\n|teamsize|p1|6\n|teamsize|p2|6\n|gametype|singles\n|gen|7\n|tier|[Gen 7] Ubers\n|clearpoke\n|poke|p1|Gengar, F|item\n|poke|p1|Arceus-*|item\n|poke|p1|Necrozma-Dusk-Mane|item\n|poke|p1|Ho-Oh|item\n|poke|p1|Yveltal|item\n|poke|p1|Groudon|item\n|poke|p2|Ditto|item\n|poke|p2|Sableye, F|item\n|poke|p2|Blissey, F|item\n|poke|p2|Ho-Oh|item\n|poke|p2|Lugia|item\n|poke|p2|Arceus-*|item\n|rule|Sleep Clause Mod: Limit one foe put to sleep\n|rule|Species Clause: Limit one of each Pok\u00e9mon\n|rule|OHKO Clause: OHKO moves are banned\n|rule|Moody Clause: Moody is banned\n|rule|Evasion Moves Clause: Evasion moves are banned\n|rule|Endless Battle Clause: Forcing endless battles is banned\n|rule|HP Percentage Mod: HP is shown in percentages\n|rule|Mega Rayquaza Clause: You cannot mega evolve Rayquaza\n|teampreview\n|c|\u2606Metallica126|hf\n|raw|<div class=\"broadcast-blue\"><strong>This room is no longer invite only!<\/strong><br \/>Anyone may now join.<\/div>\n|c|\u2606Metallica126|\/log Metallica126 turned off modjoin.\n|c|\u2606Metallica126|\u4f60\u5f00\u4e00\u4e0bpublicroom\n|c|\u2606gostop|\/log gostop made this room public.\n|\n|t:|1607864150\n|start\n|switch|p1a: Groudon|Groudon|100\/100\n|switch|p2a: Sableye|Sableye, F|100\/100\n|detailschange|p1a: Groudon|Groudon-Primal\n|-primal|p1a: Groudon\n|-weather|DesolateLand|[from] ability: Desolate Land|[of] p1a: Groudon\n|turn|1\n|\n|t:|1607864161\n|detailschange|p2a: Sableye|Sableye-Mega, F\n|-mega|p2a: Sableye|Sableye|Sablenite\n|move|p2a: Sableye|Fake Out|p1a: Groudon\n|-damage|p1a: Groudon|95\/100\n|cant|p1a: Groudon|flinch\n|\n|-weather|DesolateLand|[upkeep]\n|upkeep\n|turn|2\n|\n|t:|1607864201\n|switch|p2a: Ho-Oh|Ho-Oh, shiny|100\/100\n|move|p1a: Groudon|Overheat|p2a: Ho-Oh\n|-resisted|p2a: Ho-Oh\n|-damage|p2a: Ho-Oh|68\/100\n|-unboost|p1a: Groudon|spa|2\n|\n|-weather|DesolateLand|[upkeep]\n|-heal|p2a: Ho-Oh|74\/100|[from] item: Leftovers\n|upkeep\n|turn|3\n|\n|t:|1607864217\n|move|p1a: Groudon|Stealth Rock|p2a: Ho-Oh\n|-sidestart|p2: gostop|move: Stealth Rock\n|move|p2a: Ho-Oh|Toxic|p1a: Groudon\n|-status|p1a: Groudon|tox\n|\n|-weather|DesolateLand|[upkeep]\n|-heal|p2a: Ho-Oh|81\/100|[from] item: Leftovers\n|-damage|p1a: Groudon|88\/100 tox|[from] psn\n|upkeep\n|turn|4\n|j|&WwlWss\n|\n|t:|1607864224\n|move|p1a: Groudon|Toxic|p2a: Ho-Oh|[miss]\n|-miss|p1a: Groudon|p2a: Ho-Oh\n|move|p2a: Ho-Oh|Defog|p1a: Groudon\n|-unboost|p1a: Groudon|evasion|1\n|-sideend|p2: gostop|Stealth Rock|[from] move: Defog|[of] p2a: Ho-Oh\n|\n|-weather|DesolateLand|[upkeep]\n|-heal|p2a: Ho-Oh|87\/100|[from] item: Leftovers\n|-damage|p1a: Groudon|76\/100 tox|[from] psn\n|upkeep\n|turn|5\n|j|\u265aChickwayne\n|\n|t:|1607864232\n|-weather|none\n|switch|p1a: Fire Chickwayne|Ho-Oh|100\/100\n|switch|p2a: Sableye|Sableye-Mega, F|100\/100\n|\n|upkeep\n|turn|6\n|\n|t:|1607864239\n|move|p2a: Sableye|Fake Out|p1a: Fire Chickwayne\n|-damage|p1a: Fire Chickwayne|93\/100\n|cant|p1a: Fire Chickwayne|flinch\n|\n|upkeep\n|turn|7\n|l|\u2606Metallica126\n|player|p1|\n|j|\u2606Metallica126\n|player|p1|Metallica126|metallica.jpg\n|\n|t:|1607864280\n|move|p1a: Fire Chickwayne|Sacred Fire|p2a: Sableye\n|-damage|p2a: Sableye|49\/100\n|-status|p2a: Sableye|brn\n|-damage|p1a: Fire Chickwayne|83\/100|[from] item: Life Orb\n|move|p2a: Sableye|Toxic|p1a: Fire Chickwayne\n|-status|p1a: Fire Chickwayne|tox\n|\n|-damage|p1a: Fire Chickwayne|77\/100 tox|[from] psn\n|-damage|p2a: Sableye|43\/100 brn|[from] brn\n|upkeep\n|turn|8\n|\n|t:|1607864293\n|switch|p1a: Gengar|Gengar, F|100\/100\n|switch|p2a: Ho-Oh|Ho-Oh, shiny|100\/100\n|\n|upkeep\n|turn|9\n|\n|t:|1607864303\n|detailschange|p1a: Gengar|Gengar-Mega, F\n|-mega|p1a: Gengar|Gengar|Gengarite\n|move|p1a: Gengar|Thunder|p2a: Ho-Oh\n|-supereffective|p2a: Ho-Oh\n|-crit|p2a: Ho-Oh\n|-damage|p2a: Ho-Oh|24\/100\n|move|p2a: Ho-Oh|Sacred Fire|p1a: Gengar\n|-damage|p1a: Gengar|37\/100\n|\n|-heal|p2a: Ho-Oh|30\/100|[from] item: Leftovers\n|upkeep\n|turn|10\n|\n|t:|1607864313\n|move|p1a: Gengar|Sludge Wave|p2a: Ho-Oh\n|-damage|p2a: Ho-Oh|0 fnt\n|faint|p2a: Ho-Oh\n|\n|upkeep\n|\n|t:|1607864321\n|switch|p2a: Arceus|Arceus-Ground|100\/100\n|turn|11\n|\n|t:|1607864327\n|switch|p1a: Yveltal|Yveltal|100\/100\n|-ability|p1a: Yveltal|Dark Aura\n|move|p2a: Arceus|Judgment|p1a: Yveltal\n|-immune|p1a: Yveltal\n|\n|upkeep\n|turn|12\n|\n|t:|1607864346\n|switch|p2a: Blissey|Blissey, F|100\/100\n|move|p1a: Yveltal|U-turn|p2a: Blissey\n|-damage|p2a: Blissey|79\/100\n|\n|t:|1607864362\n|switch|p1a: Fire Chickwayne|Ho-Oh|100\/100 tox|[from]move: U-turn\n|\n|-damage|p1a: Fire Chickwayne|94\/100 tox|[from] psn\n|upkeep\n|turn|13\n|\n|t:|1607864380\n|switch|p2a: Lugia|Lugia|100\/100\n|move|p1a: Fire Chickwayne|Sacred Fire|p2a: Lugia\n|-damage|p2a: Lugia|78\/100\n|-status|p2a: Lugia|brn\n|-damage|p1a: Fire Chickwayne|85\/100 tox|[from] item: Life Orb\n|\n|-heal|p2a: Lugia|84\/100 brn|[from] item: Leftovers\n|-damage|p2a: Lugia|78\/100 brn|[from] brn\n|-damage|p1a: Fire Chickwayne|73\/100 tox|[from] psn\n|upkeep\n|turn|14\n|\n|t:|1607864391\n|switch|p1a: Gengar|Gengar-Mega, F|37\/100\n|move|p2a: Lugia|Psychic|p1a: Gengar\n|-supereffective|p1a: Gengar\n|-damage|p1a: Gengar|0 fnt\n|faint|p1a: Gengar\n|\n|-heal|p2a: Lugia|84\/100 brn|[from] item: Leftovers\n|-damage|p2a: Lugia|78\/100 brn|[from] brn\n|upkeep\n|\n|t:|1607864396\n|switch|p1a: Groudon|Groudon-Primal|76\/100 tox\n|-weather|DesolateLand|[from] ability: Desolate Land|[of] p1a: Groudon\n|turn|15\n|j| sanv1\n|l| sanv1\n|j| sanv1\n|\n|t:|1607864422\n|switch|p2a: Arceus|Arceus-Ground|100\/100\n|move|p1a: Groudon|Stealth Rock|p2a: Arceus\n|-sidestart|p2: gostop|move: Stealth Rock\n|\n|-weather|DesolateLand|[upkeep]\n|-damage|p1a: Groudon|70\/100 tox|[from] psn\n|upkeep\n|turn|16\n|\n|t:|1607864424\n|move|p2a: Arceus|Defog|p1a: Groudon\n|-unboost|p1a: Groudon|evasion|1\n|-sideend|p2: gostop|Stealth Rock|[from] move: Defog|[of] p2a: Arceus\n|move|p1a: Groudon|Overheat|p2a: Arceus\n|-damage|p2a: Arceus|21\/100\n|-unboost|p1a: Groudon|spa|2\n|\n|-weather|DesolateLand|[upkeep]\n|-damage|p1a: Groudon|58\/100 tox|[from] psn\n|upkeep\n|turn|17\n|\n|t:|1607864427\n|move|p2a: Arceus|Recover|p2a: Arceus\n|-heal|p2a: Arceus|71\/100\n|move|p1a: Groudon|Toxic|p2a: Arceus|[miss]\n|-miss|p1a: Groudon|p2a: Arceus\n|\n|-weather|DesolateLand|[upkeep]\n|-damage|p1a: Groudon|39\/100 tox|[from] psn\n|upkeep\n|turn|18\n|j| Hikawa Kyoka\n|\n|t:|1607864440\n|-weather|none\n|switch|p1a: Fire Chickwayne|Ho-Oh|100\/100 tox\n|move|p2a: Arceus|Recover|p2a: Arceus\n|-heal|p2a: Arceus|100\/100\n|\n|-damage|p1a: Fire Chickwayne|94\/100 tox|[from] psn\n|upkeep\n|turn|19\n|\n|t:|1607864452\n|switch|p2a: Lugia|Lugia|78\/100 brn\n|move|p1a: Fire Chickwayne|Toxic|p2a: Lugia|[miss]\n|-miss|p1a: Fire Chickwayne|p2a: Lugia\n|\n|-heal|p2a: Lugia|84\/100 brn|[from] item: Leftovers\n|-damage|p2a: Lugia|78\/100 brn|[from] brn\n|-damage|p1a: Fire Chickwayne|82\/100 tox|[from] psn\n|upkeep\n|turn|20\n|\n|t:|1607864461\n|switch|p1a: Sanv-Dusk-Mane|Necrozma-Dusk-Mane|100\/100\n|move|p2a: Lugia|Toxic|p1a: Sanv-Dusk-Mane\n|-immune|p1a: Sanv-Dusk-Mane\n|\n|-heal|p2a: Lugia|84\/100 brn|[from] item: Leftovers\n|-damage|p2a: Lugia|78\/100 brn|[from] brn\n|upkeep\n|turn|21\n|\n|t:|1607864491\n|move|p1a: Sanv-Dusk-Mane|Swords Dance|p1a: Sanv-Dusk-Mane\n|-boost|p1a: Sanv-Dusk-Mane|atk|2\n|move|p2a: Lugia|Whirlwind|p1a: Sanv-Dusk-Mane\n|drag|p1a: Groudon|Groudon-Primal|39\/100 tox\n|-weather|DesolateLand|[from] ability: Desolate Land|[of] p1a: Groudon\n|\n|-weather|DesolateLand|[upkeep]\n|-heal|p2a: Lugia|84\/100 brn|[from] item: Leftovers\n|-damage|p2a: Lugia|78\/100 brn|[from] brn\n|-damage|p1a: Groudon|33\/100 tox|[from] psn\n|upkeep\n|turn|22\n|\n|t:|1607864505\n|move|p2a: Lugia|Roost|p2a: Lugia\n|-heal|p2a: Lugia|100\/100 brn\n|-singleturn|p2a: Lugia|move: Roost\n|move|p1a: Groudon|Overheat|p2a: Lugia\n|-damage|p2a: Lugia|63\/100 brn\n|-unboost|p1a: Groudon|spa|2\n|\n|-weather|DesolateLand|[upkeep]\n|-heal|p2a: Lugia|70\/100 brn|[from] item: Leftovers\n|-damage|p2a: Lugia|63\/100 brn|[from] brn\n|-damage|p1a: Groudon|21\/100 tox|[from] psn\n|upkeep\n|turn|23\n|\n|t:|1607864516\n|switch|p2a: Sableye|Sableye-Mega, F|43\/100 brn\n|move|p1a: Groudon|Precipice Blades|p2a: Sableye\n|-damage|p2a: Sableye|0 fnt\n|faint|p2a: Sableye\n|\n|-weather|DesolateLand|[upkeep]\n|-damage|p1a: Groudon|2\/100 tox|[from] psn\n|upkeep\n|\n|t:|1607864530\n|switch|p2a: Arceus|Arceus-Ground|100\/100\n|turn|24\n|\n|t:|1607864539\n|-weather|none\n|switch|p1a: Fire Chickwayne|Ho-Oh|100\/100 tox\n|move|p2a: Arceus|Ice Beam|p1a: Fire Chickwayne\n|-damage|p1a: Fire Chickwayne|87\/100 tox\n|\n|-damage|p1a: Fire Chickwayne|81\/100 tox|[from] psn\n|upkeep\n|turn|25\n|\n|t:|1607864544\n|switch|p2a: Lugia|Lugia|63\/100 brn\n|move|p1a: Fire Chickwayne|Sacred Fire|p2a: Lugia\n|-damage|p2a: Lugia|23\/100 brn\n|-damage|p1a: Fire Chickwayne|71\/100 tox|[from] item: Life Orb\n|\n|-heal|p2a: Lugia|29\/100 brn|[from] item: Leftovers\n|-damage|p2a: Lugia|23\/100 brn|[from] brn\n|-damage|p1a: Fire Chickwayne|59\/100 tox|[from] psn\n|upkeep\n|turn|26\n|\n|t:|1607864548\n|switch|p1a: Sanv-Dusk-Mane|Necrozma-Dusk-Mane|100\/100\n|move|p2a: Lugia|Roost|p2a: Lugia\n|-heal|p2a: Lugia|73\/100 brn\n|-singleturn|p2a: Lugia|move: Roost\n|\n|-heal|p2a: Lugia|79\/100 brn|[from] item: Leftovers\n|-damage|p2a: Lugia|73\/100 brn|[from] brn\n|upkeep\n|turn|27\n|\n|t:|1607864553\n|move|p1a: Sanv-Dusk-Mane|Swords Dance|p1a: Sanv-Dusk-Mane\n|-boost|p1a: Sanv-Dusk-Mane|atk|2\n|move|p2a: Lugia|Whirlwind|p1a: Sanv-Dusk-Mane\n|drag|p1a: Arceus|Arceus-Dragon|100\/100\n|\n|-heal|p2a: Lugia|79\/100 brn|[from] item: Leftovers\n|-damage|p2a: Lugia|73\/100 brn|[from] brn\n|upkeep\n|turn|28\n|\n|t:|1607864562\n|switch|p1a: Sanv-Dusk-Mane|Necrozma-Dusk-Mane|100\/100\n|switch|p2a: Blissey|Blissey, F|79\/100\n|\n|upkeep\n|turn|29\n|\n|t:|1607864593\n|switch|p2a: Arceus|Arceus-Ground|100\/100\n|move|p1a: Sanv-Dusk-Mane|Swords Dance|p1a: Sanv-Dusk-Mane\n|-boost|p1a: Sanv-Dusk-Mane|atk|2\n|\n|upkeep\n|turn|30\n|\n|t:|1607864599\n|move|p2a: Arceus|Judgment|p1a: Sanv-Dusk-Mane\n|-supereffective|p1a: Sanv-Dusk-Mane\n|-damage|p1a: Sanv-Dusk-Mane|62\/100\n|-zpower|p1a: Sanv-Dusk-Mane\n|move|p1a: Sanv-Dusk-Mane|Searing Sunraze Smash|p2a: Arceus|[zeffect]\n|-damage|p2a: Arceus|0 fnt\n|faint|p2a: Arceus\n|\n|upkeep\n|\n|t:|1607864608\n|switch|p2a: Ditto|Ditto|100\/100\n|-transform|p2a: Ditto|p1a: Sanv-Dusk-Mane|[from] ability: Imposter\n|turn|31\n|j| Jorno Jovanna\n|\n|t:|1607864613\n|move|p2a: Ditto|Sunsteel Strike|p1a: Sanv-Dusk-Mane\n|-resisted|p1a: Sanv-Dusk-Mane\n|-damage|p1a: Sanv-Dusk-Mane|23\/100\n|move|p1a: Sanv-Dusk-Mane|Morning Sun|p1a: Sanv-Dusk-Mane\n|-heal|p1a: Sanv-Dusk-Mane|73\/100\n|\n|upkeep\n|turn|32\n|\n|t:|1607864620\n|switch|p2a: Lugia|Lugia|73\/100 brn\n|switch|p1a: Groudon|Groudon-Primal|2\/100 tox\n|-weather|DesolateLand|[from] ability: Desolate Land|[of] p1a: Groudon\n|\n|-weather|DesolateLand|[upkeep]\n|-heal|p2a: Lugia|79\/100 brn|[from] item: Leftovers\n|-damage|p2a: Lugia|73\/100 brn|[from] brn\n|-damage|p1a: Groudon|0 fnt|[from] psn\n|faint|p1a: Groudon\n|-weather|none\n|upkeep\n|\n|t:|1607864625\n|switch|p1a: Sanv-Dusk-Mane|Necrozma-Dusk-Mane|73\/100\n|turn|33\n|\n|t:|1607864635\n|move|p1a: Sanv-Dusk-Mane|Sunsteel Strike|p2a: Lugia\n|-damage|p2a: Lugia|43\/100 brn\n|move|p2a: Lugia|Whirlwind|p1a: Sanv-Dusk-Mane\n|drag|p1a: Arceus|Arceus-Dragon|100\/100\n|\n|-heal|p2a: Lugia|50\/100 brn|[from] item: Leftovers\n|-damage|p2a: Lugia|43\/100 brn|[from] brn\n|upkeep\n|turn|34\n|\n|t:|1607864639\n|move|p1a: Arceus|Ice Beam|p2a: Lugia\n|-supereffective|p2a: Lugia\n|-damage|p2a: Lugia|13\/100 brn\n|move|p2a: Lugia|Roost|p2a: Lugia\n|-heal|p2a: Lugia|63\/100 brn\n|-singleturn|p2a: Lugia|move: Roost\n|\n|-heal|p2a: Lugia|69\/100 brn|[from] item: Leftovers\n|-damage|p2a: Lugia|63\/100 brn|[from] brn\n|upkeep\n|turn|35\n|\n|t:|1607864646\n|switch|p1a: Sanv-Dusk-Mane|Necrozma-Dusk-Mane|73\/100\n|move|p2a: Lugia|Roost|p2a: Lugia\n|-heal|p2a: Lugia|100\/100 brn\n|-singleturn|p2a: Lugia|move: Roost\n|\n|-damage|p2a: Lugia|94\/100 brn|[from] brn\n|upkeep\n|turn|36\n|\n|t:|1607864650\n|move|p1a: Sanv-Dusk-Mane|Swords Dance|p1a: Sanv-Dusk-Mane\n|-boost|p1a: Sanv-Dusk-Mane|atk|2\n|move|p2a: Lugia|Whirlwind|p1a: Sanv-Dusk-Mane\n|drag|p1a: Arceus|Arceus-Dragon|100\/100\n|\n|-heal|p2a: Lugia|100\/100 brn|[from] item: Leftovers\n|-damage|p2a: Lugia|94\/100 brn|[from] brn\n|upkeep\n|turn|37\n|\n|t:|1607864654\n|switch|p2a: Blissey|Blissey, F|79\/100\n|move|p1a: Arceus|Judgment|p2a: Blissey\n|-damage|p2a: Blissey|64\/100\n|\n|upkeep\n|turn|38\n|\n|t:|1607864657\n|switch|p1a: Sanv-Dusk-Mane|Necrozma-Dusk-Mane|73\/100\n|move|p2a: Blissey|Heal Bell|p2a: Blissey\n|-activate|p2a: Blissey|move: Heal Bell\n|-curestatus|p2: Lugia|brn|[msg]\n|\n|upkeep\n|turn|39\n|\n|t:|1607864659\n|switch|p2a: Lugia|Lugia|94\/100\n|move|p1a: Sanv-Dusk-Mane|Swords Dance|p1a: Sanv-Dusk-Mane\n|-boost|p1a: Sanv-Dusk-Mane|atk|2\n|\n|-heal|p2a: Lugia|100\/100|[from] item: Leftovers\n|upkeep\n|turn|40\n|\n|t:|1607864662\n|move|p1a: Sanv-Dusk-Mane|Sunsteel Strike|p2a: Lugia\n|-damage|p2a: Lugia|47\/100\n|move|p2a: Lugia|Whirlwind|p1a: Sanv-Dusk-Mane\n|drag|p1a: Yveltal|Yveltal|100\/100\n|-ability|p1a: Yveltal|Dark Aura\n|\n|-heal|p2a: Lugia|53\/100|[from] item: Leftovers\n|upkeep\n|turn|41\n|\n|t:|1607864677\n|move|p1a: Yveltal|U-turn|p2a: Lugia\n|-damage|p2a: Lugia|42\/100\n|\n|t:|1607864679\n|switch|p1a: Fire Chickwayne|Ho-Oh|92\/100 tox|[from]move: U-turn\n|move|p2a: Lugia|Roost|p2a: Lugia\n|-heal|p2a: Lugia|92\/100\n|-singleturn|p2a: Lugia|move: Roost\n|\n|-heal|p2a: Lugia|98\/100|[from] item: Leftovers\n|-damage|p1a: Fire Chickwayne|86\/100 tox|[from] psn\n|upkeep\n|turn|42\n|\n|t:|1607864687\n|move|p2a: Lugia|Psychic|p1a: Fire Chickwayne\n|-damage|p1a: Fire Chickwayne|69\/100 tox\n|move|p1a: Fire Chickwayne|Toxic|p2a: Lugia|[miss]\n|-miss|p1a: Fire Chickwayne|p2a: Lugia\n|\n|-heal|p2a: Lugia|100\/100|[from] item: Leftovers\n|-damage|p1a: Fire Chickwayne|57\/100 tox|[from] psn\n|upkeep\n|turn|43\n|\n|t:|1607864696\n|switch|p2a: Ditto|Ditto|100\/100\n|-transform|p2a: Ditto|p1a: Fire Chickwayne|[from] ability: Imposter\n|move|p1a: Fire Chickwayne|Toxic|p2a: Ditto\n|-status|p2a: Ditto|tox\n|\n|-damage|p2a: Ditto|94\/100 tox|[from] psn\n|-damage|p1a: Fire Chickwayne|39\/100 tox|[from] psn\n|upkeep\n|turn|44\n|\n|t:|1607864709\n|switch|p1a: Yveltal|Yveltal|100\/100\n|-ability|p1a: Yveltal|Dark Aura\n|move|p2a: Ditto|Brave Bird|p1a: Yveltal\n|-damage|p1a: Yveltal|57\/100\n|-damage|p2a: Ditto|75\/100 tox|[from] Recoil\n|\n|-damage|p2a: Ditto|63\/100 tox|[from] psn\n|upkeep\n|turn|45\n|\n|t:|1607864722\n|switch|p2a: Lugia|Lugia|100\/100\n|move|p1a: Yveltal|U-turn|p2a: Lugia\n|-damage|p2a: Lugia|94\/100\n|\n|t:|1607864726\n|switch|p1a: Fire Chickwayne|Ho-Oh|72\/100 tox|[from]move: U-turn\n|\n|-heal|p2a: Lugia|100\/100|[from] item: Leftovers\n|-damage|p1a: Fire Chickwayne|66\/100 tox|[from] psn\n|upkeep\n|turn|46\n|\n|t:|1607864737\n|switch|p2a: Ditto|Ditto|96\/100 tox\n|-transform|p2a: Ditto|p1a: Fire Chickwayne|[from] ability: Imposter\n|move|p1a: Fire Chickwayne|Toxic|p2a: Ditto\n|-fail|p2a: Ditto|tox\n|\n|-damage|p2a: Ditto|90\/100 tox|[from] psn\n|-damage|p1a: Fire Chickwayne|54\/100 tox|[from] psn\n|upkeep\n|turn|47\n|\n|t:|1607864750\n|switch|p1a: Arceus|Arceus-Dragon|100\/100\n|move|p2a: Ditto|Brave Bird|p1a: Arceus\n|-damage|p1a: Arceus|54\/100\n|-damage|p2a: Ditto|67\/100 tox|[from] Recoil\n|\n|-damage|p2a: Ditto|55\/100 tox|[from] psn\n|upkeep\n|turn|48\n|\n|t:|1607864760\n|switch|p2a: Lugia|Lugia|100\/100\n|switch|p1a: Sanv-Dusk-Mane|Necrozma-Dusk-Mane|73\/100\n|\n|upkeep\n|turn|49\n|\n|t:|1607864769\n|move|p2a: Lugia|Psychic|p1a: Sanv-Dusk-Mane\n|-resisted|p1a: Sanv-Dusk-Mane\n|-damage|p1a: Sanv-Dusk-Mane|69\/100\n|move|p1a: Sanv-Dusk-Mane|Swords Dance|p1a: Sanv-Dusk-Mane\n|-boost|p1a: Sanv-Dusk-Mane|atk|2\n|\n|upkeep\n|turn|50\n|\n|t:|1607864772\n|move|p1a: Sanv-Dusk-Mane|Sunsteel Strike|p2a: Lugia\n|-crit|p2a: Lugia\n|-damage|p2a: Lugia|10\/100\n|move|p2a: Lugia|Whirlwind|p1a: Sanv-Dusk-Mane\n|drag|p1a: Fire Chickwayne|Ho-Oh|87\/100 tox\n|\n|-heal|p2a: Lugia|16\/100|[from] item: Leftovers\n|-damage|p1a: Fire Chickwayne|81\/100 tox|[from] psn\n|upkeep\n|turn|51\n|\n|t:|1607864777\n|move|p2a: Lugia|Roost|p2a: Lugia\n|-heal|p2a: Lugia|66\/100\n|-singleturn|p2a: Lugia|move: Roost\n|move|p1a: Fire Chickwayne|Toxic|p2a: Lugia|[miss]\n|-miss|p1a: Fire Chickwayne|p2a: Lugia\n|\n|-heal|p2a: Lugia|73\/100|[from] item: Leftovers\n|-damage|p1a: Fire Chickwayne|69\/100 tox|[from] psn\n|upkeep\n|turn|52\n|j| OUTBqm\n|\n|t:|1607864788\n|switch|p2a: Ditto|Ditto|88\/100 tox\n|-transform|p2a: Ditto|p1a: Fire Chickwayne|[from] ability: Imposter\n|move|p1a: Fire Chickwayne|Brave Bird|p2a: Ditto\n|-damage|p2a: Ditto|0 fnt\n|-damage|p1a: Fire Chickwayne|46\/100 tox|[from] Recoil\n|-damage|p1a: Fire Chickwayne|36\/100 tox|[from] item: Life Orb\n|faint|p2a: Ditto\n|\n|-damage|p1a: Fire Chickwayne|18\/100 tox|[from] psn\n|upkeep\n|j|\u265aUnowndragon\n|\n|t:|1607864798\n|switch|p2a: Blissey|Blissey, F|64\/100\n|turn|53\n|\n|t:|1607864801\n|switch|p1a: Sanv-Dusk-Mane|Necrozma-Dusk-Mane|69\/100\n|move|p2a: Blissey|Stealth Rock|p1a: Sanv-Dusk-Mane\n|-sidestart|p1: Metallica126|move: Stealth Rock\n|\n|upkeep\n|turn|54\n|\n|t:|1607864805\n|switch|p2a: Lugia|Lugia|73\/100\n|move|p1a: Sanv-Dusk-Mane|Morning Sun|p1a: Sanv-Dusk-Mane\n|-heal|p1a: Sanv-Dusk-Mane|100\/100\n|\n|-heal|p2a: Lugia|79\/100|[from] item: Leftovers\n|upkeep\n|turn|55\n|\n|t:|1607864810\n|move|p1a: Sanv-Dusk-Mane|Swords Dance|p1a: Sanv-Dusk-Mane\n|-boost|p1a: Sanv-Dusk-Mane|atk|2\n|move|p2a: Lugia|Whirlwind|p1a: Sanv-Dusk-Mane\n|drag|p1a: Yveltal|Yveltal|57\/100\n|-damage|p1a: Yveltal|32\/100|[from] Stealth Rock\n|-ability|p1a: Yveltal|Dark Aura\n|\n|-heal|p2a: Lugia|85\/100|[from] item: Leftovers\n|upkeep\n|turn|56\n|\n|t:|1607864823\n|move|p1a: Yveltal|Defog|p2a: Lugia\n|-unboost|p2a: Lugia|evasion|1\n|-sideend|p1: Metallica126|Stealth Rock|[from] move: Defog|[of] p1a: Yveltal\n|move|p2a: Lugia|Roost|p2a: Lugia\n|-heal|p2a: Lugia|100\/100\n|-singleturn|p2a: Lugia|move: Roost\n|\n|upkeep\n|turn|57\n|\n|t:|1607864831\n|switch|p1a: Fire Chickwayne|Ho-Oh|51\/100 tox\n|move|p2a: Lugia|Whirlwind|p1a: Fire Chickwayne\n|drag|p1a: Arceus|Arceus-Dragon|54\/100\n|\n|upkeep\n|turn|58\n|c|\u2606gostop|gg\n|-message|gostop forfeited.\n|\n|win|Metallica126\n|l|\u2606gostop\n|l| Jorno Jovanna\n|c|\u2606Metallica126|gg\n|l| Hikawa Kyoka\n|c|&WwlWss|\u8fd8\u662fpp\u4e0d\u591f\u591a\u5440\n|c|&WwlWss|\u4e0d\u591f\u53d7\n","uploadtime":1607864845,"views":100,"p1id":"metallica126","p2id":"gostop","formatid":"gen7ubers","rating":0,"private":0,"password":null}