{"id":"china-gen7ou-5409918","p1":"AlIoutdragadarts","p2":"valuee","format":"gen7ou","log":"|uhtml|report-battle|<b>\u5c06\u5bf9\u6218\u94fe\u63a5\u516c\u5f00\u5230:<\/b> <button class=\"button\" name=\"send\" value=\"\/reportto skypillar\">Sky Pillar<\/button><button class=\"button\" name=\"send\" value=\"\/reportto shinx\">Shinx<\/button>\n|j|\u2606AlIoutdragadarts\n|j|\u2606valuee\n|inactive|Battle timer is ON: inactive players will automatically lose when time's up.\n|t:|1664712747\n|gametype|singles\n|player|p1|AlIoutdragadarts|dawn|\n|player|p2|valuee|aromalady|\n|teamsize|p1|6\n|teamsize|p2|6\n|gen|7\n|tier|[Gen 7] OU\n|rated|Tournament battle\n|rule|Sleep Clause Mod: Limit one foe put to sleep\n|rule|Species Clause: Limit one of each Pok\u00e9mon\n|rule|OHKO Clause: OHKO moves are banned\n|rule|Moody Clause: Moody is banned\n|rule|Evasion Items Clause: Evasion items are banned\n|rule|Evasion Moves Clause: Evasion moves are banned\n|rule|Endless Battle Clause: Forcing endless battles is banned\n|rule|HP Percentage Mod: HP is shown in percentages\n|clearpoke\n|poke|p1|Diancie|item\n|poke|p1|Tapu Lele|item\n|poke|p1|Landorus-Therian, M|item\n|poke|p1|Rotom-Wash|item\n|poke|p1|Magearna|item\n|poke|p1|Volcarona, F|item\n|poke|p2|Latias, F|item\n|poke|p2|Hippowdon, F|item\n|poke|p2|Toxapex, F|item\n|poke|p2|Reuniclus, M|item\n|poke|p2|Magearna|item\n|poke|p2|Ditto|item\n|teampreview\n|c|\u2606valuee|hf\n|c|\u2606AlIoutdragadarts|hf\n|inactive|AlIoutdragadarts has 120 seconds left.\n|\n|t:|1664712781\n|start\n|switch|p1a: Tom|Rotom-Wash, shiny|100\/100\n|switch|p2a: NASCAR|Hippowdon, F|100\/100\n|-weather|Sandstorm|[from] ability: Sand Stream|[of] p2a: NASCAR\n|turn|1\n|\n|t:|1664712787\n|switch|p2a: Toxapex|Toxapex, F|100\/100\n|move|p1a: Tom|Trick|p2a: Toxapex\n|-activate|p1a: Tom|move: Trick|[of] p2a: Toxapex\n|-item|p2a: Toxapex|Choice Scarf|[from] move: Trick\n|-item|p1a: Tom|Black Sludge|[from] move: Trick\n|\n|-weather|Sandstorm|[upkeep]\n|-damage|p1a: Tom|95\/100|[from] Sandstorm\n|-damage|p2a: Toxapex|95\/100|[from] Sandstorm\n|-damage|p1a: Tom|82\/100|[from] item: Black Sludge\n|upkeep\n|turn|2\n|\n|t:|1664712798\n|move|p1a: Tom|Volt Switch|p2a: Toxapex\n|-supereffective|p2a: Toxapex\n|-damage|p2a: Toxapex|59\/100\n|\n|t:|1664712801\n|switch|p1a: Mag|Magearna|100\/100|[from]move: Volt Switch\n|move|p2a: Toxapex|Toxic Spikes|p1a: Mag\n|-sidestart|p1: AlIoutdragadarts|move: Toxic Spikes\n|\n|-weather|Sandstorm|[upkeep]\n|-damage|p2a: Toxapex|53\/100|[from] Sandstorm\n|upkeep\n|turn|3\n|\n|t:|1664712807\n|switch|p2a: Magearna|Magearna|100\/100\n|switch|p1a: LandoT|Landorus-Therian, M, shiny|100\/100\n|-ability|p1a: LandoT|Intimidate|boost\n|-unboost|p2a: Magearna|atk|1\n|\n|-weather|Sandstorm|[upkeep]\n|upkeep\n|turn|4\n|\n|t:|1664712811\n|switch|p2a: NASCAR|Hippowdon, F|100\/100\n|move|p1a: LandoT|U-turn|p2a: NASCAR\n|-damage|p2a: NASCAR|87\/100\n|\n|t:|1664712817\n|switch|p1a: Tom|Rotom-Wash, shiny|82\/100|[from]move: U-turn\n|\n|-weather|Sandstorm|[upkeep]\n|-damage|p1a: Tom|76\/100|[from] Sandstorm\n|-damage|p1a: Tom|64\/100|[from] item: Black Sludge\n|upkeep\n|turn|5\n|\n|t:|1664712823\n|switch|p2a: Toxapex|Toxapex, F|86\/100\n|move|p1a: Tom|Volt Switch|p2a: Toxapex\n|-supereffective|p2a: Toxapex\n|-damage|p2a: Toxapex|51\/100\n|\n|t:|1664712827\n|switch|p1a: LandoT|Landorus-Therian, M, shiny|100\/100|[from]move: Volt Switch\n|-ability|p1a: LandoT|Intimidate|boost\n|-unboost|p2a: Toxapex|atk|1\n|\n|-weather|none\n|upkeep\n|turn|6\n|\n|t:|1664712832\n|switch|p2a: NASCAR|Hippowdon, F|87\/100\n|-weather|Sandstorm|[from] ability: Sand Stream|[of] p2a: NASCAR\n|move|p1a: LandoT|Defog|p2a: NASCAR\n|-unboost|p2a: NASCAR|evasion|1\n|-sideend|p1: AlIoutdragadarts|Toxic Spikes|[from] move: Defog|[of] p1a: LandoT\n|\n|-weather|Sandstorm|[upkeep]\n|upkeep\n|turn|7\n|\n|t:|1664712838\n|move|p1a: LandoT|U-turn|p2a: NASCAR\n|-damage|p2a: NASCAR|74\/100\n|\n|t:|1664712841\n|switch|p1a: Tom|Rotom-Wash, shiny|64\/100|[from]move: U-turn\n|move|p2a: NASCAR|Stealth Rock|p1a: Tom\n|-sidestart|p1: AlIoutdragadarts|move: Stealth Rock\n|\n|-weather|Sandstorm|[upkeep]\n|-damage|p1a: Tom|58\/100|[from] Sandstorm\n|-damage|p1a: Tom|46\/100|[from] item: Black Sludge\n|upkeep\n|turn|8\n|\n|t:|1664712847\n|switch|p2a: Toxapex|Toxapex, F|84\/100\n|move|p1a: Tom|Pain Split|p2a: Toxapex\n|-sethp|p2a: Toxapex|65\/100|[from] move: Pain Split|[silent]\n|-sethp|p1a: Tom|65\/100|[from] move: Pain Split\n|\n|-weather|Sandstorm|[upkeep]\n|-damage|p1a: Tom|59\/100|[from] Sandstorm\n|-damage|p2a: Toxapex|59\/100|[from] Sandstorm\n|-damage|p1a: Tom|47\/100|[from] item: Black Sludge\n|upkeep\n|turn|9\n|\n|t:|1664712855\n|move|p1a: Tom|Trick|p2a: Toxapex\n|-activate|p1a: Tom|move: Trick|[of] p2a: Toxapex\n|-item|p2a: Toxapex|Black Sludge|[from] move: Trick\n|-item|p1a: Tom|Choice Scarf|[from] move: Trick\n|move|p2a: Toxapex|Scald|p1a: Tom\n|-resisted|p1a: Tom\n|-damage|p1a: Tom|38\/100\n|-status|p1a: Tom|brn\n|\n|-weather|Sandstorm|[upkeep]\n|-damage|p1a: Tom|32\/100 brn|[from] Sandstorm\n|-damage|p2a: Toxapex|53\/100|[from] Sandstorm\n|-heal|p2a: Toxapex|59\/100|[from] item: Black Sludge\n|-damage|p1a: Tom|26\/100 brn|[from] brn\n|upkeep\n|turn|10\n|\n|t:|1664712864\n|move|p1a: Tom|Volt Switch|p2a: Toxapex\n|-supereffective|p2a: Toxapex\n|-damage|p2a: Toxapex|25\/100\n|\n|t:|1664712869\n|switch|p1a: LandoT|Landorus-Therian, M, shiny|100\/100|[from]move: Volt Switch\n|-damage|p1a: LandoT|88\/100|[from] Stealth Rock\n|-ability|p1a: LandoT|Intimidate|boost\n|-unboost|p2a: Toxapex|atk|1\n|move|p2a: Toxapex|Recover|p2a: Toxapex\n|-heal|p2a: Toxapex|75\/100\n|\n|-weather|none\n|-heal|p2a: Toxapex|81\/100|[from] item: Black Sludge\n|upkeep\n|turn|11\n|j| mdw233\n|\n|t:|1664712876\n|switch|p2a: NASCAR|Hippowdon, F|74\/100\n|-weather|Sandstorm|[from] ability: Sand Stream|[of] p2a: NASCAR\n|move|p1a: LandoT|Defog|p2a: NASCAR\n|-unboost|p2a: NASCAR|evasion|1\n|-sideend|p1: AlIoutdragadarts|Stealth Rock|[from] move: Defog|[of] p1a: LandoT\n|\n|-weather|Sandstorm|[upkeep]\n|upkeep\n|turn|12\n|\n|t:|1664712880\n|move|p1a: LandoT|Toxic|p2a: NASCAR\n|-status|p2a: NASCAR|tox\n|move|p2a: NASCAR|Stealth Rock|p1a: LandoT\n|-sidestart|p1: AlIoutdragadarts|move: Stealth Rock\n|\n|-weather|Sandstorm|[upkeep]\n|-damage|p2a: NASCAR|68\/100 tox|[from] psn\n|upkeep\n|turn|13\n|\n|t:|1664712883\n|move|p1a: LandoT|U-turn|p2a: NASCAR\n|-damage|p2a: NASCAR|55\/100 tox\n|\n|t:|1664712885\n|switch|p1a: Mag|Magearna|100\/100|[from]move: U-turn\n|-damage|p1a: Mag|94\/100|[from] Stealth Rock\n|-zpower|p2a: NASCAR\n|move|p2a: NASCAR|Subzero Slammer|p1a: Mag|[zeffect]\n|-resisted|p1a: Mag\n|-damage|p1a: Mag|79\/100\n|\n|-weather|Sandstorm|[upkeep]\n|-damage|p2a: NASCAR|43\/100 tox|[from] psn\n|upkeep\n|turn|14\n|\n|t:|1664712893\n|switch|p1a: LandoT|Landorus-Therian, M, shiny|88\/100\n|-damage|p1a: LandoT|76\/100|[from] Stealth Rock\n|-ability|p1a: LandoT|Intimidate|boost\n|-unboost|p2a: NASCAR|atk|1\n|switch|p2a: Ditto|Ditto|100\/100\n|-transform|p2a: Ditto|p1a: LandoT|[from] ability: Imposter\n|-ability|p2a: Ditto|Intimidate|boost\n|-unboost|p1a: LandoT|atk|1\n|\n|-weather|Sandstorm|[upkeep]\n|upkeep\n|turn|15\n|\n|t:|1664712906\n|move|p2a: Ditto|U-turn|p1a: LandoT\n|-resisted|p1a: LandoT\n|-damage|p1a: LandoT|68\/100\n|-damage|p2a: Ditto|84\/100|[from] item: Rocky Helmet|[of] p1a: LandoT\n|\n|t:|1664712914\n|switch|p2a: Reuniclus|Reuniclus, M|100\/100|[from]move: U-turn\n|move|p1a: LandoT|Defog|p2a: Reuniclus\n|-unboost|p2a: Reuniclus|evasion|1\n|-sideend|p1: AlIoutdragadarts|Stealth Rock|[from] move: Defog|[of] p1a: LandoT\n|\n|-weather|none\n|upkeep\n|turn|16\n|inactive|AlIoutdragadarts has 120 seconds left.\n|\n|t:|1664712954\n|move|p1a: LandoT|U-turn|p2a: Reuniclus\n|-supereffective|p2a: Reuniclus\n|-damage|p2a: Reuniclus|77\/100\n|-damage|p1a: LandoT|52\/100|[from] item: Rocky Helmet|[of] p2a: Reuniclus\n|\n|t:|1664712957\n|switch|p1a: Dian|Diancie, shiny|100\/100|[from]move: U-turn\n|move|p2a: Reuniclus|Calm Mind|p2a: Reuniclus\n|-boost|p2a: Reuniclus|spa|1\n|-boost|p2a: Reuniclus|spd|1\n|\n|upkeep\n|turn|17\n|\n|t:|1664712968\n|detailschange|p1a: Dian|Diancie-Mega, shiny\n|-mega|p1a: Dian|Diancie|Diancite\n|move|p1a: Dian|Moonblast|p2a: Reuniclus\n|-damage|p2a: Reuniclus|43\/100\n|move|p2a: Reuniclus|Psyshock|p1a: Dian\n|-damage|p1a: Dian|37\/100\n|\n|upkeep\n|turn|18\n|\n|t:|1664712973\n|move|p1a: Dian|Stealth Rock|p2a: Reuniclus\n|-sidestart|p2: valuee|move: Stealth Rock\n|move|p2a: Reuniclus|Recover|p2a: Reuniclus\n|-heal|p2a: Reuniclus|93\/100\n|\n|upkeep\n|turn|19\n|\n|t:|1664712980\n|switch|p1a: Mag|Magearna|79\/100\n|move|p2a: Reuniclus|Recover|p2a: Reuniclus\n|-heal|p2a: Reuniclus|100\/100\n|\n|upkeep\n|turn|20\n|\n|t:|1664712983\n|move|p1a: Mag|Volt Switch|p2a: Reuniclus\n|-damage|p2a: Reuniclus|88\/100\n|\n|t:|1664712985\n|switch|p1a: Tom|Rotom-Wash, shiny|26\/100 brn|[from]move: Volt Switch\n|move|p2a: Reuniclus|Calm Mind|p2a: Reuniclus\n|-boost|p2a: Reuniclus|spa|1\n|-boost|p2a: Reuniclus|spd|1\n|\n|-damage|p1a: Tom|20\/100 brn|[from] brn\n|upkeep\n|turn|21\n|\n|t:|1664713005\n|switch|p2a: NASCAR|Hippowdon, F|43\/100 tox\n|-damage|p2a: NASCAR|37\/100 tox|[from] Stealth Rock\n|-weather|Sandstorm|[from] ability: Sand Stream|[of] p2a: NASCAR\n|move|p1a: Tom|Volt Switch|p2a: NASCAR\n|-immune|p2a: NASCAR\n|\n|-weather|Sandstorm|[upkeep]\n|-damage|p1a: Tom|14\/100 brn|[from] Sandstorm\n|-damage|p2a: NASCAR|30\/100 tox|[from] psn\n|-damage|p1a: Tom|8\/100 brn|[from] brn\n|upkeep\n|turn|22\n|\n|t:|1664713012\n|switch|p1a: Lele|Tapu Lele, shiny|100\/100\n|-fieldstart|move: Psychic Terrain|[from] ability: Psychic Surge|[of] p1a: Lele\n|move|p2a: NASCAR|Slack Off|p2a: NASCAR\n|-heal|p2a: NASCAR|80\/100 tox\n|\n|-weather|Sandstorm|[upkeep]\n|-damage|p1a: Lele|94\/100|[from] Sandstorm\n|-damage|p2a: NASCAR|68\/100 tox|[from] psn\n|upkeep\n|turn|23\n|\n|t:|1664713024\n|switch|p1a: Dian|Diancie-Mega, shiny|37\/100\n|switch|p2a: Magearna|Magearna|100\/100\n|-damage|p2a: Magearna|94\/100|[from] Stealth Rock\n|\n|-weather|Sandstorm|[upkeep]\n|upkeep\n|turn|24\n|\n|t:|1664713034\n|switch|p1a: LandoT|Landorus-Therian, M, shiny|52\/100\n|-ability|p1a: LandoT|Intimidate|boost\n|-unboost|p2a: Magearna|atk|1\n|move|p2a: Magearna|Fleur Cannon|p1a: LandoT\n|-damage|p1a: LandoT|0 fnt\n|-unboost|p2a: Magearna|spa|2\n|faint|p1a: LandoT\n|-ability|p2a: Magearna|Soul-Heart|boost\n|-boost|p2a: Magearna|spa|1\n|\n|-weather|Sandstorm|[upkeep]\n|upkeep\n|\n|t:|1664713039\n|switch|p1a: Volc|Volcarona, F, shiny|100\/100\n|turn|25\n|\n|t:|1664713043\n|switch|p2a: Toxapex|Toxapex, F|100\/100\n|-damage|p2a: Toxapex|88\/100|[from] Stealth Rock\n|move|p1a: Volc|Quiver Dance|p1a: Volc\n|-boost|p1a: Volc|spa|1\n|-boost|p1a: Volc|spd|1\n|-boost|p1a: Volc|spe|1\n|\n|-weather|none\n|-heal|p2a: Toxapex|94\/100|[from] item: Black Sludge\n|upkeep\n|turn|26\n|\n|t:|1664713045\n|move|p1a: Volc|Psychic|p2a: Toxapex\n|-supereffective|p2a: Toxapex\n|-damage|p2a: Toxapex|8\/100\n|move|p2a: Toxapex|Haze|p2a: Toxapex\n|-clearallboost\n|\n|-heal|p2a: Toxapex|14\/100|[from] item: Black Sludge\n|-fieldend|move: Psychic Terrain\n|upkeep\n|turn|27\n|j|\u265aBird of belief \u2740\n|\n|t:|1664713059\n|switch|p2a: NASCAR|Hippowdon, F|68\/100 tox\n|-damage|p2a: NASCAR|62\/100 tox|[from] Stealth Rock\n|-weather|Sandstorm|[from] ability: Sand Stream|[of] p2a: NASCAR\n|move|p1a: Volc|Quiver Dance|p1a: Volc\n|-boost|p1a: Volc|spa|1\n|-boost|p1a: Volc|spd|1\n|-boost|p1a: Volc|spe|1\n|\n|-weather|Sandstorm|[upkeep]\n|-damage|p1a: Volc|94\/100|[from] Sandstorm\n|-damage|p2a: NASCAR|56\/100 tox|[from] psn\n|upkeep\n|turn|28\n|\n|t:|1664713063\n|move|p1a: Volc|Flamethrower|p2a: NASCAR\n|-damage|p2a: NASCAR|0 fnt\n|faint|p2a: NASCAR\n|\n|-weather|Sandstorm|[upkeep]\n|-damage|p1a: Volc|88\/100|[from] Sandstorm\n|upkeep\n|j| yiyue\n|\n|t:|1664713080\n|switch|p2a: Latias|Latias, F|100\/100\n|-damage|p2a: Latias|88\/100|[from] Stealth Rock\n|turn|29\n|\n|t:|1664713094\n|detailschange|p2a: Latias|Latias-Mega, F\n|-mega|p2a: Latias|Latias|Latiasite\n|move|p1a: Volc|Quiver Dance|p1a: Volc\n|-boost|p1a: Volc|spa|1\n|-boost|p1a: Volc|spd|1\n|-boost|p1a: Volc|spe|1\n|move|p2a: Latias|Defog|p1a: Volc\n|-unboost|p1a: Volc|evasion|1\n|-sideend|p2: valuee|Stealth Rock|[from] move: Defog|[of] p2a: Latias\n|\n|-weather|Sandstorm|[upkeep]\n|-damage|p1a: Volc|82\/100|[from] Sandstorm\n|-damage|p2a: Latias|82\/100|[from] Sandstorm\n|upkeep\n|turn|30\n|\n|t:|1664713106\n|switch|p2a: Toxapex|Toxapex, F|48\/100\n|move|p1a: Volc|Bug Buzz|p2a: Toxapex\n|-resisted|p2a: Toxapex\n|-damage|p2a: Toxapex|14\/100\n|\n|-weather|Sandstorm|[upkeep]\n|-damage|p1a: Volc|76\/100|[from] Sandstorm\n|-damage|p2a: Toxapex|8\/100|[from] Sandstorm\n|-heal|p2a: Toxapex|14\/100|[from] item: Black Sludge\n|upkeep\n|turn|31\n|\n|t:|1664713115\n|move|p1a: Volc|Flamethrower|p2a: Toxapex\n|-resisted|p2a: Toxapex\n|-damage|p2a: Toxapex|0 fnt\n|faint|p2a: Toxapex\n|\n|-weather|none\n|upkeep\n|\n|t:|1664713118\n|switch|p2a: Ditto|Ditto|84\/100\n|-transform|p2a: Ditto|p1a: Volc|[from] ability: Imposter\n|turn|32\n|\n|t:|1664713125\n|move|p2a: Ditto|Flamethrower|p1a: Volc\n|-damage|p1a: Volc|21\/100\n|move|p1a: Volc|Flamethrower|p2a: Ditto\n|-crit|p2a: Ditto\n|-damage|p2a: Ditto|0 fnt\n|faint|p2a: Ditto\n|\n|upkeep\n|\n|t:|1664713138\n|switch|p2a: Latias|Latias-Mega, F|82\/100\n|turn|33\n|l| yiyue\n|\n|t:|1664713143\n|switch|p2a: Magearna|Magearna|94\/100\n|-zpower|p1a: Volc\n|move|p1a: Volc|Savage Spin-Out|p2a: Magearna|[zeffect]\n|-resisted|p2a: Magearna\n|-damage|p2a: Magearna|56\/100\n|\n|upkeep\n|turn|34\n|\n|t:|1664713151\n|switch|p2a: Latias|Latias-Mega, F|82\/100\n|move|p1a: Volc|Flamethrower|p2a: Latias\n|-resisted|p2a: Latias\n|-damage|p2a: Latias|49\/100\n|-status|p2a: Latias|brn\n|\n|-damage|p2a: Latias|43\/100 brn|[from] brn\n|upkeep\n|turn|35\n|\n|t:|1664713154\n|switch|p2a: Magearna|Magearna|56\/100\n|move|p1a: Volc|Bug Buzz|p2a: Magearna\n|-resisted|p2a: Magearna\n|-damage|p2a: Magearna|37\/100\n|\n|upkeep\n|turn|36\n|\n|t:|1664713158\n|switch|p2a: Latias|Latias-Mega, F|43\/100 brn\n|move|p1a: Volc|Flamethrower|p2a: Latias\n|-resisted|p2a: Latias\n|-damage|p2a: Latias|14\/100 brn\n|\n|-damage|p2a: Latias|8\/100 brn|[from] brn\n|upkeep\n|turn|37\n|\n|t:|1664713161\n|move|p1a: Volc|Flamethrower|p2a: Latias\n|-resisted|p2a: Latias\n|-damage|p2a: Latias|0 fnt\n|faint|p2a: Latias\n|\n|upkeep\n|\n|t:|1664713166\n|switch|p2a: Reuniclus|Reuniclus, M|88\/100\n|turn|38\n|\n|t:|1664713171\n|switch|p2a: Magearna|Magearna|37\/100\n|move|p1a: Volc|Bug Buzz|p2a: Magearna\n|-resisted|p2a: Magearna\n|-damage|p2a: Magearna|17\/100\n|\n|upkeep\n|turn|39\n|-enditem|p2a: Magearna|Custap Berry|[eat]\n|-activate|p2a: Magearna|item: Custap Berry|[consumed]\n|\n|t:|1664713177\n|move|p2a: Magearna|Fleur Cannon|p1a: Volc\n|-resisted|p1a: Volc\n|-damage|p1a: Volc|6\/100\n|-unboost|p2a: Magearna|spa|2\n|move|p1a: Volc|Flamethrower|p2a: Magearna\n|-supereffective|p2a: Magearna\n|-damage|p2a: Magearna|0 fnt\n|faint|p2a: Magearna\n|\n|upkeep\n|\n|t:|1664713183\n|switch|p2a: Reuniclus|Reuniclus, M|88\/100\n|turn|40\n|c|\u2606valuee|ok\n|c|\u2606valuee|gg\n|c|\u2606AlIoutdragadarts|gg\n|\n|t:|1664713193\n|move|p1a: Volc|Bug Buzz|p2a: Reuniclus\n|-supereffective|p2a: Reuniclus\n|-damage|p2a: Reuniclus|0 fnt\n|faint|p2a: Reuniclus\n|\n|win|AlIoutdragadarts\n|n|\u2606AlIoutdragadarts|alioutdragadarts\n|n|\u2606valuee|valuee\n|n| mdw233|mdw233\n|n|\u265aBird of belief \u2740|birdofbelief\n","uploadtime":1664713195,"views":22,"p1id":"alioutdragadarts","p2id":"valuee","formatid":"gen7ou","rating":0,"private":0,"password":null}