{"id":"china-gen7ou-150902","p1":"uuuuiiii","p2":"Nitrooo","format":"gen7ou","log":"|j|\u2606uuuuiiii\n|j|\u2606Nitrooo\n|player|p1|uuuuiiii|170\n|player|p2|Nitrooo|12\n|teamsize|p1|6\n|teamsize|p2|6\n|gametype|singles\n|gen|7\n|tier|[Gen 7] OU\n|rated|\n|rule|Sleep Clause Mod: Limit one foe put to sleep\n|rule|Species Clause: Limit one of each Pok\u00e9mon\n|rule|OHKO Clause: OHKO moves are banned\n|rule|Moody Clause: Moody is banned\n|rule|Evasion Moves Clause: Evasion moves are banned\n|rule|Endless Battle Clause: Forcing endless battles is banned\n|rule|HP Percentage Mod: HP is shown in percentages\n|clearpoke\n|poke|p1|Greninja, M|item\n|poke|p1|Zygarde|item\n|poke|p1|Tapu Koko|item\n|poke|p1|Magearna|item\n|poke|p1|Zapdos|item\n|poke|p1|Aerodactyl, M|item\n|poke|p2|Greninja, M|item\n|poke|p2|Landorus-Therian, M|item\n|poke|p2|Charizard, M|item\n|poke|p2|Celesteela|item\n|poke|p2|Jirachi|item\n|poke|p2|Tapu Bulu|item\n|teampreview\n|\n|start\n|switch|p1a: Aerodactyl|Aerodactyl, M, shiny|100\/100\n|switch|p2a: Landorus|Landorus-Therian, M|100\/100\n|-ability|p2a: Landorus|Intimidate|boost\n|-unboost|p1a: Aerodactyl|atk|1\n|turn|1\n|\n|switch|p2a: Celesteela|Celesteela|100\/100\n|detailschange|p1a: Aerodactyl|Aerodactyl-Mega, M, shiny\n|-mega|p1a: Aerodactyl|Aerodactyl|Aerodactylite\n|move|p1a: Aerodactyl|Stealth Rock|p2a: Celesteela\n|-sidestart|p2: Nitrooo|move: Stealth Rock\n|\n|upkeep\n|turn|2\n|\n|switch|p1a: Tapu Koko|Tapu Koko|100\/100\n|-fieldstart|move: Electric Terrain|[from] ability: Electric Surge|[of] p1a: Tapu Koko\n|move|p2a: Celesteela|Heavy Slam|p1a: Tapu Koko\n|-damage|p1a: Tapu Koko|40\/100\n|\n|upkeep\n|turn|3\n|\n|move|p1a: Tapu Koko|Volt Switch|p2a: Celesteela\n|-supereffective|p2a: Celesteela\n|-damage|p2a: Celesteela|60\/100\n|\n|switch|p1a: Zapdos|Zapdos|100\/100\n|-ability|p1a: Zapdos|Pressure\n|move|p2a: Celesteela|Heavy Slam|p1a: Zapdos\n|-resisted|p1a: Zapdos\n|-damage|p1a: Zapdos|84\/100\n|\n|-heal|p1a: Zapdos|90\/100|[from] item: Leftovers\n|upkeep\n|turn|4\n|\n|switch|p2a: Landorus|Landorus-Therian, M|100\/100\n|-damage|p2a: Landorus|88\/100|[from] Stealth Rock\n|-ability|p2a: Landorus|Intimidate|boost\n|-unboost|p1a: Zapdos|atk|1\n|move|p1a: Zapdos|Volt Switch|p2a: Landorus\n|-immune|p2a: Landorus\n|\n|-heal|p1a: Zapdos|96\/100|[from] item: Leftovers\n|upkeep\n|turn|5\n|\n|move|p2a: Landorus|Defog|p1a: Zapdos\n|-unboost|p1a: Zapdos|evasion|1\n|-sideend|p2: Nitrooo|Stealth Rock|[from] move: Defog|[of] p2a: Landorus\n|move|p1a: Zapdos|Heat Wave|p2a: Landorus|[miss]\n|-miss|p1a: Zapdos|p2a: Landorus\n|\n|-heal|p1a: Zapdos|100\/100|[from] item: Leftovers\n|upkeep\n|turn|6\n|\n|switch|p2a: Charizard|Charizard, M|100\/100\n|move|p1a: Zapdos|Heat Wave|p2a: Charizard\n|-resisted|p2a: Charizard\n|-damage|p2a: Charizard|86\/100\n|\n|-fieldend|move: Electric Terrain\n|upkeep\n|turn|7\n|\n|detailschange|p2a: Charizard|Charizard-Mega-X, M\n|-mega|p2a: Charizard|Charizard|Charizardite X\n|move|p1a: Zapdos|Volt Switch|p2a: Charizard\n|-resisted|p2a: Charizard\n|-damage|p2a: Charizard|70\/100\n|\n|switch|p1a: Aerodactyl|Aerodactyl-Mega, M, shiny|100\/100\n|move|p2a: Charizard|Dragon Dance|p2a: Charizard\n|-boost|p2a: Charizard|atk|1\n|-boost|p2a: Charizard|spe|1\n|\n|upkeep\n|turn|8\n|\n|move|p1a: Aerodactyl|Stone Edge|p2a: Charizard\n|-supereffective|p2a: Charizard\n|-damage|p2a: Charizard|0 fnt\n|faint|p2a: Charizard\n|\n|upkeep\n|\n|switch|p2a: Jirachi|Jirachi|100\/100\n|turn|9\n|\n|switch|p1a: Zapdos|Zapdos|100\/100\n|-ability|p1a: Zapdos|Pressure\n|move|p2a: Jirachi|Stealth Rock|p1a: Zapdos\n|-sidestart|p1: uuuuiiii|move: Stealth Rock\n|\n|upkeep\n|turn|10\n|\n|switch|p2a: Landorus|Landorus-Therian, M|88\/100\n|-ability|p2a: Landorus|Intimidate|boost\n|-unboost|p1a: Zapdos|atk|1\n|move|p1a: Zapdos|Defog|p2a: Landorus\n|-unboost|p2a: Landorus|evasion|1\n|-sideend|p1: uuuuiiii|Stealth Rock|[from] move: Defog|[of] p1a: Zapdos\n|\n|upkeep\n|turn|11\n|\n|move|p2a: Landorus|Hidden Power|p1a: Zapdos\n|-supereffective|p1a: Zapdos\n|-damage|p1a: Zapdos|71\/100\n|move|p1a: Zapdos|Heat Wave|p2a: Landorus\n|-damage|p2a: Landorus|56\/100\n|\n|-heal|p1a: Zapdos|78\/100|[from] item: Leftovers\n|upkeep\n|turn|12\n|\n|switch|p2a: Greninja|Greninja, M|100\/100\n|move|p1a: Zapdos|Heat Wave|p2a: Greninja|[miss]\n|-miss|p1a: Zapdos|p2a: Greninja\n|\n|-heal|p1a: Zapdos|84\/100|[from] item: Leftovers\n|upkeep\n|turn|13\n|\n|switch|p2a: Landorus|Landorus-Therian, M|56\/100\n|-ability|p2a: Landorus|Intimidate|boost\n|-unboost|p1a: Zapdos|atk|1\n|move|p1a: Zapdos|Volt Switch|p2a: Landorus\n|-immune|p2a: Landorus\n|\n|-heal|p1a: Zapdos|90\/100|[from] item: Leftovers\n|upkeep\n|turn|14\n|\n|move|p2a: Landorus|Explosion|p1a: Zapdos\n|-damage|p1a: Zapdos|18\/100\n|faint|p2a: Landorus\n|move|p1a: Zapdos|Heat Wave|p2: Landorus|[notarget]\n|-notarget\n|\n|-heal|p1a: Zapdos|24\/100|[from] item: Leftovers\n|upkeep\n|\n|switch|p2a: Greninja|Greninja, M|100\/100\n|turn|15\n|\n|switch|p1a: Magearna|Magearna|100\/100\n|move|p2a: Greninja|Dark Pulse|p1a: Magearna\n|-resisted|p1a: Magearna\n|-damage|p1a: Magearna|83\/100\n|\n|upkeep\n|turn|16\n|\n|switch|p2a: Celesteela|Celesteela|60\/100\n|move|p1a: Magearna|Volt Switch|p2a: Celesteela\n|-supereffective|p2a: Celesteela\n|-damage|p2a: Celesteela|34\/100\n|\n|switch|p1a: Tapu Koko|Tapu Koko|40\/100\n|-fieldstart|move: Electric Terrain|[from] ability: Electric Surge|[of] p1a: Tapu Koko\n|\n|upkeep\n|turn|17\n|\n|switch|p2a: Tapu Bulu|Tapu Bulu|100\/100\n|-fieldstart|move: Grassy Terrain|[from] ability: Grassy Surge|[of] p2a: Tapu Bulu\n|move|p1a: Tapu Koko|Volt Switch|p2a: Tapu Bulu\n|-resisted|p2a: Tapu Bulu\n|-damage|p2a: Tapu Bulu|84\/100\n|\n|switch|p1a: Greninja|Greninja, M|100\/100\n|\n|-heal|p2a: Tapu Bulu|90\/100|[from] Grassy Terrain\n|upkeep\n|turn|18\n|\n|move|p1a: Greninja|Hidden Power|p2a: Tapu Bulu\n|-start|p1a: Greninja|typechange|Fire|[from] Protean\n|-supereffective|p2a: Tapu Bulu\n|-damage|p2a: Tapu Bulu|33\/100\n|move|p2a: Tapu Bulu|Swords Dance|p2a: Tapu Bulu\n|-boost|p2a: Tapu Bulu|atk|2\n|\n|-heal|p2a: Tapu Bulu|38\/100|[from] Grassy Terrain\n|upkeep\n|turn|19\n|\n|move|p1a: Greninja|Hidden Power|p2a: Tapu Bulu\n|-supereffective|p2a: Tapu Bulu\n|-damage|p2a: Tapu Bulu|0 fnt\n|faint|p2a: Tapu Bulu\n|\n|upkeep\n|\n|switch|p2a: Greninja|Greninja, M|100\/100\n|turn|20\n|\n|switch|p1a: Magearna|Magearna|83\/100\n|move|p2a: Greninja|Hydro Pump|p1a: Magearna\n|-damage|p1a: Magearna|35\/100\n|\n|-heal|p1a: Magearna|41\/100|[from] Grassy Terrain\n|upkeep\n|turn|21\n|\n|move|p2a: Greninja|Hydro Pump|p1a: Magearna|[miss]\n|-miss|p2a: Greninja|p1a: Magearna\n|move|p1a: Magearna|Volt Switch|p2a: Greninja\n|-supereffective|p2a: Greninja\n|-damage|p2a: Greninja|18\/100\n|\n|switch|p1a: Tapu Koko|Tapu Koko|40\/100\n|-fieldstart|move: Electric Terrain|[from] ability: Electric Surge|[of] p1a: Tapu Koko\n|\n|upkeep\n|turn|22\n|\n|switch|p2a: Celesteela|Celesteela|34\/100\n|move|p1a: Tapu Koko|Volt Switch|p2a: Celesteela\n|-supereffective|p2a: Celesteela\n|-damage|p2a: Celesteela|0 fnt\n|faint|p2a: Celesteela\n|\n|switch|p1a: Greninja|Greninja, M|100\/100\n|\n|upkeep\n|\n|switch|p2a: Jirachi|Jirachi|100\/100\n|turn|23\n|\n|move|p1a: Greninja|Low Kick|p2a: Jirachi\n|-start|p1a: Greninja|typechange|Fighting|[from] Protean\n|-damage|p2a: Jirachi|95\/100\n|move|p2a: Jirachi|Thunderbolt|p1a: Greninja\n|-damage|p1a: Greninja|49\/100\n|\n|-heal|p2a: Jirachi|100\/100|[from] item: Leftovers\n|upkeep\n|turn|24\n|\n|move|p1a: Greninja|Hidden Power|p2a: Jirachi\n|-start|p1a: Greninja|typechange|Fire|[from] Protean\n|-supereffective|p2a: Jirachi\n|-damage|p2a: Jirachi|60\/100\n|move|p2a: Jirachi|Thunderbolt|p1a: Greninja\n|-damage|p1a: Greninja|1\/100\n|\n|-heal|p2a: Jirachi|66\/100|[from] item: Leftovers\n|upkeep\n|turn|25\n|\n|move|p1a: Greninja|Hidden Power|p2a: Jirachi\n|-supereffective|p2a: Jirachi\n|-damage|p2a: Jirachi|24\/100\n|move|p2a: Jirachi|Wish|p2a: Jirachi\n|\n|-heal|p2a: Jirachi|30\/100|[from] item: Leftovers\n|-fieldend|move: Electric Terrain\n|upkeep\n|turn|26\n|\n|switch|p2a: Greninja|Greninja, M|18\/100\n|move|p1a: Greninja|Hidden Power|p2a: Greninja\n|-resisted|p2a: Greninja\n|-damage|p2a: Greninja|1\/100\n|\n|-heal|p2a: Greninja|71\/100|[from] move: Wish|[wisher] Jirachi\n|upkeep\n|turn|27\n|\n|move|p2a: Greninja|Water Shuriken|p1a: Greninja\n|-supereffective|p1a: Greninja\n|-damage|p1a: Greninja|0 fnt\n|-hitcount|p1a: Greninja|1\n|faint|p1a: Greninja\n|-activate|p2a: Greninja|ability: Battle Bond\n|detailschange|p2a: Greninja|Greninja-Ash, M\n|\n|upkeep\n|\n|switch|p1a: Magearna|Magearna|41\/100\n|turn|28\n|\n|move|p2a: Greninja|Water Shuriken|p1a: Magearna\n|-damage|p1a: Magearna|31\/100\n|-damage|p1a: Magearna|20\/100\n|-damage|p1a: Magearna|9\/100\n|-hitcount|p1a: Magearna|3\n|move|p1a: Magearna|Volt Switch|p2a: Greninja\n|-supereffective|p2a: Greninja\n|-damage|p2a: Greninja|0 fnt\n|faint|p2a: Greninja\n|-ability|p1a: Magearna|Soul-Heart|boost\n|-boost|p1a: Magearna|spa|1\n|\n|switch|p1a: Zapdos|Zapdos|24\/100\n|-ability|p1a: Zapdos|Pressure\n|\n|-heal|p1a: Zapdos|30\/100|[from] item: Leftovers\n|upkeep\n|\n|switch|p2a: Jirachi|Jirachi|30\/100\n|turn|29\n|\n|move|p1a: Zapdos|Heat Wave|p2a: Jirachi\n|-supereffective|p2a: Jirachi\n|-damage|p2a: Jirachi|0 fnt\n|faint|p2a: Jirachi\n|\n|win|uuuuiiii\n|raw|uuuuiiii's rating: 1407 &rarr; <strong>1416<\/strong><br \/>(+9 for winning)\n|raw|Nitrooo's rating: 1191 &rarr; <strong>1180<\/strong><br \/>(-11 for losing)\n|l|\u2606uuuuiiii\n","uploadtime":1544336670,"views":8,"p1id":"uuuuiiii","p2id":"nitrooo","formatid":"gen7ou","rating":0,"private":0,"password":null}