{"id":"china-gen8randombattle-469947","p1":"youke","p2":"gostop","format":"gen8randombattle","log":"|j|\u2606youke\n|j|\u2606gostop\n|t:|1621858483\n|gametype|singles\n|player|p1|youke|korrina|\n|player|p2|gostop|gostop.gif|\n|teamsize|p1|6\n|teamsize|p2|6\n|gen|8\n|tier|[Gen 8] Random Battle\n|rule|Species Clause: Limit one of each Pok\u00e9mon\n|rule|HP Percentage Mod: HP is shown in percentages\n|rule|Sleep Clause Mod: Limit one foe put to sleep\n|\n|t:|1621858483\n|start\n|switch|p1a: Beheeyem|Beheeyem, L86, M|269\/269\n|switch|p2a: Sandslash|Sandslash-Alola, L86, M|269\/269\n|turn|1\n|j| Ban Volca\n|j|\u265aAllen-xia\n|j| SplatoonVGC\n|j|\u265aJanBeatJustin\n|j| vusty fans3\n|j| hidskfsl\n|\n|t:|1621858521\n|move|p2a: Sandslash|Knock Off|p1a: Beheeyem\n|-supereffective|p1a: Beheeyem\n|-damage|p1a: Beheeyem|69\/269\n|-enditem|p1a: Beheeyem|Choice Specs|[from] move: Knock Off|[of] p2a: Sandslash\n|-damage|p2a: Sandslash|243\/269|[from] item: Life Orb\n|move|p1a: Beheeyem|Trick|p2a: Sandslash\n|-activate|p1a: Beheeyem|move: Trick|[of] p2a: Sandslash\n|-enditem|p2a: Sandslash|Life Orb|[silent]|[from] move: Trick\n|-item|p1a: Beheeyem|Life Orb|[from] move: Trick\n|\n|upkeep\n|turn|2\n|j| 4.aa.m\n|\n|t:|1621858557\n|move|p2a: Sandslash|Knock Off|p1a: Beheeyem\n|-supereffective|p1a: Beheeyem\n|-crit|p1a: Beheeyem\n|-damage|p1a: Beheeyem|0 fnt\n|-enditem|p1a: Beheeyem|Life Orb|[from] move: Knock Off|[of] p2a: Sandslash\n|faint|p1a: Beheeyem\n|\n|upkeep\n|\n|t:|1621858559\n|switch|p1a: Sirfetch\u2019d|Sirfetch\u2019d, L82, M|236\/236\n|turn|3\n|\n|t:|1621858619\n|switch|p2a: Tornadus|Tornadus, L80, M|258\/258\n|move|p1a: Sirfetch\u2019d|Close Combat|p2a: Tornadus\n|-resisted|p2a: Tornadus\n|-damage|p2a: Tornadus|135\/258\n|-unboost|p1a: Sirfetch\u2019d|def|1\n|-unboost|p1a: Sirfetch\u2019d|spd|1\n|-damage|p1a: Sirfetch\u2019d|213\/236|[from] item: Life Orb\n|\n|upkeep\n|turn|4\n|\n|t:|1621858631\n|switch|p1a: Blissey|Blissey, L83, F|559\/559\n|move|p2a: Tornadus|Hurricane|p1a: Blissey|[miss]\n|-miss|p2a: Tornadus|p1a: Blissey\n|\n|upkeep\n|turn|5\n|inactive|Battle timer is ON: inactive players will automatically lose when time's up. (requested by youke)\n|\n|t:|1621858704\n|switch|p2a: Scolipede|Scolipede, L80, F|227\/227\n|move|p1a: Blissey|Stealth Rock|p2a: Scolipede\n|-sidestart|p2: gostop|move: Stealth Rock\n|\n|upkeep\n|turn|6\n|\n|t:|1621858712\n|switch|p1a: Doublade|Doublade, L82, F|231\/231\n|move|p2a: Scolipede|Swords Dance|p2a: Scolipede\n|-boost|p2a: Scolipede|atk|2\n|\n|-ability|p2a: Scolipede|Speed Boost|boost\n|-boost|p2a: Scolipede|spe|1\n|upkeep\n|turn|7\n|\n|t:|1621858725\n|-start|p2a: Scolipede|Dynamax\n|-heal|p2a: Scolipede|454\/454|[silent]\n|move|p2a: Scolipede|Max Quake|p1a: Doublade\n|-supereffective|p1a: Doublade\n|-damage|p1a: Doublade|26\/231\n|-boost|p2a: Scolipede|spd|1\n|-damage|p2a: Scolipede|432\/454|[from] item: Life Orb\n|move|p1a: Doublade|Iron Head|p2a: Scolipede\n|-damage|p2a: Scolipede|338\/454\n|\n|-ability|p2a: Scolipede|Speed Boost|boost\n|-boost|p2a: Scolipede|spe|1\n|upkeep\n|turn|8\n|l|\u265aAllen-xia\n|\n|t:|1621858754\n|move|p1a: Doublade|Shadow Sneak|p2a: Scolipede\n|-damage|p2a: Scolipede|290\/454\n|move|p2a: Scolipede|Max Quake|p1a: Doublade\n|-supereffective|p1a: Doublade\n|-damage|p1a: Doublade|0 fnt\n|-boost|p2a: Scolipede|spd|1\n|faint|p1a: Doublade\n|-damage|p2a: Scolipede|268\/454|[from] item: Life Orb\n|\n|-ability|p2a: Scolipede|Speed Boost|boost\n|-boost|p2a: Scolipede|spe|1\n|upkeep\n|j|\u265aAllen-xia\n|inactive|youke has 270 seconds left.\n|\n|t:|1621858767\n|switch|p1a: Sirfetch\u2019d|Sirfetch\u2019d, L82, M|213\/236\n|turn|9\n|inactive|youke has 270 seconds left.\n|\n|t:|1621858782\n|-start|p1a: Sirfetch\u2019d|Dynamax\n|-heal|p1a: Sirfetch\u2019d|426\/472|[silent]\n|move|p1a: Sirfetch\u2019d|Max Guard|p1a: Sirfetch\u2019d\n|-singleturn|p1a: Sirfetch\u2019d|Max Guard\n|move|p2a: Scolipede|Max Ooze|p1a: Sirfetch\u2019d\n|-activate|p1a: Sirfetch\u2019d|move: Max Guard\n|\n|-ability|p2a: Scolipede|Speed Boost|boost\n|-boost|p2a: Scolipede|spe|1\n|-end|p2a: Scolipede|Dynamax\n|-heal|p2a: Scolipede|134\/227|[silent]\n|upkeep\n|turn|10\n|inactive|youke has 270 seconds left.\n|j| xiaoaimi\n|\n|t:|1621858802\n|move|p2a: Scolipede|Poison Jab|p1a: Sirfetch\u2019d\n|-damage|p1a: Sirfetch\u2019d|226\/472\n|-status|p1a: Sirfetch\u2019d|psn\n|-damage|p2a: Scolipede|112\/227|[from] item: Life Orb\n|move|p1a: Sirfetch\u2019d|Max Airstream|p2a: Scolipede\n|-supereffective|p2a: Scolipede\n|-damage|p2a: Scolipede|0 fnt\n|-boost|p1a: Sirfetch\u2019d|spe|1\n|faint|p2a: Scolipede\n|-damage|p1a: Sirfetch\u2019d|203\/472 psn|[from] item: Life Orb\n|\n|-damage|p1a: Sirfetch\u2019d|174\/472 psn|[from] psn\n|upkeep\n|j| XPSH\n|inactive|gostop has 270 seconds left.\n|j| youke fans200\n|inactive|gostop has 240 seconds left.\n|inactive|gostop has 210 seconds left.\n|\n|t:|1621858878\n|switch|p2a: Pelipper|Pelipper, L86, F|243\/243\n|-weather|RainDance|[from] ability: Drizzle|[of] p2a: Pelipper\n|turn|11\n|l|\u265aAllen-xia\n|inactive|gostop has 210 seconds left.\n|\n|t:|1621858904\n|move|p1a: Sirfetch\u2019d|Max Airstream|p2a: Pelipper\n|-damage|p2a: Pelipper|96\/243\n|-boost|p1a: Sirfetch\u2019d|spe|1\n|-damage|p1a: Sirfetch\u2019d|151\/472 psn|[from] item: Life Orb\n|move|p2a: Pelipper|Roost|p2a: Pelipper\n|-heal|p2a: Pelipper|218\/243\n|-singleturn|p2a: Pelipper|move: Roost\n|\n|-weather|RainDance|[upkeep]\n|-damage|p1a: Sirfetch\u2019d|122\/472 psn|[from] psn\n|-end|p1a: Sirfetch\u2019d|Dynamax\n|-heal|p1a: Sirfetch\u2019d|61\/236 psn|[silent]\n|upkeep\n|turn|12\n|inactive|gostop has 180 seconds left.\n|\n|t:|1621858939\n|move|p1a: Sirfetch\u2019d|Knock Off|p2a: Pelipper\n|-damage|p2a: Pelipper|122\/243\n|-enditem|p2a: Pelipper|Heavy-Duty Boots|[from] move: Knock Off|[of] p1a: Sirfetch\u2019d\n|-damage|p1a: Sirfetch\u2019d|38\/236 psn|[from] item: Life Orb\n|move|p2a: Pelipper|Scald|p1a: Sirfetch\u2019d\n|-damage|p1a: Sirfetch\u2019d|0 fnt\n|faint|p1a: Sirfetch\u2019d\n|\n|-weather|RainDance|[upkeep]\n|upkeep\n|\n|t:|1621858944\n|switch|p1a: Heliolisk|Heliolisk, L82, M|236\/236\n|turn|13\n|inactive|gostop has 180 seconds left.\n|inactive|youke has 270 seconds left.\n|\n|t:|1621858969\n|move|p1a: Heliolisk|Volt Switch|p2a: Pelipper\n|-supereffective|p2a: Pelipper\n|-damage|p2a: Pelipper|0 fnt\n|faint|p2a: Pelipper\n|-damage|p1a: Heliolisk|213\/236|[from] item: Life Orb\n|\n|t:|1621858973\n|switch|p1a: Blissey|Blissey, L83, F|559\/559\n|\n|-weather|RainDance|[upkeep]\n|upkeep\n|inactive|gostop has 180 seconds left.\n|inactive|gostop has 150 seconds left.\n|\n|t:|1621859017\n|switch|p2a: Sandslash|Sandslash-Alola, L86, M|243\/269\n|-damage|p2a: Sandslash|210\/269|[from] Stealth Rock\n|turn|14\n|inactive|gostop has 150 seconds left.\n|j|\u265aAllen-xia\n|inactive|youke has 270 seconds left.\n|\n|t:|1621859046\n|move|p2a: Sandslash|Triple Axel|p1a: Blissey\n|-damage|p1a: Blissey|495\/559\n|-damage|p1a: Blissey|366\/559\n|-damage|p1a: Blissey|152\/559\n|-hitcount|p1a: Blissey|3\n|move|p1a: Blissey|Seismic Toss|p2a: Sandslash\n|-damage|p2a: Sandslash|127\/269\n|\n|-weather|RainDance|[upkeep]\n|-heal|p1a: Blissey|186\/559|[from] item: Leftovers\n|upkeep\n|turn|15\n|inactive|youke has 270 seconds left.\n|\n|t:|1621859062\n|move|p2a: Sandslash|Knock Off|p1a: Blissey\n|-damage|p1a: Blissey|0 fnt\n|-enditem|p1a: Blissey|Leftovers|[from] move: Knock Off|[of] p2a: Sandslash\n|faint|p1a: Blissey\n|\n|-weather|none\n|upkeep\n|\n|t:|1621859064\n|switch|p1a: Heliolisk|Heliolisk, L82, M|213\/236\n|turn|16\n|inactive|youke has 270 seconds left.\n|\n|t:|1621859077\n|move|p1a: Heliolisk|Thunderbolt|p2a: Sandslash\n|-damage|p2a: Sandslash|0 fnt\n|faint|p2a: Sandslash\n|-damage|p1a: Heliolisk|190\/236|[from] item: Life Orb\n|\n|upkeep\n|inactive|gostop has 120 seconds left.\n|\n|t:|1621859118\n|switch|p2a: Regice|Regice, L84|271\/271\n|-damage|p2a: Regice|204\/271|[from] Stealth Rock\n|turn|17\n|\n|t:|1621859130\n|move|p1a: Heliolisk|Glare|p2a: Regice\n|-status|p2a: Regice|par\n|cant|p2a: Regice|par\n|\n|upkeep\n|turn|18\n|\n|t:|1621859145\n|move|p1a: Heliolisk|Thunderbolt|p2a: Regice\n|-damage|p2a: Regice|133\/271 par\n|-damage|p1a: Heliolisk|167\/236|[from] item: Life Orb\n|move|p2a: Regice|Ice Beam|p1a: Heliolisk\n|-damage|p1a: Heliolisk|76\/236\n|\n|upkeep\n|turn|19\n|\n|t:|1621859152\n|move|p1a: Heliolisk|Thunderbolt|p2a: Regice\n|-damage|p2a: Regice|65\/271 par\n|-damage|p1a: Heliolisk|53\/236|[from] item: Life Orb\n|cant|p2a: Regice|par\n|\n|upkeep\n|turn|20\n|\n|t:|1621859159\n|move|p1a: Heliolisk|Thunderbolt|p2a: Regice\n|-damage|p2a: Regice|0 fnt\n|faint|p2a: Regice\n|-damage|p1a: Heliolisk|30\/236|[from] item: Life Orb\n|\n|upkeep\n|\n|t:|1621859175\n|switch|p2a: Indeedee|Indeedee-F, L84, F|255\/255\n|-damage|p2a: Indeedee|224\/255|[from] Stealth Rock\n|-fieldstart|move: Psychic Terrain|[from] ability: Psychic Surge|[of] p2a: Indeedee\n|turn|21\n|\n|t:|1621859187\n|move|p1a: Heliolisk|Thunderbolt|p2a: Indeedee\n|-damage|p2a: Indeedee|117\/255\n|-damage|p1a: Heliolisk|7\/236|[from] item: Life Orb\n|move|p2a: Indeedee|Expanding Force|p1a: Heliolisk\n|-damage|p1a: Heliolisk|0 fnt\n|faint|p1a: Heliolisk\n|-damage|p2a: Indeedee|92\/255|[from] item: Life Orb\n|\n|upkeep\n|\n|t:|1621859193\n|switch|p1a: Hatterene|Hatterene, L86, F|238\/238\n|turn|22\n|inactive|gostop has 120 seconds left.\n|\n|t:|1621859227\n|move|p2a: Indeedee|Hyper Voice|p1a: Hatterene\n|-damage|p1a: Hatterene|128\/238\n|-damage|p2a: Indeedee|67\/255|[from] item: Life Orb\n|move|p1a: Hatterene|Trick Room|p1a: Hatterene\n|-fieldstart|move: Trick Room|[of] p1a: Hatterene\n|\n|upkeep\n|turn|23\n|\n|t:|1621859238\n|move|p1a: Hatterene|Dazzling Gleam|p2a: Indeedee\n|-damage|p2a: Indeedee|0 fnt\n|faint|p2a: Indeedee\n|-damage|p1a: Hatterene|105\/238|[from] item: Life Orb\n|\n|upkeep\n|\n|t:|1621859244\n|switch|p2a: Tornadus|Tornadus, L80, M|135\/258\n|turn|24\n|c|\u2606youke|thx\n|inactive|gostop has 90 seconds left.\n|\n|t:|1621859263\n|move|p1a: Hatterene|Psychic|p2a: Tornadus\n|-damage|p2a: Tornadus|0 fnt\n|faint|p2a: Tornadus\n|-damage|p1a: Hatterene|82\/238|[from] item: Life Orb\n|\n|win|youke\n|c|\u2606youke|gg\n|l| XPSH\n","inputlog":">version 0025f653c28627c932206d8372f4e4d06f6ee6cc\n>version-origin 3918ebd609a2bd57e0326bf76fca79306b37a61f\n>start {\"formatid\":\"gen8randombattle\",\"seed\":[21828,2867,58526,21285]}\n>player p1 {\"name\":\"youke\",\"avatar\":\"korrina\",\"rating\":0,\"seed\":[27969,28711,57296,62883]}\n>player p2 {\"name\":\"gostop\",\"avatar\":\"gostop.gif\",\"rating\":0,\"seed\":[18597,41729,39463,34888]}\n>p1 move trick\n>p2 move knockoff\n>p1 move thunderbolt\n>p2 move knockoff\n>p1 switch 6\n>p1 move closecombat\n>p2 switch 2\n>p1 switch 5\n>p2 move hurricane\n>p1 move stealthrock\n>p2 switch 5\n>p1 switch 2\n>p2 move swordsdance\n>p1 move ironhead\n>p2 move earthquake dynamax\n>p1 move shadowsneak\n>p2 move earthquake dynamax\n>p1 switch 5\n>p1 move swordsdance dynamax\n>p2 move poisonjab dynamax\n>p1 move bravebird dynamax\n>p2 move poisonjab\n>p2 switch 6\n>p1 move bravebird dynamax\n>p2 move roost\n>p1 move knockoff\n>p2 move scald\n>p1 switch 4\n>p1 move voltswitch\n>p2 move uturn\n>p1 switch 2\n>p2 switch 2\n>p1 move seismictoss\n>p2 move tripleaxel\n>p1 move softboiled\n>p2 move knockoff\n>p1 switch 2\n>p1 move thunderbolt\n>p2 move knockoff\n>p2 switch 4\n>p1 move glare\n>p2 move rockpolish\n>p1 move thunderbolt\n>p2 move icebeam\n>p1 move thunderbolt\n>p2 move icebeam\n>p1 move thunderbolt\n>p2 move icebeam\n>p2 switch 3\n>p1 move thunderbolt\n>p2 move expandingforce\n>p1 switch 3\n>p1 move trickroom\n>p2 move hypervoice\n>p1 move dazzlinggleam\n>p2 move mysticalfire\n>p2 switch 5\n>chat \u2606youke|thx\n>p1 move psychic\n>p2 move hurricane","uploadtime":1621859277,"views":24,"p1id":"youke","p2id":"gostop","formatid":"gen8randombattle","rating":0,"private":0,"password":null}