{"id":"china-gen7ou-150469","p1":"uuuuiiii","p2":"hoeyob","format":"gen7ou","log":"|j|\u2606uuuuiiii\n|j|\u2606hoeyob\n|player|p1|uuuuiiii|170\n|player|p2|hoeyob|260\n|teamsize|p1|6\n|teamsize|p2|6\n|gametype|singles\n|gen|7\n|tier|[Gen 7] OU\n|rated|\n|rule|Sleep Clause Mod: Limit one foe put to sleep\n|rule|Species Clause: Limit one of each Pok\u00e9mon\n|rule|OHKO Clause: OHKO moves are banned\n|rule|Moody Clause: Moody is banned\n|rule|Evasion Moves Clause: Evasion moves are banned\n|rule|Endless Battle Clause: Forcing endless battles is banned\n|rule|HP Percentage Mod: HP is shown in percentages\n|clearpoke\n|poke|p1|Greninja, M|item\n|poke|p1|Zygarde|item\n|poke|p1|Tapu Koko|item\n|poke|p1|Magearna|item\n|poke|p1|Celesteela|item\n|poke|p1|Aerodactyl, M|item\n|poke|p2|Excadrill, F|item\n|poke|p2|Tyranitar, F|item\n|poke|p2|Zapdos|item\n|poke|p2|Tapu Bulu|item\n|poke|p2|Medicham, F|item\n|poke|p2|Clefable, F|item\n|teampreview\n|\n|start\n|switch|p1a: Aerodactyl|Aerodactyl, M, shiny|100\/100\n|switch|p2a: Tyranitar|Tyranitar, F|100\/100\n|-weather|Sandstorm|[from] ability: Sand Stream|[of] p2a: Tyranitar\n|turn|1\n|\n|switch|p1a: Celesteela|Celesteela, shiny|100\/100\n|move|p2a: Tyranitar|Stone Edge|p1a: Celesteela\n|-damage|p1a: Celesteela|42\/100\n|\n|-weather|Sandstorm|[upkeep]\n|upkeep\n|turn|2\n|\n|switch|p1a: Magearna|Magearna|100\/100\n|switch|p2a: Zapdos|Zapdos|100\/100\n|\n|-weather|Sandstorm|[upkeep]\n|-damage|p2a: Zapdos|94\/100|[from] Sandstorm\n|upkeep\n|turn|3\n|\n|switch|p2a: Excadrill|Excadrill, F|100\/100\n|move|p1a: Magearna|Fleur Cannon|p2a: Excadrill\n|-resisted|p2a: Excadrill\n|-damage|p2a: Excadrill|48\/100\n|-unboost|p1a: Magearna|spa|2\n|\n|-weather|Sandstorm|[upkeep]\n|upkeep\n|turn|4\n|\n|switch|p1a: Celesteela|Celesteela, shiny|42\/100\n|move|p2a: Excadrill|Earthquake|p1a: Celesteela\n|-immune|p1a: Celesteela\n|\n|-weather|Sandstorm|[upkeep]\n|upkeep\n|turn|5\n|\n|move|p2a: Excadrill|Iron Head|p1a: Celesteela\n|-resisted|p1a: Celesteela\n|-damage|p1a: Celesteela|11\/100\n|-damage|p2a: Excadrill|38\/100|[from] item: Life Orb\n|cant|p1a: Celesteela|flinch\n|\n|-weather|none\n|upkeep\n|turn|6\n|\n|move|p2a: Excadrill|Iron Head|p1a: Celesteela\n|-resisted|p1a: Celesteela\n|-damage|p1a: Celesteela|0 fnt\n|-damage|p2a: Excadrill|28\/100|[from] item: Life Orb\n|faint|p1a: Celesteela\n|\n|upkeep\n|\n|switch|p1a: Greninja|Greninja, M|100\/100\n|turn|7\n|\n|switch|p2a: Tapu Bulu|Tapu Bulu|100\/100\n|-fieldstart|move: Grassy Terrain|[from] ability: Grassy Surge|[of] p2a: Tapu Bulu\n|move|p1a: Greninja|Hidden Power|p2a: Tapu Bulu\n|-start|p1a: Greninja|typechange|Fire|[from] Protean\n|-supereffective|p2a: Tapu Bulu\n|-damage|p2a: Tapu Bulu|44\/100\n|\n|-heal|p2a: Tapu Bulu|50\/100|[from] Grassy Terrain\n|upkeep\n|turn|8\n|\n|switch|p2a: Tyranitar|Tyranitar, F|100\/100\n|-weather|Sandstorm|[from] ability: Sand Stream|[of] p2a: Tyranitar\n|move|p1a: Greninja|Hidden Power|p2a: Tyranitar\n|-resisted|p2a: Tyranitar\n|-damage|p2a: Tyranitar|97\/100\n|\n|-weather|Sandstorm|[upkeep]\n|-damage|p1a: Greninja|95\/100|[from] Sandstorm\n|-heal|p1a: Greninja|100\/100|[from] Grassy Terrain\n|-heal|p2a: Tyranitar|100\/100|[from] Grassy Terrain\n|upkeep\n|turn|9\n|\n|move|p1a: Greninja|Low Kick|p2a: Tyranitar\n|-start|p1a: Greninja|typechange|Fighting|[from] Protean\n|-supereffective|p2a: Tyranitar\n|-damage|p2a: Tyranitar|0 fnt\n|faint|p2a: Tyranitar\n|\n|-weather|Sandstorm|[upkeep]\n|-damage|p1a: Greninja|95\/100|[from] Sandstorm\n|-heal|p1a: Greninja|100\/100|[from] Grassy Terrain\n|upkeep\n|\n|switch|p2a: Medicham|Medicham, F|100\/100\n|turn|10\n|\n|switch|p1a: Aerodactyl|Aerodactyl, M, shiny|100\/100\n|detailschange|p2a: Medicham|Medicham-Mega, F\n|-mega|p2a: Medicham|Medicham|Medichamite\n|move|p2a: Medicham|Fake Out|p1a: Aerodactyl\n|-resisted|p1a: Aerodactyl\n|-crit|p1a: Aerodactyl\n|-damage|p1a: Aerodactyl|74\/100\n|\n|-weather|Sandstorm|[upkeep]\n|-damage|p2a: Medicham|94\/100|[from] Sandstorm\n|-heal|p2a: Medicham|100\/100|[from] Grassy Terrain\n|upkeep\n|turn|11\n|\n|switch|p2a: Zapdos|Zapdos|94\/100\n|detailschange|p1a: Aerodactyl|Aerodactyl-Mega, M, shiny\n|-mega|p1a: Aerodactyl|Aerodactyl|Aerodactylite\n|move|p1a: Aerodactyl|Stealth Rock|p2a: Zapdos\n|-sidestart|p2: hoeyob|move: Stealth Rock\n|\n|-weather|Sandstorm|[upkeep]\n|-damage|p2a: Zapdos|88\/100|[from] Sandstorm\n|-fieldend|move: Grassy Terrain\n|upkeep\n|turn|12\n|\n|move|p1a: Aerodactyl|Stone Edge|p2a: Zapdos\n|-supereffective|p2a: Zapdos\n|-damage|p2a: Zapdos|11\/100\n|move|p2a: Zapdos|Discharge|p1a: Aerodactyl\n|-supereffective|p1a: Aerodactyl\n|-damage|p1a: Aerodactyl|19\/100\n|-status|p1a: Aerodactyl|par\n|\n|-weather|none\n|upkeep\n|turn|13\n|\n|move|p2a: Zapdos|Roost|p2a: Zapdos\n|-heal|p2a: Zapdos|61\/100\n|cant|p1a: Aerodactyl|par\n|\n|upkeep\n|turn|14\n|\n|move|p2a: Zapdos|Roost|p2a: Zapdos\n|-heal|p2a: Zapdos|100\/100\n|cant|p1a: Aerodactyl|par\n|\n|upkeep\n|turn|15\n|\n|move|p2a: Zapdos|Discharge|p1a: Aerodactyl\n|-supereffective|p1a: Aerodactyl\n|-damage|p1a: Aerodactyl|0 fnt\n|faint|p1a: Aerodactyl\n|\n|upkeep\n|\n|switch|p1a: Magearna|Magearna|100\/100\n|turn|16\n|\n|move|p2a: Zapdos|Discharge|p1a: Magearna\n|-damage|p1a: Magearna|81\/100\n|move|p1a: Magearna|Ice Beam|p2a: Zapdos\n|-supereffective|p2a: Zapdos\n|-damage|p2a: Zapdos|28\/100\n|\n|upkeep\n|turn|17\n|\n|move|p2a: Zapdos|Roost|p2a: Zapdos\n|-heal|p2a: Zapdos|78\/100\n|move|p1a: Magearna|Fleur Cannon|p2a: Zapdos\n|-damage|p2a: Zapdos|10\/100\n|-unboost|p1a: Magearna|spa|2\n|\n|upkeep\n|turn|18\n|\n|move|p2a: Zapdos|Roost|p2a: Zapdos\n|-heal|p2a: Zapdos|60\/100\n|move|p1a: Magearna|Volt Switch|p2a: Zapdos\n|-resisted|p2a: Zapdos\n|-damage|p2a: Zapdos|54\/100\n|\n|switch|p1a: Tapu Koko|Tapu Koko|100\/100\n|-fieldstart|move: Electric Terrain|[from] ability: Electric Surge|[of] p1a: Tapu Koko\n|\n|upkeep\n|turn|19\n|\n|move|p1a: Tapu Koko|Thunderbolt|p2a: Zapdos\n|-damage|p2a: Zapdos|1\/100\n|move|p2a: Zapdos|Roost|p2a: Zapdos\n|-heal|p2a: Zapdos|51\/100\n|\n|upkeep\n|turn|20\n|\n|switch|p2a: Excadrill|Excadrill, F|28\/100\n|-damage|p2a: Excadrill|25\/100|[from] Stealth Rock\n|move|p1a: Tapu Koko|Thunderbolt|p2a: Excadrill\n|-immune|p2a: Excadrill\n|\n|upkeep\n|turn|21\n|\n|switch|p1a: Zygarde|Zygarde|100\/100\n|-ability|p1a: Zygarde|Aura Break\n|move|p2a: Excadrill|Earthquake|p1a: Zygarde\n|-damage|p1a: Zygarde|53\/100\n|-damage|p2a: Excadrill|15\/100|[from] item: Life Orb\n|\n|-heal|p1a: Zygarde|59\/100|[from] item: Leftovers\n|upkeep\n|turn|22\n|\n|switch|p2a: Tapu Bulu|Tapu Bulu|50\/100\n|-damage|p2a: Tapu Bulu|38\/100|[from] Stealth Rock\n|-fieldstart|move: Grassy Terrain|[from] ability: Grassy Surge|[of] p2a: Tapu Bulu\n|move|p1a: Zygarde|Thousand Arrows|p2a: Tapu Bulu\n|-resisted|p2a: Tapu Bulu\n|-damage|p2a: Tapu Bulu|23\/100\n|\n|-heal|p1a: Zygarde|65\/100|[from] item: Leftovers\n|-heal|p1a: Zygarde|72\/100|[from] Grassy Terrain\n|-heal|p2a: Tapu Bulu|29\/100|[from] Grassy Terrain\n|upkeep\n|turn|23\n|\n|move|p1a: Zygarde|Substitute|p1a: Zygarde\n|-start|p1a: Zygarde|Substitute\n|-damage|p1a: Zygarde|47\/100\n|move|p2a: Tapu Bulu|Swords Dance|p2a: Tapu Bulu\n|-boost|p2a: Tapu Bulu|atk|2\n|\n|-heal|p1a: Zygarde|53\/100|[from] item: Leftovers\n|-heal|p1a: Zygarde|59\/100|[from] Grassy Terrain\n|-heal|p2a: Tapu Bulu|35\/100|[from] Grassy Terrain\n|upkeep\n|turn|24\n|\n|move|p1a: Zygarde|Thousand Arrows|p2a: Tapu Bulu\n|-resisted|p2a: Tapu Bulu\n|-damage|p2a: Tapu Bulu|22\/100\n|move|p2a: Tapu Bulu|Stone Edge|p1a: Zygarde\n|-resisted|p1a: Zygarde\n|-activate|p1a: Zygarde|move: Substitute|[damage]\n|\n|-heal|p1a: Zygarde|65\/100|[from] item: Leftovers\n|-heal|p1a: Zygarde|71\/100|[from] Grassy Terrain\n|-heal|p2a: Tapu Bulu|28\/100|[from] Grassy Terrain\n|upkeep\n|turn|25\n|\n|move|p1a: Zygarde|Coil|p1a: Zygarde\n|-boost|p1a: Zygarde|atk|1\n|-boost|p1a: Zygarde|def|1\n|-boost|p1a: Zygarde|accuracy|1\n|move|p2a: Tapu Bulu|Wood Hammer|p1a: Zygarde\n|-end|p1a: Zygarde|Substitute\n|-damage|p2a: Tapu Bulu|26\/100|[from] Recoil|[of] p1a: Zygarde\n|\n|-heal|p1a: Zygarde|78\/100|[from] item: Leftovers\n|-heal|p1a: Zygarde|84\/100|[from] Grassy Terrain\n|-heal|p2a: Tapu Bulu|33\/100|[from] Grassy Terrain\n|upkeep\n|turn|26\n|\n|move|p1a: Zygarde|Thousand Arrows|p2a: Tapu Bulu\n|-resisted|p2a: Tapu Bulu\n|-damage|p2a: Tapu Bulu|11\/100\n|-zpower|p2a: Tapu Bulu\n|move|p2a: Tapu Bulu|Continental Crush|p1a: Zygarde|[zeffect]\n|-resisted|p1a: Zygarde\n|-damage|p1a: Zygarde|56\/100\n|\n|-heal|p1a: Zygarde|62\/100|[from] item: Leftovers\n|-heal|p1a: Zygarde|68\/100|[from] Grassy Terrain\n|-heal|p2a: Tapu Bulu|17\/100|[from] Grassy Terrain\n|-fieldend|move: Grassy Terrain\n|upkeep\n|turn|27\n|\n|move|p1a: Zygarde|Thousand Arrows|p2a: Tapu Bulu\n|-resisted|p2a: Tapu Bulu\n|-damage|p2a: Tapu Bulu|0 fnt\n|faint|p2a: Tapu Bulu\n|\n|-heal|p1a: Zygarde|74\/100|[from] item: Leftovers\n|upkeep\n|\n|switch|p2a: Clefable|Clefable, F|100\/100\n|-damage|p2a: Clefable|88\/100|[from] Stealth Rock\n|turn|28\n|\n|move|p1a: Zygarde|Thousand Arrows|p2a: Clefable\n|-damage|p2a: Clefable|64\/100\n|move|p2a: Clefable|Moonblast|p1a: Zygarde\n|-supereffective|p1a: Zygarde\n|-damage|p1a: Zygarde|31\/100\n|\n|-heal|p1a: Zygarde|37\/100|[from] item: Leftovers\n|-heal|p2a: Clefable|71\/100|[from] item: Leftovers\n|upkeep\n|turn|29\n|\n|move|p1a: Zygarde|Thousand Arrows|p2a: Clefable\n|-damage|p2a: Clefable|45\/100\n|move|p2a: Clefable|Wish|p2a: Clefable\n|\n|-heal|p1a: Zygarde|44\/100|[from] item: Leftovers\n|-heal|p2a: Clefable|52\/100|[from] item: Leftovers\n|upkeep\n|turn|30\n|\n|move|p1a: Zygarde|Thousand Arrows|p2a: Clefable\n|-damage|p2a: Clefable|26\/100\n|move|p2a: Clefable|Moonblast|p1a: Zygarde\n|-supereffective|p1a: Zygarde\n|-damage|p1a: Zygarde|0 fnt\n|faint|p1a: Zygarde\n|\n|-heal|p2a: Clefable|76\/100|[from] move: Wish|[wisher] Clefable\n|-heal|p2a: Clefable|82\/100|[from] item: Leftovers\n|upkeep\n|\n|switch|p1a: Greninja|Greninja, M|100\/100\n|turn|31\n|\n|move|p2a: Clefable|Protect|p2a: Clefable\n|-singleturn|p2a: Clefable|Protect\n|move|p1a: Greninja|Gunk Shot|p2a: Clefable\n|-start|p1a: Greninja|typechange|Poison|[from] Protean\n|-activate|p2a: Clefable|move: Protect\n|\n|-heal|p2a: Clefable|88\/100|[from] item: Leftovers\n|upkeep\n|turn|32\n|\n|switch|p2a: Excadrill|Excadrill, F|15\/100\n|-damage|p2a: Excadrill|12\/100|[from] Stealth Rock\n|move|p1a: Greninja|Gunk Shot|p2a: Excadrill\n|-immune|p2a: Excadrill\n|\n|upkeep\n|turn|33\n|\n|switch|p2a: Clefable|Clefable, F|88\/100\n|-damage|p2a: Clefable|75\/100|[from] Stealth Rock\n|move|p1a: Greninja|Hidden Power|p2a: Clefable\n|-start|p1a: Greninja|typechange|Fire|[from] Protean\n|-damage|p2a: Clefable|53\/100\n|\n|-heal|p2a: Clefable|59\/100|[from] item: Leftovers\n|upkeep\n|turn|34\n|\n|move|p1a: Greninja|Gunk Shot|p2a: Clefable\n|-start|p1a: Greninja|typechange|Poison|[from] Protean\n|-supereffective|p2a: Clefable\n|-damage|p2a: Clefable|0 fnt\n|faint|p2a: Clefable\n|\n|upkeep\n|\n|switch|p2a: Medicham|Medicham-Mega, F|100\/100\n|-damage|p2a: Medicham|94\/100|[from] Stealth Rock\n|turn|35\n|\n|switch|p1a: Tapu Koko|Tapu Koko|100\/100\n|-fieldstart|move: Electric Terrain|[from] ability: Electric Surge|[of] p1a: Tapu Koko\n|move|p2a: Medicham|Fake Out|p1a: Tapu Koko\n|-damage|p1a: Tapu Koko|68\/100\n|\n|upkeep\n|turn|36\n|\n|switch|p2a: Zapdos|Zapdos|51\/100\n|-damage|p2a: Zapdos|26\/100|[from] Stealth Rock\n|move|p1a: Tapu Koko|Dazzling Gleam|p2a: Zapdos\n|-damage|p2a: Zapdos|0 fnt\n|faint|p2a: Zapdos\n|\n|upkeep\n|\n|switch|p2a: Excadrill|Excadrill, F|12\/100\n|-damage|p2a: Excadrill|9\/100|[from] Stealth Rock\n|turn|37\n|\n|move|p1a: Tapu Koko|Dazzling Gleam|p2a: Excadrill\n|-resisted|p2a: Excadrill\n|-damage|p2a: Excadrill|0 fnt\n|faint|p2a: Excadrill\n|\n|upkeep\n|\n|switch|p2a: Medicham|Medicham-Mega, F|94\/100\n|-damage|p2a: Medicham|88\/100|[from] Stealth Rock\n|turn|38\n|\n|move|p2a: Medicham|Fake Out|p1a: Tapu Koko\n|-damage|p1a: Tapu Koko|35\/100\n|cant|p1a: Tapu Koko|flinch\n|\n|upkeep\n|turn|39\n|\n|move|p1a: Tapu Koko|Dazzling Gleam|p2a: Medicham\n|-supereffective|p2a: Medicham\n|-damage|p2a: Medicham|0 fnt\n|faint|p2a: Medicham\n|\n|win|uuuuiiii\n|raw|uuuuiiii's rating: 1387 &rarr; <strong>1403<\/strong><br \/>(+16 for winning)\n|raw|hoeyob's rating: 1321 &rarr; <strong>1301<\/strong><br \/>(-20 for losing)\n|l|\u2606hoeyob\n|j|\u2606hoeyob\n","uploadtime":1544331024,"views":5,"p1id":"uuuuiiii","p2id":"hoeyob","formatid":"gen7ou","rating":0,"private":0,"password":null}