{"id":"china-gen7ou-131410","p1":"AK01","p2":"uuuuiiii","format":"gen7ou","log":"|j|\u2606AK01\n|j|\u2606uuuuiiii\n|player|p1|AK01|16\n|player|p2|uuuuiiii|2\n|teamsize|p1|6\n|teamsize|p2|6\n|gametype|singles\n|gen|7\n|tier|[Gen 7] OU\n|rated|\n|rule|Sleep Clause Mod: Limit one foe put to sleep\n|rule|Species Clause: Limit one of each Pok\u00e9mon\n|rule|OHKO Clause: OHKO moves are banned\n|rule|Moody Clause: Moody is banned\n|rule|Evasion Moves Clause: Evasion moves are banned\n|rule|Endless Battle Clause: Forcing endless battles is banned\n|rule|HP Percentage Mod: HP is shown in percentages\n|clearpoke\n|poke|p1|Sableye, F|item\n|poke|p1|Chansey, F|item\n|poke|p1|Gliscor, F|item\n|poke|p1|Skarmory, F|item\n|poke|p1|Toxapex, F|item\n|poke|p1|Tangrowth, F|item\n|poke|p2|Beedrill, M|item\n|poke|p2|Tapu Lele|item\n|poke|p2|Landorus-Therian, M|item\n|poke|p2|Smeargle, M|item\n|poke|p2|Blacephalon|item\n|poke|p2|Kartana|item\n|teampreview\n|inactive|Battle timer is ON: inactive players will automatically lose when time's up. (requested by AK01)\n|\n|start\n|switch|p1a: Sableye|Sableye, F|100\/100\n|switch|p2a: Beedrill|Beedrill, M, shiny|100\/100\n|turn|1\n|\n|detailschange|p2a: Beedrill|Beedrill-Mega, M, shiny\n|-mega|p2a: Beedrill|Beedrill|Beedrillite\n|detailschange|p1a: Sableye|Sableye-Mega, F\n|-mega|p1a: Sableye|Sableye|Sablenite\n|move|p1a: Sableye|Protect|p1a: Sableye\n|-singleturn|p1a: Sableye|Protect\n|move|p2a: Beedrill|Poison Jab|p1a: Sableye\n|-activate|p1a: Sableye|move: Protect\n|\n|upkeep\n|turn|2\n|\n|switch|p1a: Skarmory|Skarmory, F|100\/100\n|move|p2a: Beedrill|U-turn|p1a: Skarmory\n|-resisted|p1a: Skarmory\n|-damage|p1a: Skarmory|92\/100\n|-damage|p2a: Beedrill|84\/100|[from] item: Rocky Helmet|[of] p1a: Skarmory\n|j|%yjh971203\n|\n|switch|p2a: Blacephalon|Blacephalon|100\/100\n|\n|upkeep\n|turn|3\n|\n|switch|p1a: Toxapex|Toxapex, F|100\/100\n|move|p2a: Blacephalon|Substitute|p2a: Blacephalon\n|-start|p2a: Blacephalon|Substitute\n|-damage|p2a: Blacephalon|76\/100\n|\n|upkeep\n|turn|4\n|\n|move|p2a: Blacephalon|Shadow Ball|p1a: Toxapex\n|-damage|p1a: Toxapex|73\/100\n|move|p1a: Toxapex|Scald|p2a: Blacephalon\n|-supereffective|p2a: Blacephalon\n|-end|p2a: Blacephalon|Substitute\n|\n|upkeep\n|turn|5\n|\n|move|p2a: Blacephalon|Shadow Ball|p1a: Toxapex\n|-damage|p1a: Toxapex|45\/100\n|move|p1a: Toxapex|Recover|p1a: Toxapex\n|-heal|p1a: Toxapex|95\/100\n|\n|upkeep\n|turn|6\n|\n|move|p2a: Blacephalon|Calm Mind|p2a: Blacephalon\n|-boost|p2a: Blacephalon|spa|1\n|-boost|p2a: Blacephalon|spd|1\n|move|p1a: Toxapex|Scald|p2a: Blacephalon\n|-supereffective|p2a: Blacephalon\n|-damage|p2a: Blacephalon|36\/100\n|\n|upkeep\n|turn|7\n|j| luckyluckygo\n|\n|-zpower|p2a: Blacephalon\n|move|p2a: Blacephalon|Never-Ending Nightmare|p1a: Toxapex|[zeffect]\n|-damage|p1a: Toxapex|1\/100\n|-zpower|p1a: Toxapex\n|move|p1a: Toxapex|Z-Haze|p1a: Toxapex|[anim]Haze\n|-heal|p1a: Toxapex|100\/100|[zeffect]\n|-clearallboost\n|\n|upkeep\n|turn|8\n|-message|uuuuiiii forfeited.\n|\n|win|AK01\n|raw|AK01's rating: 1343 &rarr; <strong>1370<\/strong><br \/>(+27 for winning)\n|raw|uuuuiiii's rating: 1367 &rarr; <strong>1346<\/strong><br \/>(-21 for losing)\n|l|\u2606uuuuiiii\n","uploadtime":1544413132,"views":12,"p1id":"ak01","p2id":"uuuuiiii","formatid":"gen7ou","rating":0,"private":0,"password":null}