{"id":"china-gen7ubers-357018","p1":"gostop","p2":"baibaiats","format":"gen7ubers","log":"|j|\u2606gostop\n|j|\u2606baibaiats\n|t:|1609078243\n|player|p1|gostop|gostop.gif|\n|player|p2|baibaiats|red|\n|teamsize|p1|6\n|teamsize|p2|6\n|gametype|singles\n|gen|7\n|tier|[Gen 7] Ubers\n|clearpoke\n|poke|p1|Necrozma-Dusk-Mane|item\n|poke|p1|Arceus-*|item\n|poke|p1|Groudon|item\n|poke|p1|Lunala|item\n|poke|p1|Yveltal|item\n|poke|p1|Marshadow|item\n|poke|p2|Lopunny, M|item\n|poke|p2|Kartana|item\n|poke|p2|Yveltal|item\n|poke|p2|Necrozma-Dusk-Mane|item\n|poke|p2|Groudon|item\n|poke|p2|Arceus-*|item\n|rule|Sleep Clause Mod: Limit one foe put to sleep\n|rule|Species Clause: Limit one of each Pok\u00e9mon\n|rule|OHKO Clause: OHKO moves are banned\n|rule|Moody Clause: Moody is banned\n|rule|Evasion Moves Clause: Evasion moves are banned\n|rule|Endless Battle Clause: Forcing endless battles is banned\n|rule|HP Percentage Mod: HP is shown in percentages\n|rule|Mega Rayquaza Clause: You cannot mega evolve Rayquaza\n|teampreview\n|j|%CurePersona\n|inactive|Battle timer is ON: inactive players will automatically lose when time's up. (requested by baibaiats)\n|inactiveoff|Battle timer is now OFF.\n|\n|t:|1609078301\n|start\n|switch|p1a: Groudon|Groudon|100\/100\n|switch|p2a: Yveltal|Yveltal|100\/100\n|-ability|p2a: Yveltal|Dark Aura\n|detailschange|p1a: Groudon|Groudon-Primal\n|-primal|p1a: Groudon\n|-weather|DesolateLand|[from] ability: Desolate Land|[of] p1a: Groudon\n|turn|1\n|\n|t:|1609078316\n|switch|p2a: Arceus|Arceus-Water|100\/100\n|move|p1a: Groudon|Overheat|p2a: Arceus\n|-resisted|p2a: Arceus\n|-damage|p2a: Arceus|72\/100\n|-unboost|p1a: Groudon|spa|2\n|\n|-weather|DesolateLand|[upkeep]\n|upkeep\n|turn|2\n|\n|t:|1609078325\n|move|p2a: Arceus|Stealth Rock|p1a: Groudon\n|-sidestart|p1: gostop|move: Stealth Rock\n|move|p1a: Groudon|Toxic|p2a: Arceus\n|-status|p2a: Arceus|tox\n|\n|-weather|DesolateLand|[upkeep]\n|-damage|p2a: Arceus|66\/100 tox|[from] psn\n|upkeep\n|turn|3\n|\n|t:|1609078347\n|move|p2a: Arceus|Toxic|p1a: Groudon\n|-status|p1a: Groudon|tox\n|move|p1a: Groudon|Precipice Blades|p2a: Arceus\n|-damage|p2a: Arceus|27\/100 tox\n|\n|-weather|DesolateLand|[upkeep]\n|-damage|p2a: Arceus|14\/100 tox|[from] psn\n|-damage|p1a: Groudon|94\/100 tox|[from] psn\n|upkeep\n|turn|4\n|\n|t:|1609078361\n|-weather|none\n|switch|p1a: Arceus|Arceus-Fairy|100\/100\n|-damage|p1a: Arceus|88\/100|[from] Stealth Rock\n|move|p2a: Arceus|Recover|p2a: Arceus\n|-heal|p2a: Arceus|64\/100 tox\n|\n|-damage|p2a: Arceus|46\/100 tox|[from] psn\n|upkeep\n|turn|5\n|\n|t:|1609078383\n|switch|p2a: Necrozma|Necrozma-Dusk-Mane|100\/100\n|move|p1a: Arceus|Defog|p2a: Necrozma\n|-unboost|p2a: Necrozma|evasion|1\n|-sideend|p1: gostop|Stealth Rock|[from] move: Defog|[of] p1a: Arceus\n|\n|upkeep\n|turn|6\n|\n|t:|1609078425\n|switch|p1a: Lunala|Lunala|100\/100\n|switch|p2a: Yveltal|Yveltal|100\/100\n|-ability|p2a: Yveltal|Dark Aura\n|\n|upkeep\n|turn|7\n|\n|t:|1609078440\n|switch|p1a: Arceus|Arceus-Fairy|88\/100\n|move|p2a: Yveltal|Dark Pulse|p1a: Arceus\n|-resisted|p1a: Arceus\n|-crit|p1a: Arceus\n|-damage|p1a: Arceus|55\/100\n|-damage|p2a: Yveltal|91\/100|[from] item: Life Orb\n|\n|upkeep\n|turn|8\n|\n|t:|1609078487\n|switch|p2a: Necrozma|Necrozma-Dusk-Mane|100\/100\n|move|p1a: Arceus|Recover|p1a: Arceus\n|-heal|p1a: Arceus|100\/100\n|\n|upkeep\n|turn|9\n|\n|t:|1609078495\n|switch|p1a: Lunala|Lunala|100\/100\n|switch|p2a: Groudon|Groudon|100\/100\n|detailschange|p2a: Groudon|Groudon-Primal\n|-primal|p2a: Groudon\n|-weather|DesolateLand|[from] ability: Desolate Land|[of] p2a: Groudon\n|\n|-weather|DesolateLand|[upkeep]\n|upkeep\n|turn|10\n|\n|t:|1609078507\n|-weather|none\n|switch|p2a: Yveltal|Yveltal|91\/100\n|-ability|p2a: Yveltal|Dark Aura\n|move|p1a: Lunala|Toxic|p2a: Yveltal\n|-status|p2a: Yveltal|tox\n|\n|-damage|p2a: Yveltal|84\/100 tox|[from] psn\n|upkeep\n|turn|11\n|\n|t:|1609078522\n|switch|p2a: Necrozma|Necrozma-Dusk-Mane|100\/100\n|switch|p1a: Arceus|Arceus-Fairy|100\/100\n|\n|upkeep\n|turn|12\n|\n|t:|1609078533\n|switch|p1a: Lunala|Lunala|100\/100\n|move|p2a: Necrozma|Sunsteel Strike|p1a: Lunala\n|-crit|p1a: Lunala\n|-damage|p1a: Lunala|76\/100\n|\n|-heal|p1a: Lunala|82\/100|[from] item: Leftovers\n|upkeep\n|turn|13\n|\n|t:|1609078553\n|switch|p2a: Yveltal|Yveltal|84\/100 tox\n|-ability|p2a: Yveltal|Dark Aura\n|move|p1a: Lunala|Roost|p1a: Lunala\n|-heal|p1a: Lunala|100\/100\n|-singleturn|p1a: Lunala|move: Roost\n|\n|-damage|p2a: Yveltal|78\/100 tox|[from] psn\n|upkeep\n|turn|14\n|\n|t:|1609078556\n|switch|p1a: Arceus|Arceus-Fairy|100\/100\n|move|p2a: Yveltal|Oblivion Wing|p1a: Arceus\n|-damage|p1a: Arceus|62\/100\n|-heal|p2a: Yveltal|100\/100 tox|[from] drain|[of] p1a: Arceus\n|-damage|p2a: Yveltal|91\/100 tox|[from] item: Life Orb\n|\n|-damage|p2a: Yveltal|78\/100 tox|[from] psn\n|upkeep\n|turn|15\n|j| QiYu7\n|\n|t:|1609078571\n|switch|p2a: Necrozma|Necrozma-Dusk-Mane|100\/100\n|move|p1a: Arceus|Recover|p1a: Arceus\n|-heal|p1a: Arceus|100\/100\n|\n|upkeep\n|turn|16\n|\n|t:|1609078577\n|switch|p1a: Lunala|Lunala|100\/100\n|switch|p2a: Arceus|Arceus-Water|46\/100 tox\n|\n|-damage|p2a: Arceus|40\/100 tox|[from] psn\n|upkeep\n|turn|17\n|\n|t:|1609078621\n|switch|p1a: Arceus|Arceus-Fairy|100\/100\n|move|p2a: Arceus|Stealth Rock|p1a: Arceus\n|-sidestart|p1: gostop|move: Stealth Rock\n|\n|-damage|p2a: Arceus|28\/100 tox|[from] psn\n|upkeep\n|turn|18\n|\n|t:|1609078640\n|switch|p2a: Lopunny|Lopunny, M|100\/100\n|move|p1a: Arceus|Defog|p2a: Lopunny\n|-unboost|p2a: Lopunny|evasion|1\n|-sideend|p1: gostop|Stealth Rock|[from] move: Defog|[of] p1a: Arceus\n|\n|upkeep\n|turn|19\n|\n|t:|1609078647\n|detailschange|p2a: Lopunny|Lopunny-Mega, M\n|-mega|p2a: Lopunny|Lopunny|Lopunnite\n|move|p2a: Lopunny|Encore|p1a: Arceus\n|-start|p1a: Arceus|Encore\n|move|p1a: Arceus|Defog|p2a: Lopunny\n|-unboost|p2a: Lopunny|evasion|1\n|\n|upkeep\n|turn|20\n|\n|t:|1609078659\n|switch|p1a: Yveltal|Yveltal|100\/100\n|-ability|p1a: Yveltal|Dark Aura\n|move|p2a: Lopunny|Substitute|p2a: Lopunny\n|-start|p2a: Lopunny|Substitute\n|-damage|p2a: Lopunny|76\/100\n|\n|upkeep\n|turn|21\n|\n|t:|1609078670\n|move|p1a: Yveltal|Oblivion Wing|p2a: Lopunny\n|-supereffective|p2a: Lopunny\n|-end|p2a: Lopunny|Substitute\n|move|p2a: Lopunny|High Jump Kick|p1a: Yveltal\n|-damage|p1a: Yveltal|39\/100\n|\n|upkeep\n|turn|22\n|\n|t:|1609078682\n|switch|p2a: Necrozma|Necrozma-Dusk-Mane|100\/100\n|move|p1a: Yveltal|Oblivion Wing|p2a: Necrozma\n|-resisted|p2a: Necrozma\n|-damage|p2a: Necrozma|78\/100\n|-heal|p1a: Yveltal|53\/100|[from] drain|[of] p2a: Necrozma\n|\n|upkeep\n|turn|23\n|\n|t:|1609078703\n|switch|p1a: Lunala|Lunala|100\/100\n|switch|p2a: Yveltal|Yveltal|78\/100 tox\n|-ability|p2a: Yveltal|Dark Aura\n|\n|-damage|p2a: Yveltal|72\/100 tox|[from] psn\n|upkeep\n|turn|24\n|\n|t:|1609078712\n|switch|p1a: Arceus|Arceus-Fairy|100\/100\n|move|p2a: Yveltal|Oblivion Wing|p1a: Arceus\n|-damage|p1a: Arceus|67\/100\n|-heal|p2a: Yveltal|100\/100 tox|[from] drain|[of] p1a: Arceus\n|-damage|p2a: Yveltal|91\/100 tox|[from] item: Life Orb\n|\n|-damage|p2a: Yveltal|78\/100 tox|[from] psn\n|upkeep\n|turn|25\n|\n|t:|1609078730\n|switch|p1a: Yveltal|Yveltal|53\/100\n|-ability|p1a: Yveltal|Dark Aura\n|move|p2a: Yveltal|Dark Pulse|p1a: Yveltal\n|-resisted|p1a: Yveltal\n|-damage|p1a: Yveltal|20\/100\n|-damage|p2a: Yveltal|68\/100 tox|[from] item: Life Orb\n|\n|-damage|p2a: Yveltal|50\/100 tox|[from] psn\n|upkeep\n|turn|26\n|\n|t:|1609078743\n|switch|p1a: Arceus|Arceus-Fairy|67\/100\n|move|p2a: Yveltal|Sucker Punch||[still]\n|-fail|p2a: Yveltal\n|\n|-damage|p2a: Yveltal|26\/100 tox|[from] psn\n|upkeep\n|turn|27\n|\n|t:|1609078759\n|switch|p2a: Groudon|Groudon-Primal|100\/100\n|-weather|DesolateLand|[from] ability: Desolate Land|[of] p2a: Groudon\n|move|p1a: Arceus|Judgment|p2a: Groudon\n|-resisted|p2a: Groudon\n|-damage|p2a: Groudon|77\/100\n|\n|-weather|DesolateLand|[upkeep]\n|upkeep\n|turn|28\n|\n|t:|1609078768\n|move|p1a: Arceus|Toxic|p2a: Groudon\n|-status|p2a: Groudon|tox\n|move|p2a: Groudon|Fire Blast|p1a: Arceus\n|-damage|p1a: Arceus|0 fnt\n|faint|p1a: Arceus\n|\n|-weather|DesolateLand|[upkeep]\n|-damage|p2a: Groudon|71\/100 tox|[from] psn\n|upkeep\n|\n|t:|1609078794\n|switch|p1a: Lunala|Lunala|100\/100\n|turn|29\n|\n|t:|1609078816\n|move|p2a: Groudon|Fire Blast|p1a: Lunala\n|-damage|p1a: Lunala|68\/100\n|move|p1a: Lunala|Moongeist Beam|p2a: Groudon\n|-damage|p2a: Groudon|27\/100 tox\n|\n|-weather|DesolateLand|[upkeep]\n|-heal|p1a: Lunala|74\/100|[from] item: Leftovers\n|-damage|p2a: Groudon|15\/100 tox|[from] psn\n|upkeep\n|turn|30\n|\n|t:|1609078850\n|move|p2a: Groudon|Fire Blast|p1a: Lunala\n|-damage|p1a: Lunala|0 fnt\n|faint|p1a: Lunala\n|\n|-weather|DesolateLand|[upkeep]\n|-damage|p2a: Groudon|0 fnt|[from] psn\n|faint|p2a: Groudon\n|-weather|none\n|upkeep\n|c| QiYu7|\u8fd9\u968f\u673a\u6570\u2026\u2026\n|c| QiYu7|\u53e4\u62c9\u8fd8\u662f\u5389\u5bb3\n|\n|t:|1609078896\n|switch|p2a: Kartana|Kartana|100\/100\n|switch|p1a: Yveltal|Yveltal|20\/100\n|-ability|p1a: Yveltal|Dark Aura\n|turn|31\n|j| Wind Guardians\n|\n|t:|1609078928\n|switch|p1a: Necrozma|Necrozma-Dusk-Mane|100\/100\n|move|p2a: Kartana|Smart Strike|p1a: Necrozma\n|-resisted|p1a: Necrozma\n|-damage|p1a: Necrozma|84\/100\n|\n|upkeep\n|turn|32\n|\n|t:|1609078956\n|switch|p2a: Arceus|Arceus-Water|28\/100 tox\n|move|p1a: Necrozma|Sunsteel Strike|p2a: Arceus\n|-resisted|p2a: Arceus\n|-damage|p2a: Arceus|14\/100 tox\n|\n|-damage|p2a: Arceus|8\/100 tox|[from] psn\n|upkeep\n|turn|33\n|\n|t:|1609078987\n|move|p2a: Arceus|Stealth Rock|p1a: Necrozma\n|-sidestart|p1: gostop|move: Stealth Rock\n|move|p1a: Necrozma|Swords Dance|p1a: Necrozma\n|-boost|p1a: Necrozma|atk|2\n|\n|-damage|p2a: Arceus|0 fnt|[from] psn\n|faint|p2a: Arceus\n|upkeep\n|\n|t:|1609078992\n|switch|p2a: Lopunny|Lopunny-Mega, M|76\/100\n|turn|34\n|\n|t:|1609079045\n|switch|p1a: Yveltal|Yveltal|20\/100\n|-damage|p1a: Yveltal|0 fnt|[from] Stealth Rock\n|faint|p1a: Yveltal\n|move|p2a: Lopunny|Encore|p1: Yveltal|[notarget]\n|-fail|p2a: Lopunny\n|\n|upkeep\n|\n|t:|1609079056\n|switch|p1a: Groudon|Groudon-Primal|94\/100 tox\n|-damage|p1a: Groudon|82\/100 tox|[from] Stealth Rock\n|-weather|DesolateLand|[from] ability: Desolate Land|[of] p1a: Groudon\n|turn|35\n|\n|t:|1609079085\n|move|p2a: Lopunny|Substitute|p2a: Lopunny\n|-start|p2a: Lopunny|Substitute\n|-damage|p2a: Lopunny|51\/100\n|move|p1a: Groudon|Overheat|p2a: Lopunny\n|-end|p2a: Lopunny|Substitute\n|-unboost|p1a: Groudon|spa|2\n|\n|-weather|DesolateLand|[upkeep]\n|-damage|p1a: Groudon|76\/100 tox|[from] psn\n|upkeep\n|turn|36\n|\n|t:|1609079095\n|move|p2a: Lopunny|Substitute|p2a: Lopunny\n|-start|p2a: Lopunny|Substitute\n|-damage|p2a: Lopunny|26\/100\n|move|p1a: Groudon|Precipice Blades|p2a: Lopunny\n|-end|p2a: Lopunny|Substitute\n|\n|-weather|DesolateLand|[upkeep]\n|-damage|p1a: Groudon|63\/100 tox|[from] psn\n|upkeep\n|turn|37\n|\n|t:|1609079118\n|move|p2a: Lopunny|Endeavor|p1a: Groudon\n|-damage|p1a: Groudon|16\/100 tox\n|move|p1a: Groudon|Overheat|p2a: Lopunny\n|-damage|p2a: Lopunny|0 fnt\n|-unboost|p1a: Groudon|spa|2\n|faint|p2a: Lopunny\n|\n|-weather|DesolateLand|[upkeep]\n|-damage|p1a: Groudon|0 fnt|[from] psn\n|faint|p1a: Groudon\n|-weather|none\n|upkeep\n|\n|t:|1609079133\n|switch|p2a: Necrozma|Necrozma-Dusk-Mane|78\/100\n|switch|p1a: Marshadow|Marshadow|100\/100\n|-damage|p1a: Marshadow|94\/100|[from] Stealth Rock\n|turn|38\n|inactive|Battle timer is ON: inactive players will automatically lose when time's up. (requested by baibaiats)\n|inactive|gostop has 270 seconds left.\n|\n|t:|1609079243\n|switch|p2a: Yveltal|Yveltal|26\/100 tox\n|-ability|p2a: Yveltal|Dark Aura\n|move|p1a: Marshadow|Spectral Thief|p2a: Yveltal\n|-resisted|p2a: Yveltal\n|-damage|p2a: Yveltal|3\/100 tox\n|\n|-damage|p2a: Yveltal|0 fnt|[from] psn\n|faint|p2a: Yveltal\n|upkeep\n|\n|t:|1609079251\n|switch|p2a: Necrozma|Necrozma-Dusk-Mane|78\/100\n|turn|39\n|c|\u2606baibaiats|\u3002\u3002\u3002\n|inactive|gostop has 270 seconds left.\n|\n|t:|1609079280\n|detailschange|p2a: Necrozma|Necrozma-Ultra\n|-burst|p2a: Necrozma|Necrozma|Ultranecrozium Z\n|move|p2a: Necrozma|Photon Geyser|p1a: Marshadow\n|-supereffective|p1a: Marshadow\n|-damage|p1a: Marshadow|0 fnt\n|faint|p1a: Marshadow\n|\n|upkeep\n|\n|t:|1609079288\n|switch|p1a: Necrozma|Necrozma-Dusk-Mane|84\/100\n|-damage|p1a: Necrozma|78\/100|[from] Stealth Rock\n|turn|40\n|inactive|gostop has 240 seconds left.\n|\n|t:|1609079337\n|move|p2a: Necrozma|Earthquake|p1a: Necrozma\n|-supereffective|p1a: Necrozma\n|-damage|p1a: Necrozma|25\/100\n|move|p1a: Necrozma|Swords Dance|p1a: Necrozma\n|-boost|p1a: Necrozma|atk|2\n|\n|upkeep\n|turn|41\n|\n|t:|1609079343\n|detailschange|p1a: Necrozma|Necrozma-Ultra\n|-burst|p1a: Necrozma|Necrozma|Ultranecrozium Z\n|-zpower|p2a: Necrozma\n|move|p2a: Necrozma|Light That Burns the Sky|p1a: Necrozma|[zeffect]\n|-resisted|p1a: Necrozma\n|-damage|p1a: Necrozma|0 fnt\n|faint|p1a: Necrozma\n|\n|win|baibaiats\n","uploadtime":1609079353,"views":41,"p1id":"gostop","p2id":"baibaiats","formatid":"gen7ubers","rating":0,"private":0,"password":null}