{"id":"china-gen8randombattle-3891697","p1":"swordsman.n","p2":"yuudachi0811\u5915\u7acb","format":"gen8randombattle","log":"|j|\u2606swordsman.n\n|j|\u2606yuudachi0811\u5915\u7acb\n|t:|1637329775\n|gametype|singles\n|player|p1|swordsman.n|249|\n|player|p2|yuudachi0811\u5915\u7acb|170|\n|teamsize|p1|6\n|teamsize|p2|6\n|gen|8\n|tier|[Gen 8] Random Battle\n|rule|Species Clause: Limit one of each Pok\u00e9mon\n|rule|HP Percentage Mod: HP is shown in percentages\n|rule|Sleep Clause Mod: Limit one foe put to sleep\n|\n|t:|1637329775\n|start\n|switch|p1a: Ho-Oh|Ho-Oh, L72|272\/272\n|switch|p2a: Nihilego|Nihilego, L80|306\/306\n|turn|1\n|c|\u2606yuudachi0811\u5915\u7acb|?????\n|\n|t:|1637329788\n|switch|p1a: Dugtrio|Dugtrio, L82, M|192\/192\n|move|p2a: Nihilego|Stealth Rock|p1a: Dugtrio\n|-sidestart|p1: swordsman.n|move: Stealth Rock\n|\n|upkeep\n|turn|2\n|\n|t:|1637329799\n|move|p1a: Dugtrio|Earthquake|p2a: Nihilego\n|-supereffective|p2a: Nihilego\n|-damage|p2a: Nihilego|0 fnt\n|faint|p2a: Nihilego\n|\n|upkeep\n|\n|t:|1637329810\n|switch|p2a: Hawlucha|Hawlucha, L80, M|256\/256\n|turn|3\n|\n|t:|1637329818\n|switch|p1a: Mimikyu|Mimikyu, L76, M|209\/209\n|-damage|p1a: Mimikyu|183\/209|[from] Stealth Rock\n|move|p2a: Hawlucha|Swords Dance|p2a: Hawlucha\n|-boost|p2a: Hawlucha|atk|2\n|\n|upkeep\n|turn|4\n|\n|t:|1637329845\n|-start|p2a: Hawlucha|Dynamax\n|-heal|p2a: Hawlucha|512\/512|[silent]\n|move|p2a: Hawlucha|Max Darkness|p1a: Mimikyu\n|-activate|p1a: Mimikyu|ability: Disguise\n|-damage|p1a: Mimikyu|183\/209\n|-unboost|p1a: Mimikyu|spd|1\n|detailschange|p1a: Mimikyu|Mimikyu-Busted, L76, M\n|-damage|p1a: Mimikyu|157\/209|[from] pokemon: Mimikyu-Busted\n|move|p1a: Mimikyu|Play Rough|p2a: Hawlucha\n|-supereffective|p2a: Hawlucha\n|-damage|p2a: Hawlucha|275\/512\n|-damage|p1a: Mimikyu|137\/209|[from] item: Life Orb\n|\n|upkeep\n|turn|5\n|c|\u2606yuudachi0811\u5915\u7acb|\u54e6\n|c|\u2606yuudachi0811\u5915\u7acb|\u539f\u6765\n|c|\u2606yuudachi0811\u5915\u7acb|\u4e0d\u6781\u5177\u5316\u4e5f\u4e0d\u6b7b\n|\n|t:|1637329885\n|move|p1a: Mimikyu|Shadow Sneak|p2a: Hawlucha\n|-damage|p2a: Hawlucha|224\/512\n|-damage|p1a: Mimikyu|117\/209|[from] item: Life Orb\n|move|p2a: Hawlucha|Max Airstream|p1a: Mimikyu\n|-damage|p1a: Mimikyu|0 fnt\n|-boost|p2a: Hawlucha|spe|1\n|faint|p1a: Mimikyu\n|\n|upkeep\n|\n|t:|1637329894\n|switch|p1a: Ho-Oh|Ho-Oh, L72|272\/272\n|turn|6\n|\n|t:|1637329899\n|-start|p1a: Ho-Oh|Dynamax\n|-heal|p1a: Ho-Oh|544\/544|[silent]\n|move|p2a: Hawlucha|Max Airstream|p1a: Ho-Oh\n|-damage|p1a: Ho-Oh|235\/544\n|-boost|p2a: Hawlucha|spe|1\n|move|p1a: Ho-Oh|Max Airstream|p2a: Hawlucha\n|-supereffective|p2a: Hawlucha\n|-damage|p2a: Hawlucha|0 fnt\n|-boost|p1a: Ho-Oh|spe|1\n|faint|p2a: Hawlucha\n|\n|upkeep\n|\n|t:|1637329915\n|switch|p2a: Marowak|Marowak-Alola, L84, F|238\/238\n|turn|7\n|\n|t:|1637329947\n|switch|p2a: Gourgeist|Gourgeist-Large, L84, M|263\/263\n|-item|p1a: Ho-Oh|Heavy-Duty Boots|[from] ability: Frisk|[of] p2a: Gourgeist|[identify]\n|move|p1a: Ho-Oh|Max Guard||[still]\n|-fail|p1a: Ho-Oh\n|\n|upkeep\n|turn|8\n|\n|t:|1637329958\n|move|p1a: Ho-Oh|Max Airstream|p2a: Gourgeist\n|-supereffective|p2a: Gourgeist\n|-damage|p2a: Gourgeist|57\/263\n|-boost|p1a: Ho-Oh|spe|1\n|move|p2a: Gourgeist|Poltergeist|p1a: Ho-Oh\n|-activate|p1a: Ho-Oh|move: Poltergeist|Heavy-Duty Boots\n|-damage|p1a: Ho-Oh|114\/544\n|\n|-heal|p2a: Gourgeist|73\/263|[from] item: Leftovers\n|-end|p1a: Ho-Oh|Dynamax\n|-heal|p1a: Ho-Oh|57\/272|[silent]\n|upkeep\n|turn|9\n|\n|t:|1637329971\n|move|p1a: Ho-Oh|Roost|p1a: Ho-Oh\n|-heal|p1a: Ho-Oh|193\/272\n|-singleturn|p1a: Ho-Oh|move: Roost\n|move|p2a: Gourgeist|Synthesis|p2a: Gourgeist\n|-heal|p2a: Gourgeist|204\/263\n|\n|-heal|p2a: Gourgeist|220\/263|[from] item: Leftovers\n|upkeep\n|turn|10\n|\n|t:|1637329979\n|move|p1a: Ho-Oh|Toxic|p2a: Gourgeist\n|-status|p2a: Gourgeist|tox\n|move|p2a: Gourgeist|Poltergeist|p1a: Ho-Oh\n|-activate|p1a: Ho-Oh|move: Poltergeist|Heavy-Duty Boots\n|-damage|p1a: Ho-Oh|70\/272\n|\n|-heal|p2a: Gourgeist|236\/263 tox|[from] item: Leftovers\n|-damage|p2a: Gourgeist|220\/263 tox|[from] psn\n|upkeep\n|turn|11\n|\n|t:|1637329988\n|switch|p2a: Marowak|Marowak-Alola, L84, F|238\/238\n|move|p1a: Ho-Oh|Roost|p1a: Ho-Oh\n|-heal|p1a: Ho-Oh|206\/272\n|-singleturn|p1a: Ho-Oh|move: Roost\n|\n|upkeep\n|turn|12\n|\n|t:|1637330012\n|switch|p1a: Lopunny|Lopunny, L90, F|263\/263\n|-damage|p1a: Lopunny|231\/263|[from] Stealth Rock\n|move|p2a: Marowak|Poltergeist|p1a: Lopunny\n|-immune|p1a: Lopunny\n|\n|-status|p1a: Lopunny|tox|[from] item: Toxic Orb\n|upkeep\n|turn|13\n|\n|t:|1637330021\n|switch|p2a: Gourgeist|Gourgeist-Large, L84, M|220\/263 tox\n|-item|p1a: Lopunny|Toxic Orb|[from] ability: Frisk|[of] p2a: Gourgeist|[identify]\n|move|p1a: Lopunny|Switcheroo|p2a: Gourgeist\n|-activate|p1a: Lopunny|move: Trick|[of] p2a: Gourgeist\n|-item|p2a: Gourgeist|Toxic Orb|[from] move: Switcheroo\n|-item|p1a: Lopunny|Leftovers|[from] move: Switcheroo\n|\n|-heal|p1a: Lopunny|247\/263 tox|[from] item: Leftovers\n|-damage|p1a: Lopunny|231\/263 tox|[from] psn\n|-damage|p2a: Gourgeist|204\/263 tox|[from] psn\n|upkeep\n|turn|14\n|\n|t:|1637330035\n|switch|p1a: Ho-Oh|Ho-Oh, L72|272\/272\n|switch|p2a: Bewear|Bewear, L82, F|331\/331\n|\n|upkeep\n|turn|15\n|\n|t:|1637330045\n|move|p1a: Ho-Oh|Sacred Fire|p2a: Bewear\n|-damage|p2a: Bewear|119\/331\n|-status|p2a: Bewear|brn\n|move|p2a: Bewear|Swords Dance|p2a: Bewear\n|-boost|p2a: Bewear|atk|2\n|\n|-damage|p2a: Bewear|99\/331 brn|[from] brn\n|upkeep\n|turn|16\n|\n|t:|1637330054\n|move|p1a: Ho-Oh|Brave Bird|p2a: Bewear\n|-supereffective|p2a: Bewear\n|-damage|p2a: Bewear|0 fnt\n|faint|p2a: Bewear\n|-damage|p1a: Ho-Oh|239\/272|[from] Recoil\n|\n|upkeep\n|\n|t:|1637330058\n|switch|p2a: Marowak|Marowak-Alola, L84, F|238\/238\n|turn|17\n|\n|t:|1637330061\n|move|p1a: Ho-Oh|Toxic|p2a: Marowak\n|-status|p2a: Marowak|tox\n|move|p2a: Marowak|Poltergeist|p1a: Ho-Oh\n|-activate|p1a: Ho-Oh|move: Poltergeist|Heavy-Duty Boots\n|-damage|p1a: Ho-Oh|17\/272\n|\n|-damage|p2a: Marowak|224\/238 tox|[from] psn\n|upkeep\n|turn|18\n|\n|t:|1637330069\n|switch|p1a: Lopunny|Lopunny, L90, F|231\/263 tox\n|-damage|p1a: Lopunny|199\/263 tox|[from] Stealth Rock\n|move|p2a: Marowak|Flame Charge|p1a: Lopunny\n|-damage|p1a: Lopunny|111\/263 tox\n|-boost|p2a: Marowak|spe|1\n|\n|-heal|p1a: Lopunny|127\/263 tox|[from] item: Leftovers\n|-damage|p1a: Lopunny|111\/263 tox|[from] psn\n|-damage|p2a: Marowak|196\/238 tox|[from] psn\n|upkeep\n|turn|19\n|\n|t:|1637330082\n|move|p1a: Lopunny|Switcheroo|p2a: Marowak\n|-activate|p1a: Lopunny|move: Trick|[of] p2a: Marowak\n|-item|p2a: Marowak|Leftovers|[from] move: Switcheroo\n|-item|p1a: Lopunny|Thick Club|[from] move: Switcheroo\n|move|p2a: Marowak|Flame Charge|p1a: Lopunny\n|-damage|p1a: Lopunny|66\/263 tox\n|-boost|p2a: Marowak|spe|1\n|\n|-heal|p2a: Marowak|210\/238 tox|[from] item: Leftovers\n|-damage|p2a: Marowak|168\/238 tox|[from] psn\n|-damage|p1a: Lopunny|34\/263 tox|[from] psn\n|upkeep\n|turn|20\n|\n|t:|1637330093\n|move|p2a: Marowak|Flame Charge|p1a: Lopunny\n|-damage|p1a: Lopunny|0 fnt\n|-boost|p2a: Marowak|spe|1\n|faint|p1a: Lopunny\n|\n|-heal|p2a: Marowak|182\/238 tox|[from] item: Leftovers\n|-damage|p2a: Marowak|126\/238 tox|[from] psn\n|upkeep\n|\n|t:|1637330101\n|switch|p1a: Crawdaunt|Crawdaunt, L84, F|243\/243\n|-damage|p1a: Crawdaunt|213\/243|[from] Stealth Rock\n|turn|21\n|\n|t:|1637330111\n|move|p2a: Marowak|Earthquake|p1a: Crawdaunt\n|-damage|p1a: Crawdaunt|151\/243\n|move|p1a: Crawdaunt|Dragon Dance|p1a: Crawdaunt\n|-boost|p1a: Crawdaunt|atk|1\n|-boost|p1a: Crawdaunt|spe|1\n|\n|-heal|p2a: Marowak|140\/238 tox|[from] item: Leftovers\n|-damage|p2a: Marowak|70\/238 tox|[from] psn\n|upkeep\n|turn|22\n|\n|t:|1637330120\n|move|p2a: Marowak|Poltergeist|p1a: Crawdaunt\n|-activate|p1a: Crawdaunt|move: Poltergeist|Life Orb\n|-resisted|p1a: Crawdaunt\n|-damage|p1a: Crawdaunt|102\/243\n|move|p1a: Crawdaunt|Dragon Dance|p1a: Crawdaunt\n|-boost|p1a: Crawdaunt|atk|1\n|-boost|p1a: Crawdaunt|spe|1\n|\n|-heal|p2a: Marowak|84\/238 tox|[from] item: Leftovers\n|-damage|p2a: Marowak|0 fnt|[from] psn\n|faint|p2a: Marowak\n|upkeep\n|\n|t:|1637330127\n|switch|p2a: Accelgor|Accelgor, L86, M|278\/278\n|turn|23\n|\n|t:|1637330133\n|move|p1a: Crawdaunt|Aqua Jet|p2a: Accelgor\n|-damage|p2a: Accelgor|0 fnt\n|faint|p2a: Accelgor\n|-damage|p1a: Crawdaunt|78\/243|[from] item: Life Orb\n|\n|upkeep\n|\n|t:|1637330135\n|switch|p2a: Gourgeist|Gourgeist-Large, L84, M|204\/263 tox\n|-item|p1a: Crawdaunt|Life Orb|[from] ability: Frisk|[of] p2a: Gourgeist|[identify]\n|turn|24\n|\n|t:|1637330142\n|move|p1a: Crawdaunt|Knock Off|p2a: Gourgeist\n|-supereffective|p2a: Gourgeist\n|-damage|p2a: Gourgeist|0 fnt\n|-enditem|p2a: Gourgeist|Toxic Orb|[from] move: Knock Off|[of] p1a: Crawdaunt\n|faint|p2a: Gourgeist\n|-damage|p1a: Crawdaunt|54\/243|[from] item: Life Orb\n|\n|win|swordsman.n\n","inputlog":">version 5f9d7c5fd7d7784ad2f0d0f4b61ea6e75791baaf\n>version-origin 3918ebd609a2bd57e0326bf76fca79306b37a61f\n>start {\"formatid\":\"gen8randombattle\",\"seed\":[45802,28010,62827,62319]}\n>player p1 {\"name\":\"swordsman.n\",\"avatar\":\"249\",\"rating\":0,\"seed\":[37540,18223,11416,29494]}\n>player p2 {\"name\":\"yuudachi0811\u5915\u7acb\",\"avatar\":\"170\",\"rating\":0,\"seed\":[50051,42412,13276,835]}\n>chat \u2606yuudachi0811\u5915\u7acb|?????\n>p1 switch 5\n>p2 move stealthrock\n>p1 move earthquake\n>p2 move grassknot\n>p2 switch 2\n>p1 switch 3\n>p2 move swordsdance\n>p1 move playrough\n>p2 move throatchop dynamax\n>chat \u2606yuudachi0811\u5915\u7acb|\u54e6\n>chat \u2606yuudachi0811\u5915\u7acb|\u539f\u6765\n>chat \u2606yuudachi0811\u5915\u7acb|\u4e0d\u6781\u5177\u5316\u4e5f\u4e0d\u6b7b\n>p1 move shadowsneak\n>p2 move bravebird dynamax\n>p1 switch 5\n>p1 move bravebird dynamax\n>p2 move bravebird dynamax\n>p2 switch 6\n>p1 move roost dynamax\n>p2 switch 5\n>p1 move bravebird dynamax\n>p2 move poltergeist\n>p1 move roost\n>p2 move synthesis\n>p1 move toxic\n>p2 move poltergeist\n>p1 move roost\n>p2 switch 5\n>p1 switch 2\n>p2 move poltergeist\n>p1 move switcheroo\n>p2 switch 5\n>p1 switch 2\n>p2 switch 4\n>p1 move sacredfire\n>p2 move swordsdance\n>p1 move bravebird\n>p2 move doubleedge\n>p2 switch 5\n>p1 move toxic\n>p2 move poltergeist\n>p1 switch 2\n>p2 move flamecharge\n>p1 move switcheroo\n>p2 move flamecharge\n>p1 move healingwish\n>p2 move flamecharge\n>p1 switch 6\n>p1 move dragondance\n>p2 move earthquake\n>p1 move dragondance\n>p2 move poltergeist\n>p2 switch 3\n>p1 move aquajet\n>p2 move bugbuzz\n>p2 switch 4\n>p1 move knockoff\n>p2 move powerwhip","uploadtime":1637330146,"views":12,"p1id":"swordsmann","p2id":"yuudachi0811","formatid":"gen8randombattle","rating":0,"private":0,"password":null}