{"id":"china-gen8randombattle-3891265","p1":"swordsman.n","p2":"rubv","format":"gen8randombattle","log":"|j|\u2606swordsman.n\n|j|\u2606rubv\n|t:|1637320474\n|gametype|singles\n|player|p1|swordsman.n|249|\n|player|p2|rubv|camper|\n|teamsize|p1|6\n|teamsize|p2|6\n|gen|8\n|tier|[Gen 8] Random Battle\n|rule|Species Clause: Limit one of each Pok\u00e9mon\n|rule|HP Percentage Mod: HP is shown in percentages\n|rule|Sleep Clause Mod: Limit one foe put to sleep\n|\n|t:|1637320474\n|start\n|switch|p1a: Mew|Mew, L80|291\/291\n|switch|p2a: Glaceon|Glaceon, L88, F|258\/258\n|turn|1\n|\n|t:|1637320498\n|move|p1a: Mew|Dragon Dance|p1a: Mew\n|-boost|p1a: Mew|atk|1\n|-boost|p1a: Mew|spe|1\n|move|p2a: Glaceon|Shadow Ball|p1a: Mew\n|-supereffective|p1a: Mew\n|-damage|p1a: Mew|127\/291\n|-unboost|p1a: Mew|spd|1\n|\n|upkeep\n|turn|2\n|\n|t:|1637320508\n|move|p2a: Glaceon|Protect|p2a: Glaceon\n|-singleturn|p2a: Glaceon|Protect\n|move|p1a: Mew|Close Combat|p2a: Glaceon\n|-activate|p2a: Glaceon|move: Protect\n|\n|upkeep\n|turn|3\n|\n|t:|1637320517\n|switch|p2a: Hatterene|Hatterene, L86, F|238\/238\n|move|p1a: Mew|Close Combat|p2a: Hatterene\n|-resisted|p2a: Hatterene\n|-damage|p2a: Hatterene|209\/238\n|-unboost|p1a: Mew|def|1\n|-unboost|p1a: Mew|spd|1\n|\n|upkeep\n|turn|4\n|\n|t:|1637320526\n|move|p1a: Mew|Flare Blitz|p2a: Hatterene\n|-damage|p2a: Hatterene|93\/238\n|-damage|p1a: Mew|89\/291|[from] Recoil\n|move|p2a: Hatterene|Trick Room|p2a: Hatterene\n|-fieldstart|move: Trick Room|[of] p2a: Hatterene\n|\n|upkeep\n|turn|5\n|\n|t:|1637320535\n|switch|p1a: Chansey|Chansey, L84, F|557\/557\n|move|p2a: Hatterene|Dazzling Gleam|p1a: Chansey\n|-damage|p1a: Chansey|463\/557\n|-damage|p2a: Hatterene|70\/238|[from] item: Life Orb\n|\n|upkeep\n|turn|6\n|\n|t:|1637320572\n|switch|p2a: Archeops|Archeops, L82, M|257\/257\n|move|p1a: Chansey|Toxic|p2a: Archeops|[miss]\n|-miss|p1a: Chansey|p2a: Archeops\n|\n|upkeep\n|turn|7\n|\n|t:|1637320610\n|move|p1a: Chansey|Seismic Toss|p2a: Archeops\n|-damage|p2a: Archeops|173\/257\n|move|p2a: Archeops|Stone Edge|p1a: Chansey\n|-crit|p1a: Chansey\n|-damage|p1a: Chansey|9\/557\n|\n|upkeep\n|turn|8\n|\n|t:|1637320622\n|move|p1a: Chansey|Soft-Boiled|p1a: Chansey\n|-heal|p1a: Chansey|288\/557\n|move|p2a: Archeops|U-turn|p1a: Chansey\n|-damage|p1a: Chansey|141\/557\n|\n|t:|1637320625\n|switch|p2a: Golisopod|Golisopod, L84, F|263\/263\n|\n|-fieldend|move: Trick Room\n|upkeep\n|turn|9\n|\n|t:|1637320633\n|switch|p1a: Togekiss|Togekiss, L80, M|267\/267\n|move|p2a: Golisopod|First Impression|p1a: Togekiss\n|-resisted|p1a: Togekiss\n|-damage|p1a: Togekiss|241\/267\n|\n|upkeep\n|turn|10\n|\n|t:|1637320645\n|move|p1a: Togekiss|Aura Sphere|p2a: Golisopod\n|-resisted|p2a: Golisopod\n|-damage|p2a: Golisopod|234\/263\n|move|p2a: Golisopod|Spikes|p1a: Togekiss\n|-sidestart|p1: swordsman.n|Spikes\n|\n|upkeep\n|turn|11\n|\n|t:|1637320654\n|move|p1a: Togekiss|Air Slash|p2a: Golisopod\n|-supereffective|p2a: Golisopod\n|-damage|p2a: Golisopod|76\/263\n|-activate|p2a: Golisopod|ability: Emergency Exit\n|\n|t:|1637320657\n|switch|p2a: Archeops|Archeops, L82, M|173\/257\n|\n|upkeep\n|turn|12\n|\n|t:|1637320676\n|switch|p1a: Chansey|Chansey, L84, F|141\/557\n|-damage|p1a: Chansey|72\/557|[from] Spikes\n|move|p2a: Archeops|Stone Edge|p1a: Chansey\n|-damage|p1a: Chansey|0 fnt\n|faint|p1a: Chansey\n|\n|upkeep\n|\n|t:|1637320696\n|switch|p1a: Lurantis|Lurantis, L86, M|261\/261\n|-damage|p1a: Lurantis|229\/261|[from] Spikes\n|turn|13\n|\n|t:|1637320706\n|move|p2a: Archeops|Dual Wingbeat|p1a: Lurantis\n|-supereffective|p1a: Lurantis\n|-damage|p1a: Lurantis|125\/261\n|-supereffective|p1a: Lurantis\n|-damage|p1a: Lurantis|15\/261\n|-hitcount|p1a: Lurantis|2\n|move|p1a: Lurantis|Leaf Storm|p2a: Archeops\n|-damage|p2a: Archeops|0 fnt\n|-boost|p1a: Lurantis|spa|2\n|faint|p2a: Archeops\n|-damage|p1a: Lurantis|0 fnt|[from] item: Life Orb\n|faint|p1a: Lurantis\n|\n|upkeep\n|j| yinfoxfreak\n|\n|t:|1637320722\n|switch|p2a: Glaceon|Glaceon, L88, F|258\/258\n|switch|p1a: Mew|Mew, L80|89\/291\n|-damage|p1a: Mew|53\/291|[from] Spikes\n|turn|14\n|\n|t:|1637320727\n|move|p1a: Mew|Close Combat|p2a: Glaceon\n|-supereffective|p2a: Glaceon\n|-damage|p2a: Glaceon|138\/258\n|-unboost|p1a: Mew|def|1\n|-unboost|p1a: Mew|spd|1\n|move|p2a: Glaceon|Freeze-Dry|p1a: Mew\n|-damage|p1a: Mew|0 fnt\n|faint|p1a: Mew\n|\n|-heal|p2a: Glaceon|154\/258|[from] item: Leftovers\n|upkeep\n|\n|t:|1637320737\n|switch|p1a: Gardevoir|Gardevoir, L82, F|246\/246\n|-damage|p1a: Gardevoir|216\/246|[from] Spikes\n|-ability|p1a: Gardevoir|Ice Body|[from] ability: Trace|[of] p2a: Glaceon\n|turn|15\n|j| KDYDX\n|\n|t:|1637320750\n|-start|p2a: Glaceon|Dynamax\n|-heal|p2a: Glaceon|308\/516|[silent]\n|move|p1a: Gardevoir|Calm Mind|p1a: Gardevoir\n|-boost|p1a: Gardevoir|spa|1\n|-boost|p1a: Gardevoir|spd|1\n|move|p2a: Glaceon|Max Phantasm|p1a: Gardevoir\n|-supereffective|p1a: Gardevoir\n|-damage|p1a: Gardevoir|86\/246\n|-unboost|p1a: Gardevoir|def|1\n|\n|-heal|p1a: Gardevoir|101\/246|[from] item: Leftovers\n|-heal|p2a: Glaceon|324\/516|[from] item: Leftovers\n|upkeep\n|turn|16\n|\n|t:|1637320765\n|move|p1a: Gardevoir|Substitute|p1a: Gardevoir\n|-start|p1a: Gardevoir|Substitute\n|-damage|p1a: Gardevoir|40\/246\n|move|p2a: Glaceon|Max Phantasm|p1a: Gardevoir\n|-supereffective|p1a: Gardevoir\n|-end|p1a: Gardevoir|Substitute\n|-unboost|p1a: Gardevoir|def|1\n|\n|-heal|p1a: Gardevoir|55\/246|[from] item: Leftovers\n|-heal|p2a: Glaceon|340\/516|[from] item: Leftovers\n|upkeep\n|turn|17\n|l| yinfoxfreak\n|\n|t:|1637320776\n|move|p1a: Gardevoir|Moonblast|p2a: Glaceon\n|-damage|p2a: Glaceon|181\/516\n|-unboost|p2a: Glaceon|spa|1\n|move|p2a: Glaceon|Max Phantasm|p1a: Gardevoir\n|-supereffective|p1a: Gardevoir\n|-damage|p1a: Gardevoir|0 fnt\n|faint|p1a: Gardevoir\n|\n|-heal|p2a: Glaceon|197\/516|[from] item: Leftovers\n|-end|p2a: Glaceon|Dynamax\n|-heal|p2a: Glaceon|99\/258|[silent]\n|upkeep\n|\n|t:|1637320787\n|switch|p1a: Togekiss|Togekiss, L80, M|241\/267\n|turn|18\n|\n|t:|1637320791\n|move|p1a: Togekiss|Aura Sphere|p2a: Glaceon\n|-supereffective|p2a: Glaceon\n|-damage|p2a: Glaceon|0 fnt\n|faint|p2a: Glaceon\n|\n|upkeep\n|\n|t:|1637320798\n|switch|p2a: Indeedee|Indeedee, L82, M|233\/233\n|-fieldstart|move: Psychic Terrain|[from] ability: Psychic Surge|[of] p2a: Indeedee\n|turn|19\n|\n|t:|1637320809\n|-start|p1a: Togekiss|Dynamax\n|-heal|p1a: Togekiss|482\/534|[silent]\n|move|p2a: Indeedee|Calm Mind|p2a: Indeedee\n|-boost|p2a: Indeedee|spa|1\n|-boost|p2a: Indeedee|spd|1\n|move|p1a: Togekiss|Max Airstream|p2a: Indeedee\n|-damage|p2a: Indeedee|136\/233\n|-boost|p1a: Togekiss|spe|1\n|\n|upkeep\n|turn|20\n|\n|t:|1637320820\n|move|p1a: Togekiss|Max Airstream|p2a: Indeedee\n|-damage|p2a: Indeedee|30\/233\n|-boost|p1a: Togekiss|spe|1\n|move|p2a: Indeedee|Expanding Force|p1a: Togekiss\n|-damage|p1a: Togekiss|192\/534\n|-damage|p2a: Indeedee|7\/233|[from] item: Life Orb\n|\n|upkeep\n|turn|21\n|\n|t:|1637320829\n|move|p1a: Togekiss|Max Airstream|p2a: Indeedee\n|-damage|p2a: Indeedee|0 fnt\n|-boost|p1a: Togekiss|spe|1\n|faint|p2a: Indeedee\n|\n|-end|p1a: Togekiss|Dynamax\n|-heal|p1a: Togekiss|96\/267|[silent]\n|upkeep\n|-message|rubv forfeited.\n|\n|win|swordsman.n\n","inputlog":">version 5f9d7c5fd7d7784ad2f0d0f4b61ea6e75791baaf\n>version-origin 3918ebd609a2bd57e0326bf76fca79306b37a61f\n>start {\"formatid\":\"gen8randombattle\",\"seed\":[41364,11863,30018,10769]}\n>player p1 {\"name\":\"swordsman.n\",\"avatar\":\"249\",\"rating\":0,\"seed\":[26982,42639,41082,829]}\n>player p2 {\"name\":\"rubv\",\"avatar\":\"camper\",\"rating\":0,\"seed\":[65454,46117,33293,35610]}\n>p1 move dragondance\n>p2 move shadowball\n>p1 move closecombat\n>p2 move protect\n>p1 move closecombat\n>p2 switch 6\n>p1 move flareblitz\n>p2 move trickroom\n>p1 switch 6\n>p2 move dazzlinggleam\n>p1 move toxic\n>p2 switch 2\n>p1 move seismictoss\n>p2 move stoneedge\n>p1 move softboiled\n>p2 move uturn\n>p2 switch 3\n>p1 switch 2\n>p2 move firstimpression\n>p1 move aurasphere\n>p2 move spikes\n>p1 move airslash\n>p2 move liquidation\n>p2 switch 3\n>p1 switch 2\n>p2 move stoneedge\n>p1 switch 4\n>p1 move leafstorm\n>p2 move dualwingbeat\n>p1 switch 6\n>p2 switch 6\n>p1 move closecombat\n>p2 move freezedry\n>p1 switch 5\n>p1 move calmmind\n>p2 move shadowball dynamax\n>p1 move substitute\n>p2 move shadowball dynamax\n>p1 move moonblast\n>p2 move shadowball dynamax\n>p1 switch 2\n>p1 move aurasphere\n>p2 move freezedry\n>p2 switch 5\n>p1 move airslash dynamax\n>p2 move calmmind\n>p1 move airslash dynamax\n>p2 move expandingforce\n>p1 move airslash dynamax\n>p2 move expandingforce\n>forcelose p2","uploadtime":1637320839,"views":12,"p1id":"swordsmann","p2id":"rubv","formatid":"gen8randombattle","rating":0,"private":0,"password":null}