{"id":"china-gen8pu-5303571","p1":"XZzhang","p2":"AlIoutdragadarts","format":"gen8pu","log":"|uhtml|report-battle|<b>\u5c06\u5bf9\u6218\u94fe\u63a5\u516c\u5f00\u5230:<\/b> <button class=\"button\" name=\"send\" value=\"\/reportto skypillar\">Sky Pillar<\/button><button class=\"button\" name=\"send\" value=\"\/reportto shinx\">Shinx<\/button>\n|j|\u2606XZzhang\n|j|\u2606AlIoutdragadarts\n|inactive|Battle timer is ON: inactive players will automatically lose when time's up.\n|t:|1661231795\n|gametype|singles\n|player|p1|XZzhang|tuber|\n|player|p2|AlIoutdragadarts|psychic-gen6|\n|teamsize|p1|6\n|teamsize|p2|6\n|gen|8\n|tier|[Gen 8] PU\n|rated|Tournament battle\n|rule|Sleep Clause Mod: Limit one foe put to sleep\n|rule|Species Clause: Limit one of each Pok\u00e9mon\n|rule|OHKO Clause: OHKO moves are banned\n|rule|Evasion Items Clause: Evasion items are banned\n|rule|Evasion Moves Clause: Evasion moves are banned\n|rule|Endless Battle Clause: Forcing endless battles is banned\n|rule|HP Percentage Mod: HP is shown in percentages\n|rule|Dynamax Clause: You cannot dynamax\n|clearpoke\n|poke|p1|Dubwool, F|\n|poke|p1|Duosion, F|\n|poke|p1|Silvally-*|\n|poke|p1|Gourgeist-*, M|\n|poke|p1|Mudbray, M|\n|poke|p1|Stonjourner, F|\n|poke|p2|Jellicent, M|\n|poke|p2|Hattrem, F|\n|poke|p2|Togedemaru, M|\n|poke|p2|Whimsicott, F|\n|poke|p2|Regirock|\n|poke|p2|Charizard, M|\n|teampreview\n|inactive|XZzhang also wants the timer to be on.\n|inactive|AlIoutdragadarts has 120 seconds left.\n|j| igiegie\n|j| wdzkz\n|\n|t:|1661231829\n|start\n|switch|p1a: Mudbray|Mudbray, M|100\/100\n|switch|p2a: Regirock|Regirock, shiny|100\/100\n|turn|1\n|\n|t:|1661231836\n|switch|p2a: Hattrem|Hattrem, F, shiny|100\/100\n|switch|p1a: Silvally|Silvally-Poison|100\/100\n|\n|upkeep\n|turn|2\n|\n|t:|1661231847\n|switch|p2a: Regirock|Regirock, shiny|100\/100\n|move|p1a: Silvally|Multi-Attack|p2a: Regirock\n|-resisted|p2a: Regirock\n|-damage|p2a: Regirock|92\/100\n|\n|-heal|p2a: Regirock|98\/100|[from] item: Leftovers\n|upkeep\n|turn|3\n|\n|t:|1661231854\n|move|p1a: Silvally|Parting Shot|p2a: Regirock\n|-unboost|p2a: Regirock|atk|1\n|-unboost|p2a: Regirock|spa|1\n|\n|t:|1661231861\n|switch|p1a: Gourgeist|Gourgeist-Super, M|100\/100|[from]move: Parting Shot\n|-item|p2a: Regirock|Leftovers|[from] ability: Frisk|[of] p1a: Gourgeist|[identify]\n|move|p2a: Regirock|Stealth Rock|p1a: Gourgeist\n|-sidestart|p1: XZzhang|move: Stealth Rock\n|\n|-heal|p2a: Regirock|100\/100|[from] item: Leftovers\n|upkeep\n|turn|4\n|\n|t:|1661231871\n|move|p2a: Regirock|Toxic|p1a: Gourgeist\n|-status|p1a: Gourgeist|tox\n|move|p1a: Gourgeist|Worry Seed|p2a: Regirock\n|-endability|p2a: Regirock|Sturdy|[from] move: Worry Seed\n|-ability|p2a: Regirock|Insomnia|[from] move: Worry Seed\n|\n|-damage|p1a: Gourgeist|94\/100 tox|[from] psn\n|upkeep\n|turn|5\n|\n|t:|1661231878\n|switch|p2a: Jellicent|Jellicent, M, shiny|100\/100\n|move|p1a: Gourgeist|Power Whip|p2a: Jellicent|[miss]\n|-miss|p1a: Gourgeist|p2a: Jellicent\n|\n|-heal|p1a: Gourgeist|100\/100 tox|[from] item: Leftovers\n|-damage|p1a: Gourgeist|88\/100 tox|[from] psn\n|upkeep\n|turn|6\n|\n|t:|1661231891\n|move|p2a: Jellicent|Shadow Ball|p1a: Gourgeist\n|-supereffective|p1a: Gourgeist\n|-damage|p1a: Gourgeist|0 fnt\n|faint|p1a: Gourgeist\n|\n|upkeep\n|\n|t:|1661231905\n|switch|p1a: Duosion|Duosion, F|100\/100\n|-damage|p1a: Duosion|88\/100|[from] Stealth Rock\n|turn|7\n|\n|t:|1661231913\n|move|p2a: Jellicent|Shadow Ball|p1a: Duosion\n|-supereffective|p1a: Duosion\n|-damage|p1a: Duosion|24\/100\n|move|p1a: Duosion|Shadow Ball|p2a: Jellicent\n|-supereffective|p2a: Jellicent\n|-damage|p2a: Jellicent|54\/100\n|\n|upkeep\n|turn|8\n|\n|t:|1661231924\n|switch|p2a: Whimsicott|Whimsicott, F, shiny|100\/100\n|switch|p1a: Silvally|Silvally-Poison|100\/100\n|-damage|p1a: Silvally|88\/100|[from] Stealth Rock\n|\n|upkeep\n|turn|9\n|\n|t:|1661231930\n|move|p2a: Whimsicott|U-turn|p1a: Silvally\n|-resisted|p1a: Silvally\n|-damage|p1a: Silvally|83\/100\n|\n|t:|1661231935\n|switch|p2a: Regirock|Regirock, shiny|100\/100|[from]move: U-turn\n|move|p1a: Silvally|Parting Shot|p2a: Regirock\n|-unboost|p2a: Regirock|atk|1\n|-unboost|p2a: Regirock|spa|1\n|\n|t:|1661231942\n|switch|p1a: Mudbray|Mudbray, M|100\/100|[from]move: Parting Shot\n|-damage|p1a: Mudbray|94\/100|[from] Stealth Rock\n|\n|upkeep\n|turn|10\n|\n|t:|1661231956\n|switch|p2a: Hattrem|Hattrem, F, shiny|100\/100\n|move|p1a: Mudbray|Stealth Rock|p2a: Hattrem\n|move|p2a: Hattrem|Stealth Rock||[from]ability: Magic Bounce|[still]\n|-fail|p2a: Hattrem\n|\n|upkeep\n|turn|11\n|\n|t:|1661231963\n|move|p2a: Hattrem|Psychic|p1a: Mudbray\n|-damage|p1a: Mudbray|66\/100\n|-ability|p1a: Mudbray|Stamina|boost\n|-boost|p1a: Mudbray|def|1\n|move|p1a: Mudbray|Earthquake|p2a: Hattrem\n|-damage|p2a: Hattrem|69\/100\n|\n|upkeep\n|turn|12\n|\n|t:|1661231972\n|switch|p1a: Silvally|Silvally-Poison|83\/100\n|-damage|p1a: Silvally|71\/100|[from] Stealth Rock\n|move|p2a: Hattrem|Psychic|p1a: Silvally\n|-supereffective|p1a: Silvally\n|-damage|p1a: Silvally|25\/100\n|\n|upkeep\n|turn|13\n|\n|t:|1661231980\n|switch|p2a: Togedemaru|Togedemaru, M, shiny|100\/100\n|move|p1a: Silvally|Multi-Attack|p2a: Togedemaru\n|-immune|p2a: Togedemaru\n|\n|upkeep\n|turn|14\n|\n|t:|1661231995\n|switch|p1a: Mudbray|Mudbray, M|66\/100\n|-damage|p1a: Mudbray|60\/100|[from] Stealth Rock\n|move|p2a: Togedemaru|U-turn|p1a: Mudbray\n|-damage|p1a: Mudbray|46\/100\n|-ability|p1a: Mudbray|Stamina|boost\n|-boost|p1a: Mudbray|def|1\n|\n|t:|1661231998\n|switch|p2a: Whimsicott|Whimsicott, F, shiny|100\/100|[from]move: U-turn\n|\n|upkeep\n|turn|15\n|\n|t:|1661232015\n|switch|p1a: Silvally|Silvally-Poison|25\/100\n|-damage|p1a: Silvally|13\/100|[from] Stealth Rock\n|move|p2a: Whimsicott|Giga Drain|p1a: Silvally\n|-resisted|p1a: Silvally\n|-damage|p1a: Silvally|0 fnt\n|faint|p1a: Silvally\n|\n|upkeep\n|\n|t:|1661232017\n|switch|p1a: Stonjourner|Stonjourner, F|100\/100\n|-damage|p1a: Stonjourner|88\/100|[from] Stealth Rock\n|turn|16\n|\n|t:|1661232031\n|move|p1a: Stonjourner|Stone Edge|p2a: Whimsicott\n|-crit|p2a: Whimsicott\n|-damage|p2a: Whimsicott|0 fnt\n|faint|p2a: Whimsicott\n|\n|upkeep\n|\n|t:|1661232039\n|switch|p2a: Togedemaru|Togedemaru, M, shiny|100\/100\n|turn|17\n|\n|t:|1661232048\n|switch|p1a: Mudbray|Mudbray, M|46\/100\n|-damage|p1a: Mudbray|40\/100|[from] Stealth Rock\n|move|p2a: Togedemaru|U-turn|p1a: Mudbray\n|-damage|p1a: Mudbray|27\/100\n|-ability|p1a: Mudbray|Stamina|boost\n|-boost|p1a: Mudbray|def|1\n|\n|t:|1661232052\n|switch|p2a: Charizard|Charizard, M, shiny|100\/100|[from]move: U-turn\n|\n|upkeep\n|turn|18\n|\n|t:|1661232070\n|move|p2a: Charizard|Flamethrower|p1a: Mudbray\n|-damage|p1a: Mudbray|0 fnt\n|faint|p1a: Mudbray\n|\n|upkeep\n|\n|t:|1661232073\n|switch|p1a: Stonjourner|Stonjourner, F|88\/100\n|-damage|p1a: Stonjourner|76\/100|[from] Stealth Rock\n|turn|19\n|j| crycups\n|\n|t:|1661232086\n|switch|p2a: Regirock|Regirock, shiny|100\/100\n|move|p1a: Stonjourner|Stone Edge|p2a: Regirock\n|-damage|p2a: Regirock|78\/100\n|\n|-heal|p2a: Regirock|84\/100|[from] item: Leftovers\n|upkeep\n|turn|20\n|\n|t:|1661232098\n|switch|p1a: Duosion|Duosion, F|57\/100\n|-damage|p1a: Duosion|45\/100|[from] Stealth Rock\n|move|p2a: Regirock|Body Press|p1a: Duosion\n|-resisted|p1a: Duosion\n|-damage|p1a: Duosion|21\/100\n|\n|-heal|p2a: Regirock|90\/100|[from] item: Leftovers\n|upkeep\n|turn|21\n|\n|t:|1661232106\n|move|p2a: Regirock|Rock Blast|p1a: Duosion|[miss]\n|-miss|p2a: Regirock|p1a: Duosion\n|move|p1a: Duosion|Future Sight|p2a: Regirock\n|-start|p1a: Duosion|move: Future Sight\n|\n|-heal|p2a: Regirock|96\/100|[from] item: Leftovers\n|upkeep\n|turn|22\n|\n|t:|1661232112\n|move|p2a: Regirock|Rock Blast|p1a: Duosion\n|-damage|p1a: Duosion|10\/100\n|-damage|p1a: Duosion|0 fnt\n|faint|p1a: Duosion\n|-hitcount|p1: Duosion|2\n|\n|-heal|p2a: Regirock|100\/100|[from] item: Leftovers\n|upkeep\n|\n|t:|1661232115\n|switch|p1a: Stonjourner|Stonjourner, F|76\/100\n|-damage|p1a: Stonjourner|64\/100|[from] Stealth Rock\n|turn|23\n|\n|t:|1661232125\n|switch|p2a: Togedemaru|Togedemaru, M, shiny|100\/100\n|move|p1a: Stonjourner|Superpower|p2a: Togedemaru\n|-supereffective|p2a: Togedemaru\n|-damage|p2a: Togedemaru|0 fnt\n|-unboost|p1a: Stonjourner|atk|1\n|-unboost|p1a: Stonjourner|def|1\n|faint|p2a: Togedemaru\n|\n|-hint|Future Sight did not hit because the target is fainted.\n|upkeep\n|\n|t:|1661232132\n|switch|p2a: Jellicent|Jellicent, M, shiny|54\/100\n|turn|24\n|\n|t:|1661232135\n|switch|p1a: Dubwool|Dubwool, F, shiny|100\/100\n|-damage|p1a: Dubwool|88\/100|[from] Stealth Rock\n|move|p2a: Jellicent|Surf|p1a: Dubwool\n|-crit|p1a: Dubwool\n|-damage|p1a: Dubwool|0 fnt\n|faint|p1a: Dubwool\n|\n|upkeep\n|\n|t:|1661232137\n|switch|p1a: Stonjourner|Stonjourner, F|64\/100\n|-damage|p1a: Stonjourner|51\/100|[from] Stealth Rock\n|turn|25\n|\n|t:|1661232140\n|move|p1a: Stonjourner|Stone Edge|p2a: Jellicent\n|-damage|p2a: Jellicent|0 fnt\n|faint|p2a: Jellicent\n|\n|upkeep\n|\n|t:|1661232143\n|switch|p2a: Regirock|Regirock, shiny|100\/100\n|turn|26\n|\n|t:|1661232145\n|move|p1a: Stonjourner|Stone Edge|p2a: Regirock\n|-damage|p2a: Regirock|80\/100\n|move|p2a: Regirock|Body Press|p1a: Stonjourner\n|-supereffective|p1a: Stonjourner\n|-damage|p1a: Stonjourner|0 fnt\n|faint|p1a: Stonjourner\n|\n|win|AlIoutdragadarts\n|n|\u2606XZzhang|xzzhang\n|n|\u2606AlIoutdragadarts|alioutdragadarts\n|n| igiegie|igiegie\n|n| wdzkz|wdzkz\n|n| crycups|crycups\n","uploadtime":1661232147,"views":6,"p1id":"xzzhang","p2id":"alioutdragadarts","formatid":"gen8pu","rating":0,"private":0,"password":null}