{"id":"china-gen8petmodebalanced-5269185","p1":"igiegie","p2":"AlIoutdragadarts","format":"gen8petmodebalanced","log":"|j|\u2606igiegie\n|j|\u2606AlIoutdragadarts\n|t:|1660799576\n|gametype|singles\n|player|p1|igiegie|nyar202210.png|\n|player|p2|AlIoutdragadarts|battlegirl-gen4|\n|teamsize|p1|6\n|teamsize|p2|6\n|gen|8\n|tier|[Gen 8] Pet Mode Balanced \u5ba0\u7269\u5e73\u8861\u6a21\u5f0f\n|rated|Tournament battle\n|rule|Dynamax Clause: You cannot dynamax\n|rule|Sleep Clause Mod: Limit one foe put to sleep\n|rule|Endless Battle Clause: Forcing endless battles is banned\n|rule|HP Percentage Mod: HP is shown in percentages\n|clearpoke\n|poke|p1|Rillaboom, L50, M|\n|poke|p1|Volcarona, L50, F|\n|poke|p1|Pidgeot, L50, F|\n|poke|p1|Hawlucha, L50, F|\n|poke|p1|Gliscor, L50, F|\n|poke|p1|Darmanitan, L50, M|\n|poke|p2|Slowbro-Galar, L50, F|\n|poke|p2|Ninetales-Alola, L50, F|\n|poke|p2|Haxorus, L50, F|\n|poke|p2|Cloyster, L50, M|\n|poke|p2|Hawlucha, L50, M|\n|poke|p2|Ralts, L50, F|\n|teampreview\n|c|\u2606igiegie|?\n|\n|t:|1660799587\n|start\n|switch|p1a: Darmanitan|Darmanitan, L50, M, shiny|171\/171\n|switch|p2a: Ninetales|Ninetales-Alola, L50, F|166\/166\n|-weather|Hail|[from] ability: Snow Warning|[of] p2a: Ninetales\n|turn|1\n|j| ban123456\n|c|\u2606igiegie|\u54c7\n|\n|t:|1660799594\n|switch|p2a: Ralts|Ralts, L50, F|129\/129\n|-ability|p2a: Ralts|Sheer Force|[from] ability: Trace|[of] p1a: Darmanitan\n|move|p1a: Darmanitan|Flare Blitz|p2a: Ralts\n|-damage|p2a: Ralts|0 fnt\n|faint|p2a: Ralts\n|-damage|p1a: Darmanitan|128\/171|[from] Recoil\n|\n|-weather|Hail|[upkeep]\n|-damage|p1a: Darmanitan|118\/171|[from] Hail\n|upkeep\n|\n|t:|1660799596\n|switch|p2a: Hawlucha|Hawlucha, L50, M|147\/147\n|turn|2\n|c|\u2606AlIoutdragadarts|\u5fd8\u8bb0\u6362\u4eba\u4e86\n|\n|t:|1660799610\n|move|p1a: Darmanitan|Flare Blitz|p2a: Hawlucha\n|-damage|p2a: Hawlucha|0 fnt\n|faint|p2a: Hawlucha\n|-damage|p1a: Darmanitan|69\/171|[from] Recoil\n|\n|-weather|Hail|[upkeep]\n|-damage|p1a: Darmanitan|59\/171|[from] Hail\n|upkeep\n|\n|t:|1660799613\n|switch|p2a: Slowbro|Slowbro-Galar, L50, F|198\/198\n|turn|3\n|-activate|p2a: Slowbro|ability: Quick Draw\n|\n|t:|1660799619\n|move|p2a: Slowbro|Psychic|p1a: Darmanitan\n|-damage|p1a: Darmanitan|0 fnt\n|faint|p1a: Darmanitan\n|\n|-weather|Hail|[upkeep]\n|-damage|p2a: Slowbro|186\/198|[from] Hail\n|upkeep\n|\n|t:|1660799624\n|switch|p1a: Volcarona|Volcarona, L50, F|160\/160\n|turn|4\n|\n|t:|1660799630\n|move|p1a: Volcarona|Quiver Dance|p1a: Volcarona\n|-boost|p1a: Volcarona|spa|1\n|-boost|p1a: Volcarona|spd|1\n|-boost|p1a: Volcarona|spe|1\n|move|p2a: Slowbro|Nasty Plot|p2a: Slowbro\n|-boost|p2a: Slowbro|spa|2\n|\n|-weather|Hail|[upkeep]\n|-damage|p1a: Volcarona|150\/160|[from] Hail\n|-damage|p2a: Slowbro|174\/198|[from] Hail\n|upkeep\n|turn|5\n|c|\u2606igiegie|\u4f60\u6709\u96f7\u9e1f\u6d77\u517d\u5417\n|-activate|p2a: Slowbro|ability: Quick Draw\n|\n|t:|1660799639\n|move|p2a: Slowbro|Sludge Bomb|p1a: Volcarona\n|-damage|p1a: Volcarona|95\/160\n|-status|p1a: Volcarona|psn\n|move|p1a: Volcarona|Fiery Dance|p2a: Slowbro\n|-damage|p2a: Slowbro|0 fnt\n|-boost|p1a: Volcarona|spa|1\n|faint|p2a: Slowbro\n|\n|-weather|none\n|-damage|p1a: Volcarona|75\/160 psn|[from] psn\n|upkeep\n|\n|t:|1660799657\n|switch|p2a: Ninetales|Ninetales-Alola, L50, F|166\/166\n|-weather|Hail|[from] ability: Snow Warning|[of] p2a: Ninetales\n|turn|6\n|\n|t:|1660799663\n|switch|p2a: Cloyster|Cloyster, L50, M|121\/121\n|move|p1a: Volcarona|Fiery Dance|p2a: Cloyster\n|-damage|p2a: Cloyster|0 fnt\n|-boost|p1a: Volcarona|spa|1\n|faint|p2a: Cloyster\n|\n|-weather|Hail|[upkeep]\n|-damage|p1a: Volcarona|65\/160 psn|[from] Hail\n|-damage|p1a: Volcarona|45\/160 psn|[from] psn\n|upkeep\n|\n|t:|1660799668\n|switch|p2a: Haxorus|Haxorus, L50, F|141\/141\n|-ability|p2a: Haxorus|Mold Breaker\n|turn|7\n|c|\u2606igiegie|\u56de\u7b54\u4e0b\u6211\n|\n|t:|1660799676\n|switch|p2a: Ninetales|Ninetales-Alola, L50, F|166\/166\n|-zpower|p1a: Volcarona\n|move|p1a: Volcarona|Inferno Overdrive|p2a: Ninetales|[zeffect]\n|-supereffective|p2a: Ninetales\n|-damage|p2a: Ninetales|0 fnt\n|faint|p2a: Ninetales\n|\n|-weather|Hail|[upkeep]\n|-damage|p1a: Volcarona|35\/160 psn|[from] Hail\n|-damage|p1a: Volcarona|15\/160 psn|[from] psn\n|upkeep\n|j| weidu\n|\n|t:|1660799685\n|switch|p2a: Haxorus|Haxorus, L50, F|141\/141\n|-ability|p2a: Haxorus|Mold Breaker\n|turn|8\n|\n|t:|1660799688\n|move|p1a: Volcarona|Psychic|p2a: Haxorus\n|-damage|p2a: Haxorus|0 fnt\n|faint|p2a: Haxorus\n|\n|win|igiegie\n|n|\u2606igiegie|igiegie\n|n|\u2606AlIoutdragadarts|alioutdragadarts\n|n| ban123456|ban123456\n|n| weidu|weidu\n","uploadtime":1660799689,"views":6,"p1id":"igiegie","p2id":"alioutdragadarts","formatid":"gen8petmodebalanced","rating":0,"private":0,"password":null}