{"id":"china-gen7ubers-768","p1":"rbu rbu","p2":"gostop","format":"gen7ubers","log":"|j|\u2606rbu rbu\n|j|\u2606gostop\n|t:|1615732255\n|player|p1|rbu rbu|lass-gen4|\n|player|p2|gostop|gostop.gif|\n|teamsize|p1|6\n|teamsize|p2|6\n|gametype|singles\n|gen|7\n|tier|[Gen 7] Ubers\n|clearpoke\n|poke|p1|Xerneas|item\n|poke|p1|Lunala|item\n|poke|p1|Arceus-*|item\n|poke|p1|Necrozma-Dusk-Mane|item\n|poke|p1|Zygarde|item\n|poke|p1|Groudon|item\n|poke|p2|Groudon|item\n|poke|p2|Arceus-*|item\n|poke|p2|Yveltal|item\n|poke|p2|Kyogre|item\n|poke|p2|Necrozma-Dusk-Mane|item\n|poke|p2|Marshadow|item\n|rule|Sleep Clause Mod: Limit one foe put to sleep\n|rule|Species Clause: Limit one of each Pok\u00e9mon\n|rule|OHKO Clause: OHKO moves are banned\n|rule|Moody Clause: Moody is banned\n|rule|Evasion Moves Clause: Evasion moves are banned\n|rule|Endless Battle Clause: Forcing endless battles is banned\n|rule|HP Percentage Mod: HP is shown in percentages\n|rule|Mega Rayquaza Clause: You cannot mega evolve Rayquaza\n|teampreview\n|inactive|Battle timer is ON: inactive players will automatically lose when time's up. (requested by rbu rbu)\n|inactive|gostop has 270 seconds left.\n|c|\u2606rbu rbu|\/log rbu rbu made this room public.\n|j| Slow_Dream\n|j| Fighting Snorlax\n|j| Rampagewebber\n|inactive|gostop has 240 seconds left.\n|\n|t:|1615732340\n|start\n|switch|p1a: Lunala|Lunala|100\/100\n|switch|p2a: Kyogre|Kyogre|100\/100\n|detailschange|p2a: Kyogre|Kyogre-Primal\n|-primal|p2a: Kyogre\n|-weather|PrimordialSea|[from] ability: Primordial Sea|[of] p2a: Kyogre\n|turn|1\n|\n|t:|1615732351\n|move|p1a: Lunala|Moongeist Beam|p2a: Kyogre\n|-crit|p2a: Kyogre\n|-damage|p2a: Kyogre|31\/100\n|move|p2a: Kyogre|Toxic|p1a: Lunala\n|-status|p1a: Lunala|tox\n|\n|-weather|PrimordialSea|[upkeep]\n|-damage|p1a: Lunala|94\/100 tox|[from] psn\n|upkeep\n|turn|2\n|j| Raiden Mei\u96f7\u96fb\u5973\u738b\n|j| Nobeta\n|j|&WwlWss\n|\n|t:|1615732367\n|switch|p1a: Xerneas|Xerneas|100\/100\n|-ability|p1a: Xerneas|Fairy Aura\n|-weather|none\n|switch|p2a: Yveltal|Yveltal|100\/100\n|-ability|p2a: Yveltal|Dark Aura\n|\n|upkeep\n|turn|3\n|\n|t:|1615732381\n|switch|p2a: Groudon|Groudon|100\/100\n|detailschange|p2a: Groudon|Groudon-Primal\n|-primal|p2a: Groudon\n|-weather|DesolateLand|[from] ability: Desolate Land|[of] p2a: Groudon\n|move|p1a: Xerneas|Aromatherapy|p1a: Xerneas\n|-activate|p1a: Xerneas|move: Aromatherapy\n|-curestatus|p1: Lunala|tox|[msg]\n|\n|-weather|DesolateLand|[upkeep]\n|upkeep\n|turn|4\n|j| colorfulchocolate\n|\n|t:|1615732390\n|switch|p1a: Zygarde|Zygarde|100\/100\n|move|p2a: Groudon|Stealth Rock|p1a: Zygarde\n|-sidestart|p1: rbu rbu|move: Stealth Rock\n|\n|-weather|DesolateLand|[upkeep]\n|upkeep\n|turn|5\n|j| ooiee19962\n|j| Paradise Seeker\n|j| menhera chan\n|j| zzro\n|inactive|gostop has 270 seconds left.\n|j| cscl\n|\n|t:|1615732421\n|-weather|none\n|switch|p2a: Kyogre|Kyogre-Primal|31\/100\n|-weather|PrimordialSea|[from] ability: Primordial Sea|[of] p2a: Kyogre\n|move|p1a: Zygarde|Glare|p2a: Kyogre\n|-status|p2a: Kyogre|par\n|\n|-weather|PrimordialSea|[upkeep]\n|upkeep\n|turn|6\n|\n|t:|1615732429\n|switch|p1a: Groudon|Groudon|100\/100\n|-damage|p1a: Groudon|94\/100|[from] Stealth Rock\n|detailschange|p1a: Groudon|Groudon-Primal\n|-primal|p1a: Groudon\n|-weather|DesolateLand|[from] ability: Desolate Land|[of] p1a: Groudon\n|move|p2a: Kyogre|Rest|p2a: Kyogre\n|-status|p2a: Kyogre|slp|[from] move: Rest\n|-heal|p2a: Kyogre|100\/100 slp|[silent]\n|\n|-weather|DesolateLand|[upkeep]\n|upkeep\n|turn|7\n|j| ssdbd\n|inactive|gostop has 270 seconds left.\n|\n|t:|1615732451\n|switch|p2a: Arceus|Arceus-Ground|100\/100\n|move|p1a: Groudon|Stealth Rock|p2a: Arceus\n|-sidestart|p2: gostop|move: Stealth Rock\n|\n|-weather|DesolateLand|[upkeep]\n|upkeep\n|turn|8\n|inactive|gostop has 270 seconds left.\n|j|\u265aDudutest\n|l| Rampagewebber\n|\n|t:|1615732475\n|-weather|none\n|switch|p1a: Arceus|Arceus-Water|100\/100\n|-damage|p1a: Arceus|88\/100|[from] Stealth Rock\n|move|p2a: Arceus|Defog|p1a: Arceus\n|-unboost|p1a: Arceus|evasion|1\n|-sideend|p1: rbu rbu|Stealth Rock|[from] move: Defog|[of] p2a: Arceus\n|-sideend|p2: gostop|Stealth Rock|[from] move: Defog|[of] p2a: Arceus\n|\n|upkeep\n|turn|9\n|inactive|gostop has 240 seconds left.\n|\n|t:|1615732515\n|switch|p2a: Kyogre|Kyogre-Primal|100\/100 slp\n|-weather|PrimordialSea|[from] ability: Primordial Sea|[of] p2a: Kyogre\n|move|p1a: Arceus|Judgment|p2a: Kyogre\n|-resisted|p2a: Kyogre\n|-damage|p2a: Kyogre|79\/100 slp\n|\n|-weather|PrimordialSea|[upkeep]\n|upkeep\n|turn|10\n|j|\u265aLet\u2019sgosixers\n|\n|t:|1615732523\n|switch|p1a: Groudon|Groudon-Primal|94\/100\n|-weather|DesolateLand|[from] ability: Desolate Land|[of] p1a: Groudon\n|cant|p2a: Kyogre|slp\n|move|p2a: Kyogre|Sleep Talk|p2a: Kyogre\n|move|p2a: Kyogre|Toxic|p1a: Groudon|[from]move: Sleep Talk\n|-status|p1a: Groudon|tox\n|\n|-weather|DesolateLand|[upkeep]\n|-damage|p1a: Groudon|88\/100 tox|[from] psn\n|upkeep\n|turn|11\n|inactive|gostop has 240 seconds left.\n|\n|t:|1615732540\n|-weather|none\n|switch|p1a: Lunala|Lunala|94\/100\n|switch|p2a: Arceus|Arceus-Ground|100\/100\n|\n|upkeep\n|turn|12\n|inactive|gostop has 240 seconds left.\n|\n|t:|1615732552\n|switch|p2a: Yveltal|Yveltal|100\/100\n|-ability|p2a: Yveltal|Dark Aura\n|move|p1a: Lunala|Ice Beam|p2a: Yveltal\n|-supereffective|p2a: Yveltal\n|-damage|p2a: Yveltal|23\/100\n|\n|upkeep\n|turn|13\n|inactive|gostop has 240 seconds left.\n|j| burstbean\n|l| burstbean\n|\n|t:|1615732569\n|switch|p1a: Xerneas|Xerneas|100\/100\n|-ability|p1a: Xerneas|Fairy Aura\n|move|p2a: Yveltal|Sucker Punch||[still]\n|-fail|p2a: Yveltal\n|\n|upkeep\n|turn|14\n|\n|t:|1615732574\n|switch|p1a: Groudon|Groudon-Primal|88\/100 tox\n|-weather|DesolateLand|[from] ability: Desolate Land|[of] p1a: Groudon\n|switch|p2a: Groudon|Groudon-Primal|100\/100\n|\n|-weather|DesolateLand|[upkeep]\n|-damage|p1a: Groudon|82\/100 tox|[from] psn\n|upkeep\n|turn|15\n|j| youke\n|\n|t:|1615732582\n|move|p1a: Groudon|Precipice Blades|p2a: Groudon\n|-supereffective|p2a: Groudon\n|-damage|p2a: Groudon|3\/100\n|move|p2a: Groudon|Earthquake|p1a: Groudon\n|-supereffective|p1a: Groudon\n|-damage|p1a: Groudon|17\/100 tox\n|\n|-weather|DesolateLand|[upkeep]\n|-damage|p1a: Groudon|5\/100 tox|[from] psn\n|upkeep\n|turn|16\n|l| youke\n|inactive|gostop has 240 seconds left.\n|j|\u265abaibaiats\n|\n|t:|1615732625\n|move|p1a: Groudon|Stealth Rock|p2a: Groudon\n|-sidestart|p2: gostop|move: Stealth Rock\n|move|p2a: Groudon|Stealth Rock|p1a: Groudon\n|-sidestart|p1: rbu rbu|move: Stealth Rock\n|\n|-weather|DesolateLand|[upkeep]\n|-damage|p1a: Groudon|0 fnt|[from] psn\n|faint|p1a: Groudon\n|upkeep\n|\n|t:|1615732632\n|switch|p1a: Arceus|Arceus-Water|88\/100\n|-damage|p1a: Arceus|76\/100|[from] Stealth Rock\n|turn|17\n|\n|t:|1615732646\n|-weather|none\n|switch|p2a: Kyogre|Kyogre-Primal|79\/100 slp\n|-damage|p2a: Kyogre|67\/100 slp|[from] Stealth Rock\n|-weather|PrimordialSea|[from] ability: Primordial Sea|[of] p2a: Kyogre\n|move|p1a: Arceus|Toxic||[still]\n|-fail|p1a: Arceus\n|\n|-weather|PrimordialSea|[upkeep]\n|upkeep\n|turn|18\n|\n|t:|1615732657\n|switch|p1a: Lunala|Lunala|94\/100\n|-damage|p1a: Lunala|82\/100|[from] Stealth Rock\n|cant|p2a: Kyogre|slp\n|move|p2a: Kyogre|Sleep Talk|p2a: Kyogre\n|move|p2a: Kyogre|Origin Pulse|p1a: Lunala|[from]move: Sleep Talk\n|-damage|p1a: Lunala|0 fnt\n|faint|p1a: Lunala\n|\n|-weather|PrimordialSea|[upkeep]\n|upkeep\n|\n|t:|1615732664\n|switch|p1a: Xerneas|Xerneas|100\/100\n|-damage|p1a: Xerneas|88\/100|[from] Stealth Rock\n|-ability|p1a: Xerneas|Fairy Aura\n|turn|19\n|inactive|gostop has 240 seconds left.\n|j| Deep State\n|inactive|gostop has 210 seconds left.\n|\n|t:|1615732720\n|move|p1a: Xerneas|Grass Knot|p2a: Kyogre\n|-supereffective|p2a: Kyogre\n|-damage|p2a: Kyogre|16\/100 slp\n|-curestatus|p2a: Kyogre|slp|[msg]\n|move|p2a: Kyogre|Origin Pulse|p1a: Xerneas\n|-damage|p1a: Xerneas|0 fnt\n|faint|p1a: Xerneas\n|\n|-weather|PrimordialSea|[upkeep]\n|upkeep\n|\n|t:|1615732730\n|switch|p1a: Arceus|Arceus-Water|76\/100\n|-damage|p1a: Arceus|63\/100|[from] Stealth Rock\n|turn|20\n|inactive|gostop has 180 seconds left.\n|\n|t:|1615732780\n|-weather|none\n|switch|p2a: Groudon|Groudon-Primal|3\/100\n|-damage|p2a: Groudon|0 fnt|[from] Stealth Rock\n|faint|p2a: Groudon\n|move|p1a: Arceus|Judgment|p2: Groudon|[notarget]\n|-fail|p1a: Arceus\n|\n|upkeep\n|inactive|gostop has 150 seconds left.\n|inactive|gostop has 120 seconds left.\n|j| leafmonth\n|j|\u265an zyy\n|\n|t:|1615732854\n|switch|p2a: Necrozma|Necrozma-Dusk-Mane|100\/100\n|-damage|p2a: Necrozma|95\/100|[from] Stealth Rock\n|turn|21\n|\n|t:|1615732865\n|switch|p1a: Zygarde|Zygarde|100\/100\n|-damage|p1a: Zygarde|94\/100|[from] Stealth Rock\n|detailschange|p2a: Necrozma|Necrozma-Ultra\n|-burst|p2a: Necrozma|Necrozma|Ultranecrozium Z\n|move|p2a: Necrozma|Photon Geyser|p1a: Zygarde\n|-damage|p1a: Zygarde|64\/100\n|\n|-heal|p1a: Zygarde|70\/100|[from] item: Leftovers\n|upkeep\n|turn|22\n|\n|t:|1615732873\n|switch|p1a: Arceus|Arceus-Water|63\/100\n|-damage|p1a: Arceus|51\/100|[from] Stealth Rock\n|move|p2a: Necrozma|Outrage|p1a: Arceus\n|-damage|p1a: Arceus|11\/100\n|\n|upkeep\n|turn|23\n|\n|t:|1615732878\n|move|p2a: Necrozma|Outrage|p1a: Arceus|[from]lockedmove\n|-damage|p1a: Arceus|0 fnt\n|faint|p1a: Arceus\n|\n|upkeep\n|\n|t:|1615732880\n|switch|p1a: Necrozma|Necrozma-Dusk-Mane|100\/100\n|-damage|p1a: Necrozma|94\/100|[from] Stealth Rock\n|turn|24\n|inactive|gostop has 120 seconds left.\n|\n|t:|1615732886\n|move|p2a: Necrozma|Outrage|p1a: Necrozma|[from]lockedmove\n|-resisted|p1a: Necrozma\n|-damage|p1a: Necrozma|63\/100\n|-start|p2a: Necrozma|confusion|[fatigue]\n|move|p1a: Necrozma|Rock Polish|p1a: Necrozma\n|-boost|p1a: Necrozma|spe|2\n|\n|upkeep\n|turn|25\n|l| cscl\n|inactive|gostop has 120 seconds left.\n|j|\u265aThe Steel Shadow\n|inactive|gostop has 90 seconds left.\n|\n|t:|1615732952\n|move|p1a: Necrozma|Swords Dance|p1a: Necrozma\n|-boost|p1a: Necrozma|atk|2\n|-activate|p2a: Necrozma|confusion\n|move|p2a: Necrozma|Earthquake|p1a: Necrozma\n|-supereffective|p1a: Necrozma\n|-damage|p1a: Necrozma|0 fnt\n|faint|p1a: Necrozma\n|\n|upkeep\n|\n|t:|1615732961\n|switch|p1a: Zygarde|Zygarde|70\/100\n|-damage|p1a: Zygarde|64\/100|[from] Stealth Rock\n|turn|26\n|inactive|gostop has 60 seconds left.\n|\n|t:|1615732990\n|switch|p2a: Yveltal|Yveltal|23\/100\n|-damage|p2a: Yveltal|0 fnt|[from] Stealth Rock\n|faint|p2a: Yveltal\n|move|p1a: Zygarde|Glare|p2: Yveltal|[notarget]\n|-fail|p1a: Zygarde\n|\n|-heal|p1a: Zygarde|70\/100|[from] item: Leftovers\n|upkeep\n|l|\u265aLet\u2019sgosixers\n|\n|t:|1615733008\n|switch|p2a: Arceus|Arceus-Ground|100\/100\n|-damage|p2a: Arceus|94\/100|[from] Stealth Rock\n|turn|27\n|l| colorfulchocolate\n|\n|t:|1615733012\n|move|p2a: Arceus|Ice Beam|p1a: Zygarde\n|-supereffective|p1a: Zygarde\n|-damage|p1a: Zygarde|0 fnt\n|faint|p1a: Zygarde\n|\n|win|gostop\n|c|\u2606gostop|gg\n|l|\u2606rbu rbu\n|l| Paradise Seeker\n|l| menhera chan\n|l| zzro\n|c|\u2606gostop|wp\n|l| Slow_Dream\n|l| Fighting Snorlax\n|l| ssdbd\n|l| Raiden Mei\u96f7\u96fb\u5973\u738b\n|l|\u265abaibaiats\n|l| leafmonth\n|l|\u265aThe Steel Shadow\n","uploadtime":1615733018,"views":84,"p1id":"rburbu","p2id":"gostop","formatid":"gen7ubers","rating":0,"private":0,"password":null}