{"id":"china-gen7ou-1624815","p1":"oxm","p2":"EEEEEvolto","format":"gen7ou","log":"|j|\u2606oxm\n|j|\u2606EEEEEvolto\n|t:|1626346189\n|gametype|singles\n|player|p1|oxm|44|1287\n|player|p2|EEEEEvolto|169|1293\n|teamsize|p1|6\n|teamsize|p2|6\n|gen|7\n|tier|[Gen 7] OU\n|rated|\n|rule|Sleep Clause Mod: Limit one foe put to sleep\n|rule|Species Clause: Limit one of each Pok\u00e9mon\n|rule|OHKO Clause: OHKO moves are banned\n|rule|Moody Clause: Moody is banned\n|rule|Evasion Moves Clause: Evasion moves are banned\n|rule|Endless Battle Clause: Forcing endless battles is banned\n|rule|HP Percentage Mod: HP is shown in percentages\n|clearpoke\n|poke|p1|Charizard, M|item\n|poke|p1|Landorus-Therian, M|item\n|poke|p1|Tapu Fini|item\n|poke|p1|Greninja, M|item\n|poke|p1|Jirachi|item\n|poke|p1|Kartana|item\n|poke|p2|Skarmory, F|item\n|poke|p2|Clefable, F|item\n|poke|p2|Chansey, F|item\n|poke|p2|Sableye, M|item\n|poke|p2|Toxapex, M|item\n|poke|p2|Gliscor, M|item\n|teampreview\n|\n|t:|1626346196\n|start\n|switch|p1a: Charizard|Charizard, M|100\/100\n|switch|p2a: Sableye|Sableye, M|100\/100\n|turn|1\n|inactive|Battle timer is ON: inactive players will automatically lose when time's up. (requested by oxm)\n|\n|t:|1626346207\n|detailschange|p1a: Charizard|Charizard-Mega-X, M\n|-mega|p1a: Charizard|Charizard|Charizardite X\n|detailschange|p2a: Sableye|Sableye-Mega, M\n|-mega|p2a: Sableye|Sableye|Sablenite\n|move|p2a: Sableye|Protect|p2a: Sableye\n|-singleturn|p2a: Sableye|Protect\n|move|p1a: Charizard|Dragon Dance|p1a: Charizard\n|-boost|p1a: Charizard|atk|1\n|-boost|p1a: Charizard|spe|1\n|\n|upkeep\n|turn|2\n|\n|t:|1626346216\n|switch|p2a: Toxapex|Toxapex, M|100\/100\n|move|p1a: Charizard|Flare Blitz|p2a: Toxapex\n|-resisted|p2a: Toxapex\n|-crit|p2a: Toxapex\n|-damage|p2a: Toxapex|24\/100\n|-damage|p1a: Charizard|75\/100|[from] Recoil\n|\n|-heal|p2a: Toxapex|30\/100|[from] item: Black Sludge\n|upkeep\n|turn|3\n|\n|t:|1626346226\n|switch|p2a: Clefable|Clefable, F|100\/100\n|move|p1a: Charizard|Flare Blitz|p2a: Clefable\n|-damage|p2a: Clefable|42\/100\n|-damage|p1a: Charizard|49\/100|[from] Recoil\n|\n|-heal|p2a: Clefable|48\/100|[from] item: Leftovers\n|upkeep\n|turn|4\n|\n|t:|1626346234\n|move|p2a: Clefable|Protect|p2a: Clefable\n|-singleturn|p2a: Clefable|Protect\n|move|p1a: Charizard|Flare Blitz|p2a: Clefable\n|-activate|p2a: Clefable|move: Protect\n|\n|-heal|p2a: Clefable|54\/100|[from] item: Leftovers\n|upkeep\n|turn|5\n|\n|t:|1626346237\n|switch|p2a: Toxapex|Toxapex, M|63\/100\n|move|p1a: Charizard|Flare Blitz|p2a: Toxapex\n|-resisted|p2a: Toxapex\n|-damage|p2a: Toxapex|18\/100\n|-damage|p1a: Charizard|33\/100|[from] Recoil\n|\n|-heal|p2a: Toxapex|24\/100|[from] item: Black Sludge\n|upkeep\n|turn|6\n|\n|t:|1626346244\n|move|p1a: Charizard|Roost|p1a: Charizard\n|-heal|p1a: Charizard|84\/100\n|-singleturn|p1a: Charizard|move: Roost\n|move|p2a: Toxapex|Scald|p1a: Charizard\n|-damage|p1a: Charizard|63\/100\n|\n|-heal|p2a: Toxapex|30\/100|[from] item: Black Sludge\n|upkeep\n|turn|7\n|\n|t:|1626346252\n|move|p1a: Charizard|Flare Blitz|p2a: Toxapex\n|-resisted|p2a: Toxapex\n|-damage|p2a: Toxapex|0 fnt\n|faint|p2a: Toxapex\n|-damage|p1a: Charizard|53\/100|[from] Recoil\n|\n|upkeep\n|\n|t:|1626346255\n|switch|p2a: Chansey|Chansey, F|100\/100\n|turn|8\n|\n|t:|1626346262\n|move|p1a: Charizard|Dragon Claw|p2a: Chansey\n|-damage|p2a: Chansey|45\/100\n|move|p2a: Chansey|Toxic|p1a: Charizard\n|-status|p1a: Charizard|tox\n|\n|-damage|p1a: Charizard|47\/100 tox|[from] psn\n|upkeep\n|turn|9\n|\n|t:|1626346269\n|switch|p2a: Gliscor|Gliscor, M|100\/100\n|move|p1a: Charizard|Roost|p1a: Charizard\n|-heal|p1a: Charizard|97\/100 tox\n|-singleturn|p1a: Charizard|move: Roost\n|\n|-damage|p1a: Charizard|85\/100 tox|[from] psn\n|-status|p2a: Gliscor|tox|[from] item: Toxic Orb\n|upkeep\n|turn|10\n|\n|t:|1626346273\n|move|p1a: Charizard|Flare Blitz|p2a: Gliscor\n|-damage|p2a: Gliscor|0 fnt\n|faint|p2a: Gliscor\n|-damage|p1a: Charizard|48\/100 tox|[from] Recoil\n|\n|-damage|p1a: Charizard|29\/100 tox|[from] psn\n|upkeep\n|\n|t:|1626346276\n|switch|p2a: Clefable|Clefable, F|54\/100\n|turn|11\n|\n|t:|1626346280\n|move|p1a: Charizard|Flare Blitz|p2a: Clefable\n|-damage|p2a: Clefable|0 fnt\n|faint|p2a: Clefable\n|-damage|p1a: Charizard|6\/100 tox|[from] Recoil\n|\n|-damage|p1a: Charizard|0 fnt|[from] psn\n|faint|p1a: Charizard\n|upkeep\n|c|\u2606oxm|\u53c8\u8ba9\u6211xd\n|c|\u2606EEEEEvolto|\u6ca1\u4e8b\n|\n|t:|1626346303\n|switch|p1a: Jirachi|Jirachi, shiny|100\/100\n|switch|p2a: Sableye|Sableye-Mega, M|100\/100\n|turn|12\n|j| rakukeika\n|inactive|oxm has 120 seconds left.\n|\n|t:|1626346323\n|switch|p1a: Tapu Fini|Tapu Fini|100\/100\n|-fieldstart|move: Misty Terrain|[from] ability: Misty Surge|[of] p1a: Tapu Fini\n|move|p2a: Sableye|Knock Off|p1a: Tapu Fini\n|-resisted|p1a: Tapu Fini\n|-damage|p1a: Tapu Fini|91\/100\n|-enditem|p1a: Tapu Fini|Leftovers|[from] move: Knock Off|[of] p2a: Sableye\n|\n|upkeep\n|turn|13\n|c|\u2606EEEEEvolto|\u6211\u5728\u4e0d\u65ad\u8bd5\u7cbe\u7075\n|\n|t:|1626346336\n|switch|p2a: Chansey|Chansey, F|45\/100\n|move|p1a: Tapu Fini|Moonblast|p2a: Chansey\n|-damage|p2a: Chansey|35\/100\n|\n|upkeep\n|turn|14\n|\n|t:|1626346340\n|move|p1a: Tapu Fini|Taunt|p2a: Chansey\n|-start|p2a: Chansey|move: Taunt\n|cant|p2a: Chansey|move: Taunt|Soft-Boiled\n|\n|upkeep\n|turn|15\n|\n|t:|1626346346\n|switch|p2a: Skarmory|Skarmory, F|100\/100\n|move|p1a: Tapu Fini|Surf|p2a: Skarmory\n|-damage|p2a: Skarmory|56\/100\n|\n|upkeep\n|turn|16\n|\n|t:|1626346353\n|switch|p2a: Sableye|Sableye-Mega, M|100\/100\n|move|p1a: Tapu Fini|Taunt|p2a: Sableye\n|move|p2a: Sableye|Taunt|p1a: Tapu Fini|[from]ability: Magic Bounce\n|-start|p1a: Tapu Fini|move: Taunt\n|\n|-fieldend|Misty Terrain\n|upkeep\n|turn|17\n|\n|t:|1626346360\n|switch|p2a: Chansey|Chansey, F|35\/100\n|move|p1a: Tapu Fini|Moonblast|p2a: Chansey\n|-damage|p2a: Chansey|26\/100\n|-unboost|p2a: Chansey|spa|1\n|\n|upkeep\n|turn|18\n|c|\u2606oxm|\u5367\u69fd\n|j| PIG6\n|c|\u2606oxm|\u8fd9\u6ce2\u64cd\u4f5c\n|c|\u2606oxm|\u53cd\u5f39\u6311\u8845 \u5d29\u4e86\u9e2d\n|inactive|oxm has 120 seconds left.\n|-message|EEEEEvolto forfeited.\n|\n|win|oxm\n|raw|oxm's rating: 1287 &rarr; <strong>1304<\/strong><br \/>(+17 for winning)\n|raw|EEEEEvolto's rating: 1293 &rarr; <strong>1277<\/strong><br \/>(-16 for losing)\n|c|\u2606EEEEEvolto|\u5c31\u8fd9\u6837\u5427\n|c|\u2606EEEEEvolto|\u6211\u62c9\u4f4e\u70b9\u5206\n|c|\u2606oxm|\u5443\n|l|\u2606oxm\n","uploadtime":1626346425,"views":6,"p1id":"oxm","p2id":"eeeeevolto","formatid":"gen7ou","rating":0,"private":0,"password":null}