{"id":"china-gen8ou-5340134","p1":"AlIou+tdraga~darts","p2":"shuo\u7855\u5fb7er","format":"gen8ou","log":"|uhtml|report-battle|<b>\u5c06\u5bf9\u6218\u94fe\u63a5\u516c\u5f00\u5230:<\/b> <button class=\"button\" name=\"send\" value=\"\/reportto skypillar\">Sky Pillar<\/button><button class=\"button\" name=\"send\" value=\"\/reportto shinx\">Shinx<\/button>\n|j|\u2606AlIou+tdraga~darts\n|j|\u2606shuo\u7855\u5fb7er\n|inactive|Battle timer is ON: inactive players will automatically lose when time's up.\n|t:|1661861993\n|gametype|singles\n|player|p1|AlIou+tdraga~darts|acerola-masters|\n|player|p2|shuo\u7855\u5fb7er|shuoer.jpg|\n|teamsize|p1|6\n|teamsize|p2|6\n|gen|8\n|tier|[Gen 8] OU\n|rated|Tournament battle\n|rule|Sleep Clause Mod: Limit one foe put to sleep\n|rule|Species Clause: Limit one of each Pok\u00e9mon\n|rule|OHKO Clause: OHKO moves are banned\n|rule|Evasion Items Clause: Evasion items are banned\n|rule|Evasion Moves Clause: Evasion moves are banned\n|rule|Endless Battle Clause: Forcing endless battles is banned\n|rule|HP Percentage Mod: HP is shown in percentages\n|rule|Dynamax Clause: You cannot dynamax\n|clearpoke\n|poke|p1|Dragapult, M|\n|poke|p1|Garchomp, M|\n|poke|p1|Heatran, M|\n|poke|p1|Scizor, M|\n|poke|p1|Weavile, M|\n|poke|p1|Rillaboom, M|\n|poke|p2|Urshifu-*, F|\n|poke|p2|Zapdos|\n|poke|p2|Landorus-Therian, M|\n|poke|p2|Heatran, M|\n|poke|p2|Tapu Lele|\n|poke|p2|Clefable, F|\n|teampreview\n|\n|t:|1661862012\n|start\n|switch|p1a: Rillaboom|Rillaboom, M, shiny|100\/100\n|switch|p2a: Tapu Lele|Tapu Lele|100\/100\n|-fieldstart|move: Psychic Terrain|[from] ability: Psychic Surge|[of] p2a: Tapu Lele\n|-fieldstart|move: Grassy Terrain|[from] ability: Grassy Surge|[of] p1a: Rillaboom\n|turn|1\n|j| Bird of belief\n|\n|t:|1661862026\n|switch|p2a: Zapdos|Zapdos|100\/100\n|switch|p1a: Heatran|Heatran, M|100\/100\n|-item|p1a: Heatran|Air Balloon\n|\n|upkeep\n|turn|2\n|\n|t:|1661862038\n|move|p2a: Zapdos|Volt Switch|p1a: Heatran\n|-damage|p1a: Heatran|64\/100\n|-enditem|p1a: Heatran|Air Balloon\n|\n|t:|1661862045\n|switch|p2a: Clefable|Clefable, F|100\/100|[from]move: Volt Switch\n|move|p1a: Heatran|Stealth Rock|p2a: Clefable\n|-sidestart|p2: shuo\u7855\u5fb7er|move: Stealth Rock\n|\n|-heal|p1a: Heatran|70\/100|[from] Grassy Terrain\n|upkeep\n|turn|3\n|j| rachel19738\n|\n|t:|1661862054\n|move|p1a: Heatran|Taunt|p2a: Clefable\n|-start|p2a: Clefable|move: Taunt\n|cant|p2a: Clefable|move: Taunt|Aromatherapy\n|\n|-heal|p1a: Heatran|77\/100|[from] Grassy Terrain\n|upkeep\n|turn|4\n|c|\u2606shuo\u7855\u5fb7er|\u8349\n|c|\u2606shuo\u7855\u5fb7er|\u70b9\u9519\u4e86\n|\n|t:|1661862067\n|switch|p2a: Landorus|Landorus-Therian, M|100\/100\n|-damage|p2a: Landorus|88\/100|[from] Stealth Rock\n|-ability|p2a: Landorus|Intimidate|boost\n|-unboost|p1a: Heatran|atk|1\n|move|p1a: Heatran|Magma Storm|p2a: Landorus\n|-crit|p2a: Landorus\n|-damage|p2a: Landorus|21\/100\n|-activate|p2a: Landorus|move: Magma Storm|[of] p1a: Heatran\n|\n|-heal|p1a: Heatran|83\/100|[from] Grassy Terrain\n|-heal|p2a: Landorus|27\/100|[from] item: Leftovers\n|-damage|p2a: Landorus|15\/100|[from] move: Magma Storm|[partiallytrapped]\n|upkeep\n|turn|5\n|\n|t:|1661862081\n|move|p1a: Heatran|Magma Storm|p2a: Landorus\n|-damage|p2a: Landorus|0 fnt\n|faint|p2a: Landorus\n|\n|-heal|p1a: Heatran|89\/100|[from] Grassy Terrain\n|-fieldend|move: Grassy Terrain\n|upkeep\n|\n|t:|1661862084\n|switch|p2a: Urshifu|Urshifu-Rapid-Strike, F|100\/100\n|-damage|p2a: Urshifu|94\/100|[from] Stealth Rock\n|turn|6\n|\n|t:|1661862107\n|switch|p1a: Rillaboom|Rillaboom, M, shiny|100\/100\n|-fieldstart|move: Grassy Terrain|[from] ability: Grassy Surge|[of] p1a: Rillaboom\n|move|p2a: Urshifu|U-turn|p1a: Rillaboom\n|-supereffective|p1a: Rillaboom\n|-damage|p1a: Rillaboom|25\/100\n|\n|t:|1661862110\n|switch|p2a: Tapu Lele|Tapu Lele|100\/100|[from]move: U-turn\n|-damage|p2a: Tapu Lele|88\/100|[from] Stealth Rock\n|-fieldstart|move: Psychic Terrain|[from] ability: Psychic Surge|[of] p2a: Tapu Lele\n|\n|upkeep\n|turn|7\n|\n|t:|1661862117\n|switch|p1a: Scizor|Scizor, M, shiny|100\/100\n|move|p2a: Tapu Lele|Future Sight|p1a: Scizor\n|-start|p2a: Tapu Lele|move: Future Sight\n|\n|upkeep\n|turn|8\n|c| Bird of belief|\u52a0\u6cb9\u554a\uff0c\u62ff\u706b\u94a2\u7684\u5927\u54e5\u54e5\n|\n|t:|1661862123\n|switch|p2a: Zapdos|Zapdos|100\/100\n|move|p1a: Scizor|Knock Off|p2a: Zapdos\n|-damage|p2a: Zapdos|53\/100\n|-enditem|p2a: Zapdos|Heavy-Duty Boots|[from] move: Knock Off|[of] p1a: Scizor\n|\n|upkeep\n|turn|9\n|\n|t:|1661862134\n|switch|p1a: Weavile|Weavile, M, shiny|100\/100\n|-ability|p1a: Weavile|Pressure\n|move|p2a: Zapdos|Roost|p2a: Zapdos\n|-heal|p2a: Zapdos|100\/100\n|-singleturn|p2a: Zapdos|move: Roost\n|\n|-end|p1a: Weavile|move: Future Sight\n|-immune|p1a: Weavile\n|upkeep\n|turn|10\n|\n|t:|1661862148\n|move|p1a: Weavile|Triple Axel|p2a: Zapdos\n|-supereffective|p2a: Zapdos\n|-damage|p2a: Zapdos|67\/100\n|-supereffective|p2a: Zapdos\n|-damage|p2a: Zapdos|0 fnt\n|faint|p2a: Zapdos\n|-hitcount|p2: Zapdos|2\n|-damage|p1a: Weavile|91\/100|[from] item: Life Orb\n|\n|-fieldend|move: Psychic Terrain\n|upkeep\n|\n|t:|1661862155\n|switch|p2a: Tapu Lele|Tapu Lele|88\/100\n|-damage|p2a: Tapu Lele|76\/100|[from] Stealth Rock\n|-fieldstart|move: Psychic Terrain|[from] ability: Psychic Surge|[of] p2a: Tapu Lele\n|turn|11\n|\n|t:|1661862181\n|switch|p1a: Heatran|Heatran, M|89\/100\n|move|p2a: Tapu Lele|Future Sight|p1a: Heatran\n|-start|p2a: Tapu Lele|move: Future Sight\n|\n|upkeep\n|turn|12\n|\n|t:|1661862197\n|switch|p2a: Heatran|Heatran, M, shiny|100\/100\n|-damage|p2a: Heatran|88\/100|[from] Stealth Rock\n|move|p1a: Heatran|Earth Power|p2a: Heatran\n|-supereffective|p2a: Heatran\n|-damage|p2a: Heatran|0 fnt\n|faint|p2a: Heatran\n|\n|upkeep\n|\n|t:|1661862202\n|switch|p2a: Urshifu|Urshifu-Rapid-Strike, F|94\/100\n|-damage|p2a: Urshifu|88\/100|[from] Stealth Rock\n|turn|13\n|inactive|AlIou+tdraga~darts has 120 seconds left.\n|\n|t:|1661862224\n|switch|p1a: Weavile|Weavile, M, shiny|91\/100\n|-ability|p1a: Weavile|Pressure\n|move|p2a: Urshifu|Close Combat|p1a: Weavile\n|-supereffective|p1a: Weavile\n|-damage|p1a: Weavile|0 fnt\n|-unboost|p2a: Urshifu|def|1\n|-unboost|p2a: Urshifu|spd|1\n|faint|p1a: Weavile\n|\n|-hint|Future Sight did not hit because the target is fainted.\n|upkeep\n|j| igiegie\n|\n|t:|1661862226\n|switch|p1a: Rillaboom|Rillaboom, M, shiny|25\/100\n|-fieldstart|move: Grassy Terrain|[from] ability: Grassy Surge|[of] p1a: Rillaboom\n|turn|14\n|\n|t:|1661862234\n|switch|p2a: Tapu Lele|Tapu Lele|76\/100\n|-damage|p2a: Tapu Lele|63\/100|[from] Stealth Rock\n|-fieldstart|move: Psychic Terrain|[from] ability: Psychic Surge|[of] p2a: Tapu Lele\n|move|p1a: Rillaboom|Grassy Glide|p2a: Tapu Lele\n|-damage|p2a: Tapu Lele|0 fnt\n|faint|p2a: Tapu Lele\n|-damage|p1a: Rillaboom|16\/100|[from] item: Life Orb\n|\n|upkeep\n|\n|t:|1661862236\n|switch|p2a: Urshifu|Urshifu-Rapid-Strike, F|88\/100\n|-damage|p2a: Urshifu|82\/100|[from] Stealth Rock\n|turn|15\n|\n|t:|1661862262\n|switch|p1a: Dragapult|Dragapult, M, shiny|100\/100\n|move|p2a: Urshifu|U-turn|p1a: Dragapult\n|-resisted|p1a: Dragapult\n|-damage|p1a: Dragapult|81\/100\n|inactive|shuo\u7855\u5fb7er has 120 seconds left.\n|j| Qch\n|c|\u2606AlIou+tdraga~darts|test\n|\n|t:|1661862302\n|switch|p2a: Clefable|Clefable, F|100\/100|[from]move: U-turn\n|\n|upkeep\n|turn|16\n|\n|t:|1661862307\n|move|p1a: Dragapult|Light Screen|p1a: Dragapult\n|-sidestart|p1: AlIou+tdraga~darts|move: Light Screen\n|move|p2a: Clefable|Knock Off|p1a: Dragapult\n|-supereffective|p1a: Dragapult\n|-damage|p1a: Dragapult|48\/100\n|-enditem|p1a: Dragapult|Light Clay|[from] move: Knock Off|[of] p2a: Clefable\n|\n|upkeep\n|turn|17\n|\n|t:|1661862313\n|move|p1a: Dragapult|U-turn|p2a: Clefable\n|-resisted|p2a: Clefable\n|-crit|p2a: Clefable\n|-damage|p2a: Clefable|89\/100\n|\n|t:|1661862319\n|switch|p1a: Heatran|Heatran, M|89\/100|[from]move: U-turn\n|move|p2a: Clefable|Moonblast|p1a: Heatran\n|-resisted|p1a: Heatran\n|-damage|p1a: Heatran|85\/100\n|\n|-heal|p2a: Clefable|95\/100|[from] item: Leftovers\n|upkeep\n|turn|18\n|\n|t:|1661862326\n|switch|p2a: Urshifu|Urshifu-Rapid-Strike, F|82\/100\n|-damage|p2a: Urshifu|76\/100|[from] Stealth Rock\n|move|p1a: Heatran|Magma Storm|p2a: Urshifu|[miss]\n|-miss|p1a: Heatran|p2a: Urshifu\n|\n|-fieldend|move: Psychic Terrain\n|upkeep\n|turn|19\n|\n|t:|1661862338\n|switch|p1a: Dragapult|Dragapult, M, shiny|48\/100\n|move|p2a: Urshifu|Surging Strikes|p1a: Dragapult\n|-resisted|p1a: Dragapult\n|-crit|p1a: Dragapult\n|-damage|p1a: Dragapult|32\/100\n|-start|p2a: Urshifu|Disable|Surging Strikes|[from] ability: Cursed Body|[of] p1a: Dragapult\n|-resisted|p1a: Dragapult\n|-crit|p1a: Dragapult\n|-damage|p1a: Dragapult|14\/100\n|-resisted|p1a: Dragapult\n|-crit|p1a: Dragapult\n|-damage|p1a: Dragapult|0 fnt\n|faint|p1a: Dragapult\n|-hitcount|p1: Dragapult|3\n|\n|upkeep\n|\n|t:|1661862347\n|switch|p1a: Scizor|Scizor, M, shiny|100\/100\n|turn|20\n|\n|t:|1661862355\n|-activate|p2a: Urshifu|move: Struggle\n|move|p2a: Urshifu|Struggle|p1a: Scizor\n|-damage|p1a: Scizor|70\/100\n|-damage|p2a: Urshifu|51\/100|[from] recoil\n|move|p1a: Scizor|Swords Dance|p1a: Scizor\n|-boost|p1a: Scizor|atk|2\n|\n|-heal|p1a: Scizor|76\/100|[from] item: Leftovers\n|upkeep\n|turn|21\n|\n|t:|1661862359\n|switch|p2a: Clefable|Clefable, F|95\/100\n|move|p1a: Scizor|Swords Dance|p1a: Scizor\n|-boost|p1a: Scizor|atk|2\n|\n|-heal|p1a: Scizor|83\/100|[from] item: Leftovers\n|-heal|p2a: Clefable|100\/100|[from] item: Leftovers\n|upkeep\n|turn|22\n|\n|t:|1661862361\n|move|p1a: Scizor|Knock Off|p2a: Clefable\n|-resisted|p2a: Clefable\n|-damage|p2a: Clefable|57\/100\n|-enditem|p2a: Clefable|Leftovers|[from] move: Knock Off|[of] p1a: Scizor\n|move|p2a: Clefable|Knock Off|p1a: Scizor\n|-damage|p1a: Scizor|66\/100\n|-enditem|p1a: Scizor|Leftovers|[from] move: Knock Off|[of] p2a: Clefable\n|\n|upkeep\n|turn|23\n|\n|t:|1661862367\n|move|p1a: Scizor|Bullet Punch|p2a: Clefable\n|-supereffective|p2a: Clefable\n|-damage|p2a: Clefable|0 fnt\n|faint|p2a: Clefable\n|\n|-sideend|p1: AlIou+tdraga~darts|move: Light Screen\n|upkeep\n|\n|t:|1661862368\n|switch|p2a: Urshifu|Urshifu-Rapid-Strike, F|51\/100\n|-damage|p2a: Urshifu|45\/100|[from] Stealth Rock\n|turn|24\n|\n|t:|1661862371\n|move|p2a: Urshifu|Aqua Jet|p1a: Scizor\n|-damage|p1a: Scizor|29\/100\n|move|p1a: Scizor|Bullet Punch|p2a: Urshifu\n|-resisted|p2a: Urshifu\n|-damage|p2a: Urshifu|0 fnt\n|faint|p2a: Urshifu\n|\n|win|AlIou+tdraga~darts\n|n|\u2606AlIou+tdraga~darts|alioutdragadarts\n|n|\u2606shuo\u7855\u5fb7er|shuoer\n|n| Bird of belief|birdofbelief\n|n| rachel19738|rachel19738\n|n| igiegie|igiegie\n|n| Qch|qch\n|j| wdzkz\n|player|p1|AlIou+tdraga~darts|acerola-masters\n","uploadtime":1661862407,"views":54,"p1id":"alioutdragadarts","p2id":"shuoer","formatid":"gen8ou","rating":0,"private":0,"password":null}