{"id":"china-gen7ou-132271","p1":"uuuuiiii","p2":"duola fans","format":"gen7ou","log":"|j|\u2606uuuuiiii\n|j|\u2606duola fans\n|player|p1|uuuuiiii|170\n|player|p2|duola fans|276\n|teamsize|p1|6\n|teamsize|p2|6\n|gametype|singles\n|gen|7\n|tier|[Gen 7] OU\n|rated|\n|rule|Sleep Clause Mod: Limit one foe put to sleep\n|rule|Species Clause: Limit one of each Pok\u00e9mon\n|rule|OHKO Clause: OHKO moves are banned\n|rule|Moody Clause: Moody is banned\n|rule|Evasion Moves Clause: Evasion moves are banned\n|rule|Endless Battle Clause: Forcing endless battles is banned\n|rule|HP Percentage Mod: HP is shown in percentages\n|clearpoke\n|poke|p1|Beedrill, M|item\n|poke|p1|Tapu Lele|item\n|poke|p1|Landorus-Therian, M|item\n|poke|p1|Smeargle, M|item\n|poke|p1|Blacephalon|item\n|poke|p1|Kartana|item\n|poke|p2|Muk-Alola, F|item\n|poke|p2|Chansey, F|item\n|poke|p2|Gliscor, M|item\n|poke|p2|Skarmory, M|item\n|poke|p2|Clefable, M|item\n|poke|p2|Toxapex, F|item\n|teampreview\n|inactive|Battle timer is ON: inactive players will automatically lose when time's up. (requested by duola fans)\n|\n|start\n|switch|p1a: Smeargle|Smeargle, M|100\/100\n|switch|p2a: Chansey|Chansey, F|100\/100\n|turn|1\n|\n|move|p1a: Smeargle|Spore|p2a: Chansey\n|-status|p2a: Chansey|slp\n|cant|p2a: Chansey|slp\n|\n|upkeep\n|turn|2\n|\n|switch|p1a: Landorus|Landorus-Therian, M|100\/100\n|-ability|p1a: Landorus|Intimidate|boost\n|-unboost|p2a: Chansey|atk|1\n|switch|p2a: Gliscor|Gliscor, M|100\/100\n|\n|-status|p2a: Gliscor|tox|[from] item: Toxic Orb\n|upkeep\n|turn|3\n|\n|move|p1a: Landorus|Stealth Rock|p2a: Gliscor\n|-sidestart|p2: duola fans|move: Stealth Rock\n|move|p2a: Gliscor|Toxic|p1a: Landorus\n|-status|p1a: Landorus|tox\n|\n|-damage|p1a: Landorus|95\/100 tox|[from] psn\n|upkeep\n|turn|4\n|\n|switch|p1a: Blacephalon|Blacephalon|100\/100\n|move|p2a: Gliscor|Defog|p1a: Blacephalon\n|-unboost|p1a: Blacephalon|evasion|1\n|-sideend|p2: duola fans|Stealth Rock|[from] move: Defog|[of] p2a: Gliscor\n|\n|upkeep\n|turn|5\n|\n|switch|p1a: Landorus|Landorus-Therian, M|95\/100 tox\n|-ability|p1a: Landorus|Intimidate|boost\n|-unboost|p2a: Gliscor|atk|1\n|switch|p2a: Toxapex|Toxapex, F|100\/100\n|\n|-damage|p1a: Landorus|89\/100 tox|[from] psn\n|upkeep\n|turn|6\n|\n|move|p1a: Landorus|Stealth Rock|p2a: Toxapex\n|-sidestart|p2: duola fans|move: Stealth Rock\n|move|p2a: Toxapex|Toxic Spikes|p1a: Landorus\n|-sidestart|p1: uuuuiiii|move: Toxic Spikes\n|\n|-damage|p1a: Landorus|77\/100 tox|[from] psn\n|upkeep\n|turn|7\n|\n|move|p1a: Landorus|Explosion|p2a: Toxapex\n|-damage|p2a: Toxapex|30\/100\n|faint|p1a: Landorus\n|move|p2a: Toxapex|Scald|null|[notarget]\n|-notarget\n|\n|upkeep\n|\n|switch|p1a: Beedrill|Beedrill, M, shiny|100\/100\n|-sideend|p1: uuuuiiii|move: Toxic Spikes|[of] p1a: Beedrill\n|turn|8\n|\n|switch|p2a: Gliscor|Gliscor, M|100\/100 tox\n|-damage|p2a: Gliscor|88\/100 tox|[from] Stealth Rock\n|detailschange|p1a: Beedrill|Beedrill-Mega, M, shiny\n|-mega|p1a: Beedrill|Beedrill|Beedrillite\n|move|p1a: Beedrill|U-turn|p2a: Gliscor\n|-resisted|p2a: Gliscor\n|-damage|p2a: Gliscor|65\/100 tox\n|\n|switch|p1a: Tapu Lele|Tapu Lele|100\/100\n|-fieldstart|move: Psychic Terrain|[from] ability: Psychic Surge|[of] p1a: Tapu Lele\n|\n|-heal|p2a: Gliscor|77\/100 tox|[from] ability: Poison Heal\n|upkeep\n|turn|9\n|\n|switch|p2a: \u767d\u591c\u884c|Muk-Alola, F, shiny|100\/100\n|-damage|p2a: \u767d\u591c\u884c|88\/100|[from] Stealth Rock\n|move|p1a: Tapu Lele|Psyshock|p2a: \u767d\u591c\u884c\n|-immune|p2a: \u767d\u591c\u884c\n|\n|upkeep\n|turn|10\n|\n|-activate|p1a: Tapu Lele|move: Pursuit\n|move|p2a: \u767d\u591c\u884c|Pursuit|p1a: Tapu Lele|[from]Pursuit\n|-damage|p1a: Tapu Lele|46\/100\n|switch|p1a: Kartana|Kartana|100\/100\n|\n|upkeep\n|turn|11\n|\n|switch|p2a: \u5bcc\u8d35\u9669\u4e2d\u6c42|Skarmory, M|100\/100\n|-damage|p2a: \u5bcc\u8d35\u9669\u4e2d\u6c42|88\/100|[from] Stealth Rock\n|move|p1a: Kartana|Sacred Sword|p2a: \u5bcc\u8d35\u9669\u4e2d\u6c42\n|-damage|p2a: \u5bcc\u8d35\u9669\u4e2d\u6c42|66\/100\n|-damage|p1a: Kartana|84\/100|[from] item: Rocky Helmet|[of] p2a: \u5bcc\u8d35\u9669\u4e2d\u6c42\n|\n|upkeep\n|turn|12\n|\n|switch|p1a: Blacephalon|Blacephalon|100\/100\n|move|p2a: \u5bcc\u8d35\u9669\u4e2d\u6c42|Roost|p2a: \u5bcc\u8d35\u9669\u4e2d\u6c42\n|-heal|p2a: \u5bcc\u8d35\u9669\u4e2d\u6c42|100\/100\n|\n|-fieldend|move: Psychic Terrain\n|upkeep\n|turn|13\n|\n|switch|p2a: Toxapex|Toxapex, F|63\/100\n|-damage|p2a: Toxapex|51\/100|[from] Stealth Rock\n|move|p1a: Blacephalon|Flamethrower|p2a: Toxapex\n|-resisted|p2a: Toxapex\n|-damage|p2a: Toxapex|33\/100\n|\n|upkeep\n|turn|14\n|\n|move|p1a: Blacephalon|Calm Mind|p1a: Blacephalon\n|-boost|p1a: Blacephalon|spa|1\n|-boost|p1a: Blacephalon|spd|1\n|move|p2a: Toxapex|Recover|p2a: Toxapex\n|-heal|p2a: Toxapex|83\/100\n|\n|upkeep\n|turn|15\n|\n|switch|p2a: \u767d\u591c\u884c|Muk-Alola, F, shiny|88\/100\n|-damage|p2a: \u767d\u591c\u884c|76\/100|[from] Stealth Rock\n|-zpower|p1a: Blacephalon\n|move|p1a: Blacephalon|Never-Ending Nightmare|p2a: \u767d\u591c\u884c|[zeffect]\n|-resisted|p2a: \u767d\u591c\u884c\n|-damage|p2a: \u767d\u591c\u884c|47\/100\n|\n|upkeep\n|turn|16\n|j| fairy stage\n|\n|move|p1a: Blacephalon|Flamethrower|p2a: \u767d\u591c\u884c\n|-damage|p2a: \u767d\u591c\u884c|13\/100\n|move|p2a: \u767d\u591c\u884c|Knock Off|p1a: Blacephalon\n|-supereffective|p1a: Blacephalon\n|-damage|p1a: Blacephalon|0 fnt\n|faint|p1a: Blacephalon\n|\n|upkeep\n|\n|switch|p1a: Beedrill|Beedrill-Mega, M, shiny|100\/100\n|turn|17\n|\n|switch|p2a: Toxapex|Toxapex, F|100\/100\n|-damage|p2a: Toxapex|88\/100|[from] Stealth Rock\n|move|p1a: Beedrill|U-turn|p2a: Toxapex\n|-resisted|p2a: Toxapex\n|-damage|p2a: Toxapex|67\/100\n|\n|switch|p1a: Tapu Lele|Tapu Lele|46\/100\n|-fieldstart|move: Psychic Terrain|[from] ability: Psychic Surge|[of] p1a: Tapu Lele\n|\n|upkeep\n|turn|18\n|\n|switch|p2a: \u767d\u591c\u884c|Muk-Alola, F, shiny|13\/100\n|-damage|p2a: \u767d\u591c\u884c|1\/100|[from] Stealth Rock\n|move|p1a: Tapu Lele|Psyshock|p2a: \u767d\u591c\u884c\n|-immune|p2a: \u767d\u591c\u884c\n|\n|upkeep\n|turn|19\n|l| fairy stage\n|\n|-activate|p1a: Tapu Lele|move: Pursuit\n|move|p2a: \u767d\u591c\u884c|Pursuit|p1a: Tapu Lele|[from]Pursuit\n|-damage|p1a: Tapu Lele|0 fnt\n|faint|p1a: Tapu Lele\n|\n|upkeep\n|\n|switch|p1a: Beedrill|Beedrill-Mega, M, shiny|100\/100\n|turn|20\n|\n|move|p1a: Beedrill|Fell Stinger|p2a: \u767d\u591c\u884c\n|-damage|p2a: \u767d\u591c\u884c|0 fnt\n|-boost|p1a: Beedrill|atk|3\n|faint|p2a: \u767d\u591c\u884c\n|\n|upkeep\n|\n|switch|p2a: Toxapex|Toxapex, F|99\/100\n|-damage|p2a: Toxapex|87\/100|[from] Stealth Rock\n|turn|21\n|\n|move|p1a: Beedrill|Drill Run|p2a: Toxapex\n|-supereffective|p2a: Toxapex\n|-damage|p2a: Toxapex|0 fnt\n|faint|p2a: Toxapex\n|\n|-fieldend|move: Psychic Terrain\n|upkeep\n|\n|switch|p2a: \u5bcc\u8d35\u9669\u4e2d\u6c42|Skarmory, M|100\/100\n|-damage|p2a: \u5bcc\u8d35\u9669\u4e2d\u6c42|88\/100|[from] Stealth Rock\n|turn|22\n|\n|move|p1a: Beedrill|U-turn|p2a: \u5bcc\u8d35\u9669\u4e2d\u6c42\n|-resisted|p2a: \u5bcc\u8d35\u9669\u4e2d\u6c42\n|-damage|p2a: \u5bcc\u8d35\u9669\u4e2d\u6c42|67\/100\n|-damage|p1a: Beedrill|84\/100|[from] item: Rocky Helmet|[of] p2a: \u5bcc\u8d35\u9669\u4e2d\u6c42\n|\n|switch|p1a: Smeargle|Smeargle, M|100\/100\n|move|p2a: \u5bcc\u8d35\u9669\u4e2d\u6c42|Roost|p2a: \u5bcc\u8d35\u9669\u4e2d\u6c42\n|-heal|p2a: \u5bcc\u8d35\u9669\u4e2d\u6c42|100\/100\n|\n|upkeep\n|turn|23\n|\n|switch|p2a: Gliscor|Gliscor, M|77\/100 tox\n|-damage|p2a: Gliscor|65\/100 tox|[from] Stealth Rock\n|move|p1a: Smeargle|Spore||[still]\n|-fail|p1a: Smeargle\n|\n|-heal|p2a: Gliscor|77\/100 tox|[from] ability: Poison Heal\n|upkeep\n|turn|24\n|\n|switch|p1a: Kartana|Kartana|84\/100\n|move|p2a: Gliscor|Defog|p1a: Kartana\n|-unboost|p1a: Kartana|evasion|1\n|-sideend|p2: duola fans|Stealth Rock|[from] move: Defog|[of] p2a: Gliscor\n|\n|-heal|p2a: Gliscor|90\/100 tox|[from] ability: Poison Heal\n|upkeep\n|turn|25\n|\n|move|p1a: Kartana|Knock Off|p2a: Gliscor\n|-damage|p2a: Gliscor|52\/100 tox\n|-enditem|p2a: Gliscor|Toxic Orb|[from] move: Knock Off|[of] p1a: Kartana\n|move|p2a: Gliscor|Earthquake|p1a: Kartana\n|-damage|p1a: Kartana|48\/100\n|\n|-heal|p2a: Gliscor|64\/100 tox|[from] ability: Poison Heal\n|upkeep\n|turn|26\n|\n|switch|p1a: Smeargle|Smeargle, M|100\/100\n|move|p2a: Gliscor|Roost|p2a: Gliscor\n|-heal|p2a: Gliscor|100\/100 tox\n|\n|upkeep\n|turn|27\n|\n|move|p2a: Gliscor|Earthquake|p1a: Smeargle\n|-enditem|p1a: Smeargle|Focus Sash\n|-damage|p1a: Smeargle|1\/100\n|move|p1a: Smeargle|Sticky Web|p2a: Gliscor\n|-sidestart|p2: duola fans|move: Sticky Web\n|\n|upkeep\n|turn|28\n|\n|move|p2a: Gliscor|Defog|p1a: Smeargle\n|-unboost|p1a: Smeargle|evasion|1\n|-sideend|p2: duola fans|Sticky Web|[from] move: Defog|[of] p2a: Gliscor\n|move|p1a: Smeargle|Endeavor|p2a: Gliscor\n|-damage|p2a: Gliscor|1\/100 tox\n|\n|-heal|p2a: Gliscor|13\/100 tox|[from] ability: Poison Heal\n|upkeep\n|turn|29\n|\n|move|p1a: Smeargle|Extreme Speed|p2a: Gliscor\n|-damage|p2a: Gliscor|0 fnt\n|faint|p2a: Gliscor\n|\n|upkeep\n|\n|switch|p2a: Clefable|Clefable, M|100\/100\n|turn|30\n|\n|switch|p1a: Beedrill|Beedrill-Mega, M, shiny|84\/100\n|move|p2a: Clefable|Moonblast|p1a: Beedrill\n|-resisted|p1a: Beedrill\n|-damage|p1a: Beedrill|58\/100\n|-unboost|p1a: Beedrill|spa|1\n|\n|upkeep\n|turn|31\n|\n|switch|p2a: \u5bcc\u8d35\u9669\u4e2d\u6c42|Skarmory, M|100\/100\n|move|p1a: Beedrill|U-turn|p2a: \u5bcc\u8d35\u9669\u4e2d\u6c42\n|-resisted|p2a: \u5bcc\u8d35\u9669\u4e2d\u6c42\n|-damage|p2a: \u5bcc\u8d35\u9669\u4e2d\u6c42|92\/100\n|-damage|p1a: Beedrill|42\/100|[from] item: Rocky Helmet|[of] p2a: \u5bcc\u8d35\u9669\u4e2d\u6c42\n|\n|switch|p1a: Smeargle|Smeargle, M|1\/100\n|\n|upkeep\n|turn|32\n|\n|switch|p2a: Clefable|Clefable, M|100\/100\n|move|p1a: Smeargle|Spore|p2a: Clefable\n|-status|p2a: Clefable|slp\n|\n|upkeep\n|turn|33\n|\n|switch|p2a: Chansey|Chansey, F|100\/100\n|move|p1a: Smeargle|Endeavor|p2a: Chansey\n|-damage|p2a: Chansey|1\/100\n|\n|upkeep\n|turn|34\n|\n|switch|p2a: Clefable|Clefable, M|100\/100 slp\n|move|p1a: Smeargle|Endeavor|p2a: Clefable\n|-damage|p2a: Clefable|1\/100 slp\n|\n|-heal|p2a: Clefable|7\/100 slp|[from] item: Leftovers\n|upkeep\n|turn|35\n|\n|move|p1a: Smeargle|Extreme Speed|p2a: Clefable\n|-damage|p2a: Clefable|0 fnt\n|faint|p2a: Clefable\n|\n|upkeep\n|\n|switch|p2a: \u5bcc\u8d35\u9669\u4e2d\u6c42|Skarmory, M|92\/100\n|turn|36\n|\n|move|p1a: Smeargle|Spore|p2a: \u5bcc\u8d35\u9669\u4e2d\u6c42\n|-status|p2a: \u5bcc\u8d35\u9669\u4e2d\u6c42|slp\n|cant|p2a: \u5bcc\u8d35\u9669\u4e2d\u6c42|slp\n|\n|upkeep\n|turn|37\n|\n|move|p1a: Smeargle|Endeavor|p2a: \u5bcc\u8d35\u9669\u4e2d\u6c42\n|-damage|p2a: \u5bcc\u8d35\u9669\u4e2d\u6c42|1\/100 slp\n|-damage|p1a: Smeargle|0 fnt|[from] item: Rocky Helmet|[of] p2a: \u5bcc\u8d35\u9669\u4e2d\u6c42\n|faint|p1a: Smeargle\n|-curestatus|p2a: \u5bcc\u8d35\u9669\u4e2d\u6c42|slp|[msg]\n|move|p2a: \u5bcc\u8d35\u9669\u4e2d\u6c42|Roost|p2a: \u5bcc\u8d35\u9669\u4e2d\u6c42\n|-heal|p2a: \u5bcc\u8d35\u9669\u4e2d\u6c42|51\/100\n|\n|upkeep\n|\n|switch|p1a: Kartana|Kartana|48\/100\n|turn|38\n|\n|move|p1a: Kartana|Sacred Sword|p2a: \u5bcc\u8d35\u9669\u4e2d\u6c42\n|-damage|p2a: \u5bcc\u8d35\u9669\u4e2d\u6c42|27\/100\n|-damage|p1a: Kartana|32\/100|[from] item: Rocky Helmet|[of] p2a: \u5bcc\u8d35\u9669\u4e2d\u6c42\n|move|p2a: \u5bcc\u8d35\u9669\u4e2d\u6c42|Roost|p2a: \u5bcc\u8d35\u9669\u4e2d\u6c42\n|-heal|p2a: \u5bcc\u8d35\u9669\u4e2d\u6c42|77\/100\n|\n|upkeep\n|turn|39\n|-message|uuuuiiii forfeited.\n|\n|win|duola fans\n|raw|uuuuiiii's rating: 1355 &rarr; <strong>1329<\/strong><br \/>(-26 for losing)\n|raw|duola fans's rating: 1245 &rarr; <strong>1278<\/strong><br \/>(+33 for winning)\n|l|\u2606uuuuiiii\n","uploadtime":1544429515,"views":12,"p1id":"uuuuiiii","p2id":"duolafans","formatid":"gen7ou","rating":0,"private":0,"password":null}