{"id":"china-gen7ou-3706275","p1":"qdhwefdw","p2":"gostop","format":"gen7ou","log":"|j|\u2606qdhwefdw\n|j|\u2606gostop\n|t:|1634820521\n|gametype|singles\n|player|p1|qdhwefdw|wally|\n|player|p2|gostop|gostop.gif|\n|teamsize|p1|6\n|teamsize|p2|6\n|gen|7\n|tier|[Gen 7] OU\n|rule|Sleep Clause Mod: Limit one foe put to sleep\n|rule|Species Clause: Limit one of each Pok\u00e9mon\n|rule|OHKO Clause: OHKO moves are banned\n|rule|Moody Clause: Moody is banned\n|rule|Evasion Moves Clause: Evasion moves are banned\n|rule|Endless Battle Clause: Forcing endless battles is banned\n|rule|HP Percentage Mod: HP is shown in percentages\n|clearpoke\n|poke|p1|Latias, F|item\n|poke|p1|Gliscor, F|item\n|poke|p1|Ditto|item\n|poke|p1|Toxapex, F|item\n|poke|p1|Celesteela|item\n|poke|p1|Ferrothorn, F|item\n|poke|p2|Hoopa-Unbound|item\n|poke|p2|Tapu Fini|item\n|poke|p2|Lopunny, F|item\n|poke|p2|Ferrothorn, F|item\n|poke|p2|Landorus-Therian, M|item\n|poke|p2|Magearna|item\n|teampreview\n|j| zzro\n|j|%CurePersona\n|j| dull pain\n|j|@zerodragon123\n|j|\u265aAllen-xia\n|l| dull pain\n|c|\u2606qdhwefdw|\u829d\u9ebb\u5f00\u95e8\n|c|\u2606qdhwefdw|\u600e\u4e48\u5f00\u95e8\n|j|+SeaRabbit\n|j| Residual red soul\n|j|@chickwayne\n|c| Residual red soul|\u55f7\u545c\n|c|+SeaRabbit|go stop\uff01\n|c|@zerodragon123|\/\/publicroom\n|l|%CurePersona\n|j|%CurePersona\n|j| gfhs\n|c|\u2606qdhwefdw|publicroom\n|c|\u2606qdhwefdw|\/log qdhwefdw made this room public.\n|l|@zerodragon123\n|j| eghthtr\n|j|@zerodragon123\n|\n|t:|1634820719\n|start\n|switch|p1a: Ditto|Ditto|100\/100\n|switch|p2a: Tapu Fini|Tapu Fini|100\/100\n|-fieldstart|move: Misty Terrain|[from] ability: Misty Surge|[of] p2a: Tapu Fini\n|-transform|p1a: Ditto|p2a: Tapu Fini|[from] ability: Imposter\n|turn|1\n|l| eghthtr\n|j| Indulge in dreams\n|j| JAMKRE\n|l| Indulge in dreams\n|j|@Unowndragon\n|j| Hovenia Dulcis\n|\n|t:|1634820776\n|switch|p1a: Toxapex|Toxapex, F|100\/100\n|switch|p2a: Ferrothorn|Ferrothorn, F|100\/100\n|\n|upkeep\n|turn|2\n|j| Metallica126\n|\n|t:|1634820787\n|move|p1a: Toxapex|Scald|p2a: Ferrothorn\n|-resisted|p2a: Ferrothorn\n|-damage|p2a: Ferrothorn|94\/100\n|move|p2a: Ferrothorn|Spikes|p1a: Toxapex\n|-sidestart|p1: qdhwefdw|Spikes\n|\n|-heal|p2a: Ferrothorn|99\/100|[from] item: Leftovers\n|upkeep\n|turn|3\n|\n|t:|1634820794\n|switch|p1a: Gliscor|Gliscor, F|100\/100\n|move|p2a: Ferrothorn|Spikes|p1a: Gliscor\n|-sidestart|p1: qdhwefdw|Spikes\n|\n|-heal|p2a: Ferrothorn|100\/100|[from] item: Leftovers\n|-status|p1a: Gliscor|tox|[from] item: Toxic Orb\n|upkeep\n|turn|4\n|j|\u265aLificious\n|j| yiyue\n|j| fuxiddd\n|\n|t:|1634820813\n|move|p1a: Gliscor|Stealth Rock|p2a: Ferrothorn\n|-sidestart|p2: gostop|move: Stealth Rock\n|move|p2a: Ferrothorn|Leech Seed|p1a: Gliscor\n|-start|p1a: Gliscor|move: Leech Seed\n|\n|-damage|p1a: Gliscor|88\/100 tox|[from] Leech Seed|[of] p2a: Ferrothorn\n|-heal|p1a: Gliscor|100\/100 tox|[from] ability: Poison Heal\n|upkeep\n|turn|5\n|\n|t:|1634820820\n|move|p1a: Gliscor|Knock Off|p2a: Ferrothorn\n|-damage|p2a: Ferrothorn|87\/100\n|-damage|p1a: Gliscor|88\/100 tox|[from] ability: Iron Barbs|[of] p2a: Ferrothorn\n|-enditem|p2a: Ferrothorn|Leftovers|[from] move: Knock Off|[of] p1a: Gliscor\n|move|p2a: Ferrothorn|Spikes|p1a: Gliscor\n|-sidestart|p1: qdhwefdw|Spikes\n|\n|-damage|p1a: Gliscor|75\/100 tox|[from] Leech Seed|[of] p2a: Ferrothorn\n|-heal|p2a: Ferrothorn|99\/100|[silent]\n|-heal|p1a: Gliscor|88\/100 tox|[from] ability: Poison Heal\n|-fieldend|Misty Terrain\n|upkeep\n|turn|6\n|j| 127l\n|j| fkfjcbt\n|\n|t:|1634820852\n|switch|p2a: Lopunny|Lopunny, F|100\/100\n|-damage|p2a: Lopunny|88\/100|[from] Stealth Rock\n|move|p1a: Gliscor|Knock Off|p2a: Lopunny\n|-damage|p2a: Lopunny|69\/100\n|\n|-damage|p1a: Gliscor|75\/100 tox|[from] Leech Seed|[of] p2a: Lopunny\n|-heal|p2a: Lopunny|85\/100|[silent]\n|-heal|p1a: Gliscor|88\/100 tox|[from] ability: Poison Heal\n|upkeep\n|turn|7\n|j| yinfoxfreak\n|j| ksicide\n|\n|t:|1634820867\n|switch|p1a: Toxapex|Toxapex, F|100\/100\n|-damage|p1a: Toxapex|76\/100|[from] Spikes\n|detailschange|p2a: Lopunny|Lopunny-Mega, F\n|-mega|p2a: Lopunny|Lopunny|Lopunnite\n|move|p2a: Lopunny|High Jump Kick|p1a: Toxapex\n|-resisted|p1a: Toxapex\n|-damage|p1a: Toxapex|49\/100\n|\n|-heal|p1a: Toxapex|55\/100|[from] item: Black Sludge\n|upkeep\n|turn|8\n|j| wind777\n|\n|t:|1634820898\n|switch|p2a: Landorus|Landorus-Therian, M|100\/100\n|-damage|p2a: Landorus|88\/100|[from] Stealth Rock\n|-ability|p2a: Landorus|Intimidate|boost\n|-unboost|p1a: Toxapex|atk|1\n|move|p1a: Toxapex|Recover|p1a: Toxapex\n|-heal|p1a: Toxapex|100\/100\n|\n|upkeep\n|turn|9\n|j| tinsel towngirl\n|\n|t:|1634820907\n|move|p2a: Landorus|Stealth Rock|p1a: Toxapex\n|-sidestart|p1: qdhwefdw|move: Stealth Rock\n|move|p1a: Toxapex|Scald|p2a: Landorus\n|-supereffective|p2a: Landorus\n|-damage|p2a: Landorus|55\/100\n|-status|p2a: Landorus|brn\n|\n|-damage|p2a: Landorus|49\/100 brn|[from] brn\n|upkeep\n|turn|10\n|\n|t:|1634820915\n|move|p1a: Toxapex|Baneful Bunker|p1a: Toxapex\n|-singleturn|p1a: Toxapex|move: Protect\n|move|p2a: Landorus|U-turn|p1a: Toxapex\n|-activate|p1a: Toxapex|move: Protect\n|\n|-damage|p2a: Landorus|43\/100 brn|[from] brn\n|upkeep\n|turn|11\n|\n|t:|1634820917\n|move|p2a: Landorus|U-turn|p1a: Toxapex\n|-resisted|p1a: Toxapex\n|-damage|p1a: Toxapex|97\/100\n|j|\u265aThe Steel Shadow\n|\n|t:|1634820931\n|switch|p2a: Ferrothorn|Ferrothorn, F|99\/100|[from]move: U-turn\n|-damage|p2a: Ferrothorn|93\/100|[from] Stealth Rock\n|move|p1a: Toxapex|Scald|p2a: Ferrothorn\n|-resisted|p2a: Ferrothorn\n|-damage|p2a: Ferrothorn|87\/100\n|\n|-heal|p1a: Toxapex|100\/100|[from] item: Black Sludge\n|upkeep\n|turn|12\n|\n|t:|1634820936\n|switch|p1a: Ferrothorn|Ferrothorn, F|100\/100\n|-damage|p1a: Ferrothorn|94\/100|[from] Stealth Rock\n|-damage|p1a: Ferrothorn|69\/100|[from] Spikes\n|move|p2a: Ferrothorn|Leech Seed|p1a: Ferrothorn\n|-immune|p1a: Ferrothorn\n|\n|-heal|p1a: Ferrothorn|75\/100|[from] item: Leftovers\n|upkeep\n|turn|13\n|\n|t:|1634820952\n|switch|p2a: Hoopa|Hoopa-Unbound|100\/100\n|-damage|p2a: Hoopa|88\/100|[from] Stealth Rock\n|move|p1a: Ferrothorn|Power Whip|p2a: Hoopa\n|-damage|p2a: Hoopa|18\/100\n|\n|-heal|p1a: Ferrothorn|82\/100|[from] item: Leftovers\n|upkeep\n|turn|14\n|\n|t:|1634820960\n|switch|p1a: Gliscor|Gliscor, F|88\/100 tox\n|-damage|p1a: Gliscor|75\/100 tox|[from] Stealth Rock\n|move|p2a: Hoopa|Fire Punch|p1a: Gliscor\n|-damage|p1a: Gliscor|38\/100 tox\n|\n|-heal|p1a: Gliscor|50\/100 tox|[from] ability: Poison Heal\n|upkeep\n|turn|15\n|\n|t:|1634820968\n|switch|p2a: Magearna|Magearna|100\/100\n|-damage|p2a: Magearna|94\/100|[from] Stealth Rock\n|move|p1a: Gliscor|Roost|p1a: Gliscor\n|-heal|p1a: Gliscor|100\/100 tox\n|-singleturn|p1a: Gliscor|move: Roost\n|\n|upkeep\n|turn|16\n|l| zzro\n|j| zzro\n|l| tinsel towngirl\n|\n|t:|1634820994\n|move|p1a: Gliscor|Roost||[still]\n|-fail|p1a: Gliscor|heal\n|move|p2a: Magearna|Volt Switch|p1a: Gliscor\n|-immune|p1a: Gliscor\n|\n|upkeep\n|turn|17\n|l| JAMKRE\n|\n|t:|1634821003\n|switch|p1a: Ferrothorn|Ferrothorn, F|82\/100\n|-damage|p1a: Ferrothorn|75\/100|[from] Stealth Rock\n|-damage|p1a: Ferrothorn|50\/100|[from] Spikes\n|move|p2a: Magearna|Ice Beam|p1a: Ferrothorn\n|-damage|p1a: Ferrothorn|33\/100\n|\n|-heal|p1a: Ferrothorn|39\/100|[from] item: Leftovers\n|upkeep\n|turn|18\n|j| JAMKRE\n|\n|t:|1634821014\n|move|p2a: Magearna|Volt Switch|p1a: Ferrothorn\n|-resisted|p1a: Ferrothorn\n|-damage|p1a: Ferrothorn|33\/100\n|\n|t:|1634821022\n|switch|p2a: Lopunny|Lopunny-Mega, F|85\/100|[from]move: Volt Switch\n|-damage|p2a: Lopunny|79\/100|[from] Stealth Rock\n|move|p1a: Ferrothorn|Leech Seed|p2a: Lopunny\n|-start|p2a: Lopunny|move: Leech Seed\n|\n|-heal|p1a: Ferrothorn|39\/100|[from] item: Leftovers\n|-damage|p2a: Lopunny|67\/100|[from] Leech Seed|[of] p1a: Ferrothorn\n|-heal|p1a: Ferrothorn|48\/100|[silent]\n|upkeep\n|turn|19\n|\n|t:|1634821028\n|move|p1a: Ferrothorn|Protect|p1a: Ferrothorn\n|-singleturn|p1a: Ferrothorn|Protect\n|move|p2a: Lopunny|High Jump Kick|p1a: Ferrothorn\n|-activate|p1a: Ferrothorn|move: Protect\n|-damage|p2a: Lopunny|17\/100|[from] highjumpkick\n|\n|-heal|p1a: Ferrothorn|54\/100|[from] item: Leftovers\n|-damage|p2a: Lopunny|5\/100|[from] Leech Seed|[of] p1a: Ferrothorn\n|-heal|p1a: Ferrothorn|64\/100|[silent]\n|upkeep\n|turn|20\n|j| tinsel towngirl\n|l| tinsel towngirl\n|\n|t:|1634821075\n|switch|p1a: Toxapex|Toxapex, F|100\/100\n|-damage|p1a: Toxapex|76\/100|[from] Spikes\n|-damage|p1a: Toxapex|64\/100|[from] Stealth Rock\n|move|p2a: Lopunny|Return|p1a: Toxapex\n|-damage|p1a: Toxapex|17\/100\n|\n|-heal|p1a: Toxapex|23\/100|[from] item: Black Sludge\n|-damage|p2a: Lopunny|0 fnt|[from] Leech Seed|[of] p1a: Toxapex\n|-heal|p1a: Toxapex|27\/100|[silent]\n|faint|p2a: Lopunny\n|upkeep\n|\n|t:|1634821082\n|switch|p2a: Magearna|Magearna|94\/100\n|-damage|p2a: Magearna|88\/100|[from] Stealth Rock\n|turn|21\n|\n|t:|1634821085\n|move|p1a: Toxapex|Baneful Bunker|p1a: Toxapex\n|-singleturn|p1a: Toxapex|move: Protect\n|move|p2a: Magearna|Volt Switch|p1a: Toxapex\n|-activate|p1a: Toxapex|move: Protect\n|\n|-heal|p1a: Toxapex|33\/100|[from] item: Black Sludge\n|upkeep\n|turn|22\n|j| Sangnomiya Kokomi\n|\n|t:|1634821096\n|switch|p1a: Ditto|Ditto|100\/100\n|-damage|p1a: Ditto|88\/100|[from] Stealth Rock\n|-damage|p1a: Ditto|63\/100|[from] Spikes\n|-transform|p1a: Ditto|p2a: Magearna|[from] ability: Imposter\n|move|p2a: Magearna|Volt Switch|p1a: Ditto\n|-damage|p1a: Ditto|46\/100\n|l| Sangnomiya Kokomi\n|\n|t:|1634821115\n|switch|p2a: Ferrothorn|Ferrothorn, F|87\/100|[from]move: Volt Switch\n|-damage|p2a: Ferrothorn|80\/100|[from] Stealth Rock\n|\n|upkeep\n|turn|23\n|\n|t:|1634821126\n|switch|p2a: Landorus|Landorus-Therian, M|43\/100 brn\n|-damage|p2a: Landorus|30\/100 brn|[from] Stealth Rock\n|-ability|p2a: Landorus|Intimidate|boost\n|-unboost|p1a: Ditto|atk|1\n|move|p1a: Ditto|Volt Switch|p2a: Landorus\n|-immune|p2a: Landorus\n|\n|-damage|p2a: Landorus|24\/100 brn|[from] brn\n|upkeep\n|turn|24\n|l| JAMKRE\n|\n|t:|1634821132\n|switch|p1a: Gliscor|Gliscor, F|100\/100 tox\n|-damage|p1a: Gliscor|88\/100 tox|[from] Stealth Rock\n|move|p2a: Landorus|U-turn|p1a: Gliscor\n|-resisted|p1a: Gliscor\n|-damage|p1a: Gliscor|84\/100 tox\n|\n|t:|1634821139\n|switch|p2a: Magearna|Magearna|88\/100|[from]move: U-turn\n|-damage|p2a: Magearna|82\/100|[from] Stealth Rock\n|\n|-heal|p1a: Gliscor|97\/100 tox|[from] ability: Poison Heal\n|upkeep\n|turn|25\n|j| JAMKRE\n|\n|t:|1634821158\n|switch|p1a: Celesteela|Celesteela|100\/100\n|-damage|p1a: Celesteela|88\/100|[from] Stealth Rock\n|move|p2a: Magearna|Ice Beam|p1a: Celesteela\n|-damage|p1a: Celesteela|72\/100\n|\n|-heal|p1a: Celesteela|78\/100|[from] item: Leftovers\n|upkeep\n|turn|26\n|\n|t:|1634821168\n|move|p2a: Magearna|Volt Switch|p1a: Celesteela\n|-supereffective|p1a: Celesteela\n|-damage|p1a: Celesteela|52\/100\n|l|\u265aThe Steel Shadow\n|j|\u265aThe Steel Shadow\n|\n|t:|1634821178\n|switch|p2a: Ferrothorn|Ferrothorn, F|80\/100|[from]move: Volt Switch\n|-damage|p2a: Ferrothorn|74\/100|[from] Stealth Rock\n|move|p1a: Celesteela|Leech Seed|p2a: Ferrothorn\n|-immune|p2a: Ferrothorn\n|\n|-heal|p1a: Celesteela|58\/100|[from] item: Leftovers\n|upkeep\n|turn|27\n|j| hxyoni\n|\n|t:|1634821201\n|switch|p2a: Tapu Fini|Tapu Fini|100\/100\n|-damage|p2a: Tapu Fini|88\/100|[from] Stealth Rock\n|-fieldstart|move: Misty Terrain|[from] ability: Misty Surge|[of] p2a: Tapu Fini\n|move|p1a: Celesteela|Flamethrower|p2a: Tapu Fini\n|-resisted|p2a: Tapu Fini\n|-damage|p2a: Tapu Fini|79\/100\n|\n|-heal|p1a: Celesteela|64\/100|[from] item: Leftovers\n|upkeep\n|turn|28\n|\n|t:|1634821222\n|move|p1a: Celesteela|Protect|p1a: Celesteela\n|-singleturn|p1a: Celesteela|Protect\n|move|p2a: Tapu Fini|Surf|p1a: Celesteela\n|-activate|p1a: Celesteela|move: Protect\n|\n|-heal|p1a: Celesteela|71\/100|[from] item: Leftovers\n|upkeep\n|turn|29\n|\n|t:|1634821226\n|move|p2a: Tapu Fini|Surf|p1a: Celesteela\n|-damage|p1a: Celesteela|49\/100\n|move|p1a: Celesteela|Leech Seed|p2a: Tapu Fini\n|-start|p2a: Tapu Fini|move: Leech Seed\n|\n|-heal|p1a: Celesteela|55\/100|[from] item: Leftovers\n|-damage|p2a: Tapu Fini|67\/100|[from] Leech Seed|[of] p1a: Celesteela\n|-heal|p1a: Celesteela|64\/100|[silent]\n|upkeep\n|turn|30\n|\n|t:|1634821231\n|move|p2a: Tapu Fini|Surf|p1a: Celesteela\n|-damage|p1a: Celesteela|43\/100\n|move|p1a: Celesteela|Heavy Slam|p2a: Tapu Fini\n|-damage|p2a: Tapu Fini|26\/100\n|\n|-heal|p1a: Celesteela|49\/100|[from] item: Leftovers\n|-damage|p2a: Tapu Fini|14\/100|[from] Leech Seed|[of] p1a: Celesteela\n|-heal|p1a: Celesteela|58\/100|[silent]\n|upkeep\n|turn|31\n|\n|t:|1634821243\n|switch|p2a: Landorus|Landorus-Therian, M|24\/100 brn\n|-damage|p2a: Landorus|12\/100 brn|[from] Stealth Rock\n|-ability|p2a: Landorus|Intimidate|boost\n|-unboost|p1a: Celesteela|atk|1\n|move|p1a: Celesteela|Protect||[still]\n|-fail|p1a: Celesteela\n|\n|-heal|p1a: Celesteela|64\/100|[from] item: Leftovers\n|-damage|p2a: Landorus|6\/100 brn|[from] brn\n|-fieldend|Misty Terrain\n|upkeep\n|turn|32\n|\n|t:|1634821246\n|move|p1a: Celesteela|Protect|p1a: Celesteela\n|-singleturn|p1a: Celesteela|Protect\n|move|p2a: Landorus|U-turn|p1a: Celesteela\n|-activate|p1a: Celesteela|move: Protect\n|\n|-heal|p1a: Celesteela|71\/100|[from] item: Leftovers\n|-damage|p2a: Landorus|0 fnt|[from] brn\n|faint|p2a: Landorus\n|upkeep\n|\n|t:|1634821249\n|switch|p2a: Hoopa|Hoopa-Unbound|18\/100\n|-damage|p2a: Hoopa|6\/100|[from] Stealth Rock\n|turn|33\n|\n|t:|1634821252\n|switch|p1a: Gliscor|Gliscor, F|97\/100 tox\n|-damage|p1a: Gliscor|84\/100 tox|[from] Stealth Rock\n|move|p2a: Hoopa|Hyperspace Fury|p1a: Gliscor\n|-damage|p1a: Gliscor|14\/100 tox\n|-unboost|p2a: Hoopa|def|1\n|\n|-heal|p1a: Gliscor|26\/100 tox|[from] ability: Poison Heal\n|upkeep\n|turn|34\n|\n|t:|1634821263\n|move|p1a: Gliscor|Earthquake|p2a: Hoopa\n|-damage|p2a: Hoopa|0 fnt\n|faint|p2a: Hoopa\n|\n|-heal|p1a: Gliscor|39\/100 tox|[from] ability: Poison Heal\n|upkeep\n|\n|t:|1634821269\n|switch|p2a: Magearna|Magearna|82\/100\n|-damage|p2a: Magearna|76\/100|[from] Stealth Rock\n|turn|35\n|j| nonefacials\n|\n|t:|1634821290\n|move|p1a: Gliscor|Earthquake|p2a: Magearna\n|-supereffective|p2a: Magearna\n|-damage|p2a: Magearna|24\/100\n|move|p2a: Magearna|Ice Beam|p1a: Gliscor\n|-supereffective|p1a: Gliscor\n|-damage|p1a: Gliscor|0 fnt\n|faint|p1a: Gliscor\n|-ability|p2a: Magearna|Soul-Heart|boost\n|-boost|p2a: Magearna|spa|1\n|\n|upkeep\n|\n|t:|1634821298\n|switch|p1a: Ferrothorn|Ferrothorn, F|64\/100\n|-damage|p1a: Ferrothorn|58\/100|[from] Stealth Rock\n|-damage|p1a: Ferrothorn|33\/100|[from] Spikes\n|turn|36\n|\n|t:|1634821319\n|move|p1a: Ferrothorn|Protect|p1a: Ferrothorn\n|-singleturn|p1a: Ferrothorn|Protect\n|move|p2a: Magearna|Ice Beam|p1a: Ferrothorn\n|-activate|p1a: Ferrothorn|move: Protect\n|\n|-heal|p1a: Ferrothorn|39\/100|[from] item: Leftovers\n|upkeep\n|turn|37\n|\n|t:|1634821323\n|move|p2a: Magearna|Ice Beam|p1a: Ferrothorn\n|-damage|p1a: Ferrothorn|13\/100\n|-status|p1a: Ferrothorn|frz\n|cant|p1a: Ferrothorn|frz\n|\n|-heal|p1a: Ferrothorn|20\/100 frz|[from] item: Leftovers\n|upkeep\n|turn|38\n|j| tinsel towngirl\n|j| ceobo\n|l| ceobo\n|\n|t:|1634821334\n|-curestatus|p1a: Ferrothorn|frz|[msg]\n|move|p1a: Ferrothorn|Protect|p1a: Ferrothorn\n|-singleturn|p1a: Ferrothorn|Protect\n|move|p2a: Magearna|Ice Beam|p1a: Ferrothorn\n|-activate|p1a: Ferrothorn|move: Protect\n|\n|-heal|p1a: Ferrothorn|26\/100|[from] item: Leftovers\n|upkeep\n|turn|39\n|j| yiyiyi2\n|\n|t:|1634821359\n|move|p2a: Magearna|Ice Beam|p1a: Ferrothorn\n|-damage|p1a: Ferrothorn|2\/100\n|-status|p1a: Ferrothorn|frz\n|cant|p1a: Ferrothorn|frz\n|\n|-heal|p1a: Ferrothorn|8\/100 frz|[from] item: Leftovers\n|upkeep\n|turn|40\n|\n|t:|1634821362\n|cant|p1a: Ferrothorn|frz\n|move|p2a: Magearna|Ice Beam|p1a: Ferrothorn\n|-damage|p1a: Ferrothorn|0 fnt\n|faint|p1a: Ferrothorn\n|-ability|p2a: Magearna|Soul-Heart|boost\n|-boost|p2a: Magearna|spa|1\n|\n|upkeep\n|\n|t:|1634821367\n|switch|p1a: Ditto|Ditto|46\/100\n|-damage|p1a: Ditto|21\/100|[from] Spikes\n|-damage|p1a: Ditto|9\/100|[from] Stealth Rock\n|-transform|p1a: Ditto|p2a: Magearna|[from] ability: Imposter\n|turn|41\n|l|+SeaRabbit\n|j| quicklyuuuooo\n|l| zzro\n|\n|t:|1634821385\n|move|p1a: Ditto|Iron Head|p2a: Magearna\n|-damage|p2a: Magearna|4\/100\n|move|p2a: Magearna|Ice Beam|p1a: Ditto\n|-resisted|p1a: Ditto\n|-damage|p1a: Ditto|0 fnt\n|faint|p1a: Ditto\n|-ability|p2a: Magearna|Soul-Heart|boost\n|-boost|p2a: Magearna|spa|1\n|\n|upkeep\n|\n|t:|1634821390\n|switch|p1a: Latias|Latias, F|100\/100\n|-damage|p1a: Latias|88\/100|[from] Stealth Rock\n|turn|42\n|j| ceobo\n|\n|t:|1634821395\n|detailschange|p1a: Latias|Latias-Mega, F\n|-mega|p1a: Latias|Latias|Latiasite\n|move|p1a: Latias|Psychic|p2a: Magearna\n|-resisted|p2a: Magearna\n|-damage|p2a: Magearna|0 fnt\n|faint|p2a: Magearna\n|\n|upkeep\n|\n|t:|1634821399\n|switch|p2a: Tapu Fini|Tapu Fini|14\/100\n|-damage|p2a: Tapu Fini|1\/100|[from] Stealth Rock\n|-fieldstart|move: Misty Terrain|[from] ability: Misty Surge|[of] p2a: Tapu Fini\n|turn|43\n|l|@Unowndragon\n|j| zzro\n|\n|t:|1634821416\n|move|p2a: Tapu Fini|Trick||[still]\n|-fail|p2a: Tapu Fini\n|move|p1a: Latias|Psychic|p2a: Tapu Fini\n|-damage|p2a: Tapu Fini|0 fnt\n|faint|p2a: Tapu Fini\n|\n|upkeep\n|l| ceobo\n|\n|t:|1634821418\n|switch|p2a: Ferrothorn|Ferrothorn, F|74\/100\n|-damage|p2a: Ferrothorn|68\/100|[from] Stealth Rock\n|turn|44\n|\n|t:|1634821424\n|move|p1a: Latias|Ice Beam|p2a: Ferrothorn\n|-damage|p2a: Ferrothorn|45\/100\n|move|p2a: Ferrothorn|Power Whip|p1a: Latias\n|-resisted|p1a: Latias\n|-damage|p1a: Latias|72\/100\n|\n|upkeep\n|turn|45\n|\n|t:|1634821428\n|move|p1a: Latias|Ice Beam|p2a: Ferrothorn\n|-damage|p2a: Ferrothorn|23\/100\n|move|p2a: Ferrothorn|Thunder Wave|p1a: Latias\n|-status|p1a: Latias|par\n|\n|upkeep\n|turn|46\n|\n|t:|1634821430\n|move|p1a: Latias|Ice Beam|p2a: Ferrothorn\n|-damage|p2a: Ferrothorn|0 fnt\n|faint|p2a: Ferrothorn\n|\n|win|qdhwefdw\n|l| JAMKRE\n|l| ksicide\n|l|\u2606gostop\n|l| hxyoni\n|l| yiyue\n|l| quicklyuuuooo\n|l| fkfjcbt\n|l| zzro\n|l| yiyiyi2\n|l| yinfoxfreak\n|j| mqsh\n|l| Metallica126\n|c|\u265aThe Steel Shadow|\u6765LOL\u4e86\n|l|\u265aThe Steel Shadow\n|l|@zerodragon123\n","uploadtime":1634821513,"views":108,"p1id":"qdhwefdw","p2id":"gostop","formatid":"gen7ou","rating":0,"private":0,"password":null}