{"id":"china-gen7ou-1714994","p1":"mamap4.0","p2":"EEEEEvolto\u6df1\u6eba","format":"gen7ou","log":"|j|\u2606mamap4.0\n|j|\u2606EEEEEvolto\u6df1\u6eba\n|t:|1626579738\n|gametype|singles\n|player|p1|mamap4.0|lucas|1108\n|player|p2|EEEEEvolto\u6df1\u6eba|266|1319\n|teamsize|p1|6\n|teamsize|p2|6\n|gen|7\n|tier|[Gen 7] OU\n|rated|\n|rule|Sleep Clause Mod: Limit one foe put to sleep\n|rule|Species Clause: Limit one of each Pok\u00e9mon\n|rule|OHKO Clause: OHKO moves are banned\n|rule|Moody Clause: Moody is banned\n|rule|Evasion Moves Clause: Evasion moves are banned\n|rule|Endless Battle Clause: Forcing endless battles is banned\n|rule|HP Percentage Mod: HP is shown in percentages\n|clearpoke\n|poke|p1|Sableye, F|item\n|poke|p1|Chansey, F|item\n|poke|p1|Skarmory, M|item\n|poke|p1|Clefable, M|item\n|poke|p1|Alomomola, M|item\n|poke|p1|Shedinja|item\n|poke|p2|Skarmory, F|item\n|poke|p2|Clefable, M|item\n|poke|p2|Chansey, F|item\n|poke|p2|Sableye, F|item\n|poke|p2|Toxapex, F|item\n|poke|p2|Gliscor, F|item\n|teampreview\n|inactive|Battle timer is ON: inactive players will automatically lose when time's up. (requested by mamap4.0)\n|inactive|EEEEEvolto\u6df1\u6eba has 120 seconds left.\n|j| PIG6\n|l| PIG6\n|inactive|EEEEEvolto\u6df1\u6eba has 90 seconds left.\n|inactive|EEEEEvolto\u6df1\u6eba has 60 seconds left.\n|\n|t:|1626579840\n|start\n|switch|p1a: Sableye|Sableye, F|100\/100\n|switch|p2a: Sableye|Sableye, F|100\/100\n|turn|1\n|c|\u2606EEEEEvolto\u6df1\u6eba|\u4e0d\u9519\n|c|\u2606EEEEEvolto\u6df1\u6eba|\u4f46\u662f\u4e3a\u4ec0\u4e48\u8fd8\u5728110\n|\n|t:|1626579867\n|detailschange|p2a: Sableye|Sableye-Mega, F\n|-mega|p2a: Sableye|Sableye|Sablenite\n|detailschange|p1a: Sableye|Sableye-Mega, F\n|-mega|p1a: Sableye|Sableye|Sablenite\n|move|p2a: Sableye|Protect|p2a: Sableye\n|-singleturn|p2a: Sableye|Protect\n|move|p1a: Sableye|Recover||[still]\n|-fail|p1a: Sableye|heal\n|\n|upkeep\n|turn|2\n|\n|t:|1626579878\n|move|p1a: Sableye|Calm Mind|p1a: Sableye\n|-boost|p1a: Sableye|spa|1\n|-boost|p1a: Sableye|spd|1\n|move|p2a: Sableye|Knock Off|p1a: Sableye\n|-damage|p1a: Sableye|86\/100\n|\n|upkeep\n|turn|3\n|j| Lightchanseyy\n|inactive|mamap4.0 has 120 seconds left.\n|l| Lightchanseyy\n|\n|t:|1626579898\n|switch|p2a: Gliscor|Gliscor, F|100\/100\n|move|p1a: Sableye|Calm Mind|p1a: Sableye\n|-boost|p1a: Sableye|spa|1\n|-boost|p1a: Sableye|spd|1\n|\n|-status|p2a: Gliscor|tox|[from] item: Toxic Orb\n|upkeep\n|turn|4\n|inactive|mamap4.0 has 120 seconds left.\n|\n|t:|1626579910\n|switch|p2a: Clefable|Clefable, M|100\/100\n|move|p1a: Sableye|Recover|p1a: Sableye\n|-heal|p1a: Sableye|100\/100\n|\n|upkeep\n|turn|5\n|inactive|mamap4.0 has 120 seconds left.\n|c|\u2606EEEEEvolto\u6df1\u6eba|\u524d\u9762\u5c0f\u86cb\u8fdb\u4e86\u4e00\u4e0b\n|\n|t:|1626579918\n|move|p2a: Clefable|Moonblast|p1a: Sableye\n|-supereffective|p1a: Sableye\n|-damage|p1a: Sableye|37\/100\n|move|p1a: Sableye|Will-O-Wisp|p2a: Clefable\n|-status|p2a: Clefable|brn\n|\n|-damage|p2a: Clefable|94\/100 brn|[from] brn\n|upkeep\n|turn|6\n|inactive|mamap4.0 has 120 seconds left.\n|\n|t:|1626579940\n|switch|p1a: Chansey|Chansey, F|100\/100\n|move|p2a: Clefable|Heal Bell|p2a: Clefable\n|-activate|p2a: Clefable|move: Heal Bell\n|-curestatus|p2a: Clefable|brn|[msg]\n|-curestatus|p2: Gliscor|tox|[msg]\n|\n|-heal|p2a: Clefable|100\/100|[from] item: Leftovers\n|upkeep\n|turn|7\n|\n|t:|1626579952\n|switch|p2a: Sableye|Sableye-Mega, F|100\/100\n|move|p1a: Chansey|Stealth Rock|p2a: Sableye\n|move|p2a: Sableye|Stealth Rock|p1a: Chansey|[from]ability: Magic Bounce\n|-sidestart|p1: mamap4.0|move: Stealth Rock\n|\n|upkeep\n|turn|8\n|\n|t:|1626579971\n|switch|p1a: Sableye|Sableye-Mega, F|37\/100\n|-damage|p1a: Sableye|25\/100|[from] Stealth Rock\n|move|p2a: Sableye|Knock Off|p1a: Sableye\n|-damage|p1a: Sableye|11\/100\n|\n|upkeep\n|turn|9\n|\n|t:|1626579977\n|move|p1a: Sableye|Recover|p1a: Sableye\n|-heal|p1a: Sableye|61\/100\n|move|p2a: Sableye|Knock Off|p1a: Sableye\n|-damage|p1a: Sableye|48\/100\n|\n|upkeep\n|turn|10\n|\n|t:|1626579986\n|switch|p2a: Gliscor|Gliscor, F|100\/100\n|move|p1a: Sableye|Recover|p1a: Sableye\n|-heal|p1a: Sableye|98\/100\n|\n|-status|p2a: Gliscor|tox|[from] item: Toxic Orb\n|upkeep\n|turn|11\n|\n|t:|1626579994\n|switch|p1a: Skarmory|Skarmory, M|100\/100\n|-damage|p1a: Skarmory|88\/100|[from] Stealth Rock\n|move|p2a: Gliscor|Swords Dance|p2a: Gliscor\n|-boost|p2a: Gliscor|atk|2\n|\n|upkeep\n|turn|12\n|j| PIG6\n|l| PIG6\n|\n|t:|1626580003\n|move|p2a: Gliscor|U-turn|p1a: Skarmory\n|-resisted|p1a: Skarmory\n|-damage|p1a: Skarmory|84\/100\n|\n|t:|1626580006\n|switch|p2a: Sableye|Sableye-Mega, F|100\/100|[from]move: U-turn\n|move|p1a: Skarmory|Defog|p2a: Sableye\n|move|p2a: Sableye|Defog|p1a: Skarmory|[from]ability: Magic Bounce\n|-unboost|p1a: Skarmory|evasion|1\n|-sideend|p1: mamap4.0|Stealth Rock|[from] move: Defog|[of] p2a: Sableye\n|\n|upkeep\n|turn|13\n|\n|t:|1626580026\n|switch|p1a: Sableye|Sableye-Mega, F|98\/100\n|switch|p2a: Clefable|Clefable, M|100\/100\n|\n|upkeep\n|turn|14\n|\n|t:|1626580041\n|switch|p1a: Alomomola|Alomomola, M|100\/100\n|move|p2a: Clefable|Moonblast|p1a: Alomomola\n|-damage|p1a: Alomomola|74\/100\n|-unboost|p1a: Alomomola|spa|1\n|\n|upkeep\n|turn|15\n|\n|t:|1626580051\n|switch|p2a: Sableye|Sableye-Mega, F|100\/100\n|move|p1a: Alomomola|Wish|p1a: Alomomola\n|\n|upkeep\n|turn|16\n|\n|t:|1626580058\n|switch|p2a: Clefable|Clefable, M|100\/100\n|move|p1a: Alomomola|Scald|p2a: Clefable\n|-damage|p2a: Clefable|88\/100\n|\n|-heal|p1a: Alomomola|100\/100|[from] move: Wish|[wisher] Alomomola\n|-heal|p2a: Clefable|94\/100|[from] item: Leftovers\n|upkeep\n|turn|17\n|\n|t:|1626580073\n|switch|p1a: Shedinja|Shedinja|100\/100\n|switch|p2a: Sableye|Sableye-Mega, F|100\/100\n|\n|upkeep\n|turn|18\n|\n|t:|1626580079\n|switch|p1a: Sableye|Sableye-Mega, F|98\/100\n|move|p2a: Sableye|Knock Off|p1a: Sableye\n|-damage|p1a: Sableye|85\/100\n|\n|upkeep\n|turn|19\n|\n|t:|1626580090\n|switch|p1a: Clefable|Clefable, M|100\/100\n|switch|p2a: Clefable|Clefable, M|94\/100\n|\n|-heal|p2a: Clefable|100\/100|[from] item: Leftovers\n|upkeep\n|turn|20\n|\n|t:|1626580099\n|switch|p2a: Gliscor|Gliscor, F|100\/100 tox\n|move|p1a: Clefable|Moonblast|p2a: Gliscor\n|-damage|p2a: Gliscor|65\/100 tox\n|-unboost|p2a: Gliscor|spa|1\n|\n|-heal|p2a: Gliscor|77\/100 tox|[from] ability: Poison Heal\n|upkeep\n|turn|21\n|\n|t:|1626580118\n|switch|p1a: Shedinja|Shedinja|100\/100\n|move|p2a: Gliscor|Toxic|p1a: Shedinja\n|-status|p1a: Shedinja|tox\n|\n|-heal|p2a: Gliscor|90\/100 tox|[from] ability: Poison Heal\n|-damage|p1a: Shedinja|0 fnt|[from] psn\n|faint|p1a: Shedinja\n|upkeep\n|c|\u2606EEEEEvolto\u6df1\u6eba|\uff1f\n|c|\u2606EEEEEvolto\u6df1\u6eba|\u653e\u9b3c\u8749\n|c|\u2606EEEEEvolto\u6df1\u6eba|\u4f60\u600e\u4e48\u60f3\u7684\n|inactive|mamap4.0 has 120 seconds left.\n|c|\u2606mamap4.0|\u8bfb\u4f60\u5251\u821e\n|c|\u2606EEEEEvolto\u6df1\u6eba|\u4f60\u90fd\u6ca1\u786e\u5b9a\u6211\u5929\u874e\u662f\u4e0d\u662f\u6709\u6bd2\n|j| PIG6\n|j| oxm\n|c|\u2606EEEEEvolto\u6df1\u6eba|\u6211\u600e\u4e48\u4f1a\u5bf9\u7eaf\u76ae\u5251\u821e\n|l| PIG6\n|inactive|mamap4.0 has 90 seconds left.\n|c|\u2606EEEEEvolto\u6df1\u6eba|\u4f60\u7684\u76ae\u514b\u897f\u662f\u6df3\u6734\u5427\n|j| lass pu\n|c|\u2606mamap4.0|\u662f\n|c|\u2606EEEEEvolto\u6df1\u6eba|\u5f3a\u5316\u6ca1\u7528\u5e72\u561b\u5f3a\u5316\n|c|\u2606mamap4.0|\u6211\u8ba4\u4e3a\u6211\u88c5\u7684\u8fd8\u597d\n|l| lass pu\n|inactive|mamap4.0 has 60 seconds left.\n|\n|t:|1626580205\n|switch|p1a: Alomomola|Alomomola, M|100\/100\n|turn|22\n|inactive|mamap4.0 has 60 seconds left.\n|\n|t:|1626580210\n|move|p2a: Gliscor|Toxic|p1a: Alomomola\n|-status|p1a: Alomomola|tox\n|move|p1a: Alomomola|Scald|p2a: Gliscor\n|-supereffective|p2a: Gliscor\n|-damage|p2a: Gliscor|59\/100 tox\n|\n|-heal|p2a: Gliscor|71\/100 tox|[from] ability: Poison Heal\n|-damage|p1a: Alomomola|94\/100 tox|[from] psn\n|upkeep\n|turn|23\n|c| oxm|\u4f60\u4fe9\u8fd9\u961f\u4f0d \u4e0d\u6253100\u56de\u5408\u8bf4\u4e0d\u8fc7\u53bb\u90fd\n|inactive|mamap4.0 has 60 seconds left.\n|\n|t:|1626580235\n|switch|p1a: Skarmory|Skarmory, M|84\/100\n|move|p2a: Gliscor|U-turn|p1a: Skarmory\n|-resisted|p1a: Skarmory\n|-damage|p1a: Skarmory|82\/100\n|\n|t:|1626580241\n|switch|p2a: Toxapex|Toxapex, F|100\/100|[from]move: U-turn\n|\n|upkeep\n|turn|24\n|inactive|mamap4.0 has 60 seconds left.\n|\n|t:|1626580247\n|move|p1a: Skarmory|Roost|p1a: Skarmory\n|-heal|p1a: Skarmory|100\/100\n|-singleturn|p1a: Skarmory|move: Roost\n|move|p2a: Toxapex|Scald|p1a: Skarmory\n|-damage|p1a: Skarmory|79\/100\n|\n|upkeep\n|turn|25\n|inactive|mamap4.0 has 60 seconds left.\n|\n|t:|1626580258\n|switch|p1a: Clefable|Clefable, M|100\/100\n|move|p2a: Toxapex|Scald|p1a: Clefable\n|-damage|p1a: Clefable|85\/100\n|\n|-heal|p1a: Clefable|91\/100|[from] item: Leftovers\n|upkeep\n|turn|26\n|l| oxm\n|\n|t:|1626580266\n|move|p1a: Clefable|Aromatherapy|p1a: Clefable\n|-activate|p1a: Clefable|move: Aromatherapy\n|-curestatus|p1: Alomomola|tox|[msg]\n|move|p2a: Toxapex|Toxic Spikes|p1a: Clefable\n|-sidestart|p1: mamap4.0|move: Toxic Spikes\n|\n|-heal|p1a: Clefable|97\/100|[from] item: Leftovers\n|upkeep\n|turn|27\n|\n|t:|1626580274\n|switch|p1a: Skarmory|Skarmory, M|79\/100\n|move|p2a: Toxapex|Scald|p1a: Skarmory\n|-damage|p1a: Skarmory|57\/100\n|\n|upkeep\n|turn|28\n|\n|t:|1626580280\n|move|p1a: Skarmory|Defog|p2a: Toxapex\n|-unboost|p2a: Toxapex|evasion|1\n|-sideend|p1: mamap4.0|Toxic Spikes|[from] move: Defog|[of] p1a: Skarmory\n|move|p2a: Toxapex|Scald|p1a: Skarmory\n|-damage|p1a: Skarmory|36\/100\n|\n|upkeep\n|turn|29\n|\n|t:|1626580287\n|move|p1a: Skarmory|Roost|p1a: Skarmory\n|-heal|p1a: Skarmory|86\/100\n|-singleturn|p1a: Skarmory|move: Roost\n|move|p2a: Toxapex|Toxic Spikes|p1a: Skarmory\n|-sidestart|p1: mamap4.0|move: Toxic Spikes\n|\n|upkeep\n|turn|30\n|\n|t:|1626580299\n|move|p1a: Skarmory|Defog|p2a: Toxapex\n|-unboost|p2a: Toxapex|evasion|1\n|-sideend|p1: mamap4.0|Toxic Spikes|[from] move: Defog|[of] p1a: Skarmory\n|move|p2a: Toxapex|Toxic Spikes|p1a: Skarmory\n|-sidestart|p1: mamap4.0|move: Toxic Spikes\n|\n|upkeep\n|turn|31\n|\n|t:|1626580305\n|move|p1a: Skarmory|Defog|p2a: Toxapex\n|-unboost|p2a: Toxapex|evasion|1\n|-sideend|p1: mamap4.0|Toxic Spikes|[from] move: Defog|[of] p1a: Skarmory\n|move|p2a: Toxapex|Toxic Spikes|p1a: Skarmory\n|-sidestart|p1: mamap4.0|move: Toxic Spikes\n|\n|upkeep\n|turn|32\n|inactive|mamap4.0 has 90 seconds left.\n|\n|t:|1626580313\n|move|p1a: Skarmory|Spikes|p2a: Toxapex\n|-sidestart|p2: EEEEEvolto\u6df1\u6eba|Spikes\n|move|p2a: Toxapex|Toxic Spikes|p1a: Skarmory\n|-sidestart|p1: mamap4.0|move: Toxic Spikes\n|\n|upkeep\n|turn|33\n|\n|t:|1626580318\n|move|p1a: Skarmory|Spikes|p2a: Toxapex\n|-sidestart|p2: EEEEEvolto\u6df1\u6eba|Spikes\n|move|p2a: Toxapex|Toxic Spikes||[still]\n|-fail|p2a: Toxapex\n|\n|upkeep\n|turn|34\n|\n|t:|1626580325\n|move|p1a: Skarmory|Spikes|p2a: Toxapex\n|-sidestart|p2: EEEEEvolto\u6df1\u6eba|Spikes\n|move|p2a: Toxapex|Scald|p1a: Skarmory\n|-damage|p1a: Skarmory|64\/100\n|-status|p1a: Skarmory|brn\n|\n|-damage|p1a: Skarmory|58\/100 brn|[from] brn\n|upkeep\n|turn|35\n|\n|t:|1626580333\n|switch|p2a: Sableye|Sableye-Mega, F|100\/100\n|-damage|p2a: Sableye|75\/100|[from] Spikes\n|move|p1a: Skarmory|Defog|p2a: Sableye\n|move|p2a: Sableye|Defog|p1a: Skarmory|[from]ability: Magic Bounce\n|-unboost|p1a: Skarmory|evasion|1\n|-sideend|p1: mamap4.0|Toxic Spikes|[from] move: Defog|[of] p2a: Sableye\n|-sideend|p2: EEEEEvolto\u6df1\u6eba|Spikes|[from] move: Defog|[of] p2a: Sableye\n|\n|-damage|p1a: Skarmory|52\/100 brn|[from] brn\n|upkeep\n|turn|36\n|\n|t:|1626580346\n|switch|p1a: Clefable|Clefable, M|97\/100\n|move|p2a: Sableye|Knock Off|p1a: Clefable\n|-resisted|p1a: Clefable\n|-damage|p1a: Clefable|85\/100\n|-enditem|p1a: Clefable|Leftovers|[from] move: Knock Off|[of] p2a: Sableye\n|\n|upkeep\n|turn|37\n|\n|t:|1626580356\n|switch|p2a: Gliscor|Gliscor, F|71\/100 tox\n|move|p1a: Clefable|Aromatherapy|p1a: Clefable\n|-activate|p1a: Clefable|move: Aromatherapy\n|-curestatus|p1: Skarmory|brn|[msg]\n|\n|-heal|p2a: Gliscor|84\/100 tox|[from] ability: Poison Heal\n|upkeep\n|turn|38\n|j| lass pu\n|\n|t:|1626580366\n|move|p2a: Gliscor|Toxic|p1a: Clefable\n|-status|p1a: Clefable|tox\n|move|p1a: Clefable|Wish|p1a: Clefable\n|\n|-heal|p2a: Gliscor|96\/100 tox|[from] ability: Poison Heal\n|-damage|p1a: Clefable|79\/100 tox|[from] psn\n|upkeep\n|turn|39\n|\n|t:|1626580385\n|switch|p1a: Skarmory|Skarmory, M|52\/100\n|move|p2a: Gliscor|Toxic|p1a: Skarmory\n|-immune|p1a: Skarmory\n|\n|-heal|p1a: Skarmory|100\/100|[from] move: Wish|[wisher] Clefable\n|-heal|p2a: Gliscor|100\/100 tox|[from] ability: Poison Heal\n|upkeep\n|turn|40\n|\n|t:|1626580396\n|switch|p2a: Sableye|Sableye-Mega, F|75\/100\n|move|p1a: Skarmory|Brave Bird|p2a: Sableye\n|-damage|p2a: Sableye|50\/100\n|-damage|p1a: Skarmory|93\/100|[from] Recoil\n|\n|upkeep\n|turn|41\n|\n|t:|1626580404\n|switch|p1a: Clefable|Clefable, M|79\/100 tox\n|move|p2a: Sableye|Recover|p2a: Sableye\n|-heal|p2a: Sableye|100\/100\n|\n|-damage|p1a: Clefable|73\/100 tox|[from] psn\n|upkeep\n|turn|42\n|\n|t:|1626580414\n|switch|p2a: Toxapex|Toxapex, F|100\/100\n|move|p1a: Clefable|Aromatherapy|p1a: Clefable\n|-activate|p1a: Clefable|move: Aromatherapy\n|-curestatus|p1a: Clefable|tox|[msg]\n|\n|upkeep\n|turn|43\n|\n|t:|1626580425\n|switch|p1a: Sableye|Sableye-Mega, F|85\/100\n|move|p2a: Toxapex|Scald|p1a: Sableye\n|-damage|p1a: Sableye|70\/100\n|\n|upkeep\n|turn|44\n|\n|t:|1626580437\n|switch|p2a: Sableye|Sableye-Mega, F|100\/100\n|move|p1a: Sableye|Will-O-Wisp|p2a: Sableye\n|move|p2a: Sableye|Will-O-Wisp|p1a: Sableye|[from]ability: Magic Bounce|[miss]\n|-miss|p2a: Sableye|p1a: Sableye\n|\n|upkeep\n|turn|45\n|\n|t:|1626580450\n|switch|p2a: Toxapex|Toxapex, F|100\/100\n|move|p1a: Sableye|Calm Mind|p1a: Sableye\n|-boost|p1a: Sableye|spa|1\n|-boost|p1a: Sableye|spd|1\n|\n|upkeep\n|turn|46\n|c|\u2606EEEEEvolto\u6df1\u6eba|\u770b\u89c1\u4e86\u5417\n|c|\u2606EEEEEvolto\u6df1\u6eba|\u8fd9\u5c31\u662f\u7ecf\u9a8c\n|\n|t:|1626580466\n|move|p2a: Toxapex|Scald|p1a: Sableye\n|-damage|p1a: Sableye|58\/100\n|move|p1a: Sableye|Dark Pulse|p2a: Toxapex\n|-damage|p2a: Toxapex|77\/100\n|\n|-heal|p2a: Toxapex|83\/100|[from] item: Black Sludge\n|upkeep\n|turn|47\n|\n|t:|1626580475\n|move|p2a: Toxapex|Scald|p1a: Sableye\n|-damage|p1a: Sableye|46\/100\n|move|p1a: Sableye|Recover|p1a: Sableye\n|-heal|p1a: Sableye|96\/100\n|\n|-heal|p2a: Toxapex|89\/100|[from] item: Black Sludge\n|upkeep\n|turn|48\n|\n|t:|1626580482\n|switch|p2a: Sableye|Sableye-Mega, F|100\/100\n|move|p1a: Sableye|Calm Mind|p1a: Sableye\n|-boost|p1a: Sableye|spa|1\n|-boost|p1a: Sableye|spd|1\n|\n|upkeep\n|turn|49\n|inactive|mamap4.0 has 120 seconds left.\n|\n|t:|1626580489\n|switch|p2a: Clefable|Clefable, M|100\/100\n|move|p1a: Sableye|Calm Mind|p1a: Sableye\n|-boost|p1a: Sableye|spa|1\n|-boost|p1a: Sableye|spd|1\n|\n|upkeep\n|turn|50\n|c|\u2606EEEEEvolto\u6df1\u6eba|\u4f60\u5f3a\u5316\u6709\u4ec0\u4e48\u7528\n|inactive|mamap4.0 has 120 seconds left.\n|\n|t:|1626580515\n|switch|p1a: Chansey|Chansey, F|100\/100\n|move|p2a: Clefable|Moonblast|p1a: Chansey\n|-damage|p1a: Chansey|92\/100\n|\n|upkeep\n|turn|51\n|\n|t:|1626580523\n|move|p2a: Clefable|Wish|p2a: Clefable\n|move|p1a: Chansey|Seismic Toss|p2a: Clefable\n|-damage|p2a: Clefable|75\/100\n|\n|-heal|p2a: Clefable|81\/100|[from] item: Leftovers\n|upkeep\n|turn|52\n|\n|t:|1626580530\n|switch|p2a: Sableye|Sableye-Mega, F|100\/100\n|move|p1a: Chansey|Stealth Rock|p2a: Sableye\n|move|p2a: Sableye|Stealth Rock|p1a: Chansey|[from]ability: Magic Bounce\n|-sidestart|p1: mamap4.0|move: Stealth Rock\n|\n|upkeep\n|turn|53\n|inactive|mamap4.0 has 120 seconds left.\n|c|\u2606EEEEEvolto\u6df1\u6eba|\u7ed9\u4f60\u7559\u573a\u7684\u9519\u89c9\n|\n|t:|1626580549\n|switch|p1a: Clefable|Clefable, M|73\/100\n|-damage|p1a: Clefable|61\/100|[from] Stealth Rock\n|move|p2a: Sableye|Knock Off|p1a: Clefable\n|-resisted|p1a: Clefable\n|-damage|p1a: Clefable|54\/100\n|\n|upkeep\n|turn|54\n|\n|t:|1626580557\n|move|p2a: Sableye|Protect|p2a: Sableye\n|-singleturn|p2a: Sableye|Protect\n|move|p1a: Clefable|Moonblast|p2a: Sableye\n|-activate|p2a: Sableye|move: Protect\n|\n|upkeep\n|turn|55\n|inactive|mamap4.0 has 120 seconds left.\n|\n|t:|1626580567\n|switch|p2a: Gliscor|Gliscor, F|100\/100 tox\n|move|p1a: Clefable|Wish|p1a: Clefable\n|\n|upkeep\n|turn|56\n|\n|t:|1626580572\n|switch|p2a: Sableye|Sableye-Mega, F|100\/100\n|switch|p1a: Skarmory|Skarmory, M|93\/100\n|-damage|p1a: Skarmory|81\/100|[from] Stealth Rock\n|\n|-heal|p1a: Skarmory|100\/100|[from] move: Wish|[wisher] Clefable\n|upkeep\n|turn|57\n|\n|t:|1626580583\n|move|p1a: Skarmory|Defog|p2a: Sableye\n|move|p2a: Sableye|Defog|p1a: Skarmory|[from]ability: Magic Bounce\n|-unboost|p1a: Skarmory|evasion|1\n|-sideend|p1: mamap4.0|Stealth Rock|[from] move: Defog|[of] p2a: Sableye\n|move|p2a: Sableye|Will-O-Wisp|p1a: Skarmory\n|-status|p1a: Skarmory|brn\n|\n|-damage|p1a: Skarmory|95\/100 brn|[from] brn\n|upkeep\n|turn|58\n|j| oxm\n|l| oxm\n|inactive|mamap4.0 has 120 seconds left.\n|\n|t:|1626580612\n|switch|p1a: Clefable|Clefable, M|54\/100\n|switch|p2a: Gliscor|Gliscor, F|100\/100 tox\n|\n|upkeep\n|turn|59\n|inactive|mamap4.0 has 120 seconds left.\n|\n|t:|1626580632\n|switch|p1a: Sableye|Sableye-Mega, F|96\/100\n|move|p2a: Gliscor|Earthquake|p1a: Sableye\n|-damage|p1a: Sableye|73\/100\n|\n|upkeep\n|turn|60\n|\n|t:|1626580643\n|move|p2a: Gliscor|U-turn|p1a: Sableye\n|-damage|p1a: Sableye|62\/100\n|\n|t:|1626580645\n|switch|p2a: Clefable|Clefable, M|81\/100|[from]move: U-turn\n|move|p1a: Sableye|Dark Pulse|p2a: Clefable\n|-resisted|p2a: Clefable\n|-damage|p2a: Clefable|70\/100\n|\n|-heal|p2a: Clefable|76\/100|[from] item: Leftovers\n|upkeep\n|turn|61\n|inactive|mamap4.0 has 120 seconds left.\n|\n|t:|1626580658\n|switch|p1a: Clefable|Clefable, M|54\/100\n|move|p2a: Clefable|Moonblast|p1a: Clefable\n|-damage|p1a: Clefable|22\/100\n|\n|-heal|p2a: Clefable|82\/100|[from] item: Leftovers\n|upkeep\n|turn|62\n|inactive|mamap4.0 has 120 seconds left.\n|\n|t:|1626580671\n|move|p1a: Clefable|Protect|p1a: Clefable\n|-singleturn|p1a: Clefable|Protect\n|move|p2a: Clefable|Moonblast|p1a: Clefable\n|-activate|p1a: Clefable|move: Protect\n|\n|-heal|p2a: Clefable|88\/100|[from] item: Leftovers\n|upkeep\n|turn|63\n|inactive|mamap4.0 has 120 seconds left.\n|\n|t:|1626580693\n|switch|p1a: Alomomola|Alomomola, M|100\/100\n|move|p2a: Clefable|Moonblast|p1a: Alomomola\n|-damage|p1a: Alomomola|73\/100\n|\n|-heal|p2a: Clefable|94\/100|[from] item: Leftovers\n|upkeep\n|turn|64\n|\n|t:|1626580703\n|move|p2a: Clefable|Protect|p2a: Clefable\n|-singleturn|p2a: Clefable|Protect\n|move|p1a: Alomomola|Wish|p1a: Alomomola\n|\n|-heal|p2a: Clefable|99\/100|[from] item: Leftovers\n|upkeep\n|turn|65\n|inactive|mamap4.0 has 120 seconds left.\n|\n|t:|1626580708\n|move|p1a: Alomomola|Toxic|p2a: Clefable\n|-status|p2a: Clefable|tox\n|move|p2a: Clefable|Moonblast|p1a: Alomomola\n|-damage|p1a: Alomomola|44\/100\n|\n|-heal|p1a: Alomomola|94\/100|[from] move: Wish|[wisher] Alomomola\n|-heal|p2a: Clefable|100\/100 tox|[from] item: Leftovers\n|-damage|p2a: Clefable|94\/100 tox|[from] psn\n|upkeep\n|turn|66\n|inactive|mamap4.0 has 120 seconds left.\n|\n|t:|1626580719\n|move|p1a: Alomomola|Wish|p1a: Alomomola\n|move|p2a: Clefable|Heal Bell|p2a: Clefable\n|-activate|p2a: Clefable|move: Heal Bell\n|-curestatus|p2a: Clefable|tox|[msg]\n|-curestatus|p2: Gliscor|tox|[msg]\n|\n|-heal|p2a: Clefable|100\/100|[from] item: Leftovers\n|upkeep\n|turn|67\n|inactive|mamap4.0 has 120 seconds left.\n|\n|t:|1626580731\n|move|p1a: Alomomola|Protect|p1a: Alomomola\n|-singleturn|p1a: Alomomola|Protect\n|move|p2a: Clefable|Moonblast|p1a: Alomomola\n|-activate|p1a: Alomomola|move: Protect\n|\n|-heal|p1a: Alomomola|100\/100|[from] move: Wish|[wisher] Alomomola\n|upkeep\n|turn|68\n|inactive|mamap4.0 has 120 seconds left.\n|\n|t:|1626580758\n|switch|p2a: Sableye|Sableye-Mega, F|100\/100\n|move|p1a: Alomomola|Toxic|p2a: Sableye\n|move|p2a: Sableye|Toxic|p1a: Alomomola|[from]ability: Magic Bounce\n|-status|p1a: Alomomola|tox\n|\n|-damage|p1a: Alomomola|94\/100 tox|[from] psn\n|upkeep\n|turn|69\n|c|\u2606EEEEEvolto\u6df1\u6eba|\u770b\u51fa\u6765\u610f\u8bc6\u7684\u5dee\u8ddd\u4e86\u5417\n|inactive|mamap4.0 has 90 seconds left.\n|\n|t:|1626580784\n|switch|p1a: Clefable|Clefable, M|22\/100\n|switch|p2a: Clefable|Clefable, M|100\/100\n|\n|upkeep\n|turn|70\n|inactive|mamap4.0 has 90 seconds left.\n|l| lass pu\n|\n|t:|1626580809\n|switch|p1a: Chansey|Chansey, F|92\/100\n|move|p2a: Clefable|Moonblast|p1a: Chansey\n|-damage|p1a: Chansey|83\/100\n|\n|upkeep\n|turn|71\n|\n|t:|1626580818\n|switch|p1a: Clefable|Clefable, M|22\/100\n|move|p2a: Clefable|Moonblast|p1a: Clefable\n|-damage|p1a: Clefable|0 fnt\n|faint|p1a: Clefable\n|\n|upkeep\n|c|\u2606EEEEEvolto\u6df1\u6eba|\u76d4\u7532\u70e7\u4f24\n|-message|mamap4.0 forfeited.\n|\n|win|EEEEEvolto\u6df1\u6eba\n|raw|mamap4.0's rating: 1108 &rarr; <strong>1101<\/strong><br \/>(-7 for losing)\n|raw|EEEEEvolto\u6df1\u6eba's rating: 1319 &rarr; <strong>1326<\/strong><br \/>(+7 for winning)\n|l|\u2606mamap4.0\n|c|\u2606EEEEEvolto\u6df1\u6eba|\u9c7c\u6bd2\n","uploadtime":1626580848,"views":15,"p1id":"mamap40","p2id":"eeeeevolto","formatid":"gen7ou","rating":0,"private":0,"password":null}