{"id":"china-gen8ubers-379491","p1":"64 squares","p2":"gostop","format":"gen8ubers","log":"|j|\u260664 squares\n|j|\u2606gostop\n|t:|1616307153\n|player|p1|64 squares|janine|\n|player|p2|gostop|gostop.gif|\n|teamsize|p1|6\n|teamsize|p2|6\n|gametype|singles\n|gen|8\n|tier|[Gen 8] Ubers\n|clearpoke\n|poke|p1|Rayquaza|\n|poke|p1|Blissey, F|\n|poke|p1|Zacian|\n|poke|p1|Yveltal|\n|poke|p1|Groudon|\n|poke|p1|Necrozma-Dusk-Mane|\n|poke|p2|Yveltal|\n|poke|p2|Necrozma-Dusk-Mane|\n|poke|p2|Groudon|\n|poke|p2|Eternatus|\n|poke|p2|Xerneas|\n|poke|p2|Kyogre|\n|rule|Sleep Clause Mod: Limit one foe put to sleep\n|rule|Species Clause: Limit one of each Pok\u00e9mon\n|rule|OHKO Clause: OHKO moves are banned\n|rule|Evasion Moves Clause: Evasion moves are banned\n|rule|Endless Battle Clause: Forcing endless battles is banned\n|rule|HP Percentage Mod: HP is shown in percentages\n|rule|Dynamax Clause: You cannot dynamax\n|teampreview\n|c|\u260664 squares|glhf\n|c|\u2606gostop|gl hf\n|j| TrueNora\n|j|\u265asidalin\n|j| Deep State\n|l| Deep State\n|j| light's sister\n|j| Deep State\n|j| Metallica126\n|l| TrueNora\n|j| Chengjl\n|\n|t:|1616307264\n|start\n|switch|p1a: Rayquaza|Rayquaza|100\/100\n|switch|p2a: Xerneas|Xerneas|100\/100\n|-ability|p1a: Rayquaza|Air Lock\n|-ability|p2a: Xerneas|Fairy Aura\n|turn|1\n|\n|t:|1616307296\n|switch|p1a: Necrozma|Necrozma-Dusk-Mane|100\/100\n|move|p2a: Xerneas|Thunder|p1a: Necrozma\n|-damage|p1a: Necrozma|68\/100\n|\n|upkeep\n|turn|2\n|j| tinsel towngirl\n|j| TrueNora\n|\n|t:|1616307320\n|switch|p2a: Groudon|Groudon|100\/100\n|-weather|SunnyDay|[from] ability: Drought|[of] p2a: Groudon\n|move|p1a: Necrozma|Stealth Rock|p2a: Groudon\n|-sidestart|p2: gostop|move: Stealth Rock\n|\n|-weather|SunnyDay|[upkeep]\n|upkeep\n|turn|3\n|\n|t:|1616307352\n|switch|p1a: Yveltal|Yveltal|100\/100\n|-ability|p1a: Yveltal|Dark Aura\n|move|p2a: Groudon|Lava Plume|p1a: Yveltal\n|-damage|p1a: Yveltal|84\/100\n|\n|-weather|SunnyDay|[upkeep]\n|upkeep\n|turn|4\n|\n|t:|1616307410\n|move|p1a: Yveltal|Foul Play|p2a: Groudon\n|-damage|p2a: Groudon|69\/100\n|move|p2a: Groudon|Stealth Rock|p1a: Yveltal\n|-sidestart|p1: 64 squares|move: Stealth Rock\n|\n|-weather|SunnyDay|[upkeep]\n|-heal|p2a: Groudon|75\/100|[from] item: Leftovers\n|upkeep\n|turn|5\n|\n|t:|1616307432\n|switch|p2a: Yveltal|Yveltal|100\/100\n|-ability|p2a: Yveltal|Dark Aura\n|move|p1a: Yveltal|Foul Play|p2a: Yveltal\n|-resisted|p2a: Yveltal\n|-damage|p2a: Yveltal|80\/100\n|\n|-weather|SunnyDay|[upkeep]\n|upkeep\n|turn|6\n|\n|t:|1616307453\n|move|p2a: Yveltal|Knock Off|p1a: Yveltal\n|-resisted|p1a: Yveltal\n|-damage|p1a: Yveltal|64\/100\n|-enditem|p1a: Yveltal|Heavy-Duty Boots|[from] move: Knock Off|[of] p2a: Yveltal\n|move|p1a: Yveltal|U-turn|p2a: Yveltal\n|-damage|p2a: Yveltal|65\/100\n|\n|t:|1616307458\n|switch|p1a: Zacian|Zacian|100\/100|[from]move: U-turn\n|-damage|p1a: Zacian|88\/100|[from] Stealth Rock\n|-ability|p1a: Zacian|Intrepid Sword|boost\n|-boost|p1a: Zacian|atk|1\n|\n|-weather|none\n|upkeep\n|turn|7\n|l| TrueNora\n|\n|t:|1616307531\n|switch|p2a: Eternatus|Eternatus|100\/100\n|-damage|p2a: Eternatus|88\/100|[from] Stealth Rock\n|-ability|p2a: Eternatus|Pressure\n|move|p1a: Zacian|Swords Dance|p1a: Zacian\n|-boost|p1a: Zacian|atk|2\n|\n|-heal|p2a: Eternatus|94\/100|[from] item: Black Sludge\n|upkeep\n|turn|8\n|\n|t:|1616307556\n|move|p1a: Zacian|Play Rough|p2a: Eternatus\n|-damage|p2a: Eternatus|3\/100\n|-unboost|p2a: Eternatus|atk|1\n|move|p2a: Eternatus|Flamethrower|p1a: Zacian\n|-damage|p1a: Zacian|64\/100\n|\n|-heal|p2a: Eternatus|9\/100|[from] item: Black Sludge\n|upkeep\n|turn|9\n|j| TrueNora\n|\n|t:|1616307586\n|move|p1a: Zacian|Close Combat|p2a: Eternatus\n|-resisted|p2a: Eternatus\n|-damage|p2a: Eternatus|0 fnt\n|-unboost|p1a: Zacian|def|1\n|-unboost|p1a: Zacian|spd|1\n|faint|p2a: Eternatus\n|\n|upkeep\n|\n|t:|1616307603\n|switch|p2a: Necrozma|Necrozma-Dusk-Mane|100\/100\n|-damage|p2a: Necrozma|94\/100|[from] Stealth Rock\n|turn|10\n|l| TrueNora\n|\n|t:|1616307644\n|switch|p1a: Necrozma|Necrozma-Dusk-Mane|68\/100\n|-damage|p1a: Necrozma|62\/100|[from] Stealth Rock\n|move|p2a: Necrozma|Sunsteel Strike|p1a: Necrozma\n|-resisted|p1a: Necrozma\n|-damage|p1a: Necrozma|46\/100\n|-damage|p2a: Necrozma|78\/100|[from] item: Rocky Helmet|[of] p1a: Necrozma\n|\n|-heal|p2a: Necrozma|84\/100|[from] item: Leftovers\n|upkeep\n|turn|11\n|l| Chengjl\n|\n|t:|1616307668\n|move|p2a: Necrozma|Dragon Dance|p2a: Necrozma\n|-boost|p2a: Necrozma|atk|1\n|-boost|p2a: Necrozma|spe|1\n|move|p1a: Necrozma|Morning Sun|p1a: Necrozma\n|-heal|p1a: Necrozma|96\/100\n|\n|-heal|p2a: Necrozma|90\/100|[from] item: Leftovers\n|upkeep\n|turn|12\n|\n|t:|1616307682\n|move|p2a: Necrozma|Dragon Dance|p2a: Necrozma\n|-boost|p2a: Necrozma|atk|1\n|-boost|p2a: Necrozma|spe|1\n|move|p1a: Necrozma|Thunder Wave|p2a: Necrozma\n|-status|p2a: Necrozma|par\n|\n|-heal|p2a: Necrozma|96\/100 par|[from] item: Leftovers\n|upkeep\n|turn|13\n|l| Metallica126\n|j| Metallica126\n|inactive|Battle timer is ON: inactive players will automatically lose when time's up. (requested by gostop)\n|\n|t:|1616307759\n|switch|p1a: Rayquaza|Rayquaza|100\/100\n|-damage|p1a: Rayquaza|76\/100|[from] Stealth Rock\n|-ability|p1a: Rayquaza|Air Lock\n|cant|p2a: Necrozma|par\n|\n|-heal|p2a: Necrozma|100\/100 par|[from] item: Leftovers\n|upkeep\n|turn|14\n|\n|t:|1616307783\n|move|p1a: Rayquaza|V-create|p2a: Necrozma\n|-supereffective|p2a: Necrozma\n|-damage|p2a: Necrozma|0 fnt\n|-unboost|p1a: Rayquaza|spe|1\n|-unboost|p1a: Rayquaza|def|1\n|-unboost|p1a: Rayquaza|spd|1\n|-damage|p1a: Rayquaza|66\/100|[from] item: Life Orb\n|faint|p2a: Necrozma\n|\n|upkeep\n|inactive|gostop has 270 seconds left.\n|\n|t:|1616307816\n|switch|p2a: Yveltal|Yveltal|65\/100\n|-ability|p2a: Yveltal|Dark Aura\n|turn|15\n|j| TrueNora\n|\n|t:|1616307840\n|switch|p1a: Yveltal|Yveltal|64\/100\n|-damage|p1a: Yveltal|40\/100|[from] Stealth Rock\n|-ability|p1a: Yveltal|Dark Aura\n|move|p2a: Yveltal|Knock Off|p1a: Yveltal\n|-resisted|p1a: Yveltal\n|-damage|p1a: Yveltal|27\/100\n|\n|upkeep\n|turn|16\n|\n|t:|1616307853\n|switch|p2a: Xerneas|Xerneas|100\/100\n|-damage|p2a: Xerneas|88\/100|[from] Stealth Rock\n|-ability|p2a: Xerneas|Fairy Aura\n|move|p1a: Yveltal|Roost|p1a: Yveltal\n|-heal|p1a: Yveltal|77\/100\n|-singleturn|p1a: Yveltal|move: Roost\n|\n|upkeep\n|turn|17\n|\n|t:|1616307872\n|switch|p1a: Necrozma|Necrozma-Dusk-Mane|96\/100\n|-damage|p1a: Necrozma|90\/100|[from] Stealth Rock\n|move|p2a: Xerneas|Geomancy||[still]\n|-prepare|p2a: Xerneas|Geomancy\n|-enditem|p2a: Xerneas|Power Herb\n|-anim|p2a: Xerneas|Geomancy|p2a: Xerneas\n|-boost|p2a: Xerneas|spa|2\n|-boost|p2a: Xerneas|spd|2\n|-boost|p2a: Xerneas|spe|2\n|\n|upkeep\n|turn|18\n|\n|t:|1616307878\n|move|p2a: Xerneas|Thunder|p1a: Necrozma\n|-damage|p1a: Necrozma|24\/100\n|move|p1a: Necrozma|Sunsteel Strike|p2a: Xerneas\n|-supereffective|p2a: Xerneas\n|-damage|p2a: Xerneas|9\/100\n|\n|upkeep\n|turn|19\n|inactive|gostop has 270 seconds left.\n|\n|t:|1616307888\n|move|p2a: Xerneas|Moonblast|p1a: Necrozma\n|-resisted|p1a: Necrozma\n|-damage|p1a: Necrozma|0 fnt\n|faint|p1a: Necrozma\n|\n|upkeep\n|j|\u265an zyy\n|\n|t:|1616307894\n|switch|p1a: Blissey|Blissey, F|100\/100\n|-damage|p1a: Blissey|88\/100|[from] Stealth Rock\n|turn|20\n|l| TrueNora\n|\n|t:|1616307908\n|move|p2a: Xerneas|Moonblast|p1a: Blissey\n|-damage|p1a: Blissey|43\/100\n|-unboost|p1a: Blissey|spa|1\n|move|p1a: Blissey|Seismic Toss|p2a: Xerneas\n|-damage|p2a: Xerneas|0 fnt\n|faint|p2a: Xerneas\n|\n|upkeep\n|inactive|gostop has 270 seconds left.\n|inactive|gostop has 240 seconds left.\n|j| Raiden Mei\n|l|\u265asidalin\n|inactive|gostop has 210 seconds left.\n|j|\u265asidalin\n|\n|t:|1616307991\n|switch|p2a: Groudon|Groudon|75\/100\n|-damage|p2a: Groudon|69\/100|[from] Stealth Rock\n|-weather|SunnyDay|[from] ability: Drought|[of] p2a: Groudon\n|turn|21\n|\n|t:|1616308009\n|switch|p1a: Yveltal|Yveltal|77\/100\n|-damage|p1a: Yveltal|52\/100|[from] Stealth Rock\n|-ability|p1a: Yveltal|Dark Aura\n|move|p2a: Groudon|Precipice Blades|p1a: Yveltal\n|-immune|p1a: Yveltal\n|\n|-weather|SunnyDay|[upkeep]\n|-heal|p2a: Groudon|75\/100|[from] item: Leftovers\n|upkeep\n|turn|22\n|inactive|gostop has 210 seconds left.\n|\n|t:|1616308032\n|move|p1a: Yveltal|Defog|p2a: Groudon\n|-unboost|p2a: Groudon|evasion|1\n|-sideend|p2: gostop|Stealth Rock|[from] move: Defog|[of] p1a: Yveltal\n|-sideend|p1: 64 squares|Stealth Rock|[from] move: Defog|[of] p1a: Yveltal\n|move|p2a: Groudon|Lava Plume|p1a: Yveltal\n|-damage|p1a: Yveltal|34\/100\n|-status|p1a: Yveltal|brn\n|\n|-weather|SunnyDay|[upkeep]\n|-heal|p2a: Groudon|81\/100|[from] item: Leftovers\n|-damage|p1a: Yveltal|28\/100 brn|[from] brn\n|upkeep\n|turn|23\n|\n|t:|1616308049\n|switch|p2a: Kyogre|Kyogre|100\/100\n|-weather|RainDance|[from] ability: Drizzle|[of] p2a: Kyogre\n|move|p1a: Yveltal|Roost|p1a: Yveltal\n|-heal|p1a: Yveltal|78\/100 brn\n|-singleturn|p1a: Yveltal|move: Roost\n|\n|-weather|RainDance|[upkeep]\n|-damage|p1a: Yveltal|72\/100 brn|[from] brn\n|upkeep\n|turn|24\n|j| TrueNora\n|inactive|64 squares has 270 seconds left.\n|inactive|64 squares has 240 seconds left.\n|\n|t:|1616308114\n|move|p1a: Yveltal|Foul Play|p2a: Kyogre\n|-damage|p2a: Kyogre|90\/100\n|move|p2a: Kyogre|Calm Mind|p2a: Kyogre\n|-boost|p2a: Kyogre|spa|1\n|-boost|p2a: Kyogre|spd|1\n|\n|-weather|RainDance|[upkeep]\n|-heal|p2a: Kyogre|96\/100|[from] item: Leftovers\n|-damage|p1a: Yveltal|66\/100 brn|[from] brn\n|upkeep\n|turn|25\n|l|\u265asidalin\n|inactive|gostop has 180 seconds left.\n|\n|t:|1616308145\n|move|p1a: Yveltal|U-turn|p2a: Kyogre\n|-damage|p2a: Kyogre|89\/100\n|inactive|64 squares has 240 seconds left.\n|inactive|64 squares has 210 seconds left.\n|\n|t:|1616308191\n|switch|p1a: Blissey|Blissey, F|43\/100|[from]move: U-turn\n|move|p2a: Kyogre|Scald|p1a: Blissey\n|-damage|p1a: Blissey|24\/100\n|\n|-weather|RainDance|[upkeep]\n|-heal|p2a: Kyogre|96\/100|[from] item: Leftovers\n|upkeep\n|turn|26\n|inactive|64 squares has 210 seconds left.\n|inactive|gostop has 180 seconds left.\n|\n|t:|1616308202\n|move|p2a: Kyogre|Calm Mind|p2a: Kyogre\n|-boost|p2a: Kyogre|spa|1\n|-boost|p2a: Kyogre|spd|1\n|move|p1a: Blissey|Soft-Boiled|p1a: Blissey\n|-heal|p1a: Blissey|74\/100\n|\n|-weather|RainDance|[upkeep]\n|-heal|p2a: Kyogre|100\/100|[from] item: Leftovers\n|upkeep\n|turn|27\n|inactive|gostop has 180 seconds left.\n|\n|t:|1616308212\n|move|p2a: Kyogre|Calm Mind|p2a: Kyogre\n|-boost|p2a: Kyogre|spa|1\n|-boost|p2a: Kyogre|spd|1\n|move|p1a: Blissey|Thunder Wave|p2a: Kyogre\n|-status|p2a: Kyogre|par\n|\n|-weather|none\n|upkeep\n|turn|28\n|\n|t:|1616308219\n|move|p1a: Blissey|Seismic Toss|p2a: Kyogre\n|-damage|p2a: Kyogre|76\/100 par\n|move|p2a: Kyogre|Scald|p1a: Blissey\n|-crit|p1a: Blissey\n|-damage|p1a: Blissey|25\/100\n|\n|-heal|p2a: Kyogre|82\/100 par|[from] item: Leftovers\n|upkeep\n|turn|29\n|\n|t:|1616308225\n|move|p1a: Blissey|Soft-Boiled|p1a: Blissey\n|-heal|p1a: Blissey|75\/100\n|move|p2a: Kyogre|Rest|p2a: Kyogre\n|-status|p2a: Kyogre|slp|[from] move: Rest\n|-heal|p2a: Kyogre|100\/100 slp|[silent]\n|\n|upkeep\n|turn|30\n|inactive|64 squares has 240 seconds left.\n|\n|t:|1616308241\n|cant|p2a: Kyogre|slp\n|move|p2a: Kyogre|Sleep Talk|p2a: Kyogre\n|move|p2a: Kyogre|Calm Mind|p2a: Kyogre|[from]move: Sleep Talk\n|-boost|p2a: Kyogre|spa|1\n|-boost|p2a: Kyogre|spd|1\n|move|p1a: Blissey|Teleport|p1a: Blissey\n|inactive|64 squares has 210 seconds left.\n|j|\u265asidalin\n|\n|t:|1616308277\n|switch|p1a: Zacian|Zacian|64\/100|[from]move: Teleport\n|-ability|p1a: Zacian|Intrepid Sword|boost\n|-boost|p1a: Zacian|atk|1\n|\n|upkeep\n|turn|31\n|l| TrueNora\n|inactive|gostop has 210 seconds left.\n|j| TrueNora\n|\n|t:|1616308304\n|move|p1a: Zacian|Wild Charge|p2a: Kyogre\n|-supereffective|p2a: Kyogre\n|-damage|p2a: Kyogre|39\/100 slp\n|-damage|p1a: Zacian|44\/100|[from] Recoil\n|cant|p2a: Kyogre|slp\n|move|p2a: Kyogre|Sleep Talk|p2a: Kyogre\n|move|p2a: Kyogre|Calm Mind|p2a: Kyogre|[from]move: Sleep Talk\n|-boost|p2a: Kyogre|spa|1\n|-boost|p2a: Kyogre|spd|1\n|\n|-heal|p2a: Kyogre|45\/100 slp|[from] item: Leftovers\n|upkeep\n|turn|32\n|inactive|64 squares has 210 seconds left.\n|\n|t:|1616308319\n|switch|p2a: Groudon|Groudon|81\/100\n|-weather|SunnyDay|[from] ability: Drought|[of] p2a: Groudon\n|move|p1a: Zacian|Wild Charge|p2a: Groudon\n|-immune|p2a: Groudon\n|\n|-weather|SunnyDay|[upkeep]\n|-heal|p2a: Groudon|88\/100|[from] item: Leftovers\n|upkeep\n|turn|33\n|inactive|64 squares has 210 seconds left.\n|\n|t:|1616308343\n|switch|p1a: Rayquaza|Rayquaza|66\/100\n|-ability|p1a: Rayquaza|Air Lock\n|move|p2a: Groudon|Stealth Rock|p1a: Rayquaza\n|-sidestart|p1: 64 squares|move: Stealth Rock\n|\n|-weather|SunnyDay|[upkeep]\n|-heal|p2a: Groudon|94\/100|[from] item: Leftovers\n|upkeep\n|turn|34\n|j| wzgn-s13\n|\n|t:|1616308353\n|move|p1a: Rayquaza|Draco Meteor|p2a: Groudon\n|-damage|p2a: Groudon|28\/100\n|-unboost|p1a: Rayquaza|spa|2\n|-damage|p1a: Rayquaza|56\/100|[from] item: Life Orb\n|move|p2a: Groudon|Lava Plume|p1a: Rayquaza\n|-resisted|p1a: Rayquaza\n|-damage|p1a: Rayquaza|45\/100\n|\n|-weather|SunnyDay|[upkeep]\n|-heal|p2a: Groudon|34\/100|[from] item: Leftovers\n|upkeep\n|turn|35\n|l| TrueNora\n|\n|t:|1616308375\n|move|p1a: Rayquaza|Dragon Ascent|p2a: Groudon\n|-damage|p2a: Groudon|0 fnt\n|-unboost|p1a: Rayquaza|def|1\n|-unboost|p1a: Rayquaza|spd|1\n|-damage|p1a: Rayquaza|35\/100|[from] item: Life Orb\n|faint|p2a: Groudon\n|\n|-weather|SunnyDay|[upkeep]\n|upkeep\n|\n|t:|1616308384\n|switch|p2a: Yveltal|Yveltal|65\/100\n|-ability|p2a: Yveltal|Dark Aura\n|turn|36\n|\n|t:|1616308396\n|move|p2a: Yveltal|Sucker Punch|p1a: Rayquaza\n|-damage|p1a: Rayquaza|0 fnt\n|faint|p1a: Rayquaza\n|\n|-weather|none\n|upkeep\n|\n|t:|1616308405\n|switch|p1a: Zacian|Zacian|44\/100\n|-damage|p1a: Zacian|32\/100|[from] Stealth Rock\n|-ability|p1a: Zacian|Intrepid Sword|boost\n|-boost|p1a: Zacian|atk|1\n|turn|37\n|\n|t:|1616308413\n|move|p2a: Yveltal|Sucker Punch|p1a: Zacian\n|-resisted|p1a: Zacian\n|-damage|p1a: Zacian|14\/100\n|move|p1a: Zacian|Play Rough|p2a: Yveltal\n|-supereffective|p2a: Yveltal\n|-damage|p2a: Yveltal|0 fnt\n|faint|p2a: Yveltal\n|\n|upkeep\n|l| Metallica126\n|\n|t:|1616308420\n|switch|p2a: Kyogre|Kyogre|45\/100 slp\n|-weather|RainDance|[from] ability: Drizzle|[of] p2a: Kyogre\n|turn|38\n|\n|t:|1616308424\n|move|p1a: Zacian|Wild Charge|p2a: Kyogre\n|-supereffective|p2a: Kyogre\n|-damage|p2a: Kyogre|0 fnt\n|-damage|p1a: Zacian|0 fnt|[from] Recoil\n|faint|p2a: Kyogre\n|faint|p1a: Zacian\n|\n|win|64 squares\n|c|\u260664 squares|gg\n|j| TrueNora\n|c|\u2606gostop|gg\n|l|\u265asidalin\n|l| wzgn-s13\n","uploadtime":1616308434,"views":135,"p1id":"64squares","p2id":"gostop","formatid":"gen8ubers","rating":0,"private":0,"password":null}