{"id":"china-gen8ou-7062909","p1":"badslowking","p2":"EEEEEvolto","format":"gen8ou","log":"|uhtml|report-battle|<b>\u5c06\u5bf9\u6218\u94fe\u63a5\u516c\u5f00\u5230:<\/b> <button class=\"button\" name=\"send\" value=\"\/reportto skypillar\">Sky Pillar<\/button><button class=\"button\" name=\"send\" value=\"\/reportto shinx\">Shinx<\/button>\n|j|\u2606badslowking\n|j|\u2606EEEEEvolto\n|t:|1667113599\n|gametype|singles\n|player|p1|badslowking|lusamine-nihilego|\n|player|p2|EEEEEvolto|eeeeevolto.png|\n|teamsize|p1|6\n|teamsize|p2|6\n|gen|8\n|tier|[Gen 8] OU\n|rule|Sleep Clause Mod: Limit one foe put to sleep\n|rule|Species Clause: Limit one of each Pok\u00e9mon\n|rule|OHKO Clause: OHKO moves are banned\n|rule|Evasion Items Clause: Evasion items are banned\n|rule|Evasion Moves Clause: Evasion moves are banned\n|rule|Endless Battle Clause: Forcing endless battles is banned\n|rule|HP Percentage Mod: HP is shown in percentages\n|rule|Dynamax Clause: You cannot dynamax\n|clearpoke\n|poke|p1|Arctozolt|\n|poke|p1|Corviknight, F|\n|poke|p1|Landorus-Therian, M|\n|poke|p1|Ninetales-Alola, F|\n|poke|p1|Tornadus-Therian, M|\n|poke|p1|Volcanion|\n|poke|p2|Blissey, F|\n|poke|p2|Quagsire, M|\n|poke|p2|Toxapex, M|\n|poke|p2|Dragonite, F|\n|poke|p2|Corviknight, F|\n|poke|p2|Zapdos|\n|teampreview\n|\n|t:|1667113611\n|start\n|switch|p1a: \u96ea\u7ed2\u86fe|Ninetales-Alola, F|100\/100\n|switch|p2a: Corviknight|Corviknight, F|100\/100\n|-weather|Hail|[from] ability: Snow Warning|[of] p1a: \u96ea\u7ed2\u86fe\n|-ability|p2a: Corviknight|Pressure\n|turn|1\n|\n|t:|1667113617\n|move|p1a: \u96ea\u7ed2\u86fe|Aurora Veil|p1a: \u96ea\u7ed2\u86fe\n|-sidestart|p1: badslowking|move: Aurora Veil\n|move|p2a: Corviknight|Iron Head|p1a: \u96ea\u7ed2\u86fe\n|-supereffective|p1a: \u96ea\u7ed2\u86fe\n|-damage|p1a: \u96ea\u7ed2\u86fe|35\/100\n|\n|-weather|Hail|[upkeep]\n|-damage|p2a: Corviknight|94\/100|[from] Hail\n|-heal|p2a: Corviknight|100\/100|[from] item: Leftovers\n|upkeep\n|turn|2\n|\n|t:|1667113620\n|switch|p1a: \u706b\u795e\u86fe|Volcanion|100\/100\n|move|p2a: Corviknight|U-turn|p1a: \u706b\u795e\u86fe\n|-resisted|p1a: \u706b\u795e\u86fe\n|-damage|p1a: \u706b\u795e\u86fe|97\/100\n|\n|t:|1667113628\n|switch|p2a: Toxapex|Toxapex, M|100\/100|[from]move: U-turn\n|\n|-weather|Hail|[upkeep]\n|-damage|p1a: \u706b\u795e\u86fe|91\/100|[from] Hail\n|-damage|p2a: Toxapex|95\/100|[from] Hail\n|upkeep\n|turn|3\n|\n|t:|1667113632\n|move|p1a: \u706b\u795e\u86fe|Flamethrower|p2a: Toxapex\n|-resisted|p2a: Toxapex\n|-damage|p2a: Toxapex|63\/100\n|move|p2a: Toxapex|Toxic|p1a: \u706b\u795e\u86fe\n|-status|p1a: \u706b\u795e\u86fe|tox\n|\n|-weather|Hail|[upkeep]\n|-damage|p1a: \u706b\u795e\u86fe|85\/100 tox|[from] Hail\n|-damage|p2a: Toxapex|57\/100|[from] Hail\n|-damage|p1a: \u706b\u795e\u86fe|79\/100 tox|[from] psn\n|upkeep\n|turn|4\n|\n|t:|1667113637\n|switch|p1a: \u7535\u8718\u86db|Arctozolt|100\/100\n|switch|p2a: Blissey|Blissey, F|100\/100\n|\n|-weather|Hail|[upkeep]\n|-damage|p2a: Blissey|94\/100|[from] Hail\n|-heal|p2a: Blissey|100\/100|[from] item: Leftovers\n|upkeep\n|turn|5\n|\n|t:|1667113641\n|switch|p2a: Quagsire|Quagsire, M|100\/100\n|move|p1a: \u7535\u8718\u86db|Substitute|p1a: \u7535\u8718\u86db\n|-start|p1a: \u7535\u8718\u86db|Substitute\n|-damage|p1a: \u7535\u8718\u86db|76\/100\n|\n|-weather|Hail|[upkeep]\n|-damage|p2a: Quagsire|94\/100|[from] Hail\n|-heal|p1a: \u7535\u8718\u86db|82\/100|[from] item: Leftovers\n|-heal|p2a: Quagsire|100\/100|[from] item: Leftovers\n|-sideend|p1: badslowking|move: Aurora Veil\n|upkeep\n|turn|6\n|\n|t:|1667113648\n|switch|p2a: Blissey|Blissey, F|100\/100\n|move|p1a: \u7535\u8718\u86db|Blizzard|p2a: Blissey\n|-damage|p2a: Blissey|87\/100\n|\n|-weather|Hail|[upkeep]\n|-damage|p2a: Blissey|81\/100|[from] Hail\n|-heal|p1a: \u7535\u8718\u86db|88\/100|[from] item: Leftovers\n|-heal|p2a: Blissey|87\/100|[from] item: Leftovers\n|upkeep\n|turn|7\n|\n|t:|1667113655\n|switch|p2a: Quagsire|Quagsire, M|100\/100\n|move|p1a: \u7535\u8718\u86db|Blizzard|p2a: Quagsire\n|-damage|p2a: Quagsire|65\/100\n|\n|-weather|Hail|[upkeep]\n|-damage|p2a: Quagsire|59\/100|[from] Hail\n|-heal|p1a: \u7535\u8718\u86db|94\/100|[from] item: Leftovers\n|-heal|p2a: Quagsire|65\/100|[from] item: Leftovers\n|upkeep\n|turn|8\n|\n|t:|1667113660\n|move|p1a: \u7535\u8718\u86db|Low Kick|p2a: Quagsire\n|-damage|p2a: Quagsire|47\/100\n|move|p2a: Quagsire|Recover|p2a: Quagsire\n|-heal|p2a: Quagsire|97\/100\n|\n|-weather|none\n|-heal|p1a: \u7535\u8718\u86db|100\/100|[from] item: Leftovers\n|-heal|p2a: Quagsire|100\/100|[from] item: Leftovers\n|upkeep\n|turn|9\n|\n|t:|1667113666\n|move|p1a: \u7535\u8718\u86db|Blizzard|p2a: Quagsire|[miss]\n|-miss|p1a: \u7535\u8718\u86db|p2a: Quagsire\n|move|p2a: Quagsire|Scald|p1a: \u7535\u8718\u86db\n|-end|p1a: \u7535\u8718\u86db|Substitute\n|\n|upkeep\n|turn|10\n|\n|t:|1667113670\n|switch|p1a: \u706b\u795e\u86fe|Volcanion|79\/100 tox\n|move|p2a: Quagsire|Scald|p1a: \u706b\u795e\u86fe\n|-heal|p1a: \u706b\u795e\u86fe|100\/100 tox|[from] ability: Water Absorb|[of] p2a: Quagsire\n|\n|-damage|p1a: \u706b\u795e\u86fe|95\/100 tox|[from] psn\n|upkeep\n|turn|11\n|\n|t:|1667113673\n|switch|p2a: Toxapex|Toxapex, M|91\/100\n|move|p1a: \u706b\u795e\u86fe|Steam Eruption|p2a: Toxapex\n|-resisted|p2a: Toxapex\n|-damage|p2a: Toxapex|53\/100\n|\n|-damage|p1a: \u706b\u795e\u86fe|83\/100 tox|[from] psn\n|upkeep\n|turn|12\n|\n|t:|1667113683\n|switch|p1a: \u96ea\u7ed2\u86fe|Ninetales-Alola, F|35\/100\n|-weather|Hail|[from] ability: Snow Warning|[of] p1a: \u96ea\u7ed2\u86fe\n|move|p2a: Toxapex|Recover|p2a: Toxapex\n|-heal|p2a: Toxapex|100\/100\n|\n|-weather|Hail|[upkeep]\n|-damage|p2a: Toxapex|95\/100|[from] Hail\n|upkeep\n|turn|13\n|\n|t:|1667113688\n|switch|p2a: Corviknight|Corviknight, F|100\/100\n|-ability|p2a: Corviknight|Pressure\n|move|p1a: \u96ea\u7ed2\u86fe|Pain Split|p2a: Corviknight\n|-sethp|p2a: Corviknight|65\/100|[from] move: Pain Split|[silent]\n|-sethp|p1a: \u96ea\u7ed2\u86fe|74\/100|[from] move: Pain Split\n|\n|-weather|Hail|[upkeep]\n|-damage|p2a: Corviknight|59\/100|[from] Hail\n|-heal|p2a: Corviknight|65\/100|[from] item: Leftovers\n|upkeep\n|turn|14\n|\n|t:|1667113695\n|switch|p1a: \u8702\u5973\u738b|Landorus-Therian, M|100\/100\n|-ability|p1a: \u8702\u5973\u738b|Intimidate|boost\n|-unboost|p2a: Corviknight|atk|1\n|move|p2a: Corviknight|U-turn|p1a: \u8702\u5973\u738b\n|-resisted|p1a: \u8702\u5973\u738b\n|-damage|p1a: \u8702\u5973\u738b|96\/100\n|\n|t:|1667113704\n|switch|p2a: Zapdos|Zapdos|100\/100|[from]move: U-turn\n|-ability|p2a: Zapdos|Pressure\n|\n|-weather|Hail|[upkeep]\n|-damage|p2a: Zapdos|94\/100|[from] Hail\n|-damage|p1a: \u8702\u5973\u738b|90\/100|[from] Hail\n|-heal|p1a: \u8702\u5973\u738b|96\/100|[from] item: Leftovers\n|upkeep\n|turn|15\n|\n|t:|1667113706\n|switch|p2a: Corviknight|Corviknight, F|65\/100\n|-ability|p2a: Corviknight|Pressure\n|move|p1a: \u8702\u5973\u738b|Toxic|p2a: Corviknight\n|-immune|p2a: Corviknight\n|\n|-weather|Hail|[upkeep]\n|-damage|p1a: \u8702\u5973\u738b|90\/100|[from] Hail\n|-damage|p2a: Corviknight|59\/100|[from] Hail\n|-heal|p1a: \u8702\u5973\u738b|96\/100|[from] item: Leftovers\n|-heal|p2a: Corviknight|65\/100|[from] item: Leftovers\n|upkeep\n|turn|16\n|\n|t:|1667113716\n|move|p1a: \u8702\u5973\u738b|U-turn|p2a: Corviknight\n|-resisted|p2a: Corviknight\n|-crit|p2a: Corviknight\n|-damage|p2a: Corviknight|59\/100\n|\n|t:|1667113718\n|switch|p1a: \u706b\u795e\u86fe|Volcanion|83\/100 tox|[from]move: U-turn\n|move|p2a: Corviknight|Roost|p2a: Corviknight\n|-heal|p2a: Corviknight|100\/100\n|-singleturn|p2a: Corviknight|move: Roost\n|\n|-weather|Hail|[upkeep]\n|-damage|p1a: \u706b\u795e\u86fe|77\/100 tox|[from] Hail\n|-damage|p2a: Corviknight|94\/100|[from] Hail\n|-heal|p2a: Corviknight|100\/100|[from] item: Leftovers\n|-damage|p1a: \u706b\u795e\u86fe|71\/100 tox|[from] psn\n|upkeep\n|turn|17\n|\n|t:|1667113723\n|switch|p2a: Blissey|Blissey, F|87\/100\n|move|p1a: \u706b\u795e\u86fe|Steam Eruption|p2a: Blissey\n|-damage|p2a: Blissey|53\/100\n|\n|-weather|Hail|[upkeep]\n|-damage|p1a: \u706b\u795e\u86fe|65\/100 tox|[from] Hail\n|-damage|p2a: Blissey|46\/100|[from] Hail\n|-heal|p2a: Blissey|53\/100|[from] item: Leftovers\n|-damage|p1a: \u706b\u795e\u86fe|53\/100 tox|[from] psn\n|upkeep\n|turn|18\n|\n|t:|1667113730\n|switch|p1a: \u7535\u8718\u86db|Arctozolt|100\/100\n|move|p2a: Blissey|Soft-Boiled|p2a: Blissey\n|-heal|p2a: Blissey|100\/100\n|\n|-weather|Hail|[upkeep]\n|-damage|p2a: Blissey|94\/100|[from] Hail\n|-heal|p2a: Blissey|100\/100|[from] item: Leftovers\n|upkeep\n|turn|19\n|\n|t:|1667113734\n|move|p1a: \u7535\u8718\u86db|Blizzard|p2a: Blissey\n|-damage|p2a: Blissey|88\/100\n|move|p2a: Blissey|Toxic|p1a: \u7535\u8718\u86db\n|-status|p1a: \u7535\u8718\u86db|tox\n|\n|-weather|none\n|-heal|p2a: Blissey|94\/100|[from] item: Leftovers\n|-damage|p1a: \u7535\u8718\u86db|94\/100 tox|[from] psn\n|upkeep\n|turn|20\n|\n|t:|1667113747\n|switch|p2a: Quagsire|Quagsire, M|100\/100\n|move|p1a: \u7535\u8718\u86db|Low Kick|p2a: Quagsire\n|-damage|p2a: Quagsire|83\/100\n|\n|-heal|p1a: \u7535\u8718\u86db|100\/100 tox|[from] item: Leftovers\n|-heal|p2a: Quagsire|89\/100|[from] item: Leftovers\n|-damage|p1a: \u7535\u8718\u86db|88\/100 tox|[from] psn\n|upkeep\n|turn|21\n|\n|t:|1667113753\n|switch|p1a: \u96ea\u7ed2\u86fe|Ninetales-Alola, F|74\/100\n|-weather|Hail|[from] ability: Snow Warning|[of] p1a: \u96ea\u7ed2\u86fe\n|move|p2a: Quagsire|Toxic|p1a: \u96ea\u7ed2\u86fe\n|-status|p1a: \u96ea\u7ed2\u86fe|tox\n|\n|-weather|Hail|[upkeep]\n|-damage|p2a: Quagsire|83\/100|[from] Hail\n|-heal|p2a: Quagsire|89\/100|[from] item: Leftovers\n|-damage|p1a: \u96ea\u7ed2\u86fe|68\/100 tox|[from] psn\n|upkeep\n|turn|22\n|\n|t:|1667113761\n|switch|p2a: Toxapex|Toxapex, M|100\/100\n|move|p1a: \u96ea\u7ed2\u86fe|Freeze-Dry|p2a: Toxapex\n|-supereffective|p2a: Toxapex\n|-damage|p2a: Toxapex|66\/100\n|\n|-weather|Hail|[upkeep]\n|-damage|p2a: Toxapex|60\/100|[from] Hail\n|-damage|p1a: \u96ea\u7ed2\u86fe|57\/100 tox|[from] psn\n|upkeep\n|turn|23\n|\n|t:|1667113765\n|switch|p2a: Blissey|Blissey, F|94\/100\n|move|p1a: \u96ea\u7ed2\u86fe|Aurora Veil|p1a: \u96ea\u7ed2\u86fe\n|-sidestart|p1: badslowking|move: Aurora Veil\n|\n|-weather|Hail|[upkeep]\n|-damage|p2a: Blissey|88\/100|[from] Hail\n|-heal|p2a: Blissey|94\/100|[from] item: Leftovers\n|-damage|p1a: \u96ea\u7ed2\u86fe|38\/100 tox|[from] psn\n|upkeep\n|turn|24\n|\n|t:|1667113771\n|switch|p2a: Toxapex|Toxapex, M|94\/100\n|move|p1a: \u96ea\u7ed2\u86fe|Pain Split|p2a: Toxapex\n|-sethp|p2a: Toxapex|69\/100|[from] move: Pain Split|[silent]\n|-sethp|p1a: \u96ea\u7ed2\u86fe|60\/100 tox|[from] move: Pain Split\n|\n|-weather|Hail|[upkeep]\n|-damage|p2a: Toxapex|63\/100|[from] Hail\n|-damage|p1a: \u96ea\u7ed2\u86fe|36\/100 tox|[from] psn\n|upkeep\n|turn|25\n|\n|t:|1667113774\n|switch|p1a: \u8702\u5973\u738b|Landorus-Therian, M|96\/100\n|-ability|p1a: \u8702\u5973\u738b|Intimidate|boost\n|-unboost|p2a: Toxapex|atk|1\n|switch|p2a: Blissey|Blissey, F|94\/100\n|\n|-weather|Hail|[upkeep]\n|-damage|p1a: \u8702\u5973\u738b|90\/100|[from] Hail\n|-damage|p2a: Blissey|88\/100|[from] Hail\n|-heal|p1a: \u8702\u5973\u738b|96\/100|[from] item: Leftovers\n|-heal|p2a: Blissey|94\/100|[from] item: Leftovers\n|upkeep\n|turn|26\n|\n|t:|1667113778\n|switch|p2a: Corviknight|Corviknight, F|100\/100\n|-ability|p2a: Corviknight|Pressure\n|move|p1a: \u8702\u5973\u738b|U-turn|p2a: Corviknight\n|-resisted|p2a: Corviknight\n|-damage|p2a: Corviknight|96\/100\n|\n|t:|1667113783\n|switch|p1a: \u706b\u795e\u86fe|Volcanion|53\/100 tox|[from]move: U-turn\n|\n|-weather|Hail|[upkeep]\n|-damage|p1a: \u706b\u795e\u86fe|47\/100 tox|[from] Hail\n|-damage|p2a: Corviknight|90\/100|[from] Hail\n|-heal|p2a: Corviknight|96\/100|[from] item: Leftovers\n|-damage|p1a: \u706b\u795e\u86fe|41\/100 tox|[from] psn\n|upkeep\n|turn|27\n|\n|t:|1667113791\n|switch|p2a: Blissey|Blissey, F|94\/100\n|move|p1a: \u706b\u795e\u86fe|Steam Eruption|p2a: Blissey\n|-damage|p2a: Blissey|61\/100\n|\n|-weather|Hail|[upkeep]\n|-damage|p1a: \u706b\u795e\u86fe|35\/100 tox|[from] Hail\n|-damage|p2a: Blissey|55\/100|[from] Hail\n|-heal|p2a: Blissey|61\/100|[from] item: Leftovers\n|-damage|p1a: \u706b\u795e\u86fe|23\/100 tox|[from] psn\n|-sideend|p1: badslowking|move: Aurora Veil\n|upkeep\n|turn|28\n|\n|t:|1667113794\n|switch|p1a: \u7535\u8718\u86db|Arctozolt|88\/100 tox\n|move|p2a: Blissey|Soft-Boiled|p2a: Blissey\n|-heal|p2a: Blissey|100\/100\n|\n|-weather|none\n|-heal|p1a: \u7535\u8718\u86db|94\/100 tox|[from] item: Leftovers\n|-damage|p1a: \u7535\u8718\u86db|88\/100 tox|[from] psn\n|upkeep\n|turn|29\n|\n|t:|1667113804\n|switch|p1a: \u9a91\u58eb\u8717\u725b|Corviknight, F|100\/100\n|-ability|p1a: \u9a91\u58eb\u8717\u725b|Pressure\n|switch|p2a: Quagsire|Quagsire, M|89\/100\n|\n|-heal|p2a: Quagsire|95\/100|[from] item: Leftovers\n|upkeep\n|turn|30\n|\n|t:|1667113812\n|switch|p1a: \u5df4\u5927\u8776|Tornadus-Therian, M|100\/100\n|switch|p2a: Toxapex|Toxapex, M|96\/100\n|\n|upkeep\n|turn|31\n|\n|t:|1667113815\n|move|p1a: \u5df4\u5927\u8776|Knock Off|p2a: Toxapex\n|-damage|p2a: Toxapex|84\/100\n|-enditem|p2a: Toxapex|Shed Shell|[from] move: Knock Off|[of] p1a: \u5df4\u5927\u8776\n|move|p2a: Toxapex|Toxic|p1a: \u5df4\u5927\u8776\n|-status|p1a: \u5df4\u5927\u8776|tox\n|\n|-damage|p1a: \u5df4\u5927\u8776|94\/100 tox|[from] psn\n|upkeep\n|turn|32\n|\n|t:|1667113818\n|move|p1a: \u5df4\u5927\u8776|U-turn|p2a: Toxapex\n|-resisted|p2a: Toxapex\n|-damage|p2a: Toxapex|79\/100\n|\n|t:|1667113821\n|switch|p1a: \u7535\u8718\u86db|Arctozolt|88\/100 tox|[from]move: U-turn\n|move|p2a: Toxapex|Knock Off|p1a: \u7535\u8718\u86db\n|-damage|p1a: \u7535\u8718\u86db|69\/100 tox\n|-enditem|p1a: \u7535\u8718\u86db|Leftovers|[from] move: Knock Off|[of] p2a: Toxapex\n|\n|-damage|p1a: \u7535\u8718\u86db|63\/100 tox|[from] psn\n|upkeep\n|turn|33\n|\n|t:|1667113827\n|switch|p1a: \u96ea\u7ed2\u86fe|Ninetales-Alola, F|36\/100 tox\n|-weather|Hail|[from] ability: Snow Warning|[of] p1a: \u96ea\u7ed2\u86fe\n|switch|p2a: Quagsire|Quagsire, M|95\/100\n|\n|-weather|Hail|[upkeep]\n|-damage|p2a: Quagsire|89\/100|[from] Hail\n|-heal|p2a: Quagsire|95\/100|[from] item: Leftovers\n|-damage|p1a: \u96ea\u7ed2\u86fe|30\/100 tox|[from] psn\n|upkeep\n|turn|34\n|\n|t:|1667113831\n|switch|p2a: Blissey|Blissey, F|100\/100\n|move|p1a: \u96ea\u7ed2\u86fe|Pain Split|p2a: Blissey\n|-sethp|p2a: Blissey|58\/100|[from] move: Pain Split|[silent]\n|-sethp|p1a: \u96ea\u7ed2\u86fe|100\/100 tox|[from] move: Pain Split\n|\n|-weather|Hail|[upkeep]\n|-damage|p2a: Blissey|51\/100|[from] Hail\n|-heal|p2a: Blissey|58\/100|[from] item: Leftovers\n|-damage|p1a: \u96ea\u7ed2\u86fe|88\/100 tox|[from] psn\n|upkeep\n|turn|35\n|\n|t:|1667113839\n|move|p1a: \u96ea\u7ed2\u86fe|Aurora Veil|p1a: \u96ea\u7ed2\u86fe\n|-sidestart|p1: badslowking|move: Aurora Veil\n|move|p2a: Blissey|Soft-Boiled|p2a: Blissey\n|-heal|p2a: Blissey|100\/100\n|\n|-weather|Hail|[upkeep]\n|-damage|p2a: Blissey|94\/100|[from] Hail\n|-heal|p2a: Blissey|100\/100|[from] item: Leftovers\n|-damage|p1a: \u96ea\u7ed2\u86fe|70\/100 tox|[from] psn\n|upkeep\n|turn|36\n|\n|t:|1667113842\n|move|p1a: \u96ea\u7ed2\u86fe|Encore|p2a: Blissey\n|-start|p2a: Blissey|Encore\n|move|p2a: Blissey|Soft-Boiled||[still]\n|-fail|p2a: Blissey|heal\n|\n|-weather|Hail|[upkeep]\n|-damage|p2a: Blissey|94\/100|[from] Hail\n|-heal|p2a: Blissey|100\/100|[from] item: Leftovers\n|-damage|p1a: \u96ea\u7ed2\u86fe|46\/100 tox|[from] psn\n|upkeep\n|turn|37\n|\n|t:|1667113854\n|switch|p1a: \u5df4\u5927\u8776|Tornadus-Therian, M|100\/100 tox\n|switch|p2a: Toxapex|Toxapex, M|100\/100\n|\n|-weather|Hail|[upkeep]\n|-damage|p1a: \u5df4\u5927\u8776|94\/100 tox|[from] Hail\n|-damage|p2a: Toxapex|95\/100|[from] Hail\n|-damage|p1a: \u5df4\u5927\u8776|88\/100 tox|[from] psn\n|upkeep\n|turn|38\n|\n|t:|1667113859\n|move|p1a: \u5df4\u5927\u8776|U-turn|p2a: Toxapex\n|-resisted|p2a: Toxapex\n|-damage|p2a: Toxapex|90\/100\n|\n|t:|1667113861\n|switch|p1a: \u7535\u8718\u86db|Arctozolt|63\/100 tox|[from]move: U-turn\n|move|p2a: Toxapex|Poison Jab|p1a: \u7535\u8718\u86db\n|-damage|p1a: \u7535\u8718\u86db|52\/100 tox\n|\n|-weather|Hail|[upkeep]\n|-damage|p2a: Toxapex|84\/100|[from] Hail\n|-damage|p1a: \u7535\u8718\u86db|45\/100 tox|[from] psn\n|upkeep\n|turn|39\n|\n|t:|1667113872\n|switch|p1a: \u8702\u5973\u738b|Landorus-Therian, M|96\/100\n|-ability|p1a: \u8702\u5973\u738b|Intimidate|boost\n|-unboost|p2a: Toxapex|atk|1\n|switch|p2a: Quagsire|Quagsire, M|95\/100\n|\n|-weather|Hail|[upkeep]\n|-damage|p1a: \u8702\u5973\u738b|90\/100|[from] Hail\n|-damage|p2a: Quagsire|89\/100|[from] Hail\n|-heal|p1a: \u8702\u5973\u738b|96\/100|[from] item: Leftovers\n|-heal|p2a: Quagsire|95\/100|[from] item: Leftovers\n|-sideend|p1: badslowking|move: Aurora Veil\n|upkeep\n|turn|40\n|\n|t:|1667113875\n|move|p1a: \u8702\u5973\u738b|Toxic|p2a: Quagsire|[miss]\n|-miss|p1a: \u8702\u5973\u738b|p2a: Quagsire\n|move|p2a: Quagsire|Scald|p1a: \u8702\u5973\u738b\n|-supereffective|p1a: \u8702\u5973\u738b\n|-damage|p1a: \u8702\u5973\u738b|64\/100\n|\n|-weather|none\n|-heal|p1a: \u8702\u5973\u738b|70\/100|[from] item: Leftovers\n|-heal|p2a: Quagsire|100\/100|[from] item: Leftovers\n|upkeep\n|turn|41\n|\n|t:|1667113879\n|switch|p2a: Corviknight|Corviknight, F|96\/100\n|-ability|p2a: Corviknight|Pressure\n|move|p1a: \u8702\u5973\u738b|U-turn|p2a: Corviknight\n|-resisted|p2a: Corviknight\n|-damage|p2a: Corviknight|92\/100\n|\n|t:|1667113892\n|switch|p1a: \u706b\u795e\u86fe|Volcanion|23\/100 tox|[from]move: U-turn\n|\n|-heal|p2a: Corviknight|98\/100|[from] item: Leftovers\n|-damage|p1a: \u706b\u795e\u86fe|17\/100 tox|[from] psn\n|upkeep\n|turn|42\n|\n|t:|1667113896\n|switch|p2a: Blissey|Blissey, F|100\/100\n|move|p1a: \u706b\u795e\u86fe|Flamethrower|p2a: Blissey\n|-damage|p2a: Blissey|74\/100\n|\n|-heal|p2a: Blissey|80\/100|[from] item: Leftovers\n|-damage|p1a: \u706b\u795e\u86fe|5\/100 tox|[from] psn\n|upkeep\n|turn|43\n|\n|t:|1667113902\n|switch|p1a: \u5df4\u5927\u8776|Tornadus-Therian, M|100\/100 tox\n|move|p2a: Blissey|Soft-Boiled|p2a: Blissey\n|-heal|p2a: Blissey|100\/100\n|\n|-damage|p1a: \u5df4\u5927\u8776|94\/100 tox|[from] psn\n|upkeep\n|turn|44\n|\n|t:|1667113909\n|switch|p2a: Toxapex|Toxapex, M|100\/100\n|move|p1a: \u5df4\u5927\u8776|Knock Off|p2a: Toxapex\n|-damage|p2a: Toxapex|92\/100\n|\n|-damage|p1a: \u5df4\u5927\u8776|82\/100 tox|[from] psn\n|upkeep\n|turn|45\n|\n|t:|1667113912\n|move|p1a: \u5df4\u5927\u8776|U-turn|p2a: Toxapex\n|-resisted|p2a: Toxapex\n|-damage|p2a: Toxapex|88\/100\n|\n|t:|1667113914\n|switch|p1a: \u9a91\u58eb\u8717\u725b|Corviknight, F|100\/100|[from]move: U-turn\n|-ability|p1a: \u9a91\u58eb\u8717\u725b|Pressure\n|move|p2a: Toxapex|Poison Jab|p1a: \u9a91\u58eb\u8717\u725b\n|-immune|p1a: \u9a91\u58eb\u8717\u725b\n|\n|upkeep\n|turn|46\n|\n|t:|1667113923\n|move|p1a: \u9a91\u58eb\u8717\u725b|U-turn|p2a: Toxapex\n|-resisted|p2a: Toxapex\n|-damage|p2a: Toxapex|84\/100\n|\n|t:|1667113924\n|switch|p1a: \u96ea\u7ed2\u86fe|Ninetales-Alola, F|46\/100 tox|[from]move: U-turn\n|-weather|Hail|[from] ability: Snow Warning|[of] p1a: \u96ea\u7ed2\u86fe\n|move|p2a: Toxapex|Knock Off|p1a: \u96ea\u7ed2\u86fe\n|-resisted|p1a: \u96ea\u7ed2\u86fe\n|-damage|p1a: \u96ea\u7ed2\u86fe|38\/100 tox\n|-enditem|p1a: \u96ea\u7ed2\u86fe|Icy Rock|[from] move: Knock Off|[of] p2a: Toxapex\n|\n|-weather|Hail|[upkeep]\n|-damage|p2a: Toxapex|78\/100|[from] Hail\n|-damage|p1a: \u96ea\u7ed2\u86fe|32\/100 tox|[from] psn\n|upkeep\n|turn|47\n|\n|t:|1667113928\n|move|p1a: \u96ea\u7ed2\u86fe|Pain Split|p2a: Toxapex\n|-sethp|p2a: Toxapex|57\/100|[from] move: Pain Split|[silent]\n|-sethp|p1a: \u96ea\u7ed2\u86fe|50\/100 tox|[from] move: Pain Split\n|move|p2a: Toxapex|Poison Jab|p1a: \u96ea\u7ed2\u86fe\n|-supereffective|p1a: \u96ea\u7ed2\u86fe\n|-damage|p1a: \u96ea\u7ed2\u86fe|3\/100 tox\n|\n|-weather|Hail|[upkeep]\n|-damage|p2a: Toxapex|51\/100|[from] Hail\n|-damage|p1a: \u96ea\u7ed2\u86fe|0 fnt|[from] psn\n|faint|p1a: \u96ea\u7ed2\u86fe\n|upkeep\n|\n|t:|1667113942\n|switch|p1a: \u7535\u8718\u86db|Arctozolt|45\/100 tox\n|turn|48\n|\n|t:|1667113951\n|switch|p2a: Quagsire|Quagsire, M|100\/100\n|move|p1a: \u7535\u8718\u86db|Blizzard|p2a: Quagsire\n|-damage|p2a: Quagsire|62\/100\n|\n|-weather|Hail|[upkeep]\n|-damage|p2a: Quagsire|56\/100|[from] Hail\n|-heal|p2a: Quagsire|62\/100|[from] item: Leftovers\n|-damage|p1a: \u7535\u8718\u86db|39\/100 tox|[from] psn\n|upkeep\n|turn|49\n|\n|t:|1667113958\n|switch|p1a: \u5df4\u5927\u8776|Tornadus-Therian, M|100\/100 tox\n|move|p2a: Quagsire|Recover|p2a: Quagsire\n|-heal|p2a: Quagsire|100\/100\n|\n|-weather|Hail|[upkeep]\n|-damage|p1a: \u5df4\u5927\u8776|94\/100 tox|[from] Hail\n|-damage|p2a: Quagsire|94\/100|[from] Hail\n|-heal|p2a: Quagsire|100\/100|[from] item: Leftovers\n|-damage|p1a: \u5df4\u5927\u8776|88\/100 tox|[from] psn\n|upkeep\n|turn|50\n|\n|t:|1667113962\n|switch|p2a: Toxapex|Toxapex, M|85\/100\n|move|p1a: \u5df4\u5927\u8776|Weather Ball|p2a: Toxapex\n|-resisted|p2a: Toxapex\n|-damage|p2a: Toxapex|74\/100\n|\n|-weather|Hail|[upkeep]\n|-damage|p1a: \u5df4\u5927\u8776|82\/100 tox|[from] Hail\n|-damage|p2a: Toxapex|68\/100|[from] Hail\n|-damage|p1a: \u5df4\u5927\u8776|70\/100 tox|[from] psn\n|upkeep\n|turn|51\n|\n|t:|1667113966\n|move|p1a: \u5df4\u5927\u8776|U-turn|p2a: Toxapex\n|-resisted|p2a: Toxapex\n|-damage|p2a: Toxapex|64\/100\n|\n|t:|1667113972\n|switch|p1a: \u7535\u8718\u86db|Arctozolt|39\/100 tox|[from]move: U-turn\n|move|p2a: Toxapex|Recover|p2a: Toxapex\n|-heal|p2a: Toxapex|100\/100\n|\n|-weather|Hail|[upkeep]\n|-damage|p2a: Toxapex|95\/100|[from] Hail\n|-damage|p1a: \u7535\u8718\u86db|33\/100 tox|[from] psn\n|upkeep\n|turn|52\n|\n|t:|1667113976\n|switch|p2a: Quagsire|Quagsire, M|100\/100\n|move|p1a: \u7535\u8718\u86db|Blizzard|p2a: Quagsire\n|-damage|p2a: Quagsire|65\/100\n|\n|-weather|Hail|[upkeep]\n|-damage|p2a: Quagsire|59\/100|[from] Hail\n|-heal|p2a: Quagsire|65\/100|[from] item: Leftovers\n|-damage|p1a: \u7535\u8718\u86db|20\/100 tox|[from] psn\n|upkeep\n|turn|53\n|\n|t:|1667113980\n|move|p1a: \u7535\u8718\u86db|Blizzard|p2a: Quagsire\n|-damage|p2a: Quagsire|24\/100\n|move|p2a: Quagsire|Recover|p2a: Quagsire\n|-heal|p2a: Quagsire|74\/100\n|\n|-weather|none\n|-heal|p2a: Quagsire|80\/100|[from] item: Leftovers\n|-damage|p1a: \u7535\u8718\u86db|2\/100 tox|[from] psn\n|upkeep\n|turn|54\n|-message|badslowking forfeited.\n|\n|win|EEEEEvolto\n|l|\u2606badslowking\n|l|\u2606EEEEEvolto\n|j|\u2606EEEEEvolto\n|player|p2|EEEEEvolto|eeeeevolto.png\n|l|\u2606EEEEEvolto\n|player|p2|\n|j|\u2606badslowking\n|player|p1|badslowking|lusamine-nihilego\n","uploadtime":1667114090,"views":21,"p1id":"badslowking","p2id":"eeeeevolto","formatid":"gen8ou","rating":0,"private":0,"password":null}