{"id":"doublesou-335608319","p1":"HauntersNightmare","p2":"Majore D Mawile","format":"doublesou","log":"|j|HauntersNightmare\n|j|Majore D Mawile\n|player|p1|HauntersNightmare|153\n|player|p2|Majore D Mawile|1\n|gametype|doubles\n|gen|6\n|tier|Doubles OU\n|rated\n|seed|\n|clearpoke\n|poke|p1|Kangaskhan, F|item\n|poke|p1|Bisharp, M|item\n|poke|p1|Amoonguss, F|item\n|poke|p1|Thundurus, M|item\n|poke|p1|Landorus-Therian, M|item\n|poke|p1|Keldeo|item\n|poke|p2|Houndoom, M|item\n|poke|p2|Landorus-Therian, M|item\n|poke|p2|Jirachi|item\n|poke|p2|Milotic, F|item\n|poke|p2|Terrakion|item\n|poke|p2|Aegislash, M|item\n|rule|Species Clause: Limit one of each Pok\u00e9mon\n|rule|OHKO Clause: OHKO moves are banned\n|rule|Moody Clause: Moody is banned\n|rule|Evasion Abilities Clause: Evasion abilities are banned\n|rule|Evasion Moves Clause: Evasion moves are banned\n|rule|Endless Battle Clause: Forcing endless battles is banned\n|rule|HP Percentage Mod: HP is shown in percentages\n|teampreview\n|choice||\n|\n|start\n|switch|p1a: Landorus|Landorus-Therian, M|100\/100\n|switch|p1b: Thundurus|Thundurus, M|100\/100\n|switch|p2a: Milotic|Milotic, F|100\/100\n|switch|p2b: Jirachi|Jirachi|100\/100\n|-ability|p1a: Landorus|Intimidate|boost\n|-unboost|p2a: Milotic|atk|1\n|-ability|p2a: Milotic|Competitive|boost\n|-boost|p2a: Milotic|spa|2\n|-unboost|p2b: Jirachi|atk|1\n|turn|1\n|choice||\n|\n|switch|p2b: Landorus|Landorus-Therian, M|100\/100\n|-ability|p2b: Landorus|Intimidate|boost\n|-unboost|p1a: Landorus|atk|1\n|-unboost|p1b: Thundurus|atk|1\n|move|p2a: Milotic|Protect|p2a: Milotic\n|-singleturn|p2a: Milotic|Protect\n|move|p1a: Landorus|Earthquake|p2a: Milotic\n|-immune|p1b: Thundurus|[msg]\n|-activate|p2a: Milotic|Protect\n|-immune|p2b: Landorus|[msg]\n|move|p1b: Thundurus|Thunderbolt|p2a: Milotic\n|-activate|p2a: Milotic|Protect\n|\n|turn|2\n|choice||\n|\n|move|p1a: Landorus|Earthquake|p2b: Landorus\n|-immune|p1b: Thundurus|[msg]\n|-damage|p2a: Milotic|77\/100\n|-immune|p2b: Landorus|[msg]\n|move|p2b: Landorus|Imprison|p2b: Landorus\n|-start|p2b: Landorus|move: Imprison\n|move|p1b: Thundurus|Thunderbolt|p2a: Milotic\n|-supereffective|p2a: Milotic\n|-damage|p2a: Milotic|25\/100\n|-status|p2a: Milotic|par\n|-enditem|p2a: Milotic|Maranga Berry|[eat]\n|-boost|p2a: Milotic|spd|1\n|move|p2a: Milotic|Ice Beam|p1b: Thundurus\n|-supereffective|p1b: Thundurus\n|-damage|p1b: Thundurus|22\/100\n|-enditem|p1b: Thundurus|Sitrus Berry|[eat]\n|-heal|p1b: Thundurus|47\/100|[from] item: Sitrus Berry\n|\n|turn|3\n|c|\u2605HauntersNightmare|woah\n|c|\u2605HauntersNightmare|no cancel\n|c|\u2605HauntersNightmare|?\n|c|\u2605HauntersNightmare|hm\n|choice||\n|\n|switch|p1a: Bisharp|Bisharp, M|100\/100\n|move|p2b: Landorus|Rock Slide|p1b: Thundurus\n|-resisted|p1a: Bisharp\n|-damage|p1a: Bisharp|83\/100\n|-supereffective|p1b: Thundurus\n|-damage|p1b: Thundurus|0 fnt\n|-damage|p2b: Landorus|91\/100|[from] item: Life Orb\n|faint|p1b: Thundurus\n|move|p2a: Milotic|Recover|p2a: Milotic\n|-heal|p2a: Milotic|75\/100 par\n|\n|choice||\n|\n|switch|p1b: Kangaskhan|Kangaskhan, F|100\/100\n|turn|4\n|choice||\n|\n|switch|p2b: Terrakion|Terrakion|100\/100\n|detailschange|p1b: Kangaskhan|Kangaskhan-Mega, F\n|-mega|p1b: Kangaskhan|Kangaskhan|Kangaskhanite\n|move|p2a: Milotic|Protect|p2a: Milotic\n|-singleturn|p2a: Milotic|Protect\n|move|p1a: Bisharp|Sucker Punch|p2b: Terrakion\n|-fail|p1a: Bisharp\n|move|p1b: Kangaskhan|Return|p2a: Milotic\n|-activate|p2a: Milotic|Protect\n|\n|turn|5\n|choice||\n|\n|switch|p1b: Landorus|Landorus-Therian, M|100\/100\n|-ability|p1b: Landorus|Intimidate|boost\n|-unboost|p2a: Milotic|atk|1\n|-ability|p2a: Milotic|Competitive|boost\n|-boost|p2a: Milotic|spa|2\n|-unboost|p2b: Terrakion|atk|1\n|move|p2b: Terrakion|Close Combat|p1b: Landorus\n|-resisted|p1b: Landorus\n|-damage|p1b: Landorus|78\/100\n|-unboost|p2b: Terrakion|def|1\n|-unboost|p2b: Terrakion|spd|1\n|move|p1a: Bisharp|Iron Head|p2b: Terrakion\n|-supereffective|p2b: Terrakion\n|-enditem|p2b: Terrakion|Focus Sash\n|-damage|p2b: Terrakion|1\/100\n|cant|p2a: Milotic|par\n|\n|turn|6\n|choice||\n|\n|switch|p1a: Keldeo|Keldeo|100\/100\n|move|p2b: Terrakion|Quick Guard|p2b: Terrakion\n|-singleturn|p2b: Terrakion|Quick Guard\n|move|p1b: Landorus|U-turn|p2b: Terrakion\n|-resisted|p2b: Terrakion\n|-damage|p2b: Terrakion|0 fnt\n|faint|p2b: Terrakion\n|choice||\n|\n|switch|p1b: Kangaskhan|Kangaskhan-Mega, F|100\/100\n|move|p2a: Milotic|Scald|p1b: Kangaskhan\n|-damage|p1b: Kangaskhan|23\/100\n|\n|choice||\n|\n|switch|p2b: Aegislash|Aegislash, M|100\/100\n|turn|7\n|choice||\n|\n|switch|p2b: Jirachi|Jirachi|100\/100\n|move|p2a: Milotic|Protect|p2a: Milotic\n|-singleturn|p2a: Milotic|Protect\n|move|p1a: Keldeo|Secret Sword|p2a: Milotic\n|-activate|p2a: Milotic|Protect\n|move|p1b: Kangaskhan|Return|p2a: Milotic\n|-activate|p2a: Milotic|Protect\n|\n|turn|8\n|choice||\n|\n|move|p2b: Jirachi|Follow Me|p2b: Jirachi\n|-start|p2b: Jirachi|move: Follow Me\n|move|p1b: Kangaskhan|Sucker Punch|p2b: Jirachi\n|-fail|p1b: Kangaskhan\n|move|p1a: Keldeo|Secret Sword|p2a: Milotic\n|-damage|p2b: Jirachi|53\/100\n|-damage|p1a: Keldeo|91\/100|[from] item: Life Orb\n|cant|p2a: Milotic|par\n|\n|turn|9\n|choice||\n|\n|move|p1a: Keldeo|Quick Guard|p1a: Keldeo\n|-singleturn|p1a: Keldeo|Quick Guard\n|move|p2b: Jirachi|Follow Me|p2b: Jirachi\n|-start|p2b: Jirachi|move: Follow Me\n|move|p1b: Kangaskhan|Return|p2a: Milotic\n|-resisted|p2b: Jirachi\n|-damage|p2b: Jirachi|31\/100\n|-enditem|p2b: Jirachi|Sitrus Berry|[eat]\n|-heal|p2b: Jirachi|56\/100|[from] item: Sitrus Berry\n|-resisted|p2b: Jirachi\n|-damage|p2b: Jirachi|46\/100\n|-hitcount|p2b: Jirachi|2\n|move|p2a: Milotic|Scald|p1b: Kangaskhan\n|-damage|p1b: Kangaskhan|0 fnt\n|faint|p1b: Kangaskhan\n|\n|choice||\n|\n|switch|p1b: Amoonguss|Amoonguss, F|100\/100\n|turn|10\n|choice||\n|\n|move|p1b: Amoonguss|Rage Powder|p1b: Amoonguss\n|-start|p1b: Amoonguss|move: Rage Powder\n|move|p1a: Keldeo|Secret Sword|p2a: Milotic\n|-damage|p2a: Milotic|31\/100 par\n|-damage|p1a: Keldeo|81\/100|[from] item: Life Orb\n|move|p2b: Jirachi|Icy Wind|p1a: Keldeo\n|-resisted|p1a: Keldeo\n|-damage|p1a: Keldeo|75\/100\n|-unboost|p1a: Keldeo|spe|1\n|-supereffective|p1b: Amoonguss\n|-damage|p1b: Amoonguss|87\/100\n|-unboost|p1b: Amoonguss|spe|1\n|move|p2a: Milotic|Ice Beam|p1b: Amoonguss\n|-supereffective|p1b: Amoonguss\n|-damage|p1b: Amoonguss|0 fnt\n|faint|p1b: Amoonguss\n|\n|choice||\n|\n|switch|p1b: Landorus|Landorus-Therian, M|78\/100\n|-ability|p1b: Landorus|Intimidate|boost\n|-unboost|p2a: Milotic|atk|1\n|-ability|p2a: Milotic|Competitive|boost\n|-boost|p2a: Milotic|spa|2\n|-unboost|p2b: Jirachi|atk|1\n|turn|11\n|choice||\n|\n|move|p2a: Milotic|Protect|p2a: Milotic\n|-singleturn|p2a: Milotic|Protect\n|move|p1b: Landorus|U-turn|p2a: Milotic\n|-activate|p2a: Milotic|Protect\n|move|p2b: Jirachi|Icy Wind|p1b: Landorus\n|-resisted|p1a: Keldeo\n|-damage|p1a: Keldeo|70\/100\n|-unboost|p1a: Keldeo|spe|1\n|-supereffective|p1b: Landorus\n|-damage|p1b: Landorus|37\/100\n|-unboost|p1b: Landorus|spe|1\n|move|p1a: Keldeo|Secret Sword|p2a: Milotic\n|-activate|p2a: Milotic|Protect\n|\n|turn|12\n|choice||\n|\n|move|p2b: Jirachi|Follow Me|p2b: Jirachi\n|-start|p2b: Jirachi|move: Follow Me\n|move|p1b: Landorus|U-turn|p2a: Milotic\n|-damage|p2b: Jirachi|23\/100\n|choice||\n|\n|switch|p1b: Bisharp|Bisharp, M|83\/100\n|move|p1a: Keldeo|Secret Sword|p2a: Milotic\n|-damage|p2b: Jirachi|0 fnt\n|-damage|p1a: Keldeo|61\/100|[from] item: Life Orb\n|faint|p2b: Jirachi\n|move|p2a: Milotic|Scald|p1a: Keldeo\n|-resisted|p1a: Keldeo\n|-damage|p1a: Keldeo|0 fnt\n|faint|p1a: Keldeo\n|\n|choice||\n|\n|switch|p1a: Landorus|Landorus-Therian, M|37\/100\n|switch|p2b: Aegislash|Aegislash, M|100\/100\n|-ability|p1a: Landorus|Intimidate|boost\n|-unboost|p2a: Milotic|atk|1\n|-unboost|p2b: Aegislash|atk|1\n|turn|13\n|choice||\n|\n|move|p1b: Bisharp|Protect|p1b: Bisharp\n|-singleturn|p1b: Bisharp|Protect\n|move|p2b: Aegislash|Wide Guard|p2b: Aegislash\n|-singleturn|p2b: Aegislash|Wide Guard\n|move|p1a: Landorus|Earthquake|p2b: Aegislash\n|-activate|p1b: Bisharp|Protect\n|-activate|p2a: Milotic|Wide Guard\n|-activate|p2b: Aegislash|Wide Guard\n|cant|p2a: Milotic|par\n|\n|turn|14\n|-message|HauntersNightmare forfeited.\n|\n|win|Majore D Mawile\n|player|p1\n|player|p2\n|l|HauntersNightmare\n|raw|HauntersNightmare's rating: 1244 &rarr; <strong>1229<\/strong><br \/>(-15 for losing)\n|raw|Majore D Mawile's rating: 1384 &rarr; <strong>1396<\/strong><br \/>(+12 for winning)","inputlog":null,"uploadtime":1456372955,"views":0,"p1id":"hauntersnightmare","p2id":"majoredmawile","formatid":"doublesou","rating":1229,"private":0,"password":null}