{"id":"doublesou-232753081","p1":"Electrolyte","p2":"finally","format":"doublesou","log":"|join|Electrolyte\n|join|finally\n|player|p1|Electrolyte|212\n|player|p2|finally|223\n|gametype|doubles\n|gen|6\n|tier|Doubles OU\n|clearpoke\n|poke|p1|Venusaur, M\n|poke|p1|Keldeo\n|poke|p1|Landorus-Therian, M\n|poke|p1|Heatran, M\n|poke|p1|Hydreigon, M\n|poke|p1|Genesect-*\n|poke|p2|Kangaskhan, F\n|poke|p2|Aegislash, M\n|poke|p2|Landorus-Therian, M\n|poke|p2|Hydreigon, M\n|poke|p2|Keldeo-Resolute\n|poke|p2|Shaymin-Sky\n|rule|Species Clause: Limit one of each Pok\u00e9mon\n|rule|OHKO Clause: OHKO moves are banned\n|rule|Moody Clause: Moody is banned\n|rule|Evasion Abilities Clause: Evasion abilities are banned\n|rule|Evasion Moves Clause: Evasion moves are banned\n|rule|Endless Battle Clause: Forcing endless battles is banned\n|rule|HP Percentage Mod: HP is shown in percentages\n|teampreview\n|c|\u2605finally|please go a little bit faster\n|c|\u2605Electrolyte|sorry\n|c|\u2605Electrolyte|i tend to take a while\n|join|Haruno\n|join|socal so good\n|join|Lasagne\n|join|dhrbvvd\n|join|eleceus\n|join|Dilwarr\n|join|Hashtag Smogon\n|join|TFC\n|join|SpaceBass\n|join|KILL OPTIC KILL\n|join|blame onix\n|\n|start\n|switch|p1a: Edward|Keldeo|324\/324\n|switch|p1b: Jo|Genesect|283\/283\n|switch|p2a: kendrick|Keldeo-Resolute|323\/323\n|switch|p2b: st. jude|Kangaskhan, F|351\/351\n|-boost|p1b: Jo|atk|1|[from] ability: Download\n|turn|1\n|join|kamikaze17\n|join|TAPE\n|join|Stratos\n|join|n10sit\n|join|mouse de frank\n|leave|Dilwarr\n|join|Nido-Rus\n|c| Haruno|uh\n|c| Haruno|timer?\n|\n|detailschange|p2b: st. jude|Kangaskhan-Mega, F\n|-mega|p2b: st. jude|Kangaskhan|Kangaskhanite\n|move|p2b: st. jude|Fake Out|p1a: Edward\n|-damage|p1a: Edward|240\/324\n|-damage|p1a: Edward|197\/324\n|-hitcount|p1a: Edward|2\n|move|p1b: Jo|Iron Head|p2b: st. jude\n|-damage|p2b: st. jude|138\/351\n|move|p2a: kendrick|Scald|p1b: Jo\n|-damage|p1b: Jo|72\/283\n|-damage|p2a: kendrick|291\/323|[from] item: Life Orb\n|cant|p1a: Edward|flinch\n|\n|turn|2\n|c| TAPE|\"please go a little faster\"\n|c| TAPE|*first turn takes 5 minutes*\n|join|Taylor Sweepft\n|c|+Stratos|this is why we use hydro pump boys\n|c|\u2605Electrolyte|lol\n|c| Haruno|does ss ko keldeo\n|c| Haruno|at this range\n|c|@TFC|yes\n|c|+Stratos|after LO im sure\n|c|+Stratos|before its prob a roll\n|\n|switch|p1b: Ted|Venusaur, M|364\/364\n|switch|p2b: earl sweatshirt|Aegislash, M|320\/320\n|move|p1a: Edward|Protect|p1a: Edward\n|-singleturn|p1a: Edward|Protect\n|move|p2a: kendrick|Secret Sword|p1a: Edward\n|-activate|p1a: Edward|Protect\n|\n|turn|3\n|join|KyleCole\n|c| KyleCole|what dis\n|c| KyleCole|OH\n|c| Haruno|G3\n|c| Haruno|of invites\n|c| Hashtag Smogon|boiii\n|c| KyleCole|G O F L A N\n|c|\u2605Electrolyte|G3 of BW Singles\n|c|\u2605Electrolyte|mini seasonals\n|c| Haruno|this is the like the warm up game\n|c| TAPE|\uff27\uff2f\u2606\uff26\uff2c\uff21\uff2e\n|c| Haruno|before the main attraction\n|c|+Stratos|[20:28] +finally: help me my hair is growing white\n|c| Haruno|that is tfc vs pwne\n|c| KyleCole|\uff27\uff2f\u2606\uff26\uff2c\uff21\uff2e\n|c| KyleCole|\uff27\uff2f\u2606\uff26\uff2c\uff21\uff2e\n|c| KyleCole|\uff27\uff2f\u2606\uff26\uff2c\uff21\uff2e\n|c| KyleCole|\uff27\uff2f\u2606\uff26\uff2c\uff21\uff2e\n|c| KyleCole|\uff27\uff2f\u2606\uff26\uff2c\uff21\uff2e\n|c| KyleCole|\uff27\uff2f\u2606\uff26\uff2c\uff21\uff2e\n|c| TAPE|\uff27\uff2f\u2606\uff26\uff2c\uff21\uff2e\n|c|+Stratos|20:28] +finally: help me my hair is growing white\n|c| TAPE|\uff27\uff2f\u2606\uff26\uff2c\uff21\uff2e\n|c| KyleCole|\uff27\uff2f\u2606\uff26\uff2c\uff21\uff2e\n|c|\u2605Electrolyte|wow\n|join|flanboy\n|c|\u2605Electrolyte|i cant even mute in here\n|c|\u2605Electrolyte|wtf\n|c| Hashtag Smogon|ily elyte\n|raw|<div class=\"broadcast-red\"><b>Moderated chat was set to +!<\/b><br \/>Only users of rank + and higher can talk.<\/div>\nHashtag Smogon was promoted to Room Voice by Electrolyte.\n|c|+Stratos|20:28] +finally: help me my hair is growing white\n|c|@TFC|go me\n|leave|flanboy\n|c|\u2605Electrolyte|the only ones worth listening to tbh\n|c|+Hashtag Smogon|i cant root for these ppl to lose :{\n|join|flanboy\n|\n|switch|p1a: Luke|Landorus-Therian, M|381\/381\n|-ability|p1a: Luke|Intimidate|[of] p2a: kendrick\n|-unboost|p2a: kendrick|atk|1\n|-ability|p1a: Luke|Intimidate|[of] p2b: earl sweatshirt\n|-unboost|p2b: earl sweatshirt|atk|1\n|detailschange|p1b: Ted|Venusaur-Mega, M\n|-mega|p1b: Ted|Venusaur|Venusaurite\n|move|p2a: kendrick|Secret Sword|p1a: Luke\n|-resisted|p1a: Luke\n|-damage|p1a: Luke|290\/381\n|-damage|p2a: kendrick|259\/323|[from] item: Life Orb\n|move|p1b: Ted|Sludge Bomb|p2a: kendrick\n|-damage|p2a: kendrick|118\/323\n|-formechange|p2b: earl sweatshirt|Aegislash-Blade\n|move|p2b: earl sweatshirt|Shadow Ball|p1b: Ted\n|-damage|p1b: Ted|223\/364\n|\n|turn|4\n|join|Latias is Waifu\n|join|SeanTheShrooms\n|\n|move|p2a: kendrick|Protect|p2a: kendrick\n|-singleturn|p2a: kendrick|Protect\n|-formechange|p2b: earl sweatshirt|Aegislash\n|move|p2b: earl sweatshirt|King's Shield|p2b: earl sweatshirt\n|-singleturn|p2b: earl sweatshirt|Protect\n|move|p1a: Luke|Rock Slide|p2b: earl sweatshirt\n|-activate|p2a: kendrick|Protect\n|-activate|p2b: earl sweatshirt|Protect\n|move|p1b: Ted|Giga Drain|p2a: kendrick\n|-activate|p2a: kendrick|Protect\n|\n|turn|5\n|join|qsns\n|join|Zer0SkillSamus\n|leave|SeanTheShrooms\n|join|Conradtheawesome\n|\n|move|p1a: Luke|Protect|p1a: Luke\n|-singleturn|p1a: Luke|Protect\n|move|p2a: kendrick|Secret Sword|p1a: Luke\n|-activate|p1a: Luke|Protect\n|move|p1b: Ted|Giga Drain|p2a: kendrick\n|-supereffective|p2a: kendrick\n|-damage|p2a: kendrick|0 fnt\n|-heal|p1b: Ted|282\/364|[from] drain|[of] p2a: kendrick\n|faint|p2a: kendrick\n|-formechange|p2b: earl sweatshirt|Aegislash-Blade\n|move|p2b: earl sweatshirt|Shadow Ball|p1a: Luke\n|-activate|p1a: Luke|Protect\n|\n|c|\u2605Electrolyte|the set reveal\n|c|\u2605Electrolyte|kek\n|c|+Hashtag Smogon|@_@\n|c|+Hashtag Smogon|damn son\n|join|Sword & Scuti\n|leave|Conradtheawesome\n|c|+Stratos|tryna catch him slipping\n|\n|switch|p2a: CHERRY BOMB|Shaymin-Sky|341\/341\n|turn|6\n|c|\u2605Electrolyte|yeah well\n|c|\u2605Electrolyte|the first one to fuck up loses\n|c|+Hashtag Smogon|that was a real as fuck rock slide\n|c|+Hashtag Smogon|make him think youre lockin in\n|c|\u2605Electrolyte|thnx\n|c|\u2605Electrolyte|i was trying to impress u guys B)\n|c|+Stratos|that was a 10\/10 bluff\n|c|+Hashtag Smogon|ya\n|c|\u2605Electrolyte|skymin owns :(\n|c|\u2605Electrolyte|i was hoping to catch it on the siwtch in\n|\n|switch|p1a: Marcus|Hydreigon, M|379\/379\n|switch|p1b: Ben|Heatran, M|368\/368\n|switch|p2b: mumm-ra|Landorus-Therian, M|319\/319\n|-ability|p2b: mumm-ra|Intimidate|[of] p1a: Marcus\n|-unboost|p1a: Marcus|atk|1\n|-ability|p2b: mumm-ra|Intimidate|[of] p1b: Ben\n|-unboost|p1b: Ben|atk|1\n|move|p2a: CHERRY BOMB|Air Slash|p1b: Ben\n|-resisted|p1b: Ben\n|-damage|p1b: Ben|307\/368\n|\n|-heal|p1b: Ben|330\/368|[from] item: Leftovers\n|turn|7\n|join|SeanTheShrooms\n|leave|blame onix\n|leave|SeanTheShrooms\n|c|\u2605Electrolyte|btw\n|c|\u2605Electrolyte|for what it's worth\n|c|\u2605Electrolyte|now i feel really dumb not advocating for sash skymin\n|c|\u2605Electrolyte|x.x\n|c|+Stratos|:D\n|join|13ulbasaur\n|c|+Stratos|its best skymin na\n|c|\u2605Electrolyte|y\n|c|\u2605Electrolyte|and timid\n|c|+Stratos|fucking told u\n|c|\u2605Electrolyte|;\n|\n|switch|p1b: Luke|Landorus-Therian, M|290\/381\n|-ability|p1b: Luke|Intimidate|[of] p2a: CHERRY BOMB\n|-unboost|p2a: CHERRY BOMB|atk|1\n|-ability|p1b: Luke|Intimidate|[of] p2b: mumm-ra\n|-unboost|p2b: mumm-ra|atk|1\n|move|p1a: Marcus|Protect|p1a: Marcus\n|-singleturn|p1a: Marcus|Protect\n|move|p2b: mumm-ra|Superpower|p1a: Marcus\n|-activate|p1a: Marcus|Protect\n|move|p2a: CHERRY BOMB|Air Slash|p1a: Marcus\n|-activate|p1a: Marcus|Protect\n|\n|turn|8\n|\n|switch|p2b: earl sweatshirt|Aegislash, M|320\/320\n|move|p2a: CHERRY BOMB|Air Slash|p1b: Luke\n|-damage|p1b: Luke|155\/381\n|-enditem|p1b: Luke|Sitrus Berry|[eat]\n|-heal|p1b: Luke|250\/381|[from] item: Sitrus Berry\n|move|p1a: Marcus|Tailwind|p1a: Marcus\n|-sidestart|p1: Electrolyte|move: Tailwind\n|cant|p1b: Luke|flinch\n|\n|turn|9\n|c|\u2605Electrolyte|fak da flinch\n|\n|move|p2a: CHERRY BOMB|Protect|p2a: CHERRY BOMB\n|-singleturn|p2a: CHERRY BOMB|Protect\n|move|p2b: earl sweatshirt|King's Shield|p2b: earl sweatshirt\n|-singleturn|p2b: earl sweatshirt|Protect\n|move|p1a: Marcus|Dark Pulse|p2a: CHERRY BOMB\n|-activate|p2a: CHERRY BOMB|Protect\n|move|p1b: Luke|Knock Off|p2b: earl sweatshirt\n|-activate|p2b: earl sweatshirt|Protect\n|-unboost|p1b: Luke|atk|2\n|\n|turn|10\n|c|\u2605Electrolyte|fuck ur hax\n|c|+Stratos|rekt kiddo\n|c|\u2605Electrolyte|:(\n|\n|switch|p1b: Ben|Heatran, M|330\/368\n|switch|p2a: aesop rock|Hydreigon, M|325\/325\n|move|p1a: Marcus|Dark Pulse|p2a: aesop rock\n|-resisted|p2a: aesop rock\n|-damage|p2a: aesop rock|228\/325\n|-damage|p1a: Marcus|342\/379|[from] item: Life Orb\n|-formechange|p2b: earl sweatshirt|Aegislash-Blade\n|move|p2b: earl sweatshirt|Shadow Ball|p1b: Ben\n|-damage|p1b: Ben|167\/368\n|\n|-heal|p1b: Ben|190\/368|[from] item: Leftovers\n|turn|11\n|c|\u2605Electrolyte|power\n|join|shrop05\n|\n|move|p2a: aesop rock|Protect|p2a: aesop rock\n|-singleturn|p2a: aesop rock|Protect\n|-formechange|p2b: earl sweatshirt|Aegislash\n|move|p2b: earl sweatshirt|King's Shield|p2b: earl sweatshirt\n|-singleturn|p2b: earl sweatshirt|Protect\n|move|p1a: Marcus|Draco Meteor|p2a: aesop rock\n|-activate|p2a: aesop rock|Protect\n|move|p1b: Ben|Substitute|p1b: Ben\n|-start|p1b: Ben|Substitute\n|-damage|p1b: Ben|98\/368\n|\n|-heal|p1b: Ben|121\/368|[from] item: Leftovers\n|-sideend|p1: Electrolyte|move: Tailwind\n|turn|12\n|\n|move|p2a: aesop rock|Tailwind|p2a: aesop rock\n|-sidestart|p2: finally|move: Tailwind\n|move|p1a: Marcus|Tailwind|p1a: Marcus\n|-sidestart|p1: Electrolyte|move: Tailwind\n|move|p1b: Ben|Heat Wave|p2b: earl sweatshirt\n|-miss|p1b: Ben|p2a: aesop rock\n|-supereffective|p2b: earl sweatshirt\n|-enditem|p2b: earl sweatshirt|Occa Berry|[eat]\n|-damage|p2b: earl sweatshirt|218\/320\n|-formechange|p2b: earl sweatshirt|Aegislash-Blade\n|move|p2b: earl sweatshirt|Shadow Ball|p1b: Ben\n|-end|p1b: Ben|Substitute\n|\n|-heal|p1b: Ben|144\/368|[from] item: Leftovers\n|turn|13\n|c|\u2605Electrolyte|lol speed tie\n|c|\u2605Electrolyte|or maybe not\n|c|\u2605Electrolyte|maybe u creeped\n|c|\u2605Electrolyte|crepepr\n|join|GO\u2606FLAN\n|\n|switch|p1a: Ted|Venusaur-Mega, M|282\/364\n|move|p1b: Ben|Protect|p1b: Ben\n|-singleturn|p1b: Ben|Protect\n|move|p2b: earl sweatshirt|Shadow Sneak|p1b: Ben\n|-activate|p1b: Ben|Protect\n|move|p2a: aesop rock|Draco Meteor|p1a: Ted|[miss]\n|-miss|p2a: aesop rock|p1a: Ted\n|\n|-heal|p1b: Ben|167\/368|[from] item: Leftovers\n|turn|14\n|c|\u2605Electrolyte|sorry for miss :(\n|c|+Stratos|mrw occa berryd\n|c|\u2605Electrolyte|ikr???\n|\n|move|p2a: aesop rock|Dark Pulse|p1b: Ben\n|-damage|p1b: Ben|0 fnt\n|-damage|p2a: aesop rock|196\/325|[from] item: Life Orb\n|faint|p1b: Ben\n|move|p1a: Ted|Sleep Powder|p2b: earl sweatshirt\n|-status|p2b: earl sweatshirt|slp\n|cant|p2b: earl sweatshirt|slp\n|\n|join|Azelf AV\n|c|+Stratos|this set has gone over an hour\n|c|+Stratos|@_____@\n|c|\u2605Electrolyte|ik\n|\n|switch|p1b: Jo|Genesect|72\/283\n|-boost|p1b: Jo|atk|1|[from] ability: Download\n|turn|15\n|c|\u2605Electrolyte|and i still have work to do\n|c|\u2605Electrolyte|but pokemon first, always\n|join|tzzt\n|c|+Stratos|i have a final paper due tomorrow at 5 pm and i havent started it yet\n|c|+Stratos|fuck you cucs\n|c|+Hashtag Smogon|i have shit due at midnight\n|c|+Hashtag Smogon|fuck everyone\n|\n|switch|p1a: Marcus|Hydreigon, M|342\/379\n|move|p2a: aesop rock|Protect|p2a: aesop rock\n|-singleturn|p2a: aesop rock|Protect\n|-formechange|p2b: earl sweatshirt|Aegislash\n|cant|p2b: earl sweatshirt|slp\n|move|p1b: Jo|Iron Head|p2a: aesop rock\n|-activate|p2a: aesop rock|Protect\n|\n|-sideend|p2: finally|move: Tailwind\n|-sideend|p1: Electrolyte|move: Tailwind\n|turn|16\n|c|\u2605Electrolyte|arent u a bundle of sunshine today\n|c|\u2605Electrolyte|if that aegi wakes up\n|c|\u2605Electrolyte|im gonna rage\n|join|lolpolpol\n|c|+Stratos|On 5\/14\/15, at 8:46 PM, Sprouts wrote:\n|c|+Stratos|> tell elytes ghoster to hurry up\n|c|+Stratos|u heard the man\n|c|\u2605Electrolyte|let  me just say\n|c|\u2605Electrolyte|im not a man w\/ a very fast finish\n|c|\u2605Electrolyte|B)\n|c|+Stratos|[5\/14\/15, 8:46:45 PM] michael Shropshire: both of these teams auto lose to TR\n|c|+Stratos|[5\/14\/15, 8:47:03 PM] Sprouts: what is tr?\n|c|+Stratos|[5\/14\/15, 8:47:05 PM] Sprouts: TimeR?\n|\n|switch|p2b: mumm-ra|Landorus-Therian, M|319\/319\n|-ability|p2b: mumm-ra|Intimidate|[of] p1a: Marcus\n|-unboost|p1a: Marcus|atk|1\n|-ability|p2b: mumm-ra|Intimidate|[of] p1b: Jo\n|-unboost|p1b: Jo|atk|1\n|move|p1b: Jo|Iron Head|p2a: aesop rock\n|-damage|p2a: aesop rock|25\/325\n|move|p2a: aesop rock|Draco Meteor|p1a: Marcus\n|-supereffective|p1a: Marcus\n|-damage|p1a: Marcus|0 fnt\n|-unboost|p2a: aesop rock|spa|2\n|-damage|p2a: aesop rock|0 fnt|[from] item: Life Orb\n|faint|p1a: Marcus\n|faint|p2a: aesop rock\n|\n|c|+Stratos|5\/14\/15, 8:46:45 PM] michael Shropshire: both of these teams auto lose to TR\n|c|+Stratos|5\/14\/15, 8:47:03 PM] Sprouts: what is tr?\n|c|+Stratos|5\/14\/15, 8:47:05 PM] Sprouts: TimeR?\n|c|\u2605Electrolyte|nice\n|leave|tzzt\n|\n|switch|p1a: Luke|Landorus-Therian, M|250\/381\n|switch|p2a: CHERRY BOMB|Shaymin-Sky|341\/341\n|-ability|p1a: Luke|Intimidate|[of] p2a: CHERRY BOMB\n|-unboost|p2a: CHERRY BOMB|atk|1\n|-ability|p1a: Luke|Intimidate|[of] p2b: mumm-ra\n|-unboost|p2b: mumm-ra|atk|1\n|turn|17\n|\n|switch|p1b: Ted|Venusaur-Mega, M|282\/364\n|move|p2b: mumm-ra|Superpower|p1b: Ted\n|-resisted|p1b: Ted\n|-damage|p1b: Ted|244\/364\n|-unboost|p2b: mumm-ra|atk|1\n|-unboost|p2b: mumm-ra|def|1\n|move|p2a: CHERRY BOMB|Air Slash|p1a: Luke\n|-damage|p1a: Luke|102\/381\n|cant|p1a: Luke|flinch\n|\n|turn|18\n|c|+Stratos|super power = literally a counter\n|c|@TFC|i am fallin asleep here halp\n|c|\u2605Electrolyte|yeah im done\n|leave|Azelf AV\n|join|Croven\n|c|\u2605Electrolyte|losing hydrei was bad\n|c|\u2605Electrolyte|but i was willing 2 take the risk\n|\n|switch|p2b: st. jude|Kangaskhan-Mega, F|138\/351\n|move|p2a: CHERRY BOMB|Air Slash|p1b: Ted\n|-supereffective|p1b: Ted\n|-damage|p1b: Ted|62\/364\n|move|p1a: Luke|Rock Slide|p2b: st. jude\n|-supereffective|p2a: CHERRY BOMB\n|-damage|p2a: CHERRY BOMB|157\/341\n|-damage|p2b: st. jude|63\/351\n|cant|p1b: Ted|flinch\n|\n|turn|19\n|c|+Stratos|skymin 2 good\n|join|arch diabolos\n|c|\u2605Electrolyte|gah the flinches tho\n|leave|qsns\n|leave|lolpolpol\n|c|\u2605Electrolyte|skymin does work\n|c|+Lasagne|pce out this is taking too long im gonna go get stabbed\n|c|+Stratos|air slash only has 95 acc\n|c|+Stratos|u can do this\n|c|+Stratos|lmaoooooo\n|leave|Lasagne\n|\n|move|p2a: CHERRY BOMB|Air Slash|p1a: Luke\n|-damage|p1a: Luke|0 fnt\n|faint|p1a: Luke\n|move|p2b: st. jude|Frustration|p1b: Ted\n|-damage|p1b: Ted|0 fnt\n|-hitcount|p1b: Ted|1\n|faint|p1b: Ted\n|\n|\n|switch|p1b: Jo|Genesect|72\/283\n|switch|p1a: Edward|Keldeo|197\/324\n|-boost|p1b: Jo|atk|1|[from] ability: Download\n|turn|20\n|c|\u2605Electrolyte|50-50\n|join|RTR Raticate\n|c|\u2605Electrolyte|argh\n|c|+Stratos|tfw game = 5050\n|join|qsns\n|c|+Hashtag Smogon|strategies ensue:\n|c|\u2605Electrolyte|ive clicked\n|c|\u2605Electrolyte|it's not really a 50 50\n|c|\u2605Electrolyte|cuz finally's got a large advantage\n|c|+Stratos|maximum strategy: ice beam kang, quick guard, predicting skymin->aegis switch\n|c|+Stratos|prove urself lord\n|\n|move|p2a: CHERRY BOMB|Protect|p2a: CHERRY BOMB\n|-singleturn|p2a: CHERRY BOMB|Protect\n|move|p1a: Edward|Quick Guard|p1a: Edward\n|-singleturn|p1a: Edward|Quick Guard\n|move|p1b: Jo|Ice Beam|p2b: st. jude\n|-damage|p2b: st. jude|0 fnt\n|faint|p2b: st. jude\n|\n|c|\u2605Electrolyte|OOOH\n|c|\u2605Electrolyte|CALLED IT\n|c|+Stratos|jk now u lose\n|c|\u2605Electrolyte|no\n|c|\u2605Electrolyte|now it's another 5050\n|\n|switch|p2b: mumm-ra|Landorus-Therian, M|319\/319\n|-ability|p2b: mumm-ra|Intimidate|[of] p1a: Edward\n|-unboost|p1a: Edward|atk|1\n|-ability|p2b: mumm-ra|Intimidate|[of] p1b: Jo\n|-unboost|p1b: Jo|atk|1\n|turn|21\n|c|\u2605Electrolyte|actually\n|c|\u2605Electrolyte|i do lose\n|c|\u2605Electrolyte|lol\n|c|+Hashtag Smogon|it was a good predict tho\n|leave|RTR Raticate\n|c|\u2605Electrolyte|yah\n|c|+Stratos|wait\n|c|+Stratos|skymin is\n|c|+Stratos|inaccurate\n|c|\u2605Electrolyte|no\n|c|+Hashtag Smogon|gonna miss\n|c|+Hashtag Smogon|ya\n|c|\u2605Electrolyte|well\n|c|\u2605Electrolyte|yeah\n|c|\u2605Electrolyte|but im not lucky\n|leave|Nido-Rus\n|c|+Hashtag Smogon|that isnt how luck works\n|c|+Hashtag Smogon|;}\n|leave|arch diabolos\n|leave|qsns\n|\n|move|p1b: Jo|Ice Beam|p2b: mumm-ra\n|-supereffective|p2b: mumm-ra\n|-damage|p2b: mumm-ra|0 fnt\n|faint|p2b: mumm-ra\n|move|p2a: CHERRY BOMB|Earth Power|p1b: Jo\n|-damage|p1b: Jo|0 fnt\n|faint|p1b: Jo\n|move|p1a: Edward|Hydro Pump|p2a: CHERRY BOMB\n|-resisted|p2a: CHERRY BOMB\n|-damage|p2a: CHERRY BOMB|0 fnt\n|-damage|p1a: Edward|165\/324|[from] item: Life Orb\n|faint|p2a: CHERRY BOMB\n|\n|c|\u2605Electrolyte|what\n|c|+Stratos|chokes why\n|c|\u2605Electrolyte|whaaat\n|\n|switch|p2b: earl sweatshirt|Aegislash, M|218\/320 slp\n|turn|22\n|c|\u2605Electrolyte|he didn't want aslash to miss lol\n|c|\u2605Electrolyte|watch me miss now\n|join|Pikov\n|c|\u2605Electrolyte|GO KELDEO\n|c|+Hashtag Smogon|holy shit\n|c|\u2605Electrolyte|GO KELDEO\n|c|\u2605Electrolyte|GO KELDEO\n|\n|move|p1a: Edward|Hydro Pump|p2b: earl sweatshirt\n|-damage|p2b: earl sweatshirt|46\/320 slp\n|-damage|p1a: Edward|133\/324|[from] item: Life Orb\n|-formechange|p2b: earl sweatshirt|Aegislash-Blade\n|-curestatus|p2b: earl sweatshirt|slp\n|move|p2b: earl sweatshirt|Shadow Ball|p1a: Edward\n|-damage|p1a: Edward|0 fnt\n|faint|p1a: Edward\n|\n|win|finally\n|c|\u2605Electrolyte|fuck\n|c|+Stratos|ROFL\n|c|\u2605Electrolyte|gg\n|c|+Hashtag Smogon|ahh gg\n|c|\u2605Electrolyte|lol\n|c|\u2605finally|gg\n|leave|Croven\n|c|\u2605Electrolyte|wp my friend\n|leave|SpaceBass\n|leave|Hashtag Smogon\n|c|\u2605finally|go do something\n|c|\u2605finally|irl\n|c|\u2605finally|bc you said you were busy\n|c|\u2605Electrolyte|yeah lol\n|c|\u2605Electrolyte|bye\n|c|\u2605Electrolyte|do u mind making the post\n|leave|shrop05\n|c|\u2605finally|i got it\n|leave|GO\u2606FLAN\n|c|\u2605Electrolyte|cool\n|leave|Taylor Sweepft\n|leave|TFC\n|leave|Electrolyte\n|leave|mouse de frank\n|player|p1\n|leave|KILL OPTIC KILL\n|leave|KyleCole\n|leave|kamikaze17\n|leave|dhrbvvd\n|leave|n10sit","inputlog":null,"uploadtime":1431651669,"views":537,"p1id":"electrolyte","p2id":"finally","formatid":"doublesou","rating":0,"private":0,"password":null}