{"id":"dragonheaven-gen8svspeculative-9","p1":"Lord Pxperto","p2":"elite4donovan","format":"gen8svspeculative","log":"|j|\u2606player 58\n|j|\u2606Laperers\n|t:|1665328437\n|player|p1|player 58|101|\n|player|p2|Laperers|102|\n|teamsize|p1|6\n|teamsize|p2|6\n|gametype|singles\n|gen|8\n|tier|[Gen 8] SV Speculative\n|clearpoke\n|poke|p1|Torkoal, M|\n|poke|p1|Sawsbuck, F|\n|poke|p1|Victini|\n|poke|p1|Rotom-Wash|\n|poke|p1|Lilligant-Hisui, F|\n|poke|p1|Tornadus-Therian, M|\n|poke|p2|Lilligant-Hisui, F|\n|poke|p2|Volcarona, F|\n|poke|p2|Landorus-Therian, M|\n|poke|p2|Azumarill, F|\n|poke|p2|Perrserker, F|\n|poke|p2|Ditto|\n|rule|HP Percentage Mod: HP is shown in percentages\n|rule|Dynamax Clause: You cannot dynamax\n|rule|Sleep Clause Mod: Limit one foe put to sleep\n|teampreview\n|\n|t:|1665328452\n|start\n|switch|p1a: Torkoal|Torkoal, M|100\/100\n|switch|p2a: Landorus|Landorus-Therian, M|100\/100\n|-ability|p2a: Landorus|Intimidate|boost\n|-unboost|p1a: Torkoal|atk|1\n|-weather|SunnyDay|[from] ability: Drought|[of] p1a: Torkoal\n|turn|1\n|\n|t:|1665328471\n|switch|p1a: Tornadus|Tornadus-Therian, M|100\/100\n|move|p2a: Landorus|Stealth Rock|p1a: Tornadus\n|-sidestart|p1: player 58|move: Stealth Rock\n|\n|-weather|SunnyDay|[upkeep]\n|upkeep\n|turn|2\n|\n|t:|1665328482\n|move|p1a: Tornadus|Knock Off|p2a: Landorus\n|-damage|p2a: Landorus|81\/100\n|-enditem|p2a: Landorus|Leftovers|[from] move: Knock Off|[of] p1a: Tornadus\n|move|p2a: Landorus|U-turn|p1a: Tornadus\n|-resisted|p1a: Tornadus\n|-damage|p1a: Tornadus|87\/100\n|\n|t:|1665328502\n|switch|p2a: Azumarill|Azumarill, F|100\/100|[from]move: U-turn\n|\n|-weather|SunnyDay|[upkeep]\n|upkeep\n|turn|3\n|\n|t:|1665328516\n|move|p1a: Tornadus|U-turn|p2a: Azumarill\n|-resisted|p2a: Azumarill\n|-damage|p2a: Azumarill|93\/100\n|\n|t:|1665328519\n|switch|p1a: Sawsbuck|Sawsbuck, F|100\/100|[from]move: U-turn\n|-damage|p1a: Sawsbuck|88\/100|[from] Stealth Rock\n|move|p2a: Azumarill|Ice Punch|p1a: Sawsbuck\n|-supereffective|p1a: Sawsbuck\n|-damage|p1a: Sawsbuck|0 fnt\n|faint|p1a: Sawsbuck\n|\n|-weather|SunnyDay|[upkeep]\n|upkeep\n|\n|t:|1665328531\n|switch|p1a: Lilligant|Lilligant-Hisui, F|100\/100\n|-damage|p1a: Lilligant|94\/100|[from] Stealth Rock\n|turn|4\n|\n|t:|1665328541\n|switch|p2a: Landorus|Landorus-Therian, M|81\/100\n|-ability|p2a: Landorus|Intimidate|boost\n|-unboost|p1a: Lilligant|atk|1\n|move|p1a: Lilligant|Sleep Powder|p2a: Landorus\n|-status|p2a: Landorus|slp|[from] move: Sleep Powder\n|\n|-weather|SunnyDay|[upkeep]\n|upkeep\n|turn|5\n|\n|t:|1665328554\n|switch|p1a: Victini|Victini|100\/100\n|cant|p2a: Landorus|slp\n|\n|-weather|SunnyDay|[upkeep]\n|upkeep\n|turn|6\n|\n|t:|1665328560\n|detailschange|p1a: Victini|Victini\n|-anim|p1a: Victini|Cosmic Power|p1a: Victini\n|-start|p1a: Victini|typechange|Fire|[silent]\n|-message|Victini Terastallized to become Fire-type!\n|move|p1a: Victini|V-create|p2a: Landorus\n|-message|Terastal boosts moves of the Fire type!\n|-damage|p2a: Landorus|0 fnt\n|-unboost|p1a: Victini|spe|1\n|-unboost|p1a: Victini|def|1\n|-unboost|p1a: Victini|spd|1\n|faint|p2a: Landorus\n|\n|-weather|SunnyDay|[upkeep]\n|upkeep\n|\n|t:|1665328576\n|switch|p2a: Perrserker|Perrserker, F|100\/100\n|turn|7\n|\n|t:|1665328582\n|switch|p1a: Rotom|Rotom-Wash|100\/100\n|-damage|p1a: Rotom|88\/100|[from] Stealth Rock\n|detailschange|p2a: Perrserker|Perrserker, F\n|-anim|p2a: Perrserker|Cosmic Power|p2a: Perrserker\n|-start|p2a: Perrserker|typechange|Steel|[silent]\n|-message|Perrserker Terastallized to become Steel-type!\n|move|p2a: Perrserker|Iron Head|p1a: Rotom\n|-message|Terastal boosts moves of the Steel type!\n|-resisted|p1a: Rotom\n|-damage|p1a: Rotom|67\/100\n|\n|-weather|SunnyDay|[upkeep]\n|-heal|p1a: Rotom|73\/100|[from] item: Leftovers\n|upkeep\n|turn|8\n|\n|t:|1665328595\n|switch|p2a: Ditto|Ditto|100\/100\n|-transform|p2a: Ditto|p1a: Rotom|[from] ability: Imposter\n|move|p1a: Rotom|Thunder Wave|p2a: Ditto|[miss]\n|-miss|p1a: Rotom|p2a: Ditto\n|\n|-weather|none\n|-heal|p1a: Rotom|79\/100|[from] item: Leftovers\n|upkeep\n|turn|9\n|\n|t:|1665328600\n|move|p2a: Ditto|Volt Switch|p1a: Rotom\n|-damage|p1a: Rotom|60\/100\n|\n|t:|1665328612\n|switch|p2a: Volcarona|Volcarona, F|100\/100|[from]move: Volt Switch\n|move|p1a: Rotom|Volt Switch|p2a: Volcarona\n|-damage|p2a: Volcarona|75\/100\n|\n|t:|1665328622\n|switch|p1a: Tornadus|Tornadus-Therian, M|100\/100|[from]move: Volt Switch\n|\n|upkeep\n|turn|10\n|\n|t:|1665328634\n|move|p1a: Tornadus|Hurricane|p2a: Volcarona\n|-supereffective|p2a: Volcarona\n|-damage|p2a: Volcarona|0 fnt\n|faint|p2a: Volcarona\n|\n|upkeep\n|\n|t:|1665328637\n|switch|p2a: Azumarill|Azumarill, F|93\/100\n|turn|11\n|\n|t:|1665328643\n|move|p1a: Tornadus|Hurricane|p2a: Azumarill\n|-damage|p2a: Azumarill|54\/100\n|-start|p2a: Azumarill|confusion\n|-activate|p2a: Azumarill|confusion\n|move|p2a: Azumarill|Liquidation|p1a: Tornadus\n|-damage|p1a: Tornadus|15\/100\n|\n|upkeep\n|turn|12\n|\n|t:|1665328651\n|switch|p2a: Ditto|Ditto|100\/100\n|-transform|p2a: Ditto|p1a: Tornadus|[from] ability: Imposter\n|move|p1a: Tornadus|Defog|p2a: Ditto\n|-unboost|p2a: Ditto|evasion|1\n|-sideend|p1: player 58|Stealth Rock|[from] move: Defog|[of] p1a: Tornadus\n|\n|upkeep\n|turn|13\n|\n|t:|1665328657\n|switch|p1a: Rotom|Rotom-Wash|60\/100\n|move|p2a: Ditto|Hurricane|p1a: Rotom|[miss]\n|-miss|p2a: Ditto|p1a: Rotom\n|\n|-heal|p1a: Rotom|66\/100|[from] item: Leftovers\n|upkeep\n|turn|14\n|\n|t:|1665328667\n|switch|p2a: Lilligant|Lilligant-Hisui, F|100\/100\n|move|p1a: Rotom|Thunder Wave|p2a: Lilligant\n|-status|p2a: Lilligant|par\n|\n|-heal|p1a: Rotom|73\/100|[from] item: Leftovers\n|upkeep\n|turn|15\n|\n|t:|1665328673\n|move|p1a: Rotom|Volt Switch|p2a: Lilligant\n|-resisted|p2a: Lilligant\n|-damage|p2a: Lilligant|81\/100 par\n|\n|t:|1665328678\n|switch|p1a: Torkoal|Torkoal, M|100\/100|[from]move: Volt Switch\n|-weather|SunnyDay|[from] ability: Drought|[of] p1a: Torkoal\n|move|p2a: Lilligant|Substitute|p2a: Lilligant\n|-start|p2a: Lilligant|Substitute\n|-damage|p2a: Lilligant|56\/100 par\n|\n|-weather|SunnyDay|[upkeep]\n|-heal|p2a: Lilligant|62\/100 par|[from] item: Leftovers\n|upkeep\n|turn|16\n|\n|t:|1665328688\n|cant|p2a: Lilligant|par\n|move|p1a: Torkoal|Lava Plume|p2a: Lilligant\n|-supereffective|p2a: Lilligant\n|-end|p2a: Lilligant|Substitute\n|\n|-weather|SunnyDay|[upkeep]\n|-heal|p2a: Lilligant|68\/100 par|[from] item: Leftovers\n|upkeep\n|turn|17\n|\n|t:|1665328692\n|cant|p2a: Lilligant|par\n|move|p1a: Torkoal|Lava Plume|p2a: Lilligant\n|-supereffective|p2a: Lilligant\n|-damage|p2a: Lilligant|0 fnt\n|faint|p2a: Lilligant\n|\n|-weather|SunnyDay|[upkeep]\n|upkeep\n|\n|t:|1665328697\n|switch|p2a: Azumarill|Azumarill, F|54\/100\n|turn|18\n|\n|t:|1665328700\n|move|p2a: Azumarill|Liquidation|p1a: Torkoal\n|-supereffective|p1a: Torkoal\n|-damage|p1a: Torkoal|53\/100\n|-unboost|p1a: Torkoal|def|1\n|move|p1a: Torkoal|Yawn|p2a: Azumarill\n|-start|p2a: Azumarill|move: Yawn|[of] p1a: Torkoal\n|\n|-weather|SunnyDay|[upkeep]\n|upkeep\n|turn|19\n|\n|t:|1665328708\n|move|p2a: Azumarill|Liquidation|p1a: Torkoal\n|-supereffective|p1a: Torkoal\n|-damage|p1a: Torkoal|0 fnt\n|faint|p1a: Torkoal\n|\n|-weather|SunnyDay|[upkeep]\n|-end|p2a: Azumarill|move: Yawn|[silent]\n|-status|p2a: Azumarill|slp\n|upkeep\n|\n|t:|1665328718\n|switch|p1a: Victini|Victini|100\/100\n|-start|p1a: Victini|typechange|Fire|[silent]\n|turn|20\n|\n|t:|1665328722\n|move|p1a: Victini|Bolt Strike|p2a: Azumarill\n|-supereffective|p2a: Azumarill\n|-damage|p2a: Azumarill|0 fnt\n|faint|p2a: Azumarill\n|\n|-weather|SunnyDay|[upkeep]\n|upkeep\n|\n|t:|1665328727\n|switch|p2a: Ditto|Ditto|100\/100\n|-transform|p2a: Ditto|p1a: Victini|[from] ability: Imposter\n|turn|21\n|\n|t:|1665328739\n|switch|p1a: Tornadus|Tornadus-Therian, M|48\/100\n|move|p2a: Ditto|V-create|p1a: Tornadus\n|-message|Terastal boosts moves of the Fire type!\n|-damage|p1a: Tornadus|0 fnt\n|-unboost|p2a: Ditto|spe|1\n|-unboost|p2a: Ditto|def|1\n|-unboost|p2a: Ditto|spd|1\n|faint|p1a: Tornadus\n|\n|-weather|SunnyDay|[upkeep]\n|upkeep\n|\n|t:|1665328752\n|switch|p1a: Lilligant|Lilligant-Hisui, F|94\/100\n|turn|22\n|\n|t:|1665328758\n|move|p1a: Lilligant|Sleep Powder|p2a: Ditto|[miss]\n|-miss|p1a: Lilligant|p2a: Ditto\n|move|p2a: Ditto|V-create|p1a: Lilligant\n|-message|Terastal boosts moves of the Fire type!\n|-supereffective|p1a: Lilligant\n|-damage|p1a: Lilligant|0 fnt\n|-unboost|p2a: Ditto|spe|1\n|-unboost|p2a: Ditto|def|1\n|-unboost|p2a: Ditto|spd|1\n|faint|p1a: Lilligant\n|\n|-weather|none\n|upkeep\n|\n|t:|1665328763\n|switch|p1a: Victini|Victini|100\/100\n|-start|p1a: Victini|typechange|Fire|[silent]\n|turn|23\n|\n|t:|1665328772\n|move|p1a: Victini|V-create|p2a: Ditto\n|-message|Terastal boosts moves of the Fire type!\n|-resisted|p2a: Ditto\n|-damage|p2a: Ditto|0 fnt\n|-unboost|p1a: Victini|spe|1\n|-unboost|p1a: Victini|def|1\n|-unboost|p1a: Victini|spd|1\n|faint|p2a: Ditto\n|\n|upkeep\n|\n|t:|1665328775\n|switch|p2a: Perrserker|Perrserker, F|100\/100\n|-start|p2a: Perrserker|typechange|Steel|[silent]\n|turn|24\n|c|\u2606Laperers|gg\n|\n|t:|1665328779\n|switch|p1a: Rotom|Rotom-Wash|73\/100\n|move|p2a: Perrserker|Iron Head|p1a: Rotom\n|-message|Terastal boosts moves of the Steel type!\n|-resisted|p1a: Rotom\n|-damage|p1a: Rotom|54\/100\n|\n|-heal|p1a: Rotom|60\/100|[from] item: Leftovers\n|upkeep\n|turn|25\n|c|\u2606player 58|gg\n|\n|t:|1665328785\n|move|p2a: Perrserker|Iron Head|p1a: Rotom\n|-message|Terastal boosts moves of the Steel type!\n|-resisted|p1a: Rotom\n|-damage|p1a: Rotom|41\/100\n|cant|p1a: Rotom|flinch\n|\n|-heal|p1a: Rotom|47\/100|[from] item: Leftovers\n|upkeep\n|turn|26\n|\n|t:|1665328789\n|move|p2a: Perrserker|Iron Head|p1a: Rotom\n|-message|Terastal boosts moves of the Steel type!\n|-resisted|p1a: Rotom\n|-damage|p1a: Rotom|27\/100\n|cant|p1a: Rotom|flinch\n|\n|-heal|p1a: Rotom|33\/100|[from] item: Leftovers\n|upkeep\n|turn|27\n|\n|t:|1665328792\n|move|p2a: Perrserker|Iron Head|p1a: Rotom\n|-message|Terastal boosts moves of the Steel type!\n|-resisted|p1a: Rotom\n|-crit|p1a: Rotom\n|-damage|p1a: Rotom|5\/100\n|move|p1a: Rotom|Hydro Pump|p2a: Perrserker|[miss]\n|-miss|p1a: Rotom|p2a: Perrserker\n|\n|-heal|p1a: Rotom|12\/100|[from] item: Leftovers\n|upkeep\n|turn|28\n|\n|t:|1665328796\n|move|p2a: Perrserker|Iron Head|p1a: Rotom\n|-message|Terastal boosts moves of the Steel type!\n|-resisted|p1a: Rotom\n|-damage|p1a: Rotom|0 fnt\n|faint|p1a: Rotom\n|\n|upkeep\n|\n|t:|1665328798\n|switch|p1a: Victini|Victini|100\/100\n|-start|p1a: Victini|typechange|Fire|[silent]\n|turn|29\n|c|\u2606Laperers|wait no way\n|\n|t:|1665328803\n|move|p2a: Perrserker|Iron Head|p1a: Victini\n|-message|Terastal boosts moves of the Steel type!\n|-resisted|p1a: Victini\n|-damage|p1a: Victini|66\/100\n|move|p1a: Victini|V-create|p2a: Perrserker\n|-message|Terastal boosts moves of the Fire type!\n|-supereffective|p2a: Perrserker\n|-damage|p2a: Perrserker|0 fnt\n|-unboost|p1a: Victini|spe|1\n|-unboost|p1a: Victini|def|1\n|-unboost|p1a: Victini|spd|1\n|faint|p2a: Perrserker\n|\n|win|player 58\n|l|\u2606Laperers\n","uploadtime":1661520815,"views":12,"p1id":"lordpxperto","p2id":"elite4donovan","formatid":"gen8svspeculative","rating":0,"private":0,"password":null}