{"id":"gen1ou-1623652494","p1":"JoeBidem","p2":"LOU DORT","format":"gen1ou","log":"|j|\u2606JoeBidem\n|j|\u2606LOU DORT\n|inactive|Battle timer is ON: inactive players will automatically lose when time's up.\n|t:|1658601662\n|gametype|singles\n|player|p1|JoeBidem|brawly|\n|player|p2|LOU DORT|266|\n|teamsize|p1|6\n|teamsize|p2|6\n|gen|1\n|tier|[Gen 1] OU\n|rated|Tournament battle\n|rule|Desync Clause Mod: Desyncs changed to move failure.\n|rule|Sleep Clause Mod: Limit one foe put to sleep\n|rule|Freeze Clause Mod: Limit one foe frozen\n|rule|Species Clause: Limit one of each Pok\u00e9mon\n|rule|OHKO Clause: OHKO moves are banned\n|rule|Evasion Moves Clause: Evasion moves are banned\n|rule|Endless Battle Clause: Forcing endless battles is banned\n|rule|HP Percentage Mod: HP is shown in percentages\n|\n|t:|1658601662\n|start\n|switch|p1a: Jynx|Jynx|100\/100\n|switch|p2a: Starmie|Starmie|100\/100\n|turn|1\n|inactive|LOU DORT also wants the timer to be on.\n|c|\u2606JoeBidem|yo\n|c|\u2606JoeBidem|glhf\n|j| last mon is pinsir\n|inactive|LOU DORT has 120 seconds left.\n|c|\u2606LOU DORT|u2\n|\n|t:|1658601694\n|move|p2a: Starmie|Thunder Wave|p1a: Jynx\n|-status|p1a: Jynx|par\n|move|p1a: Jynx|Lovely Kiss|p2a: Starmie\n|-status|p2a: Starmie|slp|[from] move: Lovely Kiss\n|\n|upkeep\n|turn|2\n|\n|t:|1658601709\n|-curestatus|p2a: Starmie|slp|[msg]\n|move|p1a: Jynx|Psychic|p2a: Starmie\n|-resisted|p2a: Starmie\n|-damage|p2a: Starmie|85\/100\n|-unboost|p2a: Starmie|spd|1\n|-unboost|p2a: Starmie|spa|1\n|\n|upkeep\n|turn|3\n|\n|t:|1658601717\n|move|p2a: Starmie|Blizzard|p1a: Jynx\n|-resisted|p1a: Jynx\n|-damage|p1a: Jynx|91\/100 par\n|move|p1a: Jynx|Lovely Kiss|p2a: Starmie\n|-status|p2a: Starmie|slp|[from] move: Lovely Kiss\n|\n|upkeep\n|turn|4\n|\n|t:|1658601721\n|switch|p2a: Snorlax|Snorlax|100\/100\n|move|p1a: Jynx|Psychic|p2a: Snorlax\n|-damage|p2a: Snorlax|74\/100\n|-unboost|p2a: Snorlax|spd|1\n|-unboost|p2a: Snorlax|spa|1\n|\n|upkeep\n|turn|5\n|\n|t:|1658601732\n|move|p2a: Snorlax|Reflect|p2a: Snorlax\n|-start|p2a: Snorlax|Reflect\n|move|p1a: Jynx|Psychic|p2a: Snorlax\n|-damage|p2a: Snorlax|38\/100\n|\n|upkeep\n|turn|6\n|\n|t:|1658601741\n|move|p2a: Snorlax|Rest|p2a: Snorlax\n|-status|p2a: Snorlax|slp|[from] move: Rest\n|-heal|p2a: Snorlax|100\/100 slp|[silent]\n|move|p1a: Jynx|Blizzard|p2a: Snorlax\n|-damage|p2a: Snorlax|44\/100 slp\n|\n|upkeep\n|turn|7\n|\n|t:|1658601744\n|switch|p2a: Cloyster|Cloyster|100\/100\n|move|p1a: Jynx|Blizzard|p2a: Cloyster\n|-resisted|p2a: Cloyster\n|-damage|p2a: Cloyster|87\/100\n|\n|upkeep\n|turn|8\n|j| Down$hift\n|\n|t:|1658601747\n|move|p2a: Cloyster|Clamp|p1a: Jynx|[miss]\n|-miss|p2a: Cloyster\n|move|p1a: Jynx|Psychic|p2a: Cloyster\n|-damage|p2a: Cloyster|50\/100\n|\n|upkeep\n|turn|9\n|\n|t:|1658601750\n|move|p2a: Cloyster|Clamp|p1a: Jynx\n|-damage|p1a: Jynx|79\/100 par\n|cant|p1a: Jynx|partiallytrapped\n|\n|upkeep\n|turn|10\n|\n|t:|1658601753\n|move|p2a: Cloyster|Clamp|p1a: Jynx|[from]Clamp\n|-damage|p1a: Jynx|67\/100 par\n|cant|p1a: Jynx|partiallytrapped\n|\n|upkeep\n|turn|11\n|\n|t:|1658601755\n|move|p2a: Cloyster|Clamp|p1a: Jynx|[from]Clamp\n|-damage|p1a: Jynx|56\/100 par\n|cant|p1a: Jynx|partiallytrapped\n|\n|upkeep\n|turn|12\n|\n|t:|1658601757\n|move|p2a: Cloyster|Clamp|p1a: Jynx|[from]Clamp\n|-damage|p1a: Jynx|44\/100 par\n|cant|p1a: Jynx|partiallytrapped\n|\n|upkeep\n|turn|13\n|\n|t:|1658601759\n|move|p2a: Cloyster|Clamp|p1a: Jynx\n|-crit|p1a: Jynx\n|-damage|p1a: Jynx|22\/100 par\n|cant|p1a: Jynx|partiallytrapped\n|\n|upkeep\n|turn|14\n|\n|t:|1658601761\n|move|p2a: Cloyster|Clamp|p1a: Jynx|[from]Clamp\n|-damage|p1a: Jynx|1\/100 par\n|cant|p1a: Jynx|partiallytrapped\n|\n|upkeep\n|turn|15\n|\n|t:|1658601762\n|move|p2a: Cloyster|Clamp|p1a: Jynx|[from]Clamp\n|-damage|p1a: Jynx|0 fnt\n|faint|p1a: Jynx\n|c| Down$hift|cloyster pog\n|\n|t:|1658601769\n|switch|p1a: Raichu|Raichu|100\/100\n|turn|16\n|\n|t:|1658601776\n|switch|p2a: Chansey|Chansey|100\/100\n|move|p1a: Raichu|Thunderbolt|p2a: Chansey\n|-crit|p2a: Chansey\n|-damage|p2a: Chansey|72\/100\n|\n|upkeep\n|turn|17\n|\n|t:|1658601779\n|move|p1a: Raichu|Agility|p1a: Raichu\n|-boost|p1a: Raichu|spe|2\n|move|p2a: Chansey|Thunder Wave|p1a: Raichu\n|-status|p1a: Raichu|par\n|\n|upkeep\n|turn|18\n|c| Down$hift|raichu 0_0\n|\n|t:|1658601786\n|move|p2a: Chansey|Ice Beam|p1a: Raichu\n|-damage|p1a: Raichu|73\/100 par\n|move|p1a: Raichu|Submission|p2a: Chansey\n|-supereffective|p2a: Chansey\n|-damage|p2a: Chansey|25\/100\n|-damage|p1a: Raichu|47\/100 par|[from] Recoil|[of] p2a: Chansey\n|\n|upkeep\n|turn|19\n|\n|t:|1658601792\n|move|p2a: Chansey|Soft-Boiled|p2a: Chansey\n|-heal|p2a: Chansey|75\/100\n|cant|p1a: Raichu|par\n|\n|upkeep\n|turn|20\n|\n|t:|1658601797\n|move|p2a: Chansey|Ice Beam|p1a: Raichu\n|-damage|p1a: Raichu|23\/100 par\n|cant|p1a: Raichu|par\n|\n|upkeep\n|turn|21\n|\n|t:|1658601800\n|move|p2a: Chansey|Ice Beam|p1a: Raichu\n|-crit|p1a: Raichu\n|-damage|p1a: Raichu|0 fnt\n|faint|p1a: Raichu\n|\n|t:|1658601803\n|switch|p1a: Snorlax|Snorlax|100\/100\n|turn|22\n|\n|t:|1658601806\n|move|p2a: Chansey|Thunder Wave|p1a: Snorlax\n|-status|p1a: Snorlax|par\n|move|p1a: Snorlax|Body Slam|p2a: Chansey\n|-damage|p2a: Chansey|31\/100\n|\n|upkeep\n|turn|23\n|\n|t:|1658601810\n|switch|p2a: Cloyster|Cloyster|50\/100\n|move|p1a: Snorlax|Body Slam|p2a: Cloyster\n|-damage|p2a: Cloyster|25\/100\n|\n|upkeep\n|turn|24\n|\n|t:|1658601813\n|move|p2a: Cloyster|Explosion|p1a: Snorlax\n|-damage|p1a: Snorlax|31\/100 par\n|faint|p2a: Cloyster\n|\n|t:|1658601815\n|switch|p2a: Tauros|Tauros|100\/100\n|turn|25\n|\n|t:|1658601817\n|move|p2a: Tauros|Hyper Beam|p1a: Snorlax\n|-damage|p1a: Snorlax|0 fnt\n|faint|p1a: Snorlax\n|\n|t:|1658601820\n|switch|p1a: Starmie|Starmie|100\/100\n|turn|26\n|\n|t:|1658601823\n|switch|p2a: Starmie|Starmie|85\/100 slp\n|move|p1a: Starmie|Thunder Wave|p2a: Starmie\n|-fail|p2a: Starmie\n|\n|upkeep\n|turn|27\n|\n|t:|1658601828\n|move|p1a: Starmie|Psychic|p2a: Starmie\n|-resisted|p2a: Starmie\n|-damage|p2a: Starmie|68\/100 slp\n|-curestatus|p2a: Starmie|slp|[msg]\n|\n|upkeep\n|turn|28\n|\n|t:|1658601832\n|move|p2a: Starmie|Thunder Wave|p1a: Starmie\n|-status|p1a: Starmie|par\n|move|p1a: Starmie|Thunder Wave|p2a: Starmie\n|-status|p2a: Starmie|par\n|\n|upkeep\n|turn|29\n|\n|t:|1658601834\n|move|p1a: Starmie|Psychic|p2a: Starmie\n|-resisted|p2a: Starmie\n|-damage|p2a: Starmie|51\/100 par\n|move|p2a: Starmie|Thunderbolt|p1a: Starmie\n|-supereffective|p1a: Starmie\n|-damage|p1a: Starmie|54\/100 par\n|\n|upkeep\n|turn|30\n|\n|t:|1658601837\n|move|p2a: Starmie|Thunderbolt|p1a: Starmie\n|-supereffective|p1a: Starmie\n|-damage|p1a: Starmie|6\/100 par\n|move|p1a: Starmie|Psychic|p2a: Starmie\n|-resisted|p2a: Starmie\n|-damage|p2a: Starmie|35\/100 par\n|\n|upkeep\n|turn|31\n|\n|t:|1658601839\n|move|p2a: Starmie|Thunderbolt|p1a: Starmie\n|-supereffective|p1a: Starmie\n|-damage|p1a: Starmie|0 fnt\n|faint|p1a: Starmie\n|\n|t:|1658601842\n|switch|p1a: Tauros|Tauros|100\/100\n|turn|32\n|\n|t:|1658601844\n|move|p1a: Tauros|Body Slam|p2a: Starmie\n|-damage|p2a: Starmie|0 fnt\n|faint|p2a: Starmie\n|\n|t:|1658601848\n|switch|p2a: Alakazam|Alakazam|100\/100\n|turn|33\n|\n|t:|1658601850\n|switch|p1a: Rhydon|Rhydon|100\/100\n|move|p2a: Alakazam|Thunder Wave|p1a: Rhydon\n|-immune|p1a: Rhydon\n|\n|upkeep\n|turn|34\n|\n|t:|1658601853\n|move|p2a: Alakazam|Psychic|p1a: Rhydon\n|-damage|p1a: Rhydon|51\/100\n|move|p1a: Rhydon|Earthquake|p2a: Alakazam\n|-crit|p2a: Alakazam\n|-damage|p2a: Alakazam|0 fnt\n|faint|p2a: Alakazam\n|\n|t:|1658601873\n|switch|p2a: Tauros|Tauros|100\/100\n|turn|35\n|\n|t:|1658601875\n|move|p2a: Tauros|Blizzard|p1a: Rhydon\n|-crit|p1a: Rhydon\n|-supereffective|p1a: Rhydon\n|-damage|p1a: Rhydon|0 fnt\n|faint|p1a: Rhydon\n|\n|t:|1658601876\n|switch|p1a: Tauros|Tauros|100\/100\n|turn|36\n|\n|t:|1658601878\n|move|p1a: Tauros|Body Slam|p2a: Tauros\n|-damage|p2a: Tauros|72\/100\n|move|p2a: Tauros|Body Slam|p1a: Tauros\n|-damage|p1a: Tauros|71\/100\n|\n|upkeep\n|turn|37\n|\n|t:|1658601880\n|move|p2a: Tauros|Body Slam|p1a: Tauros\n|-damage|p1a: Tauros|44\/100\n|move|p1a: Tauros|Body Slam|p2a: Tauros\n|-damage|p2a: Tauros|42\/100\n|\n|upkeep\n|turn|38\n|\n|t:|1658601888\n|move|p1a: Tauros|Hyper Beam|p2a: Tauros\n|-damage|p2a: Tauros|0 fnt\n|faint|p2a: Tauros\n|\n|t:|1658601897\n|switch|p2a: Chansey|Chansey|31\/100\n|turn|39\n|\n|t:|1658601905\n|move|p1a: Tauros|Body Slam|p2a: Chansey\n|-damage|p2a: Chansey|0 fnt\n|faint|p2a: Chansey\n|\n|t:|1658601911\n|switch|p2a: Snorlax|Snorlax|44\/100 slp\n|turn|40\n|\n|t:|1658601917\n|move|p1a: Tauros|Body Slam|p2a: Snorlax\n|-crit|p2a: Snorlax\n|-damage|p2a: Snorlax|0 fnt\n|faint|p2a: Snorlax\n|\n|win|JoeBidem\n|n|\u2606JoeBidem|joebidem\n|n|\u2606LOU DORT|loudort\n|n| last mon is pinsir|lastmonispinsir\n|n| Down$hift|downhift\n","uploadtime":1658601918,"views":2,"p1id":"joebidem","p2id":"loudort","formatid":"gen1ou","rating":0,"private":0,"password":null}