{"id":"gen1ou-1623649741","p1":"LOU DORT","p2":"pokewile","format":"gen1ou","log":"|j|\u2606LOU DORT\n|j|\u2606pokewile\n|inactive|Battle timer is ON: inactive players will automatically lose when time's up.\n|t:|1658601365\n|gametype|singles\n|player|p1|LOU DORT|266|\n|player|p2|pokewile|1|\n|teamsize|p1|6\n|teamsize|p2|6\n|gen|1\n|tier|[Gen 1] OU\n|rated|Tournament battle\n|rule|Desync Clause Mod: Desyncs changed to move failure.\n|rule|Sleep Clause Mod: Limit one foe put to sleep\n|rule|Freeze Clause Mod: Limit one foe frozen\n|rule|Species Clause: Limit one of each Pok\u00e9mon\n|rule|OHKO Clause: OHKO moves are banned\n|rule|Evasion Moves Clause: Evasion moves are banned\n|rule|Endless Battle Clause: Forcing endless battles is banned\n|rule|HP Percentage Mod: HP is shown in percentages\n|\n|t:|1658601365\n|start\n|switch|p1a: Starmie|Starmie|100\/100\n|switch|p2a: Alakazam|Alakazam|100\/100\n|turn|1\n|inactive|LOU DORT also wants the timer to be on.\n|c|\u2606pokewile|mate I wasn't scouting\n|c|\u2606pokewile|sorry if it looked that way\n|\n|t:|1658601377\n|move|p2a: Alakazam|Thunder Wave|p1a: Starmie\n|-status|p1a: Starmie|par\n|cant|p1a: Starmie|par\n|\n|upkeep\n|turn|2\n|c|\u2606pokewile|I'm just bored\n|\n|t:|1658601386\n|move|p2a: Alakazam|Body Slam|p1a: Starmie\n|-crit|p1a: Starmie\n|-damage|p1a: Starmie|72\/100 par\n|move|p1a: Starmie|Thunder Wave|p2a: Alakazam\n|-status|p2a: Alakazam|par\n|\n|upkeep\n|turn|3\n|c|\u2606LOU DORT|imo gen 1 games are soooo boring to watch\n|c|\u2606LOU DORT|but are fun to play\n|\n|t:|1658601404\n|switch|p2a: Tauros|Tauros|100\/100\n|switch|p1a: Cloyster|Cloyster|100\/100\n|\n|upkeep\n|turn|4\n|c|\u2606pokewile|that sounds about right\n|\n|t:|1658601410\n|move|p2a: Tauros|Double-Edge|p1a: Cloyster\n|-damage|p1a: Cloyster|73\/100\n|-damage|p2a: Tauros|95\/100|[from] Recoil|[of] p1a: Cloyster\n|move|p1a: Cloyster|Clamp|p2a: Tauros\n|-damage|p2a: Tauros|80\/100\n|\n|upkeep\n|turn|5\n|\n|t:|1658601414\n|switch|p2a: Gengar|Gengar|100\/100\n|move|p1a: Cloyster|Clamp|p2a: Gengar\n|-crit|p2a: Gengar\n|-damage|p2a: Gengar|82\/100\n|\n|upkeep\n|turn|6\n|c|\u2606pokewile|what the it just prevents u from moving\n|j| last mon is pinsir\n|c|\u2606pokewile|what was gamefreak on\n|\n|t:|1658601440\n|cant|p2a: Gengar|partiallytrapped\n|move|p1a: Cloyster|Clamp|p2a: Gengar|[from]Clamp\n|-damage|p2a: Gengar|63\/100\n|\n|upkeep\n|turn|7\n|\n|t:|1658601446\n|cant|p2a: Gengar|partiallytrapped\n|move|p1a: Cloyster|Clamp|p2a: Gengar|[from]Clamp\n|-damage|p2a: Gengar|45\/100\n|\n|upkeep\n|turn|8\n|\n|t:|1658601449\n|cant|p2a: Gengar|partiallytrapped\n|move|p1a: Cloyster|Clamp|p2a: Gengar|[from]Clamp\n|-damage|p2a: Gengar|26\/100\n|\n|upkeep\n|turn|9\n|c|\u2606LOU DORT|u can switch out\n|\n|t:|1658601454\n|move|p2a: Gengar|Thunderbolt|p1a: Cloyster\n|-supereffective|p1a: Cloyster\n|-damage|p1a: Cloyster|13\/100\n|move|p1a: Cloyster|Clamp|p2a: Gengar\n|-damage|p2a: Gengar|17\/100\n|\n|upkeep\n|turn|10\n|c|\u2606pokewile|I know\n|j| TheNewBrends11@!\n|\n|t:|1658601459\n|cant|p2a: Gengar|partiallytrapped\n|move|p1a: Cloyster|Clamp|p2a: Gengar|[from]Clamp\n|-damage|p2a: Gengar|8\/100\n|\n|upkeep\n|turn|11\n|j| tempocount\n|\n|t:|1658601467\n|switch|p1a: Alakazam|Alakazam|100\/100\n|move|p2a: Gengar|Thunderbolt|p1a: Alakazam\n|-damage|p1a: Alakazam|79\/100\n|\n|upkeep\n|turn|12\n|l| tempocount\n|\n|t:|1658601471\n|move|p1a: Alakazam|Psychic|p2a: Gengar\n|-crit|p2a: Gengar\n|-supereffective|p2a: Gengar\n|-damage|p2a: Gengar|0 fnt\n|faint|p2a: Gengar\n|\n|t:|1658601478\n|switch|p2a: Snorlax|Snorlax|100\/100\n|turn|13\n|j| benyak13\n|\n|t:|1658601482\n|move|p1a: Alakazam|Thunder Wave|p2a: Snorlax\n|-status|p2a: Snorlax|par\n|cant|p2a: Snorlax|par\n|\n|upkeep\n|turn|14\n|\n|t:|1658601485\n|switch|p1a: Starmie|Starmie|72\/100 par\n|move|p2a: Snorlax|Body Slam|p1a: Starmie\n|-damage|p1a: Starmie|32\/100 par\n|\n|upkeep\n|turn|15\n|j| Zofer\u2260\n|\n|t:|1658601489\n|move|p1a: Starmie|Blizzard|p2a: Snorlax\n|-damage|p2a: Snorlax|78\/100 par\n|move|p2a: Snorlax|Body Slam|p1a: Starmie\n|-damage|p1a: Starmie|0 fnt\n|faint|p1a: Starmie\n|l| benyak13\n|\n|t:|1658601516\n|switch|p1a: Cloyster|Cloyster|13\/100\n|turn|16\n|\n|t:|1658601520\n|move|p1a: Cloyster|Explosion|p2a: Snorlax\n|-damage|p2a: Snorlax|8\/100 par\n|faint|p1a: Cloyster\n|l| Zofer\u2260\n|\n|t:|1658601527\n|switch|p1a: Alakazam|Alakazam|79\/100\n|turn|17\n|j| ingbayongbay\n|c|\u2606pokewile|do I just not get to move then\n|c|\u2606pokewile|well okay\n|\n|t:|1658601533\n|move|p1a: Alakazam|Psychic|p2a: Snorlax\n|-damage|p2a: Snorlax|0 fnt\n|faint|p2a: Snorlax\n|\n|t:|1658601536\n|switch|p2a: Chansey|Chansey|100\/100\n|turn|18\n|\n|t:|1658601539\n|move|p1a: Alakazam|Thunder Wave|p2a: Chansey\n|-status|p2a: Chansey|par\n|move|p2a: Chansey|Sing|p1a: Alakazam|[miss]\n|-miss|p2a: Chansey\n|\n|upkeep\n|turn|19\n|l| ingbayongbay\n|\n|t:|1658601546\n|switch|p1a: Chansey|Chansey|100\/100\n|move|p2a: Chansey|Thunderbolt|p1a: Chansey\n|-damage|p1a: Chansey|90\/100\n|\n|upkeep\n|turn|20\n|\n|t:|1658601556\n|move|p1a: Chansey|Ice Beam|p2a: Chansey\n|-damage|p2a: Chansey|90\/100 par\n|move|p2a: Chansey|Sing|p1a: Chansey\n|-status|p1a: Chansey|slp|[from] move: Sing\n|\n|upkeep\n|turn|21\n|\n|t:|1658601563\n|switch|p1a: Snorlax|Snorlax|100\/100\n|switch|p2a: Tauros|Tauros|80\/100\n|\n|upkeep\n|turn|22\n|\n|t:|1658601567\n|move|p2a: Tauros|Double-Edge|p1a: Snorlax\n|-damage|p1a: Snorlax|71\/100\n|-damage|p2a: Tauros|70\/100|[from] Recoil|[of] p1a: Snorlax\n|move|p1a: Snorlax|Reflect|p1a: Snorlax\n|-start|p1a: Snorlax|Reflect\n|\n|upkeep\n|turn|23\n|\n|t:|1658601570\n|move|p2a: Tauros|Double-Edge|p1a: Snorlax\n|-crit|p1a: Snorlax\n|-damage|p1a: Snorlax|16\/100\n|-damage|p2a: Tauros|49\/100|[from] Recoil|[of] p1a: Snorlax\n|move|p1a: Snorlax|Body Slam|p2a: Tauros\n|-damage|p2a: Tauros|20\/100\n|\n|upkeep\n|turn|24\n|c|\u2606LOU DORT|nice crit\n|c|\u2606pokewile|yep\n|\n|t:|1658601581\n|switch|p1a: Alakazam|Alakazam|79\/100\n|move|p2a: Tauros|Double-Edge|p1a: Alakazam\n|-damage|p1a: Alakazam|21\/100\n|-damage|p2a: Tauros|7\/100|[from] Recoil|[of] p1a: Alakazam\n|\n|upkeep\n|turn|25\n|\n|t:|1658601586\n|move|p1a: Alakazam|Psychic|p2a: Tauros\n|-damage|p2a: Tauros|0 fnt\n|faint|p2a: Tauros\n|c| last mon is pinsir|d edge cow\n|\n|t:|1658601591\n|switch|p2a: Chansey|Chansey|90\/100 par\n|turn|26\n|\n|t:|1658601594\n|move|p1a: Alakazam|Recover|p1a: Alakazam\n|-heal|p1a: Alakazam|70\/100\n|cant|p2a: Chansey|par\n|\n|upkeep\n|turn|27\n|\n|t:|1658601597\n|move|p1a: Alakazam|Psychic|p2a: Chansey\n|-damage|p2a: Chansey|72\/100 par\n|move|p2a: Chansey|Thunderbolt|p1a: Alakazam\n|-damage|p1a: Alakazam|50\/100\n|\n|upkeep\n|turn|28\n|\n|t:|1658601599\n|move|p1a: Alakazam|Psychic|p2a: Chansey\n|-damage|p2a: Chansey|55\/100 par\n|move|p2a: Chansey|Thunderbolt|p1a: Alakazam\n|-damage|p1a: Alakazam|29\/100\n|\n|upkeep\n|turn|29\n|\n|t:|1658601602\n|move|p1a: Alakazam|Recover|p1a: Alakazam\n|-heal|p1a: Alakazam|79\/100\n|cant|p2a: Chansey|par\n|\n|upkeep\n|turn|30\n|\n|t:|1658601606\n|move|p1a: Alakazam|Psychic|p2a: Chansey\n|-damage|p2a: Chansey|35\/100 par\n|move|p2a: Chansey|Soft-Boiled|p2a: Chansey\n|-heal|p2a: Chansey|85\/100 par\n|\n|upkeep\n|turn|31\n|\n|t:|1658601608\n|move|p1a: Alakazam|Psychic|p2a: Chansey\n|-damage|p2a: Chansey|68\/100 par\n|-unboost|p2a: Chansey|spd|1\n|-unboost|p2a: Chansey|spa|1\n|cant|p2a: Chansey|par\n|\n|upkeep\n|turn|32\n|\n|t:|1658601612\n|switch|p2a: Cloyster|Cloyster|100\/100\n|move|p1a: Alakazam|Psychic|p2a: Cloyster\n|-damage|p2a: Cloyster|56\/100\n|\n|upkeep\n|turn|33\n|\n|t:|1658601622\n|move|p1a: Alakazam|Psychic|p2a: Cloyster\n|-crit|p2a: Cloyster\n|-damage|p2a: Cloyster|0 fnt\n|faint|p2a: Cloyster\n|c|\u2606pokewile|frek\n|j| NaTURALhArmONiaX\n|\n|t:|1658601628\n|switch|p2a: Chansey|Chansey|68\/100 par\n|turn|34\n|l| NaTURALhArmONiaX\n|\n|t:|1658601631\n|switch|p1a: Snorlax|Snorlax|16\/100\n|move|p2a: Chansey|Sing|p1a: Snorlax\n|-message|Sleep Clause Mod activated.\n|\n|upkeep\n|turn|35\n|c|\u2606pokewile|wp\n|\n|t:|1658601635\n|move|p1a: Snorlax|Rest|p1a: Snorlax\n|-status|p1a: Snorlax|slp|[from] move: Rest\n|-heal|p1a: Snorlax|100\/100 slp|[silent]\n|move|p2a: Chansey|Thunderbolt|p1a: Snorlax\n|-damage|p1a: Snorlax|80\/100 slp\n|\n|upkeep\n|turn|36\n|c|\u2606pokewile|oh wait there's sleep clause in this gen\n|c|\u2606pokewile|dam\n|c|\u2606pokewile|gg\n|-message|pokewile forfeited.\n|\n|win|LOU DORT\n|n|\u2606LOU DORT|loudort\n|n|\u2606pokewile|pokewile\n|n| last mon is pinsir|lastmonispinsir\n|n| TheNewBrends11@!|thenewbrends11\n|c|\u2606LOU DORT|theres a sleep clause in every gen\n|l|\u2606LOU DORT\n|c|\u2606pokewile|I thought there wasn't one in gen 1 ngl\n|c|\u2606pokewile|haha\n|c| last mon is pinsir|that would make eggies > cow haha\n|l| last mon is pinsir\n","uploadtime":1658601772,"views":2,"p1id":"loudort","p2id":"pokewile","formatid":"gen1ou","rating":0,"private":0,"password":null}