{"id":"gen1randombattle-1410574374","p1":"The Last Hero","p2":"4mi","format":"gen1randombattle","log":"|j|\u2606The Last Hero\n|j|\u26064mi\n|t:|1630834196\n|gametype|singles\n|player|p1|The Last Hero|acetrainersnow|\n|player|p2|4mi|dawn|\n|teamsize|p1|6\n|teamsize|p2|6\n|gen|1\n|tier|[Gen 1] Random Battle\n|rated|Tournament battle\n|rule|Desync Clause Mod: Desyncs changed to move failure.\n|rule|Sleep Clause Mod: Limit one foe put to sleep\n|rule|Freeze Clause Mod: Limit one foe frozen\n|rule|Species Clause: Limit one of each Pok\u00e9mon\n|rule|OHKO Clause: OHKO moves are banned\n|rule|Evasion Moves Clause: Evasion moves are banned\n|rule|Endless Battle Clause: Forcing endless battles is banned\n|rule|HP Percentage Mod: HP is shown in percentages\n|\n|t:|1630834196\n|start\n|switch|p1a: Kadabra|Kadabra, L74|212\/212\n|switch|p2a: Fearow|Fearow, L77|258\/258\n|turn|1\n|j| BB-8-NU\n|inactive|Battle timer is ON: inactive players will automatically lose when time's up. (requested by 4mi)\n|\n|t:|1630834220\n|move|p2a: Fearow|Hyper Beam|p1a: Kadabra\n|-crit|p1a: Kadabra\n|-damage|p1a: Kadabra|0 fnt\n|faint|p1a: Kadabra\n|\n|t:|1630834232\n|switch|p1a: Dewgong|Dewgong, L74|286\/286\n|turn|2\n|\n|t:|1630834243\n|switch|p2a: Hitmonlee|Hitmonlee, L77|235\/235\n|move|p1a: Dewgong|Blizzard|p2a: Hitmonlee\n|-damage|p2a: Hitmonlee|59\/235\n|\n|upkeep\n|turn|3\n|j| Vextal\n|\n|t:|1630834256\n|switch|p1a: Muk|Muk, L77|320\/320\n|move|p2a: Hitmonlee|High Jump Kick|p1a: Muk\n|-crit|p1a: Muk\n|-resisted|p1a: Muk\n|-damage|p1a: Muk|211\/320\n|\n|upkeep\n|turn|4\n|\n|t:|1630834262\n|move|p2a: Hitmonlee|Seismic Toss|p1a: Muk\n|-damage|p1a: Muk|134\/320\n|move|p1a: Muk|Body Slam|p2a: Hitmonlee\n|-damage|p2a: Hitmonlee|0 fnt\n|faint|p2a: Hitmonlee\n|\n|t:|1630834286\n|switch|p2a: Moltres|Moltres, L77|297\/297\n|turn|5\n|\n|t:|1630834292\n|switch|p1a: Staryu|Staryu, L88|232\/232\n|move|p2a: Moltres|Fire Blast|p1a: Staryu\n|-crit|p1a: Staryu\n|-resisted|p1a: Staryu\n|-damage|p1a: Staryu|90\/232\n|\n|upkeep\n|turn|6\n|\n|t:|1630834306\n|move|p1a: Staryu|Recover|p1a: Staryu\n|-heal|p1a: Staryu|206\/232\n|move|p2a: Moltres|Agility|p2a: Moltres\n|-boost|p2a: Moltres|spe|2\n|\n|upkeep\n|turn|7\n|\n|t:|1630834319\n|move|p2a: Moltres|Fire Blast|p1a: Staryu\n|-resisted|p1a: Staryu\n|-damage|p1a: Staryu|138\/232\n|move|p1a: Staryu|Thunder Wave|p2a: Moltres\n|-status|p2a: Moltres|par\n|\n|upkeep\n|turn|8\n|\n|t:|1630834330\n|switch|p2a: Raichu|Raichu, L76|247\/247\n|move|p1a: Staryu|Recover|p1a: Staryu\n|-heal|p1a: Staryu|232\/232\n|\n|upkeep\n|turn|9\n|\n|t:|1630834335\n|move|p1a: Staryu|Thunder Wave|p2a: Raichu\n|-status|p2a: Raichu|par\n|move|p2a: Raichu|Thunderbolt|p1a: Staryu\n|-supereffective|p1a: Staryu\n|-damage|p1a: Staryu|50\/232\n|\n|upkeep\n|turn|10\n|\n|t:|1630834341\n|move|p1a: Staryu|Surf|p2a: Raichu\n|-damage|p2a: Raichu|143\/247 par\n|cant|p2a: Raichu|par\n|\n|upkeep\n|turn|11\n|\n|t:|1630834345\n|move|p1a: Staryu|Surf|p2a: Raichu\n|-damage|p2a: Raichu|39\/247 par\n|move|p2a: Raichu|Thunderbolt|p1a: Staryu\n|-supereffective|p1a: Staryu\n|-damage|p1a: Staryu|0 fnt\n|faint|p1a: Staryu\n|\n|t:|1630834350\n|switch|p1a: Dewgong|Dewgong, L74|286\/286\n|turn|12\n|\n|t:|1630834353\n|move|p1a: Dewgong|Surf|p2a: Raichu\n|-damage|p2a: Raichu|0 fnt\n|faint|p2a: Raichu\n|\n|t:|1630834359\n|switch|p2a: Weezing|Weezing, L77|258\/258\n|turn|13\n|\n|t:|1630834364\n|switch|p1a: Charmeleon|Charmeleon, L80|257\/257\n|move|p2a: Weezing|Thunderbolt|p1a: Charmeleon\n|-damage|p1a: Charmeleon|190\/257\n|-status|p1a: Charmeleon|par\n|\n|upkeep\n|turn|14\n|\n|t:|1630834372\n|move|p2a: Weezing|Sludge|p1a: Charmeleon\n|-damage|p1a: Charmeleon|121\/257 par\n|move|p1a: Charmeleon|Fire Blast|p2a: Weezing\n|-damage|p2a: Weezing|154\/258\n|\n|upkeep\n|turn|15\n|\n|t:|1630834380\n|switch|p2a: Moltres|Moltres, L77|297\/297 par\n|cant|p1a: Charmeleon|par\n|\n|upkeep\n|turn|16\n|\n|t:|1630834387\n|move|p2a: Moltres|Fire Blast|p1a: Charmeleon|[miss]\n|-miss|p2a: Moltres\n|move|p1a: Charmeleon|Swords Dance|p1a: Charmeleon\n|-boost|p1a: Charmeleon|atk|2\n|\n|upkeep\n|turn|17\n|j| iKiQ \u32db\n|\n|t:|1630834389\n|move|p1a: Charmeleon|Body Slam|p2a: Moltres\n|-damage|p2a: Moltres|199\/297 par\n|move|p2a: Moltres|Fire Blast|p1a: Charmeleon\n|-crit|p1a: Charmeleon\n|-resisted|p1a: Charmeleon\n|-damage|p1a: Charmeleon|0 fnt\n|faint|p1a: Charmeleon\n|\n|t:|1630834392\n|switch|p1a: Dewgong|Dewgong, L74|286\/286\n|turn|18\n|\n|t:|1630834397\n|move|p1a: Dewgong|Blizzard|p2a: Moltres\n|-supereffective|p2a: Moltres\n|-damage|p2a: Moltres|45\/297 par\n|cant|p2a: Moltres|par\n|\n|upkeep\n|turn|19\n|\n|t:|1630834402\n|move|p1a: Dewgong|Surf|p2a: Moltres\n|-supereffective|p2a: Moltres\n|-damage|p2a: Moltres|0 fnt\n|faint|p2a: Moltres\n|\n|t:|1630834404\n|switch|p2a: Weezing|Weezing, L77|154\/258\n|turn|20\n|\n|t:|1630834409\n|switch|p1a: Raticate|Raticate, L77|243\/243\n|move|p2a: Weezing|Explosion|p1a: Raticate\n|-damage|p1a: Raticate|0 fnt\n|faint|p1a: Raticate\n|faint|p2a: Weezing\n|\n|t:|1630834417\n|switch|p1a: Dewgong|Dewgong, L74|286\/286\n|switch|p2a: Fearow|Fearow, L77|258\/258\n|turn|21\n|inactive|4mi has 120 seconds left.\n|\n|t:|1630834462\n|move|p2a: Fearow|Hyper Beam|p1a: Dewgong\n|-damage|p1a: Dewgong|143\/286\n|-mustrecharge|p2a: Fearow\n|move|p1a: Dewgong|Blizzard|p2a: Fearow|[miss]\n|-miss|p1a: Dewgong\n|\n|upkeep\n|turn|22\n|\n|t:|1630834469\n|cant|p2a: Fearow|recharge\n|move|p1a: Dewgong|Blizzard|p2a: Fearow\n|-supereffective|p2a: Fearow\n|-damage|p2a: Fearow|0 fnt\n|faint|p2a: Fearow\n|\n|t:|1630834471\n|switch|p2a: Mew|Mew, L65|265\/265\n|turn|23\n|\n|t:|1630834476\n|move|p2a: Mew|Swords Dance|p2a: Mew\n|-boost|p2a: Mew|atk|2\n|move|p1a: Dewgong|Blizzard|p2a: Mew\n|-damage|p2a: Mew|159\/265\n|\n|upkeep\n|turn|24\n|\n|t:|1630834495\n|move|p2a: Mew|Hyper Beam|p1a: Dewgong\n|-damage|p1a: Dewgong|0 fnt\n|faint|p1a: Dewgong\n|\n|t:|1630834498\n|switch|p1a: Muk|Muk, L77|134\/320\n|turn|25\n|\n|t:|1630834500\n|move|p2a: Mew|Earthquake|p1a: Muk\n|-supereffective|p1a: Muk\n|-damage|p1a: Muk|0 fnt\n|faint|p1a: Muk\n|\n|win|4mi\n|n|\u2606The Last Hero|thelasthero\n|n|\u26064mi|4mi\n|n| BB-8-NU|bb8nu\n|n| Vextal|vextal\n|n| iKiQ \u32db|ikiq\n|l| BB-8-NU\n|l|\u2606The Last Hero\n|l|\u26064mi\n|l| iKiQ \u32db\n","inputlog":">version 4a0cd1efede7720359db283cbfa24807c7705931\n>start {\"formatid\":\"gen1randombattle\",\"seed\":[10409,37802,25446,49291],\"rated\":\"Tournament battle\"}\n>player p1 {\"name\":\"The Last Hero\",\"avatar\":\"acetrainersnow\",\"rating\":0,\"seed\":[62485,324,12176,55075]}\n>player p2 {\"name\":\"4mi\",\"avatar\":\"dawn\",\"rating\":0,\"seed\":[21548,6116,60227,55771]}\n>p1 move thunderwave\n>p2 move hyperbeam\n>p1 switch 5\n>p1 move blizzard\n>p2 switch 5\n>p1 switch 6\n>p2 move highjumpkick\n>p1 move bodyslam\n>p2 move seismictoss\n>p2 switch 2\n>p1 switch 4\n>p2 move fireblast\n>p1 move recover\n>p2 move agility\n>p1 move thunderwave\n>p2 move fireblast\n>p1 move recover\n>p2 switch 6\n>p1 move thunderwave\n>p2 move thunderbolt\n>p1 move surf\n>p2 move thunderbolt\n>p1 move surf\n>p2 move thunderbolt\n>p1 switch 6\n>p1 move surf\n>p2 move thunderwave\n>p2 switch 3\n>p1 switch 3\n>p2 move thunderbolt\n>p1 move fireblast\n>p2 move sludge\n>p1 move fireblast\n>p2 switch 6\n>p1 move swordsdance\n>p2 move fireblast\n>p1 move bodyslam\n>p2 move fireblast\n>p1 switch 3\n>p1 move blizzard\n>p2 move fireblast\n>p1 move surf\n>p2 move fireblast\n>p2 switch 6\n>p1 switch 2\n>p2 move explosion\n>p1 switch 2\n>p2 switch 5\n>p1 move blizzard\n>p2 move hyperbeam\n>p1 move blizzard\n>p2 move recharge\n>p2 switch 4\n>p1 move blizzard\n>p2 move swordsdance\n>p1 move bodyslam\n>p2 move hyperbeam\n>p1 switch 4\n>p1 move bodyslam\n>p2 move earthquake","uploadtime":1630834501,"views":33,"p1id":"thelasthero","p2id":"4mi","formatid":"gen1randombattle","rating":0,"private":0,"password":null}