{"id":"gen1ou-1651612354","p1":"Cowsrule247","p2":"Astidah 90","format":"gen1ou","log":"|j|\u203dCowsrule247\n|j|\u2606Astidah 90\n|t:|1661834452\n|gametype|singles\n|player|p1|Cowsrule247|skyla|1287\n|player|p2|Astidah 90|ghetsis-gen5bw|1302\n|teamsize|p1|6\n|teamsize|p2|6\n|gen|1\n|tier|[Gen 1] OU\n|rated|\n|rule|Desync Clause Mod: Desyncs changed to move failure.\n|rule|Sleep Clause Mod: Limit one foe put to sleep\n|rule|Freeze Clause Mod: Limit one foe frozen\n|rule|Species Clause: Limit one of each Pok\u00e9mon\n|rule|OHKO Clause: OHKO moves are banned\n|rule|Evasion Moves Clause: Evasion moves are banned\n|rule|Endless Battle Clause: Forcing endless battles is banned\n|rule|HP Percentage Mod: HP is shown in percentages\n|\n|t:|1661834452\n|start\n|switch|p1a: Chansey|Chansey|100\/100\n|switch|p2a: Exeggutor|Exeggutor|100\/100\n|turn|1\n|inactive|Battle timer is ON: inactive players will automatically lose when time's up. (requested by Cowsrule247)\n|\n|t:|1661834458\n|move|p2a: Exeggutor|Sleep Powder|p1a: Chansey\n|-status|p1a: Chansey|slp|[from] move: Sleep Powder\n|cant|p1a: Chansey|slp\n|\n|upkeep\n|turn|2\n|\n|t:|1661834467\n|switch|p2a: Snowlax|Snorlax|100\/100\n|switch|p1a: Alakazam|Alakazam|100\/100\n|\n|upkeep\n|turn|3\n|\n|t:|1661834472\n|switch|p1a: Porygon|Porygon|100\/100\n|move|p2a: Snowlax|Body Slam|p1a: Porygon\n|-damage|p1a: Porygon|61\/100\n|\n|upkeep\n|turn|4\n|\n|t:|1661834479\n|move|p1a: Porygon|Recover|p1a: Porygon\n|-heal|p1a: Porygon|100\/100\n|move|p2a: Snowlax|Body Slam|p1a: Porygon\n|-damage|p1a: Porygon|58\/100\n|\n|upkeep\n|turn|5\n|\n|t:|1661834485\n|move|p1a: Porygon|Recover|p1a: Porygon\n|-heal|p1a: Porygon|100\/100\n|move|p2a: Snowlax|Body Slam|p1a: Porygon\n|-damage|p1a: Porygon|62\/100\n|\n|upkeep\n|turn|6\n|\n|t:|1661834491\n|move|p1a: Porygon|Thunder Wave|p2a: Snowlax\n|-status|p2a: Snowlax|par\n|move|p2a: Snowlax|Body Slam|p1a: Porygon\n|-damage|p1a: Porygon|20\/100\n|\n|upkeep\n|turn|7\n|\n|t:|1661834514\n|switch|p2a: Tauros|Tauros|100\/100\n|move|p1a: Porygon|Recover|p1a: Porygon\n|-heal|p1a: Porygon|70\/100\n|\n|upkeep\n|turn|8\n|\n|t:|1661834527\n|switch|p1a: Slowbro|Slowbro|100\/100\n|move|p2a: Tauros|Hyper Beam|p1a: Slowbro\n|-damage|p1a: Slowbro|56\/100\n|-mustrecharge|p2a: Tauros\n|\n|upkeep\n|turn|9\n|\n|t:|1661834533\n|cant|p2a: Tauros|recharge\n|move|p1a: Slowbro|Thunder Wave|p2a: Tauros\n|-status|p2a: Tauros|par\n|\n|upkeep\n|turn|10\n|\n|t:|1661834538\n|switch|p1a: Porygon|Porygon|70\/100\n|cant|p2a: Tauros|par\n|\n|upkeep\n|turn|11\n|\n|t:|1661834549\n|move|p1a: Porygon|Recover|p1a: Porygon\n|-heal|p1a: Porygon|100\/100\n|move|p2a: Tauros|Body Slam|p1a: Porygon\n|-damage|p1a: Porygon|65\/100\n|\n|upkeep\n|turn|12\n|\n|t:|1661834556\n|move|p1a: Porygon|Recover|p1a: Porygon\n|-heal|p1a: Porygon|100\/100\n|move|p2a: Tauros|Body Slam|p1a: Porygon\n|-damage|p1a: Porygon|61\/100\n|\n|upkeep\n|turn|13\n|\n|t:|1661834568\n|switch|p2a: Cloyster|Cloyster|100\/100\n|move|p1a: Porygon|Recover|p1a: Porygon\n|-heal|p1a: Porygon|100\/100\n|\n|upkeep\n|turn|14\n|\n|t:|1661834575\n|move|p2a: Cloyster|Clamp|p1a: Porygon\n|-damage|p1a: Porygon|86\/100\n|cant|p1a: Porygon|partiallytrapped\n|\n|upkeep\n|turn|15\n|\n|t:|1661834579\n|move|p2a: Cloyster|Clamp|p1a: Porygon|[from]Clamp\n|-damage|p1a: Porygon|72\/100\n|cant|p1a: Porygon|partiallytrapped\n|\n|upkeep\n|turn|16\n|\n|t:|1661834584\n|switch|p1a: Chansey|Chansey|100\/100 slp\n|move|p2a: Cloyster|Clamp|p1a: Chansey\n|-damage|p1a: Chansey|95\/100 slp\n|\n|upkeep\n|turn|17\n|\n|t:|1661834598\n|switch|p2a: Snowlax|Snorlax|100\/100 par\n|cant|p1a: Chansey|slp\n|\n|upkeep\n|turn|18\n|\n|t:|1661834603\n|switch|p1a: Porygon|Porygon|72\/100\n|cant|p2a: Snowlax|par\n|\n|upkeep\n|turn|19\n|\n|t:|1661834615\n|move|p1a: Porygon|Recover|p1a: Porygon\n|-heal|p1a: Porygon|100\/100\n|cant|p2a: Snowlax|par\n|\n|upkeep\n|turn|20\n|\n|t:|1661834621\n|move|p1a: Porygon|Tri Attack|p2a: Snowlax\n|-damage|p2a: Snowlax|83\/100 par\n|move|p2a: Snowlax|Body Slam|p1a: Porygon\n|-damage|p1a: Porygon|59\/100\n|\n|upkeep\n|turn|21\n|\n|t:|1661834628\n|switch|p2a: Cloyster|Cloyster|100\/100\n|move|p1a: Porygon|Recover|p1a: Porygon\n|-heal|p1a: Porygon|100\/100\n|\n|upkeep\n|turn|22\n|\n|t:|1661834634\n|move|p2a: Cloyster|Clamp|p1a: Porygon\n|-damage|p1a: Porygon|86\/100\n|cant|p1a: Porygon|partiallytrapped\n|\n|upkeep\n|turn|23\n|\n|t:|1661834639\n|switch|p1a: Chansey|Chansey|95\/100 slp\n|move|p2a: Cloyster|Clamp|p1a: Chansey\n|-damage|p1a: Chansey|90\/100 slp\n|\n|upkeep\n|turn|24\n|\n|t:|1661834654\n|switch|p2a: Tauros|Tauros|100\/100 par\n|cant|p1a: Chansey|slp\n|\n|upkeep\n|turn|25\n|\n|t:|1661834660\n|switch|p1a: Porygon|Porygon|86\/100\n|cant|p2a: Tauros|par\n|\n|upkeep\n|turn|26\n|\n|t:|1661834674\n|switch|p2a: Snowlax|Snorlax|83\/100 par\n|move|p1a: Porygon|Tri Attack|p2a: Snowlax\n|-damage|p2a: Snowlax|66\/100 par\n|\n|upkeep\n|turn|27\n|\n|t:|1661834683\n|move|p1a: Porygon|Tri Attack|p2a: Snowlax\n|-damage|p2a: Snowlax|48\/100 par\n|move|p2a: Snowlax|Reflect|p2a: Snowlax\n|-start|p2a: Snowlax|Reflect\n|\n|upkeep\n|turn|28\n|\n|t:|1661834690\n|move|p1a: Porygon|Ice Beam|p2a: Snowlax\n|-damage|p2a: Snowlax|33\/100 par\n|move|p2a: Snowlax|Ice Beam|p1a: Porygon\n|-damage|p1a: Porygon|65\/100\n|\n|upkeep\n|turn|29\n|\n|t:|1661834697\n|move|p1a: Porygon|Recover|p1a: Porygon\n|-heal|p1a: Porygon|100\/100\n|move|p2a: Snowlax|Ice Beam|p1a: Porygon\n|-damage|p1a: Porygon|80\/100\n|\n|upkeep\n|turn|30\n|\n|t:|1661834705\n|move|p1a: Porygon|Ice Beam|p2a: Snowlax\n|-crit|p2a: Snowlax\n|-damage|p2a: Snowlax|2\/100 par\n|cant|p2a: Snowlax|par\n|\n|upkeep\n|turn|31\n|\n|t:|1661834715\n|switch|p2a: Cloyster|Cloyster|100\/100\n|move|p1a: Porygon|Tri Attack|p2a: Cloyster\n|-crit|p2a: Cloyster\n|-damage|p2a: Cloyster|71\/100\n|\n|upkeep\n|turn|32\n|\n|t:|1661834724\n|switch|p1a: Chansey|Chansey|90\/100 slp\n|move|p2a: Cloyster|Clamp|p1a: Chansey\n|-damage|p1a: Chansey|85\/100 slp\n|\n|upkeep\n|turn|33\n|\n|t:|1661834733\n|switch|p2a: Snowlax|Snorlax|2\/100 par\n|-curestatus|p1a: Chansey|slp|[msg]\n|\n|upkeep\n|turn|34\n|\n|t:|1661834742\n|switch|p2a: Exeggutor|Exeggutor|100\/100\n|move|p1a: Chansey|Ice Beam|p2a: Exeggutor\n|-supereffective|p2a: Exeggutor\n|-damage|p2a: Exeggutor|66\/100\n|\n|upkeep\n|turn|35\n|\n|t:|1661834757\n|switch|p1a: Porygon|Porygon|80\/100\n|move|p2a: Exeggutor|Sleep Powder|p1a: Porygon|[miss]\n|-miss|p2a: Exeggutor\n|\n|upkeep\n|turn|36\n|\n|t:|1661834764\n|move|p2a: Exeggutor|Sleep Powder|p1a: Porygon\n|-status|p1a: Porygon|slp|[from] move: Sleep Powder\n|cant|p1a: Porygon|slp\n|\n|upkeep\n|turn|37\n|\n|t:|1661834771\n|switch|p1a: Chansey|Chansey|85\/100\n|move|p2a: Exeggutor|Stun Spore|p1a: Chansey\n|-status|p1a: Chansey|par\n|\n|upkeep\n|turn|38\n|\n|t:|1661834783\n|switch|p1a: Porygon|Porygon|80\/100 slp\n|move|p2a: Exeggutor|Explosion|p1a: Porygon\n|-damage|p1a: Porygon|0 fnt\n|faint|p1a: Porygon\n|faint|p2a: Exeggutor\n|\n|t:|1661834806\n|switch|p2a: Victreebel|Victreebel|100\/100\n|switch|p1a: Alakazam|Alakazam|100\/100\n|turn|39\n|\n|t:|1661834817\n|move|p1a: Alakazam|Psychic|p2a: Victreebel\n|-supereffective|p2a: Victreebel\n|-damage|p2a: Victreebel|31\/100\n|move|p2a: Victreebel|Sleep Powder|p1a: Alakazam|[miss]\n|-miss|p2a: Victreebel\n|\n|upkeep\n|turn|40\n|\n|t:|1661834831\n|switch|p2a: Snowlax|Snorlax|2\/100 par\n|move|p1a: Alakazam|Psychic|p2a: Snowlax\n|-damage|p2a: Snowlax|0 fnt\n|faint|p2a: Snowlax\n|\n|t:|1661834836\n|switch|p2a: Tauros|Tauros|100\/100 par\n|turn|41\n|\n|t:|1661834850\n|switch|p1a: Slowbro|Slowbro|56\/100\n|move|p2a: Tauros|Body Slam|p1a: Slowbro\n|-damage|p1a: Slowbro|34\/100\n|\n|upkeep\n|turn|42\n|\n|t:|1661834870\n|switch|p2a: Victreebel|Victreebel|31\/100\n|move|p1a: Slowbro|Rest|p1a: Slowbro\n|-status|p1a: Slowbro|slp|[from] move: Rest\n|-heal|p1a: Slowbro|100\/100 slp|[silent]\n|\n|upkeep\n|turn|43\n|\n|t:|1661834882\n|switch|p1a: Alakazam|Alakazam|100\/100\n|move|p2a: Victreebel|Razor Leaf|p1a: Alakazam\n|-crit|p1a: Alakazam\n|-damage|p1a: Alakazam|66\/100\n|\n|upkeep\n|turn|44\n|\n|t:|1661834890\n|switch|p2a: Tauros|Tauros|100\/100 par\n|move|p1a: Alakazam|Psychic|p2a: Tauros\n|-damage|p2a: Tauros|50\/100 par\n|\n|upkeep\n|turn|45\n|\n|t:|1661834898\n|move|p1a: Alakazam|Psychic|p2a: Tauros\n|-crit|p2a: Tauros\n|-damage|p2a: Tauros|0 fnt\n|faint|p2a: Tauros\n|\n|t:|1661834912\n|switch|p2a: Persian|Persian|100\/100\n|turn|46\n|\n|t:|1661834918\n|move|p1a: Alakazam|Thunder Wave|p2a: Persian\n|-status|p2a: Persian|par\n|move|p2a: Persian|Slash|p1a: Alakazam\n|-crit|p1a: Alakazam\n|-damage|p1a: Alakazam|2\/100\n|\n|upkeep\n|turn|47\n|\n|t:|1661834926\n|move|p1a: Alakazam|Recover|p1a: Alakazam\n|-heal|p1a: Alakazam|52\/100\n|cant|p2a: Persian|par\n|\n|upkeep\n|turn|48\n|\n|t:|1661834936\n|switch|p1a: Snorlax|Snorlax|100\/100\n|move|p2a: Persian|Slash|p1a: Snorlax\n|-crit|p1a: Snorlax\n|-damage|p1a: Snorlax|67\/100\n|\n|upkeep\n|turn|49\n|\n|t:|1661834950\n|switch|p2a: Cloyster|Cloyster|71\/100\n|move|p1a: Snorlax|Body Slam|p2a: Cloyster\n|-damage|p2a: Cloyster|49\/100\n|-status|p2a: Cloyster|par\n|\n|upkeep\n|turn|50\n|\n|t:|1661834957\n|move|p1a: Snorlax|Body Slam|p2a: Cloyster\n|-damage|p2a: Cloyster|27\/100 par\n|move|p2a: Cloyster|Rest|p2a: Cloyster\n|-status|p2a: Cloyster|slp|[from] move: Rest\n|-heal|p2a: Cloyster|100\/100 slp|[silent]\n|\n|upkeep\n|turn|51\n|\n|t:|1661834967\n|switch|p1a: Slowbro|Slowbro|100\/100 slp\n|cant|p2a: Cloyster|slp\n|\n|upkeep\n|turn|52\n|\n|t:|1661834973\n|cant|p1a: Slowbro|slp\n|-curestatus|p2a: Cloyster|slp|[msg]\n|\n|upkeep\n|turn|53\n|\n|t:|1661834984\n|switch|p2a: Victreebel|Victreebel|31\/100\n|-curestatus|p1a: Slowbro|slp|[msg]\n|\n|upkeep\n|turn|54\n|\n|t:|1661834989\n|move|p2a: Victreebel|Sleep Powder|p1a: Slowbro\n|-status|p1a: Slowbro|slp|[from] move: Sleep Powder\n|cant|p1a: Slowbro|slp\n|\n|upkeep\n|turn|55\n|\n|t:|1661834995\n|switch|p1a: Alakazam|Alakazam|52\/100\n|move|p2a: Victreebel|Stun Spore|p1a: Alakazam\n|-status|p1a: Alakazam|par\n|\n|upkeep\n|turn|56\n|\n|t:|1661835010\n|move|p2a: Victreebel|Wrap|p1a: Alakazam\n|-damage|p1a: Alakazam|46\/100 par\n|cant|p1a: Alakazam|partiallytrapped\n|\n|upkeep\n|turn|57\n|\n|t:|1661835021\n|switch|p1a: Chansey|Chansey|85\/100 par\n|move|p2a: Victreebel|Wrap|p1a: Chansey\n|-damage|p1a: Chansey|80\/100 par\n|\n|upkeep\n|turn|58\n|\n|t:|1661835029\n|move|p2a: Victreebel|Wrap|p1a: Chansey|[from]Wrap\n|-damage|p1a: Chansey|75\/100 par\n|cant|p1a: Chansey|partiallytrapped\n|\n|upkeep\n|turn|59\n|\n|t:|1661835034\n|move|p2a: Victreebel|Wrap|p1a: Chansey\n|-damage|p1a: Chansey|70\/100 par\n|cant|p1a: Chansey|partiallytrapped\n|\n|upkeep\n|turn|60\n|\n|t:|1661835038\n|move|p2a: Victreebel|Wrap|p1a: Chansey|[from]Wrap\n|-damage|p1a: Chansey|66\/100 par\n|cant|p1a: Chansey|partiallytrapped\n|\n|upkeep\n|turn|61\n|\n|t:|1661835043\n|move|p2a: Victreebel|Wrap|p1a: Chansey|[from]Wrap\n|-damage|p1a: Chansey|61\/100 par\n|cant|p1a: Chansey|partiallytrapped\n|\n|upkeep\n|turn|62\n|\n|t:|1661835048\n|move|p2a: Victreebel|Wrap|p1a: Chansey|[from]Wrap\n|-damage|p1a: Chansey|56\/100 par\n|cant|p1a: Chansey|partiallytrapped\n|\n|upkeep\n|turn|63\n|\n|t:|1661835052\n|move|p2a: Victreebel|Wrap|p1a: Chansey|[from]Wrap\n|-damage|p1a: Chansey|52\/100 par\n|cant|p1a: Chansey|partiallytrapped\n|\n|upkeep\n|turn|64\n|\n|t:|1661835057\n|move|p2a: Victreebel|Wrap|p1a: Chansey\n|-damage|p1a: Chansey|47\/100 par\n|cant|p1a: Chansey|partiallytrapped\n|\n|upkeep\n|turn|65\n|\n|t:|1661835084\n|switch|p1a: Tauros|Tauros|100\/100\n|move|p2a: Victreebel|Wrap|p1a: Tauros\n|-damage|p1a: Tauros|97\/100\n|\n|upkeep\n|turn|66\n|\n|t:|1661835095\n|switch|p2a: Cloyster|Cloyster|100\/100\n|cant|p1a: Tauros|partiallytrapped\n|\n|upkeep\n|turn|67\n|\n|t:|1661835104\n|switch|p1a: Slowbro|Slowbro|100\/100 slp\n|move|p2a: Cloyster|Blizzard|p1a: Slowbro\n|-resisted|p1a: Slowbro\n|-damage|p1a: Slowbro|81\/100 slp\n|\n|upkeep\n|turn|68\n|\n|t:|1661835121\n|move|p2a: Cloyster|Blizzard|p1a: Slowbro\n|-resisted|p1a: Slowbro\n|-damage|p1a: Slowbro|63\/100 slp\n|cant|p1a: Slowbro|slp\n|\n|upkeep\n|turn|69\n|\n|t:|1661835132\n|switch|p2a: Victreebel|Victreebel|31\/100\n|cant|p1a: Slowbro|slp\n|\n|upkeep\n|turn|70\n|\n|t:|1661835141\n|switch|p1a: Tauros|Tauros|97\/100\n|move|p2a: Victreebel|Wrap|p1a: Tauros\n|-damage|p1a: Tauros|93\/100\n|\n|upkeep\n|turn|71\n|\n|t:|1661835160\n|switch|p2a: Cloyster|Cloyster|100\/100\n|cant|p1a: Tauros|partiallytrapped\n|\n|upkeep\n|turn|72\n|\n|t:|1661835173\n|switch|p1a: Slowbro|Slowbro|63\/100 slp\n|move|p2a: Cloyster|Blizzard|p1a: Slowbro\n|-resisted|p1a: Slowbro\n|-damage|p1a: Slowbro|44\/100 slp\n|\n|upkeep\n|turn|73\n|\n|t:|1661835198\n|move|p2a: Cloyster|Blizzard|p1a: Slowbro\n|-resisted|p1a: Slowbro\n|-damage|p1a: Slowbro|24\/100 slp\n|cant|p1a: Slowbro|slp\n|\n|upkeep\n|turn|74\n|\n|t:|1661835208\n|switch|p1a: Chansey|Chansey|47\/100 par\n|move|p2a: Cloyster|Clamp|p1a: Chansey\n|-damage|p1a: Chansey|42\/100 par\n|\n|upkeep\n|turn|75\n|\n|t:|1661835214\n|move|p2a: Cloyster|Clamp|p1a: Chansey|[from]Clamp\n|-damage|p1a: Chansey|37\/100 par\n|cant|p1a: Chansey|partiallytrapped\n|\n|upkeep\n|turn|76\n|\n|t:|1661835219\n|move|p2a: Cloyster|Clamp|p1a: Chansey|[from]Clamp\n|-damage|p1a: Chansey|32\/100 par\n|cant|p1a: Chansey|partiallytrapped\n|\n|upkeep\n|turn|77\n|\n|t:|1661835224\n|move|p2a: Cloyster|Clamp|p1a: Chansey|[from]Clamp\n|-damage|p1a: Chansey|27\/100 par\n|cant|p1a: Chansey|partiallytrapped\n|\n|upkeep\n|turn|78\n|\n|t:|1661835252\n|move|p2a: Cloyster|Clamp|p1a: Chansey|[from]Clamp\n|-damage|p1a: Chansey|22\/100 par\n|cant|p1a: Chansey|partiallytrapped\n|\n|upkeep\n|turn|79\n|\n|t:|1661835259\n|move|p2a: Cloyster|Clamp|p1a: Chansey\n|-damage|p1a: Chansey|17\/100 par\n|cant|p1a: Chansey|partiallytrapped\n|\n|upkeep\n|turn|80\n|\n|t:|1661835269\n|switch|p1a: Alakazam|Alakazam|46\/100 par\n|move|p2a: Cloyster|Clamp|p1a: Alakazam\n|-damage|p1a: Alakazam|36\/100 par\n|\n|upkeep\n|turn|81\n|\n|t:|1661835274\n|move|p2a: Cloyster|Clamp|p1a: Alakazam|[from]Clamp\n|-damage|p1a: Alakazam|27\/100 par\n|cant|p1a: Alakazam|partiallytrapped\n|\n|upkeep\n|turn|82\n|\n|t:|1661835279\n|move|p2a: Cloyster|Clamp|p1a: Alakazam|[miss]\n|-miss|p2a: Cloyster\n|cant|p1a: Alakazam|par\n|\n|upkeep\n|turn|83\n|\n|t:|1661835285\n|move|p2a: Cloyster|Clamp|p1a: Alakazam\n|-damage|p1a: Alakazam|17\/100 par\n|cant|p1a: Alakazam|partiallytrapped\n|\n|upkeep\n|turn|84\n|\n|t:|1661835289\n|move|p2a: Cloyster|Clamp|p1a: Alakazam|[from]Clamp\n|-damage|p1a: Alakazam|8\/100 par\n|cant|p1a: Alakazam|partiallytrapped\n|\n|upkeep\n|turn|85\n|\n|t:|1661835293\n|move|p2a: Cloyster|Clamp|p1a: Alakazam|[from]Clamp\n|-damage|p1a: Alakazam|0 fnt\n|faint|p1a: Alakazam\n|\n|t:|1661835316\n|switch|p1a: Chansey|Chansey|17\/100 par\n|turn|86\n|\n|t:|1661835325\n|move|p2a: Cloyster|Clamp|p1a: Chansey|[miss]\n|-miss|p2a: Cloyster\n|move|p1a: Chansey|Thunder Wave|p2a: Cloyster\n|-status|p2a: Cloyster|par\n|\n|upkeep\n|turn|87\n|\n|t:|1661835337\n|move|p2a: Cloyster|Blizzard|p1a: Chansey\n|-damage|p1a: Chansey|0 fnt\n|faint|p1a: Chansey\n|\n|t:|1661835340\n|switch|p1a: Slowbro|Slowbro|24\/100 slp\n|turn|88\n|\n|t:|1661835346\n|switch|p2a: Victreebel|Victreebel|31\/100\n|cant|p1a: Slowbro|slp\n|\n|upkeep\n|turn|89\n|\n|t:|1661835357\n|move|p2a: Victreebel|Wrap|p1a: Slowbro\n|-damage|p1a: Slowbro|21\/100 slp\n|cant|p1a: Slowbro|slp\n|\n|upkeep\n|turn|90\n|\n|t:|1661835363\n|move|p2a: Victreebel|Wrap|p1a: Slowbro|[from]Wrap\n|-damage|p1a: Slowbro|18\/100 slp\n|-curestatus|p1a: Slowbro|slp|[msg]\n|\n|upkeep\n|turn|91\n|\n|t:|1661835369\n|move|p2a: Victreebel|Wrap|p1a: Slowbro|[from]Wrap\n|-damage|p1a: Slowbro|15\/100\n|cant|p1a: Slowbro|partiallytrapped\n|\n|upkeep\n|turn|92\n|\n|t:|1661835383\n|move|p2a: Victreebel|Razor Leaf|p1a: Slowbro\n|-crit|p1a: Slowbro\n|-supereffective|p1a: Slowbro\n|-damage|p1a: Slowbro|0 fnt\n|faint|p1a: Slowbro\n|\n|t:|1661835390\n|switch|p1a: Tauros|Tauros|93\/100\n|turn|93\n|\n|t:|1661835413\n|switch|p2a: Cloyster|Cloyster|100\/100 par\n|move|p1a: Tauros|Body Slam|p2a: Cloyster\n|-crit|p2a: Cloyster\n|-damage|p2a: Cloyster|56\/100 par\n|\n|upkeep\n|turn|94\n|\n|t:|1661835425\n|move|p1a: Tauros|Body Slam|p2a: Cloyster\n|-damage|p2a: Cloyster|35\/100 par\n|cant|p2a: Cloyster|par\n|\n|upkeep\n|turn|95\n|\n|t:|1661835448\n|move|p1a: Tauros|Hyper Beam|p2a: Cloyster\n|-damage|p2a: Cloyster|0 fnt\n|faint|p2a: Cloyster\n|inactive|Astidah 90 has 120 seconds left.\n|\n|t:|1661835468\n|switch|p2a: Persian|Persian|100\/100 par\n|turn|96\n|inactive|Astidah 90 has 120 seconds left.\n|\n|t:|1661835474\n|move|p1a: Tauros|Body Slam|p2a: Persian\n|-damage|p2a: Persian|63\/100 par\n|cant|p2a: Persian|par\n|\n|upkeep\n|turn|97\n|inactive|Astidah 90 has 120 seconds left.\n|\n|t:|1661835481\n|move|p1a: Tauros|Hyper Beam|p2a: Persian\n|-damage|p2a: Persian|0 fnt\n|faint|p2a: Persian\n|\n|t:|1661835485\n|switch|p2a: Victreebel|Victreebel|31\/100\n|turn|98\n|\n|t:|1661835492\n|move|p1a: Tauros|Body Slam|p2a: Victreebel\n|-damage|p2a: Victreebel|0 fnt\n|faint|p2a: Victreebel\n|\n|win|Cowsrule247\n|raw|Cowsrule247's rating: 1287 &rarr; <strong>1313<\/strong><br \/>(+26 for winning)\n|raw|Astidah 90's rating: 1302 &rarr; <strong>1281<\/strong><br \/>(-21 for losing)\n|l|\u203dCowsrule247\n","uploadtime":1661835502,"views":3,"p1id":"cowsrule247","p2id":"astidah90","formatid":"gen1ou","rating":1281,"private":0,"password":null}