{"id":"gen1randombattle-1694673915","p1":"JimmyOutlaw","p2":"The Last Hero","format":"gen1randombattle","log":"|j|\u2606JimmyOutlaw\n|j|\u2606The Last Hero\n|t:|1666722232\n|gametype|singles\n|player|p1|JimmyOutlaw|wallace|\n|player|p2|The Last Hero|acetrainersnow|\n|teamsize|p1|6\n|teamsize|p2|6\n|gen|1\n|tier|[Gen 1] Random Battle\n|rated|Tournament battle\n|rule|Desync Clause Mod: Desyncs changed to move failure.\n|rule|Sleep Clause Mod: Limit one foe put to sleep\n|rule|Freeze Clause Mod: Limit one foe frozen\n|rule|Species Clause: Limit one of each Pok\u00e9mon\n|rule|OHKO Clause: OHKO moves are banned\n|rule|Evasion Moves Clause: Evasion moves are banned\n|rule|Endless Battle Clause: Forcing endless battles is banned\n|rule|HP Percentage Mod: HP is shown in percentages\n|\n|t:|1666722232\n|start\n|switch|p1a: Gyarados|Gyarados, L74|293\/293\n|switch|p2a: Gloom|Gloom, L80|260\/260\n|turn|1\n|j| BB-8-NU\n|j| Expediti0n\n|j| Saltyape\n|j| FishingGuy 512\n|\n|t:|1666722241\n|move|p1a: Gyarados|Blizzard|p2a: Gloom\n|-supereffective|p2a: Gloom\n|-damage|p2a: Gloom|122\/260\n|move|p2a: Gloom|Sleep Powder|p1a: Gyarados\n|-status|p1a: Gyarados|slp|[from] move: Sleep Powder\n|\n|upkeep\n|turn|2\n|inactive|Battle timer is ON: inactive players will automatically lose when time's up. (requested by The Last Hero)\n|\n|t:|1666722262\n|switch|p2a: Electabuzz|Electabuzz, L74|249\/249\n|cant|p1a: Gyarados|slp\n|\n|upkeep\n|turn|3\n|\n|t:|1666722274\n|switch|p1a: Dratini|Dratini, L88|252\/252\n|move|p2a: Electabuzz|Thunderbolt|p1a: Dratini|[miss]\n|-miss|p2a: Electabuzz\n|-hint|In Gen 1, moves with 100% accuracy can still miss 1\/256 of the time.\n|\n|upkeep\n|turn|4\n|\n|t:|1666722282\n|move|p2a: Electabuzz|Thunder Wave|p1a: Dratini\n|-status|p1a: Dratini|par\n|move|p1a: Dratini|Body Slam|p2a: Electabuzz\n|-damage|p2a: Electabuzz|174\/249\n|\n|upkeep\n|turn|5\n|\n|t:|1666722295\n|switch|p2a: Ditto|Ditto, L88|264\/264\n|cant|p1a: Dratini|par\n|\n|upkeep\n|turn|6\n|\n|t:|1666722301\n|move|p2a: Ditto|Transform|p1a: Dratini\n|-transform|p2a: Ditto|p1a: Dratini\n|move|p1a: Dratini|Blizzard|p2a: Ditto\n|-supereffective|p2a: Ditto\n|-damage|p2a: Ditto|95\/264\n|\n|upkeep\n|turn|7\n|\n|t:|1666722308\n|move|p2a: Ditto|Blizzard|p1a: Dratini|[miss]\n|-miss|p2a: Ditto\n|move|p1a: Dratini|Blizzard|p2a: Ditto|[miss]\n|-miss|p1a: Dratini\n|\n|upkeep\n|turn|8\n|\n|t:|1666722313\n|move|p2a: Ditto|Blizzard|p1a: Dratini\n|-supereffective|p1a: Dratini\n|-damage|p1a: Dratini|90\/252 par\n|move|p1a: Dratini|Blizzard|p2a: Ditto\n|-supereffective|p2a: Ditto\n|-damage|p2a: Ditto|0 fnt\n|faint|p2a: Ditto\n|l| Expediti0n\n|\n|t:|1666722329\n|switch|p2a: Dugtrio|Dugtrio, L74|204\/204\n|turn|9\n|\n|t:|1666722335\n|switch|p1a: Gyarados|Gyarados, L74|293\/293 slp\n|move|p2a: Dugtrio|Earthquake|p1a: Gyarados\n|-immune|p1a: Gyarados\n|\n|upkeep\n|turn|10\n|\n|t:|1666722340\n|move|p2a: Dugtrio|Rock Slide|p1a: Gyarados\n|-supereffective|p1a: Gyarados\n|-damage|p1a: Gyarados|202\/293 slp\n|cant|p1a: Gyarados|slp\n|\n|upkeep\n|turn|11\n|\n|t:|1666722343\n|move|p2a: Dugtrio|Rock Slide|p1a: Gyarados|[miss]\n|-miss|p2a: Dugtrio\n|cant|p1a: Gyarados|slp\n|\n|upkeep\n|turn|12\n|\n|t:|1666722345\n|move|p2a: Dugtrio|Rock Slide|p1a: Gyarados\n|-supereffective|p1a: Gyarados\n|-damage|p1a: Gyarados|114\/293 slp\n|cant|p1a: Gyarados|slp\n|\n|upkeep\n|turn|13\n|\n|t:|1666722349\n|move|p2a: Dugtrio|Rock Slide|p1a: Gyarados\n|-supereffective|p1a: Gyarados\n|-damage|p1a: Gyarados|22\/293 slp\n|-curestatus|p1a: Gyarados|slp|[msg]\n|\n|upkeep\n|turn|14\n|\n|t:|1666722352\n|move|p2a: Dugtrio|Body Slam|p1a: Gyarados\n|-damage|p1a: Gyarados|0 fnt\n|faint|p1a: Gyarados\n|\n|t:|1666722359\n|switch|p1a: Meowth|Meowth, L88|250\/250\n|turn|15\n|\n|t:|1666722364\n|move|p2a: Dugtrio|Earthquake|p1a: Meowth\n|-damage|p1a: Meowth|146\/250\n|move|p1a: Meowth|Bubble Beam|p2a: Dugtrio\n|-supereffective|p2a: Dugtrio\n|-damage|p2a: Dugtrio|122\/204\n|\n|upkeep\n|turn|16\n|\n|t:|1666722370\n|move|p2a: Dugtrio|Earthquake|p1a: Meowth\n|-crit|p1a: Meowth\n|-damage|p1a: Meowth|0 fnt\n|faint|p1a: Meowth\n|\n|t:|1666722377\n|switch|p1a: Mewtwo|Mewtwo, L62|261\/261\n|turn|17\n|\n|t:|1666722384\n|move|p2a: Dugtrio|Body Slam|p1a: Mewtwo\n|-damage|p1a: Mewtwo|204\/261\n|move|p1a: Mewtwo|Barrier|p1a: Mewtwo\n|-boost|p1a: Mewtwo|def|2\n|\n|upkeep\n|turn|18\n|\n|t:|1666722389\n|move|p2a: Dugtrio|Slash|p1a: Mewtwo\n|-crit|p1a: Mewtwo\n|-damage|p1a: Mewtwo|123\/261\n|move|p1a: Mewtwo|Psychic|p2a: Dugtrio\n|-crit|p2a: Dugtrio\n|-damage|p2a: Dugtrio|0 fnt\n|faint|p2a: Dugtrio\n|\n|t:|1666722394\n|switch|p2a: Electabuzz|Electabuzz, L74|174\/249\n|turn|19\n|j| VA Lanturn\n|\n|t:|1666722398\n|move|p2a: Electabuzz|Thunderbolt|p1a: Mewtwo\n|-damage|p1a: Mewtwo|56\/261\n|move|p1a: Mewtwo|Rest|p1a: Mewtwo\n|-status|p1a: Mewtwo|slp|[from] move: Rest\n|-heal|p1a: Mewtwo|261\/261 slp|[silent]\n|\n|upkeep\n|turn|20\n|\n|t:|1666722402\n|move|p2a: Electabuzz|Thunderbolt|p1a: Mewtwo\n|-damage|p1a: Mewtwo|195\/261 slp\n|cant|p1a: Mewtwo|slp\n|\n|upkeep\n|turn|21\n|\n|t:|1666722405\n|move|p2a: Electabuzz|Thunderbolt|p1a: Mewtwo\n|-damage|p1a: Mewtwo|124\/261 slp\n|-curestatus|p1a: Mewtwo|slp|[msg]\n|\n|upkeep\n|turn|22\n|\n|t:|1666722408\n|move|p2a: Electabuzz|Thunderbolt|p1a: Mewtwo\n|-damage|p1a: Mewtwo|54\/261\n|move|p1a: Mewtwo|Amnesia|p1a: Mewtwo\n|-boost|p1a: Mewtwo|spd|2\n|-boost|p1a: Mewtwo|spa|2\n|\n|upkeep\n|turn|23\n|\n|t:|1666722411\n|move|p2a: Electabuzz|Seismic Toss|p1a: Mewtwo\n|-damage|p1a: Mewtwo|0 fnt\n|faint|p1a: Mewtwo\n|\n|t:|1666722417\n|switch|p1a: Muk|Muk, L77|320\/320\n|turn|24\n|\n|t:|1666722421\n|move|p2a: Electabuzz|Psychic|p1a: Muk\n|-supereffective|p1a: Muk\n|-damage|p1a: Muk|205\/320\n|move|p1a: Muk|Body Slam|p2a: Electabuzz\n|-damage|p2a: Electabuzz|93\/249\n|\n|upkeep\n|turn|25\n|\n|t:|1666722428\n|switch|p2a: Gloom|Gloom, L80|122\/260\n|move|p1a: Muk|Sludge|p2a: Gloom\n|-damage|p2a: Gloom|55\/260\n|\n|upkeep\n|turn|26\n|\n|t:|1666722434\n|move|p1a: Muk|Body Slam|p2a: Gloom\n|-damage|p2a: Gloom|0 fnt\n|faint|p2a: Gloom\n|\n|t:|1666722439\n|switch|p2a: Poliwag|Poliwag, L88|250\/250\n|turn|27\n|\n|t:|1666722447\n|move|p2a: Poliwag|Amnesia|p2a: Poliwag\n|-boost|p2a: Poliwag|spd|2\n|-boost|p2a: Poliwag|spa|2\n|move|p1a: Muk|Body Slam|p2a: Poliwag\n|-damage|p2a: Poliwag|176\/250\n|\n|upkeep\n|turn|28\n|\n|t:|1666722453\n|move|p2a: Poliwag|Psychic|p1a: Muk\n|-supereffective|p1a: Muk\n|-damage|p1a: Muk|0 fnt\n|faint|p1a: Muk\n|\n|t:|1666722458\n|switch|p1a: Ninetales|Ninetales, L77|271\/271\n|turn|29\n|\n|t:|1666722461\n|move|p2a: Poliwag|Surf|p1a: Ninetales\n|-supereffective|p1a: Ninetales\n|-damage|p1a: Ninetales|0 fnt\n|faint|p1a: Ninetales\n|\n|t:|1666722464\n|switch|p1a: Dratini|Dratini, L88|90\/252 par\n|turn|30\n|c|\u2606The Last Hero|gg\n|\n|t:|1666722468\n|move|p2a: Poliwag|Blizzard|p1a: Dratini\n|-supereffective|p1a: Dratini\n|-damage|p1a: Dratini|0 fnt\n|faint|p1a: Dratini\n|\n|win|The Last Hero\n|n|\u2606JimmyOutlaw|jimmyoutlaw\n|n|\u2606The Last Hero|thelasthero\n|n| BB-8-NU|bb8nu\n|n| Saltyape|saltyape\n|n| FishingGuy 512|fishingguy512\n|n| VA Lanturn|valanturn\n","inputlog":">version cdc5fe0aa6fcc38eea459fd4e334db1536a68c32\n>start {\"formatid\":\"gen1randombattle\",\"seed\":[58449,60690,245,29678],\"rated\":\"Tournament battle\"}\n>player p1 {\"name\":\"JimmyOutlaw\",\"avatar\":\"wallace\",\"rating\":0,\"seed\":[56656,20805,28703,34878]}\n>player p2 {\"name\":\"The Last Hero\",\"avatar\":\"acetrainersnow\",\"rating\":0,\"seed\":[48615,32489,41518,38682]}\n>p1 move blizzard\n>p2 move sleeppowder\n>p1 move blizzard\n>p2 switch 6\n>p1 switch 2\n>p2 move thunderbolt\n>p1 move bodyslam\n>p2 move thunderwave\n>p1 move bodyslam\n>p2 switch 3\n>p1 move blizzard\n>p2 move transform\n>p1 move blizzard\n>p2 move blizzard\n>p1 move blizzard\n>p2 move blizzard\n>p2 switch 2\n>p1 switch 2\n>p2 move earthquake\n>p1 move hydropump\n>p2 move rockslide\n>p1 move hydropump\n>p2 move rockslide\n>p1 move hydropump\n>p2 move rockslide\n>p1 move hydropump\n>p2 move rockslide\n>p1 move hydropump\n>p2 move bodyslam\n>p1 switch 4\n>p1 move bubblebeam\n>p2 move earthquake\n>p1 move slash\n>p2 move earthquake\n>p1 switch 6\n>p1 move barrier\n>p2 move bodyslam\n>p1 move psychic\n>p2 move slash\n>p2 switch 3\n>p1 move rest\n>p2 move thunderbolt\n>p1 move amnesia\n>p2 move thunderbolt\n>p1 move amnesia\n>p2 move thunderbolt\n>p1 move amnesia\n>p2 move thunderbolt\n>p1 move rest\n>p2 move seismictoss\n>p1 switch 5\n>p1 move bodyslam\n>p2 move psychic\n>p1 move sludge\n>p2 switch 6\n>p1 move bodyslam\n>p2 move doubleedge\n>p2 switch 4\n>p1 move bodyslam\n>p2 move amnesia\n>p1 move bodyslam\n>p2 move psychic\n>p1 switch 3\n>p1 move confuseray\n>p2 move surf\n>p1 switch 2\n>chat \u2606The Last Hero|gg\n>p1 move hyperbeam\n>p2 move blizzard","uploadtime":1666722469,"views":15,"p1id":"jimmyoutlaw","p2id":"thelasthero","formatid":"gen1randombattle","rating":0,"private":0,"password":null}