{"id":"gen1ou-1649486447","p1":"Frank9289","p2":"Highv0ltag3","format":"gen1ou","log":"|j|\u2606Frank9289\n|j|\u2606Highv0ltag3\n|t:|1661604766\n|gametype|singles\n|player|p1|Frank9289|169|1208\n|player|p2|Highv0ltag3|volo|1402\n|teamsize|p1|6\n|teamsize|p2|6\n|gen|1\n|tier|[Gen 1] OU\n|rated|\n|rule|Desync Clause Mod: Desyncs changed to move failure.\n|rule|Sleep Clause Mod: Limit one foe put to sleep\n|rule|Freeze Clause Mod: Limit one foe frozen\n|rule|Species Clause: Limit one of each Pok\u00e9mon\n|rule|OHKO Clause: OHKO moves are banned\n|rule|Evasion Moves Clause: Evasion moves are banned\n|rule|Endless Battle Clause: Forcing endless battles is banned\n|rule|HP Percentage Mod: HP is shown in percentages\n|\n|t:|1661604766\n|start\n|switch|p1a: Dugtrio|Dugtrio|100\/100\n|switch|p2a: Starmie|Starmie|100\/100\n|turn|1\n|inactive|Battle timer is ON: inactive players will automatically lose when time's up. (requested by Frank9289)\n|j| toxagoat\n|\n|t:|1661604786\n|move|p1a: Dugtrio|Sand Attack|p2a: Starmie\n|-unboost|p2a: Starmie|accuracy|1\n|move|p2a: Starmie|Hydro Pump|p1a: Dugtrio\n|-supereffective|p1a: Dugtrio\n|-damage|p1a: Dugtrio|0 fnt\n|faint|p1a: Dugtrio\n|c|\u2606Highv0ltag3|Bro\n|\n|t:|1661604794\n|switch|p1a: Zapdos|Zapdos|100\/100\n|turn|2\n|c|\u2606Highv0ltag3|I waited 1 hour for a game\n|c|\u2606Highv0ltag3|And then I get this memer\n|\n|t:|1661604803\n|switch|p2a: Chansey|Chansey|100\/100\n|move|p1a: Zapdos|Thunder Wave|p2a: Chansey\n|-status|p2a: Chansey|par\n|\n|upkeep\n|turn|3\n|\n|t:|1661604813\n|move|p1a: Zapdos|Drill Peck|p2a: Chansey\n|-damage|p2a: Chansey|69\/100 par\n|move|p2a: Chansey|Sing|p1a: Zapdos|[miss]\n|-miss|p2a: Chansey\n|\n|upkeep\n|turn|4\n|\n|t:|1661604818\n|move|p1a: Zapdos|Drill Peck|p2a: Chansey\n|-crit|p2a: Chansey\n|-damage|p2a: Chansey|1\/100 par\n|cant|p2a: Chansey|par\n|\n|upkeep\n|turn|5\n|\n|t:|1661604825\n|move|p1a: Zapdos|Drill Peck|p2a: Chansey\n|-damage|p2a: Chansey|0 fnt\n|faint|p2a: Chansey\n|\n|t:|1661604831\n|switch|p2a: Snorlax|Snorlax|100\/100\n|turn|6\n|\n|t:|1661604843\n|move|p1a: Zapdos|Thunder Wave|p2a: Snorlax\n|-status|p2a: Snorlax|par\n|move|p2a: Snorlax|Body Slam|p1a: Zapdos\n|-damage|p1a: Zapdos|69\/100\n|-status|p1a: Zapdos|par\n|\n|upkeep\n|turn|7\n|\n|t:|1661604852\n|move|p1a: Zapdos|Agility|p1a: Zapdos\n|-boost|p1a: Zapdos|spe|2\n|move|p2a: Snorlax|Body Slam|p1a: Zapdos\n|-damage|p1a: Zapdos|36\/100 par\n|\n|upkeep\n|turn|8\n|\n|t:|1661604861\n|move|p1a: Zapdos|Thunderbolt|p2a: Snorlax\n|-crit|p2a: Snorlax\n|-damage|p2a: Snorlax|40\/100 par\n|move|p2a: Snorlax|Ice Beam|p1a: Zapdos\n|-supereffective|p1a: Zapdos\n|-damage|p1a: Zapdos|12\/100 par\n|\n|upkeep\n|turn|9\n|\n|t:|1661604869\n|move|p1a: Zapdos|Thunderbolt|p2a: Snorlax\n|-damage|p2a: Snorlax|6\/100 par\n|move|p2a: Snorlax|Rest|p2a: Snorlax\n|-status|p2a: Snorlax|slp|[from] move: Rest\n|-heal|p2a: Snorlax|100\/100 slp|[silent]\n|\n|upkeep\n|turn|10\n|\n|t:|1661604876\n|move|p1a: Zapdos|Thunderbolt|p2a: Snorlax\n|-crit|p2a: Snorlax\n|-damage|p2a: Snorlax|41\/100 slp\n|cant|p2a: Snorlax|slp\n|\n|upkeep\n|turn|11\n|\n|t:|1661604882\n|move|p1a: Zapdos|Thunderbolt|p2a: Snorlax\n|-damage|p2a: Snorlax|11\/100 slp\n|-curestatus|p2a: Snorlax|slp|[msg]\n|\n|upkeep\n|turn|12\n|\n|t:|1661604889\n|move|p1a: Zapdos|Drill Peck|p2a: Snorlax\n|-damage|p2a: Snorlax|0 fnt\n|faint|p2a: Snorlax\n|\n|t:|1661604893\n|switch|p2a: Starmie|Starmie|100\/100\n|turn|13\n|\n|t:|1661604896\n|move|p1a: Zapdos|Thunderbolt|p2a: Starmie\n|-supereffective|p2a: Starmie\n|-damage|p2a: Starmie|23\/100\n|move|p2a: Starmie|Psychic|p1a: Zapdos\n|-damage|p1a: Zapdos|0 fnt\n|faint|p1a: Zapdos\n|\n|t:|1661604905\n|switch|p1a: Alakazam|Alakazam|100\/100\n|turn|14\n|\n|t:|1661604910\n|switch|p2a: Exeggutor|Exeggutor|100\/100\n|move|p1a: Alakazam|Seismic Toss|p2a: Exeggutor\n|-damage|p2a: Exeggutor|75\/100\n|\n|upkeep\n|turn|15\n|\n|t:|1661604935\n|move|p1a: Alakazam|Seismic Toss|p2a: Exeggutor\n|-damage|p2a: Exeggutor|50\/100\n|move|p2a: Exeggutor|Sleep Powder|p1a: Alakazam|[miss]\n|-miss|p2a: Exeggutor\n|\n|upkeep\n|turn|16\n|\n|t:|1661604941\n|move|p1a: Alakazam|Seismic Toss|p2a: Exeggutor\n|-damage|p2a: Exeggutor|24\/100\n|move|p2a: Exeggutor|Sleep Powder|p1a: Alakazam\n|-status|p1a: Alakazam|slp|[from] move: Sleep Powder\n|\n|upkeep\n|turn|17\n|\n|t:|1661604948\n|switch|p2a: Starmie|Starmie|23\/100\n|cant|p1a: Alakazam|slp\n|\n|upkeep\n|turn|18\n|\n|t:|1661604954\n|switch|p1a: Tauros|Tauros|100\/100\n|move|p2a: Starmie|Recover|p2a: Starmie\n|-heal|p2a: Starmie|73\/100\n|\n|upkeep\n|turn|19\n|\n|t:|1661604960\n|move|p2a: Starmie|Thunder Wave|p1a: Tauros\n|-status|p1a: Tauros|par\n|move|p1a: Tauros|Body Slam|p2a: Starmie\n|-crit|p2a: Starmie\n|-damage|p2a: Starmie|7\/100\n|\n|upkeep\n|turn|20\n|inactive|Highv0ltag3 has 120 seconds left.\n|\n|t:|1661604992\n|move|p2a: Starmie|Recover|p2a: Starmie\n|-heal|p2a: Starmie|57\/100\n|cant|p1a: Tauros|par\n|\n|upkeep\n|turn|21\n|c|\u2606Highv0ltag3|That's right\n|\n|t:|1661605000\n|move|p2a: Starmie|Recover|p2a: Starmie\n|-heal|p2a: Starmie|100\/100\n|move|p1a: Tauros|Hyper Beam|p2a: Starmie|[miss]\n|-miss|p1a: Tauros\n|\n|upkeep\n|turn|22\n|\n|t:|1661605007\n|switch|p1a: Exeggutor|Exeggutor|100\/100\n|move|p2a: Starmie|Psychic|p1a: Exeggutor\n|-resisted|p1a: Exeggutor\n|-damage|p1a: Exeggutor|90\/100\n|\n|upkeep\n|turn|23\n|\n|t:|1661605014\n|switch|p2a: Exeggutor|Exeggutor|24\/100\n|move|p1a: Exeggutor|Sleep Powder|p2a: Exeggutor\n|-status|p2a: Exeggutor|slp|[from] move: Sleep Powder\n|\n|upkeep\n|turn|24\n|\n|t:|1661605020\n|switch|p2a: Starmie|Starmie|100\/100\n|move|p1a: Exeggutor|Psychic|p2a: Starmie\n|-resisted|p2a: Starmie\n|-damage|p2a: Starmie|82\/100\n|-unboost|p2a: Starmie|spd|1\n|-unboost|p2a: Starmie|spa|1\n|\n|upkeep\n|turn|25\n|\n|t:|1661605027\n|switch|p2a: Exeggutor|Exeggutor|24\/100 slp\n|move|p1a: Exeggutor|Psychic|p2a: Exeggutor\n|-resisted|p2a: Exeggutor\n|-damage|p2a: Exeggutor|11\/100 slp\n|-unboost|p2a: Exeggutor|spd|1\n|-unboost|p2a: Exeggutor|spa|1\n|\n|upkeep\n|turn|26\n|\n|t:|1661605035\n|switch|p2a: Starmie|Starmie|82\/100\n|move|p1a: Exeggutor|Psychic|p2a: Starmie\n|-crit|p2a: Starmie\n|-resisted|p2a: Starmie\n|-damage|p2a: Starmie|43\/100\n|\n|upkeep\n|turn|27\n|\n|t:|1661605044\n|move|p2a: Starmie|Recover|p2a: Starmie\n|-heal|p2a: Starmie|92\/100\n|move|p1a: Exeggutor|Explosion|p2a: Starmie\n|-damage|p2a: Starmie|5\/100\n|faint|p1a: Exeggutor\n|\n|t:|1661605051\n|switch|p1a: Persian|Persian|100\/100\n|turn|28\n|\n|t:|1661605062\n|switch|p2a: Exeggutor|Exeggutor|11\/100 slp\n|move|p1a: Persian|Slash|p2a: Exeggutor\n|-crit|p2a: Exeggutor\n|-damage|p2a: Exeggutor|0 fnt\n|faint|p2a: Exeggutor\n|\n|t:|1661605067\n|switch|p2a: Dragonite|Dragonite|100\/100\n|turn|29\n|\n|t:|1661605077\n|move|p1a: Persian|Substitute|p1a: Persian\n|-start|p1a: Persian|Substitute\n|-damage|p1a: Persian|76\/100\n|move|p2a: Dragonite|Agility|p2a: Dragonite\n|-boost|p2a: Dragonite|spe|2\n|\n|upkeep\n|turn|30\n|\n|t:|1661605084\n|move|p2a: Dragonite|Body Slam|p1a: Persian\n|-crit|p1a: Persian\n|-end|p1a: Persian|Substitute\n|move|p1a: Persian|Slash|p2a: Dragonite\n|-crit|p2a: Dragonite\n|-damage|p2a: Dragonite|65\/100\n|\n|upkeep\n|turn|31\n|\n|t:|1661605091\n|move|p2a: Dragonite|Wrap|p1a: Persian\n|-damage|p1a: Persian|69\/100\n|cant|p1a: Persian|partiallytrapped\n|\n|upkeep\n|turn|32\n|\n|t:|1661605097\n|switch|p1a: Tauros|Tauros|100\/100 par\n|move|p2a: Dragonite|Wrap|p1a: Tauros\n|-crit|p1a: Tauros\n|-damage|p1a: Tauros|93\/100 par\n|\n|upkeep\n|turn|33\n|\n|t:|1661605104\n|switch|p1a: Alakazam|Alakazam|100\/100 slp\n|move|p2a: Dragonite|Wrap|p1a: Alakazam\n|-damage|p1a: Alakazam|93\/100 slp\n|\n|upkeep\n|turn|34\n|\n|t:|1661605111\n|move|p2a: Dragonite|Wrap|p1a: Alakazam|[from]Wrap\n|-damage|p1a: Alakazam|86\/100 slp\n|-curestatus|p1a: Alakazam|slp|[msg]\n|\n|upkeep\n|turn|35\n|\n|t:|1661605117\n|switch|p1a: Persian|Persian|69\/100\n|move|p2a: Dragonite|Wrap|p1a: Persian\n|-damage|p1a: Persian|62\/100\n|\n|upkeep\n|turn|36\n|\n|t:|1661605127\n|switch|p1a: Alakazam|Alakazam|86\/100\n|move|p2a: Dragonite|Wrap|p1a: Alakazam\n|-damage|p1a: Alakazam|79\/100\n|\n|upkeep\n|turn|37\n|\n|t:|1661605134\n|switch|p1a: Tauros|Tauros|93\/100 par\n|move|p2a: Dragonite|Wrap|p1a: Tauros\n|-damage|p1a: Tauros|88\/100 par\n|\n|upkeep\n|turn|38\n|\n|t:|1661605141\n|switch|p1a: Alakazam|Alakazam|79\/100\n|move|p2a: Dragonite|Wrap|p1a: Alakazam\n|-damage|p1a: Alakazam|72\/100\n|\n|upkeep\n|turn|39\n|\n|t:|1661605148\n|switch|p1a: Persian|Persian|62\/100\n|move|p2a: Dragonite|Wrap|p1a: Persian\n|-damage|p1a: Persian|55\/100\n|\n|upkeep\n|turn|40\n|\n|t:|1661605157\n|switch|p1a: Tauros|Tauros|88\/100 par\n|move|p2a: Dragonite|Wrap|p1a: Tauros\n|-damage|p1a: Tauros|84\/100 par\n|\n|upkeep\n|turn|41\n|\n|t:|1661605163\n|switch|p1a: Alakazam|Alakazam|72\/100\n|move|p2a: Dragonite|Wrap|p1a: Alakazam|[miss]\n|-miss|p2a: Dragonite\n|\n|upkeep\n|turn|42\n|\n|t:|1661605169\n|move|p2a: Dragonite|Wrap|p1a: Alakazam|[miss]\n|-miss|p2a: Dragonite\n|move|p1a: Alakazam|Thunder Wave|p2a: Dragonite\n|-status|p2a: Dragonite|par\n|\n|upkeep\n|turn|43\n|\n|t:|1661605176\n|move|p1a: Alakazam|Psychic|p2a: Dragonite\n|-crit|p2a: Dragonite\n|-damage|p2a: Dragonite|0 fnt\n|faint|p2a: Dragonite\n|c|\u2606Highv0ltag3|LOL\n|\n|t:|1661605182\n|switch|p2a: Tauros|Tauros|100\/100\n|turn|44\n|\n|t:|1661605188\n|move|p1a: Alakazam|Thunder Wave|p2a: Tauros\n|-status|p2a: Tauros|par\n|move|p2a: Tauros|Hyper Beam|p1a: Alakazam\n|-damage|p1a: Alakazam|0 fnt\n|faint|p1a: Alakazam\n|\n|t:|1661605198\n|switch|p1a: Persian|Persian|55\/100\n|turn|45\n|\n|t:|1661605202\n|move|p1a: Persian|Slash|p2a: Tauros\n|-crit|p2a: Tauros\n|-damage|p2a: Tauros|61\/100 par\n|move|p2a: Tauros|Body Slam|p1a: Persian\n|-damage|p1a: Persian|12\/100\n|\n|upkeep\n|turn|46\n|\n|t:|1661605209\n|move|p1a: Persian|Slash|p2a: Tauros\n|-crit|p2a: Tauros\n|-damage|p2a: Tauros|21\/100 par\n|move|p2a: Tauros|Body Slam|p1a: Persian\n|-damage|p1a: Persian|0 fnt\n|faint|p1a: Persian\n|\n|t:|1661605216\n|switch|p1a: Tauros|Tauros|84\/100 par\n|turn|47\n|\n|t:|1661605220\n|move|p2a: Tauros|Hyper Beam|p1a: Tauros\n|-crit|p1a: Tauros\n|-damage|p1a: Tauros|0 fnt\n|faint|p1a: Tauros\n|\n|win|Highv0ltag3\n|raw|Frank9289's rating: 1208 &rarr; <strong>1196<\/strong><br \/>(-12 for losing)\n|raw|Highv0ltag3's rating: 1402 &rarr; <strong>1412<\/strong><br \/>(+10 for winning)\n|c|\u2606Highv0ltag3|Gg\n|l|\u2606Highv0ltag3\n|l|\u2606Frank9289\n","uploadtime":1661605249,"views":8,"p1id":"frank9289","p2id":"highv0ltag3","formatid":"gen1ou","rating":1196,"private":0,"password":null}