{"id":"gen1randombattle-1683461088","p1":"LoSconosciuto","p2":"alpha male psyduck","format":"gen1randombattle","log":"|j|\u2606LoSconosciuto\n|j|\u2606alpha male psyduck\n|t:|1665527036\n|gametype|singles\n|player|p1|LoSconosciuto|#teamgapdos|\n|player|p2|alpha male psyduck|cyclist-gen4|\n|teamsize|p1|6\n|teamsize|p2|6\n|gen|1\n|tier|[Gen 1] Random Battle\n|rule|Desync Clause Mod: Desyncs changed to move failure.\n|rule|Sleep Clause Mod: Limit one foe put to sleep\n|rule|Freeze Clause Mod: Limit one foe frozen\n|rule|Species Clause: Limit one of each Pok\u00e9mon\n|rule|OHKO Clause: OHKO moves are banned\n|rule|Evasion Moves Clause: Evasion moves are banned\n|rule|Endless Battle Clause: Forcing endless battles is banned\n|rule|HP Percentage Mod: HP is shown in percentages\n|\n|t:|1665527036\n|start\n|switch|p1a: Lickitung|Lickitung, L77|297\/297\n|switch|p2a: Rhydon|Rhydon, L68|284\/284\n|turn|1\n|inactive|Battle timer is ON: inactive players will automatically lose when time's up. (requested by LoSconosciuto)\n|c|\u2606LoSconosciuto|hf\n|c|\u2606alpha male psyduck|you too\n|inactive|LoSconosciuto has 270 seconds left.\n|inactive|alpha male psyduck has 270 seconds left.\n|\n|t:|1665527081\n|switch|p1a: Ivysaur|Ivysaur, L80|260\/260\n|move|p2a: Rhydon|Earthquake|p1a: Ivysaur\n|-damage|p1a: Ivysaur|154\/260\n|\n|upkeep\n|turn|2\n|\n|t:|1665527101\n|switch|p2a: Hitmonchan|Hitmonchan, L77|235\/235\n|move|p1a: Ivysaur|Sleep Powder|p2a: Hitmonchan\n|-status|p2a: Hitmonchan|slp|[from] move: Sleep Powder\n|\n|upkeep\n|turn|3\n|\n|t:|1665527107\n|switch|p2a: Nidoran-M|Nidoran-M, L88|260\/260\n|move|p1a: Ivysaur|Razor Leaf|p2a: Nidoran-M\n|-crit|p2a: Nidoran-M\n|-resisted|p2a: Nidoran-M\n|-damage|p2a: Nidoran-M|189\/260\n|\n|upkeep\n|turn|4\n|\n|t:|1665527137\n|switch|p1a: Lickitung|Lickitung, L77|297\/297\n|move|p2a: Nidoran-M|Body Slam|p1a: Lickitung\n|-damage|p1a: Lickitung|242\/297\n|\n|upkeep\n|turn|5\n|\n|t:|1665527145\n|move|p2a: Nidoran-M|Blizzard|p1a: Lickitung\n|-damage|p1a: Lickitung|160\/297\n|move|p1a: Lickitung|Swords Dance|p1a: Lickitung\n|-boost|p1a: Lickitung|atk|2\n|\n|upkeep\n|turn|6\n|\n|t:|1665527170\n|move|p2a: Nidoran-M|Blizzard|p1a: Lickitung\n|-crit|p1a: Lickitung\n|-damage|p1a: Lickitung|1\/297\n|move|p1a: Lickitung|Earthquake|p2a: Nidoran-M\n|-supereffective|p2a: Nidoran-M\n|-damage|p2a: Nidoran-M|0 fnt\n|faint|p2a: Nidoran-M\n|\n|t:|1665527178\n|switch|p2a: Pinsir|Pinsir, L77|258\/258\n|turn|7\n|\n|t:|1665527197\n|move|p2a: Pinsir|Body Slam|p1a: Lickitung\n|-damage|p1a: Lickitung|0 fnt\n|faint|p1a: Lickitung\n|\n|t:|1665527200\n|switch|p1a: Arcanine|Arcanine, L77|297\/297\n|turn|8\n|\n|t:|1665527206\n|switch|p2a: Rhydon|Rhydon, L68|284\/284\n|move|p1a: Arcanine|Fire Blast|p2a: Rhydon\n|-resisted|p2a: Rhydon\n|-damage|p2a: Rhydon|195\/284\n|\n|upkeep\n|turn|9\n|\n|t:|1665527215\n|switch|p1a: Ivysaur|Ivysaur, L80|154\/260\n|move|p2a: Rhydon|Earthquake|p1a: Ivysaur\n|-damage|p1a: Ivysaur|39\/260\n|\n|upkeep\n|turn|10\n|\n|t:|1665527222\n|move|p1a: Ivysaur|Body Slam|p2a: Rhydon\n|-resisted|p2a: Rhydon\n|-damage|p2a: Rhydon|174\/284\n|-status|p2a: Rhydon|par\n|move|p2a: Rhydon|Body Slam|p1a: Ivysaur\n|-damage|p1a: Ivysaur|0 fnt\n|faint|p1a: Ivysaur\n|\n|t:|1665527238\n|switch|p1a: Graveler|Graveler, L80|252\/252\n|turn|11\n|j| GliscordabestM\n|\n|t:|1665527259\n|switch|p2a: Pinsir|Pinsir, L77|258\/258\n|move|p1a: Graveler|Earthquake|p2a: Pinsir\n|-resisted|p2a: Pinsir\n|-damage|p2a: Pinsir|211\/258\n|\n|upkeep\n|turn|12\n|\n|t:|1665527270\n|move|p2a: Pinsir|Body Slam|p1a: Graveler\n|-crit|p1a: Graveler\n|-resisted|p1a: Graveler\n|-damage|p1a: Graveler|198\/252\n|move|p1a: Graveler|Rock Slide|p2a: Pinsir\n|-supereffective|p2a: Pinsir\n|-damage|p2a: Pinsir|68\/258\n|\n|upkeep\n|turn|13\n|\n|t:|1665527281\n|move|p2a: Pinsir|Submission|p1a: Graveler\n|-crit|p1a: Graveler\n|-supereffective|p1a: Graveler\n|-damage|p1a: Graveler|7\/252\n|-damage|p2a: Pinsir|21\/258|[from] Recoil|[of] p1a: Graveler\n|move|p1a: Graveler|Rock Slide|p2a: Pinsir\n|-supereffective|p2a: Pinsir\n|-damage|p2a: Pinsir|0 fnt\n|faint|p2a: Pinsir\n|\n|t:|1665527291\n|switch|p2a: Mew|Mew, L65|265\/265\n|turn|14\n|\n|t:|1665527300\n|switch|p1a: Alakazam|Alakazam, L68|216\/216\n|move|p2a: Mew|Earthquake|p1a: Alakazam\n|-damage|p1a: Alakazam|141\/216\n|\n|upkeep\n|turn|15\n|\n|t:|1665527316\n|switch|p2a: Rhydon|Rhydon, L68|174\/284 par\n|move|p1a: Alakazam|Recover|p1a: Alakazam\n|-heal|p1a: Alakazam|216\/216\n|\n|upkeep\n|turn|16\n|inactive|alpha male psyduck has 270 seconds left.\n|\n|t:|1665527350\n|move|p1a: Alakazam|Psychic|p2a: Rhydon\n|-damage|p2a: Rhydon|38\/284 par\n|-unboost|p2a: Rhydon|spd|1\n|-unboost|p2a: Rhydon|spa|1\n|move|p2a: Rhydon|Earthquake|p1a: Alakazam\n|-damage|p1a: Alakazam|56\/216\n|\n|upkeep\n|turn|17\n|\n|t:|1665527357\n|move|p1a: Alakazam|Psychic|p2a: Rhydon\n|-crit|p2a: Rhydon\n|-damage|p2a: Rhydon|0 fnt\n|faint|p2a: Rhydon\n|\n|t:|1665527361\n|switch|p2a: Lickitung|Lickitung, L77|297\/297\n|turn|18\n|inactive|alpha male psyduck has 270 seconds left.\n|\n|t:|1665527381\n|switch|p1a: Lapras|Lapras, L71|331\/331\n|move|p2a: Lickitung|Body Slam|p1a: Lapras\n|-damage|p1a: Lapras|264\/331\n|-status|p1a: Lapras|par\n|\n|upkeep\n|turn|19\n|inactive|alpha male psyduck has 270 seconds left.\n|\n|t:|1665527404\n|move|p2a: Lickitung|Swords Dance|p2a: Lickitung\n|-boost|p2a: Lickitung|atk|2\n|cant|p1a: Lapras|par\n|\n|upkeep\n|turn|20\n|inactive|alpha male psyduck has 240 seconds left.\n|\n|t:|1665527444\n|move|p2a: Lickitung|Swords Dance|p2a: Lickitung\n|-boost|p2a: Lickitung|atk|2\n|move|p1a: Lapras|Blizzard|p2a: Lickitung\n|-damage|p2a: Lickitung|168\/297\n|\n|upkeep\n|turn|21\n|inactive|LoSconosciuto has 270 seconds left.\n|\n|t:|1665527486\n|move|p2a: Lickitung|Hyper Beam|p1a: Lapras\n|-damage|p1a: Lapras|0 fnt\n|faint|p1a: Lapras\n|\n|t:|1665527489\n|switch|p1a: Graveler|Graveler, L80|7\/252\n|turn|22\n|\n|t:|1665527498\n|switch|p2a: Hitmonchan|Hitmonchan, L77|235\/235 slp\n|move|p1a: Graveler|Explosion|p2a: Hitmonchan\n|-crit|p2a: Hitmonchan\n|-damage|p2a: Hitmonchan|0 fnt\n|faint|p2a: Hitmonchan\n|faint|p1a: Graveler\n|inactive|LoSconosciuto has 270 seconds left.\n|inactive|alpha male psyduck has 240 seconds left.\n|j| royzin\n|inactive|alpha male psyduck has 210 seconds left.\n|inactive|LoSconosciuto has 240 seconds left.\n|l| GliscordabestM\n|inactive|alpha male psyduck has 180 seconds left.\n|\n|t:|1665527588\n|switch|p2a: Lickitung|Lickitung, L77|168\/297\n|switch|p1a: Arcanine|Arcanine, L77|297\/297\n|turn|23\n|\n|t:|1665527594\n|move|p1a: Arcanine|Fire Blast|p2a: Lickitung\n|-damage|p2a: Lickitung|34\/297\n|move|p2a: Lickitung|Body Slam|p1a: Arcanine\n|-damage|p1a: Arcanine|235\/297\n|-status|p1a: Arcanine|par\n|\n|upkeep\n|turn|24\n|\n|t:|1665527605\n|move|p2a: Lickitung|Earthquake|p1a: Arcanine\n|-supereffective|p1a: Arcanine\n|-damage|p1a: Arcanine|131\/297 par\n|move|p1a: Arcanine|Reflect|p1a: Arcanine\n|-start|p1a: Arcanine|Reflect\n|\n|upkeep\n|turn|25\n|inactive|alpha male psyduck has 150 seconds left.\n|\n|t:|1665527629\n|move|p2a: Lickitung|Earthquake|p1a: Arcanine\n|-supereffective|p1a: Arcanine\n|-damage|p1a: Arcanine|78\/297 par\n|move|p1a: Arcanine|Body Slam|p2a: Lickitung\n|-damage|p2a: Lickitung|0 fnt\n|faint|p2a: Lickitung\n|inactive|alpha male psyduck has 150 seconds left.\n|\n|t:|1665527636\n|switch|p2a: Mew|Mew, L65|265\/265\n|turn|26\n|l| royzin\n|\n|t:|1665527655\n|move|p2a: Mew|Swords Dance|p2a: Mew\n|-boost|p2a: Mew|atk|2\n|move|p1a: Arcanine|Body Slam|p2a: Mew\n|-damage|p2a: Mew|205\/265\n|-status|p2a: Mew|par\n|\n|upkeep\n|turn|27\n|\n|t:|1665527667\n|cant|p2a: Mew|par\n|move|p1a: Arcanine|Fire Blast|p2a: Mew\n|-damage|p2a: Mew|90\/265 par\n|\n|upkeep\n|turn|28\n|\n|t:|1665527673\n|cant|p2a: Mew|par\n|cant|p1a: Arcanine|par\n|\n|upkeep\n|turn|29\n|\n|t:|1665527677\n|move|p2a: Mew|Earthquake|p1a: Arcanine\n|-crit|p1a: Arcanine\n|-supereffective|p1a: Arcanine\n|-damage|p1a: Arcanine|0 fnt\n|faint|p1a: Arcanine\n|\n|t:|1665527679\n|switch|p1a: Alakazam|Alakazam, L68|56\/216\n|turn|30\n|inactive|alpha male psyduck has 180 seconds left.\n|\n|t:|1665527702\n|move|p1a: Alakazam|Psychic|p2a: Mew\n|-crit|p2a: Mew\n|-resisted|p2a: Mew\n|-damage|p2a: Mew|0 fnt\n|faint|p2a: Mew\n|\n|win|LoSconosciuto\n|c|\u2606alpha male psyduck|damn\n|c|\u2606alpha male psyduck|gg\n|c|\u2606LoSconosciuto|sorry\n|c|\u2606LoSconosciuto|gg\n","inputlog":">version ee3903879dd92fa0a0bba6303065983b970e844a\n>start {\"formatid\":\"gen1randombattle\",\"seed\":[6465,59427,349,65064]}\n>player p1 {\"name\":\"LoSconosciuto\",\"avatar\":\"#teamgapdos\",\"rating\":0,\"seed\":[11744,60266,62148,12087]}\n>player p2 {\"name\":\"alpha male psyduck\",\"avatar\":\"cyclist-gen4\",\"rating\":0,\"seed\":[24352,12371,17912,55674]}\n>chat \u2606LoSconosciuto|hf\n>chat \u2606alpha male psyduck|you too\n>p1 switch 5\n>p2 move earthquake\n>p1 move sleeppowder\n>p2 switch 4\n>p1 move razorleaf\n>p2 switch 5\n>p1 switch 5\n>p2 move bodyslam\n>p1 move swordsdance\n>p2 move blizzard\n>p1 move earthquake\n>p2 move blizzard\n>p2 switch 2\n>p1 move bodyslam\n>p2 move bodyslam\n>p1 switch 3\n>p1 move fireblast\n>p2 switch 4\n>p1 switch 5\n>p2 move earthquake\n>p1 move bodyslam\n>p2 move bodyslam\n>p1 switch 2\n>p1 move earthquake\n>p2 switch 4\n>p1 move rockslide\n>p2 move bodyslam\n>p1 move rockslide\n>p2 move submission\n>p2 switch 3\n>p1 switch 4\n>p2 move earthquake\n>p1 move recover\n>p2 switch 4\n>p1 move psychic\n>p2 move earthquake\n>p1 move psychic\n>p2 move earthquake\n>p2 switch 6\n>p1 switch 6\n>p2 move bodyslam\n>p1 move blizzard\n>p2 move swordsdance\n>p1 move blizzard\n>p2 move swordsdance\n>p1 move blizzard\n>p2 move hyperbeam\n>p1 switch 4\n>p1 move explosion\n>p2 switch 5\n>p1 switch 5\n>p2 switch 5\n>p1 move fireblast\n>p2 move bodyslam\n>p1 move reflect\n>p2 move earthquake\n>p1 move bodyslam\n>p2 move earthquake\n>p2 switch 4\n>p1 move bodyslam\n>p2 move swordsdance\n>p1 move fireblast\n>p2 move earthquake\n>p1 move fireblast\n>p2 move earthquake\n>p1 move fireblast\n>p2 move earthquake\n>p1 switch 6\n>p1 move psychic\n>p2 move earthquake","uploadtime":1665527710,"views":17,"p1id":"losconosciuto","p2id":"alphamalepsyduck","formatid":"gen1randombattle","rating":0,"private":0,"password":null}