{"id":"gen1customgame-1497285623","p1":"ZCopen","p2":"VirginJimmy99","format":"gen1customgame","log":"|j|\u2606ZCopen\n|j|\u2606VirginJimmy99\n|t:|1642999917\n|gametype|singles\n|player|p1|ZCopen|waitress-gen4|\n|player|p2|VirginJimmy99|rocketgrunt|\n|teamsize|p1|6\n|teamsize|p2|6\n|gen|1\n|tier|[Gen 1] Custom Game\n|rule|HP Percentage Mod: HP is shown in percentages\n|rule|Desync Clause Mod: Desyncs changed to move failure.\n|\n|t:|1642999917\n|start\n|switch|p1a: Darkrai|Darkrai|343\/343\n|switch|p2a: Palkia|Palkia|383\/383\n|-ability|p2a: Palkia|Pressure|[silent]\n|turn|1\n|inactive|Battle timer is ON: inactive players will automatically lose when time's up. (requested by ZCopen)\n|j| yddonaldRAIN\n|c|\u2606ZCopen|choose a sack lmaooooooooooooooo\n|\n|t:|1642999935\n|move|p1a: Darkrai|Dark Void|p2a: Palkia\n|-status|p2a: Palkia|slp|[from] move: Dark Void\n|cant|p2a: Palkia|slp\n|\n|upkeep\n|turn|2\n|c|\u2606VirginJimmy99|o\n|c|\u2606VirginJimmy99|uh OH\n|\n|t:|1642999942\n|move|p1a: Darkrai|Nasty Plot|p1a: Darkrai\n|-boost|p1a: Darkrai|spa|2\n|cant|p2a: Palkia|slp\n|\n|upkeep\n|turn|3\n|\n|t:|1642999945\n|move|p1a: Darkrai|Spacial Rend|p2a: Palkia\n|-crit|p2a: Palkia\n|debug|Negating (sp)atk boost\/penalty.\n|debug|Negating (sp)def boost\/penalty.\n|-supereffective|p2a: Palkia\n|-damage|p2a: Palkia|0 fnt\n|faint|p2a: Palkia\n|\n|t:|1642999958\n|switch|p2a: Kyogre|Kyogre|403\/403\n|-weather|RainDance|[from] ability: Drizzle|[of] p2a: Kyogre\n|turn|4\n|c|\u2606VirginJimmy99|DRIZZLEEEe\n|c|\u2606ZCopen|mans has abilities\n|c|\u2606VirginJimmy99|oops\n|\n|t:|1642999969\n|move|p1a: Darkrai|Dark Void|p2a: Kyogre\n|-status|p2a: Kyogre|slp|[from] move: Dark Void\n|cant|p2a: Kyogre|slp\n|\n|-weather|RainDance|[upkeep]\n|upkeep\n|turn|5\n|c|\u2606ZCopen|no match for my ABUSE SLEEP STRAT\n|c|\u2606VirginJimmy99|REEEEEE\n|\n|t:|1642999986\n|move|p1a: Darkrai|Dark Pulse|p2a: Kyogre\n|-damage|p2a: Kyogre|189\/403 slp\n|cant|p2a: Kyogre|slp\n|\n|-weather|RainDance|[upkeep]\n|upkeep\n|turn|6\n|\n|t:|1642999991\n|move|p1a: Darkrai|Dark Pulse|p2a: Kyogre\n|-damage|p2a: Kyogre|0 fnt\n|faint|p2a: Kyogre\n|c|\u2606VirginJimmy99|y this move have\n|c|\u2606VirginJimmy99|100 acc\n|c|\u2606VirginJimmy99|pAIn\n|c|\u2606ZCopen|80 moment\n|\n|t:|1643000000\n|switch|p2a: Necrozma|Necrozma-Dusk-Mane|397\/397\n|turn|7\n|c|\u2606VirginJimmy99|fear\n|\n|t:|1643000005\n|move|p1a: Darkrai|Dark Pulse|p2a: Necrozma\n|-crit|p2a: Necrozma\n|debug|Negating (sp)atk boost\/penalty.\n|debug|Negating (sp)def boost\/penalty.\n|-resisted|p2a: Necrozma\n|-damage|p2a: Necrozma|268\/397\n|move|p2a: Necrozma|Sunsteel Strike|p1a: Darkrai\n|-damage|p1a: Darkrai|180\/343\n|\n|-weather|RainDance|[upkeep]\n|upkeep\n|turn|8\n|c|\u2606VirginJimmy99|oh right\n|c|\u2606ZCopen|RESIST\n|c|\u2606VirginJimmy99|pRISMMmmmm\n|c|\u2606VirginJimmy99|oh wait\n|\n|t:|1643000027\n|move|p1a: Darkrai|Dark Void|p2a: Necrozma\n|-status|p2a: Necrozma|slp|[from] move: Dark Void\n|cant|p2a: Necrozma|slp\n|\n|-weather|RainDance|[upkeep]\n|upkeep\n|turn|9\n|\n|t:|1643000032\n|move|p1a: Darkrai|Nasty Plot|p1a: Darkrai\n|-boost|p1a: Darkrai|spa|2\n|cant|p2a: Necrozma|slp\n|\n|-weather|RainDance|[upkeep]\n|upkeep\n|turn|10\n|\n|t:|1643000037\n|move|p1a: Darkrai|Nasty Plot|p1a: Darkrai\n|-boost|p1a: Darkrai|spa|2\n|-curestatus|p2a: Necrozma|slp|[msg]\n|\n|-weather|RainDance|[upkeep]\n|upkeep\n|turn|11\n|\n|t:|1643000040\n|move|p1a: Darkrai|Dark Void|p2a: Necrozma\n|-status|p2a: Necrozma|slp|[from] move: Dark Void\n|cant|p2a: Necrozma|slp\n|\n|-weather|RainDance|[upkeep]\n|upkeep\n|turn|12\n|\n|t:|1643000045\n|move|p1a: Darkrai|Dark Pulse|p2a: Necrozma\n|-resisted|p2a: Necrozma\n|-damage|p2a: Necrozma|90\/397 slp\n|-curestatus|p2a: Necrozma|slp|[msg]\n|\n|-weather|RainDance|[upkeep]\n|upkeep\n|turn|13\n|c|\u2606VirginJimmy99|send help\n|\n|t:|1643000049\n|move|p1a: Darkrai|Dark Pulse|p2a: Necrozma\n|-resisted|p2a: Necrozma\n|-damage|p2a: Necrozma|0 fnt\n|faint|p2a: Necrozma\n|\n|t:|1643000051\n|switch|p2a: Groudon|Groudon|340\/340\n|-weather|SunnyDay|[from] ability: Drought|[of] p2a: Groudon\n|turn|14\n|c|\u2606ZCopen|suck\n|\n|t:|1643000056\n|move|p1a: Darkrai|Dark Pulse|p2a: Groudon\n|-damage|p2a: Groudon|0 fnt\n|faint|p2a: Groudon\n|c|\u2606VirginJimmy99|indeed\n|c|\u2606VirginJimmy99|succ\n|\n|t:|1643000061\n|switch|p2a: Ho-Oh|Ho-Oh|415\/415\n|-ability|p2a: Ho-Oh|Pressure|[silent]\n|turn|15\n|\n|t:|1643000064\n|move|p1a: Darkrai|Dark Pulse|p2a: Ho-Oh\n|-crit|p2a: Ho-Oh\n|debug|Negating (sp)atk boost\/penalty.\n|debug|Negating (sp)def boost\/penalty.\n|-damage|p2a: Ho-Oh|247\/415\n|cant|p2a: Ho-Oh|flinch\n|\n|-weather|SunnyDay|[upkeep]\n|upkeep\n|turn|16\n|c|\u2606ZCopen|L\n|\n|t:|1643000071\n|move|p1a: Darkrai|Dark Pulse|p2a: Ho-Oh\n|-damage|p2a: Ho-Oh|12\/415\n|move|p2a: Ho-Oh|Brave Bird|p1a: Darkrai\n|-crit|p1a: Darkrai\n|debug|Negating (sp)atk boost\/penalty.\n|debug|Negating (sp)def boost\/penalty.\n|-damage|p1a: Darkrai|0 fnt\n|-damage|p2a: Ho-Oh|0 fnt|[from] Recoil|[of] p1a: Darkrai\n|faint|p1a: Darkrai\n|faint|p2a: Ho-Oh\n|c|\u2606ZCopen|YOOOOOOO\n|c|\u2606VirginJimmy99|YESSSS\n|c|\u2606VirginJimmy99|I LIVED\n|\n|t:|1643000084\n|switch|p1a: Palkia|Palkia|383\/383\n|switch|p2a: Rayquaza|Rayquaza|350\/350\n|turn|17\n|c|\u2606ZCopen|sike\n|\n|t:|1643000110\n|move|p1a: Palkia|Blizzard|p2a: Rayquaza\n|-crit|p2a: Rayquaza\n|debug|Negating (sp)atk boost\/penalty.\n|debug|Negating (sp)def boost\/penalty.\n|-supereffective|p2a: Rayquaza\n|-damage|p2a: Rayquaza|0 fnt\n|faint|p2a: Rayquaza\n|\n|win|ZCopen\n|c|\u2606VirginJimmy99|ow\n","uploadtime":1643000118,"views":8,"p1id":"zcopen","p2id":"virginjimmy99","formatid":"gen1customgame","rating":0,"private":0,"password":null}