{"id":"gen1randombattle-1690051170","p1":"CollectorEly","p2":"LoSconosciuto","format":"gen1randombattle","log":"|j|\u2606CollectorEly\n|j|\u2606LoSconosciuto\n|t:|1666228859\n|gametype|singles\n|player|p1|CollectorEly|erika|\n|player|p2|LoSconosciuto|#teamgapdos|\n|teamsize|p1|6\n|teamsize|p2|6\n|gen|1\n|tier|[Gen 1] Random Battle\n|rule|Desync Clause Mod: Desyncs changed to move failure.\n|rule|Sleep Clause Mod: Limit one foe put to sleep\n|rule|Freeze Clause Mod: Limit one foe frozen\n|rule|Species Clause: Limit one of each Pok\u00e9mon\n|rule|OHKO Clause: OHKO moves are banned\n|rule|Evasion Moves Clause: Evasion moves are banned\n|rule|Endless Battle Clause: Forcing endless battles is banned\n|rule|HP Percentage Mod: HP is shown in percentages\n|\n|t:|1666228859\n|start\n|switch|p1a: Charmeleon|Charmeleon, L80|257\/257\n|switch|p2a: Dratini|Dratini, L88|252\/252\n|turn|1\n|inactive|Battle timer is ON: inactive players will automatically lose when time's up. (requested by LoSconosciuto)\n|c|\u2606LoSconosciuto|hf\n|c|\u2606CollectorEly|u2\n|inactive|CollectorEly has 270 seconds left.\n|inactive|LoSconosciuto has 270 seconds left.\n|\n|t:|1666228905\n|move|p1a: Charmeleon|Body Slam|p2a: Dratini\n|-crit|p2a: Dratini\n|-damage|p2a: Dratini|145\/252\n|move|p2a: Dratini|Thunder Wave|p1a: Charmeleon\n|-status|p1a: Charmeleon|par\n|\n|upkeep\n|turn|2\n|\n|t:|1666228919\n|switch|p2a: Rhydon|Rhydon, L68|284\/284\n|move|p1a: Charmeleon|Body Slam|p2a: Rhydon\n|-crit|p2a: Rhydon\n|-resisted|p2a: Rhydon\n|-damage|p2a: Rhydon|242\/284\n|\n|upkeep\n|turn|3\n|\n|t:|1666228943\n|switch|p1a: Primeape|Primeape, L77|258\/258\n|move|p2a: Rhydon|Earthquake|p1a: Primeape\n|-damage|p1a: Primeape|144\/258\n|\n|upkeep\n|turn|4\n|\n|t:|1666228954\n|switch|p2a: Electabuzz|Electabuzz, L74|249\/249\n|move|p1a: Primeape|Submission|p2a: Electabuzz\n|-damage|p2a: Electabuzz|139\/249\n|-damage|p1a: Primeape|117\/258|[from] Recoil|[of] p2a: Electabuzz\n|\n|upkeep\n|turn|5\n|\n|t:|1666228961\n|switch|p1a: Parasect|Parasect, L77|251\/251\n|move|p2a: Electabuzz|Psychic|p1a: Parasect\n|-damage|p1a: Parasect|201\/251\n|\n|upkeep\n|turn|6\n|\n|t:|1666228972\n|switch|p2a: Dratini|Dratini, L88|145\/252\n|move|p1a: Parasect|Body Slam|p2a: Dratini\n|-damage|p2a: Dratini|76\/252\n|\n|upkeep\n|turn|7\n|j| Teres BAHJI\n|\n|t:|1666228980\n|switch|p1a: Charmeleon|Charmeleon, L80|257\/257 par\n|move|p2a: Dratini|Blizzard|p1a: Charmeleon\n|-damage|p1a: Charmeleon|180\/257 par\n|\n|upkeep\n|turn|8\n|\n|t:|1666228987\n|switch|p2a: Rhydon|Rhydon, L68|242\/284\n|move|p1a: Charmeleon|Slash|p2a: Rhydon\n|-crit|p2a: Rhydon\n|-resisted|p2a: Rhydon\n|-damage|p2a: Rhydon|208\/284\n|\n|upkeep\n|turn|9\n|\n|t:|1666228993\n|move|p2a: Rhydon|Earthquake|p1a: Charmeleon\n|-crit|p1a: Charmeleon\n|-supereffective|p1a: Charmeleon\n|-damage|p1a: Charmeleon|0 fnt\n|faint|p1a: Charmeleon\n|inactive|CollectorEly has 270 seconds left.\n|\n|t:|1666229028\n|switch|p1a: Meowth|Meowth, L88|250\/250\n|turn|10\n|\n|t:|1666229033\n|switch|p2a: Lapras|Lapras, L71|331\/331\n|move|p1a: Meowth|Bubble Beam|p2a: Lapras\n|-resisted|p2a: Lapras\n|-damage|p2a: Lapras|315\/331\n|\n|upkeep\n|turn|11\n|inactive|CollectorEly has 270 seconds left.\n|inactive|CollectorEly has 240 seconds left.\n|\n|t:|1666229089\n|move|p1a: Meowth|Thunder|p2a: Lapras\n|-crit|p2a: Lapras\n|-supereffective|p2a: Lapras\n|-damage|p2a: Lapras|59\/331\n|move|p2a: Lapras|Blizzard|p1a: Meowth\n|-damage|p1a: Meowth|122\/250\n|\n|upkeep\n|turn|12\n|inactive|CollectorEly has 240 seconds left.\n|\n|t:|1666229109\n|switch|p2a: Dratini|Dratini, L88|76\/252\n|move|p1a: Meowth|Slash|p2a: Dratini\n|-crit|p2a: Dratini\n|-damage|p2a: Dratini|0 fnt\n|faint|p2a: Dratini\n|\n|t:|1666229112\n|switch|p2a: Venomoth|Venomoth, L77|266\/266\n|turn|13\n|inactive|CollectorEly has 240 seconds left.\n|\n|t:|1666229130\n|switch|p1a: Primeape|Primeape, L77|117\/258\n|move|p2a: Venomoth|Psychic|p1a: Primeape\n|-supereffective|p1a: Primeape\n|-damage|p1a: Primeape|0 fnt\n|faint|p1a: Primeape\n|inactive|CollectorEly has 240 seconds left.\n|\n|t:|1666229142\n|switch|p1a: Jigglypuff|Jigglypuff, L88|382\/382\n|turn|14\n|\n|t:|1666229146\n|move|p2a: Venomoth|Sleep Powder|p1a: Jigglypuff\n|-status|p1a: Jigglypuff|slp|[from] move: Sleep Powder\n|cant|p1a: Jigglypuff|slp\n|\n|upkeep\n|turn|15\n|\n|t:|1666229152\n|switch|p2a: Lapras|Lapras, L71|59\/331\n|switch|p1a: Parasect|Parasect, L77|201\/251\n|\n|upkeep\n|turn|16\n|\n|t:|1666229164\n|move|p2a: Lapras|Blizzard|p1a: Parasect\n|-supereffective|p1a: Parasect\n|-damage|p1a: Parasect|0 fnt\n|faint|p1a: Parasect\n|\n|t:|1666229170\n|switch|p1a: Dratini|Dratini, L88|252\/252\n|turn|17\n|\n|t:|1666229181\n|switch|p2a: Venomoth|Venomoth, L77|266\/266\n|move|p1a: Dratini|Body Slam|p2a: Venomoth\n|-damage|p2a: Venomoth|200\/266\n|\n|upkeep\n|turn|18\n|\n|t:|1666229191\n|move|p2a: Venomoth|Stun Spore|p1a: Dratini\n|-status|p1a: Dratini|par\n|move|p1a: Dratini|Body Slam|p2a: Venomoth\n|-damage|p2a: Venomoth|125\/266\n|\n|upkeep\n|turn|19\n|inactive|CollectorEly has 270 seconds left.\n|\n|t:|1666229203\n|move|p2a: Venomoth|Psychic|p1a: Dratini\n|-crit|p1a: Dratini\n|-damage|p1a: Dratini|116\/252 par\n|cant|p1a: Dratini|par\n|\n|upkeep\n|turn|20\n|\n|t:|1666229214\n|move|p2a: Venomoth|Psychic|p1a: Dratini\n|-damage|p1a: Dratini|47\/252 par\n|-unboost|p1a: Dratini|spd|1\n|-unboost|p1a: Dratini|spa|1\n|cant|p1a: Dratini|par\n|\n|upkeep\n|turn|21\n|\n|t:|1666229224\n|move|p2a: Venomoth|Psychic|p1a: Dratini\n|-damage|p1a: Dratini|0 fnt\n|faint|p1a: Dratini\n|\n|t:|1666229227\n|switch|p1a: Meowth|Meowth, L88|122\/250\n|turn|22\n|\n|t:|1666229241\n|switch|p2a: Lapras|Lapras, L71|59\/331\n|move|p1a: Meowth|Slash|p2a: Lapras\n|-crit|p2a: Lapras\n|-damage|p2a: Lapras|0 fnt\n|faint|p2a: Lapras\n|\n|t:|1666229256\n|switch|p2a: Snorlax|Snorlax, L68|358\/358\n|turn|23\n|\n|t:|1666229274\n|move|p1a: Meowth|Thunder|p2a: Snorlax\n|-damage|p2a: Snorlax|278\/358\n|move|p2a: Snorlax|Hyper Beam|p1a: Meowth\n|-damage|p1a: Meowth|0 fnt\n|faint|p1a: Meowth\n|\n|t:|1666229279\n|switch|p1a: Jigglypuff|Jigglypuff, L88|382\/382 slp\n|turn|24\n|\n|t:|1666229281\n|move|p2a: Snorlax|Self-Destruct|p1a: Jigglypuff\n|-damage|p1a: Jigglypuff|4\/382 slp\n|faint|p2a: Snorlax\n|c|\u2606LoSconosciuto|gg\n|\n|t:|1666229285\n|switch|p2a: Electabuzz|Electabuzz, L74|139\/249\n|turn|25\n|\n|t:|1666229287\n|move|p2a: Electabuzz|Thunderbolt|p1a: Jigglypuff\n|-crit|p1a: Jigglypuff\n|-damage|p1a: Jigglypuff|0 fnt\n|faint|p1a: Jigglypuff\n|\n|win|LoSconosciuto\n|l|\u2606CollectorEly\n|l| Teres BAHJI\n","inputlog":">version 9c5d654b898167f5ae9ca6e9cc2965040adf185e\n>start {\"formatid\":\"gen1randombattle\",\"seed\":[23243,49743,43968,53040]}\n>player p1 {\"name\":\"CollectorEly\",\"avatar\":\"erika\",\"rating\":0,\"seed\":[9139,12566,31889,33970]}\n>player p2 {\"name\":\"LoSconosciuto\",\"avatar\":\"#teamgapdos\",\"rating\":0,\"seed\":[53039,6377,18840,20941]}\n>chat \u2606LoSconosciuto|hf\n>chat \u2606CollectorEly|u2\n>p1 move bodyslam\n>p2 move thunderwave\n>p1 move bodyslam\n>p2 switch 4\n>p1 switch 3\n>p2 move earthquake\n>p1 move submission\n>p2 switch 2\n>p1 switch 6\n>p2 move psychic\n>p1 move bodyslam\n>p2 switch 4\n>p1 switch 3\n>p2 move blizzard\n>p1 move slash\n>p2 switch 2\n>p1 move fireblast\n>p2 move earthquake\n>p1 switch 2\n>p1 move bubblebeam\n>p2 switch 3\n>p1 move thunder\n>p2 move blizzard\n>p1 move slash\n>p2 switch 2\n>p2 switch 5\n>p1 switch 6\n>p2 move psychic\n>p1 switch 4\n>p1 move thunderwave\n>p2 move sleeppowder\n>p1 switch 3\n>p2 switch 2\n>p1 move megadrain\n>p2 move blizzard\n>p1 switch 5\n>p1 move bodyslam\n>p2 switch 2\n>p1 move bodyslam\n>p2 move stunspore\n>p1 move bodyslam\n>p2 move psychic\n>p1 move bodyslam\n>p2 move psychic\n>p1 move bodyslam\n>p2 move psychic\n>p1 switch 6\n>p1 move slash\n>p2 switch 2\n>p2 switch 6\n>p1 move thunder\n>p2 move hyperbeam\n>p1 switch 3\n>p1 move counter\n>p2 move selfdestruct\n>chat \u2606LoSconosciuto|gg\n>p2 switch 4\n>p1 move counter\n>p2 move thunderbolt","uploadtime":1666229296,"views":8,"p1id":"collectorely","p2id":"losconosciuto","formatid":"gen1randombattle","rating":0,"private":0,"password":null}