{"id":"gen1ou-1623645866","p1":"thekookietitan","p2":"LOU DORT","format":"gen1ou","log":"|j|\u2606thekookietitan\n|j|\u2606LOU DORT\n|inactive|Battle timer is ON: inactive players will automatically lose when time's up.\n|t:|1658600937\n|gametype|singles\n|player|p1|thekookietitan|iris-gen5bw2|\n|player|p2|LOU DORT|266|\n|teamsize|p1|6\n|teamsize|p2|6\n|gen|1\n|tier|[Gen 1] OU\n|rated|Tournament battle\n|rule|Desync Clause Mod: Desyncs changed to move failure.\n|rule|Sleep Clause Mod: Limit one foe put to sleep\n|rule|Freeze Clause Mod: Limit one foe frozen\n|rule|Species Clause: Limit one of each Pok\u00e9mon\n|rule|OHKO Clause: OHKO moves are banned\n|rule|Evasion Moves Clause: Evasion moves are banned\n|rule|Endless Battle Clause: Forcing endless battles is banned\n|rule|HP Percentage Mod: HP is shown in percentages\n|\n|t:|1658600937\n|start\n|switch|p1a: Alakazam|Alakazam|100\/100\n|switch|p2a: Starmie|Starmie|100\/100\n|turn|1\n|inactive|LOU DORT also wants the timer to be on.\n|j| Drop a burn\n|\n|t:|1658600948\n|move|p1a: Alakazam|Thunder Wave|p2a: Starmie\n|-status|p2a: Starmie|par\n|move|p2a: Starmie|Thunder Wave|p1a: Alakazam\n|-status|p1a: Alakazam|par\n|\n|upkeep\n|turn|2\n|l| Drop a burn\n|\n|t:|1658600960\n|switch|p1a: Exeggutor|Exeggutor|100\/100\n|cant|p2a: Starmie|par\n|\n|upkeep\n|turn|3\n|\n|t:|1658600964\n|move|p1a: Exeggutor|Mega Drain|p2a: Starmie\n|-crit|p2a: Starmie\n|-supereffective|p2a: Starmie\n|-damage|p2a: Starmie|35\/100 par\n|cant|p2a: Starmie|par\n|\n|upkeep\n|turn|4\n|\n|t:|1658600969\n|move|p1a: Exeggutor|Mega Drain|p2a: Starmie\n|-supereffective|p2a: Starmie\n|-damage|p2a: Starmie|2\/100 par\n|move|p2a: Starmie|Recover|p2a: Starmie\n|-heal|p2a: Starmie|52\/100 par\n|\n|upkeep\n|turn|5\n|\n|t:|1658600972\n|move|p1a: Exeggutor|Mega Drain|p2a: Starmie\n|-supereffective|p2a: Starmie\n|-damage|p2a: Starmie|15\/100 par\n|move|p2a: Starmie|Recover|p2a: Starmie\n|-heal|p2a: Starmie|65\/100 par\n|\n|upkeep\n|turn|6\n|\n|t:|1658600975\n|move|p1a: Exeggutor|Mega Drain|p2a: Starmie\n|-supereffective|p2a: Starmie\n|-damage|p2a: Starmie|27\/100 par\n|move|p2a: Starmie|Thunder Wave|p1a: Exeggutor\n|-status|p1a: Exeggutor|par\n|\n|upkeep\n|turn|7\n|\n|t:|1658600978\n|move|p2a: Starmie|Blizzard|p1a: Exeggutor\n|-supereffective|p1a: Exeggutor\n|-damage|p1a: Exeggutor|61\/100 par\n|move|p1a: Exeggutor|Mega Drain|p2a: Starmie\n|-supereffective|p2a: Starmie\n|-damage|p2a: Starmie|0 fnt\n|-heal|p1a: Exeggutor|72\/100 par|[from] drain|[of] p2a: Starmie\n|faint|p2a: Starmie\n|j| pokewile\n|j| SubmergedWater\n|inactive|LOU DORT has 120 seconds left.\n|inactive|LOU DORT has 90 seconds left.\n|\n|t:|1658601055\n|switch|p2a: Snorlax|Snorlax|100\/100\n|turn|8\n|\n|t:|1658601068\n|move|p2a: Snorlax|Reflect|p2a: Snorlax\n|-start|p2a: Snorlax|Reflect\n|move|p1a: Exeggutor|Sleep Powder|p2a: Snorlax\n|-status|p2a: Snorlax|slp|[from] move: Sleep Powder\n|\n|upkeep\n|turn|9\n|\n|t:|1658601074\n|switch|p1a: Rhydon|Rhydon|100\/100\n|-curestatus|p2a: Snorlax|slp|[msg]\n|\n|upkeep\n|turn|10\n|inactive|LOU DORT has 90 seconds left.\n|\n|t:|1658601101\n|switch|p2a: Exeggutor|Exeggutor|100\/100\n|move|p1a: Rhydon|Substitute|p1a: Rhydon\n|-start|p1a: Rhydon|Substitute\n|-damage|p1a: Rhydon|76\/100\n|\n|upkeep\n|turn|11\n|\n|t:|1658601107\n|move|p2a: Exeggutor|Psychic|p1a: Rhydon\n|-end|p1a: Rhydon|Substitute\n|move|p1a: Rhydon|Body Slam|p2a: Exeggutor\n|-damage|p2a: Exeggutor|79\/100\n|-status|p2a: Exeggutor|par\n|\n|upkeep\n|turn|12\n|\n|t:|1658601116\n|switch|p1a: Chansey|Chansey|100\/100\n|move|p2a: Exeggutor|Psychic|p1a: Chansey\n|-damage|p1a: Chansey|84\/100\n|\n|upkeep\n|turn|13\n|\n|t:|1658601121\n|move|p1a: Chansey|Ice Beam|p2a: Exeggutor\n|-supereffective|p2a: Exeggutor\n|-damage|p2a: Exeggutor|47\/100 par\n|cant|p2a: Exeggutor|par\n|\n|upkeep\n|turn|14\n|\n|t:|1658601126\n|move|p1a: Chansey|Ice Beam|p2a: Exeggutor\n|-crit|p2a: Exeggutor\n|-supereffective|p2a: Exeggutor\n|-damage|p2a: Exeggutor|0 fnt\n|faint|p2a: Exeggutor\n|inactive|LOU DORT has 120 seconds left.\n|\n|t:|1658601137\n|switch|p2a: Alakazam|Alakazam|100\/100\n|turn|15\n|\n|t:|1658601140\n|move|p2a: Alakazam|Thunder Wave|p1a: Chansey\n|-status|p1a: Chansey|par\n|move|p1a: Chansey|Thunder Wave|p2a: Alakazam\n|-status|p2a: Alakazam|par\n|\n|upkeep\n|turn|16\n|\n|t:|1658601146\n|move|p2a: Alakazam|Seismic Toss|p1a: Chansey\n|-damage|p1a: Chansey|70\/100 par\n|move|p1a: Chansey|Ice Beam|p2a: Alakazam\n|-damage|p2a: Alakazam|80\/100 par\n|\n|upkeep\n|turn|17\n|\n|t:|1658601151\n|move|p2a: Alakazam|Psychic|p1a: Chansey\n|-damage|p1a: Chansey|53\/100 par\n|-unboost|p1a: Chansey|spd|1\n|-unboost|p1a: Chansey|spa|1\n|move|p1a: Chansey|Ice Beam|p2a: Alakazam\n|-damage|p2a: Alakazam|66\/100 par\n|\n|upkeep\n|turn|18\n|\n|t:|1658601156\n|switch|p1a: Snorlax|Snorlax|100\/100\n|move|p2a: Alakazam|Psychic|p1a: Snorlax\n|-crit|p1a: Snorlax\n|-damage|p1a: Snorlax|40\/100\n|\n|upkeep\n|turn|19\n|\n|t:|1658601160\n|move|p1a: Snorlax|Self-Destruct|p2a: Alakazam\n|-damage|p2a: Alakazam|0 fnt\n|faint|p2a: Alakazam\n|faint|p1a: Snorlax\n|\n|t:|1658601169\n|switch|p1a: Tauros|Tauros|100\/100\n|switch|p2a: Chansey|Chansey|100\/100\n|turn|20\n|\n|t:|1658601173\n|move|p1a: Tauros|Body Slam|p2a: Chansey\n|-crit|p2a: Chansey\n|-damage|p2a: Chansey|22\/100\n|move|p2a: Chansey|Thunder Wave|p1a: Tauros\n|-status|p1a: Tauros|par\n|\n|upkeep\n|turn|21\n|\n|t:|1658601176\n|move|p2a: Chansey|Soft-Boiled|p2a: Chansey\n|-heal|p2a: Chansey|72\/100\n|move|p1a: Tauros|Body Slam|p2a: Chansey\n|-damage|p2a: Chansey|31\/100\n|\n|upkeep\n|turn|22\n|c| pokewile|oof a crit\n|\n|t:|1658601179\n|move|p2a: Chansey|Soft-Boiled|p2a: Chansey\n|-heal|p2a: Chansey|80\/100\n|cant|p1a: Tauros|par\n|\n|upkeep\n|turn|23\n|c| pokewile|oh right\n|c| pokewile|gen 1 crits\n|\n|t:|1658601188\n|move|p2a: Chansey|Thunderbolt|p1a: Tauros\n|-damage|p1a: Tauros|72\/100 par\n|cant|p1a: Tauros|par\n|\n|upkeep\n|turn|24\n|c| pokewile|scale with speed\n|\n|t:|1658601192\n|switch|p1a: Rhydon|Rhydon|76\/100\n|move|p2a: Chansey|Thunderbolt|p1a: Rhydon\n|-immune|p1a: Rhydon\n|\n|upkeep\n|turn|25\n|\n|t:|1658601195\n|move|p2a: Chansey|Ice Beam|p1a: Rhydon\n|-supereffective|p1a: Rhydon\n|-damage|p1a: Rhydon|20\/100\n|move|p1a: Rhydon|Substitute|p1a: Rhydon\n|-fail|p1a: Rhydon|move: Substitute|[weak]\n|\n|upkeep\n|turn|26\n|\n|t:|1658601203\n|switch|p1a: Chansey|Chansey|53\/100 par\n|move|p2a: Chansey|Ice Beam|p1a: Chansey\n|-damage|p1a: Chansey|43\/100 par\n|\n|upkeep\n|turn|27\n|\n|t:|1658601210\n|switch|p2a: Snorlax|Snorlax|100\/100\n|move|p1a: Chansey|Soft-Boiled|p1a: Chansey\n|-heal|p1a: Chansey|93\/100 par\n|\n|upkeep\n|turn|28\n|\n|t:|1658601213\n|move|p2a: Snorlax|Reflect|p2a: Snorlax\n|-start|p2a: Snorlax|Reflect\n|move|p1a: Chansey|Thunder Wave|p2a: Snorlax\n|-status|p2a: Snorlax|par\n|\n|upkeep\n|turn|29\n|\n|t:|1658601221\n|cant|p1a: Chansey|par\n|move|p2a: Snorlax|Body Slam|p1a: Chansey\n|-damage|p1a: Chansey|53\/100 par\n|\n|upkeep\n|turn|30\n|\n|t:|1658601224\n|move|p1a: Chansey|Soft-Boiled|p1a: Chansey\n|-heal|p1a: Chansey|100\/100 par\n|move|p2a: Snorlax|Body Slam|p1a: Chansey\n|-damage|p1a: Chansey|62\/100 par\n|\n|upkeep\n|turn|31\n|\n|t:|1658601227\n|switch|p1a: Rhydon|Rhydon|20\/100\n|move|p2a: Snorlax|Body Slam|p1a: Rhydon\n|-resisted|p1a: Rhydon\n|-damage|p1a: Rhydon|8\/100\n|\n|upkeep\n|turn|32\n|\n|t:|1658601236\n|move|p1a: Rhydon|Earthquake|p2a: Snorlax\n|-damage|p2a: Snorlax|82\/100 par\n|cant|p2a: Snorlax|par\n|\n|upkeep\n|turn|33\n|\n|t:|1658601239\n|move|p1a: Rhydon|Earthquake|p2a: Snorlax\n|-damage|p2a: Snorlax|64\/100 par\n|cant|p2a: Snorlax|par\n|\n|upkeep\n|turn|34\n|j| TheNewBrends11@!\n|\n|t:|1658601242\n|move|p1a: Rhydon|Earthquake|p2a: Snorlax\n|-damage|p2a: Snorlax|46\/100 par\n|move|p2a: Snorlax|Rest|p2a: Snorlax\n|-status|p2a: Snorlax|slp|[from] move: Rest\n|-heal|p2a: Snorlax|100\/100 slp|[silent]\n|\n|upkeep\n|turn|35\n|\n|t:|1658601246\n|move|p1a: Rhydon|Earthquake|p2a: Snorlax\n|-damage|p2a: Snorlax|83\/100 slp\n|cant|p2a: Snorlax|slp\n|\n|upkeep\n|turn|36\n|\n|t:|1658601248\n|move|p1a: Rhydon|Earthquake|p2a: Snorlax\n|-damage|p2a: Snorlax|65\/100 slp\n|-curestatus|p2a: Snorlax|slp|[msg]\n|\n|upkeep\n|turn|37\n|\n|t:|1658601249\n|move|p1a: Rhydon|Earthquake|p2a: Snorlax\n|-damage|p2a: Snorlax|47\/100\n|move|p2a: Snorlax|Body Slam|p1a: Rhydon\n|-resisted|p1a: Rhydon\n|-damage|p1a: Rhydon|0 fnt\n|faint|p1a: Rhydon\n|\n|t:|1658601255\n|switch|p1a: Tauros|Tauros|72\/100 par\n|turn|38\n|\n|t:|1658601257\n|move|p1a: Tauros|Hyper Beam|p2a: Snorlax\n|-damage|p2a: Snorlax|24\/100\n|-mustrecharge|p1a: Tauros\n|move|p2a: Snorlax|Rest|p2a: Snorlax\n|-status|p2a: Snorlax|slp|[from] move: Rest\n|-heal|p2a: Snorlax|100\/100 slp|[silent]\n|\n|upkeep\n|turn|39\n|\n|t:|1658601260\n|cant|p1a: Tauros|recharge\n|cant|p2a: Snorlax|slp\n|\n|upkeep\n|turn|40\n|\n|t:|1658601264\n|move|p1a: Tauros|Body Slam|p2a: Snorlax\n|-damage|p2a: Snorlax|87\/100 slp\n|-curestatus|p2a: Snorlax|slp|[msg]\n|\n|upkeep\n|turn|41\n|\n|t:|1658601274\n|move|p1a: Tauros|Blizzard|p2a: Snorlax|[miss]\n|-miss|p1a: Tauros\n|move|p2a: Snorlax|Body Slam|p1a: Tauros\n|-damage|p1a: Tauros|39\/100 par\n|\n|upkeep\n|turn|42\n|\n|t:|1658601280\n|switch|p1a: Chansey|Chansey|62\/100 par\n|move|p2a: Snorlax|Hyper Beam|p1a: Chansey\n|-damage|p1a: Chansey|0 fnt\n|faint|p1a: Chansey\n|\n|t:|1658601284\n|switch|p1a: Alakazam|Alakazam|100\/100 par\n|turn|43\n|\n|t:|1658601285\n|cant|p1a: Alakazam|par\n|move|p2a: Snorlax|Body Slam|p1a: Alakazam\n|-damage|p1a: Alakazam|42\/100 par\n|\n|upkeep\n|turn|44\n|\n|t:|1658601288\n|move|p1a: Alakazam|Seismic Toss|p2a: Snorlax\n|-damage|p2a: Snorlax|68\/100\n|move|p2a: Snorlax|Body Slam|p1a: Alakazam\n|-damage|p1a: Alakazam|0 fnt\n|faint|p1a: Alakazam\n|\n|t:|1658601291\n|switch|p1a: Exeggutor|Exeggutor|72\/100 par\n|turn|45\n|\n|t:|1658601299\n|switch|p2a: Chansey|Chansey|80\/100\n|move|p1a: Exeggutor|Sleep Powder|p2a: Chansey\n|-status|p2a: Chansey|slp|[from] move: Sleep Powder\n|\n|upkeep\n|turn|46\n|\n|t:|1658601303\n|switch|p2a: Snorlax|Snorlax|68\/100\n|cant|p1a: Exeggutor|par\n|\n|upkeep\n|turn|47\n|\n|t:|1658601306\n|move|p2a: Snorlax|Reflect|p2a: Snorlax\n|-start|p2a: Snorlax|Reflect\n|cant|p1a: Exeggutor|par\n|\n|upkeep\n|turn|48\n|\n|t:|1658601308\n|move|p2a: Snorlax|Body Slam|p1a: Exeggutor\n|-crit|p1a: Exeggutor\n|-damage|p1a: Exeggutor|11\/100 par\n|move|p1a: Exeggutor|Psychic|p2a: Snorlax\n|-damage|p2a: Snorlax|37\/100\n|\n|upkeep\n|turn|49\n|-message|thekookietitan forfeited.\n|\n|win|LOU DORT\n|n|\u2606thekookietitan|thekookietitan\n|n|\u2606LOU DORT|loudort\n|n| pokewile|pokewile\n|n| SubmergedWater|submergedwater\n|n| TheNewBrends11@!|thenewbrends11\n|l|\u2606thekookietitan\n|c|\u2606LOU DORT|mf scouting\n|l|\u2606LOU DORT\n","uploadtime":1658601452,"views":3,"p1id":"thekookietitan","p2id":"loudort","formatid":"gen1ou","rating":0,"private":0,"password":null}