{"id":"gen1randombattle-1683468161","p1":"LoSconosciuto","p2":"alpha male psyduck","format":"gen1randombattle","log":"|j|\u2606LoSconosciuto\n|j|\u2606alpha male psyduck\n|t:|1665527719\n|gametype|singles\n|player|p1|LoSconosciuto|#teamgapdos|\n|player|p2|alpha male psyduck|cyclist-gen4|\n|teamsize|p1|6\n|teamsize|p2|6\n|gen|1\n|tier|[Gen 1] Random Battle\n|rule|Desync Clause Mod: Desyncs changed to move failure.\n|rule|Sleep Clause Mod: Limit one foe put to sleep\n|rule|Freeze Clause Mod: Limit one foe frozen\n|rule|Species Clause: Limit one of each Pok\u00e9mon\n|rule|OHKO Clause: OHKO moves are banned\n|rule|Evasion Moves Clause: Evasion moves are banned\n|rule|Endless Battle Clause: Forcing endless battles is banned\n|rule|HP Percentage Mod: HP is shown in percentages\n|\n|t:|1665527719\n|start\n|switch|p1a: Victreebel|Victreebel, L74|271\/271\n|switch|p2a: Poliwhirl|Poliwhirl, L77|258\/258\n|turn|1\n|inactive|Battle timer is ON: inactive players will automatically lose when time's up. (requested by LoSconosciuto)\n|c|\u2606LoSconosciuto|hf\n|c|\u2606alpha male psyduck|you too\n|inactive|LoSconosciuto has 270 seconds left.\n|inactive|alpha male psyduck has 270 seconds left.\n|inactive|LoSconosciuto has 240 seconds left.\n|\n|t:|1665527781\n|move|p2a: Poliwhirl|Blizzard|p1a: Victreebel|[miss]\n|-miss|p2a: Poliwhirl\n|move|p1a: Victreebel|Razor Leaf|p2a: Poliwhirl\n|-crit|p2a: Poliwhirl\n|-supereffective|p2a: Poliwhirl\n|-damage|p2a: Poliwhirl|0 fnt\n|faint|p2a: Poliwhirl\n|\n|t:|1665527786\n|switch|p2a: Moltres|Moltres, L77|297\/297\n|turn|2\n|j| royzin\n|c| royzin|What\u2019s the score\n|c|\u2606LoSconosciuto|2-0\n|inactive|LoSconosciuto has 270 seconds left.\n|inactive|LoSconosciuto has 240 seconds left.\n|inactive|alpha male psyduck has 270 seconds left.\n|\n|t:|1665527861\n|switch|p1a: Flareon|Flareon, L77|258\/258\n|move|p2a: Moltres|Fire Blast|p1a: Flareon\n|-resisted|p1a: Flareon\n|-damage|p1a: Flareon|196\/258\n|\n|upkeep\n|turn|3\n|\n|t:|1665527871\n|move|p2a: Moltres|Double-Edge|p1a: Flareon\n|-damage|p1a: Flareon|113\/258\n|-damage|p2a: Moltres|277\/297|[from] Recoil|[of] p1a: Flareon\n|move|p1a: Flareon|Body Slam|p2a: Moltres\n|-damage|p2a: Moltres|209\/297\n|\n|upkeep\n|turn|4\n|inactive|LoSconosciuto has 240 seconds left.\n|\n|t:|1665527878\n|move|p2a: Moltres|Fire Blast|p1a: Flareon\n|-resisted|p1a: Flareon\n|-damage|p1a: Flareon|56\/258\n|move|p1a: Flareon|Body Slam|p2a: Moltres\n|-damage|p2a: Moltres|146\/297\n|\n|upkeep\n|turn|5\n|\n|t:|1665527887\n|move|p1a: Flareon|Quick Attack|p2a: Moltres\n|-damage|p2a: Moltres|112\/297\n|move|p2a: Moltres|Double-Edge|p1a: Flareon\n|-damage|p1a: Flareon|0 fnt\n|-damage|p2a: Moltres|98\/297|[from] Recoil|[of] p1a: Flareon\n|faint|p1a: Flareon\n|l| royzin\n|\n|t:|1665527889\n|switch|p1a: Poliwag|Poliwag, L88|250\/250\n|turn|6\n|\n|t:|1665527897\n|switch|p2a: Venusaur|Venusaur, L74|271\/271\n|move|p1a: Poliwag|Amnesia|p1a: Poliwag\n|-boost|p1a: Poliwag|spd|2\n|-boost|p1a: Poliwag|spa|2\n|\n|upkeep\n|turn|7\n|\n|t:|1665527913\n|move|p1a: Poliwag|Hypnosis|p2a: Venusaur|[miss]\n|-miss|p1a: Poliwag\n|move|p2a: Venusaur|Razor Leaf|p1a: Poliwag\n|-crit|p1a: Poliwag\n|-supereffective|p1a: Poliwag\n|-damage|p1a: Poliwag|0 fnt\n|faint|p1a: Poliwag\n|\n|t:|1665527922\n|switch|p1a: Raticate|Raticate, L77|243\/243\n|turn|8\n|\n|t:|1665527945\n|move|p1a: Raticate|Blizzard|p2a: Venusaur\n|-supereffective|p2a: Venusaur\n|-damage|p2a: Venusaur|165\/271\n|move|p2a: Venusaur|Razor Leaf|p1a: Raticate\n|-crit|p1a: Raticate\n|-damage|p1a: Raticate|103\/243\n|\n|upkeep\n|turn|9\n|\n|t:|1665527953\n|move|p1a: Raticate|Blizzard|p2a: Venusaur\n|-supereffective|p2a: Venusaur\n|-damage|p2a: Venusaur|66\/271\n|move|p2a: Venusaur|Razor Leaf|p1a: Raticate\n|-crit|p1a: Raticate\n|-damage|p1a: Raticate|0 fnt\n|faint|p1a: Raticate\n|\n|t:|1665527962\n|switch|p1a: Victreebel|Victreebel, L74|271\/271\n|turn|10\n|\n|t:|1665527968\n|move|p2a: Venusaur|Hyper Beam|p1a: Victreebel\n|-damage|p1a: Victreebel|175\/271\n|-mustrecharge|p2a: Venusaur\n|move|p1a: Victreebel|Hyper Beam|p2a: Venusaur\n|-crit|p2a: Venusaur\n|-damage|p2a: Venusaur|0 fnt\n|faint|p2a: Venusaur\n|\n|t:|1665527981\n|switch|p2a: Moltres|Moltres, L77|98\/297\n|turn|11\n|\n|t:|1665527985\n|move|p2a: Moltres|Fire Blast|p1a: Victreebel\n|-supereffective|p1a: Victreebel\n|-damage|p1a: Victreebel|0 fnt\n|faint|p1a: Victreebel\n|inactive|LoSconosciuto has 270 seconds left.\n|\n|t:|1665527990\n|switch|p1a: Kingler|Kingler, L77|243\/243\n|turn|12\n|\n|t:|1665528000\n|move|p2a: Moltres|Fire Blast|p1a: Kingler\n|-resisted|p1a: Kingler\n|-damage|p1a: Kingler|150\/243\n|move|p1a: Kingler|Crabhammer|p2a: Moltres\n|-crit|p2a: Moltres\n|-supereffective|p2a: Moltres\n|-damage|p2a: Moltres|0 fnt\n|faint|p2a: Moltres\n|\n|t:|1665528010\n|switch|p2a: Kadabra|Kadabra, L74|212\/212\n|turn|13\n|\n|t:|1665528018\n|move|p2a: Kadabra|Psychic|p1a: Kingler\n|-damage|p1a: Kingler|21\/243\n|move|p1a: Kingler|Body Slam|p2a: Kadabra\n|-damage|p2a: Kadabra|92\/212\n|\n|upkeep\n|turn|14\n|\n|t:|1665528024\n|move|p2a: Kadabra|Psychic|p1a: Kingler\n|-damage|p1a: Kingler|0 fnt\n|faint|p1a: Kingler\n|\n|t:|1665528026\n|switch|p1a: Machamp|Machamp, L77|297\/297\n|turn|15\n|c|\u2606LoSconosciuto|gg\n|\n|t:|1665528029\n|move|p2a: Kadabra|Psychic|p1a: Machamp\n|-supereffective|p1a: Machamp\n|-damage|p1a: Machamp|65\/297\n|move|p1a: Machamp|Body Slam|p2a: Kadabra\n|-damage|p2a: Kadabra|0 fnt\n|faint|p2a: Kadabra\n|\n|t:|1665528035\n|switch|p2a: Mew|Mew, L65|265\/265\n|turn|16\n|\n|t:|1665528040\n|move|p2a: Mew|Earthquake|p1a: Machamp\n|-damage|p1a: Machamp|17\/297\n|move|p1a: Machamp|Body Slam|p2a: Mew\n|-damage|p2a: Mew|185\/265\n|\n|upkeep\n|turn|17\n|c|\u2606alpha male psyduck|g\n|c|\u2606alpha male psyduck|gg\n|\n|t:|1665528049\n|move|p2a: Mew|Earthquake|p1a: Machamp\n|-crit|p1a: Machamp\n|-damage|p1a: Machamp|0 fnt\n|faint|p1a: Machamp\n|\n|win|alpha male psyduck\n","inputlog":">version ee3903879dd92fa0a0bba6303065983b970e844a\n>start {\"formatid\":\"gen1randombattle\",\"seed\":[39411,57015,56328,44958]}\n>player p1 {\"name\":\"LoSconosciuto\",\"avatar\":\"#teamgapdos\",\"rating\":0,\"seed\":[58847,49090,55807,44402]}\n>player p2 {\"name\":\"alpha male psyduck\",\"avatar\":\"cyclist-gen4\",\"rating\":0,\"seed\":[22802,50138,41313,28441]}\n>chat \u2606LoSconosciuto|hf\n>chat \u2606alpha male psyduck|you too\n>p1 move razorleaf\n>p2 move blizzard\n>p2 switch 2\n>chat  royzin|What\u2019s the score\n>chat \u2606LoSconosciuto|2-0\n>p1 switch 3\n>p2 move fireblast\n>p1 move bodyslam\n>p2 move doubleedge\n>p1 move bodyslam\n>p2 move fireblast\n>p1 move quickattack\n>p2 move doubleedge\n>p1 switch 6\n>p1 move amnesia\n>p2 switch 3\n>p1 move hypnosis\n>p2 move razorleaf\n>p1 switch 5\n>p1 move blizzard\n>p2 move razorleaf\n>p1 move blizzard\n>p2 move razorleaf\n>p1 switch 3\n>p1 move hyperbeam\n>p2 move hyperbeam\n>p2 switch 3\n>p1 move hyperbeam\n>p2 move fireblast\n>p1 switch 4\n>p1 move crabhammer\n>p2 move fireblast\n>p2 switch 6\n>p1 move bodyslam\n>p2 move psychic\n>p1 move bodyslam\n>p2 move psychic\n>p1 switch 2\n>chat \u2606LoSconosciuto|gg\n>p1 move bodyslam\n>p2 move psychic\n>p2 switch 4\n>p1 move bodyslam\n>p2 move earthquake\n>chat \u2606alpha male psyduck|g\n>chat \u2606alpha male psyduck|gg\n>p1 move bodyslam\n>p2 move earthquake","uploadtime":1665528054,"views":17,"p1id":"losconosciuto","p2id":"alphamalepsyduck","formatid":"gen1randombattle","rating":0,"private":0,"password":null}