{"id":"gen2randombattle-1410586999","p1":"4mi","p2":"The Last Hero","format":"gen2randombattle","log":"|j|\u26064mi\n|j|\u2606The Last Hero\n|t:|1630836667\n|gametype|singles\n|player|p1|4mi|dawn|\n|player|p2|The Last Hero|acetrainersnow|\n|teamsize|p1|6\n|teamsize|p2|6\n|gen|2\n|tier|[Gen 2] Random Battle\n|rated|Tournament battle\n|rule|Sleep Clause Mod: Limit one foe put to sleep\n|rule|Freeze Clause Mod: Limit one foe frozen\n|rule|Species Clause: Limit one of each Pok\u00e9mon\n|rule|OHKO Clause: OHKO moves are banned\n|rule|Evasion Moves Clause: Evasion moves are banned\n|rule|Endless Battle Clause: Forcing endless battles is banned\n|rule|HP Percentage Mod: HP is shown in percentages\n|\n|t:|1630836667\n|start\n|switch|p1a: Mr. Mime|Mr. Mime, L69, M|198\/198\n|switch|p2a: Lugia|Lugia, L61|257\/257\n|turn|1\n|j| BB-8-NU\n|inactive|Battle timer is ON: inactive players will automatically lose when time's up. (requested by 4mi)\n|\n|t:|1630836690\n|move|p2a: Lugia|Aeroblast|p1a: Mr. Mime\n|-crit|p1a: Mr. Mime\n|-damage|p1a: Mr. Mime|50\/198\n|move|p1a: Mr. Mime|Thunderbolt|p2a: Lugia\n|-supereffective|p2a: Lugia\n|-damage|p2a: Lugia|172\/257\n|\n|-heal|p2a: Lugia|188\/257|[from] item: Leftovers\n|-heal|p1a: Mr. Mime|62\/198|[from] item: Leftovers\n|upkeep\n|turn|2\n|\n|t:|1630836703\n|move|p2a: Lugia|Aeroblast|p1a: Mr. Mime\n|-damage|p1a: Mr. Mime|0 fnt\n|faint|p1a: Mr. Mime\n|\n|t:|1630836705\n|switch|p1a: Houndoom|Houndoom, L67, M|239\/239\n|\n|-heal|p2a: Lugia|204\/257|[from] item: Leftovers\n|upkeep\n|turn|3\n|\n|t:|1630836712\n|move|p2a: Lugia|Earthquake|p1a: Houndoom\n|-supereffective|p1a: Houndoom\n|-damage|p1a: Houndoom|108\/239\n|move|p1a: Houndoom|Crunch|p2a: Lugia\n|-supereffective|p2a: Lugia\n|-damage|p2a: Lugia|94\/257\n|\n|-heal|p2a: Lugia|110\/257|[from] item: Leftovers\n|-heal|p1a: Houndoom|122\/239|[from] item: Leftovers\n|upkeep\n|turn|4\n|j| Vextal\n|\n|t:|1630836721\n|switch|p1a: Moltres|Moltres, L67|259\/259\n|move|p2a: Lugia|Recover|p2a: Lugia\n|-heal|p2a: Lugia|239\/257\n|\n|-heal|p2a: Lugia|255\/257|[from] item: Leftovers\n|upkeep\n|turn|5\n|\n|t:|1630836727\n|switch|p2a: Flareon|Flareon, L73, M|245\/245\n|move|p1a: Moltres|Sunny Day|p1a: Moltres\n|-weather|SunnyDay\n|\n|-weather|SunnyDay|[upkeep]\n|upkeep\n|turn|6\n|\n|t:|1630836739\n|move|p1a: Moltres|Fire Blast|p2a: Flareon|[miss]\n|-miss|p1a: Moltres\n|move|p2a: Flareon|Zap Cannon|p1a: Moltres\n|-supereffective|p1a: Moltres\n|-damage|p1a: Moltres|134\/259\n|-status|p1a: Moltres|par\n|\n|-weather|SunnyDay|[upkeep]\n|-heal|p1a: Moltres|150\/259 par|[from] item: Leftovers\n|upkeep\n|turn|7\n|\n|t:|1630836744\n|move|p2a: Flareon|Growth|p2a: Flareon\n|-boost|p2a: Flareon|spa|1\n|move|p1a: Moltres|Rest|p1a: Moltres\n|-status|p1a: Moltres|slp|[from] move: Rest\n|-heal|p1a: Moltres|259\/259 slp|[silent]\n|\n|-weather|SunnyDay|[upkeep]\n|upkeep\n|turn|8\n|\n|t:|1630836752\n|cant|p1a: Moltres|slp\n|move|p1a: Moltres|Sleep Talk|p1a: Moltres\n|move|p1a: Moltres|Rest|p1a: Moltres|[from]Sleep Talk\n|-fail|p1a: Moltres\n|move|p2a: Flareon|Growth|p2a: Flareon\n|-boost|p2a: Flareon|spa|1\n|\n|-weather|SunnyDay|[upkeep]\n|upkeep\n|turn|9\n|\n|t:|1630836758\n|cant|p1a: Moltres|slp\n|move|p1a: Moltres|Sleep Talk|p1a: Moltres\n|move|p1a: Moltres|Rest|p1a: Moltres|[from]Sleep Talk\n|-fail|p1a: Moltres\n|move|p2a: Flareon|Growth|p2a: Flareon\n|-boost|p2a: Flareon|spa|1\n|\n|-weather|none\n|upkeep\n|turn|10\n|\n|t:|1630836764\n|-curestatus|p1a: Moltres|slp|[msg]\n|move|p1a: Moltres|Fire Blast|p2a: Flareon\n|-resisted|p2a: Flareon\n|-damage|p2a: Flareon|202\/245\n|move|p2a: Flareon|Zap Cannon|p1a: Moltres|[miss]\n|-miss|p2a: Flareon\n|\n|-heal|p2a: Flareon|217\/245|[from] item: Leftovers\n|upkeep\n|turn|11\n|\n|t:|1630836772\n|move|p1a: Moltres|Fire Blast|p2a: Flareon\n|-crit|p2a: Flareon\n|-resisted|p2a: Flareon\n|-damage|p2a: Flareon|128\/245\n|move|p2a: Flareon|Zap Cannon|p1a: Moltres\n|-supereffective|p1a: Moltres\n|-damage|p1a: Moltres|0 fnt\n|faint|p1a: Moltres\n|\n|t:|1630836788\n|switch|p1a: Houndoom|Houndoom, L67, M|122\/239\n|\n|-heal|p1a: Houndoom|136\/239|[from] item: Leftovers\n|-heal|p2a: Flareon|143\/245|[from] item: Leftovers\n|upkeep\n|turn|12\n|\n|t:|1630836793\n|move|p1a: Houndoom|Crunch|p2a: Flareon\n|-damage|p2a: Flareon|81\/245\n|move|p2a: Flareon|Fire Blast|p1a: Houndoom\n|-resisted|p1a: Houndoom\n|-damage|p1a: Houndoom|0 fnt\n|faint|p1a: Houndoom\n|\n|t:|1630836806\n|switch|p1a: Pinsir|Pinsir, L69, M|232\/232\n|\n|-heal|p2a: Flareon|96\/245|[from] item: Leftovers\n|upkeep\n|turn|13\n|\n|t:|1630836811\n|switch|p2a: Lugia|Lugia, L61|255\/257\n|move|p1a: Pinsir|Body Slam|p2a: Lugia\n|-damage|p2a: Lugia|207\/257\n|\n|-heal|p2a: Lugia|223\/257|[from] item: Leftovers\n|upkeep\n|turn|14\n|\n|t:|1630836821\n|move|p2a: Lugia|Aeroblast|p1a: Pinsir|[miss]\n|-miss|p2a: Lugia\n|move|p1a: Pinsir|Body Slam|p2a: Lugia\n|-damage|p2a: Lugia|169\/257\n|\n|-heal|p2a: Lugia|185\/257|[from] item: Leftovers\n|upkeep\n|turn|15\n|\n|t:|1630836828\n|switch|p2a: Misdreavus|Misdreavus, L65, M|213\/213\n|move|p1a: Pinsir|Body Slam|p2a: Misdreavus\n|-immune|p2a: Misdreavus\n|\n|upkeep\n|turn|16\n|\n|t:|1630836832\n|switch|p1a: Umbreon|Umbreon, L65, M|258\/258\n|move|p2a: Misdreavus|Thief|p1a: Umbreon\n|-resisted|p1a: Umbreon\n|-damage|p1a: Umbreon|251\/258\n|-item|p2a: Misdreavus|Leftovers|[from] move: Thief|[of] p1a: Umbreon\n|\n|upkeep\n|turn|17\n|\n|t:|1630836837\n|switch|p2a: Blastoise|Blastoise, L69, M|252\/252\n|move|p1a: Umbreon|Mean Look|p2a: Blastoise\n|-activate|p2a: Blastoise|trapped\n|\n|upkeep\n|turn|18\n|\n|t:|1630836844\n|move|p2a: Blastoise|Toxic|p1a: Umbreon\n|-status|p1a: Umbreon|tox\n|move|p1a: Umbreon|Baton Pass|p1a: Umbreon\n|\n|t:|1630836847\n|switch|p1a: Hitmontop|Hitmontop, L73, M|223\/223\n|\n|upkeep\n|turn|19\n|\n|t:|1630836852\n|move|p2a: Blastoise|Surf|p1a: Hitmontop\n|-damage|p1a: Hitmontop|160\/223\n|move|p1a: Hitmontop|Curse|p1a: Hitmontop\n|-unboost|p1a: Hitmontop|spe|1\n|-boost|p1a: Hitmontop|atk|1\n|-boost|p1a: Hitmontop|def|1\n|\n|-heal|p1a: Hitmontop|173\/223|[from] item: Leftovers\n|upkeep\n|turn|20\n|\n|t:|1630836857\n|move|p2a: Blastoise|Surf|p1a: Hitmontop\n|-damage|p1a: Hitmontop|110\/223\n|move|p1a: Hitmontop|Curse|p1a: Hitmontop\n|-unboost|p1a: Hitmontop|spe|1\n|-boost|p1a: Hitmontop|atk|1\n|-boost|p1a: Hitmontop|def|1\n|\n|-heal|p1a: Hitmontop|123\/223|[from] item: Leftovers\n|upkeep\n|turn|21\n|\n|t:|1630836861\n|move|p2a: Blastoise|Surf|p1a: Hitmontop\n|-crit|p1a: Hitmontop\n|-damage|p1a: Hitmontop|0 fnt\n|faint|p1a: Hitmontop\n|-message|4mi forfeited.\n|\n|win|The Last Hero\n|n|\u26064mi|4mi\n|n|\u2606The Last Hero|thelasthero\n|n| BB-8-NU|bb8nu\n|n| Vextal|vextal\n|l|\u26064mi\n|l| BB-8-NU\n|l|\u2606The Last Hero\n","inputlog":">version 4a0cd1efede7720359db283cbfa24807c7705931\n>start {\"formatid\":\"gen2randombattle\",\"seed\":[59856,34921,5010,1261],\"rated\":\"Tournament battle\"}\n>player p1 {\"name\":\"4mi\",\"avatar\":\"dawn\",\"rating\":0,\"seed\":[64529,53613,22499,35192]}\n>player p2 {\"name\":\"The Last Hero\",\"avatar\":\"acetrainersnow\",\"rating\":0,\"seed\":[6667,63453,8784,15889]}\n>p1 move thunderbolt\n>p2 move aeroblast\n>p1 move thunderbolt\n>p2 move aeroblast\n>p1 switch 6\n>p1 move crunch\n>p2 move earthquake\n>p1 switch 4\n>p2 move recover\n>p1 move sunnyday\n>p2 switch 5\n>p1 move fireblast\n>p2 move zapcannon\n>p1 move rest\n>p2 move growth\n>p1 move sleeptalk\n>p2 move growth\n>p1 move sleeptalk\n>p2 move growth\n>p1 move fireblast\n>p2 move zapcannon\n>p1 move fireblast\n>p2 move zapcannon\n>p1 switch 4\n>p1 move crunch\n>p2 move fireblast\n>p1 switch 3\n>p1 move bodyslam\n>p2 switch 5\n>p1 move bodyslam\n>p2 move aeroblast\n>p1 move bodyslam\n>p2 switch 3\n>p1 switch 2\n>p2 move thief\n>p1 move meanlook\n>p2 switch 6\n>p1 move batonpass\n>p2 move toxic\n>p1 switch 5\n>p1 move curse\n>p2 move surf\n>p1 move curse\n>p2 move surf\n>p1 move rest\n>p2 move surf\n>forcelose p1","uploadtime":1630836867,"views":25,"p1id":"4mi","p2id":"thelasthero","formatid":"gen2randombattle","rating":0,"private":0,"password":null}