{"id":"gen2ou-1412151337","p1":"Gobi \u263a","p2":"The Last Hero","format":"gen2ou","log":"|j|\u2606Gobi \u263a\n|j|\u2606The Last Hero\n|t:|1631042137\n|gametype|singles\n|player|p1|Gobi \u263a|youngster-gen1|\n|player|p2|The Last Hero|acetrainersnow|\n|teamsize|p1|6\n|teamsize|p2|6\n|gen|2\n|tier|[Gen 2] OU\n|rated|Tournament battle\n|rule|Sleep Clause Mod: Limit one foe put to sleep\n|rule|Freeze Clause Mod: Limit one foe frozen\n|rule|Species Clause: Limit one of each Pok\u00e9mon\n|rule|OHKO Clause: OHKO moves are banned\n|rule|Evasion Moves Clause: Evasion moves are banned\n|rule|Endless Battle Clause: Forcing endless battles is banned\n|rule|HP Percentage Mod: HP is shown in percentages\n|\n|t:|1631042137\n|start\n|switch|p1a: Snorlax|Snorlax, M|100\/100\n|switch|p2a: Truenarca|Raikou|100\/100\n|turn|1\n|inactive|Battle timer is ON: inactive players will automatically lose when time's up. (requested by Gobi \u263a)\n|\n|t:|1631042148\n|move|p2a: Truenarca|Thunder|p1a: Snorlax|[miss]\n|-miss|p2a: Truenarca\n|move|p1a: Snorlax|Lovely Kiss|p2a: Truenarca\n|-status|p2a: Truenarca|slp|[from] move: Lovely Kiss\n|\n|upkeep\n|turn|2\n|\n|t:|1631042152\n|switch|p2a: Royal Shell|Cloyster, M|100\/100\n|move|p1a: Snorlax|Curse|p1a: Snorlax\n|-unboost|p1a: Snorlax|spe|1\n|-boost|p1a: Snorlax|atk|1\n|-boost|p1a: Snorlax|def|1\n|\n|upkeep\n|turn|3\n|j| TheNewBrends11\n|j| vepp\n|\n|t:|1631042180\n|move|p2a: Royal Shell|Toxic|p1a: Snorlax\n|-status|p1a: Snorlax|tox\n|move|p1a: Snorlax|Curse|p1a: Snorlax\n|-unboost|p1a: Snorlax|spe|1\n|-boost|p1a: Snorlax|atk|1\n|-boost|p1a: Snorlax|def|1\n|-damage|p1a: Snorlax|94\/100 tox|[from] psn\n|\n|-heal|p1a: Snorlax|100\/100 tox|[from] item: Leftovers\n|upkeep\n|turn|4\n|\n|t:|1631042185\n|move|p2a: Royal Shell|Spikes|p1a: Snorlax\n|-sidestart|p1: Gobi \u263a|Spikes\n|move|p1a: Snorlax|Double-Edge|p2a: Royal Shell\n|-damage|p2a: Royal Shell|31\/100\n|-damage|p1a: Snorlax|91\/100 tox|[from] Recoil|[of] p2a: Royal Shell\n|-damage|p1a: Snorlax|78\/100 tox|[from] psn\n|\n|-heal|p2a: Royal Shell|37\/100|[from] item: Leftovers\n|-heal|p1a: Snorlax|84\/100 tox|[from] item: Leftovers\n|upkeep\n|turn|5\n|\n|t:|1631042203\n|switch|p2a: Prisrak|Gengar, M|100\/100\n|move|p1a: Snorlax|Double-Edge|p2a: Prisrak\n|-immune|p2a: Prisrak\n|-damage|p1a: Snorlax|66\/100 tox|[from] psn\n|\n|-heal|p1a: Snorlax|72\/100 tox|[from] item: Leftovers\n|upkeep\n|turn|6\n|inactive|Gobi \u263a has 120 seconds left.\n|\n|t:|1631042231\n|switch|p2a: Royal Shell|Cloyster, M|37\/100\n|switch|p1a: Espeon|Espeon, M|100\/100\n|-damage|p1a: Espeon|88\/100|[from] Spikes\n|\n|-heal|p1a: Espeon|94\/100|[from] item: Leftovers\n|-heal|p2a: Royal Shell|43\/100|[from] item: Leftovers\n|upkeep\n|turn|7\n|inactive|Gobi \u263a has 120 seconds left.\n|\n|t:|1631042240\n|switch|p1a: Cloyster|Cloyster, M|100\/100\n|-damage|p1a: Cloyster|88\/100|[from] Spikes\n|switch|p2a: Fat|Snorlax, M|100\/100\n|\n|-heal|p1a: Cloyster|94\/100|[from] item: Leftovers\n|upkeep\n|turn|8\n|\n|t:|1631042255\n|move|p1a: Cloyster|Spikes|p2a: Fat\n|-sidestart|p2: The Last Hero|Spikes\n|move|p2a: Fat|Double-Edge|p1a: Cloyster\n|-damage|p1a: Cloyster|61\/100\n|-damage|p2a: Fat|96\/100|[from] Recoil|[of] p1a: Cloyster\n|\n|-heal|p1a: Cloyster|67\/100|[from] item: Leftovers\n|-heal|p2a: Fat|100\/100|[from] item: Leftovers\n|upkeep\n|turn|9\n|inactive|Gobi \u263a has 120 seconds left.\n|\n|t:|1631042280\n|switch|p1a: Tyranitar|Tyranitar, M|100\/100\n|-damage|p1a: Tyranitar|88\/100|[from] Spikes\n|switch|p2a: Prisrak|Gengar, M|100\/100\n|-damage|p2a: Prisrak|88\/100|[from] Spikes\n|\n|-heal|p2a: Prisrak|94\/100|[from] item: Leftovers\n|-heal|p1a: Tyranitar|94\/100|[from] item: Leftovers\n|upkeep\n|turn|10\n|inactive|Gobi \u263a has 120 seconds left.\n|\n|t:|1631042302\n|move|p2a: Prisrak|Giga Drain|p1a: Tyranitar\n|-supereffective|p1a: Tyranitar\n|-damage|p1a: Tyranitar|67\/100\n|-heal|p2a: Prisrak|100\/100|[from] drain|[of] p1a: Tyranitar\n|move|p1a: Tyranitar|Crunch|p2a: Prisrak\n|-supereffective|p2a: Prisrak\n|-damage|p2a: Prisrak|33\/100\n|\n|-heal|p2a: Prisrak|40\/100|[from] item: Leftovers\n|-heal|p1a: Tyranitar|73\/100|[from] item: Leftovers\n|upkeep\n|turn|11\n|\n|t:|1631042308\n|move|p2a: Prisrak|Giga Drain|p1a: Tyranitar\n|-supereffective|p1a: Tyranitar\n|-damage|p1a: Tyranitar|44\/100\n|-heal|p2a: Prisrak|58\/100|[from] drain|[of] p1a: Tyranitar\n|move|p1a: Tyranitar|Crunch|p2a: Prisrak\n|-supereffective|p2a: Prisrak\n|-damage|p2a: Prisrak|0 fnt\n|faint|p2a: Prisrak\n|\n|t:|1631042313\n|switch|p2a: Royal Shell|Cloyster, M|43\/100\n|-damage|p2a: Royal Shell|31\/100|[from] Spikes\n|\n|-heal|p2a: Royal Shell|37\/100|[from] item: Leftovers\n|-heal|p1a: Tyranitar|50\/100|[from] item: Leftovers\n|upkeep\n|turn|12\n|\n|t:|1631042325\n|switch|p1a: Cloyster|Cloyster, M|67\/100\n|-damage|p1a: Cloyster|55\/100|[from] Spikes\n|move|p2a: Royal Shell|Surf|p1a: Cloyster\n|-resisted|p1a: Cloyster\n|-damage|p1a: Cloyster|28\/100\n|\n|-heal|p1a: Cloyster|34\/100|[from] item: Leftovers\n|-heal|p2a: Royal Shell|43\/100|[from] item: Leftovers\n|upkeep\n|turn|13\n|\n|t:|1631042329\n|move|p1a: Cloyster|Hidden Power|p2a: Royal Shell\n|-supereffective|p2a: Royal Shell\n|-damage|p2a: Royal Shell|0 fnt\n|faint|p2a: Royal Shell\n|\n|t:|1631042334\n|switch|p2a: Fenix|Moltres|100\/100\n|\n|-heal|p1a: Cloyster|40\/100|[from] item: Leftovers\n|upkeep\n|turn|14\n|inactive|Gobi \u263a has 120 seconds left.\n|\n|t:|1631042366\n|move|p2a: Fenix|Flamethrower|p1a: Cloyster\n|-damage|p1a: Cloyster|0 fnt\n|faint|p1a: Cloyster\n|inactive|Gobi \u263a has 120 seconds left.\n|\n|t:|1631042372\n|switch|p1a: Zapdos|Zapdos|100\/100\n|\n|upkeep\n|turn|15\n|\n|t:|1631042379\n|switch|p1a: Nidoking|Nidoking, M|100\/100\n|-damage|p1a: Nidoking|88\/100|[from] Spikes\n|switch|p2a: Truenarca|Raikou|100\/100 slp\n|-damage|p2a: Truenarca|88\/100 slp|[from] Spikes\n|\n|-heal|p2a: Truenarca|94\/100 slp|[from] item: Leftovers\n|-heal|p1a: Nidoking|94\/100|[from] item: Leftovers\n|upkeep\n|turn|16\n|\n|t:|1631042385\n|switch|p2a: Fat|Snorlax, M|100\/100\n|-damage|p2a: Fat|88\/100|[from] Spikes\n|move|p1a: Nidoking|Roar|p2a: Fat\n|drag|p2a: Truenarca|Raikou|94\/100 slp\n|-damage|p2a: Truenarca|82\/100 slp|[from] Spikes\n|\n|-heal|p2a: Truenarca|88\/100 slp|[from] item: Leftovers\n|-heal|p1a: Nidoking|99\/100|[from] item: Leftovers\n|upkeep\n|turn|17\n|j| sekibei\n|\n|t:|1631042390\n|switch|p2a: Fat|Snorlax, M|88\/100\n|-damage|p2a: Fat|76\/100|[from] Spikes\n|move|p1a: Nidoking|Earthquake|p2a: Fat\n|-damage|p2a: Fat|47\/100\n|\n|-heal|p1a: Nidoking|100\/100|[from] item: Leftovers\n|-heal|p2a: Fat|53\/100|[from] item: Leftovers\n|upkeep\n|turn|18\n|\n|t:|1631042398\n|switch|p1a: Tyranitar|Tyranitar, M|50\/100\n|-damage|p1a: Tyranitar|37\/100|[from] Spikes\n|move|p2a: Fat|Rest|p2a: Fat\n|-status|p2a: Fat|slp|[from] move: Rest\n|-heal|p2a: Fat|100\/100 slp|[silent]\n|\n|-heal|p1a: Tyranitar|44\/100|[from] item: Leftovers\n|upkeep\n|turn|19\n|\n|t:|1631042401\n|move|p1a: Tyranitar|Dynamic Punch|p2a: Fat\n|-supereffective|p2a: Fat\n|-damage|p2a: Fat|51\/100 slp\n|-start|p2a: Fat|confusion\n|cant|p2a: Fat|slp\n|-activate|p2a: Fat|confusion\n|move|p2a: Fat|Sleep Talk|p2a: Fat\n|move|p2a: Fat|Flamethrower|p1a: Tyranitar|[from]Sleep Talk\n|-resisted|p1a: Tyranitar\n|-damage|p1a: Tyranitar|36\/100\n|\n|-heal|p1a: Tyranitar|43\/100|[from] item: Leftovers\n|-heal|p2a: Fat|57\/100 slp|[from] item: Leftovers\n|upkeep\n|turn|20\n|c|\u2606The Last Hero|I hate that move\n|\n|t:|1631042413\n|switch|p2a: Truenarca|Raikou|88\/100 slp\n|-damage|p2a: Truenarca|76\/100 slp|[from] Spikes\n|move|p1a: Tyranitar|Dynamic Punch|p2a: Truenarca|[miss]\n|-miss|p1a: Tyranitar\n|\n|-heal|p2a: Truenarca|82\/100 slp|[from] item: Leftovers\n|-heal|p1a: Tyranitar|49\/100|[from] item: Leftovers\n|upkeep\n|turn|21\n|\n|t:|1631042416\n|switch|p1a: Nidoking|Nidoking, M|100\/100\n|-damage|p1a: Nidoking|88\/100|[from] Spikes\n|cant|p2a: Truenarca|slp\n|move|p2a: Truenarca|Sleep Talk|p2a: Truenarca\n|move|p2a: Truenarca|Thunder|p1a: Nidoking|[from]Sleep Talk\n|-immune|p1a: Nidoking\n|\n|-heal|p2a: Truenarca|88\/100 slp|[from] item: Leftovers\n|-heal|p1a: Nidoking|94\/100|[from] item: Leftovers\n|upkeep\n|turn|22\n|\n|t:|1631042422\n|switch|p2a: Fenix|Moltres|100\/100\n|move|p1a: Nidoking|Earthquake|p2a: Fenix\n|-immune|p2a: Fenix\n|\n|-heal|p1a: Nidoking|99\/100|[from] item: Leftovers\n|upkeep\n|turn|23\n|inactive|Gobi \u263a has 120 seconds left.\n|j| LINEREA KING DENAS\n|\n|t:|1631042468\n|switch|p1a: Tyranitar|Tyranitar, M|49\/100\n|-damage|p1a: Tyranitar|36\/100|[from] Spikes\n|move|p2a: Fenix|Sunny Day|p2a: Fenix\n|-weather|SunnyDay\n|\n|-weather|SunnyDay|[upkeep]\n|-heal|p1a: Tyranitar|43\/100|[from] item: Leftovers\n|upkeep\n|turn|24\n|\n|t:|1631042476\n|switch|p2a: Truenarca|Raikou|88\/100 slp\n|-damage|p2a: Truenarca|75\/100 slp|[from] Spikes\n|move|p1a: Tyranitar|Crunch|p2a: Truenarca\n|-damage|p2a: Truenarca|52\/100 slp\n|\n|-weather|SunnyDay|[upkeep]\n|-heal|p2a: Truenarca|58\/100 slp|[from] item: Leftovers\n|-heal|p1a: Tyranitar|49\/100|[from] item: Leftovers\n|upkeep\n|turn|25\n|\n|t:|1631042495\n|switch|p1a: Nidoking|Nidoking, M|99\/100\n|-damage|p1a: Nidoking|88\/100|[from] Spikes\n|cant|p2a: Truenarca|slp\n|move|p2a: Truenarca|Sleep Talk|p2a: Truenarca\n|move|p2a: Truenarca|Rest|p2a: Truenarca|[from]Sleep Talk\n|-status|p2a: Truenarca|slp|[from] move: Rest\n|-heal|p2a: Truenarca|100\/100 slp|[silent]\n|\n|-weather|SunnyDay|[upkeep]\n|-heal|p1a: Nidoking|94\/100|[from] item: Leftovers\n|upkeep\n|turn|26\n|\n|t:|1631042500\n|cant|p2a: Truenarca|slp\n|move|p2a: Truenarca|Sleep Talk|p2a: Truenarca\n|move|p2a: Truenarca|Thunder|p1a: Nidoking|[from]Sleep Talk\n|-immune|p1a: Nidoking\n|move|p1a: Nidoking|Thunder|p2a: Truenarca\n|-resisted|p2a: Truenarca\n|-damage|p2a: Truenarca|89\/100 slp\n|\n|-weather|SunnyDay|[upkeep]\n|-heal|p2a: Truenarca|95\/100 slp|[from] item: Leftovers\n|-heal|p1a: Nidoking|99\/100|[from] item: Leftovers\n|upkeep\n|turn|27\n|inactive|Gobi \u263a has 120 seconds left.\n|\n|t:|1631042506\n|switch|p2a: Fenix|Moltres|100\/100\n|move|p1a: Nidoking|Thunder|p2a: Fenix\n|-crit|p2a: Fenix\n|-supereffective|p2a: Fenix\n|-damage|p2a: Fenix|4\/100\n|-status|p2a: Fenix|par\n|\n|-weather|none\n|-heal|p1a: Nidoking|100\/100|[from] item: Leftovers\n|upkeep\n|turn|28\n|\n|t:|1631042512\n|switch|p2a: Fat|Snorlax, M|57\/100 slp\n|-damage|p2a: Fat|44\/100 slp|[from] Spikes\n|move|p1a: Nidoking|Ice Beam|p2a: Fat\n|-damage|p2a: Fat|31\/100 slp\n|\n|-heal|p2a: Fat|37\/100 slp|[from] item: Leftovers\n|upkeep\n|turn|29\n|\n|t:|1631042516\n|move|p1a: Nidoking|Earthquake|p2a: Fat\n|-crit|p2a: Fat\n|-damage|p2a: Fat|0 fnt\n|faint|p2a: Fat\n|l| LINEREA KING DENAS\n|-message|The Last Hero forfeited.\n|\n|win|Gobi \u263a\n|n|\u2606Gobi \u263a|gobi\n|n|\u2606The Last Hero|thelasthero\n|n| TheNewBrends11|thenewbrends11\n|n| vepp|vepp\n|n| sekibei|sekibei\n|l|\u2606The Last Hero\n","uploadtime":1631042526,"views":12,"p1id":"gobi","p2id":"thelasthero","formatid":"gen2ou","rating":0,"private":0,"password":null}