{"id":"gen3ou-1127772600","p1":"Not is GodHand","p2":"winter lanterns","format":"gen3ou","log":"|j|\u2606Not is GodHand\n|j|\u2606winter lanterns\n|player|p1|Not is GodHand|unknown|1426\n|player|p2|winter lanterns|burglar|1416\n|teamsize|p1|6\n|teamsize|p2|6\n|gametype|singles\n|gen|3\n|tier|[Gen 3] OU\n|rated|\n|rule|Sleep Clause Mod: Limit one foe put to sleep\n|rule|Switch Priority Clause Mod: Faster Pok\u00e9mon switch first\n|rule|Species Clause: Limit one of each Pok\u00e9mon\n|rule|OHKO Clause: OHKO moves are banned\n|rule|Moody Clause: Moody is banned\n|rule|Evasion Moves Clause: Evasion moves are banned\n|rule|Endless Battle Clause: Forcing endless battles is banned\n|rule|HP Percentage Mod: HP is shown in percentages\n|rule|3 Baton Pass Clause: Limit three Baton Passers\n|\n|start\n|switch|p1a: Venusaur|Venusaur, F|100\/100\n|switch|p2a: Tyranitar|Tyranitar, M|100\/100\n|-weather|Sandstorm|[from] ability: Sand Stream|[of] p2a: Tyranitar\n|turn|1\n|inactive|Battle timer is ON: inactive players will automatically lose when time's up. (requested by Not is GodHand)\n|\n|move|p1a: Venusaur|Sleep Powder|p2a: Tyranitar\n|-status|p2a: Tyranitar|slp|[from] move: Sleep Powder\n|cant|p2a: Tyranitar|slp\n|\n|-weather|Sandstorm|[upkeep]\n|-damage|p1a: Venusaur|94\/100|[from] Sandstorm\n|upkeep\n|turn|2\n|\n|switch|p2a: Blissey|Blissey, F|100\/100\n|move|p1a: Venusaur|Leech Seed|p2a: Blissey\n|-start|p2a: Blissey|move: Leech Seed\n|\n|-weather|Sandstorm|[upkeep]\n|-damage|p1a: Venusaur|88\/100|[from] Sandstorm\n|-damage|p2a: Blissey|94\/100|[from] Sandstorm\n|-heal|p2a: Blissey|100\/100|[from] item: Leftovers\n|-damage|p2a: Blissey|88\/100|[from] Leech Seed|[of] p1a: Venusaur\n|-heal|p1a: Venusaur|100\/100|[silent]\n|upkeep\n|turn|3\n|\n|switch|p1a: Metagross|Metagross|100\/100\n|move|p2a: Blissey|Thunder Wave|p1a: Metagross\n|-status|p1a: Metagross|par\n|-enditem|p1a: Metagross|Lum Berry|[eat]\n|-curestatus|p1a: Metagross|par|[msg]\n|\n|-weather|Sandstorm|[upkeep]\n|-damage|p2a: Blissey|82\/100|[from] Sandstorm\n|-heal|p2a: Blissey|88\/100|[from] item: Leftovers\n|-damage|p2a: Blissey|76\/100|[from] Leech Seed|[of] p1a: Metagross\n|upkeep\n|turn|4\n|\n|switch|p2a: Cloyster|Cloyster, M|100\/100\n|move|p1a: Metagross|Meteor Mash|p2a: Cloyster\n|-damage|p2a: Cloyster|65\/100\n|\n|-weather|Sandstorm|[upkeep]\n|-damage|p2a: Cloyster|58\/100|[from] Sandstorm\n|-heal|p2a: Cloyster|65\/100|[from] item: Leftovers\n|upkeep\n|turn|5\n|\n|move|p1a: Metagross|Meteor Mash|p2a: Cloyster\n|-damage|p2a: Cloyster|27\/100\n|move|p2a: Cloyster|Spikes|p1a: Metagross\n|-sidestart|p1: Not is GodHand|Spikes\n|\n|-weather|Sandstorm|[upkeep]\n|-damage|p2a: Cloyster|21\/100|[from] Sandstorm\n|-heal|p2a: Cloyster|27\/100|[from] item: Leftovers\n|upkeep\n|turn|6\n|\n|switch|p2a: Zapdos|Zapdos|100\/100\n|move|p1a: Metagross|Meteor Mash|p2a: Zapdos\n|-resisted|p2a: Zapdos\n|-damage|p2a: Zapdos|61\/100\n|\n|-weather|Sandstorm|[upkeep]\n|-damage|p2a: Zapdos|54\/100|[from] Sandstorm\n|-heal|p2a: Zapdos|61\/100|[from] item: Leftovers\n|upkeep\n|turn|7\n|\n|switch|p1a: Snorlax|Snorlax, M|100\/100\n|-damage|p1a: Snorlax|88\/100|[from] Spikes\n|move|p2a: Zapdos|Thunderbolt|p1a: Snorlax\n|-damage|p1a: Snorlax|62\/100\n|\n|-weather|Sandstorm|[upkeep]\n|-damage|p2a: Zapdos|54\/100|[from] Sandstorm\n|-damage|p1a: Snorlax|56\/100|[from] Sandstorm\n|-heal|p2a: Zapdos|61\/100|[from] item: Leftovers\n|-heal|p1a: Snorlax|62\/100|[from] item: Leftovers\n|upkeep\n|turn|8\n|\n|move|p2a: Zapdos|Hidden Power|p1a: Snorlax\n|-supereffective|p1a: Snorlax\n|-damage|p1a: Snorlax|20\/100\n|move|p1a: Snorlax|Double-Edge|p2a: Zapdos\n|-damage|p2a: Zapdos|0 fnt\n|-damage|p1a: Snorlax|8\/100|[from] Recoil|[of] p2a: Zapdos\n|faint|p2a: Zapdos\n|\n|switch|p2a: Gengar|Gengar, F|100\/100\n|\n|-weather|Sandstorm|[upkeep]\n|-damage|p2a: Gengar|94\/100|[from] Sandstorm\n|-damage|p1a: Snorlax|2\/100|[from] Sandstorm\n|-heal|p2a: Gengar|100\/100|[from] item: Leftovers\n|-heal|p1a: Snorlax|8\/100|[from] item: Leftovers\n|upkeep\n|turn|9\n|\n|move|p2a: Gengar|Thunderbolt|p1a: Snorlax\n|-damage|p1a: Snorlax|0 fnt\n|faint|p1a: Snorlax\n|\n|switch|p1a: Metagross|Metagross|100\/100\n|-damage|p1a: Metagross|88\/100|[from] Spikes\n|\n|-weather|Sandstorm|[upkeep]\n|-damage|p2a: Gengar|94\/100|[from] Sandstorm\n|-heal|p2a: Gengar|100\/100|[from] item: Leftovers\n|upkeep\n|turn|10\n|\n|switch|p2a: Cloyster|Cloyster, M|27\/100\n|move|p1a: Metagross|Agility|p1a: Metagross\n|-boost|p1a: Metagross|spe|2\n|\n|-weather|Sandstorm|[upkeep]\n|-damage|p2a: Cloyster|21\/100|[from] Sandstorm\n|-heal|p2a: Cloyster|27\/100|[from] item: Leftovers\n|upkeep\n|turn|11\n|\n|move|p1a: Metagross|Meteor Mash|p2a: Cloyster\n|-damage|p2a: Cloyster|0 fnt\n|faint|p2a: Cloyster\n|\n|switch|p2a: Blissey|Blissey, F|76\/100\n|\n|-weather|Sandstorm|[upkeep]\n|-damage|p2a: Blissey|69\/100|[from] Sandstorm\n|-heal|p2a: Blissey|76\/100|[from] item: Leftovers\n|upkeep\n|turn|12\n|\n|move|p1a: Metagross|Meteor Mash|p2a: Blissey\n|-damage|p2a: Blissey|17\/100\n|move|p2a: Blissey|Thunder Wave|p1a: Metagross\n|-status|p1a: Metagross|par\n|\n|-weather|Sandstorm|[upkeep]\n|-damage|p2a: Blissey|11\/100|[from] Sandstorm\n|-heal|p2a: Blissey|17\/100|[from] item: Leftovers\n|upkeep\n|turn|13\n|\n|move|p2a: Blissey|Soft-Boiled|p2a: Blissey\n|-heal|p2a: Blissey|67\/100\n|move|p1a: Metagross|Meteor Mash|p2a: Blissey\n|-damage|p2a: Blissey|2\/100\n|\n|-weather|Sandstorm|[upkeep]\n|-damage|p2a: Blissey|0 fnt|[from] Sandstorm\n|faint|p2a: Blissey\n|upkeep\n|\n|switch|p2a: Aerodactyl|Aerodactyl, F|100\/100\n|turn|14\n|\n|move|p2a: Aerodactyl|Earthquake|p1a: Metagross\n|-supereffective|p1a: Metagross\n|-damage|p1a: Metagross|14\/100 par\n|move|p1a: Metagross|Meteor Mash|p2a: Aerodactyl\n|-supereffective|p2a: Aerodactyl\n|-damage|p2a: Aerodactyl|0 fnt\n|faint|p2a: Aerodactyl\n|\n|switch|p2a: Gengar|Gengar, F|100\/100\n|\n|-weather|Sandstorm|[upkeep]\n|-damage|p2a: Gengar|94\/100|[from] Sandstorm\n|-heal|p2a: Gengar|100\/100|[from] item: Leftovers\n|upkeep\n|turn|15\n|\n|move|p2a: Gengar|Fire Punch|p1a: Metagross\n|-supereffective|p1a: Metagross\n|-damage|p1a: Metagross|0 fnt\n|faint|p1a: Metagross\n|\n|switch|p1a: Tyranitar|Tyranitar, M|100\/100\n|-damage|p1a: Tyranitar|88\/100|[from] Spikes\n|\n|-weather|Sandstorm|[upkeep]\n|-damage|p2a: Gengar|94\/100|[from] Sandstorm\n|-heal|p2a: Gengar|100\/100|[from] item: Leftovers\n|upkeep\n|turn|16\n|\n|move|p2a: Gengar|Hidden Power|p1a: Tyranitar\n|-supereffective|p1a: Tyranitar\n|-damage|p1a: Tyranitar|42\/100\n|move|p1a: Tyranitar|Rock Slide|p2a: Gengar\n|-damage|p2a: Gengar|4\/100\n|\n|-weather|Sandstorm|[upkeep]\n|-damage|p2a: Gengar|0 fnt|[from] Sandstorm\n|faint|p2a: Gengar\n|upkeep\n|-message|winter lanterns forfeited.\n|\n|win|Not is GodHand\n|l|\u2606winter lanterns\n|raw|Not is GodHand's rating: 1426 &rarr; <strong>1446<\/strong><br \/>(+20 for winning)\n|raw|winter lanterns's rating: 1416 &rarr; <strong>1397<\/strong><br \/>(-19 for losing)\n","uploadtime":1591429321,"views":5,"p1id":"notisgodhand","p2id":"winterlanterns","formatid":"gen3ou","rating":1397,"private":0,"password":null}