{"id":"gen3ou-1127325017","p1":"clover runs deep","p2":"winter lanterns","format":"gen3ou","log":"|j|\u2606clover runs deep\n|j|\u2606winter lanterns\n|player|p1|clover runs deep|unknown|1385\n|player|p2|winter lanterns|burglar|1363\n|teamsize|p1|6\n|teamsize|p2|6\n|gametype|singles\n|gen|3\n|tier|[Gen 3] OU\n|rated|\n|rule|Sleep Clause Mod: Limit one foe put to sleep\n|rule|Switch Priority Clause Mod: Faster Pok\u00e9mon switch first\n|rule|Species Clause: Limit one of each Pok\u00e9mon\n|rule|OHKO Clause: OHKO moves are banned\n|rule|Moody Clause: Moody is banned\n|rule|Evasion Moves Clause: Evasion moves are banned\n|rule|Endless Battle Clause: Forcing endless battles is banned\n|rule|HP Percentage Mod: HP is shown in percentages\n|rule|3 Baton Pass Clause: Limit three Baton Passers\n|\n|start\n|switch|p1a: Jolteon|Jolteon, M|100\/100\n|switch|p2a: Salamence|Salamence, F|100\/100\n|-ability|p2a: Salamence|Intimidate|boost\n|-unboost|p1a: Jolteon|atk|1\n|turn|1\n|inactive|Battle timer is ON: inactive players will automatically lose when time's up. (requested by clover runs deep)\n|\n|switch|p2a: Snorlax|Snorlax, M|100\/100\n|move|p1a: Jolteon|Baton Pass|p1a: Jolteon\n|\n|switch|p1a: Skarmory|Skarmory, F|100\/100|[from]move: Baton Pass\n|\n|upkeep\n|turn|2\n|\n|switch|p2a: Salamence|Salamence, F|100\/100\n|-ability|p2a: Salamence|Intimidate|boost\n|-unboost|p1a: Skarmory|atk|1\n|move|p1a: Skarmory|Spikes|p2a: Salamence\n|-sidestart|p2: winter lanterns|Spikes\n|\n|upkeep\n|turn|3\n|\n|switch|p1a: Starmie|Starmie|100\/100\n|move|p2a: Salamence|Fire Blast|p1a: Starmie|[miss]\n|-miss|p2a: Salamence|p1a: Starmie\n|\n|upkeep\n|turn|4\n|\n|switch|p2a: Snorlax|Snorlax, M|100\/100\n|-damage|p2a: Snorlax|88\/100|[from] Spikes\n|move|p1a: Starmie|Ice Beam|p2a: Snorlax\n|-damage|p2a: Snorlax|73\/100\n|\n|-heal|p2a: Snorlax|79\/100|[from] item: Leftovers\n|upkeep\n|turn|5\n|\n|switch|p1a: Metagross|Metagross|100\/100\n|switch|p2a: Magneton|Magneton|100\/100\n|-damage|p2a: Magneton|88\/100|[from] Spikes\n|\n|upkeep\n|turn|6\n|\n|switch|p2a: Swampert|Swampert, F|100\/100\n|-damage|p2a: Swampert|88\/100|[from] Spikes\n|move|p1a: Metagross|Earthquake|p2a: Swampert\n|-damage|p2a: Swampert|53\/100\n|\n|-heal|p2a: Swampert|60\/100|[from] item: Leftovers\n|upkeep\n|turn|7\n|\n|switch|p1a: Skarmory|Skarmory, F|100\/100\n|move|p2a: Swampert|Earthquake|p1a: Skarmory\n|-immune|p1a: Skarmory\n|\n|-heal|p2a: Swampert|66\/100|[from] item: Leftovers\n|upkeep\n|turn|8\n|\n|move|p1a: Skarmory|Spikes|p2a: Swampert\n|-sidestart|p2: winter lanterns|Spikes\n|move|p2a: Swampert|Surf|p1a: Skarmory\n|-damage|p1a: Skarmory|70\/100\n|\n|-heal|p1a: Skarmory|76\/100|[from] item: Leftovers\n|-heal|p2a: Swampert|72\/100|[from] item: Leftovers\n|upkeep\n|turn|9\n|\n|switch|p2a: Magneton|Magneton|88\/100\n|-damage|p2a: Magneton|71\/100|[from] Spikes\n|move|p1a: Skarmory|Whirlwind|p2a: Magneton\n|drag|p2a: Heracross|Heracross, F|100\/100\n|-damage|p2a: Heracross|84\/100|[from] Spikes\n|\n|-heal|p1a: Skarmory|82\/100|[from] item: Leftovers\n|upkeep\n|turn|10\n|\n|switch|p2a: Magneton|Magneton|71\/100\n|-damage|p2a: Magneton|55\/100|[from] Spikes\n|switch|p1a: Salamence|Salamence, M|100\/100\n|-ability|p1a: Salamence|Intimidate|boost\n|-unboost|p2a: Magneton|atk|1\n|\n|upkeep\n|turn|11\n|-message|winter lanterns forfeited.\n|\n|win|clover runs deep\n|l|\u2606winter lanterns\n||Ladder (probably) updated, but score could not be retrieved (Response not received).\n","uploadtime":1591370157,"views":10,"p1id":"cloverrunsdeep","p2id":"winterlanterns","formatid":"gen3ou","rating":0,"private":0,"password":null}