{"id":"gen3ou-1277809436","p1":"Del chef","p2":"royceee","format":"gen3ou","log":"|j|\u2606Del chef\n|j|\u2606royceee\n|t:|1612708750\n|player|p1|Del chef|bugcatcher-gen1|1348\n|player|p2|royceee|blue|1384\n|teamsize|p1|6\n|teamsize|p2|6\n|gametype|singles\n|gen|3\n|tier|[Gen 3] OU\n|rated|\n|rule|Sleep Clause Mod: Limit one foe put to sleep\n|rule|Switch Priority Clause Mod: Faster Pok\u00e9mon switch first\n|rule|Species Clause: Limit one of each Pok\u00e9mon\n|rule|OHKO Clause: OHKO moves are banned\n|rule|Evasion Moves Clause: Evasion moves are banned\n|rule|Endless Battle Clause: Forcing endless battles is banned\n|rule|HP Percentage Mod: HP is shown in percentages\n|rule|3 Baton Pass Clause: Limit three Baton Passers\n|\n|t:|1612708750\n|start\n|switch|p1a: Suicune|Suicune|100\/100\n|switch|p2a: TSLA stocks|Zapdos|100\/100\n|turn|1\n|inactive|Battle timer is ON: inactive players will automatically lose when time's up. (requested by royceee)\n|j| smilzo\u266b\n|\n|t:|1612708762\n|switch|p1a: Celebi|Celebi|100\/100\n|move|p2a: TSLA stocks|Baton Pass|p2a: TSLA stocks\n|\n|t:|1612708775\n|switch|p2a: speedrunKiller|Tyranitar, M, shiny|100\/100|[from]move: Baton Pass\n|-weather|Sandstorm|[from] ability: Sand Stream|[of] p2a: speedrunKiller\n|\n|-weather|Sandstorm|[upkeep]\n|-damage|p1a: Celebi|95\/100|[from] Sandstorm\n|-heal|p1a: Celebi|100\/100|[from] item: Leftovers\n|upkeep\n|turn|2\n|\n|t:|1612708785\n|-singleturn|p2a: speedrunKiller|move: Focus Punch\n|move|p1a: Celebi|Baton Pass|p1a: Celebi\n|\n|t:|1612708804\n|switch|p1a: Suicune|Suicune|100\/100|[from]move: Baton Pass\n|move|p2a: speedrunKiller|Focus Punch|p1a: Suicune\n|-damage|p1a: Suicune|46\/100\n|\n|-weather|Sandstorm|[upkeep]\n|-damage|p1a: Suicune|40\/100|[from] Sandstorm\n|-heal|p1a: Suicune|46\/100|[from] item: Leftovers\n|upkeep\n|turn|3\n|\n|t:|1612708811\n|switch|p2a: smoll|Celebi|100\/100\n|move|p1a: Suicune|Calm Mind|p1a: Suicune\n|-boost|p1a: Suicune|spa|1\n|-boost|p1a: Suicune|spd|1\n|\n|-weather|Sandstorm|[upkeep]\n|-damage|p2a: smoll|94\/100|[from] Sandstorm\n|-damage|p1a: Suicune|40\/100|[from] Sandstorm\n|-heal|p2a: smoll|100\/100|[from] item: Leftovers\n|-heal|p1a: Suicune|46\/100|[from] item: Leftovers\n|upkeep\n|turn|4\n|\n|t:|1612708816\n|move|p2a: smoll|Calm Mind|p2a: smoll\n|-boost|p2a: smoll|spa|1\n|-boost|p2a: smoll|spd|1\n|move|p1a: Suicune|Ice Beam|p2a: smoll\n|-supereffective|p2a: smoll\n|-damage|p2a: smoll|52\/100\n|\n|-weather|Sandstorm|[upkeep]\n|-damage|p2a: smoll|46\/100|[from] Sandstorm\n|-damage|p1a: Suicune|40\/100|[from] Sandstorm\n|-heal|p2a: smoll|52\/100|[from] item: Leftovers\n|-heal|p1a: Suicune|46\/100|[from] item: Leftovers\n|upkeep\n|turn|5\n|\n|t:|1612708822\n|move|p2a: smoll|Giga Drain|p1a: Suicune\n|-supereffective|p1a: Suicune\n|-damage|p1a: Suicune|9\/100\n|-heal|p2a: smoll|68\/100|[from] drain|[of] p1a: Suicune\n|move|p1a: Suicune|Roar|p2a: smoll\n|drag|p2a: killSteal|Starmie, shiny|100\/100\n|\n|-weather|Sandstorm|[upkeep]\n|-damage|p2a: killSteal|94\/100|[from] Sandstorm\n|-damage|p1a: Suicune|3\/100|[from] Sandstorm\n|-heal|p2a: killSteal|100\/100|[from] item: Leftovers\n|-heal|p1a: Suicune|9\/100|[from] item: Leftovers\n|upkeep\n|turn|6\n|\n|t:|1612708835\n|move|p2a: killSteal|Thunderbolt|p1a: Suicune\n|-supereffective|p1a: Suicune\n|-damage|p1a: Suicune|0 fnt\n|faint|p1a: Suicune\n|\n|t:|1612708848\n|switch|p1a: Jirachi|Jirachi|100\/100\n|\n|-weather|Sandstorm|[upkeep]\n|-damage|p2a: killSteal|94\/100|[from] Sandstorm\n|-heal|p2a: killSteal|100\/100|[from] item: Leftovers\n|upkeep\n|turn|7\n|\n|t:|1612708860\n|switch|p2a: smoll|Celebi|68\/100\n|move|p1a: Jirachi|Calm Mind|p1a: Jirachi\n|-boost|p1a: Jirachi|spa|1\n|-boost|p1a: Jirachi|spd|1\n|\n|-weather|Sandstorm|[upkeep]\n|-damage|p2a: smoll|62\/100|[from] Sandstorm\n|-heal|p2a: smoll|68\/100|[from] item: Leftovers\n|upkeep\n|turn|8\n|\n|t:|1612708882\n|move|p1a: Jirachi|Fire Punch|p2a: smoll\n|-supereffective|p2a: smoll\n|-damage|p2a: smoll|13\/100\n|move|p2a: smoll|Baton Pass|p2a: smoll\n|\n|t:|1612708886\n|switch|p2a: diglettOrgy|Dugtrio, M, shiny|100\/100|[from]move: Baton Pass\n|\n|-weather|Sandstorm|[upkeep]\n|upkeep\n|turn|9\n|\n|t:|1612708892\n|move|p2a: diglettOrgy|Earthquake|p1a: Jirachi\n|-supereffective|p1a: Jirachi\n|-damage|p1a: Jirachi|0 fnt\n|faint|p1a: Jirachi\n|\n|t:|1612708897\n|switch|p1a: Celebi|Celebi|100\/100\n|\n|-weather|Sandstorm|[upkeep]\n|-damage|p1a: Celebi|95\/100|[from] Sandstorm\n|-heal|p1a: Celebi|100\/100|[from] item: Leftovers\n|upkeep\n|turn|10\n|\n|t:|1612708902\n|switch|p2a: smoll|Celebi|13\/100\n|move|p1a: Celebi|Calm Mind|p1a: Celebi\n|-boost|p1a: Celebi|spa|1\n|-boost|p1a: Celebi|spd|1\n|\n|-weather|Sandstorm|[upkeep]\n|-damage|p2a: smoll|7\/100|[from] Sandstorm\n|-damage|p1a: Celebi|95\/100|[from] Sandstorm\n|-heal|p2a: smoll|13\/100|[from] item: Leftovers\n|-heal|p1a: Celebi|100\/100|[from] item: Leftovers\n|upkeep\n|turn|11\n|\n|t:|1612708908\n|move|p2a: smoll|Hidden Power|p1a: Celebi\n|-supereffective|p1a: Celebi\n|-damage|p1a: Celebi|81\/100\n|move|p1a: Celebi|Calm Mind|p1a: Celebi\n|-boost|p1a: Celebi|spa|1\n|-boost|p1a: Celebi|spd|1\n|\n|-weather|Sandstorm|[upkeep]\n|-damage|p2a: smoll|7\/100|[from] Sandstorm\n|-damage|p1a: Celebi|75\/100|[from] Sandstorm\n|-heal|p2a: smoll|13\/100|[from] item: Leftovers\n|-heal|p1a: Celebi|81\/100|[from] item: Leftovers\n|upkeep\n|turn|12\n|\n|t:|1612708917\n|switch|p2a: TSLA stocks|Zapdos|100\/100\n|move|p1a: Celebi|Giga Drain|p2a: TSLA stocks\n|-resisted|p2a: TSLA stocks\n|-crit|p2a: TSLA stocks\n|-damage|p2a: TSLA stocks|35\/100\n|-heal|p1a: Celebi|100\/100|[from] drain|[of] p2a: TSLA stocks\n|\n|-weather|Sandstorm|[upkeep]\n|-damage|p2a: TSLA stocks|29\/100|[from] Sandstorm\n|-damage|p1a: Celebi|95\/100|[from] Sandstorm\n|-heal|p2a: TSLA stocks|35\/100|[from] item: Leftovers\n|-heal|p1a: Celebi|100\/100|[from] item: Leftovers\n|upkeep\n|turn|13\n|\n|t:|1612708928\n|switch|p2a: smoll|Celebi|13\/100\n|move|p1a: Celebi|Hidden Power|p2a: smoll\n|-supereffective|p2a: smoll\n|-damage|p2a: smoll|0 fnt\n|faint|p2a: smoll\n|\n|t:|1612708936\n|switch|p2a: diglettOrgy|Dugtrio, M, shiny|100\/100\n|\n|-weather|Sandstorm|[upkeep]\n|-damage|p1a: Celebi|95\/100|[from] Sandstorm\n|-heal|p1a: Celebi|100\/100|[from] item: Leftovers\n|upkeep\n|turn|14\n|\n|t:|1612708942\n|move|p2a: diglettOrgy|Hidden Power|p1a: Celebi\n|-supereffective|p1a: Celebi\n|-damage|p1a: Celebi|6\/100\n|move|p1a: Celebi|Giga Drain|p2a: diglettOrgy\n|-supereffective|p2a: diglettOrgy\n|-damage|p2a: diglettOrgy|0 fnt\n|-heal|p1a: Celebi|34\/100|[from] drain|[of] p2a: diglettOrgy\n|faint|p2a: diglettOrgy\n|\n|t:|1612708956\n|switch|p2a: speedrunKiller|Tyranitar, M, shiny|100\/100\n|\n|-weather|Sandstorm|[upkeep]\n|-damage|p1a: Celebi|28\/100|[from] Sandstorm\n|-heal|p1a: Celebi|34\/100|[from] item: Leftovers\n|upkeep\n|turn|15\n|\n|t:|1612708959\n|move|p1a: Celebi|Giga Drain|p2a: speedrunKiller\n|-supereffective|p2a: speedrunKiller\n|-damage|p2a: speedrunKiller|5\/100\n|-heal|p1a: Celebi|87\/100|[from] drain|[of] p2a: speedrunKiller\n|move|p2a: speedrunKiller|Hidden Power|p1a: Celebi\n|-supereffective|p1a: Celebi\n|-damage|p1a: Celebi|0 fnt\n|faint|p1a: Celebi\n|\n|t:|1612708969\n|switch|p1a: Dugtrio|Dugtrio, F|100\/100\n|\n|-weather|Sandstorm|[upkeep]\n|-heal|p2a: speedrunKiller|11\/100|[from] item: Leftovers\n|upkeep\n|turn|16\n|\n|t:|1612708974\n|move|p1a: Dugtrio|Rock Slide|p2a: speedrunKiller\n|-damage|p2a: speedrunKiller|0 fnt\n|faint|p2a: speedrunKiller\n|\n|t:|1612708980\n|switch|p2a: Swampe(rve)rt|Swampert, M, shiny|100\/100\n|\n|-weather|Sandstorm|[upkeep]\n|upkeep\n|turn|17\n|\n|t:|1612708984\n|switch|p1a: Porygon2|Porygon2|100\/100\n|-ability|p1a: Porygon2|Torrent|[from] ability: Trace|[of] p2a: Swampe(rve)rt\n|move|p2a: Swampe(rve)rt|Surf|p1a: Porygon2\n|-damage|p1a: Porygon2|73\/100\n|\n|-weather|Sandstorm|[upkeep]\n|-damage|p1a: Porygon2|67\/100|[from] Sandstorm\n|-heal|p1a: Porygon2|73\/100|[from] item: Leftovers\n|upkeep\n|turn|18\n|\n|t:|1612708992\n|move|p2a: Swampe(rve)rt|Protect|p2a: Swampe(rve)rt\n|-singleturn|p2a: Swampe(rve)rt|Protect\n|move|p1a: Porygon2|Toxic|p2a: Swampe(rve)rt\n|-activate|p2a: Swampe(rve)rt|Protect\n|\n|-weather|Sandstorm|[upkeep]\n|-damage|p1a: Porygon2|67\/100|[from] Sandstorm\n|-heal|p1a: Porygon2|73\/100|[from] item: Leftovers\n|upkeep\n|turn|19\n|\n|t:|1612709005\n|move|p2a: Swampe(rve)rt|Earthquake|p1a: Porygon2\n|-damage|p1a: Porygon2|44\/100\n|move|p1a: Porygon2|Toxic|p2a: Swampe(rve)rt\n|-status|p2a: Swampe(rve)rt|tox\n|\n|-weather|Sandstorm|[upkeep]\n|-damage|p1a: Porygon2|38\/100|[from] Sandstorm\n|-heal|p1a: Porygon2|44\/100|[from] item: Leftovers\n|-damage|p2a: Swampe(rve)rt|94\/100 tox|[from] psn\n|upkeep\n|turn|20\n|\n|t:|1612709011\n|switch|p2a: TSLA stocks|Zapdos|35\/100\n|move|p1a: Porygon2|Recover|p1a: Porygon2\n|-heal|p1a: Porygon2|94\/100\n|\n|-weather|Sandstorm|[upkeep]\n|-damage|p2a: TSLA stocks|29\/100|[from] Sandstorm\n|-damage|p1a: Porygon2|88\/100|[from] Sandstorm\n|-heal|p2a: TSLA stocks|35\/100|[from] item: Leftovers\n|-heal|p1a: Porygon2|94\/100|[from] item: Leftovers\n|upkeep\n|turn|21\n|\n|t:|1612709025\n|move|p2a: TSLA stocks|Thunderbolt|p1a: Porygon2\n|-damage|p1a: Porygon2|50\/100\n|move|p1a: Porygon2|Ice Beam|p2a: TSLA stocks\n|-supereffective|p2a: TSLA stocks\n|-damage|p2a: TSLA stocks|0 fnt\n|faint|p2a: TSLA stocks\n|\n|t:|1612709028\n|switch|p2a: killSteal|Starmie, shiny|100\/100\n|\n|-weather|Sandstorm|[upkeep]\n|-damage|p2a: killSteal|94\/100|[from] Sandstorm\n|-damage|p1a: Porygon2|44\/100|[from] Sandstorm\n|-heal|p2a: killSteal|100\/100|[from] item: Leftovers\n|-heal|p1a: Porygon2|50\/100|[from] item: Leftovers\n|upkeep\n|turn|22\n|\n|t:|1612709031\n|move|p2a: killSteal|Hydro Pump|p1a: Porygon2\n|-damage|p1a: Porygon2|0 fnt\n|faint|p1a: Porygon2\n|\n|t:|1612709039\n|switch|p1a: Raikou|Raikou|100\/100\n|\n|-weather|Sandstorm|[upkeep]\n|-damage|p1a: Raikou|94\/100|[from] Sandstorm\n|-damage|p2a: killSteal|94\/100|[from] Sandstorm\n|-heal|p2a: killSteal|100\/100|[from] item: Leftovers\n|-heal|p1a: Raikou|100\/100|[from] item: Leftovers\n|upkeep\n|turn|23\n|\n|t:|1612709057\n|switch|p1a: Dugtrio|Dugtrio, F|100\/100\n|move|p2a: killSteal|Hydro Pump|p1a: Dugtrio\n|-supereffective|p1a: Dugtrio\n|-damage|p1a: Dugtrio|0 fnt\n|faint|p1a: Dugtrio\n|\n|t:|1612709061\n|switch|p1a: Raikou|Raikou|100\/100\n|\n|-weather|Sandstorm|[upkeep]\n|-damage|p2a: killSteal|94\/100|[from] Sandstorm\n|-damage|p1a: Raikou|94\/100|[from] Sandstorm\n|-heal|p2a: killSteal|100\/100|[from] item: Leftovers\n|-heal|p1a: Raikou|100\/100|[from] item: Leftovers\n|upkeep\n|turn|24\n|\n|t:|1612709066\n|move|p2a: killSteal|Hydro Pump|p1a: Raikou\n|-damage|p1a: Raikou|46\/100\n|move|p1a: Raikou|Calm Mind|p1a: Raikou\n|-boost|p1a: Raikou|spa|1\n|-boost|p1a: Raikou|spd|1\n|\n|-weather|Sandstorm|[upkeep]\n|-damage|p2a: killSteal|94\/100|[from] Sandstorm\n|-damage|p1a: Raikou|40\/100|[from] Sandstorm\n|-heal|p2a: killSteal|100\/100|[from] item: Leftovers\n|-heal|p1a: Raikou|46\/100|[from] item: Leftovers\n|upkeep\n|turn|25\n|\n|t:|1612709073\n|move|p2a: killSteal|Hydro Pump|p1a: Raikou|[miss]\n|-miss|p2a: killSteal|p1a: Raikou\n|move|p1a: Raikou|Thunderbolt|p2a: killSteal\n|-supereffective|p2a: killSteal\n|-damage|p2a: killSteal|0 fnt\n|faint|p2a: killSteal\n|\n|t:|1612709078\n|switch|p2a: Swampe(rve)rt|Swampert, M, shiny|94\/100 tox\n|\n|-weather|Sandstorm|[upkeep]\n|-damage|p1a: Raikou|40\/100|[from] Sandstorm\n|-heal|p1a: Raikou|46\/100|[from] item: Leftovers\n|-heal|p2a: Swampe(rve)rt|100\/100 tox|[from] item: Leftovers\n|-damage|p2a: Swampe(rve)rt|94\/100 tox|[from] psn\n|upkeep\n|turn|26\n|\n|t:|1612709080\n|move|p1a: Raikou|Hidden Power|p2a: Swampe(rve)rt\n|-damage|p2a: Swampe(rve)rt|55\/100 tox\n|move|p2a: Swampe(rve)rt|Earthquake|p1a: Raikou\n|-supereffective|p1a: Raikou\n|-damage|p1a: Raikou|0 fnt\n|faint|p1a: Raikou\n|\n|win|royceee\n|c|\u2606royceee|gg\n|raw|Del chef's rating: 1360 &rarr; <strong>1342<\/strong><br \/>(-18 for losing)\n|raw|royceee's rating: 1384 &rarr; <strong>1402<\/strong><br \/>(+18 for winning)\n|l| smilzo\u266b\n|c|\u2606Del chef|GG\n|l|\u2606Del chef\n","uploadtime":1612709177,"views":8,"p1id":"delchef","p2id":"royceee","formatid":"gen3ou","rating":1342,"private":0,"password":null}