{"id":"gen3ou-1113753542","p1":"winter lanterns","p2":"Stallisgood4meta","format":"gen3ou","log":"|j|\u2606winter lanterns\n|j|\u2606Stallisgood4meta\n|player|p1|winter lanterns|burglar|1559\n|player|p2|Stallisgood4meta|worker-gen4|1329\n|teamsize|p1|6\n|teamsize|p2|6\n|gametype|singles\n|gen|3\n|tier|[Gen 3] OU\n|rated|\n|rule|Sleep Clause Mod: Limit one foe put to sleep\n|rule|Switch Priority Clause Mod: Faster Pok\u00e9mon switch first\n|rule|Species Clause: Limit one of each Pok\u00e9mon\n|rule|OHKO Clause: OHKO moves are banned\n|rule|Moody Clause: Moody is banned\n|rule|Evasion Moves Clause: Evasion moves are banned\n|rule|Endless Battle Clause: Forcing endless battles is banned\n|rule|HP Percentage Mod: HP is shown in percentages\n|rule|3 Baton Pass Clause: Limit three Baton Passers\n|\n|start\n|switch|p1a: Tyranitar|Tyranitar, F|100\/100\n|switch|p2a: Zapdos|Zapdos|100\/100\n|-weather|Sandstorm|[from] ability: Sand Stream|[of] p1a: Tyranitar\n|turn|1\n|inactive|Battle timer is ON: inactive players will automatically lose when time's up. (requested by Stallisgood4meta)\n|\n|move|p2a: Zapdos|Baton Pass|p2a: Zapdos\n|\n|switch|p2a: Metagross|Metagross|100\/100|[from]move: Baton Pass\n|move|p1a: Tyranitar|Rock Slide|p2a: Metagross\n|-resisted|p2a: Metagross\n|-damage|p2a: Metagross|72\/100\n|\n|-weather|Sandstorm|[upkeep]\n|-heal|p2a: Metagross|78\/100|[from] item: Leftovers\n|upkeep\n|turn|2\n|\n|switch|p1a: Cloyster|Cloyster, M|100\/100\n|move|p2a: Metagross|Agility|p2a: Metagross\n|-boost|p2a: Metagross|spe|2\n|\n|-weather|Sandstorm|[upkeep]\n|-damage|p1a: Cloyster|94\/100|[from] Sandstorm\n|-heal|p2a: Metagross|84\/100|[from] item: Leftovers\n|-heal|p1a: Cloyster|100\/100|[from] item: Leftovers\n|upkeep\n|turn|3\n|\n|move|p2a: Metagross|Meteor Mash|p1a: Cloyster\n|-damage|p1a: Cloyster|64\/100\n|move|p1a: Cloyster|Spikes|p2a: Metagross\n|-sidestart|p2: Stallisgood4meta|Spikes\n|\n|-weather|Sandstorm|[upkeep]\n|-damage|p1a: Cloyster|57\/100|[from] Sandstorm\n|-heal|p2a: Metagross|91\/100|[from] item: Leftovers\n|-heal|p1a: Cloyster|64\/100|[from] item: Leftovers\n|upkeep\n|turn|4\n|\n|move|p2a: Metagross|Meteor Mash|p1a: Cloyster\n|-damage|p1a: Cloyster|31\/100\n|move|p1a: Cloyster|Surf|p2a: Metagross\n|-damage|p2a: Metagross|56\/100\n|\n|-weather|Sandstorm|[upkeep]\n|-damage|p1a: Cloyster|25\/100|[from] Sandstorm\n|-heal|p2a: Metagross|62\/100|[from] item: Leftovers\n|-heal|p1a: Cloyster|31\/100|[from] item: Leftovers\n|upkeep\n|turn|5\n|\n|move|p2a: Metagross|Meteor Mash|p1a: Cloyster\n|-damage|p1a: Cloyster|0 fnt\n|faint|p1a: Cloyster\n|\n|switch|p1a: Zapdos|Zapdos|100\/100\n|\n|-weather|Sandstorm|[upkeep]\n|-damage|p1a: Zapdos|94\/100|[from] Sandstorm\n|-heal|p2a: Metagross|69\/100|[from] item: Leftovers\n|-heal|p1a: Zapdos|100\/100|[from] item: Leftovers\n|upkeep\n|turn|6\n|\n|move|p2a: Metagross|Explosion|p1a: Zapdos\n|-damage|p1a: Zapdos|0 fnt\n|faint|p2a: Metagross\n|faint|p1a: Zapdos\n|\n|switch|p1a: Tyranitar|Tyranitar, F|100\/100\n|switch|p2a: Medichan|Medicham, F, shiny|100\/100\n|-damage|p2a: Medichan|88\/100|[from] Spikes\n|\n|-weather|Sandstorm|[upkeep]\n|-damage|p2a: Medichan|82\/100|[from] Sandstorm\n|upkeep\n|turn|7\n|\n|switch|p1a: Gengar|Gengar, M|100\/100\n|move|p2a: Medichan|Shadow Ball|p1a: Gengar\n|-supereffective|p1a: Gengar\n|-damage|p1a: Gengar|0 fnt\n|faint|p1a: Gengar\n|\n|switch|p1a: Metagross|Metagross|100\/100\n|\n|-weather|Sandstorm|[upkeep]\n|-damage|p2a: Medichan|76\/100|[from] Sandstorm\n|upkeep\n|turn|8\n|\n|switch|p2a: Zapdos|Zapdos|100\/100\n|move|p1a: Metagross|Meteor Mash|p2a: Zapdos\n|-resisted|p2a: Zapdos\n|-damage|p2a: Zapdos|67\/100\n|\n|-weather|Sandstorm|[upkeep]\n|-damage|p2a: Zapdos|60\/100|[from] Sandstorm\n|-heal|p2a: Zapdos|67\/100|[from] item: Leftovers\n|upkeep\n|turn|9\n|\n|switch|p1a: Blissey|Blissey, F|100\/100\n|move|p2a: Zapdos|Thunderbolt|p1a: Blissey\n|-damage|p1a: Blissey|81\/100\n|\n|-weather|Sandstorm|[upkeep]\n|-damage|p2a: Zapdos|60\/100|[from] Sandstorm\n|-damage|p1a: Blissey|75\/100|[from] Sandstorm\n|-heal|p2a: Zapdos|67\/100|[from] item: Leftovers\n|-heal|p1a: Blissey|81\/100|[from] item: Leftovers\n|upkeep\n|turn|10\n|\n|move|p2a: Zapdos|Thunderbolt|p1a: Blissey\n|-damage|p1a: Blissey|62\/100\n|move|p1a: Blissey|Thunder Wave|p2a: Zapdos\n|-status|p2a: Zapdos|par\n|\n|-weather|Sandstorm|[upkeep]\n|-damage|p1a: Blissey|55\/100|[from] Sandstorm\n|-damage|p2a: Zapdos|60\/100 par|[from] Sandstorm\n|-heal|p1a: Blissey|62\/100|[from] item: Leftovers\n|-heal|p2a: Zapdos|67\/100 par|[from] item: Leftovers\n|upkeep\n|turn|11\n|\n|move|p1a: Blissey|Ice Beam|p2a: Zapdos\n|-supereffective|p2a: Zapdos\n|-damage|p2a: Zapdos|11\/100 par\n|move|p2a: Zapdos|Baton Pass|p2a: Zapdos\n|\n|switch|p2a: Medichan|Medicham, F, shiny|76\/100|[from]move: Baton Pass\n|-damage|p2a: Medichan|64\/100|[from] Spikes\n|\n|-weather|Sandstorm|[upkeep]\n|-damage|p2a: Medichan|58\/100|[from] Sandstorm\n|-damage|p1a: Blissey|55\/100|[from] Sandstorm\n|-heal|p1a: Blissey|62\/100|[from] item: Leftovers\n|upkeep\n|turn|12\n|\n|move|p2a: Medichan|High Jump Kick|p1a: Blissey\n|-supereffective|p1a: Blissey\n|-crit|p1a: Blissey\n|-damage|p1a: Blissey|0 fnt\n|faint|p1a: Blissey\n|\n|switch|p1a: Metagross|Metagross|100\/100\n|\n|-weather|Sandstorm|[upkeep]\n|-damage|p2a: Medichan|52\/100|[from] Sandstorm\n|upkeep\n|turn|13\n|\n|move|p2a: Medichan|High Jump Kick|p1a: Metagross\n|-damage|p1a: Metagross|40\/100\n|move|p1a: Metagross|Agility|p1a: Metagross\n|-boost|p1a: Metagross|spe|2\n|\n|-weather|Sandstorm|[upkeep]\n|-damage|p2a: Medichan|46\/100|[from] Sandstorm\n|upkeep\n|turn|14\n|\n|switch|p2a: Swampert|Swampert, F|100\/100\n|-damage|p2a: Swampert|88\/100|[from] Spikes\n|move|p1a: Metagross|Meteor Mash|p2a: Swampert|[miss]\n|-miss|p1a: Metagross|p2a: Swampert\n|\n|-weather|Sandstorm|[upkeep]\n|-heal|p2a: Swampert|94\/100|[from] item: Leftovers\n|upkeep\n|turn|15\n|-message|winter lanterns forfeited.\n|\n|win|Stallisgood4meta\n|l|\u2606winter lanterns\n|raw|winter lanterns's rating: 1559 &rarr; <strong>1527<\/strong><br \/>(-32 for losing)\n|raw|Stallisgood4meta's rating: 1329 &rarr; <strong>1360<\/strong><br \/>(+31 for winning)\n","uploadtime":1589350527,"views":1,"p1id":"winterlanterns","p2id":"stallisgood4meta","formatid":"gen3ou","rating":1360,"private":0,"password":null}