{"id":"gen3ou-1284718940","p1":"AM","p2":"gostop","format":"gen3ou","log":"|j|\u2606AM\n|j|\u2606gostop\n|t:|1613618461\n|player|p1|AM|sabrina|\n|player|p2|gostop|hugh|\n|teamsize|p1|6\n|teamsize|p2|6\n|gametype|singles\n|gen|3\n|tier|[Gen 3] OU\n|rated|Tournament battle\n|rule|Sleep Clause Mod: Limit one foe put to sleep\n|rule|Switch Priority Clause Mod: Faster Pok\u00e9mon switch first\n|rule|Species Clause: Limit one of each Pok\u00e9mon\n|rule|OHKO Clause: OHKO moves are banned\n|rule|Evasion Moves Clause: Evasion moves are banned\n|rule|Endless Battle Clause: Forcing endless battles is banned\n|rule|HP Percentage Mod: HP is shown in percentages\n|rule|3 Baton Pass Clause: Limit three Baton Passers\n|\n|t:|1613618461\n|start\n|switch|p1a: Metagross|Metagross|100\/100\n|switch|p2a: Suicune|Suicune|100\/100\n|turn|1\n|inactive|Battle timer is ON: inactive players will automatically lose when time's up. (requested by AM)\n|j| Run4Force\n|j| tachyon paradox\n|j| Denethor II\n|inactive|gostop has 120 seconds left.\n|j| r3ee3\n|j| NoWoNo\n|j| pokemon vs you\n|inactive|gostop has 90 seconds left.\n|inactive|gostop has 60 seconds left.\n|\n|t:|1613618555\n|switch|p1a: Cloyster|Cloyster, M|100\/100\n|move|p2a: Suicune|Calm Mind|p2a: Suicune\n|-boost|p2a: Suicune|spa|1\n|-boost|p2a: Suicune|spd|1\n|\n|upkeep\n|turn|2\n|j|+Damm u captcha\n|\n|t:|1613618561\n|move|p1a: Cloyster|Spikes|p2a: Suicune\n|-sidestart|p2: gostop|Spikes\n|move|p2a: Suicune|Hydro Pump|p1a: Cloyster|[miss]\n|-miss|p2a: Suicune|p1a: Cloyster\n|\n|upkeep\n|turn|3\n|c|+Damm u captcha|go am!\n|\n|t:|1613618566\n|move|p1a: Cloyster|Spikes|p2a: Suicune\n|-sidestart|p2: gostop|Spikes\n|move|p2a: Suicune|Hydro Pump|p1a: Cloyster|[miss]\n|-miss|p2a: Suicune|p1a: Cloyster\n|\n|upkeep\n|turn|4\n|\n|t:|1613618573\n|move|p1a: Cloyster|Hidden Power|p2a: Suicune\n|-supereffective|p2a: Suicune\n|-damage|p2a: Suicune|84\/100\n|move|p2a: Suicune|Hydro Pump|p1a: Cloyster\n|-resisted|p1a: Cloyster\n|-damage|p1a: Cloyster|34\/100\n|\n|-heal|p1a: Cloyster|41\/100|[from] item: Leftovers\n|-heal|p2a: Suicune|90\/100|[from] item: Leftovers\n|upkeep\n|turn|5\n|\n|t:|1613618586\n|move|p1a: Cloyster|Explosion|p2a: Suicune\n|-damage|p2a: Suicune|16\/100\n|faint|p1a: Cloyster\n|\n|t:|1613618596\n|switch|p1a: Tyranitar|Tyranitar, F|100\/100\n|-weather|Sandstorm|[from] ability: Sand Stream|[of] p1a: Tyranitar\n|\n|-weather|Sandstorm|[upkeep]\n|-damage|p2a: Suicune|10\/100|[from] Sandstorm\n|-heal|p2a: Suicune|16\/100|[from] item: Leftovers\n|upkeep\n|turn|6\n|\n|t:|1613618599\n|move|p2a: Suicune|Hydro Pump|p1a: Tyranitar\n|-supereffective|p1a: Tyranitar\n|-damage|p1a: Tyranitar|0 fnt\n|faint|p1a: Tyranitar\n|\n|t:|1613618604\n|switch|p1a: Gengar|Gengar, M|100\/100\n|\n|-weather|Sandstorm|[upkeep]\n|-damage|p1a: Gengar|94\/100|[from] Sandstorm\n|-damage|p2a: Suicune|10\/100|[from] Sandstorm\n|-heal|p1a: Gengar|100\/100|[from] item: Leftovers\n|-heal|p2a: Suicune|16\/100|[from] item: Leftovers\n|upkeep\n|turn|7\n|\n|t:|1613618611\n|move|p1a: Gengar|Thunderbolt|p2a: Suicune\n|-supereffective|p2a: Suicune\n|-damage|p2a: Suicune|0 fnt\n|faint|p2a: Suicune\n|\n|t:|1613618617\n|switch|p2a: Raikou|Raikou|100\/100\n|-damage|p2a: Raikou|84\/100|[from] Spikes\n|\n|-weather|Sandstorm|[upkeep]\n|-damage|p2a: Raikou|78\/100|[from] Sandstorm\n|-damage|p1a: Gengar|94\/100|[from] Sandstorm\n|-heal|p2a: Raikou|84\/100|[from] item: Leftovers\n|-heal|p1a: Gengar|100\/100|[from] item: Leftovers\n|upkeep\n|turn|8\n|c| pokemon vs you|lead cune  just took souls\n|\n|t:|1613618630\n|move|p2a: Raikou|Substitute|p2a: Raikou\n|-start|p2a: Raikou|Substitute\n|-damage|p2a: Raikou|59\/100\n|move|p1a: Gengar|Explosion|p2a: Raikou\n|-end|p2a: Raikou|Substitute\n|faint|p1a: Gengar\n|c| pokemon vs you|love to see it\n|\n|t:|1613618633\n|switch|p1a: Metagross|Metagross|100\/100\n|\n|-weather|Sandstorm|[upkeep]\n|-damage|p2a: Raikou|53\/100|[from] Sandstorm\n|-heal|p2a: Raikou|59\/100|[from] item: Leftovers\n|upkeep\n|turn|9\n|\n|t:|1613618645\n|switch|p2a: Porygon2|Porygon2|100\/100\n|-damage|p2a: Porygon2|84\/100|[from] Spikes\n|-ability|p2a: Porygon2|Clear Body|[from] ability: Trace|[of] p1a: Metagross\n|move|p1a: Metagross|Earthquake|p2a: Porygon2\n|-damage|p2a: Porygon2|60\/100\n|\n|-weather|Sandstorm|[upkeep]\n|-damage|p2a: Porygon2|54\/100|[from] Sandstorm\n|-heal|p2a: Porygon2|60\/100|[from] item: Leftovers\n|upkeep\n|turn|10\n|\n|t:|1613618653\n|move|p1a: Metagross|Meteor Mash|p2a: Porygon2\n|-crit|p2a: Porygon2\n|-damage|p2a: Porygon2|0 fnt\n|faint|p2a: Porygon2\n|\n|t:|1613618666\n|switch|p2a: Dugtrio|Dugtrio, F|100\/100\n|-damage|p2a: Dugtrio|84\/100|[from] Spikes\n|\n|-weather|Sandstorm|[upkeep]\n|upkeep\n|turn|11\n|\n|t:|1613618672\n|move|p2a: Dugtrio|Earthquake|p1a: Metagross\n|-supereffective|p1a: Metagross\n|-damage|p1a: Metagross|4\/100\n|move|p1a: Metagross|Meteor Mash|p2a: Dugtrio\n|-damage|p2a: Dugtrio|0 fnt\n|faint|p2a: Dugtrio\n|\n|t:|1613618681\n|switch|p2a: Celebi|Celebi|100\/100\n|-damage|p2a: Celebi|84\/100|[from] Spikes\n|\n|-weather|Sandstorm|[upkeep]\n|-damage|p2a: Celebi|78\/100|[from] Sandstorm\n|-heal|p2a: Celebi|84\/100|[from] item: Leftovers\n|upkeep\n|turn|12\n|\n|t:|1613618686\n|switch|p1a: Blissey|Blissey, F|100\/100\n|move|p2a: Celebi|Giga Drain|p1a: Blissey\n|-damage|p1a: Blissey|91\/100\n|-heal|p2a: Celebi|92\/100|[from] drain|[of] p1a: Blissey\n|\n|-weather|Sandstorm|[upkeep]\n|-damage|p2a: Celebi|86\/100|[from] Sandstorm\n|-damage|p1a: Blissey|85\/100|[from] Sandstorm\n|-heal|p2a: Celebi|92\/100|[from] item: Leftovers\n|-heal|p1a: Blissey|91\/100|[from] item: Leftovers\n|upkeep\n|turn|13\n|\n|t:|1613618701\n|move|p2a: Celebi|Calm Mind|p2a: Celebi\n|-boost|p2a: Celebi|spa|1\n|-boost|p2a: Celebi|spd|1\n|move|p1a: Blissey|Toxic|p2a: Celebi\n|-status|p2a: Celebi|tox\n|\n|-weather|Sandstorm|[upkeep]\n|-damage|p2a: Celebi|86\/100 tox|[from] Sandstorm\n|-damage|p1a: Blissey|85\/100|[from] Sandstorm\n|-heal|p2a: Celebi|92\/100 tox|[from] item: Leftovers\n|-heal|p1a: Blissey|91\/100|[from] item: Leftovers\n|-damage|p2a: Celebi|86\/100 tox|[from] psn\n|upkeep\n|turn|14\n|\n|t:|1613618706\n|move|p2a: Celebi|Calm Mind|p2a: Celebi\n|-boost|p2a: Celebi|spa|1\n|-boost|p2a: Celebi|spd|1\n|move|p1a: Blissey|Ice Beam|p2a: Celebi\n|-supereffective|p2a: Celebi\n|-damage|p2a: Celebi|67\/100 tox\n|\n|-weather|Sandstorm|[upkeep]\n|-damage|p2a: Celebi|61\/100 tox|[from] Sandstorm\n|-damage|p1a: Blissey|85\/100|[from] Sandstorm\n|-heal|p2a: Celebi|67\/100 tox|[from] item: Leftovers\n|-heal|p1a: Blissey|91\/100|[from] item: Leftovers\n|-damage|p2a: Celebi|54\/100 tox|[from] psn\n|upkeep\n|turn|15\n|j| lernean \u262f\n|inactive|gostop has 120 seconds left.\n|j| Neon\n|l|lernean\n|inactive|gostop has 90 seconds left.\n|j| txitxaro\n|\n|t:|1613618779\n|move|p2a: Celebi|Calm Mind|p2a: Celebi\n|-boost|p2a: Celebi|spa|1\n|-boost|p2a: Celebi|spd|1\n|move|p1a: Blissey|Ice Beam|p2a: Celebi\n|-supereffective|p2a: Celebi\n|-damage|p2a: Celebi|40\/100 tox\n|\n|-weather|Sandstorm|[upkeep]\n|-damage|p2a: Celebi|34\/100 tox|[from] Sandstorm\n|-damage|p1a: Blissey|85\/100|[from] Sandstorm\n|-heal|p2a: Celebi|40\/100 tox|[from] item: Leftovers\n|-heal|p1a: Blissey|91\/100|[from] item: Leftovers\n|-damage|p2a: Celebi|21\/100 tox|[from] psn\n|upkeep\n|turn|16\n|\n|t:|1613618788\n|move|p2a: Celebi|Baton Pass|p2a: Celebi\n|\n|t:|1613618791\n|-curestatus|p2a: Celebi|tox|[from] ability: Natural Cure\n|switch|p2a: Jirachi|Jirachi|100\/100|[from]move: Baton Pass\n|-damage|p2a: Jirachi|84\/100|[from] Spikes\n|move|p1a: Blissey|Toxic|p2a: Jirachi\n|-immune|p2a: Jirachi\n|\n|-weather|Sandstorm|[upkeep]\n|-damage|p1a: Blissey|85\/100|[from] Sandstorm\n|-heal|p2a: Jirachi|90\/100|[from] item: Leftovers\n|-heal|p1a: Blissey|91\/100|[from] item: Leftovers\n|upkeep\n|turn|17\n|\n|t:|1613618799\n|move|p2a: Jirachi|Psychic|p1a: Blissey\n|-damage|p1a: Blissey|51\/100\n|-unboost|p1a: Blissey|spd|1\n|move|p1a: Blissey|Seismic Toss|p2a: Jirachi\n|-damage|p2a: Jirachi|65\/100\n|\n|-weather|Sandstorm|[upkeep]\n|-damage|p1a: Blissey|44\/100|[from] Sandstorm\n|-heal|p2a: Jirachi|71\/100|[from] item: Leftovers\n|-heal|p1a: Blissey|51\/100|[from] item: Leftovers\n|upkeep\n|turn|18\n|\n|t:|1613618805\n|switch|p1a: Metagross|Metagross|4\/100\n|move|p2a: Jirachi|Psychic|p1a: Metagross\n|-resisted|p1a: Metagross\n|-damage|p1a: Metagross|0 fnt\n|faint|p1a: Metagross\n|\n|t:|1613618807\n|switch|p1a: Aerodactyl|Aerodactyl, F|100\/100\n|\n|-weather|Sandstorm|[upkeep]\n|-heal|p2a: Jirachi|78\/100|[from] item: Leftovers\n|upkeep\n|turn|19\n|\n|t:|1613618836\n|move|p1a: Aerodactyl|Earthquake|p2a: Jirachi\n|-supereffective|p2a: Jirachi\n|-damage|p2a: Jirachi|7\/100\n|move|p2a: Jirachi|Psychic|p1a: Aerodactyl\n|-damage|p1a: Aerodactyl|0 fnt\n|faint|p1a: Aerodactyl\n|\n|t:|1613618839\n|switch|p1a: Blissey|Blissey, F|51\/100\n|\n|-weather|Sandstorm|[upkeep]\n|-damage|p1a: Blissey|44\/100|[from] Sandstorm\n|-heal|p2a: Jirachi|13\/100|[from] item: Leftovers\n|-heal|p1a: Blissey|51\/100|[from] item: Leftovers\n|upkeep\n|turn|20\n|j| meloyy\n|j| dratinivictini\n|inactive|gostop has 90 seconds left.\n|\n|t:|1613618863\n|move|p2a: Jirachi|Psychic|p1a: Blissey\n|-damage|p1a: Blissey|10\/100\n|move|p1a: Blissey|Soft-Boiled|p1a: Blissey\n|-heal|p1a: Blissey|59\/100\n|\n|-weather|Sandstorm|[upkeep]\n|-damage|p1a: Blissey|53\/100|[from] Sandstorm\n|-heal|p2a: Jirachi|19\/100|[from] item: Leftovers\n|-heal|p1a: Blissey|59\/100|[from] item: Leftovers\n|upkeep\n|turn|21\n|inactive|gostop has 90 seconds left.\n|inactive|gostop has 60 seconds left.\n|\n|t:|1613618905\n|move|p2a: Jirachi|Psychic|p1a: Blissey\n|-damage|p1a: Blissey|20\/100\n|move|p1a: Blissey|Seismic Toss|p2a: Jirachi\n|-damage|p2a: Jirachi|0 fnt\n|faint|p2a: Jirachi\n|inactive|gostop has 60 seconds left.\n|\n|t:|1613618918\n|switch|p2a: Raikou|Raikou|59\/100\n|-damage|p2a: Raikou|43\/100|[from] Spikes\n|\n|-weather|Sandstorm|[upkeep]\n|-damage|p2a: Raikou|36\/100|[from] Sandstorm\n|-damage|p1a: Blissey|14\/100|[from] Sandstorm\n|-heal|p2a: Raikou|43\/100|[from] item: Leftovers\n|-heal|p1a: Blissey|20\/100|[from] item: Leftovers\n|upkeep\n|turn|22\n|\n|t:|1613618921\n|move|p2a: Raikou|Thunderbolt|p1a: Blissey\n|-damage|p1a: Blissey|1\/100\n|move|p1a: Blissey|Soft-Boiled|p1a: Blissey\n|-heal|p1a: Blissey|51\/100\n|\n|-weather|Sandstorm|[upkeep]\n|-damage|p2a: Raikou|36\/100|[from] Sandstorm\n|-damage|p1a: Blissey|44\/100|[from] Sandstorm\n|-heal|p2a: Raikou|43\/100|[from] item: Leftovers\n|-heal|p1a: Blissey|51\/100|[from] item: Leftovers\n|upkeep\n|turn|23\n|\n|t:|1613618932\n|move|p2a: Raikou|Calm Mind|p2a: Raikou\n|-boost|p2a: Raikou|spa|1\n|-boost|p2a: Raikou|spd|1\n|move|p1a: Blissey|Seismic Toss|p2a: Raikou\n|-damage|p2a: Raikou|11\/100\n|\n|-weather|Sandstorm|[upkeep]\n|-damage|p2a: Raikou|5\/100|[from] Sandstorm\n|-damage|p1a: Blissey|44\/100|[from] Sandstorm\n|-heal|p2a: Raikou|11\/100|[from] item: Leftovers\n|-heal|p1a: Blissey|51\/100|[from] item: Leftovers\n|upkeep\n|turn|24\n|\n|t:|1613618936\n|move|p2a: Raikou|Thunderbolt|p1a: Blissey\n|-damage|p1a: Blissey|22\/100\n|move|p1a: Blissey|Soft-Boiled|p1a: Blissey\n|-heal|p1a: Blissey|71\/100\n|\n|-weather|Sandstorm|[upkeep]\n|-damage|p2a: Raikou|5\/100|[from] Sandstorm\n|-damage|p1a: Blissey|65\/100|[from] Sandstorm\n|-heal|p2a: Raikou|11\/100|[from] item: Leftovers\n|-heal|p1a: Blissey|71\/100|[from] item: Leftovers\n|upkeep\n|turn|25\n|inactive|gostop has 60 seconds left.\n|\n|t:|1613618973\n|move|p2a: Raikou|Thunderbolt|p1a: Blissey\n|-damage|p1a: Blissey|42\/100\n|move|p1a: Blissey|Seismic Toss|p2a: Raikou\n|-damage|p2a: Raikou|0 fnt\n|faint|p2a: Raikou\n|\n|t:|1613618976\n|switch|p2a: Celebi|Celebi|21\/100\n|-damage|p2a: Celebi|5\/100|[from] Spikes\n|\n|-weather|Sandstorm|[upkeep]\n|-damage|p2a: Celebi|0 fnt|[from] Sandstorm\n|-damage|p1a: Blissey|36\/100|[from] Sandstorm\n|faint|p2a: Celebi\n|\n|win|AM\n|upkeep\n|n|\u2606AM|am\n|n|\u2606gostop|gostop\n|n| Run4Force|run4force\n|n| tachyon paradox|tachyonparadox\n|n| Denethor II|denethorii\n|n| r3ee3|r3ee3\n|n| NoWoNo|nowono\n|n| pokemon vs you|pokemonvsyou\n|n| Damm u captcha|dammucaptcha\n|n| Neon|neon\n|n| txitxaro|txitxaro\n|n| meloyy|meloyy\n|n| dratinivictini|dratinivictini\n|l| Run4Force\n|l|\u2606AM\n|l| txitxaro\n|l| meloyy\n|l| pokemon vs you\n","uploadtime":1613619022,"views":28,"p1id":"am","p2id":"gostop","formatid":"gen3ou","rating":0,"private":0,"password":null}