{"id":"gen3randombattle-1705227771","p1":"BeeOrSomething","p2":"The Last Hero","format":"gen3randombattle","log":"|j|\u2606BeeOrSomething\n|j|\u2606The Last Hero\n|t:|1667857939\n|gametype|singles\n|player|p1|BeeOrSomething|may-masters2|\n|player|p2|The Last Hero|acetrainersnow|\n|teamsize|p1|6\n|teamsize|p2|6\n|gen|3\n|tier|[Gen 3] Random Battle\n|rated|Tournament battle\n|rule|Sleep Clause Mod: Limit one foe put to sleep\n|rule|Switch Priority Clause Mod: Faster Pok\u00e9mon switch first\n|rule|Species Clause: Limit one of each Pok\u00e9mon\n|rule|OHKO Clause: OHKO moves are banned\n|rule|Evasion Items Clause: Evasion items are banned\n|rule|Evasion Moves Clause: Evasion moves are banned\n|rule|Endless Battle Clause: Forcing endless battles is banned\n|rule|HP Percentage Mod: HP is shown in percentages\n|\n|t:|1667857939\n|start\n|switch|p1a: Granbull|Granbull, L84, F|288\/288\n|switch|p2a: Lickitung|Lickitung, L88, M|302\/302\n|-ability|p1a: Granbull|Intimidate|boost\n|-unboost|p2a: Lickitung|atk|1\n|turn|1\n|inactive|Battle timer is ON: inactive players will automatically lose when time's up. (requested by BeeOrSomething)\n|j| BB-8-NU\n|c|\u2606BeeOrSomething|sorry if i made you wait any\n|c|\u2606BeeOrSomething|gl\n|j| DiscoTrickster\n|c|\u2606The Last Hero|same\n|c| DiscoTrickster|B\n|c| DiscoTrickster|e\n|\n|t:|1667857957\n|switch|p2a: Suicune|Suicune, L80|291\/291\n|-ability|p2a: Suicune|Pressure|[silent]\n|move|p1a: Granbull|Bulk Up|p1a: Granbull\n|-boost|p1a: Granbull|atk|1\n|-boost|p1a: Granbull|def|1\n|\n|upkeep\n|turn|2\n|c| DiscoTrickster|e\n|\n|t:|1667857960\n|move|p2a: Suicune|Toxic|p1a: Granbull\n|-status|p1a: Granbull|tox\n|move|p1a: Granbull|Return|p2a: Suicune\n|-damage|p2a: Suicune|122\/291\n|\n|-damage|p1a: Granbull|270\/288 tox|[from] psn\n|upkeep\n|turn|3\n|\n|t:|1667857968\n|move|p2a: Suicune|Rest|p2a: Suicune\n|-status|p2a: Suicune|slp|[from] move: Rest\n|-heal|p2a: Suicune|291\/291 slp|[silent]\n|-enditem|p2a: Suicune|Chesto Berry|[eat]\n|-curestatus|p2a: Suicune|slp|[msg]\n|move|p1a: Granbull|Return|p2a: Suicune\n|-damage|p2a: Suicune|120\/291\n|\n|-heal|p1a: Granbull|288\/288 tox|[from] item: Leftovers\n|-damage|p1a: Granbull|252\/288 tox|[from] psn\n|upkeep\n|turn|4\n|\n|t:|1667857975\n|move|p2a: Suicune|Surf|p1a: Granbull\n|-damage|p1a: Granbull|145\/288 tox\n|move|p1a: Granbull|Return|p2a: Suicune\n|-damage|p2a: Suicune|0 fnt\n|faint|p2a: Suicune\n|\n|t:|1667857978\n|switch|p2a: Jolteon|Jolteon, L80, M|235\/235\n|\n|-heal|p1a: Granbull|163\/288 tox|[from] item: Leftovers\n|-damage|p1a: Granbull|109\/288 tox|[from] psn\n|upkeep\n|turn|5\n|\n|t:|1667857980\n|move|p2a: Jolteon|Substitute|p2a: Jolteon\n|-start|p2a: Jolteon|Substitute\n|-damage|p2a: Jolteon|177\/235\n|move|p1a: Granbull|Heal Bell|p1a: Granbull\n|-activate|p1a: Granbull|move: Heal Bell\n|-curestatus|p1a: Granbull|tox|[silent]\n|\n|-heal|p2a: Jolteon|191\/235|[from] item: Leftovers\n|-heal|p1a: Granbull|127\/288|[from] item: Leftovers\n|upkeep\n|turn|6\n|\n|t:|1667857984\n|move|p2a: Jolteon|Thunderbolt|p1a: Granbull\n|-damage|p1a: Granbull|0 fnt\n|faint|p1a: Granbull\n|c|\u2606BeeOrSomething|oh\n|c|\u2606BeeOrSomething|rip\n|\n|t:|1667857990\n|switch|p1a: Nosepass|Nosepass, L88, F|196\/196\n|\n|-heal|p2a: Jolteon|205\/235|[from] item: Leftovers\n|upkeep\n|turn|7\n|c|\u2606The Last Hero|rip\n|c|\u2606BeeOrSomething|go nose\n|\n|t:|1667857995\n|move|p2a: Jolteon|Baton Pass|p2a: Jolteon\n|\n|t:|1667857997\n|switch|p2a: Gligar|Gligar, L84, M|246\/246\n|move|p1a: Nosepass|Earthquake|p2a: Gligar\n|-immune|p2a: Gligar\n|\n|upkeep\n|turn|8\n|\n|t:|1667858000\n|move|p2a: Gligar|Swords Dance|p2a: Gligar\n|-boost|p2a: Gligar|atk|2\n|move|p1a: Nosepass|Rock Slide|p2a: Gligar\n|-activate|p2a: Gligar|Substitute|[damage]\n|\n|upkeep\n|turn|9\n|\n|t:|1667858003\n|move|p2a: Gligar|Earthquake|p1a: Nosepass\n|-supereffective|p1a: Nosepass\n|-damage|p1a: Nosepass|0 fnt\n|faint|p1a: Nosepass\n|c|\u2606BeeOrSomething|pain\n|j| pizzadoggie\n|\n|t:|1667858009\n|switch|p1a: Ariados|Ariados, L88, F|266\/266\n|\n|upkeep\n|turn|10\n|\n|t:|1667858012\n|move|p2a: Gligar|Hidden Power|p1a: Ariados\n|-supereffective|p1a: Ariados\n|-damage|p1a: Ariados|0 fnt\n|faint|p1a: Ariados\n|\n|t:|1667858015\n|switch|p1a: Mew|Mew, L76|277\/277\n|\n|upkeep\n|turn|11\n|j| SearchForForry\n|\n|t:|1667858021\n|move|p1a: Mew|Ice Beam|p2a: Gligar\n|-supereffective|p2a: Gligar\n|-end|p2a: Gligar|Substitute\n|move|p2a: Gligar|Substitute|p2a: Gligar\n|-start|p2a: Gligar|Substitute\n|-damage|p2a: Gligar|185\/246\n|\n|-heal|p2a: Gligar|200\/246|[from] item: Leftovers\n|upkeep\n|turn|12\n|\n|t:|1667858023\n|move|p1a: Mew|Ice Beam|p2a: Gligar\n|-supereffective|p2a: Gligar\n|-end|p2a: Gligar|Substitute\n|move|p2a: Gligar|Earthquake|p1a: Mew\n|-damage|p1a: Mew|117\/277\n|\n|-heal|p1a: Mew|134\/277|[from] item: Leftovers\n|-heal|p2a: Gligar|215\/246|[from] item: Leftovers\n|upkeep\n|turn|13\n|\n|t:|1667858026\n|switch|p2a: Magcargo|Magcargo, L88, F|231\/231\n|move|p1a: Mew|Ice Beam|p2a: Magcargo\n|-resisted|p2a: Magcargo\n|-damage|p2a: Magcargo|200\/231\n|-status|p2a: Magcargo|frz\n|\n|-heal|p1a: Mew|151\/277|[from] item: Leftovers\n|-heal|p2a: Magcargo|214\/231 frz|[from] item: Leftovers\n|upkeep\n|turn|14\n|c|\u2606BeeOrSomething|mew ate got damn\n|\n|t:|1667858033\n|move|p1a: Mew|Calm Mind|p1a: Mew\n|-boost|p1a: Mew|spa|1\n|-boost|p1a: Mew|spd|1\n|-curestatus|p2a: Magcargo|frz|[msg]\n|move|p2a: Magcargo|Toxic|p1a: Mew|[miss]\n|-miss|p2a: Magcargo|p1a: Mew\n|\n|-heal|p1a: Mew|168\/277|[from] item: Leftovers\n|-heal|p2a: Magcargo|228\/231|[from] item: Leftovers\n|upkeep\n|turn|15\n|c| pizzadoggie|finals baby\n|\n|t:|1667858036\n|move|p1a: Mew|Psychic|p2a: Magcargo\n|-damage|p2a: Magcargo|103\/231\n|move|p2a: Magcargo|Toxic|p1a: Mew\n|-status|p1a: Mew|tox\n|-status|p2a: Magcargo|psn|[from] ability: Synchronize|[of] p1a: Mew\n|\n|-heal|p1a: Mew|185\/277 tox|[from] item: Leftovers\n|-damage|p1a: Mew|168\/277 tox|[from] psn\n|-heal|p2a: Magcargo|117\/231 psn|[from] item: Leftovers\n|-damage|p2a: Magcargo|89\/231 psn|[from] psn\n|upkeep\n|turn|16\n|\n|t:|1667858042\n|switch|p2a: Lickitung|Lickitung, L88, M|302\/302\n|move|p1a: Mew|Psychic|p2a: Lickitung\n|-damage|p2a: Lickitung|178\/302\n|\n|-heal|p1a: Mew|185\/277 tox|[from] item: Leftovers\n|-damage|p1a: Mew|151\/277 tox|[from] psn\n|-heal|p2a: Lickitung|196\/302|[from] item: Leftovers\n|upkeep\n|turn|17\n|\n|t:|1667858045\n|move|p1a: Mew|Soft-Boiled|p1a: Mew\n|-heal|p1a: Mew|277\/277 tox\n|move|p2a: Lickitung|Wish|p2a: Lickitung\n|\n|-damage|p1a: Mew|226\/277 tox|[from] psn\n|-heal|p2a: Lickitung|214\/302|[from] item: Leftovers\n|upkeep\n|turn|18\n|\n|t:|1667858048\n|move|p1a: Mew|Calm Mind|p1a: Mew\n|-boost|p1a: Mew|spa|1\n|-boost|p1a: Mew|spd|1\n|move|p2a: Lickitung|Seismic Toss|p1a: Mew\n|-damage|p1a: Mew|138\/277 tox\n|\n|-heal|p2a: Lickitung|302\/302|[from] move: Wish|[wisher] Lickitung\n|-heal|p1a: Mew|155\/277 tox|[from] item: Leftovers\n|-damage|p1a: Mew|87\/277 tox|[from] psn\n|upkeep\n|turn|19\n|j| corvere\n|\n|t:|1667858051\n|move|p1a: Mew|Psychic|p2a: Lickitung\n|-damage|p2a: Lickitung|127\/302\n|move|p2a: Lickitung|Wish|p2a: Lickitung\n|\n|-heal|p1a: Mew|104\/277 tox|[from] item: Leftovers\n|-damage|p1a: Mew|19\/277 tox|[from] psn\n|-heal|p2a: Lickitung|145\/302|[from] item: Leftovers\n|upkeep\n|turn|20\n|\n|t:|1667858055\n|switch|p1a: Tentacruel|Tentacruel, L84, M|272\/272\n|move|p2a: Lickitung|Protect||[still]\n|-fail|p2a: Lickitung\n|\n|-heal|p2a: Lickitung|296\/302|[from] move: Wish|[wisher] Lickitung\n|-heal|p2a: Lickitung|302\/302|[from] item: Leftovers\n|upkeep\n|turn|21\n|\n|t:|1667858059\n|move|p1a: Tentacruel|Hydro Pump|p2a: Lickitung\n|-damage|p2a: Lickitung|181\/302\n|move|p2a: Lickitung|Seismic Toss|p1a: Tentacruel\n|-damage|p1a: Tentacruel|184\/272\n|\n|-heal|p1a: Tentacruel|201\/272|[from] item: Leftovers\n|-heal|p2a: Lickitung|199\/302|[from] item: Leftovers\n|upkeep\n|turn|22\n|l| DiscoTrickster\n|\n|t:|1667858062\n|switch|p1a: Mew|Mew, L76|19\/277 tox\n|move|p2a: Lickitung|Seismic Toss|p1a: Mew\n|-damage|p1a: Mew|0 fnt\n|faint|p1a: Mew\n|\n|t:|1667858065\n|switch|p1a: Entei|Entei, L82|323\/323\n|-ability|p1a: Entei|Pressure|[silent]\n|\n|-heal|p2a: Lickitung|217\/302|[from] item: Leftovers\n|upkeep\n|turn|23\n|\n|t:|1667858069\n|move|p1a: Entei|Sunny Day|p1a: Entei\n|-weather|SunnyDay\n|move|p2a: Lickitung|Seismic Toss|p1a: Entei\n|-damage|p1a: Entei|235\/323\n|\n|-weather|SunnyDay|[upkeep]\n|-heal|p1a: Entei|255\/323|[from] item: Leftovers\n|-heal|p2a: Lickitung|235\/302|[from] item: Leftovers\n|upkeep\n|turn|24\n|\n|t:|1667858071\n|move|p2a: Lickitung|Protect|p2a: Lickitung\n|-singleturn|p2a: Lickitung|Protect\n|move|p1a: Entei|Flamethrower|p2a: Lickitung\n|-activate|p2a: Lickitung|Protect\n|\n|-weather|SunnyDay|[upkeep]\n|-heal|p1a: Entei|275\/323|[from] item: Leftovers\n|-heal|p2a: Lickitung|253\/302|[from] item: Leftovers\n|upkeep\n|turn|25\n|\n|t:|1667858074\n|switch|p2a: Magcargo|Magcargo, L88, F|89\/231 psn\n|move|p1a: Entei|Flamethrower|p2a: Magcargo\n|-resisted|p2a: Magcargo\n|-damage|p2a: Magcargo|58\/231 psn\n|\n|-weather|SunnyDay|[upkeep]\n|-heal|p1a: Entei|295\/323|[from] item: Leftovers\n|-heal|p2a: Magcargo|72\/231 psn|[from] item: Leftovers\n|-damage|p2a: Magcargo|44\/231 psn|[from] psn\n|upkeep\n|turn|26\n|\n|t:|1667858076\n|move|p1a: Entei|Solar Beam||[still]\n|-prepare|p1a: Entei|Solar Beam\n|-anim|p1a: Entei|Solar Beam|p2a: Magcargo\n|-damage|p2a: Magcargo|0 fnt\n|faint|p2a: Magcargo\n|\n|t:|1667858083\n|switch|p2a: Lickitung|Lickitung, L88, M|253\/302\n|\n|-weather|SunnyDay|[upkeep]\n|-heal|p1a: Entei|315\/323|[from] item: Leftovers\n|-heal|p2a: Lickitung|271\/302|[from] item: Leftovers\n|upkeep\n|turn|27\n|\n|t:|1667858085\n|move|p2a: Lickitung|Protect|p2a: Lickitung\n|-singleturn|p2a: Lickitung|Protect\n|move|p1a: Entei|Substitute|p1a: Entei\n|-start|p1a: Entei|Substitute\n|-damage|p1a: Entei|235\/323\n|\n|-weather|none\n|-heal|p1a: Entei|255\/323|[from] item: Leftovers\n|-heal|p2a: Lickitung|289\/302|[from] item: Leftovers\n|upkeep\n|turn|28\n|\n|t:|1667858089\n|move|p1a: Entei|Flamethrower|p2a: Lickitung\n|-damage|p2a: Lickitung|196\/302\n|move|p2a: Lickitung|Seismic Toss|p1a: Entei\n|-end|p1a: Entei|Substitute\n|\n|-heal|p1a: Entei|275\/323|[from] item: Leftovers\n|-heal|p2a: Lickitung|214\/302|[from] item: Leftovers\n|upkeep\n|turn|29\n|\n|t:|1667858092\n|move|p1a: Entei|Sunny Day|p1a: Entei\n|-weather|SunnyDay\n|move|p2a: Lickitung|Seismic Toss|p1a: Entei\n|-damage|p1a: Entei|187\/323\n|\n|-weather|SunnyDay|[upkeep]\n|-heal|p1a: Entei|207\/323|[from] item: Leftovers\n|-heal|p2a: Lickitung|232\/302|[from] item: Leftovers\n|upkeep\n|turn|30\n|\n|t:|1667858094\n|move|p1a: Entei|Substitute|p1a: Entei\n|-start|p1a: Entei|Substitute\n|-damage|p1a: Entei|127\/323\n|move|p2a: Lickitung|Seismic Toss|p1a: Entei\n|-end|p1a: Entei|Substitute\n|\n|-weather|SunnyDay|[upkeep]\n|-heal|p1a: Entei|147\/323|[from] item: Leftovers\n|-heal|p2a: Lickitung|250\/302|[from] item: Leftovers\n|upkeep\n|turn|31\n|\n|t:|1667858096\n|move|p1a: Entei|Substitute|p1a: Entei\n|-start|p1a: Entei|Substitute\n|-damage|p1a: Entei|67\/323\n|move|p2a: Lickitung|Seismic Toss|p1a: Entei\n|-end|p1a: Entei|Substitute\n|\n|-weather|SunnyDay|[upkeep]\n|-heal|p1a: Entei|87\/323|[from] item: Leftovers\n|-heal|p2a: Lickitung|268\/302|[from] item: Leftovers\n|upkeep\n|turn|32\n|\n|t:|1667858098\n|move|p1a: Entei|Flamethrower|p2a: Lickitung\n|-damage|p2a: Lickitung|121\/302\n|move|p2a: Lickitung|Seismic Toss|p1a: Entei\n|-damage|p1a: Entei|0 fnt\n|faint|p1a: Entei\n|\n|t:|1667858104\n|switch|p1a: Tentacruel|Tentacruel, L84, M|201\/272\n|\n|-weather|SunnyDay|[upkeep]\n|-heal|p1a: Tentacruel|218\/272|[from] item: Leftovers\n|-heal|p2a: Lickitung|139\/302|[from] item: Leftovers\n|upkeep\n|turn|33\n|c|\u2606BeeOrSomething|granbull is bad\n|\n|t:|1667858112\n|move|p1a: Tentacruel|Ice Beam|p2a: Lickitung\n|-damage|p2a: Lickitung|78\/302\n|move|p2a: Lickitung|Seismic Toss|p1a: Tentacruel\n|-damage|p1a: Tentacruel|130\/272\n|\n|-weather|none\n|-heal|p1a: Tentacruel|147\/272|[from] item: Leftovers\n|-heal|p2a: Lickitung|96\/302|[from] item: Leftovers\n|upkeep\n|turn|34\n|\n|t:|1667858115\n|move|p1a: Tentacruel|Hydro Pump|p2a: Lickitung\n|-damage|p2a: Lickitung|0 fnt\n|faint|p2a: Lickitung\n|c|\u2606The Last Hero|it was your most dangerous Mon\n|\n|t:|1667858131\n|switch|p2a: Jolteon|Jolteon, L80, M|205\/235\n|\n|-heal|p2a: Jolteon|219\/235|[from] item: Leftovers\n|-heal|p1a: Tentacruel|164\/272|[from] item: Leftovers\n|upkeep\n|turn|35\n|c|\u2606BeeOrSomething|I heal belled instead of returning\n|\n|t:|1667858137\n|move|p2a: Jolteon|Thunderbolt|p1a: Tentacruel\n|-supereffective|p1a: Tentacruel\n|-damage|p1a: Tentacruel|0 fnt\n|faint|p1a: Tentacruel\n|\n|win|The Last Hero\n|n|\u2606BeeOrSomething|beeorsomething\n|n|\u2606The Last Hero|thelasthero\n|n| BB-8-NU|bb8nu\n|n| pizzadoggie|pizzadoggie\n|n| SearchForForry|searchforforry\n|n| corvere|corvere\n","inputlog":">version 64bd7780963bb8912946b73c4d69c4a2054e31b7\n>start {\"formatid\":\"gen3randombattle\",\"seed\":[34526,45338,4543,51866],\"rated\":\"Tournament battle\"}\n>player p1 {\"name\":\"BeeOrSomething\",\"avatar\":\"may-masters2\",\"rating\":0,\"seed\":[841,40108,37198,20530]}\n>player p2 {\"name\":\"The Last Hero\",\"avatar\":\"acetrainersnow\",\"rating\":0,\"seed\":[15249,11779,5236,55033]}\n>chat \u2606BeeOrSomething|sorry if i made you wait any\n>chat \u2606BeeOrSomething|gl\n>chat \u2606The Last Hero|same\n>chat  DiscoTrickster|B\n>chat  DiscoTrickster|e\n>p1 move bulkup\n>p2 switch 2\n>chat  DiscoTrickster|e\n>p1 move return\n>p2 move toxic\n>p1 move return\n>p2 move rest\n>p1 move return\n>p2 move surf\n>p2 switch 4\n>p1 move healbell\n>p2 move substitute\n>p1 move return\n>p2 move thunderbolt\n>chat \u2606BeeOrSomething|oh\n>chat \u2606BeeOrSomething|rip\n>p1 switch 6\n>chat \u2606The Last Hero|rip\n>chat \u2606BeeOrSomething|go nose\n>p1 move earthquake\n>p2 move batonpass\n>p2 switch 6\n>p1 move rockslide\n>p2 move swordsdance\n>p1 move rockslide\n>p2 move earthquake\n>chat \u2606BeeOrSomething|pain\n>p1 switch 2\n>p1 move signalbeam\n>p2 move hiddenpower\n>p1 switch 5\n>p1 move icebeam\n>p2 move substitute\n>p1 move icebeam\n>p2 move earthquake\n>p1 move icebeam\n>p2 switch 3\n>chat \u2606BeeOrSomething|mew ate got damn\n>p1 move calmmind\n>p2 move toxic\n>chat  pizzadoggie|finals baby \n>p1 move psychic\n>p2 move toxic\n>p1 move psychic\n>p2 switch 2\n>p1 move softboiled\n>p2 move wish\n>p1 move calmmind\n>p2 move seismictoss\n>p1 move psychic\n>p2 move wish\n>p1 switch 4\n>p2 move protect\n>p1 move hydropump\n>p2 move seismictoss\n>p1 switch 4\n>p2 move seismictoss\n>p1 switch 3\n>p1 move sunnyday\n>p2 move seismictoss\n>p1 move flamethrower\n>p2 move protect\n>p1 move flamethrower\n>p2 switch 2\n>p1 move solarbeam\n>p2 move toxic\n>p2 switch 2\n>p1 move substitute\n>p2 move protect\n>p1 move flamethrower\n>p2 move seismictoss\n>p1 move sunnyday\n>p2 move seismictoss\n>p1 move substitute\n>p2 move seismictoss\n>p1 move substitute\n>p2 move seismictoss\n>p1 move flamethrower\n>p2 move seismictoss\n>p1 switch 4\n>chat \u2606BeeOrSomething|granbull is bad\n>p1 move icebeam\n>p2 move seismictoss\n>p1 move hydropump\n>p2 move seismictoss\n>chat \u2606The Last Hero|it was your most dangerous Mon\n>p2 switch 6\n>chat \u2606BeeOrSomething|I heal belled instead of returning\n>p1 move hydropump\n>p2 move thunderbolt","uploadtime":1667858138,"views":3,"p1id":"beeorsomething","p2id":"thelasthero","formatid":"gen3randombattle","rating":0,"private":0,"password":null}