{"id":"gen3ubers-1613606335","p1":"Raph369","p2":"4mi","format":"gen3ubers","log":"|j|\u2606Raph369\n|j|\u26064mi\n|t:|1657371036\n|gametype|singles\n|player|p1|Raph369|archer|\n|player|p2|4mi|dawn|\n|teamsize|p1|6\n|teamsize|p2|6\n|gen|3\n|tier|[Gen 3] Ubers\n|rated|Tournament battle\n|rule|Sleep Clause Mod: Limit one foe put to sleep\n|rule|Switch Priority Clause Mod: Faster Pok\u00e9mon switch first\n|rule|Species Clause: Limit one of each Pok\u00e9mon\n|rule|OHKO Clause: OHKO moves are banned\n|rule|Evasion Moves Clause: Evasion moves are banned\n|rule|Endless Battle Clause: Forcing endless battles is banned\n|rule|HP Percentage Mod: HP is shown in percentages\n|rule|Deoxys Camouflage Clause: Reveals the Deoxys forme when it is sent in battle.\n|rule|One Baton Pass Clause: Limit one Baton Passer\n|\n|t:|1657371036\n|start\n|switch|p1a: Groudon|Groudon|100\/100\n|switch|p2a: Mewtwo|Mewtwo|100\/100\n|-weather|SunnyDay|[from] ability: Drought|[of] p1a: Groudon\n|turn|1\n|inactive|Battle timer is ON: inactive players will automatically lose when time's up. (requested by 4mi)\n|c|\u2606Raph369|hf\n|j| mitana\n|j|+AM\n|\n|t:|1657371045\n|move|p2a: Mewtwo|Ice Beam|p1a: Groudon\n|-supereffective|p1a: Groudon\n|-damage|p1a: Groudon|45\/100\n|move|p1a: Groudon|Earthquake|p2a: Mewtwo\n|-damage|p2a: Mewtwo|40\/100\n|\n|-weather|SunnyDay|[upkeep]\n|-heal|p1a: Groudon|51\/100|[from] item: Leftovers\n|upkeep\n|turn|2\n|\n|t:|1657371057\n|switch|p1a: Snorlax|Snorlax, F|100\/100\n|move|p2a: Mewtwo|Calm Mind|p2a: Mewtwo\n|-boost|p2a: Mewtwo|spa|1\n|-boost|p2a: Mewtwo|spd|1\n|\n|-weather|SunnyDay|[upkeep]\n|upkeep\n|turn|3\n|j| Aurora\n|\n|t:|1657371062\n|move|p1a: Snorlax|Protect|p1a: Snorlax\n|-singleturn|p1a: Snorlax|Protect\n|move|p2a: Mewtwo|Self-Destruct|p1a: Snorlax\n|-activate|p1a: Snorlax|Protect\n|faint|p2a: Mewtwo\n|\n|t:|1657371064\n|switch|p2a: Groudon|Groudon|100\/100\n|\n|-weather|SunnyDay|[upkeep]\n|upkeep\n|turn|4\n|\n|t:|1657371069\n|switch|p1a: Latios|Latios, M|100\/100\n|move|p2a: Groudon|Swords Dance|p2a: Groudon\n|-boost|p2a: Groudon|atk|2\n|\n|-weather|SunnyDay|[upkeep]\n|upkeep\n|turn|5\n|j| timsaucisse69\n|c|\u2606Raph369|no quick claw\n|\n|t:|1657371084\n|move|p1a: Latios|Solar Beam||[still]\n|-prepare|p1a: Latios|Solar Beam\n|-anim|p1a: Latios|Solar Beam|p2a: Groudon\n|-supereffective|p2a: Groudon\n|-damage|p2a: Groudon|0 fnt\n|faint|p2a: Groudon\n|c|\u26064mi|ofc\n|\n|t:|1657371096\n|switch|p2a: latiass|Latios, M|100\/100\n|\n|-weather|SunnyDay|[upkeep]\n|upkeep\n|turn|6\n|j|@Lasen\n|\n|t:|1657371099\n|move|p1a: Latios|Dragon Claw|p2a: latiass\n|-supereffective|p2a: latiass\n|-damage|p2a: latiass|11\/100\n|move|p2a: latiass|Dragon Claw|p1a: Latios\n|-supereffective|p1a: Latios\n|-damage|p1a: Latios|17\/100\n|\n|-weather|SunnyDay|[upkeep]\n|upkeep\n|turn|7\n|\n|t:|1657371103\n|move|p1a: Latios|Dragon Claw|p2a: latiass\n|-supereffective|p2a: latiass\n|-damage|p2a: latiass|0 fnt\n|faint|p2a: latiass\n|\n|t:|1657371112\n|switch|p2a: deoxys normal.|Deoxys|100\/100\n|\n|-weather|SunnyDay|[upkeep]\n|upkeep\n|turn|8\n|inactive|4mi has 120 seconds left.\n|\n|t:|1657371156\n|move|p2a: deoxys normal.|Pursuit|p1a: Latios\n|-supereffective|p1a: Latios\n|-damage|p1a: Latios|0 fnt\n|faint|p1a: Latios\n|\n|t:|1657371162\n|switch|p1a: Rayquaza|Rayquaza|100\/100\n|\n|-weather|SunnyDay|[upkeep]\n|upkeep\n|turn|9\n|\n|t:|1657371167\n|move|p2a: deoxys normal.|Extreme Speed|p1a: Rayquaza\n|-damage|p1a: Rayquaza|70\/100\n|move|p1a: Rayquaza|Extreme Speed|p2a: deoxys normal.|[miss]\n|-miss|p1a: Rayquaza|p2a: deoxys normal.\n|\n|-weather|SunnyDay|[upkeep]\n|upkeep\n|turn|10\n|c|\u2606Raph369|interesting strat\n|c| mitana|lmao\n|c|+AM|deoxys normal\n|\n|t:|1657371182\n|move|p2a: deoxys normal.|Extreme Speed|p1a: Rayquaza\n|-damage|p1a: Rayquaza|42\/100\n|move|p1a: Rayquaza|Extreme Speed|p2a: deoxys normal.\n|-damage|p2a: deoxys normal.|16\/100\n|\n|-weather|SunnyDay|[upkeep]\n|upkeep\n|turn|11\n|\n|t:|1657371187\n|move|p2a: deoxys normal.|Extreme Speed|p1a: Rayquaza\n|-damage|p1a: Rayquaza|15\/100\n|move|p1a: Rayquaza|Extreme Speed|p2a: deoxys normal.\n|-damage|p2a: deoxys normal.|0 fnt\n|faint|p2a: deoxys normal.\n|\n|t:|1657371192\n|switch|p2a: Magneton|Magneton|100\/100\n|\n|-weather|SunnyDay|[upkeep]\n|upkeep\n|turn|12\n|\n|t:|1657371208\n|switch|p1a: Groudon|Groudon|51\/100\n|move|p2a: Magneton|Metal Sound|p1a: Groudon\n|-unboost|p1a: Groudon|spd|2\n|\n|-weather|SunnyDay|[upkeep]\n|-heal|p1a: Groudon|58\/100|[from] item: Leftovers\n|upkeep\n|turn|13\n|\n|t:|1657371218\n|switch|p2a: Oh no my Queen!|Latias, F|100\/100\n|move|p1a: Groudon|Earthquake|p2a: Oh no my Queen!\n|-immune|p2a: Oh no my Queen!\n|\n|-weather|SunnyDay|[upkeep]\n|-heal|p1a: Groudon|64\/100|[from] item: Leftovers\n|upkeep\n|turn|14\n|\n|t:|1657371223\n|switch|p1a: Snorlax|Snorlax, F|100\/100\n|move|p2a: Oh no my Queen!|Dragon Claw|p1a: Snorlax\n|-damage|p1a: Snorlax|76\/100\n|\n|-weather|SunnyDay|[upkeep]\n|-heal|p1a: Snorlax|82\/100|[from] item: Leftovers\n|upkeep\n|turn|15\n|\n|t:|1657371228\n|switch|p2a: Magneton|Magneton|100\/100\n|move|p1a: Snorlax|Body Slam|p2a: Magneton\n|-resisted|p2a: Magneton\n|-damage|p2a: Magneton|73\/100\n|\n|-weather|SunnyDay|[upkeep]\n|-heal|p2a: Magneton|79\/100|[from] item: Leftovers\n|-heal|p1a: Snorlax|88\/100|[from] item: Leftovers\n|upkeep\n|turn|16\n|\n|t:|1657371232\n|move|p2a: Magneton|Hidden Power|p1a: Snorlax\n|-damage|p1a: Snorlax|69\/100\n|move|p1a: Snorlax|Fire Blast|p2a: Magneton\n|-supereffective|p2a: Magneton\n|-damage|p2a: Magneton|0 fnt\n|faint|p2a: Magneton\n|\n|t:|1657371237\n|switch|p2a: Oh no my Queen!|Latias, F|100\/100\n|\n|-weather|SunnyDay|[upkeep]\n|-heal|p1a: Snorlax|75\/100|[from] item: Leftovers\n|upkeep\n|turn|17\n|\n|t:|1657371240\n|move|p2a: Oh no my Queen!|Dragon Claw|p1a: Snorlax\n|-damage|p1a: Snorlax|53\/100\n|move|p1a: Snorlax|Body Slam|p2a: Oh no my Queen!\n|-damage|p2a: Oh no my Queen!|65\/100\n|-status|p2a: Oh no my Queen!|par\n|\n|-weather|SunnyDay|[upkeep]\n|-heal|p1a: Snorlax|59\/100|[from] item: Leftovers\n|upkeep\n|turn|18\n|\n|t:|1657371244\n|move|p1a: Snorlax|Body Slam|p2a: Oh no my Queen!\n|-damage|p2a: Oh no my Queen!|27\/100 par\n|move|p2a: Oh no my Queen!|Refresh|p2a: Oh no my Queen!\n|-curestatus|p2a: Oh no my Queen!|par|[msg]\n|\n|-weather|SunnyDay|[upkeep]\n|-heal|p1a: Snorlax|66\/100|[from] item: Leftovers\n|upkeep\n|turn|19\n|l| mitana\n|\n|t:|1657371247\n|move|p2a: Oh no my Queen!|Recover|p2a: Oh no my Queen!\n|-heal|p2a: Oh no my Queen!|77\/100\n|move|p1a: Snorlax|Body Slam|p2a: Oh no my Queen!\n|-damage|p2a: Oh no my Queen!|43\/100\n|-status|p2a: Oh no my Queen!|par\n|\n|-weather|SunnyDay|[upkeep]\n|-heal|p1a: Snorlax|72\/100|[from] item: Leftovers\n|upkeep\n|turn|20\n|j| it's just sparks\n|\n|t:|1657371249\n|move|p1a: Snorlax|Shadow Ball|p2a: Oh no my Queen!\n|-supereffective|p2a: Oh no my Queen!\n|-damage|p2a: Oh no my Queen!|0 fnt\n|faint|p2a: Oh no my Queen!\n|\n|win|Raph369\n|n|\u2606Raph369|raph369\n|n|\u26064mi|4mi\n|n|+AM|am\n|n| Aurora|aurora\n|n| timsaucisse69|timsaucisse69\n|n| Lasen|lasen\n|n| it's just sparks|itsjustsparks\n|c|\u26064mi|gg\n|c| it's just sparks|miam nooo\n|c|\u2606Raph369|gg\n|l|+AM\n|l|\u26064mi\n|l| it's just sparks\n|l| Lasen\n|l| Aurora\n|l| timsaucisse69\n","uploadtime":1657371465,"views":35,"p1id":"raph369","p2id":"4mi","formatid":"gen3ubers","rating":0,"private":0,"password":null}