{"id":"gen3ou-1706025984","p1":"Zendaya bath water","p2":"Sp0oNl0rD","format":"gen3ou","log":"|j|\u2606Zendaya bath water\n|j|\u2606Sp0oNl0rD\n|inactive|Battle timer is ON: inactive players will automatically lose when time's up.\n|t:|1667940845\n|gametype|singles\n|player|p1|Zendaya bath water|erika-gen2|\n|player|p2|Sp0oNl0rD|teamrocket|\n|teamsize|p1|6\n|teamsize|p2|6\n|gen|3\n|tier|[Gen 3] OU\n|rated|Tournament battle\n|rule|Sleep Clause Mod: Limit one foe put to sleep\n|rule|Switch Priority Clause Mod: Faster Pok\u00e9mon switch first\n|rule|Species Clause: Limit one of each Pok\u00e9mon\n|rule|OHKO Clause: OHKO moves are banned\n|rule|Evasion Items Clause: Evasion items are banned\n|rule|Evasion Moves Clause: Evasion moves are banned\n|rule|Endless Battle Clause: Forcing endless battles is banned\n|rule|HP Percentage Mod: HP is shown in percentages\n|rule|One Boost Passer Clause: Limit one Baton Passer that has a way to boost its stats\n|rule|Freeze Clause Mod: Limit one foe frozen\n|\n|t:|1667940845\n|start\n|switch|p1a: world class|Hariyama, M, shiny|100\/100\n|switch|p2a: Jolteon|Jolteon, M|100\/100\n|turn|1\n|inactive|Sp0oNl0rD also wants the timer to be on.\n|j| GamerGiratina\n|\n|t:|1667940857\n|move|p2a: Jolteon|Thunderbolt|p1a: world class\n|-damage|p1a: world class|59\/100\n|move|p1a: world class|Brick Break|p2a: Jolteon\n|-damage|p2a: Jolteon|27\/100\n|\n|-heal|p2a: Jolteon|33\/100|[from] item: Leftovers\n|-heal|p1a: world class|66\/100|[from] item: Leftovers\n|upkeep\n|turn|2\n|\n|t:|1667940867\n|switch|p2a: Salamence|Salamence, M|100\/100\n|-ability|p2a: Salamence|Intimidate|boost\n|-unboost|p1a: world class|atk|1\n|move|p1a: world class|Brick Break|p2a: Salamence\n|-resisted|p2a: Salamence\n|-damage|p2a: Salamence|85\/100\n|\n|-heal|p2a: Salamence|91\/100|[from] item: Leftovers\n|-heal|p1a: world class|72\/100|[from] item: Leftovers\n|upkeep\n|turn|3\n|\n|t:|1667940879\n|switch|p2a: Cloyster|Cloyster, F|100\/100\n|switch|p1a: Operation Table|Blissey, F|100\/100\n|\n|upkeep\n|turn|4\n|j| GengarAdept\n|\n|t:|1667940888\n|switch|p1a: Ghost of Perdition|Gengar, M, shiny|100\/100\n|move|p2a: Cloyster|Spikes|p1a: Ghost of Perdition\n|-sidestart|p1: Zendaya bath water|Spikes\n|\n|upkeep\n|turn|5\n|\n|t:|1667940894\n|switch|p2a: Houndoom|Houndoom, M|100\/100\n|move|p1a: Ghost of Perdition|Hypnosis|p2a: Houndoom|[miss]\n|-miss|p1a: Ghost of Perdition|p2a: Houndoom\n|\n|upkeep\n|turn|6\n|\n|t:|1667940902\n|move|p1a: Ghost of Perdition|Explosion|p2a: Houndoom\n|-damage|p2a: Houndoom|0 fnt\n|faint|p1a: Ghost of Perdition\n|faint|p2a: Houndoom\n|j|@SetsuStsna\n|\n|t:|1667940913\n|switch|p1a: Operation Table|Blissey, F|100\/100\n|switch|p2a: Breloom|Breloom, F|100\/100\n|-damage|p1a: Operation Table|88\/100|[from] Spikes\n|\n|-heal|p1a: Operation Table|94\/100|[from] item: Leftovers\n|upkeep\n|turn|7\n|l|@SetsuStsna\n|j|@SetsuStsna\n|l|@SetsuStsna\n|\n|t:|1667940943\n|-singleturn|p2a: Breloom|move: Focus Punch\n|move|p1a: Operation Table|Ice Beam|p2a: Breloom\n|-supereffective|p2a: Breloom\n|-damage|p2a: Breloom|26\/100\n|move|p2a: Breloom|Focus Punch||[still]\n|cant|p2a: Breloom|Focus Punch|Focus Punch\n|\n|-heal|p2a: Breloom|32\/100|[from] item: Leftovers\n|-heal|p1a: Operation Table|99\/100|[from] item: Leftovers\n|upkeep\n|turn|8\n|\n|t:|1667940953\n|move|p2a: Breloom|Spore|p1a: Operation Table\n|-status|p1a: Operation Table|slp|[from] move: Spore\n|cant|p1a: Operation Table|slp\n|\n|-heal|p2a: Breloom|38\/100|[from] item: Leftovers\n|-heal|p1a: Operation Table|100\/100 slp|[from] item: Leftovers\n|upkeep\n|turn|9\n|\n|t:|1667940966\n|-curestatus|p1a: Operation Table|slp|[from] ability: Natural Cure\n|switch|p1a: Leper Affinity|Skarmory, M|100\/100\n|move|p2a: Breloom|Sky Uppercut|p1a: Leper Affinity\n|-damage|p1a: Leper Affinity|66\/100\n|\n|-heal|p2a: Breloom|45\/100|[from] item: Leftovers\n|-heal|p1a: Leper Affinity|72\/100|[from] item: Leftovers\n|upkeep\n|turn|10\n|\n|t:|1667940980\n|move|p2a: Breloom|Spore|p1a: Leper Affinity\n|-status|p1a: Leper Affinity|slp|[from] move: Spore\n|cant|p1a: Leper Affinity|slp\n|\n|-heal|p2a: Breloom|51\/100|[from] item: Leftovers\n|-heal|p1a: Leper Affinity|78\/100 slp|[from] item: Leftovers\n|upkeep\n|turn|11\n|\n|t:|1667940996\n|switch|p2a: Jolteon|Jolteon, M|33\/100\n|switch|p1a: world class|Hariyama, M, shiny|72\/100\n|-damage|p1a: world class|59\/100|[from] Spikes\n|\n|-heal|p2a: Jolteon|39\/100|[from] item: Leftovers\n|-heal|p1a: world class|65\/100|[from] item: Leftovers\n|upkeep\n|turn|12\n|\n|t:|1667941005\n|move|p2a: Jolteon|Baton Pass|p2a: Jolteon\n|\n|t:|1667941011\n|switch|p2a: Salamence|Salamence, M|91\/100|[from]move: Baton Pass\n|-ability|p2a: Salamence|Intimidate|boost\n|-unboost|p1a: world class|atk|1\n|move|p1a: world class|Rock Slide|p2a: Salamence\n|-supereffective|p2a: Salamence\n|-damage|p2a: Salamence|49\/100\n|\n|-heal|p2a: Salamence|55\/100|[from] item: Leftovers\n|-heal|p1a: world class|71\/100|[from] item: Leftovers\n|upkeep\n|turn|13\n|l| GamerGiratina\n|j| GamerGiratina\n|\n|t:|1667941030\n|switch|p1a: Operation Table|Blissey, F|100\/100\n|-damage|p1a: Operation Table|88\/100|[from] Spikes\n|move|p2a: Salamence|Dragon Claw|p1a: Operation Table\n|-damage|p1a: Operation Table|74\/100\n|\n|-heal|p2a: Salamence|62\/100|[from] item: Leftovers\n|-heal|p1a: Operation Table|80\/100|[from] item: Leftovers\n|upkeep\n|turn|14\n|l| GamerGiratina\n|\n|t:|1667941042\n|switch|p2a: Cloyster|Cloyster, F|100\/100\n|move|p1a: Operation Table|Ice Beam|p2a: Cloyster\n|-resisted|p2a: Cloyster\n|-damage|p2a: Cloyster|94\/100\n|\n|-heal|p2a: Cloyster|99\/100|[from] item: Leftovers\n|-heal|p1a: Operation Table|86\/100|[from] item: Leftovers\n|upkeep\n|turn|15\n|j|@SetsuStsna\n|l|@SetsuStsna\n|\n|t:|1667941062\n|switch|p1a: Leper Affinity|Skarmory, M|78\/100 slp\n|move|p2a: Cloyster|Spikes|p1a: Leper Affinity\n|-sidestart|p1: Zendaya bath water|Spikes\n|\n|-heal|p2a: Cloyster|100\/100|[from] item: Leftovers\n|-heal|p1a: Leper Affinity|84\/100 slp|[from] item: Leftovers\n|upkeep\n|turn|16\n|\n|t:|1667941073\n|move|p2a: Cloyster|Spikes|p1a: Leper Affinity\n|-sidestart|p1: Zendaya bath water|Spikes\n|cant|p1a: Leper Affinity|slp\n|\n|-heal|p1a: Leper Affinity|90\/100 slp|[from] item: Leftovers\n|upkeep\n|turn|17\n|\n|t:|1667941079\n|switch|p2a: Jolteon|Jolteon, M|39\/100\n|cant|p1a: Leper Affinity|slp\n|\n|-heal|p2a: Jolteon|45\/100|[from] item: Leftovers\n|-heal|p1a: Leper Affinity|96\/100 slp|[from] item: Leftovers\n|upkeep\n|turn|18\n|\n|t:|1667941094\n|switch|p1a: Operation Table|Blissey, F|86\/100\n|-damage|p1a: Operation Table|62\/100|[from] Spikes\n|move|p2a: Jolteon|Baton Pass|p2a: Jolteon\n|\n|t:|1667941097\n|switch|p2a: Breloom|Breloom, F|51\/100|[from]move: Baton Pass\n|\n|-heal|p2a: Breloom|57\/100|[from] item: Leftovers\n|-heal|p1a: Operation Table|68\/100|[from] item: Leftovers\n|upkeep\n|turn|19\n|\n|t:|1667941109\n|switch|p1a: pint of lean|Suicune|100\/100\n|-damage|p1a: pint of lean|75\/100|[from] Spikes\n|move|p2a: Breloom|Sky Uppercut|p1a: pint of lean\n|-damage|p1a: pint of lean|39\/100\n|\n|-heal|p1a: pint of lean|45\/100|[from] item: Leftovers\n|-heal|p2a: Breloom|63\/100|[from] item: Leftovers\n|upkeep\n|turn|20\n|\n|t:|1667941120\n|switch|p2a: Cloyster|Cloyster, F|100\/100\n|move|p1a: pint of lean|Ice Beam|p2a: Cloyster\n|-resisted|p2a: Cloyster\n|-damage|p2a: Cloyster|88\/100\n|\n|-heal|p1a: pint of lean|51\/100|[from] item: Leftovers\n|-heal|p2a: Cloyster|94\/100|[from] item: Leftovers\n|upkeep\n|turn|21\n|\n|t:|1667941131\n|switch|p1a: Leper Affinity|Skarmory, M|96\/100 slp\n|move|p2a: Cloyster|Surf|p1a: Leper Affinity\n|-damage|p1a: Leper Affinity|68\/100 slp\n|\n|-heal|p2a: Cloyster|100\/100|[from] item: Leftovers\n|-heal|p1a: Leper Affinity|74\/100 slp|[from] item: Leftovers\n|upkeep\n|turn|22\n|\n|t:|1667941139\n|move|p2a: Cloyster|Surf|p1a: Leper Affinity\n|-damage|p1a: Leper Affinity|49\/100 slp\n|-curestatus|p1a: Leper Affinity|slp|[msg]\n|move|p1a: Leper Affinity|Toxic|p2a: Cloyster\n|-status|p2a: Cloyster|tox\n|\n|-damage|p2a: Cloyster|94\/100 tox|[from] psn\n|-heal|p1a: Leper Affinity|55\/100|[from] item: Leftovers\n|upkeep\n|turn|23\n|\n|t:|1667941148\n|switch|p2a: Jirachi|Jirachi|100\/100\n|move|p1a: Leper Affinity|Protect||[still]\n|-fail|p1a: Leper Affinity\n|\n|-heal|p1a: Leper Affinity|61\/100|[from] item: Leftovers\n|upkeep\n|turn|24\n|\n|t:|1667941156\n|move|p2a: Jirachi|Calm Mind|p2a: Jirachi\n|-boost|p2a: Jirachi|spa|1\n|-boost|p2a: Jirachi|spd|1\n|move|p1a: Leper Affinity|Spikes|p2a: Jirachi\n|-sidestart|p2: Sp0oNl0rD|Spikes\n|\n|-heal|p1a: Leper Affinity|67\/100|[from] item: Leftovers\n|upkeep\n|turn|25\n|j| BisexualGoyim\n|\n|t:|1667941163\n|move|p2a: Jirachi|Fire Punch|p1a: Leper Affinity\n|-supereffective|p1a: Leper Affinity\n|-damage|p1a: Leper Affinity|6\/100\n|move|p1a: Leper Affinity|Whirlwind|p2a: Jirachi\n|drag|p2a: Cloyster|Cloyster, F|94\/100 tox\n|-damage|p2a: Cloyster|82\/100 tox|[from] Spikes\n|\n|-heal|p2a: Cloyster|88\/100 tox|[from] item: Leftovers\n|-damage|p2a: Cloyster|82\/100 tox|[from] psn\n|-heal|p1a: Leper Affinity|12\/100|[from] item: Leftovers\n|upkeep\n|turn|26\n|\n|t:|1667941178\n|move|p2a: Cloyster|Surf|p1a: Leper Affinity\n|-damage|p1a: Leper Affinity|0 fnt\n|faint|p1a: Leper Affinity\n|\n|t:|1667941194\n|switch|p1a: Autumn day|Tyranitar, M, shiny|100\/100\n|-damage|p1a: Autumn day|76\/100|[from] Spikes\n|-weather|Sandstorm|[from] ability: Sand Stream|[of] p1a: Autumn day\n|\n|-weather|Sandstorm|[upkeep]\n|-damage|p2a: Cloyster|76\/100 tox|[from] Sandstorm\n|-heal|p2a: Cloyster|82\/100 tox|[from] item: Leftovers\n|-damage|p2a: Cloyster|70\/100 tox|[from] psn\n|-heal|p1a: Autumn day|82\/100|[from] item: Leftovers\n|upkeep\n|turn|27\n|\n|t:|1667941207\n|move|p2a: Cloyster|Rapid Spin|p1a: Autumn day\n|-resisted|p1a: Autumn day\n|-damage|p1a: Autumn day|80\/100\n|-sideend|p2: Sp0oNl0rD|Spikes|[from] move: Rapid Spin|[of] p2a: Cloyster\n|move|p1a: Autumn day|Hidden Power|p2a: Cloyster\n|-supereffective|p2a: Cloyster\n|-damage|p2a: Cloyster|1\/100 tox\n|\n|-weather|Sandstorm|[upkeep]\n|-damage|p2a: Cloyster|0 fnt|[from] Sandstorm\n|faint|p2a: Cloyster\n|-heal|p1a: Autumn day|86\/100|[from] item: Leftovers\n|upkeep\n|\n|t:|1667941211\n|switch|p2a: Breloom|Breloom, F|63\/100\n|turn|28\n|\n|t:|1667941226\n|move|p2a: Breloom|Sky Uppercut|p1a: Autumn day\n|-supereffective|p1a: Autumn day\n|-damage|p1a: Autumn day|0 fnt\n|faint|p1a: Autumn day\n|\n|t:|1667941235\n|switch|p1a: pint of lean|Suicune|51\/100\n|-damage|p1a: pint of lean|26\/100|[from] Spikes\n|\n|-weather|Sandstorm|[upkeep]\n|-damage|p1a: pint of lean|20\/100|[from] Sandstorm\n|-damage|p2a: Breloom|57\/100|[from] Sandstorm\n|-heal|p1a: pint of lean|26\/100|[from] item: Leftovers\n|-heal|p2a: Breloom|63\/100|[from] item: Leftovers\n|upkeep\n|turn|29\n|\n|t:|1667941246\n|switch|p2a: Jirachi|Jirachi|100\/100\n|move|p1a: pint of lean|Ice Beam|p2a: Jirachi\n|-resisted|p2a: Jirachi\n|-damage|p2a: Jirachi|85\/100\n|\n|-weather|Sandstorm|[upkeep]\n|-damage|p1a: pint of lean|20\/100|[from] Sandstorm\n|-heal|p2a: Jirachi|91\/100|[from] item: Leftovers\n|-heal|p1a: pint of lean|26\/100|[from] item: Leftovers\n|upkeep\n|turn|30\n|\n|t:|1667941256\n|move|p2a: Jirachi|Hidden Power|p1a: pint of lean\n|-supereffective|p1a: pint of lean\n|-damage|p1a: pint of lean|0 fnt\n|faint|p1a: pint of lean\n|\n|t:|1667941261\n|switch|p1a: Operation Table|Blissey, F|68\/100\n|-damage|p1a: Operation Table|43\/100|[from] Spikes\n|\n|-weather|Sandstorm|[upkeep]\n|-damage|p1a: Operation Table|37\/100|[from] Sandstorm\n|-heal|p2a: Jirachi|98\/100|[from] item: Leftovers\n|-heal|p1a: Operation Table|43\/100|[from] item: Leftovers\n|upkeep\n|turn|31\n|\n|t:|1667941272\n|switch|p2a: Salamence|Salamence, M|62\/100\n|-ability|p2a: Salamence|Intimidate|boost\n|-unboost|p1a: Operation Table|atk|1\n|move|p1a: Operation Table|Soft-Boiled|p1a: Operation Table\n|-heal|p1a: Operation Table|93\/100\n|\n|-weather|Sandstorm|[upkeep]\n|-damage|p2a: Salamence|55\/100|[from] Sandstorm\n|-damage|p1a: Operation Table|87\/100|[from] Sandstorm\n|-heal|p2a: Salamence|62\/100|[from] item: Leftovers\n|-heal|p1a: Operation Table|93\/100|[from] item: Leftovers\n|upkeep\n|turn|32\n|\n|t:|1667941286\n|move|p2a: Salamence|Brick Break|p1a: Operation Table\n|-supereffective|p1a: Operation Table\n|-damage|p1a: Operation Table|52\/100\n|move|p1a: Operation Table|Ice Beam|p2a: Salamence\n|-supereffective|p2a: Salamence\n|-damage|p2a: Salamence|0 fnt\n|faint|p2a: Salamence\n|\n|t:|1667941289\n|switch|p2a: Breloom|Breloom, F|63\/100\n|\n|-weather|Sandstorm|[upkeep]\n|-damage|p2a: Breloom|57\/100|[from] Sandstorm\n|-damage|p1a: Operation Table|46\/100|[from] Sandstorm\n|-heal|p2a: Breloom|63\/100|[from] item: Leftovers\n|-heal|p1a: Operation Table|52\/100|[from] item: Leftovers\n|upkeep\n|turn|33\n|\n|t:|1667941300\n|move|p2a: Breloom|Spore|p1a: Operation Table\n|-status|p1a: Operation Table|slp|[from] move: Spore\n|cant|p1a: Operation Table|slp\n|\n|-weather|Sandstorm|[upkeep]\n|-damage|p2a: Breloom|57\/100|[from] Sandstorm\n|-damage|p1a: Operation Table|46\/100 slp|[from] Sandstorm\n|-heal|p2a: Breloom|63\/100|[from] item: Leftovers\n|-heal|p1a: Operation Table|52\/100 slp|[from] item: Leftovers\n|upkeep\n|turn|34\n|\n|t:|1667941311\n|move|p2a: Breloom|Sky Uppercut|p1a: Operation Table\n|-supereffective|p1a: Operation Table\n|-damage|p1a: Operation Table|0 fnt\n|faint|p1a: Operation Table\n|j| Imbion\n|-message|Zendaya bath water forfeited.\n|\n|win|Sp0oNl0rD\n|n|\u2606Zendaya bath water|zendayabathwater\n|n|\u2606Sp0oNl0rD|sp0onl0rd\n|n| GengarAdept|gengaradept\n|n| BisexualGoyim|bisexualgoyim\n|n| Imbion|imbion\n","uploadtime":1667941319,"views":2,"p1id":"zendayabathwater","p2id":"sp0onl0rd","formatid":"gen3ou","rating":0,"private":0,"password":null}