{"id":"gen3ou-1116285750","p1":"winter lanterns","p2":"Tycoon \u2718 Prozac","format":"gen3ou","log":"|j|\u2606winter lanterns\n|j|\u2606Tycoon \u2718 Prozac\n|player|p1|winter lanterns|burglar|1559\n|player|p2|Tycoon \u2718 Prozac|crasherwake|1297\n|teamsize|p1|6\n|teamsize|p2|6\n|gametype|singles\n|gen|3\n|tier|[Gen 3] OU\n|rated|\n|rule|Sleep Clause Mod: Limit one foe put to sleep\n|rule|Switch Priority Clause Mod: Faster Pok\u00e9mon switch first\n|rule|Species Clause: Limit one of each Pok\u00e9mon\n|rule|OHKO Clause: OHKO moves are banned\n|rule|Moody Clause: Moody is banned\n|rule|Evasion Moves Clause: Evasion moves are banned\n|rule|Endless Battle Clause: Forcing endless battles is banned\n|rule|HP Percentage Mod: HP is shown in percentages\n|rule|3 Baton Pass Clause: Limit three Baton Passers\n|\n|start\n|switch|p1a: Tyranitar|Tyranitar, M|100\/100\n|switch|p2a: Gyarados|Gyarados, M|100\/100\n|-weather|Sandstorm|[from] ability: Sand Stream|[of] p1a: Tyranitar\n|-ability|p2a: Gyarados|Intimidate|boost\n|-unboost|p1a: Tyranitar|atk|1\n|turn|1\n|\n|switch|p2a: Steelix|Steelix, F|100\/100\n|move|p1a: Tyranitar|Rock Slide|p2a: Steelix\n|-resisted|p2a: Steelix\n|-damage|p2a: Steelix|95\/100\n|\n|-weather|Sandstorm|[upkeep]\n|-heal|p2a: Steelix|100\/100|[from] item: Leftovers\n|upkeep\n|turn|2\n|\n|switch|p1a: Cloyster|Cloyster, M|100\/100\n|move|p2a: Steelix|Earthquake|p1a: Cloyster\n|-damage|p1a: Cloyster|78\/100\n|\n|-weather|Sandstorm|[upkeep]\n|-damage|p1a: Cloyster|72\/100|[from] Sandstorm\n|-heal|p1a: Cloyster|78\/100|[from] item: Leftovers\n|upkeep\n|turn|3\n|\n|switch|p2a: Gyarados|Gyarados, M|100\/100\n|-ability|p2a: Gyarados|Intimidate|boost\n|-unboost|p1a: Cloyster|atk|1\n|move|p1a: Cloyster|Spikes|p2a: Gyarados\n|-sidestart|p2: Tycoon \u2718 Prozac|Spikes\n|\n|-weather|Sandstorm|[upkeep]\n|-damage|p2a: Gyarados|94\/100|[from] Sandstorm\n|-damage|p1a: Cloyster|72\/100|[from] Sandstorm\n|-heal|p2a: Gyarados|100\/100|[from] item: Leftovers\n|-heal|p1a: Cloyster|78\/100|[from] item: Leftovers\n|upkeep\n|turn|4\n|\n|switch|p1a: Blissey|Blissey, F|100\/100\n|move|p2a: Gyarados|Dragon Dance|p2a: Gyarados\n|-boost|p2a: Gyarados|atk|1\n|-boost|p2a: Gyarados|spe|1\n|\n|-weather|Sandstorm|[upkeep]\n|-damage|p2a: Gyarados|94\/100|[from] Sandstorm\n|-damage|p1a: Blissey|94\/100|[from] Sandstorm\n|-heal|p2a: Gyarados|100\/100|[from] item: Leftovers\n|-heal|p1a: Blissey|100\/100|[from] item: Leftovers\n|upkeep\n|turn|5\n|\n|switch|p2a: Claydol|Claydol|100\/100\n|move|p1a: Blissey|Thunderbolt|p2a: Claydol\n|-immune|p2a: Claydol\n|\n|-weather|Sandstorm|[upkeep]\n|-damage|p1a: Blissey|94\/100|[from] Sandstorm\n|-heal|p1a: Blissey|100\/100|[from] item: Leftovers\n|upkeep\n|turn|6\n|\n|switch|p1a: Gengar|Gengar, F|100\/100\n|move|p2a: Claydol|Earthquake|p1a: Gengar\n|-immune|p1a: Gengar\n|\n|-weather|Sandstorm|[upkeep]\n|-damage|p1a: Gengar|94\/100|[from] Sandstorm\n|-heal|p1a: Gengar|100\/100|[from] item: Leftovers\n|upkeep\n|turn|7\n|\n|switch|p2a: Umbreon|Umbreon, M|100\/100\n|-damage|p2a: Umbreon|88\/100|[from] Spikes\n|move|p1a: Gengar|Ice Punch|p2a: Umbreon\n|-damage|p2a: Umbreon|73\/100\n|\n|-weather|Sandstorm|[upkeep]\n|-damage|p1a: Gengar|94\/100|[from] Sandstorm\n|-damage|p2a: Umbreon|67\/100|[from] Sandstorm\n|-heal|p1a: Gengar|100\/100|[from] item: Leftovers\n|-heal|p2a: Umbreon|73\/100|[from] item: Leftovers\n|upkeep\n|turn|8\n|\n|-activate|p1a: Gengar|move: Pursuit\n|move|p2a: Umbreon|Pursuit|p1a: Gengar|[from]Pursuit\n|-supereffective|p1a: Gengar\n|-damage|p1a: Gengar|13\/100\n|switch|p1a: Cloyster|Cloyster, M|78\/100\n|\n|-weather|Sandstorm|[upkeep]\n|-damage|p1a: Cloyster|72\/100|[from] Sandstorm\n|-damage|p2a: Umbreon|67\/100|[from] Sandstorm\n|-heal|p1a: Cloyster|78\/100|[from] item: Leftovers\n|-heal|p2a: Umbreon|73\/100|[from] item: Leftovers\n|upkeep\n|turn|9\n|\n|move|p1a: Cloyster|Spikes|p2a: Umbreon\n|-sidestart|p2: Tycoon \u2718 Prozac|Spikes\n|move|p2a: Umbreon|Charm|p1a: Cloyster\n|-unboost|p1a: Cloyster|atk|2\n|\n|-weather|Sandstorm|[upkeep]\n|-damage|p1a: Cloyster|72\/100|[from] Sandstorm\n|-damage|p2a: Umbreon|67\/100|[from] Sandstorm\n|-heal|p1a: Cloyster|78\/100|[from] item: Leftovers\n|-heal|p2a: Umbreon|73\/100|[from] item: Leftovers\n|upkeep\n|turn|10\n|\n|move|p1a: Cloyster|Surf|p2a: Umbreon\n|-damage|p2a: Umbreon|53\/100\n|move|p2a: Umbreon|Wish|p2a: Umbreon\n|\n|-weather|Sandstorm|[upkeep]\n|-damage|p1a: Cloyster|72\/100|[from] Sandstorm\n|-damage|p2a: Umbreon|47\/100|[from] Sandstorm\n|-heal|p1a: Cloyster|78\/100|[from] item: Leftovers\n|-heal|p2a: Umbreon|53\/100|[from] item: Leftovers\n|upkeep\n|turn|11\n|\n|move|p1a: Cloyster|Surf|p2a: Umbreon\n|-damage|p2a: Umbreon|33\/100\n|move|p2a: Umbreon|Pursuit|p1a: Cloyster\n|-damage|p1a: Cloyster|57\/100\n|\n|-heal|p2a: Umbreon|83\/100|[from] move: Wish|[wisher] Umbreon\n|-weather|Sandstorm|[upkeep]\n|-damage|p1a: Cloyster|51\/100|[from] Sandstorm\n|-damage|p2a: Umbreon|77\/100|[from] Sandstorm\n|-heal|p1a: Cloyster|57\/100|[from] item: Leftovers\n|-heal|p2a: Umbreon|83\/100|[from] item: Leftovers\n|upkeep\n|turn|12\n|\n|move|p1a: Cloyster|Spikes|p2a: Umbreon\n|-sidestart|p2: Tycoon \u2718 Prozac|Spikes\n|move|p2a: Umbreon|Pursuit|p1a: Cloyster\n|-damage|p1a: Cloyster|36\/100\n|\n|-weather|Sandstorm|[upkeep]\n|-damage|p1a: Cloyster|30\/100|[from] Sandstorm\n|-damage|p2a: Umbreon|77\/100|[from] Sandstorm\n|-heal|p1a: Cloyster|36\/100|[from] item: Leftovers\n|-heal|p2a: Umbreon|83\/100|[from] item: Leftovers\n|upkeep\n|turn|13\n|\n|move|p1a: Cloyster|Surf|p2a: Umbreon\n|-damage|p2a: Umbreon|65\/100\n|move|p2a: Umbreon|Pursuit|p1a: Cloyster\n|-damage|p1a: Cloyster|16\/100\n|\n|-weather|Sandstorm|[upkeep]\n|-damage|p1a: Cloyster|10\/100|[from] Sandstorm\n|-damage|p2a: Umbreon|59\/100|[from] Sandstorm\n|-heal|p1a: Cloyster|16\/100|[from] item: Leftovers\n|-heal|p2a: Umbreon|65\/100|[from] item: Leftovers\n|upkeep\n|turn|14\n|\n|move|p2a: Umbreon|Protect|p2a: Umbreon\n|-singleturn|p2a: Umbreon|Protect\n|move|p1a: Cloyster|Explosion|p2a: Umbreon\n|-activate|p2a: Umbreon|Protect\n|faint|p1a: Cloyster\n|\n|switch|p1a: Tyranitar|Tyranitar, M|100\/100\n|\n|-weather|Sandstorm|[upkeep]\n|-damage|p2a: Umbreon|59\/100|[from] Sandstorm\n|-heal|p2a: Umbreon|65\/100|[from] item: Leftovers\n|upkeep\n|turn|15\n|\n|move|p2a: Umbreon|Protect||[still]\n|-fail|p2a: Umbreon\n|move|p1a: Tyranitar|Rock Slide|p2a: Umbreon\n|-damage|p2a: Umbreon|16\/100\n|\n|-weather|Sandstorm|[upkeep]\n|-damage|p2a: Umbreon|10\/100|[from] Sandstorm\n|-heal|p2a: Umbreon|16\/100|[from] item: Leftovers\n|upkeep\n|turn|16\n|c|\u2606Tycoon \u2718 Prozac|gdi\n|c|\u2606Tycoon \u2718 Prozac|lol\n|\n|switch|p2a: Claydol|Claydol|100\/100\n|move|p1a: Tyranitar|Rock Slide|p2a: Claydol\n|-resisted|p2a: Claydol\n|-damage|p2a: Claydol|60\/100\n|\n|-weather|Sandstorm|[upkeep]\n|upkeep\n|turn|17\n|\n|move|p2a: Claydol|Rapid Spin|p1a: Tyranitar\n|-resisted|p1a: Tyranitar\n|-damage|p1a: Tyranitar|97\/100\n|-sideend|p2: Tycoon \u2718 Prozac|Spikes|[from] move: Rapid Spin|[of] p2a: Claydol\n|move|p1a: Tyranitar|Rock Slide|p2a: Claydol\n|-resisted|p2a: Claydol\n|-damage|p2a: Claydol|21\/100\n|\n|-weather|Sandstorm|[upkeep]\n|upkeep\n|turn|18\n|\n|switch|p2a: Steelix|Steelix, F|100\/100\n|switch|p1a: Zapdos|Zapdos|100\/100\n|\n|-weather|Sandstorm|[upkeep]\n|-damage|p1a: Zapdos|94\/100|[from] Sandstorm\n|-heal|p1a: Zapdos|100\/100|[from] item: Leftovers\n|upkeep\n|turn|19\n|\n|switch|p2a: Umbreon|Umbreon, M|16\/100\n|move|p1a: Zapdos|Hidden Power|p2a: Umbreon\n|-supereffective|p2a: Umbreon\n|-damage|p2a: Umbreon|0 fnt\n|faint|p2a: Umbreon\n|\n|switch|p2a: Steelix|Steelix, F|100\/100\n|\n|-weather|Sandstorm|[upkeep]\n|-damage|p1a: Zapdos|94\/100|[from] Sandstorm\n|-heal|p1a: Zapdos|100\/100|[from] item: Leftovers\n|upkeep\n|turn|20\n|\n|move|p1a: Zapdos|Hidden Power|p2a: Steelix\n|-supereffective|p2a: Steelix\n|-crit|p2a: Steelix\n|-damage|p2a: Steelix|58\/100\n|move|p2a: Steelix|Hidden Power|p1a: Zapdos\n|-supereffective|p1a: Zapdos\n|-damage|p1a: Zapdos|54\/100\n|\n|-weather|Sandstorm|[upkeep]\n|-damage|p1a: Zapdos|48\/100|[from] Sandstorm\n|-heal|p1a: Zapdos|54\/100|[from] item: Leftovers\n|-heal|p2a: Steelix|64\/100|[from] item: Leftovers\n|upkeep\n|turn|21\n|\n|switch|p1a: Metagross|Metagross|100\/100\n|move|p2a: Steelix|Hidden Power|p1a: Metagross\n|-resisted|p1a: Metagross\n|-crit|p1a: Metagross\n|-damage|p1a: Metagross|86\/100\n|\n|-weather|Sandstorm|[upkeep]\n|-heal|p2a: Steelix|71\/100|[from] item: Leftovers\n|upkeep\n|turn|22\n|\n|switch|p2a: Claydol|Claydol|21\/100\n|move|p1a: Metagross|Earthquake|p2a: Claydol\n|-immune|p2a: Claydol\n|\n|-weather|Sandstorm|[upkeep]\n|upkeep\n|turn|23\n|\n|move|p2a: Claydol|Earthquake|p1a: Metagross\n|-supereffective|p1a: Metagross\n|-damage|p1a: Metagross|0 fnt\n|faint|p1a: Metagross\n|\n|switch|p1a: Gengar|Gengar, F|13\/100\n|\n|-weather|Sandstorm|[upkeep]\n|-damage|p1a: Gengar|7\/100|[from] Sandstorm\n|-heal|p1a: Gengar|13\/100|[from] item: Leftovers\n|upkeep\n|turn|24\n|\n|switch|p2a: Snorlax|Snorlax, F|100\/100\n|move|p1a: Gengar|Ice Punch|p2a: Snorlax\n|-damage|p2a: Snorlax|87\/100\n|\n|-weather|Sandstorm|[upkeep]\n|-damage|p1a: Gengar|7\/100|[from] Sandstorm\n|-damage|p2a: Snorlax|81\/100|[from] Sandstorm\n|-heal|p1a: Gengar|13\/100|[from] item: Leftovers\n|-heal|p2a: Snorlax|87\/100|[from] item: Leftovers\n|upkeep\n|turn|25\n|\n|switch|p1a: Tyranitar|Tyranitar, M|97\/100\n|move|p2a: Snorlax|Curse|p2a: Snorlax\n|-unboost|p2a: Snorlax|spe|1\n|-boost|p2a: Snorlax|atk|1\n|-boost|p2a: Snorlax|def|1\n|\n|-weather|Sandstorm|[upkeep]\n|-damage|p2a: Snorlax|81\/100|[from] Sandstorm\n|-heal|p2a: Snorlax|87\/100|[from] item: Leftovers\n|upkeep\n|turn|26\n|\n|-singleturn|p1a: Tyranitar|move: Focus Punch\n|move|p2a: Snorlax|Earthquake|p1a: Tyranitar\n|-supereffective|p1a: Tyranitar\n|-damage|p1a: Tyranitar|22\/100\n|move|p1a: Tyranitar|Focus Punch||[still]\n|cant|p1a: Tyranitar|Focus Punch|Focus Punch\n|\n|-weather|Sandstorm|[upkeep]\n|-damage|p2a: Snorlax|81\/100|[from] Sandstorm\n|-heal|p2a: Snorlax|87\/100|[from] item: Leftovers\n|upkeep\n|turn|27\n|-message|winter lanterns forfeited.\n|\n|win|Tycoon \u2718 Prozac\n|l|\u2606winter lanterns\n|raw|winter lanterns's rating: 1566 &rarr; <strong>1533<\/strong><br \/>(-33 for losing)\n|raw|Tycoon \u2718 Prozac's rating: 1297 &rarr; <strong>1338<\/strong><br \/>(+41 for winning)\n","uploadtime":1589732417,"views":6,"p1id":"winterlanterns","p2id":"tycoonprozac","formatid":"gen3ou","rating":1338,"private":0,"password":null}