{"id":"gen3ubers-1550752323","p1":"Sp0oNl0rD","p2":"Ajencis","format":"gen3ubers","log":"|j|\u2606Sp0oNl0rD\n|j|\u2606Ajencis\n|t:|1649653364\n|gametype|singles\n|player|p1|Sp0oNl0rD|blackbelt-gen4dp|\n|player|p2|Ajencis|gentleman|\n|teamsize|p1|6\n|teamsize|p2|6\n|gen|3\n|tier|[Gen 3] Ubers\n|rated|Tournament battle\n|rule|Sleep Clause Mod: Limit one foe put to sleep\n|rule|Switch Priority Clause Mod: Faster Pok\u00e9mon switch first\n|rule|Species Clause: Limit one of each Pok\u00e9mon\n|rule|OHKO Clause: OHKO moves are banned\n|rule|Evasion Moves Clause: Evasion moves are banned\n|rule|Endless Battle Clause: Forcing endless battles is banned\n|rule|HP Percentage Mod: HP is shown in percentages\n|rule|Deoxys Camouflage Clause: Reveals the Deoxys forme when it is sent in battle.\n|rule|One Baton Pass Clause: Limit one Baton Passer\n|\n|t:|1649653364\n|start\n|switch|p1a: Mewtwo|Mewtwo|100\/100\n|switch|p2a: Groudon|Groudon|100\/100\n|-weather|SunnyDay|[from] ability: Drought|[of] p2a: Groudon\n|turn|1\n|j| BB-8-NU\n|inactive|Battle timer is ON: inactive players will automatically lose when time's up. (requested by Sp0oNl0rD)\n|j| tachyon paradox\n|c|\u2606Ajencis|good luck!\n|c|\u2606Sp0oNl0rD|u2\n|\n|t:|1649653373\n|switch|p2a: Ho-Oh|Ho-Oh|100\/100\n|move|p1a: Mewtwo|Fire Blast|p2a: Ho-Oh|[miss]\n|-miss|p1a: Mewtwo|p2a: Ho-Oh\n|\n|-weather|SunnyDay|[upkeep]\n|upkeep\n|turn|2\n|\n|t:|1649653382\n|switch|p2a: Forretress|Forretress, M|100\/100\n|move|p1a: Mewtwo|Self-Destruct|p2a: Forretress\n|-resisted|p2a: Forretress\n|-damage|p2a: Forretress|63\/100\n|faint|p1a: Mewtwo\n|\n|t:|1649653386\n|switch|p1a: Latios|Latios, M|100\/100\n|\n|-weather|SunnyDay|[upkeep]\n|-heal|p2a: Forretress|70\/100|[from] item: Leftovers\n|upkeep\n|turn|3\n|\n|t:|1649653393\n|switch|p2a: Deoxys|Deoxys-Defense|100\/100\n|move|p1a: Latios|Thunder|p2a: Deoxys\n|-damage|p2a: Deoxys|64\/100\n|\n|-weather|SunnyDay|[upkeep]\n|-heal|p2a: Deoxys|70\/100|[from] item: Leftovers\n|upkeep\n|turn|4\n|\n|t:|1649653402\n|switch|p1a: Metagross|Metagross|100\/100\n|move|p2a: Deoxys|Knock Off|p1a: Metagross\n|-damage|p1a: Metagross|97\/100\n|-enditem|p1a: Metagross|Leftovers|[from] move: Knock Off|[of] p2a: Deoxys\n|\n|-weather|SunnyDay|[upkeep]\n|-heal|p2a: Deoxys|76\/100|[from] item: Leftovers\n|upkeep\n|turn|5\n|\n|t:|1649653409\n|move|p2a: Deoxys|Spikes|p1a: Metagross\n|-sidestart|p1: Sp0oNl0rD|Spikes\n|move|p1a: Metagross|Pursuit|p2a: Deoxys\n|-supereffective|p2a: Deoxys\n|-damage|p2a: Deoxys|66\/100\n|\n|-weather|SunnyDay|[upkeep]\n|-heal|p2a: Deoxys|72\/100|[from] item: Leftovers\n|upkeep\n|turn|6\n|\n|t:|1649653420\n|move|p2a: Deoxys|Spikes|p1a: Metagross\n|-sidestart|p1: Sp0oNl0rD|Spikes\n|move|p1a: Metagross|Explosion|p2a: Deoxys\n|-damage|p2a: Deoxys|0 fnt\n|faint|p1a: Metagross\n|faint|p2a: Deoxys\n|\n|t:|1649653430\n|switch|p2a: Forretress|Forretress, M|70\/100\n|switch|p1a: Latios|Latios, M|100\/100\n|\n|-weather|SunnyDay|[upkeep]\n|-heal|p2a: Forretress|76\/100|[from] item: Leftovers\n|upkeep\n|turn|7\n|\n|t:|1649653437\n|switch|p2a: Blissey|Blissey, F|100\/100\n|move|p1a: Latios|Hidden Power|p2a: Blissey\n|-damage|p2a: Blissey|86\/100\n|\n|-weather|SunnyDay|[upkeep]\n|-heal|p2a: Blissey|92\/100|[from] item: Leftovers\n|upkeep\n|turn|8\n|\n|t:|1649653450\n|switch|p1a: Snorlax|Snorlax, F|100\/100\n|-damage|p1a: Snorlax|84\/100|[from] Spikes\n|move|p2a: Blissey|Toxic|p1a: Snorlax\n|-status|p1a: Snorlax|tox\n|\n|-weather|SunnyDay|[upkeep]\n|-heal|p2a: Blissey|98\/100|[from] item: Leftovers\n|-damage|p1a: Snorlax|78\/100 tox|[from] psn\n|upkeep\n|turn|9\n|\n|t:|1649653471\n|switch|p2a: Forretress|Forretress, M|76\/100\n|move|p1a: Snorlax|Body Slam|p2a: Forretress\n|-resisted|p2a: Forretress\n|-damage|p2a: Forretress|52\/100\n|-status|p2a: Forretress|par\n|\n|-weather|SunnyDay|[upkeep]\n|-damage|p1a: Snorlax|65\/100 tox|[from] psn\n|-heal|p2a: Forretress|59\/100 par|[from] item: Leftovers\n|upkeep\n|turn|10\n|\n|t:|1649653477\n|switch|p1a: Kyogre|Kyogre|100\/100\n|-damage|p1a: Kyogre|84\/100|[from] Spikes\n|-weather|RainDance|[from] ability: Drizzle|[of] p1a: Kyogre\n|move|p2a: Forretress|Spikes|p1a: Kyogre\n|-sidestart|p1: Sp0oNl0rD|Spikes\n|\n|-weather|RainDance|[upkeep]\n|-heal|p1a: Kyogre|90\/100|[from] item: Leftovers\n|-heal|p2a: Forretress|65\/100 par|[from] item: Leftovers\n|upkeep\n|turn|11\n|\n|t:|1649653484\n|switch|p2a: Blissey|Blissey, F|98\/100\n|move|p1a: Kyogre|Substitute|p1a: Kyogre\n|-start|p1a: Kyogre|Substitute\n|-damage|p1a: Kyogre|65\/100\n|\n|-weather|RainDance|[upkeep]\n|-heal|p1a: Kyogre|71\/100|[from] item: Leftovers\n|-heal|p2a: Blissey|100\/100|[from] item: Leftovers\n|upkeep\n|turn|12\n|\n|t:|1649653488\n|switch|p2a: Latias|Latias, F|100\/100\n|move|p1a: Kyogre|Calm Mind|p1a: Kyogre\n|-boost|p1a: Kyogre|spa|1\n|-boost|p1a: Kyogre|spd|1\n|\n|-weather|RainDance|[upkeep]\n|-heal|p1a: Kyogre|77\/100|[from] item: Leftovers\n|upkeep\n|turn|13\n|\n|t:|1649653491\n|move|p2a: Latias|Thunder|p1a: Kyogre\n|-supereffective|p1a: Kyogre\n|-end|p1a: Kyogre|Substitute\n|move|p1a: Kyogre|Calm Mind|p1a: Kyogre\n|-boost|p1a: Kyogre|spa|1\n|-boost|p1a: Kyogre|spd|1\n|\n|-weather|RainDance|[upkeep]\n|-heal|p1a: Kyogre|84\/100|[from] item: Leftovers\n|upkeep\n|turn|14\n|\n|t:|1649653496\n|move|p2a: Latias|Calm Mind|p2a: Latias\n|-boost|p2a: Latias|spa|1\n|-boost|p2a: Latias|spd|1\n|move|p1a: Kyogre|Ice Beam|p2a: Latias\n|-supereffective|p2a: Latias\n|-damage|p2a: Latias|53\/100\n|\n|-weather|RainDance|[upkeep]\n|-heal|p1a: Kyogre|90\/100|[from] item: Leftovers\n|upkeep\n|turn|15\n|\n|t:|1649653502\n|move|p2a: Latias|Thunder|p1a: Kyogre\n|-supereffective|p1a: Kyogre\n|-damage|p1a: Kyogre|42\/100\n|move|p1a: Kyogre|Calm Mind|p1a: Kyogre\n|-boost|p1a: Kyogre|spa|1\n|-boost|p1a: Kyogre|spd|1\n|\n|-weather|RainDance|[upkeep]\n|-heal|p1a: Kyogre|49\/100|[from] item: Leftovers\n|upkeep\n|turn|16\n|\n|t:|1649653506\n|move|p2a: Latias|Thunder|p1a: Kyogre\n|-supereffective|p1a: Kyogre\n|-damage|p1a: Kyogre|10\/100\n|move|p1a: Kyogre|Ice Beam|p2a: Latias\n|-supereffective|p2a: Latias\n|-damage|p2a: Latias|0 fnt\n|faint|p2a: Latias\n|\n|t:|1649653514\n|switch|p2a: Groudon|Groudon|100\/100\n|-weather|SunnyDay|[from] ability: Drought|[of] p2a: Groudon\n|\n|-weather|SunnyDay|[upkeep]\n|-heal|p1a: Kyogre|17\/100|[from] item: Leftovers\n|upkeep\n|turn|17\n|\n|t:|1649653521\n|switch|p2a: Blissey|Blissey, F|100\/100\n|move|p1a: Kyogre|Surf|p2a: Blissey\n|-damage|p2a: Blissey|81\/100\n|\n|-weather|SunnyDay|[upkeep]\n|-heal|p1a: Kyogre|23\/100|[from] item: Leftovers\n|-heal|p2a: Blissey|87\/100|[from] item: Leftovers\n|upkeep\n|turn|18\n|\n|t:|1649653525\n|move|p1a: Kyogre|Ice Beam|p2a: Blissey\n|-damage|p2a: Blissey|60\/100\n|move|p2a: Blissey|Toxic|p1a: Kyogre\n|-status|p1a: Kyogre|tox\n|\n|-weather|SunnyDay|[upkeep]\n|-heal|p1a: Kyogre|29\/100 tox|[from] item: Leftovers\n|-damage|p1a: Kyogre|23\/100 tox|[from] psn\n|-heal|p2a: Blissey|66\/100|[from] item: Leftovers\n|upkeep\n|turn|19\n|\n|t:|1649653529\n|move|p1a: Kyogre|Ice Beam|p2a: Blissey\n|-crit|p2a: Blissey\n|-damage|p2a: Blissey|7\/100\n|move|p2a: Blissey|Soft-Boiled|p2a: Blissey\n|-heal|p2a: Blissey|57\/100\n|\n|-weather|SunnyDay|[upkeep]\n|-heal|p1a: Kyogre|29\/100 tox|[from] item: Leftovers\n|-damage|p1a: Kyogre|17\/100 tox|[from] psn\n|-heal|p2a: Blissey|64\/100|[from] item: Leftovers\n|upkeep\n|turn|20\n|\n|t:|1649653534\n|move|p1a: Kyogre|Ice Beam|p2a: Blissey\n|-damage|p2a: Blissey|37\/100\n|move|p2a: Blissey|Soft-Boiled|p2a: Blissey\n|-heal|p2a: Blissey|87\/100\n|\n|-weather|SunnyDay|[upkeep]\n|-heal|p1a: Kyogre|23\/100 tox|[from] item: Leftovers\n|-damage|p1a: Kyogre|4\/100 tox|[from] psn\n|-heal|p2a: Blissey|93\/100|[from] item: Leftovers\n|upkeep\n|turn|21\n|\n|t:|1649653542\n|move|p1a: Kyogre|Ice Beam|p2a: Blissey\n|-damage|p2a: Blissey|66\/100\n|move|p2a: Blissey|Soft-Boiled|p2a: Blissey\n|-heal|p2a: Blissey|100\/100\n|\n|-weather|SunnyDay|[upkeep]\n|-heal|p1a: Kyogre|10\/100 tox|[from] item: Leftovers\n|-damage|p1a: Kyogre|0 fnt|[from] psn\n|faint|p1a: Kyogre\n|upkeep\n|\n|t:|1649653546\n|switch|p1a: Deoxys|Deoxys-Attack|100\/100\n|-damage|p1a: Deoxys|75\/100|[from] Spikes\n|turn|22\n|\n|t:|1649653565\n|switch|p2a: Groudon|Groudon|100\/100\n|move|p1a: Deoxys|Substitute|p1a: Deoxys\n|-start|p1a: Deoxys|Substitute\n|-damage|p1a: Deoxys|50\/100\n|\n|-weather|SunnyDay|[upkeep]\n|upkeep\n|turn|23\n|\n|t:|1649653575\n|move|p1a: Deoxys|Ice Beam|p2a: Groudon\n|-supereffective|p2a: Groudon\n|-damage|p2a: Groudon|39\/100\n|move|p2a: Groudon|Earthquake|p1a: Deoxys\n|-end|p1a: Deoxys|Substitute\n|\n|-weather|SunnyDay|[upkeep]\n|-heal|p2a: Groudon|45\/100|[from] item: Leftovers\n|upkeep\n|turn|24\n|\n|t:|1649653581\n|move|p1a: Deoxys|Ice Beam|p2a: Groudon\n|-supereffective|p2a: Groudon\n|-damage|p2a: Groudon|0 fnt\n|faint|p2a: Groudon\n|\n|t:|1649653585\n|switch|p2a: Ho-Oh|Ho-Oh|100\/100\n|\n|-weather|SunnyDay|[upkeep]\n|upkeep\n|turn|25\n|\n|t:|1649653598\n|switch|p1a: Snorlax|Snorlax, F|65\/100 tox\n|-damage|p1a: Snorlax|41\/100 tox|[from] Spikes\n|move|p2a: Ho-Oh|Shadow Ball|p1a: Snorlax\n|-immune|p1a: Snorlax\n|\n|-weather|SunnyDay|[upkeep]\n|-damage|p1a: Snorlax|34\/100 tox|[from] psn\n|upkeep\n|turn|26\n|\n|t:|1649653604\n|switch|p2a: Forretress|Forretress, M|65\/100 par\n|move|p1a: Snorlax|Self-Destruct|p2a: Forretress\n|-resisted|p2a: Forretress\n|-damage|p2a: Forretress|0 fnt\n|faint|p1a: Snorlax\n|faint|p2a: Forretress\n|\n|t:|1649653610\n|switch|p2a: Ho-Oh|Ho-Oh|100\/100\n|switch|p1a: Latios|Latios, M|100\/100\n|\n|-weather|SunnyDay|[upkeep]\n|upkeep\n|turn|27\n|\n|t:|1649653615\n|switch|p2a: Blissey|Blissey, F|100\/100\n|move|p1a: Latios|Dragon Claw|p2a: Blissey\n|-damage|p2a: Blissey|81\/100\n|\n|-weather|SunnyDay|[upkeep]\n|-heal|p2a: Blissey|87\/100|[from] item: Leftovers\n|upkeep\n|turn|28\n|\n|t:|1649653622\n|move|p1a: Latios|Thunder|p2a: Blissey|[miss]\n|-miss|p1a: Latios|p2a: Blissey\n|move|p2a: Blissey|Toxic|p1a: Latios\n|-status|p1a: Latios|tox\n|\n|-weather|SunnyDay|[upkeep]\n|-damage|p1a: Latios|95\/100 tox|[from] psn\n|-heal|p2a: Blissey|93\/100|[from] item: Leftovers\n|upkeep\n|turn|29\n|\n|t:|1649653628\n|move|p1a: Latios|Thunder|p2a: Blissey|[miss]\n|-miss|p1a: Latios|p2a: Blissey\n|move|p2a: Blissey|Light Screen|p2a: Blissey\n|-sidestart|p2: Ajencis|Light Screen\n|\n|-weather|SunnyDay|[upkeep]\n|-damage|p1a: Latios|83\/100 tox|[from] psn\n|-heal|p2a: Blissey|99\/100|[from] item: Leftovers\n|upkeep\n|turn|30\n|\n|t:|1649653635\n|move|p1a: Latios|Thunder|p2a: Blissey|[miss]\n|-miss|p1a: Latios|p2a: Blissey\n|move|p2a: Blissey|Toxic|p1a: Latios\n|-fail|p1a: Latios|tox\n|\n|-weather|SunnyDay|[upkeep]\n|-damage|p1a: Latios|65\/100 tox|[from] psn\n|-heal|p2a: Blissey|100\/100|[from] item: Leftovers\n|upkeep\n|turn|31\n|\n|t:|1649653641\n|move|p1a: Latios|Thunder|p2a: Blissey|[miss]\n|-miss|p1a: Latios|p2a: Blissey\n|move|p2a: Blissey|Toxic|p1a: Latios|[miss]\n|-miss|p2a: Blissey|p1a: Latios\n|\n|-weather|SunnyDay|[upkeep]\n|-damage|p1a: Latios|41\/100 tox|[from] psn\n|upkeep\n|turn|32\n|\n|t:|1649653647\n|move|p1a: Latios|Thunder|p2a: Blissey\n|-damage|p2a: Blissey|92\/100\n|move|p2a: Blissey|Toxic|p1a: Latios|[miss]\n|-miss|p2a: Blissey|p1a: Latios\n|\n|-weather|SunnyDay|[upkeep]\n|-damage|p1a: Latios|11\/100 tox|[from] psn\n|-heal|p2a: Blissey|98\/100|[from] item: Leftovers\n|upkeep\n|turn|33\n|\n|t:|1649653659\n|switch|p2a: Ho-Oh|Ho-Oh|100\/100\n|move|p1a: Latios|Ice Beam|p2a: Ho-Oh\n|-damage|p2a: Ho-Oh|88\/100\n|\n|-sideend|p2: Ajencis|Light Screen\n|-weather|SunnyDay|[upkeep]\n|-damage|p1a: Latios|0 fnt|[from] psn\n|faint|p1a: Latios\n|-heal|p2a: Ho-Oh|94\/100|[from] item: Leftovers\n|upkeep\n|\n|t:|1649653661\n|switch|p1a: Deoxys|Deoxys-Attack|50\/100\n|-damage|p1a: Deoxys|25\/100|[from] Spikes\n|turn|34\n|\n|t:|1649653673\n|move|p1a: Deoxys|Thunder|p2a: Ho-Oh\n|-supereffective|p2a: Ho-Oh\n|-damage|p2a: Ho-Oh|36\/100\n|move|p2a: Ho-Oh|Shadow Ball|p1a: Deoxys\n|-supereffective|p1a: Deoxys\n|-damage|p1a: Deoxys|0 fnt\n|faint|p1a: Deoxys\n|\n|win|Ajencis\n|n|\u2606Sp0oNl0rD|sp0onl0rd\n|n|\u2606Ajencis|ajencis\n|n| BB-8-NU|bb8nu\n|n| tachyon paradox|tachyonparadox\n","uploadtime":1649653675,"views":16,"p1id":"sp0onl0rd","p2id":"ajencis","formatid":"gen3ubers","rating":0,"private":0,"password":null}