{"id":"gen3ou-1132710245","p1":"winter lanterns","p2":"v is for virgie","format":"gen3ou","log":"|j|\u2606winter lanterns\n|j|\u2606v is for virgie\n|player|p1|winter lanterns|burglar|1577\n|player|p2|v is for virgie|red-gen1main|1379\n|teamsize|p1|6\n|teamsize|p2|6\n|gametype|singles\n|gen|3\n|tier|[Gen 3] OU\n|rated|\n|rule|Sleep Clause Mod: Limit one foe put to sleep\n|rule|Switch Priority Clause Mod: Faster Pok\u00e9mon switch first\n|rule|Species Clause: Limit one of each Pok\u00e9mon\n|rule|OHKO Clause: OHKO moves are banned\n|rule|Moody Clause: Moody is banned\n|rule|Evasion Moves Clause: Evasion moves are banned\n|rule|Endless Battle Clause: Forcing endless battles is banned\n|rule|HP Percentage Mod: HP is shown in percentages\n|rule|3 Baton Pass Clause: Limit three Baton Passers\n|\n|start\n|switch|p1a: Tyranitar|Tyranitar, F|100\/100\n|switch|p2a: Metagross|Metagross|100\/100\n|-weather|Sandstorm|[from] ability: Sand Stream|[of] p1a: Tyranitar\n|turn|1\n|j| spikes adriano\n|inactive|Battle timer is ON: inactive players will automatically lose when time's up. (requested by v is for virgie)\n|\n|switch|p1a: Metagross|Metagross|100\/100\n|move|p2a: Metagross|Meteor Mash|p1a: Metagross\n|-resisted|p1a: Metagross\n|-damage|p1a: Metagross|67\/100\n|\n|-weather|Sandstorm|[upkeep]\n|upkeep\n|turn|2\n|\n|switch|p1a: Cloyster|Cloyster, F|100\/100\n|move|p2a: Metagross|Meteor Mash|p1a: Cloyster\n|-damage|p1a: Cloyster|51\/100\n|\n|-weather|Sandstorm|[upkeep]\n|-damage|p1a: Cloyster|45\/100|[from] Sandstorm\n|-heal|p1a: Cloyster|51\/100|[from] item: Leftovers\n|upkeep\n|turn|3\n|\n|move|p2a: Metagross|Meteor Mash|p1a: Cloyster|[miss]\n|-miss|p2a: Metagross|p1a: Cloyster\n|move|p1a: Cloyster|Spikes|p2a: Metagross\n|-sidestart|p2: v is for virgie|Spikes\n|\n|-weather|Sandstorm|[upkeep]\n|-damage|p1a: Cloyster|45\/100|[from] Sandstorm\n|-heal|p1a: Cloyster|51\/100|[from] item: Leftovers\n|upkeep\n|turn|4\n|\n|move|p2a: Metagross|Meteor Mash|p1a: Cloyster\n|-damage|p1a: Cloyster|0 fnt\n|faint|p1a: Cloyster\n|\n|switch|p1a: Zapdos|Zapdos|100\/100\n|\n|-weather|Sandstorm|[upkeep]\n|-damage|p1a: Zapdos|94\/100|[from] Sandstorm\n|-heal|p1a: Zapdos|100\/100|[from] item: Leftovers\n|upkeep\n|turn|5\n|\n|switch|p2a: Umbreon|Umbreon, M|100\/100\n|-damage|p2a: Umbreon|88\/100|[from] Spikes\n|move|p1a: Zapdos|Thunderbolt|p2a: Umbreon\n|-damage|p2a: Umbreon|61\/100\n|\n|-weather|Sandstorm|[upkeep]\n|-damage|p1a: Zapdos|94\/100|[from] Sandstorm\n|-damage|p2a: Umbreon|55\/100|[from] Sandstorm\n|-heal|p1a: Zapdos|100\/100|[from] item: Leftovers\n|-heal|p2a: Umbreon|61\/100|[from] item: Leftovers\n|upkeep\n|turn|6\n|\n|move|p1a: Zapdos|Hidden Power|p2a: Umbreon\n|-supereffective|p2a: Umbreon\n|-damage|p2a: Umbreon|31\/100\n|move|p2a: Umbreon|Wish|p2a: Umbreon\n|\n|-weather|Sandstorm|[upkeep]\n|-damage|p1a: Zapdos|94\/100|[from] Sandstorm\n|-damage|p2a: Umbreon|25\/100|[from] Sandstorm\n|-heal|p1a: Zapdos|100\/100|[from] item: Leftovers\n|-heal|p2a: Umbreon|31\/100|[from] item: Leftovers\n|upkeep\n|turn|7\n|\n|switch|p1a: Metagross|Metagross|67\/100\n|move|p2a: Umbreon|Toxic|p1a: Metagross\n|-immune|p1a: Metagross\n|\n|-heal|p2a: Umbreon|81\/100|[from] move: Wish|[wisher] Umbreon\n|-weather|Sandstorm|[upkeep]\n|-damage|p2a: Umbreon|75\/100|[from] Sandstorm\n|-heal|p2a: Umbreon|81\/100|[from] item: Leftovers\n|upkeep\n|turn|8\n|\n|move|p2a: Umbreon|Protect|p2a: Umbreon\n|-singleturn|p2a: Umbreon|Protect\n|move|p1a: Metagross|Meteor Mash|p2a: Umbreon\n|-activate|p2a: Umbreon|Protect\n|\n|-weather|Sandstorm|[upkeep]\n|-damage|p2a: Umbreon|75\/100|[from] Sandstorm\n|-heal|p2a: Umbreon|81\/100|[from] item: Leftovers\n|upkeep\n|turn|9\n|\n|switch|p2a: Metagross|Metagross|100\/100\n|-damage|p2a: Metagross|88\/100|[from] Spikes\n|move|p1a: Metagross|Earthquake|p2a: Metagross\n|-supereffective|p2a: Metagross\n|-damage|p2a: Metagross|26\/100\n|\n|-weather|Sandstorm|[upkeep]\n|upkeep\n|turn|10\n|\n|move|p2a: Metagross|Explosion|p1a: Metagross\n|-resisted|p1a: Metagross\n|-damage|p1a: Metagross|0 fnt\n|faint|p2a: Metagross\n|faint|p1a: Metagross\n|inactive|v is for virgie has 120 seconds left.\n|\n|switch|p2a: Umbreon|Umbreon, M|81\/100\n|switch|p1a: Tyranitar|Tyranitar, F|100\/100\n|-damage|p2a: Umbreon|69\/100|[from] Spikes\n|\n|-weather|Sandstorm|[upkeep]\n|-damage|p2a: Umbreon|63\/100|[from] Sandstorm\n|-heal|p2a: Umbreon|69\/100|[from] item: Leftovers\n|upkeep\n|turn|11\n|\n|move|p1a: Tyranitar|Rock Slide|p2a: Umbreon\n|-damage|p2a: Umbreon|28\/100\n|move|p2a: Umbreon|Toxic|p1a: Tyranitar\n|-status|p1a: Tyranitar|tox\n|\n|-weather|Sandstorm|[upkeep]\n|-damage|p2a: Umbreon|22\/100|[from] Sandstorm\n|-heal|p2a: Umbreon|28\/100|[from] item: Leftovers\n|-damage|p1a: Tyranitar|94\/100 tox|[from] psn\n|upkeep\n|turn|12\n|\n|move|p2a: Umbreon|Protect|p2a: Umbreon\n|-singleturn|p2a: Umbreon|Protect\n|move|p1a: Tyranitar|Rock Slide|p2a: Umbreon\n|-activate|p2a: Umbreon|Protect\n|\n|-weather|Sandstorm|[upkeep]\n|-damage|p2a: Umbreon|22\/100|[from] Sandstorm\n|-heal|p2a: Umbreon|28\/100|[from] item: Leftovers\n|-damage|p1a: Tyranitar|82\/100 tox|[from] psn\n|upkeep\n|turn|13\n|\n|move|p1a: Tyranitar|Rock Slide|p2a: Umbreon\n|-damage|p2a: Umbreon|0 fnt\n|faint|p2a: Umbreon\n|inactive|v is for virgie has 120 seconds left.\n|\n|switch|p2a: Heracross|Heracross, M|100\/100\n|-damage|p2a: Heracross|88\/100|[from] Spikes\n|\n|-weather|Sandstorm|[upkeep]\n|-damage|p2a: Heracross|82\/100|[from] Sandstorm\n|-damage|p1a: Tyranitar|64\/100 tox|[from] psn\n|upkeep\n|turn|14\n|\n|switch|p1a: Gengar|Gengar, M|100\/100\n|move|p2a: Heracross|Substitute|p2a: Heracross\n|-start|p2a: Heracross|Substitute\n|-damage|p2a: Heracross|57\/100\n|\n|-weather|Sandstorm|[upkeep]\n|-damage|p1a: Gengar|94\/100|[from] Sandstorm\n|-damage|p2a: Heracross|51\/100|[from] Sandstorm\n|-heal|p1a: Gengar|100\/100|[from] item: Leftovers\n|upkeep\n|turn|15\n|\n|move|p1a: Gengar|Thunderbolt|p2a: Heracross\n|-end|p2a: Heracross|Substitute\n|move|p2a: Heracross|Rock Slide|p1a: Gengar\n|-damage|p1a: Gengar|50\/100\n|\n|-weather|Sandstorm|[upkeep]\n|-damage|p1a: Gengar|43\/100|[from] Sandstorm\n|-damage|p2a: Heracross|45\/100|[from] Sandstorm\n|-heal|p1a: Gengar|50\/100|[from] item: Leftovers\n|upkeep\n|turn|16\n|\n|switch|p2a: Tyranitar|Tyranitar, M|100\/100\n|-damage|p2a: Tyranitar|88\/100|[from] Spikes\n|move|p1a: Gengar|Fire Punch|p2a: Tyranitar\n|-resisted|p2a: Tyranitar\n|-damage|p2a: Tyranitar|74\/100\n|\n|-weather|Sandstorm|[upkeep]\n|-damage|p1a: Gengar|43\/100|[from] Sandstorm\n|-heal|p1a: Gengar|50\/100|[from] item: Leftovers\n|upkeep\n|turn|17\n|\n|move|p1a: Gengar|Hidden Power|p2a: Tyranitar\n|-supereffective|p2a: Tyranitar\n|-damage|p2a: Tyranitar|11\/100\n|move|p2a: Tyranitar|Dragon Dance|p2a: Tyranitar\n|-boost|p2a: Tyranitar|atk|1\n|-boost|p2a: Tyranitar|spe|1\n|\n|-weather|Sandstorm|[upkeep]\n|-damage|p1a: Gengar|43\/100|[from] Sandstorm\n|-heal|p1a: Gengar|50\/100|[from] item: Leftovers\n|upkeep\n|turn|18\n|\n|switch|p1a: Tyranitar|Tyranitar, F|64\/100 tox\n|move|p2a: Tyranitar|Rock Slide|p1a: Tyranitar\n|-damage|p1a: Tyranitar|5\/100 tox\n|\n|-weather|Sandstorm|[upkeep]\n|-damage|p1a: Tyranitar|0 fnt|[from] psn\n|faint|p1a: Tyranitar\n|upkeep\n|\n|switch|p1a: Blissey|Blissey, F|100\/100\n|turn|19\n|\n|move|p2a: Tyranitar|Rock Slide|p1a: Blissey\n|-damage|p1a: Blissey|41\/100\n|cant|p1a: Blissey|flinch\n|\n|-weather|Sandstorm|[upkeep]\n|-damage|p1a: Blissey|35\/100|[from] Sandstorm\n|-heal|p1a: Blissey|41\/100|[from] item: Leftovers\n|upkeep\n|turn|20\n|\n|move|p2a: Tyranitar|Rock Slide|p1a: Blissey\n|-damage|p1a: Blissey|0 fnt\n|faint|p1a: Blissey\n|\n|switch|p1a: Zapdos|Zapdos|100\/100\n|\n|-weather|Sandstorm|[upkeep]\n|-damage|p1a: Zapdos|94\/100|[from] Sandstorm\n|-heal|p1a: Zapdos|100\/100|[from] item: Leftovers\n|upkeep\n|turn|21\n|\n|move|p2a: Tyranitar|Rock Slide|p1a: Zapdos\n|-supereffective|p1a: Zapdos\n|-damage|p1a: Zapdos|0 fnt\n|faint|p1a: Zapdos\n|\n|switch|p1a: Gengar|Gengar, M|50\/100\n|\n|-weather|Sandstorm|[upkeep]\n|-damage|p1a: Gengar|43\/100|[from] Sandstorm\n|-heal|p1a: Gengar|50\/100|[from] item: Leftovers\n|upkeep\n|turn|22\n|\n|move|p2a: Tyranitar|Rock Slide|p1a: Gengar\n|-damage|p1a: Gengar|0 fnt\n|faint|p1a: Gengar\n|\n|win|v is for virgie\n|l|\u2606winter lanterns\n|l| spikes adriano\n||Ladder (probably) updated, but score could not be retrieved (Request timeout).\n","uploadtime":1592170025,"views":6,"p1id":"winterlanterns","p2id":"visforvirgie","formatid":"gen3ou","rating":0,"private":0,"password":null}