{"id":"gen3ou-1117850812","p1":"winter lanterns","p2":"Wam Bam Alakazam","format":"gen3ou","log":"|j|\u2606winter lanterns\n|j|\u2606Wam Bam Alakazam\n|player|p1|winter lanterns|burglar|1571\n|player|p2|Wam Bam Alakazam|jogger|1438\n|teamsize|p1|6\n|teamsize|p2|6\n|gametype|singles\n|gen|3\n|tier|[Gen 3] OU\n|rated|\n|rule|Sleep Clause Mod: Limit one foe put to sleep\n|rule|Switch Priority Clause Mod: Faster Pok\u00e9mon switch first\n|rule|Species Clause: Limit one of each Pok\u00e9mon\n|rule|OHKO Clause: OHKO moves are banned\n|rule|Moody Clause: Moody is banned\n|rule|Evasion Moves Clause: Evasion moves are banned\n|rule|Endless Battle Clause: Forcing endless battles is banned\n|rule|HP Percentage Mod: HP is shown in percentages\n|rule|3 Baton Pass Clause: Limit three Baton Passers\n|\n|start\n|switch|p1a: Tyranitar|Tyranitar, F|100\/100\n|switch|p2a: Zapdos|Zapdos|100\/100\n|-weather|Sandstorm|[from] ability: Sand Stream|[of] p1a: Tyranitar\n|turn|1\n|\n|move|p2a: Zapdos|Baton Pass|p2a: Zapdos\n|\n|switch|p2a: Metagross|Metagross|100\/100|[from]move: Baton Pass\n|move|p1a: Tyranitar|Rock Slide|p2a: Metagross\n|-resisted|p2a: Metagross\n|-damage|p2a: Metagross|73\/100\n|\n|-weather|Sandstorm|[upkeep]\n|upkeep\n|turn|2\n|\n|switch|p1a: Cloyster|Cloyster, F|100\/100\n|move|p2a: Metagross|Meteor Mash|p1a: Cloyster\n|-damage|p1a: Cloyster|67\/100\n|\n|-weather|Sandstorm|[upkeep]\n|-damage|p1a: Cloyster|60\/100|[from] Sandstorm\n|-heal|p1a: Cloyster|67\/100|[from] item: Leftovers\n|upkeep\n|turn|3\n|\n|move|p2a: Metagross|Meteor Mash|p1a: Cloyster\n|-damage|p1a: Cloyster|34\/100\n|move|p1a: Cloyster|Spikes|p2a: Metagross\n|-sidestart|p2: Wam Bam Alakazam|Spikes\n|\n|-weather|Sandstorm|[upkeep]\n|-damage|p1a: Cloyster|28\/100|[from] Sandstorm\n|-heal|p1a: Cloyster|34\/100|[from] item: Leftovers\n|upkeep\n|turn|4\n|\n|move|p2a: Metagross|Meteor Mash|p1a: Cloyster\n|-damage|p1a: Cloyster|0 fnt\n|faint|p1a: Cloyster\n|\n|switch|p1a: Zapdos|Zapdos|100\/100\n|\n|-weather|Sandstorm|[upkeep]\n|-damage|p1a: Zapdos|94\/100|[from] Sandstorm\n|-heal|p1a: Zapdos|100\/100|[from] item: Leftovers\n|upkeep\n|turn|5\n|\n|switch|p1a: Gengar|Gengar, F|100\/100\n|switch|p2a: Snorlax|Snorlax, F|100\/100\n|-damage|p2a: Snorlax|88\/100|[from] Spikes\n|\n|-weather|Sandstorm|[upkeep]\n|-damage|p1a: Gengar|94\/100|[from] Sandstorm\n|-damage|p2a: Snorlax|82\/100|[from] Sandstorm\n|-heal|p1a: Gengar|100\/100|[from] item: Leftovers\n|-heal|p2a: Snorlax|88\/100|[from] item: Leftovers\n|upkeep\n|turn|6\n|\n|switch|p1a: Tyranitar|Tyranitar, F|100\/100\n|switch|p2a: Tyranitar|Tyranitar, F|100\/100\n|-damage|p2a: Tyranitar|88\/100|[from] Spikes\n|\n|-weather|Sandstorm|[upkeep]\n|upkeep\n|turn|7\n|\n|switch|p2a: Breloom|Breloom, M|100\/100\n|-damage|p2a: Breloom|88\/100|[from] Spikes\n|move|p1a: Tyranitar|Earthquake|p2a: Breloom\n|-resisted|p2a: Breloom\n|-damage|p2a: Breloom|40\/100\n|\n|-weather|Sandstorm|[upkeep]\n|-damage|p2a: Breloom|34\/100|[from] Sandstorm\n|-heal|p2a: Breloom|40\/100|[from] item: Leftovers\n|upkeep\n|turn|8\n|\n|move|p2a: Breloom|Spore|p1a: Tyranitar\n|-status|p1a: Tyranitar|slp|[from] move: Spore\n|cant|p1a: Tyranitar|slp\n|\n|-weather|Sandstorm|[upkeep]\n|-damage|p2a: Breloom|34\/100|[from] Sandstorm\n|-heal|p2a: Breloom|40\/100|[from] item: Leftovers\n|upkeep\n|turn|9\n|\n|switch|p2a: Tyranitar|Tyranitar, F|88\/100\n|-damage|p2a: Tyranitar|76\/100|[from] Spikes\n|switch|p1a: Zapdos|Zapdos|100\/100\n|\n|-weather|Sandstorm|[upkeep]\n|-damage|p1a: Zapdos|94\/100|[from] Sandstorm\n|-heal|p1a: Zapdos|100\/100|[from] item: Leftovers\n|upkeep\n|turn|10\n|\n|move|p1a: Zapdos|Hidden Power|p2a: Tyranitar\n|-supereffective|p2a: Tyranitar\n|-damage|p2a: Tyranitar|0 fnt\n|faint|p2a: Tyranitar\n|\n|switch|p2a: Swampert|Swampert, M|100\/100\n|-damage|p2a: Swampert|88\/100|[from] Spikes\n|\n|-weather|Sandstorm|[upkeep]\n|-damage|p1a: Zapdos|94\/100|[from] Sandstorm\n|-heal|p1a: Zapdos|100\/100|[from] item: Leftovers\n|upkeep\n|turn|11\n|\n|switch|p1a: Gengar|Gengar, F|100\/100\n|move|p2a: Swampert|Hydro Pump|p1a: Gengar\n|-damage|p1a: Gengar|17\/100\n|\n|-weather|Sandstorm|[upkeep]\n|-damage|p1a: Gengar|11\/100|[from] Sandstorm\n|-heal|p1a: Gengar|17\/100|[from] item: Leftovers\n|upkeep\n|turn|12\n|\n|switch|p1a: Metagross|Metagross|100\/100\n|switch|p2a: Snorlax|Snorlax, F|88\/100\n|-damage|p2a: Snorlax|76\/100|[from] Spikes\n|\n|-weather|Sandstorm|[upkeep]\n|-damage|p2a: Snorlax|69\/100|[from] Sandstorm\n|-heal|p2a: Snorlax|76\/100|[from] item: Leftovers\n|upkeep\n|turn|13\n|\n|switch|p2a: Zapdos|Zapdos|100\/100\n|move|p1a: Metagross|Meteor Mash|p2a: Zapdos\n|-resisted|p2a: Zapdos\n|-damage|p2a: Zapdos|63\/100\n|\n|-weather|Sandstorm|[upkeep]\n|-damage|p2a: Zapdos|57\/100|[from] Sandstorm\n|-heal|p2a: Zapdos|63\/100|[from] item: Leftovers\n|upkeep\n|turn|14\n|\n|switch|p1a: Blissey|Blissey, F|100\/100\n|move|p2a: Zapdos|Thunderbolt|p1a: Blissey\n|-damage|p1a: Blissey|82\/100\n|\n|-weather|Sandstorm|[upkeep]\n|-damage|p2a: Zapdos|57\/100|[from] Sandstorm\n|-damage|p1a: Blissey|75\/100|[from] Sandstorm\n|-heal|p2a: Zapdos|63\/100|[from] item: Leftovers\n|-heal|p1a: Blissey|82\/100|[from] item: Leftovers\n|upkeep\n|turn|15\n|\n|move|p2a: Zapdos|Baton Pass|p2a: Zapdos\n|\n|switch|p2a: Snorlax|Snorlax, F|76\/100|[from]move: Baton Pass\n|-damage|p2a: Snorlax|63\/100|[from] Spikes\n|move|p1a: Blissey|Ice Beam|p2a: Snorlax\n|-damage|p2a: Snorlax|49\/100\n|\n|-weather|Sandstorm|[upkeep]\n|-damage|p1a: Blissey|75\/100|[from] Sandstorm\n|-damage|p2a: Snorlax|43\/100|[from] Sandstorm\n|-heal|p1a: Blissey|82\/100|[from] item: Leftovers\n|-heal|p2a: Snorlax|49\/100|[from] item: Leftovers\n|upkeep\n|turn|16\n|j| breloom cm spam\n|\n|switch|p1a: Tyranitar|Tyranitar, F|100\/100 slp\n|switch|p2a: Swampert|Swampert, M|88\/100\n|-damage|p2a: Swampert|76\/100|[from] Spikes\n|\n|-weather|Sandstorm|[upkeep]\n|upkeep\n|turn|17\n|\n|switch|p1a: Zapdos|Zapdos|100\/100\n|move|p2a: Swampert|Substitute|p2a: Swampert\n|-start|p2a: Swampert|Substitute\n|-damage|p2a: Swampert|51\/100\n|\n|-weather|Sandstorm|[upkeep]\n|-damage|p1a: Zapdos|94\/100|[from] Sandstorm\n|-heal|p1a: Zapdos|100\/100|[from] item: Leftovers\n|upkeep\n|turn|18\n|\n|move|p1a: Zapdos|Drill Peck|p2a: Swampert\n|-end|p2a: Swampert|Substitute\n|move|p2a: Swampert|Substitute|p2a: Swampert\n|-start|p2a: Swampert|Substitute\n|-damage|p2a: Swampert|26\/100\n|\n|-weather|Sandstorm|[upkeep]\n|-damage|p1a: Zapdos|94\/100|[from] Sandstorm\n|-heal|p1a: Zapdos|100\/100|[from] item: Leftovers\n|upkeep\n|turn|19\n|\n|move|p1a: Zapdos|Drill Peck|p2a: Swampert\n|-end|p2a: Swampert|Substitute\n|move|p2a: Swampert|Substitute|p2a: Swampert\n|-start|p2a: Swampert|Substitute\n|-damage|p2a: Swampert|1\/100\n|\n|-weather|Sandstorm|[upkeep]\n|-damage|p1a: Zapdos|94\/100|[from] Sandstorm\n|-heal|p1a: Zapdos|100\/100|[from] item: Leftovers\n|-enditem|p2a: Swampert|Salac Berry|[eat]\n|-boost|p2a: Swampert|spe|1|[from] item: Salac Berry\n|upkeep\n|turn|20\n|\n|move|p2a: Swampert|Endeavor|p1a: Zapdos\n|-damage|p1a: Zapdos|1\/100\n|move|p1a: Zapdos|Drill Peck|p2a: Swampert\n|-end|p2a: Swampert|Substitute\n|\n|-weather|Sandstorm|[upkeep]\n|-damage|p1a: Zapdos|0 fnt|[from] Sandstorm\n|faint|p1a: Zapdos\n|upkeep\n|\n|switch|p1a: Blissey|Blissey, F|82\/100\n|turn|21\n|\n|move|p2a: Swampert|Endeavor|p1a: Blissey\n|-damage|p1a: Blissey|1\/100\n|move|p1a: Blissey|Ice Beam|p2a: Swampert\n|-damage|p2a: Swampert|0 fnt\n|faint|p2a: Swampert\n|\n|switch|p2a: Zapdos|Zapdos|63\/100\n|\n|-weather|Sandstorm|[upkeep]\n|-damage|p2a: Zapdos|57\/100|[from] Sandstorm\n|-damage|p1a: Blissey|0 fnt|[from] Sandstorm\n|faint|p1a: Blissey\n|-heal|p2a: Zapdos|63\/100|[from] item: Leftovers\n|upkeep\n|\n|switch|p1a: Gengar|Gengar, F|17\/100\n|turn|22\n|\n|move|p1a: Gengar|Ice Punch|p2a: Zapdos\n|-supereffective|p2a: Zapdos\n|-damage|p2a: Zapdos|0 fnt\n|faint|p2a: Zapdos\n|\n|switch|p2a: Metagross|Metagross|73\/100\n|-damage|p2a: Metagross|60\/100|[from] Spikes\n|\n|-weather|Sandstorm|[upkeep]\n|-damage|p1a: Gengar|11\/100|[from] Sandstorm\n|-heal|p1a: Gengar|17\/100|[from] item: Leftovers\n|upkeep\n|turn|23\n|\n|move|p2a: Metagross|Endure|p2a: Metagross\n|-singleturn|p2a: Metagross|move: Endure\n|move|p1a: Gengar|Fire Punch|p2a: Metagross\n|-supereffective|p2a: Metagross\n|-damage|p2a: Metagross|1\/100\n|\n|-weather|Sandstorm|[upkeep]\n|-damage|p1a: Gengar|11\/100|[from] Sandstorm\n|-heal|p1a: Gengar|17\/100|[from] item: Leftovers\n|-enditem|p2a: Metagross|Salac Berry|[eat]\n|-boost|p2a: Metagross|spe|1|[from] item: Salac Berry\n|upkeep\n|turn|24\n|\n|move|p2a: Metagross|Meteor Mash|p1a: Gengar\n|-damage|p1a: Gengar|0 fnt\n|faint|p1a: Gengar\n|\n|switch|p1a: Metagross|Metagross|100\/100\n|\n|-weather|Sandstorm|[upkeep]\n|upkeep\n|turn|25\n|j| I hate zoomers\n|\n|move|p2a: Metagross|Earthquake|p1a: Metagross\n|-supereffective|p1a: Metagross\n|-damage|p1a: Metagross|47\/100\n|move|p1a: Metagross|Agility|p1a: Metagross\n|-boost|p1a: Metagross|spe|2\n|\n|-weather|Sandstorm|[upkeep]\n|upkeep\n|turn|26\n|\n|move|p1a: Metagross|Earthquake|p2a: Metagross\n|-supereffective|p2a: Metagross\n|-damage|p2a: Metagross|0 fnt\n|faint|p2a: Metagross\n|\n|switch|p2a: Breloom|Breloom, M|40\/100\n|-damage|p2a: Breloom|28\/100|[from] Spikes\n|\n|-weather|Sandstorm|[upkeep]\n|-damage|p2a: Breloom|22\/100|[from] Sandstorm\n|-heal|p2a: Breloom|28\/100|[from] item: Leftovers\n|upkeep\n|turn|27\n|\n|move|p1a: Metagross|Meteor Mash|p2a: Breloom|[miss]\n|-miss|p1a: Metagross|p2a: Breloom\n|move|p2a: Breloom|Sky Uppercut|p1a: Metagross\n|-damage|p1a: Metagross|12\/100\n|\n|-weather|Sandstorm|[upkeep]\n|-damage|p2a: Breloom|22\/100|[from] Sandstorm\n|-heal|p2a: Breloom|28\/100|[from] item: Leftovers\n|upkeep\n|turn|28\n|\n|move|p2a: Breloom|Mach Punch|p1a: Metagross\n|-damage|p1a: Metagross|0 fnt\n|faint|p1a: Metagross\n|l|\u2606winter lanterns\n|player|p1|\n|inactive|Battle timer is ON: inactive players will automatically lose when time's up. (requested by Wam Bam Alakazam)\n|inactive|winter lanterns has 30 seconds to reconnect!\n|inactive|winter lanterns has 20 seconds to reconnect!\n|inactive|winter lanterns has 15 seconds to reconnect!\n|inactive|winter lanterns has 10 seconds to reconnect!\n|inactive|winter lanterns has 5 seconds to reconnect!\n|-message|winter lanterns lost due to inactivity.\n|\n|win|Wam Bam Alakazam\n|l|\u2606Wam Bam Alakazam\n","uploadtime":1589946149,"views":20,"p1id":"winterlanterns","p2id":"wambamalakazam","formatid":"gen3ou","rating":0,"private":0,"password":null}