{"id":"gen4ubers-1668716396","p1":"dd absol","p2":"ballout650","format":"gen4ubers","log":"|j|\u2606dd absol\n|j|\u2606ballout650\n|t:|1663657834\n|gametype|singles\n|player|p1|dd absol|acetrainerf|1350\n|player|p2|ballout650|dawn|1205\n|teamsize|p1|6\n|teamsize|p2|6\n|gen|4\n|tier|[Gen 4] Ubers\n|rated|\n|rule|Sleep Clause Mod: Limit one foe put to sleep\n|rule|Species Clause: Limit one of each Pok\u00e9mon\n|rule|OHKO Clause: OHKO moves are banned\n|rule|Evasion Items Clause: Evasion items are banned\n|rule|Evasion Moves Clause: Evasion moves are banned\n|rule|Endless Battle Clause: Forcing endless battles is banned\n|rule|HP Percentage Mod: HP is shown in percentages\n|\n|t:|1663657834\n|start\n|switch|p1a: phone dial|Dialga|100\/100\n|switch|p2a: Kyogre|Kyogre|100\/100\n|-weather|RainDance|[from] ability: Drizzle|[of] p2a: Kyogre\n|-ability|p1a: phone dial|Pressure\n|turn|1\n|inactive|Battle timer is ON: inactive players will automatically lose when time's up. (requested by ballout650)\n|\n|t:|1663657862\n|move|p2a: Kyogre|Water Spout|p1a: phone dial\n|-resisted|p1a: phone dial\n|-damage|p1a: phone dial|41\/100\n|move|p1a: phone dial|Stealth Rock|p2a: Kyogre\n|-sidestart|p2: ballout650|move: Stealth Rock\n|\n|-weather|RainDance|[upkeep]\n|upkeep\n|turn|2\n|\n|t:|1663657868\n|switch|p2a: Bronzong|Bronzong|100\/100\n|-damage|p2a: Bronzong|94\/100|[from] Stealth Rock\n|move|p1a: phone dial|Draco Meteor|p2a: Bronzong\n|-resisted|p2a: Bronzong\n|-damage|p2a: Bronzong|61\/100\n|-unboost|p1a: phone dial|spa|2\n|-damage|p1a: phone dial|31\/100|[from] item: Life Orb\n|\n|-weather|RainDance|[upkeep]\n|-heal|p2a: Bronzong|67\/100|[from] item: Leftovers\n|upkeep\n|turn|3\n|\n|t:|1663657882\n|switch|p1a: smooth sck|Darkrai|100\/100\n|move|p2a: Bronzong|Stealth Rock|p1a: smooth sck\n|-sidestart|p1: dd absol|move: Stealth Rock\n|\n|-weather|RainDance|[upkeep]\n|-heal|p2a: Bronzong|73\/100|[from] item: Leftovers\n|upkeep\n|turn|4\n|\n|t:|1663657893\n|move|p1a: smooth sck|Dark Void|p2a: Bronzong\n|-status|p2a: Bronzong|slp|[from] move: Dark Void\n|cant|p2a: Bronzong|slp\n|\n|-weather|RainDance|[upkeep]\n|-damage|p2a: Bronzong|61\/100 slp|[from] ability: Bad Dreams|[of] p1a: smooth sck\n|-heal|p2a: Bronzong|67\/100 slp|[from] item: Leftovers\n|upkeep\n|turn|5\n|\n|t:|1663657897\n|switch|p2a: Garchomp|Garchomp, M|100\/100\n|-damage|p2a: Garchomp|94\/100|[from] Stealth Rock\n|move|p1a: smooth sck|Dark Void|p2a: Garchomp\n|-message|Sleep Clause Mod activated.\n|\n|-weather|RainDance|[upkeep]\n|upkeep\n|turn|6\n|\n|t:|1663657906\n|move|p1a: smooth sck|Dark Pulse|p2a: Garchomp\n|-damage|p2a: Garchomp|46\/100\n|move|p2a: Garchomp|Substitute|p2a: Garchomp\n|-start|p2a: Garchomp|Substitute\n|-damage|p2a: Garchomp|21\/100\n|-enditem|p2a: Garchomp|Salac Berry|[eat]\n|-boost|p2a: Garchomp|spe|1|[from] item: Salac Berry\n|\n|-weather|RainDance|[upkeep]\n|upkeep\n|turn|7\n|\n|t:|1663657919\n|move|p2a: Garchomp|Swords Dance|p2a: Garchomp\n|-boost|p2a: Garchomp|atk|2\n|move|p1a: smooth sck|Dark Pulse|p2a: Garchomp\n|-end|p2a: Garchomp|Substitute\n|\n|-weather|RainDance|[upkeep]\n|upkeep\n|turn|8\n|\n|t:|1663657927\n|switch|p1a: phone dial|Dialga|31\/100\n|-damage|p1a: phone dial|25\/100|[from] Stealth Rock\n|-ability|p1a: phone dial|Pressure\n|move|p2a: Garchomp|Earthquake|p1a: phone dial\n|-supereffective|p1a: phone dial\n|-damage|p1a: phone dial|0 fnt\n|faint|p1a: phone dial\n|\n|-weather|RainDance|[upkeep]\n|upkeep\n|\n|t:|1663657937\n|switch|p1a: spooky scary|Giratina-Origin|100\/100\n|-damage|p1a: spooky scary|88\/100|[from] Stealth Rock\n|turn|9\n|\n|t:|1663657940\n|move|p1a: spooky scary|Shadow Sneak|p2a: Garchomp\n|-damage|p2a: Garchomp|3\/100\n|move|p2a: Garchomp|Dragon Claw|p1a: spooky scary\n|-supereffective|p1a: spooky scary\n|-crit|p1a: spooky scary\n|-damage|p1a: spooky scary|0 fnt\n|faint|p1a: spooky scary\n|\n|-weather|RainDance|[upkeep]\n|upkeep\n|\n|t:|1663657944\n|switch|p1a: sharp mf|Scizor, F|100\/100\n|-damage|p1a: sharp mf|88\/100|[from] Stealth Rock\n|turn|10\n|\n|t:|1663657946\n|move|p1a: sharp mf|Bullet Punch|p2a: Garchomp\n|-damage|p2a: Garchomp|0 fnt\n|faint|p2a: Garchomp\n|\n|-weather|RainDance|[upkeep]\n|upkeep\n|\n|t:|1663657949\n|switch|p2a: Kyogre|Kyogre|100\/100\n|-damage|p2a: Kyogre|88\/100|[from] Stealth Rock\n|turn|11\n|\n|t:|1663657954\n|switch|p1a: pal pad|Palkia|100\/100\n|-damage|p1a: pal pad|88\/100|[from] Stealth Rock\n|-ability|p1a: pal pad|Pressure\n|move|p2a: Kyogre|Thunder|p1a: pal pad\n|-damage|p1a: pal pad|49\/100\n|-status|p1a: pal pad|par\n|\n|-weather|RainDance|[upkeep]\n|upkeep\n|turn|12\n|\n|t:|1663657957\n|move|p2a: Kyogre|Thunder|p1a: pal pad\n|-damage|p1a: pal pad|5\/100 par\n|move|p1a: pal pad|Draco Meteor|p2a: Kyogre\n|-damage|p2a: Kyogre|27\/100\n|-unboost|p1a: pal pad|spa|2\n|\n|-weather|RainDance|[upkeep]\n|upkeep\n|turn|13\n|\n|t:|1663657961\n|move|p2a: Kyogre|Thunder|p1a: pal pad\n|-damage|p1a: pal pad|0 fnt\n|faint|p1a: pal pad\n|\n|-weather|RainDance|[upkeep]\n|upkeep\n|\n|t:|1663657964\n|switch|p1a: bad boi|Deoxys-Attack|100\/100\n|-damage|p1a: bad boi|88\/100|[from] Stealth Rock\n|-ability|p1a: bad boi|Pressure\n|turn|14\n|\n|t:|1663657975\n|switch|p2a: Rayquaza|Rayquaza|100\/100\n|-damage|p2a: Rayquaza|76\/100|[from] Stealth Rock\n|move|p1a: bad boi|Substitute|p1a: bad boi\n|-start|p1a: bad boi|Substitute\n|-damage|p1a: bad boi|63\/100\n|\n|-weather|RainDance|[upkeep]\n|upkeep\n|turn|15\n|\n|t:|1663657980\n|move|p2a: Rayquaza|Extreme Speed|p1a: bad boi\n|-end|p1a: bad boi|Substitute\n|move|p1a: bad boi|Ice Beam|p2a: Rayquaza\n|-supereffective|p2a: Rayquaza\n|-damage|p2a: Rayquaza|0 fnt\n|faint|p2a: Rayquaza\n|\n|-weather|RainDance|[upkeep]\n|upkeep\n|\n|t:|1663657989\n|switch|p2a: Latios|Latios, M|100\/100\n|-damage|p2a: Latios|88\/100|[from] Stealth Rock\n|turn|16\n|\n|t:|1663657995\n|switch|p1a: sharp mf|Scizor, F|88\/100\n|-damage|p1a: sharp mf|76\/100|[from] Stealth Rock\n|move|p2a: Latios|Dragon Pulse|p1a: sharp mf\n|-resisted|p1a: sharp mf\n|-damage|p1a: sharp mf|36\/100\n|\n|-weather|RainDance|[upkeep]\n|upkeep\n|turn|17\n|\n|t:|1663658004\n|switch|p2a: Dialga|Dialga|100\/100\n|-damage|p2a: Dialga|94\/100|[from] Stealth Rock\n|-ability|p2a: Dialga|Pressure\n|move|p1a: sharp mf|Bullet Punch|p2a: Dialga\n|-resisted|p2a: Dialga\n|-damage|p2a: Dialga|70\/100\n|\n|-weather|RainDance|[upkeep]\n|upkeep\n|turn|18\n|\n|t:|1663658011\n|move|p1a: sharp mf|Bullet Punch|p2a: Dialga\n|-resisted|p2a: Dialga\n|-damage|p2a: Dialga|46\/100\n|move|p2a: Dialga|Fire Blast|p1a: sharp mf\n|-supereffective|p1a: sharp mf\n|-damage|p1a: sharp mf|0 fnt\n|faint|p1a: sharp mf\n|\n|-weather|RainDance|[upkeep]\n|upkeep\n|\n|t:|1663658021\n|switch|p1a: bad boi|Deoxys-Attack|63\/100\n|-damage|p1a: bad boi|51\/100|[from] Stealth Rock\n|-ability|p1a: bad boi|Pressure\n|turn|19\n|\n|t:|1663658026\n|move|p1a: bad boi|Superpower|p2a: Dialga\n|-supereffective|p2a: Dialga\n|-damage|p2a: Dialga|0 fnt\n|-unboost|p1a: bad boi|atk|1\n|-unboost|p1a: bad boi|def|1\n|faint|p2a: Dialga\n|\n|-weather|RainDance|[upkeep]\n|upkeep\n|\n|t:|1663658033\n|switch|p2a: Latios|Latios, M|88\/100\n|-damage|p2a: Latios|76\/100|[from] Stealth Rock\n|turn|20\n|\n|t:|1663658036\n|move|p1a: bad boi|Ice Beam|p2a: Latios\n|-supereffective|p2a: Latios\n|-crit|p2a: Latios\n|-damage|p2a: Latios|0 fnt\n|faint|p2a: Latios\n|\n|-weather|RainDance|[upkeep]\n|upkeep\n|\n|t:|1663658041\n|switch|p2a: Bronzong|Bronzong|67\/100 slp\n|-damage|p2a: Bronzong|61\/100 slp|[from] Stealth Rock\n|turn|21\n|\n|t:|1663658046\n|move|p1a: bad boi|Superpower|p2a: Bronzong\n|-crit|p2a: Bronzong\n|-damage|p2a: Bronzong|0 fnt\n|-unboost|p1a: bad boi|atk|1\n|-unboost|p1a: bad boi|def|1\n|faint|p2a: Bronzong\n|\n|-weather|RainDance|[upkeep]\n|upkeep\n|\n|t:|1663658049\n|switch|p2a: Kyogre|Kyogre|27\/100\n|-damage|p2a: Kyogre|15\/100|[from] Stealth Rock\n|turn|22\n|\n|t:|1663658055\n|move|p2a: Kyogre|Surf|p1a: bad boi\n|-damage|p1a: bad boi|0 fnt\n|faint|p1a: bad boi\n|\n|-weather|RainDance|[upkeep]\n|upkeep\n|\n|t:|1663658058\n|switch|p1a: smooth sck|Darkrai|100\/100\n|-damage|p1a: smooth sck|88\/100|[from] Stealth Rock\n|turn|23\n|\n|t:|1663658061\n|move|p2a: Kyogre|Surf|p1a: smooth sck\n|-damage|p1a: smooth sck|0 fnt\n|faint|p1a: smooth sck\n|\n|win|ballout650\n|raw|dd absol's rating: 1350 &rarr; <strong>1322<\/strong><br \/>(-28 for losing)\n|raw|ballout650's rating: 1205 &rarr; <strong>1240<\/strong><br \/>(+35 for winning)\n","uploadtime":1663658065,"views":11,"p1id":"ddabsol","p2id":"ballout650","formatid":"gen4ubers","rating":1240,"private":0,"password":null}