{"id":"gen4ubers-1650176105","p1":"SkullCrushingFlail","p2":"alvar03","format":"gen4ubers","log":"|j|\u203dSkullCrushingFlail\n|j|\u2606alvar03\n|t:|1661684711\n|gametype|singles\n|player|p1|SkullCrushingFlail|cynthia-masters|\n|player|p2|alvar03|alder|\n|teamsize|p1|6\n|teamsize|p2|6\n|gen|4\n|tier|[Gen 4] Ubers\n|rated|Tournament battle\n|rule|Sleep Clause Mod: Limit one foe put to sleep\n|rule|Species Clause: Limit one of each Pok\u00e9mon\n|rule|OHKO Clause: OHKO moves are banned\n|rule|Evasion Items Clause: Evasion items are banned\n|rule|Evasion Moves Clause: Evasion moves are banned\n|rule|Endless Battle Clause: Forcing endless battles is banned\n|rule|HP Percentage Mod: HP is shown in percentages\n|\n|t:|1661684711\n|start\n|switch|p1a: Rayquaza|Rayquaza|100\/100\n|switch|p2a: Tentacruel|Tentacruel, M|100\/100\n|turn|1\n|j| BB-8-NU\n|j| Cry$ta1\n|j| Paper_M\n|\n|t:|1661684729\n|move|p2a: Tentacruel|Icy Wind|p1a: Rayquaza\n|-supereffective|p1a: Rayquaza\n|-damage|p1a: Rayquaza|37\/100\n|-unboost|p1a: Rayquaza|spe|1\n|move|p1a: Rayquaza|Earthquake|p2a: Tentacruel\n|-supereffective|p2a: Tentacruel\n|-damage|p2a: Tentacruel|5\/100\n|\n|upkeep\n|turn|2\n|\n|t:|1661684734\n|move|p1a: Rayquaza|Extreme Speed|p2a: Tentacruel\n|-damage|p2a: Tentacruel|0 fnt\n|faint|p2a: Tentacruel\n|\n|upkeep\n|\n|t:|1661684738\n|switch|p2a: Palkia|Palkia|100\/100\n|-ability|p2a: Palkia|Pressure\n|turn|3\n|\n|t:|1661684740\n|move|p1a: Rayquaza|Extreme Speed|p2a: Palkia\n|-damage|p2a: Palkia|72\/100\n|move|p2a: Palkia|Spacial Rend|p1a: Rayquaza\n|-supereffective|p1a: Rayquaza\n|-damage|p1a: Rayquaza|0 fnt\n|faint|p1a: Rayquaza\n|\n|-heal|p2a: Palkia|78\/100|[from] item: Leftovers\n|upkeep\n|inactive|Battle timer is ON: inactive players will automatically lose when time's up. (requested by alvar03)\n|\n|t:|1661684745\n|switch|p1a: Dialga|Dialga|100\/100\n|-ability|p1a: Dialga|Pressure\n|turn|4\n|j| shrang\n|\n|t:|1661684747\n|switch|p2a: Bronzong|Bronzong|100\/100\n|move|p1a: Dialga|Stealth Rock|p2a: Bronzong\n|-sidestart|p2: alvar03|move: Stealth Rock\n|\n|upkeep\n|turn|5\n|\n|t:|1661684750\n|move|p1a: Dialga|Fire Blast|p2a: Bronzong\n|-supereffective|p2a: Bronzong\n|-damage|p2a: Bronzong|44\/100\n|-status|p2a: Bronzong|brn\n|move|p2a: Bronzong|Stealth Rock|p1a: Dialga\n|-sidestart|p1: SkullCrushingFlail|move: Stealth Rock\n|\n|-heal|p2a: Bronzong|50\/100 brn|[from] item: Leftovers\n|-damage|p2a: Bronzong|38\/100 brn|[from] brn\n|upkeep\n|turn|6\n|j| Skipper19\n|\n|t:|1661684753\n|move|p1a: Dialga|Fire Blast|p2a: Bronzong\n|-supereffective|p2a: Bronzong\n|-damage|p2a: Bronzong|0 fnt\n|faint|p2a: Bronzong\n|\n|upkeep\n|l| Skipper19\n|j| Skipper19\n|l| Skipper19\n|\n|t:|1661684768\n|switch|p2a: Palkia|Palkia|78\/100\n|-damage|p2a: Palkia|66\/100|[from] Stealth Rock\n|-ability|p2a: Palkia|Pressure\n|turn|7\n|\n|t:|1661684771\n|move|p2a: Palkia|Substitute|p2a: Palkia\n|-start|p2a: Palkia|Substitute\n|-damage|p2a: Palkia|41\/100\n|move|p1a: Dialga|Draco Meteor|p2a: Palkia\n|-supereffective|p2a: Palkia\n|-end|p2a: Palkia|Substitute\n|-unboost|p1a: Dialga|spa|2\n|\n|-heal|p2a: Palkia|47\/100|[from] item: Leftovers\n|upkeep\n|turn|8\n|\n|t:|1661684774\n|move|p2a: Palkia|Protect|p2a: Palkia\n|-singleturn|p2a: Palkia|Protect\n|move|p1a: Dialga|Roar|p2a: Palkia\n|-activate|p2a: Palkia|Protect\n|\n|-heal|p2a: Palkia|53\/100|[from] item: Leftovers\n|upkeep\n|turn|9\n|\n|t:|1661684777\n|move|p2a: Palkia|Substitute|p2a: Palkia\n|-start|p2a: Palkia|Substitute\n|-damage|p2a: Palkia|29\/100\n|move|p1a: Dialga|Roar|p2a: Palkia\n|drag|p2a: Groudon|Groudon|100\/100\n|-damage|p2a: Groudon|94\/100|[from] Stealth Rock\n|-weather|SunnyDay|[from] ability: Drought|[of] p2a: Groudon\n|\n|-weather|SunnyDay|[upkeep]\n|upkeep\n|turn|10\n|\n|t:|1661684781\n|switch|p1a: Latias|Latias, F|100\/100\n|-damage|p1a: Latias|88\/100|[from] Stealth Rock\n|move|p2a: Groudon|Earthquake|p1a: Latias\n|-immune|p1a: Latias|[from] ability: Levitate\n|\n|-weather|SunnyDay|[upkeep]\n|upkeep\n|turn|11\n|\n|t:|1661684784\n|switch|p2a: Magnezone|Magnezone|100\/100\n|-damage|p2a: Magnezone|94\/100|[from] Stealth Rock\n|move|p1a: Latias|Dragon Pulse|p2a: Magnezone\n|-resisted|p2a: Magnezone\n|-damage|p2a: Magnezone|58\/100\n|\n|-weather|SunnyDay|[upkeep]\n|upkeep\n|turn|12\n|\n|t:|1661684788\n|switch|p1a: Magnezone|Magnezone|100\/100\n|-damage|p1a: Magnezone|94\/100|[from] Stealth Rock\n|move|p2a: Magnezone|Explosion|p1a: Magnezone\n|-resisted|p1a: Magnezone\n|-damage|p1a: Magnezone|46\/100\n|faint|p2a: Magnezone\n|\n|-weather|SunnyDay|[upkeep]\n|upkeep\n|\n|t:|1661684793\n|switch|p2a: Groudon|Groudon|94\/100\n|-damage|p2a: Groudon|88\/100|[from] Stealth Rock\n|turn|13\n|\n|t:|1661684796\n|move|p2a: Groudon|Earthquake|p1a: Magnezone\n|-supereffective|p1a: Magnezone\n|-damage|p1a: Magnezone|0 fnt\n|faint|p1a: Magnezone\n|\n|-weather|SunnyDay|[upkeep]\n|upkeep\n|\n|t:|1661684798\n|switch|p1a: Latias|Latias, F|88\/100\n|-damage|p1a: Latias|76\/100|[from] Stealth Rock\n|turn|14\n|\n|t:|1661684800\n|switch|p2a: Palkia|Palkia|29\/100\n|-damage|p2a: Palkia|16\/100|[from] Stealth Rock\n|-ability|p2a: Palkia|Pressure\n|move|p1a: Latias|Dragon Pulse|p2a: Palkia\n|-supereffective|p2a: Palkia\n|-damage|p2a: Palkia|0 fnt\n|faint|p2a: Palkia\n|\n|-weather|SunnyDay|[upkeep]\n|upkeep\n|\n|t:|1661684802\n|switch|p2a: Dialga|Dialga|100\/100\n|-damage|p2a: Dialga|94\/100|[from] Stealth Rock\n|-ability|p2a: Dialga|Pressure\n|turn|15\n|\n|t:|1661684806\n|switch|p1a: Scizor|Scizor, F|100\/100\n|-damage|p1a: Scizor|88\/100|[from] Stealth Rock\n|move|p2a: Dialga|Trick Room|p2a: Dialga\n|-fieldstart|move: Trick Room|[of] p2a: Dialga\n|\n|-weather|SunnyDay|[upkeep]\n|-heal|p1a: Scizor|94\/100|[from] item: Leftovers\n|upkeep\n|turn|16\n|\n|t:|1661684811\n|move|p1a: Scizor|Superpower|p2a: Dialga\n|-supereffective|p2a: Dialga\n|-enditem|p2a: Dialga|Chople Berry|[eat]\n|-enditem|p2a: Dialga|Chople Berry|[weaken]\n|-damage|p2a: Dialga|63\/100\n|-unboost|p1a: Scizor|atk|1\n|-unboost|p1a: Scizor|def|1\n|move|p2a: Dialga|Draco Meteor|p1a: Scizor\n|-resisted|p1a: Scizor\n|-damage|p1a: Scizor|49\/100\n|-unboost|p2a: Dialga|spa|2\n|\n|-weather|SunnyDay|[upkeep]\n|-heal|p1a: Scizor|55\/100|[from] item: Leftovers\n|upkeep\n|turn|17\n|\n|t:|1661684817\n|move|p2a: Dialga|Brick Break|p1a: Scizor\n|-damage|p1a: Scizor|13\/100\n|move|p1a: Scizor|Roost|p1a: Scizor\n|-heal|p1a: Scizor|63\/100\n|-singleturn|p1a: Scizor|move: Roost\n|\n|-weather|SunnyDay|[upkeep]\n|-heal|p1a: Scizor|69\/100|[from] item: Leftovers\n|upkeep\n|turn|18\n|\n|t:|1661684820\n|move|p2a: Dialga|Brick Break|p1a: Scizor\n|-damage|p1a: Scizor|32\/100\n|move|p1a: Scizor|Roost|p1a: Scizor\n|-heal|p1a: Scizor|81\/100\n|-singleturn|p1a: Scizor|move: Roost\n|\n|-weather|SunnyDay|[upkeep]\n|-heal|p1a: Scizor|88\/100|[from] item: Leftovers\n|upkeep\n|turn|19\n|\n|t:|1661684824\n|move|p1a: Scizor|Superpower|p2a: Dialga\n|-supereffective|p2a: Dialga\n|-damage|p2a: Dialga|15\/100\n|-unboost|p1a: Scizor|atk|1\n|-unboost|p1a: Scizor|def|1\n|move|p2a: Dialga|Brick Break|p1a: Scizor\n|-damage|p1a: Scizor|40\/100\n|\n|-weather|SunnyDay|[upkeep]\n|-heal|p1a: Scizor|46\/100|[from] item: Leftovers\n|-fieldend|move: Trick Room\n|upkeep\n|turn|20\n|\n|t:|1661684828\n|move|p2a: Dialga|Outrage|p1a: Scizor\n|-resisted|p1a: Scizor\n|-damage|p1a: Scizor|0 fnt\n|faint|p1a: Scizor\n|\n|-weather|SunnyDay|[upkeep]\n|upkeep\n|\n|t:|1661684834\n|switch|p1a: Latias|Latias, F|76\/100\n|-damage|p1a: Latias|63\/100|[from] Stealth Rock\n|turn|21\n|l| Cry$ta1\n|\n|t:|1661684836\n|move|p1a: Latias|Dragon Pulse|p2a: Dialga\n|-damage|p2a: Dialga|0 fnt\n|faint|p2a: Dialga\n|\n|-weather|SunnyDay|[upkeep]\n|upkeep\n|\n|t:|1661684837\n|switch|p2a: Groudon|Groudon|88\/100\n|-damage|p2a: Groudon|82\/100|[from] Stealth Rock\n|turn|22\n|\n|t:|1661684839\n|move|p1a: Latias|Dragon Pulse|p2a: Groudon\n|-damage|p2a: Groudon|18\/100\n|move|p2a: Groudon|Rock Polish|p2a: Groudon\n|-boost|p2a: Groudon|spe|2\n|\n|-weather|SunnyDay|[upkeep]\n|upkeep\n|turn|23\n|\n|t:|1661684843\n|move|p2a: Groudon|Dragon Claw|p1a: Latias\n|-supereffective|p1a: Latias\n|-damage|p1a: Latias|0 fnt\n|faint|p1a: Latias\n|\n|-weather|SunnyDay|[upkeep]\n|upkeep\n|\n|t:|1661684845\n|switch|p1a: Garchomp|Garchomp, F|100\/100\n|-damage|p1a: Garchomp|94\/100|[from] Stealth Rock\n|turn|24\n|\n|t:|1661684847\n|move|p2a: Groudon|Earthquake|p1a: Garchomp\n|-damage|p1a: Garchomp|36\/100\n|move|p1a: Garchomp|Earthquake|p2a: Groudon\n|-damage|p2a: Groudon|0 fnt\n|faint|p2a: Groudon\n|\n|win|SkullCrushingFlail\n|n|\u203dSkullCrushingFlail|skullcrushingflail\n|n|\u2606alvar03|alvar03\n|n| BB-8-NU|bb8nu\n|n| Paper_M|paperm\n|n| shrang|shrang\n|c|\u2606alvar03|gg\n","uploadtime":1661684849,"views":9,"p1id":"skullcrushingflail","p2id":"alvar03","formatid":"gen4ubers","rating":0,"private":0,"password":null}