{"id":"gen4ubers-1623171600","p1":"steel skitty","p2":"Skysolo \u2764","format":"gen4ubers","log":"|j|\u2606steel skitty\n|j|\u2606Skysolo \u2764\n|t:|1658533620\n|gametype|singles\n|player|p1|steel skitty|#steelskitty|\n|player|p2|Skysolo \u2764|#pspl2019ubers|\n|teamsize|p1|6\n|teamsize|p2|6\n|gen|4\n|tier|[Gen 4] Ubers\n|rule|Sleep Clause Mod: Limit one foe put to sleep\n|rule|Species Clause: Limit one of each Pok\u00e9mon\n|rule|OHKO Clause: OHKO moves are banned\n|rule|Evasion Moves Clause: Evasion moves are banned\n|rule|Endless Battle Clause: Forcing endless battles is banned\n|rule|HP Percentage Mod: HP is shown in percentages\n|\n|t:|1658533620\n|start\n|switch|p1a: Dialga|Dialga|100\/100\n|switch|p2a: Netero|Azelf|100\/100\n|-ability|p1a: Dialga|Pressure\n|turn|1\n|inactive|Battle timer is ON: inactive players will automatically lose when time's up. (requested by steel skitty)\n|j| GHOSTOURGODSITUM\n|j| Lasen\n|j| Aurora\n|j| A Real Jester\n|j| Sekiro\n|j| Larrix\n|c| Larrix|HxH\n|c| Larrix|Damn\n|c| Larrix|We just lose\n|j| ICVR\n|inactive|Skysolo \u2764 has 270 seconds left.\n|c| Lasen|https:\/\/www.youtube.com\/watch?v=6FhmyWT-_0U\n|\n|t:|1658533663\n|move|p2a: Netero|Stealth Rock|p1a: Dialga\n|-sidestart|p1: steel skitty|move: Stealth Rock\n|move|p1a: Dialga|Draco Meteor|p2a: Netero\n|-damage|p2a: Netero|1\/100\n|-unboost|p1a: Dialga|spa|2\n|-enditem|p2a: Netero|Focus Sash\n|\n|upkeep\n|turn|2\n|j| deptford\n|j| FrostedC\n|c| Lasen|this is me\n|c| Lasen|when this team\n|c| Lasen|is loaded\n|\n|t:|1658533692\n|move|p2a: Netero|Explosion|p1a: Dialga\n|-resisted|p1a: Dialga\n|-damage|p1a: Dialga|34\/100\n|faint|p2a: Netero\n|move|p1a: Dialga|Draco Meteor|p2: Netero|[notarget]\n|-notarget|p1a: Dialga\n|\n|upkeep\n|j|+edgar\n|inactive|Skysolo \u2764 has 270 seconds left.\n|c|+edgar|El Strappo\n|c| Lasen|edgar\n|c| Lasen|are you ready\n|c| Larrix|Yes Edgar\n|c| Larrix|Are you\n|c|+edgar|No_No\n|c|\u2606steel skitty|yea edgar\n|c|\u2606steel skitty|are you\n|\n|t:|1658533746\n|switch|p2a: Cresselia|Cresselia, F|100\/100\n|turn|3\n|\n|t:|1658533754\n|switch|p1a: Forretress|Forretress, M, shiny|100\/100\n|-damage|p1a: Forretress|88\/100|[from] Stealth Rock\n|move|p2a: Cresselia|Light Screen|p2a: Cresselia\n|-sidestart|p2: Skysolo \u2764|Light Screen\n|\n|-heal|p1a: Forretress|94\/100|[from] item: Leftovers\n|upkeep\n|turn|4\n|\n|t:|1658533767\n|move|p2a: Cresselia|Thunder Wave|p1a: Forretress\n|-status|p1a: Forretress|par\n|move|p1a: Forretress|Toxic Spikes|p2a: Cresselia\n|-sidestart|p2: Skysolo \u2764|move: Toxic Spikes\n|\n|-heal|p1a: Forretress|100\/100 par|[from] item: Leftovers\n|upkeep\n|turn|5\n|c|+edgar|counterteaming ass team from jackie\n|\n|t:|1658533775\n|switch|p2a: Drapion|Drapion, F|100\/100\n|-sideend|p2: Skysolo \u2764|move: Toxic Spikes|[of] p2a: Drapion\n|move|p1a: Forretress|Rapid Spin|p2a: Drapion\n|-damage|p2a: Drapion|97\/100\n|-sideend|p1: steel skitty|Stealth Rock|[from] move: Rapid Spin|[of] p1a: Forretress\n|\n|upkeep\n|turn|6\n|c|+edgar|interesting choice\n|c| Lasen|it gets worse.\n|c|\u2606steel skitty|is this a situm team\n|c| GHOSTOURGODSITUM|maybe\n|c| Lasen|yes\n|c| GHOSTOURGODSITUM|who knows\n|c|+edgar|also\n|inactive|steel skitty has 270 seconds left.\n|c|+edgar|im currently kinda drunk\n|\n|t:|1658533812\n|move|p2a: Drapion|Substitute|p2a: Drapion\n|-start|p2a: Drapion|Substitute\n|-damage|p2a: Drapion|72\/100\n|move|p1a: Forretress|Gyro Ball|p2a: Drapion\n|-end|p2a: Drapion|Substitute\n|\n|upkeep\n|turn|7\n|j| Flapsman\n|c|+edgar|a shame i cannot join call\n|\n|t:|1658533821\n|move|p2a: Drapion|Confuse Ray|p1a: Forretress\n|-start|p1a: Forretress|confusion\n|-activate|p1a: Forretress|confusion\n|-damage|p1a: Forretress|95\/100 par|[from] confusion\n|\n|-heal|p1a: Forretress|100\/100 par|[from] item: Leftovers\n|upkeep\n|turn|8\n|c|\u2606steel skitty|fuck u situm\n|c|+edgar|woah\n|\n|t:|1658533831\n|move|p2a: Drapion|Substitute|p2a: Drapion\n|-start|p2a: Drapion|Substitute\n|-damage|p2a: Drapion|47\/100\n|-end|p1a: Forretress|confusion\n|move|p1a: Forretress|Gyro Ball|p2a: Drapion\n|-end|p2a: Drapion|Substitute\n|\n|upkeep\n|turn|9\n|l| Flapsman\n|c|+edgar|yeah\n|c|+edgar|gyro????????\n|\n|t:|1658533843\n|move|p2a: Drapion|Confuse Ray|p1a: Forretress\n|-start|p1a: Forretress|confusion\n|-activate|p1a: Forretress|confusion\n|-damage|p1a: Forretress|95\/100 par|[from] confusion\n|\n|-heal|p1a: Forretress|100\/100 par|[from] item: Leftovers\n|upkeep\n|turn|10\n|\n|t:|1658533852\n|move|p2a: Drapion|Acupressure|p2a: Drapion\n|-boost|p2a: Drapion|def|2\n|-activate|p1a: Forretress|confusion\n|move|p1a: Forretress|Gyro Ball|p2a: Drapion\n|-damage|p2a: Drapion|27\/100\n|\n|-sideend|p2: Skysolo \u2764|Light Screen\n|upkeep\n|turn|11\n|c|\u2606steel skitty|no.\n|c|+edgar|20\n|c|\u2606steel skitty|no no no no no\n|c|+edgar|good night\n|c| Lasen|why are you\n|c| Lasen|never\n|c| Lasen|missing\n|c| Lasen|or getting hit\n|c|+edgar|that's doing not type of dmg\n|c| Lasen|by yourself\n|\n|t:|1658533881\n|switch|p1a: Blissey|Blissey, F|100\/100\n|move|p2a: Drapion|Substitute|p2a: Drapion\n|-start|p2a: Drapion|Substitute\n|-damage|p2a: Drapion|2\/100\n|\n|upkeep\n|turn|12\n|\n|t:|1658533892\n|move|p2a: Drapion|Confuse Ray|p1a: Blissey\n|-start|p1a: Blissey|confusion\n|-activate|p1a: Blissey|confusion\n|move|p1a: Blissey|Seismic Toss|p2a: Drapion\n|-end|p2a: Drapion|Substitute\n|\n|upkeep\n|turn|13\n|\n|t:|1658533902\n|move|p2a: Drapion|Acupressure|p2a: Drapion\n|-boost|p2a: Drapion|accuracy|2\n|-end|p1a: Blissey|confusion\n|move|p1a: Blissey|Stealth Rock|p2a: Drapion\n|-sidestart|p2: Skysolo \u2764|move: Stealth Rock\n|\n|upkeep\n|turn|14\n|c|+edgar|._.\n|\n|t:|1658533910\n|move|p2a: Drapion|Confuse Ray|p1a: Blissey\n|-start|p1a: Blissey|confusion\n|-activate|p1a: Blissey|confusion\n|-damage|p1a: Blissey|99\/100|[from] confusion\n|\n|-heal|p1a: Blissey|100\/100|[from] item: Leftovers\n|upkeep\n|turn|15\n|\n|t:|1658533914\n|move|p2a: Drapion|Acupressure|p2a: Drapion\n|-boost|p2a: Drapion|accuracy|2\n|-activate|p1a: Blissey|confusion\n|-damage|p1a: Blissey|99\/100|[from] confusion\n|\n|-heal|p1a: Blissey|100\/100|[from] item: Leftovers\n|upkeep\n|turn|16\n|\n|t:|1658533925\n|switch|p1a: Forretress|Forretress, M, shiny|100\/100 par\n|move|p2a: Drapion|Acupressure|p2a: Drapion\n|-boost|p2a: Drapion|accuracy|2\n|\n|upkeep\n|turn|17\n|\n|t:|1658533929\n|move|p2a: Drapion|Confuse Ray|p1a: Forretress\n|-start|p1a: Forretress|confusion\n|-activate|p1a: Forretress|confusion\n|-damage|p1a: Forretress|95\/100 par|[from] confusion\n|\n|-heal|p1a: Forretress|100\/100 par|[from] item: Leftovers\n|upkeep\n|turn|18\n|\n|t:|1658533933\n|move|p2a: Drapion|Acupressure|p2a: Drapion\n|-boost|p2a: Drapion|evasion|2\n|-activate|p1a: Forretress|confusion\n|move|p1a: Forretress|Spikes|p2a: Drapion\n|-sidestart|p2: Skysolo \u2764|Spikes\n|\n|upkeep\n|turn|19\n|\n|t:|1658533936\n|move|p2a: Drapion|Acupressure|p2a: Drapion\n|-boost|p2a: Drapion|evasion|2\n|-end|p1a: Forretress|confusion\n|cant|p1a: Forretress|par\n|\n|upkeep\n|turn|20\n|\n|t:|1658533941\n|move|p2a: Drapion|Confuse Ray|p1a: Forretress\n|-start|p1a: Forretress|confusion\n|-activate|p1a: Forretress|confusion\n|-damage|p1a: Forretress|96\/100 par|[from] confusion\n|\n|-heal|p1a: Forretress|100\/100 par|[from] item: Leftovers\n|upkeep\n|turn|21\n|\n|t:|1658533944\n|move|p2a: Drapion|Acupressure|p2a: Drapion\n|-boost|p2a: Drapion|atk|2\n|-activate|p1a: Forretress|confusion\n|-damage|p1a: Forretress|96\/100 par|[from] confusion\n|\n|-heal|p1a: Forretress|100\/100 par|[from] item: Leftovers\n|upkeep\n|turn|22\n|c|+edgar|gg\n|\n|t:|1658533949\n|move|p2a: Drapion|Acupressure|p2a: Drapion\n|-boost|p2a: Drapion|spa|2\n|-end|p1a: Forretress|confusion\n|move|p1a: Forretress|Spikes|p2a: Drapion\n|-sidestart|p2: Skysolo \u2764|Spikes\n|\n|upkeep\n|turn|23\n|\n|t:|1658533955\n|move|p2a: Drapion|Confuse Ray|p1a: Forretress\n|-start|p1a: Forretress|confusion\n|-activate|p1a: Forretress|confusion\n|cant|p1a: Forretress|par\n|\n|upkeep\n|turn|24\n|\n|t:|1658533956\n|move|p2a: Drapion|Acupressure|p2a: Drapion\n|-boost|p2a: Drapion|spe|2\n|-activate|p1a: Forretress|confusion\n|move|p1a: Forretress|Spikes|p2a: Drapion\n|-sidestart|p2: Skysolo \u2764|Spikes\n|\n|upkeep\n|turn|25\n|\n|t:|1658533963\n|switch|p1a: Jirachi|Jirachi|100\/100\n|move|p2a: Drapion|Acupressure|p2a: Drapion\n|-boost|p2a: Drapion|def|2\n|\n|upkeep\n|turn|26\n|c| Sekiro|when you switch out to the para'd mon for greed\n|\n|t:|1658533969\n|move|p2a: Drapion|Confuse Ray|p1a: Jirachi\n|-start|p1a: Jirachi|confusion\n|-activate|p1a: Jirachi|confusion\n|move|p1a: Jirachi|Iron Head|p2a: Drapion\n|-damage|p2a: Drapion|0 fnt\n|faint|p2a: Drapion\n|\n|upkeep\n|c|\u2606Skysolo \u2764|ljdsjlhavdsv\n|c|\u2606Skysolo \u2764|fvsbfs\n|c|\u2606Skysolo \u2764|;'pdgfk\n|c|\u2606Skysolo \u2764|';dg\n|c|\u2606Skysolo \u2764|lbn\n|c|\u2606Skysolo \u2764|gd;\n|c|\u2606Skysolo \u2764|nl;g\n|c|\u2606Skysolo \u2764|fln\n|c| GHOSTOURGODSITUM|GFSHDGJTHKFDJRBYERUKT\n|c|\u2606Skysolo \u2764|lng\n|c| GHOSTOURGODSITUM|TR\u00b5GUH8\u00b5JY\n|c|\u2606Skysolo \u2764|fgln\n|c|\u2606Skysolo \u2764|f;lkynm\n|c|\u2606Skysolo \u2764|;kn\n|c| GHOSTOURGODSITUM|8J\n|c|\u2606Skysolo \u2764|yr\n|c|\u2606Skysolo \u2764|ny\n|c| GHOSTOURGODSITUM|T\n|c|+edgar|mhm\n|c|\u2606Skysolo \u2764|fnl;nt;ry\n|c|\u2606Skysolo \u2764|;yrn,\n|c| GHOSTOURGODSITUM|HTU\n|c|\u2606Skysolo \u2764|ry\n|c| Lasen|you guys are so bad\n|c| GHOSTOURGODSITUM|RTYJ\n|c|\u2606Skysolo \u2764|nry;kryn\n|c|\u2606Skysolo \u2764|yy\n|c| GHOSTOURGODSITUM|696\n|c|\u2606Skysolo \u2764|nyn\n|c| Sekiro|nvm\n|c| GHOSTOURGODSITUM|OP\n|c|\u2606Skysolo \u2764|r,yn,y\n|c|\u2606Skysolo \u2764|yn,\n|c| GHOSTOURGODSITUM|9\n|c|\u2606Skysolo \u2764|;,ny,yrn,\n|c| ICVR|nooooooooo\n|c|\u2606Skysolo \u2764|ynr\n|c|\u2606Skysolo \u2764|;n\n|c|\u2606Skysolo \u2764|ynryn\n|c|\u2606Skysolo \u2764|,n\n|c| Larrix|LMAO\n|c| Lasen|20% chance\n|c| Lasen|to hit\n|c| Lasen|any move\n|c|\u2606steel skitty|what was draps last move\n|c| Lasen|any 100% accurate move\n|inactive|Skysolo \u2764 has 270 seconds left.\n|c| Lasen|your mum\n|c|\u2606steel skitty|thats not a move\n|c| Lasen|is our last move\n|l|+edgar\n|\n|t:|1658534010\n|switch|p2a: Cresselia|Cresselia, F|100\/100\n|-damage|p2a: Cresselia|88\/100|[from] Stealth Rock\n|turn|27\n|\n|t:|1658534019\n|switch|p1a: Forretress|Forretress, M, shiny|100\/100 par\n|move|p2a: Cresselia|Thunder Wave|p1a: Forretress\n|-fail|p1a: Forretress|par\n|\n|upkeep\n|turn|28\n|\n|t:|1658534024\n|move|p2a: Cresselia|Reflect|p2a: Cresselia\n|-sidestart|p2: Skysolo \u2764|Reflect\n|move|p1a: Forretress|Toxic Spikes|p2a: Cresselia\n|-sidestart|p2: Skysolo \u2764|move: Toxic Spikes\n|\n|upkeep\n|turn|29\n|\n|t:|1658534035\n|move|p2a: Cresselia|Lunar Dance|p2a: Cresselia\n|faint|p2a: Cresselia\n|\n|t:|1658534043\n|switch|p2a: Vigoroth|Vigoroth, M|100\/100\n|-damage|p2a: Vigoroth|88\/100|[from] Stealth Rock\n|-damage|p2a: Vigoroth|63\/100|[from] Spikes\n|-status|p2a: Vigoroth|psn\n|-heal|p2a: Vigoroth|100\/100|[from] move: Lunar Dance\n|cant|p1a: Forretress|par\n|\n|upkeep\n|turn|30\n|\n|t:|1658534052\n|switch|p1a: Dialga|Dialga|34\/100\n|-ability|p1a: Dialga|Pressure\n|move|p2a: Vigoroth|Bulk Up|p2a: Vigoroth\n|-boost|p2a: Vigoroth|atk|1\n|-boost|p2a: Vigoroth|def|1\n|\n|upkeep\n|turn|31\n|\n|t:|1658534074\n|move|p1a: Dialga|Aura Sphere|p2a: Vigoroth\n|-supereffective|p2a: Vigoroth\n|-damage|p2a: Vigoroth|7\/100\n|move|p2a: Vigoroth|Yawn|p1a: Dialga\n|-start|p1a: Dialga|move: Yawn|[of] p2a: Vigoroth\n|\n|upkeep\n|turn|32\n|c|\u2606steel skitty|WHAT.\n|\n|t:|1658534083\n|switch|p1a: Jirachi|Jirachi|100\/100\n|move|p2a: Vigoroth|Slack Off|p2a: Vigoroth\n|-heal|p2a: Vigoroth|57\/100\n|\n|upkeep\n|turn|33\n|\n|t:|1658534106\n|move|p1a: Jirachi|Trick|p2a: Vigoroth\n|-activate|p1a: Jirachi|move: Trick|[of] p2a: Vigoroth\n|-item|p2a: Vigoroth|Choice Scarf|[from] move: Trick\n|-item|p1a: Jirachi|Bright Powder|[from] move: Trick\n|move|p2a: Vigoroth|Yawn|p1a: Jirachi\n|-start|p1a: Jirachi|move: Yawn|[of] p2a: Vigoroth\n|\n|upkeep\n|turn|34\n|\n|t:|1658534110\n|move|p1a: Jirachi|U-turn|p2a: Vigoroth\n|-damage|p2a: Vigoroth|49\/100\n|\n|t:|1658534116\n|switch|p1a: Giratina|Giratina-Origin, shiny|100\/100|[from]move: U-turn\n|move|p2a: Vigoroth|Yawn|p1a: Giratina\n|-start|p1a: Giratina|move: Yawn|[of] p2a: Vigoroth\n|\n|upkeep\n|turn|35\n|\n|t:|1658534121\n|switch|p1a: Forretress|Forretress, M, shiny|100\/100 par\n|move|p2a: Vigoroth|Yawn||[still]\n|-fail|p2a: Vigoroth\n|\n|-sideend|p2: Skysolo \u2764|Reflect\n|upkeep\n|turn|36\n|\n|t:|1658534126\n|move|p2a: Vigoroth|Yawn||[still]\n|-fail|p2a: Vigoroth\n|move|p1a: Forretress|Toxic Spikes|p2a: Vigoroth\n|-sidestart|p2: Skysolo \u2764|move: Toxic Spikes\n|\n|upkeep\n|turn|37\n|\n|t:|1658534129\n|move|p2a: Vigoroth|Yawn||[still]\n|-fail|p2a: Vigoroth\n|move|p1a: Forretress|Rapid Spin|p2a: Vigoroth\n|-damage|p2a: Vigoroth|46\/100\n|\n|upkeep\n|turn|38\n|\n|t:|1658534133\n|move|p2a: Vigoroth|Yawn||[still]\n|-fail|p2a: Vigoroth\n|move|p1a: Forretress|Rapid Spin|p2a: Vigoroth\n|-damage|p2a: Vigoroth|42\/100\n|\n|upkeep\n|turn|39\n|j| beware of CoCo\n|\n|t:|1658534135\n|move|p2a: Vigoroth|Yawn||[still]\n|-fail|p2a: Vigoroth\n|move|p1a: Forretress|Rapid Spin|p2a: Vigoroth\n|-crit|p2a: Vigoroth\n|-damage|p2a: Vigoroth|32\/100\n|\n|upkeep\n|turn|40\n|\n|t:|1658534137\n|move|p2a: Vigoroth|Yawn||[still]\n|-fail|p2a: Vigoroth\n|move|p1a: Forretress|Rapid Spin|p2a: Vigoroth\n|-damage|p2a: Vigoroth|29\/100\n|\n|upkeep\n|turn|41\n|\n|t:|1658534140\n|move|p2a: Vigoroth|Yawn||[still]\n|-fail|p2a: Vigoroth\n|move|p1a: Forretress|Rapid Spin|p2a: Vigoroth\n|-damage|p2a: Vigoroth|25\/100\n|\n|upkeep\n|turn|42\n|\n|t:|1658534143\n|move|p2a: Vigoroth|Yawn||[still]\n|-fail|p2a: Vigoroth\n|move|p1a: Forretress|Rapid Spin|p2a: Vigoroth\n|-damage|p2a: Vigoroth|22\/100\n|\n|upkeep\n|turn|43\n|\n|t:|1658534148\n|move|p2a: Vigoroth|Yawn||[still]\n|-fail|p2a: Vigoroth\n|move|p1a: Forretress|Rapid Spin|p2a: Vigoroth\n|-damage|p2a: Vigoroth|19\/100\n|\n|upkeep\n|turn|44\n|\n|t:|1658534152\n|move|p2a: Vigoroth|Yawn||[still]\n|-fail|p2a: Vigoroth\n|move|p1a: Forretress|Rapid Spin|p2a: Vigoroth\n|-damage|p2a: Vigoroth|15\/100\n|\n|upkeep\n|turn|45\n|\n|t:|1658534155\n|move|p2a: Vigoroth|Yawn||[still]\n|-fail|p2a: Vigoroth\n|move|p1a: Forretress|Rapid Spin|p2a: Vigoroth\n|-damage|p2a: Vigoroth|12\/100\n|\n|upkeep\n|turn|46\n|\n|t:|1658534157\n|move|p2a: Vigoroth|Yawn||[still]\n|-fail|p2a: Vigoroth\n|move|p1a: Forretress|Rapid Spin|p2a: Vigoroth\n|-damage|p2a: Vigoroth|9\/100\n|\n|upkeep\n|turn|47\n|\n|t:|1658534160\n|switch|p1a: Jirachi|Jirachi|100\/100\n|move|p2a: Vigoroth|Struggle|p1a: Jirachi\n|-damage|p1a: Jirachi|87\/100\n|-damage|p2a: Vigoroth|0 fnt|[from] recoil\n|faint|p2a: Vigoroth\n|\n|upkeep\n|\n|t:|1658534165\n|switch|p2a: msnt pete moi lcu|Linoone, M|100\/100\n|-damage|p2a: msnt pete moi lcu|88\/100|[from] Stealth Rock\n|-damage|p2a: msnt pete moi lcu|63\/100|[from] Spikes\n|-status|p2a: msnt pete moi lcu|tox\n|turn|48\n|\n|t:|1658534171\n|move|p1a: Jirachi|Iron Head|p2a: msnt pete moi lcu\n|-damage|p2a: msnt pete moi lcu|0 fnt\n|faint|p2a: msnt pete moi lcu\n|\n|upkeep\n|\n|t:|1658534174\n|switch|p2a: Armaldo|Armaldo, F|100\/100\n|-damage|p2a: Armaldo|76\/100|[from] Stealth Rock\n|-damage|p2a: Armaldo|51\/100|[from] Spikes\n|-status|p2a: Armaldo|tox\n|turn|49\n|\n|t:|1658534179\n|move|p1a: Jirachi|Iron Head|p2a: Armaldo\n|-supereffective|p2a: Armaldo\n|-damage|p2a: Armaldo|0 fnt\n|faint|p2a: Armaldo\n|\n|win|steel skitty\n|c|\u2606Skysolo \u2764|gg ig\n|c|\u2606steel skitty|gg.\n|l| GHOSTOURGODSITUM\n","uploadtime":1658534188,"views":35,"p1id":"steelskitty","p2id":"skysolo","formatid":"gen4ubers","rating":0,"private":0,"password":null}