{"id":"gen4ou-1117263546","p1":"winter lanterns","p2":"Pokemon Master JL","format":"gen4ou","log":"|j|\u2606winter lanterns\n|j|\u2606Pokemon Master JL\n|player|p1|winter lanterns|burglar|1500\n|player|p2|Pokemon Master JL|2|1326\n|teamsize|p1|6\n|teamsize|p2|6\n|gametype|singles\n|gen|4\n|tier|[Gen 4] OU\n|rated|\n|rule|Sleep Clause Mod: Limit one foe put to sleep\n|rule|Species Clause: Limit one of each Pok\u00e9mon\n|rule|OHKO Clause: OHKO moves are banned\n|rule|Evasion Moves Clause: Evasion moves are banned\n|rule|Endless Battle Clause: Forcing endless battles is banned\n|rule|HP Percentage Mod: HP is shown in percentages\n|\n|start\n|switch|p1a: Aerodactyl|Aerodactyl, M|100\/100\n|switch|p2a: Mariana|Lanturn, F|100\/100\n|-ability|p1a: Aerodactyl|Pressure\n|turn|1\n|inactive|Battle timer is ON: inactive players will automatically lose when time's up. (requested by Pokemon Master JL)\n|\n|move|p1a: Aerodactyl|Stealth Rock|p2a: Mariana\n|-sidestart|p2: Pokemon Master JL|move: Stealth Rock\n|move|p2a: Mariana|Thunder Wave|p1a: Aerodactyl\n|-status|p1a: Aerodactyl|par\n|\n|upkeep\n|turn|2\n|\n|move|p2a: Mariana|Surf|p1a: Aerodactyl\n|-supereffective|p1a: Aerodactyl\n|-damage|p1a: Aerodactyl|19\/100 par\n|move|p1a: Aerodactyl|Earthquake|p2a: Mariana\n|-supereffective|p2a: Mariana\n|-damage|p2a: Mariana|34\/100\n|\n|-heal|p2a: Mariana|41\/100|[from] item: Leftovers\n|upkeep\n|turn|3\n|\n|move|p2a: Mariana|Surf|p1a: Aerodactyl\n|-supereffective|p1a: Aerodactyl\n|-damage|p1a: Aerodactyl|0 fnt\n|faint|p1a: Aerodactyl\n|\n|-heal|p2a: Mariana|47\/100|[from] item: Leftovers\n|upkeep\n|\n|switch|p1a: Rotom|Rotom-Wash|100\/100\n|turn|4\n|\n|move|p1a: Rotom|Shadow Ball|p2a: Mariana\n|-damage|p2a: Mariana|12\/100\n|move|p2a: Mariana|Thunder Wave|p1a: Rotom\n|-status|p1a: Rotom|par\n|\n|-heal|p2a: Mariana|19\/100|[from] item: Leftovers\n|upkeep\n|turn|5\n|\n|move|p2a: Mariana|Rest|p2a: Mariana\n|-status|p2a: Mariana|slp|[from] move: Rest\n|-heal|p2a: Mariana|100\/100 slp|[silent]\n|cant|p1a: Rotom|par\n|\n|upkeep\n|turn|6\n|\n|cant|p2a: Mariana|slp\n|move|p1a: Rotom|Shadow Ball|p2a: Mariana\n|-damage|p2a: Mariana|68\/100 slp\n|\n|-heal|p2a: Mariana|74\/100 slp|[from] item: Leftovers\n|upkeep\n|turn|7\n|\n|cant|p2a: Mariana|slp\n|cant|p1a: Rotom|par\n|\n|-heal|p2a: Mariana|80\/100 slp|[from] item: Leftovers\n|upkeep\n|turn|8\n|\n|-curestatus|p2a: Mariana|slp|[msg]\n|move|p2a: Mariana|Amnesia|p2a: Mariana\n|-boost|p2a: Mariana|spd|2\n|move|p1a: Rotom|Shadow Ball|p2a: Mariana\n|-damage|p2a: Mariana|62\/100\n|-unboost|p2a: Mariana|spd|1\n|\n|-heal|p2a: Mariana|68\/100|[from] item: Leftovers\n|upkeep\n|turn|9\n|\n|switch|p1a: Flygon|Flygon, F|100\/100\n|move|p2a: Mariana|Amnesia|p2a: Mariana\n|-boost|p2a: Mariana|spd|2\n|\n|-heal|p2a: Mariana|74\/100|[from] item: Leftovers\n|upkeep\n|turn|10\n|\n|switch|p2a: Alethia|Skarmory, F|100\/100\n|-damage|p2a: Alethia|88\/100|[from] Stealth Rock\n|move|p1a: Flygon|Earthquake|p2a: Alethia\n|-immune|p2a: Alethia\n|\n|-heal|p2a: Alethia|94\/100|[from] item: Leftovers\n|upkeep\n|turn|11\n|\n|switch|p1a: Starmie|Starmie|100\/100\n|move|p2a: Alethia|Substitute|p2a: Alethia\n|-start|p2a: Alethia|Substitute\n|-damage|p2a: Alethia|69\/100\n|\n|-heal|p2a: Alethia|75\/100|[from] item: Leftovers\n|upkeep\n|turn|12\n|\n|move|p1a: Starmie|Ice Beam|p2a: Alethia\n|-end|p2a: Alethia|Substitute\n|move|p2a: Alethia|Spikes|p1a: Starmie\n|-sidestart|p1: winter lanterns|Spikes\n|\n|-heal|p2a: Alethia|81\/100|[from] item: Leftovers\n|upkeep\n|turn|13\n|\n|switch|p2a: Kenny|Porygon2, shiny|100\/100\n|-damage|p2a: Kenny|88\/100|[from] Stealth Rock\n|-ability|p2a: Kenny|Natural Cure|[from] ability: Trace|[of] p1a: Starmie\n|move|p1a: Starmie|Hydro Pump|p2a: Kenny\n|-damage|p2a: Kenny|41\/100\n|-damage|p1a: Starmie|91\/100|[from] item: Life Orb\n|\n|-heal|p2a: Kenny|47\/100|[from] item: Leftovers\n|upkeep\n|turn|14\n|\n|move|p1a: Starmie|Hydro Pump|p2a: Kenny\n|-damage|p2a: Kenny|3\/100\n|-damage|p1a: Starmie|81\/100|[from] item: Life Orb\n|move|p2a: Kenny|Recover|p2a: Kenny\n|-heal|p2a: Kenny|53\/100\n|\n|-heal|p2a: Kenny|59\/100|[from] item: Leftovers\n|upkeep\n|turn|15\n|\n|switch|p1a: Scizor|Scizor, M|100\/100\n|-damage|p1a: Scizor|88\/100|[from] Spikes\n|move|p2a: Kenny|Thunder Wave|p1a: Scizor\n|-status|p1a: Scizor|par\n|\n|-heal|p2a: Kenny|65\/100|[from] item: Leftovers\n|upkeep\n|turn|16\n|\n|move|p2a: Kenny|Recover|p2a: Kenny\n|-heal|p2a: Kenny|100\/100\n|move|p1a: Scizor|Superpower|p2a: Kenny\n|-supereffective|p2a: Kenny\n|-damage|p2a: Kenny|0 fnt\n|-unboost|p1a: Scizor|atk|1\n|-unboost|p1a: Scizor|def|1\n|faint|p2a: Kenny\n|\n|upkeep\n|\n|switch|p2a: Shredder|Heracross, F|100\/100\n|-damage|p2a: Shredder|88\/100|[from] Stealth Rock\n|turn|17\n|\n|switch|p1a: Rotom|Rotom-Wash|100\/100 par\n|move|p2a: Shredder|Megahorn|p1a: Rotom\n|-resisted|p1a: Rotom\n|-damage|p1a: Rotom|30\/100 par\n|\n|upkeep\n|turn|18\n|\n|move|p2a: Shredder|Megahorn|p1a: Rotom\n|-resisted|p1a: Rotom\n|-damage|p1a: Rotom|0 fnt\n|faint|p1a: Rotom\n|\n|upkeep\n|\n|switch|p1a: Starmie|Starmie|81\/100\n|-damage|p1a: Starmie|68\/100|[from] Spikes\n|turn|19\n|\n|switch|p2a: Mariana|Lanturn, F|74\/100\n|-damage|p2a: Mariana|62\/100|[from] Stealth Rock\n|move|p1a: Starmie|Hydro Pump|p2a: Mariana\n|-resisted|p2a: Mariana\n|-damage|p2a: Mariana|41\/100\n|-damage|p1a: Starmie|58\/100|[from] item: Life Orb\n|\n|-heal|p2a: Mariana|47\/100|[from] item: Leftovers\n|upkeep\n|turn|20\n|j| Newton\n|\n|switch|p1a: Kingdra|Kingdra, F|100\/100\n|-damage|p1a: Kingdra|88\/100|[from] Spikes\n|move|p2a: Mariana|Thunder Wave|p1a: Kingdra\n|-status|p1a: Kingdra|par\n|\n|-heal|p2a: Mariana|53\/100|[from] item: Leftovers\n|upkeep\n|turn|21\n|\n|switch|p2a: Marion|Starmie, shiny|100\/100\n|-damage|p2a: Marion|88\/100|[from] Stealth Rock\n|move|p1a: Kingdra|Draco Meteor|p2a: Marion\n|-damage|p2a: Marion|0 fnt\n|-unboost|p1a: Kingdra|spa|2\n|faint|p2a: Marion\n|\n|upkeep\n|\n|switch|p2a: Shredder|Heracross, F|88\/100\n|-damage|p2a: Shredder|76\/100|[from] Stealth Rock\n|turn|22\n|\n|switch|p1a: Scizor|Scizor, M|88\/100 par\n|-damage|p1a: Scizor|76\/100 par|[from] Spikes\n|move|p2a: Shredder|Close Combat|p1a: Scizor\n|-damage|p1a: Scizor|0 fnt\n|-unboost|p2a: Shredder|def|1\n|-unboost|p2a: Shredder|spd|1\n|faint|p1a: Scizor\n|\n|upkeep\n|\n|switch|p1a: Starmie|Starmie|58\/100\n|-damage|p1a: Starmie|46\/100|[from] Spikes\n|turn|23\n|\n|switch|p2a: Mariana|Lanturn, F|53\/100\n|-damage|p2a: Mariana|41\/100|[from] Stealth Rock\n|move|p1a: Starmie|Hydro Pump|p2a: Mariana\n|-resisted|p2a: Mariana\n|-damage|p2a: Mariana|17\/100\n|-damage|p1a: Starmie|36\/100|[from] item: Life Orb\n|\n|-heal|p2a: Mariana|24\/100|[from] item: Leftovers\n|upkeep\n|turn|24\n|\n|move|p1a: Starmie|Hydro Pump|p2a: Mariana\n|-resisted|p2a: Mariana\n|-damage|p2a: Mariana|2\/100\n|-damage|p1a: Starmie|26\/100|[from] item: Life Orb\n|move|p2a: Mariana|Rest|p2a: Mariana\n|-status|p2a: Mariana|slp|[from] move: Rest\n|-heal|p2a: Mariana|100\/100 slp|[silent]\n|\n|upkeep\n|turn|25\n|\n|switch|p1a: Flygon|Flygon, F|100\/100\n|cant|p2a: Mariana|slp\n|\n|upkeep\n|turn|26\n|\n|switch|p1a: Kingdra|Kingdra, F|88\/100 par\n|-damage|p1a: Kingdra|76\/100 par|[from] Spikes\n|switch|p2a: Alethia|Skarmory, F|81\/100\n|-damage|p2a: Alethia|69\/100|[from] Stealth Rock\n|\n|-heal|p2a: Alethia|75\/100|[from] item: Leftovers\n|upkeep\n|turn|27\n|\n|move|p2a: Alethia|Substitute|p2a: Alethia\n|-start|p2a: Alethia|Substitute\n|-damage|p2a: Alethia|50\/100\n|move|p1a: Kingdra|Hydro Pump|p2a: Alethia\n|-end|p2a: Alethia|Substitute\n|\n|-heal|p2a: Alethia|56\/100|[from] item: Leftovers\n|upkeep\n|turn|28\n|\n|move|p2a: Alethia|Substitute|p2a: Alethia\n|-start|p2a: Alethia|Substitute\n|-damage|p2a: Alethia|31\/100\n|move|p1a: Kingdra|Hydro Pump|p2a: Alethia\n|-end|p2a: Alethia|Substitute\n|\n|-heal|p2a: Alethia|37\/100|[from] item: Leftovers\n|upkeep\n|turn|29\n|\n|move|p2a: Alethia|Substitute|p2a: Alethia\n|-start|p2a: Alethia|Substitute\n|-damage|p2a: Alethia|12\/100\n|move|p1a: Kingdra|Hydro Pump|p2a: Alethia\n|-end|p2a: Alethia|Substitute\n|\n|-heal|p2a: Alethia|18\/100|[from] item: Leftovers\n|upkeep\n|turn|30\n|j| njknlkjnjkl\n|\n|move|p2a: Alethia|Roost|p2a: Alethia\n|-heal|p2a: Alethia|68\/100\n|-singleturn|p2a: Alethia|move: Roost\n|cant|p1a: Kingdra|par\n|\n|-heal|p2a: Alethia|74\/100|[from] item: Leftovers\n|upkeep\n|turn|31\n|l| njknlkjnjkl\n|\n|move|p2a: Alethia|Substitute|p2a: Alethia\n|-start|p2a: Alethia|Substitute\n|-damage|p2a: Alethia|50\/100\n|move|p1a: Kingdra|Hydro Pump|p2a: Alethia\n|-end|p2a: Alethia|Substitute\n|\n|-heal|p2a: Alethia|56\/100|[from] item: Leftovers\n|upkeep\n|turn|32\n|\n|move|p2a: Alethia|Substitute|p2a: Alethia\n|-start|p2a: Alethia|Substitute\n|-damage|p2a: Alethia|31\/100\n|move|p1a: Kingdra|Hydro Pump|p2a: Alethia\n|-end|p2a: Alethia|Substitute\n|\n|-heal|p2a: Alethia|37\/100|[from] item: Leftovers\n|upkeep\n|turn|33\n|\n|move|p2a: Alethia|Substitute|p2a: Alethia\n|-start|p2a: Alethia|Substitute\n|-damage|p2a: Alethia|12\/100\n|cant|p1a: Kingdra|par\n|\n|-heal|p2a: Alethia|18\/100|[from] item: Leftovers\n|upkeep\n|turn|34\n|-message|winter lanterns forfeited.\n|\n|win|Pokemon Master JL\n|l|\u2606winter lanterns\n|raw|winter lanterns's rating: 1500 &rarr; <strong>1471<\/strong><br \/>(-29 for losing)\n|raw|Pokemon Master JL's rating: 1327 &rarr; <strong>1356<\/strong><br \/>(+29 for winning)\n","uploadtime":1589867053,"views":4,"p1id":"winterlanterns","p2id":"pokemonmasterjl","formatid":"gen4ou","rating":1356,"private":0,"password":null}