{"id":"gen4ou-1010020896","p1":"Eruvala","p2":"Cowsrule247","format":"gen4ou","log":"|j|\u2606Eruvala\n|j|\u2606Cowsrule247\n|player|p1|Eruvala|karen|1537\n|player|p2|Cowsrule247|192|1243\n|teamsize|p1|6\n|teamsize|p2|6\n|gametype|singles\n|gen|4\n|tier|[Gen 4] OU\n|rated|\n|rule|Sleep Clause Mod: Limit one foe put to sleep\n|rule|Species Clause: Limit one of each Pok\u00e9mon\n|rule|OHKO Clause: OHKO moves are banned\n|rule|Moody Clause: Moody is banned\n|rule|Evasion Moves Clause: Evasion moves are banned\n|rule|Endless Battle Clause: Forcing endless battles is banned\n|rule|HP Percentage Mod: HP is shown in percentages\n|rule|Baton Pass Clause: Limit one Baton Passer, can't pass Spe and other stats simultaneously\n|\n|start\n|switch|p1a: Jirachi|Jirachi|100\/100\n|switch|p2a: Infernape|Infernape, M|100\/100\n|turn|1\n|\n|move|p2a: Infernape|Fake Out|p1a: Jirachi\n|-resisted|p1a: Jirachi\n|-damage|p1a: Jirachi|96\/100\n|cant|p1a: Jirachi|flinch\n|\n|upkeep\n|turn|2\n|inactive|Battle timer is ON: inactive players will automatically lose when time's up. (requested by Cowsrule247)\n|\n|move|p1a: Jirachi|Trick|p2a: Infernape\n|-activate|p1a: Jirachi|move: Trick|[of] p2a: Infernape\n|-item|p2a: Infernape|Choice Scarf|[from] move: Trick\n|-item|p1a: Jirachi|Focus Sash|[from] move: Trick\n|move|p2a: Infernape|Fire Blast|p1a: Jirachi\n|-supereffective|p1a: Jirachi\n|-damage|p1a: Jirachi|0 fnt\n|faint|p1a: Jirachi\n|\n|upkeep\n|\n|switch|p1a: Kingdra|Kingdra, F|100\/100\n|turn|3\n|j| blackkaiser\n|\n|switch|p2a: Tyranitar|Tyranitar, F|100\/100\n|-weather|Sandstorm|[from] ability: Sand Stream|[of] p2a: Tyranitar\n|move|p1a: Kingdra|Dragon Dance|p1a: Kingdra\n|-boost|p1a: Kingdra|atk|1\n|-boost|p1a: Kingdra|spe|1\n|\n|-weather|Sandstorm|[upkeep]\n|-damage|p1a: Kingdra|94\/100|[from] Sandstorm\n|upkeep\n|turn|4\n|\n|switch|p2a: Gyarados|Gyarados, F|100\/100\n|-ability|p2a: Gyarados|Intimidate|boost\n|-unboost|p1a: Kingdra|atk|1\n|move|p1a: Kingdra|Waterfall|p2a: Gyarados\n|-resisted|p2a: Gyarados\n|-damage|p2a: Gyarados|78\/100\n|\n|-weather|Sandstorm|[upkeep]\n|-damage|p1a: Kingdra|88\/100|[from] Sandstorm\n|-damage|p2a: Gyarados|72\/100|[from] Sandstorm\n|upkeep\n|turn|5\n|\n|move|p1a: Kingdra|Dragon Dance|p1a: Kingdra\n|-boost|p1a: Kingdra|atk|1\n|-boost|p1a: Kingdra|spe|1\n|move|p2a: Gyarados|Dragon Dance|p2a: Gyarados\n|-boost|p2a: Gyarados|atk|1\n|-boost|p2a: Gyarados|spe|1\n|\n|-weather|Sandstorm|[upkeep]\n|-damage|p1a: Kingdra|82\/100|[from] Sandstorm\n|-damage|p2a: Gyarados|66\/100|[from] Sandstorm\n|upkeep\n|turn|6\n|\n|move|p1a: Kingdra|Waterfall|p2a: Gyarados\n|-resisted|p2a: Gyarados\n|-damage|p2a: Gyarados|33\/100\n|move|p2a: Gyarados|Earthquake|p1a: Kingdra\n|-damage|p1a: Kingdra|4\/100\n|-damage|p2a: Gyarados|23\/100|[from] item: Life Orb\n|\n|-weather|Sandstorm|[upkeep]\n|-damage|p1a: Kingdra|0 fnt|[from] Sandstorm\n|-damage|p2a: Gyarados|17\/100|[from] Sandstorm\n|faint|p1a: Kingdra\n|upkeep\n|\n|switch|p1a: Bronzong|Bronzong|100\/100\n|turn|7\n|\n|move|p2a: Gyarados|Waterfall|p1a: Bronzong\n|-damage|p1a: Bronzong|23\/100\n|-damage|p2a: Gyarados|7\/100|[from] item: Life Orb\n|move|p1a: Bronzong|Trick Room|p1a: Bronzong\n|-fieldstart|move: Trick Room|[of] p1a: Bronzong\n|\n|-weather|Sandstorm|[upkeep]\n|-damage|p2a: Gyarados|0 fnt|[from] Sandstorm\n|faint|p2a: Gyarados\n|upkeep\n|\n|switch|p2a: Infernape|Infernape, M|100\/100\n|turn|8\n|\n|move|p2a: Infernape|Fake Out|p1a: Bronzong\n|-resisted|p1a: Bronzong\n|-damage|p1a: Bronzong|18\/100\n|cant|p1a: Bronzong|flinch\n|\n|-weather|Sandstorm|[upkeep]\n|-damage|p2a: Infernape|94\/100|[from] Sandstorm\n|upkeep\n|turn|9\n|\n|switch|p2a: Scizor|Scizor, F|100\/100\n|move|p1a: Bronzong|Earthquake|p2a: Scizor\n|-damage|p2a: Scizor|68\/100\n|\n|-weather|Sandstorm|[upkeep]\n|upkeep\n|turn|10\n|\n|move|p1a: Bronzong|Explosion|p2a: Scizor\n|-resisted|p2a: Scizor\n|-damage|p2a: Scizor|0 fnt\n|faint|p1a: Bronzong\n|faint|p2a: Scizor\n|\n|-weather|Sandstorm|[upkeep]\n|upkeep\n|\n|switch|p1a: Snorlax|Snorlax, F|100\/100\n|switch|p2a: Infernape|Infernape, M|94\/100\n|turn|11\n|\n|move|p2a: Infernape|Fake Out|p1a: Snorlax\n|-damage|p1a: Snorlax|89\/100\n|cant|p1a: Snorlax|flinch\n|\n|-weather|Sandstorm|[upkeep]\n|-damage|p1a: Snorlax|83\/100|[from] Sandstorm\n|-damage|p2a: Infernape|88\/100|[from] Sandstorm\n|-fieldend|move: Trick Room\n|upkeep\n|turn|12\n|\n|switch|p2a: Gengar|Gengar, M|100\/100\n|move|p1a: Snorlax|Earthquake|p2a: Gengar\n|-immune|p2a: Gengar|[from] ability: Levitate\n|\n|-weather|Sandstorm|[upkeep]\n|-damage|p2a: Gengar|94\/100|[from] Sandstorm\n|-damage|p1a: Snorlax|77\/100|[from] Sandstorm\n|upkeep\n|turn|13\n|\n|switch|p1a: Swampert|Swampert, F|100\/100\n|move|p2a: Gengar|Focus Blast|p1a: Swampert\n|-crit|p1a: Swampert\n|-damage|p1a: Swampert|1\/100\n|-damage|p2a: Gengar|84\/100|[from] item: Life Orb\n|\n|-weather|Sandstorm|[upkeep]\n|-damage|p2a: Gengar|78\/100|[from] Sandstorm\n|upkeep\n|turn|14\n|c|\u2606Eruvala|,,,,\n|\n|move|p2a: Gengar|Shadow Ball|p1a: Swampert\n|-damage|p1a: Swampert|0 fnt\n|-damage|p2a: Gengar|68\/100|[from] item: Life Orb\n|faint|p1a: Swampert\n|\n|-weather|Sandstorm|[upkeep]\n|-damage|p2a: Gengar|62\/100|[from] Sandstorm\n|upkeep\n|\n|switch|p1a: Snorlax|Snorlax, F|77\/100\n|turn|15\n|\n|move|p2a: Gengar|Focus Blast|p1a: Snorlax\n|-supereffective|p1a: Snorlax\n|-damage|p1a: Snorlax|15\/100\n|-damage|p2a: Gengar|52\/100|[from] item: Life Orb\n|move|p1a: Snorlax|Pursuit|p2a: Gengar\n|-supereffective|p2a: Gengar\n|-crit|p2a: Gengar\n|-damage|p2a: Gengar|0 fnt\n|faint|p2a: Gengar\n|\n|-weather|Sandstorm|[upkeep]\n|-damage|p1a: Snorlax|9\/100|[from] Sandstorm\n|upkeep\n|\n|switch|p2a: Jirachi|Jirachi|100\/100\n|turn|16\n|\n|move|p2a: Jirachi|Iron Head|p1a: Snorlax\n|-damage|p1a: Snorlax|0 fnt\n|faint|p1a: Snorlax\n|\n|-weather|Sandstorm|[upkeep]\n|upkeep\n|\n|switch|p1a: Infernape|Infernape, M|100\/100\n|turn|17\n|\n|move|p2a: Jirachi|Iron Head|p1a: Infernape\n|-resisted|p1a: Infernape\n|-damage|p1a: Infernape|72\/100\n|cant|p1a: Infernape|flinch\n|\n|-weather|Sandstorm|[upkeep]\n|-damage|p1a: Infernape|66\/100|[from] Sandstorm\n|-heal|p1a: Infernape|72\/100|[from] item: Leftovers\n|upkeep\n|turn|18\n|\n|move|p2a: Jirachi|Iron Head|p1a: Infernape\n|-resisted|p1a: Infernape\n|-crit|p1a: Infernape\n|-damage|p1a: Infernape|21\/100\n|cant|p1a: Infernape|flinch\n|\n|-weather|Sandstorm|[upkeep]\n|-damage|p1a: Infernape|14\/100|[from] Sandstorm\n|-heal|p1a: Infernape|21\/100|[from] item: Leftovers\n|upkeep\n|turn|19\n|-message|Eruvala forfeited.\n|\n|win|Cowsrule247\n|l|\u2606Cowsrule247\n|raw|Eruvala's rating: 1537 &rarr; <strong>1503<\/strong><br \/>(-34 for losing)\n|raw|Cowsrule247's rating: 1243 &rarr; <strong>1285<\/strong><br \/>(+42 for winning)\n","uploadtime":1573805322,"views":3,"p1id":"eruvala","p2id":"cowsrule247","formatid":"gen4ou","rating":1285,"private":0,"password":null}