{"id":"gen4ou-1538964950","p1":"Ill Leave","p2":"El Rey Del Sur","format":"gen4ou","log":"|j|\u2606Ill Leave\n|j|\u2606El Rey Del Sur\n|t:|1648264800\n|gametype|singles\n|player|p1|Ill Leave|janine|\n|player|p2|El Rey Del Sur|biker-gen1|\n|teamsize|p1|6\n|teamsize|p2|6\n|gen|4\n|tier|[Gen 4] OU\n|rated|Tournament battle\n|rule|Sleep Clause Mod: Limit one foe put to sleep\n|rule|Species Clause: Limit one of each Pok\u00e9mon\n|rule|OHKO Clause: OHKO moves are banned\n|rule|Evasion Moves Clause: Evasion moves are banned\n|rule|Endless Battle Clause: Forcing endless battles is banned\n|rule|HP Percentage Mod: HP is shown in percentages\n|\n|t:|1648264800\n|start\n|switch|p1a: Roserade|Roserade, F, shiny|100\/100\n|switch|p2a: Jirachi|Jirachi|100\/100\n|turn|1\n|inactive|Battle timer is ON: inactive players will automatically lose when time's up. (requested by El Rey Del Sur)\n|\n|t:|1648264807\n|move|p1a: Roserade|Toxic Spikes|p2a: Jirachi\n|-sidestart|p2: El Rey Del Sur|move: Toxic Spikes\n|move|p2a: Jirachi|Body Slam|p1a: Roserade\n|-damage|p1a: Roserade|60\/100\n|-status|p1a: Roserade|par\n|\n|upkeep\n|turn|2\n|\n|t:|1648264812\n|switch|p1a: Swampert|Swampert, M, shiny|100\/100\n|move|p2a: Jirachi|Iron Head|p1a: Swampert\n|-resisted|p1a: Swampert\n|-damage|p1a: Swampert|92\/100\n|\n|-heal|p1a: Swampert|98\/100|[from] item: Leftovers\n|upkeep\n|turn|3\n|\n|t:|1648264817\n|move|p2a: Jirachi|Stealth Rock|p1a: Swampert\n|-sidestart|p1: Ill Leave|move: Stealth Rock\n|move|p1a: Swampert|Stealth Rock|p2a: Jirachi\n|-sidestart|p2: El Rey Del Sur|move: Stealth Rock\n|\n|-heal|p1a: Swampert|100\/100|[from] item: Leftovers\n|upkeep\n|turn|4\n|\n|t:|1648264823\n|move|p2a: Jirachi|Body Slam|p1a: Swampert\n|-damage|p1a: Swampert|87\/100\n|move|p1a: Swampert|Ice Beam|p2a: Jirachi\n|-resisted|p2a: Jirachi\n|-damage|p2a: Jirachi|92\/100\n|\n|-heal|p2a: Jirachi|98\/100|[from] item: Leftovers\n|-heal|p1a: Swampert|93\/100|[from] item: Leftovers\n|upkeep\n|turn|5\n|\n|t:|1648264827\n|move|p2a: Jirachi|Body Slam|p1a: Swampert\n|-damage|p1a: Swampert|81\/100\n|move|p1a: Swampert|Earthquake|p2a: Jirachi\n|-supereffective|p2a: Jirachi\n|-damage|p2a: Jirachi|49\/100\n|\n|-heal|p2a: Jirachi|55\/100|[from] item: Leftovers\n|-heal|p1a: Swampert|87\/100|[from] item: Leftovers\n|upkeep\n|turn|6\n|\n|t:|1648264831\n|move|p2a: Jirachi|Body Slam|p1a: Swampert\n|-damage|p1a: Swampert|74\/100\n|move|p1a: Swampert|Earthquake|p2a: Jirachi\n|-supereffective|p2a: Jirachi\n|-damage|p2a: Jirachi|10\/100\n|\n|-heal|p2a: Jirachi|17\/100|[from] item: Leftovers\n|-heal|p1a: Swampert|80\/100|[from] item: Leftovers\n|upkeep\n|turn|7\n|\n|t:|1648264836\n|move|p2a: Jirachi|Body Slam|p1a: Swampert\n|-damage|p1a: Swampert|67\/100\n|move|p1a: Swampert|Earthquake|p2a: Jirachi\n|-supereffective|p2a: Jirachi\n|-damage|p2a: Jirachi|0 fnt\n|faint|p2a: Jirachi\n|\n|-heal|p1a: Swampert|74\/100|[from] item: Leftovers\n|upkeep\n|\n|t:|1648264839\n|switch|p2a: Abomasnow|Abomasnow, F, shiny|100\/100\n|-status|p2a: Abomasnow|psn\n|-damage|p2a: Abomasnow|75\/100 psn|[from] Stealth Rock\n|-weather|Hail|[from] ability: Snow Warning|[of] p2a: Abomasnow\n|turn|8\n|\n|t:|1648264848\n|move|p1a: Swampert|Protect|p1a: Swampert\n|-singleturn|p1a: Swampert|Protect\n|move|p2a: Abomasnow|Leech Seed|p1a: Swampert\n|-activate|p1a: Swampert|Protect\n|\n|-weather|Hail|[upkeep]\n|-damage|p1a: Swampert|67\/100|[from] Hail\n|-heal|p2a: Abomasnow|82\/100 psn|[from] item: Leftovers\n|-damage|p2a: Abomasnow|69\/100 psn|[from] psn\n|-heal|p1a: Swampert|74\/100|[from] item: Leftovers\n|upkeep\n|turn|9\n|\n|t:|1648264854\n|switch|p1a: Heatran|Heatran, F, shiny|100\/100\n|-damage|p1a: Heatran|88\/100|[from] Stealth Rock\n|move|p2a: Abomasnow|Leech Seed|p1a: Heatran\n|-start|p1a: Heatran|move: Leech Seed\n|\n|-weather|Hail|[upkeep]\n|-damage|p1a: Heatran|82\/100|[from] Hail\n|-heal|p1a: Heatran|88\/100|[from] item: Leftovers\n|-damage|p1a: Heatran|76\/100|[from] Leech Seed|[of] p2a: Abomasnow\n|-heal|p2a: Abomasnow|80\/100 psn|[silent]\n|-heal|p2a: Abomasnow|86\/100 psn|[from] item: Leftovers\n|-damage|p2a: Abomasnow|73\/100 psn|[from] psn\n|upkeep\n|turn|10\n|\n|t:|1648264859\n|move|p2a: Abomasnow|Protect|p2a: Abomasnow\n|-singleturn|p2a: Abomasnow|Protect\n|move|p1a: Heatran|Lava Plume|p2a: Abomasnow\n|-activate|p2a: Abomasnow|Protect\n|\n|-weather|Hail|[upkeep]\n|-damage|p1a: Heatran|70\/100|[from] Hail\n|-heal|p1a: Heatran|76\/100|[from] item: Leftovers\n|-damage|p1a: Heatran|63\/100|[from] Leech Seed|[of] p2a: Abomasnow\n|-heal|p2a: Abomasnow|84\/100 psn|[silent]\n|-heal|p2a: Abomasnow|90\/100 psn|[from] item: Leftovers\n|-damage|p2a: Abomasnow|78\/100 psn|[from] psn\n|upkeep\n|turn|11\n|\n|t:|1648264868\n|switch|p2a: Suicune|Suicune|100\/100\n|-status|p2a: Suicune|psn\n|-damage|p2a: Suicune|88\/100 psn|[from] Stealth Rock\n|-ability|p2a: Suicune|Pressure\n|move|p1a: Heatran|Lava Plume|p2a: Suicune\n|-resisted|p2a: Suicune\n|-damage|p2a: Suicune|72\/100 psn\n|\n|-weather|Hail|[upkeep]\n|-damage|p1a: Heatran|57\/100|[from] Hail\n|-damage|p2a: Suicune|66\/100 psn|[from] Hail\n|-heal|p1a: Heatran|63\/100|[from] item: Leftovers\n|-damage|p1a: Heatran|51\/100|[from] Leech Seed|[of] p2a: Suicune\n|-heal|p2a: Suicune|75\/100 psn|[silent]\n|-heal|p2a: Suicune|82\/100 psn|[from] item: Leftovers\n|-damage|p2a: Suicune|69\/100 psn|[from] psn\n|upkeep\n|turn|12\n|\n|t:|1648264874\n|switch|p1a: Latias|Latias, F, shiny|100\/100\n|-damage|p1a: Latias|88\/100|[from] Stealth Rock\n|move|p2a: Suicune|Ice Beam|p1a: Latias\n|-supereffective|p1a: Latias\n|-crit|p1a: Latias\n|-damage|p1a: Latias|18\/100\n|\n|-weather|Hail|[upkeep]\n|-damage|p1a: Latias|12\/100|[from] Hail\n|-damage|p2a: Suicune|63\/100 psn|[from] Hail\n|-heal|p2a: Suicune|69\/100 psn|[from] item: Leftovers\n|-damage|p2a: Suicune|57\/100 psn|[from] psn\n|upkeep\n|turn|13\n|\n|t:|1648264882\n|switch|p2a: Lil Brother|Metagross, shiny|100\/100\n|-damage|p2a: Lil Brother|95\/100|[from] Stealth Rock\n|move|p1a: Latias|Dragon Pulse|p2a: Lil Brother\n|-resisted|p2a: Lil Brother\n|-damage|p2a: Lil Brother|56\/100\n|\n|-weather|Hail|[upkeep]\n|-damage|p2a: Lil Brother|50\/100|[from] Hail\n|-damage|p1a: Latias|6\/100|[from] Hail\n|upkeep\n|turn|14\n|\n|t:|1648264888\n|move|p2a: Lil Brother|Pursuit|p1a: Latias\n|-supereffective|p1a: Latias\n|-damage|p1a: Latias|0 fnt\n|faint|p1a: Latias\n|\n|-weather|Hail|[upkeep]\n|-damage|p2a: Lil Brother|44\/100|[from] Hail\n|upkeep\n|\n|t:|1648264891\n|switch|p1a: Tyranitar|Tyranitar, F, shiny|100\/100\n|-damage|p1a: Tyranitar|88\/100|[from] Stealth Rock\n|-weather|Sandstorm|[from] ability: Sand Stream|[of] p1a: Tyranitar\n|turn|15\n|\n|t:|1648264895\n|switch|p2a: Abomasnow|Abomasnow, F, shiny|78\/100 psn\n|-damage|p2a: Abomasnow|53\/100 psn|[from] Stealth Rock\n|-weather|Hail|[from] ability: Snow Warning|[of] p2a: Abomasnow\n|move|p1a: Tyranitar|Crunch|p2a: Abomasnow\n|-damage|p2a: Abomasnow|0 fnt\n|faint|p2a: Abomasnow\n|\n|-weather|Hail|[upkeep]\n|-damage|p1a: Tyranitar|82\/100|[from] Hail\n|upkeep\n|\n|t:|1648264900\n|switch|p2a: Infernape|Infernape, M, shiny|100\/100\n|-damage|p2a: Infernape|88\/100|[from] Stealth Rock\n|-status|p2a: Infernape|psn\n|turn|16\n|\n|t:|1648264903\n|switch|p1a: Swampert|Swampert, M, shiny|74\/100\n|-damage|p1a: Swampert|67\/100|[from] Stealth Rock\n|move|p2a: Infernape|U-turn|p1a: Swampert\n|-damage|p1a: Swampert|54\/100\n|\n|t:|1648264906\n|switch|p2a: Suicune|Suicune|57\/100 psn|[from]move: U-turn\n|-damage|p2a: Suicune|45\/100 psn|[from] Stealth Rock\n|-ability|p2a: Suicune|Pressure\n|\n|-weather|Hail|[upkeep]\n|-damage|p2a: Suicune|38\/100 psn|[from] Hail\n|-damage|p1a: Swampert|48\/100|[from] Hail\n|-heal|p2a: Suicune|45\/100 psn|[from] item: Leftovers\n|-damage|p2a: Suicune|32\/100 psn|[from] psn\n|-heal|p1a: Swampert|54\/100|[from] item: Leftovers\n|upkeep\n|turn|17\n|\n|t:|1648264910\n|move|p2a: Suicune|Rest|p2a: Suicune\n|-status|p2a: Suicune|slp|[from] move: Rest\n|-heal|p2a: Suicune|100\/100 slp|[silent]\n|move|p1a: Swampert|Earthquake|p2a: Suicune\n|-damage|p2a: Suicune|80\/100 slp\n|\n|-weather|Hail|[upkeep]\n|-damage|p2a: Suicune|74\/100 slp|[from] Hail\n|-damage|p1a: Swampert|48\/100|[from] Hail\n|-heal|p2a: Suicune|80\/100 slp|[from] item: Leftovers\n|-heal|p1a: Swampert|54\/100|[from] item: Leftovers\n|upkeep\n|turn|18\n|\n|t:|1648264915\n|switch|p1a: Tyranitar|Tyranitar, F, shiny|82\/100\n|-damage|p1a: Tyranitar|69\/100|[from] Stealth Rock\n|-weather|Sandstorm|[from] ability: Sand Stream|[of] p1a: Tyranitar\n|cant|p2a: Suicune|slp\n|\n|-weather|Sandstorm|[upkeep]\n|-damage|p2a: Suicune|74\/100 slp|[from] Sandstorm\n|-heal|p2a: Suicune|80\/100 slp|[from] item: Leftovers\n|upkeep\n|turn|19\n|\n|t:|1648264918\n|cant|p2a: Suicune|slp\n|move|p1a: Tyranitar|Crunch|p2a: Suicune\n|-damage|p2a: Suicune|43\/100 slp\n|-unboost|p2a: Suicune|def|1\n|\n|-weather|Sandstorm|[upkeep]\n|-damage|p2a: Suicune|37\/100 slp|[from] Sandstorm\n|-heal|p2a: Suicune|43\/100 slp|[from] item: Leftovers\n|upkeep\n|turn|20\n|j|#susciety\n|\n|t:|1648264925\n|switch|p2a: Infernape|Infernape, M, shiny|88\/100 psn\n|-damage|p2a: Infernape|76\/100 psn|[from] Stealth Rock\n|move|p1a: Tyranitar|Crunch|p2a: Infernape\n|-resisted|p2a: Infernape\n|-damage|p2a: Infernape|19\/100 psn\n|\n|-weather|Sandstorm|[upkeep]\n|-damage|p2a: Infernape|12\/100 psn|[from] Sandstorm\n|-damage|p2a: Infernape|0 fnt|[from] psn\n|faint|p2a: Infernape\n|upkeep\n|\n|t:|1648264927\n|switch|p2a: Big Brother|Tyranitar, F, shiny|100\/100\n|-status|p2a: Big Brother|psn\n|-damage|p2a: Big Brother|88\/100 psn|[from] Stealth Rock\n|turn|21\n|\n|t:|1648264948\n|switch|p1a: Swampert|Swampert, M, shiny|54\/100\n|-damage|p1a: Swampert|48\/100|[from] Stealth Rock\n|move|p2a: Big Brother|Superpower|p1a: Swampert\n|-damage|p1a: Swampert|2\/100\n|-unboost|p2a: Big Brother|atk|1\n|-unboost|p2a: Big Brother|def|1\n|\n|-weather|Sandstorm|[upkeep]\n|-damage|p2a: Big Brother|76\/100 psn|[from] psn\n|-heal|p1a: Swampert|8\/100|[from] item: Leftovers\n|upkeep\n|turn|22\n|\n|t:|1648264956\n|move|p1a: Swampert|Protect|p1a: Swampert\n|-singleturn|p1a: Swampert|Protect\n|move|p2a: Big Brother|Superpower|p1a: Swampert\n|-activate|p1a: Swampert|Protect\n|\n|-weather|Sandstorm|[upkeep]\n|-damage|p2a: Big Brother|63\/100 psn|[from] psn\n|-heal|p1a: Swampert|15\/100|[from] item: Leftovers\n|upkeep\n|turn|23\n|\n|t:|1648264958\n|move|p2a: Big Brother|Superpower|p1a: Swampert\n|-damage|p1a: Swampert|0 fnt\n|-unboost|p2a: Big Brother|atk|1\n|-unboost|p2a: Big Brother|def|1\n|faint|p1a: Swampert\n|\n|-weather|Sandstorm|[upkeep]\n|-damage|p2a: Big Brother|51\/100 psn|[from] psn\n|upkeep\n|j| We. The Revolution\n|\n|t:|1648264968\n|switch|p1a: Rotom|Rotom-Wash, shiny|100\/100\n|-damage|p1a: Rotom|88\/100|[from] Stealth Rock\n|turn|24\n|\n|t:|1648264972\n|switch|p2a: Lil Brother|Metagross, shiny|44\/100\n|-damage|p2a: Lil Brother|38\/100|[from] Stealth Rock\n|move|p1a: Rotom|Thunderbolt|p2a: Lil Brother\n|-damage|p2a: Lil Brother|0 fnt\n|faint|p2a: Lil Brother\n|\n|-weather|Sandstorm|[upkeep]\n|-damage|p1a: Rotom|82\/100|[from] Sandstorm\n|upkeep\n|\n|t:|1648264975\n|switch|p2a: Big Brother|Tyranitar, F, shiny|51\/100 psn\n|-damage|p2a: Big Brother|38\/100 psn|[from] Stealth Rock\n|turn|25\n|j|+ibbysonlyfan\n|\n|t:|1648264981\n|move|p1a: Rotom|Thunderbolt|p2a: Big Brother\n|-damage|p2a: Big Brother|12\/100 psn\n|move|p2a: Big Brother|Pursuit|p1a: Rotom\n|-supereffective|p1a: Rotom\n|-damage|p1a: Rotom|0 fnt\n|faint|p1a: Rotom\n|\n|-weather|Sandstorm|[upkeep]\n|-damage|p2a: Big Brother|0 fnt|[from] psn\n|faint|p2a: Big Brother\n|upkeep\n|\n|t:|1648264987\n|switch|p1a: Roserade|Roserade, F, shiny|60\/100 par\n|switch|p2a: Suicune|Suicune|43\/100 slp\n|-damage|p2a: Suicune|31\/100 slp|[from] Stealth Rock\n|-ability|p2a: Suicune|Pressure\n|-damage|p1a: Roserade|48\/100 par|[from] Stealth Rock\n|turn|26\n|\n|t:|1648264992\n|-curestatus|p2a: Suicune|slp|[msg]\n|move|p2a: Suicune|Ice Beam|p1a: Roserade\n|-supereffective|p1a: Roserade\n|-damage|p1a: Roserade|0 fnt\n|faint|p1a: Roserade\n|\n|-weather|Sandstorm|[upkeep]\n|-damage|p2a: Suicune|25\/100|[from] Sandstorm\n|-heal|p2a: Suicune|31\/100|[from] item: Leftovers\n|upkeep\n|\n|t:|1648264999\n|switch|p1a: Tyranitar|Tyranitar, F, shiny|69\/100\n|-damage|p1a: Tyranitar|57\/100|[from] Stealth Rock\n|turn|27\n|\n|t:|1648265003\n|move|p2a: Suicune|Surf|p1a: Tyranitar\n|-supereffective|p1a: Tyranitar\n|-damage|p1a: Tyranitar|23\/100\n|move|p1a: Tyranitar|Crunch|p2a: Suicune\n|-damage|p2a: Suicune|0 fnt\n|faint|p2a: Suicune\n|\n|win|Ill Leave\n|n|\u2606Ill Leave|illleave\n|n|\u2606El Rey Del Sur|elreydelsur\n|n|+susciety|susciety\n|n| We. The Revolution|wetherevolution\n|n| ibbysonlyfan|ibbysonlyfan\n|l|\u2606El Rey Del Sur\n|l| We. The Revolution\n|l|+susciety\n|c|\u2606Ill Leave|gg\n|l|\u2606Ill Leave\n|l| ibbysonlyfan\n","uploadtime":1648265162,"views":17,"p1id":"illleave","p2id":"elreydelsur","formatid":"gen4ou","rating":0,"private":0,"password":null}