{"id":"gen4uu-1704616091","p1":"ayevon","p2":"nataliesroom","format":"gen4uu","log":"|j|\u2606ayevon\n|j|\u203dnataliesroom\n|t:|1667794432\n|gametype|singles\n|player|p1|ayevon|2|\n|player|p2|nataliesroom|2|\n|teamsize|p1|6\n|teamsize|p2|6\n|gen|4\n|tier|[Gen 4] UU\n|rated|Tournament battle\n|rule|Sleep Clause Mod: Limit one foe put to sleep\n|rule|Species Clause: Limit one of each Pok\u00e9mon\n|rule|OHKO Clause: OHKO moves are banned\n|rule|Evasion Items Clause: Evasion items are banned\n|rule|Evasion Moves Clause: Evasion moves are banned\n|rule|Endless Battle Clause: Forcing endless battles is banned\n|rule|HP Percentage Mod: HP is shown in percentages\n|\n|t:|1667794432\n|start\n|switch|p1a: Mismagius|Mismagius, F|100\/100\n|switch|p2a: Omastar|Omastar, F|100\/100\n|turn|1\n|j| BB-8-NU\n|inactive|Battle timer is ON: inactive players will automatically lose when time's up. (requested by ayevon)\n|inactive|nataliesroom also wants the timer to be on.\n|j| Klauth01\n|j| FavMon=Garchomp\n|j| Real Randy\n|\n|t:|1667794444\n|move|p1a: Mismagius|Taunt|p2a: Omastar\n|-start|p2a: Omastar|move: Taunt\n|cant|p2a: Omastar|move: Taunt|Stealth Rock\n|\n|upkeep\n|turn|2\n|\n|t:|1667794447\n|switch|p2a: Kangaskhan|Kangaskhan, F|100\/100\n|move|p1a: Mismagius|Shadow Ball|p2a: Kangaskhan\n|-immune|p2a: Kangaskhan\n|\n|upkeep\n|turn|3\n|\n|t:|1667794451\n|move|p2a: Kangaskhan|Fake Out|p1a: Mismagius\n|-damage|p1a: Mismagius|70\/100\n|cant|p1a: Mismagius|flinch\n|\n|-heal|p1a: Mismagius|76\/100|[from] item: Leftovers\n|upkeep\n|turn|4\n|\n|t:|1667794464\n|move|p1a: Mismagius|Will-O-Wisp|p2a: Kangaskhan|[miss]\n|-miss|p1a: Mismagius|p2a: Kangaskhan\n|move|p2a: Kangaskhan|Double-Edge|p1a: Mismagius\n|-damage|p1a: Mismagius|0 fnt\n|faint|p1a: Mismagius\n|-damage|p2a: Kangaskhan|77\/100|[from] Recoil\n|\n|upkeep\n|\n|t:|1667794469\n|switch|p1a: Qwilfish|Qwilfish, F|100\/100\n|turn|5\n|\n|t:|1667794474\n|move|p2a: Kangaskhan|Earthquake|p1a: Qwilfish\n|-supereffective|p1a: Qwilfish\n|-damage|p1a: Qwilfish|35\/100\n|move|p1a: Qwilfish|Spikes|p2a: Kangaskhan\n|-sidestart|p2: nataliesroom|Spikes\n|\n|-heal|p1a: Qwilfish|41\/100|[from] item: Leftovers\n|upkeep\n|turn|6\n|\n|t:|1667794478\n|switch|p1a: Leafeon|Leafeon, F|100\/100\n|move|p2a: Kangaskhan|Earthquake|p1a: Leafeon\n|-resisted|p1a: Leafeon\n|-damage|p1a: Leafeon|91\/100\n|\n|-heal|p1a: Leafeon|97\/100|[from] item: Leftovers\n|upkeep\n|turn|7\n|\n|t:|1667794497\n|switch|p2a: Blaziken|Blaziken, M|100\/100\n|-damage|p2a: Blaziken|88\/100|[from] Spikes\n|move|p1a: Leafeon|Leaf Blade|p2a: Blaziken\n|-resisted|p2a: Blaziken\n|-damage|p2a: Blaziken|62\/100\n|\n|-heal|p1a: Leafeon|100\/100|[from] item: Leftovers\n|upkeep\n|turn|8\n|\n|t:|1667794502\n|switch|p1a: Arcanine|Arcanine, F|100\/100\n|-ability|p1a: Arcanine|Intimidate|boost\n|-unboost|p2a: Blaziken|atk|1\n|move|p2a: Blaziken|Swords Dance|p2a: Blaziken\n|-boost|p2a: Blaziken|atk|2\n|\n|upkeep\n|turn|9\n|\n|t:|1667794510\n|move|p1a: Arcanine|Extreme Speed|p2a: Blaziken\n|-damage|p2a: Blaziken|32\/100\n|move|p2a: Blaziken|Low Kick|p1a: Arcanine\n|-damage|p1a: Arcanine|3\/100\n|-damage|p2a: Blaziken|22\/100|[from] item: Life Orb\n|\n|-heal|p1a: Arcanine|10\/100|[from] item: Leftovers\n|upkeep\n|turn|10\n|\n|t:|1667794526\n|switch|p1a: Leafeon|Leafeon, F|100\/100\n|move|p2a: Blaziken|Quick Attack|p1a: Leafeon\n|-damage|p1a: Leafeon|80\/100\n|-damage|p2a: Blaziken|12\/100|[from] item: Life Orb\n|\n|-heal|p1a: Leafeon|86\/100|[from] item: Leftovers\n|upkeep\n|turn|11\n|j| gen 9 is AWfUL\n|\n|t:|1667794540\n|switch|p1a: Arcanine|Arcanine, F|10\/100\n|-ability|p1a: Arcanine|Intimidate|boost\n|-unboost|p2a: Blaziken|atk|1\n|move|p2a: Blaziken|Quick Attack|p1a: Arcanine\n|-crit|p1a: Arcanine\n|-damage|p1a: Arcanine|0 fnt\n|faint|p1a: Arcanine\n|-damage|p2a: Blaziken|2\/100|[from] item: Life Orb\n|\n|upkeep\n|\n|t:|1667794542\n|switch|p1a: Qwilfish|Qwilfish, F|41\/100\n|turn|12\n|\n|t:|1667794552\n|move|p1a: Qwilfish|Aqua Jet|p2a: Blaziken\n|-supereffective|p2a: Blaziken\n|-damage|p2a: Blaziken|0 fnt\n|faint|p2a: Blaziken\n|\n|-heal|p1a: Qwilfish|47\/100|[from] item: Leftovers\n|upkeep\n|j| efwrwwrqwrqwrq\n|\n|t:|1667794567\n|switch|p2a: Alakazam|Alakazam, M|100\/100\n|-damage|p2a: Alakazam|88\/100|[from] Spikes\n|turn|13\n|\n|t:|1667794569\n|switch|p1a: Clefable|Clefable, M|100\/100\n|move|p2a: Alakazam|Substitute|p2a: Alakazam\n|-start|p2a: Alakazam|Substitute\n|-damage|p2a: Alakazam|63\/100\n|\n|upkeep\n|turn|14\n|\n|t:|1667794575\n|move|p2a: Alakazam|Focus Blast|p1a: Clefable\n|-supereffective|p1a: Clefable\n|-damage|p1a: Clefable|21\/100\n|-damage|p2a: Alakazam|53\/100|[from] item: Life Orb\n|move|p1a: Clefable|Seismic Toss|p2a: Alakazam\n|-end|p2a: Alakazam|Substitute\n|\n|-heal|p1a: Clefable|27\/100|[from] item: Leftovers\n|upkeep\n|turn|15\n|\n|t:|1667794582\n|switch|p1a: Alakazam|Alakazam, M|100\/100\n|move|p2a: Alakazam|Psychic|p1a: Alakazam\n|-resisted|p1a: Alakazam\n|-damage|p1a: Alakazam|55\/100\n|-damage|p2a: Alakazam|44\/100|[from] item: Life Orb\n|\n|upkeep\n|turn|16\n|\n|t:|1667794593\n|switch|p2a: Spiritomb|Spiritomb, M|100\/100\n|-damage|p2a: Spiritomb|88\/100|[from] Spikes\n|-ability|p2a: Spiritomb|Pressure\n|move|p1a: Alakazam|Psychic|p2a: Spiritomb\n|-immune|p2a: Spiritomb\n|\n|upkeep\n|turn|17\n|\n|t:|1667794597\n|-activate|p1a: Alakazam|move: Pursuit\n|move|p2a: Spiritomb|Pursuit|p1a: Alakazam|[from]Pursuit\n|-supereffective|p1a: Alakazam\n|-damage|p1a: Alakazam|0 fnt\n|faint|p1a: Alakazam\n|-hint|Previously chosen switches continue in Gen 2-4 after a Pursuit target faints.\n|switch|p1a: Leafeon|Leafeon, F|86\/100\n|\n|-heal|p1a: Leafeon|92\/100|[from] item: Leftovers\n|upkeep\n|turn|18\n|\n|t:|1667794606\n|move|p1a: Leafeon|Leaf Blade|p2a: Spiritomb\n|-damage|p2a: Spiritomb|52\/100\n|move|p2a: Spiritomb|Will-O-Wisp|p1a: Leafeon\n|-status|p1a: Leafeon|brn\n|\n|-heal|p1a: Leafeon|98\/100 brn|[from] item: Leftovers\n|-damage|p1a: Leafeon|86\/100 brn|[from] brn\n|upkeep\n|turn|19\n|j| jetsons\n|-message|ayevon forfeited.\n|\n|win|nataliesroom\n|n|\u2606ayevon|ayevon\n|n|\u203dnataliesroom|nataliesroom\n|n| BB-8-NU|bb8nu\n|n| Klauth01|klauth01\n|n| FavMon=Garchomp|favmongarchomp\n|n| Real Randy|realrandy\n|n| gen 9 is AWfUL|gen9isawful\n|n| efwrwwrqwrqwrq|efwrwwrqwrqwrq\n|n| jetsons|jetsons\n","uploadtime":1667794612,"views":5,"p1id":"ayevon","p2id":"nataliesroom","formatid":"gen4uu","rating":0,"private":0,"password":null}