{"id":"gen4ou-1109239451","p1":"DeltaRott","p2":"big boss 447","format":"gen4ou","log":"|j|\u2606DeltaRott\n|j|\u2606big boss 447\n|player|p1|DeltaRott|269|1301\n|player|p2|big boss 447|n|1380\n|teamsize|p1|6\n|teamsize|p2|6\n|gametype|singles\n|gen|4\n|tier|[Gen 4] OU\n|rated|\n|rule|Sleep Clause Mod: Limit one foe put to sleep\n|rule|Species Clause: Limit one of each Pok\u00e9mon\n|rule|OHKO Clause: OHKO moves are banned\n|rule|Evasion Moves Clause: Evasion moves are banned\n|rule|Endless Battle Clause: Forcing endless battles is banned\n|rule|HP Percentage Mod: HP is shown in percentages\n|rule|Baton Pass Clause: Limit one Baton Passer, can't pass Spe and other stats simultaneously\n|\n|start\n|switch|p1a: Zapdos|Zapdos|100\/100\n|switch|p2a: Skarmory|Skarmory, F|100\/100\n|-ability|p1a: Zapdos|Pressure\n|turn|1\n|\n|switch|p2a: Tyranitar|Tyranitar, M|100\/100\n|-weather|Sandstorm|[from] ability: Sand Stream|[of] p2a: Tyranitar\n|move|p1a: Zapdos|Thunderbolt|p2a: Tyranitar\n|-damage|p2a: Tyranitar|72\/100\n|\n|-weather|Sandstorm|[upkeep]\n|-damage|p1a: Zapdos|94\/100|[from] Sandstorm\n|upkeep\n|turn|2\n|\n|move|p1a: Zapdos|U-turn|p2a: Tyranitar\n|-supereffective|p2a: Tyranitar\n|-damage|p2a: Tyranitar|51\/100\n|\n|switch|p1a: Breloom|Breloom, F|100\/100|[from]move: U-turn\n|move|p2a: Tyranitar|Stealth Rock|p1a: Breloom\n|-sidestart|p1: DeltaRott|move: Stealth Rock\n|\n|-weather|Sandstorm|[upkeep]\n|-damage|p1a: Breloom|94\/100|[from] Sandstorm\n|-status|p1a: Breloom|tox|[from] item: Toxic Orb\n|upkeep\n|turn|3\n|\n|move|p1a: Breloom|Spore|p2a: Tyranitar\n|-status|p2a: Tyranitar|slp|[from] move: Spore\n|cant|p2a: Tyranitar|slp\n|\n|-weather|Sandstorm|[upkeep]\n|-damage|p1a: Breloom|88\/100 tox|[from] Sandstorm\n|-heal|p1a: Breloom|100\/100 tox|[from] ability: Poison Heal\n|upkeep\n|turn|4\n|\n|switch|p2a: Rotom|Rotom-Heat|100\/100\n|move|p1a: Breloom|Seed Bomb|p2a: Rotom\n|-crit|p2a: Rotom\n|-damage|p2a: Rotom|0 fnt\n|faint|p2a: Rotom\n|\n|-weather|Sandstorm|[upkeep]\n|-damage|p1a: Breloom|94\/100 tox|[from] Sandstorm\n|-heal|p1a: Breloom|100\/100 tox|[from] ability: Poison Heal\n|upkeep\n|\n|switch|p2a: Latias|Latias, F|100\/100\n|turn|5\n|\n|switch|p1a: Tyranitar|Tyranitar, M|100\/100\n|-damage|p1a: Tyranitar|88\/100|[from] Stealth Rock\n|move|p2a: Latias|Draco Meteor|p1a: Tyranitar\n|-damage|p1a: Tyranitar|22\/100\n|-unboost|p2a: Latias|spa|2\n|\n|-weather|Sandstorm|[upkeep]\n|-damage|p2a: Latias|95\/100|[from] Sandstorm\n|upkeep\n|turn|6\n|\n|move|p2a: Latias|Draco Meteor|p1a: Tyranitar\n|-damage|p1a: Tyranitar|0 fnt\n|-unboost|p2a: Latias|spa|2\n|faint|p1a: Tyranitar\n|\n|-weather|Sandstorm|[upkeep]\n|-damage|p2a: Latias|89\/100|[from] Sandstorm\n|upkeep\n|\n|switch|p1a: Starmie|Starmie|100\/100\n|-damage|p1a: Starmie|88\/100|[from] Stealth Rock\n|turn|7\n|\n|switch|p2a: Scizor|Scizor, M|100\/100\n|move|p1a: Starmie|Rapid Spin|p2a: Scizor\n|-resisted|p2a: Scizor\n|-damage|p2a: Scizor|99\/100\n|-sideend|p1: DeltaRott|Stealth Rock|[from] move: Rapid Spin|[of] p1a: Starmie\n|\n|-weather|Sandstorm|[upkeep]\n|-damage|p1a: Starmie|82\/100|[from] Sandstorm\n|-heal|p1a: Starmie|88\/100|[from] item: Leftovers\n|upkeep\n|turn|8\n|\n|move|p1a: Starmie|Surf|p2a: Scizor\n|-damage|p2a: Scizor|57\/100\n|move|p2a: Scizor|U-turn|p1a: Starmie\n|-supereffective|p1a: Starmie\n|-damage|p1a: Starmie|0 fnt\n|faint|p1a: Starmie\n|\n|switch|p2a: Latias|Latias, F|89\/100|[from]move: U-turn\n|\n|-weather|Sandstorm|[upkeep]\n|-damage|p2a: Latias|83\/100|[from] Sandstorm\n|upkeep\n|\n|switch|p1a: Zapdos|Zapdos|94\/100\n|-ability|p1a: Zapdos|Pressure\n|turn|9\n|\n|switch|p1a: Heatran|Heatran, M|100\/100\n|move|p2a: Latias|Dragon Pulse|p1a: Heatran\n|-resisted|p1a: Heatran\n|-damage|p1a: Heatran|68\/100\n|\n|-weather|Sandstorm|[upkeep]\n|-damage|p2a: Latias|77\/100|[from] Sandstorm\n|upkeep\n|turn|10\n|\n|move|p1a: Heatran|Explosion|p2a: Latias\n|-damage|p2a: Latias|0 fnt\n|faint|p1a: Heatran\n|faint|p2a: Latias\n|\n|-weather|Sandstorm|[upkeep]\n|upkeep\n|\n|switch|p2a: Dugtrio|Dugtrio, M|100\/100\n|switch|p1a: Zapdos|Zapdos|94\/100\n|-ability|p1a: Zapdos|Pressure\n|turn|11\n|\n|switch|p1a: Breloom|Breloom, F|100\/100 tox\n|move|p2a: Dugtrio|Stone Edge|p1a: Breloom\n|-resisted|p1a: Breloom\n|-damage|p1a: Breloom|69\/100 tox\n|\n|-weather|Sandstorm|[upkeep]\n|-damage|p1a: Breloom|63\/100 tox|[from] Sandstorm\n|-heal|p1a: Breloom|75\/100 tox|[from] ability: Poison Heal\n|upkeep\n|turn|12\n|\n|switch|p2a: Skarmory|Skarmory, F|100\/100\n|move|p1a: Breloom|Superpower|p2a: Skarmory\n|-damage|p2a: Skarmory|51\/100\n|-unboost|p1a: Breloom|atk|1\n|-unboost|p1a: Breloom|def|1\n|\n|-weather|Sandstorm|[upkeep]\n|-damage|p1a: Breloom|69\/100 tox|[from] Sandstorm\n|-heal|p2a: Skarmory|57\/100|[from] item: Leftovers\n|-heal|p1a: Breloom|81\/100 tox|[from] ability: Poison Heal\n|upkeep\n|turn|13\n|\n|switch|p1a: Zapdos|Zapdos|94\/100\n|-ability|p1a: Zapdos|Pressure\n|move|p2a: Skarmory|Stealth Rock|p1a: Zapdos\n|-sidestart|p1: DeltaRott|move: Stealth Rock\n|\n|-weather|Sandstorm|[upkeep]\n|-damage|p1a: Zapdos|88\/100|[from] Sandstorm\n|-heal|p2a: Skarmory|63\/100|[from] item: Leftovers\n|upkeep\n|turn|14\n|\n|switch|p2a: Dugtrio|Dugtrio, M|100\/100\n|move|p1a: Zapdos|Thunderbolt|p2a: Dugtrio\n|-immune|p2a: Dugtrio\n|\n|-weather|Sandstorm|[upkeep]\n|-damage|p1a: Zapdos|82\/100|[from] Sandstorm\n|upkeep\n|turn|15\n|\n|move|p2a: Dugtrio|Pursuit|p1a: Zapdos\n|-damage|p1a: Zapdos|63\/100\n|move|p1a: Zapdos|Hidden Power|p2a: Dugtrio\n|-supereffective|p2a: Dugtrio\n|-damage|p2a: Dugtrio|0 fnt\n|faint|p2a: Dugtrio\n|\n|-weather|Sandstorm|[upkeep]\n|-damage|p1a: Zapdos|57\/100|[from] Sandstorm\n|upkeep\n|-message|big boss 447 forfeited.\n|\n|win|DeltaRott\n|l|\u2606big boss 447\n","uploadtime":1588700919,"views":6,"p1id":"deltarott","p2id":"bigboss447","formatid":"gen4ou","rating":0,"private":0,"password":null}