{"id":"gen4ou-1651903526","p1":"THENUMBERONEPLAYER","p2":"SkipTheDripBayless","format":"gen4ou","log":"|j|\u2606THENUMBERONEPLAYER\n|j|\u2606SkipTheDripBayless\n|t:|1661871420\n|gametype|singles\n|player|p1|THENUMBERONEPLAYER|ninjaboy|1000\n|player|p2|SkipTheDripBayless|worker-gen4|1041\n|teamsize|p1|6\n|teamsize|p2|6\n|gen|4\n|tier|[Gen 4] OU\n|rated|\n|rule|Sleep Clause Mod: Limit one foe put to sleep\n|rule|Species Clause: Limit one of each Pok\u00e9mon\n|rule|OHKO Clause: OHKO moves are banned\n|rule|Evasion Items Clause: Evasion items are banned\n|rule|Evasion Moves Clause: Evasion moves are banned\n|rule|Endless Battle Clause: Forcing endless battles is banned\n|rule|HP Percentage Mod: HP is shown in percentages\n|rule|Freeze Clause Mod: Limit one foe frozen\n|\n|t:|1661871420\n|start\n|switch|p1a: FEAR MY WRATH|Dragonite, M|100\/100\n|switch|p2a: Uxie|Uxie|100\/100\n|turn|1\n|inactive|Battle timer is ON: inactive players will automatically lose when time's up. (requested by THENUMBERONEPLAYER)\n|c|\u2606THENUMBERONEPLAYER|THIS IS THE END FOR YOU\n|c|\u2606THENUMBERONEPLAYER|I HOPE YOU ARE READY\n|c|\u2606THENUMBERONEPLAYER|SHANNON CANT SAVE YOU\n|inactive|SkipTheDripBayless has 120 seconds left.\n|j| Sww-Suwa\n|c|\u2606THENUMBERONEPLAYER|SKIYUP\n|j| The art of\n|\n|t:|1661871471\n|move|p2a: Uxie|Thunder Wave|p1a: FEAR MY WRATH\n|-status|p1a: FEAR MY WRATH|par\n|move|p1a: FEAR MY WRATH|Leer|p2a: Uxie\n|-unboost|p2a: Uxie|def|1\n|\n|upkeep\n|turn|2\n|j| JustSol\n|\n|t:|1661871477\n|move|p2a: Uxie|Stealth Rock|p1a: FEAR MY WRATH\n|-sidestart|p1: THENUMBERONEPLAYER|move: Stealth Rock\n|move|p1a: FEAR MY WRATH|Wrap|p2a: Uxie|[miss]\n|-miss|p1a: FEAR MY WRATH|p2a: Uxie\n|\n|upkeep\n|turn|3\n|j| reionatro\n|c|\u2606SkipTheDripBayless|aint no way\n|\n|t:|1661871487\n|move|p2a: Uxie|U-turn|p1a: FEAR MY WRATH\n|-resisted|p1a: FEAR MY WRATH\n|-crit|p1a: FEAR MY WRATH\n|-damage|p1a: FEAR MY WRATH|91\/100 par\n|l| reionatro\n|\n|t:|1661871489\n|switch|p2a: Tyranitar|Tyranitar, M|100\/100|[from]move: U-turn\n|-weather|Sandstorm|[from] ability: Sand Stream|[of] p2a: Tyranitar\n|move|p1a: FEAR MY WRATH|Wrap|p2a: Tyranitar\n|-resisted|p2a: Tyranitar\n|-crit|p2a: Tyranitar\n|-damage|p2a: Tyranitar|96\/100\n|-activate|p2a: Tyranitar|move: Wrap|[of] p1a: FEAR MY WRATH\n|\n|-weather|Sandstorm|[upkeep]\n|-damage|p1a: FEAR MY WRATH|85\/100 par|[from] Sandstorm\n|-damage|p2a: Tyranitar|90\/100|[from] move: Wrap|[partiallytrapped]\n|upkeep\n|turn|4\n|c| The art of|Oh no\n|\n|t:|1661871501\n|move|p2a: Tyranitar|Dragon Dance|p2a: Tyranitar\n|-boost|p2a: Tyranitar|atk|1\n|-boost|p2a: Tyranitar|spe|1\n|move|p1a: FEAR MY WRATH|Leer|p2a: Tyranitar\n|-unboost|p2a: Tyranitar|def|1\n|\n|-weather|Sandstorm|[upkeep]\n|-damage|p1a: FEAR MY WRATH|79\/100 par|[from] Sandstorm\n|-damage|p2a: Tyranitar|84\/100|[from] move: Wrap|[partiallytrapped]\n|upkeep\n|turn|5\n|c|\u2606THENUMBERONEPLAYER|OH YES\n|\n|t:|1661871510\n|move|p2a: Tyranitar|Ice Punch|p1a: FEAR MY WRATH\n|-supereffective|p1a: FEAR MY WRATH\n|-damage|p1a: FEAR MY WRATH|0 fnt\n|faint|p1a: FEAR MY WRATH\n|\n|-weather|Sandstorm|[upkeep]\n|upkeep\n|\n|t:|1661871515\n|switch|p1a: I WILL DESTROY YOU|Charizard, F|100\/100\n|-damage|p1a: I WILL DESTROY YOU|51\/100|[from] Stealth Rock\n|turn|6\n|c| JustSol|shannon can save you\n|\n|t:|1661871520\n|move|p2a: Tyranitar|Crunch|p1a: I WILL DESTROY YOU\n|-damage|p1a: I WILL DESTROY YOU|0 fnt\n|faint|p1a: I WILL DESTROY YOU\n|\n|-weather|Sandstorm|[upkeep]\n|upkeep\n|\n|t:|1661871524\n|switch|p1a: THIS IS YOUR DOOM|Nidoking, M|100\/100\n|-damage|p1a: THIS IS YOUR DOOM|95\/100|[from] Stealth Rock\n|turn|7\n|\n|t:|1661871531\n|move|p2a: Tyranitar|Earthquake|p1a: THIS IS YOUR DOOM\n|-supereffective|p1a: THIS IS YOUR DOOM\n|-damage|p1a: THIS IS YOUR DOOM|0 fnt\n|faint|p1a: THIS IS YOUR DOOM\n|\n|-weather|Sandstorm|[upkeep]\n|upkeep\n|c|\u2606THENUMBERONEPLAYER|STEPHEN A IS COMING\n|\n|t:|1661871538\n|switch|p1a: RUN FOR YOUR LIFE|Machamp, M|100\/100\n|-damage|p1a: RUN FOR YOUR LIFE|94\/100|[from] Stealth Rock\n|turn|8\n|c| The art of|Don't disappoint me NUMBER ONE PLAYER\n|c| JustSol|true\n|c|\u2606SkipTheDripBayless|the way machamp came out\n|c|\u2606SkipTheDripBayless|wass hella scary\n|c| JustSol|dont let shannon save him\n|c|\u2606SkipTheDripBayless|wit that name\n|\n|t:|1661871560\n|switch|p2a: Uxie|Uxie|100\/100\n|move|p1a: RUN FOR YOUR LIFE|Scary Face|p2a: Uxie|[miss]\n|-miss|p1a: RUN FOR YOUR LIFE|p2a: Uxie\n|\n|-weather|Sandstorm|[upkeep]\n|-damage|p2a: Uxie|94\/100|[from] Sandstorm\n|-damage|p1a: RUN FOR YOUR LIFE|88\/100|[from] Sandstorm\n|upkeep\n|turn|9\n|\n|t:|1661871570\n|move|p2a: Uxie|Thunder Wave|p1a: RUN FOR YOUR LIFE\n|-status|p1a: RUN FOR YOUR LIFE|par\n|move|p1a: RUN FOR YOUR LIFE|Encore|p2a: Uxie\n|-start|p2a: Uxie|Encore\n|\n|-weather|Sandstorm|[upkeep]\n|-damage|p2a: Uxie|88\/100|[from] Sandstorm\n|-damage|p1a: RUN FOR YOUR LIFE|82\/100 par|[from] Sandstorm\n|upkeep\n|turn|10\n|c| The art of|It has a scary face\n|\n|t:|1661871578\n|switch|p2a: Gyarados|Gyarados, F, shiny|100\/100\n|-ability|p2a: Gyarados|Intimidate|boost\n|-unboost|p1a: RUN FOR YOUR LIFE|atk|1\n|move|p1a: RUN FOR YOUR LIFE|Scary Face|p2a: Gyarados\n|-unboost|p2a: Gyarados|spe|2\n|\n|-weather|Sandstorm|[upkeep]\n|-damage|p2a: Gyarados|94\/100|[from] Sandstorm\n|-damage|p1a: RUN FOR YOUR LIFE|76\/100 par|[from] Sandstorm\n|upkeep\n|turn|11\n|\n|t:|1661871588\n|move|p2a: Gyarados|Waterfall|p1a: RUN FOR YOUR LIFE\n|-damage|p1a: RUN FOR YOUR LIFE|34\/100 par\n|move|p1a: RUN FOR YOUR LIFE|Encore|p2a: Gyarados\n|-start|p2a: Gyarados|Encore\n|\n|-weather|Sandstorm|[upkeep]\n|-damage|p2a: Gyarados|88\/100|[from] Sandstorm\n|-damage|p1a: RUN FOR YOUR LIFE|27\/100 par|[from] Sandstorm\n|upkeep\n|turn|12\n|c| JustSol|bro got spooked\n|\n|t:|1661871596\n|move|p2a: Gyarados|Waterfall|p1a: RUN FOR YOUR LIFE\n|-damage|p1a: RUN FOR YOUR LIFE|0 fnt\n|faint|p1a: RUN FOR YOUR LIFE\n|\n|-weather|Sandstorm|[upkeep]\n|-damage|p2a: Gyarados|82\/100|[from] Sandstorm\n|upkeep\n|c|\u2606THENUMBERONEPLAYER|YOU'VE ANGERED THE BEAST NOW\n|\n|t:|1661871606\n|switch|p1a: TRIED TO WARN YOU|Feraligatr, F|100\/100\n|-damage|p1a: TRIED TO WARN YOU|88\/100|[from] Stealth Rock\n|turn|13\n|c|\u2606SkipTheDripBayless|oh no\n|c|\u2606SkipTheDripBayless|please\n|c|\u2606THENUMBERONEPLAYER|MAX KELLERMAN IS COMING\n|\n|t:|1661871616\n|switch|p2a: Magnezone|Magnezone, shiny|100\/100\n|move|p1a: TRIED TO WARN YOU|Screech|p2a: Magnezone\n|-unboost|p2a: Magnezone|def|2\n|\n|-weather|Sandstorm|[upkeep]\n|-damage|p1a: TRIED TO WARN YOU|82\/100|[from] Sandstorm\n|upkeep\n|turn|14\n|\n|t:|1661871623\n|switch|p2a: Uxie|Uxie|88\/100\n|move|p1a: TRIED TO WARN YOU|Screech|p2a: Uxie|[miss]\n|-miss|p1a: TRIED TO WARN YOU|p2a: Uxie\n|\n|-weather|Sandstorm|[upkeep]\n|-damage|p2a: Uxie|82\/100|[from] Sandstorm\n|-damage|p1a: TRIED TO WARN YOU|76\/100|[from] Sandstorm\n|upkeep\n|turn|15\n|c| JustSol|the way he whipped out feraligatr\n|\n|t:|1661871632\n|move|p2a: Uxie|Thunder Wave|p1a: TRIED TO WARN YOU\n|-status|p1a: TRIED TO WARN YOU|par\n|move|p1a: TRIED TO WARN YOU|Agility|p1a: TRIED TO WARN YOU\n|-boost|p1a: TRIED TO WARN YOU|spe|2\n|\n|-weather|Sandstorm|[upkeep]\n|-damage|p2a: Uxie|76\/100|[from] Sandstorm\n|-damage|p1a: TRIED TO WARN YOU|70\/100 par|[from] Sandstorm\n|upkeep\n|turn|16\n|\n|t:|1661871641\n|move|p2a: Uxie|U-turn|p1a: TRIED TO WARN YOU\n|-damage|p1a: TRIED TO WARN YOU|61\/100 par\n|\n|t:|1661871654\n|switch|p2a: Magnezone|Magnezone, shiny|100\/100|[from]move: U-turn\n|cant|p1a: TRIED TO WARN YOU|par\n|\n|-weather|Sandstorm|[upkeep]\n|-damage|p1a: TRIED TO WARN YOU|55\/100 par|[from] Sandstorm\n|upkeep\n|turn|17\n|c| JustSol|massive comeback coming\n|\n|t:|1661871661\n|move|p2a: Magnezone|Thunderbolt|p1a: TRIED TO WARN YOU\n|-supereffective|p1a: TRIED TO WARN YOU\n|-damage|p1a: TRIED TO WARN YOU|0 fnt\n|faint|p1a: TRIED TO WARN YOU\n|\n|-weather|Sandstorm|[upkeep]\n|upkeep\n|c|\u2606THENUMBERONEPLAYER|I TRIED TO SAVE YOU\n|\n|t:|1661871670\n|switch|p1a: GOODBYE|Tyranitar, M|100\/100\n|-damage|p1a: GOODBYE|88\/100|[from] Stealth Rock\n|turn|18\n|\n|t:|1661871674\n|move|p1a: GOODBYE|Dragon Dance|p1a: GOODBYE\n|-boost|p1a: GOODBYE|atk|1\n|-boost|p1a: GOODBYE|spe|1\n|move|p2a: Magnezone|Thunder Wave|p1a: GOODBYE\n|-status|p1a: GOODBYE|par\n|-enditem|p1a: GOODBYE|Lum Berry|[eat]\n|-curestatus|p1a: GOODBYE|par|[msg]\n|\n|-weather|Sandstorm|[upkeep]\n|upkeep\n|turn|19\n|c| The art of|OmL\n|\n|t:|1661871687\n|move|p1a: GOODBYE|Earthquake|p2a: Magnezone\n|-supereffective|p2a: Magnezone\n|-crit|p2a: Magnezone\n|-damage|p2a: Magnezone|0 fnt\n|faint|p2a: Magnezone\n|\n|-weather|Sandstorm|[upkeep]\n|upkeep\n|\n|t:|1661871692\n|switch|p2a: Gyarados|Gyarados, F, shiny|82\/100\n|-ability|p2a: Gyarados|Intimidate|boost\n|-unboost|p1a: GOODBYE|atk|1\n|turn|20\n|c| JustSol|comeback?\n|\n|t:|1661871698\n|move|p1a: GOODBYE|Stone Edge|p2a: Gyarados\n|-supereffective|p2a: Gyarados\n|-damage|p2a: Gyarados|0 fnt\n|faint|p2a: Gyarados\n|\n|-weather|Sandstorm|[upkeep]\n|upkeep\n|\n|t:|1661871702\n|switch|p2a: Uxie|Uxie|76\/100\n|turn|21\n|c| JustSol|oh my\n|c| The art of|OHHHHHH\n|\n|t:|1661871705\n|move|p1a: GOODBYE|Crunch|p2a: Uxie\n|-supereffective|p2a: Uxie\n|-damage|p2a: Uxie|6\/100\n|-unboost|p2a: Uxie|def|1\n|move|p2a: Uxie|Thunder Wave|p1a: GOODBYE\n|-status|p1a: GOODBYE|par\n|\n|-weather|Sandstorm|[upkeep]\n|-damage|p2a: Uxie|0 fnt|[from] Sandstorm\n|faint|p2a: Uxie\n|upkeep\n|c| JustSol|OHHHHHHHH\n|\n|t:|1661871711\n|switch|p2a: Dragonite|Dragonite, M|100\/100\n|turn|22\n|c| The art of|Damn\n|\n|t:|1661871716\n|move|p2a: Dragonite|Earthquake|p1a: GOODBYE\n|-supereffective|p1a: GOODBYE\n|-damage|p1a: GOODBYE|14\/100 par\n|move|p1a: GOODBYE|Stone Edge|p2a: Dragonite\n|-supereffective|p2a: Dragonite\n|-damage|p2a: Dragonite|0 fnt\n|faint|p2a: Dragonite\n|\n|-weather|Sandstorm|[upkeep]\n|upkeep\n|\n|t:|1661871718\n|switch|p2a: Tyranitar|Tyranitar, M|84\/100\n|turn|23\n|j| Mimikyu Stardust\n|\n|t:|1661871726\n|move|p2a: Tyranitar|Earthquake|p1a: GOODBYE\n|-supereffective|p1a: GOODBYE\n|-damage|p1a: GOODBYE|0 fnt\n|faint|p1a: GOODBYE\n|\n|win|SkipTheDripBayless\n|raw|THENUMBERONEPLAYER's rating: 1000 &rarr; <strong>1000<\/strong><br \/>(+0 for losing)\n|raw|SkipTheDripBayless's rating: 1041 &rarr; <strong>1071<\/strong><br \/>(+30 for winning)\n|l| Sww-Suwa\n","uploadtime":1661871732,"views":2,"p1id":"thenumberoneplayer","p2id":"skipthedripbayless","formatid":"gen4ou","rating":1000,"private":0,"password":null}