{"id":"gen5ou-1572150931","p1":"Regidragoons","p2":"Trogba Trogba","format":"gen5ou","log":"|j|\u2606Regidragoons\n|j|\u2606Trogba Trogba\n|inactive|Battle timer is ON: inactive players will automatically lose when time's up.\n|t:|1652232559\n|gametype|singles\n|player|p1|Regidragoons|koga-gen1|\n|player|p2|Trogba Trogba|lance|\n|teamsize|p1|6\n|teamsize|p2|6\n|gen|5\n|tier|[Gen 5] OU\n|rated|Tournament battle\n|rule|Species Clause: Limit one of each Pok\u00e9mon\n|rule|OHKO Clause: OHKO moves are banned\n|rule|Moody Clause: Moody is banned\n|rule|Evasion Moves Clause: Evasion moves are banned\n|rule|Endless Battle Clause: Forcing endless battles is banned\n|rule|HP Percentage Mod: HP is shown in percentages\n|rule|Evasion Abilities Clause: Evasion abilities are banned\n|rule|Sleep Clause: Sleep-inducing moves are banned\n|rule|Swagger Clause: Swagger is banned\n|clearpoke\n|poke|p1|Politoed, F|item\n|poke|p1|Ferrothorn, M|item\n|poke|p1|Scizor, F|item\n|poke|p1|Landorus-Therian, M|item\n|poke|p1|Thundurus-Therian, M|item\n|poke|p1|Keldeo-Resolute|item\n|poke|p2|Excadrill, F|item\n|poke|p2|Gliscor, M|item\n|poke|p2|Ferrothorn, F|item\n|poke|p2|Keldeo-Resolute|item\n|poke|p2|Dragonite, M|item\n|poke|p2|Tyranitar, M|item\n|teampreview\n|inactive|Regidragoons also wants the timer to be on.\n|j| SmackPackt\n|j| Nakatamy\n|j| ikoero\n|j| Lord Xen III\n|l| ikoero\n|j| ARandomL0gan\n|j| sm00th af\n|j| ppev\n|j| regichaad\n|j| StupidIdiotMe\n|inactive|Trogba Trogba has 120 seconds left.\n|inactive|Regidragoons has 120 seconds left.\n|inactive|Regidragoons has 90 seconds left.\n|j| ikoero\n|\n|t:|1652232636\n|start\n|switch|p1a: Scizor|Scizor, F|100\/100\n|switch|p2a: Keldeo|Keldeo-Resolute|100\/100\n|turn|1\n|j|%Mimikyu Stardust\n|c| ARandomL0gan|love how there are so many people watching lol\n|\n|t:|1652232649\n|move|p2a: Keldeo|Hydro Pump|p1a: Scizor\n|-damage|p1a: Scizor|20\/100\n|move|p1a: Scizor|Superpower|p2a: Keldeo\n|-damage|p2a: Keldeo|28\/100\n|-unboost|p1a: Scizor|atk|1\n|-unboost|p1a: Scizor|def|1\n|-damage|p1a: Scizor|10\/100|[from] item: Life Orb\n|\n|upkeep\n|turn|2\n|c| SmackPackt|its finals\n|\n|t:|1652232656\n|move|p1a: Scizor|Bullet Punch|p2a: Keldeo\n|-resisted|p2a: Keldeo\n|-damage|p2a: Keldeo|12\/100\n|-damage|p1a: Scizor|0 fnt|[from] item: Life Orb\n|faint|p1a: Scizor\n|move|p2a: Keldeo|Secret Sword|p1: Scizor|[notarget]\n|-fail|p2a: Keldeo\n|\n|upkeep\n|\n|t:|1652232662\n|switch|p1a: Keldeo|Keldeo-Resolute|100\/100\n|turn|3\n|c| ARandomL0gan|was not aware\n|\n|t:|1652232674\n|move|p1a: Keldeo|Scald|p2a: Keldeo\n|-resisted|p2a: Keldeo\n|-damage|p2a: Keldeo|0 fnt\n|faint|p2a: Keldeo\n|\n|upkeep\n|j| cursedstar\n|j| AquaticCarlie\n|\n|t:|1652232689\n|switch|p2a: Ferrothorn|Ferrothorn, F|100\/100\n|turn|4\n|\n|t:|1652232698\n|switch|p1a: Thundurus|Thundurus-Therian, M|100\/100\n|move|p2a: Ferrothorn|Spikes|p1a: Thundurus\n|-sidestart|p1: Regidragoons|Spikes\n|\n|upkeep\n|turn|5\n|\n|t:|1652232701\n|move|p1a: Thundurus|Nasty Plot|p1a: Thundurus\n|-boost|p1a: Thundurus|spa|2\n|move|p2a: Ferrothorn|Toxic|p1a: Thundurus|[miss]\n|-miss|p2a: Ferrothorn|p1a: Thundurus\n|\n|upkeep\n|turn|6\n|c|\u2606Trogba Trogba|well shit\n|\n|t:|1652232708\n|switch|p2a: Excadrill|Excadrill, F|100\/100\n|move|p1a: Thundurus|Focus Blast|p2a: Excadrill\n|-supereffective|p2a: Excadrill\n|-damage|p2a: Excadrill|0 fnt\n|faint|p2a: Excadrill\n|-damage|p1a: Thundurus|91\/100|[from] item: Life Orb\n|\n|upkeep\n|\n|t:|1652232713\n|switch|p2a: Dragonite|Dragonite, M|100\/100\n|turn|7\n|\n|t:|1652232719\n|move|p1a: Thundurus|Hidden Power|p2a: Dragonite\n|-supereffective|p2a: Dragonite\n|-damage|p2a: Dragonite|0 fnt\n|faint|p2a: Dragonite\n|-damage|p1a: Thundurus|81\/100|[from] item: Life Orb\n|\n|upkeep\n|c|\u2606Trogba Trogba|yeah\n|c|\u2606Trogba Trogba|well that was fun\n|\n|t:|1652232728\n|switch|p2a: Tyranitar|Tyranitar, M|100\/100\n|-weather|Sandstorm|[from] ability: Sand Stream|[of] p2a: Tyranitar\n|turn|8\n|\n|t:|1652232731\n|move|p1a: Thundurus|Focus Blast|p2a: Tyranitar\n|-supereffective|p2a: Tyranitar\n|-enditem|p2a: Tyranitar|Focus Sash\n|-damage|p2a: Tyranitar|1\/100\n|-damage|p1a: Thundurus|71\/100|[from] item: Life Orb\n|move|p2a: Tyranitar|Ice Beam|p1a: Thundurus\n|-supereffective|p1a: Thundurus\n|-damage|p1a: Thundurus|0 fnt\n|faint|p1a: Thundurus\n|\n|-weather|Sandstorm|[upkeep]\n|upkeep\n|c|\u2606Trogba Trogba|gg\n|l| Nakatamy\n|l| ikoero\n|\n|t:|1652232753\n|switch|p1a: Ferrothorn|Ferrothorn, M|100\/100\n|-damage|p1a: Ferrothorn|88\/100|[from] Spikes\n|turn|9\n|c| SmackPackt|why did you sack drill and dnite if you had this\n|l| ppev\n|\n|t:|1652232757\n|move|p2a: Tyranitar|Fire Blast|p1a: Ferrothorn\n|-supereffective|p1a: Ferrothorn\n|-damage|p1a: Ferrothorn|0 fnt\n|faint|p1a: Ferrothorn\n|\n|-weather|Sandstorm|[upkeep]\n|upkeep\n|l|%Mimikyu Stardust\n|j| ppev\n|\n|t:|1652232774\n|switch|p1a: Keldeo|Keldeo-Resolute|100\/100\n|-damage|p1a: Keldeo|88\/100|[from] Spikes\n|turn|10\n|c|\u2606Trogba Trogba|dunno mate\n|c|\u2606Trogba Trogba|im tired\n|\n|t:|1652232794\n|move|p1a: Keldeo|Scald|p2a: Tyranitar\n|-supereffective|p2a: Tyranitar\n|-damage|p2a: Tyranitar|0 fnt\n|faint|p2a: Tyranitar\n|\n|-weather|Sandstorm|[upkeep]\n|-damage|p1a: Keldeo|82\/100|[from] Sandstorm\n|upkeep\n|\n|t:|1652232795\n|switch|p2a: Ferrothorn|Ferrothorn, F|100\/100\n|turn|11\n|\n|t:|1652232802\n|switch|p1a: Landorus|Landorus-Therian, M|100\/100\n|-ability|p1a: Landorus|Intimidate|boost\n|-unboost|p2a: Ferrothorn|atk|1\n|move|p2a: Ferrothorn|Leech Seed|p1a: Landorus\n|-start|p1a: Landorus|move: Leech Seed\n|\n|-weather|Sandstorm|[upkeep]\n|-damage|p1a: Landorus|88\/100|[from] Leech Seed|[of] p2a: Ferrothorn\n|upkeep\n|turn|12\n|\n|t:|1652232820\n|move|p1a: Landorus|Earthquake|p2a: Ferrothorn\n|-damage|p2a: Ferrothorn|73\/100\n|move|p2a: Ferrothorn|Spikes|p1a: Landorus\n|-sidestart|p1: Regidragoons|Spikes\n|\n|-weather|Sandstorm|[upkeep]\n|-heal|p1a: Landorus|94\/100|[from] item: Leftovers\n|-damage|p1a: Landorus|82\/100|[from] Leech Seed|[of] p2a: Ferrothorn\n|-heal|p2a: Ferrothorn|87\/100|[silent]\n|upkeep\n|turn|13\n|l| ppev\n|\n|t:|1652232831\n|move|p2a: Ferrothorn|Protect|p2a: Ferrothorn\n|-singleturn|p2a: Ferrothorn|Protect\n|move|p1a: Landorus|Explosion|p2a: Ferrothorn\n|-activate|p2a: Ferrothorn|move: Protect\n|faint|p1a: Landorus\n|\n|-weather|Sandstorm|[upkeep]\n|upkeep\n|\n|t:|1652232834\n|switch|p1a: Keldeo|Keldeo-Resolute|82\/100\n|-damage|p1a: Keldeo|66\/100|[from] Spikes\n|turn|14\n|\n|t:|1652232843\n|move|p1a: Keldeo|Secret Sword|p2a: Ferrothorn\n|-supereffective|p2a: Ferrothorn\n|-damage|p2a: Ferrothorn|28\/100\n|move|p2a: Ferrothorn|Toxic|p1a: Keldeo|[miss]\n|-miss|p2a: Ferrothorn|p1a: Keldeo\n|\n|-weather|Sandstorm|[upkeep]\n|-damage|p1a: Keldeo|59\/100|[from] Sandstorm\n|upkeep\n|turn|15\n|c|\u2606Trogba Trogba|bruh\n|c|\u2606Trogba Trogba|you haxed mae so fuckin hard\n|\n|t:|1652232856\n|switch|p1a: Politoed|Politoed, F|100\/100\n|-damage|p1a: Politoed|84\/100|[from] Spikes\n|-weather|RainDance|[from] ability: Drizzle|[of] p1a: Politoed\n|switch|p2a: Gliscor|Gliscor, M|100\/100\n|\n|-weather|RainDance|[upkeep]\n|-status|p2a: Gliscor|tox|[from] item: Toxic Orb\n|upkeep\n|turn|16\n|c|\u2606Regidragoons|sry about that\n|\n|t:|1652232868\n|move|p2a: Gliscor|Substitute|p2a: Gliscor\n|-start|p2a: Gliscor|Substitute\n|-damage|p2a: Gliscor|76\/100 tox\n|move|p1a: Politoed|Ice Beam|p2a: Gliscor\n|-supereffective|p2a: Gliscor\n|-end|p2a: Gliscor|Substitute\n|\n|-weather|RainDance|[upkeep]\n|-heal|p2a: Gliscor|88\/100 tox|[from] ability: Poison Heal\n|upkeep\n|turn|17\n|\n|t:|1652232874\n|move|p2a: Gliscor|Protect|p2a: Gliscor\n|-singleturn|p2a: Gliscor|Protect\n|move|p1a: Politoed|Ice Beam|p2a: Gliscor\n|-activate|p2a: Gliscor|move: Protect\n|\n|-weather|RainDance|[upkeep]\n|-heal|p2a: Gliscor|100\/100 tox|[from] ability: Poison Heal\n|upkeep\n|turn|18\n|\n|t:|1652232876\n|move|p2a: Gliscor|Substitute|p2a: Gliscor\n|-start|p2a: Gliscor|Substitute\n|-damage|p2a: Gliscor|76\/100 tox\n|move|p1a: Politoed|Scald|p2a: Gliscor\n|-supereffective|p2a: Gliscor\n|-end|p2a: Gliscor|Substitute\n|\n|-weather|RainDance|[upkeep]\n|-heal|p2a: Gliscor|88\/100 tox|[from] ability: Poison Heal\n|upkeep\n|turn|19\n|\n|t:|1652232883\n|move|p2a: Gliscor|Protect|p2a: Gliscor\n|-singleturn|p2a: Gliscor|Protect\n|move|p1a: Politoed|Scald|p2a: Gliscor\n|-activate|p2a: Gliscor|move: Protect\n|\n|-weather|RainDance|[upkeep]\n|-heal|p2a: Gliscor|100\/100 tox|[from] ability: Poison Heal\n|upkeep\n|turn|20\n|\n|t:|1652232894\n|move|p2a: Gliscor|Earthquake|p1a: Politoed\n|-damage|p1a: Politoed|55\/100\n|move|p1a: Politoed|Scald|p2a: Gliscor\n|-supereffective|p2a: Gliscor\n|-damage|p2a: Gliscor|13\/100 tox\n|\n|-weather|RainDance|[upkeep]\n|-heal|p2a: Gliscor|26\/100 tox|[from] ability: Poison Heal\n|upkeep\n|turn|21\n|\n|t:|1652232900\n|move|p2a: Gliscor|Protect|p2a: Gliscor\n|-singleturn|p2a: Gliscor|Protect\n|move|p1a: Politoed|Scald|p2a: Gliscor\n|-activate|p2a: Gliscor|move: Protect\n|\n|-weather|RainDance|[upkeep]\n|-heal|p2a: Gliscor|38\/100 tox|[from] ability: Poison Heal\n|upkeep\n|turn|22\n|\n|t:|1652232904\n|move|p2a: Gliscor|Substitute|p2a: Gliscor\n|-start|p2a: Gliscor|Substitute\n|-damage|p2a: Gliscor|13\/100 tox\n|move|p1a: Politoed|Scald|p2a: Gliscor\n|-supereffective|p2a: Gliscor\n|-end|p2a: Gliscor|Substitute\n|\n|-weather|RainDance|[upkeep]\n|-heal|p2a: Gliscor|26\/100 tox|[from] ability: Poison Heal\n|upkeep\n|turn|23\n|\n|t:|1652232906\n|move|p2a: Gliscor|Protect|p2a: Gliscor\n|-singleturn|p2a: Gliscor|Protect\n|move|p1a: Politoed|Scald|p2a: Gliscor\n|-activate|p2a: Gliscor|move: Protect\n|\n|-weather|RainDance|[upkeep]\n|-heal|p2a: Gliscor|38\/100 tox|[from] ability: Poison Heal\n|upkeep\n|turn|24\n|\n|t:|1652232908\n|move|p2a: Gliscor|Substitute|p2a: Gliscor\n|-start|p2a: Gliscor|Substitute\n|-damage|p2a: Gliscor|13\/100 tox\n|move|p1a: Politoed|Scald|p2a: Gliscor\n|-supereffective|p2a: Gliscor\n|-end|p2a: Gliscor|Substitute\n|\n|-weather|RainDance|[upkeep]\n|-heal|p2a: Gliscor|26\/100 tox|[from] ability: Poison Heal\n|upkeep\n|turn|25\n|\n|t:|1652232911\n|move|p2a: Gliscor|Protect|p2a: Gliscor\n|-singleturn|p2a: Gliscor|Protect\n|move|p1a: Politoed|Scald|p2a: Gliscor\n|-activate|p2a: Gliscor|move: Protect\n|\n|-weather|RainDance|[upkeep]\n|-heal|p2a: Gliscor|38\/100 tox|[from] ability: Poison Heal\n|upkeep\n|turn|26\n|\n|t:|1652232913\n|move|p2a: Gliscor|Substitute|p2a: Gliscor\n|-start|p2a: Gliscor|Substitute\n|-damage|p2a: Gliscor|13\/100 tox\n|move|p1a: Politoed|Scald|p2a: Gliscor\n|-supereffective|p2a: Gliscor\n|-end|p2a: Gliscor|Substitute\n|\n|-weather|RainDance|[upkeep]\n|-heal|p2a: Gliscor|26\/100 tox|[from] ability: Poison Heal\n|upkeep\n|turn|27\n|\n|t:|1652232916\n|move|p2a: Gliscor|Protect|p2a: Gliscor\n|-singleturn|p2a: Gliscor|Protect\n|move|p1a: Politoed|Scald|p2a: Gliscor\n|-activate|p2a: Gliscor|move: Protect\n|\n|-weather|RainDance|[upkeep]\n|-heal|p2a: Gliscor|38\/100 tox|[from] ability: Poison Heal\n|upkeep\n|turn|28\n|\n|t:|1652232917\n|move|p2a: Gliscor|Substitute|p2a: Gliscor\n|-start|p2a: Gliscor|Substitute\n|-damage|p2a: Gliscor|13\/100 tox\n|move|p1a: Politoed|Scald|p2a: Gliscor\n|-supereffective|p2a: Gliscor\n|-end|p2a: Gliscor|Substitute\n|\n|-weather|RainDance|[upkeep]\n|-heal|p2a: Gliscor|26\/100 tox|[from] ability: Poison Heal\n|upkeep\n|turn|29\n|j| ppev\n|l| ppev\n|\n|t:|1652232919\n|move|p2a: Gliscor|Protect|p2a: Gliscor\n|-singleturn|p2a: Gliscor|Protect\n|move|p1a: Politoed|Scald|p2a: Gliscor\n|-activate|p2a: Gliscor|move: Protect\n|\n|-weather|RainDance|[upkeep]\n|-heal|p2a: Gliscor|38\/100 tox|[from] ability: Poison Heal\n|upkeep\n|turn|30\n|\n|t:|1652232921\n|move|p2a: Gliscor|Substitute|p2a: Gliscor\n|-start|p2a: Gliscor|Substitute\n|-damage|p2a: Gliscor|13\/100 tox\n|move|p1a: Politoed|Scald|p2a: Gliscor\n|-supereffective|p2a: Gliscor\n|-end|p2a: Gliscor|Substitute\n|\n|-weather|RainDance|[upkeep]\n|-heal|p2a: Gliscor|26\/100 tox|[from] ability: Poison Heal\n|upkeep\n|turn|31\n|\n|t:|1652232923\n|move|p2a: Gliscor|Protect|p2a: Gliscor\n|-singleturn|p2a: Gliscor|Protect\n|move|p1a: Politoed|Scald|p2a: Gliscor\n|-activate|p2a: Gliscor|move: Protect\n|\n|-weather|RainDance|[upkeep]\n|-heal|p2a: Gliscor|38\/100 tox|[from] ability: Poison Heal\n|upkeep\n|turn|32\n|\n|t:|1652232925\n|move|p2a: Gliscor|Substitute|p2a: Gliscor\n|-start|p2a: Gliscor|Substitute\n|-damage|p2a: Gliscor|13\/100 tox\n|move|p1a: Politoed|Scald|p2a: Gliscor\n|-supereffective|p2a: Gliscor\n|-end|p2a: Gliscor|Substitute\n|\n|-weather|RainDance|[upkeep]\n|-heal|p2a: Gliscor|26\/100 tox|[from] ability: Poison Heal\n|upkeep\n|turn|33\n|\n|t:|1652232927\n|move|p2a: Gliscor|Protect|p2a: Gliscor\n|-singleturn|p2a: Gliscor|Protect\n|move|p1a: Politoed|Scald|p2a: Gliscor\n|-activate|p2a: Gliscor|move: Protect\n|\n|-weather|RainDance|[upkeep]\n|-heal|p2a: Gliscor|38\/100 tox|[from] ability: Poison Heal\n|upkeep\n|turn|34\n|\n|t:|1652232929\n|move|p2a: Gliscor|Substitute|p2a: Gliscor\n|-start|p2a: Gliscor|Substitute\n|-damage|p2a: Gliscor|13\/100 tox\n|move|p1a: Politoed|Scald|p2a: Gliscor\n|-supereffective|p2a: Gliscor\n|-end|p2a: Gliscor|Substitute\n|\n|-weather|RainDance|[upkeep]\n|-heal|p2a: Gliscor|26\/100 tox|[from] ability: Poison Heal\n|upkeep\n|turn|35\n|\n|t:|1652232931\n|move|p2a: Gliscor|Protect|p2a: Gliscor\n|-singleturn|p2a: Gliscor|Protect\n|move|p1a: Politoed|Ice Beam|p2a: Gliscor\n|-activate|p2a: Gliscor|move: Protect\n|\n|-weather|RainDance|[upkeep]\n|-heal|p2a: Gliscor|38\/100 tox|[from] ability: Poison Heal\n|upkeep\n|turn|36\n|\n|t:|1652232933\n|move|p2a: Gliscor|Substitute|p2a: Gliscor\n|-start|p2a: Gliscor|Substitute\n|-damage|p2a: Gliscor|13\/100 tox\n|move|p1a: Politoed|Ice Beam|p2a: Gliscor\n|-supereffective|p2a: Gliscor\n|-end|p2a: Gliscor|Substitute\n|\n|-weather|RainDance|[upkeep]\n|-heal|p2a: Gliscor|26\/100 tox|[from] ability: Poison Heal\n|upkeep\n|turn|37\n|\n|t:|1652232935\n|move|p2a: Gliscor|Protect|p2a: Gliscor\n|-singleturn|p2a: Gliscor|Protect\n|move|p1a: Politoed|Ice Beam|p2a: Gliscor\n|-activate|p2a: Gliscor|move: Protect\n|\n|-weather|RainDance|[upkeep]\n|-heal|p2a: Gliscor|38\/100 tox|[from] ability: Poison Heal\n|upkeep\n|turn|38\n|\n|t:|1652232937\n|move|p2a: Gliscor|Substitute|p2a: Gliscor\n|-start|p2a: Gliscor|Substitute\n|-damage|p2a: Gliscor|13\/100 tox\n|move|p1a: Politoed|Ice Beam|p2a: Gliscor\n|-supereffective|p2a: Gliscor\n|-crit|p2a: Gliscor\n|-end|p2a: Gliscor|Substitute\n|\n|-weather|RainDance|[upkeep]\n|-heal|p2a: Gliscor|26\/100 tox|[from] ability: Poison Heal\n|upkeep\n|turn|39\n|\n|t:|1652232939\n|move|p2a: Gliscor|Protect|p2a: Gliscor\n|-singleturn|p2a: Gliscor|Protect\n|move|p1a: Politoed|Ice Beam|p2a: Gliscor\n|-activate|p2a: Gliscor|move: Protect\n|\n|-weather|RainDance|[upkeep]\n|-heal|p2a: Gliscor|38\/100 tox|[from] ability: Poison Heal\n|upkeep\n|turn|40\n|\n|t:|1652232942\n|move|p2a: Gliscor|Substitute|p2a: Gliscor\n|-start|p2a: Gliscor|Substitute\n|-damage|p2a: Gliscor|13\/100 tox\n|move|p1a: Politoed|Ice Beam|p2a: Gliscor\n|-supereffective|p2a: Gliscor\n|-end|p2a: Gliscor|Substitute\n|\n|-weather|RainDance|[upkeep]\n|-heal|p2a: Gliscor|26\/100 tox|[from] ability: Poison Heal\n|upkeep\n|turn|41\n|j| ppev\n|\n|t:|1652232971\n|move|p2a: Gliscor|Protect|p2a: Gliscor\n|-singleturn|p2a: Gliscor|Protect\n|move|p1a: Politoed|Ice Beam|p2a: Gliscor\n|-activate|p2a: Gliscor|move: Protect\n|\n|-weather|RainDance|[upkeep]\n|-heal|p2a: Gliscor|38\/100 tox|[from] ability: Poison Heal\n|upkeep\n|turn|42\n|\n|t:|1652232975\n|move|p2a: Gliscor|Substitute|p2a: Gliscor\n|-start|p2a: Gliscor|Substitute\n|-damage|p2a: Gliscor|13\/100 tox\n|move|p1a: Politoed|Ice Beam|p2a: Gliscor\n|-supereffective|p2a: Gliscor\n|-end|p2a: Gliscor|Substitute\n|\n|-weather|RainDance|[upkeep]\n|-heal|p2a: Gliscor|26\/100 tox|[from] ability: Poison Heal\n|upkeep\n|turn|43\n|\n|t:|1652232986\n|move|p2a: Gliscor|Substitute|p2a: Gliscor\n|-start|p2a: Gliscor|Substitute\n|-damage|p2a: Gliscor|1\/100 tox\n|move|p1a: Politoed|Ice Beam|p2a: Gliscor\n|-supereffective|p2a: Gliscor\n|-end|p2a: Gliscor|Substitute\n|\n|-weather|RainDance|[upkeep]\n|-heal|p2a: Gliscor|13\/100 tox|[from] ability: Poison Heal\n|upkeep\n|turn|44\n|\n|t:|1652232988\n|move|p2a: Gliscor|Protect|p2a: Gliscor\n|-singleturn|p2a: Gliscor|Protect\n|move|p1a: Politoed|Ice Beam|p2a: Gliscor\n|-activate|p2a: Gliscor|move: Protect\n|\n|-weather|RainDance|[upkeep]\n|-heal|p2a: Gliscor|26\/100 tox|[from] ability: Poison Heal\n|upkeep\n|turn|45\n|\n|t:|1652232995\n|switch|p2a: Ferrothorn|Ferrothorn, F|28\/100\n|move|p1a: Politoed|Scald|p2a: Ferrothorn\n|-resisted|p2a: Ferrothorn\n|-crit|p2a: Ferrothorn\n|-damage|p2a: Ferrothorn|0 fnt\n|faint|p2a: Ferrothorn\n|\n|-weather|RainDance|[upkeep]\n|upkeep\n|\n|t:|1652232999\n|switch|p2a: Gliscor|Gliscor, M|26\/100 tox\n|turn|46\n|\n|t:|1652233002\n|move|p2a: Gliscor|Substitute|p2a: Gliscor\n|-start|p2a: Gliscor|Substitute\n|-damage|p2a: Gliscor|1\/100 tox\n|move|p1a: Politoed|Scald|p2a: Gliscor\n|-supereffective|p2a: Gliscor\n|-end|p2a: Gliscor|Substitute\n|\n|-weather|RainDance|[upkeep]\n|-heal|p2a: Gliscor|13\/100 tox|[from] ability: Poison Heal\n|upkeep\n|turn|47\n|\n|t:|1652233005\n|move|p2a: Gliscor|Protect|p2a: Gliscor\n|-singleturn|p2a: Gliscor|Protect\n|move|p1a: Politoed|Scald|p2a: Gliscor\n|-activate|p2a: Gliscor|move: Protect\n|\n|-weather|RainDance|[upkeep]\n|-heal|p2a: Gliscor|26\/100 tox|[from] ability: Poison Heal\n|upkeep\n|turn|48\n|\n|t:|1652233007\n|move|p2a: Gliscor|Earthquake|p1a: Politoed\n|-damage|p1a: Politoed|25\/100\n|move|p1a: Politoed|Scald|p2a: Gliscor\n|-supereffective|p2a: Gliscor\n|-damage|p2a: Gliscor|0 fnt\n|faint|p2a: Gliscor\n|\n|win|Regidragoons\n|n|\u2606Regidragoons|regidragoons\n|n|\u2606Trogba Trogba|trogbatrogba\n|n| SmackPackt|smackpackt\n|n| Lord Xen III|lordxeniii\n|n| ARandomL0gan|arandoml0gan\n|n| sm00th af|sm00thaf\n|n| regichaad|regichaad\n|n| StupidIdiotMe|stupididiotme\n|n| cursedstar|cursedstar\n|n| AquaticCarlie|aquaticcarlie\n|n| ppev|ppev\n","uploadtime":1652233009,"views":5,"p1id":"regidragoons","p2id":"trogbatrogba","formatid":"gen5ou","rating":0,"private":0,"password":null}