{"id":"gen5ou-1477673831","p1":"BeastyJ157","p2":"Throw Games","format":"gen5ou","log":"|j|\u2606BeastyJ157\n|j|\u2606Throw Games\n|inactive|Battle timer is ON: inactive players will automatically lose when time's up.\n|t:|1640121708\n|gametype|singles\n|player|p1|BeastyJ157|greta-gen3|\n|player|p2|Throw Games|marshal|\n|teamsize|p1|6\n|teamsize|p2|6\n|gen|5\n|tier|[Gen 5] OU\n|rated|Tournament battle\n|rule|Species Clause: Limit one of each Pok\u00e9mon\n|rule|OHKO Clause: OHKO moves are banned\n|rule|Moody Clause: Moody is banned\n|rule|Evasion Moves Clause: Evasion moves are banned\n|rule|Endless Battle Clause: Forcing endless battles is banned\n|rule|HP Percentage Mod: HP is shown in percentages\n|rule|Evasion Abilities Clause: Evasion abilities are banned\n|rule|Baton Pass Clause: Limit one Baton Passer, can't pass Spe and other stats simultaneously\n|rule|Sleep Clause: Sleep-inducing moves are banned\n|rule|Swagger Clause: Swagger is banned\n|clearpoke\n|poke|p1|Tyranitar, M|item\n|poke|p1|Landorus-Therian, M|item\n|poke|p1|Garchomp, M|item\n|poke|p1|Rotom-Wash|item\n|poke|p1|Jirachi|item\n|poke|p1|Keldeo|item\n|poke|p2|Latios, M|item\n|poke|p2|Heatran, M|item\n|poke|p2|Rotom-Wash|item\n|poke|p2|Gliscor, F|item\n|poke|p2|Celebi|item\n|poke|p2|Tyranitar, F|item\n|teampreview\n|inactive|Throw Games also wants the timer to be on.\n|inactive|BeastyJ157 also wants the timer to be on.\n|\n|t:|1640121721\n|start\n|switch|p1a: Keldeo|Keldeo|100\/100\n|switch|p2a: Rotom|Rotom-Wash|100\/100\n|turn|1\n|\n|t:|1640121730\n|switch|p1a: Garchomp|Garchomp, M|100\/100\n|move|p2a: Rotom|Volt Switch|p1a: Garchomp\n|-immune|p1a: Garchomp\n|\n|upkeep\n|turn|2\n|\n|t:|1640121737\n|switch|p1a: Keldeo|Keldeo|100\/100\n|move|p2a: Rotom|Will-O-Wisp|p1a: Keldeo\n|-status|p1a: Keldeo|brn\n|\n|-damage|p1a: Keldeo|88\/100 brn|[from] brn\n|upkeep\n|turn|3\n|\n|t:|1640121757\n|switch|p2a: Celebi|Celebi|100\/100\n|move|p1a: Keldeo|Secret Sword|p2a: Celebi\n|-enditem|p1a: Keldeo|Fighting Gem|[from] gem\n|-resisted|p2a: Celebi\n|-damage|p2a: Celebi|67\/100\n|\n|-heal|p2a: Celebi|74\/100|[from] item: Leftovers\n|-damage|p1a: Keldeo|76\/100 brn|[from] brn\n|upkeep\n|turn|4\n|\n|t:|1640121768\n|switch|p1a: Jirachi|Jirachi|100\/100\n|move|p2a: Celebi|U-turn|p1a: Jirachi\n|-crit|p1a: Jirachi\n|-damage|p1a: Jirachi|74\/100\n|\n|t:|1640121770\n|switch|p2a: Heatran|Heatran, M|100\/100|[from]move: U-turn\n|\n|-heal|p1a: Jirachi|80\/100|[from] item: Leftovers\n|upkeep\n|turn|5\n|\n|t:|1640121776\n|switch|p1a: Keldeo|Keldeo|76\/100 brn\n|move|p2a: Heatran|Stealth Rock|p1a: Keldeo\n|-sidestart|p1: BeastyJ157|move: Stealth Rock\n|\n|-damage|p1a: Keldeo|63\/100 brn|[from] brn\n|upkeep\n|turn|6\n|\n|t:|1640121789\n|switch|p2a: Celebi|Celebi|74\/100\n|move|p1a: Keldeo|Calm Mind|p1a: Keldeo\n|-boost|p1a: Keldeo|spa|1\n|-boost|p1a: Keldeo|spd|1\n|\n|-heal|p2a: Celebi|80\/100|[from] item: Leftovers\n|-damage|p1a: Keldeo|51\/100 brn|[from] brn\n|upkeep\n|turn|7\n|\n|t:|1640121792\n|move|p1a: Keldeo|Hidden Power|p2a: Celebi\n|-supereffective|p2a: Celebi\n|-damage|p2a: Celebi|14\/100\n|move|p2a: Celebi|Recover|p2a: Celebi\n|-heal|p2a: Celebi|64\/100\n|\n|-heal|p2a: Celebi|70\/100|[from] item: Leftovers\n|-damage|p1a: Keldeo|39\/100 brn|[from] brn\n|upkeep\n|turn|8\n|\n|t:|1640121803\n|switch|p2a: Tyranitar|Tyranitar, F|100\/100\n|-weather|Sandstorm|[from] ability: Sand Stream|[of] p2a: Tyranitar\n|move|p1a: Keldeo|Hidden Power|p2a: Tyranitar\n|-damage|p2a: Tyranitar|78\/100\n|\n|-weather|Sandstorm|[upkeep]\n|-damage|p1a: Keldeo|32\/100 brn|[from] Sandstorm\n|-damage|p1a: Keldeo|20\/100 brn|[from] brn\n|upkeep\n|turn|9\n|\n|t:|1640121818\n|move|p2a: Tyranitar|Crunch|p1a: Keldeo\n|-resisted|p1a: Keldeo\n|-damage|p1a: Keldeo|0 fnt\n|faint|p1a: Keldeo\n|\n|-weather|Sandstorm|[upkeep]\n|upkeep\n|\n|t:|1640121823\n|switch|p1a: Landorus|Landorus-Therian, M|100\/100\n|-damage|p1a: Landorus|88\/100|[from] Stealth Rock\n|-ability|p1a: Landorus|Intimidate|boost\n|-unboost|p2a: Tyranitar|atk|1\n|turn|10\n|\n|t:|1640121827\n|switch|p2a: Gliscor|Gliscor, F|100\/100\n|move|p1a: Landorus|Stealth Rock|p2a: Gliscor\n|-sidestart|p2: Throw Games|move: Stealth Rock\n|\n|-weather|Sandstorm|[upkeep]\n|-heal|p1a: Landorus|94\/100|[from] item: Leftovers\n|-status|p2a: Gliscor|tox|[from] item: Toxic Orb\n|upkeep\n|turn|11\n|\n|t:|1640121829\n|move|p2a: Gliscor|Ice Fang|p1a: Landorus\n|-supereffective|p1a: Landorus\n|-damage|p1a: Landorus|51\/100\n|move|p1a: Landorus|Earthquake|p2a: Gliscor\n|-immune|p2a: Gliscor\n|\n|-weather|Sandstorm|[upkeep]\n|-heal|p1a: Landorus|57\/100|[from] item: Leftovers\n|upkeep\n|turn|12\n|\n|t:|1640121833\n|move|p2a: Gliscor|Ice Fang|p1a: Landorus\n|-supereffective|p1a: Landorus\n|-damage|p1a: Landorus|13\/100\n|move|p1a: Landorus|Hidden Power|p2a: Gliscor\n|-supereffective|p2a: Gliscor\n|-damage|p2a: Gliscor|17\/100 tox\n|\n|-weather|Sandstorm|[upkeep]\n|-heal|p1a: Landorus|19\/100|[from] item: Leftovers\n|-heal|p2a: Gliscor|29\/100 tox|[from] ability: Poison Heal\n|upkeep\n|turn|13\n|c|\u2606BeastyJ157|missclick\n|c|\u2606Throw Games|tragic\n|\n|t:|1640121842\n|switch|p1a: Rotom|Rotom-Wash|100\/100\n|-damage|p1a: Rotom|88\/100|[from] Stealth Rock\n|move|p2a: Gliscor|Ice Fang|p1a: Rotom\n|-resisted|p1a: Rotom\n|-damage|p1a: Rotom|81\/100\n|\n|-weather|Sandstorm|[upkeep]\n|-damage|p1a: Rotom|75\/100|[from] Sandstorm\n|-heal|p1a: Rotom|81\/100|[from] item: Leftovers\n|-heal|p2a: Gliscor|42\/100 tox|[from] ability: Poison Heal\n|upkeep\n|turn|14\n|\n|t:|1640121854\n|move|p2a: Gliscor|Protect|p2a: Gliscor\n|-singleturn|p2a: Gliscor|Protect\n|move|p1a: Rotom|Hydro Pump|p2a: Gliscor\n|-activate|p2a: Gliscor|move: Protect\n|\n|-weather|Sandstorm|[upkeep]\n|-damage|p1a: Rotom|75\/100|[from] Sandstorm\n|-heal|p1a: Rotom|81\/100|[from] item: Leftovers\n|-heal|p2a: Gliscor|54\/100 tox|[from] ability: Poison Heal\n|upkeep\n|turn|15\n|c|\u2606BeastyJ157|ik so sad\n|\n|t:|1640121860\n|switch|p2a: Celebi|Celebi|70\/100\n|-damage|p2a: Celebi|58\/100|[from] Stealth Rock\n|move|p1a: Rotom|Volt Switch|p2a: Celebi\n|-resisted|p2a: Celebi\n|-damage|p2a: Celebi|45\/100\n|\n|t:|1640121868\n|switch|p1a: Jirachi|Jirachi|80\/100|[from]move: Volt Switch\n|-damage|p1a: Jirachi|74\/100|[from] Stealth Rock\n|\n|-weather|Sandstorm|[upkeep]\n|-damage|p2a: Celebi|39\/100|[from] Sandstorm\n|-heal|p2a: Celebi|45\/100|[from] item: Leftovers\n|-heal|p1a: Jirachi|80\/100|[from] item: Leftovers\n|upkeep\n|turn|16\n|\n|t:|1640121872\n|move|p2a: Celebi|Earth Power|p1a: Jirachi\n|-supereffective|p1a: Jirachi\n|-damage|p1a: Jirachi|29\/100\n|move|p1a: Jirachi|Calm Mind|p1a: Jirachi\n|-boost|p1a: Jirachi|spa|1\n|-boost|p1a: Jirachi|spd|1\n|\n|-weather|Sandstorm|[upkeep]\n|-damage|p2a: Celebi|39\/100|[from] Sandstorm\n|-heal|p2a: Celebi|45\/100|[from] item: Leftovers\n|-heal|p1a: Jirachi|35\/100|[from] item: Leftovers\n|upkeep\n|turn|17\n|\n|t:|1640121878\n|move|p2a: Celebi|Recover|p2a: Celebi\n|-heal|p2a: Celebi|95\/100\n|move|p1a: Jirachi|Psychic|p2a: Celebi\n|-resisted|p2a: Celebi\n|-damage|p2a: Celebi|66\/100\n|\n|-weather|Sandstorm|[upkeep]\n|-damage|p2a: Celebi|60\/100|[from] Sandstorm\n|-heal|p2a: Celebi|66\/100|[from] item: Leftovers\n|-heal|p1a: Jirachi|41\/100|[from] item: Leftovers\n|upkeep\n|turn|18\n|\n|t:|1640121883\n|move|p2a: Celebi|U-turn|p1a: Jirachi\n|-damage|p1a: Jirachi|29\/100\n|j| CEDtamer83000\n|\n|t:|1640121885\n|switch|p2a: Heatran|Heatran, M|100\/100|[from]move: U-turn\n|-damage|p2a: Heatran|88\/100|[from] Stealth Rock\n|move|p1a: Jirachi|Hidden Power|p2a: Heatran\n|-start|p2a: Heatran|ability: Flash Fire\n|\n|-weather|Sandstorm|[upkeep]\n|-heal|p1a: Jirachi|35\/100|[from] item: Leftovers\n|-heal|p2a: Heatran|94\/100|[from] item: Leftovers\n|upkeep\n|turn|19\n|\n|t:|1640121894\n|switch|p1a: Garchomp|Garchomp, M|100\/100\n|-damage|p1a: Garchomp|94\/100|[from] Stealth Rock\n|move|p2a: Heatran|Lava Plume|p1a: Garchomp\n|-resisted|p1a: Garchomp\n|-damage|p1a: Garchomp|65\/100\n|\n|-weather|Sandstorm|[upkeep]\n|-heal|p2a: Heatran|100\/100|[from] item: Leftovers\n|upkeep\n|turn|20\n|\n|t:|1640121898\n|-end|p2a: Heatran|ability: Flash Fire|[silent]\n|switch|p2a: Rotom|Rotom-Wash|100\/100\n|-damage|p2a: Rotom|88\/100|[from] Stealth Rock\n|move|p1a: Garchomp|Substitute|p1a: Garchomp\n|-start|p1a: Garchomp|Substitute\n|-damage|p1a: Garchomp|40\/100\n|\n|-weather|Sandstorm|[upkeep]\n|-damage|p2a: Rotom|82\/100|[from] Sandstorm\n|-heal|p2a: Rotom|88\/100|[from] item: Leftovers\n|upkeep\n|turn|21\n|\n|t:|1640121901\n|move|p1a: Garchomp|Swords Dance|p1a: Garchomp\n|-boost|p1a: Garchomp|atk|2\n|move|p2a: Rotom|Hydro Pump|p1a: Garchomp\n|-end|p1a: Garchomp|Substitute\n|\n|-weather|Sandstorm|[upkeep]\n|-damage|p2a: Rotom|82\/100|[from] Sandstorm\n|-heal|p2a: Rotom|88\/100|[from] item: Leftovers\n|upkeep\n|turn|22\n|j| Swagataka\n|\n|t:|1640121906\n|move|p1a: Garchomp|Substitute|p1a: Garchomp\n|-start|p1a: Garchomp|Substitute\n|-damage|p1a: Garchomp|15\/100\n|move|p2a: Rotom|Hydro Pump|p1a: Garchomp\n|-end|p1a: Garchomp|Substitute\n|\n|-weather|Sandstorm|[upkeep]\n|-damage|p2a: Rotom|82\/100|[from] Sandstorm\n|-heal|p2a: Rotom|88\/100|[from] item: Leftovers\n|upkeep\n|turn|23\n|\n|t:|1640121911\n|move|p1a: Garchomp|Outrage|p2a: Rotom\n|-damage|p2a: Rotom|0 fnt\n|faint|p2a: Rotom\n|\n|-weather|Sandstorm|[upkeep]\n|upkeep\n|\n|t:|1640121915\n|switch|p2a: Tyranitar|Tyranitar, F|78\/100\n|-damage|p2a: Tyranitar|65\/100|[from] Stealth Rock\n|turn|24\n|\n|t:|1640121917\n|move|p2a: Tyranitar|Crunch|p1a: Garchomp\n|-damage|p1a: Garchomp|0 fnt\n|-damage|p2a: Tyranitar|53\/100|[from] ability: Rough Skin|[of] p1a: Garchomp\n|faint|p1a: Garchomp\n|\n|-weather|Sandstorm|[upkeep]\n|upkeep\n|\n|t:|1640121920\n|switch|p1a: Tyranitar|Tyranitar, M|100\/100\n|-damage|p1a: Tyranitar|88\/100|[from] Stealth Rock\n|turn|25\n|\n|t:|1640121928\n|switch|p2a: Gliscor|Gliscor, F|54\/100 tox\n|-damage|p2a: Gliscor|42\/100 tox|[from] Stealth Rock\n|move|p1a: Tyranitar|Crunch|p2a: Gliscor\n|-damage|p2a: Gliscor|13\/100 tox\n|\n|-weather|Sandstorm|[upkeep]\n|-heal|p2a: Gliscor|25\/100 tox|[from] ability: Poison Heal\n|upkeep\n|turn|26\n|\n|t:|1640121938\n|move|p2a: Gliscor|Protect|p2a: Gliscor\n|-singleturn|p2a: Gliscor|Protect\n|move|p1a: Tyranitar|Crunch|p2a: Gliscor\n|-activate|p2a: Gliscor|move: Protect\n|\n|-weather|Sandstorm|[upkeep]\n|-heal|p2a: Gliscor|38\/100 tox|[from] ability: Poison Heal\n|upkeep\n|turn|27\n|\n|t:|1640121941\n|move|p1a: Tyranitar|Crunch|p2a: Gliscor\n|-damage|p2a: Gliscor|10\/100 tox\n|move|p2a: Gliscor|Earthquake|p1a: Tyranitar\n|-supereffective|p1a: Tyranitar\n|-damage|p1a: Tyranitar|17\/100\n|\n|-weather|Sandstorm|[upkeep]\n|-heal|p2a: Gliscor|23\/100 tox|[from] ability: Poison Heal\n|upkeep\n|turn|28\n|\n|t:|1640121946\n|move|p2a: Gliscor|Protect|p2a: Gliscor\n|-singleturn|p2a: Gliscor|Protect\n|move|p1a: Tyranitar|Crunch|p2a: Gliscor\n|-activate|p2a: Gliscor|move: Protect\n|\n|-weather|Sandstorm|[upkeep]\n|-heal|p2a: Gliscor|35\/100 tox|[from] ability: Poison Heal\n|upkeep\n|turn|29\n|\n|t:|1640121948\n|switch|p1a: Landorus|Landorus-Therian, M|19\/100\n|-damage|p1a: Landorus|7\/100|[from] Stealth Rock\n|-ability|p1a: Landorus|Intimidate|boost\n|-unboost|p2a: Gliscor|atk|1\n|move|p2a: Gliscor|Earthquake|p1a: Landorus\n|-immune|p1a: Landorus\n|\n|-weather|Sandstorm|[upkeep]\n|-heal|p1a: Landorus|13\/100|[from] item: Leftovers\n|-heal|p2a: Gliscor|48\/100 tox|[from] ability: Poison Heal\n|upkeep\n|turn|30\n|\n|t:|1640121952\n|switch|p1a: Rotom|Rotom-Wash|81\/100\n|-damage|p1a: Rotom|69\/100|[from] Stealth Rock\n|move|p2a: Gliscor|Protect||[still]\n|-fail|p2a: Gliscor\n|\n|-weather|Sandstorm|[upkeep]\n|-damage|p1a: Rotom|62\/100|[from] Sandstorm\n|-heal|p1a: Rotom|69\/100|[from] item: Leftovers\n|-heal|p2a: Gliscor|60\/100 tox|[from] ability: Poison Heal\n|upkeep\n|turn|31\n|\n|t:|1640121958\n|switch|p2a: Latios|Latios, M|100\/100\n|-damage|p2a: Latios|88\/100|[from] Stealth Rock\n|move|p1a: Rotom|Hydro Pump|p2a: Latios|[miss]\n|-miss|p1a: Rotom|p2a: Latios\n|\n|-weather|Sandstorm|[upkeep]\n|-damage|p2a: Latios|82\/100|[from] Sandstorm\n|-damage|p1a: Rotom|62\/100|[from] Sandstorm\n|-heal|p1a: Rotom|69\/100|[from] item: Leftovers\n|upkeep\n|turn|32\n|\n|t:|1640121964\n|move|p2a: Latios|Draco Meteor|p1a: Rotom\n|-damage|p1a: Rotom|0 fnt\n|-unboost|p2a: Latios|spa|2\n|faint|p1a: Rotom\n|\n|-weather|Sandstorm|[upkeep]\n|-damage|p2a: Latios|76\/100|[from] Sandstorm\n|upkeep\n|\n|t:|1640121967\n|switch|p1a: Tyranitar|Tyranitar, M|17\/100\n|-damage|p1a: Tyranitar|5\/100|[from] Stealth Rock\n|turn|33\n|\n|t:|1640121971\n|move|p1a: Tyranitar|Ice Beam|p2a: Latios\n|-supereffective|p2a: Latios\n|-damage|p2a: Latios|34\/100\n|move|p2a: Latios|Draco Meteor|p1a: Tyranitar\n|-damage|p1a: Tyranitar|0 fnt\n|-unboost|p2a: Latios|spa|2\n|faint|p1a: Tyranitar\n|\n|-weather|Sandstorm|[upkeep]\n|-damage|p2a: Latios|28\/100|[from] Sandstorm\n|upkeep\n|c|\u2606BeastyJ157|gg\n|c|\u2606Throw Games|gg\n|-message|BeastyJ157 forfeited.\n|\n|win|Throw Games\n|n|\u2606BeastyJ157|beastyj157\n|n|\u2606Throw Games|throwgames\n|n| CEDtamer83000|cedtamer83000\n|n| Swagataka|swagataka\n|l|\u2606BeastyJ157\n","uploadtime":1640121982,"views":5,"p1id":"beastyj157","p2id":"throwgames","formatid":"gen5ou","rating":0,"private":0,"password":null}