{"id":"gen5ou-1315114718","p1":"nosleeptillbklyn","p2":"not mb","format":"gen5ou","log":"|j|\u2606nosleeptillbklyn\n|j|\u203dnot mb\n|t:|1617564399\n|gametype|singles\n|player|p1|nosleeptillbklyn|dawn|\n|player|p2|not mb|2|\n|teamsize|p1|6\n|teamsize|p2|6\n|gen|5\n|tier|[Gen 5] OU\n|clearpoke\n|poke|p1|Froslass, F|item\n|poke|p1|Gliscor, M|item\n|poke|p1|Jellicent, M|item\n|poke|p1|Garchomp, F|item\n|poke|p1|Alakazam, M|item\n|poke|p1|Latias, F|item\n|poke|p2|Tyranitar, F|item\n|poke|p2|Excadrill, M|item\n|poke|p2|Latios, M|item\n|poke|p2|Heatran, F|item\n|poke|p2|Reuniclus, M|item\n|poke|p2|Rotom-Wash|item\n|rule|Species Clause: Limit one of each Pok\u00e9mon\n|rule|OHKO Clause: OHKO moves are banned\n|rule|Moody Clause: Moody is banned\n|rule|Evasion Moves Clause: Evasion moves are banned\n|rule|Endless Battle Clause: Forcing endless battles is banned\n|rule|HP Percentage Mod: HP is shown in percentages\n|rule|Evasion Abilities Clause: Evasion abilities are banned\n|rule|Baton Pass Clause: Limit one Baton Passer, can't pass Spe and other stats simultaneously\n|rule|Sleep Clause: Sleep-inducing moves are banned\n|rule|Swagger Clause: Swagger is banned\n|teampreview\n|c|\u2606nosleeptillbklyn|hf\n|j| Pop smoke the woo\n|j| jon corleone\n|j|+ez\n|j| Bushtush\n|j| LUCK>SKILL\n|j| Corckscrew\u2764\ufe0f\n|inactive|Battle timer is ON: inactive players will automatically lose when time's up. (requested by nosleeptillbklyn)\n|j| bw finalist derek\n|j| La Madame\n|c| LUCK>SKILL|quesot team\n|c| La Madame|DALE\n|c| LUCK>SKILL|\u00e8 gigaunviable\n|c| LUCK>SKILL|l'ho scoperto oggi\n|c|\u2606nosleeptillbklyn|troppo tardi\n|c|+ez|blargh is locked but he says gg hf\n|c|+ez|GL*\n|c| La Madame|ez\n|c| La Madame|dcda\n|inactive|not mb has 270 seconds left.\n|c| Corckscrew\u2764\ufe0f|riky se perdi non devo giocare\n|c| Corckscrew\u2764\ufe0f|mi raccomando\n|c|\u2606nosleeptillbklyn|considerala gi\u00e0 vinta\n|inactive|not mb has 240 seconds left.\n|inactive|not mb has 210 seconds left.\n|c| LUCK>SKILL|madonna dei monti proteggilo\n|c|\u2606nosleeptillbklyn|wincon?\n|j| Jyph\n|inactive|not mb has 180 seconds left.\n|c| Corckscrew\u2764\ufe0f|team di carmin06?\n|c| LUCK>SKILL|peggio\n|j| H.M.N.I.P\n|inactive|not mb has 150 seconds left.\n|\n|t:|1617564595\n|start\n|switch|p1a: Froslass|Froslass, F|100\/100\n|switch|p2a: Tyranitar|Tyranitar, F|100\/100\n|-weather|Sandstorm|[from] ability: Sand Stream|[of] p2a: Tyranitar\n|turn|1\n|\n|t:|1617564613\n|move|p2a: Tyranitar|Crunch|p1a: Froslass\n|-supereffective|p1a: Froslass\n|-enditem|p1a: Froslass|Focus Sash\n|-damage|p1a: Froslass|1\/100\n|-unboost|p1a: Froslass|def|1\n|move|p1a: Froslass|Spikes|p2a: Tyranitar\n|-sidestart|p2: not mb|Spikes\n|\n|-weather|Sandstorm|[upkeep]\n|-damage|p1a: Froslass|0 fnt|[from] Sandstorm\n|faint|p1a: Froslass\n|upkeep\n|\n|t:|1617564624\n|switch|p1a: Garchomp|Garchomp, F|100\/100\n|turn|2\n|c| H.M.N.I.P|up\n|j| mkjmkjnnjhsdvgufd\n|c| LUCK>SKILL|up\n|c| La Madame|froslass: carry\n|c| LUCK>SKILL|ha fatto del suo meglio\n|inactive|not mb has 180 seconds left.\n|j| North\n|\n|t:|1617564660\n|move|p2a: Tyranitar|Crunch|p1a: Garchomp\n|-damage|p1a: Garchomp|60\/100\n|-unboost|p1a: Garchomp|def|1\n|-damage|p2a: Tyranitar|88\/100|[from] ability: Rough Skin|[of] p1a: Garchomp\n|move|p1a: Garchomp|Stealth Rock|p2a: Tyranitar\n|-sidestart|p2: not mb|move: Stealth Rock\n|\n|-weather|Sandstorm|[upkeep]\n|upkeep\n|turn|3\n|c|\u2606nosleeptillbklyn|figurati\n|c| LUCK>SKILL|ogni volta.\n|j| Maki\n|c| La Madame|spiaze\n|c|\u2606nosleeptillbklyn|ogni maledetta domenica\n|l| mkjmkjnnjhsdvgufd\n|\n|t:|1617564689\n|switch|p1a: Gliscor|Gliscor, M|100\/100\n|move|p2a: Tyranitar|Crunch|p1a: Gliscor\n|-damage|p1a: Gliscor|58\/100\n|-unboost|p1a: Gliscor|def|1\n|\n|-weather|Sandstorm|[upkeep]\n|upkeep\n|turn|4\n|c| LUCK>SKILL|ma\n|c| Corckscrew\u2764\ufe0f|incredibile\n|\n|t:|1617564695\n|move|p2a: Tyranitar|Crunch|p1a: Gliscor\n|-damage|p1a: Gliscor|1\/100\n|move|p1a: Gliscor|Earthquake|p2a: Tyranitar\n|-supereffective|p2a: Tyranitar\n|-damage|p2a: Tyranitar|0 fnt\n|faint|p2a: Tyranitar\n|\n|-weather|Sandstorm|[upkeep]\n|upkeep\n|c| LUCK>SKILL|ha la trait sbagliata\n|inactive|not mb has 150 seconds left.\n|c|\u2606nosleeptillbklyn|chi\n|c| LUCK>SKILL|gliscor\n|c|\u2606nosleeptillbklyn|hyper cutter impedisce i dropa ll'atk\n|c|\u2606nosleeptillbklyn|mica alla def\n|c| LUCK>SKILL|ah\n|c| Corckscrew\u2764\ufe0f|sand veil\n|c| LUCK>SKILL|credevo ogni stat\n|c| Corckscrew\u2764\ufe0f|deve avere\n|c| LUCK>SKILL|kek\n|inactive|not mb has 120 seconds left.\n|c| LUCK>SKILL|vabb\u00e9 chill\n|c| La Madame|vabb\u00e8 le abbiamo up\n|c|\u2606nosleeptillbklyn|sto in chill\n|c| La Madame|si gana\n|c| LUCK>SKILL|ganiamo\n|\n|t:|1617564760\n|switch|p2a: Latios|Latios, M|100\/100\n|-damage|p2a: Latios|88\/100|[from] Stealth Rock\n|turn|5\n|j| StepC\n|\n|t:|1617564776\n|move|p2a: Latios|Draco Meteor|p1a: Gliscor\n|-damage|p1a: Gliscor|0 fnt\n|-unboost|p2a: Latios|spa|2\n|faint|p1a: Gliscor\n|\n|-weather|Sandstorm|[upkeep]\n|-damage|p2a: Latios|82\/100|[from] Sandstorm\n|upkeep\n|c| LUCK>SKILL|yep\n|c| La Madame|yep draco\n|c| LUCK>SKILL|drop a dr*co\n|c|\u2606nosleeptillbklyn|vinciamo dici\n|inactive|nosleeptillbklyn has 270 seconds left.\n|c| La Madame|ma s\u00ec\n|c| La Madame|np\n|\n|t:|1617564806\n|switch|p1a: Alakazam|Alakazam, M|100\/100\n|turn|6\n|inactive|nosleeptillbklyn has 270 seconds left.\n|c| LUCK>SKILL|lui?\n|c| H.M.N.I.P|Tira sto CM\n|c| Corckscrew\u2764\ufe0f|un paio di crit\n|c| La Madame|tira sto belly drum\n|c| LUCK>SKILL|non ho capito niente.\n|\n|t:|1617564827\n|switch|p2a: Rotom|Rotom-Wash|100\/100\n|-damage|p2a: Rotom|88\/100|[from] Stealth Rock\n|move|p1a: Alakazam|Focus Blast|p2a: Rotom\n|-damage|p2a: Rotom|53\/100\n|\n|-weather|Sandstorm|[upkeep]\n|-damage|p2a: Rotom|47\/100|[from] Sandstorm\n|-heal|p2a: Rotom|53\/100|[from] item: Leftovers\n|upkeep\n|turn|7\n|c|\u2606nosleeptillbklyn|e cosa mando lol\n|c| La Madame|bel focus blast\n|\n|t:|1617564837\n|switch|p1a: Garchomp|Garchomp, F|60\/100\n|move|p2a: Rotom|Pain Split|p1a: Garchomp\n|-sethp|p1a: Garchomp|52\/100|[from] move: Pain Split|[silent]\n|-sethp|p2a: Rotom|62\/100|[from] move: Pain Split\n|\n|-weather|Sandstorm|[upkeep]\n|-damage|p2a: Rotom|56\/100|[from] Sandstorm\n|-heal|p2a: Rotom|62\/100|[from] item: Leftovers\n|upkeep\n|turn|8\n|c| LUCK>SKILL|avevamo un jellicent.\n|c| LUCK>SKILL|vabb\u00e9\n|inactive|not mb has 90 seconds left.\n|c| LUCK>SKILL|il nostro avversario\n|c| LUCK>SKILL|babbo di minchia di prima categoria\n|c| LUCK>SKILL|fortunatamente\n|c| LUCK>SKILL|c'\u00e8 speranza\n|inactive|not mb has 60 seconds left.\n|\n|t:|1617564905\n|switch|p2a: Reuniclus|Reuniclus, M|100\/100\n|move|p1a: Garchomp|Draco Meteor|p2a: Reuniclus\n|-damage|p2a: Reuniclus|39\/100\n|-unboost|p1a: Garchomp|spa|2\n|-damage|p1a: Garchomp|43\/100|[from] item: Life Orb\n|\n|-weather|Sandstorm|[upkeep]\n|-heal|p2a: Reuniclus|45\/100|[from] item: Leftovers\n|upkeep\n|turn|9\n|l| Maki\n|inactive|nosleeptillbklyn has 270 seconds left.\n|c|\u2606nosleeptillbklyn|se solo avessi dato redacted a zam\n|inactive|not mb has 30 seconds left.\n|c| La Madame|np si vince di timer\n|c| LUCK>SKILL|yea\n|c| LUCK>SKILL|se solo.\n|inactive|nosleeptillbklyn has 240 seconds left.\n|\n|t:|1617564964\n|move|p1a: Garchomp|Earthquake|p2a: Reuniclus\n|-damage|p2a: Reuniclus|5\/100\n|-damage|p1a: Garchomp|33\/100|[from] item: Life Orb\n|move|p2a: Reuniclus|Recover|p2a: Reuniclus\n|-heal|p2a: Reuniclus|55\/100\n|\n|-weather|Sandstorm|[upkeep]\n|-heal|p2a: Reuniclus|61\/100|[from] item: Leftovers\n|upkeep\n|turn|10\n|inactive|nosleeptillbklyn has 240 seconds left.\n|\n|t:|1617564978\n|switch|p1a: Jellicent|Jellicent, M|100\/100\n|-item|p1a: Jellicent|Air Balloon\n|move|p2a: Reuniclus|Recover|p2a: Reuniclus\n|-heal|p2a: Reuniclus|100\/100\n|\n|-weather|Sandstorm|[upkeep]\n|-damage|p1a: Jellicent|94\/100|[from] Sandstorm\n|upkeep\n|turn|11\n|inactive|nosleeptillbklyn has 240 seconds left.\n|\n|t:|1617564991\n|move|p1a: Jellicent|Night Shade|p2a: Reuniclus\n|-damage|p2a: Reuniclus|77\/100\n|move|p2a: Reuniclus|Psychic|p1a: Jellicent\n|-damage|p1a: Jellicent|66\/100\n|-enditem|p1a: Jellicent|Air Balloon\n|\n|-weather|Sandstorm|[upkeep]\n|-damage|p1a: Jellicent|60\/100|[from] Sandstorm\n|-heal|p2a: Reuniclus|83\/100|[from] item: Leftovers\n|upkeep\n|turn|12\n|\n|t:|1617565005\n|move|p1a: Jellicent|Taunt|p2a: Reuniclus\n|-start|p2a: Reuniclus|move: Taunt\n|move|p2a: Reuniclus|Psychic|p1a: Jellicent\n|-damage|p1a: Jellicent|33\/100\n|-unboost|p1a: Jellicent|spd|1\n|\n|-weather|Sandstorm|[upkeep]\n|-damage|p1a: Jellicent|26\/100|[from] Sandstorm\n|-heal|p2a: Reuniclus|89\/100|[from] item: Leftovers\n|upkeep\n|turn|13\n|c| La Madame|ovviamente\n|\n|t:|1617565012\n|switch|p1a: Latias|Latias, F|100\/100\n|switch|p2a: Heatran|Heatran, F|100\/100\n|-damage|p2a: Heatran|88\/100|[from] Spikes\n|-damage|p2a: Heatran|76\/100|[from] Stealth Rock\n|\n|-weather|Sandstorm|[upkeep]\n|-damage|p1a: Latias|95\/100|[from] Sandstorm\n|-heal|p2a: Heatran|82\/100|[from] item: Leftovers\n|upkeep\n|turn|14\n|c| LUCK>SKILL|e\n|c| La Madame|e\n|\n|t:|1617565021\n|move|p1a: Latias|Surf|p2a: Heatran\n|-supereffective|p2a: Heatran\n|-damage|p2a: Heatran|36\/100\n|-damage|p1a: Latias|85\/100|[from] item: Life Orb\n|move|p2a: Heatran|Stealth Rock|p1a: Latias\n|-sidestart|p1: nosleeptillbklyn|move: Stealth Rock\n|\n|-weather|Sandstorm|[upkeep]\n|-damage|p1a: Latias|79\/100|[from] Sandstorm\n|-heal|p2a: Heatran|42\/100|[from] item: Leftovers\n|upkeep\n|turn|15\n|c| LUCK>SKILL|chip\n|\n|t:|1617565029\n|move|p2a: Heatran|Protect|p2a: Heatran\n|-singleturn|p2a: Heatran|Protect\n|move|p1a: Latias|Surf|p2a: Heatran\n|-activate|p2a: Heatran|move: Protect\n|\n|-weather|Sandstorm|[upkeep]\n|-damage|p1a: Latias|73\/100|[from] Sandstorm\n|-heal|p2a: Heatran|48\/100|[from] item: Leftovers\n|upkeep\n|turn|16\n|inactive|nosleeptillbklyn has 270 seconds left.\n|\n|t:|1617565043\n|move|p1a: Latias|Surf|p2a: Heatran\n|-supereffective|p2a: Heatran\n|-damage|p2a: Heatran|5\/100\n|-damage|p1a: Latias|63\/100|[from] item: Life Orb\n|move|p2a: Heatran|Toxic|p1a: Latias\n|-status|p1a: Latias|tox\n|\n|-weather|Sandstorm|[upkeep]\n|-damage|p1a: Latias|57\/100 tox|[from] Sandstorm\n|-heal|p2a: Heatran|11\/100|[from] item: Leftovers\n|-damage|p1a: Latias|51\/100 tox|[from] psn\n|upkeep\n|turn|17\n|c|\u2606nosleeptillbklyn|dio cane ma he roll sono\n|inactive|nosleeptillbklyn has 270 seconds left.\n|c| LUCK>SKILL|2 quasi min\n|c| LUCK>SKILL|anzi\n|\n|t:|1617565069\n|switch|p2a: Reuniclus|Reuniclus, M|89\/100\n|move|p1a: Latias|Surf|p2a: Reuniclus\n|-damage|p2a: Reuniclus|52\/100\n|-damage|p1a: Latias|41\/100 tox|[from] item: Life Orb\n|\n|-weather|Sandstorm|[upkeep]\n|-damage|p1a: Latias|35\/100 tox|[from] Sandstorm\n|-heal|p2a: Reuniclus|59\/100|[from] item: Leftovers\n|-damage|p1a: Latias|23\/100 tox|[from] psn\n|upkeep\n|turn|18\n|c| LUCK>SKILL|l'ultimo proprio min.\n|inactive|not mb has 30 seconds left.\n|inactive|not mb has 20 seconds left.\n|inactive|not mb has 15 seconds left.\n|\n|t:|1617565107\n|switch|p1a: Garchomp|Garchomp, F|33\/100\n|-damage|p1a: Garchomp|27\/100|[from] Stealth Rock\n|move|p2a: Reuniclus|Recover|p2a: Reuniclus\n|-heal|p2a: Reuniclus|100\/100\n|\n|-weather|Sandstorm|[upkeep]\n|upkeep\n|turn|19\n|inactive|not mb has 25 seconds left this turn.\n|inactive|not mb has 20 seconds left.\n|\n|t:|1617565116\n|move|p1a: Garchomp|Earthquake|p2a: Reuniclus\n|-damage|p2a: Reuniclus|59\/100\n|-damage|p1a: Garchomp|17\/100|[from] item: Life Orb\n|move|p2a: Reuniclus|Calm Mind|p2a: Reuniclus\n|-boost|p2a: Reuniclus|spa|1\n|-boost|p2a: Reuniclus|spd|1\n|\n|-weather|Sandstorm|[upkeep]\n|-heal|p2a: Reuniclus|65\/100|[from] item: Leftovers\n|upkeep\n|turn|20\n|inactive|not mb has 30 seconds left this turn.\n|\n|t:|1617565126\n|move|p1a: Garchomp|Earthquake|p2a: Reuniclus\n|-damage|p2a: Reuniclus|26\/100\n|-damage|p1a: Garchomp|7\/100|[from] item: Life Orb\n|move|p2a: Reuniclus|Recover|p2a: Reuniclus\n|-heal|p2a: Reuniclus|76\/100\n|\n|-weather|Sandstorm|[upkeep]\n|-heal|p2a: Reuniclus|83\/100|[from] item: Leftovers\n|upkeep\n|turn|21\n|inactive|nosleeptillbklyn has 270 seconds left.\n|\n|t:|1617565135\n|move|p1a: Garchomp|Earthquake|p2a: Reuniclus\n|-damage|p2a: Reuniclus|46\/100\n|-damage|p1a: Garchomp|0 fnt|[from] item: Life Orb\n|faint|p1a: Garchomp\n|move|p2a: Reuniclus|Recover|p2a: Reuniclus\n|-heal|p2a: Reuniclus|96\/100\n|\n|-weather|Sandstorm|[upkeep]\n|-heal|p2a: Reuniclus|100\/100|[from] item: Leftovers\n|upkeep\n|\n|t:|1617565137\n|switch|p1a: Latias|Latias, F|23\/100 tox\n|-damage|p1a: Latias|10\/100 tox|[from] Stealth Rock\n|turn|22\n|c| La Madame|si vince cmq\n|c| LUCK>SKILL|X to doubt\n|j| YouSlakingBro\n|\n|t:|1617565155\n|move|p1a: Latias|Draco Meteor|p2a: Reuniclus\n|-damage|p2a: Reuniclus|44\/100\n|-unboost|p1a: Latias|spa|2\n|-damage|p1a: Latias|0 fnt|[from] item: Life Orb\n|faint|p1a: Latias\n|move|p2a: Reuniclus|Calm Mind|p2a: Reuniclus\n|-boost|p2a: Reuniclus|spa|1\n|-boost|p2a: Reuniclus|spd|1\n|\n|-weather|Sandstorm|[upkeep]\n|-heal|p2a: Reuniclus|50\/100|[from] item: Leftovers\n|upkeep\n|\n|t:|1617565163\n|switch|p1a: Alakazam|Alakazam, M|100\/100\n|turn|23\n|\n|t:|1617565180\n|move|p1a: Alakazam|Psych Up|p2a: Reuniclus\n|-copyboost|p1a: Alakazam|p2a: Reuniclus|[from] move: Psych Up\n|move|p2a: Reuniclus|Recover|p2a: Reuniclus\n|-heal|p2a: Reuniclus|99\/100\n|\n|-weather|Sandstorm|[upkeep]\n|-heal|p2a: Reuniclus|100\/100|[from] item: Leftovers\n|upkeep\n|turn|24\n|c| LUCK>SKILL|magari crittiamo\n|c| Corckscrew\u2764\ufe0f|facilissimo\n|inactive|not mb has 30 seconds left.\n|\n|t:|1617565197\n|move|p1a: Alakazam|Psychic|p2a: Reuniclus\n|-resisted|p2a: Reuniclus\n|-damage|p2a: Reuniclus|79\/100\n|move|p2a: Reuniclus|Calm Mind|p2a: Reuniclus\n|-boost|p2a: Reuniclus|spa|1\n|-boost|p2a: Reuniclus|spd|1\n|\n|-weather|Sandstorm|[upkeep]\n|-heal|p2a: Reuniclus|85\/100|[from] item: Leftovers\n|upkeep\n|turn|25\n|inactive|nosleeptillbklyn has 270 seconds left.\n|\n|t:|1617565233\n|move|p1a: Alakazam|Psych Up|p2a: Reuniclus\n|-copyboost|p1a: Alakazam|p2a: Reuniclus|[from] move: Psych Up\n|move|p2a: Reuniclus|Psychic|p1a: Alakazam\n|-resisted|p1a: Alakazam\n|-crit|p1a: Alakazam\n|-enditem|p1a: Alakazam|Focus Sash\n|-damage|p1a: Alakazam|1\/100\n|\n|-weather|Sandstorm|[upkeep]\n|-heal|p2a: Reuniclus|92\/100|[from] item: Leftovers\n|upkeep\n|turn|26\n|c| LUCK>SKILL|quando la gente mette in campo quel coso e sta in per 20 attacchi e non viene crittata\n|c| LUCK>SKILL|magia pura\n|inactive|nosleeptillbklyn has 270 seconds left.\n|c| LUCK>SKILL|lui invece\n|c| La Madame|il crit da lui arriva\n|c| La Madame|LOL\n|\n|t:|1617565242\n|move|p1a: Alakazam|Psychic|p2a: Reuniclus\n|-resisted|p2a: Reuniclus\n|-damage|p2a: Reuniclus|69\/100\n|move|p2a: Reuniclus|Psychic|p1a: Alakazam\n|-resisted|p1a: Alakazam\n|-damage|p1a: Alakazam|0 fnt\n|faint|p1a: Alakazam\n|\n|-weather|Sandstorm|[upkeep]\n|-heal|p2a: Reuniclus|75\/100|[from] item: Leftovers\n|upkeep\n|c| LUCK>SKILL|vedo che ci da dentro.\n|l| LUCK>SKILL\n|-message|nosleeptillbklyn forfeited.\n|inactive|nosleeptillbklyn has 270 seconds left.\n|\n|win|not mb\n|l|\u2606nosleeptillbklyn\n|l| Bushtush\n|l| La Madame\n|l| Jyph\n|l| Corckscrew\u2764\ufe0f\n","uploadtime":1617565256,"views":67,"p1id":"nosleeptillbklyn","p2id":"notmb","formatid":"gen5ou","rating":0,"private":0,"password":null}