{"id":"gen5ou-1189285062","p1":"Goootzinho","p2":"BKC road to top","format":"gen5ou","log":"|j|\u2606Goootzinho\n|j|\u2606BKC road to top\n|t:|1600461539\n|player|p1|Goootzinho|galacticgrunt|1495\n|player|p2|BKC road to top|gambler|1473\n|teamsize|p1|6\n|teamsize|p2|6\n|gametype|singles\n|gen|5\n|tier|[Gen 5] OU\n|rated|\n|clearpoke\n|poke|p1|Tyranitar, M|item\n|poke|p1|Lanturn, F|item\n|poke|p1|Yanmega, F|item\n|poke|p1|Landorus-Therian, M|item\n|poke|p1|Magnezone|item\n|poke|p1|Donphan, M|item\n|poke|p2|Tyranitar, F|item\n|poke|p2|Latios, M|item\n|poke|p2|Rotom-Wash|item\n|poke|p2|Ferrothorn, M|item\n|poke|p2|Landorus-Therian, M|item\n|poke|p2|Garchomp, F|item\n|rule|Species Clause: Limit one of each Pok\u00e9mon\n|rule|OHKO Clause: OHKO moves are banned\n|rule|Moody Clause: Moody is banned\n|rule|Evasion Moves Clause: Evasion moves are banned\n|rule|Endless Battle Clause: Forcing endless battles is banned\n|rule|HP Percentage Mod: HP is shown in percentages\n|rule|Evasion Abilities Clause: Evasion abilities are banned\n|rule|Baton Pass Clause: Limit one Baton Passer, can't pass Spe and other stats simultaneously\n|rule|Sleep Clause: Sleep-inducing moves are banned\n|rule|Swagger Clause: Swagger is banned\n|teampreview\n|\n|t:|1600461579\n|start\n|switch|p1a: Lanturn|Lanturn, F|100\/100\n|switch|p2a: Rotom|Rotom-Wash|100\/100\n|turn|1\n|\n|t:|1600461604\n|move|p2a: Rotom|Will-O-Wisp|p1a: Lanturn\n|-status|p1a: Lanturn|brn\n|move|p1a: Lanturn|Scald|p2a: Rotom\n|-resisted|p2a: Rotom\n|-damage|p2a: Rotom|91\/100\n|\n|-heal|p2a: Rotom|97\/100|[from] item: Leftovers\n|-damage|p1a: Lanturn|88\/100 brn|[from] brn\n|upkeep\n|turn|2\n|\n|t:|1600461632\n|move|p2a: Rotom|Volt Switch|p1a: Lanturn\n|-damage|p1a: Lanturn|66\/100 brn\n|\n|t:|1600461642\n|switch|p2a: Ferrothorn|Ferrothorn, M|100\/100|[from]move: Volt Switch\n|move|p1a: Lanturn|Volt Switch|p2a: Ferrothorn\n|-resisted|p2a: Ferrothorn\n|-damage|p2a: Ferrothorn|94\/100\n|\n|t:|1600461645\n|switch|p1a: Magnezone|Magnezone|100\/100|[from]move: Volt Switch\n|-item|p1a: Magnezone|Air Balloon\n|\n|-heal|p2a: Ferrothorn|99\/100|[from] item: Leftovers\n|upkeep\n|turn|3\n|\n|t:|1600461655\n|move|p1a: Magnezone|Hidden Power|p2a: Ferrothorn\n|-supereffective|p2a: Ferrothorn\n|-damage|p2a: Ferrothorn|25\/100\n|move|p2a: Ferrothorn|Stealth Rock|p1a: Magnezone\n|-sidestart|p1: Goootzinho|move: Stealth Rock\n|\n|-heal|p2a: Ferrothorn|31\/100|[from] item: Leftovers\n|upkeep\n|turn|4\n|\n|t:|1600461708\n|move|p1a: Magnezone|Hidden Power|p2a: Ferrothorn\n|-supereffective|p2a: Ferrothorn\n|-damage|p2a: Ferrothorn|0 fnt\n|faint|p2a: Ferrothorn\n|\n|upkeep\n|\n|t:|1600461711\n|switch|p2a: Landorus|Landorus-Therian, M|100\/100\n|-ability|p2a: Landorus|Intimidate|boost\n|-unboost|p1a: Magnezone|atk|1\n|turn|5\n|j| AhLuMi\n|\n|t:|1600461743\n|move|p2a: Landorus|Superpower|p1a: Magnezone\n|-enditem|p2a: Landorus|Fighting Gem|[from] gem\n|-supereffective|p1a: Magnezone\n|-damage|p1a: Magnezone|0 fnt\n|-unboost|p2a: Landorus|atk|1\n|-unboost|p2a: Landorus|def|1\n|-enditem|p1a: Magnezone|Air Balloon\n|faint|p1a: Magnezone\n|\n|upkeep\n|\n|t:|1600461747\n|switch|p1a: Donphan|Donphan, M|100\/100\n|-damage|p1a: Donphan|94\/100|[from] Stealth Rock\n|turn|6\n|inactive|Battle timer is ON: inactive players will automatically lose when time's up. (requested by Goootzinho)\n|inactive|BKC road to top has 120 seconds left.\n|\n|t:|1600461813\n|move|p2a: Landorus|Hidden Power|p1a: Donphan\n|-supereffective|p1a: Donphan\n|-damage|p1a: Donphan|47\/100\n|move|p1a: Donphan|Rapid Spin|p2a: Landorus\n|-damage|p2a: Landorus|90\/100\n|-sideend|p1: Goootzinho|Stealth Rock|[from] move: Rapid Spin|[of] p1a: Donphan\n|\n|-heal|p1a: Donphan|53\/100|[from] item: Leftovers\n|upkeep\n|turn|7\n|\n|t:|1600461818\n|switch|p2a: Rotom|Rotom-Wash|97\/100\n|move|p1a: Donphan|Ice Shard|p2a: Rotom\n|-resisted|p2a: Rotom\n|-damage|p2a: Rotom|92\/100\n|\n|-heal|p2a: Rotom|98\/100|[from] item: Leftovers\n|-heal|p1a: Donphan|59\/100|[from] item: Leftovers\n|upkeep\n|turn|8\n|\n|t:|1600461827\n|switch|p1a: Lanturn|Lanturn, F|66\/100 brn\n|move|p2a: Rotom|Hydro Pump|p1a: Lanturn\n|-heal|p1a: Lanturn|91\/100 brn|[from] ability: Water Absorb|[of] p2a: Rotom\n|\n|-heal|p2a: Rotom|100\/100|[from] item: Leftovers\n|-heal|p1a: Lanturn|97\/100 brn|[from] item: Leftovers\n|-damage|p1a: Lanturn|85\/100 brn|[from] brn\n|upkeep\n|turn|9\n|\n|t:|1600461834\n|move|p2a: Rotom|Volt Switch|p1a: Lanturn\n|-damage|p1a: Lanturn|60\/100 brn\n|\n|t:|1600461839\n|switch|p2a: Landorus|Landorus-Therian, M|90\/100|[from]move: Volt Switch\n|-ability|p2a: Landorus|Intimidate|boost\n|-unboost|p1a: Lanturn|atk|1\n|move|p1a: Lanturn|Toxic|p2a: Landorus|[miss]\n|-miss|p1a: Lanturn|p2a: Landorus\n|\n|-heal|p1a: Lanturn|66\/100 brn|[from] item: Leftovers\n|-damage|p1a: Lanturn|54\/100 brn|[from] brn\n|upkeep\n|turn|10\n|\n|t:|1600461847\n|switch|p1a: Landorus|Landorus-Therian, M|100\/100\n|-ability|p1a: Landorus|Intimidate|boost\n|-unboost|p2a: Landorus|atk|1\n|move|p2a: Landorus|Hidden Power|p1a: Landorus\n|-supereffective|p1a: Landorus\n|-damage|p1a: Landorus|10\/100\n|\n|upkeep\n|turn|11\n|\n|t:|1600461859\n|switch|p2a: Rotom|Rotom-Wash|100\/100\n|move|p1a: Landorus|Hidden Power|p2a: Rotom\n|-resisted|p2a: Rotom\n|-damage|p2a: Rotom|93\/100\n|\n|-heal|p2a: Rotom|99\/100|[from] item: Leftovers\n|upkeep\n|turn|12\n|\n|t:|1600461871\n|switch|p1a: Lanturn|Lanturn, F|54\/100 brn\n|move|p2a: Rotom|Volt Switch|p1a: Lanturn\n|-damage|p1a: Lanturn|31\/100 brn\n|\n|t:|1600461875\n|switch|p2a: Landorus|Landorus-Therian, M|90\/100|[from]move: Volt Switch\n|-ability|p2a: Landorus|Intimidate|boost\n|-unboost|p1a: Lanturn|atk|1\n|\n|-heal|p1a: Lanturn|38\/100 brn|[from] item: Leftovers\n|-damage|p1a: Lanturn|25\/100 brn|[from] brn\n|upkeep\n|turn|13\n|\n|t:|1600461882\n|move|p2a: Landorus|Superpower|p1a: Lanturn\n|-damage|p1a: Lanturn|0 fnt\n|-unboost|p2a: Landorus|atk|1\n|-unboost|p2a: Landorus|def|1\n|faint|p1a: Lanturn\n|\n|upkeep\n|\n|t:|1600461886\n|switch|p1a: Yanmega|Yanmega, F|100\/100\n|turn|14\n|\n|t:|1600461905\n|move|p1a: Yanmega|Bug Buzz|p2a: Landorus\n|-resisted|p2a: Landorus\n|-crit|p2a: Landorus\n|-damage|p2a: Landorus|0 fnt\n|faint|p2a: Landorus\n|\n|upkeep\n|inactive|BKC road to top has 120 seconds left.\n|\n|t:|1600461940\n|switch|p2a: Latios|Latios, M|100\/100\n|turn|15\n|\n|t:|1600461956\n|switch|p1a: Landorus|Landorus-Therian, M|10\/100\n|-ability|p1a: Landorus|Intimidate|boost\n|-unboost|p2a: Latios|atk|1\n|move|p2a: Latios|Dragon Pulse|p1a: Landorus\n|-damage|p1a: Landorus|0 fnt\n|faint|p1a: Landorus\n|\n|upkeep\n|\n|t:|1600461961\n|switch|p1a: Tyranitar|Tyranitar, M|100\/100\n|-weather|Sandstorm|[from] ability: Sand Stream|[of] p1a: Tyranitar\n|turn|16\n|\n|t:|1600461968\n|-activate|p2a: Latios|move: Pursuit\n|move|p1a: Tyranitar|Pursuit|p2a: Latios|[from]Pursuit\n|-supereffective|p2a: Latios\n|-damage|p2a: Latios|10\/100\n|switch|p2a: Tyranitar|Tyranitar, F|100\/100\n|\n|-weather|Sandstorm|[upkeep]\n|upkeep\n|turn|17\n|\n|t:|1600461974\n|move|p2a: Tyranitar|Superpower|p1a: Tyranitar\n|-supereffective|p1a: Tyranitar\n|-enditem|p1a: Tyranitar|Chople Berry|[eat]\n|-enditem|p1a: Tyranitar|Chople Berry|[weaken]\n|-damage|p1a: Tyranitar|36\/100\n|-unboost|p2a: Tyranitar|atk|1\n|-unboost|p2a: Tyranitar|def|1\n|move|p1a: Tyranitar|Stealth Rock|p2a: Tyranitar\n|-sidestart|p2: BKC road to top|move: Stealth Rock\n|\n|-weather|Sandstorm|[upkeep]\n|upkeep\n|turn|18\n|\n|t:|1600461990\n|switch|p1a: Yanmega|Yanmega, F|100\/100\n|move|p2a: Tyranitar|Superpower|p1a: Yanmega\n|-resisted|p1a: Yanmega\n|-damage|p1a: Yanmega|92\/100\n|-unboost|p2a: Tyranitar|atk|1\n|-unboost|p2a: Tyranitar|def|1\n|\n|-weather|Sandstorm|[upkeep]\n|-damage|p1a: Yanmega|86\/100|[from] Sandstorm\n|upkeep\n|turn|19\n|\n|t:|1600461995\n|switch|p2a: Latios|Latios, M|10\/100\n|-damage|p2a: Latios|0 fnt|[from] Stealth Rock\n|faint|p2a: Latios\n|move|p1a: Yanmega|Bug Buzz|p2: Latios|[notarget]\n|-fail|p1a: Yanmega\n|\n|-weather|Sandstorm|[upkeep]\n|-damage|p1a: Yanmega|80\/100|[from] Sandstorm\n|upkeep\n|\n|t:|1600461998\n|switch|p2a: Garchomp|Garchomp, F, shiny|100\/100\n|-damage|p2a: Garchomp|94\/100|[from] Stealth Rock\n|turn|20\n|\n|t:|1600462014\n|switch|p1a: Donphan|Donphan, M|59\/100\n|move|p2a: Garchomp|Outrage|p1a: Donphan\n|-crit|p1a: Donphan\n|-damage|p1a: Donphan|0 fnt\n|faint|p1a: Donphan\n|\n|-weather|Sandstorm|[upkeep]\n|upkeep\n|\n|t:|1600462022\n|switch|p1a: Tyranitar|Tyranitar, M|36\/100\n|turn|21\n|-message|Goootzinho forfeited.\n|\n|win|BKC road to top\n|l|\u2606Goootzinho\n|l| AhLuMi\n","uploadtime":1600462049,"views":81,"p1id":"goootzinho","p2id":"bkcroadtotop","formatid":"gen5ou","rating":0,"private":0,"password":null}