{"id":"gen5ou-1602789699","p1":"Highv0ltag3","p2":"SauceBoss10","format":"gen5ou","log":"|j|\u2606Highv0ltag3\n|j|\u2606SauceBoss10\n|t:|1656016729\n|gametype|singles\n|player|p1|Highv0ltag3|volo|1416\n|player|p2|SauceBoss10|swimmerf|1397\n|teamsize|p1|6\n|teamsize|p2|6\n|gen|5\n|tier|[Gen 5] OU\n|rated|\n|rule|Species Clause: Limit one of each Pok\u00e9mon\n|rule|OHKO Clause: OHKO moves are banned\n|rule|Moody Clause: Moody is banned\n|rule|Evasion Moves Clause: Evasion moves are banned\n|rule|Endless Battle Clause: Forcing endless battles is banned\n|rule|HP Percentage Mod: HP is shown in percentages\n|rule|Evasion Abilities Clause: Evasion abilities are banned\n|rule|Sleep Clause: Sleep-inducing moves are banned\n|rule|Swagger Clause: Swagger is banned\n|clearpoke\n|poke|p1|Alakazam, F|item\n|poke|p1|Reuniclus, F|item\n|poke|p1|Latios, M|item\n|poke|p1|Skarmory, M|item\n|poke|p1|Tyranitar, M|item\n|poke|p1|Jellicent, M|item\n|poke|p2|Ninetales, M|item\n|poke|p2|Volcarona, F|item\n|poke|p2|Victini|item\n|poke|p2|Xatu, M|item\n|poke|p2|Cresselia, F|item\n|poke|p2|Excadrill, M|item\n|teampreview\n|inactive|Battle timer is ON: inactive players will automatically lose when time's up. (requested by SauceBoss10)\n|\n|t:|1656016748\n|start\n|switch|p1a: Tyranitar|Tyranitar, M|100\/100\n|switch|p2a: Xatu|Xatu, M, shiny|100\/100\n|-weather|Sandstorm|[from] ability: Sand Stream|[of] p1a: Tyranitar\n|turn|1\n|c|\u2606Highv0ltag3|l\n|\n|t:|1656016755\n|move|p2a: Xatu|Reflect|p2a: Xatu\n|-sidestart|p2: SauceBoss10|Reflect\n|move|p1a: Tyranitar|Pursuit|p2a: Xatu\n|-supereffective|p2a: Xatu\n|-damage|p2a: Xatu|69\/100\n|-damage|p1a: Tyranitar|84\/100|[from] item: Rocky Helmet|[of] p2a: Xatu\n|\n|-weather|Sandstorm|[upkeep]\n|-damage|p2a: Xatu|63\/100|[from] Sandstorm\n|upkeep\n|turn|2\n|\n|t:|1656016766\n|switch|p1a: Skarmory|Skarmory, M|100\/100\n|move|p2a: Xatu|Toxic|p1a: Skarmory\n|-immune|p1a: Skarmory\n|\n|-weather|Sandstorm|[upkeep]\n|-damage|p2a: Xatu|57\/100|[from] Sandstorm\n|upkeep\n|turn|3\n|\n|t:|1656016773\n|switch|p1a: Tyranitar|Tyranitar, M|84\/100\n|move|p2a: Xatu|Roost|p2a: Xatu\n|-heal|p2a: Xatu|100\/100\n|-singleturn|p2a: Xatu|move: Roost\n|\n|-weather|Sandstorm|[upkeep]\n|-damage|p2a: Xatu|95\/100|[from] Sandstorm\n|upkeep\n|turn|4\n|\n|t:|1656016781\n|move|p2a: Xatu|Toxic|p1a: Tyranitar|[miss]\n|-miss|p2a: Xatu|p1a: Tyranitar\n|move|p1a: Tyranitar|Crunch|p2a: Xatu\n|-supereffective|p2a: Xatu\n|-damage|p2a: Xatu|29\/100\n|-damage|p1a: Tyranitar|67\/100|[from] item: Rocky Helmet|[of] p2a: Xatu\n|\n|-weather|Sandstorm|[upkeep]\n|-damage|p2a: Xatu|23\/100|[from] Sandstorm\n|upkeep\n|turn|5\n|\n|t:|1656016790\n|switch|p1a: Skarmory|Skarmory, M|100\/100\n|move|p2a: Xatu|Roost|p2a: Xatu\n|-heal|p2a: Xatu|73\/100\n|-singleturn|p2a: Xatu|move: Roost\n|\n|-weather|Sandstorm|[upkeep]\n|-damage|p2a: Xatu|67\/100|[from] Sandstorm\n|-sideend|p2: SauceBoss10|Reflect\n|upkeep\n|turn|6\n|\n|t:|1656016798\n|move|p2a: Xatu|Reflect|p2a: Xatu\n|-sidestart|p2: SauceBoss10|Reflect\n|move|p1a: Skarmory|Whirlwind|p2a: Xatu\n|move|p2a: Xatu|Whirlwind|p1a: Skarmory|[from]ability: Magic Bounce\n|drag|p1a: Jellicent|Jellicent, M|100\/100\n|\n|-weather|Sandstorm|[upkeep]\n|-damage|p2a: Xatu|61\/100|[from] Sandstorm\n|-damage|p1a: Jellicent|94\/100|[from] Sandstorm\n|upkeep\n|turn|7\n|\n|t:|1656016807\n|switch|p1a: Skarmory|Skarmory, M|100\/100\n|move|p2a: Xatu|Roost|p2a: Xatu\n|-heal|p2a: Xatu|100\/100\n|-singleturn|p2a: Xatu|move: Roost\n|\n|-weather|Sandstorm|[upkeep]\n|-damage|p2a: Xatu|95\/100|[from] Sandstorm\n|upkeep\n|turn|8\n|\n|t:|1656016815\n|move|p2a: Xatu|Night Shade|p1a: Skarmory\n|-damage|p1a: Skarmory|71\/100\n|move|p1a: Skarmory|Whirlwind|p2a: Xatu\n|move|p2a: Xatu|Whirlwind|p1a: Skarmory|[from]ability: Magic Bounce\n|drag|p1a: Alakazam|Alakazam, F|100\/100\n|\n|-weather|Sandstorm|[upkeep]\n|-damage|p2a: Xatu|89\/100|[from] Sandstorm\n|upkeep\n|turn|9\n|\n|t:|1656016844\n|switch|p2a: Cresselia|Cresselia, F|100\/100\n|move|p1a: Alakazam|Hidden Power|p2a: Cresselia\n|-damage|p2a: Cresselia|84\/100\n|\n|-weather|Sandstorm|[upkeep]\n|-damage|p2a: Cresselia|78\/100|[from] Sandstorm\n|-heal|p2a: Cresselia|84\/100|[from] item: Leftovers\n|upkeep\n|turn|10\n|\n|t:|1656016855\n|switch|p1a: Jellicent|Jellicent, M|94\/100\n|move|p2a: Cresselia|Thunder Wave|p1a: Jellicent\n|-status|p1a: Jellicent|par\n|\n|-weather|Sandstorm|[upkeep]\n|-damage|p2a: Cresselia|78\/100|[from] Sandstorm\n|-damage|p1a: Jellicent|88\/100 par|[from] Sandstorm\n|-heal|p2a: Cresselia|84\/100|[from] item: Leftovers\n|-sideend|p2: SauceBoss10|Reflect\n|upkeep\n|turn|11\n|\n|t:|1656016866\n|switch|p2a: Xatu|Xatu, M, shiny|89\/100\n|switch|p1a: Tyranitar|Tyranitar, M|67\/100\n|\n|-weather|Sandstorm|[upkeep]\n|-damage|p2a: Xatu|83\/100|[from] Sandstorm\n|upkeep\n|turn|12\n|\n|t:|1656016873\n|move|p2a: Xatu|Reflect|p2a: Xatu\n|-sidestart|p2: SauceBoss10|Reflect\n|move|p1a: Tyranitar|Crunch|p2a: Xatu\n|-supereffective|p2a: Xatu\n|-damage|p2a: Xatu|24\/100\n|-damage|p1a: Tyranitar|51\/100|[from] item: Rocky Helmet|[of] p2a: Xatu\n|\n|-weather|Sandstorm|[upkeep]\n|-damage|p2a: Xatu|18\/100|[from] Sandstorm\n|upkeep\n|turn|13\n|\n|t:|1656016880\n|move|p2a: Xatu|Roost|p2a: Xatu\n|-heal|p2a: Xatu|68\/100\n|-singleturn|p2a: Xatu|move: Roost\n|move|p1a: Tyranitar|Crunch|p2a: Xatu\n|-supereffective|p2a: Xatu\n|-damage|p2a: Xatu|9\/100\n|-damage|p1a: Tyranitar|34\/100|[from] item: Rocky Helmet|[of] p2a: Xatu\n|\n|-weather|Sandstorm|[upkeep]\n|-damage|p2a: Xatu|3\/100|[from] Sandstorm\n|upkeep\n|turn|14\n|\n|t:|1656016891\n|move|p2a: Xatu|Night Shade|p1a: Tyranitar\n|-damage|p1a: Tyranitar|9\/100\n|move|p1a: Tyranitar|Crunch|p2a: Xatu\n|-supereffective|p2a: Xatu\n|-damage|p2a: Xatu|0 fnt\n|-damage|p1a: Tyranitar|0 fnt|[from] item: Rocky Helmet|[of] p2a: Xatu\n|faint|p1a: Tyranitar\n|faint|p2a: Xatu\n|\n|-weather|Sandstorm|[upkeep]\n|upkeep\n|\n|t:|1656016900\n|switch|p2a: Ninetales|Ninetales, M|100\/100\n|switch|p1a: Latios|Latios, M|100\/100\n|-weather|SunnyDay|[from] ability: Drought|[of] p2a: Ninetales\n|turn|15\n|\n|t:|1656016906\n|switch|p2a: Excadrill|Excadrill, M, shiny|100\/100\n|-ability|p2a: Excadrill|Mold Breaker\n|move|p1a: Latios|Calm Mind|p1a: Latios\n|-boost|p1a: Latios|spa|1\n|-boost|p1a: Latios|spd|1\n|\n|-weather|SunnyDay|[upkeep]\n|upkeep\n|turn|16\n|\n|t:|1656016914\n|move|p1a: Latios|Hidden Power|p2a: Excadrill\n|-supereffective|p2a: Excadrill\n|-damage|p2a: Excadrill|14\/100\n|move|p2a: Excadrill|Earthquake|p1a: Latios\n|-crit|p1a: Latios\n|-damage|p1a: Latios|0 fnt\n|faint|p1a: Latios\n|\n|-weather|SunnyDay|[upkeep]\n|-heal|p2a: Excadrill|20\/100|[from] item: Leftovers\n|-sideend|p2: SauceBoss10|Reflect\n|upkeep\n|c|\u2606SauceBoss10|rip\n|c|\u2606Highv0ltag3|ofc\n|c|\u2606Highv0ltag3|its ok\n|\n|t:|1656016930\n|switch|p1a: Skarmory|Skarmory, M|71\/100\n|turn|17\n|c|\u2606SauceBoss10|I think i woulda won anyway tbh but still thats shit\n|c|\u2606Highv0ltag3|nah latios swept\n|c|\u2606Highv0ltag3|i think\n|c|\u2606SauceBoss10|Victini outspeeds with scarf\n|c|\u2606Highv0ltag3|unless u outplayed dragon gem\n|inactive|SauceBoss10 has 120 seconds left.\n|c|\u2606Highv0ltag3|ah i see\n|c|\u2606Highv0ltag3|i still can win tho\n|c|\u2606SauceBoss10|tru\n|c|\u2606Highv0ltag3|lets see\n|\n|t:|1656016984\n|move|p2a: Excadrill|Stealth Rock|p1a: Skarmory\n|-sidestart|p1: Highv0ltag3|move: Stealth Rock\n|move|p1a: Skarmory|Stealth Rock|p2a: Excadrill\n|-sidestart|p2: SauceBoss10|move: Stealth Rock\n|\n|-weather|SunnyDay|[upkeep]\n|-heal|p2a: Excadrill|26\/100|[from] item: Leftovers\n|upkeep\n|turn|18\n|\n|t:|1656016990\n|move|p2a: Excadrill|Protect|p2a: Excadrill\n|-singleturn|p2a: Excadrill|Protect\n|move|p1a: Skarmory|Stealth Rock||[still]\n|-fail|p1a: Skarmory\n|\n|-weather|SunnyDay|[upkeep]\n|-heal|p2a: Excadrill|32\/100|[from] item: Leftovers\n|upkeep\n|turn|19\n|\n|t:|1656016997\n|move|p2a: Excadrill|Rapid Spin|p1a: Skarmory\n|-resisted|p1a: Skarmory\n|-damage|p1a: Skarmory|68\/100\n|-damage|p2a: Excadrill|16\/100|[from] item: Rocky Helmet|[of] p1a: Skarmory\n|-sideend|p2: SauceBoss10|Stealth Rock|[from] move: Rapid Spin|[of] p2a: Excadrill\n|move|p1a: Skarmory|Stealth Rock|p2a: Excadrill\n|-sidestart|p2: SauceBoss10|move: Stealth Rock\n|\n|-weather|SunnyDay|[upkeep]\n|-heal|p2a: Excadrill|22\/100|[from] item: Leftovers\n|upkeep\n|turn|20\n|\n|t:|1656017005\n|move|p2a: Excadrill|Protect|p2a: Excadrill\n|-singleturn|p2a: Excadrill|Protect\n|move|p1a: Skarmory|Stealth Rock||[still]\n|-fail|p1a: Skarmory\n|\n|-weather|SunnyDay|[upkeep]\n|-heal|p2a: Excadrill|28\/100|[from] item: Leftovers\n|upkeep\n|turn|21\n|inactive|SauceBoss10 has 120 seconds left.\n|\n|t:|1656017016\n|move|p2a: Excadrill|Rapid Spin|p1a: Skarmory\n|-resisted|p1a: Skarmory\n|-damage|p1a: Skarmory|66\/100\n|-damage|p2a: Excadrill|12\/100|[from] item: Rocky Helmet|[of] p1a: Skarmory\n|-sideend|p2: SauceBoss10|Stealth Rock|[from] move: Rapid Spin|[of] p2a: Excadrill\n|move|p1a: Skarmory|Stealth Rock|p2a: Excadrill\n|-sidestart|p2: SauceBoss10|move: Stealth Rock\n|\n|-weather|SunnyDay|[upkeep]\n|-heal|p2a: Excadrill|18\/100|[from] item: Leftovers\n|upkeep\n|turn|22\n|\n|t:|1656017024\n|switch|p1a: Alakazam|Alakazam, F|100\/100\n|move|p2a: Excadrill|Protect||[still]\n|-fail|p2a: Excadrill\n|\n|-weather|SunnyDay|[upkeep]\n|-heal|p2a: Excadrill|24\/100|[from] item: Leftovers\n|upkeep\n|turn|23\n|\n|t:|1656017030\n|move|p2a: Excadrill|Protect|p2a: Excadrill\n|-singleturn|p2a: Excadrill|Protect\n|move|p1a: Alakazam|Focus Blast|p2a: Excadrill\n|-activate|p2a: Excadrill|move: Protect\n|\n|-weather|SunnyDay|[upkeep]\n|-heal|p2a: Excadrill|30\/100|[from] item: Leftovers\n|upkeep\n|turn|24\n|\n|t:|1656017049\n|move|p1a: Alakazam|Focus Blast|p2a: Excadrill\n|-supereffective|p2a: Excadrill\n|-damage|p2a: Excadrill|0 fnt\n|faint|p2a: Excadrill\n|\n|-weather|SunnyDay|[upkeep]\n|upkeep\n|\n|t:|1656017057\n|switch|p2a: Victini|Victini|100\/100\n|-damage|p2a: Victini|76\/100|[from] Stealth Rock\n|turn|25\n|\n|t:|1656017066\n|switch|p1a: Jellicent|Jellicent, M|88\/100 par\n|-damage|p1a: Jellicent|76\/100 par|[from] Stealth Rock\n|move|p2a: Victini|V-create|p1a: Jellicent\n|-resisted|p1a: Jellicent\n|-damage|p1a: Jellicent|6\/100 par\n|-unboost|p2a: Victini|spe|1\n|-unboost|p2a: Victini|def|1\n|-unboost|p2a: Victini|spd|1\n|\n|-weather|SunnyDay|[upkeep]\n|upkeep\n|turn|26\n|\n|t:|1656017078\n|move|p2a: Victini|V-create|p1a: Jellicent\n|-resisted|p1a: Jellicent\n|-damage|p1a: Jellicent|0 fnt\n|-unboost|p2a: Victini|spe|1\n|-unboost|p2a: Victini|def|1\n|-unboost|p2a: Victini|spd|1\n|faint|p1a: Jellicent\n|\n|-weather|SunnyDay|[upkeep]\n|upkeep\n|\n|t:|1656017080\n|switch|p1a: Alakazam|Alakazam, F|100\/100\n|turn|27\n|\n|t:|1656017097\n|switch|p2a: Ninetales|Ninetales, M|100\/100\n|-damage|p2a: Ninetales|76\/100|[from] Stealth Rock\n|move|p1a: Alakazam|Signal Beam|p2a: Ninetales\n|-resisted|p2a: Ninetales\n|-crit|p2a: Ninetales\n|-damage|p2a: Ninetales|47\/100\n|\n|-weather|SunnyDay|[upkeep]\n|-heal|p2a: Ninetales|53\/100|[from] item: Leftovers\n|upkeep\n|turn|28\n|j| Iknowup\n|\n|t:|1656017115\n|move|p1a: Alakazam|Psychic|p2a: Ninetales\n|-damage|p2a: Ninetales|4\/100\n|move|p2a: Ninetales|Overheat|p1a: Alakazam\n|-enditem|p1a: Alakazam|Focus Sash\n|-damage|p1a: Alakazam|1\/100\n|-unboost|p2a: Ninetales|spa|2\n|\n|-weather|SunnyDay|[upkeep]\n|-heal|p2a: Ninetales|10\/100|[from] item: Leftovers\n|upkeep\n|turn|29\n|c|\u2606Highv0ltag3|fuck\n|c|\u2606SauceBoss10|ninetails is thicc asf\n|\n|t:|1656017131\n|move|p1a: Alakazam|Psychic|p2a: Ninetales\n|-damage|p2a: Ninetales|0 fnt\n|faint|p2a: Ninetales\n|\n|-weather|SunnyDay|[upkeep]\n|upkeep\n|\n|t:|1656017142\n|switch|p2a: Victini|Victini|76\/100\n|-damage|p2a: Victini|51\/100|[from] Stealth Rock\n|turn|30\n|\n|t:|1656017148\n|switch|p1a: Reuniclus|Reuniclus, F|100\/100\n|move|p2a: Victini|V-create|p1a: Reuniclus\n|-damage|p1a: Reuniclus|14\/100\n|-unboost|p2a: Victini|spe|1\n|-unboost|p2a: Victini|def|1\n|-unboost|p2a: Victini|spd|1\n|\n|-weather|SunnyDay|[upkeep]\n|upkeep\n|turn|31\n|\n|t:|1656017156\n|move|p2a: Victini|V-create|p1a: Reuniclus\n|-damage|p1a: Reuniclus|0 fnt\n|-unboost|p2a: Victini|spe|1\n|-unboost|p2a: Victini|def|1\n|-unboost|p2a: Victini|spd|1\n|faint|p1a: Reuniclus\n|\n|-weather|SunnyDay|[upkeep]\n|upkeep\n|\n|t:|1656017165\n|switch|p1a: Alakazam|Alakazam, F|1\/100\n|turn|32\n|\n|t:|1656017170\n|switch|p1a: Skarmory|Skarmory, M|66\/100\n|-damage|p1a: Skarmory|54\/100|[from] Stealth Rock\n|switch|p2a: Cresselia|Cresselia, F|84\/100\n|-damage|p2a: Cresselia|71\/100|[from] Stealth Rock\n|\n|-weather|SunnyDay|[upkeep]\n|-heal|p2a: Cresselia|77\/100|[from] item: Leftovers\n|upkeep\n|turn|33\n|\n|t:|1656017181\n|move|p2a: Cresselia|Thunder Wave|p1a: Skarmory\n|-status|p1a: Skarmory|par\n|move|p1a: Skarmory|Spikes|p2a: Cresselia\n|-sidestart|p2: SauceBoss10|Spikes\n|\n|-weather|SunnyDay|[upkeep]\n|-heal|p2a: Cresselia|84\/100|[from] item: Leftovers\n|upkeep\n|turn|34\n|\n|t:|1656017194\n|move|p2a: Cresselia|Ice Beam|p1a: Skarmory\n|-damage|p1a: Skarmory|36\/100 par\n|move|p1a: Skarmory|Roost|p1a: Skarmory\n|-heal|p1a: Skarmory|86\/100 par\n|-singleturn|p1a: Skarmory|move: Roost\n|\n|-weather|SunnyDay|[upkeep]\n|-heal|p2a: Cresselia|90\/100|[from] item: Leftovers\n|upkeep\n|turn|35\n|c|\u2606Highv0ltag3|only way I win\n|c|\u2606SauceBoss10|this is gonna be fun\n|\n|t:|1656017214\n|move|p2a: Cresselia|Ice Beam|p1a: Skarmory\n|-damage|p1a: Skarmory|68\/100 par\n|move|p1a: Skarmory|Roost|p1a: Skarmory\n|-heal|p1a: Skarmory|100\/100 par\n|-singleturn|p1a: Skarmory|move: Roost\n|\n|-weather|SunnyDay|[upkeep]\n|-heal|p2a: Cresselia|96\/100|[from] item: Leftovers\n|upkeep\n|turn|36\n|\n|t:|1656017223\n|switch|p2a: Volcarona|Volcarona, F|100\/100\n|-damage|p2a: Volcarona|51\/100|[from] Stealth Rock\n|-damage|p2a: Volcarona|38\/100|[from] Spikes\n|move|p1a: Skarmory|Spikes|p2a: Volcarona\n|-sidestart|p2: SauceBoss10|Spikes\n|\n|-weather|SunnyDay|[upkeep]\n|upkeep\n|turn|37\n|c|\u2606Highv0ltag3|i gotta hope spikes round up\n|inactive|Highv0ltag3 has 120 seconds left.\n|\n|t:|1656017256\n|move|p2a: Volcarona|Fiery Dance|p1a: Skarmory\n|-supereffective|p1a: Skarmory\n|-ability|p1a: Skarmory|Sturdy\n|-damage|p1a: Skarmory|1\/100 par\n|-boost|p2a: Volcarona|spa|1\n|move|p1a: Skarmory|Spikes|p2a: Volcarona\n|-sidestart|p2: SauceBoss10|Spikes\n|\n|-weather|SunnyDay|[upkeep]\n|upkeep\n|turn|38\n|c|\u2606Highv0ltag3|yup\n|\n|t:|1656017270\n|move|p2a: Volcarona|Fiery Dance|p1a: Skarmory\n|-supereffective|p1a: Skarmory\n|-damage|p1a: Skarmory|0 fnt\n|-boost|p2a: Volcarona|spa|1\n|faint|p1a: Skarmory\n|\n|-weather|SunnyDay|[upkeep]\n|upkeep\n|\n|t:|1656017272\n|switch|p1a: Alakazam|Alakazam, F|1\/100\n|turn|39\n|\n|t:|1656017278\n|move|p1a: Alakazam|Psychic|p2a: Volcarona\n|-damage|p2a: Volcarona|0 fnt\n|faint|p2a: Volcarona\n|\n|-weather|SunnyDay|[upkeep]\n|upkeep\n|\n|t:|1656017282\n|switch|p2a: Victini|Victini|51\/100\n|-damage|p2a: Victini|26\/100|[from] Stealth Rock\n|-damage|p2a: Victini|1\/100|[from] Spikes\n|turn|40\n|c|\u2606Highv0ltag3|ah gg\n|c|\u2606SauceBoss10|super close\n|c|\u2606SauceBoss10|tho\n|c|\u2606Highv0ltag3|ye\n|c|\u2606SauceBoss10|i dont think you woulda killed cress\n|c|\u2606SauceBoss10|def no actually\n|c|\u2606Highv0ltag3|signal beam crit or confusion maybe\n|inactive|SauceBoss10 has 120 seconds left.\n|c|\u2606SauceBoss10|ahhh i suppose there are chances there\n|\n|t:|1656017321\n|move|p2a: Victini|V-create|p1a: Alakazam\n|-damage|p1a: Alakazam|0 fnt\n|-unboost|p2a: Victini|spe|1\n|-unboost|p2a: Victini|def|1\n|-unboost|p2a: Victini|spd|1\n|faint|p1a: Alakazam\n|\n|win|SauceBoss10\n|raw|Highv0ltag3's rating: 1416 &rarr; <strong>1395<\/strong><br \/>(-21 for losing)\n|raw|SauceBoss10's rating: 1397 &rarr; <strong>1418<\/strong><br \/>(+21 for winning)\n|c|\u2606Highv0ltag3|gg\n|c|\u2606SauceBoss10|gg tho\n|c|\u2606SauceBoss10|you're really smart\n|c|\u2606SauceBoss10|except why did you keep hurrianing my xatu haha\n|c|\u2606SauceBoss10|whirlwind i mean\n||Ladder isn't responding, score probably updated but might not have (Request timeout).\n","uploadtime":1656017339,"views":21,"p1id":"highv0ltag3","p2id":"sauceboss10","formatid":"gen5ou","rating":1395,"private":0,"password":null}