{"id":"gen5ou-1613053217","p1":"irisissbae","p2":"Highv0ltag3","format":"gen5ou","log":"|j|\u2606irisissbae\n|j|\u2606Highv0ltag3\n|t:|1657298738\n|gametype|singles\n|player|p1|irisissbae|iris|1390\n|player|p2|Highv0ltag3|volo|1545\n|teamsize|p1|6\n|teamsize|p2|6\n|gen|5\n|tier|[Gen 5] OU\n|rated|\n|rule|Species Clause: Limit one of each Pok\u00e9mon\n|rule|OHKO Clause: OHKO moves are banned\n|rule|Moody Clause: Moody is banned\n|rule|Evasion Moves Clause: Evasion moves are banned\n|rule|Endless Battle Clause: Forcing endless battles is banned\n|rule|HP Percentage Mod: HP is shown in percentages\n|rule|Evasion Abilities Clause: Evasion abilities are banned\n|rule|Sleep Clause: Sleep-inducing moves are banned\n|rule|Swagger Clause: Swagger is banned\n|clearpoke\n|poke|p1|Politoed, M|item\n|poke|p1|Keldeo-Resolute|item\n|poke|p1|Ferrothorn, F|item\n|poke|p1|Dragonite, M|item\n|poke|p1|Jirachi|item\n|poke|p1|Starmie|item\n|poke|p2|Landorus-Therian, M|item\n|poke|p2|Tyranitar, F|item\n|poke|p2|Skarmory, F|item\n|poke|p2|Hydreigon, F|item\n|poke|p2|Reuniclus, F|item\n|poke|p2|Jellicent, F|item\n|teampreview\n|inactive|Battle timer is ON: inactive players will automatically lose when time's up. (requested by irisissbae)\n|\n|t:|1657298757\n|start\n|switch|p1a: Politoed|Politoed, M|100\/100\n|switch|p2a: Prepare 4 trouble|Landorus-Therian, M|100\/100\n|-ability|p2a: Prepare 4 trouble|Intimidate|boost\n|-unboost|p1a: Politoed|atk|1\n|-weather|RainDance|[from] ability: Drizzle|[of] p1a: Politoed\n|turn|1\n|\n|t:|1657298766\n|move|p2a: Prepare 4 trouble|U-turn|p1a: Politoed\n|-damage|p1a: Politoed|80\/100\n|\n|t:|1657298772\n|switch|p2a: Origin|Reuniclus, F|100\/100|[from]move: U-turn\n|move|p1a: Politoed|Scald|p2a: Origin\n|-damage|p2a: Origin|71\/100\n|-status|p2a: Origin|brn\n|\n|-weather|RainDance|[upkeep]\n|-heal|p1a: Politoed|86\/100|[from] item: Leftovers\n|upkeep\n|turn|2\n|\n|t:|1657298777\n|switch|p1a: Ferrothorn|Ferrothorn, F|100\/100\n|move|p2a: Origin|Recover|p2a: Origin\n|-heal|p2a: Origin|100\/100 brn\n|\n|-weather|RainDance|[upkeep]\n|upkeep\n|turn|3\n|\n|t:|1657298780\n|move|p2a: Origin|Calm Mind|p2a: Origin\n|-boost|p2a: Origin|spa|1\n|-boost|p2a: Origin|spd|1\n|move|p1a: Ferrothorn|Stealth Rock|p2a: Origin\n|-sidestart|p2: Highv0ltag3|move: Stealth Rock\n|\n|-weather|RainDance|[upkeep]\n|upkeep\n|turn|4\n|\n|t:|1657298792\n|switch|p1a: Jirachi|Jirachi|100\/100\n|move|p2a: Origin|Focus Blast|p1a: Jirachi|[miss]\n|-miss|p2a: Origin|p1a: Jirachi\n|\n|-weather|RainDance|[upkeep]\n|upkeep\n|turn|5\n|\n|t:|1657298798\n|move|p1a: Jirachi|Trick|p2a: Origin\n|-activate|p1a: Jirachi|move: Trick|[of] p2a: Origin\n|-item|p2a: Origin|Choice Scarf|[from] move: Trick\n|-item|p1a: Jirachi|Life Orb|[from] move: Trick\n|move|p2a: Origin|Focus Blast|p1a: Jirachi|[miss]\n|-miss|p2a: Origin|p1a: Jirachi\n|\n|-weather|RainDance|[upkeep]\n|upkeep\n|turn|6\n|\n|t:|1657298812\n|switch|p1a: Starmie|Starmie|100\/100\n|move|p2a: Origin|Focus Blast|p1a: Starmie\n|-resisted|p1a: Starmie\n|-damage|p1a: Starmie|60\/100\n|\n|-weather|RainDance|[upkeep]\n|upkeep\n|turn|7\n|\n|t:|1657298817\n|move|p1a: Starmie|Hydro Pump|p2a: Origin\n|-damage|p2a: Origin|45\/100 brn\n|-damage|p1a: Starmie|50\/100|[from] item: Life Orb\n|move|p2a: Origin|Focus Blast|p1a: Starmie\n|-resisted|p1a: Starmie\n|-damage|p1a: Starmie|10\/100\n|\n|-weather|RainDance|[upkeep]\n|upkeep\n|turn|8\n|\n|t:|1657298822\n|move|p1a: Starmie|Hydro Pump|p2a: Origin|[miss]\n|-miss|p1a: Starmie|p2a: Origin\n|move|p2a: Origin|Focus Blast|p1a: Starmie|[miss]\n|-miss|p2a: Origin|p1a: Starmie\n|\n|-weather|RainDance|[upkeep]\n|upkeep\n|turn|9\n|\n|t:|1657298824\n|move|p1a: Starmie|Hydro Pump|p2a: Origin\n|-damage|p2a: Origin|0 fnt\n|faint|p2a: Origin\n|-damage|p1a: Starmie|0 fnt|[from] item: Life Orb\n|faint|p1a: Starmie\n|\n|-weather|RainDance|[upkeep]\n|upkeep\n|\n|t:|1657298834\n|switch|p1a: Politoed|Politoed, M|86\/100\n|switch|p2a: Prepare 4 trouble|Landorus-Therian, M|100\/100\n|-damage|p2a: Prepare 4 trouble|88\/100|[from] Stealth Rock\n|-ability|p2a: Prepare 4 trouble|Intimidate|boost\n|-unboost|p1a: Politoed|atk|1\n|turn|10\n|\n|t:|1657298841\n|move|p1a: Politoed|Protect|p1a: Politoed\n|-singleturn|p1a: Politoed|Protect\n|move|p2a: Prepare 4 trouble|U-turn|p1a: Politoed\n|-activate|p1a: Politoed|move: Protect\n|\n|-weather|RainDance|[upkeep]\n|-heal|p1a: Politoed|92\/100|[from] item: Leftovers\n|upkeep\n|turn|11\n|\n|t:|1657298847\n|move|p2a: Prepare 4 trouble|U-turn|p1a: Politoed\n|-damage|p1a: Politoed|70\/100\n|\n|t:|1657298850\n|switch|p2a: Neptune|Jellicent, F|100\/100|[from]move: U-turn\n|-damage|p2a: Neptune|88\/100|[from] Stealth Rock\n|move|p1a: Politoed|Toxic|p2a: Neptune\n|-status|p2a: Neptune|tox\n|\n|-weather|RainDance|[upkeep]\n|-heal|p1a: Politoed|77\/100|[from] item: Leftovers\n|-heal|p2a: Neptune|94\/100 tox|[from] item: Leftovers\n|-damage|p2a: Neptune|88\/100 tox|[from] psn\n|upkeep\n|turn|12\n|\n|t:|1657298855\n|move|p1a: Politoed|Protect|p1a: Politoed\n|-singleturn|p1a: Politoed|Protect\n|move|p2a: Neptune|Recover|p2a: Neptune\n|-heal|p2a: Neptune|100\/100 tox\n|\n|-weather|RainDance|[upkeep]\n|-heal|p1a: Politoed|83\/100|[from] item: Leftovers\n|-damage|p2a: Neptune|88\/100 tox|[from] psn\n|upkeep\n|turn|13\n|\n|t:|1657298862\n|move|p1a: Politoed|Encore|p2a: Neptune\n|-start|p2a: Neptune|Encore\n|move|p2a: Neptune|Recover|p2a: Neptune\n|-heal|p2a: Neptune|100\/100 tox\n|\n|-weather|RainDance|[upkeep]\n|-heal|p1a: Politoed|89\/100|[from] item: Leftovers\n|-damage|p2a: Neptune|82\/100 tox|[from] psn\n|upkeep\n|turn|14\n|\n|t:|1657298868\n|switch|p2a: And make it double|Tyranitar, F|100\/100\n|-damage|p2a: And make it double|88\/100|[from] Stealth Rock\n|-weather|Sandstorm|[from] ability: Sand Stream|[of] p2a: And make it double\n|move|p1a: Politoed|Scald|p2a: And make it double\n|-supereffective|p2a: And make it double\n|-damage|p2a: And make it double|51\/100\n|\n|-weather|Sandstorm|[upkeep]\n|-damage|p1a: Politoed|83\/100|[from] Sandstorm\n|-heal|p1a: Politoed|89\/100|[from] item: Leftovers\n|upkeep\n|turn|15\n|\n|t:|1657298872\n|switch|p2a: Icarus|Skarmory, F|100\/100\n|-damage|p2a: Icarus|88\/100|[from] Stealth Rock\n|move|p1a: Politoed|Scald|p2a: Icarus\n|-crit|p2a: Icarus\n|-damage|p2a: Icarus|24\/100\n|\n|-weather|Sandstorm|[upkeep]\n|-damage|p1a: Politoed|83\/100|[from] Sandstorm\n|-heal|p1a: Politoed|89\/100|[from] item: Leftovers\n|upkeep\n|turn|16\n|\n|t:|1657298878\n|move|p1a: Politoed|Scald|p2a: Icarus\n|-damage|p2a: Icarus|0 fnt\n|faint|p2a: Icarus\n|\n|-weather|Sandstorm|[upkeep]\n|-damage|p1a: Politoed|83\/100|[from] Sandstorm\n|-heal|p1a: Politoed|89\/100|[from] item: Leftovers\n|upkeep\n|-message|Highv0ltag3 forfeited.\n|\n|win|irisissbae\n|raw|irisissbae's rating: 1390 &rarr; <strong>1418<\/strong><br \/>(+28 for winning)\n|raw|Highv0ltag3's rating: 1545 &rarr; <strong>1517<\/strong><br \/>(-28 for losing)\n|l|\u2606Highv0ltag3\n","uploadtime":1657298884,"views":25,"p1id":"irisissbae","p2id":"highv0ltag3","formatid":"gen5ou","rating":1418,"private":0,"password":null}