{"id":"gen5ou-1034002089","p1":"soap776","p2":"Cozarooni","format":"gen5ou","log":"|j|\u2606soap776\n|j|\u2606Cozarooni\n|player|p1|soap776|red|1291\n|player|p2|Cozarooni|veteran|1189\n|teamsize|p1|6\n|teamsize|p2|6\n|gametype|singles\n|gen|5\n|tier|[Gen 5] OU\n|rated|\n|rule|Sleep Clause Mod: Limit one foe put to sleep\n|rule|Species Clause: Limit one of each Pok\u00e9mon\n|rule|OHKO Clause: OHKO moves are banned\n|rule|Moody Clause: Moody is banned\n|rule|Evasion Moves Clause: Evasion moves are banned\n|rule|Endless Battle Clause: Forcing endless battles is banned\n|rule|HP Percentage Mod: HP is shown in percentages\n|rule|Evasion Abilities Clause: Evasion abilities are banned\n|rule|Baton Pass Clause: Limit one Baton Passer, can't pass Spe and other stats simultaneously\n|rule|Swagger Clause: Swagger is banned\n|clearpoke\n|poke|p1|Politoed, M|item\n|poke|p1|Tornadus, M|item\n|poke|p1|Ferrothorn, M|item\n|poke|p1|Gyarados, M|item\n|poke|p1|Tentacruel, M|item\n|poke|p1|Latios, M|item\n|poke|p2|Alakazam, M|item\n|poke|p2|Zoroark, F|item\n|poke|p2|Conkeldurr, M|item\n|poke|p2|Volcarona, F|item\n|poke|p2|Ferrothorn, F|item\n|poke|p2|Kyurem-Black|item\n|teampreview\n|\n|start\n|switch|p1a: Politoed|Politoed, M|100\/100\n|switch|p2a: Merlin|Alakazam, M|100\/100\n|-weather|RainDance|[from] ability: Drizzle|[of] p1a: Politoed\n|turn|1\n|c|\u2606Cozarooni|glhf\n|c|\u2606soap776|u to\n|\n|move|p2a: Merlin|Hidden Power|p1a: Politoed\n|-supereffective|p1a: Politoed\n|-damage|p1a: Politoed|48\/100\n|move|p1a: Politoed|Toxic|p2a: Merlin\n|-status|p2a: Merlin|tox\n|\n|-weather|RainDance|[upkeep]\n|-heal|p1a: Politoed|54\/100|[from] item: Leftovers\n|upkeep\n|turn|2\n|\n|switch|p1a: Ferrothorn|Ferrothorn, M|100\/100\n|move|p2a: Merlin|Psychic|p1a: Ferrothorn\n|-resisted|p1a: Ferrothorn\n|-damage|p1a: Ferrothorn|77\/100\n|\n|-weather|RainDance|[upkeep]\n|-heal|p1a: Ferrothorn|83\/100|[from] item: Leftovers\n|upkeep\n|turn|3\n|\n|move|p2a: Merlin|Taunt|p1a: Ferrothorn\n|-start|p1a: Ferrothorn|move: Taunt\n|move|p1a: Ferrothorn|Gyro Ball|p2a: Merlin\n|-damage|p2a: Merlin|0 fnt\n|faint|p2a: Merlin\n|\n|-weather|RainDance|[upkeep]\n|-heal|p1a: Ferrothorn|90\/100|[from] item: Leftovers\n|upkeep\n|\n|switch|p2a: Megafury|Volcarona, F|100\/100\n|turn|4\n|\n|switch|p1a: Tentacruel|Tentacruel, M|100\/100\n|move|p2a: Megafury|Quiver Dance|p2a: Megafury\n|-boost|p2a: Megafury|spa|1\n|-boost|p2a: Megafury|spd|1\n|-boost|p2a: Megafury|spe|1\n|\n|-weather|RainDance|[upkeep]\n|upkeep\n|turn|5\n|\n|move|p2a: Megafury|Hidden Power|p1a: Tentacruel\n|-supereffective|p1a: Tentacruel\n|-damage|p1a: Tentacruel|34\/100\n|move|p1a: Tentacruel|Scald|p2a: Megafury\n|-supereffective|p2a: Megafury\n|-damage|p2a: Megafury|54\/100\n|\n|-weather|RainDance|[upkeep]\n|-heal|p1a: Tentacruel|40\/100|[from] item: Black Sludge\n|upkeep\n|turn|6\n|\n|switch|p1a: Gyarados|Gyarados, M|100\/100\n|move|p2a: Megafury|Hidden Power|p1a: Gyarados\n|-immune|p1a: Gyarados\n|\n|-weather|RainDance|[upkeep]\n|upkeep\n|turn|7\n|\n|move|p2a: Megafury|Fiery Dance|p1a: Gyarados\n|-resisted|p1a: Gyarados\n|-damage|p1a: Gyarados|82\/100\n|move|p1a: Gyarados|Dragon Dance|p1a: Gyarados\n|-boost|p1a: Gyarados|atk|1\n|-boost|p1a: Gyarados|spe|1\n|\n|-weather|RainDance|[upkeep]\n|upkeep\n|turn|8\n|\n|move|p2a: Megafury|Bug Buzz|p1a: Gyarados\n|-resisted|p1a: Gyarados\n|-damage|p1a: Gyarados|39\/100\n|move|p1a: Gyarados|Dragon Dance|p1a: Gyarados\n|-boost|p1a: Gyarados|atk|1\n|-boost|p1a: Gyarados|spe|1\n|\n|-weather|RainDance|[upkeep]\n|upkeep\n|turn|9\n|\n|move|p1a: Gyarados|Waterfall|p2a: Megafury\n|-supereffective|p2a: Megafury\n|-damage|p2a: Megafury|0 fnt\n|-status|p1a: Gyarados|brn|[from] ability: Flame Body|[of] p2a: Megafury\n|-damage|p1a: Gyarados|29\/100 brn|[from] item: Life Orb\n|faint|p2a: Megafury\n|-ability|p1a: Gyarados|Moxie|boost\n|-boost|p1a: Gyarados|atk|1\n|\n|-weather|RainDance|[upkeep]\n|-damage|p1a: Gyarados|16\/100 brn|[from] brn\n|upkeep\n|\n|switch|p2a: Nokia|Ferrothorn, F, shiny|100\/100\n|turn|10\n|\n|move|p1a: Gyarados|Earthquake|p2a: Nokia\n|-damage|p2a: Nokia|62\/100\n|-damage|p1a: Gyarados|6\/100 brn|[from] item: Life Orb\n|move|p2a: Nokia|Stealth Rock|p1a: Gyarados\n|-sidestart|p1: soap776|move: Stealth Rock\n|\n|-weather|RainDance|[upkeep]\n|-damage|p1a: Gyarados|0 fnt|[from] brn\n|faint|p1a: Gyarados\n|upkeep\n|\n|switch|p1a: Tornadus|Tornadus, M|100\/100\n|-damage|p1a: Tornadus|76\/100|[from] Stealth Rock\n|turn|11\n|\n|move|p1a: Tornadus|Hurricane|p2a: Nokia\n|-damage|p2a: Nokia|3\/100\n|move|p2a: Nokia|Leech Seed|p1a: Tornadus\n|-start|p1a: Tornadus|move: Leech Seed\n|\n|-weather|RainDance|[upkeep]\n|-damage|p1a: Tornadus|63\/100|[from] Leech Seed|[of] p2a: Nokia\n|-heal|p2a: Nokia|13\/100|[silent]\n|upkeep\n|turn|12\n|\n|switch|p1a: Tentacruel|Tentacruel, M|40\/100\n|-damage|p1a: Tentacruel|27\/100|[from] Stealth Rock\n|move|p2a: Nokia|Gyro Ball|p1a: Tentacruel\n|-resisted|p1a: Tentacruel\n|-damage|p1a: Tentacruel|5\/100\n|\n|-weather|RainDance|[upkeep]\n|-heal|p1a: Tentacruel|11\/100|[from] item: Black Sludge\n|upkeep\n|turn|13\n|\n|move|p1a: Tentacruel|Rapid Spin|p2a: Nokia\n|-resisted|p2a: Nokia\n|-damage|p2a: Nokia|12\/100\n|-damage|p1a: Tentacruel|0 fnt|[from] ability: Iron Barbs|[of] p2a: Nokia\n|faint|p1a: Tentacruel\n|move|p2a: Nokia|Gyro Ball|p1: Tentacruel|[notarget]\n|-fail|p2a: Nokia\n|\n|-weather|RainDance|[upkeep]\n|upkeep\n|\n|switch|p1a: Tornadus|Tornadus, M|63\/100\n|-damage|p1a: Tornadus|39\/100|[from] Stealth Rock\n|turn|14\n|\n|move|p1a: Tornadus|Hurricane|p2a: Nokia\n|-crit|p2a: Nokia\n|-damage|p2a: Nokia|0 fnt\n|faint|p2a: Nokia\n|\n|-weather|RainDance|[upkeep]\n|upkeep\n|\n|switch|p2a: Droogon|Kyurem-Black, shiny|100\/100\n|-ability|p2a: Droogon|Teravolt\n|turn|15\n|\n|switch|p1a: Ferrothorn|Ferrothorn, M|90\/100\n|-damage|p1a: Ferrothorn|83\/100|[from] Stealth Rock\n|move|p2a: Droogon|Ice Beam|p1a: Ferrothorn\n|-damage|p1a: Ferrothorn|47\/100\n|\n|-weather|RainDance|[upkeep]\n|-heal|p1a: Ferrothorn|53\/100|[from] item: Leftovers\n|upkeep\n|turn|16\n|\n|move|p2a: Droogon|Ice Beam|p1a: Ferrothorn\n|-crit|p1a: Ferrothorn\n|-damage|p1a: Ferrothorn|0 fnt\n|faint|p1a: Ferrothorn\n|\n|-weather|RainDance|[upkeep]\n|upkeep\n|\n|switch|p1a: Latios|Latios, M|100\/100\n|-damage|p1a: Latios|88\/100|[from] Stealth Rock\n|turn|17\n|\n|move|p1a: Latios|Draco Meteor|p2a: Droogon\n|-supereffective|p2a: Droogon\n|-damage|p2a: Droogon|0 fnt\n|-unboost|p1a: Latios|spa|2\n|faint|p2a: Droogon\n|\n|-weather|RainDance|[upkeep]\n|upkeep\n|\n|switch|p2a: Nathan|Conkeldurr, M|100\/100\n|turn|18\n|\n|switch|p1a: Politoed|Politoed, M|54\/100\n|-damage|p1a: Politoed|41\/100|[from] Stealth Rock\n|move|p2a: Nathan|Nasty Plot|p2a: Nathan\n|-boost|p2a: Nathan|spa|2\n|\n|-weather|RainDance|[upkeep]\n|-heal|p1a: Politoed|48\/100|[from] item: Leftovers\n|upkeep\n|turn|19\n|\n|move|p2a: Nathan|Dark Pulse|p1a: Politoed\n|-crit|p1a: Politoed\n|-damage|p1a: Politoed|0 fnt\n|faint|p1a: Politoed\n|\n|-weather|RainDance|[upkeep]\n|upkeep\n|\n|switch|p1a: Latios|Latios, M|88\/100\n|-damage|p1a: Latios|76\/100|[from] Stealth Rock\n|turn|20\n|\n|move|p1a: Latios|Draco Meteor|p2a: Nathan\n|-enditem|p2a: Nathan|Focus Sash\n|-damage|p2a: Nathan|1\/100\n|replace|p2a: Zoroark|Zoroark, F, shiny\n|-end|p2a: Zoroark|Illusion\n|-unboost|p1a: Latios|spa|2\n|move|p2a: Zoroark|Dark Pulse|p1a: Latios\n|-supereffective|p1a: Latios\n|-damage|p1a: Latios|0 fnt\n|faint|p1a: Latios\n|\n|-weather|RainDance|[upkeep]\n|upkeep\n|\n|switch|p1a: Tornadus|Tornadus, M|39\/100\n|-damage|p1a: Tornadus|14\/100|[from] Stealth Rock\n|turn|21\n|\n|move|p1a: Tornadus|Hurricane|p2a: Zoroark\n|-damage|p2a: Zoroark|0 fnt\n|faint|p2a: Zoroark\n|\n|-weather|RainDance|[upkeep]\n|upkeep\n|\n|switch|p2a: Nathan|Conkeldurr, M|100\/100\n|turn|22\n|\n|move|p2a: Nathan|Mach Punch|p1a: Tornadus\n|-resisted|p1a: Tornadus\n|-damage|p1a: Tornadus|0 fnt\n|faint|p1a: Tornadus\n|\n|win|Cozarooni\n|c|\u2606soap776|gg\n|c|\u2606Cozarooni|gg wp\n|l|\u2606soap776\n||Ladder (probably) updated, but score could not be retrieved (Response not received).\n","uploadtime":1577052040,"views":3,"p1id":"soap776","p2id":"cozarooni","formatid":"gen5ou","rating":0,"private":0,"password":null}