{"id":"gen5ubers-883994662","p1":"snitchgeburt","p2":"OGamer289","format":"gen5ubers","log":"|j|\u2606snitchgeburt\n|j|\u2606OGamer289\n|player|p1|snitchgeburt|266\n|player|p2|OGamer289|153\n|teamsize|p1|6\n|teamsize|p2|6\n|gametype|singles\n|gen|5\n|tier|[Gen 5] Ubers\n|clearpoke\n|poke|p1|Escavalier, F|item\n|poke|p1|Thundurus, M|item\n|poke|p1|Musharna, F|item\n|poke|p1|Virizion|item\n|poke|p1|Hydreigon, F|item\n|poke|p1|Golurk|item\n|poke|p2|Kyurem-Black|item\n|poke|p2|Porygon2|item\n|poke|p2|Cofagrigus, F|item\n|poke|p2|Terrakion|item\n|poke|p2|Suicune|item\n|poke|p2|Magneton|item\n|rule|Sleep Clause Mod: Limit one foe put to sleep\n|rule|Species Clause: Limit one of each Pok\u00e9mon\n|rule|Moody Clause: Moody is banned\n|rule|OHKO Clause: OHKO moves are banned\n|rule|Endless Battle Clause: Forcing endless battles is banned\n|rule|HP Percentage Mod: HP is shown in percentages\n|teampreview\n|c|\u2606OGamer289|hf gl\n|\n|start\n|switch|p1a: Bots|Escavalier, F|100\/100\n|switch|p2a: Porygon2|Porygon2, shiny|100\/100\n|-ability|p2a: Porygon2|Shell Armor|[from] ability: Trace|[of] p1a: Bots\n|turn|1\n|\n|move|p2a: Porygon2|Hidden Power|p1a: Bots\n|-supereffective|p1a: Bots\n|-enditem|p1a: Bots|Occa Berry|[eat]\n|-enditem|p1a: Bots|Occa Berry|[weaken]\n|-damage|p1a: Bots|67\/100\n|move|p1a: Bots|Knock Off|p2a: Porygon2\n|-damage|p2a: Porygon2|95\/100\n|-enditem|p2a: Porygon2|Eviolite|[from] move: Knock Off|[of] p1a: Bots\n|\n|upkeep\n|turn|2\n|\n|switch|p1a: Axel Voss|Golurk|100\/100\n|move|p2a: Porygon2|Toxic|p1a: Axel Voss\n|-status|p1a: Axel Voss|tox\n|\n|-damage|p1a: Axel Voss|94\/100 tox|[from] psn\n|upkeep\n|turn|3\n|\n|switch|p2a: Suicune|Suicune|100\/100\n|-ability|p2a: Suicune|Pressure\n|move|p1a: Axel Voss|Stealth Rock|p2a: Suicune\n|-sidestart|p2: OGamer289|move: Stealth Rock\n|\n|-damage|p1a: Axel Voss|82\/100 tox|[from] psn\n|upkeep\n|turn|4\n|\n|switch|p1a: CDU|Musharna, F|100\/100\n|move|p2a: Suicune|Ice Beam|p1a: CDU\n|-damage|p1a: CDU|79\/100\n|\n|-heal|p1a: CDU|86\/100|[from] item: Leftovers\n|upkeep\n|turn|5\n|\n|move|p2a: Suicune|Toxic|p1a: CDU\n|-status|p1a: CDU|tox\n|-activate|p1a: CDU|ability: Synchronize\n|-status|p2a: Suicune|tox\n|move|p1a: CDU|Psychic|p2a: Suicune\n|-damage|p2a: Suicune|78\/100 tox\n|\n|-heal|p1a: CDU|92\/100 tox|[from] item: Leftovers\n|-damage|p2a: Suicune|72\/100 tox|[from] psn\n|-damage|p1a: CDU|86\/100 tox|[from] psn\n|upkeep\n|turn|6\n|\n|switch|p2a: Porygon2|Porygon2, shiny|95\/100\n|-damage|p2a: Porygon2|82\/100|[from] Stealth Rock\n|-ability|p2a: Porygon2|Synchronize|[from] ability: Trace|[of] p1a: CDU\n|switch|p1a: Uploadfilter|Hydreigon, F|100\/100\n|\n|upkeep\n|turn|7\n|\n|move|p1a: Uploadfilter|U-turn|p2a: Porygon2\n|-crit|p2a: Porygon2\n|-damage|p2a: Porygon2|54\/100\n|\n|switch|p1a: CDU|Musharna, F|86\/100 tox\n|move|p2a: Porygon2|Recover|p2a: Porygon2\n|-heal|p2a: Porygon2|100\/100\n|\n|-heal|p1a: CDU|92\/100 tox|[from] item: Leftovers\n|-damage|p1a: CDU|86\/100 tox|[from] psn\n|upkeep\n|turn|8\n|\n|switch|p2a: Magneton|Magneton, shiny|100\/100\n|-damage|p2a: Magneton|95\/100|[from] Stealth Rock\n|move|p1a: CDU|Toxic|p2a: Magneton\n|-immune|p2a: Magneton\n|\n|-heal|p1a: CDU|92\/100 tox|[from] item: Leftovers\n|-damage|p1a: CDU|79\/100 tox|[from] psn\n|upkeep\n|turn|9\n|\n|switch|p1a: Uploadfilter|Hydreigon, F|100\/100\n|move|p2a: Magneton|Signal Beam|p1a: Uploadfilter\n|-supereffective|p1a: Uploadfilter\n|-damage|p1a: Uploadfilter|42\/100\n|\n|upkeep\n|turn|10\n|\n|move|p1a: Uploadfilter|Flamethrower|p2a: Magneton\n|-supereffective|p2a: Magneton\n|-damage|p2a: Magneton|0 fnt\n|faint|p2a: Magneton\n|\n|upkeep\n|\n|switch|p2a: Terrakion|Terrakion|100\/100\n|-damage|p2a: Terrakion|94\/100|[from] Stealth Rock\n|turn|11\n|\n|switch|p1a: Axel Voss|Golurk|82\/100 tox\n|move|p2a: Terrakion|Stealth Rock|p1a: Axel Voss\n|-sidestart|p1: snitchgeburt|move: Stealth Rock\n|\n|-damage|p1a: Axel Voss|76\/100 tox|[from] psn\n|upkeep\n|turn|12\n|\n|switch|p2a: Porygon2|Porygon2, shiny|100\/100\n|-damage|p2a: Porygon2|88\/100|[from] Stealth Rock\n|-ability|p2a: Porygon2|Iron Fist|[from] ability: Trace|[of] p1a: Axel Voss\n|move|p1a: Axel Voss|Earthquake|p2a: Porygon2\n|-damage|p2a: Porygon2|34\/100\n|\n|-damage|p1a: Axel Voss|64\/100 tox|[from] psn\n|upkeep\n|turn|13\n|\n|move|p2a: Porygon2|Recover|p2a: Porygon2\n|-heal|p2a: Porygon2|84\/100\n|move|p1a: Axel Voss|Hammer Arm|p2a: Porygon2\n|-supereffective|p2a: Porygon2\n|-damage|p2a: Porygon2|4\/100\n|-unboost|p1a: Axel Voss|spe|1\n|\n|-damage|p1a: Axel Voss|46\/100 tox|[from] psn\n|upkeep\n|-enditem|p1a: Axel Voss|Sitrus Berry|[eat]\n|-heal|p1a: Axel Voss|71\/100 tox|[from] item: Sitrus Berry\n|turn|14\n|\n|move|p2a: Porygon2|Hidden Power|p1a: Axel Voss\n|-damage|p1a: Axel Voss|52\/100 tox\n|move|p1a: Axel Voss|Earthquake|p2a: Porygon2\n|-damage|p2a: Porygon2|0 fnt\n|faint|p2a: Porygon2\n|\n|-damage|p1a: Axel Voss|28\/100 tox|[from] psn\n|upkeep\n|\n|switch|p2a: Cofagrigus|Cofagrigus, F|100\/100\n|-damage|p2a: Cofagrigus|88\/100|[from] Stealth Rock\n|turn|15\n|\n|move|p1a: Axel Voss|Shadow Punch|p2a: Cofagrigus\n|-supereffective|p2a: Cofagrigus\n|-damage|p2a: Cofagrigus|43\/100\n|-activate|p2a: Cofagrigus|ability: Mummy|Iron Fist|[of] p1a: Axel Voss\n|move|p2a: Cofagrigus|Calm Mind|p2a: Cofagrigus\n|-boost|p2a: Cofagrigus|spa|1\n|-boost|p2a: Cofagrigus|spd|1\n|\n|-heal|p2a: Cofagrigus|49\/100|[from] item: Leftovers\n|-damage|p1a: Axel Voss|0 fnt|[from] psn\n|faint|p1a: Axel Voss\n|upkeep\n|\n|switch|p1a: Uploadfilter|Hydreigon, F|42\/100\n|-damage|p1a: Uploadfilter|30\/100|[from] Stealth Rock\n|turn|16\n|\n|move|p1a: Uploadfilter|Dark Pulse|p2a: Cofagrigus\n|-supereffective|p2a: Cofagrigus\n|-damage|p2a: Cofagrigus|0 fnt\n|faint|p2a: Cofagrigus\n|\n|upkeep\n|\n|switch|p2a: Terrakion|Terrakion|94\/100\n|-damage|p2a: Terrakion|88\/100|[from] Stealth Rock\n|turn|17\n|\n|move|p2a: Terrakion|X-Scissor|p1a: Uploadfilter\n|-supereffective|p1a: Uploadfilter\n|-damage|p1a: Uploadfilter|0 fnt\n|-damage|p2a: Terrakion|78\/100|[from] item: Life Orb\n|faint|p1a: Uploadfilter\n|\n|upkeep\n|\n|switch|p1a: CDU|Musharna, F|79\/100 tox\n|-damage|p1a: CDU|67\/100 tox|[from] Stealth Rock\n|turn|18\n|\n|switch|p2a: Kyurem|Kyurem-Black, shiny|100\/100\n|-damage|p2a: Kyurem|76\/100|[from] Stealth Rock\n|-ability|p2a: Kyurem|Teravolt\n|move|p1a: CDU|Psychic|p2a: Kyurem\n|-damage|p2a: Kyurem|43\/100\n|\n|-heal|p1a: CDU|73\/100 tox|[from] item: Leftovers\n|-damage|p1a: CDU|67\/100 tox|[from] psn\n|upkeep\n|turn|19\n|\n|move|p2a: Kyurem|Outrage|p1a: CDU\n|-damage|p1a: CDU|14\/100 tox\n|move|p1a: CDU|Moonlight|p1a: CDU\n|-heal|p1a: CDU|64\/100 tox\n|\n|-heal|p1a: CDU|71\/100 tox|[from] item: Leftovers\n|-damage|p1a: CDU|58\/100 tox|[from] psn\n|upkeep\n|turn|20\n|\n|move|p2a: Kyurem|Outrage|p1a: CDU|[from]lockedmove\n|-damage|p1a: CDU|5\/100 tox\n|-start|p2a: Kyurem|confusion|[fatigue]\n|move|p1a: CDU|Psychic|p2a: Kyurem\n|-damage|p2a: Kyurem|13\/100\n|\n|-heal|p1a: CDU|11\/100 tox|[from] item: Leftovers\n|-damage|p1a: CDU|0 fnt|[from] psn\n|faint|p1a: CDU\n|upkeep\n|c|\u2606OGamer289|ja fuck\n|c|\u2606OGamer289|habs gejockt\n|\n|switch|p1a: #Axelsurf|Virizion|100\/100\n|-damage|p1a: #Axelsurf|94\/100|[from] Stealth Rock\n|turn|21\n|\n|-activate|p2a: Kyurem|confusion\n|move|p2a: Kyurem|Outrage|p1a: #Axelsurf\n|-damage|p1a: #Axelsurf|0 fnt\n|faint|p1a: #Axelsurf\n|\n|upkeep\n|\n|switch|p1a: Bots|Escavalier, F|67\/100\n|-damage|p1a: Bots|55\/100|[from] Stealth Rock\n|turn|22\n|\n|-activate|p2a: Kyurem|confusion\n|-damage|p2a: Kyurem|0 fnt|[from] confusion\n|faint|p2a: Kyurem\n|move|p1a: Bots|X-Scissor|p2: Kyurem\n|\n|upkeep\n|\n|switch|p2a: Suicune|Suicune|72\/100 tox\n|-damage|p2a: Suicune|60\/100 tox|[from] Stealth Rock\n|-ability|p2a: Suicune|Pressure\n|turn|23\n|\n|move|p2a: Suicune|Ice Beam|p1a: Bots\n|-resisted|p1a: Bots\n|-damage|p1a: Bots|43\/100\n|move|p1a: Bots|X-Scissor|p2a: Suicune\n|-damage|p2a: Suicune|25\/100 tox\n|-enditem|p2a: Suicune|Sitrus Berry|[eat]\n|-heal|p2a: Suicune|50\/100 tox|[from] item: Sitrus Berry\n|\n|-damage|p2a: Suicune|44\/100 tox|[from] psn\n|upkeep\n|turn|24\n|\n|move|p2a: Suicune|Hidden Power|p1a: Bots\n|-supereffective|p1a: Bots\n|-damage|p1a: Bots|0 fnt\n|faint|p1a: Bots\n|\n|-damage|p2a: Suicune|32\/100 tox|[from] psn\n|upkeep\n|\n|switch|p1a: Lizenz|Thundurus, M|100\/100\n|-damage|p1a: Lizenz|76\/100|[from] Stealth Rock\n|turn|25\n|\n|move|p1a: Lizenz|Thunderbolt|p2a: Suicune\n|-supereffective|p2a: Suicune\n|-damage|p2a: Suicune|0 fnt\n|faint|p2a: Suicune\n|\n|upkeep\n|\n|switch|p2a: Terrakion|Terrakion|78\/100\n|-damage|p2a: Terrakion|72\/100|[from] Stealth Rock\n|turn|26\n|\n|move|p1a: Lizenz|Focus Blast|p2a: Terrakion\n|-supereffective|p2a: Terrakion\n|-damage|p2a: Terrakion|0 fnt\n|faint|p2a: Terrakion\n|\n|win|snitchgeburt\n|c|\u2606OGamer289|uff\n","uploadtime":1553886026,"views":4,"p1id":"snitchgeburt","p2id":"ogamer289","formatid":"gen5ubers","rating":0,"private":0,"password":null}