{"id":"gen5ou-1706975246","p1":"Mr Beast Gaming","p2":"wevilly","format":"gen5ou","log":"|j|\u2606Mr Beast Gaming\n|j|\u2606wevilly\n|t:|1668038014\n|gametype|singles\n|player|p1|Mr Beast Gaming|gentleman-gen4dp|1167\n|player|p2|wevilly|aromalady|1159\n|teamsize|p1|6\n|teamsize|p2|4\n|gen|5\n|tier|[Gen 5] OU\n|rated|\n|rule|Species Clause: Limit one of each Pok\u00e9mon\n|rule|OHKO Clause: OHKO moves are banned\n|rule|Moody Clause: Moody is banned\n|rule|Evasion Items Clause: Evasion items are banned\n|rule|Evasion Moves Clause: Evasion moves are banned\n|rule|Endless Battle Clause: Forcing endless battles is banned\n|rule|HP Percentage Mod: HP is shown in percentages\n|rule|Evasion Abilities Clause: Evasion abilities are banned\n|rule|Sleep Clause: Sleep-inducing moves are banned\n|rule|Swagger Clause: Swagger is banned\n|clearpoke\n|poke|p1|Politoed, M|item\n|poke|p1|Ferrothorn, M|item\n|poke|p1|Tentacruel, M|item\n|poke|p1|Latios, M|item\n|poke|p1|Keldeo-Resolute|item\n|poke|p1|Thundurus-Therian, M|item\n|poke|p2|Alakazam, F|item\n|poke|p2|Cloyster, M|item\n|poke|p2|Conkeldurr, M|item\n|poke|p2|Snorlax, M|item\n|teampreview\n|inactive|Battle timer is ON: inactive players will automatically lose when time's up. (requested by Mr Beast Gaming)\n|inactive|Mr Beast Gaming has 120 seconds left.\n|\n|t:|1668038054\n|start\n|switch|p1a: Politoed|Politoed, M, shiny|100\/100\n|switch|p2a: Cloyster|Cloyster, M|100\/100\n|-weather|RainDance|[from] ability: Drizzle|[of] p1a: Politoed\n|turn|1\n|\n|t:|1668038072\n|move|p2a: Cloyster|Shell Smash|p2a: Cloyster\n|-unboost|p2a: Cloyster|def|1\n|-unboost|p2a: Cloyster|spd|1\n|-boost|p2a: Cloyster|atk|2\n|-boost|p2a: Cloyster|spa|2\n|-boost|p2a: Cloyster|spe|2\n|move|p1a: Politoed|Toxic|p2a: Cloyster\n|-status|p2a: Cloyster|tox\n|\n|-weather|RainDance|[upkeep]\n|-damage|p2a: Cloyster|94\/100 tox|[from] psn\n|upkeep\n|turn|2\n|\n|t:|1668038078\n|move|p1a: Politoed|Protect|p1a: Politoed\n|-singleturn|p1a: Politoed|Protect\n|move|p2a: Cloyster|Shell Smash|p2a: Cloyster\n|-unboost|p2a: Cloyster|def|1\n|-unboost|p2a: Cloyster|spd|1\n|-boost|p2a: Cloyster|atk|2\n|-boost|p2a: Cloyster|spa|2\n|-boost|p2a: Cloyster|spe|2\n|\n|-weather|RainDance|[upkeep]\n|-damage|p2a: Cloyster|82\/100 tox|[from] psn\n|upkeep\n|turn|3\n|\n|t:|1668038081\n|move|p2a: Cloyster|Rock Blast|p1a: Politoed\n|-damage|p1a: Politoed|81\/100\n|-damage|p1a: Politoed|61\/100\n|-damage|p1a: Politoed|42\/100\n|-damage|p1a: Politoed|21\/100\n|-damage|p1a: Politoed|0 fnt\n|faint|p1a: Politoed\n|-hitcount|p1: Politoed|5\n|\n|-weather|RainDance|[upkeep]\n|-damage|p2a: Cloyster|63\/100 tox|[from] psn\n|upkeep\n|\n|t:|1668038084\n|switch|p1a: Ferrothorn|Ferrothorn, M, shiny|100\/100\n|turn|4\n|\n|t:|1668038093\n|move|p2a: Cloyster|Icicle Spear|p1a: Ferrothorn\n|-damage|p1a: Ferrothorn|77\/100\n|-damage|p1a: Ferrothorn|56\/100\n|-damage|p1a: Ferrothorn|33\/100\n|-damage|p1a: Ferrothorn|11\/100\n|-crit|p1a: Ferrothorn\n|-damage|p1a: Ferrothorn|0 fnt\n|faint|p1a: Ferrothorn\n|-hitcount|p1: Ferrothorn|5\n|\n|-weather|RainDance|[upkeep]\n|-damage|p2a: Cloyster|38\/100 tox|[from] psn\n|upkeep\n|\n|t:|1668038099\n|switch|p1a: Squidward|Tentacruel, M, shiny|100\/100\n|turn|5\n|\n|t:|1668038107\n|move|p1a: Squidward|Protect|p1a: Squidward\n|-singleturn|p1a: Squidward|Protect\n|move|p2a: Cloyster|Rock Blast|p1a: Squidward\n|-activate|p1a: Squidward|move: Protect\n|\n|-weather|RainDance|[upkeep]\n|-damage|p2a: Cloyster|7\/100 tox|[from] psn\n|upkeep\n|turn|6\n|\n|t:|1668038113\n|move|p1a: Squidward|Protect|p1a: Squidward\n|-singleturn|p1a: Squidward|Protect\n|move|p2a: Cloyster|Rock Blast|p1a: Squidward\n|-activate|p1a: Squidward|move: Protect\n|\n|-weather|RainDance|[upkeep]\n|-damage|p2a: Cloyster|0 fnt|[from] psn\n|faint|p2a: Cloyster\n|upkeep\n|\n|t:|1668038119\n|switch|p2a: Alakazam|Alakazam, F|100\/100\n|turn|7\n|\n|t:|1668038123\n|move|p2a: Alakazam|Calm Mind|p2a: Alakazam\n|-boost|p2a: Alakazam|spa|1\n|-boost|p2a: Alakazam|spd|1\n|move|p1a: Squidward|Scald|p2a: Alakazam\n|-damage|p2a: Alakazam|63\/100\n|\n|-weather|RainDance|[upkeep]\n|upkeep\n|turn|8\n|\n|t:|1668038129\n|move|p2a: Alakazam|Psychic|p1a: Squidward\n|-supereffective|p1a: Squidward\n|-damage|p1a: Squidward|0 fnt\n|faint|p1a: Squidward\n|\n|-weather|RainDance|[upkeep]\n|upkeep\n|\n|t:|1668038134\n|switch|p1a: Latios|Latios, M, shiny|100\/100\n|turn|9\n|\n|t:|1668038138\n|move|p1a: Latios|Draco Meteor|p2a: Alakazam\n|-damage|p2a: Alakazam|0 fnt\n|-unboost|p1a: Latios|spa|2\n|faint|p2a: Alakazam\n|\n|-weather|RainDance|[upkeep]\n|upkeep\n|\n|t:|1668038150\n|switch|p2a: Snorlax|Snorlax, M|100\/100\n|turn|10\n|\n|t:|1668038155\n|switch|p1a: Rainbow Dash|Keldeo-Resolute|100\/100\n|move|p2a: Snorlax|Curse|p2a: Snorlax\n|-unboost|p2a: Snorlax|spe|1\n|-boost|p2a: Snorlax|atk|1\n|-boost|p2a: Snorlax|def|1\n|\n|-weather|RainDance|[upkeep]\n|upkeep\n|turn|11\n|\n|t:|1668038163\n|move|p1a: Rainbow Dash|Hydro Pump|p2a: Snorlax|[miss]\n|-miss|p1a: Rainbow Dash|p2a: Snorlax\n|move|p2a: Snorlax|Body Slam|p1a: Rainbow Dash\n|-damage|p1a: Rainbow Dash|22\/100\n|\n|-weather|RainDance|[upkeep]\n|upkeep\n|turn|12\n|\n|t:|1668038170\n|move|p1a: Rainbow Dash|Hydro Pump|p2a: Snorlax\n|-damage|p2a: Snorlax|11\/100\n|move|p2a: Snorlax|Body Slam|p1a: Rainbow Dash\n|-damage|p1a: Rainbow Dash|0 fnt\n|faint|p1a: Rainbow Dash\n|\n|-weather|RainDance|[upkeep]\n|-heal|p2a: Snorlax|17\/100|[from] item: Leftovers\n|upkeep\n|\n|t:|1668038179\n|switch|p1a: Zeus|Thundurus-Therian, M, shiny|100\/100\n|turn|13\n|\n|t:|1668038185\n|move|p1a: Zeus|Thunder|p2a: Snorlax\n|-damage|p2a: Snorlax|0 fnt\n|faint|p2a: Snorlax\n|\n|-weather|RainDance|[upkeep]\n|upkeep\n|\n|t:|1668038196\n|switch|p2a: Conkeldurr|Conkeldurr, M|100\/100\n|turn|14\n|\n|t:|1668038203\n|move|p1a: Zeus|Thunder|p2a: Conkeldurr\n|-damage|p2a: Conkeldurr|28\/100\n|move|p2a: Conkeldurr|Ice Punch|p1a: Zeus\n|-supereffective|p1a: Zeus\n|-damage|p1a: Zeus|27\/100\n|\n|-weather|RainDance|[upkeep]\n|-heal|p1a: Zeus|33\/100|[from] item: Leftovers\n|-status|p2a: Conkeldurr|brn|[from] item: Flame Orb\n|upkeep\n|turn|15\n|\n|t:|1668038213\n|move|p2a: Conkeldurr|Mach Punch|p1a: Zeus\n|-resisted|p1a: Zeus\n|-damage|p1a: Zeus|10\/100\n|move|p1a: Zeus|Thunder|p2a: Conkeldurr\n|-damage|p2a: Conkeldurr|0 fnt\n|faint|p2a: Conkeldurr\n|\n|win|Mr Beast Gaming\n|raw|Mr Beast Gaming's rating: 1167 &rarr; <strong>1191<\/strong><br \/>(+24 for winning)\n|raw|wevilly's rating: 1159 &rarr; <strong>1135<\/strong><br \/>(-24 for losing)\n|l|\u2606wevilly\n","uploadtime":1668038219,"views":4,"p1id":"mrbeastgaming","p2id":"wevilly","formatid":"gen5ou","rating":1135,"private":0,"password":null}