{"id":"gen5ou-881360740","p1":"DerSultan","p2":"OGamer289","format":"gen5ou","log":"|j|\u2606DerSultan\n|j|\u2606OGamer289\n|player|p1|DerSultan|288\n|player|p2|OGamer289|153\n|teamsize|p1|6\n|teamsize|p2|6\n|gametype|singles\n|gen|5\n|tier|[Gen 5] OU\n|rule|Sleep Clause Mod: Limit one foe put to sleep\n|rule|Species Clause: Limit one of each Pok\u00e9mon\n|rule|OHKO Clause: OHKO moves are banned\n|rule|Moody Clause: Moody is banned\n|rule|Evasion Moves Clause: Evasion moves are banned\n|rule|Endless Battle Clause: Forcing endless battles is banned\n|rule|HP Percentage Mod: HP is shown in percentages\n|rule|Evasion Abilities Clause: Evasion abilities are banned\n|rule|Baton Pass Clause: Limit one Baton Passer, can't pass Spe and other stats simultaneously\n|rule|Swagger Clause: Swagger is banned\n|clearpoke\n|poke|p1|Simisear, F|item\n|poke|p1|Landorus-Therian, M|item\n|poke|p1|Scizor, F|item\n|poke|p1|Miltank, F|item\n|poke|p1|Thundurus-Therian, M|item\n|poke|p1|Drifblim, M|item\n|poke|p2|Kyurem-Black|item\n|poke|p2|Suicune|item\n|poke|p2|Porygon2|item\n|poke|p2|Cofagrigus, F|item\n|poke|p2|Crobat, F|item\n|poke|p2|Magneton|item\n|teampreview\n|c|\u2606OGamer289|hf gl\n|c|\u2606DerSultan|u2\n|c|\u2606OGamer289|danke+\n|\n|start\n|switch|p1a: Scizor|Scizor, F|100\/100\n|switch|p2a: Suicune|Suicune|100\/100\n|-ability|p2a: Suicune|Pressure\n|turn|1\n|\n|move|p2a: Suicune|Hidden Power|p1a: Scizor\n|-supereffective|p1a: Scizor\n|-damage|p1a: Scizor|3\/100\n|move|p1a: Scizor|U-turn|p2a: Suicune\n|-damage|p2a: Suicune|70\/100\n|\n|switch|p1a: Thundurus|Thundurus-Therian, M|100\/100\n|\n|upkeep\n|turn|2\n|\n|switch|p2a: Magneton|Magneton|100\/100\n|move|p1a: Thundurus|Volt Switch|p2a: Magneton\n|-resisted|p2a: Magneton\n|-damage|p2a: Magneton|68\/100\n|\n|switch|p1a: Simisear|Simisear, F|100\/100\n|\n|upkeep\n|turn|3\n|\n|switch|p2a: Suicune|Suicune|70\/100\n|-ability|p2a: Suicune|Pressure\n|move|p1a: Simisear|Flamethrower|p2a: Suicune\n|-resisted|p2a: Suicune\n|-damage|p2a: Suicune|50\/100\n|-enditem|p2a: Suicune|Sitrus Berry|[eat]\n|-heal|p2a: Suicune|75\/100|[from] item: Sitrus Berry\n|-damage|p1a: Simisear|91\/100|[from] item: Life Orb\n|\n|upkeep\n|turn|4\n|\n|move|p1a: Simisear|Toxic|p2a: Suicune\n|-status|p2a: Suicune|tox\n|move|p2a: Suicune|Surf|p1a: Simisear\n|-supereffective|p1a: Simisear\n|-damage|p1a: Simisear|0 fnt\n|faint|p1a: Simisear\n|\n|-damage|p2a: Suicune|69\/100 tox|[from] psn\n|upkeep\n|\n|switch|p1a: Drifblim|Drifblim, M|100\/100\n|turn|5\n|\n|move|p1a: Drifblim|Acrobatics|p2a: Suicune\n|-enditem|p1a: Drifblim|Flying Gem|[from] gem|[move] Acrobatics\n|-damage|p2a: Suicune|23\/100 tox\n|move|p2a: Suicune|Ice Beam|p1a: Drifblim\n|-supereffective|p1a: Drifblim\n|-damage|p1a: Drifblim|31\/100\n|\n|-damage|p2a: Suicune|11\/100 tox|[from] psn\n|upkeep\n|turn|6\n|\n|move|p1a: Drifblim|Acrobatics|p2a: Suicune\n|-damage|p2a: Suicune|0 fnt\n|faint|p2a: Suicune\n|\n|upkeep\n|\n|switch|p2a: Kyurem|Kyurem-Black|100\/100\n|-ability|p2a: Kyurem|Teravolt\n|turn|7\n|\n|move|p1a: Drifblim|Destiny Bond|p1a: Drifblim\n|-singlemove|p1a: Drifblim|Destiny Bond\n|move|p2a: Kyurem|Ice Beam|p1a: Drifblim\n|-supereffective|p1a: Drifblim\n|-damage|p1a: Drifblim|0 fnt\n|faint|p1a: Drifblim\n|-activate|p1a: Drifblim|move: Destiny Bond\n|faint|p2a: Kyurem\n|\n|upkeep\n|c|\u2606OGamer289|wow\n|\n|switch|p2a: Porygon2|Porygon2|100\/100\n|switch|p1a: Scizor|Scizor, F|3\/100\n|-ability|p2a: Porygon2|Technician|[from] ability: Trace|[of] p1a: Scizor\n|turn|8\n|\n|move|p1a: Scizor|Superpower|p2a: Porygon2\n|-supereffective|p2a: Porygon2\n|-crit|p2a: Porygon2\n|-damage|p2a: Porygon2|0 fnt\n|-unboost|p1a: Scizor|atk|1\n|-unboost|p1a: Scizor|def|1\n|faint|p2a: Porygon2\n|\n|upkeep\n|c|\u2606DerSultan|uff\n|c|\u2606OGamer289|wow\n|\n|switch|p2a: Cofagrigus|Cofagrigus, F|100\/100\n|turn|9\n|\n|move|p1a: Scizor|U-turn|p2a: Cofagrigus\n|-resisted|p2a: Cofagrigus\n|-damage|p2a: Cofagrigus|92\/100\n|-activate|p2a: Cofagrigus|ability: Mummy|Technician|[of] p1a: Scizor\n|\n|switch|p1a: Miltank|Miltank, F|100\/100\n|move|p2a: Cofagrigus|Calm Mind|p2a: Cofagrigus\n|-boost|p2a: Cofagrigus|spa|1\n|-boost|p2a: Cofagrigus|spd|1\n|\n|-heal|p2a: Cofagrigus|98\/100|[from] item: Leftovers\n|upkeep\n|turn|10\n|\n|move|p1a: Miltank|Toxic|p2a: Cofagrigus|[miss]\n|-miss|p1a: Miltank|p2a: Cofagrigus\n|move|p2a: Cofagrigus|Will-O-Wisp|p1a: Miltank\n|-status|p1a: Miltank|brn\n|\n|-heal|p2a: Cofagrigus|100\/100|[from] item: Leftovers\n|-damage|p1a: Miltank|88\/100 brn|[from] brn\n|upkeep\n|turn|11\n|\n|switch|p2a: Magneton|Magneton|68\/100\n|move|p1a: Miltank|Toxic|p2a: Magneton\n|-immune|p2a: Magneton\n|\n|-heal|p1a: Miltank|94\/100 brn|[from] item: Leftovers\n|-damage|p1a: Miltank|82\/100 brn|[from] brn\n|upkeep\n|turn|12\n|\n|move|p1a: Miltank|Stealth Rock|p2a: Magneton\n|-sidestart|p2: OGamer289|move: Stealth Rock\n|move|p2a: Magneton|Flash Cannon|p1a: Miltank\n|-damage|p1a: Miltank|33\/100 brn\n|\n|-heal|p1a: Miltank|39\/100 brn|[from] item: Leftovers\n|-damage|p1a: Miltank|27\/100 brn|[from] brn\n|upkeep\n|turn|13\n|\n|move|p1a: Miltank|Seismic Toss|p2a: Magneton\n|-damage|p2a: Magneton|33\/100\n|move|p2a: Magneton|Flash Cannon|p1a: Miltank\n|-damage|p1a: Miltank|0 fnt\n|faint|p1a: Miltank\n|\n|upkeep\n|\n|switch|p1a: Landorus|Landorus-Therian, M|100\/100\n|-ability|p1a: Landorus|Intimidate|boost\n|-unboost|p2a: Magneton|atk|1\n|turn|14\n|\n|switch|p2a: Crobat|Crobat, F|100\/100\n|-damage|p2a: Crobat|76\/100|[from] Stealth Rock\n|move|p1a: Landorus|Swords Dance|p1a: Landorus\n|-boost|p1a: Landorus|atk|2\n|\n|-heal|p2a: Crobat|82\/100|[from] item: Black Sludge\n|upkeep\n|turn|15\n|\n|move|p2a: Crobat|Hidden Power|p1a: Landorus\n|-supereffective|p1a: Landorus\n|-enditem|p1a: Landorus|Yache Berry|[eat]\n|-enditem|p1a: Landorus|Yache Berry|[weaken]\n|-damage|p1a: Landorus|58\/100\n|move|p1a: Landorus|Stone Edge|p2a: Crobat|[miss]\n|-miss|p1a: Landorus|p2a: Crobat\n|\n|-heal|p2a: Crobat|88\/100|[from] item: Black Sludge\n|upkeep\n|turn|16\n|\n|move|p2a: Crobat|Hidden Power|p1a: Landorus\n|-supereffective|p1a: Landorus\n|-damage|p1a: Landorus|0 fnt\n|faint|p1a: Landorus\n|\n|-heal|p2a: Crobat|94\/100|[from] item: Black Sludge\n|upkeep\n|c|\u2606DerSultan|achso\n|\n|switch|p1a: Thundurus|Thundurus-Therian, M|100\/100\n|turn|17\n|\n|move|p1a: Thundurus|Thunderbolt|p2a: Crobat\n|-supereffective|p2a: Crobat\n|-damage|p2a: Crobat|0 fnt\n|faint|p2a: Crobat\n|\n|upkeep\n|\n|switch|p2a: Cofagrigus|Cofagrigus, F|100\/100\n|-damage|p2a: Cofagrigus|88\/100|[from] Stealth Rock\n|turn|18\n|\n|switch|p1a: Scizor|Scizor, F|3\/100\n|move|p2a: Cofagrigus|Calm Mind|p2a: Cofagrigus\n|-boost|p2a: Cofagrigus|spa|1\n|-boost|p2a: Cofagrigus|spd|1\n|\n|-heal|p2a: Cofagrigus|94\/100|[from] item: Leftovers\n|upkeep\n|turn|19\n|\n|move|p1a: Scizor|Bullet Punch|p2a: Cofagrigus\n|-damage|p2a: Cofagrigus|74\/100\n|-activate|p2a: Cofagrigus|ability: Mummy|Technician|[of] p1a: Scizor\n|move|p2a: Cofagrigus|Calm Mind|p2a: Cofagrigus\n|-boost|p2a: Cofagrigus|spa|1\n|-boost|p2a: Cofagrigus|spd|1\n|\n|-heal|p2a: Cofagrigus|80\/100|[from] item: Leftovers\n|upkeep\n|turn|20\n|\n|move|p1a: Scizor|U-turn|p2a: Cofagrigus\n|-resisted|p2a: Cofagrigus\n|-damage|p2a: Cofagrigus|70\/100\n|\n|switch|p1a: Thundurus|Thundurus-Therian, M|100\/100\n|move|p2a: Cofagrigus|Calm Mind|p2a: Cofagrigus\n|-boost|p2a: Cofagrigus|spa|1\n|-boost|p2a: Cofagrigus|spd|1\n|\n|-heal|p2a: Cofagrigus|76\/100|[from] item: Leftovers\n|upkeep\n|turn|21\n|\n|move|p1a: Thundurus|Dark Pulse|p2a: Cofagrigus\n|-supereffective|p2a: Cofagrigus\n|-damage|p2a: Cofagrigus|51\/100\n|move|p2a: Cofagrigus|Shadow Ball|p1a: Thundurus\n|-damage|p1a: Thundurus|20\/100\n|\n|-heal|p2a: Cofagrigus|57\/100|[from] item: Leftovers\n|upkeep\n|turn|22\n|c|\u2606DerSultan|schei\u00df miss\n|\n|move|p1a: Thundurus|Dark Pulse|p2a: Cofagrigus\n|-supereffective|p2a: Cofagrigus\n|-damage|p2a: Cofagrigus|30\/100\n|cant|p2a: Cofagrigus|flinch\n|\n|-heal|p2a: Cofagrigus|36\/100|[from] item: Leftovers\n|upkeep\n|turn|23\n|\n|move|p1a: Thundurus|Dark Pulse|p2a: Cofagrigus\n|-supereffective|p2a: Cofagrigus\n|-damage|p2a: Cofagrigus|11\/100\n|move|p2a: Cofagrigus|Shadow Ball|p1a: Thundurus\n|-damage|p1a: Thundurus|0 fnt\n|faint|p1a: Thundurus\n|\n|-heal|p2a: Cofagrigus|17\/100|[from] item: Leftovers\n|upkeep\n|\n|switch|p1a: Scizor|Scizor, F|3\/100\n|turn|24\n|\n|move|p1a: Scizor|Bullet Punch|p2a: Cofagrigus\n|-damage|p2a: Cofagrigus|0 fnt\n|-activate|p2a: Cofagrigus|ability: Mummy|Technician|[of] p1a: Scizor\n|faint|p2a: Cofagrigus\n|\n|upkeep\n|\n|switch|p2a: Magneton|Magneton|33\/100\n|-damage|p2a: Magneton|27\/100|[from] Stealth Rock\n|turn|25\n|\n|move|p2a: Magneton|Hidden Power|p1a: Scizor\n|-supereffective|p1a: Scizor\n|-crit|p1a: Scizor\n|-damage|p1a: Scizor|0 fnt\n|faint|p1a: Scizor\n|\n|win|OGamer289\n|c|\u2606OGamer289|gg\n|c|\u2606DerSultan|gg\n|c|\u2606DerSultan|der miss hat mir das spiel verlren\n|c|\u2606OGamer289|du hast ein riesen missplay gemacht\n|c|\u2606OGamer289|ja das auch\n|c|\u2606DerSultan|ich h\u00e4tte nur treffen m\u00fcssen dann w\u00e4re ich hier als sieger raus xD\n|c|\u2606OGamer289|aber du h\u00e4ttest nciht raus gehen d\u00fcrfen\n|c|\u2606OGamer289|mit voltulos\n|c|\u2606DerSultan|ich w\u00e4r net dran vorbei gekommen\n|c|\u2606OGamer289|gegen echnatoll\n|c|\u2606OGamer289|doch einfach donnerblitz spamen\n|c|\u2606OGamer289|das h\u00e4tte \u00fcber 50 % gekmacht\n","uploadtime":1553456211,"views":20,"p1id":"dersultan","p2id":"ogamer289","formatid":"gen5ou","rating":0,"private":0,"password":null}