{"id":"gen5ou-1706962040","p1":"MoomanXX","p2":"Rkll","format":"gen5ou","log":"|j|\u2606MoomanXX\n|j|\u2606Rkll\n|t:|1668036701\n|gametype|singles\n|player|p1|MoomanXX|fisherman-gen4|1220\n|player|p2|Rkll|102|1398\n|teamsize|p1|6\n|teamsize|p2|6\n|gen|5\n|tier|[Gen 5] OU\n|rated|\n|rule|Species Clause: Limit one of each Pok\u00e9mon\n|rule|OHKO Clause: OHKO moves are banned\n|rule|Moody Clause: Moody is banned\n|rule|Evasion Items Clause: Evasion items are banned\n|rule|Evasion Moves Clause: Evasion moves are banned\n|rule|Endless Battle Clause: Forcing endless battles is banned\n|rule|HP Percentage Mod: HP is shown in percentages\n|rule|Evasion Abilities Clause: Evasion abilities are banned\n|rule|Sleep Clause: Sleep-inducing moves are banned\n|rule|Swagger Clause: Swagger is banned\n|clearpoke\n|poke|p1|Politoed, M|item\n|poke|p1|Ferrothorn, M|item\n|poke|p1|Toxicroak, M|item\n|poke|p1|Latios, M|item\n|poke|p1|Dragonite, M|item\n|poke|p1|Starmie|item\n|poke|p2|Jirachi|item\n|poke|p2|Tangrowth, M|item\n|poke|p2|Heatran, F|item\n|poke|p2|Breloom, M|item\n|poke|p2|Blissey, F|item\n|poke|p2|Starmie|item\n|teampreview\n|inactive|Battle timer is ON: inactive players will automatically lose when time's up. (requested by MoomanXX)\n|\n|t:|1668036704\n|start\n|switch|p1a: The Guy|Latios, M|100\/100\n|switch|p2a: Breloom|Breloom, M|100\/100\n|turn|1\n|\n|t:|1668036711\n|switch|p2a: Jirachi|Jirachi|100\/100\n|move|p1a: The Guy|Trick|p2a: Jirachi\n|-activate|p1a: The Guy|move: Trick|[of] p2a: Jirachi\n|-item|p2a: Jirachi|Choice Specs|[from] move: Trick\n|-item|p1a: The Guy|Leftovers|[from] move: Trick\n|\n|upkeep\n|turn|2\n|\n|t:|1668036721\n|move|p1a: The Guy|Surf|p2a: Jirachi\n|-damage|p2a: Jirachi|70\/100\n|move|p2a: Jirachi|Body Slam|p1a: The Guy\n|-damage|p1a: The Guy|63\/100\n|\n|-heal|p1a: The Guy|69\/100|[from] item: Leftovers\n|upkeep\n|turn|3\n|\n|t:|1668036730\n|switch|p1a: Froge|Politoed, M|100\/100\n|-weather|RainDance|[from] ability: Drizzle|[of] p1a: Froge\n|switch|p2a: Breloom|Breloom, M|100\/100\n|\n|-weather|RainDance|[upkeep]\n|upkeep\n|turn|4\n|\n|t:|1668036737\n|move|p2a: Breloom|Bullet Seed|p1a: Froge\n|-supereffective|p1a: Froge\n|-crit|p1a: Froge\n|-damage|p1a: Froge|8\/100\n|-supereffective|p1a: Froge\n|-damage|p1a: Froge|0 fnt\n|faint|p1a: Froge\n|-hitcount|p1: Froge|2\n|\n|-weather|RainDance|[upkeep]\n|upkeep\n|\n|t:|1668036742\n|switch|p1a: Evil Froge|Toxicroak, M|100\/100\n|turn|5\n|\n|t:|1668036746\n|move|p1a: Evil Froge|Bulk Up|p1a: Evil Froge\n|-boost|p1a: Evil Froge|atk|1\n|-boost|p1a: Evil Froge|def|1\n|move|p2a: Breloom|Bullet Seed|p1a: Evil Froge\n|-resisted|p1a: Evil Froge\n|-crit|p1a: Evil Froge\n|-damage|p1a: Evil Froge|64\/100\n|-resisted|p1a: Evil Froge\n|-damage|p1a: Evil Froge|52\/100\n|-resisted|p1a: Evil Froge\n|-damage|p1a: Evil Froge|40\/100\n|-hitcount|p1a: Evil Froge|3\n|\n|-weather|RainDance|[upkeep]\n|-heal|p1a: Evil Froge|53\/100|[from] ability: Dry Skin\n|-heal|p1a: Evil Froge|59\/100|[from] item: Black Sludge\n|upkeep\n|turn|6\n|\n|t:|1668036762\n|switch|p2a: Tangrowth|Tangrowth, M|100\/100\n|move|p1a: Evil Froge|Bulk Up|p1a: Evil Froge\n|-boost|p1a: Evil Froge|atk|1\n|-boost|p1a: Evil Froge|def|1\n|\n|-weather|RainDance|[upkeep]\n|-heal|p1a: Evil Froge|71\/100|[from] ability: Dry Skin\n|-heal|p1a: Evil Froge|77\/100|[from] item: Black Sludge\n|upkeep\n|turn|7\n|\n|t:|1668036771\n|move|p1a: Evil Froge|Substitute|p1a: Evil Froge\n|-start|p1a: Evil Froge|Substitute\n|-damage|p1a: Evil Froge|52\/100\n|move|p2a: Tangrowth|Stun Spore|p1a: Evil Froge|[miss]\n|-miss|p2a: Tangrowth|p1a: Evil Froge\n|\n|-weather|RainDance|[upkeep]\n|-heal|p1a: Evil Froge|65\/100|[from] ability: Dry Skin\n|-heal|p1a: Evil Froge|71\/100|[from] item: Black Sludge\n|upkeep\n|turn|8\n|\n|t:|1668036780\n|move|p1a: Evil Froge|Bulk Up|p1a: Evil Froge\n|-boost|p1a: Evil Froge|atk|1\n|-boost|p1a: Evil Froge|def|1\n|move|p2a: Tangrowth|Hidden Power|p1a: Evil Froge\n|-end|p1a: Evil Froge|Substitute\n|\n|-weather|RainDance|[upkeep]\n|-heal|p1a: Evil Froge|83\/100|[from] ability: Dry Skin\n|-heal|p1a: Evil Froge|89\/100|[from] item: Black Sludge\n|upkeep\n|turn|9\n|\n|t:|1668036789\n|move|p1a: Evil Froge|Substitute|p1a: Evil Froge\n|-start|p1a: Evil Froge|Substitute\n|-damage|p1a: Evil Froge|65\/100\n|move|p2a: Tangrowth|Hidden Power|p1a: Evil Froge\n|-end|p1a: Evil Froge|Substitute\n|\n|-weather|RainDance|[upkeep]\n|-heal|p1a: Evil Froge|77\/100|[from] ability: Dry Skin\n|-heal|p1a: Evil Froge|83\/100|[from] item: Black Sludge\n|upkeep\n|turn|10\n|\n|t:|1668036798\n|move|p1a: Evil Froge|Drain Punch|p2a: Tangrowth\n|-damage|p2a: Tangrowth|58\/100\n|-heal|p1a: Evil Froge|100\/100|[from] drain|[of] p2a: Tangrowth\n|move|p2a: Tangrowth|Hidden Power|p1a: Evil Froge\n|-damage|p1a: Evil Froge|74\/100\n|\n|-weather|RainDance|[upkeep]\n|-heal|p1a: Evil Froge|86\/100|[from] ability: Dry Skin\n|-heal|p1a: Evil Froge|92\/100|[from] item: Black Sludge\n|-heal|p2a: Tangrowth|64\/100|[from] item: Leftovers\n|upkeep\n|turn|11\n|\n|t:|1668036809\n|move|p1a: Evil Froge|Substitute|p1a: Evil Froge\n|-start|p1a: Evil Froge|Substitute\n|-damage|p1a: Evil Froge|67\/100\n|move|p2a: Tangrowth|Leech Seed||[still]\n|-fail|p2a: Tangrowth\n|\n|-weather|RainDance|[upkeep]\n|-heal|p1a: Evil Froge|80\/100|[from] ability: Dry Skin\n|-heal|p1a: Evil Froge|86\/100|[from] item: Black Sludge\n|-heal|p2a: Tangrowth|71\/100|[from] item: Leftovers\n|upkeep\n|turn|12\n|\n|t:|1668036818\n|move|p1a: Evil Froge|Bulk Up|p1a: Evil Froge\n|-boost|p1a: Evil Froge|atk|1\n|-boost|p1a: Evil Froge|def|1\n|move|p2a: Tangrowth|Hidden Power|p1a: Evil Froge\n|-end|p1a: Evil Froge|Substitute\n|\n|-weather|RainDance|[upkeep]\n|-heal|p1a: Evil Froge|98\/100|[from] ability: Dry Skin\n|-heal|p1a: Evil Froge|100\/100|[from] item: Black Sludge\n|-heal|p2a: Tangrowth|77\/100|[from] item: Leftovers\n|upkeep\n|turn|13\n|\n|t:|1668036829\n|switch|p2a: Jirachi|Jirachi|70\/100\n|move|p1a: Evil Froge|Substitute|p1a: Evil Froge\n|-start|p1a: Evil Froge|Substitute\n|-damage|p1a: Evil Froge|76\/100\n|\n|-weather|RainDance|[upkeep]\n|-heal|p1a: Evil Froge|88\/100|[from] ability: Dry Skin\n|-heal|p1a: Evil Froge|94\/100|[from] item: Black Sludge\n|upkeep\n|turn|14\n|j| kppsub3\n|\n|t:|1668036837\n|move|p2a: Jirachi|Iron Head|p1a: Evil Froge\n|-crit|p1a: Evil Froge\n|-end|p1a: Evil Froge|Substitute\n|move|p1a: Evil Froge|Drain Punch|p2a: Jirachi\n|-damage|p2a: Jirachi|0 fnt\n|-heal|p1a: Evil Froge|100\/100|[from] drain|[of] p2a: Jirachi\n|faint|p2a: Jirachi\n|\n|-weather|RainDance|[upkeep]\n|upkeep\n|\n|t:|1668036860\n|switch|p2a: Starmie|Starmie|100\/100\n|turn|15\n|\n|t:|1668036862\n|move|p1a: Evil Froge|Sucker Punch|p2a: Starmie\n|-supereffective|p2a: Starmie\n|-damage|p2a: Starmie|0 fnt\n|faint|p2a: Starmie\n|\n|-weather|RainDance|[upkeep]\n|upkeep\n|-message|Rkll forfeited.\n|\n|win|MoomanXX\n|raw|MoomanXX's rating: 1220 &rarr; <strong>1257<\/strong><br \/>(+37 for winning)\n|raw|Rkll's rating: 1398 &rarr; <strong>1369<\/strong><br \/>(-29 for losing)\n|l|\u2606Rkll\n","uploadtime":1668036871,"views":3,"p1id":"moomanxx","p2id":"rkll","formatid":"gen5ou","rating":1257,"private":0,"password":null}