{"id":"gen5ou-539811597","p1":"Candice","p2":"4d61736b6f66496365","format":"gen5ou","log":"|j|Candice\n|j|4d61736b6f66496365\n|player|p1|Candice|36\n|player|p2|4d61736b6f66496365|265\n|gametype|singles\n|gen|5\n|tier|[Gen 5] OU\n|rated\n|seed|50481,4219,7981,60772\n|rule|Evasion Abilities Clause: Evasion abilities are banned\n|rule|Baton Pass Clause: Limit one Baton Passer, can't pass Spe and other stats simultaneously\n|rule|Swagger Clause: Swagger is banned\n|clearpoke\n|poke|p1|Tyranitar, F|item\n|poke|p1|Landorus-Therian, M|item\n|poke|p1|Rotom-Wash|item\n|poke|p1|Scizor, M|item\n|poke|p1|Latios, M|item\n|poke|p1|Magnezone|item\n|poke|p2|Politoed, M|item\n|poke|p2|Dragonite, F|item\n|poke|p2|Scizor, M|item\n|poke|p2|Toxicroak, F|item\n|poke|p2|Jirachi|item\n|poke|p2|Garchomp, M|item\n|rule|Sleep Clause Mod: Limit one foe put to sleep\n|rule|Species Clause: Limit one of each Pok\u00e9mon\n|rule|OHKO Clause: OHKO moves are banned\n|rule|Moody Clause: Moody is banned\n|rule|Evasion Moves Clause: Evasion moves are banned\n|rule|Endless Battle Clause: Forcing endless battles is banned\n|rule|HP Percentage Mod: HP is shown in percentages\n|teampreview\n|choice|team 3, team 2, team 1, team 4, team 5, team 6|team 5, team 2, team 3, team 4, team 1, team 6\n|\n|start\n|switch|p1a: Rotom|Rotom-Wash|303\/303\n|switch|p2a: Jirachi|Jirachi|341\/341\n|turn|1\n|choice|move voltswitch|move stealthrock\n|\n|move|p2a: Jirachi|Stealth Rock|p1a: Rotom\n|-sidestart|p1: Candice|move: Stealth Rock\n|move|p1a: Rotom|Volt Switch|p2a: Jirachi\n|-crit|p2a: Jirachi\n|-damage|p2a: Jirachi|169\/341\n|choice|switch 2|\n|\n|switch|p1a: Landorus|Landorus-Therian, M|381\/381\n|-damage|p1a: Landorus|334\/381|[from] Stealth Rock\n|-ability|p1a: Landorus|Intimidate|boost\n|-unboost|p2a: Jirachi|atk|1\n|\n|-heal|p1a: Landorus|357\/381|[from] item: Leftovers\n|upkeep\n|turn|2\n|choice|move stealthrock|move hiddenpower\n|\n|move|p2a: Jirachi|Hidden Power|p1a: Landorus\n|-supereffective|p1a: Landorus\n|-damage|p1a: Landorus|0 fnt\n|faint|p1a: Landorus\n|\n|upkeep\n|choice|switch 6|\n|\n|switch|p1a: Magnezone|Magnezone|282\/282\n|-damage|p1a: Magnezone|265\/282|[from] Stealth Rock\n|turn|3\n|choice|move thunderbolt|move thunder\n|\n|move|p1a: Magnezone|Thunderbolt|p2a: Jirachi\n|-damage|p2a: Jirachi|0 fnt\n|faint|p2a: Jirachi\n|\n|upkeep\n|choice||switch 6\n|\n|switch|p2a: Garchomp|Garchomp, M|357\/357\n|turn|4\n|choice|switch 2|move outrage\n|\n|switch|p1a: Rotom|Rotom-Wash|303\/303\n|-damage|p1a: Rotom|266\/303|[from] Stealth Rock\n|move|p2a: Garchomp|Outrage|p1a: Rotom\n|-damage|p1a: Rotom|56\/303\n|\n|-heal|p1a: Rotom|74\/303|[from] item: Leftovers\n|upkeep\n|turn|5\n|choice|switch 4|move outrage\n|\n|switch|p1a: Scizor|Scizor, M|282\/282\n|-damage|p1a: Scizor|247\/282|[from] Stealth Rock\n|move|p2a: Garchomp|Outrage|p1a: Scizor|[from]lockedmove\n|-resisted|p1a: Scizor\n|-damage|p1a: Scizor|149\/282\n|\n|upkeep\n|turn|6\n|choice|move uturn|move outrage\n|\n|move|p2a: Garchomp|Outrage|p1a: Scizor|[from]lockedmove\n|-resisted|p1a: Scizor\n|-crit|p1a: Scizor\n|-damage|p1a: Scizor|0 fnt\n|-start|p2a: Garchomp|confusion|[fatigue]\n|faint|p1a: Scizor\n|\n|upkeep\n|choice|switch 5|\n|\n|switch|p1a: Latios|Latios, M|302\/302\n|-damage|p1a: Latios|265\/302|[from] Stealth Rock\n|turn|7\n|choice|move hiddenpower|switch 5\n|\n|switch|p2a: Politoed|Politoed, M|321\/321\n|-weather|RainDance|[from] ability: Drizzle|[of] p2a: Politoed\n|move|p1a: Latios|Hidden Power|p2a: Politoed\n|-resisted|p2a: Politoed\n|-damage|p2a: Politoed|301\/321\n|\n|-weather|RainDance|[upkeep]\n|upkeep\n|turn|8\n|-message|Candice forfeited.\n|\n|win|4d61736b6f66496365\n|player|p1\n|player|p2\n|l|Candice","inputlog":null,"uploadtime":1488215549,"views":0,"p1id":"candice","p2id":"4d61736b6f66496365","formatid":"gen5ou","rating":0,"private":0,"password":null}