{"id":"gen5ou-1684988542","p1":"Highv0ltag3","p2":"HypeThrash","format":"gen5ou","log":"|j|\u2606Highv0ltag3\n|j|\u2606HypeThrash\n|t:|1665687804\n|gametype|singles\n|player|p1|Highv0ltag3|volo|1474\n|player|p2|HypeThrash|giovanni|1386\n|teamsize|p1|6\n|teamsize|p2|6\n|gen|5\n|tier|[Gen 5] OU\n|rated|\n|rule|Species Clause: Limit one of each Pok\u00e9mon\n|rule|OHKO Clause: OHKO moves are banned\n|rule|Moody Clause: Moody is banned\n|rule|Evasion Items Clause: Evasion items are banned\n|rule|Evasion Moves Clause: Evasion moves are banned\n|rule|Endless Battle Clause: Forcing endless battles is banned\n|rule|HP Percentage Mod: HP is shown in percentages\n|rule|Evasion Abilities Clause: Evasion abilities are banned\n|rule|Sleep Clause: Sleep-inducing moves are banned\n|rule|Swagger Clause: Swagger is banned\n|clearpoke\n|poke|p1|Slowbro, F|item\n|poke|p1|Chansey, F|item\n|poke|p1|Amoonguss, F|item\n|poke|p1|Skarmory, F|item\n|poke|p1|Magnezone|item\n|poke|p1|Excadrill, F|item\n|poke|p2|Magnezone|item\n|poke|p2|Ferrothorn, M|item\n|poke|p2|Tornadus, M|item\n|poke|p2|Amoonguss, F|item\n|poke|p2|Politoed, F|item\n|poke|p2|Breloom, F|item\n|teampreview\n|\n|t:|1665687835\n|start\n|switch|p1a: Skarmory|Skarmory, F|100\/100\n|switch|p2a: Politoed|Politoed, F|100\/100\n|-weather|RainDance|[from] ability: Drizzle|[of] p2a: Politoed\n|turn|1\n|\n|t:|1665687841\n|switch|p1a: Amoonguss|Amoonguss, F|100\/100\n|move|p2a: Politoed|Scald|p1a: Amoonguss\n|-resisted|p1a: Amoonguss\n|-damage|p1a: Amoonguss|88\/100\n|\n|-weather|RainDance|[upkeep]\n|-heal|p1a: Amoonguss|94\/100|[from] item: Black Sludge\n|upkeep\n|turn|2\n|\n|t:|1665687852\n|switch|p2a: Magnezone|Magnezone|100\/100\n|move|p1a: Amoonguss|Stun Spore|p2a: Magnezone\n|-status|p2a: Magnezone|par\n|\n|-weather|RainDance|[upkeep]\n|-heal|p1a: Amoonguss|100\/100|[from] item: Black Sludge\n|upkeep\n|turn|3\n|\n|t:|1665687861\n|move|p1a: Amoonguss|Protect|p1a: Amoonguss\n|-singleturn|p1a: Amoonguss|Protect\n|move|p2a: Magnezone|Hidden Power|p1a: Amoonguss\n|-activate|p1a: Amoonguss|move: Protect\n|\n|-weather|RainDance|[upkeep]\n|upkeep\n|turn|4\n|\n|t:|1665687867\n|move|p1a: Amoonguss|Giga Drain|p2a: Magnezone\n|-resisted|p2a: Magnezone\n|-damage|p2a: Magnezone|84\/100 par\n|move|p2a: Magnezone|Thunder Wave|p1a: Amoonguss\n|-status|p1a: Amoonguss|par\n|\n|-weather|RainDance|[upkeep]\n|-heal|p2a: Magnezone|91\/100 par|[from] item: Leftovers\n|upkeep\n|turn|5\n|\n|t:|1665687872\n|switch|p1a: Excadrill|Excadrill, F|100\/100\n|move|p2a: Magnezone|Substitute|p2a: Magnezone\n|-start|p2a: Magnezone|Substitute\n|-damage|p2a: Magnezone|66\/100 par\n|\n|-weather|RainDance|[upkeep]\n|-heal|p2a: Magnezone|72\/100 par|[from] item: Leftovers\n|upkeep\n|turn|6\n|\n|t:|1665687876\n|move|p1a: Excadrill|Earthquake|p2a: Magnezone\n|-supereffective|p2a: Magnezone\n|-end|p2a: Magnezone|Substitute\n|cant|p2a: Magnezone|par\n|\n|-weather|RainDance|[upkeep]\n|-heal|p2a: Magnezone|78\/100 par|[from] item: Leftovers\n|upkeep\n|turn|7\n|inactive|Battle timer is ON: inactive players will automatically lose when time's up. (requested by Highv0ltag3)\n|\n|t:|1665687884\n|switch|p2a: Breloom|Breloom, F|100\/100\n|move|p1a: Excadrill|Stealth Rock|p2a: Breloom\n|-sidestart|p2: HypeThrash|move: Stealth Rock\n|\n|-weather|RainDance|[upkeep]\n|-status|p2a: Breloom|tox|[from] item: Toxic Orb\n|upkeep\n|turn|8\n|\n|t:|1665687890\n|switch|p1a: Skarmory|Skarmory, F|100\/100\n|move|p2a: Breloom|Stun Spore|p1a: Skarmory\n|-status|p1a: Skarmory|par\n|\n|-weather|RainDance|[upkeep]\n|upkeep\n|turn|9\n|\n|t:|1665687898\n|switch|p2a: Magnezone|Magnezone|78\/100 par\n|-damage|p2a: Magnezone|72\/100 par|[from] Stealth Rock\n|move|p1a: Skarmory|Spikes|p2a: Magnezone\n|-sidestart|p2: HypeThrash|Spikes\n|\n|-weather|RainDance|[upkeep]\n|-heal|p2a: Magnezone|78\/100 par|[from] item: Leftovers\n|upkeep\n|turn|10\n|\n|t:|1665687902\n|switch|p1a: Excadrill|Excadrill, F|100\/100\n|move|p2a: Magnezone|Charge Beam|p1a: Excadrill\n|-immune|p1a: Excadrill\n|\n|-weather|RainDance|[upkeep]\n|-heal|p2a: Magnezone|84\/100 par|[from] item: Leftovers\n|upkeep\n|turn|11\n|\n|t:|1665687909\n|switch|p2a: Breloom|Breloom, F|100\/100 tox\n|-damage|p2a: Breloom|94\/100 tox|[from] Stealth Rock\n|-damage|p2a: Breloom|82\/100 tox|[from] Spikes\n|move|p1a: Excadrill|Earthquake|p2a: Breloom\n|-resisted|p2a: Breloom\n|-damage|p2a: Breloom|51\/100 tox\n|\n|-weather|RainDance|[upkeep]\n|-heal|p2a: Breloom|64\/100 tox|[from] ability: Poison Heal\n|upkeep\n|turn|12\n|\n|t:|1665687914\n|switch|p1a: Amoonguss|Amoonguss, F|100\/100 par\n|move|p2a: Breloom|Stun Spore|p1a: Amoonguss|[miss]\n|-miss|p2a: Breloom|p1a: Amoonguss\n|\n|-weather|RainDance|[upkeep]\n|-heal|p2a: Breloom|76\/100 tox|[from] ability: Poison Heal\n|upkeep\n|turn|13\n|\n|t:|1665687918\n|move|p2a: Breloom|Substitute|p2a: Breloom\n|-start|p2a: Breloom|Substitute\n|-damage|p2a: Breloom|51\/100 tox\n|move|p1a: Amoonguss|Sludge Bomb|p2a: Breloom\n|-supereffective|p2a: Breloom\n|-end|p2a: Breloom|Substitute\n|\n|-weather|RainDance|[upkeep]\n|-heal|p2a: Breloom|64\/100 tox|[from] ability: Poison Heal\n|upkeep\n|turn|14\n|\n|t:|1665687920\n|move|p2a: Breloom|Substitute|p2a: Breloom\n|-start|p2a: Breloom|Substitute\n|-damage|p2a: Breloom|39\/100 tox\n|move|p1a: Amoonguss|Sludge Bomb|p2a: Breloom\n|-supereffective|p2a: Breloom\n|-end|p2a: Breloom|Substitute\n|\n|-weather|RainDance|[upkeep]\n|-heal|p2a: Breloom|51\/100 tox|[from] ability: Poison Heal\n|upkeep\n|turn|15\n|\n|t:|1665687922\n|move|p2a: Breloom|Substitute|p2a: Breloom\n|-start|p2a: Breloom|Substitute\n|-damage|p2a: Breloom|26\/100 tox\n|move|p1a: Amoonguss|Sludge Bomb|p2a: Breloom\n|-supereffective|p2a: Breloom\n|-end|p2a: Breloom|Substitute\n|\n|-weather|RainDance|[upkeep]\n|-heal|p2a: Breloom|39\/100 tox|[from] ability: Poison Heal\n|upkeep\n|turn|16\n|\n|t:|1665687923\n|move|p2a: Breloom|Substitute|p2a: Breloom\n|-start|p2a: Breloom|Substitute\n|-damage|p2a: Breloom|14\/100 tox\n|move|p1a: Amoonguss|Sludge Bomb|p2a: Breloom\n|-supereffective|p2a: Breloom\n|-end|p2a: Breloom|Substitute\n|\n|-weather|RainDance|[upkeep]\n|-heal|p2a: Breloom|26\/100 tox|[from] ability: Poison Heal\n|upkeep\n|turn|17\n|\n|t:|1665687925\n|move|p2a: Breloom|Substitute|p2a: Breloom\n|-start|p2a: Breloom|Substitute\n|-damage|p2a: Breloom|1\/100 tox\n|move|p1a: Amoonguss|Sludge Bomb|p2a: Breloom\n|-supereffective|p2a: Breloom\n|-end|p2a: Breloom|Substitute\n|\n|-weather|RainDance|[upkeep]\n|-heal|p2a: Breloom|14\/100 tox|[from] ability: Poison Heal\n|upkeep\n|turn|18\n|\n|t:|1665687931\n|move|p2a: Breloom|Swords Dance|p2a: Breloom\n|-boost|p2a: Breloom|atk|2\n|cant|p1a: Amoonguss|par\n|\n|-weather|RainDance|[upkeep]\n|-heal|p2a: Breloom|26\/100 tox|[from] ability: Poison Heal\n|upkeep\n|turn|19\n|\n|t:|1665687934\n|move|p2a: Breloom|Substitute|p2a: Breloom\n|-start|p2a: Breloom|Substitute\n|-damage|p2a: Breloom|1\/100 tox\n|move|p1a: Amoonguss|Sludge Bomb|p2a: Breloom\n|-supereffective|p2a: Breloom\n|-end|p2a: Breloom|Substitute\n|\n|-weather|RainDance|[upkeep]\n|-heal|p2a: Breloom|14\/100 tox|[from] ability: Poison Heal\n|upkeep\n|turn|20\n|\n|t:|1665687936\n|move|p2a: Breloom|Superpower|p1a: Amoonguss\n|-resisted|p1a: Amoonguss\n|-crit|p1a: Amoonguss\n|-damage|p1a: Amoonguss|2\/100 par\n|-unboost|p2a: Breloom|atk|1\n|-unboost|p2a: Breloom|def|1\n|move|p1a: Amoonguss|Sludge Bomb|p2a: Breloom\n|-supereffective|p2a: Breloom\n|-damage|p2a: Breloom|0 fnt\n|faint|p2a: Breloom\n|\n|-weather|RainDance|[upkeep]\n|-heal|p1a: Amoonguss|9\/100 par|[from] item: Black Sludge\n|upkeep\n|\n|t:|1665687946\n|switch|p2a: Ferrothorn|Ferrothorn, M|100\/100\n|-damage|p2a: Ferrothorn|94\/100|[from] Stealth Rock\n|-damage|p2a: Ferrothorn|82\/100|[from] Spikes\n|turn|21\n|\n|t:|1665687954\n|switch|p1a: Magnezone|Magnezone|100\/100\n|move|p2a: Ferrothorn|Stealth Rock|p1a: Magnezone\n|-sidestart|p1: Highv0ltag3|move: Stealth Rock\n|\n|-weather|RainDance|[upkeep]\n|-heal|p2a: Ferrothorn|88\/100|[from] item: Leftovers\n|upkeep\n|turn|22\n|\n|t:|1665687957\n|move|p1a: Magnezone|Hidden Power|p2a: Ferrothorn\n|-supereffective|p2a: Ferrothorn\n|-damage|p2a: Ferrothorn|55\/100\n|move|p2a: Ferrothorn|Thunder Wave|p1a: Magnezone\n|-status|p1a: Magnezone|par\n|\n|-weather|RainDance|[upkeep]\n|-heal|p2a: Ferrothorn|61\/100|[from] item: Leftovers\n|upkeep\n|turn|23\n|\n|t:|1665687960\n|move|p1a: Magnezone|Hidden Power|p2a: Ferrothorn\n|-supereffective|p2a: Ferrothorn\n|-damage|p2a: Ferrothorn|31\/100\n|move|p2a: Ferrothorn|Spikes|p1a: Magnezone\n|-sidestart|p1: Highv0ltag3|Spikes\n|\n|-weather|RainDance|[upkeep]\n|-heal|p2a: Ferrothorn|37\/100|[from] item: Leftovers\n|upkeep\n|turn|24\n|\n|t:|1665687962\n|move|p1a: Magnezone|Hidden Power|p2a: Ferrothorn\n|-supereffective|p2a: Ferrothorn\n|-damage|p2a: Ferrothorn|6\/100\n|move|p2a: Ferrothorn|Spikes|p1a: Magnezone\n|-sidestart|p1: Highv0ltag3|Spikes\n|\n|-weather|RainDance|[upkeep]\n|-heal|p2a: Ferrothorn|12\/100|[from] item: Leftovers\n|upkeep\n|turn|25\n|\n|t:|1665687964\n|cant|p1a: Magnezone|par\n|move|p2a: Ferrothorn|Spikes|p1a: Magnezone\n|-sidestart|p1: Highv0ltag3|Spikes\n|\n|-weather|RainDance|[upkeep]\n|-heal|p2a: Ferrothorn|19\/100|[from] item: Leftovers\n|upkeep\n|turn|26\n|\n|t:|1665687966\n|move|p1a: Magnezone|Hidden Power|p2a: Ferrothorn\n|-supereffective|p2a: Ferrothorn\n|-damage|p2a: Ferrothorn|0 fnt\n|faint|p2a: Ferrothorn\n|\n|-weather|RainDance|[upkeep]\n|upkeep\n|\n|t:|1665687970\n|switch|p2a: Tornadus|Tornadus, M|100\/100\n|-damage|p2a: Tornadus|76\/100|[from] Stealth Rock\n|turn|27\n|\n|t:|1665687977\n|switch|p1a: Amoonguss|Amoonguss, F|42\/100 par\n|-damage|p1a: Amoonguss|29\/100 par|[from] Stealth Rock\n|-damage|p1a: Amoonguss|4\/100 par|[from] Spikes\n|move|p2a: Tornadus|Focus Blast|p1a: Amoonguss\n|-resisted|p1a: Amoonguss\n|-damage|p1a: Amoonguss|0 fnt\n|faint|p1a: Amoonguss\n|\n|-weather|RainDance|[upkeep]\n|-heal|p2a: Tornadus|82\/100|[from] item: Leftovers\n|upkeep\n|\n|t:|1665687981\n|switch|p1a: Excadrill|Excadrill, F|100\/100\n|-damage|p1a: Excadrill|97\/100|[from] Stealth Rock\n|-damage|p1a: Excadrill|72\/100|[from] Spikes\n|turn|28\n|\n|t:|1665687984\n|move|p1a: Excadrill|Protect|p1a: Excadrill\n|-singleturn|p1a: Excadrill|Protect\n|move|p2a: Tornadus|Focus Blast|p1a: Excadrill\n|-activate|p1a: Excadrill|move: Protect\n|\n|-weather|RainDance|[upkeep]\n|-heal|p2a: Tornadus|88\/100|[from] item: Leftovers\n|-heal|p1a: Excadrill|79\/100|[from] item: Leftovers\n|upkeep\n|turn|29\n|\n|t:|1665687990\n|move|p2a: Tornadus|Focus Blast|p1a: Excadrill\n|-supereffective|p1a: Excadrill\n|-crit|p1a: Excadrill\n|-damage|p1a: Excadrill|0 fnt\n|faint|p1a: Excadrill\n|\n|-weather|RainDance|[upkeep]\n|-heal|p2a: Tornadus|94\/100|[from] item: Leftovers\n|upkeep\n|\n|t:|1665687993\n|switch|p1a: Chansey|Chansey, F|100\/100\n|-damage|p1a: Chansey|88\/100|[from] Stealth Rock\n|-damage|p1a: Chansey|63\/100|[from] Spikes\n|turn|30\n|\n|t:|1665687997\n|move|p2a: Tornadus|Taunt|p1a: Chansey\n|-start|p1a: Chansey|move: Taunt\n|cant|p1a: Chansey|move: Taunt|Soft-Boiled\n|\n|-weather|RainDance|[upkeep]\n|-heal|p2a: Tornadus|99\/100|[from] item: Leftovers\n|upkeep\n|turn|31\n|\n|t:|1665688002\n|move|p2a: Tornadus|Hurricane|p1a: Chansey\n|-damage|p1a: Chansey|43\/100\n|move|p1a: Chansey|Seismic Toss|p2a: Tornadus\n|-damage|p2a: Tornadus|66\/100\n|\n|-weather|RainDance|[upkeep]\n|-heal|p2a: Tornadus|72\/100|[from] item: Leftovers\n|upkeep\n|turn|32\n|\n|t:|1665688005\n|move|p2a: Tornadus|Hurricane|p1a: Chansey\n|-damage|p1a: Chansey|23\/100\n|move|p1a: Chansey|Seismic Toss|p2a: Tornadus\n|-damage|p2a: Tornadus|39\/100\n|\n|-weather|RainDance|[upkeep]\n|-heal|p2a: Tornadus|45\/100|[from] item: Leftovers\n|-end|p1a: Chansey|move: Taunt\n|upkeep\n|turn|33\n|\n|t:|1665688010\n|move|p2a: Tornadus|Hurricane|p1a: Chansey\n|-damage|p1a: Chansey|3\/100\n|-start|p1a: Chansey|confusion\n|-activate|p1a: Chansey|confusion\n|move|p1a: Chansey|Toxic|p2a: Tornadus\n|-status|p2a: Tornadus|tox\n|\n|-weather|RainDance|[upkeep]\n|-heal|p2a: Tornadus|51\/100 tox|[from] item: Leftovers\n|-damage|p2a: Tornadus|45\/100 tox|[from] psn\n|upkeep\n|turn|34\n|\n|t:|1665688013\n|move|p2a: Tornadus|Hurricane|p1a: Chansey\n|-damage|p1a: Chansey|0 fnt\n|faint|p1a: Chansey\n|\n|-weather|RainDance|[upkeep]\n|-heal|p2a: Tornadus|51\/100 tox|[from] item: Leftovers\n|-damage|p2a: Tornadus|39\/100 tox|[from] psn\n|upkeep\n|\n|t:|1665688023\n|switch|p1a: Skarmory|Skarmory, F|100\/100 par\n|-damage|p1a: Skarmory|88\/100 par|[from] Stealth Rock\n|turn|35\n|\n|t:|1665688030\n|move|p2a: Tornadus|Taunt|p1a: Skarmory\n|-start|p1a: Skarmory|move: Taunt\n|cant|p1a: Skarmory|move: Taunt|Roost\n|\n|-weather|RainDance|[upkeep]\n|-heal|p2a: Tornadus|45\/100 tox|[from] item: Leftovers\n|-damage|p2a: Tornadus|27\/100 tox|[from] psn\n|upkeep\n|turn|36\n|\n|t:|1665688043\n|move|p2a: Tornadus|Focus Blast|p1a: Skarmory\n|-damage|p1a: Skarmory|35\/100 par\n|move|p1a: Skarmory|Counter||[still]\n|-fail|p1a: Skarmory\n|\n|-weather|RainDance|[upkeep]\n|-heal|p2a: Tornadus|33\/100 tox|[from] item: Leftovers\n|-damage|p2a: Tornadus|9\/100 tox|[from] psn\n|upkeep\n|turn|37\n|\n|t:|1665688048\n|move|p2a: Tornadus|Focus Blast|p1a: Skarmory\n|-damage|p1a: Skarmory|0 fnt\n|faint|p1a: Skarmory\n|\n|-weather|RainDance|[upkeep]\n|-heal|p2a: Tornadus|15\/100 tox|[from] item: Leftovers\n|-damage|p2a: Tornadus|0 fnt|[from] psn\n|faint|p2a: Tornadus\n|upkeep\n|\n|t:|1665688056\n|switch|p2a: Amoonguss|Amoonguss, F|100\/100\n|switch|p1a: Slowbro|Slowbro, F|100\/100\n|-damage|p1a: Slowbro|88\/100|[from] Stealth Rock\n|-damage|p1a: Slowbro|63\/100|[from] Spikes\n|-damage|p2a: Amoonguss|88\/100|[from] Stealth Rock\n|-damage|p2a: Amoonguss|75\/100|[from] Spikes\n|turn|38\n|\n|t:|1665688060\n|move|p1a: Slowbro|Calm Mind|p1a: Slowbro\n|-boost|p1a: Slowbro|spa|1\n|-boost|p1a: Slowbro|spd|1\n|move|p2a: Amoonguss|Stun Spore|p1a: Slowbro|[miss]\n|-miss|p2a: Amoonguss|p1a: Slowbro\n|\n|-weather|RainDance|[upkeep]\n|-heal|p1a: Slowbro|69\/100|[from] item: Leftovers\n|-heal|p2a: Amoonguss|82\/100|[from] item: Black Sludge\n|upkeep\n|turn|39\n|\n|t:|1665688062\n|move|p1a: Slowbro|Calm Mind|p1a: Slowbro\n|-boost|p1a: Slowbro|spa|1\n|-boost|p1a: Slowbro|spd|1\n|move|p2a: Amoonguss|Stun Spore|p1a: Slowbro|[miss]\n|-miss|p2a: Amoonguss|p1a: Slowbro\n|\n|-weather|RainDance|[upkeep]\n|-heal|p1a: Slowbro|75\/100|[from] item: Leftovers\n|-heal|p2a: Amoonguss|88\/100|[from] item: Black Sludge\n|upkeep\n|turn|40\n|\n|t:|1665688063\n|move|p1a: Slowbro|Calm Mind|p1a: Slowbro\n|-boost|p1a: Slowbro|spa|1\n|-boost|p1a: Slowbro|spd|1\n|move|p2a: Amoonguss|Stun Spore|p1a: Slowbro\n|-status|p1a: Slowbro|par\n|\n|-weather|RainDance|[upkeep]\n|-heal|p2a: Amoonguss|94\/100|[from] item: Black Sludge\n|-heal|p1a: Slowbro|81\/100 par|[from] item: Leftovers\n|upkeep\n|turn|41\n|\n|t:|1665688066\n|move|p2a: Amoonguss|Flash|p1a: Slowbro\n|-unboost|p1a: Slowbro|accuracy|1\n|move|p1a: Slowbro|Calm Mind|p1a: Slowbro\n|-boost|p1a: Slowbro|spa|1\n|-boost|p1a: Slowbro|spd|1\n|\n|-weather|RainDance|[upkeep]\n|-heal|p2a: Amoonguss|100\/100|[from] item: Black Sludge\n|-heal|p1a: Slowbro|88\/100 par|[from] item: Leftovers\n|upkeep\n|turn|42\n|\n|t:|1665688069\n|move|p2a: Amoonguss|Flash|p1a: Slowbro\n|-unboost|p1a: Slowbro|accuracy|1\n|move|p1a: Slowbro|Ice Beam|p2a: Amoonguss\n|-supereffective|p2a: Amoonguss\n|-damage|p2a: Amoonguss|0 fnt\n|faint|p2a: Amoonguss\n|\n|-weather|RainDance|[upkeep]\n|-heal|p1a: Slowbro|94\/100 par|[from] item: Leftovers\n|upkeep\n|\n|t:|1665688072\n|switch|p2a: Politoed|Politoed, F|100\/100\n|-damage|p2a: Politoed|88\/100|[from] Stealth Rock\n|-damage|p2a: Politoed|75\/100|[from] Spikes\n|turn|43\n|\n|t:|1665688075\n|move|p2a: Politoed|Encore|p1a: Slowbro\n|-start|p1a: Slowbro|Encore\n|move|p1a: Slowbro|Ice Beam|p2a: Politoed\n|-resisted|p2a: Politoed\n|-damage|p2a: Politoed|46\/100\n|\n|-weather|RainDance|[upkeep]\n|-heal|p2a: Politoed|53\/100|[from] item: Leftovers\n|-heal|p1a: Slowbro|99\/100 par|[from] item: Leftovers\n|upkeep\n|turn|44\n|\n|t:|1665688084\n|move|p2a: Politoed|Scald|p1a: Slowbro\n|-resisted|p1a: Slowbro\n|-damage|p1a: Slowbro|93\/100 par\n|cant|p1a: Slowbro|par\n|\n|-weather|RainDance|[upkeep]\n|-heal|p2a: Politoed|59\/100|[from] item: Leftovers\n|-heal|p1a: Slowbro|99\/100 par|[from] item: Leftovers\n|upkeep\n|turn|45\n|\n|t:|1665688093\n|move|p2a: Politoed|Scald|p1a: Slowbro\n|-resisted|p1a: Slowbro\n|-damage|p1a: Slowbro|92\/100 par\n|cant|p1a: Slowbro|par\n|\n|-weather|RainDance|[upkeep]\n|-heal|p2a: Politoed|65\/100|[from] item: Leftovers\n|-heal|p1a: Slowbro|98\/100 par|[from] item: Leftovers\n|-end|p1a: Slowbro|Encore\n|upkeep\n|turn|46\n|\n|t:|1665688097\n|move|p2a: Politoed|Scald|p1a: Slowbro\n|-resisted|p1a: Slowbro\n|-damage|p1a: Slowbro|92\/100 par\n|move|p1a: Slowbro|Scald|p2a: Politoed\n|-resisted|p2a: Politoed\n|-damage|p2a: Politoed|8\/100\n|\n|-weather|RainDance|[upkeep]\n|-heal|p2a: Politoed|14\/100|[from] item: Leftovers\n|-heal|p1a: Slowbro|98\/100 par|[from] item: Leftovers\n|upkeep\n|turn|47\n|\n|t:|1665688103\n|move|p2a: Politoed|Encore|p1a: Slowbro\n|-start|p1a: Slowbro|Encore\n|move|p1a: Slowbro|Scald|p2a: Politoed\n|-resisted|p2a: Politoed\n|-damage|p2a: Politoed|0 fnt\n|faint|p2a: Politoed\n|\n|-weather|RainDance|[upkeep]\n|-heal|p1a: Slowbro|100\/100 par|[from] item: Leftovers\n|upkeep\n|\n|t:|1665688106\n|switch|p2a: Magnezone|Magnezone|84\/100 par\n|-damage|p2a: Magnezone|78\/100 par|[from] Stealth Rock\n|-damage|p2a: Magnezone|65\/100 par|[from] Spikes\n|turn|48\n|\n|t:|1665688108\n|move|p2a: Magnezone|Substitute|p2a: Magnezone\n|-start|p2a: Magnezone|Substitute\n|-damage|p2a: Magnezone|40\/100 par\n|move|p1a: Slowbro|Scald|p2a: Magnezone|[miss]\n|-miss|p1a: Slowbro|p2a: Magnezone\n|\n|-weather|RainDance|[upkeep]\n|-heal|p2a: Magnezone|46\/100 par|[from] item: Leftovers\n|upkeep\n|turn|49\n|\n|t:|1665688111\n|move|p2a: Magnezone|Charge Beam|p1a: Slowbro\n|-supereffective|p1a: Slowbro\n|-damage|p1a: Slowbro|80\/100 par\n|-boost|p2a: Magnezone|spa|1\n|cant|p1a: Slowbro|par\n|\n|-weather|RainDance|[upkeep]\n|-heal|p2a: Magnezone|52\/100 par|[from] item: Leftovers\n|-heal|p1a: Slowbro|86\/100 par|[from] item: Leftovers\n|-end|p1a: Slowbro|Encore\n|upkeep\n|turn|50\n|\n|t:|1665688113\n|move|p2a: Magnezone|Charge Beam|p1a: Slowbro\n|-supereffective|p1a: Slowbro\n|-damage|p1a: Slowbro|57\/100 par\n|move|p1a: Slowbro|Scald|p2a: Magnezone\n|-end|p2a: Magnezone|Substitute\n|\n|-weather|RainDance|[upkeep]\n|-heal|p2a: Magnezone|59\/100 par|[from] item: Leftovers\n|-heal|p1a: Slowbro|63\/100 par|[from] item: Leftovers\n|upkeep\n|turn|51\n|j| Cyberacc\n|\n|t:|1665688115\n|cant|p2a: Magnezone|par\n|cant|p1a: Slowbro|par\n|\n|-weather|RainDance|[upkeep]\n|-heal|p2a: Magnezone|65\/100 par|[from] item: Leftovers\n|-heal|p1a: Slowbro|69\/100 par|[from] item: Leftovers\n|upkeep\n|turn|52\n|\n|t:|1665688117\n|move|p2a: Magnezone|Substitute|p2a: Magnezone\n|-start|p2a: Magnezone|Substitute\n|-damage|p2a: Magnezone|40\/100 par\n|move|p1a: Slowbro|Scald|p2a: Magnezone|[miss]\n|-miss|p1a: Slowbro|p2a: Magnezone\n|\n|-weather|RainDance|[upkeep]\n|-heal|p2a: Magnezone|46\/100 par|[from] item: Leftovers\n|-heal|p1a: Slowbro|76\/100 par|[from] item: Leftovers\n|upkeep\n|turn|53\n|\n|t:|1665688119\n|move|p2a: Magnezone|Charge Beam|p1a: Slowbro\n|-supereffective|p1a: Slowbro\n|-damage|p1a: Slowbro|42\/100 par\n|-boost|p2a: Magnezone|spa|1\n|move|p1a: Slowbro|Scald|p2a: Magnezone\n|-end|p2a: Magnezone|Substitute\n|\n|-weather|RainDance|[upkeep]\n|-heal|p2a: Magnezone|52\/100 par|[from] item: Leftovers\n|-heal|p1a: Slowbro|48\/100 par|[from] item: Leftovers\n|upkeep\n|turn|54\n|\n|t:|1665688122\n|move|p2a: Magnezone|Substitute|p2a: Magnezone\n|-start|p2a: Magnezone|Substitute\n|-damage|p2a: Magnezone|27\/100 par\n|move|p1a: Slowbro|Scald|p2a: Magnezone|[miss]\n|-miss|p1a: Slowbro|p2a: Magnezone\n|\n|-weather|RainDance|[upkeep]\n|-heal|p2a: Magnezone|33\/100 par|[from] item: Leftovers\n|-heal|p1a: Slowbro|54\/100 par|[from] item: Leftovers\n|upkeep\n|turn|55\n|\n|t:|1665688124\n|move|p2a: Magnezone|Charge Beam|p1a: Slowbro\n|-supereffective|p1a: Slowbro\n|-damage|p1a: Slowbro|14\/100 par\n|cant|p1a: Slowbro|par\n|\n|-weather|RainDance|[upkeep]\n|-heal|p2a: Magnezone|39\/100 par|[from] item: Leftovers\n|-heal|p1a: Slowbro|21\/100 par|[from] item: Leftovers\n|upkeep\n|turn|56\n|\n|t:|1665688127\n|move|p2a: Magnezone|Charge Beam|p1a: Slowbro\n|-supereffective|p1a: Slowbro\n|-damage|p1a: Slowbro|0 fnt\n|faint|p1a: Slowbro\n|\n|-weather|RainDance|[upkeep]\n|-heal|p2a: Magnezone|45\/100 par|[from] item: Leftovers\n|upkeep\n|\n|t:|1665688129\n|switch|p1a: Magnezone|Magnezone|100\/100 par\n|-damage|p1a: Magnezone|94\/100 par|[from] Stealth Rock\n|-damage|p1a: Magnezone|70\/100 par|[from] Spikes\n|turn|57\n|\n|t:|1665688134\n|move|p1a: Magnezone|Thunderbolt|p2a: Magnezone\n|-resisted|p2a: Magnezone\n|-end|p2a: Magnezone|Substitute\n|move|p2a: Magnezone|Charge Beam|p1a: Magnezone\n|-resisted|p1a: Magnezone\n|-damage|p1a: Magnezone|35\/100 par\n|-boost|p2a: Magnezone|spa|1\n|\n|-weather|RainDance|[upkeep]\n|-heal|p2a: Magnezone|51\/100 par|[from] item: Leftovers\n|upkeep\n|turn|58\n|\n|t:|1665688139\n|move|p1a: Magnezone|Thunderbolt|p2a: Magnezone\n|-resisted|p2a: Magnezone\n|-damage|p2a: Magnezone|19\/100 par\n|cant|p2a: Magnezone|par\n|\n|-weather|RainDance|[upkeep]\n|-heal|p2a: Magnezone|25\/100 par|[from] item: Leftovers\n|upkeep\n|turn|59\n|\n|t:|1665688142\n|move|p1a: Magnezone|Thunderbolt|p2a: Magnezone\n|-resisted|p2a: Magnezone\n|-damage|p2a: Magnezone|0 fnt\n|faint|p2a: Magnezone\n|\n|win|Highv0ltag3\n|raw|Highv0ltag3's rating: 1474 &rarr; <strong>1489<\/strong><br \/>(+15 for winning)\n|raw|HypeThrash's rating: 1386 &rarr; <strong>1371<\/strong><br \/>(-15 for losing)\n|c|\u2606Highv0ltag3|gg\n|l|\u2606HypeThrash\n|c|\u2606Highv0ltag3|close one\n|l|\u2606Highv0ltag3\n||Ladder isn't responding, score probably updated but might not have (Request timeout).\n","uploadtime":1665689027,"views":7,"p1id":"highv0ltag3","p2id":"hypethrash","formatid":"gen5ou","rating":1371,"private":0,"password":null}