{"id":"gen5ou-1703606002","p1":"Steve Omelette","p2":"man with the juice","format":"gen5ou","log":"|j|\u2606Steve Omelette\n|j|\u2606man with the juice\n|t:|1667678952\n|gametype|singles\n|player|p1|Steve Omelette|102|\n|player|p2|man with the juice|clown|\n|teamsize|p1|6\n|teamsize|p2|6\n|gen|5\n|tier|[Gen 5] OU\n|rated|Tournament battle\n|rule|Species Clause: Limit one of each Pok\u00e9mon\n|rule|OHKO Clause: OHKO moves are banned\n|rule|Moody Clause: Moody is banned\n|rule|Evasion Items Clause: Evasion items are banned\n|rule|Evasion Moves Clause: Evasion moves are banned\n|rule|Endless Battle Clause: Forcing endless battles is banned\n|rule|HP Percentage Mod: HP is shown in percentages\n|rule|Evasion Abilities Clause: Evasion abilities are banned\n|rule|Sleep Clause: Sleep-inducing moves are banned\n|rule|Swagger Clause: Swagger is banned\n|clearpoke\n|poke|p1|Aerodactyl, M|item\n|poke|p1|Cloyster, F|item\n|poke|p1|Starmie|item\n|poke|p1|Scizor, F|item\n|poke|p1|Breloom, F|item\n|poke|p1|Dragonite, M|item\n|poke|p2|Tyranitar, M|item\n|poke|p2|Skarmory, M|item\n|poke|p2|Gastrodon, F|item\n|poke|p2|Reuniclus, F|item\n|poke|p2|Alakazam, M|item\n|poke|p2|Gliscor, M|item\n|teampreview\n|j| BB-8-NU\n|inactive|Battle timer is ON: inactive players will automatically lose when time's up. (requested by man with the juice)\n|j| Refrigerator0728\n|j| RavenRabbit VTuber\n|j| AdamPadum\n|c| Refrigerator0728|uh oh\n|c| Refrigerator0728|swanna lose\n|j| drop a burn\n|\n|t:|1667678972\n|start\n|switch|p1a: Aerodactyl|Aerodactyl, M|100\/100\n|switch|p2a: Gastrodon|Gastrodon, F|100\/100\n|-ability|p1a: Aerodactyl|Pressure\n|turn|1\n|\n|t:|1667678977\n|move|p1a: Aerodactyl|Stealth Rock|p2a: Gastrodon\n|-sidestart|p2: man with the juice|move: Stealth Rock\n|move|p2a: Gastrodon|Scald|p1a: Aerodactyl\n|-supereffective|p1a: Aerodactyl\n|-damage|p1a: Aerodactyl|22\/100\n|\n|upkeep\n|turn|2\n|\n|t:|1667678985\n|switch|p2a: Skarmory|Skarmory, M|100\/100\n|-damage|p2a: Skarmory|88\/100|[from] Stealth Rock\n|move|p1a: Aerodactyl|Double-Edge|p2a: Skarmory\n|-resisted|p2a: Skarmory\n|-damage|p2a: Skarmory|76\/100\n|-damage|p1a: Aerodactyl|18\/100|[from] Recoil\n|\n|-heal|p2a: Skarmory|82\/100|[from] item: Leftovers\n|upkeep\n|turn|3\n|\n|t:|1667678995\n|switch|p2a: Gliscor|Gliscor, M|100\/100\n|-damage|p2a: Gliscor|88\/100|[from] Stealth Rock\n|move|p1a: Aerodactyl|Taunt|p2a: Gliscor\n|-start|p2a: Gliscor|move: Taunt\n|\n|-status|p2a: Gliscor|tox|[from] item: Toxic Orb\n|upkeep\n|turn|4\n|\n|t:|1667678998\n|move|p1a: Aerodactyl|Double-Edge|p2a: Gliscor\n|-damage|p2a: Gliscor|58\/100 tox\n|-damage|p1a: Aerodactyl|6\/100|[from] Recoil\n|move|p2a: Gliscor|Knock Off|p1a: Aerodactyl\n|-damage|p1a: Aerodactyl|0 fnt\n|-enditem|p1a: Aerodactyl|Focus Sash|[from] move: Knock Off|[of] p2a: Gliscor\n|faint|p1a: Aerodactyl\n|\n|-heal|p2a: Gliscor|70\/100 tox|[from] ability: Poison Heal\n|upkeep\n|c| AdamPadum|stay determined steve omlette\n|\n|t:|1667679001\n|switch|p1a: Cloyster|Cloyster, F|100\/100\n|turn|5\n|c|\u2606Steve Omelette|should be over\n|\n|t:|1667679007\n|switch|p2a: Tyranitar|Tyranitar, M|100\/100\n|-damage|p2a: Tyranitar|88\/100|[from] Stealth Rock\n|-weather|Sandstorm|[from] ability: Sand Stream|[of] p2a: Tyranitar\n|move|p1a: Cloyster|Shell Smash|p1a: Cloyster\n|-unboost|p1a: Cloyster|def|1\n|-unboost|p1a: Cloyster|spd|1\n|-boost|p1a: Cloyster|atk|2\n|-boost|p1a: Cloyster|spa|2\n|-boost|p1a: Cloyster|spe|2\n|\n|-weather|Sandstorm|[upkeep]\n|-damage|p1a: Cloyster|94\/100|[from] Sandstorm\n|upkeep\n|turn|6\n|c| Refrigerator0728|on god on god\n|\n|t:|1667679011\n|move|p1a: Cloyster|Icicle Spear|p2a: Tyranitar\n|-damage|p2a: Tyranitar|63\/100\n|-crit|p2a: Tyranitar\n|-damage|p2a: Tyranitar|15\/100\n|-damage|p2a: Tyranitar|0 fnt\n|faint|p2a: Tyranitar\n|-hitcount|p2: Tyranitar|3\n|-damage|p1a: Cloyster|84\/100|[from] item: Life Orb\n|\n|-weather|Sandstorm|[upkeep]\n|-damage|p1a: Cloyster|78\/100|[from] Sandstorm\n|upkeep\n|\n|t:|1667679018\n|switch|p2a: Gastrodon|Gastrodon, F|100\/100\n|-damage|p2a: Gastrodon|94\/100|[from] Stealth Rock\n|turn|7\n|c| Refrigerator0728|lolt!\n|j| gen 9 is AWfUL\n|\n|t:|1667679022\n|move|p1a: Cloyster|Icicle Spear|p2a: Gastrodon\n|-damage|p2a: Gastrodon|72\/100\n|-damage|p2a: Gastrodon|51\/100\n|-damage|p2a: Gastrodon|30\/100\n|-damage|p2a: Gastrodon|8\/100\n|-damage|p2a: Gastrodon|0 fnt\n|faint|p2a: Gastrodon\n|-hitcount|p2: Gastrodon|5\n|-damage|p1a: Cloyster|68\/100|[from] item: Life Orb\n|\n|-weather|Sandstorm|[upkeep]\n|-damage|p1a: Cloyster|62\/100|[from] Sandstorm\n|upkeep\n|c|\u2606man with the juice|Ye over\n|c| Refrigerator0728|cloyster win\n|-message|man with the juice forfeited.\n|\n|win|Steve Omelette\n|n|\u2606Steve Omelette|steveomelette\n|n|\u2606man with the juice|manwiththejuice\n|n| BB-8-NU|bb8nu\n|n| Refrigerator0728|refrigerator0728\n|n| RavenRabbit VTuber|ravenrabbitvtuber\n|n| AdamPadum|adampadum\n|n| drop a burn|dropaburn\n|n| gen 9 is AWfUL|gen9isawful\n","uploadtime":1667679036,"views":10,"p1id":"steveomelette","p2id":"manwiththejuice","formatid":"gen5ou","rating":0,"private":0,"password":null}