{"id":"gen5randombattle-1135872493","p1":"PKM Champion Blue","p2":"Lunar Neo","format":"gen5randombattle","log":"|j|\u203dPKM Champion Blue\n|j|\u2606Lunar Neo\n|inactive|Battle timer is ON: inactive players will automatically lose when time's up.\n|player|p1|PKM Champion Blue|blue-gen7|\n|player|p2|Lunar Neo|grimsley|\n|teamsize|p1|6\n|teamsize|p2|6\n|gametype|singles\n|gen|5\n|tier|[Gen 5] Random Battle\n|rated|Tournament battle\n|rule|Sleep Clause Mod: Limit one foe put to sleep\n|rule|HP Percentage Mod: HP is shown in percentages\n|\n|start\n|switch|p1a: Cacturne|Cacturne, L86, M|261\/261\n|switch|p2a: Deoxys|Deoxys-Defense, L79|209\/209\n|-ability|p2a: Deoxys|Pressure\n|turn|1\n|j| Learner Moku\n|j| Ryuisu Hiraishin\n|\n|switch|p2a: Dialga|Dialga, L78|284\/284\n|-ability|p2a: Dialga|Pressure\n|move|p1a: Cacturne|Substitute|p1a: Cacturne\n|-start|p1a: Cacturne|Substitute\n|-damage|p1a: Cacturne|196\/261\n|\n|-heal|p1a: Cacturne|212\/261|[from] item: Leftovers\n|upkeep\n|turn|2\n|\n|move|p1a: Cacturne|Swords Dance|p1a: Cacturne\n|-boost|p1a: Cacturne|atk|2\n|move|p2a: Dialga|Dragon Tail|p1a: Cacturne\n|-end|p1a: Cacturne|Substitute\n|\n|-heal|p1a: Cacturne|228\/261|[from] item: Leftovers\n|upkeep\n|turn|3\n|j| IzzyW\n|j| wheresmysupasuit\n|\n|switch|p2a: Farfetch\u2019d|Farfetch\u2019d, L87, F|232\/232\n|move|p1a: Cacturne|Sucker Punch||[still]\n|-fail|p1a: Cacturne\n|\n|-heal|p1a: Cacturne|244\/261|[from] item: Leftovers\n|upkeep\n|turn|4\n|j| lauty\n|j|+piaa\n|\n|move|p1a: Cacturne|Sucker Punch|p2a: Farfetch\u2019d\n|-damage|p2a: Farfetch\u2019d|0 fnt\n|faint|p2a: Farfetch\u2019d\n|\n|-heal|p1a: Cacturne|260\/261|[from] item: Leftovers\n|upkeep\n|\n|switch|p2a: Entei|Entei, L84|330\/330\n|-ability|p2a: Entei|Pressure\n|turn|5\n|\n|move|p1a: Cacturne|Sucker Punch|p2a: Entei\n|-damage|p2a: Entei|108\/330\n|move|p2a: Entei|Flare Blitz|p1a: Cacturne\n|-supereffective|p1a: Cacturne\n|-damage|p1a: Cacturne|0 fnt\n|-damage|p2a: Entei|22\/330|[from] Recoil\n|-damage|p2a: Entei|0 fnt|[from] item: Life Orb\n|faint|p1a: Cacturne\n|faint|p2a: Entei\n|\n|upkeep\n|\n|switch|p2a: Deoxys|Deoxys-Defense, L79|209\/209\n|switch|p1a: Skarmory|Skarmory, L80, F|235\/235\n|-ability|p2a: Deoxys|Pressure\n|turn|6\n|\n|move|p2a: Deoxys|Taunt|p1a: Skarmory\n|-start|p1a: Skarmory|move: Taunt\n|cant|p1a: Skarmory|move: Taunt|Stealth Rock\n|\n|upkeep\n|turn|7\n|\n|switch|p1a: Liepard|Liepard, L86, F|250\/250\n|move|p2a: Deoxys|Seismic Toss|p1a: Liepard\n|-damage|p1a: Liepard|171\/250\n|\n|-heal|p1a: Liepard|186\/250|[from] item: Leftovers\n|upkeep\n|turn|8\n|\n|move|p2a: Deoxys|Magic Coat|p2a: Deoxys\n|-singleturn|p2a: Deoxys|move: Magic Coat\n|move|p1a: Liepard|Thunder Wave|p2a: Deoxys\n|move|p2a: Deoxys|Thunder Wave|p1a: Liepard|[from]Magic Coat\n|-status|p1a: Liepard|par\n|\n|-heal|p1a: Liepard|201\/250 par|[from] item: Leftovers\n|upkeep\n|turn|9\n|\n|switch|p2a: Swampert|Swampert, L82, F|298\/298\n|move|p1a: Liepard|Thunder Wave|p2a: Swampert\n|-immune|p2a: Swampert\n|\n|-heal|p1a: Liepard|216\/250 par|[from] item: Leftovers\n|upkeep\n|turn|10\n|\n|move|p1a: Liepard|Swagger|p2a: Swampert\n|-boost|p2a: Swampert|atk|2\n|-start|p2a: Swampert|confusion\n|-activate|p2a: Swampert|confusion\n|move|p2a: Swampert|Stealth Rock|p1a: Liepard\n|-sidestart|p1: PKM Champion Blue|move: Stealth Rock\n|\n|-heal|p1a: Liepard|231\/250 par|[from] item: Leftovers\n|upkeep\n|turn|11\n|\n|-activate|p2a: Swampert|confusion\n|-damage|p2a: Swampert|243\/298|[from] confusion\n|cant|p1a: Liepard|par\n|\n|-heal|p2a: Swampert|261\/298|[from] item: Leftovers\n|-heal|p1a: Liepard|246\/250 par|[from] item: Leftovers\n|upkeep\n|turn|12\n|\n|move|p1a: Liepard|Substitute|p1a: Liepard\n|-start|p1a: Liepard|Substitute\n|-damage|p1a: Liepard|184\/250 par\n|-activate|p2a: Swampert|confusion\n|-damage|p2a: Swampert|206\/298|[from] confusion\n|\n|-heal|p2a: Swampert|224\/298|[from] item: Leftovers\n|-heal|p1a: Liepard|199\/250 par|[from] item: Leftovers\n|upkeep\n|turn|13\n|j| cheesy chuck\n|\n|-end|p2a: Swampert|confusion\n|move|p2a: Swampert|Waterfall|p1a: Liepard\n|-end|p1a: Liepard|Substitute\n|move|p1a: Liepard|Foul Play|p2a: Swampert\n|-damage|p2a: Swampert|8\/298\n|\n|-heal|p2a: Swampert|26\/298|[from] item: Leftovers\n|-heal|p1a: Liepard|214\/250 par|[from] item: Leftovers\n|upkeep\n|turn|14\n|\n|switch|p1a: Wormadam|Wormadam, L87, F|246\/246\n|-damage|p1a: Wormadam|185\/246|[from] Stealth Rock\n|move|p2a: Swampert|Waterfall|p1a: Wormadam\n|-resisted|p1a: Wormadam\n|-damage|p1a: Wormadam|46\/246\n|\n|-heal|p2a: Swampert|44\/298|[from] item: Leftovers\n|-heal|p1a: Wormadam|61\/246|[from] item: Leftovers\n|upkeep\n|turn|15\n|\n|move|p2a: Swampert|Waterfall|p1a: Wormadam\n|-resisted|p1a: Wormadam\n|-damage|p1a: Wormadam|0 fnt\n|faint|p1a: Wormadam\n|\n|-heal|p2a: Swampert|62\/298|[from] item: Leftovers\n|upkeep\n|\n|switch|p1a: Tornadus|Tornadus-Therian, L79, M|254\/254\n|-damage|p1a: Tornadus|191\/254|[from] Stealth Rock\n|turn|16\n|\n|switch|p2a: Electrode|Electrode, L86|243\/243\n|move|p1a: Tornadus|Superpower|p2a: Electrode\n|-damage|p2a: Electrode|154\/243\n|-unboost|p1a: Tornadus|atk|1\n|-unboost|p1a: Tornadus|def|1\n|\n|upkeep\n|turn|17\n|\n|switch|p1a: Skarmory|Skarmory, L80, F|235\/235\n|-damage|p1a: Skarmory|206\/235|[from] Stealth Rock\n|move|p2a: Electrode|Volt Switch|p1a: Skarmory\n|-supereffective|p1a: Skarmory\n|-damage|p1a: Skarmory|12\/235\n|\n|switch|p2a: Deoxys|Deoxys-Defense, L79|209\/209\n|-ability|p2a: Deoxys|Pressure\n|\n|-heal|p1a: Skarmory|26\/235|[from] item: Leftovers\n|upkeep\n|turn|18\n|\n|move|p2a: Deoxys|Seismic Toss|p1a: Skarmory\n|-damage|p1a: Skarmory|0 fnt\n|faint|p1a: Skarmory\n|\n|upkeep\n|\n|switch|p1a: Liepard|Liepard, L86, F|214\/250 par\n|-damage|p1a: Liepard|183\/250 par|[from] Stealth Rock\n|turn|19\n|\n|switch|p2a: Swampert|Swampert, L82, F|62\/298\n|move|p1a: Liepard|Substitute|p1a: Liepard\n|-start|p1a: Liepard|Substitute\n|-damage|p1a: Liepard|121\/250 par\n|\n|-heal|p2a: Swampert|80\/298|[from] item: Leftovers\n|-heal|p1a: Liepard|136\/250 par|[from] item: Leftovers\n|upkeep\n|turn|20\n|\n|move|p2a: Swampert|Earthquake|p1a: Liepard\n|-end|p1a: Liepard|Substitute\n|move|p1a: Liepard|Foul Play|p2a: Swampert\n|-crit|p2a: Swampert\n|-damage|p2a: Swampert|0 fnt\n|faint|p2a: Swampert\n|\n|-heal|p1a: Liepard|151\/250 par|[from] item: Leftovers\n|upkeep\n|\n|switch|p2a: Electrode|Electrode, L86|154\/243\n|turn|21\n|\n|move|p1a: Liepard|Swagger|p2a: Electrode\n|-boost|p2a: Electrode|atk|2\n|-start|p2a: Electrode|confusion\n|-activate|p2a: Electrode|confusion\n|move|p2a: Electrode|Thunderbolt|p1a: Liepard\n|-damage|p1a: Liepard|16\/250 par\n|\n|-heal|p1a: Liepard|31\/250 par|[from] item: Leftovers\n|upkeep\n|turn|22\n|\n|-activate|p2a: Electrode|confusion\n|-damage|p2a: Electrode|107\/243|[from] confusion\n|cant|p1a: Liepard|par\n|\n|-heal|p1a: Liepard|46\/250 par|[from] item: Leftovers\n|upkeep\n|turn|23\n|\n|-activate|p2a: Electrode|confusion\n|move|p2a: Electrode|Volt Switch|p1a: Liepard\n|-damage|p1a: Liepard|0 fnt\n|faint|p1a: Liepard\n|\n|switch|p2a: Dialga|Dialga, L78|284\/284\n|-ability|p2a: Dialga|Pressure\n|\n|upkeep\n|c| lauty|f\n|c| lauty|f\n|\n|switch|p1a: Chimecho|Chimecho, L87, F|255\/255\n|-damage|p1a: Chimecho|224\/255|[from] Stealth Rock\n|turn|24\n|c| lauty|f\n|c| lauty|f\n|c| lauty|f\n|c| lauty|ff\n|c| lauty|f\n|c| lauty|f\n|c| lauty|f\n|c| lauty|f\n|c| lauty|f\n|c| lauty|f\n|c| lauty|f\n|c| lauty|f\n|c| lauty|f\n|c| lauty|f\n|c| lauty|f\n|c| Ryuisu Hiraishin|That's a lot of Fs.\n|\n|move|p1a: Chimecho|Recover|p1a: Chimecho\n|-heal|p1a: Chimecho|255\/255\n|move|p2a: Dialga|Dragon Tail|p1a: Chimecho\n|-damage|p1a: Chimecho|180\/255\n|drag|p1a: Tornadus|Tornadus-Therian, L79, M|254\/254\n|-damage|p1a: Tornadus|191\/254|[from] Stealth Rock\n|\n|upkeep\n|turn|25\n|\n|move|p1a: Tornadus|Superpower|p2a: Dialga\n|-supereffective|p2a: Dialga\n|-damage|p2a: Dialga|140\/284\n|-unboost|p1a: Tornadus|atk|1\n|-unboost|p1a: Tornadus|def|1\n|move|p2a: Dialga|Bulk Up|p2a: Dialga\n|-boost|p2a: Dialga|atk|1\n|-boost|p2a: Dialga|def|1\n|\n|-heal|p2a: Dialga|157\/284|[from] item: Leftovers\n|upkeep\n|turn|26\n|\n|move|p1a: Tornadus|Heat Wave|p2a: Dialga\n|-damage|p2a: Dialga|84\/284\n|move|p2a: Dialga|Bulk Up|p2a: Dialga\n|-boost|p2a: Dialga|atk|1\n|-boost|p2a: Dialga|def|1\n|\n|-heal|p2a: Dialga|101\/284|[from] item: Leftovers\n|upkeep\n|turn|27\n|\n|move|p1a: Tornadus|Heat Wave|p2a: Dialga\n|-crit|p2a: Dialga\n|-damage|p2a: Dialga|0 fnt\n|faint|p2a: Dialga\n|\n|upkeep\n|l| Ryuisu Hiraishin\n|\n|switch|p2a: Electrode|Electrode, L86|107\/243\n|turn|28\n|\n|switch|p1a: Chimecho|Chimecho, L87, F|180\/255\n|-damage|p1a: Chimecho|149\/255|[from] Stealth Rock\n|move|p2a: Electrode|Volt Switch|p1a: Chimecho\n|-damage|p1a: Chimecho|82\/255\n|\n|switch|p2a: Deoxys|Deoxys-Defense, L79|209\/209\n|-ability|p2a: Deoxys|Pressure\n|\n|-heal|p1a: Chimecho|97\/255|[from] item: Leftovers\n|upkeep\n|turn|29\n|\n|switch|p1a: Tornadus|Tornadus-Therian, L79, M|254\/254\n|-damage|p1a: Tornadus|191\/254|[from] Stealth Rock\n|move|p2a: Deoxys|Seismic Toss|p1a: Tornadus\n|-damage|p1a: Tornadus|112\/254\n|\n|upkeep\n|turn|30\n|\n|move|p1a: Tornadus|Hurricane|p2a: Deoxys\n|-damage|p2a: Deoxys|119\/209\n|-start|p2a: Deoxys|confusion\n|-activate|p2a: Deoxys|confusion\n|-damage|p2a: Deoxys|109\/209|[from] confusion\n|\n|-heal|p2a: Deoxys|122\/209|[from] item: Leftovers\n|upkeep\n|turn|31\n|\n|switch|p2a: Electrode|Electrode, L86|107\/243\n|move|p1a: Tornadus|Heat Wave|p2a: Electrode\n|-damage|p2a: Electrode|39\/243\n|\n|upkeep\n|turn|32\n|\n|switch|p1a: Chimecho|Chimecho, L87, F|97\/255\n|-damage|p1a: Chimecho|66\/255|[from] Stealth Rock\n|move|p2a: Electrode|Thunderbolt|p1a: Chimecho\n|-damage|p1a: Chimecho|0 fnt\n|faint|p1a: Chimecho\n|\n|upkeep\n|-message|PKM Champion Blue forfeited.\n|\n|win|Lunar Neo\n","inputlog":">version 58206586e5cb7ce788c6c1d9233eaa48a7ab69b0\n>start {\"formatid\":\"gen5randombattle\",\"seed\":[24391,26241,31335,4075],\"rated\":\"Tournament battle\"}\n>player p1 {\"name\":\"PKM Champion Blue\",\"avatar\":\"blue-gen7\",\"team\":\"\",\"rating\":0,\"seed\":[1161,28938,65232,24493]}\n>player p2 {\"name\":\"Lunar Neo\",\"avatar\":\"grimsley\",\"team\":\"\",\"rating\":0,\"seed\":[45175,27328,36305,41550]}\n>p1 move substitute\n>p2 switch 2\n>p1 move swordsdance\n>p2 move dragontail\n>p1 move suckerpunch\n>p2 switch 4\n>p1 move suckerpunch\n>p2 move bravebird\n>p2 switch 6\n>p1 move suckerpunch\n>p2 move flareblitz\n>p1 switch 5\n>p2 switch 2\n>p1 move stealthrock\n>p2 move taunt\n>p1 switch 4\n>p2 move seismictoss\n>p1 move thunderwave\n>p2 move magiccoat\n>p1 move thunderwave\n>p2 switch 3\n>p1 move swagger\n>p2 move stealthrock\n>p1 move foulplay\n>p2 move waterfall\n>p1 move substitute\n>p2 move waterfall\n>p1 move foulplay\n>p2 move waterfall\n>p1 switch 6\n>p2 move waterfall\n>p1 move signalbeam\n>p2 move waterfall\n>p1 switch 3\n>p1 move superpower\n>p2 switch 5\n>p1 switch 4\n>p2 move voltswitch\n>p2 switch 3\n>p1 move bravebird\n>p2 move seismictoss\n>p1 switch 6\n>p1 move substitute\n>p2 switch 5\n>p1 move foulplay\n>p2 move earthquake\n>p2 switch 3\n>p1 move swagger\n>p2 move thunderbolt\n>p1 move foulplay\n>p2 move voltswitch\n>p1 move foulplay\n>p2 move voltswitch\n>p2 switch 4\n>p1 switch 2\n>p1 move recover\n>p2 move dragontail\n>p1 move superpower\n>p2 move bulkup\n>p1 move heatwave\n>p2 move bulkup\n>p1 move heatwave\n>p2 move rest\n>p2 switch 4\n>p1 switch 4\n>p2 move voltswitch\n>p2 switch 5\n>p1 switch 4\n>p2 move seismictoss\n>p1 move hurricane\n>p2 move seismictoss\n>p1 move heatwave\n>p2 switch 5\n>p1 switch 4\n>p2 move thunderbolt","uploadtime":1592622706,"views":2,"p1id":"pkmchampionblue","p2id":"lunarneo","formatid":"gen5randombattle","rating":0,"private":0,"password":null}