{"id":"gen5ou-1610587044","p1":"JustMakeMoney","p2":"rooopos","format":"gen5ou","log":"|j|\u2606JustMakeMoney\n|j|\u2606rooopos\n|t:|1657000120\n|gametype|singles\n|player|p1|JustMakeMoney|swimmer-gen4|1107\n|player|p2|rooopos|102|1368\n|teamsize|p1|6\n|teamsize|p2|6\n|gen|5\n|tier|[Gen 5] OU\n|rated|\n|rule|Species Clause: Limit one of each Pok\u00e9mon\n|rule|OHKO Clause: OHKO moves are banned\n|rule|Moody Clause: Moody is banned\n|rule|Evasion Moves Clause: Evasion moves are banned\n|rule|Endless Battle Clause: Forcing endless battles is banned\n|rule|HP Percentage Mod: HP is shown in percentages\n|rule|Evasion Abilities Clause: Evasion abilities are banned\n|rule|Sleep Clause: Sleep-inducing moves are banned\n|rule|Swagger Clause: Swagger is banned\n|clearpoke\n|poke|p1|Archeops, M|item\n|poke|p1|Ferrothorn, M|item\n|poke|p1|Scrafty, M|item\n|poke|p1|Jellicent, M|item\n|poke|p1|Volcarona, M|item\n|poke|p1|Haxorus, M|item\n|poke|p2|Archeops, F|item\n|poke|p2|Dragonite, M|item\n|poke|p2|Starmie|item\n|poke|p2|Volcarona, F|item\n|poke|p2|Gyarados, M|item\n|poke|p2|Landorus-Therian, M|item\n|teampreview\n|\n|t:|1657000133\n|start\n|switch|p1a: Jellicent|Jellicent, M|100\/100\n|switch|p2a: Starmie|Starmie|100\/100\n|-item|p2a: Starmie|Air Balloon\n|turn|1\n|\n|t:|1657000147\n|switch|p2a: Archeops|Archeops, F|100\/100\n|move|p1a: Jellicent|Will-O-Wisp|p2a: Archeops\n|-status|p2a: Archeops|brn\n|\n|-damage|p2a: Archeops|88\/100 brn|[from] brn\n|upkeep\n|turn|2\n|\n|t:|1657000152\n|move|p2a: Archeops|Stealth Rock|p1a: Jellicent\n|-sidestart|p1: JustMakeMoney|move: Stealth Rock\n|move|p1a: Jellicent|Scald|p2a: Archeops\n|-supereffective|p2a: Archeops\n|-damage|p2a: Archeops|14\/100 brn\n|\n|-damage|p2a: Archeops|2\/100 brn|[from] brn\n|upkeep\n|turn|3\n|\n|t:|1657000157\n|move|p2a: Archeops|Taunt|p1a: Jellicent\n|-start|p1a: Jellicent|move: Taunt\n|cant|p1a: Jellicent|move: Taunt|Recover\n|\n|-damage|p2a: Archeops|0 fnt|[from] brn\n|faint|p2a: Archeops\n|upkeep\n|\n|t:|1657000169\n|switch|p2a: Gyarados|Gyarados, M|100\/100\n|turn|4\n|\n|t:|1657000173\n|move|p2a: Gyarados|Dragon Dance|p2a: Gyarados\n|-boost|p2a: Gyarados|atk|1\n|-boost|p2a: Gyarados|spe|1\n|move|p1a: Jellicent|Scald|p2a: Gyarados\n|-resisted|p2a: Gyarados\n|-damage|p2a: Gyarados|88\/100\n|-status|p2a: Gyarados|brn\n|\n|-damage|p2a: Gyarados|76\/100 brn|[from] brn\n|upkeep\n|turn|5\n|\n|t:|1657000179\n|move|p2a: Gyarados|Bounce||[still]\n|-prepare|p2a: Gyarados|Bounce\n|move|p1a: Jellicent|Ice Beam|p2a: Gyarados|[miss]\n|-miss|p1a: Jellicent|p2a: Gyarados\n|\n|-damage|p2a: Gyarados|64\/100 brn|[from] brn\n|-end|p1a: Jellicent|move: Taunt\n|upkeep\n|turn|6\n|\n|t:|1657000183\n|move|p2a: Gyarados|Bounce|p1a: Jellicent|[from]lockedmove\n|-enditem|p2a: Gyarados|Flying Gem|[from] gem\n|-damage|p1a: Jellicent|37\/100\n|move|p1a: Jellicent|Recover|p1a: Jellicent\n|-heal|p1a: Jellicent|87\/100\n|\n|-heal|p1a: Jellicent|93\/100|[from] item: Leftovers\n|-damage|p2a: Gyarados|51\/100 brn|[from] brn\n|upkeep\n|turn|7\n|\n|t:|1657000189\n|move|p2a: Gyarados|Dragon Dance|p2a: Gyarados\n|-boost|p2a: Gyarados|atk|1\n|-boost|p2a: Gyarados|spe|1\n|move|p1a: Jellicent|Ice Beam|p2a: Gyarados\n|-damage|p2a: Gyarados|33\/100 brn\n|\n|-heal|p1a: Jellicent|99\/100|[from] item: Leftovers\n|-damage|p2a: Gyarados|20\/100 brn|[from] brn\n|upkeep\n|turn|8\n|\n|t:|1657000195\n|move|p2a: Gyarados|Bounce||[still]\n|-prepare|p2a: Gyarados|Bounce\n|move|p1a: Jellicent|Recover|p1a: Jellicent\n|-heal|p1a: Jellicent|100\/100\n|\n|-damage|p2a: Gyarados|8\/100 brn|[from] brn\n|upkeep\n|turn|9\n|\n|t:|1657000200\n|move|p2a: Gyarados|Bounce|p1a: Jellicent|[from]lockedmove\n|-damage|p1a: Jellicent|43\/100\n|-status|p1a: Jellicent|par\n|move|p1a: Jellicent|Recover|p1a: Jellicent\n|-heal|p1a: Jellicent|93\/100 par\n|\n|-heal|p1a: Jellicent|99\/100 par|[from] item: Leftovers\n|-damage|p2a: Gyarados|0 fnt|[from] brn\n|faint|p2a: Gyarados\n|upkeep\n|\n|t:|1657000207\n|switch|p2a: Dragonite|Dragonite, M|100\/100\n|turn|10\n|\n|t:|1657000216\n|move|p2a: Dragonite|Outrage|p1a: Jellicent\n|-enditem|p2a: Dragonite|Dragon Gem|[from] gem\n|-damage|p1a: Jellicent|0 fnt\n|faint|p1a: Jellicent\n|\n|upkeep\n|\n|t:|1657000219\n|switch|p1a: Ferrothorn|Ferrothorn, M|100\/100\n|-damage|p1a: Ferrothorn|94\/100|[from] Stealth Rock\n|turn|11\n|\n|t:|1657000222\n|move|p2a: Dragonite|Outrage|p1a: Ferrothorn|[from]lockedmove\n|-resisted|p1a: Ferrothorn\n|-damage|p1a: Ferrothorn|69\/100\n|-damage|p2a: Dragonite|88\/100|[from] ability: Iron Barbs|[of] p1a: Ferrothorn\n|-damage|p2a: Dragonite|72\/100|[from] item: Rocky Helmet|[of] p1a: Ferrothorn\n|move|p1a: Ferrothorn|Stealth Rock|p2a: Dragonite\n|-sidestart|p2: rooopos|move: Stealth Rock\n|\n|upkeep\n|turn|12\n|\n|t:|1657000225\n|move|p2a: Dragonite|Outrage|p1a: Ferrothorn|[from]lockedmove\n|-resisted|p1a: Ferrothorn\n|-damage|p1a: Ferrothorn|43\/100\n|-damage|p2a: Dragonite|59\/100|[from] ability: Iron Barbs|[of] p1a: Ferrothorn\n|-damage|p2a: Dragonite|43\/100|[from] item: Rocky Helmet|[of] p1a: Ferrothorn\n|-start|p2a: Dragonite|confusion|[fatigue]\n|move|p1a: Ferrothorn|Toxic|p2a: Dragonite\n|-status|p2a: Dragonite|tox\n|\n|-damage|p2a: Dragonite|37\/100 tox|[from] psn\n|upkeep\n|turn|13\n|\n|t:|1657000234\n|move|p1a: Ferrothorn|Protect|p1a: Ferrothorn\n|-singleturn|p1a: Ferrothorn|Protect\n|-activate|p2a: Dragonite|confusion\n|-damage|p2a: Dragonite|19\/100 tox|[from] confusion\n|\n|-damage|p2a: Dragonite|7\/100 tox|[from] psn\n|upkeep\n|turn|14\n|\n|t:|1657000247\n|move|p1a: Ferrothorn|Protect||[still]\n|-fail|p1a: Ferrothorn\n|-activate|p2a: Dragonite|confusion\n|move|p2a: Dragonite|Outrage|p1a: Ferrothorn\n|-resisted|p1a: Ferrothorn\n|-damage|p1a: Ferrothorn|18\/100\n|-damage|p2a: Dragonite|0 fnt|[from] ability: Iron Barbs|[of] p1a: Ferrothorn\n|faint|p2a: Dragonite\n|\n|upkeep\n|\n|t:|1657000254\n|switch|p2a: Starmie|Starmie|100\/100\n|-damage|p2a: Starmie|88\/100|[from] Stealth Rock\n|-item|p2a: Starmie|Air Balloon\n|turn|15\n|\n|t:|1657000267\n|move|p2a: Starmie|Ice Beam|p1a: Ferrothorn\n|-damage|p1a: Ferrothorn|0 fnt\n|faint|p1a: Ferrothorn\n|\n|upkeep\n|\n|t:|1657000271\n|switch|p1a: Scrafty|Scrafty, M|100\/100\n|-damage|p1a: Scrafty|94\/100|[from] Stealth Rock\n|turn|16\n|\n|t:|1657000276\n|move|p2a: Starmie|Rapid Spin|p1a: Scrafty\n|-damage|p1a: Scrafty|92\/100\n|-sideend|p2: rooopos|Stealth Rock|[from] move: Rapid Spin|[of] p2a: Starmie\n|move|p1a: Scrafty|Crunch|p2a: Starmie\n|-supereffective|p2a: Starmie\n|-damage|p2a: Starmie|12\/100\n|-enditem|p2a: Starmie|Air Balloon\n|\n|-heal|p1a: Scrafty|98\/100|[from] item: Leftovers\n|upkeep\n|turn|17\n|\n|t:|1657000288\n|move|p2a: Starmie|Hydro Pump|p1a: Scrafty\n|-damage|p1a: Scrafty|58\/100\n|move|p1a: Scrafty|Bulk Up|p1a: Scrafty\n|-boost|p1a: Scrafty|atk|1\n|-boost|p1a: Scrafty|def|1\n|\n|-heal|p1a: Scrafty|64\/100|[from] item: Leftovers\n|upkeep\n|turn|18\n|\n|t:|1657000297\n|move|p2a: Starmie|Hydro Pump|p1a: Scrafty\n|-damage|p1a: Scrafty|18\/100\n|move|p1a: Scrafty|Drain Punch|p2a: Starmie\n|-resisted|p2a: Starmie\n|-damage|p2a: Starmie|0 fnt\n|-heal|p1a: Scrafty|24\/100|[from] drain|[of] p2a: Starmie\n|faint|p2a: Starmie\n|\n|-heal|p1a: Scrafty|30\/100|[from] item: Leftovers\n|upkeep\n|\n|t:|1657000311\n|switch|p2a: Volcarona|Volcarona, F|100\/100\n|turn|19\n|\n|t:|1657000323\n|move|p2a: Volcarona|Quiver Dance|p2a: Volcarona\n|-boost|p2a: Volcarona|spa|1\n|-boost|p2a: Volcarona|spd|1\n|-boost|p2a: Volcarona|spe|1\n|move|p1a: Scrafty|Drain Punch|p2a: Volcarona\n|-resisted|p2a: Volcarona\n|-damage|p2a: Volcarona|76\/100\n|-heal|p1a: Scrafty|45\/100|[from] drain|[of] p2a: Volcarona\n|-status|p1a: Scrafty|brn|[from] ability: Flame Body|[of] p2a: Volcarona\n|\n|-heal|p1a: Scrafty|51\/100 brn|[from] item: Leftovers\n|-damage|p1a: Scrafty|38\/100 brn|[from] brn\n|upkeep\n|turn|20\n|\n|t:|1657000334\n|switch|p1a: Archeops|Archeops, M|100\/100\n|-damage|p1a: Archeops|75\/100|[from] Stealth Rock\n|move|p2a: Volcarona|Flamethrower|p1a: Archeops\n|-resisted|p1a: Archeops\n|-damage|p1a: Archeops|14\/100\n|\n|upkeep\n|turn|21\n|\n|t:|1657000341\n|move|p2a: Volcarona|Flamethrower|p1a: Archeops\n|-resisted|p1a: Archeops\n|-damage|p1a: Archeops|0 fnt\n|faint|p1a: Archeops\n|\n|upkeep\n|\n|t:|1657000344\n|switch|p1a: Haxorus|Haxorus, M|100\/100\n|-damage|p1a: Haxorus|88\/100|[from] Stealth Rock\n|-ability|p1a: Haxorus|Mold Breaker\n|turn|22\n|\n|t:|1657000347\n|move|p2a: Volcarona|Bug Buzz|p1a: Haxorus\n|-enditem|p2a: Volcarona|Bug Gem|[from] gem\n|-damage|p1a: Haxorus|0 fnt\n|faint|p1a: Haxorus\n|\n|upkeep\n|c|\u2606rooopos|gg\n|c|\u2606JustMakeMoney|cheating asss3shole\n|inactive|Battle timer is ON: inactive players will automatically lose when time's up. (requested by rooopos)\n|c|\u2606rooopos|ez\n|c|\u2606rooopos|ez points\n|c|\u2606rooopos|get good\n|inactive|JustMakeMoney has 120 seconds left.\n|c|\u2606rooopos|cheating how?\n|c|\u2606rooopos|ur ass\n|inactive|JustMakeMoney has 90 seconds left.\n|inactive|JustMakeMoney has 60 seconds left.\n|c|\u2606rooopos|look at the timer staller zzz\n|inactive|JustMakeMoney has 30 seconds left.\n|inactive|JustMakeMoney has 20 seconds left.\n|inactive|JustMakeMoney has 15 seconds left.\n|inactive|JustMakeMoney has 10 seconds left.\n|inactive|JustMakeMoney has 5 seconds left.\n|-message|JustMakeMoney lost due to inactivity.\n|\n|win|rooopos\n|raw|JustMakeMoney's rating: 1078 &rarr; <strong>1071<\/strong><br \/>(-7 for losing)\n|raw|rooopos's rating: 1368 &rarr; <strong>1374<\/strong><br \/>(+6 for winning)\n|c|\u2606rooopos|ez\n|c|\u2606rooopos|gg\n","uploadtime":1657000553,"views":6,"p1id":"justmakemoney","p2id":"rooopos","formatid":"gen5ou","rating":1071,"private":0,"password":null}