{"id":"gen5ou-1684245618","p1":"ayevon","p2":"Duro o Molle?","format":"gen5ou","log":"|j|\u2606ayevon\n|j|\u2606Duro o Molle?\n|t:|1665610188\n|gametype|singles\n|player|p1|ayevon|101|\n|player|p2|Duro o Molle?|gambler-gen1|\n|teamsize|p1|6\n|teamsize|p2|6\n|gen|5\n|tier|[Gen 5] OU\n|rated|Tournament battle\n|rule|Species Clause: Limit one of each Pok\u00e9mon\n|rule|OHKO Clause: OHKO moves are banned\n|rule|Moody Clause: Moody is banned\n|rule|Evasion Items Clause: Evasion items are banned\n|rule|Evasion Moves Clause: Evasion moves are banned\n|rule|Endless Battle Clause: Forcing endless battles is banned\n|rule|HP Percentage Mod: HP is shown in percentages\n|rule|Evasion Abilities Clause: Evasion abilities are banned\n|rule|Sleep Clause: Sleep-inducing moves are banned\n|rule|Swagger Clause: Swagger is banned\n|clearpoke\n|poke|p1|Tyranitar, F|item\n|poke|p1|Keldeo|item\n|poke|p1|Landorus-Therian, M|item\n|poke|p1|Rotom-Wash|item\n|poke|p1|Excadrill, F|item\n|poke|p1|Latios, M|item\n|poke|p2|Politoed, F|item\n|poke|p2|Tentacruel, M|item\n|poke|p2|Kyurem|item\n|poke|p2|Jirachi|item\n|poke|p2|Latios, M|item\n|poke|p2|Breloom, F|item\n|teampreview\n|inactive|Battle timer is ON: inactive players will automatically lose when time's up. (requested by ayevon)\n|j| BB-8-NU\n|\n|t:|1665610208\n|start\n|switch|p1a: Latios|Latios, M|100\/100\n|switch|p2a: Latios|Latios, M|100\/100\n|turn|1\n|j| Real Randy\n|\n|t:|1665610230\n|switch|p1a: Tyranitar|Tyranitar, F|100\/100\n|-weather|Sandstorm|[from] ability: Sand Stream|[of] p1a: Tyranitar\n|switch|p2a: Jirachi|Jirachi|100\/100\n|\n|-weather|Sandstorm|[upkeep]\n|upkeep\n|turn|2\n|\n|t:|1665610239\n|switch|p1a: Excadrill|Excadrill, F|100\/100\n|move|p2a: Jirachi|Body Slam|p1a: Excadrill\n|-resisted|p1a: Excadrill\n|-damage|p1a: Excadrill|87\/100\n|\n|-weather|Sandstorm|[upkeep]\n|-heal|p1a: Excadrill|94\/100|[from] item: Leftovers\n|upkeep\n|turn|3\n|\n|t:|1665610249\n|switch|p2a: Breloom|Breloom, F|100\/100\n|move|p1a: Excadrill|Iron Head|p2a: Breloom\n|-damage|p2a: Breloom|30\/100\n|\n|-weather|Sandstorm|[upkeep]\n|-damage|p2a: Breloom|24\/100|[from] Sandstorm\n|-heal|p1a: Excadrill|99\/100|[from] item: Leftovers\n|-status|p2a: Breloom|tox|[from] item: Toxic Orb\n|upkeep\n|turn|4\n|\n|t:|1665610254\n|move|p2a: Breloom|Protect|p2a: Breloom\n|-singleturn|p2a: Breloom|Protect\n|move|p1a: Excadrill|Iron Head|p2a: Breloom\n|-activate|p2a: Breloom|move: Protect\n|\n|-weather|Sandstorm|[upkeep]\n|-damage|p2a: Breloom|17\/100 tox|[from] Sandstorm\n|-heal|p1a: Excadrill|100\/100|[from] item: Leftovers\n|-heal|p2a: Breloom|30\/100 tox|[from] ability: Poison Heal\n|upkeep\n|turn|5\n|\n|t:|1665610264\n|switch|p2a: Politoed|Politoed, F|100\/100\n|-weather|RainDance|[from] ability: Drizzle|[of] p2a: Politoed\n|move|p1a: Excadrill|Earthquake|p2a: Politoed\n|-damage|p2a: Politoed|35\/100\n|\n|-weather|RainDance|[upkeep]\n|upkeep\n|turn|6\n|\n|t:|1665610272\n|switch|p1a: Tyranitar|Tyranitar, F|100\/100\n|-weather|Sandstorm|[from] ability: Sand Stream|[of] p1a: Tyranitar\n|switch|p2a: Latios|Latios, M|100\/100\n|\n|-weather|Sandstorm|[upkeep]\n|-damage|p2a: Latios|95\/100|[from] Sandstorm\n|upkeep\n|turn|7\n|l| Real Randy\n|\n|t:|1665610281\n|move|p2a: Latios|Draco Meteor|p1a: Tyranitar\n|-damage|p1a: Tyranitar|50\/100\n|-unboost|p2a: Latios|spa|2\n|move|p1a: Tyranitar|Pursuit|p2a: Latios\n|-supereffective|p2a: Latios\n|-damage|p2a: Latios|39\/100\n|\n|-weather|Sandstorm|[upkeep]\n|-damage|p2a: Latios|33\/100|[from] Sandstorm\n|upkeep\n|turn|8\n|j| Real Randy\n|\n|t:|1665610287\n|move|p2a: Latios|Draco Meteor|p1a: Tyranitar\n|-damage|p1a: Tyranitar|23\/100\n|-unboost|p2a: Latios|spa|2\n|move|p1a: Tyranitar|Stealth Rock|p2a: Latios\n|-sidestart|p2: Duro o Molle?|move: Stealth Rock\n|\n|-weather|Sandstorm|[upkeep]\n|-damage|p2a: Latios|27\/100|[from] Sandstorm\n|upkeep\n|turn|9\n|\n|t:|1665610293\n|switch|p1a: Excadrill|Excadrill, F|100\/100\n|move|p2a: Latios|Draco Meteor|p1a: Excadrill\n|-resisted|p1a: Excadrill\n|-damage|p1a: Excadrill|74\/100\n|-unboost|p2a: Latios|spa|2\n|\n|-weather|Sandstorm|[upkeep]\n|-damage|p2a: Latios|21\/100|[from] Sandstorm\n|-heal|p1a: Excadrill|80\/100|[from] item: Leftovers\n|upkeep\n|turn|10\n|\n|t:|1665610313\n|switch|p2a: Breloom|Breloom, F|30\/100 tox\n|-damage|p2a: Breloom|24\/100 tox|[from] Stealth Rock\n|move|p1a: Excadrill|Iron Head|p2a: Breloom\n|-damage|p2a: Breloom|0 fnt\n|faint|p2a: Breloom\n|\n|-weather|Sandstorm|[upkeep]\n|-heal|p1a: Excadrill|86\/100|[from] item: Leftovers\n|upkeep\n|j| pp's splash town\n|\n|t:|1665610327\n|switch|p2a: Tentacruel|Tentacruel, M|100\/100\n|-damage|p2a: Tentacruel|88\/100|[from] Stealth Rock\n|turn|11\n|\n|t:|1665610333\n|move|p2a: Tentacruel|Scald|p1a: Excadrill\n|-supereffective|p1a: Excadrill\n|-damage|p1a: Excadrill|21\/100\n|move|p1a: Excadrill|Earthquake|p2a: Tentacruel\n|-supereffective|p2a: Tentacruel\n|-damage|p2a: Tentacruel|0 fnt\n|faint|p2a: Tentacruel\n|\n|-weather|Sandstorm|[upkeep]\n|-heal|p1a: Excadrill|27\/100|[from] item: Leftovers\n|upkeep\n|l| Real Randy\n|\n|t:|1665610342\n|switch|p2a: Kyurem|Kyurem|100\/100\n|-damage|p2a: Kyurem|75\/100|[from] Stealth Rock\n|-ability|p2a: Kyurem|Pressure\n|turn|12\n|\n|t:|1665610350\n|switch|p1a: Rotom|Rotom-Wash|100\/100\n|move|p2a: Kyurem|Ice Beam|p1a: Rotom\n|-resisted|p1a: Rotom\n|-damage|p1a: Rotom|81\/100\n|\n|-weather|Sandstorm|[upkeep]\n|-damage|p2a: Kyurem|69\/100|[from] Sandstorm\n|-damage|p1a: Rotom|75\/100|[from] Sandstorm\n|-heal|p2a: Kyurem|75\/100|[from] item: Leftovers\n|-heal|p1a: Rotom|81\/100|[from] item: Leftovers\n|upkeep\n|turn|13\n|\n|t:|1665610359\n|move|p2a: Kyurem|Substitute|p2a: Kyurem\n|-start|p2a: Kyurem|Substitute\n|-damage|p2a: Kyurem|50\/100\n|move|p1a: Rotom|Volt Switch|p2a: Kyurem\n|-resisted|p2a: Kyurem\n|-activate|p2a: Kyurem|Substitute|[damage]\n|\n|t:|1665610372\n|switch|p1a: Latios|Latios, M|100\/100|[from]move: Volt Switch\n|\n|-weather|Sandstorm|[upkeep]\n|-damage|p1a: Latios|95\/100|[from] Sandstorm\n|-damage|p2a: Kyurem|44\/100|[from] Sandstorm\n|-heal|p2a: Kyurem|50\/100|[from] item: Leftovers\n|upkeep\n|turn|14\n|\n|t:|1665610376\n|move|p1a: Latios|Draco Meteor|p2a: Kyurem\n|-supereffective|p2a: Kyurem\n|-crit|p2a: Kyurem\n|-end|p2a: Kyurem|Substitute\n|-unboost|p1a: Latios|spa|2\n|move|p2a: Kyurem|Ice Beam|p1a: Latios\n|-supereffective|p1a: Latios\n|-damage|p1a: Latios|0 fnt\n|faint|p1a: Latios\n|\n|-weather|Sandstorm|[upkeep]\n|-damage|p2a: Kyurem|44\/100|[from] Sandstorm\n|-heal|p2a: Kyurem|50\/100|[from] item: Leftovers\n|upkeep\n|\n|t:|1665610378\n|switch|p1a: Keldeo|Keldeo|100\/100\n|turn|15\n|\n|t:|1665610388\n|switch|p2a: Politoed|Politoed, F|35\/100\n|-damage|p2a: Politoed|23\/100|[from] Stealth Rock\n|-weather|RainDance|[from] ability: Drizzle|[of] p2a: Politoed\n|move|p1a: Keldeo|Secret Sword|p2a: Politoed\n|-damage|p2a: Politoed|0 fnt\n|faint|p2a: Politoed\n|\n|-weather|RainDance|[upkeep]\n|upkeep\n|\n|t:|1665610390\n|switch|p2a: Latios|Latios, M|21\/100\n|-damage|p2a: Latios|8\/100|[from] Stealth Rock\n|turn|16\n|j| Real Randy\n|\n|t:|1665610397\n|switch|p1a: Tyranitar|Tyranitar, F|23\/100\n|-weather|Sandstorm|[from] ability: Sand Stream|[of] p1a: Tyranitar\n|move|p2a: Latios|Draco Meteor|p1a: Tyranitar\n|-damage|p1a: Tyranitar|0 fnt\n|-unboost|p2a: Latios|spa|2\n|faint|p1a: Tyranitar\n|\n|-weather|Sandstorm|[upkeep]\n|-damage|p2a: Latios|2\/100|[from] Sandstorm\n|upkeep\n|\n|t:|1665610404\n|switch|p1a: Rotom|Rotom-Wash|81\/100\n|turn|17\n|\n|t:|1665610407\n|move|p2a: Latios|Draco Meteor|p1a: Rotom\n|-damage|p1a: Rotom|33\/100\n|-unboost|p2a: Latios|spa|2\n|move|p1a: Rotom|Volt Switch|p2a: Latios\n|-resisted|p2a: Latios\n|-damage|p2a: Latios|0 fnt\n|faint|p2a: Latios\n|\n|t:|1665610412\n|switch|p1a: Keldeo|Keldeo|100\/100|[from]move: Volt Switch\n|\n|-weather|Sandstorm|[upkeep]\n|-damage|p1a: Keldeo|94\/100|[from] Sandstorm\n|upkeep\n|\n|t:|1665610416\n|switch|p2a: Jirachi|Jirachi|100\/100\n|-damage|p2a: Jirachi|94\/100|[from] Stealth Rock\n|turn|18\n|j| IhateLono\n|\n|t:|1665610417\n|switch|p1a: Rotom|Rotom-Wash|33\/100\n|move|p2a: Jirachi|Body Slam|p1a: Rotom\n|-damage|p1a: Rotom|14\/100\n|-status|p1a: Rotom|par\n|\n|-weather|Sandstorm|[upkeep]\n|-damage|p1a: Rotom|8\/100 par|[from] Sandstorm\n|-heal|p2a: Jirachi|100\/100|[from] item: Leftovers\n|-heal|p1a: Rotom|14\/100 par|[from] item: Leftovers\n|upkeep\n|turn|19\n|\n|t:|1665610424\n|switch|p2a: Kyurem|Kyurem|50\/100\n|-damage|p2a: Kyurem|25\/100|[from] Stealth Rock\n|-ability|p2a: Kyurem|Pressure\n|cant|p1a: Rotom|par\n|\n|-weather|Sandstorm|[upkeep]\n|-damage|p2a: Kyurem|19\/100|[from] Sandstorm\n|-damage|p1a: Rotom|8\/100 par|[from] Sandstorm\n|-heal|p2a: Kyurem|25\/100|[from] item: Leftovers\n|-heal|p1a: Rotom|14\/100 par|[from] item: Leftovers\n|upkeep\n|turn|20\n|\n|t:|1665610428\n|move|p2a: Kyurem|Roost|p2a: Kyurem\n|-heal|p2a: Kyurem|75\/100\n|-singleturn|p2a: Kyurem|move: Roost\n|move|p1a: Rotom|Volt Switch|p2a: Kyurem\n|-resisted|p2a: Kyurem\n|-damage|p2a: Kyurem|65\/100\n|\n|t:|1665610432\n|switch|p1a: Keldeo|Keldeo|94\/100|[from]move: Volt Switch\n|\n|-weather|Sandstorm|[upkeep]\n|-damage|p1a: Keldeo|88\/100|[from] Sandstorm\n|-damage|p2a: Kyurem|58\/100|[from] Sandstorm\n|-heal|p2a: Kyurem|65\/100|[from] item: Leftovers\n|upkeep\n|turn|21\n|\n|t:|1665610450\n|move|p1a: Keldeo|Secret Sword|p2a: Kyurem\n|-supereffective|p2a: Kyurem\n|-damage|p2a: Kyurem|0 fnt\n|faint|p2a: Kyurem\n|\n|-weather|Sandstorm|[upkeep]\n|-damage|p1a: Keldeo|82\/100|[from] Sandstorm\n|upkeep\n|\n|t:|1665610453\n|switch|p2a: Jirachi|Jirachi|100\/100\n|-damage|p2a: Jirachi|94\/100|[from] Stealth Rock\n|turn|22\n|\n|t:|1665610456\n|move|p1a: Keldeo|Secret Sword|p2a: Jirachi\n|-damage|p2a: Jirachi|35\/100\n|move|p2a: Jirachi|Body Slam|p1a: Keldeo\n|-damage|p1a: Keldeo|60\/100\n|-status|p1a: Keldeo|par\n|\n|-weather|Sandstorm|[upkeep]\n|-damage|p1a: Keldeo|53\/100 par|[from] Sandstorm\n|-heal|p2a: Jirachi|42\/100|[from] item: Leftovers\n|upkeep\n|turn|23\n|\n|t:|1665610462\n|switch|p1a: Rotom|Rotom-Wash|14\/100 par\n|move|p2a: Jirachi|Iron Head|p1a: Rotom\n|-resisted|p1a: Rotom\n|-damage|p1a: Rotom|8\/100 par\n|\n|-weather|Sandstorm|[upkeep]\n|-damage|p1a: Rotom|1\/100 par|[from] Sandstorm\n|-heal|p2a: Jirachi|48\/100|[from] item: Leftovers\n|-heal|p1a: Rotom|8\/100 par|[from] item: Leftovers\n|upkeep\n|turn|24\n|\n|t:|1665610465\n|move|p2a: Jirachi|Body Slam|p1a: Rotom\n|-damage|p1a: Rotom|0 fnt\n|faint|p1a: Rotom\n|\n|-weather|Sandstorm|[upkeep]\n|-heal|p2a: Jirachi|54\/100|[from] item: Leftovers\n|upkeep\n|\n|t:|1665610466\n|switch|p1a: Excadrill|Excadrill, F|27\/100\n|turn|25\n|\n|t:|1665610468\n|move|p1a: Excadrill|Earthquake|p2a: Jirachi\n|-supereffective|p2a: Jirachi\n|-damage|p2a: Jirachi|0 fnt\n|faint|p2a: Jirachi\n|\n|win|ayevon\n|n|\u2606ayevon|ayevon\n|n|\u2606Duro o Molle?|duroomolle\n|n| BB-8-NU|bb8nu\n|n| pp's splash town|ppssplashtown\n|n| Real Randy|realrandy\n|n| IhateLono|ihatelono\n","uploadtime":1665610470,"views":9,"p1id":"ayevon","p2id":"duroomolle","formatid":"gen5ou","rating":0,"private":0,"password":null}