{"id":"gen5ou-1664070559","p1":"No Cheeko","p2":"dmt dreams","format":"gen5ou","log":"|j|\u2606No Cheeko\n|j|\u203ddmt dreams\n|inactive|Battle timer is ON: inactive players will automatically lose when time's up.\n|t:|1663164208\n|gametype|singles\n|player|p1|No Cheeko|juggler|\n|player|p2|dmt dreams|cynthia-gen4|\n|teamsize|p1|6\n|teamsize|p2|6\n|gen|5\n|tier|[Gen 5] OU\n|rated|Tournament battle\n|rule|Species Clause: Limit one of each Pok\u00e9mon\n|rule|OHKO Clause: OHKO moves are banned\n|rule|Moody Clause: Moody is banned\n|rule|Evasion Items Clause: Evasion items are banned\n|rule|Evasion Moves Clause: Evasion moves are banned\n|rule|Endless Battle Clause: Forcing endless battles is banned\n|rule|HP Percentage Mod: HP is shown in percentages\n|rule|Evasion Abilities Clause: Evasion abilities are banned\n|rule|Sleep Clause: Sleep-inducing moves are banned\n|rule|Swagger Clause: Swagger is banned\n|clearpoke\n|poke|p1|Politoed, F|item\n|poke|p1|Tentacruel, M|item\n|poke|p1|Jirachi|item\n|poke|p1|Thundurus-Therian, M|item\n|poke|p1|Breloom, F|item\n|poke|p1|Latios, M|item\n|poke|p2|Xatu, F|item\n|poke|p2|Abomasnow, F|item\n|poke|p2|Kyurem-Black|item\n|poke|p2|Forretress, F|item\n|poke|p2|Gliscor, M|item\n|poke|p2|Latios, M|item\n|teampreview\n|j|%Sww-Suwa\n|l|%Sww-Suwa\n|j|@Mimikyu Stardust\n|inactive|dmt dreams has 120 seconds left.\n|\n|t:|1663164243\n|start\n|switch|p1a: Jirachi|Jirachi|100\/100\n|switch|p2a: Latios|Latios, M|100\/100\n|turn|1\n|\n|t:|1663164249\n|move|p2a: Latios|Trick|p1a: Jirachi\n|-activate|p2a: Latios|move: Trick|[of] p1a: Jirachi\n|-item|p1a: Jirachi|Choice Scarf|[from] move: Trick\n|-item|p2a: Latios|Leftovers|[from] move: Trick\n|move|p1a: Jirachi|Stealth Rock|p2a: Latios\n|-sidestart|p2: dmt dreams|move: Stealth Rock\n|\n|upkeep\n|turn|2\n|\n|t:|1663164268\n|switch|p1a: Politoed|Politoed, F|100\/100\n|-weather|RainDance|[from] ability: Drizzle|[of] p1a: Politoed\n|move|p2a: Latios|Draco Meteor|p1a: Politoed\n|-damage|p1a: Politoed|35\/100\n|-unboost|p2a: Latios|spa|2\n|\n|-weather|RainDance|[upkeep]\n|-heal|p1a: Politoed|41\/100|[from] item: Leftovers\n|upkeep\n|turn|3\n|\n|t:|1663164282\n|switch|p2a: Abomasnow|Abomasnow, F|100\/100\n|-damage|p2a: Abomasnow|76\/100|[from] Stealth Rock\n|-weather|Hail|[from] ability: Snow Warning|[of] p2a: Abomasnow\n|move|p1a: Politoed|Toxic|p2a: Abomasnow|[miss]\n|-miss|p1a: Politoed|p2a: Abomasnow\n|\n|-weather|Hail|[upkeep]\n|-damage|p1a: Politoed|35\/100|[from] Hail\n|-heal|p1a: Politoed|41\/100|[from] item: Leftovers\n|upkeep\n|turn|4\n|\n|t:|1663164304\n|switch|p2a: Forretress|Forretress, F|100\/100\n|-damage|p2a: Forretress|88\/100|[from] Stealth Rock\n|switch|p1a: Jirachi|Jirachi|100\/100\n|\n|-weather|Hail|[upkeep]\n|-damage|p1a: Jirachi|94\/100|[from] Hail\n|-heal|p2a: Forretress|94\/100|[from] item: Leftovers\n|upkeep\n|turn|5\n|j|%Clementine\n|inactive|No Cheeko has 120 seconds left.\n|l|%Clementine\n|\n|t:|1663164325\n|switch|p1a: Breloom|Breloom, F|100\/100\n|move|p2a: Forretress|Rapid Spin|p1a: Breloom\n|-damage|p1a: Breloom|96\/100\n|-sideend|p2: dmt dreams|Stealth Rock|[from] move: Rapid Spin|[of] p2a: Forretress\n|\n|-weather|Hail|[upkeep]\n|-damage|p1a: Breloom|89\/100|[from] Hail\n|-heal|p2a: Forretress|100\/100|[from] item: Leftovers\n|-status|p1a: Breloom|tox|[from] item: Toxic Orb\n|upkeep\n|turn|6\n|inactive|No Cheeko has 120 seconds left.\n|\n|t:|1663164331\n|move|p1a: Breloom|Substitute|p1a: Breloom\n|-start|p1a: Breloom|Substitute\n|-damage|p1a: Breloom|64\/100 tox\n|move|p2a: Forretress|Volt Switch|p1a: Breloom\n|-resisted|p1a: Breloom\n|-activate|p1a: Breloom|Substitute|[damage]\n|\n|t:|1663164337\n|switch|p2a: Gliscor|Gliscor, M|100\/100|[from]move: Volt Switch\n|\n|-weather|Hail|[upkeep]\n|-damage|p2a: Gliscor|94\/100|[from] Hail\n|-damage|p1a: Breloom|58\/100 tox|[from] Hail\n|-heal|p1a: Breloom|71\/100 tox|[from] ability: Poison Heal\n|-status|p2a: Gliscor|tox|[from] item: Toxic Orb\n|upkeep\n|turn|7\n|inactive|No Cheeko has 120 seconds left.\n|j|%Clementine\n|\n|t:|1663164354\n|move|p2a: Gliscor|Facade|p1a: Breloom\n|-end|p1a: Breloom|Substitute\n|move|p1a: Breloom|Seed Bomb|p2a: Gliscor\n|-damage|p2a: Gliscor|63\/100 tox\n|\n|-weather|Hail|[upkeep]\n|-damage|p2a: Gliscor|56\/100 tox|[from] Hail\n|-damage|p1a: Breloom|64\/100 tox|[from] Hail\n|-heal|p2a: Gliscor|69\/100 tox|[from] ability: Poison Heal\n|-heal|p1a: Breloom|77\/100 tox|[from] ability: Poison Heal\n|upkeep\n|turn|8\n|l|%Clementine\n|inactive|No Cheeko has 120 seconds left.\n|\n|t:|1663164383\n|switch|p1a: Jirachi|Jirachi|94\/100\n|move|p2a: Gliscor|Facade|p1a: Jirachi\n|-resisted|p1a: Jirachi\n|-damage|p1a: Jirachi|82\/100\n|\n|-weather|Hail|[upkeep]\n|-damage|p1a: Jirachi|76\/100|[from] Hail\n|-damage|p2a: Gliscor|63\/100 tox|[from] Hail\n|-heal|p2a: Gliscor|75\/100 tox|[from] ability: Poison Heal\n|upkeep\n|turn|9\n|\n|t:|1663164387\n|switch|p2a: Xatu|Xatu, F|100\/100\n|move|p1a: Jirachi|Stealth Rock|p2a: Xatu\n|move|p2a: Xatu|Stealth Rock|p1a: Jirachi|[from]ability: Magic Bounce\n|-sidestart|p1: No Cheeko|move: Stealth Rock\n|\n|-weather|Hail|[upkeep]\n|-damage|p1a: Jirachi|70\/100|[from] Hail\n|-damage|p2a: Xatu|94\/100|[from] Hail\n|upkeep\n|turn|10\n|inactive|No Cheeko has 120 seconds left.\n|\n|t:|1663164397\n|switch|p1a: Tentacruel|Tentacruel, M|100\/100\n|-damage|p1a: Tentacruel|88\/100|[from] Stealth Rock\n|move|p2a: Xatu|U-turn|p1a: Tentacruel\n|-resisted|p1a: Tentacruel\n|-damage|p1a: Tentacruel|80\/100\n|\n|t:|1663164400\n|switch|p2a: Kyurem|Kyurem-Black|100\/100|[from]move: U-turn\n|-ability|p2a: Kyurem|Teravolt\n|\n|-weather|Hail|[upkeep]\n|-damage|p1a: Tentacruel|74\/100|[from] Hail\n|-heal|p1a: Tentacruel|80\/100|[from] item: Black Sludge\n|upkeep\n|turn|11\n|inactive|No Cheeko has 120 seconds left.\n|\n|t:|1663164410\n|move|p1a: Tentacruel|Substitute|p1a: Tentacruel\n|-start|p1a: Tentacruel|Substitute\n|-damage|p1a: Tentacruel|56\/100\n|move|p2a: Kyurem|Substitute|p2a: Kyurem\n|-start|p2a: Kyurem|Substitute\n|-damage|p2a: Kyurem|76\/100\n|\n|-weather|Hail|[upkeep]\n|-damage|p1a: Tentacruel|50\/100|[from] Hail\n|-heal|p1a: Tentacruel|56\/100|[from] item: Black Sludge\n|-heal|p2a: Kyurem|82\/100|[from] item: Leftovers\n|upkeep\n|turn|12\n|\n|t:|1663164416\n|move|p1a: Tentacruel|Rapid Spin|p2a: Kyurem\n|-activate|p2a: Kyurem|Substitute|[damage]\n|-sideend|p1: No Cheeko|Stealth Rock|[from] move: Rapid Spin|[of] p1a: Tentacruel\n|move|p2a: Kyurem|Dragon Claw|p1a: Tentacruel\n|-end|p1a: Tentacruel|Substitute\n|\n|-weather|Hail|[upkeep]\n|-damage|p1a: Tentacruel|50\/100|[from] Hail\n|-heal|p1a: Tentacruel|56\/100|[from] item: Black Sludge\n|-heal|p2a: Kyurem|88\/100|[from] item: Leftovers\n|upkeep\n|turn|13\n|inactive|No Cheeko has 120 seconds left.\n|\n|t:|1663164433\n|switch|p1a: Jirachi|Jirachi|70\/100\n|move|p2a: Kyurem|Fusion Bolt|p1a: Jirachi\n|-damage|p1a: Jirachi|27\/100\n|\n|-weather|Hail|[upkeep]\n|-damage|p1a: Jirachi|21\/100|[from] Hail\n|-heal|p2a: Kyurem|94\/100|[from] item: Leftovers\n|upkeep\n|turn|14\n|\n|t:|1663164439\n|move|p1a: Jirachi|Iron Head|p2a: Kyurem\n|-supereffective|p2a: Kyurem\n|-end|p2a: Kyurem|Substitute\n|move|p2a: Kyurem|Blizzard|p1a: Jirachi\n|-resisted|p1a: Jirachi\n|-damage|p1a: Jirachi|7\/100\n|\n|-weather|Hail|[upkeep]\n|-damage|p1a: Jirachi|0 fnt|[from] Hail\n|faint|p1a: Jirachi\n|-heal|p2a: Kyurem|99\/100|[from] item: Leftovers\n|upkeep\n|\n|t:|1663164445\n|switch|p1a: Politoed|Politoed, F|41\/100\n|-weather|RainDance|[from] ability: Drizzle|[of] p1a: Politoed\n|turn|15\n|\n|t:|1663164453\n|move|p1a: Politoed|Protect|p1a: Politoed\n|-singleturn|p1a: Politoed|Protect\n|move|p2a: Kyurem|Dragon Claw|p1a: Politoed\n|-activate|p1a: Politoed|move: Protect\n|\n|-weather|RainDance|[upkeep]\n|-heal|p2a: Kyurem|100\/100|[from] item: Leftovers\n|-heal|p1a: Politoed|47\/100|[from] item: Leftovers\n|upkeep\n|turn|16\n|inactive|No Cheeko has 120 seconds left.\n|\n|t:|1663164474\n|switch|p1a: Latios|Latios, M|100\/100\n|move|p2a: Kyurem|Fusion Bolt|p1a: Latios\n|-resisted|p1a: Latios\n|-damage|p1a: Latios|72\/100\n|\n|-weather|RainDance|[upkeep]\n|upkeep\n|turn|17\n|\n|t:|1663164482\n|switch|p2a: Xatu|Xatu, F|94\/100\n|move|p1a: Latios|Draco Meteor|p2a: Xatu|[miss]\n|-miss|p1a: Latios|p2a: Xatu\n|\n|-weather|RainDance|[upkeep]\n|upkeep\n|turn|18\n|\n|t:|1663164487\n|switch|p2a: Forretress|Forretress, F|100\/100\n|move|p1a: Latios|Draco Meteor|p2a: Forretress\n|-resisted|p2a: Forretress\n|-damage|p2a: Forretress|68\/100\n|-unboost|p1a: Latios|spa|2\n|\n|-weather|RainDance|[upkeep]\n|-heal|p2a: Forretress|74\/100|[from] item: Leftovers\n|upkeep\n|turn|19\n|\n|t:|1663164494\n|switch|p1a: Breloom|Breloom, F|77\/100 tox\n|move|p2a: Forretress|Stealth Rock|p1a: Breloom\n|-sidestart|p1: No Cheeko|move: Stealth Rock\n|\n|-weather|RainDance|[upkeep]\n|-heal|p2a: Forretress|80\/100|[from] item: Leftovers\n|-heal|p1a: Breloom|89\/100 tox|[from] ability: Poison Heal\n|upkeep\n|turn|20\n|\n|t:|1663164498\n|move|p1a: Breloom|Substitute|p1a: Breloom\n|-start|p1a: Breloom|Substitute\n|-damage|p1a: Breloom|64\/100 tox\n|move|p2a: Forretress|Volt Switch|p1a: Breloom\n|-resisted|p1a: Breloom\n|-activate|p1a: Breloom|Substitute|[damage]\n|\n|t:|1663164514\n|switch|p2a: Xatu|Xatu, F|94\/100|[from]move: Volt Switch\n|\n|-weather|RainDance|[upkeep]\n|-heal|p1a: Breloom|77\/100 tox|[from] ability: Poison Heal\n|upkeep\n|turn|21\n|\n|t:|1663164524\n|move|p1a: Breloom|Seed Bomb|p2a: Xatu\n|-resisted|p2a: Xatu\n|-damage|p2a: Xatu|76\/100\n|move|p2a: Xatu|Reflect|p2a: Xatu\n|-sidestart|p2: dmt dreams|Reflect\n|\n|-weather|RainDance|[upkeep]\n|-heal|p1a: Breloom|89\/100 tox|[from] ability: Poison Heal\n|upkeep\n|turn|22\n|\n|t:|1663164537\n|-singleturn|p1a: Breloom|move: Focus Punch\n|move|p2a: Xatu|U-turn|p1a: Breloom\n|-activate|p1a: Breloom|Substitute|[damage]\n|\n|t:|1663164543\n|switch|p2a: Gliscor|Gliscor, M|75\/100 tox|[from]move: U-turn\n|move|p1a: Breloom|Focus Punch|p2a: Gliscor\n|-resisted|p2a: Gliscor\n|-damage|p2a: Gliscor|60\/100 tox\n|\n|-weather|RainDance|[upkeep]\n|-heal|p2a: Gliscor|72\/100 tox|[from] ability: Poison Heal\n|-heal|p1a: Breloom|100\/100 tox|[from] ability: Poison Heal\n|upkeep\n|turn|23\n|\n|t:|1663164554\n|switch|p1a: Thundurus|Thundurus-Therian, M|100\/100\n|-damage|p1a: Thundurus|76\/100|[from] Stealth Rock\n|move|p2a: Gliscor|Swords Dance|p2a: Gliscor\n|-boost|p2a: Gliscor|atk|2\n|\n|-weather|RainDance|[upkeep]\n|-heal|p1a: Thundurus|82\/100|[from] item: Leftovers\n|-heal|p2a: Gliscor|85\/100 tox|[from] ability: Poison Heal\n|upkeep\n|turn|24\n|\n|t:|1663164559\n|switch|p2a: Abomasnow|Abomasnow, F|76\/100\n|-weather|Hail|[from] ability: Snow Warning|[of] p2a: Abomasnow\n|move|p1a: Thundurus|Hidden Power|p2a: Abomasnow\n|-damage|p2a: Abomasnow|46\/100\n|\n|-weather|Hail|[upkeep]\n|-damage|p1a: Thundurus|76\/100|[from] Hail\n|-heal|p1a: Thundurus|82\/100|[from] item: Leftovers\n|upkeep\n|turn|25\n|\n|t:|1663164570\n|move|p2a: Abomasnow|Blizzard|p1a: Thundurus\n|-supereffective|p1a: Thundurus\n|-damage|p1a: Thundurus|0 fnt\n|faint|p1a: Thundurus\n|\n|-weather|Hail|[upkeep]\n|-sideend|p2: dmt dreams|Reflect\n|upkeep\n|\n|t:|1663164579\n|switch|p1a: Latios|Latios, M|72\/100\n|-damage|p1a: Latios|59\/100|[from] Stealth Rock\n|turn|26\n|\n|t:|1663164582\n|move|p1a: Latios|Draco Meteor|p2a: Abomasnow\n|-damage|p2a: Abomasnow|0 fnt\n|-unboost|p1a: Latios|spa|2\n|faint|p2a: Abomasnow\n|\n|-weather|Hail|[upkeep]\n|-damage|p1a: Latios|53\/100|[from] Hail\n|upkeep\n|\n|t:|1663164588\n|switch|p2a: Forretress|Forretress, F|80\/100\n|turn|27\n|\n|t:|1663164591\n|switch|p1a: Politoed|Politoed, F|47\/100\n|-damage|p1a: Politoed|35\/100|[from] Stealth Rock\n|-weather|RainDance|[from] ability: Drizzle|[of] p1a: Politoed\n|move|p2a: Forretress|Volt Switch|p1a: Politoed\n|-supereffective|p1a: Politoed\n|-damage|p1a: Politoed|16\/100\n|\n|t:|1663164594\n|switch|p2a: Kyurem|Kyurem-Black|100\/100|[from]move: Volt Switch\n|-ability|p2a: Kyurem|Teravolt\n|\n|-weather|RainDance|[upkeep]\n|-heal|p1a: Politoed|23\/100|[from] item: Leftovers\n|upkeep\n|turn|28\n|\n|t:|1663164609\n|switch|p1a: Breloom|Breloom, F|100\/100 tox\n|-damage|p1a: Breloom|94\/100 tox|[from] Stealth Rock\n|move|p2a: Kyurem|Dragon Claw|p1a: Breloom\n|-damage|p1a: Breloom|26\/100 tox\n|\n|-weather|RainDance|[upkeep]\n|-heal|p1a: Breloom|39\/100 tox|[from] ability: Poison Heal\n|upkeep\n|turn|29\n|\n|t:|1663164614\n|move|p2a: Kyurem|Dragon Claw|p1a: Breloom\n|-damage|p1a: Breloom|0 fnt\n|faint|p1a: Breloom\n|\n|-weather|RainDance|[upkeep]\n|upkeep\n|\n|t:|1663164617\n|switch|p1a: Latios|Latios, M|53\/100\n|-damage|p1a: Latios|41\/100|[from] Stealth Rock\n|turn|30\n|\n|t:|1663164621\n|switch|p2a: Xatu|Xatu, F|76\/100\n|move|p1a: Latios|Draco Meteor|p2a: Xatu\n|-damage|p2a: Xatu|0 fnt\n|-unboost|p1a: Latios|spa|2\n|faint|p2a: Xatu\n|\n|-weather|RainDance|[upkeep]\n|upkeep\n|\n|t:|1663164623\n|switch|p2a: Forretress|Forretress, F|80\/100\n|turn|31\n|\n|t:|1663164627\n|switch|p1a: Politoed|Politoed, F|23\/100\n|-damage|p1a: Politoed|10\/100|[from] Stealth Rock\n|move|p2a: Forretress|Volt Switch|p1a: Politoed\n|-supereffective|p1a: Politoed\n|-damage|p1a: Politoed|0 fnt\n|faint|p1a: Politoed\n|\n|t:|1663164631\n|switch|p2a: Kyurem|Kyurem-Black|100\/100|[from]move: Volt Switch\n|-ability|p2a: Kyurem|Teravolt\n|\n|-weather|RainDance|[upkeep]\n|upkeep\n|\n|t:|1663164639\n|switch|p1a: Latios|Latios, M|41\/100\n|-damage|p1a: Latios|29\/100|[from] Stealth Rock\n|turn|32\n|\n|t:|1663164644\n|switch|p2a: Forretress|Forretress, F|80\/100\n|move|p1a: Latios|Draco Meteor|p2a: Forretress\n|-resisted|p2a: Forretress\n|-damage|p2a: Forretress|46\/100\n|-unboost|p1a: Latios|spa|2\n|\n|-weather|RainDance|[upkeep]\n|-heal|p2a: Forretress|52\/100|[from] item: Leftovers\n|upkeep\n|turn|33\n|\n|t:|1663164649\n|switch|p1a: Tentacruel|Tentacruel, M|56\/100\n|-damage|p1a: Tentacruel|43\/100|[from] Stealth Rock\n|move|p2a: Forretress|Volt Switch|p1a: Tentacruel\n|-supereffective|p1a: Tentacruel\n|-crit|p1a: Tentacruel\n|-damage|p1a: Tentacruel|10\/100\n|\n|t:|1663164653\n|switch|p2a: Latios|Latios, M|100\/100|[from]move: Volt Switch\n|\n|-weather|RainDance|[upkeep]\n|-heal|p1a: Tentacruel|16\/100|[from] ability: Rain Dish\n|-heal|p1a: Tentacruel|22\/100|[from] item: Black Sludge\n|upkeep\n|turn|34\n|\n|t:|1663164661\n|move|p1a: Tentacruel|Protect|p1a: Tentacruel\n|-singleturn|p1a: Tentacruel|Protect\n|move|p2a: Latios|Dragon Pulse|p1a: Tentacruel\n|-activate|p1a: Tentacruel|move: Protect\n|\n|-weather|RainDance|[upkeep]\n|-heal|p1a: Tentacruel|28\/100|[from] ability: Rain Dish\n|-heal|p1a: Tentacruel|34\/100|[from] item: Black Sludge\n|upkeep\n|turn|35\n|\n|t:|1663164673\n|move|p2a: Latios|Dragon Pulse|p1a: Tentacruel\n|-damage|p1a: Tentacruel|0 fnt\n|faint|p1a: Tentacruel\n|\n|-weather|RainDance|[upkeep]\n|upkeep\n|\n|t:|1663164675\n|switch|p1a: Latios|Latios, M|29\/100\n|-damage|p1a: Latios|16\/100|[from] Stealth Rock\n|turn|36\n|\n|t:|1663164679\n|move|p1a: Latios|Draco Meteor|p2a: Latios\n|-supereffective|p2a: Latios\n|-damage|p2a: Latios|0 fnt\n|-unboost|p1a: Latios|spa|2\n|faint|p2a: Latios\n|\n|-weather|RainDance|[upkeep]\n|upkeep\n|\n|t:|1663164684\n|switch|p2a: Forretress|Forretress, F|52\/100\n|turn|37\n|\n|t:|1663164686\n|move|p1a: Latios|Draco Meteor|p2a: Forretress\n|-resisted|p2a: Forretress\n|-damage|p2a: Forretress|34\/100\n|-unboost|p1a: Latios|spa|2\n|move|p2a: Forretress|Rapid Spin|p1a: Latios\n|-damage|p1a: Latios|11\/100\n|\n|-weather|RainDance|[upkeep]\n|-heal|p2a: Forretress|40\/100|[from] item: Leftovers\n|upkeep\n|turn|38\n|\n|t:|1663164690\n|move|p1a: Latios|Draco Meteor|p2a: Forretress\n|-resisted|p2a: Forretress\n|-damage|p2a: Forretress|29\/100\n|-unboost|p1a: Latios|spa|2\n|move|p2a: Forretress|Rapid Spin|p1a: Latios\n|-damage|p1a: Latios|5\/100\n|\n|-weather|RainDance|[upkeep]\n|-heal|p2a: Forretress|35\/100|[from] item: Leftovers\n|upkeep\n|turn|39\n|\n|t:|1663164693\n|-activate|p1a: Latios|move: Struggle\n|move|p1a: Latios|Struggle|p2a: Forretress\n|-damage|p2a: Forretress|29\/100\n|-damage|p1a: Latios|0 fnt|[from] recoil\n|faint|p1a: Latios\n|\n|win|dmt dreams\n|n|\u2606No Cheeko|nocheeko\n|n|\u203ddmt dreams|dmtdreams\n|n| Mimikyu Stardust|mimikyustardust\n|j| ionlywinbyluck\n","uploadtime":1663164697,"views":12,"p1id":"nocheeko","p2id":"dmtdreams","formatid":"gen5ou","rating":0,"private":0,"password":null}