{"id":"gen5ou-1671128456","p1":"SteamBuns","p2":"ayevon","format":"gen5ou","log":"|j|\u2606SteamBuns\n|j|\u2606ayevon\n|t:|1663899172\n|gametype|singles\n|player|p1|SteamBuns|yellow|\n|player|p2|ayevon|1|\n|teamsize|p1|6\n|teamsize|p2|6\n|gen|5\n|tier|[Gen 5] OU\n|rated|Tournament battle\n|rule|Species Clause: Limit one of each Pok\u00e9mon\n|rule|OHKO Clause: OHKO moves are banned\n|rule|Moody Clause: Moody is banned\n|rule|Evasion Items Clause: Evasion items are banned\n|rule|Evasion Moves Clause: Evasion moves are banned\n|rule|Endless Battle Clause: Forcing endless battles is banned\n|rule|HP Percentage Mod: HP is shown in percentages\n|rule|Evasion Abilities Clause: Evasion abilities are banned\n|rule|Sleep Clause: Sleep-inducing moves are banned\n|rule|Swagger Clause: Swagger is banned\n|clearpoke\n|poke|p1|Politoed, M|item\n|poke|p1|Ferrothorn, M|item\n|poke|p1|Tentacruel, F|item\n|poke|p1|Latios, M|item\n|poke|p1|Vaporeon, M|item\n|poke|p1|Thundurus-Therian, M|item\n|poke|p2|Tyranitar, F|item\n|poke|p2|Keldeo|item\n|poke|p2|Landorus-Therian, M|item\n|poke|p2|Rotom-Wash|item\n|poke|p2|Excadrill, F|item\n|poke|p2|Latios, M|item\n|teampreview\n|j| BB-8-NU\n|inactive|Battle timer is ON: inactive players will automatically lose when time's up. (requested by ayevon)\n|c|\u2606SteamBuns|hf\n|j| Cry$ta1\n|j| Argus Nidra\n|c|\u2606ayevon|hf\n|\n|t:|1663899184\n|start\n|switch|p1a: Ferrothorn|Ferrothorn, M|100\/100\n|switch|p2a: Latios|Latios, M|100\/100\n|turn|1\n|\n|t:|1663899191\n|move|p2a: Latios|Trick|p1a: Ferrothorn\n|-activate|p2a: Latios|move: Trick|[of] p1a: Ferrothorn\n|-item|p1a: Ferrothorn|Choice Scarf|[from] move: Trick\n|-item|p2a: Latios|Leftovers|[from] move: Trick\n|move|p1a: Ferrothorn|Stealth Rock|p2a: Latios\n|-sidestart|p2: ayevon|move: Stealth Rock\n|\n|upkeep\n|turn|2\n|\n|t:|1663899200\n|switch|p1a: Politoed|Politoed, M, shiny|100\/100\n|-weather|RainDance|[from] ability: Drizzle|[of] p1a: Politoed\n|move|p2a: Latios|Draco Meteor|p1a: Politoed|[miss]\n|-miss|p2a: Latios|p1a: Politoed\n|\n|-weather|RainDance|[upkeep]\n|upkeep\n|turn|3\n|j|%ibbysonlyfan\n|\n|t:|1663899206\n|switch|p1a: Ferrothorn|Ferrothorn, M|100\/100\n|move|p2a: Latios|Draco Meteor|p1a: Ferrothorn\n|-resisted|p1a: Ferrothorn\n|-damage|p1a: Ferrothorn|75\/100\n|-unboost|p2a: Latios|spa|2\n|\n|-weather|RainDance|[upkeep]\n|upkeep\n|turn|4\n|\n|t:|1663899213\n|switch|p2a: Tyranitar|Tyranitar, F|100\/100\n|-damage|p2a: Tyranitar|88\/100|[from] Stealth Rock\n|-weather|Sandstorm|[from] ability: Sand Stream|[of] p2a: Tyranitar\n|move|p1a: Ferrothorn|Power Whip|p2a: Tyranitar\n|-supereffective|p2a: Tyranitar\n|-crit|p2a: Tyranitar\n|-damage|p2a: Tyranitar|0 fnt\n|faint|p2a: Tyranitar\n|\n|-weather|Sandstorm|[upkeep]\n|upkeep\n|j| blackkaiser\n|l| blackkaiser\n|\n|t:|1663899224\n|switch|p2a: Latios|Latios, M|100\/100\n|-damage|p2a: Latios|88\/100|[from] Stealth Rock\n|turn|5\n|\n|t:|1663899229\n|move|p2a: Latios|Draco Meteor|p1a: Ferrothorn\n|-resisted|p1a: Ferrothorn\n|-damage|p1a: Ferrothorn|51\/100\n|-unboost|p2a: Latios|spa|2\n|move|p1a: Ferrothorn|Power Whip|p2a: Latios\n|-resisted|p2a: Latios\n|-damage|p2a: Latios|60\/100\n|\n|-weather|Sandstorm|[upkeep]\n|-damage|p2a: Latios|54\/100|[from] Sandstorm\n|-heal|p2a: Latios|60\/100|[from] item: Leftovers\n|upkeep\n|turn|6\n|\n|t:|1663899234\n|move|p2a: Latios|Recover|p2a: Latios\n|-heal|p2a: Latios|100\/100\n|move|p1a: Ferrothorn|Power Whip|p2a: Latios\n|-resisted|p2a: Latios\n|-damage|p2a: Latios|74\/100\n|\n|-weather|Sandstorm|[upkeep]\n|-damage|p2a: Latios|68\/100|[from] Sandstorm\n|-heal|p2a: Latios|74\/100|[from] item: Leftovers\n|upkeep\n|turn|7\n|j|+AM\n|j| Rubiaa\n|\n|t:|1663899241\n|switch|p1a: Politoed|Politoed, M, shiny|100\/100\n|-weather|RainDance|[from] ability: Drizzle|[of] p1a: Politoed\n|move|p2a: Latios|Draco Meteor|p1a: Politoed\n|-crit|p1a: Politoed\n|-damage|p1a: Politoed|0 fnt\n|-unboost|p2a: Latios|spa|2\n|faint|p1a: Politoed\n|\n|-weather|RainDance|[upkeep]\n|-heal|p2a: Latios|80\/100|[from] item: Leftovers\n|upkeep\n|\n|t:|1663899249\n|switch|p1a: Latios|Latios, M|100\/100\n|turn|8\n|\n|t:|1663899261\n|switch|p2a: Excadrill|Excadrill, F|100\/100\n|-damage|p2a: Excadrill|97\/100|[from] Stealth Rock\n|move|p1a: Latios|Surf|p2a: Excadrill\n|-supereffective|p2a: Excadrill\n|-damage|p2a: Excadrill|0 fnt\n|faint|p2a: Excadrill\n|\n|-weather|RainDance|[upkeep]\n|upkeep\n|\n|t:|1663899267\n|switch|p2a: Rotom|Rotom-Wash|100\/100\n|-damage|p2a: Rotom|88\/100|[from] Stealth Rock\n|turn|9\n|\n|t:|1663899271\n|switch|p1a: Ferrothorn|Ferrothorn, M|51\/100\n|move|p2a: Rotom|Will-O-Wisp|p1a: Ferrothorn|[miss]\n|-miss|p2a: Rotom|p1a: Ferrothorn\n|\n|-weather|RainDance|[upkeep]\n|-heal|p2a: Rotom|94\/100|[from] item: Leftovers\n|upkeep\n|turn|10\n|\n|t:|1663899279\n|move|p2a: Rotom|Will-O-Wisp|p1a: Ferrothorn\n|-status|p1a: Ferrothorn|brn\n|move|p1a: Ferrothorn|Spikes|p2a: Rotom\n|-sidestart|p2: ayevon|Spikes\n|\n|-weather|RainDance|[upkeep]\n|-heal|p2a: Rotom|100\/100|[from] item: Leftovers\n|-damage|p1a: Ferrothorn|38\/100 brn|[from] brn\n|upkeep\n|turn|11\n|\n|t:|1663899283\n|switch|p2a: Landorus|Landorus-Therian, M|100\/100\n|-damage|p2a: Landorus|88\/100|[from] Stealth Rock\n|-ability|p2a: Landorus|Intimidate|boost\n|-unboost|p1a: Ferrothorn|atk|1\n|move|p1a: Ferrothorn|Spikes|p2a: Landorus\n|-sidestart|p2: ayevon|Spikes\n|\n|-weather|RainDance|[upkeep]\n|-heal|p2a: Landorus|94\/100|[from] item: Leftovers\n|-damage|p1a: Ferrothorn|26\/100 brn|[from] brn\n|upkeep\n|turn|12\n|\n|t:|1663899297\n|switch|p1a: Thundurus|Thundurus-Therian, M|100\/100\n|move|p2a: Landorus|Stealth Rock|p1a: Thundurus\n|-sidestart|p1: SteamBuns|move: Stealth Rock\n|\n|-weather|RainDance|[upkeep]\n|-heal|p2a: Landorus|99\/100|[from] item: Leftovers\n|upkeep\n|turn|13\n|j| a quylthulg\n|\n|t:|1663899303\n|switch|p2a: Latios|Latios, M|80\/100\n|-damage|p2a: Latios|67\/100|[from] Stealth Rock\n|move|p1a: Thundurus|Substitute|p1a: Thundurus\n|-start|p1a: Thundurus|Substitute\n|-damage|p1a: Thundurus|76\/100\n|\n|-weather|RainDance|[upkeep]\n|-heal|p2a: Latios|73\/100|[from] item: Leftovers\n|-heal|p1a: Thundurus|82\/100|[from] item: Leftovers\n|upkeep\n|turn|14\n|\n|t:|1663899308\n|move|p2a: Latios|Surf|p1a: Thundurus\n|-end|p1a: Thundurus|Substitute\n|move|p1a: Thundurus|Hidden Power|p2a: Latios\n|-supereffective|p2a: Latios\n|-damage|p2a: Latios|19\/100\n|\n|-weather|RainDance|[upkeep]\n|-heal|p2a: Latios|25\/100|[from] item: Leftovers\n|-heal|p1a: Thundurus|88\/100|[from] item: Leftovers\n|upkeep\n|turn|15\n|\n|t:|1663899315\n|switch|p1a: Ferrothorn|Ferrothorn, M|26\/100 brn\n|-damage|p1a: Ferrothorn|20\/100 brn|[from] Stealth Rock\n|move|p2a: Latios|Recover|p2a: Latios\n|-heal|p2a: Latios|75\/100\n|\n|-weather|RainDance|[upkeep]\n|-heal|p2a: Latios|81\/100|[from] item: Leftovers\n|-damage|p1a: Ferrothorn|7\/100 brn|[from] brn\n|upkeep\n|turn|16\n|\n|t:|1663899318\n|move|p2a: Latios|Surf|p1a: Ferrothorn\n|-resisted|p1a: Ferrothorn\n|-damage|p1a: Ferrothorn|0 fnt\n|faint|p1a: Ferrothorn\n|\n|-weather|RainDance|[upkeep]\n|-heal|p2a: Latios|87\/100|[from] item: Leftovers\n|upkeep\n|\n|t:|1663899322\n|switch|p1a: Tentacruel|Tentacruel, F|100\/100\n|-damage|p1a: Tentacruel|88\/100|[from] Stealth Rock\n|turn|17\n|\n|t:|1663899326\n|switch|p2a: Rotom|Rotom-Wash|100\/100\n|-damage|p2a: Rotom|88\/100|[from] Stealth Rock\n|move|p1a: Tentacruel|Rapid Spin|p2a: Rotom\n|-damage|p2a: Rotom|86\/100\n|-sideend|p1: SteamBuns|Stealth Rock|[from] move: Rapid Spin|[of] p1a: Tentacruel\n|\n|-weather|RainDance|[upkeep]\n|-heal|p1a: Tentacruel|94\/100|[from] ability: Rain Dish\n|-heal|p1a: Tentacruel|99\/100|[from] item: Black Sludge\n|-heal|p2a: Rotom|92\/100|[from] item: Leftovers\n|upkeep\n|turn|18\n|\n|t:|1663899330\n|move|p1a: Tentacruel|Substitute|p1a: Tentacruel\n|-start|p1a: Tentacruel|Substitute\n|-damage|p1a: Tentacruel|75\/100\n|move|p2a: Rotom|Will-O-Wisp||[still]\n|-fail|p2a: Rotom\n|\n|-weather|RainDance|[upkeep]\n|-heal|p1a: Tentacruel|81\/100|[from] ability: Rain Dish\n|-heal|p1a: Tentacruel|87\/100|[from] item: Black Sludge\n|-heal|p2a: Rotom|98\/100|[from] item: Leftovers\n|upkeep\n|turn|19\n|\n|t:|1663899335\n|move|p1a: Tentacruel|Scald|p2a: Rotom\n|-resisted|p2a: Rotom\n|-damage|p2a: Rotom|82\/100\n|-status|p2a: Rotom|brn\n|move|p2a: Rotom|Volt Switch|p1a: Tentacruel\n|-supereffective|p1a: Tentacruel\n|-end|p1a: Tentacruel|Substitute\n|\n|t:|1663899342\n|switch|p2a: Latios|Latios, M|87\/100|[from]move: Volt Switch\n|-damage|p2a: Latios|75\/100|[from] Stealth Rock\n|\n|-weather|RainDance|[upkeep]\n|-heal|p1a: Tentacruel|93\/100|[from] ability: Rain Dish\n|-heal|p2a: Latios|81\/100|[from] item: Leftovers\n|-heal|p1a: Tentacruel|99\/100|[from] item: Black Sludge\n|upkeep\n|turn|20\n|\n|t:|1663899351\n|move|p2a: Latios|Draco Meteor|p1a: Tentacruel\n|-damage|p1a: Tentacruel|39\/100\n|-unboost|p2a: Latios|spa|2\n|move|p1a: Tentacruel|Scald|p2a: Latios\n|-resisted|p2a: Latios\n|-damage|p2a: Latios|62\/100\n|\n|-weather|RainDance|[upkeep]\n|-heal|p1a: Tentacruel|45\/100|[from] ability: Rain Dish\n|-heal|p2a: Latios|68\/100|[from] item: Leftovers\n|-heal|p1a: Tentacruel|51\/100|[from] item: Black Sludge\n|upkeep\n|turn|21\n|\n|t:|1663899357\n|move|p2a: Latios|Draco Meteor|p1a: Tentacruel\n|-damage|p1a: Tentacruel|21\/100\n|-unboost|p2a: Latios|spa|2\n|move|p1a: Tentacruel|Substitute|p1a: Tentacruel\n|-fail|p1a: Tentacruel|move: Substitute|[weak]\n|\n|-weather|RainDance|[upkeep]\n|-heal|p1a: Tentacruel|27\/100|[from] ability: Rain Dish\n|-heal|p2a: Latios|74\/100|[from] item: Leftovers\n|-heal|p1a: Tentacruel|33\/100|[from] item: Black Sludge\n|upkeep\n|turn|22\n|\n|t:|1663899361\n|switch|p2a: Keldeo|Keldeo|100\/100\n|-damage|p2a: Keldeo|94\/100|[from] Stealth Rock\n|-damage|p2a: Keldeo|78\/100|[from] Spikes\n|move|p1a: Tentacruel|Protect||[still]\n|-fail|p1a: Tentacruel\n|\n|-weather|RainDance|[upkeep]\n|-heal|p1a: Tentacruel|39\/100|[from] ability: Rain Dish\n|-heal|p1a: Tentacruel|45\/100|[from] item: Black Sludge\n|upkeep\n|turn|23\n|\n|t:|1663899386\n|switch|p1a: Latios|Latios, M|100\/100\n|move|p2a: Keldeo|Secret Sword|p1a: Latios\n|-resisted|p1a: Latios\n|-damage|p1a: Latios|60\/100\n|\n|-weather|RainDance|[upkeep]\n|upkeep\n|turn|24\n|j| BrillaintStar\n|\n|t:|1663899397\n|switch|p2a: Rotom|Rotom-Wash|82\/100 brn\n|-damage|p2a: Rotom|70\/100 brn|[from] Stealth Rock\n|move|p1a: Latios|Draco Meteor|p2a: Rotom\n|-damage|p2a: Rotom|9\/100 brn\n|-unboost|p1a: Latios|spa|2\n|\n|-weather|RainDance|[upkeep]\n|-heal|p2a: Rotom|16\/100 brn|[from] item: Leftovers\n|-damage|p2a: Rotom|3\/100 brn|[from] brn\n|upkeep\n|turn|25\n|\n|t:|1663899411\n|move|p1a: Latios|Draco Meteor|p2a: Rotom\n|-damage|p2a: Rotom|0 fnt\n|-unboost|p1a: Latios|spa|2\n|faint|p2a: Rotom\n|\n|-weather|RainDance|[upkeep]\n|upkeep\n|\n|t:|1663899415\n|switch|p2a: Landorus|Landorus-Therian, M|99\/100\n|-damage|p2a: Landorus|88\/100|[from] Stealth Rock\n|-ability|p2a: Landorus|Intimidate|boost\n|-unboost|p1a: Latios|atk|1\n|turn|26\n|\n|t:|1663899426\n|switch|p1a: Tentacruel|Tentacruel, F|45\/100\n|move|p2a: Landorus|Stealth Rock|p1a: Tentacruel\n|-sidestart|p1: SteamBuns|move: Stealth Rock\n|\n|-weather|RainDance|[upkeep]\n|-heal|p1a: Tentacruel|51\/100|[from] ability: Rain Dish\n|-heal|p1a: Tentacruel|57\/100|[from] item: Black Sludge\n|-heal|p2a: Landorus|94\/100|[from] item: Leftovers\n|upkeep\n|turn|27\n|\n|t:|1663899432\n|move|p1a: Tentacruel|Scald|p2a: Landorus\n|-supereffective|p2a: Landorus\n|-damage|p2a: Landorus|3\/100\n|move|p2a: Landorus|Earthquake|p1a: Tentacruel\n|-supereffective|p1a: Tentacruel\n|-damage|p1a: Tentacruel|0 fnt\n|faint|p1a: Tentacruel\n|\n|-weather|RainDance|[upkeep]\n|-heal|p2a: Landorus|9\/100|[from] item: Leftovers\n|upkeep\n|\n|t:|1663899448\n|switch|p1a: Latios|Latios, M|60\/100\n|-damage|p1a: Latios|48\/100|[from] Stealth Rock\n|turn|28\n|\n|t:|1663899451\n|switch|p2a: Latios|Latios, M|74\/100\n|-damage|p2a: Latios|62\/100|[from] Stealth Rock\n|move|p1a: Latios|Dragon Pulse|p2a: Latios\n|-supereffective|p2a: Latios\n|-damage|p2a: Latios|0 fnt\n|faint|p2a: Latios\n|\n|-weather|RainDance|[upkeep]\n|upkeep\n|-message|ayevon forfeited.\n|\n|win|SteamBuns\n|n|\u2606SteamBuns|steambuns\n|n|\u2606ayevon|ayevon\n|n| BB-8-NU|bb8nu\n|n| Cry$ta1|cryta1\n|n| Argus Nidra|argusnidra\n|n| ibbysonlyfan|ibbysonlyfan\n|n|+AM|am\n|n| Rubiaa|rubiaa\n|n| a quylthulg|aquylthulg\n|n| BrillaintStar|brillaintstar\n","uploadtime":1663899456,"views":6,"p1id":"steambuns","p2id":"ayevon","formatid":"gen5ou","rating":0,"private":0,"password":null}