{"id":"gen5ubers-1634268293","p1":"Holy Tpc","p2":"alvar03","format":"gen5ubers","log":"|j|\u2606Holy Tpc\n|j|\u2606alvar03\n|t:|1659883160\n|gametype|singles\n|player|p1|Holy Tpc|nessa-masters|\n|player|p2|alvar03|alder|\n|teamsize|p1|6\n|teamsize|p2|6\n|gen|5\n|tier|[Gen 5] Ubers\n|rated|Tournament battle\n|rule|Species Clause: Limit one of each Pok\u00e9mon\n|rule|OHKO Clause: OHKO moves are banned\n|rule|Moody Clause: Moody is banned\n|rule|Evasion Moves Clause: Evasion moves are banned\n|rule|Endless Battle Clause: Forcing endless battles is banned\n|rule|HP Percentage Mod: HP is shown in percentages\n|rule|Sleep Clause Mod: Limit one foe put to sleep\n|clearpoke\n|poke|p1|Froslass, F|item\n|poke|p1|Kyogre|item\n|poke|p1|Dialga|item\n|poke|p1|Giratina-Origin|item\n|poke|p1|Genesect|item\n|poke|p1|Kabutops, F|item\n|poke|p2|Tyranitar, F|item\n|poke|p2|Arceus-*|item\n|poke|p2|Excadrill, F|item\n|poke|p2|Latias, F|item\n|poke|p2|Terrakion|item\n|poke|p2|Giratina-Origin|item\n|teampreview\n|inactive|Battle timer is ON: inactive players will automatically lose when time's up. (requested by Holy Tpc)\n|c|\u2606alvar03|hf\n|c|\u2606Holy Tpc|hf\n|\n|t:|1659883187\n|start\n|switch|p1a: Genesect|Genesect|100\/100\n|switch|p2a: Giratina|Giratina-Origin|100\/100\n|-ability|p1a: Genesect|Download|boost\n|-boost|p1a: Genesect|spa|1\n|turn|1\n|\n|t:|1659883196\n|move|p1a: Genesect|U-turn|p2a: Giratina\n|-resisted|p2a: Giratina\n|-damage|p2a: Giratina|87\/100\n|\n|t:|1659883205\n|switch|p1a: Dialga|Dialga|100\/100|[from]move: U-turn\n|-ability|p1a: Dialga|Pressure\n|move|p2a: Giratina|Draco Meteor|p1a: Dialga\n|-damage|p1a: Dialga|14\/100\n|-unboost|p2a: Giratina|spa|2\n|\n|upkeep\n|turn|2\n|\n|t:|1659883212\n|switch|p2a: Tyranitar|Tyranitar, F|100\/100\n|-weather|Sandstorm|[from] ability: Sand Stream|[of] p2a: Tyranitar\n|move|p1a: Dialga|Stealth Rock|p2a: Tyranitar\n|-sidestart|p2: alvar03|move: Stealth Rock\n|\n|-weather|Sandstorm|[upkeep]\n|upkeep\n|turn|3\n|\n|t:|1659883223\n|switch|p1a: Genesect|Genesect|100\/100\n|-ability|p1a: Genesect|Download|boost\n|-boost|p1a: Genesect|atk|1\n|move|p2a: Tyranitar|Stealth Rock|p1a: Genesect\n|-sidestart|p1: Holy Tpc|move: Stealth Rock\n|\n|-weather|Sandstorm|[upkeep]\n|upkeep\n|turn|4\n|\n|t:|1659883231\n|switch|p2a: Arceus|Arceus-Steel|100\/100\n|-damage|p2a: Arceus|94\/100|[from] Stealth Rock\n|move|p1a: Genesect|U-turn|p2a: Arceus\n|-resisted|p2a: Arceus\n|-damage|p2a: Arceus|78\/100\n|\n|t:|1659883240\n|switch|p1a: Kyogre|Kyogre|100\/100|[from]move: U-turn\n|-damage|p1a: Kyogre|88\/100|[from] Stealth Rock\n|-weather|RainDance|[from] ability: Drizzle|[of] p1a: Kyogre\n|\n|-weather|RainDance|[upkeep]\n|-heal|p1a: Kyogre|94\/100|[from] item: Leftovers\n|upkeep\n|turn|5\n|\n|t:|1659883254\n|switch|p2a: Latias|Latias, F|100\/100\n|-damage|p2a: Latias|88\/100|[from] Stealth Rock\n|switch|p1a: Dialga|Dialga|14\/100\n|-damage|p1a: Dialga|8\/100|[from] Stealth Rock\n|-ability|p1a: Dialga|Pressure\n|\n|-weather|RainDance|[upkeep]\n|upkeep\n|turn|6\n|\n|t:|1659883259\n|switch|p2a: Arceus|Arceus-Steel|78\/100\n|-damage|p2a: Arceus|72\/100|[from] Stealth Rock\n|move|p1a: Dialga|Draco Meteor|p2a: Arceus\n|-resisted|p2a: Arceus\n|-damage|p2a: Arceus|31\/100\n|-unboost|p1a: Dialga|spa|2\n|-damage|p1a: Dialga|0 fnt|[from] item: Life Orb\n|faint|p1a: Dialga\n|\n|-weather|RainDance|[upkeep]\n|upkeep\n|\n|t:|1659883271\n|switch|p1a: Kabutops|Kabutops, F|100\/100\n|-damage|p1a: Kabutops|88\/100|[from] Stealth Rock\n|turn|7\n|\n|t:|1659883276\n|move|p1a: Kabutops|Waterfall|p2a: Arceus\n|-damage|p2a: Arceus|0 fnt\n|faint|p2a: Arceus\n|-damage|p1a: Kabutops|78\/100|[from] item: Life Orb\n|\n|-weather|RainDance|[upkeep]\n|upkeep\n|\n|t:|1659883279\n|switch|p2a: Giratina|Giratina-Origin|87\/100\n|-damage|p2a: Giratina|75\/100|[from] Stealth Rock\n|turn|8\n|\n|t:|1659883289\n|move|p1a: Kabutops|Stone Edge|p2a: Giratina\n|-damage|p2a: Giratina|19\/100\n|-damage|p1a: Kabutops|68\/100|[from] item: Life Orb\n|move|p2a: Giratina|Draco Meteor|p1a: Kabutops|[miss]\n|-miss|p2a: Giratina|p1a: Kabutops\n|\n|-weather|RainDance|[upkeep]\n|upkeep\n|turn|9\n|c|\u2606Holy Tpc|sorry\n|\n|t:|1659883306\n|move|p2a: Giratina|Shadow Sneak|p1a: Kabutops\n|-damage|p1a: Kabutops|37\/100\n|move|p1a: Kabutops|Waterfall|p2a: Giratina\n|-resisted|p2a: Giratina\n|-damage|p2a: Giratina|0 fnt\n|faint|p2a: Giratina\n|-damage|p1a: Kabutops|27\/100|[from] item: Life Orb\n|\n|-weather|RainDance|[upkeep]\n|upkeep\n|\n|t:|1659883312\n|switch|p2a: Tyranitar|Tyranitar, F|100\/100\n|-damage|p2a: Tyranitar|88\/100|[from] Stealth Rock\n|-weather|Sandstorm|[from] ability: Sand Stream|[of] p2a: Tyranitar\n|turn|10\n|\n|t:|1659883318\n|switch|p2a: Latias|Latias, F|88\/100\n|-damage|p2a: Latias|76\/100|[from] Stealth Rock\n|move|p1a: Kabutops|Low Kick|p2a: Latias\n|-resisted|p2a: Latias\n|-damage|p2a: Latias|61\/100\n|-damage|p1a: Kabutops|17\/100|[from] item: Life Orb\n|\n|-weather|Sandstorm|[upkeep]\n|-damage|p2a: Latias|55\/100|[from] Sandstorm\n|upkeep\n|turn|11\n|\n|t:|1659883341\n|move|p2a: Latias|Dragon Pulse|p1a: Kabutops\n|-damage|p1a: Kabutops|0 fnt\n|faint|p1a: Kabutops\n|\n|-weather|Sandstorm|[upkeep]\n|-damage|p2a: Latias|49\/100|[from] Sandstorm\n|upkeep\n|\n|t:|1659883344\n|switch|p1a: Genesect|Genesect|100\/100\n|-damage|p1a: Genesect|88\/100|[from] Stealth Rock\n|-ability|p1a: Genesect|Download|boost\n|-boost|p1a: Genesect|atk|1\n|turn|12\n|\n|t:|1659883349\n|switch|p2a: Excadrill|Excadrill, F|100\/100\n|-damage|p2a: Excadrill|97\/100|[from] Stealth Rock\n|move|p1a: Genesect|U-turn|p2a: Excadrill\n|-resisted|p2a: Excadrill\n|-damage|p2a: Excadrill|58\/100\n|\n|t:|1659883358\n|switch|p1a: Giratina|Giratina-Origin, shiny|100\/100|[from]move: U-turn\n|-damage|p1a: Giratina|88\/100|[from] Stealth Rock\n|\n|-weather|Sandstorm|[upkeep]\n|-damage|p1a: Giratina|82\/100|[from] Sandstorm\n|-heal|p2a: Excadrill|64\/100|[from] item: Leftovers\n|upkeep\n|turn|13\n|\n|t:|1659883363\n|move|p2a: Excadrill|Shadow Claw|p1a: Giratina\n|-supereffective|p1a: Giratina\n|-damage|p1a: Giratina|46\/100\n|move|p1a: Giratina|Earthquake|p2a: Excadrill\n|-supereffective|p2a: Excadrill\n|-damage|p2a: Excadrill|0 fnt\n|faint|p2a: Excadrill\n|\n|-weather|Sandstorm|[upkeep]\n|-damage|p1a: Giratina|40\/100|[from] Sandstorm\n|upkeep\n|\n|t:|1659883372\n|switch|p2a: Tyranitar|Tyranitar, F|88\/100\n|-damage|p2a: Tyranitar|76\/100|[from] Stealth Rock\n|turn|14\n|\n|t:|1659883377\n|move|p1a: Giratina|Earthquake|p2a: Tyranitar\n|-supereffective|p2a: Tyranitar\n|-damage|p2a: Tyranitar|20\/100\n|move|p2a: Tyranitar|Crunch|p1a: Giratina\n|-supereffective|p1a: Giratina\n|-damage|p1a: Giratina|0 fnt\n|faint|p1a: Giratina\n|\n|-weather|Sandstorm|[upkeep]\n|-heal|p2a: Tyranitar|26\/100|[from] item: Leftovers\n|upkeep\n|\n|t:|1659883385\n|switch|p1a: Kyogre|Kyogre|94\/100\n|-damage|p1a: Kyogre|82\/100|[from] Stealth Rock\n|-weather|RainDance|[from] ability: Drizzle|[of] p1a: Kyogre\n|turn|15\n|\n|t:|1659883392\n|switch|p2a: Latias|Latias, F|49\/100\n|-damage|p2a: Latias|37\/100|[from] Stealth Rock\n|move|p1a: Kyogre|Scald|p2a: Latias\n|-resisted|p2a: Latias\n|-damage|p2a: Latias|21\/100\n|\n|-weather|RainDance|[upkeep]\n|-heal|p1a: Kyogre|88\/100|[from] item: Leftovers\n|upkeep\n|turn|16\n|\n|t:|1659883399\n|switch|p1a: Froslass|Froslass, F|100\/100\n|-damage|p1a: Froslass|76\/100|[from] Stealth Rock\n|move|p2a: Latias|Psyshock|p1a: Froslass\n|-damage|p1a: Froslass|7\/100\n|\n|-weather|RainDance|[upkeep]\n|upkeep\n|turn|17\n|\n|t:|1659883410\n|move|p1a: Froslass|Icy Wind|p2a: Latias\n|-supereffective|p2a: Latias\n|-damage|p2a: Latias|2\/100\n|-unboost|p2a: Latias|spe|1\n|move|p2a: Latias|Dragon Pulse|p1a: Froslass\n|-damage|p1a: Froslass|0 fnt\n|-start|p2a: Latias|Disable|Dragon Pulse|[from] ability: Cursed Body|[of] p1a: Froslass\n|faint|p1a: Froslass\n|\n|-weather|RainDance|[upkeep]\n|upkeep\n|\n|t:|1659883417\n|switch|p1a: Genesect|Genesect|88\/100\n|-damage|p1a: Genesect|76\/100|[from] Stealth Rock\n|-ability|p1a: Genesect|Download|boost\n|-boost|p1a: Genesect|atk|1\n|turn|18\n|\n|t:|1659883420\n|move|p1a: Genesect|Iron Head|p2a: Latias\n|-damage|p2a: Latias|0 fnt\n|faint|p2a: Latias\n|\n|-weather|RainDance|[upkeep]\n|upkeep\n|\n|t:|1659883438\n|switch|p2a: Terrakion|Terrakion|100\/100\n|-damage|p2a: Terrakion|94\/100|[from] Stealth Rock\n|turn|19\n|\n|t:|1659883441\n|move|p2a: Terrakion|Close Combat|p1a: Genesect\n|-damage|p1a: Genesect|0 fnt\n|-unboost|p2a: Terrakion|def|1\n|-unboost|p2a: Terrakion|spd|1\n|faint|p1a: Genesect\n|\n|-weather|RainDance|[upkeep]\n|upkeep\n|j|+AM\n|\n|t:|1659883444\n|switch|p1a: Kyogre|Kyogre|88\/100\n|-damage|p1a: Kyogre|76\/100|[from] Stealth Rock\n|turn|20\n|\n|t:|1659883448\n|switch|p2a: Tyranitar|Tyranitar, F|26\/100\n|-damage|p2a: Tyranitar|14\/100|[from] Stealth Rock\n|-weather|Sandstorm|[from] ability: Sand Stream|[of] p2a: Tyranitar\n|move|p1a: Kyogre|Scald|p2a: Tyranitar\n|-supereffective|p2a: Tyranitar\n|-crit|p2a: Tyranitar\n|-damage|p2a: Tyranitar|0 fnt\n|faint|p2a: Tyranitar\n|\n|-weather|Sandstorm|[upkeep]\n|-damage|p1a: Kyogre|69\/100|[from] Sandstorm\n|-heal|p1a: Kyogre|76\/100|[from] item: Leftovers\n|upkeep\n|\n|t:|1659883450\n|switch|p2a: Terrakion|Terrakion|94\/100\n|-damage|p2a: Terrakion|88\/100|[from] Stealth Rock\n|turn|21\n|j| The Delta Maybca\u2606\u301c\n|\n|t:|1659883463\n|move|p2a: Terrakion|Close Combat|p1a: Kyogre\n|-crit|p1a: Kyogre\n|-damage|p1a: Kyogre|0 fnt\n|-unboost|p2a: Terrakion|def|1\n|-unboost|p2a: Terrakion|spd|1\n|faint|p1a: Kyogre\n|\n|win|alvar03\n|n|\u2606Holy Tpc|holytpc\n|n|\u2606alvar03|alvar03\n|n|+AM|am\n|n| The Delta Maybca\u2606\u301c|thedeltamaybca\n|c|\u2606Holy Tpc|gg\n|c|\u2606alvar03|gg\n|l|+AM\n|l| The Delta Maybca\u2606\u301c\n","uploadtime":1659883465,"views":3,"p1id":"holytpc","p2id":"alvar03","formatid":"gen5ubers","rating":0,"private":0,"password":null}