{"id":"gen5ubers-1391966314","p1":"OGamer289","p2":"klaustrophob97","format":"gen5ubers","log":"|j|\u2606OGamer289\n|j|\u2606klaustrophob97\n|t:|1628340658\n|gametype|singles\n|player|p1|OGamer289|153|\n|player|p2|klaustrophob97|169|\n|teamsize|p1|6\n|teamsize|p2|6\n|gen|5\n|tier|[Gen 5] Ubers\n|rule|Species Clause: Limit one of each Pok\u00e9mon\n|rule|OHKO Clause: OHKO moves are banned\n|rule|Moody Clause: Moody is banned\n|rule|Evasion Moves Clause: Evasion moves are banned\n|rule|Endless Battle Clause: Forcing endless battles is banned\n|rule|HP Percentage Mod: HP is shown in percentages\n|rule|Sleep Clause Mod: Limit one foe put to sleep\n|clearpoke\n|poke|p1|Snorlax, M|item\n|poke|p1|Ho-Oh|item\n|poke|p1|Dialga|item\n|poke|p1|Arceus-*|item\n|poke|p1|Blastoise, M|item\n|poke|p1|Salamence, M|item\n|poke|p2|Arceus-*|item\n|poke|p2|Groudon|item\n|poke|p2|Reshiram|item\n|poke|p2|Jirachi|item\n|poke|p2|Cofagrigus, F|item\n|poke|p2|Mandibuzz, F|item\n|teampreview\n|c|\u2606klaustrophob97|Gl hf\n|c|\u2606OGamer289|danke dir auch\n|\n|t:|1628340697\n|start\n|switch|p1a: Dialga|Dialga|100\/100\n|switch|p2a: Atem|Cofagrigus, F|100\/100\n|-ability|p1a: Dialga|Pressure\n|turn|1\n|\n|t:|1628340707\n|move|p1a: Dialga|Stealth Rock|p2a: Atem\n|-sidestart|p2: klaustrophob97|move: Stealth Rock\n|move|p2a: Atem|Trick Room|p2a: Atem\n|-fieldstart|move: Trick Room|[of] p2a: Atem\n|\n|upkeep\n|turn|2\n|\n|t:|1628340711\n|move|p2a: Atem|Knock Off|p1a: Dialga\n|-resisted|p1a: Dialga\n|-damage|p1a: Dialga|99\/100\n|-enditem|p1a: Dialga|Expert Belt|[from] move: Knock Off|[of] p2a: Atem\n|move|p1a: Dialga|Draco Meteor|p2a: Atem\n|-damage|p2a: Atem|37\/100\n|-unboost|p1a: Dialga|spa|2\n|\n|upkeep\n|turn|3\n|\n|t:|1628340732\n|switch|p2a: Omega|Groudon|100\/100\n|-damage|p2a: Omega|94\/100|[from] Stealth Rock\n|-weather|SunnyDay|[from] ability: Drought|[of] p2a: Omega\n|move|p1a: Dialga|Draco Meteor|p2a: Omega\n|-damage|p2a: Omega|57\/100\n|-unboost|p1a: Dialga|spa|2\n|\n|-weather|SunnyDay|[upkeep]\n|upkeep\n|turn|4\n|\n|t:|1628340746\n|switch|p1a: Blastoise|Blastoise, M|100\/100\n|move|p2a: Omega|Swords Dance|p2a: Omega\n|-boost|p2a: Omega|atk|2\n|\n|-weather|SunnyDay|[upkeep]\n|upkeep\n|turn|5\n|\n|t:|1628340752\n|move|p1a: Blastoise|Ice Beam|p2a: Omega\n|-supereffective|p2a: Omega\n|-damage|p2a: Omega|20\/100\n|move|p2a: Omega|Earthquake|p1a: Blastoise\n|-damage|p1a: Blastoise|15\/100\n|\n|-weather|SunnyDay|[upkeep]\n|-heal|p1a: Blastoise|21\/100|[from] item: Leftovers\n|-fieldend|move: Trick Room\n|upkeep\n|turn|6\n|\n|t:|1628340780\n|move|p2a: Omega|Rock Slide|p1a: Blastoise\n|-damage|p1a: Blastoise|0 fnt\n|faint|p1a: Blastoise\n|\n|-weather|SunnyDay|[upkeep]\n|upkeep\n|\n|t:|1628340791\n|switch|p1a: Salamence|Salamence, M|100\/100\n|turn|7\n|\n|t:|1628340797\n|switch|p2a: Atem|Cofagrigus, F|37\/100\n|-damage|p2a: Atem|25\/100|[from] Stealth Rock\n|move|p1a: Salamence|Earthquake|p2a: Atem\n|-damage|p2a: Atem|0 fnt\n|faint|p2a: Atem\n|-ability|p1a: Salamence|Moxie|boost\n|-boost|p1a: Salamence|atk|1\n|\n|-weather|SunnyDay|[upkeep]\n|upkeep\n|\n|t:|1628340820\n|switch|p2a: Fogel|Mandibuzz, F|100\/100\n|-damage|p2a: Fogel|76\/100|[from] Stealth Rock\n|turn|8\n|\n|t:|1628340832\n|switch|p1a: Dialga|Dialga|99\/100\n|-ability|p1a: Dialga|Pressure\n|move|p2a: Fogel|U-turn|p1a: Dialga\n|-resisted|p1a: Dialga\n|-damage|p1a: Dialga|94\/100\n|\n|t:|1628340841\n|switch|p2a: Omega|Groudon|20\/100|[from]move: U-turn\n|-damage|p2a: Omega|14\/100|[from] Stealth Rock\n|\n|-weather|SunnyDay|[upkeep]\n|upkeep\n|turn|9\n|\n|t:|1628340852\n|move|p1a: Dialga|Ice Beam|p2a: Omega\n|-supereffective|p2a: Omega\n|-damage|p2a: Omega|0 fnt\n|faint|p2a: Omega\n|\n|-weather|SunnyDay|[upkeep]\n|upkeep\n|\n|t:|1628340869\n|switch|p2a: Miss Eye|Reshiram|100\/100\n|-damage|p2a: Miss Eye|76\/100|[from] Stealth Rock\n|-ability|p2a: Miss Eye|Turboblaze\n|turn|10\n|\n|t:|1628340883\n|switch|p1a: Ho-Oh|Ho-Oh|100\/100\n|move|p2a: Miss Eye|Blue Flare|p1a: Ho-Oh\n|-resisted|p1a: Ho-Oh\n|-damage|p1a: Ho-Oh|79\/100\n|\n|-weather|SunnyDay|[upkeep]\n|-heal|p1a: Ho-Oh|85\/100|[from] item: Leftovers\n|upkeep\n|turn|11\n|\n|t:|1628340890\n|move|p1a: Ho-Oh|Toxic|p2a: Miss Eye\n|-status|p2a: Miss Eye|tox\n|move|p2a: Miss Eye|Rock Slide|p1a: Ho-Oh\n|-supereffective|p1a: Ho-Oh\n|-damage|p1a: Ho-Oh|0 fnt\n|faint|p1a: Ho-Oh\n|\n|-weather|SunnyDay|[upkeep]\n|-damage|p2a: Miss Eye|69\/100 tox|[from] psn\n|upkeep\n|\n|t:|1628340899\n|switch|p1a: Salamence|Salamence, M|100\/100\n|turn|12\n|\n|t:|1628340914\n|move|p1a: Salamence|Dragon Claw|p2a: Miss Eye\n|-supereffective|p2a: Miss Eye\n|-enditem|p2a: Miss Eye|Haban Berry|[eat]\n|-enditem|p2a: Miss Eye|Haban Berry|[weaken]\n|-damage|p2a: Miss Eye|34\/100 tox\n|move|p2a: Miss Eye|Outrage|p1a: Salamence\n|-supereffective|p1a: Salamence\n|-damage|p1a: Salamence|0 fnt\n|faint|p1a: Salamence\n|\n|-weather|SunnyDay|[upkeep]\n|-damage|p2a: Miss Eye|22\/100 tox|[from] psn\n|upkeep\n|\n|t:|1628340920\n|switch|p1a: Arceus|Arceus|100\/100\n|turn|13\n|\n|t:|1628340928\n|move|p1a: Arceus|Calm Mind|p1a: Arceus\n|-boost|p1a: Arceus|spa|1\n|-boost|p1a: Arceus|spd|1\n|move|p2a: Miss Eye|Outrage|p1a: Arceus|[from]lockedmove\n|-damage|p1a: Arceus|49\/100\n|-enditem|p1a: Arceus|Sitrus Berry|[eat]\n|-heal|p1a: Arceus|74\/100|[from] item: Sitrus Berry\n|-start|p2a: Miss Eye|confusion|[fatigue]\n|\n|-weather|SunnyDay|[upkeep]\n|-damage|p2a: Miss Eye|3\/100 tox|[from] psn\n|upkeep\n|turn|14\n|\n|t:|1628340946\n|move|p1a: Arceus|Judgment|p2a: Miss Eye\n|-damage|p2a: Miss Eye|0 fnt\n|faint|p2a: Miss Eye\n|\n|-weather|SunnyDay|[upkeep]\n|upkeep\n|\n|t:|1628340968\n|switch|p2a: Sternentr\u00e4ue|Jirachi|100\/100\n|-damage|p2a: Sternentr\u00e4ue|94\/100|[from] Stealth Rock\n|turn|15\n|\n|t:|1628340975\n|move|p2a: Sternentr\u00e4ue|Trick|p1a: Arceus\n|-activate|p2a: Sternentr\u00e4ue|move: Trick|[of] p1a: Arceus\n|-item|p1a: Arceus|Choice Scarf|[from] move: Trick\n|-enditem|p2a: Sternentr\u00e4ue|Choice Scarf|[silent]|[from] move: Trick\n|move|p1a: Arceus|Focus Blast|p2a: Sternentr\u00e4ue\n|-damage|p2a: Sternentr\u00e4ue|41\/100\n|\n|-weather|SunnyDay|[upkeep]\n|upkeep\n|turn|16\n|\n|t:|1628340988\n|move|p1a: Arceus|Focus Blast|p2a: Sternentr\u00e4ue\n|-damage|p2a: Sternentr\u00e4ue|0 fnt\n|faint|p2a: Sternentr\u00e4ue\n|\n|-weather|SunnyDay|[upkeep]\n|upkeep\n|\n|t:|1628340993\n|switch|p2a: Allah|Arceus-Dark|100\/100\n|-damage|p2a: Allah|88\/100|[from] Stealth Rock\n|turn|17\n|\n|t:|1628340998\n|move|p2a: Allah|Protect|p2a: Allah\n|-singleturn|p2a: Allah|Protect\n|move|p1a: Arceus|Focus Blast|p2a: Allah\n|-activate|p2a: Allah|move: Protect\n|\n|-weather|SunnyDay|[upkeep]\n|upkeep\n|turn|18\n|\n|t:|1628341005\n|move|p1a: Arceus|Focus Blast|p2a: Allah\n|-supereffective|p2a: Allah\n|-damage|p2a: Allah|2\/100\n|move|p2a: Allah|Toxic|p1a: Arceus\n|-status|p1a: Arceus|tox\n|\n|-weather|SunnyDay|[upkeep]\n|-damage|p1a: Arceus|68\/100 tox|[from] psn\n|upkeep\n|turn|19\n|\n|t:|1628341017\n|move|p1a: Arceus|Focus Blast|p2a: Allah\n|-supereffective|p2a: Allah\n|-damage|p2a: Allah|0 fnt\n|faint|p2a: Allah\n|\n|-weather|SunnyDay|[upkeep]\n|-damage|p1a: Arceus|56\/100 tox|[from] psn\n|upkeep\n|\n|t:|1628341023\n|switch|p2a: Fogel|Mandibuzz, F|76\/100\n|-damage|p2a: Fogel|51\/100|[from] Stealth Rock\n|turn|20\n|c|\u2606OGamer289|ja gut\n|\n|t:|1628341027\n|move|p1a: Arceus|Focus Blast|p2a: Fogel|[miss]\n|-miss|p1a: Arceus|p2a: Fogel\n|move|p2a: Fogel|Roost|p2a: Fogel\n|-heal|p2a: Fogel|100\/100\n|-singleturn|p2a: Fogel|move: Roost\n|\n|-weather|SunnyDay|[upkeep]\n|-damage|p1a: Arceus|38\/100 tox|[from] psn\n|upkeep\n|turn|21\n|c|\u2606OGamer289|ah hax\n|\n|t:|1628341037\n|move|p1a: Arceus|Focus Blast|p2a: Fogel\n|-damage|p2a: Fogel|43\/100\n|move|p2a: Fogel|Roost|p2a: Fogel\n|-heal|p2a: Fogel|93\/100\n|-singleturn|p2a: Fogel|move: Roost\n|\n|-weather|SunnyDay|[upkeep]\n|-damage|p1a: Arceus|14\/100 tox|[from] psn\n|upkeep\n|turn|22\n|\n|t:|1628341046\n|move|p1a: Arceus|Focus Blast|p2a: Fogel\n|-damage|p2a: Fogel|40\/100\n|move|p2a: Fogel|Roost|p2a: Fogel\n|-heal|p2a: Fogel|90\/100\n|-singleturn|p2a: Fogel|move: Roost\n|\n|-weather|SunnyDay|[upkeep]\n|-damage|p1a: Arceus|0 fnt|[from] psn\n|faint|p1a: Arceus\n|upkeep\n|\n|t:|1628341058\n|switch|p1a: Dialga|Dialga|94\/100\n|-ability|p1a: Dialga|Pressure\n|turn|23\n|\n|t:|1628341063\n|move|p1a: Dialga|Ice Beam|p2a: Fogel\n|-supereffective|p2a: Fogel\n|-damage|p2a: Fogel|29\/100\n|move|p2a: Fogel|Roost|p2a: Fogel\n|-heal|p2a: Fogel|79\/100\n|-singleturn|p2a: Fogel|move: Roost\n|\n|-weather|SunnyDay|[upkeep]\n|upkeep\n|turn|24\n|\n|t:|1628341071\n|move|p1a: Dialga|Ice Beam|p2a: Fogel\n|-supereffective|p2a: Fogel\n|-damage|p2a: Fogel|18\/100\n|move|p2a: Fogel|Foul Play|p1a: Dialga\n|-resisted|p1a: Dialga\n|-damage|p1a: Dialga|81\/100\n|\n|-weather|SunnyDay|[upkeep]\n|upkeep\n|turn|25\n|c|\u2606klaustrophob97|gg\n|\n|t:|1628341079\n|move|p1a: Dialga|Ice Beam|p2a: Fogel\n|-supereffective|p2a: Fogel\n|-damage|p2a: Fogel|0 fnt\n|faint|p2a: Fogel\n|\n|win|OGamer289\n|c|\u2606OGamer289|gg 15 minuten team regelt\n|c|\u2606OGamer289|ab jetzt immer so\n","uploadtime":1628341086,"views":21,"p1id":"ogamer289","p2id":"klaustrophob97","formatid":"gen5ubers","rating":0,"private":0,"password":null}