{"id":"gen5ou-1699557517","p1":"Real Randy","p2":"j_albacino023","format":"gen5ou","log":"|j|\u2606Real Randy\n|j|\u2606j_albacino023\n|t:|1667245787\n|gametype|singles\n|player|p1|Real Randy|psychic-gen2|\n|player|p2|j_albacino023|101|\n|teamsize|p1|6\n|teamsize|p2|6\n|gen|5\n|tier|[Gen 5] OU\n|rated|Tournament battle\n|rule|Species Clause: Limit one of each Pok\u00e9mon\n|rule|OHKO Clause: OHKO moves are banned\n|rule|Moody Clause: Moody is banned\n|rule|Evasion Items Clause: Evasion items are banned\n|rule|Evasion Moves Clause: Evasion moves are banned\n|rule|Endless Battle Clause: Forcing endless battles is banned\n|rule|HP Percentage Mod: HP is shown in percentages\n|rule|Evasion Abilities Clause: Evasion abilities are banned\n|rule|Sleep Clause: Sleep-inducing moves are banned\n|rule|Swagger Clause: Swagger is banned\n|clearpoke\n|poke|p1|Tyranitar, F|item\n|poke|p1|Landorus-Therian, M|item\n|poke|p1|Amoonguss, M|item\n|poke|p1|Mamoswine, F|item\n|poke|p1|Reuniclus, M|item\n|poke|p1|Keldeo|item\n|poke|p2|Politoed, M|item\n|poke|p2|Ferrothorn, F|item\n|poke|p2|Tentacruel, M|item\n|poke|p2|Keldeo|item\n|poke|p2|Latios, M|item\n|poke|p2|Thundurus-Therian, M|item\n|teampreview\n|inactive|Battle timer is ON: inactive players will automatically lose when time's up. (requested by Real Randy)\n|j|%BluBirD\n|c|\u2606Real Randy|hf\n|c|\u2606j_albacino023|same\n|j| Azure_Cry$ta1\n|j|+BeeOrSomething\n|l|+BeeOrSomething\n|\n|t:|1667245812\n|start\n|switch|p1a: Tyranitar|Tyranitar, F, shiny|100\/100\n|switch|p2a: Politoed|Politoed, M|100\/100\n|-weather|RainDance|[from] ability: Drizzle|[of] p2a: Politoed\n|-weather|Sandstorm|[from] ability: Sand Stream|[of] p1a: Tyranitar\n|turn|1\n|\n|t:|1667245824\n|move|p2a: Politoed|Scald|p1a: Tyranitar\n|-supereffective|p1a: Tyranitar\n|-damage|p1a: Tyranitar|78\/100\n|move|p1a: Tyranitar|Crunch|p2a: Politoed\n|-damage|p2a: Politoed|71\/100\n|\n|-weather|Sandstorm|[upkeep]\n|-damage|p2a: Politoed|65\/100|[from] Sandstorm\n|-heal|p2a: Politoed|71\/100|[from] item: Leftovers\n|upkeep\n|turn|2\n|\n|t:|1667245829\n|switch|p1a: gelleman|Reuniclus, M, shiny|100\/100\n|move|p2a: Politoed|Scald|p1a: gelleman\n|-damage|p1a: gelleman|78\/100\n|\n|-weather|Sandstorm|[upkeep]\n|-damage|p2a: Politoed|65\/100|[from] Sandstorm\n|-heal|p2a: Politoed|71\/100|[from] item: Leftovers\n|upkeep\n|turn|3\n|\n|t:|1667245837\n|switch|p2a: Latios|Latios, M|100\/100\n|move|p1a: gelleman|Focus Blast|p2a: Latios\n|-resisted|p2a: Latios\n|-damage|p2a: Latios|70\/100\n|\n|-weather|Sandstorm|[upkeep]\n|-damage|p2a: Latios|64\/100|[from] Sandstorm\n|upkeep\n|turn|4\n|\n|t:|1667245845\n|switch|p2a: Ferrothorn|Ferrothorn, F|100\/100\n|switch|p1a: Amoonguss|Amoonguss, M|100\/100\n|\n|-weather|Sandstorm|[upkeep]\n|-damage|p1a: Amoonguss|94\/100|[from] Sandstorm\n|-heal|p1a: Amoonguss|100\/100|[from] item: Black Sludge\n|upkeep\n|turn|5\n|j| A tyraniboah\n|j|+bakemeat!\n|\n|t:|1667245856\n|move|p1a: Amoonguss|Stun Spore|p2a: Ferrothorn\n|-status|p2a: Ferrothorn|par\n|move|p2a: Ferrothorn|Stealth Rock|p1a: Amoonguss\n|-sidestart|p1: Real Randy|move: Stealth Rock\n|\n|-weather|Sandstorm|[upkeep]\n|-damage|p1a: Amoonguss|94\/100|[from] Sandstorm\n|-heal|p1a: Amoonguss|100\/100|[from] item: Black Sludge\n|upkeep\n|turn|6\n|\n|t:|1667245859\n|switch|p1a: gelleman|Reuniclus, M, shiny|78\/100\n|move|p2a: Ferrothorn|Spikes|p1a: gelleman\n|-sidestart|p1: Real Randy|Spikes\n|\n|-weather|Sandstorm|[upkeep]\n|upkeep\n|turn|7\n|\n|t:|1667245864\n|move|p1a: gelleman|Focus Blast|p2a: Ferrothorn\n|-supereffective|p2a: Ferrothorn\n|-damage|p2a: Ferrothorn|10\/100 par\n|move|p2a: Ferrothorn|Knock Off|p1a: gelleman\n|-supereffective|p1a: gelleman\n|-damage|p1a: gelleman|68\/100\n|-enditem|p1a: gelleman|Life Orb|[from] move: Knock Off|[of] p2a: Ferrothorn\n|\n|-weather|Sandstorm|[upkeep]\n|-heal|p2a: Ferrothorn|16\/100 par|[from] item: Leftovers\n|upkeep\n|turn|8\n|\n|t:|1667245874\n|switch|p2a: Latios|Latios, M|64\/100\n|move|p1a: gelleman|Focus Blast|p2a: Latios\n|-resisted|p2a: Latios\n|-damage|p2a: Latios|40\/100\n|\n|-weather|Sandstorm|[upkeep]\n|-damage|p2a: Latios|34\/100|[from] Sandstorm\n|upkeep\n|turn|9\n|inactive|Real Randy has 120 seconds left.\n|\n|t:|1667245922\n|switch|p2a: Keldeo|Keldeo|100\/100\n|switch|p1a: Amoonguss|Amoonguss, M|100\/100\n|-damage|p1a: Amoonguss|88\/100|[from] Stealth Rock\n|-damage|p1a: Amoonguss|75\/100|[from] Spikes\n|\n|-weather|Sandstorm|[upkeep]\n|-damage|p2a: Keldeo|94\/100|[from] Sandstorm\n|-damage|p1a: Amoonguss|69\/100|[from] Sandstorm\n|-heal|p1a: Amoonguss|75\/100|[from] item: Black Sludge\n|upkeep\n|turn|10\n|\n|t:|1667245932\n|switch|p2a: Ferrothorn|Ferrothorn, F|16\/100 par\n|move|p1a: Amoonguss|Giga Drain|p2a: Ferrothorn\n|-resisted|p2a: Ferrothorn\n|-damage|p2a: Ferrothorn|11\/100 par\n|-heal|p1a: Amoonguss|77\/100|[from] drain|[of] p2a: Ferrothorn\n|\n|-weather|Sandstorm|[upkeep]\n|-damage|p1a: Amoonguss|71\/100|[from] Sandstorm\n|-heal|p1a: Amoonguss|77\/100|[from] item: Black Sludge\n|-heal|p2a: Ferrothorn|18\/100 par|[from] item: Leftovers\n|upkeep\n|turn|11\n|\n|t:|1667245935\n|switch|p2a: Politoed|Politoed, M|71\/100\n|-weather|RainDance|[from] ability: Drizzle|[of] p2a: Politoed\n|move|p1a: Amoonguss|Hidden Power|p2a: Politoed\n|-resisted|p2a: Politoed\n|-crit|p2a: Politoed\n|-damage|p2a: Politoed|65\/100\n|\n|-weather|RainDance|[upkeep]\n|-heal|p2a: Politoed|71\/100|[from] item: Leftovers\n|-heal|p1a: Amoonguss|84\/100|[from] item: Black Sludge\n|upkeep\n|turn|12\n|j| marsandback\n|inactive|Real Randy has 120 seconds left.\n|\n|t:|1667245967\n|switch|p2a: Ferrothorn|Ferrothorn, F|18\/100 par\n|switch|p1a: gelleman|Reuniclus, M, shiny|68\/100\n|\n|-weather|RainDance|[upkeep]\n|-heal|p2a: Ferrothorn|24\/100 par|[from] item: Leftovers\n|upkeep\n|turn|13\n|\n|t:|1667245992\n|switch|p2a: Latios|Latios, M|34\/100\n|move|p1a: gelleman|Recover|p1a: gelleman\n|-heal|p1a: gelleman|100\/100\n|\n|-weather|RainDance|[upkeep]\n|upkeep\n|turn|14\n|j|%ibbysonlyfan\n|\n|t:|1667246002\n|switch|p1a: Amoonguss|Amoonguss, M|100\/100\n|-damage|p1a: Amoonguss|88\/100|[from] Stealth Rock\n|-damage|p1a: Amoonguss|75\/100|[from] Spikes\n|move|p2a: Latios|Surf|p1a: Amoonguss\n|-resisted|p1a: Amoonguss\n|-damage|p1a: Amoonguss|55\/100\n|\n|-weather|RainDance|[upkeep]\n|-heal|p1a: Amoonguss|61\/100|[from] item: Black Sludge\n|upkeep\n|turn|15\n|\n|t:|1667246007\n|switch|p2a: Ferrothorn|Ferrothorn, F|24\/100 par\n|switch|p1a: Tyranitar|Tyranitar, F, shiny|78\/100\n|-damage|p1a: Tyranitar|66\/100|[from] Stealth Rock\n|-damage|p1a: Tyranitar|53\/100|[from] Spikes\n|-weather|Sandstorm|[from] ability: Sand Stream|[of] p1a: Tyranitar\n|\n|-weather|Sandstorm|[upkeep]\n|-heal|p2a: Ferrothorn|30\/100 par|[from] item: Leftovers\n|upkeep\n|turn|16\n|\n|t:|1667246015\n|switch|p2a: Keldeo|Keldeo|94\/100\n|move|p1a: Tyranitar|Fire Blast|p2a: Keldeo\n|-resisted|p2a: Keldeo\n|-damage|p2a: Keldeo|79\/100\n|\n|-weather|Sandstorm|[upkeep]\n|-damage|p2a: Keldeo|73\/100|[from] Sandstorm\n|upkeep\n|turn|17\n|\n|t:|1667246021\n|switch|p2a: Politoed|Politoed, M|71\/100\n|-weather|RainDance|[from] ability: Drizzle|[of] p2a: Politoed\n|switch|p1a: Amoonguss|Amoonguss, M|94\/100\n|-damage|p1a: Amoonguss|82\/100|[from] Stealth Rock\n|-damage|p1a: Amoonguss|69\/100|[from] Spikes\n|\n|-weather|RainDance|[upkeep]\n|-heal|p2a: Politoed|78\/100|[from] item: Leftovers\n|-heal|p1a: Amoonguss|76\/100|[from] item: Black Sludge\n|upkeep\n|turn|18\n|j| zfdeufek\n|inactive|Real Randy has 120 seconds left.\n|\n|t:|1667246037\n|switch|p2a: Ferrothorn|Ferrothorn, F|30\/100 par\n|switch|p1a: gelleman|Reuniclus, M, shiny|100\/100\n|\n|-weather|RainDance|[upkeep]\n|-heal|p2a: Ferrothorn|36\/100 par|[from] item: Leftovers\n|upkeep\n|turn|19\n|inactive|Real Randy has 120 seconds left.\n|\n|t:|1667246054\n|move|p1a: gelleman|Focus Blast|p2a: Ferrothorn\n|-supereffective|p2a: Ferrothorn\n|-damage|p2a: Ferrothorn|0 fnt\n|faint|p2a: Ferrothorn\n|\n|-weather|RainDance|[upkeep]\n|upkeep\n|\n|t:|1667246057\n|switch|p2a: Keldeo|Keldeo|73\/100\n|turn|20\n|\n|t:|1667246062\n|switch|p2a: Tentacruel|Tentacruel, M|100\/100\n|switch|p1a: Amoonguss|Amoonguss, M|100\/100\n|-damage|p1a: Amoonguss|88\/100|[from] Stealth Rock\n|-damage|p1a: Amoonguss|75\/100|[from] Spikes\n|\n|-weather|RainDance|[upkeep]\n|-heal|p1a: Amoonguss|82\/100|[from] item: Black Sludge\n|upkeep\n|turn|21\n|\n|t:|1667246066\n|move|p2a: Tentacruel|Substitute|p2a: Tentacruel\n|-start|p2a: Tentacruel|Substitute\n|-damage|p2a: Tentacruel|75\/100\n|move|p1a: Amoonguss|Stun Spore|p2a: Tentacruel|[miss]\n|-miss|p1a: Amoonguss|p2a: Tentacruel\n|\n|-weather|RainDance|[upkeep]\n|-heal|p2a: Tentacruel|82\/100|[from] ability: Rain Dish\n|-heal|p2a: Tentacruel|88\/100|[from] item: Black Sludge\n|-heal|p1a: Amoonguss|88\/100|[from] item: Black Sludge\n|upkeep\n|turn|22\n|\n|t:|1667246068\n|move|p2a: Tentacruel|Scald|p1a: Amoonguss\n|-resisted|p1a: Amoonguss\n|-damage|p1a: Amoonguss|73\/100\n|move|p1a: Amoonguss|Giga Drain|p2a: Tentacruel\n|-activate|p2a: Tentacruel|Substitute|[damage]\n|-heal|p1a: Amoonguss|80\/100|[from] drain|[of] p2a: Tentacruel\n|\n|-weather|RainDance|[upkeep]\n|-heal|p2a: Tentacruel|94\/100|[from] ability: Rain Dish\n|-heal|p2a: Tentacruel|99\/100|[from] item: Black Sludge\n|-heal|p1a: Amoonguss|87\/100|[from] item: Black Sludge\n|upkeep\n|turn|23\n|\n|t:|1667246077\n|move|p2a: Tentacruel|Scald|p1a: Amoonguss\n|-resisted|p1a: Amoonguss\n|-damage|p1a: Amoonguss|72\/100\n|move|p1a: Amoonguss|Giga Drain|p2a: Tentacruel\n|-end|p2a: Tentacruel|Substitute\n|-heal|p1a: Amoonguss|75\/100|[from] drain|[of] p2a: Tentacruel\n|\n|-weather|RainDance|[upkeep]\n|-heal|p2a: Tentacruel|100\/100|[from] ability: Rain Dish\n|-heal|p1a: Amoonguss|82\/100|[from] item: Black Sludge\n|upkeep\n|turn|24\n|\n|t:|1667246080\n|switch|p1a: Tyranitar|Tyranitar, F, shiny|53\/100\n|-damage|p1a: Tyranitar|41\/100|[from] Stealth Rock\n|-damage|p1a: Tyranitar|29\/100|[from] Spikes\n|-weather|Sandstorm|[from] ability: Sand Stream|[of] p1a: Tyranitar\n|move|p2a: Tentacruel|Substitute|p2a: Tentacruel\n|-start|p2a: Tentacruel|Substitute\n|-damage|p2a: Tentacruel|75\/100\n|\n|-weather|Sandstorm|[upkeep]\n|-damage|p2a: Tentacruel|69\/100|[from] Sandstorm\n|-heal|p2a: Tentacruel|75\/100|[from] item: Black Sludge\n|upkeep\n|turn|25\n|\n|t:|1667246082\n|switch|p1a: gelleman|Reuniclus, M, shiny|100\/100\n|move|p2a: Tentacruel|Scald|p1a: gelleman\n|-damage|p1a: gelleman|80\/100\n|\n|-weather|Sandstorm|[upkeep]\n|-damage|p2a: Tentacruel|69\/100|[from] Sandstorm\n|-heal|p2a: Tentacruel|75\/100|[from] item: Black Sludge\n|upkeep\n|turn|26\n|\n|t:|1667246090\n|switch|p2a: Politoed|Politoed, M|78\/100\n|-weather|RainDance|[from] ability: Drizzle|[of] p2a: Politoed\n|move|p1a: gelleman|Psyshock|p2a: Politoed\n|-damage|p2a: Politoed|39\/100\n|\n|-weather|RainDance|[upkeep]\n|-heal|p2a: Politoed|45\/100|[from] item: Leftovers\n|upkeep\n|turn|27\n|l| A tyraniboah\n|\n|t:|1667246103\n|switch|p2a: Latios|Latios, M|34\/100\n|move|p1a: gelleman|Psyshock|p2a: Latios\n|-resisted|p2a: Latios\n|-damage|p2a: Latios|2\/100\n|\n|-weather|RainDance|[upkeep]\n|upkeep\n|turn|28\n|\n|t:|1667246110\n|switch|p1a: Tyranitar|Tyranitar, F, shiny|29\/100\n|-damage|p1a: Tyranitar|16\/100|[from] Stealth Rock\n|-damage|p1a: Tyranitar|4\/100|[from] Spikes\n|-weather|Sandstorm|[from] ability: Sand Stream|[of] p1a: Tyranitar\n|move|p2a: Latios|Psyshock|p1a: Tyranitar\n|-immune|p1a: Tyranitar\n|\n|-weather|Sandstorm|[upkeep]\n|-damage|p2a: Latios|0 fnt|[from] Sandstorm\n|faint|p2a: Latios\n|upkeep\n|\n|t:|1667246113\n|switch|p2a: Politoed|Politoed, M|45\/100\n|-weather|RainDance|[from] ability: Drizzle|[of] p2a: Politoed\n|turn|29\n|\n|t:|1667246115\n|move|p2a: Politoed|Scald|p1a: Tyranitar\n|-supereffective|p1a: Tyranitar\n|-damage|p1a: Tyranitar|0 fnt\n|faint|p1a: Tyranitar\n|\n|-weather|RainDance|[upkeep]\n|-heal|p2a: Politoed|52\/100|[from] item: Leftovers\n|upkeep\n|\n|t:|1667246118\n|switch|p1a: Keldeo|Keldeo|100\/100\n|-damage|p1a: Keldeo|94\/100|[from] Stealth Rock\n|-damage|p1a: Keldeo|82\/100|[from] Spikes\n|turn|30\n|\n|t:|1667246123\n|move|p2a: Politoed|Protect|p2a: Politoed\n|-singleturn|p2a: Politoed|Protect\n|move|p1a: Keldeo|Calm Mind|p1a: Keldeo\n|-boost|p1a: Keldeo|spa|1\n|-boost|p1a: Keldeo|spd|1\n|\n|-weather|RainDance|[upkeep]\n|-heal|p1a: Keldeo|88\/100|[from] item: Leftovers\n|-heal|p2a: Politoed|58\/100|[from] item: Leftovers\n|upkeep\n|turn|31\n|\n|t:|1667246126\n|move|p1a: Keldeo|Secret Sword|p2a: Politoed\n|-damage|p2a: Politoed|2\/100\n|move|p2a: Politoed|Toxic|p1a: Keldeo\n|-status|p1a: Keldeo|tox\n|\n|-weather|RainDance|[upkeep]\n|-heal|p1a: Keldeo|94\/100 tox|[from] item: Leftovers\n|-heal|p2a: Politoed|8\/100|[from] item: Leftovers\n|-damage|p1a: Keldeo|88\/100 tox|[from] psn\n|upkeep\n|turn|32\n|\n|t:|1667246134\n|move|p1a: Keldeo|Calm Mind|p1a: Keldeo\n|-boost|p1a: Keldeo|spa|1\n|-boost|p1a: Keldeo|spd|1\n|move|p2a: Politoed|Scald|p1a: Keldeo\n|-resisted|p1a: Keldeo\n|-damage|p1a: Keldeo|78\/100 tox\n|\n|-weather|RainDance|[upkeep]\n|-heal|p1a: Keldeo|84\/100 tox|[from] item: Leftovers\n|-heal|p2a: Politoed|14\/100|[from] item: Leftovers\n|-damage|p1a: Keldeo|72\/100 tox|[from] psn\n|upkeep\n|turn|33\n|\n|t:|1667246137\n|move|p2a: Politoed|Protect|p2a: Politoed\n|-singleturn|p2a: Politoed|Protect\n|move|p1a: Keldeo|Scald|p2a: Politoed\n|-activate|p2a: Politoed|move: Protect\n|\n|-weather|RainDance|[upkeep]\n|-heal|p1a: Keldeo|78\/100 tox|[from] item: Leftovers\n|-heal|p2a: Politoed|20\/100|[from] item: Leftovers\n|-damage|p1a: Keldeo|59\/100 tox|[from] psn\n|upkeep\n|turn|34\n|\n|t:|1667246140\n|move|p2a: Politoed|Protect||[still]\n|-fail|p2a: Politoed\n|move|p1a: Keldeo|Scald|p2a: Politoed\n|-resisted|p2a: Politoed\n|-damage|p2a: Politoed|0 fnt\n|faint|p2a: Politoed\n|\n|-weather|RainDance|[upkeep]\n|-heal|p1a: Keldeo|66\/100 tox|[from] item: Leftovers\n|-damage|p1a: Keldeo|41\/100 tox|[from] psn\n|upkeep\n|\n|t:|1667246142\n|switch|p2a: Tentacruel|Tentacruel, M|75\/100\n|turn|35\n|\n|t:|1667246146\n|move|p2a: Tentacruel|Protect|p2a: Tentacruel\n|-singleturn|p2a: Tentacruel|Protect\n|move|p1a: Keldeo|Scald|p2a: Tentacruel\n|-activate|p2a: Tentacruel|move: Protect\n|\n|-weather|RainDance|[upkeep]\n|-heal|p2a: Tentacruel|82\/100|[from] ability: Rain Dish\n|-heal|p1a: Keldeo|47\/100 tox|[from] item: Leftovers\n|-heal|p2a: Tentacruel|88\/100|[from] item: Black Sludge\n|-damage|p1a: Keldeo|16\/100 tox|[from] psn\n|upkeep\n|turn|36\n|\n|t:|1667246151\n|move|p1a: Keldeo|Scald|p2a: Tentacruel\n|-resisted|p2a: Tentacruel\n|-damage|p2a: Tentacruel|36\/100\n|-status|p2a: Tentacruel|brn\n|move|p2a: Tentacruel|Substitute|p2a: Tentacruel\n|-start|p2a: Tentacruel|Substitute\n|-damage|p2a: Tentacruel|11\/100 brn\n|\n|-weather|RainDance|[upkeep]\n|-heal|p2a: Tentacruel|17\/100 brn|[from] ability: Rain Dish\n|-heal|p1a: Keldeo|22\/100 tox|[from] item: Leftovers\n|-heal|p2a: Tentacruel|23\/100 brn|[from] item: Black Sludge\n|-damage|p1a: Keldeo|0 fnt|[from] psn\n|faint|p1a: Keldeo\n|-damage|p2a: Tentacruel|11\/100 brn|[from] brn\n|upkeep\n|c|\u2606j_albacino023|oh thats silly\n|c|\u2606Real Randy|ye sry\n|c|\u2606Real Randy|i was greedy with the second cm\n|inactive|Real Randy has 120 seconds left.\n|j| Mr. Globlin\n|c|\u2606j_albacino023|nah was a fine play\n|\n|t:|1667246208\n|switch|p1a: Amoonguss|Amoonguss, M|100\/100\n|-damage|p1a: Amoonguss|88\/100|[from] Stealth Rock\n|-damage|p1a: Amoonguss|75\/100|[from] Spikes\n|turn|37\n|\n|t:|1667246215\n|move|p2a: Tentacruel|Scald|p1a: Amoonguss\n|-resisted|p1a: Amoonguss\n|-damage|p1a: Amoonguss|60\/100\n|move|p1a: Amoonguss|Giga Drain|p2a: Tentacruel\n|-activate|p2a: Tentacruel|Substitute|[damage]\n|-heal|p1a: Amoonguss|68\/100|[from] drain|[of] p2a: Tentacruel\n|\n|-weather|RainDance|[upkeep]\n|-heal|p2a: Tentacruel|17\/100 brn|[from] ability: Rain Dish\n|-heal|p2a: Tentacruel|23\/100 brn|[from] item: Black Sludge\n|-heal|p1a: Amoonguss|74\/100|[from] item: Black Sludge\n|-damage|p2a: Tentacruel|11\/100 brn|[from] brn\n|upkeep\n|turn|38\n|\n|t:|1667246219\n|move|p2a: Tentacruel|Scald|p1a: Amoonguss\n|-resisted|p1a: Amoonguss\n|-damage|p1a: Amoonguss|60\/100\n|-status|p1a: Amoonguss|brn\n|move|p1a: Amoonguss|Giga Drain|p2a: Tentacruel\n|-crit|p2a: Tentacruel\n|-end|p2a: Tentacruel|Substitute\n|-heal|p1a: Amoonguss|63\/100 brn|[from] drain|[of] p2a: Tentacruel\n|\n|-weather|RainDance|[upkeep]\n|-heal|p2a: Tentacruel|17\/100 brn|[from] ability: Rain Dish\n|-heal|p2a: Tentacruel|23\/100 brn|[from] item: Black Sludge\n|-heal|p1a: Amoonguss|69\/100 brn|[from] item: Black Sludge\n|-damage|p2a: Tentacruel|10\/100 brn|[from] brn\n|-damage|p1a: Amoonguss|56\/100 brn|[from] brn\n|upkeep\n|turn|39\n|l| marsandback\n|\n|t:|1667246223\n|move|p2a: Tentacruel|Protect|p2a: Tentacruel\n|-singleturn|p2a: Tentacruel|Protect\n|move|p1a: Amoonguss|Giga Drain|p2a: Tentacruel\n|-activate|p2a: Tentacruel|move: Protect\n|\n|-weather|RainDance|[upkeep]\n|-heal|p2a: Tentacruel|16\/100 brn|[from] ability: Rain Dish\n|-heal|p2a: Tentacruel|22\/100 brn|[from] item: Black Sludge\n|-heal|p1a: Amoonguss|63\/100 brn|[from] item: Black Sludge\n|-damage|p2a: Tentacruel|10\/100 brn|[from] brn\n|-damage|p1a: Amoonguss|50\/100 brn|[from] brn\n|upkeep\n|turn|40\n|\n|t:|1667246225\n|move|p2a: Tentacruel|Scald|p1a: Amoonguss\n|-resisted|p1a: Amoonguss\n|-damage|p1a: Amoonguss|36\/100 brn\n|move|p1a: Amoonguss|Giga Drain|p2a: Tentacruel\n|-damage|p2a: Tentacruel|0 fnt\n|-heal|p1a: Amoonguss|40\/100 brn|[from] drain|[of] p2a: Tentacruel\n|faint|p2a: Tentacruel\n|\n|-weather|RainDance|[upkeep]\n|-heal|p1a: Amoonguss|47\/100 brn|[from] item: Black Sludge\n|-damage|p1a: Amoonguss|34\/100 brn|[from] brn\n|upkeep\n|\n|t:|1667246233\n|switch|p2a: Thundurus|Thundurus-Therian, M|100\/100\n|turn|41\n|\n|t:|1667246255\n|move|p2a: Thundurus|Hidden Power|p1a: Amoonguss\n|-supereffective|p1a: Amoonguss\n|-damage|p1a: Amoonguss|0 fnt\n|faint|p1a: Amoonguss\n|\n|-weather|RainDance|[upkeep]\n|upkeep\n|inactive|Real Randy has 120 seconds left.\n|\n|t:|1667246275\n|switch|p1a: Mamoswine|Mamoswine, F|100\/100\n|-damage|p1a: Mamoswine|88\/100|[from] Stealth Rock\n|-damage|p1a: Mamoswine|76\/100|[from] Spikes\n|turn|42\n|inactive|Real Randy has 120 seconds left.\n|c|\u2606j_albacino023|plz hit\n|j| marsandback\n|\n|t:|1667246304\n|switch|p2a: Keldeo|Keldeo|73\/100\n|move|p1a: Mamoswine|Icicle Spear|p2a: Keldeo\n|-resisted|p2a: Keldeo\n|-damage|p2a: Keldeo|65\/100\n|-resisted|p2a: Keldeo\n|-damage|p2a: Keldeo|57\/100\n|-resisted|p2a: Keldeo\n|-damage|p2a: Keldeo|48\/100\n|-resisted|p2a: Keldeo\n|-damage|p2a: Keldeo|40\/100\n|-hitcount|p2a: Keldeo|4\n|\n|-weather|RainDance|[upkeep]\n|upkeep\n|turn|43\n|j| Dababy2\n|c|\u2606Real Randy|lol\n|c| Dababy2|GOAT BLUFF\n|c| Dababy2|FIRE\n|c| Dababy2|HOW DOES HE DO IT\n|l| Dababy2\n|inactive|Real Randy has 90 seconds left.\n|\n|t:|1667246330\n|switch|p1a: Landorus|Landorus-Therian, M|100\/100\n|-damage|p1a: Landorus|88\/100|[from] Stealth Rock\n|-ability|p1a: Landorus|Intimidate|boost\n|-unboost|p2a: Keldeo|atk|1\n|move|p2a: Keldeo|Surf|p1a: Landorus\n|-supereffective|p1a: Landorus\n|-damage|p1a: Landorus|0 fnt\n|faint|p1a: Landorus\n|\n|-weather|RainDance|[upkeep]\n|upkeep\n|j| Dababy2\n|inactive|Real Randy has 90 seconds left.\n|\n|t:|1667246339\n|switch|p1a: gelleman|Reuniclus, M, shiny|80\/100\n|turn|44\n|c|\u2606Real Randy|plz live\n|inactive|Real Randy has 90 seconds left.\n|\n|t:|1667246350\n|move|p2a: Keldeo|Surf|p1a: gelleman\n|-damage|p1a: gelleman|12\/100\n|move|p1a: gelleman|Trick Room|p1a: gelleman\n|-fieldstart|move: Trick Room|[of] p1a: gelleman\n|\n|-weather|RainDance|[upkeep]\n|upkeep\n|turn|45\n|c| Dababy2|man.\n|c| Dababy2|I hate seeing this fraud win\n|\n|t:|1667246361\n|move|p2a: Keldeo|Aqua Jet|p1a: gelleman\n|-damage|p1a: gelleman|1\/100\n|move|p1a: gelleman|Psyshock|p2a: Keldeo\n|-supereffective|p2a: Keldeo\n|-enditem|p2a: Keldeo|Payapa Berry|[eat]\n|-enditem|p2a: Keldeo|Payapa Berry|[weaken]\n|-damage|p2a: Keldeo|0 fnt\n|faint|p2a: Keldeo\n|\n|-weather|RainDance|[upkeep]\n|upkeep\n|c|\u2606j_albacino023|NO\n|c|\u2606j_albacino023|LOL\n|\n|t:|1667246368\n|switch|p2a: Thundurus|Thundurus-Therian, M|100\/100\n|turn|46\n|\n|t:|1667246381\n|move|p2a: Thundurus|Protect|p2a: Thundurus\n|-singleturn|p2a: Thundurus|Protect\n|move|p1a: gelleman|Psyshock|p2a: Thundurus\n|-activate|p2a: Thundurus|move: Protect\n|\n|-weather|RainDance|[upkeep]\n|upkeep\n|turn|47\n|\n|t:|1667246391\n|move|p1a: gelleman|Psyshock|p2a: Thundurus\n|-damage|p2a: Thundurus|29\/100\n|move|p2a: Thundurus|Thunder|p1a: gelleman\n|-damage|p1a: gelleman|0 fnt\n|faint|p1a: gelleman\n|\n|-weather|RainDance|[upkeep]\n|-heal|p2a: Thundurus|35\/100|[from] item: Leftovers\n|upkeep\n|\n|t:|1667246396\n|switch|p1a: Mamoswine|Mamoswine, F|76\/100\n|-damage|p1a: Mamoswine|63\/100|[from] Stealth Rock\n|-damage|p1a: Mamoswine|51\/100|[from] Spikes\n|turn|48\n|inactive|Real Randy has 120 seconds left.\n|c|\u2606Real Randy|ggs man\n|\n|t:|1667246409\n|move|p2a: Thundurus|Protect|p2a: Thundurus\n|-singleturn|p2a: Thundurus|Protect\n|move|p1a: Mamoswine|Ice Shard|p2a: Thundurus\n|-activate|p2a: Thundurus|move: Protect\n|\n|-weather|RainDance|[upkeep]\n|-heal|p2a: Thundurus|41\/100|[from] item: Leftovers\n|-fieldend|move: Trick Room\n|upkeep\n|turn|49\n|\n|t:|1667246413\n|move|p2a: Thundurus|Protect|p2a: Thundurus\n|-singleturn|p2a: Thundurus|Protect\n|move|p1a: Mamoswine|Ice Shard|p2a: Thundurus\n|-activate|p2a: Thundurus|move: Protect\n|\n|-weather|RainDance|[upkeep]\n|-heal|p2a: Thundurus|47\/100|[from] item: Leftovers\n|upkeep\n|turn|50\n|c|\u2606j_albacino023|is this cb\n|c|\u2606Real Randy|no\n|c| marsandback|definitely\n|c| marsandback|fr?\n|c| Dababy2|he lyin\n|c| Dababy2|its cb\n|c|\u2606j_albacino023|ok\n|inactive|j_albacino023 has 120 seconds left.\n|c|\u2606Real Randy|scrf lol\n|c| marsandback|whyd u shard then\n|c|\u2606j_albacino023|wait rly\n|c|\u2606Real Randy|t room was up\n|c| marsandback|ohhh\n|c|\u2606j_albacino023|ok one more\n|c|\u2606j_albacino023|and im out of range\n|\n|t:|1667246467\n|move|p2a: Thundurus|Protect||[still]\n|-fail|p2a: Thundurus\n|move|p1a: Mamoswine|Ice Shard|p2a: Thundurus\n|-supereffective|p2a: Thundurus\n|-damage|p2a: Thundurus|0 fnt\n|faint|p2a: Thundurus\n|\n|win|Real Randy\n|n|\u2606Real Randy|realrandy\n|n|\u2606j_albacino023|jalbacino023\n|n| BluBirD|blubird\n|n| Azure_Cry$ta1|azurecryta1\n|n|+bakemeat!|bakemeat\n|n| ibbysonlyfan|ibbysonlyfan\n|n| zfdeufek|zfdeufek\n|n| Mr. Globlin|mrgloblin\n|n| marsandback|marsandback\n|n| Dababy2|dababy2\n|c|\u2606j_albacino023|alas\n|l|\u2606j_albacino023\n|c|\u2606Real Randy|gg\n|l| ibbysonlyfan\n","uploadtime":1667246477,"views":16,"p1id":"realrandy","p2id":"jalbacino023","formatid":"gen5ou","rating":0,"private":0,"password":null}