{"id":"gen5ou-1697817031","p1":"Devipokemon17","p2":"chansey and lulu","format":"gen5ou","log":"|j|\u2606Devipokemon17\n|j|\u2606chansey and lulu\n|t:|1667047476\n|gametype|singles\n|player|p1|Devipokemon17|lucas|1053\n|player|p2|chansey and lulu|hooligans|1113\n|teamsize|p1|6\n|teamsize|p2|6\n|gen|5\n|tier|[Gen 5] OU\n|rated|\n|rule|Species Clause: Limit one of each Pok\u00e9mon\n|rule|OHKO Clause: OHKO moves are banned\n|rule|Moody Clause: Moody is banned\n|rule|Evasion Items Clause: Evasion items are banned\n|rule|Evasion Moves Clause: Evasion moves are banned\n|rule|Endless Battle Clause: Forcing endless battles is banned\n|rule|HP Percentage Mod: HP is shown in percentages\n|rule|Evasion Abilities Clause: Evasion abilities are banned\n|rule|Sleep Clause: Sleep-inducing moves are banned\n|rule|Swagger Clause: Swagger is banned\n|clearpoke\n|poke|p1|Samurott, M|item\n|poke|p1|Stoutland, F|item\n|poke|p1|Audino, M|item\n|poke|p1|Musharna, F|item\n|poke|p1|Liepard, M|item\n|poke|p1|Gigalith, F|item\n|poke|p2|Politoed, M|item\n|poke|p2|Ferrothorn, M|item\n|poke|p2|Tentacruel, F|item\n|poke|p2|Latios, M|item\n|poke|p2|Keldeo-Resolute|item\n|poke|p2|Thundurus-Therian, M|item\n|teampreview\n|\n|t:|1667047504\n|start\n|switch|p1a: Stoutland|Stoutland, F|100\/100\n|switch|p2a: Ferrothorn|Ferrothorn, M|100\/100\n|-ability|p1a: Stoutland|Intimidate|boost\n|-unboost|p2a: Ferrothorn|atk|1\n|turn|1\n|\n|t:|1667047511\n|switch|p2a: Politoed|Politoed, M|100\/100\n|-weather|RainDance|[from] ability: Drizzle|[of] p2a: Politoed\n|move|p1a: Stoutland|Thunder Wave|p2a: Politoed\n|-status|p2a: Politoed|par\n|\n|-weather|RainDance|[upkeep]\n|upkeep\n|turn|2\n|\n|t:|1667047520\n|move|p1a: Stoutland|Return|p2a: Politoed\n|-damage|p2a: Politoed|58\/100 par\n|cant|p2a: Politoed|par\n|\n|-weather|RainDance|[upkeep]\n|-heal|p2a: Politoed|64\/100 par|[from] item: Leftovers\n|upkeep\n|turn|3\n|\n|t:|1667047529\n|switch|p2a: Ferrothorn|Ferrothorn, M|100\/100\n|move|p1a: Stoutland|Return|p2a: Ferrothorn\n|-resisted|p2a: Ferrothorn\n|-damage|p2a: Ferrothorn|84\/100\n|-damage|p1a: Stoutland|88\/100|[from] ability: Iron Barbs|[of] p2a: Ferrothorn\n|\n|-weather|RainDance|[upkeep]\n|-heal|p1a: Stoutland|94\/100|[from] item: Leftovers\n|-heal|p2a: Ferrothorn|90\/100|[from] item: Leftovers\n|upkeep\n|turn|4\n|\n|t:|1667047540\n|move|p1a: Stoutland|Thunder Wave|p2a: Ferrothorn\n|-status|p2a: Ferrothorn|par\n|cant|p2a: Ferrothorn|par\n|\n|-weather|RainDance|[upkeep]\n|-heal|p1a: Stoutland|100\/100|[from] item: Leftovers\n|-heal|p2a: Ferrothorn|96\/100 par|[from] item: Leftovers\n|upkeep\n|turn|5\n|\n|t:|1667047547\n|move|p1a: Stoutland|Superpower|p2a: Ferrothorn\n|-supereffective|p2a: Ferrothorn\n|-crit|p2a: Ferrothorn\n|-damage|p2a: Ferrothorn|0 fnt\n|-unboost|p1a: Stoutland|atk|1\n|-unboost|p1a: Stoutland|def|1\n|-damage|p1a: Stoutland|88\/100|[from] ability: Iron Barbs|[of] p2a: Ferrothorn\n|faint|p2a: Ferrothorn\n|\n|-weather|RainDance|[upkeep]\n|-heal|p1a: Stoutland|94\/100|[from] item: Leftovers\n|upkeep\n|\n|t:|1667047557\n|switch|p2a: Keldeo|Keldeo-Resolute|100\/100\n|turn|6\n|\n|t:|1667047561\n|move|p2a: Keldeo|Hydro Pump|p1a: Stoutland\n|-damage|p1a: Stoutland|0 fnt\n|faint|p1a: Stoutland\n|\n|-weather|RainDance|[upkeep]\n|upkeep\n|\n|t:|1667047574\n|switch|p1a: Musharna|Musharna, F|100\/100\n|turn|7\n|\n|t:|1667047578\n|move|p2a: Keldeo|Hydro Pump|p1a: Musharna\n|-damage|p1a: Musharna|0 fnt\n|faint|p1a: Musharna\n|\n|-weather|RainDance|[upkeep]\n|upkeep\n|\n|t:|1667047585\n|switch|p1a: Samurott|Samurott, M|100\/100\n|turn|8\n|\n|t:|1667047591\n|switch|p2a: Tentacruel|Tentacruel, F|100\/100\n|move|p1a: Samurott|Swords Dance|p1a: Samurott\n|-boost|p1a: Samurott|atk|2\n|\n|-weather|RainDance|[upkeep]\n|upkeep\n|turn|9\n|\n|t:|1667047599\n|move|p2a: Tentacruel|Toxic|p1a: Samurott\n|-status|p1a: Samurott|tox\n|move|p1a: Samurott|Waterfall|p2a: Tentacruel\n|-resisted|p2a: Tentacruel\n|-damage|p2a: Tentacruel|24\/100\n|-damage|p1a: Samurott|91\/100 tox|[from] item: Life Orb\n|\n|-weather|RainDance|[upkeep]\n|-heal|p2a: Tentacruel|30\/100|[from] ability: Rain Dish\n|-heal|p2a: Tentacruel|36\/100|[from] item: Black Sludge\n|-damage|p1a: Samurott|85\/100 tox|[from] psn\n|upkeep\n|turn|10\n|\n|t:|1667047610\n|move|p2a: Tentacruel|Protect|p2a: Tentacruel\n|-singleturn|p2a: Tentacruel|Protect\n|move|p1a: Samurott|Waterfall|p2a: Tentacruel\n|-activate|p2a: Tentacruel|move: Protect\n|\n|-weather|RainDance|[upkeep]\n|-heal|p2a: Tentacruel|43\/100|[from] ability: Rain Dish\n|-heal|p2a: Tentacruel|49\/100|[from] item: Black Sludge\n|-damage|p1a: Samurott|72\/100 tox|[from] psn\n|upkeep\n|turn|11\n|\n|t:|1667047627\n|move|p2a: Tentacruel|Protect||[still]\n|-fail|p2a: Tentacruel\n|move|p1a: Samurott|Waterfall|p2a: Tentacruel\n|-resisted|p2a: Tentacruel\n|-damage|p2a: Tentacruel|0 fnt\n|faint|p2a: Tentacruel\n|-damage|p1a: Samurott|63\/100 tox|[from] item: Life Orb\n|\n|-weather|RainDance|[upkeep]\n|-damage|p1a: Samurott|44\/100 tox|[from] psn\n|upkeep\n|\n|t:|1667047636\n|switch|p2a: Keldeo|Keldeo-Resolute|100\/100\n|turn|12\n|\n|t:|1667047640\n|move|p1a: Samurott|Aqua Jet|p2a: Keldeo\n|-resisted|p2a: Keldeo\n|-damage|p2a: Keldeo|60\/100\n|-damage|p1a: Samurott|35\/100 tox|[from] item: Life Orb\n|move|p2a: Keldeo|Secret Sword|p1a: Samurott\n|-damage|p1a: Samurott|0 fnt\n|faint|p1a: Samurott\n|\n|-weather|RainDance|[upkeep]\n|upkeep\n|\n|t:|1667047649\n|switch|p1a: Liepard|Liepard, M|100\/100\n|turn|13\n|\n|t:|1667047675\n|switch|p2a: Politoed|Politoed, M|64\/100 par\n|move|p1a: Liepard|Nasty Plot|p1a: Liepard\n|-boost|p1a: Liepard|spa|2\n|\n|-weather|RainDance|[upkeep]\n|-heal|p2a: Politoed|70\/100 par|[from] item: Leftovers\n|upkeep\n|turn|14\n|\n|t:|1667047686\n|switch|p2a: Thundurus|Thundurus-Therian, M|100\/100\n|move|p1a: Liepard|Nasty Plot|p1a: Liepard\n|-boost|p1a: Liepard|spa|2\n|\n|-weather|RainDance|[upkeep]\n|upkeep\n|turn|15\n|\n|t:|1667047693\n|move|p1a: Liepard|Dark Pulse|p2a: Thundurus\n|-damage|p2a: Thundurus|0 fnt\n|faint|p2a: Thundurus\n|\n|-weather|RainDance|[upkeep]\n|upkeep\n|\n|t:|1667047699\n|switch|p2a: Keldeo|Keldeo-Resolute|60\/100\n|turn|16\n|\n|t:|1667047702\n|move|p2a: Keldeo|Secret Sword|p1a: Liepard\n|-supereffective|p1a: Liepard\n|-enditem|p1a: Liepard|Focus Sash\n|-damage|p1a: Liepard|1\/100\n|move|p1a: Liepard|Shadow Ball|p2a: Keldeo\n|-damage|p2a: Keldeo|0 fnt\n|faint|p2a: Keldeo\n|\n|-weather|RainDance|[upkeep]\n|upkeep\n|\n|t:|1667047710\n|switch|p2a: Latios|Latios, M|100\/100\n|turn|17\n|\n|t:|1667047713\n|move|p1a: Liepard|Shadow Ball|p2a: Latios\n|-supereffective|p2a: Latios\n|-damage|p2a: Latios|0 fnt\n|faint|p2a: Latios\n|\n|-weather|RainDance|[upkeep]\n|upkeep\n|-message|chansey and lulu forfeited.\n|\n|win|Devipokemon17\n|raw|Devipokemon17's rating: 1053 &rarr; <strong>1091<\/strong><br \/>(+38 for winning)\n|raw|chansey and lulu's rating: 1113 &rarr; <strong>1084<\/strong><br \/>(-29 for losing)\n|l|\u2606chansey and lulu\n||Ladder isn't responding, score probably updated but might not have (Request timeout).\n","uploadtime":1667047729,"views":14,"p1id":"devipokemon17","p2id":"chanseyandlulu","formatid":"gen5ou","rating":1084,"private":0,"password":null}