{"id":"gen5ubers-878067450","p1":"KebabKaya","p2":"OGamer289","format":"gen5ubers","log":"|j|\u2606KebabKaya\n|j|\u2606OGamer289\n|player|p1|KebabKaya|127\n|player|p2|OGamer289|153\n|teamsize|p1|6\n|teamsize|p2|6\n|gametype|singles\n|gen|5\n|tier|[Gen 5] Ubers\n|clearpoke\n|poke|p1|Forretress, M|item\n|poke|p1|Rotom-Heat|item\n|poke|p1|Weavile, M|item\n|poke|p1|Garchomp, M|item\n|poke|p1|Milotic, M|item\n|poke|p1|Archeops, M|item\n|poke|p2|Kyurem-Black|item\n|poke|p2|Suicune|item\n|poke|p2|Porygon2|item\n|poke|p2|Espeon, F|item\n|poke|p2|Magneton|item\n|poke|p2|Terrakion|item\n|rule|Sleep Clause Mod: Limit one foe put to sleep\n|rule|Species Clause: Limit one of each Pok\u00e9mon\n|rule|Moody Clause: Moody is banned\n|rule|OHKO Clause: OHKO moves are banned\n|rule|Endless Battle Clause: Forcing endless battles is banned\n|rule|HP Percentage Mod: HP is shown in percentages\n|teampreview\n|\n|start\n|switch|p1a: Petrie|Archeops, M, shiny|100\/100\n|switch|p2a: Frauen|Espeon, F, shiny|100\/100\n|turn|1\n|\n|switch|p2a: Kylo|Suicune|100\/100\n|-ability|p2a: Kylo|Pressure\n|move|p1a: Petrie|U-turn|p2a: Kylo\n|-damage|p2a: Kylo|87\/100\n|\n|switch|p1a: Rotom-YEET|Rotom-Heat, shiny|100\/100\n|\n|-heal|p2a: Kylo|93\/100|[from] item: Leftovers\n|upkeep\n|turn|2\n|\n|switch|p2a: Ehre genommen|Porygon2|100\/100\n|-ability|p2a: Ehre genommen|Levitate|[from] ability: Trace|[of] p1a: Rotom-YEET\n|move|p1a: Rotom-YEET|Volt Switch|p2a: Ehre genommen\n|-damage|p2a: Ehre genommen|77\/100\n|\n|switch|p1a: Aalmann|Milotic, M|100\/100\n|\n|upkeep\n|turn|3\n|\n|move|p1a: Aalmann|Toxic|p2a: Ehre genommen\n|-status|p2a: Ehre genommen|tox\n|move|p2a: Ehre genommen|Toxic|p1a: Aalmann|[miss]\n|-miss|p2a: Ehre genommen|p1a: Aalmann\n|\n|-damage|p2a: Ehre genommen|71\/100 tox|[from] psn\n|upkeep\n|turn|4\n|\n|switch|p1a: Beyblade|Forretress, M|100\/100\n|switch|p2a: Frauen|Espeon, F, shiny|100\/100\n|\n|upkeep\n|turn|5\n|\n|move|p2a: Frauen|Hidden Power|p1a: Beyblade\n|-supereffective|p1a: Beyblade\n|-ability|p1a: Beyblade|Sturdy\n|-damage|p1a: Beyblade|1\/100\n|-enditem|p1a: Beyblade|Sitrus Berry|[eat]\n|-heal|p1a: Beyblade|26\/100|[from] item: Sitrus Berry\n|-damage|p2a: Frauen|91\/100|[from] item: Life Orb\n|move|p1a: Beyblade|Volt Switch|p2a: Frauen\n|-crit|p2a: Frauen\n|-damage|p2a: Frauen|64\/100\n|\n|switch|p1a: Petrie|Archeops, M, shiny|100\/100\n|\n|upkeep\n|turn|6\n|\n|move|p1a: Petrie|U-turn|p2a: Frauen\n|-supereffective|p2a: Frauen\n|-damage|p2a: Frauen|0 fnt\n|faint|p2a: Frauen\n|\n|switch|p1a: Rotom-YEET|Rotom-Heat, shiny|100\/100\n|\n|upkeep\n|\n|switch|p2a: Ich bins Tim|Terrakion|100\/100\n|turn|7\n|\n|switch|p1a: Kanackrack|Garchomp, M, shiny|100\/100\n|move|p2a: Ich bins Tim|Stealth Rock|p1a: Kanackrack\n|-sidestart|p1: KebabKaya|move: Stealth Rock\n|\n|upkeep\n|turn|8\n|\n|switch|p2a: Ehre genommen|Porygon2|71\/100 tox\n|-ability|p2a: Ehre genommen|Rough Skin|[from] ability: Trace|[of] p1a: Kanackrack\n|move|p1a: Kanackrack|Earthquake|p2a: Ehre genommen\n|-damage|p2a: Ehre genommen|40\/100 tox\n|\n|-damage|p2a: Ehre genommen|33\/100 tox|[from] psn\n|upkeep\n|turn|9\n|\n|switch|p1a: Aalmann|Milotic, M|100\/100\n|-damage|p1a: Aalmann|88\/100|[from] Stealth Rock\n|move|p2a: Ehre genommen|Recover|p2a: Ehre genommen\n|-heal|p2a: Ehre genommen|83\/100 tox\n|\n|-heal|p1a: Aalmann|94\/100|[from] item: Leftovers\n|-damage|p2a: Ehre genommen|71\/100 tox|[from] psn\n|upkeep\n|turn|10\n|\n|switch|p1a: Beyblade|Forretress, M|26\/100\n|-damage|p1a: Beyblade|13\/100|[from] Stealth Rock\n|move|p2a: Ehre genommen|Toxic|p1a: Beyblade\n|-immune|p1a: Beyblade\n|\n|-damage|p2a: Ehre genommen|53\/100 tox|[from] psn\n|upkeep\n|turn|11\n|\n|move|p2a: Ehre genommen|Thunderbolt|p1a: Beyblade\n|-damage|p1a: Beyblade|0 fnt\n|faint|p1a: Beyblade\n|\n|-damage|p2a: Ehre genommen|28\/100 tox|[from] psn\n|upkeep\n|\n|switch|p1a: Rotom-YEET|Rotom-Heat, shiny|100\/100\n|-damage|p1a: Rotom-YEET|76\/100|[from] Stealth Rock\n|turn|12\n|\n|move|p1a: Rotom-YEET|Overheat|p2a: Ehre genommen\n|-damage|p2a: Ehre genommen|0 fnt\n|-unboost|p1a: Rotom-YEET|spa|2\n|faint|p2a: Ehre genommen\n|\n|upkeep\n|\n|switch|p2a: Monte|Kyurem-Black|100\/100\n|-ability|p2a: Monte|Teravolt\n|turn|13\n|\n|switch|p1a: Aalmann|Milotic, M|94\/100\n|-damage|p1a: Aalmann|82\/100|[from] Stealth Rock\n|move|p2a: Monte|Outrage|p1a: Aalmann\n|-damage|p1a: Aalmann|6\/100\n|\n|-heal|p1a: Aalmann|12\/100|[from] item: Leftovers\n|upkeep\n|turn|14\n|\n|move|p2a: Monte|Outrage|p1a: Aalmann|[from]lockedmove\n|-damage|p1a: Aalmann|0 fnt\n|-start|p2a: Monte|confusion|[fatigue]\n|faint|p1a: Aalmann\n|\n|upkeep\n|\n|switch|p1a: Kanackrack|Garchomp, M, shiny|100\/100\n|-damage|p1a: Kanackrack|94\/100|[from] Stealth Rock\n|turn|15\n|\n|switch|p2a: Mercedes AMG|Magneton|100\/100\n|move|p1a: Kanackrack|Outrage|p2a: Mercedes AMG\n|-resisted|p2a: Mercedes AMG\n|-damage|p2a: Mercedes AMG|60\/100\n|\n|upkeep\n|turn|16\n|\n|move|p1a: Kanackrack|Outrage|p2a: Mercedes AMG|[from]lockedmove\n|-resisted|p2a: Mercedes AMG\n|-damage|p2a: Mercedes AMG|17\/100\n|move|p2a: Mercedes AMG|Signal Beam|p1a: Kanackrack\n|-damage|p1a: Kanackrack|67\/100\n|\n|upkeep\n|turn|17\n|\n|move|p1a: Kanackrack|Outrage|p2a: Mercedes AMG|[from]lockedmove\n|-resisted|p2a: Mercedes AMG\n|-damage|p2a: Mercedes AMG|0 fnt\n|-start|p1a: Kanackrack|confusion|[fatigue]\n|faint|p2a: Mercedes AMG\n|\n|upkeep\n|\n|switch|p2a: Kylo|Suicune|93\/100\n|-ability|p2a: Kylo|Pressure\n|turn|18\n|\n|switch|p1a: Rotom-YEET|Rotom-Heat, shiny|76\/100\n|-damage|p1a: Rotom-YEET|51\/100|[from] Stealth Rock\n|move|p2a: Kylo|Calm Mind|p2a: Kylo\n|-boost|p2a: Kylo|spa|1\n|-boost|p2a: Kylo|spd|1\n|\n|-heal|p2a: Kylo|99\/100|[from] item: Leftovers\n|upkeep\n|turn|19\n|\n|move|p1a: Rotom-YEET|Thunderbolt|p2a: Kylo\n|-supereffective|p2a: Kylo\n|-damage|p2a: Kylo|28\/100\n|move|p2a: Kylo|Surf|p1a: Rotom-YEET\n|-supereffective|p1a: Rotom-YEET\n|-damage|p1a: Rotom-YEET|0 fnt\n|faint|p1a: Rotom-YEET\n|\n|-heal|p2a: Kylo|34\/100|[from] item: Leftovers\n|upkeep\n|\n|switch|p1a: Kanackrack|Garchomp, M, shiny|67\/100\n|-damage|p1a: Kanackrack|60\/100|[from] Stealth Rock\n|turn|20\n|\n|move|p1a: Kanackrack|Outrage|p2a: Kylo\n|-damage|p2a: Kylo|0 fnt\n|faint|p2a: Kylo\n|\n|upkeep\n|\n|switch|p2a: Ich bins Tim|Terrakion|100\/100\n|turn|21\n|\n|move|p1a: Kanackrack|Outrage|p2a: Ich bins Tim|[from]lockedmove\n|-crit|p2a: Ich bins Tim\n|-damage|p2a: Ich bins Tim|0 fnt\n|faint|p2a: Ich bins Tim\n|\n|upkeep\n|c|\u2606OGamer289|nein\n|c|\u2606OGamer289|waruzm\n|c|\u2606OGamer289|klwsdfckjsadyc\n|\n|switch|p2a: Monte|Kyurem-Black|100\/100\n|-ability|p2a: Monte|Teravolt\n|turn|22\n|c|\u2606KebabKaya|xD\n|\n|move|p1a: Kanackrack|Outrage|p2a: Monte|[from]lockedmove\n|-supereffective|p2a: Monte\n|-crit|p2a: Monte\n|-damage|p2a: Monte|0 fnt\n|-start|p1a: Kanackrack|confusion|[fatigue]\n|faint|p2a: Monte\n|\n|win|KebabKaya\n|c|\u2606KebabKaya|gg\n","uploadtime":1552919244,"views":14,"p1id":"kebabkaya","p2id":"ogamer289","formatid":"gen5ubers","rating":0,"private":0,"password":null}