{"id":"gen5ou-1613031760","p1":"irisissbae","p2":"Highv0ltag3","format":"gen5ou","log":"|j|\u2606irisissbae\n|j|\u2606Highv0ltag3\n|t:|1657296595\n|gametype|singles\n|player|p1|irisissbae|iris|1405\n|player|p2|Highv0ltag3|volo|1524\n|teamsize|p1|6\n|teamsize|p2|6\n|gen|5\n|tier|[Gen 5] OU\n|rated|\n|rule|Species Clause: Limit one of each Pok\u00e9mon\n|rule|OHKO Clause: OHKO moves are banned\n|rule|Moody Clause: Moody is banned\n|rule|Evasion Moves Clause: Evasion moves are banned\n|rule|Endless Battle Clause: Forcing endless battles is banned\n|rule|HP Percentage Mod: HP is shown in percentages\n|rule|Evasion Abilities Clause: Evasion abilities are banned\n|rule|Sleep Clause: Sleep-inducing moves are banned\n|rule|Swagger Clause: Swagger is banned\n|clearpoke\n|poke|p1|Scizor, M|item\n|poke|p1|Cofagrigus, F|item\n|poke|p1|Rotom-Wash|item\n|poke|p1|Tyranitar, F|item\n|poke|p1|Garchomp, M|item\n|poke|p1|Forretress, F|item\n|poke|p2|Garchomp, M|item\n|poke|p2|Magnezone|item\n|poke|p2|Latios, M|item\n|poke|p2|Starmie|item\n|poke|p2|Kyurem-Black|item\n|poke|p2|Dragonite, F|item\n|teampreview\n|inactive|Battle timer is ON: inactive players will automatically lose when time's up. (requested by irisissbae)\n|\n|t:|1657296622\n|start\n|switch|p1a: Tyranitar|Tyranitar, F|100\/100\n|switch|p2a: Magnezone|Magnezone|100\/100\n|-weather|Sandstorm|[from] ability: Sand Stream|[of] p1a: Tyranitar\n|turn|1\n|\n|t:|1657296633\n|switch|p1a: Rotom|Rotom-Wash|100\/100\n|move|p2a: Magnezone|Flash Cannon|p1a: Rotom\n|-resisted|p1a: Rotom\n|-damage|p1a: Rotom|92\/100\n|\n|-weather|Sandstorm|[upkeep]\n|-damage|p1a: Rotom|86\/100|[from] Sandstorm\n|upkeep\n|turn|2\n|\n|t:|1657296648\n|switch|p2a: Garchomp|Garchomp, M|100\/100\n|move|p1a: Rotom|Will-O-Wisp|p2a: Garchomp\n|-status|p2a: Garchomp|brn\n|\n|-weather|Sandstorm|[upkeep]\n|-damage|p1a: Rotom|80\/100|[from] Sandstorm\n|-damage|p2a: Garchomp|88\/100 brn|[from] brn\n|upkeep\n|turn|3\n|\n|t:|1657296663\n|move|p2a: Garchomp|Stealth Rock|p1a: Rotom\n|-sidestart|p1: irisissbae|move: Stealth Rock\n|move|p1a: Rotom|Hydro Pump|p2a: Garchomp\n|-damage|p2a: Garchomp|43\/100 brn\n|\n|-weather|Sandstorm|[upkeep]\n|-damage|p1a: Rotom|74\/100|[from] Sandstorm\n|-damage|p2a: Garchomp|30\/100 brn|[from] brn\n|upkeep\n|turn|4\n|\n|t:|1657296674\n|move|p2a: Garchomp|Outrage|p1a: Rotom\n|-damage|p1a: Rotom|42\/100\n|move|p1a: Rotom|Hydro Pump|p2a: Garchomp\n|-damage|p2a: Garchomp|0 fnt\n|faint|p2a: Garchomp\n|\n|-weather|Sandstorm|[upkeep]\n|-damage|p1a: Rotom|36\/100|[from] Sandstorm\n|upkeep\n|\n|t:|1657296680\n|switch|p2a: Kyurem|Kyurem-Black|100\/100\n|-ability|p2a: Kyurem|Teravolt\n|turn|5\n|\n|t:|1657296686\n|switch|p1a: Forretress|Forretress, F|100\/100\n|-damage|p1a: Forretress|88\/100|[from] Stealth Rock\n|move|p2a: Kyurem|Dragon Claw|p1a: Forretress\n|-resisted|p1a: Forretress\n|-damage|p1a: Forretress|67\/100\n|\n|-weather|Sandstorm|[upkeep]\n|-damage|p2a: Kyurem|94\/100|[from] Sandstorm\n|-heal|p1a: Forretress|73\/100|[from] item: Leftovers\n|upkeep\n|turn|6\n|\n|t:|1657296700\n|switch|p2a: Magnezone|Magnezone|100\/100\n|move|p1a: Forretress|Rapid Spin|p2a: Magnezone\n|-resisted|p2a: Magnezone\n|-damage|p2a: Magnezone|99\/100\n|-sideend|p1: irisissbae|Stealth Rock|[from] move: Rapid Spin|[of] p1a: Forretress\n|\n|-weather|Sandstorm|[upkeep]\n|-heal|p1a: Forretress|80\/100|[from] item: Leftovers\n|upkeep\n|turn|7\n|\n|t:|1657296705\n|move|p2a: Magnezone|Hidden Power|p1a: Forretress\n|-supereffective|p1a: Forretress\n|-damage|p1a: Forretress|0 fnt\n|faint|p1a: Forretress\n|\n|-weather|Sandstorm|[upkeep]\n|upkeep\n|\n|t:|1657296713\n|switch|p1a: Rotom|Rotom-Wash|36\/100\n|turn|8\n|\n|t:|1657296722\n|move|p1a: Rotom|Rest|p1a: Rotom\n|-status|p1a: Rotom|slp|[from] move: Rest\n|-heal|p1a: Rotom|100\/100 slp|[silent]\n|-enditem|p1a: Rotom|Chesto Berry|[eat]\n|-curestatus|p1a: Rotom|slp|[msg]\n|move|p2a: Magnezone|Thunderbolt|p1a: Rotom\n|-damage|p1a: Rotom|57\/100\n|-status|p1a: Rotom|par\n|\n|-weather|Sandstorm|[upkeep]\n|-damage|p1a: Rotom|51\/100 par|[from] Sandstorm\n|upkeep\n|turn|9\n|\n|t:|1657296729\n|move|p2a: Magnezone|Thunderbolt|p1a: Rotom\n|-damage|p1a: Rotom|11\/100 par\n|move|p1a: Rotom|Thunder Wave|p2a: Magnezone\n|-status|p2a: Magnezone|par\n|\n|-weather|Sandstorm|[upkeep]\n|-damage|p1a: Rotom|5\/100 par|[from] Sandstorm\n|upkeep\n|turn|10\n|\n|t:|1657296761\n|move|p1a: Rotom|Rest|p1a: Rotom\n|-status|p1a: Rotom|slp|[from] move: Rest\n|-heal|p1a: Rotom|100\/100 slp|[silent]\n|move|p2a: Magnezone|Thunderbolt|p1a: Rotom\n|-damage|p1a: Rotom|59\/100 slp\n|\n|-weather|Sandstorm|[upkeep]\n|-damage|p1a: Rotom|53\/100 slp|[from] Sandstorm\n|upkeep\n|turn|11\n|\n|t:|1657296770\n|switch|p1a: Tyranitar|Tyranitar, F|100\/100\n|switch|p2a: Dragonite|Dragonite, F|100\/100\n|\n|-weather|Sandstorm|[upkeep]\n|-damage|p2a: Dragonite|94\/100|[from] Sandstorm\n|-heal|p2a: Dragonite|100\/100|[from] item: Leftovers\n|upkeep\n|turn|12\n|\n|t:|1657296779\n|move|p2a: Dragonite|Dragon Dance|p2a: Dragonite\n|-boost|p2a: Dragonite|atk|1\n|-boost|p2a: Dragonite|spe|1\n|move|p1a: Tyranitar|Thunder Wave|p2a: Dragonite\n|-status|p2a: Dragonite|par\n|\n|-weather|Sandstorm|[upkeep]\n|-damage|p2a: Dragonite|94\/100 par|[from] Sandstorm\n|-heal|p2a: Dragonite|100\/100 par|[from] item: Leftovers\n|upkeep\n|turn|13\n|\n|t:|1657296790\n|move|p1a: Tyranitar|Stone Edge|p2a: Dragonite\n|-supereffective|p2a: Dragonite\n|-damage|p2a: Dragonite|46\/100 par\n|move|p2a: Dragonite|Dragon Claw|p1a: Tyranitar\n|-damage|p1a: Tyranitar|53\/100\n|\n|-weather|Sandstorm|[upkeep]\n|-damage|p2a: Dragonite|40\/100 par|[from] Sandstorm\n|-heal|p2a: Dragonite|46\/100 par|[from] item: Leftovers\n|upkeep\n|turn|14\n|\n|t:|1657296794\n|move|p1a: Tyranitar|Stone Edge|p2a: Dragonite\n|-supereffective|p2a: Dragonite\n|-damage|p2a: Dragonite|0 fnt\n|faint|p2a: Dragonite\n|\n|-weather|Sandstorm|[upkeep]\n|upkeep\n|\n|t:|1657296800\n|switch|p2a: Starmie|Starmie|100\/100\n|turn|15\n|\n|t:|1657296810\n|switch|p1a: Rotom|Rotom-Wash|53\/100 slp\n|move|p2a: Starmie|Hydro Pump|p1a: Rotom\n|-resisted|p1a: Rotom\n|-damage|p1a: Rotom|28\/100 slp\n|\n|-weather|Sandstorm|[upkeep]\n|-damage|p2a: Starmie|94\/100|[from] Sandstorm\n|-damage|p1a: Rotom|22\/100 slp|[from] Sandstorm\n|-heal|p2a: Starmie|100\/100|[from] item: Leftovers\n|upkeep\n|turn|16\n|\n|t:|1657296819\n|move|p2a: Starmie|Hydro Pump|p1a: Rotom|[miss]\n|-miss|p2a: Starmie|p1a: Rotom\n|cant|p1a: Rotom|slp\n|\n|-weather|Sandstorm|[upkeep]\n|-damage|p2a: Starmie|94\/100|[from] Sandstorm\n|-damage|p1a: Rotom|16\/100 slp|[from] Sandstorm\n|-heal|p2a: Starmie|100\/100|[from] item: Leftovers\n|upkeep\n|turn|17\n|\n|t:|1657296822\n|move|p2a: Starmie|Hydro Pump|p1a: Rotom\n|-resisted|p1a: Rotom\n|-damage|p1a: Rotom|0 fnt\n|faint|p1a: Rotom\n|\n|-weather|Sandstorm|[upkeep]\n|-damage|p2a: Starmie|94\/100|[from] Sandstorm\n|-heal|p2a: Starmie|100\/100|[from] item: Leftovers\n|upkeep\n|\n|t:|1657296825\n|switch|p1a: Scizor|Scizor, M|100\/100\n|turn|18\n|\n|t:|1657296841\n|switch|p2a: Magnezone|Magnezone|99\/100 par\n|move|p1a: Scizor|U-turn|p2a: Magnezone\n|-resisted|p2a: Magnezone\n|-damage|p2a: Magnezone|82\/100 par\n|\n|t:|1657296849\n|switch|p1a: Tyranitar|Tyranitar, F|53\/100|[from]move: U-turn\n|\n|-weather|Sandstorm|[upkeep]\n|upkeep\n|turn|19\n|\n|t:|1657296856\n|move|p1a: Tyranitar|Superpower|p2a: Magnezone\n|-supereffective|p2a: Magnezone\n|-enditem|p2a: Magnezone|Chople Berry|[eat]\n|-enditem|p2a: Magnezone|Chople Berry|[weaken]\n|-damage|p2a: Magnezone|42\/100 par\n|-unboost|p1a: Tyranitar|atk|1\n|-unboost|p1a: Tyranitar|def|1\n|cant|p2a: Magnezone|par\n|\n|-weather|Sandstorm|[upkeep]\n|upkeep\n|turn|20\n|\n|t:|1657296872\n|move|p1a: Tyranitar|Superpower|p2a: Magnezone\n|-supereffective|p2a: Magnezone\n|-damage|p2a: Magnezone|0 fnt\n|-unboost|p1a: Tyranitar|atk|1\n|-unboost|p1a: Tyranitar|def|1\n|faint|p2a: Magnezone\n|\n|-weather|Sandstorm|[upkeep]\n|upkeep\n|\n|t:|1657296881\n|switch|p2a: Kyurem|Kyurem-Black|94\/100\n|-ability|p2a: Kyurem|Teravolt\n|turn|21\n|\n|t:|1657296911\n|switch|p1a: Scizor|Scizor, M|100\/100\n|move|p2a: Kyurem|Dragon Claw|p1a: Scizor\n|-resisted|p1a: Scizor\n|-damage|p1a: Scizor|53\/100\n|\n|-weather|Sandstorm|[upkeep]\n|-damage|p2a: Kyurem|88\/100|[from] Sandstorm\n|upkeep\n|turn|22\n|\n|t:|1657296934\n|move|p1a: Scizor|Superpower|p2a: Kyurem\n|-supereffective|p2a: Kyurem\n|-damage|p2a: Kyurem|16\/100\n|-unboost|p1a: Scizor|atk|1\n|-unboost|p1a: Scizor|def|1\n|move|p2a: Kyurem|Dragon Claw|p1a: Scizor\n|-resisted|p1a: Scizor\n|-damage|p1a: Scizor|0 fnt\n|faint|p1a: Scizor\n|\n|-weather|Sandstorm|[upkeep]\n|-damage|p2a: Kyurem|10\/100|[from] Sandstorm\n|upkeep\n|inactive|irisissbae has 120 seconds left.\n|\n|t:|1657296952\n|switch|p1a: Garchomp|Garchomp, M|100\/100\n|turn|23\n|inactive|irisissbae has 120 seconds left.\n|\n|t:|1657296957\n|switch|p2a: Starmie|Starmie|100\/100\n|move|p1a: Garchomp|Earthquake|p2a: Starmie\n|-damage|p2a: Starmie|30\/100\n|\n|-weather|Sandstorm|[upkeep]\n|-damage|p2a: Starmie|23\/100|[from] Sandstorm\n|-heal|p2a: Starmie|30\/100|[from] item: Leftovers\n|upkeep\n|turn|24\n|\n|t:|1657296964\n|switch|p1a: Tyranitar|Tyranitar, F|53\/100\n|move|p2a: Starmie|Hydro Pump|p1a: Tyranitar\n|-supereffective|p1a: Tyranitar\n|-damage|p1a: Tyranitar|0 fnt\n|faint|p1a: Tyranitar\n|\n|-weather|Sandstorm|[upkeep]\n|-damage|p2a: Starmie|23\/100|[from] Sandstorm\n|-heal|p2a: Starmie|30\/100|[from] item: Leftovers\n|upkeep\n|\n|t:|1657296969\n|switch|p1a: Cofagrigus|Cofagrigus, F|100\/100\n|turn|25\n|\n|t:|1657296975\n|move|p2a: Starmie|Thunder|p1a: Cofagrigus\n|-crit|p1a: Cofagrigus\n|-damage|p1a: Cofagrigus|32\/100\n|-status|p1a: Cofagrigus|par\n|move|p1a: Cofagrigus|Trick Room|p1a: Cofagrigus\n|-fieldstart|move: Trick Room|[of] p1a: Cofagrigus\n|\n|-weather|Sandstorm|[upkeep]\n|-damage|p1a: Cofagrigus|26\/100 par|[from] Sandstorm\n|-damage|p2a: Starmie|23\/100|[from] Sandstorm\n|-heal|p1a: Cofagrigus|32\/100 par|[from] item: Leftovers\n|-heal|p2a: Starmie|30\/100|[from] item: Leftovers\n|upkeep\n|turn|26\n|c|\u2606irisissbae|nice move\n|c|\u2606Highv0ltag3|ty\n|\n|t:|1657296993\n|move|p1a: Cofagrigus|Shadow Ball|p2a: Starmie\n|-supereffective|p2a: Starmie\n|-damage|p2a: Starmie|0 fnt\n|faint|p2a: Starmie\n|\n|-weather|Sandstorm|[upkeep]\n|-damage|p1a: Cofagrigus|26\/100 par|[from] Sandstorm\n|-heal|p1a: Cofagrigus|32\/100 par|[from] item: Leftovers\n|upkeep\n|\n|t:|1657297000\n|switch|p2a: Latios|Latios, M|100\/100\n|turn|27\n|\n|t:|1657297003\n|move|p1a: Cofagrigus|Shadow Ball|p2a: Latios\n|-supereffective|p2a: Latios\n|-damage|p2a: Latios|19\/100\n|move|p2a: Latios|Dragon Pulse|p1a: Cofagrigus\n|-damage|p1a: Cofagrigus|0 fnt\n|faint|p1a: Cofagrigus\n|\n|-weather|Sandstorm|[upkeep]\n|-damage|p2a: Latios|13\/100|[from] Sandstorm\n|upkeep\n|\n|t:|1657297008\n|switch|p1a: Garchomp|Garchomp, M|100\/100\n|turn|28\n|\n|t:|1657297012\n|move|p1a: Garchomp|Outrage|p2a: Latios\n|-supereffective|p2a: Latios\n|-damage|p2a: Latios|0 fnt\n|faint|p2a: Latios\n|\n|-weather|Sandstorm|[upkeep]\n|upkeep\n|\n|t:|1657297017\n|switch|p2a: Kyurem|Kyurem-Black|10\/100\n|-ability|p2a: Kyurem|Teravolt\n|turn|29\n|\n|t:|1657297025\n|move|p2a: Kyurem|Outrage|p1a: Garchomp\n|-supereffective|p1a: Garchomp\n|-crit|p1a: Garchomp\n|-damage|p1a: Garchomp|0 fnt\n|-damage|p2a: Kyurem|0 fnt|[from] ability: Rough Skin|[of] p1a: Garchomp\n|faint|p2a: Kyurem\n|faint|p1a: Garchomp\n|\n|win|irisissbae\n|raw|irisissbae's rating: 1405 &rarr; <strong>1432<\/strong><br \/>(+27 for winning)\n|raw|Highv0ltag3's rating: 1524 &rarr; <strong>1497<\/strong><br \/>(-27 for losing)\n|c|\u2606Highv0ltag3|oh\n","uploadtime":1657297036,"views":26,"p1id":"irisissbae","p2id":"highv0ltag3","formatid":"gen5ou","rating":1432,"private":0,"password":null}