{"id":"gen5ou-1703012319","p1":"ayevon","p2":"OriginalTrainer2","format":"gen5ou","log":"|j|\u2606ayevon\n|j|\u2606OriginalTrainer2\n|t:|1667604393\n|gametype|singles\n|player|p1|ayevon|1|\n|player|p2|OriginalTrainer2|ethan-pokeathlon|\n|teamsize|p1|6\n|teamsize|p2|6\n|gen|5\n|tier|[Gen 5] OU\n|rated|Tournament battle\n|rule|Species Clause: Limit one of each Pok\u00e9mon\n|rule|OHKO Clause: OHKO moves are banned\n|rule|Moody Clause: Moody is banned\n|rule|Evasion Items Clause: Evasion items are banned\n|rule|Evasion Moves Clause: Evasion moves are banned\n|rule|Endless Battle Clause: Forcing endless battles is banned\n|rule|HP Percentage Mod: HP is shown in percentages\n|rule|Evasion Abilities Clause: Evasion abilities are banned\n|rule|Sleep Clause: Sleep-inducing moves are banned\n|rule|Swagger Clause: Swagger is banned\n|clearpoke\n|poke|p1|Tyranitar, M|item\n|poke|p1|Keldeo|item\n|poke|p1|Landorus-Therian, M|item\n|poke|p1|Rotom-Wash|item\n|poke|p1|Excadrill, M|item\n|poke|p1|Latios, M|item\n|poke|p2|Magnezone|item\n|poke|p2|Jirachi|item\n|poke|p2|Kyurem-Black|item\n|poke|p2|Kingdra, M|item\n|poke|p2|Garchomp, M|item\n|poke|p2|Mamoswine, F|item\n|teampreview\n|j| BB-8-NU\n|inactive|Battle timer is ON: inactive players will automatically lose when time's up. (requested by ayevon)\n|c|\u2606OriginalTrainer2|glhf\n|j| MavRott\n|j| ThisIsntHilarious\n|j| Hydreigon > Latias\n|inactive|ayevon has 120 seconds left.\n|inactive|OriginalTrainer2 has 120 seconds left.\n|j| marsandback\n|l| Hydreigon > Latias\n|j| FavMon=Garchomp\n|inactive|ayevon has 90 seconds left.\n|\n|t:|1667604457\n|start\n|switch|p1a: Rotom|Rotom-Wash|100\/100\n|switch|p2a: rain fish|Kingdra, M|100\/100\n|turn|1\n|\n|t:|1667604462\n|move|p2a: rain fish|Draco Meteor|p1a: Rotom\n|-damage|p1a: Rotom|24\/100\n|-unboost|p2a: rain fish|spa|2\n|move|p1a: Rotom|Will-O-Wisp|p2a: rain fish|[miss]\n|-miss|p1a: Rotom|p2a: rain fish\n|\n|-heal|p1a: Rotom|30\/100|[from] item: Leftovers\n|upkeep\n|turn|2\n|c|\u2606OriginalTrainer2|sry\n|inactive|ayevon has 120 seconds left.\n|\n|t:|1667604498\n|switch|p1a: Landorus|Landorus-Therian, M|100\/100\n|-ability|p1a: Landorus|Intimidate|boost\n|-unboost|p2a: rain fish|atk|1\n|move|p2a: rain fish|Draco Meteor|p1a: Landorus\n|-damage|p1a: Landorus|40\/100\n|-unboost|p2a: rain fish|spa|2\n|\n|-heal|p1a: Landorus|46\/100|[from] item: Leftovers\n|upkeep\n|turn|3\n|\n|t:|1667604510\n|switch|p2a: big boi|Mamoswine, F|100\/100\n|move|p1a: Landorus|Stealth Rock|p2a: big boi\n|-sidestart|p2: OriginalTrainer2|move: Stealth Rock\n|\n|-heal|p1a: Landorus|52\/100|[from] item: Leftovers\n|upkeep\n|turn|4\n|inactive|ayevon has 120 seconds left.\n|j| jetsons\n|\n|t:|1667604545\n|switch|p1a: Keldeo|Keldeo|100\/100\n|move|p2a: big boi|Superpower|p1a: Keldeo\n|-damage|p1a: Keldeo|35\/100\n|-unboost|p2a: big boi|atk|1\n|-unboost|p2a: big boi|def|1\n|-damage|p2a: big boi|91\/100|[from] item: Life Orb\n|\n|upkeep\n|turn|5\n|inactive|ayevon has 120 seconds left.\n|l| marsandback\n|inactive|OriginalTrainer2 has 120 seconds left.\n|\n|t:|1667604583\n|switch|p2a: rain fish|Kingdra, M|100\/100\n|-damage|p2a: rain fish|88\/100|[from] Stealth Rock\n|move|p1a: Keldeo|Surf|p2a: rain fish\n|-resisted|p2a: rain fish\n|-damage|p2a: rain fish|65\/100\n|\n|upkeep\n|turn|6\n|j| BlueArk\n|j| MF bee\n|inactive|ayevon has 90 seconds left.\n|j| corvere\n|j| marsandback\n|inactive|OriginalTrainer2 has 90 seconds left.\n|\n|t:|1667604620\n|switch|p1a: Rotom|Rotom-Wash|30\/100\n|move|p2a: rain fish|Dragon Pulse|p1a: Rotom\n|-damage|p1a: Rotom|0 fnt\n|faint|p1a: Rotom\n|\n|upkeep\n|\n|t:|1667604628\n|switch|p1a: Tyranitar|Tyranitar, M|100\/100\n|-weather|Sandstorm|[from] ability: Sand Stream|[of] p1a: Tyranitar\n|turn|7\n|\n|t:|1667604634\n|-activate|p2a: rain fish|move: Pursuit\n|move|p1a: Tyranitar|Pursuit|p2a: rain fish|[from]Pursuit\n|-damage|p2a: rain fish|14\/100\n|switch|p2a: cracked|Kyurem-Black|100\/100\n|-damage|p2a: cracked|76\/100|[from] Stealth Rock\n|-ability|p2a: cracked|Teravolt\n|\n|-weather|Sandstorm|[upkeep]\n|-damage|p2a: cracked|70\/100|[from] Sandstorm\n|upkeep\n|turn|8\n|\n|t:|1667604641\n|move|p2a: cracked|Outrage|p1a: Tyranitar\n|-damage|p1a: Tyranitar|0 fnt\n|faint|p1a: Tyranitar\n|\n|-weather|Sandstorm|[upkeep]\n|-damage|p2a: cracked|63\/100|[from] Sandstorm\n|upkeep\n|\n|t:|1667604645\n|switch|p1a: Excadrill|Excadrill, M|100\/100\n|turn|9\n|\n|t:|1667604647\n|move|p1a: Excadrill|Iron Head|p2a: cracked\n|-supereffective|p2a: cracked\n|-damage|p2a: cracked|0 fnt\n|faint|p2a: cracked\n|\n|-weather|Sandstorm|[upkeep]\n|upkeep\n|\n|t:|1667604652\n|switch|p2a: sticky|Magnezone|100\/100\n|-damage|p2a: sticky|94\/100|[from] Stealth Rock\n|-item|p2a: sticky|Air Balloon\n|turn|10\n|\n|t:|1667604656\n|move|p1a: Excadrill|Iron Head|p2a: sticky\n|-resisted|p2a: sticky\n|-damage|p2a: sticky|81\/100\n|-enditem|p2a: sticky|Air Balloon\n|move|p2a: sticky|Magnet Rise|p2a: sticky\n|-start|p2a: sticky|Magnet Rise\n|\n|-weather|Sandstorm|[upkeep]\n|upkeep\n|turn|11\n|\n|t:|1667604659\n|move|p1a: Excadrill|Swords Dance|p1a: Excadrill\n|-boost|p1a: Excadrill|atk|2\n|move|p2a: sticky|Sunny Day|p2a: sticky\n|-weather|SunnyDay\n|\n|-weather|SunnyDay|[upkeep]\n|upkeep\n|turn|12\n|\n|t:|1667604662\n|move|p1a: Excadrill|Iron Head|p2a: sticky\n|-resisted|p2a: sticky\n|-damage|p2a: sticky|59\/100\n|cant|p2a: sticky|flinch\n|\n|-weather|SunnyDay|[upkeep]\n|upkeep\n|turn|13\n|\n|t:|1667604666\n|move|p1a: Excadrill|Iron Head|p2a: sticky\n|-resisted|p2a: sticky\n|-damage|p2a: sticky|37\/100\n|move|p2a: sticky|Hidden Power|p1a: Excadrill\n|-supereffective|p1a: Excadrill\n|-damage|p1a: Excadrill|0 fnt\n|faint|p1a: Excadrill\n|\n|-weather|SunnyDay|[upkeep]\n|upkeep\n|\n|t:|1667604672\n|switch|p1a: Keldeo|Keldeo|35\/100\n|turn|14\n|\n|t:|1667604675\n|move|p1a: Keldeo|Secret Sword|p2a: sticky\n|-supereffective|p2a: sticky\n|-crit|p2a: sticky\n|-damage|p2a: sticky|0 fnt\n|faint|p2a: sticky\n|\n|-weather|SunnyDay|[upkeep]\n|upkeep\n|\n|t:|1667604692\n|switch|p2a: not a lando|Garchomp, M|100\/100\n|-damage|p2a: not a lando|94\/100|[from] Stealth Rock\n|turn|15\n|j| Serbosse\n|\n|t:|1667604699\n|switch|p1a: Landorus|Landorus-Therian, M|52\/100\n|-ability|p1a: Landorus|Intimidate|boost\n|-unboost|p2a: not a lando|atk|1\n|move|p2a: not a lando|Dual Chop|p1a: Landorus\n|-damage|p1a: Landorus|37\/100\n|-damage|p1a: Landorus|25\/100\n|-hitcount|p1a: Landorus|2\n|\n|-weather|none\n|-heal|p1a: Landorus|31\/100|[from] item: Leftovers\n|upkeep\n|turn|16\n|\n|t:|1667604704\n|switch|p2a: rain fish|Kingdra, M|14\/100\n|-damage|p2a: rain fish|2\/100|[from] Stealth Rock\n|move|p1a: Landorus|Hidden Power|p2a: rain fish\n|-damage|p2a: rain fish|0 fnt\n|faint|p2a: rain fish\n|\n|-heal|p1a: Landorus|37\/100|[from] item: Leftovers\n|upkeep\n|\n|t:|1667604712\n|switch|p2a: hax$|Jirachi|100\/100\n|-damage|p2a: hax$|94\/100|[from] Stealth Rock\n|turn|17\n|\n|t:|1667604715\n|move|p1a: Landorus|Earthquake|p2a: hax$\n|-supereffective|p2a: hax$\n|-damage|p2a: hax$|13\/100\n|move|p2a: hax$|Icy Wind|p1a: Landorus\n|-supereffective|p1a: Landorus\n|-damage|p1a: Landorus|0 fnt\n|faint|p1a: Landorus\n|\n|-heal|p2a: hax$|19\/100|[from] item: Leftovers\n|upkeep\n|\n|t:|1667604718\n|switch|p1a: Keldeo|Keldeo|35\/100\n|turn|18\n|\n|t:|1667604725\n|move|p1a: Keldeo|Surf|p2a: hax$\n|-damage|p2a: hax$|0 fnt\n|faint|p2a: hax$\n|\n|upkeep\n|\n|t:|1667604728\n|switch|p2a: not a lando|Garchomp, M|94\/100\n|-damage|p2a: not a lando|88\/100|[from] Stealth Rock\n|turn|19\n|l| corvere\n|j| corvere\n|inactive|ayevon has 120 seconds left.\n|\n|t:|1667604776\n|move|p2a: not a lando|Outrage|p1a: Keldeo\n|-damage|p1a: Keldeo|0 fnt\n|faint|p1a: Keldeo\n|\n|upkeep\n|\n|t:|1667604778\n|switch|p1a: Latios|Latios, M|100\/100\n|turn|20\n|\n|t:|1667604781\n|move|p1a: Latios|Draco Meteor|p2a: not a lando\n|-supereffective|p2a: not a lando\n|-damage|p2a: not a lando|0 fnt\n|-unboost|p1a: Latios|spa|2\n|faint|p2a: not a lando\n|\n|upkeep\n|\n|t:|1667604783\n|switch|p2a: big boi|Mamoswine, F|91\/100\n|-damage|p2a: big boi|78\/100|[from] Stealth Rock\n|turn|21\n|\n|t:|1667604806\n|move|p2a: big boi|Ice Shard|p1a: Latios\n|-supereffective|p1a: Latios\n|-damage|p1a: Latios|20\/100\n|-damage|p2a: big boi|68\/100|[from] item: Life Orb\n|move|p1a: Latios|Draco Meteor|p2a: big boi\n|-damage|p2a: big boi|17\/100\n|-unboost|p1a: Latios|spa|2\n|\n|upkeep\n|turn|22\n|c|\u2606OriginalTrainer2|gg\n|l| corvere\n|inactive|ayevon has 120 seconds left.\n|l| ThisIsntHilarious\n|inactive|ayevon has 90 seconds left.\n|\n|t:|1667604880\n|move|p2a: big boi|Ice Shard|p1a: Latios\n|-supereffective|p1a: Latios\n|-damage|p1a: Latios|0 fnt\n|faint|p1a: Latios\n|-damage|p2a: big boi|7\/100|[from] item: Life Orb\n|\n|win|OriginalTrainer2\n|n|\u2606ayevon|ayevon\n|n|\u2606OriginalTrainer2|originaltrainer2\n|n| BB-8-NU|bb8nu\n|n| MavRott|mavrott\n|n| FavMon=Garchomp|favmongarchomp\n|n| jetsons|jetsons\n|n| BlueArk|blueark\n|n| MF bee|mfbee\n|n| marsandback|marsandback\n|n| Serbosse|serbosse\n","uploadtime":1667604881,"views":12,"p1id":"ayevon","p2id":"originaltrainer2","formatid":"gen5ou","rating":0,"private":0,"password":null}