{"id":"gen5ou-1706954799","p1":"yourteamisgreat","p2":"triangles","format":"gen5ou","log":"|j|\u2606yourteamisgreat\n|j|\u2606triangles\n|t:|1668035987\n|gametype|singles\n|player|p1|yourteamisgreat|pokemonbreederf-gen4|\n|player|p2|triangles|artist|\n|teamsize|p1|6\n|teamsize|p2|6\n|gen|5\n|tier|[Gen 5] OU\n|rule|Species Clause: Limit one of each Pok\u00e9mon\n|rule|OHKO Clause: OHKO moves are banned\n|rule|Moody Clause: Moody is banned\n|rule|Evasion Items Clause: Evasion items are banned\n|rule|Evasion Moves Clause: Evasion moves are banned\n|rule|Endless Battle Clause: Forcing endless battles is banned\n|rule|HP Percentage Mod: HP is shown in percentages\n|rule|Evasion Abilities Clause: Evasion abilities are banned\n|rule|Sleep Clause: Sleep-inducing moves are banned\n|rule|Swagger Clause: Swagger is banned\n|clearpoke\n|poke|p1|Scizor, M|item\n|poke|p1|Cloyster, F|item\n|poke|p1|Aerodactyl, M|item\n|poke|p1|Volcarona, M|item\n|poke|p1|Starmie|item\n|poke|p1|Dragonite, M|item\n|poke|p2|Tyranitar, F|item\n|poke|p2|Heatran, F|item\n|poke|p2|Gastrodon, F|item\n|poke|p2|Gliscor, M|item\n|poke|p2|Celebi|item\n|poke|p2|Excadrill, F|item\n|teampreview\n|inactive|Battle timer is ON: inactive players will automatically lose when time's up. (requested by triangles)\n|c|\u2606triangles|hf\n|c|\u2606yourteamisgreat|Glhf\n|inactive|triangles has 270 seconds left.\n|\n|t:|1668036047\n|start\n|switch|p1a: Aerodactyl|Aerodactyl, M|100\/100\n|switch|p2a: Excadrill|Excadrill, F|100\/100\n|-ability|p1a: Aerodactyl|Pressure\n|turn|1\n|\n|t:|1668036056\n|move|p1a: Aerodactyl|Taunt|p2a: Excadrill\n|-start|p2a: Excadrill|move: Taunt\n|move|p2a: Excadrill|Iron Head|p1a: Aerodactyl\n|-supereffective|p1a: Aerodactyl\n|-enditem|p1a: Aerodactyl|Focus Sash\n|-damage|p1a: Aerodactyl|1\/100\n|\n|upkeep\n|turn|2\n|\n|t:|1668036064\n|move|p1a: Aerodactyl|Stealth Rock|p2a: Excadrill\n|-sidestart|p2: triangles|move: Stealth Rock\n|move|p2a: Excadrill|Rapid Spin|p1a: Aerodactyl\n|-resisted|p1a: Aerodactyl\n|-damage|p1a: Aerodactyl|0 fnt\n|-sideend|p2: triangles|Stealth Rock|[from] move: Rapid Spin|[of] p2a: Excadrill\n|faint|p1a: Aerodactyl\n|\n|upkeep\n|\n|t:|1668036070\n|switch|p1a: Cloyster|Cloyster, F|100\/100\n|turn|3\n|inactive|triangles has 270 seconds left.\n|\n|t:|1668036129\n|switch|p2a: Heatran|Heatran, F|100\/100\n|move|p1a: Cloyster|Shell Smash|p1a: Cloyster\n|-unboost|p1a: Cloyster|def|1\n|-unboost|p1a: Cloyster|spd|1\n|-boost|p1a: Cloyster|atk|2\n|-boost|p1a: Cloyster|spa|2\n|-boost|p1a: Cloyster|spe|2\n|\n|upkeep\n|turn|4\n|\n|t:|1668036137\n|move|p1a: Cloyster|Rock Blast|p2a: Heatran\n|-damage|p2a: Heatran|88\/100\n|-damage|p2a: Heatran|75\/100\n|-damage|p2a: Heatran|62\/100\n|-damage|p2a: Heatran|50\/100\n|-damage|p2a: Heatran|38\/100\n|-hitcount|p2a: Heatran|5\n|move|p2a: Heatran|Lava Plume|p1a: Cloyster\n|-damage|p1a: Cloyster|0 fnt\n|faint|p1a: Cloyster\n|\n|-heal|p2a: Heatran|45\/100|[from] item: Leftovers\n|upkeep\n|\n|t:|1668036140\n|switch|p1a: Dragonite|Dragonite, M|100\/100\n|turn|5\n|\n|t:|1668036160\n|switch|p2a: Gliscor|Gliscor, M|100\/100\n|move|p1a: Dragonite|Substitute|p1a: Dragonite\n|-start|p1a: Dragonite|Substitute\n|-damage|p1a: Dragonite|76\/100\n|\n|-heal|p1a: Dragonite|82\/100|[from] item: Leftovers\n|-status|p2a: Gliscor|tox|[from] item: Toxic Orb\n|upkeep\n|turn|6\n|inactive|triangles has 240 seconds left.\n|\n|t:|1668036179\n|move|p1a: Dragonite|Dragon Dance|p1a: Dragonite\n|-boost|p1a: Dragonite|atk|1\n|-boost|p1a: Dragonite|spe|1\n|move|p2a: Gliscor|Ice Fang|p1a: Dragonite\n|-supereffective|p1a: Dragonite\n|-end|p1a: Dragonite|Substitute\n|\n|-heal|p1a: Dragonite|88\/100|[from] item: Leftovers\n|upkeep\n|turn|7\n|\n|t:|1668036189\n|move|p1a: Dragonite|Dragon Dance|p1a: Dragonite\n|-boost|p1a: Dragonite|atk|1\n|-boost|p1a: Dragonite|spe|1\n|move|p2a: Gliscor|Knock Off|p1a: Dragonite\n|-damage|p1a: Dragonite|84\/100\n|-enditem|p1a: Dragonite|Leftovers|[from] move: Knock Off|[of] p2a: Gliscor\n|\n|upkeep\n|turn|8\n|\n|t:|1668036195\n|move|p1a: Dragonite|Dragon Dance|p1a: Dragonite\n|-boost|p1a: Dragonite|atk|1\n|-boost|p1a: Dragonite|spe|1\n|move|p2a: Gliscor|Ice Fang|p1a: Dragonite\n|-supereffective|p1a: Dragonite\n|-damage|p1a: Dragonite|32\/100\n|-status|p1a: Dragonite|frz\n|\n|upkeep\n|turn|9\n|c|\u2606triangles|oh\n|c|\u2606triangles|lame\n|inactive|triangles has 240 seconds left.\n|\n|t:|1668036228\n|-curestatus|p1a: Dragonite|frz|[msg]\n|move|p1a: Dragonite|Dragon Claw|p2a: Gliscor\n|-damage|p2a: Gliscor|51\/100 tox\n|move|p2a: Gliscor|Ice Fang|p1a: Dragonite\n|-supereffective|p1a: Dragonite\n|-damage|p1a: Dragonite|0 fnt\n|faint|p1a: Dragonite\n|\n|-heal|p2a: Gliscor|64\/100 tox|[from] ability: Poison Heal\n|upkeep\n|\n|t:|1668036234\n|switch|p1a: Volcarona|Volcarona, M|100\/100\n|turn|10\n|inactive|triangles has 240 seconds left.\n|\n|t:|1668036244\n|switch|p2a: Gastrodon|Gastrodon, F|100\/100\n|move|p1a: Volcarona|Quiver Dance|p1a: Volcarona\n|-boost|p1a: Volcarona|spa|1\n|-boost|p1a: Volcarona|spd|1\n|-boost|p1a: Volcarona|spe|1\n|\n|upkeep\n|turn|11\n|\n|t:|1668036247\n|move|p1a: Volcarona|Bug Buzz|p2a: Gastrodon\n|-damage|p2a: Gastrodon|24\/100\n|move|p2a: Gastrodon|Clear Smog|p1a: Volcarona\n|-damage|p1a: Volcarona|94\/100\n|-clearboost|p1a: Volcarona\n|\n|-heal|p2a: Gastrodon|30\/100|[from] item: Leftovers\n|upkeep\n|turn|12\n|\n|t:|1668036254\n|move|p1a: Volcarona|Bug Buzz|p2a: Gastrodon\n|-damage|p2a: Gastrodon|0 fnt\n|faint|p2a: Gastrodon\n|\n|upkeep\n|\n|t:|1668036256\n|switch|p2a: Tyranitar|Tyranitar, F|100\/100\n|-weather|Sandstorm|[from] ability: Sand Stream|[of] p2a: Tyranitar\n|turn|13\n|\n|t:|1668036263\n|switch|p1a: Scizor|Scizor, M|100\/100\n|move|p2a: Tyranitar|Stone Edge|p1a: Scizor\n|-crit|p1a: Scizor\n|-damage|p1a: Scizor|0 fnt\n|faint|p1a: Scizor\n|\n|-weather|Sandstorm|[upkeep]\n|upkeep\n|\n|t:|1668036266\n|switch|p1a: Starmie|Starmie|100\/100\n|turn|14\n|inactive|triangles has 270 seconds left.\n|\n|t:|1668036285\n|move|p2a: Tyranitar|Stone Edge|p1a: Starmie\n|-damage|p1a: Starmie|15\/100\n|move|p1a: Starmie|Hydro Pump|p2a: Tyranitar\n|-supereffective|p2a: Tyranitar\n|-damage|p2a: Tyranitar|0 fnt\n|faint|p2a: Tyranitar\n|-damage|p1a: Starmie|5\/100|[from] item: Life Orb\n|\n|-weather|Sandstorm|[upkeep]\n|-damage|p1a: Starmie|0 fnt|[from] Sandstorm\n|faint|p1a: Starmie\n|upkeep\n|c|\u2606yourteamisgreat|Ok gg\n|c|\u2606triangles|idk, think volc might be about to kill my whole team\n|inactive|triangles has 240 seconds left.\n|c|\u2606triangles|i forgot analytic\n|\n|t:|1668036318\n|switch|p1a: Volcarona|Volcarona, M|94\/100\n|switch|p2a: Heatran|Heatran, F|45\/100\n|turn|15\n|\n|t:|1668036329\n|move|p1a: Volcarona|Quiver Dance|p1a: Volcarona\n|-boost|p1a: Volcarona|spa|1\n|-boost|p1a: Volcarona|spd|1\n|-boost|p1a: Volcarona|spe|1\n|move|p2a: Heatran|Lava Plume|p1a: Volcarona\n|-damage|p1a: Volcarona|71\/100\n|\n|-weather|Sandstorm|[upkeep]\n|-damage|p1a: Volcarona|65\/100|[from] Sandstorm\n|-heal|p2a: Heatran|51\/100|[from] item: Leftovers\n|upkeep\n|turn|16\n|\n|t:|1668036336\n|move|p1a: Volcarona|Psychic|p2a: Heatran\n|-resisted|p2a: Heatran\n|-damage|p2a: Heatran|35\/100\n|move|p2a: Heatran|Lava Plume|p1a: Volcarona\n|-damage|p1a: Volcarona|41\/100\n|\n|-weather|Sandstorm|[upkeep]\n|-damage|p1a: Volcarona|35\/100|[from] Sandstorm\n|-heal|p2a: Heatran|41\/100|[from] item: Leftovers\n|upkeep\n|turn|17\n|\n|t:|1668036339\n|move|p1a: Volcarona|Psychic|p2a: Heatran\n|-resisted|p2a: Heatran\n|-damage|p2a: Heatran|26\/100\n|move|p2a: Heatran|Lava Plume|p1a: Volcarona\n|-damage|p1a: Volcarona|11\/100\n|\n|-weather|Sandstorm|[upkeep]\n|-damage|p1a: Volcarona|5\/100|[from] Sandstorm\n|-heal|p2a: Heatran|32\/100|[from] item: Leftovers\n|upkeep\n|turn|18\n|\n|t:|1668036343\n|move|p2a: Heatran|Protect|p2a: Heatran\n|-singleturn|p2a: Heatran|Protect\n|move|p1a: Volcarona|Psychic|p2a: Heatran\n|-activate|p2a: Heatran|move: Protect\n|\n|-weather|Sandstorm|[upkeep]\n|-damage|p1a: Volcarona|0 fnt|[from] Sandstorm\n|faint|p1a: Volcarona\n|\n|win|triangles\n|upkeep\n|c|\u2606triangles|gg\n|l|\u2606triangles\n","uploadtime":1668036670,"views":4,"p1id":"yourteamisgreat","p2id":"triangles","formatid":"gen5ou","rating":0,"private":0,"password":null}