{"id":"gen5ubers-1630803563","p1":"Raph369","p2":"4mi","format":"gen5ubers","log":"|j|\u2606Raph369\n|j|\u26064mi\n|t:|1659466508\n|gametype|singles\n|player|p1|Raph369|archer|\n|player|p2|4mi|picnicker|\n|teamsize|p1|6\n|teamsize|p2|6\n|gen|5\n|tier|[Gen 5] Ubers\n|rated|Tournament battle\n|rule|Species Clause: Limit one of each Pok\u00e9mon\n|rule|OHKO Clause: OHKO moves are banned\n|rule|Moody Clause: Moody is banned\n|rule|Evasion Moves Clause: Evasion moves are banned\n|rule|Endless Battle Clause: Forcing endless battles is banned\n|rule|HP Percentage Mod: HP is shown in percentages\n|rule|Sleep Clause Mod: Limit one foe put to sleep\n|clearpoke\n|poke|p1|Excadrill, F|item\n|poke|p1|Groudon|item\n|poke|p1|Deoxys-Attack|item\n|poke|p1|Genesect|item\n|poke|p1|Latios, M|item\n|poke|p1|Arceus-*|item\n|poke|p2|Deoxys-Speed|item\n|poke|p2|Giratina-Origin|item\n|poke|p2|Dialga|item\n|poke|p2|Groudon|item\n|poke|p2|Arceus-*|item\n|poke|p2|Latios, M|item\n|teampreview\n|inactive|Battle timer is ON: inactive players will automatically lose when time's up. (requested by 4mi)\n|c|\u2606Raph369|hf\n|\n|t:|1659466534\n|start\n|switch|p1a: Excadrill|Excadrill, F|100\/100\n|switch|p2a: Giratina|Giratina-Origin|100\/100\n|-ability|p1a: Excadrill|Mold Breaker\n|turn|1\n|inactive|Raph369 has 120 seconds left.\n|\n|t:|1659466578\n|move|p1a: Excadrill|Stealth Rock|p2a: Giratina\n|-sidestart|p2: 4mi|move: Stealth Rock\n|move|p2a: Giratina|Hidden Power|p1a: Excadrill\n|-supereffective|p1a: Excadrill\n|-damage|p1a: Excadrill|28\/100\n|\n|upkeep\n|turn|2\n|\n|t:|1659466593\n|switch|p2a: Deoxys|Deoxys-Speed|100\/100\n|-damage|p2a: Deoxys|88\/100|[from] Stealth Rock\n|-ability|p2a: Deoxys|Pressure\n|move|p1a: Excadrill|Toxic|p2a: Deoxys\n|-status|p2a: Deoxys|tox\n|\n|-damage|p2a: Deoxys|82\/100 tox|[from] psn\n|upkeep\n|turn|3\n|\n|t:|1659466604\n|move|p2a: Deoxys|Spikes|p1a: Excadrill\n|-sidestart|p1: Raph369|Spikes\n|move|p1a: Excadrill|Rapid Spin|p2a: Deoxys\n|-damage|p2a: Deoxys|72\/100 tox\n|-sideend|p1: Raph369|Spikes|[from] move: Rapid Spin|[of] p1a: Excadrill\n|-enditem|p2a: Deoxys|Red Card|[of] p1a: Excadrill\n|drag|p1a: Arceus|Arceus-Ghost|100\/100\n|\n|-damage|p2a: Deoxys|59\/100 tox|[from] psn\n|upkeep\n|turn|4\n|inactive|Raph369 has 120 seconds left.\n|inactive|4mi has 120 seconds left.\n|\n|t:|1659466620\n|move|p2a: Deoxys|Spikes|p1a: Arceus\n|-sidestart|p1: Raph369|Spikes\n|move|p1a: Arceus|Calm Mind|p1a: Arceus\n|-boost|p1a: Arceus|spa|1\n|-boost|p1a: Arceus|spd|1\n|\n|-damage|p2a: Deoxys|40\/100 tox|[from] psn\n|upkeep\n|turn|5\n|inactive|Raph369 has 120 seconds left.\n|\n|t:|1659466649\n|move|p2a: Deoxys|Spikes|p1a: Arceus\n|-sidestart|p1: Raph369|Spikes\n|move|p1a: Arceus|Judgment|p2a: Deoxys\n|-supereffective|p2a: Deoxys\n|-damage|p2a: Deoxys|0 fnt\n|faint|p2a: Deoxys\n|\n|upkeep\n|j| GAURAVTHEPRO\n|inactive|4mi has 120 seconds left.\n|l| GAURAVTHEPRO\n|\n|t:|1659466665\n|switch|p2a: Groudon|Groudon|100\/100\n|-damage|p2a: Groudon|94\/100|[from] Stealth Rock\n|-weather|SunnyDay|[from] ability: Drought|[of] p2a: Groudon\n|turn|6\n|inactive|4mi has 120 seconds left.\n|\n|t:|1659466676\n|move|p1a: Arceus|Judgment|p2a: Groudon\n|-damage|p2a: Groudon|13\/100\n|move|p2a: Groudon|Rock Polish|p2a: Groudon\n|-boost|p2a: Groudon|spe|2\n|\n|-weather|SunnyDay|[upkeep]\n|upkeep\n|turn|7\n|\n|t:|1659466690\n|move|p2a: Groudon|Earthquake|p1a: Arceus\n|-damage|p1a: Arceus|47\/100\n|move|p1a: Arceus|Judgment|p2a: Groudon\n|-damage|p2a: Groudon|0 fnt\n|faint|p2a: Groudon\n|\n|-weather|SunnyDay|[upkeep]\n|upkeep\n|\n|t:|1659466698\n|switch|p2a: Arceus|Arceus-Ghost|100\/100\n|-damage|p2a: Arceus|88\/100|[from] Stealth Rock\n|turn|8\n|j| Saurav The Great\n|\n|t:|1659466701\n|move|p1a: Arceus|Judgment|p2a: Arceus\n|-supereffective|p2a: Arceus\n|-damage|p2a: Arceus|0 fnt\n|faint|p2a: Arceus\n|\n|-weather|SunnyDay|[upkeep]\n|upkeep\n|\n|t:|1659466704\n|switch|p2a: Giratina|Giratina-Origin|100\/100\n|-damage|p2a: Giratina|88\/100|[from] Stealth Rock\n|turn|9\n|\n|t:|1659466705\n|move|p2a: Giratina|Shadow Sneak|p1a: Arceus\n|-supereffective|p1a: Arceus\n|-damage|p1a: Arceus|14\/100\n|move|p1a: Arceus|Judgment|p2a: Giratina\n|-supereffective|p2a: Giratina\n|-damage|p2a: Giratina|0 fnt\n|faint|p2a: Giratina\n|\n|-weather|SunnyDay|[upkeep]\n|upkeep\n|\n|t:|1659466709\n|switch|p2a: Dialga|Dialga|100\/100\n|-damage|p2a: Dialga|94\/100|[from] Stealth Rock\n|-ability|p2a: Dialga|Pressure\n|turn|10\n|j|+STEEL. SKITTY!!!!\n|\n|t:|1659466723\n|move|p2a: Dialga|Dragon Pulse|p1a: Arceus\n|-damage|p1a: Arceus|0 fnt\n|faint|p1a: Arceus\n|\n|-weather|SunnyDay|[upkeep]\n|upkeep\n|\n|t:|1659466743\n|switch|p1a: Genesect|Genesect|100\/100\n|-damage|p1a: Genesect|84\/100|[from] Spikes\n|-ability|p1a: Genesect|Download|boost\n|-boost|p1a: Genesect|spa|1\n|turn|11\n|\n|t:|1659466748\n|move|p1a: Genesect|Ice Beam|p2a: Dialga\n|-damage|p2a: Dialga|55\/100\n|move|p2a: Dialga|Dragon Pulse|p1a: Genesect\n|-resisted|p1a: Genesect\n|-damage|p1a: Genesect|44\/100\n|\n|-weather|SunnyDay|[upkeep]\n|upkeep\n|turn|12\n|\n|t:|1659466767\n|move|p1a: Genesect|Ice Beam|p2a: Dialga\n|-damage|p2a: Dialga|18\/100\n|move|p2a: Dialga|Dragon Pulse|p1a: Genesect\n|-resisted|p1a: Genesect\n|-damage|p1a: Genesect|5\/100\n|\n|-weather|SunnyDay|[upkeep]\n|upkeep\n|turn|13\n|\n|t:|1659466772\n|move|p1a: Genesect|Ice Beam|p2a: Dialga\n|-damage|p2a: Dialga|0 fnt\n|faint|p2a: Dialga\n|\n|-weather|SunnyDay|[upkeep]\n|upkeep\n|\n|t:|1659466773\n|switch|p2a: Latios|Latios, M|100\/100\n|-damage|p2a: Latios|88\/100|[from] Stealth Rock\n|turn|14\n|\n|t:|1659466775\n|move|p1a: Genesect|Ice Beam|p2a: Latios\n|-supereffective|p2a: Latios\n|-crit|p2a: Latios\n|-damage|p2a: Latios|0 fnt\n|faint|p2a: Latios\n|\n|win|Raph369\n|n|\u2606Raph369|raph369\n|n|\u26064mi|4mi\n|n| Saurav The Great|sauravthegreat\n|n|+STEEL. SKITTY!!!!|steelskitty\n|l|\u26064mi\n|c|\u2606Raph369|gg\n|l|\u2606Raph369\n|l|+STEEL. SKITTY!!!!\n|l| Saurav The Great\n|j| Fire and wrath\n|j| King Billu\n|l| Fire and wrath\n","uploadtime":1659466866,"views":11,"p1id":"raph369","p2id":"4mi","formatid":"gen5ubers","rating":0,"private":0,"password":null}