{"id":"gen5ou-1304076593","p1":"Not Queenzz","p2":"isheavydead","format":"gen5ou","log":"|j|\u2606Not Queenzz\n|j|\u2606isheavydead\n|inactive|Battle timer is ON: inactive players will automatically lose when time's up.\n|t:|1616087424\n|player|p1|Not Queenzz|pilot|\n|player|p2|isheavydead|ethan|\n|teamsize|p1|6\n|teamsize|p2|6\n|gametype|singles\n|gen|5\n|tier|[Gen 5] OU\n|rated|Tournament battle\n|clearpoke\n|poke|p1|Mamoswine, F|item\n|poke|p1|Latios, M|item\n|poke|p1|Scizor, M|item\n|poke|p1|Kyurem-Black|item\n|poke|p1|Magnezone|item\n|poke|p1|Salamence, F|item\n|poke|p2|Politoed, M|item\n|poke|p2|Ferrothorn, F|item\n|poke|p2|Tentacruel, M|item\n|poke|p2|Latios, M|item\n|poke|p2|Keldeo-Resolute|item\n|poke|p2|Thundurus-Therian, M|item\n|rule|Species Clause: Limit one of each Pok\u00e9mon\n|rule|OHKO Clause: OHKO moves are banned\n|rule|Moody Clause: Moody is banned\n|rule|Evasion Moves Clause: Evasion moves are banned\n|rule|Endless Battle Clause: Forcing endless battles is banned\n|rule|HP Percentage Mod: HP is shown in percentages\n|rule|Evasion Abilities Clause: Evasion abilities are banned\n|rule|Baton Pass Clause: Limit one Baton Passer, can't pass Spe and other stats simultaneously\n|rule|Sleep Clause: Sleep-inducing moves are banned\n|rule|Swagger Clause: Swagger is banned\n|teampreview\n|inactive|Not Queenzz also wants the timer to be on.\n|j| trollordder\n|\n|t:|1616087433\n|start\n|switch|p1a: Mamoswine|Mamoswine, F|100\/100\n|switch|p2a: Politoed|Politoed, M|100\/100\n|-weather|RainDance|[from] ability: Drizzle|[of] p2a: Politoed\n|turn|1\n|\n|t:|1616087438\n|move|p1a: Mamoswine|Stealth Rock|p2a: Politoed\n|-sidestart|p2: isheavydead|move: Stealth Rock\n|move|p2a: Politoed|Scald|p1a: Mamoswine\n|-supereffective|p1a: Mamoswine\n|-enditem|p1a: Mamoswine|Focus Sash\n|-damage|p1a: Mamoswine|1\/100\n|-status|p1a: Mamoswine|brn\n|\n|-weather|RainDance|[upkeep]\n|-damage|p1a: Mamoswine|0 fnt|[from] brn\n|faint|p1a: Mamoswine\n|upkeep\n|j| sidkurfr\n|j| LegendaryC26\n|\n|t:|1616087446\n|switch|p1a: Magnezone|Magnezone|100\/100\n|turn|2\n|c|\u2606isheavydead|POG\n|j| Korkskrew\n|c| sidkurfr|lol\n|\n|t:|1616087461\n|switch|p1a: Kyurem|Kyurem-Black|100\/100\n|-ability|p1a: Kyurem|Teravolt\n|switch|p2a: Thundurus|Thundurus-Therian, M|100\/100\n|-damage|p2a: Thundurus|76\/100|[from] Stealth Rock\n|\n|-weather|RainDance|[upkeep]\n|-heal|p2a: Thundurus|82\/100|[from] item: Leftovers\n|upkeep\n|turn|3\n|j| Dwagun\n|c| sidkurfr|burn\n|c|\u2606isheavydead|im so ass at gen 8\n|c|\u2606isheavydead|heads up\n|\n|t:|1616087475\n|switch|p2a: Keldeo|Keldeo-Resolute|100\/100\n|-damage|p2a: Keldeo|94\/100|[from] Stealth Rock\n|move|p1a: Kyurem|Ice Beam|p2a: Keldeo\n|-resisted|p2a: Keldeo\n|-crit|p2a: Keldeo\n|-damage|p2a: Keldeo|34\/100\n|-damage|p1a: Kyurem|91\/100|[from] item: Life Orb\n|\n|-weather|RainDance|[upkeep]\n|upkeep\n|turn|4\n|c| trollordder|CRIT\n|c| trollordder|lol\n|c| sidkurfr|isheavydead wdym u defeated big man jamvad\n|l| LegendaryC26\n|\n|t:|1616087498\n|move|p2a: Keldeo|Secret Sword|p1a: Kyurem\n|-supereffective|p1a: Kyurem\n|-damage|p1a: Kyurem|0 fnt\n|faint|p1a: Kyurem\n|\n|-weather|RainDance|[upkeep]\n|upkeep\n|\n|t:|1616087500\n|switch|p1a: Salamence|Salamence, F|100\/100\n|turn|5\n|c|\u2606isheavydead|that was only in gen 8\n|c| sidkurfr|ye\n|\n|t:|1616087519\n|switch|p2a: Latios|Latios, M|100\/100\n|-damage|p2a: Latios|88\/100|[from] Stealth Rock\n|move|p1a: Salamence|Dragon Claw|p2a: Latios\n|-supereffective|p2a: Latios\n|-damage|p2a: Latios|0 fnt\n|faint|p2a: Latios\n|-ability|p1a: Salamence|Moxie|boost\n|-boost|p1a: Salamence|atk|1\n|\n|-weather|RainDance|[upkeep]\n|upkeep\n|c|\u2606isheavydead|fuck\n|\n|t:|1616087525\n|switch|p2a: Thundurus|Thundurus-Therian, M|82\/100\n|-damage|p2a: Thundurus|57\/100|[from] Stealth Rock\n|turn|6\n|\n|t:|1616087528\n|move|p1a: Salamence|Dragon Claw|p2a: Thundurus\n|-damage|p2a: Thundurus|0 fnt\n|faint|p2a: Thundurus\n|-ability|p1a: Salamence|Moxie|boost\n|-boost|p1a: Salamence|atk|1\n|\n|-weather|RainDance|[upkeep]\n|upkeep\n|c|\u2606isheavydead|omg\n|c|\u2606isheavydead|gg\n|\n|t:|1616087534\n|switch|p2a: Ferrothorn|Ferrothorn, F|100\/100\n|-damage|p2a: Ferrothorn|94\/100|[from] Stealth Rock\n|turn|7\n|\n|t:|1616087541\n|switch|p1a: Magnezone|Magnezone|100\/100\n|move|p2a: Ferrothorn|Knock Off|p1a: Magnezone\n|-resisted|p1a: Magnezone\n|-damage|p1a: Magnezone|98\/100\n|-enditem|p1a: Magnezone|Choice Specs|[from] move: Knock Off|[of] p2a: Ferrothorn\n|\n|-weather|RainDance|[upkeep]\n|-heal|p2a: Ferrothorn|100\/100|[from] item: Leftovers\n|upkeep\n|turn|8\n|\n|t:|1616087544\n|move|p1a: Magnezone|Hidden Power|p2a: Ferrothorn\n|-supereffective|p2a: Ferrothorn\n|-damage|p2a: Ferrothorn|68\/100\n|move|p2a: Ferrothorn|Stealth Rock|p1a: Magnezone\n|-sidestart|p1: Not Queenzz|move: Stealth Rock\n|\n|-weather|RainDance|[upkeep]\n|-heal|p2a: Ferrothorn|74\/100|[from] item: Leftovers\n|upkeep\n|turn|9\n|\n|t:|1616087547\n|move|p1a: Magnezone|Hidden Power|p2a: Ferrothorn\n|-supereffective|p2a: Ferrothorn\n|-crit|p2a: Ferrothorn\n|-damage|p2a: Ferrothorn|0 fnt\n|faint|p2a: Ferrothorn\n|\n|-weather|RainDance|[upkeep]\n|upkeep\n|\n|t:|1616087550\n|switch|p2a: Keldeo|Keldeo-Resolute|34\/100\n|-damage|p2a: Keldeo|28\/100|[from] Stealth Rock\n|turn|10\n|c| trollordder|damn\n|\n|t:|1616087563\n|switch|p1a: Latios|Latios, M|100\/100\n|-damage|p1a: Latios|88\/100|[from] Stealth Rock\n|move|p2a: Keldeo|Surf|p1a: Latios\n|-resisted|p1a: Latios\n|-damage|p1a: Latios|29\/100\n|\n|-weather|RainDance|[upkeep]\n|upkeep\n|turn|11\n|c|\u2606isheavydead|i can literally check what item they have im shit\n|j| neverwantedto\n|\n|t:|1616087576\n|move|p1a: Latios|Dragon Pulse|p2a: Keldeo\n|-damage|p2a: Keldeo|0 fnt\n|faint|p2a: Keldeo\n|\n|-weather|RainDance|[upkeep]\n|upkeep\n|\n|t:|1616087580\n|switch|p2a: Tentacruel|Tentacruel, M|100\/100\n|-damage|p2a: Tentacruel|88\/100|[from] Stealth Rock\n|turn|12\n|c|\u2606isheavydead|cant even get a rapid spin boost :((\n|\n|t:|1616087596\n|move|p1a: Latios|Dragon Pulse|p2a: Tentacruel\n|-damage|p2a: Tentacruel|31\/100\n|move|p2a: Tentacruel|Rapid Spin|p1a: Latios\n|-damage|p1a: Latios|25\/100\n|-sideend|p2: isheavydead|Stealth Rock|[from] move: Rapid Spin|[of] p2a: Tentacruel\n|\n|-weather|RainDance|[upkeep]\n|-heal|p2a: Tentacruel|37\/100|[from] ability: Rain Dish\n|-heal|p2a: Tentacruel|43\/100|[from] item: Black Sludge\n|upkeep\n|turn|13\n|\n|t:|1616087599\n|move|p2a: Tentacruel|Protect|p2a: Tentacruel\n|-singleturn|p2a: Tentacruel|Protect\n|move|p1a: Latios|Dragon Pulse|p2a: Tentacruel\n|-activate|p2a: Tentacruel|move: Protect\n|\n|-weather|RainDance|[upkeep]\n|-heal|p2a: Tentacruel|50\/100|[from] ability: Rain Dish\n|-heal|p2a: Tentacruel|56\/100|[from] item: Black Sludge\n|upkeep\n|turn|14\n|c|\u2606isheavydead|whyd that do so much\n|\n|t:|1616087609\n|move|p1a: Latios|Dragon Pulse|p2a: Tentacruel\n|-damage|p2a: Tentacruel|1\/100\n|move|p2a: Tentacruel|Toxic|p1a: Latios\n|-status|p1a: Latios|tox\n|\n|-weather|RainDance|[upkeep]\n|-heal|p2a: Tentacruel|7\/100|[from] ability: Rain Dish\n|-heal|p2a: Tentacruel|14\/100|[from] item: Black Sludge\n|-damage|p1a: Latios|19\/100 tox|[from] psn\n|upkeep\n|turn|15\n|\n|t:|1616087618\n|move|p2a: Tentacruel|Protect|p2a: Tentacruel\n|-singleturn|p2a: Tentacruel|Protect\n|move|p1a: Latios|Dragon Pulse|p2a: Tentacruel\n|-activate|p2a: Tentacruel|move: Protect\n|\n|-weather|RainDance|[upkeep]\n|-heal|p2a: Tentacruel|20\/100|[from] ability: Rain Dish\n|-heal|p2a: Tentacruel|26\/100|[from] item: Black Sludge\n|-damage|p1a: Latios|7\/100 tox|[from] psn\n|upkeep\n|turn|16\n|\n|t:|1616087621\n|move|p2a: Tentacruel|Protect|p2a: Tentacruel\n|-singleturn|p2a: Tentacruel|Protect\n|move|p1a: Latios|Dragon Pulse|p2a: Tentacruel\n|-activate|p2a: Tentacruel|move: Protect\n|\n|-weather|RainDance|[upkeep]\n|-heal|p2a: Tentacruel|32\/100|[from] ability: Rain Dish\n|-heal|p2a: Tentacruel|38\/100|[from] item: Black Sludge\n|-damage|p1a: Latios|0 fnt|[from] psn\n|faint|p1a: Latios\n|upkeep\n|\n|t:|1616087627\n|switch|p1a: Salamence|Salamence, F|100\/100\n|-damage|p1a: Salamence|76\/100|[from] Stealth Rock\n|turn|17\n|l| Dwagun\n|\n|t:|1616087630\n|move|p1a: Salamence|Outrage|p2a: Tentacruel\n|-damage|p2a: Tentacruel|0 fnt\n|faint|p2a: Tentacruel\n|-ability|p1a: Salamence|Moxie|boost\n|-boost|p1a: Salamence|atk|1\n|\n|-weather|RainDance|[upkeep]\n|upkeep\n|\n|t:|1616087633\n|switch|p2a: Politoed|Politoed, M|100\/100\n|turn|18\n|c|\u2606isheavydead|gg\n|-message|isheavydead forfeited.\n|\n|win|Not Queenzz\n|n|\u2606Not Queenzz|notqueenzz\n|n|\u2606isheavydead|isheavydead\n|n| trollordder|trollordder\n|n| sidkurfr|sidkurfr\n|n| Korkskrew|korkskrew\n|n| neverwantedto|neverwantedto\n|c|\u2606Not Queenzz|gg\n","uploadtime":1616087640,"views":19,"p1id":"notqueenzz","p2id":"isheavydead","formatid":"gen5ou","rating":0,"private":0,"password":null}