{"id":"gen5ubers-1680353674","p1":"alvar03","p2":"85792195wwww","format":"gen5ubers","log":"|j|\u2606alvar03\n|j|\u260685792195wwww\n|t:|1665182144\n|gametype|singles\n|player|p1|alvar03|alder|1456\n|player|p2|85792195wwww|266|1374\n|teamsize|p1|6\n|teamsize|p2|6\n|gen|5\n|tier|[Gen 5] Ubers\n|rated|\n|rule|Species Clause: Limit one of each Pok\u00e9mon\n|rule|OHKO Clause: OHKO moves are banned\n|rule|Moody Clause: Moody is banned\n|rule|Evasion Items Clause: Evasion items are banned\n|rule|Evasion Moves Clause: Evasion moves are banned\n|rule|Endless Battle Clause: Forcing endless battles is banned\n|rule|HP Percentage Mod: HP is shown in percentages\n|rule|Sleep Clause Mod: Limit one foe put to sleep\n|clearpoke\n|poke|p1|Kyogre|item\n|poke|p1|Arceus-*|item\n|poke|p1|Giratina-Origin|item\n|poke|p1|Ferrothorn, M|item\n|poke|p1|Kabutops, F|item\n|poke|p1|Dialga|item\n|poke|p2|Arceus-*|item\n|poke|p2|Deoxys-Attack|item\n|poke|p2|Groudon|item\n|poke|p2|Darkrai|item\n|poke|p2|Blaziken, M|item\n|poke|p2|Terrakion|item\n|teampreview\n|\n|t:|1665182160\n|start\n|switch|p1a: Kyogre|Kyogre|100\/100\n|switch|p2a: Deoxys|Deoxys-Attack|100\/100\n|-ability|p2a: Deoxys|Pressure\n|-weather|RainDance|[from] ability: Drizzle|[of] p1a: Kyogre\n|turn|1\n|inactive|Battle timer is ON: inactive players will automatically lose when time's up. (requested by alvar03)\n|\n|t:|1665182169\n|move|p2a: Deoxys|Stealth Rock|p1a: Kyogre\n|-sidestart|p1: alvar03|move: Stealth Rock\n|move|p1a: Kyogre|Thunder Wave|p2a: Deoxys\n|-status|p2a: Deoxys|par\n|\n|-weather|RainDance|[upkeep]\n|upkeep\n|turn|2\n|\n|t:|1665182179\n|move|p1a: Kyogre|Ice Beam|p2a: Deoxys\n|-enditem|p2a: Deoxys|Focus Sash\n|-damage|p2a: Deoxys|1\/100 par\n|cant|p2a: Deoxys|par\n|\n|-weather|RainDance|[upkeep]\n|upkeep\n|turn|3\n|\n|t:|1665182187\n|move|p2a: Deoxys|Extreme Speed|p1a: Kyogre\n|-damage|p1a: Kyogre|62\/100\n|move|p1a: Kyogre|Ice Beam|p2a: Deoxys\n|-damage|p2a: Deoxys|0 fnt\n|faint|p2a: Deoxys\n|\n|-weather|RainDance|[upkeep]\n|-heal|p1a: Kyogre|69\/100|[from] item: Leftovers\n|upkeep\n|\n|t:|1665182204\n|switch|p2a: Groudon|Groudon|100\/100\n|-weather|SunnyDay|[from] ability: Drought|[of] p2a: Groudon\n|turn|4\n|\n|t:|1665182213\n|switch|p2a: Darkrai|Darkrai|100\/100\n|switch|p1a: Giratina|Giratina-Origin|100\/100\n|-damage|p1a: Giratina|88\/100|[from] Stealth Rock\n|\n|-weather|SunnyDay|[upkeep]\n|upkeep\n|turn|5\n|\n|t:|1665182227\n|move|p2a: Darkrai|Dark Void|p1a: Giratina\n|-status|p1a: Giratina|slp|[from] move: Dark Void\n|cant|p1a: Giratina|slp\n|move|p1a: Giratina|Sleep Talk|p1a: Giratina\n|move|p1a: Giratina|Rest||[from]move: Sleep Talk|[still]\n|-fail|p1a: Giratina\n|\n|-weather|SunnyDay|[upkeep]\n|-damage|p1a: Giratina|75\/100 slp|[from] ability: Bad Dreams|[of] p2a: Darkrai\n|upkeep\n|turn|6\n|\n|t:|1665182244\n|switch|p2a: Groudon|Groudon|100\/100\n|switch|p1a: Dialga|Dialga|100\/100\n|-damage|p1a: Dialga|94\/100|[from] Stealth Rock\n|-ability|p1a: Dialga|Pressure\n|\n|-weather|SunnyDay|[upkeep]\n|-heal|p1a: Dialga|100\/100|[from] item: Leftovers\n|upkeep\n|turn|7\n|\n|t:|1665182256\n|move|p2a: Groudon|Earthquake|p1a: Dialga\n|-supereffective|p1a: Dialga\n|-damage|p1a: Dialga|0 fnt\n|faint|p1a: Dialga\n|\n|-weather|SunnyDay|[upkeep]\n|upkeep\n|\n|t:|1665182269\n|switch|p1a: Kyogre|Kyogre|69\/100\n|-damage|p1a: Kyogre|56\/100|[from] Stealth Rock\n|-weather|RainDance|[from] ability: Drizzle|[of] p1a: Kyogre\n|turn|8\n|\n|t:|1665182282\n|switch|p2a: Darkrai|Darkrai|100\/100\n|move|p1a: Kyogre|Surf|p2a: Darkrai\n|-damage|p2a: Darkrai|0 fnt\n|faint|p2a: Darkrai\n|\n|-weather|RainDance|[upkeep]\n|-heal|p1a: Kyogre|62\/100|[from] item: Leftovers\n|upkeep\n|\n|t:|1665182292\n|switch|p2a: Groudon|Groudon|100\/100\n|-weather|SunnyDay|[from] ability: Drought|[of] p2a: Groudon\n|turn|9\n|\n|t:|1665182308\n|switch|p2a: Arceus|Arceus-Ghost|100\/100\n|move|p1a: Kyogre|Ice Beam|p2a: Arceus\n|-damage|p2a: Arceus|68\/100\n|\n|-weather|SunnyDay|[upkeep]\n|-heal|p1a: Kyogre|69\/100|[from] item: Leftovers\n|upkeep\n|turn|10\n|\n|t:|1665182319\n|switch|p1a: Ferrothorn|Ferrothorn, M|100\/100\n|-damage|p1a: Ferrothorn|94\/100|[from] Stealth Rock\n|move|p2a: Arceus|Swords Dance|p2a: Arceus\n|-boost|p2a: Arceus|atk|2\n|\n|-weather|SunnyDay|[upkeep]\n|-heal|p1a: Ferrothorn|100\/100|[from] item: Leftovers\n|upkeep\n|turn|11\n|\n|t:|1665182329\n|move|p2a: Arceus|Earthquake|p1a: Ferrothorn\n|-damage|p1a: Ferrothorn|52\/100\n|move|p1a: Ferrothorn|Thunder Wave|p2a: Arceus\n|-status|p2a: Arceus|par\n|\n|-weather|SunnyDay|[upkeep]\n|-heal|p1a: Ferrothorn|58\/100|[from] item: Leftovers\n|upkeep\n|turn|12\n|\n|t:|1665182338\n|switch|p2a: Blaziken|Blaziken, M|100\/100\n|move|p1a: Ferrothorn|Leech Seed|p2a: Blaziken\n|-start|p2a: Blaziken|move: Leech Seed\n|\n|-weather|SunnyDay|[upkeep]\n|-heal|p1a: Ferrothorn|64\/100|[from] item: Leftovers\n|-damage|p2a: Blaziken|88\/100|[from] Leech Seed|[of] p1a: Ferrothorn\n|-heal|p1a: Ferrothorn|76\/100|[silent]\n|upkeep\n|turn|13\n|\n|t:|1665182351\n|switch|p1a: Giratina|Giratina-Origin|75\/100 slp\n|-damage|p1a: Giratina|63\/100 slp|[from] Stealth Rock\n|move|p2a: Blaziken|Swords Dance|p2a: Blaziken\n|-boost|p2a: Blaziken|atk|2\n|\n|-weather|SunnyDay|[upkeep]\n|-damage|p2a: Blaziken|76\/100|[from] Leech Seed|[of] p1a: Giratina\n|-heal|p1a: Giratina|71\/100 slp|[silent]\n|-ability|p2a: Blaziken|Speed Boost|boost\n|-boost|p2a: Blaziken|spe|1\n|upkeep\n|turn|14\n|\n|t:|1665182363\n|switch|p1a: Kyogre|Kyogre|69\/100\n|-damage|p1a: Kyogre|56\/100|[from] Stealth Rock\n|-weather|RainDance|[from] ability: Drizzle|[of] p1a: Kyogre\n|move|p2a: Blaziken|Dual Chop|p1a: Kyogre|[miss]\n|-miss|p2a: Blaziken|p1a: Kyogre\n|\n|-weather|RainDance|[upkeep]\n|-heal|p1a: Kyogre|62\/100|[from] item: Leftovers\n|-damage|p2a: Blaziken|63\/100|[from] Leech Seed|[of] p1a: Kyogre\n|-heal|p1a: Kyogre|72\/100|[silent]\n|-ability|p2a: Blaziken|Speed Boost|boost\n|-boost|p2a: Blaziken|spe|1\n|upkeep\n|turn|15\n|\n|t:|1665182377\n|switch|p1a: Giratina|Giratina-Origin|71\/100 slp\n|-damage|p1a: Giratina|58\/100 slp|[from] Stealth Rock\n|move|p2a: Blaziken|Low Kick|p1a: Giratina\n|-immune|p1a: Giratina\n|\n|-weather|RainDance|[upkeep]\n|-damage|p2a: Blaziken|51\/100|[from] Leech Seed|[of] p1a: Giratina\n|-heal|p1a: Giratina|66\/100 slp|[silent]\n|-ability|p2a: Blaziken|Speed Boost|boost\n|-boost|p2a: Blaziken|spe|1\n|upkeep\n|turn|16\n|\n|t:|1665182388\n|move|p2a: Blaziken|Low Kick|p1a: Giratina\n|-immune|p1a: Giratina\n|cant|p1a: Giratina|slp\n|move|p1a: Giratina|Sleep Talk|p1a: Giratina\n|move|p1a: Giratina|Shadow Sneak|p2a: Blaziken|[from]move: Sleep Talk\n|-damage|p2a: Blaziken|25\/100\n|\n|-weather|RainDance|[upkeep]\n|-damage|p2a: Blaziken|13\/100|[from] Leech Seed|[of] p1a: Giratina\n|-heal|p1a: Giratina|74\/100 slp|[silent]\n|-ability|p2a: Blaziken|Speed Boost|boost\n|-boost|p2a: Blaziken|spe|1\n|upkeep\n|turn|17\n|\n|t:|1665182401\n|switch|p1a: Ferrothorn|Ferrothorn, M|76\/100\n|-damage|p1a: Ferrothorn|70\/100|[from] Stealth Rock\n|move|p2a: Blaziken|Dual Chop|p1a: Ferrothorn\n|-resisted|p1a: Ferrothorn\n|-damage|p1a: Ferrothorn|56\/100\n|-damage|p2a: Blaziken|0 fnt|[from] ability: Iron Barbs|[of] p1a: Ferrothorn\n|faint|p2a: Blaziken\n|-hitcount|p1a: Ferrothorn|1\n|\n|-weather|RainDance|[upkeep]\n|-heal|p1a: Ferrothorn|62\/100|[from] item: Leftovers\n|upkeep\n|\n|t:|1665182414\n|switch|p2a: Groudon|Groudon|100\/100\n|-weather|SunnyDay|[from] ability: Drought|[of] p2a: Groudon\n|turn|18\n|\n|t:|1665182423\n|move|p2a: Groudon|Swords Dance|p2a: Groudon\n|-boost|p2a: Groudon|atk|2\n|move|p1a: Ferrothorn|Leech Seed|p2a: Groudon\n|-start|p2a: Groudon|move: Leech Seed\n|\n|-weather|SunnyDay|[upkeep]\n|-heal|p1a: Ferrothorn|68\/100|[from] item: Leftovers\n|-damage|p2a: Groudon|88\/100|[from] Leech Seed|[of] p1a: Ferrothorn\n|-heal|p1a: Ferrothorn|81\/100|[silent]\n|upkeep\n|turn|19\n|\n|t:|1665182433\n|switch|p1a: Kyogre|Kyogre|72\/100\n|-damage|p1a: Kyogre|60\/100|[from] Stealth Rock\n|-weather|RainDance|[from] ability: Drizzle|[of] p1a: Kyogre\n|move|p2a: Groudon|Rock Polish|p2a: Groudon\n|-boost|p2a: Groudon|spe|2\n|\n|-weather|RainDance|[upkeep]\n|-heal|p1a: Kyogre|66\/100|[from] item: Leftovers\n|-damage|p2a: Groudon|76\/100|[from] Leech Seed|[of] p1a: Kyogre\n|-heal|p1a: Kyogre|77\/100|[silent]\n|upkeep\n|turn|20\n|\n|t:|1665182445\n|move|p2a: Groudon|Earthquake|p1a: Kyogre\n|-damage|p1a: Kyogre|0 fnt\n|faint|p1a: Kyogre\n|\n|-weather|RainDance|[upkeep]\n|upkeep\n|\n|t:|1665182448\n|switch|p1a: Giratina|Giratina-Origin|74\/100 slp\n|-damage|p1a: Giratina|62\/100 slp|[from] Stealth Rock\n|turn|21\n|\n|t:|1665182455\n|move|p2a: Groudon|Dragon Claw|p1a: Giratina\n|-supereffective|p1a: Giratina\n|-damage|p1a: Giratina|0 fnt\n|faint|p1a: Giratina\n|\n|-weather|RainDance|[upkeep]\n|upkeep\n|\n|t:|1665182459\n|switch|p1a: Kabutops|Kabutops, F|100\/100\n|-damage|p1a: Kabutops|88\/100|[from] Stealth Rock\n|turn|22\n|\n|t:|1665182466\n|switch|p2a: Arceus|Arceus-Ghost|68\/100 par\n|move|p1a: Kabutops|Waterfall|p2a: Arceus\n|-damage|p2a: Arceus|7\/100 par\n|-damage|p1a: Kabutops|78\/100|[from] item: Life Orb\n|\n|-weather|RainDance|[upkeep]\n|upkeep\n|turn|23\n|\n|t:|1665182475\n|switch|p1a: Arceus|Arceus-Steel|100\/100\n|-damage|p1a: Arceus|94\/100|[from] Stealth Rock\n|cant|p2a: Arceus|par\n|\n|-weather|RainDance|[upkeep]\n|upkeep\n|turn|24\n|\n|t:|1665182484\n|move|p1a: Arceus|Calm Mind|p1a: Arceus\n|-boost|p1a: Arceus|spa|1\n|-boost|p1a: Arceus|spd|1\n|move|p2a: Arceus|Earthquake|p1a: Arceus\n|-supereffective|p1a: Arceus\n|-damage|p1a: Arceus|53\/100\n|\n|-weather|RainDance|[upkeep]\n|upkeep\n|turn|25\n|\n|t:|1665182493\n|switch|p2a: Groudon|Groudon|76\/100\n|-weather|SunnyDay|[from] ability: Drought|[of] p2a: Groudon\n|move|p1a: Arceus|Recover|p1a: Arceus\n|-heal|p1a: Arceus|100\/100\n|\n|-weather|SunnyDay|[upkeep]\n|upkeep\n|turn|26\n|\n|t:|1665182502\n|move|p1a: Arceus|Judgment|p2a: Groudon\n|-damage|p2a: Groudon|7\/100\n|move|p2a: Groudon|Earthquake|p1a: Arceus\n|-supereffective|p1a: Arceus\n|-damage|p1a: Arceus|4\/100\n|\n|-weather|SunnyDay|[upkeep]\n|upkeep\n|turn|27\n|\n|t:|1665182511\n|move|p1a: Arceus|Judgment|p2a: Groudon\n|-damage|p2a: Groudon|0 fnt\n|faint|p2a: Groudon\n|\n|-weather|SunnyDay|[upkeep]\n|upkeep\n|\n|t:|1665182517\n|switch|p2a: Terrakion|Terrakion|100\/100\n|turn|28\n|\n|t:|1665182521\n|move|p2a: Terrakion|Close Combat|p1a: Arceus\n|-supereffective|p1a: Arceus\n|-damage|p1a: Arceus|0 fnt\n|-unboost|p2a: Terrakion|def|1\n|-unboost|p2a: Terrakion|spd|1\n|faint|p1a: Arceus\n|\n|-weather|SunnyDay|[upkeep]\n|upkeep\n|\n|t:|1665182524\n|switch|p1a: Ferrothorn|Ferrothorn, M|81\/100\n|-damage|p1a: Ferrothorn|75\/100|[from] Stealth Rock\n|turn|29\n|\n|t:|1665182532\n|move|p2a: Terrakion|Close Combat|p1a: Ferrothorn\n|-supereffective|p1a: Ferrothorn\n|-damage|p1a: Ferrothorn|0 fnt\n|-unboost|p2a: Terrakion|def|1\n|-unboost|p2a: Terrakion|spd|1\n|-damage|p2a: Terrakion|88\/100|[from] ability: Iron Barbs|[of] p1a: Ferrothorn\n|faint|p1a: Ferrothorn\n|\n|-weather|SunnyDay|[upkeep]\n|upkeep\n|c|\u2606alvar03|gg\n|\n|t:|1665182540\n|switch|p1a: Kabutops|Kabutops, F|78\/100\n|-damage|p1a: Kabutops|66\/100|[from] Stealth Rock\n|turn|30\n|\n|t:|1665182545\n|switch|p2a: Arceus|Arceus-Ghost|7\/100 par\n|move|p1a: Kabutops|Low Kick|p2a: Arceus\n|-immune|p2a: Arceus\n|\n|-weather|SunnyDay|[upkeep]\n|upkeep\n|turn|31\n|\n|t:|1665182553\n|move|p1a: Kabutops|Waterfall|p2a: Arceus\n|-damage|p2a: Arceus|0 fnt\n|faint|p2a: Arceus\n|-damage|p1a: Kabutops|56\/100|[from] item: Life Orb\n|\n|-weather|SunnyDay|[upkeep]\n|upkeep\n|\n|t:|1665182561\n|switch|p2a: Terrakion|Terrakion|88\/100\n|turn|32\n|\n|t:|1665182564\n|move|p2a: Terrakion|Close Combat|p1a: Kabutops\n|-supereffective|p1a: Kabutops\n|-damage|p1a: Kabutops|0 fnt\n|-unboost|p2a: Terrakion|def|1\n|-unboost|p2a: Terrakion|spd|1\n|faint|p1a: Kabutops\n|\n|win|85792195wwww\n|raw|alvar03's rating: 1456 &rarr; <strong>1431<\/strong><br \/>(-25 for losing)\n|raw|85792195wwww's rating: 1374 &rarr; <strong>1399<\/strong><br \/>(+25 for winning)\n|l|\u2606alvar03\n","uploadtime":1665182572,"views":15,"p1id":"alvar03","p2id":"85792195wwww","formatid":"gen5ubers","rating":1399,"private":0,"password":null}