{"id":"gen5ou-1189681366","p1":"Goootzinho","p2":"t04ster","format":"gen5ou","log":"|j|\u2606Goootzinho\n|j|\u2606t04ster\n|t:|1600533731\n|player|p1|Goootzinho|rood|1506\n|player|p2|t04ster|preschooler|1380\n|teamsize|p1|6\n|teamsize|p2|6\n|gametype|singles\n|gen|5\n|tier|[Gen 5] OU\n|rated|\n|clearpoke\n|poke|p1|Hippowdon, F|item\n|poke|p1|Terrakion|item\n|poke|p1|Celebi|item\n|poke|p1|Jirachi|item\n|poke|p1|Espeon, M|item\n|poke|p1|Rotom-Wash|item\n|poke|p2|Landorus-Therian, M|item\n|poke|p2|Alakazam, M|item\n|poke|p2|Slowking, F|item\n|poke|p2|Tyranitar, F|item\n|poke|p2|Rotom-Wash|item\n|poke|p2|Ferrothorn, M|item\n|rule|Species Clause: Limit one of each Pok\u00e9mon\n|rule|OHKO Clause: OHKO moves are banned\n|rule|Moody Clause: Moody is banned\n|rule|Evasion Moves Clause: Evasion moves are banned\n|rule|Endless Battle Clause: Forcing endless battles is banned\n|rule|HP Percentage Mod: HP is shown in percentages\n|rule|Evasion Abilities Clause: Evasion abilities are banned\n|rule|Baton Pass Clause: Limit one Baton Passer, can't pass Spe and other stats simultaneously\n|rule|Sleep Clause: Sleep-inducing moves are banned\n|rule|Swagger Clause: Swagger is banned\n|teampreview\n|\n|t:|1600533775\n|start\n|switch|p1a: Espeon|Espeon, M|100\/100\n|switch|p2a: mean machine|Rotom-Wash|100\/100\n|turn|1\n|\n|t:|1600533818\n|switch|p1a: Celebi|Celebi|100\/100\n|move|p2a: mean machine|Hydro Pump|p1a: Celebi|[miss]\n|-miss|p2a: mean machine|p1a: Celebi\n|\n|upkeep\n|turn|2\n|\n|t:|1600533838\n|switch|p2a: song of melancholy|Tyranitar, F|100\/100\n|-weather|Sandstorm|[from] ability: Sand Stream|[of] p2a: song of melancholy\n|move|p1a: Celebi|Giga Drain|p2a: song of melancholy\n|-supereffective|p2a: song of melancholy\n|-damage|p2a: song of melancholy|80\/100\n|\n|-weather|Sandstorm|[upkeep]\n|-damage|p1a: Celebi|94\/100|[from] Sandstorm\n|-heal|p1a: Celebi|100\/100|[from] item: Leftovers\n|upkeep\n|turn|3\n|\n|t:|1600533853\n|-activate|p1a: Celebi|move: Pursuit\n|move|p2a: song of melancholy|Pursuit|p1a: Celebi|[from]Pursuit\n|-supereffective|p1a: Celebi\n|-crit|p1a: Celebi\n|-damage|p1a: Celebi|0 fnt\n|-hint|A Pokemon can't switch between when it runs out of HP and when it faints\n|faint|p1a: Celebi\n|\n|-weather|Sandstorm|[upkeep]\n|upkeep\n|\n|t:|1600533862\n|switch|p1a: Hippowdon|Hippowdon, F|100\/100\n|turn|4\n|\n|t:|1600533883\n|switch|p2a: mean machine|Rotom-Wash|100\/100\n|move|p1a: Hippowdon|Stealth Rock|p2a: mean machine\n|-sidestart|p2: t04ster|move: Stealth Rock\n|\n|-weather|Sandstorm|[upkeep]\n|-damage|p2a: mean machine|94\/100|[from] Sandstorm\n|-heal|p2a: mean machine|100\/100|[from] item: Leftovers\n|upkeep\n|turn|5\n|\n|t:|1600533913\n|switch|p1a: Rotom|Rotom-Wash|100\/100\n|move|p2a: mean machine|Hydro Pump|p1a: Rotom\n|-resisted|p1a: Rotom\n|-damage|p1a: Rotom|79\/100\n|\n|-weather|Sandstorm|[upkeep]\n|-damage|p2a: mean machine|94\/100|[from] Sandstorm\n|-damage|p1a: Rotom|73\/100|[from] Sandstorm\n|-heal|p2a: mean machine|100\/100|[from] item: Leftovers\n|-heal|p1a: Rotom|79\/100|[from] item: Leftovers\n|upkeep\n|turn|6\n|\n|t:|1600533928\n|switch|p2a: glass cannoneer|Alakazam, M|100\/100\n|move|p1a: Rotom|Will-O-Wisp|p2a: glass cannoneer\n|-status|p2a: glass cannoneer|brn\n|\n|-weather|Sandstorm|[upkeep]\n|-damage|p1a: Rotom|73\/100|[from] Sandstorm\n|-heal|p1a: Rotom|79\/100|[from] item: Leftovers\n|upkeep\n|turn|7\n|inactive|Battle timer is ON: inactive players will automatically lose when time's up. (requested by Goootzinho)\n|\n|t:|1600533950\n|switch|p1a: Jirachi|Jirachi|100\/100\n|move|p2a: glass cannoneer|Shadow Ball|p1a: Jirachi\n|-damage|p1a: Jirachi|72\/100\n|\n|-weather|Sandstorm|[upkeep]\n|-heal|p1a: Jirachi|78\/100|[from] item: Leftovers\n|upkeep\n|turn|8\n|\n|t:|1600533979\n|switch|p2a: how2pivot|Landorus-Therian, M|100\/100\n|-damage|p2a: how2pivot|88\/100|[from] Stealth Rock\n|-ability|p2a: how2pivot|Intimidate|boost\n|-unboost|p1a: Jirachi|atk|1\n|move|p1a: Jirachi|Wish|p1a: Jirachi\n|\n|-weather|Sandstorm|[upkeep]\n|-heal|p1a: Jirachi|84\/100|[from] item: Leftovers\n|upkeep\n|turn|9\n|\n|t:|1600533994\n|switch|p1a: Rotom|Rotom-Wash|79\/100\n|move|p2a: how2pivot|Stone Edge|p1a: Rotom\n|-damage|p1a: Rotom|43\/100\n|\n|-weather|Sandstorm|[upkeep]\n|-damage|p1a: Rotom|37\/100|[from] Sandstorm\n|-heal|p1a: Rotom|100\/100|[from] move: Wish|[wisher] Jirachi\n|upkeep\n|turn|10\n|inactive|Goootzinho has 120 seconds left.\n|\n|t:|1600534011\n|switch|p2a: prickles|Ferrothorn, M|100\/100\n|-damage|p2a: prickles|94\/100|[from] Stealth Rock\n|move|p1a: Rotom|Volt Switch|p2a: prickles\n|-resisted|p2a: prickles\n|-damage|p2a: prickles|85\/100\n|\n|t:|1600534015\n|switch|p1a: Terrakion|Terrakion|100\/100|[from]move: Volt Switch\n|\n|-weather|Sandstorm|[upkeep]\n|upkeep\n|turn|11\n|\n|t:|1600534024\n|switch|p2a: glass cannoneer|Alakazam, M|100\/100 brn\n|move|p1a: Terrakion|Close Combat|p2a: glass cannoneer\n|-resisted|p2a: glass cannoneer\n|-damage|p2a: glass cannoneer|0 fnt\n|-unboost|p1a: Terrakion|def|1\n|-unboost|p1a: Terrakion|spd|1\n|faint|p2a: glass cannoneer\n|\n|-weather|Sandstorm|[upkeep]\n|upkeep\n|\n|t:|1600534032\n|switch|p2a: tyrant king|Slowking, F|100\/100\n|-damage|p2a: tyrant king|88\/100|[from] Stealth Rock\n|turn|12\n|\n|t:|1600534039\n|switch|p1a: Rotom|Rotom-Wash|100\/100\n|move|p2a: tyrant king|Psyshock|p1a: Rotom\n|-crit|p1a: Rotom\n|-damage|p1a: Rotom|48\/100\n|\n|-weather|Sandstorm|[upkeep]\n|-damage|p1a: Rotom|42\/100|[from] Sandstorm\n|-damage|p2a: tyrant king|82\/100|[from] Sandstorm\n|-heal|p1a: Rotom|48\/100|[from] item: Leftovers\n|-heal|p2a: tyrant king|88\/100|[from] item: Leftovers\n|upkeep\n|turn|13\n|\n|t:|1600534054\n|switch|p2a: prickles|Ferrothorn, M|85\/100\n|-damage|p2a: prickles|78\/100|[from] Stealth Rock\n|move|p1a: Rotom|Pain Split|p2a: prickles\n|-sethp|p2a: prickles|60\/100|[from] move: Pain Split|[silent]\n|-sethp|p1a: Rotom|69\/100|[from] move: Pain Split\n|\n|-weather|Sandstorm|[upkeep]\n|-damage|p1a: Rotom|63\/100|[from] Sandstorm\n|-heal|p1a: Rotom|69\/100|[from] item: Leftovers\n|upkeep\n|turn|14\n|\n|t:|1600534073\n|move|p1a: Rotom|Will-O-Wisp|p2a: prickles|[miss]\n|-miss|p1a: Rotom|p2a: prickles\n|move|p2a: prickles|Gyro Ball|p1a: Rotom\n|-resisted|p1a: Rotom\n|-damage|p1a: Rotom|59\/100\n|\n|-weather|Sandstorm|[upkeep]\n|-damage|p1a: Rotom|52\/100|[from] Sandstorm\n|-heal|p1a: Rotom|59\/100|[from] item: Leftovers\n|upkeep\n|turn|15\n|\n|t:|1600534110\n|move|p1a: Rotom|Will-O-Wisp|p2a: prickles|[miss]\n|-miss|p1a: Rotom|p2a: prickles\n|move|p2a: prickles|Power Whip|p1a: Rotom\n|-supereffective|p1a: Rotom\n|-damage|p1a: Rotom|0 fnt\n|faint|p1a: Rotom\n|\n|-weather|Sandstorm|[upkeep]\n|upkeep\n|c|\u2606Goootzinho|lol\n|\n|t:|1600534118\n|switch|p1a: Terrakion|Terrakion|100\/100\n|turn|16\n|\n|t:|1600534124\n|switch|p2a: how2pivot|Landorus-Therian, M|88\/100\n|-damage|p2a: how2pivot|75\/100|[from] Stealth Rock\n|-ability|p2a: how2pivot|Intimidate|boost\n|-unboost|p1a: Terrakion|atk|1\n|move|p1a: Terrakion|Close Combat|p2a: how2pivot\n|-resisted|p2a: how2pivot\n|-damage|p2a: how2pivot|42\/100\n|-unboost|p1a: Terrakion|def|1\n|-unboost|p1a: Terrakion|spd|1\n|\n|-weather|Sandstorm|[upkeep]\n|upkeep\n|turn|17\n|\n|t:|1600534135\n|switch|p1a: Hippowdon|Hippowdon, F|100\/100\n|move|p2a: how2pivot|Earthquake|p1a: Hippowdon\n|-damage|p1a: Hippowdon|71\/100\n|\n|-weather|Sandstorm|[upkeep]\n|-heal|p1a: Hippowdon|77\/100|[from] item: Leftovers\n|upkeep\n|turn|18\n|\n|t:|1600534150\n|switch|p2a: prickles|Ferrothorn, M|60\/100\n|-damage|p2a: prickles|54\/100|[from] Stealth Rock\n|switch|p1a: Terrakion|Terrakion|100\/100\n|\n|-weather|Sandstorm|[upkeep]\n|upkeep\n|turn|19\n|\n|t:|1600534156\n|switch|p2a: how2pivot|Landorus-Therian, M|42\/100\n|-damage|p2a: how2pivot|30\/100|[from] Stealth Rock\n|-ability|p2a: how2pivot|Intimidate|boost\n|-unboost|p1a: Terrakion|atk|1\n|move|p1a: Terrakion|Close Combat|p2a: how2pivot\n|-resisted|p2a: how2pivot\n|-damage|p2a: how2pivot|0 fnt\n|-unboost|p1a: Terrakion|def|1\n|-unboost|p1a: Terrakion|spd|1\n|faint|p2a: how2pivot\n|\n|-weather|Sandstorm|[upkeep]\n|upkeep\n|\n|t:|1600534161\n|switch|p2a: mean machine|Rotom-Wash|100\/100\n|-damage|p2a: mean machine|88\/100|[from] Stealth Rock\n|turn|20\n|\n|t:|1600534176\n|move|p1a: Terrakion|Close Combat|p2a: mean machine\n|-damage|p2a: mean machine|23\/100\n|-unboost|p1a: Terrakion|def|1\n|-unboost|p1a: Terrakion|spd|1\n|move|p2a: mean machine|Hydro Pump|p1a: Terrakion\n|-supereffective|p1a: Terrakion\n|-damage|p1a: Terrakion|0 fnt\n|faint|p1a: Terrakion\n|\n|-weather|Sandstorm|[upkeep]\n|-damage|p2a: mean machine|17\/100|[from] Sandstorm\n|-heal|p2a: mean machine|23\/100|[from] item: Leftovers\n|upkeep\n|\n|t:|1600534196\n|switch|p1a: Jirachi|Jirachi|84\/100\n|turn|21\n|\n|t:|1600534201\n|move|p2a: mean machine|Will-O-Wisp|p1a: Jirachi\n|-status|p1a: Jirachi|brn\n|move|p1a: Jirachi|Body Slam|p2a: mean machine\n|-damage|p2a: mean machine|13\/100\n|-status|p2a: mean machine|par\n|\n|-weather|Sandstorm|[upkeep]\n|-damage|p2a: mean machine|7\/100 par|[from] Sandstorm\n|-heal|p1a: Jirachi|91\/100 brn|[from] item: Leftovers\n|-heal|p2a: mean machine|13\/100 par|[from] item: Leftovers\n|-damage|p1a: Jirachi|78\/100 brn|[from] brn\n|upkeep\n|turn|22\n|\n|t:|1600534213\n|move|p1a: Jirachi|Iron Head|p2a: mean machine\n|-resisted|p2a: mean machine\n|-damage|p2a: mean machine|10\/100 par\n|cant|p2a: mean machine|flinch\n|\n|-weather|Sandstorm|[upkeep]\n|-damage|p2a: mean machine|4\/100 par|[from] Sandstorm\n|-heal|p1a: Jirachi|84\/100 brn|[from] item: Leftovers\n|-heal|p2a: mean machine|10\/100 par|[from] item: Leftovers\n|-damage|p1a: Jirachi|72\/100 brn|[from] brn\n|upkeep\n|turn|23\n|\n|t:|1600534223\n|move|p1a: Jirachi|Iron Head|p2a: mean machine\n|-resisted|p2a: mean machine\n|-damage|p2a: mean machine|6\/100 par\n|cant|p2a: mean machine|flinch\n|\n|-weather|Sandstorm|[upkeep]\n|-damage|p2a: mean machine|0 fnt|[from] Sandstorm\n|faint|p2a: mean machine\n|-heal|p1a: Jirachi|78\/100 brn|[from] item: Leftovers\n|-damage|p1a: Jirachi|66\/100 brn|[from] brn\n|upkeep\n|\n|t:|1600534235\n|switch|p2a: prickles|Ferrothorn, M|54\/100\n|-damage|p2a: prickles|47\/100|[from] Stealth Rock\n|turn|24\n|\n|t:|1600534249\n|switch|p1a: Espeon|Espeon, M|100\/100\n|move|p2a: prickles|Gyro Ball|p1a: Espeon\n|-damage|p1a: Espeon|7\/100\n|\n|-weather|Sandstorm|[upkeep]\n|-damage|p1a: Espeon|1\/100|[from] Sandstorm\n|upkeep\n|turn|25\n|\n|t:|1600534258\n|move|p1a: Espeon|Trick|p2a: prickles\n|-activate|p1a: Espeon|move: Trick|[of] p2a: prickles\n|-item|p2a: prickles|Choice Scarf|[from] move: Trick\n|-item|p1a: Espeon|Rocky Helmet|[from] move: Trick\n|move|p2a: prickles|Power Whip|p1a: Espeon\n|-damage|p1a: Espeon|0 fnt\n|-damage|p2a: prickles|31\/100|[from] item: Rocky Helmet|[of] p1a: Espeon\n|faint|p1a: Espeon\n|\n|-weather|Sandstorm|[upkeep]\n|upkeep\n|\n|t:|1600534265\n|switch|p1a: Hippowdon|Hippowdon, F|77\/100\n|turn|26\n|\n|t:|1600534276\n|switch|p1a: Jirachi|Jirachi|66\/100 brn\n|move|p2a: prickles|Power Whip|p1a: Jirachi\n|-resisted|p1a: Jirachi\n|-damage|p1a: Jirachi|51\/100 brn\n|\n|-weather|Sandstorm|[upkeep]\n|-heal|p1a: Jirachi|57\/100 brn|[from] item: Leftovers\n|-damage|p1a: Jirachi|45\/100 brn|[from] brn\n|upkeep\n|turn|27\n|\n|t:|1600534287\n|move|p1a: Jirachi|Wish|p1a: Jirachi\n|move|p2a: prickles|Power Whip|p1a: Jirachi\n|-resisted|p1a: Jirachi\n|-damage|p1a: Jirachi|28\/100 brn\n|\n|-weather|Sandstorm|[upkeep]\n|-heal|p1a: Jirachi|34\/100 brn|[from] item: Leftovers\n|-damage|p1a: Jirachi|21\/100 brn|[from] brn\n|upkeep\n|turn|28\n|\n|t:|1600534298\n|move|p1a: Jirachi|Protect|p1a: Jirachi\n|-singleturn|p1a: Jirachi|Protect\n|move|p2a: prickles|Power Whip|p1a: Jirachi\n|-activate|p1a: Jirachi|move: Protect\n|\n|-weather|Sandstorm|[upkeep]\n|-heal|p1a: Jirachi|71\/100 brn|[from] move: Wish|[wisher] Jirachi\n|-heal|p1a: Jirachi|77\/100 brn|[from] item: Leftovers\n|-damage|p1a: Jirachi|65\/100 brn|[from] brn\n|upkeep\n|turn|29\n|\n|t:|1600534316\n|move|p1a: Jirachi|Wish|p1a: Jirachi\n|move|p2a: prickles|Power Whip|p1a: Jirachi\n|-resisted|p1a: Jirachi\n|-damage|p1a: Jirachi|49\/100 brn\n|\n|-weather|Sandstorm|[upkeep]\n|-heal|p1a: Jirachi|56\/100 brn|[from] item: Leftovers\n|-damage|p1a: Jirachi|43\/100 brn|[from] brn\n|upkeep\n|turn|30\n|j| attackonsamurott\n|\n|t:|1600534340\n|switch|p2a: tyrant king|Slowking, F|100\/100\n|-damage|p2a: tyrant king|88\/100|[from] Stealth Rock\n|move|p1a: Jirachi|Protect||[still]\n|-fail|p1a: Jirachi\n|\n|-weather|Sandstorm|[upkeep]\n|-damage|p2a: tyrant king|82\/100|[from] Sandstorm\n|-heal|p1a: Jirachi|93\/100 brn|[from] move: Wish|[wisher] Jirachi\n|-heal|p1a: Jirachi|99\/100 brn|[from] item: Leftovers\n|-heal|p2a: tyrant king|88\/100|[from] item: Leftovers\n|-damage|p1a: Jirachi|87\/100 brn|[from] brn\n|upkeep\n|turn|31\n|l| attackonsamurott\n|\n|t:|1600534353\n|move|p1a: Jirachi|Body Slam|p2a: tyrant king\n|-damage|p2a: tyrant king|80\/100\n|-status|p2a: tyrant king|par\n|cant|p2a: tyrant king|par\n|\n|-weather|Sandstorm|[upkeep]\n|-damage|p2a: tyrant king|74\/100 par|[from] Sandstorm\n|-heal|p1a: Jirachi|93\/100 brn|[from] item: Leftovers\n|-heal|p2a: tyrant king|80\/100 par|[from] item: Leftovers\n|-damage|p1a: Jirachi|81\/100 brn|[from] brn\n|upkeep\n|turn|32\n|\n|t:|1600534383\n|move|p1a: Jirachi|Wish|p1a: Jirachi\n|move|p2a: tyrant king|Scald|p1a: Jirachi\n|-damage|p1a: Jirachi|64\/100 brn\n|\n|-weather|Sandstorm|[upkeep]\n|-damage|p2a: tyrant king|74\/100 par|[from] Sandstorm\n|-heal|p1a: Jirachi|70\/100 brn|[from] item: Leftovers\n|-heal|p2a: tyrant king|80\/100 par|[from] item: Leftovers\n|-damage|p1a: Jirachi|57\/100 brn|[from] brn\n|upkeep\n|turn|33\n|\n|t:|1600534395\n|move|p1a: Jirachi|Body Slam|p2a: tyrant king\n|-damage|p2a: tyrant king|71\/100 par\n|move|p2a: tyrant king|Slack Off|p2a: tyrant king\n|-heal|p2a: tyrant king|100\/100 par\n|\n|-weather|Sandstorm|[upkeep]\n|-damage|p2a: tyrant king|94\/100 par|[from] Sandstorm\n|-heal|p1a: Jirachi|100\/100 brn|[from] move: Wish|[wisher] Jirachi\n|-heal|p2a: tyrant king|100\/100 par|[from] item: Leftovers\n|-damage|p1a: Jirachi|88\/100 brn|[from] brn\n|upkeep\n|turn|34\n|inactive|Goootzinho has 120 seconds left.\n|inactive|t04ster has 120 seconds left.\n|c|\u2606Goootzinho|gg\n|inactive|Goootzinho has 90 seconds left.\n|-message|Goootzinho forfeited.\n|\n|win|t04ster\n|l|\u2606Goootzinho\n","uploadtime":1600534455,"views":89,"p1id":"goootzinho","p2id":"t04ster","formatid":"gen5ou","rating":0,"private":0,"password":null}