{"id":"gen5uu-1519070229","p1":"Sp0oNl0rD","p2":"SpacialRendevous","format":"gen5uu","log":"|j|\u2606Sp0oNl0rD\n|j|\u2606SpacialRendevous\n|t:|1645856364\n|gametype|singles\n|player|p1|Sp0oNl0rD|blackbelt-gen4dp|\n|player|p2|SpacialRendevous|cynthia-gen4|\n|teamsize|p1|6\n|teamsize|p2|6\n|gen|5\n|tier|[Gen 5] UU\n|rated|Tournament battle\n|rule|Species Clause: Limit one of each Pok\u00e9mon\n|rule|OHKO Clause: OHKO moves are banned\n|rule|Moody Clause: Moody is banned\n|rule|Evasion Moves Clause: Evasion moves are banned\n|rule|Endless Battle Clause: Forcing endless battles is banned\n|rule|HP Percentage Mod: HP is shown in percentages\n|rule|Evasion Abilities Clause: Evasion abilities are banned\n|rule|Swagger Clause: Swagger is banned\n|rule|Sleep Clause Mod: Limit one foe put to sleep\n|clearpoke\n|poke|p1|Meloetta|item\n|poke|p1|Blastoise, M|item\n|poke|p1|Rhyperior, M|item\n|poke|p1|Victini|item\n|poke|p1|Zapdos|item\n|poke|p1|Cobalion|item\n|poke|p2|Mew|item\n|poke|p2|Darmanitan, F|item\n|poke|p2|Lanturn, M|item\n|poke|p2|Xatu, M|item\n|poke|p2|Mienshao, F|item\n|poke|p2|Gligar, F|item\n|teampreview\n|j| BB-8-NU\n|inactive|Battle timer is ON: inactive players will automatically lose when time's up. (requested by Sp0oNl0rD)\n|c|\u2606Sp0oNl0rD|hf\n|j| BeeOrSomething\n|c|\u2606SpacialRendevous|gl hf\n|j| Melton Stanboy\n|j| For 4LOM\n|\n|t:|1645856388\n|start\n|switch|p1a: Meloetta|Meloetta|100\/100\n|switch|p2a: Mienshao|Mienshao, F|100\/100\n|turn|1\n|j| Spicy Meem\n|\n|t:|1645856400\n|switch|p1a: Blastoise|Blastoise, M|100\/100\n|move|p2a: Mienshao|U-turn|p1a: Blastoise\n|-damage|p1a: Blastoise|80\/100\n|-damage|p2a: Mienshao|91\/100|[from] item: Life Orb\n|j| kinjana\n|\n|t:|1645856407\n|switch|p2a: Lanturn|Lanturn, M|100\/100|[from]move: U-turn\n|\n|-heal|p1a: Blastoise|86\/100|[from] item: Leftovers\n|upkeep\n|turn|2\n|l| Spicy Meem\n|j| innovamania\u2661\n|l| innovamania\u2661\n|\n|t:|1645856429\n|switch|p1a: Zapdos|Zapdos|100\/100\n|-ability|p1a: Zapdos|Pressure\n|move|p2a: Lanturn|Scald|p1a: Zapdos\n|-crit|p1a: Zapdos\n|-damage|p1a: Zapdos|59\/100\n|\n|-heal|p1a: Zapdos|65\/100|[from] item: Leftovers\n|upkeep\n|turn|3\n|\n|t:|1645856436\n|move|p1a: Zapdos|Hidden Power|p2a: Lanturn\n|-supereffective|p2a: Lanturn\n|-damage|p2a: Lanturn|75\/100\n|move|p2a: Lanturn|Volt Switch|p1a: Zapdos\n|-damage|p1a: Zapdos|45\/100\n|l| Melton Stanboy\n|\n|t:|1645856456\n|switch|p2a: Mienshao|Mienshao, F|100\/100|[from]move: Volt Switch\n|\n|-heal|p1a: Zapdos|51\/100|[from] item: Leftovers\n|upkeep\n|turn|4\n|\n|t:|1645856461\n|move|p2a: Mienshao|Fake Out|p1a: Zapdos\n|-damage|p1a: Zapdos|37\/100\n|-damage|p2a: Mienshao|91\/100|[from] item: Life Orb\n|cant|p1a: Zapdos|flinch\n|\n|-heal|p1a: Zapdos|43\/100|[from] item: Leftovers\n|upkeep\n|turn|5\n|\n|t:|1645856465\n|switch|p1a: Rhyperior|Rhyperior, M|100\/100\n|move|p2a: Mienshao|Stone Edge|p1a: Rhyperior\n|-resisted|p1a: Rhyperior\n|-damage|p1a: Rhyperior|87\/100\n|-damage|p2a: Mienshao|81\/100|[from] item: Life Orb\n|\n|-heal|p1a: Rhyperior|94\/100|[from] item: Leftovers\n|upkeep\n|turn|6\n|\n|t:|1645856469\n|move|p1a: Rhyperior|Protect|p1a: Rhyperior\n|-singleturn|p1a: Rhyperior|Protect\n|move|p2a: Mienshao|U-turn|p1a: Rhyperior\n|-activate|p1a: Rhyperior|move: Protect\n|\n|-heal|p1a: Rhyperior|99\/100|[from] item: Leftovers\n|upkeep\n|turn|7\n|\n|t:|1645856473\n|move|p2a: Mienshao|High Jump Kick|p1a: Rhyperior\n|-supereffective|p1a: Rhyperior\n|-damage|p1a: Rhyperior|20\/100\n|-damage|p2a: Mienshao|71\/100|[from] item: Life Orb\n|move|p1a: Rhyperior|Stealth Rock|p2a: Mienshao\n|-sidestart|p2: SpacialRendevous|move: Stealth Rock\n|\n|-heal|p1a: Rhyperior|26\/100|[from] item: Leftovers\n|upkeep\n|turn|8\n|\n|t:|1645856478\n|move|p2a: Mienshao|U-turn|p1a: Rhyperior\n|-damage|p1a: Rhyperior|7\/100\n|-damage|p2a: Mienshao|61\/100|[from] item: Life Orb\n|\n|t:|1645856481\n|switch|p2a: Gligar|Gligar, F|100\/100|[from]move: U-turn\n|-damage|p2a: Gligar|88\/100|[from] Stealth Rock\n|move|p1a: Rhyperior|Rock Blast|p2a: Gligar\n|-damage|p2a: Gligar|82\/100\n|-damage|p2a: Gligar|76\/100\n|-hitcount|p2a: Gligar|2\n|\n|-heal|p1a: Rhyperior|14\/100|[from] item: Leftovers\n|upkeep\n|turn|9\n|\n|t:|1645856491\n|switch|p1a: Cobalion|Cobalion|100\/100\n|move|p2a: Gligar|Stealth Rock|p1a: Cobalion\n|-sidestart|p1: Sp0oNl0rD|move: Stealth Rock\n|\n|upkeep\n|turn|10\n|j| Spicy Meem\n|\n|t:|1645856497\n|move|p1a: Cobalion|Magnet Rise|p1a: Cobalion\n|-start|p1a: Cobalion|Magnet Rise\n|move|p2a: Gligar|U-turn|p1a: Cobalion\n|-resisted|p1a: Cobalion\n|-damage|p1a: Cobalion|98\/100\n|\n|t:|1645856514\n|switch|p2a: Darmanitan|Darmanitan, F|100\/100|[from]move: U-turn\n|-damage|p2a: Darmanitan|75\/100|[from] Stealth Rock\n|\n|upkeep\n|turn|11\n|\n|t:|1645856517\n|switch|p1a: Rhyperior|Rhyperior, M|14\/100\n|-damage|p1a: Rhyperior|7\/100|[from] Stealth Rock\n|move|p2a: Darmanitan|Superpower|p1a: Rhyperior\n|-supereffective|p1a: Rhyperior\n|-damage|p1a: Rhyperior|0 fnt\n|-unboost|p2a: Darmanitan|atk|1\n|-unboost|p2a: Darmanitan|def|1\n|faint|p1a: Rhyperior\n|\n|upkeep\n|\n|t:|1645856524\n|switch|p1a: Victini|Victini|100\/100\n|-damage|p1a: Victini|76\/100|[from] Stealth Rock\n|turn|12\n|\n|t:|1645856541\n|switch|p2a: Gligar|Gligar, F|76\/100\n|-damage|p2a: Gligar|63\/100|[from] Stealth Rock\n|move|p1a: Victini|V-create|p2a: Gligar\n|-damage|p2a: Gligar|24\/100\n|-unboost|p1a: Victini|spe|1\n|-unboost|p1a: Victini|def|1\n|-unboost|p1a: Victini|spd|1\n|\n|upkeep\n|turn|13\n|l| BeeOrSomething\n|\n|t:|1645856549\n|move|p1a: Victini|V-create|p2a: Gligar\n|-damage|p2a: Gligar|0 fnt\n|-unboost|p1a: Victini|spe|1\n|-unboost|p1a: Victini|def|1\n|-unboost|p1a: Victini|spd|1\n|faint|p2a: Gligar\n|\n|upkeep\n|inactive|SpacialRendevous has 120 seconds left.\n|\n|t:|1645856588\n|switch|p2a: Mienshao|Mienshao, F|94\/100\n|-damage|p2a: Mienshao|88\/100|[from] Stealth Rock\n|turn|14\n|\n|t:|1645856596\n|switch|p1a: Zapdos|Zapdos|43\/100\n|-damage|p1a: Zapdos|18\/100|[from] Stealth Rock\n|-ability|p1a: Zapdos|Pressure\n|move|p2a: Mienshao|Stone Edge|p1a: Zapdos|[miss]\n|-miss|p2a: Mienshao|p1a: Zapdos\n|\n|-heal|p1a: Zapdos|24\/100|[from] item: Leftovers\n|upkeep\n|turn|15\n|\n|t:|1645856601\n|move|p2a: Mienshao|Stone Edge|p1a: Zapdos\n|-supereffective|p1a: Zapdos\n|-crit|p1a: Zapdos\n|-damage|p1a: Zapdos|0 fnt\n|faint|p1a: Zapdos\n|-damage|p2a: Mienshao|78\/100|[from] item: Life Orb\n|\n|upkeep\n|\n|t:|1645856602\n|switch|p1a: Blastoise|Blastoise, M|86\/100\n|-damage|p1a: Blastoise|73\/100|[from] Stealth Rock\n|turn|16\n|\n|t:|1645856606\n|move|p2a: Mienshao|U-turn|p1a: Blastoise\n|-damage|p1a: Blastoise|53\/100\n|-damage|p2a: Mienshao|68\/100|[from] item: Life Orb\n|\n|t:|1645856609\n|switch|p2a: Lanturn|Lanturn, M|75\/100|[from]move: U-turn\n|-damage|p2a: Lanturn|62\/100|[from] Stealth Rock\n|move|p1a: Blastoise|Rapid Spin|p2a: Lanturn\n|-damage|p2a: Lanturn|58\/100\n|-sideend|p1: Sp0oNl0rD|Stealth Rock|[from] move: Rapid Spin|[of] p1a: Blastoise\n|\n|-heal|p1a: Blastoise|59\/100|[from] item: Leftovers\n|-heal|p2a: Lanturn|64\/100|[from] item: Leftovers\n|upkeep\n|turn|17\n|\n|t:|1645856618\n|switch|p1a: Meloetta|Meloetta|100\/100\n|move|p2a: Lanturn|Scald|p1a: Meloetta\n|-damage|p1a: Meloetta|82\/100\n|\n|-heal|p2a: Lanturn|71\/100|[from] item: Leftovers\n|upkeep\n|turn|18\n|\n|t:|1645856626\n|move|p1a: Meloetta|Hyper Voice|p2a: Lanturn\n|-damage|p2a: Lanturn|22\/100\n|move|p2a: Lanturn|Volt Switch|p1a: Meloetta\n|-damage|p1a: Meloetta|67\/100\n|\n|t:|1645856633\n|switch|p2a: Mienshao|Mienshao, F|100\/100|[from]move: Volt Switch\n|-damage|p2a: Mienshao|94\/100|[from] Stealth Rock\n|\n|upkeep\n|turn|19\n|\n|t:|1645856635\n|move|p2a: Mienshao|Fake Out|p1a: Meloetta\n|-damage|p1a: Meloetta|46\/100\n|-damage|p2a: Mienshao|84\/100|[from] item: Life Orb\n|cant|p1a: Meloetta|flinch\n|\n|upkeep\n|turn|20\n|\n|t:|1645856639\n|switch|p1a: Blastoise|Blastoise, M|59\/100\n|move|p2a: Mienshao|U-turn|p1a: Blastoise\n|-damage|p1a: Blastoise|39\/100\n|-damage|p2a: Mienshao|74\/100|[from] item: Life Orb\n|\n|t:|1645856654\n|switch|p2a: Mew|Mew|100\/100|[from]move: U-turn\n|-damage|p2a: Mew|88\/100|[from] Stealth Rock\n|\n|-heal|p1a: Blastoise|45\/100|[from] item: Leftovers\n|upkeep\n|turn|21\n|\n|t:|1645856657\n|move|p2a: Mew|Giga Drain|p1a: Blastoise\n|-supereffective|p1a: Blastoise\n|-damage|p1a: Blastoise|6\/100\n|-heal|p2a: Mew|100\/100|[from] drain|[of] p1a: Blastoise\n|move|p1a: Blastoise|Toxic|p2a: Mew\n|-status|p2a: Mew|tox\n|-activate|p2a: Mew|ability: Synchronize\n|-status|p1a: Blastoise|tox\n|\n|-heal|p1a: Blastoise|12\/100 tox|[from] item: Leftovers\n|-damage|p2a: Mew|94\/100 tox|[from] psn\n|-damage|p1a: Blastoise|6\/100 tox|[from] psn\n|upkeep\n|turn|22\n|\n|t:|1645856662\n|switch|p1a: Victini|Victini|76\/100\n|move|p2a: Mew|Giga Drain|p1a: Victini\n|-resisted|p1a: Victini\n|-damage|p1a: Victini|66\/100\n|-heal|p2a: Mew|99\/100 tox|[from] drain|[of] p1a: Victini\n|\n|-damage|p2a: Mew|87\/100 tox|[from] psn\n|upkeep\n|turn|23\n|\n|t:|1645856685\n|switch|p2a: Lanturn|Lanturn, M|22\/100\n|-damage|p2a: Lanturn|10\/100|[from] Stealth Rock\n|move|p1a: Victini|U-turn|p2a: Lanturn\n|-damage|p2a: Lanturn|0 fnt\n|faint|p2a: Lanturn\n|\n|t:|1645856688\n|switch|p1a: Blastoise|Blastoise, M|6\/100 tox|[from]move: U-turn\n|\n|-heal|p1a: Blastoise|12\/100 tox|[from] item: Leftovers\n|-damage|p1a: Blastoise|6\/100 tox|[from] psn\n|upkeep\n|\n|t:|1645856704\n|switch|p2a: Mew|Mew|87\/100 tox\n|-damage|p2a: Mew|75\/100 tox|[from] Stealth Rock\n|turn|24\n|\n|t:|1645856710\n|move|p2a: Mew|U-turn|p1a: Blastoise\n|-damage|p1a: Blastoise|0 fnt\n|faint|p1a: Blastoise\n|\n|t:|1645856715\n|switch|p2a: Mienshao|Mienshao, F|100\/100|[from]move: U-turn\n|-damage|p2a: Mienshao|94\/100|[from] Stealth Rock\n|\n|upkeep\n|\n|t:|1645856722\n|switch|p1a: Victini|Victini|66\/100\n|turn|25\n|\n|t:|1645856726\n|switch|p1a: Cobalion|Cobalion|98\/100\n|move|p2a: Mienshao|Fake Out|p1a: Cobalion\n|-resisted|p1a: Cobalion\n|-damage|p1a: Cobalion|90\/100\n|-damage|p2a: Mienshao|84\/100|[from] item: Life Orb\n|\n|upkeep\n|turn|26\n|\n|t:|1645856739\n|switch|p2a: Xatu|Xatu, M|100\/100\n|-damage|p2a: Xatu|76\/100|[from] Stealth Rock\n|move|p1a: Cobalion|Close Combat|p2a: Xatu\n|-resisted|p2a: Xatu\n|-damage|p2a: Xatu|64\/100\n|-unboost|p1a: Cobalion|def|1\n|-unboost|p1a: Cobalion|spd|1\n|-damage|p1a: Cobalion|74\/100|[from] item: Rocky Helmet|[of] p2a: Xatu\n|\n|upkeep\n|turn|27\n|\n|t:|1645856745\n|switch|p1a: Meloetta|Meloetta|46\/100\n|move|p2a: Xatu|U-turn|p1a: Meloetta\n|-supereffective|p1a: Meloetta\n|-damage|p1a: Meloetta|12\/100\n|\n|t:|1645856749\n|switch|p2a: Mienshao|Mienshao, F|100\/100|[from]move: U-turn\n|-damage|p2a: Mienshao|94\/100|[from] Stealth Rock\n|\n|upkeep\n|turn|28\n|\n|t:|1645856752\n|move|p2a: Mienshao|Fake Out|p1a: Meloetta\n|-damage|p1a: Meloetta|0 fnt\n|faint|p1a: Meloetta\n|-damage|p2a: Mienshao|84\/100|[from] item: Life Orb\n|\n|upkeep\n|\n|t:|1645856755\n|switch|p1a: Victini|Victini|66\/100\n|turn|29\n|\n|t:|1645856773\n|switch|p2a: Xatu|Xatu, M|64\/100\n|-damage|p2a: Xatu|39\/100|[from] Stealth Rock\n|move|p1a: Victini|V-create|p2a: Xatu\n|-damage|p2a: Xatu|0 fnt\n|-unboost|p1a: Victini|spe|1\n|-unboost|p1a: Victini|def|1\n|-unboost|p1a: Victini|spd|1\n|-damage|p1a: Victini|49\/100|[from] item: Rocky Helmet|[of] p2a: Xatu\n|faint|p2a: Xatu\n|\n|upkeep\n|\n|t:|1645856783\n|switch|p2a: Mienshao|Mienshao, F|100\/100\n|-damage|p2a: Mienshao|94\/100|[from] Stealth Rock\n|turn|30\n|\n|t:|1645856787\n|move|p2a: Mienshao|U-turn|p1a: Victini\n|-damage|p1a: Victini|6\/100\n|-damage|p2a: Mienshao|84\/100|[from] item: Life Orb\n|\n|t:|1645856793\n|switch|p2a: Mew|Mew|75\/100 tox|[from]move: U-turn\n|-damage|p2a: Mew|62\/100 tox|[from] Stealth Rock\n|move|p1a: Victini|V-create|p2a: Mew\n|-damage|p2a: Mew|0 fnt\n|-unboost|p1a: Victini|spe|1\n|-unboost|p1a: Victini|def|1\n|-unboost|p1a: Victini|spd|1\n|faint|p2a: Mew\n|\n|upkeep\n|\n|t:|1645856799\n|switch|p2a: Darmanitan|Darmanitan, F|75\/100\n|-damage|p2a: Darmanitan|50\/100|[from] Stealth Rock\n|turn|31\n|\n|t:|1645856815\n|switch|p1a: Cobalion|Cobalion|74\/100\n|move|p2a: Darmanitan|Flare Blitz|p1a: Cobalion\n|-supereffective|p1a: Cobalion\n|-damage|p1a: Cobalion|0 fnt\n|faint|p1a: Cobalion\n|-damage|p2a: Darmanitan|28\/100|[from] Recoil\n|\n|upkeep\n|\n|t:|1645856817\n|switch|p1a: Victini|Victini|6\/100\n|turn|32\n|\n|t:|1645856820\n|move|p1a: Victini|Bolt Strike|p2a: Darmanitan\n|-damage|p2a: Darmanitan|0 fnt\n|faint|p2a: Darmanitan\n|\n|upkeep\n|c|\u2606Sp0oNl0rD|gg\n|c|\u2606SpacialRendevous|gg\n|\n|t:|1645856825\n|switch|p2a: Mienshao|Mienshao, F|100\/100\n|-damage|p2a: Mienshao|94\/100|[from] Stealth Rock\n|turn|33\n|\n|t:|1645856828\n|move|p2a: Mienshao|Fake Out|p1a: Victini\n|-damage|p1a: Victini|0 fnt\n|faint|p1a: Victini\n|-damage|p2a: Mienshao|84\/100|[from] item: Life Orb\n|\n|win|SpacialRendevous\n|n|\u2606Sp0oNl0rD|sp0onl0rd\n|n|\u2606SpacialRendevous|spacialrendevous\n|n| BB-8-NU|bb8nu\n|n| For 4LOM|for4lom\n|n| kinjana|kinjana\n|n| Spicy Meem|spicymeem\n","uploadtime":1645856829,"views":19,"p1id":"sp0onl0rd","p2id":"spacialrendevous","formatid":"gen5uu","rating":0,"private":0,"password":null}