{"id":"gen5ubers-1680012443","p1":"Blackstone3.9","p2":"dd absol","format":"gen5ubers","log":"|j|\u2606Blackstone3.9\n|j|\u2606dd absol\n|t:|1665154151\n|gametype|singles\n|player|p1|Blackstone3.9|169|1169\n|player|p2|dd absol|acetrainerf|1315\n|teamsize|p1|6\n|teamsize|p2|6\n|gen|5\n|tier|[Gen 5] Ubers\n|rated|\n|rule|Species Clause: Limit one of each Pok\u00e9mon\n|rule|OHKO Clause: OHKO moves are banned\n|rule|Moody Clause: Moody is banned\n|rule|Evasion Items Clause: Evasion items are banned\n|rule|Evasion Moves Clause: Evasion moves are banned\n|rule|Endless Battle Clause: Forcing endless battles is banned\n|rule|HP Percentage Mod: HP is shown in percentages\n|rule|Sleep Clause Mod: Limit one foe put to sleep\n|clearpoke\n|poke|p1|Forretress, F|item\n|poke|p1|Kyogre|item\n|poke|p1|Genesect|item\n|poke|p1|Arceus-*|item\n|poke|p1|Latios, M|item\n|poke|p1|Groudon|item\n|poke|p2|Deoxys-Attack|item\n|poke|p2|Groudon|item\n|poke|p2|Latias, F|item\n|poke|p2|Darkrai|item\n|poke|p2|Genesect|item\n|poke|p2|Arceus-*|item\n|teampreview\n|\n|t:|1665154173\n|start\n|switch|p1a: Genesect|Genesect|100\/100\n|switch|p2a: Deoxys|Deoxys-Attack|100\/100\n|-ability|p1a: Genesect|Download|boost\n|-boost|p1a: Genesect|spa|1\n|-ability|p2a: Deoxys|Pressure\n|turn|1\n|\n|t:|1665154182\n|move|p1a: Genesect|U-turn|p2a: Deoxys\n|-supereffective|p2a: Deoxys\n|-enditem|p2a: Deoxys|Focus Sash\n|-damage|p2a: Deoxys|1\/100\n|\n|t:|1665154186\n|switch|p1a: Forretress|Forretress, F|100\/100|[from]move: U-turn\n|move|p2a: Deoxys|Spikes|p1a: Forretress\n|-sidestart|p1: Blackstone3.9|Spikes\n|\n|upkeep\n|turn|2\n|\n|t:|1665154204\n|switch|p2a: Darkrai|Darkrai|100\/100\n|move|p1a: Forretress|Rapid Spin|p2a: Darkrai\n|-damage|p2a: Darkrai|95\/100\n|-sideend|p1: Blackstone3.9|Spikes|[from] move: Rapid Spin|[of] p1a: Forretress\n|\n|upkeep\n|turn|3\n|\n|t:|1665154218\n|move|p2a: Darkrai|Dark Void|p1a: Forretress\n|-status|p1a: Forretress|slp|[from] move: Dark Void\n|cant|p1a: Forretress|slp\n|\n|-damage|p1a: Forretress|88\/100 slp|[from] ability: Bad Dreams|[of] p2a: Darkrai\n|upkeep\n|turn|4\n|\n|t:|1665154232\n|switch|p1a: Genesect|Genesect|100\/100\n|-ability|p1a: Genesect|Download|boost\n|-boost|p1a: Genesect|spa|1\n|move|p2a: Darkrai|Focus Blast|p1a: Genesect\n|-damage|p1a: Genesect|28\/100\n|-damage|p2a: Darkrai|85\/100|[from] item: Life Orb\n|\n|upkeep\n|turn|5\n|\n|t:|1665154249\n|switch|p2a: Genesect|Genesect|100\/100\n|-ability|p2a: Genesect|Download|boost\n|-boost|p2a: Genesect|spa|1\n|move|p1a: Genesect|U-turn|p2a: Genesect\n|-resisted|p2a: Genesect\n|-damage|p2a: Genesect|80\/100\n|\n|t:|1665154265\n|switch|p1a: Groudon|Groudon|100\/100|[from]move: U-turn\n|-weather|SunnyDay|[from] ability: Drought|[of] p1a: Groudon\n|\n|-weather|SunnyDay|[upkeep]\n|upkeep\n|turn|6\n|\n|t:|1665154289\n|move|p2a: Genesect|Ice Beam|p1a: Groudon\n|-supereffective|p1a: Groudon\n|-damage|p1a: Groudon|29\/100\n|move|p1a: Groudon|Rock Polish|p1a: Groudon\n|-boost|p1a: Groudon|spe|2\n|\n|-weather|SunnyDay|[upkeep]\n|upkeep\n|turn|7\n|\n|t:|1665154337\n|move|p1a: Groudon|Earthquake|p2a: Genesect\n|-damage|p2a: Genesect|0 fnt\n|faint|p2a: Genesect\n|-damage|p1a: Groudon|19\/100|[from] item: Life Orb\n|\n|-weather|SunnyDay|[upkeep]\n|upkeep\n|\n|t:|1665154342\n|switch|p2a: Deoxys|Deoxys-Attack|1\/100\n|-ability|p2a: Deoxys|Pressure\n|turn|8\n|\n|t:|1665154350\n|switch|p1a: Forretress|Forretress, F|88\/100 slp\n|move|p2a: Deoxys|Extreme Speed|p1a: Forretress\n|-resisted|p1a: Forretress\n|-damage|p1a: Forretress|78\/100 slp\n|-enditem|p1a: Forretress|Red Card|[of] p2a: Deoxys\n|drag|p2a: Latias|Latias, F|100\/100\n|\n|-weather|SunnyDay|[upkeep]\n|upkeep\n|turn|9\n|\n|t:|1665154361\n|move|p2a: Latias|Hidden Power|p1a: Forretress\n|-supereffective|p1a: Forretress\n|-damage|p1a: Forretress|0 fnt\n|faint|p1a: Forretress\n|\n|-weather|SunnyDay|[upkeep]\n|upkeep\n|\n|t:|1665154366\n|switch|p1a: Genesect|Genesect|28\/100\n|-ability|p1a: Genesect|Download|boost\n|-boost|p1a: Genesect|atk|1\n|turn|10\n|\n|t:|1665154388\n|switch|p2a: Arceus|Arceus-Ghost|100\/100\n|move|p1a: Genesect|U-turn|p2a: Arceus\n|-resisted|p2a: Arceus\n|-damage|p2a: Arceus|82\/100\n|\n|t:|1665154396\n|switch|p1a: Kyogre|Kyogre|100\/100|[from]move: U-turn\n|-weather|RainDance|[from] ability: Drizzle|[of] p1a: Kyogre\n|\n|-weather|RainDance|[upkeep]\n|upkeep\n|turn|11\n|\n|t:|1665154410\n|switch|p2a: Latias|Latias, F|100\/100\n|switch|p1a: Genesect|Genesect|28\/100\n|-ability|p1a: Genesect|Download|boost\n|-boost|p1a: Genesect|atk|1\n|\n|-weather|RainDance|[upkeep]\n|upkeep\n|turn|12\n|\n|t:|1665154427\n|switch|p2a: Arceus|Arceus-Ghost|82\/100\n|move|p1a: Genesect|U-turn|p2a: Arceus\n|-resisted|p2a: Arceus\n|-damage|p2a: Arceus|65\/100\n|\n|t:|1665154433\n|switch|p1a: Kyogre|Kyogre|100\/100|[from]move: U-turn\n|\n|-weather|RainDance|[upkeep]\n|upkeep\n|turn|13\n|\n|t:|1665154445\n|switch|p2a: Latias|Latias, F|100\/100\n|move|p1a: Kyogre|Water Spout|p2a: Latias\n|-resisted|p2a: Latias\n|-damage|p2a: Latias|44\/100\n|\n|-weather|RainDance|[upkeep]\n|upkeep\n|turn|14\n|\n|t:|1665154453\n|switch|p1a: Groudon|Groudon|19\/100\n|-weather|SunnyDay|[from] ability: Drought|[of] p1a: Groudon\n|move|p2a: Latias|Draco Meteor|p1a: Groudon|[miss]\n|-miss|p2a: Latias|p1a: Groudon\n|\n|-weather|SunnyDay|[upkeep]\n|upkeep\n|turn|15\n|\n|t:|1665154466\n|move|p2a: Latias|Hidden Power|p1a: Groudon\n|-damage|p1a: Groudon|0 fnt\n|faint|p1a: Groudon\n|\n|-weather|SunnyDay|[upkeep]\n|upkeep\n|\n|t:|1665154471\n|switch|p1a: Genesect|Genesect|28\/100\n|-ability|p1a: Genesect|Download|boost\n|-boost|p1a: Genesect|atk|1\n|turn|16\n|\n|t:|1665154487\n|switch|p2a: Deoxys|Deoxys-Attack|1\/100\n|-ability|p2a: Deoxys|Pressure\n|move|p1a: Genesect|U-turn|p2a: Deoxys\n|-supereffective|p2a: Deoxys\n|-damage|p2a: Deoxys|0 fnt\n|faint|p2a: Deoxys\n|\n|t:|1665154496\n|switch|p1a: Arceus|Arceus|100\/100|[from]move: U-turn\n|\n|-weather|SunnyDay|[upkeep]\n|upkeep\n|\n|t:|1665154500\n|switch|p2a: Darkrai|Darkrai|85\/100\n|turn|17\n|\n|t:|1665154508\n|move|p2a: Darkrai|Dark Void|p1a: Arceus\n|-status|p1a: Arceus|slp|[from] move: Dark Void\n|-enditem|p1a: Arceus|Lum Berry|[eat]\n|-curestatus|p1a: Arceus|slp|[msg]\n|move|p1a: Arceus|Swords Dance|p1a: Arceus\n|-boost|p1a: Arceus|atk|2\n|\n|-weather|SunnyDay|[upkeep]\n|upkeep\n|turn|18\n|\n|t:|1665154569\n|switch|p2a: Latias|Latias, F|44\/100\n|move|p1a: Arceus|Extreme Speed|p2a: Latias\n|-damage|p2a: Latias|0 fnt\n|faint|p2a: Latias\n|\n|-weather|SunnyDay|[upkeep]\n|upkeep\n|\n|t:|1665154571\n|switch|p2a: Groudon|Groudon|100\/100\n|turn|19\n|\n|t:|1665154603\n|switch|p1a: Latios|Latios, M|100\/100\n|move|p2a: Groudon|Dragon Tail|p1a: Latios\n|-supereffective|p1a: Latios\n|-damage|p1a: Latios|33\/100\n|drag|p1a: Arceus|Arceus|100\/100\n|\n|-weather|SunnyDay|[upkeep]\n|upkeep\n|turn|20\n|\n|t:|1665154619\n|switch|p1a: Latios|Latios, M|33\/100\n|move|p2a: Groudon|Earthquake|p1a: Latios\n|-immune|p1a: Latios|[from] ability: Levitate\n|\n|-weather|SunnyDay|[upkeep]\n|upkeep\n|turn|21\n|\n|t:|1665154634\n|move|p1a: Latios|Dragon Pulse|p2a: Groudon\n|-crit|p2a: Groudon\n|-damage|p2a: Groudon|0 fnt\n|faint|p2a: Groudon\n|\n|-weather|SunnyDay|[upkeep]\n|upkeep\n|\n|t:|1665154638\n|switch|p2a: Arceus|Arceus-Ghost|65\/100\n|turn|22\n|\n|t:|1665154643\n|move|p2a: Arceus|Calm Mind|p2a: Arceus\n|-boost|p2a: Arceus|spa|1\n|-boost|p2a: Arceus|spd|1\n|move|p1a: Latios|Dragon Pulse|p2a: Arceus\n|-damage|p2a: Arceus|27\/100\n|\n|-weather|SunnyDay|[upkeep]\n|upkeep\n|turn|23\n|\n|t:|1665154651\n|switch|p1a: Kyogre|Kyogre|100\/100\n|-weather|RainDance|[from] ability: Drizzle|[of] p1a: Kyogre\n|move|p2a: Arceus|Recover|p2a: Arceus\n|-heal|p2a: Arceus|77\/100\n|\n|-weather|RainDance|[upkeep]\n|upkeep\n|turn|24\n|\n|t:|1665154659\n|move|p2a: Arceus|Judgment|p1a: Kyogre\n|-damage|p1a: Kyogre|54\/100\n|move|p1a: Kyogre|Surf|p2a: Arceus\n|-crit|p2a: Arceus\n|-damage|p2a: Arceus|0 fnt\n|faint|p2a: Arceus\n|\n|-weather|RainDance|[upkeep]\n|upkeep\n|c|\u2606dd absol|ggs\n|\n|t:|1665154701\n|switch|p2a: Darkrai|Darkrai|85\/100\n|turn|25\n|\n|t:|1665154703\n|move|p2a: Darkrai|Dark Void|p1a: Kyogre\n|-status|p1a: Kyogre|slp|[from] move: Dark Void\n|cant|p1a: Kyogre|slp\n|\n|-weather|RainDance|[upkeep]\n|-damage|p1a: Kyogre|42\/100 slp|[from] ability: Bad Dreams|[of] p2a: Darkrai\n|upkeep\n|turn|26\n|\n|t:|1665154710\n|switch|p1a: Latios|Latios, M|33\/100\n|move|p2a: Darkrai|Dark Pulse|p1a: Latios\n|-supereffective|p1a: Latios\n|-damage|p1a: Latios|0 fnt\n|faint|p1a: Latios\n|-damage|p2a: Darkrai|75\/100|[from] item: Life Orb\n|\n|-weather|RainDance|[upkeep]\n|upkeep\n|\n|t:|1665154718\n|switch|p1a: Genesect|Genesect|28\/100\n|-ability|p1a: Genesect|Download|boost\n|-boost|p1a: Genesect|spa|1\n|turn|27\n|\n|t:|1665154723\n|move|p1a: Genesect|Explosion|p2a: Darkrai\n|-damage|p2a: Darkrai|0 fnt\n|faint|p1a: Genesect\n|faint|p2a: Darkrai\n|\n|win|Blackstone3.9\n|raw|Blackstone3.9's rating: 1169 &rarr; <strong>1204<\/strong><br \/>(+35 for winning)\n|raw|dd absol's rating: 1315 &rarr; <strong>1287<\/strong><br \/>(-28 for losing)\n","uploadtime":1665154729,"views":4,"p1id":"blackstone39","p2id":"ddabsol","formatid":"gen5ubers","rating":1204,"private":0,"password":null}