{"id":"gen5ubers-1630811554","p1":"Raph369","p2":"Fire and wrath","format":"gen5ubers","log":"|j|\u2606Raph369\n|j|\u2606Fire and wrath\n|t:|1659467255\n|gametype|singles\n|player|p1|Raph369|archer|\n|player|p2|Fire and wrath|sabrina-masters|\n|teamsize|p1|6\n|teamsize|p2|6\n|gen|5\n|tier|[Gen 5] Ubers\n|rated|Tournament battle\n|rule|Species Clause: Limit one of each Pok\u00e9mon\n|rule|OHKO Clause: OHKO moves are banned\n|rule|Moody Clause: Moody is banned\n|rule|Evasion Moves Clause: Evasion moves are banned\n|rule|Endless Battle Clause: Forcing endless battles is banned\n|rule|HP Percentage Mod: HP is shown in percentages\n|rule|Sleep Clause Mod: Limit one foe put to sleep\n|clearpoke\n|poke|p1|Groudon|item\n|poke|p1|Deoxys-Attack|item\n|poke|p1|Darkrai|item\n|poke|p1|Salamence, F|item\n|poke|p1|Giratina-Origin|item\n|poke|p1|Arceus-*|item\n|poke|p2|Kyogre|item\n|poke|p2|Scolipede, M|item\n|poke|p2|Cresselia, F|item\n|poke|p2|Dialga|item\n|poke|p2|Giratina-Origin|item\n|poke|p2|Arceus-*|item\n|teampreview\n|j| FrostedC\n|c|\u2606Raph369|hf\n|c|\u2606Fire and wrath|hf\n|j| kroniikamisama\n|\n|t:|1659467324\n|start\n|switch|p1a: Deoxys|Deoxys-Attack|100\/100\n|switch|p2a: Scolipede|Scolipede, M|100\/100\n|-ability|p1a: Deoxys|Pressure\n|turn|1\n|\n|t:|1659467328\n|move|p1a: Deoxys|Fire Punch|p2a: Scolipede\n|-supereffective|p2a: Scolipede\n|-damage|p2a: Scolipede|25\/100\n|move|p2a: Scolipede|Toxic Spikes|p1a: Deoxys\n|-sidestart|p1: Raph369|move: Toxic Spikes\n|\n|upkeep\n|turn|2\n|\n|t:|1659467339\n|move|p1a: Deoxys|Dark Pulse|p2a: Scolipede\n|-damage|p2a: Scolipede|0 fnt\n|faint|p2a: Scolipede\n|\n|upkeep\n|\n|t:|1659467353\n|switch|p2a: Giratina|Giratina-Origin|100\/100\n|turn|3\n|\n|t:|1659467356\n|move|p2a: Giratina|Shadow Sneak|p1a: Deoxys\n|-supereffective|p1a: Deoxys\n|-enditem|p1a: Deoxys|Focus Sash\n|-damage|p1a: Deoxys|1\/100\n|move|p1a: Deoxys|Spikes|p2a: Giratina\n|-sidestart|p2: Fire and wrath|Spikes\n|\n|upkeep\n|turn|4\n|\n|t:|1659467361\n|move|p2a: Giratina|Shadow Sneak|p1a: Deoxys\n|-supereffective|p1a: Deoxys\n|-damage|p1a: Deoxys|0 fnt\n|faint|p1a: Deoxys\n|\n|upkeep\n|\n|t:|1659467363\n|switch|p1a: Darkrai|Darkrai|100\/100\n|-status|p1a: Darkrai|psn\n|turn|5\n|\n|t:|1659467366\n|switch|p2a: Kyogre|Kyogre|100\/100\n|-damage|p2a: Kyogre|88\/100|[from] Spikes\n|-weather|RainDance|[from] ability: Drizzle|[of] p2a: Kyogre\n|move|p1a: Darkrai|Dark Void|p2a: Kyogre\n|-status|p2a: Kyogre|slp|[from] move: Dark Void\n|\n|-weather|RainDance|[upkeep]\n|-damage|p1a: Darkrai|88\/100 psn|[from] psn\n|-damage|p2a: Kyogre|76\/100 slp|[from] ability: Bad Dreams|[of] p1a: Darkrai\n|upkeep\n|turn|6\n|\n|t:|1659467377\n|cant|p2a: Kyogre|slp\n|move|p2a: Kyogre|Sleep Talk|p2a: Kyogre\n|move|p2a: Kyogre|Thunder Wave||[from]move: Sleep Talk|[still]\n|-fail|p2a: Kyogre\n|move|p1a: Darkrai|Thunder|p2a: Kyogre\n|-supereffective|p2a: Kyogre\n|-damage|p2a: Kyogre|1\/100 slp\n|-damage|p1a: Darkrai|79\/100 psn|[from] item: Life Orb\n|\n|-weather|RainDance|[upkeep]\n|-damage|p1a: Darkrai|66\/100 psn|[from] psn\n|-damage|p2a: Kyogre|0 fnt|[from] ability: Bad Dreams|[of] p1a: Darkrai\n|faint|p2a: Kyogre\n|upkeep\n|j| Everything Goes On\n|\n|t:|1659467396\n|switch|p2a: Giratina|Giratina-Origin|100\/100\n|turn|7\n|\n|t:|1659467406\n|move|p1a: Darkrai|Dark Pulse|p2a: Giratina\n|-supereffective|p2a: Giratina\n|-damage|p2a: Giratina|16\/100\n|-damage|p1a: Darkrai|57\/100 psn|[from] item: Life Orb\n|cant|p2a: Giratina|flinch\n|\n|-weather|RainDance|[upkeep]\n|-damage|p1a: Darkrai|45\/100 psn|[from] psn\n|upkeep\n|turn|8\n|c|\u2606Fire and wrath|i guess so\n|\n|t:|1659467415\n|move|p2a: Giratina|Shadow Sneak|p1a: Darkrai\n|-resisted|p1a: Darkrai\n|-damage|p1a: Darkrai|28\/100 psn\n|move|p1a: Darkrai|Dark Pulse|p2a: Giratina\n|-supereffective|p2a: Giratina\n|-damage|p2a: Giratina|0 fnt\n|faint|p2a: Giratina\n|-damage|p1a: Darkrai|18\/100 psn|[from] item: Life Orb\n|\n|-weather|RainDance|[upkeep]\n|-damage|p1a: Darkrai|6\/100 psn|[from] psn\n|upkeep\n|\n|t:|1659467417\n|switch|p2a: Arceus|Arceus|100\/100\n|-damage|p2a: Arceus|88\/100|[from] Spikes\n|turn|9\n|\n|t:|1659467421\n|move|p2a: Arceus|Extreme Speed|p1a: Darkrai\n|-crit|p1a: Darkrai\n|-damage|p1a: Darkrai|0 fnt\n|faint|p1a: Darkrai\n|\n|-weather|RainDance|[upkeep]\n|-heal|p2a: Arceus|94\/100|[from] item: Leftovers\n|upkeep\n|\n|t:|1659467432\n|switch|p1a: Giratina|Giratina-Origin|100\/100\n|turn|10\n|\n|t:|1659467446\n|move|p2a: Arceus|Substitute|p2a: Arceus\n|-start|p2a: Arceus|Substitute\n|-damage|p2a: Arceus|69\/100\n|move|p1a: Giratina|Dragon Tail|p2a: Arceus\n|-crit|p2a: Arceus\n|-end|p2a: Arceus|Substitute\n|\n|-weather|RainDance|[upkeep]\n|-heal|p2a: Arceus|76\/100|[from] item: Leftovers\n|upkeep\n|turn|11\n|\n|t:|1659467455\n|move|p2a: Arceus|Substitute|p2a: Arceus\n|-start|p2a: Arceus|Substitute\n|-damage|p2a: Arceus|51\/100\n|move|p1a: Giratina|Dragon Tail|p2a: Arceus\n|-end|p2a: Arceus|Substitute\n|\n|-weather|RainDance|[upkeep]\n|-heal|p2a: Arceus|57\/100|[from] item: Leftovers\n|upkeep\n|turn|12\n|\n|t:|1659467459\n|switch|p2a: Dialga|Dialga|100\/100\n|-damage|p2a: Dialga|88\/100|[from] Spikes\n|-ability|p2a: Dialga|Pressure\n|move|p1a: Giratina|Dragon Tail|p2a: Dialga\n|-damage|p2a: Dialga|60\/100\n|drag|p2a: Arceus|Arceus|57\/100\n|-damage|p2a: Arceus|44\/100|[from] Spikes\n|\n|-weather|RainDance|[upkeep]\n|-heal|p2a: Arceus|51\/100|[from] item: Leftovers\n|upkeep\n|turn|13\n|\n|t:|1659467462\n|move|p2a: Arceus|Shadow Claw|p1a: Giratina\n|-supereffective|p1a: Giratina\n|-damage|p1a: Giratina|67\/100\n|move|p1a: Giratina|Dragon Tail|p2a: Arceus\n|-damage|p2a: Arceus|26\/100\n|drag|p2a: Cresselia|Cresselia, F|100\/100\n|\n|-weather|RainDance|[upkeep]\n|upkeep\n|turn|14\n|\n|t:|1659467471\n|move|p1a: Giratina|Safeguard|p1a: Giratina\n|-sidestart|p1: Raph369|Safeguard\n|move|p2a: Cresselia|Reflect|p2a: Cresselia\n|-sidestart|p2: Fire and wrath|Reflect\n|\n|-weather|RainDance|[upkeep]\n|upkeep\n|turn|15\n|\n|t:|1659467501\n|switch|p1a: Arceus|Arceus|100\/100\n|move|p2a: Cresselia|Safeguard|p2a: Cresselia\n|-sidestart|p2: Fire and wrath|Safeguard\n|\n|-weather|RainDance|[upkeep]\n|upkeep\n|turn|16\n|\n|t:|1659467510\n|move|p1a: Arceus|Swords Dance|p1a: Arceus\n|-boost|p1a: Arceus|atk|2\n|move|p2a: Cresselia|Lunar Dance|p2a: Cresselia\n|faint|p2a: Cresselia\n|\n|-weather|RainDance|[upkeep]\n|upkeep\n|\n|t:|1659467512\n|switch|p2a: Arceus|Arceus|26\/100\n|-heal|p2a: Arceus|100\/100|[from] move: Lunar Dance\n|-damage|p2a: Arceus|88\/100|[from] Spikes\n|turn|17\n|\n|t:|1659467550\n|move|p1a: Arceus|Extreme Speed|p2a: Arceus\n|-damage|p2a: Arceus|59\/100\n|move|p2a: Arceus|Swords Dance|p2a: Arceus\n|-boost|p2a: Arceus|atk|2\n|\n|-weather|RainDance|[upkeep]\n|-heal|p2a: Arceus|65\/100|[from] item: Leftovers\n|upkeep\n|turn|18\n|j| ICVR\n|\n|t:|1659467564\n|move|p1a: Arceus|Extreme Speed|p2a: Arceus\n|-damage|p2a: Arceus|38\/100\n|move|p2a: Arceus|Swords Dance|p2a: Arceus\n|-boost|p2a: Arceus|atk|2\n|\n|-weather|RainDance|[upkeep]\n|-heal|p2a: Arceus|44\/100|[from] item: Leftovers\n|-sideend|p1: Raph369|Safeguard\n|upkeep\n|turn|19\n|\n|t:|1659467568\n|move|p1a: Arceus|Extreme Speed|p2a: Arceus\n|-damage|p2a: Arceus|18\/100\n|move|p2a: Arceus|Extreme Speed|p1a: Arceus\n|-damage|p1a: Arceus|12\/100\n|\n|-weather|RainDance|[upkeep]\n|-heal|p2a: Arceus|24\/100|[from] item: Leftovers\n|-sideend|p2: Fire and wrath|Safeguard\n|upkeep\n|turn|20\n|\n|t:|1659467573\n|move|p1a: Arceus|Extreme Speed|p2a: Arceus\n|-damage|p2a: Arceus|0 fnt\n|faint|p2a: Arceus\n|\n|-weather|RainDance|[upkeep]\n|upkeep\n|\n|t:|1659467575\n|switch|p2a: Dialga|Dialga|60\/100\n|-damage|p2a: Dialga|48\/100|[from] Spikes\n|-ability|p2a: Dialga|Pressure\n|turn|21\n|\n|t:|1659467578\n|move|p1a: Arceus|Extreme Speed|p2a: Dialga\n|-resisted|p2a: Dialga\n|-damage|p2a: Dialga|33\/100\n|move|p2a: Dialga|Dragon Pulse|p1a: Arceus\n|-damage|p1a: Arceus|0 fnt\n|faint|p1a: Arceus\n|\n|-weather|RainDance|[upkeep]\n|-heal|p2a: Dialga|39\/100|[from] item: Leftovers\n|-sideend|p2: Fire and wrath|Reflect\n|upkeep\n|\n|t:|1659467580\n|switch|p1a: Groudon|Groudon|100\/100\n|-status|p1a: Groudon|psn\n|-weather|SunnyDay|[from] ability: Drought|[of] p1a: Groudon\n|turn|22\n|c| ICVR|Every tie\n|\n|t:|1659467583\n|move|p1a: Groudon|Earthquake|p2a: Dialga\n|-supereffective|p2a: Dialga\n|-damage|p2a: Dialga|0 fnt\n|faint|p2a: Dialga\n|\n|win|Raph369\n|n|\u2606Raph369|raph369\n|n|\u2606Fire and wrath|fireandwrath\n|n| FrostedC|frostedc\n|n| kroniikamisama|kroniikamisama\n|n| Everything Goes On|everythinggoeson\n|n| ICVR|icvr\n","uploadtime":1659467584,"views":16,"p1id":"raph369","p2id":"fireandwrath","formatid":"gen5ubers","rating":0,"private":0,"password":null}