{"id":"gen5ubers-1683299049","p1":"cianchan","p2":"alvar03","format":"gen5ubers","log":"|j|\u2606cianchan\n|j|\u2606alvar03\n|t:|1665513042\n|gametype|singles\n|player|p1|cianchan|1|1147\n|player|p2|alvar03|alder|1368\n|teamsize|p1|6\n|teamsize|p2|6\n|gen|5\n|tier|[Gen 5] Ubers\n|rated|\n|rule|Species Clause: Limit one of each Pok\u00e9mon\n|rule|OHKO Clause: OHKO moves are banned\n|rule|Moody Clause: Moody is banned\n|rule|Evasion Items Clause: Evasion items are banned\n|rule|Evasion Moves Clause: Evasion moves are banned\n|rule|Endless Battle Clause: Forcing endless battles is banned\n|rule|HP Percentage Mod: HP is shown in percentages\n|rule|Sleep Clause Mod: Limit one foe put to sleep\n|clearpoke\n|poke|p1|Deoxys-Speed|item\n|poke|p1|Sableye, F|item\n|poke|p1|Tentacruel, M|item\n|poke|p1|Genesect|item\n|poke|p1|Kyogre|item\n|poke|p1|Arceus-*|item\n|poke|p2|Tyranitar, F|item\n|poke|p2|Skarmory, F|item\n|poke|p2|Excadrill, M|item\n|poke|p2|Arceus-*|item\n|poke|p2|Latias, F|item\n|poke|p2|Palkia|item\n|teampreview\n|inactive|Battle timer is ON: inactive players will automatically lose when time's up. (requested by cianchan)\n|\n|t:|1665513068\n|start\n|switch|p1a: lead|Deoxys-Speed|100\/100\n|switch|p2a: Tyranitar|Tyranitar, F|100\/100\n|-ability|p1a: lead|Pressure\n|-weather|Sandstorm|[from] ability: Sand Stream|[of] p2a: Tyranitar\n|turn|1\n|\n|t:|1665513078\n|move|p1a: lead|Taunt|p2a: Tyranitar\n|-start|p2a: Tyranitar|move: Taunt\n|move|p2a: Tyranitar|Crunch|p1a: lead\n|-supereffective|p1a: lead\n|-enditem|p1a: lead|Focus Sash\n|-damage|p1a: lead|1\/100\n|\n|-weather|Sandstorm|[upkeep]\n|-damage|p1a: lead|0 fnt|[from] Sandstorm\n|faint|p1a: lead\n|upkeep\n|\n|t:|1665513092\n|switch|p1a: rain|Kyogre|100\/100\n|-weather|RainDance|[from] ability: Drizzle|[of] p1a: rain\n|turn|2\n|\n|t:|1665513102\n|switch|p2a: Palkia|Palkia|100\/100\n|-ability|p2a: Palkia|Pressure\n|move|p1a: rain|Water Spout|p2a: Palkia\n|-resisted|p2a: Palkia\n|-damage|p2a: Palkia|49\/100\n|\n|-weather|RainDance|[upkeep]\n|-heal|p2a: Palkia|55\/100|[from] item: Leftovers\n|upkeep\n|turn|3\n|\n|t:|1665513118\n|switch|p1a: spin and tspikes|Tentacruel, M|100\/100\n|move|p2a: Palkia|Thunder|p1a: spin and tspikes\n|-supereffective|p1a: spin and tspikes\n|-damage|p1a: spin and tspikes|43\/100\n|\n|-weather|RainDance|[upkeep]\n|-heal|p1a: spin and tspikes|49\/100|[from] ability: Rain Dish\n|-heal|p2a: Palkia|61\/100|[from] item: Leftovers\n|-heal|p1a: spin and tspikes|55\/100|[from] item: Black Sludge\n|upkeep\n|turn|4\n|\n|t:|1665513137\n|move|p2a: Palkia|Thunder|p1a: spin and tspikes\n|-supereffective|p1a: spin and tspikes\n|-damage|p1a: spin and tspikes|2\/100\n|move|p1a: spin and tspikes|Toxic|p2a: Palkia\n|-status|p2a: Palkia|tox\n|\n|-weather|RainDance|[upkeep]\n|-heal|p1a: spin and tspikes|9\/100|[from] ability: Rain Dish\n|-heal|p2a: Palkia|67\/100 tox|[from] item: Leftovers\n|-heal|p1a: spin and tspikes|15\/100|[from] item: Black Sludge\n|-damage|p2a: Palkia|61\/100 tox|[from] psn\n|upkeep\n|turn|5\n|\n|t:|1665513152\n|switch|p1a: spinblock|Sableye, F|100\/100\n|move|p2a: Palkia|Thunder|p1a: spinblock\n|-crit|p1a: spinblock\n|-damage|p1a: spinblock|0 fnt\n|faint|p1a: spinblock\n|\n|-weather|RainDance|[upkeep]\n|-heal|p2a: Palkia|67\/100 tox|[from] item: Leftovers\n|-damage|p2a: Palkia|55\/100 tox|[from] psn\n|upkeep\n|\n|t:|1665513164\n|switch|p1a: chad|Genesect|100\/100\n|-ability|p1a: chad|Download|boost\n|-boost|p1a: chad|atk|1\n|turn|6\n|\n|t:|1665513176\n|switch|p2a: Skarmory|Skarmory, F|100\/100\n|move|p1a: chad|U-turn|p2a: Skarmory\n|-resisted|p2a: Skarmory\n|-damage|p2a: Skarmory|92\/100\n|\n|t:|1665513182\n|switch|p1a: rain|Kyogre|100\/100|[from]move: U-turn\n|\n|-weather|RainDance|[upkeep]\n|-heal|p2a: Skarmory|98\/100|[from] item: Leftovers\n|upkeep\n|turn|7\n|inactive|cianchan has 120 seconds left.\n|\n|t:|1665513199\n|switch|p2a: Palkia|Palkia|55\/100 tox\n|-ability|p2a: Palkia|Pressure\n|move|p1a: rain|Thunder|p2a: Palkia\n|-damage|p2a: Palkia|0 fnt\n|faint|p2a: Palkia\n|\n|-weather|RainDance|[upkeep]\n|upkeep\n|\n|t:|1665513207\n|switch|p2a: Tyranitar|Tyranitar, F|100\/100\n|-weather|Sandstorm|[from] ability: Sand Stream|[of] p2a: Tyranitar\n|turn|8\n|\n|t:|1665513214\n|switch|p1a: spin and tspikes|Tentacruel, M|15\/100\n|move|p2a: Tyranitar|Stealth Rock|p1a: spin and tspikes\n|-sidestart|p1: cianchan|move: Stealth Rock\n|\n|-weather|Sandstorm|[upkeep]\n|-damage|p1a: spin and tspikes|9\/100|[from] Sandstorm\n|-heal|p1a: spin and tspikes|15\/100|[from] item: Black Sludge\n|upkeep\n|turn|9\n|\n|t:|1665513226\n|switch|p2a: Arceus|Arceus-Ghost|100\/100\n|move|p1a: spin and tspikes|Toxic|p2a: Arceus|[miss]\n|-miss|p1a: spin and tspikes|p2a: Arceus\n|\n|-weather|Sandstorm|[upkeep]\n|-damage|p2a: Arceus|94\/100|[from] Sandstorm\n|-damage|p1a: spin and tspikes|9\/100|[from] Sandstorm\n|-heal|p1a: spin and tspikes|15\/100|[from] item: Black Sludge\n|upkeep\n|turn|10\n|\n|t:|1665513238\n|move|p2a: Arceus|Shadow Claw|p1a: spin and tspikes\n|-damage|p1a: spin and tspikes|0 fnt\n|faint|p1a: spin and tspikes\n|\n|-weather|Sandstorm|[upkeep]\n|-damage|p2a: Arceus|88\/100|[from] Sandstorm\n|upkeep\n|\n|t:|1665513251\n|switch|p1a: rain|Kyogre|100\/100\n|-damage|p1a: rain|88\/100|[from] Stealth Rock\n|-weather|RainDance|[from] ability: Drizzle|[of] p1a: rain\n|turn|11\n|\n|t:|1665513261\n|switch|p2a: Latias|Latias, F|100\/100\n|move|p1a: rain|Surf|p2a: Latias\n|-resisted|p2a: Latias\n|-damage|p2a: Latias|69\/100\n|\n|-weather|RainDance|[upkeep]\n|upkeep\n|turn|12\n|\n|t:|1665513270\n|switch|p1a: chad|Genesect|100\/100\n|-damage|p1a: chad|88\/100|[from] Stealth Rock\n|-ability|p1a: chad|Download|boost\n|-boost|p1a: chad|atk|1\n|move|p2a: Latias|Dragon Pulse|p1a: chad\n|-resisted|p1a: chad\n|-damage|p1a: chad|53\/100\n|\n|-weather|RainDance|[upkeep]\n|upkeep\n|turn|13\n|\n|t:|1665513280\n|switch|p2a: Skarmory|Skarmory, F|98\/100\n|move|p1a: chad|U-turn|p2a: Skarmory\n|-resisted|p2a: Skarmory\n|-damage|p2a: Skarmory|89\/100\n|\n|t:|1665513292\n|switch|p1a: rain|Kyogre|88\/100|[from]move: U-turn\n|-damage|p1a: rain|76\/100|[from] Stealth Rock\n|\n|-weather|RainDance|[upkeep]\n|-heal|p2a: Skarmory|95\/100|[from] item: Leftovers\n|upkeep\n|turn|14\n|\n|t:|1665513304\n|switch|p2a: Arceus|Arceus-Ghost|88\/100\n|move|p1a: rain|Water Spout|p2a: Arceus\n|-damage|p2a: Arceus|0 fnt\n|faint|p2a: Arceus\n|\n|-weather|RainDance|[upkeep]\n|upkeep\n|\n|t:|1665513308\n|switch|p2a: Latias|Latias, F|69\/100\n|turn|15\n|\n|t:|1665513324\n|switch|p1a: chad|Genesect|53\/100\n|-damage|p1a: chad|41\/100|[from] Stealth Rock\n|-ability|p1a: chad|Download|boost\n|-boost|p1a: chad|atk|1\n|move|p2a: Latias|Dragon Pulse|p1a: chad\n|-resisted|p1a: chad\n|-damage|p1a: chad|6\/100\n|\n|-weather|RainDance|[upkeep]\n|upkeep\n|turn|16\n|inactive|cianchan has 120 seconds left.\n|\n|t:|1665513355\n|switch|p2a: Excadrill|Excadrill, M|100\/100\n|move|p1a: chad|Explosion|p2a: Excadrill\n|-resisted|p2a: Excadrill\n|-damage|p2a: Excadrill|14\/100\n|faint|p1a: chad\n|\n|-weather|RainDance|[upkeep]\n|-heal|p2a: Excadrill|20\/100|[from] item: Leftovers\n|upkeep\n|\n|t:|1665513367\n|switch|p1a: ek boiiii|Arceus|100\/100\n|-damage|p1a: ek boiiii|88\/100|[from] Stealth Rock\n|turn|17\n|inactive|cianchan has 90 seconds left.\n|inactive|cianchan has 60 seconds left.\n|\n|t:|1665513441\n|move|p1a: ek boiiii|Swords Dance|p1a: ek boiiii\n|-boost|p1a: ek boiiii|atk|2\n|move|p2a: Excadrill|Earthquake|p1a: ek boiiii\n|-damage|p1a: ek boiiii|50\/100\n|\n|-weather|RainDance|[upkeep]\n|-heal|p2a: Excadrill|27\/100|[from] item: Leftovers\n|upkeep\n|turn|18\n|\n|t:|1665513448\n|move|p1a: ek boiiii|Extreme Speed|p2a: Excadrill\n|-resisted|p2a: Excadrill\n|-damage|p2a: Excadrill|0 fnt\n|faint|p2a: Excadrill\n|\n|-weather|RainDance|[upkeep]\n|upkeep\n|\n|t:|1665513450\n|switch|p2a: Tyranitar|Tyranitar, F|100\/100\n|-weather|Sandstorm|[from] ability: Sand Stream|[of] p2a: Tyranitar\n|turn|19\n|\n|t:|1665513466\n|move|p1a: ek boiiii|Earthquake|p2a: Tyranitar\n|-supereffective|p2a: Tyranitar\n|-damage|p2a: Tyranitar|0 fnt\n|faint|p2a: Tyranitar\n|\n|-weather|Sandstorm|[upkeep]\n|-damage|p1a: ek boiiii|44\/100|[from] Sandstorm\n|upkeep\n|\n|t:|1665513469\n|switch|p2a: Skarmory|Skarmory, F|95\/100\n|turn|20\n|inactive|cianchan has 30 seconds left.\n|\n|t:|1665513504\n|switch|p1a: rain|Kyogre|76\/100\n|-damage|p1a: rain|63\/100|[from] Stealth Rock\n|-weather|RainDance|[from] ability: Drizzle|[of] p1a: rain\n|move|p2a: Skarmory|Toxic|p1a: rain\n|-status|p1a: rain|tox\n|\n|-weather|RainDance|[upkeep]\n|-heal|p2a: Skarmory|100\/100|[from] item: Leftovers\n|-damage|p1a: rain|57\/100 tox|[from] psn\n|upkeep\n|turn|21\n|inactive|cianchan has 30 seconds left.\n|\n|t:|1665513524\n|move|p1a: rain|Thunder|p2a: Skarmory\n|-supereffective|p2a: Skarmory\n|-ability|p2a: Skarmory|Sturdy\n|-damage|p2a: Skarmory|1\/100\n|-status|p2a: Skarmory|par\n|cant|p2a: Skarmory|par\n|\n|-weather|RainDance|[upkeep]\n|-heal|p2a: Skarmory|7\/100 par|[from] item: Leftovers\n|-damage|p1a: rain|45\/100 tox|[from] psn\n|upkeep\n|turn|22\n|inactive|cianchan has 30 seconds left.\n|\n|t:|1665513532\n|move|p1a: rain|Thunder|p2a: Skarmory\n|-supereffective|p2a: Skarmory\n|-damage|p2a: Skarmory|0 fnt\n|faint|p2a: Skarmory\n|\n|-weather|RainDance|[upkeep]\n|-damage|p1a: rain|27\/100 tox|[from] psn\n|upkeep\n|\n|t:|1665513535\n|switch|p2a: Latias|Latias, F|69\/100\n|turn|23\n|\n|t:|1665513539\n|move|p2a: Latias|Dragon Pulse|p1a: rain\n|-damage|p1a: rain|0 fnt\n|faint|p1a: rain\n|\n|-weather|RainDance|[upkeep]\n|upkeep\n|\n|t:|1665513542\n|switch|p1a: ek boiiii|Arceus|44\/100\n|-damage|p1a: ek boiiii|32\/100|[from] Stealth Rock\n|turn|24\n|inactive|cianchan has 30 seconds left.\n|inactive|cianchan has 20 seconds left.\n|inactive|cianchan has 15 seconds left.\n|inactive|cianchan has 10 seconds left.\n|inactive|cianchan has 5 seconds left.\n|-message|cianchan lost due to inactivity.\n|\n|win|alvar03\n|raw|cianchan's rating: 1147 &rarr; <strong>1136<\/strong><br \/>(-11 for losing)\n|raw|alvar03's rating: 1368 &rarr; <strong>1377<\/strong><br \/>(+9 for winning)\n|l|\u2606alvar03\n|c|\u2606cianchan|NOOOOO\n|c|\u2606cianchan|hahaha\n|c|\u2606cianchan|rip\n","uploadtime":1665513616,"views":8,"p1id":"cianchan","p2id":"alvar03","formatid":"gen5ubers","rating":1136,"private":0,"password":null}