{"id":"gen5randombattle-1548582792","p1":"Sketchy101","p2":"Buhrito","format":"gen5randombattle","log":"|j|\u2606Sketchy101\n|j|\u2606Buhrito\n|t:|1649384622\n|gametype|singles\n|player|p1|Sketchy101|jasmine|1519\n|player|p2|Buhrito|102|1499\n|teamsize|p1|6\n|teamsize|p2|6\n|gen|5\n|tier|[Gen 5] Random Battle\n|rated|\n|rule|Sleep Clause Mod: Limit one foe put to sleep\n|rule|HP Percentage Mod: HP is shown in percentages\n|\n|t:|1649384622\n|start\n|switch|p1a: Darkrai|Darkrai, L76|231\/231\n|switch|p2a: Granbull|Granbull, L90, M|308\/308\n|-ability|p2a: Granbull|Intimidate|boost\n|-unboost|p1a: Darkrai|atk|1\n|turn|1\n|\n|t:|1649384646\n|move|p1a: Darkrai|Dark Void|p2a: Granbull\n|-status|p2a: Granbull|slp|[from] move: Dark Void\n|cant|p2a: Granbull|slp\n|\n|-damage|p2a: Granbull|270\/308 slp|[from] ability: Bad Dreams|[of] p1a: Darkrai\n|upkeep\n|turn|2\n|\n|t:|1649384656\n|move|p1a: Darkrai|Nasty Plot|p1a: Darkrai\n|-boost|p1a: Darkrai|spa|2\n|cant|p2a: Granbull|slp\n|\n|-damage|p2a: Granbull|232\/308 slp|[from] ability: Bad Dreams|[of] p1a: Darkrai\n|upkeep\n|turn|3\n|\n|t:|1649384668\n|move|p1a: Darkrai|Dark Pulse|p2a: Granbull\n|-damage|p2a: Granbull|0 fnt\n|faint|p2a: Granbull\n|\n|upkeep\n|c|\u2606Buhrito|hmm\n|c|\u2606Sketchy101|Lemme guess you have 6 mons slower than darkrai\n|\n|t:|1649384737\n|switch|p2a: Azelf|Azelf, L82|257\/257\n|turn|4\n|c|\u2606Buhrito|im the goat if i tbolt para\n|\n|t:|1649384763\n|move|p2a: Azelf|Thunderbolt|p1a: Darkrai\n|-damage|p1a: Darkrai|118\/231\n|-damage|p2a: Azelf|232\/257|[from] item: Life Orb\n|move|p1a: Darkrai|Dark Pulse|p2a: Azelf\n|-supereffective|p2a: Azelf\n|-damage|p2a: Azelf|0 fnt\n|faint|p2a: Azelf\n|\n|-heal|p1a: Darkrai|132\/231|[from] item: Leftovers\n|upkeep\n|c|\u2606Buhrito|also u hit a fat high roll on granbull\n|c|\u2606Buhrito|i had big cc\n|\n|t:|1649384785\n|switch|p2a: Whiscash|Whiscash, L90, M|344\/344\n|turn|5\n|\n|t:|1649384790\n|move|p1a: Darkrai|Dark Void|p2a: Whiscash\n|-status|p2a: Whiscash|slp|[from] move: Dark Void\n|cant|p2a: Whiscash|slp\n|\n|-heal|p1a: Darkrai|146\/231|[from] item: Leftovers\n|-damage|p2a: Whiscash|301\/344 slp|[from] ability: Bad Dreams|[of] p1a: Darkrai\n|upkeep\n|turn|6\n|\n|t:|1649384795\n|switch|p2a: Rotom|Rotom, L84|221\/221\n|move|p1a: Darkrai|Dark Pulse|p2a: Rotom\n|-supereffective|p2a: Rotom\n|-damage|p2a: Rotom|0 fnt\n|faint|p2a: Rotom\n|\n|-heal|p1a: Darkrai|160\/231|[from] item: Leftovers\n|upkeep\n|\n|t:|1649384796\n|switch|p2a: Lilligant|Lilligant, L84, F|255\/255\n|turn|7\n|\n|t:|1649384800\n|move|p1a: Darkrai|Dark Pulse|p2a: Lilligant\n|-damage|p2a: Lilligant|65\/255\n|cant|p2a: Lilligant|flinch\n|\n|-heal|p1a: Darkrai|174\/231|[from] item: Leftovers\n|-heal|p2a: Lilligant|80\/255|[from] item: Leftovers\n|upkeep\n|turn|8\n|c|\u2606Sketchy101|Rip\n|c|\u2606Buhrito|goat\n|\n|t:|1649384810\n|move|p1a: Darkrai|Dark Void|p2a: Lilligant|[miss]\n|-miss|p1a: Darkrai|p2a: Lilligant\n|move|p2a: Lilligant|Quiver Dance|p2a: Lilligant\n|-boost|p2a: Lilligant|spa|1\n|-boost|p2a: Lilligant|spd|1\n|-boost|p2a: Lilligant|spe|1\n|\n|-heal|p2a: Lilligant|95\/255|[from] item: Leftovers\n|-heal|p1a: Darkrai|188\/231|[from] item: Leftovers\n|upkeep\n|turn|9\n|\n|t:|1649384813\n|move|p2a: Lilligant|Sleep Powder|p1a: Darkrai\n|-status|p1a: Darkrai|slp|[from] move: Sleep Powder\n|cant|p1a: Darkrai|slp\n|\n|-heal|p2a: Lilligant|110\/255|[from] item: Leftovers\n|-heal|p1a: Darkrai|202\/231 slp|[from] item: Leftovers\n|upkeep\n|turn|10\n|\n|t:|1649384824\n|switch|p1a: Jirachi|Jirachi, L80|291\/291\n|move|p2a: Lilligant|Quiver Dance|p2a: Lilligant\n|-boost|p2a: Lilligant|spa|1\n|-boost|p2a: Lilligant|spd|1\n|-boost|p2a: Lilligant|spe|1\n|\n|-heal|p2a: Lilligant|125\/255|[from] item: Leftovers\n|upkeep\n|turn|11\n|\n|t:|1649384828\n|move|p2a: Lilligant|Hidden Power|p1a: Jirachi\n|-supereffective|p1a: Jirachi\n|-damage|p1a: Jirachi|99\/291\n|move|p1a: Jirachi|Ice Punch|p2a: Lilligant\n|-supereffective|p2a: Lilligant\n|-damage|p2a: Lilligant|7\/255\n|\n|-heal|p2a: Lilligant|22\/255|[from] item: Leftovers\n|-heal|p1a: Jirachi|117\/291|[from] item: Leftovers\n|upkeep\n|turn|12\n|\n|t:|1649384838\n|move|p2a: Lilligant|Hidden Power|p1a: Jirachi\n|-supereffective|p1a: Jirachi\n|-damage|p1a: Jirachi|0 fnt\n|faint|p1a: Jirachi\n|\n|-heal|p2a: Lilligant|37\/255|[from] item: Leftovers\n|upkeep\n|\n|t:|1649384840\n|switch|p1a: Emboar|Emboar, L84, M|322\/322\n|turn|13\n|\n|t:|1649384845\n|move|p2a: Lilligant|Petal Dance|p1a: Emboar\n|-resisted|p1a: Emboar\n|-damage|p1a: Emboar|148\/322\n|move|p1a: Emboar|Superpower|p2a: Lilligant\n|-damage|p2a: Lilligant|0 fnt\n|-unboost|p1a: Emboar|atk|1\n|-unboost|p1a: Emboar|def|1\n|faint|p2a: Lilligant\n|-damage|p1a: Emboar|116\/322|[from] item: Life Orb\n|\n|upkeep\n|\n|t:|1649384851\n|switch|p2a: Latias|Latias, L80, F|259\/259\n|turn|14\n|\n|t:|1649384857\n|switch|p1a: Pelipper|Pelipper, L90, F|254\/254\n|move|p2a: Latias|Psyshock|p1a: Pelipper\n|-damage|p1a: Pelipper|179\/254\n|\n|-heal|p1a: Pelipper|194\/254|[from] item: Leftovers\n|upkeep\n|turn|15\n|\n|t:|1649384862\n|switch|p2a: Whiscash|Whiscash, L90, M|301\/344 slp\n|move|p1a: Pelipper|Toxic||[still]\n|-fail|p1a: Pelipper\n|\n|-heal|p1a: Pelipper|209\/254|[from] item: Leftovers\n|upkeep\n|turn|16\n|\n|t:|1649384865\n|move|p1a: Pelipper|Hurricane|p2a: Whiscash|[miss]\n|-miss|p1a: Pelipper|p2a: Whiscash\n|cant|p2a: Whiscash|slp\n|\n|-heal|p1a: Pelipper|224\/254|[from] item: Leftovers\n|upkeep\n|turn|17\n|\n|t:|1649384868\n|move|p1a: Pelipper|Hurricane|p2a: Whiscash\n|-damage|p2a: Whiscash|151\/344 slp\n|cant|p2a: Whiscash|slp\n|\n|-heal|p1a: Pelipper|239\/254|[from] item: Leftovers\n|upkeep\n|turn|18\n|\n|t:|1649384871\n|move|p1a: Pelipper|Hurricane|p2a: Whiscash\n|-crit|p2a: Whiscash\n|-damage|p2a: Whiscash|0 fnt\n|faint|p2a: Whiscash\n|\n|-heal|p1a: Pelipper|254\/254|[from] item: Leftovers\n|upkeep\n|\n|t:|1649384874\n|switch|p2a: Latias|Latias, L80, F|259\/259\n|turn|19\n|\n|t:|1649384877\n|move|p2a: Latias|Calm Mind|p2a: Latias\n|-boost|p2a: Latias|spa|1\n|-boost|p2a: Latias|spd|1\n|move|p1a: Pelipper|Toxic|p2a: Latias\n|-status|p2a: Latias|tox\n|\n|-damage|p2a: Latias|243\/259 tox|[from] psn\n|upkeep\n|turn|20\n|\n|t:|1649384893\n|move|p2a: Latias|Draco Meteor|p1a: Pelipper\n|-damage|p1a: Pelipper|0 fnt\n|-unboost|p2a: Latias|spa|2\n|faint|p1a: Pelipper\n|\n|-heal|p2a: Latias|259\/259 tox|[from] item: Leftovers\n|-damage|p2a: Latias|227\/259 tox|[from] psn\n|upkeep\n|\n|t:|1649384896\n|switch|p1a: Magnezone|Magnezone, L80|243\/243\n|turn|21\n|c|\u2606Sketchy101|Gg\n|c|\u2606Buhrito|Gg\n|\n|t:|1649384907\n|move|p2a: Latias|Calm Mind|p2a: Latias\n|-boost|p2a: Latias|spa|1\n|-boost|p2a: Latias|spd|1\n|move|p1a: Magnezone|Flash Cannon|p2a: Latias\n|-damage|p2a: Latias|190\/259 tox\n|-unboost|p2a: Latias|spd|1\n|\n|-heal|p2a: Latias|206\/259 tox|[from] item: Leftovers\n|-damage|p2a: Latias|158\/259 tox|[from] psn\n|upkeep\n|turn|22\n|c|\u2606Sketchy101|Team diff tbh\n|\n|t:|1649384917\n|move|p2a: Latias|Calm Mind|p2a: Latias\n|-boost|p2a: Latias|spa|1\n|-boost|p2a: Latias|spd|1\n|move|p1a: Magnezone|Flash Cannon|p2a: Latias\n|-damage|p2a: Latias|121\/259 tox\n|\n|-heal|p2a: Latias|137\/259 tox|[from] item: Leftovers\n|-damage|p2a: Latias|73\/259 tox|[from] psn\n|upkeep\n|turn|23\n|\n|t:|1649384921\n|move|p2a: Latias|Draco Meteor|p1a: Magnezone|[miss]\n|-miss|p2a: Latias|p1a: Magnezone\n|move|p1a: Magnezone|Flash Cannon|p2a: Latias\n|-damage|p2a: Latias|36\/259 tox\n|\n|-heal|p2a: Latias|52\/259 tox|[from] item: Leftovers\n|-damage|p2a: Latias|0 fnt|[from] psn\n|faint|p2a: Latias\n|\n|win|Sketchy101\n|upkeep\n|raw|Sketchy101's rating: 1527 &rarr; <strong>1545<\/strong><br \/>(+18 for winning)\n|raw|Buhrito's rating: 1499 &rarr; <strong>1481<\/strong><br \/>(-18 for losing)\n","inputlog":">version 0162639e2be10fee1f1935f037788d778e37d0f7\n>start {\"formatid\":\"gen5randombattle\",\"seed\":[14169,42930,51403,3251],\"rated\":\"Rated battle\"}\n>player p1 {\"name\":\"Sketchy101\",\"avatar\":\"jasmine\",\"rating\":1519,\"seed\":[8505,47324,40242,40637]}\n>player p2 {\"name\":\"Buhrito\",\"avatar\":\"102\",\"rating\":1499,\"seed\":[49822,47857,24521,32863]}\n>p1 move darkvoid\n>p2 move closecombat\n>p1 move nastyplot\n>p2 move closecombat\n>p1 move darkpulse\n>p2 move closecombat\n>chat \u2606Buhrito|hmm\n>chat \u2606Sketchy101|Lemme guess you have 6 mons slower than darkrai\n>p2 switch 2\n>chat \u2606Buhrito|im the goat if i tbolt para\n>p1 move darkpulse\n>p2 move thunderbolt\n>chat \u2606Buhrito|also u hit a fat high roll on granbull\n>chat \u2606Buhrito|i had big cc\n>p2 switch 3\n>p1 move darkvoid\n>p2 move earthquake\n>p1 move darkpulse\n>p2 switch 4\n>p2 switch 5\n>p1 move darkpulse\n>p2 move quiverdance\n>chat \u2606Sketchy101|Rip\n>chat \u2606Buhrito|goat \n>p1 move darkvoid\n>p2 move quiverdance\n>p1 move darkpulse\n>p2 move sleeppowder\n>p1 switch 2\n>p2 move quiverdance\n>p1 move icepunch\n>p2 move hiddenpower\n>p1 move icepunch\n>p2 move hiddenpower\n>p1 switch 4\n>p1 move superpower\n>p2 move petaldance\n>p2 switch 6\n>p1 switch 3\n>p2 move psyshock\n>p1 move toxic\n>p2 switch 4\n>p1 move hurricane\n>p2 move dragondance\n>p1 move hurricane\n>p2 move dragondance\n>p1 move hurricane\n>p2 move dragondance\n>p2 switch 4\n>p1 move toxic\n>p2 move calmmind\n>p1 move hurricane\n>p2 move dracometeor\n>p1 switch 6\n>chat \u2606Sketchy101|Gg\n>chat \u2606Buhrito|Gg\n>p1 move flashcannon\n>p2 move calmmind\n>chat \u2606Sketchy101|Team diff tbh\n>p1 move flashcannon\n>p2 move calmmind\n>p1 move flashcannon\n>p2 move dracometeor","uploadtime":1649384934,"views":30,"p1id":"sketchy101","p2id":"buhrito","formatid":"gen5randombattle","rating":1481,"private":0,"password":null}