{"id":"gen5ou-1615651949","p1":"Darkininha","p2":"Highv0ltag3","format":"gen5ou","log":"|j|\u2606Darkininha\n|j|\u2606Highv0ltag3\n|t:|1657631059\n|gametype|singles\n|player|p1|Darkininha|misty-gen1|1202\n|player|p2|Highv0ltag3|volo|1526\n|teamsize|p1|6\n|teamsize|p2|6\n|gen|5\n|tier|[Gen 5] OU\n|rated|\n|rule|Species Clause: Limit one of each Pok\u00e9mon\n|rule|OHKO Clause: OHKO moves are banned\n|rule|Moody Clause: Moody is banned\n|rule|Evasion Moves Clause: Evasion moves are banned\n|rule|Endless Battle Clause: Forcing endless battles is banned\n|rule|HP Percentage Mod: HP is shown in percentages\n|rule|Evasion Abilities Clause: Evasion abilities are banned\n|rule|Sleep Clause: Sleep-inducing moves are banned\n|rule|Swagger Clause: Swagger is banned\n|clearpoke\n|poke|p1|Jirachi|item\n|poke|p1|Ferrothorn, F|item\n|poke|p1|Latios, M|item\n|poke|p1|Garchomp, M|item\n|poke|p1|Scizor, M|item\n|poke|p1|Magnezone|item\n|poke|p2|Garchomp, F|item\n|poke|p2|Magnezone|item\n|poke|p2|Kyurem-Black|item\n|poke|p2|Starmie|item\n|poke|p2|Latios, M|item\n|poke|p2|Dragonite, M|item\n|teampreview\n|\n|t:|1657631145\n|start\n|switch|p1a: Garchomp|Garchomp, M|100\/100\n|switch|p2a: Magnezone|Magnezone|100\/100\n|turn|1\n|\n|t:|1657631157\n|switch|p2a: Starmie|Starmie|100\/100\n|move|p1a: Garchomp|Outrage|p2a: Starmie\n|-damage|p2a: Starmie|16\/100\n|\n|-heal|p2a: Starmie|22\/100|[from] item: Leftovers\n|upkeep\n|turn|2\n|\n|t:|1657631166\n|move|p1a: Garchomp|Outrage|p2a: Starmie|[from]lockedmove\n|-damage|p2a: Starmie|0 fnt\n|faint|p2a: Starmie\n|\n|upkeep\n|\n|t:|1657631172\n|switch|p2a: Latios|Latios, M|100\/100\n|turn|3\n|\n|t:|1657631175\n|switch|p2a: Magnezone|Magnezone|100\/100\n|move|p1a: Garchomp|Outrage|p2a: Magnezone|[from]lockedmove\n|-resisted|p2a: Magnezone\n|-damage|p2a: Magnezone|71\/100\n|-start|p1a: Garchomp|confusion|[fatigue]\n|\n|upkeep\n|turn|4\n|\n|t:|1657631183\n|-activate|p1a: Garchomp|confusion\n|-damage|p1a: Garchomp|86\/100|[from] confusion\n|move|p2a: Magnezone|Flash Cannon|p1a: Garchomp\n|-damage|p1a: Garchomp|34\/100\n|\n|upkeep\n|turn|5\n|\n|t:|1657631189\n|-activate|p1a: Garchomp|confusion\n|move|p1a: Garchomp|Outrage|p2a: Magnezone\n|-resisted|p2a: Magnezone\n|-damage|p2a: Magnezone|44\/100\n|move|p2a: Magnezone|Flash Cannon|p1a: Garchomp\n|-damage|p1a: Garchomp|0 fnt\n|faint|p1a: Garchomp\n|\n|upkeep\n|\n|t:|1657631199\n|switch|p1a: CURSED ONE|Latios, M|100\/100\n|turn|6\n|\n|t:|1657631207\n|switch|p2a: Garchomp|Garchomp, F|100\/100\n|move|p1a: CURSED ONE|Draco Meteor|p2a: Garchomp\n|-supereffective|p2a: Garchomp\n|-damage|p2a: Garchomp|0 fnt\n|-unboost|p1a: CURSED ONE|spa|2\n|faint|p2a: Garchomp\n|\n|upkeep\n|\n|t:|1657631211\n|switch|p2a: Latios|Latios, M|100\/100\n|turn|7\n|\n|t:|1657631219\n|switch|p2a: Magnezone|Magnezone|44\/100\n|switch|p1a: ULTIMATE SHIELD|Jirachi|100\/100\n|\n|upkeep\n|turn|8\n|\n|t:|1657631225\n|move|p1a: ULTIMATE SHIELD|U-turn|p2a: Magnezone\n|-resisted|p2a: Magnezone\n|-crit|p2a: Magnezone\n|-damage|p2a: Magnezone|28\/100\n|\n|t:|1657631229\n|switch|p1a: CURSED ONE|Latios, M|100\/100|[from]move: U-turn\n|move|p2a: Magnezone|Thunderbolt|p1a: CURSED ONE\n|-resisted|p1a: CURSED ONE\n|-crit|p1a: CURSED ONE\n|-damage|p1a: CURSED ONE|40\/100\n|-status|p1a: CURSED ONE|par\n|\n|upkeep\n|turn|9\n|c|\u2606Darkininha|Nice\n|\n|t:|1657631243\n|switch|p2a: Kyurem|Kyurem-Black|100\/100\n|-ability|p2a: Kyurem|Teravolt\n|move|p1a: CURSED ONE|Draco Meteor|p2a: Kyurem\n|-supereffective|p2a: Kyurem\n|-damage|p2a: Kyurem|0 fnt\n|-unboost|p1a: CURSED ONE|spa|2\n|faint|p2a: Kyurem\n|\n|upkeep\n|\n|t:|1657631250\n|switch|p2a: Dragonite|Dragonite, M|100\/100\n|turn|10\n|\n|t:|1657631256\n|move|p2a: Dragonite|Dragon Dance|p2a: Dragonite\n|-boost|p2a: Dragonite|atk|1\n|-boost|p2a: Dragonite|spe|1\n|move|p1a: CURSED ONE|Draco Meteor|p2a: Dragonite\n|-supereffective|p2a: Dragonite\n|-damage|p2a: Dragonite|45\/100\n|-unboost|p1a: CURSED ONE|spa|2\n|\n|-heal|p2a: Dragonite|51\/100|[from] item: Leftovers\n|upkeep\n|turn|11\n|\n|t:|1657631266\n|move|p2a: Dragonite|Roost|p2a: Dragonite\n|-heal|p2a: Dragonite|100\/100\n|-singleturn|p2a: Dragonite|move: Roost\n|cant|p1a: CURSED ONE|par\n|\n|upkeep\n|turn|12\n|inactive|Battle timer is ON: inactive players will automatically lose when time's up. (requested by Highv0ltag3)\n|\n|t:|1657631274\n|switch|p1a: ULTIMATE SHIELD|Jirachi|100\/100\n|move|p2a: Dragonite|Dragon Dance|p2a: Dragonite\n|-boost|p2a: Dragonite|atk|1\n|-boost|p2a: Dragonite|spe|1\n|\n|upkeep\n|turn|13\n|\n|t:|1657631283\n|move|p2a: Dragonite|Dragon Claw|p1a: ULTIMATE SHIELD\n|-resisted|p1a: ULTIMATE SHIELD\n|-damage|p1a: ULTIMATE SHIELD|65\/100\n|move|p1a: ULTIMATE SHIELD|Trick|p2a: Dragonite\n|-activate|p1a: ULTIMATE SHIELD|move: Trick|[of] p2a: Dragonite\n|-item|p2a: Dragonite|Toxic Orb|[from] move: Trick\n|-item|p1a: ULTIMATE SHIELD|Leftovers|[from] move: Trick\n|\n|-heal|p1a: ULTIMATE SHIELD|71\/100|[from] item: Leftovers\n|-status|p2a: Dragonite|tox|[from] item: Toxic Orb\n|upkeep\n|turn|14\n|-message|Highv0ltag3 forfeited.\n|\n|win|Darkininha\n|raw|Darkininha's rating: 1202 &rarr; <strong>1245<\/strong><br \/>(+43 for winning)\n|raw|Highv0ltag3's rating: 1526 &rarr; <strong>1491<\/strong><br \/>(-35 for losing)\n|l|\u2606Highv0ltag3\n||Ladder isn't responding, score probably updated but might not have (Request timeout).\n","uploadtime":1657631303,"views":7,"p1id":"darkininha","p2id":"highv0ltag3","formatid":"gen5ou","rating":1245,"private":0,"password":null}