{"id":"gen5ru-1706959376","p1":"Exohn","p2":"JymmyGritten","format":"gen5ru","log":"|j|\u2606Exohn\n|j|\u2606JymmyGritten\n|t:|1668036439\n|gametype|singles\n|player|p1|Exohn|gambler|\n|player|p2|JymmyGritten|blackbelt-gen4|\n|teamsize|p1|6\n|teamsize|p2|6\n|gen|5\n|tier|[Gen 5] RU\n|rule|Species Clause: Limit one of each Pok\u00e9mon\n|rule|OHKO Clause: OHKO moves are banned\n|rule|Moody Clause: Moody is banned\n|rule|Evasion Items Clause: Evasion items are banned\n|rule|Evasion Moves Clause: Evasion moves are banned\n|rule|Endless Battle Clause: Forcing endless battles is banned\n|rule|HP Percentage Mod: HP is shown in percentages\n|rule|Evasion Abilities Clause: Evasion abilities are banned\n|rule|Swagger Clause: Swagger is banned\n|rule|Baton Pass Clause: Limit one Baton Passer, can't pass Spe and other stats simultaneously\n|rule|Sleep Clause: Sleep-inducing moves are banned\n|clearpoke\n|poke|p1|Alomomola, F|item\n|poke|p1|Druddigon, F|item\n|poke|p1|Kabutops, F|item\n|poke|p1|Roselia, F|item\n|poke|p1|Tauros, M|item\n|poke|p1|Cryogonal|item\n|poke|p2|Qwilfish, M|item\n|poke|p2|Kabutops, F|item\n|poke|p2|Druddigon, F|item\n|poke|p2|Clefable, F|item\n|poke|p2|Durant, M|item\n|poke|p2|Entei|item\n|teampreview\n|\n|t:|1668036468\n|start\n|switch|p1a: Roselia|Roselia, F|100\/100\n|switch|p2a: Qwilfish|Qwilfish, M|100\/100\n|-ability|p2a: Qwilfish|Intimidate|boost\n|-unboost|p1a: Roselia|atk|1\n|turn|1\n|\n|t:|1668036484\n|move|p2a: Qwilfish|Spikes|p1a: Roselia\n|-sidestart|p1: Exohn|Spikes\n|move|p1a: Roselia|Stun Spore|p2a: Qwilfish\n|-status|p2a: Qwilfish|par\n|\n|upkeep\n|turn|2\n|\n|t:|1668036492\n|switch|p1a: Cryogonal|Cryogonal|100\/100\n|switch|p2a: Clefable|Clefable, F|100\/100\n|\n|upkeep\n|turn|3\n|\n|t:|1668036551\n|switch|p1a: Druddigon|Druddigon, F|100\/100\n|-damage|p1a: Druddigon|88\/100|[from] Spikes\n|-ability|p1a: Druddigon|Mold Breaker\n|move|p2a: Clefable|Stealth Rock|p1a: Druddigon\n|-sidestart|p1: Exohn|move: Stealth Rock\n|\n|-heal|p1a: Druddigon|94\/100|[from] item: Leftovers\n|upkeep\n|turn|4\n|\n|t:|1668036559\n|switch|p2a: Kabutops|Kabutops, F|100\/100\n|move|p1a: Druddigon|Stealth Rock|p2a: Kabutops\n|-sidestart|p2: JymmyGritten|move: Stealth Rock\n|\n|-heal|p1a: Druddigon|100\/100|[from] item: Leftovers\n|upkeep\n|turn|5\n|\n|t:|1668036576\n|switch|p2a: Qwilfish|Qwilfish, M|100\/100 par\n|-damage|p2a: Qwilfish|88\/100 par|[from] Stealth Rock\n|-ability|p2a: Qwilfish|Intimidate|boost\n|-unboost|p1a: Druddigon|atk|1\n|move|p1a: Druddigon|Dragon Tail|p2a: Qwilfish|[miss]\n|-miss|p1a: Druddigon|p2a: Qwilfish\n|\n|-heal|p2a: Qwilfish|94\/100 par|[from] item: Leftovers\n|upkeep\n|turn|6\n|\n|t:|1668036595\n|switch|p1a: Roselia|Roselia, F|100\/100\n|-damage|p1a: Roselia|88\/100|[from] Spikes\n|-damage|p1a: Roselia|75\/100|[from] Stealth Rock\n|move|p2a: Qwilfish|Poison Jab|p1a: Roselia\n|-damage|p1a: Roselia|52\/100\n|\n|-heal|p2a: Qwilfish|99\/100 par|[from] item: Leftovers\n|upkeep\n|turn|7\n|\n|t:|1668036606\n|switch|p2a: Kabutops|Kabutops, F|100\/100\n|-damage|p2a: Kabutops|88\/100|[from] Stealth Rock\n|move|p1a: Roselia|Spikes|p2a: Kabutops\n|-sidestart|p2: JymmyGritten|Spikes\n|\n|-heal|p2a: Kabutops|94\/100|[from] item: Leftovers\n|upkeep\n|turn|8\n|\n|t:|1668036613\n|switch|p1a: Alomomola|Alomomola, F|100\/100\n|-damage|p1a: Alomomola|88\/100|[from] Spikes\n|-damage|p1a: Alomomola|75\/100|[from] Stealth Rock\n|move|p2a: Kabutops|Rapid Spin|p1a: Alomomola\n|-damage|p1a: Alomomola|71\/100\n|-sideend|p2: JymmyGritten|Spikes|[from] move: Rapid Spin|[of] p2a: Kabutops\n|-sideend|p2: JymmyGritten|Stealth Rock|[from] move: Rapid Spin|[of] p2a: Kabutops\n|\n|-heal|p2a: Kabutops|100\/100|[from] item: Leftovers\n|-heal|p1a: Alomomola|77\/100|[from] item: Leftovers\n|upkeep\n|turn|9\n|\n|t:|1668036625\n|switch|p2a: Clefable|Clefable, F|100\/100\n|move|p1a: Alomomola|Wish|p1a: Alomomola\n|\n|-heal|p1a: Alomomola|83\/100|[from] item: Leftovers\n|upkeep\n|turn|10\n|\n|t:|1668036634\n|switch|p1a: Roselia|Roselia, F|52\/100\n|-damage|p1a: Roselia|39\/100|[from] Spikes\n|-damage|p1a: Roselia|27\/100|[from] Stealth Rock\n|move|p2a: Clefable|Seismic Toss|p1a: Roselia\n|-damage|p1a: Roselia|0 fnt\n|faint|p1a: Roselia\n|\n|upkeep\n|\n|t:|1668036646\n|switch|p1a: Alomomola|Alomomola, F|100\/100\n|-damage|p1a: Alomomola|88\/100|[from] Spikes\n|-damage|p1a: Alomomola|75\/100|[from] Stealth Rock\n|turn|11\n|\n|t:|1668036660\n|switch|p2a: Druddigon|Druddigon, F|100\/100\n|move|p1a: Alomomola|Wish|p1a: Alomomola\n|\n|-heal|p1a: Alomomola|82\/100|[from] item: Leftovers\n|upkeep\n|turn|12\n|\n|t:|1668036675\n|switch|p1a: Kabutops|Kabutops, F|100\/100\n|-damage|p1a: Kabutops|88\/100|[from] Spikes\n|-damage|p1a: Kabutops|76\/100|[from] Stealth Rock\n|switch|p2a: Qwilfish|Qwilfish, M|99\/100 par\n|-ability|p2a: Qwilfish|Intimidate|boost\n|-unboost|p1a: Kabutops|atk|1\n|\n|-heal|p1a: Kabutops|100\/100|[from] move: Wish|[wisher] Alomomola\n|-heal|p2a: Qwilfish|100\/100 par|[from] item: Leftovers\n|upkeep\n|turn|13\n|\n|t:|1668036705\n|switch|p2a: Druddigon|Druddigon, F|100\/100\n|move|p1a: Kabutops|Stone Edge|p2a: Druddigon\n|-crit|p2a: Druddigon\n|-damage|p2a: Druddigon|0 fnt\n|faint|p2a: Druddigon\n|\n|upkeep\n|\n|t:|1668036710\n|switch|p2a: Durant|Durant, M|100\/100\n|turn|14\n|\n|t:|1668036718\n|switch|p1a: Alomomola|Alomomola, F|100\/100\n|-damage|p1a: Alomomola|88\/100|[from] Spikes\n|-damage|p1a: Alomomola|75\/100|[from] Stealth Rock\n|move|p2a: Durant|X-Scissor|p1a: Alomomola\n|-damage|p1a: Alomomola|25\/100\n|\n|-heal|p1a: Alomomola|31\/100|[from] item: Leftovers\n|upkeep\n|turn|15\n|\n|t:|1668036727\n|switch|p1a: Druddigon|Druddigon, F|100\/100\n|-damage|p1a: Druddigon|88\/100|[from] Spikes\n|-damage|p1a: Druddigon|76\/100|[from] Stealth Rock\n|-ability|p1a: Druddigon|Mold Breaker\n|move|p2a: Durant|X-Scissor|p1a: Druddigon\n|-damage|p1a: Druddigon|0 fnt\n|faint|p1a: Druddigon\n|\n|upkeep\n|\n|t:|1668036733\n|switch|p1a: Tauros|Tauros, M|100\/100\n|-damage|p1a: Tauros|88\/100|[from] Spikes\n|-damage|p1a: Tauros|76\/100|[from] Stealth Rock\n|turn|16\n|\n|t:|1668036741\n|switch|p1a: Cryogonal|Cryogonal|100\/100\n|-damage|p1a: Cryogonal|76\/100|[from] Stealth Rock\n|switch|p2a: Qwilfish|Qwilfish, M|100\/100 par\n|-ability|p2a: Qwilfish|Intimidate|boost\n|-unboost|p1a: Cryogonal|atk|1\n|\n|-heal|p1a: Cryogonal|82\/100|[from] item: Leftovers\n|upkeep\n|turn|17\n|\n|t:|1668036747\n|move|p1a: Cryogonal|Rapid Spin|p2a: Qwilfish\n|-damage|p2a: Qwilfish|98\/100 par\n|-sideend|p1: Exohn|Spikes|[from] move: Rapid Spin|[of] p1a: Cryogonal\n|-sideend|p1: Exohn|Stealth Rock|[from] move: Rapid Spin|[of] p1a: Cryogonal\n|cant|p2a: Qwilfish|par\n|\n|-heal|p1a: Cryogonal|88\/100|[from] item: Leftovers\n|-heal|p2a: Qwilfish|100\/100 par|[from] item: Leftovers\n|upkeep\n|turn|18\n|\n|t:|1668036771\n|move|p1a: Cryogonal|Knock Off|p2a: Qwilfish\n|-damage|p2a: Qwilfish|98\/100 par\n|-enditem|p2a: Qwilfish|Leftovers|[from] move: Knock Off|[of] p1a: Cryogonal\n|move|p2a: Qwilfish|Spikes|p1a: Cryogonal\n|-sidestart|p1: Exohn|Spikes\n|\n|-heal|p1a: Cryogonal|94\/100|[from] item: Leftovers\n|upkeep\n|turn|19\n|\n|t:|1668036780\n|switch|p2a: Durant|Durant, M|100\/100\n|move|p1a: Cryogonal|Rapid Spin|p2a: Durant\n|-resisted|p2a: Durant\n|-damage|p2a: Durant|99\/100\n|-sideend|p1: Exohn|Spikes|[from] move: Rapid Spin|[of] p1a: Cryogonal\n|\n|-heal|p1a: Cryogonal|99\/100|[from] item: Leftovers\n|upkeep\n|turn|20\n|\n|t:|1668036793\n|switch|p1a: Alomomola|Alomomola, F|64\/100\n|move|p2a: Durant|X-Scissor|p1a: Alomomola\n|-damage|p1a: Alomomola|9\/100\n|\n|-heal|p1a: Alomomola|15\/100|[from] item: Leftovers\n|upkeep\n|turn|21\n|\n|t:|1668036803\n|move|p2a: Durant|X-Scissor|p1a: Alomomola\n|-damage|p1a: Alomomola|0 fnt\n|faint|p1a: Alomomola\n|\n|upkeep\n|\n|t:|1668036806\n|switch|p1a: Tauros|Tauros, M|76\/100\n|turn|22\n|\n|t:|1668036816\n|switch|p2a: Qwilfish|Qwilfish, M|98\/100 par\n|-ability|p2a: Qwilfish|Intimidate|boost\n|-unboost|p1a: Tauros|atk|1\n|move|p1a: Tauros|Earthquake|p2a: Qwilfish\n|-supereffective|p2a: Qwilfish\n|-damage|p2a: Qwilfish|31\/100 par\n|-damage|p1a: Tauros|66\/100|[from] item: Life Orb\n|\n|upkeep\n|turn|23\n|\n|t:|1668036824\n|switch|p1a: Cryogonal|Cryogonal|99\/100\n|switch|p2a: Clefable|Clefable, F|100\/100\n|\n|-heal|p1a: Cryogonal|100\/100|[from] item: Leftovers\n|upkeep\n|turn|24\n|\n|t:|1668036834\n|move|p1a: Cryogonal|Knock Off|p2a: Clefable\n|-damage|p2a: Clefable|98\/100\n|-enditem|p2a: Clefable|Leftovers|[from] move: Knock Off|[of] p1a: Cryogonal\n|move|p2a: Clefable|Stealth Rock|p1a: Cryogonal\n|-sidestart|p1: Exohn|move: Stealth Rock\n|\n|upkeep\n|turn|25\n|\n|t:|1668036838\n|move|p1a: Cryogonal|Rapid Spin|p2a: Clefable\n|-damage|p2a: Clefable|96\/100\n|-sideend|p1: Exohn|Stealth Rock|[from] move: Rapid Spin|[of] p1a: Cryogonal\n|move|p2a: Clefable|Seismic Toss|p1a: Cryogonal\n|-damage|p1a: Cryogonal|65\/100\n|\n|-heal|p1a: Cryogonal|71\/100|[from] item: Leftovers\n|upkeep\n|turn|26\n|\n|t:|1668036844\n|move|p1a: Cryogonal|Ice Beam|p2a: Clefable\n|-damage|p2a: Clefable|65\/100\n|-status|p2a: Clefable|frz\n|cant|p2a: Clefable|frz\n|\n|-heal|p1a: Cryogonal|77\/100|[from] item: Leftovers\n|upkeep\n|turn|27\n|\n|t:|1668036852\n|switch|p1a: Kabutops|Kabutops, F|100\/100\n|switch|p2a: Entei|Entei, shiny|100\/100\n|-ability|p2a: Entei|Pressure\n|\n|upkeep\n|turn|28\n|\n|t:|1668036861\n|move|p2a: Entei|Hidden Power|p1a: Kabutops\n|-supereffective|p1a: Kabutops\n|-damage|p1a: Kabutops|7\/100\n|move|p1a: Kabutops|Waterfall|p2a: Entei\n|-supereffective|p2a: Entei\n|-damage|p2a: Entei|1\/100\n|\n|upkeep\n|turn|29\n|\n|t:|1668036908\n|move|p2a: Entei|Extreme Speed|p1a: Kabutops\n|-resisted|p1a: Kabutops\n|-damage|p1a: Kabutops|0 fnt\n|faint|p1a: Kabutops\n|\n|upkeep\n|\n|t:|1668036910\n|switch|p1a: Tauros|Tauros, M|66\/100\n|turn|30\n|\n|t:|1668036927\n|switch|p1a: Cryogonal|Cryogonal|77\/100\n|switch|p2a: Qwilfish|Qwilfish, M|31\/100 par\n|-ability|p2a: Qwilfish|Intimidate|boost\n|-unboost|p1a: Cryogonal|atk|1\n|\n|-heal|p1a: Cryogonal|83\/100|[from] item: Leftovers\n|upkeep\n|turn|31\n|\n|t:|1668036952\n|move|p1a: Cryogonal|Ice Beam|p2a: Qwilfish\n|-resisted|p2a: Qwilfish\n|-damage|p2a: Qwilfish|0 fnt\n|faint|p2a: Qwilfish\n|\n|-heal|p1a: Cryogonal|89\/100|[from] item: Leftovers\n|upkeep\n|\n|t:|1668036960\n|switch|p2a: Durant|Durant, M|99\/100\n|turn|32\n|\n|t:|1668036969\n|move|p2a: Durant|Iron Head|p1a: Cryogonal\n|-supereffective|p1a: Cryogonal\n|-damage|p1a: Cryogonal|0 fnt\n|faint|p1a: Cryogonal\n|\n|upkeep\n|\n|t:|1668036971\n|switch|p1a: Tauros|Tauros, M|66\/100\n|turn|33\n|\n|t:|1668036982\n|switch|p2a: Kabutops|Kabutops, F|100\/100\n|move|p1a: Tauros|Fire Blast|p2a: Kabutops\n|-resisted|p2a: Kabutops\n|-damage|p2a: Kabutops|92\/100\n|\n|-heal|p2a: Kabutops|98\/100|[from] item: Leftovers\n|upkeep\n|turn|34\n|\n|t:|1668036990\n|move|p2a: Kabutops|Protect|p2a: Kabutops\n|-singleturn|p2a: Kabutops|Protect\n|move|p1a: Tauros|Earthquake|p2a: Kabutops\n|-activate|p2a: Kabutops|move: Protect\n|\n|-heal|p2a: Kabutops|100\/100|[from] item: Leftovers\n|upkeep\n|turn|35\n|\n|t:|1668036999\n|move|p1a: Tauros|Earthquake|p2a: Kabutops\n|-supereffective|p2a: Kabutops\n|-damage|p2a: Kabutops|10\/100\n|-damage|p1a: Tauros|56\/100|[from] item: Life Orb\n|move|p2a: Kabutops|Stone Edge|p1a: Tauros\n|-damage|p1a: Tauros|0 fnt\n|faint|p1a: Tauros\n|\n|win|JymmyGritten\n","uploadtime":1668037015,"views":2,"p1id":"exohn","p2id":"jymmygritten","formatid":"gen5ru","rating":0,"private":0,"password":null}