{"id":"gen5ou-1103293140","p1":"soap776","p2":"Fabianosizour","format":"gen5ou","log":"|j|\u2606soap776\n|j|\u2606Fabianosizour\n|player|p1|soap776|169|1250\n|player|p2|Fabianosizour|red|1348\n|teamsize|p1|6\n|teamsize|p2|6\n|gametype|singles\n|gen|5\n|tier|[Gen 5] OU\n|rated|\n|clearpoke\n|poke|p1|Staraptor, M|item\n|poke|p1|Rotom-Wash|item\n|poke|p1|Magnezone|item\n|poke|p1|Latios, M|item\n|poke|p1|Ferrothorn, M|item\n|poke|p1|Terrakion|item\n|poke|p2|Tyranitar, M|item\n|poke|p2|Scizor, M|item\n|poke|p2|Rotom-Wash|item\n|poke|p2|Hydreigon, M|item\n|poke|p2|Ferrothorn, M|item\n|poke|p2|Hippowdon, M|item\n|rule|Species Clause: Limit one of each Pok\u00e9mon\n|rule|OHKO Clause: OHKO moves are banned\n|rule|Moody Clause: Moody is banned\n|rule|Evasion Moves Clause: Evasion moves are banned\n|rule|Endless Battle Clause: Forcing endless battles is banned\n|rule|HP Percentage Mod: HP is shown in percentages\n|rule|Evasion Abilities Clause: Evasion abilities are banned\n|rule|Baton Pass Clause: Limit one Baton Passer, can't pass Spe and other stats simultaneously\n|rule|Sleep Clause: Sleep-inducing moves are banned\n|rule|Swagger Clause: Swagger is banned\n|teampreview\n|j| Electabutt\n|inactive|Battle timer is ON: inactive players will automatically lose when time's up. (requested by soap776)\n|inactive|Fabianosizour has 120 seconds left.\n|l| Electabutt\n|\n|start\n|switch|p1a: Terrakion|Terrakion|100\/100\n|switch|p2a: Face of Abyss|Hydreigon, M|100\/100\n|turn|1\n|\n|switch|p2a: Flat Earth|Hippowdon, M, shiny|100\/100\n|-weather|Sandstorm|[from] ability: Sand Stream|[of] p2a: Flat Earth\n|move|p1a: Terrakion|Stealth Rock|p2a: Flat Earth\n|-sidestart|p2: Fabianosizour|move: Stealth Rock\n|\n|-weather|Sandstorm|[upkeep]\n|upkeep\n|turn|2\n|\n|switch|p1a: Rotom|Rotom-Wash|100\/100\n|move|p2a: Flat Earth|Stealth Rock|p1a: Rotom\n|-sidestart|p1: soap776|move: Stealth Rock\n|\n|-weather|Sandstorm|[upkeep]\n|-damage|p1a: Rotom|95\/100|[from] Sandstorm\n|-heal|p1a: Rotom|100\/100|[from] item: Leftovers\n|upkeep\n|turn|3\n|\n|switch|p2a: Tree of Life|Ferrothorn, M|100\/100\n|-damage|p2a: Tree of Life|95\/100|[from] Stealth Rock\n|move|p1a: Rotom|Thunder Wave|p2a: Tree of Life\n|-status|p2a: Tree of Life|par\n|\n|-weather|Sandstorm|[upkeep]\n|-damage|p1a: Rotom|95\/100|[from] Sandstorm\n|-heal|p1a: Rotom|100\/100|[from] item: Leftovers\n|-heal|p2a: Tree of Life|100\/100 par|[from] item: Leftovers\n|upkeep\n|turn|4\n|\n|move|p1a: Rotom|Volt Switch|p2a: Tree of Life\n|-resisted|p2a: Tree of Life\n|-damage|p2a: Tree of Life|93\/100 par\n|\n|switch|p1a: Magnezone|Magnezone|100\/100|[from]move: Volt Switch\n|-damage|p1a: Magnezone|94\/100|[from] Stealth Rock\n|cant|p2a: Tree of Life|par\n|\n|-weather|Sandstorm|[upkeep]\n|-heal|p2a: Tree of Life|99\/100 par|[from] item: Leftovers\n|upkeep\n|turn|5\n|\n|move|p1a: Magnezone|Hidden Power|p2a: Tree of Life\n|-supereffective|p2a: Tree of Life\n|-damage|p2a: Tree of Life|4\/100 par\n|move|p2a: Tree of Life|Spikes|p1a: Magnezone\n|-sidestart|p1: soap776|Spikes\n|\n|-weather|Sandstorm|[upkeep]\n|-heal|p2a: Tree of Life|10\/100 par|[from] item: Leftovers\n|upkeep\n|turn|6\n|\n|move|p1a: Magnezone|Hidden Power|p2a: Tree of Life\n|-supereffective|p2a: Tree of Life\n|-damage|p2a: Tree of Life|0 fnt\n|faint|p2a: Tree of Life\n|\n|-weather|Sandstorm|[upkeep]\n|upkeep\n|\n|switch|p2a: Face of Abyss|Hydreigon, M|100\/100\n|-damage|p2a: Face of Abyss|88\/100|[from] Stealth Rock\n|turn|7\n|\n|switch|p1a: Latios|Latios, M|100\/100\n|-damage|p1a: Latios|88\/100|[from] Stealth Rock\n|move|p2a: Face of Abyss|Dark Pulse|p1a: Latios\n|-supereffective|p1a: Latios\n|-damage|p1a: Latios|0 fnt\n|faint|p1a: Latios\n|\n|-weather|Sandstorm|[upkeep]\n|-damage|p2a: Face of Abyss|82\/100|[from] Sandstorm\n|-heal|p2a: Face of Abyss|88\/100|[from] item: Leftovers\n|upkeep\n|\n|switch|p1a: Terrakion|Terrakion|100\/100\n|-damage|p1a: Terrakion|88\/100|[from] Spikes\n|-damage|p1a: Terrakion|82\/100|[from] Stealth Rock\n|turn|8\n|\n|switch|p2a: Flat Earth|Hippowdon, M, shiny|100\/100\n|-damage|p2a: Flat Earth|94\/100|[from] Stealth Rock\n|move|p1a: Terrakion|Close Combat|p2a: Flat Earth\n|-damage|p2a: Flat Earth|63\/100\n|-unboost|p1a: Terrakion|def|1\n|-unboost|p1a: Terrakion|spd|1\n|-damage|p1a: Terrakion|66\/100|[from] item: Rocky Helmet|[of] p2a: Flat Earth\n|\n|-weather|Sandstorm|[upkeep]\n|upkeep\n|turn|9\n|\n|switch|p1a: Ferrothorn|Ferrothorn, M|100\/100\n|-damage|p1a: Ferrothorn|94\/100|[from] Stealth Rock\n|-damage|p1a: Ferrothorn|82\/100|[from] Spikes\n|move|p2a: Flat Earth|Roar|p1a: Ferrothorn\n|drag|p1a: Staraptor|Staraptor, M|100\/100\n|-damage|p1a: Staraptor|75\/100|[from] Stealth Rock\n|\n|-weather|Sandstorm|[upkeep]\n|-damage|p1a: Staraptor|69\/100|[from] Sandstorm\n|upkeep\n|turn|10\n|\n|move|p1a: Staraptor|U-turn|p2a: Flat Earth\n|-damage|p2a: Flat Earth|50\/100\n|-damage|p1a: Staraptor|53\/100|[from] item: Rocky Helmet|[of] p2a: Flat Earth\n|\n|switch|p1a: Magnezone|Magnezone|94\/100|[from]move: U-turn\n|-damage|p1a: Magnezone|82\/100|[from] Spikes\n|-damage|p1a: Magnezone|76\/100|[from] Stealth Rock\n|move|p2a: Flat Earth|Slack Off|p2a: Flat Earth\n|-heal|p2a: Flat Earth|99\/100\n|\n|-weather|Sandstorm|[upkeep]\n|upkeep\n|turn|11\n|\n|switch|p1a: Ferrothorn|Ferrothorn, M|82\/100\n|-damage|p1a: Ferrothorn|69\/100|[from] Spikes\n|-damage|p1a: Ferrothorn|63\/100|[from] Stealth Rock\n|move|p2a: Flat Earth|Earthquake|p1a: Ferrothorn\n|-damage|p1a: Ferrothorn|38\/100\n|\n|-weather|Sandstorm|[upkeep]\n|-heal|p1a: Ferrothorn|45\/100|[from] item: Leftovers\n|upkeep\n|turn|12\n|\n|switch|p2a: Face of Abyss|Hydreigon, M|88\/100\n|-damage|p2a: Face of Abyss|76\/100|[from] Stealth Rock\n|move|p1a: Ferrothorn|Leech Seed|p2a: Face of Abyss\n|-start|p2a: Face of Abyss|move: Leech Seed\n|\n|-weather|Sandstorm|[upkeep]\n|-damage|p2a: Face of Abyss|70\/100|[from] Sandstorm\n|-heal|p2a: Face of Abyss|76\/100|[from] item: Leftovers\n|-heal|p1a: Ferrothorn|51\/100|[from] item: Leftovers\n|-damage|p2a: Face of Abyss|63\/100|[from] Leech Seed|[of] p1a: Ferrothorn\n|-heal|p1a: Ferrothorn|64\/100|[silent]\n|upkeep\n|turn|13\n|\n|switch|p2a: Tree of Silicon|Scizor, M|100\/100\n|-damage|p2a: Tree of Silicon|88\/100|[from] Stealth Rock\n|switch|p1a: Rotom|Rotom-Wash|100\/100\n|-damage|p1a: Rotom|88\/100|[from] Stealth Rock\n|\n|-weather|Sandstorm|[upkeep]\n|-damage|p1a: Rotom|82\/100|[from] Sandstorm\n|-heal|p1a: Rotom|88\/100|[from] item: Leftovers\n|upkeep\n|turn|14\n|\n|move|p2a: Tree of Silicon|U-turn|p1a: Rotom\n|-crit|p1a: Rotom\n|-damage|p1a: Rotom|29\/100\n|\n|switch|p2a: Face of Abyss|Hydreigon, M|63\/100|[from]move: U-turn\n|-damage|p2a: Face of Abyss|51\/100|[from] Stealth Rock\n|move|p1a: Rotom|Thunder Wave|p2a: Face of Abyss\n|-status|p2a: Face of Abyss|par\n|\n|-weather|Sandstorm|[upkeep]\n|-damage|p1a: Rotom|23\/100|[from] Sandstorm\n|-damage|p2a: Face of Abyss|45\/100 par|[from] Sandstorm\n|-heal|p1a: Rotom|29\/100|[from] item: Leftovers\n|-heal|p2a: Face of Abyss|51\/100 par|[from] item: Leftovers\n|upkeep\n|turn|15\n|\n|move|p1a: Rotom|Pain Split|p2a: Face of Abyss\n|-sethp|p2a: Face of Abyss|37\/100 par|[from] move: Pain Split|[silent]\n|-sethp|p1a: Rotom|47\/100|[from] move: Pain Split\n|cant|p2a: Face of Abyss|par\n|\n|-weather|Sandstorm|[upkeep]\n|-damage|p1a: Rotom|41\/100|[from] Sandstorm\n|-damage|p2a: Face of Abyss|31\/100 par|[from] Sandstorm\n|-heal|p1a: Rotom|47\/100|[from] item: Leftovers\n|-heal|p2a: Face of Abyss|37\/100 par|[from] item: Leftovers\n|upkeep\n|turn|16\n|\n|move|p1a: Rotom|Volt Switch|p2a: Face of Abyss\n|-resisted|p2a: Face of Abyss\n|-damage|p2a: Face of Abyss|23\/100 par\n|\n|switch|p1a: Terrakion|Terrakion|66\/100|[from]move: Volt Switch\n|-damage|p1a: Terrakion|53\/100|[from] Spikes\n|-damage|p1a: Terrakion|47\/100|[from] Stealth Rock\n|move|p2a: Face of Abyss|Roost|p2a: Face of Abyss\n|-heal|p2a: Face of Abyss|73\/100 par\n|-singleturn|p2a: Face of Abyss|move: Roost\n|\n|-weather|Sandstorm|[upkeep]\n|-damage|p2a: Face of Abyss|67\/100 par|[from] Sandstorm\n|-heal|p2a: Face of Abyss|73\/100 par|[from] item: Leftovers\n|upkeep\n|turn|17\n|\n|switch|p2a: Flat Earth|Hippowdon, M, shiny|99\/100\n|-damage|p2a: Flat Earth|94\/100|[from] Stealth Rock\n|move|p1a: Terrakion|Close Combat|p2a: Flat Earth\n|-damage|p2a: Flat Earth|63\/100\n|-unboost|p1a: Terrakion|def|1\n|-unboost|p1a: Terrakion|spd|1\n|-damage|p1a: Terrakion|31\/100|[from] item: Rocky Helmet|[of] p2a: Flat Earth\n|\n|-weather|Sandstorm|[upkeep]\n|upkeep\n|turn|18\n|\n|switch|p1a: Ferrothorn|Ferrothorn, M|64\/100\n|-damage|p1a: Ferrothorn|58\/100|[from] Stealth Rock\n|-damage|p1a: Ferrothorn|46\/100|[from] Spikes\n|move|p2a: Flat Earth|Slack Off|p2a: Flat Earth\n|-heal|p2a: Flat Earth|100\/100\n|\n|-weather|Sandstorm|[upkeep]\n|-heal|p1a: Ferrothorn|52\/100|[from] item: Leftovers\n|upkeep\n|turn|19\n|inactive|Fabianosizour has 120 seconds left.\n|\n|switch|p2a: Silicon Dust|Tyranitar, M|100\/100\n|-damage|p2a: Silicon Dust|88\/100|[from] Stealth Rock\n|move|p1a: Ferrothorn|Leech Seed|p2a: Silicon Dust\n|-start|p2a: Silicon Dust|move: Leech Seed\n|\n|-weather|Sandstorm|[upkeep]\n|-heal|p1a: Ferrothorn|58\/100|[from] item: Leftovers\n|-damage|p2a: Silicon Dust|76\/100|[from] Leech Seed|[of] p1a: Ferrothorn\n|-heal|p1a: Ferrothorn|70\/100|[silent]\n|upkeep\n|turn|20\n|inactive|Fabianosizour has 120 seconds left.\n|\n|switch|p2a: Face of Abyss|Hydreigon, M|73\/100 par\n|-damage|p2a: Face of Abyss|61\/100 par|[from] Stealth Rock\n|move|p1a: Ferrothorn|Power Whip|p2a: Face of Abyss\n|-resisted|p2a: Face of Abyss\n|-damage|p2a: Face of Abyss|41\/100 par\n|\n|-weather|Sandstorm|[upkeep]\n|-damage|p2a: Face of Abyss|35\/100 par|[from] Sandstorm\n|-heal|p2a: Face of Abyss|41\/100 par|[from] item: Leftovers\n|-heal|p1a: Ferrothorn|76\/100|[from] item: Leftovers\n|upkeep\n|turn|21\n|\n|cant|p2a: Face of Abyss|par\n|move|p1a: Ferrothorn|Leech Seed|p2a: Face of Abyss\n|-start|p2a: Face of Abyss|move: Leech Seed\n|\n|-weather|Sandstorm|[upkeep]\n|-damage|p2a: Face of Abyss|35\/100 par|[from] Sandstorm\n|-heal|p2a: Face of Abyss|41\/100 par|[from] item: Leftovers\n|-heal|p1a: Ferrothorn|83\/100|[from] item: Leftovers\n|-damage|p2a: Face of Abyss|28\/100 par|[from] Leech Seed|[of] p1a: Ferrothorn\n|-heal|p1a: Ferrothorn|96\/100|[silent]\n|upkeep\n|turn|22\n|\n|switch|p1a: Rotom|Rotom-Wash|47\/100\n|-damage|p1a: Rotom|35\/100|[from] Stealth Rock\n|move|p2a: Face of Abyss|Roost|p2a: Face of Abyss\n|-heal|p2a: Face of Abyss|78\/100 par\n|-singleturn|p2a: Face of Abyss|move: Roost\n|\n|-weather|Sandstorm|[upkeep]\n|-damage|p1a: Rotom|29\/100|[from] Sandstorm\n|-damage|p2a: Face of Abyss|72\/100 par|[from] Sandstorm\n|-heal|p1a: Rotom|35\/100|[from] item: Leftovers\n|-heal|p2a: Face of Abyss|78\/100 par|[from] item: Leftovers\n|-damage|p2a: Face of Abyss|66\/100 par|[from] Leech Seed|[of] p1a: Rotom\n|-heal|p1a: Rotom|51\/100|[silent]\n|upkeep\n|turn|23\n|\n|switch|p2a: Flat Earth|Hippowdon, M, shiny|100\/100\n|-damage|p2a: Flat Earth|94\/100|[from] Stealth Rock\n|move|p1a: Rotom|Pain Split|p2a: Flat Earth\n|-sethp|p2a: Flat Earth|65\/100|[from] move: Pain Split|[silent]\n|-sethp|p1a: Rotom|90\/100|[from] move: Pain Split\n|\n|-weather|Sandstorm|[upkeep]\n|-damage|p1a: Rotom|84\/100|[from] Sandstorm\n|-heal|p1a: Rotom|90\/100|[from] item: Leftovers\n|upkeep\n|turn|24\n|\n|switch|p2a: Face of Abyss|Hydreigon, M|66\/100 par\n|-damage|p2a: Face of Abyss|54\/100 par|[from] Stealth Rock\n|move|p1a: Rotom|Hydro Pump|p2a: Face of Abyss\n|-resisted|p2a: Face of Abyss\n|-crit|p2a: Face of Abyss\n|-damage|p2a: Face of Abyss|12\/100 par\n|\n|-weather|Sandstorm|[upkeep]\n|-damage|p1a: Rotom|84\/100|[from] Sandstorm\n|-damage|p2a: Face of Abyss|6\/100 par|[from] Sandstorm\n|-heal|p1a: Rotom|90\/100|[from] item: Leftovers\n|-heal|p2a: Face of Abyss|12\/100 par|[from] item: Leftovers\n|upkeep\n|turn|25\n|c|\u2606Fabianosizour|hax\n|c|\u2606Fabianosizour|hax hax\n|c|\u2606Fabianosizour|hax ever\n|c|\u2606soap776|stop crying pls\n|inactive|Fabianosizour has 120 seconds left.\n|c|\u2606soap776|you can still win probably\n|\n|move|p1a: Rotom|Hydro Pump|p2a: Face of Abyss\n|-resisted|p2a: Face of Abyss\n|-damage|p2a: Face of Abyss|0 fnt\n|faint|p2a: Face of Abyss\n|\n|-weather|Sandstorm|[upkeep]\n|-damage|p1a: Rotom|84\/100|[from] Sandstorm\n|-heal|p1a: Rotom|90\/100|[from] item: Leftovers\n|upkeep\n|\n|switch|p2a: Water of Flood|Rotom-Wash|100\/100\n|-damage|p2a: Water of Flood|88\/100|[from] Stealth Rock\n|turn|26\n|\n|move|p2a: Water of Flood|Will-O-Wisp|p1a: Rotom\n|-status|p1a: Rotom|brn\n|move|p1a: Rotom|Volt Switch|p2a: Water of Flood\n|-damage|p2a: Water of Flood|62\/100\n|\n|switch|p1a: Ferrothorn|Ferrothorn, M|96\/100|[from]move: Volt Switch\n|-damage|p1a: Ferrothorn|90\/100|[from] Stealth Rock\n|-damage|p1a: Ferrothorn|77\/100|[from] Spikes\n|\n|-weather|Sandstorm|[upkeep]\n|-damage|p2a: Water of Flood|56\/100|[from] Sandstorm\n|-heal|p2a: Water of Flood|62\/100|[from] item: Leftovers\n|-heal|p1a: Ferrothorn|84\/100|[from] item: Leftovers\n|upkeep\n|turn|27\n|\n|move|p2a: Water of Flood|Volt Switch|p1a: Ferrothorn\n|-resisted|p1a: Ferrothorn\n|-damage|p1a: Ferrothorn|74\/100\n|\n|switch|p2a: Tree of Silicon|Scizor, M|88\/100|[from]move: Volt Switch\n|-damage|p2a: Tree of Silicon|76\/100|[from] Stealth Rock\n|move|p1a: Ferrothorn|Leech Seed|p2a: Tree of Silicon\n|-start|p2a: Tree of Silicon|move: Leech Seed\n|\n|-weather|Sandstorm|[upkeep]\n|-heal|p1a: Ferrothorn|80\/100|[from] item: Leftovers\n|-damage|p2a: Tree of Silicon|63\/100|[from] Leech Seed|[of] p1a: Ferrothorn\n|-heal|p1a: Ferrothorn|91\/100|[silent]\n|upkeep\n|turn|28\n|\n|switch|p2a: Silicon Dust|Tyranitar, M|76\/100\n|-damage|p2a: Silicon Dust|64\/100|[from] Stealth Rock\n|move|p1a: Ferrothorn|Spikes|p2a: Silicon Dust\n|-sidestart|p2: Fabianosizour|Spikes\n|\n|-weather|Sandstorm|[upkeep]\n|-heal|p1a: Ferrothorn|97\/100|[from] item: Leftovers\n|upkeep\n|turn|29\n|\n|move|p2a: Silicon Dust|Fire Blast|p1a: Ferrothorn\n|-supereffective|p1a: Ferrothorn\n|-damage|p1a: Ferrothorn|0 fnt\n|-damage|p2a: Silicon Dust|54\/100|[from] item: Life Orb\n|faint|p1a: Ferrothorn\n|\n|-weather|Sandstorm|[upkeep]\n|upkeep\n|\n|switch|p1a: Staraptor|Staraptor, M|53\/100\n|-damage|p1a: Staraptor|28\/100|[from] Stealth Rock\n|turn|30\n|inactive|Fabianosizour has 120 seconds left.\n|\n|switch|p2a: Tree of Silicon|Scizor, M|63\/100\n|-damage|p2a: Tree of Silicon|51\/100|[from] Stealth Rock\n|-damage|p2a: Tree of Silicon|38\/100|[from] Spikes\n|move|p1a: Staraptor|Close Combat|p2a: Tree of Silicon\n|-damage|p2a: Tree of Silicon|0 fnt\n|-unboost|p1a: Staraptor|def|1\n|-unboost|p1a: Staraptor|spd|1\n|faint|p2a: Tree of Silicon\n|\n|-weather|Sandstorm|[upkeep]\n|-damage|p1a: Staraptor|22\/100|[from] Sandstorm\n|upkeep\n|inactive|Fabianosizour has 90 seconds left.\n|\n|switch|p2a: Flat Earth|Hippowdon, M, shiny|65\/100\n|-damage|p2a: Flat Earth|53\/100|[from] Spikes\n|-damage|p2a: Flat Earth|47\/100|[from] Stealth Rock\n|turn|31\n|\n|move|p1a: Staraptor|Close Combat|p2a: Flat Earth\n|-damage|p2a: Flat Earth|25\/100\n|-unboost|p1a: Staraptor|def|1\n|-unboost|p1a: Staraptor|spd|1\n|-damage|p1a: Staraptor|5\/100|[from] item: Rocky Helmet|[of] p2a: Flat Earth\n|move|p2a: Flat Earth|Slack Off|p2a: Flat Earth\n|-heal|p2a: Flat Earth|75\/100\n|\n|-weather|Sandstorm|[upkeep]\n|-damage|p1a: Staraptor|0 fnt|[from] Sandstorm\n|faint|p1a: Staraptor\n|upkeep\n|\n|switch|p1a: Rotom|Rotom-Wash|90\/100 brn\n|-damage|p1a: Rotom|78\/100 brn|[from] Stealth Rock\n|turn|32\n|\n|switch|p2a: Water of Flood|Rotom-Wash|62\/100\n|-damage|p2a: Water of Flood|50\/100|[from] Stealth Rock\n|move|p1a: Rotom|Hydro Pump|p2a: Water of Flood\n|-resisted|p2a: Water of Flood\n|-damage|p2a: Water of Flood|29\/100\n|\n|-weather|Sandstorm|[upkeep]\n|-damage|p2a: Water of Flood|23\/100|[from] Sandstorm\n|-damage|p1a: Rotom|72\/100 brn|[from] Sandstorm\n|-heal|p2a: Water of Flood|29\/100|[from] item: Leftovers\n|-heal|p1a: Rotom|78\/100 brn|[from] item: Leftovers\n|-damage|p1a: Rotom|66\/100 brn|[from] brn\n|upkeep\n|turn|33\n|\n|switch|p1a: Terrakion|Terrakion|31\/100\n|-damage|p1a: Terrakion|18\/100|[from] Spikes\n|-damage|p1a: Terrakion|12\/100|[from] Stealth Rock\n|move|p2a: Water of Flood|Pain Split|p1a: Terrakion\n|-sethp|p1a: Terrakion|20\/100|[from] move: Pain Split|[silent]\n|-sethp|p2a: Water of Flood|21\/100|[from] move: Pain Split\n|\n|-weather|Sandstorm|[upkeep]\n|-damage|p2a: Water of Flood|15\/100|[from] Sandstorm\n|-heal|p2a: Water of Flood|21\/100|[from] item: Leftovers\n|upkeep\n|turn|34\n|inactive|Fabianosizour has 120 seconds left.\n|\n|switch|p2a: Flat Earth|Hippowdon, M, shiny|75\/100\n|-damage|p2a: Flat Earth|69\/100|[from] Stealth Rock\n|-damage|p2a: Flat Earth|57\/100|[from] Spikes\n|move|p1a: Terrakion|Close Combat|p2a: Flat Earth\n|-damage|p2a: Flat Earth|27\/100\n|-unboost|p1a: Terrakion|def|1\n|-unboost|p1a: Terrakion|spd|1\n|-damage|p1a: Terrakion|3\/100|[from] item: Rocky Helmet|[of] p2a: Flat Earth\n|\n|-weather|Sandstorm|[upkeep]\n|upkeep\n|turn|35\n|\n|move|p1a: Terrakion|Close Combat|p2a: Flat Earth\n|-damage|p2a: Flat Earth|0 fnt\n|-unboost|p1a: Terrakion|def|1\n|-unboost|p1a: Terrakion|spd|1\n|-damage|p1a: Terrakion|0 fnt|[from] item: Rocky Helmet|[of] p2a: Flat Earth\n|faint|p1a: Terrakion\n|faint|p2a: Flat Earth\n|\n|-weather|Sandstorm|[upkeep]\n|upkeep\n|inactive|Fabianosizour has 120 seconds left.\n|c|\u2606Fabianosizour|you can't beat who Hax embraces\n|c|\u2606soap776|ok\n|c|\u2606Fabianosizour|but yeah, haxmon is haxmon\n|\n|switch|p1a: Magnezone|Magnezone|76\/100\n|switch|p2a: Silicon Dust|Tyranitar, M|54\/100\n|-damage|p2a: Silicon Dust|41\/100|[from] Spikes\n|-damage|p2a: Silicon Dust|29\/100|[from] Stealth Rock\n|-damage|p1a: Magnezone|63\/100|[from] Spikes\n|-damage|p1a: Magnezone|57\/100|[from] Stealth Rock\n|turn|36\n|\n|move|p2a: Silicon Dust|Earthquake|p1a: Magnezone\n|-supereffective|p1a: Magnezone\n|-damage|p1a: Magnezone|0 fnt\n|-damage|p2a: Silicon Dust|19\/100|[from] item: Life Orb\n|faint|p1a: Magnezone\n|\n|-weather|Sandstorm|[upkeep]\n|upkeep\n|\n|switch|p1a: Rotom|Rotom-Wash|66\/100 brn\n|-damage|p1a: Rotom|54\/100 brn|[from] Stealth Rock\n|turn|37\n|\n|move|p2a: Silicon Dust|Crunch|p1a: Rotom\n|-damage|p1a: Rotom|0 fnt\n|-damage|p2a: Silicon Dust|9\/100|[from] item: Life Orb\n|faint|p1a: Rotom\n|\n|win|Fabianosizour\n|c|\u2606soap776|gg\n|l|\u2606soap776\n||Ladder (probably) updated, but score could not be retrieved (Response not received).\n","uploadtime":1587850696,"views":15,"p1id":"soap776","p2id":"fabianosizour","formatid":"gen5ou","rating":0,"private":0,"password":null}