{"id":"gen5nu-1563302649","p1":"Wubben","p2":"xskelly34","format":"gen5nu","log":"|j|\u2606Wubben\n|j|\u2606xskelly34\n|inactive|Battle timer is ON: inactive players will automatically lose when time's up.\n|t:|1651160535\n|gametype|singles\n|player|p1|Wubben|#bltviiiturtwigs|\n|player|p2|xskelly34|bugsy|\n|teamsize|p1|6\n|teamsize|p2|6\n|gen|5\n|tier|[Gen 5] NU\n|rated|Tournament battle\n|rule|Species Clause: Limit one of each Pok\u00e9mon\n|rule|OHKO Clause: OHKO moves are banned\n|rule|Moody Clause: Moody is banned\n|rule|Evasion Moves Clause: Evasion moves are banned\n|rule|Endless Battle Clause: Forcing endless battles is banned\n|rule|HP Percentage Mod: HP is shown in percentages\n|rule|Evasion Abilities Clause: Evasion abilities are banned\n|rule|Swagger Clause: Swagger is banned\n|rule|Baton Pass Clause: Limit one Baton Passer, can't pass Spe and other stats simultaneously\n|rule|Sleep Clause Mod: Limit one foe put to sleep\n|clearpoke\n|poke|p1|Drifblim, M|item\n|poke|p1|Pelipper, M|item\n|poke|p1|Ursaring, M|item\n|poke|p1|Tauros, M|item\n|poke|p1|Floatzel, M|item\n|poke|p1|Marowak, M|item\n|poke|p2|Exeggutor, M|item\n|poke|p2|Probopass, M|item\n|poke|p2|Primeape, F|item\n|poke|p2|Rotom-Frost|item\n|poke|p2|Drifblim, M|item\n|poke|p2|Seismitoad, F|item\n|teampreview\n|j|*Lady Monita \u273f\n|\n|t:|1651160551\n|start\n|switch|p1a: Marowak|Marowak, M|100\/100\n|switch|p2a: Rotom|Rotom-Frost, shiny|100\/100\n|turn|1\n|\n|t:|1651160561\n|move|p2a: Rotom|Blizzard|p1a: Marowak\n|-supereffective|p1a: Marowak\n|-damage|p1a: Marowak|0 fnt\n|faint|p1a: Marowak\n|\n|upkeep\n|\n|t:|1651160563\n|switch|p1a: Floatzel|Floatzel, M|100\/100\n|turn|2\n|\n|t:|1651160566\n|move|p1a: Floatzel|Bulk Up|p1a: Floatzel\n|-boost|p1a: Floatzel|atk|1\n|-boost|p1a: Floatzel|def|1\n|move|p2a: Rotom|Thunderbolt|p1a: Floatzel\n|-supereffective|p1a: Floatzel\n|-damage|p1a: Floatzel|0 fnt\n|faint|p1a: Floatzel\n|\n|upkeep\n|\n|t:|1651160570\n|switch|p1a: Tauros|Tauros, M|100\/100\n|turn|3\n|\n|t:|1651160584\n|switch|p2a: Primeape|Primeape, F|100\/100\n|move|p1a: Tauros|Substitute|p1a: Tauros\n|-start|p1a: Tauros|Substitute\n|-damage|p1a: Tauros|75\/100\n|\n|upkeep\n|turn|4\n|\n|t:|1651160590\n|move|p2a: Primeape|U-turn|p1a: Tauros\n|-end|p1a: Tauros|Substitute\n|\n|t:|1651160593\n|switch|p2a: Seismitoad|Seismitoad, F|100\/100|[from]move: U-turn\n|move|p1a: Tauros|Zen Headbutt|p2a: Seismitoad\n|-damage|p2a: Seismitoad|55\/100\n|\n|-heal|p2a: Seismitoad|61\/100|[from] item: Leftovers\n|upkeep\n|turn|5\n|\n|t:|1651160598\n|move|p1a: Tauros|Rock Climb|p2a: Seismitoad\n|-damage|p2a: Seismitoad|0 fnt\n|faint|p2a: Seismitoad\n|\n|upkeep\n|\n|t:|1651160600\n|switch|p2a: Primeape|Primeape, F|100\/100\n|turn|6\n|\n|t:|1651160603\n|switch|p1a: Pelipper|Pelipper, M|100\/100\n|move|p2a: Primeape|Close Combat|p1a: Pelipper\n|-resisted|p1a: Pelipper\n|-damage|p1a: Pelipper|72\/100\n|-unboost|p2a: Primeape|def|1\n|-unboost|p2a: Primeape|spd|1\n|\n|-heal|p1a: Pelipper|79\/100|[from] item: Leftovers\n|upkeep\n|turn|7\n|\n|t:|1651160624\n|switch|p2a: Rotom|Rotom-Frost, shiny|100\/100\n|switch|p1a: Tauros|Tauros, M|75\/100\n|\n|upkeep\n|turn|8\n|\n|t:|1651160629\n|move|p1a: Tauros|Rock Climb|p2a: Rotom|[miss]\n|-miss|p1a: Tauros|p2a: Rotom\n|move|p2a: Rotom|Volt Switch|p1a: Tauros\n|-damage|p1a: Tauros|29\/100\n|\n|t:|1651160632\n|switch|p2a: Primeape|Primeape, F|100\/100|[from]move: Volt Switch\n|\n|upkeep\n|turn|9\n|\n|t:|1651160635\n|move|p2a: Primeape|U-turn|p1a: Tauros\n|-damage|p1a: Tauros|4\/100\n|\n|t:|1651160640\n|switch|p2a: Probopass|Probopass, M, shiny|100\/100|[from]move: U-turn\n|move|p1a: Tauros|Rock Climb|p2a: Probopass|[miss]\n|-miss|p1a: Tauros|p2a: Probopass\n|\n|upkeep\n|turn|10\n|\n|t:|1651160646\n|switch|p2a: Primeape|Primeape, F|100\/100\n|move|p1a: Tauros|Earthquake|p2a: Primeape\n|-damage|p2a: Primeape|23\/100\n|-damage|p1a: Tauros|0 fnt|[from] item: Life Orb\n|faint|p1a: Tauros\n|\n|upkeep\n|\n|t:|1651160660\n|switch|p1a: Pelipper|Pelipper, M|79\/100\n|turn|11\n|\n|t:|1651160663\n|move|p2a: Primeape|Stone Edge|p1a: Pelipper\n|-supereffective|p1a: Pelipper\n|-crit|p1a: Pelipper\n|-damage|p1a: Pelipper|0 fnt\n|faint|p1a: Pelipper\n|\n|upkeep\n|\n|t:|1651160666\n|switch|p1a: Ursaring|Ursaring, M|100\/100\n|turn|12\n|\n|t:|1651160673\n|switch|p2a: Probopass|Probopass, M, shiny|100\/100\n|move|p1a: Ursaring|Substitute|p1a: Ursaring\n|-start|p1a: Ursaring|Substitute\n|-damage|p1a: Ursaring|76\/100\n|\n|-heal|p1a: Ursaring|82\/100|[from] item: Leftovers\n|upkeep\n|turn|13\n|\n|t:|1651160678\n|move|p1a: Ursaring|Swords Dance|p1a: Ursaring\n|-boost|p1a: Ursaring|atk|2\n|move|p2a: Probopass|Power Gem|p1a: Ursaring\n|-activate|p1a: Ursaring|Substitute|[damage]\n|\n|-heal|p1a: Ursaring|88\/100|[from] item: Leftovers\n|upkeep\n|turn|14\n|\n|t:|1651160681\n|move|p1a: Ursaring|Earthquake|p2a: Probopass\n|-supereffective|p2a: Probopass\n|-ability|p2a: Probopass|Sturdy\n|-damage|p2a: Probopass|1\/100\n|move|p2a: Probopass|Volt Switch|p1a: Ursaring\n|-end|p1a: Ursaring|Substitute\n|\n|t:|1651160689\n|switch|p2a: Primeape|Primeape, F|23\/100|[from]move: Volt Switch\n|\n|-heal|p1a: Ursaring|94\/100|[from] item: Leftovers\n|upkeep\n|turn|15\n|\n|t:|1651160693\n|move|p2a: Primeape|Close Combat|p1a: Ursaring\n|-supereffective|p1a: Ursaring\n|-crit|p1a: Ursaring\n|-damage|p1a: Ursaring|0 fnt\n|-unboost|p2a: Primeape|def|1\n|-unboost|p2a: Primeape|spd|1\n|faint|p1a: Ursaring\n|\n|upkeep\n|\n|t:|1651160694\n|switch|p1a: Drifblim|Drifblim, M|100\/100\n|turn|16\n|j| Failbor21\n|\n|t:|1651160700\n|switch|p2a: Probopass|Probopass, M, shiny|1\/100\n|move|p1a: Drifblim|Substitute|p1a: Drifblim\n|-start|p1a: Drifblim|Substitute\n|-damage|p1a: Drifblim|76\/100\n|\n|-heal|p2a: Probopass|7\/100|[from] item: Leftovers\n|upkeep\n|turn|17\n|\n|t:|1651160703\n|move|p1a: Drifblim|Calm Mind|p1a: Drifblim\n|-boost|p1a: Drifblim|spa|1\n|-boost|p1a: Drifblim|spd|1\n|move|p2a: Probopass|Power Gem|p1a: Drifblim\n|-supereffective|p1a: Drifblim\n|-end|p1a: Drifblim|Substitute\n|\n|-heal|p2a: Probopass|13\/100|[from] item: Leftovers\n|upkeep\n|turn|18\n|\n|t:|1651160710\n|move|p1a: Drifblim|Shadow Ball|p2a: Probopass\n|-enditem|p1a: Drifblim|Ghost Gem|[from] gem\n|-resisted|p2a: Probopass\n|-damage|p2a: Probopass|0 fnt\n|faint|p2a: Probopass\n|\n|upkeep\n|\n|t:|1651160713\n|switch|p2a: Rotom|Rotom-Frost, shiny|100\/100\n|turn|19\n|\n|t:|1651160718\n|move|p1a: Drifblim|Hidden Power|p2a: Rotom\n|-supereffective|p2a: Rotom\n|-damage|p2a: Rotom|16\/100\n|move|p2a: Rotom|Thunderbolt|p1a: Drifblim\n|-supereffective|p1a: Drifblim\n|-damage|p1a: Drifblim|7\/100\n|\n|upkeep\n|turn|20\n|\n|t:|1651160721\n|move|p1a: Drifblim|Shadow Ball|p2a: Rotom\n|-damage|p2a: Rotom|0 fnt\n|faint|p2a: Rotom\n|\n|upkeep\n|\n|t:|1651160722\n|switch|p2a: Primeape|Primeape, F|23\/100\n|turn|21\n|\n|t:|1651160724\n|move|p1a: Drifblim|Shadow Ball|p2a: Primeape\n|-damage|p2a: Primeape|0 fnt\n|faint|p2a: Primeape\n|\n|upkeep\n|\n|t:|1651160730\n|switch|p2a: Drifblim|Drifblim, M|100\/100\n|turn|22\n|\n|t:|1651160732\n|move|p1a: Drifblim|Shadow Ball|p2a: Drifblim\n|-supereffective|p2a: Drifblim\n|-damage|p2a: Drifblim|0 fnt\n|faint|p2a: Drifblim\n|\n|upkeep\n|\n|t:|1651160734\n|switch|p2a: egg|Exeggutor, M, shiny|100\/100\n|turn|23\n|\n|t:|1651160736\n|move|p1a: Drifblim|Shadow Ball|p2a: egg\n|-supereffective|p2a: egg\n|-damage|p2a: egg|0 fnt\n|faint|p2a: egg\n|\n|win|Wubben\n|n|\u2606Wubben|wubben\n|n|\u2606xskelly34|xskelly34\n|n|*Lady Monita \u273f|ladymonita\n|n| Failbor21|failbor21\n|l|*Lady Monita \u273f\n|l|\u2606xskelly34\n|l|\u2606Wubben\n","uploadtime":1651160761,"views":9,"p1id":"wubben","p2id":"xskelly34","formatid":"gen5nu","rating":0,"private":0,"password":null}