{"id":"gen5ou-1706102575","p1":"Closed_Beta","p2":"CarlyBae","format":"gen5ou","log":"|j|\u2606Closed_Beta\n|j|\u2606CarlyBae\n|inactive|Battle timer is ON: inactive players will automatically lose when time's up.\n|t:|1667947638\n|gametype|singles\n|player|p1|Closed_Beta|caitlin|\n|player|p2|CarlyBae|dawn-gen4pt|\n|teamsize|p1|6\n|teamsize|p2|6\n|gen|5\n|tier|[Gen 5] OU\n|rated|Tournament battle\n|rule|Species Clause: Limit one of each Pok\u00e9mon\n|rule|OHKO Clause: OHKO moves are banned\n|rule|Moody Clause: Moody is banned\n|rule|Evasion Items Clause: Evasion items are banned\n|rule|Evasion Moves Clause: Evasion moves are banned\n|rule|Endless Battle Clause: Forcing endless battles is banned\n|rule|HP Percentage Mod: HP is shown in percentages\n|rule|Evasion Abilities Clause: Evasion abilities are banned\n|rule|Sleep Clause: Sleep-inducing moves are banned\n|rule|Swagger Clause: Swagger is banned\n|clearpoke\n|poke|p1|Dragonite, M|item\n|poke|p1|Jirachi|item\n|poke|p1|Starmie|item\n|poke|p1|Garchomp, F|item\n|poke|p1|Kyurem-Black|item\n|poke|p1|Magnezone|item\n|poke|p2|Haxorus, M|item\n|poke|p2|Garchomp, M|item\n|poke|p2|Magnezone|item\n|poke|p2|Mamoswine, M|item\n|poke|p2|Latios, M|item\n|poke|p2|Politoed, M|item\n|teampreview\n|j|@SetsuStsna\n|j| GengarAdept\n|j| Angelwingsmygoons\n|j| YoungMetroBooming\n|j| Eliprogamer\n|j| Georgina Tropicana\n|j| lowelofunn\n|j| Youtalkin\n|c| YoungMetroBooming|ugh\n|\n|t:|1667947655\n|start\n|switch|p1a: Starmie|Starmie|100\/100\n|switch|p2a: Mamoswine|Mamoswine, M|100\/100\n|turn|1\n|j| Sendpais\n|c| Eliprogamer|MAMOSWINE\n|j| apple juize\n|j| dcwills\n|\n|t:|1667947661\n|switch|p2a: Politoed|Politoed, M|100\/100\n|-weather|RainDance|[from] ability: Drizzle|[of] p2a: Politoed\n|move|p1a: Starmie|Surf|p2a: Politoed\n|-resisted|p2a: Politoed\n|-crit|p2a: Politoed\n|-damage|p2a: Politoed|0 fnt\n|faint|p2a: Politoed\n|-damage|p1a: Starmie|91\/100|[from] item: Life Orb\n|\n|-weather|RainDance|[upkeep]\n|upkeep\n|j| Rosaism\n|j| Azure_Cry$ta1\n|c| lowelofunn|2 dragmags to finals\n|c| Georgina Tropicana|jesus\n|c| YoungMetroBooming|the dream ratios politoed\n|c| apple juize|wait what\n|c| Sendpais|umm.. what\n|c| Sendpais|lmao\n|c| lowelofunn|shows how broken it is\n|j| tentempiee\n|c| apple juize|analytic\n|c|\u2606Closed_Beta|lmao\n|c|\u2606CarlyBae|that made my jaw drop\n|j| heavy gaming (rel)\n|c| YoungMetroBooming|good thing you got k black\n|c| Angelwingsmygoons|beast\n|j| UnknownDeviant\n|c| Angelwingsmygoons|mode\n|c| tentempiee|what\n|c|\u2606Closed_Beta|same\n|inactive|CarlyBae has 120 seconds left.\n|c| Azure_Cry$ta1|Bulkless toed lmao\n|c| tentempiee|dragmag broken? lmfao\n|c| YoungMetroBooming|lati dropping thunders?\n|c|\u2606Closed_Beta|lol\n|j| Unviabriel\n|\n|t:|1667947698\n|switch|p2a: Latios|Latios, M|100\/100\n|turn|2\n|c| heavy gaming (rel)|gen 5 best gen\n|inactive|CarlyBae has 120 seconds left.\n|c| heavy gaming (rel)|cmm\n|\n|t:|1667947711\n|switch|p1a: Jirachi|Jirachi|100\/100\n|move|p2a: Latios|Draco Meteor|p1a: Jirachi\n|-resisted|p1a: Jirachi\n|-damage|p1a: Jirachi|60\/100\n|-unboost|p2a: Latios|spa|2\n|\n|-weather|RainDance|[upkeep]\n|-heal|p1a: Jirachi|66\/100|[from] item: Leftovers\n|upkeep\n|turn|3\n|c| tentempiee|dragmag is not broken at all its just a mid playstyle for ppl that dont play the format seriously\n|c| YoungMetroBooming|ahhh\n|inactive|CarlyBae has 120 seconds left.\n|c| apple juize|was it meta to bring 3 dragons\n|\n|t:|1667947721\n|switch|p2a: Magnezone|Magnezone|100\/100\n|move|p1a: Jirachi|Stealth Rock|p2a: Magnezone\n|-sidestart|p2: CarlyBae|move: Stealth Rock\n|\n|-weather|RainDance|[upkeep]\n|-heal|p1a: Jirachi|72\/100|[from] item: Leftovers\n|upkeep\n|turn|4\n|c| YoungMetroBooming|who dracos there\n|\n|t:|1667947724\n|move|p1a: Jirachi|Icy Wind|p2a: Magnezone\n|-resisted|p2a: Magnezone\n|-damage|p2a: Magnezone|92\/100\n|-unboost|p2a: Magnezone|spe|1\n|move|p2a: Magnezone|Substitute|p2a: Magnezone\n|-start|p2a: Magnezone|Substitute\n|-damage|p2a: Magnezone|67\/100\n|\n|-weather|RainDance|[upkeep]\n|-heal|p1a: Jirachi|78\/100|[from] item: Leftovers\n|-heal|p2a: Magnezone|73\/100|[from] item: Leftovers\n|upkeep\n|turn|5\n|\n|t:|1667947730\n|move|p1a: Jirachi|Energy Ball|p2a: Magnezone\n|-resisted|p2a: Magnezone\n|-activate|p2a: Magnezone|Substitute|[damage]\n|move|p2a: Magnezone|Thunderbolt|p1a: Jirachi\n|-damage|p1a: Jirachi|42\/100\n|\n|-weather|RainDance|[upkeep]\n|-heal|p1a: Jirachi|49\/100|[from] item: Leftovers\n|-heal|p2a: Magnezone|79\/100|[from] item: Leftovers\n|upkeep\n|turn|6\n|c| heavy gaming (rel)|apple juize ubers maybe\n|j| charlesrock\n|\n|t:|1667947733\n|move|p1a: Jirachi|Energy Ball|p2a: Magnezone\n|-resisted|p2a: Magnezone\n|-end|p2a: Magnezone|Substitute\n|move|p2a: Magnezone|Thunderbolt|p1a: Jirachi\n|-damage|p1a: Jirachi|9\/100\n|-status|p1a: Jirachi|par\n|\n|-weather|RainDance|[upkeep]\n|-heal|p2a: Magnezone|85\/100|[from] item: Leftovers\n|-heal|p1a: Jirachi|15\/100 par|[from] item: Leftovers\n|upkeep\n|turn|7\n|\n|t:|1667947735\n|move|p2a: Magnezone|Substitute|p2a: Magnezone\n|-start|p2a: Magnezone|Substitute\n|-damage|p2a: Magnezone|60\/100\n|move|p1a: Jirachi|Iron Head|p2a: Magnezone\n|-resisted|p2a: Magnezone\n|-crit|p2a: Magnezone\n|-activate|p2a: Magnezone|Substitute|[damage]\n|\n|-weather|RainDance|[upkeep]\n|-heal|p2a: Magnezone|66\/100|[from] item: Leftovers\n|-heal|p1a: Jirachi|21\/100 par|[from] item: Leftovers\n|upkeep\n|turn|8\n|l| charlesrock\n|\n|t:|1667947738\n|move|p2a: Magnezone|Thunderbolt|p1a: Jirachi\n|-damage|p1a: Jirachi|0 fnt\n|faint|p1a: Jirachi\n|\n|-weather|RainDance|[upkeep]\n|-heal|p2a: Magnezone|72\/100|[from] item: Leftovers\n|upkeep\n|c| YoungMetroBooming|big rip on this rachi btw\n|\n|t:|1667947749\n|switch|p1a: Garchomp|Garchomp, F|100\/100\n|turn|9\n|\n|t:|1667947752\n|move|p1a: Garchomp|Earthquake|p2a: Magnezone\n|-supereffective|p2a: Magnezone\n|-end|p2a: Magnezone|Substitute\n|move|p2a: Magnezone|Flash Cannon|p1a: Garchomp\n|-damage|p1a: Garchomp|48\/100\n|\n|-weather|RainDance|[upkeep]\n|-heal|p2a: Magnezone|78\/100|[from] item: Leftovers\n|upkeep\n|turn|10\n|c| heavy gaming (rel)|but also drag spam is good when you dont have a bulky drag killer\n|\n|t:|1667947766\n|switch|p1a: Magnezone|Magnezone|100\/100\n|move|p2a: Magnezone|Flash Cannon|p1a: Magnezone\n|-resisted|p1a: Magnezone\n|-damage|p1a: Magnezone|88\/100\n|\n|-weather|RainDance|[upkeep]\n|-heal|p2a: Magnezone|84\/100|[from] item: Leftovers\n|upkeep\n|turn|11\n|c| heavy gaming (rel)|they dont\n|c| Azure_Cry$ta1|?\n|j| PacifismX\n|c| Azure_Cry$ta1|what?\n|c| heavy gaming (rel)|kek\n|c| heavy gaming (rel)|kek\n|l| dcwills\n|\n|t:|1667947788\n|move|p1a: Magnezone|Hidden Power|p2a: Magnezone\n|-supereffective|p2a: Magnezone\n|-damage|p2a: Magnezone|31\/100\n|move|p2a: Magnezone|Hidden Power|p1a: Magnezone\n|-supereffective|p1a: Magnezone\n|-damage|p1a: Magnezone|56\/100\n|\n|-weather|RainDance|[upkeep]\n|-heal|p2a: Magnezone|37\/100|[from] item: Leftovers\n|upkeep\n|turn|12\n|c| Azure_Cry$ta1|Why the switch out?\n|\n|t:|1667947793\n|move|p1a: Magnezone|Hidden Power|p2a: Magnezone\n|-supereffective|p2a: Magnezone\n|-damage|p2a: Magnezone|0 fnt\n|faint|p2a: Magnezone\n|\n|-weather|RainDance|[upkeep]\n|upkeep\n|\n|t:|1667947802\n|switch|p2a: Mamoswine|Mamoswine, M|100\/100\n|-damage|p2a: Mamoswine|88\/100|[from] Stealth Rock\n|turn|13\n|\n|t:|1667947811\n|switch|p1a: Starmie|Starmie|91\/100\n|move|p2a: Mamoswine|Earthquake|p1a: Starmie\n|-damage|p1a: Starmie|0 fnt\n|faint|p1a: Starmie\n|-damage|p2a: Mamoswine|78\/100|[from] item: Life Orb\n|\n|-weather|RainDance|[upkeep]\n|upkeep\n|c| heavy gaming (rel)|tf why\n|\n|t:|1667947823\n|switch|p1a: Garchomp|Garchomp, F|48\/100\n|turn|14\n|c| heavy gaming (rel)|why sac the starmie\n|c| apple juize|i thought starmie killed everything\n|\n|t:|1667947825\n|move|p2a: Mamoswine|Ice Shard|p1a: Garchomp\n|-supereffective|p1a: Garchomp\n|-damage|p1a: Garchomp|0 fnt\n|faint|p1a: Garchomp\n|-damage|p2a: Mamoswine|68\/100|[from] item: Life Orb\n|\n|-weather|RainDance|[upkeep]\n|upkeep\n|\n|t:|1667947828\n|switch|p1a: Kyurem|Kyurem-Black|100\/100\n|-ability|p1a: Kyurem|Teravolt\n|turn|15\n|c| apple juize|i thought starmie killed everything in that spot*\n|c| heavy gaming (rel)|the team dies to mamoswine and garchomp now\n|l| Angelwingsmygoons\n|inactive|CarlyBae has 120 seconds left.\n|c| heavy gaming (rel)|OR\n|c| heavy gaming (rel)|the man can just use kyub\n|c| heavy gaming (rel)|nvm\n|\n|t:|1667947871\n|switch|p2a: Haxorus|Haxorus, M|100\/100\n|-damage|p2a: Haxorus|88\/100|[from] Stealth Rock\n|-ability|p2a: Haxorus|Mold Breaker\n|move|p1a: Kyurem|Outrage|p2a: Haxorus\n|-supereffective|p2a: Haxorus\n|-damage|p2a: Haxorus|0 fnt\n|faint|p2a: Haxorus\n|\n|-weather|RainDance|[upkeep]\n|upkeep\n|\n|t:|1667947876\n|switch|p2a: Garchomp|Garchomp, M|100\/100\n|-damage|p2a: Garchomp|94\/100|[from] Stealth Rock\n|turn|16\n|\n|t:|1667947880\n|move|p2a: Garchomp|Outrage|p1a: Kyurem\n|-supereffective|p1a: Kyurem\n|-damage|p1a: Kyurem|0 fnt\n|faint|p1a: Kyurem\n|\n|-weather|RainDance|[upkeep]\n|upkeep\n|\n|t:|1667947881\n|switch|p1a: Magnezone|Magnezone|56\/100\n|turn|17\n|j| Angelwingsmygoons\n|\n|t:|1667947884\n|move|p2a: Garchomp|Outrage|p1a: Magnezone|[from]lockedmove\n|-resisted|p1a: Magnezone\n|-damage|p1a: Magnezone|28\/100\n|-start|p2a: Garchomp|confusion|[fatigue]\n|move|p1a: Magnezone|Flash Cannon|p2a: Garchomp\n|-damage|p2a: Garchomp|21\/100\n|\n|-weather|RainDance|[upkeep]\n|upkeep\n|turn|18\n|c| heavy gaming (rel)|ok yep\n|c| heavy gaming (rel)|beta dies\n|\n|t:|1667947895\n|-activate|p2a: Garchomp|confusion\n|move|p2a: Garchomp|Outrage|p1a: Magnezone\n|-resisted|p1a: Magnezone\n|-damage|p1a: Magnezone|0 fnt\n|faint|p1a: Magnezone\n|\n|-weather|RainDance|[upkeep]\n|upkeep\n|\n|t:|1667947897\n|switch|p1a: Dragonite|Dragonite, M|100\/100\n|turn|19\n|c| YoungMetroBooming|rippy\n|c| PacifismX|that garchop could slay\n|\n|t:|1667947902\n|-activate|p2a: Garchomp|confusion\n|move|p2a: Garchomp|Outrage|p1a: Dragonite|[from]lockedmove\n|-supereffective|p1a: Dragonite\n|-damage|p1a: Dragonite|35\/100\n|move|p1a: Dragonite|Dragon Dance|p1a: Dragonite\n|-boost|p1a: Dragonite|atk|1\n|-boost|p1a: Dragonite|spe|1\n|\n|-weather|RainDance|[upkeep]\n|upkeep\n|turn|20\n|c| heavy gaming (rel)|rip\n|c| YoungMetroBooming|we did it\n|c| heavy gaming (rel)|oh?\n|c| heavy gaming (rel)|OH?\n|c| Azure_Cry$ta1|ayyy\n|\n|t:|1667947913\n|-end|p2a: Garchomp|confusion\n|move|p2a: Garchomp|Outrage|p1a: Dragonite\n|-supereffective|p1a: Dragonite\n|-damage|p1a: Dragonite|0 fnt\n|faint|p1a: Dragonite\n|\n|win|CarlyBae\n|n|\u2606Closed_Beta|closedbeta\n|n|\u2606CarlyBae|carlybae\n|n| SetsuStsna|setsustsna\n|n| GengarAdept|gengaradept\n|n| YoungMetroBooming|youngmetrobooming\n|n| Eliprogamer|eliprogamer\n|n| Georgina Tropicana|georginatropicana\n|n| lowelofunn|lowelofunn\n|n| Youtalkin|youtalkin\n|n| Sendpais|sendpais\n|n| apple juize|applejuize\n|n| Rosaism|rosaism\n|n| Azure_Cry$ta1|azurecryta1\n|n| tentempiee|tentempiee\n|n| heavy gaming (rel)|heavygamingrel\n|n| UnknownDeviant|unknowndeviant\n|n| Unviabriel|unviabriel\n|n| PacifismX|pacifismx\n|n| Angelwingsmygoons|angelwingsmygoons\n|c| YoungMetroBooming|mega e speed crit\n|c| PacifismX|gg\n|c| apple juize|no extreme speed?\n|c| heavy gaming (rel)|nvm]\n|c| YoungMetroBooming|ahhh doofus\n|l|\u2606Closed_Beta\n|l| lowelofunn\n|c| heavy gaming (rel)|:(\n|l| Unviabriel\n|c|\u2606CarlyBae|gg\n|l| Rosaism\n|l| Georgina Tropicana\n|l| PacifismX\n|l| Youtalkin\n|c| heavy gaming (rel)|gz\n|c| YoungMetroBooming|big fat braps\n|l| SetsuStsna\n|l| UnknownDeviant\n|l| apple juize\n|l| heavy gaming (rel)\n|l| YoungMetroBooming\n|l| Azure_Cry$ta1\n|l| GengarAdept\n","uploadtime":1667947915,"views":5,"p1id":"closedbeta","p2id":"carlybae","formatid":"gen5ou","rating":0,"private":0,"password":null}