{"id":"gen5ubers-1685649965","p1":"dd absol","p2":"tb1l","format":"gen5ubers","log":"|j|\u2606dd absol\n|j|\u203dtb1l\n|t:|1665760316\n|gametype|singles\n|player|p1|dd absol|266|1338\n|player|p2|tb1l|1|1272\n|teamsize|p1|6\n|teamsize|p2|6\n|gen|5\n|tier|[Gen 5] Ubers\n|rated|\n|rule|Species Clause: Limit one of each Pok\u00e9mon\n|rule|OHKO Clause: OHKO moves are banned\n|rule|Moody Clause: Moody is banned\n|rule|Evasion Items Clause: Evasion items are banned\n|rule|Evasion Moves Clause: Evasion moves are banned\n|rule|Endless Battle Clause: Forcing endless battles is banned\n|rule|HP Percentage Mod: HP is shown in percentages\n|rule|Sleep Clause Mod: Limit one foe put to sleep\n|clearpoke\n|poke|p1|Deoxys-Attack|item\n|poke|p1|Ferrothorn, F|item\n|poke|p1|Landorus-Therian, M|item\n|poke|p1|Palkia|item\n|poke|p1|Kyogre|item\n|poke|p1|Arceus-*|item\n|poke|p2|Zekrom|item\n|poke|p2|Kyogre|item\n|poke|p2|Dialga|item\n|poke|p2|Giratina-Origin|item\n|poke|p2|Arceus-*|item\n|poke|p2|Darkrai|item\n|teampreview\n|\n|t:|1665760336\n|start\n|switch|p1a: Kyogre|Kyogre|100\/100\n|switch|p2a: Darkrai|Darkrai|100\/100\n|-weather|RainDance|[from] ability: Drizzle|[of] p1a: Kyogre\n|turn|1\n|\n|t:|1665760346\n|switch|p2a: Dialga|Dialga|100\/100\n|-ability|p2a: Dialga|Pressure\n|-item|p2a: Dialga|Air Balloon\n|move|p1a: Kyogre|Water Spout|p2a: Dialga\n|-resisted|p2a: Dialga\n|-damage|p2a: Dialga|32\/100\n|-enditem|p2a: Dialga|Air Balloon\n|\n|-weather|RainDance|[upkeep]\n|upkeep\n|turn|2\n|\n|t:|1665760360\n|move|p1a: Kyogre|Water Spout|p2a: Dialga\n|-resisted|p2a: Dialga\n|-damage|p2a: Dialga|0 fnt\n|faint|p2a: Dialga\n|\n|-weather|RainDance|[upkeep]\n|upkeep\n|\n|t:|1665760363\n|switch|p2a: Zekrom|Zekrom|100\/100\n|-ability|p2a: Zekrom|Teravolt\n|turn|3\n|\n|t:|1665760369\n|switch|p1a: Landorus|Landorus-Therian, M|100\/100\n|-ability|p1a: Landorus|Intimidate|boost\n|-unboost|p2a: Zekrom|atk|1\n|move|p2a: Zekrom|Focus Blast|p1a: Landorus\n|-resisted|p1a: Landorus\n|-damage|p1a: Landorus|73\/100\n|-damage|p2a: Zekrom|91\/100|[from] item: Life Orb\n|\n|-weather|RainDance|[upkeep]\n|-heal|p1a: Landorus|79\/100|[from] item: Leftovers\n|upkeep\n|turn|4\n|\n|t:|1665760386\n|switch|p1a: Ferrothorn|Ferrothorn, F|100\/100\n|move|p2a: Zekrom|Focus Blast|p1a: Ferrothorn\n|-supereffective|p1a: Ferrothorn\n|-damage|p1a: Ferrothorn|33\/100\n|-unboost|p1a: Ferrothorn|spd|1\n|-damage|p2a: Zekrom|81\/100|[from] item: Life Orb\n|\n|-weather|RainDance|[upkeep]\n|-heal|p1a: Ferrothorn|39\/100|[from] item: Leftovers\n|upkeep\n|turn|5\n|\n|t:|1665760391\n|move|p1a: Ferrothorn|Protect|p1a: Ferrothorn\n|-singleturn|p1a: Ferrothorn|Protect\n|move|p2a: Zekrom|Draco Meteor|p1a: Ferrothorn\n|-activate|p1a: Ferrothorn|move: Protect\n|\n|-weather|RainDance|[upkeep]\n|-heal|p1a: Ferrothorn|46\/100|[from] item: Leftovers\n|upkeep\n|turn|6\n|\n|t:|1665760398\n|switch|p1a: Arceus|Arceus-Ghost|100\/100\n|move|p2a: Zekrom|Draco Meteor|p1a: Arceus\n|-damage|p1a: Arceus|36\/100\n|-unboost|p2a: Zekrom|spa|2\n|-damage|p2a: Zekrom|71\/100|[from] item: Life Orb\n|\n|-weather|RainDance|[upkeep]\n|upkeep\n|turn|7\n|\n|t:|1665760403\n|move|p1a: Arceus|Recover|p1a: Arceus\n|-heal|p1a: Arceus|86\/100\n|move|p2a: Zekrom|Volt Switch|p1a: Arceus\n|-damage|p1a: Arceus|72\/100\n|-damage|p2a: Zekrom|61\/100|[from] item: Life Orb\n|\n|t:|1665760404\n|switch|p2a: Kyogre|Kyogre|100\/100|[from]move: Volt Switch\n|\n|-weather|RainDance|[upkeep]\n|upkeep\n|turn|8\n|\n|t:|1665760410\n|switch|p1a: Palkia|Palkia|100\/100\n|-ability|p1a: Palkia|Pressure\n|move|p2a: Kyogre|Thunder|p1a: Palkia\n|-damage|p1a: Palkia|50\/100\n|\n|-weather|RainDance|[upkeep]\n|upkeep\n|turn|9\n|\n|t:|1665760417\n|switch|p2a: Zekrom|Zekrom|61\/100\n|-ability|p2a: Zekrom|Teravolt\n|move|p1a: Palkia|Thunder|p2a: Zekrom\n|-resisted|p2a: Zekrom\n|-damage|p2a: Zekrom|49\/100\n|\n|-weather|RainDance|[upkeep]\n|upkeep\n|turn|10\n|\n|t:|1665760429\n|switch|p2a: Kyogre|Kyogre|100\/100\n|move|p1a: Palkia|Spacial Rend|p2a: Kyogre\n|-damage|p2a: Kyogre|52\/100\n|\n|-weather|RainDance|[upkeep]\n|upkeep\n|turn|11\n|\n|t:|1665760435\n|move|p2a: Kyogre|Ice Beam|p1a: Palkia\n|-damage|p1a: Palkia|13\/100\n|move|p1a: Palkia|Thunder|p2a: Kyogre\n|-supereffective|p2a: Kyogre\n|-damage|p2a: Kyogre|0 fnt\n|faint|p2a: Kyogre\n|\n|-weather|RainDance|[upkeep]\n|upkeep\n|\n|t:|1665760441\n|switch|p2a: Giratina|Giratina-Origin|100\/100\n|turn|12\n|\n|t:|1665760447\n|switch|p1a: Ferrothorn|Ferrothorn, F|46\/100\n|move|p2a: Giratina|Shadow Sneak|p1a: Ferrothorn\n|-resisted|p1a: Ferrothorn\n|-damage|p1a: Ferrothorn|37\/100\n|-damage|p2a: Giratina|88\/100|[from] ability: Iron Barbs|[of] p1a: Ferrothorn\n|\n|-weather|RainDance|[upkeep]\n|-heal|p1a: Ferrothorn|43\/100|[from] item: Leftovers\n|upkeep\n|turn|13\n|\n|t:|1665760451\n|switch|p2a: Zekrom|Zekrom|49\/100\n|-ability|p2a: Zekrom|Teravolt\n|move|p1a: Ferrothorn|Spikes|p2a: Zekrom\n|-sidestart|p2: tb1l|Spikes\n|\n|-weather|RainDance|[upkeep]\n|-heal|p1a: Ferrothorn|49\/100|[from] item: Leftovers\n|upkeep\n|turn|14\n|\n|t:|1665760457\n|move|p2a: Zekrom|Focus Blast|p1a: Ferrothorn\n|-supereffective|p1a: Ferrothorn\n|-crit|p1a: Ferrothorn\n|-damage|p1a: Ferrothorn|0 fnt\n|faint|p1a: Ferrothorn\n|-damage|p2a: Zekrom|39\/100|[from] item: Life Orb\n|\n|-weather|RainDance|[upkeep]\n|upkeep\n|\n|t:|1665760471\n|switch|p1a: Palkia|Palkia|13\/100\n|-ability|p1a: Palkia|Pressure\n|turn|15\n|\n|t:|1665760480\n|move|p1a: Palkia|Spacial Rend|p2a: Zekrom\n|-supereffective|p2a: Zekrom\n|-damage|p2a: Zekrom|0 fnt\n|faint|p2a: Zekrom\n|\n|-weather|RainDance|[upkeep]\n|upkeep\n|\n|t:|1665760482\n|switch|p2a: Giratina|Giratina-Origin|88\/100\n|turn|16\n|\n|t:|1665760491\n|move|p2a: Giratina|Shadow Sneak|p1a: Palkia\n|-damage|p1a: Palkia|0 fnt\n|faint|p1a: Palkia\n|\n|-weather|RainDance|[upkeep]\n|upkeep\n|\n|t:|1665760492\n|switch|p1a: Arceus|Arceus-Ghost|72\/100\n|turn|17\n|\n|t:|1665760495\n|switch|p2a: Darkrai|Darkrai|100\/100\n|-damage|p2a: Darkrai|88\/100|[from] Spikes\n|move|p1a: Arceus|Judgment|p2a: Darkrai\n|-resisted|p2a: Darkrai\n|-damage|p2a: Darkrai|56\/100\n|\n|-weather|RainDance|[upkeep]\n|upkeep\n|turn|18\n|\n|t:|1665760503\n|switch|p1a: Landorus|Landorus-Therian, M|79\/100\n|-ability|p1a: Landorus|Intimidate|boost\n|-unboost|p2a: Darkrai|atk|1\n|move|p2a: Darkrai|Dark Void|p1a: Landorus\n|-status|p1a: Landorus|slp|[from] move: Dark Void\n|\n|-weather|RainDance|[upkeep]\n|-heal|p1a: Landorus|85\/100 slp|[from] item: Leftovers\n|-damage|p1a: Landorus|73\/100 slp|[from] ability: Bad Dreams|[of] p2a: Darkrai\n|upkeep\n|turn|19\n|\n|t:|1665760510\n|switch|p2a: Giratina|Giratina-Origin|88\/100\n|switch|p1a: Kyogre|Kyogre|100\/100\n|\n|-weather|RainDance|[upkeep]\n|upkeep\n|turn|20\n|\n|t:|1665760524\n|move|p2a: Giratina|Shadow Sneak|p1a: Kyogre\n|-damage|p1a: Kyogre|72\/100\n|move|p1a: Kyogre|Ice Beam|p2a: Giratina\n|-supereffective|p2a: Giratina\n|-damage|p2a: Giratina|35\/100\n|\n|-weather|RainDance|[upkeep]\n|upkeep\n|turn|21\n|\n|t:|1665760536\n|move|p2a: Giratina|Shadow Sneak|p1a: Kyogre\n|-damage|p1a: Kyogre|47\/100\n|move|p1a: Kyogre|Ice Beam|p2a: Giratina\n|-supereffective|p2a: Giratina\n|-damage|p2a: Giratina|0 fnt\n|faint|p2a: Giratina\n|\n|-weather|RainDance|[upkeep]\n|upkeep\n|\n|t:|1665760540\n|switch|p2a: Arceus|Arceus|100\/100\n|-damage|p2a: Arceus|88\/100|[from] Spikes\n|turn|22\n|\n|t:|1665760544\n|switch|p1a: Arceus|Arceus-Ghost|72\/100\n|move|p2a: Arceus|Swords Dance|p2a: Arceus\n|-boost|p2a: Arceus|atk|2\n|\n|-weather|RainDance|[upkeep]\n|upkeep\n|turn|23\n|\n|t:|1665760547\n|move|p1a: Arceus|Will-O-Wisp|p2a: Arceus\n|-status|p2a: Arceus|brn\n|move|p2a: Arceus|Shadow Claw|p1a: Arceus\n|-supereffective|p1a: Arceus\n|-damage|p1a: Arceus|41\/100\n|\n|-weather|RainDance|[upkeep]\n|-damage|p2a: Arceus|76\/100 brn|[from] brn\n|upkeep\n|turn|24\n|\n|t:|1665760553\n|move|p1a: Arceus|Recover|p1a: Arceus\n|-heal|p1a: Arceus|91\/100\n|move|p2a: Arceus|Swords Dance|p2a: Arceus\n|-boost|p2a: Arceus|atk|2\n|\n|-weather|RainDance|[upkeep]\n|-damage|p2a: Arceus|63\/100 brn|[from] brn\n|upkeep\n|turn|25\n|\n|t:|1665760570\n|move|p2a: Arceus|Swords Dance|p2a: Arceus\n|-boost|p2a: Arceus|atk|2\n|move|p1a: Arceus|Roar|p2a: Arceus\n|drag|p2a: Darkrai|Darkrai|56\/100\n|-damage|p2a: Darkrai|44\/100|[from] Spikes\n|\n|-weather|RainDance|[upkeep]\n|upkeep\n|turn|26\n|\n|t:|1665760583\n|switch|p1a: Landorus|Landorus-Therian, M|73\/100 slp\n|-ability|p1a: Landorus|Intimidate|boost\n|-unboost|p2a: Darkrai|atk|1\n|move|p2a: Darkrai|Dark Pulse|p1a: Landorus\n|-crit|p1a: Landorus\n|-damage|p1a: Landorus|0 fnt\n|faint|p1a: Landorus\n|\n|-weather|RainDance|[upkeep]\n|upkeep\n|\n|t:|1665760585\n|switch|p1a: Deoxys|Deoxys-Attack|100\/100\n|-ability|p1a: Deoxys|Pressure\n|turn|27\n|\n|t:|1665760588\n|move|p2a: Darkrai|Dark Pulse|p1a: Deoxys\n|-supereffective|p1a: Deoxys\n|-damage|p1a: Deoxys|0 fnt\n|faint|p1a: Deoxys\n|\n|-weather|RainDance|[upkeep]\n|upkeep\n|\n|t:|1665760595\n|switch|p1a: Kyogre|Kyogre|47\/100\n|turn|28\n|\n|t:|1665760598\n|move|p2a: Darkrai|Dark Pulse|p1a: Kyogre\n|-damage|p1a: Kyogre|13\/100\n|cant|p1a: Kyogre|flinch\n|\n|-weather|RainDance|[upkeep]\n|upkeep\n|turn|29\n|\n|t:|1665760601\n|move|p2a: Darkrai|Dark Pulse|p1a: Kyogre\n|-damage|p1a: Kyogre|0 fnt\n|faint|p1a: Kyogre\n|\n|-weather|RainDance|[upkeep]\n|upkeep\n|\n|t:|1665760603\n|switch|p1a: Arceus|Arceus-Ghost|91\/100\n|turn|30\n|\n|t:|1665760609\n|switch|p2a: Arceus|Arceus|63\/100 brn\n|-damage|p2a: Arceus|51\/100 brn|[from] Spikes\n|move|p1a: Arceus|Will-O-Wisp|p2a: Arceus|[miss]\n|-miss|p1a: Arceus|p2a: Arceus\n|\n|-weather|RainDance|[upkeep]\n|-damage|p2a: Arceus|39\/100 brn|[from] brn\n|upkeep\n|turn|31\n|\n|t:|1665760617\n|move|p2a: Arceus|Recover|p2a: Arceus\n|-heal|p2a: Arceus|89\/100 brn\n|move|p1a: Arceus|Roar|p2a: Arceus\n|drag|p2a: Darkrai|Darkrai|44\/100\n|-damage|p2a: Darkrai|31\/100|[from] Spikes\n|\n|-weather|RainDance|[upkeep]\n|upkeep\n|turn|32\n|\n|t:|1665760626\n|move|p2a: Darkrai|Dark Void|p1a: Arceus|[miss]\n|-miss|p2a: Darkrai|p1a: Arceus\n|move|p1a: Arceus|Judgment|p2a: Darkrai\n|-resisted|p2a: Darkrai\n|-damage|p2a: Darkrai|0 fnt\n|faint|p2a: Darkrai\n|\n|-weather|RainDance|[upkeep]\n|upkeep\n|\n|t:|1665760629\n|switch|p2a: Arceus|Arceus|89\/100 brn\n|-damage|p2a: Arceus|77\/100 brn|[from] Spikes\n|turn|33\n|\n|t:|1665760635\n|move|p1a: Arceus|Judgment|p2a: Arceus\n|-immune|p2a: Arceus\n|move|p2a: Arceus|Swords Dance|p2a: Arceus\n|-boost|p2a: Arceus|atk|2\n|\n|-weather|RainDance|[upkeep]\n|-damage|p2a: Arceus|64\/100 brn|[from] brn\n|upkeep\n|turn|34\n|\n|t:|1665760642\n|move|p2a: Arceus|Swords Dance|p2a: Arceus\n|-boost|p2a: Arceus|atk|2\n|move|p1a: Arceus|Roar||[still]\n|-fail|p1a: Arceus\n|\n|-weather|RainDance|[upkeep]\n|-damage|p2a: Arceus|52\/100 brn|[from] brn\n|upkeep\n|turn|35\n|\n|t:|1665760648\n|move|p2a: Arceus|Swords Dance|p2a: Arceus\n|-boost|p2a: Arceus|atk|2\n|move|p1a: Arceus|Roar||[still]\n|-fail|p1a: Arceus\n|\n|-weather|RainDance|[upkeep]\n|-damage|p2a: Arceus|39\/100 brn|[from] brn\n|upkeep\n|turn|36\n|\n|t:|1665760655\n|move|p1a: Arceus|Will-O-Wisp|p2a: Arceus\n|-fail|p2a: Arceus|brn\n|move|p2a: Arceus|Shadow Claw|p1a: Arceus\n|-supereffective|p1a: Arceus\n|-damage|p1a: Arceus|29\/100\n|\n|-weather|RainDance|[upkeep]\n|-damage|p2a: Arceus|27\/100 brn|[from] brn\n|upkeep\n|turn|37\n|\n|t:|1665760659\n|move|p1a: Arceus|Recover|p1a: Arceus\n|-heal|p1a: Arceus|79\/100\n|move|p2a: Arceus|Shadow Claw|p1a: Arceus\n|-supereffective|p1a: Arceus\n|-damage|p1a: Arceus|13\/100\n|\n|-weather|RainDance|[upkeep]\n|-damage|p2a: Arceus|15\/100 brn|[from] brn\n|upkeep\n|turn|38\n|\n|t:|1665760661\n|move|p1a: Arceus|Recover|p1a: Arceus\n|-heal|p1a: Arceus|63\/100\n|move|p2a: Arceus|Shadow Claw|p1a: Arceus\n|-supereffective|p1a: Arceus\n|-damage|p1a: Arceus|0 fnt\n|faint|p1a: Arceus\n|\n|win|tb1l\n|raw|dd absol's rating: 1338 &rarr; <strong>1315<\/strong><br \/>(-23 for losing)\n|raw|tb1l's rating: 1282 &rarr; <strong>1311<\/strong><br \/>(+29 for winning)\n|l|\u2606dd absol\n||Ladder isn't responding, score probably updated but might not have (Request timeout).\n","uploadtime":1665760664,"views":2,"p1id":"ddabsol","p2id":"tb1l","formatid":"gen5ubers","rating":1311,"private":0,"password":null}