{"id":"gen5ou-1674617597","p1":"BeastyJ157","p2":"Ale In Wonderland","format":"gen5ou","log":"|j|\u2606BeastyJ157\n|j|\u2606Ale In Wonderland\n|t:|1664582226\n|gametype|singles\n|player|p1|BeastyJ157|blue-masters|\n|player|p2|Ale In Wonderland|dawn-gen4pt|\n|teamsize|p1|6\n|teamsize|p2|6\n|gen|5\n|tier|[Gen 5] OU\n|rated|Tournament battle\n|rule|Species Clause: Limit one of each Pok\u00e9mon\n|rule|OHKO Clause: OHKO moves are banned\n|rule|Moody Clause: Moody is banned\n|rule|Evasion Items Clause: Evasion items are banned\n|rule|Evasion Moves Clause: Evasion moves are banned\n|rule|Endless Battle Clause: Forcing endless battles is banned\n|rule|HP Percentage Mod: HP is shown in percentages\n|rule|Evasion Abilities Clause: Evasion abilities are banned\n|rule|Sleep Clause: Sleep-inducing moves are banned\n|rule|Swagger Clause: Swagger is banned\n|clearpoke\n|poke|p1|Tyranitar, M|item\n|poke|p1|Landorus-Therian, M|item\n|poke|p1|Garchomp, M|item\n|poke|p1|Rotom-Wash|item\n|poke|p1|Jirachi|item\n|poke|p1|Keldeo|item\n|poke|p2|Politoed, F|item\n|poke|p2|Tentacruel, M|item\n|poke|p2|Ferrothorn, M|item\n|poke|p2|Thundurus-Therian, M|item\n|poke|p2|Jirachi|item\n|poke|p2|Keldeo-Resolute|item\n|teampreview\n|j| BB-8-NU\n|inactive|Battle timer is ON: inactive players will automatically lose when time's up. (requested by BeastyJ157)\n|\n|t:|1664582235\n|start\n|switch|p1a: Rotom|Rotom-Wash|100\/100\n|switch|p2a: Keldeo|Keldeo-Resolute|100\/100\n|turn|1\n|j| Drop a burn\n|\n|t:|1664582244\n|switch|p2a: Thundurus|Thundurus-Therian, M|100\/100\n|move|p1a: Rotom|Volt Switch|p2a: Thundurus\n|-immune|p2a: Thundurus|[from] ability: Volt Absorb\n|\n|upkeep\n|turn|2\n|\n|t:|1664582248\n|switch|p2a: Ferrothorn|Ferrothorn, M|100\/100\n|move|p1a: Rotom|Hydro Pump|p2a: Ferrothorn\n|-resisted|p2a: Ferrothorn\n|-damage|p2a: Ferrothorn|85\/100\n|\n|-heal|p2a: Ferrothorn|91\/100|[from] item: Leftovers\n|upkeep\n|turn|3\n|\n|t:|1664582251\n|move|p1a: Rotom|Will-O-Wisp|p2a: Ferrothorn\n|-status|p2a: Ferrothorn|brn\n|move|p2a: Ferrothorn|Stealth Rock|p1a: Rotom\n|-sidestart|p1: BeastyJ157|move: Stealth Rock\n|\n|-heal|p2a: Ferrothorn|97\/100 brn|[from] item: Leftovers\n|-damage|p2a: Ferrothorn|85\/100 brn|[from] brn\n|upkeep\n|turn|4\n|\n|t:|1664582257\n|move|p1a: Rotom|Volt Switch|p2a: Ferrothorn\n|-resisted|p2a: Ferrothorn\n|-damage|p2a: Ferrothorn|77\/100 brn\n|\n|t:|1664582261\n|switch|p1a: Landorus|Landorus-Therian, M|100\/100|[from]move: Volt Switch\n|-damage|p1a: Landorus|88\/100|[from] Stealth Rock\n|-ability|p1a: Landorus|Intimidate|boost\n|-unboost|p2a: Ferrothorn|atk|1\n|move|p2a: Ferrothorn|Knock Off|p1a: Landorus\n|-damage|p1a: Landorus|87\/100\n|-enditem|p1a: Landorus|Leftovers|[from] move: Knock Off|[of] p2a: Ferrothorn\n|\n|-heal|p2a: Ferrothorn|83\/100 brn|[from] item: Leftovers\n|-damage|p2a: Ferrothorn|71\/100 brn|[from] brn\n|upkeep\n|turn|5\n|\n|t:|1664582267\n|move|p1a: Landorus|Stealth Rock|p2a: Ferrothorn\n|-sidestart|p2: Ale In Wonderland|move: Stealth Rock\n|move|p2a: Ferrothorn|Spikes|p1a: Landorus\n|-sidestart|p1: BeastyJ157|Spikes\n|\n|-heal|p2a: Ferrothorn|77\/100 brn|[from] item: Leftovers\n|-damage|p2a: Ferrothorn|65\/100 brn|[from] brn\n|upkeep\n|turn|6\n|\n|t:|1664582274\n|move|p1a: Landorus|Earthquake|p2a: Ferrothorn\n|-damage|p2a: Ferrothorn|27\/100 brn\n|move|p2a: Ferrothorn|Spikes|p1a: Landorus\n|-sidestart|p1: BeastyJ157|Spikes\n|\n|-heal|p2a: Ferrothorn|33\/100 brn|[from] item: Leftovers\n|-damage|p2a: Ferrothorn|21\/100 brn|[from] brn\n|upkeep\n|turn|7\n|\n|t:|1664582285\n|switch|p2a: Thundurus|Thundurus-Therian, M|100\/100\n|-damage|p2a: Thundurus|76\/100|[from] Stealth Rock\n|move|p1a: Landorus|Earthquake|p2a: Thundurus\n|-immune|p2a: Thundurus\n|\n|-heal|p2a: Thundurus|82\/100|[from] item: Leftovers\n|upkeep\n|turn|8\n|\n|t:|1664582297\n|move|p2a: Thundurus|Hidden Power|p1a: Landorus\n|-supereffective|p1a: Landorus\n|-damage|p1a: Landorus|0 fnt\n|faint|p1a: Landorus\n|\n|-heal|p2a: Thundurus|88\/100|[from] item: Leftovers\n|upkeep\n|j| Bluey5413\n|\n|t:|1664582301\n|switch|p1a: Tyranitar|Tyranitar, M|100\/100\n|-damage|p1a: Tyranitar|88\/100|[from] Stealth Rock\n|-damage|p1a: Tyranitar|72\/100|[from] Spikes\n|-weather|Sandstorm|[from] ability: Sand Stream|[of] p1a: Tyranitar\n|turn|9\n|\n|t:|1664582305\n|switch|p2a: Ferrothorn|Ferrothorn, M|21\/100 brn\n|-damage|p2a: Ferrothorn|15\/100 brn|[from] Stealth Rock\n|move|p1a: Tyranitar|Crunch|p2a: Ferrothorn\n|-resisted|p2a: Ferrothorn\n|-damage|p2a: Ferrothorn|0 fnt\n|-damage|p1a: Tyranitar|59\/100|[from] ability: Iron Barbs|[of] p2a: Ferrothorn\n|faint|p2a: Ferrothorn\n|\n|-weather|Sandstorm|[upkeep]\n|upkeep\n|j| NevFlame97\n|j| RUMYMOME\n|\n|t:|1664582312\n|switch|p2a: Keldeo|Keldeo-Resolute|100\/100\n|-damage|p2a: Keldeo|94\/100|[from] Stealth Rock\n|turn|10\n|\n|t:|1664582316\n|switch|p1a: Rotom|Rotom-Wash|100\/100\n|-damage|p1a: Rotom|88\/100|[from] Stealth Rock\n|move|p2a: Keldeo|Secret Sword|p1a: Rotom\n|-damage|p1a: Rotom|43\/100\n|\n|-weather|Sandstorm|[upkeep]\n|-damage|p2a: Keldeo|88\/100|[from] Sandstorm\n|-damage|p1a: Rotom|36\/100|[from] Sandstorm\n|-heal|p1a: Rotom|43\/100|[from] item: Leftovers\n|upkeep\n|turn|11\n|j| rhw4thw46h\n|j| ilom\u269d\n|\n|t:|1664582339\n|move|p2a: Keldeo|Secret Sword|p1a: Rotom\n|-damage|p1a: Rotom|0 fnt\n|faint|p1a: Rotom\n|\n|-weather|Sandstorm|[upkeep]\n|-damage|p2a: Keldeo|82\/100|[from] Sandstorm\n|upkeep\n|\n|t:|1664582342\n|switch|p1a: Jirachi|Jirachi|100\/100\n|-damage|p1a: Jirachi|94\/100|[from] Stealth Rock\n|-damage|p1a: Jirachi|78\/100|[from] Spikes\n|turn|12\n|j|%ibbysonlyfan\n|j| andviet\n|\n|t:|1664582351\n|switch|p2a: Jirachi|Jirachi|100\/100\n|-damage|p2a: Jirachi|94\/100|[from] Stealth Rock\n|move|p1a: Jirachi|Psychic|p2a: Jirachi\n|-resisted|p2a: Jirachi\n|-damage|p2a: Jirachi|85\/100\n|\n|-weather|Sandstorm|[upkeep]\n|-heal|p2a: Jirachi|92\/100|[from] item: Leftovers\n|-heal|p1a: Jirachi|84\/100|[from] item: Leftovers\n|upkeep\n|turn|13\n|\n|t:|1664582359\n|switch|p2a: Politoed|Politoed, F|100\/100\n|-damage|p2a: Politoed|88\/100|[from] Stealth Rock\n|-weather|RainDance|[from] ability: Drizzle|[of] p2a: Politoed\n|move|p1a: Jirachi|Calm Mind|p1a: Jirachi\n|-boost|p1a: Jirachi|spa|1\n|-boost|p1a: Jirachi|spd|1\n|\n|-weather|RainDance|[upkeep]\n|-heal|p1a: Jirachi|90\/100|[from] item: Leftovers\n|-heal|p2a: Politoed|94\/100|[from] item: Leftovers\n|upkeep\n|turn|14\n|\n|t:|1664582367\n|move|p1a: Jirachi|Calm Mind|p1a: Jirachi\n|-boost|p1a: Jirachi|spa|1\n|-boost|p1a: Jirachi|spd|1\n|move|p2a: Politoed|Scald|p1a: Jirachi\n|-damage|p1a: Jirachi|73\/100\n|\n|-weather|RainDance|[upkeep]\n|-heal|p1a: Jirachi|79\/100|[from] item: Leftovers\n|-heal|p2a: Politoed|99\/100|[from] item: Leftovers\n|upkeep\n|turn|15\n|\n|t:|1664582370\n|move|p1a: Jirachi|Psychic|p2a: Politoed\n|-damage|p2a: Politoed|22\/100\n|move|p2a: Politoed|Encore|p1a: Jirachi\n|-start|p1a: Jirachi|Encore\n|\n|-weather|RainDance|[upkeep]\n|-heal|p1a: Jirachi|85\/100|[from] item: Leftovers\n|-heal|p2a: Politoed|28\/100|[from] item: Leftovers\n|upkeep\n|turn|16\n|c|\u2606BeastyJ157|thank goodness\n|\n|t:|1664582378\n|move|p1a: Jirachi|Psychic|p2a: Politoed\n|-damage|p2a: Politoed|0 fnt\n|faint|p2a: Politoed\n|\n|-weather|RainDance|[upkeep]\n|-heal|p1a: Jirachi|91\/100|[from] item: Leftovers\n|upkeep\n|\n|t:|1664582380\n|switch|p2a: Jirachi|Jirachi|92\/100\n|-damage|p2a: Jirachi|85\/100|[from] Stealth Rock\n|turn|17\n|\n|t:|1664582383\n|move|p2a: Jirachi|Thunder|p1a: Jirachi\n|-crit|p1a: Jirachi\n|-damage|p1a: Jirachi|39\/100\n|-status|p1a: Jirachi|par\n|cant|p1a: Jirachi|par\n|\n|-weather|RainDance|[upkeep]\n|-heal|p2a: Jirachi|92\/100|[from] item: Leftovers\n|-heal|p1a: Jirachi|45\/100 par|[from] item: Leftovers\n|upkeep\n|turn|18\n|\n|t:|1664582388\n|move|p2a: Jirachi|Substitute|p2a: Jirachi\n|-start|p2a: Jirachi|Substitute\n|-damage|p2a: Jirachi|67\/100\n|cant|p1a: Jirachi|par\n|\n|-weather|RainDance|[upkeep]\n|-heal|p2a: Jirachi|73\/100|[from] item: Leftovers\n|-heal|p1a: Jirachi|51\/100 par|[from] item: Leftovers\n|-end|p1a: Jirachi|Encore\n|upkeep\n|turn|19\n|c|\u2606BeastyJ157|lol\n|l| Bluey5413\n|\n|t:|1664582410\n|move|p2a: Jirachi|Calm Mind|p2a: Jirachi\n|-boost|p2a: Jirachi|spa|1\n|-boost|p2a: Jirachi|spd|1\n|move|p1a: Jirachi|Hidden Power|p2a: Jirachi\n|-supereffective|p2a: Jirachi\n|-activate|p2a: Jirachi|Substitute|[damage]\n|\n|-weather|RainDance|[upkeep]\n|-heal|p2a: Jirachi|79\/100|[from] item: Leftovers\n|-heal|p1a: Jirachi|57\/100 par|[from] item: Leftovers\n|upkeep\n|turn|20\n|\n|t:|1664582417\n|switch|p1a: Tyranitar|Tyranitar, M|59\/100\n|-damage|p1a: Tyranitar|47\/100|[from] Stealth Rock\n|-damage|p1a: Tyranitar|31\/100|[from] Spikes\n|-weather|Sandstorm|[from] ability: Sand Stream|[of] p1a: Tyranitar\n|move|p2a: Jirachi|Calm Mind|p2a: Jirachi\n|-boost|p2a: Jirachi|spa|1\n|-boost|p2a: Jirachi|spd|1\n|\n|-weather|Sandstorm|[upkeep]\n|-heal|p2a: Jirachi|85\/100|[from] item: Leftovers\n|upkeep\n|turn|21\n|j| DracoMaster ZF\n|\n|t:|1664582423\n|move|p1a: Tyranitar|Crunch|p2a: Jirachi\n|-end|p2a: Jirachi|Substitute\n|move|p2a: Jirachi|Water Pulse|p1a: Tyranitar\n|-supereffective|p1a: Tyranitar\n|-damage|p1a: Tyranitar|0 fnt\n|faint|p1a: Tyranitar\n|\n|-weather|Sandstorm|[upkeep]\n|-heal|p2a: Jirachi|92\/100|[from] item: Leftovers\n|upkeep\n|\n|t:|1664582426\n|switch|p1a: Garchomp|Garchomp, M|100\/100\n|-damage|p1a: Garchomp|94\/100|[from] Stealth Rock\n|-damage|p1a: Garchomp|78\/100|[from] Spikes\n|turn|22\n|\n|t:|1664582437\n|switch|p2a: Thundurus|Thundurus-Therian, M|88\/100\n|-damage|p2a: Thundurus|63\/100|[from] Stealth Rock\n|move|p1a: Garchomp|Substitute|p1a: Garchomp\n|-start|p1a: Garchomp|Substitute\n|-damage|p1a: Garchomp|53\/100\n|\n|-weather|Sandstorm|[upkeep]\n|-damage|p2a: Thundurus|57\/100|[from] Sandstorm\n|-heal|p2a: Thundurus|63\/100|[from] item: Leftovers\n|upkeep\n|turn|23\n|\n|t:|1664582444\n|move|p2a: Thundurus|Hidden Power|p1a: Garchomp\n|-supereffective|p1a: Garchomp\n|-end|p1a: Garchomp|Substitute\n|move|p1a: Garchomp|Outrage|p2a: Thundurus\n|-damage|p2a: Thundurus|0 fnt\n|faint|p2a: Thundurus\n|\n|-weather|Sandstorm|[upkeep]\n|upkeep\n|\n|t:|1664582454\n|switch|p2a: Keldeo|Keldeo-Resolute|82\/100\n|-damage|p2a: Keldeo|76\/100|[from] Stealth Rock\n|turn|24\n|\n|t:|1664582460\n|move|p2a: Keldeo|Surf|p1a: Garchomp\n|-damage|p1a: Garchomp|0 fnt\n|faint|p1a: Garchomp\n|\n|-weather|Sandstorm|[upkeep]\n|-damage|p2a: Keldeo|70\/100|[from] Sandstorm\n|upkeep\n|\n|t:|1664582465\n|switch|p1a: Keldeo|Keldeo|100\/100\n|-damage|p1a: Keldeo|94\/100|[from] Stealth Rock\n|-damage|p1a: Keldeo|78\/100|[from] Spikes\n|turn|25\n|\n|t:|1664582485\n|switch|p2a: Tentacruel|Tentacruel, M|100\/100\n|-damage|p2a: Tentacruel|88\/100|[from] Stealth Rock\n|move|p1a: Keldeo|Calm Mind|p1a: Keldeo\n|-boost|p1a: Keldeo|spa|1\n|-boost|p1a: Keldeo|spd|1\n|\n|-weather|Sandstorm|[upkeep]\n|-damage|p1a: Keldeo|72\/100|[from] Sandstorm\n|-damage|p2a: Tentacruel|82\/100|[from] Sandstorm\n|-heal|p1a: Keldeo|78\/100|[from] item: Leftovers\n|-heal|p2a: Tentacruel|88\/100|[from] item: Black Sludge\n|upkeep\n|turn|26\n|\n|t:|1664582489\n|move|p1a: Keldeo|Calm Mind|p1a: Keldeo\n|-boost|p1a: Keldeo|spa|1\n|-boost|p1a: Keldeo|spd|1\n|move|p2a: Tentacruel|Scald|p1a: Keldeo\n|-resisted|p1a: Keldeo\n|-damage|p1a: Keldeo|71\/100\n|\n|-weather|Sandstorm|[upkeep]\n|-damage|p1a: Keldeo|65\/100|[from] Sandstorm\n|-damage|p2a: Tentacruel|82\/100|[from] Sandstorm\n|-heal|p1a: Keldeo|71\/100|[from] item: Leftovers\n|-heal|p2a: Tentacruel|88\/100|[from] item: Black Sludge\n|upkeep\n|turn|27\n|\n|t:|1664582492\n|move|p1a: Keldeo|Calm Mind|p1a: Keldeo\n|-boost|p1a: Keldeo|spa|1\n|-boost|p1a: Keldeo|spd|1\n|move|p2a: Tentacruel|Toxic|p1a: Keldeo\n|-status|p1a: Keldeo|tox\n|\n|-weather|Sandstorm|[upkeep]\n|-damage|p1a: Keldeo|65\/100 tox|[from] Sandstorm\n|-damage|p2a: Tentacruel|82\/100|[from] Sandstorm\n|-heal|p1a: Keldeo|71\/100 tox|[from] item: Leftovers\n|-heal|p2a: Tentacruel|88\/100|[from] item: Black Sludge\n|-damage|p1a: Keldeo|65\/100 tox|[from] psn\n|upkeep\n|turn|28\n|j| Arch en Ciel 22\n|\n|t:|1664582497\n|move|p2a: Tentacruel|Protect|p2a: Tentacruel\n|-singleturn|p2a: Tentacruel|Protect\n|move|p1a: Keldeo|Hydro Pump|p2a: Tentacruel\n|-activate|p2a: Tentacruel|move: Protect\n|\n|-weather|Sandstorm|[upkeep]\n|-damage|p1a: Keldeo|59\/100 tox|[from] Sandstorm\n|-damage|p2a: Tentacruel|82\/100|[from] Sandstorm\n|-heal|p1a: Keldeo|65\/100 tox|[from] item: Leftovers\n|-heal|p2a: Tentacruel|88\/100|[from] item: Black Sludge\n|-damage|p1a: Keldeo|53\/100 tox|[from] psn\n|upkeep\n|turn|29\n|\n|t:|1664582502\n|move|p1a: Keldeo|Hydro Pump|p2a: Tentacruel\n|-resisted|p2a: Tentacruel\n|-damage|p2a: Tentacruel|24\/100\n|move|p2a: Tentacruel|Rapid Spin|p1a: Keldeo\n|-damage|p1a: Keldeo|50\/100 tox\n|-sideend|p2: Ale In Wonderland|Stealth Rock|[from] move: Rapid Spin|[of] p2a: Tentacruel\n|\n|-weather|Sandstorm|[upkeep]\n|-damage|p1a: Keldeo|44\/100 tox|[from] Sandstorm\n|-damage|p2a: Tentacruel|18\/100|[from] Sandstorm\n|-heal|p1a: Keldeo|50\/100 tox|[from] item: Leftovers\n|-heal|p2a: Tentacruel|24\/100|[from] item: Black Sludge\n|-damage|p1a: Keldeo|31\/100 tox|[from] psn\n|upkeep\n|turn|30\n|\n|t:|1664582509\n|move|p2a: Tentacruel|Protect|p2a: Tentacruel\n|-singleturn|p2a: Tentacruel|Protect\n|move|p1a: Keldeo|Calm Mind|p1a: Keldeo\n|-boost|p1a: Keldeo|spa|1\n|-boost|p1a: Keldeo|spd|1\n|\n|-weather|Sandstorm|[upkeep]\n|-damage|p1a: Keldeo|25\/100 tox|[from] Sandstorm\n|-damage|p2a: Tentacruel|18\/100|[from] Sandstorm\n|-heal|p1a: Keldeo|31\/100 tox|[from] item: Leftovers\n|-heal|p2a: Tentacruel|24\/100|[from] item: Black Sludge\n|-damage|p1a: Keldeo|6\/100 tox|[from] psn\n|upkeep\n|turn|31\n|\n|t:|1664582526\n|move|p2a: Tentacruel|Protect|p2a: Tentacruel\n|-singleturn|p2a: Tentacruel|Protect\n|move|p1a: Keldeo|Secret Sword|p2a: Tentacruel\n|-activate|p2a: Tentacruel|move: Protect\n|\n|-weather|Sandstorm|[upkeep]\n|-damage|p1a: Keldeo|0 fnt|[from] Sandstorm\n|-damage|p2a: Tentacruel|18\/100|[from] Sandstorm\n|faint|p1a: Keldeo\n|-heal|p2a: Tentacruel|24\/100|[from] item: Black Sludge\n|upkeep\n|j| Tiniebla $\n|\n|t:|1664582532\n|switch|p1a: Jirachi|Jirachi|57\/100 par\n|-damage|p1a: Jirachi|51\/100 par|[from] Stealth Rock\n|-damage|p1a: Jirachi|34\/100 par|[from] Spikes\n|turn|32\n|\n|t:|1664582535\n|move|p2a: Tentacruel|Scald|p1a: Jirachi\n|-damage|p1a: Jirachi|13\/100 par\n|move|p1a: Jirachi|Calm Mind|p1a: Jirachi\n|-boost|p1a: Jirachi|spa|1\n|-boost|p1a: Jirachi|spd|1\n|\n|-weather|Sandstorm|[upkeep]\n|-damage|p2a: Tentacruel|18\/100|[from] Sandstorm\n|-heal|p2a: Tentacruel|24\/100|[from] item: Black Sludge\n|-heal|p1a: Jirachi|19\/100 par|[from] item: Leftovers\n|upkeep\n|turn|33\n|\n|t:|1664582543\n|move|p2a: Tentacruel|Scald|p1a: Jirachi\n|-crit|p1a: Jirachi\n|-damage|p1a: Jirachi|0 fnt\n|faint|p1a: Jirachi\n|\n|win|Ale In Wonderland\n|n|\u2606BeastyJ157|beastyj157\n|n|\u2606Ale In Wonderland|aleinwonderland\n|n| BB-8-NU|bb8nu\n|n| Drop a burn|dropaburn\n|n| NevFlame97|nevflame97\n|n| RUMYMOME|rumymome\n|n| rhw4thw46h|rhw4thw46h\n|n| ilom\u269d|ilom\n|n| ibbysonlyfan|ibbysonlyfan\n|n| andviet|andviet\n|n| DracoMaster ZF|dracomasterzf\n|n| Arch en Ciel 22|archenciel22\n|n| Tiniebla $|tiniebla\n","uploadtime":1664582544,"views":3,"p1id":"beastyj157","p2id":"aleinwonderland","formatid":"gen5ou","rating":0,"private":0,"password":null}