{"id":"gen6ou-1560435903","p1":"Zeno420","p2":"SetsuStsna","format":"gen6ou","log":"|j|\u2606Zeno420\n|j|\u2606SetsuStsna\n|inactive|Battle timer is ON: inactive players will automatically lose when time's up.\n|t:|1650823708\n|gametype|singles\n|player|p1|Zeno420|teamrocket|\n|player|p2|SetsuStsna|dawn-gen4pt|\n|teamsize|p1|6\n|teamsize|p2|6\n|gen|6\n|tier|[Gen 6] OU\n|rated|Tournament battle\n|rule|Sleep Clause Mod: Limit one foe put to sleep\n|rule|Species Clause: Limit one of each Pok\u00e9mon\n|rule|OHKO Clause: OHKO moves are banned\n|rule|Moody Clause: Moody is banned\n|rule|Evasion Moves Clause: Evasion moves are banned\n|rule|Endless Battle Clause: Forcing endless battles is banned\n|rule|HP Percentage Mod: HP is shown in percentages\n|rule|Swagger Clause: Swagger is banned\n|clearpoke\n|poke|p1|Weavile, F|item\n|poke|p1|Medicham, M|item\n|poke|p1|Excadrill, M|item\n|poke|p1|Dragonite, M|item\n|poke|p1|Magnezone|item\n|poke|p1|Slowbro, M|item\n|poke|p2|Azelf|item\n|poke|p2|Pinsir, M|item\n|poke|p2|Excadrill, F|item\n|poke|p2|Talonflame, F|item\n|poke|p2|Manaphy|item\n|poke|p2|Dragonite, F|item\n|teampreview\n|inactive|Zeno420 also wants the timer to be on.\n|j| Fart Stinky\n|j| zReptar\n|c|\u2606SetsuStsna|sorry man\n|c|\u2606SetsuStsna|hf\n|j| Fat Discord Mod\n|c|\u2606Zeno420|u2\n|j| saxtonhale69\n|j| patboiii\n|inactive|Zeno420 has 120 seconds left.\n|\n|t:|1650823745\n|start\n|switch|p1a: Weavile|Weavile, F|100\/100\n|switch|p2a: Shirley|Talonflame, F|100\/100\n|-ability|p1a: Weavile|Pressure\n|turn|1\n|\n|t:|1650823757\n|switch|p1a: Slowbro|Slowbro, M|100\/100\n|move|p2a: Shirley|U-turn|p1a: Slowbro\n|-supereffective|p1a: Slowbro\n|-crit|p1a: Slowbro\n|-damage|p1a: Slowbro|43\/100\n|-enditem|p1a: Slowbro|Eject Button\n|c|\u2606SetsuStsna|o_O\n|\n|t:|1650823766\n|switch|p1a: Excadrill|Excadrill, M, shiny|100\/100\n|-ability|p1a: Excadrill|Mold Breaker\n|\n|upkeep\n|turn|2\n|\n|t:|1650823773\n|switch|p2a: C.C.|Excadrill, F|100\/100\n|-ability|p2a: C.C.|Mold Breaker\n|move|p1a: Excadrill|Stealth Rock|p2a: C.C.\n|-sidestart|p2: SetsuStsna|move: Stealth Rock\n|\n|upkeep\n|turn|3\n|\n|t:|1650823783\n|move|p2a: C.C.|Earthquake|p1a: Excadrill\n|-supereffective|p1a: Excadrill\n|-damage|p1a: Excadrill|0 fnt\n|faint|p1a: Excadrill\n|\n|upkeep\n|\n|t:|1650823788\n|switch|p1a: Medicham|Medicham, M, shiny|100\/100\n|turn|4\n|l| Fat Discord Mod\n|\n|t:|1650823794\n|switch|p2a: Zero|Azelf|100\/100\n|-damage|p2a: Zero|88\/100|[from] Stealth Rock\n|detailschange|p1a: Medicham|Medicham-Mega, M, shiny\n|-mega|p1a: Medicham|Medicham|Medichamite\n|move|p1a: Medicham|High Jump Kick|p2a: Zero\n|-resisted|p2a: Zero\n|-damage|p2a: Zero|20\/100\n|\n|upkeep\n|turn|5\n|\n|t:|1650823802\n|move|p1a: Medicham|Bullet Punch|p2a: Zero\n|-damage|p2a: Zero|0 fnt\n|faint|p2a: Zero\n|\n|upkeep\n|\n|t:|1650823810\n|switch|p2a: Shirley|Talonflame, F|100\/100\n|-damage|p2a: Shirley|51\/100|[from] Stealth Rock\n|turn|6\n|\n|t:|1650823819\n|switch|p1a: Magnezone|Magnezone, shiny|100\/100\n|move|p2a: Shirley|U-turn|p1a: Magnezone\n|-resisted|p1a: Magnezone\n|-damage|p1a: Magnezone|86\/100\n|\n|t:|1650823826\n|switch|p2a: C.C.|Excadrill, F|100\/100|[from]move: U-turn\n|-damage|p2a: C.C.|97\/100|[from] Stealth Rock\n|-ability|p2a: C.C.|Mold Breaker\n|\n|upkeep\n|turn|7\n|\n|t:|1650823831\n|switch|p1a: Dragonite|Dragonite, M|100\/100\n|move|p2a: C.C.|Rapid Spin|p1a: Dragonite\n|-damage|p1a: Dragonite|93\/100\n|-sideend|p2: SetsuStsna|Stealth Rock|[from] move: Rapid Spin|[of] p2a: C.C.\n|\n|upkeep\n|turn|8\n|\n|t:|1650823839\n|switch|p2a: Nunnally|Manaphy|100\/100\n|move|p1a: Dragonite|Dragon Dance|p1a: Dragonite\n|-boost|p1a: Dragonite|atk|1\n|-boost|p1a: Dragonite|spe|1\n|\n|upkeep\n|turn|9\n|\n|t:|1650823846\n|move|p1a: Dragonite|Roost|p1a: Dragonite\n|-heal|p1a: Dragonite|100\/100\n|-singleturn|p1a: Dragonite|move: Roost\n|move|p2a: Nunnally|Ice Beam|p1a: Dragonite\n|-supereffective|p1a: Dragonite\n|-damage|p1a: Dragonite|75\/100\n|\n|upkeep\n|turn|10\n|\n|t:|1650823851\n|switch|p1a: Weavile|Weavile, F|100\/100\n|-ability|p1a: Weavile|Pressure\n|move|p2a: Nunnally|Tail Glow|p2a: Nunnally\n|-boost|p2a: Nunnally|spa|3\n|\n|upkeep\n|turn|11\n|\n|t:|1650823857\n|move|p1a: Weavile|Knock Off|p2a: Nunnally\n|-crit|p2a: Nunnally\n|-damage|p2a: Nunnally|0 fnt\n|-enditem|p2a: Nunnally|Leftovers|[from] move: Knock Off|[of] p1a: Weavile\n|faint|p2a: Nunnally\n|\n|upkeep\n|c| saxtonhale69|:0\n|c|\u2606SetsuStsna|Nunnally you dumb\n|c| patboiii|so many crits in this tour\n|inactive|SetsuStsna has 120 seconds left.\n|c|\u2606SetsuStsna|let me know get ultra mad one sec\n|c|\u2606SetsuStsna|not\n|inactive|SetsuStsna has 90 seconds left.\n|inactive|SetsuStsna has 60 seconds left.\n|\n|t:|1650823975\n|switch|p2a: Shirley|Talonflame, F|51\/100\n|turn|12\n|\n|t:|1650823987\n|switch|p1a: Slowbro|Slowbro, M|76\/100\n|move|p2a: Shirley|U-turn|p1a: Slowbro\n|-supereffective|p1a: Slowbro\n|-damage|p1a: Slowbro|41\/100\n|inactive|SetsuStsna has 30 seconds left.\n|\n|t:|1650824001\n|switch|p2a: Lelouch|Pinsir, M|100\/100|[from]move: U-turn\n|\n|upkeep\n|turn|13\n|\n|t:|1650824010\n|move|p2a: Lelouch|Swords Dance|p2a: Lelouch\n|-boost|p2a: Lelouch|atk|2\n|move|p1a: Slowbro|Scald|p2a: Lelouch\n|-damage|p2a: Lelouch|56\/100\n|\n|upkeep\n|turn|14\n|inactive|SetsuStsna has 30 seconds left.\n|inactive|SetsuStsna has 20 seconds left.\n|inactive|SetsuStsna has 15 seconds left.\n|\n|t:|1650824050\n|move|p2a: Lelouch|Frustration|p1a: Slowbro\n|-damage|p1a: Slowbro|0 fnt\n|faint|p1a: Slowbro\n|\n|upkeep\n|inactive|SetsuStsna has 20 seconds left this turn.\n|\n|t:|1650824068\n|switch|p1a: Magnezone|Magnezone, shiny|86\/100\n|turn|15\n|inactive|SetsuStsna has 30 seconds left this turn.\n|inactive|SetsuStsna has 20 seconds left.\n|\n|t:|1650824088\n|switch|p2a: Shirley|Talonflame, F|51\/100\n|move|p1a: Magnezone|Thunderbolt|p2a: Shirley\n|-supereffective|p2a: Shirley\n|-damage|p2a: Shirley|0 fnt\n|faint|p2a: Shirley\n|\n|upkeep\n|inactive|SetsuStsna has 25 seconds left this turn.\n|\n|t:|1650824093\n|switch|p2a: C.C.|Excadrill, F|97\/100\n|-ability|p2a: C.C.|Mold Breaker\n|turn|16\n|inactive|Zeno420 has 120 seconds left.\n|n| Dawn of the 16th|zreptar\n|\n|t:|1650824133\n|switch|p1a: Dragonite|Dragonite, M|75\/100\n|move|p2a: C.C.|Iron Head|p1a: Dragonite\n|-damage|p1a: Dragonite|30\/100\n|\n|upkeep\n|turn|17\n|\n|t:|1650824136\n|switch|p2a: Lelouch|Pinsir, M|56\/100\n|move|p1a: Dragonite|Roost|p1a: Dragonite\n|-heal|p1a: Dragonite|80\/100\n|-singleturn|p1a: Dragonite|move: Roost\n|\n|upkeep\n|turn|18\n|\n|t:|1650824149\n|detailschange|p2a: Lelouch|Pinsir-Mega, M\n|-mega|p2a: Lelouch|Pinsir|Pinsirite\n|move|p2a: Lelouch|Frustration|p1a: Dragonite\n|-damage|p1a: Dragonite|0 fnt\n|faint|p1a: Dragonite\n|\n|upkeep\n|inactive|Zeno420 has 120 seconds left.\n|\n|t:|1650824161\n|switch|p1a: Weavile|Weavile, F|100\/100\n|-ability|p1a: Weavile|Pressure\n|turn|19\n|inactive|SetsuStsna has 60 seconds left.\n|\n|t:|1650824175\n|move|p1a: Weavile|Ice Shard|p2a: Lelouch\n|-supereffective|p2a: Lelouch\n|-damage|p2a: Lelouch|0 fnt\n|faint|p2a: Lelouch\n|\n|upkeep\n|inactive|SetsuStsna has 60 seconds left.\n|\n|t:|1650824190\n|switch|p2a: C.C.|Excadrill, F|97\/100\n|-ability|p2a: C.C.|Mold Breaker\n|turn|20\n|\n|t:|1650824200\n|switch|p1a: Magnezone|Magnezone, shiny|86\/100\n|move|p2a: C.C.|Earthquake|p1a: Magnezone\n|-supereffective|p1a: Magnezone\n|-damage|p1a: Magnezone|0 fnt\n|faint|p1a: Magnezone\n|\n|upkeep\n|\n|t:|1650824204\n|switch|p1a: Medicham|Medicham-Mega, M, shiny|100\/100\n|turn|21\n|\n|t:|1650824216\n|switch|p2a: Kallen|Dragonite, F|100\/100\n|move|p1a: Medicham|High Jump Kick|p2a: Kallen\n|-resisted|p2a: Kallen\n|-damage|p2a: Kallen|64\/100\n|\n|upkeep\n|turn|22\n|\n|t:|1650824227\n|move|p2a: Kallen|Extreme Speed|p1a: Medicham\n|-damage|p1a: Medicham|54\/100\n|move|p1a: Medicham|Zen Headbutt|p2a: Kallen\n|-damage|p2a: Kallen|0 fnt\n|faint|p2a: Kallen\n|\n|upkeep\n|\n|t:|1650824242\n|switch|p2a: C.C.|Excadrill, F|97\/100\n|-ability|p2a: C.C.|Mold Breaker\n|turn|23\n|\n|t:|1650824249\n|move|p1a: Medicham|Bullet Punch|p2a: C.C.\n|-resisted|p2a: C.C.\n|-damage|p2a: C.C.|80\/100\n|move|p2a: C.C.|Iron Head|p1a: Medicham\n|-damage|p1a: Medicham|0 fnt\n|faint|p1a: Medicham\n|\n|upkeep\n|\n|t:|1650824260\n|switch|p1a: Weavile|Weavile, F|100\/100\n|-ability|p1a: Weavile|Pressure\n|turn|24\n|\n|t:|1650824263\n|move|p1a: Weavile|Ice Shard|p2a: C.C.\n|-damage|p2a: C.C.|40\/100\n|move|p2a: C.C.|Iron Head|p1a: Weavile\n|-supereffective|p1a: Weavile\n|-crit|p1a: Weavile\n|-damage|p1a: Weavile|0 fnt\n|faint|p1a: Weavile\n|\n|win|SetsuStsna\n|n|\u2606Zeno420|zeno420\n|n|\u2606SetsuStsna|setsustsna\n|n| Fart Stinky|fartstinky\n|n| saxtonhale69|saxtonhale69\n|n| patboiii|patboiii\n|n| Dawn of the 16th|dawnofthe16th\n|l|\u2606Zeno420\n|c|\u2606SetsuStsna|mg im the goat\n","uploadtime":1650824263,"views":34,"p1id":"zeno420","p2id":"setsustsna","formatid":"gen6ou","rating":0,"private":0,"password":null}