{"id":"gen6ou-1648859163","p1":"SkipTheDripBayless","p2":"YanDog","format":"gen6ou","log":"|j|\u203dSkipTheDripBayless\n|j|\u2606YanDog\n|t:|1661532308\n|gametype|singles\n|player|p1|SkipTheDripBayless|worker-gen4|1673\n|player|p2|YanDog|red|1620\n|teamsize|p1|6\n|teamsize|p2|6\n|gen|6\n|tier|[Gen 6] OU\n|rated|\n|rule|Sleep Clause Mod: Limit one foe put to sleep\n|rule|Species Clause: Limit one of each Pok\u00e9mon\n|rule|OHKO Clause: OHKO moves are banned\n|rule|Moody Clause: Moody is banned\n|rule|Evasion Items Clause: Evasion items are banned\n|rule|Evasion Moves Clause: Evasion moves are banned\n|rule|Endless Battle Clause: Forcing endless battles is banned\n|rule|HP Percentage Mod: HP is shown in percentages\n|rule|Swagger Clause: Swagger is banned\n|clearpoke\n|poke|p1|Clefable, F|item\n|poke|p1|Magnezone|item\n|poke|p1|Gliscor, F|item\n|poke|p1|Slowbro, M|item\n|poke|p1|Chansey, F|item\n|poke|p1|Zapdos|item\n|poke|p2|Charizard, M|item\n|poke|p2|Tyranitar, M|item\n|poke|p2|Latios, M|item\n|poke|p2|Azumarill, F|item\n|poke|p2|Excadrill, M|item\n|poke|p2|Keldeo|item\n|teampreview\n|inactive|Battle timer is ON: inactive players will automatically lose when time's up. (requested by SkipTheDripBayless)\n|inactive|SkipTheDripBayless has 120 seconds left.\n|inactive|YanDog has 120 seconds left.\n|\n|t:|1661532343\n|start\n|switch|p1a: Slowbro|Slowbro, M|100\/100\n|switch|p2a: Tyranitar|Tyranitar, M|100\/100\n|-weather|Sandstorm|[from] ability: Sand Stream|[of] p2a: Tyranitar\n|turn|1\n|\n|t:|1661532348\n|switch|p1a: Chansey|Chansey, F|100\/100\n|move|p2a: Tyranitar|Stealth Rock|p1a: Chansey\n|-sidestart|p1: SkipTheDripBayless|move: Stealth Rock\n|\n|-weather|Sandstorm|[upkeep]\n|-damage|p1a: Chansey|94\/100|[from] Sandstorm\n|upkeep\n|turn|2\n|\n|t:|1661532358\n|switch|p2a: Azumarill|Azumarill, F|100\/100\n|move|p1a: Chansey|Stealth Rock|p2a: Azumarill\n|-sidestart|p2: YanDog|move: Stealth Rock\n|\n|-weather|Sandstorm|[upkeep]\n|-damage|p2a: Azumarill|94\/100|[from] Sandstorm\n|-damage|p1a: Chansey|88\/100|[from] Sandstorm\n|upkeep\n|turn|3\n|\n|t:|1661532366\n|switch|p1a: Slowbro|Slowbro, M|100\/100\n|-damage|p1a: Slowbro|88\/100|[from] Stealth Rock\n|move|p2a: Azumarill|Belly Drum|p2a: Azumarill\n|-damage|p2a: Azumarill|44\/100\n|-setboost|p2a: Azumarill|atk|6|[from] move: Belly Drum\n|-enditem|p2a: Azumarill|Sitrus Berry|[eat]\n|-heal|p2a: Azumarill|69\/100|[from] item: Sitrus Berry\n|\n|-weather|Sandstorm|[upkeep]\n|-damage|p2a: Azumarill|63\/100|[from] Sandstorm\n|-damage|p1a: Slowbro|82\/100|[from] Sandstorm\n|upkeep\n|turn|4\n|inactive|YanDog has 120 seconds left.\n|\n|t:|1661532401\n|switch|p1a: Magnezone|Magnezone|100\/100\n|-damage|p1a: Magnezone|94\/100|[from] Stealth Rock\n|move|p2a: Azumarill|Play Rough|p1a: Magnezone\n|-resisted|p1a: Magnezone\n|-damage|p1a: Magnezone|0 fnt\n|faint|p1a: Magnezone\n|\n|-weather|Sandstorm|[upkeep]\n|-damage|p2a: Azumarill|57\/100|[from] Sandstorm\n|upkeep\n|\n|t:|1661532409\n|switch|p1a: Clefable|Clefable, F|100\/100\n|-damage|p1a: Clefable|88\/100|[from] Stealth Rock\n|turn|5\n|inactive|YanDog has 120 seconds left.\n|\n|t:|1661532438\n|move|p1a: Clefable|Protect|p1a: Clefable\n|-singleturn|p1a: Clefable|Protect\n|move|p2a: Azumarill|Play Rough|p1a: Clefable\n|-activate|p1a: Clefable|move: Protect\n|\n|-weather|Sandstorm|[upkeep]\n|-damage|p2a: Azumarill|51\/100|[from] Sandstorm\n|-damage|p1a: Clefable|82\/100|[from] Sandstorm\n|-heal|p1a: Clefable|88\/100|[from] item: Leftovers\n|upkeep\n|turn|6\n|\n|t:|1661532451\n|move|p2a: Azumarill|Play Rough|p1a: Clefable\n|-damage|p1a: Clefable|42\/100\n|move|p1a: Clefable|Wish|p1a: Clefable\n|\n|-weather|Sandstorm|[upkeep]\n|-damage|p2a: Azumarill|45\/100|[from] Sandstorm\n|-damage|p1a: Clefable|36\/100|[from] Sandstorm\n|-heal|p1a: Clefable|42\/100|[from] item: Leftovers\n|upkeep\n|turn|7\n|inactive|YanDog has 120 seconds left.\n|\n|t:|1661532460\n|move|p1a: Clefable|Protect|p1a: Clefable\n|-singleturn|p1a: Clefable|Protect\n|move|p2a: Azumarill|Knock Off|p1a: Clefable\n|-activate|p1a: Clefable|move: Protect\n|\n|-weather|Sandstorm|[upkeep]\n|-damage|p2a: Azumarill|39\/100|[from] Sandstorm\n|-damage|p1a: Clefable|36\/100|[from] Sandstorm\n|-heal|p1a: Clefable|86\/100|[from] move: Wish|[wisher] Clefable\n|-heal|p1a: Clefable|92\/100|[from] item: Leftovers\n|upkeep\n|turn|8\n|\n|t:|1661532468\n|move|p2a: Azumarill|Knock Off|p1a: Clefable\n|-resisted|p1a: Clefable\n|-damage|p1a: Clefable|75\/100\n|-enditem|p1a: Clefable|Leftovers|[from] move: Knock Off|[of] p2a: Azumarill\n|move|p1a: Clefable|Wish|p1a: Clefable\n|\n|-weather|none\n|upkeep\n|turn|9\n|\n|t:|1661532481\n|move|p2a: Azumarill|Play Rough|p1a: Clefable\n|-damage|p1a: Clefable|25\/100\n|move|p1a: Clefable|Moonblast|p2a: Azumarill\n|-damage|p2a: Azumarill|7\/100\n|\n|-heal|p1a: Clefable|75\/100|[from] move: Wish|[wisher] Clefable\n|upkeep\n|turn|10\n|inactive|YanDog has 120 seconds left.\n|\n|t:|1661532503\n|move|p2a: Azumarill|Play Rough|p1a: Clefable\n|-damage|p1a: Clefable|26\/100\n|move|p1a: Clefable|Moonblast|p2a: Azumarill\n|-damage|p2a: Azumarill|0 fnt\n|faint|p2a: Azumarill\n|\n|upkeep\n|\n|t:|1661532526\n|switch|p2a: Latios|Latios, M|100\/100\n|-damage|p2a: Latios|88\/100|[from] Stealth Rock\n|turn|11\n|j| xqiht\n|\n|t:|1661532547\n|move|p2a: Latios|Psyshock|p1a: Clefable\n|-damage|p1a: Clefable|0 fnt\n|faint|p1a: Clefable\n|-damage|p2a: Latios|78\/100|[from] item: Life Orb\n|\n|upkeep\n|\n|t:|1661532549\n|switch|p1a: Chansey|Chansey, F|88\/100\n|-damage|p1a: Chansey|76\/100|[from] Stealth Rock\n|turn|12\n|inactive|YanDog has 120 seconds left.\n|\n|t:|1661532572\n|move|p2a: Latios|Psyshock|p1a: Chansey\n|-crit|p1a: Chansey\n|-damage|p1a: Chansey|18\/100\n|-damage|p2a: Latios|68\/100|[from] item: Life Orb\n|move|p1a: Chansey|Soft-Boiled|p1a: Chansey\n|-heal|p1a: Chansey|68\/100\n|\n|upkeep\n|turn|13\n|\n|t:|1661532585\n|switch|p2a: Keldeo|Keldeo|100\/100\n|-damage|p2a: Keldeo|94\/100|[from] Stealth Rock\n|move|p1a: Chansey|Soft-Boiled|p1a: Chansey\n|-heal|p1a: Chansey|100\/100\n|\n|-heal|p2a: Keldeo|100\/100|[from] item: Leftovers\n|upkeep\n|turn|14\n|\n|t:|1661532588\n|switch|p1a: Slowbro|Slowbro, M|100\/100\n|-damage|p1a: Slowbro|88\/100|[from] Stealth Rock\n|move|p2a: Keldeo|Substitute|p2a: Keldeo\n|-start|p2a: Keldeo|Substitute\n|-damage|p2a: Keldeo|76\/100\n|\n|-heal|p2a: Keldeo|82\/100|[from] item: Leftovers\n|upkeep\n|turn|15\n|inactive|YanDog has 120 seconds left.\n|\n|t:|1661532596\n|move|p2a: Keldeo|Scald|p1a: Slowbro\n|-resisted|p1a: Slowbro\n|-damage|p1a: Slowbro|72\/100\n|move|p1a: Slowbro|Psyshock|p2a: Keldeo\n|-supereffective|p2a: Keldeo\n|-end|p2a: Keldeo|Substitute\n|\n|-heal|p2a: Keldeo|88\/100|[from] item: Leftovers\n|upkeep\n|turn|16\n|\n|t:|1661532603\n|switch|p2a: Tyranitar|Tyranitar, M|100\/100\n|-damage|p2a: Tyranitar|88\/100|[from] Stealth Rock\n|-weather|Sandstorm|[from] ability: Sand Stream|[of] p2a: Tyranitar\n|move|p1a: Slowbro|Calm Mind|p1a: Slowbro\n|-boost|p1a: Slowbro|spa|1\n|-boost|p1a: Slowbro|spd|1\n|\n|-weather|Sandstorm|[upkeep]\n|-damage|p1a: Slowbro|66\/100|[from] Sandstorm\n|upkeep\n|turn|17\n|\n|t:|1661532610\n|move|p2a: Tyranitar|Stone Edge|p1a: Slowbro\n|-crit|p1a: Slowbro\n|-damage|p1a: Slowbro|21\/100\n|move|p1a: Slowbro|Slack Off|p1a: Slowbro\n|-heal|p1a: Slowbro|71\/100\n|\n|-weather|Sandstorm|[upkeep]\n|-damage|p1a: Slowbro|65\/100|[from] Sandstorm\n|upkeep\n|turn|18\n|\n|t:|1661532621\n|move|p2a: Tyranitar|Stone Edge|p1a: Slowbro|[miss]\n|-miss|p2a: Tyranitar|p1a: Slowbro\n|move|p1a: Slowbro|Calm Mind|p1a: Slowbro\n|-boost|p1a: Slowbro|spa|1\n|-boost|p1a: Slowbro|spd|1\n|\n|-weather|Sandstorm|[upkeep]\n|-damage|p1a: Slowbro|59\/100|[from] Sandstorm\n|upkeep\n|turn|19\n|\n|t:|1661532626\n|move|p2a: Tyranitar|Stone Edge|p1a: Slowbro\n|-damage|p1a: Slowbro|27\/100\n|move|p1a: Slowbro|Slack Off|p1a: Slowbro\n|-heal|p1a: Slowbro|77\/100\n|\n|-weather|Sandstorm|[upkeep]\n|-damage|p1a: Slowbro|71\/100|[from] Sandstorm\n|upkeep\n|turn|20\n|\n|t:|1661532633\n|move|p2a: Tyranitar|Pursuit|p1a: Slowbro\n|-supereffective|p1a: Slowbro\n|-damage|p1a: Slowbro|48\/100\n|move|p1a: Slowbro|Calm Mind|p1a: Slowbro\n|-boost|p1a: Slowbro|spa|1\n|-boost|p1a: Slowbro|spd|1\n|\n|-weather|Sandstorm|[upkeep]\n|-damage|p1a: Slowbro|42\/100|[from] Sandstorm\n|upkeep\n|turn|21\n|\n|t:|1661532647\n|detailschange|p1a: Slowbro|Slowbro-Mega, M\n|-mega|p1a: Slowbro|Slowbro|Slowbronite\n|move|p2a: Tyranitar|Stone Edge|p1a: Slowbro\n|-damage|p1a: Slowbro|21\/100\n|move|p1a: Slowbro|Slack Off|p1a: Slowbro\n|-heal|p1a: Slowbro|71\/100\n|\n|-weather|Sandstorm|[upkeep]\n|-damage|p1a: Slowbro|65\/100|[from] Sandstorm\n|upkeep\n|turn|22\n|\n|t:|1661532653\n|move|p2a: Tyranitar|Stone Edge|p1a: Slowbro|[miss]\n|-miss|p2a: Tyranitar|p1a: Slowbro\n|move|p1a: Slowbro|Slack Off|p1a: Slowbro\n|-heal|p1a: Slowbro|100\/100\n|\n|-weather|Sandstorm|[upkeep]\n|-damage|p1a: Slowbro|94\/100|[from] Sandstorm\n|upkeep\n|turn|23\n|\n|t:|1661532656\n|move|p2a: Tyranitar|Stone Edge|p1a: Slowbro\n|-damage|p1a: Slowbro|76\/100\n|move|p1a: Slowbro|Calm Mind|p1a: Slowbro\n|-boost|p1a: Slowbro|spa|1\n|-boost|p1a: Slowbro|spd|1\n|\n|-weather|none\n|upkeep\n|turn|24\n|\n|t:|1661532661\n|move|p2a: Tyranitar|Stone Edge|p1a: Slowbro|[miss]\n|-miss|p2a: Tyranitar|p1a: Slowbro\n|move|p1a: Slowbro|Slack Off|p1a: Slowbro\n|-heal|p1a: Slowbro|100\/100\n|\n|upkeep\n|turn|25\n|\n|t:|1661532663\n|move|p2a: Tyranitar|Stone Edge|p1a: Slowbro\n|-damage|p1a: Slowbro|80\/100\n|move|p1a: Slowbro|Scald|p2a: Tyranitar\n|-supereffective|p2a: Tyranitar\n|-damage|p2a: Tyranitar|0 fnt\n|faint|p2a: Tyranitar\n|\n|upkeep\n|\n|t:|1661532671\n|switch|p2a: Excadrill|Excadrill, M|100\/100\n|-damage|p2a: Excadrill|97\/100|[from] Stealth Rock\n|-item|p2a: Excadrill|Air Balloon\n|turn|26\n|\n|t:|1661532673\n|move|p2a: Excadrill|Earthquake|p1a: Slowbro\n|-damage|p1a: Slowbro|55\/100\n|move|p1a: Slowbro|Scald|p2a: Excadrill\n|-supereffective|p2a: Excadrill\n|-crit|p2a: Excadrill\n|-damage|p2a: Excadrill|0 fnt\n|-enditem|p2a: Excadrill|Air Balloon\n|faint|p2a: Excadrill\n|\n|upkeep\n|c|\u2606YanDog|ur a fucking loser\n|n|\u203dYanDog|yandog\n|c|&|\/log YanDog was locked from talking by Artemis (\u2606YanDog: ur a fucking loser)\n|c|&|\/raw <small>This action was done automatically. Want to learn more about the AI? <a href=\"https:\/\/www.smogon.com\/forums\/threads\/3570628\/#post-9056769\">Visit the information thread<\/a>.<\/small>\n|\n|t:|1661532688\n|switch|p2a: Latios|Latios, M|68\/100\n|-damage|p2a: Latios|56\/100|[from] Stealth Rock\n|turn|27\n|\n|t:|1661532702\n|move|p2a: Latios|Draco Meteor|p1a: Slowbro\n|-damage|p1a: Slowbro|27\/100\n|-unboost|p2a: Latios|spa|2\n|-damage|p2a: Latios|46\/100|[from] item: Life Orb\n|move|p1a: Slowbro|Slack Off|p1a: Slowbro\n|-heal|p1a: Slowbro|77\/100\n|\n|upkeep\n|turn|28\n|\n|t:|1661532707\n|move|p2a: Latios|Draco Meteor|p1a: Slowbro\n|-damage|p1a: Slowbro|64\/100\n|-unboost|p2a: Latios|spa|2\n|-damage|p2a: Latios|36\/100|[from] item: Life Orb\n|move|p1a: Slowbro|Calm Mind|p1a: Slowbro\n|-boost|p1a: Slowbro|spa|1\n|-boost|p1a: Slowbro|spd|1\n|\n|upkeep\n|turn|29\n|-message|YanDog forfeited.\n|\n|win|SkipTheDripBayless\n|raw|SkipTheDripBayless's rating: 1673 &rarr; <strong>1690<\/strong><br \/>(+17 for winning)\n|raw|YanDog's rating: 1620 &rarr; <strong>1603<\/strong><br \/>(-17 for losing)\n|l|\u203dYanDog\n","uploadtime":1661532681,"views":30,"p1id":"skipthedripbayless","p2id":"yandog","formatid":"gen6ou","rating":1603,"private":0,"password":null}