{"id":"gen6ou-608242820","p1":"Scarbok","p2":"Bestixl","format":"gen6ou","log":"|j|Scarbok\n|j|Bestixl\n|player|p1|Scarbok|237\n|teamsize|p1|6\n|player|p2|Bestixl|96\n|teamsize|p2|6\n|gametype|singles\n|gen|6\n|tier|[Gen 6] OU\n|rated\n|seed|44819,36696,10314,63501\n|rule|Sleep Clause Mod: Limit one foe put to sleep\n|rule|Species Clause: Limit one of each Pok\u00e9mon\n|rule|OHKO Clause: OHKO moves are banned\n|rule|Moody Clause: Moody is banned\n|rule|Evasion Moves Clause: Evasion moves are banned\n|rule|Endless Battle Clause: Forcing endless battles is banned\n|rule|HP Percentage Mod: HP is shown in percentages\n|clearpoke\n|poke|p1|Swampert, M|item\n|poke|p1|Politoed, M|item\n|poke|p1|Tornadus-Therian, M|item\n|poke|p1|Ludicolo, F|item\n|poke|p1|Magnezone|item\n|poke|p1|Tentacruel, M|item\n|poke|p2|Altaria, F|item\n|poke|p2|Garchomp, F|item\n|poke|p2|Skarmory, M|item\n|poke|p2|Weavile, M|item\n|poke|p2|Starmie|item\n|poke|p2|Raikou|item\n|rule|Swagger Clause: Swagger is banned\n|rule|Baton Pass Clause: Limit one Baton Passer, can't pass Spe and other stats simultaneously\n|teampreview\n|choice|team 5, team 2, team 3, team 4, team 1, team 6|team 6, team 2, team 3, team 4, team 5, team 1\n|\n|start\n|switch|p1a: Buzz|Magnezone|281\/281\n|switch|p2a: Raikou|Raikou|321\/321\n|-ability|p2a: Raikou|Pressure\n|turn|1\n|inactive|Battle timer is ON: inactive players will automatically lose when time's up. (requested by Scarbok)\n|choice|move flashcannon|move voltswitch\n|\n|move|p2a: Raikou|Volt Switch|p1a: Buzz\n|-resisted|p1a: Buzz\n|-damage|p1a: Buzz|215\/281\n|choice||switch 2\n|\n|switch|p2a: Garchomp|Garchomp, F|419\/419\n|move|p1a: Buzz|Flash Cannon|p2a: Garchomp\n|-damage|p2a: Garchomp|244\/419\n|\n|-heal|p1a: Buzz|232\/281|[from] item: Leftovers\n|upkeep\n|turn|2\n|choice|switch 2|move stealthrock\n|\n|switch|p1a: Plouf|Politoed, M|383\/383\n|-weather|RainDance|[from] ability: Drizzle|[of] p1a: Plouf\n|move|p2a: Garchomp|Stealth Rock|p1a: Plouf\n|-sidestart|p1: Scarbok|move: Stealth Rock\n|\n|-weather|RainDance|[upkeep]\n|upkeep\n|turn|3\n|choice|move icebeam|switch 5\n|\n|switch|p2a: Starmie|Starmie|323\/323\n|move|p1a: Plouf|Ice Beam|p2a: Starmie\n|-resisted|p2a: Starmie\n|-damage|p2a: Starmie|289\/323\n|\n|-weather|RainDance|[upkeep]\n|-heal|p2a: Starmie|309\/323|[from] item: Leftovers\n|upkeep\n|turn|4\n|choice|move scald|move thunderwave\n|\n|move|p2a: Starmie|Thunder Wave|p1a: Plouf\n|-status|p1a: Plouf|par\n|move|p1a: Plouf|Scald|p2a: Starmie\n|-resisted|p2a: Starmie\n|-damage|p2a: Starmie|241\/323\n|-status|p2a: Starmie|brn\n|\n|-weather|RainDance|[upkeep]\n|-heal|p2a: Starmie|261\/323 brn|[from] item: Leftovers\n|-damage|p2a: Starmie|221\/323 brn|[from] brn\n|upkeep\n|turn|5\n|choice|switch 3|move scald\n|\n|switch|p1a: Empyrea|Tornadus-Therian, M|323\/323\n|-damage|p1a: Empyrea|243\/323|[from] Stealth Rock\n|move|p2a: Starmie|Scald|p1a: Empyrea\n|-damage|p1a: Empyrea|131\/323\n|\n|-weather|RainDance|[upkeep]\n|-heal|p2a: Starmie|241\/323 brn|[from] item: Leftovers\n|-damage|p2a: Starmie|201\/323 brn|[from] brn\n|upkeep\n|turn|6\n|inactive|Bestixl has 120 seconds left.\n|choice|move knockoff|move thunderwave\n|\n|move|p1a: Empyrea|Knock Off|p2a: Starmie\n|-supereffective|p2a: Starmie\n|-damage|p2a: Starmie|55\/323 brn\n|-enditem|p2a: Starmie|Leftovers|[from] move: Knock Off|[of] p1a: Empyrea\n|move|p2a: Starmie|Thunder Wave|p1a: Empyrea\n|-status|p1a: Empyrea|par\n|\n|-weather|RainDance|[upkeep]\n|-damage|p2a: Starmie|15\/323 brn|[from] brn\n|upkeep\n|turn|7\n|choice|move uturn|move recover\n|\n|move|p2a: Starmie|Recover|p2a: Starmie\n|-heal|p2a: Starmie|177\/323 brn\n|move|p1a: Empyrea|U-turn|p2a: Starmie\n|-supereffective|p2a: Starmie\n|-damage|p2a: Starmie|77\/323 brn\n|choice|switch 4|\n|\n|switch|p1a: Mojito|Ludicolo, F|301\/301\n|-damage|p1a: Mojito|264\/301|[from] Stealth Rock\n|\n|-weather|RainDance|[upkeep]\n|-damage|p2a: Starmie|37\/323 brn|[from] brn\n|upkeep\n|turn|8\n|choice|move gigadrain|move thunderwave\n|\n|move|p1a: Mojito|Giga Drain|p2a: Starmie\n|-supereffective|p2a: Starmie\n|-damage|p2a: Starmie|0 fnt\n|-heal|p1a: Mojito|283\/301|[from] drain|[of] p2a: Starmie\n|-damage|p1a: Mojito|253\/301|[from] item: Life Orb\n|faint|p2a: Starmie\n|\n|-weather|RainDance|[upkeep]\n|upkeep\n|inactive|Bestixl has 120 seconds left.\n|inactive|Bestixl has 90 seconds left.\n|choice||switch 3\n|\n|switch|p2a: Skarmory|Skarmory, M|333\/333\n|turn|9\n|choice|switch 6|move roost\n|\n|switch|p1a: Metroid|Tentacruel, M|363\/363\n|-damage|p1a: Metroid|318\/363|[from] Stealth Rock\n|move|p2a: Skarmory|Roost|p2a: Skarmory\n|-fail|p2a: Skarmory\n|\n|-weather|none\n|-heal|p1a: Metroid|340\/363|[from] item: Black Sludge\n|upkeep\n|turn|10\n|choice|move rapidspin|move spikes\n|\n|move|p1a: Metroid|Rapid Spin|p2a: Skarmory\n|-resisted|p2a: Skarmory\n|-crit|p2a: Skarmory\n|-damage|p2a: Skarmory|328\/333\n|-sideend|p1: Scarbok|Stealth Rock|[from] move: Rapid Spin|[of] p1a: Metroid\n|move|p2a: Skarmory|Spikes|p1a: Metroid\n|-sidestart|p1: Scarbok|Spikes\n|\n|-heal|p1a: Metroid|362\/363|[from] item: Black Sludge\n|-heal|p2a: Skarmory|333\/333|[from] item: Leftovers\n|upkeep\n|turn|11\n|choice|move scald|switch 4\n|\n|switch|p2a: Weavile|Weavile, M|281\/281\n|move|p1a: Metroid|Scald|p2a: Weavile\n|-damage|p2a: Weavile|197\/281\n|\n|-heal|p1a: Metroid|363\/363|[from] item: Black Sludge\n|upkeep\n|turn|12\n|choice|move scald|move knockoff\n|\n|move|p2a: Weavile|Knock Off|p1a: Metroid\n|-damage|p1a: Metroid|33\/363\n|-enditem|p1a: Metroid|Black Sludge|[from] move: Knock Off|[of] p2a: Weavile\n|move|p1a: Metroid|Scald|p2a: Weavile\n|-damage|p2a: Weavile|112\/281\n|\n|upkeep\n|turn|13\n|choice|move rapidspin|move knockoff\n|\n|move|p2a: Weavile|Knock Off|p1a: Metroid\n|-damage|p1a: Metroid|0 fnt\n|faint|p1a: Metroid\n|\n|upkeep\n|choice|switch 3|\n|\n|switch|p1a: Plouf|Politoed, M|383\/383 par\n|-damage|p1a: Plouf|336\/383 par|[from] Spikes\n|-weather|RainDance|[from] ability: Drizzle|[of] p1a: Plouf\n|turn|14\n|choice|move scald|move knockoff\n|\n|move|p2a: Weavile|Knock Off|p1a: Plouf\n|-damage|p1a: Plouf|48\/383 par\n|-enditem|p1a: Plouf|Damp Rock|[from] move: Knock Off|[of] p2a: Weavile\n|move|p1a: Plouf|Scald|p2a: Weavile\n|-damage|p2a: Weavile|0 fnt\n|faint|p2a: Weavile\n|\n|-weather|RainDance|[upkeep]\n|upkeep\n|choice||switch 6\n|\n|switch|p2a: Altaria|Altaria, F|353\/353\n|turn|15\n|inactive|Bestixl has 120 seconds left.\n|choice|switch 5|move dragondance mega\n|\n|switch|p1a: Hercules|Swampert, M|341\/341\n|-damage|p1a: Hercules|299\/341|[from] Spikes\n|detailschange|p2a: Altaria|Altaria-Mega, F\n|-mega|p2a: Altaria|Altaria|Altarianite\n|move|p2a: Altaria|Dragon Dance|p2a: Altaria\n|-boost|p2a: Altaria|atk|1\n|-boost|p2a: Altaria|spe|1\n|\n|-weather|RainDance|[upkeep]\n|upkeep\n|turn|16\n|choice|move icepunch mega|move dragondance\n|\n|detailschange|p1a: Hercules|Swampert-Mega, M\n|-mega|p1a: Hercules|Swampert|Swampertite\n|move|p2a: Altaria|Dragon Dance|p2a: Altaria\n|-boost|p2a: Altaria|atk|1\n|-boost|p2a: Altaria|spe|1\n|move|p1a: Hercules|Ice Punch|p2a: Altaria\n|-supereffective|p2a: Altaria\n|-damage|p2a: Altaria|213\/353\n|\n|-weather|RainDance|[upkeep]\n|upkeep\n|turn|17\n|choice|move icepunch|move roost\n|\n|move|p1a: Hercules|Ice Punch|p2a: Altaria\n|-supereffective|p2a: Altaria\n|-damage|p2a: Altaria|77\/353\n|move|p2a: Altaria|Roost|p2a: Altaria\n|-heal|p2a: Altaria|254\/353\n|\n|-weather|RainDance|[upkeep]\n|upkeep\n|turn|18\n|choice|move icepunch|move roost\n|\n|move|p1a: Hercules|Ice Punch|p2a: Altaria\n|-supereffective|p2a: Altaria\n|-crit|p2a: Altaria\n|-damage|p2a: Altaria|32\/353\n|move|p2a: Altaria|Roost|p2a: Altaria\n|-heal|p2a: Altaria|209\/353\n|\n|-weather|RainDance|[upkeep]\n|upkeep\n|turn|19\n|choice|move icepunch|move roost\n|\n|move|p1a: Hercules|Ice Punch|p2a: Altaria\n|-supereffective|p2a: Altaria\n|-damage|p2a: Altaria|65\/353\n|move|p2a: Altaria|Roost|p2a: Altaria\n|-heal|p2a: Altaria|242\/353\n|\n|-weather|RainDance|[upkeep]\n|upkeep\n|turn|20\n|inactive|Bestixl has 120 seconds left.\n|inactive|Scarbok has 120 seconds left.\n|inactive|Bestixl has 90 seconds left.\n|choice|move icepunch|move roost\n|\n|move|p1a: Hercules|Ice Punch|p2a: Altaria\n|-supereffective|p2a: Altaria\n|-damage|p2a: Altaria|106\/353\n|move|p2a: Altaria|Roost|p2a: Altaria\n|-heal|p2a: Altaria|283\/353\n|\n|-weather|RainDance|[upkeep]\n|upkeep\n|turn|21\n|choice|move stealthrock|move dragondance\n|\n|move|p1a: Hercules|Stealth Rock|p2a: Altaria\n|-sidestart|p2: Bestixl|move: Stealth Rock\n|move|p2a: Altaria|Dragon Dance|p2a: Altaria\n|-boost|p2a: Altaria|atk|1\n|-boost|p2a: Altaria|spe|1\n|\n|-weather|none\n|upkeep\n|turn|22\n|choice|switch 5|move dragondance\n|\n|switch|p1a: Plouf|Politoed, M|48\/383 par\n|-damage|p1a: Plouf|1\/383 par|[from] Spikes\n|-weather|RainDance|[from] ability: Drizzle|[of] p1a: Plouf\n|move|p2a: Altaria|Dragon Dance|p2a: Altaria\n|-boost|p2a: Altaria|atk|1\n|-boost|p2a: Altaria|spe|1\n|\n|-weather|RainDance|[upkeep]\n|upkeep\n|turn|23\n|choice|move perishsong|move frustration\n|\n|move|p2a: Altaria|Frustration|p1a: Plouf\n|-damage|p1a: Plouf|0 fnt\n|faint|p1a: Plouf\n|\n|-weather|RainDance|[upkeep]\n|upkeep\n|choice|switch 2|\n|\n|switch|p1a: Buzz|Magnezone|232\/281\n|-damage|p1a: Buzz|197\/281|[from] Spikes\n|turn|24\n|choice|move flashcannon|move frustration\n|\n|move|p2a: Altaria|Frustration|p1a: Buzz\n|-resisted|p1a: Buzz\n|-damage|p1a: Buzz|22\/281\n|move|p1a: Buzz|Flash Cannon|p2a: Altaria\n|-supereffective|p2a: Altaria\n|-damage|p2a: Altaria|23\/353\n|\n|-weather|RainDance|[upkeep]\n|-heal|p1a: Buzz|39\/281|[from] item: Leftovers\n|upkeep\n|turn|25\n|choice|move flashcannon|move frustration\n|\n|move|p2a: Altaria|Frustration|p1a: Buzz\n|-resisted|p1a: Buzz\n|-damage|p1a: Buzz|0 fnt\n|faint|p1a: Buzz\n|\n|-weather|RainDance|[upkeep]\n|upkeep\n|c|\u2606Bestixl|gg\n|choice|switch 5|\n|\n|switch|p1a: Hercules|Swampert-Mega, M|299\/341\n|-damage|p1a: Hercules|257\/341|[from] Spikes\n|turn|26\n|choice|move icepunch|move frustration\n|\n|move|p2a: Altaria|Frustration|p1a: Hercules\n|-damage|p1a: Hercules|0 fnt\n|faint|p1a: Hercules\n|\n|-weather|none\n|upkeep\n|-message|Scarbok forfeited.\n|\n|win|Bestixl\n|l|Scarbok","inputlog":null,"uploadtime":1500924031,"views":20,"p1id":"scarbok","p2id":"bestixl","formatid":"gen6ou","rating":0,"private":0,"password":null}