{"id":"gen6ou-1619592969","p1":"WQX WindSP\u98ce\u6b62","p2":"lou dort","format":"gen6ou","log":"|j|\u2606WQX WindSP\u98ce\u6b62\n|j|\u2606lou dort\n|t:|1658110648\n|gametype|singles\n|player|p1|WQX WindSP\u98ce\u6b62|lillie|1186\n|player|p2|lou dort|169|1213\n|teamsize|p1|6\n|teamsize|p2|6\n|gen|6\n|tier|[Gen 6] OU\n|rated|\n|rule|Sleep Clause Mod: Limit one foe put to sleep\n|rule|Species Clause: Limit one of each Pok\u00e9mon\n|rule|OHKO Clause: OHKO moves are banned\n|rule|Moody Clause: Moody is banned\n|rule|Evasion Moves Clause: Evasion moves are banned\n|rule|Endless Battle Clause: Forcing endless battles is banned\n|rule|HP Percentage Mod: HP is shown in percentages\n|rule|Swagger Clause: Swagger is banned\n|clearpoke\n|poke|p1|Diancie|item\n|poke|p1|Excadrill, F|item\n|poke|p1|Suicune|item\n|poke|p1|Tornadus-Therian, M|item\n|poke|p1|Tangrowth, M|item\n|poke|p1|Volcarona, M|item\n|poke|p2|Metagross|item\n|poke|p2|Clefable, M|item\n|poke|p2|Keldeo-Resolute|item\n|poke|p2|Excadrill, F|item\n|poke|p2|Rotom-Wash|item\n|poke|p2|Tornadus-Therian, M|item\n|teampreview\n|inactive|Battle timer is ON: inactive players will automatically lose when time's up. (requested by lou dort)\n|\n|t:|1658110655\n|start\n|switch|p1a: Diancie|Diancie|100\/100\n|switch|p2a: Metagross|Metagross|100\/100\n|turn|1\n|\n|t:|1658110660\n|detailschange|p2a: Metagross|Metagross-Mega\n|-mega|p2a: Metagross|Metagross|Metagrossite\n|detailschange|p1a: Diancie|Diancie-Mega\n|-mega|p1a: Diancie|Diancie|Diancite\n|move|p1a: Diancie|Protect|p1a: Diancie\n|-singleturn|p1a: Diancie|Protect\n|move|p2a: Metagross|Pursuit|p1a: Diancie\n|-activate|p1a: Diancie|move: Protect\n|\n|upkeep\n|turn|2\n|\n|t:|1658110672\n|move|p2a: Metagross|Meteor Mash|p1a: Diancie\n|-supereffective|p1a: Diancie\n|-damage|p1a: Diancie|0 fnt\n|faint|p1a: Diancie\n|\n|upkeep\n|\n|t:|1658110678\n|switch|p1a: Volcarona|Volcarona, M|100\/100\n|turn|3\n|\n|t:|1658110693\n|switch|p2a: Keldeo|Keldeo-Resolute|100\/100\n|move|p1a: Volcarona|Substitute|p1a: Volcarona\n|-start|p1a: Volcarona|Substitute\n|-damage|p1a: Volcarona|76\/100\n|\n|-heal|p1a: Volcarona|82\/100|[from] item: Leftovers\n|upkeep\n|turn|4\n|\n|t:|1658110697\n|move|p2a: Keldeo|Scald|p1a: Volcarona\n|-supereffective|p1a: Volcarona\n|-end|p1a: Volcarona|Substitute\n|move|p1a: Volcarona|Quiver Dance|p1a: Volcarona\n|-boost|p1a: Volcarona|spa|1\n|-boost|p1a: Volcarona|spd|1\n|-boost|p1a: Volcarona|spe|1\n|\n|-heal|p1a: Volcarona|88\/100|[from] item: Leftovers\n|upkeep\n|turn|5\n|\n|t:|1658110703\n|move|p1a: Volcarona|Quiver Dance|p1a: Volcarona\n|-boost|p1a: Volcarona|spa|1\n|-boost|p1a: Volcarona|spd|1\n|-boost|p1a: Volcarona|spe|1\n|move|p2a: Keldeo|Scald|p1a: Volcarona\n|-supereffective|p1a: Volcarona\n|-damage|p1a: Volcarona|20\/100\n|\n|-heal|p1a: Volcarona|26\/100|[from] item: Leftovers\n|upkeep\n|turn|6\n|\n|t:|1658110715\n|move|p1a: Volcarona|Bug Buzz|p2a: Keldeo\n|-resisted|p2a: Keldeo\n|-damage|p2a: Keldeo|18\/100\n|move|p2a: Keldeo|Scald|p1a: Volcarona\n|-supereffective|p1a: Volcarona\n|-damage|p1a: Volcarona|0 fnt\n|faint|p1a: Volcarona\n|\n|upkeep\n|\n|t:|1658110725\n|switch|p1a: Tornadus|Tornadus-Therian, M|100\/100\n|turn|7\n|\n|t:|1658110727\n|switch|p2a: Rotom|Rotom-Wash|100\/100\n|move|p1a: Tornadus|Knock Off|p2a: Rotom\n|-damage|p2a: Rotom|87\/100\n|-enditem|p2a: Rotom|Leftovers|[from] move: Knock Off|[of] p1a: Tornadus\n|\n|upkeep\n|turn|8\n|\n|t:|1658110730\n|move|p1a: Tornadus|U-turn|p2a: Rotom\n|-damage|p2a: Rotom|77\/100\n|\n|t:|1658110734\n|switch|p1a: Excadrill|Excadrill, F|100\/100|[from]move: U-turn\n|-ability|p1a: Excadrill|Mold Breaker\n|move|p2a: Rotom|Volt Switch|p1a: Excadrill\n|-immune|p1a: Excadrill\n|\n|upkeep\n|turn|9\n|\n|t:|1658110740\n|switch|p2a: Tornadus|Tornadus-Therian, M|100\/100\n|move|p1a: Excadrill|Earthquake|p2a: Tornadus\n|-immune|p2a: Tornadus\n|\n|upkeep\n|turn|10\n|\n|t:|1658110744\n|switch|p1a: Tangrowth|Tangrowth, M|100\/100\n|move|p2a: Tornadus|Heat Wave|p1a: Tangrowth\n|-supereffective|p1a: Tangrowth\n|-damage|p1a: Tangrowth|39\/100\n|\n|upkeep\n|turn|11\n|\n|t:|1658110749\n|switch|p1a: Suicune|Suicune|100\/100\n|-ability|p1a: Suicune|Pressure\n|move|p2a: Tornadus|Heat Wave|p1a: Suicune\n|-resisted|p1a: Suicune\n|-damage|p1a: Suicune|91\/100\n|\n|-heal|p1a: Suicune|98\/100|[from] item: Leftovers\n|upkeep\n|turn|12\n|\n|t:|1658110758\n|move|p2a: Tornadus|Knock Off|p1a: Suicune\n|-damage|p1a: Suicune|86\/100\n|-enditem|p1a: Suicune|Leftovers|[from] move: Knock Off|[of] p2a: Tornadus\n|move|p1a: Suicune|Calm Mind|p1a: Suicune\n|-boost|p1a: Suicune|spa|1\n|-boost|p1a: Suicune|spd|1\n|\n|upkeep\n|turn|13\n|\n|t:|1658110761\n|move|p2a: Tornadus|U-turn|p1a: Suicune\n|-damage|p1a: Suicune|78\/100\n|\n|t:|1658110763\n|switch|p2a: Metagross|Metagross-Mega|100\/100|[from]move: U-turn\n|move|p1a: Suicune|Toxic|p2a: Metagross\n|-immune|p2a: Metagross\n|\n|upkeep\n|turn|14\n|\n|t:|1658110767\n|move|p2a: Metagross|Meteor Mash|p1a: Suicune\n|-resisted|p1a: Suicune\n|-damage|p1a: Suicune|58\/100\n|move|p1a: Suicune|Scald|p2a: Metagross\n|-damage|p2a: Metagross|61\/100\n|\n|upkeep\n|turn|15\n|\n|t:|1658110773\n|move|p2a: Metagross|Thunder Punch|p1a: Suicune\n|-supereffective|p1a: Suicune\n|-damage|p1a: Suicune|21\/100\n|move|p1a: Suicune|Scald|p2a: Metagross\n|-damage|p2a: Metagross|22\/100\n|\n|upkeep\n|turn|16\n|\n|t:|1658110777\n|-activate|p1a: Suicune|move: Pursuit\n|move|p2a: Metagross|Pursuit|p1a: Suicune|[from]Pursuit\n|-damage|p1a: Suicune|0 fnt\n|faint|p1a: Suicune\n|-hint|A Pokemon can't switch between when it runs out of HP and when it faints\n|\n|upkeep\n|\n|t:|1658110786\n|switch|p1a: Tornadus|Tornadus-Therian, M|100\/100\n|turn|17\n|\n|t:|1658110792\n|switch|p2a: Clefable|Clefable, M|100\/100\n|move|p1a: Tornadus|Hurricane|p2a: Clefable\n|-damage|p2a: Clefable|64\/100\n|\n|-heal|p2a: Clefable|70\/100|[from] item: Leftovers\n|upkeep\n|turn|18\n|\n|t:|1658110795\n|move|p1a: Tornadus|Knock Off|p2a: Clefable\n|-resisted|p2a: Clefable\n|-damage|p2a: Clefable|64\/100\n|-enditem|p2a: Clefable|Leftovers|[from] move: Knock Off|[of] p1a: Tornadus\n|move|p2a: Clefable|Calm Mind|p2a: Clefable\n|-boost|p2a: Clefable|spa|1\n|-boost|p2a: Clefable|spd|1\n|\n|upkeep\n|turn|19\n|\n|t:|1658110801\n|move|p1a: Tornadus|U-turn|p2a: Clefable\n|-resisted|p2a: Clefable\n|-damage|p2a: Clefable|59\/100\n|\n|t:|1658110803\n|switch|p1a: Excadrill|Excadrill, F|100\/100|[from]move: U-turn\n|-ability|p1a: Excadrill|Mold Breaker\n|move|p2a: Clefable|Ice Beam|p1a: Excadrill\n|-damage|p1a: Excadrill|64\/100\n|\n|-heal|p1a: Excadrill|70\/100|[from] item: Leftovers\n|upkeep\n|turn|20\n|\n|t:|1658110809\n|switch|p2a: Excadrill|Excadrill, F|100\/100\n|-ability|p2a: Excadrill|Mold Breaker\n|move|p1a: Excadrill|Iron Head|p2a: Excadrill\n|-resisted|p2a: Excadrill\n|-damage|p2a: Excadrill|77\/100\n|\n|-heal|p1a: Excadrill|76\/100|[from] item: Leftovers\n|-heal|p2a: Excadrill|83\/100|[from] item: Leftovers\n|upkeep\n|turn|21\n|\n|t:|1658110813\n|move|p1a: Excadrill|Earthquake|p2a: Excadrill\n|-supereffective|p2a: Excadrill\n|-damage|p2a: Excadrill|0 fnt\n|faint|p2a: Excadrill\n|\n|-heal|p1a: Excadrill|82\/100|[from] item: Leftovers\n|upkeep\n|\n|t:|1658110816\n|switch|p2a: Tornadus|Tornadus-Therian, M|100\/100\n|turn|22\n|\n|t:|1658110820\n|switch|p1a: Tornadus|Tornadus-Therian, M|100\/100\n|move|p2a: Tornadus|Heat Wave|p1a: Tornadus|[miss]\n|-miss|p2a: Tornadus|p1a: Tornadus\n|\n|upkeep\n|turn|23\n|\n|t:|1658110826\n|move|p2a: Tornadus|Hurricane|p1a: Tornadus\n|-damage|p1a: Tornadus|72\/100\n|move|p1a: Tornadus|Knock Off|p2a: Tornadus\n|-crit|p2a: Tornadus\n|-damage|p2a: Tornadus|71\/100\n|-enditem|p2a: Tornadus|Assault Vest|[from] move: Knock Off|[of] p1a: Tornadus\n|\n|upkeep\n|turn|24\n|\n|t:|1658110831\n|move|p1a: Tornadus|U-turn|p2a: Tornadus\n|-resisted|p2a: Tornadus\n|-damage|p2a: Tornadus|64\/100\n|\n|t:|1658110835\n|switch|p1a: Tangrowth|Tangrowth, M|73\/100|[from]move: U-turn\n|move|p2a: Tornadus|Knock Off|p1a: Tangrowth\n|-damage|p1a: Tangrowth|62\/100\n|-damage|p2a: Tornadus|47\/100|[from] item: Rocky Helmet|[of] p1a: Tangrowth\n|-enditem|p1a: Tangrowth|Rocky Helmet|[from] move: Knock Off|[of] p2a: Tornadus\n|\n|upkeep\n|turn|25\n|\n|t:|1658110844\n|move|p2a: Tornadus|U-turn|p1a: Tangrowth\n|-supereffective|p1a: Tangrowth\n|-damage|p1a: Tangrowth|46\/100\n|\n|t:|1658110847\n|switch|p2a: Metagross|Metagross-Mega|22\/100|[from]move: U-turn\n|move|p1a: Tangrowth|Stun Spore|p2a: Metagross\n|-status|p2a: Metagross|par\n|\n|upkeep\n|turn|26\n|\n|t:|1658110853\n|move|p1a: Tangrowth|Knock Off|p2a: Metagross\n|-supereffective|p2a: Metagross\n|-damage|p2a: Metagross|0 fnt\n|faint|p2a: Metagross\n|\n|upkeep\n|\n|t:|1658110857\n|switch|p2a: Clefable|Clefable, M|59\/100\n|turn|27\n|\n|t:|1658110861\n|move|p2a: Clefable|Flamethrower|p1a: Tangrowth\n|-supereffective|p1a: Tangrowth\n|-damage|p1a: Tangrowth|0 fnt\n|faint|p1a: Tangrowth\n|\n|upkeep\n|\n|t:|1658110864\n|switch|p1a: Excadrill|Excadrill, F|82\/100\n|-ability|p1a: Excadrill|Mold Breaker\n|turn|28\n|\n|t:|1658110871\n|switch|p2a: Tornadus|Tornadus-Therian, M|80\/100\n|move|p1a: Excadrill|Earthquake|p2a: Tornadus\n|-immune|p2a: Tornadus\n|\n|-heal|p1a: Excadrill|88\/100|[from] item: Leftovers\n|upkeep\n|turn|29\n|\n|t:|1658110876\n|switch|p1a: Tornadus|Tornadus-Therian, M|100\/100\n|move|p2a: Tornadus|Heat Wave|p1a: Tornadus\n|-damage|p1a: Tornadus|84\/100\n|\n|upkeep\n|turn|30\n|\n|t:|1658110882\n|move|p2a: Tornadus|Knock Off|p1a: Tornadus\n|-crit|p1a: Tornadus\n|-damage|p1a: Tornadus|50\/100\n|-enditem|p1a: Tornadus|Assault Vest|[from] move: Knock Off|[of] p2a: Tornadus\n|move|p1a: Tornadus|Hurricane|p2a: Tornadus|[miss]\n|-miss|p1a: Tornadus|p2a: Tornadus\n|\n|upkeep\n|turn|31\n|\n|t:|1658110888\n|move|p2a: Tornadus|Heat Wave|p1a: Tornadus\n|-damage|p1a: Tornadus|28\/100\n|move|p1a: Tornadus|U-turn|p2a: Tornadus\n|-resisted|p2a: Tornadus\n|-crit|p2a: Tornadus\n|-damage|p2a: Tornadus|70\/100\n|\n|t:|1658110890\n|switch|p1a: Excadrill|Excadrill, F|88\/100|[from]move: U-turn\n|-ability|p1a: Excadrill|Mold Breaker\n|\n|-heal|p1a: Excadrill|94\/100|[from] item: Leftovers\n|upkeep\n|turn|32\n|\n|t:|1658110894\n|switch|p1a: Tornadus|Tornadus-Therian, M|61\/100\n|move|p2a: Tornadus|Hurricane|p1a: Tornadus\n|-damage|p1a: Tornadus|22\/100\n|\n|upkeep\n|turn|33\n|\n|t:|1658110900\n|move|p2a: Tornadus|Heat Wave|p1a: Tornadus\n|-damage|p1a: Tornadus|0 fnt\n|faint|p1a: Tornadus\n|\n|upkeep\n|\n|t:|1658110902\n|switch|p1a: Excadrill|Excadrill, F|94\/100\n|-ability|p1a: Excadrill|Mold Breaker\n|turn|34\n|\n|t:|1658110904\n|move|p2a: Tornadus|Heat Wave|p1a: Excadrill\n|-supereffective|p1a: Excadrill\n|-damage|p1a: Excadrill|35\/100\n|move|p1a: Excadrill|Iron Head|p2a: Tornadus\n|-damage|p2a: Tornadus|25\/100\n|\n|-heal|p1a: Excadrill|41\/100|[from] item: Leftovers\n|upkeep\n|turn|35\n|\n|t:|1658110908\n|move|p2a: Tornadus|Knock Off|p1a: Excadrill\n|-damage|p1a: Excadrill|15\/100\n|-enditem|p1a: Excadrill|Leftovers|[from] move: Knock Off|[of] p2a: Tornadus\n|move|p1a: Excadrill|Iron Head|p2a: Tornadus\n|-damage|p2a: Tornadus|0 fnt\n|faint|p2a: Tornadus\n|\n|upkeep\n|\n|t:|1658110909\n|switch|p2a: Keldeo|Keldeo-Resolute|18\/100\n|turn|36\n|\n|t:|1658110914\n|move|p2a: Keldeo|Secret Sword|p1a: Excadrill\n|-supereffective|p1a: Excadrill\n|-damage|p1a: Excadrill|0 fnt\n|faint|p1a: Excadrill\n|\n|win|lou dort\n|raw|WQX WindSP\u98ce\u6b62's rating: 1186 &rarr; <strong>1163<\/strong><br \/>(-23 for losing)\n|raw|lou dort's rating: 1213 &rarr; <strong>1236<\/strong><br \/>(+23 for winning)\n|l|\u2606lou dort\n","uploadtime":1658110922,"views":27,"p1id":"wqxwindsp","p2id":"loudort","formatid":"gen6ou","rating":1163,"private":0,"password":null}