{"id":"gen6zu-1678755719","p1":"scarywooper","p2":"ayevon","format":"gen6zu","log":"|j|\u2606scarywooper\n|j|\u2606ayevon\n|t:|1665020562\n|gametype|singles\n|player|p1|scarywooper|rei|\n|player|p2|ayevon|170|\n|teamsize|p1|6\n|teamsize|p2|6\n|gen|6\n|tier|[Gen 6] ZU\n|rated|Tournament battle\n|rule|Sleep Clause Mod: Limit one foe put to sleep\n|rule|Species Clause: Limit one of each Pok\u00e9mon\n|rule|OHKO Clause: OHKO moves are banned\n|rule|Moody Clause: Moody is banned\n|rule|Evasion Items Clause: Evasion items are banned\n|rule|Evasion Moves Clause: Evasion moves are banned\n|rule|Endless Battle Clause: Forcing endless battles is banned\n|rule|HP Percentage Mod: HP is shown in percentages\n|rule|Swagger Clause: Swagger is banned\n|clearpoke\n|poke|p1|Dustox, F|item\n|poke|p1|Vibrava, M|item\n|poke|p1|Klang|item\n|poke|p1|Lunatone|item\n|poke|p1|Simipour, M|item\n|poke|p1|Purugly, F|item\n|poke|p2|Gogoat, F|item\n|poke|p2|Bronzor|item\n|poke|p2|Frogadier, M|item\n|poke|p2|Dustox, M|item\n|poke|p2|Krokorok, M|item\n|poke|p2|Purugly, F|item\n|teampreview\n|inactive|Battle timer is ON: inactive players will automatically lose when time's up. (requested by ayevon)\n|c|\u2606scarywooper|hf\n|c|\u2606ayevon|hf\n|\n|t:|1665020571\n|start\n|switch|p1a: Purugly|Purugly, F|100\/100\n|switch|p2a: Krokorok|Krokorok, M|100\/100\n|-ability|p2a: Krokorok|Intimidate|boost\n|-unboost|p1a: Purugly|atk|1\n|-ability|p1a: Purugly|Defiant\n|-boost|p1a: Purugly|atk|2\n|turn|1\n|\n|t:|1665020579\n|switch|p2a: Bronzor|Bronzor|100\/100\n|move|p1a: Purugly|U-turn|p2a: Bronzor\n|-damage|p2a: Bronzor|84\/100\n|\n|t:|1665020585\n|switch|p1a: Simipour|Simipour, M|100\/100|[from]move: U-turn\n|\n|upkeep\n|turn|2\n|j| Xhkz\n|\n|t:|1665020591\n|switch|p2a: Dustox|Dustox, M|100\/100\n|move|p1a: Simipour|Knock Off|p2a: Dustox\n|-damage|p2a: Dustox|68\/100\n|-enditem|p2a: Dustox|Black Sludge|[from] move: Knock Off|[of] p1a: Simipour\n|\n|upkeep\n|turn|3\n|\n|t:|1665020599\n|switch|p1a: Vibrava|Vibrava, M|100\/100\n|move|p2a: Dustox|Roost|p2a: Dustox\n|-heal|p2a: Dustox|100\/100\n|-singleturn|p2a: Dustox|move: Roost\n|\n|upkeep\n|turn|4\n|\n|t:|1665020602\n|move|p1a: Vibrava|Earth Power|p2a: Dustox\n|-damage|p2a: Dustox|85\/100\n|move|p2a: Dustox|U-turn|p1a: Vibrava\n|-damage|p1a: Vibrava|90\/100\n|\n|t:|1665020605\n|switch|p2a: Frogadier|Frogadier, M|100\/100|[from]move: U-turn\n|\n|upkeep\n|turn|5\n|\n|t:|1665020611\n|switch|p1a: Klang|Klang|100\/100\n|move|p2a: Frogadier|Hydro Pump|p1a: Klang|[miss]\n|-miss|p2a: Frogadier|p1a: Klang\n|\n|upkeep\n|turn|6\n|\n|t:|1665020616\n|move|p2a: Frogadier|Toxic Spikes|p1a: Klang\n|-start|p2a: Frogadier|typechange|Poison|[from] ability: Protean\n|-sidestart|p1: scarywooper|move: Toxic Spikes\n|move|p1a: Klang|Volt Switch|p2a: Frogadier\n|-damage|p2a: Frogadier|84\/100\n|\n|t:|1665020621\n|switch|p1a: Dustox|Dustox, F|100\/100|[from]move: Volt Switch\n|-sideend|p1: scarywooper|move: Toxic Spikes|[of] p1a: Dustox\n|\n|upkeep\n|turn|7\n|\n|t:|1665020625\n|switch|p1a: Klang|Klang|100\/100\n|move|p2a: Frogadier|Toxic Spikes|p1a: Klang\n|-sidestart|p1: scarywooper|move: Toxic Spikes\n|\n|upkeep\n|turn|8\n|\n|t:|1665020630\n|switch|p2a: Krokorok|Krokorok, M|100\/100\n|-ability|p2a: Krokorok|Intimidate|boost\n|-fail|p1a: Klang|unboost|[from] ability: Clear Body|[of] p1a: Klang\n|move|p1a: Klang|Toxic|p2a: Krokorok\n|-status|p2a: Krokorok|tox\n|\n|-damage|p2a: Krokorok|94\/100 tox|[from] psn\n|upkeep\n|turn|9\n|\n|t:|1665020636\n|switch|p1a: Vibrava|Vibrava, M|90\/100\n|move|p2a: Krokorok|Knock Off|p1a: Vibrava\n|-damage|p1a: Vibrava|38\/100\n|-enditem|p1a: Vibrava|Eviolite|[from] move: Knock Off|[of] p2a: Krokorok\n|\n|-damage|p2a: Krokorok|82\/100 tox|[from] psn\n|upkeep\n|turn|10\n|\n|t:|1665020640\n|move|p2a: Krokorok|Knock Off|p1a: Vibrava\n|-damage|p1a: Vibrava|0 fnt\n|faint|p1a: Vibrava\n|\n|-damage|p2a: Krokorok|64\/100 tox|[from] psn\n|upkeep\n|\n|t:|1665020642\n|switch|p1a: Dustox|Dustox, F|100\/100\n|-sideend|p1: scarywooper|move: Toxic Spikes|[of] p1a: Dustox\n|turn|11\n|\n|t:|1665020657\n|move|p2a: Krokorok|Knock Off|p1a: Dustox\n|-damage|p1a: Dustox|8\/100\n|-enditem|p1a: Dustox|Black Sludge|[from] move: Knock Off|[of] p2a: Krokorok\n|move|p1a: Dustox|Bug Buzz|p2a: Krokorok\n|-supereffective|p2a: Krokorok\n|-damage|p2a: Krokorok|0 fnt\n|faint|p2a: Krokorok\n|\n|upkeep\n|\n|t:|1665020663\n|switch|p2a: Purugly|Purugly, F|100\/100\n|turn|12\n|\n|t:|1665020667\n|switch|p1a: Klang|Klang|100\/100\n|move|p2a: Purugly|U-turn|p1a: Klang\n|-resisted|p1a: Klang\n|-damage|p1a: Klang|94\/100\n|\n|t:|1665020672\n|switch|p2a: Frogadier|Frogadier, M|84\/100|[from]move: U-turn\n|\n|upkeep\n|turn|13\n|\n|t:|1665020677\n|move|p2a: Frogadier|Hydro Pump|p1a: Klang\n|-damage|p1a: Klang|69\/100\n|move|p1a: Klang|Volt Switch|p2a: Frogadier\n|-supereffective|p2a: Frogadier\n|-damage|p2a: Frogadier|54\/100\n|\n|t:|1665020679\n|switch|p1a: Dustox|Dustox, F|8\/100|[from]move: Volt Switch\n|\n|upkeep\n|turn|14\n|\n|t:|1665020686\n|switch|p1a: Simipour|Simipour, M|100\/100\n|move|p2a: Frogadier|Ice Beam|p1a: Simipour\n|-start|p2a: Frogadier|typechange|Ice|[from] ability: Protean\n|-resisted|p1a: Simipour\n|-damage|p1a: Simipour|69\/100\n|\n|upkeep\n|turn|15\n|\n|t:|1665020690\n|switch|p2a: Bronzor|Bronzor|84\/100\n|move|p1a: Simipour|Surf|p2a: Bronzor\n|-damage|p2a: Bronzor|55\/100\n|\n|upkeep\n|turn|16\n|\n|t:|1665020693\n|switch|p1a: Dustox|Dustox, F|8\/100\n|move|p2a: Bronzor|Psywave|p1a: Dustox\n|-damage|p1a: Dustox|0 fnt\n|faint|p1a: Dustox\n|\n|upkeep\n|j| pinorska\n|\n|t:|1665020703\n|switch|p1a: Simipour|Simipour, M|69\/100\n|turn|17\n|\n|t:|1665020709\n|switch|p2a: Dustox|Dustox, M|85\/100\n|move|p1a: Simipour|Knock Off|p2a: Dustox\n|-damage|p2a: Dustox|63\/100\n|\n|upkeep\n|turn|18\n|\n|t:|1665020712\n|switch|p1a: Lunatone|Lunatone|100\/100\n|move|p2a: Dustox|U-turn|p1a: Lunatone\n|-supereffective|p1a: Lunatone\n|-damage|p1a: Lunatone|49\/100\n|\n|t:|1665020715\n|switch|p2a: Frogadier|Frogadier, M|54\/100|[from]move: U-turn\n|\n|upkeep\n|turn|19\n|\n|t:|1665020719\n|switch|p1a: Klang|Klang|69\/100\n|move|p2a: Frogadier|Hydro Pump|p1a: Klang\n|-damage|p1a: Klang|45\/100\n|\n|upkeep\n|turn|20\n|\n|t:|1665020722\n|move|p2a: Frogadier|Toxic Spikes|p1a: Klang\n|-start|p2a: Frogadier|typechange|Poison|[from] ability: Protean\n|-sidestart|p1: scarywooper|move: Toxic Spikes\n|move|p1a: Klang|Rest|p1a: Klang\n|-status|p1a: Klang|slp|[from] move: Rest\n|-heal|p1a: Klang|100\/100 slp|[silent]\n|\n|upkeep\n|turn|21\n|\n|t:|1665020731\n|move|p2a: Frogadier|Hydro Pump|p1a: Klang\n|-start|p2a: Frogadier|typechange|Water|[from] ability: Protean\n|-damage|p1a: Klang|78\/100 slp\n|cant|p1a: Klang|slp\n|move|p1a: Klang|Sleep Talk|p1a: Klang\n|move|p1a: Klang|Volt Switch|p2a: Frogadier|[from]move: Sleep Talk\n|-supereffective|p2a: Frogadier\n|-damage|p2a: Frogadier|20\/100\n|\n|t:|1665020743\n|switch|p1a: Purugly|Purugly, F|100\/100|[from]move: Volt Switch\n|-status|p1a: Purugly|psn\n|\n|-damage|p1a: Purugly|88\/100 psn|[from] psn\n|upkeep\n|turn|22\n|\n|t:|1665020745\n|switch|p2a: Bronzor|Bronzor|55\/100\n|move|p1a: Purugly|U-turn|p2a: Bronzor\n|-damage|p2a: Bronzor|45\/100\n|\n|t:|1665020748\n|switch|p1a: Simipour|Simipour, M|69\/100|[from]move: U-turn\n|-status|p1a: Simipour|psn\n|\n|-damage|p1a: Simipour|56\/100 psn|[from] psn\n|upkeep\n|turn|23\n|\n|t:|1665020751\n|switch|p2a: Dustox|Dustox, M|63\/100\n|move|p1a: Simipour|Surf|p2a: Dustox\n|-damage|p2a: Dustox|33\/100\n|\n|-damage|p1a: Simipour|44\/100 psn|[from] psn\n|upkeep\n|turn|24\n|\n|t:|1665020757\n|switch|p1a: Klang|Klang|78\/100 slp\n|move|p2a: Dustox|Roost|p2a: Dustox\n|-heal|p2a: Dustox|83\/100\n|-singleturn|p2a: Dustox|move: Roost\n|\n|upkeep\n|turn|25\n|\n|t:|1665020760\n|move|p2a: Dustox|U-turn|p1a: Klang\n|-resisted|p1a: Klang\n|-damage|p1a: Klang|73\/100 slp\n|\n|t:|1665020764\n|switch|p2a: Gogoat|Gogoat, F|100\/100|[from]move: U-turn\n|cant|p1a: Klang|slp\n|move|p1a: Klang|Sleep Talk|p1a: Klang\n|move|p1a: Klang|Volt Switch|p2a: Gogoat|[from]move: Sleep Talk\n|-resisted|p2a: Gogoat\n|-damage|p2a: Gogoat|97\/100\n|\n|t:|1665020771\n|switch|p1a: Lunatone|Lunatone|49\/100|[from]move: Volt Switch\n|\n|-heal|p2a: Gogoat|100\/100|[from] item: Leftovers\n|upkeep\n|turn|26\n|\n|t:|1665020779\n|move|p1a: Lunatone|Stealth Rock|p2a: Gogoat\n|-sidestart|p2: ayevon|move: Stealth Rock\n|move|p2a: Gogoat|Horn Leech|p1a: Lunatone\n|-supereffective|p1a: Lunatone\n|-crit|p1a: Lunatone\n|-damage|p1a: Lunatone|0 fnt\n|faint|p1a: Lunatone\n|\n|upkeep\n|\n|t:|1665020783\n|switch|p1a: Purugly|Purugly, F|88\/100 psn\n|turn|27\n|\n|t:|1665020786\n|switch|p2a: Bronzor|Bronzor|45\/100\n|-damage|p2a: Bronzor|39\/100|[from] Stealth Rock\n|move|p1a: Purugly|Fake Out|p2a: Bronzor\n|-resisted|p2a: Bronzor\n|-damage|p2a: Bronzor|34\/100\n|\n|-damage|p1a: Purugly|76\/100 psn|[from] psn\n|upkeep\n|turn|28\n|\n|t:|1665020789\n|move|p1a: Purugly|U-turn|p2a: Bronzor\n|-damage|p2a: Bronzor|23\/100\n|\n|t:|1665020791\n|switch|p1a: Simipour|Simipour, M|44\/100 psn|[from]move: U-turn\n|move|p2a: Bronzor|Rest|p2a: Bronzor\n|-status|p2a: Bronzor|slp|[from] move: Rest\n|-heal|p2a: Bronzor|100\/100 slp|[silent]\n|\n|-damage|p1a: Simipour|31\/100 psn|[from] psn\n|upkeep\n|turn|29\n|c|\u2606scarywooper|gg\n|-message|scarywooper forfeited.\n|\n|win|ayevon\n|n|\u2606scarywooper|scarywooper\n|n|\u2606ayevon|ayevon\n|n| Xhkz|xhkz\n|n| pinorska|pinorska\n","uploadtime":1665020795,"views":5,"p1id":"scarywooper","p2id":"ayevon","formatid":"gen6zu","rating":0,"private":0,"password":null}