{"id":"gen6ou-1619395569","p1":"TheBigMand","p2":"lou dort","format":"gen6ou","log":"|j|\u2606TheBigMand\n|j|\u2606lou dort\n|t:|1658089174\n|gametype|singles\n|player|p1|TheBigMand|blackbelt-gen4dp|1287\n|player|p2|lou dort|169|1205\n|teamsize|p1|6\n|teamsize|p2|6\n|gen|6\n|tier|[Gen 6] OU\n|rated|\n|rule|Sleep Clause Mod: Limit one foe put to sleep\n|rule|Species Clause: Limit one of each Pok\u00e9mon\n|rule|OHKO Clause: OHKO moves are banned\n|rule|Moody Clause: Moody is banned\n|rule|Evasion Moves Clause: Evasion moves are banned\n|rule|Endless Battle Clause: Forcing endless battles is banned\n|rule|HP Percentage Mod: HP is shown in percentages\n|rule|Swagger Clause: Swagger is banned\n|clearpoke\n|poke|p1|Bisharp, M|item\n|poke|p1|Talonflame, M|item\n|poke|p1|Chansey, F|item\n|poke|p1|Excadrill, M|item\n|poke|p1|Starmie|item\n|poke|p1|Scizor, M|item\n|poke|p2|Azelf|item\n|poke|p2|Pinsir, F|item\n|poke|p2|Bisharp, F|item\n|poke|p2|Excadrill, M|item\n|poke|p2|Dragonite, M|item\n|poke|p2|Manaphy|item\n|teampreview\n|inactive|Battle timer is ON: inactive players will automatically lose when time's up. (requested by lou dort)\n|\n|t:|1658089183\n|start\n|switch|p1a: Scizor|Scizor, M|100\/100\n|switch|p2a: Azelf|Azelf|100\/100\n|turn|1\n|\n|t:|1658089188\n|detailschange|p1a: Scizor|Scizor-Mega, M\n|-mega|p1a: Scizor|Scizor|Scizorite\n|move|p1a: Scizor|Bullet Punch|p2a: Azelf\n|-damage|p2a: Azelf|57\/100\n|move|p2a: Azelf|Stealth Rock|p1a: Scizor\n|-sidestart|p1: TheBigMand|move: Stealth Rock\n|\n|upkeep\n|turn|2\n|\n|t:|1658089194\n|move|p2a: Azelf|Taunt|p1a: Scizor\n|-start|p1a: Scizor|move: Taunt\n|cant|p1a: Scizor|move: Taunt|Swords Dance\n|\n|upkeep\n|turn|3\n|\n|t:|1658089197\n|move|p1a: Scizor|Bullet Punch|p2a: Azelf\n|-damage|p2a: Azelf|8\/100\n|move|p2a: Azelf|Explosion|p1a: Scizor\n|-resisted|p1a: Scizor\n|-damage|p1a: Scizor|75\/100\n|faint|p2a: Azelf\n|\n|upkeep\n|\n|t:|1658089202\n|switch|p2a: Dragonite|Dragonite, M|100\/100\n|turn|4\n|\n|t:|1658089204\n|move|p1a: Scizor|Bullet Punch|p2a: Dragonite\n|-damage|p2a: Dragonite|80\/100\n|move|p2a: Dragonite|Dragon Dance|p2a: Dragonite\n|-boost|p2a: Dragonite|atk|1\n|-boost|p2a: Dragonite|spe|1\n|\n|-end|p1a: Scizor|move: Taunt\n|upkeep\n|turn|5\n|\n|t:|1658089210\n|move|p2a: Dragonite|Fire Punch|p1a: Scizor\n|-supereffective|p1a: Scizor\n|-crit|p1a: Scizor\n|-damage|p1a: Scizor|0 fnt\n|faint|p1a: Scizor\n|\n|upkeep\n|\n|t:|1658089220\n|switch|p1a: Starmie|Starmie|100\/100\n|-damage|p1a: Starmie|88\/100|[from] Stealth Rock\n|turn|6\n|\n|t:|1658089222\n|move|p2a: Dragonite|Outrage|p1a: Starmie\n|-damage|p1a: Starmie|0 fnt\n|faint|p1a: Starmie\n|\n|upkeep\n|\n|t:|1658089232\n|switch|p1a: Excadrill|Excadrill, M|100\/100\n|-damage|p1a: Excadrill|97\/100|[from] Stealth Rock\n|-ability|p1a: Excadrill|Mold Breaker\n|turn|7\n|\n|t:|1658089234\n|move|p1a: Excadrill|Rock Slide|p2a: Dragonite\n|-supereffective|p2a: Dragonite\n|-damage|p2a: Dragonite|12\/100\n|move|p2a: Dragonite|Outrage|p1a: Excadrill|[from]lockedmove\n|-resisted|p1a: Excadrill\n|-damage|p1a: Excadrill|20\/100\n|-start|p2a: Dragonite|confusion|[fatigue]\n|-enditem|p2a: Dragonite|Lum Berry|[eat]\n|-end|p2a: Dragonite|confusion\n|\n|upkeep\n|turn|8\n|\n|t:|1658089241\n|move|p2a: Dragonite|Extreme Speed|p1a: Excadrill\n|-resisted|p1a: Excadrill\n|-damage|p1a: Excadrill|0 fnt\n|faint|p1a: Excadrill\n|\n|upkeep\n|\n|t:|1658089244\n|switch|p1a: Talonflame|Talonflame, M|100\/100\n|-damage|p1a: Talonflame|51\/100|[from] Stealth Rock\n|turn|9\n|\n|t:|1658089249\n|move|p2a: Dragonite|Extreme Speed|p1a: Talonflame\n|-damage|p1a: Talonflame|0 fnt\n|faint|p1a: Talonflame\n|\n|upkeep\n|c|\u2606lou dort|gg\n|\n|t:|1658089253\n|switch|p1a: Bisharp|Bisharp, M|100\/100\n|-damage|p1a: Bisharp|95\/100|[from] Stealth Rock\n|turn|10\n|\n|t:|1658089256\n|move|p2a: Dragonite|Extreme Speed|p1a: Bisharp\n|-resisted|p1a: Bisharp\n|-damage|p1a: Bisharp|64\/100\n|move|p1a: Bisharp|Sucker Punch||[still]\n|-fail|p1a: Bisharp\n|\n|upkeep\n|turn|11\n|\n|t:|1658089261\n|move|p2a: Dragonite|Fire Punch|p1a: Bisharp\n|-supereffective|p1a: Bisharp\n|-crit|p1a: Bisharp\n|-damage|p1a: Bisharp|0 fnt\n|faint|p1a: Bisharp\n|\n|upkeep\n|\n|t:|1658089264\n|switch|p1a: Chansey|Chansey, F|100\/100\n|-damage|p1a: Chansey|88\/100|[from] Stealth Rock\n|turn|12\n|\n|t:|1658089266\n|move|p2a: Dragonite|Outrage|p1a: Chansey\n|-damage|p1a: Chansey|5\/100\n|move|p1a: Chansey|Seismic Toss|p2a: Dragonite\n|-damage|p2a: Dragonite|0 fnt\n|faint|p2a: Dragonite\n|\n|upkeep\n|\n|t:|1658089271\n|switch|p2a: Bisharp|Bisharp, F|100\/100\n|turn|13\n|\n|t:|1658089288\n|move|p2a: Bisharp|Knock Off|p1a: Chansey\n|-damage|p1a: Chansey|0 fnt\n|-enditem|p1a: Chansey|Eviolite|[from] move: Knock Off|[of] p2a: Bisharp\n|faint|p1a: Chansey\n|\n|win|lou dort\n|raw|TheBigMand's rating: 1287 &rarr; <strong>1256<\/strong><br \/>(-31 for losing)\n|raw|lou dort's rating: 1205 &rarr; <strong>1236<\/strong><br \/>(+31 for winning)\n|l|\u2606TheBigMand\n","uploadtime":1658089291,"views":6,"p1id":"thebigmand","p2id":"loudort","formatid":"gen6ou","rating":1236,"private":0,"password":null}