{"id":"gen6ou-1698564682","p1":"Navys_1","p2":"BTLT6 clover","format":"gen6ou","log":"|raw|<div class=\"broadcast-blue\"><strong>This battle is required to be public due to a player having a name starting with 'btlt6'.<\/div>\n|j|\u2606Navys_1\n|j|\u2606BTLT6 clover\n|t:|1667140117\n|gametype|singles\n|player|p1|Navys_1|pokemaniac|1226\n|player|p2|BTLT6 clover|surfer|1351\n|teamsize|p1|6\n|teamsize|p2|6\n|gen|6\n|tier|[Gen 6] OU\n|rated|\n|rule|Sleep Clause Mod: Limit one foe put to sleep\n|rule|Species Clause: Limit one of each Pok\u00e9mon\n|rule|OHKO Clause: OHKO moves are banned\n|rule|Moody Clause: Moody is banned\n|rule|Evasion Items Clause: Evasion items are banned\n|rule|Evasion Moves Clause: Evasion moves are banned\n|rule|Endless Battle Clause: Forcing endless battles is banned\n|rule|HP Percentage Mod: HP is shown in percentages\n|rule|Swagger Clause: Swagger is banned\n|clearpoke\n|poke|p1|Nidoking, M|item\n|poke|p1|Rotom-Wash|item\n|poke|p1|Scizor, M|item\n|poke|p1|Landorus-Therian, M|item\n|poke|p1|Latios, M|item\n|poke|p1|Heatran, F|item\n|poke|p2|Diancie|item\n|poke|p2|Volcarona, F|item\n|poke|p2|Bisharp, F|item\n|poke|p2|Landorus-Therian, M|item\n|poke|p2|Manaphy|item\n|poke|p2|Serperior, F|item\n|teampreview\n|inactive|Battle timer is ON: inactive players will automatically lose when time's up. (requested by BTLT6 clover)\n|\n|t:|1667140122\n|start\n|switch|p1a: Landorus|Landorus-Therian, M|100\/100\n|switch|p2a: Diancie|Diancie|100\/100\n|-ability|p1a: Landorus|Intimidate|boost\n|-fail|p2a: Diancie|unboost|[from] ability: Clear Body|[of] p2a: Diancie\n|turn|1\n|\n|t:|1667140129\n|detailschange|p2a: Diancie|Diancie-Mega\n|-mega|p2a: Diancie|Diancie|Diancite\n|move|p2a: Diancie|Protect|p2a: Diancie\n|-singleturn|p2a: Diancie|Protect\n|move|p1a: Landorus|U-turn|p2a: Diancie\n|-activate|p2a: Diancie|move: Protect\n|\n|upkeep\n|turn|2\n|\n|t:|1667140146\n|move|p1a: Landorus|U-turn|p2a: Diancie\n|-resisted|p2a: Diancie\n|-crit|p2a: Diancie\n|-damage|p2a: Diancie|74\/100\n|\n|t:|1667140150\n|switch|p1a: Scizor|Scizor, M|100\/100|[from]move: U-turn\n|move|p2a: Diancie|Diamond Storm|p1a: Scizor\n|-damage|p1a: Scizor|65\/100\n|-boost|p2a: Diancie|def|1\n|\n|upkeep\n|turn|3\n|\n|t:|1667140156\n|switch|p2a: Landorus|Landorus-Therian, M|100\/100\n|-ability|p2a: Landorus|Intimidate|boost\n|-unboost|p1a: Scizor|atk|1\n|detailschange|p1a: Scizor|Scizor-Mega, M\n|-mega|p1a: Scizor|Scizor|Scizorite\n|move|p1a: Scizor|Bullet Punch|p2a: Landorus\n|-damage|p2a: Landorus|80\/100\n|\n|upkeep\n|turn|4\n|\n|t:|1667140159\n|move|p2a: Landorus|Stealth Rock|p1a: Scizor\n|-sidestart|p1: Navys_1|move: Stealth Rock\n|move|p1a: Scizor|Roost|p1a: Scizor\n|-heal|p1a: Scizor|100\/100\n|-singleturn|p1a: Scizor|move: Roost\n|\n|upkeep\n|turn|5\n|\n|t:|1667140163\n|switch|p2a: Volcarona|Volcarona, F|100\/100\n|move|p1a: Scizor|U-turn|p2a: Volcarona\n|-resisted|p2a: Volcarona\n|-damage|p2a: Volcarona|86\/100\n|-status|p1a: Scizor|brn|[from] ability: Flame Body|[of] p2a: Volcarona\n|\n|t:|1667140174\n|switch|p1a: Landorus|Landorus-Therian, M|100\/100|[from]move: U-turn\n|-damage|p1a: Landorus|88\/100|[from] Stealth Rock\n|-ability|p1a: Landorus|Intimidate|boost\n|-unboost|p2a: Volcarona|atk|1\n|\n|upkeep\n|turn|6\n|\n|t:|1667140179\n|switch|p2a: Landorus|Landorus-Therian, M|80\/100\n|-ability|p2a: Landorus|Intimidate|boost\n|-unboost|p1a: Landorus|atk|1\n|move|p1a: Landorus|Stone Edge|p2a: Landorus\n|-damage|p2a: Landorus|53\/100\n|\n|upkeep\n|turn|7\n|\n|t:|1667140187\n|switch|p1a: Scizor|Scizor-Mega, M|100\/100 brn\n|-damage|p1a: Scizor|88\/100 brn|[from] Stealth Rock\n|switch|p2a: Serperior|Serperior, F|100\/100\n|\n|-damage|p1a: Scizor|76\/100 brn|[from] brn\n|upkeep\n|turn|8\n|\n|t:|1667140190\n|move|p2a: Serperior|Reflect|p2a: Serperior\n|-sidestart|p2: BTLT6 clover|Reflect\n|move|p1a: Scizor|U-turn|p2a: Serperior\n|-supereffective|p2a: Serperior\n|-damage|p2a: Serperior|82\/100\n|\n|t:|1667140201\n|switch|p1a: Heatran|Heatran, F|100\/100|[from]move: U-turn\n|-damage|p1a: Heatran|88\/100|[from] Stealth Rock\n|\n|upkeep\n|turn|9\n|\n|t:|1667140205\n|switch|p2a: Diancie|Diancie-Mega|74\/100\n|move|p1a: Heatran|Stealth Rock|p2a: Diancie\n|move|p2a: Diancie|Stealth Rock||[from]ability: Magic Bounce|[still]\n|-fail|p2a: Diancie\n|\n|upkeep\n|turn|10\n|\n|t:|1667140235\n|switch|p2a: Manaphy|Manaphy|100\/100\n|switch|p1a: Landorus|Landorus-Therian, M|88\/100\n|-damage|p1a: Landorus|76\/100|[from] Stealth Rock\n|-ability|p1a: Landorus|Intimidate|boost\n|-unboost|p2a: Manaphy|atk|1\n|\n|upkeep\n|turn|11\n|\n|t:|1667140245\n|switch|p2a: Landorus|Landorus-Therian, M|53\/100\n|-ability|p2a: Landorus|Intimidate|boost\n|-unboost|p1a: Landorus|atk|1\n|move|p1a: Landorus|U-turn|p2a: Landorus\n|-resisted|p2a: Landorus\n|-damage|p2a: Landorus|49\/100\n|\n|t:|1667140253\n|switch|p1a: Latios|Latios, M|100\/100|[from]move: U-turn\n|-damage|p1a: Latios|88\/100|[from] Stealth Rock\n|\n|upkeep\n|turn|12\n|\n|t:|1667140257\n|move|p1a: Latios|Psyshock|p2a: Landorus\n|-damage|p2a: Landorus|0 fnt\n|faint|p2a: Landorus\n|-damage|p1a: Latios|78\/100|[from] item: Life Orb\n|\n|upkeep\n|\n|t:|1667140259\n|switch|p2a: Bisharp|Bisharp, F|100\/100\n|turn|13\n|\n|t:|1667140264\n|move|p1a: Latios|Draco Meteor|p2a: Bisharp\n|-resisted|p2a: Bisharp\n|-damage|p2a: Bisharp|22\/100\n|-unboost|p1a: Latios|spa|2\n|-damage|p1a: Latios|68\/100|[from] item: Life Orb\n|move|p2a: Bisharp|Swords Dance|p2a: Bisharp\n|-boost|p2a: Bisharp|atk|2\n|\n|upkeep\n|turn|14\n|\n|t:|1667140275\n|move|p2a: Bisharp|Sucker Punch|p1a: Latios\n|-supereffective|p1a: Latios\n|-damage|p1a: Latios|0 fnt\n|faint|p1a: Latios\n|-damage|p2a: Bisharp|12\/100|[from] item: Life Orb\n|\n|upkeep\n|\n|t:|1667140281\n|switch|p1a: Scizor|Scizor-Mega, M|76\/100 brn\n|-damage|p1a: Scizor|64\/100 brn|[from] Stealth Rock\n|turn|15\n|\n|t:|1667140286\n|move|p1a: Scizor|Bullet Punch|p2a: Bisharp\n|-resisted|p2a: Bisharp\n|-damage|p2a: Bisharp|7\/100\n|move|p2a: Bisharp|Knock Off|p1a: Scizor\n|-damage|p1a: Scizor|15\/100 brn\n|-damage|p2a: Bisharp|0 fnt|[from] item: Life Orb\n|faint|p2a: Bisharp\n|\n|-damage|p1a: Scizor|3\/100 brn|[from] brn\n|-sideend|p2: BTLT6 clover|Reflect\n|upkeep\n|\n|t:|1667140291\n|switch|p2a: Manaphy|Manaphy|100\/100\n|turn|16\n|\n|t:|1667140302\n|move|p2a: Manaphy|Tail Glow|p2a: Manaphy\n|-boost|p2a: Manaphy|spa|3\n|move|p1a: Scizor|U-turn|p2a: Manaphy\n|-damage|p2a: Manaphy|83\/100\n|\n|t:|1667140307\n|switch|p1a: Landorus|Landorus-Therian, M|76\/100|[from]move: U-turn\n|-damage|p1a: Landorus|64\/100|[from] Stealth Rock\n|-ability|p1a: Landorus|Intimidate|boost\n|-unboost|p2a: Manaphy|atk|1\n|\n|-heal|p2a: Manaphy|89\/100|[from] item: Leftovers\n|upkeep\n|turn|17\n|\n|t:|1667140315\n|switch|p2a: Diancie|Diancie-Mega|74\/100\n|move|p1a: Landorus|U-turn|p2a: Diancie\n|-resisted|p2a: Diancie\n|-damage|p2a: Diancie|56\/100\n|\n|t:|1667140321\n|switch|p1a: Scizor|Scizor-Mega, M|3\/100 brn|[from]move: U-turn\n|-damage|p1a: Scizor|0 fnt|[from] Stealth Rock\n|faint|p1a: Scizor\n|\n|upkeep\n|\n|t:|1667140323\n|switch|p1a: Landorus|Landorus-Therian, M|64\/100\n|-damage|p1a: Landorus|52\/100|[from] Stealth Rock\n|-ability|p1a: Landorus|Intimidate|boost\n|-unboost|p2a: Diancie|atk|1\n|turn|18\n|\n|t:|1667140325\n|move|p2a: Diancie|Protect|p2a: Diancie\n|-singleturn|p2a: Diancie|Protect\n|move|p1a: Landorus|Earthquake|p2a: Diancie\n|-activate|p2a: Diancie|move: Protect\n|\n|upkeep\n|turn|19\n|\n|t:|1667140328\n|switch|p1a: Nidoking|Nidoking, M|100\/100\n|-damage|p1a: Nidoking|95\/100|[from] Stealth Rock\n|switch|p2a: Serperior|Serperior, F|82\/100\n|\n|upkeep\n|turn|20\n|\n|t:|1667140330\n|move|p2a: Serperior|Light Screen|p2a: Serperior\n|-sidestart|p2: BTLT6 clover|move: Light Screen\n|move|p1a: Nidoking|Ice Beam|p2a: Serperior\n|-supereffective|p2a: Serperior\n|-damage|p2a: Serperior|39\/100\n|\n|upkeep\n|turn|21\n|\n|t:|1667140335\n|move|p2a: Serperior|Glare|p1a: Nidoking\n|-status|p1a: Nidoking|par\n|move|p1a: Nidoking|Sludge Wave|p2a: Serperior\n|-supereffective|p2a: Serperior\n|-damage|p2a: Serperior|0 fnt\n|faint|p2a: Serperior\n|\n|upkeep\n|\n|t:|1667140339\n|switch|p2a: Manaphy|Manaphy|89\/100\n|turn|22\n|\n|t:|1667140346\n|move|p2a: Manaphy|Tail Glow|p2a: Manaphy\n|-boost|p2a: Manaphy|spa|3\n|cant|p1a: Nidoking|par\n|\n|-heal|p2a: Manaphy|95\/100|[from] item: Leftovers\n|upkeep\n|turn|23\n|\n|t:|1667140352\n|move|p2a: Manaphy|Tail Glow|p2a: Manaphy\n|-boost|p2a: Manaphy|spa|3\n|cant|p1a: Nidoking|par\n|\n|-heal|p2a: Manaphy|100\/100|[from] item: Leftovers\n|upkeep\n|turn|24\n|\n|t:|1667140355\n|move|p2a: Manaphy|Surf|p1a: Nidoking\n|-supereffective|p1a: Nidoking\n|-damage|p1a: Nidoking|0 fnt\n|faint|p1a: Nidoking\n|\n|upkeep\n|\n|t:|1667140358\n|switch|p1a: Landorus|Landorus-Therian, M|52\/100\n|-damage|p1a: Landorus|39\/100|[from] Stealth Rock\n|-ability|p1a: Landorus|Intimidate|boost\n|-unboost|p2a: Manaphy|atk|1\n|turn|25\n|\n|t:|1667140362\n|move|p1a: Landorus|U-turn|p2a: Manaphy\n|-damage|p2a: Manaphy|74\/100\n|\n|t:|1667140365\n|switch|p1a: Rotom|Rotom-Wash|100\/100|[from]move: U-turn\n|-damage|p1a: Rotom|88\/100|[from] Stealth Rock\n|move|p2a: Manaphy|Surf|p1a: Rotom\n|-resisted|p1a: Rotom\n|-damage|p1a: Rotom|1\/100\n|\n|-heal|p2a: Manaphy|80\/100|[from] item: Leftovers\n|-heal|p1a: Rotom|7\/100|[from] item: Leftovers\n|upkeep\n|turn|26\n|\n|t:|1667140369\n|move|p2a: Manaphy|Psychic|p1a: Rotom\n|-damage|p1a: Rotom|0 fnt\n|faint|p1a: Rotom\n|\n|-heal|p2a: Manaphy|86\/100|[from] item: Leftovers\n|upkeep\n|\n|t:|1667140371\n|switch|p1a: Landorus|Landorus-Therian, M|39\/100\n|-damage|p1a: Landorus|27\/100|[from] Stealth Rock\n|-ability|p1a: Landorus|Intimidate|boost\n|-unboost|p2a: Manaphy|atk|1\n|turn|27\n|\n|t:|1667140373\n|move|p1a: Landorus|Explosion|p2a: Manaphy\n|-damage|p2a: Manaphy|0 fnt\n|faint|p1a: Landorus\n|faint|p2a: Manaphy\n|\n|-sideend|p2: BTLT6 clover|move: Light Screen\n|upkeep\n|\n|t:|1667140383\n|switch|p2a: Volcarona|Volcarona, F|86\/100\n|switch|p1a: Heatran|Heatran, F|88\/100\n|-damage|p1a: Heatran|76\/100|[from] Stealth Rock\n|turn|28\n|\n|t:|1667140389\n|move|p2a: Volcarona|Quiver Dance|p2a: Volcarona\n|-boost|p2a: Volcarona|spa|1\n|-boost|p2a: Volcarona|spd|1\n|-boost|p2a: Volcarona|spe|1\n|move|p1a: Heatran|Magma Storm|p2a: Volcarona\n|-damage|p2a: Volcarona|50\/100\n|-activate|p2a: Volcarona|move: Magma Storm|[of] p1a: Heatran\n|\n|-damage|p2a: Volcarona|38\/100|[from] move: Magma Storm|[partiallytrapped]\n|upkeep\n|turn|29\n|\n|t:|1667140398\n|move|p2a: Volcarona|Bug Buzz|p1a: Heatran\n|-resisted|p1a: Heatran\n|-damage|p1a: Heatran|58\/100\n|move|p1a: Heatran|Magma Storm|p2a: Volcarona\n|-damage|p2a: Volcarona|0 fnt\n|faint|p2a: Volcarona\n|\n|upkeep\n|\n|t:|1667140402\n|switch|p2a: Diancie|Diancie-Mega|56\/100\n|turn|30\n|\n|t:|1667140407\n|move|p2a: Diancie|Earth Power|p1a: Heatran\n|-supereffective|p1a: Heatran\n|-damage|p1a: Heatran|0 fnt\n|faint|p1a: Heatran\n|\n|win|BTLT6 clover\n|raw|Navys_1's rating: 1226 &rarr; <strong>1210<\/strong><br \/>(-16 for losing)\n|raw|BTLT6 clover's rating: 1351 &rarr; <strong>1364<\/strong><br \/>(+13 for winning)\n","uploadtime":1667140411,"views":8,"p1id":"navys1","p2id":"btlt6clover","formatid":"gen6ou","rating":1210,"private":0,"password":null}