{"id":"gen6ou-1350530190","p1":"Nice game dude","p2":"dracaufeu shiny","format":"gen6ou","log":"|j|\u2606Nice game dude\n|j|\u2606dracaufeu shiny\n|t:|1622452452\n|gametype|singles\n|player|p1|Nice game dude|cheren|1321\n|player|p2|dracaufeu shiny|silver|1428\n|teamsize|p1|6\n|teamsize|p2|6\n|gen|6\n|tier|[Gen 6] OU\n|rated|\n|rule|Sleep Clause Mod: Limit one foe put to sleep\n|rule|Species Clause: Limit one of each Pok\u00e9mon\n|rule|OHKO Clause: OHKO moves are banned\n|rule|Moody Clause: Moody is banned\n|rule|Evasion Moves Clause: Evasion moves are banned\n|rule|Endless Battle Clause: Forcing endless battles is banned\n|rule|HP Percentage Mod: HP is shown in percentages\n|rule|Swagger Clause: Swagger is banned\n|clearpoke\n|poke|p1|Manectric, M|item\n|poke|p1|Thundurus, M|item\n|poke|p1|Garchomp, F|item\n|poke|p1|Jirachi|item\n|poke|p1|Manaphy|item\n|poke|p1|Breloom, F|item\n|poke|p2|Manectric, M|item\n|poke|p2|Breloom, M|item\n|poke|p2|Garchomp, M|item\n|poke|p2|Manaphy|item\n|poke|p2|Thundurus, M|item\n|poke|p2|Jirachi|item\n|teampreview\n|c|\u2606dracaufeu shiny|TIEN TIEN\n|\n|t:|1622452467\n|start\n|switch|p1a: Manectric|Manectric, M|100\/100\n|switch|p2a: Manectric|Manectric, M|100\/100\n|turn|1\n|\n|t:|1622452483\n|detailschange|p2a: Manectric|Manectric-Mega, M\n|-mega|p2a: Manectric|Manectric|Manectite\n|-ability|p2a: Manectric|Intimidate|boost\n|-unboost|p1a: Manectric|atk|1\n|detailschange|p1a: Manectric|Manectric-Mega, M\n|-mega|p1a: Manectric|Manectric|Manectite\n|-ability|p1a: Manectric|Intimidate|boost\n|-unboost|p2a: Manectric|atk|1\n|move|p1a: Manectric|Volt Switch|p2a: Manectric\n|-resisted|p2a: Manectric\n|-damage|p2a: Manectric|72\/100\n|\n|t:|1622452493\n|switch|p1a: Garchomp|Garchomp, F|100\/100|[from]move: Volt Switch\n|move|p2a: Manectric|Volt Switch|p1a: Garchomp\n|-immune|p1a: Garchomp\n|\n|upkeep\n|turn|2\n|c|\u2606Nice game dude|ah mais j'avais pas vu mdrr\n|\n|t:|1622452522\n|switch|p2a: Manaphy|Manaphy|100\/100\n|move|p1a: Garchomp|Outrage|p2a: Manaphy\n|-damage|p2a: Manaphy|64\/100\n|\n|-heal|p2a: Manaphy|71\/100|[from] item: Leftovers\n|upkeep\n|turn|3\n|\n|t:|1622452532\n|move|p1a: Garchomp|Outrage|p2a: Manaphy|[from]lockedmove\n|-damage|p2a: Manaphy|33\/100\n|move|p2a: Manaphy|Scald|p1a: Garchomp\n|-damage|p1a: Garchomp|69\/100\n|\n|-heal|p2a: Manaphy|39\/100|[from] item: Leftovers\n|upkeep\n|turn|4\n|\n|t:|1622452545\n|move|p1a: Garchomp|Outrage|p2a: Manaphy|[from]lockedmove\n|-damage|p2a: Manaphy|4\/100\n|-start|p1a: Garchomp|confusion|[fatigue]\n|move|p2a: Manaphy|Rest|p2a: Manaphy\n|-status|p2a: Manaphy|slp|[from] move: Rest\n|-heal|p2a: Manaphy|100\/100 slp|[silent]\n|\n|upkeep\n|turn|5\n|\n|t:|1622452558\n|switch|p1a: Breloom|Breloom, F|100\/100\n|switch|p2a: Jirachi|Jirachi|100\/100\n|\n|upkeep\n|turn|6\n|\n|t:|1622452570\n|switch|p1a: Jirachi|Jirachi|100\/100\n|move|p2a: Jirachi|Stealth Rock|p1a: Jirachi\n|-sidestart|p1: Nice game dude|move: Stealth Rock\n|\n|upkeep\n|turn|7\n|\n|t:|1622452576\n|move|p2a: Jirachi|U-turn|p1a: Jirachi\n|-damage|p1a: Jirachi|86\/100\n|\n|t:|1622452580\n|switch|p2a: Garchomp|Garchomp, M|100\/100|[from]move: U-turn\n|move|p1a: Jirachi|Stealth Rock|p2a: Garchomp\n|-sidestart|p2: dracaufeu shiny|move: Stealth Rock\n|\n|-heal|p1a: Jirachi|92\/100|[from] item: Leftovers\n|upkeep\n|turn|8\n|\n|t:|1622452592\n|move|p2a: Garchomp|Outrage|p1a: Jirachi\n|-resisted|p1a: Jirachi\n|-damage|p1a: Jirachi|67\/100\n|move|p1a: Jirachi|U-turn|p2a: Garchomp\n|-damage|p2a: Garchomp|84\/100\n|-damage|p1a: Jirachi|54\/100|[from] ability: Rough Skin|[of] p2a: Garchomp\n|\n|t:|1622452610\n|switch|p1a: Garchomp|Garchomp, F|69\/100|[from]move: U-turn\n|-damage|p1a: Garchomp|63\/100|[from] Stealth Rock\n|\n|upkeep\n|turn|9\n|c|\u2606dracaufeu shiny|AHHH\n|c|\u2606Nice game dude|un autre speed tie\n|c|\u2606Nice game dude|c'est parti\n|\n|t:|1622452621\n|move|p2a: Garchomp|Outrage|p1a: Garchomp|[from]lockedmove\n|-supereffective|p1a: Garchomp\n|-damage|p1a: Garchomp|0 fnt\n|-damage|p2a: Garchomp|71\/100|[from] ability: Rough Skin|[of] p1a: Garchomp\n|faint|p1a: Garchomp\n|\n|upkeep\n|c|\u2606Nice game dude|AHHHHHHHHHHHHHHHHHHHHHHHHHHHH\n|c|\u2606dracaufeu shiny|XD\n|\n|t:|1622452632\n|switch|p1a: Manectric|Manectric-Mega, M|100\/100\n|-damage|p1a: Manectric|88\/100|[from] Stealth Rock\n|-ability|p1a: Manectric|Intimidate|boost\n|-unboost|p2a: Garchomp|atk|1\n|turn|10\n|\n|t:|1622452638\n|move|p2a: Garchomp|Outrage|p1a: Manectric|[from]lockedmove\n|-damage|p1a: Manectric|31\/100\n|-start|p2a: Garchomp|confusion|[fatigue]\n|move|p1a: Manectric|Hidden Power|p2a: Garchomp\n|-supereffective|p2a: Garchomp\n|-damage|p2a: Garchomp|0 fnt\n|faint|p2a: Garchomp\n|\n|upkeep\n|\n|t:|1622452650\n|switch|p2a: Breloom|Breloom, M|100\/100\n|-damage|p2a: Breloom|94\/100|[from] Stealth Rock\n|turn|11\n|\n|t:|1622452655\n|move|p2a: Breloom|Mach Punch|p1a: Manectric\n|-damage|p1a: Manectric|0 fnt\n|faint|p1a: Manectric\n|-damage|p2a: Breloom|84\/100|[from] item: Life Orb\n|\n|upkeep\n|\n|t:|1622452663\n|switch|p1a: Thundurus|Thundurus, M, shiny|100\/100\n|-damage|p1a: Thundurus|76\/100|[from] Stealth Rock\n|turn|12\n|\n|t:|1622452674\n|switch|p2a: Jirachi|Jirachi|100\/100\n|-damage|p2a: Jirachi|94\/100|[from] Stealth Rock\n|move|p1a: Thundurus|Knock Off|p2a: Jirachi\n|-supereffective|p2a: Jirachi\n|-crit|p2a: Jirachi\n|-damage|p2a: Jirachi|0 fnt\n|-enditem|p2a: Jirachi|Leftovers|[from] move: Knock Off|[of] p1a: Thundurus\n|faint|p2a: Jirachi\n|-damage|p1a: Thundurus|66\/100|[from] item: Life Orb\n|\n|upkeep\n|j| vDecimo\n|\n|t:|1622452689\n|switch|p2a: Thundurus|Thundurus, M|100\/100\n|-damage|p2a: Thundurus|76\/100|[from] Stealth Rock\n|turn|13\n|c|\u2606dracaufeu shiny|UN AUTRE\n|c|\u2606Nice game dude|POURQUOI\n|\n|t:|1622452706\n|move|p1a: Thundurus|Knock Off|p2a: Thundurus\n|-crit|p2a: Thundurus\n|-damage|p2a: Thundurus|2\/100\n|-enditem|p2a: Thundurus|Life Orb|[from] move: Knock Off|[of] p1a: Thundurus\n|-damage|p1a: Thundurus|56\/100|[from] item: Life Orb\n|move|p2a: Thundurus|Knock Off|p1a: Thundurus\n|-damage|p1a: Thundurus|15\/100\n|-enditem|p1a: Thundurus|Life Orb|[from] move: Knock Off|[of] p2a: Thundurus\n|\n|upkeep\n|turn|14\n|\n|t:|1622452718\n|move|p1a: Thundurus|Thunderbolt|p2a: Thundurus\n|-damage|p2a: Thundurus|0 fnt\n|faint|p2a: Thundurus\n|\n|upkeep\n|c|\u2606Nice game dude|ahahaha\n|\n|t:|1622452730\n|switch|p2a: Manectric|Manectric-Mega, M|72\/100\n|-damage|p2a: Manectric|60\/100|[from] Stealth Rock\n|-ability|p2a: Manectric|Intimidate|boost\n|-unboost|p1a: Thundurus|atk|1\n|turn|15\n|\n|t:|1622452748\n|move|p2a: Manectric|Thunderbolt|p1a: Thundurus\n|-damage|p1a: Thundurus|0 fnt\n|faint|p1a: Thundurus\n|\n|upkeep\n|\n|t:|1622452808\n|switch|p1a: Breloom|Breloom, F|100\/100\n|-damage|p1a: Breloom|94\/100|[from] Stealth Rock\n|turn|16\n|\n|t:|1622452819\n|move|p1a: Breloom|Mach Punch|p2a: Manectric\n|-damage|p2a: Manectric|4\/100\n|-damage|p1a: Breloom|84\/100|[from] item: Life Orb\n|move|p2a: Manectric|Flamethrower|p1a: Breloom\n|-supereffective|p1a: Breloom\n|-damage|p1a: Breloom|0 fnt\n|faint|p1a: Breloom\n|\n|upkeep\n|c|\u2606Nice game dude|POURQUOI\n|c|\u2606Nice game dude|ptn\n|c|\u2606Nice game dude|c'\u00e9tait un roll entre 54% et 65%\n|c|\u2606Nice game dude|je suis d\u00e9pit\u00e9\n|\n|t:|1622452859\n|switch|p1a: Manaphy|Manaphy|100\/100\n|-damage|p1a: Manaphy|88\/100|[from] Stealth Rock\n|turn|17\n|\n|t:|1622452864\n|move|p2a: Manectric|Thunderbolt|p1a: Manaphy\n|-supereffective|p1a: Manaphy\n|-damage|p1a: Manaphy|9\/100\n|move|p1a: Manaphy|Scald|p2a: Manectric\n|-damage|p2a: Manectric|0 fnt\n|faint|p2a: Manectric\n|\n|-heal|p1a: Manaphy|16\/100|[from] item: Leftovers\n|upkeep\n|\n|t:|1622452876\n|switch|p2a: Breloom|Breloom, M|84\/100\n|-damage|p2a: Breloom|78\/100|[from] Stealth Rock\n|turn|18\n|j| hglrjtljjergherh\n|\n|t:|1622452886\n|switch|p1a: Jirachi|Jirachi|54\/100\n|-damage|p1a: Jirachi|48\/100|[from] Stealth Rock\n|move|p2a: Breloom|Mach Punch|p1a: Jirachi\n|-damage|p1a: Jirachi|15\/100\n|-damage|p2a: Breloom|68\/100|[from] item: Life Orb\n|\n|-heal|p1a: Jirachi|21\/100|[from] item: Leftovers\n|upkeep\n|turn|19\n|\n|t:|1622452897\n|move|p2a: Breloom|Mach Punch|p1a: Jirachi\n|-damage|p1a: Jirachi|0 fnt\n|faint|p1a: Jirachi\n|-damage|p2a: Breloom|58\/100|[from] item: Life Orb\n|\n|upkeep\n|c|\u2606dracaufeu shiny|GG\n|c|\u2606Nice game dude|gg\n|\n|t:|1622452905\n|switch|p1a: Manaphy|Manaphy|16\/100\n|-damage|p1a: Manaphy|3\/100|[from] Stealth Rock\n|turn|20\n|\n|t:|1622452910\n|move|p2a: Breloom|Mach Punch|p1a: Manaphy\n|-damage|p1a: Manaphy|0 fnt\n|faint|p1a: Manaphy\n|-damage|p2a: Breloom|48\/100|[from] item: Life Orb\n|\n|win|dracaufeu shiny\n|raw|Nice game dude's rating: 1321 &rarr; <strong>1307<\/strong><br \/>(-14 for losing)\n|raw|dracaufeu shiny's rating: 1428 &rarr; <strong>1442<\/strong><br \/>(+14 for winning)\n|l|\u2606Nice game dude\n","uploadtime":1622453018,"views":9,"p1id":"nicegamedude","p2id":"dracaufeushiny","formatid":"gen6ou","rating":1307,"private":0,"password":null}