{"id":"gen6monotype-1703501175","p1":"apparition affair","p2":"frol1.","format":"gen6monotype","log":"|j|\u2606apparition affair\n|j|\u2606frol1.\n|inactive|Battle timer is ON: inactive players will automatically lose when time's up.\n|t:|1667669191\n|gametype|singles\n|player|p1|apparition affair|lucas|\n|player|p2|frol1.|idol|\n|teamsize|p1|6\n|teamsize|p2|6\n|gen|6\n|tier|[Gen 6] Monotype\n|rated|Tournament battle\n|rule|Sleep Clause Mod: Limit one foe put to sleep\n|rule|Species Clause: Limit one of each Pok\u00e9mon\n|rule|OHKO Clause: OHKO moves are banned\n|rule|Moody Clause: Moody is banned\n|rule|Evasion Items Clause: Evasion items are banned\n|rule|Evasion Moves Clause: Evasion moves are banned\n|rule|Endless Battle Clause: Forcing endless battles is banned\n|rule|HP Percentage Mod: HP is shown in percentages\n|rule|Swagger Clause: Swagger is banned\n|rule|Same Type Clause: Pok\u00e9mon in a team must share a type\n|clearpoke\n|poke|p1|Scizor, M|item\n|poke|p1|Skarmory, M|item\n|poke|p1|Ferrothorn, M|item\n|poke|p1|Heatran, M|item\n|poke|p1|Excadrill, M|item\n|poke|p1|Magnezone|item\n|poke|p2|Keldeo-Resolute|item\n|poke|p2|Politoed, F|item\n|poke|p2|Kingdra, F|item\n|poke|p2|Azumarill, M|item\n|poke|p2|Seismitoad, F|item\n|poke|p2|Sharpedo, M|item\n|teampreview\n|c|\u2606frol1.|hf\n|c|\u2606apparition affair|u2\n|\n|t:|1667669210\n|start\n|switch|p1a: Magnezone|Magnezone|100\/100\n|switch|p2a: Azumarill|Azumarill, M|100\/100\n|turn|1\n|\n|t:|1667669216\n|switch|p2a: Seismitoad|Seismitoad, F|100\/100\n|move|p1a: Magnezone|Volt Switch|p2a: Seismitoad\n|-immune|p2a: Seismitoad\n|\n|upkeep\n|turn|2\n|\n|t:|1667669220\n|move|p1a: Magnezone|Volt Switch|p2a: Seismitoad\n|-immune|p2a: Seismitoad\n|move|p2a: Seismitoad|Stealth Rock|p1a: Magnezone\n|-sidestart|p1: apparition affair|move: Stealth Rock\n|\n|upkeep\n|turn|3\n|\n|t:|1667669224\n|switch|p1a: Ferrothorn|Ferrothorn, M|100\/100\n|-damage|p1a: Ferrothorn|94\/100|[from] Stealth Rock\n|move|p2a: Seismitoad|Earthquake|p1a: Ferrothorn\n|-damage|p1a: Ferrothorn|63\/100\n|\n|-heal|p1a: Ferrothorn|69\/100|[from] item: Leftovers\n|upkeep\n|turn|4\n|\n|t:|1667669228\n|move|p2a: Seismitoad|Earthquake|p1a: Ferrothorn\n|-damage|p1a: Ferrothorn|40\/100\n|move|p1a: Ferrothorn|Power Whip|p2a: Seismitoad|[miss]\n|-miss|p1a: Ferrothorn|p2a: Seismitoad\n|\n|-heal|p1a: Ferrothorn|46\/100|[from] item: Leftovers\n|upkeep\n|turn|5\n|\n|t:|1667669232\n|move|p2a: Seismitoad|Earthquake|p1a: Ferrothorn\n|-damage|p1a: Ferrothorn|15\/100\n|move|p1a: Ferrothorn|Leech Seed|p2a: Seismitoad\n|-start|p2a: Seismitoad|move: Leech Seed\n|\n|-heal|p1a: Ferrothorn|22\/100|[from] item: Leftovers\n|-damage|p2a: Seismitoad|88\/100|[from] Leech Seed|[of] p1a: Ferrothorn\n|-heal|p1a: Ferrothorn|34\/100|[silent]\n|upkeep\n|turn|6\n|\n|t:|1667669238\n|move|p2a: Seismitoad|Rain Dance|p2a: Seismitoad\n|-weather|RainDance\n|move|p1a: Ferrothorn|Power Whip|p2a: Seismitoad\n|-supereffective|p2a: Seismitoad\n|-damage|p2a: Seismitoad|0 fnt\n|faint|p2a: Seismitoad\n|\n|-weather|RainDance|[upkeep]\n|-heal|p1a: Ferrothorn|40\/100|[from] item: Leftovers\n|upkeep\n|j| mauby\u266c\n|\n|t:|1667669241\n|switch|p2a: Keldeo|Keldeo-Resolute|100\/100\n|turn|7\n|\n|t:|1667669247\n|move|p1a: Ferrothorn|Protect|p1a: Ferrothorn\n|-singleturn|p1a: Ferrothorn|Protect\n|move|p2a: Keldeo|Secret Sword|p1a: Ferrothorn\n|-activate|p1a: Ferrothorn|move: Protect\n|\n|-weather|RainDance|[upkeep]\n|-heal|p1a: Ferrothorn|46\/100|[from] item: Leftovers\n|upkeep\n|turn|8\n|\n|t:|1667669257\n|switch|p1a: Skarmory|Skarmory, M|100\/100\n|-damage|p1a: Skarmory|88\/100|[from] Stealth Rock\n|move|p2a: Keldeo|Secret Sword|p1a: Skarmory\n|-damage|p1a: Skarmory|50\/100\n|\n|-weather|RainDance|[upkeep]\n|-heal|p1a: Skarmory|56\/100|[from] item: Leftovers\n|upkeep\n|turn|9\n|\n|t:|1667669265\n|switch|p2a: Kingdra|Kingdra, F|100\/100\n|switch|p1a: Ferrothorn|Ferrothorn, M|46\/100\n|-damage|p1a: Ferrothorn|40\/100|[from] Stealth Rock\n|\n|-weather|RainDance|[upkeep]\n|-heal|p1a: Ferrothorn|46\/100|[from] item: Leftovers\n|upkeep\n|turn|10\n|\n|t:|1667669273\n|switch|p2a: Keldeo|Keldeo-Resolute|100\/100\n|move|p1a: Ferrothorn|Power Whip|p2a: Keldeo\n|-supereffective|p2a: Keldeo\n|-damage|p2a: Keldeo|13\/100\n|\n|-weather|none\n|-heal|p1a: Ferrothorn|52\/100|[from] item: Leftovers\n|upkeep\n|turn|11\n|\n|t:|1667669278\n|move|p1a: Ferrothorn|Protect|p1a: Ferrothorn\n|-singleturn|p1a: Ferrothorn|Protect\n|move|p2a: Keldeo|Secret Sword|p1a: Ferrothorn\n|-activate|p1a: Ferrothorn|move: Protect\n|\n|-heal|p1a: Ferrothorn|59\/100|[from] item: Leftovers\n|upkeep\n|turn|12\n|\n|t:|1667669282\n|switch|p1a: Heatran|Heatran, M|100\/100\n|-damage|p1a: Heatran|88\/100|[from] Stealth Rock\n|move|p2a: Keldeo|Secret Sword|p1a: Heatran\n|-supereffective|p1a: Heatran\n|-damage|p1a: Heatran|0 fnt\n|faint|p1a: Heatran\n|\n|upkeep\n|\n|t:|1667669284\n|switch|p1a: Magnezone|Magnezone|100\/100\n|-damage|p1a: Magnezone|94\/100|[from] Stealth Rock\n|turn|13\n|\n|t:|1667669293\n|switch|p1a: Ferrothorn|Ferrothorn, M|59\/100\n|-damage|p1a: Ferrothorn|52\/100|[from] Stealth Rock\n|switch|p2a: Politoed|Politoed, F|100\/100\n|-weather|RainDance|[from] ability: Drizzle|[of] p2a: Politoed\n|\n|-weather|RainDance|[upkeep]\n|-heal|p1a: Ferrothorn|59\/100|[from] item: Leftovers\n|upkeep\n|turn|14\n|\n|t:|1667669307\n|move|p2a: Politoed|Scald|p1a: Ferrothorn\n|-resisted|p1a: Ferrothorn\n|-crit|p1a: Ferrothorn\n|-damage|p1a: Ferrothorn|38\/100\n|move|p1a: Ferrothorn|Spikes|p2a: Politoed\n|-sidestart|p2: frol1.|Spikes\n|\n|-weather|RainDance|[upkeep]\n|-heal|p1a: Ferrothorn|44\/100|[from] item: Leftovers\n|upkeep\n|turn|15\n|\n|t:|1667669311\n|switch|p1a: Magnezone|Magnezone|94\/100\n|-damage|p1a: Magnezone|88\/100|[from] Stealth Rock\n|move|p2a: Politoed|Encore||[still]\n|-fail|p2a: Politoed\n|\n|-weather|RainDance|[upkeep]\n|upkeep\n|turn|16\n|\n|t:|1667669317\n|move|p1a: Magnezone|Thunderbolt|p2a: Politoed\n|-supereffective|p2a: Politoed\n|-damage|p2a: Politoed|42\/100\n|-enditem|p2a: Politoed|Eject Button\n|\n|t:|1667669322\n|switch|p2a: Kingdra|Kingdra, F|100\/100\n|-damage|p2a: Kingdra|88\/100|[from] Spikes\n|\n|-weather|RainDance|[upkeep]\n|upkeep\n|turn|17\n|\n|t:|1667669329\n|switch|p1a: Skarmory|Skarmory, M|56\/100\n|-damage|p1a: Skarmory|44\/100|[from] Stealth Rock\n|move|p2a: Kingdra|Surf|p1a: Skarmory\n|-damage|p1a: Skarmory|0 fnt\n|faint|p1a: Skarmory\n|\n|-weather|none\n|upkeep\n|\n|t:|1667669331\n|switch|p1a: Ferrothorn|Ferrothorn, M|44\/100\n|-damage|p1a: Ferrothorn|38\/100|[from] Stealth Rock\n|turn|18\n|\n|t:|1667669342\n|switch|p2a: Sharpedo|Sharpedo, M|100\/100\n|-damage|p2a: Sharpedo|88\/100|[from] Spikes\n|move|p1a: Ferrothorn|Leech Seed|p2a: Sharpedo\n|-start|p2a: Sharpedo|move: Leech Seed\n|\n|-heal|p1a: Ferrothorn|44\/100|[from] item: Leftovers\n|-damage|p2a: Sharpedo|76\/100|[from] Leech Seed|[of] p1a: Ferrothorn\n|-heal|p1a: Ferrothorn|54\/100|[silent]\n|upkeep\n|turn|19\n|\n|t:|1667669347\n|detailschange|p2a: Sharpedo|Sharpedo-Mega, M\n|-mega|p2a: Sharpedo|Sharpedo|Sharpedonite\n|move|p2a: Sharpedo|Crunch|p1a: Ferrothorn\n|-damage|p1a: Ferrothorn|1\/100\n|-damage|p2a: Sharpedo|63\/100|[from] ability: Iron Barbs|[of] p1a: Ferrothorn\n|move|p1a: Ferrothorn|Spikes|p2a: Sharpedo\n|-sidestart|p2: frol1.|Spikes\n|\n|-heal|p1a: Ferrothorn|7\/100|[from] item: Leftovers\n|-damage|p2a: Sharpedo|51\/100|[from] Leech Seed|[of] p1a: Ferrothorn\n|-heal|p1a: Ferrothorn|17\/100|[silent]\n|upkeep\n|turn|20\n|\n|t:|1667669354\n|move|p1a: Ferrothorn|Protect|p1a: Ferrothorn\n|-singleturn|p1a: Ferrothorn|Protect\n|move|p2a: Sharpedo|Crunch|p1a: Ferrothorn\n|-activate|p1a: Ferrothorn|move: Protect\n|\n|-heal|p1a: Ferrothorn|24\/100|[from] item: Leftovers\n|-damage|p2a: Sharpedo|38\/100|[from] Leech Seed|[of] p1a: Ferrothorn\n|-heal|p1a: Ferrothorn|33\/100|[silent]\n|upkeep\n|turn|21\n|\n|t:|1667669366\n|switch|p1a: Excadrill|Excadrill, M|100\/100\n|-damage|p1a: Excadrill|97\/100|[from] Stealth Rock\n|-ability|p1a: Excadrill|Mold Breaker\n|move|p2a: Sharpedo|Crunch|p1a: Excadrill\n|-damage|p1a: Excadrill|0 fnt\n|faint|p1a: Excadrill\n|\n|upkeep\n|\n|t:|1667669368\n|switch|p1a: Magnezone|Magnezone|88\/100\n|-damage|p1a: Magnezone|82\/100|[from] Stealth Rock\n|turn|22\n|inactive|frol1. has 120 seconds left.\n|\n|t:|1667669422\n|move|p1a: Magnezone|Volt Switch|p2a: Sharpedo\n|-supereffective|p2a: Sharpedo\n|-damage|p2a: Sharpedo|0 fnt\n|faint|p2a: Sharpedo\n|\n|t:|1667669425\n|switch|p1a: Ferrothorn|Ferrothorn, M|33\/100|[from]move: Volt Switch\n|-damage|p1a: Ferrothorn|27\/100|[from] Stealth Rock\n|\n|-heal|p1a: Ferrothorn|33\/100|[from] item: Leftovers\n|upkeep\n|\n|t:|1667669431\n|switch|p2a: Azumarill|Azumarill, M|100\/100\n|-damage|p2a: Azumarill|84\/100|[from] Spikes\n|turn|23\n|\n|t:|1667669447\n|move|p1a: Ferrothorn|Protect|p1a: Ferrothorn\n|-singleturn|p1a: Ferrothorn|Protect\n|move|p2a: Azumarill|Superpower|p1a: Ferrothorn\n|-activate|p1a: Ferrothorn|move: Protect\n|\n|-heal|p1a: Ferrothorn|40\/100|[from] item: Leftovers\n|upkeep\n|turn|24\n|\n|t:|1667669460\n|switch|p1a: Magnezone|Magnezone|82\/100\n|-damage|p1a: Magnezone|76\/100|[from] Stealth Rock\n|move|p2a: Azumarill|Superpower|p1a: Magnezone\n|-supereffective|p1a: Magnezone\n|-damage|p1a: Magnezone|0 fnt\n|-unboost|p2a: Azumarill|atk|1\n|-unboost|p2a: Azumarill|def|1\n|faint|p1a: Magnezone\n|\n|upkeep\n|\n|t:|1667669462\n|switch|p1a: Scizor|Scizor, M|100\/100\n|-damage|p1a: Scizor|88\/100|[from] Stealth Rock\n|turn|25\n|\n|t:|1667669464\n|switch|p2a: Politoed|Politoed, F|42\/100\n|-damage|p2a: Politoed|26\/100|[from] Spikes\n|-weather|RainDance|[from] ability: Drizzle|[of] p2a: Politoed\n|detailschange|p1a: Scizor|Scizor-Mega, M\n|-mega|p1a: Scizor|Scizor|Scizorite\n|move|p1a: Scizor|Swords Dance|p1a: Scizor\n|-boost|p1a: Scizor|atk|2\n|\n|-weather|RainDance|[upkeep]\n|upkeep\n|turn|26\n|inactive|apparition affair has 120 seconds left.\n|inactive|apparition affair has 90 seconds left.\n|\n|t:|1667669542\n|switch|p1a: Ferrothorn|Ferrothorn, M|40\/100\n|-damage|p1a: Ferrothorn|33\/100|[from] Stealth Rock\n|move|p2a: Politoed|Encore||[still]\n|-fail|p2a: Politoed\n|\n|-weather|RainDance|[upkeep]\n|-heal|p1a: Ferrothorn|40\/100|[from] item: Leftovers\n|upkeep\n|turn|27\n|inactive|apparition affair has 60 seconds left.\n|inactive|frol1. has 120 seconds left.\n|\n|t:|1667669589\n|switch|p2a: Keldeo|Keldeo-Resolute|13\/100\n|-damage|p2a: Keldeo|0 fnt|[from] Spikes\n|faint|p2a: Keldeo\n|move|p1a: Ferrothorn|Spikes|p2: Keldeo\n|-sidestart|p2: frol1.|Spikes\n|\n|-weather|RainDance|[upkeep]\n|-heal|p1a: Ferrothorn|46\/100|[from] item: Leftovers\n|upkeep\n|\n|t:|1667669591\n|switch|p2a: Azumarill|Azumarill, M|84\/100\n|-damage|p2a: Azumarill|59\/100|[from] Spikes\n|turn|28\n|\n|t:|1667669595\n|move|p1a: Ferrothorn|Protect|p1a: Ferrothorn\n|-singleturn|p1a: Ferrothorn|Protect\n|move|p2a: Azumarill|Superpower|p1a: Ferrothorn\n|-activate|p1a: Ferrothorn|move: Protect\n|\n|-weather|RainDance|[upkeep]\n|-heal|p1a: Ferrothorn|52\/100|[from] item: Leftovers\n|upkeep\n|turn|29\n|\n|t:|1667669600\n|switch|p1a: Scizor|Scizor-Mega, M|88\/100\n|-damage|p1a: Scizor|76\/100|[from] Stealth Rock\n|move|p2a: Azumarill|Superpower|p1a: Scizor\n|-damage|p1a: Scizor|28\/100\n|-unboost|p2a: Azumarill|atk|1\n|-unboost|p2a: Azumarill|def|1\n|\n|-weather|none\n|upkeep\n|turn|30\n|\n|t:|1667669607\n|switch|p2a: Politoed|Politoed, F|26\/100\n|-damage|p2a: Politoed|1\/100|[from] Spikes\n|-weather|RainDance|[from] ability: Drizzle|[of] p2a: Politoed\n|move|p1a: Scizor|Bullet Punch|p2a: Politoed\n|-resisted|p2a: Politoed\n|-damage|p2a: Politoed|0 fnt\n|faint|p2a: Politoed\n|\n|-weather|RainDance|[upkeep]\n|upkeep\n|\n|t:|1667669613\n|switch|p2a: Kingdra|Kingdra, F|88\/100\n|-damage|p2a: Kingdra|63\/100|[from] Spikes\n|turn|31\n|\n|t:|1667669616\n|switch|p1a: Ferrothorn|Ferrothorn, M|52\/100\n|-damage|p1a: Ferrothorn|46\/100|[from] Stealth Rock\n|move|p2a: Kingdra|Surf|p1a: Ferrothorn\n|-resisted|p1a: Ferrothorn\n|-damage|p1a: Ferrothorn|11\/100\n|\n|-weather|RainDance|[upkeep]\n|-heal|p1a: Ferrothorn|18\/100|[from] item: Leftovers\n|upkeep\n|turn|32\n|\n|t:|1667669620\n|move|p1a: Ferrothorn|Protect|p1a: Ferrothorn\n|-singleturn|p1a: Ferrothorn|Protect\n|move|p2a: Kingdra|Surf|p1a: Ferrothorn\n|-activate|p1a: Ferrothorn|move: Protect\n|\n|-weather|RainDance|[upkeep]\n|-heal|p1a: Ferrothorn|24\/100|[from] item: Leftovers\n|upkeep\n|turn|33\n|\n|t:|1667669632\n|move|p1a: Ferrothorn|Protect||[still]\n|-fail|p1a: Ferrothorn\n|move|p2a: Kingdra|Surf|p1a: Ferrothorn\n|-resisted|p1a: Ferrothorn\n|-crit|p1a: Ferrothorn\n|-damage|p1a: Ferrothorn|0 fnt\n|faint|p1a: Ferrothorn\n|\n|-weather|RainDance|[upkeep]\n|upkeep\n|\n|t:|1667669633\n|switch|p1a: Scizor|Scizor-Mega, M|28\/100\n|-damage|p1a: Scizor|16\/100|[from] Stealth Rock\n|turn|34\n|\n|t:|1667669635\n|move|p1a: Scizor|Bullet Punch|p2a: Kingdra\n|-resisted|p2a: Kingdra\n|-damage|p2a: Kingdra|45\/100\n|move|p2a: Kingdra|Surf|p1a: Scizor\n|-damage|p1a: Scizor|0 fnt\n|faint|p1a: Scizor\n|\n|win|frol1.\n|n|\u2606apparition affair|apparitionaffair\n|n|\u2606frol1.|frol1\n|n| mauby\u266c|mauby\n|c|\u2606apparition affair|gg\n|c|\u2606frol1.|gg\n","uploadtime":1667669675,"views":10,"p1id":"apparitionaffair","p2id":"frol1","formatid":"gen6monotype","rating":0,"private":0,"password":null}