{"id":"gen6ou-1589063588","p1":"ULT4PDR Be spoiled","p2":"crying snow","format":"gen6ou","log":"|raw|<div class=\"broadcast-blue\"><strong>This battle is required to be public due to a player having a name starting with 'ult4pdr'.<\/div>\n|j|\u2606ULT4PDR Be spoiled\n|j|\u2606crying snow\n|t:|1654344781\n|gametype|singles\n|player|p1|ULT4PDR Be spoiled|cynthia|\n|player|p2|crying snow|kimonogirl|\n|teamsize|p1|6\n|teamsize|p2|6\n|gen|6\n|tier|[Gen 6] OU\n|rule|Sleep Clause Mod: Limit one foe put to sleep\n|rule|Species Clause: Limit one of each Pok\u00e9mon\n|rule|OHKO Clause: OHKO moves are banned\n|rule|Moody Clause: Moody is banned\n|rule|Evasion Moves Clause: Evasion moves are banned\n|rule|Endless Battle Clause: Forcing endless battles is banned\n|rule|HP Percentage Mod: HP is shown in percentages\n|rule|Swagger Clause: Swagger is banned\n|clearpoke\n|poke|p1|Scizor, M|item\n|poke|p1|Latios, M|item\n|poke|p1|Hippowdon, F|item\n|poke|p1|Manaphy|item\n|poke|p1|Thundurus, M|item\n|poke|p1|Heatran, F|item\n|poke|p2|Azumarill, M|item\n|poke|p2|Skarmory, M|item\n|poke|p2|Lopunny, F|item\n|poke|p2|Serperior, M|item\n|poke|p2|Bisharp, M|item\n|poke|p2|Thundurus, M|item\n|teampreview\n|c|\u2606ULT4PDR Be spoiled|hf\n|c|\u2606crying snow|u2\n|\n|t:|1654344803\n|start\n|switch|p1a: Thundurus|Thundurus, M|100\/100\n|switch|p2a: Skarmory|Skarmory, M|100\/100\n|turn|1\n|\n|t:|1654344810\n|move|p1a: Thundurus|Thunderbolt|p2a: Skarmory\n|-supereffective|p2a: Skarmory\n|-ability|p2a: Skarmory|Sturdy\n|-damage|p2a: Skarmory|1\/100\n|-status|p2a: Skarmory|par\n|move|p2a: Skarmory|Stealth Rock|p1a: Thundurus\n|-sidestart|p1: ULT4PDR Be spoiled|move: Stealth Rock\n|\n|upkeep\n|turn|2\n|-enditem|p2a: Skarmory|Custap Berry|[eat]\n|-activate|p2a: Skarmory|item: Custap Berry|[consumed]\n|\n|t:|1654344829\n|move|p2a: Skarmory|Brave Bird|p1a: Thundurus\n|-resisted|p1a: Thundurus\n|-damage|p1a: Thundurus|69\/100\n|-damage|p2a: Skarmory|0 fnt|[from] Recoil\n|faint|p2a: Skarmory\n|move|p1a: Thundurus|Hidden Power|p2: Skarmory|[notarget]\n|-fail|p1a: Thundurus\n|\n|-heal|p1a: Thundurus|75\/100|[from] item: Leftovers\n|upkeep\n|\n|t:|1654344851\n|switch|p2a: Serperior|Serperior, M|100\/100\n|turn|3\n|\n|t:|1654344858\n|switch|p1a: Heatran|Heatran, F|100\/100\n|-damage|p1a: Heatran|88\/100|[from] Stealth Rock\n|move|p2a: Serperior|Light Screen|p2a: Serperior\n|-sidestart|p2: crying snow|move: Light Screen\n|\n|-heal|p1a: Heatran|94\/100|[from] item: Leftovers\n|upkeep\n|turn|4\n|\n|t:|1654344875\n|switch|p2a: Thundurus|Thundurus, M|100\/100\n|move|p1a: Heatran|Magma Storm|p2a: Thundurus\n|-damage|p2a: Thundurus|69\/100\n|-activate|p2a: Thundurus|move: Magma Storm|[of] p1a: Heatran\n|\n|-heal|p2a: Thundurus|75\/100|[from] item: Leftovers\n|-heal|p1a: Heatran|100\/100|[from] item: Leftovers\n|-damage|p2a: Thundurus|63\/100|[from] move: Magma Storm|[partiallytrapped]\n|upkeep\n|turn|5\n|\n|t:|1654344881\n|move|p2a: Thundurus|Nasty Plot|p2a: Thundurus\n|-boost|p2a: Thundurus|spa|2\n|move|p1a: Heatran|Toxic|p2a: Thundurus\n|-status|p2a: Thundurus|tox\n|\n|-heal|p2a: Thundurus|69\/100 tox|[from] item: Leftovers\n|-damage|p2a: Thundurus|63\/100 tox|[from] psn\n|-damage|p2a: Thundurus|51\/100 tox|[from] move: Magma Storm|[partiallytrapped]\n|upkeep\n|turn|6\n|\n|t:|1654344891\n|move|p2a: Thundurus|Focus Blast|p1a: Heatran\n|-supereffective|p1a: Heatran\n|-damage|p1a: Heatran|0 fnt\n|faint|p1a: Heatran\n|\n|-heal|p2a: Thundurus|57\/100 tox|[from] item: Leftovers\n|-damage|p2a: Thundurus|45\/100 tox|[from] psn\n|-end|p2a: Thundurus|Magma Storm|[partiallytrapped]|[silent]\n|upkeep\n|\n|t:|1654344898\n|switch|p1a: Thundurus|Thundurus, M|75\/100\n|-damage|p1a: Thundurus|50\/100|[from] Stealth Rock\n|turn|7\n|\n|t:|1654344902\n|move|p2a: Thundurus|Hidden Power|p1a: Thundurus\n|-supereffective|p1a: Thundurus\n|-damage|p1a: Thundurus|0 fnt\n|faint|p1a: Thundurus\n|\n|-heal|p2a: Thundurus|51\/100 tox|[from] item: Leftovers\n|-damage|p2a: Thundurus|33\/100 tox|[from] psn\n|upkeep\n|\n|t:|1654344906\n|switch|p1a: Scizor|Scizor, M|100\/100\n|-damage|p1a: Scizor|88\/100|[from] Stealth Rock\n|turn|8\n|\n|t:|1654344914\n|switch|p1a: Hippowdon|Hippowdon, F|100\/100\n|-damage|p1a: Hippowdon|94\/100|[from] Stealth Rock\n|-weather|Sandstorm|[from] ability: Sand Stream|[of] p1a: Hippowdon\n|move|p2a: Thundurus|Thunderbolt|p1a: Hippowdon\n|-immune|p1a: Hippowdon\n|\n|-weather|Sandstorm|[upkeep]\n|-damage|p2a: Thundurus|27\/100 tox|[from] Sandstorm\n|-heal|p2a: Thundurus|33\/100 tox|[from] item: Leftovers\n|-heal|p1a: Hippowdon|100\/100|[from] item: Leftovers\n|-damage|p2a: Thundurus|9\/100 tox|[from] psn\n|upkeep\n|turn|9\n|\n|t:|1654344919\n|move|p2a: Thundurus|Hidden Power|p1a: Hippowdon\n|-supereffective|p1a: Hippowdon\n|-damage|p1a: Hippowdon|24\/100\n|move|p1a: Hippowdon|Slack Off|p1a: Hippowdon\n|-heal|p1a: Hippowdon|74\/100\n|\n|-weather|Sandstorm|[upkeep]\n|-damage|p2a: Thundurus|3\/100 tox|[from] Sandstorm\n|-heal|p2a: Thundurus|9\/100 tox|[from] item: Leftovers\n|-heal|p1a: Hippowdon|80\/100|[from] item: Leftovers\n|-damage|p2a: Thundurus|0 fnt|[from] psn\n|faint|p2a: Thundurus\n|upkeep\n|\n|t:|1654344929\n|switch|p2a: Serperior|Serperior, M|100\/100\n|turn|10\n|\n|t:|1654344932\n|switch|p1a: Scizor|Scizor, M|88\/100\n|-damage|p1a: Scizor|76\/100|[from] Stealth Rock\n|move|p2a: Serperior|Leaf Storm|p1a: Scizor\n|-resisted|p1a: Scizor\n|-damage|p1a: Scizor|67\/100\n|-boost|p2a: Serperior|spa|2\n|\n|-weather|Sandstorm|[upkeep]\n|-damage|p2a: Serperior|94\/100|[from] Sandstorm\n|-sideend|p2: crying snow|move: Light Screen\n|upkeep\n|turn|11\n|\n|t:|1654344948\n|detailschange|p1a: Scizor|Scizor-Mega, M\n|-mega|p1a: Scizor|Scizor|Scizorite\n|move|p2a: Serperior|Reflect|p2a: Serperior\n|-sidestart|p2: crying snow|Reflect\n|move|p1a: Scizor|Roost|p1a: Scizor\n|-heal|p1a: Scizor|100\/100\n|-singleturn|p1a: Scizor|move: Roost\n|\n|-weather|Sandstorm|[upkeep]\n|-damage|p2a: Serperior|88\/100|[from] Sandstorm\n|upkeep\n|turn|12\n|\n|t:|1654344952\n|move|p1a: Scizor|Bullet Punch|p2a: Serperior\n|-crit|p2a: Serperior\n|-damage|p2a: Serperior|38\/100\n|move|p2a: Serperior|Glare|p1a: Scizor\n|-status|p1a: Scizor|par\n|\n|-weather|none\n|upkeep\n|turn|13\n|\n|t:|1654344959\n|move|p2a: Serperior|Light Screen|p2a: Serperior\n|-sidestart|p2: crying snow|move: Light Screen\n|move|p1a: Scizor|U-turn|p2a: Serperior\n|-supereffective|p2a: Serperior\n|-damage|p2a: Serperior|0 fnt\n|faint|p2a: Serperior\n|\n|t:|1654344964\n|switch|p1a: Hippowdon|Hippowdon, F|80\/100|[from]move: U-turn\n|-damage|p1a: Hippowdon|74\/100|[from] Stealth Rock\n|-weather|Sandstorm|[from] ability: Sand Stream|[of] p1a: Hippowdon\n|\n|-weather|Sandstorm|[upkeep]\n|-heal|p1a: Hippowdon|80\/100|[from] item: Leftovers\n|upkeep\n|\n|t:|1654344984\n|switch|p2a: Azumarill|Azumarill, M|100\/100\n|turn|14\n|\n|t:|1654345001\n|move|p2a: Azumarill|Knock Off|p1a: Hippowdon\n|-damage|p1a: Hippowdon|56\/100\n|-enditem|p1a: Hippowdon|Leftovers|[from] move: Knock Off|[of] p2a: Azumarill\n|move|p1a: Hippowdon|Whirlwind|p2a: Azumarill\n|drag|p2a: Lopunny|Lopunny, F|100\/100\n|\n|-weather|Sandstorm|[upkeep]\n|-damage|p2a: Lopunny|95\/100|[from] Sandstorm\n|upkeep\n|turn|15\n|\n|t:|1654345006\n|detailschange|p2a: Lopunny|Lopunny-Mega, F\n|-mega|p2a: Lopunny|Lopunny|Lopunnite\n|move|p2a: Lopunny|Fake Out|p1a: Hippowdon\n|-damage|p1a: Hippowdon|41\/100\n|cant|p1a: Hippowdon|flinch\n|\n|-weather|Sandstorm|[upkeep]\n|-damage|p2a: Lopunny|89\/100|[from] Sandstorm\n|upkeep\n|turn|16\n|\n|t:|1654345010\n|move|p2a: Lopunny|High Jump Kick|p1a: Hippowdon\n|-damage|p1a: Hippowdon|0 fnt\n|faint|p1a: Hippowdon\n|\n|-weather|Sandstorm|[upkeep]\n|-damage|p2a: Lopunny|83\/100|[from] Sandstorm\n|upkeep\n|\n|t:|1654345014\n|switch|p1a: Latios|Latios, M|100\/100\n|-damage|p1a: Latios|88\/100|[from] Stealth Rock\n|turn|17\n|\n|t:|1654345021\n|switch|p2a: Bisharp|Bisharp, M|100\/100\n|move|p1a: Latios|Surf|p2a: Bisharp\n|-damage|p2a: Bisharp|63\/100\n|\n|-weather|none\n|upkeep\n|turn|18\n|\n|t:|1654345029\n|move|p1a: Latios|Surf|p2a: Bisharp\n|-damage|p2a: Bisharp|22\/100\n|move|p2a: Bisharp|Swords Dance|p2a: Bisharp\n|-boost|p2a: Bisharp|atk|2\n|\n|-sideend|p2: crying snow|Reflect\n|upkeep\n|turn|19\n|\n|t:|1654345033\n|switch|p1a: Scizor|Scizor-Mega, M|100\/100 par\n|-damage|p1a: Scizor|88\/100 par|[from] Stealth Rock\n|move|p2a: Bisharp|Sucker Punch||[still]\n|-fail|p2a: Bisharp\n|\n|upkeep\n|turn|20\n|\n|t:|1654345043\n|move|p1a: Scizor|Bullet Punch|p2a: Bisharp\n|-resisted|p2a: Bisharp\n|-damage|p2a: Bisharp|0 fnt\n|faint|p2a: Bisharp\n|\n|-sideend|p2: crying snow|move: Light Screen\n|upkeep\n|\n|t:|1654345050\n|switch|p2a: Azumarill|Azumarill, M|100\/100\n|turn|21\n|\n|t:|1654345053\n|move|p1a: Scizor|Bullet Punch|p2a: Azumarill\n|-damage|p2a: Azumarill|56\/100\n|move|p2a: Azumarill|Belly Drum|p2a: Azumarill\n|-damage|p2a: Azumarill|6\/100\n|-setboost|p2a: Azumarill|atk|6|[from] move: Belly Drum\n|-enditem|p2a: Azumarill|Sitrus Berry|[eat]\n|-heal|p2a: Azumarill|31\/100|[from] item: Sitrus Berry\n|\n|upkeep\n|turn|22\n|\n|t:|1654345057\n|move|p2a: Azumarill|Aqua Jet|p1a: Scizor\n|-damage|p1a: Scizor|8\/100 par\n|cant|p1a: Scizor|par\n|\n|upkeep\n|turn|23\n|\n|t:|1654345062\n|move|p2a: Azumarill|Aqua Jet|p1a: Scizor\n|-crit|p1a: Scizor\n|-damage|p1a: Scizor|0 fnt\n|faint|p1a: Scizor\n|\n|upkeep\n|\n|t:|1654345064\n|switch|p1a: Manaphy|Manaphy|100\/100\n|-damage|p1a: Manaphy|88\/100|[from] Stealth Rock\n|turn|24\n|\n|t:|1654345069\n|move|p2a: Azumarill|Aqua Jet|p1a: Manaphy\n|-resisted|p1a: Manaphy\n|-damage|p1a: Manaphy|46\/100\n|move|p1a: Manaphy|Energy Ball|p2a: Azumarill\n|-supereffective|p2a: Azumarill\n|-damage|p2a: Azumarill|0 fnt\n|faint|p2a: Azumarill\n|\n|-heal|p1a: Manaphy|52\/100|[from] item: Leftovers\n|upkeep\n|\n|t:|1654345071\n|switch|p2a: Lopunny|Lopunny-Mega, F|83\/100\n|turn|25\n|inactive|Battle timer is ON: inactive players will automatically lose when time's up. (requested by ULT4PDR Be spoiled)\n|\n|t:|1654345089\n|move|p2a: Lopunny|High Jump Kick|p1a: Manaphy\n|-damage|p1a: Manaphy|0 fnt\n|faint|p1a: Manaphy\n|\n|upkeep\n|\n|t:|1654345092\n|switch|p1a: Latios|Latios, M|88\/100\n|-damage|p1a: Latios|76\/100|[from] Stealth Rock\n|turn|26\n|\n|t:|1654345095\n|move|p2a: Lopunny|Return|p1a: Latios\n|-crit|p1a: Latios\n|-damage|p1a: Latios|0 fnt\n|faint|p1a: Latios\n|\n|win|crying snow\n|c|\u2606crying snow|gg\n|l|\u2606ULT4PDR Be spoiled\n","uploadtime":1654345118,"views":12,"p1id":"ult4pdrbespoiled","p2id":"cryingsnow","formatid":"gen6ou","rating":0,"private":0,"password":null}