{"id":"gen6ou-995494062","p1":"Spritzalcianuro96","p2":"lord cube","format":"gen6ou","log":"|j|\u2606Spritzalcianuro96\n|j|\u2606lord cube\n|player|p1|Spritzalcianuro96|94|1378\n|player|p2|lord cube|pokemonranger-gen4|1181\n|teamsize|p1|6\n|teamsize|p2|6\n|gametype|singles\n|gen|6\n|tier|[Gen 6] OU\n|rated|\n|rule|Sleep Clause Mod: Limit one foe put to sleep\n|rule|Species Clause: Limit one of each Pok\u00e9mon\n|rule|OHKO Clause: OHKO moves are banned\n|rule|Moody Clause: Moody is banned\n|rule|Evasion Moves Clause: Evasion moves are banned\n|rule|Endless Battle Clause: Forcing endless battles is banned\n|rule|HP Percentage Mod: HP is shown in percentages\n|clearpoke\n|poke|p1|Tyranitar, F|item\n|poke|p1|Excadrill, M|item\n|poke|p1|Keldeo|item\n|poke|p1|Skarmory, M|item\n|poke|p1|Latias, F|item\n|poke|p1|Charizard, M|item\n|poke|p2|Zygarde|item\n|poke|p2|Kecleon, M|item\n|poke|p2|Celebi|item\n|poke|p2|Diancie|item\n|poke|p2|Skarmory, F|item\n|poke|p2|Alomomola, F|item\n|rule|Swagger Clause: Swagger is banned\n|teampreview\n|inactive|Battle timer is ON: inactive players will automatically lose when time's up. (requested by Spritzalcianuro96)\n|\n|start\n|switch|p1a: Charizard|Charizard, M|100\/100\n|switch|p2a: Diancie|Diancie|100\/100\n|turn|1\n|\n|detailschange|p1a: Charizard|Charizard-Mega-Y, M\n|-mega|p1a: Charizard|Charizard|Charizardite Y\n|-weather|SunnyDay|[from] ability: Drought|[of] p1a: Charizard\n|detailschange|p2a: Diancie|Diancie-Mega\n|-mega|p2a: Diancie|Diancie|Diancite\n|move|p1a: Charizard|Solar Beam||[still]\n|-prepare|p1a: Charizard|Solar Beam|p2a: Diancie\n|-anim|p1a: Charizard|Solar Beam|p2a: Diancie\n|-supereffective|p2a: Diancie\n|-damage|p2a: Diancie|0 fnt\n|faint|p2a: Diancie\n|\n|-weather|SunnyDay|[upkeep]\n|upkeep\n|\n|switch|p2a: Alomomola|Alomomola, F|100\/100\n|turn|2\n|\n|move|p1a: Charizard|Solar Beam||[still]\n|-prepare|p1a: Charizard|Solar Beam|p2a: Alomomola\n|-anim|p1a: Charizard|Solar Beam|p2a: Alomomola\n|-supereffective|p2a: Alomomola\n|-damage|p2a: Alomomola|10\/100\n|move|p2a: Alomomola|Toxic|p1a: Charizard\n|-status|p1a: Charizard|tox\n|\n|-weather|SunnyDay|[upkeep]\n|-damage|p1a: Charizard|94\/100 tox|[from] psn\n|upkeep\n|turn|3\n|\n|move|p2a: Alomomola|Protect|p2a: Alomomola\n|-singleturn|p2a: Alomomola|Protect\n|move|p1a: Charizard|Fire Blast|p2a: Alomomola\n|-activate|p2a: Alomomola|move: Protect\n|\n|-weather|SunnyDay|[upkeep]\n|-damage|p1a: Charizard|82\/100 tox|[from] psn\n|upkeep\n|turn|4\n|\n|switch|p2a: Kecleon|Kecleon, M|100\/100\n|move|p1a: Charizard|Fire Blast|p2a: Kecleon|[miss]\n|-miss|p1a: Charizard|p2a: Kecleon\n|\n|-weather|SunnyDay|[upkeep]\n|-damage|p1a: Charizard|64\/100 tox|[from] psn\n|upkeep\n|turn|5\n|\n|switch|p1a: Skarmory|Skarmory, M|100\/100\n|switch|p2a: Alomomola|Alomomola, F|43\/100\n|\n|-weather|none\n|upkeep\n|turn|6\n|\n|switch|p2a: Zygarde|Zygarde|100\/100\n|-ability|p2a: Zygarde|Aura Break\n|move|p1a: Skarmory|Stealth Rock|p2a: Zygarde\n|-sidestart|p2: lord cube|move: Stealth Rock\n|\n|upkeep\n|turn|7\n|\n|move|p2a: Zygarde|Dragon Tail|p1a: Skarmory\n|-resisted|p1a: Skarmory\n|-damage|p1a: Skarmory|94\/100\n|-damage|p2a: Zygarde|84\/100|[from] item: Rocky Helmet|[of] p1a: Skarmory\n|drag|p1a: Charizard|Charizard-Mega-Y, M|64\/100 tox\n|-weather|SunnyDay|[from] ability: Drought|[of] p1a: Charizard\n|\n|-weather|SunnyDay|[upkeep]\n|-heal|p2a: Zygarde|90\/100|[from] item: Leftovers\n|-damage|p1a: Charizard|58\/100 tox|[from] psn\n|upkeep\n|turn|8\n|\n|switch|p1a: Skarmory|Skarmory, M|94\/100\n|switch|p2a: Kecleon|Kecleon, M|100\/100\n|-damage|p2a: Kecleon|88\/100|[from] Stealth Rock\n|\n|-weather|SunnyDay|[upkeep]\n|upkeep\n|turn|9\n|\n|switch|p1a: Tyranitar|Tyranitar, F|100\/100\n|-weather|Sandstorm|[from] ability: Sand Stream|[of] p1a: Tyranitar\n|move|p2a: Kecleon|Power-Up Punch|p1a: Tyranitar\n|-start|p2a: Kecleon|typechange|Fighting|[from] ability: Protean\n|-supereffective|p1a: Tyranitar\n|-damage|p1a: Tyranitar|30\/100\n|-boost|p2a: Kecleon|atk|1\n|\n|-weather|Sandstorm|[upkeep]\n|-damage|p2a: Kecleon|82\/100|[from] Sandstorm\n|upkeep\n|turn|10\n|\n|switch|p1a: Keldeo|Keldeo|100\/100\n|move|p2a: Kecleon|Drain Punch|p1a: Keldeo\n|-damage|p1a: Keldeo|48\/100\n|-heal|p2a: Kecleon|100\/100|[from] drain|[of] p1a: Keldeo\n|\n|-weather|Sandstorm|[upkeep]\n|-damage|p1a: Keldeo|41\/100|[from] Sandstorm\n|-damage|p2a: Kecleon|95\/100|[from] Sandstorm\n|-heal|p1a: Keldeo|48\/100|[from] item: Leftovers\n|upkeep\n|turn|11\n|\n|switch|p1a: Latias|Latias, F|100\/100\n|move|p2a: Kecleon|Power-Up Punch|p1a: Latias\n|-resisted|p1a: Latias\n|-damage|p1a: Latias|85\/100\n|-boost|p2a: Kecleon|atk|1\n|\n|-weather|Sandstorm|[upkeep]\n|-damage|p1a: Latias|79\/100|[from] Sandstorm\n|-damage|p2a: Kecleon|89\/100|[from] Sandstorm\n|upkeep\n|turn|12\n|\n|move|p2a: Kecleon|Shadow Sneak|p1a: Latias\n|-start|p2a: Kecleon|typechange|Ghost|[from] ability: Protean\n|-supereffective|p1a: Latias\n|-damage|p1a: Latias|0 fnt\n|faint|p1a: Latias\n|\n|-weather|Sandstorm|[upkeep]\n|-damage|p2a: Kecleon|83\/100|[from] Sandstorm\n|upkeep\n|\n|switch|p1a: Excadrill|Excadrill, M|100\/100\n|turn|13\n|\n|move|p2a: Kecleon|Shadow Sneak|p1a: Excadrill\n|-damage|p1a: Excadrill|47\/100\n|move|p1a: Excadrill|Earthquake|p2a: Kecleon\n|-damage|p2a: Kecleon|0 fnt\n|-damage|p1a: Excadrill|37\/100|[from] item: Life Orb\n|faint|p2a: Kecleon\n|\n|-weather|none\n|upkeep\n|\n|switch|p2a: Celebi|Celebi|100\/100\n|-damage|p2a: Celebi|88\/100|[from] Stealth Rock\n|turn|14\n|\n|switch|p1a: Tyranitar|Tyranitar, F|30\/100\n|-weather|Sandstorm|[from] ability: Sand Stream|[of] p1a: Tyranitar\n|move|p2a: Celebi|Stealth Rock|p1a: Tyranitar\n|-sidestart|p1: Spritzalcianuro96|move: Stealth Rock\n|\n|-weather|Sandstorm|[upkeep]\n|-damage|p2a: Celebi|82\/100|[from] Sandstorm\n|-heal|p2a: Celebi|88\/100|[from] item: Leftovers\n|upkeep\n|turn|15\n|\n|move|p1a: Tyranitar|Crunch|p2a: Celebi\n|-supereffective|p2a: Celebi\n|-damage|p2a: Celebi|27\/100\n|-unboost|p2a: Celebi|def|1\n|move|p2a: Celebi|Giga Drain|p1a: Tyranitar\n|-supereffective|p1a: Tyranitar\n|-damage|p1a: Tyranitar|0 fnt\n|-heal|p2a: Celebi|39\/100|[from] drain|[of] p1a: Tyranitar\n|faint|p1a: Tyranitar\n|\n|-weather|Sandstorm|[upkeep]\n|-damage|p2a: Celebi|33\/100|[from] Sandstorm\n|-heal|p2a: Celebi|39\/100|[from] item: Leftovers\n|upkeep\n|\n|switch|p1a: Excadrill|Excadrill, M|37\/100\n|-damage|p1a: Excadrill|34\/100|[from] Stealth Rock\n|turn|16\n|\n|move|p1a: Excadrill|Rapid Spin|p2a: Celebi\n|-damage|p2a: Celebi|30\/100\n|-sideend|p1: Spritzalcianuro96|Stealth Rock|[from] move: Rapid Spin|[of] p1a: Excadrill\n|-damage|p1a: Excadrill|24\/100|[from] item: Life Orb\n|move|p2a: Celebi|Giga Drain|p1a: Excadrill\n|-damage|p1a: Excadrill|0 fnt\n|-heal|p2a: Celebi|40\/100|[from] drain|[of] p1a: Excadrill\n|faint|p1a: Excadrill\n|\n|-weather|Sandstorm|[upkeep]\n|-damage|p2a: Celebi|34\/100|[from] Sandstorm\n|-heal|p2a: Celebi|40\/100|[from] item: Leftovers\n|upkeep\n|\n|switch|p1a: Charizard|Charizard-Mega-Y, M|58\/100 tox\n|-weather|SunnyDay|[from] ability: Drought|[of] p1a: Charizard\n|turn|17\n|\n|move|p1a: Charizard|Fire Blast|p2a: Celebi\n|-supereffective|p2a: Celebi\n|-damage|p2a: Celebi|0 fnt\n|faint|p2a: Celebi\n|\n|-weather|SunnyDay|[upkeep]\n|-damage|p1a: Charizard|52\/100 tox|[from] psn\n|upkeep\n|\n|switch|p2a: Alomomola|Alomomola, F|76\/100\n|-damage|p2a: Alomomola|64\/100|[from] Stealth Rock\n|turn|18\n|\n|move|p2a: Alomomola|Protect|p2a: Alomomola\n|-singleturn|p2a: Alomomola|Protect\n|move|p1a: Charizard|Roost|p1a: Charizard\n|-heal|p1a: Charizard|100\/100 tox\n|-singleturn|p1a: Charizard|move: Roost\n|\n|-weather|SunnyDay|[upkeep]\n|-damage|p1a: Charizard|88\/100 tox|[from] psn\n|upkeep\n|turn|19\n|\n|switch|p2a: Skarmory|Skarmory, F|100\/100\n|-damage|p2a: Skarmory|88\/100|[from] Stealth Rock\n|move|p1a: Charizard|Fire Blast|p2a: Skarmory\n|-supereffective|p2a: Skarmory\n|-damage|p2a: Skarmory|0 fnt\n|faint|p2a: Skarmory\n|\n|-weather|SunnyDay|[upkeep]\n|-damage|p1a: Charizard|70\/100 tox|[from] psn\n|upkeep\n|inactive|lord cube has 120 seconds left.\n|\n|switch|p2a: Alomomola|Alomomola, F|97\/100\n|-damage|p2a: Alomomola|85\/100|[from] Stealth Rock\n|turn|20\n|\n|switch|p1a: Skarmory|Skarmory, M|94\/100\n|move|p2a: Alomomola|Protect||[still]\n|-fail|p2a: Alomomola\n|\n|-weather|SunnyDay|[upkeep]\n|upkeep\n|turn|21\n|inactive|lord cube has 120 seconds left.\n|\n|switch|p1a: Keldeo|Keldeo|48\/100\n|move|p2a: Alomomola|Scald|p1a: Keldeo\n|-resisted|p1a: Keldeo\n|-damage|p1a: Keldeo|43\/100\n|-status|p1a: Keldeo|brn\n|\n|-weather|none\n|-heal|p1a: Keldeo|49\/100 brn|[from] item: Leftovers\n|-damage|p1a: Keldeo|37\/100 brn|[from] brn\n|upkeep\n|turn|22\n|inactive|lord cube has 120 seconds left.\n|\n|move|p1a: Keldeo|Calm Mind|p1a: Keldeo\n|-boost|p1a: Keldeo|spa|1\n|-boost|p1a: Keldeo|spd|1\n|move|p2a: Alomomola|Toxic||[still]\n|-fail|p2a: Alomomola\n|\n|-heal|p1a: Keldeo|43\/100 brn|[from] item: Leftovers\n|-damage|p1a: Keldeo|31\/100 brn|[from] brn\n|upkeep\n|turn|23\n|\n|move|p1a: Keldeo|Calm Mind|p1a: Keldeo\n|-boost|p1a: Keldeo|spa|1\n|-boost|p1a: Keldeo|spd|1\n|move|p2a: Alomomola|Wish|p2a: Alomomola\n|\n|-heal|p1a: Keldeo|37\/100 brn|[from] item: Leftovers\n|-damage|p1a: Keldeo|25\/100 brn|[from] brn\n|upkeep\n|turn|24\n|\n|move|p2a: Alomomola|Protect|p2a: Alomomola\n|-singleturn|p2a: Alomomola|Protect\n|move|p1a: Keldeo|Scald|p2a: Alomomola\n|-activate|p2a: Alomomola|move: Protect\n|\n|-heal|p2a: Alomomola|100\/100|[from] move: Wish|[wisher] Alomomola\n|-heal|p1a: Keldeo|31\/100 brn|[from] item: Leftovers\n|-damage|p1a: Keldeo|18\/100 brn|[from] brn\n|upkeep\n|turn|25\n|\n|move|p1a: Keldeo|Scald|p2a: Alomomola\n|-resisted|p2a: Alomomola\n|-damage|p2a: Alomomola|69\/100\n|-status|p2a: Alomomola|brn\n|move|p2a: Alomomola|Wish|p2a: Alomomola\n|\n|-heal|p1a: Keldeo|25\/100 brn|[from] item: Leftovers\n|-damage|p1a: Keldeo|12\/100 brn|[from] brn\n|-damage|p2a: Alomomola|56\/100 brn|[from] brn\n|upkeep\n|turn|26\n|\n|switch|p1a: Charizard|Charizard-Mega-Y, M|70\/100 tox\n|-weather|SunnyDay|[from] ability: Drought|[of] p1a: Charizard\n|move|p2a: Alomomola|Protect||[still]\n|-fail|p2a: Alomomola\n|\n|-weather|SunnyDay|[upkeep]\n|-heal|p2a: Alomomola|100\/100 brn|[from] move: Wish|[wisher] Alomomola\n|-damage|p1a: Charizard|64\/100 tox|[from] psn\n|-damage|p2a: Alomomola|88\/100 brn|[from] brn\n|upkeep\n|turn|27\n|\n|move|p2a: Alomomola|Protect|p2a: Alomomola\n|-singleturn|p2a: Alomomola|Protect\n|move|p1a: Charizard|Solar Beam||[still]\n|-prepare|p1a: Charizard|Solar Beam|p2a: Alomomola\n|-anim|p1a: Charizard|Solar Beam|p2a: Alomomola\n|-activate|p2a: Alomomola|move: Protect\n|\n|-weather|SunnyDay|[upkeep]\n|-damage|p1a: Charizard|52\/100 tox|[from] psn\n|-damage|p2a: Alomomola|75\/100 brn|[from] brn\n|upkeep\n|turn|28\n|\n|move|p1a: Charizard|Solar Beam||[still]\n|-prepare|p1a: Charizard|Solar Beam|p2a: Alomomola\n|-anim|p1a: Charizard|Solar Beam|p2a: Alomomola\n|-supereffective|p2a: Alomomola\n|-damage|p2a: Alomomola|0 fnt\n|faint|p2a: Alomomola\n|\n|-weather|SunnyDay|[upkeep]\n|-damage|p1a: Charizard|34\/100 tox|[from] psn\n|upkeep\n|\n|switch|p2a: Zygarde|Zygarde|90\/100\n|-damage|p2a: Zygarde|84\/100|[from] Stealth Rock\n|-ability|p2a: Zygarde|Aura Break\n|turn|29\n|\n|move|p1a: Charizard|Fire Blast|p2a: Zygarde\n|-resisted|p2a: Zygarde\n|-damage|p2a: Zygarde|48\/100\n|move|p2a: Zygarde|Substitute|p2a: Zygarde\n|-start|p2a: Zygarde|Substitute\n|-damage|p2a: Zygarde|23\/100\n|\n|-weather|SunnyDay|[upkeep]\n|-heal|p2a: Zygarde|29\/100|[from] item: Leftovers\n|-damage|p1a: Charizard|10\/100 tox|[from] psn\n|upkeep\n|turn|30\n|\n|move|p1a: Charizard|Solar Beam||[still]\n|-prepare|p1a: Charizard|Solar Beam|p2a: Zygarde\n|-anim|p1a: Charizard|Solar Beam|p2a: Zygarde\n|-end|p2a: Zygarde|Substitute\n|move|p2a: Zygarde|Substitute|p2a: Zygarde\n|-start|p2a: Zygarde|Substitute\n|-damage|p2a: Zygarde|4\/100\n|\n|-weather|none\n|-heal|p2a: Zygarde|10\/100|[from] item: Leftovers\n|-damage|p1a: Charizard|0 fnt|[from] psn\n|faint|p1a: Charizard\n|upkeep\n|\n|switch|p1a: Keldeo|Keldeo|12\/100 brn\n|turn|31\n|\n|move|p1a: Keldeo|Scald|p2a: Zygarde\n|-crit|p2a: Zygarde\n|-end|p2a: Zygarde|Substitute\n|move|p2a: Zygarde|Earthquake|p1a: Keldeo\n|-damage|p1a: Keldeo|0 fnt\n|faint|p1a: Keldeo\n|\n|-heal|p2a: Zygarde|16\/100|[from] item: Leftovers\n|upkeep\n|\n|switch|p1a: Skarmory|Skarmory, M|94\/100\n|turn|32\n|\n|move|p2a: Zygarde|Coil|p2a: Zygarde\n|-boost|p2a: Zygarde|atk|1\n|-boost|p2a: Zygarde|def|1\n|-boost|p2a: Zygarde|accuracy|1\n|move|p1a: Skarmory|Iron Head|p2a: Zygarde\n|-damage|p2a: Zygarde|6\/100\n|\n|-heal|p2a: Zygarde|12\/100|[from] item: Leftovers\n|upkeep\n|turn|33\n|\n|move|p2a: Zygarde|Coil|p2a: Zygarde\n|-boost|p2a: Zygarde|atk|1\n|-boost|p2a: Zygarde|def|1\n|-boost|p2a: Zygarde|accuracy|1\n|move|p1a: Skarmory|Iron Head|p2a: Zygarde\n|-damage|p2a: Zygarde|4\/100\n|\n|-heal|p2a: Zygarde|10\/100|[from] item: Leftovers\n|upkeep\n|turn|34\n|\n|move|p2a: Zygarde|Coil|p2a: Zygarde\n|-boost|p2a: Zygarde|atk|1\n|-boost|p2a: Zygarde|def|1\n|-boost|p2a: Zygarde|accuracy|1\n|move|p1a: Skarmory|Iron Head|p2a: Zygarde\n|-damage|p2a: Zygarde|3\/100\n|\n|-heal|p2a: Zygarde|9\/100|[from] item: Leftovers\n|upkeep\n|turn|35\n|\n|move|p2a: Zygarde|Coil|p2a: Zygarde\n|-boost|p2a: Zygarde|atk|1\n|-boost|p2a: Zygarde|def|1\n|-boost|p2a: Zygarde|accuracy|1\n|move|p1a: Skarmory|Iron Head|p2a: Zygarde\n|-damage|p2a: Zygarde|4\/100\n|\n|-heal|p2a: Zygarde|10\/100|[from] item: Leftovers\n|upkeep\n|turn|36\n|\n|move|p2a: Zygarde|Coil|p2a: Zygarde\n|-boost|p2a: Zygarde|atk|1\n|-boost|p2a: Zygarde|def|1\n|-boost|p2a: Zygarde|accuracy|1\n|move|p1a: Skarmory|Iron Head|p2a: Zygarde\n|-damage|p2a: Zygarde|6\/100\n|\n|-heal|p2a: Zygarde|13\/100|[from] item: Leftovers\n|upkeep\n|turn|37\n|\n|move|p2a: Zygarde|Coil|p2a: Zygarde\n|-boost|p2a: Zygarde|atk|1\n|-boost|p2a: Zygarde|def|1\n|-boost|p2a: Zygarde|accuracy|1\n|move|p1a: Skarmory|Iron Head|p2a: Zygarde\n|-damage|p2a: Zygarde|9\/100\n|\n|-heal|p2a: Zygarde|15\/100|[from] item: Leftovers\n|upkeep\n|turn|38\n|\n|move|p2a: Zygarde|Coil|p2a: Zygarde\n|-boost|p2a: Zygarde|atk|0\n|-boost|p2a: Zygarde|def|0\n|-boost|p2a: Zygarde|accuracy|0\n|move|p1a: Skarmory|Iron Head|p2a: Zygarde\n|-damage|p2a: Zygarde|11\/100\n|\n|-heal|p2a: Zygarde|17\/100|[from] item: Leftovers\n|upkeep\n|turn|39\n|\n|move|p2a: Zygarde|Coil|p2a: Zygarde\n|-boost|p2a: Zygarde|atk|0\n|-boost|p2a: Zygarde|def|0\n|-boost|p2a: Zygarde|accuracy|0\n|move|p1a: Skarmory|Iron Head|p2a: Zygarde\n|-damage|p2a: Zygarde|13\/100\n|\n|-heal|p2a: Zygarde|20\/100|[from] item: Leftovers\n|upkeep\n|turn|40\n|\n|move|p2a: Zygarde|Coil|p2a: Zygarde\n|-boost|p2a: Zygarde|atk|0\n|-boost|p2a: Zygarde|def|0\n|-boost|p2a: Zygarde|accuracy|0\n|move|p1a: Skarmory|Iron Head|p2a: Zygarde\n|-damage|p2a: Zygarde|16\/100\n|\n|-heal|p2a: Zygarde|22\/100|[from] item: Leftovers\n|upkeep\n|turn|41\n|\n|move|p2a: Zygarde|Coil|p2a: Zygarde\n|-boost|p2a: Zygarde|atk|0\n|-boost|p2a: Zygarde|def|0\n|-boost|p2a: Zygarde|accuracy|0\n|move|p1a: Skarmory|Iron Head|p2a: Zygarde\n|-damage|p2a: Zygarde|18\/100\n|\n|-heal|p2a: Zygarde|24\/100|[from] item: Leftovers\n|upkeep\n|turn|42\n|\n|move|p2a: Zygarde|Coil|p2a: Zygarde\n|-boost|p2a: Zygarde|atk|0\n|-boost|p2a: Zygarde|def|0\n|-boost|p2a: Zygarde|accuracy|0\n|move|p1a: Skarmory|Iron Head|p2a: Zygarde\n|-damage|p2a: Zygarde|20\/100\n|\n|-heal|p2a: Zygarde|27\/100|[from] item: Leftovers\n|upkeep\n|turn|43\n|\n|move|p2a: Zygarde|Coil|p2a: Zygarde\n|-boost|p2a: Zygarde|atk|0\n|-boost|p2a: Zygarde|def|0\n|-boost|p2a: Zygarde|accuracy|0\n|move|p1a: Skarmory|Iron Head|p2a: Zygarde\n|-damage|p2a: Zygarde|23\/100\n|\n|-heal|p2a: Zygarde|29\/100|[from] item: Leftovers\n|upkeep\n|turn|44\n|\n|move|p2a: Zygarde|Substitute|p2a: Zygarde\n|-start|p2a: Zygarde|Substitute\n|-damage|p2a: Zygarde|4\/100\n|move|p1a: Skarmory|Iron Head|p2a: Zygarde\n|-activate|p2a: Zygarde|move: Substitute|[damage]\n|\n|-heal|p2a: Zygarde|10\/100|[from] item: Leftovers\n|upkeep\n|turn|45\n|\n|move|p2a: Zygarde|Coil|p2a: Zygarde\n|-boost|p2a: Zygarde|atk|0\n|-boost|p2a: Zygarde|def|0\n|-boost|p2a: Zygarde|accuracy|0\n|move|p1a: Skarmory|Iron Head|p2a: Zygarde\n|-activate|p2a: Zygarde|move: Substitute|[damage]\n|\n|-heal|p2a: Zygarde|17\/100|[from] item: Leftovers\n|upkeep\n|turn|46\n|\n|move|p2a: Zygarde|Coil|p2a: Zygarde\n|-boost|p2a: Zygarde|atk|0\n|-boost|p2a: Zygarde|def|0\n|-boost|p2a: Zygarde|accuracy|0\n|move|p1a: Skarmory|Iron Head|p2a: Zygarde\n|-activate|p2a: Zygarde|move: Substitute|[damage]\n|\n|-heal|p2a: Zygarde|23\/100|[from] item: Leftovers\n|upkeep\n|turn|47\n|\n|move|p2a: Zygarde|Coil|p2a: Zygarde\n|-boost|p2a: Zygarde|atk|0\n|-boost|p2a: Zygarde|def|0\n|-boost|p2a: Zygarde|accuracy|0\n|move|p1a: Skarmory|Whirlwind||[still]\n|-fail|p1a: Skarmory\n|\n|-heal|p2a: Zygarde|29\/100|[from] item: Leftovers\n|upkeep\n|turn|48\n|\n|move|p2a: Zygarde|Coil|p2a: Zygarde\n|-boost|p2a: Zygarde|atk|0\n|-boost|p2a: Zygarde|def|0\n|-boost|p2a: Zygarde|accuracy|0\n|move|p1a: Skarmory|Whirlwind||[still]\n|-fail|p1a: Skarmory\n|\n|-heal|p2a: Zygarde|35\/100|[from] item: Leftovers\n|upkeep\n|turn|49\n|\n|move|p2a: Zygarde|Coil|p2a: Zygarde\n|-boost|p2a: Zygarde|atk|0\n|-boost|p2a: Zygarde|def|0\n|-boost|p2a: Zygarde|accuracy|0\n|move|p1a: Skarmory|Whirlwind||[still]\n|-fail|p1a: Skarmory\n|\n|-heal|p2a: Zygarde|41\/100|[from] item: Leftovers\n|upkeep\n|turn|50\n|\n|move|p2a: Zygarde|Substitute|p2a: Zygarde\n|-fail|p2a: Zygarde|move: Substitute\n|move|p1a: Skarmory|Whirlwind||[still]\n|-fail|p1a: Skarmory\n|\n|-heal|p2a: Zygarde|47\/100|[from] item: Leftovers\n|upkeep\n|turn|51\n|\n|move|p2a: Zygarde|Dragon Tail|p1a: Skarmory\n|-resisted|p1a: Skarmory\n|-damage|p1a: Skarmory|69\/100\n|-damage|p2a: Zygarde|31\/100|[from] item: Rocky Helmet|[of] p1a: Skarmory\n|move|p1a: Skarmory|Whirlwind||[still]\n|-fail|p1a: Skarmory\n|\n|-heal|p2a: Zygarde|37\/100|[from] item: Leftovers\n|upkeep\n|turn|52\n|\n|move|p2a: Zygarde|Dragon Tail|p1a: Skarmory\n|-resisted|p1a: Skarmory\n|-damage|p1a: Skarmory|45\/100\n|-damage|p2a: Zygarde|20\/100|[from] item: Rocky Helmet|[of] p1a: Skarmory\n|move|p1a: Skarmory|Whirlwind||[still]\n|-fail|p1a: Skarmory\n|\n|-heal|p2a: Zygarde|27\/100|[from] item: Leftovers\n|upkeep\n|turn|53\n|\n|move|p2a: Zygarde|Coil|p2a: Zygarde\n|-boost|p2a: Zygarde|atk|0\n|-boost|p2a: Zygarde|def|0\n|-boost|p2a: Zygarde|accuracy|0\n|move|p1a: Skarmory|Roost|p1a: Skarmory\n|-heal|p1a: Skarmory|95\/100\n|-singleturn|p1a: Skarmory|move: Roost\n|\n|-heal|p2a: Zygarde|33\/100|[from] item: Leftovers\n|upkeep\n|turn|54\n|\n|move|p2a: Zygarde|Dragon Tail|p1a: Skarmory\n|-resisted|p1a: Skarmory\n|-damage|p1a: Skarmory|69\/100\n|-damage|p2a: Zygarde|16\/100|[from] item: Rocky Helmet|[of] p1a: Skarmory\n|move|p1a: Skarmory|Whirlwind||[still]\n|-fail|p1a: Skarmory\n|\n|-heal|p2a: Zygarde|22\/100|[from] item: Leftovers\n|upkeep\n|turn|55\n|inactive|lord cube has 120 seconds left.\n|\n|move|p1a: Skarmory|Iron Head|p2a: Zygarde\n|-activate|p2a: Zygarde|move: Substitute|[damage]\n|move|p2a: Zygarde|Dragon Tail|p1a: Skarmory\n|-resisted|p1a: Skarmory\n|-damage|p1a: Skarmory|47\/100\n|-damage|p2a: Zygarde|6\/100|[from] item: Rocky Helmet|[of] p1a: Skarmory\n|\n|-heal|p2a: Zygarde|12\/100|[from] item: Leftovers\n|upkeep\n|turn|56\n|\n|move|p2a: Zygarde|Earthquake|p1a: Skarmory\n|-immune|p1a: Skarmory\n|move|p1a: Skarmory|Roost|p1a: Skarmory\n|-heal|p1a: Skarmory|97\/100\n|-singleturn|p1a: Skarmory|move: Roost\n|\n|-heal|p2a: Zygarde|18\/100|[from] item: Leftovers\n|upkeep\n|turn|57\n|\n|move|p2a: Zygarde|Earthquake|p1a: Skarmory\n|-immune|p1a: Skarmory\n|move|p1a: Skarmory|Iron Head|p2a: Zygarde\n|-activate|p2a: Zygarde|move: Substitute|[damage]\n|\n|-heal|p2a: Zygarde|24\/100|[from] item: Leftovers\n|upkeep\n|turn|58\n|inactive|lord cube has 120 seconds left.\n|-message|lord cube forfeited.\n|\n|win|Spritzalcianuro96\n|l|\u2606lord cube\n|raw|Spritzalcianuro96's rating: 1378 &rarr; <strong>1388<\/strong><br \/>(+10 for winning)\n|raw|lord cube's rating: 1181 &rarr; <strong>1169<\/strong><br \/>(-12 for losing)\n","uploadtime":1571561044,"views":10,"p1id":"spritzalcianuro96","p2id":"lordcube","formatid":"gen6ou","rating":1169,"private":0,"password":null}