{"id":"gen6purehackmons-1705764325","p1":"Phinky","p2":"MurderousMantyke","format":"gen6purehackmons","log":"|j|\u2606Phinky\n|j|\u2606MurderousMantyke\n|t:|1667920333\n|gametype|singles\n|player|p1|Phinky|clair|1343\n|player|p2|MurderousMantyke|#helpstaff|1574\n|teamsize|p1|6\n|teamsize|p2|6\n|gen|6\n|tier|[Gen 6] Pure Hackmons\n|rated|\n|rule|HP Percentage Mod: HP is shown in percentages\n|rule|Endless Battle Clause: Forcing endless battles is banned\n|clearpoke\n|poke|p1|Blissey, F|item\n|poke|p1|Blissey, F|item\n|poke|p1|Blissey, F|item\n|poke|p1|Blissey, F|item\n|poke|p1|Blissey, F|item\n|poke|p1|Blissey, F|item\n|poke|p2|Mewtwo-Mega-X|item\n|poke|p2|Gardevoir-Mega, M|item\n|poke|p2|Gyarados-Mega, M|item\n|poke|p2|Giratina|item\n|poke|p2|Xerneas-*|item\n|poke|p2|Scizor-Mega, F|item\n|teampreview\n|c|\u2606Phinky|Egg\n|c|\u2606MurderousMantyke|egg inddeed\n|c|\u2606MurderousMantyke|hf\n|\n|t:|1667920376\n|start\n|switch|p1a: Purplecliffe|Blissey, F|100\/100\n|switch|p2a: Magnificent|Xerneas|100\/100\n|-transform|p1a: Purplecliffe|p2a: Magnificent|[from] ability: Imposter\n|turn|1\n|c|\u2606Phinky|You too\n|\n|t:|1667920388\n|move|p1a: Purplecliffe|Stealth Rock|p2a: Magnificent\n|-sidestart|p2: MurderousMantyke|move: Stealth Rock\n|move|p2a: Magnificent|Stealth Rock|p1a: Purplecliffe\n|-sidestart|p1: Phinky|move: Stealth Rock\n|\n|upkeep\n|turn|2\n|\n|t:|1667920396\n|switch|p2a: Shine|Gardevoir-Mega, M|100\/100\n|-damage|p2a: Shine|88\/100|[from] Stealth Rock\n|move|p1a: Purplecliffe|Moonblast|p2a: Shine\n|-immune|p2a: Shine|[from] ability: Wonder Guard\n|\n|upkeep\n|turn|3\n|\n|t:|1667920405\n|switch|p1a: Copycat|Blissey, F|100\/100\n|-damage|p1a: Copycat|88\/100|[from] Stealth Rock\n|-transform|p1a: Copycat|p2a: Shine|[from] ability: Imposter\n|move|p2a: Shine|Shell Smash|p2a: Shine\n|-unboost|p2a: Shine|def|1\n|-unboost|p2a: Shine|spd|1\n|-boost|p2a: Shine|atk|2\n|-boost|p2a: Shine|spa|2\n|-boost|p2a: Shine|spe|2\n|\n|upkeep\n|turn|4\n|\n|t:|1667920417\n|move|p2a: Shine|Judgment|p1a: Copycat\n|-supereffective|p1a: Copycat\n|-damage|p1a: Copycat|3\/100\n|move|p1a: Copycat|Gastro Acid|p2a: Shine\n|-endability|p2a: Shine\n|\n|upkeep\n|turn|5\n|\n|t:|1667920428\n|move|p2a: Shine|Judgment|p1a: Copycat\n|-supereffective|p1a: Copycat\n|-damage|p1a: Copycat|0 fnt\n|faint|p1a: Copycat\n|\n|upkeep\n|\n|t:|1667920434\n|switch|p1a: Eggymama|Blissey, F|100\/100\n|-damage|p1a: Eggymama|88\/100|[from] Stealth Rock\n|-transform|p1a: Eggymama|p2a: Shine|[from] ability: Imposter\n|turn|6\n|\n|t:|1667920442\n|switch|p2a: Come Over|Scizor-Mega, F|100\/100\n|-damage|p2a: Come Over|88\/100|[from] Stealth Rock\n|move|p1a: Eggymama|Judgment|p2a: Come Over\n|-immune|p2a: Come Over|[from] ability: Wonder Guard\n|\n|upkeep\n|turn|7\n|\n|t:|1667920451\n|move|p1a: Eggymama|Gastro Acid|p2a: Come Over\n|-endability|p2a: Come Over\n|move|p2a: Come Over|Defog|p1a: Eggymama\n|-unboost|p1a: Eggymama|evasion|1\n|-sideend|p1: Phinky|Stealth Rock|[from] move: Defog|[of] p2a: Come Over\n|-sideend|p2: MurderousMantyke|Stealth Rock|[from] move: Defog|[of] p2a: Come Over\n|\n|upkeep\n|turn|8\n|\n|t:|1667920458\n|switch|p2a: Magnificent|Xerneas|100\/100\n|move|p1a: Eggymama|Judgment|p2a: Magnificent\n|-immune|p2a: Magnificent|[from] ability: Wonder Guard\n|\n|upkeep\n|turn|9\n|\n|t:|1667920465\n|move|p1a: Eggymama|Gastro Acid|p2a: Magnificent\n|-endability|p2a: Magnificent\n|move|p2a: Magnificent|Stealth Rock|p1a: Eggymama\n|-sidestart|p1: Phinky|move: Stealth Rock\n|\n|upkeep\n|turn|10\n|\n|t:|1667920474\n|switch|p2a: Shine|Gardevoir-Mega, M|88\/100\n|move|p1a: Eggymama|Judgment|p2a: Shine\n|-immune|p2a: Shine|[from] ability: Wonder Guard\n|\n|upkeep\n|turn|11\n|\n|t:|1667920484\n|move|p1a: Eggymama|Shell Smash|p1a: Eggymama\n|-unboost|p1a: Eggymama|def|1\n|-unboost|p1a: Eggymama|spd|1\n|-boost|p1a: Eggymama|atk|2\n|-boost|p1a: Eggymama|spa|2\n|-boost|p1a: Eggymama|spe|2\n|move|p2a: Shine|Judgment|p1a: Eggymama\n|-supereffective|p1a: Eggymama\n|-damage|p1a: Eggymama|8\/100\n|\n|upkeep\n|turn|12\n|\n|t:|1667920496\n|move|p1a: Eggymama|Gastro Acid|p2a: Shine\n|-endability|p2a: Shine\n|move|p2a: Shine|Moonblast|p1a: Eggymama\n|-immune|p1a: Eggymama|[from] ability: Wonder Guard\n|\n|upkeep\n|turn|13\n|\n|t:|1667920503\n|switch|p2a: Magnificent|Xerneas|100\/100\n|move|p1a: Eggymama|Judgment|p2a: Magnificent\n|-immune|p2a: Magnificent|[from] ability: Wonder Guard\n|\n|upkeep\n|turn|14\n|c|\u2606Phinky|]=(\n|\n|t:|1667920529\n|move|p1a: Eggymama|Gastro Acid|p2a: Magnificent\n|-endability|p2a: Magnificent\n|move|p2a: Magnificent|Wish|p2a: Magnificent\n|\n|upkeep\n|turn|15\n|\n|t:|1667920534\n|switch|p2a: Shine|Gardevoir-Mega, M|88\/100\n|move|p1a: Eggymama|Gastro Acid|p2a: Shine\n|-endability|p2a: Shine\n|\n|-heal|p2a: Shine|100\/100|[from] move: Wish|[wisher] Magnificent\n|upkeep\n|turn|16\n|\n|t:|1667920543\n|switch|p2a: Magnificent|Xerneas|100\/100\n|move|p1a: Eggymama|Judgment|p2a: Magnificent\n|-immune|p2a: Magnificent|[from] ability: Wonder Guard\n|\n|upkeep\n|turn|17\n|c|\u2606MurderousMantyke|i can do this all day\n|c|\u2606Phinky|\ud83d\ude10\ud83d\ude10\ud83d\ude10\n|\n|t:|1667920559\n|switch|p1a: Sussy baka|Blissey, F|100\/100\n|-damage|p1a: Sussy baka|88\/100|[from] Stealth Rock\n|move|p2a: Magnificent|Moonblast|p1a: Sussy baka\n|-immune|p1a: Sussy baka|[from] ability: Wonder Guard\n|\n|upkeep\n|turn|18\n|\n|t:|1667920575\n|move|p2a: Magnificent|Wish|p2a: Magnificent\n|move|p1a: Sussy baka|Bug Buzz|p2a: Magnificent\n|-immune|p2a: Magnificent|[from] ability: Wonder Guard\n|\n|upkeep\n|turn|19\n|\n|t:|1667920580\n|switch|p2a: American Boy|Mewtwo-Mega-X|100\/100\n|move|p1a: Sussy baka|Bug Buzz|p2a: American Boy\n|-damage|p2a: American Boy|82\/100\n|\n|-heal|p2a: American Boy|100\/100|[from] move: Wish|[wisher] Magnificent\n|upkeep\n|turn|20\n|\n|t:|1667920590\n|move|p2a: American Boy|Low Kick|p1a: Sussy baka\n|-supereffective|p1a: Sussy baka\n|-damage|p1a: Sussy baka|0 fnt\n|faint|p1a: Sussy baka\n|\n|upkeep\n|\n|t:|1667920595\n|switch|p1a: *danger*|Blissey, F|100\/100\n|-damage|p1a: *danger*|88\/100|[from] Stealth Rock\n|-transform|p1a: *danger*|p2a: American Boy|[from] ability: Imposter\n|turn|21\n|\n|t:|1667920603\n|switch|p2a: Magnificent|Xerneas|100\/100\n|move|p1a: *danger*|Low Kick|p2a: Magnificent\n|-immune|p2a: Magnificent|[from] ability: Wonder Guard\n|\n|upkeep\n|turn|22\n|\n|t:|1667920615\n|switch|p1a: Purplecliffe|Blissey, F|100\/100\n|-damage|p1a: Purplecliffe|88\/100|[from] Stealth Rock\n|-transform|p1a: Purplecliffe|p2a: Magnificent|[from] ability: Imposter\n|move|p2a: Magnificent|Moonblast|p1a: Purplecliffe\n|-immune|p1a: Purplecliffe|[from] ability: Wonder Guard\n|\n|upkeep\n|turn|23\n|\n|t:|1667920629\n|switch|p2a: Shine|Gardevoir-Mega, M|100\/100\n|move|p1a: Purplecliffe|Stealth Rock|p2a: Shine\n|-sidestart|p2: MurderousMantyke|move: Stealth Rock\n|\n|upkeep\n|turn|24\n|\n|t:|1667920636\n|move|p2a: Shine|Judgment|p1a: Purplecliffe\n|-supereffective|p1a: Purplecliffe\n|-damage|p1a: Purplecliffe|34\/100\n|move|p1a: Purplecliffe|Wish|p1a: Purplecliffe\n|\n|upkeep\n|turn|25\n|\n|t:|1667920676\n|switch|p1a: *danger*|Blissey, F|88\/100\n|-damage|p1a: *danger*|76\/100|[from] Stealth Rock\n|-transform|p1a: *danger*|p2a: Shine|[from] ability: Imposter\n|move|p2a: Shine|Judgment|p1a: *danger*\n|-supereffective|p1a: *danger*\n|-damage|p1a: *danger*|37\/100\n|\n|-heal|p1a: *danger*|87\/100|[from] move: Wish|[wisher] Purplecliffe\n|upkeep\n|turn|26\n|\n|t:|1667920688\n|move|p2a: Shine|Gastro Acid|p1a: *danger*\n|-endability|p1a: *danger*\n|move|p1a: *danger*|Gastro Acid|p2a: Shine\n|-endability|p2a: Shine\n|\n|upkeep\n|turn|27\n|\n|t:|1667920716\n|switch|p2a: Magnificent|Xerneas|100\/100\n|-damage|p2a: Magnificent|88\/100|[from] Stealth Rock\n|move|p1a: *danger*|Judgment|p2a: Magnificent\n|-immune|p2a: Magnificent|[from] ability: Wonder Guard\n|\n|-heal|p2a: Magnificent|94\/100|[from] item: Leftovers\n|upkeep\n|turn|28\n|\n|t:|1667920727\n|move|p1a: *danger*|Shell Smash|p1a: *danger*\n|-unboost|p1a: *danger*|def|1\n|-unboost|p1a: *danger*|spd|1\n|-boost|p1a: *danger*|atk|2\n|-boost|p1a: *danger*|spa|2\n|-boost|p1a: *danger*|spe|2\n|move|p2a: Magnificent|Moonblast|p1a: *danger*\n|-damage|p1a: *danger*|54\/100\n|\n|-heal|p2a: Magnificent|100\/100|[from] item: Leftovers\n|upkeep\n|turn|29\n|\n|t:|1667920741\n|move|p1a: *danger*|Gastro Acid|p2a: Magnificent\n|-endability|p2a: Magnificent\n|move|p2a: Magnificent|Moonblast|p1a: *danger*\n|-damage|p1a: *danger*|24\/100\n|\n|upkeep\n|turn|30\n|\n|t:|1667920761\n|switch|p2a: Shine|Gardevoir-Mega, M|100\/100\n|-damage|p2a: Shine|88\/100|[from] Stealth Rock\n|move|p1a: *danger*|Shell Smash|p1a: *danger*\n|-unboost|p1a: *danger*|def|1\n|-unboost|p1a: *danger*|spd|1\n|-boost|p1a: *danger*|atk|2\n|-boost|p1a: *danger*|spa|2\n|-boost|p1a: *danger*|spe|2\n|\n|upkeep\n|turn|31\n|\n|t:|1667920772\n|move|p1a: *danger*|Gastro Acid|p2a: Shine\n|-endability|p2a: Shine\n|move|p2a: Shine|Moonblast|p1a: *danger*\n|-damage|p1a: *danger*|0 fnt\n|faint|p1a: *danger*\n|\n|upkeep\n|\n|t:|1667920780\n|switch|p1a: Eggymama|Blissey, F|8\/100\n|-damage|p1a: Eggymama|0 fnt|[from] Stealth Rock\n|faint|p1a: Eggymama\n|\n|t:|1667920784\n|switch|p1a: Purplecliffe|Blissey, F|34\/100\n|-damage|p1a: Purplecliffe|22\/100|[from] Stealth Rock\n|-transform|p1a: Purplecliffe|p2a: Shine|[from] ability: Imposter\n|turn|32\n|\n|t:|1667920797\n|move|p2a: Shine|Judgment|p1a: Purplecliffe\n|-supereffective|p1a: Purplecliffe\n|-damage|p1a: Purplecliffe|0 fnt\n|faint|p1a: Purplecliffe\n|\n|upkeep\n|\n|t:|1667920803\n|switch|p1a: <3|Blissey, F, shiny|100\/100\n|-damage|p1a: <3|88\/100|[from] Stealth Rock\n|-transform|p1a: <3|p2a: Shine|[from] ability: Imposter\n|turn|33\n|c|\u2606Phinky|Gg\n|c|\u2606MurderousMantyke|gg\n|\n|t:|1667920819\n|switch|p2a: Magnificent|Xerneas|100\/100\n|-damage|p2a: Magnificent|88\/100|[from] Stealth Rock\n|move|p1a: <3|Judgment|p2a: Magnificent\n|-immune|p2a: Magnificent|[from] ability: Wonder Guard\n|\n|-heal|p2a: Magnificent|94\/100|[from] item: Leftovers\n|upkeep\n|turn|34\n|\n|t:|1667920831\n|move|p1a: <3|Shell Smash|p1a: <3\n|-unboost|p1a: <3|def|1\n|-unboost|p1a: <3|spd|1\n|-boost|p1a: <3|atk|2\n|-boost|p1a: <3|spa|2\n|-boost|p1a: <3|spe|2\n|move|p2a: Magnificent|Moonblast|p1a: <3\n|-immune|p1a: <3|[from] ability: Wonder Guard\n|\n|-heal|p2a: Magnificent|100\/100|[from] item: Leftovers\n|upkeep\n|turn|35\n|\n|t:|1667920844\n|switch|p2a: Shine|Gardevoir-Mega, M|88\/100\n|-damage|p2a: Shine|76\/100|[from] Stealth Rock\n|move|p1a: <3|Shell Smash|p1a: <3\n|-unboost|p1a: <3|def|1\n|-unboost|p1a: <3|spd|1\n|-boost|p1a: <3|atk|2\n|-boost|p1a: <3|spa|2\n|-boost|p1a: <3|spe|2\n|\n|upkeep\n|turn|36\n|\n|t:|1667920855\n|move|p1a: <3|Gastro Acid|p2a: Shine\n|-endability|p2a: Shine\n|move|p2a: Shine|Judgment|p1a: <3\n|-supereffective|p1a: <3\n|-damage|p1a: <3|10\/100\n|\n|upkeep\n|turn|37\n|c|\u2606Phinky|WHY DOES THAT WORK!?\n|c|\u2606Phinky|I HAVE WONDERGUARD!\n|c|\u2606MurderousMantyke|im holding an plate\n|c|\u2606MurderousMantyke|to change judgment's type\n|c|\u2606Phinky|\ud83d\ude05\n|\n|t:|1667920908\n|switch|p2a: Magnificent|Xerneas|100\/100\n|-damage|p2a: Magnificent|88\/100|[from] Stealth Rock\n|move|p1a: <3|Judgment|p2a: Magnificent\n|-immune|p2a: Magnificent|[from] ability: Wonder Guard\n|\n|-heal|p2a: Magnificent|94\/100|[from] item: Leftovers\n|upkeep\n|turn|38\n|\n|t:|1667920924\n|move|p1a: <3|Gastro Acid|p2a: Magnificent\n|-endability|p2a: Magnificent\n|move|p2a: Magnificent|Moonblast|p1a: <3\n|-immune|p1a: <3|[from] ability: Wonder Guard\n|\n|-heal|p2a: Magnificent|100\/100|[from] item: Leftovers\n|upkeep\n|turn|39\n|\n|t:|1667920938\n|switch|p2a: Shine|Gardevoir-Mega, M|76\/100\n|-damage|p2a: Shine|64\/100|[from] Stealth Rock\n|move|p1a: <3|Judgment|p2a: Shine\n|-immune|p2a: Shine|[from] ability: Wonder Guard\n|\n|upkeep\n|turn|40\n|c|\u2606Phinky|gG\n|\n|t:|1667920983\n|move|p1a: <3|Gastro Acid|p2a: Shine\n|-endability|p2a: Shine\n|move|p2a: Shine|Judgment|p1a: <3\n|-supereffective|p1a: <3\n|-damage|p1a: <3|0 fnt\n|faint|p1a: <3\n|\n|win|MurderousMantyke\n|raw|Phinky's rating: 1343 &rarr; <strong>1335<\/strong><br \/>(-8 for losing)\n|raw|MurderousMantyke's rating: 1574 &rarr; <strong>1582<\/strong><br \/>(+8 for winning)\n|c|\u2606MurderousMantyke|mgm\n|c|\u2606MurderousMantyke|*mhm\n|l|\u2606MurderousMantyke\n||Ladder isn't responding, score probably updated but might not have (Request timeout).\n","uploadtime":1667921075,"views":5,"p1id":"phinky","p2id":"murderousmantyke","formatid":"gen6purehackmons","rating":1335,"private":0,"password":null}