{"id":"gen6zu-1670159200","p1":"ayevon","p2":"waterbends","format":"gen6zu","log":"|j|\u2606ayevon\n|j|\u2606waterbends\n|t:|1663799953\n|gametype|singles\n|player|p1|ayevon|266|\n|player|p2|waterbends|rei|\n|teamsize|p1|6\n|teamsize|p2|6\n|gen|6\n|tier|[Gen 6] ZU\n|rated|Tournament battle\n|rule|Sleep Clause Mod: Limit one foe put to sleep\n|rule|Species Clause: Limit one of each Pok\u00e9mon\n|rule|OHKO Clause: OHKO moves are banned\n|rule|Moody Clause: Moody is banned\n|rule|Evasion Items Clause: Evasion items are banned\n|rule|Evasion Moves Clause: Evasion moves are banned\n|rule|Endless Battle Clause: Forcing endless battles is banned\n|rule|HP Percentage Mod: HP is shown in percentages\n|rule|Swagger Clause: Swagger is banned\n|clearpoke\n|poke|p1|Carbink|item\n|poke|p1|Whiscash, F|item\n|poke|p1|Krokorok, M|item\n|poke|p1|Dustox, F|item\n|poke|p1|Jumpluff, F|\n|poke|p1|Purugly, F|item\n|poke|p2|Pignite, F|item\n|poke|p2|Gourgeist-*, F|item\n|poke|p2|Gigalith, M|item\n|poke|p2|Krokorok, M|item\n|poke|p2|Simipour, M|item\n|poke|p2|Dustox, M|item\n|teampreview\n|inactive|Battle timer is ON: inactive players will automatically lose when time's up. (requested by ayevon)\n|c|\u2606waterbends|hf!\n|j|@ShwiftyShiftry\n|j| Rogervireop\n|j| wacko jim\n|j| joey milktank\n|l| wacko jim\n|c|\u2606ayevon|hf bud\n|c| Rogervireop|Battle of goats\n|c| joey milktank|^\n|inactive|ayevon has 120 seconds left.\n|\n|t:|1663799984\n|start\n|switch|p1a: Carbink|Carbink|100\/100\n|switch|p2a: Dustox|Dustox, M|100\/100\n|turn|1\n|\n|t:|1663800000\n|move|p1a: Carbink|Stealth Rock|p2a: Dustox\n|-sidestart|p2: waterbends|move: Stealth Rock\n|move|p2a: Dustox|Toxic|p1a: Carbink\n|-status|p1a: Carbink|tox\n|\n|-damage|p1a: Carbink|95\/100 tox|[from] psn\n|upkeep\n|turn|2\n|\n|t:|1663800009\n|switch|p1a: Krokorok|Krokorok, M|100\/100\n|-ability|p1a: Krokorok|Intimidate|boost\n|-unboost|p2a: Dustox|atk|1\n|move|p2a: Dustox|Defog|p1a: Krokorok\n|-unboost|p1a: Krokorok|evasion|1\n|-sideend|p2: waterbends|Stealth Rock|[from] move: Defog|[of] p2a: Dustox\n|\n|upkeep\n|turn|3\n|\n|t:|1663800020\n|switch|p2a: Gourgeist|Gourgeist-Large, F|100\/100\n|-item|p1a: Krokorok|Choice Band|[from] ability: Frisk|[of] p2a: Gourgeist|[identify]\n|move|p1a: Krokorok|Stone Edge|p2a: Gourgeist\n|-damage|p2a: Gourgeist|76\/100\n|\n|upkeep\n|turn|4\n|l| Rogervireop\n|\n|t:|1663800026\n|switch|p1a: Carbink|Carbink|95\/100 tox\n|move|p2a: Gourgeist|Leech Seed|p1a: Carbink\n|-start|p1a: Carbink|move: Leech Seed\n|\n|-damage|p1a: Carbink|82\/100 tox|[from] Leech Seed|[of] p2a: Gourgeist\n|-heal|p2a: Gourgeist|86\/100|[silent]\n|-damage|p1a: Carbink|76\/100 tox|[from] psn\n|upkeep\n|turn|5\n|\n|t:|1663800044\n|switch|p2a: Gigalith|Gigalith, M|100\/100\n|switch|p1a: Krokorok|Krokorok, M|100\/100\n|-ability|p1a: Krokorok|Intimidate|boost\n|-unboost|p2a: Gigalith|atk|1\n|\n|upkeep\n|turn|6\n|\n|t:|1663800051\n|switch|p2a: Gourgeist|Gourgeist-Large, F|86\/100\n|-item|p1a: Krokorok|Choice Band|[from] ability: Frisk|[of] p2a: Gourgeist|[identify]\n|move|p1a: Krokorok|Knock Off|p2a: Gourgeist\n|-supereffective|p2a: Gourgeist\n|-crit|p2a: Gourgeist\n|-enditem|p2a: Gourgeist|Colbur Berry|[eat]\n|-enditem|p2a: Gourgeist|Colbur Berry|[weaken]\n|-damage|p2a: Gourgeist|30\/100\n|\n|upkeep\n|turn|7\n|\n|t:|1663800056\n|switch|p2a: Pignite|Pignite, F|100\/100\n|move|p1a: Krokorok|Knock Off|p2a: Pignite\n|-resisted|p2a: Pignite\n|-damage|p2a: Pignite|71\/100\n|-enditem|p2a: Pignite|Eviolite|[from] move: Knock Off|[of] p1a: Krokorok\n|\n|upkeep\n|turn|8\n|\n|t:|1663800072\n|switch|p1a: Whiscash|Whiscash, F|100\/100\n|switch|p2a: Gourgeist|Gourgeist-Large, F|30\/100\n|-item|p1a: Whiscash|Choice Specs|[from] ability: Frisk|[of] p2a: Gourgeist|[identify]\n|\n|upkeep\n|turn|9\n|\n|t:|1663800080\n|switch|p2a: Dustox|Dustox, M|100\/100\n|move|p1a: Whiscash|Ice Beam|p2a: Dustox\n|-damage|p2a: Dustox|72\/100\n|\n|-heal|p2a: Dustox|79\/100|[from] item: Black Sludge\n|upkeep\n|turn|10\n|\n|t:|1663800086\n|move|p1a: Whiscash|Ice Beam|p2a: Dustox\n|-damage|p2a: Dustox|47\/100\n|move|p2a: Dustox|U-turn|p1a: Whiscash\n|-damage|p1a: Whiscash|84\/100\n|\n|t:|1663800092\n|switch|p2a: Simipour|Simipour, M|100\/100|[from]move: U-turn\n|\n|upkeep\n|turn|11\n|\n|t:|1663800100\n|switch|p2a: Dustox|Dustox, M|47\/100\n|switch|p1a: Dustox|Dustox, F|100\/100\n|\n|-heal|p2a: Dustox|53\/100|[from] item: Black Sludge\n|upkeep\n|turn|12\n|\n|t:|1663800103\n|move|p1a: Dustox|U-turn|p2a: Dustox\n|-resisted|p2a: Dustox\n|-damage|p2a: Dustox|43\/100\n|\n|t:|1663800108\n|switch|p1a: Krokorok|Krokorok, M|100\/100|[from]move: U-turn\n|-ability|p1a: Krokorok|Intimidate|boost\n|-unboost|p2a: Dustox|atk|1\n|move|p2a: Dustox|Roost|p2a: Dustox\n|-heal|p2a: Dustox|93\/100\n|-singleturn|p2a: Dustox|move: Roost\n|\n|-heal|p2a: Dustox|99\/100|[from] item: Black Sludge\n|upkeep\n|turn|13\n|\n|t:|1663800115\n|switch|p2a: Pignite|Pignite, F|71\/100\n|move|p1a: Krokorok|Stone Edge|p2a: Pignite|[miss]\n|-miss|p1a: Krokorok|p2a: Pignite\n|\n|upkeep\n|turn|14\n|\n|t:|1663800120\n|switch|p1a: Whiscash|Whiscash, F|84\/100\n|switch|p2a: Krokorok|Krokorok, M|100\/100\n|\n|upkeep\n|turn|15\n|\n|t:|1663800124\n|switch|p2a: Gourgeist|Gourgeist-Large, F|30\/100\n|-item|p1a: Whiscash|Choice Specs|[from] ability: Frisk|[of] p2a: Gourgeist|[identify]\n|move|p1a: Whiscash|Hydro Pump|p2a: Gourgeist|[miss]\n|-miss|p1a: Whiscash|p2a: Gourgeist\n|\n|upkeep\n|turn|16\n|\n|t:|1663800130\n|switch|p2a: Dustox|Dustox, M|99\/100\n|move|p1a: Whiscash|Hydro Pump|p2a: Dustox|[miss]\n|-miss|p1a: Whiscash|p2a: Dustox\n|\n|-heal|p2a: Dustox|100\/100|[from] item: Black Sludge\n|upkeep\n|turn|17\n|\n|t:|1663800134\n|move|p1a: Whiscash|Hydro Pump|p2a: Dustox\n|-damage|p2a: Dustox|51\/100\n|move|p2a: Dustox|U-turn|p1a: Whiscash\n|-crit|p1a: Whiscash\n|-damage|p1a: Whiscash|59\/100\n|\n|t:|1663800139\n|switch|p2a: Simipour|Simipour, M|100\/100|[from]move: U-turn\n|\n|upkeep\n|turn|18\n|\n|t:|1663800148\n|switch|p1a: Purugly|Purugly, F|100\/100\n|move|p2a: Simipour|Surf|p1a: Purugly\n|-damage|p1a: Purugly|9\/100\n|-damage|p2a: Simipour|91\/100|[from] item: Life Orb\n|\n|upkeep\n|turn|19\n|\n|t:|1663800156\n|switch|p1a: Whiscash|Whiscash, F|59\/100\n|-ability|p1a: Whiscash|Anticipation\n|switch|p2a: Gigalith|Gigalith, M|100\/100\n|\n|upkeep\n|turn|20\n|\n|t:|1663800160\n|move|p1a: Whiscash|Hydro Pump|p2a: Gigalith\n|-supereffective|p2a: Gigalith\n|-ability|p2a: Gigalith|Sturdy\n|-damage|p2a: Gigalith|1\/100\n|move|p2a: Gigalith|Stealth Rock|p1a: Whiscash\n|-sidestart|p1: ayevon|move: Stealth Rock\n|\n|-heal|p2a: Gigalith|7\/100|[from] item: Leftovers\n|upkeep\n|turn|21\n|\n|t:|1663800174\n|switch|p1a: Dustox|Dustox, F|100\/100\n|-damage|p1a: Dustox|75\/100|[from] Stealth Rock\n|switch|p2a: Simipour|Simipour, M|91\/100\n|\n|-heal|p1a: Dustox|82\/100|[from] item: Black Sludge\n|upkeep\n|turn|22\n|\n|t:|1663800181\n|move|p2a: Simipour|Nasty Plot|p2a: Simipour\n|-boost|p2a: Simipour|spa|2\n|move|p1a: Dustox|Defog|p2a: Simipour\n|-unboost|p2a: Simipour|evasion|1\n|-sideend|p1: ayevon|Stealth Rock|[from] move: Defog|[of] p1a: Dustox\n|\n|-heal|p1a: Dustox|88\/100|[from] item: Black Sludge\n|upkeep\n|turn|23\n|\n|t:|1663800185\n|move|p2a: Simipour|Surf|p1a: Dustox\n|-damage|p1a: Dustox|10\/100\n|-damage|p2a: Simipour|81\/100|[from] item: Life Orb\n|move|p1a: Dustox|U-turn|p2a: Simipour\n|-damage|p2a: Simipour|59\/100\n|\n|t:|1663800187\n|switch|p1a: Jumpluff|Jumpluff, F|100\/100|[from]move: U-turn\n|\n|upkeep\n|turn|24\n|\n|t:|1663800195\n|switch|p2a: Gigalith|Gigalith, M|7\/100\n|move|p1a: Jumpluff|Acrobatics|p2a: Gigalith\n|-resisted|p2a: Gigalith\n|-damage|p2a: Gigalith|0 fnt\n|faint|p2a: Gigalith\n|\n|upkeep\n|\n|t:|1663800199\n|switch|p2a: Krokorok|Krokorok, M|100\/100\n|turn|25\n|\n|t:|1663800206\n|move|p2a: Krokorok|Pursuit|p1a: Jumpluff\n|-damage|p1a: Jumpluff|76\/100\n|move|p1a: Jumpluff|U-turn|p2a: Krokorok\n|-supereffective|p2a: Krokorok\n|-damage|p2a: Krokorok|29\/100\n|\n|t:|1663800217\n|switch|p1a: Krokorok|Krokorok, M|100\/100|[from]move: U-turn\n|-ability|p1a: Krokorok|Intimidate|boost\n|-unboost|p2a: Krokorok|atk|1\n|\n|upkeep\n|turn|26\n|\n|t:|1663800222\n|switch|p2a: Gourgeist|Gourgeist-Large, F|30\/100\n|-item|p1a: Krokorok|Choice Band|[from] ability: Frisk|[of] p2a: Gourgeist|[identify]\n|move|p1a: Krokorok|Knock Off|p2a: Gourgeist\n|-supereffective|p2a: Gourgeist\n|-damage|p2a: Gourgeist|0 fnt\n|faint|p2a: Gourgeist\n|\n|upkeep\n|\n|t:|1663800227\n|switch|p2a: Pignite|Pignite, F|71\/100\n|turn|27\n|\n|t:|1663800240\n|switch|p1a: Carbink|Carbink|76\/100 tox\n|switch|p2a: Simipour|Simipour, M|59\/100\n|\n|-damage|p1a: Carbink|70\/100 tox|[from] psn\n|upkeep\n|turn|28\n|\n|t:|1663800245\n|move|p2a: Simipour|Surf|p1a: Carbink\n|-supereffective|p1a: Carbink\n|-damage|p1a: Carbink|0 fnt\n|faint|p1a: Carbink\n|-damage|p2a: Simipour|49\/100|[from] item: Life Orb\n|\n|upkeep\n|\n|t:|1663800248\n|switch|p1a: Jumpluff|Jumpluff, F|76\/100\n|turn|29\n|\n|t:|1663800251\n|switch|p2a: Dustox|Dustox, M|51\/100\n|move|p1a: Jumpluff|Acrobatics|p2a: Dustox\n|-supereffective|p2a: Dustox\n|-damage|p2a: Dustox|0 fnt\n|faint|p2a: Dustox\n|\n|upkeep\n|\n|t:|1663800256\n|switch|p2a: Krokorok|Krokorok, M|29\/100\n|turn|30\n|\n|t:|1663800260\n|switch|p1a: Krokorok|Krokorok, M|100\/100\n|-ability|p1a: Krokorok|Intimidate|boost\n|-unboost|p2a: Krokorok|atk|1\n|move|p2a: Krokorok|Stone Edge|p1a: Krokorok\n|-resisted|p1a: Krokorok\n|-damage|p1a: Krokorok|80\/100\n|\n|upkeep\n|turn|31\n|c| joey milktank|Np simpour always goes crazy\n|\n|t:|1663800270\n|-activate|p2a: Krokorok|move: Pursuit\n|move|p1a: Krokorok|Pursuit|p2a: Krokorok|[from]Pursuit\n|-resisted|p2a: Krokorok\n|-damage|p2a: Krokorok|0 fnt\n|faint|p2a: Krokorok\n|-hint|A Pokemon can't switch between when it runs out of HP and when it faints\n|\n|upkeep\n|\n|t:|1663800274\n|switch|p2a: Simipour|Simipour, M|49\/100\n|turn|32\n|\n|t:|1663800279\n|move|p2a: Simipour|Ice Beam|p1a: Krokorok\n|-supereffective|p1a: Krokorok\n|-damage|p1a: Krokorok|0 fnt\n|faint|p1a: Krokorok\n|-damage|p2a: Simipour|39\/100|[from] item: Life Orb\n|\n|upkeep\n|c|\u2606waterbends|gg\n|\n|t:|1663800283\n|switch|p1a: Jumpluff|Jumpluff, F|76\/100\n|turn|33\n|\n|t:|1663800285\n|move|p1a: Jumpluff|Acrobatics|p2a: Simipour\n|-damage|p2a: Simipour|0 fnt\n|faint|p2a: Simipour\n|\n|upkeep\n|\n|t:|1663800287\n|switch|p2a: Pignite|Pignite, F|71\/100\n|turn|34\n|c|\u2606ayevon|gg\n|\n|t:|1663800290\n|move|p1a: Jumpluff|Acrobatics|p2a: Pignite\n|-supereffective|p2a: Pignite\n|-damage|p2a: Pignite|0 fnt\n|faint|p2a: Pignite\n|\n|win|ayevon\n|n|\u2606ayevon|ayevon\n|n|\u2606waterbends|waterbends\n|n| ShwiftyShiftry|shwiftyshiftry\n|n| joey milktank|joeymilktank\n","uploadtime":1663800291,"views":5,"p1id":"ayevon","p2id":"waterbends","formatid":"gen6zu","rating":0,"private":0,"password":null}