{"id":"gen6ou-1667443148","p1":"SkipTheDripBayless","p2":"Cpt Funky Fresh","format":"gen6ou","log":"|j|\u2606SkipTheDripBayless\n|j|\u2606Cpt Funky Fresh\n|inactive|Battle timer is ON: inactive players will automatically lose when time's up.\n|t:|1663523251\n|gametype|singles\n|player|p1|SkipTheDripBayless|#roaladder|\n|player|p2|Cpt Funky Fresh|hugh|\n|teamsize|p1|6\n|teamsize|p2|6\n|gen|6\n|tier|[Gen 6] OU\n|rated|Tournament battle\n|rule|Sleep Clause Mod: Limit one foe put to sleep\n|rule|Species Clause: Limit one of each Pok\u00e9mon\n|rule|OHKO Clause: OHKO moves are banned\n|rule|Moody Clause: Moody is banned\n|rule|Evasion Items Clause: Evasion items are banned\n|rule|Evasion Moves Clause: Evasion moves are banned\n|rule|Endless Battle Clause: Forcing endless battles is banned\n|rule|HP Percentage Mod: HP is shown in percentages\n|rule|Swagger Clause: Swagger is banned\n|clearpoke\n|poke|p1|Clefable, M|item\n|poke|p1|Suicune|item\n|poke|p1|Altaria, M|item\n|poke|p1|Talonflame, F|item\n|poke|p1|Excadrill, F|item\n|poke|p1|Tornadus-Therian, M|item\n|poke|p2|Lopunny, M|item\n|poke|p2|Tangrowth, M|item\n|poke|p2|Weavile, F|item\n|poke|p2|Excadrill, F|item\n|poke|p2|Latias, F|item\n|poke|p2|Talonflame, F|item\n|teampreview\n|inactive|Cpt Funky Fresh also wants the timer to be on.\n|j| Dfkdh\n|\n|t:|1663523270\n|start\n|switch|p1a: Tornadus|Tornadus-Therian, M|100\/100\n|switch|p2a: ACHILLES|Lopunny, M|100\/100\n|turn|1\n|j| Piesol\n|\n|t:|1663523276\n|switch|p1a: Clefable|Clefable, M|100\/100\n|detailschange|p2a: ACHILLES|Lopunny-Mega, M\n|-mega|p2a: ACHILLES|Lopunny|Lopunnite\n|move|p2a: ACHILLES|Fake Out|p1a: Clefable\n|-damage|p1a: Clefable|83\/100\n|\n|-heal|p1a: Clefable|89\/100|[from] item: Leftovers\n|upkeep\n|turn|2\n|\n|t:|1663523282\n|switch|p2a: ICHIGEKI|Excadrill, F|100\/100\n|-ability|p2a: ICHIGEKI|Mold Breaker\n|move|p1a: Clefable|Knock Off|p2a: ICHIGEKI\n|-damage|p2a: ICHIGEKI|82\/100\n|-enditem|p2a: ICHIGEKI|Leftovers|[from] move: Knock Off|[of] p1a: Clefable\n|\n|-heal|p1a: Clefable|95\/100|[from] item: Leftovers\n|upkeep\n|turn|3\n|\n|t:|1663523290\n|switch|p1a: Suicune|Suicune|100\/100\n|-ability|p1a: Suicune|Pressure\n|move|p2a: ICHIGEKI|Stealth Rock|p1a: Suicune\n|-sidestart|p1: SkipTheDripBayless|move: Stealth Rock\n|\n|upkeep\n|turn|4\n|j| amstan\n|l| amstan\n|\n|t:|1663523298\n|move|p2a: ICHIGEKI|Earthquake|p1a: Suicune\n|-damage|p1a: Suicune|75\/100\n|move|p1a: Suicune|Scald|p2a: ICHIGEKI\n|-supereffective|p2a: ICHIGEKI\n|-damage|p2a: ICHIGEKI|42\/100\n|-status|p2a: ICHIGEKI|brn\n|\n|-heal|p1a: Suicune|81\/100|[from] item: Leftovers\n|-damage|p2a: ICHIGEKI|30\/100 brn|[from] brn\n|upkeep\n|turn|5\n|\n|t:|1663523302\n|switch|p1a: Clefable|Clefable, M|95\/100\n|move|p2a: ICHIGEKI|Toxic|p1a: Clefable\n|-status|p1a: Clefable|tox\n|\n|-heal|p1a: Clefable|100\/100 tox|[from] item: Leftovers\n|-damage|p2a: ICHIGEKI|18\/100 brn|[from] brn\n|upkeep\n|turn|6\n|\n|t:|1663523318\n|move|p2a: ICHIGEKI|Iron Head|p1a: Clefable\n|-supereffective|p1a: Clefable\n|-damage|p1a: Clefable|75\/100 tox\n|move|p1a: Clefable|Stealth Rock|p2a: ICHIGEKI\n|-sidestart|p2: Cpt Funky Fresh|move: Stealth Rock\n|\n|-heal|p1a: Clefable|81\/100 tox|[from] item: Leftovers\n|-damage|p2a: ICHIGEKI|5\/100 brn|[from] brn\n|upkeep\n|turn|7\n|\n|t:|1663523322\n|move|p2a: ICHIGEKI|Iron Head|p1a: Clefable\n|-supereffective|p1a: Clefable\n|-damage|p1a: Clefable|56\/100 tox\n|move|p1a: Clefable|Soft-Boiled|p1a: Clefable\n|-heal|p1a: Clefable|100\/100 tox\n|\n|-damage|p2a: ICHIGEKI|0 fnt|[from] brn\n|faint|p2a: ICHIGEKI\n|upkeep\n|\n|t:|1663523333\n|switch|p2a: DRAGON DANCE|Latias, F|100\/100\n|-damage|p2a: DRAGON DANCE|88\/100|[from] Stealth Rock\n|turn|8\n|\n|t:|1663523340\n|switch|p1a: Excadrill|Excadrill, F|100\/100\n|-damage|p1a: Excadrill|97\/100|[from] Stealth Rock\n|-ability|p1a: Excadrill|Mold Breaker\n|move|p2a: DRAGON DANCE|Defog|p1a: Excadrill\n|-unboost|p1a: Excadrill|evasion|1\n|-sideend|p1: SkipTheDripBayless|Stealth Rock|[from] move: Defog|[of] p2a: DRAGON DANCE\n|-sideend|p2: Cpt Funky Fresh|Stealth Rock|[from] move: Defog|[of] p2a: DRAGON DANCE\n|\n|-heal|p1a: Excadrill|100\/100|[from] item: Leftovers\n|upkeep\n|turn|9\n|\n|t:|1663523344\n|switch|p2a: HIDARUMA|Talonflame, F|100\/100\n|move|p1a: Excadrill|Toxic|p2a: HIDARUMA\n|-status|p2a: HIDARUMA|tox\n|\n|-damage|p2a: HIDARUMA|94\/100 tox|[from] psn\n|upkeep\n|turn|10\n|\n|t:|1663523347\n|switch|p1a: Clefable|Clefable, M|100\/100 tox\n|move|p2a: HIDARUMA|Will-O-Wisp||[still]\n|-fail|p2a: HIDARUMA\n|\n|-heal|p2a: HIDARUMA|100\/100 tox|[from] item: Leftovers\n|-damage|p2a: HIDARUMA|88\/100 tox|[from] psn\n|upkeep\n|turn|11\n|\n|t:|1663523354\n|switch|p2a: DRAGON DANCE|Latias, F|88\/100\n|move|p1a: Clefable|Stealth Rock|p2a: DRAGON DANCE\n|-sidestart|p2: Cpt Funky Fresh|move: Stealth Rock\n|\n|upkeep\n|turn|12\n|\n|t:|1663523357\n|move|p2a: DRAGON DANCE|Trick|p1a: Clefable\n|-activate|p2a: DRAGON DANCE|move: Trick|[of] p1a: Clefable\n|-item|p1a: Clefable|Choice Scarf|[from] move: Trick\n|-item|p2a: DRAGON DANCE|Leftovers|[from] move: Trick\n|move|p1a: Clefable|Moonblast|p2a: DRAGON DANCE\n|-supereffective|p2a: DRAGON DANCE\n|-crit|p2a: DRAGON DANCE\n|-damage|p2a: DRAGON DANCE|21\/100\n|-unboost|p2a: DRAGON DANCE|spa|1\n|\n|-heal|p2a: DRAGON DANCE|27\/100|[from] item: Leftovers\n|upkeep\n|turn|13\n|\n|t:|1663523368\n|move|p2a: DRAGON DANCE|Healing Wish|p2a: DRAGON DANCE\n|faint|p2a: DRAGON DANCE\n|move|p1a: Clefable|Moonblast|p2: DRAGON DANCE|[notarget]\n|-fail|p1a: Clefable\n|\n|upkeep\n|\n|t:|1663523369\n|switch|p2a: HIDARUMA|Talonflame, F|88\/100 tox\n|-heal|p2a: HIDARUMA|100\/100|[from] move: Healing Wish\n|-damage|p2a: HIDARUMA|51\/100|[from] Stealth Rock\n|turn|14\n|\n|t:|1663523376\n|switch|p1a: Suicune|Suicune|81\/100\n|-ability|p1a: Suicune|Pressure\n|move|p2a: HIDARUMA|Roost|p2a: HIDARUMA\n|-heal|p2a: HIDARUMA|100\/100\n|-singleturn|p2a: HIDARUMA|move: Roost\n|\n|-heal|p1a: Suicune|87\/100|[from] item: Leftovers\n|upkeep\n|turn|15\n|\n|t:|1663523382\n|move|p2a: HIDARUMA|Will-O-Wisp|p1a: Suicune\n|-status|p1a: Suicune|brn\n|move|p1a: Suicune|Scald|p2a: HIDARUMA\n|-supereffective|p2a: HIDARUMA\n|-damage|p2a: HIDARUMA|51\/100\n|\n|-heal|p2a: HIDARUMA|57\/100|[from] item: Leftovers\n|-heal|p1a: Suicune|93\/100 brn|[from] item: Leftovers\n|-damage|p1a: Suicune|81\/100 brn|[from] brn\n|upkeep\n|turn|16\n|j| wet kitten\n|\n|t:|1663523388\n|move|p2a: HIDARUMA|Taunt|p1a: Suicune\n|-start|p1a: Suicune|move: Taunt\n|move|p1a: Suicune|Scald|p2a: HIDARUMA\n|-supereffective|p2a: HIDARUMA\n|-damage|p2a: HIDARUMA|7\/100\n|\n|-heal|p2a: HIDARUMA|13\/100|[from] item: Leftovers\n|-heal|p1a: Suicune|87\/100 brn|[from] item: Leftovers\n|-damage|p1a: Suicune|75\/100 brn|[from] brn\n|upkeep\n|turn|17\n|\n|t:|1663523396\n|switch|p1a: Tornadus|Tornadus-Therian, M|100\/100\n|move|p2a: HIDARUMA|Roost|p2a: HIDARUMA\n|-heal|p2a: HIDARUMA|63\/100\n|-singleturn|p2a: HIDARUMA|move: Roost\n|\n|-heal|p2a: HIDARUMA|69\/100|[from] item: Leftovers\n|upkeep\n|turn|18\n|\n|t:|1663523400\n|move|p2a: HIDARUMA|Roost|p2a: HIDARUMA\n|-heal|p2a: HIDARUMA|100\/100\n|-singleturn|p2a: HIDARUMA|move: Roost\n|move|p1a: Tornadus|Taunt|p2a: HIDARUMA\n|-start|p2a: HIDARUMA|move: Taunt\n|\n|upkeep\n|turn|19\n|\n|t:|1663523416\n|move|p2a: HIDARUMA|Brave Bird|p1a: Tornadus\n|-damage|p1a: Tornadus|62\/100\n|-damage|p2a: HIDARUMA|88\/100|[from] Recoil\n|move|p1a: Tornadus|Hurricane|p2a: HIDARUMA\n|-damage|p2a: HIDARUMA|47\/100\n|-start|p2a: HIDARUMA|confusion\n|\n|-heal|p2a: HIDARUMA|53\/100|[from] item: Leftovers\n|upkeep\n|turn|20\n|\n|t:|1663523422\n|switch|p2a: JUKAI KOTAN|Tangrowth, M|100\/100\n|-damage|p2a: JUKAI KOTAN|88\/100|[from] Stealth Rock\n|move|p1a: Tornadus|Knock Off|p2a: JUKAI KOTAN\n|-damage|p2a: JUKAI KOTAN|77\/100\n|-damage|p1a: Tornadus|46\/100|[from] item: Rocky Helmet|[of] p2a: JUKAI KOTAN\n|-enditem|p2a: JUKAI KOTAN|Rocky Helmet|[from] move: Knock Off|[of] p1a: Tornadus\n|\n|upkeep\n|turn|21\n|\n|t:|1663523426\n|move|p1a: Tornadus|U-turn|p2a: JUKAI KOTAN\n|-supereffective|p2a: JUKAI KOTAN\n|-damage|p2a: JUKAI KOTAN|59\/100\n|\n|t:|1663523429\n|switch|p1a: Clefable|Clefable, M|100\/100 tox|[from]move: U-turn\n|move|p2a: JUKAI KOTAN|Sleep Powder||[still]\n|-fail|p2a: JUKAI KOTAN\n|\n|upkeep\n|turn|22\n|\n|t:|1663523441\n|move|p1a: Clefable|Moonblast|p2a: JUKAI KOTAN\n|-damage|p2a: JUKAI KOTAN|16\/100\n|move|p2a: JUKAI KOTAN|Giga Drain|p1a: Clefable\n|-damage|p1a: Clefable|72\/100 tox\n|-heal|p2a: JUKAI KOTAN|29\/100|[from] drain|[of] p1a: Clefable\n|\n|upkeep\n|turn|23\n|\n|t:|1663523444\n|move|p1a: Clefable|Moonblast|p2a: JUKAI KOTAN\n|-damage|p2a: JUKAI KOTAN|0 fnt\n|faint|p2a: JUKAI KOTAN\n|\n|upkeep\n|\n|t:|1663523446\n|switch|p2a: HIDARUMA|Talonflame, F|53\/100\n|-damage|p2a: HIDARUMA|4\/100|[from] Stealth Rock\n|turn|24\n|\n|t:|1663523451\n|switch|p1a: Tornadus|Tornadus-Therian, M|79\/100\n|move|p2a: HIDARUMA|Roost|p2a: HIDARUMA\n|-heal|p2a: HIDARUMA|54\/100\n|-singleturn|p2a: HIDARUMA|move: Roost\n|\n|-heal|p2a: HIDARUMA|60\/100|[from] item: Leftovers\n|upkeep\n|turn|25\n|\n|t:|1663523456\n|switch|p2a: MIDNIGHT|Weavile, F|100\/100\n|-damage|p2a: MIDNIGHT|76\/100|[from] Stealth Rock\n|move|p1a: Tornadus|Knock Off|p2a: MIDNIGHT\n|-resisted|p2a: MIDNIGHT\n|-damage|p2a: MIDNIGHT|59\/100\n|-enditem|p2a: MIDNIGHT|Choice Band|[from] move: Knock Off|[of] p1a: Tornadus\n|-enditem|p1a: Tornadus|Heavy-Duty Boots|[silent]|[from] ability: Pickpocket|[of] p1a: Tornadus\n|-item|p2a: MIDNIGHT|Heavy-Duty Boots|[from] ability: Pickpocket|[of] p1a: Tornadus\n|\n|upkeep\n|turn|26\n|\n|t:|1663523466\n|move|p2a: MIDNIGHT|Pursuit|p1a: Tornadus\n|-damage|p1a: Tornadus|58\/100\n|move|p1a: Tornadus|U-turn|p2a: MIDNIGHT\n|-supereffective|p2a: MIDNIGHT\n|-damage|p2a: MIDNIGHT|9\/100\n|\n|t:|1663523471\n|switch|p1a: Talonflame|Talonflame, F|100\/100|[from]move: U-turn\n|\n|upkeep\n|turn|27\n|\n|t:|1663523478\n|move|p2a: MIDNIGHT|Icicle Crash|p1a: Talonflame\n|-damage|p1a: Talonflame|44\/100\n|move|p1a: Talonflame|Bulk Up|p1a: Talonflame\n|-boost|p1a: Talonflame|atk|1\n|-boost|p1a: Talonflame|def|1\n|\n|upkeep\n|turn|28\n|c|\u2606Cpt Funky Fresh|Gg\n|\n|t:|1663523484\n|move|p2a: MIDNIGHT|Ice Shard|p1a: Talonflame\n|-damage|p1a: Talonflame|28\/100\n|move|p1a: Talonflame|Roost|p1a: Talonflame\n|-heal|p1a: Talonflame|78\/100\n|-singleturn|p1a: Talonflame|move: Roost\n|\n|upkeep\n|turn|29\n|\n|t:|1663523489\n|move|p1a: Talonflame|Brave Bird|p2a: MIDNIGHT\n|-damage|p2a: MIDNIGHT|0 fnt\n|faint|p2a: MIDNIGHT\n|-damage|p1a: Talonflame|76\/100|[from] Recoil\n|\n|upkeep\n|c|\u2606SkipTheDripBayless|gg\n|\n|t:|1663523493\n|switch|p2a: ACHILLES|Lopunny-Mega, M|100\/100\n|-damage|p2a: ACHILLES|95\/100|[from] Stealth Rock\n|turn|30\n|j|+Giagantic\n|-message|Cpt Funky Fresh forfeited.\n|\n|win|SkipTheDripBayless\n|n|\u2606SkipTheDripBayless|skipthedripbayless\n|n|\u2606Cpt Funky Fresh|cptfunkyfresh\n|n| Dfkdh|dfkdh\n|n| Piesol|piesol\n|n| wet kitten|wetkitten\n|n|+Giagantic|giagantic\n|l|+Giagantic\n|l| Piesol\n|l| wet kitten\n|l| Dfkdh\n","uploadtime":1663523623,"views":6,"p1id":"skipthedripbayless","p2id":"cptfunkyfresh","formatid":"gen6ou","rating":0,"private":0,"password":null}