{"id":"gen6ou-1265366827","p1":"FatFighter2","p2":"SkipTheDripBayless","format":"gen6ou","log":"|j|\u2606FatFighter2\n|j|\u2606SkipTheDripBayless\n|t:|1611074017\n|player|p1|FatFighter2|misty|\n|player|p2|SkipTheDripBayless|youngathletef|\n|teamsize|p1|6\n|teamsize|p2|6\n|gametype|singles\n|gen|6\n|tier|[Gen 6] OU\n|rated|Tournament battle\n|clearpoke\n|poke|p1|Shuckle, M|item\n|poke|p1|Scizor, F|item\n|poke|p1|Azumarill, M|item\n|poke|p1|Hoopa|item\n|poke|p1|Thundurus, M|item\n|poke|p1|Bisharp, M|item\n|poke|p2|Venusaur, F|item\n|poke|p2|Chansey, F|item\n|poke|p2|Keldeo|item\n|poke|p2|Bisharp, M|item\n|poke|p2|Skarmory, F|item\n|poke|p2|Heatran, M|item\n|rule|Sleep Clause Mod: Limit one foe put to sleep\n|rule|Species Clause: Limit one of each Pok\u00e9mon\n|rule|OHKO Clause: OHKO moves are banned\n|rule|Moody Clause: Moody is banned\n|rule|Evasion Moves Clause: Evasion moves are banned\n|rule|Endless Battle Clause: Forcing endless battles is banned\n|rule|HP Percentage Mod: HP is shown in percentages\n|rule|Swagger Clause: Swagger is banned\n|teampreview\n|j|*Lady Monita\n|c|\u2606FatFighter2|gl\n|j| Noodl3sW1thRic3\n|j| TheAce42\n|\n|t:|1611074026\n|start\n|switch|p1a: Shuckle|Shuckle, M|100\/100\n|switch|p2a: Skarmory|Skarmory, F|100\/100\n|turn|1\n|\n|t:|1611074034\n|move|p2a: Skarmory|Spikes|p1a: Shuckle\n|-sidestart|p1: FatFighter2|Spikes\n|move|p1a: Shuckle|Encore|p2a: Skarmory\n|-start|p2a: Skarmory|Encore\n|\n|upkeep\n|turn|2\n|j| 7MM\n|\n|t:|1611074040\n|move|p2a: Skarmory|Spikes|p1a: Shuckle\n|-sidestart|p1: FatFighter2|Spikes\n|move|p1a: Shuckle|Sticky Web|p2a: Skarmory\n|-sidestart|p2: SkipTheDripBayless|move: Sticky Web\n|\n|upkeep\n|turn|3\n|j| TrulyAtrocious\n|j| Rebab dutchweed\n|\n|t:|1611074056\n|move|p2a: Skarmory|Spikes|p1a: Shuckle\n|-sidestart|p1: FatFighter2|Spikes\n|move|p1a: Shuckle|Stealth Rock|p2a: Skarmory\n|-sidestart|p2: SkipTheDripBayless|move: Stealth Rock\n|\n|upkeep\n|turn|4\n|\n|t:|1611074063\n|switch|p2a: Heatran|Heatran, M|100\/100\n|-activate|p2a: Heatran|move: Sticky Web\n|-unboost|p2a: Heatran|spe|1\n|-damage|p2a: Heatran|88\/100|[from] Stealth Rock\n|move|p1a: Shuckle|Infestation|p2a: Heatran\n|-resisted|p2a: Heatran\n|-crit|p2a: Heatran\n|-damage|p2a: Heatran|88\/100\n|-activate|p2a: Heatran|move: Infestation|[of] p1a: Shuckle\n|\n|-heal|p2a: Heatran|94\/100|[from] item: Leftovers\n|-damage|p2a: Heatran|81\/100|[from] move: Infestation|[partiallytrapped]\n|upkeep\n|turn|5\n|\n|t:|1611074070\n|move|p2a: Heatran|Toxic|p1a: Shuckle\n|-status|p1a: Shuckle|tox\n|move|p1a: Shuckle|Encore|p2a: Heatran\n|-start|p2a: Heatran|Encore\n|\n|-heal|p2a: Heatran|88\/100|[from] item: Leftovers\n|-damage|p1a: Shuckle|94\/100 tox|[from] psn\n|-damage|p2a: Heatran|75\/100|[from] move: Infestation|[partiallytrapped]\n|upkeep\n|turn|6\n|j| Mygrein \u32e1\n|c| TrulyAtrocious|0%\n|c| TrulyAtrocious|...\n|c|\u2606FatFighter2|and a crit too\n|c| TrulyAtrocious|thats so sad\n|c|\u2606FatFighter2|its so sad\n|c| TrulyAtrocious|shuckle's attacks are pathetic sadly\n|j|^Niclas8201\n|c| TrulyAtrocious|it has potential tho\n|j| Vitoran \u2642\n|j| laevin \u32db\n|\n|t:|1611074131\n|switch|p1a: Azumarill|Azumarill, M|100\/100\n|-damage|p1a: Azumarill|75\/100|[from] Spikes\n|move|p2a: Heatran|Toxic|p1a: Azumarill\n|-status|p1a: Azumarill|tox\n|\n|-heal|p2a: Heatran|81\/100|[from] item: Leftovers\n|-damage|p1a: Azumarill|69\/100 tox|[from] psn\n|-end|p2a: Heatran|Infestation|[partiallytrapped]|[silent]\n|upkeep\n|turn|7\n|\n|t:|1611074140\n|switch|p2a: Venusaur|Venusaur, F|100\/100\n|-damage|p2a: Venusaur|88\/100|[from] Stealth Rock\n|-activate|p2a: Venusaur|move: Sticky Web\n|-unboost|p2a: Venusaur|spe|1\n|move|p1a: Azumarill|Belly Drum|p1a: Azumarill\n|-damage|p1a: Azumarill|19\/100 tox\n|-setboost|p1a: Azumarill|atk|6|[from] move: Belly Drum\n|-enditem|p1a: Azumarill|Sitrus Berry|[eat]\n|-heal|p1a: Azumarill|44\/100 tox|[from] item: Sitrus Berry\n|\n|-damage|p1a: Azumarill|32\/100 tox|[from] psn\n|upkeep\n|turn|8\n|c| TrulyAtrocious|ok this matchup is depressing\n|\n|t:|1611074183\n|detailschange|p2a: Venusaur|Venusaur-Mega, F\n|-mega|p2a: Venusaur|Venusaur|Venusaurite\n|move|p1a: Azumarill|Knock Off|p2a: Venusaur\n|-damage|p2a: Venusaur|29\/100\n|move|p2a: Venusaur|Giga Drain|p1a: Azumarill\n|-supereffective|p1a: Azumarill\n|-damage|p1a: Azumarill|0 fnt\n|-heal|p2a: Venusaur|44\/100|[from] drain|[of] p1a: Azumarill\n|faint|p1a: Azumarill\n|\n|upkeep\n|c| TheAce42|oof\n|l|^Niclas8201\n|\n|t:|1611074212\n|switch|p1a: Shuckle|Shuckle, M|94\/100 tox\n|-damage|p1a: Shuckle|69\/100 tox|[from] Spikes\n|turn|9\n|c| Vitoran \u2642|TrulyAtrocious matchup i'd say\n|\n|t:|1611074219\n|move|p2a: Venusaur|Synthesis|p2a: Venusaur\n|-heal|p2a: Venusaur|94\/100\n|move|p1a: Shuckle|Infestation|p2a: Venusaur\n|-damage|p2a: Venusaur|92\/100\n|-activate|p2a: Venusaur|move: Infestation|[of] p1a: Shuckle\n|\n|-damage|p1a: Shuckle|63\/100 tox|[from] psn\n|-damage|p2a: Venusaur|80\/100|[from] move: Infestation|[partiallytrapped]\n|upkeep\n|turn|10\n|c| TrulyAtrocious|...\n|c| TrulyAtrocious|wow\n|\n|t:|1611074237\n|move|p2a: Venusaur|Hidden Power|p1a: Shuckle\n|-damage|p1a: Shuckle|51\/100 tox\n|move|p1a: Shuckle|Encore|p2a: Venusaur\n|-start|p2a: Venusaur|Encore\n|\n|-damage|p1a: Shuckle|39\/100 tox|[from] psn\n|-damage|p2a: Venusaur|67\/100|[from] move: Infestation|[partiallytrapped]\n|upkeep\n|turn|11\n|j| John Piglet\n|inactive|Battle timer is ON: inactive players will automatically lose when time's up. (requested by SkipTheDripBayless)\n|j| thunderator\n|c| Vitoran \u2642|oh come on it was right there someone had to say it\n|c| John Piglet|hi\n|l| Noodl3sW1thRic3\n|\n|t:|1611074268\n|switch|p1a: Thundurus|Thundurus, M|100\/100\n|move|p2a: Venusaur|Hidden Power|p1a: Thundurus\n|-damage|p1a: Thundurus|77\/100\n|\n|-heal|p1a: Thundurus|83\/100|[from] item: Leftovers\n|-end|p2a: Venusaur|Infestation|[partiallytrapped]|[silent]\n|upkeep\n|turn|12\n|\n|t:|1611074283\n|switch|p2a: Chansey|Chansey, F|100\/100\n|-damage|p2a: Chansey|88\/100|[from] Stealth Rock\n|-activate|p2a: Chansey|move: Sticky Web\n|-unboost|p2a: Chansey|spe|1\n|move|p1a: Thundurus|Nasty Plot|p1a: Thundurus\n|-boost|p1a: Thundurus|spa|2\n|\n|-heal|p1a: Thundurus|89\/100|[from] item: Leftovers\n|upkeep\n|turn|13\n|\n|t:|1611074290\n|move|p1a: Thundurus|Focus Blast|p2a: Chansey\n|-supereffective|p2a: Chansey\n|-damage|p2a: Chansey|46\/100\n|move|p2a: Chansey|Seismic Toss|p1a: Thundurus\n|-damage|p1a: Thundurus|55\/100\n|\n|-heal|p1a: Thundurus|61\/100|[from] item: Leftovers\n|upkeep\n|turn|14\n|\n|t:|1611074299\n|move|p1a: Thundurus|Nasty Plot|p1a: Thundurus\n|-boost|p1a: Thundurus|spa|2\n|move|p2a: Chansey|Seismic Toss|p1a: Thundurus\n|-damage|p1a: Thundurus|28\/100\n|\n|-heal|p1a: Thundurus|34\/100|[from] item: Leftovers\n|upkeep\n|turn|15\n|l| John Piglet\n|inactive|FatFighter2 has 120 seconds left.\n|inactive|SkipTheDripBayless has 120 seconds left.\n|\n|t:|1611074339\n|move|p1a: Thundurus|Focus Blast|p2a: Chansey\n|-supereffective|p2a: Chansey\n|-damage|p2a: Chansey|0 fnt\n|faint|p2a: Chansey\n|\n|-heal|p1a: Thundurus|40\/100|[from] item: Leftovers\n|upkeep\n|\n|t:|1611074343\n|switch|p2a: Venusaur|Venusaur-Mega, F|67\/100\n|-activate|p2a: Venusaur|move: Sticky Web\n|-unboost|p2a: Venusaur|spe|1\n|-damage|p2a: Venusaur|55\/100|[from] Stealth Rock\n|turn|16\n|inactive|FatFighter2 has 120 seconds left.\n|\n|t:|1611074357\n|move|p1a: Thundurus|Thunderbolt|p2a: Venusaur\n|-resisted|p2a: Venusaur\n|-damage|p2a: Venusaur|3\/100\n|move|p2a: Venusaur|Sludge Bomb|p1a: Thundurus\n|-damage|p1a: Thundurus|0 fnt\n|faint|p1a: Thundurus\n|\n|upkeep\n|inactive|FatFighter2 has 120 seconds left.\n|\n|t:|1611074392\n|switch|p1a: Hoopa|Hoopa|100\/100\n|-damage|p1a: Hoopa|76\/100|[from] Spikes\n|turn|17\n|inactive|SkipTheDripBayless has 120 seconds left.\n|\n|t:|1611074430\n|move|p1a: Hoopa|Shadow Ball|p2a: Venusaur\n|-damage|p2a: Venusaur|0 fnt\n|faint|p2a: Venusaur\n|\n|upkeep\n|\n|t:|1611074433\n|switch|p2a: Bisharp|Bisharp, M|100\/100\n|-activate|p2a: Bisharp|move: Sticky Web\n|-unboost|p2a: Bisharp|spe|1\n|-ability|p2a: Bisharp|Defiant\n|-boost|p2a: Bisharp|atk|2\n|-damage|p2a: Bisharp|94\/100|[from] Stealth Rock\n|turn|18\n|\n|t:|1611074461\n|move|p1a: Hoopa|Shadow Ball|p2a: Bisharp\n|-resisted|p2a: Bisharp\n|-damage|p2a: Bisharp|62\/100\n|move|p2a: Bisharp|Knock Off|p1a: Hoopa\n|-supereffective|p1a: Hoopa\n|-damage|p1a: Hoopa|0 fnt\n|-enditem|p1a: Hoopa|Choice Scarf|[from] move: Knock Off|[of] p2a: Bisharp\n|faint|p1a: Hoopa\n|\n|-heal|p2a: Bisharp|68\/100|[from] item: Leftovers\n|upkeep\n|l| laevin \u32db\n|inactive|FatFighter2 has 90 seconds left.\n|l| TrulyAtrocious\n|inactive|FatFighter2 has 60 seconds left.\n|j| TrulyAtrocious\n|\n|t:|1611074541\n|switch|p1a: Bisharp|Bisharp, M|100\/100\n|-damage|p1a: Bisharp|76\/100|[from] Spikes\n|turn|19\n|\n|t:|1611074547\n|move|p1a: Bisharp|Swords Dance|p1a: Bisharp\n|-boost|p1a: Bisharp|atk|2\n|move|p2a: Bisharp|Knock Off|p1a: Bisharp\n|-resisted|p1a: Bisharp\n|-damage|p1a: Bisharp|5\/100\n|-enditem|p1a: Bisharp|Black Glasses|[from] move: Knock Off|[of] p2a: Bisharp\n|\n|-heal|p2a: Bisharp|74\/100|[from] item: Leftovers\n|upkeep\n|turn|20\n|inactive|SkipTheDripBayless has 90 seconds left.\n|\n|t:|1611074577\n|move|p1a: Bisharp|Sucker Punch|p2a: Bisharp\n|-resisted|p2a: Bisharp\n|-damage|p2a: Bisharp|31\/100\n|move|p2a: Bisharp|Knock Off|p1a: Bisharp\n|-resisted|p1a: Bisharp\n|-crit|p1a: Bisharp\n|-damage|p1a: Bisharp|0 fnt\n|faint|p1a: Bisharp\n|\n|-heal|p2a: Bisharp|37\/100|[from] item: Leftovers\n|upkeep\n|inactive|FatFighter2 has 30 seconds left.\n|c|\u2606FatFighter2|oh its bulky\n|inactive|FatFighter2 has 20 seconds left.\n|c|\u2606FatFighter2|didn't calc it right then\n|c|\u2606FatFighter2|gg\n|c|\u2606SkipTheDripBayless|u never played wk\n|inactive|FatFighter2 has 15 seconds left.\n|c|\u2606SkipTheDripBayless|lol\n|\n|t:|1611074603\n|switch|p1a: Scizor|Scizor, F|100\/100\n|-damage|p1a: Scizor|76\/100|[from] Spikes\n|turn|21\n|inactive|FatFighter2 has 25 seconds left this turn.\n|inactive|FatFighter2 has 20 seconds left.\n|inactive|FatFighter2 has 15 seconds left.\n|c|\u2606FatFighter2|Im not familiar with the oras ou meta\n|inactive|FatFighter2 has 10 seconds left.\n|\n|t:|1611074620\n|detailschange|p1a: Scizor|Scizor-Mega, F\n|-mega|p1a: Scizor|Scizor|Scizorite\n|move|p1a: Scizor|Superpower|p2a: Bisharp\n|-supereffective|p2a: Bisharp\n|-damage|p2a: Bisharp|0 fnt\n|-unboost|p1a: Scizor|atk|1\n|-unboost|p1a: Scizor|def|1\n|faint|p2a: Bisharp\n|\n|upkeep\n|inactive|FatFighter2 has 15 seconds left this turn.\n|c|\u2606SkipTheDripBayless|wk transcends\n|c|\u2606SkipTheDripBayless|all metas\n|\n|t:|1611074629\n|switch|p2a: Keldeo|Keldeo|100\/100\n|-activate|p2a: Keldeo|move: Sticky Web\n|-unboost|p2a: Keldeo|spe|1\n|-damage|p2a: Keldeo|94\/100|[from] Stealth Rock\n|turn|22\n|inactive|FatFighter2 has 25 seconds left this turn.\n|\n|t:|1611074634\n|switch|p1a: Shuckle|Shuckle, M|39\/100 tox\n|-damage|p1a: Shuckle|14\/100 tox|[from] Spikes\n|move|p2a: Keldeo|Scald|p1a: Shuckle\n|-supereffective|p1a: Shuckle\n|-damage|p1a: Shuckle|0 fnt\n|faint|p1a: Shuckle\n|\n|-heal|p2a: Keldeo|100\/100|[from] item: Leftovers\n|upkeep\n|inactive|FatFighter2 has 30 seconds left this turn.\n|\n|t:|1611074637\n|switch|p1a: Scizor|Scizor-Mega, F|76\/100\n|-damage|p1a: Scizor|51\/100|[from] Spikes\n|turn|23\n|inactive|SkipTheDripBayless has 120 seconds left.\n|\n|t:|1611074644\n|move|p1a: Scizor|Swords Dance|p1a: Scizor\n|-boost|p1a: Scizor|atk|2\n|move|p2a: Keldeo|Scald|p1a: Scizor\n|-damage|p1a: Scizor|0 fnt\n|faint|p1a: Scizor\n|\n|win|SkipTheDripBayless\n|n|\u2606FatFighter2|fatfighter2\n|n|\u2606SkipTheDripBayless|skipthedripbayless\n|n|*Lady Monita|ladymonita\n|n| TheAce42|theace42\n|n| 7MM|7mm\n|n| Rebab dutchweed|rebabdutchweed\n|n| Mygrein \u32e1|mygrein\n|n| Vitoran \u2642|vitoran\n|n| thunderator|thunderator\n|n| TrulyAtrocious|trulyatrocious\n","uploadtime":1611074647,"views":40,"p1id":"fatfighter2","p2id":"skipthedripbayless","formatid":"gen6ou","rating":0,"private":0,"password":null}