{"id":"gen6ou-1668664442","p1":"ayevon","p2":"Ambipom Trainer","format":"gen6ou","log":"|j|\u2606ayevon\n|j|\u2606Ambipom Trainer\n|t:|1663649499\n|gametype|singles\n|player|p1|ayevon|265|\n|player|p2|Ambipom Trainer|boarder|\n|teamsize|p1|6\n|teamsize|p2|6\n|gen|6\n|tier|[Gen 6] OU\n|rated|Tournament battle\n|rule|Sleep Clause Mod: Limit one foe put to sleep\n|rule|Species Clause: Limit one of each Pok\u00e9mon\n|rule|OHKO Clause: OHKO moves are banned\n|rule|Moody Clause: Moody is banned\n|rule|Evasion Items Clause: Evasion items are banned\n|rule|Evasion Moves Clause: Evasion moves are banned\n|rule|Endless Battle Clause: Forcing endless battles is banned\n|rule|HP Percentage Mod: HP is shown in percentages\n|rule|Swagger Clause: Swagger is banned\n|clearpoke\n|poke|p1|Metagross|item\n|poke|p1|Tyranitar, F|item\n|poke|p1|Excadrill, F|item\n|poke|p1|Amoonguss, F|item\n|poke|p1|Rotom-Wash|item\n|poke|p1|Landorus-Therian, M|item\n|poke|p2|Porygon-Z|item\n|poke|p2|Ambipom, M|item\n|poke|p2|Meloetta|item\n|poke|p2|Dragonite, M|item\n|poke|p2|Excadrill, M|item\n|poke|p2|Gardevoir, F|item\n|teampreview\n|j| BB-8-NU\n|inactive|Battle timer is ON: inactive players will automatically lose when time's up. (requested by ayevon)\n|\n|t:|1663649511\n|start\n|switch|p1a: Tyranitar|Tyranitar, F|100\/100\n|switch|p2a: The Ace|Ambipom, M|100\/100\n|-weather|Sandstorm|[from] ability: Sand Stream|[of] p1a: Tyranitar\n|turn|1\n|\n|t:|1663649517\n|switch|p1a: Landorus|Landorus-Therian, M|100\/100\n|-ability|p1a: Landorus|Intimidate|boost\n|-unboost|p2a: The Ace|atk|1\n|move|p2a: The Ace|Fake Out|p1a: Landorus\n|-damage|p1a: Landorus|84\/100\n|-damage|p2a: The Ace|84\/100|[from] item: Rocky Helmet|[of] p1a: Landorus\n|-damage|p2a: The Ace|74\/100|[from] item: Life Orb\n|\n|-weather|Sandstorm|[upkeep]\n|-damage|p2a: The Ace|68\/100|[from] Sandstorm\n|upkeep\n|turn|2\n|\n|t:|1663649527\n|switch|p2a: Dragonite|Dragonite, M|100\/100\n|move|p1a: Landorus|Stealth Rock|p2a: Dragonite\n|-sidestart|p2: Ambipom Trainer|move: Stealth Rock\n|\n|-weather|Sandstorm|[upkeep]\n|-damage|p2a: Dragonite|94\/100|[from] Sandstorm\n|upkeep\n|turn|3\n|\n|t:|1663649533\n|move|p2a: Dragonite|Dragon Dance|p2a: Dragonite\n|-boost|p2a: Dragonite|atk|1\n|-boost|p2a: Dragonite|spe|1\n|move|p1a: Landorus|Hidden Power|p2a: Dragonite\n|-supereffective|p2a: Dragonite\n|-damage|p2a: Dragonite|44\/100\n|\n|-weather|Sandstorm|[upkeep]\n|-damage|p2a: Dragonite|37\/100|[from] Sandstorm\n|upkeep\n|turn|4\n|\n|t:|1663649538\n|move|p2a: Dragonite|Outrage|p1a: Landorus\n|-damage|p1a: Landorus|6\/100\n|-damage|p2a: Dragonite|21\/100|[from] item: Rocky Helmet|[of] p1a: Landorus\n|move|p1a: Landorus|Hidden Power|p2a: Dragonite\n|-supereffective|p2a: Dragonite\n|-crit|p2a: Dragonite\n|-damage|p2a: Dragonite|0 fnt\n|faint|p2a: Dragonite\n|\n|-weather|Sandstorm|[upkeep]\n|upkeep\n|j|+explodingdaisies\n|\n|t:|1663649559\n|switch|p2a: The Ace|Ambipom, M|68\/100\n|-damage|p2a: The Ace|55\/100|[from] Stealth Rock\n|turn|5\n|inactive|ayevon has 120 seconds left.\n|\n|t:|1663649609\n|switch|p1a: Amoonguss|Amoonguss, F|100\/100\n|move|p2a: The Ace|Fake Out|p1a: Amoonguss\n|-damage|p1a: Amoonguss|75\/100\n|-damage|p2a: The Ace|46\/100|[from] item: Life Orb\n|\n|-weather|none\n|-heal|p1a: Amoonguss|81\/100|[from] item: Black Sludge\n|upkeep\n|turn|6\n|\n|t:|1663649615\n|move|p2a: The Ace|U-turn|p1a: Amoonguss\n|-damage|p1a: Amoonguss|59\/100\n|-damage|p2a: The Ace|36\/100|[from] item: Life Orb\n|\n|t:|1663649626\n|switch|p2a: Porygon-Z|Porygon-Z, shiny|100\/100|[from]move: U-turn\n|-damage|p2a: Porygon-Z|88\/100|[from] Stealth Rock\n|move|p1a: Amoonguss|Spore|p2a: Porygon-Z\n|-status|p2a: Porygon-Z|slp|[from] move: Spore\n|\n|-heal|p1a: Amoonguss|65\/100|[from] item: Black Sludge\n|upkeep\n|turn|7\n|inactive|ayevon has 120 seconds left.\n|\n|t:|1663649635\n|switch|p1a: Metagross|Metagross|100\/100\n|cant|p2a: Porygon-Z|slp\n|\n|upkeep\n|turn|8\n|\n|t:|1663649639\n|detailschange|p1a: Metagross|Metagross-Mega\n|-mega|p1a: Metagross|Metagross|Metagrossite\n|-curestatus|p2a: Porygon-Z|slp|[msg]\n|move|p2a: Porygon-Z|Recover|p2a: Porygon-Z\n|-heal|p2a: Porygon-Z|100\/100\n|move|p1a: Metagross|Meteor Mash|p2a: Porygon-Z\n|-crit|p2a: Porygon-Z\n|-damage|p2a: Porygon-Z|0 fnt\n|faint|p2a: Porygon-Z\n|\n|upkeep\n|\n|t:|1663649650\n|switch|p2a: Meloetta|Meloetta|100\/100\n|-damage|p2a: Meloetta|88\/100|[from] Stealth Rock\n|turn|9\n|\n|t:|1663649655\n|move|p1a: Metagross|Meteor Mash|p2a: Meloetta|[miss]\n|-miss|p1a: Metagross|p2a: Meloetta\n|move|p2a: Meloetta|Shadow Ball|p1a: Metagross\n|-supereffective|p1a: Metagross\n|-damage|p1a: Metagross|23\/100\n|-unboost|p1a: Metagross|spd|1\n|-damage|p2a: Meloetta|78\/100|[from] item: Life Orb\n|\n|upkeep\n|turn|10\n|\n|t:|1663649668\n|switch|p1a: Tyranitar|Tyranitar, F|100\/100\n|-weather|Sandstorm|[from] ability: Sand Stream|[of] p1a: Tyranitar\n|move|p2a: Meloetta|Shadow Ball|p1a: Tyranitar\n|-resisted|p1a: Tyranitar\n|-damage|p1a: Tyranitar|89\/100\n|-damage|p2a: Meloetta|68\/100|[from] item: Life Orb\n|\n|-weather|Sandstorm|[upkeep]\n|-damage|p2a: Meloetta|62\/100|[from] Sandstorm\n|upkeep\n|turn|11\n|\n|t:|1663649673\n|move|p2a: Meloetta|Focus Blast|p1a: Tyranitar\n|-supereffective|p1a: Tyranitar\n|-damage|p1a: Tyranitar|0 fnt\n|faint|p1a: Tyranitar\n|-damage|p2a: Meloetta|52\/100|[from] item: Life Orb\n|\n|-weather|Sandstorm|[upkeep]\n|-damage|p2a: Meloetta|46\/100|[from] Sandstorm\n|upkeep\n|\n|t:|1663649676\n|switch|p1a: Excadrill|Excadrill, F|100\/100\n|turn|12\n|\n|t:|1663649682\n|move|p1a: Excadrill|Earthquake|p2a: Meloetta\n|-crit|p2a: Meloetta\n|-damage|p2a: Meloetta|0 fnt\n|faint|p2a: Meloetta\n|\n|-weather|Sandstorm|[upkeep]\n|upkeep\n|\n|t:|1663649694\n|switch|p2a: The Ace|Ambipom, M|36\/100\n|-damage|p2a: The Ace|23\/100|[from] Stealth Rock\n|turn|13\n|\n|t:|1663649700\n|move|p2a: The Ace|Fake Out|p1a: Excadrill\n|-resisted|p1a: Excadrill\n|-crit|p1a: Excadrill\n|-damage|p1a: Excadrill|62\/100\n|-damage|p2a: The Ace|13\/100|[from] item: Life Orb\n|cant|p1a: Excadrill|flinch\n|\n|-weather|Sandstorm|[upkeep]\n|-damage|p2a: The Ace|7\/100|[from] Sandstorm\n|-heal|p1a: Excadrill|68\/100|[from] item: Leftovers\n|upkeep\n|turn|14\n|\n|t:|1663649706\n|move|p1a: Excadrill|Earthquake|p2a: The Ace\n|-damage|p2a: The Ace|0 fnt\n|faint|p2a: The Ace\n|\n|-weather|none\n|-heal|p1a: Excadrill|74\/100|[from] item: Leftovers\n|upkeep\n|\n|t:|1663649721\n|switch|p2a: Gardevoir|Gardevoir, F|100\/100\n|-damage|p2a: Gardevoir|88\/100|[from] Stealth Rock\n|-ability|p2a: Gardevoir|Sand Rush|[from] ability: Trace|[of] p1a: Excadrill\n|turn|15\n|\n|t:|1663649727\n|detailschange|p2a: Gardevoir|Gardevoir-Mega, F\n|-mega|p2a: Gardevoir|Gardevoir|Gardevoirite\n|move|p2a: Gardevoir|Focus Blast|p1a: Excadrill\n|-supereffective|p1a: Excadrill\n|-crit|p1a: Excadrill\n|-damage|p1a: Excadrill|0 fnt\n|faint|p1a: Excadrill\n|\n|upkeep\n|\n|t:|1663649731\n|switch|p1a: Metagross|Metagross-Mega|23\/100\n|turn|16\n|\n|t:|1663649742\n|switch|p2a: Excadrill|Excadrill, M|100\/100\n|-damage|p2a: Excadrill|97\/100|[from] Stealth Rock\n|-ability|p2a: Excadrill|Mold Breaker\n|move|p1a: Metagross|Meteor Mash|p2a: Excadrill\n|-resisted|p2a: Excadrill\n|-damage|p2a: Excadrill|61\/100\n|\n|-heal|p2a: Excadrill|67\/100|[from] item: Leftovers\n|upkeep\n|turn|17\n|\n|t:|1663649748\n|switch|p1a: Landorus|Landorus-Therian, M|6\/100\n|-ability|p1a: Landorus|Intimidate|boost\n|-unboost|p2a: Excadrill|atk|1\n|move|p2a: Excadrill|Earthquake|p1a: Landorus\n|-immune|p1a: Landorus\n|\n|-heal|p2a: Excadrill|73\/100|[from] item: Leftovers\n|upkeep\n|turn|18\n|\n|t:|1663649770\n|switch|p1a: Rotom|Rotom-Wash|100\/100\n|move|p2a: Excadrill|Iron Head|p1a: Rotom\n|-resisted|p1a: Rotom\n|-crit|p1a: Rotom\n|-damage|p1a: Rotom|90\/100\n|\n|-heal|p2a: Excadrill|79\/100|[from] item: Leftovers\n|-heal|p1a: Rotom|96\/100|[from] item: Leftovers\n|upkeep\n|turn|19\n|\n|t:|1663649775\n|move|p2a: Excadrill|Rapid Spin|p1a: Rotom\n|-damage|p1a: Rotom|93\/100\n|-sideend|p2: Ambipom Trainer|Stealth Rock|[from] move: Rapid Spin|[of] p2a: Excadrill\n|move|p1a: Rotom|Hydro Pump|p2a: Excadrill\n|-supereffective|p2a: Excadrill\n|-damage|p2a: Excadrill|15\/100\n|\n|-heal|p2a: Excadrill|21\/100|[from] item: Leftovers\n|-heal|p1a: Rotom|99\/100|[from] item: Leftovers\n|upkeep\n|turn|20\n|\n|t:|1663649780\n|move|p2a: Excadrill|Stealth Rock|p1a: Rotom\n|-sidestart|p1: ayevon|move: Stealth Rock\n|move|p1a: Rotom|Hydro Pump|p2a: Excadrill\n|-supereffective|p2a: Excadrill\n|-damage|p2a: Excadrill|0 fnt\n|faint|p2a: Excadrill\n|\n|-heal|p1a: Rotom|100\/100|[from] item: Leftovers\n|upkeep\n|\n|t:|1663649783\n|switch|p2a: Gardevoir|Gardevoir-Mega, F|88\/100\n|turn|21\n|\n|t:|1663649790\n|move|p2a: Gardevoir|Hyper Voice|p1a: Rotom\n|-damage|p1a: Rotom|29\/100\n|move|p1a: Rotom|Pain Split|p2a: Gardevoir\n|-sethp|p2a: Gardevoir|60\/100|[from] move: Pain Split|[silent]\n|-sethp|p1a: Rotom|55\/100|[from] move: Pain Split\n|\n|-heal|p1a: Rotom|62\/100|[from] item: Leftovers\n|upkeep\n|turn|22\n|c|+explodingdaisies|....\n|\n|t:|1663649802\n|move|p2a: Gardevoir|Hyper Voice|p1a: Rotom\n|-damage|p1a: Rotom|0 fnt\n|faint|p1a: Rotom\n|\n|upkeep\n|\n|t:|1663649807\n|switch|p1a: Metagross|Metagross-Mega|23\/100\n|-damage|p1a: Metagross|17\/100|[from] Stealth Rock\n|turn|23\n|\n|t:|1663649811\n|move|p1a: Metagross|Meteor Mash|p2a: Gardevoir\n|-supereffective|p2a: Gardevoir\n|-damage|p2a: Gardevoir|0 fnt\n|faint|p2a: Gardevoir\n|\n|win|ayevon\n|n|\u2606ayevon|ayevon\n|n|\u2606Ambipom Trainer|ambipomtrainer\n|n| BB-8-NU|bb8nu\n|n|+explodingdaisies|explodingdaisies\n","uploadtime":1663649812,"views":6,"p1id":"ayevon","p2id":"ambipomtrainer","formatid":"gen6ou","rating":0,"private":0,"password":null}