{"id":"gen6ou-1682308054","p1":"El Hueco Mundo","p2":"Mimikyu Stardust","format":"gen6ou","log":"|j|\u2606El Hueco Mundo\n|j|\u2606Mimikyu Stardust\n|inactive|Battle timer is ON: inactive players will automatically lose when time's up.\n|t:|1665415132\n|gametype|singles\n|player|p1|El Hueco Mundo|1|\n|player|p2|Mimikyu Stardust|#zuplivbutterfree|\n|teamsize|p1|6\n|teamsize|p2|6\n|gen|6\n|tier|[Gen 6] OU\n|rated|Tournament battle\n|rule|Sleep Clause Mod: Limit one foe put to sleep\n|rule|Species Clause: Limit one of each Pok\u00e9mon\n|rule|OHKO Clause: OHKO moves are banned\n|rule|Moody Clause: Moody is banned\n|rule|Evasion Items Clause: Evasion items are banned\n|rule|Evasion Moves Clause: Evasion moves are banned\n|rule|Endless Battle Clause: Forcing endless battles is banned\n|rule|HP Percentage Mod: HP is shown in percentages\n|rule|Swagger Clause: Swagger is banned\n|clearpoke\n|poke|p1|Metagross|item\n|poke|p1|Clefable, M|item\n|poke|p1|Keldeo-Resolute|item\n|poke|p1|Excadrill, F|item\n|poke|p1|Rotom-Wash|item\n|poke|p1|Tornadus-Therian, M|item\n|poke|p2|Medicham, M|item\n|poke|p2|Thundurus, M|item\n|poke|p2|Gastrodon, F|item\n|poke|p2|Skarmory, F|item\n|poke|p2|Tyranitar, F|item\n|poke|p2|Clefable, F|item\n|teampreview\n|j|+blooclipse\n|j|+myjava\n|c|\u2606El Hueco Mundo|damn\n|c|\u2606El Hueco Mundo|glhf\n|c|\u2606Mimikyu Stardust|hf\n|\n|t:|1665415150\n|start\n|switch|p1a: Rotom|Rotom-Wash|100\/100\n|switch|p2a: King Numeros|Medicham, M|100\/100\n|turn|1\n|j| SatelliteFifteen\n|\n|t:|1665415158\n|detailschange|p2a: King Numeros|Medicham-Mega, M\n|-mega|p2a: King Numeros|Medicham|Medichamite\n|move|p2a: King Numeros|Fake Out|p1a: Rotom\n|-damage|p1a: Rotom|81\/100\n|cant|p1a: Rotom|flinch\n|\n|-heal|p1a: Rotom|87\/100|[from] item: Leftovers\n|upkeep\n|turn|2\n|\n|t:|1665415166\n|move|p2a: King Numeros|High Jump Kick|p1a: Rotom\n|-crit|p1a: Rotom\n|-damage|p1a: Rotom|0 fnt\n|faint|p1a: Rotom\n|\n|upkeep\n|j| mikoikl\n|j| Break Me Free\n|j| savagesniper228\n|c|\u2606El Hueco Mundo|that didnt matter right\n|c|\u2606Mimikyu Stardust|ye it didnt\n|c|\u2606El Hueco Mundo|alr\n|\n|t:|1665415183\n|switch|p1a: Tornadus|Tornadus-Therian, M|100\/100\n|turn|3\n|j| amstan (-_-)\n|l| amstan (-_-)\n|\n|t:|1665415198\n|switch|p2a: JohnYiu|Thundurus, M|100\/100\n|move|p1a: Tornadus|Hurricane|p2a: JohnYiu\n|-resisted|p2a: JohnYiu\n|-damage|p2a: JohnYiu|72\/100\n|-start|p2a: JohnYiu|confusion\n|\n|upkeep\n|turn|4\n|\n|t:|1665415209\n|switch|p1a: Excadrill|Excadrill, F|100\/100\n|-ability|p1a: Excadrill|Mold Breaker\n|-activate|p2a: JohnYiu|confusion\n|move|p2a: JohnYiu|Thunder Wave|p1a: Excadrill\n|-immune|p1a: Excadrill\n|\n|upkeep\n|turn|5\n|\n|t:|1665415218\n|switch|p2a: Blarajan|Skarmory, F|100\/100\n|move|p1a: Excadrill|Stealth Rock|p2a: Blarajan\n|-sidestart|p2: Mimikyu Stardust|move: Stealth Rock\n|\n|upkeep\n|turn|6\n|\n|t:|1665415228\n|switch|p1a: Metagross|Metagross|100\/100\n|move|p2a: Blarajan|Stealth Rock|p1a: Metagross\n|-sidestart|p1: El Hueco Mundo|move: Stealth Rock\n|\n|upkeep\n|turn|7\n|\n|t:|1665415236\n|detailschange|p1a: Metagross|Metagross-Mega\n|-mega|p1a: Metagross|Metagross|Metagrossite\n|move|p1a: Metagross|Pursuit|p2a: Blarajan\n|-damage|p2a: Blarajan|85\/100\n|move|p2a: Blarajan|Whirlwind|p1a: Metagross\n|drag|p1a: Clefable|Clefable, M|100\/100\n|\n|-heal|p2a: Blarajan|91\/100|[from] item: Leftovers\n|upkeep\n|turn|8\n|\n|t:|1665415249\n|switch|p2a: WhiteQueen|Clefable, F|100\/100\n|move|p1a: Clefable|Flamethrower|p2a: WhiteQueen\n|-damage|p2a: WhiteQueen|86\/100\n|\n|-heal|p2a: WhiteQueen|92\/100|[from] item: Leftovers\n|upkeep\n|turn|9\n|\n|t:|1665415254\n|switch|p1a: Excadrill|Excadrill, F|100\/100\n|-damage|p1a: Excadrill|97\/100|[from] Stealth Rock\n|-ability|p1a: Excadrill|Mold Breaker\n|move|p2a: WhiteQueen|Thunder Wave|p1a: Excadrill\n|-immune|p1a: Excadrill\n|\n|-heal|p1a: Excadrill|100\/100|[from] item: Leftovers\n|-heal|p2a: WhiteQueen|98\/100|[from] item: Leftovers\n|upkeep\n|turn|10\n|\n|t:|1665415261\n|switch|p2a: Alkov|Gastrodon, F|100\/100\n|-damage|p2a: Alkov|94\/100|[from] Stealth Rock\n|move|p1a: Excadrill|Iron Head|p2a: Alkov\n|-resisted|p2a: Alkov\n|-damage|p2a: Alkov|79\/100\n|\n|-heal|p2a: Alkov|85\/100|[from] item: Leftovers\n|upkeep\n|turn|11\n|\n|t:|1665415274\n|switch|p1a: Clefable|Clefable, M|100\/100\n|move|p2a: Alkov|Scald|p1a: Clefable\n|-damage|p1a: Clefable|75\/100\n|\n|-heal|p1a: Clefable|81\/100|[from] item: Leftovers\n|-heal|p2a: Alkov|91\/100|[from] item: Leftovers\n|upkeep\n|turn|12\n|\n|t:|1665415282\n|switch|p2a: WhiteQueen|Clefable, F|98\/100\n|move|p1a: Clefable|Ice Beam|p2a: WhiteQueen\n|-damage|p2a: WhiteQueen|81\/100\n|\n|-heal|p1a: Clefable|88\/100|[from] item: Leftovers\n|-heal|p2a: WhiteQueen|87\/100|[from] item: Leftovers\n|upkeep\n|turn|13\n|\n|t:|1665415288\n|switch|p1a: Excadrill|Excadrill, F|100\/100\n|-damage|p1a: Excadrill|97\/100|[from] Stealth Rock\n|-ability|p1a: Excadrill|Mold Breaker\n|switch|p2a: King Numeros|Medicham-Mega, M|100\/100\n|-damage|p2a: King Numeros|94\/100|[from] Stealth Rock\n|\n|-heal|p1a: Excadrill|100\/100|[from] item: Leftovers\n|upkeep\n|turn|14\n|\n|t:|1665415304\n|switch|p1a: Tornadus|Tornadus-Therian, M|100\/100\n|-damage|p1a: Tornadus|76\/100|[from] Stealth Rock\n|move|p2a: King Numeros|High Jump Kick|p1a: Tornadus\n|-resisted|p1a: Tornadus\n|-crit|p1a: Tornadus\n|-damage|p1a: Tornadus|0 fnt\n|faint|p1a: Tornadus\n|\n|upkeep\n|c|\u2606El Hueco Mundo|jesus\n|c|+blooclipse|ate\n|c|\u2606Mimikyu Stardust|that one i think did matter\n|c|\u2606El Hueco Mundo|I would agree with you on that\n|inactive|El Hueco Mundo has 120 seconds left.\n|\n|t:|1665415333\n|switch|p1a: Metagross|Metagross-Mega|100\/100\n|-damage|p1a: Metagross|95\/100|[from] Stealth Rock\n|turn|15\n|inactive|El Hueco Mundo has 120 seconds left.\n|\n|t:|1665415340\n|switch|p2a: Blarajan|Skarmory, F|91\/100\n|-damage|p2a: Blarajan|79\/100|[from] Stealth Rock\n|move|p1a: Metagross|Meteor Mash|p2a: Blarajan\n|-resisted|p2a: Blarajan\n|-crit|p2a: Blarajan\n|-damage|p2a: Blarajan|44\/100\n|\n|-heal|p2a: Blarajan|50\/100|[from] item: Leftovers\n|upkeep\n|turn|16\n|\n|t:|1665415347\n|move|p1a: Metagross|Thunder Punch|p2a: Blarajan\n|-supereffective|p2a: Blarajan\n|-damage|p2a: Blarajan|0 fnt\n|faint|p2a: Blarajan\n|\n|upkeep\n|\n|t:|1665415353\n|switch|p2a: Alkov|Gastrodon, F|91\/100\n|-damage|p2a: Alkov|85\/100|[from] Stealth Rock\n|turn|17\n|\n|t:|1665415357\n|switch|p1a: Keldeo|Keldeo-Resolute|100\/100\n|-damage|p1a: Keldeo|94\/100|[from] Stealth Rock\n|move|p2a: Alkov|Earthquake|p1a: Keldeo\n|-damage|p1a: Keldeo|63\/100\n|\n|-heal|p2a: Alkov|91\/100|[from] item: Leftovers\n|upkeep\n|turn|18\n|\n|t:|1665415364\n|move|p1a: Keldeo|Hydro Pump|p2a: Alkov\n|-ability|p2a: Alkov|Storm Drain|boost\n|-boost|p2a: Alkov|spa|1\n|move|p2a: Alkov|Recover|p2a: Alkov\n|-heal|p2a: Alkov|100\/100\n|\n|upkeep\n|turn|19\n|c|\u2606El Hueco Mundo|fuck why didnt I secret sword\n|\n|t:|1665415373\n|switch|p1a: Clefable|Clefable, M|88\/100\n|move|p2a: Alkov|Curse|p2a: Alkov\n|-unboost|p2a: Alkov|spe|1\n|-boost|p2a: Alkov|atk|1\n|-boost|p2a: Alkov|def|1\n|\n|-heal|p1a: Clefable|94\/100|[from] item: Leftovers\n|upkeep\n|turn|20\n|\n|t:|1665415380\n|move|p1a: Clefable|Calm Mind|p1a: Clefable\n|-boost|p1a: Clefable|spa|1\n|-boost|p1a: Clefable|spd|1\n|move|p2a: Alkov|Scald|p1a: Clefable\n|-crit|p1a: Clefable\n|-damage|p1a: Clefable|42\/100\n|-status|p1a: Clefable|brn\n|\n|-heal|p1a: Clefable|48\/100 brn|[from] item: Leftovers\n|upkeep\n|turn|21\n|\n|t:|1665415387\n|move|p1a: Clefable|Soft-Boiled|p1a: Clefable\n|-heal|p1a: Clefable|98\/100 brn\n|move|p2a: Alkov|Earthquake|p1a: Clefable\n|-damage|p1a: Clefable|63\/100 brn\n|\n|-heal|p1a: Clefable|69\/100 brn|[from] item: Leftovers\n|upkeep\n|turn|22\n|\n|t:|1665415390\n|move|p1a: Clefable|Calm Mind|p1a: Clefable\n|-boost|p1a: Clefable|spa|1\n|-boost|p1a: Clefable|spd|1\n|move|p2a: Alkov|Curse|p2a: Alkov\n|-unboost|p2a: Alkov|spe|1\n|-boost|p2a: Alkov|atk|1\n|-boost|p2a: Alkov|def|1\n|\n|-heal|p1a: Clefable|75\/100 brn|[from] item: Leftovers\n|upkeep\n|turn|23\n|\n|t:|1665415394\n|move|p1a: Clefable|Ice Beam|p2a: Alkov\n|-damage|p2a: Alkov|70\/100\n|move|p2a: Alkov|Earthquake|p1a: Clefable\n|-damage|p1a: Clefable|33\/100 brn\n|\n|-heal|p1a: Clefable|39\/100 brn|[from] item: Leftovers\n|-heal|p2a: Alkov|77\/100|[from] item: Leftovers\n|upkeep\n|turn|24\n|\n|t:|1665415400\n|move|p1a: Clefable|Calm Mind|p1a: Clefable\n|-boost|p1a: Clefable|spa|1\n|-boost|p1a: Clefable|spd|1\n|move|p2a: Alkov|Curse|p2a: Alkov\n|-unboost|p2a: Alkov|spe|1\n|-boost|p2a: Alkov|atk|1\n|-boost|p2a: Alkov|def|1\n|\n|-heal|p1a: Clefable|45\/100 brn|[from] item: Leftovers\n|-heal|p2a: Alkov|83\/100|[from] item: Leftovers\n|upkeep\n|turn|25\n|\n|t:|1665415406\n|move|p1a: Clefable|Ice Beam|p2a: Alkov\n|-damage|p2a: Alkov|41\/100\n|-status|p2a: Alkov|frz\n|cant|p2a: Alkov|frz\n|\n|-heal|p1a: Clefable|51\/100 brn|[from] item: Leftovers\n|-heal|p2a: Alkov|47\/100 frz|[from] item: Leftovers\n|upkeep\n|turn|26\n|c|\u2606El Hueco Mundo|love pokemon\n|\n|t:|1665415415\n|move|p1a: Clefable|Ice Beam|p2a: Alkov\n|-damage|p2a: Alkov|7\/100 frz\n|-curestatus|p2a: Alkov|frz|[from] move: Scald\n|move|p2a: Alkov|Scald|p1a: Clefable\n|-damage|p1a: Clefable|35\/100 brn\n|\n|-heal|p1a: Clefable|41\/100 brn|[from] item: Leftovers\n|-heal|p2a: Alkov|13\/100|[from] item: Leftovers\n|upkeep\n|turn|27\n|\n|t:|1665415421\n|move|p1a: Clefable|Ice Beam|p2a: Alkov\n|-damage|p2a: Alkov|0 fnt\n|faint|p2a: Alkov\n|\n|-heal|p1a: Clefable|47\/100 brn|[from] item: Leftovers\n|upkeep\n|\n|t:|1665415425\n|switch|p2a: King Numeros|Medicham-Mega, M|94\/100\n|-damage|p2a: King Numeros|88\/100|[from] Stealth Rock\n|turn|28\n|\n|t:|1665415443\n|move|p2a: King Numeros|Fake Out|p1a: Clefable\n|-damage|p1a: Clefable|27\/100 brn\n|cant|p1a: Clefable|flinch\n|\n|-heal|p1a: Clefable|33\/100 brn|[from] item: Leftovers\n|upkeep\n|turn|29\n|\n|t:|1665415447\n|move|p2a: King Numeros|High Jump Kick|p1a: Clefable\n|-resisted|p1a: Clefable\n|-damage|p1a: Clefable|0 fnt\n|faint|p1a: Clefable\n|\n|upkeep\n|\n|t:|1665415451\n|switch|p1a: Metagross|Metagross-Mega|95\/100\n|-damage|p1a: Metagross|89\/100|[from] Stealth Rock\n|turn|30\n|\n|t:|1665415456\n|move|p1a: Metagross|Meteor Mash|p2a: King Numeros\n|-damage|p2a: King Numeros|0 fnt\n|faint|p2a: King Numeros\n|\n|upkeep\n|l| mikoikl\n|\n|t:|1665415470\n|switch|p2a: Sugarhigh|Tyranitar, F|100\/100\n|-damage|p2a: Sugarhigh|88\/100|[from] Stealth Rock\n|-weather|Sandstorm|[from] ability: Sand Stream|[of] p2a: Sugarhigh\n|turn|31\n|c|\u2606El Hueco Mundo|damn\n|\n|t:|1665415475\n|move|p2a: Sugarhigh|Crunch|p1a: Metagross\n|-supereffective|p1a: Metagross\n|-damage|p1a: Metagross|20\/100\n|move|p1a: Metagross|Meteor Mash|p2a: Sugarhigh\n|-supereffective|p2a: Sugarhigh\n|-damage|p2a: Sugarhigh|0 fnt\n|-boost|p1a: Metagross|atk|1\n|faint|p2a: Sugarhigh\n|\n|-weather|Sandstorm|[upkeep]\n|upkeep\n|\n|t:|1665415479\n|switch|p2a: JohnYiu|Thundurus, M|72\/100\n|-damage|p2a: JohnYiu|47\/100|[from] Stealth Rock\n|turn|32\n|\n|t:|1665415483\n|switch|p1a: Keldeo|Keldeo-Resolute|63\/100\n|-damage|p1a: Keldeo|57\/100|[from] Stealth Rock\n|move|p2a: JohnYiu|Thunderbolt|p1a: Keldeo\n|-supereffective|p1a: Keldeo\n|-crit|p1a: Keldeo\n|-damage|p1a: Keldeo|0 fnt\n|faint|p1a: Keldeo\n|-damage|p2a: JohnYiu|38\/100|[from] item: Life Orb\n|\n|-weather|Sandstorm|[upkeep]\n|-damage|p2a: JohnYiu|31\/100|[from] Sandstorm\n|upkeep\n|\n|t:|1665415487\n|switch|p1a: Excadrill|Excadrill, F|100\/100\n|-damage|p1a: Excadrill|97\/100|[from] Stealth Rock\n|-ability|p1a: Excadrill|Mold Breaker\n|turn|33\n|\n|t:|1665415492\n|move|p2a: JohnYiu|Focus Blast|p1a: Excadrill\n|-supereffective|p1a: Excadrill\n|-damage|p1a: Excadrill|7\/100\n|-damage|p2a: JohnYiu|22\/100|[from] item: Life Orb\n|move|p1a: Excadrill|Iron Head|p2a: JohnYiu\n|-resisted|p2a: JohnYiu\n|-damage|p2a: JohnYiu|0 fnt\n|faint|p2a: JohnYiu\n|\n|-weather|Sandstorm|[upkeep]\n|-heal|p1a: Excadrill|13\/100|[from] item: Leftovers\n|upkeep\n|\n|t:|1665415494\n|switch|p2a: WhiteQueen|Clefable, F|87\/100\n|turn|34\n|c|\u2606El Hueco Mundo|gg\n|\n|t:|1665415497\n|move|p1a: Excadrill|Iron Head|p2a: WhiteQueen\n|-supereffective|p2a: WhiteQueen\n|-damage|p2a: WhiteQueen|21\/100\n|move|p2a: WhiteQueen|Moonblast|p1a: Excadrill\n|-resisted|p1a: Excadrill\n|-damage|p1a: Excadrill|0 fnt\n|faint|p1a: Excadrill\n|\n|-weather|Sandstorm|[upkeep]\n|-heal|p2a: WhiteQueen|27\/100|[from] item: Leftovers\n|upkeep\n|c|\u2606Mimikyu Stardust|gg\n|\n|t:|1665415500\n|switch|p1a: Metagross|Metagross-Mega|20\/100\n|-damage|p1a: Metagross|14\/100|[from] Stealth Rock\n|turn|35\n|c|\u2606El Hueco Mundo|goofy ass game\n|\n|t:|1665415505\n|move|p1a: Metagross|Meteor Mash|p2a: WhiteQueen|[miss]\n|-miss|p1a: Metagross|p2a: WhiteQueen\n|move|p2a: WhiteQueen|Moonblast|p1a: Metagross\n|-resisted|p1a: Metagross\n|-damage|p1a: Metagross|0 fnt\n|faint|p1a: Metagross\n|\n|win|Mimikyu Stardust\n|n|\u2606El Hueco Mundo|elhuecomundo\n|n|\u2606Mimikyu Stardust|mimikyustardust\n|n| blooclipse|blooclipse\n|n| myjava|myjava\n|n| SatelliteFifteen|satellitefifteen\n|n| Break Me Free|breakmefree\n|n| savagesniper228|savagesniper228\n|c|\u2606Mimikyu Stardust|lol\n|c|\u2606El Hueco Mundo|FUCK\n|c| SatelliteFifteen|LMFAO\n|c|\u2606El Hueco Mundo|FUCK\n|c|\u2606El Hueco Mundo|DID TPUNCH KILL\n|c| SatelliteFifteen|yes bro\n|c|\u2606Mimikyu Stardust|gaming\n|c|\u2606El Hueco Mundo|FUUUUUUCK\n|c| SatelliteFifteen|i knew that was gonna happen\n|c| SatelliteFifteen|cuz usaid gg\n|c|\u2606El Hueco Mundo|yeah I mean\n|l| myjava\n|j| nimed beatches\n|c|\u2606El Hueco Mundo|nah that was horseshit\n|c|\u2606El Hueco Mundo|wp tho\n|l|\u2606El Hueco Mundo\n|l|\u2606Mimikyu Stardust\n|l| savagesniper228\n","uploadtime":1665415566,"views":16,"p1id":"elhuecomundo","p2id":"mimikyustardust","formatid":"gen6ou","rating":0,"private":0,"password":null}