{"id":"gen6ou-1605669486","p1":"Volcanionisgood","p2":"SKIP THE DRIP","format":"gen6ou","log":"|j|\u2606Volcanionisgood\n|j|\u2606SKIP THE DRIP\n|inactive|Battle timer is ON: inactive players will automatically lose when time's up.\n|t:|1656378843\n|gametype|singles\n|player|p1|Volcanionisgood|burglar-gen1|\n|player|p2|SKIP THE DRIP|pokemonbreeder-gen3|\n|teamsize|p1|6\n|teamsize|p2|6\n|gen|6\n|tier|[Gen 6] OU\n|rated|Tournament battle\n|rule|Sleep Clause Mod: Limit one foe put to sleep\n|rule|Species Clause: Limit one of each Pok\u00e9mon\n|rule|OHKO Clause: OHKO moves are banned\n|rule|Moody Clause: Moody is banned\n|rule|Evasion Moves Clause: Evasion moves are banned\n|rule|Endless Battle Clause: Forcing endless battles is banned\n|rule|HP Percentage Mod: HP is shown in percentages\n|rule|Swagger Clause: Swagger is banned\n|clearpoke\n|poke|p1|Skarmory, M|item\n|poke|p1|Starmie|item\n|poke|p1|Landorus-Therian, M|item\n|poke|p1|Bisharp, F|item\n|poke|p1|Thundurus, M|item\n|poke|p1|Charizard, M|item\n|poke|p2|Magnezone|item\n|poke|p2|Latias, F|item\n|poke|p2|Quagsire, M|item\n|poke|p2|Excadrill, M|item\n|poke|p2|Clefable, F|item\n|poke|p2|Tornadus-Therian, M|item\n|teampreview\n|j| Rolia\n|j| Trailblazer324\n|c|\u2606SKIP THE DRIP|that better be zard x\n|j| kf343\n|j| Pinecoishot\n|j| SunSunSunSunSu\n|j|%Sww-Suwa\n|j|+Shellnuts\n|inactive|Volcanionisgood has 120 seconds left.\n|\n|t:|1656378880\n|start\n|switch|p1a: Skarmory|Skarmory, M|100\/100\n|switch|p2a: Latias|Latias, F, shiny|100\/100\n|turn|1\n|j| innovamania\n|\n|t:|1656378900\n|detailschange|p2a: Latias|Latias-Mega, F, shiny\n|-mega|p2a: Latias|Latias|Latiasite\n|move|p2a: Latias|Calm Mind|p2a: Latias\n|-boost|p2a: Latias|spa|1\n|-boost|p2a: Latias|spd|1\n|move|p1a: Skarmory|Stealth Rock|p2a: Latias\n|-sidestart|p2: SKIP THE DRIP|move: Stealth Rock\n|\n|upkeep\n|turn|2\n|\n|t:|1656378906\n|move|p2a: Latias|Reflect Type|p1a: Skarmory\n|-start|p2a: Latias|typechange|[from] move: Reflect Type|[of] p1a: Skarmory\n|move|p1a: Skarmory|Taunt|p2a: Latias\n|-start|p2a: Latias|move: Taunt\n|\n|upkeep\n|turn|3\n|\n|t:|1656378913\n|move|p2a: Latias|Ice Beam|p1a: Skarmory\n|-damage|p1a: Skarmory|32\/100\n|move|p1a: Skarmory|Spikes|p2a: Latias\n|-sidestart|p2: SKIP THE DRIP|Spikes\n|\n|upkeep\n|turn|4\n|\n|t:|1656378917\n|move|p2a: Latias|Ice Beam|p1a: Skarmory\n|-damage|p1a: Skarmory|0 fnt\n|faint|p1a: Skarmory\n|\n|upkeep\n|\n|t:|1656378924\n|switch|p1a: Charizard|Charizard, M|100\/100\n|turn|5\n|j| hump\n|\n|t:|1656378930\n|detailschange|p1a: Charizard|Charizard-Mega-X, M\n|-mega|p1a: Charizard|Charizard|Charizardite X\n|move|p2a: Latias|Ice Beam|p1a: Charizard\n|-crit|p1a: Charizard\n|-damage|p1a: Charizard|18\/100\n|move|p1a: Charizard|Flare Blitz|p2a: Latias\n|-supereffective|p2a: Latias\n|-damage|p2a: Latias|0 fnt\n|faint|p2a: Latias\n|-damage|p1a: Charizard|0 fnt|[from] Recoil\n|faint|p1a: Charizard\n|\n|upkeep\n|\n|t:|1656378943\n|switch|p2a: Tornadus|Tornadus-Therian, M|100\/100\n|switch|p1a: Thundurus|Thundurus, M|100\/100\n|-damage|p2a: Tornadus|76\/100|[from] Stealth Rock\n|turn|6\n|\n|t:|1656378948\n|move|p1a: Thundurus|Thunder Wave|p2a: Tornadus\n|-status|p2a: Tornadus|par\n|move|p2a: Tornadus|Knock Off|p1a: Thundurus\n|-damage|p1a: Thundurus|67\/100\n|-enditem|p1a: Thundurus|Life Orb|[from] move: Knock Off|[of] p2a: Tornadus\n|\n|upkeep\n|turn|7\n|\n|t:|1656378953\n|switch|p2a: Excadrill|Excadrill, M|100\/100\n|-damage|p2a: Excadrill|97\/100|[from] Stealth Rock\n|-damage|p2a: Excadrill|85\/100|[from] Spikes\n|-ability|p2a: Excadrill|Mold Breaker\n|move|p1a: Thundurus|Thunderbolt|p2a: Excadrill\n|-immune|p2a: Excadrill\n|\n|-heal|p2a: Excadrill|91\/100|[from] item: Leftovers\n|upkeep\n|turn|8\n|\n|t:|1656378955\n|move|p1a: Thundurus|Focus Blast|p2a: Excadrill\n|-supereffective|p2a: Excadrill\n|-damage|p2a: Excadrill|27\/100\n|move|p2a: Excadrill|Rapid Spin|p1a: Thundurus\n|-damage|p1a: Thundurus|58\/100\n|-sideend|p2: SKIP THE DRIP|Spikes|[from] move: Rapid Spin|[of] p2a: Excadrill\n|-sideend|p2: SKIP THE DRIP|Stealth Rock|[from] move: Rapid Spin|[of] p2a: Excadrill\n|\n|-heal|p2a: Excadrill|33\/100|[from] item: Leftovers\n|upkeep\n|turn|9\n|j| Rosaism\n|\n|t:|1656378964\n|switch|p2a: Clefable|Clefable, F|100\/100\n|move|p1a: Thundurus|Focus Blast|p2a: Clefable\n|-resisted|p2a: Clefable\n|-damage|p2a: Clefable|82\/100\n|-unboost|p2a: Clefable|spd|1\n|\n|-heal|p2a: Clefable|89\/100|[from] item: Leftovers\n|upkeep\n|turn|10\n|\n|t:|1656378971\n|move|p1a: Thundurus|Thunderbolt|p2a: Clefable\n|-damage|p2a: Clefable|23\/100\n|move|p2a: Clefable|Moonblast|p1a: Thundurus\n|-damage|p1a: Thundurus|18\/100\n|\n|-heal|p2a: Clefable|29\/100|[from] item: Leftovers\n|upkeep\n|turn|11\n|\n|t:|1656378989\n|switch|p2a: Excadrill|Excadrill, M|33\/100\n|-ability|p2a: Excadrill|Mold Breaker\n|move|p1a: Thundurus|Thunderbolt|p2a: Excadrill\n|-immune|p2a: Excadrill\n|\n|-heal|p2a: Excadrill|39\/100|[from] item: Leftovers\n|upkeep\n|turn|12\n|j| jkhlkjhklj\n|\n|t:|1656378996\n|switch|p2a: Tornadus|Tornadus-Therian, M|100\/100 par\n|move|p1a: Thundurus|Focus Blast|p2a: Tornadus\n|-resisted|p2a: Tornadus\n|-damage|p2a: Tornadus|85\/100 par\n|\n|upkeep\n|turn|13\n|\n|t:|1656379002\n|move|p1a: Thundurus|Thunderbolt|p2a: Tornadus\n|-supereffective|p2a: Tornadus\n|-damage|p2a: Tornadus|17\/100 par\n|move|p2a: Tornadus|Knock Off|p1a: Thundurus\n|-damage|p1a: Thundurus|0 fnt\n|faint|p1a: Thundurus\n|\n|upkeep\n|\n|t:|1656379006\n|switch|p1a: Starmie|Starmie|100\/100\n|turn|14\n|j| MajesticM\n|\n|t:|1656379014\n|switch|p2a: Clefable|Clefable, F|29\/100\n|move|p1a: Starmie|Hydro Pump|p2a: Clefable|[miss]\n|-miss|p1a: Starmie|p2a: Clefable\n|\n|-heal|p2a: Clefable|35\/100|[from] item: Leftovers\n|upkeep\n|turn|15\n|l| MajesticM\n|\n|t:|1656379023\n|move|p1a: Starmie|Psychic|p2a: Clefable\n|-crit|p2a: Clefable\n|-damage|p2a: Clefable|0 fnt\n|faint|p2a: Clefable\n|-damage|p1a: Starmie|91\/100|[from] item: Life Orb\n|\n|upkeep\n|\n|t:|1656379030\n|switch|p2a: Tornadus|Tornadus-Therian, M|50\/100 par\n|turn|16\n|\n|t:|1656379033\n|switch|p2a: Excadrill|Excadrill, M|39\/100\n|-ability|p2a: Excadrill|Mold Breaker\n|move|p1a: Starmie|Ice Beam|p2a: Excadrill\n|-crit|p2a: Excadrill\n|-damage|p2a: Excadrill|0 fnt\n|faint|p2a: Excadrill\n|-damage|p1a: Starmie|81\/100|[from] item: Life Orb\n|\n|upkeep\n|\n|t:|1656379035\n|switch|p2a: Tornadus|Tornadus-Therian, M|83\/100 par\n|turn|17\n|\n|t:|1656379045\n|switch|p1a: Landorus|Landorus-Therian, M|100\/100\n|-ability|p1a: Landorus|Intimidate|boost\n|-unboost|p2a: Tornadus|atk|1\n|move|p2a: Tornadus|U-turn|p1a: Landorus\n|-resisted|p1a: Landorus\n|-damage|p1a: Landorus|94\/100\n|\n|t:|1656379047\n|switch|p2a: Quagsire|Quagsire, M|100\/100|[from]move: U-turn\n|\n|upkeep\n|turn|18\n|\n|t:|1656379052\n|move|p1a: Landorus|U-turn|p2a: Quagsire\n|-damage|p2a: Quagsire|81\/100\n|\n|t:|1656379053\n|switch|p1a: Bisharp|Bisharp, F|100\/100|[from]move: U-turn\n|move|p2a: Quagsire|Recover|p2a: Quagsire\n|-heal|p2a: Quagsire|100\/100\n|\n|upkeep\n|turn|19\n|\n|t:|1656379061\n|switch|p1a: Landorus|Landorus-Therian, M|94\/100\n|-ability|p1a: Landorus|Intimidate|boost\n|-unboost|p2a: Quagsire|atk|1\n|move|p2a: Quagsire|Scald|p1a: Landorus\n|-supereffective|p1a: Landorus\n|-damage|p1a: Landorus|47\/100\n|\n|upkeep\n|turn|20\n|\n|t:|1656379065\n|move|p1a: Landorus|U-turn|p2a: Quagsire\n|-damage|p2a: Quagsire|83\/100\n|\n|t:|1656379067\n|switch|p1a: Starmie|Starmie|81\/100|[from]move: U-turn\n|move|p2a: Quagsire|Recover|p2a: Quagsire\n|-heal|p2a: Quagsire|100\/100\n|\n|upkeep\n|turn|21\n|\n|t:|1656379086\n|switch|p2a: Magnezone|Magnezone|100\/100\n|move|p1a: Starmie|Hydro Pump|p2a: Magnezone\n|-damage|p2a: Magnezone|0 fnt\n|faint|p2a: Magnezone\n|-damage|p1a: Starmie|71\/100|[from] item: Life Orb\n|\n|upkeep\n|\n|t:|1656379088\n|switch|p2a: Tornadus|Tornadus-Therian, M|100\/100 par\n|turn|22\n|\n|t:|1656379093\n|switch|p1a: Landorus|Landorus-Therian, M|47\/100\n|-ability|p1a: Landorus|Intimidate|boost\n|-unboost|p2a: Tornadus|atk|1\n|move|p2a: Tornadus|U-turn|p1a: Landorus\n|-resisted|p1a: Landorus\n|-damage|p1a: Landorus|41\/100\n|\n|t:|1656379095\n|switch|p2a: Quagsire|Quagsire, M|100\/100|[from]move: U-turn\n|\n|upkeep\n|turn|23\n|\n|t:|1656379098\n|switch|p2a: Tornadus|Tornadus-Therian, M|100\/100 par\n|move|p1a: Landorus|U-turn|p2a: Tornadus\n|-resisted|p2a: Tornadus\n|-damage|p2a: Tornadus|87\/100 par\n|\n|t:|1656379101\n|switch|p1a: Bisharp|Bisharp, F|100\/100|[from]move: U-turn\n|\n|upkeep\n|turn|24\n|\n|t:|1656379105\n|switch|p1a: Starmie|Starmie|71\/100\n|switch|p2a: Quagsire|Quagsire, M|100\/100\n|\n|upkeep\n|turn|25\n|\n|t:|1656379109\n|switch|p2a: Tornadus|Tornadus-Therian, M|100\/100 par\n|move|p1a: Starmie|Hydro Pump|p2a: Tornadus\n|-damage|p2a: Tornadus|46\/100 par\n|-damage|p1a: Starmie|61\/100|[from] item: Life Orb\n|\n|upkeep\n|turn|26\n|\n|t:|1656379113\n|move|p1a: Starmie|Ice Beam|p2a: Tornadus\n|-supereffective|p2a: Tornadus\n|-damage|p2a: Tornadus|0 fnt\n|faint|p2a: Tornadus\n|-damage|p1a: Starmie|51\/100|[from] item: Life Orb\n|\n|upkeep\n|\n|t:|1656379116\n|switch|p2a: Quagsire|Quagsire, M|100\/100\n|turn|27\n|\n|t:|1656379125\n|move|p1a: Starmie|Psychic|p2a: Quagsire\n|-damage|p2a: Quagsire|41\/100\n|-damage|p1a: Starmie|41\/100|[from] item: Life Orb\n|move|p2a: Quagsire|Recover|p2a: Quagsire\n|-heal|p2a: Quagsire|91\/100\n|\n|-heal|p2a: Quagsire|97\/100|[from] item: Leftovers\n|upkeep\n|turn|28\n|l|+Shellnuts\n|j| alb199\n|\n|t:|1656379136\n|move|p1a: Starmie|Hydro Pump|p2a: Quagsire\n|-damage|p2a: Quagsire|18\/100\n|-damage|p1a: Starmie|31\/100|[from] item: Life Orb\n|move|p2a: Quagsire|Recover|p2a: Quagsire\n|-heal|p2a: Quagsire|68\/100\n|\n|-heal|p2a: Quagsire|74\/100|[from] item: Leftovers\n|upkeep\n|turn|29\n|\n|t:|1656379140\n|move|p1a: Starmie|Hydro Pump|p2a: Quagsire\n|-damage|p2a: Quagsire|0 fnt\n|faint|p2a: Quagsire\n|-damage|p1a: Starmie|21\/100|[from] item: Life Orb\n|\n|win|Volcanionisgood\n|n|\u2606Volcanionisgood|volcanionisgood\n|n|\u2606SKIP THE DRIP|skipthedrip\n|n| Rolia|rolia\n|n| Trailblazer324|trailblazer324\n|n| kf343|kf343\n|n| Pinecoishot|pinecoishot\n|n| SunSunSunSunSu|sunsunsunsunsu\n|n| Sww-Suwa|swwsuwa\n|n| innovamania|innovamania\n|n| hump|hump\n|n| Rosaism|rosaism\n|n| jkhlkjhklj|jkhlkjhklj\n|n| alb199|alb199\n","uploadtime":1656379140,"views":8,"p1id":"volcanionisgood","p2id":"skipthedrip","formatid":"gen6ou","rating":0,"private":0,"password":null}