{"id":"gen6ou-1664117046","p1":"ywa1n","p2":"Sp0onl0rd","format":"gen6ou","log":"|j|\u2606ywa1n\n|j|\u2606Sp0onl0rd\n|inactive|Battle timer is ON: inactive players will automatically lose when time's up.\n|t:|1663167766\n|gametype|singles\n|player|p1|ywa1n|acetrainercouple|\n|player|p2|Sp0onl0rd|102|\n|teamsize|p1|6\n|teamsize|p2|6\n|gen|6\n|tier|[Gen 6] OU\n|rated|Tournament battle\n|rule|Sleep Clause Mod: Limit one foe put to sleep\n|rule|Species Clause: Limit one of each Pok\u00e9mon\n|rule|OHKO Clause: OHKO moves are banned\n|rule|Moody Clause: Moody is banned\n|rule|Evasion Items Clause: Evasion items are banned\n|rule|Evasion Moves Clause: Evasion moves are banned\n|rule|Endless Battle Clause: Forcing endless battles is banned\n|rule|HP Percentage Mod: HP is shown in percentages\n|rule|Swagger Clause: Swagger is banned\n|clearpoke\n|poke|p1|Tyranitar, M|item\n|poke|p1|Gliscor, F|item\n|poke|p1|Rotom-Wash|item\n|poke|p1|Excadrill, F|item\n|poke|p1|Tornadus-Therian, M|item\n|poke|p1|Keldeo|item\n|poke|p2|Medicham, M|item\n|poke|p2|Heatran, M|item\n|poke|p2|Tornadus-Therian, M|item\n|poke|p2|Suicune|item\n|poke|p2|Ferrothorn, M|item\n|poke|p2|Latias, F|item\n|teampreview\n|inactive|Sp0onl0rd also wants the timer to be on.\n|j| Tarre25\n|j| doomps\n|c|\u2606ywa1n|Glhf\n|j| qxfn143\n|c|\u2606Sp0onl0rd|u2\n|\n|t:|1663167790\n|start\n|switch|p1a: Rotom|Rotom-Wash|100\/100\n|switch|p2a: Tornadus|Tornadus-Therian, M|100\/100\n|turn|1\n|l| doomps\n|j| SatelliteFifteen\n|\n|t:|1663167797\n|move|p2a: Tornadus|Knock Off|p1a: Rotom\n|-crit|p1a: Rotom\n|-damage|p1a: Rotom|77\/100\n|-enditem|p1a: Rotom|Leftovers|[from] move: Knock Off|[of] p2a: Tornadus\n|move|p1a: Rotom|Volt Switch|p2a: Tornadus\n|-supereffective|p2a: Tornadus\n|-damage|p2a: Tornadus|66\/100\n|\n|t:|1663167815\n|switch|p1a: Tyranitar|Tyranitar, M|100\/100|[from]move: Volt Switch\n|-weather|Sandstorm|[from] ability: Sand Stream|[of] p1a: Tyranitar\n|\n|-weather|Sandstorm|[upkeep]\n|-damage|p2a: Tornadus|60\/100|[from] Sandstorm\n|upkeep\n|turn|2\n|\n|t:|1663167823\n|detailschange|p1a: Tyranitar|Tyranitar-Mega, M\n|-mega|p1a: Tyranitar|Tyranitar|Tyranitarite\n|move|p2a: Tornadus|U-turn|p1a: Tyranitar\n|-supereffective|p1a: Tyranitar\n|-damage|p1a: Tyranitar|83\/100\n|\n|t:|1663167827\n|switch|p2a: Suicune|Suicune|100\/100|[from]move: U-turn\n|-ability|p2a: Suicune|Pressure\n|move|p1a: Tyranitar|Stealth Rock|p2a: Suicune\n|-sidestart|p2: Sp0onl0rd|move: Stealth Rock\n|\n|-weather|Sandstorm|[upkeep]\n|-damage|p2a: Suicune|94\/100|[from] Sandstorm\n|-heal|p2a: Suicune|100\/100|[from] item: Leftovers\n|upkeep\n|turn|3\n|\n|t:|1663167839\n|switch|p2a: Ferrothorn|Ferrothorn, M|100\/100\n|-damage|p2a: Ferrothorn|94\/100|[from] Stealth Rock\n|switch|p1a: Tornadus|Tornadus-Therian, M|100\/100\n|\n|-weather|Sandstorm|[upkeep]\n|-damage|p1a: Tornadus|94\/100|[from] Sandstorm\n|-heal|p2a: Ferrothorn|100\/100|[from] item: Leftovers\n|upkeep\n|turn|4\n|\n|t:|1663167847\n|switch|p2a: Heatran|Heatran, M|100\/100\n|-damage|p2a: Heatran|88\/100|[from] Stealth Rock\n|move|p1a: Tornadus|Knock Off|p2a: Heatran\n|-damage|p2a: Heatran|71\/100\n|-enditem|p2a: Heatran|Leftovers|[from] move: Knock Off|[of] p1a: Tornadus\n|\n|-weather|Sandstorm|[upkeep]\n|-damage|p1a: Tornadus|88\/100|[from] Sandstorm\n|upkeep\n|turn|5\n|\n|t:|1663167858\n|move|p1a: Tornadus|U-turn|p2a: Heatran\n|-resisted|p2a: Heatran\n|-damage|p2a: Heatran|69\/100\n|\n|t:|1663167861\n|switch|p1a: Rotom|Rotom-Wash|77\/100|[from]move: U-turn\n|move|p2a: Heatran|Will-O-Wisp|p1a: Rotom\n|-status|p1a: Rotom|brn\n|\n|-weather|none\n|-damage|p1a: Rotom|65\/100 brn|[from] brn\n|upkeep\n|turn|6\n|\n|t:|1663167884\n|move|p2a: Heatran|Stealth Rock|p1a: Rotom\n|-sidestart|p1: ywa1n|move: Stealth Rock\n|move|p1a: Rotom|Volt Switch|p2a: Heatran\n|-damage|p2a: Heatran|47\/100\n|\n|t:|1663167890\n|switch|p1a: Gliscor|Gliscor, F|100\/100|[from]move: Volt Switch\n|-damage|p1a: Gliscor|88\/100|[from] Stealth Rock\n|\n|-status|p1a: Gliscor|tox|[from] item: Toxic Orb\n|upkeep\n|turn|7\n|\n|t:|1663167897\n|switch|p2a: Ferrothorn|Ferrothorn, M|100\/100\n|-damage|p2a: Ferrothorn|94\/100|[from] Stealth Rock\n|move|p1a: Gliscor|Facade|p2a: Ferrothorn\n|-resisted|p2a: Ferrothorn\n|-damage|p2a: Ferrothorn|85\/100\n|-damage|p1a: Gliscor|76\/100 tox|[from] ability: Iron Barbs|[of] p2a: Ferrothorn\n|\n|-heal|p2a: Ferrothorn|91\/100|[from] item: Leftovers\n|-heal|p1a: Gliscor|88\/100 tox|[from] ability: Poison Heal\n|upkeep\n|turn|8\n|\n|t:|1663167920\n|switch|p1a: Rotom|Rotom-Wash|65\/100 brn\n|-damage|p1a: Rotom|52\/100 brn|[from] Stealth Rock\n|move|p2a: Ferrothorn|Gyro Ball|p1a: Rotom\n|-resisted|p1a: Rotom\n|-crit|p1a: Rotom\n|-damage|p1a: Rotom|38\/100 brn\n|\n|-heal|p2a: Ferrothorn|97\/100|[from] item: Leftovers\n|-damage|p1a: Rotom|26\/100 brn|[from] brn\n|upkeep\n|turn|9\n|\n|t:|1663167931\n|switch|p2a: Latias|Latias, F|100\/100\n|-damage|p2a: Latias|88\/100|[from] Stealth Rock\n|move|p1a: Rotom|Pain Split|p2a: Latias\n|-sethp|p2a: Latias|55\/100|[from] move: Pain Split|[silent]\n|-sethp|p1a: Rotom|66\/100 brn|[from] move: Pain Split\n|\n|-damage|p1a: Rotom|54\/100 brn|[from] brn\n|upkeep\n|turn|10\n|\n|t:|1663167942\n|move|p2a: Latias|Defog|p1a: Rotom\n|-unboost|p1a: Rotom|evasion|1\n|-sideend|p1: ywa1n|Stealth Rock|[from] move: Defog|[of] p2a: Latias\n|-sideend|p2: Sp0onl0rd|Stealth Rock|[from] move: Defog|[of] p2a: Latias\n|move|p1a: Rotom|Volt Switch|p2a: Latias\n|-resisted|p2a: Latias\n|-damage|p2a: Latias|45\/100\n|\n|t:|1663167954\n|switch|p1a: Tyranitar|Tyranitar-Mega, M|83\/100|[from]move: Volt Switch\n|-weather|Sandstorm|[from] ability: Sand Stream|[of] p1a: Tyranitar\n|\n|-weather|Sandstorm|[upkeep]\n|-damage|p2a: Latias|39\/100|[from] Sandstorm\n|upkeep\n|turn|11\n|\n|t:|1663167963\n|-activate|p2a: Latias|move: Pursuit\n|move|p1a: Tyranitar|Pursuit|p2a: Latias|[from]Pursuit\n|-supereffective|p2a: Latias\n|-crit|p2a: Latias\n|-enditem|p2a: Latias|Colbur Berry|[eat]\n|-enditem|p2a: Latias|Colbur Berry|[weaken]\n|-damage|p2a: Latias|0 fnt\n|faint|p2a: Latias\n|-hint|A Pokemon can't switch between when it runs out of HP and when it faints\n|\n|-weather|Sandstorm|[upkeep]\n|upkeep\n|\n|t:|1663167965\n|switch|p2a: Medicham|Medicham, M, shiny|100\/100\n|turn|12\n|\n|t:|1663167981\n|switch|p1a: Rotom|Rotom-Wash|54\/100 brn\n|detailschange|p2a: Medicham|Medicham-Mega, M, shiny\n|-mega|p2a: Medicham|Medicham|Medichamite\n|move|p2a: Medicham|Zen Headbutt|p1a: Rotom|[miss]\n|-miss|p2a: Medicham|p1a: Rotom\n|\n|-weather|Sandstorm|[upkeep]\n|-damage|p2a: Medicham|94\/100|[from] Sandstorm\n|-damage|p1a: Rotom|48\/100 brn|[from] Sandstorm\n|-damage|p1a: Rotom|35\/100 brn|[from] brn\n|upkeep\n|turn|13\n|\n|t:|1663167986\n|move|p2a: Medicham|Zen Headbutt|p1a: Rotom\n|-damage|p1a: Rotom|0 fnt\n|faint|p1a: Rotom\n|\n|-weather|Sandstorm|[upkeep]\n|-damage|p2a: Medicham|88\/100|[from] Sandstorm\n|upkeep\n|\n|t:|1663167991\n|switch|p1a: Tornadus|Tornadus-Therian, M|100\/100\n|turn|14\n|\n|t:|1663167998\n|switch|p2a: Ferrothorn|Ferrothorn, M|97\/100\n|move|p1a: Tornadus|U-turn|p2a: Ferrothorn\n|-damage|p2a: Ferrothorn|87\/100\n|-damage|p1a: Tornadus|88\/100|[from] ability: Iron Barbs|[of] p2a: Ferrothorn\n|\n|t:|1663168004\n|switch|p1a: Keldeo|Keldeo|100\/100|[from]move: U-turn\n|\n|-weather|none\n|-heal|p2a: Ferrothorn|93\/100|[from] item: Leftovers\n|upkeep\n|turn|15\n|\n|t:|1663168009\n|move|p1a: Keldeo|Secret Sword|p2a: Ferrothorn\n|-supereffective|p2a: Ferrothorn\n|-damage|p2a: Ferrothorn|8\/100\n|move|p2a: Ferrothorn|Power Whip|p1a: Keldeo\n|-supereffective|p1a: Keldeo\n|-damage|p1a: Keldeo|11\/100\n|\n|-heal|p2a: Ferrothorn|14\/100|[from] item: Leftovers\n|upkeep\n|turn|16\n|\n|t:|1663168019\n|switch|p2a: Tornadus|Tornadus-Therian, M|93\/100\n|move|p1a: Keldeo|Secret Sword|p2a: Tornadus\n|-resisted|p2a: Tornadus\n|-damage|p2a: Tornadus|53\/100\n|\n|upkeep\n|turn|17\n|\n|t:|1663168029\n|switch|p1a: Gliscor|Gliscor, F|88\/100 tox\n|move|p2a: Tornadus|U-turn|p1a: Gliscor\n|-resisted|p1a: Gliscor\n|-damage|p1a: Gliscor|82\/100 tox\n|\n|t:|1663168038\n|switch|p2a: Ferrothorn|Ferrothorn, M|14\/100|[from]move: U-turn\n|\n|-heal|p2a: Ferrothorn|20\/100|[from] item: Leftovers\n|-heal|p1a: Gliscor|94\/100 tox|[from] ability: Poison Heal\n|upkeep\n|turn|18\n|\n|t:|1663168048\n|switch|p2a: Tornadus|Tornadus-Therian, M|86\/100\n|move|p1a: Gliscor|Taunt|p2a: Tornadus\n|-start|p2a: Tornadus|move: Taunt\n|\n|-heal|p1a: Gliscor|100\/100 tox|[from] ability: Poison Heal\n|upkeep\n|turn|19\n|\n|t:|1663168062\n|move|p2a: Tornadus|U-turn|p1a: Gliscor\n|-resisted|p1a: Gliscor\n|-damage|p1a: Gliscor|95\/100 tox\n|\n|t:|1663168066\n|switch|p2a: Suicune|Suicune|100\/100|[from]move: U-turn\n|-ability|p2a: Suicune|Pressure\n|move|p1a: Gliscor|Swords Dance|p1a: Gliscor\n|-boost|p1a: Gliscor|atk|2\n|\n|-heal|p1a: Gliscor|100\/100 tox|[from] ability: Poison Heal\n|upkeep\n|turn|20\n|\n|t:|1663168072\n|move|p1a: Gliscor|Facade|p2a: Suicune\n|-damage|p2a: Suicune|66\/100\n|move|p2a: Suicune|Roar|p1a: Gliscor\n|drag|p1a: Tornadus|Tornadus-Therian, M|100\/100\n|\n|-heal|p2a: Suicune|72\/100|[from] item: Leftovers\n|upkeep\n|turn|21\n|\n|t:|1663168081\n|move|p1a: Tornadus|Knock Off|p2a: Suicune\n|-damage|p2a: Suicune|60\/100\n|-enditem|p2a: Suicune|Leftovers|[from] move: Knock Off|[of] p1a: Tornadus\n|move|p2a: Suicune|Calm Mind|p2a: Suicune\n|-boost|p2a: Suicune|spa|1\n|-boost|p2a: Suicune|spd|1\n|\n|upkeep\n|turn|22\n|\n|t:|1663168095\n|switch|p1a: Keldeo|Keldeo|11\/100\n|move|p2a: Suicune|Scald|p1a: Keldeo\n|-resisted|p1a: Keldeo\n|-damage|p1a: Keldeo|0 fnt\n|faint|p1a: Keldeo\n|\n|upkeep\n|\n|t:|1663168113\n|switch|p1a: Tyranitar|Tyranitar-Mega, M|83\/100\n|-weather|Sandstorm|[from] ability: Sand Stream|[of] p1a: Tyranitar\n|turn|23\n|\n|t:|1663168117\n|move|p2a: Suicune|Scald|p1a: Tyranitar\n|-supereffective|p1a: Tyranitar\n|-damage|p1a: Tyranitar|47\/100\n|move|p1a: Tyranitar|Stealth Rock|p2a: Suicune\n|-sidestart|p2: Sp0onl0rd|move: Stealth Rock\n|\n|-weather|Sandstorm|[upkeep]\n|-damage|p2a: Suicune|54\/100|[from] Sandstorm\n|upkeep\n|turn|24\n|l| qxfn143\n|\n|t:|1663168122\n|move|p2a: Suicune|Scald|p1a: Tyranitar\n|-supereffective|p1a: Tyranitar\n|-damage|p1a: Tyranitar|10\/100\n|move|p1a: Tyranitar|Crunch|p2a: Suicune\n|-damage|p2a: Suicune|25\/100\n|-unboost|p2a: Suicune|def|1\n|\n|-weather|Sandstorm|[upkeep]\n|-damage|p2a: Suicune|18\/100|[from] Sandstorm\n|upkeep\n|turn|25\n|\n|t:|1663168129\n|move|p2a: Suicune|Rest|p2a: Suicune\n|-status|p2a: Suicune|slp|[from] move: Rest\n|-heal|p2a: Suicune|100\/100 slp|[silent]\n|move|p1a: Tyranitar|Crunch|p2a: Suicune\n|-damage|p2a: Suicune|57\/100 slp\n|\n|-weather|Sandstorm|[upkeep]\n|-damage|p2a: Suicune|51\/100 slp|[from] Sandstorm\n|upkeep\n|turn|26\n|\n|t:|1663168131\n|switch|p2a: Ferrothorn|Ferrothorn, M|20\/100\n|-damage|p2a: Ferrothorn|14\/100|[from] Stealth Rock\n|move|p1a: Tyranitar|Crunch|p2a: Ferrothorn\n|-crit|p2a: Ferrothorn\n|-damage|p2a: Ferrothorn|0 fnt\n|-damage|p1a: Tyranitar|0 fnt|[from] ability: Iron Barbs|[of] p2a: Ferrothorn\n|faint|p1a: Tyranitar\n|faint|p2a: Ferrothorn\n|\n|-weather|Sandstorm|[upkeep]\n|upkeep\n|\n|t:|1663168140\n|switch|p1a: Excadrill|Excadrill, F|100\/100\n|switch|p2a: Medicham|Medicham-Mega, M, shiny|88\/100\n|-damage|p2a: Medicham|82\/100|[from] Stealth Rock\n|turn|27\n|\n|t:|1663168144\n|move|p2a: Medicham|Fake Out|p1a: Excadrill\n|-resisted|p1a: Excadrill\n|-damage|p1a: Excadrill|82\/100\n|cant|p1a: Excadrill|flinch\n|\n|-weather|none\n|-heal|p1a: Excadrill|89\/100|[from] item: Leftovers\n|upkeep\n|turn|28\n|c|\u2606ywa1n|Shit\n|c|\u2606ywa1n|Forgot to look at the counter rip\n|inactive|ywa1n has 120 seconds left.\n|\n|t:|1663168180\n|switch|p1a: Tornadus|Tornadus-Therian, M|100\/100\n|move|p2a: Medicham|High Jump Kick|p1a: Tornadus\n|-resisted|p1a: Tornadus\n|-damage|p1a: Tornadus|25\/100\n|\n|upkeep\n|turn|29\n|inactive|ywa1n has 120 seconds left.\n|\n|t:|1663168188\n|move|p2a: Medicham|Bullet Punch|p1a: Tornadus\n|-damage|p1a: Tornadus|0 fnt\n|faint|p1a: Tornadus\n|\n|upkeep\n|\n|t:|1663168192\n|switch|p1a: Gliscor|Gliscor, F|100\/100 tox\n|turn|30\n|\n|t:|1663168196\n|move|p2a: Medicham|Zen Headbutt|p1a: Gliscor\n|-crit|p1a: Gliscor\n|-damage|p1a: Gliscor|9\/100 tox\n|move|p1a: Gliscor|Facade|p2a: Medicham\n|-damage|p2a: Medicham|32\/100\n|\n|-heal|p1a: Gliscor|22\/100 tox|[from] ability: Poison Heal\n|upkeep\n|turn|31\n|\n|t:|1663168206\n|move|p2a: Medicham|Zen Headbutt|p1a: Gliscor\n|-damage|p1a: Gliscor|0 fnt\n|faint|p1a: Gliscor\n|\n|upkeep\n|\n|t:|1663168209\n|switch|p1a: Excadrill|Excadrill, F|89\/100\n|turn|32\n|\n|t:|1663168213\n|move|p1a: Excadrill|Earthquake|p2a: Medicham\n|-damage|p2a: Medicham|0 fnt\n|faint|p2a: Medicham\n|\n|-heal|p1a: Excadrill|95\/100|[from] item: Leftovers\n|upkeep\n|\n|t:|1663168218\n|switch|p2a: Tornadus|Tornadus-Therian, M|100\/100\n|-damage|p2a: Tornadus|76\/100|[from] Stealth Rock\n|turn|33\n|c|\u2606ywa1n|What\n|c|\u2606Sp0onl0rd|adamant\n|\n|t:|1663168224\n|move|p2a: Tornadus|Heat Wave|p1a: Excadrill\n|-supereffective|p1a: Excadrill\n|-damage|p1a: Excadrill|41\/100\n|move|p1a: Excadrill|Rock Slide|p2a: Tornadus\n|-supereffective|p2a: Tornadus\n|-damage|p2a: Tornadus|17\/100\n|\n|-heal|p1a: Excadrill|47\/100|[from] item: Leftovers\n|upkeep\n|turn|34\n|c|\u2606Sp0onl0rd|so I kill torn with hjk into bullet\n|\n|t:|1663168233\n|move|p2a: Tornadus|Heat Wave|p1a: Excadrill\n|-supereffective|p1a: Excadrill\n|-damage|p1a: Excadrill|0 fnt\n|faint|p1a: Excadrill\n|\n|win|Sp0onl0rd\n|n|\u2606ywa1n|ywa1n\n|n|\u2606Sp0onl0rd|sp0onl0rd\n|n| Tarre25|tarre25\n|n| SatelliteFifteen|satellitefifteen\n|c|\u2606Sp0onl0rd|gg\n|l| SatelliteFifteen\n|c|\u2606ywa1n|Gg\n|l| Tarre25\n|l|\u2606Sp0onl0rd\n","uploadtime":1663168247,"views":11,"p1id":"ywa1n","p2id":"sp0onl0rd","formatid":"gen6ou","rating":0,"private":0,"password":null}