{"id":"gen6ou-1664101389","p1":"dmt dreams","p2":"SaltyPineapple27","format":"gen6ou","log":"|j|\u203ddmt dreams\n|j|\u2606SaltyPineapple27\n|inactive|Battle timer is ON: inactive players will automatically lose when time's up.\n|t:|1663166583\n|gametype|singles\n|player|p1|dmt dreams|cynthia-gen4|\n|player|p2|SaltyPineapple27|waiter-gen4dp|\n|teamsize|p1|6\n|teamsize|p2|6\n|gen|6\n|tier|[Gen 6] OU\n|rated|Tournament battle\n|rule|Sleep Clause Mod: Limit one foe put to sleep\n|rule|Species Clause: Limit one of each Pok\u00e9mon\n|rule|OHKO Clause: OHKO moves are banned\n|rule|Moody Clause: Moody is banned\n|rule|Evasion Items Clause: Evasion items are banned\n|rule|Evasion Moves Clause: Evasion moves are banned\n|rule|Endless Battle Clause: Forcing endless battles is banned\n|rule|HP Percentage Mod: HP is shown in percentages\n|rule|Swagger Clause: Swagger is banned\n|clearpoke\n|poke|p1|Charizard, F|item\n|poke|p1|Excadrill, F|item\n|poke|p1|Tornadus-Therian, M|item\n|poke|p1|Tyranitar, M|item\n|poke|p1|Magnezone|item\n|poke|p1|Slowbro, M|item\n|poke|p2|Metagross|item\n|poke|p2|Clefable, M|item\n|poke|p2|Keldeo-Resolute|item\n|poke|p2|Excadrill, F|item\n|poke|p2|Rotom-Wash|item\n|poke|p2|Tornadus-Therian, M|item\n|teampreview\n|inactive|dmt dreams has 120 seconds left.\n|\n|t:|1663166632\n|start\n|switch|p1a: Tornadus|Tornadus-Therian, M|100\/100\n|switch|p2a: Clefable|Clefable, M|100\/100\n|turn|1\n|\n|t:|1663166638\n|move|p1a: Tornadus|Taunt|p2a: Clefable\n|-start|p2a: Clefable|move: Taunt\n|cant|p2a: Clefable|move: Taunt|Calm Mind\n|\n|upkeep\n|turn|2\n|\n|t:|1663166643\n|move|p1a: Tornadus|Knock Off|p2a: Clefable\n|-resisted|p2a: Clefable\n|-damage|p2a: Clefable|92\/100\n|-enditem|p2a: Clefable|Leftovers|[from] move: Knock Off|[of] p1a: Tornadus\n|move|p2a: Clefable|Ice Beam|p1a: Tornadus\n|-supereffective|p1a: Tornadus\n|-damage|p1a: Tornadus|50\/100\n|\n|-heal|p1a: Tornadus|56\/100|[from] item: Leftovers\n|upkeep\n|turn|3\n|\n|t:|1663166653\n|switch|p1a: Excadrill|Excadrill, F|100\/100\n|switch|p2a: Rotom|Rotom-Wash|100\/100\n|\n|upkeep\n|turn|4\n|\n|t:|1663166665\n|move|p1a: Excadrill|Toxic|p2a: Rotom\n|-status|p2a: Rotom|tox\n|move|p2a: Rotom|Will-O-Wisp|p1a: Excadrill\n|-status|p1a: Excadrill|brn\n|\n|-damage|p2a: Rotom|94\/100 tox|[from] psn\n|-damage|p1a: Excadrill|88\/100 brn|[from] brn\n|upkeep\n|turn|5\n|\n|t:|1663166674\n|move|p1a: Excadrill|Iron Head|p2a: Rotom\n|-resisted|p2a: Rotom\n|-crit|p2a: Rotom\n|-damage|p2a: Rotom|87\/100 tox\n|cant|p2a: Rotom|flinch\n|\n|-heal|p1a: Excadrill|94\/100 brn|[from] item: Leftovers\n|-heal|p2a: Rotom|93\/100 tox|[from] item: Leftovers\n|-damage|p2a: Rotom|81\/100 tox|[from] psn\n|-damage|p1a: Excadrill|82\/100 brn|[from] brn\n|upkeep\n|turn|6\n|j|@Mimikyu Stardust\n|\n|t:|1663166686\n|switch|p1a: Magnezone|Magnezone|100\/100\n|move|p2a: Rotom|Hydro Pump|p1a: Magnezone\n|-damage|p1a: Magnezone|49\/100\n|\n|-heal|p2a: Rotom|87\/100 tox|[from] item: Leftovers\n|-damage|p2a: Rotom|68\/100 tox|[from] psn\n|upkeep\n|turn|7\n|\n|t:|1663166695\n|move|p1a: Magnezone|Volt Switch|p2a: Rotom\n|-damage|p2a: Rotom|29\/100 tox\n|\n|t:|1663166698\n|switch|p1a: Tornadus|Tornadus-Therian, M|89\/100|[from]move: Volt Switch\n|move|p2a: Rotom|Hydro Pump|p1a: Tornadus\n|-damage|p1a: Tornadus|38\/100\n|\n|-heal|p1a: Tornadus|44\/100|[from] item: Leftovers\n|-heal|p2a: Rotom|35\/100 tox|[from] item: Leftovers\n|-damage|p2a: Rotom|10\/100 tox|[from] psn\n|upkeep\n|turn|8\n|\n|t:|1663166708\n|switch|p1a: Tyranitar|Tyranitar, M|100\/100\n|-weather|Sandstorm|[from] ability: Sand Stream|[of] p1a: Tyranitar\n|move|p2a: Rotom|Volt Switch|p1a: Tyranitar\n|-crit|p1a: Tyranitar\n|-damage|p1a: Tyranitar|80\/100\n|\n|t:|1663166715\n|switch|p2a: Excadrill|Excadrill, F|100\/100|[from]move: Volt Switch\n|-ability|p2a: Excadrill|Mold Breaker\n|\n|-weather|Sandstorm|[upkeep]\n|-heal|p1a: Tyranitar|86\/100|[from] item: Leftovers\n|upkeep\n|turn|9\n|\n|t:|1663166724\n|switch|p1a: Charizard|Charizard, F|100\/100\n|move|p2a: Excadrill|Stealth Rock|p1a: Charizard\n|-sidestart|p1: dmt dreams|move: Stealth Rock\n|\n|-weather|Sandstorm|[upkeep]\n|-damage|p1a: Charizard|94\/100|[from] Sandstorm\n|upkeep\n|turn|10\n|\n|t:|1663166733\n|switch|p2a: Rotom|Rotom-Wash|10\/100 tox\n|detailschange|p1a: Charizard|Charizard-Mega-X, F\n|-mega|p1a: Charizard|Charizard|Charizardite X\n|move|p1a: Charizard|Flare Blitz|p2a: Rotom\n|-resisted|p2a: Rotom\n|-damage|p2a: Rotom|0 fnt\n|faint|p2a: Rotom\n|-damage|p1a: Charizard|91\/100|[from] Recoil\n|\n|-weather|Sandstorm|[upkeep]\n|-damage|p1a: Charizard|85\/100|[from] Sandstorm\n|upkeep\n|\n|t:|1663166750\n|switch|p2a: Keldeo|Keldeo-Resolute|100\/100\n|turn|11\n|\n|t:|1663166759\n|switch|p1a: Slowbro|Slowbro, M|100\/100\n|-damage|p1a: Slowbro|88\/100|[from] Stealth Rock\n|move|p2a: Keldeo|Scald|p1a: Slowbro\n|-resisted|p1a: Slowbro\n|-crit|p1a: Slowbro\n|-damage|p1a: Slowbro|42\/100\n|\n|-weather|Sandstorm|[upkeep]\n|-damage|p2a: Keldeo|94\/100|[from] Sandstorm\n|-damage|p1a: Slowbro|36\/100|[from] Sandstorm\n|-heal|p1a: Slowbro|42\/100|[from] item: Leftovers\n|upkeep\n|turn|12\n|\n|t:|1663166770\n|move|p2a: Keldeo|Scald|p1a: Slowbro\n|-resisted|p1a: Slowbro\n|-damage|p1a: Slowbro|9\/100\n|move|p1a: Slowbro|Slack Off|p1a: Slowbro\n|-heal|p1a: Slowbro|59\/100\n|\n|-weather|none\n|-heal|p1a: Slowbro|65\/100|[from] item: Leftovers\n|upkeep\n|turn|13\n|\n|t:|1663166778\n|switch|p2a: Clefable|Clefable, M|92\/100\n|move|p1a: Slowbro|Thunder Wave|p2a: Clefable\n|-status|p2a: Clefable|par\n|\n|-heal|p1a: Slowbro|71\/100|[from] item: Leftovers\n|upkeep\n|turn|14\n|\n|t:|1663166786\n|switch|p1a: Excadrill|Excadrill, F|82\/100 brn\n|-damage|p1a: Excadrill|79\/100 brn|[from] Stealth Rock\n|move|p2a: Clefable|Calm Mind|p2a: Clefable\n|-boost|p2a: Clefable|spa|1\n|-boost|p2a: Clefable|spd|1\n|\n|-heal|p1a: Excadrill|85\/100 brn|[from] item: Leftovers\n|-damage|p1a: Excadrill|72\/100 brn|[from] brn\n|upkeep\n|turn|15\n|\n|t:|1663166800\n|move|p1a: Excadrill|Rapid Spin|p2a: Clefable\n|-damage|p2a: Clefable|89\/100 par\n|-sideend|p1: dmt dreams|Stealth Rock|[from] move: Rapid Spin|[of] p1a: Excadrill\n|move|p2a: Clefable|Flamethrower|p1a: Excadrill\n|-supereffective|p1a: Excadrill\n|-damage|p1a: Excadrill|0 fnt\n|faint|p1a: Excadrill\n|\n|upkeep\n|\n|t:|1663166807\n|switch|p1a: Charizard|Charizard-Mega-X, F|85\/100\n|turn|16\n|\n|t:|1663166813\n|move|p1a: Charizard|Flare Blitz|p2a: Clefable\n|-damage|p2a: Clefable|16\/100 par\n|-damage|p1a: Charizard|56\/100|[from] Recoil\n|move|p2a: Clefable|Ice Beam|p1a: Charizard\n|-crit|p1a: Charizard\n|-damage|p1a: Charizard|3\/100\n|\n|upkeep\n|turn|17\n|\n|t:|1663166822\n|move|p1a: Charizard|Roost|p1a: Charizard\n|-heal|p1a: Charizard|53\/100\n|-singleturn|p1a: Charizard|move: Roost\n|move|p2a: Clefable|Calm Mind|p2a: Clefable\n|-boost|p2a: Clefable|spa|1\n|-boost|p2a: Clefable|spd|1\n|\n|upkeep\n|turn|18\n|\n|t:|1663166829\n|move|p1a: Charizard|Roost|p1a: Charizard\n|-heal|p1a: Charizard|100\/100\n|-singleturn|p1a: Charizard|move: Roost\n|move|p2a: Clefable|Ice Beam|p1a: Charizard\n|-damage|p1a: Charizard|54\/100\n|-status|p1a: Charizard|frz\n|\n|upkeep\n|turn|19\n|\n|t:|1663166839\n|-curestatus|p1a: Charizard|frz|[from] move: Flare Blitz\n|move|p1a: Charizard|Flare Blitz|p2a: Clefable\n|-damage|p2a: Clefable|0 fnt\n|faint|p2a: Clefable\n|-damage|p1a: Charizard|48\/100|[from] Recoil\n|\n|upkeep\n|\n|t:|1663166848\n|switch|p2a: Keldeo|Keldeo-Resolute|94\/100\n|turn|20\n|j| am tan\n|\n|t:|1663166851\n|switch|p1a: Slowbro|Slowbro, M|100\/100\n|move|p2a: Keldeo|Hidden Power|p1a: Slowbro\n|-supereffective|p1a: Slowbro\n|-damage|p1a: Slowbro|40\/100\n|\n|-heal|p1a: Slowbro|46\/100|[from] item: Leftovers\n|upkeep\n|turn|21\n|l| am tan\n|\n|t:|1663166860\n|switch|p2a: Tornadus|Tornadus-Therian, M|100\/100\n|switch|p1a: Tornadus|Tornadus-Therian, M|77\/100\n|\n|-heal|p1a: Tornadus|83\/100|[from] item: Leftovers\n|upkeep\n|turn|22\n|\n|t:|1663166868\n|move|p1a: Tornadus|Knock Off|p2a: Tornadus\n|-damage|p2a: Tornadus|74\/100\n|-enditem|p2a: Tornadus|Assault Vest|[from] move: Knock Off|[of] p1a: Tornadus\n|move|p2a: Tornadus|Knock Off|p1a: Tornadus\n|-damage|p1a: Tornadus|54\/100\n|-enditem|p1a: Tornadus|Leftovers|[from] move: Knock Off|[of] p2a: Tornadus\n|\n|upkeep\n|turn|23\n|\n|t:|1663166877\n|move|p2a: Tornadus|U-turn|p1a: Tornadus\n|-resisted|p1a: Tornadus\n|-damage|p1a: Tornadus|43\/100\n|\n|t:|1663166880\n|switch|p2a: Excadrill|Excadrill, F|100\/100|[from]move: U-turn\n|-ability|p2a: Excadrill|Mold Breaker\n|move|p1a: Tornadus|Hurricane|p2a: Excadrill\n|-resisted|p2a: Excadrill\n|-damage|p2a: Excadrill|79\/100\n|\n|-heal|p2a: Excadrill|85\/100|[from] item: Leftovers\n|upkeep\n|turn|24\n|\n|t:|1663166892\n|move|p1a: Tornadus|Superpower|p2a: Excadrill\n|-supereffective|p2a: Excadrill\n|-damage|p2a: Excadrill|15\/100\n|-unboost|p1a: Tornadus|atk|1\n|-unboost|p1a: Tornadus|def|1\n|move|p2a: Excadrill|Rapid Spin|p1a: Tornadus\n|-damage|p1a: Tornadus|28\/100\n|\n|-heal|p2a: Excadrill|21\/100|[from] item: Leftovers\n|upkeep\n|turn|25\n|\n|t:|1663166910\n|move|p1a: Tornadus|Superpower|p2a: Excadrill\n|-supereffective|p2a: Excadrill\n|-damage|p2a: Excadrill|0 fnt\n|-unboost|p1a: Tornadus|atk|1\n|-unboost|p1a: Tornadus|def|1\n|faint|p2a: Excadrill\n|\n|upkeep\n|c|\u2606SaltyPineapple27|ah man i forgot this was gen 6 rapid spin\n|\n|t:|1663166924\n|switch|p2a: Tornadus|Tornadus-Therian, M|100\/100\n|turn|26\n|\n|t:|1663166931\n|switch|p1a: Tyranitar|Tyranitar, M|86\/100\n|-weather|Sandstorm|[from] ability: Sand Stream|[of] p1a: Tyranitar\n|move|p2a: Tornadus|Knock Off|p1a: Tyranitar\n|-resisted|p1a: Tyranitar\n|-damage|p1a: Tyranitar|77\/100\n|-enditem|p1a: Tyranitar|Leftovers|[from] move: Knock Off|[of] p2a: Tornadus\n|\n|-weather|Sandstorm|[upkeep]\n|-damage|p2a: Tornadus|94\/100|[from] Sandstorm\n|upkeep\n|turn|27\n|\n|t:|1663166940\n|move|p2a: Tornadus|U-turn|p1a: Tyranitar\n|-supereffective|p1a: Tyranitar\n|-damage|p1a: Tyranitar|52\/100\n|\n|t:|1663166944\n|switch|p2a: Keldeo|Keldeo-Resolute|94\/100|[from]move: U-turn\n|move|p1a: Tyranitar|Thunder Wave|p2a: Keldeo\n|-status|p2a: Keldeo|par\n|\n|-weather|Sandstorm|[upkeep]\n|-damage|p2a: Keldeo|88\/100 par|[from] Sandstorm\n|upkeep\n|turn|28\n|\n|t:|1663166958\n|move|p1a: Tyranitar|Stealth Rock|p2a: Keldeo\n|-sidestart|p2: SaltyPineapple27|move: Stealth Rock\n|move|p2a: Keldeo|Scald|p1a: Tyranitar\n|-supereffective|p1a: Tyranitar\n|-damage|p1a: Tyranitar|0 fnt\n|faint|p1a: Tyranitar\n|\n|-weather|Sandstorm|[upkeep]\n|-damage|p2a: Keldeo|82\/100 par|[from] Sandstorm\n|upkeep\n|\n|t:|1663166963\n|switch|p1a: Magnezone|Magnezone|49\/100\n|turn|29\n|\n|t:|1663166969\n|move|p1a: Magnezone|Volt Switch|p2a: Keldeo\n|-supereffective|p2a: Keldeo\n|-damage|p2a: Keldeo|4\/100 par\n|\n|t:|1663166974\n|switch|p1a: Tornadus|Tornadus-Therian, M|61\/100|[from]move: Volt Switch\n|cant|p2a: Keldeo|par\n|\n|-weather|Sandstorm|[upkeep]\n|-damage|p1a: Tornadus|55\/100|[from] Sandstorm\n|-damage|p2a: Keldeo|0 fnt|[from] Sandstorm\n|faint|p2a: Keldeo\n|upkeep\n|\n|t:|1663166983\n|switch|p2a: Metagross|Metagross|100\/100\n|-damage|p2a: Metagross|95\/100|[from] Stealth Rock\n|turn|30\n|\n|t:|1663166992\n|detailschange|p2a: Metagross|Metagross-Mega\n|-mega|p2a: Metagross|Metagross|Metagrossite\n|move|p1a: Tornadus|Hurricane|p2a: Metagross\n|-resisted|p2a: Metagross\n|-damage|p2a: Metagross|68\/100\n|move|p2a: Metagross|Thunder Punch|p1a: Tornadus\n|-supereffective|p1a: Tornadus\n|-damage|p1a: Tornadus|0 fnt\n|faint|p1a: Tornadus\n|\n|-weather|none\n|upkeep\n|\n|t:|1663166996\n|switch|p1a: Slowbro|Slowbro, M|79\/100\n|turn|31\n|\n|t:|1663167004\n|move|p2a: Metagross|Thunder Punch|p1a: Slowbro\n|-supereffective|p1a: Slowbro\n|-damage|p1a: Slowbro|32\/100\n|move|p1a: Slowbro|Thunder Wave|p2a: Metagross\n|-status|p2a: Metagross|par\n|\n|-heal|p1a: Slowbro|38\/100|[from] item: Leftovers\n|upkeep\n|turn|32\n|\n|t:|1663167016\n|move|p1a: Slowbro|Slack Off|p1a: Slowbro\n|-heal|p1a: Slowbro|88\/100\n|cant|p2a: Metagross|par\n|\n|-heal|p1a: Slowbro|94\/100|[from] item: Leftovers\n|upkeep\n|turn|33\n|\n|t:|1663167026\n|move|p1a: Slowbro|Scald|p2a: Metagross\n|-damage|p2a: Metagross|40\/100 par\n|move|p2a: Metagross|Thunder Punch|p1a: Slowbro\n|-supereffective|p1a: Slowbro\n|-damage|p1a: Slowbro|49\/100\n|\n|-heal|p1a: Slowbro|55\/100|[from] item: Leftovers\n|upkeep\n|turn|34\n|\n|t:|1663167052\n|switch|p1a: Magnezone|Magnezone|49\/100\n|move|p2a: Metagross|Thunder Punch|p1a: Magnezone\n|-resisted|p1a: Magnezone\n|-damage|p1a: Magnezone|31\/100\n|\n|upkeep\n|turn|35\n|\n|t:|1663167070\n|move|p1a: Magnezone|Flash Cannon|p2a: Metagross\n|-resisted|p2a: Metagross\n|-damage|p2a: Metagross|17\/100 par\n|move|p2a: Metagross|Hammer Arm|p1a: Magnezone\n|-supereffective|p1a: Magnezone\n|-damage|p1a: Magnezone|0 fnt\n|-unboost|p2a: Metagross|spe|1\n|faint|p1a: Magnezone\n|\n|upkeep\n|\n|t:|1663167073\n|switch|p1a: Charizard|Charizard-Mega-X, F|48\/100\n|turn|36\n|\n|t:|1663167081\n|move|p1a: Charizard|Roost|p1a: Charizard\n|-heal|p1a: Charizard|98\/100\n|-singleturn|p1a: Charizard|move: Roost\n|move|p2a: Metagross|Thunder Punch|p1a: Charizard\n|-resisted|p1a: Charizard\n|-damage|p1a: Charizard|81\/100\n|\n|upkeep\n|turn|37\n|\n|t:|1663167089\n|move|p1a: Charizard|Flare Blitz|p2a: Metagross\n|-supereffective|p2a: Metagross\n|-damage|p2a: Metagross|0 fnt\n|faint|p2a: Metagross\n|-damage|p1a: Charizard|76\/100|[from] Recoil\n|\n|upkeep\n|\n|t:|1663167095\n|switch|p2a: Tornadus|Tornadus-Therian, M|100\/100\n|-damage|p2a: Tornadus|76\/100|[from] Stealth Rock\n|turn|38\n|\n|t:|1663167100\n|switch|p1a: Slowbro|Slowbro, M|89\/100\n|move|p2a: Tornadus|Knock Off|p1a: Slowbro\n|-supereffective|p1a: Slowbro\n|-damage|p1a: Slowbro|65\/100\n|-enditem|p1a: Slowbro|Leftovers|[from] move: Knock Off|[of] p2a: Tornadus\n|\n|upkeep\n|turn|39\n|\n|t:|1663167109\n|move|p2a: Tornadus|U-turn|p1a: Slowbro\n|-supereffective|p1a: Slowbro\n|-damage|p1a: Slowbro|47\/100\n|move|p1a: Slowbro|Thunder Wave|p2a: Tornadus\n|-status|p2a: Tornadus|par\n|\n|upkeep\n|turn|40\n|-message|SaltyPineapple27 forfeited.\n|\n|win|dmt dreams\n|n|\u203ddmt dreams|dmtdreams\n|n|\u2606SaltyPineapple27|saltypineapple27\n|n| Mimikyu Stardust|mimikyustardust\n|l|\u2606SaltyPineapple27\n","uploadtime":1663167119,"views":13,"p1id":"dmtdreams","p2id":"saltypineapple27","formatid":"gen6ou","rating":0,"private":0,"password":null}