{"id":"gen6purehackmons-1705775055","p1":"IMPERIUM OF MAN","p2":"MurderousMantyke","format":"gen6purehackmons","log":"|j|\u2606IMPERIUM OF MAN\n|j|\u2606MurderousMantyke\n|t:|1667921198\n|gametype|singles\n|player|p1|IMPERIUM OF MAN|ghetsis|1524\n|player|p2|MurderousMantyke|#helpstaffxmas|1582\n|teamsize|p1|6\n|teamsize|p2|6\n|gen|6\n|tier|[Gen 6] Pure Hackmons\n|rated|\n|rule|HP Percentage Mod: HP is shown in percentages\n|rule|Endless Battle Clause: Forcing endless battles is banned\n|clearpoke\n|poke|p1|Giratina|item\n|poke|p1|Xerneas-*|item\n|poke|p1|Rayquaza-Mega|item\n|poke|p1|Groudon-Primal|item\n|poke|p1|Deoxys-Attack|item\n|poke|p1|Regigigas|item\n|poke|p2|Mewtwo-Mega-X|item\n|poke|p2|Gardevoir-Mega, M|item\n|poke|p2|Gyarados-Mega, F|item\n|poke|p2|Giratina|item\n|poke|p2|Xerneas-*|item\n|poke|p2|Scizor-Mega, F|item\n|teampreview\n|c|\u2606MurderousMantyke|hf\n|inactive|Battle timer is ON: inactive players will automatically lose when time's up. (requested by IMPERIUM OF MAN)\n|\n|t:|1667921211\n|start\n|switch|p1a: IM BACK TO FLY|Xerneas, shiny|100\/100\n|switch|p2a: Magnificent|Xerneas|100\/100\n|turn|1\n|inactive|MurderousMantyke has 120 seconds left.\n|\n|t:|1667921246\n|switch|p1a: IM BACK TO WAR|Groudon-Primal, shiny|100\/100\n|-ability|p1a: IM BACK TO WAR|Teravolt\n|move|p2a: Magnificent|Stealth Rock|p1a: IM BACK TO WAR\n|-sidestart|p1: IMPERIUM OF MAN|move: Stealth Rock\n|\n|upkeep\n|turn|2\n|inactive|MurderousMantyke has 120 seconds left.\n|\n|t:|1667921254\n|move|p2a: Magnificent|King's Shield|p2a: Magnificent\n|-singleturn|p2a: Magnificent|Protect\n|move|p1a: IM BACK TO WAR|Thousand Arrows|p2a: Magnificent\n|-activate|p2a: Magnificent|move: Protect\n|\n|upkeep\n|turn|3\n|\n|t:|1667921262\n|switch|p2a: Pretty Please|Giratina|100\/100\n|move|p1a: IM BACK TO WAR|V-create|p2a: Pretty Please\n|-resisted|p2a: Pretty Please\n|-damage|p2a: Pretty Please|77\/100\n|-unboost|p1a: IM BACK TO WAR|spe|1\n|-unboost|p1a: IM BACK TO WAR|def|1\n|-unboost|p1a: IM BACK TO WAR|spd|1\n|\n|upkeep\n|turn|4\n|\n|t:|1667921271\n|switch|p1a: IM BACK TO FLY|Xerneas, shiny|100\/100\n|-damage|p1a: IM BACK TO FLY|88\/100|[from] Stealth Rock\n|move|p2a: Pretty Please|Glare|p1a: IM BACK TO FLY\n|-status|p1a: IM BACK TO FLY|par\n|\n|upkeep\n|turn|5\n|\n|t:|1667921284\n|switch|p2a: Come Over|Scizor-Mega, F|100\/100\n|move|p1a: IM BACK TO FLY|Defog|p2a: Come Over\n|-unboost|p2a: Come Over|evasion|1\n|-sideend|p1: IMPERIUM OF MAN|Stealth Rock|[from] move: Defog|[of] p1a: IM BACK TO FLY\n|\n|upkeep\n|turn|6\n|\n|t:|1667921290\n|move|p2a: Come Over|Baton Pass|p2a: Come Over\n|\n|t:|1667921294\n|switch|p2a: Shine|Gardevoir-Mega, M|100\/100|[from]move: Baton Pass\n|move|p1a: IM BACK TO FLY|Searing Shot|p2a: Shine\n|-immune|p2a: Shine|[from] ability: Wonder Guard\n|\n|upkeep\n|turn|7\n|\n|t:|1667921301\n|switch|p1a: IM BACK TO GLOW|Regigigas, shiny|100\/100\n|move|p2a: Shine|Judgment|p1a: IM BACK TO GLOW\n|-immune|p1a: IM BACK TO GLOW|[from] ability: Wonder Guard\n|\n|upkeep\n|turn|8\n|\n|t:|1667921310\n|switch|p1a: IM BACK TO FLY|Xerneas, shiny|88\/100 par\n|move|p2a: Shine|Gastro Acid|p1a: IM BACK TO FLY\n|-endability|p1a: IM BACK TO FLY\n|\n|upkeep\n|turn|9\n|\n|t:|1667921315\n|switch|p1a: IM BACK TO GLOW|Regigigas, shiny|100\/100\n|move|p2a: Shine|Shell Smash|p2a: Shine\n|-unboost|p2a: Shine|def|1\n|-unboost|p2a: Shine|spd|1\n|-boost|p2a: Shine|atk|2\n|-boost|p2a: Shine|spa|2\n|-boost|p2a: Shine|spe|2\n|\n|upkeep\n|turn|10\n|\n|t:|1667921322\n|move|p2a: Shine|Judgment|p1a: IM BACK TO GLOW\n|-immune|p1a: IM BACK TO GLOW|[from] ability: Wonder Guard\n|move|p1a: IM BACK TO GLOW|Knock Off|p2a: Shine\n|-immune|p2a: Shine|[from] ability: Wonder Guard\n|\n|upkeep\n|turn|11\n|\n|t:|1667921329\n|move|p2a: Shine|Judgment|p1a: IM BACK TO GLOW\n|-immune|p1a: IM BACK TO GLOW|[from] ability: Wonder Guard\n|move|p1a: IM BACK TO GLOW|Gunk Shot|p2a: Shine\n|-supereffective|p2a: Shine\n|-damage|p2a: Shine|0 fnt\n|faint|p2a: Shine\n|\n|upkeep\n|\n|t:|1667921335\n|switch|p2a: In the Rain|Gyarados-Mega, F|100\/100\n|turn|12\n|\n|t:|1667921338\n|move|p1a: IM BACK TO GLOW|Close Combat|p2a: In the Rain\n|-supereffective|p2a: In the Rain\n|-damage|p2a: In the Rain|23\/100\n|-unboost|p1a: IM BACK TO GLOW|def|1\n|-unboost|p1a: IM BACK TO GLOW|spd|1\n|move|p2a: In the Rain|Gastro Acid|p1a: IM BACK TO GLOW\n|-endability|p1a: IM BACK TO GLOW\n|\n|upkeep\n|turn|13\n|\n|t:|1667921344\n|move|p1a: IM BACK TO GLOW|Extreme Speed|p2a: In the Rain\n|-damage|p2a: In the Rain|0 fnt\n|faint|p2a: In the Rain\n|\n|upkeep\n|\n|t:|1667921363\n|switch|p2a: American Boy|Mewtwo-Mega-X|100\/100\n|turn|14\n|\n|t:|1667921370\n|move|p2a: American Boy|Low Kick|p1a: IM BACK TO GLOW\n|-supereffective|p1a: IM BACK TO GLOW\n|-damage|p1a: IM BACK TO GLOW|0 fnt\n|faint|p1a: IM BACK TO GLOW\n|\n|upkeep\n|\n|t:|1667921375\n|switch|p1a: IM BACK TO SOAR|Giratina|100\/100\n|turn|15\n|\n|t:|1667921393\n|switch|p2a: Magnificent|Xerneas|100\/100\n|move|p1a: IM BACK TO SOAR|Encore||[still]\n|-fail|p1a: IM BACK TO SOAR\n|\n|upkeep\n|turn|16\n|\n|t:|1667921406\n|switch|p1a: IM BACK TO WAR|Groudon-Primal, shiny|100\/100\n|-ability|p1a: IM BACK TO WAR|Teravolt\n|move|p2a: Magnificent|Stealth Rock|p1a: IM BACK TO WAR\n|-sidestart|p1: IMPERIUM OF MAN|move: Stealth Rock\n|\n|upkeep\n|turn|17\n|\n|t:|1667921413\n|move|p1a: IM BACK TO WAR|Thousand Arrows|p2a: Magnificent\n|-damage|p2a: Magnificent|53\/100\n|move|p2a: Magnificent|Moonblast|p1a: IM BACK TO WAR\n|-resisted|p1a: IM BACK TO WAR\n|-damage|p1a: IM BACK TO WAR|70\/100\n|-unboost|p1a: IM BACK TO WAR|spa|1\n|\n|-heal|p2a: Magnificent|59\/100|[from] item: Leftovers\n|upkeep\n|turn|18\n|\n|t:|1667921423\n|move|p2a: Magnificent|King's Shield|p2a: Magnificent\n|-singleturn|p2a: Magnificent|Protect\n|move|p1a: IM BACK TO WAR|Thousand Arrows|p2a: Magnificent\n|-activate|p2a: Magnificent|move: Protect\n|\n|-heal|p2a: Magnificent|65\/100|[from] item: Leftovers\n|upkeep\n|turn|19\n|\n|t:|1667921430\n|switch|p2a: Pretty Please|Giratina|77\/100\n|move|p1a: IM BACK TO WAR|V-create|p2a: Pretty Please\n|-resisted|p2a: Pretty Please\n|-damage|p2a: Pretty Please|51\/100\n|-unboost|p1a: IM BACK TO WAR|spe|1\n|-unboost|p1a: IM BACK TO WAR|def|1\n|-unboost|p1a: IM BACK TO WAR|spd|1\n|\n|upkeep\n|turn|20\n|\n|t:|1667921438\n|switch|p1a: IM BACK TO FLY|Xerneas, shiny|88\/100 par\n|-damage|p1a: IM BACK TO FLY|76\/100 par|[from] Stealth Rock\n|move|p2a: Pretty Please|Recover|p2a: Pretty Please\n|-heal|p2a: Pretty Please|100\/100\n|\n|upkeep\n|turn|21\n|\n|t:|1667921451\n|move|p2a: Pretty Please|Curse|p1a: IM BACK TO FLY\n|-start|p1a: IM BACK TO FLY|Curse|[of] p2a: Pretty Please\n|-damage|p2a: Pretty Please|51\/100\n|move|p1a: IM BACK TO FLY|Defog|p2a: Pretty Please\n|-unboost|p2a: Pretty Please|evasion|1\n|-sideend|p1: IMPERIUM OF MAN|Stealth Rock|[from] move: Defog|[of] p1a: IM BACK TO FLY\n|\n|-damage|p1a: IM BACK TO FLY|51\/100 par|[from] Curse\n|upkeep\n|turn|22\n|\n|t:|1667921460\n|switch|p1a: IM BACK TO SOAR|Giratina|100\/100\n|move|p2a: Pretty Please|Encore||[still]\n|-fail|p2a: Pretty Please\n|\n|upkeep\n|turn|23\n|\n|t:|1667921466\n|switch|p1a: IM BACK TO FLY|Xerneas, shiny|51\/100 par\n|move|p2a: Pretty Please|Recover|p2a: Pretty Please\n|-heal|p2a: Pretty Please|100\/100\n|\n|upkeep\n|turn|24\n|\n|t:|1667921472\n|move|p2a: Pretty Please|Glare|p1a: IM BACK TO FLY\n|-fail|p1a: IM BACK TO FLY|par\n|move|p1a: IM BACK TO FLY|Moonblast|p2a: Pretty Please\n|-supereffective|p2a: Pretty Please\n|-damage|p2a: Pretty Please|42\/100\n|\n|upkeep\n|turn|25\n|\n|t:|1667921479\n|switch|p2a: Magnificent|Xerneas|65\/100\n|move|p1a: IM BACK TO FLY|Searing Shot|p2a: Magnificent\n|-immune|p2a: Magnificent|[from] ability: Wonder Guard\n|\n|-heal|p2a: Magnificent|71\/100|[from] item: Leftovers\n|upkeep\n|turn|26\n|\n|t:|1667921489\n|switch|p1a: IM BACK TO SOAR|Giratina|100\/100\n|move|p2a: Magnificent|Moonblast|p1a: IM BACK TO SOAR\n|-supereffective|p1a: IM BACK TO SOAR\n|-damage|p1a: IM BACK TO SOAR|42\/100\n|\n|-heal|p2a: Magnificent|78\/100|[from] item: Leftovers\n|-heal|p1a: IM BACK TO SOAR|48\/100|[from] item: Leftovers\n|upkeep\n|turn|27\n|\n|t:|1667921498\n|move|p1a: IM BACK TO SOAR|Destiny Bond|p1a: IM BACK TO SOAR\n|-singlemove|p1a: IM BACK TO SOAR|Destiny Bond\n|move|p2a: Magnificent|Moonblast|p1a: IM BACK TO SOAR\n|-supereffective|p1a: IM BACK TO SOAR\n|-damage|p1a: IM BACK TO SOAR|0 fnt\n|faint|p1a: IM BACK TO SOAR\n|-activate|p1a: IM BACK TO SOAR|move: Destiny Bond\n|faint|p2a: Magnificent\n|\n|upkeep\n|\n|t:|1667921522\n|switch|p2a: American Boy|Mewtwo-Mega-X|100\/100\n|switch|p1a: IM BACK TO FLY|Xerneas, shiny|51\/100 par\n|turn|28\n|\n|t:|1667921530\n|switch|p2a: Pretty Please|Giratina|42\/100\n|move|p1a: IM BACK TO FLY|Searing Shot|p2a: Pretty Please\n|-resisted|p2a: Pretty Please\n|-damage|p2a: Pretty Please|32\/100\n|-status|p2a: Pretty Please|brn\n|\n|-damage|p2a: Pretty Please|20\/100 brn|[from] brn\n|upkeep\n|turn|29\n|\n|t:|1667921538\n|move|p2a: Pretty Please|Curse|p1a: IM BACK TO FLY\n|-start|p1a: IM BACK TO FLY|Curse|[of] p2a: Pretty Please\n|-damage|p2a: Pretty Please|0 fnt\n|faint|p2a: Pretty Please\n|move|p1a: IM BACK TO FLY|Moonblast|p2: Pretty Please|[notarget]\n|-fail|p1a: IM BACK TO FLY\n|\n|-damage|p1a: IM BACK TO FLY|26\/100 par|[from] Curse\n|upkeep\n|\n|t:|1667921549\n|switch|p2a: American Boy|Mewtwo-Mega-X|100\/100\n|turn|30\n|\n|t:|1667921560\n|switch|p2a: Come Over|Scizor-Mega, F|100\/100\n|move|p1a: IM BACK TO FLY|Searing Shot|p2a: Come Over\n|-supereffective|p2a: Come Over\n|-damage|p2a: Come Over|0 fnt\n|faint|p2a: Come Over\n|\n|-damage|p1a: IM BACK TO FLY|1\/100 par|[from] Curse\n|upkeep\n|\n|t:|1667921563\n|switch|p2a: American Boy|Mewtwo-Mega-X|100\/100\n|turn|31\n|\n|t:|1667921569\n|move|p2a: American Boy|Fusion Bolt|p1a: IM BACK TO FLY\n|-immune|p1a: IM BACK TO FLY|[from] ability: Wonder Guard\n|move|p1a: IM BACK TO FLY|Moonblast|p2a: American Boy\n|-supereffective|p2a: American Boy\n|-damage|p2a: American Boy|2\/100\n|\n|-damage|p1a: IM BACK TO FLY|0 fnt|[from] Curse\n|faint|p1a: IM BACK TO FLY\n|upkeep\n|\n|t:|1667921577\n|switch|p1a: IM BACK TO RISE|Deoxys-Attack|100\/100\n|-ability|p1a: IM BACK TO RISE|Mold Breaker\n|turn|32\n|\n|t:|1667921583\n|move|p1a: IM BACK TO RISE|Extreme Speed|p2a: American Boy\n|-damage|p2a: American Boy|0 fnt\n|faint|p2a: American Boy\n|\n|win|IMPERIUM OF MAN\n|raw|IMPERIUM OF MAN's rating: 1524 &rarr; <strong>1547<\/strong><br \/>(+23 for winning)\n|raw|MurderousMantyke's rating: 1582 &rarr; <strong>1559<\/strong><br \/>(-23 for losing)\n|c|\u2606MurderousMantyke|gg\n|l|\u2606MurderousMantyke\n|c|\u2606IMPERIUM OF MAN|GG\n||Ladder isn't responding, score probably updated but might not have (Request timeout).\n|l|\u2606IMPERIUM OF MAN\n","uploadtime":1667921650,"views":5,"p1id":"imperiumofman","p2id":"murderousmantyke","formatid":"gen6purehackmons","rating":1547,"private":0,"password":null}