{"id":"gen6ou-1650982828","p1":"Howtow1n","p2":"SkipTheDripBayless","format":"gen6ou","log":"|j|\u2606Howtow1n\n|j|\u2606SkipTheDripBayless\n|t:|1661776638\n|gametype|singles\n|player|p1|Howtow1n|266|1529\n|player|p2|SkipTheDripBayless|worker-gen4|1434\n|teamsize|p1|6\n|teamsize|p2|6\n|gen|6\n|tier|[Gen 6] OU\n|rated|\n|rule|Sleep Clause Mod: Limit one foe put to sleep\n|rule|Species Clause: Limit one of each Pok\u00e9mon\n|rule|OHKO Clause: OHKO moves are banned\n|rule|Moody Clause: Moody is banned\n|rule|Evasion Items Clause: Evasion items are banned\n|rule|Evasion Moves Clause: Evasion moves are banned\n|rule|Endless Battle Clause: Forcing endless battles is banned\n|rule|HP Percentage Mod: HP is shown in percentages\n|rule|Swagger Clause: Swagger is banned\n|clearpoke\n|poke|p1|Alakazam, M|item\n|poke|p1|Manaphy|item\n|poke|p1|Tornadus-Therian, M|item\n|poke|p1|Ferrothorn, M|item\n|poke|p1|Heatran, M|item\n|poke|p1|Gliscor, M|item\n|poke|p2|Machamp, M|item\n|poke|p2|Diancie|item\n|poke|p2|Ursaring, F|item\n|poke|p2|Celebi|item\n|poke|p2|Conkeldurr, F|item\n|poke|p2|Cresselia, F|item\n|teampreview\n|inactive|Battle timer is ON: inactive players will automatically lose when time's up. (requested by SkipTheDripBayless)\n|\n|t:|1661776666\n|start\n|switch|p1a: Heatran|Heatran, M|100\/100\n|switch|p2a: Diancie|Diancie|100\/100\n|turn|1\n|\n|t:|1661776694\n|move|p1a: Heatran|Taunt|p2a: Diancie\n|-start|p2a: Diancie|move: Taunt\n|cant|p2a: Diancie|move: Taunt|Trick Room\n|\n|-status|p2a: Diancie|tox|[from] item: Toxic Orb\n|upkeep\n|turn|2\n|\n|t:|1661776703\n|move|p1a: Heatran|Stealth Rock|p2a: Diancie\n|-sidestart|p2: SkipTheDripBayless|move: Stealth Rock\n|move|p2a: Diancie|Earth Power|p1a: Heatran\n|-supereffective|p1a: Heatran\n|-damage|p1a: Heatran|25\/100\n|\n|-heal|p1a: Heatran|31\/100|[from] item: Leftovers\n|-damage|p2a: Diancie|94\/100 tox|[from] psn\n|upkeep\n|turn|3\n|\n|t:|1661776710\n|switch|p1a: Gliscor|Gliscor, M|100\/100\n|move|p2a: Diancie|Diamond Storm|p1a: Gliscor\n|-damage|p1a: Gliscor|72\/100\n|\n|-damage|p2a: Diancie|82\/100 tox|[from] psn\n|-end|p2a: Diancie|move: Taunt\n|-status|p1a: Gliscor|tox|[from] item: Toxic Orb\n|upkeep\n|turn|4\n|\n|t:|1661776718\n|switch|p2a: Celebi|Celebi|100\/100\n|-damage|p2a: Celebi|88\/100|[from] Stealth Rock\n|move|p1a: Gliscor|Earthquake|p2a: Celebi\n|-resisted|p2a: Celebi\n|-damage|p2a: Celebi|78\/100\n|\n|-heal|p1a: Gliscor|85\/100 tox|[from] ability: Poison Heal\n|-status|p2a: Celebi|tox|[from] item: Toxic Orb\n|upkeep\n|turn|5\n|\n|t:|1661776740\n|move|p1a: Gliscor|Swords Dance|p1a: Gliscor\n|-boost|p1a: Gliscor|atk|2\n|move|p2a: Celebi|Trick Room|p2a: Celebi\n|-fieldstart|move: Trick Room|[of] p2a: Celebi\n|\n|-damage|p2a: Celebi|72\/100 tox|[from] psn\n|-heal|p1a: Gliscor|97\/100 tox|[from] ability: Poison Heal\n|upkeep\n|turn|6\n|\n|t:|1661776746\n|move|p2a: Celebi|Stealth Rock|p1a: Gliscor\n|-sidestart|p1: Howtow1n|move: Stealth Rock\n|move|p1a: Gliscor|Earthquake|p2a: Celebi\n|-resisted|p2a: Celebi\n|-damage|p2a: Celebi|51\/100 tox\n|\n|-damage|p2a: Celebi|39\/100 tox|[from] psn\n|-heal|p1a: Gliscor|100\/100 tox|[from] ability: Poison Heal\n|upkeep\n|turn|7\n|\n|t:|1661776762\n|move|p2a: Celebi|Healing Wish|p2a: Celebi\n|faint|p2a: Celebi\n|move|p1a: Gliscor|Swords Dance|p1a: Gliscor\n|-boost|p1a: Gliscor|atk|2\n|\n|upkeep\n|\n|t:|1661776777\n|switch|p2a: Conkeldurr|Conkeldurr, F|100\/100\n|-heal|p2a: Conkeldurr|100\/100|[from] move: Healing Wish\n|-damage|p2a: Conkeldurr|94\/100|[from] Stealth Rock\n|turn|8\n|\n|t:|1661776794\n|switch|p1a: Ferrothorn|Ferrothorn, M|100\/100\n|-damage|p1a: Ferrothorn|94\/100|[from] Stealth Rock\n|move|p2a: Conkeldurr|Hammer Arm|p1a: Ferrothorn\n|-supereffective|p1a: Ferrothorn\n|-damage|p1a: Ferrothorn|22\/100\n|-unboost|p2a: Conkeldurr|spe|1\n|-damage|p2a: Conkeldurr|82\/100|[from] ability: Iron Barbs|[of] p1a: Ferrothorn\n|\n|-heal|p1a: Ferrothorn|28\/100|[from] item: Leftovers\n|-status|p2a: Conkeldurr|tox|[from] item: Toxic Orb\n|upkeep\n|turn|9\n|\n|t:|1661776803\n|move|p2a: Conkeldurr|Hammer Arm|p1a: Ferrothorn\n|-supereffective|p1a: Ferrothorn\n|-damage|p1a: Ferrothorn|0 fnt\n|-unboost|p2a: Conkeldurr|spe|1\n|-damage|p2a: Conkeldurr|70\/100 tox|[from] ability: Iron Barbs|[of] p1a: Ferrothorn\n|faint|p1a: Ferrothorn\n|\n|-damage|p2a: Conkeldurr|64\/100 tox|[from] psn\n|-fieldend|move: Trick Room\n|upkeep\n|\n|t:|1661776818\n|switch|p1a: Alakazam|Alakazam, M|100\/100\n|turn|10\n|\n|t:|1661776827\n|switch|p1a: Heatran|Heatran, M|31\/100\n|-damage|p1a: Heatran|19\/100|[from] Stealth Rock\n|switch|p2a: Cresselia|Cresselia, F|100\/100\n|-damage|p2a: Cresselia|88\/100|[from] Stealth Rock\n|\n|-heal|p1a: Heatran|25\/100|[from] item: Leftovers\n|-status|p2a: Cresselia|tox|[from] item: Toxic Orb\n|upkeep\n|turn|11\n|\n|t:|1661776836\n|switch|p2a: Machamp|Machamp, M|100\/100\n|-damage|p2a: Machamp|94\/100|[from] Stealth Rock\n|move|p1a: Heatran|Taunt|p2a: Machamp\n|-start|p2a: Machamp|move: Taunt\n|\n|-heal|p1a: Heatran|31\/100|[from] item: Leftovers\n|-status|p2a: Machamp|tox|[from] item: Toxic Orb\n|upkeep\n|turn|12\n|\n|t:|1661776847\n|switch|p1a: Tornadus|Tornadus-Therian, M|100\/100\n|-damage|p1a: Tornadus|76\/100|[from] Stealth Rock\n|move|p2a: Machamp|Facade|p1a: Tornadus\n|-damage|p1a: Tornadus|0 fnt\n|faint|p1a: Tornadus\n|\n|-damage|p2a: Machamp|88\/100 tox|[from] psn\n|upkeep\n|\n|t:|1661776853\n|switch|p1a: Alakazam|Alakazam, M|100\/100\n|turn|13\n|\n|t:|1661776868\n|switch|p2a: Diancie|Diancie|82\/100 tox\n|-damage|p2a: Diancie|69\/100 tox|[from] Stealth Rock\n|detailschange|p1a: Alakazam|Alakazam-Mega, M\n|-mega|p1a: Alakazam|Alakazam|Alakazite\n|-ability|p1a: Alakazam|Clear Body|[from] ability: Trace|[of] p2a: Diancie\n|move|p1a: Alakazam|Psychic|p2a: Diancie\n|-damage|p2a: Diancie|24\/100 tox\n|\n|-damage|p2a: Diancie|17\/100 tox|[from] psn\n|upkeep\n|turn|14\n|\n|t:|1661776872\n|move|p1a: Alakazam|Shadow Ball|p2a: Diancie\n|-damage|p2a: Diancie|0 fnt\n|faint|p2a: Diancie\n|\n|upkeep\n|\n|t:|1661776880\n|switch|p2a: Cresselia|Cresselia, F|88\/100 tox\n|-damage|p2a: Cresselia|76\/100 tox|[from] Stealth Rock\n|turn|15\n|\n|t:|1661776885\n|switch|p1a: Manaphy|Manaphy|100\/100\n|-damage|p1a: Manaphy|88\/100|[from] Stealth Rock\n|move|p2a: Cresselia|Trick Room|p2a: Cresselia\n|-fieldstart|move: Trick Room|[of] p2a: Cresselia\n|\n|-heal|p1a: Manaphy|94\/100|[from] item: Leftovers\n|-damage|p2a: Cresselia|70\/100 tox|[from] psn\n|upkeep\n|turn|16\n|\n|t:|1661776890\n|switch|p2a: Machamp|Machamp, M|88\/100 tox\n|-damage|p2a: Machamp|82\/100 tox|[from] Stealth Rock\n|move|p1a: Manaphy|Tail Glow|p1a: Manaphy\n|-boost|p1a: Manaphy|spa|3\n|\n|-heal|p1a: Manaphy|100\/100|[from] item: Leftovers\n|-damage|p2a: Machamp|76\/100 tox|[from] psn\n|upkeep\n|turn|17\n|\n|t:|1661776896\n|move|p2a: Machamp|Close Combat|p1a: Manaphy\n|-damage|p1a: Manaphy|17\/100\n|-unboost|p2a: Machamp|def|1\n|-unboost|p2a: Machamp|spd|1\n|move|p1a: Manaphy|Surf|p2a: Machamp\n|-damage|p2a: Machamp|0 fnt\n|faint|p2a: Machamp\n|\n|-heal|p1a: Manaphy|23\/100|[from] item: Leftovers\n|upkeep\n|\n|t:|1661776903\n|switch|p2a: Ursaring|Ursaring, F|100\/100\n|-damage|p2a: Ursaring|88\/100|[from] Stealth Rock\n|turn|18\n|\n|t:|1661776909\n|switch|p1a: Gliscor|Gliscor, M|100\/100 tox\n|-damage|p1a: Gliscor|88\/100 tox|[from] Stealth Rock\n|move|p2a: Ursaring|Close Combat|p1a: Gliscor\n|-resisted|p1a: Gliscor\n|-damage|p1a: Gliscor|71\/100 tox\n|-unboost|p2a: Ursaring|def|1\n|-unboost|p2a: Ursaring|spd|1\n|\n|-heal|p1a: Gliscor|83\/100 tox|[from] ability: Poison Heal\n|-status|p2a: Ursaring|tox|[from] item: Toxic Orb\n|upkeep\n|turn|19\n|\n|t:|1661776918\n|switch|p1a: Heatran|Heatran, M|31\/100\n|-damage|p1a: Heatran|19\/100|[from] Stealth Rock\n|move|p2a: Ursaring|Facade|p1a: Heatran\n|-resisted|p1a: Heatran\n|-damage|p1a: Heatran|0 fnt\n|faint|p1a: Heatran\n|\n|-damage|p2a: Ursaring|82\/100 tox|[from] psn\n|-fieldend|move: Trick Room\n|upkeep\n|inactive|Howtow1n has 120 seconds left.\n|\n|t:|1661776963\n|switch|p1a: Manaphy|Manaphy|23\/100\n|-damage|p1a: Manaphy|10\/100|[from] Stealth Rock\n|turn|20\n|\n|t:|1661776969\n|move|p1a: Manaphy|Surf|p2a: Ursaring\n|-damage|p2a: Ursaring|8\/100 tox\n|move|p2a: Ursaring|Facade|p1a: Manaphy\n|-damage|p1a: Manaphy|0 fnt\n|faint|p1a: Manaphy\n|\n|-damage|p2a: Ursaring|0 fnt|[from] psn\n|faint|p2a: Ursaring\n|upkeep\n|inactive|Howtow1n has 120 seconds left.\n|\n|t:|1661776981\n|switch|p1a: Alakazam|Alakazam-Mega, M|100\/100\n|switch|p2a: Cresselia|Cresselia, F|70\/100 tox\n|-damage|p1a: Alakazam|88\/100|[from] Stealth Rock\n|-ability|p1a: Alakazam|Levitate|[from] ability: Trace|[of] p2a: Cresselia\n|-damage|p2a: Cresselia|57\/100 tox|[from] Stealth Rock\n|turn|21\n|inactive|Howtow1n has 120 seconds left.\n|\n|t:|1661777011\n|move|p1a: Alakazam|Hidden Power|p2a: Cresselia\n|-damage|p2a: Cresselia|44\/100 tox\n|move|p2a: Cresselia|Trick Room|p2a: Cresselia\n|-fieldstart|move: Trick Room|[of] p2a: Cresselia\n|\n|-damage|p2a: Cresselia|38\/100 tox|[from] psn\n|upkeep\n|turn|22\n|\n|t:|1661777027\n|move|p2a: Cresselia|Lunar Dance|p2a: Cresselia\n|faint|p2a: Cresselia\n|move|p1a: Alakazam|Hidden Power|p2: Cresselia|[notarget]\n|-fail|p1a: Alakazam\n|\n|upkeep\n|\n|t:|1661777030\n|switch|p2a: Conkeldurr|Conkeldurr, F|64\/100 tox\n|-heal|p2a: Conkeldurr|100\/100|[from] move: Lunar Dance\n|-damage|p2a: Conkeldurr|94\/100|[from] Stealth Rock\n|turn|23\n|\n|t:|1661777033\n|move|p2a: Conkeldurr|Knock Off|p1a: Alakazam\n|-supereffective|p1a: Alakazam\n|-damage|p1a: Alakazam|0 fnt\n|faint|p1a: Alakazam\n|\n|-status|p2a: Conkeldurr|tox|[from] item: Toxic Orb\n|upkeep\n|\n|t:|1661777037\n|switch|p1a: Gliscor|Gliscor, M|83\/100 tox\n|-damage|p1a: Gliscor|71\/100 tox|[from] Stealth Rock\n|turn|24\n|\n|t:|1661777039\n|move|p2a: Conkeldurr|Facade|p1a: Gliscor\n|-damage|p1a: Gliscor|14\/100 tox\n|move|p1a: Gliscor|Roost|p1a: Gliscor\n|-heal|p1a: Gliscor|64\/100 tox\n|-singleturn|p1a: Gliscor|move: Roost\n|\n|-damage|p2a: Conkeldurr|88\/100 tox|[from] psn\n|-heal|p1a: Gliscor|76\/100 tox|[from] ability: Poison Heal\n|upkeep\n|turn|25\n|\n|t:|1661777049\n|move|p2a: Conkeldurr|Facade|p1a: Gliscor\n|-damage|p1a: Gliscor|19\/100 tox\n|move|p1a: Gliscor|Roost|p1a: Gliscor\n|-heal|p1a: Gliscor|69\/100 tox\n|-singleturn|p1a: Gliscor|move: Roost\n|\n|-damage|p2a: Conkeldurr|76\/100 tox|[from] psn\n|-heal|p1a: Gliscor|81\/100 tox|[from] ability: Poison Heal\n|-fieldend|move: Trick Room\n|upkeep\n|turn|26\n|-message|SkipTheDripBayless forfeited.\n|\n|win|Howtow1n\n|raw|Howtow1n's rating: 1529 &rarr; <strong>1544<\/strong><br \/>(+15 for winning)\n|raw|SkipTheDripBayless's rating: 1434 &rarr; <strong>1419<\/strong><br \/>(-15 for losing)\n|l|\u2606SkipTheDripBayless\n||Ladder isn't responding, score probably updated but might not have (Request timeout).\n","uploadtime":1661777074,"views":18,"p1id":"howtow1n","p2id":"skipthedripbayless","formatid":"gen6ou","rating":1419,"private":0,"password":null}