{"id":"gen6ou-1695954325","p1":"BTLT6 Pepe","p2":"CLOYSTERDEEZNUTS","format":"gen6ou","log":"|raw|<div class=\"broadcast-blue\"><strong>This battle is required to be public due to a player having a name starting with 'btlt6'.<\/div>\n|j|\u2606BTLT6 Pepe\n|j|\u2606CLOYSTERDEEZNUTS\n|t:|1666847491\n|gametype|singles\n|player|p1|BTLT6 Pepe|#splxiiitigers|1470\n|player|p2|CLOYSTERDEEZNUTS|tuber-gen6|1586\n|teamsize|p1|6\n|teamsize|p2|6\n|gen|6\n|tier|[Gen 6] OU\n|rated|\n|rule|Sleep Clause Mod: Limit one foe put to sleep\n|rule|Species Clause: Limit one of each Pok\u00e9mon\n|rule|OHKO Clause: OHKO moves are banned\n|rule|Moody Clause: Moody is banned\n|rule|Evasion Items Clause: Evasion items are banned\n|rule|Evasion Moves Clause: Evasion moves are banned\n|rule|Endless Battle Clause: Forcing endless battles is banned\n|rule|HP Percentage Mod: HP is shown in percentages\n|rule|Swagger Clause: Swagger is banned\n|clearpoke\n|poke|p1|Landorus-Therian, M|item\n|poke|p1|Serperior, M|item\n|poke|p1|Starmie|item\n|poke|p1|Pinsir, F|item\n|poke|p1|Bisharp, M|item\n|poke|p1|Diggersby, F|item\n|poke|p2|Mew|item\n|poke|p2|Metagross|item\n|poke|p2|Weavile, M|item\n|poke|p2|Keldeo|item\n|poke|p2|Excadrill, M|item\n|poke|p2|Talonflame, F|item\n|teampreview\n|inactive|Battle timer is ON: inactive players will automatically lose when time's up. (requested by CLOYSTERDEEZNUTS)\n|j| strealet\u2744\n|\n|t:|1666847513\n|start\n|switch|p1a: Bisharp|Bisharp, M|100\/100\n|switch|p2a: Keldeo|Keldeo|100\/100\n|turn|1\n|\n|t:|1666847516\n|switch|p1a: Serperior|Serperior, M|100\/100\n|move|p2a: Keldeo|Scald|p1a: Serperior\n|-resisted|p1a: Serperior\n|-damage|p1a: Serperior|67\/100\n|\n|upkeep\n|turn|2\n|\n|t:|1666847520\n|move|p1a: Serperior|Glare|p2a: Keldeo\n|-status|p2a: Keldeo|par\n|move|p2a: Keldeo|Scald|p1a: Serperior\n|-resisted|p1a: Serperior\n|-damage|p1a: Serperior|36\/100\n|\n|upkeep\n|turn|3\n|\n|t:|1666847525\n|switch|p1a: Starmie|Starmie|100\/100\n|switch|p2a: Talonflame|Talonflame, F|100\/100\n|\n|upkeep\n|turn|4\n|\n|t:|1666847531\n|move|p2a: Talonflame|Brave Bird|p1a: Starmie\n|-damage|p1a: Starmie|0 fnt\n|faint|p1a: Starmie\n|-damage|p2a: Talonflame|72\/100|[from] Recoil\n|\n|upkeep\n|\n|t:|1666847536\n|switch|p1a: Landorus|Landorus-Therian, M|100\/100\n|-ability|p1a: Landorus|Intimidate|boost\n|-unboost|p2a: Talonflame|atk|1\n|turn|5\n|\n|t:|1666847539\n|switch|p2a: Excadrill|Excadrill, M|100\/100\n|-ability|p2a: Excadrill|Mold Breaker\n|move|p1a: Landorus|Stealth Rock|p2a: Excadrill\n|-sidestart|p2: CLOYSTERDEEZNUTS|move: Stealth Rock\n|\n|upkeep\n|turn|6\n|c| strealet\u2744|wtf\n|c| strealet\u2744|oneshoteao\n|\n|t:|1666847544\n|move|p1a: Landorus|Imprison|p1a: Landorus\n|-start|p1a: Landorus|move: Imprison\n|move|p2a: Excadrill|Rapid Spin|p1a: Landorus\n|-damage|p1a: Landorus|93\/100\n|-sideend|p2: CLOYSTERDEEZNUTS|Stealth Rock|[from] move: Rapid Spin|[of] p2a: Excadrill\n|\n|upkeep\n|turn|7\n|\n|t:|1666847547\n|move|p1a: Landorus|Earthquake|p2a: Excadrill\n|-supereffective|p2a: Excadrill\n|-enditem|p2a: Excadrill|Focus Sash\n|-damage|p2a: Excadrill|1\/100\n|move|p2a: Excadrill|Iron Head|p1a: Landorus\n|-damage|p1a: Landorus|47\/100\n|\n|upkeep\n|turn|8\n|c|\u2606BTLT6 Pepe|sep starmie es horrendo\n|\n|t:|1666847555\n|move|p1a: Landorus|Earthquake|p2a: Excadrill\n|-supereffective|p2a: Excadrill\n|-damage|p2a: Excadrill|0 fnt\n|faint|p2a: Excadrill\n|\n|upkeep\n|\n|t:|1666847558\n|switch|p2a: Weavile|Weavile, M|100\/100\n|-ability|p2a: Weavile|Pressure\n|turn|9\n|\n|t:|1666847563\n|switch|p1a: Serperior|Serperior, M|36\/100\n|move|p2a: Weavile|Knock Off|p1a: Serperior\n|-damage|p1a: Serperior|0 fnt\n|-enditem|p1a: Serperior|Light Clay|[from] move: Knock Off|[of] p2a: Weavile\n|faint|p1a: Serperior\n|-damage|p2a: Weavile|91\/100|[from] item: Life Orb\n|\n|upkeep\n|\n|t:|1666847572\n|switch|p1a: Pinsir|Pinsir, F|100\/100\n|turn|10\n|\n|t:|1666847577\n|switch|p2a: Mew|Mew|100\/100\n|move|p1a: Pinsir|Return|p2a: Mew\n|-damage|p2a: Mew|72\/100\n|\n|upkeep\n|turn|11\n|c|\u2606BTLT6 Pepe|q asco perdi de nuevo\n|\n|t:|1666847605\n|switch|p1a: Landorus|Landorus-Therian, M|47\/100\n|-ability|p1a: Landorus|Intimidate|boost\n|-unboost|p2a: Mew|atk|1\n|move|p2a: Mew|Thunder Wave|p1a: Landorus\n|-immune|p1a: Landorus\n|\n|upkeep\n|turn|12\n|\n|t:|1666847611\n|move|p2a: Mew|Taunt|p1a: Landorus\n|-start|p1a: Landorus|move: Taunt\n|move|p1a: Landorus|Earthquake|p2a: Mew\n|-damage|p2a: Mew|26\/100\n|\n|upkeep\n|turn|13\n|\n|t:|1666847616\n|move|p2a: Mew|Stealth Rock|p1a: Landorus\n|-sidestart|p1: BTLT6 Pepe|move: Stealth Rock\n|move|p1a: Landorus|Earthquake|p2a: Mew\n|-damage|p2a: Mew|0 fnt\n|faint|p2a: Mew\n|\n|upkeep\n|\n|t:|1666847620\n|switch|p2a: Weavile|Weavile, M|91\/100\n|-ability|p2a: Weavile|Pressure\n|turn|14\n|\n|t:|1666847622\n|move|p2a: Weavile|Knock Off|p1a: Landorus\n|-damage|p1a: Landorus|0 fnt\n|-enditem|p1a: Landorus|Focus Sash|[from] move: Knock Off|[of] p2a: Weavile\n|faint|p1a: Landorus\n|-damage|p2a: Weavile|81\/100|[from] item: Life Orb\n|\n|upkeep\n|\n|t:|1666847628\n|switch|p1a: Pinsir|Pinsir, F|100\/100\n|-damage|p1a: Pinsir|76\/100|[from] Stealth Rock\n|turn|15\n|\n|t:|1666847633\n|move|p2a: Weavile|Icicle Crash|p1a: Pinsir\n|-damage|p1a: Pinsir|12\/100\n|-damage|p2a: Weavile|71\/100|[from] item: Life Orb\n|cant|p1a: Pinsir|flinch\n|\n|upkeep\n|turn|16\n|-message|BTLT6 Pepe forfeited.\n|\n|win|CLOYSTERDEEZNUTS\n|raw|BTLT6 Pepe's rating: 1470 &rarr; <strong>1456<\/strong><br \/>(-14 for losing)\n|raw|CLOYSTERDEEZNUTS's rating: 1586 &rarr; <strong>1600<\/strong><br \/>(+14 for winning)\n|c| strealet\u2744|noo\n|l|\u2606BTLT6 Pepe\n","uploadtime":1666847641,"views":7,"p1id":"btlt6pepe","p2id":"cloysterdeeznuts","formatid":"gen6ou","rating":1456,"private":0,"password":null}