{"id":"gen6ou-1586881135","p1":"3d","p2":"SkipTheDripBayless","format":"gen6ou","log":"|j|\u26063d\n|j|\u2606SkipTheDripBayless\n|t:|1654060359\n|gametype|singles\n|player|p1|3d|erika|\n|player|p2|SkipTheDripBayless|pokekidf-gen8|\n|teamsize|p1|6\n|teamsize|p2|6\n|gen|6\n|tier|[Gen 6] OU\n|rule|Sleep Clause Mod: Limit one foe put to sleep\n|rule|Species Clause: Limit one of each Pok\u00e9mon\n|rule|OHKO Clause: OHKO moves are banned\n|rule|Moody Clause: Moody is banned\n|rule|Evasion Moves Clause: Evasion moves are banned\n|rule|Endless Battle Clause: Forcing endless battles is banned\n|rule|HP Percentage Mod: HP is shown in percentages\n|rule|Swagger Clause: Swagger is banned\n|clearpoke\n|poke|p1|Crawdaunt, F|item\n|poke|p1|Zapdos|item\n|poke|p1|Metagross|item\n|poke|p1|Garchomp, F|item\n|poke|p1|Magnezone|item\n|poke|p1|Amoonguss, F|item\n|poke|p2|Volcanion|item\n|poke|p2|Keldeo|item\n|poke|p2|Metagross|item\n|poke|p2|Landorus-Therian, M|item\n|poke|p2|Latios, M|item\n|poke|p2|Clefable, F|item\n|teampreview\n|\n|t:|1654060402\n|start\n|switch|p1a: Metagross|Metagross|100\/100\n|switch|p2a: Landorus|Landorus-Therian, M|100\/100\n|-ability|p2a: Landorus|Intimidate|boost\n|-fail|p1a: Metagross|unboost|[from] ability: Clear Body|[of] p1a: Metagross\n|turn|1\n|\n|t:|1654060410\n|switch|p1a: Garchomp|Garchomp, F|100\/100\n|switch|p2a: Volcanion|Volcanion|100\/100\n|\n|upkeep\n|turn|2\n|\n|t:|1654060419\n|move|p1a: Garchomp|Earthquake|p2a: Volcanion\n|-supereffective|p2a: Volcanion\n|-damage|p2a: Volcanion|45\/100\n|move|p2a: Volcanion|Toxic|p1a: Garchomp\n|-status|p1a: Garchomp|tox\n|\n|-heal|p2a: Volcanion|51\/100|[from] item: Leftovers\n|-damage|p1a: Garchomp|94\/100 tox|[from] psn\n|upkeep\n|turn|3\n|\n|t:|1654060426\n|switch|p2a: Clefable|Clefable, F|100\/100\n|move|p1a: Garchomp|Stealth Rock|p2a: Clefable\n|-sidestart|p2: SkipTheDripBayless|move: Stealth Rock\n|\n|-damage|p1a: Garchomp|82\/100 tox|[from] psn\n|upkeep\n|turn|4\n|\n|t:|1654060432\n|switch|p1a: Amoonguss|Amoonguss, F|100\/100\n|move|p2a: Clefable|Ice Beam|p1a: Amoonguss\n|-supereffective|p1a: Amoonguss\n|-damage|p1a: Amoonguss|69\/100\n|\n|-heal|p1a: Amoonguss|75\/100|[from] item: Black Sludge\n|upkeep\n|turn|5\n|\n|t:|1654060450\n|move|p2a: Clefable|Ice Beam|p1a: Amoonguss\n|-supereffective|p1a: Amoonguss\n|-damage|p1a: Amoonguss|41\/100\n|-status|p1a: Amoonguss|frz\n|cant|p1a: Amoonguss|frz\n|\n|-heal|p1a: Amoonguss|47\/100 frz|[from] item: Black Sludge\n|upkeep\n|turn|6\n|\n|t:|1654060460\n|switch|p2a: Landorus|Landorus-Therian, M|100\/100\n|-damage|p2a: Landorus|88\/100|[from] Stealth Rock\n|-ability|p2a: Landorus|Intimidate|boost\n|-unboost|p1a: Amoonguss|atk|1\n|cant|p1a: Amoonguss|frz\n|\n|-heal|p1a: Amoonguss|53\/100 frz|[from] item: Black Sludge\n|upkeep\n|turn|7\n|\n|t:|1654060467\n|move|p2a: Landorus|Stealth Rock|p1a: Amoonguss\n|-sidestart|p1: 3d|move: Stealth Rock\n|cant|p1a: Amoonguss|frz\n|\n|-heal|p1a: Amoonguss|59\/100 frz|[from] item: Black Sludge\n|upkeep\n|turn|8\n|\n|t:|1654060472\n|switch|p2a: Clefable|Clefable, F|100\/100\n|cant|p1a: Amoonguss|frz\n|\n|-heal|p1a: Amoonguss|65\/100 frz|[from] item: Black Sludge\n|upkeep\n|turn|9\n|\n|t:|1654060476\n|move|p2a: Clefable|Calm Mind|p2a: Clefable\n|-boost|p2a: Clefable|spa|1\n|-boost|p2a: Clefable|spd|1\n|-curestatus|p1a: Amoonguss|frz|[msg]\n|move|p1a: Amoonguss|Spore|p2a: Clefable\n|-status|p2a: Clefable|slp|[from] move: Spore\n|\n|-heal|p1a: Amoonguss|71\/100|[from] item: Black Sludge\n|upkeep\n|turn|10\n|\n|t:|1654060480\n|switch|p1a: Metagross|Metagross|100\/100\n|-damage|p1a: Metagross|95\/100|[from] Stealth Rock\n|cant|p2a: Clefable|slp\n|\n|upkeep\n|turn|11\n|\n|t:|1654060489\n|switch|p2a: Landorus|Landorus-Therian, M|88\/100\n|-damage|p2a: Landorus|76\/100|[from] Stealth Rock\n|-ability|p2a: Landorus|Intimidate|boost\n|-fail|p1a: Metagross|unboost|[from] ability: Clear Body|[of] p1a: Metagross\n|detailschange|p1a: Metagross|Metagross-Mega\n|-mega|p1a: Metagross|Metagross|Metagrossite\n|move|p1a: Metagross|Meteor Mash|p2a: Landorus\n|-damage|p2a: Landorus|31\/100\n|-boost|p1a: Metagross|atk|1\n|-damage|p1a: Metagross|78\/100|[from] item: Rocky Helmet|[of] p2a: Landorus\n|\n|upkeep\n|turn|12\n|\n|t:|1654060496\n|move|p1a: Metagross|Ice Punch|p2a: Landorus\n|-supereffective|p2a: Landorus\n|-damage|p2a: Landorus|0 fnt\n|-damage|p1a: Metagross|61\/100|[from] item: Rocky Helmet|[of] p2a: Landorus\n|faint|p2a: Landorus\n|\n|upkeep\n|\n|t:|1654060499\n|switch|p2a: Keldeo|Keldeo|100\/100\n|-damage|p2a: Keldeo|94\/100|[from] Stealth Rock\n|turn|13\n|\n|t:|1654060502\n|switch|p1a: Amoonguss|Amoonguss, F|100\/100\n|-damage|p1a: Amoonguss|88\/100|[from] Stealth Rock\n|move|p2a: Keldeo|Hydro Pump|p1a: Amoonguss\n|-resisted|p1a: Amoonguss\n|-crit|p1a: Amoonguss\n|-damage|p1a: Amoonguss|54\/100\n|\n|-heal|p1a: Amoonguss|60\/100|[from] item: Black Sludge\n|upkeep\n|turn|14\n|\n|t:|1654060508\n|switch|p2a: Latios|Latios, M|100\/100\n|-damage|p2a: Latios|88\/100|[from] Stealth Rock\n|switch|p1a: Magnezone|Magnezone|100\/100\n|-damage|p1a: Magnezone|94\/100|[from] Stealth Rock\n|\n|upkeep\n|turn|15\n|\n|t:|1654060514\n|move|p1a: Magnezone|Volt Switch|p2a: Latios\n|-resisted|p2a: Latios\n|-damage|p2a: Latios|69\/100\n|\n|t:|1654060516\n|switch|p1a: Crawdaunt|Crawdaunt, F|100\/100|[from]move: Volt Switch\n|-damage|p1a: Crawdaunt|88\/100|[from] Stealth Rock\n|move|p2a: Latios|Draco Meteor|p1a: Crawdaunt\n|-damage|p1a: Crawdaunt|0 fnt\n|-unboost|p2a: Latios|spa|2\n|faint|p1a: Crawdaunt\n|-damage|p2a: Latios|59\/100|[from] item: Life Orb\n|\n|upkeep\n|\n|t:|1654060517\n|switch|p1a: Metagross|Metagross-Mega|61\/100\n|-damage|p1a: Metagross|55\/100|[from] Stealth Rock\n|turn|16\n|\n|t:|1654060522\n|-activate|p2a: Latios|move: Pursuit\n|move|p1a: Metagross|Pursuit|p2a: Latios|[from]Pursuit\n|-supereffective|p2a: Latios\n|-damage|p2a: Latios|0 fnt\n|faint|p2a: Latios\n|-hint|A Pokemon can't switch between when it runs out of HP and when it faints\n|\n|upkeep\n|j| Kart Blanche\n|\n|t:|1654060529\n|switch|p2a: Keldeo|Keldeo|94\/100\n|-damage|p2a: Keldeo|88\/100|[from] Stealth Rock\n|turn|17\n|c|\u26063d|Kart Blanche\n|c|\u26063d|i used to fuck\n|c|\u26063d|so many people up\n|c|\u26063d|with that\n|c| Kart Blanche|pursuit mmeta was good but idk what it does on ur team\n|c|\u26063d|idk either\n|c| Kart Blanche|now latias is gone for uh\n|c| Kart Blanche|crawdaunt\n|c|\u26063d|its not lucas team\n|c|\u26063d|i mean\n|c|\u26063d|its not my team\n|c|\u26063d|its lucas\n|c| Kart Blanche|ah\n|c|\u26063d|but i had a team like this\n|c|\u26063d|with mmeta pursuit\n|c|\u26063d|+ crawdaunt\n|c| Kart Blanche|just put keldeo over daunt\n|c| Kart Blanche|and it seems better to me\n|c|\u26063d|maybe\n|c|\u26063d|but daunt forces\n|c|\u26063d|latios\n|c|\u26063d|to draco\n|c|\u26063d|zapdos just 6-0s him now\n|c| Kart Blanche|so does chomp\n|c|\u26063d|zapdos + mmeta\n|\n|t:|1654060603\n|switch|p1a: Amoonguss|Amoonguss, F|93\/100\n|-damage|p1a: Amoonguss|81\/100|[from] Stealth Rock\n|move|p2a: Keldeo|Scald|p1a: Amoonguss\n|-resisted|p1a: Amoonguss\n|-damage|p1a: Amoonguss|63\/100\n|-status|p1a: Amoonguss|brn\n|\n|-heal|p1a: Amoonguss|69\/100 brn|[from] item: Black Sludge\n|-damage|p1a: Amoonguss|57\/100 brn|[from] brn\n|upkeep\n|turn|18\n|c| Kart Blanche|oh ig thats true zapdaddy\n|c| Kart Blanche|likes latios gone\n|\n|t:|1654060611\n|switch|p2a: Volcanion|Volcanion|51\/100\n|-damage|p2a: Volcanion|26\/100|[from] Stealth Rock\n|move|p1a: Amoonguss|Stun Spore|p2a: Volcanion\n|-status|p2a: Volcanion|par\n|\n|-heal|p1a: Amoonguss|63\/100 brn|[from] item: Black Sludge\n|-heal|p2a: Volcanion|32\/100 par|[from] item: Leftovers\n|-damage|p1a: Amoonguss|51\/100 brn|[from] brn\n|upkeep\n|turn|19\n|\n|t:|1654060619\n|switch|p1a: Garchomp|Garchomp, F|82\/100 tox\n|-damage|p1a: Garchomp|76\/100 tox|[from] Stealth Rock\n|move|p2a: Volcanion|Scald|p1a: Garchomp\n|-damage|p1a: Garchomp|42\/100 tox\n|\n|-heal|p2a: Volcanion|38\/100 par|[from] item: Leftovers\n|-damage|p1a: Garchomp|36\/100 tox|[from] psn\n|upkeep\n|turn|20\n|\n|t:|1654060629\n|switch|p2a: Clefable|Clefable, F|100\/100 slp\n|move|p1a: Garchomp|Earthquake|p2a: Clefable\n|-damage|p2a: Clefable|64\/100 slp\n|\n|-heal|p2a: Clefable|70\/100 slp|[from] item: Leftovers\n|-damage|p1a: Garchomp|23\/100 tox|[from] psn\n|upkeep\n|turn|21\n|\n|t:|1654060634\n|switch|p1a: Metagross|Metagross-Mega|55\/100\n|-damage|p1a: Metagross|49\/100|[from] Stealth Rock\n|-curestatus|p2a: Clefable|slp|[msg]\n|move|p2a: Clefable|Ice Beam|p1a: Metagross\n|-resisted|p1a: Metagross\n|-damage|p1a: Metagross|39\/100\n|\n|-heal|p2a: Clefable|76\/100|[from] item: Leftovers\n|upkeep\n|turn|22\n|l|\u2606SkipTheDripBayless\n|player|p2|\n|inactive|Battle timer is ON: inactive players will automatically lose when time's up. (requested by 3d)\n|inactiveoff|Battle timer is now OFF.\n|j|\u2606SkipTheDripBayless\n|player|p2|SkipTheDripBayless|pokekidf-gen8\n|\n|t:|1654060729\n|switch|p2a: Volcanion|Volcanion|38\/100 par\n|-damage|p2a: Volcanion|14\/100 par|[from] Stealth Rock\n|move|p1a: Metagross|Meteor Mash|p2a: Volcanion\n|-resisted|p2a: Volcanion\n|-damage|p2a: Volcanion|3\/100 par\n|\n|-heal|p2a: Volcanion|9\/100 par|[from] item: Leftovers\n|upkeep\n|turn|23\n|\n|t:|1654060746\n|move|p1a: Metagross|Earthquake|p2a: Volcanion\n|-supereffective|p2a: Volcanion\n|-damage|p2a: Volcanion|0 fnt\n|faint|p2a: Volcanion\n|\n|upkeep\n|\n|t:|1654060750\n|switch|p2a: Keldeo|Keldeo|88\/100\n|-damage|p2a: Keldeo|82\/100|[from] Stealth Rock\n|turn|24\n|\n|t:|1654060760\n|switch|p2a: Metagross|Metagross|100\/100\n|-damage|p2a: Metagross|95\/100|[from] Stealth Rock\n|switch|p1a: Amoonguss|Amoonguss, F|84\/100 brn\n|-damage|p1a: Amoonguss|72\/100 brn|[from] Stealth Rock\n|\n|-heal|p1a: Amoonguss|78\/100 brn|[from] item: Black Sludge\n|-damage|p1a: Amoonguss|65\/100 brn|[from] brn\n|upkeep\n|turn|25\n|\n|t:|1654060771\n|switch|p1a: Garchomp|Garchomp, F|23\/100 tox\n|-damage|p1a: Garchomp|17\/100 tox|[from] Stealth Rock\n|detailschange|p2a: Metagross|Metagross-Mega\n|-mega|p2a: Metagross|Metagross|Metagrossite\n|move|p2a: Metagross|Zen Headbutt|p1a: Garchomp\n|-damage|p1a: Garchomp|0 fnt\n|-damage|p2a: Metagross|82\/100|[from] ability: Rough Skin|[of] p1a: Garchomp\n|-damage|p2a: Metagross|66\/100|[from] item: Rocky Helmet|[of] p1a: Garchomp\n|faint|p1a: Garchomp\n|\n|upkeep\n|\n|t:|1654060774\n|switch|p1a: Magnezone|Magnezone|94\/100\n|-damage|p1a: Magnezone|88\/100|[from] Stealth Rock\n|turn|26\n|\n|t:|1654060782\n|move|p1a: Magnezone|Volt Switch|p2a: Metagross\n|-crit|p2a: Metagross\n|-damage|p2a: Metagross|12\/100\n|\n|t:|1654060783\n|switch|p1a: Zapdos|Zapdos|100\/100|[from]move: Volt Switch\n|-damage|p1a: Zapdos|75\/100|[from] Stealth Rock\n|-ability|p1a: Zapdos|Pressure\n|move|p2a: Metagross|Zen Headbutt|p1a: Zapdos\n|-damage|p1a: Zapdos|28\/100\n|\n|-heal|p1a: Zapdos|34\/100|[from] item: Leftovers\n|upkeep\n|turn|27\n|\n|t:|1654060794\n|switch|p2a: Clefable|Clefable, F|76\/100\n|move|p1a: Zapdos|Roost|p1a: Zapdos\n|-heal|p1a: Zapdos|84\/100\n|-singleturn|p1a: Zapdos|move: Roost\n|\n|-heal|p1a: Zapdos|90\/100|[from] item: Leftovers\n|-heal|p2a: Clefable|82\/100|[from] item: Leftovers\n|upkeep\n|turn|28\n|\n|t:|1654060803\n|move|p1a: Zapdos|Volt Switch|p2a: Clefable\n|-damage|p2a: Clefable|58\/100\n|\n|t:|1654060808\n|switch|p1a: Amoonguss|Amoonguss, F|99\/100 brn|[from]move: Volt Switch\n|-damage|p1a: Amoonguss|86\/100 brn|[from] Stealth Rock\n|move|p2a: Clefable|Calm Mind|p2a: Clefable\n|-boost|p2a: Clefable|spa|1\n|-boost|p2a: Clefable|spd|1\n|\n|-heal|p2a: Clefable|64\/100|[from] item: Leftovers\n|-heal|p1a: Amoonguss|92\/100 brn|[from] item: Black Sludge\n|-damage|p1a: Amoonguss|80\/100 brn|[from] brn\n|upkeep\n|turn|29\n|\n|t:|1654060812\n|move|p2a: Clefable|Ice Beam|p1a: Amoonguss\n|-supereffective|p1a: Amoonguss\n|-damage|p1a: Amoonguss|30\/100 brn\n|move|p1a: Amoonguss|Spore|p2a: Clefable\n|-status|p2a: Clefable|slp|[from] move: Spore\n|\n|-heal|p2a: Clefable|70\/100 slp|[from] item: Leftovers\n|-heal|p1a: Amoonguss|36\/100 brn|[from] item: Black Sludge\n|-damage|p1a: Amoonguss|24\/100 brn|[from] brn\n|upkeep\n|turn|30\n|\n|t:|1654060818\n|switch|p2a: Metagross|Metagross-Mega|12\/100\n|-damage|p2a: Metagross|6\/100|[from] Stealth Rock\n|switch|p1a: Metagross|Metagross-Mega|39\/100\n|-damage|p1a: Metagross|33\/100|[from] Stealth Rock\n|\n|upkeep\n|turn|31\n|\n|t:|1654060823\n|-activate|p1a: Metagross|move: Pursuit\n|move|p2a: Metagross|Pursuit|p1a: Metagross|[from]Pursuit\n|-supereffective|p1a: Metagross\n|-damage|p1a: Metagross|0 fnt\n|faint|p1a: Metagross\n|-hint|A Pokemon can't switch between when it runs out of HP and when it faints\n|\n|upkeep\n|\n|t:|1654060830\n|switch|p1a: Magnezone|Magnezone|88\/100\n|-damage|p1a: Magnezone|82\/100|[from] Stealth Rock\n|turn|32\n|\n|t:|1654060833\n|move|p1a: Magnezone|Thunderbolt|p2a: Metagross\n|-damage|p2a: Metagross|0 fnt\n|faint|p2a: Metagross\n|\n|upkeep\n|\n|t:|1654060838\n|switch|p2a: Keldeo|Keldeo|82\/100\n|-damage|p2a: Keldeo|76\/100|[from] Stealth Rock\n|turn|33\n|\n|t:|1654060841\n|switch|p1a: Amoonguss|Amoonguss, F|57\/100 brn\n|-damage|p1a: Amoonguss|45\/100 brn|[from] Stealth Rock\n|move|p2a: Keldeo|Secret Sword|p1a: Amoonguss\n|-resisted|p1a: Amoonguss\n|-damage|p1a: Amoonguss|28\/100 brn\n|\n|-heal|p1a: Amoonguss|34\/100 brn|[from] item: Black Sludge\n|-damage|p1a: Amoonguss|22\/100 brn|[from] brn\n|upkeep\n|turn|34\n|\n|t:|1654060847\n|switch|p2a: Clefable|Clefable, F|70\/100 slp\n|move|p1a: Amoonguss|Giga Drain|p2a: Clefable\n|-damage|p2a: Clefable|49\/100 slp\n|-heal|p1a: Amoonguss|31\/100 brn|[from] drain|[of] p2a: Clefable\n|\n|-heal|p2a: Clefable|55\/100 slp|[from] item: Leftovers\n|-heal|p1a: Amoonguss|37\/100 brn|[from] item: Black Sludge\n|-damage|p1a: Amoonguss|25\/100 brn|[from] brn\n|upkeep\n|turn|35\n|\n|t:|1654060853\n|switch|p1a: Magnezone|Magnezone|82\/100\n|-damage|p1a: Magnezone|76\/100|[from] Stealth Rock\n|cant|p2a: Clefable|slp\n|\n|-heal|p2a: Clefable|61\/100 slp|[from] item: Leftovers\n|upkeep\n|turn|36\n|\n|t:|1654060856\n|move|p1a: Magnezone|Thunderbolt|p2a: Clefable\n|-damage|p2a: Clefable|18\/100 slp\n|cant|p2a: Clefable|slp\n|\n|-heal|p2a: Clefable|24\/100 slp|[from] item: Leftovers\n|upkeep\n|turn|37\n|\n|t:|1654060863\n|move|p1a: Magnezone|Thunderbolt|p2a: Clefable\n|-damage|p2a: Clefable|0 fnt\n|faint|p2a: Clefable\n|\n|upkeep\n|\n|t:|1654060866\n|switch|p2a: Keldeo|Keldeo|76\/100\n|-damage|p2a: Keldeo|70\/100|[from] Stealth Rock\n|turn|38\n|\n|t:|1654060871\n|move|p2a: Keldeo|Hydro Pump|p1a: Magnezone\n|-damage|p1a: Magnezone|7\/100\n|move|p1a: Magnezone|Thunderbolt|p2a: Keldeo\n|-supereffective|p2a: Keldeo\n|-damage|p2a: Keldeo|0 fnt\n|faint|p2a: Keldeo\n|\n|win|3d\n|l| Kart Blanche\n","uploadtime":1654060886,"views":37,"p1id":"3d","p2id":"skipthedripbayless","formatid":"gen6ou","rating":0,"private":0,"password":null}