{"id":"gen6ou-1631361819","p1":"alvar03","p2":"pokemonfichl","format":"gen6ou","log":"|j|\u2606alvar03\n|j|\u2606pokemonfichl\n|t:|1659535659\n|gametype|singles\n|player|p1|alvar03|alder|1399\n|player|p2|pokemonfichl|2|1296\n|teamsize|p1|6\n|teamsize|p2|6\n|gen|6\n|tier|[Gen 6] OU\n|rated|\n|rule|Sleep Clause Mod: Limit one foe put to sleep\n|rule|Species Clause: Limit one of each Pok\u00e9mon\n|rule|OHKO Clause: OHKO moves are banned\n|rule|Moody Clause: Moody is banned\n|rule|Evasion Moves Clause: Evasion moves are banned\n|rule|Endless Battle Clause: Forcing endless battles is banned\n|rule|HP Percentage Mod: HP is shown in percentages\n|rule|Swagger Clause: Swagger is banned\n|clearpoke\n|poke|p1|Latias, F|item\n|poke|p1|Metagross|item\n|poke|p1|Tornadus-Therian, M|item\n|poke|p1|Excadrill, F|item\n|poke|p1|Keldeo|item\n|poke|p1|Clefable, F|item\n|poke|p2|Swellow, M|item\n|poke|p2|Rotom-Wash|item\n|poke|p2|Nidoqueen, F|item\n|poke|p2|Weavile, F|item\n|poke|p2|Hitmontop, M|item\n|poke|p2|Quagsire, M|item\n|teampreview\n|inactive|Battle timer is ON: inactive players will automatically lose when time's up. (requested by pokemonfichl)\n|\n|t:|1659535671\n|start\n|switch|p1a: Latias|Latias, F|100\/100\n|switch|p2a: Nidoqueen|Nidoqueen, F|100\/100\n|turn|1\n|\n|t:|1659535677\n|switch|p2a: Weavile|Weavile, F|100\/100\n|-ability|p2a: Weavile|Pressure\n|move|p1a: Latias|Psyshock|p2a: Weavile\n|-immune|p2a: Weavile\n|\n|upkeep\n|turn|2\n|\n|t:|1659535681\n|move|p2a: Weavile|Knock Off|p1a: Latias\n|-supereffective|p1a: Latias\n|-enditem|p1a: Latias|Colbur Berry|[eat]\n|-enditem|p1a: Latias|Colbur Berry|[weaken]\n|-damage|p1a: Latias|28\/100\n|move|p1a: Latias|Draco Meteor|p2a: Weavile\n|-damage|p2a: Weavile|14\/100\n|-unboost|p1a: Latias|spa|2\n|\n|upkeep\n|turn|3\n|\n|t:|1659535688\n|switch|p1a: Clefable|Clefable, F|100\/100\n|move|p2a: Weavile|Knock Off|p1a: Clefable\n|-resisted|p1a: Clefable\n|-damage|p1a: Clefable|79\/100\n|-enditem|p1a: Clefable|Leftovers|[from] move: Knock Off|[of] p2a: Weavile\n|\n|upkeep\n|turn|4\n|\n|t:|1659535695\n|switch|p2a: Nidoqueen|Nidoqueen, F|100\/100\n|switch|p1a: Latias|Latias, F|28\/100\n|\n|upkeep\n|turn|5\n|\n|t:|1659535701\n|move|p1a: Latias|Draco Meteor|p2a: Nidoqueen\n|-damage|p2a: Nidoqueen|23\/100\n|-unboost|p1a: Latias|spa|2\n|move|p2a: Nidoqueen|Ice Beam|p1a: Latias\n|-supereffective|p1a: Latias\n|-damage|p1a: Latias|0 fnt\n|faint|p1a: Latias\n|\n|upkeep\n|\n|t:|1659535710\n|switch|p1a: Keldeo|Keldeo|100\/100\n|turn|6\n|\n|t:|1659535713\n|switch|p2a: Rotom|Rotom-Wash|100\/100\n|move|p1a: Keldeo|Scald|p2a: Rotom\n|-resisted|p2a: Rotom\n|-damage|p2a: Rotom|62\/100\n|\n|upkeep\n|turn|7\n|\n|t:|1659535718\n|switch|p1a: Clefable|Clefable, F|79\/100\n|move|p2a: Rotom|Volt Switch|p1a: Clefable\n|-damage|p1a: Clefable|51\/100\n|\n|t:|1659535726\n|switch|p2a: Swellow|Swellow, M|100\/100|[from]move: Volt Switch\n|\n|-status|p2a: Swellow|brn|[from] item: Flame Orb\n|upkeep\n|turn|8\n|\n|t:|1659535732\n|switch|p1a: Excadrill|Excadrill, F|100\/100\n|-ability|p1a: Excadrill|Mold Breaker\n|move|p2a: Swellow|Facade|p1a: Excadrill\n|-resisted|p1a: Excadrill\n|-damage|p1a: Excadrill|47\/100\n|\n|-damage|p2a: Swellow|88\/100 brn|[from] brn\n|upkeep\n|turn|9\n|\n|t:|1659535738\n|move|p1a: Excadrill|Rock Slide|p2a: Swellow|[miss]\n|-miss|p1a: Excadrill|p2a: Swellow\n|move|p2a: Swellow|Facade|p1a: Excadrill\n|-resisted|p1a: Excadrill\n|-damage|p1a: Excadrill|0 fnt\n|faint|p1a: Excadrill\n|\n|-damage|p2a: Swellow|76\/100 brn|[from] brn\n|upkeep\n|\n|t:|1659535743\n|switch|p1a: Metagross|Metagross|100\/100\n|turn|10\n|\n|t:|1659535746\n|detailschange|p1a: Metagross|Metagross-Mega\n|-mega|p1a: Metagross|Metagross|Metagrossite\n|move|p2a: Swellow|U-turn|p1a: Metagross\n|-damage|p1a: Metagross|77\/100\n|\n|t:|1659535750\n|switch|p2a: Quagsire|Quagsire, M|100\/100|[from]move: U-turn\n|move|p1a: Metagross|Zen Headbutt|p2a: Quagsire|[miss]\n|-miss|p1a: Metagross|p2a: Quagsire\n|\n|upkeep\n|turn|11\n|\n|t:|1659535755\n|switch|p1a: Clefable|Clefable, F|51\/100\n|move|p2a: Quagsire|Toxic|p1a: Clefable\n|-status|p1a: Clefable|tox\n|\n|upkeep\n|turn|12\n|\n|t:|1659535760\n|switch|p2a: Swellow|Swellow, M|76\/100 brn\n|move|p1a: Clefable|Stealth Rock|p2a: Swellow\n|-sidestart|p2: pokemonfichl|move: Stealth Rock\n|\n|-damage|p2a: Swellow|64\/100 brn|[from] brn\n|upkeep\n|turn|13\n|\n|t:|1659535766\n|switch|p1a: Metagross|Metagross-Mega|77\/100\n|move|p2a: Swellow|U-turn|p1a: Metagross\n|-damage|p1a: Metagross|56\/100\n|\n|t:|1659535769\n|switch|p2a: Hitmontop|Hitmontop, M|100\/100|[from]move: U-turn\n|-damage|p2a: Hitmontop|94\/100|[from] Stealth Rock\n|-ability|p2a: Hitmontop|Intimidate|boost\n|-unboost|p1a: Metagross|atk|1\n|\n|upkeep\n|turn|14\n|\n|t:|1659535772\n|move|p1a: Metagross|Zen Headbutt|p2a: Hitmontop\n|-supereffective|p2a: Hitmontop\n|-damage|p2a: Hitmontop|13\/100\n|move|p2a: Hitmontop|Rapid Spin|p1a: Metagross\n|-resisted|p1a: Metagross\n|-damage|p1a: Metagross|54\/100\n|-sideend|p2: pokemonfichl|Stealth Rock|[from] move: Rapid Spin|[of] p2a: Hitmontop\n|\n|upkeep\n|turn|15\n|\n|t:|1659535777\n|-activate|p1a: Metagross|move: Pursuit\n|move|p2a: Hitmontop|Pursuit|p1a: Metagross|[from]Pursuit\n|-supereffective|p1a: Metagross\n|-crit|p1a: Metagross\n|-damage|p1a: Metagross|8\/100\n|switch|p1a: Clefable|Clefable, F|51\/100 tox\n|\n|upkeep\n|turn|16\n|c|\u2606alvar03|dude\n|c|\u2606alvar03|u get everything\n|\n|t:|1659535788\n|move|p2a: Hitmontop|Endeavor|p1a: Clefable\n|-damage|p1a: Clefable|10\/100 tox\n|move|p1a: Clefable|Stealth Rock|p2a: Hitmontop\n|-sidestart|p2: pokemonfichl|move: Stealth Rock\n|\n|upkeep\n|turn|17\n|\n|t:|1659535792\n|move|p2a: Hitmontop|Rapid Spin|p1a: Clefable\n|-damage|p1a: Clefable|6\/100 tox\n|-sideend|p2: pokemonfichl|Stealth Rock|[from] move: Rapid Spin|[of] p2a: Hitmontop\n|move|p1a: Clefable|Soft-Boiled|p1a: Clefable\n|-heal|p1a: Clefable|56\/100 tox\n|\n|upkeep\n|turn|18\n|\n|t:|1659535795\n|move|p2a: Hitmontop|Endeavor|p1a: Clefable\n|-damage|p1a: Clefable|10\/100 tox\n|move|p1a: Clefable|Stealth Rock|p2a: Hitmontop\n|-sidestart|p2: pokemonfichl|move: Stealth Rock\n|\n|upkeep\n|turn|19\n|\n|t:|1659535798\n|move|p2a: Hitmontop|Close Combat|p1a: Clefable\n|-resisted|p1a: Clefable\n|-damage|p1a: Clefable|0 fnt\n|-unboost|p2a: Hitmontop|def|1\n|-unboost|p2a: Hitmontop|spd|1\n|faint|p1a: Clefable\n|\n|upkeep\n|\n|t:|1659535804\n|switch|p1a: Tornadus|Tornadus-Therian, M|100\/100\n|turn|20\n|\n|t:|1659535809\n|move|p1a: Tornadus|Knock Off|p2a: Hitmontop\n|-resisted|p2a: Hitmontop\n|-damage|p2a: Hitmontop|0 fnt\n|-enditem|p2a: Hitmontop|Assault Vest|[from] move: Knock Off|[of] p1a: Tornadus\n|faint|p2a: Hitmontop\n|-damage|p1a: Tornadus|91\/100|[from] item: Life Orb\n|\n|upkeep\n|\n|t:|1659535815\n|switch|p2a: Rotom|Rotom-Wash|62\/100\n|-damage|p2a: Rotom|49\/100|[from] Stealth Rock\n|turn|21\n|\n|t:|1659535818\n|move|p2a: Rotom|Volt Switch|p1a: Tornadus\n|-supereffective|p1a: Tornadus\n|-damage|p1a: Tornadus|0 fnt\n|faint|p1a: Tornadus\n|\n|t:|1659535824\n|switch|p2a: Swellow|Swellow, M|64\/100 brn|[from]move: Volt Switch\n|-damage|p2a: Swellow|39\/100 brn|[from] Stealth Rock\n|\n|-damage|p2a: Swellow|27\/100 brn|[from] brn\n|upkeep\n|\n|t:|1659535828\n|switch|p1a: Metagross|Metagross-Mega|8\/100\n|turn|22\n|\n|t:|1659535830\n|switch|p2a: Quagsire|Quagsire, M|100\/100\n|-damage|p2a: Quagsire|94\/100|[from] Stealth Rock\n|move|p1a: Metagross|Bullet Punch|p2a: Quagsire\n|-resisted|p2a: Quagsire\n|-damage|p2a: Quagsire|83\/100\n|-damage|p1a: Metagross|0 fnt|[from] item: Rocky Helmet|[of] p2a: Quagsire\n|faint|p1a: Metagross\n|\n|upkeep\n|\n|t:|1659535833\n|switch|p1a: Keldeo|Keldeo|100\/100\n|turn|23\n|\n|t:|1659535839\n|move|p1a: Keldeo|Scald|p2a: Quagsire\n|-damage|p2a: Quagsire|7\/100\n|-status|p2a: Quagsire|brn\n|move|p2a: Quagsire|Toxic|p1a: Keldeo\n|-status|p1a: Keldeo|tox\n|\n|-damage|p1a: Keldeo|94\/100 tox|[from] psn\n|-damage|p2a: Quagsire|0 fnt|[from] brn\n|faint|p2a: Quagsire\n|upkeep\n|\n|t:|1659535846\n|switch|p2a: Swellow|Swellow, M|27\/100 brn\n|-damage|p2a: Swellow|2\/100 brn|[from] Stealth Rock\n|turn|24\n|\n|t:|1659535854\n|move|p2a: Swellow|Brave Bird|p1a: Keldeo\n|-supereffective|p1a: Keldeo\n|-damage|p1a: Keldeo|0 fnt\n|faint|p1a: Keldeo\n|-damage|p2a: Swellow|0 fnt|[from] Recoil\n|faint|p2a: Swellow\n|\n|win|pokemonfichl\n|raw|alvar03's rating: 1399 &rarr; <strong>1373<\/strong><br \/>(-26 for losing)\n|raw|pokemonfichl's rating: 1296 &rarr; <strong>1328<\/strong><br \/>(+32 for winning)\n|l|\u2606alvar03\n||Ladder isn't responding, score probably updated but might not have (Request timeout).\n","uploadtime":1659535866,"views":13,"p1id":"alvar03","p2id":"pokemonfichl","formatid":"gen6ou","rating":1328,"private":0,"password":null}