{"id":"gen6battlefactory-1195951029","p1":"piaa","p2":"Lunar Neo","format":"gen6battlefactory","log":"|j|\u2606piaa\n|j|\u2606Lunar Neo\n|inactive|Battle timer is ON: inactive players will automatically lose when time's up.\n|t:|1601519700\n|player|p1|piaa|evelyn|\n|player|p2|Lunar Neo|grimsley|\n|teamsize|p1|6\n|teamsize|p2|6\n|gametype|singles\n|gen|6\n|tier|[Gen 6] Battle Factory\n|rated|Tournament battle\n|rule|Sleep Clause Mod: Limit one foe put to sleep\n|clearpoke\n|poke|p1|Keldeo|item\n|poke|p1|Togekiss, F|item\n|poke|p1|Scizor, F|item\n|poke|p1|Heatran, M|item\n|poke|p1|Latios, M|item\n|poke|p1|Volcarona, F|item\n|poke|p2|Thundurus, M|item\n|poke|p2|Chansey, F|item\n|poke|p2|Gyarados, M|item\n|poke|p2|Scizor, F|item\n|poke|p2|Crawdaunt, M|item\n|poke|p2|Excadrill, F|item\n|rule|HP Percentage Mod: HP is shown in percentages\n|rule|Mega Rayquaza Clause: You cannot mega evolve Rayquaza\n|teampreview\n|inactive|Lunar Neo also wants the timer to be on.\n|c|\u2606piaa|glhf\n|j| ToxicSpixes 3.0\n|j|+Let's go shuckles\n|c| ToxicSpixes 3.0|glhf\n|inactive|piaa has 120 seconds left.\n|\n|t:|1601519738\n|start\n|switch|p1a: Heatran|Heatran, M|326\/326\n|switch|p2a: Chansey|Chansey, F|642\/642\n|-item|p1a: Heatran|Air Balloon\n|turn|1\n|j| Hayden_A\n|inactive|piaa has 120 seconds left.\n|\n|t:|1601519772\n|move|p1a: Heatran|Taunt|p2a: Chansey\n|-start|p2a: Chansey|move: Taunt\n|cant|p2a: Chansey|move: Taunt|Stealth Rock\n|\n|upkeep\n|turn|2\n|c| Hayden_A|go piaa!\n|j| Charuru\n|inactive|piaa has 120 seconds left.\n|\n|t:|1601519782\n|switch|p2a: Gyarados|Gyarados, M|331\/331\n|-ability|p2a: Gyarados|Intimidate|boost\n|-unboost|p1a: Heatran|atk|1\n|move|p1a: Heatran|Stealth Rock|p2a: Gyarados\n|-sidestart|p2: Lunar Neo|move: Stealth Rock\n|\n|upkeep\n|turn|3\n|inactive|piaa has 120 seconds left.\n|inactive|piaa has 90 seconds left.\n|inactive|piaa has 60 seconds left.\n|c|\u2606piaa|this is\n|c|\u2606piaa|cruel and unusual punishment\n|\n|t:|1601519873\n|switch|p1a: Togekiss|Togekiss, F|374\/374\n|move|p2a: Gyarados|Dragon Dance|p2a: Gyarados\n|-boost|p2a: Gyarados|atk|1\n|-boost|p2a: Gyarados|spe|1\n|\n|upkeep\n|turn|4\n|inactive|piaa has 30 seconds left.\n|inactive|piaa has 20 seconds left.\n|inactive|Lunar Neo has 120 seconds left.\n|inactive|piaa has 15 seconds left.\n|\n|t:|1601519911\n|switch|p1a: Heatran|Heatran, M|326\/326\n|-item|p1a: Heatran|Air Balloon\n|detailschange|p2a: Gyarados|Gyarados-Mega, M\n|-mega|p2a: Gyarados|Gyarados|Gyaradosite\n|-ability|p2a: Gyarados|Mold Breaker\n|move|p2a: Gyarados|Waterfall|p1a: Heatran\n|-supereffective|p1a: Heatran\n|-damage|p1a: Heatran|0 fnt\n|-enditem|p1a: Heatran|Air Balloon\n|faint|p1a: Heatran\n|\n|upkeep\n|inactive|piaa has 20 seconds left this turn.\n|\n|t:|1601519916\n|switch|p1a: Togekiss|Togekiss, F|374\/374\n|turn|5\n|inactive|piaa has 30 seconds left this turn.\n|inactive|Lunar Neo has 120 seconds left.\n|c|\u2606piaa|thought it was the other gyara set\n|\n|t:|1601519932\n|move|p2a: Gyarados|Waterfall|p1a: Togekiss\n|-damage|p1a: Togekiss|95\/374\n|cant|p1a: Togekiss|flinch\n|\n|-heal|p1a: Togekiss|118\/374|[from] item: Leftovers\n|upkeep\n|turn|6\n|c|\u2606piaa|ooops\n|c|\u2606piaa|FUCK\n|c|\u2606piaa|pardon my language\n|c|\u2606piaa|i just lost now\n|inactive|piaa has 30 seconds left.\n|c|\u2606piaa|wait no\n|c|\u2606Lunar Neo|fr*ck\n|\n|t:|1601519948\n|move|p2a: Gyarados|Waterfall|p1a: Togekiss\n|-crit|p1a: Togekiss\n|-damage|p1a: Togekiss|0 fnt\n|faint|p1a: Togekiss\n|\n|upkeep\n|inactive|piaa has 30 seconds left this turn.\n|\n|t:|1601519950\n|switch|p1a: Keldeo|Keldeo|323\/323\n|turn|7\n|\n|t:|1601519958\n|move|p2a: Gyarados|Earthquake|p1a: Keldeo\n|-damage|p1a: Keldeo|79\/323\n|move|p1a: Keldeo|Secret Sword|p2a: Gyarados\n|-supereffective|p2a: Gyarados\n|-damage|p2a: Gyarados|0 fnt\n|faint|p2a: Gyarados\n|\n|upkeep\n|\n|t:|1601519967\n|switch|p2a: Thundurus|Thundurus, M|299\/299\n|-damage|p2a: Thundurus|225\/299|[from] Stealth Rock\n|turn|8\n|\n|t:|1601519989\n|switch|p1a: Latios|Latios, M|301\/301\n|move|p2a: Thundurus|Thunderbolt|p1a: Latios\n|-resisted|p1a: Latios\n|-damage|p1a: Latios|228\/301\n|\n|-heal|p2a: Thundurus|243\/299|[from] item: Leftovers\n|upkeep\n|turn|9\n|\n|t:|1601519997\n|switch|p2a: Chansey|Chansey, F|642\/642\n|-damage|p2a: Chansey|562\/642|[from] Stealth Rock\n|move|p1a: Latios|Psyshock|p2a: Chansey\n|-damage|p2a: Chansey|301\/642\n|-damage|p1a: Latios|198\/301|[from] item: Life Orb\n|\n|upkeep\n|turn|10\n|inactive|piaa has 30 seconds left.\n|\n|t:|1601520023\n|switch|p1a: Keldeo|Keldeo|79\/323\n|move|p2a: Chansey|Stealth Rock|p1a: Keldeo\n|-sidestart|p1: piaa|move: Stealth Rock\n|\n|upkeep\n|turn|11\n|\n|t:|1601520030\n|move|p1a: Keldeo|Secret Sword|p2a: Chansey\n|-supereffective|p2a: Chansey\n|-damage|p2a: Chansey|0 fnt\n|faint|p2a: Chansey\n|\n|upkeep\n|\n|t:|1601520040\n|switch|p2a: Scizor|Scizor, F|343\/343\n|-damage|p2a: Scizor|301\/343|[from] Stealth Rock\n|turn|12\n|j| floatzelbezel\n|inactive|piaa has 30 seconds left.\n|inactive|piaa has 20 seconds left.\n|inactive|piaa has 15 seconds left.\n|inactive|piaa has 10 seconds left.\n|\n|t:|1601520082\n|move|p1a: Keldeo|Secret Sword|p2a: Scizor\n|-damage|p2a: Scizor|90\/343\n|move|p2a: Scizor|U-turn|p1a: Keldeo\n|-resisted|p1a: Keldeo\n|-damage|p1a: Keldeo|0 fnt\n|faint|p1a: Keldeo\n|inactive|piaa has 15 seconds left this turn.\n|\n|t:|1601520088\n|switch|p2a: Excadrill|Excadrill, F|424\/424\n|-damage|p2a: Excadrill|411\/424|[from] Stealth Rock\n|-ability|p2a: Excadrill|Mold Breaker\n|\n|-heal|p2a: Excadrill|424\/424|[from] item: Leftovers\n|upkeep\n|inactive|piaa has 20 seconds left this turn.\n|inactive|piaa has 15 seconds left.\n|\n|t:|1601520096\n|switch|p1a: Scizor|Scizor, F|343\/343\n|-damage|p1a: Scizor|301\/343|[from] Stealth Rock\n|turn|13\n|inactive|piaa has 25 seconds left this turn.\n|\n|t:|1601520102\n|detailschange|p1a: Scizor|Scizor-Mega, F\n|-mega|p1a: Scizor|Scizor|Scizorite\n|move|p2a: Excadrill|Rapid Spin|p1a: Scizor\n|-resisted|p1a: Scizor\n|-damage|p1a: Scizor|294\/343\n|-sideend|p2: Lunar Neo|Stealth Rock|[from] move: Rapid Spin|[of] p2a: Excadrill\n|move|p1a: Scizor|Knock Off|p2a: Excadrill\n|-damage|p2a: Excadrill|255\/424\n|-enditem|p2a: Excadrill|Leftovers|[from] move: Knock Off|[of] p1a: Scizor\n|\n|upkeep\n|turn|14\n|inactive|piaa has 30 seconds left.\n|\n|t:|1601520108\n|move|p2a: Excadrill|Earthquake|p1a: Scizor\n|-damage|p1a: Scizor|198\/343\n|move|p1a: Scizor|Swords Dance|p1a: Scizor\n|-boost|p1a: Scizor|atk|2\n|\n|upkeep\n|turn|15\n|\n|t:|1601520111\n|move|p2a: Excadrill|Earthquake|p1a: Scizor\n|-damage|p1a: Scizor|86\/343\n|move|p1a: Scizor|Roost|p1a: Scizor\n|-heal|p1a: Scizor|258\/343\n|-singleturn|p1a: Scizor|move: Roost\n|\n|upkeep\n|turn|16\n|l| floatzelbezel\n|inactive|piaa has 30 seconds left.\n|inactive|piaa has 20 seconds left.\n|inactive|piaa has 15 seconds left.\n|\n|t:|1601520149\n|switch|p2a: Thundurus|Thundurus, M|243\/299\n|move|p1a: Scizor|Roost|p1a: Scizor\n|-heal|p1a: Scizor|343\/343\n|-singleturn|p1a: Scizor|move: Roost\n|\n|-heal|p2a: Thundurus|261\/299|[from] item: Leftovers\n|upkeep\n|turn|17\n|inactive|piaa has 25 seconds left this turn.\n|\n|t:|1601520156\n|move|p2a: Thundurus|Thunderbolt|p1a: Scizor\n|-damage|p1a: Scizor|210\/343\n|move|p1a: Scizor|Knock Off|p2a: Thundurus\n|-damage|p2a: Thundurus|0 fnt\n|-enditem|p2a: Thundurus|Leftovers|[from] move: Knock Off|[of] p1a: Scizor\n|faint|p2a: Thundurus\n|\n|upkeep\n|inactive|piaa has 30 seconds left this turn.\n|c|\u2606Lunar Neo|shieet\n|\n|t:|1601520174\n|switch|p2a: Crawdaunt|Crawdaunt, M|267\/267\n|turn|18\n|\n|t:|1601520181\n|move|p2a: Crawdaunt|Crabhammer|p1a: Scizor\n|-damage|p1a: Scizor|2\/343\n|-damage|p2a: Crawdaunt|241\/267|[from] item: Life Orb\n|move|p1a: Scizor|Roost|p1a: Scizor\n|-heal|p1a: Scizor|174\/343\n|-singleturn|p1a: Scizor|move: Roost\n|\n|upkeep\n|turn|19\n|inactive|piaa has 30 seconds left.\n|inactive|piaa has 20 seconds left.\n|inactive|piaa has 15 seconds left.\n|\n|t:|1601520212\n|move|p1a: Scizor|Bullet Punch|p2a: Crawdaunt\n|-resisted|p2a: Crawdaunt\n|-damage|p2a: Crawdaunt|126\/267\n|move|p2a: Crawdaunt|Crabhammer|p1a: Scizor\n|-damage|p1a: Scizor|0 fnt\n|-damage|p2a: Crawdaunt|100\/267|[from] item: Life Orb\n|faint|p1a: Scizor\n|\n|upkeep\n|inactive|piaa has 20 seconds left this turn.\n|\n|t:|1601520216\n|switch|p1a: Latios|Latios, M|198\/301\n|-damage|p1a: Latios|161\/301|[from] Stealth Rock\n|turn|20\n|inactive|piaa has 30 seconds left this turn.\n|\n|t:|1601520220\n|switch|p2a: Excadrill|Excadrill, F|255\/424\n|-ability|p2a: Excadrill|Mold Breaker\n|move|p1a: Latios|Draco Meteor|p2a: Excadrill\n|-resisted|p2a: Excadrill\n|-crit|p2a: Excadrill\n|-damage|p2a: Excadrill|51\/424\n|-unboost|p1a: Latios|spa|2\n|-damage|p1a: Latios|131\/301|[from] item: Life Orb\n|\n|upkeep\n|turn|21\n|\n|t:|1601520229\n|move|p1a: Latios|Psyshock|p2a: Excadrill\n|-resisted|p2a: Excadrill\n|-damage|p2a: Excadrill|0 fnt\n|-damage|p1a: Latios|101\/301|[from] item: Life Orb\n|faint|p2a: Excadrill\n|\n|upkeep\n|\n|t:|1601520241\n|switch|p2a: Scizor|Scizor, F|90\/343\n|turn|22\n|j| EnesBatur\n|l| EnesBatur\n|j| lod finale\n|inactive|piaa has 30 seconds left.\n|inactive|piaa has 20 seconds left.\n|inactive|piaa has 15 seconds left.\n|inactive|piaa has 10 seconds left.\n|inactive|piaa has 5 seconds left.\n|\n|t:|1601520288\n|move|p1a: Latios|Roost|p1a: Latios\n|-heal|p1a: Latios|252\/301\n|-singleturn|p1a: Latios|move: Roost\n|move|p2a: Scizor|U-turn|p1a: Latios\n|-supereffective|p1a: Latios\n|-damage|p1a: Latios|0 fnt\n|faint|p1a: Latios\n|inactive|piaa has 10 seconds left this turn.\n|c| lod finale|uf\n|\n|t:|1601520292\n|switch|p2a: Crawdaunt|Crawdaunt, M|100\/267\n|\n|upkeep\n|inactive|piaa has 15 seconds left this turn.\n|c| lod finale|lol\n|\n|t:|1601520296\n|switch|p1a: Volcarona|Volcarona, F|373\/373\n|-damage|p1a: Volcarona|187\/373|[from] Stealth Rock\n|turn|23\n|inactive|piaa has 25 seconds left this turn.\n|inactive|piaa has 20 seconds left.\n|inactive|piaa has 15 seconds left.\n|c|\u2606piaa|yeah i misplayed all those turns ago with toge and got flinched\n|c|\u2606piaa|gg\n|inactive|piaa has 10 seconds left.\n|\n|t:|1601520313\n|move|p2a: Crawdaunt|Aqua Jet|p1a: Volcarona\n|-supereffective|p1a: Volcarona\n|-damage|p1a: Volcarona|0 fnt\n|-status|p2a: Crawdaunt|brn|[from] ability: Flame Body|[of] p1a: Volcarona\n|-damage|p2a: Crawdaunt|74\/267 brn|[from] item: Life Orb\n|faint|p1a: Volcarona\n|\n|win|Lunar Neo\n|inactive|piaa has 15 seconds left this turn.\n|c|\u2606Lunar Neo|gg\n|l| lod finale\n|l|+Let's go shuckles\n|l| Charuru\n|l|\u2606Lunar Neo\n|c| ToxicSpixes 3.0|gg wp\n|l| ToxicSpixes 3.0\n","uploadtime":1601520407,"views":7,"p1id":"piaa","p2id":"lunarneo","formatid":"gen6battlefactory","rating":0,"private":0,"password":null}