{"id":"gen6ubers-1621564437","p1":"UWU Espana","p2":"Raph369","format":"gen6ubers","log":"|j|\u2606UWU Espana\n|j|\u2606Raph369\n|t:|1658344858\n|gametype|singles\n|player|p1|UWU Espana|marnie|\n|player|p2|Raph369|archer|\n|teamsize|p1|6\n|teamsize|p2|6\n|gen|6\n|tier|[Gen 6] Ubers\n|rated|Tournament battle\n|rule|Sleep Clause Mod: Limit one foe put to sleep\n|rule|Species Clause: Limit one of each Pok\u00e9mon\n|rule|OHKO Clause: OHKO moves are banned\n|rule|Moody Clause: Moody is banned\n|rule|Evasion Moves Clause: Evasion moves are banned\n|rule|Endless Battle Clause: Forcing endless battles is banned\n|rule|HP Percentage Mod: HP is shown in percentages\n|rule|Swagger Clause: Swagger is banned\n|rule|Mega Rayquaza Clause: You cannot mega evolve Rayquaza\n|clearpoke\n|poke|p1|Deoxys-Attack|item\n|poke|p1|Salamence, F|item\n|poke|p1|Arceus-*|item\n|poke|p1|Groudon|item\n|poke|p1|Xerneas-*|item\n|poke|p1|Dialga|item\n|poke|p2|Groudon|item\n|poke|p2|Greninja, M|item\n|poke|p2|Volbeat, M|item\n|poke|p2|Rayquaza|item\n|poke|p2|Xerneas-*|item\n|poke|p2|Arceus-*|item\n|teampreview\n|c|\u2606Raph369|hf\n|c|\u2606UWU Espana|hf\n|\n|t:|1658344864\n|start\n|switch|p1a: Deoxys|Deoxys-Attack|100\/100\n|switch|p2a: Greninja|Greninja, M|100\/100\n|-ability|p1a: Deoxys|Pressure\n|turn|1\n|\n|t:|1658344868\n|move|p1a: Deoxys|Superpower|p2a: Greninja\n|-supereffective|p2a: Greninja\n|-enditem|p2a: Greninja|Focus Sash\n|-damage|p2a: Greninja|1\/100\n|-unboost|p1a: Deoxys|atk|1\n|-unboost|p1a: Deoxys|def|1\n|-damage|p1a: Deoxys|91\/100|[from] item: Life Orb\n|move|p2a: Greninja|Toxic Spikes|p1a: Deoxys\n|-start|p2a: Greninja|typechange|Poison|[from] ability: Protean\n|-sidestart|p1: UWU Espana|move: Toxic Spikes\n|\n|upkeep\n|turn|2\n|\n|t:|1658344870\n|move|p1a: Deoxys|Extreme Speed|p2a: Greninja\n|-damage|p2a: Greninja|0 fnt\n|faint|p2a: Greninja\n|-damage|p1a: Deoxys|81\/100|[from] item: Life Orb\n|\n|upkeep\n|\n|t:|1658344875\n|switch|p2a: Xerneas|Xerneas|100\/100\n|-ability|p2a: Xerneas|Fairy Aura\n|turn|3\n|\n|t:|1658344878\n|move|p2a: Xerneas|Moonblast|p1a: Deoxys\n|-damage|p1a: Deoxys|0 fnt\n|faint|p1a: Deoxys\n|\n|upkeep\n|\n|t:|1658344882\n|switch|p1a: Groudon|Groudon|100\/100\n|-status|p1a: Groudon|psn\n|detailschange|p1a: Groudon|Groudon-Primal\n|-primal|p1a: Groudon\n|-weather|DesolateLand|[from] ability: Desolate Land|[of] p1a: Groudon\n|turn|4\n|\n|t:|1658344886\n|switch|p2a: Rayquaza|Rayquaza|100\/100\n|-ability|p2a: Rayquaza|Air Lock\n|move|p1a: Groudon|Rock Polish|p1a: Groudon\n|-boost|p1a: Groudon|spe|2\n|\n|-weather|DesolateLand|[upkeep]\n|-damage|p1a: Groudon|88\/100 psn|[from] psn\n|upkeep\n|turn|5\n|\n|t:|1658344892\n|move|p1a: Groudon|Stone Edge|p2a: Rayquaza|[miss]\n|-miss|p1a: Groudon|p2a: Rayquaza\n|move|p2a: Rayquaza|Surf|p1a: Groudon\n|-supereffective|p1a: Groudon\n|-damage|p1a: Groudon|0 fnt\n|faint|p1a: Groudon\n|-weather|none\n|-damage|p2a: Rayquaza|91\/100|[from] item: Life Orb\n|\n|upkeep\n|\n|t:|1658344896\n|switch|p1a: Xerneas|Xerneas|100\/100\n|-status|p1a: Xerneas|psn\n|-ability|p1a: Xerneas|Fairy Aura\n|turn|6\n|j|+AM\n|\n|t:|1658344905\n|switch|p2a: Groudon|Groudon|100\/100\n|detailschange|p2a: Groudon|Groudon-Primal\n|-primal|p2a: Groudon\n|-weather|DesolateLand|[from] ability: Desolate Land|[of] p2a: Groudon\n|move|p1a: Xerneas|Geomancy||[still]\n|-prepare|p1a: Xerneas|Geomancy\n|-enditem|p1a: Xerneas|Power Herb\n|-anim|p1a: Xerneas|Geomancy|p1a: Xerneas\n|-boost|p1a: Xerneas|spa|2\n|-boost|p1a: Xerneas|spd|2\n|-boost|p1a: Xerneas|spe|2\n|\n|-weather|DesolateLand|[upkeep]\n|-damage|p1a: Xerneas|88\/100 psn|[from] psn\n|upkeep\n|turn|7\n|\n|t:|1658344909\n|move|p1a: Xerneas|Moonblast|p2a: Groudon\n|-resisted|p2a: Groudon\n|-damage|p2a: Groudon|50\/100\n|move|p2a: Groudon|Precipice Blades|p1a: Xerneas\n|-damage|p1a: Xerneas|40\/100 psn\n|\n|-weather|DesolateLand|[upkeep]\n|-damage|p1a: Xerneas|27\/100 psn|[from] psn\n|upkeep\n|turn|8\n|\n|t:|1658344924\n|move|p1a: Xerneas|Moonblast|p2a: Groudon\n|-resisted|p2a: Groudon\n|-damage|p2a: Groudon|0 fnt\n|faint|p2a: Groudon\n|-weather|none\n|\n|-damage|p1a: Xerneas|15\/100 psn|[from] psn\n|upkeep\n|\n|t:|1658344927\n|switch|p2a: Rayquaza|Rayquaza|91\/100\n|-ability|p2a: Rayquaza|Air Lock\n|turn|9\n|\n|t:|1658344930\n|move|p2a: Rayquaza|Extreme Speed|p1a: Xerneas\n|-damage|p1a: Xerneas|0 fnt\n|faint|p1a: Xerneas\n|-damage|p2a: Rayquaza|81\/100|[from] item: Life Orb\n|\n|upkeep\n|\n|t:|1658344934\n|switch|p1a: Dialga|Dialga|100\/100\n|-ability|p1a: Dialga|Pressure\n|turn|10\n|\n|t:|1658344961\n|switch|p2a: Volbeat|Volbeat, M|100\/100\n|move|p1a: Dialga|Draco Meteor|p2a: Volbeat\n|-damage|p2a: Volbeat|3\/100\n|-unboost|p1a: Dialga|spa|2\n|\n|upkeep\n|turn|11\n|\n|t:|1658344968\n|move|p2a: Volbeat|Encore|p1a: Dialga\n|-start|p1a: Dialga|Encore\n|move|p1a: Dialga|Draco Meteor|p2a: Volbeat\n|-damage|p2a: Volbeat|0 fnt\n|-unboost|p1a: Dialga|spa|2\n|faint|p2a: Volbeat\n|\n|upkeep\n|\n|t:|1658344974\n|switch|p2a: Arceus|Arceus-Ghost|100\/100\n|turn|12\n|c|+AM|chew\n|\n|t:|1658344982\n|switch|p1a: Arceus|Arceus|100\/100\n|-status|p1a: Arceus|psn\n|move|p2a: Arceus|Calm Mind|p2a: Arceus\n|-boost|p2a: Arceus|spa|1\n|-boost|p2a: Arceus|spd|1\n|\n|-damage|p1a: Arceus|88\/100 psn|[from] psn\n|upkeep\n|turn|13\n|\n|t:|1658344992\n|move|p1a: Arceus|Swords Dance|p1a: Arceus\n|-boost|p1a: Arceus|atk|2\n|move|p2a: Arceus|Focus Blast|p1a: Arceus\n|-supereffective|p1a: Arceus\n|-damage|p1a: Arceus|2\/100 psn\n|\n|-damage|p1a: Arceus|0 fnt|[from] psn\n|faint|p1a: Arceus\n|upkeep\n|\n|t:|1658344996\n|switch|p1a: Salamence|Salamence, F|100\/100\n|-ability|p1a: Salamence|Intimidate|boost\n|-unboost|p2a: Arceus|atk|1\n|turn|14\n|\n|t:|1658345002\n|detailschange|p1a: Salamence|Salamence-Mega, F\n|-mega|p1a: Salamence|Salamence|Salamencite\n|move|p2a: Arceus|Judgment|p1a: Salamence\n|-crit|p1a: Salamence\n|-damage|p1a: Salamence|0 fnt\n|faint|p1a: Salamence\n|\n|upkeep\n|\n|t:|1658345006\n|switch|p1a: Dialga|Dialga|100\/100\n|-ability|p1a: Dialga|Pressure\n|turn|15\n|c|\u2606Raph369|mb\n|c|\u2606UWU Espana|all good, I lost when xern died since it was arceus ghost\n|\n|t:|1658345034\n|move|p2a: Arceus|Judgment|p1a: Dialga\n|-damage|p1a: Dialga|15\/100\n|move|p1a: Dialga|Flash Cannon|p2a: Arceus\n|-damage|p2a: Arceus|75\/100\n|\n|upkeep\n|turn|16\n|\n|t:|1658345040\n|move|p2a: Arceus|Judgment|p1a: Dialga\n|-damage|p1a: Dialga|0 fnt\n|faint|p1a: Dialga\n|\n|win|Raph369\n|n|\u2606UWU Espana|uwuespana\n|n|\u2606Raph369|raph369\n|n|+AM|am\n","uploadtime":1658345041,"views":7,"p1id":"uwuespana","p2id":"raph369","formatid":"gen6ubers","rating":0,"private":0,"password":null}