{"id":"gen6ou-1375543624","p1":"Sabaini","p2":"Xasah\u2764\ufe0eBae","format":"gen6ou","log":"|j|\u2606Sabaini\n|j|\u2606Xasah\u2764\ufe0eBae\n|inactive|Battle timer is ON: inactive players will automatically lose when time's up.\n|t:|1626109977\n|gametype|singles\n|player|p1|Sabaini|265|\n|player|p2|Xasah\u2764\ufe0eBae|lass-gen4dp|\n|teamsize|p1|6\n|teamsize|p2|6\n|gen|6\n|tier|[Gen 6] OU\n|rated|Tournament battle\n|rule|Sleep Clause Mod: Limit one foe put to sleep\n|rule|Species Clause: Limit one of each Pok\u00e9mon\n|rule|OHKO Clause: OHKO moves are banned\n|rule|Moody Clause: Moody is banned\n|rule|Evasion Moves Clause: Evasion moves are banned\n|rule|Endless Battle Clause: Forcing endless battles is banned\n|rule|HP Percentage Mod: HP is shown in percentages\n|rule|Swagger Clause: Swagger is banned\n|clearpoke\n|poke|p1|Nidoking, M|item\n|poke|p1|Scizor, M|item\n|poke|p1|Latios, M|item\n|poke|p1|Rotom-Wash|item\n|poke|p1|Tornadus-Therian, M|item\n|poke|p1|Landorus-Therian, M|item\n|poke|p2|Medicham, F|item\n|poke|p2|Rotom-Wash|item\n|poke|p2|Clefable, F|item\n|poke|p2|Garchomp, F|item\n|poke|p2|Excadrill, F|item\n|poke|p2|Tornadus-Therian, M|item\n|teampreview\n|j|*Lady Monita\n|j| gafas4366\n|j| ItsAmazingH\n|j| infernozz62\n|j| kierangolds\n|j| Miasanmiafcb\n|l| kierangolds\n|\n|t:|1626109986\n|start\n|switch|p1a: Tornadus|Tornadus-Therian, M|100\/100\n|switch|p2a: Tornadus|Tornadus-Therian, M|100\/100\n|turn|1\n|j| da2018\n|j| sceptirl\n|j| KNICKLICHT\n|\n|t:|1626110001\n|move|p1a: Tornadus|Knock Off|p2a: Tornadus\n|-damage|p2a: Tornadus|73\/100\n|-enditem|p2a: Tornadus|Assault Vest|[from] move: Knock Off|[of] p1a: Tornadus\n|move|p2a: Tornadus|Knock Off|p1a: Tornadus\n|-damage|p1a: Tornadus|76\/100\n|-enditem|p1a: Tornadus|Assault Vest|[from] move: Knock Off|[of] p2a: Tornadus\n|\n|upkeep\n|turn|2\n|l| gafas4366\n|\n|t:|1626110013\n|move|p1a: Tornadus|Heat Wave|p2a: Tornadus\n|-damage|p2a: Tornadus|46\/100\n|move|p2a: Tornadus|U-turn|p1a: Tornadus\n|-resisted|p1a: Tornadus\n|-damage|p1a: Tornadus|68\/100\n|j| 3lkjhgf\n|\n|t:|1626110020\n|switch|p2a: Rotom|Rotom-Wash|100\/100|[from]move: U-turn\n|\n|upkeep\n|turn|3\n|\n|t:|1626110023\n|move|p1a: Tornadus|Knock Off|p2a: Rotom\n|-damage|p2a: Rotom|85\/100\n|-enditem|p2a: Rotom|Leftovers|[from] move: Knock Off|[of] p1a: Tornadus\n|move|p2a: Rotom|Volt Switch|p1a: Tornadus\n|-supereffective|p1a: Tornadus\n|-damage|p1a: Tornadus|19\/100\n|j| Xx_Pabs_xX\n|j| Powahman\n|\n|t:|1626110031\n|switch|p2a: Medicham|Medicham, F|100\/100|[from]move: Volt Switch\n|\n|upkeep\n|turn|4\n|j| sonicdudud\n|j| Mickey314\n|l| KNICKLICHT\n|j| Ellipticsafe34\n|l| sonicdudud\n|j| SnomGirl\n|\n|t:|1626110046\n|switch|p1a: Landorus|Landorus-Therian, M|100\/100\n|-ability|p1a: Landorus|Intimidate|boost\n|-unboost|p2a: Medicham|atk|1\n|detailschange|p2a: Medicham|Medicham-Mega, F\n|-mega|p2a: Medicham|Medicham|Medichamite\n|move|p2a: Medicham|Ice Punch|p1a: Landorus\n|-supereffective|p1a: Landorus\n|-damage|p1a: Landorus|11\/100\n|-damage|p2a: Medicham|84\/100|[from] item: Rocky Helmet|[of] p1a: Landorus\n|\n|upkeep\n|turn|5\n|l| Miasanmiafcb\n|l| Ellipticsafe34\n|\n|t:|1626110055\n|move|p2a: Medicham|Ice Punch|p1a: Landorus\n|-supereffective|p1a: Landorus\n|-damage|p1a: Landorus|0 fnt\n|-damage|p2a: Medicham|68\/100|[from] item: Rocky Helmet|[of] p1a: Landorus\n|faint|p1a: Landorus\n|\n|upkeep\n|\n|t:|1626110066\n|switch|p1a: Latios|Latios, M|100\/100\n|turn|6\n|j| PkTG\n|l| Xx_Pabs_xX\n|j| Vitoran \u2642\n|l| PkTG\n|j| JaredxxGamer\n|l| JaredxxGamer\n|\n|t:|1626110090\n|switch|p2a: Clefable|Clefable, F|100\/100\n|move|p1a: Latios|Calm Mind|p1a: Latios\n|-boost|p1a: Latios|spa|1\n|-boost|p1a: Latios|spd|1\n|\n|upkeep\n|turn|7\n|j| JaredxxGamer\n|\n|t:|1626110096\n|move|p1a: Latios|Psyshock|p2a: Clefable\n|-damage|p2a: Clefable|29\/100\n|-damage|p1a: Latios|91\/100|[from] item: Life Orb\n|move|p2a: Clefable|Thunder Wave|p1a: Latios\n|-status|p1a: Latios|par\n|\n|-heal|p2a: Clefable|35\/100|[from] item: Leftovers\n|upkeep\n|turn|8\n|j| Pikapro16\n|\n|t:|1626110103\n|move|p2a: Clefable|Soft-Boiled|p2a: Clefable\n|-heal|p2a: Clefable|85\/100\n|move|p1a: Latios|Psyshock|p2a: Clefable\n|-damage|p2a: Clefable|18\/100\n|-damage|p1a: Latios|81\/100 par|[from] item: Life Orb\n|\n|-heal|p2a: Clefable|24\/100|[from] item: Leftovers\n|upkeep\n|turn|9\n|\n|t:|1626110109\n|move|p2a: Clefable|Soft-Boiled|p2a: Clefable\n|-heal|p2a: Clefable|74\/100\n|cant|p1a: Latios|par\n|\n|-heal|p2a: Clefable|80\/100|[from] item: Leftovers\n|upkeep\n|turn|10\n|j| Igod824\n|\n|t:|1626110117\n|move|p2a: Clefable|Moonblast|p1a: Latios\n|-supereffective|p1a: Latios\n|-damage|p1a: Latios|34\/100 par\n|move|p1a: Latios|Psyshock|p2a: Clefable\n|-damage|p2a: Clefable|5\/100\n|-damage|p1a: Latios|25\/100 par|[from] item: Life Orb\n|\n|-heal|p2a: Clefable|11\/100|[from] item: Leftovers\n|upkeep\n|turn|11\n|l| Pikapro16\n|\n|t:|1626110135\n|move|p2a: Clefable|Moonblast|p1a: Latios\n|-supereffective|p1a: Latios\n|-damage|p1a: Latios|0 fnt\n|faint|p1a: Latios\n|\n|-heal|p2a: Clefable|17\/100|[from] item: Leftovers\n|upkeep\n|\n|t:|1626110145\n|switch|p1a: Nidoking|Nidoking, M|100\/100\n|turn|12\n|\n|t:|1626110149\n|move|p1a: Nidoking|Ice Beam|p2a: Clefable\n|-damage|p2a: Clefable|0 fnt\n|faint|p2a: Clefable\n|\n|upkeep\n|j| OMFG guy\n|l| Mickey314\n|l| Powahman\n|\n|t:|1626110181\n|switch|p2a: Medicham|Medicham-Mega, F|68\/100\n|turn|13\n|\n|t:|1626110193\n|switch|p1a: Rotom|Rotom-Wash|100\/100\n|move|p2a: Medicham|Ice Punch|p1a: Rotom\n|-resisted|p1a: Rotom\n|-damage|p1a: Rotom|83\/100\n|\n|-heal|p1a: Rotom|89\/100|[from] item: Leftovers\n|upkeep\n|turn|14\n|\n|t:|1626110199\n|switch|p1a: Tornadus|Tornadus-Therian, M|53\/100\n|move|p2a: Medicham|High Jump Kick|p1a: Tornadus\n|-resisted|p1a: Tornadus\n|-damage|p1a: Tornadus|0 fnt\n|faint|p1a: Tornadus\n|\n|upkeep\n|\n|t:|1626110206\n|switch|p1a: Scizor|Scizor, M|100\/100\n|turn|15\n|\n|t:|1626110225\n|detailschange|p1a: Scizor|Scizor-Mega, M\n|-mega|p1a: Scizor|Scizor|Scizorite\n|move|p2a: Medicham|High Jump Kick|p1a: Scizor\n|-damage|p1a: Scizor|18\/100\n|move|p1a: Scizor|U-turn|p2a: Medicham\n|-damage|p2a: Medicham|7\/100\n|inactive|Sabaini has 120 seconds left.\n|\n|t:|1626110267\n|switch|p1a: Nidoking|Nidoking, M|100\/100|[from]move: U-turn\n|\n|upkeep\n|turn|16\n|c| OMFG guy|Huge\n|\n|t:|1626110284\n|move|p2a: Medicham|Ice Punch|p1a: Nidoking\n|-supereffective|p1a: Nidoking\n|-damage|p1a: Nidoking|0 fnt\n|faint|p1a: Nidoking\n|\n|upkeep\n|\n|t:|1626110287\n|switch|p1a: Scizor|Scizor-Mega, M|18\/100\n|turn|17\n|\n|t:|1626110292\n|move|p1a: Scizor|Bullet Punch|p2a: Medicham\n|-damage|p2a: Medicham|0 fnt\n|faint|p2a: Medicham\n|\n|upkeep\n|c|\u2606Xasah\u2764\ufe0eBae|gg\n|\n|t:|1626110297\n|switch|p2a: Excadrill|Excadrill, F|100\/100\n|-ability|p2a: Excadrill|Mold Breaker\n|turn|18\n|\n|t:|1626110303\n|move|p2a: Excadrill|Earthquake|p1a: Scizor\n|-damage|p1a: Scizor|0 fnt\n|faint|p1a: Scizor\n|\n|upkeep\n|-message|Sabaini forfeited.\n|\n|win|Xasah\u2764\ufe0eBae\n|n|\u2606Sabaini|sabaini\n|n|\u2606Xasah\u2764\ufe0eBae|xasahbae\n|n|*Lady Monita|ladymonita\n|n| ItsAmazingH|itsamazingh\n|n| infernozz62|infernozz62\n|n| da2018|da2018\n|n| sceptirl|sceptirl\n|n| 3lkjhgf|3lkjhgf\n|n| SnomGirl|snomgirl\n|n| Vitoran \u2642|vitoran\n|n| JaredxxGamer|jaredxxgamer\n|n| Igod824|igod824\n|n| OMFG guy|omfgguy\n","uploadtime":1626110308,"views":9,"p1id":"sabaini","p2id":"xasahbae","formatid":"gen6ou","rating":0,"private":0,"password":null}