{"id":"gen6ou-1025704629","p1":"Mizuho_poke","p2":"lord cube","format":"gen6ou","log":"|j|\u2606Mizuho_poke\n|j|\u2606lord cube\n|player|p1|Mizuho_poke|kimonogirl|1458\n|player|p2|lord cube|depotagent|1268\n|teamsize|p1|6\n|teamsize|p2|6\n|gametype|singles\n|gen|6\n|tier|[Gen 6] OU\n|rated|\n|rule|Sleep Clause Mod: Limit one foe put to sleep\n|rule|Species Clause: Limit one of each Pok\u00e9mon\n|rule|OHKO Clause: OHKO moves are banned\n|rule|Moody Clause: Moody is banned\n|rule|Evasion Moves Clause: Evasion moves are banned\n|rule|Endless Battle Clause: Forcing endless battles is banned\n|rule|HP Percentage Mod: HP is shown in percentages\n|clearpoke\n|poke|p1|Lopunny, F|item\n|poke|p1|Garchomp, F|item\n|poke|p1|Bisharp, F|item\n|poke|p1|Gengar, F|item\n|poke|p1|Thundurus, M|item\n|poke|p1|Suicune|item\n|poke|p2|Keldeo|item\n|poke|p2|Tyranitar, F|item\n|poke|p2|Gliscor, M|item\n|poke|p2|Ferrothorn, F|item\n|poke|p2|Tornadus-Therian, M|item\n|poke|p2|Slowbro, M|item\n|rule|Swagger Clause: Swagger is banned\n|teampreview\n|inactive|Battle timer is ON: inactive players will automatically lose when time's up. (requested by Mizuho_poke)\n|inactive|lord cube has 120 seconds left.\n|\n|start\n|switch|p1a: Lopunny|Lopunny, F, shiny|100\/100\n|switch|p2a: Keldeo|Keldeo|100\/100\n|turn|1\n|\n|detailschange|p1a: Lopunny|Lopunny-Mega, F, shiny\n|-mega|p1a: Lopunny|Lopunny|Lopunnite\n|move|p1a: Lopunny|Fake Out|p2a: Keldeo\n|-damage|p2a: Keldeo|74\/100\n|cant|p2a: Keldeo|flinch\n|\n|upkeep\n|turn|2\n|\n|switch|p1a: Thundurus|Thundurus, M, shiny|100\/100\n|switch|p2a: Slowbro|Slowbro, M|100\/100\n|\n|upkeep\n|turn|3\n|\n|switch|p2a: Tyranitar|Tyranitar, F|100\/100\n|-weather|Sandstorm|[from] ability: Sand Stream|[of] p2a: Tyranitar\n|move|p1a: Thundurus|Nasty Plot|p1a: Thundurus\n|-boost|p1a: Thundurus|spa|2\n|\n|-weather|Sandstorm|[upkeep]\n|-damage|p1a: Thundurus|94\/100|[from] Sandstorm\n|upkeep\n|turn|4\n|\n|move|p2a: Tyranitar|Stone Edge|p1a: Thundurus|[miss]\n|-miss|p2a: Tyranitar|p1a: Thundurus\n|move|p1a: Thundurus|Focus Blast|p2a: Tyranitar\n|-supereffective|p2a: Tyranitar\n|-damage|p2a: Tyranitar|0 fnt\n|faint|p2a: Tyranitar\n|\n|-weather|Sandstorm|[upkeep]\n|-damage|p1a: Thundurus|88\/100|[from] Sandstorm\n|upkeep\n|\n|switch|p2a: Ferrothorn|Ferrothorn, F|100\/100\n|turn|5\n|\n|move|p1a: Thundurus|Focus Blast|p2a: Ferrothorn\n|-supereffective|p2a: Ferrothorn\n|-damage|p2a: Ferrothorn|1\/100\n|move|p2a: Ferrothorn|Leech Seed|p1a: Thundurus\n|-start|p1a: Thundurus|move: Leech Seed\n|\n|-weather|Sandstorm|[upkeep]\n|-damage|p1a: Thundurus|82\/100|[from] Sandstorm\n|-heal|p2a: Ferrothorn|7\/100|[from] item: Leftovers\n|-damage|p1a: Thundurus|70\/100|[from] Leech Seed|[of] p2a: Ferrothorn\n|-heal|p2a: Ferrothorn|20\/100|[silent]\n|upkeep\n|turn|6\n|\n|switch|p2a: Gliscor|Gliscor, M|100\/100\n|move|p1a: Thundurus|Thunderbolt|p2a: Gliscor\n|-immune|p2a: Gliscor\n|\n|-weather|Sandstorm|[upkeep]\n|-damage|p1a: Thundurus|64\/100|[from] Sandstorm\n|-damage|p1a: Thundurus|51\/100|[from] Leech Seed|[of] p2a: Gliscor\n|-status|p2a: Gliscor|tox|[from] item: Toxic Orb\n|upkeep\n|turn|7\n|\n|switch|p1a: Suicune|Suicune, shiny|100\/100\n|-ability|p1a: Suicune|Pressure\n|switch|p2a: Slowbro|Slowbro, M|100\/100\n|\n|-weather|none\n|upkeep\n|turn|8\n|\n|switch|p1a: Bisharp|Bisharp, F, shiny|100\/100\n|move|p2a: Slowbro|Scald|p1a: Bisharp\n|-damage|p1a: Bisharp|55\/100\n|\n|upkeep\n|turn|9\n|\n|switch|p1a: Lopunny|Lopunny-Mega, F, shiny|100\/100\n|switch|p2a: Keldeo|Keldeo|74\/100\n|\n|upkeep\n|turn|10\n|\n|switch|p2a: Slowbro|Slowbro, M|100\/100\n|move|p1a: Lopunny|High Jump Kick|p2a: Slowbro\n|-resisted|p2a: Slowbro\n|-damage|p2a: Slowbro|78\/100\n|\n|upkeep\n|turn|11\n|j| Danger! Chupacabra\n|\n|switch|p1a: Thundurus|Thundurus, M, shiny|51\/100\n|move|p2a: Slowbro|Scald|p1a: Thundurus\n|-damage|p1a: Thundurus|30\/100\n|-enditem|p1a: Thundurus|Sitrus Berry|[eat]\n|-heal|p1a: Thundurus|54\/100|[from] item: Sitrus Berry\n|\n|upkeep\n|turn|12\n|\n|switch|p1a: Gengar|Gengar, F, shiny|100\/100\n|switch|p2a: Gliscor|Gliscor, M|100\/100 tox\n|\n|upkeep\n|turn|13\n|\n|move|p1a: Gengar|Substitute|p1a: Gengar\n|-start|p1a: Gengar|Substitute\n|-damage|p1a: Gengar|76\/100\n|move|p2a: Gliscor|Earthquake|p1a: Gengar\n|-immune|p1a: Gengar|[from] ability: Levitate\n|\n|upkeep\n|turn|14\n|\n|switch|p2a: Ferrothorn|Ferrothorn, F|20\/100\n|move|p1a: Gengar|Hex|p2a: Ferrothorn\n|-damage|p2a: Ferrothorn|0 fnt\n|-damage|p1a: Gengar|66\/100|[from] item: Life Orb\n|faint|p2a: Ferrothorn\n|\n|upkeep\n|\n|switch|p2a: Tornadus|Tornadus-Therian, M|100\/100\n|turn|15\n|\n|move|p2a: Tornadus|Heat Wave|p1a: Gengar\n|-end|p1a: Gengar|Substitute\n|move|p1a: Gengar|Hypnosis|p2a: Tornadus\n|-status|p2a: Tornadus|slp|[from] move: Hypnosis\n|\n|upkeep\n|turn|16\n|\n|switch|p2a: Keldeo|Keldeo|74\/100\n|move|p1a: Gengar|Hex|p2a: Keldeo\n|-damage|p2a: Keldeo|26\/100\n|-damage|p1a: Gengar|56\/100|[from] item: Life Orb\n|\n|upkeep\n|turn|17\n|\n|move|p1a: Gengar|Sludge Wave|p2a: Keldeo\n|-crit|p2a: Keldeo\n|-damage|p2a: Keldeo|0 fnt\n|-damage|p1a: Gengar|46\/100|[from] item: Life Orb\n|faint|p2a: Keldeo\n|\n|upkeep\n|\n|switch|p2a: Slowbro|Slowbro, M|100\/100\n|turn|18\n|\n|detailschange|p2a: Slowbro|Slowbro-Mega, M\n|-mega|p2a: Slowbro|Slowbro|Slowbronite\n|move|p1a: Gengar|Hex|p2a: Slowbro\n|-supereffective|p2a: Slowbro\n|-damage|p2a: Slowbro|25\/100\n|-damage|p1a: Gengar|36\/100|[from] item: Life Orb\n|move|p2a: Slowbro|Psyshock|p1a: Gengar\n|-supereffective|p1a: Gengar\n|-damage|p1a: Gengar|0 fnt\n|faint|p1a: Gengar\n|\n|upkeep\n|\n|switch|p1a: Lopunny|Lopunny-Mega, F, shiny|100\/100\n|turn|19\n|\n|move|p1a: Lopunny|Return|p2a: Slowbro\n|-damage|p2a: Slowbro|0 fnt\n|faint|p2a: Slowbro\n|\n|upkeep\n|\n|switch|p2a: Gliscor|Gliscor, M|100\/100 tox\n|turn|20\n|\n|move|p1a: Lopunny|Ice Punch|p2a: Gliscor\n|-supereffective|p2a: Gliscor\n|-damage|p2a: Gliscor|11\/100 tox\n|move|p2a: Gliscor|Swords Dance|p2a: Gliscor\n|-boost|p2a: Gliscor|atk|2\n|\n|-heal|p2a: Gliscor|23\/100 tox|[from] ability: Poison Heal\n|upkeep\n|turn|21\n|-message|lord cube forfeited.\n|\n|win|Mizuho_poke\n|c|\u2606lord cube|gg\n|c|\u2606Mizuho_poke|gg\n|l| Danger! Chupacabra\n||Ladder (probably) updated, but score could not be retrieved (Response not received).\n|error|Unexpected response null from ladder server.\n","uploadtime":1575827339,"views":10,"p1id":"mizuhopoke","p2id":"lordcube","formatid":"gen6ou","rating":0,"private":0,"password":null}