{"id":"gen6ou-1667446267","p1":"Giagantic","p2":"SkipTheDripBayless","format":"gen6ou","log":"|j|\u2606Giagantic\n|j|\u2606SkipTheDripBayless\n|inactive|Battle timer is ON: inactive players will automatically lose when time's up.\n|t:|1663523521\n|gametype|singles\n|player|p1|Giagantic|#giagantic|\n|player|p2|SkipTheDripBayless|#roaladder|\n|teamsize|p1|6\n|teamsize|p2|6\n|gen|6\n|tier|[Gen 6] OU\n|rated|Tournament battle\n|rule|Sleep Clause Mod: Limit one foe put to sleep\n|rule|Species Clause: Limit one of each Pok\u00e9mon\n|rule|OHKO Clause: OHKO moves are banned\n|rule|Moody Clause: Moody is banned\n|rule|Evasion Items Clause: Evasion items are banned\n|rule|Evasion Moves Clause: Evasion moves are banned\n|rule|Endless Battle Clause: Forcing endless battles is banned\n|rule|HP Percentage Mod: HP is shown in percentages\n|rule|Swagger Clause: Swagger is banned\n|clearpoke\n|poke|p1|Dragonite, F|item\n|poke|p1|Kyurem-Black|item\n|poke|p1|Tornadus-Therian, M|item\n|poke|p1|Landorus-Therian, M|item\n|poke|p1|Talonflame, F|item\n|poke|p1|Scizor, M|item\n|poke|p2|Clefable, F|item\n|poke|p2|Suicune|item\n|poke|p2|Altaria, M|item\n|poke|p2|Talonflame, F|item\n|poke|p2|Excadrill, F|item\n|poke|p2|Tornadus-Therian, M|item\n|teampreview\n|j| wet kitten\n|c|\u2606SkipTheDripBayless|hf\n|c|\u2606Giagantic|mhm\n|\n|t:|1663523549\n|start\n|switch|p1a: Landorus|Landorus-Therian, M|100\/100\n|switch|p2a: Tornadus|Tornadus-Therian, M|100\/100\n|-ability|p1a: Landorus|Intimidate|boost\n|-unboost|p2a: Tornadus|atk|1\n|turn|1\n|j| Antaevs\n|\n|t:|1663523561\n|move|p1a: Landorus|U-turn|p2a: Tornadus\n|-resisted|p2a: Tornadus\n|-damage|p2a: Tornadus|86\/100\n|\n|t:|1663523568\n|switch|p1a: Tornadus|Tornadus-Therian, M|100\/100|[from]move: U-turn\n|move|p2a: Tornadus|Taunt|p1a: Tornadus\n|-start|p1a: Tornadus|move: Taunt\n|\n|upkeep\n|turn|2\n|\n|t:|1663523577\n|switch|p2a: Clefable|Clefable, F|100\/100\n|move|p1a: Tornadus|Knock Off|p2a: Clefable\n|-resisted|p2a: Clefable\n|-damage|p2a: Clefable|92\/100\n|-enditem|p2a: Clefable|Leftovers|[from] move: Knock Off|[of] p1a: Tornadus\n|\n|upkeep\n|turn|3\n|\n|t:|1663523583\n|move|p1a: Tornadus|U-turn|p2a: Clefable\n|-resisted|p2a: Clefable\n|-damage|p2a: Clefable|86\/100\n|\n|t:|1663523592\n|switch|p1a: Landorus|Landorus-Therian, M|100\/100|[from]move: U-turn\n|-ability|p1a: Landorus|Intimidate|boost\n|-unboost|p2a: Clefable|atk|1\n|move|p2a: Clefable|Stealth Rock|p1a: Landorus\n|-sidestart|p1: Giagantic|move: Stealth Rock\n|\n|upkeep\n|turn|4\n|\n|t:|1663523599\n|move|p1a: Landorus|Knock Off|p2a: Clefable\n|-resisted|p2a: Clefable\n|-damage|p2a: Clefable|76\/100\n|move|p2a: Clefable|Soft-Boiled|p2a: Clefable\n|-heal|p2a: Clefable|100\/100\n|\n|upkeep\n|turn|5\n|j| Dfkdh\n|\n|t:|1663523614\n|switch|p1a: Scizor|Scizor, M|100\/100\n|-damage|p1a: Scizor|88\/100|[from] Stealth Rock\n|move|p2a: Clefable|Moonblast|p1a: Scizor\n|-resisted|p1a: Scizor\n|-damage|p1a: Scizor|69\/100\n|\n|upkeep\n|turn|6\n|j| Piesol\n|j| evend101\n|\n|t:|1663523626\n|switch|p2a: Talonflame|Talonflame, F|100\/100\n|detailschange|p1a: Scizor|Scizor-Mega, M\n|-mega|p1a: Scizor|Scizor|Scizorite\n|move|p1a: Scizor|U-turn|p2a: Talonflame\n|-resisted|p2a: Talonflame\n|-damage|p2a: Talonflame|90\/100\n|\n|t:|1663523637\n|switch|p1a: Kyurem|Kyurem-Black|100\/100|[from]move: U-turn\n|-ability|p1a: Kyurem|Teravolt\n|\n|upkeep\n|turn|7\n|\n|t:|1663523649\n|switch|p2a: Clefable|Clefable, F|100\/100\n|move|p1a: Kyurem|Ice Beam|p2a: Clefable\n|-damage|p2a: Clefable|65\/100\n|\n|upkeep\n|turn|8\n|\n|t:|1663523661\n|move|p1a: Kyurem|Fusion Bolt|p2a: Clefable\n|-damage|p2a: Clefable|33\/100\n|move|p2a: Clefable|Soft-Boiled|p2a: Clefable\n|-heal|p2a: Clefable|83\/100\n|\n|upkeep\n|turn|9\n|\n|t:|1663523672\n|switch|p1a: Talonflame|Talonflame, F|100\/100\n|move|p2a: Clefable|Soft-Boiled|p2a: Clefable\n|-heal|p2a: Clefable|100\/100\n|\n|upkeep\n|turn|10\n|\n|t:|1663523675\n|move|p1a: Talonflame|Swords Dance|p1a: Talonflame\n|-boost|p1a: Talonflame|atk|2\n|move|p2a: Clefable|Knock Off|p1a: Talonflame\n|-damage|p1a: Talonflame|88\/100\n|-enditem|p1a: Talonflame|Heavy-Duty Boots|[from] move: Knock Off|[of] p2a: Clefable\n|\n|upkeep\n|turn|11\n|\n|t:|1663523684\n|switch|p2a: Suicune|Suicune|100\/100\n|-ability|p2a: Suicune|Pressure\n|move|p1a: Talonflame|Brave Bird|p2a: Suicune\n|-damage|p2a: Suicune|59\/100\n|-damage|p1a: Talonflame|73\/100|[from] Recoil\n|\n|-heal|p2a: Suicune|66\/100|[from] item: Leftovers\n|upkeep\n|turn|12\n|\n|t:|1663523695\n|move|p1a: Talonflame|Swords Dance|p1a: Talonflame\n|-boost|p1a: Talonflame|atk|2\n|move|p2a: Suicune|Scald|p1a: Talonflame\n|-supereffective|p1a: Talonflame\n|-damage|p1a: Talonflame|6\/100\n|\n|-heal|p2a: Suicune|72\/100|[from] item: Leftovers\n|upkeep\n|turn|13\n|\n|t:|1663523718\n|move|p1a: Talonflame|Brave Bird|p2a: Suicune\n|-damage|p2a: Suicune|12\/100\n|-damage|p1a: Talonflame|0 fnt|[from] Recoil\n|faint|p1a: Talonflame\n|move|p2a: Suicune|Scald|p1: Talonflame|[notarget]\n|-fail|p2a: Suicune\n|\n|-heal|p2a: Suicune|18\/100|[from] item: Leftovers\n|upkeep\n|\n|t:|1663523729\n|switch|p1a: Kyurem|Kyurem-Black|100\/100\n|-ability|p1a: Kyurem|Teravolt\n|turn|14\n|j| inkfinched\n|\n|t:|1663523741\n|switch|p1a: Landorus|Landorus-Therian, M|100\/100\n|-damage|p1a: Landorus|88\/100|[from] Stealth Rock\n|-ability|p1a: Landorus|Intimidate|boost\n|-unboost|p2a: Suicune|atk|1\n|switch|p2a: Excadrill|Excadrill, F|100\/100\n|-ability|p2a: Excadrill|Mold Breaker\n|\n|upkeep\n|turn|15\n|\n|t:|1663523749\n|switch|p2a: Tornadus|Tornadus-Therian, M|100\/100\n|move|p1a: Landorus|Earthquake|p2a: Tornadus\n|-immune|p2a: Tornadus\n|\n|upkeep\n|turn|16\n|j| okaiokaiokai\n|\n|t:|1663523754\n|switch|p1a: Tornadus|Tornadus-Therian, M|100\/100\n|move|p2a: Tornadus|Hurricane|p1a: Tornadus\n|-damage|p1a: Tornadus|56\/100\n|\n|upkeep\n|turn|17\n|l| okaiokaiokai\n|\n|t:|1663523761\n|move|p2a: Tornadus|Knock Off|p1a: Tornadus\n|-damage|p1a: Tornadus|33\/100\n|-enditem|p1a: Tornadus|Heavy-Duty Boots|[from] move: Knock Off|[of] p2a: Tornadus\n|move|p1a: Tornadus|Knock Off|p2a: Tornadus\n|-damage|p2a: Tornadus|75\/100\n|-enditem|p2a: Tornadus|Heavy-Duty Boots|[from] move: Knock Off|[of] p1a: Tornadus\n|\n|upkeep\n|turn|18\n|\n|t:|1663523777\n|move|p1a: Tornadus|U-turn|p2a: Tornadus\n|-resisted|p2a: Tornadus\n|-damage|p2a: Tornadus|65\/100\n|\n|t:|1663523780\n|switch|p1a: Dragonite|Dragonite, F|100\/100|[from]move: U-turn\n|move|p2a: Tornadus|Hurricane|p1a: Dragonite|[miss]\n|-miss|p2a: Tornadus|p1a: Dragonite\n|\n|upkeep\n|turn|19\n|\n|t:|1663523789\n|move|p2a: Tornadus|U-turn|p1a: Dragonite\n|-resisted|p1a: Dragonite\n|-damage|p1a: Dragonite|96\/100\n|\n|t:|1663523792\n|switch|p2a: Clefable|Clefable, F|100\/100|[from]move: U-turn\n|move|p1a: Dragonite|Dragon Dance|p1a: Dragonite\n|-boost|p1a: Dragonite|atk|1\n|-boost|p1a: Dragonite|spe|1\n|\n|upkeep\n|turn|20\n|\n|t:|1663523800\n|switch|p2a: Altaria|Altaria, M|100\/100\n|-ability|p2a: Altaria|Cloud Nine\n|move|p1a: Dragonite|Dragon Dance|p1a: Dragonite\n|-boost|p1a: Dragonite|atk|1\n|-boost|p1a: Dragonite|spe|1\n|\n|upkeep\n|turn|21\n|\n|t:|1663523810\n|detailschange|p2a: Altaria|Altaria-Mega, M\n|-mega|p2a: Altaria|Altaria|Altarianite\n|move|p1a: Dragonite|Earthquake|p2a: Altaria\n|-damage|p2a: Altaria|45\/100\n|move|p2a: Altaria|Return|p1a: Dragonite\n|-supereffective|p1a: Dragonite\n|-damage|p1a: Dragonite|0 fnt\n|faint|p1a: Dragonite\n|\n|upkeep\n|inactive|Giagantic has 120 seconds left.\n|\n|t:|1663523836\n|switch|p1a: Kyurem|Kyurem-Black|100\/100\n|-ability|p1a: Kyurem|Teravolt\n|turn|22\n|\n|t:|1663523853\n|switch|p2a: Suicune|Suicune|18\/100\n|-ability|p2a: Suicune|Pressure\n|move|p1a: Kyurem|Ice Beam|p2a: Suicune\n|-resisted|p2a: Suicune\n|-damage|p2a: Suicune|6\/100\n|\n|-heal|p2a: Suicune|12\/100|[from] item: Leftovers\n|upkeep\n|turn|23\n|\n|t:|1663523858\n|move|p1a: Kyurem|Earth Power|p2a: Suicune\n|-crit|p2a: Suicune\n|-damage|p2a: Suicune|0 fnt\n|faint|p2a: Suicune\n|\n|upkeep\n|\n|t:|1663523860\n|switch|p2a: Excadrill|Excadrill, F|100\/100\n|-ability|p2a: Excadrill|Mold Breaker\n|turn|24\n|\n|t:|1663523867\n|switch|p1a: Landorus|Landorus-Therian, M|88\/100\n|-damage|p1a: Landorus|76\/100|[from] Stealth Rock\n|-ability|p1a: Landorus|Intimidate|boost\n|-unboost|p2a: Excadrill|atk|1\n|move|p2a: Excadrill|Iron Head|p1a: Landorus\n|-damage|p1a: Landorus|50\/100\n|\n|upkeep\n|turn|25\n|\n|t:|1663523891\n|switch|p2a: Clefable|Clefable, F|100\/100\n|move|p1a: Landorus|U-turn|p2a: Clefable\n|-resisted|p2a: Clefable\n|-damage|p2a: Clefable|90\/100\n|\n|t:|1663523902\n|switch|p1a: Scizor|Scizor-Mega, M|69\/100|[from]move: U-turn\n|-damage|p1a: Scizor|56\/100|[from] Stealth Rock\n|\n|upkeep\n|turn|26\n|\n|t:|1663523919\n|switch|p2a: Tornadus|Tornadus-Therian, M|99\/100\n|move|p1a: Scizor|U-turn|p2a: Tornadus\n|-resisted|p2a: Tornadus\n|-damage|p2a: Tornadus|79\/100\n|\n|t:|1663523926\n|switch|p1a: Kyurem|Kyurem-Black|100\/100|[from]move: U-turn\n|-ability|p1a: Kyurem|Teravolt\n|\n|upkeep\n|turn|27\n|\n|t:|1663523938\n|move|p2a: Tornadus|Knock Off|p1a: Kyurem\n|-damage|p1a: Kyurem|82\/100\n|-enditem|p1a: Kyurem|Heavy-Duty Boots|[from] move: Knock Off|[of] p2a: Tornadus\n|move|p1a: Kyurem|Ice Beam|p2a: Tornadus\n|-supereffective|p2a: Tornadus\n|-damage|p2a: Tornadus|0 fnt\n|faint|p2a: Tornadus\n|\n|upkeep\n|l| Antaevs\n|\n|t:|1663523940\n|switch|p2a: Excadrill|Excadrill, F|100\/100\n|-ability|p2a: Excadrill|Mold Breaker\n|turn|28\n|\n|t:|1663523951\n|switch|p1a: Scizor|Scizor-Mega, M|56\/100\n|-damage|p1a: Scizor|44\/100|[from] Stealth Rock\n|move|p2a: Excadrill|Iron Head|p1a: Scizor\n|-resisted|p1a: Scizor\n|-damage|p1a: Scizor|35\/100\n|\n|upkeep\n|turn|29\n|\n|t:|1663523966\n|switch|p2a: Talonflame|Talonflame, F|90\/100\n|move|p1a: Scizor|Roost|p1a: Scizor\n|-heal|p1a: Scizor|85\/100\n|-singleturn|p1a: Scizor|move: Roost\n|\n|upkeep\n|turn|30\n|\n|t:|1663523975\n|switch|p1a: Landorus|Landorus-Therian, M|50\/100\n|-damage|p1a: Landorus|38\/100|[from] Stealth Rock\n|-ability|p1a: Landorus|Intimidate|boost\n|-unboost|p2a: Talonflame|atk|1\n|move|p2a: Talonflame|Will-O-Wisp|p1a: Landorus\n|-status|p1a: Landorus|brn\n|\n|-damage|p1a: Landorus|26\/100 brn|[from] brn\n|upkeep\n|turn|31\n|l| wet kitten\n|\n|t:|1663523988\n|switch|p2a: Clefable|Clefable, F|90\/100\n|move|p1a: Landorus|Rock Slide|p2a: Clefable\n|-damage|p2a: Clefable|79\/100\n|\n|-damage|p1a: Landorus|14\/100 brn|[from] brn\n|upkeep\n|turn|32\n|\n|t:|1663523998\n|move|p1a: Landorus|Rock Slide|p2a: Clefable|[miss]\n|-miss|p1a: Landorus|p2a: Clefable\n|move|p2a: Clefable|Soft-Boiled|p2a: Clefable\n|-heal|p2a: Clefable|100\/100\n|\n|-damage|p1a: Landorus|1\/100 brn|[from] brn\n|upkeep\n|turn|33\n|\n|t:|1663524001\n|move|p1a: Landorus|Rock Slide|p2a: Clefable\n|-damage|p2a: Clefable|91\/100\n|move|p2a: Clefable|Soft-Boiled|p2a: Clefable\n|-heal|p2a: Clefable|100\/100\n|\n|-damage|p1a: Landorus|0 fnt|[from] brn\n|faint|p1a: Landorus\n|upkeep\n|\n|t:|1663524007\n|switch|p1a: Scizor|Scizor-Mega, M|85\/100\n|-damage|p1a: Scizor|73\/100|[from] Stealth Rock\n|turn|34\n|\n|t:|1663524020\n|switch|p2a: Talonflame|Talonflame, F|90\/100\n|move|p1a: Scizor|U-turn|p2a: Talonflame\n|-resisted|p2a: Talonflame\n|-damage|p2a: Talonflame|80\/100\n|\n|t:|1663524026\n|switch|p1a: Kyurem|Kyurem-Black|82\/100|[from]move: U-turn\n|-damage|p1a: Kyurem|57\/100|[from] Stealth Rock\n|-ability|p1a: Kyurem|Teravolt\n|\n|upkeep\n|turn|35\n|\n|t:|1663524037\n|switch|p2a: Excadrill|Excadrill, F|100\/100\n|-ability|p2a: Excadrill|Mold Breaker\n|move|p1a: Kyurem|Ice Beam|p2a: Excadrill\n|-damage|p2a: Excadrill|74\/100\n|\n|-heal|p2a: Excadrill|80\/100|[from] item: Leftovers\n|upkeep\n|turn|36\n|\n|t:|1663524044\n|move|p1a: Kyurem|Earth Power|p2a: Excadrill\n|-supereffective|p2a: Excadrill\n|-damage|p2a: Excadrill|44\/100\n|-unboost|p2a: Excadrill|spd|1\n|move|p2a: Excadrill|Iron Head|p1a: Kyurem\n|-supereffective|p1a: Kyurem\n|-damage|p1a: Kyurem|0 fnt\n|faint|p1a: Kyurem\n|\n|-heal|p2a: Excadrill|50\/100|[from] item: Leftovers\n|upkeep\n|\n|t:|1663524048\n|switch|p1a: Scizor|Scizor-Mega, M|73\/100\n|-damage|p1a: Scizor|61\/100|[from] Stealth Rock\n|turn|37\n|\n|t:|1663524049\n|switch|p2a: Talonflame|Talonflame, F|80\/100\n|move|p1a: Scizor|Swords Dance|p1a: Scizor\n|-boost|p1a: Scizor|atk|2\n|\n|upkeep\n|turn|38\n|\n|t:|1663524056\n|move|p1a: Scizor|Bullet Punch|p2a: Talonflame\n|-resisted|p2a: Talonflame\n|-crit|p2a: Talonflame\n|-damage|p2a: Talonflame|26\/100\n|move|p2a: Talonflame|Will-O-Wisp|p1a: Scizor\n|-status|p1a: Scizor|brn\n|\n|-damage|p1a: Scizor|48\/100 brn|[from] brn\n|upkeep\n|turn|39\n|\n|t:|1663524064\n|move|p2a: Talonflame|Roost|p2a: Talonflame\n|-heal|p2a: Talonflame|76\/100\n|-singleturn|p2a: Talonflame|move: Roost\n|move|p1a: Scizor|Bullet Punch|p2a: Talonflame\n|-resisted|p2a: Talonflame\n|-crit|p2a: Talonflame\n|-damage|p2a: Talonflame|47\/100\n|\n|-damage|p1a: Scizor|36\/100 brn|[from] brn\n|upkeep\n|turn|40\n|\n|t:|1663524071\n|move|p2a: Talonflame|Bulk Up|p2a: Talonflame\n|-boost|p2a: Talonflame|atk|1\n|-boost|p2a: Talonflame|def|1\n|move|p1a: Scizor|Swords Dance|p1a: Scizor\n|-boost|p1a: Scizor|atk|2\n|\n|-damage|p1a: Scizor|24\/100 brn|[from] brn\n|upkeep\n|turn|41\n|c|\u2606Giagantic|gg\n|c|\u2606SkipTheDripBayless|gg\n|-message|Giagantic forfeited.\n|\n|win|SkipTheDripBayless\n|n|\u2606Giagantic|giagantic\n|n|\u2606SkipTheDripBayless|skipthedripbayless\n|n| Dfkdh|dfkdh\n|n| Piesol|piesol\n|n| evend101|evend101\n|n| inkfinched|inkfinched\n","uploadtime":1663524078,"views":11,"p1id":"giagantic","p2id":"skipthedripbayless","formatid":"gen6ou","rating":0,"private":0,"password":null}