{"id":"gen6ou-1673035276","p1":"Nick Kosir","p2":"ayevon","format":"gen6ou","log":"|j|\u2606Nick Kosir\n|j|\u2606ayevon\n|t:|1664422798\n|gametype|singles\n|player|p1|Nick Kosir|psychic-gen4|\n|player|p2|ayevon|265|\n|teamsize|p1|6\n|teamsize|p2|6\n|gen|6\n|tier|[Gen 6] OU\n|rated|Tournament battle\n|rule|Sleep Clause Mod: Limit one foe put to sleep\n|rule|Species Clause: Limit one of each Pok\u00e9mon\n|rule|OHKO Clause: OHKO moves are banned\n|rule|Moody Clause: Moody is banned\n|rule|Evasion Items Clause: Evasion items are banned\n|rule|Evasion Moves Clause: Evasion moves are banned\n|rule|Endless Battle Clause: Forcing endless battles is banned\n|rule|HP Percentage Mod: HP is shown in percentages\n|rule|Swagger Clause: Swagger is banned\n|clearpoke\n|poke|p1|Mew|item\n|poke|p1|Charizard, F|item\n|poke|p1|Dragonite, M|item\n|poke|p1|Cloyster, M|item\n|poke|p1|Bisharp, F|item\n|poke|p1|Serperior, M|item\n|poke|p2|Metagross|item\n|poke|p2|Tyranitar, M|item\n|poke|p2|Excadrill, M|item\n|poke|p2|Amoonguss, M|item\n|poke|p2|Rotom-Wash|item\n|poke|p2|Landorus-Therian, M|item\n|teampreview\n|j| BB-8-NU\n|inactive|Battle timer is ON: inactive players will automatically lose when time's up. (requested by ayevon)\n|j| PaladinCain\n|inactive|Nick Kosir has 120 seconds left.\n|\n|t:|1664422846\n|start\n|switch|p1a: Cloyster|Cloyster, M|100\/100\n|switch|p2a: Tyranitar|Tyranitar, M|100\/100\n|-weather|Sandstorm|[from] ability: Sand Stream|[of] p2a: Tyranitar\n|turn|1\n|j| a quylthulg\n|\n|t:|1664422871\n|move|p1a: Cloyster|Toxic Spikes|p2a: Tyranitar\n|-sidestart|p2: ayevon|move: Toxic Spikes\n|move|p2a: Tyranitar|Crunch|p1a: Cloyster\n|-damage|p1a: Cloyster|50\/100\n|\n|-weather|Sandstorm|[upkeep]\n|-damage|p1a: Cloyster|44\/100|[from] Sandstorm\n|upkeep\n|turn|2\n|\n|t:|1664422881\n|move|p1a: Cloyster|Icicle Spear|p2a: Tyranitar\n|-damage|p2a: Tyranitar|90\/100\n|-damage|p2a: Tyranitar|81\/100\n|-damage|p2a: Tyranitar|70\/100\n|-damage|p2a: Tyranitar|60\/100\n|-damage|p2a: Tyranitar|51\/100\n|-hitcount|p2a: Tyranitar|5\n|move|p2a: Tyranitar|Crunch|p1a: Cloyster\n|-damage|p1a: Cloyster|0 fnt\n|faint|p1a: Cloyster\n|\n|-weather|Sandstorm|[upkeep]\n|upkeep\n|\n|t:|1664422888\n|switch|p1a: Bisharp|Bisharp, F|100\/100\n|turn|3\n|j| TyCarter\n|j| LoFiPanda\n|\n|t:|1664422892\n|switch|p2a: Rotom|Rotom-Wash|100\/100\n|move|p1a: Bisharp|Swords Dance|p1a: Bisharp\n|-boost|p1a: Bisharp|atk|2\n|\n|-weather|Sandstorm|[upkeep]\n|-damage|p2a: Rotom|94\/100|[from] Sandstorm\n|-heal|p2a: Rotom|100\/100|[from] item: Leftovers\n|upkeep\n|turn|4\n|\n|t:|1664422900\n|move|p2a: Rotom|Will-O-Wisp|p1a: Bisharp\n|-status|p1a: Bisharp|brn\n|-enditem|p1a: Bisharp|Lum Berry|[eat]\n|-curestatus|p1a: Bisharp|brn|[msg]\n|move|p1a: Bisharp|Knock Off|p2a: Rotom\n|-damage|p2a: Rotom|22\/100\n|-enditem|p2a: Rotom|Leftovers|[from] move: Knock Off|[of] p1a: Bisharp\n|\n|-weather|Sandstorm|[upkeep]\n|-damage|p2a: Rotom|16\/100|[from] Sandstorm\n|upkeep\n|turn|5\n|inactive|Nick Kosir has 120 seconds left.\n|\n|t:|1664422936\n|move|p2a: Rotom|Pain Split|p1a: Bisharp\n|-sethp|p1a: Bisharp|58\/100|[from] move: Pain Split|[silent]\n|-sethp|p2a: Rotom|59\/100|[from] move: Pain Split\n|move|p1a: Bisharp|Knock Off|p2a: Rotom\n|-damage|p2a: Rotom|7\/100\n|\n|-weather|none\n|upkeep\n|turn|6\n|inactive|Nick Kosir has 120 seconds left.\n|\n|t:|1664422948\n|move|p2a: Rotom|Hydro Pump|p1a: Bisharp\n|-damage|p1a: Bisharp|0 fnt\n|faint|p1a: Bisharp\n|\n|upkeep\n|inactive|Nick Kosir has 120 seconds left.\n|\n|t:|1664422954\n|switch|p1a: Serperior|Serperior, M|100\/100\n|turn|7\n|\n|t:|1664422957\n|switch|p2a: Amoonguss|Amoonguss, M|100\/100\n|-sideend|p2: ayevon|move: Toxic Spikes|[of] p2a: Amoonguss\n|move|p1a: Serperior|Leaf Storm|p2a: Amoonguss\n|-resisted|p2a: Amoonguss\n|-damage|p2a: Amoonguss|93\/100\n|-boost|p1a: Serperior|spa|2\n|\n|-heal|p2a: Amoonguss|99\/100|[from] item: Black Sludge\n|upkeep\n|turn|8\n|inactive|Nick Kosir has 120 seconds left.\n|\n|t:|1664422980\n|move|p1a: Serperior|Knock Off|p2a: Amoonguss\n|-damage|p2a: Amoonguss|87\/100\n|-enditem|p2a: Amoonguss|Black Sludge|[from] move: Knock Off|[of] p1a: Serperior\n|move|p2a: Amoonguss|Clear Smog|p1a: Serperior\n|-supereffective|p1a: Serperior\n|-damage|p1a: Serperior|68\/100\n|-clearboost|p1a: Serperior\n|\n|upkeep\n|turn|9\n|\n|t:|1664422985\n|move|p1a: Serperior|Glare|p2a: Amoonguss\n|-status|p2a: Amoonguss|par\n|move|p2a: Amoonguss|Clear Smog|p1a: Serperior\n|-supereffective|p1a: Serperior\n|-damage|p1a: Serperior|37\/100\n|-clearboost|p1a: Serperior\n|\n|upkeep\n|turn|10\n|\n|t:|1664422988\n|switch|p1a: Mew|Mew|100\/100\n|move|p2a: Amoonguss|Clear Smog|p1a: Mew\n|-damage|p1a: Mew|88\/100\n|-clearboost|p1a: Mew\n|\n|upkeep\n|turn|11\n|\n|t:|1664422991\n|move|p1a: Mew|Stealth Rock|p2a: Amoonguss\n|-sidestart|p2: ayevon|move: Stealth Rock\n|move|p2a: Amoonguss|Spore|p1a: Mew\n|-status|p1a: Mew|slp|[from] move: Spore\n|\n|upkeep\n|turn|12\n|\n|t:|1664422999\n|switch|p1a: Dragonite|Dragonite, M|100\/100\n|switch|p2a: Landorus|Landorus-Therian, M|100\/100\n|-damage|p2a: Landorus|88\/100|[from] Stealth Rock\n|-ability|p2a: Landorus|Intimidate|boost\n|-unboost|p1a: Dragonite|atk|1\n|\n|upkeep\n|turn|13\n|\n|t:|1664423006\n|switch|p1a: Serperior|Serperior, M|37\/100\n|move|p2a: Landorus|U-turn|p1a: Serperior\n|-supereffective|p1a: Serperior\n|-damage|p1a: Serperior|0 fnt\n|-damage|p2a: Landorus|72\/100|[from] item: Rocky Helmet|[of] p1a: Serperior\n|faint|p1a: Serperior\n|\n|t:|1664423010\n|switch|p2a: Tyranitar|Tyranitar, M|51\/100|[from]move: U-turn\n|-damage|p2a: Tyranitar|38\/100|[from] Stealth Rock\n|-weather|Sandstorm|[from] ability: Sand Stream|[of] p2a: Tyranitar\n|\n|-weather|Sandstorm|[upkeep]\n|upkeep\n|\n|t:|1664423023\n|switch|p1a: Charizard|Charizard, F|100\/100\n|turn|14\n|\n|t:|1664423028\n|switch|p2a: Landorus|Landorus-Therian, M|72\/100\n|-damage|p2a: Landorus|59\/100|[from] Stealth Rock\n|-ability|p2a: Landorus|Intimidate|boost\n|-unboost|p1a: Charizard|atk|1\n|move|p1a: Charizard|Earthquake|p2a: Landorus\n|-immune|p2a: Landorus\n|\n|-weather|Sandstorm|[upkeep]\n|-damage|p1a: Charizard|94\/100|[from] Sandstorm\n|upkeep\n|turn|15\n|j| Real Randy\n|\n|t:|1664423036\n|switch|p1a: Mew|Mew|88\/100 slp\n|move|p2a: Landorus|U-turn|p1a: Mew\n|-supereffective|p1a: Mew\n|-damage|p1a: Mew|53\/100 slp\n|\n|t:|1664423044\n|switch|p2a: Excadrill|Excadrill, M|100\/100|[from]move: U-turn\n|-damage|p2a: Excadrill|97\/100|[from] Stealth Rock\n|\n|-weather|Sandstorm|[upkeep]\n|-damage|p1a: Mew|46\/100 slp|[from] Sandstorm\n|-heal|p2a: Excadrill|100\/100|[from] item: Leftovers\n|upkeep\n|turn|16\n|\n|t:|1664423053\n|move|p2a: Excadrill|Rapid Spin|p1a: Mew\n|-damage|p1a: Mew|40\/100 slp\n|-sideend|p2: ayevon|Stealth Rock|[from] move: Rapid Spin|[of] p2a: Excadrill\n|cant|p1a: Mew|slp\n|\n|-weather|Sandstorm|[upkeep]\n|-damage|p1a: Mew|34\/100 slp|[from] Sandstorm\n|upkeep\n|turn|17\n|\n|t:|1664423056\n|move|p2a: Excadrill|Earthquake|p1a: Mew\n|-crit|p1a: Mew\n|-damage|p1a: Mew|0 fnt\n|faint|p1a: Mew\n|\n|-weather|none\n|upkeep\n|\n|t:|1664423061\n|switch|p1a: Charizard|Charizard, F|94\/100\n|turn|18\n|\n|t:|1664423063\n|move|p1a: Charizard|Dragon Dance|p1a: Charizard\n|-boost|p1a: Charizard|atk|1\n|-boost|p1a: Charizard|spe|1\n|move|p2a: Excadrill|Rock Slide|p1a: Charizard\n|-supereffective|p1a: Charizard\n|-damage|p1a: Charizard|0 fnt\n|faint|p1a: Charizard\n|\n|upkeep\n|\n|t:|1664423066\n|switch|p1a: Dragonite|Dragonite, M|100\/100\n|turn|19\n|\n|t:|1664423070\n|switch|p2a: Tyranitar|Tyranitar, M|38\/100\n|-weather|Sandstorm|[from] ability: Sand Stream|[of] p2a: Tyranitar\n|move|p1a: Dragonite|Dragon Dance|p1a: Dragonite\n|-boost|p1a: Dragonite|atk|1\n|-boost|p1a: Dragonite|spe|1\n|\n|-weather|Sandstorm|[upkeep]\n|-damage|p1a: Dragonite|94\/100|[from] Sandstorm\n|upkeep\n|turn|20\n|\n|t:|1664423075\n|move|p1a: Dragonite|Iron Head|p2a: Tyranitar\n|-supereffective|p2a: Tyranitar\n|-damage|p2a: Tyranitar|0 fnt\n|faint|p2a: Tyranitar\n|\n|-weather|Sandstorm|[upkeep]\n|-damage|p1a: Dragonite|88\/100|[from] Sandstorm\n|upkeep\n|\n|t:|1664423077\n|switch|p2a: Landorus|Landorus-Therian, M|59\/100\n|-ability|p2a: Landorus|Intimidate|boost\n|-unboost|p1a: Dragonite|atk|1\n|turn|21\n|\n|t:|1664423079\n|move|p1a: Dragonite|Dragon Dance|p1a: Dragonite\n|-boost|p1a: Dragonite|atk|1\n|-boost|p1a: Dragonite|spe|1\n|move|p2a: Landorus|Hidden Power|p1a: Dragonite\n|-supereffective|p1a: Dragonite\n|-damage|p1a: Dragonite|36\/100\n|\n|-weather|Sandstorm|[upkeep]\n|-damage|p1a: Dragonite|30\/100|[from] Sandstorm\n|upkeep\n|turn|22\n|\n|t:|1664423087\n|move|p1a: Dragonite|Iron Head|p2a: Landorus\n|-damage|p2a: Landorus|25\/100\n|-damage|p1a: Dragonite|14\/100|[from] item: Rocky Helmet|[of] p2a: Landorus\n|move|p2a: Landorus|Hidden Power|p1a: Dragonite\n|-supereffective|p1a: Dragonite\n|-damage|p1a: Dragonite|0 fnt\n|faint|p1a: Dragonite\n|\n|win|ayevon\n|n|\u2606Nick Kosir|nickkosir\n|n|\u2606ayevon|ayevon\n|n| BB-8-NU|bb8nu\n|n| PaladinCain|paladincain\n|n| a quylthulg|aquylthulg\n|n| TyCarter|tycarter\n|n| LoFiPanda|lofipanda\n|n| Real Randy|realrandy\n","uploadtime":1664423088,"views":7,"p1id":"nickkosir","p2id":"ayevon","formatid":"gen6ou","rating":0,"private":0,"password":null}