{"id":"gen6ou-1693439504","p1":"BTLT6 Don","p2":"CLOysTerdeEzNutS","format":"gen6ou","log":"|raw|<div class=\"broadcast-blue\"><strong>This battle is required to be public due to a player having a name starting with 'btlt6'.<\/div>\n|j|\u2606BTLT6 Don\n|j|\u2606CLOysTerdeEzNutS\n|t:|1666607128\n|gametype|singles\n|player|p1|BTLT6 Don|#wcop2022france|1274\n|player|p2|CLOysTerdeEzNutS|fisherman-gen4|1429\n|teamsize|p1|6\n|teamsize|p2|6\n|gen|6\n|tier|[Gen 6] OU\n|rated|\n|rule|Sleep Clause Mod: Limit one foe put to sleep\n|rule|Species Clause: Limit one of each Pok\u00e9mon\n|rule|OHKO Clause: OHKO moves are banned\n|rule|Moody Clause: Moody is banned\n|rule|Evasion Items Clause: Evasion items are banned\n|rule|Evasion Moves Clause: Evasion moves are banned\n|rule|Endless Battle Clause: Forcing endless battles is banned\n|rule|HP Percentage Mod: HP is shown in percentages\n|rule|Swagger Clause: Swagger is banned\n|clearpoke\n|poke|p1|Metagross|item\n|poke|p1|Keldeo-Resolute|item\n|poke|p1|Serperior, F|item\n|poke|p1|Slowbro, M|item\n|poke|p1|Tornadus-Therian, M|item\n|poke|p1|Excadrill, M|item\n|poke|p2|Scolipede, M|item\n|poke|p2|Sharpedo, M|item\n|poke|p2|Landorus-Therian, M|item\n|poke|p2|Serperior, M|item\n|poke|p2|Heatran, M|item\n|poke|p2|Bisharp, M|item\n|teampreview\n|inactive|Battle timer is ON: inactive players will automatically lose when time's up. (requested by CLOysTerdeEzNutS)\n|inactive|BTLT6 Don also wants the timer to be on.\n|\n|t:|1666607152\n|start\n|switch|p1a: Metagross|Metagross|100\/100\n|switch|p2a: Scolipede|Scolipede, M|100\/100\n|turn|1\n|\n|t:|1666607161\n|detailschange|p1a: Metagross|Metagross-Mega\n|-mega|p1a: Metagross|Metagross|Metagrossite\n|move|p2a: Scolipede|Earthquake|p1a: Metagross\n|-supereffective|p1a: Metagross\n|-damage|p1a: Metagross|58\/100\n|move|p1a: Metagross|Zen Headbutt|p2a: Scolipede\n|-supereffective|p2a: Scolipede\n|-enditem|p2a: Scolipede|Focus Sash\n|-damage|p2a: Scolipede|1\/100\n|\n|-ability|p2a: Scolipede|Speed Boost|boost\n|-boost|p2a: Scolipede|spe|1\n|upkeep\n|turn|2\n|\n|t:|1666607177\n|switch|p2a: Landorus|Landorus-Therian, M|100\/100\n|-ability|p2a: Landorus|Intimidate|boost\n|-unboost|p1a: Metagross|atk|1\n|move|p1a: Metagross|Bullet Punch|p2a: Landorus\n|-damage|p2a: Landorus|76\/100\n|\n|upkeep\n|turn|3\n|\n|t:|1666607182\n|switch|p1a: Tornadus|Tornadus-Therian, M|100\/100\n|move|p2a: Landorus|Stealth Rock|p1a: Tornadus\n|-sidestart|p1: BTLT6 Don|move: Stealth Rock\n|\n|upkeep\n|turn|4\n|\n|t:|1666607186\n|switch|p2a: Heatran|Heatran, M|100\/100\n|move|p1a: Tornadus|Hurricane|p2a: Heatran|[miss]\n|-miss|p1a: Tornadus|p2a: Heatran\n|\n|upkeep\n|turn|5\n|\n|t:|1666607192\n|move|p1a: Tornadus|Knock Off|p2a: Heatran\n|-damage|p2a: Heatran|82\/100\n|-enditem|p2a: Heatran|Leftovers|[from] move: Knock Off|[of] p1a: Tornadus\n|move|p2a: Heatran|Magma Storm|p1a: Tornadus\n|-damage|p1a: Tornadus|66\/100\n|-activate|p1a: Tornadus|move: Magma Storm|[of] p2a: Heatran\n|\n|-damage|p1a: Tornadus|53\/100|[from] move: Magma Storm|[partiallytrapped]\n|upkeep\n|turn|6\n|\n|t:|1666607197\n|move|p1a: Tornadus|U-turn|p2a: Heatran\n|-resisted|p2a: Heatran\n|-damage|p2a: Heatran|78\/100\n|\n|t:|1666607200\n|switch|p1a: Slowbro|Slowbro, M|100\/100|[from]move: U-turn\n|-damage|p1a: Slowbro|88\/100|[from] Stealth Rock\n|move|p2a: Heatran|Toxic|p1a: Slowbro\n|-status|p1a: Slowbro|tox\n|\n|-heal|p1a: Slowbro|94\/100 tox|[from] item: Leftovers\n|-damage|p1a: Slowbro|88\/100 tox|[from] psn\n|upkeep\n|turn|7\n|\n|t:|1666607204\n|switch|p2a: Serperior|Serperior, M|100\/100\n|move|p1a: Slowbro|Scald|p2a: Serperior\n|-resisted|p2a: Serperior\n|-damage|p2a: Serperior|85\/100\n|\n|-heal|p1a: Slowbro|94\/100 tox|[from] item: Leftovers\n|-damage|p1a: Slowbro|82\/100 tox|[from] psn\n|upkeep\n|turn|8\n|\n|t:|1666607207\n|switch|p1a: Tornadus|Tornadus-Therian, M|86\/100\n|-damage|p1a: Tornadus|61\/100|[from] Stealth Rock\n|move|p2a: Serperior|Glare|p1a: Tornadus\n|-status|p1a: Tornadus|par\n|\n|upkeep\n|turn|9\n|\n|t:|1666607210\n|switch|p2a: Heatran|Heatran, M|78\/100\n|move|p1a: Tornadus|U-turn|p2a: Heatran\n|-resisted|p2a: Heatran\n|-crit|p2a: Heatran\n|-damage|p2a: Heatran|72\/100\n|\n|t:|1666607215\n|switch|p1a: Excadrill|Excadrill, M|100\/100|[from]move: U-turn\n|-damage|p1a: Excadrill|97\/100|[from] Stealth Rock\n|-ability|p1a: Excadrill|Mold Breaker\n|\n|-heal|p1a: Excadrill|100\/100|[from] item: Leftovers\n|upkeep\n|turn|10\n|\n|t:|1666607218\n|move|p1a: Excadrill|Earthquake|p2a: Heatran\n|-supereffective|p2a: Heatran\n|-damage|p2a: Heatran|0 fnt\n|faint|p2a: Heatran\n|\n|upkeep\n|\n|t:|1666607222\n|switch|p2a: Landorus|Landorus-Therian, M|76\/100\n|-ability|p2a: Landorus|Intimidate|boost\n|-unboost|p1a: Excadrill|atk|1\n|turn|11\n|\n|t:|1666607232\n|switch|p1a: Slowbro|Slowbro, M|100\/100 tox\n|-damage|p1a: Slowbro|88\/100 tox|[from] Stealth Rock\n|move|p2a: Landorus|Knock Off|p1a: Slowbro\n|-supereffective|p1a: Slowbro\n|-damage|p1a: Slowbro|34\/100 tox\n|-enditem|p1a: Slowbro|Leftovers|[from] move: Knock Off|[of] p2a: Landorus\n|\n|-damage|p1a: Slowbro|28\/100 tox|[from] psn\n|upkeep\n|turn|12\n|\n|t:|1666607237\n|move|p2a: Landorus|Earthquake|p1a: Slowbro\n|-damage|p1a: Slowbro|0 fnt\n|faint|p1a: Slowbro\n|\n|upkeep\n|\n|t:|1666607240\n|switch|p1a: Keldeo|Keldeo-Resolute|100\/100\n|-damage|p1a: Keldeo|94\/100|[from] Stealth Rock\n|turn|13\n|\n|t:|1666607244\n|switch|p2a: Serperior|Serperior, M|85\/100\n|move|p1a: Keldeo|Scald|p2a: Serperior\n|-resisted|p2a: Serperior\n|-damage|p2a: Serperior|59\/100\n|-status|p2a: Serperior|brn\n|\n|-heal|p1a: Keldeo|100\/100|[from] item: Leftovers\n|-damage|p2a: Serperior|47\/100 brn|[from] brn\n|upkeep\n|turn|14\n|\n|t:|1666607248\n|switch|p2a: Scolipede|Scolipede, M|1\/100\n|switch|p1a: Tornadus|Tornadus-Therian, M|95\/100 par\n|-damage|p1a: Tornadus|70\/100 par|[from] Stealth Rock\n|\n|upkeep\n|turn|15\n|\n|t:|1666607254\n|move|p2a: Scolipede|Toxic Spikes|p1a: Tornadus\n|-sidestart|p1: BTLT6 Don|move: Toxic Spikes\n|cant|p1a: Tornadus|par\n|\n|-ability|p2a: Scolipede|Speed Boost|boost\n|-boost|p2a: Scolipede|spe|1\n|upkeep\n|turn|16\n|\n|t:|1666607260\n|move|p2a: Scolipede|Earthquake|p1a: Tornadus\n|-immune|p1a: Tornadus\n|move|p1a: Tornadus|U-turn|p2a: Scolipede\n|-resisted|p2a: Scolipede\n|-damage|p2a: Scolipede|0 fnt\n|faint|p2a: Scolipede\n|\n|t:|1666607268\n|switch|p1a: Excadrill|Excadrill, M|100\/100|[from]move: U-turn\n|-damage|p1a: Excadrill|97\/100|[from] Stealth Rock\n|-ability|p1a: Excadrill|Mold Breaker\n|\n|-heal|p1a: Excadrill|100\/100|[from] item: Leftovers\n|upkeep\n|\n|t:|1666607270\n|switch|p2a: Landorus|Landorus-Therian, M|76\/100\n|-ability|p2a: Landorus|Intimidate|boost\n|-unboost|p1a: Excadrill|atk|1\n|turn|17\n|\n|t:|1666607283\n|switch|p1a: Tornadus|Tornadus-Therian, M|100\/100 par\n|-damage|p1a: Tornadus|76\/100 par|[from] Stealth Rock\n|move|p2a: Landorus|Earthquake|p1a: Tornadus\n|-immune|p1a: Tornadus\n|\n|upkeep\n|turn|18\n|\n|t:|1666607289\n|move|p2a: Landorus|Knock Off|p1a: Tornadus\n|-damage|p1a: Tornadus|33\/100 par\n|-enditem|p1a: Tornadus|Assault Vest|[from] move: Knock Off|[of] p2a: Landorus\n|cant|p1a: Tornadus|par\n|\n|upkeep\n|turn|19\n|\n|t:|1666607292\n|move|p2a: Landorus|Knock Off|p1a: Tornadus\n|-damage|p1a: Tornadus|4\/100 par\n|move|p1a: Tornadus|Hurricane|p2a: Landorus\n|-damage|p2a: Landorus|20\/100\n|\n|upkeep\n|turn|20\n|\n|t:|1666607297\n|move|p2a: Landorus|Knock Off|p1a: Tornadus\n|-damage|p1a: Tornadus|0 fnt\n|faint|p1a: Tornadus\n|\n|upkeep\n|\n|t:|1666607298\n|switch|p1a: Serperior|Serperior, F|100\/100\n|-damage|p1a: Serperior|88\/100|[from] Stealth Rock\n|-status|p1a: Serperior|psn\n|turn|21\n|\n|t:|1666607304\n|switch|p2a: Bisharp|Bisharp, M|100\/100\n|move|p1a: Serperior|Leaf Storm|p2a: Bisharp\n|-resisted|p2a: Bisharp\n|-damage|p2a: Bisharp|72\/100\n|-boost|p1a: Serperior|spa|2\n|\n|-damage|p1a: Serperior|76\/100 psn|[from] psn\n|upkeep\n|turn|22\n|\n|t:|1666607316\n|move|p2a: Bisharp|Sucker Punch|p1a: Serperior\n|-damage|p1a: Serperior|26\/100 psn\n|move|p1a: Serperior|Leaf Storm|p2a: Bisharp|[miss]\n|-miss|p1a: Serperior|p2a: Bisharp\n|\n|-damage|p1a: Serperior|14\/100 psn|[from] psn\n|upkeep\n|turn|23\n|\n|t:|1666607321\n|move|p1a: Serperior|Rest|p1a: Serperior\n|-status|p1a: Serperior|slp|[from] move: Rest\n|-heal|p1a: Serperior|100\/100 slp|[silent]\n|-enditem|p1a: Serperior|Chesto Berry|[eat]\n|-curestatus|p1a: Serperior|slp|[msg]\n|move|p2a: Bisharp|Knock Off|p1a: Serperior\n|-damage|p1a: Serperior|57\/100\n|\n|upkeep\n|turn|24\n|\n|t:|1666607327\n|move|p1a: Serperior|Glare|p2a: Bisharp\n|-status|p2a: Bisharp|par\n|cant|p2a: Bisharp|par\n|\n|upkeep\n|turn|25\n|\n|t:|1666607330\n|move|p2a: Bisharp|Sucker Punch|p1a: Serperior\n|-damage|p1a: Serperior|8\/100\n|move|p1a: Serperior|Leaf Storm|p2a: Bisharp\n|-resisted|p2a: Bisharp\n|-damage|p2a: Bisharp|14\/100 par\n|-boost|p1a: Serperior|spa|2\n|\n|upkeep\n|turn|26\n|\n|t:|1666607332\n|move|p1a: Serperior|Leaf Storm|p2a: Bisharp|[miss]\n|-miss|p1a: Serperior|p2a: Bisharp\n|move|p2a: Bisharp|Knock Off|p1a: Serperior\n|-damage|p1a: Serperior|0 fnt\n|faint|p1a: Serperior\n|\n|upkeep\n|\n|t:|1666607336\n|switch|p1a: Excadrill|Excadrill, M|100\/100\n|-damage|p1a: Excadrill|97\/100|[from] Stealth Rock\n|-ability|p1a: Excadrill|Mold Breaker\n|turn|27\n|\n|t:|1666607338\n|move|p1a: Excadrill|Rapid Spin|p2a: Bisharp\n|-resisted|p2a: Bisharp\n|-damage|p2a: Bisharp|11\/100 par\n|-sideend|p1: BTLT6 Don|Toxic Spikes|[from] move: Rapid Spin|[of] p1a: Excadrill\n|-sideend|p1: BTLT6 Don|Stealth Rock|[from] move: Rapid Spin|[of] p1a: Excadrill\n|move|p2a: Bisharp|Knock Off|p1a: Excadrill\n|-damage|p1a: Excadrill|20\/100\n|-enditem|p1a: Excadrill|Leftovers|[from] move: Knock Off|[of] p2a: Bisharp\n|\n|upkeep\n|turn|28\n|\n|t:|1666607343\n|move|p1a: Excadrill|Stealth Rock|p2a: Bisharp\n|-sidestart|p2: CLOysTerdeEzNutS|move: Stealth Rock\n|move|p2a: Bisharp|Knock Off|p1a: Excadrill\n|-damage|p1a: Excadrill|0 fnt\n|faint|p1a: Excadrill\n|\n|upkeep\n|\n|t:|1666607347\n|switch|p1a: Keldeo|Keldeo-Resolute|100\/100\n|turn|29\n|\n|t:|1666607349\n|move|p1a: Keldeo|Substitute|p1a: Keldeo\n|-start|p1a: Keldeo|Substitute\n|-damage|p1a: Keldeo|76\/100\n|move|p2a: Bisharp|Knock Off|p1a: Keldeo\n|-resisted|p1a: Keldeo\n|-end|p1a: Keldeo|Substitute\n|\n|-heal|p1a: Keldeo|82\/100|[from] item: Leftovers\n|upkeep\n|turn|30\n|\n|t:|1666607352\n|move|p1a: Keldeo|Substitute|p1a: Keldeo\n|-start|p1a: Keldeo|Substitute\n|-damage|p1a: Keldeo|57\/100\n|move|p2a: Bisharp|Knock Off|p1a: Keldeo\n|-resisted|p1a: Keldeo\n|-end|p1a: Keldeo|Substitute\n|\n|-heal|p1a: Keldeo|63\/100|[from] item: Leftovers\n|upkeep\n|turn|31\n|\n|t:|1666607356\n|move|p1a: Keldeo|Scald|p2a: Bisharp\n|-crit|p2a: Bisharp\n|-damage|p2a: Bisharp|0 fnt\n|faint|p2a: Bisharp\n|\n|-heal|p1a: Keldeo|70\/100|[from] item: Leftovers\n|upkeep\n|\n|t:|1666607358\n|switch|p2a: Serperior|Serperior, M|47\/100 brn\n|-damage|p2a: Serperior|35\/100 brn|[from] Stealth Rock\n|turn|32\n|\n|t:|1666607373\n|switch|p1a: Metagross|Metagross-Mega|58\/100\n|move|p2a: Serperior|Glare|p1a: Metagross\n|-status|p1a: Metagross|par\n|\n|-damage|p2a: Serperior|22\/100 brn|[from] brn\n|upkeep\n|turn|33\n|\n|t:|1666607375\n|-activate|p2a: Serperior|move: Pursuit\n|move|p1a: Metagross|Pursuit|p2a: Serperior|[from]Pursuit\n|-damage|p2a: Serperior|0 fnt\n|faint|p2a: Serperior\n|-hint|A Pokemon can't switch between when it runs out of HP and when it faints\n|\n|upkeep\n|\n|t:|1666607389\n|switch|p2a: Sharpedo|Sharpedo, M|100\/100\n|-damage|p2a: Sharpedo|88\/100|[from] Stealth Rock\n|turn|34\n|\n|t:|1666607404\n|move|p2a: Sharpedo|Crunch|p1a: Metagross\n|-supereffective|p1a: Metagross\n|-damage|p1a: Metagross|0 fnt\n|faint|p1a: Metagross\n|\n|-ability|p2a: Sharpedo|Speed Boost|boost\n|-boost|p2a: Sharpedo|spe|1\n|upkeep\n|\n|t:|1666607406\n|switch|p1a: Keldeo|Keldeo-Resolute|70\/100\n|turn|35\n|\n|t:|1666607409\n|detailschange|p2a: Sharpedo|Sharpedo-Mega, M\n|-mega|p2a: Sharpedo|Sharpedo|Sharpedonite\n|move|p2a: Sharpedo|Waterfall|p1a: Keldeo\n|-resisted|p1a: Keldeo\n|-damage|p1a: Keldeo|41\/100\n|move|p1a: Keldeo|Secret Sword|p2a: Sharpedo\n|-supereffective|p2a: Sharpedo\n|-damage|p2a: Sharpedo|0 fnt\n|faint|p2a: Sharpedo\n|\n|-heal|p1a: Keldeo|47\/100|[from] item: Leftovers\n|upkeep\n|-message|CLOysTerdeEzNutS forfeited.\n|\n|win|BTLT6 Don\n|raw|BTLT6 Don's rating: 1274 &rarr; <strong>1309<\/strong><br \/>(+35 for winning)\n|raw|CLOysTerdeEzNutS's rating: 1429 &rarr; <strong>1401<\/strong><br \/>(-28 for losing)\n|l|\u2606CLOysTerdeEzNutS\n||Ladder isn't responding, score probably updated but might not have (Request timeout).\n","uploadtime":1666607416,"views":21,"p1id":"btlt6don","p2id":"cloysterdeeznuts","formatid":"gen6ou","rating":1309,"private":0,"password":null}