{"id":"gen6ou-1651077067","p1":"SkipTheDripBayless","p2":"finchfan72","format":"gen6ou","log":"|j|\u2606SkipTheDripBayless\n|j|\u2606finchfan72\n|t:|1661785324\n|gametype|singles\n|player|p1|SkipTheDripBayless|worker-gen4|1390\n|player|p2|finchfan72|palmer|1535\n|teamsize|p1|6\n|teamsize|p2|6\n|gen|6\n|tier|[Gen 6] OU\n|rated|\n|rule|Sleep Clause Mod: Limit one foe put to sleep\n|rule|Species Clause: Limit one of each Pok\u00e9mon\n|rule|OHKO Clause: OHKO moves are banned\n|rule|Moody Clause: Moody is banned\n|rule|Evasion Items Clause: Evasion items are banned\n|rule|Evasion Moves Clause: Evasion moves are banned\n|rule|Endless Battle Clause: Forcing endless battles is banned\n|rule|HP Percentage Mod: HP is shown in percentages\n|rule|Swagger Clause: Swagger is banned\n|clearpoke\n|poke|p1|Jirachi|item\n|poke|p1|Skarmory, F|item\n|poke|p1|Breloom, F|item\n|poke|p1|Suicune|item\n|poke|p1|Tyranitar, M|item\n|poke|p1|Latias, F|item\n|poke|p2|Volcarona, F|item\n|poke|p2|Lopunny, F|item\n|poke|p2|Excadrill, M|item\n|poke|p2|Zapdos|item\n|poke|p2|Clefable, M|item\n|poke|p2|Gastrodon-East, F|item\n|teampreview\n|c|\u2606finchfan72|have fun SkipTheDripBayless\n|c|\u2606SkipTheDripBayless|u2\n|c|\u2606SkipTheDripBayless|bro\n|c|\u2606SkipTheDripBayless|i got 2 more challenges\n|c|\u2606SkipTheDripBayless|left\n|c|\u2606SkipTheDripBayless|adv and this one\n|c|\u2606finchfan72|lol\n|c|\u2606SkipTheDripBayless|dpp\n|c|\u2606finchfan72|i stopped laddering\n|c|\u2606finchfan72|just got back now\n|c|\u2606SkipTheDripBayless|ye\n|c|\u2606SkipTheDripBayless|have u got 93 gxe yet?\n|j| JadeDoesAThing\n|c|\u2606finchfan72|im not going for that no\n|c|\u2606finchfan72|im no longer going for any challenge\n|c|\u2606finchfan72|just want some games sometimes\n|c|\u2606SkipTheDripBayless|ahh\n|c|\u2606SkipTheDripBayless|gen 6 si fun\n|c|\u2606SkipTheDripBayless|lol\n|\n|t:|1661785423\n|start\n|switch|p1a: Chapignon|Breloom, F|100\/100\n|switch|p2a: Clefable|Clefable, M|100\/100\n|turn|1\n|\n|t:|1661785433\n|move|p2a: Clefable|Trick|p1a: Chapignon\n|-activate|p2a: Clefable|move: Trick|[of] p1a: Chapignon\n|-item|p1a: Chapignon|Choice Scarf|[from] move: Trick\n|-item|p2a: Clefable|Toxic Orb|[from] move: Trick\n|move|p1a: Chapignon|Spore|p2a: Clefable\n|-status|p2a: Clefable|slp|[from] move: Spore\n|\n|upkeep\n|turn|2\n|\n|t:|1661785443\n|switch|p1a: Jirachi|Jirachi|100\/100\n|cant|p2a: Clefable|slp\n|\n|upkeep\n|turn|3\n|\n|t:|1661785448\n|switch|p1a: Chapignon|Breloom, F|100\/100\n|switch|p2a: agente topo|Excadrill, M|100\/100\n|-ability|p2a: agente topo|Mold Breaker\n|\n|upkeep\n|turn|4\n|\n|t:|1661785454\n|switch|p1a: Jirachi|Jirachi|100\/100\n|switch|p2a: Zapdos|Zapdos|100\/100\n|\n|upkeep\n|turn|5\n|\n|t:|1661785461\n|switch|p2a: agente topo|Excadrill, M|100\/100\n|-ability|p2a: agente topo|Mold Breaker\n|move|p1a: Jirachi|Stealth Rock|p2a: agente topo\n|-sidestart|p2: finchfan72|move: Stealth Rock\n|\n|upkeep\n|turn|6\n|\n|t:|1661785464\n|move|p1a: Jirachi|Fire Punch|p2a: agente topo\n|-supereffective|p2a: agente topo\n|-damage|p2a: agente topo|56\/100\n|-status|p2a: agente topo|brn\n|move|p2a: agente topo|Rapid Spin|p1a: Jirachi\n|-resisted|p1a: Jirachi\n|-damage|p1a: Jirachi|99\/100\n|-sideend|p2: finchfan72|Stealth Rock|[from] move: Rapid Spin|[of] p2a: agente topo\n|\n|-heal|p1a: Jirachi|100\/100|[from] item: Leftovers\n|-heal|p2a: agente topo|62\/100 brn|[from] item: Leftovers\n|-damage|p2a: agente topo|50\/100 brn|[from] brn\n|upkeep\n|turn|7\n|c|\u2606SkipTheDripBayless|rip\n|\n|t:|1661785472\n|switch|p2a: pan con queso|Volcarona, F|100\/100\n|move|p1a: Jirachi|Stealth Rock|p2a: pan con queso\n|-sidestart|p2: finchfan72|move: Stealth Rock\n|\n|upkeep\n|turn|8\n|\n|t:|1661785485\n|switch|p1a: Suicune|Suicune, shiny|100\/100\n|-ability|p1a: Suicune|Pressure\n|move|p2a: pan con queso|Giga Drain|p1a: Suicune\n|-supereffective|p1a: Suicune\n|-damage|p1a: Suicune|55\/100\n|\n|-heal|p1a: Suicune|62\/100|[from] item: Leftovers\n|upkeep\n|turn|9\n|\n|t:|1661785489\n|switch|p1a: Tyranocif|Tyranitar, M|100\/100\n|-weather|Sandstorm|[from] ability: Sand Stream|[of] p1a: Tyranocif\n|move|p2a: pan con queso|Quiver Dance|p2a: pan con queso\n|-boost|p2a: pan con queso|spa|1\n|-boost|p2a: pan con queso|spd|1\n|-boost|p2a: pan con queso|spe|1\n|\n|-weather|Sandstorm|[upkeep]\n|-damage|p2a: pan con queso|94\/100|[from] Sandstorm\n|upkeep\n|turn|10\n|\n|t:|1661785494\n|switch|p2a: Gastrodon|Gastrodon-East, F|100\/100\n|-damage|p2a: Gastrodon|94\/100|[from] Stealth Rock\n|move|p1a: Tyranocif|Stone Edge|p2a: Gastrodon|[miss]\n|-miss|p1a: Tyranocif|p2a: Gastrodon\n|\n|-weather|Sandstorm|[upkeep]\n|-heal|p2a: Gastrodon|100\/100|[from] item: Leftovers\n|upkeep\n|turn|11\n|\n|t:|1661785500\n|switch|p1a: Suicune|Suicune, shiny|62\/100\n|-ability|p1a: Suicune|Pressure\n|move|p2a: Gastrodon|Scald|p1a: Suicune\n|-resisted|p1a: Suicune\n|-damage|p1a: Suicune|52\/100\n|\n|-weather|Sandstorm|[upkeep]\n|-damage|p1a: Suicune|46\/100|[from] Sandstorm\n|-heal|p1a: Suicune|52\/100|[from] item: Leftovers\n|upkeep\n|turn|12\n|\n|t:|1661785505\n|move|p1a: Suicune|Calm Mind|p1a: Suicune\n|-boost|p1a: Suicune|spa|1\n|-boost|p1a: Suicune|spd|1\n|move|p2a: Gastrodon|Scald|p1a: Suicune\n|-resisted|p1a: Suicune\n|-damage|p1a: Suicune|46\/100\n|\n|-weather|Sandstorm|[upkeep]\n|-damage|p1a: Suicune|40\/100|[from] Sandstorm\n|-heal|p1a: Suicune|46\/100|[from] item: Leftovers\n|upkeep\n|turn|13\n|\n|t:|1661785507\n|move|p1a: Suicune|Calm Mind|p1a: Suicune\n|-boost|p1a: Suicune|spa|1\n|-boost|p1a: Suicune|spd|1\n|move|p2a: Gastrodon|Clear Smog|p1a: Suicune\n|-damage|p1a: Suicune|42\/100\n|-clearboost|p1a: Suicune\n|\n|-weather|none\n|-heal|p1a: Suicune|48\/100|[from] item: Leftovers\n|upkeep\n|turn|14\n|\n|t:|1661785509\n|move|p1a: Suicune|Calm Mind|p1a: Suicune\n|-boost|p1a: Suicune|spa|1\n|-boost|p1a: Suicune|spd|1\n|move|p2a: Gastrodon|Scald|p1a: Suicune\n|-resisted|p1a: Suicune\n|-damage|p1a: Suicune|41\/100\n|\n|-heal|p1a: Suicune|48\/100|[from] item: Leftovers\n|upkeep\n|turn|15\n|\n|t:|1661785511\n|move|p1a: Suicune|Calm Mind|p1a: Suicune\n|-boost|p1a: Suicune|spa|1\n|-boost|p1a: Suicune|spd|1\n|move|p2a: Gastrodon|Clear Smog|p1a: Suicune\n|-damage|p1a: Suicune|43\/100\n|-clearboost|p1a: Suicune\n|\n|-heal|p1a: Suicune|50\/100|[from] item: Leftovers\n|upkeep\n|turn|16\n|\n|t:|1661785513\n|move|p1a: Suicune|Calm Mind|p1a: Suicune\n|-boost|p1a: Suicune|spa|1\n|-boost|p1a: Suicune|spd|1\n|move|p2a: Gastrodon|Scald|p1a: Suicune\n|-resisted|p1a: Suicune\n|-damage|p1a: Suicune|44\/100\n|\n|-heal|p1a: Suicune|50\/100|[from] item: Leftovers\n|upkeep\n|turn|17\n|\n|t:|1661785516\n|move|p1a: Suicune|Rest|p1a: Suicune\n|-status|p1a: Suicune|slp|[from] move: Rest\n|-heal|p1a: Suicune|100\/100 slp|[silent]\n|move|p2a: Gastrodon|Clear Smog|p1a: Suicune\n|-damage|p1a: Suicune|95\/100 slp\n|-clearboost|p1a: Suicune\n|\n|-heal|p1a: Suicune|100\/100 slp|[from] item: Leftovers\n|upkeep\n|turn|18\n|\n|t:|1661785521\n|switch|p2a: Zapdos|Zapdos|100\/100\n|-damage|p2a: Zapdos|76\/100|[from] Stealth Rock\n|cant|p1a: Suicune|slp\n|\n|-heal|p2a: Zapdos|82\/100|[from] item: Leftovers\n|upkeep\n|turn|19\n|\n|t:|1661785529\n|switch|p1a: Latias|Latias, F, shiny|100\/100\n|move|p2a: Zapdos|Discharge|p1a: Latias\n|-resisted|p1a: Latias\n|-damage|p1a: Latias|87\/100\n|\n|-heal|p2a: Zapdos|88\/100|[from] item: Leftovers\n|upkeep\n|turn|20\n|\n|t:|1661785535\n|switch|p2a: Clefable|Clefable, M|100\/100 slp\n|move|p1a: Latias|Draco Meteor|p2a: Clefable\n|-immune|p2a: Clefable\n|\n|upkeep\n|turn|21\n|l| JadeDoesAThing\n|\n|t:|1661785539\n|switch|p1a: Chapignon|Breloom, F|100\/100\n|-curestatus|p2a: Clefable|slp|[msg]\n|move|p2a: Clefable|Moonblast|p1a: Chapignon\n|-supereffective|p1a: Chapignon\n|-damage|p1a: Chapignon|0 fnt\n|faint|p1a: Chapignon\n|\n|-status|p2a: Clefable|tox|[from] item: Toxic Orb\n|upkeep\n|\n|t:|1661785546\n|switch|p1a: Airmure|Skarmory, F, shiny|100\/100\n|turn|22\n|\n|t:|1661785548\n|move|p2a: Clefable|Thunder Wave|p1a: Airmure\n|-status|p1a: Airmure|par\n|move|p1a: Airmure|Spikes|p2a: Clefable\n|-sidestart|p2: finchfan72|Spikes\n|\n|upkeep\n|turn|23\n|\n|t:|1661785554\n|move|p2a: Clefable|Thunder Wave|p1a: Airmure\n|-fail|p1a: Airmure|par\n|move|p1a: Airmure|Spikes|p2a: Clefable\n|-sidestart|p2: finchfan72|Spikes\n|\n|upkeep\n|turn|24\n|\n|t:|1661785558\n|switch|p2a: agente topo|Excadrill, M|50\/100 brn\n|-damage|p2a: agente topo|47\/100 brn|[from] Stealth Rock\n|-damage|p2a: agente topo|31\/100 brn|[from] Spikes\n|-ability|p2a: agente topo|Mold Breaker\n|move|p1a: Airmure|Whirlwind|p2a: agente topo\n|drag|p2a: Gastrodon|Gastrodon-East, F|100\/100\n|-damage|p2a: Gastrodon|94\/100|[from] Stealth Rock\n|-damage|p2a: Gastrodon|78\/100|[from] Spikes\n|\n|-heal|p2a: Gastrodon|84\/100|[from] item: Leftovers\n|upkeep\n|turn|25\n|\n|t:|1661785565\n|move|p2a: Gastrodon|Scald|p1a: Airmure\n|-damage|p1a: Airmure|65\/100 par\n|cant|p1a: Airmure|par\n|\n|-heal|p2a: Gastrodon|90\/100|[from] item: Leftovers\n|-heal|p1a: Airmure|71\/100 par|[from] item: Leftovers\n|upkeep\n|turn|26\n|\n|t:|1661785569\n|switch|p2a: agente topo|Excadrill, M|31\/100 brn\n|-damage|p2a: agente topo|27\/100 brn|[from] Stealth Rock\n|-damage|p2a: agente topo|11\/100 brn|[from] Spikes\n|-ability|p2a: agente topo|Mold Breaker\n|cant|p1a: Airmure|par\n|\n|-heal|p2a: agente topo|17\/100 brn|[from] item: Leftovers\n|-heal|p1a: Airmure|77\/100 par|[from] item: Leftovers\n|-damage|p2a: agente topo|5\/100 brn|[from] brn\n|upkeep\n|turn|27\n|\n|t:|1661785572\n|move|p2a: agente topo|Rapid Spin|p1a: Airmure\n|-resisted|p1a: Airmure\n|-damage|p1a: Airmure|77\/100 par\n|-sideend|p2: finchfan72|Spikes|[from] move: Rapid Spin|[of] p2a: agente topo\n|-sideend|p2: finchfan72|Stealth Rock|[from] move: Rapid Spin|[of] p2a: agente topo\n|move|p1a: Airmure|Spikes|p2a: agente topo\n|-sidestart|p2: finchfan72|Spikes\n|\n|-heal|p2a: agente topo|11\/100 brn|[from] item: Leftovers\n|-heal|p1a: Airmure|83\/100 par|[from] item: Leftovers\n|-damage|p2a: agente topo|0 fnt|[from] brn\n|faint|p2a: agente topo\n|upkeep\n|\n|t:|1661785574\n|switch|p2a: Zapdos|Zapdos|88\/100\n|turn|28\n|\n|t:|1661785581\n|switch|p1a: Jirachi|Jirachi|100\/100\n|move|p2a: Zapdos|Discharge|p1a: Jirachi\n|-damage|p1a: Jirachi|72\/100\n|\n|-heal|p1a: Jirachi|78\/100|[from] item: Leftovers\n|-heal|p2a: Zapdos|94\/100|[from] item: Leftovers\n|upkeep\n|turn|29\n|\n|t:|1661785585\n|switch|p2a: pan con queso|Volcarona, F|94\/100\n|-damage|p2a: pan con queso|82\/100|[from] Spikes\n|move|p1a: Jirachi|Stealth Rock|p2a: pan con queso\n|-sidestart|p2: finchfan72|move: Stealth Rock\n|\n|-heal|p1a: Jirachi|84\/100|[from] item: Leftovers\n|upkeep\n|turn|30\n|\n|t:|1661785588\n|switch|p1a: Tyranocif|Tyranitar, M|100\/100\n|-weather|Sandstorm|[from] ability: Sand Stream|[of] p1a: Tyranocif\n|move|p2a: pan con queso|Quiver Dance|p2a: pan con queso\n|-boost|p2a: pan con queso|spa|1\n|-boost|p2a: pan con queso|spd|1\n|-boost|p2a: pan con queso|spe|1\n|\n|-weather|Sandstorm|[upkeep]\n|-damage|p2a: pan con queso|76\/100|[from] Sandstorm\n|upkeep\n|turn|31\n|\n|t:|1661785593\n|move|p2a: pan con queso|Giga Drain|p1a: Tyranocif\n|-supereffective|p1a: Tyranocif\n|-damage|p1a: Tyranocif|49\/100\n|-heal|p2a: pan con queso|100\/100|[from] drain|[of] p1a: Tyranocif\n|move|p1a: Tyranocif|Stone Edge|p2a: pan con queso\n|-supereffective|p2a: pan con queso\n|-damage|p2a: pan con queso|0 fnt\n|faint|p2a: pan con queso\n|\n|-weather|Sandstorm|[upkeep]\n|upkeep\n|\n|t:|1661785596\n|switch|p2a: lazuli|Lopunny, F|100\/100\n|-damage|p2a: lazuli|88\/100|[from] Spikes\n|-damage|p2a: lazuli|76\/100|[from] Stealth Rock\n|turn|32\n|\n|t:|1661785600\n|switch|p1a: Latias|Latias, F, shiny|87\/100\n|detailschange|p2a: lazuli|Lopunny-Mega, F\n|-mega|p2a: lazuli|Lopunny|Lopunnite\n|move|p2a: lazuli|High Jump Kick|p1a: Latias\n|-resisted|p1a: Latias\n|-damage|p1a: Latias|40\/100\n|\n|-weather|Sandstorm|[upkeep]\n|-damage|p1a: Latias|34\/100|[from] Sandstorm\n|-damage|p2a: lazuli|70\/100|[from] Sandstorm\n|upkeep\n|turn|33\n|\n|t:|1661785605\n|switch|p2a: Clefable|Clefable, M|100\/100 tox\n|move|p1a: Latias|Draco Meteor|p2a: Clefable\n|-immune|p2a: Clefable\n|\n|-weather|Sandstorm|[upkeep]\n|-damage|p1a: Latias|28\/100|[from] Sandstorm\n|upkeep\n|turn|34\n|\n|t:|1661785609\n|switch|p1a: Airmure|Skarmory, F, shiny|83\/100 par\n|switch|p2a: Zapdos|Zapdos|94\/100\n|-damage|p2a: Zapdos|69\/100|[from] Stealth Rock\n|\n|-weather|none\n|-heal|p2a: Zapdos|75\/100|[from] item: Leftovers\n|-heal|p1a: Airmure|89\/100 par|[from] item: Leftovers\n|upkeep\n|turn|35\n|\n|t:|1661785620\n|switch|p1a: Jirachi|Jirachi|84\/100\n|move|p2a: Zapdos|Hidden Power|p1a: Jirachi\n|-resisted|p1a: Jirachi\n|-damage|p1a: Jirachi|78\/100\n|\n|-heal|p1a: Jirachi|84\/100|[from] item: Leftovers\n|-heal|p2a: Zapdos|81\/100|[from] item: Leftovers\n|upkeep\n|turn|36\n|\n|t:|1661785627\n|move|p1a: Jirachi|Iron Head|p2a: Zapdos\n|-resisted|p2a: Zapdos\n|-crit|p2a: Zapdos\n|-damage|p2a: Zapdos|63\/100\n|cant|p2a: Zapdos|flinch\n|\n|-heal|p1a: Jirachi|90\/100|[from] item: Leftovers\n|-heal|p2a: Zapdos|69\/100|[from] item: Leftovers\n|upkeep\n|turn|37\n|\n|t:|1661785630\n|move|p1a: Jirachi|Iron Head|p2a: Zapdos\n|-resisted|p2a: Zapdos\n|-damage|p2a: Zapdos|59\/100\n|cant|p2a: Zapdos|flinch\n|\n|-heal|p1a: Jirachi|96\/100|[from] item: Leftovers\n|-heal|p2a: Zapdos|65\/100|[from] item: Leftovers\n|upkeep\n|turn|38\n|\n|t:|1661785634\n|move|p1a: Jirachi|Iron Head|p2a: Zapdos\n|-resisted|p2a: Zapdos\n|-damage|p2a: Zapdos|55\/100\n|cant|p2a: Zapdos|flinch\n|\n|-heal|p1a: Jirachi|100\/100|[from] item: Leftovers\n|-heal|p2a: Zapdos|61\/100|[from] item: Leftovers\n|upkeep\n|turn|39\n|\n|t:|1661785640\n|move|p1a: Jirachi|Iron Head|p2a: Zapdos\n|-resisted|p2a: Zapdos\n|-damage|p2a: Zapdos|50\/100\n|cant|p2a: Zapdos|flinch\n|\n|-heal|p2a: Zapdos|56\/100|[from] item: Leftovers\n|upkeep\n|turn|40\n|\n|t:|1661785642\n|move|p1a: Jirachi|Iron Head|p2a: Zapdos\n|-resisted|p2a: Zapdos\n|-damage|p2a: Zapdos|46\/100\n|cant|p2a: Zapdos|flinch\n|\n|-heal|p2a: Zapdos|52\/100|[from] item: Leftovers\n|upkeep\n|turn|41\n|\n|t:|1661785644\n|switch|p1a: Latias|Latias, F, shiny|28\/100\n|move|p2a: Zapdos|Roost|p2a: Zapdos\n|-heal|p2a: Zapdos|100\/100\n|-singleturn|p2a: Zapdos|move: Roost\n|\n|upkeep\n|turn|42\n|\n|t:|1661785648\n|switch|p2a: Clefable|Clefable, M|100\/100 tox\n|move|p1a: Latias|Trick|p2a: Clefable\n|-activate|p1a: Latias|move: Trick|[of] p2a: Clefable\n|-item|p2a: Clefable|Choice Scarf|[from] move: Trick\n|-item|p1a: Latias|Toxic Orb|[from] move: Trick\n|\n|-status|p1a: Latias|tox|[from] item: Toxic Orb\n|upkeep\n|turn|43\n|\n|t:|1661785654\n|move|p2a: Clefable|Trick|p1a: Latias\n|-activate|p2a: Clefable|move: Trick|[of] p1a: Latias\n|-item|p1a: Latias|Choice Scarf|[from] move: Trick\n|-item|p2a: Clefable|Toxic Orb|[from] move: Trick\n|move|p1a: Latias|Healing Wish|p1a: Latias\n|faint|p1a: Latias\n|\n|upkeep\n|j| diego1999\n|\n|t:|1661785658\n|switch|p1a: Tyranocif|Tyranitar, M|49\/100\n|-heal|p1a: Tyranocif|100\/100|[from] move: Healing Wish\n|-weather|Sandstorm|[from] ability: Sand Stream|[of] p1a: Tyranocif\n|turn|44\n|\n|t:|1661785663\n|switch|p1a: Airmure|Skarmory, F, shiny|89\/100 par\n|move|p2a: Clefable|Soft-Boiled||[still]\n|-fail|p2a: Clefable|heal\n|\n|-weather|Sandstorm|[upkeep]\n|-heal|p1a: Airmure|95\/100 par|[from] item: Leftovers\n|upkeep\n|turn|45\n|\n|t:|1661785668\n|move|p2a: Clefable|Trick|p1a: Airmure\n|-activate|p2a: Clefable|move: Trick|[of] p1a: Airmure\n|-item|p1a: Airmure|Toxic Orb|[from] move: Trick\n|-item|p2a: Clefable|Leftovers|[from] move: Trick\n|move|p1a: Airmure|Spikes|p2a: Clefable\n|-sidestart|p2: finchfan72|Spikes\n|\n|-weather|Sandstorm|[upkeep]\n|upkeep\n|turn|46\n|\n|t:|1661785673\n|switch|p2a: Zapdos|Zapdos|100\/100\n|-damage|p2a: Zapdos|76\/100|[from] Stealth Rock\n|move|p1a: Airmure|Spikes|p2a: Zapdos\n|-sidestart|p2: finchfan72|Spikes\n|\n|-weather|Sandstorm|[upkeep]\n|-damage|p2a: Zapdos|70\/100|[from] Sandstorm\n|-heal|p2a: Zapdos|76\/100|[from] item: Leftovers\n|upkeep\n|turn|47\n|\n|t:|1661785682\n|switch|p1a: Tyranocif|Tyranitar, M|100\/100\n|move|p2a: Zapdos|Discharge|p1a: Tyranocif\n|-damage|p1a: Tyranocif|80\/100\n|-status|p1a: Tyranocif|par\n|-enditem|p1a: Tyranocif|Lum Berry|[eat]\n|-curestatus|p1a: Tyranocif|par|[msg]\n|\n|-weather|Sandstorm|[upkeep]\n|-damage|p2a: Zapdos|70\/100|[from] Sandstorm\n|-heal|p2a: Zapdos|76\/100|[from] item: Leftovers\n|upkeep\n|turn|48\n|\n|t:|1661785688\n|-activate|p2a: Zapdos|move: Pursuit\n|move|p1a: Tyranocif|Pursuit|p2a: Zapdos|[from]Pursuit\n|-damage|p2a: Zapdos|40\/100\n|switch|p2a: Clefable|Clefable, M|100\/100 tox\n|\n|-weather|none\n|upkeep\n|turn|49\n|\n|t:|1661785693\n|move|p2a: Clefable|Moonblast|p1a: Tyranocif\n|-supereffective|p1a: Tyranocif\n|-damage|p1a: Tyranocif|23\/100\n|move|p1a: Tyranocif|Stone Edge|p2a: Clefable\n|-damage|p2a: Clefable|35\/100 tox\n|\n|-heal|p2a: Clefable|41\/100 tox|[from] item: Leftovers\n|upkeep\n|turn|50\n|\n|t:|1661785707\n|move|p2a: Clefable|Soft-Boiled|p2a: Clefable\n|-heal|p2a: Clefable|91\/100 tox\n|move|p1a: Tyranocif|Stone Edge|p2a: Clefable|[miss]\n|-miss|p1a: Tyranocif|p2a: Clefable\n|\n|-heal|p2a: Clefable|97\/100 tox|[from] item: Leftovers\n|upkeep\n|turn|51\n|\n|t:|1661785711\n|move|p2a: Clefable|Moonblast|p1a: Tyranocif\n|-supereffective|p1a: Tyranocif\n|-damage|p1a: Tyranocif|0 fnt\n|faint|p1a: Tyranocif\n|\n|-heal|p2a: Clefable|100\/100 tox|[from] item: Leftovers\n|upkeep\n|\n|t:|1661785712\n|switch|p1a: Jirachi|Jirachi|100\/100\n|turn|52\n|\n|t:|1661785715\n|switch|p2a: Gastrodon|Gastrodon-East, F|90\/100\n|-damage|p2a: Gastrodon|65\/100|[from] Spikes\n|-damage|p2a: Gastrodon|59\/100|[from] Stealth Rock\n|move|p1a: Jirachi|Iron Head|p2a: Gastrodon\n|-resisted|p2a: Gastrodon\n|-damage|p2a: Gastrodon|50\/100\n|\n|-heal|p2a: Gastrodon|56\/100|[from] item: Leftovers\n|upkeep\n|turn|53\n|\n|t:|1661785718\n|move|p1a: Jirachi|Iron Head|p2a: Gastrodon\n|-resisted|p2a: Gastrodon\n|-damage|p2a: Gastrodon|47\/100\n|move|p2a: Gastrodon|Recover|p2a: Gastrodon\n|-heal|p2a: Gastrodon|97\/100\n|\n|-heal|p2a: Gastrodon|100\/100|[from] item: Leftovers\n|upkeep\n|turn|54\n|\n|t:|1661785722\n|switch|p1a: Suicune|Suicune, shiny|100\/100 slp\n|-ability|p1a: Suicune|Pressure\n|move|p2a: Gastrodon|Scald|p1a: Suicune\n|-resisted|p1a: Suicune\n|-damage|p1a: Suicune|90\/100 slp\n|\n|-heal|p1a: Suicune|97\/100 slp|[from] item: Leftovers\n|upkeep\n|turn|55\n|\n|t:|1661785725\n|cant|p1a: Suicune|slp\n|move|p1a: Suicune|Sleep Talk|p1a: Suicune\n|move|p1a: Suicune|Surf|p2a: Gastrodon|[from]move: Sleep Talk\n|-ability|p2a: Gastrodon|Storm Drain|boost\n|-boost|p2a: Gastrodon|spa|1\n|move|p2a: Gastrodon|Scald|p1a: Suicune\n|-resisted|p1a: Suicune\n|-damage|p1a: Suicune|82\/100 slp\n|\n|-heal|p1a: Suicune|88\/100 slp|[from] item: Leftovers\n|upkeep\n|turn|56\n|\n|t:|1661785738\n|-curestatus|p1a: Suicune|slp|[msg]\n|move|p1a: Suicune|Calm Mind|p1a: Suicune\n|-boost|p1a: Suicune|spa|1\n|-boost|p1a: Suicune|spd|1\n|move|p2a: Gastrodon|Scald|p1a: Suicune\n|-resisted|p1a: Suicune\n|-damage|p1a: Suicune|78\/100\n|\n|-heal|p1a: Suicune|85\/100|[from] item: Leftovers\n|upkeep\n|turn|57\n|\n|t:|1661785741\n|move|p1a: Suicune|Calm Mind|p1a: Suicune\n|-boost|p1a: Suicune|spa|1\n|-boost|p1a: Suicune|spd|1\n|move|p2a: Gastrodon|Scald|p1a: Suicune\n|-resisted|p1a: Suicune\n|-damage|p1a: Suicune|77\/100\n|\n|-heal|p1a: Suicune|83\/100|[from] item: Leftovers\n|upkeep\n|turn|58\n|\n|t:|1661785753\n|move|p1a: Suicune|Rest|p1a: Suicune\n|-status|p1a: Suicune|slp|[from] move: Rest\n|-heal|p1a: Suicune|100\/100 slp|[silent]\n|move|p2a: Gastrodon|Clear Smog|p1a: Suicune\n|-damage|p1a: Suicune|95\/100 slp\n|-clearboost|p1a: Suicune\n|\n|-heal|p1a: Suicune|100\/100 slp|[from] item: Leftovers\n|upkeep\n|turn|59\n|\n|t:|1661785759\n|switch|p2a: Clefable|Clefable, M|100\/100 tox\n|cant|p1a: Suicune|slp\n|\n|upkeep\n|turn|60\n|\n|t:|1661785764\n|move|p2a: Clefable|Moonblast|p1a: Suicune\n|-damage|p1a: Suicune|75\/100 slp\n|-unboost|p1a: Suicune|spa|1\n|cant|p1a: Suicune|slp\n|\n|-heal|p1a: Suicune|81\/100 slp|[from] item: Leftovers\n|upkeep\n|turn|61\n|\n|t:|1661785777\n|move|p2a: Clefable|Moonblast|p1a: Suicune\n|-damage|p1a: Suicune|57\/100 slp\n|-curestatus|p1a: Suicune|slp|[msg]\n|move|p1a: Suicune|Rest|p1a: Suicune\n|-status|p1a: Suicune|slp|[from] move: Rest\n|-heal|p1a: Suicune|100\/100 slp|[silent]\n|\n|upkeep\n|turn|62\n|\n|t:|1661785781\n|switch|p2a: Gastrodon|Gastrodon-East, F|100\/100\n|-damage|p2a: Gastrodon|76\/100|[from] Spikes\n|-damage|p2a: Gastrodon|69\/100|[from] Stealth Rock\n|cant|p1a: Suicune|slp\n|\n|-heal|p2a: Gastrodon|76\/100|[from] item: Leftovers\n|upkeep\n|turn|63\n|\n|t:|1661785787\n|cant|p1a: Suicune|slp\n|move|p2a: Gastrodon|Recover|p2a: Gastrodon\n|-heal|p2a: Gastrodon|100\/100\n|\n|upkeep\n|turn|64\n|\n|t:|1661785791\n|switch|p2a: Clefable|Clefable, M|100\/100 tox\n|-curestatus|p1a: Suicune|slp|[msg]\n|move|p1a: Suicune|Calm Mind|p1a: Suicune\n|-boost|p1a: Suicune|spa|1\n|-boost|p1a: Suicune|spd|1\n|\n|upkeep\n|turn|65\n|\n|t:|1661785800\n|switch|p1a: Airmure|Skarmory, F, shiny|95\/100 par\n|move|p2a: Clefable|Thunder Wave|p1a: Airmure\n|-fail|p1a: Airmure|par\n|\n|upkeep\n|turn|66\n|\n|t:|1661785807\n|move|p2a: Clefable|Moonblast|p1a: Airmure\n|-resisted|p1a: Airmure\n|-damage|p1a: Airmure|73\/100 par\n|cant|p1a: Airmure|par\n|\n|upkeep\n|turn|67\n|\n|t:|1661785811\n|move|p2a: Clefable|Moonblast|p1a: Airmure\n|-resisted|p1a: Airmure\n|-damage|p1a: Airmure|51\/100 par\n|cant|p1a: Airmure|par\n|\n|upkeep\n|turn|68\n|\n|t:|1661785814\n|move|p2a: Clefable|Moonblast|p1a: Airmure\n|-resisted|p1a: Airmure\n|-damage|p1a: Airmure|30\/100 par\n|move|p1a: Airmure|Roost|p1a: Airmure\n|-heal|p1a: Airmure|80\/100 par\n|-singleturn|p1a: Airmure|move: Roost\n|\n|upkeep\n|turn|69\n|\n|t:|1661785816\n|move|p2a: Clefable|Moonblast|p1a: Airmure\n|-resisted|p1a: Airmure\n|-damage|p1a: Airmure|59\/100 par\n|-unboost|p1a: Airmure|spa|1\n|cant|p1a: Airmure|par\n|\n|upkeep\n|turn|70\n|\n|t:|1661785818\n|move|p2a: Clefable|Moonblast|p1a: Airmure\n|-resisted|p1a: Airmure\n|-damage|p1a: Airmure|39\/100 par\n|move|p1a: Airmure|Roost|p1a: Airmure\n|-heal|p1a: Airmure|89\/100 par\n|-singleturn|p1a: Airmure|move: Roost\n|\n|upkeep\n|turn|71\n|\n|t:|1661785820\n|switch|p1a: Jirachi|Jirachi|100\/100\n|move|p2a: Clefable|Moonblast|p1a: Jirachi\n|-resisted|p1a: Jirachi\n|-damage|p1a: Jirachi|87\/100\n|-unboost|p1a: Jirachi|spa|1\n|\n|-heal|p1a: Jirachi|93\/100|[from] item: Leftovers\n|upkeep\n|turn|72\n|\n|t:|1661785826\n|switch|p2a: Gastrodon|Gastrodon-East, F|100\/100\n|-damage|p2a: Gastrodon|76\/100|[from] Spikes\n|-damage|p2a: Gastrodon|69\/100|[from] Stealth Rock\n|move|p1a: Jirachi|Fire Punch|p2a: Gastrodon\n|-resisted|p2a: Gastrodon\n|-damage|p2a: Gastrodon|63\/100\n|\n|-heal|p1a: Jirachi|99\/100|[from] item: Leftovers\n|-heal|p2a: Gastrodon|69\/100|[from] item: Leftovers\n|upkeep\n|turn|73\n|\n|t:|1661785835\n|switch|p1a: Airmure|Skarmory, F, shiny|89\/100 par\n|move|p2a: Gastrodon|Scald|p1a: Airmure\n|-damage|p1a: Airmure|51\/100 par\n|\n|-heal|p2a: Gastrodon|76\/100|[from] item: Leftovers\n|upkeep\n|turn|74\n|\n|t:|1661785840\n|switch|p2a: Zapdos|Zapdos|40\/100\n|-damage|p2a: Zapdos|15\/100|[from] Stealth Rock\n|move|p1a: Airmure|Whirlwind|p2a: Zapdos\n|drag|p2a: Gastrodon|Gastrodon-East, F|76\/100\n|-damage|p2a: Gastrodon|51\/100|[from] Spikes\n|-damage|p2a: Gastrodon|44\/100|[from] Stealth Rock\n|\n|-heal|p2a: Gastrodon|51\/100|[from] item: Leftovers\n|upkeep\n|turn|75\n|c|\u2606finchfan72|oh fuck\n|\n|t:|1661785854\n|move|p2a: Gastrodon|Scald|p1a: Airmure\n|-damage|p1a: Airmure|13\/100 par\n|move|p1a: Airmure|Roost|p1a: Airmure\n|-heal|p1a: Airmure|63\/100 par\n|-singleturn|p1a: Airmure|move: Roost\n|\n|-heal|p2a: Gastrodon|57\/100|[from] item: Leftovers\n|upkeep\n|turn|76\n|\n|t:|1661785859\n|switch|p1a: Suicune|Suicune, shiny|100\/100\n|-ability|p1a: Suicune|Pressure\n|move|p2a: Gastrodon|Scald|p1a: Suicune\n|-resisted|p1a: Suicune\n|-damage|p1a: Suicune|91\/100\n|-status|p1a: Suicune|brn\n|\n|-heal|p1a: Suicune|97\/100 brn|[from] item: Leftovers\n|-heal|p2a: Gastrodon|63\/100|[from] item: Leftovers\n|-damage|p1a: Suicune|85\/100 brn|[from] brn\n|upkeep\n|turn|77\n|\n|t:|1661785866\n|switch|p2a: lazuli|Lopunny-Mega, F|70\/100\n|-damage|p2a: lazuli|46\/100|[from] Spikes\n|-damage|p2a: lazuli|40\/100|[from] Stealth Rock\n|move|p1a: Suicune|Calm Mind|p1a: Suicune\n|-boost|p1a: Suicune|spa|1\n|-boost|p1a: Suicune|spd|1\n|\n|-heal|p1a: Suicune|91\/100 brn|[from] item: Leftovers\n|-damage|p1a: Suicune|78\/100 brn|[from] brn\n|upkeep\n|turn|78\n|\n|t:|1661785869\n|move|p2a: lazuli|Fake Out|p1a: Suicune\n|-damage|p1a: Suicune|66\/100 brn\n|cant|p1a: Suicune|flinch\n|\n|-heal|p1a: Suicune|72\/100 brn|[from] item: Leftovers\n|-damage|p1a: Suicune|59\/100 brn|[from] brn\n|upkeep\n|turn|79\n|\n|t:|1661785873\n|move|p2a: lazuli|High Jump Kick|p1a: Suicune\n|-damage|p1a: Suicune|18\/100 brn\n|move|p1a: Suicune|Surf|p2a: lazuli\n|-damage|p2a: lazuli|0 fnt\n|faint|p2a: lazuli\n|\n|-heal|p1a: Suicune|25\/100 brn|[from] item: Leftovers\n|-damage|p1a: Suicune|12\/100 brn|[from] brn\n|upkeep\n|\n|t:|1661785877\n|switch|p2a: Clefable|Clefable, M|100\/100 tox\n|turn|80\n|\n|t:|1661785879\n|move|p2a: Clefable|Moonblast|p1a: Suicune\n|-damage|p1a: Suicune|0 fnt\n|faint|p1a: Suicune\n|\n|upkeep\n|c|\u2606SkipTheDripBayless|wait\n|c|\u2606SkipTheDripBayless|aint no way\n|c|\u2606finchfan72|yes way\n|c|\u2606finchfan72|it was scarf bro\n|c|\u2606SkipTheDripBayless|bro\n|c|\u2606SkipTheDripBayless|ive just been clickin\n|c|\u2606SkipTheDripBayless|lol\n|\n|t:|1661785918\n|switch|p1a: Jirachi|Jirachi|99\/100\n|turn|81\n|\n|t:|1661785922\n|move|p1a: Jirachi|Iron Head|p2a: Clefable\n|-supereffective|p2a: Clefable\n|-damage|p2a: Clefable|37\/100 tox\n|cant|p2a: Clefable|flinch\n|\n|-heal|p1a: Jirachi|100\/100|[from] item: Leftovers\n|-heal|p2a: Clefable|43\/100 tox|[from] item: Leftovers\n|upkeep\n|turn|82\n|\n|t:|1661785925\n|switch|p2a: Zapdos|Zapdos|15\/100\n|-damage|p2a: Zapdos|0 fnt|[from] Stealth Rock\n|faint|p2a: Zapdos\n|move|p1a: Jirachi|Iron Head|p2: Zapdos|[notarget]\n|-fail|p1a: Jirachi\n|\n|upkeep\n|\n|t:|1661785926\n|switch|p2a: Gastrodon|Gastrodon-East, F|63\/100\n|-damage|p2a: Gastrodon|38\/100|[from] Spikes\n|-damage|p2a: Gastrodon|32\/100|[from] Stealth Rock\n|turn|83\n|\n|t:|1661785931\n|move|p1a: Jirachi|Iron Head|p2a: Gastrodon\n|-resisted|p2a: Gastrodon\n|-damage|p2a: Gastrodon|22\/100\n|move|p2a: Gastrodon|Recover|p2a: Gastrodon\n|-heal|p2a: Gastrodon|72\/100\n|\n|-heal|p2a: Gastrodon|78\/100|[from] item: Leftovers\n|upkeep\n|turn|84\n|\n|t:|1661785934\n|switch|p1a: Airmure|Skarmory, F, shiny|63\/100 par\n|move|p2a: Gastrodon|Scald|p1a: Airmure\n|-damage|p1a: Airmure|24\/100 par\n|\n|-heal|p2a: Gastrodon|84\/100|[from] item: Leftovers\n|upkeep\n|turn|85\n|\n|t:|1661785940\n|move|p2a: Gastrodon|Scald|p1a: Airmure\n|-crit|p1a: Airmure\n|-damage|p1a: Airmure|0 fnt\n|faint|p1a: Airmure\n|\n|-heal|p2a: Gastrodon|90\/100|[from] item: Leftovers\n|upkeep\n|\n|t:|1661785941\n|switch|p1a: Jirachi|Jirachi|100\/100\n|turn|86\n|\n|t:|1661785944\n|move|p1a: Jirachi|Iron Head|p2a: Gastrodon\n|-resisted|p2a: Gastrodon\n|-damage|p2a: Gastrodon|80\/100\n|move|p2a: Gastrodon|Scald|p1a: Jirachi\n|-damage|p1a: Jirachi|78\/100\n|\n|-heal|p1a: Jirachi|84\/100|[from] item: Leftovers\n|-heal|p2a: Gastrodon|86\/100|[from] item: Leftovers\n|upkeep\n|turn|87\n|\n|t:|1661785947\n|move|p1a: Jirachi|Fire Punch|p2a: Gastrodon\n|-resisted|p2a: Gastrodon\n|-damage|p2a: Gastrodon|79\/100\n|move|p2a: Gastrodon|Counter|p1a: Jirachi\n|-damage|p1a: Jirachi|70\/100\n|\n|-heal|p1a: Jirachi|76\/100|[from] item: Leftovers\n|-heal|p2a: Gastrodon|85\/100|[from] item: Leftovers\n|upkeep\n|turn|88\n|\n|t:|1661785953\n|move|p1a: Jirachi|Fire Punch|p2a: Gastrodon\n|-resisted|p2a: Gastrodon\n|-damage|p2a: Gastrodon|78\/100\n|move|p2a: Gastrodon|Counter|p1a: Jirachi\n|-damage|p1a: Jirachi|62\/100\n|\n|-heal|p1a: Jirachi|68\/100|[from] item: Leftovers\n|-heal|p2a: Gastrodon|84\/100|[from] item: Leftovers\n|upkeep\n|turn|89\n|\n|t:|1661785956\n|move|p1a: Jirachi|Fire Punch|p2a: Gastrodon\n|-resisted|p2a: Gastrodon\n|-damage|p2a: Gastrodon|78\/100\n|move|p2a: Gastrodon|Counter|p1a: Jirachi\n|-damage|p1a: Jirachi|55\/100\n|\n|-heal|p1a: Jirachi|62\/100|[from] item: Leftovers\n|-heal|p2a: Gastrodon|84\/100|[from] item: Leftovers\n|upkeep\n|turn|90\n|\n|t:|1661785959\n|move|p1a: Jirachi|Stealth Rock||[still]\n|-fail|p1a: Jirachi\n|move|p2a: Gastrodon|Counter||[still]\n|-fail|p2a: Gastrodon\n|\n|-heal|p1a: Jirachi|68\/100|[from] item: Leftovers\n|-heal|p2a: Gastrodon|91\/100|[from] item: Leftovers\n|upkeep\n|turn|91\n|\n|t:|1661785963\n|move|p1a: Jirachi|Stealth Rock||[still]\n|-fail|p1a: Jirachi\n|move|p2a: Gastrodon|Clear Smog|p1a: Jirachi\n|-immune|p1a: Jirachi\n|\n|-heal|p1a: Jirachi|74\/100|[from] item: Leftovers\n|-heal|p2a: Gastrodon|97\/100|[from] item: Leftovers\n|upkeep\n|turn|92\n|\n|t:|1661785966\n|switch|p2a: Clefable|Clefable, M|43\/100 tox\n|move|p1a: Jirachi|Stealth Rock||[still]\n|-fail|p1a: Jirachi\n|\n|-heal|p1a: Jirachi|80\/100|[from] item: Leftovers\n|-heal|p2a: Clefable|49\/100 tox|[from] item: Leftovers\n|upkeep\n|turn|93\n|\n|t:|1661785969\n|switch|p2a: Gastrodon|Gastrodon-East, F|97\/100\n|-damage|p2a: Gastrodon|72\/100|[from] Spikes\n|-damage|p2a: Gastrodon|66\/100|[from] Stealth Rock\n|move|p1a: Jirachi|Iron Head|p2a: Gastrodon\n|-resisted|p2a: Gastrodon\n|-damage|p2a: Gastrodon|56\/100\n|\n|-heal|p1a: Jirachi|86\/100|[from] item: Leftovers\n|-heal|p2a: Gastrodon|62\/100|[from] item: Leftovers\n|upkeep\n|turn|94\n|\n|t:|1661785972\n|move|p1a: Jirachi|Fire Punch|p2a: Gastrodon\n|-resisted|p2a: Gastrodon\n|-crit|p2a: Gastrodon\n|-damage|p2a: Gastrodon|52\/100\n|move|p2a: Gastrodon|Recover|p2a: Gastrodon\n|-heal|p2a: Gastrodon|100\/100\n|\n|-heal|p1a: Jirachi|93\/100|[from] item: Leftovers\n|upkeep\n|turn|95\n|\n|t:|1661785975\n|move|p1a: Jirachi|Fire Punch|p2a: Gastrodon\n|-resisted|p2a: Gastrodon\n|-damage|p2a: Gastrodon|94\/100\n|move|p2a: Gastrodon|Counter|p1a: Jirachi\n|-damage|p1a: Jirachi|79\/100\n|\n|-heal|p1a: Jirachi|85\/100|[from] item: Leftovers\n|-heal|p2a: Gastrodon|99\/100|[from] item: Leftovers\n|upkeep\n|turn|96\n|\n|t:|1661785977\n|switch|p2a: Clefable|Clefable, M|49\/100 tox\n|move|p1a: Jirachi|Fire Punch|p2a: Clefable\n|-damage|p2a: Clefable|30\/100 tox\n|\n|-heal|p1a: Jirachi|91\/100|[from] item: Leftovers\n|-heal|p2a: Clefable|36\/100 tox|[from] item: Leftovers\n|upkeep\n|turn|97\n|\n|t:|1661785982\n|switch|p2a: Gastrodon|Gastrodon-East, F|99\/100\n|-damage|p2a: Gastrodon|75\/100|[from] Spikes\n|-damage|p2a: Gastrodon|69\/100|[from] Stealth Rock\n|move|p1a: Jirachi|Iron Head|p2a: Gastrodon\n|-resisted|p2a: Gastrodon\n|-damage|p2a: Gastrodon|58\/100\n|\n|-heal|p1a: Jirachi|97\/100|[from] item: Leftovers\n|-heal|p2a: Gastrodon|64\/100|[from] item: Leftovers\n|upkeep\n|turn|98\n|\n|t:|1661785986\n|move|p1a: Jirachi|Fire Punch|p2a: Gastrodon\n|-resisted|p2a: Gastrodon\n|-damage|p2a: Gastrodon|58\/100\n|-status|p2a: Gastrodon|brn\n|move|p2a: Gastrodon|Recover|p2a: Gastrodon\n|-heal|p2a: Gastrodon|100\/100 brn\n|\n|-heal|p1a: Jirachi|100\/100|[from] item: Leftovers\n|-damage|p2a: Gastrodon|88\/100 brn|[from] brn\n|upkeep\n|turn|99\n|\n|t:|1661785989\n|move|p1a: Jirachi|Thunder|p2a: Gastrodon\n|-immune|p2a: Gastrodon\n|move|p2a: Gastrodon|Counter||[still]\n|-fail|p2a: Gastrodon\n|\n|-heal|p2a: Gastrodon|94\/100 brn|[from] item: Leftovers\n|-damage|p2a: Gastrodon|82\/100 brn|[from] brn\n|upkeep\n|turn|100\n|\n|t:|1661785994\n|move|p1a: Jirachi|Thunder|p2a: Gastrodon\n|-immune|p2a: Gastrodon\n|move|p2a: Gastrodon|Counter||[still]\n|-fail|p2a: Gastrodon\n|\n|-heal|p2a: Gastrodon|88\/100 brn|[from] item: Leftovers\n|-damage|p2a: Gastrodon|75\/100 brn|[from] brn\n|upkeep\n|turn|101\n|\n|t:|1661785997\n|move|p1a: Jirachi|Thunder|p2a: Gastrodon\n|-immune|p2a: Gastrodon\n|move|p2a: Gastrodon|Counter||[still]\n|-fail|p2a: Gastrodon\n|\n|-heal|p2a: Gastrodon|81\/100 brn|[from] item: Leftovers\n|-damage|p2a: Gastrodon|69\/100 brn|[from] brn\n|upkeep\n|turn|102\n|\n|t:|1661785999\n|move|p1a: Jirachi|Stealth Rock||[still]\n|-fail|p1a: Jirachi\n|move|p2a: Gastrodon|Counter||[still]\n|-fail|p2a: Gastrodon\n|\n|-heal|p2a: Gastrodon|75\/100 brn|[from] item: Leftovers\n|-damage|p2a: Gastrodon|63\/100 brn|[from] brn\n|upkeep\n|turn|103\n|\n|t:|1661786002\n|move|p1a: Jirachi|Iron Head|p2a: Gastrodon\n|-resisted|p2a: Gastrodon\n|-damage|p2a: Gastrodon|52\/100 brn\n|move|p2a: Gastrodon|Counter|p1a: Jirachi\n|-damage|p1a: Jirachi|78\/100\n|\n|-heal|p1a: Jirachi|84\/100|[from] item: Leftovers\n|-heal|p2a: Gastrodon|58\/100 brn|[from] item: Leftovers\n|-damage|p2a: Gastrodon|46\/100 brn|[from] brn\n|upkeep\n|turn|104\n|\n|t:|1661786004\n|move|p1a: Jirachi|Iron Head|p2a: Gastrodon\n|-resisted|p2a: Gastrodon\n|-damage|p2a: Gastrodon|35\/100 brn\n|cant|p2a: Gastrodon|flinch\n|\n|-heal|p1a: Jirachi|91\/100|[from] item: Leftovers\n|-heal|p2a: Gastrodon|41\/100 brn|[from] item: Leftovers\n|-damage|p2a: Gastrodon|29\/100 brn|[from] brn\n|upkeep\n|turn|105\n|\n|t:|1661786007\n|move|p1a: Jirachi|Iron Head|p2a: Gastrodon\n|-resisted|p2a: Gastrodon\n|-crit|p2a: Gastrodon\n|-damage|p2a: Gastrodon|12\/100 brn\n|move|p2a: Gastrodon|Recover|p2a: Gastrodon\n|-heal|p2a: Gastrodon|62\/100 brn\n|\n|-heal|p1a: Jirachi|97\/100|[from] item: Leftovers\n|-heal|p2a: Gastrodon|68\/100 brn|[from] item: Leftovers\n|-damage|p2a: Gastrodon|56\/100 brn|[from] brn\n|upkeep\n|turn|106\n|\n|t:|1661786009\n|move|p1a: Jirachi|Stealth Rock||[still]\n|-fail|p1a: Jirachi\n|move|p2a: Gastrodon|Recover|p2a: Gastrodon\n|-heal|p2a: Gastrodon|100\/100 brn\n|\n|-heal|p1a: Jirachi|100\/100|[from] item: Leftovers\n|-damage|p2a: Gastrodon|88\/100 brn|[from] brn\n|upkeep\n|turn|107\n|\n|t:|1661786012\n|move|p1a: Jirachi|Fire Punch|p2a: Gastrodon\n|-resisted|p2a: Gastrodon\n|-damage|p2a: Gastrodon|81\/100 brn\n|move|p2a: Gastrodon|Counter|p1a: Jirachi\n|-damage|p1a: Jirachi|86\/100\n|\n|-heal|p1a: Jirachi|92\/100|[from] item: Leftovers\n|-heal|p2a: Gastrodon|87\/100 brn|[from] item: Leftovers\n|-damage|p2a: Gastrodon|75\/100 brn|[from] brn\n|upkeep\n|turn|108\n|\n|t:|1661786015\n|move|p1a: Jirachi|Thunder|p2a: Gastrodon\n|-immune|p2a: Gastrodon\n|move|p2a: Gastrodon|Counter||[still]\n|-fail|p2a: Gastrodon\n|\n|-heal|p1a: Jirachi|99\/100|[from] item: Leftovers\n|-heal|p2a: Gastrodon|81\/100 brn|[from] item: Leftovers\n|-damage|p2a: Gastrodon|68\/100 brn|[from] brn\n|upkeep\n|turn|109\n|\n|t:|1661786019\n|move|p1a: Jirachi|Thunder|p2a: Gastrodon\n|-immune|p2a: Gastrodon\n|move|p2a: Gastrodon|Counter||[still]\n|-fail|p2a: Gastrodon\n|\n|-heal|p1a: Jirachi|100\/100|[from] item: Leftovers\n|-heal|p2a: Gastrodon|75\/100 brn|[from] item: Leftovers\n|-damage|p2a: Gastrodon|62\/100 brn|[from] brn\n|upkeep\n|turn|110\n|\n|t:|1661786025\n|move|p1a: Jirachi|Stealth Rock||[still]\n|-fail|p1a: Jirachi\n|move|p2a: Gastrodon|Recover|p2a: Gastrodon\n|-heal|p2a: Gastrodon|100\/100 brn\n|\n|-damage|p2a: Gastrodon|88\/100 brn|[from] brn\n|upkeep\n|turn|111\n|\n|t:|1661786029\n|switch|p2a: Clefable|Clefable, M|36\/100 tox\n|move|p1a: Jirachi|Stealth Rock||[still]\n|-fail|p1a: Jirachi\n|\n|-heal|p2a: Clefable|42\/100 tox|[from] item: Leftovers\n|upkeep\n|turn|112\n|\n|t:|1661786036\n|switch|p2a: Gastrodon|Gastrodon-East, F|88\/100 brn\n|-damage|p2a: Gastrodon|63\/100 brn|[from] Spikes\n|-damage|p2a: Gastrodon|57\/100 brn|[from] Stealth Rock\n|move|p1a: Jirachi|Iron Head|p2a: Gastrodon\n|-resisted|p2a: Gastrodon\n|-damage|p2a: Gastrodon|48\/100 brn\n|\n|-heal|p2a: Gastrodon|54\/100 brn|[from] item: Leftovers\n|-damage|p2a: Gastrodon|41\/100 brn|[from] brn\n|upkeep\n|turn|113\n|\n|t:|1661786038\n|move|p1a: Jirachi|Iron Head|p2a: Gastrodon\n|-resisted|p2a: Gastrodon\n|-damage|p2a: Gastrodon|31\/100 brn\n|cant|p2a: Gastrodon|flinch\n|\n|-heal|p2a: Gastrodon|37\/100 brn|[from] item: Leftovers\n|-damage|p2a: Gastrodon|25\/100 brn|[from] brn\n|upkeep\n|turn|114\n|\n|t:|1661786040\n|move|p1a: Jirachi|Iron Head|p2a: Gastrodon\n|-resisted|p2a: Gastrodon\n|-damage|p2a: Gastrodon|15\/100 brn\n|cant|p2a: Gastrodon|flinch\n|\n|-heal|p2a: Gastrodon|21\/100 brn|[from] item: Leftovers\n|-damage|p2a: Gastrodon|9\/100 brn|[from] brn\n|upkeep\n|turn|115\n|\n|t:|1661786042\n|move|p1a: Jirachi|Iron Head|p2a: Gastrodon\n|-resisted|p2a: Gastrodon\n|-damage|p2a: Gastrodon|0 fnt\n|faint|p2a: Gastrodon\n|\n|upkeep\n|\n|t:|1661786045\n|switch|p2a: Clefable|Clefable, M|42\/100 tox\n|turn|116\n|c|\u2606SkipTheDripBayless|sorry bro\n|c|\u2606SkipTheDripBayless|this game was just\n|c|\u2606SkipTheDripBayless|horrible\n|c|\u2606finchfan72|na i had it and threw\n|c|\u2606finchfan72|with zap\n|c|\u2606finchfan72|switching it in was bad\n|c|\u2606finchfan72|GG\n|c|\u2606SkipTheDripBayless|gg\n|\n|t:|1661786068\n|move|p1a: Jirachi|Iron Head|p2a: Clefable\n|-supereffective|p2a: Clefable\n|-damage|p2a: Clefable|0 fnt\n|faint|p2a: Clefable\n|\n|win|SkipTheDripBayless\n|raw|SkipTheDripBayless's rating: 1390 &rarr; <strong>1418<\/strong><br \/>(+28 for winning)\n|raw|finchfan72's rating: 1535 &rarr; <strong>1507<\/strong><br \/>(-28 for losing)\n|l|\u2606finchfan72\n|l|\u2606SkipTheDripBayless\n||Ladder isn't responding, score probably updated but might not have (Request timeout).\n|j|\u2606SkipTheDripBayless\n|player|p1|SkipTheDripBayless|worker-gen4\n","uploadtime":1661786073,"views":34,"p1id":"skipthedripbayless","p2id":"finchfan72","formatid":"gen6ou","rating":1418,"private":0,"password":null}