{"id":"gen6purehackmons-1706953417","p1":"ShadeDoll","p2":"DarknessImmortal","format":"gen6purehackmons","log":"|j|\u2606ShadeDoll\n|j|\u2606DarknessImmortal\n|t:|1668035857\n|gametype|singles\n|player|p1|ShadeDoll|giovanni|1356\n|player|p2|DarknessImmortal|gladion|1336\n|teamsize|p1|6\n|teamsize|p2|6\n|gen|6\n|tier|[Gen 6] Pure Hackmons\n|rated|\n|rule|HP Percentage Mod: HP is shown in percentages\n|rule|Endless Battle Clause: Forcing endless battles is banned\n|clearpoke\n|poke|p1|Shuppet, L2, M|item\n|poke|p1|Gengar-Mega, M|item\n|poke|p1|Banette-Mega, M|item\n|poke|p1|Cofagrigus, F|item\n|poke|p1|Aegislash, M|item\n|poke|p1|Spiritomb, F|item\n|poke|p2|Deoxys-Attack|item\n|poke|p2|Arceus-*|item\n|poke|p2|Groudon-Primal|item\n|poke|p2|Deoxys-Speed|item\n|poke|p2|Deoxys-Attack|item\n|poke|p2|Giratina|item\n|teampreview\n|inactive|Battle timer is ON: inactive players will automatically lose when time's up. (requested by DarknessImmortal)\n|c|\u2606DarknessImmortal|Ghost squad lmafo\n|\n|t:|1668035885\n|start\n|switch|p1a: Aegislash|Aegislash, M|100\/100\n|switch|p2a: Overpowered 2|Deoxys-Speed|100\/100\n|turn|1\n|\n|t:|1668035891\n|move|p1a: Aegislash|Substitute|p1a: Aegislash\n|-start|p1a: Aegislash|Substitute\n|-damage|p1a: Aegislash|76\/100\n|move|p2a: Overpowered 2|Sheer Cold|p1a: Aegislash\n|-ohko\n|-end|p1a: Aegislash|Substitute\n|\n|upkeep\n|turn|2\n|\n|t:|1668035896\n|move|p1a: Aegislash|Baton Pass|p1a: Aegislash\n|\n|t:|1668035898\n|switch|p1a: PURE EVIL|Spiritomb, F, shiny|100\/100|[from]move: Baton Pass\n|move|p2a: Overpowered 2|Sheer Cold|p1a: PURE EVIL\n|-immune|p1a: PURE EVIL|[from] ability: Wonder Guard\n|\n|upkeep\n|turn|3\n|\n|t:|1668035909\n|switch|p2a: Legit God|Arceus, shiny|100\/100\n|move|p1a: PURE EVIL|Magic Coat|p1a: PURE EVIL\n|-singleturn|p1a: PURE EVIL|move: Magic Coat\n|\n|upkeep\n|turn|4\n|\n|t:|1668035914\n|move|p2a: Legit God|Shell Smash|p2a: Legit God\n|-unboost|p2a: Legit God|def|1\n|-unboost|p2a: Legit God|spd|1\n|-boost|p2a: Legit God|atk|2\n|-boost|p2a: Legit God|spa|2\n|-boost|p2a: Legit God|spe|2\n|move|p1a: PURE EVIL|Metal Burst||[still]\n|-fail|p1a: PURE EVIL\n|\n|upkeep\n|turn|5\n|j| Lindsey Paraeah\n|c|\u2606DarknessImmortal|Hmmm metal burst\n|c|\u2606DarknessImmortal|What is metal burst\n|c|\u2606DarknessImmortal|Never heard of it lol\n|\n|t:|1668035938\n|move|p2a: Legit God|Shadow Claw|p1a: PURE EVIL\n|-immune|p1a: PURE EVIL|[from] ability: Wonder Guard\n|move|p1a: PURE EVIL|Sing|p2a: Legit God|[miss]\n|-miss|p1a: PURE EVIL|p2a: Legit God\n|\n|upkeep\n|turn|6\n|\n|t:|1668035948\n|move|p2a: Legit God|Storm Throw|p1a: PURE EVIL\n|-immune|p1a: PURE EVIL\n|move|p1a: PURE EVIL|Sing|p2a: Legit God|[miss]\n|-miss|p1a: PURE EVIL|p2a: Legit God\n|\n|upkeep\n|turn|7\n|l| Lindsey Paraeah\n|inactive|DarknessImmortal has 120 seconds left.\n|j| Lindsey Paraeah\n|inactive|DarknessImmortal has 90 seconds left.\n|inactive|DarknessImmortal has 60 seconds left.\n|\n|t:|1668036046\n|switch|p2a: Overpowered 2|Deoxys-Speed|100\/100\n|move|p1a: PURE EVIL|Sing|p2a: Overpowered 2\n|-status|p2a: Overpowered 2|slp|[from] move: Sing\n|\n|upkeep\n|turn|8\n|\n|t:|1668036053\n|switch|p1a: Aegislash|Aegislash, M|76\/100\n|cant|p2a: Overpowered 2|slp\n|\n|upkeep\n|turn|9\n|\n|t:|1668036056\n|move|p1a: Aegislash|Substitute|p1a: Aegislash\n|-start|p1a: Aegislash|Substitute\n|-damage|p1a: Aegislash|51\/100\n|cant|p2a: Overpowered 2|slp\n|\n|upkeep\n|turn|10\n|\n|t:|1668036061\n|move|p1a: Aegislash|Baton Pass|p1a: Aegislash\n|\n|t:|1668036063\n|switch|p1a: Curse you~|Shuppet, L2, M|100\/100|[from]move: Baton Pass\n|-curestatus|p2a: Overpowered 2|slp|[msg]\n|move|p2a: Overpowered 2|Sheer Cold|p1a: Curse you~\n|-immune|p1a: Curse you~|[from] ability: Wonder Guard\n|\n|upkeep\n|turn|11\n|\n|t:|1668036066\n|move|p2a: Overpowered 2|Sheer Cold|p1a: Curse you~\n|-immune|p1a: Curse you~|[from] ability: Wonder Guard\n|move|p1a: Curse you~|Curse|p2a: Overpowered 2\n|-start|p2a: Overpowered 2|Curse|[of] p1a: Curse you~\n|-damage|p1a: Curse you~|54\/100\n|\n|-damage|p2a: Overpowered 2|75\/100|[from] Curse\n|upkeep\n|turn|12\n|\n|t:|1668036069\n|move|p2a: Overpowered 2|Sheer Cold|p1a: Curse you~\n|-immune|p1a: Curse you~|[from] ability: Wonder Guard\n|move|p1a: Curse you~|Pain Split|p2a: Overpowered 2\n|-sethp|p2a: Overpowered 2|39\/100|[from] move: Pain Split|[silent]\n|-sethp|p1a: Curse you~|100\/100|[from] move: Pain Split\n|\n|-damage|p2a: Overpowered 2|14\/100|[from] Curse\n|upkeep\n|turn|13\n|\n|t:|1668036080\n|switch|p2a: Legit God|Arceus, shiny|100\/100\n|move|p1a: Curse you~|Curse|p2a: Legit God\n|-start|p2a: Legit God|Curse|[of] p1a: Curse you~\n|-damage|p1a: Curse you~|54\/100\n|\n|-damage|p2a: Legit God|76\/100|[from] Curse\n|upkeep\n|turn|14\n|\n|t:|1668036084\n|move|p2a: Legit God|Shell Smash|p2a: Legit God\n|-unboost|p2a: Legit God|def|1\n|-unboost|p2a: Legit God|spd|1\n|-boost|p2a: Legit God|atk|2\n|-boost|p2a: Legit God|spa|2\n|-boost|p2a: Legit God|spe|2\n|move|p1a: Curse you~|Pain Split|p2a: Legit God\n|-sethp|p2a: Legit God|39\/100|[from] move: Pain Split|[silent]\n|-sethp|p1a: Curse you~|100\/100|[from] move: Pain Split\n|\n|-damage|p2a: Legit God|14\/100|[from] Curse\n|upkeep\n|turn|15\n|\n|t:|1668036094\n|move|p2a: Legit God|Shadow Claw|p1a: Curse you~\n|-supereffective|p1a: Curse you~\n|-end|p1a: Curse you~|Substitute\n|move|p1a: Curse you~|Substitute|p1a: Curse you~\n|-start|p1a: Curse you~|Substitute\n|-damage|p1a: Curse you~|80\/100\n|\n|-damage|p2a: Legit God|0 fnt|[from] Curse\n|faint|p2a: Legit God\n|upkeep\n|inactive|DarknessImmortal has 120 seconds left.\n|\n|t:|1668036123\n|switch|p2a: Overpowered|Deoxys-Attack|100\/100\n|turn|16\n|\n|t:|1668036126\n|move|p2a: Overpowered|Shadow Claw|p1a: Curse you~\n|-supereffective|p1a: Curse you~\n|-crit|p1a: Curse you~\n|-end|p1a: Curse you~|Substitute\n|move|p1a: Curse you~|Curse|p2a: Overpowered\n|-start|p2a: Overpowered|Curse|[of] p1a: Curse you~\n|-damage|p1a: Curse you~|34\/100\n|\n|-damage|p2a: Overpowered|76\/100|[from] Curse\n|upkeep\n|turn|17\n|\n|t:|1668036132\n|switch|p1a: PURE EVIL|Spiritomb, F, shiny|100\/100\n|move|p2a: Overpowered|Shadow Claw|p1a: PURE EVIL\n|-immune|p1a: PURE EVIL|[from] ability: Wonder Guard\n|\n|-damage|p2a: Overpowered|51\/100|[from] Curse\n|upkeep\n|turn|18\n|inactive|DarknessImmortal has 120 seconds left.\n|\n|t:|1668036156\n|move|p2a: Overpowered|Heart Swap|p1a: PURE EVIL\n|-swapboost|p2a: Overpowered|p1a: PURE EVIL|[from] move: Heart Swap\n|move|p1a: PURE EVIL|Metal Burst||[still]\n|-fail|p1a: PURE EVIL\n|\n|-damage|p2a: Overpowered|26\/100|[from] Curse\n|upkeep\n|turn|19\n|\n|t:|1668036171\n|move|p2a: Overpowered|Shadow Claw|p1a: PURE EVIL\n|-immune|p1a: PURE EVIL|[from] ability: Wonder Guard\n|move|p1a: PURE EVIL|Sing|p2a: Overpowered|[miss]\n|-miss|p1a: PURE EVIL|p2a: Overpowered\n|\n|-damage|p2a: Overpowered|1\/100|[from] Curse\n|upkeep\n|turn|20\n|\n|t:|1668036175\n|move|p2a: Overpowered|Shadow Claw|p1a: PURE EVIL\n|-immune|p1a: PURE EVIL|[from] ability: Wonder Guard\n|move|p1a: PURE EVIL|Sing|p2a: Overpowered|[miss]\n|-miss|p1a: PURE EVIL|p2a: Overpowered\n|\n|-damage|p2a: Overpowered|0 fnt|[from] Curse\n|faint|p2a: Overpowered\n|upkeep\n|\n|t:|1668036188\n|switch|p2a: Mr. Prime|Groudon-Primal, shiny|100\/100\n|turn|21\n|\n|t:|1668036193\n|move|p1a: PURE EVIL|Magic Coat|p1a: PURE EVIL\n|-singleturn|p1a: PURE EVIL|move: Magic Coat\n|move|p2a: Mr. Prime|Spore|p1a: PURE EVIL\n|move|p1a: PURE EVIL|Spore|p2a: Mr. Prime|[from]Magic Coat\n|-status|p2a: Mr. Prime|slp|[from] move: Spore\n|\n|upkeep\n|turn|22\n|inactive|DarknessImmortal has 120 seconds left.\n|inactive|DarknessImmortal has 90 seconds left.\n|j| ipinqa 777\n|l| Lindsey Paraeah\n|c|\u2606DarknessImmortal|What IS SUPER EFFECTIVE AGAINST GHOST DARK TYPING\n|j| Lindsey Paraeah\n|l| ipinqa 777\n|c|\u2606DarknessImmortal|I'm losing my fucking mind\n|c| Lindsey Paraeah|fairy\n|inactive|DarknessImmortal has 60 seconds left.\n|c|\u2606DarknessImmortal|I don't have damn fairy move\n|c|\u2606DarknessImmortal|\ud83e\udd23\ud83e\udd23\ud83e\udd23\ud83d\ude30\n|c| Lindsey Paraeah|sucks\n|\n|t:|1668036274\n|switch|p1a: Aegislash|Aegislash, M|51\/100\n|cant|p2a: Mr. Prime|slp\n|\n|upkeep\n|turn|23\n|\n|t:|1668036283\n|-curestatus|p2a: Mr. Prime|slp|[msg]\n|move|p2a: Mr. Prime|Spore|p1a: Aegislash\n|-activate|p1a: Aegislash|item: Safety Goggles|Spore\n|move|p1a: Aegislash|Substitute|p1a: Aegislash\n|-start|p1a: Aegislash|Substitute\n|-damage|p1a: Aegislash|26\/100\n|\n|upkeep\n|turn|24\n|c|\u2606DarknessImmortal|SAFETY Goggles are U FUCKING SERIOUS\n|inactive|DarknessImmortal has 30 seconds left.\n|inactive|DarknessImmortal has 20 seconds left.\n|c|\u2606ShadeDoll|after meeting an guy with prankster spore\n|c|\u2606ShadeDoll|yes\n|inactive|ShadeDoll has 120 seconds left.\n|\n|t:|1668036333\n|switch|p2a: The Grim Reaper|Giratina|100\/100\n|move|p1a: Aegislash|Minimize|p1a: Aegislash\n|-boost|p1a: Aegislash|evasion|2\n|\n|upkeep\n|turn|25\n|inactive|DarknessImmortal has 30 seconds left this turn.\n|\n|t:|1668036339\n|switch|p1a: PURE EVIL|Spiritomb, F, shiny|100\/100\n|move|p2a: The Grim Reaper|Shadow Claw|p1a: PURE EVIL\n|-immune|p1a: PURE EVIL|[from] ability: Wonder Guard\n|\n|upkeep\n|turn|26\n|inactive|DarknessImmortal has 30 seconds left.\n|c|\u2606DarknessImmortal|Pls stop\n|\n|t:|1668036353\n|switch|p2a: Mr. Prime|Groudon-Primal, shiny|100\/100\n|move|p1a: PURE EVIL|Sing|p2a: Mr. Prime|[miss]\n|-miss|p1a: PURE EVIL|p2a: Mr. Prime\n|\n|upkeep\n|turn|27\n|inactive|DarknessImmortal has 30 seconds left.\n|\n|t:|1668036359\n|move|p1a: PURE EVIL|Magic Coat|p1a: PURE EVIL\n|-singleturn|p1a: PURE EVIL|move: Magic Coat\n|move|p2a: Mr. Prime|Spore|p1a: PURE EVIL\n|move|p1a: PURE EVIL|Spore|p2a: Mr. Prime|[from]Magic Coat\n|-status|p2a: Mr. Prime|slp|[from] move: Spore\n|\n|upkeep\n|turn|28\n|inactive|DarknessImmortal has 30 seconds left.\n|\n|t:|1668036370\n|switch|p1a: Curse you~|Shuppet, L2, M|34\/100\n|cant|p2a: Mr. Prime|slp\n|\n|upkeep\n|turn|29\n|\n|t:|1668036373\n|-curestatus|p2a: Mr. Prime|slp|[msg]\n|move|p2a: Mr. Prime|Spore|p1a: Curse you~\n|-status|p1a: Curse you~|slp|[from] move: Spore\n|cant|p1a: Curse you~|slp\n|\n|upkeep\n|turn|30\n|-activate|p1a: Curse you~|item: Quick Claw\n|\n|t:|1668036378\n|move|p2a: Mr. Prime|Stealth Rock|p1a: Curse you~\n|-sidestart|p1: ShadeDoll|move: Stealth Rock\n|-curestatus|p1a: Curse you~|slp|[msg]\n|move|p1a: Curse you~|Substitute|p1a: Curse you~\n|-start|p1a: Curse you~|Substitute\n|-damage|p1a: Curse you~|14\/100\n|\n|upkeep\n|turn|31\n|c|\u2606ShadeDoll|sadness\n|c|\u2606ShadeDoll|rocks are everywhere\n|\n|t:|1668036394\n|switch|p2a: The Grim Reaper|Giratina|100\/100\n|move|p1a: Curse you~|Pain Split|p2a: The Grim Reaper\n|-sethp|p2a: The Grim Reaper|51\/100|[from] move: Pain Split|[silent]\n|-sethp|p1a: Curse you~|100\/100|[from] move: Pain Split\n|\n|upkeep\n|turn|32\n|c|\u2606ShadeDoll|don' worry\n|c|\u2606DarknessImmortal|Hmph\n|c|\u2606ShadeDoll|i have a cleaning rag\n|-activate|p1a: Curse you~|item: Quick Claw\n|\n|t:|1668036411\n|move|p1a: Curse you~|Defog|p2a: The Grim Reaper\n|move|p2a: The Grim Reaper|Defog|p1a: Curse you~|[from]ability: Magic Bounce\n|-sideend|p1: ShadeDoll|Stealth Rock|[from] move: Defog|[of] p2a: The Grim Reaper\n|move|p2a: The Grim Reaper|Shadow Claw|p1a: Curse you~\n|-supereffective|p1a: Curse you~\n|-end|p1a: Curse you~|Substitute\n|\n|upkeep\n|turn|33\n|c|\u2606DarknessImmortal|Hahahahahaha\n|c|\u2606DarknessImmortal|I bouce defog\n|c|\u2606DarknessImmortal|What does that even do\n|inactive|DarknessImmortal has 30 seconds left.\n|c|\u2606ShadeDoll|- evasion\n|c|\u2606ShadeDoll|no hazards\n|inactive|DarknessImmortal has 20 seconds left.\n|c|\u2606DarknessImmortal|I knew that\n|inactive|DarknessImmortal has 15 seconds left.\n|c|\u2606DarknessImmortal|I was saying that I did it for u\n|inactive|DarknessImmortal has 10 seconds left.\n|c|\u2606DarknessImmortal|Useless\n|\n|t:|1668036464\n|switch|p1a: PURE EVIL|Spiritomb, F, shiny|100\/100\n|move|p2a: The Grim Reaper|Shadow Claw|p1a: PURE EVIL\n|-immune|p1a: PURE EVIL|[from] ability: Wonder Guard\n|\n|upkeep\n|turn|34\n|inactive|DarknessImmortal has 20 seconds left this turn.\n|inactive|DarknessImmortal has 15 seconds left.\n|\n|t:|1668036471\n|switch|p2a: Mr. Prime|Groudon-Primal, shiny|100\/100\n|move|p1a: PURE EVIL|Sing|p2a: Mr. Prime|[miss]\n|-miss|p1a: PURE EVIL|p2a: Mr. Prime\n|\n|upkeep\n|turn|35\n|inactive|DarknessImmortal has 25 seconds left this turn.\n|inactive|DarknessImmortal has 20 seconds left.\n|\n|t:|1668036476\n|move|p1a: PURE EVIL|Magic Coat|p1a: PURE EVIL\n|-singleturn|p1a: PURE EVIL|move: Magic Coat\n|move|p2a: Mr. Prime|Stealth Rock|p1a: PURE EVIL\n|move|p1a: PURE EVIL|Stealth Rock|p2a: Mr. Prime|[from]Magic Coat\n|-sidestart|p2: DarknessImmortal|move: Stealth Rock\n|\n|upkeep\n|turn|36\n|inactive|DarknessImmortal has 30 seconds left this turn.\n|\n|t:|1668036481\n|move|p1a: PURE EVIL|Magic Coat|p1a: PURE EVIL\n|-singleturn|p1a: PURE EVIL|move: Magic Coat\n|move|p2a: Mr. Prime|Spore|p1a: PURE EVIL\n|move|p1a: PURE EVIL|Spore|p2a: Mr. Prime|[from]Magic Coat\n|-status|p2a: Mr. Prime|slp|[from] move: Spore\n|\n|upkeep\n|turn|37\n|inactive|DarknessImmortal has 30 seconds left.\n|c|\u2606DarknessImmortal|U can metal coat two straight times that's illegal\n|inactive|DarknessImmortal has 20 seconds left.\n|c| Lindsey Paraeah|this is too funny\n|inactive|DarknessImmortal has 15 seconds left.\n|inactive|DarknessImmortal has 10 seconds left.\n|c|\u2606DarknessImmortal|FUcLKKKK\n|\n|t:|1668036516\n|switch|p2a: The Grim Reaper|Giratina|51\/100\n|-damage|p2a: The Grim Reaper|38\/100|[from] Stealth Rock\n|switch|p1a: Curse you~|Shuppet, L2, M|100\/100\n|\n|upkeep\n|turn|38\n|inactive|DarknessImmortal has 20 seconds left this turn.\n|inactive|DarknessImmortal has 15 seconds left.\n|inactive|DarknessImmortal has 10 seconds left.\n|\n|t:|1668036530\n|switch|p1a: PURE EVIL|Spiritomb, F, shiny|100\/100\n|move|p2a: The Grim Reaper|Shadow Claw|p1a: PURE EVIL\n|-immune|p1a: PURE EVIL|[from] ability: Wonder Guard\n|\n|upkeep\n|turn|39\n|inactive|DarknessImmortal has 20 seconds left this turn.\n|\n|t:|1668036536\n|move|p2a: The Grim Reaper|Shadow Claw|p1a: PURE EVIL\n|-immune|p1a: PURE EVIL|[from] ability: Wonder Guard\n|move|p1a: PURE EVIL|Sing|p2a: The Grim Reaper\n|move|p2a: The Grim Reaper|Sing|p1a: PURE EVIL|[from]ability: Magic Bounce\n|-status|p1a: PURE EVIL|slp|[from] move: Sing\n|\n|upkeep\n|turn|40\n|inactive|DarknessImmortal has 30 seconds left this turn.\n|c|\u2606ShadeDoll|f\n|c|\u2606DarknessImmortal|Lmao\n|inactive|DarknessImmortal has 20 seconds left.\n|\n|t:|1668036553\n|switch|p2a: Mr. Prime|Groudon-Primal, shiny|100\/100 slp\n|-damage|p2a: Mr. Prime|88\/100 slp|[from] Stealth Rock\n|cant|p1a: PURE EVIL|slp\n|\n|-heal|p2a: Mr. Prime|94\/100 slp|[from] item: Leftovers\n|upkeep\n|turn|41\n|inactive|DarknessImmortal has 30 seconds left this turn.\n|\n|t:|1668036557\n|switch|p1a: Haha! Coffin|Cofagrigus, F|100\/100\n|cant|p2a: Mr. Prime|slp\n|\n|-heal|p2a: Mr. Prime|100\/100 slp|[from] item: Leftovers\n|upkeep\n|turn|42\n|\n|t:|1668036564\n|cant|p2a: Mr. Prime|slp\n|move|p1a: Haha! Coffin|Gastro Acid|p2a: Mr. Prime\n|-endability|p2a: Mr. Prime\n|\n|upkeep\n|turn|43\n|\n|t:|1668036573\n|cant|p2a: Mr. Prime|slp\n|move|p1a: Haha! Coffin|Aromatherapy|p1a: Haha! Coffin\n|-activate|p1a: Haha! Coffin|move: Aromatherapy\n|-curestatus|p1: PURE EVIL|slp|[msg]\n|\n|upkeep\n|turn|44\n|c|\u2606DarknessImmortal|Three goddamn turns\n|c|\u2606DarknessImmortal|THREE GODDAMN TURNS\n|inactive|DarknessImmortal has 30 seconds left.\n|c|\u2606ShadeDoll|after 3rd you wake up 100%\n|\n|t:|1668036601\n|-curestatus|p2a: Mr. Prime|slp|[msg]\n|move|p2a: Mr. Prime|Spore|p1a: Haha! Coffin\n|move|p1a: Haha! Coffin|Spore|p2a: Mr. Prime|[from]ability: Magic Bounce\n|-status|p2a: Mr. Prime|slp|[from] move: Spore\n|move|p1a: Haha! Coffin|Gastro Acid||[still]\n|-fail|p1a: Haha! Coffin\n|\n|upkeep\n|turn|45\n|inactive|DarknessImmortal has 30 seconds left.\n|c|\u2606DarknessImmortal|...\n|c|\u2606ShadeDoll|okay lets wrap this up\n|c|\u2606DarknessImmortal|I'm going back to my mommy's basement\n|inactive|DarknessImmortal has 20 seconds left.\n|inactive|DarknessImmortal has 15 seconds left.\n|\n|t:|1668036627\n|switch|p2a: The Grim Reaper|Giratina|38\/100\n|-damage|p2a: The Grim Reaper|26\/100|[from] Stealth Rock\n|switch|p1a: Nope|Banette-Mega, M|100\/100\n|-ability|p1a: Nope|Mold Breaker\n|\n|upkeep\n|turn|46\n|inactive|DarknessImmortal has 25 seconds left this turn.\n|inactive|DarknessImmortal has 20 seconds left.\n|\n|t:|1668036634\n|move|p1a: Nope|Shadow Sneak|p2a: The Grim Reaper\n|-supereffective|p2a: The Grim Reaper\n|-damage|p2a: The Grim Reaper|0 fnt\n|faint|p2a: The Grim Reaper\n|\n|upkeep\n|inactive|DarknessImmortal has 25 seconds left this turn.\n|\n|t:|1668036639\n|switch|p2a: Overpowered 2|Deoxys-Speed|14\/100\n|-damage|p2a: Overpowered 2|2\/100|[from] Stealth Rock\n|turn|47\n|inactive|DarknessImmortal has 30 seconds left.\n|\n|t:|1668036645\n|move|p1a: Nope|Shadow Sneak|p2a: Overpowered 2\n|-supereffective|p2a: Overpowered 2\n|-damage|p2a: Overpowered 2|0 fnt\n|faint|p2a: Overpowered 2\n|\n|upkeep\n|\n|t:|1668036650\n|switch|p2a: Overpowered 3|Deoxys-Attack|100\/100\n|-damage|p2a: Overpowered 3|88\/100|[from] Stealth Rock\n|-ability|p2a: Overpowered 3|Mold Breaker\n|turn|48\n|\n|t:|1668036657\n|move|p1a: Nope|Shadow Sneak|p2a: Overpowered 3\n|-supereffective|p2a: Overpowered 3\n|-crit|p2a: Overpowered 3\n|-damage|p2a: Overpowered 3|0 fnt\n|faint|p2a: Overpowered 3\n|\n|upkeep\n|\n|t:|1668036659\n|switch|p2a: Mr. Prime|Groudon-Primal, shiny|100\/100 slp\n|-damage|p2a: Mr. Prime|88\/100 slp|[from] Stealth Rock\n|turn|49\n|\n|t:|1668036668\n|cant|p2a: Mr. Prime|slp\n|move|p1a: Nope|Belly Drum|p1a: Nope\n|-damage|p1a: Nope|50\/100\n|-setboost|p1a: Nope|atk|6|[from] move: Belly Drum\n|\n|-heal|p2a: Mr. Prime|94\/100 slp|[from] item: Leftovers\n|upkeep\n|turn|50\n|\n|t:|1668036675\n|move|p1a: Nope|Shadow Sneak|p2a: Mr. Prime\n|-damage|p2a: Mr. Prime|28\/100 slp\n|-curestatus|p2a: Mr. Prime|slp|[msg]\n|move|p2a: Mr. Prime|Spore|p1a: Nope\n|-status|p1a: Nope|slp|[from] move: Spore\n|\n|-heal|p2a: Mr. Prime|34\/100|[from] item: Leftovers\n|upkeep\n|turn|51\n|inactive|DarknessImmortal has 60 seconds left.\n|\n|t:|1668036681\n|cant|p1a: Nope|slp\n|move|p2a: Mr. Prime|Leech Seed|p1a: Nope\n|-start|p1a: Nope|move: Leech Seed\n|\n|-heal|p2a: Mr. Prime|40\/100|[from] item: Leftovers\n|-damage|p1a: Nope|38\/100 slp|[from] Leech Seed|[of] p2a: Mr. Prime\n|-heal|p2a: Mr. Prime|50\/100|[silent]\n|upkeep\n|turn|52\n|\n|t:|1668036686\n|-curestatus|p1a: Nope|slp|[msg]\n|move|p1a: Nope|Shadow Sneak|p2a: Mr. Prime\n|-damage|p2a: Mr. Prime|0 fnt\n|faint|p2a: Mr. Prime\n|\n|win|ShadeDoll\n|raw|ShadeDoll's rating: 1356 &rarr; <strong>1375<\/strong><br \/>(+19 for winning)\n|raw|DarknessImmortal's rating: 1336 &rarr; <strong>1317<\/strong><br \/>(-19 for losing)\n|c|\u2606DarknessImmortal|Gg\n|c|\u2606ShadeDoll|gg\n|l| Lindsey Paraeah\n|c|\u2606DarknessImmortal|You did well\n|l|\u2606DarknessImmortal\n||Ladder isn't responding, score probably updated but might not have (Request timeout).\n","uploadtime":1668036690,"views":4,"p1id":"shadedoll","p2id":"darknessimmortal","formatid":"gen6purehackmons","rating":1317,"private":0,"password":null}