{"id":"gen6ou-1664112744","p1":"La\u2718 Gliscor","p2":"dmt dreams","format":"gen6ou","log":"|j|\u2606La\u2718 Gliscor\n|j|\u203ddmt dreams\n|inactive|Battle timer is ON: inactive players will automatically lose when time's up.\n|t:|1663167433\n|gametype|singles\n|player|p1|La\u2718 Gliscor|drayden|\n|player|p2|dmt dreams|cynthia-gen4|\n|teamsize|p1|6\n|teamsize|p2|6\n|gen|6\n|tier|[Gen 6] OU\n|rated|Tournament battle\n|rule|Sleep Clause Mod: Limit one foe put to sleep\n|rule|Species Clause: Limit one of each Pok\u00e9mon\n|rule|OHKO Clause: OHKO moves are banned\n|rule|Moody Clause: Moody is banned\n|rule|Evasion Items Clause: Evasion items are banned\n|rule|Evasion Moves Clause: Evasion moves are banned\n|rule|Endless Battle Clause: Forcing endless battles is banned\n|rule|HP Percentage Mod: HP is shown in percentages\n|rule|Swagger Clause: Swagger is banned\n|clearpoke\n|poke|p1|Rotom-Wash|item\n|poke|p1|Talonflame, F|item\n|poke|p1|Gliscor, F|item\n|poke|p1|Breloom, M|item\n|poke|p1|Gengar, F|item\n|poke|p1|Clefable, M|item\n|poke|p2|Charizard, F|item\n|poke|p2|Excadrill, F|item\n|poke|p2|Tornadus-Therian, M|item\n|poke|p2|Tyranitar, M|item\n|poke|p2|Slowbro, F|item\n|poke|p2|Latios, M|item\n|teampreview\n|j|@Sp0onl0rd\n|j| stone zorm\n|l| stone zorm\n|c|@Sp0onl0rd|classic teams\n|inactive|La\u2718 Gliscor has 120 seconds left.\n|\n|t:|1663167464\n|start\n|switch|p1a: Rotom|Rotom-Wash|100\/100\n|switch|p2a: Latios|Latios, M|100\/100\n|turn|1\n|\n|t:|1663167474\n|move|p2a: Latios|Trick|p1a: Rotom\n|-activate|p2a: Latios|move: Trick|[of] p1a: Rotom\n|-item|p1a: Rotom|Choice Scarf|[from] move: Trick\n|-item|p2a: Latios|Choice Scarf|[from] move: Trick\n|move|p1a: Rotom|Volt Switch|p2a: Latios\n|-resisted|p2a: Latios\n|-damage|p2a: Latios|87\/100\n|\n|t:|1663167498\n|switch|p1a: Breloom|Breloom, M|100\/100|[from]move: Volt Switch\n|\n|-status|p1a: Breloom|tox|[from] item: Toxic Orb\n|upkeep\n|turn|2\n|\n|t:|1663167504\n|move|p1a: Breloom|Protect|p1a: Breloom\n|-singleturn|p1a: Breloom|Protect\n|move|p2a: Latios|Trick|p1a: Breloom\n|-activate|p1a: Breloom|move: Protect\n|\n|upkeep\n|turn|3\n|inactive|La\u2718 Gliscor has 120 seconds left.\n|\n|t:|1663167541\n|switch|p2a: Tyranitar|Tyranitar, M|100\/100\n|-weather|Sandstorm|[from] ability: Sand Stream|[of] p2a: Tyranitar\n|switch|p1a: Rotom|Rotom-Wash|100\/100\n|\n|-weather|Sandstorm|[upkeep]\n|-damage|p1a: Rotom|94\/100|[from] Sandstorm\n|upkeep\n|turn|4\n|\n|t:|1663167560\n|switch|p2a: Tornadus|Tornadus-Therian, M|100\/100\n|move|p1a: Rotom|Will-O-Wisp|p2a: Tornadus|[miss]\n|-miss|p1a: Rotom|p2a: Tornadus\n|\n|-weather|Sandstorm|[upkeep]\n|-damage|p1a: Rotom|88\/100|[from] Sandstorm\n|-damage|p2a: Tornadus|94\/100|[from] Sandstorm\n|-heal|p2a: Tornadus|100\/100|[from] item: Leftovers\n|upkeep\n|turn|5\n|\n|t:|1663167575\n|switch|p1a: Clefable|Clefable, M|100\/100\n|switch|p2a: Charizard|Charizard, F|100\/100\n|\n|-weather|Sandstorm|[upkeep]\n|-damage|p2a: Charizard|94\/100|[from] Sandstorm\n|upkeep\n|turn|6\n|\n|t:|1663167588\n|switch|p2a: Excadrill|Excadrill, F|100\/100\n|move|p1a: Clefable|Moonblast|p2a: Excadrill\n|-resisted|p2a: Excadrill\n|-damage|p2a: Excadrill|61\/100\n|-unboost|p2a: Excadrill|spa|1\n|\n|-weather|Sandstorm|[upkeep]\n|-heal|p2a: Excadrill|67\/100|[from] item: Leftovers\n|upkeep\n|turn|7\n|j| croo\n|\n|t:|1663167598\n|switch|p1a: Breloom|Breloom, M|100\/100 tox\n|move|p2a: Excadrill|Iron Head|p1a: Breloom\n|-damage|p1a: Breloom|42\/100 tox\n|\n|-weather|none\n|-heal|p2a: Excadrill|73\/100|[from] item: Leftovers\n|-heal|p1a: Breloom|54\/100 tox|[from] ability: Poison Heal\n|upkeep\n|turn|8\n|\n|t:|1663167604\n|switch|p2a: Charizard|Charizard, F|94\/100\n|move|p1a: Breloom|Substitute|p1a: Breloom\n|-start|p1a: Breloom|Substitute\n|-damage|p1a: Breloom|29\/100 tox\n|\n|-heal|p1a: Breloom|41\/100 tox|[from] ability: Poison Heal\n|upkeep\n|turn|9\n|\n|t:|1663167609\n|switch|p2a: Tyranitar|Tyranitar, M|100\/100\n|-weather|Sandstorm|[from] ability: Sand Stream|[of] p2a: Tyranitar\n|move|p1a: Breloom|Spore|p2a: Tyranitar\n|-status|p2a: Tyranitar|slp|[from] move: Spore\n|\n|-weather|Sandstorm|[upkeep]\n|-damage|p1a: Breloom|35\/100 tox|[from] Sandstorm\n|-heal|p1a: Breloom|48\/100 tox|[from] ability: Poison Heal\n|upkeep\n|turn|10\n|\n|t:|1663167617\n|switch|p2a: Tornadus|Tornadus-Therian, M|100\/100\n|-singleturn|p1a: Breloom|move: Focus Punch\n|move|p1a: Breloom|Focus Punch|p2a: Tornadus\n|-resisted|p2a: Tornadus\n|-damage|p2a: Tornadus|62\/100\n|\n|-weather|Sandstorm|[upkeep]\n|-damage|p2a: Tornadus|56\/100|[from] Sandstorm\n|-damage|p1a: Breloom|41\/100 tox|[from] Sandstorm\n|-heal|p2a: Tornadus|62\/100|[from] item: Leftovers\n|-heal|p1a: Breloom|54\/100 tox|[from] ability: Poison Heal\n|upkeep\n|turn|11\n|\n|t:|1663167621\n|move|p1a: Breloom|Protect|p1a: Breloom\n|-singleturn|p1a: Breloom|Protect\n|move|p2a: Tornadus|Hurricane|p1a: Breloom\n|-activate|p1a: Breloom|move: Protect\n|\n|-weather|Sandstorm|[upkeep]\n|-damage|p2a: Tornadus|56\/100|[from] Sandstorm\n|-damage|p1a: Breloom|48\/100 tox|[from] Sandstorm\n|-heal|p2a: Tornadus|62\/100|[from] item: Leftovers\n|-heal|p1a: Breloom|60\/100 tox|[from] ability: Poison Heal\n|upkeep\n|turn|12\n|\n|t:|1663167648\n|-singleturn|p1a: Breloom|move: Focus Punch\n|move|p2a: Tornadus|Hurricane|p1a: Breloom|[miss]\n|-miss|p2a: Tornadus|p1a: Breloom\n|move|p1a: Breloom|Focus Punch|p2a: Tornadus\n|-resisted|p2a: Tornadus\n|-damage|p2a: Tornadus|28\/100\n|\n|-weather|Sandstorm|[upkeep]\n|-damage|p2a: Tornadus|22\/100|[from] Sandstorm\n|-damage|p1a: Breloom|54\/100 tox|[from] Sandstorm\n|-heal|p2a: Tornadus|28\/100|[from] item: Leftovers\n|-heal|p1a: Breloom|66\/100 tox|[from] ability: Poison Heal\n|upkeep\n|turn|13\n|\n|t:|1663167652\n|-singleturn|p1a: Breloom|move: Focus Punch\n|move|p2a: Tornadus|U-turn|p1a: Breloom\n|-activate|p1a: Breloom|move: Substitute|[damage]\n|\n|t:|1663167655\n|switch|p2a: Slowbro|Slowbro, F|100\/100|[from]move: U-turn\n|move|p1a: Breloom|Focus Punch|p2a: Slowbro\n|-resisted|p2a: Slowbro\n|-damage|p2a: Slowbro|79\/100\n|\n|-weather|none\n|-heal|p2a: Slowbro|85\/100|[from] item: Leftovers\n|-heal|p1a: Breloom|78\/100 tox|[from] ability: Poison Heal\n|upkeep\n|turn|14\n|j|%Sww-Suwa\n|\n|t:|1663167675\n|switch|p1a: Rotom|Rotom-Wash|88\/100\n|switch|p2a: Tornadus|Tornadus-Therian, M|61\/100\n|\n|-heal|p2a: Tornadus|68\/100|[from] item: Leftovers\n|upkeep\n|turn|15\n|\n|t:|1663167685\n|switch|p2a: Tyranitar|Tyranitar, M|100\/100 slp\n|-weather|Sandstorm|[from] ability: Sand Stream|[of] p2a: Tyranitar\n|move|p1a: Rotom|Volt Switch|p2a: Tyranitar\n|-damage|p2a: Tyranitar|86\/100 slp\n|\n|t:|1663167688\n|switch|p1a: Breloom|Breloom, M|78\/100 tox|[from]move: Volt Switch\n|\n|-weather|Sandstorm|[upkeep]\n|-damage|p1a: Breloom|72\/100 tox|[from] Sandstorm\n|-heal|p2a: Tyranitar|92\/100 slp|[from] item: Leftovers\n|-heal|p1a: Breloom|84\/100 tox|[from] ability: Poison Heal\n|upkeep\n|turn|16\n|\n|t:|1663167692\n|switch|p2a: Slowbro|Slowbro, F|100\/100\n|-singleturn|p1a: Breloom|move: Focus Punch\n|move|p1a: Breloom|Focus Punch|p2a: Slowbro\n|-resisted|p2a: Slowbro\n|-damage|p2a: Slowbro|81\/100\n|\n|-weather|Sandstorm|[upkeep]\n|-damage|p1a: Breloom|78\/100 tox|[from] Sandstorm\n|-damage|p2a: Slowbro|75\/100|[from] Sandstorm\n|-heal|p2a: Slowbro|81\/100|[from] item: Leftovers\n|-heal|p1a: Breloom|91\/100 tox|[from] ability: Poison Heal\n|upkeep\n|turn|17\n|\n|t:|1663167696\n|switch|p1a: Rotom|Rotom-Wash|88\/100\n|move|p2a: Slowbro|Scald|p1a: Rotom\n|-resisted|p1a: Rotom\n|-damage|p1a: Rotom|74\/100\n|\n|-weather|Sandstorm|[upkeep]\n|-damage|p1a: Rotom|67\/100|[from] Sandstorm\n|-damage|p2a: Slowbro|75\/100|[from] Sandstorm\n|-heal|p2a: Slowbro|81\/100|[from] item: Leftovers\n|upkeep\n|turn|18\n|\n|t:|1663167725\n|switch|p2a: Tyranitar|Tyranitar, M|92\/100 slp\n|move|p1a: Rotom|Volt Switch|p2a: Tyranitar\n|-damage|p2a: Tyranitar|79\/100 slp\n|\n|t:|1663167735\n|switch|p1a: Gliscor|Gliscor, F|100\/100|[from]move: Volt Switch\n|\n|-weather|Sandstorm|[upkeep]\n|-heal|p2a: Tyranitar|85\/100 slp|[from] item: Leftovers\n|-status|p1a: Gliscor|tox|[from] item: Toxic Orb\n|upkeep\n|turn|19\n|j| Tarre25\n|j| qxfn143\n|j| Van Pyro\n|l| qxfn143\n|\n|t:|1663167752\n|switch|p2a: Slowbro|Slowbro, F|100\/100\n|move|p1a: Gliscor|Facade|p2a: Slowbro\n|-damage|p2a: Slowbro|73\/100\n|\n|-weather|none\n|-heal|p2a: Slowbro|79\/100|[from] item: Leftovers\n|upkeep\n|turn|20\n|\n|t:|1663167760\n|switch|p1a: Clefable|Clefable, M|100\/100\n|move|p2a: Slowbro|Scald|p1a: Clefable\n|-damage|p1a: Clefable|76\/100\n|-status|p1a: Clefable|brn\n|\n|-heal|p2a: Slowbro|85\/100|[from] item: Leftovers\n|upkeep\n|turn|21\n|\n|t:|1663167769\n|switch|p2a: Excadrill|Excadrill, F|73\/100\n|move|p1a: Clefable|Soft-Boiled|p1a: Clefable\n|-heal|p1a: Clefable|100\/100 brn\n|\n|-heal|p2a: Excadrill|79\/100|[from] item: Leftovers\n|upkeep\n|turn|22\n|\n|t:|1663167779\n|switch|p1a: Breloom|Breloom, M|91\/100 tox\n|move|p2a: Excadrill|Iron Head|p1a: Breloom\n|-crit|p1a: Breloom\n|-damage|p1a: Breloom|11\/100 tox\n|\n|-heal|p2a: Excadrill|85\/100|[from] item: Leftovers\n|-heal|p1a: Breloom|24\/100 tox|[from] ability: Poison Heal\n|upkeep\n|turn|23\n|\n|t:|1663167782\n|move|p1a: Breloom|Protect|p1a: Breloom\n|-singleturn|p1a: Breloom|Protect\n|move|p2a: Excadrill|Iron Head|p1a: Breloom\n|-activate|p1a: Breloom|move: Protect\n|\n|-heal|p2a: Excadrill|91\/100|[from] item: Leftovers\n|-heal|p1a: Breloom|36\/100 tox|[from] ability: Poison Heal\n|upkeep\n|turn|24\n|l| Van Pyro\n|\n|t:|1663167792\n|switch|p1a: Rotom|Rotom-Wash|67\/100\n|move|p2a: Excadrill|Iron Head|p1a: Rotom\n|-resisted|p1a: Rotom\n|-damage|p1a: Rotom|52\/100\n|\n|-heal|p2a: Excadrill|97\/100|[from] item: Leftovers\n|upkeep\n|turn|25\n|\n|t:|1663167796\n|switch|p1a: Breloom|Breloom, M|36\/100 tox\n|switch|p2a: Latios|Latios, M|87\/100\n|\n|-heal|p1a: Breloom|48\/100 tox|[from] ability: Poison Heal\n|upkeep\n|turn|26\n|\n|t:|1663167799\n|switch|p2a: Charizard|Charizard, F|94\/100\n|move|p1a: Breloom|Protect||[still]\n|-fail|p1a: Breloom\n|\n|-heal|p1a: Breloom|61\/100 tox|[from] ability: Poison Heal\n|upkeep\n|turn|27\n|inactive|La\u2718 Gliscor has 120 seconds left.\n|\n|t:|1663167844\n|switch|p1a: Rotom|Rotom-Wash|52\/100\n|move|p2a: Charizard|Swords Dance|p2a: Charizard\n|-boost|p2a: Charizard|atk|2\n|\n|upkeep\n|turn|28\n|\n|t:|1663167855\n|detailschange|p2a: Charizard|Charizard-Mega-X, F\n|-mega|p2a: Charizard|Charizard|Charizardite X\n|move|p1a: Rotom|Hydro Pump|p2a: Charizard\n|-damage|p2a: Charizard|42\/100\n|move|p2a: Charizard|Dragon Claw|p1a: Rotom\n|-damage|p1a: Rotom|0 fnt\n|faint|p1a: Rotom\n|\n|upkeep\n|\n|t:|1663167860\n|switch|p1a: Talonflame|Talonflame, F|100\/100\n|turn|29\n|inactive|La\u2718 Gliscor has 120 seconds left.\n|\n|t:|1663167871\n|switch|p2a: Slowbro|Slowbro, F|100\/100\n|move|p1a: Talonflame|Swords Dance|p1a: Talonflame\n|-boost|p1a: Talonflame|atk|2\n|\n|upkeep\n|turn|30\n|inactive|La\u2718 Gliscor has 120 seconds left.\n|\n|t:|1663167878\n|move|p1a: Talonflame|Swords Dance|p1a: Talonflame\n|-boost|p1a: Talonflame|atk|2\n|move|p2a: Slowbro|Thunder Wave|p1a: Talonflame\n|-status|p1a: Talonflame|par\n|\n|upkeep\n|turn|31\n|\n|t:|1663167885\n|move|p2a: Slowbro|Scald|p1a: Talonflame\n|-supereffective|p1a: Talonflame\n|-damage|p1a: Talonflame|20\/100 par\n|move|p1a: Talonflame|Swords Dance|p1a: Talonflame\n|-boost|p1a: Talonflame|atk|2\n|\n|upkeep\n|turn|32\n|\n|t:|1663167892\n|switch|p2a: Tornadus|Tornadus-Therian, M|100\/100\n|move|p1a: Talonflame|Acrobatics|p2a: Tornadus\n|-damage|p2a: Tornadus|10\/100\n|\n|-heal|p2a: Tornadus|16\/100|[from] item: Leftovers\n|upkeep\n|turn|33\n|\n|t:|1663167895\n|move|p1a: Talonflame|Acrobatics|p2a: Tornadus\n|-damage|p2a: Tornadus|0 fnt\n|faint|p2a: Tornadus\n|\n|upkeep\n|\n|t:|1663167897\n|switch|p2a: Slowbro|Slowbro, F|100\/100\n|turn|34\n|\n|t:|1663167900\n|cant|p1a: Talonflame|par\n|move|p2a: Slowbro|Scald|p1a: Talonflame\n|-supereffective|p1a: Talonflame\n|-damage|p1a: Talonflame|0 fnt\n|faint|p1a: Talonflame\n|\n|upkeep\n|\n|t:|1663167905\n|switch|p1a: Gengar|Gengar, F|100\/100\n|turn|35\n|\n|t:|1663167925\n|switch|p2a: Tyranitar|Tyranitar, M|85\/100 slp\n|-weather|Sandstorm|[from] ability: Sand Stream|[of] p2a: Tyranitar\n|move|p1a: Gengar|Shadow Ball|p2a: Tyranitar\n|-resisted|p2a: Tyranitar\n|-damage|p2a: Tyranitar|70\/100 slp\n|-damage|p1a: Gengar|91\/100|[from] item: Life Orb\n|\n|-weather|Sandstorm|[upkeep]\n|-damage|p1a: Gengar|84\/100|[from] Sandstorm\n|-heal|p2a: Tyranitar|76\/100 slp|[from] item: Leftovers\n|upkeep\n|turn|36\n|\n|t:|1663167937\n|move|p1a: Gengar|Focus Blast|p2a: Tyranitar\n|-supereffective|p2a: Tyranitar\n|-damage|p2a: Tyranitar|0 fnt\n|faint|p2a: Tyranitar\n|-damage|p1a: Gengar|74\/100|[from] item: Life Orb\n|\n|-weather|Sandstorm|[upkeep]\n|-damage|p1a: Gengar|68\/100|[from] Sandstorm\n|upkeep\n|\n|t:|1663167939\n|switch|p2a: Latios|Latios, M|87\/100\n|turn|37\n|l| croo\n|\n|t:|1663167946\n|switch|p1a: Clefable|Clefable, M|100\/100 brn\n|move|p2a: Latios|Psyshock|p1a: Clefable\n|-damage|p1a: Clefable|42\/100 brn\n|\n|-weather|Sandstorm|[upkeep]\n|-damage|p2a: Latios|81\/100|[from] Sandstorm\n|upkeep\n|turn|38\n|\n|t:|1663167949\n|switch|p1a: Gliscor|Gliscor, F|100\/100 tox\n|move|p2a: Latios|Psyshock|p1a: Gliscor\n|-damage|p1a: Gliscor|65\/100 tox\n|\n|-weather|Sandstorm|[upkeep]\n|-damage|p2a: Latios|75\/100|[from] Sandstorm\n|-heal|p1a: Gliscor|78\/100 tox|[from] ability: Poison Heal\n|upkeep\n|turn|39\n|\n|t:|1663167955\n|switch|p1a: Gengar|Gengar, F|68\/100\n|move|p2a: Latios|Psyshock|p1a: Gengar\n|-supereffective|p1a: Gengar\n|-damage|p1a: Gengar|0 fnt\n|faint|p1a: Gengar\n|\n|-weather|none\n|upkeep\n|\n|t:|1663167958\n|switch|p1a: Gliscor|Gliscor, F|78\/100 tox\n|turn|40\n|\n|t:|1663167961\n|switch|p2a: Slowbro|Slowbro, F|100\/100\n|move|p1a: Gliscor|Swords Dance|p1a: Gliscor\n|-boost|p1a: Gliscor|atk|2\n|\n|-heal|p1a: Gliscor|90\/100 tox|[from] ability: Poison Heal\n|upkeep\n|turn|41\n|\n|t:|1663167966\n|move|p1a: Gliscor|Swords Dance|p1a: Gliscor\n|-boost|p1a: Gliscor|atk|2\n|move|p2a: Slowbro|Ice Beam|p1a: Gliscor\n|-supereffective|p1a: Gliscor\n|-damage|p1a: Gliscor|0 fnt\n|faint|p1a: Gliscor\n|\n|upkeep\n|-message|La\u2718 Gliscor forfeited.\n|\n|win|dmt dreams\n|n|\u2606La\u2718 Gliscor|lagliscor\n|n|\u203ddmt dreams|dmtdreams\n|n| Sp0onl0rd|sp0onl0rd\n|n| Sww-Suwa|swwsuwa\n|n| Tarre25|tarre25\n|l|\u2606La\u2718 Gliscor\n","uploadtime":1663167974,"views":20,"p1id":"lagliscor","p2id":"dmtdreams","formatid":"gen6ou","rating":0,"private":0,"password":null}