{"id":"gen6ou-608720319","p1":"Bestixl","p2":"Garay oak","format":"gen6ou","log":"|j|Bestixl\n|j|Garay oak\n|player|p1|Bestixl|96\n|teamsize|p1|6\n|player|p2|Garay oak|217\n|teamsize|p2|6\n|gametype|singles\n|gen|6\n|tier|[Gen 6] OU\n|seed|63244,29481,31779,36091\n|rule|Sleep Clause Mod: Limit one foe put to sleep\n|rule|Species Clause: Limit one of each Pok\u00e9mon\n|rule|OHKO Clause: OHKO moves are banned\n|rule|Moody Clause: Moody is banned\n|rule|Evasion Moves Clause: Evasion moves are banned\n|rule|Endless Battle Clause: Forcing endless battles is banned\n|rule|HP Percentage Mod: HP is shown in percentages\n|clearpoke\n|poke|p1|Medicham, F|item\n|poke|p1|Excadrill, F|item\n|poke|p1|Rotom-Wash|item\n|poke|p1|Tornadus-Therian, M|item\n|poke|p1|Clefable, F|item\n|poke|p1|Keldeo-Resolute|item\n|poke|p2|Scizor, F|item\n|poke|p2|Crawdaunt, F|item\n|poke|p2|Clefable, M|item\n|poke|p2|Latios, M|item\n|poke|p2|Garchomp, M|item\n|poke|p2|Rotom-Wash|item\n|rule|Swagger Clause: Swagger is banned\n|rule|Baton Pass Clause: Limit one Baton Passer, can't pass Spe and other stats simultaneously\n|teampreview\n|c|\u2606Garay oak|hf\n|c|\u2606Bestixl|u2\n|choice|team 4, team 2, team 3, team 1, team 5, team 6|team 1, team 2, team 3, team 4, team 5, team 6\n|\n|start\n|switch|p1a: Tornadus|Tornadus-Therian, M|361\/361\n|switch|p2a: Scizor|Scizor, F|343\/343\n|turn|1\n|choice|move heatwave|switch 6\n|\n|switch|p2a: Rotom|Rotom-Wash|303\/303\n|move|p1a: Tornadus|Heat Wave|p2a: Rotom\n|-resisted|p2a: Rotom\n|-damage|p2a: Rotom|267\/303\n|-status|p2a: Rotom|brn\n|\n|-heal|p2a: Rotom|285\/303 brn|[from] item: Leftovers\n|-damage|p2a: Rotom|248\/303 brn|[from] brn\n|upkeep\n|turn|2\n|inactive|Battle timer is ON: inactive players will automatically lose when time's up. (requested by Garay oak)\n|c|\u2606Bestixl|lol\n|c|\u2606Garay oak|XD\n|choice|move knockoff|move voltswitch\n|\n|move|p1a: Tornadus|Knock Off|p2a: Rotom\n|-damage|p2a: Rotom|204\/303 brn\n|-enditem|p2a: Rotom|Leftovers|[from] move: Knock Off|[of] p1a: Tornadus\n|move|p2a: Rotom|Volt Switch|p1a: Tornadus\n|-supereffective|p1a: Tornadus\n|-damage|p1a: Tornadus|241\/361\n|choice||switch 3\n|\n|switch|p2a: Clefable|Clefable, M|394\/394\n|\n|upkeep\n|turn|3\n|choice|move knockoff|move stealthrock\n|\n|move|p1a: Tornadus|Knock Off|p2a: Clefable\n|-resisted|p2a: Clefable\n|-damage|p2a: Clefable|361\/394\n|-enditem|p2a: Clefable|Leftovers|[from] move: Knock Off|[of] p1a: Tornadus\n|move|p2a: Clefable|Stealth Rock|p1a: Tornadus\n|-sidestart|p1: Bestixl|move: Stealth Rock\n|\n|upkeep\n|turn|4\n|choice|move uturn|move softboiled\n|\n|move|p1a: Tornadus|U-turn|p2a: Clefable\n|-resisted|p2a: Clefable\n|-damage|p2a: Clefable|340\/394\n|choice|switch 2|\n|\n|switch|p1a: Excadrill|Excadrill, F|361\/361\n|-damage|p1a: Excadrill|350\/361|[from] Stealth Rock\n|-ability|p1a: Excadrill|Mold Breaker\n|move|p2a: Clefable|Soft-Boiled|p2a: Clefable\n|-heal|p2a: Clefable|394\/394\n|\n|upkeep\n|turn|5\n|choice|move rapidspin|switch 5\n|\n|switch|p2a: Garchomp|Garchomp, M|357\/357\n|move|p1a: Excadrill|Rapid Spin|p2a: Garchomp\n|-damage|p2a: Garchomp|332\/357\n|-damage|p1a: Excadrill|305\/361|[from] ability: Rough Skin|[of] p2a: Garchomp\n|-sideend|p1: Bestixl|Stealth Rock|[from] move: Rapid Spin|[of] p1a: Excadrill\n|\n|upkeep\n|turn|6\n|choice|switch 3|switch 5\n|\n|switch|p1a: Rotom|Rotom-Wash|303\/303\n|switch|p2a: Clefable|Clefable, M|394\/394\n|\n|upkeep\n|turn|7\n|choice|move thunderwave|move stealthrock\n|\n|move|p1a: Rotom|Thunder Wave|p2a: Clefable\n|-status|p2a: Clefable|par\n|cant|p2a: Clefable|par\n|\n|upkeep\n|turn|8\n|c|\u2606Garay oak|...\n|c|\u2606Bestixl|lmao\n|choice|move voltswitch|move stealthrock\n|\n|move|p1a: Rotom|Volt Switch|p2a: Clefable\n|-damage|p2a: Clefable|304\/394 par\n|choice|switch 3|\n|\n|switch|p1a: Excadrill|Excadrill, F|305\/361\n|-ability|p1a: Excadrill|Mold Breaker\n|move|p2a: Clefable|Stealth Rock|p1a: Excadrill\n|-sidestart|p1: Bestixl|move: Stealth Rock\n|\n|upkeep\n|turn|9\n|choice|move rapidspin|switch 6\n|\n|switch|p2a: Scizor|Scizor, F|343\/343\n|move|p1a: Excadrill|Rapid Spin|p2a: Scizor\n|-resisted|p2a: Scizor\n|-damage|p2a: Scizor|332\/343\n|-sideend|p1: Bestixl|Stealth Rock|[from] move: Rapid Spin|[of] p1a: Excadrill\n|\n|upkeep\n|turn|10\n|choice|switch 6|move uturn mega\n|\n|switch|p1a: Keldeo|Keldeo-Resolute|323\/323\n|detailschange|p2a: Scizor|Scizor-Mega, F\n|-mega|p2a: Scizor|Scizor|Scizorite\n|move|p2a: Scizor|U-turn|p1a: Keldeo\n|-resisted|p1a: Keldeo\n|-damage|p1a: Keldeo|254\/323\n|choice||switch 4\n|\n|switch|p2a: Latios|Latios, M|301\/301\n|\n|upkeep\n|turn|11\n|choice|switch 5|switch 6\n|\n|switch|p2a: Clefable|Clefable, M|304\/394 par\n|switch|p1a: Clefable|Clefable, F|394\/394\n|\n|upkeep\n|turn|12\n|choice|move stealthrock|move stealthrock\n|\n|move|p1a: Clefable|Stealth Rock|p2a: Clefable\n|-sidestart|p2: Garay oak|move: Stealth Rock\n|move|p2a: Clefable|Stealth Rock|p1a: Clefable\n|-sidestart|p1: Bestixl|move: Stealth Rock\n|\n|upkeep\n|turn|13\n|choice|move moonblast|move moonblast\n|\n|move|p1a: Clefable|Moonblast|p2a: Clefable\n|-damage|p2a: Clefable|195\/394 par\n|-unboost|p2a: Clefable|spa|1\n|cant|p2a: Clefable|par\n|\n|upkeep\n|turn|14\n|choice|move moonblast|move softboiled\n|\n|move|p1a: Clefable|Moonblast|p2a: Clefable\n|-damage|p2a: Clefable|84\/394 par\n|-unboost|p2a: Clefable|spa|1\n|move|p2a: Clefable|Soft-Boiled|p2a: Clefable\n|-heal|p2a: Clefable|281\/394 par\n|\n|upkeep\n|turn|15\n|choice|move moonblast|switch 4\n|\n|switch|p2a: Scizor|Scizor-Mega, F|332\/343\n|-damage|p2a: Scizor|290\/343|[from] Stealth Rock\n|move|p1a: Clefable|Moonblast|p2a: Scizor\n|-resisted|p2a: Scizor\n|-damage|p2a: Scizor|243\/343\n|\n|upkeep\n|turn|16\n|choice|move moonblast|move swordsdance\n|\n|move|p2a: Scizor|Swords Dance|p2a: Scizor\n|-boost|p2a: Scizor|atk|2\n|move|p1a: Clefable|Moonblast|p2a: Scizor\n|-resisted|p2a: Scizor\n|-damage|p2a: Scizor|199\/343\n|-unboost|p2a: Scizor|spa|1\n|\n|upkeep\n|turn|17\n|choice|switch 3|move roost\n|\n|switch|p1a: Rotom|Rotom-Wash|303\/303\n|-damage|p1a: Rotom|266\/303|[from] Stealth Rock\n|move|p2a: Scizor|Roost|p2a: Scizor\n|-heal|p2a: Scizor|343\/343\n|\n|-heal|p1a: Rotom|284\/303|[from] item: Leftovers\n|upkeep\n|turn|18\n|choice|move willowisp|switch 4\n|\n|switch|p2a: Clefable|Clefable, M|281\/394 par\n|move|p1a: Rotom|Will-O-Wisp|p2a: Clefable\n|-fail|p2a: Clefable\n|\n|-heal|p1a: Rotom|302\/303|[from] item: Leftovers\n|upkeep\n|turn|19\n|choice|move voltswitch|switch 5\n|\n|switch|p2a: Garchomp|Garchomp, M|332\/357\n|-damage|p2a: Garchomp|310\/357|[from] Stealth Rock\n|move|p1a: Rotom|Volt Switch|p2a: Garchomp\n|-immune|p2a: Garchomp|[msg]\n|\n|-heal|p1a: Rotom|303\/303|[from] item: Leftovers\n|upkeep\n|turn|20\n|choice|move willowisp|move dracometeor\n|\n|move|p2a: Garchomp|Draco Meteor|p1a: Rotom\n|-damage|p1a: Rotom|92\/303\n|-unboost|p2a: Garchomp|spa|2\n|-damage|p2a: Garchomp|275\/357|[from] item: Life Orb\n|move|p1a: Rotom|Will-O-Wisp|p2a: Garchomp\n|-status|p2a: Garchomp|brn\n|\n|-heal|p1a: Rotom|110\/303|[from] item: Leftovers\n|-damage|p2a: Garchomp|231\/357 brn|[from] brn\n|upkeep\n|turn|21\n|choice|switch 3|move dracometeor\n|\n|switch|p1a: Clefable|Clefable, F|394\/394\n|move|p2a: Garchomp|Draco Meteor|p1a: Clefable\n|-immune|p1a: Clefable|[msg]\n|\n|-damage|p2a: Garchomp|187\/357 brn|[from] brn\n|upkeep\n|turn|22\n|choice|switch 5|move dracometeor\n|\n|switch|p1a: Keldeo|Keldeo-Resolute|254\/323\n|-damage|p1a: Keldeo|234\/323|[from] Stealth Rock\n|move|p2a: Garchomp|Draco Meteor|p1a: Keldeo\n|-damage|p1a: Keldeo|105\/323\n|-unboost|p2a: Garchomp|spa|2\n|-damage|p2a: Garchomp|152\/357 brn|[from] item: Life Orb\n|\n|-damage|p2a: Garchomp|108\/357 brn|[from] brn\n|upkeep\n|turn|23\n|choice|move scald|move dracometeor\n|\n|move|p1a: Keldeo|Scald|p2a: Garchomp\n|-damage|p2a: Garchomp|0 fnt\n|faint|p2a: Garchomp\n|\n|upkeep\n|choice||switch 2\n|\n|switch|p2a: Crawdaunt|Crawdaunt, F|268\/268\n|-damage|p2a: Crawdaunt|235\/268|[from] Stealth Rock\n|turn|24\n|choice|switch 5|move crabhammer\n|\n|switch|p1a: Clefable|Clefable, F|394\/394\n|move|p2a: Crawdaunt|Crabhammer|p1a: Clefable\n|-damage|p1a: Clefable|106\/394\n|\n|-heal|p1a: Clefable|130\/394|[from] item: Leftovers\n|upkeep\n|turn|25\n|choice|switch 3|move crabhammer\n|\n|switch|p1a: Rotom|Rotom-Wash|110\/303\n|-damage|p1a: Rotom|73\/303|[from] Stealth Rock\n|move|p2a: Crawdaunt|Crabhammer|p1a: Rotom\n|-resisted|p1a: Rotom\n|-damage|p1a: Rotom|0 fnt\n|faint|p1a: Rotom\n|\n|upkeep\n|choice|switch 4|\n|\n|switch|p1a: Medicham|Medicham, F|261\/261\n|-damage|p1a: Medicham|245\/261|[from] Stealth Rock\n|turn|26\n|choice|move highjumpkick mega|switch 3\n|\n|switch|p2a: Rotom|Rotom-Wash|204\/303 brn\n|-damage|p2a: Rotom|167\/303 brn|[from] Stealth Rock\n|detailschange|p1a: Medicham|Medicham-Mega, F\n|-mega|p1a: Medicham|Medicham|Medichamite\n|move|p1a: Medicham|High Jump Kick|p2a: Rotom\n|-damage|p2a: Rotom|0 fnt\n|faint|p2a: Rotom\n|\n|upkeep\n|choice||switch 6\n|\n|switch|p2a: Latios|Latios, M|301\/301\n|-damage|p2a: Latios|264\/301|[from] Stealth Rock\n|turn|27\n|choice|switch 2|move surf\n|\n|switch|p1a: Tornadus|Tornadus-Therian, M|361\/361\n|-damage|p1a: Tornadus|271\/361|[from] Stealth Rock\n|move|p2a: Latios|Surf|p1a: Tornadus\n|-damage|p1a: Tornadus|176\/361\n|-damage|p2a: Latios|234\/301|[from] item: Life Orb\n|\n|upkeep\n|turn|28\n|choice|move uturn|switch 5\n|\n|switch|p2a: Clefable|Clefable, M|281\/394 par\n|move|p1a: Tornadus|U-turn|p2a: Clefable\n|-resisted|p2a: Clefable\n|-damage|p2a: Clefable|260\/394 par\n|choice|switch 6|\n|\n|switch|p1a: Excadrill|Excadrill, F|305\/361\n|-damage|p1a: Excadrill|294\/361|[from] Stealth Rock\n|-ability|p1a: Excadrill|Mold Breaker\n|\n|upkeep\n|turn|29\n|choice|move earthquake|move stealthrock\n|\n|move|p1a: Excadrill|Earthquake|p2a: Clefable\n|-damage|p2a: Clefable|94\/394 par\n|move|p2a: Clefable|Stealth Rock|p1a: Excadrill\n|-fail|p1a: Excadrill\n|\n|upkeep\n|turn|30\n|choice|move earthquake|move softboiled\n|\n|move|p1a: Excadrill|Earthquake|p2a: Clefable\n|-damage|p2a: Clefable|0 fnt\n|faint|p2a: Clefable\n|\n|upkeep\n|choice||switch 4\n|\n|switch|p2a: Scizor|Scizor-Mega, F|343\/343\n|-damage|p2a: Scizor|301\/343|[from] Stealth Rock\n|turn|31\n|choice|switch 2|move swordsdance\n|\n|switch|p1a: Medicham|Medicham-Mega, F|245\/261\n|-damage|p1a: Medicham|229\/261|[from] Stealth Rock\n|move|p2a: Scizor|Swords Dance|p2a: Scizor\n|-boost|p2a: Scizor|atk|2\n|\n|upkeep\n|turn|32\n|inactive|Bestixl has 270 seconds left.\n|choice|move fakeout|move bulletpunch\n|\n|move|p1a: Medicham|Fake Out|p2a: Scizor\n|-resisted|p2a: Scizor\n|-damage|p2a: Scizor|273\/343\n|cant|p2a: Scizor|flinch\n|\n|upkeep\n|turn|33\n|choice|move highjumpkick|move bulletpunch\n|\n|move|p2a: Scizor|Bullet Punch|p1a: Medicham\n|-damage|p1a: Medicham|0 fnt\n|faint|p1a: Medicham\n|\n|upkeep\n|inactive|Bestixl has 270 seconds left.\n|inactive|Bestixl has 240 seconds left.\n|choice|switch 2|\n|\n|switch|p1a: Excadrill|Excadrill, F|294\/361\n|-damage|p1a: Excadrill|283\/361|[from] Stealth Rock\n|-ability|p1a: Excadrill|Mold Breaker\n|turn|34\n|choice|move earthquake|move roost\n|\n|move|p1a: Excadrill|Earthquake|p2a: Scizor\n|-damage|p2a: Scizor|152\/343\n|move|p2a: Scizor|Roost|p2a: Scizor\n|-heal|p2a: Scizor|324\/343\n|\n|upkeep\n|turn|35\n|choice|move earthquake|move swordsdance\n|\n|move|p1a: Excadrill|Earthquake|p2a: Scizor\n|-damage|p2a: Scizor|197\/343\n|move|p2a: Scizor|Swords Dance|p2a: Scizor\n|-boost|p2a: Scizor|atk|2\n|\n|upkeep\n|turn|36\n|c|\u2606Bestixl|gg\n|choice|move earthquake|move roost\n|\n|move|p1a: Excadrill|Earthquake|p2a: Scizor\n|-damage|p2a: Scizor|80\/343\n|move|p2a: Scizor|Roost|p2a: Scizor\n|-heal|p2a: Scizor|252\/343\n|\n|upkeep\n|turn|37\n|choice|move earthquake|move roost\n|\n|move|p1a: Excadrill|Earthquake|p2a: Scizor\n|-damage|p2a: Scizor|131\/343\n|move|p2a: Scizor|Roost|p2a: Scizor\n|-heal|p2a: Scizor|303\/343\n|\n|upkeep\n|turn|38\n|choice|move earthquake|move bulletpunch\n|\n|move|p2a: Scizor|Bullet Punch|p1a: Excadrill\n|-resisted|p1a: Excadrill\n|-damage|p1a: Excadrill|46\/361\n|move|p1a: Excadrill|Earthquake|p2a: Scizor\n|-damage|p2a: Scizor|179\/343\n|\n|upkeep\n|turn|39\n|c|\u2606Garay oak|gg\n|choice|move earthquake|move bulletpunch\n|\n|move|p2a: Scizor|Bullet Punch|p1a: Excadrill\n|-resisted|p1a: Excadrill\n|-damage|p1a: Excadrill|0 fnt\n|faint|p1a: Excadrill\n|\n|upkeep\n|choice|switch 5|\n|\n|switch|p1a: Keldeo|Keldeo-Resolute|105\/323\n|-damage|p1a: Keldeo|85\/323|[from] Stealth Rock\n|turn|40\n|choice|move scald|move bulletpunch\n|\n|move|p2a: Scizor|Bullet Punch|p1a: Keldeo\n|-resisted|p1a: Keldeo\n|-damage|p1a: Keldeo|0 fnt\n|faint|p1a: Keldeo\n|\n|upkeep\n|choice|switch 6|\n|\n|switch|p1a: Tornadus|Tornadus-Therian, M|296\/361\n|-damage|p1a: Tornadus|206\/361|[from] Stealth Rock\n|turn|41\n|choice|move heatwave|move bulletpunch\n|\n|move|p2a: Scizor|Bullet Punch|p1a: Tornadus\n|-damage|p1a: Tornadus|0 fnt\n|faint|p1a: Tornadus\n|\n|upkeep\n|choice|switch 3|\n|\n|switch|p1a: Clefable|Clefable, F|130\/394\n|turn|42\n|inactive|Bestixl has 270 seconds left.\n|choice|move healingwish|move bulletpunch\n|\n|move|p2a: Scizor|Bullet Punch|p1a: Clefable\n|-supereffective|p1a: Clefable\n|-crit|p1a: Clefable\n|-damage|p1a: Clefable|0 fnt\n|faint|p1a: Clefable\n|\n|win|Garay oak","inputlog":null,"uploadtime":1501013830,"views":95,"p1id":"bestixl","p2id":"garayoak","formatid":"gen6ou","rating":0,"private":0,"password":null}