{"id":"gen6ou-1610610843","p1":"rooopos","p2":"paquet2tresor","format":"gen6ou","log":"|j|\u2606rooopos\n|j|\u2606paquet2tresor\n|t:|1657004330\n|gametype|singles\n|player|p1|rooopos|102|1423\n|player|p2|paquet2tresor|dawn|1648\n|teamsize|p1|6\n|teamsize|p2|6\n|gen|6\n|tier|[Gen 6] OU\n|rated|\n|rule|Sleep Clause Mod: Limit one foe put to sleep\n|rule|Species Clause: Limit one of each Pok\u00e9mon\n|rule|OHKO Clause: OHKO moves are banned\n|rule|Moody Clause: Moody is banned\n|rule|Evasion Moves Clause: Evasion moves are banned\n|rule|Endless Battle Clause: Forcing endless battles is banned\n|rule|HP Percentage Mod: HP is shown in percentages\n|rule|Swagger Clause: Swagger is banned\n|clearpoke\n|poke|p1|Keldeo|item\n|poke|p1|Magnezone|item\n|poke|p1|Metagross|item\n|poke|p1|Latios, M|item\n|poke|p1|Clefable, F|item\n|poke|p1|Garchomp, M|item\n|poke|p2|Volcanion|item\n|poke|p2|Excadrill, F|item\n|poke|p2|Bisharp, F|item\n|poke|p2|Latias, F|item\n|poke|p2|Landorus-Therian, M|item\n|poke|p2|Clefable, F|item\n|teampreview\n|\n|t:|1657004356\n|start\n|switch|p1a: Garchomp|Garchomp, M|100\/100\n|switch|p2a: Clefable|Clefable, F|100\/100\n|turn|1\n|\n|t:|1657004362\n|switch|p1a: Metagross|Metagross|100\/100\n|move|p2a: Clefable|Moonblast|p1a: Metagross\n|-resisted|p1a: Metagross\n|-damage|p1a: Metagross|81\/100\n|\n|upkeep\n|turn|2\n|\n|t:|1657004371\n|switch|p2a: Volcanion|Volcanion|100\/100\n|detailschange|p1a: Metagross|Metagross-Mega\n|-mega|p1a: Metagross|Metagross|Metagrossite\n|move|p1a: Metagross|Zen Headbutt|p2a: Volcanion\n|-damage|p2a: Volcanion|59\/100\n|\n|-heal|p2a: Volcanion|65\/100|[from] item: Leftovers\n|upkeep\n|turn|3\n|inactive|Battle timer is ON: inactive players will automatically lose when time's up. (requested by paquet2tresor)\n|\n|t:|1657004428\n|switch|p1a: Latios|Latios, M|100\/100\n|move|p2a: Volcanion|Flamethrower|p1a: Latios\n|-resisted|p1a: Latios\n|-damage|p1a: Latios|77\/100\n|-status|p1a: Latios|brn\n|\n|-heal|p2a: Volcanion|71\/100|[from] item: Leftovers\n|-damage|p1a: Latios|64\/100 brn|[from] brn\n|upkeep\n|turn|4\n|\n|t:|1657004440\n|switch|p1a: Keldeo|Keldeo|100\/100\n|switch|p2a: Excadrill|Excadrill, F|100\/100\n|-ability|p2a: Excadrill|Mold Breaker\n|\n|upkeep\n|turn|5\n|\n|t:|1657004447\n|switch|p2a: Latias|Latias, F|100\/100\n|move|p1a: Keldeo|Secret Sword|p2a: Latias\n|-resisted|p2a: Latias\n|-damage|p2a: Latias|67\/100\n|\n|upkeep\n|turn|6\n|\n|t:|1657004454\n|switch|p1a: Metagross|Metagross-Mega|81\/100\n|detailschange|p2a: Latias|Latias-Mega, F\n|-mega|p2a: Latias|Latias|Latiasite\n|move|p2a: Latias|Surf|p1a: Metagross\n|-damage|p1a: Metagross|54\/100\n|\n|upkeep\n|turn|7\n|\n|t:|1657004460\n|switch|p2a: Volcanion|Volcanion|71\/100\n|move|p1a: Metagross|Meteor Mash|p2a: Volcanion|[miss]\n|-miss|p1a: Metagross|p2a: Volcanion\n|\n|-heal|p2a: Volcanion|77\/100|[from] item: Leftovers\n|upkeep\n|turn|8\n|\n|t:|1657004467\n|switch|p1a: Garchomp|Garchomp, M|100\/100\n|move|p2a: Volcanion|Flamethrower|p1a: Garchomp\n|-resisted|p1a: Garchomp\n|-damage|p1a: Garchomp|82\/100\n|\n|-heal|p2a: Volcanion|83\/100|[from] item: Leftovers\n|upkeep\n|turn|9\n|\n|t:|1657004472\n|move|p1a: Garchomp|Stealth Rock|p2a: Volcanion\n|-sidestart|p2: paquet2tresor|move: Stealth Rock\n|move|p2a: Volcanion|Toxic|p1a: Garchomp\n|-status|p1a: Garchomp|tox\n|\n|-heal|p2a: Volcanion|89\/100|[from] item: Leftovers\n|-damage|p1a: Garchomp|76\/100 tox|[from] psn\n|upkeep\n|turn|10\n|\n|t:|1657004476\n|switch|p2a: Clefable|Clefable, F|100\/100\n|move|p1a: Garchomp|Dragon Tail|p2a: Clefable\n|-immune|p2a: Clefable\n|\n|-damage|p1a: Garchomp|64\/100 tox|[from] psn\n|upkeep\n|turn|11\n|\n|t:|1657004482\n|switch|p1a: Magnezone|Magnezone|100\/100\n|switch|p2a: Landorus|Landorus-Therian, M|100\/100\n|-damage|p2a: Landorus|88\/100|[from] Stealth Rock\n|-ability|p2a: Landorus|Intimidate|boost\n|-unboost|p1a: Magnezone|atk|1\n|\n|upkeep\n|turn|12\n|\n|t:|1657004490\n|switch|p1a: Garchomp|Garchomp, M|64\/100 tox\n|move|p2a: Landorus|U-turn|p1a: Garchomp\n|-damage|p1a: Garchomp|47\/100 tox\n|-damage|p2a: Landorus|76\/100|[from] ability: Rough Skin|[of] p1a: Garchomp\n|-damage|p2a: Landorus|59\/100|[from] item: Rocky Helmet|[of] p1a: Garchomp\n|\n|t:|1657004494\n|switch|p2a: Clefable|Clefable, F|100\/100|[from]move: U-turn\n|\n|-damage|p1a: Garchomp|41\/100 tox|[from] psn\n|upkeep\n|turn|13\n|\n|t:|1657004501\n|switch|p1a: Metagross|Metagross-Mega|54\/100\n|move|p2a: Clefable|Moonblast|p1a: Metagross\n|-resisted|p1a: Metagross\n|-damage|p1a: Metagross|38\/100\n|\n|upkeep\n|turn|14\n|\n|t:|1657004526\n|switch|p2a: Volcanion|Volcanion|89\/100\n|-damage|p2a: Volcanion|64\/100|[from] Stealth Rock\n|move|p1a: Metagross|Zen Headbutt|p2a: Volcanion\n|-damage|p2a: Volcanion|23\/100\n|\n|-heal|p2a: Volcanion|30\/100|[from] item: Leftovers\n|upkeep\n|turn|15\n|\n|t:|1657004537\n|move|p1a: Metagross|Earthquake|p2a: Volcanion\n|-supereffective|p2a: Volcanion\n|-damage|p2a: Volcanion|0 fnt\n|faint|p2a: Volcanion\n|\n|upkeep\n|\n|t:|1657004540\n|switch|p2a: Landorus|Landorus-Therian, M|59\/100\n|-damage|p2a: Landorus|47\/100|[from] Stealth Rock\n|-ability|p2a: Landorus|Intimidate|boost\n|-unboost|p1a: Metagross|atk|1\n|turn|16\n|\n|t:|1657004552\n|switch|p1a: Latios|Latios, M|64\/100 brn\n|move|p2a: Landorus|Earthquake|p1a: Latios\n|-immune|p1a: Latios|[from] ability: Levitate\n|\n|-damage|p1a: Latios|52\/100 brn|[from] brn\n|upkeep\n|turn|17\n|\n|t:|1657004564\n|switch|p2a: Excadrill|Excadrill, F|100\/100\n|-damage|p2a: Excadrill|97\/100|[from] Stealth Rock\n|-ability|p2a: Excadrill|Mold Breaker\n|move|p1a: Latios|Psychic|p2a: Excadrill\n|-resisted|p2a: Excadrill\n|-damage|p2a: Excadrill|71\/100\n|\n|-heal|p2a: Excadrill|77\/100|[from] item: Leftovers\n|-damage|p1a: Latios|40\/100 brn|[from] brn\n|upkeep\n|turn|18\n|\n|t:|1657004570\n|switch|p1a: Keldeo|Keldeo|100\/100\n|move|p2a: Excadrill|Stealth Rock|p1a: Keldeo\n|-sidestart|p1: rooopos|move: Stealth Rock\n|\n|-heal|p2a: Excadrill|83\/100|[from] item: Leftovers\n|upkeep\n|turn|19\n|\n|t:|1657004584\n|switch|p2a: Latias|Latias-Mega, F|67\/100\n|-damage|p2a: Latias|55\/100|[from] Stealth Rock\n|move|p1a: Keldeo|Hydro Pump|p2a: Latias\n|-resisted|p2a: Latias\n|-damage|p2a: Latias|27\/100\n|\n|upkeep\n|turn|20\n|\n|t:|1657004592\n|move|p2a: Latias|Roost|p2a: Latias\n|-heal|p2a: Latias|78\/100\n|-singleturn|p2a: Latias|move: Roost\n|move|p1a: Keldeo|Hydro Pump|p2a: Latias|[miss]\n|-miss|p1a: Keldeo|p2a: Latias\n|\n|upkeep\n|turn|21\n|\n|t:|1657004605\n|switch|p1a: Clefable|Clefable, F|100\/100\n|move|p2a: Latias|Surf|p1a: Clefable\n|-damage|p1a: Clefable|75\/100\n|\n|-heal|p1a: Clefable|81\/100|[from] item: Leftovers\n|upkeep\n|turn|22\n|\n|t:|1657004612\n|switch|p2a: Excadrill|Excadrill, F|83\/100\n|-damage|p2a: Excadrill|80\/100|[from] Stealth Rock\n|-ability|p2a: Excadrill|Mold Breaker\n|move|p1a: Clefable|Ice Beam|p2a: Excadrill\n|-damage|p2a: Excadrill|65\/100\n|\n|-heal|p2a: Excadrill|71\/100|[from] item: Leftovers\n|-heal|p1a: Clefable|87\/100|[from] item: Leftovers\n|upkeep\n|turn|23\n|j| graaapgfhe\n|\n|t:|1657004616\n|switch|p1a: Garchomp|Garchomp, M|41\/100 tox\n|-damage|p1a: Garchomp|35\/100 tox|[from] Stealth Rock\n|move|p2a: Excadrill|Earthquake|p1a: Garchomp\n|-crit|p1a: Garchomp\n|-damage|p1a: Garchomp|0 fnt\n|faint|p1a: Garchomp\n|\n|-heal|p2a: Excadrill|78\/100|[from] item: Leftovers\n|upkeep\n|inactive|rooopos has 120 seconds left.\n|\n|t:|1657004673\n|switch|p1a: Metagross|Metagross-Mega|38\/100\n|-damage|p1a: Metagross|32\/100|[from] Stealth Rock\n|turn|24\n|\n|t:|1657004682\n|switch|p2a: Landorus|Landorus-Therian, M|47\/100\n|-damage|p2a: Landorus|34\/100|[from] Stealth Rock\n|-ability|p2a: Landorus|Intimidate|boost\n|-unboost|p1a: Metagross|atk|1\n|move|p1a: Metagross|Zen Headbutt|p2a: Landorus\n|-damage|p2a: Landorus|0 fnt\n|faint|p2a: Landorus\n|\n|upkeep\n|\n|t:|1657004690\n|switch|p2a: Bisharp|Bisharp, F|100\/100\n|-damage|p2a: Bisharp|95\/100|[from] Stealth Rock\n|turn|25\n|\n|t:|1657004699\n|move|p1a: Metagross|Earthquake|p2a: Bisharp\n|-supereffective|p2a: Bisharp\n|-damage|p2a: Bisharp|38\/100\n|move|p2a: Bisharp|Knock Off|p1a: Metagross\n|-supereffective|p1a: Metagross\n|-damage|p1a: Metagross|0 fnt\n|faint|p1a: Metagross\n|\n|upkeep\n|\n|t:|1657004702\n|switch|p1a: Magnezone|Magnezone|100\/100\n|-damage|p1a: Magnezone|94\/100|[from] Stealth Rock\n|turn|26\n|\n|t:|1657004706\n|move|p2a: Bisharp|Sucker Punch|p1a: Magnezone\n|-damage|p1a: Magnezone|45\/100\n|move|p1a: Magnezone|Hidden Power|p2a: Bisharp\n|-supereffective|p2a: Bisharp\n|-damage|p2a: Bisharp|0 fnt\n|faint|p2a: Bisharp\n|\n|upkeep\n|\n|t:|1657004720\n|switch|p2a: Latias|Latias-Mega, F|78\/100\n|-damage|p2a: Latias|65\/100|[from] Stealth Rock\n|turn|27\n|\n|t:|1657004731\n|switch|p1a: Keldeo|Keldeo|100\/100\n|-damage|p1a: Keldeo|94\/100|[from] Stealth Rock\n|move|p2a: Latias|Calm Mind|p2a: Latias\n|-boost|p2a: Latias|spa|1\n|-boost|p2a: Latias|spd|1\n|\n|upkeep\n|turn|28\n|\n|t:|1657004742\n|switch|p1a: Magnezone|Magnezone|45\/100\n|-damage|p1a: Magnezone|39\/100|[from] Stealth Rock\n|move|p2a: Latias|Calm Mind|p2a: Latias\n|-boost|p2a: Latias|spa|1\n|-boost|p2a: Latias|spd|1\n|\n|upkeep\n|turn|29\n|\n|t:|1657004756\n|switch|p1a: Keldeo|Keldeo|94\/100\n|-damage|p1a: Keldeo|88\/100|[from] Stealth Rock\n|move|p2a: Latias|Roost|p2a: Latias\n|-heal|p2a: Latias|100\/100\n|-singleturn|p2a: Latias|move: Roost\n|\n|upkeep\n|turn|30\n|\n|t:|1657004762\n|switch|p1a: Magnezone|Magnezone|39\/100\n|-damage|p1a: Magnezone|33\/100|[from] Stealth Rock\n|move|p2a: Latias|Calm Mind|p2a: Latias\n|-boost|p2a: Latias|spa|1\n|-boost|p2a: Latias|spd|1\n|\n|upkeep\n|turn|31\n|\n|t:|1657004765\n|move|p1a: Magnezone|Flash Cannon|p2a: Latias\n|-damage|p2a: Latias|89\/100\n|move|p2a: Latias|Stored Power|p1a: Magnezone\n|-resisted|p1a: Magnezone\n|-damage|p1a: Magnezone|0 fnt\n|faint|p1a: Magnezone\n|\n|upkeep\n|\n|t:|1657004768\n|switch|p1a: Latios|Latios, M|40\/100 brn\n|-damage|p1a: Latios|28\/100 brn|[from] Stealth Rock\n|turn|32\n|\n|t:|1657004772\n|move|p2a: Latias|Stored Power|p1a: Latios\n|-resisted|p1a: Latios\n|-damage|p1a: Latios|0 fnt\n|faint|p1a: Latios\n|\n|upkeep\n|-message|rooopos forfeited.\n|\n|win|paquet2tresor\n|raw|rooopos's rating: 1423 &rarr; <strong>1414<\/strong><br \/>(-9 for losing)\n|raw|paquet2tresor's rating: 1648 &rarr; <strong>1657<\/strong><br \/>(+9 for winning)\n|l|\u2606rooopos\n|l|\u2606paquet2tresor\n","uploadtime":1657004848,"views":31,"p1id":"rooopos","p2id":"paquet2tresor","formatid":"gen6ou","rating":1414,"private":0,"password":null}