{"id":"gen6randombattle-1706959878","p1":"kolos1990","p2":"ChildOfSin_onig","format":"gen6randombattle","log":"|j|\u2606kolos1990\n|j|\u2606ChildOfSin_onig\n|t:|1668036488\n|gametype|singles\n|player|p1|kolos1990|2|1028\n|player|p2|ChildOfSin_onig|169|1076\n|teamsize|p1|6\n|teamsize|p2|6\n|gen|6\n|tier|[Gen 6] Random Battle\n|rated|\n|rule|Sleep Clause Mod: Limit one foe put to sleep\n|rule|HP Percentage Mod: HP is shown in percentages\n|rule|Mega Rayquaza Clause: You cannot mega evolve Rayquaza\n|\n|t:|1668036488\n|start\n|switch|p1a: Registeel|Registeel, L84|272\/272\n|switch|p2a: Spinda|Spinda, F|282\/282\n|turn|1\n|\n|t:|1668036497\n|switch|p2a: Forretress|Forretress, L82, F|257\/257\n|move|p1a: Registeel|Iron Head|p2a: Forretress\n|-resisted|p2a: Forretress\n|-damage|p2a: Forretress|231\/257\n|\n|-heal|p2a: Forretress|247\/257|[from] item: Leftovers\n|upkeep\n|turn|2\n|\n|t:|1668036509\n|move|p1a: Registeel|Toxic|p2a: Forretress\n|-immune|p2a: Forretress\n|move|p2a: Forretress|Stealth Rock|p1a: Registeel\n|-sidestart|p1: kolos1990|move: Stealth Rock\n|\n|-heal|p2a: Forretress|257\/257|[from] item: Leftovers\n|upkeep\n|turn|3\n|\n|t:|1668036523\n|move|p1a: Registeel|Stealth Rock|p2a: Forretress\n|-sidestart|p2: ChildOfSin_onig|move: Stealth Rock\n|move|p2a: Forretress|Volt Switch|p1a: Registeel\n|-damage|p1a: Registeel|251\/272\n|\n|t:|1668036527\n|switch|p2a: Nidoqueen|Nidoqueen, L82, F|282\/282\n|-damage|p2a: Nidoqueen|265\/282|[from] Stealth Rock\n|\n|-heal|p1a: Registeel|268\/272|[from] item: Leftovers\n|upkeep\n|turn|4\n|\n|t:|1668036535\n|move|p2a: Nidoqueen|Toxic Spikes|p1a: Registeel\n|-sidestart|p1: kolos1990|move: Toxic Spikes\n|move|p1a: Registeel|Curse|p1a: Registeel\n|-unboost|p1a: Registeel|spe|1\n|-boost|p1a: Registeel|atk|1\n|-boost|p1a: Registeel|def|1\n|\n|-heal|p1a: Registeel|272\/272|[from] item: Leftovers\n|upkeep\n|turn|5\n|\n|t:|1668036549\n|move|p2a: Nidoqueen|Toxic Spikes|p1a: Registeel\n|-sidestart|p1: kolos1990|move: Toxic Spikes\n|move|p1a: Registeel|Toxic|p2a: Nidoqueen\n|-immune|p2a: Nidoqueen\n|\n|upkeep\n|turn|6\n|\n|t:|1668036568\n|move|p2a: Nidoqueen|Sludge Wave|p1a: Registeel\n|-immune|p1a: Registeel\n|move|p1a: Registeel|Curse|p1a: Registeel\n|-unboost|p1a: Registeel|spe|1\n|-boost|p1a: Registeel|atk|1\n|-boost|p1a: Registeel|def|1\n|\n|upkeep\n|turn|7\n|\n|t:|1668036576\n|move|p2a: Nidoqueen|Earth Power|p1a: Registeel\n|-supereffective|p1a: Registeel\n|-damage|p1a: Registeel|113\/272\n|move|p1a: Registeel|Iron Head|p2a: Nidoqueen\n|-damage|p2a: Nidoqueen|117\/282\n|\n|-heal|p1a: Registeel|130\/272|[from] item: Leftovers\n|upkeep\n|turn|8\n|\n|t:|1668036585\n|move|p2a: Nidoqueen|Earth Power|p1a: Registeel\n|-supereffective|p1a: Registeel\n|-damage|p1a: Registeel|0 fnt\n|faint|p1a: Registeel\n|\n|upkeep\n|\n|t:|1668036590\n|switch|p1a: Krookodile|Krookodile, L82, M|290\/290\n|-damage|p1a: Krookodile|272\/290|[from] Stealth Rock\n|-status|p1a: Krookodile|tox\n|-ability|p1a: Krookodile|Intimidate|boost\n|-unboost|p2a: Nidoqueen|atk|1\n|turn|9\n|\n|t:|1668036597\n|move|p1a: Krookodile|Earthquake|p2a: Nidoqueen\n|-supereffective|p2a: Nidoqueen\n|-damage|p2a: Nidoqueen|0 fnt\n|faint|p2a: Nidoqueen\n|-damage|p1a: Krookodile|243\/290 tox|[from] item: Life Orb\n|\n|-damage|p1a: Krookodile|225\/290 tox|[from] psn\n|upkeep\n|\n|t:|1668036613\n|switch|p2a: Froslass|Froslass, L84, F|255\/255\n|-damage|p2a: Froslass|192\/255|[from] Stealth Rock\n|turn|10\n|\n|t:|1668036619\n|move|p2a: Froslass|Ice Beam|p1a: Krookodile\n|-supereffective|p1a: Krookodile\n|-damage|p1a: Krookodile|33\/290 tox\n|move|p1a: Krookodile|Superpower|p2a: Froslass\n|-immune|p2a: Froslass\n|\n|-heal|p2a: Froslass|207\/255|[from] item: Leftovers\n|-damage|p1a: Krookodile|0 fnt|[from] psn\n|faint|p1a: Krookodile\n|upkeep\n|\n|t:|1668036631\n|switch|p1a: Claydol|Claydol, L86|243\/243\n|-damage|p1a: Claydol|228\/243|[from] Stealth Rock\n|turn|11\n|\n|t:|1668036637\n|move|p2a: Froslass|Ice Beam|p1a: Claydol\n|-supereffective|p1a: Claydol\n|-damage|p1a: Claydol|96\/243\n|move|p1a: Claydol|Psychic|p2a: Froslass\n|-damage|p2a: Froslass|113\/255\n|-unboost|p2a: Froslass|spd|1\n|\n|-heal|p2a: Froslass|128\/255|[from] item: Leftovers\n|-heal|p1a: Claydol|111\/243|[from] item: Leftovers\n|upkeep\n|turn|12\n|\n|t:|1668036651\n|move|p2a: Froslass|Ice Beam|p1a: Claydol\n|-supereffective|p1a: Claydol\n|-damage|p1a: Claydol|0 fnt\n|faint|p1a: Claydol\n|\n|-heal|p2a: Froslass|143\/255|[from] item: Leftovers\n|upkeep\n|\n|t:|1668036659\n|switch|p1a: Durant|Durant, L84, M|235\/235\n|-damage|p1a: Durant|206\/235|[from] Stealth Rock\n|turn|13\n|\n|t:|1668036669\n|move|p2a: Froslass|Ice Beam|p1a: Durant\n|-resisted|p1a: Durant\n|-damage|p1a: Durant|143\/235\n|move|p1a: Durant|Superpower|p2a: Froslass\n|-immune|p2a: Froslass\n|\n|-heal|p2a: Froslass|158\/255|[from] item: Leftovers\n|upkeep\n|turn|14\n|\n|t:|1668036679\n|move|p2a: Froslass|Shadow Ball|p1a: Durant\n|-damage|p1a: Durant|37\/235\n|-unboost|p1a: Durant|spd|1\n|move|p1a: Durant|Hone Claws|p1a: Durant\n|-boost|p1a: Durant|atk|1\n|-boost|p1a: Durant|accuracy|1\n|\n|-heal|p2a: Froslass|173\/255|[from] item: Leftovers\n|upkeep\n|turn|15\n|\n|t:|1668036690\n|move|p2a: Froslass|Shadow Ball|p1a: Durant\n|-damage|p1a: Durant|0 fnt\n|faint|p1a: Durant\n|\n|-heal|p2a: Froslass|188\/255|[from] item: Leftovers\n|upkeep\n|\n|t:|1668036697\n|switch|p1a: Beautifly|Beautifly, L88, F|249\/249\n|-damage|p1a: Beautifly|125\/249|[from] Stealth Rock\n|turn|16\n|c|\u2606ChildOfSin_onig|sorry bro\n|\n|t:|1668036704\n|move|p2a: Froslass|Ice Beam|p1a: Beautifly\n|-supereffective|p1a: Beautifly\n|-damage|p1a: Beautifly|0 fnt\n|faint|p1a: Beautifly\n|\n|-heal|p2a: Froslass|203\/255|[from] item: Leftovers\n|upkeep\n|\n|t:|1668036711\n|switch|p1a: Lapras|Lapras, L88, F|371\/371\n|-damage|p1a: Lapras|279\/371|[from] Stealth Rock\n|-status|p1a: Lapras|tox\n|turn|17\n|\n|t:|1668036717\n|move|p2a: Froslass|Shadow Ball|p1a: Lapras\n|-damage|p1a: Lapras|213\/371 tox\n|-unboost|p1a: Lapras|spd|1\n|move|p1a: Lapras|Thunderbolt|p2a: Froslass\n|-damage|p2a: Froslass|84\/255\n|\n|-heal|p2a: Froslass|99\/255|[from] item: Leftovers\n|-heal|p1a: Lapras|236\/371 tox|[from] item: Leftovers\n|-damage|p1a: Lapras|213\/371 tox|[from] psn\n|upkeep\n|turn|18\n|\n|t:|1668036732\n|move|p2a: Froslass|Shadow Ball|p1a: Lapras\n|-damage|p1a: Lapras|116\/371 tox\n|move|p1a: Lapras|Hydro Pump|p2a: Froslass\n|-damage|p2a: Froslass|0 fnt\n|faint|p2a: Froslass\n|\n|-heal|p1a: Lapras|139\/371 tox|[from] item: Leftovers\n|-damage|p1a: Lapras|93\/371 tox|[from] psn\n|upkeep\n|\n|t:|1668036741\n|switch|p2a: Reshiram|Reshiram, L76|277\/277\n|-damage|p2a: Reshiram|208\/277|[from] Stealth Rock\n|-ability|p2a: Reshiram|Turboblaze\n|turn|19\n|\n|t:|1668036750\n|move|p2a: Reshiram|Stone Edge|p1a: Lapras\n|-supereffective|p1a: Lapras\n|-damage|p1a: Lapras|0 fnt\n|faint|p1a: Lapras\n|\n|win|ChildOfSin_onig\n|raw|kolos1990's rating: 1028 &rarr; <strong>1016<\/strong><br \/>(-12 for losing)\n|raw|ChildOfSin_onig's rating: 1076 &rarr; <strong>1101<\/strong><br \/>(+25 for winning)\n","inputlog":">version 453a3ad56483cc6a5c08448f6577d394b68621b7\n>start {\"formatid\":\"gen6randombattle\",\"seed\":[18957,21314,30758,5619],\"rated\":\"Rated battle\"}\n>player p1 {\"name\":\"kolos1990\",\"avatar\":\"2\",\"rating\":1028,\"seed\":[43184,5274,48047,32541]}\n>player p2 {\"name\":\"ChildOfSin_onig\",\"avatar\":\"169\",\"rating\":1076,\"seed\":[39193,48353,39637,37724]}\n>p1 move ironhead\n>p2 switch 3\n>p1 move toxic\n>p2 move stealthrock\n>p1 move stealthrock\n>p2 move voltswitch\n>p2 switch 4\n>p1 move curse\n>p2 move toxicspikes\n>p1 move toxic\n>p2 move toxicspikes\n>p1 move curse\n>p2 move sludgewave\n>p1 move ironhead\n>p2 move earthpower\n>p1 move ironhead\n>p2 move earthpower\n>p1 switch 4\n>p1 move earthquake\n>p2 move icebeam\n>p2 switch 6\n>p1 move superpower\n>p2 move icebeam\n>p1 switch 6\n>p1 move psychic\n>p2 move icebeam\n>p1 move earthquake\n>p2 move icebeam\n>p1 switch 3\n>p1 move superpower\n>p2 move icebeam\n>p1 move honeclaws\n>p2 move shadowball\n>p1 move xscissor\n>p2 move shadowball\n>p1 switch 2\n>chat \u2606ChildOfSin_onig|sorry bro\n>p1 move energyball\n>p2 move icebeam\n>p1 switch 5\n>p1 move thunderbolt\n>p2 move shadowball\n>p1 move hydropump\n>p2 move shadowball\n>p2 switch 2\n>p1 move hydropump\n>p2 move stoneedge","uploadtime":1668036756,"views":4,"p1id":"kolos1990","p2id":"childofsinonig","formatid":"gen6randombattle","rating":1016,"private":0,"password":null}