{"id":"gen6ou-1586872076","p1":"SkipTheDripBayless","p2":"3d","format":"gen6ou","log":"|j|\u2606SkipTheDripBayless\n|j|\u26063d\n|t:|1654058693\n|gametype|singles\n|player|p1|SkipTheDripBayless|pokekidf-gen8|\n|player|p2|3d|erika|\n|teamsize|p1|6\n|teamsize|p2|6\n|gen|6\n|tier|[Gen 6] OU\n|rule|Sleep Clause Mod: Limit one foe put to sleep\n|rule|Species Clause: Limit one of each Pok\u00e9mon\n|rule|OHKO Clause: OHKO moves are banned\n|rule|Moody Clause: Moody is banned\n|rule|Evasion Moves Clause: Evasion moves are banned\n|rule|Endless Battle Clause: Forcing endless battles is banned\n|rule|HP Percentage Mod: HP is shown in percentages\n|rule|Swagger Clause: Swagger is banned\n|clearpoke\n|poke|p1|Pinsir, M|item\n|poke|p1|Weavile, F|item\n|poke|p1|Starmie|item\n|poke|p1|Ferrothorn, F|item\n|poke|p1|Gliscor, F|item\n|poke|p1|Keldeo|item\n|poke|p2|Magnezone|item\n|poke|p2|Clefable, M|item\n|poke|p2|Starmie|item\n|poke|p2|Aerodactyl, M|item\n|poke|p2|Gliscor, F|item\n|poke|p2|Ferrothorn, F|item\n|teampreview\n|\n|t:|1654058713\n|start\n|switch|p1a: Keldeo|Keldeo|100\/100\n|switch|p2a: Clefable|Clefable, M|100\/100\n|turn|1\n|\n|t:|1654058722\n|move|p1a: Keldeo|Substitute|p1a: Keldeo\n|-start|p1a: Keldeo|Substitute\n|-damage|p1a: Keldeo|76\/100\n|move|p2a: Clefable|Stealth Rock|p1a: Keldeo\n|-sidestart|p1: SkipTheDripBayless|move: Stealth Rock\n|\n|-heal|p1a: Keldeo|82\/100|[from] item: Leftovers\n|upkeep\n|turn|2\n|\n|t:|1654058727\n|move|p1a: Keldeo|Scald|p2a: Clefable\n|-damage|p2a: Clefable|61\/100\n|-status|p2a: Clefable|brn\n|move|p2a: Clefable|Calm Mind|p2a: Clefable\n|-boost|p2a: Clefable|spa|1\n|-boost|p2a: Clefable|spd|1\n|\n|-heal|p1a: Keldeo|88\/100|[from] item: Leftovers\n|-heal|p2a: Clefable|68\/100 brn|[from] item: Leftovers\n|upkeep\n|turn|3\n|\n|t:|1654058732\n|move|p1a: Keldeo|Scald|p2a: Clefable\n|-damage|p2a: Clefable|40\/100 brn\n|move|p2a: Clefable|Soft-Boiled|p2a: Clefable\n|-heal|p2a: Clefable|90\/100 brn\n|\n|-heal|p1a: Keldeo|94\/100|[from] item: Leftovers\n|-heal|p2a: Clefable|96\/100 brn|[from] item: Leftovers\n|upkeep\n|turn|4\n|\n|t:|1654058740\n|switch|p1a: Gliscor|Gliscor, F|100\/100\n|-damage|p1a: Gliscor|88\/100|[from] Stealth Rock\n|move|p2a: Clefable|Moonblast|p1a: Gliscor\n|-damage|p1a: Gliscor|43\/100\n|\n|-heal|p2a: Clefable|100\/100 brn|[from] item: Leftovers\n|-status|p1a: Gliscor|tox|[from] item: Toxic Orb\n|upkeep\n|turn|5\n|\n|t:|1654058744\n|move|p1a: Gliscor|Roost|p1a: Gliscor\n|-heal|p1a: Gliscor|93\/100 tox\n|-singleturn|p1a: Gliscor|move: Roost\n|move|p2a: Clefable|Moonblast|p1a: Gliscor\n|-damage|p1a: Gliscor|50\/100 tox\n|-unboost|p1a: Gliscor|spa|1\n|\n|-heal|p1a: Gliscor|63\/100 tox|[from] ability: Poison Heal\n|upkeep\n|turn|6\n|\n|t:|1654058747\n|move|p1a: Gliscor|Swords Dance|p1a: Gliscor\n|-boost|p1a: Gliscor|atk|2\n|move|p2a: Clefable|Calm Mind|p2a: Clefable\n|-boost|p2a: Clefable|spa|1\n|-boost|p2a: Clefable|spd|1\n|\n|-heal|p1a: Gliscor|75\/100 tox|[from] ability: Poison Heal\n|upkeep\n|turn|7\n|\n|t:|1654058750\n|move|p1a: Gliscor|Earthquake|p2a: Clefable\n|-damage|p2a: Clefable|55\/100 brn\n|move|p2a: Clefable|Moonblast|p1a: Gliscor\n|-damage|p1a: Gliscor|17\/100 tox\n|-unboost|p1a: Gliscor|spa|1\n|\n|-heal|p2a: Clefable|61\/100 brn|[from] item: Leftovers\n|-heal|p1a: Gliscor|29\/100 tox|[from] ability: Poison Heal\n|upkeep\n|turn|8\n|\n|t:|1654058753\n|move|p1a: Gliscor|Roost|p1a: Gliscor\n|-heal|p1a: Gliscor|79\/100 tox\n|-singleturn|p1a: Gliscor|move: Roost\n|move|p2a: Clefable|Moonblast|p1a: Gliscor\n|-damage|p1a: Gliscor|24\/100 tox\n|\n|-heal|p2a: Clefable|67\/100 brn|[from] item: Leftovers\n|-heal|p1a: Gliscor|36\/100 tox|[from] ability: Poison Heal\n|upkeep\n|turn|9\n|\n|t:|1654058756\n|move|p1a: Gliscor|Roost|p1a: Gliscor\n|-heal|p1a: Gliscor|86\/100 tox\n|-singleturn|p1a: Gliscor|move: Roost\n|move|p2a: Clefable|Moonblast|p1a: Gliscor\n|-damage|p1a: Gliscor|33\/100 tox\n|\n|-heal|p2a: Clefable|73\/100 brn|[from] item: Leftovers\n|-heal|p1a: Gliscor|46\/100 tox|[from] ability: Poison Heal\n|upkeep\n|turn|10\n|\n|t:|1654058758\n|move|p1a: Gliscor|Roost|p1a: Gliscor\n|-heal|p1a: Gliscor|96\/100 tox\n|-singleturn|p1a: Gliscor|move: Roost\n|move|p2a: Clefable|Moonblast|p1a: Gliscor\n|-damage|p1a: Gliscor|40\/100 tox\n|-unboost|p1a: Gliscor|spa|1\n|\n|-heal|p2a: Clefable|79\/100 brn|[from] item: Leftovers\n|-heal|p1a: Gliscor|53\/100 tox|[from] ability: Poison Heal\n|upkeep\n|turn|11\n|\n|t:|1654058765\n|move|p1a: Gliscor|Roost|p1a: Gliscor\n|-heal|p1a: Gliscor|100\/100 tox\n|-singleturn|p1a: Gliscor|move: Roost\n|move|p2a: Clefable|Moonblast|p1a: Gliscor\n|-damage|p1a: Gliscor|42\/100 tox\n|\n|-heal|p2a: Clefable|85\/100 brn|[from] item: Leftovers\n|-heal|p1a: Gliscor|54\/100 tox|[from] ability: Poison Heal\n|upkeep\n|turn|12\n|\n|t:|1654058768\n|move|p1a: Gliscor|Roost|p1a: Gliscor\n|-heal|p1a: Gliscor|100\/100 tox\n|-singleturn|p1a: Gliscor|move: Roost\n|move|p2a: Clefable|Calm Mind|p2a: Clefable\n|-boost|p2a: Clefable|spa|1\n|-boost|p2a: Clefable|spd|1\n|\n|-heal|p2a: Clefable|91\/100 brn|[from] item: Leftovers\n|upkeep\n|turn|13\n|\n|t:|1654058769\n|move|p1a: Gliscor|Earthquake|p2a: Clefable\n|-damage|p2a: Clefable|38\/100 brn\n|move|p2a: Clefable|Moonblast|p1a: Gliscor\n|-damage|p1a: Gliscor|33\/100 tox\n|\n|-heal|p2a: Clefable|44\/100 brn|[from] item: Leftovers\n|-heal|p1a: Gliscor|46\/100 tox|[from] ability: Poison Heal\n|upkeep\n|turn|14\n|\n|t:|1654058775\n|switch|p2a: Aerodactyl|Aerodactyl, M|100\/100\n|move|p1a: Gliscor|Roost|p1a: Gliscor\n|-heal|p1a: Gliscor|96\/100 tox\n|-singleturn|p1a: Gliscor|move: Roost\n|\n|-heal|p1a: Gliscor|100\/100 tox|[from] ability: Poison Heal\n|upkeep\n|turn|15\n|\n|t:|1654058795\n|switch|p1a: Ferrothorn|Ferrothorn, F|100\/100\n|-damage|p1a: Ferrothorn|94\/100|[from] Stealth Rock\n|detailschange|p2a: Aerodactyl|Aerodactyl-Mega, M\n|-mega|p2a: Aerodactyl|Aerodactyl|Aerodactylite\n|move|p2a: Aerodactyl|Ice Fang|p1a: Ferrothorn\n|-damage|p1a: Ferrothorn|75\/100\n|-damage|p2a: Aerodactyl|88\/100|[from] ability: Iron Barbs|[of] p1a: Ferrothorn\n|\n|-heal|p1a: Ferrothorn|82\/100|[from] item: Leftovers\n|upkeep\n|turn|16\n|\n|t:|1654058807\n|switch|p1a: Starmie|Starmie|100\/100\n|-damage|p1a: Starmie|88\/100|[from] Stealth Rock\n|move|p2a: Aerodactyl|Ice Fang|p1a: Starmie\n|-resisted|p1a: Starmie\n|-damage|p1a: Starmie|74\/100\n|\n|-heal|p1a: Starmie|80\/100|[from] item: Leftovers\n|upkeep\n|turn|17\n|\n|t:|1654058812\n|move|p2a: Aerodactyl|Pursuit|p1a: Starmie\n|-supereffective|p1a: Starmie\n|-damage|p1a: Starmie|48\/100\n|move|p1a: Starmie|Rapid Spin|p2a: Aerodactyl\n|-resisted|p2a: Aerodactyl\n|-damage|p2a: Aerodactyl|86\/100\n|-sideend|p1: SkipTheDripBayless|Stealth Rock|[from] move: Rapid Spin|[of] p1a: Starmie\n|\n|-heal|p1a: Starmie|54\/100|[from] item: Leftovers\n|upkeep\n|turn|18\n|\n|t:|1654058818\n|move|p2a: Aerodactyl|Stone Edge|p1a: Starmie\n|-damage|p1a: Starmie|5\/100\n|move|p1a: Starmie|Recover|p1a: Starmie\n|-heal|p1a: Starmie|55\/100\n|\n|-heal|p1a: Starmie|62\/100|[from] item: Leftovers\n|upkeep\n|turn|19\n|\n|t:|1654058826\n|switch|p2a: Clefable|Clefable, M|44\/100 brn\n|move|p1a: Starmie|Thunder Wave||[still]\n|-fail|p1a: Starmie\n|\n|-heal|p1a: Starmie|68\/100|[from] item: Leftovers\n|-heal|p2a: Clefable|50\/100 brn|[from] item: Leftovers\n|upkeep\n|turn|20\n|\n|t:|1654058833\n|switch|p1a: Gliscor|Gliscor, F|100\/100 tox\n|move|p2a: Clefable|Stealth Rock|p1a: Gliscor\n|-sidestart|p1: SkipTheDripBayless|move: Stealth Rock\n|\n|-heal|p2a: Clefable|56\/100 brn|[from] item: Leftovers\n|upkeep\n|turn|21\n|\n|t:|1654058838\n|switch|p2a: Starmie|Starmie|100\/100\n|move|p1a: Gliscor|Swords Dance|p1a: Gliscor\n|-boost|p1a: Gliscor|atk|2\n|\n|upkeep\n|turn|22\n|\n|t:|1654058845\n|switch|p2a: Magnezone|Magnezone|100\/100\n|switch|p1a: Ferrothorn|Ferrothorn, F|82\/100\n|-damage|p1a: Ferrothorn|75\/100|[from] Stealth Rock\n|\n|-heal|p1a: Ferrothorn|82\/100|[from] item: Leftovers\n|upkeep\n|turn|23\n|\n|t:|1654058848\n|move|p2a: Magnezone|Hidden Power|p1a: Ferrothorn\n|-supereffective|p1a: Ferrothorn\n|-crit|p1a: Ferrothorn\n|-damage|p1a: Ferrothorn|0 fnt\n|faint|p1a: Ferrothorn\n|\n|upkeep\n|c|\u2606SkipTheDripBayless|okay\n|\n|t:|1654058855\n|switch|p1a: Starmie|Starmie|68\/100\n|-damage|p1a: Starmie|55\/100|[from] Stealth Rock\n|turn|24\n|\n|t:|1654058859\n|switch|p2a: Clefable|Clefable, M|56\/100 brn\n|move|p1a: Starmie|Rapid Spin|p2a: Clefable\n|-damage|p2a: Clefable|54\/100 brn\n|-sideend|p1: SkipTheDripBayless|Stealth Rock|[from] move: Rapid Spin|[of] p1a: Starmie\n|\n|-heal|p1a: Starmie|62\/100|[from] item: Leftovers\n|-heal|p2a: Clefable|60\/100 brn|[from] item: Leftovers\n|upkeep\n|turn|25\n|c|\u2606SkipTheDripBayless|can u not\n|\n|t:|1654058865\n|switch|p1a: Pinsir|Pinsir, M|100\/100\n|move|p2a: Clefable|Stealth Rock|p1a: Pinsir\n|-sidestart|p1: SkipTheDripBayless|move: Stealth Rock\n|\n|-heal|p2a: Clefable|66\/100 brn|[from] item: Leftovers\n|upkeep\n|turn|26\n|\n|t:|1654058871\n|switch|p1a: Starmie|Starmie|62\/100\n|-damage|p1a: Starmie|49\/100|[from] Stealth Rock\n|switch|p2a: Magnezone|Magnezone|100\/100\n|\n|-heal|p1a: Starmie|55\/100|[from] item: Leftovers\n|upkeep\n|turn|27\n|\n|t:|1654058876\n|switch|p1a: Gliscor|Gliscor, F|100\/100 tox\n|-damage|p1a: Gliscor|88\/100 tox|[from] Stealth Rock\n|move|p2a: Magnezone|Thunderbolt|p1a: Gliscor\n|-immune|p1a: Gliscor\n|\n|-heal|p1a: Gliscor|100\/100 tox|[from] ability: Poison Heal\n|upkeep\n|turn|28\n|\n|t:|1654058881\n|switch|p2a: Starmie|Starmie|100\/100\n|switch|p1a: Starmie|Starmie|55\/100\n|-damage|p1a: Starmie|43\/100|[from] Stealth Rock\n|\n|-heal|p1a: Starmie|49\/100|[from] item: Leftovers\n|upkeep\n|turn|29\n|\n|t:|1654058887\n|switch|p2a: Clefable|Clefable, M|66\/100 brn\n|move|p1a: Starmie|Rapid Spin|p2a: Clefable\n|-damage|p2a: Clefable|64\/100 brn\n|-sideend|p1: SkipTheDripBayless|Stealth Rock|[from] move: Rapid Spin|[of] p1a: Starmie\n|\n|-heal|p1a: Starmie|55\/100|[from] item: Leftovers\n|-heal|p2a: Clefable|70\/100 brn|[from] item: Leftovers\n|upkeep\n|turn|30\n|\n|t:|1654058891\n|move|p1a: Starmie|Recover|p1a: Starmie\n|-heal|p1a: Starmie|100\/100\n|move|p2a: Clefable|Stealth Rock|p1a: Starmie\n|-sidestart|p1: SkipTheDripBayless|move: Stealth Rock\n|\n|-heal|p2a: Clefable|76\/100 brn|[from] item: Leftovers\n|upkeep\n|turn|31\n|\n|t:|1654058893\n|move|p1a: Starmie|Rapid Spin|p2a: Clefable\n|-damage|p2a: Clefable|74\/100 brn\n|-sideend|p1: SkipTheDripBayless|Stealth Rock|[from] move: Rapid Spin|[of] p1a: Starmie\n|move|p2a: Clefable|Moonblast|p1a: Starmie\n|-damage|p1a: Starmie|64\/100\n|\n|-heal|p1a: Starmie|70\/100|[from] item: Leftovers\n|-heal|p2a: Clefable|80\/100 brn|[from] item: Leftovers\n|upkeep\n|turn|32\n|\n|t:|1654058900\n|switch|p1a: Gliscor|Gliscor, F|100\/100 tox\n|move|p2a: Clefable|Stealth Rock|p1a: Gliscor\n|-sidestart|p1: SkipTheDripBayless|move: Stealth Rock\n|\n|-heal|p2a: Clefable|86\/100 brn|[from] item: Leftovers\n|upkeep\n|turn|33\n|\n|t:|1654058908\n|switch|p2a: Aerodactyl|Aerodactyl-Mega, M|86\/100\n|move|p1a: Gliscor|Swords Dance|p1a: Gliscor\n|-boost|p1a: Gliscor|atk|2\n|\n|upkeep\n|turn|34\n|\n|t:|1654058913\n|move|p2a: Aerodactyl|Ice Fang|p1a: Gliscor|[miss]\n|-miss|p2a: Aerodactyl|p1a: Gliscor\n|move|p1a: Gliscor|Rock Slide|p2a: Aerodactyl\n|-supereffective|p2a: Aerodactyl\n|-damage|p2a: Aerodactyl|0 fnt\n|faint|p2a: Aerodactyl\n|\n|upkeep\n|c|\u26063d|damn\n|c|\u2606SkipTheDripBayless|fuckin justice\n|c|\u26063d|for what\n|j| Kart Blanche\n|c|\u2606SkipTheDripBayless|u criting my ferro\n|c|\u26063d|wow rocks are so bad\n|c|\u2606SkipTheDripBayless|bro\n|c|\u26063d|i can juts spin on ur starmie\n|c|\u2606SkipTheDripBayless|u go ferro\n|c|\u26063d|or gliscor\n|c|\u2606SkipTheDripBayless|i get my rocks\n|c|\u26063d|what\n|c|\u26063d|wdym i go ferro\n|c|\u2606SkipTheDripBayless|* get my rocks\n|c|\u2606SkipTheDripBayless|wit my ferro\n|c|\u2606SkipTheDripBayless|then i cm\n|c|\u26063d|why is rocks more relevant\n|c|\u2606SkipTheDripBayless|gg\n|c|\u26063d|than my aerodactyl\n|c|\u26063d|idgi\n|\n|t:|1654058984\n|switch|p2a: Starmie|Starmie|100\/100\n|turn|35\n|c|\u2606SkipTheDripBayless|stfu\n|c|\u2606SkipTheDripBayless|ur bad\n|\n|t:|1654058994\n|switch|p2a: Magnezone|Magnezone|100\/100\n|switch|p1a: Starmie|Starmie|70\/100\n|-damage|p1a: Starmie|58\/100|[from] Stealth Rock\n|\n|-heal|p1a: Starmie|64\/100|[from] item: Leftovers\n|upkeep\n|turn|36\n|\n|t:|1654059006\n|switch|p2a: Gliscor|Gliscor, F|100\/100\n|switch|p1a: Gliscor|Gliscor, F|100\/100 tox\n|-damage|p1a: Gliscor|88\/100 tox|[from] Stealth Rock\n|\n|-heal|p1a: Gliscor|100\/100 tox|[from] ability: Poison Heal\n|-status|p2a: Gliscor|tox|[from] item: Toxic Orb\n|upkeep\n|turn|37\n|\n|t:|1654059014\n|move|p1a: Gliscor|Swords Dance|p1a: Gliscor\n|-boost|p1a: Gliscor|atk|2\n|move|p2a: Gliscor|Swords Dance|p2a: Gliscor\n|-boost|p2a: Gliscor|atk|2\n|\n|upkeep\n|turn|38\n|\n|t:|1654059017\n|move|p2a: Gliscor|Facade|p1a: Gliscor\n|-damage|p1a: Gliscor|48\/100 tox\n|move|p1a: Gliscor|Swords Dance|p1a: Gliscor\n|-boost|p1a: Gliscor|atk|2\n|\n|-heal|p1a: Gliscor|60\/100 tox|[from] ability: Poison Heal\n|upkeep\n|turn|39\n|\n|t:|1654059022\n|move|p2a: Gliscor|Swords Dance|p2a: Gliscor\n|-boost|p2a: Gliscor|atk|2\n|move|p1a: Gliscor|Roost|p1a: Gliscor\n|-heal|p1a: Gliscor|100\/100 tox\n|-singleturn|p1a: Gliscor|move: Roost\n|\n|upkeep\n|turn|40\n|\n|t:|1654059025\n|move|p1a: Gliscor|Rock Slide|p2a: Gliscor\n|-damage|p2a: Gliscor|60\/100 tox\n|move|p2a: Gliscor|Facade|p1a: Gliscor\n|-crit|p1a: Gliscor\n|-damage|p1a: Gliscor|0 fnt\n|faint|p1a: Gliscor\n|\n|-heal|p2a: Gliscor|73\/100 tox|[from] ability: Poison Heal\n|upkeep\n|\n|t:|1654059032\n|switch|p1a: Keldeo|Keldeo|94\/100\n|-damage|p1a: Keldeo|88\/100|[from] Stealth Rock\n|turn|41\n|\n|t:|1654059042\n|move|p1a: Keldeo|Calm Mind|p1a: Keldeo\n|-boost|p1a: Keldeo|spa|1\n|-boost|p1a: Keldeo|spd|1\n|move|p2a: Gliscor|Earthquake|p1a: Keldeo\n|-damage|p1a: Keldeo|0 fnt\n|faint|p1a: Keldeo\n|\n|-heal|p2a: Gliscor|85\/100 tox|[from] ability: Poison Heal\n|upkeep\n|\n|t:|1654059046\n|switch|p1a: Weavile|Weavile, F|100\/100\n|-damage|p1a: Weavile|76\/100|[from] Stealth Rock\n|-ability|p1a: Weavile|Pressure\n|turn|42\n|\n|t:|1654059057\n|move|p1a: Weavile|Icicle Crash|p2a: Gliscor\n|-supereffective|p2a: Gliscor\n|-damage|p2a: Gliscor|0 fnt\n|faint|p2a: Gliscor\n|\n|upkeep\n|\n|t:|1654059067\n|switch|p2a: Ferrothorn|Ferrothorn, F|100\/100\n|turn|43\n|\n|t:|1654059069\n|move|p1a: Weavile|Icicle Crash|p2a: Ferrothorn\n|-damage|p2a: Ferrothorn|60\/100\n|move|p2a: Ferrothorn|Power Whip|p1a: Weavile\n|-damage|p1a: Weavile|7\/100\n|\n|-heal|p2a: Ferrothorn|67\/100|[from] item: Leftovers\n|upkeep\n|turn|44\n|\n|t:|1654059072\n|move|p1a: Weavile|Icicle Crash|p2a: Ferrothorn\n|-damage|p2a: Ferrothorn|25\/100\n|cant|p2a: Ferrothorn|flinch\n|\n|-heal|p2a: Ferrothorn|31\/100|[from] item: Leftovers\n|upkeep\n|turn|45\n|\n|t:|1654059076\n|move|p1a: Weavile|Icicle Crash|p2a: Ferrothorn\n|-damage|p2a: Ferrothorn|0 fnt\n|faint|p2a: Ferrothorn\n|\n|upkeep\n|\n|t:|1654059085\n|switch|p2a: Magnezone|Magnezone|100\/100\n|turn|46\n|\n|t:|1654059092\n|move|p1a: Weavile|Icicle Crash|p2a: Magnezone\n|-resisted|p2a: Magnezone\n|-damage|p2a: Magnezone|69\/100\n|cant|p2a: Magnezone|flinch\n|\n|upkeep\n|turn|47\n|\n|t:|1654059101\n|switch|p2a: Starmie|Starmie|100\/100\n|move|p1a: Weavile|Icicle Crash|p2a: Starmie\n|-resisted|p2a: Starmie\n|-damage|p2a: Starmie|63\/100\n|\n|-heal|p2a: Starmie|70\/100|[from] item: Leftovers\n|upkeep\n|turn|48\n|\n|t:|1654059104\n|switch|p1a: Starmie|Starmie|64\/100\n|-damage|p1a: Starmie|52\/100|[from] Stealth Rock\n|move|p2a: Starmie|Scald|p1a: Starmie\n|-resisted|p1a: Starmie\n|-damage|p1a: Starmie|35\/100\n|\n|-heal|p2a: Starmie|76\/100|[from] item: Leftovers\n|-heal|p1a: Starmie|41\/100|[from] item: Leftovers\n|upkeep\n|turn|49\n|\n|t:|1654059108\n|switch|p2a: Magnezone|Magnezone|69\/100\n|move|p1a: Starmie|Rapid Spin|p2a: Magnezone\n|-resisted|p2a: Magnezone\n|-damage|p2a: Magnezone|68\/100\n|-sideend|p1: SkipTheDripBayless|Stealth Rock|[from] move: Rapid Spin|[of] p1a: Starmie\n|\n|-heal|p1a: Starmie|47\/100|[from] item: Leftovers\n|upkeep\n|turn|50\n|\n|t:|1654059114\n|move|p2a: Magnezone|Volt Switch|p1a: Starmie\n|-supereffective|p1a: Starmie\n|-damage|p1a: Starmie|0 fnt\n|faint|p1a: Starmie\n|\n|t:|1654059116\n|switch|p2a: Starmie|Starmie|76\/100|[from]move: Volt Switch\n|\n|-heal|p2a: Starmie|82\/100|[from] item: Leftovers\n|upkeep\n|\n|t:|1654059118\n|switch|p1a: Pinsir|Pinsir, M|100\/100\n|turn|51\n|\n|t:|1654059124\n|detailschange|p1a: Pinsir|Pinsir-Mega, M\n|-mega|p1a: Pinsir|Pinsir|Pinsirite\n|move|p2a: Starmie|Thunder Wave|p1a: Pinsir\n|-status|p1a: Pinsir|par\n|move|p1a: Pinsir|Frustration|p2a: Starmie\n|-damage|p2a: Starmie|0 fnt\n|faint|p2a: Starmie\n|\n|upkeep\n|\n|t:|1654059127\n|switch|p2a: Magnezone|Magnezone|68\/100\n|turn|52\n|\n|t:|1654059133\n|move|p1a: Pinsir|Quick Attack|p2a: Magnezone\n|-resisted|p2a: Magnezone\n|-damage|p2a: Magnezone|60\/100\n|move|p2a: Magnezone|Volt Switch|p1a: Pinsir\n|-supereffective|p1a: Pinsir\n|-damage|p1a: Pinsir|2\/100 par\n|\n|t:|1654059135\n|switch|p2a: Clefable|Clefable, M|86\/100 brn|[from]move: Volt Switch\n|\n|-heal|p2a: Clefable|92\/100 brn|[from] item: Leftovers\n|upkeep\n|turn|53\n|\n|t:|1654059141\n|move|p1a: Pinsir|Quick Attack|p2a: Clefable\n|-damage|p2a: Clefable|69\/100 brn\n|move|p2a: Clefable|Moonblast|p1a: Pinsir\n|-damage|p1a: Pinsir|0 fnt\n|faint|p1a: Pinsir\n|\n|-heal|p2a: Clefable|75\/100 brn|[from] item: Leftovers\n|upkeep\n|\n|t:|1654059143\n|switch|p1a: Weavile|Weavile, F|7\/100\n|-ability|p1a: Weavile|Pressure\n|turn|54\n|\n|t:|1654059147\n|move|p1a: Weavile|Icicle Crash|p2a: Clefable|[miss]\n|-miss|p1a: Weavile|p2a: Clefable\n|move|p2a: Clefable|Moonblast|p1a: Weavile\n|-supereffective|p1a: Weavile\n|-damage|p1a: Weavile|0 fnt\n|faint|p1a: Weavile\n|\n|win|3d\n|l|\u2606SkipTheDripBayless\n","uploadtime":1654059159,"views":25,"p1id":"skipthedripbayless","p2id":"3d","formatid":"gen6ou","rating":0,"private":0,"password":null}