{"id":"gen6ou-1616494031","p1":"purpled3monn","p2":"rooopos","format":"gen6ou","log":"|j|\u203dpurpled3monn\n|j|\u2606rooopos\n|t:|1657729215\n|gametype|singles\n|player|p1|purpled3monn|101|1258\n|player|p2|rooopos|266|1377\n|teamsize|p1|6\n|teamsize|p2|6\n|gen|6\n|tier|[Gen 6] OU\n|rated|\n|rule|Sleep Clause Mod: Limit one foe put to sleep\n|rule|Species Clause: Limit one of each Pok\u00e9mon\n|rule|OHKO Clause: OHKO moves are banned\n|rule|Moody Clause: Moody is banned\n|rule|Evasion Moves Clause: Evasion moves are banned\n|rule|Endless Battle Clause: Forcing endless battles is banned\n|rule|HP Percentage Mod: HP is shown in percentages\n|rule|Swagger Clause: Swagger is banned\n|clearpoke\n|poke|p1|Weavile, F|item\n|poke|p1|Medicham, F|item\n|poke|p1|Rotom-Wash|item\n|poke|p1|Tornadus-Therian, M|item\n|poke|p1|Keldeo|item\n|poke|p1|Garchomp, M|item\n|poke|p2|Keldeo|item\n|poke|p2|Magnezone|item\n|poke|p2|Metagross|item\n|poke|p2|Latios, M|item\n|poke|p2|Clefable, F|item\n|poke|p2|Garchomp, M|item\n|teampreview\n|inactive|Battle timer is ON: inactive players will automatically lose when time's up. (requested by purpled3monn)\n|\n|t:|1657729263\n|start\n|switch|p1a: Garchomp|Garchomp, M|100\/100\n|switch|p2a: Latios|Latios, M|100\/100\n|turn|1\n|\n|t:|1657729286\n|switch|p1a: Tornadus|Tornadus-Therian, M|100\/100\n|move|p2a: Latios|Draco Meteor|p1a: Tornadus\n|-crit|p1a: Tornadus\n|-damage|p1a: Tornadus|0 fnt\n|-unboost|p2a: Latios|spa|2\n|faint|p1a: Tornadus\n|\n|upkeep\n|\n|t:|1657729294\n|switch|p1a: Garchomp|Garchomp, M|100\/100\n|turn|2\n|\n|t:|1657729301\n|switch|p2a: Clefable|Clefable, F|100\/100\n|move|p1a: Garchomp|Stealth Rock|p2a: Clefable\n|-sidestart|p2: rooopos|move: Stealth Rock\n|\n|upkeep\n|turn|3\n|\n|t:|1657729308\n|move|p1a: Garchomp|Earthquake|p2a: Clefable\n|-damage|p2a: Clefable|70\/100\n|move|p2a: Clefable|Calm Mind|p2a: Clefable\n|-boost|p2a: Clefable|spa|1\n|-boost|p2a: Clefable|spd|1\n|\n|-heal|p2a: Clefable|76\/100|[from] item: Leftovers\n|upkeep\n|turn|4\n|\n|t:|1657729312\n|move|p1a: Garchomp|Earthquake|p2a: Clefable\n|-damage|p2a: Clefable|40\/100\n|move|p2a: Clefable|Ice Beam|p1a: Garchomp\n|-supereffective|p1a: Garchomp\n|-damage|p1a: Garchomp|0 fnt\n|faint|p1a: Garchomp\n|\n|-heal|p2a: Clefable|46\/100|[from] item: Leftovers\n|upkeep\n|\n|t:|1657729322\n|switch|p1a: Weavile|Weavile, F|100\/100\n|-ability|p1a: Weavile|Pressure\n|turn|5\n|\n|t:|1657729328\n|switch|p2a: Keldeo|Keldeo|100\/100\n|-damage|p2a: Keldeo|94\/100|[from] Stealth Rock\n|move|p1a: Weavile|Knock Off|p2a: Keldeo\n|-resisted|p2a: Keldeo\n|-crit|p2a: Keldeo\n|-damage|p2a: Keldeo|29\/100\n|-ability|p2a: Keldeo|Justified|boost\n|-boost|p2a: Keldeo|atk|1\n|-enditem|p2a: Keldeo|Choice Specs|[from] move: Knock Off|[of] p1a: Weavile\n|\n|upkeep\n|turn|6\n|inactive|purpled3monn has 120 seconds left.\n|\n|t:|1657729366\n|switch|p1a: Keldeo|Keldeo|100\/100\n|move|p2a: Keldeo|Secret Sword|p1a: Keldeo\n|-damage|p1a: Keldeo|52\/100\n|\n|upkeep\n|turn|7\n|inactive|purpled3monn has 120 seconds left.\n|\n|t:|1657729386\n|switch|p2a: Latios|Latios, M|100\/100\n|-damage|p2a: Latios|88\/100|[from] Stealth Rock\n|move|p1a: Keldeo|Secret Sword|p2a: Latios\n|-resisted|p2a: Latios\n|-damage|p2a: Latios|57\/100\n|\n|upkeep\n|turn|8\n|inactive|purpled3monn has 120 seconds left.\n|\n|t:|1657729394\n|move|p1a: Keldeo|Secret Sword|p2a: Latios\n|-resisted|p2a: Latios\n|-crit|p2a: Latios\n|-damage|p2a: Latios|11\/100\n|move|p2a: Latios|Draco Meteor|p1a: Keldeo|[miss]\n|-miss|p2a: Latios|p1a: Keldeo\n|\n|upkeep\n|turn|9\n|inactive|purpled3monn has 120 seconds left.\n|inactive|rooopos has 120 seconds left.\n|inactive|rooopos has 90 seconds left.\n|\n|t:|1657729465\n|move|p1a: Keldeo|Secret Sword|p2a: Latios\n|-resisted|p2a: Latios\n|-damage|p2a: Latios|0 fnt\n|faint|p2a: Latios\n|\n|upkeep\n|\n|t:|1657729470\n|switch|p2a: Garchomp|Garchomp, M|100\/100\n|-damage|p2a: Garchomp|94\/100|[from] Stealth Rock\n|turn|10\n|\n|t:|1657729475\n|switch|p1a: Rotom|Rotom-Wash|100\/100\n|move|p2a: Garchomp|Stealth Rock|p1a: Rotom\n|-sidestart|p1: purpled3monn|move: Stealth Rock\n|\n|upkeep\n|turn|11\n|inactive|rooopos has 90 seconds left.\n|\n|t:|1657729499\n|switch|p2a: Clefable|Clefable, F|46\/100\n|move|p1a: Rotom|Will-O-Wisp|p2a: Clefable\n|-status|p2a: Clefable|brn\n|\n|-heal|p2a: Clefable|52\/100 brn|[from] item: Leftovers\n|upkeep\n|turn|12\n|\n|t:|1657729519\n|move|p1a: Rotom|Hydro Pump|p2a: Clefable\n|-damage|p2a: Clefable|13\/100 brn\n|move|p2a: Clefable|Soft-Boiled|p2a: Clefable\n|-heal|p2a: Clefable|63\/100 brn\n|\n|-heal|p2a: Clefable|69\/100 brn|[from] item: Leftovers\n|upkeep\n|turn|13\n|inactive|rooopos has 90 seconds left.\n|\n|t:|1657729539\n|move|p1a: Rotom|Volt Switch|p2a: Clefable\n|-damage|p2a: Clefable|46\/100 brn\n|inactive|purpled3monn has 120 seconds left.\n|\n|t:|1657729576\n|switch|p1a: Weavile|Weavile, F|100\/100|[from]move: Volt Switch\n|-damage|p1a: Weavile|76\/100|[from] Stealth Rock\n|-ability|p1a: Weavile|Pressure\n|move|p2a: Clefable|Soft-Boiled|p2a: Clefable\n|-heal|p2a: Clefable|96\/100 brn\n|\n|-heal|p2a: Clefable|100\/100 brn|[from] item: Leftovers\n|upkeep\n|turn|14\n|inactive|rooopos has 90 seconds left.\n|\n|t:|1657729591\n|move|p1a: Weavile|Icicle Crash|p2a: Clefable\n|-damage|p2a: Clefable|56\/100 brn\n|cant|p2a: Clefable|flinch\n|\n|-heal|p2a: Clefable|62\/100 brn|[from] item: Leftovers\n|upkeep\n|turn|15\n|\n|t:|1657729596\n|move|p1a: Weavile|Icicle Crash|p2a: Clefable\n|-crit|p2a: Clefable\n|-damage|p2a: Clefable|0 fnt\n|faint|p2a: Clefable\n|\n|upkeep\n|inactive|rooopos has 90 seconds left.\n|\n|t:|1657729602\n|switch|p2a: Magnezone|Magnezone|100\/100\n|-damage|p2a: Magnezone|94\/100|[from] Stealth Rock\n|turn|16\n|inactive|purpled3monn has 120 seconds left.\n|\n|t:|1657729638\n|switch|p1a: Rotom|Rotom-Wash|100\/100\n|-damage|p1a: Rotom|88\/100|[from] Stealth Rock\n|move|p2a: Magnezone|Thunderbolt|p1a: Rotom\n|-damage|p1a: Rotom|43\/100\n|\n|-heal|p1a: Rotom|49\/100|[from] item: Leftovers\n|upkeep\n|turn|17\n|\n|t:|1657729651\n|move|p2a: Magnezone|Thunderbolt|p1a: Rotom\n|-damage|p1a: Rotom|0 fnt\n|faint|p1a: Rotom\n|\n|upkeep\n|inactive|purpled3monn has 120 seconds left.\n|\n|t:|1657729680\n|switch|p1a: Medicham|Medicham, F|100\/100\n|-damage|p1a: Medicham|94\/100|[from] Stealth Rock\n|turn|18\n|\n|t:|1657729694\n|switch|p2a: Garchomp|Garchomp, M|94\/100\n|-damage|p2a: Garchomp|88\/100|[from] Stealth Rock\n|detailschange|p1a: Medicham|Medicham-Mega, F\n|-mega|p1a: Medicham|Medicham|Medichamite\n|move|p1a: Medicham|Fake Out|p2a: Garchomp\n|-damage|p2a: Garchomp|73\/100\n|-damage|p1a: Medicham|82\/100|[from] ability: Rough Skin|[of] p2a: Garchomp\n|-damage|p1a: Medicham|66\/100|[from] item: Rocky Helmet|[of] p2a: Garchomp\n|\n|upkeep\n|turn|19\n|\n|t:|1657729715\n|switch|p1a: Keldeo|Keldeo|52\/100\n|-damage|p1a: Keldeo|46\/100|[from] Stealth Rock\n|move|p2a: Garchomp|Earthquake|p1a: Keldeo\n|-damage|p1a: Keldeo|0 fnt\n|faint|p1a: Keldeo\n|\n|upkeep\n|\n|t:|1657729718\n|switch|p1a: Weavile|Weavile, F|76\/100\n|-damage|p1a: Weavile|51\/100|[from] Stealth Rock\n|-ability|p1a: Weavile|Pressure\n|turn|20\n|\n|t:|1657729738\n|switch|p2a: Keldeo|Keldeo|29\/100\n|-damage|p2a: Keldeo|23\/100|[from] Stealth Rock\n|move|p1a: Weavile|Ice Shard|p2a: Keldeo\n|-resisted|p2a: Keldeo\n|-damage|p2a: Keldeo|5\/100\n|\n|upkeep\n|turn|21\n|\n|t:|1657729743\n|move|p1a: Weavile|Ice Shard|p2a: Keldeo\n|-resisted|p2a: Keldeo\n|-damage|p2a: Keldeo|0 fnt\n|faint|p2a: Keldeo\n|\n|upkeep\n|\n|t:|1657729747\n|switch|p2a: Magnezone|Magnezone|94\/100\n|-damage|p2a: Magnezone|88\/100|[from] Stealth Rock\n|turn|22\n|j| JuggSaw\n|\n|t:|1657729764\n|move|p1a: Weavile|Ice Shard|p2a: Magnezone\n|-resisted|p2a: Magnezone\n|-damage|p2a: Magnezone|71\/100\n|move|p2a: Magnezone|Flash Cannon|p1a: Weavile\n|-supereffective|p1a: Weavile\n|-damage|p1a: Weavile|0 fnt\n|faint|p1a: Weavile\n|\n|upkeep\n|\n|t:|1657729767\n|switch|p1a: Medicham|Medicham-Mega, F|66\/100\n|-damage|p1a: Medicham|60\/100|[from] Stealth Rock\n|turn|23\n|\n|t:|1657729770\n|switch|p2a: Garchomp|Garchomp, M|73\/100\n|-damage|p2a: Garchomp|67\/100|[from] Stealth Rock\n|move|p1a: Medicham|Fake Out|p2a: Garchomp\n|-damage|p2a: Garchomp|51\/100\n|-damage|p1a: Medicham|47\/100|[from] ability: Rough Skin|[of] p2a: Garchomp\n|-damage|p1a: Medicham|31\/100|[from] item: Rocky Helmet|[of] p2a: Garchomp\n|\n|upkeep\n|turn|24\n|inactive|purpled3monn has 120 seconds left.\n|\n|t:|1657729781\n|move|p1a: Medicham|High Jump Kick|p2a: Garchomp\n|-damage|p2a: Garchomp|0 fnt\n|-damage|p1a: Medicham|19\/100|[from] ability: Rough Skin|[of] p2a: Garchomp\n|-damage|p1a: Medicham|2\/100|[from] item: Rocky Helmet|[of] p2a: Garchomp\n|faint|p2a: Garchomp\n|\n|upkeep\n|\n|t:|1657729786\n|switch|p2a: Magnezone|Magnezone|71\/100\n|-damage|p2a: Magnezone|65\/100|[from] Stealth Rock\n|turn|25\n|\n|t:|1657729790\n|move|p2a: Magnezone|Flash Cannon|p1a: Medicham\n|-damage|p1a: Medicham|0 fnt\n|faint|p1a: Medicham\n|\n|win|rooopos\n|raw|purpled3monn's rating: 1258 &rarr; <strong>1241<\/strong><br \/>(-17 for losing)\n|raw|rooopos's rating: 1377 &rarr; <strong>1390<\/strong><br \/>(+13 for winning)\n|l|\u203dpurpled3monn\n|l| JuggSaw\n||Ladder isn't responding, score probably updated but might not have (Request timeout).\n","uploadtime":1657729805,"views":12,"p1id":"purpled3monn","p2id":"rooopos","formatid":"gen6ou","rating":1241,"private":0,"password":null}