{"id":"gen6ubers-1703007358","p1":"alvar03","p2":"LOL.XD.9","format":"gen6ubers","log":"|j|\u2606alvar03\n|j|\u2606LOL.XD.9\n|t:|1667603899\n|gametype|singles\n|player|p1|alvar03|alder|1060\n|player|p2|LOL.XD.9|red|1181\n|teamsize|p1|6\n|teamsize|p2|6\n|gen|6\n|tier|[Gen 6] Ubers\n|rated|\n|rule|Sleep Clause Mod: Limit one foe put to sleep\n|rule|Species Clause: Limit one of each Pok\u00e9mon\n|rule|OHKO Clause: OHKO moves are banned\n|rule|Moody Clause: Moody is banned\n|rule|Evasion Items Clause: Evasion items are banned\n|rule|Evasion Moves Clause: Evasion moves are banned\n|rule|Endless Battle Clause: Forcing endless battles is banned\n|rule|HP Percentage Mod: HP is shown in percentages\n|rule|Swagger Clause: Swagger is banned\n|rule|Mega Rayquaza Clause: You cannot mega evolve Rayquaza\n|clearpoke\n|poke|p1|Arceus-*|item\n|poke|p1|Scizor, F|item\n|poke|p1|Groudon|item\n|poke|p1|Deoxys-Attack|item\n|poke|p1|Latios, M|item\n|poke|p1|Yveltal|item\n|poke|p2|Arceus-*|item\n|poke|p2|Mewtwo|item\n|poke|p2|Kyogre|item\n|poke|p2|Kyurem-White|item\n|poke|p2|Giratina-Origin|item\n|poke|p2|Xerneas-*|item\n|teampreview\n|\n|t:|1667603917\n|start\n|switch|p1a: Yveltal|Yveltal|100\/100\n|switch|p2a: Kyurem|Kyurem-White|100\/100\n|-ability|p1a: Yveltal|Dark Aura\n|-ability|p2a: Kyurem|Turboblaze\n|turn|1\n|inactive|Battle timer is ON: inactive players will automatically lose when time's up. (requested by alvar03)\n|\n|t:|1667603930\n|move|p1a: Yveltal|U-turn|p2a: Kyurem\n|-damage|p2a: Kyurem|87\/100\n|-damage|p1a: Yveltal|84\/100|[from] item: Rocky Helmet|[of] p2a: Kyurem\n|\n|t:|1667603934\n|switch|p1a: Scizor|Scizor, F|100\/100|[from]move: U-turn\n|move|p2a: Kyurem|Ice Beam|p1a: Scizor\n|-resisted|p1a: Scizor\n|-damage|p1a: Scizor|72\/100\n|\n|upkeep\n|turn|2\n|\n|t:|1667603940\n|detailschange|p1a: Scizor|Scizor-Mega, F\n|-mega|p1a: Scizor|Scizor|Scizorite\n|move|p1a: Scizor|Bullet Punch|p2a: Kyurem\n|-supereffective|p2a: Kyurem\n|-damage|p2a: Kyurem|36\/100\n|-damage|p1a: Scizor|55\/100|[from] item: Rocky Helmet|[of] p2a: Kyurem\n|move|p2a: Kyurem|Fusion Flare|p1a: Scizor\n|-supereffective|p1a: Scizor\n|-damage|p1a: Scizor|0 fnt\n|faint|p1a: Scizor\n|\n|upkeep\n|\n|t:|1667603944\n|switch|p1a: Latios|Latios, M|100\/100\n|turn|3\n|\n|t:|1667603952\n|move|p1a: Latios|Psyshock|p2a: Kyurem\n|-damage|p2a: Kyurem|0 fnt\n|faint|p2a: Kyurem\n|\n|upkeep\n|\n|t:|1667603958\n|switch|p2a: Xerneas|Xerneas|100\/100\n|-ability|p2a: Xerneas|Fairy Aura\n|turn|4\n|\n|t:|1667603963\n|move|p1a: Latios|Psyshock|p2a: Xerneas\n|-damage|p2a: Xerneas|43\/100\n|move|p2a: Xerneas|Geomancy||[still]\n|-prepare|p2a: Xerneas|Geomancy\n|-enditem|p2a: Xerneas|Power Herb\n|-anim|p2a: Xerneas|Geomancy|p2a: Xerneas\n|-boost|p2a: Xerneas|spa|2\n|-boost|p2a: Xerneas|spd|2\n|-boost|p2a: Xerneas|spe|2\n|\n|upkeep\n|turn|5\n|\n|t:|1667603972\n|switch|p1a: Yveltal|Yveltal|84\/100\n|-ability|p1a: Yveltal|Dark Aura\n|move|p2a: Xerneas|Moonblast|p1a: Yveltal\n|-supereffective|p1a: Yveltal\n|-damage|p1a: Yveltal|0 fnt\n|faint|p1a: Yveltal\n|\n|upkeep\n|\n|t:|1667603973\n|switch|p1a: Groudon|Groudon|100\/100\n|detailschange|p1a: Groudon|Groudon-Primal\n|-primal|p1a: Groudon\n|-weather|DesolateLand|[from] ability: Desolate Land|[of] p1a: Groudon\n|turn|6\n|\n|t:|1667603983\n|move|p2a: Xerneas|Moonblast|p1a: Groudon\n|-resisted|p1a: Groudon\n|-damage|p1a: Groudon|35\/100\n|-unboost|p1a: Groudon|spa|1\n|move|p1a: Groudon|Precipice Blades|p2a: Xerneas\n|-damage|p2a: Xerneas|0 fnt\n|faint|p2a: Xerneas\n|\n|-weather|DesolateLand|[upkeep]\n|upkeep\n|\n|t:|1667603991\n|switch|p2a: Giratina|Giratina-Origin|100\/100\n|turn|7\n|\n|t:|1667603995\n|move|p1a: Groudon|Stealth Rock|p2a: Giratina\n|-sidestart|p2: LOL.XD.9|move: Stealth Rock\n|move|p2a: Giratina|Dragon Pulse|p1a: Groudon\n|-damage|p1a: Groudon|0 fnt\n|faint|p1a: Groudon\n|-weather|none\n|\n|upkeep\n|\n|t:|1667604001\n|switch|p1a: Latios|Latios, M|100\/100\n|turn|8\n|\n|t:|1667604004\n|move|p1a: Latios|Draco Meteor|p2a: Giratina\n|-supereffective|p2a: Giratina\n|-damage|p2a: Giratina|0 fnt\n|-unboost|p1a: Latios|spa|2\n|faint|p2a: Giratina\n|\n|upkeep\n|\n|t:|1667604011\n|switch|p2a: Kyogre|Kyogre|100\/100\n|-damage|p2a: Kyogre|88\/100|[from] Stealth Rock\n|detailschange|p2a: Kyogre|Kyogre-Primal\n|-primal|p2a: Kyogre\n|-weather|PrimordialSea|[from] ability: Primordial Sea|[of] p2a: Kyogre\n|turn|9\n|\n|t:|1667604020\n|switch|p1a: Arceus|Arceus-Dragon|100\/100\n|move|p2a: Kyogre|Ice Beam|p1a: Arceus\n|-supereffective|p1a: Arceus\n|-damage|p1a: Arceus|45\/100\n|\n|-weather|PrimordialSea|[upkeep]\n|upkeep\n|turn|10\n|\n|t:|1667604026\n|move|p1a: Arceus|Judgment|p2a: Kyogre\n|-damage|p2a: Kyogre|61\/100\n|move|p2a: Kyogre|Ice Beam|p1a: Arceus\n|-supereffective|p1a: Arceus\n|-damage|p1a: Arceus|0 fnt\n|faint|p1a: Arceus\n|\n|-weather|PrimordialSea|[upkeep]\n|upkeep\n|\n|t:|1667604029\n|switch|p1a: Latios|Latios, M|100\/100\n|turn|11\n|\n|t:|1667604035\n|move|p1a: Latios|Psyshock|p2a: Kyogre\n|-damage|p2a: Kyogre|0 fnt\n|faint|p2a: Kyogre\n|-weather|none\n|\n|upkeep\n|\n|t:|1667604040\n|switch|p2a: Arceus|Arceus-Steel|100\/100\n|-damage|p2a: Arceus|94\/100|[from] Stealth Rock\n|turn|12\n|\n|t:|1667604045\n|move|p1a: Latios|Psyshock|p2a: Arceus\n|-resisted|p2a: Arceus\n|-damage|p2a: Arceus|72\/100\n|move|p2a: Arceus|Iron Head|p1a: Latios\n|-damage|p1a: Latios|33\/100\n|\n|upkeep\n|turn|13\n|\n|t:|1667604058\n|move|p1a: Latios|Roost|p1a: Latios\n|-heal|p1a: Latios|83\/100\n|-singleturn|p1a: Latios|move: Roost\n|move|p2a: Arceus|Iron Head|p1a: Latios\n|-damage|p1a: Latios|11\/100\n|\n|upkeep\n|turn|14\n|\n|t:|1667604064\n|move|p2a: Arceus|Extreme Speed|p1a: Latios\n|-damage|p1a: Latios|0 fnt\n|faint|p1a: Latios\n|\n|upkeep\n|\n|t:|1667604065\n|switch|p1a: Deoxys|Deoxys-Attack|100\/100\n|-ability|p1a: Deoxys|Pressure\n|turn|15\n|\n|t:|1667604071\n|move|p2a: Arceus|Extreme Speed|p1a: Deoxys\n|-damage|p1a: Deoxys|0 fnt\n|faint|p1a: Deoxys\n|\n|win|LOL.XD.9\n|raw|alvar03's rating: 1060 &rarr; <strong>1047<\/strong><br \/>(-13 for losing)\n|raw|LOL.XD.9's rating: 1181 &rarr; <strong>1198<\/strong><br \/>(+17 for winning)\n|l|\u2606alvar03\n||Ladder isn't responding, score probably updated but might not have (Request timeout).\n","uploadtime":1667604080,"views":10,"p1id":"alvar03","p2id":"lolxd9","formatid":"gen6ubers","rating":1047,"private":0,"password":null}