{"id":"gen6ou-1580352869","p1":"loolllool","p2":"SetsuStsna","format":"gen6ou","log":"|j|\u2606loolllool\n|j|\u2606SetsuStsna\n|inactive|Battle timer is ON: inactive players will automatically lose when time's up.\n|t:|1653231205\n|gametype|singles\n|player|p1|loolllool|102|\n|player|p2|SetsuStsna|irida|\n|teamsize|p1|6\n|teamsize|p2|6\n|gen|6\n|tier|[Gen 6] OU\n|rated|Tournament battle\n|rule|Sleep Clause Mod: Limit one foe put to sleep\n|rule|Species Clause: Limit one of each Pok\u00e9mon\n|rule|OHKO Clause: OHKO moves are banned\n|rule|Moody Clause: Moody is banned\n|rule|Evasion Moves Clause: Evasion moves are banned\n|rule|Endless Battle Clause: Forcing endless battles is banned\n|rule|HP Percentage Mod: HP is shown in percentages\n|rule|Swagger Clause: Swagger is banned\n|clearpoke\n|poke|p1|Tyranitar, F|item\n|poke|p1|Latias, F|item\n|poke|p1|Serperior, M|item\n|poke|p1|Excadrill, F|item\n|poke|p1|Volcarona, F|item\n|poke|p1|Landorus-Therian, M|item\n|poke|p2|Manectric, M|item\n|poke|p2|Nidoking, M|item\n|poke|p2|Reuniclus, F|item\n|poke|p2|Latias, F|item\n|poke|p2|Bisharp, F|item\n|poke|p2|Ferrothorn, M|item\n|teampreview\n|c|\u2606SetsuStsna|hf\n|j| prof dankness\n|j|%ian_yo\n|j| Lacksatives\n|j| ProXXDev\n|j| NoTollsNoRolls\n|j| evay\n|c|\u2606SetsuStsna|i lost\n|j| MediumCrappers\n|c|%ian_yo|cannot call a gen bad and then bring that team setsu smh reuni fr\n|j| RggV_YT\n|inactive|SetsuStsna has 120 seconds left.\n|j| Eyyk\n|\n|t:|1653231242\n|start\n|switch|p1a: Landorus|Landorus-Therian, M|100\/100\n|switch|p2a: Ferrothorn|Ferrothorn, M|100\/100\n|-ability|p1a: Landorus|Intimidate|boost\n|-unboost|p2a: Ferrothorn|atk|1\n|turn|1\n|c| evay|\"this gen sucks\" *brings a shit team that loses to everything*\n|c| evay|huh i wonder why\n|c| RggV_YT|Setsu i love you\n|\n|t:|1653231249\n|move|p1a: Landorus|Stealth Rock|p2a: Ferrothorn\n|-sidestart|p2: SetsuStsna|move: Stealth Rock\n|move|p2a: Ferrothorn|Stealth Rock|p1a: Landorus\n|-sidestart|p1: loolllool|move: Stealth Rock\n|\n|upkeep\n|turn|2\n|c|%ian_yo|tho at least you continue to bring swag megas\n|c|\u2606SetsuStsna|bro\n|c|\u2606SetsuStsna|i just stole this\n|l| evay\n|c|\u2606SetsuStsna|from a dump or smth\n|\n|t:|1653231266\n|move|p1a: Landorus|Earthquake|p2a: Ferrothorn\n|-damage|p2a: Ferrothorn|67\/100\n|move|p2a: Ferrothorn|Leech Seed|p1a: Landorus\n|-start|p1a: Landorus|move: Leech Seed\n|\n|-heal|p2a: Ferrothorn|73\/100|[from] item: Leftovers\n|-damage|p1a: Landorus|88\/100|[from] Leech Seed|[of] p2a: Ferrothorn\n|-heal|p2a: Ferrothorn|84\/100|[silent]\n|upkeep\n|turn|3\n|\n|t:|1653231270\n|move|p1a: Landorus|Earthquake|p2a: Ferrothorn\n|-damage|p2a: Ferrothorn|49\/100\n|move|p2a: Ferrothorn|Gyro Ball|p1a: Landorus\n|-damage|p1a: Landorus|49\/100\n|\n|-heal|p2a: Ferrothorn|55\/100|[from] item: Leftovers\n|-damage|p1a: Landorus|37\/100|[from] Leech Seed|[of] p2a: Ferrothorn\n|-heal|p2a: Ferrothorn|66\/100|[silent]\n|upkeep\n|turn|4\n|\n|t:|1653231274\n|switch|p2a: Latias|Latias, F|100\/100\n|-damage|p2a: Latias|88\/100|[from] Stealth Rock\n|move|p1a: Landorus|Earthquake|p2a: Latias\n|-immune|p2a: Latias|[from] ability: Levitate\n|\n|-damage|p1a: Landorus|25\/100|[from] Leech Seed|[of] p2a: Latias\n|-heal|p2a: Latias|100\/100|[silent]\n|upkeep\n|turn|5\n|\n|t:|1653231279\n|move|p2a: Latias|Psyshock|p1a: Landorus\n|-damage|p1a: Landorus|0 fnt\n|faint|p1a: Landorus\n|-damage|p2a: Latias|91\/100|[from] item: Life Orb\n|\n|upkeep\n|c|%ian_yo|insults the team refuses to elaborate further leaves lol\n|\n|t:|1653231287\n|switch|p1a: Serperior|Serperior, M|100\/100\n|-damage|p1a: Serperior|88\/100|[from] Stealth Rock\n|turn|6\n|\n|t:|1653231300\n|move|p1a: Serperior|Light Screen|p1a: Serperior\n|-sidestart|p1: loolllool|move: Light Screen\n|move|p2a: Latias|Psyshock|p1a: Serperior\n|-damage|p1a: Serperior|63\/100\n|-damage|p2a: Latias|81\/100|[from] item: Life Orb\n|\n|upkeep\n|turn|7\n|\n|t:|1653231304\n|switch|p2a: Diagnostic|Nidoking, M|100\/100\n|-damage|p2a: Diagnostic|95\/100|[from] Stealth Rock\n|move|p1a: Serperior|Leaf Storm|p2a: Diagnostic\n|-damage|p2a: Diagnostic|48\/100\n|-boost|p1a: Serperior|spa|2\n|\n|upkeep\n|turn|8\n|c|\u2606SetsuStsna|NOOOOOO\n|\n|t:|1653231323\n|move|p1a: Serperior|Leaf Storm|p2a: Diagnostic\n|-damage|p2a: Diagnostic|0 fnt\n|-boost|p1a: Serperior|spa|2\n|faint|p2a: Diagnostic\n|\n|upkeep\n|\n|t:|1653231330\n|switch|p2a: Bisharp|Bisharp, F|100\/100\n|-damage|p2a: Bisharp|95\/100|[from] Stealth Rock\n|turn|9\n|\n|t:|1653231333\n|move|p1a: Serperior|Leaf Storm|p2a: Bisharp|[miss]\n|-miss|p1a: Serperior|p2a: Bisharp\n|move|p2a: Bisharp|Knock Off|p1a: Serperior\n|-crit|p1a: Serperior\n|-damage|p1a: Serperior|0 fnt\n|-enditem|p1a: Serperior|Light Clay|[from] move: Knock Off|[of] p2a: Bisharp\n|faint|p1a: Serperior\n|\n|upkeep\n|c|\u2606SetsuStsna|yessir\n|c| MediumCrappers|sad times\n|\n|t:|1653231352\n|switch|p1a: Excadrill|Excadrill, F|100\/100\n|-damage|p1a: Excadrill|97\/100|[from] Stealth Rock\n|turn|10\n|\n|t:|1653231361\n|switch|p2a: Ferrothorn|Ferrothorn, M|66\/100\n|-damage|p2a: Ferrothorn|60\/100|[from] Stealth Rock\n|move|p1a: Excadrill|Earthquake|p2a: Ferrothorn\n|-damage|p2a: Ferrothorn|10\/100\n|-damage|p1a: Excadrill|87\/100|[from] item: Life Orb\n|\n|-heal|p2a: Ferrothorn|16\/100|[from] item: Leftovers\n|upkeep\n|turn|11\n|\n|t:|1653231365\n|move|p1a: Excadrill|Earthquake|p2a: Ferrothorn\n|-damage|p2a: Ferrothorn|0 fnt\n|faint|p2a: Ferrothorn\n|-damage|p1a: Excadrill|78\/100|[from] item: Life Orb\n|\n|upkeep\n|c| Lacksatives|you did bring a fragile ground type into leaf storm\n|\n|t:|1653231373\n|switch|p2a: Latias|Latias, F|81\/100\n|-damage|p2a: Latias|68\/100|[from] Stealth Rock\n|turn|12\n|\n|t:|1653231381\n|move|p2a: Latias|Roost|p2a: Latias\n|-heal|p2a: Latias|100\/100\n|-singleturn|p2a: Latias|move: Roost\n|move|p1a: Excadrill|Iron Head|p2a: Latias\n|-damage|p2a: Latias|22\/100\n|-damage|p1a: Excadrill|68\/100|[from] item: Life Orb\n|\n|upkeep\n|turn|13\n|\n|t:|1653231390\n|move|p2a: Latias|Roost|p2a: Latias\n|-heal|p2a: Latias|73\/100\n|-singleturn|p2a: Latias|move: Roost\n|move|p1a: Excadrill|Iron Head|p2a: Latias\n|-damage|p2a: Latias|1\/100\n|-damage|p1a: Excadrill|58\/100|[from] item: Life Orb\n|\n|-sideend|p1: loolllool|move: Light Screen\n|upkeep\n|turn|14\n|\n|t:|1653231395\n|move|p2a: Latias|Draco Meteor|p1a: Excadrill\n|-resisted|p1a: Excadrill\n|-damage|p1a: Excadrill|6\/100\n|-unboost|p2a: Latias|spa|2\n|-damage|p2a: Latias|0 fnt|[from] item: Life Orb\n|faint|p2a: Latias\n|move|p1a: Excadrill|Iron Head|p2: Latias|[notarget]\n|-fail|p1a: Excadrill\n|\n|upkeep\n|\n|t:|1653231401\n|switch|p2a: Manectric|Manectric, M|100\/100\n|-damage|p2a: Manectric|88\/100|[from] Stealth Rock\n|turn|15\n|\n|t:|1653231410\n|detailschange|p2a: Manectric|Manectric-Mega, M\n|-mega|p2a: Manectric|Manectric|Manectite\n|-ability|p2a: Manectric|Intimidate|boost\n|-unboost|p1a: Excadrill|atk|1\n|move|p2a: Manectric|Flamethrower|p1a: Excadrill\n|-supereffective|p1a: Excadrill\n|-damage|p1a: Excadrill|0 fnt\n|faint|p1a: Excadrill\n|\n|upkeep\n|l| prof dankness\n|\n|t:|1653231428\n|switch|p1a: Latias|Latias, F|100\/100\n|-damage|p1a: Latias|88\/100|[from] Stealth Rock\n|turn|16\n|\n|t:|1653231434\n|move|p2a: Manectric|Hidden Power|p1a: Latias\n|-supereffective|p1a: Latias\n|-damage|p1a: Latias|54\/100\n|move|p1a: Latias|Light Screen|p1a: Latias\n|-sidestart|p1: loolllool|move: Light Screen\n|\n|upkeep\n|turn|17\n|\n|t:|1653231439\n|move|p2a: Manectric|Volt Switch|p1a: Latias\n|-resisted|p1a: Latias\n|-damage|p1a: Latias|47\/100\n|\n|t:|1653231442\n|switch|p2a: Bisharp|Bisharp, F|95\/100|[from]move: Volt Switch\n|-damage|p2a: Bisharp|89\/100|[from] Stealth Rock\n|move|p1a: Latias|Reflect|p1a: Latias\n|-sidestart|p1: loolllool|Reflect\n|\n|upkeep\n|turn|18\n|\n|t:|1653231449\n|switch|p2a: Reuniclus|Reuniclus, F|100\/100\n|move|p1a: Latias|Healing Wish|p1a: Latias\n|faint|p1a: Latias\n|\n|upkeep\n|\n|t:|1653231460\n|switch|p1a: Tyranitar|Tyranitar, F|100\/100\n|-heal|p1a: Tyranitar|100\/100|[from] move: Healing Wish\n|-damage|p1a: Tyranitar|88\/100|[from] Stealth Rock\n|-weather|Sandstorm|[from] ability: Sand Stream|[of] p1a: Tyranitar\n|turn|19\n|\n|t:|1653231464\n|detailschange|p1a: Tyranitar|Tyranitar-Mega, F\n|-mega|p1a: Tyranitar|Tyranitar|Tyranitarite\n|move|p1a: Tyranitar|Dragon Dance|p1a: Tyranitar\n|-boost|p1a: Tyranitar|atk|1\n|-boost|p1a: Tyranitar|spe|1\n|move|p2a: Reuniclus|Acid Armor|p2a: Reuniclus\n|-boost|p2a: Reuniclus|def|2\n|\n|-weather|Sandstorm|[upkeep]\n|upkeep\n|turn|20\n|\n|t:|1653231474\n|switch|p2a: Manectric|Manectric-Mega, M|88\/100\n|-damage|p2a: Manectric|76\/100|[from] Stealth Rock\n|-ability|p2a: Manectric|Intimidate|boost\n|-unboost|p1a: Tyranitar|atk|1\n|move|p1a: Tyranitar|Dragon Dance|p1a: Tyranitar\n|-boost|p1a: Tyranitar|atk|1\n|-boost|p1a: Tyranitar|spe|1\n|\n|-weather|Sandstorm|[upkeep]\n|-damage|p2a: Manectric|70\/100|[from] Sandstorm\n|upkeep\n|turn|21\n|\n|t:|1653231481\n|move|p1a: Tyranitar|Ice Punch|p2a: Manectric\n|-damage|p2a: Manectric|0 fnt\n|faint|p2a: Manectric\n|\n|-weather|Sandstorm|[upkeep]\n|upkeep\n|\n|t:|1653231484\n|switch|p2a: Bisharp|Bisharp, F|89\/100\n|-damage|p2a: Bisharp|83\/100|[from] Stealth Rock\n|turn|22\n|\n|t:|1653231486\n|move|p1a: Tyranitar|Brick Break|p2a: Bisharp\n|-supereffective|p2a: Bisharp\n|-damage|p2a: Bisharp|0 fnt\n|faint|p2a: Bisharp\n|\n|-weather|Sandstorm|[upkeep]\n|upkeep\n|\n|t:|1653231488\n|switch|p2a: Reuniclus|Reuniclus, F|100\/100\n|turn|23\n|\n|t:|1653231492\n|move|p1a: Tyranitar|Stone Edge|p2a: Reuniclus\n|-damage|p2a: Reuniclus|28\/100\n|move|p2a: Reuniclus|Acid Armor|p2a: Reuniclus\n|-boost|p2a: Reuniclus|def|2\n|\n|-weather|none\n|-heal|p2a: Reuniclus|34\/100|[from] item: Leftovers\n|-sideend|p1: loolllool|move: Light Screen\n|upkeep\n|turn|24\n|c| Lacksatives|miss\n|\n|t:|1653231495\n|move|p1a: Tyranitar|Stone Edge|p2a: Reuniclus\n|-damage|p2a: Reuniclus|0 fnt\n|faint|p2a: Reuniclus\n|\n|win|loolllool\n|n|\u2606loolllool|loolllool\n|n|\u2606SetsuStsna|setsustsna\n|n| ian_yo|ianyo\n|n| Lacksatives|lacksatives\n|n| ProXXDev|proxxdev\n|n| NoTollsNoRolls|notollsnorolls\n|n| MediumCrappers|mediumcrappers\n|n| RggV_YT|rggvyt\n|n| Eyyk|eyyk\n","uploadtime":1653231496,"views":16,"p1id":"loolllool","p2id":"setsustsna","formatid":"gen6ou","rating":0,"private":0,"password":null}