{"id":"gen7ou-700514376","p1":"Toxabelle","p2":"axelduif","format":"gen7ou","log":"|j|\u2606Toxabelle\n|j|\u2606axelduif\n|inactive|Battle timer is ON: inactive players will automatically lose when time's up.\n|player|p1|Toxabelle|101\n|player|p2|axelduif|170\n|teamsize|p1|6\n|teamsize|p2|6\n|gametype|singles\n|gen|7\n|tier|[Gen 7] OU\n|rated|Tournament battle\n|rule|Sleep Clause Mod: Limit one foe put to sleep\n|rule|Species Clause: Limit one of each Pok\u00e9mon\n|rule|OHKO Clause: OHKO moves are banned\n|rule|Moody Clause: Moody is banned\n|rule|Evasion Moves Clause: Evasion moves are banned\n|rule|Endless Battle Clause: Forcing endless battles is banned\n|rule|HP Percentage Mod: HP is shown in percentages\n|clearpoke\n|poke|p1|Scizor, M|item\n|poke|p1|Greninja, M|item\n|poke|p1|Gengar, F|item\n|poke|p1|Blacephalon|item\n|poke|p1|Mimikyu, M|item\n|poke|p1|Landorus-Therian, M|item\n|poke|p2|Tapu Lele|item\n|poke|p2|Hawlucha, F|item\n|poke|p2|Kartana|item\n|poke|p2|Heatran, F|item\n|poke|p2|Gyarados, M|item\n|poke|p2|Alakazam, F|item\n|teampreview\n|c|\u2606Toxabelle|hf\n|c|\u2606axelduif|u2\n|\n|start\n|switch|p1a: Gengar|Gengar, F|100\/100\n|switch|p2a: Gyarados|Gyarados, M, shiny|100\/100\n|-ability|p2a: Gyarados|Intimidate|boost\n|-unboost|p1a: Gengar|atk|1\n|turn|1\n|j| banded pex\n|j| Orai\n|inactive|axelduif has 135 seconds left.\n|\n|switch|p2a: Heatran|Heatran, F|100\/100\n|move|p1a: Gengar|Taunt|p2a: Heatran\n|-start|p2a: Heatran|move: Taunt\n|\n|upkeep\n|turn|2\n|\n|move|p1a: Gengar|Focus Blast|p2a: Heatran\n|-supereffective|p2a: Heatran\n|-damage|p2a: Heatran|33\/100\n|move|p2a: Heatran|Earth Power|p1a: Gengar\n|-supereffective|p1a: Gengar\n|-damage|p1a: Gengar|13\/100\n|\n|-heal|p2a: Heatran|39\/100|[from] item: Leftovers\n|upkeep\n|turn|3\n|\n|move|p1a: Gengar|Focus Blast|p2a: Heatran\n|-supereffective|p2a: Heatran\n|-damage|p2a: Heatran|0 fnt\n|faint|p2a: Heatran\n|\n|upkeep\n|j| mohamedka\n|j| cocozao\n|\n|switch|p2a: Tapu Lele|Tapu Lele|100\/100\n|-fieldstart|move: Psychic Terrain|[from] ability: Psychic Surge|[of] p2a: Tapu Lele\n|turn|4\n|\n|move|p2a: Tapu Lele|Psychic|p1a: Gengar\n|-supereffective|p1a: Gengar\n|-damage|p1a: Gengar|0 fnt\n|faint|p1a: Gengar\n|\n|upkeep\n|\n|switch|p1a: Greninja|Greninja, M|100\/100\n|turn|5\n|j| MagicDerpBus\n|\n|switch|p2a: Gyarados|Gyarados, M, shiny|100\/100\n|-ability|p2a: Gyarados|Intimidate|boost\n|-unboost|p1a: Greninja|atk|1\n|move|p1a: Greninja|Dark Pulse|p2a: Gyarados\n|-damage|p2a: Gyarados|50\/100\n|\n|upkeep\n|turn|6\n|\n|move|p1a: Greninja|Dark Pulse|p2a: Gyarados\n|-damage|p2a: Gyarados|0 fnt\n|faint|p2a: Gyarados\n|-activate|p1a: Greninja|ability: Battle Bond\n|detailschange|p1a: Greninja|Greninja-Ash, M\n|\n|upkeep\n|\n|switch|p2a: Tapu Lele|Tapu Lele|100\/100\n|turn|7\n|\n|switch|p1a: Scizor|Scizor, M|100\/100\n|move|p2a: Tapu Lele|Moonblast|p1a: Scizor\n|-resisted|p1a: Scizor\n|-damage|p1a: Scizor|76\/100\n|-unboost|p1a: Scizor|spa|1\n|\n|upkeep\n|turn|8\n|\n|switch|p2a: Hawlucha|Hawlucha, F|100\/100\n|-enditem|p2a: Hawlucha|Psychic Seed\n|-boost|p2a: Hawlucha|spd|1\n|-mega|p1a: Scizor|Scizor|Scizorite\n|detailschange|p1a: Scizor|Scizor-Mega, M\n|move|p1a: Scizor|Swords Dance|p1a: Scizor\n|-boost|p1a: Scizor|atk|2\n|\n|-fieldend|move: Psychic Terrain\n|upkeep\n|turn|9\n|\n|move|p1a: Scizor|Bullet Punch|p2a: Hawlucha\n|-damage|p2a: Hawlucha|0 fnt\n|faint|p2a: Hawlucha\n|\n|upkeep\n|\n|switch|p2a: Alakazam|Alakazam, F|100\/100\n|turn|10\n|\n|move|p1a: Scizor|Bullet Punch|p2a: Alakazam\n|-damage|p2a: Alakazam|0 fnt\n|faint|p2a: Alakazam\n|\n|upkeep\n|\n|switch|p2a: Kartana|Kartana|100\/100\n|turn|11\n|j| LetterBeez\n|j| Sambo\n|\n|move|p2a: Kartana|Sacred Sword|p1a: Scizor\n|-damage|p1a: Scizor|48\/100\n|move|p1a: Scizor|Knock Off|p2a: Kartana\n|-damage|p2a: Kartana|26\/100\n|-enditem|p2a: Kartana|Choice Scarf|[from] move: Knock Off|[of] p1a: Scizor\n|\n|upkeep\n|turn|12\n|\n|move|p2a: Kartana|Sacred Sword|p1a: Scizor\n|-damage|p1a: Scizor|18\/100\n|move|p1a: Scizor|Knock Off|p2a: Kartana\n|-damage|p2a: Kartana|0 fnt\n|faint|p2a: Kartana\n|\n|upkeep\n|j| JiaLe Zhao 248\n|\n|switch|p2a: Tapu Lele|Tapu Lele|100\/100\n|-fieldstart|move: Psychic Terrain|[from] ability: Psychic Surge|[of] p2a: Tapu Lele\n|turn|13\n|c|\u2606Toxabelle|gg\n|c|\u2606axelduif|fuck\n|j| Zeusen's Alt Acc\n|c|\u2606axelduif|i completely\n|c|\u2606axelduif|forgot\n|inactive|axelduif has 135 seconds left.\n|c|\u2606axelduif|about psychic terrains topping priority\n|\n|move|p2a: Tapu Lele|Psychic|p1a: Scizor\n|-resisted|p1a: Scizor\n|-damage|p1a: Scizor|0 fnt\n|faint|p1a: Scizor\n|\n|upkeep\n|\n|switch|p1a: Greninja|Greninja-Ash, M|100\/100\n|turn|14\n|\n|move|p2a: Tapu Lele|Psychic|p1a: Greninja\n|-immune|p1a: Greninja|[msg]\n|move|p1a: Greninja|Dark Pulse|p2a: Tapu Lele\n|-damage|p2a: Tapu Lele|30\/100\n|\n|upkeep\n|turn|15\n|\n|move|p2a: Tapu Lele|Psychic|p1a: Greninja\n|-immune|p1a: Greninja|[msg]\n|move|p1a: Greninja|Dark Pulse|p2a: Tapu Lele\n|-damage|p2a: Tapu Lele|0 fnt\n|faint|p2a: Tapu Lele\n|\n|win|Toxabelle\n|l|\u2606Toxabelle\n|c| LetterBeez|thats the only thing it does\n|c|\u2606axelduif|gg\n|c|\u2606axelduif|i know\n|l| Zeusen's Alt Acc\n|c| LetterBeez|xD\n|c|\u2606axelduif|but just didnt think of it\n|c|\u2606axelduif|aaahh\n|l| LetterBeez\n|c|\u2606axelduif|rip\n|l| banded pex\n|l| mohamedka\n|l| MagicDerpBus\n|l|\u2606axelduif\n","inputlog":null,"uploadtime":1518021473,"views":47,"p1id":"toxabelle","p2id":"axelduif","formatid":"gen7ou","rating":0,"private":0,"password":null}