{"id":"gen7ou-1629518347","p1":"Kounamii throwaway","p2":"Lou dort","format":"gen7ou","log":"|j|\u2606Kounamii throwaway\n|j|\u2606Lou dort\n|t:|1659311175\n|gametype|singles\n|player|p1|Kounamii throwaway|boarder-gen2|\n|player|p2|Lou dort|volo-ginkgo|\n|teamsize|p1|6\n|teamsize|p2|6\n|gen|7\n|tier|[Gen 7] OU\n|rated|Tournament battle\n|rule|Sleep Clause Mod: Limit one foe put to sleep\n|rule|Species Clause: Limit one of each Pok\u00e9mon\n|rule|OHKO Clause: OHKO moves are banned\n|rule|Moody Clause: Moody is banned\n|rule|Evasion Moves Clause: Evasion moves are banned\n|rule|Endless Battle Clause: Forcing endless battles is banned\n|rule|HP Percentage Mod: HP is shown in percentages\n|clearpoke\n|poke|p1|Skarmory, F|item\n|poke|p1|Lopunny, M|item\n|poke|p1|Reuniclus, F|item\n|poke|p1|Chansey, F|item\n|poke|p1|Gliscor, M|item\n|poke|p1|Toxapex, M|item\n|poke|p2|Mawile, F|item\n|poke|p2|Tapu Koko|item\n|poke|p2|Magearna|item\n|poke|p2|Landorus-Therian, M|item\n|poke|p2|Rotom-Wash|item\n|poke|p2|Kartana|item\n|teampreview\n|j| BB-8-NU\n|inactive|Battle timer is ON: inactive players will automatically lose when time's up. (requested by Lou dort)\n|c|\u2606Kounamii throwaway|hf\n|c|\u2606Lou dort|not sure how vs stall\n|inactive|Kounamii throwaway has 120 seconds left.\n|\n|t:|1659311208\n|start\n|switch|p1a: Skarmory|Skarmory, F|100\/100\n|switch|p2a: Mawile|Mawile, F|100\/100\n|-ability|p2a: Mawile|Intimidate|boost\n|-unboost|p1a: Skarmory|atk|1\n|turn|1\n|\n|t:|1659311221\n|detailschange|p2a: Mawile|Mawile-Mega, F\n|-mega|p2a: Mawile|Mawile|Mawilite\n|move|p2a: Mawile|Thunder Punch|p1a: Skarmory\n|-supereffective|p1a: Skarmory\n|-damage|p1a: Skarmory|45\/100\n|-status|p1a: Skarmory|par\n|-damage|p2a: Mawile|84\/100|[from] item: Rocky Helmet|[of] p1a: Skarmory\n|cant|p1a: Skarmory|par\n|\n|upkeep\n|turn|2\n|c|\u2606Kounamii throwaway|damn\n|j|+possibilities\n|inactive|Kounamii throwaway has 120 seconds left.\n|\n|t:|1659311255\n|move|p2a: Mawile|Ice Punch|p1a: Skarmory\n|-damage|p1a: Skarmory|15\/100 par\n|-damage|p2a: Mawile|68\/100|[from] item: Rocky Helmet|[of] p1a: Skarmory\n|move|p1a: Skarmory|Spikes|p2a: Mawile\n|-sidestart|p2: Lou dort|Spikes\n|\n|upkeep\n|turn|3\n|\n|t:|1659311263\n|switch|p2a: Rotom|Rotom-Wash|100\/100\n|cant|p1a: Skarmory|par\n|\n|upkeep\n|turn|4\n|\n|t:|1659311274\n|switch|p1a: Reuniclus|Reuniclus, F|100\/100\n|move|p2a: Rotom|Defog|p1a: Reuniclus\n|-unboost|p1a: Reuniclus|evasion|1\n|-sideend|p2: Lou dort|Spikes|[from] move: Defog|[of] p2a: Rotom\n|\n|upkeep\n|turn|5\n|\n|t:|1659311293\n|move|p2a: Rotom|Volt Switch|p1a: Reuniclus\n|-damage|p1a: Reuniclus|78\/100\n|\n|t:|1659311294\n|switch|p2a: Mawile|Mawile-Mega, F|68\/100|[from]move: Volt Switch\n|move|p1a: Reuniclus|Calm Mind|p1a: Reuniclus\n|-boost|p1a: Reuniclus|spa|1\n|-boost|p1a: Reuniclus|spd|1\n|\n|upkeep\n|turn|6\n|\n|t:|1659311298\n|switch|p1a: Skarmory|Skarmory, F|15\/100 par\n|move|p2a: Mawile|Play Rough|p1a: Skarmory\n|-resisted|p1a: Skarmory\n|-damage|p1a: Skarmory|0 fnt\n|-damage|p2a: Mawile|51\/100|[from] item: Rocky Helmet|[of] p1a: Skarmory\n|faint|p1a: Skarmory\n|\n|upkeep\n|\n|t:|1659311301\n|switch|p1a: Gliscor|Gliscor, M, shiny|100\/100\n|turn|7\n|l|+possibilities\n|\n|t:|1659311317\n|switch|p2a: Rotom|Rotom-Wash|100\/100\n|move|p1a: Gliscor|Earthquake|p2a: Rotom\n|-immune|p2a: Rotom|[from] ability: Levitate\n|\n|-status|p1a: Gliscor|tox|[from] item: Toxic Orb\n|upkeep\n|turn|8\n|\n|t:|1659311320\n|move|p1a: Gliscor|Knock Off|p2a: Rotom\n|-damage|p2a: Rotom|82\/100\n|-enditem|p2a: Rotom|Wiki Berry|[from] move: Knock Off|[of] p1a: Gliscor\n|move|p2a: Rotom|Hydro Pump|p1a: Gliscor\n|-supereffective|p1a: Gliscor\n|-damage|p1a: Gliscor|22\/100 tox\n|\n|-heal|p1a: Gliscor|35\/100 tox|[from] ability: Poison Heal\n|upkeep\n|turn|9\n|\n|t:|1659311327\n|move|p1a: Gliscor|Roost|p1a: Gliscor\n|-heal|p1a: Gliscor|85\/100 tox\n|-singleturn|p1a: Gliscor|move: Roost\n|move|p2a: Rotom|Volt Switch|p1a: Gliscor\n|-immune|p1a: Gliscor\n|\n|-heal|p1a: Gliscor|97\/100 tox|[from] ability: Poison Heal\n|upkeep\n|turn|10\n|\n|t:|1659311340\n|switch|p1a: Toxapex|Toxapex, M|100\/100\n|move|p2a: Rotom|Hydro Pump|p1a: Toxapex\n|-resisted|p1a: Toxapex\n|-damage|p1a: Toxapex|84\/100\n|\n|-heal|p1a: Toxapex|90\/100|[from] item: Black Sludge\n|upkeep\n|turn|11\n|\n|t:|1659311344\n|move|p2a: Rotom|Will-O-Wisp|p1a: Toxapex\n|-status|p1a: Toxapex|brn\n|move|p1a: Toxapex|Toxic Spikes|p2a: Rotom\n|-sidestart|p2: Lou dort|move: Toxic Spikes\n|\n|-heal|p1a: Toxapex|97\/100 brn|[from] item: Black Sludge\n|-damage|p1a: Toxapex|90\/100 brn|[from] brn\n|upkeep\n|turn|12\n|j| 4G3NC Steve\n|\n|t:|1659311353\n|move|p2a: Rotom|Volt Switch|p1a: Toxapex\n|-supereffective|p1a: Toxapex\n|-damage|p1a: Toxapex|47\/100 brn\n|\n|t:|1659311356\n|switch|p2a: Magearna|Magearna|100\/100|[from]move: Volt Switch\n|move|p1a: Toxapex|Scald|p2a: Magearna\n|-damage|p2a: Magearna|94\/100\n|\n|-heal|p1a: Toxapex|53\/100 brn|[from] item: Black Sludge\n|-damage|p1a: Toxapex|47\/100 brn|[from] brn\n|upkeep\n|turn|13\n|j| kprovince\n|\n|t:|1659311365\n|switch|p1a: Chansey|Chansey, F|100\/100\n|move|p2a: Magearna|Ice Beam|p1a: Chansey\n|-damage|p1a: Chansey|93\/100\n|\n|upkeep\n|turn|14\n|c| kprovince|hi\n|\n|t:|1659311375\n|move|p1a: Chansey|Seismic Toss|p2a: Magearna\n|-damage|p2a: Magearna|66\/100\n|move|p2a: Magearna|Volt Switch|p1a: Chansey\n|-damage|p1a: Chansey|87\/100\n|\n|t:|1659311380\n|switch|p2a: Landorus|Landorus-Therian, M|100\/100|[from]move: Volt Switch\n|-ability|p2a: Landorus|Intimidate|boost\n|-unboost|p1a: Chansey|atk|1\n|\n|upkeep\n|turn|15\n|\n|t:|1659311404\n|switch|p1a: Lopunny|Lopunny, M, shiny|100\/100\n|move|p2a: Landorus|Earthquake|p1a: Lopunny\n|-damage|p1a: Lopunny|13\/100\n|\n|upkeep\n|turn|16\n|c| kprovince|shiny lopunny\n|\n|t:|1659311415\n|switch|p2a: Kartana|Kartana|100\/100\n|detailschange|p1a: Lopunny|Lopunny-Mega, M, shiny\n|-mega|p1a: Lopunny|Lopunny|Lopunnite\n|move|p1a: Lopunny|Fake Out|p2a: Kartana\n|-resisted|p2a: Kartana\n|-damage|p2a: Kartana|89\/100\n|\n|upkeep\n|turn|17\n|c| kprovince|loaf\n|j| joey milktank\n|\n|t:|1659311427\n|switch|p1a: Toxapex|Toxapex, M|80\/100 brn\n|move|p2a: Kartana|Leaf Blade|p1a: Toxapex\n|-damage|p1a: Toxapex|46\/100 brn\n|\n|-heal|p1a: Toxapex|52\/100 brn|[from] item: Black Sludge\n|-damage|p1a: Toxapex|46\/100 brn|[from] brn\n|upkeep\n|turn|18\n|\n|t:|1659311431\n|move|p2a: Kartana|Leaf Blade|p1a: Toxapex\n|-damage|p1a: Toxapex|8\/100 brn\n|move|p1a: Toxapex|Recover|p1a: Toxapex\n|-heal|p1a: Toxapex|58\/100 brn\n|\n|-heal|p1a: Toxapex|64\/100 brn|[from] item: Black Sludge\n|-damage|p1a: Toxapex|58\/100 brn|[from] brn\n|upkeep\n|turn|19\n|c| kprovince|i like pink shinies\n|\n|t:|1659311436\n|move|p2a: Kartana|Leaf Blade|p1a: Toxapex\n|-damage|p1a: Toxapex|23\/100 brn\n|move|p1a: Toxapex|Recover|p1a: Toxapex\n|-heal|p1a: Toxapex|73\/100 brn\n|\n|-heal|p1a: Toxapex|79\/100 brn|[from] item: Black Sludge\n|-damage|p1a: Toxapex|73\/100 brn|[from] brn\n|upkeep\n|turn|20\n|c| kprovince|hi joey\n|\n|t:|1659311447\n|move|p2a: Kartana|Leaf Blade|p1a: Toxapex\n|-damage|p1a: Toxapex|37\/100 brn\n|move|p1a: Toxapex|Recover|p1a: Toxapex\n|-heal|p1a: Toxapex|87\/100 brn\n|\n|-heal|p1a: Toxapex|93\/100 brn|[from] item: Black Sludge\n|-damage|p1a: Toxapex|87\/100 brn|[from] brn\n|upkeep\n|turn|21\n|c| joey milktank|hi province\n|\n|t:|1659311455\n|switch|p2a: Landorus|Landorus-Therian, M|100\/100\n|-ability|p2a: Landorus|Intimidate|boost\n|-unboost|p1a: Toxapex|atk|1\n|move|p1a: Toxapex|Scald|p2a: Landorus\n|-supereffective|p2a: Landorus\n|-damage|p2a: Landorus|58\/100\n|\n|-heal|p1a: Toxapex|93\/100 brn|[from] item: Black Sludge\n|-damage|p1a: Toxapex|87\/100 brn|[from] brn\n|upkeep\n|turn|22\n|\n|t:|1659311466\n|switch|p1a: Gliscor|Gliscor, M, shiny|97\/100 tox\n|move|p2a: Landorus|Earthquake|p1a: Gliscor\n|-immune|p1a: Gliscor\n|\n|-heal|p1a: Gliscor|100\/100 tox|[from] ability: Poison Heal\n|upkeep\n|turn|23\n|\n|t:|1659311471\n|move|p1a: Gliscor|Knock Off|p2a: Landorus\n|-damage|p2a: Landorus|44\/100\n|move|p2a: Landorus|Swords Dance|p2a: Landorus\n|-boost|p2a: Landorus|atk|2\n|\n|upkeep\n|turn|24\n|\n|t:|1659311481\n|switch|p1a: Reuniclus|Reuniclus, F|78\/100\n|move|p2a: Landorus|Stone Edge|p1a: Reuniclus\n|-damage|p1a: Reuniclus|13\/100\n|\n|upkeep\n|turn|25\n|c| kprovince|i was talking about how i love pink shinies\n|raw|<div class=\"broadcast-red\"><strong>Moderated chat was set to +!<\/strong><br \/>Only users of rank + and higher can talk.<\/div>\n|\n|t:|1659311495\n|move|p2a: Landorus|Earthquake|p1a: Reuniclus\n|-damage|p1a: Reuniclus|0 fnt\n|faint|p1a: Reuniclus\n|\n|upkeep\n|\n|t:|1659311498\n|switch|p1a: Lopunny|Lopunny-Mega, M, shiny|13\/100\n|turn|26\n|\n|t:|1659311510\n|switch|p2a: Magearna|Magearna|66\/100\n|move|p1a: Lopunny|Return|p2a: Magearna\n|-resisted|p2a: Magearna\n|-damage|p2a: Magearna|44\/100\n|\n|upkeep\n|turn|27\n|\n|t:|1659311517\n|move|p1a: Lopunny|High Jump Kick|p2a: Magearna|[miss]\n|-miss|p1a: Lopunny|p2a: Magearna\n|-damage|p1a: Lopunny|0 fnt|[from] highjumpkick\n|faint|p1a: Lopunny\n|-ability|p2a: Magearna|Soul-Heart|boost\n|-boost|p2a: Magearna|spa|1\n|move|p2a: Magearna|Volt Switch|p1: Lopunny|[notarget]\n|-fail|p2a: Magearna\n|\n|upkeep\n|c|\u2606Lou dort|gg\n|c|\u2606Kounamii throwaway|first para\n|c|\u2606Kounamii throwaway|now this\n|c|\u2606Kounamii throwaway|lucky af\n|c|\u2606Lou dort|bro u brought semi stall bs stfu\n|inactive|Kounamii throwaway has 120 seconds left.\n|c|\u2606Kounamii throwaway|Bro you literally haxxed\n|\n|t:|1659311554\n|switch|p1a: Chansey|Chansey, F|87\/100\n|turn|28\n|inactive|Kounamii throwaway has 120 seconds left.\n|c|\u2606Lou dort|too bad it doesnt matter\n|\n|t:|1659311567\n|move|p1a: Chansey|Seismic Toss|p2a: Magearna\n|-damage|p2a: Magearna|16\/100\n|move|p2a: Magearna|Focus Blast|p1a: Chansey\n|-supereffective|p1a: Chansey\n|-damage|p1a: Chansey|53\/100\n|\n|upkeep\n|turn|29\n|\n|t:|1659311574\n|switch|p2a: Mawile|Mawile-Mega, F|51\/100\n|move|p1a: Chansey|Seismic Toss|p2a: Mawile\n|-damage|p2a: Mawile|13\/100\n|\n|upkeep\n|turn|30\n|\n|t:|1659311584\n|switch|p1a: Gliscor|Gliscor, M, shiny|100\/100 tox\n|move|p2a: Mawile|Play Rough|p1a: Gliscor\n|-crit|p1a: Gliscor\n|-damage|p1a: Gliscor|0 fnt\n|faint|p1a: Gliscor\n|\n|upkeep\n|\n|t:|1659311587\n|switch|p1a: Toxapex|Toxapex, M|100\/100 brn\n|turn|31\n|\n|t:|1659311609\n|switch|p2a: Rotom|Rotom-Wash|82\/100\n|move|p1a: Toxapex|Scald|p2a: Rotom\n|-resisted|p2a: Rotom\n|-damage|p2a: Rotom|74\/100\n|\n|-damage|p1a: Toxapex|94\/100 brn|[from] brn\n|upkeep\n|turn|32\n|\n|t:|1659311615\n|switch|p1a: Chansey|Chansey, F|53\/100\n|move|p2a: Rotom|Volt Switch|p1a: Chansey\n|-damage|p1a: Chansey|45\/100\n|\n|t:|1659311618\n|switch|p2a: Kartana|Kartana|89\/100|[from]move: Volt Switch\n|\n|upkeep\n|turn|33\n|\n|t:|1659311639\n|move|p2a: Kartana|Leaf Blade|p1a: Chansey\n|-damage|p1a: Chansey|8\/100\n|move|p1a: Chansey|Soft-Boiled|p1a: Chansey\n|-heal|p1a: Chansey|58\/100\n|\n|upkeep\n|turn|34\n|\n|t:|1659311647\n|move|p2a: Kartana|Leaf Blade|p1a: Chansey\n|-damage|p1a: Chansey|18\/100\n|move|p1a: Chansey|Soft-Boiled|p1a: Chansey\n|-heal|p1a: Chansey|68\/100\n|\n|upkeep\n|turn|35\n|\n|t:|1659311650\n|move|p2a: Kartana|Leaf Blade|p1a: Chansey\n|-crit|p1a: Chansey\n|-damage|p1a: Chansey|13\/100\n|move|p1a: Chansey|Soft-Boiled|p1a: Chansey\n|-heal|p1a: Chansey|63\/100\n|\n|upkeep\n|turn|36\n|\n|t:|1659311655\n|switch|p2a: Mawile|Mawile-Mega, F|13\/100\n|move|p1a: Chansey|Soft-Boiled|p1a: Chansey\n|-heal|p1a: Chansey|100\/100\n|\n|upkeep\n|turn|37\n|\n|t:|1659311657\n|move|p2a: Mawile|Play Rough|p1a: Chansey\n|-damage|p1a: Chansey|46\/100\n|move|p1a: Chansey|Seismic Toss|p2a: Mawile\n|-damage|p2a: Mawile|0 fnt\n|faint|p2a: Mawile\n|\n|upkeep\n|inactive|Lou dort has 120 seconds left.\n|\n|t:|1659311706\n|switch|p2a: Kartana|Kartana|89\/100\n|turn|38\n|\n|t:|1659311714\n|switch|p1a: Toxapex|Toxapex, M|100\/100 brn\n|move|p2a: Kartana|Sacred Sword|p1a: Toxapex\n|-resisted|p1a: Toxapex\n|-damage|p1a: Toxapex|88\/100 brn\n|\n|-heal|p1a: Toxapex|94\/100 brn|[from] item: Black Sludge\n|-damage|p1a: Toxapex|88\/100 brn|[from] brn\n|upkeep\n|turn|39\n|\n|t:|1659311720\n|switch|p2a: Tapu Koko|Tapu Koko|100\/100\n|-status|p2a: Tapu Koko|psn\n|-fieldstart|move: Electric Terrain|[from] ability: Electric Surge|[of] p2a: Tapu Koko\n|move|p1a: Toxapex|Scald|p2a: Tapu Koko\n|-damage|p2a: Tapu Koko|73\/100 psn\n|\n|-heal|p1a: Toxapex|94\/100 brn|[from] item: Black Sludge\n|-damage|p2a: Tapu Koko|60\/100 psn|[from] psn\n|-damage|p1a: Toxapex|88\/100 brn|[from] brn\n|upkeep\n|turn|40\n|\n|t:|1659311740\n|switch|p1a: Chansey|Chansey, F|46\/100\n|move|p2a: Tapu Koko|Volt Switch|p1a: Chansey\n|-damage|p1a: Chansey|26\/100\n|\n|t:|1659311744\n|switch|p2a: Kartana|Kartana|89\/100|[from]move: Volt Switch\n|\n|upkeep\n|turn|41\n|\n|t:|1659311749\n|switch|p1a: Toxapex|Toxapex, M|100\/100 brn\n|move|p2a: Kartana|Leaf Blade|p1a: Toxapex\n|-damage|p1a: Toxapex|65\/100 brn\n|\n|-heal|p1a: Toxapex|71\/100 brn|[from] item: Black Sludge\n|-damage|p1a: Toxapex|65\/100 brn|[from] brn\n|upkeep\n|turn|42\n|\n|t:|1659311754\n|move|p2a: Kartana|Leaf Blade|p1a: Toxapex\n|-damage|p1a: Toxapex|27\/100 brn\n|move|p1a: Toxapex|Recover|p1a: Toxapex\n|-heal|p1a: Toxapex|77\/100 brn\n|\n|-heal|p1a: Toxapex|83\/100 brn|[from] item: Black Sludge\n|-damage|p1a: Toxapex|77\/100 brn|[from] brn\n|upkeep\n|turn|43\n|\n|t:|1659311758\n|switch|p2a: Landorus|Landorus-Therian, M|44\/100\n|-ability|p2a: Landorus|Intimidate|boost\n|-unboost|p1a: Toxapex|atk|1\n|move|p1a: Toxapex|Recover|p1a: Toxapex\n|-heal|p1a: Toxapex|100\/100 brn\n|\n|-damage|p1a: Toxapex|94\/100 brn|[from] brn\n|-fieldend|move: Electric Terrain\n|upkeep\n|turn|44\n|\n|t:|1659311762\n|move|p2a: Landorus|Earthquake|p1a: Toxapex\n|-supereffective|p1a: Toxapex\n|-damage|p1a: Toxapex|19\/100 brn\n|move|p1a: Toxapex|Scald|p2a: Landorus\n|-supereffective|p2a: Landorus\n|-damage|p2a: Landorus|5\/100\n|-status|p2a: Landorus|brn\n|\n|-heal|p1a: Toxapex|25\/100 brn|[from] item: Black Sludge\n|-damage|p2a: Landorus|0 fnt|[from] brn\n|faint|p2a: Landorus\n|-damage|p1a: Toxapex|19\/100 brn|[from] brn\n|upkeep\n|\n|t:|1659311765\n|switch|p2a: Kartana|Kartana|89\/100\n|turn|45\n|\n|t:|1659311772\n|switch|p1a: Chansey|Chansey, F|26\/100\n|move|p2a: Kartana|Leaf Blade|p1a: Chansey\n|-damage|p1a: Chansey|0 fnt\n|faint|p1a: Chansey\n|-ability|p2a: Kartana|Beast Boost|boost\n|-boost|p2a: Kartana|atk|1\n|\n|upkeep\n|\n|t:|1659311774\n|switch|p1a: Toxapex|Toxapex, M|52\/100 brn\n|turn|46\n|\n|t:|1659311777\n|move|p2a: Kartana|Leaf Blade|p1a: Toxapex\n|-damage|p1a: Toxapex|1\/100 brn\n|move|p1a: Toxapex|Recover|p1a: Toxapex\n|-heal|p1a: Toxapex|51\/100 brn\n|\n|-heal|p1a: Toxapex|57\/100 brn|[from] item: Black Sludge\n|-damage|p1a: Toxapex|51\/100 brn|[from] brn\n|upkeep\n|turn|47\n|\n|t:|1659311780\n|move|p2a: Kartana|Leaf Blade|p1a: Toxapex\n|-damage|p1a: Toxapex|0 fnt\n|faint|p1a: Toxapex\n|\n|win|Lou dort\n|n|\u2606Kounamii throwaway|kounamiithrowaway\n|n|\u2606Lou dort|loudort\n","uploadtime":1659311781,"views":11,"p1id":"kounamiithrowaway","p2id":"loudort","formatid":"gen7ou","rating":0,"private":0,"password":null}