{"id":"gen7ou-1664680445","p1":"Alu9204","p2":"FildrongEstNul","format":"gen7ou","log":"|j|\u2606Alu9204\n|j|\u203dFildrongEstNul\n|t:|1663220984\n|gametype|singles\n|player|p1|Alu9204|burglar|1480\n|player|p2|FildrongEstNul|170|1304\n|teamsize|p1|6\n|teamsize|p2|6\n|gen|7\n|tier|[Gen 7] OU\n|rated|\n|rule|Sleep Clause Mod: Limit one foe put to sleep\n|rule|Species Clause: Limit one of each Pok\u00e9mon\n|rule|OHKO Clause: OHKO moves are banned\n|rule|Moody Clause: Moody is banned\n|rule|Evasion Items Clause: Evasion items are banned\n|rule|Evasion Moves Clause: Evasion moves are banned\n|rule|Endless Battle Clause: Forcing endless battles is banned\n|rule|HP Percentage Mod: HP is shown in percentages\n|clearpoke\n|poke|p1|Shuckle, M|item\n|poke|p1|Kyurem-Black|item\n|poke|p1|Zeraora|item\n|poke|p1|Bisharp, M|item\n|poke|p1|Gyarados, F|item\n|poke|p1|Mimikyu, M|item\n|poke|p2|Venusaur, F|item\n|poke|p2|Bisharp, F|item\n|poke|p2|Keldeo|item\n|poke|p2|Chansey, F|item\n|poke|p2|Heatran, M|item\n|poke|p2|Skarmory, M|item\n|teampreview\n|inactive|Battle timer is ON: inactive players will automatically lose when time's up. (requested by FildrongEstNul)\n|\n|t:|1663221002\n|start\n|switch|p1a: Shuckle|Shuckle, M|100\/100\n|switch|p2a: Chansey|Chansey, F|100\/100\n|turn|1\n|\n|t:|1663221006\n|move|p2a: Chansey|Thunder Wave|p1a: Shuckle\n|-status|p1a: Shuckle|par\n|move|p1a: Shuckle|Sticky Web|p2a: Chansey\n|-sidestart|p2: FildrongEstNul|move: Sticky Web\n|\n|upkeep\n|turn|2\n|\n|t:|1663221012\n|move|p2a: Chansey|Seismic Toss|p1a: Shuckle\n|-damage|p1a: Shuckle|59\/100 par\n|-enditem|p1a: Shuckle|Red Card|[of] p2a: Chansey\n|drag|p2a: Skarmory|Skarmory, M|100\/100\n|cant|p1a: Shuckle|par\n|\n|upkeep\n|turn|3\n|j| Giga\u32dbChandelure-\u2602\n|\n|t:|1663221020\n|move|p2a: Skarmory|Spikes|p1a: Shuckle\n|-sidestart|p1: Alu9204|Spikes\n|cant|p1a: Shuckle|par\n|\n|upkeep\n|turn|4\n|\n|t:|1663221026\n|move|p2a: Skarmory|Spikes|p1a: Shuckle\n|-sidestart|p1: Alu9204|Spikes\n|cant|p1a: Shuckle|par\n|\n|upkeep\n|turn|5\n|\n|t:|1663221030\n|move|p2a: Skarmory|Spikes|p1a: Shuckle\n|-sidestart|p1: Alu9204|Spikes\n|cant|p1a: Shuckle|par\n|\n|upkeep\n|turn|6\n|\n|t:|1663221041\n|move|p2a: Skarmory|Brave Bird|p1a: Shuckle\n|-damage|p1a: Shuckle|34\/100 par\n|-damage|p2a: Skarmory|94\/100|[from] Recoil\n|move|p1a: Shuckle|Stealth Rock|p2a: Skarmory\n|-sidestart|p2: FildrongEstNul|move: Stealth Rock\n|\n|upkeep\n|turn|7\n|\n|t:|1663221051\n|switch|p1a: Zeraora|Zeraora|100\/100\n|-damage|p1a: Zeraora|76\/100|[from] Spikes\n|move|p2a: Skarmory|Brave Bird|p1a: Zeraora\n|-resisted|p1a: Zeraora\n|-damage|p1a: Zeraora|53\/100\n|-damage|p2a: Skarmory|87\/100|[from] Recoil\n|\n|upkeep\n|turn|8\n|\n|t:|1663221058\n|switch|p2a: Heatran|Heatran, M|100\/100\n|-activate|p2a: Heatran|move: Sticky Web\n|-unboost|p2a: Heatran|spe|1\n|-damage|p2a: Heatran|88\/100|[from] Stealth Rock\n|move|p1a: Zeraora|Thunderbolt|p2a: Heatran\n|-damage|p2a: Heatran|50\/100\n|\n|-heal|p2a: Heatran|56\/100|[from] item: Leftovers\n|upkeep\n|turn|9\n|\n|t:|1663221064\n|switch|p2a: Venusaur|Venusaur, F|100\/100\n|-activate|p2a: Venusaur|move: Sticky Web\n|-unboost|p2a: Venusaur|spe|1\n|-damage|p2a: Venusaur|88\/100|[from] Stealth Rock\n|move|p1a: Zeraora|Focus Blast|p2a: Venusaur\n|-resisted|p2a: Venusaur\n|-damage|p2a: Venusaur|70\/100\n|\n|upkeep\n|turn|10\n|\n|t:|1663221072\n|switch|p1a: Shuckle|Shuckle, M|34\/100 par\n|-damage|p1a: Shuckle|10\/100 par|[from] Spikes\n|detailschange|p2a: Venusaur|Venusaur-Mega, F\n|-mega|p2a: Venusaur|Venusaur|Venusaurite\n|move|p2a: Venusaur|Giga Drain|p1a: Shuckle\n|-damage|p1a: Shuckle|0 fnt\n|-heal|p2a: Venusaur|73\/100|[from] drain|[of] p1a: Shuckle\n|faint|p1a: Shuckle\n|\n|upkeep\n|\n|t:|1663221078\n|switch|p1a: Bisharp|Bisharp, M|100\/100\n|-damage|p1a: Bisharp|76\/100|[from] Spikes\n|turn|11\n|\n|t:|1663221082\n|-zpower|p1a: Bisharp\n|move|p1a: Bisharp|Black Hole Eclipse|p2a: Venusaur|[zeffect]\n|-damage|p2a: Venusaur|23\/100\n|move|p2a: Venusaur|Hidden Power|p1a: Bisharp\n|-supereffective|p1a: Bisharp\n|-damage|p1a: Bisharp|20\/100\n|\n|upkeep\n|turn|12\n|\n|t:|1663221091\n|switch|p2a: Keldeo|Keldeo|100\/100\n|-activate|p2a: Keldeo|move: Sticky Web\n|-unboost|p2a: Keldeo|spe|1\n|-damage|p2a: Keldeo|94\/100|[from] Stealth Rock\n|move|p1a: Bisharp|Iron Head|p2a: Keldeo\n|-resisted|p2a: Keldeo\n|-damage|p2a: Keldeo|69\/100\n|\n|-heal|p2a: Keldeo|75\/100|[from] item: Leftovers\n|upkeep\n|turn|13\n|\n|t:|1663221100\n|move|p1a: Bisharp|Iron Head|p2a: Keldeo\n|-resisted|p2a: Keldeo\n|-damage|p2a: Keldeo|48\/100\n|move|p2a: Keldeo|Scald|p1a: Bisharp\n|-damage|p1a: Bisharp|0 fnt\n|faint|p1a: Bisharp\n|\n|-heal|p2a: Keldeo|54\/100|[from] item: Leftovers\n|upkeep\n|\n|t:|1663221108\n|switch|p1a: Gyarados|Gyarados, F|100\/100\n|-ability|p1a: Gyarados|Intimidate|boost\n|-unboost|p2a: Keldeo|atk|1\n|turn|14\n|\n|t:|1663221114\n|move|p1a: Gyarados|Substitute|p1a: Gyarados\n|-start|p1a: Gyarados|Substitute\n|-damage|p1a: Gyarados|76\/100\n|move|p2a: Keldeo|Secret Sword|p1a: Gyarados\n|-resisted|p1a: Gyarados\n|-end|p1a: Gyarados|Substitute\n|\n|-heal|p2a: Keldeo|60\/100|[from] item: Leftovers\n|upkeep\n|turn|15\n|\n|t:|1663221119\n|move|p1a: Gyarados|Dragon Dance|p1a: Gyarados\n|-boost|p1a: Gyarados|atk|1\n|-boost|p1a: Gyarados|spe|1\n|move|p2a: Keldeo|Secret Sword|p1a: Gyarados\n|-resisted|p1a: Gyarados\n|-damage|p1a: Gyarados|48\/100\n|\n|-heal|p2a: Keldeo|66\/100|[from] item: Leftovers\n|upkeep\n|turn|16\n|\n|t:|1663221122\n|switch|p2a: Venusaur|Venusaur-Mega, F|23\/100\n|-activate|p2a: Venusaur|move: Sticky Web\n|-unboost|p2a: Venusaur|spe|1\n|-damage|p2a: Venusaur|10\/100|[from] Stealth Rock\n|move|p1a: Gyarados|Earthquake|p2a: Venusaur\n|-damage|p2a: Venusaur|0 fnt\n|faint|p2a: Venusaur\n|\n|upkeep\n|\n|t:|1663221122\n|switch|p2a: Skarmory|Skarmory, M|87\/100\n|-damage|p2a: Skarmory|75\/100|[from] Stealth Rock\n|turn|17\n|\n|t:|1663221139\n|move|p1a: Gyarados|Substitute|p1a: Gyarados\n|-start|p1a: Gyarados|Substitute\n|-damage|p1a: Gyarados|23\/100\n|move|p2a: Skarmory|Brave Bird|p1a: Gyarados\n|-end|p1a: Gyarados|Substitute\n|-damage|p2a: Skarmory|67\/100|[from] Recoil|[of] p1a: Gyarados\n|\n|upkeep\n|turn|18\n|\n|t:|1663221147\n|detailschange|p1a: Gyarados|Gyarados-Mega, F\n|-mega|p1a: Gyarados|Gyarados|Gyaradosite\n|-ability|p1a: Gyarados|Mold Breaker\n|move|p1a: Gyarados|Crunch|p2a: Skarmory\n|-damage|p2a: Skarmory|17\/100\n|-damage|p1a: Gyarados|6\/100|[from] item: Rocky Helmet|[of] p2a: Skarmory\n|move|p2a: Skarmory|Roost|p2a: Skarmory\n|-heal|p2a: Skarmory|67\/100\n|-singleturn|p2a: Skarmory|move: Roost\n|\n|upkeep\n|turn|19\n|\n|t:|1663221158\n|move|p1a: Gyarados|Crunch|p2a: Skarmory\n|-damage|p2a: Skarmory|17\/100\n|-damage|p1a: Gyarados|0 fnt|[from] item: Rocky Helmet|[of] p2a: Skarmory\n|faint|p1a: Gyarados\n|move|p2a: Skarmory|Roost|p2a: Skarmory\n|-heal|p2a: Skarmory|67\/100\n|-singleturn|p2a: Skarmory|move: Roost\n|\n|upkeep\n|\n|t:|1663221167\n|switch|p1a: Zeraora|Zeraora|53\/100\n|-damage|p1a: Zeraora|28\/100|[from] Spikes\n|turn|20\n|\n|t:|1663221170\n|switch|p2a: Heatran|Heatran, M|56\/100\n|-activate|p2a: Heatran|move: Sticky Web\n|-unboost|p2a: Heatran|spe|1\n|-damage|p2a: Heatran|44\/100|[from] Stealth Rock\n|move|p1a: Zeraora|Calm Mind|p1a: Zeraora\n|-boost|p1a: Zeraora|spa|1\n|-boost|p1a: Zeraora|spd|1\n|\n|-heal|p2a: Heatran|50\/100|[from] item: Leftovers\n|upkeep\n|turn|21\n|\n|t:|1663221173\n|switch|p2a: Chansey|Chansey, F|100\/100\n|-activate|p2a: Chansey|move: Sticky Web\n|-unboost|p2a: Chansey|spe|1\n|-damage|p2a: Chansey|88\/100|[from] Stealth Rock\n|move|p1a: Zeraora|Focus Blast|p2a: Chansey|[miss]\n|-miss|p1a: Zeraora|p2a: Chansey\n|\n|upkeep\n|turn|22\n|\n|t:|1663221182\n|move|p1a: Zeraora|Calm Mind|p1a: Zeraora\n|-boost|p1a: Zeraora|spa|1\n|-boost|p1a: Zeraora|spd|1\n|move|p2a: Chansey|Soft-Boiled|p2a: Chansey\n|-heal|p2a: Chansey|100\/100\n|\n|upkeep\n|turn|23\n|\n|t:|1663221186\n|move|p1a: Zeraora|Thunderbolt|p2a: Chansey\n|-damage|p2a: Chansey|76\/100\n|move|p2a: Chansey|Seismic Toss|p1a: Zeraora\n|-damage|p1a: Zeraora|0 fnt\n|faint|p1a: Zeraora\n|\n|upkeep\n|\n|t:|1663221190\n|switch|p1a: Mimikyu|Mimikyu, M|100\/100\n|-damage|p1a: Mimikyu|76\/100|[from] Spikes\n|turn|24\n|\n|t:|1663221194\n|move|p1a: Mimikyu|Swords Dance|p1a: Mimikyu\n|-boost|p1a: Mimikyu|atk|2\n|move|p2a: Chansey|Soft-Boiled|p2a: Chansey\n|-heal|p2a: Chansey|100\/100\n|\n|upkeep\n|turn|25\n|\n|t:|1663221198\n|move|p1a: Mimikyu|Swords Dance|p1a: Mimikyu\n|-boost|p1a: Mimikyu|atk|2\n|move|p2a: Chansey|Thunder Wave|p1a: Mimikyu\n|-status|p1a: Mimikyu|par\n|\n|upkeep\n|turn|26\n|\n|t:|1663221204\n|switch|p2a: Skarmory|Skarmory, M|67\/100\n|-damage|p2a: Skarmory|55\/100|[from] Stealth Rock\n|cant|p1a: Mimikyu|par\n|\n|upkeep\n|turn|27\n|\n|t:|1663221210\n|move|p2a: Skarmory|Roost|p2a: Skarmory\n|-heal|p2a: Skarmory|100\/100\n|-singleturn|p2a: Skarmory|move: Roost\n|cant|p1a: Mimikyu|par\n|\n|upkeep\n|turn|28\n|\n|t:|1663221216\n|move|p2a: Skarmory|Brave Bird|p1a: Mimikyu\n|-activate|p1a: Mimikyu|ability: Disguise\n|-damage|p1a: Mimikyu|76\/100 par\n|detailschange|p1a: Mimikyu|Mimikyu-Busted, M\n|move|p1a: Mimikyu|Shadow Claw|p2a: Skarmory\n|-damage|p2a: Skarmory|25\/100\n|-damage|p1a: Mimikyu|59\/100 par|[from] item: Rocky Helmet|[of] p2a: Skarmory\n|-damage|p1a: Mimikyu|50\/100 par|[from] item: Life Orb\n|\n|upkeep\n|turn|29\n|\n|t:|1663221227\n|cant|p1a: Mimikyu|par\n|move|p2a: Skarmory|Roost|p2a: Skarmory\n|-heal|p2a: Skarmory|75\/100\n|-singleturn|p2a: Skarmory|move: Roost\n|\n|upkeep\n|turn|30\n|\n|t:|1663221230\n|move|p2a: Skarmory|Brave Bird|p1a: Mimikyu\n|-damage|p1a: Mimikyu|0 fnt\n|faint|p1a: Mimikyu\n|-damage|p2a: Skarmory|62\/100|[from] Recoil\n|\n|upkeep\n|\n|t:|1663221234\n|switch|p1a: Kyurem|Kyurem-Black|100\/100\n|-damage|p1a: Kyurem|76\/100|[from] Spikes\n|-ability|p1a: Kyurem|Teravolt\n|turn|31\n|\n|t:|1663221237\n|switch|p2a: Chansey|Chansey, F|100\/100\n|-activate|p2a: Chansey|move: Sticky Web\n|-unboost|p2a: Chansey|spe|1\n|-damage|p2a: Chansey|88\/100|[from] Stealth Rock\n|move|p1a: Kyurem|Fusion Bolt|p2a: Chansey\n|-damage|p2a: Chansey|63\/100\n|\n|upkeep\n|turn|32\n|\n|t:|1663221247\n|move|p1a: Kyurem|Fusion Bolt|p2a: Chansey\n|-damage|p2a: Chansey|39\/100\n|move|p2a: Chansey|Soft-Boiled|p2a: Chansey\n|-heal|p2a: Chansey|89\/100\n|\n|upkeep\n|turn|33\n|-message|Alu9204 forfeited.\n|\n|win|FildrongEstNul\n|raw|Alu9204's rating: 1480 &rarr; <strong>1451<\/strong><br \/>(-29 for losing)\n|raw|FildrongEstNul's rating: 1304 &rarr; <strong>1333<\/strong><br \/>(+29 for winning)\n|l|\u2606Alu9204\n|l|\u203dFildrongEstNul\n","uploadtime":1663221265,"views":6,"p1id":"alu9204","p2id":"fildrongestnul","formatid":"gen7ou","rating":1333,"private":0,"password":null}