{"id":"gen7ou-957045387","p1":"LT63RB Roxou","p2":"orangesss","format":"gen7ou","log":"|j|\u2606LT63RB Roxou\n|j|\u2606orangesss\n|player|p1|LT63RB Roxou|1|1829\n|player|p2|orangesss|164|1704\n|teamsize|p1|6\n|teamsize|p2|6\n|gametype|singles\n|gen|7\n|tier|[Gen 7] OU\n|rated|\n|rule|Sleep Clause Mod: Limit one foe put to sleep\n|rule|Species Clause: Limit one of each Pok\u00e9mon\n|rule|OHKO Clause: OHKO moves are banned\n|rule|Moody Clause: Moody is banned\n|rule|Evasion Moves Clause: Evasion moves are banned\n|rule|Endless Battle Clause: Forcing endless battles is banned\n|rule|HP Percentage Mod: HP is shown in percentages\n|clearpoke\n|poke|p1|Pinsir, F|item\n|poke|p1|Ferrothorn, M|item\n|poke|p1|Gastrodon, F|item\n|poke|p1|Gliscor, F|item\n|poke|p1|Jirachi|item\n|poke|p1|Tornadus-Therian, M|item\n|poke|p2|Hawlucha, F|item\n|poke|p2|Ferrothorn, F|item\n|poke|p2|Pelipper, F|item\n|poke|p2|Tapu Koko|item\n|poke|p2|Swampert, M|item\n|poke|p2|Kartana|item\n|teampreview\n|inactive|Battle timer is ON: inactive players will automatically lose when time's up. (requested by orangesss)\n|\n|start\n|switch|p1a: Tornadus|Tornadus-Therian, M|100\/100\n|switch|p2a: Hate rain :(|Ferrothorn, F|100\/100\n|turn|1\n|\n|move|p1a: Tornadus|Hurricane|p2a: Hate rain :(\n|-damage|p2a: Hate rain :(|59\/100\n|move|p2a: Hate rain :(|Knock Off|p1a: Tornadus\n|-damage|p1a: Tornadus|80\/100\n|\n|-heal|p2a: Hate rain :(|66\/100|[from] item: Leftovers\n|upkeep\n|turn|2\n|\n|switch|p2a: Speed OD|Tapu Koko|100\/100\n|-fieldstart|move: Electric Terrain|[from] ability: Electric Surge|[of] p2a: Speed OD\n|-zpower|p1a: Tornadus\n|move|p1a: Tornadus|Supersonic Skystrike|p2a: Speed OD|[zeffect]\n|-resisted|p2a: Speed OD\n|-damage|p2a: Speed OD|38\/100\n|\n|upkeep\n|turn|3\n|\n|-zpower|p2a: Speed OD\n|move|p2a: Speed OD|Twinkle Tackle|p1a: Tornadus|[zeffect]\n|-damage|p1a: Tornadus|3\/100\n|move|p1a: Tornadus|Toxic|p2a: Speed OD\n|-status|p2a: Speed OD|tox\n|\n|-damage|p2a: Speed OD|32\/100 tox|[from] psn\n|upkeep\n|turn|4\n|\n|switch|p2a: Nappy is trash|Pelipper, F|100\/100\n|-weather|RainDance|[from] ability: Drizzle|[of] p2a: Nappy is trash\n|switch|p1a: Gastrodon|Gastrodon, F|100\/100\n|\n|-weather|RainDance|[upkeep]\n|upkeep\n|turn|5\n|\n|switch|p2a: Hate rain :(|Ferrothorn, F|66\/100\n|move|p1a: Gastrodon|Hidden Power|p2a: Hate rain :(\n|-supereffective|p2a: Hate rain :(\n|-damage|p2a: Hate rain :(|46\/100\n|\n|-weather|RainDance|[upkeep]\n|-heal|p2a: Hate rain :(|52\/100|[from] item: Leftovers\n|upkeep\n|turn|6\n|\n|move|p1a: Gastrodon|Scald|p2a: Hate rain :(\n|-resisted|p2a: Hate rain :(\n|-damage|p2a: Hate rain :(|37\/100\n|move|p2a: Hate rain :(|Stealth Rock|p1a: Gastrodon\n|-sidestart|p1: LT63RB Roxou|move: Stealth Rock\n|\n|-weather|RainDance|[upkeep]\n|-heal|p2a: Hate rain :(|43\/100|[from] item: Leftovers\n|-fieldend|move: Electric Terrain\n|upkeep\n|turn|7\n|\n|move|p1a: Gastrodon|Scald|p2a: Hate rain :(\n|-resisted|p2a: Hate rain :(\n|-damage|p2a: Hate rain :(|28\/100\n|move|p2a: Hate rain :(|Spikes|p1a: Gastrodon\n|-sidestart|p1: LT63RB Roxou|Spikes\n|\n|-weather|RainDance|[upkeep]\n|-heal|p2a: Hate rain :(|34\/100|[from] item: Leftovers\n|upkeep\n|turn|8\n|\n|move|p1a: Gastrodon|Scald|p2a: Hate rain :(\n|-resisted|p2a: Hate rain :(\n|-damage|p2a: Hate rain :(|20\/100\n|move|p2a: Hate rain :(|Spikes|p1a: Gastrodon\n|-sidestart|p1: LT63RB Roxou|Spikes\n|\n|-weather|RainDance|[upkeep]\n|-heal|p2a: Hate rain :(|26\/100|[from] item: Leftovers\n|upkeep\n|turn|9\n|\n|move|p1a: Gastrodon|Scald|p2a: Hate rain :(\n|-resisted|p2a: Hate rain :(\n|-damage|p2a: Hate rain :(|12\/100\n|move|p2a: Hate rain :(|Gyro Ball|p1a: Gastrodon\n|-resisted|p1a: Gastrodon\n|-damage|p1a: Gastrodon|88\/100\n|\n|-weather|RainDance|[upkeep]\n|-heal|p1a: Gastrodon|94\/100|[from] item: Leftovers\n|-heal|p2a: Hate rain :(|19\/100|[from] item: Leftovers\n|upkeep\n|turn|10\n|\n|move|p1a: Gastrodon|Scald|p2a: Hate rain :(\n|-resisted|p2a: Hate rain :(\n|-damage|p2a: Hate rain :(|5\/100\n|move|p2a: Hate rain :(|Gyro Ball|p1a: Gastrodon\n|-resisted|p1a: Gastrodon\n|-damage|p1a: Gastrodon|82\/100\n|\n|-weather|RainDance|[upkeep]\n|-heal|p1a: Gastrodon|88\/100|[from] item: Leftovers\n|-heal|p2a: Hate rain :(|11\/100|[from] item: Leftovers\n|upkeep\n|turn|11\n|\n|move|p1a: Gastrodon|Scald|p2a: Hate rain :(\n|-resisted|p2a: Hate rain :(\n|-damage|p2a: Hate rain :(|0 fnt\n|faint|p2a: Hate rain :(\n|\n|-weather|none\n|-heal|p1a: Gastrodon|94\/100|[from] item: Leftovers\n|upkeep\n|\n|switch|p2a: Wolverine|Kartana|100\/100\n|turn|12\n|\n|switch|p1a: Jirachi|Jirachi|100\/100\n|-damage|p1a: Jirachi|94\/100|[from] Stealth Rock\n|-damage|p1a: Jirachi|78\/100|[from] Spikes\n|move|p2a: Wolverine|Leaf Blade|p1a: Jirachi\n|-resisted|p1a: Jirachi\n|-damage|p1a: Jirachi|50\/100\n|\n|upkeep\n|turn|13\n|\n|switch|p2a: Nappy is trash|Pelipper, F|100\/100\n|-weather|RainDance|[from] ability: Drizzle|[of] p2a: Nappy is trash\n|move|p1a: Jirachi|U-turn|p2a: Nappy is trash\n|-resisted|p2a: Nappy is trash\n|-damage|p2a: Nappy is trash|92\/100\n|\n|switch|p1a: Tornadus|Tornadus-Therian, M|36\/100|[from]move: U-turn\n|-damage|p1a: Tornadus|11\/100|[from] Stealth Rock\n|\n|-weather|RainDance|[upkeep]\n|upkeep\n|turn|14\n|\n|move|p1a: Tornadus|Defog|p2a: Nappy is trash\n|-unboost|p2a: Nappy is trash|evasion|1\n|-sideend|p1: LT63RB Roxou|Spikes|[from] move: Defog|[of] p1a: Tornadus\n|-sideend|p1: LT63RB Roxou|Stealth Rock|[from] move: Defog|[of] p1a: Tornadus\n|move|p2a: Nappy is trash|U-turn|p1a: Tornadus\n|-resisted|p1a: Tornadus\n|-damage|p1a: Tornadus|5\/100\n|\n|switch|p2a: Swamp Thing|Swampert, M|100\/100|[from]move: U-turn\n|\n|-weather|RainDance|[upkeep]\n|upkeep\n|turn|15\n|\n|switch|p1a: Gastrodon|Gastrodon, F|94\/100\n|detailschange|p2a: Swamp Thing|Swampert-Mega, M\n|-mega|p2a: Swamp Thing|Swampert|Swampertite\n|move|p2a: Swamp Thing|Power-Up Punch|p1a: Gastrodon\n|-damage|p1a: Gastrodon|74\/100\n|-boost|p2a: Swamp Thing|atk|1\n|\n|-weather|RainDance|[upkeep]\n|-heal|p1a: Gastrodon|80\/100|[from] item: Leftovers\n|upkeep\n|turn|16\n|\n|move|p2a: Swamp Thing|Earthquake|p1a: Gastrodon\n|-damage|p1a: Gastrodon|0 fnt\n|faint|p1a: Gastrodon\n|\n|-weather|RainDance|[upkeep]\n|upkeep\n|\n|switch|p1a: Ferrothorn|Ferrothorn, M|100\/100\n|turn|17\n|\n|switch|p2a: Speed OD|Tapu Koko|32\/100 tox\n|-fieldstart|move: Electric Terrain|[from] ability: Electric Surge|[of] p2a: Speed OD\n|move|p1a: Ferrothorn|Leech Seed|p2a: Speed OD\n|-start|p2a: Speed OD|move: Leech Seed\n|\n|-weather|RainDance|[upkeep]\n|-damage|p2a: Speed OD|19\/100 tox|[from] Leech Seed|[of] p1a: Ferrothorn\n|-damage|p2a: Speed OD|13\/100 tox|[from] psn\n|upkeep\n|turn|18\n|\n|move|p2a: Speed OD|Taunt|p1a: Ferrothorn\n|-start|p1a: Ferrothorn|move: Taunt\n|cant|p1a: Ferrothorn|move: Taunt|Stealth Rock\n|\n|-weather|RainDance|[upkeep]\n|-damage|p2a: Speed OD|1\/100 tox|[from] Leech Seed|[of] p1a: Ferrothorn\n|-damage|p2a: Speed OD|0 fnt|[from] psn\n|faint|p2a: Speed OD\n|upkeep\n|\n|switch|p2a: Copypaste|Hawlucha, F|100\/100\n|-enditem|p2a: Copypaste|Electric Seed\n|-boost|p2a: Copypaste|def|1\n|turn|19\n|\n|move|p2a: Copypaste|Swords Dance|p2a: Copypaste\n|-boost|p2a: Copypaste|atk|2\n|move|p1a: Ferrothorn|Gyro Ball|p2a: Copypaste\n|-crit|p2a: Copypaste\n|-damage|p2a: Copypaste|6\/100\n|\n|-weather|RainDance|[upkeep]\n|upkeep\n|turn|20\n|\n|switch|p1a: Jirachi|Jirachi|50\/100\n|move|p2a: Copypaste|Roost|p2a: Copypaste\n|-heal|p2a: Copypaste|56\/100\n|-singleturn|p2a: Copypaste|move: Roost\n|\n|-weather|none\n|upkeep\n|turn|21\n|\n|move|p2a: Copypaste|High Jump Kick|p1a: Jirachi\n|-damage|p1a: Jirachi|0 fnt\n|faint|p1a: Jirachi\n|\n|-fieldend|move: Electric Terrain\n|upkeep\n|\n|switch|p1a: Pinsir|Pinsir, F|100\/100\n|turn|22\n|\n|detailschange|p1a: Pinsir|Pinsir-Mega, F\n|-mega|p1a: Pinsir|Pinsir|Pinsirite\n|move|p1a: Pinsir|Quick Attack|p2a: Copypaste\n|-supereffective|p2a: Copypaste\n|-damage|p2a: Copypaste|5\/100\n|move|p2a: Copypaste|Acrobatics|p1a: Pinsir\n|-supereffective|p1a: Pinsir\n|-damage|p1a: Pinsir|0 fnt\n|faint|p1a: Pinsir\n|\n|upkeep\n|\n|switch|p1a: Tornadus|Tornadus-Therian, M|39\/100\n|turn|23\n|\n|switch|p1a: Ferrothorn|Ferrothorn, M|100\/100\n|move|p2a: Copypaste|Roost|p2a: Copypaste\n|-heal|p2a: Copypaste|56\/100\n|-singleturn|p2a: Copypaste|move: Roost\n|\n|upkeep\n|turn|24\n|\n|move|p2a: Copypaste|High Jump Kick|p1a: Ferrothorn\n|-supereffective|p1a: Ferrothorn\n|-damage|p1a: Ferrothorn|0 fnt\n|-damage|p2a: Copypaste|43\/100|[from] ability: Iron Barbs|[of] p1a: Ferrothorn\n|faint|p1a: Ferrothorn\n|\n|upkeep\n|-message|LT63RB Roxou forfeited.\n|\n|win|orangesss\n|l|\u2606LT63RB Roxou\n|raw|LT63RB Roxou's rating: 1829 &rarr; <strong>1802<\/strong><br \/>(-27 for losing)\n|raw|orangesss's rating: 1704 &rarr; <strong>1731<\/strong><br \/>(+27 for winning)\n","uploadtime":1565235724,"views":32,"p1id":"lt63rbroxou","p2id":"orangesss","formatid":"gen7ou","rating":1731,"private":0,"password":null}