{"id":"gen7ou-882812478","p1":"HQSFun","p2":"Floundso","format":"gen7ou","log":"|j|\u2606HQSFun\n|j|\u2606Floundso\n|player|p1|HQSFun|260\n|player|p2|Floundso|170\n|teamsize|p1|6\n|teamsize|p2|6\n|gametype|singles\n|gen|7\n|tier|[Gen 7] OU\n|rated|\n|rule|Sleep Clause Mod: Limit one foe put to sleep\n|rule|Species Clause: Limit one of each Pok\u00e9mon\n|rule|OHKO Clause: OHKO moves are banned\n|rule|Moody Clause: Moody is banned\n|rule|Evasion Moves Clause: Evasion moves are banned\n|rule|Endless Battle Clause: Forcing endless battles is banned\n|rule|HP Percentage Mod: HP is shown in percentages\n|clearpoke\n|poke|p1|Nidoking, M|item\n|poke|p1|Tapu Bulu|item\n|poke|p1|Heatran, M|item\n|poke|p1|Zapdos|item\n|poke|p1|Greninja, M|item\n|poke|p1|Lopunny, M|item\n|poke|p2|Charizard, F|item\n|poke|p2|Tapu Fini|item\n|poke|p2|Greninja, M|item\n|poke|p2|Magearna|item\n|poke|p2|Tornadus-Therian, M|item\n|poke|p2|Gliscor, M|item\n|teampreview\n|j| qqew\n|\n|start\n|switch|p1a: Greninja|Greninja, M|100\/100\n|switch|p2a: Greninja|Greninja, M|100\/100\n|turn|1\n|\n|switch|p2a: Tapu Fini|Tapu Fini|100\/100\n|-fieldstart|move: Misty Terrain|[from] ability: Misty Surge|[of] p2a: Tapu Fini\n|move|p1a: Greninja|U-turn|p2a: Tapu Fini\n|-start|p1a: Greninja|typechange|Bug|[from] ability: Protean\n|-resisted|p2a: Tapu Fini\n|-damage|p2a: Tapu Fini|88\/100\n|inactive|Battle timer is ON: inactive players will automatically lose when time's up. (requested by HQSFun)\n|\n|switch|p1a: Nidoking|Nidoking, M|100\/100\n|\n|-heal|p2a: Tapu Fini|94\/100|[from] item: Leftovers\n|upkeep\n|turn|2\n|\n|switch|p2a: Tornadus|Tornadus-Therian, M|100\/100\n|move|p1a: Nidoking|Substitute|p1a: Nidoking\n|-start|p1a: Nidoking|Substitute\n|-damage|p1a: Nidoking|76\/100\n|\n|upkeep\n|turn|3\n|\n|move|p2a: Tornadus|Knock Off|p1a: Nidoking\n|-end|p1a: Nidoking|Substitute\n|move|p1a: Nidoking|Ice Beam|p2a: Tornadus\n|-supereffective|p2a: Tornadus\n|-damage|p2a: Tornadus|7\/100\n|\n|upkeep\n|turn|4\n|\n|switch|p2a: Gliscor|Gliscor, M|100\/100\n|switch|p1a: Zapdos|Zapdos|100\/100\n|\n|-status|p2a: Gliscor|tox|[from] item: Toxic Orb\n|upkeep\n|turn|5\n|\n|switch|p1a: Nidoking|Nidoking, M|76\/100\n|move|p2a: Gliscor|Stealth Rock|p1a: Nidoking\n|-sidestart|p1: HQSFun|move: Stealth Rock\n|\n|-fieldend|Misty Terrain\n|upkeep\n|turn|6\n|\n|move|p1a: Nidoking|Ice Beam|p2a: Gliscor\n|-supereffective|p2a: Gliscor\n|-damage|p2a: Gliscor|0 fnt\n|faint|p2a: Gliscor\n|\n|upkeep\n|\n|switch|p2a: Greninja|Greninja, M|100\/100\n|turn|7\n|\n|switch|p2a: Charizard|Charizard, F|100\/100\n|switch|p1a: Tapu Bulu|Tapu Bulu|100\/100\n|-damage|p1a: Tapu Bulu|88\/100|[from] Stealth Rock\n|-fieldstart|move: Grassy Terrain|[from] ability: Grassy Surge|[of] p1a: Tapu Bulu\n|\n|-heal|p1a: Tapu Bulu|94\/100|[from] item: Leftovers\n|-heal|p1a: Tapu Bulu|100\/100|[from] Grassy Terrain\n|upkeep\n|turn|8\n|\n|switch|p1a: Greninja|Greninja, M|100\/100\n|-damage|p1a: Greninja|88\/100|[from] Stealth Rock\n|detailschange|p2a: Charizard|Charizard-Mega-X, F\n|-mega|p2a: Charizard|Charizard|Charizardite X\n|move|p2a: Charizard|Dragon Dance|p2a: Charizard\n|-boost|p2a: Charizard|atk|1\n|-boost|p2a: Charizard|spe|1\n|\n|-heal|p1a: Greninja|94\/100|[from] Grassy Terrain\n|upkeep\n|turn|9\n|\n|move|p1a: Greninja|Rock Slide|p2a: Charizard\n|-start|p1a: Greninja|typechange|Rock|[from] ability: Protean\n|-supereffective|p2a: Charizard\n|-damage|p2a: Charizard|42\/100\n|move|p2a: Charizard|Dragon Dance|p2a: Charizard\n|-boost|p2a: Charizard|atk|1\n|-boost|p2a: Charizard|spe|1\n|\n|-heal|p2a: Charizard|48\/100|[from] Grassy Terrain\n|-heal|p1a: Greninja|99\/100|[from] Grassy Terrain\n|upkeep\n|turn|10\n|\n|move|p2a: Charizard|Earthquake|p1a: Greninja\n|-supereffective|p1a: Greninja\n|-damage|p1a: Greninja|0 fnt\n|faint|p1a: Greninja\n|\n|-heal|p2a: Charizard|54\/100|[from] Grassy Terrain\n|upkeep\n|inactive|HQSFun has 120 seconds left.\n|\n|switch|p1a: Lopunny|Lopunny, M|100\/100\n|-damage|p1a: Lopunny|88\/100|[from] Stealth Rock\n|turn|11\n|inactive|HQSFun has 120 seconds left.\n|\n|detailschange|p1a: Lopunny|Lopunny-Mega, M\n|-mega|p1a: Lopunny|Lopunny|Lopunnite\n|move|p1a: Lopunny|Fake Out|p2a: Charizard\n|-damage|p2a: Charizard|32\/100\n|cant|p2a: Charizard|flinch\n|\n|-heal|p2a: Charizard|38\/100|[from] Grassy Terrain\n|-heal|p1a: Lopunny|94\/100|[from] Grassy Terrain\n|-fieldend|move: Grassy Terrain\n|upkeep\n|turn|12\n|\n|move|p1a: Lopunny|Quick Attack|p2a: Charizard\n|-damage|p2a: Charizard|15\/100\n|move|p2a: Charizard|Roost|p2a: Charizard\n|-heal|p2a: Charizard|65\/100\n|-singleturn|p2a: Charizard|move: Roost\n|\n|upkeep\n|turn|13\n|\n|move|p2a: Charizard|Earthquake|p1a: Lopunny\n|-damage|p1a: Lopunny|2\/100\n|move|p1a: Lopunny|High Jump Kick|p2a: Charizard\n|-damage|p2a: Charizard|0 fnt\n|faint|p2a: Charizard\n|\n|upkeep\n|\n|switch|p2a: Greninja|Greninja, M|100\/100\n|turn|14\n|\n|switch|p1a: Tapu Bulu|Tapu Bulu|100\/100\n|-damage|p1a: Tapu Bulu|88\/100|[from] Stealth Rock\n|-fieldstart|move: Grassy Terrain|[from] ability: Grassy Surge|[of] p1a: Tapu Bulu\n|switch|p2a: Tornadus|Tornadus-Therian, M|41\/100\n|\n|-heal|p1a: Tapu Bulu|94\/100|[from] item: Leftovers\n|-heal|p1a: Tapu Bulu|100\/100|[from] Grassy Terrain\n|upkeep\n|turn|15\n|\n|switch|p1a: Zapdos|Zapdos|100\/100\n|-damage|p1a: Zapdos|76\/100|[from] Stealth Rock\n|move|p2a: Tornadus|U-turn|p1a: Zapdos\n|-resisted|p1a: Zapdos\n|-damage|p1a: Zapdos|70\/100\n|-damage|p2a: Tornadus|24\/100|[from] item: Rocky Helmet|[of] p1a: Zapdos\n|-status|p2a: Tornadus|par|[from] ability: Static|[of] p1a: Zapdos\n|\n|switch|p2a: Greninja|Greninja, M|100\/100\n|\n|upkeep\n|turn|16\n|\n|switch|p1a: Tapu Bulu|Tapu Bulu|100\/100\n|-damage|p1a: Tapu Bulu|88\/100|[from] Stealth Rock\n|move|p2a: Greninja|Spikes|p1a: Tapu Bulu\n|-sidestart|p1: HQSFun|Spikes\n|\n|-heal|p1a: Tapu Bulu|94\/100|[from] item: Leftovers\n|-heal|p1a: Tapu Bulu|100\/100|[from] Grassy Terrain\n|upkeep\n|turn|17\n|\n|switch|p2a: Tornadus|Tornadus-Therian, M|58\/100 par\n|switch|p1a: Zapdos|Zapdos|70\/100\n|-damage|p1a: Zapdos|46\/100|[from] Stealth Rock\n|\n|upkeep\n|turn|18\n|\n|move|p1a: Zapdos|Defog|p2a: Tornadus\n|-unboost|p2a: Tornadus|evasion|1\n|-sideend|p1: HQSFun|Spikes|[from] move: Defog|[of] p1a: Zapdos\n|-sideend|p1: HQSFun|Stealth Rock|[from] move: Defog|[of] p1a: Zapdos\n|-zpower|p2a: Tornadus\n|move|p2a: Tornadus|Supersonic Skystrike|p1a: Zapdos|[zeffect]\n|-resisted|p1a: Zapdos\n|-damage|p1a: Zapdos|8\/100\n|\n|-fieldend|move: Grassy Terrain\n|upkeep\n|turn|19\n|\n|move|p1a: Zapdos|Roost|p1a: Zapdos\n|-heal|p1a: Zapdos|58\/100\n|-singleturn|p1a: Zapdos|move: Roost\n|move|p2a: Tornadus|U-turn|p1a: Zapdos\n|-damage|p1a: Zapdos|48\/100\n|-damage|p2a: Tornadus|41\/100 par|[from] item: Rocky Helmet|[of] p1a: Zapdos\n|\n|switch|p2a: Greninja|Greninja, M|100\/100\n|\n|upkeep\n|turn|20\n|\n|switch|p2a: Tornadus|Tornadus-Therian, M|74\/100 par\n|switch|p1a: Tapu Bulu|Tapu Bulu|100\/100\n|-fieldstart|move: Grassy Terrain|[from] ability: Grassy Surge|[of] p1a: Tapu Bulu\n|\n|upkeep\n|turn|21\n|\n|switch|p1a: Zapdos|Zapdos|48\/100\n|move|p2a: Tornadus|U-turn|p1a: Zapdos\n|-resisted|p1a: Zapdos\n|-damage|p1a: Zapdos|43\/100\n|-damage|p2a: Tornadus|58\/100 par|[from] item: Rocky Helmet|[of] p1a: Zapdos\n|\n|switch|p2a: Greninja|Greninja, M|100\/100\n|\n|upkeep\n|turn|22\n|\n|switch|p1a: Tapu Bulu|Tapu Bulu|100\/100\n|move|p2a: Greninja|Spikes|p1a: Tapu Bulu\n|-sidestart|p1: HQSFun|Spikes\n|\n|upkeep\n|turn|23\n|\n|switch|p2a: Tornadus|Tornadus-Therian, M|91\/100 par\n|switch|p1a: Zapdos|Zapdos|43\/100\n|\n|upkeep\n|turn|24\n|\n|move|p1a: Zapdos|Roost|p1a: Zapdos\n|-heal|p1a: Zapdos|93\/100\n|-singleturn|p1a: Zapdos|move: Roost\n|move|p2a: Tornadus|Hurricane|p1a: Zapdos\n|-resisted|p1a: Zapdos\n|-damage|p1a: Zapdos|69\/100\n|\n|-heal|p1a: Zapdos|75\/100|[from] Grassy Terrain\n|-fieldend|move: Grassy Terrain\n|upkeep\n|turn|25\n|\n|move|p1a: Zapdos|Defog|p2a: Tornadus\n|-unboost|p2a: Tornadus|evasion|1\n|-sideend|p1: HQSFun|Spikes|[from] move: Defog|[of] p1a: Zapdos\n|cant|p2a: Tornadus|par\n|\n|upkeep\n|turn|26\n|\n|move|p1a: Zapdos|Heat Wave|p2a: Tornadus\n|-damage|p2a: Tornadus|58\/100 par\n|cant|p2a: Tornadus|par\n|\n|upkeep\n|turn|27\n|\n|switch|p2a: Magearna|Magearna|100\/100\n|move|p1a: Zapdos|Volt Switch|p2a: Magearna\n|-damage|p2a: Magearna|89\/100\n|\n|switch|p1a: Heatran|Heatran, M|100\/100\n|\n|upkeep\n|turn|28\n|\n|switch|p2a: Greninja|Greninja, M|100\/100\n|move|p1a: Heatran|Stealth Rock|p2a: Greninja\n|-sidestart|p2: Floundso|move: Stealth Rock\n|\n|upkeep\n|turn|29\n|-message|Floundso forfeited.\n|\n|win|HQSFun\n|l|\u2606Floundso\n|raw|HQSFun's rating: 1614 &rarr; <strong>1634<\/strong><br \/>(+20 for winning)\n|raw|Floundso's rating: 1614 &rarr; <strong>1594<\/strong><br \/>(-20 for losing)\n|c|\u2606HQSFun|too greedy\n","uploadtime":1553696412,"views":20,"p1id":"hqsfun","p2id":"floundso","formatid":"gen7ou","rating":1594,"private":0,"password":null}