{"id":"gen7ou-771656553","p1":"bryanotonashi","p2":"Ohmboy Tesla","format":"gen7ou","log":"|j|\u2606bryanotonashi\n|j|\u2606Ohmboy Tesla\n|player|p1|bryanotonashi|80\n|player|p2|Ohmboy Tesla|136\n|teamsize|p1|6\n|teamsize|p2|6\n|gametype|singles\n|gen|7\n|tier|[Gen 7] OU\n|rated|\n|rule|Sleep Clause Mod: Limit one foe put to sleep\n|rule|Species Clause: Limit one of each Pok\u00e9mon\n|rule|OHKO Clause: OHKO moves are banned\n|rule|Moody Clause: Moody is banned\n|rule|Evasion Moves Clause: Evasion moves are banned\n|rule|Endless Battle Clause: Forcing endless battles is banned\n|rule|HP Percentage Mod: HP is shown in percentages\n|clearpoke\n|poke|p1|Kartana|item\n|poke|p1|Medicham, F|item\n|poke|p1|Tapu Bulu|item\n|poke|p1|Magearna|item\n|poke|p1|Landorus-Therian, M|item\n|poke|p1|Greninja, M|item\n|poke|p2|Diancie|item\n|poke|p2|Volcarona, M|item\n|poke|p2|Rotom-Wash|item\n|poke|p2|Tapu Bulu|item\n|poke|p2|Landorus-Therian, M|item\n|poke|p2|Toxapex, M|item\n|teampreview\n|\n|start\n|switch|p1a: Landorus|Landorus-Therian, M, shiny|100\/100\n|switch|p2a: Atlas|Volcarona, M|100\/100\n|-ability|p1a: Landorus|Intimidate|boost\n|-unboost|p2a: Atlas|atk|1\n|turn|1\n|\n|switch|p2a: scRotom-Wash|Rotom-Wash|100\/100\n|move|p1a: Landorus|Earthquake|p2a: scRotom-Wash\n|-immune|p2a: scRotom-Wash|[msg]|[from] ability: Levitate\n|\n|upkeep\n|turn|2\n|\n|move|p2a: scRotom-Wash|Will-O-Wisp|p1a: Landorus\n|-status|p1a: Landorus|brn\n|move|p1a: Landorus|Stealth Rock|p2a: scRotom-Wash\n|-sidestart|p2: Ohmboy Tesla|move: Stealth Rock\n|\n|-damage|p1a: Landorus|94\/100 brn|[from] brn\n|upkeep\n|turn|3\n|\n|switch|p1a: Tapu Bulu|Tapu Bulu|100\/100\n|-fieldstart|move: Grassy Terrain|[from] ability: Grassy Surge|[of] p1a: Tapu Bulu\n|move|p2a: scRotom-Wash|Defog|p1a: Tapu Bulu\n|-unboost|p1a: Tapu Bulu|evasion|1\n|-sideend|p2: Ohmboy Tesla|Stealth Rock|[from] move: Defog|[of] p2a: scRotom-Wash\n|\n|upkeep\n|turn|4\n|\n|switch|p2a: Flooffy Paws|Landorus-Therian, M|100\/100\n|-ability|p2a: Flooffy Paws|Intimidate|boost\n|-unboost|p1a: Tapu Bulu|atk|1\n|move|p1a: Tapu Bulu|Substitute|p1a: Tapu Bulu\n|-start|p1a: Tapu Bulu|Substitute\n|-damage|p1a: Tapu Bulu|76\/100\n|\n|-heal|p1a: Tapu Bulu|82\/100|[from] Grassy Terrain\n|upkeep\n|turn|5\n|\n|move|p1a: Tapu Bulu|Swords Dance|p1a: Tapu Bulu\n|-boost|p1a: Tapu Bulu|atk|2\n|move|p2a: Flooffy Paws|U-turn|p1a: Tapu Bulu\n|-activate|p1a: Tapu Bulu|move: Substitute|[damage]\n|\n|switch|p2a: Atlas|Volcarona, M|100\/100\n|\n|-heal|p1a: Tapu Bulu|88\/100|[from] Grassy Terrain\n|upkeep\n|turn|6\n|\n|move|p2a: Atlas|Bug Buzz|p1a: Tapu Bulu\n|-damage|p1a: Tapu Bulu|23\/100\n|move|p1a: Tapu Bulu|Horn Leech|p2a: Atlas\n|-resisted|p2a: Atlas\n|-damage|p2a: Atlas|55\/100\n|-heal|p1a: Tapu Bulu|48\/100|[from] drain|[of] p2a: Atlas\n|-damage|p1a: Tapu Bulu|38\/100|[from] item: Life Orb\n|\n|-heal|p2a: Atlas|62\/100|[from] Grassy Terrain\n|-heal|p1a: Tapu Bulu|44\/100|[from] Grassy Terrain\n|upkeep\n|turn|7\n|\n|switch|p1a: Magearna|Magearna|100\/100\n|move|p2a: Atlas|Bug Buzz|p1a: Magearna\n|-resisted|p1a: Magearna\n|-damage|p1a: Magearna|95\/100\n|\n|-heal|p2a: Atlas|68\/100|[from] Grassy Terrain\n|-heal|p1a: Magearna|100\/100|[from] Grassy Terrain\n|-fieldend|move: Grassy Terrain\n|upkeep\n|turn|8\n|\n|move|p2a: Atlas|Quiver Dance|p2a: Atlas\n|-boost|p2a: Atlas|spa|1\n|-boost|p2a: Atlas|spd|1\n|-boost|p2a: Atlas|spe|1\n|move|p1a: Magearna|Volt Switch|p2a: Atlas\n|-damage|p2a: Atlas|52\/100\n|\n|switch|p1a: Greninja|Greninja, M|100\/100\n|\n|upkeep\n|turn|9\n|\n|switch|p2a: Boy Fort|Toxapex, M|100\/100\n|move|p1a: Greninja|Water Shuriken|p2a: Boy Fort\n|-resisted|p2a: Boy Fort\n|-damage|p2a: Boy Fort|97\/100\n|-resisted|p2a: Boy Fort\n|-damage|p2a: Boy Fort|94\/100\n|-resisted|p2a: Boy Fort\n|-damage|p2a: Boy Fort|91\/100\n|-hitcount|p2a: Boy Fort|3\n|\n|-heal|p2a: Boy Fort|97\/100|[from] item: Black Sludge\n|upkeep\n|turn|10\n|\n|switch|p1a: Landorus|Landorus-Therian, M, shiny|94\/100 brn\n|-ability|p1a: Landorus|Intimidate|boost\n|-unboost|p2a: Boy Fort|atk|1\n|move|p2a: Boy Fort|Toxic Spikes|p1a: Landorus\n|-sidestart|p1: bryanotonashi|move: Toxic Spikes\n|\n|-heal|p2a: Boy Fort|100\/100|[from] item: Black Sludge\n|-damage|p1a: Landorus|88\/100 brn|[from] brn\n|upkeep\n|turn|11\n|\n|move|p1a: Landorus|U-turn|p2a: Boy Fort\n|-resisted|p2a: Boy Fort\n|-damage|p2a: Boy Fort|96\/100\n|\n|switch|p1a: Kartana|Kartana, shiny|100\/100\n|move|p2a: Boy Fort|Toxic Spikes|p1a: Kartana\n|-sidestart|p1: bryanotonashi|move: Toxic Spikes\n|\n|-heal|p2a: Boy Fort|100\/100|[from] item: Black Sludge\n|upkeep\n|turn|12\n|\n|switch|p2a: Atlas|Volcarona, M|52\/100\n|move|p1a: Kartana|Defog|p2a: Atlas\n|-unboost|p2a: Atlas|evasion|1\n|-sideend|p1: bryanotonashi|Toxic Spikes|[from] move: Defog|[of] p1a: Kartana\n|\n|upkeep\n|turn|13\n|\n|switch|p1a: Greninja|Greninja, M|100\/100\n|move|p2a: Atlas|Fiery Dance|p1a: Greninja\n|-resisted|p1a: Greninja\n|-damage|p1a: Greninja|69\/100\n|-boost|p2a: Atlas|spa|1\n|\n|upkeep\n|turn|14\n|\n|switch|p2a: Top Bull|Tapu Bulu|100\/100\n|-fieldstart|move: Grassy Terrain|[from] ability: Grassy Surge|[of] p2a: Top Bull\n|move|p1a: Greninja|Extrasensory|p2a: Top Bull\n|-damage|p2a: Top Bull|72\/100\n|\n|-heal|p1a: Greninja|75\/100|[from] Grassy Terrain\n|-heal|p2a: Top Bull|78\/100|[from] item: Leftovers\n|-heal|p2a: Top Bull|84\/100|[from] Grassy Terrain\n|upkeep\n|turn|15\n|\n|switch|p1a: Landorus|Landorus-Therian, M, shiny|88\/100 brn\n|-ability|p1a: Landorus|Intimidate|boost\n|-unboost|p2a: Top Bull|atk|1\n|switch|p2a: Atlas|Volcarona, M|52\/100\n|\n|-heal|p2a: Atlas|58\/100|[from] Grassy Terrain\n|-damage|p1a: Landorus|82\/100 brn|[from] brn\n|upkeep\n|turn|16\n|\n|move|p2a: Atlas|Fiery Dance|p1a: Landorus\n|-damage|p1a: Landorus|35\/100 brn\n|move|p1a: Landorus|U-turn|p2a: Atlas\n|-resisted|p2a: Atlas\n|-damage|p2a: Atlas|50\/100\n|\n|switch|p1a: Greninja|Greninja, M|75\/100\n|\n|-heal|p1a: Greninja|81\/100|[from] Grassy Terrain\n|-heal|p2a: Atlas|56\/100|[from] Grassy Terrain\n|upkeep\n|turn|17\n|\n|switch|p2a: Top Bull|Tapu Bulu|84\/100\n|move|p1a: Greninja|Hydro Pump|p2a: Top Bull\n|-resisted|p2a: Top Bull\n|-damage|p2a: Top Bull|55\/100\n|\n|-heal|p1a: Greninja|87\/100|[from] Grassy Terrain\n|-heal|p2a: Top Bull|61\/100|[from] item: Leftovers\n|-heal|p2a: Top Bull|67\/100|[from] Grassy Terrain\n|upkeep\n|turn|18\n|\n|switch|p1a: Tapu Bulu|Tapu Bulu|44\/100\n|move|p2a: Top Bull|Horn Leech|p1a: Tapu Bulu\n|-resisted|p1a: Tapu Bulu\n|-damage|p1a: Tapu Bulu|16\/100\n|-heal|p2a: Top Bull|79\/100|[from] drain|[of] p1a: Tapu Bulu\n|\n|-heal|p1a: Tapu Bulu|22\/100|[from] Grassy Terrain\n|-heal|p2a: Top Bull|86\/100|[from] item: Leftovers\n|-heal|p2a: Top Bull|92\/100|[from] Grassy Terrain\n|-fieldend|move: Grassy Terrain\n|upkeep\n|turn|19\n|\n|move|p1a: Tapu Bulu|Horn Leech|p2a: Top Bull\n|-resisted|p2a: Top Bull\n|-damage|p2a: Top Bull|67\/100\n|-heal|p1a: Tapu Bulu|36\/100|[from] drain|[of] p2a: Top Bull\n|-damage|p1a: Tapu Bulu|26\/100|[from] item: Life Orb\n|move|p2a: Top Bull|Horn Leech|p1a: Tapu Bulu\n|-resisted|p1a: Tapu Bulu\n|-damage|p1a: Tapu Bulu|8\/100\n|-heal|p2a: Top Bull|75\/100|[from] drain|[of] p1a: Tapu Bulu\n|\n|-heal|p2a: Top Bull|81\/100|[from] item: Leftovers\n|upkeep\n|turn|20\n|\n|switch|p1a: Landorus|Landorus-Therian, M, shiny|35\/100 brn\n|-ability|p1a: Landorus|Intimidate|boost\n|-unboost|p2a: Top Bull|atk|1\n|move|p2a: Top Bull|Horn Leech|p1a: Landorus\n|-damage|p1a: Landorus|20\/100 brn\n|-heal|p2a: Top Bull|90\/100|[from] drain|[of] p1a: Landorus\n|-damage|p2a: Top Bull|73\/100|[from] item: Rocky Helmet|[of] p1a: Landorus\n|\n|-heal|p2a: Top Bull|80\/100|[from] item: Leftovers\n|-damage|p1a: Landorus|14\/100 brn|[from] brn\n|upkeep\n|turn|21\n|\n|switch|p2a: scRotom-Wash|Rotom-Wash|100\/100\n|move|p1a: Landorus|Stealth Rock|p2a: scRotom-Wash\n|-sidestart|p2: Ohmboy Tesla|move: Stealth Rock\n|\n|-damage|p1a: Landorus|8\/100 brn|[from] brn\n|upkeep\n|turn|22\n|\n|switch|p1a: Tapu Bulu|Tapu Bulu|8\/100\n|-fieldstart|move: Grassy Terrain|[from] ability: Grassy Surge|[of] p1a: Tapu Bulu\n|move|p2a: scRotom-Wash|Defog|p1a: Tapu Bulu\n|-unboost|p1a: Tapu Bulu|evasion|1\n|-sideend|p2: Ohmboy Tesla|Stealth Rock|[from] move: Defog|[of] p2a: scRotom-Wash\n|\n|-heal|p1a: Tapu Bulu|14\/100|[from] Grassy Terrain\n|upkeep\n|turn|23\n|inactive|Battle timer is ON: inactive players will automatically lose when time's up. (requested by bryanotonashi)\n|\n|switch|p2a: Flooffy Paws|Landorus-Therian, M|100\/100\n|-ability|p2a: Flooffy Paws|Intimidate|boost\n|-unboost|p1a: Tapu Bulu|atk|1\n|move|p1a: Tapu Bulu|Horn Leech|p2a: Flooffy Paws\n|-damage|p2a: Flooffy Paws|64\/100\n|-heal|p1a: Tapu Bulu|39\/100|[from] drain|[of] p2a: Flooffy Paws\n|-damage|p1a: Tapu Bulu|29\/100|[from] item: Life Orb\n|\n|-heal|p1a: Tapu Bulu|35\/100|[from] Grassy Terrain\n|-heal|p2a: Flooffy Paws|70\/100|[from] item: Leftovers\n|upkeep\n|turn|24\n|\n|switch|p1a: Magearna|Magearna|100\/100\n|move|p2a: Flooffy Paws|U-turn|p1a: Magearna\n|-resisted|p1a: Magearna\n|-damage|p1a: Magearna|96\/100\n|\n|switch|p2a: Atlas|Volcarona, M|56\/100\n|\n|-heal|p2a: Atlas|63\/100|[from] Grassy Terrain\n|-heal|p1a: Magearna|100\/100|[from] Grassy Terrain\n|upkeep\n|turn|25\n|\n|move|p2a: Atlas|Quiver Dance|p2a: Atlas\n|-boost|p2a: Atlas|spa|1\n|-boost|p2a: Atlas|spd|1\n|-boost|p2a: Atlas|spe|1\n|move|p1a: Magearna|Volt Switch|p2a: Atlas\n|-damage|p2a: Atlas|49\/100\n|\n|switch|p1a: Greninja|Greninja, M|87\/100\n|\n|-heal|p2a: Atlas|55\/100|[from] Grassy Terrain\n|-heal|p1a: Greninja|93\/100|[from] Grassy Terrain\n|upkeep\n|turn|26\n|inactive|Ohmboy Tesla has 135 seconds left.\n|\n|switch|p2a: Boy Fort|Toxapex, M|100\/100\n|move|p1a: Greninja|Water Shuriken|p2a: Boy Fort\n|-resisted|p2a: Boy Fort\n|-crit|p2a: Boy Fort\n|-damage|p2a: Boy Fort|96\/100\n|-resisted|p2a: Boy Fort\n|-damage|p2a: Boy Fort|92\/100\n|-hitcount|p2a: Boy Fort|2\n|\n|-heal|p1a: Greninja|99\/100|[from] Grassy Terrain\n|-heal|p2a: Boy Fort|99\/100|[from] item: Black Sludge\n|-heal|p2a: Boy Fort|100\/100|[from] Grassy Terrain\n|-fieldend|move: Grassy Terrain\n|upkeep\n|turn|27\n|\n|switch|p1a: Kartana|Kartana, shiny|100\/100\n|move|p2a: Boy Fort|Toxic Spikes|p1a: Kartana\n|-sidestart|p1: bryanotonashi|move: Toxic Spikes\n|\n|upkeep\n|turn|28\n|\n|switch|p2a: Atlas|Volcarona, M|55\/100\n|move|p1a: Kartana|Defog|p2a: Atlas\n|-unboost|p2a: Atlas|evasion|1\n|-sideend|p1: bryanotonashi|Toxic Spikes|[from] move: Defog|[of] p1a: Kartana\n|\n|upkeep\n|turn|29\n|\n|switch|p1a: Greninja|Greninja, M|99\/100\n|move|p2a: Atlas|Bug Buzz|p1a: Greninja\n|-supereffective|p1a: Greninja\n|-damage|p1a: Greninja|0 fnt\n|faint|p1a: Greninja\n|\n|upkeep\n|\n|switch|p1a: Medicham|Medicham, F, shiny|100\/100\n|turn|30\n|\n|detailschange|p1a: Medicham|Medicham-Mega, F, shiny\n|-mega|p1a: Medicham|Medicham|Medichamite\n|-zpower|p2a: Atlas\n|move|p2a: Atlas|Savage Spin-Out|p1a: Medicham|[zeffect]\n|-damage|p1a: Medicham|0 fnt\n|faint|p1a: Medicham\n|\n|upkeep\n|\n|switch|p1a: Tapu Bulu|Tapu Bulu|35\/100\n|-fieldstart|move: Grassy Terrain|[from] ability: Grassy Surge|[of] p1a: Tapu Bulu\n|turn|31\n|\n|move|p2a: Atlas|Fiery Dance|p1a: Tapu Bulu\n|-supereffective|p1a: Tapu Bulu\n|-damage|p1a: Tapu Bulu|0 fnt\n|-boost|p2a: Atlas|spa|1\n|faint|p1a: Tapu Bulu\n|\n|-heal|p2a: Atlas|61\/100|[from] Grassy Terrain\n|upkeep\n|\n|switch|p1a: Kartana|Kartana, shiny|100\/100\n|turn|32\n|\n|move|p1a: Kartana|Leaf Blade|p2a: Atlas\n|-resisted|p2a: Atlas\n|-damage|p2a: Atlas|24\/100\n|move|p2a: Atlas|Fiery Dance|p1a: Kartana\n|-supereffective|p1a: Kartana\n|-damage|p1a: Kartana|0 fnt\n|-boost|p2a: Atlas|spa|1\n|faint|p1a: Kartana\n|\n|-heal|p2a: Atlas|30\/100|[from] Grassy Terrain\n|upkeep\n|-message|bryanotonashi forfeited.\n|\n|win|Ohmboy Tesla\n|l|\u2606bryanotonashi\n|raw|bryanotonashi's rating: 1602 &rarr; <strong>1581<\/strong><br \/>(-21 for losing)\n|raw|Ohmboy Tesla's rating: 1571 &rarr; <strong>1593<\/strong><br \/>(+22 for winning)\n","inputlog":null,"uploadtime":1530794904,"views":2,"p1id":"bryanotonashi","p2id":"ohmboytesla","formatid":"gen7ou","rating":1581,"private":0,"password":null}