{"id":"gen7ou-825665408","p1":"CarlyBae","p2":"BigDannyMason","format":"gen7ou","log":"|raw|<div class=\"broadcast-red\"><strong>This battle is invite-only!<\/strong><br \/>Users must be rank + or invited with <code>\/invite<\/code> to join<\/div>\n|j|\u2606CarlyBae\n|j|\u2606BigDannyMason\n|player|p1|CarlyBae|138\n|player|p2|BigDannyMason|170\n|teamsize|p1|6\n|teamsize|p2|6\n|gametype|singles\n|gen|7\n|tier|[Gen 7] OU\n|rated|\n|rule|Sleep Clause Mod: Limit one foe put to sleep\n|rule|Species Clause: Limit one of each Pok\u00e9mon\n|rule|OHKO Clause: OHKO moves are banned\n|rule|Moody Clause: Moody is banned\n|rule|Evasion Moves Clause: Evasion moves are banned\n|rule|Endless Battle Clause: Forcing endless battles is banned\n|rule|HP Percentage Mod: HP is shown in percentages\n|clearpoke\n|poke|p1|Mawile, F|item\n|poke|p1|Garchomp, F|item\n|poke|p1|Greninja, M|item\n|poke|p1|Tapu Fini|item\n|poke|p1|Heatran, F|item\n|poke|p1|Zapdos|item\n|poke|p2|Gliscor, M|item\n|poke|p2|Toxapex, M|item\n|poke|p2|Tangrowth, F|item\n|poke|p2|Skarmory, F|item\n|poke|p2|Mew|item\n|poke|p2|Charizard, F|item\n|teampreview\n|\n|start\n|switch|p1a: Greninja|Greninja, M|100\/100\n|switch|p2a: Mew|Mew|100\/100\n|turn|1\n|\n|switch|p2a: Tangrowth|Tangrowth, F|100\/100\n|move|p1a: Greninja|U-turn|p2a: Tangrowth\n|-start|p1a: Greninja|typechange|Bug|[from] Protean\n|-supereffective|p2a: Tangrowth\n|-damage|p2a: Tangrowth|60\/100\n|\n|switch|p1a: Heatran|Heatran, F|100\/100\n|\n|upkeep\n|turn|2\n|\n|switch|p2a: Gliscor|Gliscor, M|100\/100\n|move|p1a: Heatran|Stealth Rock|p2a: Gliscor\n|-sidestart|p2: BigDannyMason|move: Stealth Rock\n|\n|-status|p2a: Gliscor|tox|[from] item: Toxic Orb\n|upkeep\n|turn|3\n|\n|switch|p1a: Zapdos|Zapdos|100\/100\n|move|p2a: Gliscor|Defog|p1a: Zapdos\n|-unboost|p1a: Zapdos|evasion|1\n|-sideend|p2: BigDannyMason|Stealth Rock|[from] move: Defog|[of] p2a: Gliscor\n|\n|upkeep\n|turn|4\n|\n|switch|p2a: Tangrowth|Tangrowth, F|94\/100\n|move|p1a: Zapdos|Volt Switch|p2a: Tangrowth\n|-resisted|p2a: Tangrowth\n|-damage|p2a: Tangrowth|84\/100\n|\n|switch|p1a: Mawile|Mawile, F|100\/100\n|\n|upkeep\n|turn|5\n|\n|switch|p2a: Skarmory|Skarmory, F|100\/100\n|detailschange|p1a: Mawile|Mawile-Mega, F\n|-mega|p1a: Mawile|Mawile|Mawilite\n|move|p1a: Mawile|Swords Dance|p1a: Mawile\n|-boost|p1a: Mawile|atk|2\n|\n|upkeep\n|turn|6\n|\n|move|p1a: Mawile|Play Rough|p2a: Skarmory|[miss]\n|-miss|p1a: Mawile|p2a: Skarmory\n|move|p2a: Skarmory|Whirlwind|p1a: Mawile\n|drag|p1a: Tapu Fini|Tapu Fini|100\/100\n|-fieldstart|move: Misty Terrain|[from] ability: Misty Surge|[of] p1a: Tapu Fini\n|\n|upkeep\n|turn|7\n|\n|switch|p2a: Tangrowth|Tangrowth, F|100\/100\n|move|p1a: Tapu Fini|Taunt|p2a: Tangrowth\n|-start|p2a: Tangrowth|move: Taunt\n|\n|upkeep\n|turn|8\n|\n|switch|p1a: Zapdos|Zapdos|100\/100\n|move|p2a: Tangrowth|Earthquake|p1a: Zapdos\n|-immune|p1a: Zapdos|[msg]\n|\n|upkeep\n|turn|9\n|\n|move|p1a: Zapdos|Heat Wave|p2a: Tangrowth\n|-supereffective|p2a: Tangrowth\n|-damage|p2a: Tangrowth|65\/100\n|move|p2a: Tangrowth|Knock Off|p1a: Zapdos\n|-damage|p1a: Zapdos|85\/100\n|-enditem|p1a: Zapdos|Leftovers|[from] move: Knock Off|[of] p2a: Tangrowth\n|\n|-end|p2a: Tangrowth|move: Taunt\n|upkeep\n|turn|10\n|\n|move|p1a: Zapdos|Volt Switch|p2a: Tangrowth\n|-resisted|p2a: Tangrowth\n|-damage|p2a: Tangrowth|57\/100\n|\n|switch|p1a: Greninja|Greninja, M|100\/100\n|move|p2a: Tangrowth|Earthquake|p1a: Greninja\n|-crit|p1a: Greninja\n|-damage|p1a: Greninja|34\/100\n|\n|-fieldend|Misty Terrain\n|upkeep\n|turn|11\n|\n|move|p1a: Greninja|U-turn|p2a: Tangrowth\n|-start|p1a: Greninja|typechange|Bug|[from] Protean\n|-supereffective|p2a: Tangrowth\n|-damage|p2a: Tangrowth|17\/100\n|\n|switch|p1a: Zapdos|Zapdos|85\/100\n|move|p2a: Tangrowth|Earthquake|p1a: Zapdos\n|-immune|p1a: Zapdos|[msg]\n|\n|upkeep\n|turn|12\n|\n|switch|p2a: Mew|Mew|100\/100\n|move|p1a: Zapdos|Volt Switch|p2a: Mew\n|-damage|p2a: Mew|75\/100\n|\n|switch|p1a: Greninja|Greninja, M|34\/100\n|\n|-heal|p2a: Mew|81\/100|[from] item: Leftovers\n|upkeep\n|turn|13\n|\n|switch|p2a: Skarmory|Skarmory, F|100\/100\n|move|p1a: Greninja|U-turn|p2a: Skarmory\n|-start|p1a: Greninja|typechange|Bug|[from] Protean\n|-resisted|p2a: Skarmory\n|-damage|p2a: Skarmory|96\/100\n|-damage|p1a: Greninja|17\/100|[from] item: Rocky Helmet|[of] p2a: Skarmory\n|\n|switch|p1a: Heatran|Heatran, F|100\/100\n|\n|upkeep\n|turn|14\n|\n|switch|p2a: Gliscor|Gliscor, M|100\/100 tox\n|move|p1a: Heatran|Stealth Rock|p2a: Gliscor\n|-sidestart|p2: BigDannyMason|move: Stealth Rock\n|\n|upkeep\n|turn|15\n|\n|switch|p1a: Zapdos|Zapdos|85\/100\n|move|p2a: Gliscor|Defog|p1a: Zapdos\n|-unboost|p1a: Zapdos|evasion|1\n|-sideend|p2: BigDannyMason|Stealth Rock|[from] move: Defog|[of] p2a: Gliscor\n|\n|upkeep\n|turn|16\n|\n|switch|p2a: Tangrowth|Tangrowth, F|50\/100\n|move|p1a: Zapdos|Hidden Power|p2a: Tangrowth\n|-supereffective|p2a: Tangrowth\n|-damage|p2a: Tangrowth|30\/100\n|\n|upkeep\n|turn|17\n|\n|switch|p2a: Gliscor|Gliscor, M|100\/100 tox\n|move|p1a: Zapdos|Heat Wave|p2a: Gliscor\n|-damage|p2a: Gliscor|73\/100 tox\n|\n|-heal|p2a: Gliscor|85\/100 tox|[from] ability: Poison Heal\n|upkeep\n|turn|18\n|\n|switch|p2a: Tangrowth|Tangrowth, F|64\/100\n|move|p1a: Zapdos|Hidden Power|p2a: Tangrowth\n|-supereffective|p2a: Tangrowth\n|-damage|p2a: Tangrowth|42\/100\n|\n|upkeep\n|turn|19\n|\n|switch|p2a: Mew|Mew|81\/100\n|move|p1a: Zapdos|Volt Switch|p2a: Mew\n|-damage|p2a: Mew|58\/100\n|\n|switch|p1a: Greninja|Greninja, M|17\/100\n|\n|-heal|p2a: Mew|64\/100|[from] item: Leftovers\n|upkeep\n|turn|20\n|\n|switch|p2a: Toxapex|Toxapex, M|100\/100\n|move|p1a: Greninja|Ice Beam|p2a: Toxapex\n|-start|p1a: Greninja|typechange|Ice|[from] Protean\n|-resisted|p2a: Toxapex\n|-damage|p2a: Toxapex|91\/100\n|\n|-heal|p2a: Toxapex|97\/100|[from] item: Black Sludge\n|upkeep\n|turn|21\n|\n|switch|p1a: Tapu Fini|Tapu Fini|100\/100\n|-fieldstart|move: Misty Terrain|[from] ability: Misty Surge|[of] p1a: Tapu Fini\n|move|p2a: Toxapex|Scald|p1a: Tapu Fini\n|-resisted|p1a: Tapu Fini\n|-damage|p1a: Tapu Fini|94\/100\n|\n|-heal|p1a: Tapu Fini|100\/100|[from] item: Leftovers\n|-heal|p2a: Toxapex|100\/100|[from] item: Black Sludge\n|upkeep\n|turn|22\n|\n|switch|p2a: Tangrowth|Tangrowth, F|75\/100\n|move|p1a: Tapu Fini|Taunt|p2a: Tangrowth\n|-start|p2a: Tangrowth|move: Taunt\n|\n|upkeep\n|turn|23\n|\n|switch|p1a: Zapdos|Zapdos|85\/100\n|switch|p2a: Mew|Mew|64\/100\n|\n|-heal|p2a: Mew|70\/100|[from] item: Leftovers\n|upkeep\n|turn|24\n|\n|switch|p1a: Heatran|Heatran, F|100\/100\n|move|p2a: Mew|Stealth Rock|p1a: Heatran\n|-sidestart|p1: CarlyBae|move: Stealth Rock\n|\n|-heal|p2a: Mew|77\/100|[from] item: Leftovers\n|upkeep\n|turn|25\n|\n|move|p2a: Mew|Earthquake|p1a: Heatran\n|-supereffective|p1a: Heatran\n|-damage|p1a: Heatran|28\/100\n|move|p1a: Heatran|Stealth Rock|p2a: Mew\n|-sidestart|p2: BigDannyMason|move: Stealth Rock\n|\n|-heal|p2a: Mew|83\/100|[from] item: Leftovers\n|-heal|p1a: Heatran|34\/100|[from] item: Leftovers\n|-fieldend|Misty Terrain\n|upkeep\n|turn|26\n|\n|switch|p1a: Tapu Fini|Tapu Fini|100\/100\n|-damage|p1a: Tapu Fini|88\/100|[from] Stealth Rock\n|-fieldstart|move: Misty Terrain|[from] ability: Misty Surge|[of] p1a: Tapu Fini\n|move|p2a: Mew|Will-O-Wisp|p1a: Tapu Fini\n|-activate|p1a: Tapu Fini|move: Misty Terrain\n|\n|-heal|p2a: Mew|89\/100|[from] item: Leftovers\n|-heal|p1a: Tapu Fini|94\/100|[from] item: Leftovers\n|upkeep\n|turn|27\n|\n|switch|p2a: Tangrowth|Tangrowth, F|100\/100\n|-damage|p2a: Tangrowth|88\/100|[from] Stealth Rock\n|switch|p1a: Garchomp|Garchomp, F|100\/100\n|-damage|p1a: Garchomp|94\/100|[from] Stealth Rock\n|\n|upkeep\n|turn|28\n|\n|move|p1a: Garchomp|Swords Dance|p1a: Garchomp\n|-boost|p1a: Garchomp|atk|2\n|move|p2a: Tangrowth|Giga Drain|p1a: Garchomp\n|-damage|p1a: Garchomp|65\/100\n|-heal|p2a: Tangrowth|100\/100|[from] drain|[of] p1a: Garchomp\n|\n|upkeep\n|turn|29\n|\n|switch|p2a: Skarmory|Skarmory, F|96\/100\n|-damage|p2a: Skarmory|84\/100|[from] Stealth Rock\n|move|p1a: Garchomp|Swords Dance|p1a: Garchomp\n|-boost|p1a: Garchomp|atk|2\n|\n|upkeep\n|turn|30\n|\n|-zpower|p1a: Garchomp\n|move|p1a: Garchomp|Devastating Drake|p2a: Skarmory|[zeffect]\n|-resisted|p2a: Skarmory\n|-damage|p2a: Skarmory|0 fnt\n|faint|p2a: Skarmory\n|\n|-fieldend|Misty Terrain\n|upkeep\n|-message|BigDannyMason forfeited.\n|\n|win|CarlyBae\n|l|\u2606BigDannyMason\n|raw|CarlyBae's rating: 1590 &rarr; <strong>1610<\/strong><br \/>(+20 for winning)\n|raw|BigDannyMason's rating: 1601 &rarr; <strong>1580<\/strong><br \/>(-21 for losing)\n|c|\u2606CarlyBae|GG\n|c|\u2606CarlyBae|\/log CarlyBae made this room public.\n","uploadtime":1540508147,"views":14,"p1id":"carlybae","p2id":"bigdannymason","formatid":"gen7ou","rating":1580,"private":0,"password":null}