{"id":"gen7ou-775734397","p1":"SMxVale","p2":"Maman de Guprei","format":"gen7ou","log":"|j|\u2606SMxVale\n|j|\u2606Maman de Guprei\n|player|p1|SMxVale|1\n|player|p2|Maman de Guprei|31\n|teamsize|p1|6\n|teamsize|p2|6\n|gametype|singles\n|gen|7\n|tier|[Gen 7] OU\n|rated|\n|rule|Sleep Clause Mod: Limit one foe put to sleep\n|rule|Species Clause: Limit one of each Pok\u00e9mon\n|rule|OHKO Clause: OHKO moves are banned\n|rule|Moody Clause: Moody is banned\n|rule|Evasion Moves Clause: Evasion moves are banned\n|rule|Endless Battle Clause: Forcing endless battles is banned\n|rule|HP Percentage Mod: HP is shown in percentages\n|clearpoke\n|poke|p1|Latios, M|item\n|poke|p1|Magearna|item\n|poke|p1|Landorus-Therian, M|item\n|poke|p1|Tapu Fini|item\n|poke|p1|Excadrill, F|item\n|poke|p1|Greninja, M|item\n|poke|p2|Scizor, F|item\n|poke|p2|Zapdos|item\n|poke|p2|Chansey, F|item\n|poke|p2|Zygarde|item\n|poke|p2|Ditto|item\n|poke|p2|Toxapex, F|item\n|teampreview\n|inactive|Battle timer is ON: inactive players will automatically lose when time's up. (requested by Maman de Guprei)\n|j| spookylink\n|\n|start\n|switch|p1a: Tapu Fini|Tapu Fini|100\/100\n|switch|p2a: Scizor|Scizor, F|100\/100\n|-fieldstart|move: Misty Terrain|[from] ability: Misty Surge|[of] p1a: Tapu Fini\n|turn|1\n|\n|detailschange|p2a: Scizor|Scizor-Mega, F\n|-mega|p2a: Scizor|Scizor|Scizorite\n|move|p1a: Tapu Fini|Nature's Madness|p2a: Scizor\n|-damage|p2a: Scizor|51\/100\n|move|p2a: Scizor|U-turn|p1a: Tapu Fini\n|-resisted|p1a: Tapu Fini\n|-damage|p1a: Tapu Fini|89\/100\n|\n|switch|p2a: Zapdos|Zapdos|100\/100\n|\n|-heal|p1a: Tapu Fini|95\/100|[from] item: Leftovers\n|upkeep\n|turn|2\n|\n|switch|p1a: Excadrill|Excadrill, F|100\/100\n|move|p2a: Zapdos|Heat Wave|p1a: Excadrill\n|-supereffective|p1a: Excadrill\n|-damage|p1a: Excadrill|51\/100\n|\n|-heal|p1a: Excadrill|57\/100|[from] item: Leftovers\n|upkeep\n|turn|3\n|inactive|SMxVale has 135 seconds left.\n|inactive|SMxVale has 120 seconds left.\n|\n|switch|p2a: Scizor|Scizor-Mega, F|51\/100\n|switch|p1a: Latios|Latios, M|100\/100\n|\n|upkeep\n|turn|4\n|inactive|Maman de Guprei has 135 seconds left.\n|inactive|SMxVale has 135 seconds left.\n|\n|switch|p1a: Tapu Fini|Tapu Fini|95\/100\n|switch|p2a: Chansey|Chansey, F|100\/100\n|\n|-heal|p1a: Tapu Fini|100\/100|[from] item: Leftovers\n|upkeep\n|turn|5\n|inactive|Maman de Guprei has 135 seconds left.\n|\n|switch|p2a: Zapdos|Zapdos|100\/100\n|move|p1a: Tapu Fini|Nature's Madness|p2a: Zapdos\n|-damage|p2a: Zapdos|51\/100\n|\n|-fieldend|Misty Terrain\n|upkeep\n|turn|6\n|inactive|SMxVale has 135 seconds left.\n|\n|switch|p1a: Magearna|Magearna|100\/100\n|move|p2a: Zapdos|Heat Wave|p1a: Magearna\n|-supereffective|p1a: Magearna\n|-damage|p1a: Magearna|72\/100\n|-status|p1a: Magearna|brn\n|\n|-damage|p1a: Magearna|66\/100 brn|[from] brn\n|upkeep\n|turn|7\n|\n|switch|p2a: Chansey|Chansey, F|100\/100\n|move|p1a: Magearna|Volt Switch|p2a: Chansey\n|-damage|p2a: Chansey|94\/100\n|\n|switch|p1a: Tapu Fini|Tapu Fini|100\/100\n|-fieldstart|move: Misty Terrain|[from] ability: Misty Surge|[of] p1a: Tapu Fini\n|\n|upkeep\n|turn|8\n|inactive|SMxVale has 135 seconds left.\n|inactive|Maman de Guprei has 135 seconds left.\n|inactive|Maman de Guprei has 120 seconds left.\n|\n|move|p1a: Tapu Fini|Taunt|p2a: Chansey\n|-start|p2a: Chansey|move: Taunt\n|move|p2a: Chansey|Seismic Toss|p1a: Tapu Fini\n|-damage|p1a: Tapu Fini|71\/100\n|\n|-heal|p1a: Tapu Fini|77\/100|[from] item: Leftovers\n|upkeep\n|turn|9\n|\n|switch|p2a: Toxapex|Toxapex, F|100\/100\n|move|p1a: Tapu Fini|Nature's Madness|p2a: Toxapex\n|-damage|p2a: Toxapex|51\/100\n|\n|-heal|p1a: Tapu Fini|84\/100|[from] item: Leftovers\n|-heal|p2a: Toxapex|57\/100|[from] item: Black Sludge\n|upkeep\n|turn|10\n|inactive|Maman de Guprei has 135 seconds left.\n|inactive|Maman de Guprei has 120 seconds left.\n|inactive|Maman de Guprei has 105 seconds left.\n|inactive|Maman de Guprei has 90 seconds left.\n|c|\u2606SMxVale|click smth\n|inactive|Maman de Guprei has 75 seconds left.\n|inactive|SMxVale has 135 seconds left.\n|\n|switch|p1a: Latios|Latios, M|100\/100\n|move|p2a: Toxapex|Toxic Spikes|p1a: Latios\n|-sidestart|p1: SMxVale|move: Toxic Spikes\n|\n|-heal|p2a: Toxapex|63\/100|[from] item: Black Sludge\n|upkeep\n|turn|11\n|inactive|SMxVale has 135 seconds left.\n|inactive|SMxVale has 120 seconds left.\n|inactive|SMxVale has 105 seconds left.\n|inactive|SMxVale has 90 seconds left.\n|inactive|SMxVale has 75 seconds left.\n|\n|switch|p1a: Tapu Fini|Tapu Fini|84\/100\n|switch|p2a: Chansey|Chansey, F|94\/100\n|\n|-heal|p1a: Tapu Fini|90\/100|[from] item: Leftovers\n|-fieldend|Misty Terrain\n|upkeep\n|turn|12\n|inactive|SMxVale has 120 seconds left.\n|\n|switch|p2a: Zapdos|Zapdos|51\/100\n|move|p1a: Tapu Fini|Defog|p2a: Zapdos\n|-unboost|p2a: Zapdos|evasion|1\n|-sideend|p1: SMxVale|Toxic Spikes|[from] move: Defog|[of] p1a: Tapu Fini\n|\n|-heal|p1a: Tapu Fini|96\/100|[from] item: Leftovers\n|upkeep\n|turn|13\n|inactive|SMxVale has 120 seconds left.\n|\n|switch|p1a: Latios|Latios, M|100\/100\n|move|p2a: Zapdos|Thunderbolt|p1a: Latios\n|-resisted|p1a: Latios\n|-damage|p1a: Latios|69\/100\n|\n|upkeep\n|turn|14\n|inactive|SMxVale has 120 seconds left.\n|\n|switch|p1a: Landorus|Landorus-Therian, M|100\/100\n|-ability|p1a: Landorus|Intimidate|boost\n|-unboost|p2a: Zapdos|atk|1\n|switch|p2a: Chansey|Chansey, F|94\/100\n|\n|upkeep\n|turn|15\n|inactive|Maman de Guprei has 135 seconds left.\n|\n|move|p1a: Landorus|Stealth Rock|p2a: Chansey\n|-sidestart|p2: Maman de Guprei|move: Stealth Rock\n|move|p2a: Chansey|Wish|p2a: Chansey\n|\n|upkeep\n|turn|16\n|inactive|SMxVale has 120 seconds left.\n|inactive|SMxVale has 105 seconds left.\n|\n|switch|p2a: Scizor|Scizor-Mega, F|51\/100\n|-damage|p2a: Scizor|38\/100|[from] Stealth Rock\n|move|p1a: Landorus|U-turn|p2a: Scizor\n|-resisted|p2a: Scizor\n|-damage|p2a: Scizor|32\/100\n|inactive|SMxVale has 105 seconds left.\n|\n|switch|p1a: Tapu Fini|Tapu Fini|96\/100\n|-fieldstart|move: Misty Terrain|[from] ability: Misty Surge|[of] p1a: Tapu Fini\n|\n|-heal|p2a: Scizor|100\/100|[from] move: Wish|[wisher] Chansey\n|-heal|p1a: Tapu Fini|100\/100|[from] item: Leftovers\n|upkeep\n|turn|17\n|\n|move|p1a: Tapu Fini|Taunt|p2a: Scizor\n|-start|p2a: Scizor|move: Taunt\n|move|p2a: Scizor|U-turn|p1a: Tapu Fini\n|-resisted|p1a: Tapu Fini\n|-damage|p1a: Tapu Fini|90\/100\n|\n|switch|p2a: Zapdos|Zapdos|51\/100\n|-damage|p2a: Zapdos|26\/100|[from] Stealth Rock\n|\n|-heal|p1a: Tapu Fini|96\/100|[from] item: Leftovers\n|upkeep\n|turn|18\n|\n|move|p2a: Zapdos|Thunderbolt|p1a: Tapu Fini\n|-supereffective|p1a: Tapu Fini\n|-damage|p1a: Tapu Fini|19\/100\n|move|p1a: Tapu Fini|Moonblast|p2a: Zapdos\n|-damage|p2a: Zapdos|0 fnt\n|faint|p2a: Zapdos\n|\n|-heal|p1a: Tapu Fini|25\/100|[from] item: Leftovers\n|upkeep\n|\n|switch|p2a: Zygarde|Zygarde|100\/100\n|-damage|p2a: Zygarde|94\/100|[from] Stealth Rock\n|-ability|p2a: Zygarde|Aura Break\n|turn|19\n|\n|switch|p1a: Greninja|Greninja, M|100\/100\n|move|p2a: Zygarde|Thousand Arrows|p1a: Greninja\n|-damage|p1a: Greninja|33\/100\n|\n|-heal|p2a: Zygarde|100\/100|[from] item: Leftovers\n|upkeep\n|turn|20\n|inactive|SMxVale has 135 seconds left.\n|inactive|Maman de Guprei has 135 seconds left.\n|\n|switch|p2a: Chansey|Chansey, F|94\/100\n|-damage|p2a: Chansey|82\/100|[from] Stealth Rock\n|move|p1a: Greninja|Spikes|p2a: Chansey\n|-start|p1a: Greninja|typechange|Ground|[from] Protean\n|-sidestart|p2: Maman de Guprei|Spikes\n|\n|-fieldend|Misty Terrain\n|upkeep\n|turn|21\n|n| y-drazirahc|spookylink\n|inactive|SMxVale has 120 seconds left.\n|\n|switch|p1a: Latios|Latios, M|69\/100\n|move|p2a: Chansey|Wish|p2a: Chansey\n|\n|upkeep\n|turn|22\n|inactive|SMxVale has 105 seconds left.\n|inactive|SMxVale has 90 seconds left.\n|\n|switch|p2a: Scizor|Scizor-Mega, F|100\/100\n|-damage|p2a: Scizor|88\/100|[from] Spikes\n|-damage|p2a: Scizor|76\/100|[from] Stealth Rock\n|detailschange|p1a: Latios|Latios-Mega, M\n|-mega|p1a: Latios|Latios|Latiosite\n|move|p1a: Latios|Hidden Power|p2a: Scizor\n|-supereffective|p2a: Scizor\n|-crit|p2a: Scizor\n|-damage|p2a: Scizor|0 fnt\n|faint|p2a: Scizor\n|\n|upkeep\n|-message|Maman de Guprei forfeited.\n|\n|win|SMxVale\n|l|\u2606Maman de Guprei\n|raw|SMxVale's rating: 1733 &rarr; <strong>1756<\/strong><br \/>(+23 for winning)\n|raw|Maman de Guprei's rating: 1782 &rarr; <strong>1759<\/strong><br \/>(-23 for losing)\n|l|\u2606SMxVale\n","inputlog":null,"uploadtime":1531587087,"views":12,"p1id":"smxvale","p2id":"mamandeguprei","formatid":"gen7ou","rating":1756,"private":0,"password":null}