{"id":"gen7ou-924527922","p1":"Bustbones","p2":"Candice","format":"gen7ou","log":"|j|\u2606Bustbones\n|j|\u2606Candice\n|player|p1|Bustbones|200\n|player|p2|Candice|36\n|teamsize|p1|6\n|teamsize|p2|6\n|gametype|singles\n|gen|7\n|tier|[Gen 7] OU\n|rated|\n|rule|Sleep Clause Mod: Limit one foe put to sleep\n|rule|Species Clause: Limit one of each Pok\u00e9mon\n|rule|OHKO Clause: OHKO moves are banned\n|rule|Moody Clause: Moody is banned\n|rule|Evasion Moves Clause: Evasion moves are banned\n|rule|Endless Battle Clause: Forcing endless battles is banned\n|rule|HP Percentage Mod: HP is shown in percentages\n|clearpoke\n|poke|p1|Alakazam, F|item\n|poke|p1|Tapu Lele|item\n|poke|p1|Kartana|item\n|poke|p1|Greninja, M|item\n|poke|p1|Landorus-Therian, M|item\n|poke|p1|Magearna|item\n|poke|p2|Landorus-Therian, M|item\n|poke|p2|Zeraora|item\n|poke|p2|Diancie|item\n|poke|p2|Mimikyu, M|item\n|poke|p2|Zapdos|item\n|poke|p2|Magearna|item\n|teampreview\n|\n|start\n|switch|p1a: Mufasa|Landorus-Therian, M, shiny|381\/381\n|switch|p2a: Diancie|Diancie|241\/241\n|-ability|p1a: Mufasa|Intimidate|boost\n|-fail|p2a: Diancie|unboost|[from] ability: Clear Body|[of] p2a: Diancie\n|turn|1\n|inactive|Battle timer is ON: inactive players will automatically lose when time's up. (requested by Bustbones)\n|\n|detailschange|p2a: Diancie|Diancie-Mega\n|-mega|p2a: Diancie|Diancie|Diancite\n|move|p2a: Diancie|Protect|p2a: Diancie\n|-singleturn|p2a: Diancie|Protect\n|move|p1a: Mufasa|Earthquake|p2a: Diancie\n|-activate|p2a: Diancie|move: Protect\n|\n|upkeep\n|turn|2\n|\n|switch|p2a: Zapdos|Zapdos|383\/383\n|-ability|p2a: Zapdos|Pressure\n|move|p1a: Mufasa|Earthquake|p2a: Zapdos\n|-immune|p2a: Zapdos\n|\n|upkeep\n|turn|3\n|\n|move|p2a: Zapdos|Discharge|p1a: Mufasa\n|-immune|p1a: Mufasa\n|move|p1a: Mufasa|Stealth Rock|p2a: Zapdos\n|-sidestart|p2: Candice|move: Stealth Rock\n|\n|upkeep\n|turn|4\n|\n|move|p2a: Zapdos|Hidden Power|p1a: Mufasa\n|-supereffective|p1a: Mufasa\n|-damage|p1a: Mufasa|105\/381\n|move|p1a: Mufasa|Hidden Power|p2a: Zapdos\n|-supereffective|p2a: Zapdos\n|-damage|p2a: Zapdos|277\/383\n|\n|-heal|p2a: Zapdos|300\/383|[from] item: Leftovers\n|upkeep\n|turn|5\n|\n|move|p2a: Zapdos|Discharge|p1a: Mufasa\n|-immune|p1a: Mufasa\n|move|p1a: Mufasa|U-turn|p2a: Zapdos\n|-resisted|p2a: Zapdos\n|-damage|p2a: Zapdos|266\/383\n|\n|switch|p1a: Faith|Tapu Lele|281\/281\n|-fieldstart|move: Psychic Terrain|[from] ability: Psychic Surge|[of] p1a: Faith\n|\n|-heal|p2a: Zapdos|289\/383|[from] item: Leftovers\n|upkeep\n|turn|6\n|\n|switch|p2a: Magearna|Magearna|363\/363\n|-damage|p2a: Magearna|341\/363|[from] Stealth Rock\n|move|p1a: Faith|Psyshock|p2a: Magearna\n|-resisted|p2a: Magearna\n|-crit|p2a: Magearna\n|-damage|p2a: Magearna|210\/363\n|\n|-heal|p2a: Magearna|232\/363|[from] item: Leftovers\n|upkeep\n|turn|7\n|\n|-zpower|p1a: Faith\n|move|p1a: Faith|Shattered Psyche|p2a: Magearna|[zeffect]\n|-resisted|p2a: Magearna\n|-damage|p2a: Magearna|57\/363\n|move|p2a: Magearna|Flash Cannon|p1a: Faith\n|-supereffective|p1a: Faith\n|-damage|p1a: Faith|51\/281\n|-unboost|p1a: Faith|spd|1\n|\n|-heal|p2a: Magearna|79\/363|[from] item: Leftovers\n|upkeep\n|turn|8\n|\n|move|p1a: Faith|Hidden Power|p2a: Magearna\n|-supereffective|p2a: Magearna\n|-damage|p2a: Magearna|0 fnt\n|faint|p2a: Magearna\n|\n|upkeep\n|\n|switch|p2a: Diancie|Diancie-Mega|241\/241\n|-damage|p2a: Diancie|211\/241|[from] Stealth Rock\n|turn|9\n|\n|move|p2a: Diancie|Hidden Power|p1a: Faith\n|-damage|p1a: Faith|0 fnt\n|faint|p1a: Faith\n|\n|-fieldend|move: Psychic Terrain\n|upkeep\n|\n|switch|p1a: Slasher|Kartana, shiny|259\/259\n|turn|10\n|\n|switch|p2a: Zapdos|Zapdos|289\/383\n|-damage|p2a: Zapdos|194\/383|[from] Stealth Rock\n|-ability|p2a: Zapdos|Pressure\n|move|p1a: Slasher|Knock Off|p2a: Zapdos\n|-damage|p2a: Zapdos|65\/383\n|-enditem|p2a: Zapdos|Leftovers|[from] move: Knock Off|[of] p1a: Slasher\n|\n|upkeep\n|turn|11\n|\n|switch|p2a: Landorus|Landorus-Therian, M|319\/319\n|-damage|p2a: Landorus|280\/319|[from] Stealth Rock\n|-ability|p2a: Landorus|Intimidate|boost\n|-unboost|p1a: Slasher|atk|1\n|move|p1a: Slasher|Knock Off|p2a: Landorus\n|-damage|p2a: Landorus|213\/319\n|\n|upkeep\n|turn|12\n|\n|switch|p1a: Mufasa|Landorus-Therian, M, shiny|105\/381\n|-ability|p1a: Mufasa|Intimidate|boost\n|-unboost|p2a: Landorus|atk|1\n|move|p2a: Landorus|Stealth Rock|p1a: Mufasa\n|-sidestart|p1: Bustbones|move: Stealth Rock\n|\n|upkeep\n|turn|13\n|\n|move|p2a: Landorus|Fly||[still]\n|-prepare|p2a: Landorus|Fly|p1a: Mufasa\n|move|p1a: Mufasa|Hidden Power|p2a: Landorus|[miss]\n|-miss|p1a: Mufasa|p2a: Landorus\n|\n|upkeep\n|turn|14\n|\n|move|p2a: Landorus|Fly|p1a: Mufasa|[from]lockedmove\n|-damage|p1a: Mufasa|9\/381\n|-damage|p2a: Landorus|160\/319|[from] item: Rocky Helmet|[of] p1a: Mufasa\n|move|p1a: Mufasa|Hidden Power|p2a: Landorus\n|-supereffective|p2a: Landorus\n|-damage|p2a: Landorus|0 fnt\n|faint|p2a: Landorus\n|\n|upkeep\n|\n|switch|p2a: Diancie|Diancie-Mega|211\/241\n|-damage|p2a: Diancie|181\/241|[from] Stealth Rock\n|turn|15\n|\n|move|p2a: Diancie|Moonblast|p1a: Mufasa\n|-damage|p1a: Mufasa|0 fnt\n|faint|p1a: Mufasa\n|\n|upkeep\n|\n|switch|p1a: Slasher|Kartana, shiny|259\/259\n|-damage|p1a: Slasher|243\/259|[from] Stealth Rock\n|turn|16\n|\n|switch|p2a: Zapdos|Zapdos|65\/383\n|-damage|p2a: Zapdos|0 fnt|[from] Stealth Rock\n|faint|p2a: Zapdos\n|move|p1a: Slasher|Leaf Blade|p2: Zapdos|[notarget]\n|-fail|p1a: Slasher\n|\n|upkeep\n|\n|switch|p2a: Zeraora|Zeraora|317\/317\n|-damage|p2a: Zeraora|278\/317|[from] Stealth Rock\n|turn|17\n|\n|move|p1a: Slasher|Leaf Blade|p2a: Zeraora\n|-damage|p2a: Zeraora|10\/317\n|move|p2a: Zeraora|Close Combat|p1a: Slasher\n|-supereffective|p1a: Slasher\n|-damage|p1a: Slasher|0 fnt\n|-unboost|p2a: Zeraora|def|1\n|-unboost|p2a: Zeraora|spd|1\n|-damage|p2a: Zeraora|0 fnt|[from] item: Life Orb\n|faint|p1a: Slasher\n|faint|p2a: Zeraora\n|\n|upkeep\n|\n|switch|p2a: Mimikyu|Mimikyu, M|251\/251\n|switch|p1a: Alice Android|Magearna|363\/363\n|-damage|p2a: Mimikyu|220\/251|[from] Stealth Rock\n|-damage|p1a: Alice Android|341\/363|[from] Stealth Rock\n|turn|18\n|\n|move|p2a: Mimikyu|Swords Dance|p2a: Mimikyu\n|-boost|p2a: Mimikyu|atk|2\n|move|p1a: Alice Android|Volt Switch|p2a: Mimikyu\n|-activate|p2a: Mimikyu|ability: Disguise\n|-damage|p2a: Mimikyu|220\/251\n|detailschange|p2a: Mimikyu|Mimikyu-Busted, M\n|\n|switch|p1a: Sonic|Greninja, M|285\/285\n|-damage|p1a: Sonic|250\/285|[from] Stealth Rock\n|\n|upkeep\n|turn|19\n|\n|move|p1a: Sonic|Hydro Pump|p2a: Mimikyu\n|-damage|p2a: Mimikyu|0 fnt\n|faint|p2a: Mimikyu\n|-activate|p1a: Sonic|ability: Battle Bond\n|detailschange|p1a: Sonic|Greninja-Ash, M\n|\n|upkeep\n|-message|Candice forfeited.\n|\n|win|Bustbones\n|l|\u2606Candice\n","uploadtime":1560010237,"views":6,"p1id":"bustbones","p2id":"candice","formatid":"gen7ou","rating":0,"private":0,"password":null}