{"id":"gen7randombattle-1526428132","p1":"Ivyon","p2":"Kg57","format":"gen7randombattle","log":"|j|\u2606Ivyon\n|j|\u2606Kg57\n|t:|1646769110\n|gametype|singles\n|player|p1|Ivyon|blue|1193\n|player|p2|Kg57|170|1117\n|teamsize|p1|6\n|teamsize|p2|6\n|gen|7\n|tier|[Gen 7] Random Battle\n|rated|\n|rule|Sleep Clause Mod: Limit one foe put to sleep\n|rule|HP Percentage Mod: HP is shown in percentages\n|\n|t:|1646769110\n|start\n|switch|p1a: Palkia|Palkia, L76|262\/262\n|switch|p2a: Mew|Mew, L82|298\/298\n|-ability|p1a: Palkia|Pressure\n|turn|1\n|\n|t:|1646769144\n|move|p2a: Mew|Nasty Plot|p2a: Mew\n|-boost|p2a: Mew|spa|2\n|move|p1a: Palkia|Thunder Wave|p2a: Mew\n|-status|p2a: Mew|par\n|-activate|p2a: Mew|ability: Synchronize\n|-status|p1a: Palkia|par\n|\n|upkeep\n|turn|2\n|\n|t:|1646769158\n|cant|p2a: Mew|par\n|cant|p1a: Palkia|par\n|\n|upkeep\n|turn|3\n|\n|t:|1646769163\n|move|p2a: Mew|Psyshock|p1a: Palkia\n|-damage|p1a: Palkia|109\/262 par\n|move|p1a: Palkia|Draco Meteor|p2a: Mew\n|-damage|p2a: Mew|118\/298 par\n|-unboost|p1a: Palkia|spa|2\n|\n|-heal|p2a: Mew|136\/298 par|[from] item: Leftovers\n|upkeep\n|turn|4\n|\n|t:|1646769191\n|switch|p1a: Castform|Castform, F|302\/302\n|move|p2a: Mew|Psyshock|p1a: Castform\n|-damage|p1a: Castform|131\/302\n|\n|-heal|p2a: Mew|154\/298 par|[from] item: Leftovers\n|upkeep\n|turn|5\n|\n|t:|1646769205\n|move|p1a: Castform|Rain Dance|p1a: Castform\n|-weather|RainDance\n|-formechange|p1a: Castform|Castform-Rainy|[msg]|[from] ability: Forecast\n|move|p2a: Mew|Aura Sphere|p1a: Castform\n|-damage|p1a: Castform|29\/302\n|\n|-weather|RainDance|[upkeep]\n|-heal|p2a: Mew|172\/298 par|[from] item: Leftovers\n|upkeep\n|turn|6\n|\n|t:|1646769225\n|switch|p2a: Groudon|Groudon, L76|277\/277\n|-weather|SunnyDay|[from] ability: Drought|[of] p2a: Groudon\n|-formechange|p1a: Castform|Castform-Sunny|[msg]|[from] ability: Forecast\n|-zpower|p1a: Castform\n|move|p1a: Castform|Hydro Vortex|p2a: Groudon|[zeffect]\n|-supereffective|p2a: Groudon\n|-damage|p2a: Groudon|115\/277\n|\n|-weather|SunnyDay|[upkeep]\n|-heal|p2a: Groudon|132\/277|[from] item: Leftovers\n|upkeep\n|turn|7\n|\n|t:|1646769254\n|move|p1a: Castform|Rain Dance|p1a: Castform\n|-weather|RainDance\n|-formechange|p1a: Castform|Castform-Rainy|[msg]|[from] ability: Forecast\n|move|p2a: Groudon|Dragon Claw|p1a: Castform\n|-damage|p1a: Castform|0 fnt\n|faint|p1a: Castform\n|\n|-weather|RainDance|[upkeep]\n|-heal|p2a: Groudon|149\/277|[from] item: Leftovers\n|upkeep\n|\n|t:|1646769260\n|switch|p1a: Palkia|Palkia, L76|109\/262 par\n|-ability|p1a: Palkia|Pressure\n|turn|8\n|\n|t:|1646769267\n|move|p2a: Groudon|Dragon Claw|p1a: Palkia\n|-supereffective|p1a: Palkia\n|-damage|p1a: Palkia|0 fnt\n|faint|p1a: Palkia\n|\n|-weather|RainDance|[upkeep]\n|-heal|p2a: Groudon|166\/277|[from] item: Leftovers\n|upkeep\n|\n|t:|1646769276\n|switch|p1a: Abomasnow|Abomasnow, L86, F|295\/295\n|-weather|Hail|[from] ability: Snow Warning|[of] p1a: Abomasnow\n|turn|9\n|\n|t:|1646769285\n|switch|p2a: Watchog|Watchog, L88, M|249\/249\n|detailschange|p1a: Abomasnow|Abomasnow-Mega, L86, F\n|-mega|p1a: Abomasnow|Abomasnow|Abomasite\n|move|p1a: Abomasnow|Blizzard|p2a: Watchog\n|-damage|p2a: Watchog|74\/249\n|\n|-weather|Hail|[upkeep]\n|-damage|p2a: Watchog|59\/249|[from] Hail\n|-heal|p2a: Watchog|74\/249|[from] item: Leftovers\n|upkeep\n|turn|10\n|\n|t:|1646769296\n|move|p1a: Abomasnow|Ice Shard|p2a: Watchog\n|-damage|p2a: Watchog|2\/249\n|move|p2a: Watchog|Hypnosis|p1a: Abomasnow\n|-status|p1a: Abomasnow|slp|[from] move: Hypnosis\n|\n|-weather|Hail|[upkeep]\n|-damage|p2a: Watchog|0 fnt|[from] Hail\n|faint|p2a: Watchog\n|upkeep\n|\n|t:|1646769308\n|switch|p2a: Ninetales|Ninetales, L84, M|259\/259\n|-weather|SunnyDay|[from] ability: Drought|[of] p2a: Ninetales\n|turn|11\n|\n|t:|1646769316\n|switch|p1a: Marowak|Marowak-Alola, L84, F|238\/238\n|move|p2a: Ninetales|Nasty Plot|p2a: Ninetales\n|-boost|p2a: Ninetales|spa|2\n|\n|-weather|SunnyDay|[upkeep]\n|upkeep\n|turn|12\n|\n|t:|1646769330\n|move|p2a: Ninetales|Fire Blast|p1a: Marowak\n|-resisted|p1a: Marowak\n|-damage|p1a: Marowak|76\/238\n|move|p1a: Marowak|Bonemerang|p2a: Ninetales\n|-supereffective|p2a: Ninetales\n|-damage|p2a: Ninetales|115\/259\n|-supereffective|p2a: Ninetales\n|-damage|p2a: Ninetales|0 fnt\n|faint|p2a: Ninetales\n|-hitcount|p2: Ninetales|2\n|\n|-weather|SunnyDay|[upkeep]\n|upkeep\n|\n|t:|1646769346\n|switch|p2a: Garchomp|Garchomp, L80, M|304\/304\n|turn|13\n|\n|t:|1646769355\n|switch|p1a: Gliscor|Gliscor, L80, F|251\/251\n|detailschange|p2a: Garchomp|Garchomp-Mega, L80, M\n|-mega|p2a: Garchomp|Garchomp|Garchompite\n|move|p2a: Garchomp|Earthquake|p1a: Gliscor\n|-immune|p1a: Gliscor\n|\n|-weather|SunnyDay|[upkeep]\n|-status|p1a: Gliscor|tox|[from] item: Toxic Orb\n|upkeep\n|turn|14\n|\n|t:|1646769367\n|move|p1a: Gliscor|Toxic|p2a: Garchomp\n|-status|p2a: Garchomp|tox\n|move|p2a: Garchomp|Swords Dance|p2a: Garchomp\n|-boost|p2a: Garchomp|atk|2\n|\n|-weather|SunnyDay|[upkeep]\n|-damage|p2a: Garchomp|285\/304 tox|[from] psn\n|upkeep\n|turn|15\n|\n|t:|1646769375\n|move|p1a: Gliscor|Earthquake|p2a: Garchomp\n|-damage|p2a: Garchomp|209\/304 tox\n|move|p2a: Garchomp|Swords Dance|p2a: Garchomp\n|-boost|p2a: Garchomp|atk|2\n|\n|-weather|none\n|-damage|p2a: Garchomp|171\/304 tox|[from] psn\n|upkeep\n|turn|16\n|\n|t:|1646769384\n|move|p1a: Gliscor|Protect|p1a: Gliscor\n|-singleturn|p1a: Gliscor|Protect\n|move|p2a: Garchomp|Stone Edge|p1a: Gliscor\n|-activate|p1a: Gliscor|move: Protect\n|\n|-damage|p2a: Garchomp|114\/304 tox|[from] psn\n|upkeep\n|turn|17\n|\n|t:|1646769393\n|move|p1a: Gliscor|Roost||[still]\n|-fail|p1a: Gliscor|heal\n|move|p2a: Garchomp|Outrage|p1a: Gliscor\n|-damage|p1a: Gliscor|0 fnt\n|faint|p1a: Gliscor\n|\n|-damage|p2a: Garchomp|38\/304 tox|[from] psn\n|upkeep\n|\n|t:|1646769400\n|switch|p1a: Abomasnow|Abomasnow-Mega, L86, F|295\/295 slp\n|-weather|Hail|[from] ability: Snow Warning|[of] p1a: Abomasnow\n|turn|18\n|\n|t:|1646769406\n|cant|p1a: Abomasnow|slp\n|move|p2a: Garchomp|Outrage|p1a: Abomasnow|[from]lockedmove\n|-crit|p1a: Abomasnow\n|-damage|p1a: Abomasnow|0 fnt\n|faint|p1a: Abomasnow\n|-start|p2a: Garchomp|confusion|[fatigue]\n|\n|-weather|Hail|[upkeep]\n|-damage|p2a: Garchomp|19\/304 tox|[from] Hail\n|-damage|p2a: Garchomp|0 fnt|[from] psn\n|faint|p2a: Garchomp\n|upkeep\n|\n|t:|1646769424\n|switch|p2a: Groudon|Groudon, L76|166\/277\n|switch|p1a: Heliolisk|Heliolisk, L86, M|247\/247\n|-weather|SunnyDay|[from] ability: Drought|[of] p2a: Groudon\n|turn|19\n|\n|t:|1646769452\n|move|p1a: Heliolisk|Surf|p2a: Groudon\n|-supereffective|p2a: Groudon\n|-damage|p2a: Groudon|57\/277\n|-damage|p1a: Heliolisk|223\/247|[from] item: Life Orb\n|move|p2a: Groudon|Earthquake|p1a: Heliolisk\n|-supereffective|p1a: Heliolisk\n|-damage|p1a: Heliolisk|0 fnt\n|faint|p1a: Heliolisk\n|\n|-weather|SunnyDay|[upkeep]\n|-heal|p2a: Groudon|74\/277|[from] item: Leftovers\n|upkeep\n|\n|t:|1646769455\n|switch|p1a: Marowak|Marowak-Alola, L84, F|76\/238\n|turn|20\n|\n|t:|1646769465\n|move|p2a: Groudon|Dragon Claw|p1a: Marowak\n|-damage|p1a: Marowak|21\/238\n|move|p1a: Marowak|Flame Charge|p2a: Groudon\n|-damage|p2a: Groudon|0 fnt\n|-boost|p1a: Marowak|spe|1\n|faint|p2a: Groudon\n|\n|-weather|SunnyDay|[upkeep]\n|upkeep\n|\n|t:|1646769480\n|switch|p2a: Mew|Mew, L82|172\/298 par\n|turn|21\n|\n|t:|1646769485\n|move|p1a: Marowak|Shadow Bone|p2a: Mew\n|-supereffective|p2a: Mew\n|-damage|p2a: Mew|0 fnt\n|faint|p2a: Mew\n|\n|-weather|SunnyDay|[upkeep]\n|upkeep\n|\n|t:|1646769491\n|switch|p2a: Carnivine|Carnivine, L88, M|274\/274\n|turn|22\n|\n|t:|1646769497\n|move|p1a: Marowak|Flare Blitz|p2a: Carnivine\n|-supereffective|p2a: Carnivine\n|-damage|p2a: Carnivine|0 fnt\n|faint|p2a: Carnivine\n|\n|win|Ivyon\n|raw|Ivyon's rating: 1193 &rarr; <strong>1213<\/strong><br \/>(+20 for winning)\n|raw|Kg57's rating: 1117 &rarr; <strong>1097<\/strong><br \/>(-20 for losing)\n|l|\u2606Kg57\n","inputlog":">version 394449f088c54b433e874ac95e4a5f190ae695af\n>start {\"formatid\":\"gen7randombattle\",\"seed\":[45896,59538,10528,56932],\"rated\":\"Rated battle\"}\n>player p1 {\"name\":\"Ivyon\",\"avatar\":\"blue\",\"rating\":1193,\"seed\":[59201,23890,42226,2892]}\n>player p2 {\"name\":\"Kg57\",\"avatar\":\"170\",\"rating\":1117,\"seed\":[21163,3206,60096,7290]}\n>p1 move thunderwave\n>p2 move nastyplot\n>p1 move dracometeor\n>p2 move psyshock\n>p1 move dracometeor\n>p2 move psyshock\n>p1 switch 4\n>p2 move psyshock\n>p1 move raindance\n>p2 move aurasphere\n>p1 move hydropump zmove\n>p2 switch 6\n>p1 move raindance\n>p2 move dragonclaw\n>p1 switch 4\n>p1 move hydropump\n>p2 move dragonclaw\n>p1 switch 5\n>p1 move blizzard mega\n>p2 switch 3\n>p1 move iceshard\n>p2 move hypnosis\n>p2 switch 2\n>p1 switch 3\n>p2 move nastyplot\n>p1 move bonemerang\n>p2 move fireblast\n>p2 switch 5\n>p1 switch 2\n>p2 move earthquake mega\n>p1 move toxic\n>p2 move swordsdance\n>p1 move earthquake\n>p2 move swordsdance\n>p1 move protect\n>p2 move stoneedge\n>p1 move roost\n>p2 move outrage\n>p1 switch 3\n>p1 move iceshard\n>p2 move outrage\n>p1 switch 6\n>p2 switch 3\n>p1 move surf\n>p2 move earthquake\n>p1 switch 2\n>p1 move flamecharge\n>p2 move dragonclaw\n>p2 switch 6\n>p1 move shadowbone\n>p2 move psyshock\n>p2 switch 4\n>p1 move flareblitz\n>p2 move knockoff","uploadtime":1646769518,"views":5,"p1id":"ivyon","p2id":"kg57","formatid":"gen7randombattle","rating":1097,"private":0,"password":null}