{"id":"gen7ou-1669914509","p1":"HQSFun","p2":"Diskenth","format":"gen7ou","log":"|j|\u2606HQSFun\n|j|\u2606Diskenth\n|t:|1664111237\n|gametype|singles\n|player|p1|HQSFun|veteranf|1596\n|player|p2|Diskenth|n|1592\n|teamsize|p1|6\n|teamsize|p2|6\n|gen|7\n|tier|[Gen 7] OU\n|rated|\n|rule|Sleep Clause Mod: Limit one foe put to sleep\n|rule|Species Clause: Limit one of each Pok\u00e9mon\n|rule|OHKO Clause: OHKO moves are banned\n|rule|Moody Clause: Moody is banned\n|rule|Evasion Items Clause: Evasion items are banned\n|rule|Evasion Moves Clause: Evasion moves are banned\n|rule|Endless Battle Clause: Forcing endless battles is banned\n|rule|HP Percentage Mod: HP is shown in percentages\n|clearpoke\n|poke|p1|Ditto|item\n|poke|p1|Smeargle, F|item\n|poke|p1|Azumarill, F|item\n|poke|p1|Charizard, M|item\n|poke|p1|Magearna|item\n|poke|p1|Thundurus-Therian, M|item\n|poke|p2|Medicham, F|item\n|poke|p2|Landorus-Therian, M|item\n|poke|p2|Greninja, M|item\n|poke|p2|Tapu Koko|item\n|poke|p2|Hawlucha, F|item\n|poke|p2|Magearna|item\n|teampreview\n|\n|t:|1664111253\n|start\n|switch|p1a: Smeargle|Smeargle, F|100\/100\n|switch|p2a: Medicham|Medicham, F|100\/100\n|turn|1\n|inactive|Battle timer is ON: inactive players will automatically lose when time's up. (requested by Diskenth)\n|\n|t:|1664111257\n|detailschange|p2a: Medicham|Medicham-Mega, F\n|-mega|p2a: Medicham|Medicham|Medichamite\n|move|p1a: Smeargle|Spiky Shield|p1a: Smeargle\n|-singleturn|p1a: Smeargle|move: Protect\n|move|p2a: Medicham|Fake Out|p1a: Smeargle\n|-activate|p1a: Smeargle|move: Protect\n|-damage|p2a: Medicham|88\/100|[from] Spiky Shield|[of] p1a: Smeargle\n|\n|upkeep\n|turn|2\n|\n|t:|1664111263\n|move|p2a: Medicham|High Jump Kick|p1a: Smeargle\n|-supereffective|p1a: Smeargle\n|-enditem|p1a: Smeargle|Focus Sash\n|-damage|p1a: Smeargle|1\/100\n|move|p1a: Smeargle|Sticky Web|p2a: Medicham\n|-sidestart|p2: Diskenth|move: Sticky Web\n|\n|upkeep\n|turn|3\n|\n|t:|1664111269\n|move|p1a: Smeargle|Spiky Shield|p1a: Smeargle\n|-singleturn|p1a: Smeargle|move: Protect\n|move|p2a: Medicham|Zen Headbutt|p1a: Smeargle\n|-activate|p1a: Smeargle|move: Protect\n|-damage|p2a: Medicham|76\/100|[from] Spiky Shield|[of] p1a: Smeargle\n|\n|upkeep\n|turn|4\n|\n|t:|1664111275\n|move|p2a: Medicham|Zen Headbutt|p1a: Smeargle\n|-damage|p1a: Smeargle|0 fnt\n|faint|p1a: Smeargle\n|\n|upkeep\n|\n|t:|1664111294\n|switch|p1a: Ditto|Ditto|100\/100\n|-transform|p1a: Ditto|p2a: Medicham|[from] ability: Imposter\n|turn|5\n|\n|t:|1664111299\n|switch|p2a: Landorus|Landorus-Therian, M|100\/100\n|-ability|p2a: Landorus|Intimidate|boost\n|-unboost|p1a: Ditto|atk|1\n|move|p1a: Ditto|Ice Punch|p2a: Landorus\n|-supereffective|p2a: Landorus\n|-damage|p2a: Landorus|22\/100\n|\n|-heal|p2a: Landorus|28\/100|[from] item: Leftovers\n|upkeep\n|turn|6\n|\n|t:|1664111305\n|switch|p2a: Magearna|Magearna|100\/100\n|-activate|p2a: Magearna|move: Sticky Web\n|-unboost|p2a: Magearna|spe|1\n|move|p1a: Ditto|Ice Punch|p2a: Magearna\n|-resisted|p2a: Magearna\n|-damage|p2a: Magearna|88\/100\n|\n|upkeep\n|turn|7\n|\n|t:|1664111311\n|switch|p1a: Thundurus|Thundurus-Therian, M|100\/100\n|move|p2a: Magearna|Fleur Cannon|p1a: Thundurus\n|-damage|p1a: Thundurus|17\/100\n|-unboost|p2a: Magearna|spa|2\n|-enditem|p1a: Thundurus|Iapapa Berry|[eat]\n|-heal|p1a: Thundurus|67\/100|[from] item: Iapapa Berry\n|\n|upkeep\n|turn|8\n|\n|t:|1664111321\n|move|p1a: Thundurus|Nasty Plot|p1a: Thundurus\n|-boost|p1a: Thundurus|spa|2\n|move|p2a: Magearna|Iron Head|p1a: Thundurus\n|-resisted|p1a: Thundurus\n|-damage|p1a: Thundurus|49\/100\n|\n|upkeep\n|turn|9\n|\n|t:|1664111327\n|move|p1a: Thundurus|Thunderbolt|p2a: Magearna\n|-damage|p2a: Magearna|44\/100\n|move|p2a: Magearna|Fleur Cannon|p1a: Thundurus\n|-damage|p1a: Thundurus|11\/100\n|-unboost|p2a: Magearna|spa|2\n|\n|upkeep\n|turn|10\n|\n|t:|1664111334\n|move|p1a: Thundurus|Thunderbolt|p2a: Magearna\n|-damage|p2a: Magearna|1\/100\n|move|p2a: Magearna|Iron Head|p1a: Thundurus\n|-resisted|p1a: Thundurus\n|-damage|p1a: Thundurus|0 fnt\n|faint|p1a: Thundurus\n|-ability|p2a: Magearna|Soul-Heart|boost\n|-boost|p2a: Magearna|spa|1\n|\n|upkeep\n|\n|t:|1664111355\n|switch|p1a: Charizard|Charizard, M|100\/100\n|turn|11\n|\n|t:|1664111361\n|detailschange|p1a: Charizard|Charizard-Mega-X, M\n|-mega|p1a: Charizard|Charizard|Charizardite X\n|move|p1a: Charizard|Swords Dance|p1a: Charizard\n|-boost|p1a: Charizard|atk|2\n|move|p2a: Magearna|Volt Switch|p1a: Charizard\n|-resisted|p1a: Charizard\n|-damage|p1a: Charizard|96\/100\n|\n|t:|1664111368\n|switch|p2a: Medicham|Medicham-Mega, F|76\/100|[from]move: Volt Switch\n|-activate|p2a: Medicham|move: Sticky Web\n|-unboost|p2a: Medicham|spe|1\n|\n|upkeep\n|turn|12\n|\n|t:|1664111372\n|move|p2a: Medicham|Fake Out|p1a: Charizard\n|-damage|p1a: Charizard|71\/100\n|cant|p1a: Charizard|flinch\n|\n|upkeep\n|turn|13\n|\n|t:|1664111378\n|switch|p2a: Landorus|Landorus-Therian, M|28\/100\n|-ability|p2a: Landorus|Intimidate|boost\n|-unboost|p1a: Charizard|atk|1\n|move|p1a: Charizard|Flame Charge|p2a: Landorus\n|-damage|p2a: Landorus|0 fnt\n|-boost|p1a: Charizard|spe|1\n|faint|p2a: Landorus\n|\n|upkeep\n|\n|t:|1664111384\n|switch|p2a: Medicham|Medicham-Mega, F|76\/100\n|-activate|p2a: Medicham|move: Sticky Web\n|-unboost|p2a: Medicham|spe|1\n|turn|14\n|\n|t:|1664111387\n|move|p2a: Medicham|Fake Out|p1a: Charizard\n|-damage|p1a: Charizard|44\/100\n|cant|p1a: Charizard|flinch\n|\n|upkeep\n|turn|15\n|\n|t:|1664111392\n|move|p1a: Charizard|Flame Charge|p2a: Medicham\n|-damage|p2a: Medicham|1\/100\n|-boost|p1a: Charizard|spe|1\n|move|p2a: Medicham|High Jump Kick|p1a: Charizard\n|-damage|p1a: Charizard|0 fnt\n|faint|p1a: Charizard\n|\n|upkeep\n|j| ido1234567890\n|\n|t:|1664111400\n|switch|p1a: Azumarill|Azumarill, F|100\/100\n|turn|16\n|\n|t:|1664111406\n|move|p2a: Medicham|High Jump Kick|p1a: Azumarill\n|-resisted|p1a: Azumarill\n|-damage|p1a: Azumarill|32\/100\n|-zpower|p1a: Azumarill\n|move|p1a: Azumarill|Z-Belly Drum|p1a: Azumarill|[anim]Belly Drum\n|-heal|p1a: Azumarill|100\/100|[zeffect]\n|-damage|p1a: Azumarill|50\/100\n|-setboost|p1a: Azumarill|atk|6|[from] move: Belly Drum\n|\n|upkeep\n|turn|17\n|\n|t:|1664111415\n|switch|p2a: Magearna|Magearna|1\/100\n|-activate|p2a: Magearna|move: Sticky Web\n|-unboost|p2a: Magearna|spe|1\n|move|p1a: Azumarill|Aqua Jet|p2a: Magearna\n|-damage|p2a: Magearna|0 fnt\n|faint|p2a: Magearna\n|\n|upkeep\n|\n|t:|1664111420\n|switch|p2a: Medicham|Medicham-Mega, F|1\/100\n|-activate|p2a: Medicham|move: Sticky Web\n|-unboost|p2a: Medicham|spe|1\n|turn|18\n|\n|t:|1664111424\n|move|p2a: Medicham|Fake Out|p1a: Azumarill\n|-damage|p1a: Azumarill|23\/100\n|cant|p1a: Azumarill|flinch\n|\n|upkeep\n|turn|19\n|\n|t:|1664111436\n|switch|p2a: Tapu Koko|Tapu Koko|100\/100\n|-activate|p2a: Tapu Koko|move: Sticky Web\n|-unboost|p2a: Tapu Koko|spe|1\n|-fieldstart|move: Electric Terrain|[from] ability: Electric Surge|[of] p2a: Tapu Koko\n|move|p1a: Azumarill|Aqua Jet|p2a: Tapu Koko\n|-damage|p2a: Tapu Koko|0 fnt\n|faint|p2a: Tapu Koko\n|\n|upkeep\n|\n|t:|1664111444\n|switch|p2a: Medicham|Medicham-Mega, F|1\/100\n|-activate|p2a: Medicham|move: Sticky Web\n|-unboost|p2a: Medicham|spe|1\n|turn|20\n|\n|t:|1664111453\n|switch|p1a: Ditto|Ditto|100\/100\n|-transform|p1a: Ditto|p2a: Medicham|[from] ability: Imposter\n|move|p2a: Medicham|Fake Out|p1a: Ditto\n|-damage|p1a: Ditto|68\/100\n|\n|upkeep\n|turn|21\n|\n|t:|1664111477\n|switch|p1a: Azumarill|Azumarill, F|23\/100\n|move|p2a: Medicham|Zen Headbutt|p1a: Azumarill\n|-damage|p1a: Azumarill|0 fnt\n|faint|p1a: Azumarill\n|\n|upkeep\n|inactive|HQSFun has 120 seconds left.\n|\n|t:|1664111495\n|switch|p1a: Magearna|Magearna|100\/100\n|turn|22\n|inactive|HQSFun has 120 seconds left.\n|\n|t:|1664111508\n|move|p1a: Magearna|Thunderbolt|p2a: Medicham\n|-damage|p2a: Medicham|0 fnt\n|faint|p2a: Medicham\n|-ability|p1a: Magearna|Soul-Heart|boost\n|-boost|p1a: Magearna|spa|1\n|\n|upkeep\n|\n|t:|1664111512\n|switch|p2a: Greninja|Greninja, M|100\/100\n|-activate|p2a: Greninja|move: Sticky Web\n|-unboost|p2a: Greninja|spe|1\n|turn|23\n|\n|t:|1664111521\n|-zpower|p2a: Greninja\n|move|p2a: Greninja|Tectonic Rage|p1a: Magearna|[zeffect]\n|-start|p2a: Greninja|typechange|Ground|[from] ability: Protean\n|-supereffective|p1a: Magearna\n|-damage|p1a: Magearna|0 fnt\n|faint|p1a: Magearna\n|\n|-fieldend|move: Electric Terrain\n|upkeep\n|\n|t:|1664111525\n|switch|p1a: Ditto|Ditto|68\/100\n|-transform|p1a: Ditto|p2a: Greninja|[from] ability: Imposter\n|turn|24\n|\n|t:|1664111541\n|move|p1a: Ditto|Ice Beam|p2a: Greninja\n|-start|p1a: Ditto|typechange|Ice|[from] ability: Protean\n|-supereffective|p2a: Greninja\n|-damage|p2a: Greninja|0 fnt\n|faint|p2a: Greninja\n|\n|upkeep\n|\n|t:|1664111544\n|switch|p2a: Hawlucha|Hawlucha, F|100\/100\n|turn|25\n|\n|t:|1664111549\n|move|p1a: Ditto|Ice Beam|p2a: Hawlucha\n|-supereffective|p2a: Hawlucha\n|-damage|p2a: Hawlucha|0 fnt\n|faint|p2a: Hawlucha\n|\n|win|HQSFun\n|raw|HQSFun's rating: 1596 &rarr; <strong>1616<\/strong><br \/>(+20 for winning)\n|raw|Diskenth's rating: 1592 &rarr; <strong>1572<\/strong><br \/>(-20 for losing)\n|l|\u2606Diskenth\n|l| ido1234567890\n","uploadtime":1664111562,"views":4,"p1id":"hqsfun","p2id":"diskenth","formatid":"gen7ou","rating":1572,"private":0,"password":null}