{"id":"gen7ou-855778752","p1":"orangesss","p2":"Pokemns mastr","format":"gen7ou","log":"|j|\u2606orangesss\n|j|\u2606Pokemns mastr\n|player|p1|orangesss|269\n|player|p2|Pokemns mastr|265\n|teamsize|p1|6\n|teamsize|p2|6\n|gametype|singles\n|gen|7\n|tier|[Gen 7] OU\n|rated|\n|rule|Sleep Clause Mod: Limit one foe put to sleep\n|rule|Species Clause: Limit one of each Pok\u00e9mon\n|rule|OHKO Clause: OHKO moves are banned\n|rule|Moody Clause: Moody is banned\n|rule|Evasion Moves Clause: Evasion moves are banned\n|rule|Endless Battle Clause: Forcing endless battles is banned\n|rule|HP Percentage Mod: HP is shown in percentages\n|clearpoke\n|poke|p1|Hawlucha, F|item\n|poke|p1|Swampert, F|item\n|poke|p1|Ferrothorn, F|item\n|poke|p1|Pelipper, M|item\n|poke|p1|Tapu Koko|item\n|poke|p1|Kartana|item\n|poke|p2|Kyurem-Black|item\n|poke|p2|Clefable, M|item\n|poke|p2|Toxapex, M|item\n|poke|p2|Mew|item\n|poke|p2|Lopunny, M|item\n|poke|p2|Heatran, F|item\n|teampreview\n|inactive|Battle timer is ON: inactive players will automatically lose when time's up. (requested by orangesss)\n|inactive|Pokemns mastr also wants the timer to be on.\n|\n|start\n|switch|p1a: Birdman|Tapu Koko|100\/100\n|switch|p2a: Kyurem|Kyurem-Black|100\/100\n|-fieldstart|move: Electric Terrain|[from] ability: Electric Surge|[of] p1a: Birdman\n|-ability|p2a: Kyurem|Teravolt\n|turn|1\n|\n|switch|p2a: Mew|Mew|100\/100\n|-zpower|p1a: Birdman\n|move|p1a: Birdman|Twinkle Tackle|p2a: Mew|[zeffect]\n|-crit|p2a: Mew\n|-damage|p2a: Mew|38\/100\n|\n|-heal|p2a: Mew|44\/100|[from] item: Leftovers\n|upkeep\n|turn|2\n|\n|move|p1a: Birdman|Taunt|p2a: Mew\n|-start|p2a: Mew|move: Taunt\n|cant|p2a: Mew|move: Taunt|Soft-Boiled\n|\n|-heal|p2a: Mew|50\/100|[from] item: Leftovers\n|upkeep\n|turn|3\n|\n|move|p1a: Birdman|Volt Switch|p2a: Mew\n|-damage|p2a: Mew|20\/100\n|\n|switch|p1a: Hate rain :(|Ferrothorn, F|100\/100\n|move|p2a: Mew|Earth Power|p1a: Hate rain :(\n|-damage|p1a: Hate rain :(|84\/100\n|\n|-heal|p2a: Mew|26\/100|[from] item: Leftovers\n|-heal|p1a: Hate rain :(|90\/100|[from] item: Leftovers\n|upkeep\n|turn|4\n|\n|switch|p2a: Heatran|Heatran, F|100\/100\n|move|p1a: Hate rain :(|Gyro Ball|p2a: Heatran\n|-resisted|p2a: Heatran\n|-damage|p2a: Heatran|90\/100\n|\n|-heal|p2a: Heatran|96\/100|[from] item: Leftovers\n|-heal|p1a: Hate rain :(|96\/100|[from] item: Leftovers\n|upkeep\n|turn|5\n|\n|switch|p1a: Nappy love|Pelipper, M|100\/100\n|-weather|RainDance|[from] ability: Drizzle|[of] p1a: Nappy love\n|move|p2a: Heatran|Stealth Rock|p1a: Nappy love\n|-sidestart|p1: orangesss|move: Stealth Rock\n|\n|-weather|RainDance|[upkeep]\n|-heal|p2a: Heatran|100\/100|[from] item: Leftovers\n|-fieldend|move: Electric Terrain\n|upkeep\n|turn|6\n|\n|switch|p2a: Toxapex|Toxapex, M|100\/100\n|move|p1a: Nappy love|Defog|p2a: Toxapex\n|-unboost|p2a: Toxapex|evasion|1\n|-sideend|p1: orangesss|Stealth Rock|[from] move: Defog|[of] p1a: Nappy love\n|\n|-weather|RainDance|[upkeep]\n|upkeep\n|turn|7\n|\n|move|p1a: Nappy love|Scald|p2a: Toxapex\n|-resisted|p2a: Toxapex\n|-damage|p2a: Toxapex|85\/100\n|move|p2a: Toxapex|Toxic Spikes|p1a: Nappy love\n|-sidestart|p1: orangesss|move: Toxic Spikes\n|\n|-weather|RainDance|[upkeep]\n|-heal|p2a: Toxapex|91\/100|[from] item: Black Sludge\n|upkeep\n|turn|8\n|\n|switch|p2a: Kyurem|Kyurem-Black|100\/100\n|-ability|p2a: Kyurem|Teravolt\n|move|p1a: Nappy love|Scald|p2a: Kyurem\n|-resisted|p2a: Kyurem\n|-crit|p2a: Kyurem\n|-damage|p2a: Kyurem|70\/100\n|\n|-weather|RainDance|[upkeep]\n|upkeep\n|turn|9\n|\n|switch|p1a: Hate rain :(|Ferrothorn, F|96\/100\n|-zpower|p2a: Kyurem\n|move|p2a: Kyurem|Subzero Slammer|p1a: Hate rain :(|[zeffect]\n|-damage|p1a: Hate rain :(|22\/100\n|\n|-weather|RainDance|[upkeep]\n|-heal|p1a: Hate rain :(|28\/100|[from] item: Leftovers\n|upkeep\n|turn|10\n|\n|move|p2a: Kyurem|Ice Beam|p1a: Hate rain :(\n|-damage|p1a: Hate rain :(|0 fnt\n|faint|p1a: Hate rain :(\n|\n|-weather|RainDance|[upkeep]\n|upkeep\n|\n|switch|p1a: arsonist|Kartana|100\/100\n|turn|11\n|\n|switch|p1a: Nappy love|Pelipper, M|100\/100\n|switch|p2a: Heatran|Heatran, F|100\/100\n|\n|-weather|RainDance|[upkeep]\n|upkeep\n|turn|12\n|j| fifthpaironus\n|\n|switch|p2a: Kyurem|Kyurem-Black|70\/100\n|-ability|p2a: Kyurem|Teravolt\n|move|p1a: Nappy love|Defog|p2a: Kyurem\n|-unboost|p2a: Kyurem|evasion|1\n|-sideend|p1: orangesss|Toxic Spikes|[from] move: Defog|[of] p1a: Nappy love\n|\n|-weather|none\n|upkeep\n|turn|13\n|\n|switch|p1a: Birdman|Tapu Koko|100\/100\n|-fieldstart|move: Electric Terrain|[from] ability: Electric Surge|[of] p1a: Birdman\n|move|p2a: Kyurem|Ice Beam|p1a: Birdman\n|-damage|p1a: Birdman|40\/100\n|\n|upkeep\n|turn|14\n|\n|move|p1a: Birdman|Dazzling Gleam|p2a: Kyurem\n|-supereffective|p2a: Kyurem\n|-damage|p2a: Kyurem|4\/100\n|move|p2a: Kyurem|Ice Beam|p1a: Birdman\n|-damage|p1a: Birdman|0 fnt\n|faint|p1a: Birdman\n|\n|upkeep\n|j| eddie924\n|\n|switch|p1a: Copypaste|Hawlucha, F|100\/100\n|-enditem|p1a: Copypaste|Electric Seed\n|-boost|p1a: Copypaste|def|1\n|turn|15\n|\n|move|p1a: Copypaste|Acrobatics|p2a: Kyurem\n|-damage|p2a: Kyurem|0 fnt\n|faint|p2a: Kyurem\n|\n|upkeep\n|\n|switch|p2a: Clefable|Clefable, M|100\/100\n|turn|16\n|\n|switch|p1a: Nappy love|Pelipper, M|100\/100\n|-weather|RainDance|[from] ability: Drizzle|[of] p1a: Nappy love\n|move|p2a: Clefable|Moonblast|p1a: Nappy love\n|-damage|p1a: Nappy love|57\/100\n|\n|-weather|RainDance|[upkeep]\n|upkeep\n|turn|17\n|\n|move|p1a: Nappy love|Scald|p2a: Clefable\n|-damage|p2a: Clefable|62\/100\n|move|p2a: Clefable|Calm Mind|p2a: Clefable\n|-boost|p2a: Clefable|spa|1\n|-boost|p2a: Clefable|spd|1\n|\n|-weather|RainDance|[upkeep]\n|-fieldend|move: Electric Terrain\n|upkeep\n|turn|18\n|l| fifthpaironus\n|\n|move|p1a: Nappy love|U-turn|p2a: Clefable\n|-resisted|p2a: Clefable\n|-damage|p2a: Clefable|59\/100\n|\n|switch|p1a: S for Swampert|Swampert, F|100\/100\n|move|p2a: Clefable|Soft-Boiled|p2a: Clefable\n|-heal|p2a: Clefable|100\/100\n|\n|-weather|RainDance|[upkeep]\n|upkeep\n|turn|19\n|\n|detailschange|p1a: S for Swampert|Swampert-Mega, F\n|-mega|p1a: S for Swampert|Swampert|Swampertite\n|move|p1a: S for Swampert|Waterfall|p2a: Clefable\n|-damage|p2a: Clefable|42\/100\n|cant|p2a: Clefable|flinch\n|\n|-weather|RainDance|[upkeep]\n|upkeep\n|turn|20\n|\n|switch|p2a: Toxapex|Toxapex, M|100\/100\n|move|p1a: S for Swampert|Earthquake|p2a: Toxapex\n|-supereffective|p2a: Toxapex\n|-damage|p2a: Toxapex|17\/100\n|\n|-weather|RainDance|[upkeep]\n|-heal|p2a: Toxapex|23\/100|[from] item: Black Sludge\n|upkeep\n|turn|21\n|\n|switch|p2a: Mew|Mew|26\/100\n|move|p1a: S for Swampert|Earthquake|p2a: Mew\n|-damage|p2a: Mew|0 fnt\n|faint|p2a: Mew\n|\n|-weather|RainDance|[upkeep]\n|upkeep\n|\n|switch|p2a: Lopunny|Lopunny, M|100\/100\n|turn|22\n|\n|detailschange|p2a: Lopunny|Lopunny-Mega, M\n|-mega|p2a: Lopunny|Lopunny|Lopunnite\n|move|p2a: Lopunny|Fake Out|p1a: S for Swampert\n|-damage|p1a: S for Swampert|79\/100\n|cant|p1a: S for Swampert|flinch\n|\n|-weather|RainDance|[upkeep]\n|upkeep\n|turn|23\n|\n|move|p1a: S for Swampert|Waterfall|p2a: Lopunny\n|-damage|p2a: Lopunny|0 fnt\n|faint|p2a: Lopunny\n|\n|-weather|none\n|upkeep\n|\n|switch|p2a: Toxapex|Toxapex, M|56\/100\n|turn|24\n|\n|move|p1a: S for Swampert|Earthquake|p2a: Toxapex\n|-supereffective|p2a: Toxapex\n|-damage|p2a: Toxapex|0 fnt\n|faint|p2a: Toxapex\n|\n|upkeep\n|\n|switch|p2a: Clefable|Clefable, M|42\/100\n|turn|25\n|\n|move|p1a: S for Swampert|Earthquake|p2a: Clefable\n|-damage|p2a: Clefable|0 fnt\n|faint|p2a: Clefable\n|\n|upkeep\n|-message|Pokemns mastr forfeited.\n|\n|win|orangesss\n|l|\u2606Pokemns mastr\n|raw|orangesss's rating: 1672 &rarr; <strong>1693<\/strong><br \/>(+21 for winning)\n|raw|Pokemns mastr's rating: 1684 &rarr; <strong>1663<\/strong><br \/>(-21 for losing)\n","uploadtime":1548833599,"views":12,"p1id":"orangesss","p2id":"pokemnsmastr","formatid":"gen7ou","rating":1663,"private":0,"password":null}