{"id":"gen7mixandmega-1663465188","p1":"Faygos","p2":"oaklies","format":"gen7mixandmega","log":"|j|\u2606Faygos\n|j|\u2606oaklies\n|t:|1663095812\n|gametype|singles\n|player|p1|Faygos|102|\n|player|p2|oaklies|beauty-gen4dp|\n|teamsize|p1|6\n|teamsize|p2|6\n|gen|7\n|tier|[Gen 7] Mix and Mega\n|rule|Species Clause: Limit one of each Pok\u00e9mon\n|rule|OHKO Clause: OHKO moves are banned\n|rule|Evasion Moves Clause: Evasion moves are banned\n|rule|Endless Battle Clause: Forcing endless battles is banned\n|rule|Dynamax Clause: You cannot dynamax\n|rule|HP Percentage Mod: HP is shown in percentages\n|rule|Mega Rayquaza Clause: You cannot mega evolve Rayquaza\n|rule|Sleep Clause Mod: Limit one foe put to sleep\n|clearpoke\n|poke|p1|Kartana|item\n|poke|p1|Groudon|item\n|poke|p1|Blissey, F|item\n|poke|p1|Entei|item\n|poke|p1|Noivern, M|item\n|poke|p1|Mew|item\n|poke|p2|Deoxys-Defense|item\n|poke|p2|Zeraora|item\n|poke|p2|Mandibuzz, F|item\n|poke|p2|Jirachi|item\n|poke|p2|Xerneas-*|item\n|poke|p2|Victini|item\n|teampreview\n|inactive|Battle timer is ON: inactive players will automatically lose when time's up. (requested by Faygos)\n|c|\u2606oaklies|gtg after this one\n|c|\u2606Faygos|ok\n|\n|t:|1663095838\n|start\n|switch|p1a: Noivern|Noivern, M|100\/100\n|switch|p2a: Deoxys|Deoxys-Defense|100\/100\n|-item|p2a: Deoxys|Gyaradosite|[from] ability: Frisk|[of] p1a: Noivern|[identify]\n|-ability|p2a: Deoxys|Pressure\n|turn|1\n|\n|t:|1663095850\n|switch|p2a: Jirachi|Jirachi|100\/100\n|detailschange|p1a: Noivern|Noivern, M\n|-mega|p1a: Noivern|Noivern|Salamencite\n|-start|p1a: Noivern|Salamencite|[silent]\n|move|p1a: Noivern|Boomburst|p2a: Jirachi\n|-resisted|p2a: Jirachi\n|-damage|p2a: Jirachi|66\/100\n|\n|upkeep\n|turn|2\n|\n|t:|1663095856\n|detailschange|p2a: Jirachi|Jirachi\n|-mega|p2a: Jirachi|Jirachi|Ampharosite\n|-ability|p2a: Jirachi|Mold Breaker\n|-start|p2a: Jirachi|Ampharosite|[silent]\n|-start|p2a: Jirachi|typechange|Steel\/Dragon|[silent]\n|move|p1a: Noivern|U-turn|p2a: Jirachi\n|-resisted|p2a: Jirachi\n|-damage|p2a: Jirachi|63\/100\n|\n|t:|1663095861\n|-start|p1a: Noivern|Salamencite|[silent]\n|switch|p1a: Groudon|Groudon|100\/100|[from]move: U-turn\n|detailschange|p1a: Groudon|Groudon-Primal\n|-primal|p1a: Groudon\n|-weather|DesolateLand|[from] ability: Desolate Land|[of] p1a: Groudon\n|move|p2a: Jirachi|Wish|p2a: Jirachi\n|\n|-weather|DesolateLand|[upkeep]\n|upkeep\n|turn|3\n|\n|t:|1663095870\n|-start|p2a: Jirachi|Ampharosite|[silent]\n|switch|p2a: Mandibuzz|Mandibuzz, F|100\/100\n|move|p1a: Groudon|Rock Polish|p1a: Groudon\n|-boost|p1a: Groudon|spe|2\n|\n|-weather|DesolateLand|[upkeep]\n|upkeep\n|turn|4\n|\n|t:|1663095874\n|detailschange|p2a: Mandibuzz|Mandibuzz, F\n|-mega|p2a: Mandibuzz|Mandibuzz|Sablenite\n|-start|p2a: Mandibuzz|Sablenite|[silent]\n|move|p1a: Groudon|Fire Blast|p2a: Mandibuzz\n|-damage|p2a: Mandibuzz|57\/100\n|move|p2a: Mandibuzz|Foul Play|p1a: Groudon\n|-damage|p1a: Groudon|54\/100\n|\n|-weather|DesolateLand|[upkeep]\n|upkeep\n|turn|5\n|\n|t:|1663095882\n|-weather|none\n|switch|p1a: Entei|Entei, shiny|100\/100\n|-ability|p1a: Entei|Pressure\n|move|p2a: Mandibuzz|Roost|p2a: Mandibuzz\n|-heal|p2a: Mandibuzz|100\/100\n|-singleturn|p2a: Mandibuzz|move: Roost\n|\n|upkeep\n|turn|6\n|\n|t:|1663095897\n|-start|p2a: Mandibuzz|Sablenite|[silent]\n|switch|p2a: Victini|Victini|100\/100\n|detailschange|p1a: Entei|Entei, shiny\n|-mega|p1a: Entei|Entei|Altarianite\n|-start|p1a: Entei|Altarianite|[silent]\n|-start|p1a: Entei|typechange|Fire\/Fairy|[silent]\n|move|p1a: Entei|Howl|p1a: Entei\n|-boost|p1a: Entei|atk|1\n|\n|upkeep\n|turn|7\n|\n|t:|1663095902\n|detailschange|p2a: Victini|Victini\n|-mega|p2a: Victini|Victini|Aerodactylite\n|-start|p2a: Victini|Aerodactylite|[silent]\n|move|p2a: Victini|Zen Headbutt|p1a: Entei\n|-damage|p1a: Entei|49\/100\n|move|p1a: Entei|Stone Edge|p2a: Victini\n|-supereffective|p2a: Victini\n|-damage|p2a: Victini|0 fnt\n|faint|p2a: Victini\n|\n|upkeep\n|\n|t:|1663095909\n|switch|p2a: Xerneas|Xerneas|100\/100\n|-ability|p2a: Xerneas|Fairy Aura\n|turn|8\n|\n|t:|1663095928\n|move|p1a: Entei|Extreme Speed|p2a: Xerneas\n|-damage|p2a: Xerneas|5\/100\n|move|p2a: Xerneas|Hidden Power|p1a: Entei\n|-supereffective|p1a: Entei\n|-damage|p1a: Entei|0 fnt\n|faint|p1a: Entei\n|\n|upkeep\n|c|\u2606Faygos|nice fairy aura\n|\n|t:|1663095935\n|switch|p1a: Kartana|Kartana|100\/100\n|turn|9\n|c|\u2606oaklies|oh i forgot\n|c|\u2606oaklies|im too weak to entei\n|c|\u2606oaklies|but this team has been successful on the ladder\n|\n|t:|1663095963\n|switch|p2a: Mandibuzz|Mandibuzz, F|100\/100\n|-start|p2a: Mandibuzz|Sablenite|[silent]\n|move|p1a: Kartana|Frustration|p2a: Mandibuzz\n|-damage|p2a: Mandibuzz|82\/100\n|\n|upkeep\n|turn|10\n|\n|t:|1663095972\n|switch|p1a: Blissey|Blissey, F|100\/100\n|move|p2a: Mandibuzz|U-turn|p1a: Blissey\n|-damage|p1a: Blissey|90\/100\n|\n|t:|1663095978\n|-start|p2a: Mandibuzz|Sablenite|[silent]\n|switch|p2a: Deoxys|Deoxys-Defense|100\/100|[from]move: U-turn\n|-ability|p2a: Deoxys|Pressure\n|\n|upkeep\n|turn|11\n|\n|t:|1663095984\n|switch|p1a: Noivern|Noivern, M|100\/100\n|-start|p1a: Noivern|Salamencite|[silent]\n|detailschange|p2a: Deoxys|Deoxys-Defense\n|-mega|p2a: Deoxys|Deoxys|Gyaradosite\n|-ability|p2a: Deoxys|Mold Breaker\n|-start|p2a: Deoxys|Gyaradosite|[silent]\n|-start|p2a: Deoxys|typechange|Psychic\/Dark|[silent]\n|move|p2a: Deoxys|Stealth Rock|p1a: Noivern\n|-sidestart|p1: Faygos|move: Stealth Rock\n|\n|upkeep\n|turn|12\n|\n|t:|1663095989\n|move|p1a: Noivern|Defog|p2a: Deoxys\n|-unboost|p2a: Deoxys|evasion|1\n|-sideend|p1: Faygos|Stealth Rock|[from] move: Defog|[of] p1a: Noivern\n|move|p2a: Deoxys|Spikes|p1a: Noivern\n|-sidestart|p1: Faygos|Spikes\n|\n|upkeep\n|turn|13\n|\n|t:|1663095993\n|move|p1a: Noivern|Boomburst|p2a: Deoxys\n|-damage|p2a: Deoxys|53\/100\n|move|p2a: Deoxys|Stealth Rock|p1a: Noivern\n|-sidestart|p1: Faygos|move: Stealth Rock\n|\n|upkeep\n|turn|14\n|\n|t:|1663095997\n|move|p1a: Noivern|Defog|p2a: Deoxys\n|-unboost|p2a: Deoxys|evasion|1\n|-sideend|p1: Faygos|Spikes|[from] move: Defog|[of] p1a: Noivern\n|-sideend|p1: Faygos|Stealth Rock|[from] move: Defog|[of] p1a: Noivern\n|move|p2a: Deoxys|Taunt|p1a: Noivern\n|-start|p1a: Noivern|move: Taunt\n|\n|upkeep\n|turn|15\n|\n|t:|1663095999\n|move|p1a: Noivern|U-turn|p2a: Deoxys\n|-supereffective|p2a: Deoxys\n|-damage|p2a: Deoxys|24\/100\n|\n|t:|1663096002\n|-start|p1a: Noivern|Salamencite|[silent]\n|switch|p1a: Kartana|Kartana|100\/100|[from]move: U-turn\n|move|p2a: Deoxys|Stealth Rock|p1a: Kartana\n|-sidestart|p1: Faygos|move: Stealth Rock\n|\n|upkeep\n|turn|16\n|\n|t:|1663096005\n|-start|p2a: Deoxys|Gyaradosite|[silent]\n|switch|p2a: Mandibuzz|Mandibuzz, F|82\/100\n|-start|p2a: Mandibuzz|Sablenite|[silent]\n|move|p1a: Kartana|Frustration|p2a: Mandibuzz\n|-damage|p2a: Mandibuzz|63\/100\n|\n|upkeep\n|turn|17\n|\n|t:|1663096007\n|switch|p1a: Noivern|Noivern, M|100\/100\n|-start|p1a: Noivern|Salamencite|[silent]\n|-damage|p1a: Noivern|75\/100|[from] Stealth Rock\n|move|p2a: Mandibuzz|U-turn|p1a: Noivern\n|-resisted|p1a: Noivern\n|-damage|p1a: Noivern|70\/100\n|\n|t:|1663096012\n|-start|p2a: Mandibuzz|Sablenite|[silent]\n|switch|p2a: Zeraora|Zeraora|100\/100|[from]move: U-turn\n|\n|upkeep\n|turn|18\n|\n|t:|1663096018\n|detailschange|p2a: Zeraora|Zeraora\n|-mega|p2a: Zeraora|Zeraora|Lopunnite\n|-start|p2a: Zeraora|Lopunnite|[silent]\n|-start|p2a: Zeraora|typechange|Electric\/Fighting|[silent]\n|move|p2a: Zeraora|Fake Out|p1a: Noivern\n|-damage|p1a: Noivern|55\/100\n|cant|p1a: Noivern|flinch\n|\n|upkeep\n|turn|19\n|\n|t:|1663096023\n|move|p2a: Zeraora|Plasma Fists|p1a: Noivern\n|-damage|p1a: Noivern|2\/100\n|-fieldactivate|move: Ion Deluge\n|-hint|Normal-type moves become Electric-type after using Plasma Fists.\n|move|p1a: Noivern|Boomburst|p2a: Zeraora\n|-crit|p2a: Zeraora\n|-damage|p2a: Zeraora|0 fnt\n|faint|p2a: Zeraora\n|\n|upkeep\n|c|\u2606oaklies|shit\n|\n|t:|1663096032\n|switch|p2a: Jirachi|Jirachi|63\/100\n|-start|p2a: Jirachi|Ampharosite|[silent]\n|-start|p2a: Jirachi|typechange|Steel\/Dragon|[silent]\n|-ability|p2a: Jirachi|Mold Breaker\n|turn|20\n|\n|t:|1663096038\n|move|p1a: Noivern|Roost|p1a: Noivern\n|-heal|p1a: Noivern|52\/100\n|-singleturn|p1a: Noivern|move: Roost\n|move|p2a: Jirachi|Wish|p2a: Jirachi\n|\n|upkeep\n|turn|21\n|\n|t:|1663096041\n|move|p1a: Noivern|Defog|p2a: Jirachi\n|-unboost|p2a: Jirachi|evasion|1\n|-sideend|p1: Faygos|Stealth Rock|[from] move: Defog|[of] p1a: Noivern\n|move|p2a: Jirachi|Doom Desire|p1a: Noivern\n|-start|p2a: Jirachi|Doom Desire\n|\n|-heal|p2a: Jirachi|100\/100|[from] move: Wish|[wisher] Jirachi\n|upkeep\n|turn|22\n|\n|t:|1663096045\n|move|p1a: Noivern|Roost|p1a: Noivern\n|-heal|p1a: Noivern|100\/100\n|-singleturn|p1a: Noivern|move: Roost\n|move|p2a: Jirachi|Toxic|p1a: Noivern\n|-status|p1a: Noivern|tox\n|\n|-damage|p1a: Noivern|94\/100 tox|[from] psn\n|upkeep\n|turn|23\n|\n|t:|1663096050\n|move|p1a: Noivern|U-turn|p2a: Jirachi\n|-resisted|p2a: Jirachi\n|-damage|p2a: Jirachi|97\/100\n|\n|t:|1663096051\n|-start|p1a: Noivern|Salamencite|[silent]\n|switch|p1a: Blissey|Blissey, F|90\/100|[from]move: U-turn\n|move|p2a: Jirachi|Wish|p2a: Jirachi\n|\n|-end|p1a: Blissey|move: Doom Desire\n|-damage|p1a: Blissey|65\/100\n|upkeep\n|turn|24\n|\n|t:|1663096055\n|move|p2a: Jirachi|Toxic|p1a: Blissey|[miss]\n|-miss|p2a: Jirachi|p1a: Blissey\n|move|p1a: Blissey|Stealth Rock|p2a: Jirachi\n|-sidestart|p2: oaklies|move: Stealth Rock\n|\n|-heal|p2a: Jirachi|100\/100|[from] move: Wish|[wisher] Jirachi\n|upkeep\n|turn|25\n|\n|t:|1663096058\n|move|p2a: Jirachi|Toxic|p1a: Blissey\n|-status|p1a: Blissey|tox\n|move|p1a: Blissey|Soft-Boiled|p1a: Blissey\n|-heal|p1a: Blissey|100\/100 tox\n|\n|-damage|p1a: Blissey|94\/100 tox|[from] psn\n|upkeep\n|turn|26\n|\n|t:|1663096062\n|move|p2a: Jirachi|Doom Desire|p1a: Blissey\n|-start|p2a: Jirachi|Doom Desire\n|move|p1a: Blissey|Seismic Toss|p2a: Jirachi\n|-damage|p2a: Jirachi|76\/100\n|\n|-damage|p1a: Blissey|82\/100 tox|[from] psn\n|upkeep\n|turn|27\n|\n|t:|1663096065\n|-start|p2a: Jirachi|Ampharosite|[silent]\n|switch|p2a: Mandibuzz|Mandibuzz, F|63\/100\n|-start|p2a: Mandibuzz|Sablenite|[silent]\n|-damage|p2a: Mandibuzz|39\/100|[from] Stealth Rock\n|-curestatus|p1a: Blissey|tox|[from] ability: Natural Cure\n|switch|p1a: Groudon|Groudon-Primal|54\/100\n|-weather|DesolateLand|[from] ability: Desolate Land|[of] p1a: Groudon\n|\n|-weather|DesolateLand|[upkeep]\n|upkeep\n|turn|28\n|\n|t:|1663096070\n|move|p1a: Groudon|Fire Blast|p2a: Mandibuzz\n|-damage|p2a: Mandibuzz|0 fnt\n|faint|p2a: Mandibuzz\n|\n|-weather|DesolateLand|[upkeep]\n|-end|p1a: Groudon|move: Doom Desire\n|-resisted|p1a: Groudon\n|-damage|p1a: Groudon|10\/100\n|upkeep\n|\n|t:|1663096077\n|switch|p2a: Jirachi|Jirachi|76\/100\n|-start|p2a: Jirachi|Ampharosite|[silent]\n|-start|p2a: Jirachi|typechange|Steel\/Dragon|[silent]\n|-damage|p2a: Jirachi|70\/100|[from] Stealth Rock\n|-ability|p2a: Jirachi|Mold Breaker\n|turn|29\n|\n|t:|1663096079\n|move|p1a: Groudon|Precipice Blades|p2a: Jirachi\n|-supereffective|p2a: Jirachi\n|-damage|p2a: Jirachi|0 fnt\n|faint|p2a: Jirachi\n|\n|-weather|DesolateLand|[upkeep]\n|upkeep\n|c|\u2606oaklies|gg\n|c|\u2606Faygos|gg\n|\n|t:|1663096084\n|switch|p2a: Deoxys|Deoxys-Defense|24\/100\n|-start|p2a: Deoxys|Gyaradosite|[silent]\n|-start|p2a: Deoxys|typechange|Psychic\/Dark|[silent]\n|-damage|p2a: Deoxys|11\/100|[from] Stealth Rock\n|-ability|p2a: Deoxys|Mold Breaker\n|turn|30\n|\n|t:|1663096089\n|move|p2a: Deoxys|Toxic|p1a: Groudon\n|-status|p1a: Groudon|tox\n|move|p1a: Groudon|Hidden Power|p2a: Deoxys\n|-damage|p2a: Deoxys|0 fnt\n|faint|p2a: Deoxys\n|\n|-weather|DesolateLand|[upkeep]\n|-damage|p1a: Groudon|4\/100 tox|[from] psn\n|upkeep\n|\n|t:|1663096094\n|switch|p2a: Xerneas|Xerneas|5\/100\n|-damage|p2a: Xerneas|0 fnt|[from] Stealth Rock\n|faint|p2a: Xerneas\n|\n|win|Faygos\n","uploadtime":1663096098,"views":9,"p1id":"faygos","p2id":"oaklies","formatid":"gen7mixandmega","rating":0,"private":0,"password":null}