{"id":"gen7ou-913191604","p1":"Zaza Bitchulia","p2":"whyaddicted","format":"gen7ou","log":"|j|\u2606Zaza Bitchulia\n|j|\u2606whyaddicted\n|inactive|Battle timer is ON: inactive players will automatically lose when time's up.\n|player|p1|Zaza Bitchulia|2\n|player|p2|whyaddicted|266\n|teamsize|p1|6\n|teamsize|p2|6\n|gametype|singles\n|gen|7\n|tier|[Gen 7] OU\n|rated|Tournament battle\n|rule|Sleep Clause Mod: Limit one foe put to sleep\n|rule|Species Clause: Limit one of each Pok\u00e9mon\n|rule|OHKO Clause: OHKO moves are banned\n|rule|Moody Clause: Moody is banned\n|rule|Evasion Moves Clause: Evasion moves are banned\n|rule|Endless Battle Clause: Forcing endless battles is banned\n|rule|HP Percentage Mod: HP is shown in percentages\n|clearpoke\n|poke|p1|Torkoal, F|item\n|poke|p1|Camerupt, M|item\n|poke|p1|Stakataka|item\n|poke|p1|Hydreigon, M|item\n|poke|p1|Cresselia, F|item\n|poke|p1|Venusaur, F|item\n|poke|p2|Scizor, M|item\n|poke|p2|Kyurem|item\n|poke|p2|Tapu Koko|item\n|poke|p2|Tapu Fini|item\n|poke|p2|Landorus-Therian, M|item\n|poke|p2|Heatran, M|item\n|teampreview\n|j| what a mans\n|j|#moondazing\n|j| SG-i02\n|j|+Quaseem\n|j| union boss\n|c|\u2606Zaza Bitchulia|man\n|j| reredare\n|c|\u2606whyaddicted|no\n|c|\u2606Zaza Bitchulia|fuck this team\n|c|\u2606Zaza Bitchulia|lmao\n|j| Wackin\n|j| Bathr777\n|j| flyingbarboach\n|j| SG Sutera\n|c|\u2606whyaddicted|lol\n|j| AUDACIOUS KANOWA\n|j| sylvestaro\n|j| LadderSoTall\n|j| DevOwnzYall\n|c|\u2606whyaddicted|final?\n|c|\u2606Zaza Bitchulia|maybe\n|c|\u2606Zaza Bitchulia|idk\n|j| cypherstest\n|j| xu 14\n|j| ghjncnhc\n|c|+Quaseem|yes\n|j| Primal Unova\n|j| HumDinger\n|inactive|whyaddicted has 120 seconds left.\n|c|\u2606whyaddicted|ty\n|c|\u2606Zaza Bitchulia|ye it is\n|\n|start\n|switch|p1a: Torkoal|Torkoal, F|343\/343\n|switch|p2a: Landorus|Landorus-Therian, M|319\/319\n|-ability|p2a: Landorus|Intimidate|boost\n|-unboost|p1a: Torkoal|atk|1\n|-weather|SunnyDay|[from] ability: Drought|[of] p1a: Torkoal\n|turn|1\n|\n|switch|p1a: Hydreigon|Hydreigon, M|384\/384\n|move|p2a: Landorus|U-turn|p1a: Hydreigon\n|-supereffective|p1a: Hydreigon\n|-damage|p1a: Hydreigon|192\/384\n|j| Beautiful Colors\n|j|@insydia\n|c|\u2606Zaza Bitchulia|this team\n|j| sasol\n|c|\u2606Zaza Bitchulia|is so gross\n|\n|switch|p2a: Tapu Koko|Tapu Koko|286\/286\n|-fieldstart|move: Electric Terrain|[from] ability: Electric Surge|[of] p2a: Tapu Koko\n|\n|-weather|SunnyDay|[upkeep]\n|-heal|p1a: Hydreigon|216\/384|[from] item: Leftovers\n|upkeep\n|turn|2\n|c|\u2606Zaza Bitchulia|I hate u rn lmao\n|\n|move|p2a: Tapu Koko|U-turn|p1a: Hydreigon\n|-supereffective|p1a: Hydreigon\n|-damage|p1a: Hydreigon|90\/384\n|c|\u2606whyaddicted|lol\n|j| Mikirae\n|\n|switch|p2a: Tapu Fini|Tapu Fini|343\/343\n|-fieldstart|move: Misty Terrain|[from] ability: Misty Surge|[of] p2a: Tapu Fini\n|move|p1a: Hydreigon|Roost|p1a: Hydreigon\n|-heal|p1a: Hydreigon|282\/384\n|-singleturn|p1a: Hydreigon|move: Roost\n|\n|-weather|SunnyDay|[upkeep]\n|-heal|p1a: Hydreigon|306\/384|[from] item: Leftovers\n|upkeep\n|turn|3\n|\n|switch|p1a: Venusaur|Venusaur, F|301\/301\n|move|p2a: Tapu Fini|Moonblast|p1a: Venusaur\n|-resisted|p1a: Venusaur\n|-damage|p1a: Venusaur|246\/301\n|\n|-weather|SunnyDay|[upkeep]\n|upkeep\n|turn|4\n|l| ghjncnhc\n|l| SG-i02\n|j| Arschkratzer12\n|j| Vaboh\n|\n|switch|p1a: Camerupt|Camerupt, M|343\/343\n|switch|p2a: Heatran|Heatran, M|385\/385\n|\n|-weather|SunnyDay|[upkeep]\n|upkeep\n|turn|5\n|j| Mistric\n|j| Shoaku\n|l| Vaboh\n|c| sasol|what purpose does staka serve\n|j| Shaka14\n|j| tinyhelper\n|c|\u2606Zaza Bitchulia|to sweep\n|c|\u2606Zaza Bitchulia|:D\n|\n|switch|p2a: Landorus|Landorus-Therian, M|319\/319\n|-ability|p2a: Landorus|Intimidate|boost\n|-unboost|p1a: Camerupt|atk|1\n|detailschange|p1a: Camerupt|Camerupt-Mega, M\n|-mega|p1a: Camerupt|Camerupt|Cameruptite\n|move|p1a: Camerupt|Substitute|p1a: Camerupt\n|-start|p1a: Camerupt|Substitute\n|-damage|p1a: Camerupt|258\/343\n|\n|-weather|SunnyDay|[upkeep]\n|upkeep\n|turn|6\n|c| xu 14|trick room\n|c| SG Sutera|its a TR hybrid type team\n|c|\u2606whyaddicted|too good\n|c|\u2606Zaza Bitchulia|yea\n|c| SG Sutera|looks dope\n|c|\u2606Zaza Bitchulia|hard choices\n|\n|move|p2a: Landorus|Explosion|p1a: Camerupt\n|-end|p1a: Camerupt|Substitute\n|faint|p2a: Landorus\n|move|p1a: Camerupt|Growth|p1a: Camerupt\n|-boost|p1a: Camerupt|atk|2\n|-boost|p1a: Camerupt|spa|2\n|\n|-weather|SunnyDay|[upkeep]\n|-fieldend|Misty Terrain\n|upkeep\n|c|\u2606Zaza Bitchulia|oh\n|c|\u2606Zaza Bitchulia|fuck\n|c|\u2606whyaddicted|oh\n|c| Wackin|wtf\n|c|\u2606Zaza Bitchulia|lmao\n|\n|switch|p2a: Tapu Fini|Tapu Fini|343\/343\n|-fieldstart|move: Misty Terrain|[from] ability: Misty Surge|[of] p2a: Tapu Fini\n|turn|7\n|c| SG Sutera|sub growth\n|c| Wackin|sub growth\n|c| sasol|tr sun you should try eruption heatran\n|\n|move|p2a: Tapu Fini|Surf|p1a: Camerupt\n|-supereffective|p1a: Camerupt\n|-damage|p1a: Camerupt|66\/343\n|move|p1a: Camerupt|Earth Power|p2a: Tapu Fini\n|-damage|p2a: Tapu Fini|0 fnt\n|faint|p2a: Tapu Fini\n|\n|-weather|SunnyDay|[upkeep]\n|upkeep\n|c| sasol|for the memes\n|c| Wackin|does that even wrok?\n|c| SG Sutera|wavy\n|c| Wackin|work?\n|c|\u2606Zaza Bitchulia|lmao\n|\n|switch|p2a: Kyurem|Kyurem|405\/405\n|-ability|p2a: Kyurem|Pressure\n|turn|8\n|l| Bathr777\n|c| SG Sutera|PFFFFFFFFFT\n|\n|switch|p1a: Cresselia|Cresselia, F|443\/443\n|move|p2a: Kyurem|Ice Beam|p1a: Cresselia\n|-damage|p1a: Cresselia|334\/443\n|\n|-weather|none\n|-heal|p1a: Cresselia|361\/443|[from] item: Leftovers\n|upkeep\n|turn|9\n|j| greystaple\n|c|\u2606Zaza Bitchulia|yeaaa\n|l| sylvestaro\n|c|\u2606Zaza Bitchulia|this is\n|c|\u2606Zaza Bitchulia|so annoying\n|\n|move|p2a: Kyurem|Substitute|p2a: Kyurem\n|-start|p2a: Kyurem|Substitute\n|-damage|p2a: Kyurem|304\/405\n|move|p1a: Cresselia|Ice Beam|p2a: Kyurem\n|-activate|p2a: Kyurem|move: Substitute|[damage]\n|\n|-heal|p1a: Cresselia|388\/443|[from] item: Leftovers\n|upkeep\n|turn|10\n|\n|move|p2a: Kyurem|Ice Beam|p1a: Cresselia\n|-damage|p1a: Cresselia|279\/443\n|move|p1a: Cresselia|Ice Beam|p2a: Kyurem\n|-end|p2a: Kyurem|Substitute\n|\n|-heal|p1a: Cresselia|306\/443|[from] item: Leftovers\n|upkeep\n|turn|11\n|\n|move|p2a: Kyurem|Substitute|p2a: Kyurem\n|-start|p2a: Kyurem|Substitute\n|-damage|p2a: Kyurem|203\/405\n|move|p1a: Cresselia|Ice Beam|p2a: Kyurem\n|-activate|p2a: Kyurem|move: Substitute|[damage]\n|\n|-heal|p1a: Cresselia|333\/443|[from] item: Leftovers\n|-fieldend|Misty Terrain\n|upkeep\n|turn|12\n|c| Mistric|icebeam vs icebeam\n|\n|move|p2a: Kyurem|Roost|p2a: Kyurem\n|-heal|p2a: Kyurem|405\/405\n|-singleturn|p2a: Kyurem|move: Roost\n|move|p1a: Cresselia|Ice Beam|p2a: Kyurem\n|-end|p2a: Kyurem|Substitute\n|\n|-heal|p1a: Cresselia|360\/443|[from] item: Leftovers\n|upkeep\n|turn|13\n|j| ArchangelSora\n|c| Mistric|who will freeze?\n|\n|move|p2a: Kyurem|Substitute|p2a: Kyurem\n|-start|p2a: Kyurem|Substitute\n|-damage|p2a: Kyurem|304\/405\n|move|p1a: Cresselia|Ice Beam|p2a: Kyurem\n|-activate|p2a: Kyurem|move: Substitute|[damage]\n|\n|-heal|p1a: Cresselia|387\/443|[from] item: Leftovers\n|upkeep\n|turn|14\n|\n|move|p2a: Kyurem|Ice Beam|p1a: Cresselia\n|-damage|p1a: Cresselia|278\/443\n|move|p1a: Cresselia|Trick Room|p1a: Cresselia\n|-fieldstart|move: Trick Room|[of] p1a: Cresselia\n|\n|-heal|p1a: Cresselia|305\/443|[from] item: Leftovers\n|upkeep\n|turn|15\n|c| LadderSoTall|epic\n|c| Wackin|wtf\n|\n|move|p1a: Cresselia|Ice Beam|p2a: Kyurem\n|-end|p2a: Kyurem|Substitute\n|move|p2a: Kyurem|Substitute|p2a: Kyurem\n|-start|p2a: Kyurem|Substitute\n|-damage|p2a: Kyurem|203\/405\n|\n|-heal|p1a: Cresselia|332\/443|[from] item: Leftovers\n|upkeep\n|turn|16\n|c| Wackin|this is so pointless\n|c| greystaple|kyu can't be frozen\n|c|@insydia|cant freeze ice types\n|\n|move|p1a: Cresselia|Ice Beam|p2a: Kyurem\n|-activate|p2a: Kyurem|move: Substitute|[damage]\n|move|p2a: Kyurem|Roost|p2a: Kyurem\n|-heal|p2a: Kyurem|405\/405\n|-singleturn|p2a: Kyurem|move: Roost\n|\n|-heal|p1a: Cresselia|359\/443|[from] item: Leftovers\n|upkeep\n|turn|17\n|c| xu 14|^\n|c| greystaple|although kyu wins bc pp stall anyhow\n|\n|switch|p1a: Torkoal|Torkoal, F|343\/343\n|-weather|SunnyDay|[from] ability: Drought|[of] p1a: Torkoal\n|move|p2a: Kyurem|Substitute|p2a: Kyurem\n|-fail|p2a: Kyurem|move: Substitute\n|\n|-weather|SunnyDay|[upkeep]\n|upkeep\n|turn|18\n|c| xu 14|also cress won't get a direct attack\n|c| Mistric|didn't knew that lol insydia\n|j| sam jeffrin\n|\n|move|p1a: Torkoal|Stealth Rock|p2a: Kyurem\n|-sidestart|p2: whyaddicted|move: Stealth Rock\n|move|p2a: Kyurem|Earth Power|p1a: Torkoal\n|-supereffective|p1a: Torkoal\n|-damage|p1a: Torkoal|75\/343\n|\n|-weather|SunnyDay|[upkeep]\n|-fieldend|move: Trick Room\n|upkeep\n|turn|19\n|c|@insydia|well now ya do\n|\n|switch|p1a: Cresselia|Cresselia, F|359\/443\n|move|p2a: Kyurem|Ice Beam|p1a: Cresselia\n|-damage|p1a: Cresselia|254\/443\n|\n|-weather|SunnyDay|[upkeep]\n|-heal|p1a: Cresselia|281\/443|[from] item: Leftovers\n|upkeep\n|turn|20\n|\n|move|p2a: Kyurem|Ice Beam|p1a: Cresselia\n|-damage|p1a: Cresselia|150\/443\n|move|p1a: Cresselia|Ice Beam|p2a: Kyurem\n|-end|p2a: Kyurem|Substitute\n|\n|-weather|SunnyDay|[upkeep]\n|-heal|p1a: Cresselia|177\/443|[from] item: Leftovers\n|upkeep\n|turn|21\n|c| Mistric|ye\n|\n|move|p2a: Kyurem|Ice Beam|p1a: Cresselia\n|-damage|p1a: Cresselia|20\/443\n|move|p1a: Cresselia|Moonlight|p1a: Cresselia\n|-heal|p1a: Cresselia|315\/443\n|\n|-weather|SunnyDay|[upkeep]\n|-heal|p1a: Cresselia|342\/443|[from] item: Leftovers\n|upkeep\n|turn|22\n|\n|switch|p2a: Heatran|Heatran, M|385\/385\n|-damage|p2a: Heatran|337\/385|[from] Stealth Rock\n|switch|p1a: Stakataka|Stakataka|326\/326\n|\n|-weather|SunnyDay|[upkeep]\n|-heal|p2a: Heatran|361\/385|[from] item: Leftovers\n|upkeep\n|turn|23\n|l| ArchangelSora\n|\n|switch|p1a: Hydreigon|Hydreigon, M|306\/384\n|move|p2a: Heatran|Earth Power|p1a: Hydreigon\n|-immune|p1a: Hydreigon|[from] ability: Levitate\n|\n|-weather|SunnyDay|[upkeep]\n|-heal|p1a: Hydreigon|330\/384|[from] item: Leftovers\n|-heal|p2a: Heatran|385\/385|[from] item: Leftovers\n|upkeep\n|turn|24\n|c| Mistric|freeze sub instead (?)\n|\n|move|p1a: Hydreigon|Earth Power|p2a: Heatran\n|-supereffective|p2a: Heatran\n|-damage|p2a: Heatran|133\/385\n|-unboost|p2a: Heatran|spd|1\n|move|p2a: Heatran|Stealth Rock|p1a: Hydreigon\n|-sidestart|p1: Zaza Bitchulia|move: Stealth Rock\n|\n|-weather|none\n|-heal|p1a: Hydreigon|354\/384|[from] item: Leftovers\n|-heal|p2a: Heatran|157\/385|[from] item: Leftovers\n|upkeep\n|turn|25\n|\n|switch|p2a: Scizor|Scizor, M|343\/343\n|-damage|p2a: Scizor|301\/343|[from] Stealth Rock\n|move|p1a: Hydreigon|Defog|p2a: Scizor\n|-unboost|p2a: Scizor|evasion|1\n|-sideend|p2: whyaddicted|Stealth Rock|[from] move: Defog|[of] p1a: Hydreigon\n|-sideend|p1: Zaza Bitchulia|Stealth Rock|[from] move: Defog|[of] p1a: Hydreigon\n|\n|-heal|p1a: Hydreigon|378\/384|[from] item: Leftovers\n|upkeep\n|turn|26\n|j| ima\n|\n|switch|p1a: Torkoal|Torkoal, F|75\/343\n|-weather|SunnyDay|[from] ability: Drought|[of] p1a: Torkoal\n|detailschange|p2a: Scizor|Scizor-Mega, M\n|-mega|p2a: Scizor|Scizor|Scizorite\n|move|p2a: Scizor|Knock Off|p1a: Torkoal\n|-damage|p1a: Torkoal|10\/343\n|-enditem|p1a: Torkoal|Heat Rock|[from] move: Knock Off|[of] p2a: Scizor\n|\n|-weather|SunnyDay|[upkeep]\n|upkeep\n|turn|27\n|\n|switch|p1a: Stakataka|Stakataka|326\/326\n|move|p2a: Scizor|Knock Off|p1a: Stakataka\n|-damage|p1a: Stakataka|263\/326\n|-enditem|p1a: Stakataka|Life Orb|[from] move: Knock Off|[of] p2a: Scizor\n|\n|-weather|SunnyDay|[upkeep]\n|upkeep\n|turn|28\n|\n|move|p2a: Scizor|Swords Dance|p2a: Scizor\n|-boost|p2a: Scizor|atk|2\n|move|p1a: Stakataka|Trick Room|p1a: Stakataka\n|-fieldstart|move: Trick Room|[of] p1a: Stakataka\n|\n|-weather|SunnyDay|[upkeep]\n|upkeep\n|turn|29\n|j| balico\n|\n|switch|p1a: Torkoal|Torkoal, F|10\/343\n|move|p2a: Scizor|Knock Off|p1a: Torkoal\n|-crit|p1a: Torkoal\n|-damage|p1a: Torkoal|0 fnt\n|faint|p1a: Torkoal\n|\n|-weather|SunnyDay|[upkeep]\n|upkeep\n|\n|switch|p1a: Cresselia|Cresselia, F|342\/443\n|turn|30\n|c|\u2606whyaddicted|no\n|c| Primal Unova|hp fire\n|c| Primal Unova|this\n|c|\u2606whyaddicted|dont do that\n|c| Primal Unova|lol\n|\n|move|p2a: Scizor|Knock Off|p1a: Cresselia\n|-supereffective|p1a: Cresselia\n|-damage|p1a: Cresselia|48\/443\n|-enditem|p1a: Cresselia|Leftovers|[from] move: Knock Off|[of] p2a: Scizor\n|move|p1a: Cresselia|Lunar Dance|p1a: Cresselia\n|faint|p1a: Cresselia\n|\n|-weather|SunnyDay|[upkeep]\n|upkeep\n|\n|switch|p1a: Camerupt|Camerupt-Mega, M|66\/343\n|-heal|p1a: Camerupt|343\/343|[from] move: Lunar Dance\n|turn|31\n|c|\u2606whyaddicted|rip\n|c| SG Sutera|lunar dance\n|c| SG Sutera|yupp\n|c|\u2606Zaza Bitchulia|lol\n|c| Mistric|looooool\n|j| rock715\n|c| Mistric|clean\n|\n|switch|p2a: Heatran|Heatran, M|157\/385\n|move|p1a: Camerupt|Fire Blast|p2a: Heatran\n|-start|p2a: Heatran|ability: Flash Fire\n|\n|-weather|SunnyDay|[upkeep]\n|-heal|p2a: Heatran|181\/385|[from] item: Leftovers\n|upkeep\n|turn|32\n|c| Wackin|smh\n|c|\u2606Zaza Bitchulia|wont work forever\n|\n|-end|p2a: Heatran|ability: Flash Fire|[silent]\n|switch|p2a: Kyurem|Kyurem|405\/405\n|-ability|p2a: Kyurem|Pressure\n|move|p1a: Camerupt|Earth Power|p2a: Kyurem\n|-damage|p2a: Kyurem|138\/405\n|\n|-weather|SunnyDay|[upkeep]\n|-fieldend|move: Trick Room\n|upkeep\n|turn|33\n|\n|switch|p1a: Hydreigon|Hydreigon, M|378\/384\n|move|p2a: Kyurem|Ice Beam|p1a: Hydreigon\n|-supereffective|p1a: Hydreigon\n|-damage|p1a: Hydreigon|22\/384\n|\n|-weather|none\n|-heal|p1a: Hydreigon|46\/384|[from] item: Leftovers\n|upkeep\n|turn|34\n|c| Wackin|you're getting played\n|\n|switch|p2a: Scizor|Scizor-Mega, M|301\/343\n|move|p1a: Hydreigon|Earth Power|p2a: Scizor\n|-damage|p2a: Scizor|218\/343\n|\n|-heal|p1a: Hydreigon|70\/384|[from] item: Leftovers\n|upkeep\n|turn|35\n|j| Bathr777\n|\n|move|p2a: Scizor|Bullet Punch|p1a: Hydreigon\n|-damage|p1a: Hydreigon|0 fnt\n|faint|p1a: Hydreigon\n|\n|upkeep\n|\n|switch|p1a: Stakataka|Stakataka|263\/326\n|turn|36\n|l| xu 14\n|c| Mistric|this turn around :o\n|c| Mistric|this is intense\n|\n|move|p2a: Scizor|Roost|p2a: Scizor\n|-heal|p2a: Scizor|343\/343\n|-singleturn|p2a: Scizor|move: Roost\n|move|p1a: Stakataka|Trick Room|p1a: Stakataka\n|-fieldstart|move: Trick Room|[of] p1a: Stakataka\n|\n|upkeep\n|turn|37\n|c|\u2606Zaza Bitchulia|I hate kyurem\n|c|\u2606Zaza Bitchulia|so much\n|\n|switch|p1a: Camerupt|Camerupt-Mega, M|343\/343\n|move|p2a: Scizor|Knock Off|p1a: Camerupt\n|-damage|p1a: Camerupt|269\/343\n|\n|upkeep\n|turn|38\n|c| Wackin|idk why you fire blasted, he had no ground resists and sciz was a win con\n|c| sasol|i told you man eruption heatran would have won by now\n|c| sasol|its so hot other heatrans abilities fail\n|c| Primal Unova|HUH\n|c| Primal Unova|sam jeffrin\n|c| Primal Unova|sasol*\n|c|\u2606whyaddicted|gimme calc\n|inactive|whyaddicted has 120 seconds left.\n|c| SG Sutera|specs eruption in the sun\n|c| SG Sutera|from a tran\n|c| SG Sutera|is big boi damage\n|l|\u2606whyaddicted\n|inactive|whyaddicted disconnected and has a minute to reconnect!\n|player|p2|\n|c| sasol|f\n|inactive|Zaza Bitchulia has 120 seconds left.\n|j|\u2606whyaddicted\n|inactive|whyaddicted reconnected and has 85 seconds left.\n|player|p2|whyaddicted|266\n|c| Mistric|insert pikachu face\n|c| Mistric|Oh he reconnected nice\n|inactive|whyaddicted has 60 seconds left.\n|\n|move|p2a: Scizor|Bullet Punch|p1a: Camerupt\n|-resisted|p1a: Camerupt\n|-damage|p1a: Camerupt|217\/343\n|move|p1a: Camerupt|Substitute|p1a: Camerupt\n|-start|p1a: Camerupt|Substitute\n|-damage|p1a: Camerupt|132\/343\n|\n|upkeep\n|turn|39\n|l| Bathr777\n|inactive|whyaddicted has 60 seconds left.\n|c|\u2606whyaddicted|yeah\n|c| Primal Unova|*tips glasses*\n|\n|switch|p2a: Tapu Koko|Tapu Koko|286\/286\n|-fieldstart|move: Electric Terrain|[from] ability: Electric Surge|[of] p2a: Tapu Koko\n|move|p1a: Camerupt|Earth Power|p2a: Tapu Koko\n|-supereffective|p2a: Tapu Koko\n|-damage|p2a: Tapu Koko|0 fnt\n|faint|p2a: Tapu Koko\n|\n|upkeep\n|\n|switch|p2a: Scizor|Scizor-Mega, M|343\/343\n|turn|40\n|\n|switch|p1a: Stakataka|Stakataka|263\/326\n|move|p2a: Scizor|Bullet Punch|p1a: Stakataka\n|-damage|p1a: Stakataka|197\/326\n|\n|-fieldend|move: Trick Room\n|upkeep\n|turn|41\n|c| Primal Unova|*tips glasses even further*\n|\n|move|p2a: Scizor|Swords Dance|p2a: Scizor\n|-boost|p2a: Scizor|atk|2\n|move|p1a: Stakataka|Trick Room|p1a: Stakataka\n|-fieldstart|move: Trick Room|[of] p1a: Stakataka\n|\n|upkeep\n|turn|42\n|\n|switch|p1a: Venusaur|Venusaur, F|246\/301\n|move|p2a: Scizor|Swords Dance|p2a: Scizor\n|-boost|p2a: Scizor|atk|2\n|\n|upkeep\n|turn|43\n|\n|move|p2a: Scizor|Bullet Punch|p1a: Venusaur\n|-damage|p1a: Venusaur|0 fnt\n|faint|p1a: Venusaur\n|\n|-fieldend|move: Electric Terrain\n|upkeep\n|c| Primal Unova|glasses fall down to that choke\n|c|@insydia|why didnt u just kill\n|\n|switch|p1a: Camerupt|Camerupt-Mega, M|132\/343\n|turn|44\n|c| Wackin|WTF\n|c|@insydia|the scizor\n|c|@insydia|hello\n|c| Primal Unova|that was\n|\n|move|p2a: Scizor|Bullet Punch|p1a: Camerupt\n|-resisted|p1a: Camerupt\n|-damage|p1a: Camerupt|0 fnt\n|faint|p1a: Camerupt\n|\n|upkeep\n|c| Wackin|LMFAO\n|c|@insydia|u choked\n|c| Primal Unova|the largest chioke\n|c|@insydia|u had a sub up\n|c| reredare|no zaza\n|c| Primal Unova|i've seen\n|c|\u2606Zaza Bitchulia|I couldnt win\n|c|@insydia|._.\n|c|@insydia|you could have\n|c| Primal Unova|bruh\n|c|\u2606Zaza Bitchulia|Kyurem won\n|c| Wackin|ARE YOU HIGH\n|c| Primal Unova|he didn#t\n|c| sasol|a sun team losing to scizor\n|c| Primal Unova|break\n|c| Primal Unova|sub\n|c| Primal Unova|at all\n|c|@insydia|you choked\n|c| Primal Unova|he did 15%\n|c| Primal Unova|you choked\n|c| LadderSoTall|lol\n|inactive|Zaza Bitchulia has 120 seconds left.\n|c|\u2606Zaza Bitchulia|nah\n|c|@insydia|all u had to do was kill scizor\n|c|\u2606Zaza Bitchulia|I cant beat\n|c|\u2606whyaddicted|whatever\n|c|\u2606Zaza Bitchulia|kyurem\n|c|\u2606Zaza Bitchulia|at all\n|\n|switch|p1a: Stakataka|Stakataka|197\/326\n|turn|45\n|c|\u2606whyaddicted|ill leave kyurem\n|c|\u2606whyaddicted|last moment\n|c|\u2606Zaza Bitchulia|its impossible\n|\n|move|p2a: Scizor|Bullet Punch|p1a: Stakataka\n|-damage|p1a: Stakataka|10\/326\n|move|p1a: Stakataka|Stone Edge|p2a: Scizor|[miss]\n|-miss|p1a: Stakataka|p2a: Scizor\n|\n|-fieldend|move: Trick Room\n|upkeep\n|turn|46\n|c|@insydia|well i think tran broke the sub\n|c|@insydia|and he won with kyurem\n|c| Arschkratzer12|hax\n|c|@insydia|actually\n|c|\u2606Zaza Bitchulia|yea\n|c| Primal Unova|nah because\n|inactive|Zaza Bitchulia has 120 seconds left.\n|l| Arschkratzer12\n|c| Primal Unova|he had 2 turns of TR up\n|c| Mistric|GGGG\n|c| Mistric|G\n|c| Mistric|G\n|j| Vexmatt\n|c| Mistric|G\n|c| Primal Unova|so turn scizor\n|c| Primal Unova|then kill tran\n|c| Primal Unova|kyub breaks sub and dies\n|c| Wackin|pretty sure if he didnt sub and just attacked\n|c|\u2606Zaza Bitchulia|nah\n|c| Wackin|he won too\n|c|\u2606Zaza Bitchulia|there wasnt ehough turns\n|inactive|Zaza Bitchulia has 90 seconds left.\n|\n|move|p2a: Scizor|Bullet Punch|p1a: Stakataka\n|-damage|p1a: Stakataka|0 fnt\n|faint|p1a: Stakataka\n|\n|win|whyaddicted\n|c|\u2606Zaza Bitchulia|gg\n","uploadtime":1558379996,"views":123,"p1id":"zazabitchulia","p2id":"whyaddicted","formatid":"gen7ou","rating":0,"private":0,"password":null}