{"id":"gen7ou-778932125","p1":"Ohmboy Tesla","p2":"FSa","format":"gen7ou","log":"|j|\u2606Ohmboy Tesla\n|j|\u2606FSa\n|player|p1|Ohmboy Tesla|136\n|player|p2|FSa|170\n|teamsize|p1|6\n|teamsize|p2|6\n|gametype|singles\n|gen|7\n|tier|[Gen 7] OU\n|rated|\n|rule|Sleep Clause Mod: Limit one foe put to sleep\n|rule|Species Clause: Limit one of each Pok\u00e9mon\n|rule|OHKO Clause: OHKO moves are banned\n|rule|Moody Clause: Moody is banned\n|rule|Evasion Moves Clause: Evasion moves are banned\n|rule|Endless Battle Clause: Forcing endless battles is banned\n|rule|HP Percentage Mod: HP is shown in percentages\n|clearpoke\n|poke|p1|Diancie|item\n|poke|p1|Volcarona, M|item\n|poke|p1|Rotom-Wash|item\n|poke|p1|Tapu Bulu|item\n|poke|p1|Landorus-Therian, M|item\n|poke|p1|Toxapex, M|item\n|poke|p2|Shuckle, M|item\n|poke|p2|Thundurus-Therian, M|item\n|poke|p2|Serperior, M|item\n|poke|p2|Bisharp, M|item\n|poke|p2|Tapu Fini|item\n|poke|p2|Medicham, M|item\n|teampreview\n|j| jesusito9\n|\n|start\n|switch|p1a: Carbink-EX|Diancie|100\/100\n|switch|p2a: Serperior|Serperior, M|100\/100\n|turn|1\n|inactive|Battle timer is ON: inactive players will automatically lose when time's up. (requested by FSa)\n|\n|switch|p1a: Atlas|Volcarona, M|100\/100\n|move|p2a: Serperior|Leaf Storm|p1a: Atlas\n|-resisted|p1a: Atlas\n|-damage|p1a: Atlas|89\/100\n|-boost|p2a: Serperior|spa|2\n|\n|upkeep\n|turn|2\n|\n|switch|p2a: Shuckle|Shuckle, M|100\/100\n|move|p1a: Atlas|Quiver Dance|p1a: Atlas\n|-boost|p1a: Atlas|spa|1\n|-boost|p1a: Atlas|spd|1\n|-boost|p1a: Atlas|spe|1\n|\n|upkeep\n|turn|3\n|\n|move|p1a: Atlas|Fiery Dance|p2a: Shuckle\n|-damage|p2a: Shuckle|60\/100\n|move|p2a: Shuckle|Toxic|p1a: Atlas\n|-status|p1a: Atlas|tox\n|\n|-damage|p1a: Atlas|82\/100 tox|[from] psn\n|upkeep\n|turn|4\n|\n|move|p1a: Atlas|Fiery Dance|p2a: Shuckle\n|-damage|p2a: Shuckle|17\/100\n|-boost|p1a: Atlas|spa|1\n|move|p2a: Shuckle|Sticky Web|p1a: Atlas\n|-sidestart|p1: Ohmboy Tesla|move: Sticky Web\n|\n|-damage|p1a: Atlas|70\/100 tox|[from] psn\n|upkeep\n|turn|5\n|\n|move|p1a: Atlas|Fiery Dance|p2a: Shuckle\n|-damage|p2a: Shuckle|0 fnt\n|-boost|p1a: Atlas|spa|1\n|faint|p2a: Shuckle\n|\n|-damage|p1a: Atlas|52\/100 tox|[from] psn\n|upkeep\n|\n|switch|p2a: Medicham|Medicham, M|100\/100\n|turn|6\n|\n|detailschange|p2a: Medicham|Medicham-Mega, M\n|-mega|p2a: Medicham|Medicham|Medichamite\n|move|p2a: Medicham|Fake Out|p1a: Atlas\n|-damage|p1a: Atlas|14\/100 tox\n|-status|p2a: Medicham|brn|[from] ability: Flame Body|[of] p1a: Atlas\n|cant|p1a: Atlas|flinch\n|\n|-damage|p1a: Atlas|0 fnt|[from] psn\n|-damage|p2a: Medicham|94\/100 brn|[from] brn\n|upkeep\n|faint|p1a: Atlas\n|\n|switch|p1a: scRotom-Wash|Rotom-Wash|100\/100\n|turn|7\n|\n|switch|p2a: Bisharp|Bisharp, M|100\/100\n|move|p1a: scRotom-Wash|Will-O-Wisp|p2a: Bisharp\n|-status|p2a: Bisharp|brn\n|\n|-damage|p2a: Bisharp|95\/100 brn|[from] brn\n|upkeep\n|turn|8\n|\n|move|p2a: Bisharp|Knock Off|p1a: scRotom-Wash\n|-damage|p1a: scRotom-Wash|74\/100\n|-enditem|p1a: scRotom-Wash|Leftovers|[from] move: Knock Off|[of] p2a: Bisharp\n|move|p1a: scRotom-Wash|Volt Switch|p2a: Bisharp\n|-damage|p2a: Bisharp|52\/100 brn\n|\n|switch|p1a: Boy Fort|Toxapex, M|100\/100\n|-activate|p1a: Boy Fort|move: Sticky Web\n|-unboost|p1a: Boy Fort|spe|1\n|\n|-damage|p2a: Bisharp|46\/100 brn|[from] brn\n|upkeep\n|turn|9\n|\n|move|p2a: Bisharp|Swords Dance|p2a: Bisharp\n|-boost|p2a: Bisharp|atk|2\n|move|p1a: Boy Fort|Toxic Spikes|p2a: Bisharp\n|-sidestart|p2: FSa|move: Toxic Spikes\n|\n|-damage|p2a: Bisharp|40\/100 brn|[from] brn\n|upkeep\n|turn|10\n|\n|move|p2a: Bisharp|Knock Off|p1a: Boy Fort\n|-damage|p1a: Boy Fort|48\/100\n|-enditem|p1a: Boy Fort|Black Sludge|[from] move: Knock Off|[of] p2a: Bisharp\n|move|p1a: Boy Fort|Toxic Spikes|p2a: Bisharp\n|-sidestart|p2: FSa|move: Toxic Spikes\n|\n|-damage|p2a: Bisharp|34\/100 brn|[from] brn\n|upkeep\n|turn|11\n|\n|move|p2a: Bisharp|Knock Off|p1a: Boy Fort\n|-damage|p1a: Boy Fort|16\/100\n|move|p1a: Boy Fort|Recover|p1a: Boy Fort\n|-heal|p1a: Boy Fort|66\/100\n|\n|-damage|p2a: Bisharp|29\/100 brn|[from] brn\n|upkeep\n|turn|12\n|\n|move|p2a: Bisharp|Swords Dance|p2a: Bisharp\n|-boost|p2a: Bisharp|atk|2\n|move|p1a: Boy Fort|Haze|p1a: Boy Fort\n|-clearallboost\n|\n|-damage|p2a: Bisharp|23\/100 brn|[from] brn\n|upkeep\n|turn|13\n|\n|move|p2a: Bisharp|Swords Dance|p2a: Bisharp\n|-boost|p2a: Bisharp|atk|2\n|move|p1a: Boy Fort|Scald|p2a: Bisharp\n|-damage|p2a: Bisharp|0 fnt\n|faint|p2a: Bisharp\n|\n|upkeep\n|\n|switch|p2a: Tapu Fini|Tapu Fini|100\/100\n|-status|p2a: Tapu Fini|tox\n|-fieldstart|move: Misty Terrain|[from] ability: Misty Surge|[of] p2a: Tapu Fini\n|turn|14\n|\n|move|p2a: Tapu Fini|Nature's Madness|p1a: Boy Fort\n|-damage|p1a: Boy Fort|33\/100\n|move|p1a: Boy Fort|Toxic Spikes|p2a: Tapu Fini\n|-fail|p1a: Boy Fort\n|\n|-damage|p2a: Tapu Fini|94\/100 tox|[from] psn\n|upkeep\n|turn|15\n|\n|move|p2a: Tapu Fini|Taunt|p1a: Boy Fort\n|-start|p1a: Boy Fort|move: Taunt\n|cant|p1a: Boy Fort|move: Taunt|Recover\n|\n|-heal|p2a: Tapu Fini|100\/100 tox|[from] item: Leftovers\n|-damage|p2a: Tapu Fini|88\/100 tox|[from] psn\n|upkeep\n|turn|16\n|\n|switch|p2a: Serperior|Serperior, M|100\/100\n|switch|p1a: Flooffy Paws|Landorus-Therian, M|100\/100\n|-ability|p1a: Flooffy Paws|Intimidate|boost\n|-boost|p2a: Serperior|atk|1\n|\n|upkeep\n|turn|17\n|\n|switch|p2a: Thundurus|Thundurus-Therian, M|100\/100\n|move|p1a: Flooffy Paws|Toxic|p2a: Thundurus\n|-status|p2a: Thundurus|tox\n|\n|-damage|p2a: Thundurus|94\/100 tox|[from] psn\n|upkeep\n|turn|18\n|\n|move|p2a: Thundurus|Nasty Plot|p2a: Thundurus\n|-boost|p2a: Thundurus|spa|2\n|move|p1a: Flooffy Paws|U-turn|p2a: Thundurus\n|-resisted|p2a: Thundurus\n|-damage|p2a: Thundurus|77\/100 tox\n|\n|switch|p1a: Carbink-EX|Diancie|100\/100\n|-activate|p1a: Carbink-EX|move: Sticky Web\n|-fail|p1a: Carbink-EX|unboost|[from] ability: Clear Body|[of] p1a: Carbink-EX\n|\n|-damage|p2a: Thundurus|65\/100 tox|[from] psn\n|-fieldend|Misty Terrain\n|upkeep\n|turn|19\n|\n|detailschange|p1a: Carbink-EX|Diancie-Mega\n|-mega|p1a: Carbink-EX|Diancie|Diancite\n|move|p1a: Carbink-EX|Diamond Storm|p2a: Thundurus\n|-supereffective|p2a: Thundurus\n|-damage|p2a: Thundurus|0 fnt\n|-boost|p1a: Carbink-EX|def|2\n|faint|p2a: Thundurus\n|\n|upkeep\n|\n|switch|p2a: Tapu Fini|Tapu Fini|88\/100 tox\n|-fieldstart|move: Misty Terrain|[from] ability: Misty Surge|[of] p2a: Tapu Fini\n|turn|20\n|inactive|Ohmboy Tesla has 135 seconds left.\n|inactive|Ohmboy Tesla has 120 seconds left.\n|\n|move|p1a: Carbink-EX|Rock Polish|p1a: Carbink-EX\n|-boost|p1a: Carbink-EX|spe|2\n|move|p2a: Tapu Fini|Hydro Pump|p1a: Carbink-EX\n|-supereffective|p1a: Carbink-EX\n|-damage|p1a: Carbink-EX|8\/100\n|\n|-heal|p2a: Tapu Fini|94\/100 tox|[from] item: Leftovers\n|-damage|p2a: Tapu Fini|88\/100 tox|[from] psn\n|upkeep\n|turn|21\n|\n|move|p1a: Carbink-EX|Moonblast|p2a: Tapu Fini\n|-damage|p2a: Tapu Fini|40\/100 tox\n|-unboost|p2a: Tapu Fini|spa|1\n|move|p2a: Tapu Fini|Moonblast|p1a: Carbink-EX\n|-damage|p1a: Carbink-EX|0 fnt\n|faint|p1a: Carbink-EX\n|\n|-heal|p2a: Tapu Fini|46\/100 tox|[from] item: Leftovers\n|-damage|p2a: Tapu Fini|34\/100 tox|[from] psn\n|upkeep\n|\n|switch|p1a: Top Bull|Tapu Bulu|100\/100\n|-activate|p1a: Top Bull|move: Sticky Web\n|-unboost|p1a: Top Bull|spe|1\n|-fieldstart|move: Grassy Terrain|[from] ability: Grassy Surge|[of] p1a: Top Bull\n|turn|22\n|\n|switch|p2a: Medicham|Medicham-Mega, M|94\/100 brn\n|move|p1a: Top Bull|Horn Leech|p2a: Medicham\n|-damage|p2a: Medicham|18\/100 brn\n|\n|-heal|p2a: Medicham|24\/100 brn|[from] Grassy Terrain\n|-damage|p2a: Medicham|18\/100 brn|[from] brn\n|upkeep\n|turn|23\n|inactive|Ohmboy Tesla has 135 seconds left.\n|\n|switch|p1a: scRotom-Wash|Rotom-Wash|74\/100\n|move|p2a: Medicham|Ice Punch|p1a: scRotom-Wash\n|-resisted|p1a: scRotom-Wash\n|-damage|p1a: scRotom-Wash|64\/100\n|\n|-heal|p2a: Medicham|24\/100 brn|[from] Grassy Terrain\n|-damage|p2a: Medicham|18\/100 brn|[from] brn\n|upkeep\n|turn|24\n|\n|switch|p1a: Flooffy Paws|Landorus-Therian, M|100\/100\n|-ability|p1a: Flooffy Paws|Intimidate|boost\n|-unboost|p2a: Medicham|atk|1\n|move|p2a: Medicham|High Jump Kick|p1a: Flooffy Paws\n|-resisted|p1a: Flooffy Paws\n|-damage|p1a: Flooffy Paws|87\/100\n|\n|-heal|p2a: Medicham|24\/100 brn|[from] Grassy Terrain\n|-heal|p1a: Flooffy Paws|93\/100|[from] item: Leftovers\n|-damage|p2a: Medicham|18\/100 brn|[from] brn\n|upkeep\n|turn|25\n|\n|move|p2a: Medicham|Ice Punch|p1a: Flooffy Paws\n|-supereffective|p1a: Flooffy Paws\n|-damage|p1a: Flooffy Paws|48\/100\n|move|p1a: Flooffy Paws|U-turn|p2a: Medicham\n|-damage|p2a: Medicham|0 fnt\n|faint|p2a: Medicham\n|\n|switch|p1a: scRotom-Wash|Rotom-Wash|64\/100\n|\n|upkeep\n|\n|switch|p2a: Tapu Fini|Tapu Fini|34\/100 tox\n|-fieldstart|move: Misty Terrain|[from] ability: Misty Surge|[of] p2a: Tapu Fini\n|turn|26\n|\n|switch|p2a: Serperior|Serperior, M|100\/100\n|switch|p1a: Top Bull|Tapu Bulu|100\/100\n|-activate|p1a: Top Bull|move: Sticky Web\n|-unboost|p1a: Top Bull|spe|1\n|-fieldstart|move: Grassy Terrain|[from] ability: Grassy Surge|[of] p1a: Top Bull\n|\n|upkeep\n|turn|27\n|\n|move|p1a: Top Bull|Protect|p1a: Top Bull\n|-singleturn|p1a: Top Bull|Protect\n|move|p2a: Serperior|Leaf Storm|p1a: Top Bull\n|-activate|p1a: Top Bull|move: Protect\n|\n|upkeep\n|turn|28\n|\n|move|p2a: Serperior|Leaf Storm|p1a: Top Bull\n|-resisted|p1a: Top Bull\n|-damage|p1a: Top Bull|74\/100\n|-boost|p2a: Serperior|spa|2\n|move|p1a: Top Bull|Horn Leech|p2a: Serperior\n|-resisted|p2a: Serperior\n|-damage|p2a: Serperior|71\/100\n|-heal|p1a: Top Bull|87\/100|[from] drain|[of] p2a: Serperior\n|\n|-heal|p2a: Serperior|78\/100|[from] item: Leftovers\n|-heal|p2a: Serperior|84\/100|[from] Grassy Terrain\n|-heal|p1a: Top Bull|93\/100|[from] item: Leftovers\n|-heal|p1a: Top Bull|99\/100|[from] Grassy Terrain\n|upkeep\n|turn|29\n|\n|move|p1a: Top Bull|Protect|p1a: Top Bull\n|-singleturn|p1a: Top Bull|Protect\n|move|p2a: Serperior|Leaf Storm|p1a: Top Bull\n|-activate|p1a: Top Bull|move: Protect\n|\n|-heal|p2a: Serperior|90\/100|[from] item: Leftovers\n|-heal|p2a: Serperior|96\/100|[from] Grassy Terrain\n|-heal|p1a: Top Bull|100\/100|[from] item: Leftovers\n|upkeep\n|turn|30\n|\n|move|p2a: Serperior|Leaf Storm|p1a: Top Bull\n|-resisted|p1a: Top Bull\n|-damage|p1a: Top Bull|53\/100\n|-boost|p2a: Serperior|spa|2\n|move|p1a: Top Bull|Horn Leech|p2a: Serperior\n|-resisted|p2a: Serperior\n|-damage|p2a: Serperior|68\/100\n|-heal|p1a: Top Bull|67\/100|[from] drain|[of] p2a: Serperior\n|\n|-heal|p2a: Serperior|74\/100|[from] item: Leftovers\n|-heal|p2a: Serperior|80\/100|[from] Grassy Terrain\n|-heal|p1a: Top Bull|73\/100|[from] item: Leftovers\n|-heal|p1a: Top Bull|79\/100|[from] Grassy Terrain\n|-fieldend|move: Grassy Terrain\n|upkeep\n|turn|31\n|inactive|Ohmboy Tesla has 135 seconds left.\n|\n|move|p1a: Top Bull|Protect|p1a: Top Bull\n|-singleturn|p1a: Top Bull|Protect\n|move|p2a: Serperior|Substitute|p2a: Serperior\n|-start|p2a: Serperior|Substitute\n|-damage|p2a: Serperior|55\/100\n|\n|-heal|p2a: Serperior|61\/100|[from] item: Leftovers\n|-heal|p1a: Top Bull|85\/100|[from] item: Leftovers\n|upkeep\n|turn|32\n|\n|move|p2a: Serperior|Hidden Power|p1a: Top Bull\n|-supereffective|p1a: Top Bull\n|-damage|p1a: Top Bull|23\/100\n|move|p1a: Top Bull|Horn Leech|p2a: Serperior\n|-resisted|p2a: Serperior\n|-activate|p2a: Serperior|move: Substitute|[damage]\n|-heal|p1a: Top Bull|32\/100|[from] drain|[of] p2a: Serperior\n|\n|-heal|p2a: Serperior|68\/100|[from] item: Leftovers\n|-heal|p1a: Top Bull|38\/100|[from] item: Leftovers\n|upkeep\n|turn|33\n|inactive|Ohmboy Tesla has 135 seconds left.\n|\n|switch|p1a: Flooffy Paws|Landorus-Therian, M|48\/100\n|-ability|p1a: Flooffy Paws|Intimidate|boost\n|-immune|p2a: Serperior|[msg]\n|move|p2a: Serperior|Hidden Power|p1a: Flooffy Paws\n|-damage|p1a: Flooffy Paws|1\/100\n|\n|-heal|p2a: Serperior|74\/100|[from] item: Leftovers\n|-heal|p1a: Flooffy Paws|7\/100|[from] item: Leftovers\n|upkeep\n|turn|34\n|\n|switch|p1a: Boy Fort|Toxapex, M|67\/100\n|-activate|p1a: Boy Fort|move: Sticky Web\n|-unboost|p1a: Boy Fort|spe|1\n|move|p2a: Serperior|Hidden Power|p1a: Boy Fort\n|-resisted|p1a: Boy Fort\n|-damage|p1a: Boy Fort|54\/100\n|\n|-heal|p2a: Serperior|80\/100|[from] item: Leftovers\n|upkeep\n|turn|35\n|\n|switch|p1a: Flooffy Paws|Landorus-Therian, M|7\/100\n|-ability|p1a: Flooffy Paws|Intimidate|boost\n|-immune|p2a: Serperior|[msg]\n|move|p2a: Serperior|Leaf Storm|p1a: Flooffy Paws\n|-damage|p1a: Flooffy Paws|0 fnt\n|-boost|p2a: Serperior|spa|2\n|faint|p1a: Flooffy Paws\n|\n|-heal|p2a: Serperior|86\/100|[from] item: Leftovers\n|upkeep\n|inactive|Ohmboy Tesla has 135 seconds left.\n|\n|switch|p1a: scRotom-Wash|Rotom-Wash|64\/100\n|turn|36\n|c| jesusito9|gg\n|inactive|Ohmboy Tesla has 135 seconds left.\n|inactive|FSa has 135 seconds left.\n|inactive|FSa has 120 seconds left.\n|c|\u2606FSa|i don' t know who will win. but GG.\n|c|\u2606FSa|a very nice match\n|c|\u2606Ohmboy Tesla|same\n|c|\u2606Ohmboy Tesla|gg\n|inactive|FSa has 105 seconds left.\n|inactive|FSa has 90 seconds left.\n|\n|move|p2a: Serperior|Leech Seed|p1a: scRotom-Wash\n|-start|p1a: scRotom-Wash|move: Leech Seed\n|move|p1a: scRotom-Wash|Volt Switch|p2a: Serperior\n|-resisted|p2a: Serperior\n|-end|p2a: Serperior|Substitute\n|\n|switch|p1a: Top Bull|Tapu Bulu|38\/100\n|-activate|p1a: Top Bull|move: Sticky Web\n|-unboost|p1a: Top Bull|spe|1\n|-fieldstart|move: Grassy Terrain|[from] ability: Grassy Surge|[of] p1a: Top Bull\n|\n|-heal|p2a: Serperior|93\/100|[from] item: Leftovers\n|-heal|p2a: Serperior|99\/100|[from] Grassy Terrain\n|-heal|p1a: Top Bull|44\/100|[from] item: Leftovers\n|-heal|p1a: Top Bull|50\/100|[from] Grassy Terrain\n|upkeep\n|turn|37\n|\n|move|p2a: Serperior|Hidden Power|p1a: Top Bull\n|-supereffective|p1a: Top Bull\n|-damage|p1a: Top Bull|0 fnt\n|faint|p1a: Top Bull\n|\n|-heal|p2a: Serperior|100\/100|[from] item: Leftovers\n|upkeep\n|l| jesusito9\n|\n|switch|p1a: scRotom-Wash|Rotom-Wash|64\/100\n|turn|38\n|\n|move|p2a: Serperior|Leaf Storm|p1a: scRotom-Wash\n|-supereffective|p1a: scRotom-Wash\n|-damage|p1a: scRotom-Wash|0 fnt\n|faint|p1a: scRotom-Wash\n|\n|upkeep\n|\n|switch|p1a: Boy Fort|Toxapex, M|87\/100\n|-activate|p1a: Boy Fort|move: Sticky Web\n|-unboost|p1a: Boy Fort|spe|1\n|turn|39\n|\n|move|p2a: Serperior|Leaf Storm|p1a: Boy Fort\n|-damage|p1a: Boy Fort|0 fnt\n|faint|p1a: Boy Fort\n|\n|win|FSa\n|raw|Ohmboy Tesla's rating: 1577 &rarr; <strong>1557<\/strong><br \/>(-20 for losing)\n|raw|FSa's rating: 1574 &rarr; <strong>1594<\/strong><br \/>(+20 for winning)\n","inputlog":null,"uploadtime":1532167018,"views":24,"p1id":"ohmboytesla","p2id":"fsa","formatid":"gen7ou","rating":1557,"private":0,"password":null}