{"id":"gen7ou-905090842","p1":"Stain Hero Killer","p2":"orangesss","format":"gen7ou","log":"|j|\u2606Stain Hero Killer\n|j|\u2606orangesss\n|player|p1|Stain Hero Killer|145\n|player|p2|orangesss|95\n|teamsize|p1|6\n|teamsize|p2|6\n|gametype|singles\n|gen|7\n|tier|[Gen 7] OU\n|rated|\n|rule|Sleep Clause Mod: Limit one foe put to sleep\n|rule|Species Clause: Limit one of each Pok\u00e9mon\n|rule|OHKO Clause: OHKO moves are banned\n|rule|Moody Clause: Moody is banned\n|rule|Evasion Moves Clause: Evasion moves are banned\n|rule|Endless Battle Clause: Forcing endless battles is banned\n|rule|HP Percentage Mod: HP is shown in percentages\n|clearpoke\n|poke|p1|Vaporeon, F|item\n|poke|p1|Weavile, F|item\n|poke|p1|Charizard, M|item\n|poke|p1|Celesteela|item\n|poke|p1|Landorus-Therian, M|item\n|poke|p1|Ferrothorn, F|item\n|poke|p2|Hawlucha, M|item\n|poke|p2|Ferrothorn, M|item\n|poke|p2|Pelipper, F|item\n|poke|p2|Tapu Koko|item\n|poke|p2|Swampert, M|item\n|poke|p2|Kartana|item\n|teampreview\n|inactive|Battle timer is ON: inactive players will automatically lose when time's up. (requested by orangesss)\n|\n|start\n|switch|p1a: Ferrothorn|Ferrothorn, F, shiny|100\/100\n|switch|p2a: Birdman|Tapu Koko|100\/100\n|-fieldstart|move: Electric Terrain|[from] ability: Electric Surge|[of] p2a: Birdman\n|turn|1\n|\n|move|p2a: Birdman|Taunt|p1a: Ferrothorn\n|-start|p1a: Ferrothorn|move: Taunt\n|cant|p1a: Ferrothorn|move: Taunt|Stealth Rock\n|\n|upkeep\n|turn|2\n|\n|switch|p2a: Hate rain :(|Ferrothorn, M|100\/100\n|switch|p1a: Landorus|Landorus-Therian, M|100\/100\n|-ability|p1a: Landorus|Intimidate|boost\n|-unboost|p2a: Hate rain :(|atk|1\n|\n|upkeep\n|turn|3\n|\n|move|p1a: Landorus|U-turn|p2a: Hate rain :(\n|-damage|p2a: Hate rain :(|83\/100\n|-damage|p1a: Landorus|88\/100|[from] ability: Iron Barbs|[of] p2a: Hate rain :(\n|\n|switch|p1a: Charizard|Charizard, M|100\/100|[from]move: U-turn\n|move|p2a: Hate rain :(|Stealth Rock|p1a: Charizard\n|-sidestart|p1: Stain Hero Killer|move: Stealth Rock\n|\n|-heal|p2a: Hate rain :(|89\/100|[from] item: Leftovers\n|upkeep\n|turn|4\n|\n|switch|p2a: Nappy love|Pelipper, F|100\/100\n|-weather|RainDance|[from] ability: Drizzle|[of] p2a: Nappy love\n|detailschange|p1a: Charizard|Charizard-Mega-X, M\n|-mega|p1a: Charizard|Charizard|Charizardite X\n|move|p1a: Charizard|Dragon Dance|p1a: Charizard\n|-boost|p1a: Charizard|atk|1\n|-boost|p1a: Charizard|spe|1\n|\n|-weather|RainDance|[upkeep]\n|upkeep\n|turn|5\n|\n|move|p1a: Charizard|Dragon Dance|p1a: Charizard\n|-boost|p1a: Charizard|atk|1\n|-boost|p1a: Charizard|spe|1\n|move|p2a: Nappy love|U-turn|p1a: Charizard\n|-resisted|p1a: Charizard\n|-damage|p1a: Charizard|96\/100\n|\n|switch|p2a: Copypaste|Hawlucha, M|100\/100|[from]move: U-turn\n|-enditem|p2a: Copypaste|Electric Seed\n|-boost|p2a: Copypaste|def|1\n|\n|-weather|RainDance|[upkeep]\n|-fieldend|move: Electric Terrain\n|upkeep\n|turn|6\n|\n|move|p1a: Charizard|Flare Blitz|p2a: Copypaste\n|-damage|p2a: Copypaste|32\/100\n|-damage|p1a: Charizard|75\/100|[from] Recoil\n|move|p2a: Copypaste|High Jump Kick|p1a: Charizard\n|-damage|p1a: Charizard|25\/100\n|\n|-weather|RainDance|[upkeep]\n|upkeep\n|turn|7\n|\n|switch|p2a: Hate rain :(|Ferrothorn, M|89\/100\n|move|p1a: Charizard|Roost|p1a: Charizard\n|-heal|p1a: Charizard|75\/100\n|-singleturn|p1a: Charizard|move: Roost\n|\n|-weather|RainDance|[upkeep]\n|-heal|p2a: Hate rain :(|96\/100|[from] item: Leftovers\n|upkeep\n|turn|8\n|\n|move|p1a: Charizard|Dragon Dance|p1a: Charizard\n|-boost|p1a: Charizard|atk|1\n|-boost|p1a: Charizard|spe|1\n|move|p2a: Hate rain :(|Spikes|p1a: Charizard\n|-sidestart|p1: Stain Hero Killer|Spikes\n|\n|-weather|RainDance|[upkeep]\n|-heal|p2a: Hate rain :(|100\/100|[from] item: Leftovers\n|upkeep\n|turn|9\n|\n|switch|p2a: Birdman|Tapu Koko|100\/100\n|-fieldstart|move: Electric Terrain|[from] ability: Electric Surge|[of] p2a: Birdman\n|move|p1a: Charizard|Flare Blitz|p2a: Birdman\n|-damage|p2a: Birdman|0 fnt\n|-damage|p1a: Charizard|48\/100|[from] Recoil\n|faint|p2a: Birdman\n|\n|-weather|RainDance|[upkeep]\n|upkeep\n|\n|switch|p2a: Swamp Thing|Swampert, M|100\/100\n|turn|10\n|\n|detailschange|p2a: Swamp Thing|Swampert-Mega, M\n|-mega|p2a: Swamp Thing|Swampert|Swampertite\n|move|p1a: Charizard|Earthquake|p2a: Swamp Thing\n|-damage|p2a: Swamp Thing|32\/100\n|move|p2a: Swamp Thing|Earthquake|p1a: Charizard\n|-supereffective|p1a: Charizard\n|-damage|p1a: Charizard|0 fnt\n|faint|p1a: Charizard\n|\n|-weather|RainDance|[upkeep]\n|upkeep\n|\n|switch|p1a: Ferrothorn|Ferrothorn, F, shiny|100\/100\n|-damage|p1a: Ferrothorn|94\/100|[from] Stealth Rock\n|-damage|p1a: Ferrothorn|82\/100|[from] Spikes\n|turn|11\n|\n|switch|p2a: Hate rain :(|Ferrothorn, M|100\/100\n|move|p1a: Ferrothorn|Stealth Rock|p2a: Hate rain :(\n|-sidestart|p2: orangesss|move: Stealth Rock\n|\n|-weather|none\n|-heal|p1a: Ferrothorn|88\/100|[from] item: Leftovers\n|upkeep\n|turn|12\n|\n|switch|p1a: Celesteela|Celesteela|100\/100\n|-damage|p1a: Celesteela|88\/100|[from] Stealth Rock\n|move|p2a: Hate rain :(|Knock Off|p1a: Celesteela\n|-damage|p1a: Celesteela|73\/100\n|-enditem|p1a: Celesteela|Leftovers|[from] move: Knock Off|[of] p2a: Hate rain :(\n|\n|upkeep\n|turn|13\n|\n|switch|p2a: Copypaste|Hawlucha, M|32\/100\n|-damage|p2a: Copypaste|20\/100|[from] Stealth Rock\n|move|p1a: Celesteela|Flamethrower|p2a: Copypaste\n|-damage|p2a: Copypaste|0 fnt\n|faint|p2a: Copypaste\n|-ability|p1a: Celesteela|Beast Boost|boost\n|-boost|p1a: Celesteela|spd|1\n|\n|-fieldend|move: Electric Terrain\n|upkeep\n|\n|switch|p2a: Nappy love|Pelipper, F|100\/100\n|-damage|p2a: Nappy love|76\/100|[from] Stealth Rock\n|-weather|RainDance|[from] ability: Drizzle|[of] p2a: Nappy love\n|turn|14\n|\n|move|p2a: Nappy love|U-turn|p1a: Celesteela\n|-resisted|p1a: Celesteela\n|-damage|p1a: Celesteela|72\/100\n|\n|switch|p2a: Hate rain :(|Ferrothorn, M|100\/100|[from]move: U-turn\n|-damage|p2a: Hate rain :(|94\/100|[from] Stealth Rock\n|move|p1a: Celesteela|Leech Seed|p2a: Hate rain :(\n|-immune|p2a: Hate rain :(\n|\n|-weather|RainDance|[upkeep]\n|-heal|p2a: Hate rain :(|100\/100|[from] item: Leftovers\n|upkeep\n|turn|15\n|\n|switch|p2a: Swamp Thing|Swampert-Mega, M|32\/100\n|-damage|p2a: Swamp Thing|26\/100|[from] Stealth Rock\n|move|p1a: Celesteela|Flamethrower|p2a: Swamp Thing\n|-resisted|p2a: Swamp Thing\n|-damage|p2a: Swamp Thing|22\/100\n|\n|-weather|RainDance|[upkeep]\n|upkeep\n|turn|16\n|\n|switch|p1a: Ferrothorn|Ferrothorn, F, shiny|88\/100\n|-damage|p1a: Ferrothorn|75\/100|[from] Spikes\n|-damage|p1a: Ferrothorn|69\/100|[from] Stealth Rock\n|move|p2a: Swamp Thing|Waterfall|p1a: Ferrothorn\n|-resisted|p1a: Ferrothorn\n|-damage|p1a: Ferrothorn|41\/100\n|-damage|p2a: Swamp Thing|10\/100|[from] ability: Iron Barbs|[of] p1a: Ferrothorn\n|\n|-weather|RainDance|[upkeep]\n|-heal|p1a: Ferrothorn|48\/100|[from] item: Leftovers\n|upkeep\n|turn|17\n|\n|move|p2a: Swamp Thing|Earthquake|p1a: Ferrothorn\n|-damage|p1a: Ferrothorn|2\/100\n|move|p1a: Ferrothorn|Spikes|p2a: Swamp Thing\n|-sidestart|p2: orangesss|Spikes\n|\n|-weather|RainDance|[upkeep]\n|-heal|p1a: Ferrothorn|9\/100|[from] item: Leftovers\n|upkeep\n|turn|18\n|\n|move|p2a: Swamp Thing|Earthquake|p1a: Ferrothorn\n|-damage|p1a: Ferrothorn|0 fnt\n|faint|p1a: Ferrothorn\n|\n|-weather|RainDance|[upkeep]\n|upkeep\n|\n|switch|p1a: Weavile|Weavile, F|100\/100\n|-damage|p1a: Weavile|76\/100|[from] Stealth Rock\n|-damage|p1a: Weavile|63\/100|[from] Spikes\n|-ability|p1a: Weavile|Pressure\n|turn|19\n|\n|move|p1a: Weavile|Ice Shard|p2a: Swamp Thing\n|-damage|p2a: Swamp Thing|0 fnt\n|faint|p2a: Swamp Thing\n|\n|-weather|RainDance|[upkeep]\n|upkeep\n|inactive|orangesss has 120 seconds left.\n|\n|switch|p2a: Kartana|Kartana|100\/100\n|-damage|p2a: Kartana|88\/100|[from] Spikes\n|-damage|p2a: Kartana|82\/100|[from] Stealth Rock\n|turn|20\n|\n|switch|p1a: Landorus|Landorus-Therian, M|88\/100\n|-damage|p1a: Landorus|76\/100|[from] Stealth Rock\n|-ability|p1a: Landorus|Intimidate|boost\n|-unboost|p2a: Kartana|atk|1\n|move|p2a: Kartana|Sacred Sword|p1a: Landorus\n|-resisted|p1a: Landorus\n|-damage|p1a: Landorus|60\/100\n|\n|-weather|RainDance|[upkeep]\n|upkeep\n|turn|21\n|inactive|orangesss has 120 seconds left.\n|\n|switch|p2a: Nappy love|Pelipper, F|76\/100\n|-damage|p2a: Nappy love|51\/100|[from] Stealth Rock\n|move|p1a: Landorus|U-turn|p2a: Nappy love\n|-resisted|p2a: Nappy love\n|-damage|p2a: Nappy love|39\/100\n|\n|switch|p1a: Vaporeon|Vaporeon, F|100\/100|[from]move: U-turn\n|-damage|p1a: Vaporeon|88\/100|[from] Spikes\n|-damage|p1a: Vaporeon|76\/100|[from] Stealth Rock\n|\n|-weather|none\n|upkeep\n|turn|22\n|\n|move|p1a: Vaporeon|Hydro Pump|p2a: Nappy love\n|-resisted|p2a: Nappy love\n|-damage|p2a: Nappy love|0 fnt\n|faint|p2a: Nappy love\n|\n|upkeep\n|\n|switch|p2a: Hate rain :(|Ferrothorn, M|100\/100\n|-damage|p2a: Hate rain :(|94\/100|[from] Stealth Rock\n|-damage|p2a: Hate rain :(|82\/100|[from] Spikes\n|turn|23\n|\n|switch|p1a: Celesteela|Celesteela|72\/100\n|-damage|p1a: Celesteela|59\/100|[from] Stealth Rock\n|move|p2a: Hate rain :(|Spikes|p1a: Celesteela\n|-sidestart|p1: Stain Hero Killer|Spikes\n|\n|-heal|p2a: Hate rain :(|88\/100|[from] item: Leftovers\n|upkeep\n|turn|24\n|\n|move|p1a: Celesteela|Flamethrower|p2a: Hate rain :(\n|-supereffective|p2a: Hate rain :(\n|-damage|p2a: Hate rain :(|20\/100\n|move|p2a: Hate rain :(|Knock Off|p1a: Celesteela\n|-damage|p1a: Celesteela|48\/100\n|\n|-heal|p2a: Hate rain :(|26\/100|[from] item: Leftovers\n|upkeep\n|turn|25\n|\n|move|p1a: Celesteela|Flamethrower|p2a: Hate rain :(\n|-supereffective|p2a: Hate rain :(\n|-damage|p2a: Hate rain :(|0 fnt\n|faint|p2a: Hate rain :(\n|-ability|p1a: Celesteela|Beast Boost|boost\n|-boost|p1a: Celesteela|spd|1\n|\n|upkeep\n|\n|switch|p2a: Kartana|Kartana|82\/100\n|-damage|p2a: Kartana|76\/100|[from] Stealth Rock\n|-damage|p2a: Kartana|63\/100|[from] Spikes\n|turn|26\n|\n|move|p1a: Celesteela|Protect|p1a: Celesteela\n|-singleturn|p1a: Celesteela|Protect\n|move|p2a: Kartana|Sacred Sword|p1a: Celesteela\n|-activate|p1a: Celesteela|move: Protect\n|\n|upkeep\n|turn|27\n|\n|move|p2a: Kartana|Sacred Sword|p1a: Celesteela\n|-damage|p1a: Celesteela|20\/100\n|move|p1a: Celesteela|Flamethrower|p2a: Kartana\n|-supereffective|p2a: Kartana\n|-damage|p2a: Kartana|0 fnt\n|faint|p2a: Kartana\n|\n|win|Stain Hero Killer\n|l|\u2606orangesss\n","uploadtime":1557170593,"views":19,"p1id":"stainherokiller","p2id":"orangesss","formatid":"gen7ou","rating":0,"private":0,"password":null}