{"id":"gen7ou-1603172716","p1":"wuilan jie","p2":"Godci","format":"gen7ou","log":"|j|\u203dwuilan jie\n|j|\u2606Godci\n|t:|1656069106\n|gametype|singles\n|player|p1|wuilan jie|red|1357\n|player|p2|Godci|elesa|1360\n|teamsize|p1|6\n|teamsize|p2|6\n|gen|7\n|tier|[Gen 7] OU\n|rated|\n|rule|Sleep Clause Mod: Limit one foe put to sleep\n|rule|Species Clause: Limit one of each Pok\u00e9mon\n|rule|OHKO Clause: OHKO moves are banned\n|rule|Moody Clause: Moody is banned\n|rule|Evasion Moves Clause: Evasion moves are banned\n|rule|Endless Battle Clause: Forcing endless battles is banned\n|rule|HP Percentage Mod: HP is shown in percentages\n|clearpoke\n|poke|p1|Kommo-o, M|item\n|poke|p1|Cresselia, F|item\n|poke|p1|Heatran, M|item\n|poke|p1|Mantine, F|item\n|poke|p1|Landorus-Therian, M|item\n|poke|p1|Medicham, M|item\n|poke|p2|Mawile, F|item\n|poke|p2|Tapu Koko|item\n|poke|p2|Chansey, F|item\n|poke|p2|Heatran, M|item\n|poke|p2|Rotom-Wash|item\n|poke|p2|Salamence, M|item\n|teampreview\n|inactive|Battle timer is ON: inactive players will automatically lose when time's up. (requested by Godci)\n|\n|t:|1656069123\n|start\n|switch|p1a: Heatran|Heatran, M|100\/100\n|switch|p2a: Tapu Koko|Tapu Koko|100\/100\n|-fieldstart|move: Electric Terrain|[from] ability: Electric Surge|[of] p2a: Tapu Koko\n|turn|1\n|\n|t:|1656069137\n|switch|p2a: Heatran|Heatran, M|100\/100\n|-item|p2a: Heatran|Air Balloon\n|move|p1a: Heatran|Stealth Rock|p2a: Heatran\n|-sidestart|p2: Godci|move: Stealth Rock\n|\n|upkeep\n|turn|2\n|\n|t:|1656069144\n|switch|p1a: Kommo-o|Kommo-o, M|100\/100\n|move|p2a: Heatran|Stealth Rock|p1a: Kommo-o\n|-sidestart|p1: wuilan jie|move: Stealth Rock\n|\n|upkeep\n|turn|3\n|inactive|wuilan jie has 120 seconds left.\n|l|\u203dwuilan jie\n|inactive|wuilan jie disconnected and has a minute to reconnect!\n|player|p1|\n|inactive|wuilan jie has 30 seconds to reconnect!\n|inactive|wuilan jie has 20 seconds to reconnect!\n|inactive|wuilan jie has 15 seconds to reconnect!\n|inactive|wuilan jie has 10 seconds to reconnect!\n|j|\u203dwuilan jie\n|inactive|wuilan jie reconnected and has 60 seconds left.\n|player|p1|wuilan jie|red\n|n|\u203dwuilan jie|wuilanjie\n|\n|t:|1656069244\n|switch|p2a: Tapu Koko|Tapu Koko|100\/100\n|-damage|p2a: Tapu Koko|88\/100|[from] Stealth Rock\n|move|p1a: Kommo-o|Poison Jab|p2a: Tapu Koko\n|-supereffective|p2a: Tapu Koko\n|-damage|p2a: Tapu Koko|38\/100\n|-status|p2a: Tapu Koko|psn\n|\n|-damage|p2a: Tapu Koko|25\/100 psn|[from] psn\n|upkeep\n|turn|4\n|inactive|wuilan jie has 60 seconds left.\n|\n|t:|1656069253\n|switch|p1a: Heatran|Heatran, M|100\/100\n|-damage|p1a: Heatran|88\/100|[from] Stealth Rock\n|move|p2a: Tapu Koko|Dazzling Gleam|p1a: Heatran\n|-resisted|p1a: Heatran\n|-damage|p1a: Heatran|83\/100\n|\n|-heal|p1a: Heatran|89\/100|[from] item: Leftovers\n|-damage|p2a: Tapu Koko|13\/100 psn|[from] psn\n|upkeep\n|turn|5\n|inactive|wuilan jie has 60 seconds left.\n|\n|t:|1656069265\n|switch|p2a: Rotom|Rotom-Wash|100\/100\n|-damage|p2a: Rotom|88\/100|[from] Stealth Rock\n|move|p1a: Heatran|Protect||[still]\n|-fail|p1a: Heatran\n|\n|-heal|p1a: Heatran|95\/100|[from] item: Leftovers\n|-heal|p2a: Rotom|94\/100|[from] item: Leftovers\n|-fieldend|move: Electric Terrain\n|upkeep\n|turn|6\n|inactive|wuilan jie has 60 seconds left.\n|\n|t:|1656069284\n|switch|p1a: Kommo-o|Kommo-o, M|100\/100\n|-damage|p1a: Kommo-o|94\/100|[from] Stealth Rock\n|move|p2a: Rotom|Volt Switch|p1a: Kommo-o\n|-resisted|p1a: Kommo-o\n|-damage|p1a: Kommo-o|75\/100\n|\n|t:|1656069291\n|switch|p2a: Salamence|Salamence, M|100\/100|[from]move: Volt Switch\n|-damage|p2a: Salamence|76\/100|[from] Stealth Rock\n|\n|upkeep\n|turn|7\n|\n|t:|1656069303\n|switch|p1a: Cresselia|Cresselia, F|100\/100\n|-damage|p1a: Cresselia|88\/100|[from] Stealth Rock\n|move|p2a: Salamence|Outrage|p1a: Cresselia\n|-damage|p1a: Cresselia|57\/100\n|-damage|p2a: Salamence|59\/100|[from] item: Rocky Helmet|[of] p1a: Cresselia\n|\n|upkeep\n|turn|8\n|inactive|wuilan jie has 60 seconds left.\n|\n|t:|1656069321\n|move|p2a: Salamence|Outrage|p1a: Cresselia|[from]lockedmove\n|-damage|p1a: Cresselia|23\/100\n|-damage|p2a: Salamence|42\/100|[from] item: Rocky Helmet|[of] p1a: Cresselia\n|move|p1a: Cresselia|Moonblast|p2a: Salamence\n|-supereffective|p2a: Salamence\n|-damage|p2a: Salamence|0 fnt\n|faint|p2a: Salamence\n|\n|upkeep\n|\n|t:|1656069327\n|switch|p2a: Mawile|Mawile, F|100\/100\n|-damage|p2a: Mawile|95\/100|[from] Stealth Rock\n|turn|9\n|\n|t:|1656069333\n|detailschange|p2a: Mawile|Mawile-Mega, F\n|-mega|p2a: Mawile|Mawile|Mawilite\n|move|p1a: Cresselia|Lunar Dance|p1a: Cresselia\n|faint|p1a: Cresselia\n|move|p2a: Mawile|Swords Dance|p2a: Mawile\n|-boost|p2a: Mawile|atk|2\n|\n|upkeep\n|\n|t:|1656069347\n|switch|p1a: Heatran|Heatran, M|95\/100\n|-heal|p1a: Heatran|100\/100|[from] move: Lunar Dance\n|-damage|p1a: Heatran|88\/100|[from] Stealth Rock\n|turn|10\n|\n|t:|1656069353\n|move|p2a: Mawile|Sucker Punch|p1a: Heatran\n|-damage|p1a: Heatran|5\/100\n|move|p1a: Heatran|Magma Storm|p2a: Mawile|[miss]\n|-miss|p1a: Heatran|p2a: Mawile\n|\n|-heal|p1a: Heatran|11\/100|[from] item: Leftovers\n|upkeep\n|turn|11\n|\n|t:|1656069359\n|move|p2a: Mawile|Sucker Punch|p1a: Heatran\n|-damage|p1a: Heatran|0 fnt\n|faint|p1a: Heatran\n|\n|upkeep\n|\n|t:|1656069361\n|switch|p1a: Landorus|Landorus-Therian, M|100\/100\n|-damage|p1a: Landorus|88\/100|[from] Stealth Rock\n|-ability|p1a: Landorus|Intimidate|boost\n|-unboost|p2a: Mawile|atk|1\n|turn|12\n|\n|t:|1656069366\n|move|p2a: Mawile|Sucker Punch|p1a: Landorus\n|-damage|p1a: Landorus|14\/100\n|move|p1a: Landorus|Earthquake|p2a: Mawile\n|-supereffective|p2a: Mawile\n|-damage|p2a: Mawile|0 fnt\n|faint|p2a: Mawile\n|\n|upkeep\n|\n|t:|1656069373\n|switch|p2a: Rotom|Rotom-Wash|94\/100\n|-damage|p2a: Rotom|82\/100|[from] Stealth Rock\n|turn|13\n|\n|t:|1656069381\n|switch|p1a: Kommo-o|Kommo-o, M|75\/100\n|-damage|p1a: Kommo-o|69\/100|[from] Stealth Rock\n|move|p2a: Rotom|Volt Switch|p1a: Kommo-o\n|-resisted|p1a: Kommo-o\n|-damage|p1a: Kommo-o|50\/100\n|\n|t:|1656069387\n|switch|p2a: Tapu Koko|Tapu Koko|13\/100 psn|[from]move: Volt Switch\n|-damage|p2a: Tapu Koko|0 fnt|[from] Stealth Rock\n|faint|p2a: Tapu Koko\n|\n|upkeep\n|\n|t:|1656069391\n|switch|p2a: Rotom|Rotom-Wash|82\/100\n|-damage|p2a: Rotom|69\/100|[from] Stealth Rock\n|turn|14\n|\n|t:|1656069395\n|-zpower|p1a: Kommo-o\n|move|p1a: Kommo-o|Clangorous Soulblaze|p2a: Rotom|[zeffect]\n|-damage|p2a: Rotom|0 fnt\n|faint|p2a: Rotom\n|-boost|p1a: Kommo-o|atk|1\n|-boost|p1a: Kommo-o|def|1\n|-boost|p1a: Kommo-o|spa|1\n|-boost|p1a: Kommo-o|spd|1\n|-boost|p1a: Kommo-o|spe|1\n|\n|upkeep\n|\n|t:|1656069398\n|switch|p2a: Heatran|Heatran, M|100\/100\n|-damage|p2a: Heatran|88\/100|[from] Stealth Rock\n|-item|p2a: Heatran|Air Balloon\n|turn|15\n|\n|t:|1656069404\n|move|p1a: Kommo-o|Close Combat|p2a: Heatran\n|-supereffective|p2a: Heatran\n|-damage|p2a: Heatran|0 fnt\n|-unboost|p1a: Kommo-o|def|1\n|-unboost|p1a: Kommo-o|spd|1\n|-enditem|p2a: Heatran|Air Balloon\n|faint|p2a: Heatran\n|\n|upkeep\n|-message|Godci forfeited.\n|\n|win|wuilan jie\n|raw|wuilan jie's rating: 1357 &rarr; <strong>1377<\/strong><br \/>(+20 for winning)\n|raw|Godci's rating: 1360 &rarr; <strong>1340<\/strong><br \/>(-20 for losing)\n|l|\u2606Godci\n","uploadtime":1656069573,"views":5,"p1id":"wuilanjie","p2id":"godci","formatid":"gen7ou","rating":1340,"private":0,"password":null}