{"id":"gen7ou-865462928","p1":"clail","p2":"Kaylss","format":"gen7ou","log":"|raw|<div class=\"broadcast-red\"><strong>This battle is invite-only!<\/strong><br \/>Users must be rank + or invited with <code>\/invite<\/code> to join<\/div>\n|j|\u2606clail\n|j|\u2606Kaylss\n|player|p1|clail|102\n|player|p2|Kaylss|138\n|teamsize|p1|6\n|teamsize|p2|6\n|gametype|singles\n|gen|7\n|tier|[Gen 7] OU\n|rated|\n|rule|Sleep Clause Mod: Limit one foe put to sleep\n|rule|Species Clause: Limit one of each Pok\u00e9mon\n|rule|OHKO Clause: OHKO moves are banned\n|rule|Moody Clause: Moody is banned\n|rule|Evasion Moves Clause: Evasion moves are banned\n|rule|Endless Battle Clause: Forcing endless battles is banned\n|rule|HP Percentage Mod: HP is shown in percentages\n|clearpoke\n|poke|p1|Diancie|item\n|poke|p1|Clefable, F|item\n|poke|p1|Greninja, M|item\n|poke|p1|Magnezone|item\n|poke|p1|Landorus-Therian, M|item\n|poke|p1|Muk-Alola, F|item\n|poke|p2|Excadrill, M|item\n|poke|p2|Reuniclus, M|item\n|poke|p2|Toxapex, F|item\n|poke|p2|Chansey, F|item\n|poke|p2|Volcarona, F|item\n|poke|p2|Latias, F|item\n|teampreview\n|\n|start\n|switch|p1a: Landorus|Landorus-Therian, M|100\/100\n|switch|p2a: Excadrill|Excadrill, M|100\/100\n|-ability|p1a: Landorus|Intimidate|boost\n|-unboost|p2a: Excadrill|atk|1\n|-ability|p2a: Excadrill|Mold Breaker\n|turn|1\n|\n|switch|p2a: Toxapex|Toxapex, F|100\/100\n|move|p1a: Landorus|Earthquake|p2a: Toxapex\n|-supereffective|p2a: Toxapex\n|-damage|p2a: Toxapex|33\/100\n|\n|-heal|p2a: Toxapex|39\/100|[from] item: Black Sludge\n|upkeep\n|turn|2\n|\n|switch|p1a: Diancie|Diancie|100\/100\n|switch|p2a: Latias|Latias, F|100\/100\n|\n|upkeep\n|turn|3\n|\n|detailschange|p2a: Latias|Latias-Mega, F\n|-mega|p2a: Latias|Latias|Latiasite\n|detailschange|p1a: Diancie|Diancie-Mega\n|-mega|p1a: Diancie|Diancie|Diancite\n|move|p1a: Diancie|Earth Power|p2a: Latias\n|-immune|p2a: Latias|[from] ability: Levitate\n|move|p2a: Latias|Hidden Power|p1a: Diancie\n|-supereffective|p1a: Diancie\n|-damage|p1a: Diancie|46\/100\n|\n|upkeep\n|turn|4\n|\n|switch|p1a: Muk|Muk-Alola, F|100\/100\n|switch|p2a: Excadrill|Excadrill, M|100\/100\n|-ability|p2a: Excadrill|Mold Breaker\n|\n|upkeep\n|turn|5\n|\n|switch|p1a: Landorus|Landorus-Therian, M|100\/100\n|-ability|p1a: Landorus|Intimidate|boost\n|-unboost|p2a: Excadrill|atk|1\n|move|p2a: Excadrill|Earthquake|p1a: Landorus\n|-immune|p1a: Landorus\n|\n|upkeep\n|turn|6\n|\n|move|p1a: Landorus|U-turn|p2a: Excadrill\n|-resisted|p2a: Excadrill\n|-damage|p2a: Excadrill|86\/100\n|\n|switch|p1a: Greninja|Greninja, M|100\/100\n|move|p2a: Excadrill|Earthquake|p1a: Greninja\n|-damage|p1a: Greninja|55\/100\n|\n|-heal|p2a: Excadrill|92\/100|[from] item: Leftovers\n|upkeep\n|turn|7\n|\n|switch|p2a: Toxapex|Toxapex, F|72\/100\n|move|p1a: Greninja|Spikes|p2a: Toxapex\n|-sidestart|p2: Kaylss|Spikes\n|\n|-heal|p2a: Toxapex|78\/100|[from] item: Black Sludge\n|upkeep\n|turn|8\n|\n|switch|p1a: Diancie|Diancie-Mega|46\/100\n|move|p2a: Toxapex|Scald|p1a: Diancie\n|-supereffective|p1a: Diancie\n|-damage|p1a: Diancie|0 fnt\n|faint|p1a: Diancie\n|\n|-heal|p2a: Toxapex|85\/100|[from] item: Black Sludge\n|upkeep\n|\n|switch|p1a: Magnezone|Magnezone|100\/100\n|turn|9\n|\n|switch|p2a: Chansey|Chansey, F|100\/100\n|-damage|p2a: Chansey|88\/100|[from] Spikes\n|move|p1a: Magnezone|Volt Switch|p2a: Chansey\n|-damage|p2a: Chansey|77\/100\n|\n|switch|p1a: Muk|Muk-Alola, F|100\/100\n|\n|upkeep\n|turn|10\n|\n|switch|p2a: Toxapex|Toxapex, F|100\/100\n|-damage|p2a: Toxapex|88\/100|[from] Spikes\n|move|p1a: Muk|Knock Off|p2a: Toxapex\n|-damage|p2a: Toxapex|62\/100\n|-enditem|p2a: Toxapex|Black Sludge|[from] move: Knock Off|[of] p1a: Muk\n|\n|upkeep\n|turn|11\n|\n|switch|p1a: Landorus|Landorus-Therian, M|100\/100\n|-ability|p1a: Landorus|Intimidate|boost\n|-unboost|p2a: Toxapex|atk|1\n|move|p2a: Toxapex|Scald|p1a: Landorus\n|-supereffective|p1a: Landorus\n|-damage|p1a: Landorus|57\/100\n|-status|p1a: Landorus|brn\n|\n|-damage|p1a: Landorus|51\/100 brn|[from] brn\n|upkeep\n|turn|12\n|-message|clail forfeited.\n|\n|win|Kaylss\n|l|\u2606clail\n|raw|clail's rating: 1553 &rarr; <strong>1534<\/strong><br \/>(-19 for losing)\n|raw|Kaylss's rating: 1565 &rarr; <strong>1585<\/strong><br \/>(+20 for winning)\n|c|\u2606Kaylss|\/log Kaylss made this room public.\n","uploadtime":1550713851,"views":23,"p1id":"clail","p2id":"kaylss","formatid":"gen7ou","rating":1534,"private":0,"password":null}