{"id":"gen7ou-975770808","p1":"JoeyOwesMeMoney","p2":"drogbaw","format":"gen7ou","log":"|j|\u2606JoeyOwesMeMoney\n|j|\u2606drogbaw\n|player|p1|JoeyOwesMeMoney|170|1805\n|player|p2|drogbaw|2|1785\n|teamsize|p1|6\n|teamsize|p2|6\n|gametype|singles\n|gen|7\n|tier|[Gen 7] OU\n|rated|\n|rule|Sleep Clause Mod: Limit one foe put to sleep\n|rule|Species Clause: Limit one of each Pok\u00e9mon\n|rule|OHKO Clause: OHKO moves are banned\n|rule|Moody Clause: Moody is banned\n|rule|Evasion Moves Clause: Evasion moves are banned\n|rule|Endless Battle Clause: Forcing endless battles is banned\n|rule|HP Percentage Mod: HP is shown in percentages\n|clearpoke\n|poke|p1|Skarmory, F|item\n|poke|p1|Chansey, F|item\n|poke|p1|Magnezone|item\n|poke|p1|Toxapex, F|item\n|poke|p1|Clefable, M|item\n|poke|p1|Sableye, F|item\n|poke|p2|Tapu Fini|item\n|poke|p2|Mawile, F|item\n|poke|p2|Kyurem-Black|item\n|poke|p2|Tapu Koko|item\n|poke|p2|Zapdos|item\n|poke|p2|Excadrill, M|item\n|teampreview\n|\n|start\n|switch|p1a: Sableye|Sableye, F|100\/100\n|switch|p2a: Tapu Fini|Tapu Fini|100\/100\n|-fieldstart|move: Misty Terrain|[from] ability: Misty Surge|[of] p2a: Tapu Fini\n|turn|1\n|\n|switch|p2a: Mawile|Mawile, F, shiny|100\/100\n|-ability|p2a: Mawile|Intimidate|boost\n|-unboost|p1a: Sableye|atk|1\n|detailschange|p1a: Sableye|Sableye-Mega, F\n|-mega|p1a: Sableye|Sableye|Sablenite\n|move|p1a: Sableye|Protect||[still]\n|-fail|p1a: Sableye\n|\n|upkeep\n|turn|2\n|\n|switch|p1a: Skarmory|Skarmory, F|100\/100\n|detailschange|p2a: Mawile|Mawile-Mega, F, shiny\n|-mega|p2a: Mawile|Mawile|Mawilite\n|move|p2a: Mawile|Play Rough|p1a: Skarmory\n|-resisted|p1a: Skarmory\n|-damage|p1a: Skarmory|74\/100\n|-damage|p2a: Mawile|84\/100|[from] item: Rocky Helmet|[of] p1a: Skarmory\n|\n|upkeep\n|turn|3\n|\n|move|p1a: Skarmory|Roost|p1a: Skarmory\n|-heal|p1a: Skarmory|100\/100\n|-singleturn|p1a: Skarmory|move: Roost\n|move|p2a: Mawile|Thunder Punch|p1a: Skarmory\n|-damage|p1a: Skarmory|73\/100\n|-damage|p2a: Mawile|68\/100|[from] item: Rocky Helmet|[of] p1a: Skarmory\n|\n|upkeep\n|turn|4\n|\n|move|p1a: Skarmory|Roost|p1a: Skarmory\n|-heal|p1a: Skarmory|100\/100\n|-singleturn|p1a: Skarmory|move: Roost\n|move|p2a: Mawile|Swords Dance|p2a: Mawile\n|-boost|p2a: Mawile|atk|2\n|\n|upkeep\n|turn|5\n|\n|switch|p2a: Zapdos|Zapdos|100\/100\n|move|p1a: Skarmory|Counter||[still]\n|-fail|p1a: Skarmory\n|\n|-fieldend|Misty Terrain\n|upkeep\n|turn|6\n|\n|switch|p1a: Toxapex|Toxapex, F|100\/100\n|move|p2a: Zapdos|Volt Switch|p1a: Toxapex\n|-supereffective|p1a: Toxapex\n|-damage|p1a: Toxapex|55\/100\n|\n|switch|p2a: Kyurem|Kyurem-Black|100\/100|[from]move: Volt Switch\n|-ability|p2a: Kyurem|Teravolt\n|\n|-heal|p1a: Toxapex|61\/100|[from] item: Black Sludge\n|upkeep\n|turn|7\n|j| Prosaic\n|inactive|Battle timer is ON: inactive players will automatically lose when time's up. (requested by drogbaw)\n|\n|switch|p1a: Clefable|Clefable, M|100\/100\n|move|p2a: Kyurem|Fusion Bolt|p1a: Clefable\n|-damage|p1a: Clefable|69\/100\n|\n|-heal|p1a: Clefable|75\/100|[from] item: Leftovers\n|upkeep\n|turn|8\n|\n|switch|p2a: Excadrill|Excadrill, M|100\/100\n|-ability|p2a: Excadrill|Mold Breaker\n|move|p1a: Clefable|Protect||[still]\n|-fail|p1a: Clefable\n|\n|-heal|p1a: Clefable|81\/100|[from] item: Leftovers\n|upkeep\n|turn|9\n|\n|switch|p1a: Skarmory|Skarmory, F|100\/100\n|move|p2a: Excadrill|Earthquake|p1a: Skarmory\n|-immune|p1a: Skarmory\n|\n|upkeep\n|turn|10\n|j| bjesus69\n|\n|move|p2a: Excadrill|Stealth Rock|p1a: Skarmory\n|-sidestart|p1: JoeyOwesMeMoney|move: Stealth Rock\n|move|p1a: Skarmory|Spikes|p2a: Excadrill\n|-sidestart|p2: drogbaw|Spikes\n|\n|upkeep\n|turn|11\n|\n|move|p2a: Excadrill|Rapid Spin|p1a: Skarmory\n|-resisted|p1a: Skarmory\n|-damage|p1a: Skarmory|99\/100\n|-damage|p2a: Excadrill|84\/100|[from] item: Rocky Helmet|[of] p1a: Skarmory\n|-sideend|p2: drogbaw|Spikes|[from] move: Rapid Spin|[of] p2a: Excadrill\n|move|p1a: Skarmory|Spikes|p2a: Excadrill\n|-sidestart|p2: drogbaw|Spikes\n|\n|-heal|p2a: Excadrill|90\/100|[from] item: Leftovers\n|upkeep\n|turn|12\n|c| bjesus69|no\n|l| bjesus69\n|j| sdfiuyshvcxcv\n|\n|switch|p2a: Tapu Koko|Tapu Koko|100\/100\n|-damage|p2a: Tapu Koko|88\/100|[from] Spikes\n|-fieldstart|move: Electric Terrain|[from] ability: Electric Surge|[of] p2a: Tapu Koko\n|move|p1a: Skarmory|Defog|p2a: Tapu Koko\n|-unboost|p2a: Tapu Koko|evasion|1\n|-sideend|p2: drogbaw|Spikes|[from] move: Defog|[of] p1a: Skarmory\n|-sideend|p1: JoeyOwesMeMoney|Stealth Rock|[from] move: Defog|[of] p1a: Skarmory\n|\n|upkeep\n|turn|13\n|\n|switch|p1a: Magnezone|Magnezone|100\/100\n|move|p2a: Tapu Koko|Volt Switch|p1a: Magnezone\n|-resisted|p1a: Magnezone\n|-damage|p1a: Magnezone|69\/100\n|\n|switch|p2a: Excadrill|Excadrill, M|90\/100|[from]move: Volt Switch\n|-ability|p2a: Excadrill|Mold Breaker\n|\n|-heal|p2a: Excadrill|96\/100|[from] item: Leftovers\n|upkeep\n|turn|14\n|\n|switch|p1a: Skarmory|Skarmory, F|99\/100\n|move|p2a: Excadrill|Earthquake|p1a: Skarmory\n|-immune|p1a: Skarmory\n|\n|-heal|p2a: Excadrill|100\/100|[from] item: Leftovers\n|upkeep\n|turn|15\n|\n|move|p2a: Excadrill|Stealth Rock|p1a: Skarmory\n|-sidestart|p1: JoeyOwesMeMoney|move: Stealth Rock\n|move|p1a: Skarmory|Spikes|p2a: Excadrill\n|-sidestart|p2: drogbaw|Spikes\n|\n|upkeep\n|turn|16\n|\n|switch|p2a: Kyurem|Kyurem-Black|100\/100\n|-damage|p2a: Kyurem|88\/100|[from] Spikes\n|-ability|p2a: Kyurem|Teravolt\n|move|p1a: Skarmory|Defog|p2a: Kyurem\n|-unboost|p2a: Kyurem|evasion|1\n|-sideend|p2: drogbaw|Spikes|[from] move: Defog|[of] p1a: Skarmory\n|-sideend|p1: JoeyOwesMeMoney|Stealth Rock|[from] move: Defog|[of] p1a: Skarmory\n|\n|-fieldend|move: Electric Terrain\n|upkeep\n|turn|17\n|\n|move|p2a: Kyurem|Ice Beam|p1a: Skarmory\n|-damage|p1a: Skarmory|46\/100\n|-status|p1a: Skarmory|frz\n|cant|p1a: Skarmory|frz\n|\n|upkeep\n|turn|18\n|\n|switch|p1a: Toxapex|Toxapex, F|94\/100\n|move|p2a: Kyurem|Fusion Bolt|p1a: Toxapex\n|-supereffective|p1a: Toxapex\n|-damage|p1a: Toxapex|45\/100\n|\n|-heal|p1a: Toxapex|51\/100|[from] item: Black Sludge\n|upkeep\n|turn|19\n|\n|switch|p2a: Tapu Fini|Tapu Fini|100\/100\n|-fieldstart|move: Misty Terrain|[from] ability: Misty Surge|[of] p2a: Tapu Fini\n|move|p1a: Toxapex|Toxic Spikes|p2a: Tapu Fini\n|-sidestart|p2: drogbaw|move: Toxic Spikes\n|\n|-heal|p1a: Toxapex|57\/100|[from] item: Black Sludge\n|upkeep\n|turn|20\n|\n|switch|p2a: Mawile|Mawile-Mega, F, shiny|68\/100\n|move|p1a: Toxapex|Recover|p1a: Toxapex\n|-heal|p1a: Toxapex|100\/100\n|\n|upkeep\n|turn|21\n|\n|move|p2a: Mawile|Thunder Punch|p1a: Toxapex\n|-supereffective|p1a: Toxapex\n|-crit|p1a: Toxapex\n|-damage|p1a: Toxapex|4\/100\n|move|p1a: Toxapex|Scald|p2a: Mawile\n|-damage|p2a: Mawile|49\/100\n|\n|-heal|p1a: Toxapex|10\/100|[from] item: Black Sludge\n|upkeep\n|turn|22\n|l| sdfiuyshvcxcv\n|\n|switch|p1a: Skarmory|Skarmory, F|46\/100 frz\n|move|p2a: Mawile|Play Rough|p1a: Skarmory\n|-resisted|p1a: Skarmory\n|-damage|p1a: Skarmory|22\/100 frz\n|-damage|p2a: Mawile|32\/100|[from] item: Rocky Helmet|[of] p1a: Skarmory\n|\n|upkeep\n|turn|23\n|\n|cant|p1a: Skarmory|frz\n|move|p2a: Mawile|Thunder Punch|p1a: Skarmory\n|-supereffective|p1a: Skarmory\n|-damage|p1a: Skarmory|0 fnt\n|-damage|p2a: Mawile|16\/100|[from] item: Rocky Helmet|[of] p1a: Skarmory\n|faint|p1a: Skarmory\n|\n|-fieldend|Misty Terrain\n|upkeep\n|\n|switch|p1a: Magnezone|Magnezone|69\/100\n|turn|24\n|\n|move|p2a: Mawile|Sucker Punch|p1a: Magnezone\n|-damage|p1a: Magnezone|22\/100\n|move|p1a: Magnezone|Volt Switch|p2a: Mawile\n|-damage|p2a: Mawile|0 fnt\n|faint|p2a: Mawile\n|inactive|JoeyOwesMeMoney has 120 seconds left.\n|\n|switch|p1a: Chansey|Chansey, F|100\/100|[from]move: Volt Switch\n|\n|upkeep\n|\n|switch|p2a: Excadrill|Excadrill, M|100\/100\n|-ability|p2a: Excadrill|Mold Breaker\n|turn|25\n|\n|switch|p1a: Sableye|Sableye-Mega, F|100\/100\n|move|p2a: Excadrill|Toxic|p1a: Sableye|[miss]\n|-miss|p2a: Excadrill|p1a: Sableye\n|\n|upkeep\n|turn|26\n|j| Kaaga\n|j| AL76\n|j| SZYS\u795e\u4e4b\u53f3\u624b\n|j| bdzruhd\n|j| cursednature\n|\n|switch|p2a: Tapu Fini|Tapu Fini|100\/100\n|-status|p2a: Tapu Fini|psn\n|-fieldstart|move: Misty Terrain|[from] ability: Misty Surge|[of] p2a: Tapu Fini\n|move|p1a: Sableye|Will-O-Wisp||[still]\n|-fail|p1a: Sableye\n|\n|-damage|p2a: Tapu Fini|88\/100 psn|[from] psn\n|upkeep\n|turn|27\n|\n|move|p1a: Sableye|Protect|p1a: Sableye\n|-singleturn|p1a: Sableye|Protect\n|move|p2a: Tapu Fini|Defog|p1a: Sableye\n|-activate|p1a: Sableye|move: Protect\n|\n|-heal|p2a: Tapu Fini|94\/100 psn|[from] item: Leftovers\n|-damage|p2a: Tapu Fini|82\/100 psn|[from] psn\n|upkeep\n|turn|28\n|\n|switch|p2a: Kyurem|Kyurem-Black|88\/100\n|-ability|p2a: Kyurem|Teravolt\n|move|p1a: Sableye|Knock Off|p2a: Kyurem\n|-damage|p2a: Kyurem|69\/100\n|\n|upkeep\n|turn|29\n|\n|move|p1a: Sableye|Protect|p1a: Sableye\n|-singleturn|p1a: Sableye|Protect\n|move|p2a: Kyurem|Ice Beam|p1a: Sableye\n|-activate|p1a: Sableye|move: Protect\n|\n|upkeep\n|turn|30\n|\n|move|p2a: Kyurem|Fusion Bolt|p1a: Sableye\n|-damage|p1a: Sableye|59\/100\n|move|p1a: Sableye|Recover|p1a: Sableye\n|-heal|p1a: Sableye|100\/100\n|\n|-fieldend|Misty Terrain\n|upkeep\n|turn|31\n|\n|switch|p2a: Tapu Fini|Tapu Fini|82\/100 psn\n|-fieldstart|move: Misty Terrain|[from] ability: Misty Surge|[of] p2a: Tapu Fini\n|move|p1a: Sableye|Will-O-Wisp||[still]\n|-fail|p1a: Sableye\n|\n|-heal|p2a: Tapu Fini|88\/100 psn|[from] item: Leftovers\n|-damage|p2a: Tapu Fini|76\/100 psn|[from] psn\n|upkeep\n|turn|32\n|j| Quanshao\n|\n|move|p1a: Sableye|Protect|p1a: Sableye\n|-singleturn|p1a: Sableye|Protect\n|move|p2a: Tapu Fini|Defog|p1a: Sableye\n|-activate|p1a: Sableye|move: Protect\n|\n|-heal|p2a: Tapu Fini|82\/100 psn|[from] item: Leftovers\n|-damage|p2a: Tapu Fini|70\/100 psn|[from] psn\n|upkeep\n|turn|33\n|\n|move|p2a: Tapu Fini|Moonblast|p1a: Sableye\n|-supereffective|p1a: Sableye\n|-crit|p1a: Sableye\n|-damage|p1a: Sableye|36\/100\n|move|p1a: Sableye|Knock Off|p2a: Tapu Fini\n|-resisted|p2a: Tapu Fini\n|-damage|p2a: Tapu Fini|60\/100 psn\n|-enditem|p2a: Tapu Fini|Leftovers|[from] move: Knock Off|[of] p1a: Sableye\n|\n|-damage|p2a: Tapu Fini|48\/100 psn|[from] psn\n|upkeep\n|turn|34\n|\n|move|p1a: Sableye|Protect|p1a: Sableye\n|-singleturn|p1a: Sableye|Protect\n|move|p2a: Tapu Fini|Moonblast|p1a: Sableye\n|-activate|p1a: Sableye|move: Protect\n|\n|-damage|p2a: Tapu Fini|36\/100 psn|[from] psn\n|upkeep\n|turn|35\n|inactive|JoeyOwesMeMoney has 120 seconds left.\n|\n|switch|p2a: Kyurem|Kyurem-Black|69\/100\n|-ability|p2a: Kyurem|Teravolt\n|move|p1a: Sableye|Recover|p1a: Sableye\n|-heal|p1a: Sableye|87\/100\n|\n|-fieldend|Misty Terrain\n|upkeep\n|turn|36\n|inactive|JoeyOwesMeMoney has 120 seconds left.\n|\n|move|p2a: Kyurem|Ice Beam|p1a: Sableye\n|-damage|p1a: Sableye|60\/100\n|move|p1a: Sableye|Will-O-Wisp|p2a: Kyurem\n|-status|p2a: Kyurem|brn\n|\n|-damage|p2a: Kyurem|63\/100 brn|[from] brn\n|upkeep\n|turn|37\n|l| Kaaga\n|\n|move|p1a: Sableye|Protect|p1a: Sableye\n|-singleturn|p1a: Sableye|Protect\n|-zpower|p2a: Kyurem\n|move|p2a: Kyurem|Subzero Slammer|p1a: Sableye|[zeffect]\n|-zbroken|p1a: Sableye\n|-damage|p1a: Sableye|44\/100\n|\n|-damage|p2a: Kyurem|57\/100 brn|[from] brn\n|upkeep\n|turn|38\n|-message|drogbaw forfeited.\n|\n|win|JoeyOwesMeMoney\n|l|\u2606drogbaw\n|raw|JoeyOwesMeMoney's rating: 1805 &rarr; <strong>1824<\/strong><br \/>(+19 for winning)\n|raw|drogbaw's rating: 1785 &rarr; <strong>1766<\/strong><br \/>(-19 for losing)\n|l| cursednature\n|l| Quanshao\n|l| AL76\n|j| AL76\n|l| bdzruhd\n","uploadtime":1568449921,"views":33,"p1id":"joeyowesmemoney","p2id":"drogbaw","formatid":"gen7ou","rating":1766,"private":0,"password":null}