{"id":"gen7ou-1398301765","p1":"BlueeMew","p2":"EEEEEvolto\u6df1\u6eba","format":"gen7ou","log":"|j|\u2606BlueeMew\n|j|\u2606EEEEEvolto\u6df1\u6eba\n|t:|1629210408\n|gametype|singles\n|player|p1|BlueeMew|steven|1581\n|player|p2|EEEEEvolto\u6df1\u6eba|169|1523\n|teamsize|p1|6\n|teamsize|p2|6\n|gen|7\n|tier|[Gen 7] OU\n|rated|\n|rule|Sleep Clause Mod: Limit one foe put to sleep\n|rule|Species Clause: Limit one of each Pok\u00e9mon\n|rule|OHKO Clause: OHKO moves are banned\n|rule|Moody Clause: Moody is banned\n|rule|Evasion Moves Clause: Evasion moves are banned\n|rule|Endless Battle Clause: Forcing endless battles is banned\n|rule|HP Percentage Mod: HP is shown in percentages\n|clearpoke\n|poke|p1|Tapu Lele|item\n|poke|p1|Alakazam, F|item\n|poke|p1|Magearna|item\n|poke|p1|Landorus-Therian, M|item\n|poke|p1|Crawdaunt, F|item\n|poke|p1|Hawlucha, F|item\n|poke|p2|Sableye, M|item\n|poke|p2|Pyukumuku, L90, F|item\n|poke|p2|Skarmory, M|item\n|poke|p2|Chansey, F|item\n|poke|p2|Toxapex, F|item\n|poke|p2|Gliscor, F|item\n|teampreview\n|inactive|Battle timer is ON: inactive players will automatically lose when time's up. (requested by EEEEEvolto\u6df1\u6eba)\n|inactive|BlueeMew also wants the timer to be on.\n|\n|t:|1629210417\n|start\n|switch|p1a: Tapu Lele|Tapu Lele|100\/100\n|switch|p2a: Sableye|Sableye, M, shiny|100\/100\n|-fieldstart|move: Psychic Terrain|[from] ability: Psychic Surge|[of] p1a: Tapu Lele\n|turn|1\n|\n|t:|1629210420\n|detailschange|p2a: Sableye|Sableye-Mega, M, shiny\n|-mega|p2a: Sableye|Sableye|Sablenite\n|move|p2a: Sableye|Protect|p2a: Sableye\n|-singleturn|p2a: Sableye|Protect\n|move|p1a: Tapu Lele|Moonblast|p2a: Sableye\n|-activate|p2a: Sableye|move: Protect\n|\n|upkeep\n|turn|2\n|\n|t:|1629210426\n|move|p1a: Tapu Lele|Moonblast|p2a: Sableye\n|-supereffective|p2a: Sableye\n|-damage|p2a: Sableye|29\/100\n|move|p2a: Sableye|Metal Burst|p1a: Tapu Lele\n|-damage|p1a: Tapu Lele|0 fnt\n|faint|p1a: Tapu Lele\n|\n|upkeep\n|\n|t:|1629210435\n|switch|p1a: Crawdaunt|Crawdaunt, F|100\/100\n|turn|3\n|\n|t:|1629210438\n|move|p2a: Sableye|Protect|p2a: Sableye\n|-singleturn|p2a: Sableye|Protect\n|move|p1a: Crawdaunt|Knock Off|p2a: Sableye\n|-activate|p2a: Sableye|move: Protect\n|\n|upkeep\n|turn|4\n|\n|t:|1629210442\n|switch|p2a: Pyukumuku|Pyukumuku, L90, F|100\/100\n|move|p1a: Crawdaunt|Knock Off|p2a: Pyukumuku\n|-damage|p2a: Pyukumuku|31\/100\n|-damage|p1a: Crawdaunt|84\/100|[from] item: Rocky Helmet|[of] p2a: Pyukumuku\n|-enditem|p2a: Pyukumuku|Rocky Helmet|[from] move: Knock Off|[of] p1a: Crawdaunt\n|\n|upkeep\n|turn|5\n|\n|t:|1629210446\n|move|p1a: Crawdaunt|Knock Off|p2a: Pyukumuku\n|-damage|p2a: Pyukumuku|0 fnt\n|-damage|p1a: Crawdaunt|53\/100|[from] ability: Innards Out|[of] p2a: Pyukumuku\n|faint|p2a: Pyukumuku\n|\n|-fieldend|move: Psychic Terrain\n|upkeep\n|\n|t:|1629210449\n|switch|p2a: Gliscor|Gliscor, F|100\/100\n|turn|6\n|\n|t:|1629210458\n|move|p2a: Gliscor|Earthquake|p1a: Crawdaunt\n|-damage|p1a: Crawdaunt|3\/100\n|move|p1a: Crawdaunt|Crabhammer|p2a: Gliscor\n|-supereffective|p2a: Gliscor\n|-damage|p2a: Gliscor|0 fnt\n|faint|p2a: Gliscor\n|\n|upkeep\n|\n|t:|1629210462\n|switch|p2a: Toxapex|Toxapex, F|100\/100\n|turn|7\n|\n|t:|1629210469\n|move|p1a: Crawdaunt|Knock Off|p2a: Toxapex\n|-damage|p2a: Toxapex|66\/100\n|move|p2a: Toxapex|Scald|p1a: Crawdaunt\n|-resisted|p1a: Crawdaunt\n|-damage|p1a: Crawdaunt|0 fnt\n|faint|p1a: Crawdaunt\n|\n|upkeep\n|\n|t:|1629210474\n|switch|p1a: Alakazam|Alakazam, F|100\/100\n|turn|8\n|\n|t:|1629210477\n|switch|p2a: Chansey|Chansey, F|100\/100\n|detailschange|p1a: Alakazam|Alakazam-Mega, F\n|-mega|p1a: Alakazam|Alakazam|Alakazite\n|-ability|p1a: Alakazam|Natural Cure|[from] ability: Trace|[of] p2a: Chansey\n|move|p1a: Alakazam|Psychic|p2a: Chansey\n|-damage|p2a: Chansey|81\/100\n|\n|upkeep\n|turn|9\n|\n|t:|1629210481\n|move|p1a: Alakazam|Taunt|p2a: Chansey\n|-start|p2a: Chansey|move: Taunt\n|cant|p2a: Chansey|move: Taunt|Stealth Rock\n|\n|upkeep\n|turn|10\n|\n|t:|1629210487\n|switch|p2a: Sableye|Sableye-Mega, M, shiny|29\/100\n|move|p1a: Alakazam|Focus Blast|p2a: Sableye\n|-immune|p2a: Sableye\n|\n|upkeep\n|turn|11\n|\n|t:|1629210494\n|switch|p2a: Chansey|Chansey, F|81\/100\n|move|p1a: Alakazam|Shadow Ball|p2a: Chansey\n|-immune|p2a: Chansey\n|\n|upkeep\n|turn|12\n|\n|t:|1629210498\n|move|p1a: Alakazam|Taunt|p2a: Chansey\n|-start|p2a: Chansey|move: Taunt\n|move|p2a: Chansey|Seismic Toss|p1a: Alakazam\n|-damage|p1a: Alakazam|61\/100\n|\n|upkeep\n|turn|13\n|\n|t:|1629210501\n|switch|p2a: Sableye|Sableye-Mega, M, shiny|29\/100\n|move|p1a: Alakazam|Focus Blast|p2a: Sableye\n|-immune|p2a: Sableye\n|\n|upkeep\n|turn|14\n|\n|t:|1629210505\n|switch|p2a: Chansey|Chansey, F|81\/100\n|move|p1a: Alakazam|Shadow Ball|p2a: Chansey\n|-immune|p2a: Chansey\n|\n|upkeep\n|turn|15\n|\n|t:|1629210509\n|move|p1a: Alakazam|Taunt|p2a: Chansey\n|-start|p2a: Chansey|move: Taunt\n|move|p2a: Chansey|Seismic Toss|p1a: Alakazam\n|-damage|p1a: Alakazam|21\/100\n|\n|upkeep\n|turn|16\n|\n|t:|1629210511\n|move|p1a: Alakazam|Shadow Ball|p2a: Chansey\n|-immune|p2a: Chansey\n|move|p2a: Chansey|Seismic Toss|p1a: Alakazam\n|-damage|p1a: Alakazam|0 fnt\n|faint|p1a: Alakazam\n|\n|upkeep\n|\n|t:|1629210514\n|switch|p1a: Hawlucha|Hawlucha, F|100\/100\n|turn|17\n|\n|t:|1629210517\n|switch|p2a: Toxapex|Toxapex, F|99\/100\n|move|p1a: Hawlucha|Swords Dance|p1a: Hawlucha\n|-boost|p1a: Hawlucha|atk|2\n|\n|upkeep\n|turn|18\n|\n|t:|1629210520\n|move|p1a: Hawlucha|Acrobatics|p2a: Toxapex\n|-damage|p2a: Toxapex|63\/100\n|move|p2a: Toxapex|Scald|p1a: Hawlucha\n|-damage|p1a: Hawlucha|71\/100\n|\n|upkeep\n|turn|19\n|\n|t:|1629210526\n|switch|p1a: Landorus|Landorus-Therian, M|100\/100\n|-ability|p1a: Landorus|Intimidate|boost\n|-unboost|p2a: Toxapex|atk|1\n|move|p2a: Toxapex|Scald|p1a: Landorus\n|-supereffective|p1a: Landorus\n|-damage|p1a: Landorus|64\/100\n|\n|upkeep\n|turn|20\n|\n|t:|1629210531\n|switch|p2a: Skarmory|Skarmory, M|100\/100\n|move|p1a: Landorus|Earthquake|p2a: Skarmory\n|-immune|p2a: Skarmory\n|\n|upkeep\n|turn|21\n|\n|t:|1629210535\n|move|p1a: Landorus|U-turn|p2a: Skarmory\n|-resisted|p2a: Skarmory\n|-damage|p2a: Skarmory|97\/100\n|\n|t:|1629210537\n|switch|p1a: Magearna|Magearna|100\/100|[from]move: U-turn\n|move|p2a: Skarmory|Spikes|p1a: Magearna\n|-sidestart|p1: BlueeMew|Spikes\n|\n|upkeep\n|turn|22\n|\n|t:|1629210542\n|switch|p2a: Chansey|Chansey, F|81\/100\n|move|p1a: Magearna|Volt Switch|p2a: Chansey\n|-damage|p2a: Chansey|73\/100\n|\n|t:|1629210548\n|switch|p1a: Hawlucha|Hawlucha, F|71\/100|[from]move: Volt Switch\n|\n|upkeep\n|turn|23\n|\n|t:|1629210550\n|switch|p2a: Sableye|Sableye-Mega, M, shiny|29\/100\n|move|p1a: Hawlucha|High Jump Kick|p2a: Sableye\n|-immune|p2a: Sableye\n|-damage|p1a: Hawlucha|21\/100|[from] highjumpkick\n|\n|upkeep\n|turn|24\n|\n|t:|1629210554\n|switch|p2a: Skarmory|Skarmory, M|97\/100\n|move|p1a: Hawlucha|Acrobatics|p2a: Skarmory\n|-resisted|p2a: Skarmory\n|-damage|p2a: Skarmory|89\/100\n|\n|upkeep\n|turn|25\n|\n|t:|1629210559\n|move|p1a: Hawlucha|Roost|p1a: Hawlucha\n|-heal|p1a: Hawlucha|71\/100\n|-singleturn|p1a: Hawlucha|move: Roost\n|move|p2a: Skarmory|Counter||[still]\n|-fail|p2a: Skarmory\n|\n|upkeep\n|turn|26\n|\n|t:|1629210562\n|move|p1a: Hawlucha|Swords Dance|p1a: Hawlucha\n|-boost|p1a: Hawlucha|atk|2\n|move|p2a: Skarmory|Spikes|p1a: Hawlucha\n|-sidestart|p1: BlueeMew|Spikes\n|\n|upkeep\n|turn|27\n|\n|t:|1629210566\n|move|p1a: Hawlucha|Swords Dance|p1a: Hawlucha\n|-boost|p1a: Hawlucha|atk|2\n|move|p2a: Skarmory|Counter||[still]\n|-fail|p2a: Skarmory\n|\n|upkeep\n|turn|28\n|\n|t:|1629210570\n|move|p1a: Hawlucha|Swords Dance|p1a: Hawlucha\n|-boost|p1a: Hawlucha|atk|2\n|move|p2a: Skarmory|Roost|p2a: Skarmory\n|-heal|p2a: Skarmory|100\/100\n|-singleturn|p2a: Skarmory|move: Roost\n|\n|upkeep\n|turn|29\n|\n|t:|1629210574\n|move|p1a: Hawlucha|Roost|p1a: Hawlucha\n|-heal|p1a: Hawlucha|100\/100\n|-singleturn|p1a: Hawlucha|move: Roost\n|move|p2a: Skarmory|Counter||[still]\n|-fail|p2a: Skarmory\n|\n|upkeep\n|turn|30\n|\n|t:|1629210579\n|move|p1a: Hawlucha|Acrobatics|p2a: Skarmory\n|-resisted|p2a: Skarmory\n|-damage|p2a: Skarmory|70\/100\n|move|p2a: Skarmory|Counter|p1a: Hawlucha\n|-damage|p1a: Hawlucha|32\/100\n|\n|upkeep\n|turn|31\n|\n|t:|1629210583\n|switch|p2a: Sableye|Sableye-Mega, M, shiny|29\/100\n|move|p1a: Hawlucha|High Jump Kick|p2a: Sableye\n|-immune|p2a: Sableye\n|-damage|p1a: Hawlucha|0 fnt|[from] highjumpkick\n|faint|p1a: Hawlucha\n|\n|upkeep\n|\n|t:|1629210587\n|switch|p1a: Landorus|Landorus-Therian, M|64\/100\n|-ability|p1a: Landorus|Intimidate|boost\n|-unboost|p2a: Sableye|atk|1\n|turn|32\n|\n|t:|1629210589\n|switch|p2a: Skarmory|Skarmory, M|70\/100\n|move|p1a: Landorus|Earthquake|p2a: Skarmory\n|-immune|p2a: Skarmory\n|\n|upkeep\n|turn|33\n|-message|BlueeMew forfeited.\n|\n|win|EEEEEvolto\u6df1\u6eba\n|raw|BlueeMew's rating: 1581 &rarr; <strong>1558<\/strong><br \/>(-23 for losing)\n|raw|EEEEEvolto\u6df1\u6eba's rating: 1523 &rarr; <strong>1546<\/strong><br \/>(+23 for winning)\n|l|\u2606BlueeMew\n||Ladder isn't responding, score probably updated but might not have (Request timeout).\n","uploadtime":1629210597,"views":4,"p1id":"blueemew","p2id":"eeeeevolto","formatid":"gen7ou","rating":1546,"private":0,"password":null}