{"id":"gen7ou-1647793392","p1":"Nicolas25","p2":"reionatro","format":"gen7ou","log":"|j|\u2606Nicolas25\n|j|\u2606reionatro\n|t:|1661421395\n|gametype|singles\n|player|p1|Nicolas25|hilbert|1441\n|player|p2|reionatro|102|1411\n|teamsize|p1|6\n|teamsize|p2|6\n|gen|7\n|tier|[Gen 7] OU\n|rated|\n|rule|Sleep Clause Mod: Limit one foe put to sleep\n|rule|Species Clause: Limit one of each Pok\u00e9mon\n|rule|OHKO Clause: OHKO moves are banned\n|rule|Moody Clause: Moody is banned\n|rule|Evasion Items Clause: Evasion items are banned\n|rule|Evasion Moves Clause: Evasion moves are banned\n|rule|Endless Battle Clause: Forcing endless battles is banned\n|rule|HP Percentage Mod: HP is shown in percentages\n|clearpoke\n|poke|p1|Cresselia, F|item\n|poke|p1|Tapu Koko|item\n|poke|p1|Magearna|item\n|poke|p1|Heracross, M|item\n|poke|p1|Uxie|item\n|poke|p1|Crawdaunt, F|item\n|poke|p2|Landorus-Therian, M|item\n|poke|p2|Tapu Koko|item\n|poke|p2|Hawlucha, F|item\n|poke|p2|Magearna|item\n|poke|p2|Medicham, F|item\n|poke|p2|Kyurem-Black|item\n|teampreview\n|inactive|Battle timer is ON: inactive players will automatically lose when time's up. (requested by Nicolas25)\n|c|\u2606Nicolas25|Gl hf\n|\n|t:|1661421409\n|start\n|switch|p1a: Uxie|Uxie|100\/100\n|switch|p2a: Landorus|Landorus-Therian, M|100\/100\n|-ability|p2a: Landorus|Intimidate|boost\n|-unboost|p1a: Uxie|atk|1\n|turn|1\n|\n|t:|1661421420\n|move|p1a: Uxie|Stealth Rock|p2a: Landorus\n|-sidestart|p2: reionatro|move: Stealth Rock\n|move|p2a: Landorus|Stealth Rock|p1a: Uxie\n|-sidestart|p1: Nicolas25|move: Stealth Rock\n|\n|upkeep\n|turn|2\n|\n|t:|1661421424\n|move|p2a: Landorus|U-turn|p1a: Uxie\n|-supereffective|p1a: Uxie\n|-damage|p1a: Uxie|72\/100\n|\n|t:|1661421426\n|switch|p2a: Magearna|Magearna|100\/100|[from]move: U-turn\n|-damage|p2a: Magearna|94\/100|[from] Stealth Rock\n|move|p1a: Uxie|Trick Room|p1a: Uxie\n|-fieldstart|move: Trick Room|[of] p1a: Uxie\n|\n|upkeep\n|turn|3\n|\n|t:|1661421430\n|move|p2a: Magearna|Volt Switch|p1a: Uxie\n|-damage|p1a: Uxie|55\/100\n|\n|t:|1661421434\n|switch|p2a: Landorus|Landorus-Therian, M|100\/100|[from]move: Volt Switch\n|-damage|p2a: Landorus|88\/100|[from] Stealth Rock\n|-ability|p2a: Landorus|Intimidate|boost\n|-unboost|p1a: Uxie|atk|1\n|move|p1a: Uxie|U-turn|p2a: Landorus\n|-resisted|p2a: Landorus\n|-damage|p2a: Landorus|86\/100\n|-damage|p1a: Uxie|39\/100|[from] item: Rocky Helmet|[of] p2a: Landorus\n|\n|t:|1661421438\n|switch|p1a: Crawdaunt|Crawdaunt, F|100\/100|[from]move: U-turn\n|-damage|p1a: Crawdaunt|88\/100|[from] Stealth Rock\n|\n|upkeep\n|turn|4\n|\n|t:|1661421453\n|switch|p2a: Magearna|Magearna|94\/100\n|-damage|p2a: Magearna|88\/100|[from] Stealth Rock\n|move|p1a: Crawdaunt|Crabhammer|p2a: Magearna\n|-damage|p2a: Magearna|11\/100\n|-damage|p1a: Crawdaunt|78\/100|[from] item: Life Orb\n|\n|upkeep\n|turn|5\n|\n|t:|1661421456\n|switch|p2a: Landorus|Landorus-Therian, M|86\/100\n|-damage|p2a: Landorus|73\/100|[from] Stealth Rock\n|-ability|p2a: Landorus|Intimidate|boost\n|-unboost|p1a: Crawdaunt|atk|1\n|move|p1a: Crawdaunt|Aqua Jet|p2a: Landorus\n|-supereffective|p2a: Landorus\n|-damage|p2a: Landorus|38\/100\n|-damage|p1a: Crawdaunt|62\/100|[from] item: Rocky Helmet|[of] p2a: Landorus\n|-damage|p1a: Crawdaunt|52\/100|[from] item: Life Orb\n|\n|upkeep\n|turn|6\n|\n|t:|1661421463\n|switch|p2a: Magearna|Magearna|11\/100\n|-damage|p2a: Magearna|5\/100|[from] Stealth Rock\n|move|p1a: Crawdaunt|Knock Off|p2a: Magearna\n|-resisted|p2a: Magearna\n|-damage|p2a: Magearna|0 fnt\n|-enditem|p2a: Magearna|Assault Vest|[from] move: Knock Off|[of] p1a: Crawdaunt\n|faint|p2a: Magearna\n|-damage|p1a: Crawdaunt|42\/100|[from] item: Life Orb\n|\n|-fieldend|move: Trick Room\n|upkeep\n|\n|t:|1661421468\n|switch|p2a: Tapu Koko|Tapu Koko|100\/100\n|-damage|p2a: Tapu Koko|88\/100|[from] Stealth Rock\n|-fieldstart|move: Electric Terrain|[from] ability: Electric Surge|[of] p2a: Tapu Koko\n|turn|7\n|\n|t:|1661421486\n|switch|p1a: Tapu Koko|Tapu Koko|100\/100\n|-damage|p1a: Tapu Koko|88\/100|[from] Stealth Rock\n|move|p2a: Tapu Koko|Thunderbolt|p1a: Tapu Koko\n|-resisted|p1a: Tapu Koko\n|-damage|p1a: Tapu Koko|28\/100\n|\n|upkeep\n|turn|8\n|\n|t:|1661421492\n|switch|p1a: Uxie|Uxie|39\/100\n|-damage|p1a: Uxie|26\/100|[from] Stealth Rock\n|move|p2a: Tapu Koko|Thunderbolt|p1a: Uxie\n|-damage|p1a: Uxie|0 fnt\n|faint|p1a: Uxie\n|\n|upkeep\n|inactive|Nicolas25 has 120 seconds left.\n|\n|t:|1661421528\n|switch|p1a: Cresselia|Cresselia, F|100\/100\n|-damage|p1a: Cresselia|88\/100|[from] Stealth Rock\n|turn|9\n|\n|t:|1661421532\n|move|p2a: Tapu Koko|Thunderbolt|p1a: Cresselia\n|-damage|p1a: Cresselia|44\/100\n|move|p1a: Cresselia|Trick Room|p1a: Cresselia\n|-fieldstart|move: Trick Room|[of] p1a: Cresselia\n|\n|upkeep\n|turn|10\n|\n|t:|1661421534\n|move|p1a: Cresselia|Lunar Dance|p1a: Cresselia\n|faint|p1a: Cresselia\n|move|p2a: Tapu Koko|Thunderbolt|p1: Cresselia|[notarget]\n|-fail|p2a: Tapu Koko\n|\n|upkeep\n|\n|t:|1661421536\n|switch|p1a: Crawdaunt|Crawdaunt, F|42\/100\n|-heal|p1a: Crawdaunt|100\/100|[from] move: Lunar Dance\n|-damage|p1a: Crawdaunt|88\/100|[from] Stealth Rock\n|turn|11\n|\n|t:|1661421543\n|switch|p2a: Landorus|Landorus-Therian, M|38\/100\n|-damage|p2a: Landorus|26\/100|[from] Stealth Rock\n|-ability|p2a: Landorus|Intimidate|boost\n|-unboost|p1a: Crawdaunt|atk|1\n|move|p1a: Crawdaunt|Crabhammer|p2a: Landorus\n|-supereffective|p2a: Landorus\n|-damage|p2a: Landorus|0 fnt\n|-damage|p1a: Crawdaunt|72\/100|[from] item: Rocky Helmet|[of] p2a: Landorus\n|faint|p2a: Landorus\n|-damage|p1a: Crawdaunt|62\/100|[from] item: Life Orb\n|\n|-fieldend|move: Electric Terrain\n|upkeep\n|\n|t:|1661421547\n|switch|p2a: Medicham|Medicham, F|100\/100\n|-damage|p2a: Medicham|94\/100|[from] Stealth Rock\n|turn|12\n|\n|t:|1661421551\n|detailschange|p2a: Medicham|Medicham-Mega, F\n|-mega|p2a: Medicham|Medicham|Medichamite\n|move|p2a: Medicham|Fake Out|p1a: Crawdaunt\n|-damage|p1a: Crawdaunt|26\/100\n|cant|p1a: Crawdaunt|flinch\n|\n|upkeep\n|turn|13\n|\n|t:|1661421559\n|move|p2a: Medicham|Bullet Punch|p1a: Crawdaunt\n|-resisted|p1a: Crawdaunt\n|-damage|p1a: Crawdaunt|7\/100\n|move|p1a: Crawdaunt|Crabhammer|p2a: Medicham\n|-damage|p2a: Medicham|12\/100\n|-damage|p1a: Crawdaunt|0 fnt|[from] item: Life Orb\n|faint|p1a: Crawdaunt\n|\n|-fieldend|move: Trick Room\n|upkeep\n|\n|t:|1661421570\n|switch|p1a: Tapu Koko|Tapu Koko|28\/100\n|-damage|p1a: Tapu Koko|16\/100|[from] Stealth Rock\n|-fieldstart|move: Electric Terrain|[from] ability: Electric Surge|[of] p1a: Tapu Koko\n|-enditem|p1a: Tapu Koko|Iapapa Berry|[eat]\n|-heal|p1a: Tapu Koko|66\/100|[from] item: Iapapa Berry\n|turn|14\n|\n|t:|1661421587\n|move|p2a: Medicham|Bullet Punch|p1a: Tapu Koko\n|-damage|p1a: Tapu Koko|34\/100\n|move|p1a: Tapu Koko|Thunderbolt|p2a: Medicham\n|-damage|p2a: Medicham|0 fnt\n|faint|p2a: Medicham\n|\n|upkeep\n|\n|t:|1661421593\n|switch|p2a: Hawlucha|Hawlucha, F|100\/100\n|-damage|p2a: Hawlucha|88\/100|[from] Stealth Rock\n|-enditem|p2a: Hawlucha|Electric Seed\n|-boost|p2a: Hawlucha|def|1|[from] item: Electric Seed\n|turn|15\n|\n|t:|1661421596\n|move|p2a: Hawlucha|Acrobatics|p1a: Tapu Koko\n|-resisted|p1a: Tapu Koko\n|-damage|p1a: Tapu Koko|4\/100\n|move|p1a: Tapu Koko|Thunderbolt|p2a: Hawlucha\n|-supereffective|p2a: Hawlucha\n|-damage|p2a: Hawlucha|0 fnt\n|faint|p2a: Hawlucha\n|\n|upkeep\n|c|\u2606Nicolas25|Thank\n|inactive|reionatro has 120 seconds left.\n|c|\u2606Nicolas25|H\n|\n|t:|1661421630\n|switch|p2a: Tapu Koko|Tapu Koko|88\/100\n|-damage|p2a: Tapu Koko|76\/100|[from] Stealth Rock\n|turn|16\n|\n|t:|1661421632\n|move|p2a: Tapu Koko|Volt Switch|p1a: Tapu Koko\n|-resisted|p1a: Tapu Koko\n|-damage|p1a: Tapu Koko|0 fnt\n|faint|p1a: Tapu Koko\n|\n|t:|1661421634\n|switch|p2a: Kyurem|Kyurem-Black|100\/100|[from]move: Volt Switch\n|-damage|p2a: Kyurem|76\/100|[from] Stealth Rock\n|-ability|p2a: Kyurem|Teravolt\n|\n|upkeep\n|\n|t:|1661421637\n|switch|p1a: Magearna|Magearna|100\/100\n|-damage|p1a: Magearna|94\/100|[from] Stealth Rock\n|turn|17\n|\n|t:|1661421644\n|-zpower|p2a: Kyurem\n|move|p2a: Kyurem|Subzero Slammer|p1a: Magearna|[zeffect]\n|-resisted|p1a: Magearna\n|-damage|p1a: Magearna|35\/100\n|move|p1a: Magearna|Trick Room|p1a: Magearna\n|-fieldstart|move: Trick Room|[of] p1a: Magearna\n|\n|upkeep\n|turn|18\n|\n|t:|1661421649\n|-zpower|p1a: Magearna\n|move|p1a: Magearna|All-Out Pummeling|p2a: Kyurem|[zeffect]\n|-supereffective|p2a: Kyurem\n|-damage|p2a: Kyurem|0 fnt\n|faint|p2a: Kyurem\n|-ability|p1a: Magearna|Soul-Heart|boost\n|-boost|p1a: Magearna|spa|1\n|\n|-fieldend|move: Electric Terrain\n|upkeep\n|\n|t:|1661421651\n|switch|p2a: Tapu Koko|Tapu Koko|76\/100\n|-damage|p2a: Tapu Koko|63\/100|[from] Stealth Rock\n|-fieldstart|move: Electric Terrain|[from] ability: Electric Surge|[of] p2a: Tapu Koko\n|turn|19\n|\n|t:|1661421657\n|move|p1a: Magearna|Fleur Cannon|p2a: Tapu Koko\n|-damage|p2a: Tapu Koko|0 fnt\n|-unboost|p1a: Magearna|spa|2\n|faint|p2a: Tapu Koko\n|\n|win|Nicolas25\n|raw|Nicolas25's rating: 1441 &rarr; <strong>1460<\/strong><br \/>(+19 for winning)\n|raw|reionatro's rating: 1425 &rarr; <strong>1406<\/strong><br \/>(-19 for losing)\n|l|\u2606reionatro\n|c|\u2606Nicolas25|Gg\n","uploadtime":1661421669,"views":12,"p1id":"nicolas25","p2id":"reionatro","formatid":"gen7ou","rating":1406,"private":0,"password":null}