{"id":"gen7ou-847897304","p1":"taw","p2":"uuuuiiii","format":"gen7ou","log":"|j|\u2606taw\n|j|\u2606uuuuiiii\n|player|p1|taw|257\n|player|p2|uuuuiiii|169\n|teamsize|p1|6\n|teamsize|p2|6\n|gametype|singles\n|gen|7\n|tier|[Gen 7] OU\n|rated|\n|rule|Sleep Clause Mod: Limit one foe put to sleep\n|rule|Species Clause: Limit one of each Pok\u00e9mon\n|rule|OHKO Clause: OHKO moves are banned\n|rule|Moody Clause: Moody is banned\n|rule|Evasion Moves Clause: Evasion moves are banned\n|rule|Endless Battle Clause: Forcing endless battles is banned\n|rule|HP Percentage Mod: HP is shown in percentages\n|clearpoke\n|poke|p1|Necrozma|item\n|poke|p1|Tapu Koko|item\n|poke|p1|Landorus-Therian, M|item\n|poke|p1|Ferrothorn, M|item\n|poke|p1|Rotom-Wash|item\n|poke|p1|Charizard, F|item\n|poke|p2|Landorus-Therian, M|item\n|poke|p2|Amoonguss, M|item\n|poke|p2|Charizard, M|item\n|poke|p2|Klefki, M|item\n|poke|p2|Greninja, M|item\n|poke|p2|Conkeldurr, M|item\n|teampreview\n|inactive|Battle timer is ON: inactive players will automatically lose when time's up. (requested by taw)\n|\n|start\n|switch|p1a: Tapu Koko|Tapu Koko|100\/100\n|switch|p2a: Charizard|Charizard, M|100\/100\n|-fieldstart|move: Electric Terrain|[from] ability: Electric Surge|[of] p1a: Tapu Koko\n|turn|1\n|\n|switch|p2a: Amoonguss|Amoonguss, M|100\/100\n|move|p1a: Tapu Koko|Wild Charge|p2a: Amoonguss\n|-resisted|p2a: Amoonguss\n|-damage|p2a: Amoonguss|71\/100\n|-damage|p1a: Tapu Koko|89\/100|[from] Recoil\n|\n|upkeep\n|turn|2\n|\n|switch|p2a: Landorus|Landorus-Therian, M|100\/100\n|-ability|p2a: Landorus|Intimidate|boost\n|-unboost|p1a: Tapu Koko|atk|1\n|move|p1a: Tapu Koko|U-turn|p2a: Landorus\n|-resisted|p2a: Landorus\n|-damage|p2a: Landorus|93\/100\n|\n|switch|p1a: Ferrothorn|Ferrothorn, M|100\/100\n|\n|upkeep\n|turn|3\n|\n|move|p2a: Landorus|Stealth Rock|p1a: Ferrothorn\n|-sidestart|p1: taw|move: Stealth Rock\n|move|p1a: Ferrothorn|Stealth Rock|p2a: Landorus\n|-sidestart|p2: uuuuiiii|move: Stealth Rock\n|\n|upkeep\n|turn|4\n|\n|move|p2a: Landorus|Swords Dance|p2a: Landorus\n|-boost|p2a: Landorus|atk|2\n|move|p1a: Ferrothorn|Gyro Ball|p2a: Landorus\n|-damage|p2a: Landorus|47\/100\n|\n|upkeep\n|turn|5\n|\n|move|p2a: Landorus|Earthquake|p1a: Ferrothorn\n|-damage|p1a: Ferrothorn|42\/100\n|move|p1a: Ferrothorn|Power Whip|p2a: Landorus\n|-damage|p2a: Landorus|9\/100\n|\n|-heal|p1a: Ferrothorn|48\/100|[from] item: Leftovers\n|-fieldend|move: Electric Terrain\n|upkeep\n|turn|6\n|\n|switch|p1a: Landorus|Landorus-Therian, M|100\/100\n|-damage|p1a: Landorus|88\/100|[from] Stealth Rock\n|-ability|p1a: Landorus|Intimidate|boost\n|-unboost|p2a: Landorus|atk|1\n|move|p2a: Landorus|Earthquake|p1a: Landorus\n|-immune|p1a: Landorus\n|\n|upkeep\n|turn|7\n|\n|move|p1a: Landorus|U-turn|p2a: Landorus\n|-resisted|p2a: Landorus\n|-damage|p2a: Landorus|0 fnt\n|faint|p2a: Landorus\n|\n|switch|p1a: Ferrothorn|Ferrothorn, M|48\/100\n|-damage|p1a: Ferrothorn|42\/100|[from] Stealth Rock\n|\n|-heal|p1a: Ferrothorn|48\/100|[from] item: Leftovers\n|upkeep\n|\n|switch|p2a: Conkeldurr|Conkeldurr, M|100\/100\n|-damage|p2a: Conkeldurr|94\/100|[from] Stealth Rock\n|turn|8\n|\n|switch|p1a: Tapu Koko|Tapu Koko|89\/100\n|-damage|p1a: Tapu Koko|77\/100|[from] Stealth Rock\n|-fieldstart|move: Electric Terrain|[from] ability: Electric Surge|[of] p1a: Tapu Koko\n|move|p2a: Conkeldurr|Drain Punch|p1a: Tapu Koko\n|-resisted|p1a: Tapu Koko\n|-damage|p1a: Tapu Koko|39\/100\n|-heal|p2a: Conkeldurr|100\/100|[from] drain|[of] p1a: Tapu Koko\n|\n|upkeep\n|turn|9\n|\n|switch|p2a: Klefki|Klefki, M, shiny|100\/100\n|-damage|p2a: Klefki|95\/100|[from] Stealth Rock\n|move|p1a: Tapu Koko|Roost|p1a: Tapu Koko\n|-heal|p1a: Tapu Koko|89\/100\n|\n|upkeep\n|turn|10\n|\n|move|p2a: Klefki|Defog|p1a: Tapu Koko\n|-unboost|p1a: Tapu Koko|evasion|1\n|-sideend|p1: taw|Stealth Rock|[from] move: Defog|[of] p2a: Klefki\n|-sideend|p2: uuuuiiii|Stealth Rock|[from] move: Defog|[of] p2a: Klefki\n|-zpower|p1a: Tapu Koko\n|move|p1a: Tapu Koko|Gigavolt Havoc|p2a: Klefki|[zeffect]\n|-damage|p2a: Klefki|0 fnt\n|faint|p2a: Klefki\n|\n|upkeep\n|\n|switch|p2a: Greninja|Greninja, M|100\/100\n|turn|11\n|\n|move|p2a: Greninja|Gunk Shot|p1a: Tapu Koko\n|-start|p2a: Greninja|typechange|Poison|[from] Protean\n|-supereffective|p1a: Tapu Koko\n|-damage|p1a: Tapu Koko|0 fnt\n|faint|p1a: Tapu Koko\n|\n|upkeep\n|\n|switch|p1a: Charizard|Charizard, F|100\/100\n|turn|12\n|\n|detailschange|p1a: Charizard|Charizard-Mega-X, F\n|-mega|p1a: Charizard|Charizard|Charizardite X\n|move|p2a: Greninja|Gunk Shot|p1a: Charizard\n|-damage|p1a: Charizard|59\/100\n|-status|p1a: Charizard|psn\n|move|p1a: Charizard|Dragon Dance|p1a: Charizard\n|-boost|p1a: Charizard|atk|1\n|-boost|p1a: Charizard|spe|1\n|\n|-damage|p1a: Charizard|47\/100 psn|[from] psn\n|-fieldend|move: Electric Terrain\n|upkeep\n|turn|13\n|\n|switch|p2a: Amoonguss|Amoonguss, M|100\/100\n|move|p1a: Charizard|Roost|p1a: Charizard\n|-heal|p1a: Charizard|97\/100 psn\n|\n|-damage|p1a: Charizard|84\/100 psn|[from] psn\n|upkeep\n|turn|14\n|\n|move|p1a: Charizard|Flare Blitz|p2a: Amoonguss\n|-supereffective|p2a: Amoonguss\n|-damage|p2a: Amoonguss|0 fnt\n|-damage|p1a: Charizard|45\/100 psn|[from] Recoil\n|faint|p2a: Amoonguss\n|\n|-damage|p1a: Charizard|32\/100 psn|[from] psn\n|upkeep\n|\n|switch|p2a: Conkeldurr|Conkeldurr, M|100\/100\n|turn|15\n|\n|move|p2a: Conkeldurr|Mach Punch|p1a: Charizard\n|-damage|p1a: Charizard|8\/100 psn\n|move|p1a: Charizard|Roost|p1a: Charizard\n|-heal|p1a: Charizard|58\/100 psn\n|\n|-damage|p1a: Charizard|45\/100 psn|[from] psn\n|upkeep\n|turn|16\n|\n|move|p1a: Charizard|Flare Blitz|p2a: Conkeldurr\n|-damage|p2a: Conkeldurr|10\/100\n|-damage|p1a: Charizard|12\/100 psn|[from] Recoil\n|move|p2a: Conkeldurr|Drain Punch|p1a: Charizard\n|-damage|p1a: Charizard|0 fnt\n|-heal|p2a: Conkeldurr|15\/100|[from] drain|[of] p1a: Charizard\n|faint|p1a: Charizard\n|\n|upkeep\n|\n|switch|p1a: Landorus|Landorus-Therian, M|88\/100\n|-ability|p1a: Landorus|Intimidate|boost\n|-unboost|p2a: Conkeldurr|atk|1\n|turn|17\n|\n|switch|p2a: Charizard|Charizard, M|100\/100\n|move|p1a: Landorus|U-turn|p2a: Charizard\n|-resisted|p2a: Charizard\n|-damage|p2a: Charizard|91\/100\n|\n|switch|p1a: Necrozma|Necrozma|100\/100\n|\n|upkeep\n|turn|18\n|\n|detailschange|p2a: Charizard|Charizard-Mega-Y, M\n|-mega|p2a: Charizard|Charizard|Charizardite Y\n|-weather|SunnyDay|[from] ability: Drought|[of] p2a: Charizard\n|move|p2a: Charizard|Fire Blast|p1a: Necrozma\n|-damage|p1a: Necrozma|25\/100\n|-enditem|p1a: Necrozma|Iapapa Berry|[eat]\n|-heal|p1a: Necrozma|75\/100|[from] item: Iapapa Berry\n|move|p1a: Necrozma|Iron Defense|p1a: Necrozma\n|-boost|p1a: Necrozma|def|2\n|\n|-weather|SunnyDay|[upkeep]\n|upkeep\n|turn|19\n|\n|move|p2a: Charizard|Fire Blast|p1a: Necrozma\n|-damage|p1a: Necrozma|4\/100\n|move|p1a: Necrozma|Calm Mind|p1a: Necrozma\n|-boost|p1a: Necrozma|spa|1\n|-boost|p1a: Necrozma|spd|1\n|\n|-weather|SunnyDay|[upkeep]\n|upkeep\n|turn|20\n|\n|move|p2a: Charizard|Solar Beam||[still]\n|-prepare|p2a: Charizard|Solar Beam|p1a: Necrozma\n|-anim|p2a: Charizard|Solar Beam|p1a: Necrozma\n|-damage|p1a: Necrozma|0 fnt\n|faint|p1a: Necrozma\n|\n|-weather|SunnyDay|[upkeep]\n|upkeep\n|\n|switch|p1a: Landorus|Landorus-Therian, M|88\/100\n|-ability|p1a: Landorus|Intimidate|boost\n|-unboost|p2a: Charizard|atk|1\n|turn|21\n|\n|switch|p2a: Greninja|Greninja, M|100\/100\n|move|p1a: Landorus|U-turn|p2a: Greninja\n|-supereffective|p2a: Greninja\n|-damage|p2a: Greninja|0 fnt\n|faint|p2a: Greninja\n|\n|switch|p1a: Rotom|Rotom-Wash|100\/100\n|\n|-weather|SunnyDay|[upkeep]\n|upkeep\n|\n|switch|p2a: Charizard|Charizard-Mega-Y, M|91\/100\n|turn|22\n|\n|move|p2a: Charizard|Solar Beam||[still]\n|-prepare|p2a: Charizard|Solar Beam|p1a: Rotom\n|-anim|p2a: Charizard|Solar Beam|p1a: Rotom\n|-supereffective|p1a: Rotom\n|-damage|p1a: Rotom|24\/100\n|move|p1a: Rotom|Volt Switch|p2a: Charizard\n|-supereffective|p2a: Charizard\n|-damage|p2a: Charizard|42\/100\n|\n|switch|p1a: Landorus|Landorus-Therian, M|88\/100\n|-ability|p1a: Landorus|Intimidate|boost\n|-unboost|p2a: Charizard|atk|1\n|\n|-weather|none\n|upkeep\n|turn|23\n|\n|move|p1a: Landorus|Stone Edge|p2a: Charizard\n|-supereffective|p2a: Charizard\n|-damage|p2a: Charizard|0 fnt\n|faint|p2a: Charizard\n|\n|upkeep\n|\n|switch|p2a: Conkeldurr|Conkeldurr, M|15\/100\n|turn|24\n|-message|uuuuiiii forfeited.\n|\n|win|taw\n|l|\u2606uuuuiiii\n|raw|taw's rating: 1599 &rarr; <strong>1618<\/strong><br \/>(+19 for winning)\n|raw|uuuuiiii's rating: 1580 &rarr; <strong>1561<\/strong><br \/>(-19 for losing)\n","uploadtime":1547312048,"views":5,"p1id":"taw","p2id":"uuuuiiii","formatid":"gen7ou","rating":1561,"private":0,"password":null}