{"id":"gen7ou-552245634","p1":"SartsTeamLab","p2":"Gotham Paladin","format":"gen7ou","log":"|j|SartsTeamLab\n|j|Gotham Paladin\n|player|p1|SartsTeamLab|220\n|player|p2|Gotham Paladin|283\n|gametype|singles\n|gen|7\n|tier|[Gen 7] OU\n|seed|26078,45109,49201,32770\n|clearpoke\n|poke|p1|Ferrothorn, F|item\n|poke|p1|Kabutops, F|item\n|poke|p1|Kingdra, F|item\n|poke|p1|Landorus-Therian, M|item\n|poke|p1|Pelipper, F|item\n|poke|p1|Tapu Lele|item\n|poke|p2|Bronzong|item\n|poke|p2|Tangrowth, M|item\n|poke|p2|Greninja, M|item\n|poke|p2|Tapu Lele|item\n|poke|p2|Terrakion|item\n|poke|p2|Mawile, F|item\n|rule|Baton Pass Clause: Limit one Baton Passer, can't pass Spe and other stats simultaneously\n|rule|Sleep Clause Mod: Limit one foe put to sleep\n|rule|Species Clause: Limit one of each Pok\u00e9mon\n|rule|OHKO Clause: OHKO moves are banned\n|rule|Moody Clause: Moody is banned\n|rule|Evasion Moves Clause: Evasion moves are banned\n|rule|Endless Battle Clause: Forcing endless battles is banned\n|rule|HP Percentage Mod: HP is shown in percentages\n|teampreview\n|c|\u2606Gotham Paladin|hf\n|c|\u2606SartsTeamLab|hf mate\n|j|The Hallows\n|choice|team 4, team 2, team 3, team 1, team 5, team 6|team 4, team 2, team 3, team 1, team 5, team 6\n|\n|start\n|switch|p1a: Landorus|Landorus-Therian, M|319\/319\n|switch|p2a: Tapu Lele|Tapu Lele|282\/282\n|-ability|p1a: Landorus|Intimidate|boost\n|-unboost|p2a: Tapu Lele|atk|1\n|-fieldstart|move: Psychic Terrain|[from] ability: Psychic Surge|[of] p2a: Tapu Lele\n|turn|1\n|j|NoisyALT\n|choice|move uturn|move psychic\n|\n|move|p1a: Landorus|U-turn|p2a: Tapu Lele\n|-damage|p2a: Tapu Lele|176\/282\n|choice|switch 4|\n|\n|switch|p1a: Ferrothorn|Ferrothorn, F|352\/352\n|move|p2a: Tapu Lele|Psychic|p1a: Ferrothorn\n|-resisted|p1a: Ferrothorn\n|-damage|p1a: Ferrothorn|263\/352\n|\n|-heal|p1a: Ferrothorn|285\/352|[from] item: Leftovers\n|upkeep\n|turn|2\n|j|synderfin\n|choice|move stealthrock|move focusblast zmove\n|\n|-zpower|p2a: Tapu Lele\n|move|p2a: Tapu Lele|All-Out Pummeling|p1a: Ferrothorn|[zeffect]\n|-supereffective|p1a: Ferrothorn\n|-damage|p1a: Ferrothorn|0 fnt\n|faint|p1a: Ferrothorn\n|\n|upkeep\n|c|\u2606SartsTeamLab|oh boy\n|choice|switch 4|\n|\n|switch|p1a: Landorus|Landorus-Therian, M|319\/319\n|-ability|p1a: Landorus|Intimidate|boost\n|-unboost|p2a: Tapu Lele|atk|1\n|turn|3\n|choice|move earthquake|switch 4\n|\n|switch|p2a: Bronzong|Bronzong|338\/338\n|move|p1a: Landorus|Earthquake|p2a: Bronzong\n|-immune|p2a: Bronzong|[msg]|[from] ability: Levitate\n|\n|upkeep\n|turn|4\n|choice|switch 5|move stealthrock\n|\n|switch|p1a: Pelipper|Pelipper, F|323\/323\n|-weather|RainDance|[from] ability: Drizzle|[of] p1a: Pelipper\n|move|p2a: Bronzong|Stealth Rock|p1a: Pelipper\n|-sidestart|p1: SartsTeamLab|move: Stealth Rock\n|\n|-weather|RainDance|[upkeep]\n|upkeep\n|turn|5\n|choice|move defog|switch 3\n|\n|switch|p2a: Greninja|Greninja, M|285\/285\n|move|p1a: Pelipper|Defog|p2a: Greninja\n|-unboost|p2a: Greninja|evasion|1\n|-sideend|p1: SartsTeamLab|Stealth Rock|[from] move: Defog|[of] p1a: Pelipper\n|\n|-weather|RainDance|[upkeep]\n|-fieldend|move: Psychic Terrain\n|upkeep\n|turn|6\n|choice|move uturn|move darkpulse\n|\n|move|p2a: Greninja|Dark Pulse|p1a: Pelipper\n|-damage|p1a: Pelipper|139\/323\n|move|p1a: Pelipper|U-turn|p2a: Greninja\n|-supereffective|p2a: Greninja\n|-damage|p2a: Greninja|201\/285\n|choice|switch 2|\n|\n|switch|p1a: Kabutops|Kabutops, F|261\/261\n|\n|-weather|RainDance|[upkeep]\n|upkeep\n|turn|7\n|choice|move stoneedge zmove|switch 2\n|\n|switch|p2a: Tangrowth|Tangrowth, M|404\/404\n|-zpower|p1a: Kabutops\n|move|p1a: Kabutops|Continental Crush|p2a: Tangrowth|[zeffect]\n|-damage|p2a: Tangrowth|146\/404\n|\n|-weather|RainDance|[upkeep]\n|upkeep\n|turn|8\n|choice|move stoneedge|switch 3\n|\n|switch|p2a: Bronzong|Bronzong|338\/338\n|move|p1a: Kabutops|Stone Edge|p2a: Bronzong\n|-resisted|p2a: Bronzong\n|-crit|p2a: Bronzong\n|-damage|p2a: Bronzong|252\/338\n|\n|-weather|RainDance|[upkeep]\n|-heal|p2a: Bronzong|273\/338|[from] item: Leftovers\n|upkeep\n|turn|9\n|choice|move swordsdance|move earthquake\n|\n|move|p1a: Kabutops|Swords Dance|p1a: Kabutops\n|-boost|p1a: Kabutops|atk|2\n|move|p2a: Bronzong|Earthquake|p1a: Kabutops\n|-supereffective|p1a: Kabutops\n|-damage|p1a: Kabutops|133\/261\n|\n|-weather|RainDance|[upkeep]\n|-heal|p2a: Bronzong|294\/338|[from] item: Leftovers\n|upkeep\n|turn|10\n|c| NoisyALT|too ez\n|j|ez\n|choice|move waterfall|move gyroball\n|\n|move|p1a: Kabutops|Waterfall|p2a: Bronzong\n|-damage|p2a: Bronzong|23\/338\n|cant|p2a: Bronzong|flinch\n|\n|-weather|RainDance|[upkeep]\n|-heal|p2a: Bronzong|44\/338|[from] item: Leftovers\n|upkeep\n|turn|11\n|c| NoisyALT|wait\n|c| NoisyALT|lol\n|c|\u2606SartsTeamLab|sorry\n|c| ez|lmao\n|c|\u2606Gotham Paladin|drats\n|c|\u2606Gotham Paladin|np\n|choice|move waterfall|move gyroball\n|\n|move|p1a: Kabutops|Waterfall|p2a: Bronzong\n|-damage|p2a: Bronzong|0 fnt\n|faint|p2a: Bronzong\n|\n|-weather|none\n|upkeep\n|choice||switch 2\n|\n|switch|p2a: Greninja|Greninja, M|201\/285\n|turn|12\n|choice|switch 2|move darkpulse\n|\n|switch|p1a: Pelipper|Pelipper, F|139\/323\n|-weather|RainDance|[from] ability: Drizzle|[of] p1a: Pelipper\n|move|p2a: Greninja|Dark Pulse|p1a: Pelipper\n|-damage|p1a: Pelipper|0 fnt\n|faint|p1a: Pelipper\n|-activate|p2a: Greninja|ability: Battle Bond\n|detailschange|p2a: Greninja|Greninja-Ash, M\n|\n|-weather|RainDance|[upkeep]\n|upkeep\n|c| NoisyALT|y u sack\n|choice|switch 3|\n|\n|switch|p1a: Kingdra|Kingdra, F|291\/291\n|turn|13\n|c| NoisyALT|rain\n|choice|move dracometeor|switch 5\n|\n|switch|p2a: Terrakion|Terrakion|323\/323\n|move|p1a: Kingdra|Draco Meteor|p2a: Terrakion\n|-damage|p2a: Terrakion|0 fnt\n|-unboost|p1a: Kingdra|spa|2\n|faint|p2a: Terrakion\n|\n|-weather|RainDance|[upkeep]\n|upkeep\n|choice||switch 4\n|\n|switch|p2a: Tapu Lele|Tapu Lele|176\/282\n|-fieldstart|move: Psychic Terrain|[from] ability: Psychic Surge|[of] p2a: Tapu Lele\n|turn|14\n|choice|switch 6|move moonblast\n|\n|switch|p1a: Tapu Lele|Tapu Lele|281\/281\n|move|p2a: Tapu Lele|Moonblast|p1a: Tapu Lele\n|-damage|p1a: Tapu Lele|134\/281\n|\n|-weather|RainDance|[upkeep]\n|upkeep\n|turn|15\n|choice|move moonblast|move moonblast\n|\n|move|p2a: Tapu Lele|Moonblast|p1a: Tapu Lele\n|-damage|p1a: Tapu Lele|0 fnt\n|faint|p1a: Tapu Lele\n|\n|-weather|RainDance|[upkeep]\n|upkeep\n|choice|switch 2|\n|\n|switch|p1a: Kabutops|Kabutops, F|133\/261\n|turn|16\n|choice|move stoneedge|move psychic\n|\n|move|p1a: Kabutops|Stone Edge|p2a: Tapu Lele\n|-damage|p2a: Tapu Lele|0 fnt\n|faint|p2a: Tapu Lele\n|\n|-weather|RainDance|[upkeep]\n|upkeep\n|choice||switch 3\n|\n|switch|p2a: Tangrowth|Tangrowth, M|280\/404\n|turn|17\n|choice|move stoneedge|move gigadrain\n|\n|move|p1a: Kabutops|Stone Edge|p2a: Tangrowth\n|-crit|p2a: Tangrowth\n|-damage|p2a: Tangrowth|60\/404\n|move|p2a: Tangrowth|Giga Drain|p1a: Kabutops\n|-supereffective|p1a: Kabutops\n|-damage|p1a: Kabutops|0 fnt\n|-heal|p2a: Tangrowth|127\/404|[from] drain|[of] p1a: Kabutops\n|faint|p1a: Kabutops\n|\n|-weather|RainDance|[upkeep]\n|upkeep\n|c| NoisyALT|,\n|choice|switch 6|\n|\n|switch|p1a: Kingdra|Kingdra, F|291\/291\n|turn|18\n|c| NoisyALT|hydro\n|choice|move hydropump|switch 6\n|\n|switch|p2a: Mawile|Mawile, F|282\/282\n|move|p1a: Kingdra|Hydro Pump|p2a: Mawile\n|-damage|p2a: Mawile|0 fnt\n|faint|p2a: Mawile\n|\n|-weather|RainDance|[upkeep]\n|-fieldend|move: Psychic Terrain\n|upkeep\n|choice||switch 6\n|\n|switch|p2a: Tangrowth|Tangrowth, M|261\/404\n|turn|19\n|j|Dayman123\n|choice|move hydropump|move gigadrain\n|\n|move|p1a: Kingdra|Hydro Pump|p2a: Tangrowth\n|-resisted|p2a: Tangrowth\n|-damage|p2a: Tangrowth|112\/404\n|move|p2a: Tangrowth|Giga Drain|p1a: Kingdra\n|-damage|p1a: Kingdra|197\/291\n|-heal|p2a: Tangrowth|159\/404|[from] drain|[of] p1a: Kingdra\n|\n|-weather|none\n|upkeep\n|turn|20\n|choice|move hydropump|move gigadrain\n|\n|move|p1a: Kingdra|Hydro Pump|p2a: Tangrowth\n|-resisted|p2a: Tangrowth\n|-damage|p2a: Tangrowth|66\/404\n|move|p2a: Tangrowth|Giga Drain|p1a: Kingdra\n|-damage|p1a: Kingdra|104\/291\n|-heal|p2a: Tangrowth|113\/404|[from] drain|[of] p1a: Kingdra\n|\n|upkeep\n|turn|21\n|choice|move hydropump|move gigadrain\n|\n|move|p1a: Kingdra|Hydro Pump|p2a: Tangrowth\n|-resisted|p2a: Tangrowth\n|-damage|p2a: Tangrowth|23\/404\n|move|p2a: Tangrowth|Giga Drain|p1a: Kingdra\n|-damage|p1a: Kingdra|10\/291\n|-heal|p2a: Tangrowth|70\/404|[from] drain|[of] p1a: Kingdra\n|\n|upkeep\n|turn|22\n|c|\u2606SartsTeamLab|what is this \"accuracy\" everyone is talking about?\n|choice|move hydropump|move gigadrain\n|\n|move|p1a: Kingdra|Hydro Pump|p2a: Tangrowth\n|-resisted|p2a: Tangrowth\n|-damage|p2a: Tangrowth|0 fnt\n|faint|p2a: Tangrowth\n|\n|upkeep\n|c|\u2606Gotham Paladin|lol\n|choice||switch 5\n|\n|switch|p2a: Greninja|Greninja-Ash, M|201\/285\n|turn|23\n|choice|move hydropump|move watershuriken\n|\n|move|p2a: Greninja|Water Shuriken|p1a: Kingdra\n|-resisted|p1a: Kingdra\n|-damage|p1a: Kingdra|0 fnt\n|-hitcount|p1a: Kingdra|1\n|faint|p1a: Kingdra\n|\n|upkeep\n|c|\u2606SartsTeamLab|gg :P gl in the rest\n|choice|switch 5|\n|\n|switch|p1a: Landorus|Landorus-Therian, M|319\/319\n|-ability|p1a: Landorus|Intimidate|boost\n|-unboost|p2a: Greninja|atk|1\n|turn|24\n|choice|move earthquake|move watershuriken\n|\n|move|p2a: Greninja|Water Shuriken|p1a: Landorus\n|-supereffective|p1a: Landorus\n|-damage|p1a: Landorus|161\/319\n|-supereffective|p1a: Landorus\n|-damage|p1a: Landorus|0 fnt\n|-hitcount|p1a: Landorus|2\n|faint|p1a: Landorus\n|\n|win|Gotham Paladin\n|c|\u2606Gotham Paladin|gg\n|l|Gotham Paladin\n|l|ez","inputlog":null,"uploadtime":1490425909,"views":0,"p1id":"sartsteamlab","p2id":"gothampaladin","formatid":"gen7ou","rating":0,"private":0,"password":null}