{"id":"gen7ou-943694172","p1":"HQSTest","p2":"angelscruelthesis","format":"gen7ou","log":"|j|\u2606HQSTest\n|j|\u2606angelscruelthesis\n|player|p1|HQSTest|260\n|player|p2|angelscruelthesis|266\n|teamsize|p1|6\n|teamsize|p2|6\n|gametype|singles\n|gen|7\n|tier|[Gen 7] OU\n|rated|\n|rule|Sleep Clause Mod: Limit one foe put to sleep\n|rule|Species Clause: Limit one of each Pok\u00e9mon\n|rule|OHKO Clause: OHKO moves are banned\n|rule|Moody Clause: Moody is banned\n|rule|Evasion Moves Clause: Evasion moves are banned\n|rule|Endless Battle Clause: Forcing endless battles is banned\n|rule|HP Percentage Mod: HP is shown in percentages\n|clearpoke\n|poke|p1|Pelipper, F|item\n|poke|p1|Kingdra, M|item\n|poke|p1|Crawdaunt, M|item\n|poke|p1|Magearna|item\n|poke|p1|Araquanid, F|item\n|poke|p1|Swampert, M|item\n|poke|p2|Gliscor, M|item\n|poke|p2|Tornadus-Therian, M|item\n|poke|p2|Skarmory, M|item\n|poke|p2|Chansey, F|item\n|poke|p2|Diancie|item\n|poke|p2|Slowbro, F|item\n|teampreview\n|\n|start\n|switch|p1a: Pelipper|Pelipper, F|100\/100\n|switch|p2a: Tornadus|Tornadus-Therian, M|100\/100\n|-weather|RainDance|[from] ability: Drizzle|[of] p1a: Pelipper\n|turn|1\n|\n|switch|p1a: Magearna|Magearna|100\/100\n|move|p2a: Tornadus|Hurricane|p1a: Magearna\n|-resisted|p1a: Magearna\n|-damage|p1a: Magearna|78\/100\n|\n|-weather|RainDance|[upkeep]\n|upkeep\n|turn|2\n|\n|switch|p2a: Chansey|Chansey, F|100\/100\n|move|p1a: Magearna|Volt Switch|p2a: Chansey\n|-damage|p2a: Chansey|94\/100\n|\n|switch|p1a: Crawdaunt|Crawdaunt, M|100\/100|[from]move: Volt Switch\n|\n|-weather|RainDance|[upkeep]\n|upkeep\n|turn|3\n|\n|switch|p2a: Slowbro|Slowbro, F|100\/100\n|move|p1a: Crawdaunt|Knock Off|p2a: Slowbro\n|-supereffective|p2a: Slowbro\n|-damage|p2a: Slowbro|0 fnt\n|-damage|p1a: Crawdaunt|84\/100|[from] item: Rocky Helmet|[of] p2a: Slowbro\n|-enditem|p2a: Slowbro|Rocky Helmet|[from] move: Knock Off|[of] p1a: Crawdaunt\n|faint|p2a: Slowbro\n|\n|-weather|RainDance|[upkeep]\n|upkeep\n|\n|switch|p2a: Diancie|Diancie|100\/100\n|turn|4\n|j| zzs is my goddess\n|\n|switch|p1a: Magearna|Magearna|78\/100\n|move|p2a: Diancie|Stealth Rock|p1a: Magearna\n|-sidestart|p1: HQSTest|move: Stealth Rock\n|\n|-weather|RainDance|[upkeep]\n|upkeep\n|turn|5\n|\n|detailschange|p2a: Diancie|Diancie-Mega\n|-mega|p2a: Diancie|Diancie|Diancite\n|move|p2a: Diancie|Earth Power|p1a: Magearna\n|-supereffective|p1a: Magearna\n|-damage|p1a: Magearna|22\/100\n|-enditem|p1a: Magearna|Iapapa Berry|[eat]\n|-heal|p1a: Magearna|72\/100|[from] item: Iapapa Berry\n|move|p1a: Magearna|Volt Switch|p2a: Diancie\n|-damage|p2a: Diancie|79\/100\n|\n|switch|p1a: Swampert|Swampert, M|100\/100|[from]move: Volt Switch\n|-damage|p1a: Swampert|94\/100|[from] Stealth Rock\n|\n|-weather|RainDance|[upkeep]\n|upkeep\n|turn|6\n|\n|switch|p2a: Skarmory|Skarmory, M|100\/100\n|detailschange|p1a: Swampert|Swampert-Mega, M\n|-mega|p1a: Swampert|Swampert|Swampertite\n|move|p1a: Swampert|Waterfall|p2a: Skarmory\n|-damage|p2a: Skarmory|57\/100\n|\n|-weather|RainDance|[upkeep]\n|upkeep\n|turn|7\n|\n|move|p1a: Swampert|Stealth Rock|p2a: Skarmory\n|-sidestart|p2: angelscruelthesis|move: Stealth Rock\n|move|p2a: Skarmory|Roost|p2a: Skarmory\n|-heal|p2a: Skarmory|100\/100\n|-singleturn|p2a: Skarmory|move: Roost\n|\n|-weather|RainDance|[upkeep]\n|upkeep\n|turn|8\n|\n|move|p1a: Swampert|Waterfall|p2a: Skarmory\n|-damage|p2a: Skarmory|52\/100\n|move|p2a: Skarmory|Toxic|p1a: Swampert\n|-status|p1a: Swampert|tox\n|\n|-weather|none\n|-damage|p1a: Swampert|88\/100 tox|[from] psn\n|upkeep\n|turn|9\n|\n|switch|p1a: Pelipper|Pelipper, F|100\/100\n|-damage|p1a: Pelipper|76\/100|[from] Stealth Rock\n|-weather|RainDance|[from] ability: Drizzle|[of] p1a: Pelipper\n|move|p2a: Skarmory|Roost|p2a: Skarmory\n|-heal|p2a: Skarmory|100\/100\n|-singleturn|p2a: Skarmory|move: Roost\n|\n|-weather|RainDance|[upkeep]\n|upkeep\n|turn|10\n|\n|move|p2a: Skarmory|Toxic|p1a: Pelipper|[miss]\n|-miss|p2a: Skarmory|p1a: Pelipper\n|move|p1a: Pelipper|U-turn|p2a: Skarmory\n|-resisted|p2a: Skarmory\n|-damage|p2a: Skarmory|99\/100\n|\n|switch|p1a: Crawdaunt|Crawdaunt, M|84\/100|[from]move: U-turn\n|-damage|p1a: Crawdaunt|72\/100|[from] Stealth Rock\n|\n|-weather|RainDance|[upkeep]\n|upkeep\n|turn|11\n|\n|move|p1a: Crawdaunt|Crabhammer|p2a: Skarmory\n|-damage|p2a: Skarmory|0 fnt\n|faint|p2a: Skarmory\n|\n|-weather|RainDance|[upkeep]\n|upkeep\n|\n|switch|p2a: Tornadus|Tornadus-Therian, M|100\/100\n|-damage|p2a: Tornadus|75\/100|[from] Stealth Rock\n|turn|12\n|\n|switch|p1a: Magearna|Magearna|72\/100\n|-damage|p1a: Magearna|66\/100|[from] Stealth Rock\n|move|p2a: Tornadus|Hurricane|p1a: Magearna\n|-resisted|p1a: Magearna\n|-damage|p1a: Magearna|42\/100\n|-start|p1a: Magearna|confusion\n|\n|-weather|RainDance|[upkeep]\n|upkeep\n|turn|13\n|\n|-zpower|p2a: Tornadus\n|move|p2a: Tornadus|Supersonic Skystrike|p1a: Magearna|[zeffect]\n|-resisted|p1a: Magearna\n|-damage|p1a: Magearna|9\/100\n|-activate|p1a: Magearna|confusion\n|move|p1a: Magearna|Trick Room|p1a: Magearna\n|-fieldstart|move: Trick Room|[of] p1a: Magearna\n|\n|-weather|RainDance|[upkeep]\n|upkeep\n|turn|14\n|\n|switch|p2a: Chansey|Chansey, F|94\/100\n|-damage|p2a: Chansey|81\/100|[from] Stealth Rock\n|-activate|p1a: Magearna|confusion\n|move|p1a: Magearna|Volt Switch|p2a: Chansey\n|-damage|p2a: Chansey|75\/100\n|\n|switch|p1a: Araquanid|Araquanid, F|100\/100|[from]move: Volt Switch\n|-damage|p1a: Araquanid|76\/100|[from] Stealth Rock\n|\n|-weather|RainDance|[upkeep]\n|upkeep\n|turn|15\n|\n|move|p1a: Araquanid|Liquidation|p2a: Chansey\n|-damage|p2a: Chansey|0 fnt\n|faint|p2a: Chansey\n|\n|-weather|RainDance|[upkeep]\n|upkeep\n|-message|angelscruelthesis forfeited.\n|\n|win|HQSTest\n|inactive|Battle timer is ON: inactive players will automatically lose when time's up. (requested by HQSTest)\n|l|\u2606angelscruelthesis\n","uploadtime":1562948605,"views":22,"p1id":"hqstest","p2id":"angelscruelthesis","formatid":"gen7ou","rating":0,"private":0,"password":null}