{"id":"gen7ou-1565704403","p1":"woyebuzhidao","p2":"TestingTesting1","format":"gen7ou","log":"|j|\u2606woyebuzhidao\n|j|\u2606TestingTesting1\n|t:|1651459446\n|gametype|singles\n|player|p1|woyebuzhidao|lady-gen4|1583\n|player|p2|TestingTesting1|265|1630\n|teamsize|p1|6\n|teamsize|p2|6\n|gen|7\n|tier|[Gen 7] OU\n|rated|\n|rule|Sleep Clause Mod: Limit one foe put to sleep\n|rule|Species Clause: Limit one of each Pok\u00e9mon\n|rule|OHKO Clause: OHKO moves are banned\n|rule|Moody Clause: Moody is banned\n|rule|Evasion Moves Clause: Evasion moves are banned\n|rule|Endless Battle Clause: Forcing endless battles is banned\n|rule|HP Percentage Mod: HP is shown in percentages\n|clearpoke\n|poke|p1|Salazzle, F|item\n|poke|p1|Volcarona, F|item\n|poke|p1|Swampert, M|item\n|poke|p1|Landorus-Therian, M|item\n|poke|p1|Ferrothorn, F|item\n|poke|p1|Zapdos|item\n|poke|p2|Medicham, M|item\n|poke|p2|Rotom-Wash|item\n|poke|p2|Magearna|item\n|poke|p2|Tapu Bulu|item\n|poke|p2|Victini|item\n|poke|p2|Nihilego|item\n|teampreview\n|\n|t:|1651459455\n|start\n|switch|p1a: Landorus|Landorus-Therian, M|100\/100\n|switch|p2a: Rotom|Rotom-Wash, shiny|100\/100\n|-ability|p1a: Landorus|Intimidate|boost\n|-unboost|p2a: Rotom|atk|1\n|turn|1\n|inactive|Battle timer is ON: inactive players will automatically lose when time's up. (requested by woyebuzhidao)\n|\n|t:|1651459461\n|move|p1a: Landorus|U-turn|p2a: Rotom\n|-damage|p2a: Rotom|80\/100\n|\n|t:|1651459464\n|switch|p1a: Ferrothorn|Ferrothorn, F|100\/100|[from]move: U-turn\n|move|p2a: Rotom|Will-O-Wisp|p1a: Ferrothorn\n|-status|p1a: Ferrothorn|brn\n|\n|-damage|p1a: Ferrothorn|95\/100 brn|[from] brn\n|upkeep\n|turn|2\n|\n|t:|1651459471\n|move|p2a: Rotom|Volt Switch|p1a: Ferrothorn\n|-resisted|p1a: Ferrothorn\n|-damage|p1a: Ferrothorn|84\/100 brn\n|\n|t:|1651459474\n|switch|p2a: Medicham|Medicham, M, shiny|100\/100|[from]move: Volt Switch\n|move|p1a: Ferrothorn|Stealth Rock|p2a: Medicham\n|-sidestart|p2: TestingTesting1|move: Stealth Rock\n|\n|-heal|p1a: Ferrothorn|90\/100 brn|[from] item: Leftovers\n|-damage|p1a: Ferrothorn|84\/100 brn|[from] brn\n|upkeep\n|turn|3\n|\n|t:|1651459485\n|detailschange|p2a: Medicham|Medicham-Mega, M, shiny\n|-mega|p2a: Medicham|Medicham|Medichamite\n|move|p2a: Medicham|Ice Punch|p1a: Ferrothorn\n|-damage|p1a: Ferrothorn|59\/100 brn\n|-damage|p2a: Medicham|88\/100|[from] ability: Iron Barbs|[of] p1a: Ferrothorn\n|move|p1a: Ferrothorn|Gyro Ball|p2a: Medicham\n|-damage|p2a: Medicham|49\/100\n|\n|-heal|p1a: Ferrothorn|65\/100 brn|[from] item: Leftovers\n|-damage|p1a: Ferrothorn|59\/100 brn|[from] brn\n|upkeep\n|turn|4\n|\n|t:|1651459495\n|switch|p1a: Landorus|Landorus-Therian, M|100\/100\n|-ability|p1a: Landorus|Intimidate|boost\n|-unboost|p2a: Medicham|atk|1\n|move|p2a: Medicham|High Jump Kick|p1a: Landorus\n|-resisted|p1a: Landorus\n|-damage|p1a: Landorus|55\/100\n|\n|upkeep\n|turn|5\n|\n|t:|1651459503\n|switch|p2a: Rotom|Rotom-Wash, shiny|80\/100\n|-damage|p2a: Rotom|68\/100|[from] Stealth Rock\n|move|p1a: Landorus|U-turn|p2a: Rotom\n|-damage|p2a: Rotom|46\/100\n|\n|t:|1651459511\n|switch|p1a: Volcarona|Volcarona, F|100\/100|[from]move: U-turn\n|\n|upkeep\n|turn|6\n|\n|t:|1651459515\n|switch|p2a: Nihilego|Nihilego, shiny|100\/100\n|-damage|p2a: Nihilego|88\/100|[from] Stealth Rock\n|move|p1a: Volcarona|Giga Drain|p2a: Nihilego\n|-damage|p2a: Nihilego|67\/100\n|\n|upkeep\n|turn|7\n|\n|t:|1651459522\n|switch|p1a: Ferrothorn|Ferrothorn, F|59\/100 brn\n|move|p2a: Nihilego|Stealth Rock|p1a: Ferrothorn\n|-sidestart|p1: woyebuzhidao|move: Stealth Rock\n|\n|-heal|p1a: Ferrothorn|65\/100 brn|[from] item: Leftovers\n|-damage|p1a: Ferrothorn|59\/100 brn|[from] brn\n|upkeep\n|turn|8\n|\n|t:|1651459533\n|switch|p2a: Tapu Bulu|Tapu Bulu, shiny|100\/100\n|-damage|p2a: Tapu Bulu|88\/100|[from] Stealth Rock\n|-fieldstart|move: Grassy Terrain|[from] ability: Grassy Surge|[of] p2a: Tapu Bulu\n|move|p1a: Ferrothorn|Spikes|p2a: Tapu Bulu\n|-sidestart|p2: TestingTesting1|Spikes\n|\n|-heal|p2a: Tapu Bulu|94\/100|[from] Grassy Terrain\n|-heal|p1a: Ferrothorn|65\/100 brn|[from] Grassy Terrain\n|-heal|p1a: Ferrothorn|71\/100 brn|[from] item: Leftovers\n|-damage|p1a: Ferrothorn|65\/100 brn|[from] brn\n|upkeep\n|turn|9\n|\n|t:|1651459546\n|move|p2a: Tapu Bulu|Swords Dance|p2a: Tapu Bulu\n|-boost|p2a: Tapu Bulu|atk|2\n|move|p1a: Ferrothorn|Gyro Ball|p2a: Tapu Bulu\n|-supereffective|p2a: Tapu Bulu\n|-damage|p2a: Tapu Bulu|56\/100\n|\n|-heal|p2a: Tapu Bulu|62\/100|[from] Grassy Terrain\n|-heal|p1a: Ferrothorn|71\/100 brn|[from] Grassy Terrain\n|-heal|p1a: Ferrothorn|77\/100 brn|[from] item: Leftovers\n|-damage|p1a: Ferrothorn|71\/100 brn|[from] brn\n|upkeep\n|turn|10\n|\n|t:|1651459556\n|-zpower|p2a: Tapu Bulu\n|move|p2a: Tapu Bulu|All-Out Pummeling|p1a: Ferrothorn|[zeffect]\n|-supereffective|p1a: Ferrothorn\n|-crit|p1a: Ferrothorn\n|-damage|p1a: Ferrothorn|0 fnt\n|faint|p1a: Ferrothorn\n|\n|-heal|p2a: Tapu Bulu|68\/100|[from] Grassy Terrain\n|upkeep\n|\n|t:|1651459561\n|switch|p1a: Salazzle|Salazzle, F|100\/100\n|-damage|p1a: Salazzle|75\/100|[from] Stealth Rock\n|turn|11\n|\n|t:|1651459570\n|switch|p2a: Magearna|Magearna|100\/100\n|-damage|p2a: Magearna|94\/100|[from] Stealth Rock\n|-damage|p2a: Magearna|82\/100|[from] Spikes\n|move|p1a: Salazzle|Toxic|p2a: Magearna\n|-status|p2a: Magearna|tox\n|\n|-heal|p1a: Salazzle|82\/100|[from] Grassy Terrain\n|-heal|p1a: Salazzle|88\/100|[from] item: Black Sludge\n|-heal|p2a: Magearna|88\/100 tox|[from] Grassy Terrain\n|-damage|p2a: Magearna|82\/100 tox|[from] psn\n|upkeep\n|turn|12\n|\n|t:|1651459583\n|move|p1a: Salazzle|Protect|p1a: Salazzle\n|-singleturn|p1a: Salazzle|Protect\n|move|p2a: Magearna|Volt Switch|p1a: Salazzle\n|-activate|p1a: Salazzle|move: Protect\n|\n|-heal|p1a: Salazzle|94\/100|[from] Grassy Terrain\n|-heal|p1a: Salazzle|99\/100|[from] item: Black Sludge\n|-heal|p2a: Magearna|88\/100 tox|[from] Grassy Terrain\n|-damage|p2a: Magearna|76\/100 tox|[from] psn\n|-fieldend|move: Grassy Terrain\n|upkeep\n|turn|13\n|\n|t:|1651459593\n|move|p1a: Salazzle|Disable|p2a: Magearna\n|-start|p2a: Magearna|Disable|Volt Switch\n|cant|p2a: Magearna|Disable|Volt Switch\n|\n|-heal|p1a: Salazzle|100\/100|[from] item: Black Sludge\n|-damage|p2a: Magearna|58\/100 tox|[from] psn\n|upkeep\n|turn|14\n|\n|t:|1651459600\n|switch|p2a: Victini|Victini|100\/100\n|-damage|p2a: Victini|88\/100|[from] Spikes\n|-damage|p2a: Victini|63\/100|[from] Stealth Rock\n|move|p1a: Salazzle|Toxic|p2a: Victini\n|-status|p2a: Victini|tox\n|\n|-damage|p2a: Victini|57\/100 tox|[from] psn\n|upkeep\n|turn|15\n|\n|t:|1651459618\n|move|p1a: Salazzle|Protect|p1a: Salazzle\n|-singleturn|p1a: Salazzle|Protect\n|move|p2a: Victini|Zen Headbutt|p1a: Salazzle\n|-activate|p1a: Salazzle|move: Protect\n|\n|-damage|p2a: Victini|45\/100 tox|[from] psn\n|upkeep\n|turn|16\n|\n|t:|1651459638\n|switch|p1a: Zapdos|Zapdos|100\/100\n|-damage|p1a: Zapdos|75\/100|[from] Stealth Rock\n|move|p2a: Victini|Zen Headbutt|p1a: Zapdos\n|-damage|p1a: Zapdos|49\/100\n|\n|-heal|p1a: Zapdos|55\/100|[from] item: Leftovers\n|-damage|p2a: Victini|26\/100 tox|[from] psn\n|upkeep\n|turn|17\n|\n|t:|1651459648\n|switch|p2a: Rotom|Rotom-Wash, shiny|46\/100\n|-damage|p2a: Rotom|34\/100|[from] Stealth Rock\n|move|p1a: Zapdos|Defog|p2a: Rotom\n|-unboost|p2a: Rotom|evasion|1\n|-sideend|p2: TestingTesting1|Spikes|[from] move: Defog|[of] p1a: Zapdos\n|-sideend|p2: TestingTesting1|Stealth Rock|[from] move: Defog|[of] p1a: Zapdos\n|-sideend|p1: woyebuzhidao|Stealth Rock|[from] move: Defog|[of] p1a: Zapdos\n|\n|-heal|p1a: Zapdos|61\/100|[from] item: Leftovers\n|upkeep\n|turn|18\n|\n|t:|1651459659\n|move|p1a: Zapdos|Volt Switch|p2a: Rotom\n|-damage|p2a: Rotom|4\/100\n|-enditem|p2a: Rotom|Wiki Berry|[eat]\n|-heal|p2a: Rotom|54\/100|[from] item: Wiki Berry\n|\n|t:|1651459668\n|switch|p1a: Salazzle|Salazzle, F|100\/100|[from]move: Volt Switch\n|move|p2a: Rotom|Volt Switch|p1a: Salazzle\n|-damage|p1a: Salazzle|65\/100\n|\n|t:|1651459678\n|switch|p2a: Victini|Victini|26\/100 tox|[from]move: Volt Switch\n|\n|-heal|p1a: Salazzle|71\/100|[from] item: Black Sludge\n|-damage|p2a: Victini|20\/100 tox|[from] psn\n|upkeep\n|turn|19\n|\n|t:|1651459686\n|move|p1a: Salazzle|Protect|p1a: Salazzle\n|-singleturn|p1a: Salazzle|Protect\n|move|p2a: Victini|Zen Headbutt|p1a: Salazzle\n|-activate|p1a: Salazzle|move: Protect\n|\n|-heal|p1a: Salazzle|78\/100|[from] item: Black Sludge\n|-damage|p2a: Victini|8\/100 tox|[from] psn\n|upkeep\n|turn|20\n|\n|t:|1651459694\n|switch|p2a: Nihilego|Nihilego, shiny|67\/100\n|switch|p1a: Zapdos|Zapdos|61\/100\n|\n|-heal|p1a: Zapdos|68\/100|[from] item: Leftovers\n|upkeep\n|turn|21\n|\n|t:|1651459702\n|move|p2a: Nihilego|Stealth Rock|p1a: Zapdos\n|-sidestart|p1: woyebuzhidao|move: Stealth Rock\n|move|p1a: Zapdos|Defog|p2a: Nihilego\n|-unboost|p2a: Nihilego|evasion|1\n|-sideend|p1: woyebuzhidao|Stealth Rock|[from] move: Defog|[of] p1a: Zapdos\n|\n|-heal|p1a: Zapdos|74\/100|[from] item: Leftovers\n|upkeep\n|turn|22\n|\n|t:|1651459708\n|move|p2a: Nihilego|Stealth Rock|p1a: Zapdos\n|-sidestart|p1: woyebuzhidao|move: Stealth Rock\n|move|p1a: Zapdos|Volt Switch|p2a: Nihilego\n|-damage|p2a: Nihilego|46\/100\n|\n|t:|1651459711\n|switch|p1a: Landorus|Landorus-Therian, M|55\/100|[from]move: Volt Switch\n|-damage|p1a: Landorus|43\/100|[from] Stealth Rock\n|-ability|p1a: Landorus|Intimidate|boost\n|-unboost|p2a: Nihilego|atk|1\n|\n|upkeep\n|turn|23\n|\n|t:|1651459722\n|switch|p2a: Victini|Victini|8\/100 tox\n|move|p1a: Landorus|U-turn|p2a: Victini\n|-damage|p2a: Victini|0 fnt\n|faint|p2a: Victini\n|\n|t:|1651459728\n|switch|p1a: Salazzle|Salazzle, F|78\/100|[from]move: U-turn\n|-damage|p1a: Salazzle|53\/100|[from] Stealth Rock\n|\n|-heal|p1a: Salazzle|59\/100|[from] item: Black Sludge\n|upkeep\n|\n|t:|1651459735\n|switch|p2a: Medicham|Medicham-Mega, M, shiny|49\/100\n|turn|24\n|\n|t:|1651459741\n|move|p1a: Salazzle|Protect|p1a: Salazzle\n|-singleturn|p1a: Salazzle|Protect\n|move|p2a: Medicham|Zen Headbutt|p1a: Salazzle\n|-activate|p1a: Salazzle|move: Protect\n|\n|-heal|p1a: Salazzle|65\/100|[from] item: Black Sludge\n|upkeep\n|turn|25\n|\n|t:|1651459748\n|move|p1a: Salazzle|Disable|p2a: Medicham\n|-start|p2a: Medicham|Disable|Zen Headbutt\n|cant|p2a: Medicham|Disable|Zen Headbutt\n|\n|-heal|p1a: Salazzle|71\/100|[from] item: Black Sludge\n|upkeep\n|turn|26\n|\n|t:|1651459755\n|move|p1a: Salazzle|Encore|p2a: Medicham\n|-start|p2a: Medicham|Encore\n|cant|p2a: Medicham|Disable|Zen Headbutt\n|\n|-heal|p1a: Salazzle|77\/100|[from] item: Black Sludge\n|upkeep\n|turn|27\n|\n|t:|1651459764\n|switch|p2a: Nihilego|Nihilego, shiny|46\/100\n|move|p1a: Salazzle|Toxic|p2a: Nihilego\n|-status|p2a: Nihilego|tox\n|\n|-heal|p1a: Salazzle|83\/100|[from] item: Black Sludge\n|-damage|p2a: Nihilego|39\/100 tox|[from] psn\n|upkeep\n|turn|28\n|\n|t:|1651459772\n|switch|p2a: Medicham|Medicham-Mega, M, shiny|49\/100\n|move|p1a: Salazzle|Protect||[still]\n|-fail|p1a: Salazzle\n|\n|-heal|p1a: Salazzle|90\/100|[from] item: Black Sludge\n|upkeep\n|turn|29\n|\n|t:|1651459780\n|move|p1a: Salazzle|Protect|p1a: Salazzle\n|-singleturn|p1a: Salazzle|Protect\n|move|p2a: Medicham|Ice Punch|p1a: Salazzle\n|-activate|p1a: Salazzle|move: Protect\n|\n|-heal|p1a: Salazzle|96\/100|[from] item: Black Sludge\n|upkeep\n|turn|30\n|\n|t:|1651459787\n|move|p1a: Salazzle|Encore|p2a: Medicham\n|-start|p2a: Medicham|Encore\n|move|p2a: Medicham|Ice Punch|p1a: Salazzle\n|-resisted|p1a: Salazzle\n|-damage|p1a: Salazzle|63\/100\n|\n|-heal|p1a: Salazzle|70\/100|[from] item: Black Sludge\n|upkeep\n|turn|31\n|\n|t:|1651459795\n|switch|p2a: Tapu Bulu|Tapu Bulu, shiny|68\/100\n|-fieldstart|move: Grassy Terrain|[from] ability: Grassy Surge|[of] p2a: Tapu Bulu\n|move|p1a: Salazzle|Toxic|p2a: Tapu Bulu\n|-status|p2a: Tapu Bulu|tox\n|\n|-heal|p1a: Salazzle|76\/100|[from] Grassy Terrain\n|-heal|p1a: Salazzle|82\/100|[from] item: Black Sludge\n|-heal|p2a: Tapu Bulu|75\/100 tox|[from] Grassy Terrain\n|-damage|p2a: Tapu Bulu|68\/100 tox|[from] psn\n|upkeep\n|turn|32\n|\n|t:|1651459807\n|switch|p2a: Medicham|Medicham-Mega, M, shiny|49\/100\n|move|p1a: Salazzle|Protect||[still]\n|-fail|p1a: Salazzle\n|\n|-heal|p1a: Salazzle|88\/100|[from] Grassy Terrain\n|-heal|p1a: Salazzle|94\/100|[from] item: Black Sludge\n|-heal|p2a: Medicham|55\/100|[from] Grassy Terrain\n|upkeep\n|turn|33\n|\n|t:|1651459816\n|move|p1a: Salazzle|Protect|p1a: Salazzle\n|-singleturn|p1a: Salazzle|Protect\n|move|p2a: Medicham|Fake Out|p1a: Salazzle\n|-activate|p1a: Salazzle|move: Protect\n|\n|-heal|p1a: Salazzle|100\/100|[from] Grassy Terrain\n|-heal|p2a: Medicham|61\/100|[from] Grassy Terrain\n|upkeep\n|turn|34\n|\n|t:|1651459828\n|switch|p2a: Rotom|Rotom-Wash, shiny|54\/100\n|move|p1a: Salazzle|Encore||[still]\n|-fail|p1a: Salazzle\n|\n|upkeep\n|turn|35\n|\n|t:|1651459834\n|move|p1a: Salazzle|Toxic|p2a: Rotom\n|-status|p2a: Rotom|tox\n|move|p2a: Rotom|Hydro Pump|p1a: Salazzle\n|-supereffective|p1a: Salazzle\n|-damage|p1a: Salazzle|0 fnt\n|faint|p1a: Salazzle\n|\n|-damage|p2a: Rotom|48\/100 tox|[from] psn\n|-fieldend|move: Grassy Terrain\n|upkeep\n|\n|t:|1651459840\n|switch|p1a: Zapdos|Zapdos|74\/100\n|-damage|p1a: Zapdos|49\/100|[from] Stealth Rock\n|turn|36\n|\n|t:|1651459846\n|move|p1a: Zapdos|Defog|p2a: Rotom\n|-unboost|p2a: Rotom|evasion|1\n|-sideend|p1: woyebuzhidao|Stealth Rock|[from] move: Defog|[of] p1a: Zapdos\n|move|p2a: Rotom|Volt Switch|p1a: Zapdos\n|-damage|p1a: Zapdos|28\/100\n|\n|t:|1651459851\n|switch|p2a: Nihilego|Nihilego, shiny|39\/100 tox|[from]move: Volt Switch\n|\n|-heal|p1a: Zapdos|34\/100|[from] item: Leftovers\n|-damage|p2a: Nihilego|33\/100 tox|[from] psn\n|upkeep\n|turn|37\n|\n|t:|1651459857\n|move|p2a: Nihilego|Power Gem|p1a: Zapdos\n|-supereffective|p1a: Zapdos\n|-damage|p1a: Zapdos|0 fnt\n|faint|p1a: Zapdos\n|-ability|p2a: Nihilego|Beast Boost|boost\n|-boost|p2a: Nihilego|spa|1\n|-damage|p2a: Nihilego|24\/100 tox|[from] item: Life Orb\n|\n|-damage|p2a: Nihilego|11\/100 tox|[from] psn\n|upkeep\n|\n|t:|1651459861\n|switch|p1a: Landorus|Landorus-Therian, M|43\/100\n|-ability|p1a: Landorus|Intimidate|boost\n|-unboost|p2a: Nihilego|atk|1\n|turn|38\n|\n|t:|1651459868\n|switch|p2a: Rotom|Rotom-Wash, shiny|48\/100 tox\n|move|p1a: Landorus|U-turn|p2a: Rotom\n|-damage|p2a: Rotom|27\/100 tox\n|inactive|woyebuzhidao has 120 seconds left.\n|j| jqjdjen\n|\n|t:|1651459900\n|switch|p1a: Volcarona|Volcarona, F|100\/100|[from]move: U-turn\n|\n|-damage|p2a: Rotom|21\/100 tox|[from] psn\n|upkeep\n|turn|39\n|inactive|woyebuzhidao has 120 seconds left.\n|\n|t:|1651459932\n|move|p1a: Volcarona|Giga Drain|p2a: Rotom\n|-supereffective|p2a: Rotom\n|-damage|p2a: Rotom|0 fnt\n|faint|p2a: Rotom\n|\n|upkeep\n|\n|t:|1651459936\n|switch|p2a: Nihilego|Nihilego, shiny|11\/100 tox\n|turn|40\n|\n|t:|1651459938\n|move|p2a: Nihilego|Stealth Rock|p1a: Volcarona\n|-sidestart|p1: woyebuzhidao|move: Stealth Rock\n|move|p1a: Volcarona|Quiver Dance|p1a: Volcarona\n|-boost|p1a: Volcarona|spa|1\n|-boost|p1a: Volcarona|spd|1\n|-boost|p1a: Volcarona|spe|1\n|\n|-damage|p2a: Nihilego|5\/100 tox|[from] psn\n|upkeep\n|turn|41\n|inactive|woyebuzhidao has 120 seconds left.\n|\n|t:|1651459946\n|move|p1a: Volcarona|Fiery Dance|p2a: Nihilego\n|-resisted|p2a: Nihilego\n|-damage|p2a: Nihilego|0 fnt\n|-boost|p1a: Volcarona|spa|1\n|faint|p2a: Nihilego\n|\n|upkeep\n|-message|TestingTesting1 forfeited.\n|\n|win|woyebuzhidao\n|raw|woyebuzhidao's rating: 1583 &rarr; <strong>1606<\/strong><br \/>(+23 for winning)\n|raw|TestingTesting1's rating: 1630 &rarr; <strong>1607<\/strong><br \/>(-23 for losing)\n|l|\u2606TestingTesting1\n|c|\u2606woyebuzhidao|gg\n||Ladder isn't responding, score probably updated but might not have (Request timeout).\n|l|\u2606woyebuzhidao\n","uploadtime":1651460008,"views":18,"p1id":"woyebuzhidao","p2id":"testingtesting1","formatid":"gen7ou","rating":1606,"private":0,"password":null}