{"id":"gen7ou-795737800","p1":"H4WT \u2605","p2":"qiansui","format":"gen7ou","log":"|j|\u2606H4WT \u2605\n|j|\u2606qiansui\n|player|p1|H4WT \u2605|165\n|player|p2|qiansui|138\n|teamsize|p1|6\n|teamsize|p2|6\n|gametype|singles\n|gen|7\n|tier|[Gen 7] OU\n|rated|\n|rule|Sleep Clause Mod: Limit one foe put to sleep\n|rule|Species Clause: Limit one of each Pok\u00e9mon\n|rule|OHKO Clause: OHKO moves are banned\n|rule|Moody Clause: Moody is banned\n|rule|Evasion Moves Clause: Evasion moves are banned\n|rule|Endless Battle Clause: Forcing endless battles is banned\n|rule|HP Percentage Mod: HP is shown in percentages\n|clearpoke\n|poke|p1|Alakazam, M|item\n|poke|p1|Ferrothorn, F|item\n|poke|p1|Clefable, M|item\n|poke|p1|Gliscor, F|item\n|poke|p1|Magnezone|item\n|poke|p1|Greninja, F|item\n|poke|p2|Mawile, M|item\n|poke|p2|Garchomp, M|item\n|poke|p2|Tapu Fini|item\n|poke|p2|Zapdos|item\n|poke|p2|Greninja, F|item\n|poke|p2|Heatran, M|item\n|teampreview\n|\n|start\n|switch|p1a: Greninja|Greninja, F|100\/100\n|switch|p2a: Greninja|Greninja, F|100\/100\n|turn|1\n|\n|switch|p1a: Magnezone|Magnezone|100\/100\n|move|p2a: Greninja|U-turn|p1a: Magnezone\n|-start|p2a: Greninja|typechange|Bug|[from] Protean\n|-resisted|p1a: Magnezone\n|-damage|p1a: Magnezone|87\/100\n|\n|switch|p2a: Heatran|Heatran, M|100\/100\n|\n|upkeep\n|turn|2\n|\n|move|p1a: Magnezone|Volt Switch|p2a: Heatran\n|-damage|p2a: Heatran|78\/100\n|\n|switch|p1a: Greninja|Greninja, F|100\/100\n|move|p2a: Heatran|Stealth Rock|p1a: Greninja\n|-sidestart|p1: H4WT \u2605|move: Stealth Rock\n|\n|-heal|p2a: Heatran|84\/100|[from] item: Leftovers\n|upkeep\n|turn|3\n|inactive|Battle timer is ON: inactive players will automatically lose when time's up. (requested by qiansui)\n|\n|move|p2a: Heatran|Protect|p2a: Heatran\n|-singleturn|p2a: Heatran|Protect\n|move|p1a: Greninja|Gunk Shot|p2a: Heatran\n|-start|p1a: Greninja|typechange|Poison|[from] Protean\n|-activate|p2a: Heatran|move: Protect\n|\n|-heal|p2a: Heatran|90\/100|[from] item: Leftovers\n|upkeep\n|turn|4\n|j| Heart Doom \u2654\n|\n|-zpower|p1a: Greninja\n|move|p1a: Greninja|All-Out Pummeling|p2a: Heatran|[zeffect]\n|-start|p1a: Greninja|typechange|Fighting|[from] Protean\n|-supereffective|p2a: Heatran\n|-damage|p2a: Heatran|0\n|faint|p2a: Heatran\n|\n|upkeep\n|\n|switch|p2a: Mawile|Mawile, M|100\/100\n|-ability|p2a: Mawile|Intimidate|boost\n|-unboost|p1a: Greninja|atk|1\n|turn|5\n|c| Heart Doom \u2654|H4WT coisa feia rippando time\n|c| Heart Doom \u2654|>-:\n|inactive|H4WT \u2605 has 120 seconds left.\n|\n|detailschange|p2a: Mawile|Mawile-Mega, M\n|-mega|p2a: Mawile|Mawile|Mawilite\n|move|p1a: Greninja|U-turn|p2a: Mawile\n|-start|p1a: Greninja|typechange|Bug|[from] Protean\n|-resisted|p2a: Mawile\n|-damage|p2a: Mawile|96\/100\n|inactive|H4WT \u2605 has 120 seconds left.\n|\n|switch|p1a: Magnezone|Magnezone|87\/100\n|-damage|p1a: Magnezone|81\/100|[from] Stealth Rock\n|move|p2a: Mawile|Swords Dance|p2a: Mawile\n|-boost|p2a: Mawile|atk|2\n|\n|upkeep\n|turn|6\n|\n|move|p2a: Mawile|Sucker Punch|p1a: Magnezone\n|-damage|p1a: Magnezone|0\n|faint|p1a: Magnezone\n|\n|upkeep\n|\n|switch|p1a: Gliscor|Gliscor, F|100\/100\n|-damage|p1a: Gliscor|88\/100|[from] Stealth Rock\n|turn|7\n|\n|switch|p2a: Zapdos|Zapdos|100\/100\n|move|p1a: Gliscor|Earthquake|p2a: Zapdos\n|-immune|p2a: Zapdos|[msg]\n|\n|-status|p1a: Gliscor|tox|[from] item: Toxic Orb\n|upkeep\n|turn|8\n|\n|switch|p1a: Clefable|Clefable, M|100\/100\n|move|p2a: Zapdos|Hidden Power|p1a: Clefable\n|-damage|p1a: Clefable|85\/100\n|\n|-heal|p1a: Clefable|91\/100|[from] item: Leftovers\n|upkeep\n|turn|9\n|\n|move|p2a: Zapdos|Volt Switch|p1a: Clefable\n|-damage|p1a: Clefable|62\/100\n|\n|switch|p2a: Mawile|Mawile-Mega, M|96\/100\n|move|p1a: Clefable|Stealth Rock|p2a: Mawile\n|-sidestart|p2: qiansui|move: Stealth Rock\n|\n|-heal|p1a: Clefable|68\/100|[from] item: Leftovers\n|upkeep\n|turn|10\n|l| Heart Doom \u2654\n|\n|switch|p1a: Gliscor|Gliscor, F|88\/100 tox\n|-damage|p1a: Gliscor|75\/100 tox|[from] Stealth Rock\n|move|p2a: Mawile|Swords Dance|p2a: Mawile\n|-boost|p2a: Mawile|atk|2\n|\n|-heal|p1a: Gliscor|88\/100 tox|[from] ability: Poison Heal\n|upkeep\n|turn|11\n|\n|move|p1a: Gliscor|Swords Dance|p1a: Gliscor\n|-boost|p1a: Gliscor|atk|2\n|move|p2a: Mawile|Play Rough|p1a: Gliscor\n|-damage|p1a: Gliscor|0 tox\n|faint|p1a: Gliscor\n|\n|upkeep\n|-message|H4WT \u2605 forfeited.\n|\n|win|qiansui\n|l|\u2606H4WT \u2605\n","uploadtime":1535225975,"views":84,"p1id":"h4wt","p2id":"qiansui","formatid":"gen7ou","rating":0,"private":0,"password":null}