{"id":"gen7ou-1705345954","p1":"Lucians Call","p2":"And0NE","format":"gen7ou","log":"|j|\u2606Lucians Call\n|j|\u2606And0NE\n|t:|1667868961\n|gametype|singles\n|player|p1|Lucians Call|furisodegirl-blue|\n|player|p2|And0NE|furisodegirl-black|\n|teamsize|p1|6\n|teamsize|p2|6\n|gen|7\n|tier|[Gen 7] OU\n|rule|Sleep Clause Mod: Limit one foe put to sleep\n|rule|Species Clause: Limit one of each Pok\u00e9mon\n|rule|OHKO Clause: OHKO moves are banned\n|rule|Moody Clause: Moody is banned\n|rule|Evasion Items Clause: Evasion items are banned\n|rule|Evasion Moves Clause: Evasion moves are banned\n|rule|Endless Battle Clause: Forcing endless battles is banned\n|rule|HP Percentage Mod: HP is shown in percentages\n|clearpoke\n|poke|p1|Glaceon, M|item\n|poke|p1|Buzzwole|item\n|poke|p1|Clefable, F|item\n|poke|p1|Excadrill, F|item\n|poke|p1|Tornadus-Therian, M|item\n|poke|p1|Ampharos, M|item\n|poke|p2|Manectric, F|item\n|poke|p2|Manaphy|item\n|poke|p2|Garchomp, F|item\n|poke|p2|Ferrothorn, M|item\n|poke|p2|Tornadus-Therian, M|item\n|poke|p2|Magearna|item\n|teampreview\n|inactive|Battle timer is ON: inactive players will automatically lose when time's up. (requested by Lucians Call)\n|\n|t:|1667868985\n|start\n|switch|p1a: Ampharos|Ampharos, M|100\/100\n|switch|p2a: Magearna|Magearna|100\/100\n|turn|1\n|\n|t:|1667868995\n|detailschange|p1a: Ampharos|Ampharos-Mega, M\n|-mega|p1a: Ampharos|Ampharos|Ampharosite\n|-ability|p1a: Ampharos|Mold Breaker\n|move|p2a: Magearna|Calm Mind|p2a: Magearna\n|-boost|p2a: Magearna|spa|1\n|-boost|p2a: Magearna|spd|1\n|move|p1a: Ampharos|Volt Switch|p2a: Magearna\n|-damage|p2a: Magearna|79\/100\n|\n|t:|1667869000\n|switch|p1a: Excadrill|Excadrill, F|100\/100|[from]move: Volt Switch\n|-ability|p1a: Excadrill|Mold Breaker\n|\n|upkeep\n|turn|2\n|\n|t:|1667869007\n|switch|p2a: Ferrothorn|Ferrothorn, M|100\/100\n|move|p1a: Excadrill|Earthquake|p2a: Ferrothorn\n|-damage|p2a: Ferrothorn|63\/100\n|\n|-heal|p2a: Ferrothorn|69\/100|[from] item: Leftovers\n|upkeep\n|turn|3\n|\n|t:|1667869012\n|switch|p1a: Tornadus|Tornadus-Therian, M|100\/100\n|move|p2a: Ferrothorn|Leech Seed|p1a: Tornadus\n|-start|p1a: Tornadus|move: Leech Seed\n|\n|-heal|p2a: Ferrothorn|75\/100|[from] item: Leftovers\n|-damage|p1a: Tornadus|88\/100|[from] Leech Seed|[of] p2a: Ferrothorn\n|-heal|p2a: Ferrothorn|85\/100|[silent]\n|upkeep\n|turn|4\n|\n|t:|1667869015\n|switch|p2a: Garchomp|Garchomp, F|100\/100\n|move|p1a: Tornadus|Knock Off|p2a: Garchomp\n|-damage|p2a: Garchomp|87\/100\n|-damage|p1a: Tornadus|76\/100|[from] ability: Rough Skin|[of] p2a: Garchomp\n|-damage|p1a: Tornadus|59\/100|[from] item: Rocky Helmet|[of] p2a: Garchomp\n|-enditem|p2a: Garchomp|Rocky Helmet|[from] move: Knock Off|[of] p1a: Tornadus\n|\n|-damage|p1a: Tornadus|47\/100|[from] Leech Seed|[of] p2a: Garchomp\n|-heal|p2a: Garchomp|96\/100|[silent]\n|upkeep\n|turn|5\n|\n|t:|1667869019\n|move|p1a: Tornadus|U-turn|p2a: Garchomp\n|-damage|p2a: Garchomp|86\/100\n|-damage|p1a: Tornadus|35\/100|[from] ability: Rough Skin|[of] p2a: Garchomp\n|\n|t:|1667869021\n|switch|p1a: Glaceon|Glaceon, M|100\/100|[from]move: U-turn\n|move|p2a: Garchomp|Stealth Rock|p1a: Glaceon\n|-sidestart|p1: Lucians Call|move: Stealth Rock\n|\n|upkeep\n|turn|6\n|\n|t:|1667869028\n|switch|p2a: Magearna|Magearna|79\/100\n|move|p1a: Glaceon|Ice Beam|p2a: Magearna\n|-resisted|p2a: Magearna\n|-damage|p2a: Magearna|48\/100\n|\n|upkeep\n|turn|7\n|\n|t:|1667869032\n|switch|p1a: Excadrill|Excadrill, F|100\/100\n|-damage|p1a: Excadrill|97\/100|[from] Stealth Rock\n|-ability|p1a: Excadrill|Mold Breaker\n|move|p2a: Magearna|Pain Split|p1a: Excadrill\n|-sethp|p1a: Excadrill|73\/100|[from] move: Pain Split|[silent]\n|-sethp|p2a: Magearna|73\/100|[from] move: Pain Split\n|\n|upkeep\n|turn|8\n|\n|t:|1667869035\n|switch|p2a: Garchomp|Garchomp, F|86\/100\n|move|p1a: Excadrill|Rapid Spin|p2a: Garchomp\n|-damage|p2a: Garchomp|82\/100\n|-damage|p1a: Excadrill|61\/100|[from] ability: Rough Skin|[of] p2a: Garchomp\n|-sideend|p1: Lucians Call|Stealth Rock|[from] move: Rapid Spin|[of] p1a: Excadrill\n|\n|upkeep\n|turn|9\n|\n|t:|1667869039\n|switch|p1a: Clefable|Clefable, F|100\/100\n|move|p2a: Garchomp|Stealth Rock|p1a: Clefable\n|-sidestart|p1: Lucians Call|move: Stealth Rock\n|\n|upkeep\n|turn|10\n|\n|t:|1667869046\n|switch|p2a: Manectric|Manectric, F|100\/100\n|move|p1a: Clefable|Stealth Rock|p2a: Manectric\n|-sidestart|p2: And0NE|move: Stealth Rock\n|\n|upkeep\n|turn|11\n|\n|t:|1667869050\n|detailschange|p2a: Manectric|Manectric-Mega, F\n|-mega|p2a: Manectric|Manectric|Manectite\n|-ability|p2a: Manectric|Intimidate|boost\n|-unboost|p1a: Clefable|atk|1\n|move|p2a: Manectric|Volt Switch|p1a: Clefable\n|-damage|p1a: Clefable|67\/100\n|\n|t:|1667869055\n|switch|p2a: Ferrothorn|Ferrothorn, M|85\/100|[from]move: Volt Switch\n|-damage|p2a: Ferrothorn|79\/100|[from] Stealth Rock\n|move|p1a: Clefable|Moonblast|p2a: Ferrothorn\n|-resisted|p2a: Ferrothorn\n|-damage|p2a: Ferrothorn|69\/100\n|\n|-heal|p1a: Clefable|73\/100|[from] item: Leftovers\n|-heal|p2a: Ferrothorn|75\/100|[from] item: Leftovers\n|upkeep\n|turn|12\n|\n|t:|1667869058\n|move|p1a: Clefable|Thunder Wave|p2a: Ferrothorn\n|-status|p2a: Ferrothorn|par\n|move|p2a: Ferrothorn|Knock Off|p1a: Clefable\n|-resisted|p1a: Clefable\n|-damage|p1a: Clefable|65\/100\n|-enditem|p1a: Clefable|Leftovers|[from] move: Knock Off|[of] p2a: Ferrothorn\n|\n|-heal|p2a: Ferrothorn|81\/100 par|[from] item: Leftovers\n|upkeep\n|turn|13\n|\n|t:|1667869061\n|move|p1a: Clefable|Soft-Boiled|p1a: Clefable\n|-heal|p1a: Clefable|100\/100\n|move|p2a: Ferrothorn|Spikes|p1a: Clefable\n|-sidestart|p1: Lucians Call|Spikes\n|\n|-heal|p2a: Ferrothorn|87\/100 par|[from] item: Leftovers\n|upkeep\n|turn|14\n|\n|t:|1667869064\n|switch|p1a: Buzzwole|Buzzwole|100\/100\n|-damage|p1a: Buzzwole|88\/100|[from] Stealth Rock\n|-damage|p1a: Buzzwole|76\/100|[from] Spikes\n|switch|p2a: Manectric|Manectric-Mega, F|100\/100\n|-damage|p2a: Manectric|88\/100|[from] Stealth Rock\n|-ability|p2a: Manectric|Intimidate|boost\n|-unboost|p1a: Buzzwole|atk|1\n|\n|-heal|p1a: Buzzwole|82\/100|[from] item: Leftovers\n|upkeep\n|turn|15\n|\n|t:|1667869069\n|switch|p1a: Clefable|Clefable, F|100\/100\n|move|p2a: Manectric|Flamethrower|p1a: Clefable\n|-damage|p1a: Clefable|72\/100\n|\n|upkeep\n|turn|16\n|\n|t:|1667869071\n|move|p2a: Manectric|Thunderbolt|p1a: Clefable\n|-damage|p1a: Clefable|30\/100\n|move|p1a: Clefable|Soft-Boiled|p1a: Clefable\n|-heal|p1a: Clefable|80\/100\n|\n|upkeep\n|turn|17\n|\n|t:|1667869074\n|move|p2a: Manectric|Volt Switch|p1a: Clefable\n|-damage|p1a: Clefable|42\/100\n|\n|t:|1667869076\n|switch|p2a: Magearna|Magearna|73\/100|[from]move: Volt Switch\n|-damage|p2a: Magearna|67\/100|[from] Stealth Rock\n|move|p1a: Clefable|Soft-Boiled|p1a: Clefable\n|-heal|p1a: Clefable|92\/100\n|\n|upkeep\n|turn|18\n|\n|t:|1667869080\n|-zpower|p2a: Magearna\n|move|p2a: Magearna|Twinkle Tackle|p1a: Clefable|[zeffect]\n|-damage|p1a: Clefable|0 fnt\n|faint|p1a: Clefable\n|-ability|p2a: Magearna|Soul-Heart|boost\n|-boost|p2a: Magearna|spa|1\n|\n|upkeep\n|\n|t:|1667869084\n|switch|p1a: Excadrill|Excadrill, F|61\/100\n|-damage|p1a: Excadrill|58\/100|[from] Stealth Rock\n|-damage|p1a: Excadrill|45\/100|[from] Spikes\n|-ability|p1a: Excadrill|Mold Breaker\n|turn|19\n|\n|t:|1667869089\n|switch|p2a: Tornadus|Tornadus-Therian, M|100\/100\n|-damage|p2a: Tornadus|76\/100|[from] Stealth Rock\n|move|p1a: Excadrill|Rapid Spin|p2a: Tornadus\n|-damage|p2a: Tornadus|68\/100\n|-damage|p1a: Excadrill|28\/100|[from] item: Rocky Helmet|[of] p2a: Tornadus\n|-sideend|p1: Lucians Call|Spikes|[from] move: Rapid Spin|[of] p1a: Excadrill\n|-sideend|p1: Lucians Call|Stealth Rock|[from] move: Rapid Spin|[of] p1a: Excadrill\n|\n|upkeep\n|turn|20\n|\n|t:|1667869092\n|switch|p1a: Ampharos|Ampharos-Mega, M|100\/100\n|-ability|p1a: Ampharos|Mold Breaker\n|move|p2a: Tornadus|Defog|p1a: Ampharos\n|-unboost|p1a: Ampharos|evasion|1\n|-sideend|p2: And0NE|Stealth Rock|[from] move: Defog|[of] p2a: Tornadus\n|\n|upkeep\n|turn|21\n|\n|t:|1667869097\n|move|p2a: Tornadus|U-turn|p1a: Ampharos\n|-damage|p1a: Ampharos|88\/100\n|\n|t:|1667869099\n|switch|p2a: Ferrothorn|Ferrothorn, M|87\/100 par|[from]move: U-turn\n|move|p1a: Ampharos|Dragon Pulse|p2a: Ferrothorn\n|-resisted|p2a: Ferrothorn\n|-damage|p2a: Ferrothorn|71\/100 par\n|\n|-heal|p2a: Ferrothorn|77\/100 par|[from] item: Leftovers\n|upkeep\n|turn|22\n|\n|t:|1667869101\n|move|p1a: Ampharos|Volt Switch|p2a: Ferrothorn\n|-resisted|p2a: Ferrothorn\n|-damage|p2a: Ferrothorn|64\/100 par\n|\n|t:|1667869103\n|switch|p1a: Buzzwole|Buzzwole|82\/100|[from]move: Volt Switch\n|move|p2a: Ferrothorn|Spikes|p1a: Buzzwole\n|-sidestart|p1: Lucians Call|Spikes\n|\n|-heal|p1a: Buzzwole|88\/100|[from] item: Leftovers\n|-heal|p2a: Ferrothorn|70\/100 par|[from] item: Leftovers\n|upkeep\n|turn|23\n|\n|t:|1667869108\n|switch|p2a: Tornadus|Tornadus-Therian, M|100\/100\n|move|p1a: Buzzwole|Substitute|p1a: Buzzwole\n|-start|p1a: Buzzwole|Substitute\n|-damage|p1a: Buzzwole|63\/100\n|\n|-heal|p1a: Buzzwole|69\/100|[from] item: Leftovers\n|upkeep\n|turn|24\n|\n|t:|1667869111\n|move|p2a: Tornadus|Hurricane|p1a: Buzzwole\n|-supereffective|p1a: Buzzwole\n|-end|p1a: Buzzwole|Substitute\n|move|p1a: Buzzwole|Thunder Punch|p2a: Tornadus\n|-supereffective|p2a: Tornadus\n|-damage|p2a: Tornadus|44\/100\n|-damage|p1a: Buzzwole|53\/100|[from] item: Rocky Helmet|[of] p2a: Tornadus\n|\n|-heal|p1a: Buzzwole|59\/100|[from] item: Leftovers\n|upkeep\n|turn|25\n|\n|t:|1667869120\n|move|p2a: Tornadus|Hurricane|p1a: Buzzwole|[miss]\n|-miss|p2a: Tornadus|p1a: Buzzwole\n|move|p1a: Buzzwole|Thunder Punch|p2a: Tornadus\n|-supereffective|p2a: Tornadus\n|-damage|p2a: Tornadus|0 fnt\n|-damage|p1a: Buzzwole|42\/100|[from] item: Rocky Helmet|[of] p2a: Tornadus\n|faint|p2a: Tornadus\n|-ability|p1a: Buzzwole|Beast Boost|boost\n|-boost|p1a: Buzzwole|atk|1\n|\n|-heal|p1a: Buzzwole|49\/100|[from] item: Leftovers\n|upkeep\n|\n|t:|1667869122\n|switch|p2a: Manectric|Manectric-Mega, F|88\/100\n|-ability|p2a: Manectric|Intimidate|boost\n|-unboost|p1a: Buzzwole|atk|1\n|turn|26\n|\n|t:|1667869126\n|switch|p1a: Ampharos|Ampharos-Mega, M|88\/100\n|-damage|p1a: Ampharos|75\/100|[from] Spikes\n|-ability|p1a: Ampharos|Mold Breaker\n|move|p2a: Manectric|Flamethrower|p1a: Ampharos\n|-resisted|p1a: Ampharos\n|-damage|p1a: Ampharos|66\/100\n|\n|upkeep\n|turn|27\n|\n|t:|1667869130\n|move|p2a: Manectric|Hidden Power|p1a: Ampharos\n|-supereffective|p1a: Ampharos\n|-damage|p1a: Ampharos|38\/100\n|move|p1a: Ampharos|Dragon Pulse|p2a: Manectric\n|-damage|p2a: Manectric|19\/100\n|\n|upkeep\n|turn|28\n|\n|t:|1667869137\n|move|p2a: Manectric|Volt Switch|p1a: Ampharos\n|-resisted|p1a: Ampharos\n|-damage|p1a: Ampharos|32\/100\n|\n|t:|1667869138\n|switch|p2a: Garchomp|Garchomp, F|82\/100|[from]move: Volt Switch\n|move|p1a: Ampharos|Rest|p1a: Ampharos\n|-status|p1a: Ampharos|slp|[from] move: Rest\n|-heal|p1a: Ampharos|100\/100 slp|[silent]\n|\n|upkeep\n|turn|29\n|\n|t:|1667869142\n|switch|p1a: Tornadus|Tornadus-Therian, M|68\/100\n|move|p2a: Garchomp|Stealth Rock|p1a: Tornadus\n|-sidestart|p1: Lucians Call|move: Stealth Rock\n|\n|upkeep\n|turn|30\n|\n|t:|1667869145\n|move|p1a: Tornadus|Defog|p2a: Garchomp\n|-unboost|p2a: Garchomp|evasion|1\n|-sideend|p1: Lucians Call|Spikes|[from] move: Defog|[of] p1a: Tornadus\n|-sideend|p1: Lucians Call|Stealth Rock|[from] move: Defog|[of] p1a: Tornadus\n|move|p2a: Garchomp|Stone Edge|p1a: Tornadus\n|-supereffective|p1a: Tornadus\n|-damage|p1a: Tornadus|0 fnt\n|faint|p1a: Tornadus\n|\n|upkeep\n|\n|t:|1667869150\n|switch|p1a: Buzzwole|Buzzwole|49\/100\n|turn|31\n|\n|t:|1667869152\n|move|p2a: Garchomp|Fire Blast|p1a: Buzzwole\n|-supereffective|p1a: Buzzwole\n|-damage|p1a: Buzzwole|11\/100\n|move|p1a: Buzzwole|Substitute|p1a: Buzzwole\n|-fail|p1a: Buzzwole|move: Substitute|[weak]\n|\n|-heal|p1a: Buzzwole|17\/100|[from] item: Leftovers\n|upkeep\n|turn|32\n|\n|t:|1667869161\n|move|p2a: Garchomp|Stealth Rock|p1a: Buzzwole\n|-sidestart|p1: Lucians Call|move: Stealth Rock\n|move|p1a: Buzzwole|Drain Punch|p2a: Garchomp\n|-damage|p2a: Garchomp|59\/100\n|-heal|p1a: Buzzwole|29\/100|[from] drain|[of] p2a: Garchomp\n|-damage|p1a: Buzzwole|17\/100|[from] ability: Rough Skin|[of] p2a: Garchomp\n|\n|-heal|p1a: Buzzwole|23\/100|[from] item: Leftovers\n|upkeep\n|turn|33\n|\n|t:|1667869167\n|move|p2a: Garchomp|Fire Blast|p1a: Buzzwole\n|-supereffective|p1a: Buzzwole\n|-damage|p1a: Buzzwole|0 fnt\n|faint|p1a: Buzzwole\n|\n|upkeep\n|\n|t:|1667869169\n|switch|p1a: Glaceon|Glaceon, M|100\/100\n|-damage|p1a: Glaceon|76\/100|[from] Stealth Rock\n|turn|34\n|\n|t:|1667869179\n|switch|p2a: Manaphy|Manaphy|100\/100\n|move|p1a: Glaceon|Ice Beam|p2a: Manaphy\n|-resisted|p2a: Manaphy\n|-damage|p2a: Manaphy|69\/100\n|\n|-heal|p2a: Manaphy|75\/100|[from] item: Leftovers\n|upkeep\n|turn|35\n|\n|t:|1667869181\n|move|p2a: Manaphy|Tail Glow|p2a: Manaphy\n|-boost|p2a: Manaphy|spa|3\n|move|p1a: Glaceon|Ice Beam|p2a: Manaphy\n|-resisted|p2a: Manaphy\n|-damage|p2a: Manaphy|40\/100\n|\n|-heal|p2a: Manaphy|46\/100|[from] item: Leftovers\n|upkeep\n|turn|36\n|\n|t:|1667869185\n|switch|p1a: Ampharos|Ampharos-Mega, M|100\/100 slp\n|-damage|p1a: Ampharos|88\/100 slp|[from] Stealth Rock\n|-ability|p1a: Ampharos|Mold Breaker\n|move|p2a: Manaphy|Rain Dance|p2a: Manaphy\n|-weather|RainDance\n|\n|-weather|RainDance|[upkeep]\n|-heal|p2a: Manaphy|52\/100|[from] item: Leftovers\n|upkeep\n|turn|37\n|\n|t:|1667869191\n|move|p2a: Manaphy|Surf|p1a: Ampharos\n|-resisted|p1a: Ampharos\n|-damage|p1a: Ampharos|51\/100 slp\n|cant|p1a: Ampharos|slp\n|move|p1a: Ampharos|Sleep Talk|p1a: Ampharos\n|move|p1a: Ampharos|Rest||[from]move: Sleep Talk|[still]\n|-fail|p1a: Ampharos\n|\n|-weather|RainDance|[upkeep]\n|-heal|p2a: Manaphy|58\/100|[from] item: Leftovers\n|upkeep\n|turn|38\n|\n|t:|1667869196\n|move|p2a: Manaphy|Surf|p1a: Ampharos\n|-resisted|p1a: Ampharos\n|-damage|p1a: Ampharos|11\/100 slp\n|cant|p1a: Ampharos|slp\n|move|p1a: Ampharos|Sleep Talk|p1a: Ampharos\n|move|p1a: Ampharos|Volt Switch|p2a: Manaphy|[from]move: Sleep Talk\n|-supereffective|p2a: Manaphy\n|-damage|p2a: Manaphy|0 fnt\n|faint|p2a: Manaphy\n|\n|t:|1667869203\n|switch|p1a: Excadrill|Excadrill, F|28\/100|[from]move: Volt Switch\n|-damage|p1a: Excadrill|25\/100|[from] Stealth Rock\n|-ability|p1a: Excadrill|Mold Breaker\n|\n|-weather|RainDance|[upkeep]\n|upkeep\n|\n|t:|1667869215\n|switch|p2a: Garchomp|Garchomp, F|59\/100\n|turn|39\n|\n|t:|1667869218\n|move|p1a: Excadrill|Earthquake|p2a: Garchomp\n|-damage|p2a: Garchomp|23\/100\n|move|p2a: Garchomp|Earthquake|p1a: Excadrill\n|-supereffective|p1a: Excadrill\n|-damage|p1a: Excadrill|0 fnt\n|faint|p1a: Excadrill\n|\n|-weather|RainDance|[upkeep]\n|upkeep\n|\n|t:|1667869222\n|switch|p1a: Glaceon|Glaceon, M|76\/100\n|-damage|p1a: Glaceon|51\/100|[from] Stealth Rock\n|turn|40\n|\n|t:|1667869226\n|move|p2a: Garchomp|Stone Edge|p1a: Glaceon\n|-supereffective|p1a: Glaceon\n|-damage|p1a: Glaceon|0 fnt\n|faint|p1a: Glaceon\n|\n|-weather|none\n|upkeep\n|-message|Lucians Call forfeited.\n|\n|win|And0NE\n|l|\u2606Lucians Call\n","uploadtime":1667869239,"views":6,"p1id":"lucianscall","p2id":"and0ne","formatid":"gen7ou","rating":0,"private":0,"password":null}