{"id":"gen7ou-917913081","p1":"Youri8790","p2":"shardul888","format":"gen7ou","log":"|j|\u2606Youri8790\n|j|\u2606shardul888\n|player|p1|Youri8790|265\n|player|p2|shardul888|92\n|teamsize|p1|6\n|teamsize|p2|6\n|gametype|singles\n|gen|7\n|tier|[Gen 7] OU\n|rated|\n|rule|Sleep Clause Mod: Limit one foe put to sleep\n|rule|Species Clause: Limit one of each Pok\u00e9mon\n|rule|OHKO Clause: OHKO moves are banned\n|rule|Moody Clause: Moody is banned\n|rule|Evasion Moves Clause: Evasion moves are banned\n|rule|Endless Battle Clause: Forcing endless battles is banned\n|rule|HP Percentage Mod: HP is shown in percentages\n|clearpoke\n|poke|p1|Tapu Lele|item\n|poke|p1|Tapu Koko|item\n|poke|p1|Manectric, F|item\n|poke|p1|Landorus-Therian, M|item\n|poke|p1|Magearna|item\n|poke|p1|Kommo-o, F|item\n|poke|p2|Venusaur, M|item\n|poke|p2|Heatran, M|item\n|poke|p2|Dragonite, F|item\n|poke|p2|Gliscor, F|item\n|poke|p2|Umbreon, F|item\n|poke|p2|Conkeldurr, M|item\n|teampreview\n|inactive|Battle timer is ON: inactive players will automatically lose when time's up. (requested by shardul888)\n|\n|start\n|switch|p1a: Clouds|Landorus-Therian, M|319\/319\n|switch|p2a: Conkeldurr|Conkeldurr, M|414\/414\n|-ability|p1a: Clouds|Intimidate|boost\n|-unboost|p2a: Conkeldurr|atk|1\n|turn|1\n|\n|move|p1a: Clouds|U-turn|p2a: Conkeldurr\n|-resisted|p2a: Conkeldurr\n|-damage|p2a: Conkeldurr|364\/414\n|\n|switch|p1a: Thunder|Tapu Koko|281\/281\n|-fieldstart|move: Electric Terrain|[from] ability: Electric Surge|[of] p1a: Thunder\n|move|p2a: Conkeldurr|Ice Punch|p1a: Thunder\n|-damage|p1a: Thunder|187\/281\n|\n|upkeep\n|turn|2\n|\n|switch|p2a: Gliscor|Gliscor, F|342\/342\n|move|p1a: Thunder|Brave Bird|p2a: Gliscor\n|-damage|p2a: Gliscor|251\/342\n|-damage|p1a: Thunder|157\/281|[from] Recoil\n|\n|-status|p2a: Gliscor|tox|[from] item: Toxic Orb\n|upkeep\n|turn|3\n|\n|move|p2a: Gliscor|Protect|p2a: Gliscor\n|-singleturn|p2a: Gliscor|Protect\n|move|p1a: Thunder|U-turn|p2a: Gliscor\n|-activate|p2a: Gliscor|move: Protect\n|\n|-heal|p2a: Gliscor|293\/342 tox|[from] ability: Poison Heal\n|upkeep\n|turn|4\n|\n|move|p1a: Thunder|U-turn|p2a: Gliscor\n|-resisted|p2a: Gliscor\n|-damage|p2a: Gliscor|268\/342 tox\n|\n|switch|p1a: Technology|Magearna|363\/363\n|move|p2a: Gliscor|Knock Off|p1a: Technology\n|-resisted|p1a: Technology\n|-damage|p1a: Technology|330\/363\n|-enditem|p1a: Technology|Assault Vest|[from] move: Knock Off|[of] p2a: Gliscor\n|\n|-heal|p2a: Gliscor|310\/342 tox|[from] ability: Poison Heal\n|upkeep\n|turn|5\n|\n|switch|p2a: Heatran|Heatran, M|374\/374\n|move|p1a: Technology|Ice Beam|p2a: Heatran\n|-resisted|p2a: Heatran\n|-damage|p2a: Heatran|357\/374\n|\n|-heal|p2a: Heatran|374\/374|[from] item: Leftovers\n|-fieldend|move: Electric Terrain\n|upkeep\n|turn|6\n|\n|switch|p1a: Nature|Kommo-o, F|354\/354\n|move|p2a: Heatran|Lava Plume|p1a: Nature\n|-resisted|p1a: Nature\n|-damage|p1a: Nature|305\/354\n|\n|-heal|p1a: Nature|327\/354|[from] item: Leftovers\n|upkeep\n|turn|7\n|\n|switch|p2a: Gliscor|Gliscor, F|310\/342 tox\n|move|p1a: Nature|Stealth Rock|p2a: Gliscor\n|-sidestart|p2: shardul888|move: Stealth Rock\n|\n|-heal|p1a: Nature|349\/354|[from] item: Leftovers\n|-heal|p2a: Gliscor|342\/342 tox|[from] ability: Poison Heal\n|upkeep\n|turn|8\n|\n|switch|p1a: Technology|Magearna|330\/363\n|move|p2a: Gliscor|Defog|p1a: Technology\n|-unboost|p1a: Technology|evasion|1\n|-sideend|p2: shardul888|Stealth Rock|[from] move: Defog|[of] p2a: Gliscor\n|\n|upkeep\n|turn|9\n|\n|switch|p2a: Heatran|Heatran, M|374\/374\n|move|p1a: Technology|Volt Switch|p2a: Heatran\n|-damage|p2a: Heatran|318\/374\n|\n|switch|p1a: Clouds|Landorus-Therian, M|319\/319\n|-ability|p1a: Clouds|Intimidate|boost\n|-unboost|p2a: Heatran|atk|1\n|\n|-heal|p2a: Heatran|341\/374|[from] item: Leftovers\n|upkeep\n|turn|10\n|\n|switch|p2a: Gliscor|Gliscor, F|342\/342 tox\n|move|p1a: Clouds|U-turn|p2a: Gliscor\n|-resisted|p2a: Gliscor\n|-damage|p2a: Gliscor|310\/342 tox\n|\n|switch|p1a: Technology|Magearna|330\/363\n|\n|-heal|p2a: Gliscor|342\/342 tox|[from] ability: Poison Heal\n|upkeep\n|turn|11\n|\n|move|p2a: Gliscor|Toxic|p1a: Technology\n|-immune|p1a: Technology\n|move|p1a: Technology|Ice Beam|p2a: Gliscor\n|-supereffective|p2a: Gliscor\n|-damage|p2a: Gliscor|0 fnt\n|faint|p2a: Gliscor\n|-ability|p1a: Technology|Soul-Heart|boost\n|-boost|p1a: Technology|spa|1\n|\n|upkeep\n|\n|switch|p2a: Heatran|Heatran, M|341\/374\n|turn|12\n|\n|switch|p1a: Nature|Kommo-o, F|349\/354\n|move|p2a: Heatran|Lava Plume|p1a: Nature\n|-resisted|p1a: Nature\n|-damage|p1a: Nature|304\/354\n|\n|-heal|p1a: Nature|326\/354|[from] item: Leftovers\n|-heal|p2a: Heatran|364\/374|[from] item: Leftovers\n|upkeep\n|turn|13\n|\n|switch|p2a: Venusaur|Venusaur, M|364\/364\n|move|p1a: Nature|Stealth Rock|p2a: Venusaur\n|-sidestart|p2: shardul888|move: Stealth Rock\n|\n|-heal|p1a: Nature|348\/354|[from] item: Leftovers\n|upkeep\n|turn|14\n|inactive|Youri8790 has 120 seconds left.\n|\n|detailschange|p2a: Venusaur|Venusaur-Mega, M\n|-mega|p2a: Venusaur|Venusaur|Venusaurite\n|move|p1a: Nature|Protect|p1a: Nature\n|-singleturn|p1a: Nature|Protect\n|move|p2a: Venusaur|Leech Seed|p1a: Nature\n|-activate|p1a: Nature|move: Protect\n|\n|-heal|p1a: Nature|354\/354|[from] item: Leftovers\n|upkeep\n|turn|15\n|inactive|Youri8790 has 120 seconds left.\n|\n|move|p1a: Nature|Drain Punch|p2a: Venusaur\n|-resisted|p2a: Venusaur\n|-damage|p2a: Venusaur|328\/364\n|move|p2a: Venusaur|Sludge Bomb|p1a: Nature\n|-immune|p1a: Nature|[from] ability: Bulletproof\n|\n|upkeep\n|turn|16\n|\n|move|p1a: Nature|Protect|p1a: Nature\n|-singleturn|p1a: Nature|Protect\n|move|p2a: Venusaur|Leech Seed|p1a: Nature\n|-activate|p1a: Nature|move: Protect\n|\n|upkeep\n|turn|17\n|\n|switch|p1a: Clouds|Landorus-Therian, M|319\/319\n|-ability|p1a: Clouds|Intimidate|boost\n|-unboost|p2a: Venusaur|atk|1\n|move|p2a: Venusaur|Leech Seed|p1a: Clouds\n|-start|p1a: Clouds|move: Leech Seed\n|\n|-damage|p1a: Clouds|280\/319|[from] Leech Seed|[of] p2a: Venusaur\n|-heal|p2a: Venusaur|364\/364|[silent]\n|upkeep\n|turn|18\n|\n|move|p1a: Clouds|Explosion|p2a: Venusaur\n|-damage|p2a: Venusaur|122\/364\n|faint|p1a: Clouds\n|move|p2a: Venusaur|Giga Drain|p1: Clouds|[notarget]\n|-fail|p2a: Venusaur\n|\n|upkeep\n|\n|switch|p1a: Lightning|Manectric, F|281\/281\n|turn|19\n|\n|detailschange|p1a: Lightning|Manectric-Mega, F\n|-mega|p1a: Lightning|Manectric|Manectite\n|-ability|p1a: Lightning|Intimidate|boost\n|-unboost|p2a: Venusaur|atk|1\n|move|p1a: Lightning|Overheat|p2a: Venusaur\n|-supereffective|p2a: Venusaur\n|-damage|p2a: Venusaur|2\/364\n|-unboost|p1a: Lightning|spa|2\n|move|p2a: Venusaur|Synthesis|p2a: Venusaur\n|-heal|p2a: Venusaur|184\/364\n|\n|upkeep\n|turn|20\n|inactive|Youri8790 has 120 seconds left.\n|\n|move|p1a: Lightning|Volt Switch|p2a: Venusaur\n|-resisted|p2a: Venusaur\n|-damage|p2a: Venusaur|158\/364\n|inactive|Youri8790 has 120 seconds left.\n|c|\u2606Youri8790|Ofc the low roll\n|\n|switch|p1a: Technology|Magearna|330\/363\n|move|p2a: Venusaur|Synthesis|p2a: Venusaur\n|-heal|p2a: Venusaur|340\/364\n|\n|upkeep\n|turn|21\n|inactive|Youri8790 has 120 seconds left.\n|\n|move|p2a: Venusaur|Leech Seed|p1a: Technology\n|-start|p1a: Technology|move: Leech Seed\n|move|p1a: Technology|Ice Beam|p2a: Venusaur\n|-supereffective|p2a: Venusaur\n|-damage|p2a: Venusaur|276\/364\n|\n|-damage|p1a: Technology|285\/363|[from] Leech Seed|[of] p2a: Venusaur\n|-heal|p2a: Venusaur|321\/364|[silent]\n|upkeep\n|turn|22\n|\n|move|p2a: Venusaur|Giga Drain|p1a: Technology\n|-resisted|p1a: Technology\n|-damage|p1a: Technology|250\/363\n|-heal|p2a: Venusaur|339\/364|[from] drain|[of] p1a: Technology\n|move|p1a: Technology|Volt Switch|p2a: Venusaur\n|-resisted|p2a: Venusaur\n|-damage|p2a: Venusaur|313\/364\n|\n|switch|p1a: Storm|Tapu Lele|281\/281\n|-fieldstart|move: Psychic Terrain|[from] ability: Psychic Surge|[of] p1a: Storm\n|\n|upkeep\n|turn|23\n|\n|switch|p2a: Heatran|Heatran, M|364\/374\n|-damage|p2a: Heatran|318\/374|[from] Stealth Rock\n|move|p1a: Storm|Psychic|p2a: Heatran\n|-resisted|p2a: Heatran\n|-damage|p2a: Heatran|176\/374\n|\n|-heal|p2a: Heatran|199\/374|[from] item: Leftovers\n|upkeep\n|turn|24\n|inactive|Youri8790 has 120 seconds left.\n|\n|switch|p1a: Nature|Kommo-o, F|354\/354\n|move|p2a: Heatran|Flash Cannon|p1a: Nature\n|-damage|p1a: Nature|254\/354\n|\n|-heal|p1a: Nature|276\/354|[from] item: Leftovers\n|-heal|p2a: Heatran|222\/374|[from] item: Leftovers\n|upkeep\n|turn|25\n|inactive|Youri8790 has 120 seconds left.\n|\n|switch|p2a: Dragonite|Dragonite, F|386\/386\n|-damage|p2a: Dragonite|290\/386|[from] Stealth Rock\n|move|p1a: Nature|Drain Punch|p2a: Dragonite\n|-resisted|p2a: Dragonite\n|-damage|p2a: Dragonite|238\/386\n|-heal|p1a: Nature|302\/354|[from] drain|[of] p2a: Dragonite\n|\n|-heal|p1a: Nature|324\/354|[from] item: Leftovers\n|upkeep\n|turn|26\n|inactive|Youri8790 has 120 seconds left.\n|\n|switch|p1a: Technology|Magearna|250\/363\n|move|p2a: Dragonite|Dragon Claw|p1a: Technology\n|-immune|p1a: Technology\n|\n|-fieldend|move: Psychic Terrain\n|upkeep\n|turn|27\n|inactive|Youri8790 has 120 seconds left.\n|\n|move|p2a: Dragonite|Earthquake|p1a: Technology\n|-supereffective|p1a: Technology\n|-damage|p1a: Technology|46\/363\n|move|p1a: Technology|Volt Switch|p2a: Dragonite\n|-damage|p2a: Dragonite|163\/386\n|\n|switch|p1a: Storm|Tapu Lele|281\/281\n|-fieldstart|move: Psychic Terrain|[from] ability: Psychic Surge|[of] p1a: Storm\n|\n|upkeep\n|turn|28\n|\n|move|p1a: Storm|Moonblast|p2a: Dragonite\n|-supereffective|p2a: Dragonite\n|-damage|p2a: Dragonite|0 fnt\n|faint|p2a: Dragonite\n|\n|upkeep\n|\n|switch|p2a: Heatran|Heatran, M|222\/374\n|-damage|p2a: Heatran|176\/374|[from] Stealth Rock\n|turn|29\n|\n|switch|p1a: Nature|Kommo-o, F|324\/354\n|move|p2a: Heatran|Lava Plume|p1a: Nature\n|-resisted|p1a: Nature\n|-damage|p1a: Nature|278\/354\n|-status|p1a: Nature|brn\n|\n|-heal|p1a: Nature|300\/354 brn|[from] item: Leftovers\n|-heal|p2a: Heatran|199\/374|[from] item: Leftovers\n|-damage|p1a: Nature|278\/354 brn|[from] brn\n|upkeep\n|turn|30\n|\n|switch|p2a: Venusaur|Venusaur-Mega, M|313\/364\n|-damage|p2a: Venusaur|268\/364|[from] Stealth Rock\n|move|p1a: Nature|Drain Punch|p2a: Venusaur\n|-resisted|p2a: Venusaur\n|-damage|p2a: Venusaur|250\/364\n|-heal|p1a: Nature|287\/354 brn|[from] drain|[of] p2a: Venusaur\n|\n|-heal|p1a: Nature|309\/354 brn|[from] item: Leftovers\n|-damage|p1a: Nature|287\/354 brn|[from] brn\n|upkeep\n|turn|31\n|\n|move|p1a: Nature|Protect|p1a: Nature\n|-singleturn|p1a: Nature|Protect\n|move|p2a: Venusaur|Sludge Bomb|p1a: Nature\n|-activate|p1a: Nature|move: Protect\n|\n|-heal|p1a: Nature|309\/354 brn|[from] item: Leftovers\n|-damage|p1a: Nature|287\/354 brn|[from] brn\n|-fieldend|move: Psychic Terrain\n|upkeep\n|turn|32\n|\n|move|p1a: Nature|Drain Punch|p2a: Venusaur\n|-resisted|p2a: Venusaur\n|-damage|p2a: Venusaur|232\/364\n|-heal|p1a: Nature|296\/354 brn|[from] drain|[of] p2a: Venusaur\n|move|p2a: Venusaur|Sludge Bomb|p1a: Nature\n|-immune|p1a: Nature|[from] ability: Bulletproof\n|\n|-heal|p1a: Nature|318\/354 brn|[from] item: Leftovers\n|-damage|p1a: Nature|296\/354 brn|[from] brn\n|upkeep\n|turn|33\n|c|\u2606Youri8790|Welp pp stalling venu it is\n|\n|move|p1a: Nature|Protect|p1a: Nature\n|-singleturn|p1a: Nature|Protect\n|move|p2a: Venusaur|Leech Seed|p1a: Nature\n|-activate|p1a: Nature|move: Protect\n|\n|-heal|p1a: Nature|318\/354 brn|[from] item: Leftovers\n|-damage|p1a: Nature|296\/354 brn|[from] brn\n|upkeep\n|turn|34\n|\n|switch|p1a: Technology|Magearna|46\/363\n|move|p2a: Venusaur|Leech Seed|p1a: Technology|[miss]\n|-miss|p2a: Venusaur|p1a: Technology\n|\n|upkeep\n|turn|35\n|\n|move|p2a: Venusaur|Giga Drain|p1a: Technology\n|-resisted|p1a: Technology\n|-damage|p1a: Technology|7\/363\n|-heal|p2a: Venusaur|252\/364|[from] drain|[of] p1a: Technology\n|move|p1a: Technology|Iron Head|p2a: Venusaur\n|-damage|p2a: Venusaur|180\/364\n|\n|upkeep\n|turn|36\n|\n|move|p2a: Venusaur|Giga Drain|p1a: Technology\n|-resisted|p1a: Technology\n|-damage|p1a: Technology|0 fnt\n|-heal|p2a: Venusaur|184\/364|[from] drain|[of] p1a: Technology\n|faint|p1a: Technology\n|\n|upkeep\n|\n|switch|p1a: Thunder|Tapu Koko|157\/281\n|-fieldstart|move: Electric Terrain|[from] ability: Electric Surge|[of] p1a: Thunder\n|turn|37\n|\n|move|p1a: Thunder|Brave Bird|p2a: Venusaur\n|-supereffective|p2a: Venusaur\n|-damage|p2a: Venusaur|0 fnt\n|-damage|p1a: Thunder|96\/281|[from] Recoil\n|faint|p2a: Venusaur\n|\n|upkeep\n|\n|switch|p2a: Heatran|Heatran, M|199\/374\n|-damage|p2a: Heatran|153\/374|[from] Stealth Rock\n|turn|38\n|-message|shardul888 forfeited.\n|\n|win|Youri8790\n|l|\u2606shardul888\n","uploadtime":1559063740,"views":5,"p1id":"youri8790","p2id":"shardul888","formatid":"gen7ou","rating":0,"private":0,"password":null}