{"id":"gen7ru-778121482","p1":"misunderstood gary","p2":"BigL91","format":"gen7ru","log":"|j|\u2606misunderstood gary\n|j|\u2606BigL91\n|player|p1|misunderstood gary|161\n|player|p2|BigL91|2\n|teamsize|p1|6\n|teamsize|p2|6\n|gametype|singles\n|gen|7\n|tier|[Gen 7] RU\n|rated|\n|rule|Sleep Clause Mod: Limit one foe put to sleep\n|rule|Species Clause: Limit one of each Pok\u00e9mon\n|rule|OHKO Clause: OHKO moves are banned\n|rule|Moody Clause: Moody is banned\n|rule|Evasion Moves Clause: Evasion moves are banned\n|rule|Endless Battle Clause: Forcing endless battles is banned\n|rule|HP Percentage Mod: HP is shown in percentages\n|clearpoke\n|poke|p1|Milotic, F|item\n|poke|p1|Porygon2|item\n|poke|p1|Machamp, M|item\n|poke|p1|Entei|item\n|poke|p1|Nidoqueen, F|item\n|poke|p1|Chesnaught, M|item\n|poke|p2|Marowak-Alola, M|item\n|poke|p2|Milotic, M|item\n|poke|p2|Shaymin|item\n|poke|p2|Gligar, M|item\n|poke|p2|Klinklang|item\n|poke|p2|Glalie, M|item\n|teampreview\n|\n|start\n|switch|p1a: Nidoqueen|Nidoqueen, F|100\/100\n|switch|p2a: Marowak|Marowak-Alola, M|100\/100\n|turn|1\n|\n|move|p1a: Nidoqueen|Earth Power|p2a: Marowak\n|-supereffective|p2a: Marowak\n|-damage|p2a: Marowak|0 fnt\n|faint|p2a: Marowak\n|\n|upkeep\n|\n|switch|p2a: Glalie|Glalie, M|100\/100\n|turn|2\n|\n|switch|p1a: Entei|Entei, shiny|100\/100\n|-ability|p1a: Entei|Pressure\n|detailschange|p2a: Glalie|Glalie-Mega, M\n|-mega|p2a: Glalie|Glalie|Glalitite\n|move|p2a: Glalie|Spikes|p1a: Entei\n|-sidestart|p1: misunderstood gary|Spikes\n|\n|upkeep\n|turn|3\n|\n|switch|p2a: Milotic|Milotic, M|100\/100\n|move|p1a: Entei|Sacred Fire|p2a: Milotic\n|-resisted|p2a: Milotic\n|-damage|p2a: Milotic|72\/100\n|\n|-heal|p2a: Milotic|78\/100|[from] item: Leftovers\n|upkeep\n|turn|4\n|\n|switch|p1a: Chesnaught|Chesnaught, M|100\/100\n|-damage|p1a: Chesnaught|88\/100|[from] Spikes\n|move|p2a: Milotic|Scald|p1a: Chesnaught\n|-resisted|p1a: Chesnaught\n|-damage|p1a: Chesnaught|72\/100\n|-status|p1a: Chesnaught|brn\n|\n|-heal|p2a: Milotic|85\/100|[from] item: Leftovers\n|-heal|p1a: Chesnaught|78\/100 brn|[from] item: Leftovers\n|-damage|p1a: Chesnaught|72\/100 brn|[from] brn\n|upkeep\n|turn|5\n|j| Airhorn Whisperer\n|inactive|Battle timer is ON: inactive players will automatically lose when time's up. (requested by BigL91)\n|inactive|misunderstood gary has 135 seconds left.\n|\n|switch|p2a: Glalie|Glalie-Mega, M|100\/100\n|move|p1a: Chesnaught|Spikes|p2a: Glalie\n|-sidestart|p2: BigL91|Spikes\n|\n|-heal|p1a: Chesnaught|78\/100 brn|[from] item: Leftovers\n|-damage|p1a: Chesnaught|72\/100 brn|[from] brn\n|upkeep\n|turn|6\n|\n|switch|p1a: Entei|Entei, shiny|100\/100\n|-damage|p1a: Entei|88\/100|[from] Spikes\n|-ability|p1a: Entei|Pressure\n|move|p2a: Glalie|Return|p1a: Entei\n|-resisted|p1a: Entei\n|-damage|p1a: Entei|54\/100\n|\n|upkeep\n|turn|7\n|inactive|BigL91 has 135 seconds left.\n|l| Airhorn Whisperer\n|\n|switch|p2a: Gligar|Gligar, M|100\/100\n|move|p1a: Entei|Sacred Fire|p2a: Gligar\n|-damage|p2a: Gligar|65\/100\n|-status|p2a: Gligar|brn\n|\n|-damage|p2a: Gligar|59\/100 brn|[from] brn\n|upkeep\n|turn|8\n|\n|move|p1a: Entei|Sacred Fire|p2a: Gligar\n|-damage|p2a: Gligar|20\/100 brn\n|move|p2a: Gligar|Toxic|p1a: Entei\n|-status|p1a: Entei|tox\n|\n|-damage|p1a: Entei|48\/100 tox|[from] psn\n|-damage|p2a: Gligar|14\/100 brn|[from] brn\n|upkeep\n|turn|9\n|\n|switch|p2a: Milotic|Milotic, M|85\/100\n|-damage|p2a: Milotic|72\/100|[from] Spikes\n|move|p1a: Entei|Sacred Fire|p2a: Milotic\n|-resisted|p2a: Milotic\n|-damage|p2a: Milotic|44\/100\n|\n|-heal|p2a: Milotic|50\/100|[from] item: Leftovers\n|-damage|p1a: Entei|36\/100 tox|[from] psn\n|upkeep\n|turn|10\n|\n|move|p1a: Entei|Sacred Fire|p2a: Milotic\n|-resisted|p2a: Milotic\n|-damage|p2a: Milotic|22\/100\n|-status|p2a: Milotic|brn\n|move|p2a: Milotic|Recover|p2a: Milotic\n|-heal|p2a: Milotic|72\/100 brn\n|\n|-heal|p2a: Milotic|78\/100 brn|[from] item: Leftovers\n|-damage|p1a: Entei|17\/100 tox|[from] psn\n|-damage|p2a: Milotic|72\/100 brn|[from] brn\n|upkeep\n|turn|11\n|\n|move|p1a: Entei|Sacred Fire|p2a: Milotic\n|-resisted|p2a: Milotic\n|-damage|p2a: Milotic|53\/100 brn\n|move|p2a: Milotic|Recover|p2a: Milotic\n|-heal|p2a: Milotic|100\/100 brn\n|\n|-damage|p1a: Entei|0 fnt|[from] psn\n|-damage|p2a: Milotic|94\/100 brn|[from] brn\n|upkeep\n|faint|p1a: Entei\n|inactive|misunderstood gary has 135 seconds left.\n|inactive|misunderstood gary has 120 seconds left.\n|\n|switch|p1a: Machamp|Machamp, M|100\/100\n|-damage|p1a: Machamp|88\/100|[from] Spikes\n|turn|12\n|inactive|BigL91 has 135 seconds left.\n|\n|move|p2a: Milotic|Scald|p1a: Machamp\n|-damage|p1a: Machamp|58\/100\n|move|p1a: Machamp|Knock Off|p2a: Milotic\n|-damage|p2a: Milotic|76\/100 brn\n|-enditem|p2a: Milotic|Leftovers|[from] move: Knock Off|[of] p1a: Machamp\n|\n|-damage|p2a: Milotic|70\/100 brn|[from] brn\n|-status|p1a: Machamp|brn|[from] item: Flame Orb\n|upkeep\n|turn|13\n|inactive|misunderstood gary has 135 seconds left.\n|inactive|misunderstood gary has 120 seconds left.\n|\n|move|p2a: Milotic|Recover|p2a: Milotic\n|-heal|p2a: Milotic|100\/100 brn\n|move|p1a: Machamp|Close Combat|p2a: Milotic\n|-damage|p2a: Milotic|46\/100 brn\n|-unboost|p1a: Machamp|def|1\n|-unboost|p1a: Machamp|spd|1\n|\n|-damage|p2a: Milotic|40\/100 brn|[from] brn\n|-damage|p1a: Machamp|52\/100 brn|[from] brn\n|upkeep\n|turn|14\n|\n|switch|p1a: Nidoqueen|Nidoqueen, F|100\/100\n|-damage|p1a: Nidoqueen|88\/100|[from] Spikes\n|move|p2a: Milotic|Recover|p2a: Milotic\n|-heal|p2a: Milotic|90\/100 brn\n|\n|-damage|p2a: Milotic|84\/100 brn|[from] brn\n|upkeep\n|turn|15\n|\n|move|p1a: Nidoqueen|Sludge Wave|p2a: Milotic\n|-damage|p2a: Milotic|51\/100 brn\n|move|p2a: Milotic|Scald|p1a: Nidoqueen\n|-supereffective|p1a: Nidoqueen\n|-damage|p1a: Nidoqueen|26\/100\n|\n|-damage|p2a: Milotic|45\/100 brn|[from] brn\n|upkeep\n|turn|16\n|\n|move|p1a: Nidoqueen|Sludge Wave|p2a: Milotic\n|-damage|p2a: Milotic|9\/100 brn\n|move|p2a: Milotic|Recover|p2a: Milotic\n|-heal|p2a: Milotic|59\/100 brn\n|\n|-damage|p2a: Milotic|53\/100 brn|[from] brn\n|upkeep\n|turn|17\n|inactive|misunderstood gary has 135 seconds left.\n|\n|move|p1a: Nidoqueen|Sludge Wave|p2a: Milotic\n|-damage|p2a: Milotic|21\/100 brn\n|move|p2a: Milotic|Recover|p2a: Milotic\n|-heal|p2a: Milotic|71\/100 brn\n|\n|-damage|p2a: Milotic|64\/100 brn|[from] brn\n|upkeep\n|turn|18\n|\n|move|p1a: Nidoqueen|Sludge Wave|p2a: Milotic\n|-damage|p2a: Milotic|28\/100 brn\n|move|p2a: Milotic|Recover|p2a: Milotic\n|-heal|p2a: Milotic|78\/100 brn\n|\n|-damage|p2a: Milotic|72\/100 brn|[from] brn\n|upkeep\n|turn|19\n|\n|move|p1a: Nidoqueen|Sludge Wave|p2a: Milotic\n|-damage|p2a: Milotic|39\/100 brn\n|move|p2a: Milotic|Recover|p2a: Milotic\n|-heal|p2a: Milotic|89\/100 brn\n|\n|-damage|p2a: Milotic|83\/100 brn|[from] brn\n|upkeep\n|turn|20\n|inactive|misunderstood gary has 135 seconds left.\n|\n|move|p1a: Nidoqueen|Sludge Wave|p2a: Milotic\n|-damage|p2a: Milotic|47\/100 brn\n|move|p2a: Milotic|Scald|p1a: Nidoqueen\n|-supereffective|p1a: Nidoqueen\n|-damage|p1a: Nidoqueen|0 fnt\n|faint|p1a: Nidoqueen\n|\n|-damage|p2a: Milotic|41\/100 brn|[from] brn\n|upkeep\n|\n|switch|p1a: Machamp|Machamp, M|52\/100 brn\n|-damage|p1a: Machamp|39\/100 brn|[from] Spikes\n|turn|21\n|inactive|misunderstood gary has 135 seconds left.\n|inactive|BigL91 has 135 seconds left.\n|inactive|BigL91 has 120 seconds left.\n|\n|move|p2a: Milotic|Scald|p1a: Machamp\n|-damage|p1a: Machamp|7\/100 brn\n|move|p1a: Machamp|Close Combat|p2a: Milotic\n|-crit|p2a: Milotic\n|-damage|p2a: Milotic|0 fnt\n|-unboost|p1a: Machamp|def|1\n|-unboost|p1a: Machamp|spd|1\n|faint|p2a: Milotic\n|\n|-damage|p1a: Machamp|1\/100 brn|[from] brn\n|upkeep\n|\n|switch|p2a: Gligar|Gligar, M|14\/100 brn\n|turn|22\n|inactive|misunderstood gary has 135 seconds left.\n|\n|move|p1a: Machamp|Bullet Punch|p2a: Gligar\n|-damage|p2a: Gligar|2\/100 brn\n|move|p2a: Gligar|Roost|p2a: Gligar\n|-heal|p2a: Gligar|52\/100 brn\n|\n|-damage|p2a: Gligar|46\/100 brn|[from] brn\n|-damage|p1a: Machamp|0 fnt|[from] brn\n|upkeep\n|faint|p1a: Machamp\n|\n|switch|p1a: Milotic|Milotic, F|100\/100\n|-damage|p1a: Milotic|88\/100|[from] Spikes\n|turn|23\n|\n|move|p2a: Gligar|Toxic|p1a: Milotic\n|-status|p1a: Milotic|tox\n|move|p1a: Milotic|Ice Beam|p2a: Gligar\n|-supereffective|p2a: Gligar\n|-damage|p2a: Gligar|0 fnt\n|faint|p2a: Gligar\n|\n|-heal|p1a: Milotic|94\/100 tox|[from] item: Leftovers\n|-damage|p1a: Milotic|88\/100 tox|[from] psn\n|upkeep\n|\n|switch|p2a: Shaymin|Shaymin|100\/100\n|-damage|p2a: Shaymin|88\/100|[from] Spikes\n|turn|24\n|inactive|misunderstood gary has 135 seconds left.\n|\n|switch|p1a: Chesnaught|Chesnaught, M|72\/100 brn\n|-damage|p1a: Chesnaught|59\/100 brn|[from] Spikes\n|move|p2a: Shaymin|Substitute|p2a: Shaymin\n|-start|p2a: Shaymin|Substitute\n|-damage|p2a: Shaymin|63\/100\n|\n|-heal|p2a: Shaymin|69\/100|[from] item: Leftovers\n|-heal|p1a: Chesnaught|65\/100 brn|[from] item: Leftovers\n|-damage|p1a: Chesnaught|59\/100 brn|[from] brn\n|upkeep\n|turn|25\n|inactive|BigL91 has 135 seconds left.\n|inactive|BigL91 has 120 seconds left.\n|\n|move|p2a: Shaymin|Seed Flare|p1a: Chesnaught\n|-resisted|p1a: Chesnaught\n|-crit|p1a: Chesnaught\n|-damage|p1a: Chesnaught|15\/100 brn\n|-unboost|p1a: Chesnaught|spd|2\n|move|p1a: Chesnaught|Roar|p2a: Shaymin\n|drag|p2a: Glalie|Glalie-Mega, M|100\/100\n|-damage|p2a: Glalie|88\/100|[from] Spikes\n|\n|-heal|p1a: Chesnaught|21\/100 brn|[from] item: Leftovers\n|-damage|p1a: Chesnaught|15\/100 brn|[from] brn\n|upkeep\n|turn|26\n|inactive|misunderstood gary has 135 seconds left.\n|inactive|BigL91 has 135 seconds left.\n|\n|move|p2a: Glalie|Return|p1a: Chesnaught\n|-supereffective|p1a: Chesnaught\n|-damage|p1a: Chesnaught|0 fnt\n|faint|p1a: Chesnaught\n|\n|upkeep\n|inactive|misunderstood gary has 135 seconds left.\n|\n|switch|p1a: Milotic|Milotic, F|88\/100 tox\n|-damage|p1a: Milotic|76\/100 tox|[from] Spikes\n|turn|27\n|\n|move|p2a: Glalie|Return|p1a: Milotic\n|-resisted|p1a: Milotic\n|-damage|p1a: Milotic|61\/100 tox\n|move|p1a: Milotic|Refresh|p1a: Milotic\n|-curestatus|p1a: Milotic|tox|[msg]\n|\n|-heal|p1a: Milotic|67\/100|[from] item: Leftovers\n|upkeep\n|turn|28\n|inactive|misunderstood gary has 135 seconds left.\n|\n|move|p2a: Glalie|Explosion|p1a: Milotic\n|-resisted|p1a: Milotic\n|-damage|p1a: Milotic|16\/100\n|faint|p2a: Glalie\n|move|p1a: Milotic|Ice Beam|p2: Glalie|[notarget]\n|-notarget\n|\n|-heal|p1a: Milotic|22\/100|[from] item: Leftovers\n|upkeep\n|\n|switch|p2a: Klinklang|Klinklang|100\/100\n|-damage|p2a: Klinklang|88\/100|[from] Spikes\n|turn|29\n|\n|move|p2a: Klinklang|Shift Gear|p2a: Klinklang\n|-boost|p2a: Klinklang|spe|2\n|-boost|p2a: Klinklang|atk|1\n|move|p1a: Milotic|Recover|p1a: Milotic\n|-heal|p1a: Milotic|72\/100\n|\n|-heal|p1a: Milotic|78\/100|[from] item: Leftovers\n|upkeep\n|turn|30\n|\n|-zpower|p2a: Klinklang\n|move|p2a: Klinklang|Gigavolt Havoc|p1a: Milotic|[zeffect]\n|-supereffective|p1a: Milotic\n|-crit|p1a: Milotic\n|-damage|p1a: Milotic|0 fnt\n|faint|p1a: Milotic\n|\n|upkeep\n|\n|switch|p1a: Porygon2|Porygon2|100\/100\n|-damage|p1a: Porygon2|88\/100|[from] Spikes\n|-ability|p1a: Porygon2|Clear Body|[from] ability: Trace|[of] p2a: Klinklang\n|turn|31\n|\n|move|p2a: Klinklang|Gear Grind|p1a: Porygon2\n|-damage|p1a: Porygon2|68\/100\n|-damage|p1a: Porygon2|45\/100\n|-hitcount|p1a: Porygon2|2\n|move|p1a: Porygon2|Thunder Wave|p2a: Klinklang\n|-status|p2a: Klinklang|par\n|\n|upkeep\n|turn|32\n|\n|move|p2a: Klinklang|Gear Grind|p1a: Porygon2\n|-damage|p1a: Porygon2|23\/100\n|-damage|p1a: Porygon2|2\/100\n|-hitcount|p1a: Porygon2|2\n|move|p1a: Porygon2|Recover|p1a: Porygon2\n|-heal|p1a: Porygon2|52\/100\n|\n|upkeep\n|turn|33\n|\n|move|p2a: Klinklang|Shift Gear|p2a: Klinklang\n|-boost|p2a: Klinklang|spe|2\n|-boost|p2a: Klinklang|atk|1\n|move|p1a: Porygon2|Recover|p1a: Porygon2\n|-heal|p1a: Porygon2|100\/100\n|\n|upkeep\n|turn|34\n|\n|move|p2a: Klinklang|Gear Grind|p1a: Porygon2|[miss]\n|-miss|p2a: Klinklang|p1a: Porygon2\n|move|p1a: Porygon2|Foul Play|p2a: Klinklang\n|-damage|p2a: Klinklang|16\/100 par\n|\n|upkeep\n|turn|35\n|\n|move|p2a: Klinklang|Gear Grind|p1a: Porygon2\n|-damage|p1a: Porygon2|70\/100\n|-damage|p1a: Porygon2|40\/100\n|-hitcount|p1a: Porygon2|2\n|move|p1a: Porygon2|Foul Play|p2a: Klinklang\n|-damage|p2a: Klinklang|0 fnt\n|faint|p2a: Klinklang\n|\n|upkeep\n|\n|switch|p2a: Shaymin|Shaymin|69\/100\n|-damage|p2a: Shaymin|57\/100|[from] Spikes\n|turn|36\n|\n|move|p2a: Shaymin|Leech Seed|p1a: Porygon2\n|-start|p1a: Porygon2|move: Leech Seed\n|move|p1a: Porygon2|Recover|p1a: Porygon2\n|-heal|p1a: Porygon2|90\/100\n|\n|-heal|p2a: Shaymin|63\/100|[from] item: Leftovers\n|-damage|p1a: Porygon2|78\/100|[from] Leech Seed|[of] p2a: Shaymin\n|-heal|p2a: Shaymin|77\/100|[silent]\n|upkeep\n|turn|37\n|\n|move|p2a: Shaymin|Substitute|p2a: Shaymin\n|-start|p2a: Shaymin|Substitute\n|-damage|p2a: Shaymin|52\/100\n|move|p1a: Porygon2|Ice Beam|p2a: Shaymin\n|-supereffective|p2a: Shaymin\n|-end|p2a: Shaymin|Substitute\n|\n|-heal|p2a: Shaymin|58\/100|[from] item: Leftovers\n|-damage|p1a: Porygon2|65\/100|[from] Leech Seed|[of] p2a: Shaymin\n|-heal|p2a: Shaymin|71\/100|[silent]\n|upkeep\n|turn|38\n|\n|move|p2a: Shaymin|Substitute|p2a: Shaymin\n|-start|p2a: Shaymin|Substitute\n|-damage|p2a: Shaymin|47\/100\n|move|p1a: Porygon2|Thunder Wave|p2a: Shaymin\n|-fail|p2a: Shaymin\n|\n|-heal|p2a: Shaymin|53\/100|[from] item: Leftovers\n|-damage|p1a: Porygon2|53\/100|[from] Leech Seed|[of] p2a: Shaymin\n|-heal|p2a: Shaymin|66\/100|[silent]\n|upkeep\n|turn|39\n|\n|move|p2a: Shaymin|Seed Flare|p1a: Porygon2\n|-crit|p1a: Porygon2\n|-damage|p1a: Porygon2|16\/100\n|move|p1a: Porygon2|Recover|p1a: Porygon2\n|-heal|p1a: Porygon2|66\/100\n|\n|-heal|p2a: Shaymin|72\/100|[from] item: Leftovers\n|-damage|p1a: Porygon2|54\/100|[from] Leech Seed|[of] p2a: Shaymin\n|-heal|p2a: Shaymin|86\/100|[silent]\n|upkeep\n|turn|40\n|\n|move|p2a: Shaymin|Seed Flare|p1a: Porygon2\n|-damage|p1a: Porygon2|27\/100\n|move|p1a: Porygon2|Recover|p1a: Porygon2\n|-heal|p1a: Porygon2|77\/100\n|\n|-heal|p2a: Shaymin|92\/100|[from] item: Leftovers\n|-damage|p1a: Porygon2|65\/100|[from] Leech Seed|[of] p2a: Shaymin\n|-heal|p2a: Shaymin|100\/100|[silent]\n|upkeep\n|turn|41\n|\n|move|p2a: Shaymin|Seed Flare|p1a: Porygon2|[miss]\n|-miss|p2a: Shaymin|p1a: Porygon2\n|move|p1a: Porygon2|Recover|p1a: Porygon2\n|-heal|p1a: Porygon2|100\/100\n|\n|-damage|p1a: Porygon2|88\/100|[from] Leech Seed|[of] p2a: Shaymin\n|upkeep\n|turn|42\n|\n|move|p2a: Shaymin|Seed Flare|p1a: Porygon2|[miss]\n|-miss|p2a: Shaymin|p1a: Porygon2\n|move|p1a: Porygon2|Recover|p1a: Porygon2\n|-heal|p1a: Porygon2|100\/100\n|\n|-damage|p1a: Porygon2|88\/100|[from] Leech Seed|[of] p2a: Shaymin\n|upkeep\n|turn|43\n|\n|move|p2a: Shaymin|Seed Flare|p1a: Porygon2\n|-damage|p1a: Porygon2|63\/100\n|move|p1a: Porygon2|Recover|p1a: Porygon2\n|-heal|p1a: Porygon2|100\/100\n|\n|-damage|p1a: Porygon2|88\/100|[from] Leech Seed|[of] p2a: Shaymin\n|upkeep\n|turn|44\n|\n|move|p2a: Shaymin|Seed Flare|p1a: Porygon2|[miss]\n|-miss|p2a: Shaymin|p1a: Porygon2\n|move|p1a: Porygon2|Recover|p1a: Porygon2\n|-heal|p1a: Porygon2|100\/100\n|\n|-damage|p1a: Porygon2|88\/100|[from] Leech Seed|[of] p2a: Shaymin\n|upkeep\n|turn|45\n|\n|move|p2a: Shaymin|Seed Flare|p1a: Porygon2\n|-damage|p1a: Porygon2|60\/100\n|move|p1a: Porygon2|Recover|p1a: Porygon2\n|-heal|p1a: Porygon2|100\/100\n|\n|-damage|p1a: Porygon2|88\/100|[from] Leech Seed|[of] p2a: Shaymin\n|upkeep\n|turn|46\n|\n|move|p2a: Shaymin|Earth Power|p1a: Porygon2\n|-damage|p1a: Porygon2|76\/100\n|move|p1a: Porygon2|Ice Beam|p2a: Shaymin\n|-supereffective|p2a: Shaymin\n|-end|p2a: Shaymin|Substitute\n|\n|-damage|p1a: Porygon2|63\/100|[from] Leech Seed|[of] p2a: Shaymin\n|upkeep\n|turn|47\n|\n|move|p2a: Shaymin|Substitute|p2a: Shaymin\n|-start|p2a: Shaymin|Substitute\n|-damage|p2a: Shaymin|76\/100\n|move|p1a: Porygon2|Ice Beam|p2a: Shaymin\n|-supereffective|p2a: Shaymin\n|-end|p2a: Shaymin|Substitute\n|\n|-heal|p2a: Shaymin|82\/100|[from] item: Leftovers\n|-damage|p1a: Porygon2|51\/100|[from] Leech Seed|[of] p2a: Shaymin\n|-heal|p2a: Shaymin|95\/100|[silent]\n|upkeep\n|turn|48\n|\n|move|p2a: Shaymin|Substitute|p2a: Shaymin\n|-start|p2a: Shaymin|Substitute\n|-damage|p2a: Shaymin|70\/100\n|move|p1a: Porygon2|Ice Beam|p2a: Shaymin\n|-supereffective|p2a: Shaymin\n|-end|p2a: Shaymin|Substitute\n|\n|-heal|p2a: Shaymin|76\/100|[from] item: Leftovers\n|-damage|p1a: Porygon2|39\/100|[from] Leech Seed|[of] p2a: Shaymin\n|-heal|p2a: Shaymin|90\/100|[silent]\n|upkeep\n|turn|49\n|\n|move|p2a: Shaymin|Substitute|p2a: Shaymin\n|-start|p2a: Shaymin|Substitute\n|-damage|p2a: Shaymin|65\/100\n|move|p1a: Porygon2|Recover|p1a: Porygon2\n|-heal|p1a: Porygon2|89\/100\n|\n|-heal|p2a: Shaymin|71\/100|[from] item: Leftovers\n|-damage|p1a: Porygon2|76\/100|[from] Leech Seed|[of] p2a: Shaymin\n|-heal|p2a: Shaymin|85\/100|[silent]\n|upkeep\n|turn|50\n|\n|move|p2a: Shaymin|Earth Power|p1a: Porygon2\n|-crit|p1a: Porygon2\n|-damage|p1a: Porygon2|55\/100\n|move|p1a: Porygon2|Ice Beam|p2a: Shaymin\n|-supereffective|p2a: Shaymin\n|-end|p2a: Shaymin|Substitute\n|\n|-heal|p2a: Shaymin|91\/100|[from] item: Leftovers\n|-damage|p1a: Porygon2|43\/100|[from] Leech Seed|[of] p2a: Shaymin\n|-heal|p2a: Shaymin|100\/100|[silent]\n|upkeep\n|turn|51\n|\n|move|p2a: Shaymin|Substitute|p2a: Shaymin\n|-start|p2a: Shaymin|Substitute\n|-damage|p2a: Shaymin|76\/100\n|move|p1a: Porygon2|Recover|p1a: Porygon2\n|-heal|p1a: Porygon2|93\/100\n|\n|-heal|p2a: Shaymin|82\/100|[from] item: Leftovers\n|-damage|p1a: Porygon2|81\/100|[from] Leech Seed|[of] p2a: Shaymin\n|-heal|p2a: Shaymin|95\/100|[silent]\n|upkeep\n|turn|52\n|inactive|misunderstood gary has 135 seconds left.\n|\n|move|p2a: Shaymin|Earth Power|p1a: Porygon2\n|-damage|p1a: Porygon2|67\/100\n|move|p1a: Porygon2|Ice Beam|p2a: Shaymin\n|-supereffective|p2a: Shaymin\n|-end|p2a: Shaymin|Substitute\n|\n|-heal|p2a: Shaymin|100\/100|[from] item: Leftovers\n|-damage|p1a: Porygon2|55\/100|[from] Leech Seed|[of] p2a: Shaymin\n|upkeep\n|turn|53\n|\n|move|p2a: Shaymin|Substitute|p2a: Shaymin\n|-start|p2a: Shaymin|Substitute\n|-damage|p2a: Shaymin|76\/100\n|move|p1a: Porygon2|Ice Beam|p2a: Shaymin\n|-supereffective|p2a: Shaymin\n|-end|p2a: Shaymin|Substitute\n|\n|-heal|p2a: Shaymin|82\/100|[from] item: Leftovers\n|-damage|p1a: Porygon2|43\/100|[from] Leech Seed|[of] p2a: Shaymin\n|-heal|p2a: Shaymin|95\/100|[silent]\n|upkeep\n|turn|54\n|\n|move|p2a: Shaymin|Substitute|p2a: Shaymin\n|-start|p2a: Shaymin|Substitute\n|-damage|p2a: Shaymin|70\/100\n|move|p1a: Porygon2|Ice Beam|p2a: Shaymin\n|-supereffective|p2a: Shaymin\n|-end|p2a: Shaymin|Substitute\n|\n|-heal|p2a: Shaymin|76\/100|[from] item: Leftovers\n|-damage|p1a: Porygon2|30\/100|[from] Leech Seed|[of] p2a: Shaymin\n|-heal|p2a: Shaymin|90\/100|[silent]\n|upkeep\n|turn|55\n|\n|move|p2a: Shaymin|Substitute|p2a: Shaymin\n|-start|p2a: Shaymin|Substitute\n|-damage|p2a: Shaymin|65\/100\n|move|p1a: Porygon2|Recover|p1a: Porygon2\n|-heal|p1a: Porygon2|80\/100\n|\n|-heal|p2a: Shaymin|71\/100|[from] item: Leftovers\n|-damage|p1a: Porygon2|68\/100|[from] Leech Seed|[of] p2a: Shaymin\n|-heal|p2a: Shaymin|85\/100|[silent]\n|upkeep\n|turn|56\n|\n|move|p2a: Shaymin|Earth Power|p1a: Porygon2\n|-damage|p1a: Porygon2|55\/100\n|move|p1a: Porygon2|Ice Beam|p2a: Shaymin\n|-supereffective|p2a: Shaymin\n|-crit|p2a: Shaymin\n|-end|p2a: Shaymin|Substitute\n|\n|-heal|p2a: Shaymin|91\/100|[from] item: Leftovers\n|-damage|p1a: Porygon2|42\/100|[from] Leech Seed|[of] p2a: Shaymin\n|-heal|p2a: Shaymin|100\/100|[silent]\n|upkeep\n|turn|57\n|\n|move|p2a: Shaymin|Substitute|p2a: Shaymin\n|-start|p2a: Shaymin|Substitute\n|-damage|p2a: Shaymin|76\/100\n|move|p1a: Porygon2|Ice Beam|p2a: Shaymin\n|-supereffective|p2a: Shaymin\n|-end|p2a: Shaymin|Substitute\n|\n|-heal|p2a: Shaymin|82\/100|[from] item: Leftovers\n|-damage|p1a: Porygon2|30\/100|[from] Leech Seed|[of] p2a: Shaymin\n|-heal|p2a: Shaymin|95\/100|[silent]\n|upkeep\n|turn|58\n|\n|move|p2a: Shaymin|Substitute|p2a: Shaymin\n|-start|p2a: Shaymin|Substitute\n|-damage|p2a: Shaymin|70\/100\n|move|p1a: Porygon2|Recover|p1a: Porygon2\n|-heal|p1a: Porygon2|80\/100\n|\n|-heal|p2a: Shaymin|76\/100|[from] item: Leftovers\n|-damage|p1a: Porygon2|68\/100|[from] Leech Seed|[of] p2a: Shaymin\n|-heal|p2a: Shaymin|90\/100|[silent]\n|upkeep\n|turn|59\n|inactive|misunderstood gary has 135 seconds left.\n|c|\u2606misunderstood gary|i dont get drops because of clearbody lol\n|\n|move|p2a: Shaymin|Earth Power|p1a: Porygon2\n|-damage|p1a: Porygon2|55\/100\n|move|p1a: Porygon2|Ice Beam|p2a: Shaymin\n|-supereffective|p2a: Shaymin\n|-end|p2a: Shaymin|Substitute\n|\n|-heal|p2a: Shaymin|96\/100|[from] item: Leftovers\n|-damage|p1a: Porygon2|43\/100|[from] Leech Seed|[of] p2a: Shaymin\n|-heal|p2a: Shaymin|100\/100|[silent]\n|upkeep\n|turn|60\n|inactive|BigL91 has 135 seconds left.\n|c|\u2606BigL91|oh ok good to know ^^\n|\n|move|p2a: Shaymin|Substitute|p2a: Shaymin\n|-start|p2a: Shaymin|Substitute\n|-damage|p2a: Shaymin|76\/100\n|move|p1a: Porygon2|Ice Beam|p2a: Shaymin\n|-supereffective|p2a: Shaymin\n|-end|p2a: Shaymin|Substitute\n|\n|-heal|p2a: Shaymin|82\/100|[from] item: Leftovers\n|-damage|p1a: Porygon2|30\/100|[from] Leech Seed|[of] p2a: Shaymin\n|-heal|p2a: Shaymin|95\/100|[silent]\n|upkeep\n|turn|61\n|c|\u2606misunderstood gary|was wondering\n|c|\u2606BigL91|haha was wondering actually\n|c|\u2606BigL91|hahaha\n|inactive|BigL91 has 135 seconds left.\n|\n|move|p2a: Shaymin|Substitute|p2a: Shaymin\n|-start|p2a: Shaymin|Substitute\n|-damage|p2a: Shaymin|70\/100\n|move|p1a: Porygon2|Recover|p1a: Porygon2\n|-heal|p1a: Porygon2|80\/100\n|\n|-heal|p2a: Shaymin|76\/100|[from] item: Leftovers\n|-damage|p1a: Porygon2|68\/100|[from] Leech Seed|[of] p2a: Shaymin\n|-heal|p2a: Shaymin|90\/100|[silent]\n|upkeep\n|turn|62\n|\n|move|p2a: Shaymin|Earth Power|p1a: Porygon2\n|-crit|p1a: Porygon2\n|-damage|p1a: Porygon2|48\/100\n|move|p1a: Porygon2|Ice Beam|p2a: Shaymin\n|-supereffective|p2a: Shaymin\n|-end|p2a: Shaymin|Substitute\n|\n|-heal|p2a: Shaymin|96\/100|[from] item: Leftovers\n|-damage|p1a: Porygon2|36\/100|[from] Leech Seed|[of] p2a: Shaymin\n|-heal|p2a: Shaymin|100\/100|[silent]\n|upkeep\n|turn|63\n|\n|move|p2a: Shaymin|Earth Power|p1a: Porygon2\n|-damage|p1a: Porygon2|23\/100\n|move|p1a: Porygon2|Ice Beam|p2a: Shaymin\n|-supereffective|p2a: Shaymin\n|-damage|p2a: Shaymin|55\/100\n|\n|-heal|p2a: Shaymin|61\/100|[from] item: Leftovers\n|-damage|p1a: Porygon2|11\/100|[from] Leech Seed|[of] p2a: Shaymin\n|-heal|p2a: Shaymin|74\/100|[silent]\n|upkeep\n|turn|64\n|\n|move|p2a: Shaymin|Earth Power|p1a: Porygon2\n|-damage|p1a: Porygon2|0 fnt\n|faint|p1a: Porygon2\n|\n|win|BigL91\n|c|\u2606misunderstood gary|gg\n|c|\u2606BigL91|gg\n|l|\u2606misunderstood gary\n|raw|misunderstood gary's rating: 1413 &rarr; <strong>1391<\/strong><br \/>(-22 for losing)\n|raw|BigL91's rating: 1371 &rarr; <strong>1393<\/strong><br \/>(+22 for winning)\n","inputlog":null,"uploadtime":1532022171,"views":2,"p1id":"misunderstoodgary","p2id":"bigl91","formatid":"gen7ru","rating":1391,"private":0,"password":null}