{"id":"gen7ou-1696312946","p1":"HolyR1gz","p2":"Shinjou Akane","format":"gen7ou","log":"|j|\u203dHolyR1gz\n|j|\u2606Shinjou Akane\n|t:|1666886734\n|gametype|singles\n|player|p1|HolyR1gz|2|1316\n|player|p2|Shinjou Akane|lillie-masters2|1346\n|teamsize|p1|6\n|teamsize|p2|6\n|gen|7\n|tier|[Gen 7] OU\n|rated|\n|rule|Sleep Clause Mod: Limit one foe put to sleep\n|rule|Species Clause: Limit one of each Pok\u00e9mon\n|rule|OHKO Clause: OHKO moves are banned\n|rule|Moody Clause: Moody is banned\n|rule|Evasion Items Clause: Evasion items are banned\n|rule|Evasion Moves Clause: Evasion moves are banned\n|rule|Endless Battle Clause: Forcing endless battles is banned\n|rule|HP Percentage Mod: HP is shown in percentages\n|clearpoke\n|poke|p1|Tyranitar, F|item\n|poke|p1|Excadrill, F|item\n|poke|p1|Zapdos|item\n|poke|p1|Tapu Fini|item\n|poke|p1|Serperior, F|item\n|poke|p1|Latias, F|item\n|poke|p2|Gardevoir, F|item\n|poke|p2|Garchomp, M|item\n|poke|p2|Rotom-Wash|item\n|poke|p2|Tapu Koko|item\n|poke|p2|Victini|item\n|poke|p2|Magearna|item\n|teampreview\n|inactive|Battle timer is ON: inactive players will automatically lose when time's up. (requested by HolyR1gz)\n|\n|t:|1666886786\n|start\n|switch|p1a: Serperior|Serperior, F|100\/100\n|switch|p2a: Gardevoir|Gardevoir, F|100\/100\n|-ability|p2a: Gardevoir|Contrary|[from] ability: Trace|[of] p1a: Serperior\n|turn|1\n|\n|t:|1666886803\n|detailschange|p2a: Gardevoir|Gardevoir-Mega, F\n|-mega|p2a: Gardevoir|Gardevoir|Gardevoirite\n|move|p1a: Serperior|Substitute|p1a: Serperior\n|-start|p1a: Serperior|Substitute\n|-damage|p1a: Serperior|76\/100\n|move|p2a: Gardevoir|Taunt|p1a: Serperior\n|-start|p1a: Serperior|move: Taunt\n|\n|-heal|p1a: Serperior|82\/100|[from] item: Leftovers\n|upkeep\n|turn|2\n|\n|t:|1666886810\n|move|p1a: Serperior|Leaf Storm|p2a: Gardevoir\n|-damage|p2a: Gardevoir|65\/100\n|-boost|p1a: Serperior|spa|2\n|move|p2a: Gardevoir|Hyper Voice|p1a: Serperior\n|-damage|p1a: Serperior|17\/100\n|\n|-heal|p1a: Serperior|23\/100|[from] item: Leftovers\n|upkeep\n|turn|3\n|\n|t:|1666886823\n|switch|p2a: Magearna|Magearna|100\/100\n|move|p1a: Serperior|Leaf Storm|p2a: Magearna\n|-resisted|p2a: Magearna\n|-damage|p2a: Magearna|85\/100\n|-boost|p1a: Serperior|spa|2\n|\n|-heal|p1a: Serperior|30\/100|[from] item: Leftovers\n|upkeep\n|turn|4\n|\n|t:|1666886826\n|move|p1a: Serperior|Hidden Power|p2a: Magearna\n|-supereffective|p2a: Magearna\n|-damage|p2a: Magearna|55\/100\n|move|p2a: Magearna|Ice Beam|p1a: Serperior\n|-supereffective|p1a: Serperior\n|-crit|p1a: Serperior\n|-end|p1a: Serperior|Substitute\n|\n|-heal|p1a: Serperior|36\/100|[from] item: Leftovers\n|-end|p1a: Serperior|move: Taunt\n|upkeep\n|turn|5\n|\n|t:|1666886836\n|switch|p1a: Tapu Fini|Tapu Fini|100\/100\n|-fieldstart|move: Misty Terrain|[from] ability: Misty Surge|[of] p1a: Tapu Fini\n|move|p2a: Magearna|Ice Beam|p1a: Tapu Fini\n|-resisted|p1a: Tapu Fini\n|-damage|p1a: Tapu Fini|90\/100\n|\n|-heal|p1a: Tapu Fini|96\/100|[from] item: Leftovers\n|upkeep\n|turn|6\n|\n|t:|1666886839\n|switch|p1a: Excadrill|Excadrill, F|100\/100\n|move|p2a: Magearna|Volt Switch|p1a: Excadrill\n|-immune|p1a: Excadrill\n|\n|upkeep\n|turn|7\n|inactive|HolyR1gz has 120 seconds left.\n|\n|t:|1666886888\n|switch|p2a: Rotom|Rotom-Wash|100\/100\n|move|p1a: Excadrill|Earthquake|p2a: Rotom\n|-immune|p2a: Rotom|[from] ability: Levitate\n|\n|upkeep\n|turn|8\n|\n|t:|1666886900\n|switch|p1a: Latias|Latias, F|100\/100\n|move|p2a: Rotom|Will-O-Wisp|p1a: Latias\n|-status|p1a: Latias|brn\n|\n|-damage|p1a: Latias|95\/100 brn|[from] brn\n|upkeep\n|turn|9\n|\n|t:|1666886906\n|detailschange|p1a: Latias|Latias-Mega, F\n|-mega|p1a: Latias|Latias|Latiasite\n|move|p1a: Latias|Psychic|p2a: Rotom\n|-damage|p2a: Rotom|48\/100\n|move|p2a: Rotom|Volt Switch|p1a: Latias\n|-resisted|p1a: Latias\n|-damage|p1a: Latias|83\/100 brn\n|\n|t:|1666886912\n|switch|p2a: Magearna|Magearna|55\/100|[from]move: Volt Switch\n|\n|-damage|p1a: Latias|77\/100 brn|[from] brn\n|-fieldend|Misty Terrain\n|upkeep\n|turn|10\n|\n|t:|1666886917\n|switch|p1a: Excadrill|Excadrill, F|100\/100\n|move|p2a: Magearna|Fleur Cannon|p1a: Excadrill\n|-resisted|p1a: Excadrill\n|-damage|p1a: Excadrill|65\/100\n|-unboost|p2a: Magearna|spa|2\n|\n|upkeep\n|turn|11\n|\n|t:|1666886922\n|switch|p2a: Rotom|Rotom-Wash|48\/100\n|move|p1a: Excadrill|Earthquake|p2a: Rotom\n|-immune|p2a: Rotom|[from] ability: Levitate\n|\n|-heal|p2a: Rotom|54\/100|[from] item: Leftovers\n|upkeep\n|turn|12\n|\n|t:|1666886931\n|-zpower|p1a: Excadrill\n|move|p1a: Excadrill|Corkscrew Crash|p2a: Rotom|[zeffect]\n|-resisted|p2a: Rotom\n|-damage|p2a: Rotom|38\/100\n|move|p2a: Rotom|Volt Switch|p1a: Excadrill\n|-immune|p1a: Excadrill\n|\n|-heal|p2a: Rotom|44\/100|[from] item: Leftovers\n|upkeep\n|turn|13\n|\n|t:|1666886937\n|switch|p1a: Tapu Fini|Tapu Fini|96\/100\n|-fieldstart|move: Misty Terrain|[from] ability: Misty Surge|[of] p1a: Tapu Fini\n|move|p2a: Rotom|Volt Switch|p1a: Tapu Fini\n|-supereffective|p1a: Tapu Fini\n|-damage|p1a: Tapu Fini|57\/100\n|\n|t:|1666886944\n|switch|p2a: Tapu Koko|Tapu Koko|100\/100|[from]move: Volt Switch\n|-fieldstart|move: Electric Terrain|[from] ability: Electric Surge|[of] p2a: Tapu Koko\n|\n|-heal|p1a: Tapu Fini|63\/100|[from] item: Leftovers\n|upkeep\n|turn|14\n|\n|t:|1666886949\n|switch|p2a: Rotom|Rotom-Wash|44\/100\n|switch|p1a: Tyranitar|Tyranitar, F|100\/100\n|-weather|Sandstorm|[from] ability: Sand Stream|[of] p1a: Tyranitar\n|\n|-weather|Sandstorm|[upkeep]\n|-damage|p2a: Rotom|38\/100|[from] Sandstorm\n|-heal|p2a: Rotom|44\/100|[from] item: Leftovers\n|upkeep\n|turn|15\n|\n|t:|1666886965\n|switch|p1a: Tapu Fini|Tapu Fini|63\/100\n|-fieldstart|move: Misty Terrain|[from] ability: Misty Surge|[of] p1a: Tapu Fini\n|move|p2a: Rotom|Volt Switch|p1a: Tapu Fini\n|-supereffective|p1a: Tapu Fini\n|-damage|p1a: Tapu Fini|24\/100\n|\n|t:|1666886971\n|switch|p2a: Gardevoir|Gardevoir-Mega, F|65\/100|[from]move: Volt Switch\n|\n|-weather|Sandstorm|[upkeep]\n|-damage|p2a: Gardevoir|59\/100|[from] Sandstorm\n|-damage|p1a: Tapu Fini|18\/100|[from] Sandstorm\n|-heal|p1a: Tapu Fini|24\/100|[from] item: Leftovers\n|upkeep\n|turn|16\n|\n|t:|1666886974\n|move|p2a: Gardevoir|Hyper Voice|p1a: Tapu Fini\n|-damage|p1a: Tapu Fini|0 fnt\n|faint|p1a: Tapu Fini\n|\n|-weather|Sandstorm|[upkeep]\n|-damage|p2a: Gardevoir|53\/100|[from] Sandstorm\n|upkeep\n|\n|t:|1666886977\n|switch|p1a: Excadrill|Excadrill, F|65\/100\n|turn|17\n|\n|t:|1666886981\n|switch|p2a: Rotom|Rotom-Wash|44\/100\n|move|p1a: Excadrill|Swords Dance|p1a: Excadrill\n|-boost|p1a: Excadrill|atk|2\n|\n|-weather|Sandstorm|[upkeep]\n|-damage|p2a: Rotom|38\/100|[from] Sandstorm\n|-heal|p2a: Rotom|44\/100|[from] item: Leftovers\n|upkeep\n|turn|18\n|\n|t:|1666886985\n|move|p1a: Excadrill|Iron Head|p2a: Rotom\n|-resisted|p2a: Rotom\n|-damage|p2a: Rotom|29\/100\n|move|p2a: Rotom|Hydro Pump|p1a: Excadrill\n|-supereffective|p1a: Excadrill\n|-damage|p1a: Excadrill|0 fnt\n|faint|p1a: Excadrill\n|\n|-weather|none\n|-heal|p2a: Rotom|35\/100|[from] item: Leftovers\n|upkeep\n|\n|t:|1666886988\n|switch|p1a: Serperior|Serperior, F|36\/100\n|turn|19\n|\n|t:|1666886993\n|switch|p2a: Victini|Victini|100\/100\n|move|p1a: Serperior|Substitute|p1a: Serperior\n|-start|p1a: Serperior|Substitute\n|-damage|p1a: Serperior|11\/100\n|\n|-heal|p1a: Serperior|17\/100|[from] item: Leftovers\n|-fieldend|Misty Terrain\n|upkeep\n|turn|20\n|\n|t:|1666886997\n|move|p2a: Victini|U-turn|p1a: Serperior\n|-supereffective|p1a: Serperior\n|-end|p1a: Serperior|Substitute\n|\n|t:|1666887000\n|switch|p2a: Magearna|Magearna|55\/100|[from]move: U-turn\n|move|p1a: Serperior|Leech Seed|p2a: Magearna\n|-start|p2a: Magearna|move: Leech Seed\n|\n|-heal|p1a: Serperior|23\/100|[from] item: Leftovers\n|-damage|p2a: Magearna|42\/100|[from] Leech Seed|[of] p1a: Serperior\n|-heal|p1a: Serperior|36\/100|[silent]\n|upkeep\n|turn|21\n|\n|t:|1666887008\n|switch|p2a: Gardevoir|Gardevoir-Mega, F|53\/100\n|move|p1a: Serperior|Substitute|p1a: Serperior\n|-start|p1a: Serperior|Substitute\n|-damage|p1a: Serperior|11\/100\n|\n|-heal|p1a: Serperior|17\/100|[from] item: Leftovers\n|upkeep\n|turn|22\n|\n|t:|1666887025\n|switch|p1a: Zapdos|Zapdos|100\/100\n|move|p2a: Gardevoir|Hyper Voice|p1a: Zapdos\n|-damage|p1a: Zapdos|29\/100\n|\n|upkeep\n|turn|23\n|\n|t:|1666887029\n|move|p2a: Gardevoir|Hyper Voice|p1a: Zapdos\n|-damage|p1a: Zapdos|0 fnt\n|faint|p1a: Zapdos\n|\n|upkeep\n|\n|t:|1666887033\n|switch|p1a: Tyranitar|Tyranitar, F|100\/100\n|-weather|Sandstorm|[from] ability: Sand Stream|[of] p1a: Tyranitar\n|turn|24\n|\n|t:|1666887041\n|move|p2a: Gardevoir|Hyper Voice|p1a: Tyranitar\n|-supereffective|p1a: Tyranitar\n|-damage|p1a: Tyranitar|42\/100\n|move|p1a: Tyranitar|Earthquake|p2a: Gardevoir\n|-damage|p2a: Gardevoir|2\/100\n|\n|-weather|Sandstorm|[upkeep]\n|-damage|p2a: Gardevoir|0 fnt|[from] Sandstorm\n|faint|p2a: Gardevoir\n|upkeep\n|\n|t:|1666887046\n|switch|p2a: Garchomp|Garchomp, M|100\/100\n|turn|25\n|\n|t:|1666887053\n|move|p2a: Garchomp|Earthquake|p1a: Tyranitar\n|-supereffective|p1a: Tyranitar\n|-damage|p1a: Tyranitar|0 fnt\n|faint|p1a: Tyranitar\n|\n|-weather|Sandstorm|[upkeep]\n|upkeep\n|\n|t:|1666887055\n|switch|p1a: Latias|Latias-Mega, F|77\/100 brn\n|turn|26\n|\n|t:|1666887060\n|switch|p2a: Magearna|Magearna|42\/100\n|move|p1a: Latias|Ice Beam|p2a: Magearna\n|-resisted|p2a: Magearna\n|-damage|p2a: Magearna|36\/100\n|\n|-weather|Sandstorm|[upkeep]\n|-damage|p1a: Latias|71\/100 brn|[from] Sandstorm\n|-damage|p1a: Latias|65\/100 brn|[from] brn\n|upkeep\n|turn|27\n|\n|t:|1666887062\n|move|p1a: Latias|Earthquake|p2a: Magearna\n|-supereffective|p2a: Magearna\n|-damage|p2a: Magearna|16\/100\n|move|p2a: Magearna|Fleur Cannon|p1a: Latias\n|-supereffective|p1a: Latias\n|-damage|p1a: Latias|0 fnt\n|-unboost|p2a: Magearna|spa|2\n|faint|p1a: Latias\n|-ability|p2a: Magearna|Soul-Heart|boost\n|-boost|p2a: Magearna|spa|1\n|\n|-weather|Sandstorm|[upkeep]\n|upkeep\n|-message|HolyR1gz forfeited.\n|\n|win|Shinjou Akane\n|raw|HolyR1gz's rating: 1316 &rarr; <strong>1298<\/strong><br \/>(-18 for losing)\n|raw|Shinjou Akane's rating: 1346 &rarr; <strong>1364<\/strong><br \/>(+18 for winning)\n|l|\u203dHolyR1gz\n","uploadtime":1666887079,"views":11,"p1id":"holyr1gz","p2id":"shinjouakane","formatid":"gen7ou","rating":1298,"private":0,"password":null}