{"id":"gen7ou-802192644","p1":"Buterin-san","p2":"Ohmboy Tesla","format":"gen7ou","log":"|j|\u2606Buterin-san\n|j|\u2606Ohmboy Tesla\n|player|p1|Buterin-san|169\n|player|p2|Ohmboy Tesla|136\n|teamsize|p1|6\n|teamsize|p2|6\n|gametype|singles\n|gen|7\n|tier|[Gen 7] OU\n|rated|\n|rule|Sleep Clause Mod: Limit one foe put to sleep\n|rule|Species Clause: Limit one of each Pok\u00e9mon\n|rule|OHKO Clause: OHKO moves are banned\n|rule|Moody Clause: Moody is banned\n|rule|Evasion Moves Clause: Evasion moves are banned\n|rule|Endless Battle Clause: Forcing endless battles is banned\n|rule|HP Percentage Mod: HP is shown in percentages\n|clearpoke\n|poke|p1|Tapu Bulu|item\n|poke|p1|Heatran, F|item\n|poke|p1|Greninja, M|item\n|poke|p1|Heracross, M|item\n|poke|p1|Zygarde|item\n|poke|p1|Landorus-Therian, M|item\n|poke|p2|Diancie|item\n|poke|p2|Volcarona, M|item\n|poke|p2|Rotom-Wash|item\n|poke|p2|Tapu Bulu|item\n|poke|p2|Landorus-Therian, M|item\n|poke|p2|Toxapex, M|item\n|teampreview\n|inactive|Battle timer is ON: inactive players will automatically lose when time's up. (requested by Ohmboy Tesla)\n|\n|start\n|switch|p1a: Landorus|Landorus-Therian, M|100\/100\n|switch|p2a: Boy Fort|Toxapex, M|100\/100\n|-ability|p1a: Landorus|Intimidate|boost\n|-unboost|p2a: Boy Fort|atk|1\n|turn|1\n|\n|move|p1a: Landorus|Earthquake|p2a: Boy Fort\n|-supereffective|p2a: Boy Fort\n|-damage|p2a: Boy Fort|19\/100\n|move|p2a: Boy Fort|Toxic Spikes|p1a: Landorus\n|-sidestart|p1: Buterin-san|move: Toxic Spikes\n|\n|-heal|p2a: Boy Fort|25\/100|[from] item: Black Sludge\n|upkeep\n|turn|2\n|\n|switch|p1a: Heatran|Heatran, F|100\/100\n|switch|p2a: scRotom-Wash|Rotom-Wash|100\/100\n|\n|upkeep\n|turn|3\n|\n|move|p1a: Heatran|Magma Storm|p2a: scRotom-Wash\n|-resisted|p2a: scRotom-Wash\n|-damage|p2a: scRotom-Wash|69\/100\n|-activate|p2a: scRotom-Wash|move: Magma Storm|[of] p1a: Heatran\n|move|p2a: scRotom-Wash|Hydro Pump|p1a: Heatran|[miss]\n|-miss|p2a: scRotom-Wash|p1a: Heatran\n|\n|-heal|p2a: scRotom-Wash|75\/100|[from] item: Leftovers\n|-damage|p2a: scRotom-Wash|63\/100|[from] move: Magma Storm|[partiallytrapped]\n|upkeep\n|turn|4\n|\n|move|p1a: Heatran|Magma Storm|p2a: scRotom-Wash|[miss]\n|-miss|p1a: Heatran|p2a: scRotom-Wash\n|move|p2a: scRotom-Wash|Volt Switch|p1a: Heatran\n|-damage|p1a: Heatran|77\/100\n|\n|switch|p2a: Carbink-EX|Diancie|100\/100\n|\n|upkeep\n|turn|5\n|\n|detailschange|p2a: Carbink-EX|Diancie-Mega\n|-mega|p2a: Carbink-EX|Diancie|Diancite\n|move|p2a: Carbink-EX|Earth Power|p1a: Heatran\n|-supereffective|p1a: Heatran\n|-damage|p1a: Heatran|0 fnt\n|faint|p1a: Heatran\n|\n|upkeep\n|\n|switch|p1a: Landorus|Landorus-Therian, M|100\/100\n|-ability|p1a: Landorus|Intimidate|boost\n|-unboost|p2a: Carbink-EX|atk|1\n|turn|6\n|\n|switch|p2a: scRotom-Wash|Rotom-Wash|63\/100\n|move|p1a: Landorus|Defog|p2a: scRotom-Wash\n|-unboost|p2a: scRotom-Wash|evasion|1\n|-sideend|p1: Buterin-san|Toxic Spikes|[from] move: Defog|[of] p1a: Landorus\n|\n|-heal|p2a: scRotom-Wash|69\/100|[from] item: Leftovers\n|upkeep\n|turn|7\n|\n|switch|p1a: Tapu Bulu|Tapu Bulu|100\/100\n|-fieldstart|move: Grassy Terrain|[from] ability: Grassy Surge|[of] p1a: Tapu Bulu\n|move|p2a: scRotom-Wash|Will-O-Wisp|p1a: Tapu Bulu\n|-status|p1a: Tapu Bulu|brn\n|\n|-heal|p2a: scRotom-Wash|75\/100|[from] item: Leftovers\n|-damage|p1a: Tapu Bulu|94\/100 brn|[from] brn\n|upkeep\n|turn|8\n|\n|switch|p2a: Flooffy Paws|Landorus-Therian, M|100\/100\n|-ability|p2a: Flooffy Paws|Intimidate|boost\n|-unboost|p1a: Tapu Bulu|atk|1\n|move|p1a: Tapu Bulu|Swords Dance|p1a: Tapu Bulu\n|-boost|p1a: Tapu Bulu|atk|2\n|\n|-heal|p1a: Tapu Bulu|100\/100 brn|[from] item: Leftovers\n|-damage|p1a: Tapu Bulu|94\/100 brn|[from] brn\n|upkeep\n|turn|9\n|\n|move|p2a: Flooffy Paws|Stealth Rock|p1a: Tapu Bulu\n|-sidestart|p1: Buterin-san|move: Stealth Rock\n|move|p1a: Tapu Bulu|Swords Dance|p1a: Tapu Bulu\n|-boost|p1a: Tapu Bulu|atk|2\n|\n|-heal|p1a: Tapu Bulu|100\/100 brn|[from] item: Leftovers\n|-damage|p1a: Tapu Bulu|94\/100 brn|[from] brn\n|upkeep\n|turn|10\n|\n|move|p2a: Flooffy Paws|U-turn|p1a: Tapu Bulu\n|-damage|p1a: Tapu Bulu|75\/100 brn\n|\n|switch|p2a: Atlas|Volcarona, M|100\/100\n|move|p1a: Tapu Bulu|Swords Dance|p1a: Tapu Bulu\n|-boost|p1a: Tapu Bulu|atk|2\n|\n|-heal|p1a: Tapu Bulu|81\/100 brn|[from] item: Leftovers\n|-heal|p1a: Tapu Bulu|87\/100 brn|[from] Grassy Terrain\n|-damage|p1a: Tapu Bulu|81\/100 brn|[from] brn\n|upkeep\n|turn|11\n|\n|-zpower|p2a: Atlas\n|move|p2a: Atlas|Savage Spin-Out|p1a: Tapu Bulu|[zeffect]\n|-damage|p1a: Tapu Bulu|8\/100 brn\n|move|p1a: Tapu Bulu|Horn Leech|p2a: Atlas\n|-resisted|p2a: Atlas\n|-damage|p2a: Atlas|69\/100\n|-heal|p1a: Tapu Bulu|22\/100 brn|[from] drain|[of] p2a: Atlas\n|\n|-heal|p2a: Atlas|75\/100|[from] Grassy Terrain\n|-heal|p1a: Tapu Bulu|28\/100 brn|[from] item: Leftovers\n|-heal|p1a: Tapu Bulu|35\/100 brn|[from] Grassy Terrain\n|-fieldend|move: Grassy Terrain\n|-damage|p1a: Tapu Bulu|28\/100 brn|[from] brn\n|upkeep\n|turn|12\n|\n|move|p2a: Atlas|Fiery Dance|p1a: Tapu Bulu\n|-supereffective|p1a: Tapu Bulu\n|-damage|p1a: Tapu Bulu|0 fnt\n|-boost|p2a: Atlas|spa|1\n|faint|p1a: Tapu Bulu\n|\n|upkeep\n|\n|switch|p1a: Zygarde|Zygarde, shiny|100\/100\n|-damage|p1a: Zygarde|94\/100|[from] Stealth Rock\n|-ability|p1a: Zygarde|Aura Break\n|turn|13\n|\n|move|p2a: Atlas|Bug Buzz|p1a: Zygarde\n|-damage|p1a: Zygarde|33\/100\n|move|p1a: Zygarde|Glare|p2a: Atlas\n|-status|p2a: Atlas|par\n|\n|-heal|p1a: Zygarde|39\/100|[from] item: Leftovers\n|upkeep\n|turn|14\n|\n|move|p1a: Zygarde|Substitute|p1a: Zygarde\n|-start|p1a: Zygarde|Substitute\n|-damage|p1a: Zygarde|14\/100\n|move|p2a: Atlas|Bug Buzz|p1a: Zygarde\n|-damage|p1a: Zygarde|0 fnt\n|faint|p1a: Zygarde\n|\n|upkeep\n|\n|switch|p1a: Heracross|Heracross, M|100\/100\n|-damage|p1a: Heracross|88\/100|[from] Stealth Rock\n|turn|15\n|\n|detailschange|p1a: Heracross|Heracross-Mega, M\n|-mega|p1a: Heracross|Heracross|Heracronite\n|move|p1a: Heracross|Rock Blast|p2a: Atlas\n|-supereffective|p2a: Atlas\n|-damage|p2a: Atlas|0 fnt\n|-hitcount|p2a: Atlas|1\n|faint|p2a: Atlas\n|\n|upkeep\n|\n|switch|p2a: Flooffy Paws|Landorus-Therian, M|100\/100\n|-ability|p2a: Flooffy Paws|Intimidate|boost\n|-unboost|p1a: Heracross|atk|1\n|turn|16\n|\n|move|p1a: Heracross|Swords Dance|p1a: Heracross\n|-boost|p1a: Heracross|atk|2\n|move|p2a: Flooffy Paws|Toxic|p1a: Heracross\n|-status|p1a: Heracross|tox\n|\n|-damage|p1a: Heracross|82\/100 tox|[from] psn\n|upkeep\n|turn|17\n|\n|move|p1a: Heracross|Swords Dance|p1a: Heracross\n|-boost|p1a: Heracross|atk|2\n|move|p2a: Flooffy Paws|U-turn|p1a: Heracross\n|-resisted|p1a: Heracross\n|-damage|p1a: Heracross|71\/100 tox\n|\n|switch|p2a: Carbink-EX|Diancie-Mega|100\/100\n|\n|-damage|p1a: Heracross|59\/100 tox|[from] psn\n|upkeep\n|turn|18\n|\n|move|p2a: Carbink-EX|Moonblast|p1a: Heracross\n|-supereffective|p1a: Heracross\n|-damage|p1a: Heracross|0 fnt\n|faint|p1a: Heracross\n|\n|upkeep\n|\n|switch|p1a: Greninja|Greninja, M|100\/100\n|-damage|p1a: Greninja|88\/100|[from] Stealth Rock\n|turn|19\n|\n|switch|p2a: Boy Fort|Toxapex, M|58\/100\n|move|p1a: Greninja|Hydro Pump|p2a: Boy Fort\n|-resisted|p2a: Boy Fort\n|-damage|p2a: Boy Fort|35\/100\n|\n|-heal|p2a: Boy Fort|42\/100|[from] item: Black Sludge\n|upkeep\n|turn|20\n|-message|Buterin-san forfeited.\n|\n|switch|p1a: Landorus|Landorus-Therian, M|100\/100\n|-damage|p1a: Landorus|88\/100|[from] Stealth Rock\n|-ability|p1a: Landorus|Intimidate|boost\n|-unboost|p2a: Boy Fort|atk|1\n|move|p2a: Boy Fort|Recover|p2a: Boy Fort\n|-heal|p2a: Boy Fort|92\/100\n|\n|-heal|p2a: Boy Fort|98\/100|[from] item: Black Sludge\n|upkeep\n|turn|21\n|\n|win|Ohmboy Tesla\n|raw|Buterin-san's rating: 1631 &rarr; <strong>1614<\/strong><br \/>(-17 for losing)\n|raw|Ohmboy Tesla's rating: 1696 &rarr; <strong>1712<\/strong><br \/>(+16 for winning)\n|l|\u2606Buterin-san\n","uploadtime":1536331175,"views":6,"p1id":"buterinsan","p2id":"ohmboytesla","formatid":"gen7ou","rating":1614,"private":0,"password":null}