{"id":"gen7ubers-1096587262","p1":"TestingTesting1","p2":"xzczcb","format":"gen7ubers","log":"|j|\u2606TestingTesting1\n|j|\u2606xzczcb\n|player|p1|TestingTesting1|101|1429\n|player|p2|xzczcb|170|1512\n|teamsize|p1|6\n|teamsize|p2|6\n|gametype|singles\n|gen|7\n|tier|[Gen 7] Ubers\n|rated|\n|clearpoke\n|poke|p1|Uxie|item\n|poke|p1|Necrozma-Dusk-Mane|item\n|poke|p1|Whimsicott, M|item\n|poke|p1|Kyogre|item\n|poke|p1|Mawile, M|item\n|poke|p1|Arceus-*|item\n|poke|p2|Necrozma-Dusk-Mane|item\n|poke|p2|Yveltal|item\n|poke|p2|Zygarde|item\n|poke|p2|Groudon|item\n|poke|p2|Xerneas|item\n|poke|p2|Arceus-*|item\n|rule|Sleep Clause Mod: Limit one foe put to sleep\n|rule|Species Clause: Limit one of each Pok\u00e9mon\n|rule|OHKO Clause: OHKO moves are banned\n|rule|Moody Clause: Moody is banned\n|rule|Evasion Moves Clause: Evasion moves are banned\n|rule|Endless Battle Clause: Forcing endless battles is banned\n|rule|HP Percentage Mod: HP is shown in percentages\n|rule|Mega Rayquaza Clause: You cannot mega evolve Rayquaza\n|teampreview\n|\n|start\n|switch|p1a: Uxie|Uxie|100\/100\n|switch|p2a: Arceus|Arceus|100\/100\n|turn|1\n|inactive|Battle timer is ON: inactive players will automatically lose when time's up. (requested by xzczcb)\n|\n|move|p2a: Arceus|Swords Dance|p2a: Arceus\n|-boost|p2a: Arceus|atk|2\n|move|p1a: Uxie|Trick Room|p1a: Uxie\n|-fieldstart|move: Trick Room|[of] p1a: Uxie\n|\n|upkeep\n|turn|2\n|\n|move|p2a: Arceus|Extreme Speed|p1a: Uxie\n|-damage|p1a: Uxie|32\/100\n|move|p1a: Uxie|Memento|p2a: Arceus\n|-unboost|p2a: Arceus|atk|2\n|-unboost|p2a: Arceus|spa|2\n|faint|p1a: Uxie\n|\n|upkeep\n|\n|switch|p1a: Mawile|Mawile, M|100\/100\n|-ability|p1a: Mawile|Intimidate|boost\n|-unboost|p2a: Arceus|atk|1\n|turn|3\n|\n|switch|p2a: Necrozma|Necrozma-Dusk-Mane|100\/100\n|detailschange|p1a: Mawile|Mawile-Mega, M\n|-mega|p1a: Mawile|Mawile|Mawilite\n|move|p1a: Mawile|Play Rough|p2a: Necrozma\n|-resisted|p2a: Necrozma\n|-damage|p2a: Necrozma|67\/100\n|\n|upkeep\n|turn|4\n|\n|move|p1a: Mawile|Crunch|p2a: Necrozma\n|-supereffective|p2a: Necrozma\n|-damage|p2a: Necrozma|0 fnt\n|faint|p2a: Necrozma\n|\n|upkeep\n|\n|switch|p2a: Groudon|Groudon|100\/100\n|detailschange|p2a: Groudon|Groudon-Primal\n|-primal|p2a: Groudon\n|-weather|DesolateLand|[from] ability: Desolate Land|[of] p2a: Groudon\n|turn|5\n|\n|move|p1a: Mawile|Crunch|p2a: Groudon\n|-damage|p2a: Groudon|68\/100\n|move|p2a: Groudon|Precipice Blades|p1a: Mawile\n|-supereffective|p1a: Mawile\n|-damage|p1a: Mawile|0 fnt\n|faint|p1a: Mawile\n|\n|-weather|DesolateLand|[upkeep]\n|-fieldend|move: Trick Room\n|upkeep\n|\n|switch|p1a: Whimsicott|Whimsicott, M|100\/100\n|turn|6\n|\n|-weather|none\n|switch|p2a: Arceus|Arceus|100\/100\n|move|p1a: Whimsicott|Trick Room|p1a: Whimsicott\n|-fieldstart|move: Trick Room|[of] p1a: Whimsicott\n|\n|upkeep\n|turn|7\n|\n|move|p2a: Arceus|Swords Dance|p2a: Arceus\n|-boost|p2a: Arceus|atk|2\n|move|p1a: Whimsicott|Trick Room|p1a: Whimsicott\n|-fieldend|move: Trick Room\n|\n|upkeep\n|turn|8\n|\n|move|p1a: Whimsicott|Encore|p2a: Arceus\n|-start|p2a: Arceus|Encore\n|-enditem|p2a: Arceus|Mental Herb\n|-end|p2a: Arceus|Encore\n|move|p2a: Arceus|Swords Dance|p2a: Arceus\n|-boost|p2a: Arceus|atk|2\n|\n|upkeep\n|turn|9\n|\n|move|p2a: Arceus|Extreme Speed|p1a: Whimsicott\n|-enditem|p1a: Whimsicott|Focus Sash\n|-damage|p1a: Whimsicott|1\/100\n|move|p1a: Whimsicott|Encore|p2a: Arceus\n|-start|p2a: Arceus|Encore\n|\n|upkeep\n|turn|10\n|\n|switch|p1a: Necrozma|Necrozma-Dusk-Mane|100\/100\n|move|p2a: Arceus|Extreme Speed|p1a: Necrozma\n|-resisted|p1a: Necrozma\n|-damage|p1a: Necrozma|55\/100\n|\n|upkeep\n|turn|11\n|\n|move|p2a: Arceus|Extreme Speed|p1a: Necrozma\n|-resisted|p1a: Necrozma\n|-damage|p1a: Necrozma|11\/100\n|move|p1a: Necrozma|Sunsteel Strike|p2a: Arceus\n|-damage|p2a: Arceus|54\/100\n|\n|upkeep\n|turn|12\n|\n|move|p2a: Arceus|Extreme Speed|p1a: Necrozma\n|-resisted|p1a: Necrozma\n|-damage|p1a: Necrozma|0 fnt\n|faint|p1a: Necrozma\n|\n|-end|p2a: Arceus|Encore\n|upkeep\n|\n|switch|p1a: Whimsicott|Whimsicott, M|1\/100\n|turn|13\n|\n|move|p2a: Arceus|Extreme Speed|p1a: Whimsicott\n|-damage|p1a: Whimsicott|0 fnt\n|faint|p1a: Whimsicott\n|\n|upkeep\n|\n|switch|p1a: Arceus|Arceus|100\/100\n|turn|14\n|\n|move|p2a: Arceus|Extreme Speed|p1a: Arceus\n|-damage|p1a: Arceus|18\/100\n|move|p1a: Arceus|Swords Dance|p1a: Arceus\n|-boost|p1a: Arceus|atk|2\n|\n|upkeep\n|turn|15\n|\n|move|p2a: Arceus|Extreme Speed|p1a: Arceus\n|-damage|p1a: Arceus|0 fnt\n|faint|p1a: Arceus\n|\n|upkeep\n|-message|TestingTesting1 forfeited.\n|\n|win|xzczcb\n|l|\u2606TestingTesting1\n||Ladder (probably) updated, but score could not be retrieved (Response not received).\n","uploadtime":1586882159,"views":7,"p1id":"testingtesting1","p2id":"xzczcb","formatid":"gen7ubers","rating":0,"private":0,"password":null}