{"id":"gen7randombattle-1670020738","p1":"LoSconosciuto","p2":"Javitu","format":"gen7randombattle","log":"|j|\u2606LoSconosciuto\n|j|\u2606Javitu\n|t:|1664121955\n|gametype|singles\n|player|p1|LoSconosciuto|#teamgapdos|\n|player|p2|Javitu|lucy|\n|teamsize|p1|12\n|teamsize|p2|12\n|gen|7\n|tier|[Gen 7] Random Battle\n|rule|Sleep Clause Mod: Limit one foe put to sleep\n|rule|HP Percentage Mod: HP is shown in percentages\n|rule|Mega Rayquaza Clause: You cannot mega evolve Rayquaza\n|clearpoke\n|poke|p1|Pheromosa, L76|item\n|poke|p1|Volcarona, L80, M|item\n|poke|p1|Genesect-Douse, L76|item\n|poke|p1|Magcargo, L88, F|item\n|poke|p1|Pelipper, L84, F|item\n|poke|p1|Sableye, L88, F|item\n|poke|p1|Slowking, L86, F|item\n|poke|p1|Slowbro, L84, F|item\n|poke|p1|Roserade, L84, F|item\n|poke|p1|Hoopa, L84|item\n|poke|p1|Phione, L88|item\n|poke|p1|Smeargle, L88, M|item\n|poke|p2|Primeape, L88, F|item\n|poke|p2|Empoleon, L82, F|item\n|poke|p2|Nihilego, L82|item\n|poke|p2|Minior-Violet, L86|item\n|poke|p2|Bruxish, L86, M|item\n|poke|p2|Typhlosion, L86, F|item\n|poke|p2|Vileplume, L86, F|item\n|poke|p2|Sableye, L80, M|item\n|poke|p2|Oranguru, L88, M|item\n|poke|p2|Zangoose, L88, F|item\n|poke|p2|Sawsbuck-Summer, L88, M|item\n|poke|p2|Kyogre, L76|item\n|teampreview|6\n|inactive|Battle timer is ON: inactive players will automatically lose when time's up. (requested by LoSconosciuto)\n|c|\u2606LoSconosciuto|hf\n|j| AtraX Madara\n|j| Ciro napoli\n|j|+mammalu\n|j| diegoblu~\n|j|+TDR\n|j| placuszek\n|inactive|LoSconosciuto has 270 seconds left.\n|inactive|Javitu has 270 seconds left.\n|j| skimmythegod\n|inactive|LoSconosciuto has 240 seconds left.\n|inactive|Javitu has 240 seconds left.\n|l| Ciro napoli\n|inactive|LoSconosciuto has 210 seconds left.\n|inactive|Javitu has 210 seconds left.\n|j| Figull400\n|inactive|LoSconosciuto has 180 seconds left.\n|inactive|Javitu has 180 seconds left.\n|j| you are cringe\n|j|+lalaya \u263e\n|j| Ciro napoli\n|inactive|LoSconosciuto has 150 seconds left.\n|inactive|Javitu has 150 seconds left.\n|inactive|LoSconosciuto has 120 seconds left.\n|inactive|Javitu has 120 seconds left.\n|inactive|LoSconosciuto has 90 seconds left.\n|inactive|Javitu has 90 seconds left.\n|l| Ciro napoli\n|inactive|LoSconosciuto has 60 seconds left.\n|inactive|LoSconosciuto has 30 seconds left.\n|\n|t:|1664122229\n|start\n|switch|p1a: Genesect|Genesect-Douse, L76|233\/233\n|switch|p2a: Sawsbuck|Sawsbuck-Summer, L88, M|284\/284\n|-ability|p1a: Genesect|Download|boost\n|-boost|p1a: Genesect|spa|1\n|turn|1\n|inactive|LoSconosciuto has 90 seconds left.\n|j| Ciro napoli\n|\n|t:|1664122250\n|switch|p2a: Primeape|Primeape, L88, F|258\/258\n|move|p1a: Genesect|Ice Beam|p2a: Primeape\n|-damage|p2a: Primeape|152\/258\n|-status|p2a: Primeape|frz\n|\n|upkeep\n|turn|2\n|c|\u2606Javitu|oh great\n|c|+mammalu|lol\n|c|+mammalu|poor scimia\n|c|\u2606LoSconosciuto|this is skill\n|l| Ciro napoli\n|c|\u2606Javitu|i want to ff tbh\n|inactive|Javitu has 120 seconds left.\n|\n|t:|1664122276\n|switch|p1a: Smeargle|Smeargle, L88, M|240\/240\n|cant|p2a: Primeape|frz\n|\n|upkeep\n|turn|3\n|\n|t:|1664122281\n|switch|p2a: Sawsbuck|Sawsbuck-Summer, L88, M|284\/284\n|move|p1a: Smeargle|Sticky Web|p2a: Sawsbuck\n|-sidestart|p2: Javitu|move: Sticky Web\n|\n|upkeep\n|turn|4\n|inactive|LoSconosciuto has 90 seconds left.\n|\n|t:|1664122301\n|move|p2a: Sawsbuck|Substitute|p2a: Sawsbuck\n|-start|p2a: Sawsbuck|Substitute\n|-damage|p2a: Sawsbuck|213\/284\n|move|p1a: Smeargle|Stealth Rock|p2a: Sawsbuck\n|-sidestart|p2: Javitu|move: Stealth Rock\n|\n|upkeep\n|turn|5\n|inactive|LoSconosciuto has 90 seconds left.\n|\n|t:|1664122315\n|switch|p1a: Genesect|Genesect-Douse, L76|233\/233\n|-ability|p1a: Genesect|Download|boost\n|-boost|p1a: Genesect|spa|1\n|move|p2a: Sawsbuck|Jump Kick|p1a: Genesect\n|-damage|p1a: Genesect|125\/233\n|-damage|p2a: Sawsbuck|185\/284|[from] item: Life Orb\n|\n|upkeep\n|turn|6\n|inactive|LoSconosciuto has 90 seconds left.\n|\n|t:|1664122326\n|move|p2a: Sawsbuck|Jump Kick|p1a: Genesect\n|-damage|p1a: Genesect|17\/233\n|-damage|p2a: Sawsbuck|157\/284|[from] item: Life Orb\n|move|p1a: Genesect|Ice Beam|p2a: Sawsbuck\n|-supereffective|p2a: Sawsbuck\n|-end|p2a: Sawsbuck|Substitute\n|\n|upkeep\n|turn|7\n|inactive|LoSconosciuto has 90 seconds left.\n|\n|t:|1664122344\n|move|p2a: Sawsbuck|Horn Leech|p1a: Genesect\n|-resisted|p1a: Genesect\n|-damage|p1a: Genesect|0 fnt\n|-heal|p2a: Sawsbuck|166\/284|[from] drain|[of] p1a: Genesect\n|faint|p1a: Genesect\n|-damage|p2a: Sawsbuck|138\/284|[from] item: Life Orb\n|\n|upkeep\n|\n|t:|1664122346\n|switch|p1a: Pheromosa|Pheromosa, L76|233\/233\n|turn|8\n|inactive|Javitu has 150 seconds left.\n|\n|t:|1664122356\n|move|p1a: Pheromosa|Poison Jab|p2a: Sawsbuck\n|-supereffective|p2a: Sawsbuck\n|-damage|p2a: Sawsbuck|0 fnt\n|faint|p2a: Sawsbuck\n|-ability|p1a: Pheromosa|Beast Boost|boost\n|-boost|p1a: Pheromosa|spe|1\n|-damage|p1a: Pheromosa|210\/233|[from] item: Life Orb\n|\n|upkeep\n|inactive|Javitu has 150 seconds left.\n|\n|t:|1664122368\n|switch|p2a: Sableye|Sableye, L80, M|211\/211\n|-activate|p2a: Sableye|move: Sticky Web\n|-unboost|p2a: Sableye|spe|1\n|-damage|p2a: Sableye|185\/211|[from] Stealth Rock\n|turn|9\n|\n|t:|1664122390\n|switch|p1a: Volcarona|Volcarona, L80, M|267\/267\n|move|p2a: Sableye|Will-O-Wisp|p1a: Volcarona\n|-immune|p1a: Volcarona\n|\n|upkeep\n|turn|10\n|\n|t:|1664122405\n|switch|p2a: Kyogre|Kyogre, L76|277\/277\n|-activate|p2a: Kyogre|move: Sticky Web\n|-unboost|p2a: Kyogre|spe|1\n|-damage|p2a: Kyogre|243\/277|[from] Stealth Rock\n|-weather|RainDance|[from] ability: Drizzle|[of] p2a: Kyogre\n|move|p1a: Volcarona|Quiver Dance|p1a: Volcarona\n|-boost|p1a: Volcarona|spa|1\n|-boost|p1a: Volcarona|spd|1\n|-boost|p1a: Volcarona|spe|1\n|\n|-weather|RainDance|[upkeep]\n|upkeep\n|turn|11\n|inactive|LoSconosciuto has 90 seconds left.\n|inactive|LoSconosciuto has 60 seconds left.\n|\n|t:|1664122460\n|-zpower|p1a: Volcarona\n|move|p1a: Volcarona|Savage Spin-Out|p2a: Kyogre|[zeffect]\n|-damage|p2a: Kyogre|5\/277\n|move|p2a: Kyogre|Scald|p1a: Volcarona\n|-supereffective|p1a: Volcarona\n|-damage|p1a: Volcarona|0 fnt\n|faint|p1a: Volcarona\n|\n|-weather|RainDance|[upkeep]\n|upkeep\n|inactive|LoSconosciuto has 60 seconds left.\n|\n|t:|1664122474\n|switch|p1a: Roserade|Roserade, L84, F|238\/238\n|turn|12\n|\n|t:|1664122478\n|move|p1a: Roserade|Toxic Spikes|p2a: Kyogre\n|-sidestart|p2: Javitu|move: Toxic Spikes\n|move|p2a: Kyogre|Scald|p1a: Roserade\n|-resisted|p1a: Roserade\n|-damage|p1a: Roserade|140\/238\n|\n|-weather|RainDance|[upkeep]\n|-heal|p1a: Roserade|154\/238|[from] item: Black Sludge\n|upkeep\n|turn|13\n|\n|t:|1664122487\n|move|p1a: Roserade|Hidden Power|p2a: Kyogre\n|-resisted|p2a: Kyogre\n|-damage|p2a: Kyogre|0 fnt\n|faint|p2a: Kyogre\n|\n|-weather|RainDance|[upkeep]\n|-heal|p1a: Roserade|168\/238|[from] item: Black Sludge\n|upkeep\n|\n|t:|1664122492\n|switch|p2a: Bruxish|Bruxish, L86, M|257\/257\n|-activate|p2a: Bruxish|move: Sticky Web\n|-unboost|p2a: Bruxish|spe|1\n|-damage|p2a: Bruxish|225\/257|[from] Stealth Rock\n|-status|p2a: Bruxish|psn\n|turn|14\n|\n|t:|1664122504\n|switch|p2a: Primeape|Primeape, L88, F|152\/258 frz\n|-activate|p2a: Primeape|move: Sticky Web\n|-unboost|p2a: Primeape|spe|1\n|-damage|p2a: Primeape|136\/258 frz|[from] Stealth Rock\n|move|p1a: Roserade|Leaf Storm|p2a: Primeape\n|-damage|p2a: Primeape|0 fnt\n|-unboost|p1a: Roserade|spa|2\n|faint|p2a: Primeape\n|\n|-weather|none\n|-heal|p1a: Roserade|182\/238|[from] item: Black Sludge\n|upkeep\n|\n|t:|1664122509\n|switch|p2a: Minior|Minior-Violet, L86|243\/243\n|-damage|p2a: Minior|183\/243|[from] Stealth Rock\n|-formechange|p2a: Minior|Minior-Meteor||[from] ability: Shields Down\n|turn|15\n|\n|t:|1664122517\n|switch|p1a: Slowbro|Slowbro, L84, F|297\/297\n|move|p2a: Minior|Shell Smash|p2a: Minior\n|-unboost|p2a: Minior|def|1\n|-unboost|p2a: Minior|spd|1\n|-boost|p2a: Minior|atk|2\n|-boost|p2a: Minior|spa|2\n|-boost|p2a: Minior|spe|2\n|-enditem|p2a: Minior|White Herb\n|-clearnegativeboost|p2a: Minior|[silent]\n|\n|upkeep\n|turn|16\n|inactive|LoSconosciuto has 90 seconds left.\n|\n|t:|1664122525\n|detailschange|p1a: Slowbro|Slowbro-Mega, L84, F\n|-mega|p1a: Slowbro|Slowbro|Slowbronite\n|move|p2a: Minior|Acrobatics|p1a: Slowbro\n|-damage|p1a: Slowbro|203\/297\n|move|p1a: Slowbro|Scald|p2a: Minior\n|-supereffective|p2a: Minior\n|-damage|p2a: Minior|0 fnt\n|faint|p2a: Minior\n|\n|upkeep\n|inactive|Javitu has 210 seconds left.\n|\n|t:|1664122533\n|switch|p2a: Sableye|Sableye, L80, M|185\/211\n|-activate|p2a: Sableye|move: Sticky Web\n|-unboost|p2a: Sableye|spe|1\n|-damage|p2a: Sableye|159\/211|[from] Stealth Rock\n|-status|p2a: Sableye|psn\n|turn|17\n|\n|t:|1664122542\n|move|p2a: Sableye|Calm Mind|p2a: Sableye\n|-boost|p2a: Sableye|spa|1\n|-boost|p2a: Sableye|spd|1\n|move|p1a: Slowbro|Scald|p2a: Sableye\n|-damage|p2a: Sableye|68\/211 psn\n|\n|-damage|p2a: Sableye|42\/211 psn|[from] psn\n|upkeep\n|turn|18\n|\n|t:|1664122545\n|move|p2a: Sableye|Recover|p2a: Sableye\n|-heal|p2a: Sableye|148\/211 psn\n|move|p1a: Slowbro|Scald|p2a: Sableye\n|-damage|p2a: Sableye|54\/211 psn\n|\n|-damage|p2a: Sableye|28\/211 psn|[from] psn\n|upkeep\n|turn|19\n|\n|t:|1664122548\n|move|p2a: Sableye|Recover|p2a: Sableye\n|-heal|p2a: Sableye|134\/211 psn\n|move|p1a: Slowbro|Scald|p2a: Sableye\n|-damage|p2a: Sableye|44\/211 psn\n|\n|-damage|p2a: Sableye|18\/211 psn|[from] psn\n|upkeep\n|turn|20\n|\n|t:|1664122551\n|move|p2a: Sableye|Recover|p2a: Sableye\n|-heal|p2a: Sableye|124\/211 psn\n|move|p1a: Slowbro|Scald|p2a: Sableye\n|-crit|p2a: Sableye\n|-damage|p2a: Sableye|0 fnt\n|faint|p2a: Sableye\n|\n|upkeep\n|c|\u2606LoSconosciuto|ggs\n|c|\u2606Javitu|well gg\n|c|\u2606Javitu|that freeze xd\n|inactive|Javitu has 240 seconds left.\n|-message|Javitu forfeited.\n|\n|win|LoSconosciuto\n|l|\u2606Javitu\n|l| diegoblu~\n|j| Ciro napoli\n|l|+TDR\n|j| is some dick\n|j| waffle2O22\n|l| waffle2O22\n|l| you are cringe\n|l| is some dick\n","inputlog":">version 806e56ea67f2f748d4b403b3f5b33d56e25d3f7a\n>start {\"formatid\":\"gen7randombattle@@@Max Team Size = 12,Picked Team Size = 6,Team Preview\",\"seed\":[12952,16828,33204,11150]}\n>player p1 {\"name\":\"LoSconosciuto\",\"avatar\":\"#teamgapdos\",\"rating\":0,\"seed\":[44030,36927,54070,56473]}\n>player p2 {\"name\":\"Javitu\",\"avatar\":\"lucy\",\"rating\":0,\"seed\":[64839,49245,25731,55504]}\n>chat \u2606LoSconosciuto|hf\n>p1 team 3, 12, 1, 8, 9, 2\n>p2 team 11, 12, 4, 1, 5, 8\n>p1 move icebeam\n>p2 switch 4\n>chat \u2606Javitu|oh great\n>chat +mammalu|lol\n>chat +mammalu|poor scimia\n>chat \u2606LoSconosciuto|this is skill\n>chat \u2606Javitu|i want to ff tbh\n>p1 switch 2\n>p2 move closecombat\n>p1 move stickyweb\n>p2 switch 4\n>p1 move stealthrock\n>p2 move substitute\n>p1 switch 2\n>p2 move jumpkick\n>p1 move icebeam\n>p2 move jumpkick\n>p1 move icebeam\n>p2 move hornleech\n>p1 switch 3\n>p1 move poisonjab\n>p2 move return\n>p2 switch 6\n>p1 switch 6\n>p2 move willowisp\n>p1 move quiverdance\n>p2 switch 2\n>p1 move bugbuzz zmove\n>p2 move scald\n>p1 switch 5\n>p1 move toxicspikes\n>p2 move scald\n>p1 move hiddenpower\n>p2 move scald\n>p2 switch 5\n>p1 move leafstorm\n>p2 switch 4\n>p2 switch 3\n>p1 switch 4\n>p2 move shellsmash\n>p1 move scald mega\n>p2 move acrobatics\n>p2 switch 2\n>p1 move scald\n>p2 move calmmind\n>p1 move scald\n>p2 move recover\n>p1 move scald\n>p2 move recover\n>p1 move scald\n>p2 move recover\n>chat \u2606LoSconosciuto|ggs\n>chat \u2606Javitu|well gg\n>chat \u2606Javitu|that freeze xd\n>forcelose p2","uploadtime":1664122664,"views":12,"p1id":"losconosciuto","p2id":"javitu","formatid":"gen7randombattle","rating":0,"private":0,"password":null}