{"id":"gen7ou-920653136","p1":"sexybucks","p2":"HQSFun","format":"gen7ou","log":"|j|\u2606sexybucks\n|j|\u2606HQSFun\n|player|p1|sexybucks|101\n|player|p2|HQSFun|260\n|teamsize|p1|6\n|teamsize|p2|6\n|gametype|singles\n|gen|7\n|tier|[Gen 7] OU\n|rated|\n|rule|Sleep Clause Mod: Limit one foe put to sleep\n|rule|Species Clause: Limit one of each Pok\u00e9mon\n|rule|OHKO Clause: OHKO moves are banned\n|rule|Moody Clause: Moody is banned\n|rule|Evasion Moves Clause: Evasion moves are banned\n|rule|Endless Battle Clause: Forcing endless battles is banned\n|rule|HP Percentage Mod: HP is shown in percentages\n|clearpoke\n|poke|p1|Tyranitar, M|item\n|poke|p1|Blacephalon|item\n|poke|p1|Tangrowth, F|item\n|poke|p1|Excadrill, M|item\n|poke|p1|Zapdos|item\n|poke|p1|Greninja, M|item\n|poke|p2|Medicham, F|item\n|poke|p2|Greninja, M|item\n|poke|p2|Kartana|item\n|poke|p2|Landorus-Therian, M|item\n|poke|p2|Magearna|item\n|poke|p2|Tapu Koko|item\n|teampreview\n|inactive|Battle timer is ON: inactive players will automatically lose when time's up. (requested by sexybucks)\n|inactive|HQSFun has 120 seconds left.\n|inactive|HQSFun has 90 seconds left.\n|\n|start\n|switch|p1a: Greninja|Greninja, M|286\/286\n|switch|p2a: Landorus|Landorus-Therian, M|382\/382\n|-ability|p2a: Landorus|Intimidate|boost\n|-unboost|p1a: Greninja|atk|1\n|turn|1\n|inactive|sexybucks has 120 seconds left.\n|\n|switch|p2a: Magearna|Magearna|363\/363\n|move|p1a: Greninja|Ice Beam|p2a: Magearna\n|-start|p1a: Greninja|typechange|Ice|[from] ability: Protean\n|-resisted|p2a: Magearna\n|-damage|p2a: Magearna|334\/363\n|\n|upkeep\n|turn|2\n|\n|switch|p1a: Excadrill|Excadrill, M|361\/361\n|-item|p1a: Excadrill|Air Balloon\n|move|p2a: Magearna|Hidden Power|p1a: Excadrill\n|-supereffective|p1a: Excadrill\n|-damage|p1a: Excadrill|141\/361\n|-enditem|p1a: Excadrill|Air Balloon\n|\n|upkeep\n|turn|3\n|\n|switch|p2a: Landorus|Landorus-Therian, M|382\/382\n|-ability|p2a: Landorus|Intimidate|boost\n|-unboost|p1a: Excadrill|atk|1\n|move|p1a: Excadrill|Iron Head|p2a: Landorus\n|-damage|p2a: Landorus|291\/382\n|\n|-heal|p2a: Landorus|314\/382|[from] item: Leftovers\n|upkeep\n|turn|4\n|\n|switch|p1a: Zapdos|Zapdos|383\/383\n|switch|p2a: Tapu Koko|Tapu Koko|281\/281\n|-fieldstart|move: Electric Terrain|[from] ability: Electric Surge|[of] p2a: Tapu Koko\n|\n|upkeep\n|turn|5\n|\n|switch|p1a: Tangrowth|Tangrowth, F|404\/404\n|move|p2a: Tapu Koko|U-turn|p1a: Tangrowth\n|-supereffective|p1a: Tangrowth\n|-damage|p1a: Tangrowth|298\/404\n|\n|switch|p2a: Magearna|Magearna|334\/363\n|\n|upkeep\n|turn|6\n|\n|move|p2a: Magearna|Ice Beam|p1a: Tangrowth\n|-supereffective|p1a: Tangrowth\n|-damage|p1a: Tangrowth|130\/404\n|move|p1a: Tangrowth|Knock Off|p2a: Magearna\n|-resisted|p2a: Magearna\n|-damage|p2a: Magearna|301\/363\n|-enditem|p2a: Magearna|Assault Vest|[from] move: Knock Off|[of] p1a: Tangrowth\n|\n|upkeep\n|turn|7\n|\n|switch|p1a: Excadrill|Excadrill, M|141\/361\n|move|p2a: Magearna|Volt Switch|p1a: Excadrill\n|-immune|p1a: Excadrill\n|\n|upkeep\n|turn|8\n|\n|switch|p1a: Greninja|Greninja, M|286\/286\n|switch|p2a: Landorus|Landorus-Therian, M|314\/382\n|-ability|p2a: Landorus|Intimidate|boost\n|-unboost|p1a: Greninja|atk|1\n|\n|-heal|p2a: Landorus|337\/382|[from] item: Leftovers\n|-fieldend|move: Electric Terrain\n|upkeep\n|turn|9\n|\n|switch|p2a: Magearna|Magearna|301\/363\n|move|p1a: Greninja|U-turn|p2a: Magearna\n|-start|p1a: Greninja|typechange|Bug|[from] ability: Protean\n|-resisted|p2a: Magearna\n|-damage|p2a: Magearna|287\/363\n|\n|switch|p1a: Blacephalon|Blacephalon|247\/247\n|\n|upkeep\n|turn|10\n|inactive|HQSFun has 120 seconds left.\n|inactive|HQSFun has 90 seconds left.\n|\n|move|p1a: Blacephalon|Fire Blast|p2a: Magearna|[miss]\n|-miss|p1a: Blacephalon|p2a: Magearna\n|move|p2a: Magearna|Volt Switch|p1a: Blacephalon\n|-damage|p1a: Blacephalon|150\/247\n|c|\u2606HQSFun|sorry\n|\n|switch|p2a: Greninja|Greninja, M|285\/285\n|\n|upkeep\n|turn|11\n|\n|switch|p1a: Tangrowth|Tangrowth, F|264\/404\n|move|p2a: Greninja|Dark Pulse|p1a: Tangrowth\n|-crit|p1a: Tangrowth\n|-damage|p1a: Tangrowth|71\/404\n|\n|upkeep\n|turn|12\n|\n|switch|p2a: Kartana|Kartana|259\/259\n|switch|p1a: Tyranitar|Tyranitar, M|341\/341\n|-weather|Sandstorm|[from] ability: Sand Stream|[of] p1a: Tyranitar\n|\n|-weather|Sandstorm|[upkeep]\n|upkeep\n|turn|13\n|\n|switch|p1a: Zapdos|Zapdos|383\/383\n|move|p2a: Kartana|Swords Dance|p2a: Kartana\n|-boost|p2a: Kartana|atk|2\n|\n|-weather|Sandstorm|[upkeep]\n|-damage|p1a: Zapdos|360\/383|[from] Sandstorm\n|upkeep\n|turn|14\n|\n|switch|p1a: Blacephalon|Blacephalon|150\/247\n|-zpower|p2a: Kartana\n|move|p2a: Kartana|Breakneck Blitz|p1a: Blacephalon|[zeffect]\n|-immune|p1a: Blacephalon\n|\n|-weather|Sandstorm|[upkeep]\n|-damage|p1a: Blacephalon|135\/247|[from] Sandstorm\n|upkeep\n|turn|15\n|\n|switch|p2a: Magearna|Magearna|287\/363\n|move|p1a: Blacephalon|Fire Blast|p2a: Magearna\n|-supereffective|p2a: Magearna\n|-damage|p2a: Magearna|0 fnt\n|faint|p2a: Magearna\n|-ability|p1a: Blacephalon|Beast Boost|boost\n|-boost|p1a: Blacephalon|spa|1\n|\n|-weather|Sandstorm|[upkeep]\n|-damage|p1a: Blacephalon|120\/247|[from] Sandstorm\n|upkeep\n|\n|switch|p2a: Greninja|Greninja, M|285\/285\n|turn|16\n|\n|switch|p1a: Greninja|Greninja, M|286\/286\n|move|p2a: Greninja|Dark Pulse|p1a: Greninja\n|-resisted|p1a: Greninja\n|-damage|p1a: Greninja|157\/286\n|\n|-weather|none\n|upkeep\n|turn|17\n|\n|switch|p2a: Landorus|Landorus-Therian, M|337\/382\n|-ability|p2a: Landorus|Intimidate|boost\n|-unboost|p1a: Greninja|atk|1\n|move|p1a: Greninja|U-turn|p2a: Landorus\n|-start|p1a: Greninja|typechange|Bug|[from] ability: Protean\n|-resisted|p2a: Landorus\n|-damage|p2a: Landorus|311\/382\n|\n|switch|p1a: Tangrowth|Tangrowth, F|205\/404\n|\n|-heal|p2a: Landorus|334\/382|[from] item: Leftovers\n|upkeep\n|turn|18\n|\n|switch|p1a: Zapdos|Zapdos|360\/383\n|move|p2a: Landorus|Stealth Rock|p1a: Zapdos\n|-sidestart|p1: sexybucks|move: Stealth Rock\n|\n|-heal|p2a: Landorus|357\/382|[from] item: Leftovers\n|upkeep\n|turn|19\n|\n|switch|p2a: Greninja|Greninja, M|285\/285\n|move|p1a: Zapdos|Defog|p2a: Greninja\n|-unboost|p2a: Greninja|evasion|1\n|-sideend|p1: sexybucks|Stealth Rock|[from] move: Defog|[of] p1a: Zapdos\n|\n|upkeep\n|turn|20\n|\n|move|p2a: Greninja|Hydro Pump|p1a: Zapdos\n|-damage|p1a: Zapdos|108\/383\n|move|p1a: Zapdos|Discharge|p2a: Greninja\n|-supereffective|p2a: Greninja\n|-damage|p2a: Greninja|0 fnt\n|faint|p2a: Greninja\n|\n|upkeep\n|\n|switch|p2a: Medicham|Medicham, F|261\/261\n|turn|21\n|\n|detailschange|p2a: Medicham|Medicham-Mega, F\n|-mega|p2a: Medicham|Medicham|Medichamite\n|move|p2a: Medicham|Thunder Punch|p1a: Zapdos\n|-damage|p1a: Zapdos|0 fnt\n|-damage|p2a: Medicham|218\/261|[from] item: Rocky Helmet|[of] p1a: Zapdos\n|-status|p2a: Medicham|par|[from] ability: Static|[of] p1a: Zapdos\n|faint|p1a: Zapdos\n|\n|upkeep\n|\n|switch|p1a: Blacephalon|Blacephalon|120\/247\n|turn|22\n|c|\u2606HQSFun|gg\n|\n|move|p1a: Blacephalon|Shadow Ball|p2a: Medicham\n|-supereffective|p2a: Medicham\n|-damage|p2a: Medicham|0 fnt\n|faint|p2a: Medicham\n|-ability|p1a: Blacephalon|Beast Boost|boost\n|-boost|p1a: Blacephalon|spa|1\n|\n|upkeep\n|\n|switch|p2a: Tapu Koko|Tapu Koko|281\/281\n|-fieldstart|move: Electric Terrain|[from] ability: Electric Surge|[of] p2a: Tapu Koko\n|turn|23\n|\n|switch|p1a: Excadrill|Excadrill, M|141\/361\n|move|p2a: Tapu Koko|Thunderbolt|p1a: Excadrill\n|-immune|p1a: Excadrill\n|\n|upkeep\n|turn|24\n|\n|switch|p2a: Landorus|Landorus-Therian, M|357\/382\n|-ability|p2a: Landorus|Intimidate|boost\n|-unboost|p1a: Excadrill|atk|1\n|move|p1a: Excadrill|Iron Head|p2a: Landorus\n|-damage|p2a: Landorus|270\/382\n|\n|-heal|p2a: Landorus|293\/382|[from] item: Leftovers\n|upkeep\n|turn|25\n|\n|switch|p1a: Tangrowth|Tangrowth, F|339\/404\n|move|p2a: Landorus|U-turn|p1a: Tangrowth\n|-supereffective|p1a: Tangrowth\n|-damage|p1a: Tangrowth|211\/404\n|\n|switch|p2a: Kartana|Kartana|259\/259\n|\n|upkeep\n|turn|26\n|\n|move|p2a: Kartana|Swords Dance|p2a: Kartana\n|-boost|p2a: Kartana|atk|2\n|move|p1a: Tangrowth|Hidden Power|p2a: Kartana\n|-damage|p2a: Kartana|145\/259\n|\n|upkeep\n|turn|27\n|\n|move|p2a: Kartana|Sacred Sword|p1a: Tangrowth\n|-damage|p1a: Tangrowth|0 fnt\n|faint|p1a: Tangrowth\n|-ability|p2a: Kartana|Beast Boost|boost\n|-boost|p2a: Kartana|atk|1\n|\n|-fieldend|move: Electric Terrain\n|upkeep\n|\n|switch|p1a: Greninja|Greninja, M|157\/286\n|turn|28\n|\n|move|p1a: Greninja|Ice Beam|p2a: Kartana\n|-start|p1a: Greninja|typechange|Ice|[from] ability: Protean\n|-damage|p2a: Kartana|0 fnt\n|faint|p2a: Kartana\n|\n|upkeep\n|\n|switch|p2a: Tapu Koko|Tapu Koko|281\/281\n|-fieldstart|move: Electric Terrain|[from] ability: Electric Surge|[of] p2a: Tapu Koko\n|turn|29\n|\n|switch|p1a: Tyranitar|Tyranitar, M|341\/341\n|-weather|Sandstorm|[from] ability: Sand Stream|[of] p1a: Tyranitar\n|move|p2a: Tapu Koko|Thunderbolt|p1a: Tyranitar\n|-damage|p1a: Tyranitar|214\/341\n|\n|-weather|Sandstorm|[upkeep]\n|-damage|p2a: Tapu Koko|264\/281|[from] Sandstorm\n|upkeep\n|turn|30\n|\n|switch|p2a: Landorus|Landorus-Therian, M|293\/382\n|-ability|p2a: Landorus|Intimidate|boost\n|-unboost|p1a: Tyranitar|atk|1\n|detailschange|p1a: Tyranitar|Tyranitar-Mega, M\n|-mega|p1a: Tyranitar|Tyranitar|Tyranitarite\n|move|p1a: Tyranitar|Ice Punch|p2a: Landorus\n|-supereffective|p2a: Landorus\n|-damage|p2a: Landorus|81\/382\n|\n|-weather|Sandstorm|[upkeep]\n|-heal|p2a: Landorus|104\/382|[from] item: Leftovers\n|upkeep\n|turn|31\n|\n|move|p1a: Tyranitar|Ice Punch|p2a: Landorus\n|-supereffective|p2a: Landorus\n|-damage|p2a: Landorus|0 fnt\n|faint|p2a: Landorus\n|\n|-weather|Sandstorm|[upkeep]\n|upkeep\n|\n|switch|p2a: Tapu Koko|Tapu Koko|264\/281\n|turn|32\n|\n|move|p2a: Tapu Koko|Dazzling Gleam|p1a: Tyranitar\n|-supereffective|p1a: Tyranitar\n|-damage|p1a: Tyranitar|86\/341\n|move|p1a: Tyranitar|Earthquake|p2a: Tapu Koko\n|-supereffective|p2a: Tapu Koko\n|-damage|p2a: Tapu Koko|62\/281\n|\n|-weather|Sandstorm|[upkeep]\n|-damage|p2a: Tapu Koko|45\/281|[from] Sandstorm\n|upkeep\n|turn|33\n|\n|move|p2a: Tapu Koko|Dazzling Gleam|p1a: Tyranitar\n|-supereffective|p1a: Tyranitar\n|-damage|p1a: Tyranitar|0 fnt\n|faint|p1a: Tyranitar\n|\n|-weather|none\n|-fieldend|move: Electric Terrain\n|upkeep\n|\n|switch|p1a: Blacephalon|Blacephalon|120\/247\n|turn|34\n|\n|move|p2a: Tapu Koko|Dazzling Gleam|p1a: Blacephalon\n|-resisted|p1a: Blacephalon\n|-damage|p1a: Blacephalon|51\/247\n|-zpower|p1a: Blacephalon\n|move|p1a: Blacephalon|Never-Ending Nightmare|p2a: Tapu Koko|[zeffect]\n|-damage|p2a: Tapu Koko|0 fnt\n|faint|p2a: Tapu Koko\n|\n|win|sexybucks\n","uploadtime":1559449053,"views":6,"p1id":"sexybucks","p2id":"hqsfun","formatid":"gen7ou","rating":0,"private":0,"password":null}