{"id":"gen7oususpecttest-552737919","p1":"Gotham Paladin","p2":"split beast","format":"gen7oususpecttest","log":"|j|Gotham Paladin\n|j|split beast\n|player|p1|Gotham Paladin|283\n|player|p2|split beast|1\n|gametype|singles\n|gen|7\n|tier|[Gen 7] OU (suspect test)\n|rated\n|seed|48020,57921,30114,35677\n|rule|Sleep Clause Mod: Limit one foe put to sleep\n|rule|Species Clause: Limit one of each Pok\u00e9mon\n|rule|OHKO Clause: OHKO moves are banned\n|rule|Moody Clause: Moody is banned\n|rule|Evasion Moves Clause: Evasion moves are banned\n|rule|Endless Battle Clause: Forcing endless battles is banned\n|rule|HP Percentage Mod: HP is shown in percentages\n|clearpoke\n|poke|p1|Volcarona, F|item\n|poke|p1|Dugtrio, F|item\n|poke|p1|Scizor, F|item\n|poke|p1|Landorus-Therian, M|item\n|poke|p1|Magearna|item\n|poke|p1|Kyurem-Black|item\n|poke|p2|Mew|item\n|poke|p2|Togekiss, F|item\n|poke|p2|Klefki, M|item\n|poke|p2|Victini|item\n|poke|p2|Kyurem-Black|item\n|poke|p2|Jirachi, shiny|item\n|rule|Baton Pass Clause: Limit one Baton Passer, can't pass Spe and other stats simultaneously\n|teampreview\n|c|\u2606split beast|lol\n|c|\u2606split beast|voiced player\n|choice|team 5, team 2, team 3, team 4, team 1, team 6|team 4, team 2, team 3, team 1, team 5, team 6\n|\n|start\n|switch|p1a: Magearna|Magearna|364\/364\n|switch|p2a: Victini|Victini|404\/404\n|turn|1\n|choice|switch 4|move finalgambit\n|\n|switch|p1a: Landorus|Landorus-Therian, M|382\/382\n|-ability|p1a: Landorus|Intimidate|boost\n|-unboost|p2a: Victini|atk|1\n|move|p2a: Victini|Final Gambit|p1a: Landorus\n|-damage|p1a: Landorus|0 fnt\n|faint|p2a: Victini\n|faint|p1a: Landorus\n|\n|upkeep\n|choice|switch 6|switch 2\n|\n|switch|p1a: Kyurem|Kyurem-Black|392\/392\n|switch|p2a: Togekiss|Togekiss, F|311\/311\n|-ability|p1a: Kyurem|Teravolt\n|turn|2\n|j|Tapu Buu\n|choice|switch 2|move trick\n|\n|switch|p1a: Dugtrio|Dugtrio, F|211\/211\n|move|p2a: Togekiss|Trick|p1a: Dugtrio\n|-activate|p2a: Togekiss|move: Trick|[of] p1a: Dugtrio\n|-item|p1a: Dugtrio|Choice Scarf|[from] move: Trick\n|-item|p2a: Togekiss|Choice Scarf|[from] move: Trick\n|\n|upkeep\n|turn|3\n|choice|switch 3|switch 3\n|\n|switch|p1a: Scizor|Scizor, F|343\/343\n|switch|p2a: Klefki|Klefki, M|318\/318\n|\n|upkeep\n|turn|4\n|choice|move uturn mega|move lightscreen\n|\n|detailschange|p1a: Scizor|Scizor-Mega, F\n|-mega|p1a: Scizor|Scizor|Scizorite\n|move|p2a: Klefki|Light Screen|p2a: Klefki\n|-sidestart|p2: split beast|move: Light Screen\n|move|p1a: Scizor|U-turn|p2a: Klefki\n|-resisted|p2a: Klefki\n|-damage|p2a: Klefki|294\/318\n|choice|switch 3|\n|\n|switch|p1a: Dugtrio|Dugtrio, F|211\/211\n|\n|upkeep\n|turn|5\n|choice|move earthquake|move reflect\n|\n|move|p2a: Klefki|Reflect|p2a: Klefki\n|-sidestart|p2: split beast|Reflect\n|move|p1a: Dugtrio|Earthquake|p2a: Klefki\n|-supereffective|p2a: Klefki\n|-damage|p2a: Klefki|174\/318\n|\n|upkeep\n|turn|6\n|choice|move earthquake|move reflect\n|\n|move|p2a: Klefki|Reflect|p2a: Klefki\n|-fail|p2a: Klefki\n|move|p1a: Dugtrio|Earthquake|p2a: Klefki\n|-supereffective|p2a: Klefki\n|-damage|p2a: Klefki|65\/318\n|\n|upkeep\n|turn|7\n|j|Delibird=Santa\n|choice|move earthquake|move fairylock\n|\n|move|p2a: Klefki|Fairy Lock|p2a: Klefki\n|-activate|Battle: gen7oususpecttest|move: Fairy Lock\n|move|p1a: Dugtrio|Earthquake|p2a: Klefki\n|-supereffective|p2a: Klefki\n|-damage|p2a: Klefki|0 fnt\n|faint|p2a: Klefki\n|\n|upkeep\n|choice||switch 4\n|\n|switch|p2a: Mew|Mew|404\/404\n|turn|8\n|l|Delibird=Santa\n|choice|move earthquake|move block\n|\n|move|p1a: Dugtrio|Earthquake|p2a: Mew\n|-damage|p2a: Mew|347\/404\n|move|p2a: Mew|Block|p1a: Dugtrio\n|-activate|p1a: Dugtrio|trapped\n|\n|upkeep\n|turn|9\n|choice|move earthquake|move bulkup\n|\n|move|p1a: Dugtrio|Earthquake|p2a: Mew\n|-damage|p2a: Mew|292\/404\n|move|p2a: Mew|Bulk Up|p2a: Mew\n|-boost|p2a: Mew|atk|1\n|-boost|p2a: Mew|def|1\n|\n|upkeep\n|turn|10\n|choice|move earthquake|move bulkup\n|\n|move|p1a: Dugtrio|Earthquake|p2a: Mew\n|-damage|p2a: Mew|250\/404\n|move|p2a: Mew|Bulk Up|p2a: Mew\n|-boost|p2a: Mew|atk|1\n|-boost|p2a: Mew|def|1\n|\n|upkeep\n|turn|11\n|choice|move earthquake|move roost\n|\n|move|p1a: Dugtrio|Earthquake|p2a: Mew\n|-damage|p2a: Mew|219\/404\n|move|p2a: Mew|Roost|p2a: Mew\n|-heal|p2a: Mew|404\/404\n|\n|-sideend|p2: split beast|move: Light Screen\n|upkeep\n|turn|12\n|choice|move earthquake|move bulkup\n|\n|move|p1a: Dugtrio|Earthquake|p2a: Mew\n|-damage|p2a: Mew|372\/404\n|move|p2a: Mew|Bulk Up|p2a: Mew\n|-boost|p2a: Mew|atk|1\n|-boost|p2a: Mew|def|1\n|\n|-sideend|p2: split beast|Reflect\n|upkeep\n|turn|13\n|choice|move earthquake|move bulkup\n|\n|move|p1a: Dugtrio|Earthquake|p2a: Mew\n|-damage|p2a: Mew|326\/404\n|move|p2a: Mew|Bulk Up|p2a: Mew\n|-boost|p2a: Mew|atk|1\n|-boost|p2a: Mew|def|1\n|\n|upkeep\n|turn|14\n|c| Tapu Buu|when u get out memed..\n|choice|move earthquake|move roost\n|\n|move|p1a: Dugtrio|Earthquake|p2a: Mew\n|-damage|p2a: Mew|283\/404\n|move|p2a: Mew|Roost|p2a: Mew\n|-heal|p2a: Mew|404\/404\n|\n|upkeep\n|turn|15\n|choice|move earthquake|move bulkup\n|\n|move|p1a: Dugtrio|Earthquake|p2a: Mew\n|-damage|p2a: Mew|362\/404\n|move|p2a: Mew|Bulk Up|p2a: Mew\n|-boost|p2a: Mew|atk|1\n|-boost|p2a: Mew|def|1\n|\n|upkeep\n|turn|16\n|choice|move earthquake|move roost\n|\n|move|p1a: Dugtrio|Earthquake|p2a: Mew\n|-damage|p2a: Mew|326\/404\n|move|p2a: Mew|Roost|p2a: Mew\n|-heal|p2a: Mew|404\/404\n|\n|upkeep\n|turn|17\n|choice|move earthquake|move bulkup\n|\n|move|p1a: Dugtrio|Earthquake|p2a: Mew\n|-crit|p2a: Mew\n|-damage|p2a: Mew|223\/404\n|move|p2a: Mew|Bulk Up|p2a: Mew\n|-boost|p2a: Mew|atk|1\n|-boost|p2a: Mew|def|1\n|\n|upkeep\n|turn|18\n|choice|move earthquake|move roost\n|\n|move|p1a: Dugtrio|Earthquake|p2a: Mew\n|-damage|p2a: Mew|192\/404\n|move|p2a: Mew|Roost|p2a: Mew\n|-heal|p2a: Mew|394\/404\n|\n|upkeep\n|turn|19\n|c| Tapu Buu|x.....\n|choice|move earthquake|move roost\n|\n|move|p1a: Dugtrio|Earthquake|p2a: Mew\n|-damage|p2a: Mew|363\/404\n|move|p2a: Mew|Roost|p2a: Mew\n|-heal|p2a: Mew|404\/404\n|\n|upkeep\n|turn|20\n|choice|move earthquake|move roost\n|\n|move|p1a: Dugtrio|Earthquake|p2a: Mew\n|-damage|p2a: Mew|370\/404\n|move|p2a: Mew|Roost|p2a: Mew\n|-heal|p2a: Mew|404\/404\n|\n|upkeep\n|turn|21\n|j|ombudsman\n|choice|move struggle|move block\n|\n|-activate|p1a: Dugtrio|move: Struggle\n|move|p1a: Dugtrio|Struggle|p2a: Mew\n|-damage|p2a: Mew|394\/404\n|-damage|p1a: Dugtrio|158\/211|[from] recoil\n|move|p2a: Mew|Block|p1a: Dugtrio\n|-fail|p1a: Dugtrio\n|\n|upkeep\n|turn|22\n|choice|move struggle|move batonpass\n|\n|-activate|p1a: Dugtrio|move: Struggle\n|move|p1a: Dugtrio|Struggle|p2a: Mew\n|-damage|p2a: Mew|383\/404\n|-damage|p1a: Dugtrio|105\/211|[from] recoil\n|move|p2a: Mew|Baton Pass|p2a: Mew\n|j|Alisaie\n|choice||switch 5\n|\n|switch|p2a: Kyurem|Kyurem-Black|405\/405\n|-ability|p2a: Kyurem|Teravolt\n|\n|upkeep\n|turn|23\n|choice|move struggle|move substitute\n|\n|-activate|p1a: Dugtrio|move: Struggle\n|move|p1a: Dugtrio|Struggle|p2a: Kyurem\n|-damage|p2a: Kyurem|392\/405\n|-damage|p1a: Dugtrio|52\/211|[from] recoil\n|move|p2a: Kyurem|Substitute|p2a: Kyurem\n|-start|p2a: Kyurem|Substitute\n|-damage|p2a: Kyurem|291\/405\n|\n|upkeep\n|turn|24\n|choice|move struggle|move roost\n|\n|-activate|p1a: Dugtrio|move: Struggle\n|move|p1a: Dugtrio|Struggle|p2a: Kyurem\n|-activate|p2a: Kyurem|move: Substitute|[damage]\n|-damage|p1a: Dugtrio|0 fnt|[from] recoil\n|faint|p1a: Dugtrio\n|move|p2a: Kyurem|Roost|p2a: Kyurem\n|-heal|p2a: Kyurem|405\/405\n|\n|upkeep\n|j|capn23cook\n|c|\u2606split beast|lol\n|choice|switch 4|\n|\n|switch|p1a: Magearna|Magearna|364\/364\n|turn|25\n|choice|move flashcannon|move fusionbolt\n|\n|move|p2a: Kyurem|Fusion Bolt|p1a: Magearna\n|-damage|p1a: Magearna|0 fnt\n|faint|p1a: Magearna\n|\n|upkeep\n|choice|switch 3|\n|\n|switch|p1a: Scizor|Scizor-Mega, F|343\/343\n|turn|26\n|choice|move bulletpunch|move fusionbolt\n|\n|move|p1a: Scizor|Bullet Punch|p2a: Kyurem\n|-supereffective|p2a: Kyurem\n|-activate|p2a: Kyurem|move: Substitute|[damage]\n|move|p2a: Kyurem|Fusion Bolt|p1a: Scizor\n|-damage|p1a: Scizor|0 fnt\n|faint|p1a: Scizor\n|\n|upkeep\n|-message|Gotham Paladin forfeited.\n|\n|win|split beast\n|l|Gotham Paladin\n|raw|Gotham Paladin's rating: 1183 &rarr; <strong>1155<\/strong><br \/>(-28 for losing)\n|raw|split beast's rating: 1139 &rarr; <strong>1167<\/strong><br \/>(+28 for winning)\n|c|\u2606split beast|lol","inputlog":null,"uploadtime":1490517916,"views":7,"p1id":"gothampaladin","p2id":"splitbeast","formatid":"gen7oususpecttest","rating":1155,"private":0,"password":null}