{"id":"gen7ou-818563581","p1":"Raelonus","p2":"Toxabelle","format":"gen7ou","log":"|j|\u2606Raelonus\n|j|\u2606Toxabelle\n|player|p1|Raelonus|2\n|player|p2|Toxabelle|265\n|teamsize|p1|6\n|teamsize|p2|6\n|gametype|singles\n|gen|7\n|tier|[Gen 7] OU\n|rated|\n|rule|Sleep Clause Mod: Limit one foe put to sleep\n|rule|Species Clause: Limit one of each Pok\u00e9mon\n|rule|OHKO Clause: OHKO moves are banned\n|rule|Moody Clause: Moody is banned\n|rule|Evasion Moves Clause: Evasion moves are banned\n|rule|Endless Battle Clause: Forcing endless battles is banned\n|rule|HP Percentage Mod: HP is shown in percentages\n|clearpoke\n|poke|p1|Pelipper, M|item\n|poke|p1|Swampert, M|item\n|poke|p1|Kingdra, M|item\n|poke|p1|Tapu Koko|item\n|poke|p1|Hawlucha, M|item\n|poke|p1|Ferrothorn, M|item\n|poke|p2|Clefable, M|item\n|poke|p2|Gliscor, F|item\n|poke|p2|Tyranitar, M|item\n|poke|p2|Ferrothorn, M|item\n|poke|p2|Tornadus-Therian, M|item\n|poke|p2|Magnezone|item\n|teampreview\n|inactive|Battle timer is ON: inactive players will automatically lose when time's up. (requested by Toxabelle)\n|\n|start\n|switch|p1a: Pelipper|Pelipper, M|100\/100\n|switch|p2a: Ferrothorn|Ferrothorn, M|100\/100\n|-weather|RainDance|[from] ability: Drizzle|[of] p1a: Pelipper\n|turn|1\n|\n|switch|p1a: Ferrothorn|Ferrothorn, M, shiny|100\/100\n|move|p2a: Ferrothorn|Spikes|p1a: Ferrothorn\n|-sidestart|p1: Raelonus|Spikes\n|\n|-weather|RainDance|[upkeep]\n|upkeep\n|turn|2\n|\n|move|p2a: Ferrothorn|Spikes|p1a: Ferrothorn\n|-sidestart|p1: Raelonus|Spikes\n|move|p1a: Ferrothorn|Spikes|p2a: Ferrothorn\n|-sidestart|p2: Toxabelle|Spikes\n|\n|-weather|RainDance|[upkeep]\n|upkeep\n|turn|3\n|\n|move|p1a: Ferrothorn|Spikes|p2a: Ferrothorn\n|-sidestart|p2: Toxabelle|Spikes\n|move|p2a: Ferrothorn|Spikes|p1a: Ferrothorn\n|-sidestart|p1: Raelonus|Spikes\n|\n|-weather|RainDance|[upkeep]\n|upkeep\n|turn|4\n|\n|switch|p2a: Clefable|Clefable, M|100\/100\n|move|p1a: Ferrothorn|Spikes|p2a: Clefable\n|-sidestart|p2: Toxabelle|Spikes\n|\n|-weather|RainDance|[upkeep]\n|upkeep\n|turn|5\n|\n|switch|p1a: Swampert|Swampert, M|100\/100\n|-damage|p1a: Swampert|76\/100|[from] Spikes\n|move|p2a: Clefable|Moonblast|p1a: Swampert\n|-damage|p1a: Swampert|41\/100\n|\n|-weather|RainDance|[upkeep]\n|upkeep\n|turn|6\n|\n|detailschange|p1a: Swampert|Swampert-Mega, M\n|-mega|p1a: Swampert|Swampert|Swampertite\n|move|p1a: Swampert|Waterfall|p2a: Clefable\n|-damage|p2a: Clefable|41\/100\n|move|p2a: Clefable|Soft-Boiled|p2a: Clefable\n|-heal|p2a: Clefable|91\/100\n|\n|-weather|RainDance|[upkeep]\n|-heal|p2a: Clefable|97\/100|[from] item: Leftovers\n|upkeep\n|turn|7\n|j| pika2333\n|\n|move|p1a: Swampert|Waterfall|p2a: Clefable\n|-damage|p2a: Clefable|35\/100\n|move|p2a: Clefable|Soft-Boiled|p2a: Clefable\n|-heal|p2a: Clefable|85\/100\n|\n|-weather|RainDance|[upkeep]\n|-heal|p2a: Clefable|92\/100|[from] item: Leftovers\n|upkeep\n|turn|8\n|\n|move|p1a: Swampert|Waterfall|p2a: Clefable\n|-damage|p2a: Clefable|31\/100\n|move|p2a: Clefable|Soft-Boiled|p2a: Clefable\n|-heal|p2a: Clefable|81\/100\n|\n|-weather|none\n|-heal|p2a: Clefable|87\/100|[from] item: Leftovers\n|upkeep\n|turn|9\n|\n|move|p1a: Swampert|Waterfall|p2a: Clefable\n|-damage|p2a: Clefable|50\/100\n|move|p2a: Clefable|Soft-Boiled|p2a: Clefable\n|-heal|p2a: Clefable|99\/100\n|\n|-heal|p2a: Clefable|100\/100|[from] item: Leftovers\n|upkeep\n|turn|10\n|\n|move|p1a: Swampert|Stealth Rock|p2a: Clefable\n|-sidestart|p2: Toxabelle|move: Stealth Rock\n|move|p2a: Clefable|Calm Mind|p2a: Clefable\n|-boost|p2a: Clefable|spa|1\n|-boost|p2a: Clefable|spd|1\n|\n|upkeep\n|turn|11\n|\n|switch|p1a: Pelipper|Pelipper, M|100\/100\n|-weather|RainDance|[from] ability: Drizzle|[of] p1a: Pelipper\n|move|p2a: Clefable|Calm Mind|p2a: Clefable\n|-boost|p2a: Clefable|spa|1\n|-boost|p2a: Clefable|spd|1\n|\n|-weather|RainDance|[upkeep]\n|upkeep\n|turn|12\n|\n|move|p1a: Pelipper|Scald|p2a: Clefable\n|-damage|p2a: Clefable|81\/100\n|move|p2a: Clefable|Moonblast|p1a: Pelipper\n|-damage|p1a: Pelipper|35\/100\n|\n|-weather|RainDance|[upkeep]\n|-heal|p2a: Clefable|87\/100|[from] item: Leftovers\n|upkeep\n|turn|13\n|\n|switch|p1a: Ferrothorn|Ferrothorn, M, shiny|100\/100\n|-damage|p1a: Ferrothorn|75\/100|[from] Spikes\n|move|p2a: Clefable|Soft-Boiled|p2a: Clefable\n|-heal|p2a: Clefable|100\/100\n|\n|-weather|RainDance|[upkeep]\n|-heal|p1a: Ferrothorn|82\/100|[from] item: Leftovers\n|upkeep\n|turn|14\n|\n|move|p2a: Clefable|Moonblast|p1a: Ferrothorn\n|-resisted|p1a: Ferrothorn\n|-damage|p1a: Ferrothorn|62\/100\n|move|p1a: Ferrothorn|Gyro Ball|p2a: Clefable\n|-supereffective|p2a: Clefable\n|-damage|p2a: Clefable|48\/100\n|\n|-weather|RainDance|[upkeep]\n|-heal|p2a: Clefable|54\/100|[from] item: Leftovers\n|-heal|p1a: Ferrothorn|69\/100|[from] item: Leftovers\n|upkeep\n|turn|15\n|\n|move|p2a: Clefable|Moonblast|p1a: Ferrothorn\n|-resisted|p1a: Ferrothorn\n|-damage|p1a: Ferrothorn|46\/100\n|move|p1a: Ferrothorn|Gyro Ball|p2a: Clefable\n|-supereffective|p2a: Clefable\n|-damage|p2a: Clefable|8\/100\n|\n|-weather|RainDance|[upkeep]\n|-heal|p2a: Clefable|14\/100|[from] item: Leftovers\n|-heal|p1a: Ferrothorn|52\/100|[from] item: Leftovers\n|upkeep\n|turn|16\n|\n|switch|p1a: Swampert|Swampert-Mega, M|41\/100\n|-damage|p1a: Swampert|16\/100|[from] Spikes\n|move|p2a: Clefable|Soft-Boiled|p2a: Clefable\n|-heal|p2a: Clefable|64\/100\n|\n|-weather|RainDance|[upkeep]\n|-heal|p2a: Clefable|70\/100|[from] item: Leftovers\n|upkeep\n|turn|17\n|\n|switch|p2a: Ferrothorn|Ferrothorn, M|100\/100\n|-damage|p2a: Ferrothorn|94\/100|[from] Stealth Rock\n|-damage|p2a: Ferrothorn|69\/100|[from] Spikes\n|move|p1a: Swampert|Waterfall|p2a: Ferrothorn\n|-resisted|p2a: Ferrothorn\n|-damage|p2a: Ferrothorn|41\/100\n|-damage|p1a: Swampert|4\/100|[from] ability: Iron Barbs|[of] p2a: Ferrothorn\n|\n|-weather|RainDance|[upkeep]\n|-heal|p2a: Ferrothorn|47\/100|[from] item: Leftovers\n|upkeep\n|turn|18\n|j| Mengy \u32db\n|\n|move|p1a: Swampert|Waterfall|p2a: Ferrothorn\n|-resisted|p2a: Ferrothorn\n|-damage|p2a: Ferrothorn|19\/100\n|-damage|p1a: Swampert|0 fnt|[from] ability: Iron Barbs|[of] p2a: Ferrothorn\n|faint|p1a: Swampert\n|move|p2a: Ferrothorn|Gyro Ball|p1: Swampert|[notarget]\n|-notarget\n|\n|-weather|none\n|-heal|p2a: Ferrothorn|25\/100|[from] item: Leftovers\n|upkeep\n|\n|switch|p1a: Tapu Koko|Tapu Koko, shiny|100\/100\n|-damage|p1a: Tapu Koko|76\/100|[from] Spikes\n|-fieldstart|move: Electric Terrain|[from] ability: Electric Surge|[of] p1a: Tapu Koko\n|turn|19\n|\n|move|p1a: Tapu Koko|Thunder|p2a: Ferrothorn\n|-resisted|p2a: Ferrothorn\n|-damage|p2a: Ferrothorn|3\/100\n|-status|p2a: Ferrothorn|par\n|move|p2a: Ferrothorn|Gyro Ball|p1a: Tapu Koko\n|-damage|p1a: Tapu Koko|5\/100\n|\n|-heal|p2a: Ferrothorn|9\/100 par|[from] item: Leftovers\n|upkeep\n|turn|20\n|\n|move|p1a: Tapu Koko|U-turn|p2a: Ferrothorn\n|-damage|p2a: Ferrothorn|0 fnt\n|-damage|p1a: Tapu Koko|0 fnt|[from] ability: Iron Barbs|[of] p2a: Ferrothorn\n|faint|p2a: Ferrothorn\n|faint|p1a: Tapu Koko\n|\n|upkeep\n|\n|switch|p1a: Hawlucha|Hawlucha, M|100\/100\n|switch|p2a: Clefable|Clefable, M|70\/100\n|-enditem|p1a: Hawlucha|Electric Seed\n|-boost|p1a: Hawlucha|def|1\n|turn|21\n|\n|move|p1a: Hawlucha|Swords Dance|p1a: Hawlucha\n|-boost|p1a: Hawlucha|atk|2\n|move|p2a: Clefable|Moonblast|p1a: Hawlucha\n|-supereffective|p1a: Hawlucha\n|-damage|p1a: Hawlucha|14\/100\n|-unboost|p1a: Hawlucha|spa|1\n|\n|-heal|p2a: Clefable|76\/100|[from] item: Leftovers\n|upkeep\n|turn|22\n|\n|move|p1a: Hawlucha|Acrobatics|p2a: Clefable\n|-damage|p2a: Clefable|1\/100\n|move|p2a: Clefable|Moonblast|p1a: Hawlucha\n|-supereffective|p1a: Hawlucha\n|-damage|p1a: Hawlucha|0 fnt\n|faint|p1a: Hawlucha\n|\n|-heal|p2a: Clefable|7\/100|[from] item: Leftovers\n|upkeep\n|\n|switch|p1a: Pelipper|Pelipper, M|35\/100\n|-weather|RainDance|[from] ability: Drizzle|[of] p1a: Pelipper\n|turn|23\n|\n|move|p1a: Pelipper|Scald|p2a: Clefable\n|-crit|p2a: Clefable\n|-damage|p2a: Clefable|0 fnt\n|faint|p2a: Clefable\n|\n|-weather|RainDance|[upkeep]\n|-fieldend|move: Electric Terrain\n|upkeep\n|\n|switch|p2a: Tornadus|Tornadus-Therian, M|100\/100\n|-damage|p2a: Tornadus|76\/100|[from] Stealth Rock\n|turn|24\n|\n|switch|p1a: Ferrothorn|Ferrothorn, M, shiny|52\/100\n|-damage|p1a: Ferrothorn|27\/100|[from] Spikes\n|move|p2a: Tornadus|Hurricane|p1a: Ferrothorn\n|-damage|p1a: Ferrothorn|0 fnt\n|faint|p1a: Ferrothorn\n|\n|-weather|RainDance|[upkeep]\n|upkeep\n|\n|switch|p1a: Kingdra|Kingdra, M|100\/100\n|-damage|p1a: Kingdra|76\/100|[from] Spikes\n|turn|25\n|\n|switch|p2a: Gliscor|Gliscor, F|100\/100\n|-damage|p2a: Gliscor|88\/100|[from] Stealth Rock\n|move|p1a: Kingdra|Hydro Pump|p2a: Gliscor\n|-supereffective|p2a: Gliscor\n|-damage|p2a: Gliscor|0 fnt\n|faint|p2a: Gliscor\n|\n|-weather|RainDance|[upkeep]\n|upkeep\n|\n|switch|p2a: Tyranitar|Tyranitar, M|100\/100\n|-damage|p2a: Tyranitar|76\/100|[from] Spikes\n|-damage|p2a: Tyranitar|63\/100|[from] Stealth Rock\n|-weather|Sandstorm|[from] ability: Sand Stream|[of] p2a: Tyranitar\n|turn|26\n|\n|switch|p2a: Magnezone|Magnezone|100\/100\n|-damage|p2a: Magnezone|76\/100|[from] Spikes\n|-damage|p2a: Magnezone|70\/100|[from] Stealth Rock\n|move|p1a: Kingdra|Hydro Pump|p2a: Magnezone\n|-damage|p2a: Magnezone|0 fnt\n|faint|p2a: Magnezone\n|\n|-weather|Sandstorm|[upkeep]\n|-damage|p1a: Kingdra|70\/100|[from] Sandstorm\n|upkeep\n|\n|switch|p2a: Tornadus|Tornadus-Therian, M|100\/100\n|-damage|p2a: Tornadus|76\/100|[from] Stealth Rock\n|turn|27\n|\n|-zpower|p2a: Tornadus\n|move|p2a: Tornadus|Supersonic Skystrike|p1a: Kingdra|[zeffect]\n|-damage|p1a: Kingdra|0 fnt\n|faint|p1a: Kingdra\n|\n|-weather|Sandstorm|[upkeep]\n|-damage|p2a: Tornadus|70\/100|[from] Sandstorm\n|upkeep\n|-message|Raelonus forfeited.\n|\n|win|Toxabelle\n|l|\u2606Raelonus\n|raw|Raelonus's rating: 1906 &rarr; <strong>1882<\/strong><br \/>(-24 for losing)\n|raw|Toxabelle's rating: 1842 &rarr; <strong>1866<\/strong><br \/>(+24 for winning)\n|c|\u2606Toxabelle|gg\n|l|\u2606Toxabelle\n|l| pika2333\n","uploadtime":1539232686,"views":63,"p1id":"raelonus","p2id":"toxabelle","formatid":"gen7ou","rating":1866,"private":0,"password":null}