{"id":"gen7ubers-969472943","p1":"DomTom22","p2":"Walletinspector62","format":"gen7ubers","log":"|j|\u2606DomTom22\n|j|\u2606Walletinspector62\n|player|p1|DomTom22|92|\n|player|p2|Walletinspector62|169|\n|teamsize|p1|6\n|teamsize|p2|6\n|gametype|singles\n|gen|7\n|tier|[Gen 7] Ubers\n|rule|Sleep Clause Mod: Limit one foe put to sleep\n|rule|Species Clause: Limit one of each Pok\u00e9mon\n|rule|OHKO Clause: OHKO moves are banned\n|rule|Moody Clause: Moody is banned\n|rule|Evasion Moves Clause: Evasion moves are banned\n|rule|Endless Battle Clause: Forcing endless battles is banned\n|rule|HP Percentage Mod: HP is shown in percentages\n|clearpoke\n|poke|p1|Palkia|item\n|poke|p1|Magearna|item\n|poke|p1|Drampa, M|item\n|poke|p1|Audino, F|item\n|poke|p1|Vikavolt, F|item\n|poke|p1|Necrozma-Dusk-Mane|item\n|poke|p2|Groudon|item\n|poke|p2|Quagsire, F|item\n|poke|p2|Rayquaza|item\n|poke|p2|Tapu Lele|item\n|poke|p2|Hawlucha, M|item\n|poke|p2|Porygon2|item\n|rule|Mega Rayquaza Clause: You cannot mega evolve Rayquaza\n|teampreview\n|c|\u2606Walletinspector62|Glhf\n|j| holy pea\n|c|\u2606DomTom22|gl!\n|c|\u2606DomTom22|one sec\n|c| holy pea|you worried bout groudon\n|c|\u2606DomTom22|very\n|c| holy pea|that lucha bouta sweep you lmao\n|c| holy pea|it's 88 btw\n|\n|start\n|switch|p1a: Audino|Audino, F|100\/100\n|switch|p2a: Alice|Tapu Lele|100\/100\n|-fieldstart|move: Psychic Terrain|[from] ability: Psychic Surge|[of] p2a: Alice\n|turn|1\n|j| Dyslexic Battler\n|\n|move|p2a: Alice|Light Screen|p2a: Alice\n|-sidestart|p2: Walletinspector62|move: Light Screen\n|move|p1a: Audino|Trick Room|p1a: Audino\n|-fieldstart|move: Trick Room|[of] p1a: Audino\n|\n|upkeep\n|turn|2\n|\n|switch|p1a: Magearna|Magearna|100\/100\n|move|p2a: Alice|Reflect|p2a: Alice\n|-sidestart|p2: Walletinspector62|Reflect\n|\n|upkeep\n|turn|3\n|\n|move|p1a: Magearna|Flash Cannon|p2a: Alice\n|-supereffective|p2a: Alice\n|-damage|p2a: Alice|30\/100\n|move|p2a: Alice|Psychic|p1a: Magearna\n|-resisted|p1a: Magearna\n|-damage|p1a: Magearna|70\/100\n|\n|upkeep\n|turn|4\n|c|\u2606DomTom22|mad respect for that lele set\n|\n|move|p1a: Magearna|Flash Cannon|p2a: Alice\n|-supereffective|p2a: Alice\n|-damage|p2a: Alice|0 fnt\n|faint|p2a: Alice\n|-ability|p1a: Magearna|Soul-Heart|boost\n|-boost|p1a: Magearna|spa|1\n|\n|upkeep\n|\n|switch|p2a: Jack Black|Hawlucha, M, shiny|100\/100\n|-enditem|p2a: Jack Black|Psychic Seed\n|-boost|p2a: Jack Black|spd|1\n|turn|5\n|c| Dyslexic Battler|~~lucha lives bet~~\n|c|\u2606Walletinspector62|That\u2019s specs for sure\n|c| holy pea|lucha bout to protect\n|c|\u2606DomTom22|it should lol\n|\n|move|p1a: Magearna|Flash Cannon|p2a: Jack Black\n|-damage|p2a: Jack Black|42\/100\n|move|p2a: Jack Black|Swords Dance|p2a: Jack Black\n|-boost|p2a: Jack Black|atk|2\n|\n|-fieldend|move: Psychic Terrain\n|-fieldend|move: Trick Room\n|upkeep\n|turn|6\n|c| Dyslexic Battler|wheres this mans fleur cannon\n|\n|move|p2a: Jack Black|High Jump Kick|p1a: Magearna\n|-damage|p1a: Magearna|0 fnt\n|faint|p1a: Magearna\n|\n|upkeep\n|c| holy pea|1\n|c|\u2606DomTom22|and now time for lucha sweep lmao\n|c| Dyslexic Battler|well\n|c| Dyslexic Battler|did you ev mane or vika to eat one?\n|c| holy pea|there's one mon that for sure lives it lol\n|c|\u2606DomTom22|you think i took time to calc for a speed tour lol\n|c| Dyslexic Battler|i did\n|c| Dyslexic Battler|lol\n|c| holy pea|^\n|c| Dyslexic Battler|i mean its lucha\n|l| Dyslexic Battler\n|\n|switch|p1a: Necrozma|Necrozma-Dusk-Mane|100\/100\n|turn|7\n|\n|move|p2a: Jack Black|High Jump Kick|p1a: Necrozma\n|-damage|p1a: Necrozma|15\/100\n|move|p1a: Necrozma|Trick Room|p1a: Necrozma\n|-fieldstart|move: Trick Room|[of] p1a: Necrozma\n|\n|-heal|p1a: Necrozma|21\/100|[from] item: Leftovers\n|upkeep\n|turn|8\n|c|\u2606DomTom22|dont mind if i praise the lord real quick\n|\n|move|p1a: Necrozma|Sunsteel Strike|p2a: Jack Black\n|-damage|p2a: Jack Black|0 fnt\n|faint|p2a: Jack Black\n|\n|-heal|p1a: Necrozma|27\/100|[from] item: Leftovers\n|-sideend|p2: Walletinspector62|move: Light Screen\n|upkeep\n|c| holy pea|get on your knees dom lol\n|\n|switch|p2a: GREEN BEAN|Rayquaza|100\/100\n|-ability|p2a: GREEN BEAN|Air Lock\n|turn|9\n|\n|move|p1a: Necrozma|Stone Edge|p2a: GREEN BEAN|[miss]\n|-miss|p1a: Necrozma|p2a: GREEN BEAN\n|move|p2a: GREEN BEAN|Earthquake|p1a: Necrozma\n|-supereffective|p1a: Necrozma\n|-damage|p1a: Necrozma|0 fnt\n|-damage|p2a: GREEN BEAN|91\/100|[from] item: Life Orb\n|faint|p1a: Necrozma\n|\n|-sideend|p2: Walletinspector62|Reflect\n|upkeep\n|c|\u2606Walletinspector62|Oof\n|c|\u2606DomTom22|god i hate stone edge\n|c| holy pea|oof\n|\n|switch|p1a: Drampa|Drampa, M|100\/100\n|-ability|p1a: Drampa|Cloud Nine\n|turn|10\n|c| holy pea|That hp ice tho\n|\n|switch|p2a: Quaugo|Quagsire, F, shiny|100\/100\n|move|p1a: Drampa|Draco Meteor|p2a: Quaugo\n|-damage|p2a: Quaugo|35\/100\n|-unboost|p1a: Drampa|spa|2\n|\n|upkeep\n|turn|11\n|c| holy pea|GONE\n|c| holy pea|GOAT IN\n|c|\u2606DomTom22|Drampa too stronk\n|\n|move|p1a: Drampa|Draco Meteor|p2a: Quaugo\n|-damage|p2a: Quaugo|5\/100\n|-unboost|p1a: Drampa|spa|2\n|move|p2a: Quaugo|Recover|p2a: Quaugo\n|-heal|p2a: Quaugo|55\/100\n|\n|-fieldend|move: Trick Room\n|upkeep\n|turn|12\n|c|\u2606DomTom22|f\n|\n|switch|p1a: Palkia|Palkia|100\/100\n|-ability|p1a: Palkia|Pressure\n|move|p2a: Quaugo|Toxic|p1a: Palkia\n|-status|p1a: Palkia|tox\n|\n|-damage|p1a: Palkia|94\/100 tox|[from] psn\n|upkeep\n|turn|13\n|c| holy pea|That Palkia counter\n|\n|move|p2a: Quaugo|Recover|p2a: Quaugo\n|-heal|p2a: Quaugo|100\/100\n|move|p1a: Palkia|Trick Room|p1a: Palkia\n|-fieldstart|move: Trick Room|[of] p1a: Palkia\n|\n|-damage|p1a: Palkia|82\/100 tox|[from] psn\n|upkeep\n|turn|14\n|c| holy pea|oh\n|c|\u2606Walletinspector62|Wow the iron ball palkia\n|c| holy pea|no lol\n|\n|move|p2a: Quaugo|Earthquake|p1a: Palkia\n|-crit|p1a: Palkia\n|-damage|p1a: Palkia|43\/100 tox\n|move|p1a: Palkia|Spacial Rend|p2a: Quaugo\n|-damage|p2a: Quaugo|27\/100\n|-damage|p1a: Palkia|34\/100 tox|[from] item: Life Orb\n|\n|-damage|p1a: Palkia|15\/100 tox|[from] psn\n|upkeep\n|turn|15\n|c| holy pea|trick room is -7 priority\n|c|\u2606Walletinspector62|Oh it is?\n|c|\u2606DomTom22|yeah\n|c|\u2606Walletinspector62|Since when\n|c| holy pea|since forever\n|c| holy pea|lol\n|c|\u2606DomTom22|lmao\n|\n|move|p2a: Quaugo|Earthquake|p1a: Palkia\n|-damage|p1a: Palkia|0 fnt\n|faint|p1a: Palkia\n|\n|upkeep\n|\n|switch|p1a: Vikavolt|Vikavolt, F|100\/100\n|turn|16\n|\n|move|p1a: Vikavolt|Energy Ball|p2a: Quaugo\n|-supereffective|p2a: Quaugo\n|-enditem|p2a: Quaugo|Rindo Berry|[eat]\n|-enditem|p2a: Quaugo|Rindo Berry|[weaken]\n|-damage|p2a: Quaugo|0 fnt\n|-damage|p1a: Vikavolt|91\/100|[from] item: Life Orb\n|faint|p2a: Quaugo\n|\n|upkeep\n|\n|switch|p2a: Hello Dom|Groudon, shiny|100\/100\n|detailschange|p2a: Hello Dom|Groudon-Primal, shiny\n|-primal|p2a: Hello Dom\n|-weather|DesolateLand|[from] ability: Desolate Land|[of] p2a: Hello Dom\n|turn|17\n|c| holy pea|bro\n|c| holy pea|forget this mon\n|c| holy pea|you lost to p2 in da bacc\n|\n|move|p1a: Vikavolt|Energy Ball|p2a: Hello Dom\n|-damage|p2a: Hello Dom|44\/100\n|-damage|p1a: Vikavolt|81\/100|[from] item: Life Orb\n|move|p2a: Hello Dom|Swords Dance|p2a: Hello Dom\n|-boost|p2a: Hello Dom|atk|2\n|\n|-weather|DesolateLand|[upkeep]\n|-fieldend|move: Trick Room\n|upkeep\n|turn|18\n|\n|move|p2a: Hello Dom|Rock Slide|p1a: Vikavolt\n|-supereffective|p1a: Vikavolt\n|-damage|p1a: Vikavolt|0 fnt\n|faint|p1a: Vikavolt\n|\n|-weather|DesolateLand|[upkeep]\n|upkeep\n|c|\u2606DomTom22|love that nickname tho lol\n|c| holy pea|LOL\n|c| holy pea|Just saw it too lmao\n|\n|switch|p1a: Audino|Audino, F|100\/100\n|turn|19\n|\n|detailschange|p1a: Audino|Audino-Mega, F\n|-mega|p1a: Audino|Audino|Audinite\n|move|p2a: Hello Dom|Precipice Blades|p1a: Audino\n|-damage|p1a: Audino|2\/100\n|move|p1a: Audino|Trick Room|p1a: Audino\n|-fieldstart|move: Trick Room|[of] p1a: Audino\n|\n|-weather|DesolateLand|[upkeep]\n|upkeep\n|turn|20\n|c|\u2606DomTom22|ooooof\n|c|\u2606Walletinspector62|Woooooooow\n|\n|move|p1a: Audino|Wish|p1a: Audino\n|move|p2a: Hello Dom|Precipice Blades|p1a: Audino\n|-damage|p1a: Audino|0 fnt\n|faint|p1a: Audino\n|\n|-weather|DesolateLand|[upkeep]\n|upkeep\n|\n|switch|p1a: Drampa|Drampa, M|100\/100\n|-ability|p1a: Drampa|Cloud Nine\n|turn|21\n|c| holy pea|pls tell me you're not locked in dom\n|j| Dyslexic Battler\n|c|\u2606Walletinspector62|I don\u2019t think so\n|c| Dyslexic Battler|looking like an L\n|c|\u2606Walletinspector62|I\u2019m phys def quag\n|c| holy pea|Whatchu mean?\n|c|\u2606DomTom22|wait does a water move work in desolate land if im cloud nine lol\n|c| holy pea|He got the god\n|c| holy pea|YES\n|c| Dyslexic Battler|doesnt wallet win\n|c| holy pea|GO FOR IT DOM\n|j| atl24\n|c| atl24|yes it does\n|c| Dyslexic Battler|oh wait\n|\n|move|p1a: Drampa|Surf|p2a: Hello Dom\n|-supereffective|p2a: Hello Dom\n|-damage|p2a: Hello Dom|0 fnt\n|faint|p2a: Hello Dom\n|-weather|none\n|\n|upkeep\n|c| atl24|logged in just to say that\n|c| Dyslexic Battler|hes cloud nine\n|c| Dyslexic Battler|oh shi9t\n|c| Dyslexic Battler|may have just won\n|c| holy pea|You're telling me\n|c| Dyslexic Battler|i didnt see he was in TR\n|\n|switch|p2a: Blueberry|Porygon2, shiny|100\/100\n|-ability|p2a: Blueberry|Download|boost\n|-boost|p2a: Blueberry|atk|1\n|turn|22\n|c| Dyslexic Battler|dom you legend\n|c|\u2606DomTom22|is this boutta happen\n|c|\u2606DomTom22|f\n|c| Dyslexic Battler|doesnt p2 wall\n|c| atl24|wait can drampa kill\n|c| holy pea|You put cloud 9 on that fucking thing\n|c|\u2606DomTom22|think so\n|c| atl24|rip\n|c| holy pea|And u didn't know? lmao\n|c|\u2606DomTom22|nope lol\n|c| Dyslexic Battler|lol\n|c| holy pea|Let's see tho\n|c| holy pea|Crits are a thing\n|c| Dyslexic Battler|~~do yall really needa think rn~~\n|c|\u2606DomTom22|rip guys im gonna loose\n|\n|move|p1a: Drampa|Surf|p2a: Blueberry\n|-damage|p2a: Blueberry|86\/100\n|move|p2a: Blueberry|Recover|p2a: Blueberry\n|-heal|p2a: Blueberry|100\/100\n|\n|upkeep\n|turn|23\n|\n|move|p1a: Drampa|Surf|p2a: Blueberry\n|-damage|p2a: Blueberry|83\/100\n|move|p2a: Blueberry|Ice Beam|p1a: Drampa\n|-supereffective|p1a: Drampa\n|-damage|p1a: Drampa|69\/100\n|\n|-fieldend|move: Trick Room\n|upkeep\n|turn|24\n|c| holy pea|pls don't\n|c| Dyslexic Battler|~~just end his suffering~~\n|c| holy pea|^\n|c| atl24|rip he's locked in\n|\n|move|p2a: Blueberry|Ice Beam|p1a: Drampa\n|-supereffective|p1a: Drampa\n|-damage|p1a: Drampa|42\/100\n|move|p1a: Drampa|Draco Meteor|p2a: Blueberry\n|-damage|p2a: Blueberry|49\/100\n|-unboost|p1a: Drampa|spa|2\n|\n|upkeep\n|turn|25\n|c| holy pea|he ain't\n|\n|switch|p2a: GREEN BEAN|Rayquaza|91\/100\n|-ability|p2a: GREEN BEAN|Air Lock\n|move|p1a: Drampa|Draco Meteor|p2a: GREEN BEAN\n|-supereffective|p2a: GREEN BEAN\n|-damage|p2a: GREEN BEAN|6\/100\n|-unboost|p1a: Drampa|spa|2\n|\n|upkeep\n|turn|26\n|c| Dyslexic Battler|the flex\n|c| Dyslexic Battler|what\n|c|\u2606DomTom22|now thats a lotta damage\n|c| holy pea|almost\n|\n|move|p2a: GREEN BEAN|Dragon Ascent|p1a: Drampa\n|-damage|p1a: Drampa|0 fnt\n|-unboost|p2a: GREEN BEAN|def|1\n|-unboost|p2a: GREEN BEAN|spd|1\n|-damage|p2a: GREEN BEAN|0 fnt|[from] item: Life Orb\n|faint|p1a: Drampa\n|faint|p2a: GREEN BEAN\n|\n|win|Walletinspector62\n|c| Dyslexic Battler|if this was roost toxic drampa he won\n|c| Dyslexic Battler|lol\n|c| Dyslexic Battler|and like a little more special attack\n|c| holy pea|FLEX TAPE\n|c|\u2606DomTom22|i was max spa lol\n|c| Dyslexic Battler|life orb smh\n|c|\u2606Walletinspector62|Gg lol\n|c|\u2606DomTom22|cant believe i even made it that far\n|c|\u2606DomTom22|gg\n|l| Dyslexic Battler\n|c|\u2606DomTom22|i felt so threatened by the matchup\n","uploadtime":1567366639,"views":3,"p1id":"domtom22","p2id":"walletinspector62","formatid":"gen7ubers","rating":0,"private":0,"password":null}