{"id":"gen7ou-599596369","p1":"supa hot fiaro","p2":"Pokefreak77","format":"gen7ou","log":"|j|supa hot fiaro\n|j|Pokefreak77\n|player|p1|supa hot fiaro|1\n|teamsize|p1|6\n|player|p2|Pokefreak77|#zinnia\n|teamsize|p2|6\n|gametype|singles\n|gen|7\n|tier|[Gen 7] OU\n|rated\n|seed|15243,18381,46075,13989\n|clearpoke\n|poke|p1|Tentacruel, F|item\n|poke|p1|Landorus-Therian, M|item\n|poke|p1|Tapu Koko|item\n|poke|p1|Ferrothorn, F|item\n|poke|p1|Charizard, F|item\n|poke|p1|Tapu Lele|item\n|poke|p2|Tyranitar, F|item\n|poke|p2|Excadrill, F|item\n|poke|p2|Greninja, M|item\n|poke|p2|Pinsir, M|item\n|poke|p2|Marshadow|item\n|poke|p2|Magearna|item\n|rule|Sleep Clause Mod: Limit one foe put to sleep\n|rule|Species Clause: Limit one of each Pok\u00e9mon\n|rule|OHKO Clause: OHKO moves are banned\n|rule|Moody Clause: Moody is banned\n|rule|Evasion Moves Clause: Evasion moves are banned\n|rule|Endless Battle Clause: Forcing endless battles is banned\n|rule|HP Percentage Mod: HP is shown in percentages\n|teampreview\n|j|Caeden Jamstra\n|choice|team 6, team 2, team 3, team 4, team 5, team 1|team 1, team 2, team 3, team 4, team 5, team 6\n|\n|start\n|switch|p1a: Tapu Lele|Tapu Lele|281\/281\n|switch|p2a: 1|Tyranitar, F|351\/351\n|-fieldstart|move: Psychic Terrain|[from] ability: Psychic Surge|[of] p1a: Tapu Lele\n|-weather|Sandstorm|[from] ability: Sand Stream|[of] p2a: 1\n|turn|1\n|choice|move moonblast|move stealthrock\n|\n|move|p1a: Tapu Lele|Moonblast|p2a: 1\n|-supereffective|p2a: 1\n|-damage|p2a: 1|117\/351\n|move|p2a: 1|Stealth Rock|p1a: Tapu Lele\n|-sidestart|p1: supa hot fiaro|move: Stealth Rock\n|\n|-weather|Sandstorm|[upkeep]\n|-damage|p1a: Tapu Lele|264\/281|[from] sandstorm\n|upkeep\n|turn|2\n|choice|move moonblast|move pursuit\n|\n|move|p1a: Tapu Lele|Moonblast|p2a: 1\n|-supereffective|p2a: 1\n|-damage|p2a: 1|0 fnt\n|faint|p2a: 1\n|\n|-weather|Sandstorm|[upkeep]\n|-damage|p1a: Tapu Lele|247\/281|[from] sandstorm\n|upkeep\n|choice||switch 2\n|\n|switch|p2a: 2|Excadrill, F|361\/361\n|turn|3\n|choice|switch 2|move swordsdance\n|\n|switch|p1a: Landorus|Landorus-Therian, M|381\/381\n|-damage|p1a: Landorus|334\/381|[from] Stealth Rock\n|-ability|p1a: Landorus|Intimidate|boost\n|-unboost|p2a: 2|atk|1\n|move|p2a: 2|Swords Dance|p2a: 2\n|-boost|p2a: 2|atk|2\n|\n|-weather|Sandstorm|[upkeep]\n|upkeep\n|turn|4\n|choice|move earthquake|move swordsdance\n|\n|move|p2a: 2|Swords Dance|p2a: 2\n|-boost|p2a: 2|atk|2\n|move|p1a: Landorus|Earthquake|p2a: 2\n|-supereffective|p2a: 2\n|-damage|p2a: 2|0 fnt\n|faint|p2a: 2\n|\n|-weather|Sandstorm|[upkeep]\n|upkeep\n|choice||switch 3\n|\n|switch|p2a: 3|Greninja, M|285\/285\n|turn|5\n|j|Wrinklyoctillery\n|c| Wrinklyoctillery|Damn son\n|choice|switch 6|move spikes\n|\n|switch|p1a: Tentacruel|Tentacruel, F|303\/303\n|-damage|p1a: Tentacruel|266\/303|[from] Stealth Rock\n|move|p2a: 3|Spikes|p1a: Tentacruel\n|-sidestart|p1: supa hot fiaro|Spikes\n|\n|-weather|none\n|-heal|p1a: Tentacruel|284\/303|[from] item: Black Sludge\n|-fieldend|move: Psychic Terrain\n|upkeep\n|turn|6\n|choice|move hydropump|switch 5\n|\n|switch|p2a: 5|Marshadow|321\/321\n|move|p1a: Tentacruel|Hydro Pump|p2a: 5|[miss]\n|-miss|p1a: Tentacruel|p2a: 5\n|\n|-heal|p1a: Tentacruel|302\/303|[from] item: Black Sludge\n|upkeep\n|turn|7\n|choice|move toxic|move bulkup\n|\n|move|p2a: 5|Bulk Up|p2a: 5\n|-boost|p2a: 5|atk|1\n|-boost|p2a: 5|def|1\n|move|p1a: Tentacruel|Toxic|p2a: 5\n|-status|p2a: 5|tox\n|\n|-heal|p1a: Tentacruel|303\/303|[from] item: Black Sludge\n|-damage|p2a: 5|301\/321 tox|[from] psn\n|upkeep\n|turn|8\n|c| Wrinklyoctillery|Marshadow wins\n|c| Wrinklyoctillery|Yup\n|choice|switch 5|move bulkup\n|\n|switch|p1a: Charizard|Charizard, F|297\/297\n|-damage|p1a: Charizard|149\/297|[from] Stealth Rock\n|move|p2a: 5|Bulk Up|p2a: 5\n|-boost|p2a: 5|atk|1\n|-boost|p2a: 5|def|1\n|\n|-damage|p2a: 5|261\/321 tox|[from] psn\n|upkeep\n|turn|9\n|c| Wrinklyoctillery|Oh yeah gh\n|j|Funkyyyyy\n|choice|move flamethrower mega|move spectralthief\n|\n|detailschange|p1a: Charizard|Charizard-Mega-Y, F\n|-mega|p1a: Charizard|Charizard|Charizardite Y\n|-weather|SunnyDay|[from] ability: Drought|[of] p1a: Charizard\n|move|p2a: 5|Spectral Thief|p1a: Charizard\n|-damage|p1a: Charizard|0 fnt\n|faint|p1a: Charizard\n|\n|-weather|SunnyDay|[upkeep]\n|-damage|p2a: 5|201\/321 tox|[from] psn\n|upkeep\n|c| Wrinklyoctillery|Hg\n|choice|switch 2|\n|\n|switch|p1a: Tapu Lele|Tapu Lele|247\/281\n|-damage|p1a: Tapu Lele|212\/281|[from] Stealth Rock\n|-damage|p1a: Tapu Lele|177\/281|[from] Spikes\n|-fieldstart|move: Psychic Terrain|[from] ability: Psychic Surge|[of] p1a: Tapu Lele\n|turn|10\n|c| Wrinklyoctillery|Gg\n|l|Wrinklyoctillery\n|choice|move moonblast|move spectralthief\n|\n|move|p1a: Tapu Lele|Moonblast|p2a: 5\n|-supereffective|p2a: 5\n|-damage|p2a: 5|0 fnt\n|faint|p2a: 5\n|\n|-weather|SunnyDay|[upkeep]\n|upkeep\n|choice||switch 6\n|\n|switch|p2a: 6|Magearna|351\/351\n|turn|11\n|choice|switch 4|move shiftgear\n|\n|switch|p1a: Ferrothorn|Ferrothorn, F|352\/352\n|-damage|p1a: Ferrothorn|308\/352|[from] Spikes\n|-damage|p1a: Ferrothorn|286\/352|[from] Stealth Rock\n|move|p2a: 6|Shift Gear|p2a: 6\n|-boost|p2a: 6|spe|2\n|-boost|p2a: 6|atk|1\n|\n|-weather|SunnyDay|[upkeep]\n|-heal|p1a: Ferrothorn|308\/352|[from] item: Leftovers\n|upkeep\n|turn|12\n|choice|move gyroball|switch 4\n|\n|switch|p2a: 4|Pinsir, M|271\/271\n|move|p1a: Ferrothorn|Gyro Ball|p2a: 4\n|-damage|p2a: 4|93\/271\n|\n|-weather|SunnyDay|[upkeep]\n|-heal|p1a: Ferrothorn|330\/352|[from] item: Leftovers\n|upkeep\n|turn|13\n|choice|switch 6|move closecombat mega\n|\n|switch|p1a: Landorus|Landorus-Therian, M|334\/381\n|-damage|p1a: Landorus|287\/381|[from] Stealth Rock\n|-ability|p1a: Landorus|Intimidate|boost\n|-fail|p2a: 4|unboost|Attack|[from] ability: Hyper Cutter|[of] p2a: 4\n|detailschange|p2a: 4|Pinsir-Mega, M\n|-mega|p2a: 4|Pinsir|Pinsirite\n|move|p2a: 4|Close Combat|p1a: Landorus\n|-resisted|p1a: Landorus\n|-damage|p1a: Landorus|221\/381\n|-damage|p2a: 4|48\/271|[from] item: Rocky Helmet|[of] p1a: Landorus\n|-unboost|p2a: 4|def|1\n|-unboost|p2a: 4|spd|1\n|\n|-weather|none\n|upkeep\n|turn|14\n|choice|move hiddenpower|move return\n|\n|move|p2a: 4|Return|p1a: Landorus\n|-damage|p1a: Landorus|17\/381\n|-damage|p2a: 4|3\/271|[from] item: Rocky Helmet|[of] p1a: Landorus\n|move|p1a: Landorus|Hidden Power|p2a: 4\n|-supereffective|p2a: 4\n|-damage|p2a: 4|0 fnt\n|faint|p2a: 4\n|\n|-fieldend|move: Psychic Terrain\n|upkeep\n|choice||switch 5\n|\n|switch|p2a: 3|Greninja, M|285\/285\n|turn|15\n|choice|move earthquake|move darkpulse\n|\n|move|p2a: 3|Dark Pulse|p1a: Landorus\n|-damage|p1a: Landorus|0 fnt\n|-damage|p2a: 3|257\/285|[from] item: Life Orb\n|faint|p1a: Landorus\n|-activate|p2a: 3|ability: Battle Bond\n|detailschange|p2a: 3|Greninja-Ash, M\n|\n|upkeep\n|choice|switch 4|\n|\n|switch|p1a: Tapu Lele|Tapu Lele|177\/281\n|-damage|p1a: Tapu Lele|142\/281|[from] Stealth Rock\n|-damage|p1a: Tapu Lele|107\/281|[from] Spikes\n|-fieldstart|move: Psychic Terrain|[from] ability: Psychic Surge|[of] p1a: Tapu Lele\n|turn|16\n|choice|move moonblast|move darkpulse\n|\n|move|p1a: Tapu Lele|Moonblast|p2a: 3\n|-supereffective|p2a: 3\n|-damage|p2a: 3|0 fnt\n|faint|p2a: 3\n|\n|upkeep\n|choice||switch 4\n|\n|switch|p2a: 6|Magearna|351\/351\n|turn|17\n|choice|switch 6|move calmmind\n|\n|switch|p1a: Ferrothorn|Ferrothorn, F|330\/352\n|-damage|p1a: Ferrothorn|308\/352|[from] Stealth Rock\n|-damage|p1a: Ferrothorn|264\/352|[from] Spikes\n|move|p2a: 6|Calm Mind|p2a: 6\n|-boost|p2a: 6|spa|1\n|-boost|p2a: 6|spd|1\n|\n|-heal|p1a: Ferrothorn|286\/352|[from] item: Leftovers\n|upkeep\n|turn|18\n|choice|move gyroball|move calmmind\n|\n|move|p2a: 6|Calm Mind|p2a: 6\n|-boost|p2a: 6|spa|1\n|-boost|p2a: 6|spd|1\n|move|p1a: Ferrothorn|Gyro Ball|p2a: 6\n|-damage|p2a: 6|207\/351\n|\n|-heal|p2a: 6|228\/351|[from] item: Leftovers\n|-heal|p1a: Ferrothorn|308\/352|[from] item: Leftovers\n|upkeep\n|turn|19\n|choice|move gyroball|move icebeam\n|\n|move|p2a: 6|Ice Beam|p1a: Ferrothorn\n|-damage|p1a: Ferrothorn|172\/352\n|move|p1a: Ferrothorn|Gyro Ball|p2a: 6\n|-damage|p2a: 6|95\/351\n|\n|-heal|p2a: 6|116\/351|[from] item: Leftovers\n|-heal|p1a: Ferrothorn|194\/352|[from] item: Leftovers\n|upkeep\n|turn|20\n|choice|move gyroball|move icebeam\n|\n|move|p2a: 6|Ice Beam|p1a: Ferrothorn\n|-damage|p1a: Ferrothorn|51\/352\n|move|p1a: Ferrothorn|Gyro Ball|p2a: 6\n|-damage|p2a: 6|0 fnt\n|faint|p2a: 6\n|\n|win|supa hot fiaro\n|l|Pokefreak77","inputlog":null,"uploadtime":1499216761,"views":13,"p1id":"supahotfiaro","p2id":"pokefreak77","formatid":"gen7ou","rating":0,"private":0,"password":null}