{"id":"gen7ou-1397597648","p1":"mybeyoucan","p2":"EEEEEvolto\u6df1\u6eba","format":"gen7ou","log":"|j|\u2606mybeyoucan\n|j|\u2606EEEEEvolto\u6df1\u6eba\n|t:|1629118936\n|gametype|singles\n|player|p1|mybeyoucan|101|1433\n|player|p2|EEEEEvolto\u6df1\u6eba|265|1434\n|teamsize|p1|6\n|teamsize|p2|6\n|gen|7\n|tier|[Gen 7] OU\n|rated|\n|rule|Sleep Clause Mod: Limit one foe put to sleep\n|rule|Species Clause: Limit one of each Pok\u00e9mon\n|rule|OHKO Clause: OHKO moves are banned\n|rule|Moody Clause: Moody is banned\n|rule|Evasion Moves Clause: Evasion moves are banned\n|rule|Endless Battle Clause: Forcing endless battles is banned\n|rule|HP Percentage Mod: HP is shown in percentages\n|clearpoke\n|poke|p1|Serperior, M|item\n|poke|p1|Garchomp, F|item\n|poke|p1|Medicham, M|item\n|poke|p1|Celesteela|item\n|poke|p1|Magearna|item\n|poke|p1|Landorus-Therian, M|item\n|poke|p2|Sableye, F|item\n|poke|p2|Pyukumuku, L90, F|item\n|poke|p2|Chansey, F|item\n|poke|p2|Gliscor, M|item\n|poke|p2|Tapu Bulu|item\n|poke|p2|Heatran, F|item\n|teampreview\n|inactive|Battle timer is ON: inactive players will automatically lose when time's up. (requested by EEEEEvolto\u6df1\u6eba)\n|\n|t:|1629118955\n|start\n|switch|p1a: Magearna|Magearna|100\/100\n|switch|p2a: \u4f60\u8fd8\u60e6\u8bb0\u4f60\u90a3\u7834JB\u5b09\u95f9\u5462|Sableye, F, shiny|100\/100\n|turn|1\n|\n|t:|1629118959\n|detailschange|p2a: \u4f60\u8fd8\u60e6\u8bb0\u4f60\u90a3\u7834JB\u5b09\u95f9\u5462|Sableye-Mega, F, shiny\n|-mega|p2a: \u4f60\u8fd8\u60e6\u8bb0\u4f60\u90a3\u7834JB\u5b09\u95f9\u5462|Sableye|Sablenite\n|move|p2a: \u4f60\u8fd8\u60e6\u8bb0\u4f60\u90a3\u7834JB\u5b09\u95f9\u5462|Protect|p2a: \u4f60\u8fd8\u60e6\u8bb0\u4f60\u90a3\u7834JB\u5b09\u95f9\u5462\n|-singleturn|p2a: \u4f60\u8fd8\u60e6\u8bb0\u4f60\u90a3\u7834JB\u5b09\u95f9\u5462|Protect\n|move|p1a: Magearna|Fleur Cannon|p2a: \u4f60\u8fd8\u60e6\u8bb0\u4f60\u90a3\u7834JB\u5b09\u95f9\u5462\n|-activate|p2a: \u4f60\u8fd8\u60e6\u8bb0\u4f60\u90a3\u7834JB\u5b09\u95f9\u5462|move: Protect\n|\n|upkeep\n|turn|2\n|\n|t:|1629118962\n|switch|p2a: \u5509\uff0c\u6211\u5c31\u4e0d\u6362|Gliscor, M|100\/100\n|move|p1a: Magearna|Volt Switch|p2a: \u5509\uff0c\u6211\u5c31\u4e0d\u6362\n|-immune|p2a: \u5509\uff0c\u6211\u5c31\u4e0d\u6362\n|\n|-status|p2a: \u5509\uff0c\u6211\u5c31\u4e0d\u6362|tox|[from] item: Toxic Orb\n|upkeep\n|turn|3\n|\n|t:|1629118968\n|switch|p2a: \u4f60\u4e0d\u4f1a\u73a9\u6597\u9f99\u4f60\u53ef\u4ee5\u4e0d\u73a9|Chansey, F|100\/100\n|move|p1a: Magearna|Ice Beam|p2a: \u4f60\u4e0d\u4f1a\u73a9\u6597\u9f99\u4f60\u53ef\u4ee5\u4e0d\u73a9\n|-damage|p2a: \u4f60\u4e0d\u4f1a\u73a9\u6597\u9f99\u4f60\u53ef\u4ee5\u4e0d\u73a9|91\/100\n|\n|upkeep\n|turn|4\n|\n|t:|1629118971\n|move|p1a: Magearna|Volt Switch|p2a: \u4f60\u4e0d\u4f1a\u73a9\u6597\u9f99\u4f60\u53ef\u4ee5\u4e0d\u73a9\n|-damage|p2a: \u4f60\u4e0d\u4f1a\u73a9\u6597\u9f99\u4f60\u53ef\u4ee5\u4e0d\u73a9|83\/100\n|\n|t:|1629118974\n|switch|p1a: Garchomp|Garchomp, F|100\/100|[from]move: Volt Switch\n|move|p2a: \u4f60\u4e0d\u4f1a\u73a9\u6597\u9f99\u4f60\u53ef\u4ee5\u4e0d\u73a9|Stealth Rock|p1a: Garchomp\n|-sidestart|p1: mybeyoucan|move: Stealth Rock\n|\n|upkeep\n|turn|5\n|\n|t:|1629118977\n|switch|p2a: \u4e09\u6bb5\u6211TM\u4f4d\u79fb\u51fa\u53bb|Tapu Bulu|100\/100\n|-fieldstart|move: Grassy Terrain|[from] ability: Grassy Surge|[of] p2a: \u4e09\u6bb5\u6211TM\u4f4d\u79fb\u51fa\u53bb\n|move|p1a: Garchomp|Swords Dance|p1a: Garchomp\n|-boost|p1a: Garchomp|atk|2\n|\n|upkeep\n|turn|6\n|\n|t:|1629118982\n|-zpower|p1a: Garchomp\n|move|p1a: Garchomp|Continental Crush|p2a: \u4e09\u6bb5\u6211TM\u4f4d\u79fb\u51fa\u53bb|[zeffect]\n|-damage|p2a: \u4e09\u6bb5\u6211TM\u4f4d\u79fb\u51fa\u53bb|0 fnt\n|faint|p2a: \u4e09\u6bb5\u6211TM\u4f4d\u79fb\u51fa\u53bb\n|\n|upkeep\n|\n|t:|1629118989\n|switch|p2a: \u5509\uff0c\u6211\u5c31\u4e0d\u6362|Gliscor, M|100\/100 tox\n|turn|7\n|\n|t:|1629118992\n|move|p1a: Garchomp|Swords Dance|p1a: Garchomp\n|-boost|p1a: Garchomp|atk|2\n|move|p2a: \u5509\uff0c\u6211\u5c31\u4e0d\u6362|Toxic|p1a: Garchomp\n|-status|p1a: Garchomp|tox\n|\n|-damage|p1a: Garchomp|94\/100 tox|[from] psn\n|upkeep\n|turn|8\n|\n|t:|1629118998\n|move|p1a: Garchomp|Stealth Rock|p2a: \u5509\uff0c\u6211\u5c31\u4e0d\u6362\n|-sidestart|p2: EEEEEvolto\u6df1\u6eba|move: Stealth Rock\n|move|p2a: \u5509\uff0c\u6211\u5c31\u4e0d\u6362|Substitute|p2a: \u5509\uff0c\u6211\u5c31\u4e0d\u6362\n|-start|p2a: \u5509\uff0c\u6211\u5c31\u4e0d\u6362|Substitute\n|-damage|p2a: \u5509\uff0c\u6211\u5c31\u4e0d\u6362|75\/100 tox\n|\n|-heal|p1a: Garchomp|100\/100 tox|[from] Grassy Terrain\n|-damage|p1a: Garchomp|88\/100 tox|[from] psn\n|-heal|p2a: \u5509\uff0c\u6211\u5c31\u4e0d\u6362|88\/100 tox|[from] ability: Poison Heal\n|upkeep\n|turn|9\n|\n|t:|1629119001\n|move|p2a: \u5509\uff0c\u6211\u5c31\u4e0d\u6362|Protect|p2a: \u5509\uff0c\u6211\u5c31\u4e0d\u6362\n|-singleturn|p2a: \u5509\uff0c\u6211\u5c31\u4e0d\u6362|Protect\n|move|p1a: Garchomp|Stone Edge|p2a: \u5509\uff0c\u6211\u5c31\u4e0d\u6362\n|-activate|p2a: \u5509\uff0c\u6211\u5c31\u4e0d\u6362|move: Protect\n|\n|-heal|p1a: Garchomp|94\/100 tox|[from] Grassy Terrain\n|-damage|p1a: Garchomp|76\/100 tox|[from] psn\n|-heal|p2a: \u5509\uff0c\u6211\u5c31\u4e0d\u6362|100\/100 tox|[from] ability: Poison Heal\n|-fieldend|move: Grassy Terrain\n|upkeep\n|turn|10\n|\n|t:|1629119009\n|move|p1a: Garchomp|Stone Edge|p2a: \u5509\uff0c\u6211\u5c31\u4e0d\u6362\n|-end|p2a: \u5509\uff0c\u6211\u5c31\u4e0d\u6362|Substitute\n|move|p2a: \u5509\uff0c\u6211\u5c31\u4e0d\u6362|Substitute|p2a: \u5509\uff0c\u6211\u5c31\u4e0d\u6362\n|-start|p2a: \u5509\uff0c\u6211\u5c31\u4e0d\u6362|Substitute\n|-damage|p2a: \u5509\uff0c\u6211\u5c31\u4e0d\u6362|75\/100 tox\n|\n|-damage|p1a: Garchomp|51\/100 tox|[from] psn\n|-heal|p2a: \u5509\uff0c\u6211\u5c31\u4e0d\u6362|88\/100 tox|[from] ability: Poison Heal\n|upkeep\n|turn|11\n|\n|t:|1629119015\n|switch|p1a: Medicham|Medicham, M|100\/100\n|-damage|p1a: Medicham|94\/100|[from] Stealth Rock\n|move|p2a: \u5509\uff0c\u6211\u5c31\u4e0d\u6362|Protect||[still]\n|-fail|p2a: \u5509\uff0c\u6211\u5c31\u4e0d\u6362\n|\n|-heal|p2a: \u5509\uff0c\u6211\u5c31\u4e0d\u6362|100\/100 tox|[from] ability: Poison Heal\n|upkeep\n|turn|12\n|\n|t:|1629119018\n|detailschange|p1a: Medicham|Medicham-Mega, M\n|-mega|p1a: Medicham|Medicham|Medichamite\n|move|p1a: Medicham|Ice Punch|p2a: \u5509\uff0c\u6211\u5c31\u4e0d\u6362\n|-supereffective|p2a: \u5509\uff0c\u6211\u5c31\u4e0d\u6362\n|-end|p2a: \u5509\uff0c\u6211\u5c31\u4e0d\u6362|Substitute\n|move|p2a: \u5509\uff0c\u6211\u5c31\u4e0d\u6362|Toxic|p1a: Medicham\n|-status|p1a: Medicham|tox\n|\n|-damage|p1a: Medicham|88\/100 tox|[from] psn\n|upkeep\n|turn|13\n|\n|t:|1629119029\n|move|p2a: \u5509\uff0c\u6211\u5c31\u4e0d\u6362|Protect|p2a: \u5509\uff0c\u6211\u5c31\u4e0d\u6362\n|-singleturn|p2a: \u5509\uff0c\u6211\u5c31\u4e0d\u6362|Protect\n|move|p1a: Medicham|Ice Punch|p2a: \u5509\uff0c\u6211\u5c31\u4e0d\u6362\n|-activate|p2a: \u5509\uff0c\u6211\u5c31\u4e0d\u6362|move: Protect\n|\n|-damage|p1a: Medicham|76\/100 tox|[from] psn\n|upkeep\n|turn|14\n|\n|t:|1629119032\n|switch|p2a: Heatran|Heatran, F|100\/100\n|-damage|p2a: Heatran|88\/100|[from] Stealth Rock\n|move|p1a: Medicham|High Jump Kick|p2a: Heatran|[miss]\n|-miss|p1a: Medicham|p2a: Heatran\n|-damage|p1a: Medicham|26\/100 tox|[from] highjumpkick\n|\n|-heal|p2a: Heatran|94\/100|[from] item: Leftovers\n|-damage|p1a: Medicham|8\/100 tox|[from] psn\n|upkeep\n|turn|15\n|c|\u2606mybeyoucan|\u3002\u3002\u3002\u3002\n|\n|t:|1629119046\n|switch|p2a: \u5509\uff0c\u6211\u5c31\u4e0d\u6362|Gliscor, M|100\/100 tox\n|-damage|p2a: \u5509\uff0c\u6211\u5c31\u4e0d\u6362|88\/100 tox|[from] Stealth Rock\n|move|p1a: Medicham|High Jump Kick|p2a: \u5509\uff0c\u6211\u5c31\u4e0d\u6362|[miss]\n|-miss|p1a: Medicham|p2a: \u5509\uff0c\u6211\u5c31\u4e0d\u6362\n|-damage|p1a: Medicham|0 fnt|[from] highjumpkick\n|faint|p1a: Medicham\n|\n|-heal|p2a: \u5509\uff0c\u6211\u5c31\u4e0d\u6362|100\/100 tox|[from] ability: Poison Heal\n|upkeep\n|\n|t:|1629119054\n|switch|p1a: Serperior|Serperior, M|100\/100\n|-damage|p1a: Serperior|88\/100|[from] Stealth Rock\n|turn|16\n|\n|t:|1629119056\n|move|p1a: Serperior|Substitute|p1a: Serperior\n|-start|p1a: Serperior|Substitute\n|-damage|p1a: Serperior|63\/100\n|move|p2a: \u5509\uff0c\u6211\u5c31\u4e0d\u6362|Toxic||[still]\n|-fail|p2a: \u5509\uff0c\u6211\u5c31\u4e0d\u6362\n|\n|-heal|p1a: Serperior|69\/100|[from] item: Leftovers\n|upkeep\n|turn|17\n|\n|t:|1629119061\n|switch|p2a: \u4e09\u6bb5\u6293\u53d6\u4f24\u5bb3\u5168\u90e8\u5403\u6ee1|Pyukumuku, L90, F|100\/100\n|-damage|p2a: \u4e09\u6bb5\u6293\u53d6\u4f24\u5bb3\u5168\u90e8\u5403\u6ee1|88\/100|[from] Stealth Rock\n|move|p1a: Serperior|Leaf Storm|p2a: \u4e09\u6bb5\u6293\u53d6\u4f24\u5bb3\u5168\u90e8\u5403\u6ee1\n|-supereffective|p2a: \u4e09\u6bb5\u6293\u53d6\u4f24\u5bb3\u5168\u90e8\u5403\u6ee1\n|-damage|p2a: \u4e09\u6bb5\u6293\u53d6\u4f24\u5bb3\u5168\u90e8\u5403\u6ee1|0 fnt\n|-boost|p1a: Serperior|spa|2\n|-damage|p1a: Serperior|0 fnt|[from] ability: Innards Out|[of] p2a: \u4e09\u6bb5\u6293\u53d6\u4f24\u5bb3\u5168\u90e8\u5403\u6ee1\n|faint|p2a: \u4e09\u6bb5\u6293\u53d6\u4f24\u5bb3\u5168\u90e8\u5403\u6ee1\n|faint|p1a: Serperior\n|\n|upkeep\n|\n|t:|1629119072\n|switch|p1a: Landorus|Landorus-Therian, M|100\/100\n|switch|p2a: \u5509\uff0c\u6211\u5c31\u4e0d\u6362|Gliscor, M|100\/100 tox\n|-damage|p1a: Landorus|88\/100|[from] Stealth Rock\n|-ability|p1a: Landorus|Intimidate|boost\n|-unboost|p2a: \u5509\uff0c\u6211\u5c31\u4e0d\u6362|atk|1\n|-damage|p2a: \u5509\uff0c\u6211\u5c31\u4e0d\u6362|88\/100 tox|[from] Stealth Rock\n|turn|18\n|\n|t:|1629119075\n|move|p1a: Landorus|U-turn|p2a: \u5509\uff0c\u6211\u5c31\u4e0d\u6362\n|-resisted|p2a: \u5509\uff0c\u6211\u5c31\u4e0d\u6362\n|-damage|p2a: \u5509\uff0c\u6211\u5c31\u4e0d\u6362|78\/100 tox\n|\n|t:|1629119077\n|switch|p1a: Celesteela|Celesteela|100\/100|[from]move: U-turn\n|-damage|p1a: Celesteela|88\/100|[from] Stealth Rock\n|move|p2a: \u5509\uff0c\u6211\u5c31\u4e0d\u6362|Toxic|p1a: Celesteela\n|-immune|p1a: Celesteela\n|\n|-heal|p1a: Celesteela|94\/100|[from] item: Leftovers\n|-heal|p2a: \u5509\uff0c\u6211\u5c31\u4e0d\u6362|91\/100 tox|[from] ability: Poison Heal\n|upkeep\n|turn|19\n|\n|t:|1629119083\n|switch|p2a: \u4f60\u8fd8\u60e6\u8bb0\u4f60\u90a3\u7834JB\u5b09\u95f9\u5462|Sableye-Mega, F, shiny|100\/100\n|-damage|p2a: \u4f60\u8fd8\u60e6\u8bb0\u4f60\u90a3\u7834JB\u5b09\u95f9\u5462|88\/100|[from] Stealth Rock\n|move|p1a: Celesteela|Leech Seed|p2a: \u4f60\u8fd8\u60e6\u8bb0\u4f60\u90a3\u7834JB\u5b09\u95f9\u5462\n|move|p2a: \u4f60\u8fd8\u60e6\u8bb0\u4f60\u90a3\u7834JB\u5b09\u95f9\u5462|Leech Seed|p1a: Celesteela|[from]ability: Magic Bounce\n|-start|p1a: Celesteela|move: Leech Seed\n|\n|-heal|p1a: Celesteela|99\/100|[from] item: Leftovers\n|-damage|p1a: Celesteela|88\/100|[from] Leech Seed|[of] p2a: \u4f60\u8fd8\u60e6\u8bb0\u4f60\u90a3\u7834JB\u5b09\u95f9\u5462\n|-heal|p2a: \u4f60\u8fd8\u60e6\u8bb0\u4f60\u90a3\u7834JB\u5b09\u95f9\u5462|100\/100|[silent]\n|upkeep\n|turn|20\n|\n|t:|1629119086\n|switch|p1a: Garchomp|Garchomp, F|51\/100 tox\n|-damage|p1a: Garchomp|45\/100 tox|[from] Stealth Rock\n|move|p2a: \u4f60\u8fd8\u60e6\u8bb0\u4f60\u90a3\u7834JB\u5b09\u95f9\u5462|Knock Off|p1a: Garchomp\n|-damage|p1a: Garchomp|26\/100 tox\n|-damage|p2a: \u4f60\u8fd8\u60e6\u8bb0\u4f60\u90a3\u7834JB\u5b09\u95f9\u5462|88\/100|[from] ability: Rough Skin|[of] p1a: Garchomp\n|\n|-damage|p1a: Garchomp|20\/100 tox|[from] psn\n|upkeep\n|turn|21\n|\n|t:|1629119094\n|move|p1a: Garchomp|Stone Edge|p2a: \u4f60\u8fd8\u60e6\u8bb0\u4f60\u90a3\u7834JB\u5b09\u95f9\u5462|[miss]\n|-miss|p1a: Garchomp|p2a: \u4f60\u8fd8\u60e6\u8bb0\u4f60\u90a3\u7834JB\u5b09\u95f9\u5462\n|move|p2a: \u4f60\u8fd8\u60e6\u8bb0\u4f60\u90a3\u7834JB\u5b09\u95f9\u5462|Recover|p2a: \u4f60\u8fd8\u60e6\u8bb0\u4f60\u90a3\u7834JB\u5b09\u95f9\u5462\n|-heal|p2a: \u4f60\u8fd8\u60e6\u8bb0\u4f60\u90a3\u7834JB\u5b09\u95f9\u5462|100\/100\n|\n|-damage|p1a: Garchomp|7\/100 tox|[from] psn\n|upkeep\n|turn|22\n|\n|t:|1629119098\n|move|p2a: \u4f60\u8fd8\u60e6\u8bb0\u4f60\u90a3\u7834JB\u5b09\u95f9\u5462|Protect|p2a: \u4f60\u8fd8\u60e6\u8bb0\u4f60\u90a3\u7834JB\u5b09\u95f9\u5462\n|-singleturn|p2a: \u4f60\u8fd8\u60e6\u8bb0\u4f60\u90a3\u7834JB\u5b09\u95f9\u5462|Protect\n|move|p1a: Garchomp|Earthquake|p2a: \u4f60\u8fd8\u60e6\u8bb0\u4f60\u90a3\u7834JB\u5b09\u95f9\u5462\n|-activate|p2a: \u4f60\u8fd8\u60e6\u8bb0\u4f60\u90a3\u7834JB\u5b09\u95f9\u5462|move: Protect\n|\n|-damage|p1a: Garchomp|0 fnt|[from] psn\n|faint|p1a: Garchomp\n|upkeep\n|\n|t:|1629119101\n|switch|p1a: Magearna|Magearna|100\/100\n|-damage|p1a: Magearna|94\/100|[from] Stealth Rock\n|turn|23\n|\n|t:|1629119103\n|switch|p2a: Heatran|Heatran, F|94\/100\n|-damage|p2a: Heatran|82\/100|[from] Stealth Rock\n|move|p1a: Magearna|Ice Beam|p2a: Heatran\n|-resisted|p2a: Heatran\n|-damage|p2a: Heatran|77\/100\n|\n|-heal|p2a: Heatran|83\/100|[from] item: Leftovers\n|upkeep\n|turn|24\n|\n|t:|1629119108\n|switch|p1a: Landorus|Landorus-Therian, M|88\/100\n|-damage|p1a: Landorus|75\/100|[from] Stealth Rock\n|-ability|p1a: Landorus|Intimidate|boost\n|-unboost|p2a: Heatran|atk|1\n|move|p2a: Heatran|Will-O-Wisp|p1a: Landorus\n|-status|p1a: Landorus|brn\n|\n|-heal|p2a: Heatran|89\/100|[from] item: Leftovers\n|-damage|p1a: Landorus|69\/100 brn|[from] brn\n|upkeep\n|turn|25\n|-message|mybeyoucan forfeited.\n|\n|win|EEEEEvolto\u6df1\u6eba\n|raw|mybeyoucan's rating: 1433 &rarr; <strong>1413<\/strong><br \/>(-20 for losing)\n|raw|EEEEEvolto\u6df1\u6eba's rating: 1434 &rarr; <strong>1454<\/strong><br \/>(+20 for winning)\n|l|\u2606mybeyoucan\n","uploadtime":1629119116,"views":4,"p1id":"mybeyoucan","p2id":"eeeeevolto","formatid":"gen7ou","rating":1413,"private":0,"password":null}