{"id":"gen7oublitz-949797596","p1":"Alon4213","p2":"JoJo321","format":"gen7oublitz","log":"|j|\u2606Alon4213\n|j|\u2606JoJo321\n|player|p1|Alon4213|1|1267\n|player|p2|JoJo321|170|1289\n|teamsize|p1|6\n|teamsize|p2|6\n|gametype|singles\n|gen|7\n|tier|[Gen 7] OU (Blitz)\n|rated|\n|rule|Sleep Clause Mod: Limit one foe put to sleep\n|rule|Species Clause: Limit one of each Pok\u00e9mon\n|rule|OHKO Clause: OHKO moves are banned\n|rule|Moody Clause: Moody is banned\n|rule|Evasion Moves Clause: Evasion moves are banned\n|rule|Endless Battle Clause: Forcing endless battles is banned\n|rule|HP Percentage Mod: HP is shown in percentages\n|clearpoke\n|poke|p1|Tapu Bulu|item\n|poke|p1|Kartana|item\n|poke|p1|Ribombee, F|item\n|poke|p1|Hawlucha, M|item\n|poke|p1|Volcarona, M|item\n|poke|p1|Medicham, M|item\n|poke|p2|Mew|item\n|poke|p2|Slowbro, M|item\n|poke|p2|Kartana|item\n|poke|p2|Klefki, F|item\n|poke|p2|Ditto|item\n|poke|p2|Snorlax, F|item\n|rule|Blitz: Super-fast timer\n|teampreview\n|\n|start\n|switch|p1a: Ribombee|Ribombee, F, shiny|100\/100\n|switch|p2a: Mew|Mew|100\/100\n|turn|1\n|\n|move|p1a: Ribombee|Sticky Web|p2a: Mew\n|-sidestart|p2: JoJo321|move: Sticky Web\n|move|p2a: Mew|Stealth Rock|p1a: Ribombee\n|-sidestart|p1: Alon4213|move: Stealth Rock\n|\n|upkeep\n|turn|2\n|\n|move|p1a: Ribombee|Quiver Dance|p1a: Ribombee\n|-boost|p1a: Ribombee|spa|1\n|-boost|p1a: Ribombee|spd|1\n|-boost|p1a: Ribombee|spe|1\n|move|p2a: Mew|Toxic|p1a: Ribombee\n|-status|p1a: Ribombee|tox\n|\n|-damage|p1a: Ribombee|94\/100 tox|[from] psn\n|upkeep\n|turn|3\n|\n|switch|p2a: Snorlax|Snorlax, F|100\/100\n|-activate|p2a: Snorlax|move: Sticky Web\n|-unboost|p2a: Snorlax|spe|1\n|move|p1a: Ribombee|Bug Buzz|p2a: Snorlax\n|-damage|p2a: Snorlax|75\/100\n|\n|-heal|p2a: Snorlax|81\/100|[from] item: Leftovers\n|-damage|p1a: Ribombee|82\/100 tox|[from] psn\n|upkeep\n|turn|4\n|\n|move|p1a: Ribombee|Bug Buzz|p2a: Snorlax\n|-damage|p2a: Snorlax|56\/100\n|move|p2a: Snorlax|Frustration|p1a: Ribombee\n|-damage|p1a: Ribombee|4\/100 tox\n|\n|-heal|p2a: Snorlax|62\/100|[from] item: Leftovers\n|-damage|p1a: Ribombee|0 fnt|[from] psn\n|faint|p1a: Ribombee\n|upkeep\n|\n|switch|p1a: Tapu Bulu|Tapu Bulu|100\/100\n|-damage|p1a: Tapu Bulu|88\/100|[from] Stealth Rock\n|-fieldstart|move: Grassy Terrain|[from] ability: Grassy Surge|[of] p1a: Tapu Bulu\n|turn|5\n|\n|switch|p2a: Klefki|Klefki, F|100\/100\n|-activate|p2a: Klefki|move: Sticky Web\n|-unboost|p2a: Klefki|spe|1\n|move|p1a: Tapu Bulu|Swords Dance|p1a: Tapu Bulu\n|-boost|p1a: Tapu Bulu|atk|2\n|\n|-heal|p1a: Tapu Bulu|94\/100|[from] Grassy Terrain\n|upkeep\n|turn|6\n|\n|move|p2a: Klefki|Reflect|p2a: Klefki\n|-sidestart|p2: JoJo321|Reflect\n|move|p1a: Tapu Bulu|Wood Hammer|p2a: Klefki\n|-resisted|p2a: Klefki\n|-damage|p2a: Klefki|59\/100\n|-damage|p1a: Tapu Bulu|78\/100|[from] Recoil\n|\n|-heal|p1a: Tapu Bulu|84\/100|[from] Grassy Terrain\n|-heal|p2a: Klefki|65\/100|[from] Grassy Terrain\n|upkeep\n|turn|7\n|\n|move|p2a: Klefki|Defog|p1a: Tapu Bulu\n|-unboost|p1a: Tapu Bulu|evasion|1\n|-sideend|p1: Alon4213|Stealth Rock|[from] move: Defog|[of] p2a: Klefki\n|-sideend|p2: JoJo321|Sticky Web|[from] move: Defog|[of] p2a: Klefki\n|move|p1a: Tapu Bulu|Swords Dance|p1a: Tapu Bulu\n|-boost|p1a: Tapu Bulu|atk|2\n|\n|-heal|p1a: Tapu Bulu|91\/100|[from] Grassy Terrain\n|-heal|p2a: Klefki|71\/100|[from] Grassy Terrain\n|upkeep\n|turn|8\n|\n|switch|p2a: Kartana|Kartana|100\/100\n|move|p1a: Tapu Bulu|Swords Dance|p1a: Tapu Bulu\n|-boost|p1a: Tapu Bulu|atk|2\n|\n|-heal|p1a: Tapu Bulu|97\/100|[from] Grassy Terrain\n|upkeep\n|turn|9\n|\n|-zpower|p2a: Kartana\n|move|p2a: Kartana|Breakneck Blitz|p1a: Tapu Bulu|[zeffect]\n|-damage|p1a: Tapu Bulu|24\/100\n|move|p1a: Tapu Bulu|Horn Leech|p2a: Kartana\n|-resisted|p2a: Kartana\n|-damage|p2a: Kartana|78\/100\n|-heal|p1a: Tapu Bulu|37\/100|[from] drain|[of] p2a: Kartana\n|\n|-heal|p2a: Kartana|84\/100|[from] Grassy Terrain\n|-heal|p1a: Tapu Bulu|43\/100|[from] Grassy Terrain\n|upkeep\n|turn|10\n|\n|move|p2a: Kartana|Giga Impact|p1a: Tapu Bulu\n|-damage|p1a: Tapu Bulu|0 fnt\n|-mustrecharge|p2a: Kartana\n|faint|p1a: Tapu Bulu\n|-ability|p2a: Kartana|Beast Boost|boost\n|-boost|p2a: Kartana|spe|1\n|\n|-heal|p2a: Kartana|91\/100|[from] Grassy Terrain\n|upkeep\n|\n|switch|p1a: Hawlucha|Hawlucha, M|100\/100\n|-enditem|p1a: Hawlucha|Grassy Seed\n|-boost|p1a: Hawlucha|def|1\n|turn|11\n|\n|move|p1a: Hawlucha|Swords Dance|p1a: Hawlucha\n|-boost|p1a: Hawlucha|atk|2\n|cant|p2a: Kartana|recharge\n|\n|-heal|p2a: Kartana|97\/100|[from] Grassy Terrain\n|upkeep\n|turn|12\n|\n|switch|p2a: Mew|Mew|100\/100\n|move|p1a: Hawlucha|Swords Dance|p1a: Hawlucha\n|-boost|p1a: Hawlucha|atk|2\n|\n|-fieldend|move: Grassy Terrain\n|upkeep\n|turn|13\n|\n|move|p1a: Hawlucha|Acrobatics|p2a: Mew\n|-damage|p2a: Mew|38\/100\n|move|p2a: Mew|Toxic|p1a: Hawlucha\n|-status|p1a: Hawlucha|tox\n|\n|-heal|p2a: Mew|45\/100|[from] item: Leftovers\n|-damage|p1a: Hawlucha|94\/100 tox|[from] psn\n|-sideend|p2: JoJo321|Reflect\n|upkeep\n|turn|14\n|\n|move|p1a: Hawlucha|Drain Punch|p2a: Mew\n|-resisted|p2a: Mew\n|-damage|p2a: Mew|0 fnt\n|-heal|p1a: Hawlucha|100\/100 tox|[from] drain|[of] p2a: Mew\n|faint|p2a: Mew\n|\n|-damage|p1a: Hawlucha|88\/100 tox|[from] psn\n|upkeep\n|\n|switch|p2a: Klefki|Klefki, F|71\/100\n|turn|15\n|\n|move|p2a: Klefki|Reflect|p2a: Klefki\n|-sidestart|p2: JoJo321|Reflect\n|move|p1a: Hawlucha|Drain Punch|p2a: Klefki\n|-damage|p2a: Klefki|27\/100\n|-heal|p1a: Hawlucha|100\/100 tox|[from] drain|[of] p2a: Klefki\n|\n|-damage|p1a: Hawlucha|82\/100 tox|[from] psn\n|upkeep\n|turn|16\n|\n|switch|p2a: Slowbro|Slowbro, M|100\/100\n|move|p1a: Hawlucha|Drain Punch|p2a: Slowbro\n|-resisted|p2a: Slowbro\n|-damage|p2a: Slowbro|86\/100\n|-heal|p1a: Hawlucha|90\/100 tox|[from] drain|[of] p2a: Slowbro\n|\n|-damage|p1a: Hawlucha|65\/100 tox|[from] psn\n|upkeep\n|turn|17\n|\n|detailschange|p2a: Slowbro|Slowbro-Mega, M\n|-mega|p2a: Slowbro|Slowbro|Slowbronite\n|move|p1a: Hawlucha|Acrobatics|p2a: Slowbro\n|-damage|p2a: Slowbro|56\/100\n|move|p2a: Slowbro|Scald|p1a: Hawlucha\n|-damage|p1a: Hawlucha|17\/100 tox\n|\n|-damage|p1a: Hawlucha|0 fnt|[from] psn\n|faint|p1a: Hawlucha\n|upkeep\n|\n|switch|p1a: Volcarona|Volcarona, M|100\/100\n|turn|18\n|\n|move|p1a: Volcarona|Quiver Dance|p1a: Volcarona\n|-boost|p1a: Volcarona|spa|1\n|-boost|p1a: Volcarona|spd|1\n|-boost|p1a: Volcarona|spe|1\n|move|p2a: Slowbro|Scald|p1a: Volcarona\n|-supereffective|p1a: Volcarona\n|-damage|p1a: Volcarona|50\/100\n|-enditem|p1a: Volcarona|Sitrus Berry|[eat]\n|-heal|p1a: Volcarona|75\/100|[from] item: Sitrus Berry\n|\n|upkeep\n|turn|19\n|\n|move|p1a: Volcarona|Quiver Dance|p1a: Volcarona\n|-boost|p1a: Volcarona|spa|1\n|-boost|p1a: Volcarona|spd|1\n|-boost|p1a: Volcarona|spe|1\n|move|p2a: Slowbro|Scald|p1a: Volcarona\n|-supereffective|p1a: Volcarona\n|-damage|p1a: Volcarona|38\/100\n|\n|upkeep\n|turn|20\n|\n|switch|p2a: Snorlax|Snorlax, F|62\/100\n|move|p1a: Volcarona|Giga Drain|p2a: Snorlax\n|-damage|p2a: Snorlax|34\/100\n|-heal|p1a: Volcarona|61\/100|[from] drain|[of] p2a: Snorlax\n|\n|-heal|p2a: Snorlax|40\/100|[from] item: Leftovers\n|upkeep\n|turn|21\n|\n|move|p1a: Volcarona|Giga Drain|p2a: Snorlax\n|-damage|p2a: Snorlax|16\/100\n|-heal|p1a: Volcarona|82\/100|[from] drain|[of] p2a: Snorlax\n|move|p2a: Snorlax|Frustration|p1a: Volcarona\n|-damage|p1a: Volcarona|18\/100\n|\n|-heal|p2a: Snorlax|22\/100|[from] item: Leftovers\n|upkeep\n|turn|22\n|\n|move|p1a: Volcarona|Giga Drain|p2a: Snorlax\n|-crit|p2a: Snorlax\n|-damage|p2a: Snorlax|0 fnt\n|-heal|p1a: Volcarona|36\/100|[from] drain|[of] p2a: Snorlax\n|faint|p2a: Snorlax\n|\n|-sideend|p2: JoJo321|Reflect\n|upkeep\n|\n|switch|p2a: Ditto|Ditto|100\/100\n|-transform|p2a: Ditto|p1a: Volcarona|[from] ability: Imposter\n|turn|23\n|\n|move|p2a: Ditto|Fiery Dance|p1a: Volcarona\n|-damage|p1a: Volcarona|0 fnt\n|faint|p1a: Volcarona\n|\n|upkeep\n|\n|switch|p1a: Medicham|Medicham, M|100\/100\n|turn|24\n|\n|detailschange|p1a: Medicham|Medicham-Mega, M\n|-mega|p1a: Medicham|Medicham|Medichamite\n|move|p1a: Medicham|Fake Out|p2a: Ditto\n|-damage|p2a: Ditto|66\/100\n|cant|p2a: Ditto|flinch\n|\n|upkeep\n|turn|25\n|\n|move|p2a: Ditto|Fiery Dance|p1a: Medicham\n|-damage|p1a: Medicham|0 fnt\n|faint|p1a: Medicham\n|\n|upkeep\n|\n|switch|p1a: Kartana|Kartana, shiny|100\/100\n|turn|26\n|\n|move|p2a: Ditto|Fiery Dance|p1a: Kartana\n|-supereffective|p1a: Kartana\n|-damage|p1a: Kartana|0 fnt\n|faint|p1a: Kartana\n|\n|win|JoJo321\n|l|\u2606JoJo321\n","uploadtime":1563974109,"views":3,"p1id":"alon4213","p2id":"jojo321","formatid":"gen7oublitz","rating":0,"private":0,"password":null}