{"id":"gen7monotype-1045607518","p1":"Pomrad","p2":"Shardul888","format":"gen7monotype","log":"|j|\u2606Pomrad\n|j|\u2606Shardul888\n|player|p1|Pomrad|149|1543\n|player|p2|Shardul888|92|1505\n|teamsize|p1|6\n|teamsize|p2|6\n|gametype|singles\n|gen|7\n|tier|[Gen 7] Monotype\n|rated|\n|rule|Same Type Clause: Pok\u00e9mon in a team must share a type\n|clearpoke\n|poke|p1|Azelf|item\n|poke|p1|Slowbro, M|item\n|poke|p1|Meloetta|item\n|poke|p1|Victini|item\n|poke|p1|Gallade, M|item\n|poke|p1|Latios, M|item\n|poke|p2|Venusaur, M|item\n|poke|p2|Nihilego|item\n|poke|p2|Scolipede, M|item\n|poke|p2|Toxapex, F|item\n|poke|p2|Golbat, F|item\n|poke|p2|Muk-Alola, F|item\n|rule|Sleep Clause Mod: Limit one foe put to sleep\n|rule|Species Clause: Limit one of each Pok\u00e9mon\n|rule|OHKO Clause: OHKO moves are banned\n|rule|Moody Clause: Moody is banned\n|rule|Evasion Moves Clause: Evasion moves are banned\n|rule|Endless Battle Clause: Forcing endless battles is banned\n|rule|HP Percentage Mod: HP is shown in percentages\n|rule|Swagger Clause: Swagger is banned\n|teampreview\n|inactive|Battle timer is ON: inactive players will automatically lose when time's up. (requested by Shardul888)\n|\n|start\n|switch|p1a: Azelf|Azelf|100\/100\n|switch|p2a: Golbat|Golbat, F|100\/100\n|turn|1\n|\n|move|p1a: Azelf|Stealth Rock|p2a: Golbat\n|-sidestart|p2: Shardul888|move: Stealth Rock\n|move|p2a: Golbat|Toxic|p1a: Azelf\n|-status|p1a: Azelf|tox\n|\n|-damage|p1a: Azelf|94\/100 tox|[from] psn\n|upkeep\n|turn|2\n|\n|move|p1a: Azelf|Taunt|p2a: Golbat\n|-start|p2a: Golbat|move: Taunt\n|cant|p2a: Golbat|move: Taunt|Defog\n|\n|-damage|p1a: Azelf|82\/100 tox|[from] psn\n|upkeep\n|turn|3\n|\n|move|p1a: Azelf|Zen Headbutt|p2a: Golbat\n|-supereffective|p2a: Golbat\n|-damage|p2a: Golbat|47\/100\n|move|p2a: Golbat|Brave Bird|p1a: Azelf\n|-damage|p1a: Azelf|26\/100 tox\n|-damage|p2a: Golbat|32\/100|[from] Recoil\n|\n|-damage|p1a: Azelf|8\/100 tox|[from] psn\n|upkeep\n|turn|4\n|\n|switch|p1a: Slowbro|Slowbro, M|100\/100\n|switch|p2a: Muk|Muk-Alola, F, shiny|100\/100\n|-damage|p2a: Muk|88\/100|[from] Stealth Rock\n|\n|upkeep\n|turn|5\n|\n|move|p2a: Muk|Knock Off|p1a: Slowbro\n|-supereffective|p1a: Slowbro\n|-damage|p1a: Slowbro|47\/100\n|-damage|p2a: Muk|72\/100|[from] item: Rocky Helmet|[of] p1a: Slowbro\n|-enditem|p1a: Slowbro|Rocky Helmet|[from] move: Knock Off|[of] p2a: Muk\n|move|p1a: Slowbro|Scald|p2a: Muk\n|-damage|p2a: Muk|56\/100\n|-status|p2a: Muk|brn\n|\n|-damage|p2a: Muk|50\/100 brn|[from] brn\n|upkeep\n|turn|6\n|\n|move|p2a: Muk|Knock Off|p1a: Slowbro\n|-supereffective|p1a: Slowbro\n|-damage|p1a: Slowbro|28\/100\n|move|p1a: Slowbro|Slack Off|p1a: Slowbro\n|-heal|p1a: Slowbro|78\/100\n|\n|-damage|p2a: Muk|43\/100 brn|[from] brn\n|upkeep\n|turn|7\n|\n|switch|p2a: Golbat|Golbat, F|32\/100\n|-damage|p2a: Golbat|8\/100|[from] Stealth Rock\n|switch|p1a: Gallade|Gallade, M|100\/100\n|\n|upkeep\n|turn|8\n|\n|detailschange|p1a: Gallade|Gallade-Mega, M\n|-mega|p1a: Gallade|Gallade|Galladite\n|move|p1a: Gallade|Shadow Sneak|p2a: Golbat\n|-damage|p2a: Golbat|0 fnt\n|faint|p2a: Golbat\n|\n|upkeep\n|\n|switch|p2a: Muk|Muk-Alola, F, shiny|43\/100 brn\n|-damage|p2a: Muk|31\/100 brn|[from] Stealth Rock\n|turn|9\n|\n|switch|p1a: Meloetta|Meloetta|100\/100\n|move|p2a: Muk|Poison Jab|p1a: Meloetta\n|-damage|p1a: Meloetta|78\/100\n|\n|-damage|p2a: Muk|25\/100 brn|[from] brn\n|upkeep\n|turn|10\n|\n|move|p1a: Meloetta|Hyper Voice|p2a: Muk\n|-crit|p2a: Muk\n|-damage|p2a: Muk|0 fnt\n|faint|p2a: Muk\n|\n|upkeep\n|\n|switch|p2a: Scolipede|Scolipede, M, shiny|100\/100\n|-damage|p2a: Scolipede|76\/100|[from] Stealth Rock\n|turn|11\n|\n|switch|p1a: Azelf|Azelf|8\/100 tox\n|move|p2a: Scolipede|Protect||[still]\n|-fail|p2a: Scolipede\n|\n|-damage|p1a: Azelf|2\/100 tox|[from] psn\n|-ability|p2a: Scolipede|Speed Boost|boost\n|-boost|p2a: Scolipede|spe|1\n|upkeep\n|turn|12\n|\n|move|p2a: Scolipede|Poison Jab|p1a: Azelf\n|-damage|p1a: Azelf|0 fnt\n|faint|p1a: Azelf\n|\n|-ability|p2a: Scolipede|Speed Boost|boost\n|-boost|p2a: Scolipede|spe|1\n|upkeep\n|\n|switch|p1a: Victini|Victini|100\/100\n|turn|13\n|\n|move|p2a: Scolipede|Protect|p2a: Scolipede\n|-singleturn|p2a: Scolipede|Protect\n|move|p1a: Victini|V-create|p2a: Scolipede\n|-activate|p2a: Scolipede|move: Protect\n|\n|-ability|p2a: Scolipede|Speed Boost|boost\n|-boost|p2a: Scolipede|spe|1\n|upkeep\n|turn|14\n|\n|-zpower|p2a: Scolipede\n|move|p2a: Scolipede|Tectonic Rage|p1a: Victini|[zeffect]\n|-supereffective|p1a: Victini\n|-damage|p1a: Victini|0 fnt\n|faint|p1a: Victini\n|\n|-ability|p2a: Scolipede|Speed Boost|boost\n|-boost|p2a: Scolipede|spe|1\n|upkeep\n|\n|switch|p1a: Slowbro|Slowbro, M|100\/100\n|turn|15\n|\n|switch|p2a: Toxapex|Toxapex, F, shiny|100\/100\n|-damage|p2a: Toxapex|88\/100|[from] Stealth Rock\n|move|p1a: Slowbro|Psychic|p2a: Toxapex\n|-supereffective|p2a: Toxapex\n|-damage|p2a: Toxapex|47\/100\n|\n|-heal|p2a: Toxapex|53\/100|[from] item: Leftovers\n|upkeep\n|turn|16\n|\n|switch|p1a: Meloetta|Meloetta|78\/100\n|move|p2a: Toxapex|Toxic|p1a: Meloetta\n|-status|p1a: Meloetta|tox\n|\n|-heal|p2a: Toxapex|59\/100|[from] item: Leftovers\n|-damage|p1a: Meloetta|71\/100 tox|[from] psn\n|upkeep\n|turn|17\n|\n|move|p2a: Toxapex|Baneful Bunker|p2a: Toxapex\n|-singleturn|p2a: Toxapex|move: Protect\n|move|p1a: Meloetta|Psychic|p2a: Toxapex\n|-activate|p2a: Toxapex|move: Protect\n|\n|-heal|p2a: Toxapex|65\/100|[from] item: Leftovers\n|-damage|p1a: Meloetta|59\/100 tox|[from] psn\n|upkeep\n|turn|18\n|\n|move|p1a: Meloetta|Psychic|p2a: Toxapex\n|-supereffective|p2a: Toxapex\n|-damage|p2a: Toxapex|0 fnt\n|faint|p2a: Toxapex\n|\n|-damage|p1a: Meloetta|41\/100 tox|[from] psn\n|upkeep\n|\n|switch|p2a: Nihilego|Nihilego|100\/100\n|-damage|p2a: Nihilego|88\/100|[from] Stealth Rock\n|turn|19\n|\n|switch|p1a: Latios|Latios, M|100\/100\n|move|p2a: Nihilego|Power Gem|p1a: Latios\n|-damage|p1a: Latios|54\/100\n|\n|upkeep\n|turn|20\n|\n|move|p1a: Latios|Psychic|p2a: Nihilego\n|-supereffective|p2a: Nihilego\n|-damage|p2a: Nihilego|19\/100\n|move|p2a: Nihilego|Power Gem|p1a: Latios\n|-damage|p1a: Latios|6\/100\n|\n|upkeep\n|turn|21\n|\n|move|p1a: Latios|Psychic|p2a: Nihilego\n|-supereffective|p2a: Nihilego\n|-damage|p2a: Nihilego|0 fnt\n|faint|p2a: Nihilego\n|\n|upkeep\n|\n|switch|p2a: Scolipede|Scolipede, M, shiny|76\/100\n|-damage|p2a: Scolipede|51\/100|[from] Stealth Rock\n|turn|22\n|\n|move|p2a: Scolipede|Protect|p2a: Scolipede\n|-singleturn|p2a: Scolipede|Protect\n|move|p1a: Latios|Psychic|p2a: Scolipede\n|-activate|p2a: Scolipede|move: Protect\n|\n|-ability|p2a: Scolipede|Speed Boost|boost\n|-boost|p2a: Scolipede|spe|1\n|upkeep\n|turn|23\n|\n|move|p1a: Latios|Psychic|p2a: Scolipede\n|-supereffective|p2a: Scolipede\n|-damage|p2a: Scolipede|0 fnt\n|faint|p2a: Scolipede\n|\n|upkeep\n|-message|Shardul888 forfeited.\n|\n|win|Pomrad\n|l|\u2606Shardul888\n|raw|Pomrad's rating: 1559 &rarr; <strong>1575<\/strong><br \/>(+16 for winning)\n|raw|Shardul888's rating: 1491 &rarr; <strong>1475<\/strong><br \/>(-16 for losing)\n","uploadtime":1578928493,"views":4,"p1id":"pomrad","p2id":"shardul888","formatid":"gen7monotype","rating":1475,"private":0,"password":null}