{"id":"gen7ou-1619640208","p1":"linkoerk","p2":"Cowsrule247","format":"gen7ou","log":"|j|\u2606linkoerk\n|j|\u203dCowsrule247\n|t:|1658116324\n|gametype|singles\n|player|p1|linkoerk|170|1411\n|player|p2|Cowsrule247|skyla|1479\n|teamsize|p1|6\n|teamsize|p2|6\n|gen|7\n|tier|[Gen 7] OU\n|rated|\n|rule|Sleep Clause Mod: Limit one foe put to sleep\n|rule|Species Clause: Limit one of each Pok\u00e9mon\n|rule|OHKO Clause: OHKO moves are banned\n|rule|Moody Clause: Moody is banned\n|rule|Evasion Moves Clause: Evasion moves are banned\n|rule|Endless Battle Clause: Forcing endless battles is banned\n|rule|HP Percentage Mod: HP is shown in percentages\n|clearpoke\n|poke|p1|Chansey, F|item\n|poke|p1|Slowbro, F|item\n|poke|p1|Kartana|item\n|poke|p1|Venusaur, M|item\n|poke|p1|Excadrill, M|item\n|poke|p1|Rotom-Wash|item\n|poke|p2|Mamoswine, M|item\n|poke|p2|Tapu Koko|item\n|poke|p2|Toxapex, F|item\n|poke|p2|Jirachi|item\n|poke|p2|Landorus-Therian, M|item\n|poke|p2|Gyarados, F|item\n|teampreview\n|inactive|Battle timer is ON: inactive players will automatically lose when time's up. (requested by Cowsrule247)\n|\n|t:|1658116340\n|start\n|switch|p1a: Rotom|Rotom-Wash|100\/100\n|switch|p2a: Jirachi|Jirachi|100\/100\n|turn|1\n|\n|t:|1658116365\n|switch|p2a: Toxapex|Toxapex, F|100\/100\n|move|p1a: Rotom|Will-O-Wisp|p2a: Toxapex\n|-status|p2a: Toxapex|brn\n|\n|-damage|p2a: Toxapex|95\/100 brn|[from] brn\n|upkeep\n|turn|2\n|\n|t:|1658116369\n|switch|p1a: Slowbro|Slowbro, F|100\/100\n|move|p2a: Toxapex|Toxic|p1a: Slowbro\n|-status|p1a: Slowbro|tox\n|\n|-damage|p1a: Slowbro|94\/100 tox|[from] psn\n|-damage|p2a: Toxapex|89\/100 brn|[from] brn\n|upkeep\n|turn|3\n|\n|t:|1658116373\n|move|p2a: Toxapex|Knock Off|p1a: Slowbro\n|-supereffective|p1a: Slowbro\n|-damage|p1a: Slowbro|88\/100 tox\n|move|p1a: Slowbro|Calm Mind|p1a: Slowbro\n|-boost|p1a: Slowbro|spa|1\n|-boost|p1a: Slowbro|spd|1\n|\n|-damage|p1a: Slowbro|76\/100 tox|[from] psn\n|-damage|p2a: Toxapex|83\/100 brn|[from] brn\n|upkeep\n|turn|4\n|\n|t:|1658116384\n|move|p2a: Toxapex|Haze|p2a: Toxapex\n|-clearallboost\n|move|p1a: Slowbro|Psyshock|p2a: Toxapex\n|-supereffective|p2a: Toxapex\n|-enditem|p2a: Toxapex|Payapa Berry|[eat]\n|-enditem|p2a: Toxapex|Payapa Berry|[weaken]\n|-damage|p2a: Toxapex|61\/100 brn\n|\n|-damage|p1a: Slowbro|58\/100 tox|[from] psn\n|-damage|p2a: Toxapex|55\/100 brn|[from] brn\n|upkeep\n|turn|5\n|\n|t:|1658116396\n|switch|p2a: Tapu Koko|Tapu Koko|100\/100\n|-fieldstart|move: Electric Terrain|[from] ability: Electric Surge|[of] p2a: Tapu Koko\n|switch|p1a: Kartana|Kartana|100\/100\n|\n|upkeep\n|turn|6\n|\n|t:|1658116404\n|switch|p1a: Chansey|Chansey, F|100\/100\n|move|p2a: Tapu Koko|Hidden Power|p1a: Chansey\n|-damage|p1a: Chansey|92\/100\n|\n|upkeep\n|turn|7\n|\n|t:|1658116413\n|switch|p2a: Jirachi|Jirachi|100\/100\n|move|p1a: Chansey|Aromatherapy|p1a: Chansey\n|-activate|p1a: Chansey|move: Aromatherapy\n|-curestatus|p1: Slowbro|tox|[msg]\n|\n|upkeep\n|turn|8\n|\n|t:|1658116419\n|switch|p1a: Slowbro|Slowbro, F|91\/100\n|move|p2a: Jirachi|Stealth Rock|p1a: Slowbro\n|-sidestart|p1: linkoerk|move: Stealth Rock\n|\n|upkeep\n|turn|9\n|inactive|Cowsrule247 has 120 seconds left.\n|\n|t:|1658116457\n|switch|p2a: Tapu Koko|Tapu Koko|100\/100\n|move|p1a: Slowbro|Psyshock|p2a: Tapu Koko\n|-damage|p2a: Tapu Koko|60\/100\n|\n|-fieldend|move: Electric Terrain\n|upkeep\n|turn|10\n|inactive|Cowsrule247 has 120 seconds left.\n|\n|t:|1658116482\n|switch|p2a: Landorus|Landorus-Therian, M|100\/100\n|-ability|p2a: Landorus|Intimidate|boost\n|-unboost|p1a: Slowbro|atk|1\n|switch|p1a: Excadrill|Excadrill, M|100\/100\n|-damage|p1a: Excadrill|97\/100|[from] Stealth Rock\n|-ability|p1a: Excadrill|Mold Breaker\n|\n|upkeep\n|turn|11\n|\n|t:|1658116488\n|switch|p1a: Slowbro|Slowbro, F|100\/100\n|-damage|p1a: Slowbro|88\/100|[from] Stealth Rock\n|move|p2a: Landorus|U-turn|p1a: Slowbro\n|-supereffective|p1a: Slowbro\n|-damage|p1a: Slowbro|58\/100\n|\n|t:|1658116492\n|switch|p2a: Tapu Koko|Tapu Koko|60\/100|[from]move: U-turn\n|-fieldstart|move: Electric Terrain|[from] ability: Electric Surge|[of] p2a: Tapu Koko\n|\n|upkeep\n|turn|12\n|\n|t:|1658116495\n|switch|p1a: Chansey|Chansey, F|92\/100\n|-damage|p1a: Chansey|80\/100|[from] Stealth Rock\n|move|p2a: Tapu Koko|Volt Switch|p1a: Chansey\n|-damage|p1a: Chansey|60\/100\n|inactive|Cowsrule247 has 120 seconds left.\n|\n|t:|1658116518\n|switch|p2a: Mamoswine|Mamoswine, M|100\/100|[from]move: Volt Switch\n|\n|upkeep\n|turn|13\n|\n|t:|1658116522\n|switch|p1a: Slowbro|Slowbro, F|91\/100\n|-damage|p1a: Slowbro|79\/100|[from] Stealth Rock\n|move|p2a: Mamoswine|Substitute|p2a: Mamoswine\n|-start|p2a: Mamoswine|Substitute\n|-damage|p2a: Mamoswine|76\/100\n|\n|upkeep\n|turn|14\n|\n|t:|1658116537\n|move|p2a: Mamoswine|Earthquake|p1a: Slowbro\n|-damage|p1a: Slowbro|44\/100\n|move|p1a: Slowbro|Scald|p2a: Mamoswine\n|-supereffective|p2a: Mamoswine\n|-end|p2a: Mamoswine|Substitute\n|\n|upkeep\n|turn|15\n|\n|t:|1658116543\n|move|p2a: Mamoswine|Earthquake|p1a: Slowbro\n|-damage|p1a: Slowbro|7\/100\n|move|p1a: Slowbro|Slack Off|p1a: Slowbro\n|-heal|p1a: Slowbro|57\/100\n|\n|-fieldend|move: Electric Terrain\n|upkeep\n|turn|16\n|\n|t:|1658116553\n|move|p2a: Mamoswine|Earthquake|p1a: Slowbro\n|-damage|p1a: Slowbro|12\/100\n|move|p1a: Slowbro|Scald|p2a: Mamoswine\n|-supereffective|p2a: Mamoswine\n|-damage|p2a: Mamoswine|0 fnt\n|faint|p2a: Mamoswine\n|\n|upkeep\n|\n|t:|1658116562\n|switch|p2a: Landorus|Landorus-Therian, M|100\/100\n|-ability|p2a: Landorus|Intimidate|boost\n|-unboost|p1a: Slowbro|atk|1\n|turn|17\n|\n|t:|1658116571\n|switch|p1a: Rotom|Rotom-Wash|100\/100\n|-damage|p1a: Rotom|88\/100|[from] Stealth Rock\n|move|p2a: Landorus|U-turn|p1a: Rotom\n|-damage|p1a: Rotom|59\/100\n|\n|t:|1658116593\n|switch|p2a: Jirachi|Jirachi|100\/100|[from]move: U-turn\n|\n|upkeep\n|turn|18\n|\n|t:|1658116600\n|move|p1a: Rotom|Will-O-Wisp|p2a: Jirachi\n|-status|p2a: Jirachi|brn\n|move|p2a: Jirachi|Wish|p2a: Jirachi\n|\n|-damage|p2a: Jirachi|94\/100 brn|[from] brn\n|upkeep\n|turn|19\n|\n|t:|1658116608\n|switch|p1a: Slowbro|Slowbro, F|45\/100\n|-damage|p1a: Slowbro|33\/100|[from] Stealth Rock\n|move|p2a: Jirachi|U-turn|p1a: Slowbro\n|-supereffective|p1a: Slowbro\n|-damage|p1a: Slowbro|23\/100\n|\n|t:|1658116617\n|switch|p2a: Tapu Koko|Tapu Koko|60\/100|[from]move: U-turn\n|-fieldstart|move: Electric Terrain|[from] ability: Electric Surge|[of] p2a: Tapu Koko\n|\n|-heal|p2a: Tapu Koko|100\/100|[from] move: Wish|[wisher] Jirachi\n|upkeep\n|turn|20\n|\n|t:|1658116619\n|switch|p1a: Excadrill|Excadrill, M|97\/100\n|-damage|p1a: Excadrill|94\/100|[from] Stealth Rock\n|-ability|p1a: Excadrill|Mold Breaker\n|move|p2a: Tapu Koko|Dazzling Gleam|p1a: Excadrill\n|-resisted|p1a: Excadrill\n|-damage|p1a: Excadrill|59\/100\n|\n|upkeep\n|turn|21\n|\n|t:|1658116629\n|switch|p2a: Landorus|Landorus-Therian, M|100\/100\n|-ability|p2a: Landorus|Intimidate|boost\n|-unboost|p1a: Excadrill|atk|1\n|move|p1a: Excadrill|Rapid Spin|p2a: Landorus\n|-crit|p2a: Landorus\n|-damage|p2a: Landorus|91\/100\n|-sideend|p1: linkoerk|Stealth Rock|[from] move: Rapid Spin|[of] p1a: Excadrill\n|\n|upkeep\n|turn|22\n|\n|t:|1658116640\n|switch|p1a: Kartana|Kartana|100\/100\n|move|p2a: Landorus|Earthquake|p1a: Kartana\n|-damage|p1a: Kartana|50\/100\n|\n|upkeep\n|turn|23\n|\n|t:|1658116647\n|move|p2a: Landorus|Earthquake|p1a: Kartana\n|-damage|p1a: Kartana|0 fnt\n|faint|p1a: Kartana\n|\n|-fieldend|move: Electric Terrain\n|upkeep\n|\n|t:|1658116651\n|switch|p1a: Rotom|Rotom-Wash|59\/100\n|turn|24\n|\n|t:|1658116660\n|switch|p2a: Jirachi|Jirachi|94\/100 brn\n|move|p1a: Rotom|Volt Switch|p2a: Jirachi\n|-damage|p2a: Jirachi|74\/100 brn\n|\n|t:|1658116667\n|switch|p1a: Slowbro|Slowbro, F|57\/100|[from]move: Volt Switch\n|\n|-heal|p2a: Jirachi|80\/100 brn|[from] item: Leftovers\n|-damage|p2a: Jirachi|74\/100 brn|[from] brn\n|upkeep\n|turn|25\n|\n|t:|1658116673\n|move|p2a: Jirachi|U-turn|p1a: Slowbro\n|-supereffective|p1a: Slowbro\n|-damage|p1a: Slowbro|46\/100\n|\n|t:|1658116680\n|switch|p2a: Tapu Koko|Tapu Koko|100\/100|[from]move: U-turn\n|-fieldstart|move: Electric Terrain|[from] ability: Electric Surge|[of] p2a: Tapu Koko\n|move|p1a: Slowbro|Calm Mind|p1a: Slowbro\n|-boost|p1a: Slowbro|spa|1\n|-boost|p1a: Slowbro|spd|1\n|\n|upkeep\n|turn|26\n|\n|t:|1658116689\n|switch|p1a: Excadrill|Excadrill, M|59\/100\n|-ability|p1a: Excadrill|Mold Breaker\n|move|p2a: Tapu Koko|Volt Switch|p1a: Excadrill\n|-immune|p1a: Excadrill\n|\n|upkeep\n|turn|27\n|\n|t:|1658116694\n|switch|p2a: Gyarados|Gyarados, F|100\/100\n|move|p1a: Excadrill|Iron Head|p2a: Gyarados\n|-resisted|p2a: Gyarados\n|-damage|p2a: Gyarados|74\/100\n|\n|upkeep\n|turn|28\n|\n|t:|1658116701\n|switch|p1a: Rotom|Rotom-Wash|59\/100\n|move|p2a: Gyarados|Dragon Dance|p2a: Gyarados\n|-boost|p2a: Gyarados|atk|1\n|-boost|p2a: Gyarados|spe|1\n|\n|upkeep\n|turn|29\n|\n|t:|1658116718\n|move|p1a: Rotom|Will-O-Wisp|p2a: Gyarados\n|-status|p2a: Gyarados|brn\n|-zpower|p2a: Gyarados\n|move|p2a: Gyarados|Supersonic Skystrike|p1a: Rotom|[zeffect]\n|-resisted|p1a: Rotom\n|-damage|p1a: Rotom|19\/100\n|\n|-damage|p2a: Gyarados|68\/100 brn|[from] brn\n|-fieldend|move: Electric Terrain\n|upkeep\n|turn|30\n|\n|t:|1658116728\n|switch|p1a: Slowbro|Slowbro, F|79\/100\n|move|p2a: Gyarados|Waterfall|p1a: Slowbro\n|-resisted|p1a: Slowbro\n|-damage|p1a: Slowbro|70\/100\n|\n|-damage|p2a: Gyarados|62\/100 brn|[from] brn\n|upkeep\n|turn|31\n|\n|t:|1658116733\n|move|p2a: Gyarados|Dragon Dance|p2a: Gyarados\n|-boost|p2a: Gyarados|atk|1\n|-boost|p2a: Gyarados|spe|1\n|move|p1a: Slowbro|Calm Mind|p1a: Slowbro\n|-boost|p1a: Slowbro|spa|1\n|-boost|p1a: Slowbro|spd|1\n|\n|-damage|p2a: Gyarados|56\/100 brn|[from] brn\n|upkeep\n|turn|32\n|\n|t:|1658116745\n|move|p2a: Gyarados|Dragon Dance|p2a: Gyarados\n|-boost|p2a: Gyarados|atk|1\n|-boost|p2a: Gyarados|spe|1\n|move|p1a: Slowbro|Slack Off|p1a: Slowbro\n|-heal|p1a: Slowbro|100\/100\n|\n|-damage|p2a: Gyarados|50\/100 brn|[from] brn\n|upkeep\n|turn|33\n|\n|t:|1658116749\n|move|p2a: Gyarados|Bounce||[still]\n|-prepare|p2a: Gyarados|Bounce\n|move|p1a: Slowbro|Psyshock|p2a: Gyarados|[miss]\n|-miss|p1a: Slowbro|p2a: Gyarados\n|\n|-damage|p2a: Gyarados|44\/100 brn|[from] brn\n|upkeep\n|turn|34\n|\n|t:|1658116762\n|move|p2a: Gyarados|Bounce|p1a: Slowbro|[from]lockedmove\n|-damage|p1a: Slowbro|68\/100\n|-status|p1a: Slowbro|par\n|move|p1a: Slowbro|Slack Off|p1a: Slowbro\n|-heal|p1a: Slowbro|100\/100 par\n|\n|-damage|p2a: Gyarados|38\/100 brn|[from] brn\n|upkeep\n|turn|35\n|\n|t:|1658116767\n|move|p2a: Gyarados|Waterfall|p1a: Slowbro\n|-resisted|p1a: Slowbro\n|-damage|p1a: Slowbro|84\/100 par\n|cant|p1a: Slowbro|par\n|\n|-damage|p2a: Gyarados|32\/100 brn|[from] brn\n|upkeep\n|turn|36\n|\n|t:|1658116771\n|move|p2a: Gyarados|Waterfall|p1a: Slowbro\n|-resisted|p1a: Slowbro\n|-damage|p1a: Slowbro|70\/100 par\n|move|p1a: Slowbro|Calm Mind|p1a: Slowbro\n|-boost|p1a: Slowbro|spa|1\n|-boost|p1a: Slowbro|spd|1\n|\n|-damage|p2a: Gyarados|26\/100 brn|[from] brn\n|upkeep\n|turn|37\n|\n|t:|1658116776\n|move|p2a: Gyarados|Waterfall|p1a: Slowbro\n|-resisted|p1a: Slowbro\n|-damage|p1a: Slowbro|55\/100 par\n|move|p1a: Slowbro|Slack Off|p1a: Slowbro\n|-heal|p1a: Slowbro|100\/100 par\n|\n|-damage|p2a: Gyarados|20\/100 brn|[from] brn\n|upkeep\n|turn|38\n|\n|t:|1658116778\n|move|p2a: Gyarados|Waterfall|p1a: Slowbro\n|-resisted|p1a: Slowbro\n|-damage|p1a: Slowbro|85\/100 par\n|cant|p1a: Slowbro|flinch\n|\n|-damage|p2a: Gyarados|13\/100 brn|[from] brn\n|upkeep\n|turn|39\n|\n|t:|1658116780\n|move|p2a: Gyarados|Waterfall|p1a: Slowbro\n|-resisted|p1a: Slowbro\n|-damage|p1a: Slowbro|70\/100 par\n|cant|p1a: Slowbro|par\n|\n|-damage|p2a: Gyarados|7\/100 brn|[from] brn\n|upkeep\n|turn|40\n|\n|t:|1658116785\n|move|p2a: Gyarados|Waterfall|p1a: Slowbro\n|-resisted|p1a: Slowbro\n|-damage|p1a: Slowbro|55\/100 par\n|move|p1a: Slowbro|Slack Off|p1a: Slowbro\n|-heal|p1a: Slowbro|100\/100 par\n|\n|-damage|p2a: Gyarados|1\/100 brn|[from] brn\n|upkeep\n|turn|41\n|\n|t:|1658116789\n|move|p2a: Gyarados|Waterfall|p1a: Slowbro\n|-resisted|p1a: Slowbro\n|-damage|p1a: Slowbro|84\/100 par\n|move|p1a: Slowbro|Calm Mind|p1a: Slowbro\n|-boost|p1a: Slowbro|spa|1\n|-boost|p1a: Slowbro|spd|1\n|\n|-damage|p2a: Gyarados|0 fnt|[from] brn\n|faint|p2a: Gyarados\n|upkeep\n|\n|t:|1658116802\n|switch|p2a: Jirachi|Jirachi|74\/100 brn\n|turn|42\n|\n|t:|1658116815\n|move|p2a: Jirachi|Iron Head|p1a: Slowbro\n|-resisted|p1a: Slowbro\n|-damage|p1a: Slowbro|80\/100 par\n|cant|p1a: Slowbro|flinch\n|\n|-heal|p2a: Jirachi|80\/100 brn|[from] item: Leftovers\n|-damage|p2a: Jirachi|74\/100 brn|[from] brn\n|upkeep\n|turn|43\n|\n|t:|1658116820\n|move|p2a: Jirachi|Iron Head|p1a: Slowbro\n|-resisted|p1a: Slowbro\n|-damage|p1a: Slowbro|75\/100 par\n|move|p1a: Slowbro|Scald|p2a: Jirachi\n|-damage|p2a: Jirachi|29\/100 brn\n|\n|-heal|p2a: Jirachi|35\/100 brn|[from] item: Leftovers\n|-damage|p2a: Jirachi|29\/100 brn|[from] brn\n|upkeep\n|turn|44\n|\n|t:|1658116832\n|move|p2a: Jirachi|Wish|p2a: Jirachi\n|move|p1a: Slowbro|Slack Off|p1a: Slowbro\n|-heal|p1a: Slowbro|100\/100 par\n|\n|-heal|p2a: Jirachi|35\/100 brn|[from] item: Leftovers\n|-damage|p2a: Jirachi|29\/100 brn|[from] brn\n|upkeep\n|turn|45\n|c|\u2606linkoerk|why not toxapex? xd instead of jirachi\n|\n|t:|1658116851\n|move|p2a: Jirachi|Iron Head|p1a: Slowbro\n|-resisted|p1a: Slowbro\n|-damage|p1a: Slowbro|96\/100 par\n|cant|p1a: Slowbro|flinch\n|\n|-heal|p2a: Jirachi|79\/100 brn|[from] move: Wish|[wisher] Jirachi\n|-heal|p2a: Jirachi|85\/100 brn|[from] item: Leftovers\n|-damage|p2a: Jirachi|79\/100 brn|[from] brn\n|upkeep\n|turn|46\n|\n|t:|1658116858\n|move|p2a: Jirachi|Iron Head|p1a: Slowbro\n|-resisted|p1a: Slowbro\n|-damage|p1a: Slowbro|92\/100 par\n|move|p1a: Slowbro|Scald|p2a: Jirachi\n|-damage|p2a: Jirachi|34\/100 brn\n|\n|-heal|p2a: Jirachi|40\/100 brn|[from] item: Leftovers\n|-damage|p2a: Jirachi|34\/100 brn|[from] brn\n|upkeep\n|turn|47\n|\n|t:|1658116861\n|move|p2a: Jirachi|Iron Head|p1a: Slowbro\n|-resisted|p1a: Slowbro\n|-damage|p1a: Slowbro|88\/100 par\n|cant|p1a: Slowbro|flinch\n|\n|-heal|p2a: Jirachi|40\/100 brn|[from] item: Leftovers\n|-damage|p2a: Jirachi|34\/100 brn|[from] brn\n|upkeep\n|turn|48\n|\n|t:|1658116868\n|move|p2a: Jirachi|Iron Head|p1a: Slowbro\n|-resisted|p1a: Slowbro\n|-damage|p1a: Slowbro|83\/100 par\n|cant|p1a: Slowbro|flinch\n|\n|-heal|p2a: Jirachi|40\/100 brn|[from] item: Leftovers\n|-damage|p2a: Jirachi|34\/100 brn|[from] brn\n|upkeep\n|turn|49\n|\n|t:|1658116872\n|move|p2a: Jirachi|Iron Head|p1a: Slowbro\n|-resisted|p1a: Slowbro\n|-damage|p1a: Slowbro|79\/100 par\n|move|p1a: Slowbro|Scald|p2a: Jirachi\n|-damage|p2a: Jirachi|0 fnt\n|faint|p2a: Jirachi\n|\n|upkeep\n|\n|t:|1658116877\n|switch|p2a: Tapu Koko|Tapu Koko|100\/100\n|-fieldstart|move: Electric Terrain|[from] ability: Electric Surge|[of] p2a: Tapu Koko\n|turn|50\n|c|\u2606linkoerk|whyyyyy\n|c|\u2606linkoerk|im paraaa, toxapex its the best option XD\n|inactive|linkoerk has 120 seconds left.\n|c|\u2606linkoerk|i will resist any atack from koko (without crits)\n|\n|t:|1658116928\n|move|p2a: Tapu Koko|Thunderbolt|p1a: Slowbro\n|-supereffective|p1a: Slowbro\n|-damage|p1a: Slowbro|10\/100 par\n|move|p1a: Slowbro|Psyshock|p2a: Tapu Koko\n|-damage|p2a: Tapu Koko|12\/100\n|\n|upkeep\n|turn|51\n|\n|t:|1658116936\n|switch|p1a: Excadrill|Excadrill, M|59\/100\n|-ability|p1a: Excadrill|Mold Breaker\n|move|p2a: Tapu Koko|Thunderbolt|p1a: Excadrill\n|-immune|p1a: Excadrill\n|\n|upkeep\n|turn|52\n|\n|t:|1658116941\n|switch|p2a: Landorus|Landorus-Therian, M|91\/100\n|-ability|p2a: Landorus|Intimidate|boost\n|-unboost|p1a: Excadrill|atk|1\n|move|p1a: Excadrill|Iron Head|p2a: Landorus\n|-damage|p2a: Landorus|63\/100\n|\n|upkeep\n|turn|53\n|\n|t:|1658116963\n|move|p1a: Excadrill|Iron Head|p2a: Landorus\n|-damage|p2a: Landorus|37\/100\n|move|p2a: Landorus|U-turn|p1a: Excadrill\n|-resisted|p1a: Excadrill\n|-damage|p1a: Excadrill|43\/100\n|\n|t:|1658116974\n|switch|p2a: Toxapex|Toxapex, F|88\/100 brn|[from]move: U-turn\n|\n|-damage|p2a: Toxapex|82\/100 brn|[from] brn\n|upkeep\n|turn|54\n|\n|t:|1658116982\n|switch|p1a: Slowbro|Slowbro, F|43\/100 par\n|move|p2a: Toxapex|Knock Off|p1a: Slowbro\n|-supereffective|p1a: Slowbro\n|-damage|p1a: Slowbro|37\/100 par\n|\n|-damage|p2a: Toxapex|76\/100 brn|[from] brn\n|-fieldend|move: Electric Terrain\n|upkeep\n|turn|55\n|\n|t:|1658116996\n|switch|p2a: Tapu Koko|Tapu Koko|12\/100\n|-fieldstart|move: Electric Terrain|[from] ability: Electric Surge|[of] p2a: Tapu Koko\n|move|p1a: Slowbro|Slack Off|p1a: Slowbro\n|-heal|p1a: Slowbro|87\/100 par\n|\n|upkeep\n|turn|56\n|\n|t:|1658117001\n|switch|p1a: Excadrill|Excadrill, M|43\/100\n|-ability|p1a: Excadrill|Mold Breaker\n|move|p2a: Tapu Koko|Dazzling Gleam|p1a: Excadrill\n|-resisted|p1a: Excadrill\n|-damage|p1a: Excadrill|9\/100\n|\n|upkeep\n|turn|57\n|\n|t:|1658117006\n|move|p1a: Excadrill|Iron Head|p2a: Tapu Koko\n|-damage|p2a: Tapu Koko|0 fnt\n|faint|p2a: Tapu Koko\n|\n|upkeep\n|\n|t:|1658117015\n|switch|p2a: Toxapex|Toxapex, F|100\/100 brn\n|turn|58\n|\n|t:|1658117021\n|switch|p1a: Chansey|Chansey, F|60\/100\n|move|p2a: Toxapex|Knock Off|p1a: Chansey\n|-damage|p1a: Chansey|56\/100\n|-enditem|p1a: Chansey|Eviolite|[from] move: Knock Off|[of] p2a: Toxapex\n|\n|-damage|p2a: Toxapex|95\/100 brn|[from] brn\n|upkeep\n|turn|59\n|\n|t:|1658117026\n|move|p1a: Chansey|Aromatherapy|p1a: Chansey\n|-activate|p1a: Chansey|move: Aromatherapy\n|-curestatus|p1: Slowbro|par|[msg]\n|move|p2a: Toxapex|Toxic|p1a: Chansey\n|-status|p1a: Chansey|tox\n|\n|-damage|p1a: Chansey|50\/100 tox|[from] psn\n|-damage|p2a: Toxapex|89\/100 brn|[from] brn\n|-fieldend|move: Electric Terrain\n|upkeep\n|turn|60\n|\n|t:|1658117031\n|switch|p2a: Landorus|Landorus-Therian, M|37\/100\n|-ability|p2a: Landorus|Intimidate|boost\n|-unboost|p1a: Chansey|atk|1\n|move|p1a: Chansey|Soft-Boiled|p1a: Chansey\n|-heal|p1a: Chansey|99\/100 tox\n|\n|-damage|p1a: Chansey|87\/100 tox|[from] psn\n|upkeep\n|turn|61\n|\n|t:|1658117040\n|move|p2a: Landorus|U-turn|p1a: Chansey\n|-damage|p1a: Chansey|67\/100 tox\n|\n|t:|1658117042\n|switch|p2a: Toxapex|Toxapex, F|100\/100 brn|[from]move: U-turn\n|move|p1a: Chansey|Seismic Toss|p2a: Toxapex\n|-damage|p2a: Toxapex|67\/100 brn\n|\n|-damage|p1a: Chansey|49\/100 tox|[from] psn\n|-damage|p2a: Toxapex|62\/100 brn|[from] brn\n|upkeep\n|turn|62\n|\n|t:|1658117048\n|-curestatus|p1a: Chansey|tox|[from] ability: Natural Cure\n|switch|p1a: Slowbro|Slowbro, F|100\/100\n|move|p2a: Toxapex|Knock Off|p1a: Slowbro\n|-supereffective|p1a: Slowbro\n|-damage|p1a: Slowbro|94\/100\n|\n|-damage|p2a: Toxapex|56\/100 brn|[from] brn\n|upkeep\n|turn|63\n|\n|t:|1658117054\n|move|p2a: Toxapex|Toxic|p1a: Slowbro\n|-status|p1a: Slowbro|tox\n|move|p1a: Slowbro|Psyshock|p2a: Toxapex\n|-supereffective|p2a: Toxapex\n|-damage|p2a: Toxapex|12\/100 brn\n|\n|-damage|p1a: Slowbro|88\/100 tox|[from] psn\n|-damage|p2a: Toxapex|6\/100 brn|[from] brn\n|upkeep\n|turn|64\n|\n|t:|1658117059\n|move|p2a: Toxapex|Recover|p2a: Toxapex\n|-heal|p2a: Toxapex|56\/100 brn\n|move|p1a: Slowbro|Scald|p2a: Toxapex\n|-resisted|p2a: Toxapex\n|-damage|p2a: Toxapex|48\/100 brn\n|\n|-damage|p1a: Slowbro|76\/100 tox|[from] psn\n|-damage|p2a: Toxapex|42\/100 brn|[from] brn\n|upkeep\n|turn|65\n|\n|t:|1658117061\n|move|p2a: Toxapex|Recover|p2a: Toxapex\n|-heal|p2a: Toxapex|93\/100 brn\n|move|p1a: Slowbro|Psyshock|p2a: Toxapex\n|-supereffective|p2a: Toxapex\n|-damage|p2a: Toxapex|48\/100 brn\n|\n|-damage|p1a: Slowbro|57\/100 tox|[from] psn\n|-damage|p2a: Toxapex|42\/100 brn|[from] brn\n|upkeep\n|turn|66\n|\n|t:|1658117065\n|switch|p1a: Excadrill|Excadrill, M|9\/100\n|-ability|p1a: Excadrill|Mold Breaker\n|move|p2a: Toxapex|Recover|p2a: Toxapex\n|-heal|p2a: Toxapex|93\/100 brn\n|\n|-damage|p2a: Toxapex|87\/100 brn|[from] brn\n|upkeep\n|turn|67\n|\n|t:|1658117071\n|switch|p2a: Landorus|Landorus-Therian, M|37\/100\n|-ability|p2a: Landorus|Intimidate|boost\n|-unboost|p1a: Excadrill|atk|1\n|move|p1a: Excadrill|Iron Head|p2a: Landorus\n|-damage|p2a: Landorus|12\/100\n|\n|upkeep\n|turn|68\n|\n|t:|1658117087\n|switch|p1a: Rotom|Rotom-Wash|19\/100\n|move|p2a: Landorus|Earthquake|p1a: Rotom\n|-immune|p1a: Rotom|[from] ability: Levitate\n|\n|upkeep\n|turn|69\n|\n|t:|1658117092\n|move|p1a: Rotom|Volt Switch|p2a: Landorus\n|-immune|p2a: Landorus\n|move|p2a: Landorus|Earthquake|p1a: Rotom\n|-immune|p1a: Rotom|[from] ability: Levitate\n|\n|upkeep\n|turn|70\n|\n|t:|1658117096\n|move|p1a: Rotom|Volt Switch|p2a: Landorus\n|-immune|p2a: Landorus\n|move|p2a: Landorus|Earthquake|p1a: Rotom\n|-immune|p1a: Rotom|[from] ability: Levitate\n|\n|upkeep\n|turn|71\n|\n|t:|1658117098\n|move|p1a: Rotom|Volt Switch|p2a: Landorus\n|-immune|p2a: Landorus\n|move|p2a: Landorus|Earthquake|p1a: Rotom\n|-immune|p1a: Rotom|[from] ability: Levitate\n|\n|upkeep\n|turn|72\n|\n|t:|1658117101\n|move|p1a: Rotom|Volt Switch|p2a: Landorus\n|-immune|p2a: Landorus\n|move|p2a: Landorus|Earthquake|p1a: Rotom\n|-immune|p1a: Rotom|[from] ability: Levitate\n|\n|upkeep\n|turn|73\n|\n|t:|1658117104\n|move|p1a: Rotom|Volt Switch|p2a: Landorus\n|-immune|p2a: Landorus\n|move|p2a: Landorus|Earthquake|p1a: Rotom\n|-immune|p1a: Rotom|[from] ability: Levitate\n|\n|upkeep\n|turn|74\n|\n|t:|1658117106\n|move|p1a: Rotom|Volt Switch|p2a: Landorus\n|-immune|p2a: Landorus\n|move|p2a: Landorus|Earthquake|p1a: Rotom\n|-immune|p1a: Rotom|[from] ability: Levitate\n|\n|upkeep\n|turn|75\n|\n|t:|1658117107\n|move|p1a: Rotom|Volt Switch|p2a: Landorus\n|-immune|p2a: Landorus\n|move|p2a: Landorus|Earthquake|p1a: Rotom\n|-immune|p1a: Rotom|[from] ability: Levitate\n|\n|upkeep\n|turn|76\n|\n|t:|1658117109\n|move|p1a: Rotom|Volt Switch|p2a: Landorus\n|-immune|p2a: Landorus\n|move|p2a: Landorus|Earthquake|p1a: Rotom\n|-immune|p1a: Rotom|[from] ability: Levitate\n|\n|upkeep\n|turn|77\n|\n|t:|1658117110\n|move|p1a: Rotom|Volt Switch|p2a: Landorus\n|-immune|p2a: Landorus\n|move|p2a: Landorus|Earthquake|p1a: Rotom\n|-immune|p1a: Rotom|[from] ability: Levitate\n|\n|upkeep\n|turn|78\n|\n|t:|1658117113\n|move|p1a: Rotom|Volt Switch|p2a: Landorus\n|-immune|p2a: Landorus\n|move|p2a: Landorus|Earthquake|p1a: Rotom\n|-immune|p1a: Rotom|[from] ability: Levitate\n|\n|upkeep\n|turn|79\n|\n|t:|1658117114\n|move|p1a: Rotom|Volt Switch|p2a: Landorus\n|-immune|p2a: Landorus\n|move|p2a: Landorus|Earthquake|p1a: Rotom\n|-immune|p1a: Rotom|[from] ability: Levitate\n|\n|upkeep\n|turn|80\n|\n|t:|1658117118\n|move|p1a: Rotom|Volt Switch|p2a: Landorus\n|-immune|p2a: Landorus\n|move|p2a: Landorus|Earthquake|p1a: Rotom\n|-immune|p1a: Rotom|[from] ability: Levitate\n|\n|upkeep\n|turn|81\n|\n|t:|1658117123\n|move|p1a: Rotom|Volt Switch|p2a: Landorus\n|-immune|p2a: Landorus\n|move|p2a: Landorus|Earthquake|p1a: Rotom\n|-immune|p1a: Rotom|[from] ability: Levitate\n|\n|upkeep\n|turn|82\n|\n|t:|1658117126\n|switch|p1a: Slowbro|Slowbro, F|91\/100 tox\n|-activate|p2a: Landorus|move: Struggle\n|move|p2a: Landorus|Struggle|p1a: Slowbro\n|-damage|p1a: Slowbro|80\/100 tox\n|-damage|p2a: Landorus|0 fnt|[from] recoil\n|faint|p2a: Landorus\n|\n|-damage|p1a: Slowbro|74\/100 tox|[from] psn\n|upkeep\n|\n|t:|1658117128\n|switch|p2a: Toxapex|Toxapex, F|100\/100 brn\n|turn|83\n|\n|t:|1658117131\n|switch|p1a: Chansey|Chansey, F|49\/100\n|move|p2a: Toxapex|Knock Off|p1a: Chansey\n|-damage|p1a: Chansey|44\/100\n|\n|-damage|p2a: Toxapex|95\/100 brn|[from] brn\n|upkeep\n|turn|84\n|\n|t:|1658117133\n|move|p1a: Chansey|Aromatherapy|p1a: Chansey\n|-activate|p1a: Chansey|move: Aromatherapy\n|-curestatus|p1: Slowbro|tox|[msg]\n|move|p2a: Toxapex|Toxic|p1a: Chansey\n|-status|p1a: Chansey|tox\n|\n|-damage|p1a: Chansey|37\/100 tox|[from] psn\n|-damage|p2a: Toxapex|89\/100 brn|[from] brn\n|upkeep\n|turn|85\n|\n|t:|1658117137\n|move|p1a: Chansey|Soft-Boiled|p1a: Chansey\n|-heal|p1a: Chansey|88\/100 tox\n|move|p2a: Toxapex|Knock Off|p1a: Chansey\n|-damage|p1a: Chansey|82\/100 tox\n|\n|-damage|p1a: Chansey|70\/100 tox|[from] psn\n|-damage|p2a: Toxapex|83\/100 brn|[from] brn\n|upkeep\n|turn|86\n|\n|t:|1658117141\n|-curestatus|p1a: Chansey|tox|[from] ability: Natural Cure\n|switch|p1a: Venusaur|Venusaur, M|100\/100\n|move|p2a: Toxapex|Toxic|p1a: Venusaur\n|-immune|p1a: Venusaur\n|\n|-damage|p2a: Toxapex|77\/100 brn|[from] brn\n|upkeep\n|turn|87\n|\n|t:|1658117145\n|detailschange|p1a: Venusaur|Venusaur-Mega, M\n|-mega|p1a: Venusaur|Venusaur|Venusaurite\n|move|p1a: Venusaur|Giga Drain|p2a: Toxapex\n|-damage|p2a: Toxapex|54\/100 brn\n|move|p2a: Toxapex|Knock Off|p1a: Venusaur\n|-damage|p1a: Venusaur|96\/100\n|\n|-damage|p2a: Toxapex|48\/100 brn|[from] brn\n|upkeep\n|turn|88\n|-message|Cowsrule247 forfeited.\n|\n|win|linkoerk\n|raw|linkoerk's rating: 1411 &rarr; <strong>1435<\/strong><br \/>(+24 for winning)\n|raw|Cowsrule247's rating: 1479 &rarr; <strong>1455<\/strong><br \/>(-24 for losing)\n|l|\u203dCowsrule247\n","uploadtime":1658117155,"views":9,"p1id":"linkoerk","p2id":"cowsrule247","formatid":"gen7ou","rating":1435,"private":0,"password":null}