{"id":"gen7ou-964616385","p1":"JoeyOwesMeMoney","p2":"Slashutu","format":"gen7ou","log":"|j|\u2606JoeyOwesMeMoney\n|j|\u2606Slashutu\n|player|p1|JoeyOwesMeMoney|169|1805\n|player|p2|Slashutu|101|1804\n|teamsize|p1|6\n|teamsize|p2|6\n|gametype|singles\n|gen|7\n|tier|[Gen 7] OU\n|rated|\n|rule|Sleep Clause Mod: Limit one foe put to sleep\n|rule|Species Clause: Limit one of each Pok\u00e9mon\n|rule|OHKO Clause: OHKO moves are banned\n|rule|Moody Clause: Moody is banned\n|rule|Evasion Moves Clause: Evasion moves are banned\n|rule|Endless Battle Clause: Forcing endless battles is banned\n|rule|HP Percentage Mod: HP is shown in percentages\n|clearpoke\n|poke|p1|Skarmory, F|item\n|poke|p1|Chansey, F|item\n|poke|p1|Magnezone|item\n|poke|p1|Toxapex, F|item\n|poke|p1|Clefable, F|item\n|poke|p1|Sableye, F|item\n|poke|p2|Tyranitar, F|item\n|poke|p2|Excadrill, F|item\n|poke|p2|Blacephalon|item\n|poke|p2|Tornadus-Therian, M|item\n|poke|p2|Toxapex, F|item\n|poke|p2|Tangrowth, M|item\n|teampreview\n|\n|start\n|switch|p1a: Sableye|Sableye, F|100\/100\n|switch|p2a: Toxapex|Toxapex, F|100\/100\n|turn|1\n|j| rich327\n|\n|detailschange|p1a: Sableye|Sableye-Mega, F\n|-mega|p1a: Sableye|Sableye|Sablenite\n|move|p2a: Toxapex|Scald|p1a: Sableye\n|-damage|p1a: Sableye|87\/100\n|move|p1a: Sableye|Knock Off|p2a: Toxapex\n|-damage|p2a: Toxapex|76\/100\n|-enditem|p2a: Toxapex|Black Sludge|[from] move: Knock Off|[of] p1a: Sableye\n|\n|upkeep\n|turn|2\n|\n|switch|p1a: Toxapex|Toxapex, F|100\/100\n|move|p2a: Toxapex|Scald|p1a: Toxapex\n|-resisted|p1a: Toxapex\n|-damage|p1a: Toxapex|93\/100\n|\n|-heal|p1a: Toxapex|99\/100|[from] item: Black Sludge\n|upkeep\n|turn|3\n|\n|move|p1a: Toxapex|Scald|p2a: Toxapex\n|-resisted|p2a: Toxapex\n|-damage|p2a: Toxapex|71\/100\n|-status|p2a: Toxapex|brn\n|move|p2a: Toxapex|Scald|p1a: Toxapex\n|-resisted|p1a: Toxapex\n|-damage|p1a: Toxapex|92\/100\n|\n|-heal|p1a: Toxapex|98\/100|[from] item: Black Sludge\n|-damage|p2a: Toxapex|65\/100 brn|[from] brn\n|upkeep\n|turn|4\n|\n|move|p1a: Toxapex|Toxic Spikes|p2a: Toxapex\n|-sidestart|p2: Slashutu|move: Toxic Spikes\n|move|p2a: Toxapex|Scald|p1a: Toxapex\n|-resisted|p1a: Toxapex\n|-damage|p1a: Toxapex|92\/100\n|\n|-heal|p1a: Toxapex|98\/100|[from] item: Black Sludge\n|-damage|p2a: Toxapex|58\/100 brn|[from] brn\n|upkeep\n|turn|5\n|j| MichaelFingRogers\n|l| MichaelFingRogers\n|\n|switch|p1a: Chansey|Chansey, F|100\/100\n|move|p2a: Toxapex|Scald|p1a: Chansey\n|-damage|p1a: Chansey|95\/100\n|-status|p1a: Chansey|brn\n|\n|-damage|p1a: Chansey|89\/100 brn|[from] brn\n|-damage|p2a: Toxapex|52\/100 brn|[from] brn\n|upkeep\n|turn|6\n|\n|switch|p2a: Tornadus|Tornadus-Therian, M|100\/100\n|move|p1a: Chansey|Stealth Rock|p2a: Tornadus\n|-sidestart|p2: Slashutu|move: Stealth Rock\n|\n|-damage|p1a: Chansey|83\/100 brn|[from] brn\n|upkeep\n|turn|7\n|\n|move|p2a: Tornadus|Knock Off|p1a: Chansey\n|-damage|p1a: Chansey|69\/100 brn\n|-enditem|p1a: Chansey|Eviolite|[from] move: Knock Off|[of] p2a: Tornadus\n|move|p1a: Chansey|Toxic|p2a: Tornadus\n|-status|p2a: Tornadus|tox\n|\n|-damage|p2a: Tornadus|94\/100 tox|[from] psn\n|-damage|p1a: Chansey|63\/100 brn|[from] brn\n|upkeep\n|turn|8\n|j| shiftesting\n|\n|move|p2a: Tornadus|U-turn|p1a: Chansey\n|-damage|p1a: Chansey|46\/100 brn\n|\n|switch|p2a: Toxapex|Toxapex, F|85\/100 brn|[from]move: U-turn\n|-sideend|p2: Slashutu|move: Toxic Spikes|[of] p2a: Toxapex\n|-damage|p2a: Toxapex|73\/100 brn|[from] Stealth Rock\n|move|p1a: Chansey|Stealth Rock||[still]\n|-fail|p1a: Chansey\n|\n|-damage|p1a: Chansey|40\/100 brn|[from] brn\n|-damage|p2a: Toxapex|67\/100 brn|[from] brn\n|upkeep\n|turn|9\n|\n|switch|p2a: Excadrill|Excadrill, F|100\/100\n|-damage|p2a: Excadrill|97\/100|[from] Stealth Rock\n|-item|p2a: Excadrill|Air Balloon\n|move|p1a: Chansey|Soft-Boiled|p1a: Chansey\n|-heal|p1a: Chansey|90\/100 brn\n|\n|-damage|p1a: Chansey|84\/100 brn|[from] brn\n|upkeep\n|turn|10\n|\n|switch|p1a: Skarmory|Skarmory, F|100\/100\n|move|p2a: Excadrill|Swords Dance|p2a: Excadrill\n|-boost|p2a: Excadrill|atk|2\n|\n|upkeep\n|turn|11\n|\n|move|p2a: Excadrill|Rapid Spin|p1a: Skarmory\n|-resisted|p1a: Skarmory\n|-damage|p1a: Skarmory|96\/100\n|-damage|p2a: Excadrill|81\/100|[from] item: Rocky Helmet|[of] p1a: Skarmory\n|-sideend|p2: Slashutu|Stealth Rock|[from] move: Rapid Spin|[of] p2a: Excadrill\n|move|p1a: Skarmory|Spikes|p2a: Excadrill\n|-sidestart|p2: Slashutu|Spikes\n|\n|upkeep\n|turn|12\n|\n|switch|p2a: Tornadus|Tornadus-Therian, M|100\/100 tox\n|move|p1a: Skarmory|Counter||[still]\n|-fail|p1a: Skarmory\n|\n|-damage|p2a: Tornadus|94\/100 tox|[from] psn\n|upkeep\n|turn|13\n|\n|switch|p1a: Toxapex|Toxapex, F|100\/100\n|move|p2a: Tornadus|Knock Off|p1a: Toxapex\n|-damage|p1a: Toxapex|87\/100\n|-enditem|p1a: Toxapex|Black Sludge|[from] move: Knock Off|[of] p2a: Tornadus\n|\n|-damage|p2a: Tornadus|82\/100 tox|[from] psn\n|upkeep\n|turn|14\n|\n|move|p2a: Tornadus|U-turn|p1a: Toxapex\n|-resisted|p1a: Toxapex\n|-damage|p1a: Toxapex|82\/100\n|\n|switch|p2a: Toxapex|Toxapex, F|99\/100 brn|[from]move: U-turn\n|-damage|p2a: Toxapex|87\/100 brn|[from] Spikes\n|move|p1a: Toxapex|Scald|p2a: Toxapex\n|-resisted|p2a: Toxapex\n|-damage|p2a: Toxapex|82\/100 brn\n|\n|-damage|p2a: Toxapex|76\/100 brn|[from] brn\n|upkeep\n|turn|15\n|\n|move|p2a: Toxapex|Scald|p1a: Toxapex\n|-resisted|p1a: Toxapex\n|-damage|p1a: Toxapex|75\/100\n|move|p1a: Toxapex|Toxic Spikes|p2a: Toxapex\n|-sidestart|p2: Slashutu|move: Toxic Spikes\n|\n|-damage|p2a: Toxapex|70\/100 brn|[from] brn\n|upkeep\n|turn|16\n|\n|switch|p1a: Chansey|Chansey, F|84\/100\n|move|p2a: Toxapex|Scald|p1a: Chansey\n|-damage|p1a: Chansey|76\/100\n|-status|p1a: Chansey|brn\n|\n|-damage|p1a: Chansey|70\/100 brn|[from] brn\n|-damage|p2a: Toxapex|63\/100 brn|[from] brn\n|upkeep\n|turn|17\n|\n|switch|p2a: Tornadus|Tornadus-Therian, M|100\/100 tox\n|move|p1a: Chansey|Stealth Rock|p2a: Tornadus\n|-sidestart|p2: Slashutu|move: Stealth Rock\n|\n|-damage|p2a: Tornadus|94\/100 tox|[from] psn\n|-damage|p1a: Chansey|64\/100 brn|[from] brn\n|upkeep\n|turn|18\n|\n|move|p2a: Tornadus|U-turn|p1a: Chansey\n|-damage|p1a: Chansey|47\/100 brn\n|\n|switch|p2a: Excadrill|Excadrill, F|81\/100|[from]move: U-turn\n|-damage|p2a: Excadrill|78\/100|[from] Stealth Rock\n|-item|p2a: Excadrill|Air Balloon\n|move|p1a: Chansey|Seismic Toss|p2a: Excadrill\n|-damage|p2a: Excadrill|50\/100\n|-enditem|p2a: Excadrill|Air Balloon\n|\n|-damage|p1a: Chansey|41\/100 brn|[from] brn\n|upkeep\n|turn|19\n|j| yiailu\n|j| Kate Upton Is Bae\n|\n|-curestatus|p1a: Chansey|brn|[from] ability: Natural Cure\n|switch|p1a: Skarmory|Skarmory, F|96\/100\n|move|p2a: Excadrill|Rapid Spin|p1a: Skarmory\n|-resisted|p1a: Skarmory\n|-damage|p1a: Skarmory|94\/100\n|-damage|p2a: Excadrill|33\/100|[from] item: Rocky Helmet|[of] p1a: Skarmory\n|-sideend|p2: Slashutu|Spikes|[from] move: Rapid Spin|[of] p2a: Excadrill\n|-sideend|p2: Slashutu|Toxic Spikes|[from] move: Rapid Spin|[of] p2a: Excadrill\n|-sideend|p2: Slashutu|Stealth Rock|[from] move: Rapid Spin|[of] p2a: Excadrill\n|\n|upkeep\n|turn|20\n|\n|switch|p2a: Blacephalon|Blacephalon|100\/100\n|move|p1a: Skarmory|Spikes|p2a: Blacephalon\n|-sidestart|p2: Slashutu|Spikes\n|\n|upkeep\n|turn|21\n|\n|switch|p1a: Toxapex|Toxapex, F|100\/100\n|move|p2a: Blacephalon|Calm Mind|p2a: Blacephalon\n|-boost|p2a: Blacephalon|spa|1\n|-boost|p2a: Blacephalon|spd|1\n|\n|upkeep\n|turn|22\n|\n|switch|p1a: Chansey|Chansey, F|41\/100\n|move|p2a: Blacephalon|Shadow Ball|p1a: Chansey\n|-immune|p1a: Chansey\n|\n|upkeep\n|turn|23\n|\n|move|p2a: Blacephalon|Substitute|p2a: Blacephalon\n|-start|p2a: Blacephalon|Substitute\n|-damage|p2a: Blacephalon|76\/100\n|move|p1a: Chansey|Stealth Rock|p2a: Blacephalon\n|-sidestart|p2: Slashutu|move: Stealth Rock\n|\n|upkeep\n|turn|24\n|\n|move|p2a: Blacephalon|Shadow Ball|p1a: Chansey\n|-immune|p1a: Chansey\n|move|p1a: Chansey|Soft-Boiled|p1a: Chansey\n|-heal|p1a: Chansey|91\/100\n|\n|upkeep\n|turn|25\n|\n|switch|p1a: Toxapex|Toxapex, F|100\/100\n|move|p2a: Blacephalon|Shadow Ball|p1a: Toxapex\n|-damage|p1a: Toxapex|48\/100\n|\n|upkeep\n|turn|26\n|\n|switch|p1a: Chansey|Chansey, F|91\/100\n|move|p2a: Blacephalon|Shadow Ball|p1a: Chansey\n|-immune|p1a: Chansey\n|\n|upkeep\n|turn|27\n|j| judang\n|\n|switch|p1a: Toxapex|Toxapex, F|81\/100\n|move|p2a: Blacephalon|Calm Mind|p2a: Blacephalon\n|-boost|p2a: Blacephalon|spa|1\n|-boost|p2a: Blacephalon|spd|1\n|\n|upkeep\n|turn|28\n|\n|switch|p1a: Chansey|Chansey, F|91\/100\n|-zpower|p2a: Blacephalon\n|move|p2a: Blacephalon|Never-Ending Nightmare|p1a: Chansey|[zeffect]\n|-immune|p1a: Chansey\n|\n|upkeep\n|turn|29\n|l| shiftesting\n|\n|switch|p1a: Toxapex|Toxapex, F|100\/100\n|move|p2a: Blacephalon|Shadow Ball|p1a: Toxapex\n|-damage|p1a: Toxapex|26\/100\n|\n|upkeep\n|turn|30\n|\n|switch|p1a: Chansey|Chansey, F|91\/100\n|move|p2a: Blacephalon|Flamethrower|p1a: Chansey\n|-damage|p1a: Chansey|46\/100\n|-status|p1a: Chansey|brn\n|\n|-damage|p1a: Chansey|39\/100 brn|[from] brn\n|upkeep\n|turn|31\n|\n|move|p2a: Blacephalon|Flamethrower|p1a: Chansey\n|-damage|p1a: Chansey|0 fnt\n|faint|p1a: Chansey\n|-ability|p2a: Blacephalon|Beast Boost|boost\n|-boost|p2a: Blacephalon|spa|1\n|\n|upkeep\n|\n|switch|p1a: Clefable|Clefable, F|100\/100\n|turn|32\n|j| sdfxgfchgvjbkn\n|\n|move|p1a: Clefable|Protect|p1a: Clefable\n|-singleturn|p1a: Clefable|Protect\n|move|p2a: Blacephalon|Shadow Ball|p1a: Clefable\n|-activate|p1a: Clefable|move: Protect\n|\n|upkeep\n|turn|33\n|l| sdfxgfchgvjbkn\n|\n|move|p2a: Blacephalon|Shadow Ball|p1a: Clefable\n|-crit|p1a: Clefable\n|-damage|p1a: Clefable|32\/100\n|move|p1a: Clefable|Wish|p1a: Clefable\n|\n|-heal|p1a: Clefable|38\/100|[from] item: Leftovers\n|upkeep\n|turn|34\n|\n|move|p1a: Clefable|Protect|p1a: Clefable\n|-singleturn|p1a: Clefable|Protect\n|move|p2a: Blacephalon|Calm Mind|p2a: Blacephalon\n|-boost|p2a: Blacephalon|spa|1\n|-boost|p2a: Blacephalon|spd|1\n|\n|-heal|p1a: Clefable|88\/100|[from] move: Wish|[wisher] Clefable\n|-heal|p1a: Clefable|94\/100|[from] item: Leftovers\n|upkeep\n|turn|35\n|\n|move|p2a: Blacephalon|Shadow Ball|p1a: Clefable\n|-damage|p1a: Clefable|47\/100\n|move|p1a: Clefable|Wish|p1a: Clefable\n|\n|-heal|p1a: Clefable|53\/100|[from] item: Leftovers\n|upkeep\n|turn|36\n|\n|move|p2a: Blacephalon|Flamethrower|p1a: Clefable\n|-damage|p1a: Clefable|3\/100\n|move|p1a: Clefable|Moonblast|p2a: Blacephalon\n|-resisted|p2a: Blacephalon\n|-activate|p2a: Blacephalon|move: Substitute|[damage]\n|\n|-heal|p1a: Clefable|52\/100|[from] move: Wish|[wisher] Clefable\n|-heal|p1a: Clefable|59\/100|[from] item: Leftovers\n|upkeep\n|turn|37\n|\n|move|p1a: Clefable|Protect|p1a: Clefable\n|-singleturn|p1a: Clefable|Protect\n|move|p2a: Blacephalon|Shadow Ball|p1a: Clefable\n|-activate|p1a: Clefable|move: Protect\n|\n|-heal|p1a: Clefable|65\/100|[from] item: Leftovers\n|upkeep\n|turn|38\n|\n|move|p2a: Blacephalon|Shadow Ball|p1a: Clefable\n|-damage|p1a: Clefable|22\/100\n|move|p1a: Clefable|Wish|p1a: Clefable\n|\n|-heal|p1a: Clefable|28\/100|[from] item: Leftovers\n|upkeep\n|turn|39\n|\n|move|p1a: Clefable|Protect|p1a: Clefable\n|-singleturn|p1a: Clefable|Protect\n|move|p2a: Blacephalon|Calm Mind|p2a: Blacephalon\n|-boost|p2a: Blacephalon|spa|1\n|-boost|p2a: Blacephalon|spd|1\n|\n|-heal|p1a: Clefable|78\/100|[from] move: Wish|[wisher] Clefable\n|-heal|p1a: Clefable|84\/100|[from] item: Leftovers\n|upkeep\n|turn|40\n|\n|move|p2a: Blacephalon|Shadow Ball|p1a: Clefable\n|-damage|p1a: Clefable|39\/100\n|move|p1a: Clefable|Wish|p1a: Clefable\n|\n|-heal|p1a: Clefable|46\/100|[from] item: Leftovers\n|upkeep\n|turn|41\n|\n|move|p1a: Clefable|Protect|p1a: Clefable\n|-singleturn|p1a: Clefable|Protect\n|move|p2a: Blacephalon|Calm Mind|p2a: Blacephalon\n|-boost|p2a: Blacephalon|spa|1\n|-boost|p2a: Blacephalon|spd|1\n|\n|-heal|p1a: Clefable|95\/100|[from] move: Wish|[wisher] Clefable\n|-heal|p1a: Clefable|100\/100|[from] item: Leftovers\n|upkeep\n|turn|42\n|\n|move|p2a: Blacephalon|Shadow Ball|p1a: Clefable\n|-damage|p1a: Clefable|55\/100\n|move|p1a: Clefable|Wish|p1a: Clefable\n|\n|-heal|p1a: Clefable|61\/100|[from] item: Leftovers\n|upkeep\n|turn|43\n|\n|move|p2a: Blacephalon|Flamethrower|p1a: Clefable\n|-damage|p1a: Clefable|8\/100\n|move|p1a: Clefable|Moonblast|p2a: Blacephalon\n|-resisted|p2a: Blacephalon\n|-end|p2a: Blacephalon|Substitute\n|\n|-heal|p1a: Clefable|58\/100|[from] move: Wish|[wisher] Clefable\n|-heal|p1a: Clefable|64\/100|[from] item: Leftovers\n|upkeep\n|turn|44\n|\n|move|p2a: Blacephalon|Shadow Ball|p1a: Clefable\n|-damage|p1a: Clefable|21\/100\n|move|p1a: Clefable|Wish|p1a: Clefable\n|\n|-heal|p1a: Clefable|27\/100|[from] item: Leftovers\n|upkeep\n|turn|45\n|\n|move|p1a: Clefable|Protect|p1a: Clefable\n|-singleturn|p1a: Clefable|Protect\n|move|p2a: Blacephalon|Substitute|p2a: Blacephalon\n|-start|p2a: Blacephalon|Substitute\n|-damage|p2a: Blacephalon|51\/100\n|\n|-heal|p1a: Clefable|77\/100|[from] move: Wish|[wisher] Clefable\n|-heal|p1a: Clefable|83\/100|[from] item: Leftovers\n|upkeep\n|turn|46\n|\n|move|p2a: Blacephalon|Shadow Ball|p1a: Clefable\n|-damage|p1a: Clefable|37\/100\n|move|p1a: Clefable|Wish|p1a: Clefable\n|\n|-heal|p1a: Clefable|43\/100|[from] item: Leftovers\n|upkeep\n|turn|47\n|\n|move|p1a: Clefable|Protect|p1a: Clefable\n|-singleturn|p1a: Clefable|Protect\n|move|p2a: Blacephalon|Flamethrower|p1a: Clefable\n|-activate|p1a: Clefable|move: Protect\n|\n|-heal|p1a: Clefable|93\/100|[from] move: Wish|[wisher] Clefable\n|-heal|p1a: Clefable|99\/100|[from] item: Leftovers\n|upkeep\n|turn|48\n|\n|move|p2a: Blacephalon|Shadow Ball|p1a: Clefable\n|-damage|p1a: Clefable|54\/100\n|move|p1a: Clefable|Wish|p1a: Clefable\n|\n|-heal|p1a: Clefable|60\/100|[from] item: Leftovers\n|upkeep\n|turn|49\n|\n|move|p2a: Blacephalon|Flamethrower|p1a: Clefable\n|-damage|p1a: Clefable|8\/100\n|move|p1a: Clefable|Moonblast|p2a: Blacephalon\n|-resisted|p2a: Blacephalon\n|-activate|p2a: Blacephalon|move: Substitute|[damage]\n|\n|-heal|p1a: Clefable|58\/100|[from] move: Wish|[wisher] Clefable\n|-heal|p1a: Clefable|64\/100|[from] item: Leftovers\n|upkeep\n|turn|50\n|\n|move|p1a: Clefable|Protect|p1a: Clefable\n|-singleturn|p1a: Clefable|Protect\n|move|p2a: Blacephalon|Flamethrower|p1a: Clefable\n|-activate|p1a: Clefable|move: Protect\n|\n|-heal|p1a: Clefable|70\/100|[from] item: Leftovers\n|upkeep\n|turn|51\n|\n|move|p2a: Blacephalon|Shadow Ball|p1a: Clefable\n|-damage|p1a: Clefable|23\/100\n|move|p1a: Clefable|Wish|p1a: Clefable\n|\n|-heal|p1a: Clefable|30\/100|[from] item: Leftovers\n|upkeep\n|turn|52\n|\n|move|p1a: Clefable|Protect|p1a: Clefable\n|-singleturn|p1a: Clefable|Protect\n|move|p2a: Blacephalon|Calm Mind|p2a: Blacephalon\n|-boost|p2a: Blacephalon|spa|0\n|-boost|p2a: Blacephalon|spd|1\n|\n|-heal|p1a: Clefable|79\/100|[from] move: Wish|[wisher] Clefable\n|-heal|p1a: Clefable|85\/100|[from] item: Leftovers\n|upkeep\n|turn|53\n|c|\u2606Slashutu|you for sure a virgin with no badges\n|\n|move|p2a: Blacephalon|Shadow Ball|p1a: Clefable\n|-damage|p1a: Clefable|44\/100\n|-unboost|p1a: Clefable|spd|1\n|move|p1a: Clefable|Wish|p1a: Clefable\n|\n|-heal|p1a: Clefable|50\/100|[from] item: Leftovers\n|upkeep\n|turn|54\n|\n|move|p1a: Clefable|Protect|p1a: Clefable\n|-singleturn|p1a: Clefable|Protect\n|move|p2a: Blacephalon|Flamethrower|p1a: Clefable\n|-activate|p1a: Clefable|move: Protect\n|\n|-heal|p1a: Clefable|99\/100|[from] move: Wish|[wisher] Clefable\n|-heal|p1a: Clefable|100\/100|[from] item: Leftovers\n|upkeep\n|turn|55\n|inactive|Battle timer is ON: inactive players will automatically lose when time's up. (requested by Slashutu)\n|j| leldie135\n|\n|switch|p1a: Magnezone|Magnezone|100\/100\n|move|p2a: Blacephalon|Flamethrower|p1a: Magnezone\n|-supereffective|p1a: Magnezone\n|-damage|p1a: Magnezone|0 fnt\n|faint|p1a: Magnezone\n|\n|upkeep\n|\n|switch|p1a: Clefable|Clefable, F|100\/100\n|turn|56\n|c|\u2606Slashutu|Hope this points help you through your bullying in high school\n|\n|move|p1a: Clefable|Protect|p1a: Clefable\n|-singleturn|p1a: Clefable|Protect\n|move|p2a: Blacephalon|Flamethrower|p1a: Clefable\n|-activate|p1a: Clefable|move: Protect\n|\n|upkeep\n|turn|57\n|j| Light chanseyy\n|\n|move|p2a: Blacephalon|Shadow Ball|p1a: Clefable\n|-damage|p1a: Clefable|58\/100\n|move|p1a: Clefable|Wish|p1a: Clefable\n|\n|-heal|p1a: Clefable|64\/100|[from] item: Leftovers\n|upkeep\n|turn|58\n|\n|move|p2a: Blacephalon|Flamethrower|p1a: Clefable\n|-damage|p1a: Clefable|18\/100\n|move|p1a: Clefable|Moonblast|p2a: Blacephalon\n|-resisted|p2a: Blacephalon\n|-end|p2a: Blacephalon|Substitute\n|\n|-heal|p1a: Clefable|68\/100|[from] move: Wish|[wisher] Clefable\n|-heal|p1a: Clefable|74\/100|[from] item: Leftovers\n|upkeep\n|turn|59\n|\n|move|p2a: Blacephalon|Shadow Ball|p1a: Clefable\n|-damage|p1a: Clefable|33\/100\n|move|p1a: Clefable|Wish|p1a: Clefable\n|\n|-heal|p1a: Clefable|39\/100|[from] item: Leftovers\n|upkeep\n|turn|60\n|\n|move|p1a: Clefable|Protect|p1a: Clefable\n|-singleturn|p1a: Clefable|Protect\n|move|p2a: Blacephalon|Substitute|p2a: Blacephalon\n|-start|p2a: Blacephalon|Substitute\n|-damage|p2a: Blacephalon|26\/100\n|\n|-heal|p1a: Clefable|89\/100|[from] move: Wish|[wisher] Clefable\n|-heal|p1a: Clefable|95\/100|[from] item: Leftovers\n|upkeep\n|turn|61\n|\n|move|p2a: Blacephalon|Shadow Ball|p1a: Clefable\n|-damage|p1a: Clefable|49\/100\n|move|p1a: Clefable|Wish|p1a: Clefable\n|\n|-heal|p1a: Clefable|55\/100|[from] item: Leftovers\n|upkeep\n|turn|62\n|\n|move|p2a: Blacephalon|Flamethrower|p1a: Clefable\n|-damage|p1a: Clefable|7\/100\n|-status|p1a: Clefable|brn\n|move|p1a: Clefable|Moonblast|p2a: Blacephalon\n|-resisted|p2a: Blacephalon\n|-end|p2a: Blacephalon|Substitute\n|\n|-heal|p1a: Clefable|56\/100 brn|[from] move: Wish|[wisher] Clefable\n|-heal|p1a: Clefable|63\/100 brn|[from] item: Leftovers\n|-damage|p1a: Clefable|56\/100 brn|[from] brn\n|upkeep\n|turn|63\n|l| Light chanseyy\n|inactive|JoeyOwesMeMoney has 120 seconds left.\n|j| yakitooru\n|l| leldie135\n|inactive|JoeyOwesMeMoney has 90 seconds left.\n|j| D098\n|j|\u203dhypervortexreturns\n|l| D098\n|inactive|JoeyOwesMeMoney has 60 seconds left.\n|inactive|JoeyOwesMeMoney has 30 seconds left.\n|inactive|JoeyOwesMeMoney has 20 seconds left.\n|inactive|JoeyOwesMeMoney has 15 seconds left.\n|inactive|JoeyOwesMeMoney has 10 seconds left.\n|j| Shooters on deck\n|c| rich327|Stall players can't play. all they can do is stall lol\n|inactive|JoeyOwesMeMoney has 5 seconds left.\n|-message|JoeyOwesMeMoney lost due to inactivity.\n|\n|win|Slashutu\n|raw|JoeyOwesMeMoney's rating: 1806 &rarr; <strong>1785<\/strong><br \/>(-21 for losing)\n|raw|Slashutu's rating: 1804 &rarr; <strong>1824<\/strong><br \/>(+20 for winning)\n|l|\u2606Slashutu\n|j|@bobochan\n|j| Filtration\n","uploadtime":1566539716,"views":31,"p1id":"joeyowesmemoney","p2id":"slashutu","formatid":"gen7ou","rating":1785,"private":0,"password":null}