{"id":"gen7ou-667810599","p1":"LeaderMissingNo","p2":"Toxabelle","format":"gen7ou","log":"|raw|<div class=\"broadcast-red\"><strong>This battle is invite-only!<\/strong><br \/>Users must be rank + or invited with <code>\/invite<\/code> to join<\/div>\n|j|LeaderMissingNo\n|j|Toxabelle\n|player|p1|LeaderMissingNo|238\n|teamsize|p1|6\n|player|p2|Toxabelle|164\n|teamsize|p2|6\n|gametype|singles\n|gen|7\n|tier|[Gen 7] OU\n|rated|\n|seed|10132,3150,455,43871\n|rule|Sleep Clause Mod: Limit one foe put to sleep\n|rule|Species Clause: Limit one of each Pok\u00e9mon\n|rule|OHKO Clause: OHKO moves are banned\n|rule|Moody Clause: Moody is banned\n|rule|Evasion Moves Clause: Evasion moves are banned\n|rule|Endless Battle Clause: Forcing endless battles is banned\n|rule|HP Percentage Mod: HP is shown in percentages\n|clearpoke\n|poke|p1|Chansey, F|item\n|poke|p1|Gliscor, F|item\n|poke|p1|Slowbro, M|item\n|poke|p1|Toxapex, M|item\n|poke|p1|Ditto|item\n|poke|p1|Forretress, M|item\n|poke|p2|Venusaur, F|item\n|poke|p2|Keldeo-Resolute|item\n|poke|p2|Skarmory, F|item\n|poke|p2|Chansey, F|item\n|poke|p2|Heatran, M|item\n|poke|p2|Bisharp, F|item\n|teampreview\n|inactive|Battle timer is ON: inactive players will automatically lose when time's up. (requested by Toxabelle)\n|choice|team 2, team 1, team 3, team 4, team 5, team 6|team 2, team 1, team 3, team 4, team 5, team 6\n|\n|start\n|switch|p1a: Gliscor|Gliscor, F|354\/354\n|switch|p2a: Keldeo|Keldeo-Resolute|323\/323\n|turn|1\n|choice|move protect|move substitute\n|\n|move|p1a: Gliscor|Protect|p1a: Gliscor\n|-singleturn|p1a: Gliscor|Protect\n|move|p2a: Keldeo|Substitute|p2a: Keldeo\n|-start|p2a: Keldeo|Substitute\n|-damage|p2a: Keldeo|243\/323\n|\n|-heal|p2a: Keldeo|263\/323|[from] item: Leftovers\n|-status|p1a: Gliscor|tox|[from] item: Toxic Orb\n|upkeep\n|turn|2\n|choice|switch 4|move scald\n|\n|switch|p1a: Toxapex|Toxapex, M|304\/304\n|move|p2a: Keldeo|Scald|p1a: Toxapex\n|-resisted|p1a: Toxapex\n|-damage|p1a: Toxapex|268\/304\n|\n|-heal|p2a: Keldeo|283\/323|[from] item: Leftovers\n|-heal|p1a: Toxapex|287\/304|[from] item: Black Sludge\n|upkeep\n|turn|3\n|choice|move poisonjab|move calmmind\n|\n|move|p2a: Keldeo|Calm Mind|p2a: Keldeo\n|-boost|p2a: Keldeo|spa|1\n|-boost|p2a: Keldeo|spd|1\n|move|p1a: Toxapex|Poison Jab|p2a: Keldeo\n|-activate|p2a: Keldeo|move: Substitute|[damage]\n|\n|-heal|p2a: Keldeo|303\/323|[from] item: Leftovers\n|-heal|p1a: Toxapex|304\/304|[from] item: Black Sludge\n|upkeep\n|turn|4\n|choice|move haze|move scald\n|\n|move|p2a: Keldeo|Scald|p1a: Toxapex\n|-resisted|p1a: Toxapex\n|-damage|p1a: Toxapex|247\/304\n|-status|p1a: Toxapex|brn\n|move|p1a: Toxapex|Haze|p1a: Toxapex\n|-clearallboost\n|\n|-heal|p2a: Keldeo|323\/323|[from] item: Leftovers\n|-heal|p1a: Toxapex|266\/304 brn|[from] item: Black Sludge\n|-damage|p1a: Toxapex|247\/304 brn|[from] brn\n|upkeep\n|turn|5\n|choice|move scald|switch 5\n|\n|switch|p2a: Heatran|Heatran, M|385\/385\n|move|p1a: Toxapex|Scald|p2a: Heatran\n|-supereffective|p2a: Heatran\n|-damage|p2a: Heatran|281\/385\n|\n|-heal|p2a: Heatran|305\/385|[from] item: Leftovers\n|-heal|p1a: Toxapex|266\/304 brn|[from] item: Black Sludge\n|-damage|p1a: Toxapex|247\/304 brn|[from] brn\n|upkeep\n|turn|6\n|choice|switch 3|move stealthrock\n|\n|switch|p1a: Slowbro|Slowbro, M|332\/332\n|move|p2a: Heatran|Stealth Rock|p1a: Slowbro\n|-sidestart|p1: LeaderMissingNo|move: Stealth Rock\n|\n|-heal|p2a: Heatran|329\/385|[from] item: Leftovers\n|upkeep\n|turn|7\n|choice|move futuresight|switch 2\n|\n|switch|p2a: Venusaur|Venusaur, F|363\/363\n|move|p1a: Slowbro|Future Sight|p2a: Venusaur\n|-start|p1a: Slowbro|move: Future Sight\n|\n|upkeep\n|turn|8\n|choice|switch 3|switch 4\n|\n|switch|p2a: Chansey|Chansey, F|703\/703\n|switch|p1a: Toxapex|Toxapex, M|304\/304 brn\n|-damage|p1a: Toxapex|266\/304 brn|[from] Stealth Rock\n|\n|-heal|p1a: Toxapex|285\/304 brn|[from] item: Black Sludge\n|-damage|p1a: Toxapex|266\/304 brn|[from] brn\n|upkeep\n|turn|9\n|choice|switch 4|move seismictoss\n|\n|switch|p1a: Gliscor|Gliscor, F|354\/354 tox\n|-damage|p1a: Gliscor|310\/354 tox|[from] Stealth Rock\n|move|p2a: Chansey|Seismic Toss|p1a: Gliscor\n|-damage|p1a: Gliscor|210\/354 tox\n|\n|-end|p2a: Chansey|move: Future Sight\n|-damage|p2a: Chansey|594\/703\n|-heal|p1a: Gliscor|254\/354 tox|[from] ability: Poison Heal\n|upkeep\n|turn|10\n|choice|move stealthrock|switch 5\n|\n|switch|p2a: Keldeo|Keldeo-Resolute|323\/323\n|move|p1a: Gliscor|Stealth Rock|p2a: Keldeo\n|-sidestart|p2: Toxabelle|move: Stealth Rock\n|\n|-heal|p1a: Gliscor|298\/354 tox|[from] ability: Poison Heal\n|upkeep\n|turn|11\n|choice|switch 4|move scald\n|\n|switch|p1a: Toxapex|Toxapex, M|304\/304 brn\n|-damage|p1a: Toxapex|266\/304 brn|[from] Stealth Rock\n|move|p2a: Keldeo|Scald|p1a: Toxapex\n|-resisted|p1a: Toxapex\n|-damage|p1a: Toxapex|224\/304 brn\n|\n|-heal|p1a: Toxapex|243\/304 brn|[from] item: Black Sludge\n|-damage|p1a: Toxapex|224\/304 brn|[from] brn\n|upkeep\n|turn|12\n|choice|move poisonjab|move substitute\n|\n|move|p2a: Keldeo|Substitute|p2a: Keldeo\n|-start|p2a: Keldeo|Substitute\n|-damage|p2a: Keldeo|243\/323\n|move|p1a: Toxapex|Poison Jab|p2a: Keldeo\n|-activate|p2a: Keldeo|move: Substitute|[damage]\n|\n|-heal|p2a: Keldeo|263\/323|[from] item: Leftovers\n|-heal|p1a: Toxapex|243\/304 brn|[from] item: Black Sludge\n|-damage|p1a: Toxapex|224\/304 brn|[from] brn\n|upkeep\n|turn|13\n|inactive|LeaderMissingNo has 135 seconds left.\n|choice|move scald|move calmmind\n|\n|move|p2a: Keldeo|Calm Mind|p2a: Keldeo\n|-boost|p2a: Keldeo|spa|1\n|-boost|p2a: Keldeo|spd|1\n|move|p1a: Toxapex|Scald|p2a: Keldeo\n|-resisted|p2a: Keldeo\n|-activate|p2a: Keldeo|move: Substitute|[damage]\n|\n|-heal|p2a: Keldeo|283\/323|[from] item: Leftovers\n|-heal|p1a: Toxapex|243\/304 brn|[from] item: Black Sludge\n|-damage|p1a: Toxapex|224\/304 brn|[from] brn\n|upkeep\n|turn|14\n|choice|move haze|move secretsword\n|\n|move|p2a: Keldeo|Secret Sword|p1a: Toxapex\n|-resisted|p1a: Toxapex\n|-damage|p1a: Toxapex|152\/304 brn\n|move|p1a: Toxapex|Haze|p1a: Toxapex\n|-clearallboost\n|\n|-heal|p2a: Keldeo|303\/323|[from] item: Leftovers\n|-heal|p1a: Toxapex|171\/304 brn|[from] item: Black Sludge\n|-damage|p1a: Toxapex|152\/304 brn|[from] brn\n|upkeep\n|turn|15\n|choice|move recover|switch 6\n|\n|switch|p2a: Bisharp|Bisharp, F|333\/333\n|-damage|p2a: Bisharp|313\/333|[from] Stealth Rock\n|move|p1a: Toxapex|Recover|p1a: Toxapex\n|-heal|p1a: Toxapex|304\/304 brn\n|\n|-heal|p2a: Bisharp|333\/333|[from] item: Leftovers\n|-damage|p1a: Toxapex|285\/304 brn|[from] brn\n|upkeep\n|turn|16\n|choice|switch 4|move swordsdance\n|\n|switch|p1a: Gliscor|Gliscor, F|298\/354 tox\n|-damage|p1a: Gliscor|254\/354 tox|[from] Stealth Rock\n|move|p2a: Bisharp|Swords Dance|p2a: Bisharp\n|-boost|p2a: Bisharp|atk|2\n|\n|-heal|p1a: Gliscor|298\/354 tox|[from] ability: Poison Heal\n|upkeep\n|turn|17\n|choice|move protect|move knockoff\n|\n|move|p1a: Gliscor|Protect|p1a: Gliscor\n|-singleturn|p1a: Gliscor|Protect\n|move|p2a: Bisharp|Knock Off|p1a: Gliscor\n|-activate|p1a: Gliscor|move: Protect\n|\n|-heal|p1a: Gliscor|342\/354 tox|[from] ability: Poison Heal\n|upkeep\n|turn|18\n|inactive|Toxabelle has 135 seconds left.\n|choice|move earthquake|switch 4\n|\n|switch|p2a: Venusaur|Venusaur, F|363\/363\n|-damage|p2a: Venusaur|318\/363|[from] Stealth Rock\n|move|p1a: Gliscor|Earthquake|p2a: Venusaur\n|-damage|p2a: Venusaur|216\/363\n|\n|-heal|p1a: Gliscor|354\/354 tox|[from] ability: Poison Heal\n|upkeep\n|turn|19\n|choice|switch 4|move gigadrain mega\n|\n|switch|p1a: Toxapex|Toxapex, M|304\/304 brn\n|-damage|p1a: Toxapex|266\/304 brn|[from] Stealth Rock\n|-mega|p2a: Venusaur|Venusaur|Venusaurite\n|detailschange|p2a: Venusaur|Venusaur-Mega, F\n|move|p2a: Venusaur|Giga Drain|p1a: Toxapex\n|-damage|p1a: Toxapex|211\/304 brn\n|-heal|p2a: Venusaur|244\/363|[from] drain|[of] p1a: Toxapex\n|\n|-heal|p1a: Toxapex|230\/304 brn|[from] item: Black Sludge\n|-damage|p1a: Toxapex|211\/304 brn|[from] brn\n|upkeep\n|turn|20\n|choice|move scald|move gigadrain\n|\n|move|p2a: Venusaur|Giga Drain|p1a: Toxapex\n|-damage|p1a: Toxapex|153\/304 brn\n|-heal|p2a: Venusaur|273\/363|[from] drain|[of] p1a: Toxapex\n|move|p1a: Toxapex|Scald|p2a: Venusaur\n|-resisted|p2a: Venusaur\n|-damage|p2a: Venusaur|252\/363\n|\n|-heal|p1a: Toxapex|172\/304 brn|[from] item: Black Sludge\n|-damage|p1a: Toxapex|153\/304 brn|[from] brn\n|upkeep\n|turn|21\n|choice|move scald|move gigadrain\n|\n|move|p2a: Venusaur|Giga Drain|p1a: Toxapex\n|-damage|p1a: Toxapex|95\/304 brn\n|-heal|p2a: Venusaur|281\/363|[from] drain|[of] p1a: Toxapex\n|move|p1a: Toxapex|Scald|p2a: Venusaur\n|-resisted|p2a: Venusaur\n|-damage|p2a: Venusaur|260\/363\n|-status|p2a: Venusaur|brn\n|\n|-heal|p1a: Toxapex|114\/304 brn|[from] item: Black Sludge\n|-damage|p2a: Venusaur|238\/363 brn|[from] brn\n|-damage|p1a: Toxapex|95\/304 brn|[from] brn\n|upkeep\n|turn|22\n|choice|switch 2|move gigadrain\n|\n|switch|p1a: Chansey|Chansey, F|704\/704\n|-damage|p1a: Chansey|616\/704|[from] Stealth Rock\n|move|p2a: Venusaur|Giga Drain|p1a: Chansey\n|-damage|p1a: Chansey|552\/704\n|-heal|p2a: Venusaur|270\/363 brn|[from] drain|[of] p1a: Chansey\n|\n|-damage|p2a: Venusaur|248\/363 brn|[from] brn\n|upkeep\n|turn|23\n|choice|move thunderwave|switch 3\n|\n|switch|p2a: Skarmory|Skarmory, F|333\/333\n|-damage|p2a: Skarmory|292\/333|[from] Stealth Rock\n|move|p1a: Chansey|Thunder Wave|p2a: Skarmory\n|-status|p2a: Skarmory|par\n|\n|upkeep\n|turn|24\n|choice|switch 6|move whirlwind\n|\n|switch|p1a: Forretress|Forretress, M|350\/350\n|-damage|p1a: Forretress|307\/350|[from] Stealth Rock\n|move|p2a: Skarmory|Whirlwind|p1a: Forretress\n|drag|p1a: Gliscor|Gliscor, F|354\/354 tox\n|-damage|p1a: Gliscor|310\/354 tox|[from] Stealth Rock\n|\n|-heal|p1a: Gliscor|354\/354 tox|[from] ability: Poison Heal\n|upkeep\n|turn|25\n|choice|move uturn|move spikes\n|\n|move|p1a: Gliscor|U-turn|p2a: Skarmory\n|-resisted|p2a: Skarmory\n|-damage|p2a: Skarmory|285\/333 par\n|-damage|p1a: Gliscor|295\/354 tox|[from] item: Rocky Helmet|[of] p2a: Skarmory\n|choice|switch 4|\n|\n|switch|p1a: Forretress|Forretress, M|307\/350\n|-damage|p1a: Forretress|264\/350|[from] Stealth Rock\n|move|p2a: Skarmory|Spikes|p1a: Forretress\n|-sidestart|p1: LeaderMissingNo|Spikes\n|\n|-heal|p1a: Forretress|285\/350|[from] item: Leftovers\n|upkeep\n|turn|26\n|choice|move rapidspin|move bravebird\n|\n|move|p1a: Forretress|Rapid Spin|p2a: Skarmory\n|-resisted|p2a: Skarmory\n|-damage|p2a: Skarmory|281\/333 par\n|-damage|p1a: Forretress|227\/350|[from] item: Rocky Helmet|[of] p2a: Skarmory\n|-sideend|p1: LeaderMissingNo|Spikes|[from] move: Rapid Spin|[of] p1a: Forretress\n|-sideend|p1: LeaderMissingNo|Stealth Rock|[from] move: Rapid Spin|[of] p1a: Forretress\n|cant|p2a: Skarmory|par\n|\n|-heal|p1a: Forretress|248\/350|[from] item: Leftovers\n|upkeep\n|turn|27\n|choice|move voltswitch|move spikes\n|\n|move|p1a: Forretress|Volt Switch|p2a: Skarmory\n|-supereffective|p2a: Skarmory\n|-damage|p2a: Skarmory|165\/333 par\n|choice|switch 3|\n|\n|switch|p1a: Slowbro|Slowbro, M|332\/332\n|move|p2a: Skarmory|Spikes|p1a: Slowbro\n|-sidestart|p1: LeaderMissingNo|Spikes\n|\n|upkeep\n|turn|28\n|choice|move scald|switch 5\n|\n|switch|p2a: Chansey|Chansey, F|594\/703\n|-damage|p2a: Chansey|507\/703|[from] Stealth Rock\n|move|p1a: Slowbro|Scald|p2a: Chansey\n|-damage|p2a: Chansey|425\/703\n|\n|upkeep\n|turn|29\n|choice|switch 6|move aromatherapy\n|\n|switch|p1a: Chansey|Chansey, F|552\/704\n|-damage|p1a: Chansey|464\/704|[from] Spikes\n|move|p2a: Chansey|Aromatherapy|p2a: Chansey\n|-activate|p2a: Chansey|move: Aromatherapy\n|-curestatus|p2: Venusaur|brn|[msg]\n|-curestatus|p2: Skarmory|par|[msg]\n|\n|upkeep\n|turn|30\n|choice|move softboiled|move softboiled\n|\n|move|p2a: Chansey|Soft-Boiled|p2a: Chansey\n|-heal|p2a: Chansey|703\/703\n|move|p1a: Chansey|Soft-Boiled|p1a: Chansey\n|-heal|p1a: Chansey|704\/704\n|\n|upkeep\n|turn|31\n|choice|move toxic|move seismictoss\n|\n|move|p2a: Chansey|Seismic Toss|p1a: Chansey\n|-damage|p1a: Chansey|604\/704\n|move|p1a: Chansey|Toxic|p2a: Chansey\n|-status|p2a: Chansey|tox\n|\n|-damage|p2a: Chansey|660\/703 tox|[from] psn\n|upkeep\n|turn|32\n|choice|move seismictoss|switch 5\n|\n|-curestatus|p2a: Chansey|tox|[from] ability: Natural Cure\n|switch|p2a: Skarmory|Skarmory, F|165\/333\n|-damage|p2a: Skarmory|124\/333|[from] Stealth Rock\n|move|p1a: Chansey|Seismic Toss|p2a: Skarmory\n|-damage|p2a: Skarmory|24\/333\n|-damage|p1a: Chansey|487\/704|[from] item: Rocky Helmet|[of] p2a: Skarmory\n|\n|upkeep\n|turn|33\n|choice|move thunderwave|move roost\n|\n|move|p2a: Skarmory|Roost|p2a: Skarmory\n|-heal|p2a: Skarmory|191\/333\n|move|p1a: Chansey|Thunder Wave|p2a: Skarmory\n|-status|p2a: Skarmory|par\n|\n|upkeep\n|turn|34\n|choice|switch 3|move roost\n|\n|switch|p1a: Forretress|Forretress, M|248\/350\n|-damage|p1a: Forretress|205\/350|[from] Spikes\n|cant|p2a: Skarmory|par\n|\n|-heal|p1a: Forretress|226\/350|[from] item: Leftovers\n|upkeep\n|turn|35\n|choice|move rapidspin|move roost\n|\n|move|p1a: Forretress|Rapid Spin|p2a: Skarmory\n|-resisted|p2a: Skarmory\n|-damage|p2a: Skarmory|187\/333 par\n|-damage|p1a: Forretress|168\/350|[from] item: Rocky Helmet|[of] p2a: Skarmory\n|-sideend|p1: LeaderMissingNo|Spikes|[from] move: Rapid Spin|[of] p1a: Forretress\n|move|p2a: Skarmory|Roost|p2a: Skarmory\n|-heal|p2a: Skarmory|333\/333 par\n|\n|-heal|p1a: Forretress|189\/350|[from] item: Leftovers\n|upkeep\n|turn|36\n|choice|move painsplit|move spikes\n|\n|move|p1a: Forretress|Pain Split|p2a: Skarmory\n|-sethp|p2a: Skarmory|261\/333 par|p1a: Forretress|261\/350|[from] move: Pain Split\n|move|p2a: Skarmory|Spikes|p1a: Forretress\n|-sidestart|p1: LeaderMissingNo|Spikes\n|\n|-heal|p1a: Forretress|282\/350|[from] item: Leftovers\n|upkeep\n|turn|37\n|choice|move rapidspin|switch 2\n|\n|switch|p2a: Heatran|Heatran, M|329\/385\n|-damage|p2a: Heatran|281\/385|[from] Stealth Rock\n|move|p1a: Forretress|Rapid Spin|p2a: Heatran\n|-resisted|p2a: Heatran\n|-damage|p2a: Heatran|275\/385\n|-sideend|p1: LeaderMissingNo|Spikes|[from] move: Rapid Spin|[of] p1a: Forretress\n|\n|-heal|p2a: Heatran|299\/385|[from] item: Leftovers\n|-heal|p1a: Forretress|303\/350|[from] item: Leftovers\n|upkeep\n|turn|38\n|choice|switch 6|move stealthrock\n|\n|switch|p1a: Slowbro|Slowbro, M|332\/332\n|move|p2a: Heatran|Stealth Rock|p1a: Slowbro\n|-sidestart|p1: LeaderMissingNo|move: Stealth Rock\n|\n|-heal|p2a: Heatran|323\/385|[from] item: Leftovers\n|upkeep\n|turn|39\n|choice|move scald|move toxic\n|\n|move|p2a: Heatran|Toxic|p1a: Slowbro\n|-status|p1a: Slowbro|tox\n|move|p1a: Slowbro|Scald|p2a: Heatran\n|-supereffective|p2a: Heatran\n|-damage|p2a: Heatran|105\/385\n|\n|-heal|p2a: Heatran|129\/385|[from] item: Leftovers\n|-damage|p1a: Slowbro|312\/332 tox|[from] psn\n|upkeep\n|turn|40\n|choice|move futuresight|switch 4\n|\n|switch|p2a: Bisharp|Bisharp, F|333\/333\n|-damage|p2a: Bisharp|313\/333|[from] Stealth Rock\n|move|p1a: Slowbro|Future Sight|p2a: Bisharp\n|-start|p1a: Slowbro|move: Future Sight\n|\n|-heal|p2a: Bisharp|333\/333|[from] item: Leftovers\n|-heal|p1a: Slowbro|332\/332 tox|[from] item: Leftovers\n|-damage|p1a: Slowbro|292\/332 tox|[from] psn\n|upkeep\n|turn|41\n|choice|switch 4|move swordsdance\n|\n|switch|p1a: Gliscor|Gliscor, F|295\/354 tox\n|-damage|p1a: Gliscor|251\/354 tox|[from] Stealth Rock\n|move|p2a: Bisharp|Swords Dance|p2a: Bisharp\n|-boost|p2a: Bisharp|atk|2\n|\n|-heal|p1a: Gliscor|295\/354 tox|[from] ability: Poison Heal\n|upkeep\n|turn|42\n|inactive|LeaderMissingNo has 135 seconds left.\n|inactive|LeaderMissingNo has 120 seconds left.\n|choice|move earthquake|move knockoff\n|\n|move|p1a: Gliscor|Earthquake|p2a: Bisharp\n|-supereffective|p2a: Bisharp\n|-damage|p2a: Bisharp|115\/333\n|move|p2a: Bisharp|Knock Off|p1a: Gliscor\n|-damage|p1a: Gliscor|75\/354 tox\n|-enditem|p1a: Gliscor|Toxic Orb|[from] move: Knock Off|[of] p2a: Bisharp\n|\n|-end|p2a: Bisharp|move: Future Sight\n|-immune|p2a: Bisharp|[msg]\n|-heal|p2a: Bisharp|135\/333|[from] item: Leftovers\n|-heal|p1a: Gliscor|119\/354 tox|[from] ability: Poison Heal\n|upkeep\n|turn|43\n|inactive|Toxabelle has 135 seconds left.\n|choice|move protect|move ironhead\n|\n|move|p1a: Gliscor|Protect|p1a: Gliscor\n|-singleturn|p1a: Gliscor|Protect\n|move|p2a: Bisharp|Iron Head|p1a: Gliscor\n|-activate|p1a: Gliscor|move: Protect\n|\n|-heal|p2a: Bisharp|155\/333|[from] item: Leftovers\n|-heal|p1a: Gliscor|163\/354 tox|[from] ability: Poison Heal\n|upkeep\n|turn|44\n|inactive|Toxabelle has 135 seconds left.\n|choice|move earthquake|switch 6\n|\n|switch|p2a: Keldeo|Keldeo-Resolute|303\/323\n|-damage|p2a: Keldeo|283\/323|[from] Stealth Rock\n|move|p1a: Gliscor|Earthquake|p2a: Keldeo\n|-damage|p2a: Keldeo|156\/323\n|\n|-heal|p2a: Keldeo|176\/323|[from] item: Leftovers\n|-heal|p1a: Gliscor|207\/354 tox|[from] ability: Poison Heal\n|upkeep\n|turn|45\n|choice|switch 2|move calmmind\n|\n|switch|p1a: Toxapex|Toxapex, M|196\/304 brn\n|-damage|p1a: Toxapex|158\/304 brn|[from] Stealth Rock\n|move|p2a: Keldeo|Calm Mind|p2a: Keldeo\n|-boost|p2a: Keldeo|spa|1\n|-boost|p2a: Keldeo|spd|1\n|\n|-heal|p2a: Keldeo|196\/323|[from] item: Leftovers\n|-heal|p1a: Toxapex|177\/304 brn|[from] item: Black Sludge\n|-damage|p1a: Toxapex|158\/304 brn|[from] brn\n|upkeep\n|turn|46\n|choice|move recover|move secretsword\n|\n|move|p2a: Keldeo|Secret Sword|p1a: Toxapex\n|-resisted|p1a: Toxapex\n|-damage|p1a: Toxapex|86\/304 brn\n|move|p1a: Toxapex|Recover|p1a: Toxapex\n|-heal|p1a: Toxapex|238\/304 brn\n|\n|-heal|p2a: Keldeo|216\/323|[from] item: Leftovers\n|-heal|p1a: Toxapex|257\/304 brn|[from] item: Black Sludge\n|-damage|p1a: Toxapex|238\/304 brn|[from] brn\n|upkeep\n|turn|47\n|choice|move haze|move secretsword\n|\n|move|p2a: Keldeo|Secret Sword|p1a: Toxapex\n|-resisted|p1a: Toxapex\n|-damage|p1a: Toxapex|158\/304 brn\n|move|p1a: Toxapex|Haze|p1a: Toxapex\n|-clearallboost\n|\n|-heal|p2a: Keldeo|236\/323|[from] item: Leftovers\n|-heal|p1a: Toxapex|177\/304 brn|[from] item: Black Sludge\n|-damage|p1a: Toxapex|158\/304 brn|[from] brn\n|upkeep\n|turn|48\n|choice|move recover|move calmmind\n|\n|move|p2a: Keldeo|Calm Mind|p2a: Keldeo\n|-boost|p2a: Keldeo|spa|1\n|-boost|p2a: Keldeo|spd|1\n|move|p1a: Toxapex|Recover|p1a: Toxapex\n|-heal|p1a: Toxapex|304\/304 brn\n|\n|-heal|p2a: Keldeo|256\/323|[from] item: Leftovers\n|-damage|p1a: Toxapex|285\/304 brn|[from] brn\n|upkeep\n|turn|49\n|choice|move haze|move substitute\n|\n|move|p2a: Keldeo|Substitute|p2a: Keldeo\n|-start|p2a: Keldeo|Substitute\n|-damage|p2a: Keldeo|176\/323\n|move|p1a: Toxapex|Haze|p1a: Toxapex\n|-clearallboost\n|\n|-heal|p2a: Keldeo|196\/323|[from] item: Leftovers\n|-heal|p1a: Toxapex|304\/304 brn|[from] item: Black Sludge\n|-damage|p1a: Toxapex|285\/304 brn|[from] brn\n|upkeep\n|turn|50\n|choice|move poisonjab|move calmmind\n|\n|move|p2a: Keldeo|Calm Mind|p2a: Keldeo\n|-boost|p2a: Keldeo|spa|1\n|-boost|p2a: Keldeo|spd|1\n|move|p1a: Toxapex|Poison Jab|p2a: Keldeo\n|-activate|p2a: Keldeo|move: Substitute|[damage]\n|\n|-heal|p2a: Keldeo|216\/323|[from] item: Leftovers\n|-heal|p1a: Toxapex|304\/304 brn|[from] item: Black Sludge\n|-damage|p1a: Toxapex|285\/304 brn|[from] brn\n|upkeep\n|turn|51\n|choice|move haze|move scald\n|\n|move|p2a: Keldeo|Scald|p1a: Toxapex\n|-resisted|p1a: Toxapex\n|-damage|p1a: Toxapex|222\/304 brn\n|move|p1a: Toxapex|Haze|p1a: Toxapex\n|-clearallboost\n|\n|-heal|p2a: Keldeo|236\/323|[from] item: Leftovers\n|-heal|p1a: Toxapex|241\/304 brn|[from] item: Black Sludge\n|-damage|p1a: Toxapex|222\/304 brn|[from] brn\n|upkeep\n|turn|52\n|choice|move poisonjab|move calmmind\n|\n|move|p2a: Keldeo|Calm Mind|p2a: Keldeo\n|-boost|p2a: Keldeo|spa|1\n|-boost|p2a: Keldeo|spd|1\n|move|p1a: Toxapex|Poison Jab|p2a: Keldeo\n|-activate|p2a: Keldeo|move: Substitute|[damage]\n|\n|-heal|p2a: Keldeo|256\/323|[from] item: Leftovers\n|-heal|p1a: Toxapex|241\/304 brn|[from] item: Black Sludge\n|-damage|p1a: Toxapex|222\/304 brn|[from] brn\n|upkeep\n|turn|53\n|choice|move haze|move scald\n|\n|move|p2a: Keldeo|Scald|p1a: Toxapex\n|-resisted|p1a: Toxapex\n|-damage|p1a: Toxapex|159\/304 brn\n|move|p1a: Toxapex|Haze|p1a: Toxapex\n|-clearallboost\n|\n|-heal|p2a: Keldeo|276\/323|[from] item: Leftovers\n|-heal|p1a: Toxapex|178\/304 brn|[from] item: Black Sludge\n|-damage|p1a: Toxapex|159\/304 brn|[from] brn\n|upkeep\n|turn|54\n|choice|move recover|switch 6\n|\n|switch|p2a: Bisharp|Bisharp, F|155\/333\n|-damage|p2a: Bisharp|135\/333|[from] Stealth Rock\n|move|p1a: Toxapex|Recover|p1a: Toxapex\n|-heal|p1a: Toxapex|304\/304 brn\n|\n|-heal|p2a: Bisharp|155\/333|[from] item: Leftovers\n|-damage|p1a: Toxapex|285\/304 brn|[from] brn\n|upkeep\n|turn|55\n|choice|switch 2|move knockoff\n|\n|switch|p1a: Gliscor|Gliscor, F|207\/354 tox\n|-damage|p1a: Gliscor|163\/354 tox|[from] Stealth Rock\n|move|p2a: Bisharp|Knock Off|p1a: Gliscor\n|-damage|p1a: Gliscor|88\/354 tox\n|\n|-heal|p2a: Bisharp|175\/333|[from] item: Leftovers\n|-heal|p1a: Gliscor|132\/354 tox|[from] ability: Poison Heal\n|upkeep\n|turn|56\n|choice|move earthquake|switch 6\n|\n|switch|p2a: Keldeo|Keldeo-Resolute|276\/323\n|-damage|p2a: Keldeo|256\/323|[from] Stealth Rock\n|move|p1a: Gliscor|Earthquake|p2a: Keldeo\n|-damage|p2a: Keldeo|138\/323\n|\n|-heal|p2a: Keldeo|158\/323|[from] item: Leftovers\n|-heal|p1a: Gliscor|176\/354 tox|[from] ability: Poison Heal\n|upkeep\n|turn|57\n|choice|move protect|move scald\n|\n|move|p1a: Gliscor|Protect|p1a: Gliscor\n|-singleturn|p1a: Gliscor|Protect\n|move|p2a: Keldeo|Scald|p1a: Gliscor\n|-activate|p1a: Gliscor|move: Protect\n|\n|-heal|p2a: Keldeo|178\/323|[from] item: Leftovers\n|-heal|p1a: Gliscor|220\/354 tox|[from] ability: Poison Heal\n|upkeep\n|turn|58\n|choice|switch 2|move scald\n|\n|switch|p1a: Toxapex|Toxapex, M|304\/304 brn\n|-damage|p1a: Toxapex|266\/304 brn|[from] Stealth Rock\n|move|p2a: Keldeo|Scald|p1a: Toxapex\n|-resisted|p1a: Toxapex\n|-damage|p1a: Toxapex|226\/304 brn\n|\n|-heal|p2a: Keldeo|198\/323|[from] item: Leftovers\n|-heal|p1a: Toxapex|245\/304 brn|[from] item: Black Sludge\n|-damage|p1a: Toxapex|226\/304 brn|[from] brn\n|upkeep\n|turn|59\n|inactive|Toxabelle has 135 seconds left.\n|choice|move scald|switch 5\n|\n|switch|p2a: Chansey|Chansey, F|660\/703\n|-damage|p2a: Chansey|573\/703|[from] Stealth Rock\n|move|p1a: Toxapex|Scald|p2a: Chansey\n|-damage|p2a: Chansey|543\/703\n|\n|-heal|p1a: Toxapex|245\/304 brn|[from] item: Black Sludge\n|-damage|p1a: Toxapex|226\/304 brn|[from] brn\n|upkeep\n|turn|60\n|inactive|LeaderMissingNo has 135 seconds left.\n|choice|switch 3|move seismictoss\n|\n|switch|p1a: Chansey|Chansey, F|487\/704\n|-damage|p1a: Chansey|399\/704|[from] Stealth Rock\n|move|p2a: Chansey|Seismic Toss|p1a: Chansey\n|-damage|p1a: Chansey|299\/704\n|\n|upkeep\n|turn|61\n|choice|move softboiled|switch 5\n|\n|switch|p2a: Keldeo|Keldeo-Resolute|198\/323\n|-damage|p2a: Keldeo|178\/323|[from] Stealth Rock\n|move|p1a: Chansey|Soft-Boiled|p1a: Chansey\n|-heal|p1a: Chansey|651\/704\n|\n|-heal|p2a: Keldeo|198\/323|[from] item: Leftovers\n|upkeep\n|turn|62\n|choice|switch 3|move calmmind\n|\n|switch|p1a: Toxapex|Toxapex, M|304\/304 brn\n|-damage|p1a: Toxapex|266\/304 brn|[from] Stealth Rock\n|move|p2a: Keldeo|Calm Mind|p2a: Keldeo\n|-boost|p2a: Keldeo|spa|1\n|-boost|p2a: Keldeo|spd|1\n|\n|-heal|p2a: Keldeo|218\/323|[from] item: Leftovers\n|-heal|p1a: Toxapex|285\/304 brn|[from] item: Black Sludge\n|-damage|p1a: Toxapex|266\/304 brn|[from] brn\n|upkeep\n|turn|63\n|choice|move poisonjab|move secretsword\n|\n|move|p2a: Keldeo|Secret Sword|p1a: Toxapex\n|-resisted|p1a: Toxapex\n|-damage|p1a: Toxapex|185\/304 brn\n|move|p1a: Toxapex|Poison Jab|p2a: Keldeo\n|-damage|p2a: Keldeo|182\/323\n|\n|-heal|p2a: Keldeo|202\/323|[from] item: Leftovers\n|-heal|p1a: Toxapex|204\/304 brn|[from] item: Black Sludge\n|-damage|p1a: Toxapex|185\/304 brn|[from] brn\n|upkeep\n|turn|64\n|choice|move haze|move scald\n|\n|move|p2a: Keldeo|Scald|p1a: Toxapex\n|-resisted|p1a: Toxapex\n|-damage|p1a: Toxapex|121\/304 brn\n|move|p1a: Toxapex|Haze|p1a: Toxapex\n|-clearallboost\n|\n|-heal|p2a: Keldeo|222\/323|[from] item: Leftovers\n|-heal|p1a: Toxapex|140\/304 brn|[from] item: Black Sludge\n|-damage|p1a: Toxapex|121\/304 brn|[from] brn\n|upkeep\n|turn|65\n|choice|move recover|switch 6\n|\n|switch|p2a: Bisharp|Bisharp, F|175\/333\n|-damage|p2a: Bisharp|155\/333|[from] Stealth Rock\n|move|p1a: Toxapex|Recover|p1a: Toxapex\n|-heal|p1a: Toxapex|273\/304 brn\n|\n|-heal|p2a: Bisharp|175\/333|[from] item: Leftovers\n|-heal|p1a: Toxapex|292\/304 brn|[from] item: Black Sludge\n|-damage|p1a: Toxapex|273\/304 brn|[from] brn\n|upkeep\n|turn|66\n|choice|switch 2|move ironhead\n|\n|switch|p1a: Gliscor|Gliscor, F|220\/354 tox\n|-damage|p1a: Gliscor|176\/354 tox|[from] Stealth Rock\n|move|p2a: Bisharp|Iron Head|p1a: Gliscor\n|-damage|p1a: Gliscor|89\/354 tox\n|\n|-heal|p2a: Bisharp|195\/333|[from] item: Leftovers\n|-heal|p1a: Gliscor|133\/354 tox|[from] ability: Poison Heal\n|upkeep\n|turn|67\n|choice|move earthquake|switch 2\n|\n|switch|p2a: Skarmory|Skarmory, F|261\/333 par\n|-damage|p2a: Skarmory|220\/333 par|[from] Stealth Rock\n|move|p1a: Gliscor|Earthquake|p2a: Skarmory\n|-immune|p2a: Skarmory|[msg]\n|\n|-heal|p1a: Gliscor|177\/354 tox|[from] ability: Poison Heal\n|upkeep\n|turn|68\n|choice|move protect|move whirlwind\n|\n|move|p1a: Gliscor|Protect|p1a: Gliscor\n|-singleturn|p1a: Gliscor|Protect\n|cant|p2a: Skarmory|par\n|\n|-heal|p1a: Gliscor|221\/354 tox|[from] ability: Poison Heal\n|upkeep\n|turn|69\n|choice|switch 6|move whirlwind\n|\n|switch|p1a: Forretress|Forretress, M|303\/350\n|-damage|p1a: Forretress|260\/350|[from] Stealth Rock\n|cant|p2a: Skarmory|par\n|\n|-heal|p1a: Forretress|281\/350|[from] item: Leftovers\n|upkeep\n|turn|70\n|choice|move rapidspin|move roost\n|\n|move|p1a: Forretress|Rapid Spin|p2a: Skarmory\n|-resisted|p2a: Skarmory\n|-damage|p2a: Skarmory|216\/333 par\n|-damage|p1a: Forretress|223\/350|[from] item: Rocky Helmet|[of] p2a: Skarmory\n|-sideend|p1: LeaderMissingNo|Stealth Rock|[from] move: Rapid Spin|[of] p1a: Forretress\n|move|p2a: Skarmory|Roost|p2a: Skarmory\n|-heal|p2a: Skarmory|333\/333 par\n|\n|-heal|p1a: Forretress|244\/350|[from] item: Leftovers\n|upkeep\n|turn|71\n|choice|move voltswitch|move spikes\n|\n|move|p1a: Forretress|Volt Switch|p2a: Skarmory\n|-supereffective|p2a: Skarmory\n|-damage|p2a: Skarmory|223\/333 par\n|choice|switch 4|\n|\n|switch|p1a: Slowbro|Slowbro, M|332\/332 tox\n|move|p2a: Skarmory|Spikes|p1a: Slowbro\n|-sidestart|p1: LeaderMissingNo|Spikes\n|\n|-damage|p1a: Slowbro|312\/332 tox|[from] psn\n|upkeep\n|turn|72\n|choice|move futuresight|switch 5\n|\n|switch|p2a: Chansey|Chansey, F|543\/703\n|-damage|p2a: Chansey|456\/703|[from] Stealth Rock\n|move|p1a: Slowbro|Future Sight|p2a: Chansey\n|-start|p1a: Slowbro|move: Future Sight\n|\n|-heal|p1a: Slowbro|332\/332 tox|[from] item: Leftovers\n|-damage|p1a: Slowbro|292\/332 tox|[from] psn\n|upkeep\n|turn|73\n|choice|switch 3|move softboiled\n|\n|switch|p1a: Chansey|Chansey, F|651\/704\n|-damage|p1a: Chansey|563\/704|[from] Spikes\n|move|p2a: Chansey|Soft-Boiled|p2a: Chansey\n|-heal|p2a: Chansey|703\/703\n|\n|upkeep\n|turn|74\n|choice|move toxic|move seismictoss\n|\n|move|p2a: Chansey|Seismic Toss|p1a: Chansey\n|-damage|p1a: Chansey|463\/704\n|move|p1a: Chansey|Toxic|p2a: Chansey\n|-status|p2a: Chansey|tox\n|\n|-end|p2a: Chansey|move: Future Sight\n|-damage|p2a: Chansey|580\/703 tox\n|-damage|p2a: Chansey|537\/703 tox|[from] psn\n|upkeep\n|turn|75\n|choice|move thunderwave|move seismictoss\n|\n|move|p1a: Chansey|Thunder Wave|p2a: Chansey\n|-fail|p2a: Chansey\n|move|p2a: Chansey|Seismic Toss|p1a: Chansey\n|-damage|p1a: Chansey|363\/704\n|\n|-damage|p2a: Chansey|451\/703 tox|[from] psn\n|upkeep\n|turn|76\n|choice|move softboiled|move softboiled\n|\n|move|p2a: Chansey|Soft-Boiled|p2a: Chansey\n|-heal|p2a: Chansey|703\/703 tox\n|move|p1a: Chansey|Soft-Boiled|p1a: Chansey\n|-heal|p1a: Chansey|704\/704\n|\n|-damage|p2a: Chansey|574\/703 tox|[from] psn\n|upkeep\n|turn|77\n|choice|move thunderwave|switch 5\n|\n|-curestatus|p2a: Chansey|tox|[from] ability: Natural Cure\n|switch|p2a: Skarmory|Skarmory, F|223\/333 par\n|-damage|p2a: Skarmory|182\/333 par|[from] Stealth Rock\n|move|p1a: Chansey|Thunder Wave|p2a: Skarmory\n|-fail|p2a: Skarmory|par\n|\n|upkeep\n|turn|78\n|choice|move seismictoss|move roost\n|\n|move|p1a: Chansey|Seismic Toss|p2a: Skarmory\n|-damage|p2a: Skarmory|82\/333 par\n|-damage|p1a: Chansey|587\/704|[from] item: Rocky Helmet|[of] p2a: Skarmory\n|move|p2a: Skarmory|Roost|p2a: Skarmory\n|-heal|p2a: Skarmory|249\/333 par\n|\n|upkeep\n|turn|79\n|choice|switch 4|move bravebird\n|\n|switch|p1a: Forretress|Forretress, M|244\/350\n|-damage|p1a: Forretress|201\/350|[from] Spikes\n|move|p2a: Skarmory|Brave Bird|p1a: Forretress\n|-damage|p1a: Forretress|132\/350\n|-damage|p2a: Skarmory|226\/333 par|[from] Recoil|[of] p1a: Forretress\n|\n|-heal|p1a: Forretress|153\/350|[from] item: Leftovers\n|upkeep\n|turn|80\n|choice|move rapidspin|move bravebird\n|\n|move|p1a: Forretress|Rapid Spin|p2a: Skarmory\n|-resisted|p2a: Skarmory\n|-damage|p2a: Skarmory|222\/333 par\n|-damage|p1a: Forretress|95\/350|[from] item: Rocky Helmet|[of] p2a: Skarmory\n|-sideend|p1: LeaderMissingNo|Spikes|[from] move: Rapid Spin|[of] p1a: Forretress\n|move|p2a: Skarmory|Brave Bird|p1a: Forretress\n|-crit|p1a: Forretress\n|-damage|p1a: Forretress|0 fnt\n|-damage|p2a: Skarmory|191\/333 par|[from] Recoil|[of] p1a: Forretress\n|faint|p1a: Forretress\n|\n|upkeep\n|choice|switch 5|\n|\n|switch|p1a: Ditto|Ditto|300\/300\n|-transform|p1a: Ditto|p2a: Skarmory|[from] ability: Imposter\n|turn|81\n|inactive|Toxabelle has 135 seconds left.\n|choice|move spikes|move spikes\n|\n|move|p1a: Ditto|Spikes|p2a: Skarmory\n|-sidestart|p2: Toxabelle|Spikes\n|move|p2a: Skarmory|Spikes|p1a: Ditto\n|-sidestart|p1: LeaderMissingNo|Spikes\n|\n|upkeep\n|turn|82\n|choice|move spikes|switch 4\n|\n|switch|p2a: Heatran|Heatran, M|129\/385\n|-damage|p2a: Heatran|81\/385|[from] Spikes\n|-damage|p2a: Heatran|33\/385|[from] Stealth Rock\n|move|p1a: Ditto|Spikes|p2a: Heatran\n|-sidestart|p2: Toxabelle|Spikes\n|\n|-heal|p2a: Heatran|57\/385|[from] item: Leftovers\n|upkeep\n|turn|83\n|choice|switch 3|move stealthrock\n|\n|switch|p1a: Slowbro|Slowbro, M|332\/332 tox\n|-damage|p1a: Slowbro|291\/332 tox|[from] Spikes\n|move|p2a: Heatran|Stealth Rock|p1a: Slowbro\n|-sidestart|p1: LeaderMissingNo|move: Stealth Rock\n|\n|-heal|p2a: Heatran|81\/385|[from] item: Leftovers\n|-heal|p1a: Slowbro|311\/332 tox|[from] item: Leftovers\n|-damage|p1a: Slowbro|291\/332 tox|[from] psn\n|upkeep\n|turn|84\n|choice|move futuresight|move lavaplume\n|\n|move|p2a: Heatran|Lava Plume|p1a: Slowbro\n|-resisted|p1a: Slowbro\n|-damage|p1a: Slowbro|223\/332 tox\n|move|p1a: Slowbro|Future Sight|p2a: Heatran\n|-start|p1a: Slowbro|move: Future Sight\n|\n|-heal|p2a: Heatran|105\/385|[from] item: Leftovers\n|-heal|p1a: Slowbro|243\/332 tox|[from] item: Leftovers\n|-damage|p1a: Slowbro|203\/332 tox|[from] psn\n|upkeep\n|turn|85\n|choice|move scald|move lavaplume\n|\n|move|p2a: Heatran|Lava Plume|p1a: Slowbro\n|-resisted|p1a: Slowbro\n|-damage|p1a: Slowbro|128\/332 tox\n|move|p1a: Slowbro|Scald|p2a: Heatran\n|-supereffective|p2a: Heatran\n|-damage|p2a: Heatran|0 fnt\n|faint|p2a: Heatran\n|\n|-heal|p1a: Slowbro|148\/332 tox|[from] item: Leftovers\n|-damage|p1a: Slowbro|88\/332 tox|[from] psn\n|upkeep\n|inactive|Toxabelle has 135 seconds left.\n|choice||switch 3\n|\n|switch|p2a: Venusaur|Venusaur-Mega, F|248\/363\n|-damage|p2a: Venusaur|203\/363|[from] Stealth Rock\n|-damage|p2a: Venusaur|143\/363|[from] Spikes\n|turn|86\n|choice|switch 2|move synthesis\n|\n|switch|p1a: Toxapex|Toxapex, M|304\/304 brn\n|-damage|p1a: Toxapex|266\/304 brn|[from] Stealth Rock\n|-damage|p1a: Toxapex|228\/304 brn|[from] Spikes\n|move|p2a: Venusaur|Synthesis|p2a: Venusaur\n|-heal|p2a: Venusaur|324\/363\n|\n|-end|p2a: Venusaur|move: Future Sight\n|-supereffective|p2a: Venusaur\n|-damage|p2a: Venusaur|34\/363\n|-heal|p1a: Toxapex|247\/304 brn|[from] item: Black Sludge\n|-damage|p1a: Toxapex|228\/304 brn|[from] brn\n|upkeep\n|turn|87\n|choice|move scald|move synthesis\n|\n|move|p2a: Venusaur|Synthesis|p2a: Venusaur\n|-heal|p2a: Venusaur|215\/363\n|move|p1a: Toxapex|Scald|p2a: Venusaur\n|-resisted|p2a: Venusaur\n|-damage|p2a: Venusaur|194\/363\n|-status|p2a: Venusaur|brn\n|\n|-heal|p1a: Toxapex|247\/304 brn|[from] item: Black Sludge\n|-damage|p2a: Venusaur|172\/363 brn|[from] brn\n|-damage|p1a: Toxapex|228\/304 brn|[from] brn\n|upkeep\n|turn|88\n|choice|move poisonjab|move gigadrain\n|\n|move|p2a: Venusaur|Giga Drain|p1a: Toxapex\n|-damage|p1a: Toxapex|167\/304 brn\n|-heal|p2a: Venusaur|203\/363 brn|[from] drain|[of] p1a: Toxapex\n|move|p1a: Toxapex|Poison Jab|p2a: Venusaur\n|-damage|p2a: Venusaur|182\/363 brn\n|\n|-heal|p1a: Toxapex|186\/304 brn|[from] item: Black Sludge\n|-damage|p2a: Venusaur|160\/363 brn|[from] brn\n|-damage|p1a: Toxapex|167\/304 brn|[from] brn\n|upkeep\n|turn|89\n|choice|move recover|move synthesis\n|\n|move|p2a: Venusaur|Synthesis|p2a: Venusaur\n|-heal|p2a: Venusaur|341\/363 brn\n|move|p1a: Toxapex|Recover|p1a: Toxapex\n|-heal|p1a: Toxapex|304\/304 brn\n|\n|-damage|p2a: Venusaur|319\/363 brn|[from] brn\n|-damage|p1a: Toxapex|285\/304 brn|[from] brn\n|upkeep\n|turn|90\n|choice|switch 4|switch 4\n|\n|switch|p2a: Skarmory|Skarmory, F|191\/333 par\n|-damage|p2a: Skarmory|150\/333 par|[from] Stealth Rock\n|switch|p1a: Chansey|Chansey, F|587\/704\n|-damage|p1a: Chansey|499\/704|[from] Stealth Rock\n|-damage|p1a: Chansey|411\/704|[from] Spikes\n|\n|upkeep\n|turn|91\n|choice|switch 3|move roost\n|\n|switch|p1a: Ditto|Ditto|300\/300\n|-damage|p1a: Ditto|263\/300|[from] Stealth Rock\n|-damage|p1a: Ditto|226\/300|[from] Spikes\n|-transform|p1a: Ditto|p2a: Skarmory|[from] ability: Imposter\n|cant|p2a: Skarmory|par\n|\n|upkeep\n|turn|92\n|choice|move spikes|move roost\n|\n|move|p1a: Ditto|Spikes|p2a: Skarmory\n|-sidestart|p2: Toxabelle|Spikes\n|move|p2a: Skarmory|Roost|p2a: Skarmory\n|-heal|p2a: Skarmory|317\/333 par\n|\n|upkeep\n|turn|93\n|choice|switch 6|move spikes\n|\n|switch|p1a: Gliscor|Gliscor, F|221\/354 tox\n|-damage|p1a: Gliscor|177\/354 tox|[from] Stealth Rock\n|move|p2a: Skarmory|Spikes|p1a: Gliscor\n|-sidestart|p1: LeaderMissingNo|Spikes\n|\n|-heal|p1a: Gliscor|221\/354 tox|[from] ability: Poison Heal\n|upkeep\n|turn|94\n|choice|move uturn|move spikes\n|\n|move|p1a: Gliscor|U-turn|p2a: Skarmory\n|-resisted|p2a: Skarmory\n|-damage|p2a: Skarmory|310\/333 par\n|-damage|p1a: Gliscor|162\/354 tox|[from] item: Rocky Helmet|[of] p2a: Skarmory\n|choice|switch 2|\n|\n|switch|p1a: Slowbro|Slowbro, M|198\/332 tox\n|-damage|p1a: Slowbro|157\/332 tox|[from] Stealth Rock\n|-damage|p1a: Slowbro|102\/332 tox|[from] Spikes\n|move|p2a: Skarmory|Spikes|p1a: Slowbro\n|-sidestart|p1: LeaderMissingNo|Spikes\n|\n|-heal|p1a: Slowbro|122\/332 tox|[from] item: Leftovers\n|-damage|p1a: Slowbro|102\/332 tox|[from] psn\n|upkeep\n|turn|95\n|choice|move slackoff|move whirlwind\n|\n|move|p1a: Slowbro|Slack Off|p1a: Slowbro\n|-heal|p1a: Slowbro|268\/332 tox\n|move|p2a: Skarmory|Whirlwind|p1a: Slowbro\n|drag|p1a: Ditto|Ditto|226\/300\n|-damage|p1a: Ditto|189\/300|[from] Stealth Rock\n|-damage|p1a: Ditto|114\/300|[from] Spikes\n|-transform|p1a: Ditto|p2a: Skarmory|[from] ability: Imposter\n|\n|upkeep\n|turn|96\n|choice|move roost|move whirlwind\n|\n|move|p1a: Ditto|Roost|p1a: Ditto\n|-heal|p1a: Ditto|264\/300\n|move|p2a: Skarmory|Whirlwind|p1a: Ditto\n|drag|p1a: Toxapex|Toxapex, M|304\/304 brn\n|-damage|p1a: Toxapex|228\/304 brn|[from] Spikes\n|-damage|p1a: Toxapex|190\/304 brn|[from] Stealth Rock\n|\n|-heal|p1a: Toxapex|209\/304 brn|[from] item: Black Sludge\n|-damage|p1a: Toxapex|190\/304 brn|[from] brn\n|upkeep\n|turn|97\n|choice|move scald|move whirlwind\n|\n|move|p1a: Toxapex|Scald|p2a: Skarmory\n|-damage|p2a: Skarmory|237\/333 par\n|move|p2a: Skarmory|Whirlwind|p1a: Toxapex\n|drag|p1a: Ditto|Ditto|264\/300\n|-damage|p1a: Ditto|189\/300|[from] Spikes\n|-damage|p1a: Ditto|152\/300|[from] Stealth Rock\n|-transform|p1a: Ditto|p2a: Skarmory|[from] ability: Imposter\n|\n|upkeep\n|turn|98\n|choice|move whirlwind|move bravebird\n|\n|move|p2a: Skarmory|Brave Bird|p1a: Ditto\n|-resisted|p1a: Ditto\n|-damage|p1a: Ditto|116\/300\n|-damage|p2a: Skarmory|225\/333 par|[from] Recoil|[of] p1a: Ditto\n|move|p1a: Ditto|Whirlwind|p2a: Skarmory\n|drag|p2a: Keldeo|Keldeo-Resolute|222\/323\n|-damage|p2a: Keldeo|202\/323|[from] Stealth Rock\n|-damage|p2a: Keldeo|122\/323|[from] Spikes\n|\n|-heal|p2a: Keldeo|142\/323|[from] item: Leftovers\n|upkeep\n|turn|99\n|choice|switch 4|move scald\n|\n|switch|p1a: Toxapex|Toxapex, M|291\/304 brn\n|-damage|p1a: Toxapex|253\/304 brn|[from] Stealth Rock\n|-damage|p1a: Toxapex|177\/304 brn|[from] Spikes\n|move|p2a: Keldeo|Scald|p1a: Toxapex\n|-resisted|p1a: Toxapex\n|-damage|p1a: Toxapex|136\/304 brn\n|\n|-heal|p2a: Keldeo|162\/323|[from] item: Leftovers\n|-heal|p1a: Toxapex|155\/304 brn|[from] item: Black Sludge\n|-damage|p1a: Toxapex|136\/304 brn|[from] brn\n|upkeep\n|turn|100\n|choice|move poisonjab|move substitute\n|\n|move|p2a: Keldeo|Substitute|p2a: Keldeo\n|-start|p2a: Keldeo|Substitute\n|-damage|p2a: Keldeo|82\/323\n|move|p1a: Toxapex|Poison Jab|p2a: Keldeo\n|-activate|p2a: Keldeo|move: Substitute|[damage]\n|\n|-heal|p2a: Keldeo|102\/323|[from] item: Leftovers\n|-heal|p1a: Toxapex|155\/304 brn|[from] item: Black Sludge\n|-damage|p1a: Toxapex|136\/304 brn|[from] brn\n|upkeep\n|turn|101\n|choice|move recover|move calmmind\n|\n|move|p2a: Keldeo|Calm Mind|p2a: Keldeo\n|-boost|p2a: Keldeo|spa|1\n|-boost|p2a: Keldeo|spd|1\n|move|p1a: Toxapex|Recover|p1a: Toxapex\n|-heal|p1a: Toxapex|288\/304 brn\n|\n|-heal|p2a: Keldeo|122\/323|[from] item: Leftovers\n|-heal|p1a: Toxapex|304\/304 brn|[from] item: Black Sludge\n|-damage|p1a: Toxapex|285\/304 brn|[from] brn\n|upkeep\n|turn|102\n|choice|move haze|move secretsword\n|\n|move|p2a: Keldeo|Secret Sword|p1a: Toxapex\n|-resisted|p1a: Toxapex\n|-damage|p1a: Toxapex|202\/304 brn\n|move|p1a: Toxapex|Haze|p1a: Toxapex\n|-clearallboost\n|\n|-heal|p2a: Keldeo|142\/323|[from] item: Leftovers\n|-heal|p1a: Toxapex|221\/304 brn|[from] item: Black Sludge\n|-damage|p1a: Toxapex|202\/304 brn|[from] brn\n|upkeep\n|turn|103\n|choice|move scald|move calmmind\n|\n|move|p2a: Keldeo|Calm Mind|p2a: Keldeo\n|-boost|p2a: Keldeo|spa|1\n|-boost|p2a: Keldeo|spd|1\n|move|p1a: Toxapex|Scald|p2a: Keldeo\n|-resisted|p2a: Keldeo\n|-activate|p2a: Keldeo|move: Substitute|[damage]\n|\n|-heal|p2a: Keldeo|162\/323|[from] item: Leftovers\n|-heal|p1a: Toxapex|221\/304 brn|[from] item: Black Sludge\n|-damage|p1a: Toxapex|202\/304 brn|[from] brn\n|upkeep\n|turn|104\n|choice|move haze|move scald\n|\n|move|p2a: Keldeo|Scald|p1a: Toxapex\n|-resisted|p1a: Toxapex\n|-damage|p1a: Toxapex|141\/304 brn\n|move|p1a: Toxapex|Haze|p1a: Toxapex\n|-clearallboost\n|\n|-heal|p2a: Keldeo|182\/323|[from] item: Leftovers\n|-heal|p1a: Toxapex|160\/304 brn|[from] item: Black Sludge\n|-damage|p1a: Toxapex|141\/304 brn|[from] brn\n|upkeep\n|turn|105\n|choice|move recover|move calmmind\n|\n|move|p2a: Keldeo|Calm Mind|p2a: Keldeo\n|-boost|p2a: Keldeo|spa|1\n|-boost|p2a: Keldeo|spd|1\n|move|p1a: Toxapex|Recover|p1a: Toxapex\n|-heal|p1a: Toxapex|293\/304 brn\n|\n|-heal|p2a: Keldeo|202\/323|[from] item: Leftovers\n|-heal|p1a: Toxapex|304\/304 brn|[from] item: Black Sludge\n|-damage|p1a: Toxapex|285\/304 brn|[from] brn\n|upkeep\n|turn|106\n|choice|move poisonjab|move scald\n|\n|move|p2a: Keldeo|Scald|p1a: Toxapex\n|-resisted|p1a: Toxapex\n|-damage|p1a: Toxapex|225\/304 brn\n|move|p1a: Toxapex|Poison Jab|p2a: Keldeo\n|-end|p2a: Keldeo|Substitute\n|\n|-heal|p2a: Keldeo|222\/323|[from] item: Leftovers\n|-heal|p1a: Toxapex|244\/304 brn|[from] item: Black Sludge\n|-damage|p1a: Toxapex|225\/304 brn|[from] brn\n|upkeep\n|turn|107\n|choice|move poisonjab|move secretsword\n|\n|move|p2a: Keldeo|Secret Sword|p1a: Toxapex\n|-resisted|p1a: Toxapex\n|-damage|p1a: Toxapex|145\/304 brn\n|move|p1a: Toxapex|Poison Jab|p2a: Keldeo\n|-damage|p2a: Keldeo|186\/323\n|-status|p2a: Keldeo|psn\n|\n|-heal|p2a: Keldeo|206\/323 psn|[from] item: Leftovers\n|-heal|p1a: Toxapex|164\/304 brn|[from] item: Black Sludge\n|-damage|p2a: Keldeo|166\/323 psn|[from] psn\n|-damage|p1a: Toxapex|145\/304 brn|[from] brn\n|upkeep\n|turn|108\n|choice|switch 6|switch 5\n|\n|switch|p2a: Chansey|Chansey, F|574\/703\n|-damage|p2a: Chansey|487\/703|[from] Stealth Rock\n|-damage|p2a: Chansey|312\/703|[from] Spikes\n|switch|p1a: Slowbro|Slowbro, M|332\/332 tox\n|-damage|p1a: Slowbro|249\/332 tox|[from] Spikes\n|-damage|p1a: Slowbro|208\/332 tox|[from] Stealth Rock\n|\n|-heal|p1a: Slowbro|228\/332 tox|[from] item: Leftovers\n|-damage|p1a: Slowbro|208\/332 tox|[from] psn\n|upkeep\n|turn|109\n|choice|move futuresight|move seismictoss\n|\n|move|p2a: Chansey|Seismic Toss|p1a: Slowbro\n|-damage|p1a: Slowbro|108\/332 tox\n|move|p1a: Slowbro|Future Sight|p2a: Chansey\n|-start|p1a: Slowbro|move: Future Sight\n|\n|-heal|p1a: Slowbro|128\/332 tox|[from] item: Leftovers\n|-damage|p1a: Slowbro|88\/332 tox|[from] psn\n|upkeep\n|turn|110\n|choice|switch 3|move seismictoss\n|\n|switch|p1a: Chansey|Chansey, F|411\/704\n|-damage|p1a: Chansey|323\/704|[from] Stealth Rock\n|-damage|p1a: Chansey|147\/704|[from] Spikes\n|move|p2a: Chansey|Seismic Toss|p1a: Chansey\n|-damage|p1a: Chansey|47\/704\n|\n|upkeep\n|turn|111\n|choice|move softboiled|move seismictoss\n|\n|move|p2a: Chansey|Seismic Toss|p1a: Chansey\n|-damage|p1a: Chansey|0 fnt\n|faint|p1a: Chansey\n|\n|-end|p2a: Chansey|move: Future Sight\n|-crit|p2a: Chansey\n|-damage|p2a: Chansey|134\/703\n|upkeep\n|inactive|LeaderMissingNo has 135 seconds left.\n|choice|switch 2|\n|\n|switch|p1a: Gliscor|Gliscor, F|162\/354 tox\n|-damage|p1a: Gliscor|118\/354 tox|[from] Stealth Rock\n|turn|112\n|c|\u2606Toxabelle|Nice crit noob\n|choice|move earthquake|move softboiled\n|\n|move|p1a: Gliscor|Earthquake|p2a: Chansey\n|-damage|p2a: Chansey|0 fnt\n|faint|p2a: Chansey\n|\n|-heal|p1a: Gliscor|162\/354 tox|[from] ability: Poison Heal\n|upkeep\n|inactive|Toxabelle has 135 seconds left.\n|inactive|Toxabelle has 120 seconds left.\n|inactive|Toxabelle has 105 seconds left.\n|choice||switch 4\n|\n|switch|p2a: Venusaur|Venusaur-Mega, F|319\/363 brn\n|-damage|p2a: Venusaur|274\/363 brn|[from] Stealth Rock\n|-damage|p2a: Venusaur|184\/363 brn|[from] Spikes\n|turn|113\n|choice|move protect|move synthesis\n|\n|move|p1a: Gliscor|Protect|p1a: Gliscor\n|-singleturn|p1a: Gliscor|Protect\n|move|p2a: Venusaur|Synthesis|p2a: Venusaur\n|-heal|p2a: Venusaur|363\/363 brn\n|\n|-heal|p1a: Gliscor|206\/354 tox|[from] ability: Poison Heal\n|-damage|p2a: Venusaur|341\/363 brn|[from] brn\n|upkeep\n|turn|114\n|choice|switch 6|move gigadrain\n|\n|switch|p1a: Toxapex|Toxapex, M|246\/304 brn\n|-damage|p1a: Toxapex|208\/304 brn|[from] Stealth Rock\n|-damage|p1a: Toxapex|132\/304 brn|[from] Spikes\n|move|p2a: Venusaur|Giga Drain|p1a: Toxapex\n|-damage|p1a: Toxapex|74\/304 brn\n|-heal|p2a: Venusaur|363\/363 brn|[from] drain|[of] p1a: Toxapex\n|\n|-heal|p1a: Toxapex|93\/304 brn|[from] item: Black Sludge\n|-damage|p2a: Venusaur|341\/363 brn|[from] brn\n|-damage|p1a: Toxapex|74\/304 brn|[from] brn\n|upkeep\n|turn|115\n|choice|move recover|move gigadrain\n|\n|move|p2a: Venusaur|Giga Drain|p1a: Toxapex\n|-damage|p1a: Toxapex|10\/304 brn\n|-heal|p2a: Venusaur|363\/363 brn|[from] drain|[of] p1a: Toxapex\n|move|p1a: Toxapex|Recover|p1a: Toxapex\n|-heal|p1a: Toxapex|162\/304 brn\n|\n|-heal|p1a: Toxapex|181\/304 brn|[from] item: Black Sludge\n|-damage|p2a: Venusaur|341\/363 brn|[from] brn\n|-damage|p1a: Toxapex|162\/304 brn|[from] brn\n|upkeep\n|turn|116\n|choice|move recover|switch 6\n|\n|switch|p2a: Skarmory|Skarmory, F|225\/333 par\n|-damage|p2a: Skarmory|184\/333 par|[from] Stealth Rock\n|move|p1a: Toxapex|Recover|p1a: Toxapex\n|-heal|p1a: Toxapex|304\/304 brn\n|\n|-damage|p1a: Toxapex|285\/304 brn|[from] brn\n|upkeep\n|turn|117\n|choice|move scald|move roost\n|\n|move|p1a: Toxapex|Scald|p2a: Skarmory\n|-damage|p2a: Skarmory|117\/333 par\n|move|p2a: Skarmory|Roost|p2a: Skarmory\n|-heal|p2a: Skarmory|284\/333 par\n|\n|-heal|p1a: Toxapex|304\/304 brn|[from] item: Black Sludge\n|-damage|p1a: Toxapex|285\/304 brn|[from] brn\n|upkeep\n|turn|118\n|choice|move scald|move whirlwind\n|\n|move|p1a: Toxapex|Scald|p2a: Skarmory\n|-damage|p2a: Skarmory|212\/333 par\n|move|p2a: Skarmory|Whirlwind|p1a: Toxapex\n|drag|p1a: Gliscor|Gliscor, F|206\/354 tox\n|-damage|p1a: Gliscor|162\/354 tox|[from] Stealth Rock\n|\n|-heal|p1a: Gliscor|206\/354 tox|[from] ability: Poison Heal\n|upkeep\n|turn|119\n|choice|move protect|move whirlwind\n|\n|move|p1a: Gliscor|Protect|p1a: Gliscor\n|-singleturn|p1a: Gliscor|Protect\n|cant|p2a: Skarmory|par\n|\n|-heal|p1a: Gliscor|250\/354 tox|[from] ability: Poison Heal\n|upkeep\n|turn|120\n|choice|move protect|move whirlwind\n|\n|move|p1a: Gliscor|Protect|p1a: Gliscor\n|-fail|p1a: Gliscor\n|cant|p2a: Skarmory|par\n|\n|-heal|p1a: Gliscor|294\/354 tox|[from] ability: Poison Heal\n|upkeep\n|turn|121\n|choice|move protect|move whirlwind\n|\n|move|p1a: Gliscor|Protect|p1a: Gliscor\n|-singleturn|p1a: Gliscor|Protect\n|move|p2a: Skarmory|Whirlwind|p1a: Gliscor\n|drag|p1a: Toxapex|Toxapex, M|304\/304 brn\n|-damage|p1a: Toxapex|228\/304 brn|[from] Spikes\n|-damage|p1a: Toxapex|190\/304 brn|[from] Stealth Rock\n|\n|-heal|p1a: Toxapex|209\/304 brn|[from] item: Black Sludge\n|-damage|p1a: Toxapex|190\/304 brn|[from] brn\n|upkeep\n|turn|122\n|choice|move scald|move bravebird\n|\n|move|p1a: Toxapex|Scald|p2a: Skarmory\n|-damage|p2a: Skarmory|137\/333 par\n|move|p2a: Skarmory|Brave Bird|p1a: Toxapex\n|-damage|p1a: Toxapex|111\/304 brn\n|-damage|p2a: Skarmory|111\/333 par|[from] Recoil|[of] p1a: Toxapex\n|\n|-heal|p1a: Toxapex|130\/304 brn|[from] item: Black Sludge\n|-damage|p1a: Toxapex|111\/304 brn|[from] brn\n|upkeep\n|turn|123\n|choice|move recover|move roost\n|\n|move|p1a: Toxapex|Recover|p1a: Toxapex\n|-heal|p1a: Toxapex|263\/304 brn\n|move|p2a: Skarmory|Roost|p2a: Skarmory\n|-heal|p2a: Skarmory|278\/333 par\n|\n|-heal|p1a: Toxapex|282\/304 brn|[from] item: Black Sludge\n|-damage|p1a: Toxapex|263\/304 brn|[from] brn\n|upkeep\n|turn|124\n|choice|move scald|move bravebird\n|\n|move|p1a: Toxapex|Scald|p2a: Skarmory\n|-damage|p2a: Skarmory|214\/333 par\n|cant|p2a: Skarmory|par\n|\n|-heal|p1a: Toxapex|282\/304 brn|[from] item: Black Sludge\n|-damage|p1a: Toxapex|263\/304 brn|[from] brn\n|upkeep\n|turn|125\n|choice|move scald|move roost\n|\n|move|p1a: Toxapex|Scald|p2a: Skarmory\n|-crit|p2a: Skarmory\n|-damage|p2a: Skarmory|117\/333 par\n|move|p2a: Skarmory|Roost|p2a: Skarmory\n|-heal|p2a: Skarmory|284\/333 par\n|\n|-heal|p1a: Toxapex|282\/304 brn|[from] item: Black Sludge\n|-damage|p1a: Toxapex|263\/304 brn|[from] brn\n|upkeep\n|turn|126\n|choice|move scald|move bravebird\n|\n|move|p1a: Toxapex|Scald|p2a: Skarmory\n|-damage|p2a: Skarmory|214\/333 par\n|move|p2a: Skarmory|Brave Bird|p1a: Toxapex\n|-damage|p1a: Toxapex|178\/304 brn\n|-damage|p2a: Skarmory|186\/333 par|[from] Recoil|[of] p1a: Toxapex\n|\n|-heal|p1a: Toxapex|197\/304 brn|[from] item: Black Sludge\n|-damage|p1a: Toxapex|178\/304 brn|[from] brn\n|upkeep\n|turn|127\n|choice|move scald|move roost\n|\n|move|p1a: Toxapex|Scald|p2a: Skarmory\n|-damage|p2a: Skarmory|119\/333 par\n|move|p2a: Skarmory|Roost|p2a: Skarmory\n|-heal|p2a: Skarmory|286\/333 par\n|\n|-heal|p1a: Toxapex|197\/304 brn|[from] item: Black Sludge\n|-damage|p1a: Toxapex|178\/304 brn|[from] brn\n|upkeep\n|turn|128\n|inactive|LeaderMissingNo has 135 seconds left.\n|choice|move recover|move bravebird\n|\n|move|p1a: Toxapex|Recover|p1a: Toxapex\n|-heal|p1a: Toxapex|304\/304 brn\n|move|p2a: Skarmory|Brave Bird|p1a: Toxapex\n|-damage|p1a: Toxapex|216\/304 brn\n|-damage|p2a: Skarmory|257\/333 par|[from] Recoil|[of] p1a: Toxapex\n|\n|-heal|p1a: Toxapex|235\/304 brn|[from] item: Black Sludge\n|-damage|p1a: Toxapex|216\/304 brn|[from] brn\n|upkeep\n|turn|129\n|choice|switch 6|move bravebird\n|\n|switch|p1a: Gliscor|Gliscor, F|294\/354 tox\n|-damage|p1a: Gliscor|250\/354 tox|[from] Stealth Rock\n|move|p2a: Skarmory|Brave Bird|p1a: Gliscor\n|-damage|p1a: Gliscor|174\/354 tox\n|-damage|p2a: Skarmory|232\/333 par|[from] Recoil|[of] p1a: Gliscor\n|\n|-heal|p1a: Gliscor|218\/354 tox|[from] ability: Poison Heal\n|upkeep\n|turn|130\n|choice|move protect|move whirlwind\n|\n|move|p1a: Gliscor|Protect|p1a: Gliscor\n|-singleturn|p1a: Gliscor|Protect\n|move|p2a: Skarmory|Whirlwind|p1a: Gliscor\n|drag|p1a: Ditto|Ditto|116\/300\n|-damage|p1a: Ditto|41\/300|[from] Spikes\n|-damage|p1a: Ditto|4\/300|[from] Stealth Rock\n|-transform|p1a: Ditto|p2a: Skarmory|[from] ability: Imposter\n|\n|upkeep\n|turn|131\n|choice|move roost|move whirlwind\n|\n|move|p1a: Ditto|Roost|p1a: Ditto\n|-heal|p1a: Ditto|154\/300\n|move|p2a: Skarmory|Whirlwind|p1a: Ditto\n|drag|p1a: Gliscor|Gliscor, F|218\/354 tox\n|-damage|p1a: Gliscor|174\/354 tox|[from] Stealth Rock\n|\n|-heal|p1a: Gliscor|218\/354 tox|[from] ability: Poison Heal\n|upkeep\n|turn|132\n|choice|move protect|move whirlwind\n|\n|move|p1a: Gliscor|Protect|p1a: Gliscor\n|-singleturn|p1a: Gliscor|Protect\n|move|p2a: Skarmory|Whirlwind|p1a: Gliscor\n|drag|p1a: Toxapex|Toxapex, M|304\/304 brn\n|-damage|p1a: Toxapex|228\/304 brn|[from] Spikes\n|-damage|p1a: Toxapex|190\/304 brn|[from] Stealth Rock\n|\n|-heal|p1a: Toxapex|209\/304 brn|[from] item: Black Sludge\n|-damage|p1a: Toxapex|190\/304 brn|[from] brn\n|upkeep\n|turn|133\n|choice|move scald|move bravebird\n|\n|move|p1a: Toxapex|Scald|p2a: Skarmory\n|-damage|p2a: Skarmory|159\/333 par\n|cant|p2a: Skarmory|par\n|\n|-heal|p1a: Toxapex|209\/304 brn|[from] item: Black Sludge\n|-damage|p1a: Toxapex|190\/304 brn|[from] brn\n|upkeep\n|turn|134\n|choice|move scald|move roost\n|\n|move|p1a: Toxapex|Scald|p2a: Skarmory\n|-damage|p2a: Skarmory|93\/333 par\n|move|p2a: Skarmory|Roost|p2a: Skarmory\n|-heal|p2a: Skarmory|260\/333 par\n|\n|-heal|p1a: Toxapex|209\/304 brn|[from] item: Black Sludge\n|-damage|p1a: Toxapex|190\/304 brn|[from] brn\n|upkeep\n|turn|135\n|choice|move scald|move bravebird\n|\n|move|p1a: Toxapex|Scald|p2a: Skarmory\n|-damage|p2a: Skarmory|196\/333 par\n|move|p2a: Skarmory|Brave Bird|p1a: Toxapex\n|-damage|p1a: Toxapex|111\/304 brn\n|-damage|p2a: Skarmory|170\/333 par|[from] Recoil|[of] p1a: Toxapex\n|\n|-heal|p1a: Toxapex|130\/304 brn|[from] item: Black Sludge\n|-damage|p1a: Toxapex|111\/304 brn|[from] brn\n|upkeep\n|turn|136\n|choice|switch 6|move roost\n|\n|switch|p1a: Gliscor|Gliscor, F|218\/354 tox\n|-damage|p1a: Gliscor|174\/354 tox|[from] Stealth Rock\n|move|p2a: Skarmory|Roost|p2a: Skarmory\n|-heal|p2a: Skarmory|333\/333 par\n|\n|-heal|p1a: Gliscor|218\/354 tox|[from] ability: Poison Heal\n|upkeep\n|turn|137\n|choice|move protect|move whirlwind\n|\n|move|p1a: Gliscor|Protect|p1a: Gliscor\n|-singleturn|p1a: Gliscor|Protect\n|move|p2a: Skarmory|Whirlwind|p1a: Gliscor\n|drag|p1a: Ditto|Ditto|154\/300\n|-damage|p1a: Ditto|117\/300|[from] Stealth Rock\n|-damage|p1a: Ditto|42\/300|[from] Spikes\n|-transform|p1a: Ditto|p2a: Skarmory|[from] ability: Imposter\n|\n|upkeep\n|turn|138\n|choice|move roost|move whirlwind\n|\n|move|p1a: Ditto|Roost|p1a: Ditto\n|-heal|p1a: Ditto|192\/300\n|cant|p2a: Skarmory|par\n|\n|upkeep\n|turn|139\n|choice|move roost|move bravebird\n|\n|move|p1a: Ditto|Roost|p1a: Ditto\n|-heal|p1a: Ditto|300\/300\n|cant|p2a: Skarmory|par\n|\n|upkeep\n|turn|140\n|choice|move roost|move bravebird\n|\n|move|p1a: Ditto|Roost|p1a: Ditto\n|-fail|p1a: Ditto\n|move|p2a: Skarmory|Brave Bird|p1a: Ditto\n|-resisted|p1a: Ditto\n|-damage|p1a: Ditto|269\/300\n|-damage|p2a: Skarmory|323\/333 par|[from] Recoil|[of] p1a: Ditto\n|\n|upkeep\n|turn|141\n|choice|switch 4|move spikes\n|\n|switch|p1a: Gliscor|Gliscor, F|218\/354 tox\n|-damage|p1a: Gliscor|174\/354 tox|[from] Stealth Rock\n|move|p2a: Skarmory|Spikes|p1a: Gliscor\n|-fail|p2a: Skarmory\n|\n|-heal|p1a: Gliscor|218\/354 tox|[from] ability: Poison Heal\n|upkeep\n|turn|142\n|choice|move protect|move whirlwind\n|\n|move|p1a: Gliscor|Protect|p1a: Gliscor\n|-singleturn|p1a: Gliscor|Protect\n|move|p2a: Skarmory|Whirlwind|p1a: Gliscor\n|drag|p1a: Ditto|Ditto|269\/300\n|-damage|p1a: Ditto|194\/300|[from] Spikes\n|-damage|p1a: Ditto|157\/300|[from] Stealth Rock\n|-transform|p1a: Ditto|p2a: Skarmory|[from] ability: Imposter\n|\n|upkeep\n|turn|143\n|choice|move roost|move whirlwind\n|\n|move|p1a: Ditto|Roost|p1a: Ditto\n|-heal|p1a: Ditto|300\/300\n|move|p2a: Skarmory|Whirlwind|p1a: Ditto\n|drag|p1a: Toxapex|Toxapex, M|212\/304 brn\n|-damage|p1a: Toxapex|174\/304 brn|[from] Stealth Rock\n|-damage|p1a: Toxapex|98\/304 brn|[from] Spikes\n|\n|-heal|p1a: Toxapex|117\/304 brn|[from] item: Black Sludge\n|-damage|p1a: Toxapex|98\/304 brn|[from] brn\n|upkeep\n|turn|144\n|choice|move recover|move bravebird\n|\n|move|p1a: Toxapex|Recover|p1a: Toxapex\n|-heal|p1a: Toxapex|250\/304 brn\n|move|p2a: Skarmory|Brave Bird|p1a: Toxapex\n|-damage|p1a: Toxapex|169\/304 brn\n|-damage|p2a: Skarmory|296\/333 par|[from] Recoil|[of] p1a: Toxapex\n|\n|-heal|p1a: Toxapex|188\/304 brn|[from] item: Black Sludge\n|-damage|p1a: Toxapex|169\/304 brn|[from] brn\n|upkeep\n|turn|145\n|inactive|LeaderMissingNo has 135 seconds left.\n|inactive|Toxabelle has 135 seconds left.\n|choice|switch 4|move bravebird\n|\n|switch|p1a: Gliscor|Gliscor, F|218\/354 tox\n|-damage|p1a: Gliscor|174\/354 tox|[from] Stealth Rock\n|move|p2a: Skarmory|Brave Bird|p1a: Gliscor\n|-damage|p1a: Gliscor|95\/354 tox\n|-damage|p2a: Skarmory|270\/333 par|[from] Recoil|[of] p1a: Gliscor\n|\n|-heal|p1a: Gliscor|139\/354 tox|[from] ability: Poison Heal\n|upkeep\n|turn|146\n|choice|move protect|move whirlwind\n|\n|move|p1a: Gliscor|Protect|p1a: Gliscor\n|-singleturn|p1a: Gliscor|Protect\n|move|p2a: Skarmory|Whirlwind|p1a: Gliscor\n|drag|p1a: Ditto|Ditto|300\/300\n|-damage|p1a: Ditto|263\/300|[from] Stealth Rock\n|-damage|p1a: Ditto|188\/300|[from] Spikes\n|-transform|p1a: Ditto|p2a: Skarmory|[from] ability: Imposter\n|\n|upkeep\n|turn|147\n|choice|move whirlwind|move bravebird\n|\n|move|p2a: Skarmory|Brave Bird|p1a: Ditto\n|-resisted|p1a: Ditto\n|-damage|p1a: Ditto|158\/300\n|-damage|p2a: Skarmory|260\/333 par|[from] Recoil|[of] p1a: Ditto\n|move|p1a: Ditto|Whirlwind|p2a: Skarmory\n|drag|p2a: Bisharp|Bisharp, F|195\/333\n|-damage|p2a: Bisharp|112\/333|[from] Spikes\n|-damage|p2a: Bisharp|92\/333|[from] Stealth Rock\n|\n|-heal|p2a: Bisharp|112\/333|[from] item: Leftovers\n|upkeep\n|turn|148\n|inactive|LeaderMissingNo has 135 seconds left.\n|inactive|Toxabelle has 135 seconds left.\n|choice|move whirlwind|move ironhead\n|\n|move|p2a: Bisharp|Iron Head|p1a: Ditto\n|-resisted|p1a: Ditto\n|-damage|p1a: Ditto|116\/300\n|cant|p1a: Ditto|flinch\n|\n|-heal|p2a: Bisharp|132\/333|[from] item: Leftovers\n|upkeep\n|turn|149\n|choice|move whirlwind|move knockoff\n|\n|move|p2a: Bisharp|Knock Off|p1a: Ditto\n|-damage|p1a: Ditto|10\/300\n|-enditem|p1a: Ditto|Choice Scarf|[from] move: Knock Off|[of] p2a: Bisharp\n|move|p1a: Ditto|Whirlwind|p2a: Bisharp\n|drag|p2a: Skarmory|Skarmory, F|260\/333 par\n|-damage|p2a: Skarmory|219\/333 par|[from] Stealth Rock\n|\n|upkeep\n|turn|150\n|choice|move roost|move whirlwind\n|\n|move|p1a: Ditto|Roost|p1a: Ditto\n|-heal|p1a: Ditto|160\/300\n|move|p2a: Skarmory|Whirlwind|p1a: Ditto\n|drag|p1a: Toxapex|Toxapex, M|270\/304 brn\n|-damage|p1a: Toxapex|194\/304 brn|[from] Spikes\n|-damage|p1a: Toxapex|156\/304 brn|[from] Stealth Rock\n|\n|-heal|p1a: Toxapex|175\/304 brn|[from] item: Black Sludge\n|-damage|p1a: Toxapex|156\/304 brn|[from] brn\n|upkeep\n|turn|151\n|choice|move scald|move bravebird\n|\n|move|p1a: Toxapex|Scald|p2a: Skarmory\n|-damage|p2a: Skarmory|146\/333 par\n|move|p2a: Skarmory|Brave Bird|p1a: Toxapex\n|-damage|p1a: Toxapex|68\/304 brn\n|-damage|p2a: Skarmory|117\/333 par|[from] Recoil|[of] p1a: Toxapex\n|\n|-heal|p1a: Toxapex|87\/304 brn|[from] item: Black Sludge\n|-damage|p1a: Toxapex|68\/304 brn|[from] brn\n|upkeep\n|turn|152\n|choice|move recover|move roost\n|\n|move|p1a: Toxapex|Recover|p1a: Toxapex\n|-heal|p1a: Toxapex|220\/304 brn\n|move|p2a: Skarmory|Roost|p2a: Skarmory\n|-heal|p2a: Skarmory|284\/333 par\n|\n|-heal|p1a: Toxapex|239\/304 brn|[from] item: Black Sludge\n|-damage|p1a: Toxapex|220\/304 brn|[from] brn\n|upkeep\n|turn|153\n|choice|move scald|move bravebird\n|\n|move|p1a: Toxapex|Scald|p2a: Skarmory\n|-damage|p2a: Skarmory|215\/333 par\n|move|p2a: Skarmory|Brave Bird|p1a: Toxapex\n|-damage|p1a: Toxapex|144\/304 brn\n|-damage|p2a: Skarmory|190\/333 par|[from] Recoil|[of] p1a: Toxapex\n|\n|-heal|p1a: Toxapex|163\/304 brn|[from] item: Black Sludge\n|-damage|p1a: Toxapex|144\/304 brn|[from] brn\n|upkeep\n|turn|154\n|choice|move scald|move bravebird\n|\n|move|p1a: Toxapex|Scald|p2a: Skarmory\n|-damage|p2a: Skarmory|124\/333 par\n|move|p2a: Skarmory|Brave Bird|p1a: Toxapex\n|-damage|p1a: Toxapex|62\/304 brn\n|-damage|p2a: Skarmory|97\/333 par|[from] Recoil|[of] p1a: Toxapex\n|\n|-heal|p1a: Toxapex|81\/304 brn|[from] item: Black Sludge\n|-damage|p1a: Toxapex|62\/304 brn|[from] brn\n|upkeep\n|turn|155\n|choice|move recover|move roost\n|\n|move|p1a: Toxapex|Recover|p1a: Toxapex\n|-heal|p1a: Toxapex|214\/304 brn\n|move|p2a: Skarmory|Roost|p2a: Skarmory\n|-heal|p2a: Skarmory|264\/333 par\n|\n|-heal|p1a: Toxapex|233\/304 brn|[from] item: Black Sludge\n|-damage|p1a: Toxapex|214\/304 brn|[from] brn\n|upkeep\n|turn|156\n|choice|move scald|move bravebird\n|\n|move|p1a: Toxapex|Scald|p2a: Skarmory\n|-damage|p2a: Skarmory|200\/333 par\n|move|p2a: Skarmory|Brave Bird|p1a: Toxapex\n|-damage|p1a: Toxapex|138\/304 brn\n|-damage|p2a: Skarmory|175\/333 par|[from] Recoil|[of] p1a: Toxapex\n|\n|-heal|p1a: Toxapex|157\/304 brn|[from] item: Black Sludge\n|-damage|p1a: Toxapex|138\/304 brn|[from] brn\n|upkeep\n|turn|157\n|choice|move scald|move roost\n|\n|move|p1a: Toxapex|Scald|p2a: Skarmory\n|-damage|p2a: Skarmory|106\/333 par\n|move|p2a: Skarmory|Roost|p2a: Skarmory\n|-heal|p2a: Skarmory|273\/333 par\n|\n|-heal|p1a: Toxapex|157\/304 brn|[from] item: Black Sludge\n|-damage|p1a: Toxapex|138\/304 brn|[from] brn\n|upkeep\n|turn|158\n|choice|move recover|move bravebird\n|\n|move|p1a: Toxapex|Recover|p1a: Toxapex\n|-heal|p1a: Toxapex|290\/304 brn\n|move|p2a: Skarmory|Brave Bird|p1a: Toxapex\n|-crit|p1a: Toxapex\n|-damage|p1a: Toxapex|166\/304 brn\n|-damage|p2a: Skarmory|232\/333 par|[from] Recoil|[of] p1a: Toxapex\n|\n|-heal|p1a: Toxapex|185\/304 brn|[from] item: Black Sludge\n|-damage|p1a: Toxapex|166\/304 brn|[from] brn\n|upkeep\n|turn|159\n|choice|switch 6|move bravebird\n|\n|switch|p1a: Gliscor|Gliscor, F|139\/354 tox\n|-damage|p1a: Gliscor|95\/354 tox|[from] Stealth Rock\n|move|p2a: Skarmory|Brave Bird|p1a: Gliscor\n|-damage|p1a: Gliscor|28\/354 tox\n|-damage|p2a: Skarmory|210\/333 par|[from] Recoil|[of] p1a: Gliscor\n|\n|-heal|p1a: Gliscor|72\/354 tox|[from] ability: Poison Heal\n|upkeep\n|turn|160\n|choice|move protect|move whirlwind\n|\n|move|p1a: Gliscor|Protect|p1a: Gliscor\n|-singleturn|p1a: Gliscor|Protect\n|move|p2a: Skarmory|Whirlwind|p1a: Gliscor\n|drag|p1a: Toxapex|Toxapex, M|267\/304 brn\n|-damage|p1a: Toxapex|229\/304 brn|[from] Stealth Rock\n|-damage|p1a: Toxapex|153\/304 brn|[from] Spikes\n|\n|-heal|p1a: Toxapex|172\/304 brn|[from] item: Black Sludge\n|-damage|p1a: Toxapex|153\/304 brn|[from] brn\n|upkeep\n|turn|161\n|choice|move scald|move bravebird\n|\n|move|p1a: Toxapex|Scald|p2a: Skarmory\n|-damage|p2a: Skarmory|140\/333 par\n|move|p2a: Skarmory|Brave Bird|p1a: Toxapex\n|-damage|p1a: Toxapex|68\/304 brn\n|-damage|p2a: Skarmory|112\/333 par|[from] Recoil|[of] p1a: Toxapex\n|\n|-heal|p1a: Toxapex|87\/304 brn|[from] item: Black Sludge\n|-damage|p1a: Toxapex|68\/304 brn|[from] brn\n|upkeep\n|turn|162\n|inactive|Toxabelle has 135 seconds left.\n|choice|switch 4|move roost\n|\n|switch|p1a: Ditto|Ditto|160\/300\n|-damage|p1a: Ditto|123\/300|[from] Stealth Rock\n|-damage|p1a: Ditto|48\/300|[from] Spikes\n|-transform|p1a: Ditto|p2a: Skarmory|[from] ability: Imposter\n|move|p2a: Skarmory|Roost|p2a: Skarmory\n|-heal|p2a: Skarmory|279\/333 par\n|\n|upkeep\n|turn|163\n|choice|move roost|move whirlwind\n|\n|move|p1a: Ditto|Roost|p1a: Ditto\n|-heal|p1a: Ditto|198\/300\n|move|p2a: Skarmory|Whirlwind|p1a: Ditto\n|drag|p1a: Slowbro|Slowbro, M|198\/332 tox\n|-damage|p1a: Slowbro|157\/332 tox|[from] Stealth Rock\n|-damage|p1a: Slowbro|74\/332 tox|[from] Spikes\n|\n|-heal|p1a: Slowbro|94\/332 tox|[from] item: Leftovers\n|-damage|p1a: Slowbro|74\/332 tox|[from] psn\n|upkeep\n|turn|164\n|choice|move slackoff|move bravebird\n|\n|move|p1a: Slowbro|Slack Off|p1a: Slowbro\n|-heal|p1a: Slowbro|240\/332 tox\n|move|p2a: Skarmory|Brave Bird|p1a: Slowbro\n|-damage|p1a: Slowbro|167\/332 tox\n|-damage|p2a: Skarmory|255\/333 par|[from] Recoil|[of] p1a: Slowbro\n|\n|-heal|p1a: Slowbro|187\/332 tox|[from] item: Leftovers\n|-damage|p1a: Slowbro|147\/332 tox|[from] psn\n|upkeep\n|turn|165\n|choice|move scald|move bravebird\n|\n|move|p1a: Slowbro|Scald|p2a: Skarmory\n|-damage|p2a: Skarmory|84\/333 par\n|move|p2a: Skarmory|Brave Bird|p1a: Slowbro\n|-damage|p1a: Slowbro|66\/332 tox\n|-damage|p2a: Skarmory|57\/333 par|[from] Recoil|[of] p1a: Slowbro\n|\n|-heal|p1a: Slowbro|86\/332 tox|[from] item: Leftovers\n|-damage|p1a: Slowbro|26\/332 tox|[from] psn\n|upkeep\n|turn|166\n|choice|move slackoff|move bravebird\n|\n|move|p1a: Slowbro|Slack Off|p1a: Slowbro\n|-heal|p1a: Slowbro|192\/332 tox\n|move|p2a: Skarmory|Brave Bird|p1a: Slowbro\n|-damage|p1a: Slowbro|110\/332 tox\n|-damage|p2a: Skarmory|30\/333 par|[from] Recoil|[of] p1a: Slowbro\n|\n|-heal|p1a: Slowbro|130\/332 tox|[from] item: Leftovers\n|-damage|p1a: Slowbro|50\/332 tox|[from] psn\n|upkeep\n|turn|167\n|choice|move scald|move roost\n|\n|move|p1a: Slowbro|Scald|p2a: Skarmory\n|-damage|p2a: Skarmory|0 fnt\n|faint|p2a: Skarmory\n|\n|-heal|p1a: Slowbro|70\/332 tox|[from] item: Leftovers\n|-damage|p1a: Slowbro|0 fnt|[from] psn\n|upkeep\n|faint|p1a: Slowbro\n|inactive|Toxabelle has 135 seconds left.\n|choice|switch 6|switch 5\n|\n|switch|p2a: Keldeo|Keldeo-Resolute|166\/323 psn\n|switch|p1a: Gliscor|Gliscor, F|72\/354 tox\n|-damage|p2a: Keldeo|86\/323 psn|[from] Spikes\n|-damage|p2a: Keldeo|66\/323 psn|[from] Stealth Rock\n|-damage|p1a: Gliscor|28\/354 tox|[from] Stealth Rock\n|turn|168\n|choice|move protect|move scald\n|\n|move|p1a: Gliscor|Protect|p1a: Gliscor\n|-singleturn|p1a: Gliscor|Protect\n|move|p2a: Keldeo|Scald|p1a: Gliscor\n|-activate|p1a: Gliscor|move: Protect\n|\n|-heal|p2a: Keldeo|86\/323 psn|[from] item: Leftovers\n|-damage|p2a: Keldeo|46\/323 psn|[from] psn\n|-heal|p1a: Gliscor|72\/354 tox|[from] ability: Poison Heal\n|upkeep\n|turn|169\n|choice|switch 3|move scald\n|\n|switch|p1a: Ditto|Ditto|198\/300\n|-damage|p1a: Ditto|161\/300|[from] Stealth Rock\n|-damage|p1a: Ditto|86\/300|[from] Spikes\n|-transform|p1a: Ditto|p2a: Keldeo|[from] ability: Imposter\n|move|p2a: Keldeo|Scald|p1a: Ditto\n|-resisted|p1a: Ditto\n|-damage|p1a: Ditto|7\/300\n|\n|-heal|p2a: Keldeo|66\/323 psn|[from] item: Leftovers\n|-damage|p2a: Keldeo|26\/323 psn|[from] psn\n|upkeep\n|turn|170\n|inactive|LeaderMissingNo has 135 seconds left.\n|inactive|Toxabelle has 135 seconds left.\n|choice|move secretsword|move secretsword\n|\n|move|p2a: Keldeo|Secret Sword|p1a: Ditto\n|-damage|p1a: Ditto|0 fnt\n|faint|p1a: Ditto\n|\n|-heal|p2a: Keldeo|46\/323 psn|[from] item: Leftovers\n|-damage|p2a: Keldeo|6\/323 psn|[from] psn\n|upkeep\n|choice|switch 4|\n|\n|switch|p1a: Toxapex|Toxapex, M|169\/304 brn\n|-damage|p1a: Toxapex|131\/304 brn|[from] Stealth Rock\n|-damage|p1a: Toxapex|55\/304 brn|[from] Spikes\n|turn|171\n|choice|move poisonjab|move secretsword\n|\n|move|p2a: Keldeo|Secret Sword|p1a: Toxapex\n|-resisted|p1a: Toxapex\n|-damage|p1a: Toxapex|2\/304 brn\n|move|p1a: Toxapex|Poison Jab|p2a: Keldeo\n|-damage|p2a: Keldeo|0 fnt\n|faint|p2a: Keldeo\n|\n|-heal|p1a: Toxapex|21\/304 brn|[from] item: Black Sludge\n|-damage|p1a: Toxapex|2\/304 brn|[from] brn\n|upkeep\n|choice||switch 6\n|\n|switch|p2a: Venusaur|Venusaur-Mega, F|341\/363 brn\n|-damage|p2a: Venusaur|251\/363 brn|[from] Spikes\n|-damage|p2a: Venusaur|206\/363 brn|[from] Stealth Rock\n|turn|172\n|choice|move poisonjab|move synthesis\n|\n|move|p2a: Venusaur|Synthesis|p2a: Venusaur\n|-heal|p2a: Venusaur|363\/363 brn\n|move|p1a: Toxapex|Poison Jab|p2a: Venusaur\n|-damage|p2a: Venusaur|341\/363 brn\n|\n|-heal|p1a: Toxapex|21\/304 brn|[from] item: Black Sludge\n|-damage|p2a: Venusaur|319\/363 brn|[from] brn\n|-damage|p1a: Toxapex|2\/304 brn|[from] brn\n|upkeep\n|turn|173\n|l|LeaderMissingNo\n|inactive|LeaderMissingNo disconnected and has a minute to reconnect!\n|player|p1|\n|choice|move poisonjab|move hiddenpower\n|\n|move|p2a: Venusaur|Hidden Power|p1a: Toxapex\n|-resisted|p1a: Toxapex\n|-crit|p1a: Toxapex\n|-damage|p1a: Toxapex|0 fnt\n|faint|p1a: Toxapex\n|\n|-damage|p2a: Venusaur|297\/363 brn|[from] brn\n|upkeep\n|c|\u2606Toxabelle|Noob\n|c|\u2606Toxabelle|u suck dick\n|c|\u2606Toxabelle|At this game\n|c|\u2606Toxabelle|\/log Toxabelle made this room public.\n|inactive|LeaderMissingNo has 20 seconds to reconnect!\n|inactive|LeaderMissingNo has 15 seconds to reconnect!\n|inactive|LeaderMissingNo has 10 seconds to reconnect!\n|inactive|LeaderMissingNo has 5 seconds to reconnect!\n|-message|LeaderMissingNo lost due to inactivity.\n|\n|win|Toxabelle\n|raw|LeaderMissingNo's rating: 1783 &rarr; <strong>1764<\/strong><br \/>(-19 for losing)\n|raw|Toxabelle's rating: 1804 &rarr; <strong>1822<\/strong><br \/>(+18 for winning)\n|c|\u2606Toxabelle|\/log Jytcampbell was invited (and promoted to Room Voice) by Toxabelle\n|j|Jytcampbell","inputlog":null,"uploadtime":1512213169,"views":46,"p1id":"leadermissingno","p2id":"toxabelle","formatid":"gen7ou","rating":1764,"private":0,"password":null}