{"id":"gen7ou-941434807","p1":"jfsosa10","p2":"ghecisbestvillain","format":"gen7ou","log":"|j|\u2606jfsosa10\n|j|\u2606ghecisbestvillain\n|player|p1|jfsosa10|87\n|player|p2|ghecisbestvillain|269\n|teamsize|p1|6\n|teamsize|p2|6\n|gametype|singles\n|gen|7\n|tier|[Gen 7] OU\n|rated|\n|rule|Sleep Clause Mod: Limit one foe put to sleep\n|rule|Species Clause: Limit one of each Pok\u00e9mon\n|rule|OHKO Clause: OHKO moves are banned\n|rule|Moody Clause: Moody is banned\n|rule|Evasion Moves Clause: Evasion moves are banned\n|rule|Endless Battle Clause: Forcing endless battles is banned\n|rule|HP Percentage Mod: HP is shown in percentages\n|clearpoke\n|poke|p1|Alakazam, F|item\n|poke|p1|Tapu Lele|item\n|poke|p1|Kartana|item\n|poke|p1|Kommo-o, F|item\n|poke|p1|Magearna|item\n|poke|p1|Landorus-Therian, M|item\n|poke|p2|Hawlucha, M|item\n|poke|p2|Clefable, F|item\n|poke|p2|Charizard, M|item\n|poke|p2|Tapu Koko|item\n|poke|p2|Magearna|item\n|poke|p2|Kyurem-Black|item\n|teampreview\n|inactive|Battle timer is ON: inactive players will automatically lose when time's up. (requested by ghecisbestvillain)\n|\n|start\n|switch|p1a: Tapu Lele|Tapu Lele|100\/100\n|switch|p2a: Tapu Koko|Tapu Koko|100\/100\n|-fieldstart|move: Electric Terrain|[from] ability: Electric Surge|[of] p2a: Tapu Koko\n|-fieldstart|move: Psychic Terrain|[from] ability: Psychic Surge|[of] p1a: Tapu Lele\n|turn|1\n|j| wobuxihuanheiseren\n|\n|switch|p2a: Magearna|Magearna|100\/100\n|move|p1a: Tapu Lele|Psyshock|p2a: Magearna\n|-resisted|p2a: Magearna\n|-damage|p2a: Magearna|55\/100\n|\n|upkeep\n|turn|2\n|l| wobuxihuanheiseren\n|\n|switch|p1a: Magearna|Magearna|100\/100\n|move|p2a: Magearna|Shift Gear|p2a: Magearna\n|-boost|p2a: Magearna|spe|2\n|-boost|p2a: Magearna|atk|1\n|\n|upkeep\n|turn|3\n|j| logic and emotion\n|j| Nyaco_miyuki\n|l| Nyaco_miyuki\n|\n|move|p2a: Magearna|Shift Gear|p2a: Magearna\n|-boost|p2a: Magearna|spe|2\n|-boost|p2a: Magearna|atk|1\n|move|p1a: Magearna|Iron Head|p2a: Magearna\n|-damage|p2a: Magearna|32\/100\n|\n|upkeep\n|turn|4\n|\n|move|p2a: Magearna|Iron Head|p1a: Magearna\n|-damage|p1a: Magearna|38\/100\n|move|p1a: Magearna|Hidden Power|p2a: Magearna\n|-supereffective|p2a: Magearna\n|-damage|p2a: Magearna|0 fnt\n|faint|p2a: Magearna\n|-ability|p1a: Magearna|Soul-Heart|boost\n|-boost|p1a: Magearna|spa|1\n|\n|upkeep\n|\n|switch|p2a: Charizard|Charizard, M|100\/100\n|turn|5\n|\n|switch|p1a: Kommo-o|Kommo-o, F|100\/100\n|detailschange|p2a: Charizard|Charizard-Mega-X, M\n|-mega|p2a: Charizard|Charizard|Charizardite X\n|move|p2a: Charizard|Fire Punch|p1a: Kommo-o\n|-resisted|p1a: Kommo-o\n|-damage|p1a: Kommo-o|75\/100\n|\n|-fieldend|move: Psychic Terrain\n|upkeep\n|turn|6\n|\n|switch|p1a: Landorus|Landorus-Therian, M|100\/100\n|-ability|p1a: Landorus|Intimidate|boost\n|-unboost|p2a: Charizard|atk|1\n|switch|p2a: Tapu Koko|Tapu Koko|100\/100\n|-fieldstart|move: Electric Terrain|[from] ability: Electric Surge|[of] p2a: Tapu Koko\n|\n|upkeep\n|turn|7\n|\n|move|p2a: Tapu Koko|Reflect|p2a: Tapu Koko\n|-sidestart|p2: ghecisbestvillain|Reflect\n|move|p1a: Landorus|U-turn|p2a: Tapu Koko\n|-resisted|p2a: Tapu Koko\n|-damage|p2a: Tapu Koko|94\/100\n|\n|switch|p1a: Tapu Lele|Tapu Lele|100\/100|[from]move: U-turn\n|-fieldstart|move: Psychic Terrain|[from] ability: Psychic Surge|[of] p1a: Tapu Lele\n|\n|upkeep\n|turn|8\n|\n|switch|p2a: Kyurem|Kyurem-Black|100\/100\n|-ability|p2a: Kyurem|Teravolt\n|move|p1a: Tapu Lele|Psychic|p2a: Kyurem\n|-damage|p2a: Kyurem|3\/100\n|\n|upkeep\n|turn|9\n|\n|switch|p1a: Magearna|Magearna|38\/100\n|move|p2a: Kyurem|Ice Beam|p1a: Magearna\n|-resisted|p1a: Magearna\n|-damage|p1a: Magearna|25\/100\n|-damage|p2a: Kyurem|0 fnt|[from] item: Life Orb\n|faint|p2a: Kyurem\n|-ability|p1a: Magearna|Soul-Heart|boost\n|-boost|p1a: Magearna|spa|1\n|\n|upkeep\n|\n|switch|p2a: Charizard|Charizard-Mega-X, M|100\/100\n|turn|10\n|\n|move|p2a: Charizard|Fire Punch|p1a: Magearna\n|-supereffective|p1a: Magearna\n|-damage|p1a: Magearna|0 fnt\n|faint|p1a: Magearna\n|\n|upkeep\n|\n|switch|p1a: Alakazam|Alakazam, F|100\/100\n|turn|11\n|\n|switch|p2a: Tapu Koko|Tapu Koko|94\/100\n|-fieldstart|move: Electric Terrain|[from] ability: Electric Surge|[of] p2a: Tapu Koko\n|detailschange|p1a: Alakazam|Alakazam-Mega, F\n|-mega|p1a: Alakazam|Alakazam|Alakazite\n|-ability|p1a: Alakazam|Electric Surge|[from] ability: Trace|[of] p2a: Tapu Koko\n|move|p1a: Alakazam|Psychic|p2a: Tapu Koko\n|-damage|p2a: Tapu Koko|9\/100\n|\n|upkeep\n|turn|12\n|\n|switch|p1a: Tapu Lele|Tapu Lele|100\/100\n|-fieldstart|move: Psychic Terrain|[from] ability: Psychic Surge|[of] p1a: Tapu Lele\n|move|p2a: Tapu Koko|Light Screen|p2a: Tapu Koko\n|-sidestart|p2: ghecisbestvillain|move: Light Screen\n|\n|upkeep\n|turn|13\n|\n|switch|p2a: Charizard|Charizard-Mega-X, M|100\/100\n|move|p1a: Tapu Lele|Psychic|p2a: Charizard\n|-damage|p2a: Charizard|28\/100\n|\n|upkeep\n|turn|14\n|\n|switch|p1a: Landorus|Landorus-Therian, M|100\/100\n|-ability|p1a: Landorus|Intimidate|boost\n|-unboost|p2a: Charizard|atk|1\n|move|p2a: Charizard|Dragon Dance|p2a: Charizard\n|-boost|p2a: Charizard|atk|1\n|-boost|p2a: Charizard|spe|1\n|\n|-sideend|p2: ghecisbestvillain|Reflect\n|upkeep\n|turn|15\n|\n|move|p2a: Charizard|Dragon Claw|p1a: Landorus\n|-damage|p1a: Landorus|54\/100\n|move|p1a: Landorus|Earthquake|p2a: Charizard\n|-supereffective|p2a: Charizard\n|-damage|p2a: Charizard|0 fnt\n|faint|p2a: Charizard\n|\n|-heal|p1a: Landorus|60\/100|[from] item: Leftovers\n|upkeep\n|\n|switch|p2a: Tapu Koko|Tapu Koko|9\/100\n|-fieldstart|move: Electric Terrain|[from] ability: Electric Surge|[of] p2a: Tapu Koko\n|turn|16\n|\n|move|p2a: Tapu Koko|Reflect|p2a: Tapu Koko\n|-sidestart|p2: ghecisbestvillain|Reflect\n|move|p1a: Landorus|U-turn|p2a: Tapu Koko\n|-resisted|p2a: Tapu Koko\n|-crit|p2a: Tapu Koko\n|-damage|p2a: Tapu Koko|0 fnt\n|faint|p2a: Tapu Koko\n|\n|switch|p1a: Tapu Lele|Tapu Lele|100\/100|[from]move: U-turn\n|-fieldstart|move: Psychic Terrain|[from] ability: Psychic Surge|[of] p1a: Tapu Lele\n|\n|upkeep\n|\n|switch|p2a: Clefable|Clefable, F|100\/100\n|turn|17\n|\n|move|p1a: Tapu Lele|Psychic|p2a: Clefable\n|-damage|p2a: Clefable|52\/100\n|move|p2a: Clefable|Cosmic Power|p2a: Clefable\n|-boost|p2a: Clefable|def|1\n|-boost|p2a: Clefable|spd|1\n|\n|-heal|p2a: Clefable|59\/100|[from] item: Leftovers\n|upkeep\n|turn|18\n|\n|move|p1a: Tapu Lele|Psychic|p2a: Clefable\n|-damage|p2a: Clefable|27\/100\n|move|p2a: Clefable|Soft-Boiled|p2a: Clefable\n|-heal|p2a: Clefable|77\/100\n|\n|-heal|p2a: Clefable|83\/100|[from] item: Leftovers\n|upkeep\n|turn|19\n|\n|move|p1a: Tapu Lele|Psychic|p2a: Clefable\n|-damage|p2a: Clefable|52\/100\n|move|p2a: Clefable|Cosmic Power|p2a: Clefable\n|-boost|p2a: Clefable|def|1\n|-boost|p2a: Clefable|spd|1\n|\n|-heal|p2a: Clefable|58\/100|[from] item: Leftovers\n|-sideend|p2: ghecisbestvillain|move: Light Screen\n|upkeep\n|turn|20\n|\n|move|p1a: Tapu Lele|Psychic|p2a: Clefable\n|-damage|p2a: Clefable|12\/100\n|move|p2a: Clefable|Soft-Boiled|p2a: Clefable\n|-heal|p2a: Clefable|62\/100\n|\n|-heal|p2a: Clefable|68\/100|[from] item: Leftovers\n|-fieldend|move: Psychic Terrain\n|upkeep\n|turn|21\n|\n|switch|p1a: Kartana|Kartana|100\/100\n|move|p2a: Clefable|Soft-Boiled|p2a: Clefable\n|-heal|p2a: Clefable|100\/100\n|\n|upkeep\n|turn|22\n|\n|move|p1a: Kartana|Smart Strike|p2a: Clefable\n|-supereffective|p2a: Clefable\n|-damage|p2a: Clefable|82\/100\n|move|p2a: Clefable|Cosmic Power|p2a: Clefable\n|-boost|p2a: Clefable|def|1\n|-boost|p2a: Clefable|spd|1\n|\n|-heal|p2a: Clefable|88\/100|[from] item: Leftovers\n|upkeep\n|turn|23\n|\n|move|p1a: Kartana|Smart Strike|p2a: Clefable\n|-supereffective|p2a: Clefable\n|-damage|p2a: Clefable|71\/100\n|move|p2a: Clefable|Cosmic Power|p2a: Clefable\n|-boost|p2a: Clefable|def|1\n|-boost|p2a: Clefable|spd|1\n|\n|-heal|p2a: Clefable|77\/100|[from] item: Leftovers\n|-sideend|p2: ghecisbestvillain|Reflect\n|upkeep\n|turn|24\n|c| logic and emotion|only a crit\n|\n|move|p1a: Kartana|Smart Strike|p2a: Clefable\n|-supereffective|p2a: Clefable\n|-damage|p2a: Clefable|51\/100\n|move|p2a: Clefable|Soft-Boiled|p2a: Clefable\n|-heal|p2a: Clefable|100\/100\n|\n|upkeep\n|turn|25\n|\n|move|p1a: Kartana|Smart Strike|p2a: Clefable\n|-supereffective|p2a: Clefable\n|-damage|p2a: Clefable|71\/100\n|move|p2a: Clefable|Stored Power|p1a: Kartana\n|-resisted|p1a: Kartana\n|-damage|p1a: Kartana|34\/100\n|\n|-heal|p2a: Clefable|78\/100|[from] item: Leftovers\n|upkeep\n|turn|26\n|\n|move|p1a: Kartana|Smart Strike|p2a: Clefable\n|-supereffective|p2a: Clefable\n|-damage|p2a: Clefable|53\/100\n|move|p2a: Clefable|Stored Power|p1a: Kartana\n|-resisted|p1a: Kartana\n|-damage|p1a: Kartana|0 fnt\n|faint|p1a: Kartana\n|\n|-heal|p2a: Clefable|59\/100|[from] item: Leftovers\n|upkeep\n|\n|switch|p1a: Tapu Lele|Tapu Lele|100\/100\n|-fieldstart|move: Psychic Terrain|[from] ability: Psychic Surge|[of] p1a: Tapu Lele\n|turn|27\n|\n|move|p1a: Tapu Lele|Psychic|p2a: Clefable\n|-crit|p2a: Clefable\n|-damage|p2a: Clefable|0 fnt\n|faint|p2a: Clefable\n|\n|upkeep\n|c| logic and emotion|gg\n|c|\u2606jfsosa10|yes\n|-message|ghecisbestvillain forfeited.\n|\n|win|jfsosa10\n|l|\u2606ghecisbestvillain\n|c|\u2606jfsosa10|gg\n","uploadtime":1562572438,"views":4,"p1id":"jfsosa10","p2id":"ghecisbestvillain","formatid":"gen7ou","rating":0,"private":0,"password":null}