{"id":"gen7ou-1391211696","p1":"FildrongEstNul","p2":"EEEEEvolto\u6df1\u6eba","format":"gen7ou","log":"|j|\u203dFildrongEstNul\n|j|\u2606EEEEEvolto\u6df1\u6eba\n|t:|1628229884\n|gametype|singles\n|player|p1|FildrongEstNul|102|1410\n|player|p2|EEEEEvolto\u6df1\u6eba|101|1579\n|teamsize|p1|6\n|teamsize|p2|6\n|gen|7\n|tier|[Gen 7] OU\n|rated|\n|rule|Sleep Clause Mod: Limit one foe put to sleep\n|rule|Species Clause: Limit one of each Pok\u00e9mon\n|rule|OHKO Clause: OHKO moves are banned\n|rule|Moody Clause: Moody is banned\n|rule|Evasion Moves Clause: Evasion moves are banned\n|rule|Endless Battle Clause: Forcing endless battles is banned\n|rule|HP Percentage Mod: HP is shown in percentages\n|clearpoke\n|poke|p1|Venusaur, M|item\n|poke|p1|Bisharp, M|item\n|poke|p1|Keldeo|item\n|poke|p1|Chansey, F|item\n|poke|p1|Heatran, M|item\n|poke|p1|Skarmory, F|item\n|poke|p2|Sableye, M|item\n|poke|p2|Pyukumuku, L90, F|item\n|poke|p2|Skarmory, M|item\n|poke|p2|Chansey, F|item\n|poke|p2|Toxapex, M|item\n|poke|p2|Gliscor, M|item\n|teampreview\n|inactive|Battle timer is ON: inactive players will automatically lose when time's up. (requested by EEEEEvolto\u6df1\u6eba)\n|inactive|FildrongEstNul also wants the timer to be on.\n|\n|t:|1628229890\n|start\n|switch|p1a: Keldeo|Keldeo|100\/100\n|switch|p2a: Sableye|Sableye, M|100\/100\n|turn|1\n|\n|t:|1628229893\n|detailschange|p2a: Sableye|Sableye-Mega, M\n|-mega|p2a: Sableye|Sableye|Sablenite\n|move|p1a: Keldeo|Scald|p2a: Sableye\n|-damage|p2a: Sableye|72\/100\n|move|p2a: Sableye|Knock Off|p1a: Keldeo\n|-resisted|p1a: Keldeo\n|-damage|p1a: Keldeo|84\/100\n|-ability|p1a: Keldeo|Justified|boost\n|-boost|p1a: Keldeo|atk|1\n|-enditem|p1a: Keldeo|Leftovers|[from] move: Knock Off|[of] p2a: Sableye\n|\n|upkeep\n|turn|2\n|\n|t:|1628229896\n|move|p1a: Keldeo|Calm Mind|p1a: Keldeo\n|-boost|p1a: Keldeo|spa|1\n|-boost|p1a: Keldeo|spd|1\n|move|p2a: Sableye|Recover|p2a: Sableye\n|-heal|p2a: Sableye|100\/100\n|\n|upkeep\n|turn|3\n|\n|t:|1628229898\n|move|p1a: Keldeo|Scald|p2a: Sableye\n|-damage|p2a: Sableye|56\/100\n|move|p2a: Sableye|Metal Burst|p1a: Keldeo\n|-damage|p1a: Keldeo|21\/100\n|\n|upkeep\n|turn|4\n|\n|t:|1628229901\n|move|p1a: Keldeo|Scald|p2a: Sableye\n|-damage|p2a: Sableye|10\/100\n|move|p2a: Sableye|Recover|p2a: Sableye\n|-heal|p2a: Sableye|60\/100\n|\n|upkeep\n|turn|5\n|\n|t:|1628229906\n|switch|p2a: Toxapex|Toxapex, M|100\/100\n|move|p1a: Keldeo|Scald|p2a: Toxapex\n|-resisted|p2a: Toxapex\n|-damage|p2a: Toxapex|79\/100\n|-status|p2a: Toxapex|brn\n|\n|-damage|p2a: Toxapex|73\/100 brn|[from] brn\n|upkeep\n|turn|6\n|\n|t:|1628229908\n|switch|p1a: Chansey|Chansey, F|100\/100\n|move|p2a: Toxapex|Toxic Spikes|p1a: Chansey\n|-sidestart|p1: FildrongEstNul|move: Toxic Spikes\n|\n|-damage|p2a: Toxapex|67\/100 brn|[from] brn\n|upkeep\n|turn|7\n|\n|t:|1628229911\n|switch|p1a: Venusaur|Venusaur, M|100\/100\n|-sideend|p1: FildrongEstNul|move: Toxic Spikes|[of] p1a: Venusaur\n|move|p2a: Toxapex|Toxic Spikes|p1a: Venusaur\n|-sidestart|p1: FildrongEstNul|move: Toxic Spikes\n|\n|-damage|p2a: Toxapex|62\/100 brn|[from] brn\n|upkeep\n|turn|8\n|\n|t:|1628229915\n|detailschange|p1a: Venusaur|Venusaur-Mega, M\n|-mega|p1a: Venusaur|Venusaur|Venusaurite\n|move|p1a: Venusaur|Sludge Bomb|p2a: Toxapex\n|-resisted|p2a: Toxapex\n|-damage|p2a: Toxapex|50\/100 brn\n|move|p2a: Toxapex|Scald|p1a: Venusaur\n|-resisted|p1a: Venusaur\n|-damage|p1a: Venusaur|94\/100\n|\n|-damage|p2a: Toxapex|44\/100 brn|[from] brn\n|upkeep\n|turn|9\n|\n|t:|1628229918\n|move|p1a: Venusaur|Sludge Bomb|p2a: Toxapex\n|-resisted|p2a: Toxapex\n|-damage|p2a: Toxapex|33\/100 brn\n|move|p2a: Toxapex|Recover|p2a: Toxapex\n|-heal|p2a: Toxapex|83\/100 brn\n|\n|-damage|p2a: Toxapex|77\/100 brn|[from] brn\n|upkeep\n|turn|10\n|\n|t:|1628229919\n|move|p1a: Venusaur|Sludge Bomb|p2a: Toxapex\n|-resisted|p2a: Toxapex\n|-damage|p2a: Toxapex|65\/100 brn\n|move|p2a: Toxapex|Scald|p1a: Venusaur\n|-resisted|p1a: Venusaur\n|-damage|p1a: Venusaur|88\/100\n|\n|-damage|p2a: Toxapex|59\/100 brn|[from] brn\n|upkeep\n|turn|11\n|\n|t:|1628229921\n|move|p1a: Venusaur|Giga Drain|p2a: Toxapex\n|-damage|p2a: Toxapex|38\/100 brn\n|-heal|p1a: Venusaur|97\/100|[from] drain|[of] p2a: Toxapex\n|move|p2a: Toxapex|Recover|p2a: Toxapex\n|-heal|p2a: Toxapex|88\/100 brn\n|\n|-damage|p2a: Toxapex|82\/100 brn|[from] brn\n|upkeep\n|turn|12\n|\n|t:|1628229923\n|switch|p1a: Bisharp|Bisharp, M|100\/100\n|move|p2a: Toxapex|Scald|p1a: Bisharp\n|-damage|p1a: Bisharp|79\/100\n|\n|-heal|p1a: Bisharp|85\/100|[from] item: Leftovers\n|-damage|p2a: Toxapex|76\/100 brn|[from] brn\n|upkeep\n|turn|13\n|\n|t:|1628229925\n|move|p1a: Bisharp|Swords Dance|p1a: Bisharp\n|-boost|p1a: Bisharp|atk|2\n|move|p2a: Toxapex|Scald|p1a: Bisharp\n|-damage|p1a: Bisharp|63\/100\n|\n|-heal|p1a: Bisharp|69\/100|[from] item: Leftovers\n|-damage|p2a: Toxapex|70\/100 brn|[from] brn\n|upkeep\n|turn|14\n|\n|t:|1628229930\n|move|p1a: Bisharp|Knock Off|p2a: Toxapex\n|-damage|p2a: Toxapex|13\/100 brn\n|move|p2a: Toxapex|Scald|p1a: Bisharp\n|-damage|p1a: Bisharp|45\/100\n|\n|-heal|p1a: Bisharp|51\/100|[from] item: Leftovers\n|-damage|p2a: Toxapex|7\/100 brn|[from] brn\n|upkeep\n|turn|15\n|\n|t:|1628229936\n|switch|p2a: Pyukumuku|Pyukumuku, L90, F|100\/100\n|move|p1a: Bisharp|Knock Off|p2a: Pyukumuku\n|-damage|p2a: Pyukumuku|0 fnt\n|-damage|p1a: Bisharp|0 fnt|[from] ability: Innards Out|[of] p2a: Pyukumuku\n|faint|p2a: Pyukumuku\n|faint|p1a: Bisharp\n|\n|upkeep\n|\n|t:|1628229941\n|switch|p1a: Venusaur|Venusaur-Mega, M|97\/100\n|switch|p2a: Toxapex|Toxapex, M|40\/100 brn\n|-sideend|p1: FildrongEstNul|move: Toxic Spikes|[of] p1a: Venusaur\n|turn|16\n|\n|t:|1628229943\n|move|p1a: Venusaur|Sludge Bomb|p2a: Toxapex\n|-resisted|p2a: Toxapex\n|-damage|p2a: Toxapex|29\/100 brn\n|move|p2a: Toxapex|Recover|p2a: Toxapex\n|-heal|p2a: Toxapex|79\/100 brn\n|\n|-damage|p2a: Toxapex|73\/100 brn|[from] brn\n|upkeep\n|turn|17\n|\n|t:|1628229946\n|move|p1a: Venusaur|Sludge Bomb|p2a: Toxapex\n|-resisted|p2a: Toxapex\n|-damage|p2a: Toxapex|61\/100 brn\n|move|p2a: Toxapex|Scald|p1a: Venusaur\n|-resisted|p1a: Venusaur\n|-damage|p1a: Venusaur|90\/100\n|\n|-damage|p2a: Toxapex|55\/100 brn|[from] brn\n|upkeep\n|turn|18\n|\n|t:|1628229947\n|move|p1a: Venusaur|Giga Drain|p2a: Toxapex\n|-damage|p2a: Toxapex|37\/100 brn\n|-heal|p1a: Venusaur|98\/100|[from] drain|[of] p2a: Toxapex\n|move|p2a: Toxapex|Recover|p2a: Toxapex\n|-heal|p2a: Toxapex|87\/100 brn\n|\n|-damage|p2a: Toxapex|81\/100 brn|[from] brn\n|upkeep\n|turn|19\n|\n|t:|1628229948\n|move|p1a: Venusaur|Giga Drain|p2a: Toxapex\n|-damage|p2a: Toxapex|61\/100 brn\n|-heal|p1a: Venusaur|100\/100|[from] drain|[of] p2a: Toxapex\n|move|p2a: Toxapex|Scald|p1a: Venusaur\n|-resisted|p1a: Venusaur\n|-damage|p1a: Venusaur|94\/100\n|\n|-damage|p2a: Toxapex|55\/100 brn|[from] brn\n|upkeep\n|turn|20\n|\n|t:|1628229949\n|move|p1a: Venusaur|Sludge Bomb|p2a: Toxapex\n|-resisted|p2a: Toxapex\n|-damage|p2a: Toxapex|44\/100 brn\n|move|p2a: Toxapex|Recover|p2a: Toxapex\n|-heal|p2a: Toxapex|94\/100 brn\n|\n|-damage|p2a: Toxapex|88\/100 brn|[from] brn\n|upkeep\n|turn|21\n|\n|t:|1628229951\n|move|p1a: Venusaur|Giga Drain|p2a: Toxapex\n|-damage|p2a: Toxapex|67\/100 brn\n|-heal|p1a: Venusaur|100\/100|[from] drain|[of] p2a: Toxapex\n|move|p2a: Toxapex|Scald|p1a: Venusaur\n|-resisted|p1a: Venusaur\n|-damage|p1a: Venusaur|94\/100\n|\n|-damage|p2a: Toxapex|61\/100 brn|[from] brn\n|upkeep\n|turn|22\n|\n|t:|1628229952\n|move|p1a: Venusaur|Sludge Bomb|p2a: Toxapex\n|-resisted|p2a: Toxapex\n|-damage|p2a: Toxapex|50\/100 brn\n|move|p2a: Toxapex|Recover|p2a: Toxapex\n|-heal|p2a: Toxapex|99\/100 brn\n|\n|-damage|p2a: Toxapex|94\/100 brn|[from] brn\n|upkeep\n|turn|23\n|\n|t:|1628229954\n|move|p1a: Venusaur|Giga Drain|p2a: Toxapex\n|-damage|p2a: Toxapex|75\/100 brn\n|-heal|p1a: Venusaur|100\/100|[from] drain|[of] p2a: Toxapex\n|move|p2a: Toxapex|Scald|p1a: Venusaur\n|-resisted|p1a: Venusaur\n|-damage|p1a: Venusaur|93\/100\n|\n|-damage|p2a: Toxapex|69\/100 brn|[from] brn\n|upkeep\n|turn|24\n|\n|t:|1628229955\n|move|p1a: Venusaur|Sludge Bomb|p2a: Toxapex\n|-resisted|p2a: Toxapex\n|-damage|p2a: Toxapex|57\/100 brn\n|move|p2a: Toxapex|Recover|p2a: Toxapex\n|-heal|p2a: Toxapex|100\/100 brn\n|\n|-damage|p2a: Toxapex|95\/100 brn|[from] brn\n|upkeep\n|turn|25\n|\n|t:|1628229957\n|move|p1a: Venusaur|Giga Drain|p2a: Toxapex\n|-damage|p2a: Toxapex|74\/100 brn\n|-heal|p1a: Venusaur|100\/100|[from] drain|[of] p2a: Toxapex\n|move|p2a: Toxapex|Scald|p1a: Venusaur\n|-resisted|p1a: Venusaur\n|-damage|p1a: Venusaur|94\/100\n|-status|p1a: Venusaur|brn\n|\n|-damage|p1a: Venusaur|88\/100 brn|[from] brn\n|-damage|p2a: Toxapex|68\/100 brn|[from] brn\n|upkeep\n|turn|26\n|\n|t:|1628229958\n|switch|p1a: Heatran|Heatran, M|100\/100\n|move|p2a: Toxapex|Recover|p2a: Toxapex\n|-heal|p2a: Toxapex|100\/100 brn\n|\n|-damage|p2a: Toxapex|95\/100 brn|[from] brn\n|upkeep\n|turn|27\n|\n|t:|1628229962\n|switch|p2a: Sableye|Sableye-Mega, M|60\/100\n|move|p1a: Heatran|Lava Plume|p2a: Sableye\n|-damage|p2a: Sableye|36\/100\n|-status|p2a: Sableye|brn\n|\n|-damage|p2a: Sableye|30\/100 brn|[from] brn\n|upkeep\n|turn|28\n|\n|t:|1628229967\n|move|p1a: Heatran|Lava Plume|p2a: Sableye\n|-damage|p2a: Sableye|6\/100 brn\n|move|p2a: Sableye|Recover|p2a: Sableye\n|-heal|p2a: Sableye|56\/100 brn\n|\n|-damage|p2a: Sableye|50\/100 brn|[from] brn\n|upkeep\n|turn|29\n|\n|t:|1628229969\n|move|p1a: Heatran|Lava Plume|p2a: Sableye\n|-damage|p2a: Sableye|23\/100 brn\n|move|p2a: Sableye|Recover|p2a: Sableye\n|-heal|p2a: Sableye|73\/100 brn\n|\n|-damage|p2a: Sableye|67\/100 brn|[from] brn\n|upkeep\n|turn|30\n|\n|t:|1628229971\n|move|p1a: Heatran|Lava Plume|p2a: Sableye\n|-damage|p2a: Sableye|40\/100 brn\n|move|p2a: Sableye|Recover|p2a: Sableye\n|-heal|p2a: Sableye|91\/100 brn\n|\n|-damage|p2a: Sableye|85\/100 brn|[from] brn\n|upkeep\n|turn|31\n|\n|t:|1628229973\n|move|p1a: Heatran|Lava Plume|p2a: Sableye\n|-damage|p2a: Sableye|61\/100 brn\n|move|p2a: Sableye|Knock Off|p1a: Heatran\n|-damage|p1a: Heatran|87\/100\n|-enditem|p1a: Heatran|Leftovers|[from] move: Knock Off|[of] p2a: Sableye\n|\n|-damage|p2a: Sableye|55\/100 brn|[from] brn\n|upkeep\n|turn|32\n|\n|t:|1628229974\n|move|p1a: Heatran|Taunt|p2a: Sableye\n|move|p2a: Sableye|Taunt|p1a: Heatran|[from]ability: Magic Bounce\n|-start|p1a: Heatran|move: Taunt\n|move|p2a: Sableye|Recover|p2a: Sableye\n|-heal|p2a: Sableye|100\/100 brn\n|\n|-damage|p2a: Sableye|95\/100 brn|[from] brn\n|upkeep\n|turn|33\n|\n|t:|1628229977\n|switch|p2a: Chansey|Chansey, F|100\/100\n|move|p1a: Heatran|Lava Plume|p2a: Chansey\n|-damage|p2a: Chansey|91\/100\n|-status|p2a: Chansey|brn\n|\n|-damage|p2a: Chansey|85\/100 brn|[from] brn\n|upkeep\n|turn|34\n|\n|t:|1628229979\n|switch|p1a: Chansey|Chansey, F|100\/100\n|switch|p2a: Gliscor|Gliscor, M|100\/100\n|\n|-status|p2a: Gliscor|tox|[from] item: Toxic Orb\n|upkeep\n|turn|35\n|\n|t:|1628229981\n|switch|p1a: Venusaur|Venusaur-Mega, M|88\/100 brn\n|move|p2a: Gliscor|Toxic||[still]\n|-fail|p2a: Gliscor\n|\n|-damage|p1a: Venusaur|82\/100 brn|[from] brn\n|upkeep\n|turn|36\n|\n|t:|1628229983\n|move|p2a: Gliscor|Earthquake|p1a: Venusaur\n|-damage|p1a: Venusaur|62\/100 brn\n|move|p1a: Venusaur|Giga Drain|p2a: Gliscor\n|-damage|p2a: Gliscor|66\/100 tox\n|-heal|p1a: Venusaur|80\/100 brn|[from] drain|[of] p2a: Gliscor\n|\n|-heal|p2a: Gliscor|78\/100 tox|[from] ability: Poison Heal\n|-damage|p1a: Venusaur|74\/100 brn|[from] brn\n|upkeep\n|turn|37\n|\n|t:|1628229984\n|move|p2a: Gliscor|Earthquake|p1a: Venusaur\n|-damage|p1a: Venusaur|54\/100 brn\n|move|p1a: Venusaur|Giga Drain|p2a: Gliscor\n|-damage|p2a: Gliscor|43\/100 tox\n|-heal|p1a: Venusaur|72\/100 brn|[from] drain|[of] p2a: Gliscor\n|\n|-heal|p2a: Gliscor|55\/100 tox|[from] ability: Poison Heal\n|-damage|p1a: Venusaur|66\/100 brn|[from] brn\n|upkeep\n|turn|38\n|\n|t:|1628229989\n|switch|p2a: Sableye|Sableye-Mega, M|95\/100 brn\n|move|p1a: Venusaur|Giga Drain|p2a: Sableye\n|-damage|p2a: Sableye|73\/100 brn\n|-heal|p1a: Venusaur|74\/100 brn|[from] drain|[of] p2a: Sableye\n|\n|-damage|p1a: Venusaur|68\/100 brn|[from] brn\n|-damage|p2a: Sableye|67\/100 brn|[from] brn\n|upkeep\n|turn|39\n|\n|t:|1628229991\n|move|p1a: Venusaur|Synthesis|p1a: Venusaur\n|-heal|p1a: Venusaur|100\/100 brn\n|move|p2a: Sableye|Recover|p2a: Sableye\n|-heal|p2a: Sableye|100\/100 brn\n|\n|-damage|p1a: Venusaur|94\/100 brn|[from] brn\n|-damage|p2a: Sableye|95\/100 brn|[from] brn\n|upkeep\n|turn|40\n|\n|t:|1628229993\n|move|p1a: Venusaur|Giga Drain|p2a: Sableye\n|-damage|p2a: Sableye|73\/100 brn\n|-heal|p1a: Venusaur|100\/100 brn|[from] drain|[of] p2a: Sableye\n|move|p2a: Sableye|Metal Burst|p1a: Venusaur\n|-damage|p1a: Venusaur|74\/100 brn\n|\n|-damage|p1a: Venusaur|68\/100 brn|[from] brn\n|-damage|p2a: Sableye|67\/100 brn|[from] brn\n|upkeep\n|turn|41\n|\n|t:|1628229995\n|move|p1a: Venusaur|Synthesis|p1a: Venusaur\n|-heal|p1a: Venusaur|100\/100 brn\n|move|p2a: Sableye|Recover|p2a: Sableye\n|-heal|p2a: Sableye|100\/100 brn\n|\n|-damage|p1a: Venusaur|94\/100 brn|[from] brn\n|-damage|p2a: Sableye|95\/100 brn|[from] brn\n|upkeep\n|turn|42\n|\n|t:|1628230005\n|switch|p2a: Gliscor|Gliscor, M|55\/100 tox\n|move|p1a: Venusaur|Giga Drain|p2a: Gliscor\n|-damage|p2a: Gliscor|23\/100 tox\n|-heal|p1a: Venusaur|100\/100 brn|[from] drain|[of] p2a: Gliscor\n|\n|-heal|p2a: Gliscor|35\/100 tox|[from] ability: Poison Heal\n|-damage|p1a: Venusaur|94\/100 brn|[from] brn\n|upkeep\n|turn|43\n|\n|t:|1628230012\n|move|p2a: Gliscor|Roost|p2a: Gliscor\n|-heal|p2a: Gliscor|85\/100 tox\n|-singleturn|p2a: Gliscor|move: Roost\n|move|p1a: Venusaur|Giga Drain|p2a: Gliscor\n|-supereffective|p2a: Gliscor\n|-damage|p2a: Gliscor|19\/100 tox\n|-heal|p1a: Venusaur|100\/100 brn|[from] drain|[of] p2a: Gliscor\n|\n|-heal|p2a: Gliscor|31\/100 tox|[from] ability: Poison Heal\n|-damage|p1a: Venusaur|94\/100 brn|[from] brn\n|upkeep\n|turn|44\n|\n|t:|1628230024\n|move|p2a: Gliscor|Roost|p2a: Gliscor\n|-heal|p2a: Gliscor|81\/100 tox\n|-singleturn|p2a: Gliscor|move: Roost\n|move|p1a: Venusaur|Giga Drain|p2a: Gliscor\n|-supereffective|p2a: Gliscor\n|-damage|p2a: Gliscor|15\/100 tox\n|-heal|p1a: Venusaur|100\/100 brn|[from] drain|[of] p2a: Gliscor\n|\n|-heal|p2a: Gliscor|27\/100 tox|[from] ability: Poison Heal\n|-damage|p1a: Venusaur|94\/100 brn|[from] brn\n|upkeep\n|turn|45\n|\n|t:|1628230031\n|switch|p2a: Skarmory|Skarmory, M|100\/100\n|move|p1a: Venusaur|Giga Drain|p2a: Skarmory\n|-resisted|p2a: Skarmory\n|-damage|p2a: Skarmory|90\/100\n|-heal|p1a: Venusaur|99\/100 brn|[from] drain|[of] p2a: Skarmory\n|\n|-damage|p1a: Venusaur|93\/100 brn|[from] brn\n|upkeep\n|turn|46\n|\n|t:|1628230034\n|switch|p2a: Chansey|Chansey, F|85\/100\n|move|p1a: Venusaur|Hidden Power|p2a: Chansey\n|-damage|p2a: Chansey|80\/100\n|\n|-damage|p1a: Venusaur|87\/100 brn|[from] brn\n|upkeep\n|turn|47\n|\n|t:|1628230037\n|move|p1a: Venusaur|Giga Drain|p2a: Chansey\n|-damage|p2a: Chansey|69\/100\n|-heal|p1a: Venusaur|97\/100 brn|[from] drain|[of] p2a: Chansey\n|move|p2a: Chansey|Stealth Rock|p1a: Venusaur\n|-sidestart|p1: FildrongEstNul|move: Stealth Rock\n|\n|-damage|p1a: Venusaur|91\/100 brn|[from] brn\n|upkeep\n|turn|48\n|\n|t:|1628230039\n|switch|p2a: Skarmory|Skarmory, M|90\/100\n|move|p1a: Venusaur|Giga Drain|p2a: Skarmory\n|-resisted|p2a: Skarmory\n|-damage|p2a: Skarmory|79\/100\n|-heal|p1a: Venusaur|96\/100 brn|[from] drain|[of] p2a: Skarmory\n|\n|-damage|p1a: Venusaur|90\/100 brn|[from] brn\n|upkeep\n|turn|49\n|\n|t:|1628230041\n|move|p1a: Venusaur|Hidden Power|p2a: Skarmory\n|-supereffective|p2a: Skarmory\n|-damage|p2a: Skarmory|36\/100\n|move|p2a: Skarmory|Roost|p2a: Skarmory\n|-heal|p2a: Skarmory|86\/100\n|-singleturn|p2a: Skarmory|move: Roost\n|\n|-damage|p1a: Venusaur|84\/100 brn|[from] brn\n|upkeep\n|turn|50\n|\n|t:|1628230043\n|move|p1a: Venusaur|Hidden Power|p2a: Skarmory\n|-supereffective|p2a: Skarmory\n|-damage|p2a: Skarmory|45\/100\n|move|p2a: Skarmory|Roost|p2a: Skarmory\n|-heal|p2a: Skarmory|95\/100\n|-singleturn|p2a: Skarmory|move: Roost\n|\n|-damage|p1a: Venusaur|78\/100 brn|[from] brn\n|upkeep\n|turn|51\n|\n|t:|1628230046\n|move|p1a: Venusaur|Hidden Power|p2a: Skarmory\n|-supereffective|p2a: Skarmory\n|-damage|p2a: Skarmory|52\/100\n|move|p2a: Skarmory|Spikes|p1a: Venusaur\n|-sidestart|p1: FildrongEstNul|Spikes\n|\n|-damage|p1a: Venusaur|72\/100 brn|[from] brn\n|upkeep\n|turn|52\n|\n|t:|1628230048\n|move|p1a: Venusaur|Hidden Power|p2a: Skarmory\n|-supereffective|p2a: Skarmory\n|-damage|p2a: Skarmory|7\/100\n|move|p2a: Skarmory|Roost|p2a: Skarmory\n|-heal|p2a: Skarmory|58\/100\n|-singleturn|p2a: Skarmory|move: Roost\n|\n|-damage|p1a: Venusaur|66\/100 brn|[from] brn\n|upkeep\n|turn|53\n|\n|t:|1628230050\n|move|p1a: Venusaur|Hidden Power|p2a: Skarmory\n|-supereffective|p2a: Skarmory\n|-damage|p2a: Skarmory|10\/100\n|move|p2a: Skarmory|Roost|p2a: Skarmory\n|-heal|p2a: Skarmory|60\/100\n|-singleturn|p2a: Skarmory|move: Roost\n|\n|-damage|p1a: Venusaur|60\/100 brn|[from] brn\n|upkeep\n|turn|54\n|\n|t:|1628230051\n|move|p1a: Venusaur|Hidden Power|p2a: Skarmory\n|-supereffective|p2a: Skarmory\n|-damage|p2a: Skarmory|16\/100\n|move|p2a: Skarmory|Roost|p2a: Skarmory\n|-heal|p2a: Skarmory|67\/100\n|-singleturn|p2a: Skarmory|move: Roost\n|\n|-damage|p1a: Venusaur|54\/100 brn|[from] brn\n|upkeep\n|turn|55\n|\n|t:|1628230054\n|switch|p2a: Chansey|Chansey, F|69\/100\n|move|p1a: Venusaur|Hidden Power|p2a: Chansey\n|-damage|p2a: Chansey|65\/100\n|\n|-damage|p1a: Venusaur|48\/100 brn|[from] brn\n|upkeep\n|turn|56\n|\n|t:|1628230056\n|switch|p2a: Skarmory|Skarmory, M|67\/100\n|move|p1a: Venusaur|Synthesis|p1a: Venusaur\n|-heal|p1a: Venusaur|97\/100 brn\n|\n|-damage|p1a: Venusaur|91\/100 brn|[from] brn\n|upkeep\n|turn|57\n|\n|t:|1628230058\n|move|p1a: Venusaur|Hidden Power|p2a: Skarmory\n|-supereffective|p2a: Skarmory\n|-damage|p2a: Skarmory|20\/100\n|move|p2a: Skarmory|Roost|p2a: Skarmory\n|-heal|p2a: Skarmory|70\/100\n|-singleturn|p2a: Skarmory|move: Roost\n|\n|-damage|p1a: Venusaur|85\/100 brn|[from] brn\n|upkeep\n|turn|58\n|\n|t:|1628230060\n|move|p1a: Venusaur|Hidden Power|p2a: Skarmory\n|-supereffective|p2a: Skarmory\n|-damage|p2a: Skarmory|27\/100\n|move|p2a: Skarmory|Roost|p2a: Skarmory\n|-heal|p2a: Skarmory|77\/100\n|-singleturn|p2a: Skarmory|move: Roost\n|\n|-damage|p1a: Venusaur|79\/100 brn|[from] brn\n|upkeep\n|turn|59\n|\n|t:|1628230063\n|move|p1a: Venusaur|Hidden Power|p2a: Skarmory\n|-supereffective|p2a: Skarmory\n|-damage|p2a: Skarmory|31\/100\n|move|p2a: Skarmory|Spikes|p1a: Venusaur\n|-sidestart|p1: FildrongEstNul|Spikes\n|\n|-damage|p1a: Venusaur|73\/100 brn|[from] brn\n|upkeep\n|turn|60\n|\n|t:|1628230075\n|switch|p2a: Gliscor|Gliscor, M|27\/100 tox\n|move|p1a: Venusaur|Hidden Power|p2a: Gliscor\n|-damage|p2a: Gliscor|9\/100 tox\n|\n|-heal|p2a: Gliscor|22\/100 tox|[from] ability: Poison Heal\n|-damage|p1a: Venusaur|67\/100 brn|[from] brn\n|upkeep\n|turn|61\n|\n|t:|1628230082\n|switch|p2a: Chansey|Chansey, F|65\/100\n|move|p1a: Venusaur|Sludge Bomb|p2a: Chansey\n|-damage|p2a: Chansey|52\/100\n|-status|p2a: Chansey|psn\n|\n|-damage|p2a: Chansey|40\/100 psn|[from] psn\n|-damage|p1a: Venusaur|61\/100 brn|[from] brn\n|upkeep\n|turn|62\n|\n|t:|1628230084\n|move|p1a: Venusaur|Sludge Bomb|p2a: Chansey\n|-damage|p2a: Chansey|28\/100 psn\n|move|p2a: Chansey|Soft-Boiled|p2a: Chansey\n|-heal|p2a: Chansey|78\/100 psn\n|\n|-damage|p2a: Chansey|66\/100 psn|[from] psn\n|-damage|p1a: Venusaur|55\/100 brn|[from] brn\n|upkeep\n|turn|63\n|\n|t:|1628230087\n|move|p1a: Venusaur|Sludge Bomb|p2a: Chansey\n|-damage|p2a: Chansey|54\/100 psn\n|move|p2a: Chansey|Soft-Boiled|p2a: Chansey\n|-heal|p2a: Chansey|100\/100 psn\n|\n|-damage|p2a: Chansey|88\/100 psn|[from] psn\n|-damage|p1a: Venusaur|49\/100 brn|[from] brn\n|upkeep\n|turn|64\n|\n|t:|1628230089\n|-curestatus|p2a: Chansey|psn|[from] ability: Natural Cure\n|switch|p2a: Toxapex|Toxapex, M|100\/100 brn\n|move|p1a: Venusaur|Sludge Bomb|p2a: Toxapex\n|-resisted|p2a: Toxapex\n|-damage|p2a: Toxapex|89\/100 brn\n|\n|-damage|p1a: Venusaur|43\/100 brn|[from] brn\n|-damage|p2a: Toxapex|83\/100 brn|[from] brn\n|upkeep\n|turn|65\n|\n|t:|1628230093\n|switch|p2a: Skarmory|Skarmory, M|31\/100\n|move|p1a: Venusaur|Sludge Bomb|p2a: Skarmory\n|-immune|p2a: Skarmory\n|\n|-damage|p1a: Venusaur|37\/100 brn|[from] brn\n|upkeep\n|turn|66\n|\n|t:|1628230097\n|move|p1a: Venusaur|Hidden Power|p2a: Skarmory\n|-supereffective|p2a: Skarmory\n|-damage|p2a: Skarmory|0 fnt\n|faint|p2a: Skarmory\n|\n|-damage|p1a: Venusaur|31\/100 brn|[from] brn\n|upkeep\n|\n|t:|1628230100\n|switch|p2a: Chansey|Chansey, F|88\/100\n|turn|67\n|\n|t:|1628230102\n|move|p1a: Venusaur|Synthesis|p1a: Venusaur\n|-heal|p1a: Venusaur|81\/100 brn\n|move|p2a: Chansey|Seismic Toss|p1a: Venusaur\n|-damage|p1a: Venusaur|53\/100 brn\n|\n|-damage|p1a: Venusaur|47\/100 brn|[from] brn\n|upkeep\n|turn|68\n|\n|t:|1628230105\n|move|p1a: Venusaur|Sludge Bomb|p2a: Chansey\n|-damage|p2a: Chansey|77\/100\n|-status|p2a: Chansey|psn\n|move|p2a: Chansey|Seismic Toss|p1a: Venusaur\n|-damage|p1a: Venusaur|20\/100 brn\n|\n|-damage|p2a: Chansey|65\/100 psn|[from] psn\n|-damage|p1a: Venusaur|13\/100 brn|[from] brn\n|upkeep\n|turn|69\n|\n|t:|1628230106\n|move|p1a: Venusaur|Synthesis|p1a: Venusaur\n|-heal|p1a: Venusaur|63\/100 brn\n|move|p2a: Chansey|Seismic Toss|p1a: Venusaur\n|-damage|p1a: Venusaur|36\/100 brn\n|\n|-damage|p2a: Chansey|53\/100 psn|[from] psn\n|-damage|p1a: Venusaur|30\/100 brn|[from] brn\n|upkeep\n|turn|70\n|\n|t:|1628230108\n|move|p1a: Venusaur|Synthesis|p1a: Venusaur\n|-heal|p1a: Venusaur|80\/100 brn\n|move|p2a: Chansey|Soft-Boiled|p2a: Chansey\n|-heal|p2a: Chansey|100\/100 psn\n|\n|-damage|p2a: Chansey|88\/100 psn|[from] psn\n|-damage|p1a: Venusaur|74\/100 brn|[from] brn\n|upkeep\n|turn|71\n|\n|t:|1628230110\n|-curestatus|p2a: Chansey|psn|[from] ability: Natural Cure\n|switch|p2a: Toxapex|Toxapex, M|100\/100 brn\n|move|p1a: Venusaur|Sludge Bomb|p2a: Toxapex\n|-resisted|p2a: Toxapex\n|-crit|p2a: Toxapex\n|-damage|p2a: Toxapex|83\/100 brn\n|\n|-damage|p1a: Venusaur|67\/100 brn|[from] brn\n|-damage|p2a: Toxapex|77\/100 brn|[from] brn\n|upkeep\n|turn|72\n|\n|t:|1628230116\n|move|p1a: Venusaur|Sludge Bomb|p2a: Toxapex\n|-resisted|p2a: Toxapex\n|-damage|p2a: Toxapex|65\/100 brn\n|move|p2a: Toxapex|Toxic Spikes|p1a: Venusaur\n|-sidestart|p1: FildrongEstNul|move: Toxic Spikes\n|\n|-damage|p1a: Venusaur|61\/100 brn|[from] brn\n|-damage|p2a: Toxapex|59\/100 brn|[from] brn\n|upkeep\n|turn|73\n|\n|t:|1628230118\n|move|p1a: Venusaur|Hidden Power|p2a: Toxapex\n|-resisted|p2a: Toxapex\n|-damage|p2a: Toxapex|54\/100 brn\n|move|p2a: Toxapex|Toxic Spikes|p1a: Venusaur\n|-sidestart|p1: FildrongEstNul|move: Toxic Spikes\n|\n|-damage|p1a: Venusaur|55\/100 brn|[from] brn\n|-damage|p2a: Toxapex|48\/100 brn|[from] brn\n|upkeep\n|turn|74\n|\n|t:|1628230121\n|move|p1a: Venusaur|Hidden Power|p2a: Toxapex\n|-resisted|p2a: Toxapex\n|-damage|p2a: Toxapex|43\/100 brn\n|move|p2a: Toxapex|Recover|p2a: Toxapex\n|-heal|p2a: Toxapex|93\/100 brn\n|\n|-damage|p1a: Venusaur|49\/100 brn|[from] brn\n|-damage|p2a: Toxapex|87\/100 brn|[from] brn\n|upkeep\n|turn|75\n|\n|t:|1628230126\n|switch|p2a: Sableye|Sableye-Mega, M|95\/100 brn\n|move|p1a: Venusaur|Hidden Power|p2a: Sableye\n|-damage|p2a: Sableye|82\/100 brn\n|\n|-damage|p1a: Venusaur|43\/100 brn|[from] brn\n|-damage|p2a: Sableye|76\/100 brn|[from] brn\n|upkeep\n|turn|76\n|\n|t:|1628230128\n|move|p1a: Venusaur|Hidden Power|p2a: Sableye\n|-damage|p2a: Sableye|64\/100 brn\n|move|p2a: Sableye|Recover|p2a: Sableye\n|-heal|p2a: Sableye|100\/100 brn\n|\n|-damage|p1a: Venusaur|37\/100 brn|[from] brn\n|-damage|p2a: Sableye|95\/100 brn|[from] brn\n|upkeep\n|turn|77\n|\n|t:|1628230134\n|move|p1a: Venusaur|Hidden Power|p2a: Sableye\n|-damage|p2a: Sableye|82\/100 brn\n|move|p2a: Sableye|Knock Off|p1a: Venusaur\n|-damage|p1a: Venusaur|31\/100 brn\n|\n|-damage|p1a: Venusaur|25\/100 brn|[from] brn\n|-damage|p2a: Sableye|76\/100 brn|[from] brn\n|upkeep\n|turn|78\n|\n|t:|1628230138\n|switch|p2a: Gliscor|Gliscor, M|22\/100 tox\n|move|p1a: Venusaur|Hidden Power|p2a: Gliscor\n|-damage|p2a: Gliscor|5\/100 tox\n|\n|-heal|p2a: Gliscor|18\/100 tox|[from] ability: Poison Heal\n|-damage|p1a: Venusaur|19\/100 brn|[from] brn\n|upkeep\n|turn|79\n|\n|t:|1628230144\n|move|p2a: Gliscor|Roost|p2a: Gliscor\n|-heal|p2a: Gliscor|68\/100 tox\n|-singleturn|p2a: Gliscor|move: Roost\n|move|p1a: Venusaur|Synthesis|p1a: Venusaur\n|-heal|p1a: Venusaur|69\/100 brn\n|\n|-heal|p2a: Gliscor|80\/100 tox|[from] ability: Poison Heal\n|-damage|p1a: Venusaur|63\/100 brn|[from] brn\n|upkeep\n|turn|80\n|\n|t:|1628230145\n|move|p2a: Gliscor|Roost|p2a: Gliscor\n|-heal|p2a: Gliscor|100\/100 tox\n|-singleturn|p2a: Gliscor|move: Roost\n|move|p1a: Venusaur|Synthesis|p1a: Venusaur\n|-heal|p1a: Venusaur|100\/100 brn\n|\n|-damage|p1a: Venusaur|94\/100 brn|[from] brn\n|upkeep\n|turn|81\n|\n|t:|1628230147\n|switch|p1a: Skarmory|Skarmory, F|100\/100\n|-damage|p1a: Skarmory|88\/100|[from] Stealth Rock\n|move|p2a: Gliscor|Earthquake|p1a: Skarmory\n|-immune|p1a: Skarmory\n|\n|upkeep\n|turn|82\n|\n|t:|1628230151\n|switch|p2a: Sableye|Sableye-Mega, M|76\/100 brn\n|move|p1a: Skarmory|Brave Bird|p2a: Sableye\n|-damage|p2a: Sableye|46\/100 brn\n|-damage|p1a: Skarmory|79\/100|[from] Recoil\n|\n|-damage|p2a: Sableye|40\/100 brn|[from] brn\n|upkeep\n|turn|83\n|\n|t:|1628230153\n|switch|p1a: Venusaur|Venusaur-Mega, M|94\/100 brn\n|-damage|p1a: Venusaur|82\/100 brn|[from] Stealth Rock\n|-sideend|p1: FildrongEstNul|move: Toxic Spikes|[of] p1a: Venusaur\n|-damage|p1a: Venusaur|66\/100 brn|[from] Spikes\n|move|p2a: Sableye|Recover|p2a: Sableye\n|-heal|p2a: Sableye|90\/100 brn\n|\n|-damage|p1a: Venusaur|59\/100 brn|[from] brn\n|-damage|p2a: Sableye|84\/100 brn|[from] brn\n|upkeep\n|turn|84\n|\n|t:|1628230157\n|switch|p1a: Skarmory|Skarmory, F|79\/100\n|-damage|p1a: Skarmory|67\/100|[from] Stealth Rock\n|move|p2a: Sableye|Knock Off|p1a: Skarmory\n|-damage|p1a: Skarmory|57\/100\n|-damage|p2a: Sableye|68\/100 brn|[from] item: Rocky Helmet|[of] p1a: Skarmory\n|-enditem|p1a: Skarmory|Rocky Helmet|[from] move: Knock Off|[of] p2a: Sableye\n|\n|-damage|p2a: Sableye|62\/100 brn|[from] brn\n|upkeep\n|turn|85\n|\n|t:|1628230159\n|move|p1a: Skarmory|Brave Bird|p2a: Sableye\n|-damage|p2a: Sableye|27\/100 brn\n|-damage|p1a: Skarmory|46\/100|[from] Recoil\n|move|p2a: Sableye|Recover|p2a: Sableye\n|-heal|p2a: Sableye|77\/100 brn\n|\n|-damage|p2a: Sableye|71\/100 brn|[from] brn\n|upkeep\n|turn|86\n|\n|t:|1628230161\n|move|p1a: Skarmory|Roost|p1a: Skarmory\n|-heal|p1a: Skarmory|97\/100\n|-singleturn|p1a: Skarmory|move: Roost\n|move|p2a: Sableye|Metal Burst||[still]\n|-fail|p2a: Sableye\n|\n|-damage|p2a: Sableye|66\/100 brn|[from] brn\n|upkeep\n|turn|87\n|\n|t:|1628230163\n|move|p1a: Skarmory|Brave Bird|p2a: Sableye\n|-damage|p2a: Sableye|33\/100 brn\n|-damage|p1a: Skarmory|87\/100|[from] Recoil\n|move|p2a: Sableye|Recover|p2a: Sableye\n|-heal|p2a: Sableye|83\/100 brn\n|\n|-damage|p2a: Sableye|77\/100 brn|[from] brn\n|upkeep\n|turn|88\n|\n|t:|1628230165\n|move|p1a: Skarmory|Brave Bird|p2a: Sableye\n|-damage|p2a: Sableye|45\/100 brn\n|-damage|p1a: Skarmory|77\/100|[from] Recoil\n|move|p2a: Sableye|Metal Burst|p1a: Skarmory\n|-damage|p1a: Skarmory|34\/100\n|\n|-damage|p2a: Sableye|39\/100 brn|[from] brn\n|upkeep\n|turn|89\n|\n|t:|1628230167\n|move|p1a: Skarmory|Roost|p1a: Skarmory\n|-heal|p1a: Skarmory|84\/100\n|-singleturn|p1a: Skarmory|move: Roost\n|move|p2a: Sableye|Recover|p2a: Sableye\n|-heal|p2a: Sableye|89\/100 brn\n|\n|-damage|p2a: Sableye|83\/100 brn|[from] brn\n|upkeep\n|turn|90\n|\n|t:|1628230169\n|move|p1a: Skarmory|Brave Bird|p2a: Sableye\n|-damage|p2a: Sableye|52\/100 brn\n|-damage|p1a: Skarmory|75\/100|[from] Recoil\n|move|p2a: Sableye|Metal Burst|p1a: Skarmory\n|-damage|p1a: Skarmory|32\/100\n|\n|-damage|p2a: Sableye|46\/100 brn|[from] brn\n|upkeep\n|turn|91\n|\n|t:|1628230171\n|move|p1a: Skarmory|Roost|p1a: Skarmory\n|-heal|p1a: Skarmory|82\/100\n|-singleturn|p1a: Skarmory|move: Roost\n|move|p2a: Sableye|Recover|p2a: Sableye\n|-heal|p2a: Sableye|97\/100 brn\n|\n|-damage|p2a: Sableye|91\/100 brn|[from] brn\n|upkeep\n|turn|92\n|\n|t:|1628230173\n|move|p1a: Skarmory|Brave Bird|p2a: Sableye\n|-damage|p2a: Sableye|60\/100 brn\n|-damage|p1a: Skarmory|73\/100|[from] Recoil\n|move|p2a: Sableye|Metal Burst|p1a: Skarmory\n|-damage|p1a: Skarmory|31\/100\n|\n|-damage|p2a: Sableye|54\/100 brn|[from] brn\n|upkeep\n|turn|93\n|\n|t:|1628230175\n|move|p1a: Skarmory|Roost|p1a: Skarmory\n|-heal|p1a: Skarmory|81\/100\n|-singleturn|p1a: Skarmory|move: Roost\n|move|p2a: Sableye|Recover|p2a: Sableye\n|-heal|p2a: Sableye|100\/100 brn\n|\n|-damage|p2a: Sableye|95\/100 brn|[from] brn\n|upkeep\n|turn|94\n|\n|t:|1628230177\n|move|p1a: Skarmory|Brave Bird|p2a: Sableye\n|-damage|p2a: Sableye|63\/100 brn\n|-damage|p1a: Skarmory|71\/100|[from] Recoil\n|move|p2a: Sableye|Metal Burst|p1a: Skarmory\n|-damage|p1a: Skarmory|28\/100\n|\n|-damage|p2a: Sableye|57\/100 brn|[from] brn\n|upkeep\n|turn|95\n|\n|t:|1628230181\n|switch|p2a: Chansey|Chansey, F|88\/100\n|move|p1a: Skarmory|Roost|p1a: Skarmory\n|-heal|p1a: Skarmory|78\/100\n|-singleturn|p1a: Skarmory|move: Roost\n|\n|upkeep\n|turn|96\n|\n|t:|1628230184\n|switch|p2a: Toxapex|Toxapex, M|100\/100 brn\n|move|p1a: Skarmory|Roost|p1a: Skarmory\n|-heal|p1a: Skarmory|100\/100\n|-singleturn|p1a: Skarmory|move: Roost\n|\n|-damage|p2a: Toxapex|95\/100 brn|[from] brn\n|upkeep\n|turn|97\n|\n|t:|1628230185\n|move|p1a: Skarmory|Brave Bird|p2a: Toxapex\n|-damage|p2a: Toxapex|69\/100 brn\n|-damage|p1a: Skarmory|93\/100|[from] Recoil\n|move|p2a: Toxapex|Scald|p1a: Skarmory\n|-damage|p1a: Skarmory|74\/100\n|\n|-damage|p2a: Toxapex|63\/100 brn|[from] brn\n|upkeep\n|turn|98\n|\n|t:|1628230188\n|move|p1a: Skarmory|Roost|p1a: Skarmory\n|-heal|p1a: Skarmory|100\/100\n|-singleturn|p1a: Skarmory|move: Roost\n|move|p2a: Toxapex|Scald|p1a: Skarmory\n|-damage|p1a: Skarmory|82\/100\n|\n|-damage|p2a: Toxapex|57\/100 brn|[from] brn\n|upkeep\n|turn|99\n|\n|t:|1628230190\n|move|p1a: Skarmory|Roost|p1a: Skarmory\n|-heal|p1a: Skarmory|100\/100\n|-singleturn|p1a: Skarmory|move: Roost\n|move|p2a: Toxapex|Recover|p2a: Toxapex\n|-heal|p2a: Toxapex|100\/100 brn\n|\n|-damage|p2a: Toxapex|95\/100 brn|[from] brn\n|upkeep\n|turn|100\n|\n|t:|1628230191\n|move|p1a: Skarmory|Brave Bird|p2a: Toxapex\n|-damage|p2a: Toxapex|68\/100 brn\n|-damage|p1a: Skarmory|92\/100|[from] Recoil\n|move|p2a: Toxapex|Scald|p1a: Skarmory\n|-damage|p1a: Skarmory|73\/100\n|\n|-damage|p2a: Toxapex|62\/100 brn|[from] brn\n|upkeep\n|turn|101\n|\n|t:|1628230193\n|move|p1a: Skarmory|Roost|p1a: Skarmory\n|-heal|p1a: Skarmory|100\/100\n|-singleturn|p1a: Skarmory|move: Roost\n|move|p2a: Toxapex|Recover|p2a: Toxapex\n|-heal|p2a: Toxapex|100\/100 brn\n|\n|-damage|p2a: Toxapex|95\/100 brn|[from] brn\n|upkeep\n|turn|102\n|\n|t:|1628230194\n|move|p1a: Skarmory|Brave Bird|p2a: Toxapex\n|-damage|p2a: Toxapex|66\/100 brn\n|-damage|p1a: Skarmory|92\/100|[from] Recoil\n|move|p2a: Toxapex|Scald|p1a: Skarmory\n|-damage|p1a: Skarmory|72\/100\n|-status|p1a: Skarmory|brn\n|\n|-damage|p1a: Skarmory|66\/100 brn|[from] brn\n|-damage|p2a: Toxapex|60\/100 brn|[from] brn\n|upkeep\n|turn|103\n|\n|t:|1628230196\n|move|p1a: Skarmory|Brave Bird|p2a: Toxapex\n|-damage|p2a: Toxapex|47\/100 brn\n|-damage|p1a: Skarmory|62\/100 brn|[from] Recoil\n|move|p2a: Toxapex|Recover|p2a: Toxapex\n|-heal|p2a: Toxapex|97\/100 brn\n|\n|-damage|p1a: Skarmory|56\/100 brn|[from] brn\n|-damage|p2a: Toxapex|91\/100 brn|[from] brn\n|upkeep\n|turn|104\n|\n|t:|1628230200\n|move|p1a: Skarmory|Brave Bird|p2a: Toxapex\n|-damage|p2a: Toxapex|79\/100 brn\n|-damage|p1a: Skarmory|52\/100 brn|[from] Recoil\n|move|p2a: Toxapex|Scald|p1a: Skarmory\n|-damage|p1a: Skarmory|35\/100 brn\n|\n|-damage|p1a: Skarmory|29\/100 brn|[from] brn\n|-damage|p2a: Toxapex|73\/100 brn|[from] brn\n|upkeep\n|turn|105\n|\n|t:|1628230203\n|switch|p2a: Gliscor|Gliscor, M|100\/100 tox\n|move|p1a: Skarmory|Roost|p1a: Skarmory\n|-heal|p1a: Skarmory|79\/100 brn\n|-singleturn|p1a: Skarmory|move: Roost\n|\n|-damage|p1a: Skarmory|73\/100 brn|[from] brn\n|upkeep\n|turn|106\n|\n|t:|1628230208\n|move|p2a: Gliscor|Earthquake|p1a: Skarmory\n|-immune|p1a: Skarmory\n|move|p1a: Skarmory|Brave Bird|p2a: Gliscor\n|-damage|p2a: Gliscor|86\/100 tox\n|-damage|p1a: Skarmory|68\/100 brn|[from] Recoil\n|\n|-heal|p2a: Gliscor|99\/100 tox|[from] ability: Poison Heal\n|-damage|p1a: Skarmory|62\/100 brn|[from] brn\n|upkeep\n|turn|107\n|\n|t:|1628230210\n|move|p2a: Gliscor|Earthquake|p1a: Skarmory\n|-immune|p1a: Skarmory\n|move|p1a: Skarmory|Roost|p1a: Skarmory\n|-heal|p1a: Skarmory|100\/100 brn\n|-singleturn|p1a: Skarmory|move: Roost\n|\n|-heal|p2a: Gliscor|100\/100 tox|[from] ability: Poison Heal\n|-damage|p1a: Skarmory|94\/100 brn|[from] brn\n|upkeep\n|turn|108\n|\n|t:|1628230212\n|move|p2a: Gliscor|Toxic||[still]\n|-fail|p2a: Gliscor\n|move|p1a: Skarmory|Brave Bird|p2a: Gliscor\n|-damage|p2a: Gliscor|87\/100 tox\n|-damage|p1a: Skarmory|90\/100 brn|[from] Recoil\n|\n|-heal|p2a: Gliscor|99\/100 tox|[from] ability: Poison Heal\n|-damage|p1a: Skarmory|84\/100 brn|[from] brn\n|upkeep\n|turn|109\n|\n|t:|1628230214\n|move|p2a: Gliscor|Toxic||[still]\n|-fail|p2a: Gliscor\n|move|p1a: Skarmory|Brave Bird|p2a: Gliscor\n|-damage|p2a: Gliscor|86\/100 tox\n|-damage|p1a: Skarmory|79\/100 brn|[from] Recoil\n|\n|-heal|p2a: Gliscor|99\/100 tox|[from] ability: Poison Heal\n|-damage|p1a: Skarmory|73\/100 brn|[from] brn\n|upkeep\n|turn|110\n|\n|t:|1628230218\n|move|p2a: Gliscor|Toxic||[still]\n|-fail|p2a: Gliscor\n|move|p1a: Skarmory|Brave Bird|p2a: Gliscor\n|-damage|p2a: Gliscor|85\/100 tox\n|-damage|p1a: Skarmory|68\/100 brn|[from] Recoil\n|\n|-heal|p2a: Gliscor|97\/100 tox|[from] ability: Poison Heal\n|-damage|p1a: Skarmory|62\/100 brn|[from] brn\n|upkeep\n|turn|111\n|\n|t:|1628230222\n|move|p2a: Gliscor|Toxic||[still]\n|-fail|p2a: Gliscor\n|move|p1a: Skarmory|Roost|p1a: Skarmory\n|-heal|p1a: Skarmory|100\/100 brn\n|-singleturn|p1a: Skarmory|move: Roost\n|\n|-heal|p2a: Gliscor|100\/100 tox|[from] ability: Poison Heal\n|-damage|p1a: Skarmory|94\/100 brn|[from] brn\n|upkeep\n|turn|112\n|\n|t:|1628230224\n|switch|p2a: Sableye|Sableye-Mega, M|57\/100 brn\n|move|p1a: Skarmory|Brave Bird|p2a: Sableye\n|-damage|p2a: Sableye|40\/100 brn\n|-damage|p1a: Skarmory|89\/100 brn|[from] Recoil\n|\n|-damage|p1a: Skarmory|83\/100 brn|[from] brn\n|-damage|p2a: Sableye|34\/100 brn|[from] brn\n|upkeep\n|turn|113\n|\n|t:|1628230226\n|move|p1a: Skarmory|Brave Bird|p2a: Sableye\n|-damage|p2a: Sableye|17\/100 brn\n|-damage|p1a: Skarmory|78\/100 brn|[from] Recoil\n|move|p2a: Sableye|Recover|p2a: Sableye\n|-heal|p2a: Sableye|67\/100 brn\n|\n|-damage|p1a: Skarmory|72\/100 brn|[from] brn\n|-damage|p2a: Sableye|61\/100 brn|[from] brn\n|upkeep\n|turn|114\n|\n|t:|1628230227\n|move|p2a: Sableye|Protect|p2a: Sableye\n|-singleturn|p2a: Sableye|Protect\n|move|p1a: Skarmory|Brave Bird|p2a: Sableye\n|-activate|p2a: Sableye|move: Protect\n|\n|-damage|p1a: Skarmory|66\/100 brn|[from] brn\n|-damage|p2a: Sableye|55\/100 brn|[from] brn\n|upkeep\n|turn|115\n|\n|t:|1628230231\n|move|p1a: Skarmory|Brave Bird|p2a: Sableye\n|-damage|p2a: Sableye|39\/100 brn\n|-damage|p1a: Skarmory|61\/100 brn|[from] Recoil\n|move|p2a: Sableye|Metal Burst|p1a: Skarmory\n|-damage|p1a: Skarmory|40\/100 brn\n|\n|-damage|p1a: Skarmory|34\/100 brn|[from] brn\n|-damage|p2a: Sableye|33\/100 brn|[from] brn\n|upkeep\n|turn|116\n|\n|t:|1628230233\n|move|p1a: Skarmory|Roost|p1a: Skarmory\n|-heal|p1a: Skarmory|84\/100 brn\n|-singleturn|p1a: Skarmory|move: Roost\n|move|p2a: Sableye|Metal Burst||[still]\n|-fail|p2a: Sableye\n|\n|-damage|p1a: Skarmory|78\/100 brn|[from] brn\n|-damage|p2a: Sableye|27\/100 brn|[from] brn\n|upkeep\n|turn|117\n|\n|t:|1628230235\n|move|p2a: Sableye|Protect|p2a: Sableye\n|-singleturn|p2a: Sableye|Protect\n|move|p1a: Skarmory|Brave Bird|p2a: Sableye\n|-activate|p2a: Sableye|move: Protect\n|\n|-damage|p1a: Skarmory|72\/100 brn|[from] brn\n|-damage|p2a: Sableye|21\/100 brn|[from] brn\n|upkeep\n|turn|118\n|\n|t:|1628230240\n|move|p1a: Skarmory|Brave Bird|p2a: Sableye\n|-damage|p2a: Sableye|4\/100 brn\n|-damage|p1a: Skarmory|67\/100 brn|[from] Recoil\n|move|p2a: Sableye|Metal Burst|p1a: Skarmory\n|-damage|p1a: Skarmory|44\/100 brn\n|\n|-damage|p1a: Skarmory|38\/100 brn|[from] brn\n|-damage|p2a: Sableye|0 fnt|[from] brn\n|faint|p2a: Sableye\n|upkeep\n|\n|t:|1628230244\n|switch|p2a: Toxapex|Toxapex, M|100\/100 brn\n|turn|119\n|\n|t:|1628230246\n|move|p1a: Skarmory|Roost|p1a: Skarmory\n|-heal|p1a: Skarmory|88\/100 brn\n|-singleturn|p1a: Skarmory|move: Roost\n|move|p2a: Toxapex|Scald|p1a: Skarmory\n|-damage|p1a: Skarmory|68\/100 brn\n|\n|-damage|p1a: Skarmory|62\/100 brn|[from] brn\n|-damage|p2a: Toxapex|95\/100 brn|[from] brn\n|upkeep\n|turn|120\n|\n|t:|1628230248\n|move|p1a: Skarmory|Spikes|p2a: Toxapex\n|-sidestart|p2: EEEEEvolto\u6df1\u6eba|Spikes\n|move|p2a: Toxapex|Scald|p1a: Skarmory\n|-crit|p1a: Skarmory\n|-damage|p1a: Skarmory|37\/100 brn\n|\n|-damage|p1a: Skarmory|31\/100 brn|[from] brn\n|-damage|p2a: Toxapex|89\/100 brn|[from] brn\n|upkeep\n|turn|121\n|\n|t:|1628230250\n|move|p1a: Skarmory|Roost|p1a: Skarmory\n|-heal|p1a: Skarmory|81\/100 brn\n|-singleturn|p1a: Skarmory|move: Roost\n|move|p2a: Toxapex|Scald|p1a: Skarmory\n|-damage|p1a: Skarmory|64\/100 brn\n|\n|-damage|p1a: Skarmory|58\/100 brn|[from] brn\n|-damage|p2a: Toxapex|83\/100 brn|[from] brn\n|upkeep\n|turn|122\n|\n|t:|1628230253\n|move|p1a: Skarmory|Spikes|p2a: Toxapex\n|-sidestart|p2: EEEEEvolto\u6df1\u6eba|Spikes\n|move|p2a: Toxapex|Scald|p1a: Skarmory\n|-damage|p1a: Skarmory|38\/100 brn\n|\n|-damage|p1a: Skarmory|32\/100 brn|[from] brn\n|-damage|p2a: Toxapex|77\/100 brn|[from] brn\n|upkeep\n|turn|123\n|\n|t:|1628230254\n|move|p1a: Skarmory|Roost|p1a: Skarmory\n|-heal|p1a: Skarmory|82\/100 brn\n|-singleturn|p1a: Skarmory|move: Roost\n|move|p2a: Toxapex|Scald|p1a: Skarmory\n|-damage|p1a: Skarmory|64\/100 brn\n|\n|-damage|p1a: Skarmory|58\/100 brn|[from] brn\n|-damage|p2a: Toxapex|71\/100 brn|[from] brn\n|upkeep\n|turn|124\n|\n|t:|1628230256\n|move|p1a: Skarmory|Brave Bird|p2a: Toxapex\n|-crit|p2a: Toxapex\n|-damage|p2a: Toxapex|53\/100 brn\n|-damage|p1a: Skarmory|53\/100 brn|[from] Recoil\n|move|p2a: Toxapex|Scald|p1a: Skarmory\n|-damage|p1a: Skarmory|34\/100 brn\n|\n|-damage|p1a: Skarmory|28\/100 brn|[from] brn\n|-damage|p2a: Toxapex|47\/100 brn|[from] brn\n|upkeep\n|turn|125\n|\n|t:|1628230257\n|switch|p1a: Chansey|Chansey, F|100\/100\n|-damage|p1a: Chansey|84\/100|[from] Spikes\n|-damage|p1a: Chansey|71\/100|[from] Stealth Rock\n|move|p2a: Toxapex|Scald|p1a: Chansey\n|-damage|p1a: Chansey|67\/100\n|\n|-damage|p2a: Toxapex|41\/100 brn|[from] brn\n|upkeep\n|turn|126\n|\n|t:|1628230260\n|move|p1a: Chansey|Soft-Boiled|p1a: Chansey\n|-heal|p1a: Chansey|100\/100\n|move|p2a: Toxapex|Recover|p2a: Toxapex\n|-heal|p2a: Toxapex|91\/100 brn\n|\n|-damage|p2a: Toxapex|85\/100 brn|[from] brn\n|upkeep\n|turn|127\n|\n|t:|1628230262\n|move|p1a: Chansey|Seismic Toss|p2a: Toxapex\n|-damage|p2a: Toxapex|52\/100 brn\n|move|p2a: Toxapex|Scald|p1a: Chansey\n|-damage|p1a: Chansey|96\/100\n|-status|p1a: Chansey|brn\n|\n|-damage|p1a: Chansey|90\/100 brn|[from] brn\n|-damage|p2a: Toxapex|46\/100 brn|[from] brn\n|upkeep\n|turn|128\n|\n|t:|1628230265\n|move|p1a: Chansey|Seismic Toss|p2a: Toxapex\n|-damage|p2a: Toxapex|13\/100 brn\n|move|p2a: Toxapex|Recover|p2a: Toxapex\n|-heal|p2a: Toxapex|63\/100 brn\n|\n|-damage|p1a: Chansey|84\/100 brn|[from] brn\n|-damage|p2a: Toxapex|57\/100 brn|[from] brn\n|upkeep\n|turn|129\n|\n|t:|1628230266\n|switch|p2a: Gliscor|Gliscor, M|100\/100 tox\n|move|p1a: Chansey|Seismic Toss|p2a: Gliscor\n|-damage|p2a: Gliscor|72\/100 tox\n|\n|-heal|p2a: Gliscor|85\/100 tox|[from] ability: Poison Heal\n|-damage|p1a: Chansey|78\/100 brn|[from] brn\n|upkeep\n|turn|130\n|\n|t:|1628230269\n|switch|p1a: Skarmory|Skarmory, F|28\/100 brn\n|-damage|p1a: Skarmory|15\/100 brn|[from] Stealth Rock\n|move|p2a: Gliscor|Toxic||[still]\n|-fail|p2a: Gliscor\n|\n|-heal|p2a: Gliscor|97\/100 tox|[from] ability: Poison Heal\n|-damage|p1a: Skarmory|9\/100 brn|[from] brn\n|upkeep\n|turn|131\n|\n|t:|1628230275\n|switch|p2a: Toxapex|Toxapex, M|91\/100 brn\n|-damage|p2a: Toxapex|74\/100 brn|[from] Spikes\n|move|p1a: Skarmory|Spikes|p2a: Toxapex\n|-sidestart|p2: EEEEEvolto\u6df1\u6eba|Spikes\n|\n|-damage|p1a: Skarmory|3\/100 brn|[from] brn\n|-damage|p2a: Toxapex|68\/100 brn|[from] brn\n|upkeep\n|turn|132\n|\n|t:|1628230277\n|switch|p1a: Chansey|Chansey, F|78\/100\n|-damage|p1a: Chansey|61\/100|[from] Spikes\n|-damage|p1a: Chansey|49\/100|[from] Stealth Rock\n|move|p2a: Toxapex|Scald|p1a: Chansey\n|-damage|p1a: Chansey|43\/100\n|\n|-damage|p2a: Toxapex|62\/100 brn|[from] brn\n|upkeep\n|turn|133\n|\n|t:|1628230281\n|switch|p2a: Gliscor|Gliscor, M|97\/100 tox\n|move|p1a: Chansey|Soft-Boiled|p1a: Chansey\n|-heal|p1a: Chansey|93\/100\n|\n|-heal|p2a: Gliscor|100\/100 tox|[from] ability: Poison Heal\n|upkeep\n|turn|134\n|\n|t:|1628230283\n|move|p2a: Gliscor|Earthquake|p1a: Chansey\n|-damage|p1a: Chansey|70\/100\n|move|p1a: Chansey|Seismic Toss|p2a: Gliscor\n|-damage|p2a: Gliscor|72\/100 tox\n|\n|-heal|p2a: Gliscor|85\/100 tox|[from] ability: Poison Heal\n|upkeep\n|turn|135\n|\n|t:|1628230285\n|move|p2a: Gliscor|Toxic|p1a: Chansey\n|-status|p1a: Chansey|tox\n|move|p1a: Chansey|Seismic Toss|p2a: Gliscor\n|-damage|p2a: Gliscor|56\/100 tox\n|\n|-heal|p2a: Gliscor|69\/100 tox|[from] ability: Poison Heal\n|-damage|p1a: Chansey|64\/100 tox|[from] psn\n|upkeep\n|turn|136\n|\n|t:|1628230287\n|move|p2a: Gliscor|Roost|p2a: Gliscor\n|-heal|p2a: Gliscor|100\/100 tox\n|-singleturn|p2a: Gliscor|move: Roost\n|move|p1a: Chansey|Soft-Boiled|p1a: Chansey\n|-heal|p1a: Chansey|100\/100 tox\n|\n|-damage|p1a: Chansey|88\/100 tox|[from] psn\n|upkeep\n|turn|137\n|\n|t:|1628230290\n|-curestatus|p1a: Chansey|tox|[from] ability: Natural Cure\n|switch|p1a: Skarmory|Skarmory, F|3\/100 brn\n|-damage|p1a: Skarmory|0 fnt|[from] Stealth Rock\n|faint|p1a: Skarmory\n|move|p2a: Gliscor|Earthquake|p1: Skarmory|[notarget]\n|-fail|p2a: Gliscor\n|\n|upkeep\n|\n|t:|1628230290\n|switch|p1a: Chansey|Chansey, F|88\/100\n|-damage|p1a: Chansey|76\/100|[from] Stealth Rock\n|-damage|p1a: Chansey|59\/100|[from] Spikes\n|turn|138\n|\n|t:|1628230293\n|move|p2a: Gliscor|Toxic|p1a: Chansey|[miss]\n|-miss|p2a: Gliscor|p1a: Chansey\n|move|p1a: Chansey|Soft-Boiled|p1a: Chansey\n|-heal|p1a: Chansey|100\/100\n|\n|upkeep\n|turn|139\n|\n|t:|1628230296\n|move|p2a: Gliscor|Toxic|p1a: Chansey\n|-status|p1a: Chansey|tox\n|move|p1a: Chansey|Seismic Toss|p2a: Gliscor\n|-damage|p2a: Gliscor|72\/100 tox\n|\n|-heal|p2a: Gliscor|85\/100 tox|[from] ability: Poison Heal\n|-damage|p1a: Chansey|94\/100 tox|[from] psn\n|upkeep\n|turn|140\n|\n|t:|1628230299\n|move|p2a: Gliscor|Earthquake|p1a: Chansey\n|-damage|p1a: Chansey|71\/100 tox\n|move|p1a: Chansey|Seismic Toss|p2a: Gliscor\n|-damage|p2a: Gliscor|56\/100 tox\n|\n|-heal|p2a: Gliscor|69\/100 tox|[from] ability: Poison Heal\n|-damage|p1a: Chansey|58\/100 tox|[from] psn\n|upkeep\n|turn|141\n|\n|t:|1628230301\n|move|p2a: Gliscor|Roost|p2a: Gliscor\n|-heal|p2a: Gliscor|100\/100 tox\n|-singleturn|p2a: Gliscor|move: Roost\n|move|p1a: Chansey|Soft-Boiled|p1a: Chansey\n|-heal|p1a: Chansey|100\/100 tox\n|\n|-damage|p1a: Chansey|82\/100 tox|[from] psn\n|upkeep\n|turn|142\n|\n|t:|1628230304\n|move|p2a: Gliscor|Earthquake|p1a: Chansey\n|-damage|p1a: Chansey|60\/100 tox\n|move|p1a: Chansey|Soft-Boiled|p1a: Chansey\n|-heal|p1a: Chansey|100\/100 tox\n|\n|-damage|p1a: Chansey|76\/100 tox|[from] psn\n|upkeep\n|turn|143\n|\n|t:|1628230308\n|switch|p2a: Toxapex|Toxapex, M|96\/100 brn\n|-damage|p2a: Toxapex|71\/100 brn|[from] Spikes\n|move|p1a: Chansey|Soft-Boiled|p1a: Chansey\n|-heal|p1a: Chansey|100\/100 tox\n|\n|-damage|p1a: Chansey|69\/100 tox|[from] psn\n|-damage|p2a: Toxapex|65\/100 brn|[from] brn\n|upkeep\n|turn|144\n|\n|t:|1628230311\n|move|p1a: Chansey|Soft-Boiled|p1a: Chansey\n|-heal|p1a: Chansey|100\/100 tox\n|move|p2a: Toxapex|Toxic Spikes|p1a: Chansey\n|-sidestart|p1: FildrongEstNul|move: Toxic Spikes\n|\n|-damage|p1a: Chansey|63\/100 tox|[from] psn\n|-damage|p2a: Toxapex|59\/100 brn|[from] brn\n|upkeep\n|turn|145\n|\n|t:|1628230314\n|move|p1a: Chansey|Soft-Boiled|p1a: Chansey\n|-heal|p1a: Chansey|100\/100 tox\n|move|p2a: Toxapex|Toxic Spikes|p1a: Chansey\n|-sidestart|p1: FildrongEstNul|move: Toxic Spikes\n|\n|-damage|p1a: Chansey|57\/100 tox|[from] psn\n|-damage|p2a: Toxapex|53\/100 brn|[from] brn\n|upkeep\n|turn|146\n|\n|t:|1628230317\n|switch|p2a: Gliscor|Gliscor, M|100\/100 tox\n|move|p1a: Chansey|Soft-Boiled|p1a: Chansey\n|-heal|p1a: Chansey|100\/100 tox\n|\n|-damage|p1a: Chansey|51\/100 tox|[from] psn\n|upkeep\n|turn|147\n|\n|t:|1628230320\n|-curestatus|p1a: Chansey|tox|[from] ability: Natural Cure\n|switch|p1a: Keldeo|Keldeo|21\/100\n|-status|p1a: Keldeo|tox\n|-damage|p1a: Keldeo|5\/100 tox|[from] Spikes\n|-damage|p1a: Keldeo|0 fnt|[from] Stealth Rock\n|faint|p1a: Keldeo\n|move|p2a: Gliscor|Earthquake|p1: Keldeo|[notarget]\n|-fail|p2a: Gliscor\n|\n|upkeep\n|\n|t:|1628230320\n|switch|p1a: Venusaur|Venusaur-Mega, M|59\/100 brn\n|-sideend|p1: FildrongEstNul|move: Toxic Spikes|[of] p1a: Venusaur\n|-damage|p1a: Venusaur|43\/100 brn|[from] Spikes\n|-damage|p1a: Venusaur|31\/100 brn|[from] Stealth Rock\n|turn|148\n|\n|t:|1628230322\n|move|p2a: Gliscor|Earthquake|p1a: Venusaur\n|-damage|p1a: Venusaur|12\/100 brn\n|move|p1a: Venusaur|Hidden Power|p2a: Gliscor\n|-damage|p2a: Gliscor|82\/100 tox\n|\n|-heal|p2a: Gliscor|94\/100 tox|[from] ability: Poison Heal\n|-damage|p1a: Venusaur|6\/100 brn|[from] brn\n|upkeep\n|turn|149\n|\n|t:|1628230326\n|move|p2a: Gliscor|Earthquake|p1a: Venusaur\n|-damage|p1a: Venusaur|0 fnt\n|faint|p1a: Venusaur\n|\n|-heal|p2a: Gliscor|100\/100 tox|[from] ability: Poison Heal\n|upkeep\n|\n|t:|1628230326\n|switch|p1a: Chansey|Chansey, F|51\/100\n|-damage|p1a: Chansey|34\/100|[from] Spikes\n|-damage|p1a: Chansey|22\/100|[from] Stealth Rock\n|turn|150\n|\n|t:|1628230328\n|move|p2a: Gliscor|Earthquake|p1a: Chansey\n|-damage|p1a: Chansey|0 fnt\n|faint|p1a: Chansey\n|\n|upkeep\n|\n|t:|1628230328\n|switch|p1a: Heatran|Heatran, M|87\/100\n|-damage|p1a: Heatran|71\/100|[from] Spikes\n|-damage|p1a: Heatran|58\/100|[from] Stealth Rock\n|turn|151\n|\n|t:|1628230330\n|move|p2a: Gliscor|Earthquake|p1a: Heatran\n|-supereffective|p1a: Heatran\n|-damage|p1a: Heatran|0 fnt\n|faint|p1a: Heatran\n|\n|win|EEEEEvolto\u6df1\u6eba\n|raw|FildrongEstNul's rating: 1410 &rarr; <strong>1399<\/strong><br \/>(-11 for losing)\n|raw|EEEEEvolto\u6df1\u6eba's rating: 1579 &rarr; <strong>1590<\/strong><br \/>(+11 for winning)\n|l|\u203dFildrongEstNul\n","uploadtime":1628230343,"views":9,"p1id":"fildrongestnul","p2id":"eeeeevolto","formatid":"gen7ou","rating":1399,"private":0,"password":null}