{"id":"gen7ou-1366121297","p1":"jahmille118","p2":"gaenisalbino","format":"gen7ou","log":"|j|\u2606jahmille118\n|j|\u2606gaenisalbino\n|t:|1624793847\n|gametype|singles\n|player|p1|jahmille118|red|1161\n|player|p2|gaenisalbino|102|1180\n|teamsize|p1|6\n|teamsize|p2|6\n|gen|7\n|tier|[Gen 7] OU\n|rated|\n|rule|Sleep Clause Mod: Limit one foe put to sleep\n|rule|Species Clause: Limit one of each Pok\u00e9mon\n|rule|OHKO Clause: OHKO moves are banned\n|rule|Moody Clause: Moody is banned\n|rule|Evasion Moves Clause: Evasion moves are banned\n|rule|Endless Battle Clause: Forcing endless battles is banned\n|rule|HP Percentage Mod: HP is shown in percentages\n|clearpoke\n|poke|p1|Tyranitar, F|item\n|poke|p1|Hippowdon, M|item\n|poke|p1|Ferrothorn, M|item\n|poke|p1|Heatran, F|item\n|poke|p1|Greninja, M|item\n|poke|p1|Thundurus-Therian, M|item\n|poke|p2|Skarmory, M|item\n|poke|p2|Mawile, M|item\n|poke|p2|Araquanid, M|item\n|poke|p2|Marowak-Alola, M|item\n|poke|p2|Magearna|item\n|poke|p2|Cresselia, F|item\n|teampreview\n|inactive|Battle timer is ON: inactive players will automatically lose when time's up. (requested by gaenisalbino)\n|\n|t:|1624793864\n|start\n|switch|p1a: Heatran|Heatran, F|100\/100\n|switch|p2a: Skarmory|Skarmory, M|100\/100\n|-item|p1a: Heatran|Air Balloon\n|turn|1\n|\n|t:|1624793872\n|move|p2a: Skarmory|Taunt|p1a: Heatran\n|-start|p1a: Heatran|move: Taunt\n|move|p1a: Heatran|Magma Storm|p2a: Skarmory\n|-supereffective|p2a: Skarmory\n|-ability|p2a: Skarmory|Sturdy\n|-damage|p2a: Skarmory|1\/100\n|-activate|p2a: Skarmory|move: Magma Storm|[of] p1a: Heatran\n|-enditem|p2a: Skarmory|Red Card|[of] p1a: Heatran\n|drag|p1a: Tyranitar|Tyranitar, F|100\/100\n|-weather|Sandstorm|[from] ability: Sand Stream|[of] p1a: Tyranitar\n|\n|-weather|Sandstorm|[upkeep]\n|-end|p2a: Skarmory|Magma Storm|[partiallytrapped]|[silent]\n|upkeep\n|turn|2\n|\n|t:|1624793887\n|detailschange|p1a: Tyranitar|Tyranitar-Mega, F\n|-mega|p1a: Tyranitar|Tyranitar|Tyranitarite\n|move|p1a: Tyranitar|Dragon Dance|p1a: Tyranitar\n|-boost|p1a: Tyranitar|atk|1\n|-boost|p1a: Tyranitar|spe|1\n|move|p2a: Skarmory|Spikes|p1a: Tyranitar\n|-sidestart|p1: jahmille118|Spikes\n|\n|-weather|Sandstorm|[upkeep]\n|upkeep\n|turn|3\n|\n|t:|1624793899\n|move|p1a: Tyranitar|Crunch|p2a: Skarmory\n|-damage|p2a: Skarmory|0 fnt\n|faint|p2a: Skarmory\n|\n|-weather|Sandstorm|[upkeep]\n|upkeep\n|\n|t:|1624793906\n|switch|p2a: Cresselia|Cresselia, F|100\/100\n|turn|4\n|\n|t:|1624793911\n|move|p1a: Tyranitar|Crunch|p2a: Cresselia\n|-supereffective|p2a: Cresselia\n|-damage|p2a: Cresselia|24\/100\n|move|p2a: Cresselia|Trick Room|p2a: Cresselia\n|-fieldstart|move: Trick Room|[of] p2a: Cresselia\n|\n|-weather|Sandstorm|[upkeep]\n|-damage|p2a: Cresselia|18\/100|[from] Sandstorm\n|upkeep\n|turn|5\n|\n|t:|1624793936\n|move|p2a: Cresselia|Moonlight|p2a: Cresselia\n|-heal|p2a: Cresselia|43\/100\n|move|p1a: Tyranitar|Crunch|p2a: Cresselia\n|-supereffective|p2a: Cresselia\n|-damage|p2a: Cresselia|0 fnt\n|faint|p2a: Cresselia\n|\n|-weather|none\n|upkeep\n|\n|t:|1624793947\n|switch|p2a: Araquanid|Araquanid, M|100\/100\n|turn|6\n|\n|t:|1624793965\n|move|p2a: Araquanid|Liquidation|p1a: Tyranitar\n|-supereffective|p1a: Tyranitar\n|-damage|p1a: Tyranitar|0 fnt\n|faint|p1a: Tyranitar\n|\n|upkeep\n|\n|t:|1624793971\n|switch|p1a: Ferrothorn|Ferrothorn, M|100\/100\n|-damage|p1a: Ferrothorn|88\/100|[from] Spikes\n|turn|7\n|inactive|gaenisalbino has 120 seconds left.\n|\n|t:|1624794000\n|switch|p2a: Marowak|Marowak-Alola, M|100\/100\n|move|p1a: Ferrothorn|Leech Seed|p2a: Marowak\n|-start|p2a: Marowak|move: Leech Seed\n|\n|-heal|p1a: Ferrothorn|94\/100|[from] item: Leftovers\n|-damage|p2a: Marowak|88\/100|[from] Leech Seed|[of] p1a: Ferrothorn\n|-heal|p1a: Ferrothorn|100\/100|[silent]\n|upkeep\n|turn|8\n|inactive|gaenisalbino has 120 seconds left.\n|\n|t:|1624794014\n|switch|p1a: Heatran|Heatran, F|100\/100\n|-item|p1a: Heatran|Air Balloon\n|move|p2a: Marowak|Bonemerang|p1a: Heatran\n|-immune|p1a: Heatran\n|\n|-damage|p2a: Marowak|76\/100|[from] Leech Seed|[of] p1a: Heatran\n|-fieldend|move: Trick Room\n|upkeep\n|turn|9\n|\n|t:|1624794026\n|move|p1a: Heatran|Magma Storm|p2a: Marowak|[miss]\n|-miss|p1a: Heatran|p2a: Marowak\n|move|p2a: Marowak|Bonemerang|p1a: Heatran\n|-immune|p1a: Heatran\n|\n|-damage|p2a: Marowak|63\/100|[from] Leech Seed|[of] p1a: Heatran\n|upkeep\n|turn|10\n|\n|t:|1624794035\n|move|p1a: Heatran|Magma Storm|p2a: Marowak\n|-resisted|p2a: Marowak\n|-damage|p2a: Marowak|28\/100\n|-activate|p2a: Marowak|move: Magma Storm|[of] p1a: Heatran\n|move|p2a: Marowak|Shadow Bone|p1a: Heatran\n|-damage|p1a: Heatran|35\/100\n|-unboost|p1a: Heatran|def|1\n|-enditem|p1a: Heatran|Air Balloon\n|\n|-damage|p2a: Marowak|15\/100|[from] Leech Seed|[of] p1a: Heatran\n|-heal|p1a: Heatran|46\/100|[silent]\n|-damage|p2a: Marowak|3\/100|[from] move: Magma Storm|[partiallytrapped]\n|upkeep\n|turn|11\n|\n|t:|1624794050\n|switch|p1a: Hippowdon|Hippowdon, M|100\/100\n|-damage|p1a: Hippowdon|88\/100|[from] Spikes\n|-weather|Sandstorm|[from] ability: Sand Stream|[of] p1a: Hippowdon\n|move|p2a: Marowak|Shadow Bone|p1a: Hippowdon\n|-damage|p1a: Hippowdon|40\/100\n|\n|-weather|Sandstorm|[upkeep]\n|-damage|p2a: Marowak|0 fnt|[from] Sandstorm\n|faint|p2a: Marowak\n|-heal|p1a: Hippowdon|46\/100|[from] item: Leftovers\n|upkeep\n|\n|t:|1624794062\n|switch|p2a: Magearna|Magearna|100\/100\n|turn|12\n|\n|t:|1624794068\n|move|p1a: Hippowdon|Stealth Rock|p2a: Magearna\n|-sidestart|p2: gaenisalbino|move: Stealth Rock\n|move|p2a: Magearna|Trick Room|p2a: Magearna\n|-fieldstart|move: Trick Room|[of] p2a: Magearna\n|\n|-weather|Sandstorm|[upkeep]\n|-heal|p1a: Hippowdon|52\/100|[from] item: Leftovers\n|upkeep\n|turn|13\n|\n|t:|1624794074\n|move|p1a: Hippowdon|Earthquake|p2a: Magearna\n|-supereffective|p2a: Magearna\n|-damage|p2a: Magearna|20\/100\n|move|p2a: Magearna|Ice Beam|p1a: Hippowdon\n|-supereffective|p1a: Hippowdon\n|-damage|p1a: Hippowdon|0 fnt\n|faint|p1a: Hippowdon\n|-ability|p2a: Magearna|Soul-Heart|boost\n|-boost|p2a: Magearna|spa|1\n|\n|-weather|Sandstorm|[upkeep]\n|upkeep\n|\n|t:|1624794084\n|switch|p1a: Ferrothorn|Ferrothorn, M|100\/100\n|-damage|p1a: Ferrothorn|88\/100|[from] Spikes\n|turn|14\n|\n|t:|1624794092\n|move|p1a: Ferrothorn|Leech Seed|p2a: Magearna\n|-start|p2a: Magearna|move: Leech Seed\n|move|p2a: Magearna|Focus Blast|p1a: Ferrothorn|[miss]\n|-miss|p2a: Magearna|p1a: Ferrothorn\n|\n|-weather|Sandstorm|[upkeep]\n|-heal|p1a: Ferrothorn|94\/100|[from] item: Leftovers\n|-damage|p2a: Magearna|7\/100|[from] Leech Seed|[of] p1a: Ferrothorn\n|-heal|p1a: Ferrothorn|100\/100|[silent]\n|upkeep\n|turn|15\n|\n|t:|1624794100\n|move|p1a: Ferrothorn|Protect|p1a: Ferrothorn\n|-singleturn|p1a: Ferrothorn|Protect\n|move|p2a: Magearna|Focus Blast|p1a: Ferrothorn\n|-activate|p1a: Ferrothorn|move: Protect\n|\n|-weather|none\n|-damage|p2a: Magearna|0 fnt|[from] Leech Seed|[of] p1a: Ferrothorn\n|faint|p2a: Magearna\n|upkeep\n|\n|t:|1624794113\n|switch|p2a: Mawile|Mawile, M|100\/100\n|-damage|p2a: Mawile|95\/100|[from] Stealth Rock\n|-ability|p2a: Mawile|Intimidate|boost\n|-unboost|p1a: Ferrothorn|atk|1\n|turn|16\n|\n|t:|1624794124\n|detailschange|p2a: Mawile|Mawile-Mega, M\n|-mega|p2a: Mawile|Mawile|Mawilite\n|move|p1a: Ferrothorn|Spikes|p2a: Mawile\n|-sidestart|p2: gaenisalbino|Spikes\n|move|p2a: Mawile|Swords Dance|p2a: Mawile\n|-boost|p2a: Mawile|atk|2\n|\n|-fieldend|move: Trick Room\n|upkeep\n|turn|17\n|\n|t:|1624794136\n|move|p1a: Ferrothorn|Protect|p1a: Ferrothorn\n|-singleturn|p1a: Ferrothorn|Protect\n|move|p2a: Mawile|Swords Dance|p2a: Mawile\n|-boost|p2a: Mawile|atk|2\n|\n|upkeep\n|turn|18\n|\n|t:|1624794145\n|switch|p1a: Thundurus|Thundurus-Therian, M|100\/100\n|move|p2a: Mawile|Swords Dance|p2a: Mawile\n|-boost|p2a: Mawile|atk|2\n|\n|upkeep\n|turn|19\n|\n|t:|1624794153\n|move|p2a: Mawile|Sucker Punch||[still]\n|-fail|p2a: Mawile\n|move|p1a: Thundurus|Agility|p1a: Thundurus\n|-boost|p1a: Thundurus|spe|2\n|\n|upkeep\n|turn|20\n|\n|t:|1624794172\n|move|p2a: Mawile|Sucker Punch|p1a: Thundurus\n|-crit|p1a: Thundurus\n|-damage|p1a: Thundurus|0 fnt\n|faint|p1a: Thundurus\n|\n|upkeep\n|\n|t:|1624794178\n|switch|p1a: Ferrothorn|Ferrothorn, M|100\/100\n|-damage|p1a: Ferrothorn|88\/100|[from] Spikes\n|turn|21\n|\n|t:|1624794183\n|move|p2a: Mawile|Sucker Punch||[still]\n|-fail|p2a: Mawile\n|move|p1a: Ferrothorn|Leech Seed|p2a: Mawile\n|-start|p2a: Mawile|move: Leech Seed\n|\n|-heal|p1a: Ferrothorn|94\/100|[from] item: Leftovers\n|-damage|p2a: Mawile|82\/100|[from] Leech Seed|[of] p1a: Ferrothorn\n|-heal|p1a: Ferrothorn|100\/100|[silent]\n|upkeep\n|turn|22\n|\n|t:|1624794192\n|move|p1a: Ferrothorn|Protect|p1a: Ferrothorn\n|-singleturn|p1a: Ferrothorn|Protect\n|move|p2a: Mawile|Knock Off|p1a: Ferrothorn\n|-activate|p1a: Ferrothorn|move: Protect\n|\n|-damage|p2a: Mawile|70\/100|[from] Leech Seed|[of] p1a: Ferrothorn\n|upkeep\n|turn|23\n|\n|t:|1624794204\n|switch|p1a: Heatran|Heatran, F|46\/100\n|-damage|p1a: Heatran|34\/100|[from] Spikes\n|move|p2a: Mawile|Knock Off|p1a: Heatran\n|-damage|p1a: Heatran|0 fnt\n|faint|p1a: Heatran\n|\n|upkeep\n|c|\u2606gaenisalbino|Gg\n|\n|t:|1624794214\n|switch|p1a: Greninja|Greninja, M|100\/100\n|-damage|p1a: Greninja|88\/100|[from] Spikes\n|turn|24\n|\n|t:|1624794219\n|move|p2a: Mawile|Sucker Punch|p1a: Greninja\n|-resisted|p1a: Greninja\n|-damage|p1a: Greninja|0 fnt\n|faint|p1a: Greninja\n|\n|upkeep\n|\n|t:|1624794223\n|switch|p1a: Ferrothorn|Ferrothorn, M|100\/100\n|-damage|p1a: Ferrothorn|88\/100|[from] Spikes\n|turn|25\n|\n|t:|1624794238\n|move|p2a: Mawile|Knock Off|p1a: Ferrothorn\n|-damage|p1a: Ferrothorn|0 fnt\n|-damage|p2a: Mawile|58\/100|[from] ability: Iron Barbs|[of] p1a: Ferrothorn\n|-enditem|p1a: Ferrothorn|Leftovers|[from] move: Knock Off|[of] p2a: Mawile\n|faint|p1a: Ferrothorn\n|\n|win|gaenisalbino\n|raw|jahmille118's rating: 1161 &rarr; <strong>1137<\/strong><br \/>(-24 for losing)\n|raw|gaenisalbino's rating: 1180 &rarr; <strong>1204<\/strong><br \/>(+24 for winning)\n","uploadtime":1624794245,"views":7,"p1id":"jahmille118","p2id":"gaenisalbino","formatid":"gen7ou","rating":1137,"private":0,"password":null}