{"id":"gen7ubers-751816348","p1":"BigL91","p2":"Vulpix03","format":"gen7ubers","log":"|j|\u2606BigL91\n|j|\u2606Vulpix03\n|player|p1|BigL91|135\n|player|p2|Vulpix03|137\n|teamsize|p1|6\n|teamsize|p2|6\n|gametype|singles\n|gen|7\n|tier|[Gen 7] Ubers\n|rated|\n|rule|Sleep Clause Mod: Limit one foe put to sleep\n|rule|Species Clause: Limit one of each Pok\u00e9mon\n|rule|OHKO Clause: OHKO moves are banned\n|rule|Moody Clause: Moody is banned\n|rule|Evasion Moves Clause: Evasion moves are banned\n|rule|Endless Battle Clause: Forcing endless battles is banned\n|rule|HP Percentage Mod: HP is shown in percentages\n|clearpoke\n|poke|p1|Kyogre|item\n|poke|p1|Groudon|item\n|poke|p1|Yveltal|item\n|poke|p1|Necrozma-Dusk-Mane|item\n|poke|p1|Arceus-*|item\n|poke|p1|Mewtwo|item\n|poke|p2|Shuckle, F|item\n|poke|p2|Kyogre|item\n|poke|p2|Lunala|item\n|poke|p2|Yveltal|item\n|poke|p2|Lucario, F|item\n|poke|p2|Groudon|item\n|rule|Mega Rayquaza Clause: You cannot mega evolve Rayquaza\n|teampreview\n|inactive|Battle timer is ON: inactive players will automatically lose when time's up. (requested by Vulpix03)\n|j| Whalestorm\n|j| SickSniper\n|\n|start\n|switch|p1a: Mewtwo|Mewtwo|100\/100\n|switch|p2a: Yveltal|Yveltal|100\/100\n|-ability|p1a: Mewtwo|Unnerve|p2: Vulpix03\n|-ability|p2a: Yveltal|Dark Aura\n|turn|1\n|inactive|BigL91 has 135 seconds left.\n|j| goomba_goodra\n|l| goomba_goodra\n|\n|switch|p1a: Arceus|Arceus-Fairy|100\/100\n|switch|p2a: Shuckle|Shuckle, F|100\/100\n|\n|upkeep\n|turn|2\n|inactive|BigL91 has 135 seconds left.\n|\n|switch|p1a: Necrozma|Necrozma-Dusk-Mane|100\/100\n|move|p2a: Shuckle|Sticky Web|p1a: Necrozma\n|-sidestart|p1: BigL91|move: Sticky Web\n|\n|upkeep\n|turn|3\n|\n|switch|p2a: Groudon|Groudon|100\/100\n|detailschange|p2a: Groudon|Groudon-Primal\n|-primal|p2a: Groudon\n|-weather|DesolateLand|[from] ability: Desolate Land|[of] p2a: Groudon\n|move|p1a: Necrozma|Toxic|p2a: Groudon\n|-status|p2a: Groudon|tox\n|\n|-weather|DesolateLand|[upkeep]\n|-damage|p2a: Groudon|95\/100 tox|[from] psn\n|upkeep\n|turn|4\n|\n|switch|p1a: Arceus|Arceus-Fairy|100\/100\n|-activate|p1a: Arceus|move: Sticky Web\n|-unboost|p1a: Arceus|spe|1\n|move|p2a: Groudon|Eruption|p1a: Arceus\n|-damage|p1a: Arceus|16\/100\n|\n|-weather|DesolateLand|[upkeep]\n|-damage|p2a: Groudon|83\/100 tox|[from] psn\n|upkeep\n|turn|5\n|\n|switch|p1a: Kyogre|Kyogre|100\/100\n|-activate|p1a: Kyogre|move: Sticky Web\n|-unboost|p1a: Kyogre|spe|1\n|detailschange|p1a: Kyogre|Kyogre-Primal\n|-primal|p1a: Kyogre\n|-weather|PrimordialSea|[from] ability: Primordial Sea|[of] p1a: Kyogre\n|move|p2a: Groudon|Earth Power|p1a: Kyogre\n|-damage|p1a: Kyogre|60\/100\n|\n|-weather|PrimordialSea|[upkeep]\n|-damage|p2a: Groudon|65\/100 tox|[from] psn\n|upkeep\n|turn|6\n|\n|switch|p2a: Kyogre|Kyogre|100\/100\n|detailschange|p2a: Kyogre|Kyogre-Primal\n|-primal|p2a: Kyogre\n|move|p1a: Kyogre|Origin Pulse|p2a: Kyogre\n|-resisted|p2a: Kyogre\n|-damage|p2a: Kyogre|66\/100\n|\n|-weather|PrimordialSea|[upkeep]\n|upkeep\n|turn|7\n|\n|switch|p2a: Groudon|Groudon-Primal|65\/100 tox\n|-weather|DesolateLand|[from] ability: Desolate Land|[of] p2a: Groudon\n|switch|p1a: Arceus|Arceus-Fairy|16\/100\n|-activate|p1a: Arceus|move: Sticky Web\n|-unboost|p1a: Arceus|spe|1\n|\n|-weather|DesolateLand|[upkeep]\n|-damage|p2a: Groudon|59\/100 tox|[from] psn\n|upkeep\n|turn|8\n|\n|switch|p1a: Yveltal|Yveltal|100\/100\n|-ability|p1a: Yveltal|Dark Aura\n|move|p2a: Groudon|Eruption|p1a: Yveltal\n|-damage|p1a: Yveltal|32\/100\n|\n|-weather|DesolateLand|[upkeep]\n|-damage|p2a: Groudon|47\/100 tox|[from] psn\n|upkeep\n|turn|9\n|\n|move|p1a: Yveltal|Defog|p2a: Groudon\n|-unboost|p2a: Groudon|evasion|1\n|-sideend|p1: BigL91|Sticky Web|[from] move: Defog|[of] p1a: Yveltal\n|move|p2a: Groudon|Earth Power|p1a: Yveltal\n|-immune|p1a: Yveltal|[msg]\n|\n|-weather|DesolateLand|[upkeep]\n|-damage|p2a: Groudon|29\/100 tox|[from] psn\n|upkeep\n|turn|10\n|\n|switch|p1a: Kyogre|Kyogre-Primal|60\/100\n|-weather|PrimordialSea|[from] ability: Primordial Sea|[of] p1a: Kyogre\n|move|p2a: Groudon|Eruption|p1a: Kyogre\n|-fail|p1a: Kyogre|Eruption|[from] Primordial Sea\n|\n|-weather|PrimordialSea|[upkeep]\n|-damage|p2a: Groudon|5\/100 tox|[from] psn\n|upkeep\n|turn|11\n|inactive|BigL91 has 135 seconds left.\n|inactive|BigL91 has 120 seconds left.\n|\n|-weather|none\n|switch|p1a: Yveltal|Yveltal|32\/100\n|-ability|p1a: Yveltal|Dark Aura\n|move|p2a: Groudon|Rock Slide|p1a: Yveltal\n|-supereffective|p1a: Yveltal\n|-damage|p1a: Yveltal|0 fnt\n|faint|p1a: Yveltal\n|\n|-damage|p2a: Groudon|0 fnt|[from] psn\n|upkeep\n|faint|p2a: Groudon\n|\n|switch|p1a: Mewtwo|Mewtwo|100\/100\n|switch|p2a: Lunala|Lunala|100\/100\n|-ability|p1a: Mewtwo|Unnerve|p2: Vulpix03\n|turn|12\n|inactive|BigL91 has 135 seconds left.\n|\n|-mega|p1a: Mewtwo|Mewtwo|Mewtwonite X\n|detailschange|p1a: Mewtwo|Mewtwo-Mega-X\n|move|p2a: Lunala|Moongeist Beam|p1a: Mewtwo\n|-supereffective|p1a: Mewtwo\n|-damage|p1a: Mewtwo|0 fnt\n|faint|p1a: Mewtwo\n|\n|upkeep\n|\n|switch|p1a: Groudon|Groudon|100\/100\n|detailschange|p1a: Groudon|Groudon-Primal\n|-primal|p1a: Groudon\n|-weather|DesolateLand|[from] ability: Desolate Land|[of] p1a: Groudon\n|turn|13\n|\n|switch|p2a: Shuckle|Shuckle, F|100\/100\n|move|p1a: Groudon|Rock Tomb|p2a: Shuckle\n|-supereffective|p2a: Shuckle\n|-damage|p2a: Shuckle|69\/100\n|-unboost|p2a: Shuckle|spe|1\n|\n|-weather|DesolateLand|[upkeep]\n|upkeep\n|turn|14\n|inactive|BigL91 has 135 seconds left.\n|\n|move|p1a: Groudon|Fire Blast|p2a: Shuckle\n|-crit|p2a: Shuckle\n|-damage|p2a: Shuckle|0 fnt\n|faint|p2a: Shuckle\n|\n|-weather|DesolateLand|[upkeep]\n|upkeep\n|\n|switch|p2a: Kyogre|Kyogre-Primal|66\/100\n|-weather|PrimordialSea|[from] ability: Primordial Sea|[of] p2a: Kyogre\n|turn|15\n|\n|switch|p1a: Necrozma|Necrozma-Dusk-Mane|100\/100\n|move|p2a: Kyogre|Surf|p1a: Necrozma\n|-damage|p1a: Necrozma|47\/100\n|\n|-weather|PrimordialSea|[upkeep]\n|upkeep\n|turn|16\n|\n|move|p2a: Kyogre|Surf|p1a: Necrozma\n|-damage|p1a: Necrozma|0 fnt\n|faint|p1a: Necrozma\n|\n|-weather|PrimordialSea|[upkeep]\n|upkeep\n|\n|switch|p1a: Groudon|Groudon-Primal|100\/100\n|-weather|DesolateLand|[from] ability: Desolate Land|[of] p1a: Groudon\n|turn|17\n|\n|move|p1a: Groudon|Rock Tomb|p2a: Kyogre\n|-damage|p2a: Kyogre|43\/100\n|-unboost|p2a: Kyogre|spe|1\n|move|p2a: Kyogre|Ice Beam|p1a: Groudon\n|-damage|p1a: Groudon|47\/100\n|\n|-weather|DesolateLand|[upkeep]\n|upkeep\n|turn|18\n|\n|move|p1a: Groudon|Fire Blast|p2a: Kyogre\n|-resisted|p2a: Kyogre\n|-damage|p2a: Kyogre|12\/100\n|move|p2a: Kyogre|Ice Beam|p1a: Groudon\n|-damage|p1a: Groudon|0 fnt\n|faint|p1a: Groudon\n|-weather|none\n|\n|upkeep\n|\n|switch|p1a: Arceus|Arceus-Fairy|16\/100\n|turn|19\n|\n|switch|p2a: Lucario|Lucario, F|100\/100\n|move|p1a: Arceus|Recover|p1a: Arceus\n|-heal|p1a: Arceus|66\/100\n|\n|upkeep\n|turn|20\n|\n|-mega|p2a: Lucario|Lucario|Lucarionite\n|detailschange|p2a: Lucario|Lucario-Mega, F\n|move|p1a: Arceus|Earth Power|p2a: Lucario\n|-supereffective|p2a: Lucario\n|-damage|p2a: Lucario|26\/100\n|move|p2a: Lucario|Meteor Mash|p1a: Arceus\n|-supereffective|p1a: Arceus\n|-damage|p1a: Arceus|0 fnt\n|faint|p1a: Arceus\n|\n|upkeep\n|c|\u2606Vulpix03|gg\n|\n|switch|p1a: Kyogre|Kyogre-Primal|60\/100\n|-weather|PrimordialSea|[from] ability: Primordial Sea|[of] p1a: Kyogre\n|turn|21\n|c|\u2606BigL91|gg\n|\n|move|p2a: Lucario|Close Combat|p1a: Kyogre\n|-damage|p1a: Kyogre|0 fnt\n|-unboost|p2a: Lucario|def|1\n|-unboost|p2a: Lucario|spd|1\n|faint|p1a: Kyogre\n|-weather|none\n|\n|win|Vulpix03\n","inputlog":null,"uploadtime":1527106792,"views":20,"p1id":"bigl91","p2id":"vulpix03","formatid":"gen7ubers","rating":0,"private":0,"password":null}