{"id":"gen7ou-737385531","p1":"Alegre Aire","p2":"Toxabelle","format":"gen7ou","log":"|j|\u2606Alegre Aire\n|j|\u2606Toxabelle\n|player|p1|Alegre Aire|79\n|player|p2|Toxabelle|2\n|teamsize|p1|6\n|teamsize|p2|6\n|gametype|singles\n|gen|7\n|tier|[Gen 7] OU\n|rated|\n|rule|Sleep Clause Mod: Limit one foe put to sleep\n|rule|Species Clause: Limit one of each Pok\u00e9mon\n|rule|OHKO Clause: OHKO moves are banned\n|rule|Moody Clause: Moody is banned\n|rule|Evasion Moves Clause: Evasion moves are banned\n|rule|Endless Battle Clause: Forcing endless battles is banned\n|rule|HP Percentage Mod: HP is shown in percentages\n|clearpoke\n|poke|p1|Ribombee, F|item\n|poke|p1|Zygarde|item\n|poke|p1|Tyranitar, M|item\n|poke|p1|Gyarados, F|item\n|poke|p1|Mimikyu, F|item\n|poke|p1|Kartana|item\n|poke|p2|Venusaur, M|item\n|poke|p2|Gliscor, F|item\n|poke|p2|Heatran, F|item\n|poke|p2|Skarmory, F|item\n|poke|p2|Tornadus-Therian, M|item\n|poke|p2|Clefable, F|item\n|teampreview\n|inactive|Battle timer is ON: inactive players will automatically lose when time's up. (requested by Toxabelle)\n|\n|start\n|switch|p1a: Ribombee|Ribombee, F|100\/100\n|switch|p2a: Clefable|Clefable, F|100\/100\n|turn|1\n|\n|move|p1a: Ribombee|Moonblast|p2a: Clefable\n|-damage|p2a: Clefable|61\/100\n|-unboost|p2a: Clefable|spa|1\n|move|p2a: Clefable|Stealth Rock|p1a: Ribombee\n|-sidestart|p1: Alegre Aire|move: Stealth Rock\n|\n|-heal|p2a: Clefable|68\/100|[from] item: Leftovers\n|upkeep\n|turn|2\n|\n|move|p1a: Ribombee|Sticky Web|p2a: Clefable\n|-sidestart|p2: Toxabelle|move: Sticky Web\n|move|p2a: Clefable|Soft-Boiled|p2a: Clefable\n|-heal|p2a: Clefable|100\/100\n|\n|upkeep\n|turn|3\n|\n|switch|p2a: Venusaur|Venusaur, M|100\/100\n|-activate|p2a: Venusaur|move: Sticky Web\n|-unboost|p2a: Venusaur|spe|1\n|move|p1a: Ribombee|Quiver Dance|p1a: Ribombee\n|-boost|p1a: Ribombee|spa|1\n|-boost|p1a: Ribombee|spd|1\n|-boost|p1a: Ribombee|spe|1\n|\n|upkeep\n|turn|4\n|\n|-mega|p2a: Venusaur|Venusaur|Venusaurite\n|detailschange|p2a: Venusaur|Venusaur-Mega, M\n|move|p1a: Ribombee|Hidden Power|p2a: Venusaur\n|-supereffective|p2a: Venusaur\n|-damage|p2a: Venusaur|83\/100\n|move|p2a: Venusaur|Sludge Bomb|p1a: Ribombee\n|-supereffective|p1a: Ribombee\n|-damage|p1a: Ribombee|20\/100\n|\n|upkeep\n|turn|5\n|\n|move|p1a: Ribombee|Moonblast|p2a: Venusaur\n|-resisted|p2a: Venusaur\n|-damage|p2a: Venusaur|65\/100\n|move|p2a: Venusaur|Giga Drain|p1a: Ribombee\n|-resisted|p1a: Ribombee\n|-damage|p1a: Ribombee|2\/100\n|-heal|p2a: Venusaur|72\/100|[from] drain|[of] p1a: Ribombee\n|\n|upkeep\n|turn|6\n|\n|move|p1a: Ribombee|Moonblast|p2a: Venusaur\n|-resisted|p2a: Venusaur\n|-damage|p2a: Venusaur|54\/100\n|move|p2a: Venusaur|Synthesis|p2a: Venusaur\n|-heal|p2a: Venusaur|100\/100\n|\n|upkeep\n|turn|7\n|\n|move|p1a: Ribombee|Moonblast|p2a: Venusaur\n|-resisted|p2a: Venusaur\n|-damage|p2a: Venusaur|83\/100\n|-unboost|p2a: Venusaur|spa|1\n|move|p2a: Venusaur|Giga Drain|p1a: Ribombee\n|-resisted|p1a: Ribombee\n|-damage|p1a: Ribombee|0 fnt\n|-heal|p2a: Venusaur|84\/100|[from] drain|[of] p1a: Ribombee\n|faint|p1a: Ribombee\n|\n|upkeep\n|\n|switch|p1a: Gyarados|Gyarados, F|100\/100\n|-damage|p1a: Gyarados|76\/100|[from] Stealth Rock\n|turn|8\n|\n|move|p1a: Gyarados|Dragon Dance|p1a: Gyarados\n|-boost|p1a: Gyarados|atk|1\n|-boost|p1a: Gyarados|spe|1\n|move|p2a: Venusaur|Sludge Bomb|p1a: Gyarados\n|-damage|p1a: Gyarados|52\/100\n|-status|p1a: Gyarados|psn\n|\n|-damage|p1a: Gyarados|39\/100 psn|[from] psn\n|upkeep\n|turn|9\n|\n|switch|p2a: Skarmory|Skarmory, F|100\/100\n|-zpower|p1a: Gyarados\n|move|p1a: Gyarados|Supersonic Skystrike|p2a: Skarmory|[zeffect]\n|-resisted|p2a: Skarmory\n|-damage|p2a: Skarmory|65\/100\n|\n|-damage|p1a: Gyarados|27\/100 psn|[from] psn\n|upkeep\n|turn|10\n|\n|move|p1a: Gyarados|Taunt|p2a: Skarmory\n|-start|p2a: Skarmory|move: Taunt\n|cant|p2a: Skarmory|move: Taunt|Roost\n|\n|-damage|p1a: Gyarados|15\/100 psn|[from] psn\n|upkeep\n|turn|11\n|inactive|Toxabelle has 135 seconds left.\n|\n|switch|p2a: Heatran|Heatran, F|100\/100\n|-activate|p2a: Heatran|move: Sticky Web\n|-unboost|p2a: Heatran|spe|1\n|move|p1a: Gyarados|Waterfall|p2a: Heatran\n|-supereffective|p2a: Heatran\n|-damage|p2a: Heatran|0 fnt\n|faint|p2a: Heatran\n|-ability|p1a: Gyarados|Moxie|boost\n|-boost|p1a: Gyarados|atk|1\n|\n|-damage|p1a: Gyarados|2\/100 psn|[from] psn\n|upkeep\n|\n|switch|p2a: Gliscor|Gliscor, F|100\/100\n|turn|12\n|\n|move|p1a: Gyarados|Waterfall|p2a: Gliscor\n|-supereffective|p2a: Gliscor\n|-damage|p2a: Gliscor|0 fnt\n|faint|p2a: Gliscor\n|-ability|p1a: Gyarados|Moxie|boost\n|-boost|p1a: Gyarados|atk|1\n|\n|-damage|p1a: Gyarados|0 fnt|[from] psn\n|upkeep\n|faint|p1a: Gyarados\n|\n|switch|p2a: Tornadus|Tornadus-Therian, M|100\/100\n|switch|p1a: Zygarde|Zygarde|100\/100\n|-damage|p1a: Zygarde|94\/100|[from] Stealth Rock\n|-ability|p1a: Zygarde|Aura Break\n|turn|13\n|\n|move|p2a: Tornadus|Taunt|p1a: Zygarde\n|-start|p1a: Zygarde|move: Taunt\n|move|p1a: Zygarde|Thousand Arrows|p2a: Tornadus\n|-damage|p2a: Tornadus|35\/100\n|-start|p2a: Tornadus|Smack Down\n|\n|upkeep\n|turn|14\n|\n|move|p1a: Zygarde|Extreme Speed|p2a: Tornadus\n|-damage|p2a: Tornadus|0 fnt\n|faint|p2a: Tornadus\n|\n|upkeep\n|\n|switch|p2a: Clefable|Clefable, F|100\/100\n|-activate|p2a: Clefable|move: Sticky Web\n|-unboost|p2a: Clefable|spe|1\n|turn|15\n|\n|switch|p1a: Kartana|Kartana|100\/100\n|-damage|p1a: Kartana|94\/100|[from] Stealth Rock\n|move|p2a: Clefable|Moonblast|p1a: Kartana\n|-resisted|p1a: Kartana\n|-crit|p1a: Kartana\n|-damage|p1a: Kartana|26\/100\n|\n|upkeep\n|turn|16\n|\n|move|p1a: Kartana|Swords Dance|p1a: Kartana\n|-boost|p1a: Kartana|atk|2\n|move|p2a: Clefable|Moonblast|p1a: Kartana\n|-resisted|p1a: Kartana\n|-damage|p1a: Kartana|0 fnt\n|faint|p1a: Kartana\n|\n|upkeep\n|\n|switch|p1a: Tyranitar|Tyranitar, M|100\/100\n|-damage|p1a: Tyranitar|88\/100|[from] Stealth Rock\n|-weather|Sandstorm|[from] ability: Sand Stream|[of] p1a: Tyranitar\n|turn|17\n|\n|-mega|p1a: Tyranitar|Tyranitar|Tyranitarite\n|detailschange|p1a: Tyranitar|Tyranitar-Mega, M\n|move|p1a: Tyranitar|Dragon Dance|p1a: Tyranitar\n|-boost|p1a: Tyranitar|atk|1\n|-boost|p1a: Tyranitar|spe|1\n|move|p2a: Clefable|Wish|p2a: Clefable\n|\n|-weather|Sandstorm|[upkeep]\n|upkeep\n|turn|18\n|\n|switch|p2a: Skarmory|Skarmory, F|65\/100\n|move|p1a: Tyranitar|Stone Edge|p2a: Skarmory\n|-damage|p2a: Skarmory|14\/100\n|\n|-weather|Sandstorm|[upkeep]\n|-heal|p2a: Skarmory|73\/100|[from] move: Wish|[wisher] Clefable\n|upkeep\n|turn|19\n|\n|move|p1a: Tyranitar|Fire Punch|p2a: Skarmory\n|-supereffective|p2a: Skarmory\n|-damage|p2a: Skarmory|19\/100\n|-damage|p1a: Tyranitar|71\/100|[from] item: Rocky Helmet|[of] p2a: Skarmory\n|move|p2a: Skarmory|Roost|p2a: Skarmory\n|-heal|p2a: Skarmory|70\/100\n|\n|-weather|Sandstorm|[upkeep]\n|upkeep\n|turn|20\n|\n|move|p1a: Tyranitar|Dragon Dance|p1a: Tyranitar\n|-boost|p1a: Tyranitar|atk|1\n|-boost|p1a: Tyranitar|spe|1\n|move|p2a: Skarmory|Whirlwind|p1a: Tyranitar\n|drag|p1a: Zygarde|Zygarde|94\/100\n|-damage|p1a: Zygarde|88\/100|[from] Stealth Rock\n|-ability|p1a: Zygarde|Aura Break\n|\n|-weather|Sandstorm|[upkeep]\n|upkeep\n|turn|21\n|\n|switch|p2a: Clefable|Clefable, F|100\/100\n|-activate|p2a: Clefable|move: Sticky Web\n|-unboost|p2a: Clefable|spe|1\n|move|p1a: Zygarde|Dragon Dance|p1a: Zygarde\n|-boost|p1a: Zygarde|atk|1\n|-boost|p1a: Zygarde|spe|1\n|\n|-weather|none\n|upkeep\n|turn|22\n|\n|move|p1a: Zygarde|Dragon Dance|p1a: Zygarde\n|-boost|p1a: Zygarde|atk|1\n|-boost|p1a: Zygarde|spe|1\n|move|p2a: Clefable|Moonblast|p1a: Zygarde\n|-supereffective|p1a: Zygarde\n|-damage|p1a: Zygarde|28\/100\n|\n|upkeep\n|turn|23\n|\n|move|p1a: Zygarde|Thousand Arrows|p2a: Clefable\n|-crit|p2a: Clefable\n|-damage|p2a: Clefable|0 fnt\n|faint|p2a: Clefable\n|\n|upkeep\n|c|\u2606Toxabelle|are u fucking shitting me\n|\n|switch|p2a: Venusaur|Venusaur-Mega, M|84\/100\n|-activate|p2a: Venusaur|move: Sticky Web\n|-unboost|p2a: Venusaur|spe|1\n|turn|24\n|\n|move|p1a: Zygarde|Thousand Arrows|p2a: Venusaur\n|-damage|p2a: Venusaur|10\/100\n|move|p2a: Venusaur|Giga Drain|p1a: Zygarde\n|-damage|p1a: Zygarde|0 fnt\n|-heal|p2a: Venusaur|23\/100|[from] drain|[of] p1a: Zygarde\n|faint|p1a: Zygarde\n|\n|upkeep\n|\n|switch|p1a: Mimikyu|Mimikyu, F|100\/100\n|-damage|p1a: Mimikyu|88\/100|[from] Stealth Rock\n|turn|25\n|\n|switch|p2a: Skarmory|Skarmory, F|70\/100\n|move|p1a: Mimikyu|Taunt|p2a: Skarmory\n|-start|p2a: Skarmory|move: Taunt\n|\n|upkeep\n|turn|26\n|\n|move|p1a: Mimikyu|Swords Dance|p1a: Mimikyu\n|-boost|p1a: Mimikyu|atk|2\n|move|p2a: Skarmory|Brave Bird|p1a: Mimikyu\n|-activate|p1a: Mimikyu|ability: Disguise\n|-damage|p1a: Mimikyu|88\/100\n|detailschange|p1a: Mimikyu|Mimikyu-Busted, F\n|\n|upkeep\n|turn|27\n|\n|move|p1a: Mimikyu|Shadow Claw|p2a: Skarmory\n|-damage|p2a: Skarmory|26\/100\n|-damage|p1a: Mimikyu|72\/100|[from] item: Rocky Helmet|[of] p2a: Skarmory\n|-damage|p1a: Mimikyu|62\/100|[from] item: Life Orb\n|move|p2a: Skarmory|Brave Bird|p1a: Mimikyu\n|-damage|p1a: Mimikyu|10\/100\n|-damage|p2a: Skarmory|13\/100|[from] Recoil\n|\n|-end|p2a: Skarmory|move: Taunt\n|upkeep\n|turn|28\n|\n|move|p1a: Mimikyu|Shadow Claw|p2a: Skarmory\n|-damage|p2a: Skarmory|0 fnt\n|-damage|p1a: Mimikyu|0 fnt|[from] item: Rocky Helmet|[of] p2a: Skarmory\n|faint|p2a: Skarmory\n|faint|p1a: Mimikyu\n|\n|upkeep\n|\n|switch|p1a: Tyranitar|Tyranitar-Mega, M|71\/100\n|switch|p2a: Venusaur|Venusaur-Mega, M|23\/100\n|-damage|p1a: Tyranitar|59\/100|[from] Stealth Rock\n|-weather|Sandstorm|[from] ability: Sand Stream|[of] p1a: Tyranitar\n|-activate|p2a: Venusaur|move: Sticky Web\n|-unboost|p2a: Venusaur|spe|1\n|turn|29\n|\n|move|p1a: Tyranitar|Stone Edge|p2a: Venusaur|[miss]\n|-miss|p1a: Tyranitar|p2a: Venusaur\n|move|p2a: Venusaur|Giga Drain|p1a: Tyranitar\n|-supereffective|p1a: Tyranitar\n|-damage|p1a: Tyranitar|32\/100\n|-heal|p2a: Venusaur|39\/100|[from] drain|[of] p1a: Tyranitar\n|\n|-weather|Sandstorm|[upkeep]\n|-damage|p2a: Venusaur|32\/100|[from] Sandstorm\n|upkeep\n|turn|30\n|\n|move|p1a: Tyranitar|Stone Edge|p2a: Venusaur\n|-damage|p2a: Venusaur|0 fnt\n|faint|p2a: Venusaur\n|\n|win|Alegre Aire\n|raw|Alegre Aire's rating: 1411 &rarr; <strong>1434<\/strong><br \/>(+23 for winning)\n|raw|Toxabelle's rating: 1462 &rarr; <strong>1439<\/strong><br \/>(-23 for losing)\n|l|\u2606Toxabelle\n|l|\u2606Alegre Aire\n|j|\u2606Alegre Aire\n","inputlog":null,"uploadtime":1524554034,"views":25,"p1id":"alegreaire","p2id":"toxabelle","formatid":"gen7ou","rating":1434,"private":0,"password":null}