{"id":"gen7oublitz-948056406","p1":"AfriKKKa","p2":"Kaylss","format":"gen7oublitz","log":"|j|\u2606AfriKKKa\n|j|\u2606Kaylss\n|player|p1|AfriKKKa|253|1139\n|player|p2|Kaylss|138|1193\n|teamsize|p1|6\n|teamsize|p2|6\n|gametype|singles\n|gen|7\n|tier|[Gen 7] OU (Blitz)\n|rated|\n|rule|Sleep Clause Mod: Limit one foe put to sleep\n|rule|Species Clause: Limit one of each Pok\u00e9mon\n|rule|OHKO Clause: OHKO moves are banned\n|rule|Moody Clause: Moody is banned\n|rule|Evasion Moves Clause: Evasion moves are banned\n|rule|Endless Battle Clause: Forcing endless battles is banned\n|rule|HP Percentage Mod: HP is shown in percentages\n|clearpoke\n|poke|p1|Cloyster, F|item\n|poke|p1|Victini|item\n|poke|p1|Ferrothorn, M|item\n|poke|p1|Rotom-Wash|item\n|poke|p1|Nidoking, M|item\n|poke|p1|Diancie|item\n|poke|p2|Celesteela|item\n|poke|p2|Marowak-Alola, M|item\n|poke|p2|Tangrowth, M|item\n|poke|p2|Mantine, F|item\n|poke|p2|Landorus-Therian, M|item\n|poke|p2|Pinsir, F|item\n|rule|Blitz: Super-fast timer\n|teampreview\n|inactive|AfriKKKa has 30 seconds left this turn.\n|inactive|Kaylss has 30 seconds left this turn.\n|inactive|Battle timer is ON: inactive players will automatically lose when time's up. (requested by AfriKKKa)\n|inactive|Kaylss has 20 seconds left.\n|inactive|Kaylss has 15 seconds left.\n|\n|start\n|switch|p1a: NeedleQueen|Nidoking, M, shiny|100\/100\n|switch|p2a: Celesteela|Celesteela|100\/100\n|turn|1\n|inactive|AfriKKKa has 15 seconds left this turn.\n|inactive|Kaylss has 15 seconds left this turn.\n|\n|switch|p1a: Gayblade|Ferrothorn, M|100\/100\n|move|p2a: Celesteela|Flash Cannon|p1a: Gayblade\n|-resisted|p1a: Gayblade\n|-damage|p1a: Gayblade|80\/100\n|-unboost|p1a: Gayblade|spd|1\n|\n|upkeep\n|turn|2\n|inactive|AfriKKKa has 15 seconds left this turn.\n|inactive|Kaylss has 15 seconds left this turn.\n|\n|switch|p2a: Marowak|Marowak-Alola, M|100\/100\n|move|p1a: Gayblade|Knock Off|p2a: Marowak\n|-supereffective|p2a: Marowak\n|-damage|p2a: Marowak|49\/100\n|-enditem|p2a: Marowak|Thick Club|[from] move: Knock Off|[of] p1a: Gayblade\n|\n|upkeep\n|turn|3\n|inactive|AfriKKKa has 15 seconds left this turn.\n|inactive|Kaylss has 15 seconds left this turn.\n|\n|switch|p1a: Jew Oven|Rotom-Wash, shiny|100\/100\n|move|p2a: Marowak|Flare Blitz|p1a: Jew Oven\n|-resisted|p1a: Jew Oven\n|-damage|p1a: Jew Oven|77\/100\n|-status|p1a: Jew Oven|brn\n|-damage|p2a: Marowak|41\/100|[from] Recoil\n|\n|-damage|p1a: Jew Oven|71\/100 brn|[from] brn\n|upkeep\n|turn|4\n|inactive|AfriKKKa has 15 seconds left this turn.\n|inactive|Kaylss has 15 seconds left this turn.\n|inactive|Kaylss has 10 seconds left.\n|\n|switch|p2a: Tangrowth|Tangrowth, M|100\/100\n|move|p1a: Jew Oven|Hydro Pump|p2a: Tangrowth\n|-resisted|p2a: Tangrowth\n|-damage|p2a: Tangrowth|86\/100\n|\n|-damage|p1a: Jew Oven|66\/100 brn|[from] brn\n|upkeep\n|turn|5\n|inactive|AfriKKKa has 15 seconds left this turn.\n|inactive|Kaylss has 15 seconds left this turn.\n|\n|move|p1a: Jew Oven|Pain Split|p2a: Tangrowth\n|-sethp|p2a: Tangrowth|68\/100|[from] move: Pain Split|[silent]\n|-sethp|p1a: Jew Oven|90\/100 brn|[from] move: Pain Split\n|move|p2a: Tangrowth|Knock Off|p1a: Jew Oven\n|-damage|p1a: Jew Oven|75\/100 brn\n|\n|-damage|p1a: Jew Oven|69\/100 brn|[from] brn\n|upkeep\n|turn|6\n|inactive|AfriKKKa has 15 seconds left this turn.\n|inactive|Kaylss has 15 seconds left this turn.\n|inactive|Kaylss has 10 seconds left.\n|\n|move|p1a: Jew Oven|Pain Split|p2a: Tangrowth\n|-sethp|p2a: Tangrowth|60\/100|[from] move: Pain Split|[silent]\n|-sethp|p1a: Jew Oven|79\/100 brn|[from] move: Pain Split\n|move|p2a: Tangrowth|Knock Off|p1a: Jew Oven\n|-damage|p1a: Jew Oven|64\/100 brn\n|\n|-damage|p1a: Jew Oven|58\/100 brn|[from] brn\n|upkeep\n|turn|7\n|inactive|AfriKKKa has 15 seconds left this turn.\n|inactive|Kaylss has 15 seconds left this turn.\n|inactive|AfriKKKa has 10 seconds left.\n|\n|move|p1a: Jew Oven|Volt Switch|p2a: Tangrowth\n|-resisted|p2a: Tangrowth\n|-damage|p2a: Tangrowth|51\/100\n|inactive|AfriKKKa has 15 seconds left this turn.\n|inactive|Kaylss has 15 seconds left this turn.\n|\n|switch|p1a: Mega Carbink|Diancie|100\/100|[from]move: Volt Switch\n|move|p2a: Tangrowth|Knock Off|p1a: Mega Carbink\n|-resisted|p1a: Mega Carbink\n|-damage|p1a: Mega Carbink|92\/100\n|\n|upkeep\n|turn|8\n|inactive|AfriKKKa has 15 seconds left this turn.\n|inactive|Kaylss has 15 seconds left this turn.\n|inactive|Kaylss has 10 seconds left.\n|\n|detailschange|p1a: Mega Carbink|Diancie-Mega\n|-mega|p1a: Mega Carbink|Diancie|Diancite\n|move|p1a: Mega Carbink|Stealth Rock|p2a: Tangrowth\n|-sidestart|p2: Kaylss|move: Stealth Rock\n|move|p2a: Tangrowth|Giga Drain|p1a: Mega Carbink\n|-supereffective|p1a: Mega Carbink\n|-damage|p1a: Mega Carbink|22\/100\n|-heal|p2a: Tangrowth|72\/100|[from] drain|[of] p1a: Mega Carbink\n|\n|upkeep\n|turn|9\n|inactive|AfriKKKa has 15 seconds left this turn.\n|inactive|Kaylss has 15 seconds left this turn.\n|inactive|Kaylss has 10 seconds left.\n|\n|move|p1a: Mega Carbink|Protect|p1a: Mega Carbink\n|-singleturn|p1a: Mega Carbink|Protect\n|move|p2a: Tangrowth|Earthquake|p1a: Mega Carbink\n|-activate|p1a: Mega Carbink|move: Protect\n|\n|upkeep\n|turn|10\n|inactive|AfriKKKa has 15 seconds left this turn.\n|inactive|Kaylss has 15 seconds left this turn.\n|\n|switch|p1a: Jew Oven|Rotom-Wash, shiny|58\/100 brn\n|move|p2a: Tangrowth|Earthquake|p1a: Jew Oven\n|-immune|p1a: Jew Oven|[from] ability: Levitate\n|\n|-damage|p1a: Jew Oven|52\/100 brn|[from] brn\n|upkeep\n|turn|11\n|inactive|AfriKKKa has 15 seconds left this turn.\n|inactive|Kaylss has 15 seconds left this turn.\n|\n|move|p1a: Jew Oven|Pain Split|p2a: Tangrowth\n|-sethp|p2a: Tangrowth|55\/100|[from] move: Pain Split|[silent]\n|-sethp|p1a: Jew Oven|74\/100 brn|[from] move: Pain Split\n|move|p2a: Tangrowth|Knock Off|p1a: Jew Oven\n|-damage|p1a: Jew Oven|58\/100 brn\n|\n|-damage|p1a: Jew Oven|52\/100 brn|[from] brn\n|upkeep\n|turn|12\n|inactive|AfriKKKa has 15 seconds left this turn.\n|inactive|Kaylss has 15 seconds left this turn.\n|\n|move|p1a: Jew Oven|Hydro Pump|p2a: Tangrowth\n|-resisted|p2a: Tangrowth\n|-damage|p2a: Tangrowth|41\/100\n|move|p2a: Tangrowth|Knock Off|p1a: Jew Oven\n|-damage|p1a: Jew Oven|35\/100 brn\n|\n|-damage|p1a: Jew Oven|29\/100 brn|[from] brn\n|upkeep\n|turn|13\n|inactive|AfriKKKa has 15 seconds left this turn.\n|inactive|Kaylss has 15 seconds left this turn.\n|\n|-zpower|p1a: Jew Oven\n|move|p1a: Jew Oven|Hydro Vortex|p2a: Tangrowth|[zeffect]\n|-resisted|p2a: Tangrowth\n|-damage|p2a: Tangrowth|19\/100\n|move|p2a: Tangrowth|Giga Drain|p1a: Jew Oven\n|-supereffective|p1a: Jew Oven\n|-damage|p1a: Jew Oven|0 fnt\n|-heal|p2a: Tangrowth|29\/100|[from] drain|[of] p1a: Jew Oven\n|faint|p1a: Jew Oven\n|\n|upkeep\n|inactive|AfriKKKa has 15 seconds left this turn.\n|inactive|Kaylss has 15 seconds left this turn.\n|inactive|AfriKKKa has 10 seconds left.\n|\n|switch|p1a: Vikachu|Victini|100\/100\n|turn|14\n|inactive|AfriKKKa has 15 seconds left this turn.\n|inactive|Kaylss has 15 seconds left this turn.\n|\n|switch|p2a: Marowak|Marowak-Alola, M|41\/100\n|-damage|p2a: Marowak|16\/100|[from] Stealth Rock\n|move|p1a: Vikachu|U-turn|p2a: Marowak\n|-resisted|p2a: Marowak\n|-damage|p2a: Marowak|10\/100\n|inactive|AfriKKKa has 15 seconds left this turn.\n|inactive|Kaylss has 15 seconds left this turn.\n|\n|switch|p1a: Oyster|Cloyster, F, shiny|100\/100|[from]move: U-turn\n|\n|upkeep\n|turn|15\n|inactive|AfriKKKa has 15 seconds left this turn.\n|inactive|Kaylss has 15 seconds left this turn.\n|\n|move|p1a: Oyster|Ice Shard|p2a: Marowak\n|-resisted|p2a: Marowak\n|-crit|p2a: Marowak\n|-damage|p2a: Marowak|0 fnt\n|faint|p2a: Marowak\n|\n|upkeep\n|inactive|AfriKKKa has 15 seconds left this turn.\n|inactive|Kaylss has 15 seconds left this turn.\n|\n|switch|p2a: Celesteela|Celesteela|100\/100\n|-damage|p2a: Celesteela|88\/100|[from] Stealth Rock\n|turn|16\n|inactive|AfriKKKa has 15 seconds left this turn.\n|inactive|Kaylss has 15 seconds left this turn.\n|inactive|Kaylss has 10 seconds left.\n|\n|switch|p1a: NeedleQueen|Nidoking, M, shiny|100\/100\n|move|p2a: Celesteela|Air Slash|p1a: NeedleQueen\n|-damage|p1a: NeedleQueen|20\/100\n|\n|upkeep\n|turn|17\n|inactive|AfriKKKa has 15 seconds left this turn.\n|inactive|Kaylss has 15 seconds left this turn.\n|inactive|Kaylss has 10 seconds left.\n|\n|move|p1a: NeedleQueen|Ice Beam|p2a: Celesteela\n|-damage|p2a: Celesteela|51\/100\n|move|p2a: Celesteela|Air Slash|p1a: NeedleQueen\n|-damage|p1a: NeedleQueen|0 fnt\n|faint|p1a: NeedleQueen\n|-ability|p2a: Celesteela|Beast Boost|boost\n|-boost|p2a: Celesteela|spa|1\n|\n|upkeep\n|inactive|AfriKKKa has 15 seconds left this turn.\n|inactive|Kaylss has 15 seconds left this turn.\n|\n|switch|p1a: Vikachu|Victini|100\/100\n|turn|18\n|inactive|AfriKKKa has 15 seconds left this turn.\n|inactive|Kaylss has 15 seconds left this turn.\n|inactive|Kaylss has 10 seconds left.\n|inactive|Kaylss has 5 seconds left.\n|\n|switch|p2a: Mantine|Mantine, F|100\/100\n|-damage|p2a: Mantine|76\/100|[from] Stealth Rock\n|move|p1a: Vikachu|Bolt Strike|p2a: Mantine|[miss]\n|-miss|p1a: Vikachu|p2a: Mantine\n|\n|-heal|p2a: Mantine|82\/100|[from] item: Leftovers\n|upkeep\n|turn|19\n|inactive|AfriKKKa has 15 seconds left this turn.\n|inactive|Kaylss has 10 seconds left this turn.\n|\n|switch|p2a: Landorus|Landorus-Therian, M|100\/100\n|-damage|p2a: Landorus|88\/100|[from] Stealth Rock\n|-ability|p2a: Landorus|Intimidate|boost\n|-unboost|p1a: Vikachu|atk|1\n|move|p1a: Vikachu|Bolt Strike|p2a: Landorus\n|-immune|p2a: Landorus\n|\n|-heal|p2a: Landorus|94\/100|[from] item: Leftovers\n|upkeep\n|turn|20\n|inactive|AfriKKKa has 15 seconds left this turn.\n|inactive|Kaylss has 15 seconds left this turn.\n|\n|switch|p1a: Gayblade|Ferrothorn, M|80\/100\n|move|p2a: Landorus|U-turn|p1a: Gayblade\n|-damage|p1a: Gayblade|64\/100\n|-damage|p2a: Landorus|82\/100|[from] ability: Iron Barbs|[of] p1a: Gayblade\n|-damage|p2a: Landorus|65\/100|[from] item: Rocky Helmet|[of] p1a: Gayblade\n|inactive|AfriKKKa has 15 seconds left this turn.\n|inactive|Kaylss has 15 seconds left this turn.\n|\n|switch|p2a: Celesteela|Celesteela|51\/100|[from]move: U-turn\n|-damage|p2a: Celesteela|38\/100|[from] Stealth Rock\n|\n|upkeep\n|turn|21\n|inactive|AfriKKKa has 15 seconds left this turn.\n|inactive|Kaylss has 15 seconds left this turn.\n|\n|switch|p1a: Mega Carbink|Diancie-Mega|22\/100\n|move|p2a: Celesteela|Flamethrower|p1a: Mega Carbink\n|-resisted|p1a: Mega Carbink\n|-damage|p1a: Mega Carbink|0 fnt\n|faint|p1a: Mega Carbink\n|-ability|p2a: Celesteela|Beast Boost|boost\n|-boost|p2a: Celesteela|spa|1\n|\n|upkeep\n|inactive|AfriKKKa has 15 seconds left this turn.\n|inactive|Kaylss has 15 seconds left this turn.\n|\n|switch|p1a: Vikachu|Victini|100\/100\n|turn|22\n|inactive|AfriKKKa has 15 seconds left this turn.\n|inactive|Kaylss has 15 seconds left this turn.\n|\n|switch|p2a: Landorus|Landorus-Therian, M|65\/100\n|-damage|p2a: Landorus|53\/100|[from] Stealth Rock\n|-ability|p2a: Landorus|Intimidate|boost\n|-unboost|p1a: Vikachu|atk|1\n|move|p1a: Vikachu|V-create|p2a: Landorus\n|-damage|p2a: Landorus|11\/100\n|-unboost|p1a: Vikachu|spe|1\n|-unboost|p1a: Vikachu|def|1\n|-unboost|p1a: Vikachu|spd|1\n|\n|-heal|p2a: Landorus|17\/100|[from] item: Leftovers\n|upkeep\n|turn|23\n|inactive|AfriKKKa has 15 seconds left this turn.\n|inactive|Kaylss has 15 seconds left this turn.\n|\n|move|p1a: Vikachu|V-create|p2a: Landorus\n|-damage|p2a: Landorus|0 fnt\n|-unboost|p1a: Vikachu|spe|1\n|-unboost|p1a: Vikachu|def|1\n|-unboost|p1a: Vikachu|spd|1\n|faint|p2a: Landorus\n|\n|upkeep\n|inactive|AfriKKKa has 15 seconds left this turn.\n|inactive|Kaylss has 15 seconds left this turn.\n|\n|switch|p2a: Mantine|Mantine, F|82\/100\n|-damage|p2a: Mantine|57\/100|[from] Stealth Rock\n|turn|24\n|inactive|AfriKKKa has 15 seconds left this turn.\n|inactive|Kaylss has 15 seconds left this turn.\n|inactive|Kaylss has 10 seconds left.\n|\n|switch|p1a: Oyster|Cloyster, F, shiny|100\/100\n|move|p2a: Mantine|Defog|p1a: Oyster\n|-unboost|p1a: Oyster|evasion|1\n|-sideend|p2: Kaylss|Stealth Rock|[from] move: Defog|[of] p2a: Mantine\n|-enditem|p1a: Oyster|White Herb\n|-clearnegativeboost|p1a: Oyster|[silent]\n|\n|-heal|p2a: Mantine|63\/100|[from] item: Leftovers\n|upkeep\n|turn|25\n|inactive|AfriKKKa has 15 seconds left this turn.\n|inactive|Kaylss has 15 seconds left this turn.\n|\n|move|p1a: Oyster|Shell Smash|p1a: Oyster\n|-unboost|p1a: Oyster|def|1\n|-unboost|p1a: Oyster|spd|1\n|-boost|p1a: Oyster|atk|2\n|-boost|p1a: Oyster|spa|2\n|-boost|p1a: Oyster|spe|2\n|move|p2a: Mantine|Toxic|p1a: Oyster\n|-status|p1a: Oyster|tox\n|\n|-heal|p2a: Mantine|69\/100|[from] item: Leftovers\n|-damage|p1a: Oyster|94\/100 tox|[from] psn\n|upkeep\n|turn|26\n|inactive|AfriKKKa has 15 seconds left this turn.\n|inactive|Kaylss has 15 seconds left this turn.\n|inactive|Kaylss has 10 seconds left.\n|inactive|Kaylss has 5 seconds left.\n|\n|switch|p2a: Tangrowth|Tangrowth, M|63\/100\n|move|p1a: Oyster|Shell Smash|p1a: Oyster\n|-unboost|p1a: Oyster|def|1\n|-unboost|p1a: Oyster|spd|1\n|-boost|p1a: Oyster|atk|2\n|-boost|p1a: Oyster|spa|2\n|-boost|p1a: Oyster|spe|2\n|\n|-damage|p1a: Oyster|82\/100 tox|[from] psn\n|upkeep\n|turn|27\n|inactive|AfriKKKa has 15 seconds left this turn.\n|inactive|Kaylss has 10 seconds left this turn.\n|\n|move|p1a: Oyster|Icicle Spear|p2a: Tangrowth\n|-supereffective|p2a: Tangrowth\n|-damage|p2a: Tangrowth|21\/100\n|-supereffective|p2a: Tangrowth\n|-damage|p2a: Tangrowth|0 fnt\n|-hitcount|p2a: Tangrowth|2\n|faint|p2a: Tangrowth\n|\n|-damage|p1a: Oyster|63\/100 tox|[from] psn\n|upkeep\n|inactive|AfriKKKa has 15 seconds left this turn.\n|inactive|Kaylss has 15 seconds left this turn.\n|\n|switch|p2a: Pinsir|Pinsir, F|100\/100\n|turn|28\n|inactive|AfriKKKa has 15 seconds left this turn.\n|inactive|Kaylss has 15 seconds left this turn.\n|\n|detailschange|p2a: Pinsir|Pinsir-Mega, F\n|-mega|p2a: Pinsir|Pinsir|Pinsirite\n|move|p2a: Pinsir|Quick Attack|p1a: Oyster\n|-damage|p1a: Oyster|16\/100 tox\n|move|p1a: Oyster|Icicle Spear|p2a: Pinsir\n|-supereffective|p2a: Pinsir\n|-damage|p2a: Pinsir|38\/100\n|-supereffective|p2a: Pinsir\n|-damage|p2a: Pinsir|0 fnt\n|-hitcount|p2a: Pinsir|2\n|faint|p2a: Pinsir\n|\n|-damage|p1a: Oyster|0 fnt|[from] psn\n|faint|p1a: Oyster\n|upkeep\n|inactive|AfriKKKa has 15 seconds left this turn.\n|inactive|Kaylss has 15 seconds left this turn.\n|inactive|AfriKKKa has 10 seconds left.\n|inactive|Kaylss has 10 seconds left.\n|\n|switch|p2a: Celesteela|Celesteela|38\/100\n|switch|p1a: Gayblade|Ferrothorn, M|64\/100\n|turn|29\n|inactive|AfriKKKa has 15 seconds left this turn.\n|inactive|Kaylss has 15 seconds left this turn.\n|inactive|AfriKKKa has 10 seconds left.\n|\n|move|p2a: Celesteela|Flamethrower|p1a: Gayblade\n|-supereffective|p1a: Gayblade\n|-damage|p1a: Gayblade|0 fnt\n|faint|p1a: Gayblade\n|-ability|p2a: Celesteela|Beast Boost|boost\n|-boost|p2a: Celesteela|spa|1\n|\n|upkeep\n|inactive|AfriKKKa has 15 seconds left this turn.\n|inactive|Kaylss has 15 seconds left this turn.\n|\n|switch|p1a: Vikachu|Victini|100\/100\n|turn|30\n|inactive|AfriKKKa has 15 seconds left this turn.\n|inactive|Kaylss has 15 seconds left this turn.\n|\n|move|p1a: Vikachu|Bolt Strike|p2a: Celesteela\n|-supereffective|p2a: Celesteela\n|-damage|p2a: Celesteela|0 fnt\n|faint|p2a: Celesteela\n|\n|upkeep\n|inactive|AfriKKKa has 15 seconds left this turn.\n|inactive|Kaylss has 15 seconds left this turn.\n|\n|switch|p2a: Mantine|Mantine, F|69\/100\n|turn|31\n|inactive|AfriKKKa has 15 seconds left this turn.\n|inactive|Kaylss has 15 seconds left this turn.\n|\n|move|p1a: Vikachu|Bolt Strike|p2a: Mantine\n|-supereffective|p2a: Mantine\n|-crit|p2a: Mantine\n|-damage|p2a: Mantine|0 fnt\n|faint|p2a: Mantine\n|\n|win|AfriKKKa\n|inactive|AfriKKKa has 15 seconds left this turn.\n|inactive|Kaylss has 15 seconds left this turn.\n|l|\u2606Kaylss\n|raw|AfriKKKa's rating: 1139 &rarr; <strong>1168<\/strong><br \/>(+29 for winning)\n|raw|Kaylss's rating: 1193 &rarr; <strong>1164<\/strong><br \/>(-29 for losing)\n","uploadtime":1563662661,"views":9,"p1id":"afrikkka","p2id":"kaylss","formatid":"gen7oublitz","rating":1164,"private":0,"password":null}