{"id":"gen7ou-828494253","p1":"Horman D","p2":"SMxVale","format":"gen7ou","log":"|j|\u2606Horman D\n|j|\u2606SMxVale\n|player|p1|Horman D|120\n|player|p2|SMxVale|169\n|teamsize|p1|6\n|teamsize|p2|6\n|gametype|singles\n|gen|7\n|tier|[Gen 7] OU\n|rated|\n|rule|Sleep Clause Mod: Limit one foe put to sleep\n|rule|Species Clause: Limit one of each Pok\u00e9mon\n|rule|OHKO Clause: OHKO moves are banned\n|rule|Moody Clause: Moody is banned\n|rule|Evasion Moves Clause: Evasion moves are banned\n|rule|Endless Battle Clause: Forcing endless battles is banned\n|rule|HP Percentage Mod: HP is shown in percentages\n|clearpoke\n|poke|p1|Magearna|item\n|poke|p1|Zygarde|item\n|poke|p1|Kartana|item\n|poke|p1|Pinsir, F|item\n|poke|p1|Greninja, M|item\n|poke|p1|Shuckle, M|item\n|poke|p2|Heatran, M|item\n|poke|p2|Tapu Bulu|item\n|poke|p2|Gliscor, M|item\n|poke|p2|Kyurem-Black|item\n|poke|p2|Medicham, M|item\n|poke|p2|Toxapex, M|item\n|teampreview\n|j| marschieren\n|inactive|Battle timer is ON: inactive players will automatically lose when time's up. (requested by Horman D)\n|j| RiftstalkerSekun\n|\n|start\n|switch|p1a: Shuckle|Shuckle, M|100\/100\n|switch|p2a: Gliscor|Gliscor, M|100\/100\n|turn|1\n|inactive|SMxVale also wants the timer to be on.\n|\n|move|p2a: Gliscor|Toxic|p1a: Shuckle\n|-status|p1a: Shuckle|tox\n|move|p1a: Shuckle|Encore|p2a: Gliscor\n|-start|p2a: Gliscor|Encore\n|\n|-damage|p1a: Shuckle|94\/100 tox|[from] psn\n|-status|p2a: Gliscor|tox|[from] item: Toxic Orb\n|upkeep\n|turn|2\n|\n|switch|p2a: Toxapex|Toxapex, M|100\/100\n|move|p1a: Shuckle|Sticky Web|p2a: Toxapex\n|-sidestart|p2: SMxVale|move: Sticky Web\n|\n|-damage|p1a: Shuckle|82\/100 tox|[from] psn\n|upkeep\n|turn|3\n|\n|switch|p2a: Gliscor|Gliscor, M|100\/100 tox\n|switch|p1a: Pinsir|Pinsir, F|100\/100\n|\n|upkeep\n|turn|4\n|\n|detailschange|p1a: Pinsir|Pinsir-Mega, F\n|-mega|p1a: Pinsir|Pinsir|Pinsirite\n|move|p1a: Pinsir|Swords Dance|p1a: Pinsir\n|-boost|p1a: Pinsir|atk|2\n|move|p2a: Gliscor|Toxic|p1a: Pinsir\n|-status|p1a: Pinsir|tox\n|\n|-damage|p1a: Pinsir|95\/100 tox|[from] psn\n|upkeep\n|turn|5\n|\n|move|p2a: Gliscor|Protect|p2a: Gliscor\n|-singleturn|p2a: Gliscor|Protect\n|move|p1a: Pinsir|Frustration|p2a: Gliscor\n|-activate|p2a: Gliscor|move: Protect\n|\n|-damage|p1a: Pinsir|83\/100 tox|[from] psn\n|upkeep\n|turn|6\n|\n|move|p1a: Pinsir|Earthquake|p2a: Gliscor\n|-immune|p2a: Gliscor\n|move|p2a: Gliscor|Defog|p1a: Pinsir\n|-unboost|p1a: Pinsir|evasion|1\n|-sideend|p2: SMxVale|Sticky Web|[from] move: Defog|[of] p2a: Gliscor\n|\n|-damage|p1a: Pinsir|65\/100 tox|[from] psn\n|upkeep\n|turn|7\n|\n|switch|p1a: Kartana|Kartana, shiny|100\/100\n|move|p2a: Gliscor|Protect||[still]\n|-fail|p2a: Gliscor\n|\n|upkeep\n|turn|8\n|\n|switch|p2a: Toxapex|Toxapex, M|100\/100\n|move|p1a: Kartana|Swords Dance|p1a: Kartana\n|-boost|p1a: Kartana|atk|2\n|\n|upkeep\n|turn|9\n|\n|-zpower|p1a: Kartana\n|move|p1a: Kartana|Breakneck Blitz|p2a: Toxapex|[zeffect]\n|-damage|p2a: Toxapex|0 fnt\n|faint|p2a: Toxapex\n|-ability|p1a: Kartana|Beast Boost|boost\n|-boost|p1a: Kartana|atk|1\n|\n|upkeep\n|\n|switch|p2a: Kyurem|Kyurem-Black|100\/100\n|-ability|p2a: Kyurem|Teravolt\n|turn|10\n|\n|move|p2a: Kyurem|Ice Beam|p1a: Kartana\n|-damage|p1a: Kartana|0 fnt\n|faint|p1a: Kartana\n|\n|upkeep\n|\n|switch|p1a: Greninja|Greninja, M|100\/100\n|turn|11\n|\n|switch|p2a: Tapu Bulu|Tapu Bulu|100\/100\n|-fieldstart|move: Grassy Terrain|[from] ability: Grassy Surge|[of] p2a: Tapu Bulu\n|move|p1a: Greninja|Gunk Shot|p2a: Tapu Bulu\n|-start|p1a: Greninja|typechange|Poison|[from] Protean\n|-supereffective|p2a: Tapu Bulu\n|-damage|p2a: Tapu Bulu|0 fnt\n|-damage|p1a: Greninja|91\/100|[from] item: Life Orb\n|faint|p2a: Tapu Bulu\n|\n|-heal|p1a: Greninja|97\/100|[from] Grassy Terrain\n|upkeep\n|\n|switch|p2a: Heatran|Heatran, M|100\/100\n|turn|12\n|\n|move|p1a: Greninja|Low Kick|p2a: Heatran\n|-start|p1a: Greninja|typechange|Fighting|[from] Protean\n|-supereffective|p2a: Heatran\n|-damage|p2a: Heatran|0 fnt\n|-damage|p1a: Greninja|87\/100|[from] item: Life Orb\n|faint|p2a: Heatran\n|\n|-heal|p1a: Greninja|93\/100|[from] Grassy Terrain\n|upkeep\n|\n|switch|p2a: Kyurem|Kyurem-Black|100\/100\n|-ability|p2a: Kyurem|Teravolt\n|turn|13\n|\n|switch|p1a: Shuckle|Shuckle, M|82\/100 tox\n|move|p2a: Kyurem|Focus Blast|p1a: Shuckle|[miss]\n|-miss|p2a: Kyurem|p1a: Shuckle\n|\n|-heal|p1a: Shuckle|88\/100 tox|[from] Grassy Terrain\n|-damage|p1a: Shuckle|82\/100 tox|[from] psn\n|upkeep\n|turn|14\n|\n|move|p2a: Kyurem|Focus Blast|p1a: Shuckle\n|-damage|p1a: Shuckle|52\/100 tox\n|move|p1a: Shuckle|Sticky Web|p2a: Kyurem\n|-sidestart|p2: SMxVale|move: Sticky Web\n|\n|-heal|p1a: Shuckle|58\/100 tox|[from] Grassy Terrain\n|-damage|p1a: Shuckle|46\/100 tox|[from] psn\n|upkeep\n|turn|15\n|\n|move|p2a: Kyurem|Focus Blast|p1a: Shuckle\n|-damage|p1a: Shuckle|19\/100 tox\n|move|p1a: Shuckle|Stealth Rock|p2a: Kyurem\n|-sidestart|p2: SMxVale|move: Stealth Rock\n|\n|-heal|p1a: Shuckle|25\/100 tox|[from] Grassy Terrain\n|-fieldend|move: Grassy Terrain\n|-damage|p1a: Shuckle|6\/100 tox|[from] psn\n|upkeep\n|turn|16\n|\n|switch|p2a: Gliscor|Gliscor, M|100\/100 tox\n|-damage|p2a: Gliscor|88\/100 tox|[from] Stealth Rock\n|move|p1a: Shuckle|Encore||[still]\n|-fail|p1a: Shuckle\n|\n|-heal|p2a: Gliscor|100\/100 tox|[from] ability: Poison Heal\n|-damage|p1a: Shuckle|0 fnt|[from] psn\n|upkeep\n|faint|p1a: Shuckle\n|\n|switch|p1a: Greninja|Greninja, M|93\/100\n|turn|17\n|\n|move|p1a: Greninja|Ice Beam|p2a: Gliscor\n|-start|p1a: Greninja|typechange|Ice|[from] Protean\n|-supereffective|p2a: Gliscor\n|-damage|p2a: Gliscor|0 fnt\n|-damage|p1a: Greninja|83\/100|[from] item: Life Orb\n|faint|p2a: Gliscor\n|\n|upkeep\n|-message|SMxVale forfeited.\n|\n|win|Horman D\n|l|\u2606SMxVale\n|raw|Horman D's rating: 1764 &rarr; <strong>1778<\/strong><br \/>(+14 for winning)\n|raw|SMxVale's rating: 1665 &rarr; <strong>1651<\/strong><br \/>(-14 for losing)\n|l|\u2606Horman D\n|l| RiftstalkerSekun\n","uploadtime":1543566993,"views":22,"p1id":"hormand","p2id":"smxvale","formatid":"gen7ou","rating":1651,"private":0,"password":null}