{"id":"gen7ou-1519260097","p1":"raysoaker","p2":"tanishq1","format":"gen7ou","log":"|j|\u2606raysoaker\n|j|\u2606tanishq1\n|t:|1645889655\n|gametype|singles\n|player|p1|raysoaker|pokemonrangerf-gen3rs|1599\n|player|p2|tanishq1|266|1766\n|teamsize|p1|6\n|teamsize|p2|6\n|gen|7\n|tier|[Gen 7] OU\n|rated|\n|rule|Sleep Clause Mod: Limit one foe put to sleep\n|rule|Species Clause: Limit one of each Pok\u00e9mon\n|rule|OHKO Clause: OHKO moves are banned\n|rule|Moody Clause: Moody is banned\n|rule|Evasion Moves Clause: Evasion moves are banned\n|rule|Endless Battle Clause: Forcing endless battles is banned\n|rule|HP Percentage Mod: HP is shown in percentages\n|clearpoke\n|poke|p1|Toxapex, M|item\n|poke|p1|Gliscor, F|item\n|poke|p1|Ferrothorn, F|item\n|poke|p1|Ditto|item\n|poke|p1|Latias, F|item\n|poke|p1|Celesteela|item\n|poke|p2|Latias, F|item\n|poke|p2|Gliscor, F|item\n|poke|p2|Toxapex, F|item\n|poke|p2|Clefable, M|item\n|poke|p2|Celesteela|item\n|poke|p2|Greninja, M|item\n|teampreview\n|c|\u2606raysoaker|hf\n|inactive|Battle timer is ON: inactive players will automatically lose when time's up. (requested by tanishq1)\n|\n|t:|1645889671\n|start\n|switch|p1a: Toxapex|Toxapex, M|100\/100\n|switch|p2a: Clefable|Clefable, M|100\/100\n|turn|1\n|\n|t:|1645889674\n|switch|p1a: Ditto|Ditto|100\/100\n|-transform|p1a: Ditto|p2a: Clefable|[from] ability: Imposter\n|move|p2a: Clefable|Stealth Rock|p1a: Ditto\n|-sidestart|p1: raysoaker|move: Stealth Rock\n|\n|upkeep\n|turn|2\n|\n|t:|1645889678\n|switch|p2a: Gliscor|Gliscor, F|100\/100\n|move|p1a: Ditto|Stealth Rock|p2a: Gliscor\n|-sidestart|p2: tanishq1|move: Stealth Rock\n|\n|-status|p2a: Gliscor|tox|[from] item: Toxic Orb\n|upkeep\n|turn|3\n|\n|t:|1645889688\n|switch|p1a: Latias|Latias, F|100\/100\n|-damage|p1a: Latias|88\/100|[from] Stealth Rock\n|move|p2a: Gliscor|Swords Dance|p2a: Gliscor\n|-boost|p2a: Gliscor|atk|2\n|\n|upkeep\n|turn|4\n|\n|t:|1645889693\n|switch|p2a: Clefable|Clefable, M|100\/100\n|detailschange|p1a: Latias|Latias-Mega, F\n|-mega|p1a: Latias|Latias|Latiasite\n|move|p1a: Latias|Ice Beam|p2a: Clefable\n|-damage|p2a: Clefable|73\/100\n|\n|-heal|p2a: Clefable|79\/100|[from] item: Leftovers\n|upkeep\n|turn|5\n|\n|t:|1645889705\n|switch|p1a: Gliscor|Gliscor, F|100\/100\n|-damage|p1a: Gliscor|88\/100|[from] Stealth Rock\n|move|p2a: Clefable|Moonblast|p1a: Gliscor\n|-damage|p1a: Gliscor|56\/100\n|-unboost|p1a: Gliscor|spa|1\n|\n|-heal|p2a: Clefable|86\/100|[from] item: Leftovers\n|-status|p1a: Gliscor|tox|[from] item: Toxic Orb\n|upkeep\n|turn|6\n|\n|t:|1645889711\n|move|p1a: Gliscor|Roost|p1a: Gliscor\n|-heal|p1a: Gliscor|100\/100 tox\n|-singleturn|p1a: Gliscor|move: Roost\n|move|p2a: Clefable|Moonblast|p1a: Gliscor\n|-damage|p1a: Gliscor|71\/100 tox\n|\n|-heal|p2a: Clefable|92\/100|[from] item: Leftovers\n|-heal|p1a: Gliscor|84\/100 tox|[from] ability: Poison Heal\n|upkeep\n|turn|7\n|\n|t:|1645889716\n|switch|p2a: Gliscor|Gliscor, F|100\/100 tox\n|-damage|p2a: Gliscor|88\/100 tox|[from] Stealth Rock\n|move|p1a: Gliscor|Knock Off|p2a: Gliscor\n|-damage|p2a: Gliscor|70\/100 tox\n|-enditem|p2a: Gliscor|Toxic Orb|[from] move: Knock Off|[of] p1a: Gliscor\n|\n|-heal|p1a: Gliscor|96\/100 tox|[from] ability: Poison Heal\n|-heal|p2a: Gliscor|82\/100 tox|[from] ability: Poison Heal\n|upkeep\n|turn|8\n|\n|t:|1645889731\n|switch|p1a: Latias|Latias-Mega, F|88\/100\n|-damage|p1a: Latias|76\/100|[from] Stealth Rock\n|move|p2a: Gliscor|Facade|p1a: Latias\n|-damage|p1a: Latias|50\/100\n|\n|-heal|p2a: Gliscor|95\/100 tox|[from] ability: Poison Heal\n|upkeep\n|turn|9\n|\n|t:|1645889738\n|switch|p2a: Toxapex|Toxapex, F|100\/100\n|-damage|p2a: Toxapex|88\/100|[from] Stealth Rock\n|move|p1a: Latias|Roost|p1a: Latias\n|-heal|p1a: Latias|99\/100\n|-singleturn|p1a: Latias|move: Roost\n|\n|-heal|p2a: Toxapex|94\/100|[from] item: Black Sludge\n|upkeep\n|turn|10\n|\n|t:|1645889750\n|switch|p1a: Gliscor|Gliscor, F|96\/100 tox\n|-damage|p1a: Gliscor|84\/100 tox|[from] Stealth Rock\n|move|p2a: Toxapex|Toxic|p1a: Gliscor\n|-fail|p1a: Gliscor|tox\n|\n|-heal|p2a: Toxapex|100\/100|[from] item: Black Sludge\n|-heal|p1a: Gliscor|96\/100 tox|[from] ability: Poison Heal\n|upkeep\n|turn|11\n|\n|t:|1645889755\n|switch|p2a: Gliscor|Gliscor, F|95\/100 tox\n|-damage|p2a: Gliscor|82\/100 tox|[from] Stealth Rock\n|move|p1a: Gliscor|Knock Off|p2a: Gliscor\n|-damage|p2a: Gliscor|70\/100 tox\n|\n|-heal|p1a: Gliscor|100\/100 tox|[from] ability: Poison Heal\n|-heal|p2a: Gliscor|82\/100 tox|[from] ability: Poison Heal\n|upkeep\n|turn|12\n|\n|t:|1645889759\n|switch|p1a: Souvlaki|Celesteela, shiny|100\/100\n|-damage|p1a: Souvlaki|88\/100|[from] Stealth Rock\n|move|p2a: Gliscor|Facade|p1a: Souvlaki\n|-resisted|p1a: Souvlaki\n|-damage|p1a: Souvlaki|77\/100\n|\n|-heal|p1a: Souvlaki|83\/100|[from] item: Leftovers\n|-heal|p2a: Gliscor|95\/100 tox|[from] ability: Poison Heal\n|upkeep\n|turn|13\n|\n|t:|1645889767\n|switch|p2a: Toxapex|Toxapex, F|100\/100\n|-damage|p2a: Toxapex|88\/100|[from] Stealth Rock\n|move|p1a: Souvlaki|Leech Seed|p2a: Toxapex\n|-start|p2a: Toxapex|move: Leech Seed\n|\n|-heal|p1a: Souvlaki|89\/100|[from] item: Leftovers\n|-heal|p2a: Toxapex|94\/100|[from] item: Black Sludge\n|-damage|p2a: Toxapex|82\/100|[from] Leech Seed|[of] p1a: Souvlaki\n|-heal|p1a: Souvlaki|98\/100|[silent]\n|upkeep\n|turn|14\n|\n|t:|1645889785\n|switch|p1a: Ferrothorn|Ferrothorn, F|100\/100\n|-damage|p1a: Ferrothorn|94\/100|[from] Stealth Rock\n|move|p2a: Toxapex|Scald|p1a: Ferrothorn\n|-resisted|p1a: Ferrothorn\n|-damage|p1a: Ferrothorn|88\/100\n|\n|-heal|p2a: Toxapex|88\/100|[from] item: Black Sludge\n|-heal|p1a: Ferrothorn|95\/100|[from] item: Leftovers\n|-damage|p2a: Toxapex|75\/100|[from] Leech Seed|[of] p1a: Ferrothorn\n|-heal|p1a: Ferrothorn|100\/100|[silent]\n|upkeep\n|turn|15\n|\n|t:|1645889788\n|move|p2a: Toxapex|Scald|p1a: Ferrothorn\n|-resisted|p1a: Ferrothorn\n|-damage|p1a: Ferrothorn|94\/100\n|-status|p1a: Ferrothorn|brn\n|move|p1a: Ferrothorn|Spikes|p2a: Toxapex\n|-sidestart|p2: tanishq1|Spikes\n|\n|-heal|p2a: Toxapex|82\/100|[from] item: Black Sludge\n|-heal|p1a: Ferrothorn|100\/100 brn|[from] item: Leftovers\n|-damage|p2a: Toxapex|69\/100|[from] Leech Seed|[of] p1a: Ferrothorn\n|-damage|p1a: Ferrothorn|94\/100 brn|[from] brn\n|upkeep\n|turn|16\n|\n|t:|1645889791\n|switch|p2a: Clefable|Clefable, M|92\/100\n|move|p1a: Ferrothorn|Spikes|p2a: Clefable\n|-sidestart|p2: tanishq1|Spikes\n|\n|-heal|p2a: Clefable|98\/100|[from] item: Leftovers\n|-heal|p1a: Ferrothorn|100\/100 brn|[from] item: Leftovers\n|-damage|p1a: Ferrothorn|94\/100 brn|[from] brn\n|upkeep\n|turn|17\n|\n|t:|1645889801\n|switch|p2a: Gliscor|Gliscor, F|95\/100 tox\n|-damage|p2a: Gliscor|82\/100 tox|[from] Stealth Rock\n|switch|p1a: Gliscor|Gliscor, F|100\/100 tox\n|-damage|p1a: Gliscor|88\/100 tox|[from] Stealth Rock\n|\n|-heal|p1a: Gliscor|100\/100 tox|[from] ability: Poison Heal\n|-heal|p2a: Gliscor|95\/100 tox|[from] ability: Poison Heal\n|upkeep\n|turn|18\n|\n|t:|1645889805\n|switch|p1a: Souvlaki|Celesteela, shiny|98\/100\n|-damage|p1a: Souvlaki|86\/100|[from] Stealth Rock\n|move|p2a: Gliscor|Facade|p1a: Souvlaki\n|-resisted|p1a: Souvlaki\n|-damage|p1a: Souvlaki|72\/100\n|\n|-heal|p1a: Souvlaki|78\/100|[from] item: Leftovers\n|-heal|p2a: Gliscor|100\/100 tox|[from] ability: Poison Heal\n|upkeep\n|turn|19\n|\n|t:|1645889820\n|move|p2a: Gliscor|Swords Dance|p2a: Gliscor\n|-boost|p2a: Gliscor|atk|2\n|move|p1a: Souvlaki|Heavy Slam|p2a: Gliscor\n|-damage|p2a: Gliscor|70\/100 tox\n|\n|-heal|p1a: Souvlaki|84\/100|[from] item: Leftovers\n|-heal|p2a: Gliscor|82\/100 tox|[from] ability: Poison Heal\n|upkeep\n|turn|20\n|\n|t:|1645889827\n|switch|p1a: Latias|Latias-Mega, F|99\/100\n|-damage|p1a: Latias|88\/100|[from] Stealth Rock\n|move|p2a: Gliscor|Facade|p1a: Latias\n|-damage|p1a: Latias|42\/100\n|\n|-heal|p2a: Gliscor|95\/100 tox|[from] ability: Poison Heal\n|upkeep\n|turn|21\n|inactive|tanishq1 has 120 seconds left.\n|\n|t:|1645889872\n|switch|p2a: Greninja|Greninja, M|100\/100\n|-damage|p2a: Greninja|88\/100|[from] Stealth Rock\n|-damage|p2a: Greninja|72\/100|[from] Spikes\n|move|p1a: Latias|Roost|p1a: Latias\n|-heal|p1a: Latias|92\/100\n|-singleturn|p1a: Latias|move: Roost\n|\n|upkeep\n|turn|22\n|\n|t:|1645889875\n|switch|p1a: Toxapex|Toxapex, M|100\/100\n|-damage|p1a: Toxapex|88\/100|[from] Stealth Rock\n|move|p2a: Greninja|Spikes|p1a: Toxapex\n|-sidestart|p1: raysoaker|Spikes\n|\n|-heal|p1a: Toxapex|94\/100|[from] item: Black Sludge\n|upkeep\n|turn|23\n|inactive|tanishq1 has 120 seconds left.\n|\n|t:|1645889880\n|move|p2a: Greninja|Spikes|p1a: Toxapex\n|-sidestart|p1: raysoaker|Spikes\n|move|p1a: Toxapex|Scald|p2a: Greninja\n|-resisted|p2a: Greninja\n|-damage|p2a: Greninja|59\/100\n|-status|p2a: Greninja|brn\n|\n|-heal|p1a: Toxapex|100\/100|[from] item: Black Sludge\n|-damage|p2a: Greninja|53\/100 brn|[from] brn\n|upkeep\n|turn|24\n|\n|t:|1645889886\n|move|p2a: Greninja|Spikes|p1a: Toxapex\n|-sidestart|p1: raysoaker|Spikes\n|move|p1a: Toxapex|Scald|p2a: Greninja\n|-resisted|p2a: Greninja\n|-damage|p2a: Greninja|41\/100 brn\n|\n|-damage|p2a: Greninja|35\/100 brn|[from] brn\n|upkeep\n|turn|25\n|\n|t:|1645889890\n|move|p2a: Greninja|Dark Pulse|p1a: Toxapex\n|-damage|p1a: Toxapex|77\/100\n|move|p1a: Toxapex|Scald|p2a: Greninja\n|-resisted|p2a: Greninja\n|-damage|p2a: Greninja|21\/100 brn\n|\n|-heal|p1a: Toxapex|84\/100|[from] item: Black Sludge\n|-damage|p2a: Greninja|15\/100 brn|[from] brn\n|upkeep\n|turn|26\n|\n|t:|1645889895\n|move|p2a: Greninja|Dark Pulse|p1a: Toxapex\n|-damage|p1a: Toxapex|59\/100\n|move|p1a: Toxapex|Scald|p2a: Greninja\n|-resisted|p2a: Greninja\n|-damage|p2a: Greninja|2\/100 brn\n|\n|-heal|p1a: Toxapex|65\/100|[from] item: Black Sludge\n|-damage|p2a: Greninja|0 fnt|[from] brn\n|faint|p2a: Greninja\n|upkeep\n|\n|t:|1645889903\n|switch|p2a: Gliscor|Gliscor, F|95\/100 tox\n|-damage|p2a: Gliscor|82\/100 tox|[from] Stealth Rock\n|turn|27\n|\n|t:|1645889908\n|switch|p1a: Latias|Latias-Mega, F|92\/100\n|-damage|p1a: Latias|80\/100|[from] Stealth Rock\n|move|p2a: Gliscor|Facade|p1a: Latias\n|-damage|p1a: Latias|54\/100\n|\n|-heal|p2a: Gliscor|95\/100 tox|[from] ability: Poison Heal\n|upkeep\n|turn|28\n|\n|t:|1645889914\n|switch|p2a: Clefable|Clefable, M|98\/100\n|move|p1a: Latias|Roost|p1a: Latias\n|-heal|p1a: Latias|100\/100\n|-singleturn|p1a: Latias|move: Roost\n|\n|-heal|p2a: Clefable|100\/100|[from] item: Leftovers\n|upkeep\n|turn|29\n|\n|t:|1645889921\n|switch|p1a: Toxapex|Toxapex, M|99\/100\n|-damage|p1a: Toxapex|74\/100|[from] Spikes\n|-damage|p1a: Toxapex|61\/100|[from] Stealth Rock\n|move|p2a: Clefable|Moonblast|p1a: Toxapex\n|-resisted|p1a: Toxapex\n|-damage|p1a: Toxapex|51\/100\n|\n|-heal|p1a: Toxapex|57\/100|[from] item: Black Sludge\n|upkeep\n|turn|30\n|\n|t:|1645889928\n|switch|p2a: Gliscor|Gliscor, F|95\/100 tox\n|-damage|p2a: Gliscor|82\/100 tox|[from] Stealth Rock\n|move|p1a: Toxapex|Recover|p1a: Toxapex\n|-heal|p1a: Toxapex|100\/100\n|\n|-heal|p2a: Gliscor|95\/100 tox|[from] ability: Poison Heal\n|upkeep\n|turn|31\n|\n|t:|1645889945\n|move|p2a: Gliscor|Swords Dance|p2a: Gliscor\n|-boost|p2a: Gliscor|atk|2\n|move|p1a: Toxapex|Scald|p2a: Gliscor\n|-supereffective|p2a: Gliscor\n|-damage|p2a: Gliscor|65\/100 tox\n|\n|-heal|p2a: Gliscor|78\/100 tox|[from] ability: Poison Heal\n|upkeep\n|turn|32\n|\n|t:|1645889953\n|switch|p1a: Latias|Latias-Mega, F|100\/100\n|-damage|p1a: Latias|88\/100|[from] Stealth Rock\n|move|p2a: Gliscor|Facade|p1a: Latias\n|-damage|p1a: Latias|37\/100\n|\n|-heal|p2a: Gliscor|90\/100 tox|[from] ability: Poison Heal\n|upkeep\n|turn|33\n|\n|t:|1645889957\n|move|p1a: Latias|Roost|p1a: Latias\n|-heal|p1a: Latias|87\/100\n|-singleturn|p1a: Latias|move: Roost\n|move|p2a: Gliscor|Facade|p1a: Latias\n|-damage|p1a: Latias|37\/100\n|\n|-heal|p2a: Gliscor|100\/100 tox|[from] ability: Poison Heal\n|upkeep\n|turn|34\n|\n|t:|1645889962\n|switch|p2a: Clefable|Clefable, M|100\/100\n|move|p1a: Latias|Roost|p1a: Latias\n|-heal|p1a: Latias|87\/100\n|-singleturn|p1a: Latias|move: Roost\n|\n|upkeep\n|turn|35\n|\n|t:|1645889975\n|switch|p1a: Toxapex|Toxapex, M|100\/100\n|-damage|p1a: Toxapex|88\/100|[from] Stealth Rock\n|-damage|p1a: Toxapex|63\/100|[from] Spikes\n|switch|p2a: Latias|Latias, F|100\/100\n|-damage|p2a: Latias|88\/100|[from] Stealth Rock\n|\n|-heal|p1a: Toxapex|69\/100|[from] item: Black Sludge\n|upkeep\n|turn|36\n|\n|t:|1645889981\n|switch|p2a: Gliscor|Gliscor, F|100\/100 tox\n|-damage|p2a: Gliscor|88\/100 tox|[from] Stealth Rock\n|switch|p1a: Souvlaki|Celesteela, shiny|84\/100\n|-damage|p1a: Souvlaki|72\/100|[from] Stealth Rock\n|\n|-heal|p1a: Souvlaki|78\/100|[from] item: Leftovers\n|-heal|p2a: Gliscor|100\/100 tox|[from] ability: Poison Heal\n|upkeep\n|turn|37\n|\n|t:|1645889985\n|move|p2a: Gliscor|Swords Dance|p2a: Gliscor\n|-boost|p2a: Gliscor|atk|2\n|move|p1a: Souvlaki|Leech Seed|p2a: Gliscor\n|-start|p2a: Gliscor|move: Leech Seed\n|\n|-heal|p1a: Souvlaki|84\/100|[from] item: Leftovers\n|-damage|p2a: Gliscor|88\/100 tox|[from] Leech Seed|[of] p1a: Souvlaki\n|-heal|p1a: Souvlaki|95\/100|[silent]\n|-heal|p2a: Gliscor|100\/100 tox|[from] ability: Poison Heal\n|upkeep\n|turn|38\n|\n|t:|1645889992\n|switch|p1a: Latias|Latias-Mega, F|87\/100\n|-damage|p1a: Latias|75\/100|[from] Stealth Rock\n|move|p2a: Gliscor|Facade|p1a: Latias\n|-damage|p1a: Latias|21\/100\n|\n|-damage|p2a: Gliscor|88\/100 tox|[from] Leech Seed|[of] p1a: Latias\n|-heal|p1a: Latias|34\/100|[silent]\n|-heal|p2a: Gliscor|100\/100 tox|[from] ability: Poison Heal\n|upkeep\n|turn|39\n|\n|t:|1645889996\n|move|p1a: Latias|Roost|p1a: Latias\n|-heal|p1a: Latias|84\/100\n|-singleturn|p1a: Latias|move: Roost\n|move|p2a: Gliscor|Facade|p1a: Latias\n|-damage|p1a: Latias|33\/100\n|\n|-damage|p2a: Gliscor|88\/100 tox|[from] Leech Seed|[of] p1a: Latias\n|-heal|p1a: Latias|45\/100|[silent]\n|-heal|p2a: Gliscor|100\/100 tox|[from] ability: Poison Heal\n|upkeep\n|turn|40\n|\n|t:|1645890000\n|switch|p2a: Clefable|Clefable, M|100\/100\n|move|p1a: Latias|Roost|p1a: Latias\n|-heal|p1a: Latias|95\/100\n|-singleturn|p1a: Latias|move: Roost\n|\n|upkeep\n|turn|41\n|\n|t:|1645890003\n|switch|p1a: Toxapex|Toxapex, M|100\/100\n|-damage|p1a: Toxapex|75\/100|[from] Spikes\n|-damage|p1a: Toxapex|63\/100|[from] Stealth Rock\n|switch|p2a: Latias|Latias, F|88\/100\n|-damage|p2a: Latias|76\/100|[from] Stealth Rock\n|\n|-heal|p1a: Toxapex|69\/100|[from] item: Black Sludge\n|upkeep\n|turn|42\n|\n|t:|1645890008\n|switch|p1a: Souvlaki|Celesteela, shiny|95\/100\n|-damage|p1a: Souvlaki|83\/100|[from] Stealth Rock\n|detailschange|p2a: Latias|Latias-Mega, F\n|-mega|p2a: Latias|Latias|Latiasite\n|move|p2a: Latias|Calm Mind|p2a: Latias\n|-boost|p2a: Latias|spa|1\n|-boost|p2a: Latias|spd|1\n|\n|-heal|p1a: Souvlaki|89\/100|[from] item: Leftovers\n|upkeep\n|turn|43\n|\n|t:|1645890012\n|move|p2a: Latias|Thunderbolt|p1a: Souvlaki\n|-supereffective|p1a: Souvlaki\n|-damage|p1a: Souvlaki|40\/100\n|move|p1a: Souvlaki|Heavy Slam|p2a: Latias\n|-damage|p2a: Latias|45\/100\n|\n|-heal|p1a: Souvlaki|46\/100|[from] item: Leftovers\n|upkeep\n|turn|44\n|\n|t:|1645890022\n|move|p1a: Souvlaki|Protect|p1a: Souvlaki\n|-singleturn|p1a: Souvlaki|Protect\n|move|p2a: Latias|Roost|p2a: Latias\n|-heal|p2a: Latias|95\/100\n|-singleturn|p2a: Latias|move: Roost\n|\n|-heal|p1a: Souvlaki|52\/100|[from] item: Leftovers\n|upkeep\n|turn|45\n|\n|t:|1645890025\n|switch|p1a: Ditto|Ditto|100\/100\n|-damage|p1a: Ditto|75\/100|[from] Spikes\n|-damage|p1a: Ditto|63\/100|[from] Stealth Rock\n|-transform|p1a: Ditto|p2a: Latias|[from] ability: Imposter\n|move|p2a: Latias|Thunderbolt|p1a: Ditto\n|-resisted|p1a: Ditto\n|-damage|p1a: Ditto|51\/100\n|\n|upkeep\n|turn|46\n|\n|t:|1645890034\n|move|p1a: Ditto|Ice Beam|p2a: Latias\n|-supereffective|p2a: Latias\n|-damage|p2a: Latias|56\/100\n|move|p2a: Latias|Ice Beam|p1a: Ditto\n|-supereffective|p1a: Ditto\n|-damage|p1a: Ditto|8\/100\n|\n|upkeep\n|turn|47\n|\n|t:|1645890043\n|move|p1a: Ditto|Ice Beam|p2a: Latias\n|-supereffective|p2a: Latias\n|-damage|p2a: Latias|18\/100\n|-status|p2a: Latias|frz\n|-curestatus|p2a: Latias|frz|[msg]\n|move|p2a: Latias|Roost|p2a: Latias\n|-heal|p2a: Latias|68\/100\n|-singleturn|p2a: Latias|move: Roost\n|\n|upkeep\n|turn|48\n|\n|t:|1645890049\n|switch|p2a: Clefable|Clefable, M|100\/100\n|move|p1a: Ditto|Ice Beam|p2a: Clefable\n|-damage|p2a: Clefable|64\/100\n|\n|-heal|p2a: Clefable|70\/100|[from] item: Leftovers\n|upkeep\n|turn|49\n|\n|t:|1645890053\n|move|p1a: Ditto|Ice Beam|p2a: Clefable\n|-damage|p2a: Clefable|27\/100\n|move|p2a: Clefable|Flamethrower|p1a: Ditto\n|-resisted|p1a: Ditto\n|-damage|p1a: Ditto|3\/100\n|\n|-heal|p2a: Clefable|33\/100|[from] item: Leftovers\n|upkeep\n|turn|50\n|\n|t:|1645890058\n|switch|p2a: Toxapex|Toxapex, F|100\/100\n|-damage|p2a: Toxapex|84\/100|[from] Spikes\n|-damage|p2a: Toxapex|72\/100|[from] Stealth Rock\n|move|p1a: Ditto|Ice Beam|p2a: Toxapex\n|-resisted|p2a: Toxapex\n|-damage|p2a: Toxapex|59\/100\n|-status|p2a: Toxapex|frz\n|\n|-heal|p2a: Toxapex|65\/100 frz|[from] item: Black Sludge\n|upkeep\n|turn|51\n|\n|t:|1645890070\n|switch|p1a: Ferrothorn|Ferrothorn, F|94\/100 brn\n|-damage|p1a: Ferrothorn|88\/100 brn|[from] Stealth Rock\n|-damage|p1a: Ferrothorn|63\/100 brn|[from] Spikes\n|-curestatus|p2a: Toxapex|frz|[from] move: Scald\n|move|p2a: Toxapex|Scald|p1a: Ferrothorn\n|-resisted|p1a: Ferrothorn\n|-damage|p1a: Ferrothorn|56\/100 brn\n|\n|-heal|p2a: Toxapex|71\/100|[from] item: Black Sludge\n|-heal|p1a: Ferrothorn|63\/100 brn|[from] item: Leftovers\n|-damage|p1a: Ferrothorn|56\/100 brn|[from] brn\n|upkeep\n|turn|52\n|\n|t:|1645890074\n|switch|p2a: Clefable|Clefable, M|33\/100\n|move|p1a: Ferrothorn|Leech Seed|p2a: Clefable\n|-start|p2a: Clefable|move: Leech Seed\n|\n|-heal|p2a: Clefable|40\/100|[from] item: Leftovers\n|-heal|p1a: Ferrothorn|63\/100 brn|[from] item: Leftovers\n|-damage|p1a: Ferrothorn|56\/100 brn|[from] brn\n|upkeep\n|turn|53\n|\n|t:|1645890081\n|switch|p1a: Gliscor|Gliscor, F|100\/100 tox\n|-damage|p1a: Gliscor|88\/100 tox|[from] Stealth Rock\n|move|p2a: Clefable|Soft-Boiled|p2a: Clefable\n|-heal|p2a: Clefable|90\/100\n|\n|-heal|p2a: Clefable|96\/100|[from] item: Leftovers\n|-heal|p1a: Gliscor|100\/100 tox|[from] ability: Poison Heal\n|upkeep\n|turn|54\n|\n|t:|1645890086\n|switch|p1a: Latias|Latias-Mega, F|95\/100\n|-damage|p1a: Latias|83\/100|[from] Stealth Rock\n|switch|p2a: Gliscor|Gliscor, F|100\/100 tox\n|-damage|p2a: Gliscor|88\/100 tox|[from] Stealth Rock\n|\n|-heal|p2a: Gliscor|100\/100 tox|[from] ability: Poison Heal\n|upkeep\n|turn|55\n|\n|t:|1645890094\n|switch|p2a: Toxapex|Toxapex, F|100\/100\n|-damage|p2a: Toxapex|84\/100|[from] Spikes\n|-damage|p2a: Toxapex|72\/100|[from] Stealth Rock\n|move|p1a: Latias|Psychic|p2a: Toxapex\n|-supereffective|p2a: Toxapex\n|-damage|p2a: Toxapex|16\/100\n|\n|-heal|p2a: Toxapex|23\/100|[from] item: Black Sludge\n|upkeep\n|turn|56\n|\n|t:|1645890101\n|switch|p1a: Souvlaki|Celesteela, shiny|52\/100\n|-damage|p1a: Souvlaki|40\/100|[from] Stealth Rock\n|switch|p2a: Clefable|Clefable, M|96\/100\n|\n|-heal|p2a: Clefable|100\/100|[from] item: Leftovers\n|-heal|p1a: Souvlaki|46\/100|[from] item: Leftovers\n|upkeep\n|turn|57\n|\n|t:|1645890106\n|move|p2a: Clefable|Flamethrower|p1a: Souvlaki\n|-supereffective|p1a: Souvlaki\n|-damage|p1a: Souvlaki|21\/100\n|move|p1a: Souvlaki|Heavy Slam|p2a: Clefable\n|-supereffective|p2a: Clefable\n|-damage|p2a: Clefable|38\/100\n|\n|-heal|p2a: Clefable|44\/100|[from] item: Leftovers\n|-heal|p1a: Souvlaki|27\/100|[from] item: Leftovers\n|upkeep\n|turn|58\n|\n|t:|1645890118\n|switch|p2a: Celesteela|Celesteela|100\/100\n|-damage|p2a: Celesteela|88\/100|[from] Stealth Rock\n|move|p1a: Souvlaki|Leech Seed|p2a: Celesteela\n|-start|p2a: Celesteela|move: Leech Seed\n|\n|-heal|p2a: Celesteela|94\/100|[from] item: Leftovers\n|-heal|p1a: Souvlaki|33\/100|[from] item: Leftovers\n|-damage|p2a: Celesteela|82\/100|[from] Leech Seed|[of] p1a: Souvlaki\n|-heal|p1a: Souvlaki|46\/100|[silent]\n|upkeep\n|turn|59\n|\n|t:|1645890122\n|move|p1a: Souvlaki|Protect|p1a: Souvlaki\n|-singleturn|p1a: Souvlaki|Protect\n|move|p2a: Celesteela|Flamethrower|p1a: Souvlaki\n|-activate|p1a: Souvlaki|move: Protect\n|\n|-heal|p2a: Celesteela|88\/100|[from] item: Leftovers\n|-heal|p1a: Souvlaki|52\/100|[from] item: Leftovers\n|-damage|p2a: Celesteela|76\/100|[from] Leech Seed|[of] p1a: Souvlaki\n|-heal|p1a: Souvlaki|64\/100|[silent]\n|upkeep\n|turn|60\n|\n|t:|1645890128\n|move|p2a: Celesteela|Leech Seed|p1a: Souvlaki\n|-start|p1a: Souvlaki|move: Leech Seed\n|move|p1a: Souvlaki|Flamethrower|p2a: Celesteela\n|-supereffective|p2a: Celesteela\n|-crit|p2a: Celesteela\n|-damage|p2a: Celesteela|28\/100\n|\n|-heal|p2a: Celesteela|34\/100|[from] item: Leftovers\n|-heal|p1a: Souvlaki|70\/100|[from] item: Leftovers\n|-damage|p2a: Celesteela|22\/100|[from] Leech Seed|[of] p1a: Souvlaki\n|-heal|p1a: Souvlaki|82\/100|[silent]\n|-damage|p1a: Souvlaki|70\/100|[from] Leech Seed|[of] p2a: Celesteela\n|-heal|p2a: Celesteela|34\/100|[silent]\n|upkeep\n|turn|61\n|\n|t:|1645890138\n|switch|p1a: Latias|Latias-Mega, F|83\/100\n|-damage|p1a: Latias|70\/100|[from] Stealth Rock\n|move|p2a: Celesteela|Flamethrower|p1a: Latias\n|-resisted|p1a: Latias\n|-damage|p1a: Latias|63\/100\n|\n|-heal|p2a: Celesteela|40\/100|[from] item: Leftovers\n|-damage|p2a: Celesteela|28\/100|[from] Leech Seed|[of] p1a: Latias\n|-heal|p1a: Latias|77\/100|[silent]\n|upkeep\n|turn|62\n|\n|t:|1645890144\n|move|p1a: Latias|Ice Beam|p2a: Celesteela\n|-damage|p2a: Celesteela|7\/100\n|move|p2a: Celesteela|Leech Seed|p1a: Latias\n|-start|p1a: Latias|move: Leech Seed\n|\n|-heal|p2a: Celesteela|13\/100|[from] item: Leftovers\n|-damage|p1a: Latias|64\/100|[from] Leech Seed|[of] p2a: Celesteela\n|-heal|p2a: Celesteela|24\/100|[silent]\n|-damage|p2a: Celesteela|12\/100|[from] Leech Seed|[of] p1a: Latias\n|-heal|p1a: Latias|78\/100|[silent]\n|upkeep\n|turn|63\n|\n|t:|1645890161\n|switch|p1a: Souvlaki|Celesteela, shiny|70\/100\n|-damage|p1a: Souvlaki|58\/100|[from] Stealth Rock\n|move|p2a: Celesteela|Protect||[still]\n|-fail|p2a: Celesteela\n|\n|-heal|p2a: Celesteela|18\/100|[from] item: Leftovers\n|-heal|p1a: Souvlaki|64\/100|[from] item: Leftovers\n|-damage|p2a: Celesteela|6\/100|[from] Leech Seed|[of] p1a: Souvlaki\n|-heal|p1a: Souvlaki|76\/100|[silent]\n|upkeep\n|turn|64\n|\n|t:|1645890169\n|move|p2a: Celesteela|Flamethrower|p1a: Souvlaki\n|-supereffective|p1a: Souvlaki\n|-damage|p1a: Souvlaki|49\/100\n|move|p1a: Souvlaki|Flamethrower|p2a: Celesteela\n|-supereffective|p2a: Celesteela\n|-damage|p2a: Celesteela|0 fnt\n|faint|p2a: Celesteela\n|-ability|p1a: Souvlaki|Beast Boost|boost\n|-boost|p1a: Souvlaki|spd|1\n|\n|-heal|p1a: Souvlaki|55\/100|[from] item: Leftovers\n|upkeep\n|\n|t:|1645890173\n|switch|p2a: Toxapex|Toxapex, F|56\/100\n|-damage|p2a: Toxapex|43\/100|[from] Stealth Rock\n|-damage|p2a: Toxapex|27\/100|[from] Spikes\n|turn|65\n|\n|t:|1645890188\n|switch|p1a: Ferrothorn|Ferrothorn, F|56\/100 brn\n|-damage|p1a: Ferrothorn|31\/100 brn|[from] Spikes\n|-damage|p1a: Ferrothorn|25\/100 brn|[from] Stealth Rock\n|move|p2a: Toxapex|Recover|p2a: Toxapex\n|-heal|p2a: Toxapex|77\/100\n|\n|-heal|p2a: Toxapex|83\/100|[from] item: Black Sludge\n|-heal|p1a: Ferrothorn|31\/100 brn|[from] item: Leftovers\n|-damage|p1a: Ferrothorn|25\/100 brn|[from] brn\n|upkeep\n|turn|66\n|\n|t:|1645890200\n|switch|p2a: Clefable|Clefable, M|44\/100\n|switch|p1a: Souvlaki|Celesteela, shiny|55\/100\n|-damage|p1a: Souvlaki|43\/100|[from] Stealth Rock\n|\n|-heal|p2a: Clefable|50\/100|[from] item: Leftovers\n|-heal|p1a: Souvlaki|49\/100|[from] item: Leftovers\n|upkeep\n|turn|67\n|j| Poke Blade XX\n|\n|t:|1645890208\n|switch|p2a: Toxapex|Toxapex, F|100\/100\n|-damage|p2a: Toxapex|84\/100|[from] Spikes\n|-damage|p2a: Toxapex|72\/100|[from] Stealth Rock\n|move|p1a: Souvlaki|Leech Seed|p2a: Toxapex\n|-start|p2a: Toxapex|move: Leech Seed\n|\n|-heal|p1a: Souvlaki|55\/100|[from] item: Leftovers\n|-heal|p2a: Toxapex|78\/100|[from] item: Black Sludge\n|-damage|p2a: Toxapex|65\/100|[from] Leech Seed|[of] p1a: Souvlaki\n|-heal|p1a: Souvlaki|64\/100|[silent]\n|upkeep\n|turn|68\n|\n|t:|1645890214\n|move|p1a: Souvlaki|Protect|p1a: Souvlaki\n|-singleturn|p1a: Souvlaki|Protect\n|move|p2a: Toxapex|Recover|p2a: Toxapex\n|-heal|p2a: Toxapex|100\/100\n|\n|-heal|p1a: Souvlaki|70\/100|[from] item: Leftovers\n|-damage|p2a: Toxapex|88\/100|[from] Leech Seed|[of] p1a: Souvlaki\n|-heal|p1a: Souvlaki|80\/100|[silent]\n|upkeep\n|turn|69\n|inactive|raysoaker has 120 seconds left.\n|\n|t:|1645890247\n|switch|p1a: Ditto|Ditto|3\/100\n|-damage|p1a: Ditto|0 fnt|[from] Spikes\n|faint|p1a: Ditto\n|switch|p2a: Clefable|Clefable, M|50\/100\n|\n|-heal|p2a: Clefable|56\/100|[from] item: Leftovers\n|upkeep\n|inactive|raysoaker has 120 seconds left.\n|\n|t:|1645890255\n|switch|p1a: Souvlaki|Celesteela, shiny|80\/100\n|-damage|p1a: Souvlaki|68\/100|[from] Stealth Rock\n|turn|70\n|\n|t:|1645890264\n|switch|p2a: Gliscor|Gliscor, F|100\/100 tox\n|-damage|p2a: Gliscor|88\/100 tox|[from] Stealth Rock\n|move|p1a: Souvlaki|Heavy Slam|p2a: Gliscor\n|-damage|p2a: Gliscor|58\/100 tox\n|\n|-heal|p1a: Souvlaki|74\/100|[from] item: Leftovers\n|-heal|p2a: Gliscor|70\/100 tox|[from] ability: Poison Heal\n|upkeep\n|turn|71\n|\n|t:|1645890271\n|switch|p1a: Latias|Latias-Mega, F|78\/100\n|-damage|p1a: Latias|66\/100|[from] Stealth Rock\n|move|p2a: Gliscor|Swords Dance|p2a: Gliscor\n|-boost|p2a: Gliscor|atk|2\n|\n|-heal|p2a: Gliscor|83\/100 tox|[from] ability: Poison Heal\n|upkeep\n|turn|72\n|\n|t:|1645890277\n|switch|p2a: Clefable|Clefable, M|56\/100\n|move|p1a: Latias|Ice Beam|p2a: Clefable\n|-damage|p2a: Clefable|31\/100\n|\n|-heal|p2a: Clefable|37\/100|[from] item: Leftovers\n|upkeep\n|turn|73\n|\n|t:|1645890281\n|move|p1a: Latias|Psychic|p2a: Clefable\n|-damage|p2a: Clefable|0 fnt\n|faint|p2a: Clefable\n|\n|upkeep\n|\n|t:|1645890288\n|switch|p2a: Toxapex|Toxapex, F|100\/100\n|-damage|p2a: Toxapex|84\/100|[from] Spikes\n|-damage|p2a: Toxapex|72\/100|[from] Stealth Rock\n|turn|74\n|\n|t:|1645890315\n|switch|p1a: Toxapex|Toxapex, M|100\/100\n|-damage|p1a: Toxapex|88\/100|[from] Stealth Rock\n|-damage|p1a: Toxapex|63\/100|[from] Spikes\n|move|p2a: Toxapex|Recover|p2a: Toxapex\n|-heal|p2a: Toxapex|100\/100\n|\n|-heal|p1a: Toxapex|69\/100|[from] item: Black Sludge\n|upkeep\n|turn|75\n|\n|t:|1645890319\n|move|p1a: Toxapex|Scald|p2a: Toxapex\n|-resisted|p2a: Toxapex\n|-damage|p2a: Toxapex|96\/100\n|-status|p2a: Toxapex|brn\n|move|p2a: Toxapex|Toxic|p1a: Toxapex\n|-immune|p1a: Toxapex\n|\n|-heal|p1a: Toxapex|75\/100|[from] item: Black Sludge\n|-heal|p2a: Toxapex|100\/100 brn|[from] item: Black Sludge\n|-damage|p2a: Toxapex|94\/100 brn|[from] brn\n|upkeep\n|turn|76\n|\n|t:|1645890325\n|switch|p1a: Ferrothorn|Ferrothorn, F|25\/100 brn\n|-damage|p1a: Ferrothorn|19\/100 brn|[from] Stealth Rock\n|-damage|p1a: Ferrothorn|0 fnt|[from] Spikes\n|faint|p1a: Ferrothorn\n|move|p2a: Toxapex|Scald|p1: Ferrothorn|[notarget]\n|-fail|p2a: Toxapex\n|\n|-heal|p2a: Toxapex|100\/100 brn|[from] item: Black Sludge\n|-damage|p2a: Toxapex|94\/100 brn|[from] brn\n|upkeep\n|\n|t:|1645890343\n|switch|p1a: Gliscor|Gliscor, F|100\/100 tox\n|-damage|p1a: Gliscor|88\/100 tox|[from] Stealth Rock\n|turn|77\n|\n|t:|1645890351\n|switch|p2a: Latias|Latias-Mega, F|68\/100\n|-damage|p2a: Latias|56\/100|[from] Stealth Rock\n|move|p1a: Gliscor|Knock Off|p2a: Latias\n|-supereffective|p2a: Latias\n|-damage|p2a: Latias|31\/100\n|\n|-heal|p1a: Gliscor|100\/100 tox|[from] ability: Poison Heal\n|upkeep\n|turn|78\n|inactive|raysoaker has 120 seconds left.\n|\n|t:|1645890385\n|switch|p1a: Latias|Latias-Mega, F|66\/100\n|-damage|p1a: Latias|53\/100|[from] Stealth Rock\n|move|p2a: Latias|Roost|p2a: Latias\n|-heal|p2a: Latias|81\/100\n|-singleturn|p2a: Latias|move: Roost\n|\n|upkeep\n|turn|79\n|inactive|raysoaker has 120 seconds left.\n|\n|t:|1645890393\n|move|p2a: Latias|Roost|p2a: Latias\n|-heal|p2a: Latias|100\/100\n|-singleturn|p2a: Latias|move: Roost\n|move|p1a: Latias|Roost|p1a: Latias\n|-heal|p1a: Latias|100\/100\n|-singleturn|p1a: Latias|move: Roost\n|\n|upkeep\n|turn|80\n|\n|t:|1645890396\n|move|p1a: Latias|Ice Beam|p2a: Latias\n|-supereffective|p2a: Latias\n|-damage|p2a: Latias|66\/100\n|move|p2a: Latias|Calm Mind|p2a: Latias\n|-boost|p2a: Latias|spa|1\n|-boost|p2a: Latias|spd|1\n|\n|upkeep\n|turn|81\n|\n|t:|1645890400\n|move|p1a: Latias|Ice Beam|p2a: Latias\n|-supereffective|p2a: Latias\n|-damage|p2a: Latias|44\/100\n|move|p2a: Latias|Roost|p2a: Latias\n|-heal|p2a: Latias|94\/100\n|-singleturn|p2a: Latias|move: Roost\n|\n|upkeep\n|turn|82\n|\n|t:|1645890405\n|move|p1a: Latias|Ice Beam|p2a: Latias\n|-supereffective|p2a: Latias\n|-damage|p2a: Latias|70\/100\n|move|p2a: Latias|Calm Mind|p2a: Latias\n|-boost|p2a: Latias|spa|1\n|-boost|p2a: Latias|spd|1\n|\n|upkeep\n|turn|83\n|\n|t:|1645890408\n|move|p2a: Latias|Roost|p2a: Latias\n|-heal|p2a: Latias|100\/100\n|-singleturn|p2a: Latias|move: Roost\n|move|p1a: Latias|Ice Beam|p2a: Latias\n|-supereffective|p2a: Latias\n|-damage|p2a: Latias|81\/100\n|-status|p2a: Latias|frz\n|\n|upkeep\n|turn|84\n|\n|t:|1645890411\n|move|p1a: Latias|Ice Beam|p2a: Latias\n|-supereffective|p2a: Latias\n|-damage|p2a: Latias|63\/100 frz\n|cant|p2a: Latias|frz\n|\n|upkeep\n|turn|85\n|\n|t:|1645890417\n|switch|p1a: Souvlaki|Celesteela, shiny|74\/100\n|-damage|p1a: Souvlaki|61\/100|[from] Stealth Rock\n|cant|p2a: Latias|frz\n|\n|-heal|p1a: Souvlaki|67\/100|[from] item: Leftovers\n|upkeep\n|turn|86\n|\n|t:|1645890419\n|cant|p2a: Latias|frz\n|move|p1a: Souvlaki|Heavy Slam|p2a: Latias\n|-damage|p2a: Latias|27\/100 frz\n|\n|-heal|p1a: Souvlaki|73\/100|[from] item: Leftovers\n|upkeep\n|turn|87\n|\n|t:|1645890423\n|cant|p2a: Latias|frz\n|move|p1a: Souvlaki|Heavy Slam|p2a: Latias\n|-damage|p2a: Latias|0 fnt\n|faint|p2a: Latias\n|-ability|p1a: Souvlaki|Beast Boost|boost\n|-boost|p1a: Souvlaki|spd|1\n|\n|-heal|p1a: Souvlaki|79\/100|[from] item: Leftovers\n|upkeep\n|\n|t:|1645890425\n|switch|p2a: Gliscor|Gliscor, F|83\/100 tox\n|-damage|p2a: Gliscor|70\/100 tox|[from] Stealth Rock\n|turn|88\n|c|\u2606raysoaker|oh shit\n|c|\u2606raysoaker|sry for hax but i had to do it lmao\n|\n|t:|1645890450\n|switch|p1a: Latias|Latias-Mega, F|100\/100\n|-damage|p1a: Latias|88\/100|[from] Stealth Rock\n|move|p2a: Gliscor|Roost|p2a: Gliscor\n|-heal|p2a: Gliscor|100\/100 tox\n|-singleturn|p2a: Gliscor|move: Roost\n|\n|upkeep\n|turn|89\n|\n|t:|1645890459\n|switch|p2a: Toxapex|Toxapex, F|100\/100 brn\n|-damage|p2a: Toxapex|84\/100 brn|[from] Spikes\n|-damage|p2a: Toxapex|72\/100 brn|[from] Stealth Rock\n|move|p1a: Latias|Psychic|p2a: Toxapex\n|-supereffective|p2a: Toxapex\n|-damage|p2a: Toxapex|22\/100 brn\n|\n|-heal|p2a: Toxapex|28\/100 brn|[from] item: Black Sludge\n|-damage|p2a: Toxapex|22\/100 brn|[from] brn\n|upkeep\n|turn|90\n|\n|t:|1645890463\n|move|p1a: Latias|Psychic|p2a: Toxapex\n|-supereffective|p2a: Toxapex\n|-damage|p2a: Toxapex|0 fnt\n|faint|p2a: Toxapex\n|\n|upkeep\n|-message|tanishq1 forfeited.\n|\n|win|raysoaker\n|raw|raysoaker's rating: 1599 &rarr; <strong>1628<\/strong><br \/>(+29 for winning)\n|raw|tanishq1's rating: 1766 &rarr; <strong>1737<\/strong><br \/>(-29 for losing)\n|l|\u2606tanishq1\n","uploadtime":1645890487,"views":19,"p1id":"raysoaker","p2id":"tanishq1","formatid":"gen7ou","rating":1628,"private":0,"password":null}