{"id":"gen7ou-786135511","p1":"H4WT \u2605","p2":"ylcj","format":"gen7ou","log":"|j|\u2606H4WT \u2605\n|j|\u2606ylcj\n|player|p1|H4WT \u2605|165\n|player|p2|ylcj|293\n|teamsize|p1|6\n|teamsize|p2|6\n|gametype|singles\n|gen|7\n|tier|[Gen 7] OU\n|rated|\n|rule|Sleep Clause Mod: Limit one foe put to sleep\n|rule|Species Clause: Limit one of each Pok\u00e9mon\n|rule|OHKO Clause: OHKO moves are banned\n|rule|Moody Clause: Moody is banned\n|rule|Evasion Moves Clause: Evasion moves are banned\n|rule|Endless Battle Clause: Forcing endless battles is banned\n|rule|HP Percentage Mod: HP is shown in percentages\n|clearpoke\n|poke|p1|Zapdos|item\n|poke|p1|Clefable, M|item\n|poke|p1|Slowbro, M|item\n|poke|p1|Cofagrigus, M|item\n|poke|p1|Blissey, F|item\n|poke|p1|Zygarde|item\n|poke|p2|Ninetales-Alola, F|item\n|poke|p2|Victini|item\n|poke|p2|Magearna|item\n|poke|p2|Zygarde|item\n|poke|p2|Landorus-Therian, M|item\n|poke|p2|Araquanid, M|item\n|teampreview\n|\n|start\n|switch|p1a: Zapdos|Zapdos|100\/100\n|switch|p2a: Landorus|Landorus-Therian, M|100\/100\n|-ability|p2a: Landorus|Intimidate|boost\n|-unboost|p1a: Zapdos|atk|1\n|-ability|p1a: Zapdos|Pressure\n|turn|1\n|\n|move|p2a: Landorus|Stealth Rock|p1a: Zapdos\n|-sidestart|p1: H4WT \u2605|move: Stealth Rock\n|move|p1a: Zapdos|Heat Wave|p2a: Landorus\n|-damage|p2a: Landorus|67\/100\n|\n|upkeep\n|turn|2\n|\n|switch|p1a: Cofagrigus|Cofagrigus, M|100\/100\n|-damage|p1a: Cofagrigus|88\/100|[from] Stealth Rock\n|move|p2a: Landorus|Explosion|p1a: Cofagrigus\n|-immune|p1a: Cofagrigus|[msg]\n|faint|p2a: Landorus\n|\n|-heal|p1a: Cofagrigus|94\/100|[from] item: Leftovers\n|upkeep\n|\n|switch|p2a: Araquanid|Araquanid, M, shiny|100\/100\n|turn|3\n|\n|move|p1a: Cofagrigus|Toxic Spikes|p2a: Araquanid\n|-sidestart|p2: ylcj|move: Toxic Spikes\n|move|p2a: Araquanid|Liquidation|p1a: Cofagrigus\n|-damage|p1a: Cofagrigus|59\/100\n|-activate|p1a: Cofagrigus|ability: Mummy|Water Bubble|[of] p2a: Araquanid\n|\n|-heal|p1a: Cofagrigus|65\/100|[from] item: Leftovers\n|upkeep\n|turn|4\n|\n|move|p2a: Araquanid|Magic Coat|p2a: Araquanid\n|-singleturn|p2a: Araquanid|move: Magic Coat\n|move|p1a: Cofagrigus|Toxic Spikes|p2a: Araquanid\n|move|p2a: Araquanid|Toxic Spikes|p1a: Cofagrigus|[from]Magic Coat\n|-sidestart|p1: H4WT \u2605|move: Toxic Spikes\n|\n|-heal|p1a: Cofagrigus|71\/100|[from] item: Leftovers\n|upkeep\n|turn|5\n|\n|move|p2a: Araquanid|Magic Coat|p2a: Araquanid\n|-singleturn|p2a: Araquanid|move: Magic Coat\n|move|p1a: Cofagrigus|Will-O-Wisp|p2a: Araquanid\n|move|p2a: Araquanid|Will-O-Wisp|p1a: Cofagrigus|[from]Magic Coat\n|-status|p1a: Cofagrigus|brn\n|\n|-heal|p1a: Cofagrigus|77\/100 brn|[from] item: Leftovers\n|-damage|p1a: Cofagrigus|71\/100 brn|[from] brn\n|upkeep\n|turn|6\n|\n|move|p2a: Araquanid|Magic Coat|p2a: Araquanid\n|-singleturn|p2a: Araquanid|move: Magic Coat\n|move|p1a: Cofagrigus|Will-O-Wisp|p2a: Araquanid\n|move|p2a: Araquanid|Will-O-Wisp|p1a: Cofagrigus|[from]Magic Coat\n|-fail|p1a: Cofagrigus|brn\n|\n|-heal|p1a: Cofagrigus|77\/100 brn|[from] item: Leftovers\n|-damage|p1a: Cofagrigus|71\/100 brn|[from] brn\n|upkeep\n|turn|7\n|\n|move|p2a: Araquanid|Magic Coat|p2a: Araquanid\n|-singleturn|p2a: Araquanid|move: Magic Coat\n|move|p1a: Cofagrigus|Will-O-Wisp|p2a: Araquanid\n|move|p2a: Araquanid|Will-O-Wisp|p1a: Cofagrigus|[from]Magic Coat\n|-fail|p1a: Cofagrigus|brn\n|\n|-heal|p1a: Cofagrigus|77\/100 brn|[from] item: Leftovers\n|-damage|p1a: Cofagrigus|71\/100 brn|[from] brn\n|upkeep\n|turn|8\n|\n|move|p1a: Cofagrigus|Will-O-Wisp|p2a: Araquanid\n|-status|p2a: Araquanid|brn\n|move|p2a: Araquanid|Liquidation|p1a: Cofagrigus\n|-damage|p1a: Cofagrigus|61\/100 brn\n|\n|-heal|p1a: Cofagrigus|67\/100 brn|[from] item: Leftovers\n|-damage|p1a: Cofagrigus|61\/100 brn|[from] brn\n|-damage|p2a: Araquanid|94\/100 brn|[from] brn\n|upkeep\n|turn|9\n|\n|move|p1a: Cofagrigus|Knock Off|p2a: Araquanid\n|-damage|p2a: Araquanid|87\/100 brn\n|-enditem|p2a: Araquanid|Focus Sash|[from] move: Knock Off|[of] p1a: Cofagrigus\n|move|p2a: Araquanid|Sticky Web|p1a: Cofagrigus\n|-sidestart|p1: H4WT \u2605|move: Sticky Web\n|\n|-heal|p1a: Cofagrigus|67\/100 brn|[from] item: Leftovers\n|-damage|p1a: Cofagrigus|61\/100 brn|[from] brn\n|-damage|p2a: Araquanid|81\/100 brn|[from] brn\n|upkeep\n|turn|10\n|\n|move|p1a: Cofagrigus|Pain Split|p2a: Araquanid\n|-sethp|p2a: Araquanid|70\/100 brn|p1a: Cofagrigus|72\/100 brn|[from] move: Pain Split\n|move|p2a: Araquanid|Liquidation|p1a: Cofagrigus\n|-damage|p1a: Cofagrigus|62\/100 brn\n|\n|-heal|p1a: Cofagrigus|69\/100 brn|[from] item: Leftovers\n|-damage|p1a: Cofagrigus|62\/100 brn|[from] brn\n|-damage|p2a: Araquanid|64\/100 brn|[from] brn\n|upkeep\n|turn|11\n|\n|move|p2a: Araquanid|Magic Coat|p2a: Araquanid\n|-singleturn|p2a: Araquanid|move: Magic Coat\n|move|p1a: Cofagrigus|Knock Off|p2a: Araquanid\n|-crit|p2a: Araquanid\n|-damage|p2a: Araquanid|56\/100 brn\n|\n|-heal|p1a: Cofagrigus|69\/100 brn|[from] item: Leftovers\n|-damage|p1a: Cofagrigus|62\/100 brn|[from] brn\n|-damage|p2a: Araquanid|50\/100 brn|[from] brn\n|upkeep\n|turn|12\n|\n|move|p1a: Cofagrigus|Knock Off|p2a: Araquanid\n|-damage|p2a: Araquanid|46\/100 brn\n|move|p2a: Araquanid|Liquidation|p1a: Cofagrigus\n|-crit|p1a: Cofagrigus\n|-damage|p1a: Cofagrigus|47\/100 brn\n|\n|-heal|p1a: Cofagrigus|53\/100 brn|[from] item: Leftovers\n|-damage|p1a: Cofagrigus|47\/100 brn|[from] brn\n|-damage|p2a: Araquanid|39\/100 brn|[from] brn\n|upkeep\n|turn|13\n|\n|move|p1a: Cofagrigus|Knock Off|p2a: Araquanid\n|-damage|p2a: Araquanid|35\/100 brn\n|move|p2a: Araquanid|Liquidation|p1a: Cofagrigus\n|-damage|p1a: Cofagrigus|37\/100 brn\n|\n|-heal|p1a: Cofagrigus|43\/100 brn|[from] item: Leftovers\n|-damage|p1a: Cofagrigus|37\/100 brn|[from] brn\n|-damage|p2a: Araquanid|29\/100 brn|[from] brn\n|upkeep\n|turn|14\n|\n|move|p1a: Cofagrigus|Knock Off|p2a: Araquanid\n|-damage|p2a: Araquanid|24\/100 brn\n|move|p2a: Araquanid|Liquidation|p1a: Cofagrigus\n|-damage|p1a: Cofagrigus|28\/100 brn\n|-unboost|p1a: Cofagrigus|def|1\n|\n|-heal|p1a: Cofagrigus|34\/100 brn|[from] item: Leftovers\n|-damage|p1a: Cofagrigus|28\/100 brn|[from] brn\n|-damage|p2a: Araquanid|18\/100 brn|[from] brn\n|upkeep\n|turn|15\n|\n|move|p1a: Cofagrigus|Knock Off|p2a: Araquanid\n|-damage|p2a: Araquanid|13\/100 brn\n|move|p2a: Araquanid|Liquidation|p1a: Cofagrigus\n|-damage|p1a: Cofagrigus|13\/100 brn\n|\n|-heal|p1a: Cofagrigus|19\/100 brn|[from] item: Leftovers\n|-damage|p1a: Cofagrigus|13\/100 brn|[from] brn\n|-damage|p2a: Araquanid|7\/100 brn|[from] brn\n|upkeep\n|turn|16\n|\n|move|p1a: Cofagrigus|Knock Off|p2a: Araquanid\n|-damage|p2a: Araquanid|3\/100 brn\n|move|p2a: Araquanid|Liquidation|p1a: Cofagrigus\n|-damage|p1a: Cofagrigus|0 brn\n|faint|p1a: Cofagrigus\n|\n|-damage|p2a: Araquanid|0 brn|[from] brn\n|upkeep\n|faint|p2a: Araquanid\n|\n|switch|p1a: Blissey|Blissey, F|100\/100\n|switch|p2a: Magearna|Magearna|100\/100\n|-status|p1a: Blissey|psn\n|-activate|p1a: Blissey|move: Sticky Web\n|-unboost|p1a: Blissey|spe|1\n|-damage|p1a: Blissey|88\/100 psn|[from] Stealth Rock\n|turn|17\n|\n|move|p2a: Magearna|Calm Mind|p2a: Magearna\n|-boost|p2a: Magearna|spa|1\n|-boost|p2a: Magearna|spd|1\n|move|p1a: Blissey|Stealth Rock|p2a: Magearna\n|-sidestart|p2: ylcj|move: Stealth Rock\n|\n|-heal|p1a: Blissey|94\/100 psn|[from] item: Leftovers\n|-damage|p1a: Blissey|82\/100 psn|[from] psn\n|upkeep\n|turn|18\n|\n|move|p2a: Magearna|Calm Mind|p2a: Magearna\n|-boost|p2a: Magearna|spa|1\n|-boost|p2a: Magearna|spd|1\n|move|p1a: Blissey|Shadow Ball|p2a: Magearna\n|-damage|p2a: Magearna|93\/100\n|\n|-heal|p1a: Blissey|88\/100 psn|[from] item: Leftovers\n|-damage|p1a: Blissey|75\/100 psn|[from] psn\n|upkeep\n|turn|19\n|\n|move|p2a: Magearna|Shift Gear|p2a: Magearna\n|-boost|p2a: Magearna|spe|2\n|-boost|p2a: Magearna|atk|1\n|move|p1a: Blissey|Shadow Ball|p2a: Magearna\n|-damage|p2a: Magearna|86\/100\n|\n|-heal|p1a: Blissey|82\/100 psn|[from] item: Leftovers\n|-damage|p1a: Blissey|69\/100 psn|[from] psn\n|upkeep\n|turn|20\n|\n|switch|p1a: Clefable|Clefable, M|100\/100\n|-status|p1a: Clefable|psn\n|-activate|p1a: Clefable|move: Sticky Web\n|-unboost|p1a: Clefable|spe|1\n|-damage|p1a: Clefable|88\/100 psn|[from] Stealth Rock\n|move|p2a: Magearna|Calm Mind|p2a: Magearna\n|-boost|p2a: Magearna|spa|1\n|-boost|p2a: Magearna|spd|1\n|\n|-heal|p1a: Clefable|94\/100 psn|[from] item: Leftovers\n|-damage|p1a: Clefable|82\/100 psn|[from] psn\n|upkeep\n|turn|21\n|\n|move|p2a: Magearna|Ice Beam|p1a: Clefable\n|-damage|p1a: Clefable|53\/100 psn\n|move|p1a: Clefable|Aromatherapy|p1a: Clefable\n|-activate|p1a: Clefable|move: Aromatherapy\n|-curestatus|p1a: Clefable|psn|[msg]\n|\n|-heal|p1a: Clefable|59\/100|[from] item: Leftovers\n|upkeep\n|turn|22\n|\n|move|p1a: Clefable|Protect|p1a: Clefable\n|-singleturn|p1a: Clefable|Protect\n|move|p2a: Magearna|Ice Beam|p1a: Clefable\n|-activate|p1a: Clefable|move: Protect\n|\n|-heal|p1a: Clefable|65\/100|[from] item: Leftovers\n|upkeep\n|turn|23\n|\n|move|p2a: Magearna|Calm Mind|p2a: Magearna\n|-boost|p2a: Magearna|spa|1\n|-boost|p2a: Magearna|spd|1\n|move|p1a: Clefable|Wish|p1a: Clefable\n|\n|-heal|p1a: Clefable|71\/100|[from] item: Leftovers\n|upkeep\n|turn|24\n|\n|move|p2a: Magearna|Calm Mind|p2a: Magearna\n|-boost|p2a: Magearna|spa|1\n|-boost|p2a: Magearna|spd|1\n|move|p1a: Clefable|Moonblast|p2a: Magearna\n|-resisted|p2a: Magearna\n|-damage|p2a: Magearna|71\/100\n|-unboost|p2a: Magearna|spa|1\n|\n|-heal|p1a: Clefable|100\/100|[from] move: Wish|[wisher] Clefable\n|upkeep\n|turn|25\n|\n|move|p2a: Magearna|Ice Beam|p1a: Clefable\n|-damage|p1a: Clefable|72\/100\n|move|p1a: Clefable|Moonblast|p2a: Magearna\n|-resisted|p2a: Magearna\n|-damage|p2a: Magearna|56\/100\n|\n|-heal|p1a: Clefable|78\/100|[from] item: Leftovers\n|upkeep\n|turn|26\n|\n|move|p2a: Magearna|Calm Mind|p2a: Magearna\n|-boost|p2a: Magearna|spa|1\n|-boost|p2a: Magearna|spd|1\n|move|p1a: Clefable|Wish|p1a: Clefable\n|\n|-heal|p1a: Clefable|84\/100|[from] item: Leftovers\n|upkeep\n|turn|27\n|\n|move|p2a: Magearna|Calm Mind|p2a: Magearna\n|-boost|p2a: Magearna|spa|1\n|-boost|p2a: Magearna|spd|0\n|move|p1a: Clefable|Moonblast|p2a: Magearna\n|-resisted|p2a: Magearna\n|-damage|p2a: Magearna|41\/100\n|-unboost|p2a: Magearna|spa|1\n|\n|-heal|p1a: Clefable|100\/100|[from] move: Wish|[wisher] Clefable\n|upkeep\n|turn|28\n|\n|move|p2a: Magearna|Ice Beam|p1a: Clefable\n|-damage|p1a: Clefable|68\/100\n|move|p1a: Clefable|Moonblast|p2a: Magearna\n|-resisted|p2a: Magearna\n|-damage|p2a: Magearna|24\/100\n|\n|-heal|p1a: Clefable|74\/100|[from] item: Leftovers\n|upkeep\n|turn|29\n|\n|move|p1a: Clefable|Protect|p1a: Clefable\n|-singleturn|p1a: Clefable|Protect\n|move|p2a: Magearna|Ice Beam|p1a: Clefable\n|-activate|p1a: Clefable|move: Protect\n|\n|-heal|p1a: Clefable|80\/100|[from] item: Leftovers\n|upkeep\n|turn|30\n|\n|move|p2a: Magearna|Ice Beam|p1a: Clefable\n|-damage|p1a: Clefable|53\/100\n|move|p1a: Clefable|Wish|p1a: Clefable\n|\n|-heal|p1a: Clefable|59\/100|[from] item: Leftovers\n|upkeep\n|turn|31\n|\n|move|p1a: Clefable|Protect|p1a: Clefable\n|-singleturn|p1a: Clefable|Protect\n|move|p2a: Magearna|Ice Beam|p1a: Clefable\n|-activate|p1a: Clefable|move: Protect\n|\n|-heal|p1a: Clefable|100\/100|[from] move: Wish|[wisher] Clefable\n|upkeep\n|turn|32\n|\n|move|p2a: Magearna|Ice Beam|p1a: Clefable\n|-damage|p1a: Clefable|69\/100\n|move|p1a: Clefable|Moonblast|p2a: Magearna\n|-resisted|p2a: Magearna\n|-damage|p2a: Magearna|10\/100\n|-unboost|p2a: Magearna|spa|1\n|\n|-heal|p1a: Clefable|75\/100|[from] item: Leftovers\n|upkeep\n|turn|33\n|\n|move|p1a: Clefable|Protect|p1a: Clefable\n|-singleturn|p1a: Clefable|Protect\n|move|p2a: Magearna|Ice Beam|p1a: Clefable\n|-activate|p1a: Clefable|move: Protect\n|\n|-heal|p1a: Clefable|81\/100|[from] item: Leftovers\n|upkeep\n|turn|34\n|\n|move|p2a: Magearna|Ice Beam|p1a: Clefable\n|-damage|p1a: Clefable|52\/100\n|move|p1a: Clefable|Wish|p1a: Clefable\n|\n|-heal|p1a: Clefable|58\/100|[from] item: Leftovers\n|upkeep\n|turn|35\n|\n|move|p1a: Clefable|Protect|p1a: Clefable\n|-singleturn|p1a: Clefable|Protect\n|move|p2a: Magearna|Ice Beam|p1a: Clefable\n|-activate|p1a: Clefable|move: Protect\n|\n|-heal|p1a: Clefable|100\/100|[from] move: Wish|[wisher] Clefable\n|upkeep\n|turn|36\n|\n|move|p2a: Magearna|Ice Beam|p1a: Clefable\n|-damage|p1a: Clefable|70\/100\n|-status|p1a: Clefable|frz\n|-curestatus|p1a: Clefable|frz|[msg]\n|move|p1a: Clefable|Moonblast|p2a: Magearna\n|-resisted|p2a: Magearna\n|-damage|p2a: Magearna|0\n|faint|p2a: Magearna\n|\n|-heal|p1a: Clefable|76\/100|[from] item: Leftovers\n|upkeep\n|\n|switch|p2a: Victini|Victini|100\/100\n|-damage|p2a: Victini|76\/100|[from] Stealth Rock\n|-status|p2a: Victini|psn\n|turn|37\n|\n|move|p1a: Clefable|Protect|p1a: Clefable\n|-singleturn|p1a: Clefable|Protect\n|move|p2a: Victini|Taunt|p1a: Clefable\n|-activate|p1a: Clefable|move: Protect\n|\n|-heal|p1a: Clefable|82\/100|[from] item: Leftovers\n|-damage|p2a: Victini|63\/100 psn|[from] psn\n|upkeep\n|turn|38\n|\n|switch|p1a: Blissey|Blissey, F|69\/100\n|-activate|p1a: Blissey|move: Sticky Web\n|-unboost|p1a: Blissey|spe|1\n|-status|p1a: Blissey|psn\n|-damage|p1a: Blissey|57\/100 psn|[from] Stealth Rock\n|move|p2a: Victini|Taunt|p1a: Blissey\n|-start|p1a: Blissey|move: Taunt\n|\n|-heal|p1a: Blissey|63\/100 psn|[from] item: Leftovers\n|-damage|p2a: Victini|51\/100 psn|[from] psn\n|-damage|p1a: Blissey|50\/100 psn|[from] psn\n|upkeep\n|turn|39\n|\n|move|p2a: Victini|Searing Shot|p1a: Blissey\n|-damage|p1a: Blissey|35\/100 psn\n|move|p1a: Blissey|Shadow Ball|p2a: Victini\n|-supereffective|p2a: Victini\n|-damage|p2a: Victini|22\/100 psn\n|-unboost|p2a: Victini|spd|1\n|\n|-heal|p1a: Blissey|41\/100 psn|[from] item: Leftovers\n|-damage|p2a: Victini|10\/100 psn|[from] psn\n|-damage|p1a: Blissey|29\/100 psn|[from] psn\n|upkeep\n|turn|40\n|\n|move|p2a: Victini|Searing Shot|p1a: Blissey\n|-damage|p1a: Blissey|14\/100 psn\n|move|p1a: Blissey|Shadow Ball|p2a: Victini\n|-supereffective|p2a: Victini\n|-damage|p2a: Victini|0 psn\n|faint|p2a: Victini\n|\n|-heal|p1a: Blissey|20\/100 psn|[from] item: Leftovers\n|-damage|p1a: Blissey|8\/100 psn|[from] psn\n|-end|p1a: Blissey|move: Taunt\n|upkeep\n|\n|switch|p2a: Ninetales|Ninetales-Alola, F|100\/100\n|-status|p2a: Ninetales|psn\n|-damage|p2a: Ninetales|76\/100 psn|[from] Stealth Rock\n|-weather|Hail|[from] ability: Snow Warning|[of] p2a: Ninetales\n|turn|41\n|\n|move|p2a: Ninetales|Freeze-Dry|p1a: Blissey\n|-damage|p1a: Blissey|0 psn\n|faint|p1a: Blissey\n|\n|-weather|Hail|[upkeep]\n|-damage|p2a: Ninetales|64\/100 psn|[from] psn\n|upkeep\n|l|\u2606H4WT \u2605\n|player|p1|\n|inactive|Battle timer is ON: inactive players will automatically lose when time's up. (requested by ylcj)\n|j|\u2606H4WT \u2605\n|inactive|H4WT \u2605 reconnected and has 125 seconds left.\n|player|p1|H4WT \u2605|165\n|\n|switch|p1a: Zygarde|Zygarde|100\/100\n|-activate|p1a: Zygarde|move: Sticky Web\n|-unboost|p1a: Zygarde|spe|1\n|-status|p1a: Zygarde|psn\n|-damage|p1a: Zygarde|94\/100 psn|[from] Stealth Rock\n|-ability|p1a: Zygarde|Aura Break\n|turn|42\n|\n|move|p1a: Zygarde|Extreme Speed|p2a: Ninetales\n|-damage|p2a: Ninetales|3\/100 psn\n|move|p2a: Ninetales|Freeze-Dry|p1a: Zygarde\n|-supereffective|p1a: Zygarde\n|-damage|p1a: Zygarde|0 psn\n|faint|p1a: Zygarde\n|\n|-weather|Hail|[upkeep]\n|-damage|p2a: Ninetales|0 psn|[from] psn\n|upkeep\n|faint|p2a: Ninetales\n|\n|switch|p2a: Zygarde|Zygarde, shiny|100\/100\n|switch|p1a: Clefable|Clefable, M|82\/100\n|-damage|p2a: Zygarde|94\/100|[from] Stealth Rock\n|-status|p2a: Zygarde|psn\n|-ability|p2a: Zygarde|Aura Break\n|-status|p1a: Clefable|psn\n|-damage|p1a: Clefable|70\/100 psn|[from] Stealth Rock\n|-activate|p1a: Clefable|move: Sticky Web\n|-unboost|p1a: Clefable|spe|1\n|turn|43\n|\n|move|p2a: Zygarde|Dragon Dance|p2a: Zygarde\n|-boost|p2a: Zygarde|atk|1\n|-boost|p2a: Zygarde|spe|1\n|move|p1a: Clefable|Wish|p1a: Clefable\n|\n|-weather|Hail|[upkeep]\n|-damage|p2a: Zygarde|88\/100 psn|[from] Hail\n|-damage|p1a: Clefable|64\/100 psn|[from] Hail\n|-heal|p1a: Clefable|70\/100 psn|[from] item: Leftovers\n|-damage|p2a: Zygarde|76\/100 psn|[from] psn\n|-damage|p1a: Clefable|58\/100 psn|[from] psn\n|upkeep\n|turn|44\n|\n|move|p2a: Zygarde|Dragon Dance|p2a: Zygarde\n|-boost|p2a: Zygarde|atk|1\n|-boost|p2a: Zygarde|spe|1\n|move|p1a: Clefable|Aromatherapy|p1a: Clefable\n|-activate|p1a: Clefable|move: Aromatherapy\n|-curestatus|p1a: Clefable|psn|[msg]\n|\n|-weather|Hail|[upkeep]\n|-damage|p2a: Zygarde|70\/100 psn|[from] Hail\n|-damage|p1a: Clefable|52\/100|[from] Hail\n|-heal|p1a: Clefable|100\/100|[from] move: Wish|[wisher] Clefable\n|-damage|p2a: Zygarde|58\/100 psn|[from] psn\n|upkeep\n|turn|45\n|c|\u2606H4WT \u2605|!dt unaware\n|raw|<ul class=\"utilichart\"><li class=\"result\"><span class=\"col namecol\"><a href=\"https:\/\/pokemonshowdown.com\/dex\/abilities\/unaware\">Unaware<\/a><\/span> <span class=\"col abilitydesccol\">This Pokemon ignores other Pokemon's stat stages when taking or doing damage.<\/span> <\/li><li style=\"clear:both\"><\/li><\/ul>\n\n|\n|move|p1a: Clefable|Protect|p1a: Clefable\n|-singleturn|p1a: Clefable|Protect\n|move|p2a: Zygarde|Thousand Arrows|p1a: Clefable\n|-activate|p1a: Clefable|move: Protect\n|\n|-weather|none\n|-damage|p2a: Zygarde|45\/100 psn|[from] psn\n|upkeep\n|turn|46\n|c|\u2606ylcj|gg\n|\n|move|p2a: Zygarde|Thousand Arrows|p1a: Clefable\n|-damage|p1a: Clefable|68\/100\n|move|p1a: Clefable|Moonblast|p2a: Zygarde\n|-supereffective|p2a: Zygarde\n|-damage|p2a: Zygarde|0 psn\n|faint|p2a: Zygarde\n|\n|win|H4WT \u2605\n|raw|H4WT \u2605's rating: 1561 &rarr; <strong>1579<\/strong><br \/>(+18 for winning)\n|raw|ylcj's rating: 1515 &rarr; <strong>1498<\/strong><br \/>(-17 for losing)\n|c|\u2606H4WT \u2605|gg\n|l|\u2606H4WT \u2605\n","uploadtime":1533439038,"views":41,"p1id":"h4wt","p2id":"ylcj","formatid":"gen7ou","rating":1498,"private":0,"password":null}