{"id":"gen7ou-857555127","p1":"lnkibugfytrd","p2":"Kaylss","format":"gen7ou","log":"|j|\u2606lnkibugfytrd\n|j|\u2606Kaylss\n|player|p1|lnkibugfytrd|107\n|player|p2|Kaylss|138\n|teamsize|p1|6\n|teamsize|p2|6\n|gametype|singles\n|gen|7\n|tier|[Gen 7] OU\n|rule|Sleep Clause Mod: Limit one foe put to sleep\n|rule|Species Clause: Limit one of each Pok\u00e9mon\n|rule|OHKO Clause: OHKO moves are banned\n|rule|Moody Clause: Moody is banned\n|rule|Evasion Moves Clause: Evasion moves are banned\n|rule|Endless Battle Clause: Forcing endless battles is banned\n|rule|HP Percentage Mod: HP is shown in percentages\n|clearpoke\n|poke|p1|Landorus-Therian, M|item\n|poke|p1|Heatran, F|item\n|poke|p1|Tangrowth, F|item\n|poke|p1|Lopunny, F|item\n|poke|p1|Zapdos|item\n|poke|p1|Greninja, M|item\n|poke|p2|Tornadus-Therian, M|item\n|poke|p2|Tapu Koko|item\n|poke|p2|Clefable, M|item\n|poke|p2|Camerupt, F|item\n|poke|p2|Greninja, M|item\n|poke|p2|Gastrodon, M|item\n|teampreview\n|c|\u2606lnkibugfytrd|gl hf\n|c|\u2606Kaylss|you too\n|c|\u2606lnkibugfytrd|plz\n|c|\u2606lnkibugfytrd|not this troll team again\n|c|\u2606lnkibugfytrd|gimme ur good one\n|c|\u2606Kaylss|this is a good one\n|c|\u2606lnkibugfytrd|?\n|c|\u2606lnkibugfytrd|ok\n|c|\u2606lnkibugfytrd|mega camerupt\n|c|\u2606Kaylss|i was playing in the 1700s with this lol\n|c|\u2606lnkibugfytrd|ok\n|c|\u2606lnkibugfytrd|big flex\n|c|\u2606Kaylss|could be better though\n|c|\u2606lnkibugfytrd|big\n|c|\u2606lnkibugfytrd|flex\n|c|\u2606Kaylss|i lose to chansey\n|c|\u2606lnkibugfytrd|you lose to me\n|c|\u2606lnkibugfytrd|or not\n|c|\u2606lnkibugfytrd|lol\n|\n|start\n|switch|p1a: Lopunny|Lopunny, F|100\/100\n|switch|p2a: Greninja|Greninja, M|100\/100\n|turn|1\n|j| NylaTheWolf\n|\n|detailschange|p1a: Lopunny|Lopunny-Mega, F\n|-mega|p1a: Lopunny|Lopunny|Lopunnite\n|move|p1a: Lopunny|Fake Out|p2a: Greninja\n|-damage|p2a: Greninja|61\/100\n|cant|p2a: Greninja|flinch\n|\n|upkeep\n|turn|2\n|\n|switch|p2a: Clefable|Clefable, M|100\/100\n|move|p1a: Lopunny|Power-Up Punch|p2a: Clefable\n|-resisted|p2a: Clefable\n|-damage|p2a: Clefable|92\/100\n|-boost|p1a: Lopunny|atk|1\n|\n|upkeep\n|turn|3\n|\n|move|p1a: Lopunny|Return|p2a: Clefable\n|-damage|p2a: Clefable|27\/100\n|move|p2a: Clefable|Moonblast|p1a: Lopunny\n|-supereffective|p1a: Lopunny\n|-damage|p1a: Lopunny|0 fnt\n|faint|p1a: Lopunny\n|\n|upkeep\n|c|\u2606lnkibugfytrd|shoot\n|\n|switch|p1a: Heatran|Heatran, F|100\/100\n|turn|4\n|\n|switch|p2a: Gastrodon|Gastrodon, M|100\/100\n|move|p1a: Heatran|Stealth Rock|p2a: Gastrodon\n|-sidestart|p2: Kaylss|move: Stealth Rock\n|\n|upkeep\n|turn|5\n|\n|-zpower|p1a: Heatran\n|move|p1a: Heatran|Bloom Doom|p2a: Gastrodon|[zeffect]\n|-supereffective|p2a: Gastrodon\n|-damage|p2a: Gastrodon|0 fnt\n|faint|p2a: Gastrodon\n|\n|upkeep\n|c|\u2606lnkibugfytrd|ja\n|\n|switch|p2a: Camerupt|Camerupt, F|100\/100\n|-damage|p2a: Camerupt|88\/100|[from] Stealth Rock\n|turn|6\n|\n|detailschange|p2a: Camerupt|Camerupt-Mega, F\n|-mega|p2a: Camerupt|Camerupt|Cameruptite\n|move|p1a: Heatran|Earth Power|p2a: Camerupt\n|-supereffective|p2a: Camerupt\n|-damage|p2a: Camerupt|26\/100\n|move|p2a: Camerupt|Earth Power|p1a: Heatran\n|-supereffective|p1a: Heatran\n|-damage|p1a: Heatran|0 fnt\n|faint|p1a: Heatran\n|\n|upkeep\n|c| NylaTheWolf|you really like saying ja\n|c|\u2606lnkibugfytrd|better versino of ya\n|c|\u2606lnkibugfytrd|version\n|c|\u2606lnkibugfytrd|yeah\n|c|\u2606lnkibugfytrd|not sure why i inted\n|c|\u2606lnkibugfytrd|with a sac\n|c|\u2606lnkibugfytrd|holy why did i throw\n|c|\u2606lnkibugfytrd|coulda ez won\n|c|\u2606lnkibugfytrd|with da grassium\n|c|\u2606lnkibugfytrd|like alwasy\n|\n|switch|p1a: Greninja|Greninja, M|100\/100\n|turn|7\n|\n|switch|p2a: Tornadus|Tornadus-Therian, M|100\/100\n|-damage|p2a: Tornadus|75\/100|[from] Stealth Rock\n|move|p1a: Greninja|Surf|p2a: Tornadus\n|-damage|p2a: Tornadus|0 fnt\n|faint|p2a: Tornadus\n|-activate|p1a: Greninja|ability: Battle Bond\n|detailschange|p1a: Greninja|Greninja-Ash, M\n|\n|upkeep\n|\n|switch|p2a: Greninja|Greninja, M|61\/100\n|-damage|p2a: Greninja|49\/100|[from] Stealth Rock\n|turn|8\n|\n|move|p2a: Greninja|U-turn|p1a: Greninja\n|-start|p2a: Greninja|typechange|Bug|[from] Protean\n|-supereffective|p1a: Greninja\n|-damage|p1a: Greninja|6\/100\n|\n|switch|p2a: Tapu Koko|Tapu Koko|100\/100\n|-damage|p2a: Tapu Koko|88\/100|[from] Stealth Rock\n|-fieldstart|move: Electric Terrain|[from] ability: Electric Surge|[of] p2a: Tapu Koko\n|move|p1a: Greninja|Surf|p2a: Tapu Koko\n|-damage|p2a: Tapu Koko|0 fnt\n|faint|p2a: Tapu Koko\n|\n|upkeep\n|\n|switch|p2a: Greninja|Greninja, M|49\/100\n|-damage|p2a: Greninja|37\/100|[from] Stealth Rock\n|turn|9\n|\n|switch|p1a: Zapdos|Zapdos|100\/100\n|move|p2a: Greninja|Ice Beam|p1a: Zapdos\n|-start|p2a: Greninja|typechange|Ice|[from] Protean\n|-supereffective|p1a: Zapdos\n|-damage|p1a: Zapdos|37\/100\n|\n|-heal|p1a: Zapdos|43\/100|[from] item: Leftovers\n|upkeep\n|turn|10\n|\n|move|p2a: Greninja|Ice Beam|p1a: Zapdos\n|-supereffective|p1a: Zapdos\n|-damage|p1a: Zapdos|0 fnt\n|faint|p1a: Zapdos\n|\n|upkeep\n|\n|switch|p1a: Tangrowth|Tangrowth, F|100\/100\n|turn|11\n|\n|switch|p2a: Camerupt|Camerupt-Mega, F|26\/100\n|-damage|p2a: Camerupt|13\/100|[from] Stealth Rock\n|move|p1a: Tangrowth|Earthquake|p2a: Camerupt\n|-supereffective|p2a: Camerupt\n|-damage|p2a: Camerupt|0 fnt\n|faint|p2a: Camerupt\n|\n|upkeep\n|c|\u2606lnkibugfytrd|value\n|c|\u2606lnkibugfytrd|ez\n|c|\u2606lnkibugfytrd|1700 pull\n|\n|switch|p2a: Greninja|Greninja, M|37\/100\n|-damage|p2a: Greninja|24\/100|[from] Stealth Rock\n|turn|12\n|c|\u2606lnkibugfytrd|maybe I should do ladder again\n|\n|move|p2a: Greninja|Spikes|p1a: Tangrowth\n|-start|p2a: Greninja|typechange|Ground|[from] Protean\n|-sidestart|p1: lnkibugfytrd|Spikes\n|move|p1a: Tangrowth|Giga Drain|p2a: Greninja\n|-supereffective|p2a: Greninja\n|-damage|p2a: Greninja|0 fnt\n|faint|p2a: Greninja\n|\n|-fieldend|move: Electric Terrain\n|upkeep\n|\n|switch|p2a: Clefable|Clefable, M|27\/100\n|turn|13\n|c|\u2606lnkibugfytrd|gg\n|\n|move|p2a: Clefable|Soft-Boiled|p2a: Clefable\n|-heal|p2a: Clefable|77\/100\n|move|p1a: Tangrowth|Knock Off|p2a: Clefable\n|-resisted|p2a: Clefable\n|-damage|p2a: Clefable|68\/100\n|-enditem|p2a: Clefable|Life Orb|[from] move: Knock Off|[of] p1a: Tangrowth\n|\n|upkeep\n|turn|14\n|\n|switch|p1a: Landorus|Landorus-Therian, M|100\/100\n|-ability|p1a: Landorus|Intimidate|boost\n|-unboost|p2a: Clefable|atk|1\n|move|p2a: Clefable|Calm Mind|p2a: Clefable\n|-boost|p2a: Clefable|spa|1\n|-boost|p2a: Clefable|spd|1\n|\n|upkeep\n|turn|15\n|c|\u2606Kaylss|do i lose?\n|\n|move|p1a: Landorus|Explosion|p2a: Clefable\n|-damage|p2a: Clefable|1\/100\n|faint|p1a: Landorus\n|move|p2a: Clefable|Soft-Boiled|p2a: Clefable\n|-heal|p2a: Clefable|51\/100\n|\n|upkeep\n|\n|switch|p1a: Tangrowth|Tangrowth, F|100\/100\n|-damage|p1a: Tangrowth|88\/100|[from] Spikes\n|turn|16\n|\n|move|p2a: Clefable|Soft-Boiled|p2a: Clefable\n|-heal|p2a: Clefable|100\/100\n|move|p1a: Tangrowth|Earthquake|p2a: Clefable\n|-damage|p2a: Clefable|83\/100\n|\n|upkeep\n|turn|17\n|c|\u2606lnkibugfytrd|nvm\n|c|\u2606Kaylss|lol\n|c|\u2606lnkibugfytrd|lucky duck\n|c|\u2606lnkibugfytrd|holy\n|c|\u2606lnkibugfytrd|MOLY\n|c|\u2606lnkibugfytrd|SOOOOOOO\n|c|\u2606Kaylss|spike was key\n|c|\u2606lnkibugfytrd|TRIGGERD\n|c|\u2606lnkibugfytrd|1%\n|c|\u2606lnkibugfytrd|fml\n|c|\u2606lnkibugfytrd|time to change spread on lando\n|c|\u2606lnkibugfytrd|holy\n|c|\u2606lnkibugfytrd|useless piece of trash\n|c|\u2606lnkibugfytrd|nylathewolf\n|c|\u2606lnkibugfytrd|like my rng\n|c|\u2606lnkibugfytrd|this is the kind of stuff that loses me tours\n|c|\u2606lnkibugfytrd|me yesterday\n|c|\u2606lnkibugfytrd|stone edge miss\n|c|\u2606lnkibugfytrd|lando faints\n|c| NylaTheWolf|RIP\n|c|\u2606lnkibugfytrd|then hj kick misses\n|c|\u2606lnkibugfytrd|next turn\n|c|\u2606lnkibugfytrd|so lop 50%\n|c| NylaTheWolf|yikes....\n|c|\u2606lnkibugfytrd|then I carry and make it to zap and tangrowth left\n|c|\u2606lnkibugfytrd|against a gren and koko\n|c|\u2606lnkibugfytrd|gren is paralyzed\n|c|\u2606lnkibugfytrd|fyi\n|c|\u2606lnkibugfytrd|so zap is at like 20%\n|c|\u2606lnkibugfytrd|25% more exact\n|c|\u2606lnkibugfytrd|then shuriken\n|c|\u2606lnkibugfytrd|hits 4 TIMES\n|c|\u2606lnkibugfytrd|with crit\n|c|\u2606lnkibugfytrd|:(((((\n|\n|move|p2a: Clefable|Calm Mind|p2a: Clefable\n|-boost|p2a: Clefable|spa|1\n|-boost|p2a: Clefable|spd|1\n|move|p1a: Tangrowth|Giga Drain|p2a: Clefable\n|-damage|p2a: Clefable|69\/100\n|-heal|p1a: Tangrowth|95\/100|[from] drain|[of] p2a: Clefable\n|\n|upkeep\n|turn|18\n|\n|move|p2a: Clefable|Calm Mind|p2a: Clefable\n|-boost|p2a: Clefable|spa|1\n|-boost|p2a: Clefable|spd|1\n|move|p1a: Tangrowth|Giga Drain|p2a: Clefable\n|-damage|p2a: Clefable|59\/100\n|-heal|p1a: Tangrowth|99\/100|[from] drain|[of] p2a: Clefable\n|\n|upkeep\n|turn|19\n|c|\u2606lnkibugfytrd|gg\n|\n|move|p2a: Clefable|Soft-Boiled|p2a: Clefable\n|-heal|p2a: Clefable|100\/100\n|move|p1a: Tangrowth|Earthquake|p2a: Clefable\n|-damage|p2a: Clefable|84\/100\n|\n|upkeep\n|turn|20\n|c|\u2606Kaylss|gg\n|c|\u2606lnkibugfytrd|nice rng\n|c|\u2606lnkibugfytrd|carry\n|c|\u2606lnkibugfytrd|you knw\n|c|\u2606lnkibugfytrd|i was already dumb\n|c|\u2606lnkibugfytrd|for sacing lop\n|c|\u2606Kaylss|i set this up for my clef to win like 10 turns ago\n|c|\u2606lnkibugfytrd|this shoulda been ez win\n|c|\u2606Kaylss|well after tran died\n|c|\u2606lnkibugfytrd|well\n|c|\u2606lnkibugfytrd|nah\n|c|\u2606lnkibugfytrd|after lop died\n|c|\u2606lnkibugfytrd|favour swung\n|c|\u2606lnkibugfytrd|hard\n|c|\u2606lnkibugfytrd|cause im dumbdumb\n|\n|move|p2a: Clefable|Moonblast|p1a: Tangrowth\n|-damage|p1a: Tangrowth|53\/100\n|-unboost|p1a: Tangrowth|spa|1\n|move|p1a: Tangrowth|Earthquake|p2a: Clefable\n|-damage|p2a: Clefable|64\/100\n|\n|upkeep\n|turn|21\n|c|\u2606Kaylss|this clef is life orb 28 spatk just to ohko lopunny\n|\n|move|p2a: Clefable|Moonblast|p1a: Tangrowth\n|-damage|p1a: Tangrowth|3\/100\n|move|p1a: Tangrowth|Earthquake|p2a: Clefable\n|-damage|p2a: Clefable|47\/100\n|\n|upkeep\n|turn|22\n|c|\u2606lnkibugfytrd|smh\n|c|\u2606lnkibugfytrd|gg\n|\n|move|p2a: Clefable|Soft-Boiled|p2a: Clefable\n|-heal|p2a: Clefable|97\/100\n|move|p1a: Tangrowth|Earthquake|p2a: Clefable\n|-damage|p2a: Clefable|81\/100\n|\n|upkeep\n|turn|23\n|\n|switch|p1a: Greninja|Greninja-Ash, M|6\/100\n|-damage|p1a: Greninja|0 fnt|[from] Spikes\n|faint|p1a: Greninja\n|move|p2a: Clefable|Moonblast|p1: Greninja|[notarget]\n|-fail|p2a: Clefable\n|\n|upkeep\n|\n|switch|p1a: Tangrowth|Tangrowth, F|36\/100\n|-damage|p1a: Tangrowth|24\/100|[from] Spikes\n|turn|24\n|\n|move|p2a: Clefable|Moonblast|p1a: Tangrowth\n|-damage|p1a: Tangrowth|0 fnt\n|faint|p1a: Tangrowth\n|\n|win|Kaylss\n|c|\u2606lnkibugfytrd|gg\n|c|\u2606lnkibugfytrd|rematch\n|c|\u2606lnkibugfytrd|that\n|c|\u2606Kaylss|gg\n|c|\u2606lnkibugfytrd|was bs\n|l|\u2606lnkibugfytrd\n|c| NylaTheWolf|RIP\n","uploadtime":1549171001,"views":23,"p1id":"lnkibugfytrd","p2id":"kaylss","formatid":"gen7ou","rating":0,"private":0,"password":null}