{"id":"gen7ou-989115598","p1":"OGamer289","p2":"smeb1997","format":"gen7ou","log":"|j|\u2606OGamer289\n|j|\u2606smeb1997\n|player|p1|OGamer289|153|1463\n|player|p2|smeb1997|249|1441\n|teamsize|p1|6\n|teamsize|p2|6\n|gametype|singles\n|gen|7\n|tier|[Gen 7] OU\n|rated|\n|rule|Sleep Clause Mod: Limit one foe put to sleep\n|rule|Species Clause: Limit one of each Pok\u00e9mon\n|rule|OHKO Clause: OHKO moves are banned\n|rule|Moody Clause: Moody is banned\n|rule|Evasion Moves Clause: Evasion moves are banned\n|rule|Endless Battle Clause: Forcing endless battles is banned\n|rule|HP Percentage Mod: HP is shown in percentages\n|clearpoke\n|poke|p1|Gyarados, M|item\n|poke|p1|Amoonguss, M|item\n|poke|p1|Tauros, M|item\n|poke|p1|Landorus-Therian, M|item\n|poke|p1|Florges, F|item\n|poke|p1|Rotom-Wash|item\n|poke|p2|Hawlucha, M|item\n|poke|p2|Serperior, M|item\n|poke|p2|Victini|item\n|poke|p2|Alakazam, M|item\n|poke|p2|Excadrill, M|item\n|poke|p2|Tapu Lele|item\n|teampreview\n|inactive|Battle timer is ON: inactive players will automatically lose when time's up. (requested by smeb1997)\n|\n|start\n|switch|p1a: Landorus|Landorus-Therian, M|100\/100\n|switch|p2a: Spinning Head|Excadrill, M, shiny|100\/100\n|-ability|p2a: Spinning Head|Mold Breaker\n|-ability|p1a: Landorus|Intimidate|boost\n|-unboost|p2a: Spinning Head|atk|1\n|turn|1\n|\n|move|p2a: Spinning Head|Stealth Rock|p1a: Landorus\n|-sidestart|p1: OGamer289|move: Stealth Rock\n|move|p1a: Landorus|Earthquake|p2a: Spinning Head\n|-supereffective|p2a: Spinning Head\n|-enditem|p2a: Spinning Head|Focus Sash\n|-damage|p2a: Spinning Head|1\/100\n|\n|upkeep\n|turn|2\n|\n|move|p2a: Spinning Head|Rock Tomb|p1a: Landorus\n|-damage|p1a: Landorus|89\/100\n|-unboost|p1a: Landorus|spe|1\n|move|p1a: Landorus|U-turn|p2a: Spinning Head\n|-resisted|p2a: Spinning Head\n|-damage|p2a: Spinning Head|0 fnt\n|faint|p2a: Spinning Head\n|\n|switch|p1a: Amoonguss|Amoonguss, M|100\/100|[from]move: U-turn\n|-damage|p1a: Amoonguss|88\/100|[from] Stealth Rock\n|\n|upkeep\n|\n|switch|p2a: Twisted Thoughts|Tapu Lele, shiny|100\/100\n|-fieldstart|move: Psychic Terrain|[from] ability: Psychic Surge|[of] p2a: Twisted Thoughts\n|turn|3\n|\n|switch|p1a: Florges|Florges, F|100\/100\n|-damage|p1a: Florges|88\/100|[from] Stealth Rock\n|move|p2a: Twisted Thoughts|Psyshock|p1a: Florges\n|-damage|p1a: Florges|30\/100\n|\n|-heal|p1a: Florges|36\/100|[from] item: Leftovers\n|upkeep\n|turn|4\n|\n|move|p1a: Florges|Protect|p1a: Florges\n|-singleturn|p1a: Florges|Protect\n|move|p2a: Twisted Thoughts|Psyshock|p1a: Florges\n|-activate|p1a: Florges|move: Protect\n|\n|-heal|p1a: Florges|42\/100|[from] item: Leftovers\n|upkeep\n|turn|5\n|\n|move|p2a: Twisted Thoughts|Psyshock|p1a: Florges\n|-damage|p1a: Florges|0 fnt\n|faint|p1a: Florges\n|\n|upkeep\n|\n|switch|p1a: Schalange|Gyarados, M, shiny|100\/100\n|-damage|p1a: Schalange|75\/100|[from] Stealth Rock\n|-ability|p1a: Schalange|Intimidate|boost\n|-unboost|p2a: Twisted Thoughts|atk|1\n|turn|6\n|\n|move|p2a: Twisted Thoughts|Moonblast|p1a: Schalange\n|-damage|p1a: Schalange|22\/100\n|-unboost|p1a: Schalange|spa|1\n|move|p1a: Schalange|Waterfall|p2a: Twisted Thoughts\n|-damage|p2a: Twisted Thoughts|33\/100\n|\n|upkeep\n|turn|7\n|\n|detailschange|p1a: Schalange|Gyarados-Mega, M, shiny\n|-mega|p1a: Schalange|Gyarados|Gyaradosite\n|-ability|p1a: Schalange|Mold Breaker\n|move|p2a: Twisted Thoughts|Moonblast|p1a: Schalange\n|-supereffective|p1a: Schalange\n|-damage|p1a: Schalange|0 fnt\n|faint|p1a: Schalange\n|\n|upkeep\n|\n|switch|p1a: Tauros|Tauros, M|100\/100\n|-damage|p1a: Tauros|88\/100|[from] Stealth Rock\n|turn|8\n|\n|move|p1a: Tauros|Body Slam|p2a: Twisted Thoughts\n|-damage|p2a: Twisted Thoughts|0 fnt\n|faint|p2a: Twisted Thoughts\n|\n|upkeep\n|\n|switch|p2a: Mental Breakdown|Hawlucha, M, shiny|100\/100\n|-enditem|p2a: Mental Breakdown|Psychic Seed\n|-boost|p2a: Mental Breakdown|spd|1\n|turn|9\n|\n|move|p2a: Mental Breakdown|Substitute|p2a: Mental Breakdown\n|-start|p2a: Mental Breakdown|Substitute\n|-damage|p2a: Mental Breakdown|76\/100\n|move|p1a: Tauros|Body Slam|p2a: Mental Breakdown\n|-end|p2a: Mental Breakdown|Substitute\n|\n|upkeep\n|turn|10\n|\n|switch|p1a: Landorus|Landorus-Therian, M|89\/100\n|-damage|p1a: Landorus|77\/100|[from] Stealth Rock\n|-ability|p1a: Landorus|Intimidate|boost\n|-unboost|p2a: Mental Breakdown|atk|1\n|move|p2a: Mental Breakdown|High Jump Kick|p1a: Landorus\n|-resisted|p1a: Landorus\n|-damage|p1a: Landorus|61\/100\n|\n|-heal|p1a: Landorus|67\/100|[from] item: Leftovers\n|-fieldend|move: Psychic Terrain\n|upkeep\n|turn|11\n|\n|move|p2a: Mental Breakdown|Swords Dance|p2a: Mental Breakdown\n|-boost|p2a: Mental Breakdown|atk|2\n|move|p1a: Landorus|Hidden Power|p2a: Mental Breakdown\n|-supereffective|p2a: Mental Breakdown\n|-damage|p2a: Mental Breakdown|45\/100\n|\n|-heal|p1a: Landorus|73\/100|[from] item: Leftovers\n|upkeep\n|turn|12\n|\n|move|p2a: Mental Breakdown|Swords Dance|p2a: Mental Breakdown\n|-boost|p2a: Mental Breakdown|atk|2\n|move|p1a: Landorus|Hidden Power|p2a: Mental Breakdown\n|-supereffective|p2a: Mental Breakdown\n|-damage|p2a: Mental Breakdown|13\/100\n|\n|-heal|p1a: Landorus|79\/100|[from] item: Leftovers\n|upkeep\n|turn|13\n|\n|move|p2a: Mental Breakdown|Acrobatics|p1a: Landorus\n|-damage|p1a: Landorus|0 fnt\n|faint|p1a: Landorus\n|\n|upkeep\n|\n|switch|p1a: Rotom|Rotom-Wash|100\/100\n|-damage|p1a: Rotom|88\/100|[from] Stealth Rock\n|turn|14\n|\n|move|p2a: Mental Breakdown|High Jump Kick|p1a: Rotom\n|-damage|p1a: Rotom|0 fnt\n|faint|p1a: Rotom\n|\n|upkeep\n|-message|OGamer289 forfeited.\n|\n|win|smeb1997\n|l|\u2606OGamer289\n","uploadtime":1570555655,"views":2,"p1id":"ogamer289","p2id":"smeb1997","formatid":"gen7ou","rating":0,"private":0,"password":null}