{"id":"gen7ou-757946152","p1":"w e i r d y ol o01","p2":"Toxabelle","format":"gen7ou","log":"|j|\u2606w e i r d y ol o01\n|j|\u2606Toxabelle\n|inactive|Battle timer is ON: inactive players will automatically lose when time's up.\n|player|p1|w e i r d y ol o01|291\n|player|p2|Toxabelle|265\n|teamsize|p1|6\n|teamsize|p2|6\n|gametype|singles\n|gen|7\n|tier|[Gen 7] OU\n|rated|Tournament battle\n|rule|Sleep Clause Mod: Limit one foe put to sleep\n|rule|Species Clause: Limit one of each Pok\u00e9mon\n|rule|OHKO Clause: OHKO moves are banned\n|rule|Moody Clause: Moody is banned\n|rule|Evasion Moves Clause: Evasion moves are banned\n|rule|Endless Battle Clause: Forcing endless battles is banned\n|rule|HP Percentage Mod: HP is shown in percentages\n|clearpoke\n|poke|p1|Raichu-Alola, F|item\n|poke|p1|Landorus-Therian, M|item\n|poke|p1|Tornadus-Therian, M|item\n|poke|p1|Clefable, F|item\n|poke|p1|Keldeo|item\n|poke|p1|Kartana|item\n|poke|p2|Landorus-Therian, M|item\n|poke|p2|Zygarde|item\n|poke|p2|Tapu Koko|item\n|poke|p2|Magearna|item\n|poke|p2|Greninja, F|item\n|poke|p2|Mew|item\n|teampreview\n|j|+wutisudoin\n|j| AquaFinity\n|j| Admiral Striations\n|j| Balbasor\n|j| HML am\n|c|\u2606w e i r d y ol o01|hf\n|j|%shinyunown\n|j| cmpuls3\n|j| Gyslexic Duy (\u203d)\n|j| MaetSword\n|j| Nextgenbrandon\n|j| Real PHeal Spheal\n|inactive|Toxabelle has 135 seconds left.\n|c| Admiral Striations|alolan raichu\n|c|\u2606Toxabelle|hf g\n|c| Admiral Striations|without a koko\n|c| Admiral Striations|i respect that\n|c|\u2606w e i r d y ol o01|ay its the new wave\n|inactive|Toxabelle has 120 seconds left.\n|c|\u2606Toxabelle|u brought one for him\n|c|\u2606Toxabelle|its ok\n|c| cmpuls3|don't sleep on it lol\n|c|\u2606w e i r d y ol o01|ah cheers\n|inactive|Toxabelle has 105 seconds left.\n|n| MoustachiodSpheal|realphealspheal\n|j| Garrett16\n|c|\u2606w e i r d y ol o01|gamble correct\n|j| fakeAvacato\n|inactive|Toxabelle has 90 seconds left.\n|c| fakeAvacato|IN\n|c| Admiral Striations|he predicted opp would bring koko obviously\n|n| SphealbutwithBeard|moustachiodspheal\n|j| UnknownError17\n|inactive|Toxabelle has 75 seconds left.\n|j| I BUILT IN 5 MINS\n|j| Gamegod 099\n|c| Garrett16|it's why i put electric seed on my lucha even tho i don't run koko\n|inactive|Toxabelle has 60 seconds left.\n|n| Moustache Spheal|sphealbutwithbeard\n|c|\u2606w e i r d y ol o01|ya its my committed lucha counter\n|l| Gamegod 099\n|n| Spheal's Beard|moustachespheal\n|inactive|Toxabelle has 45 seconds left.\n|\n|start\n|switch|p1a: Raichu|Raichu-Alola, F|100\/100\n|switch|p2a: Greninja|Greninja, F|100\/100\n|turn|1\n|c|\u2606w e i r d y ol o01|its also scarf to outspeed jolly ;)\n|\n|move|p1a: Raichu|Nuzzle|p2a: Greninja\n|-supereffective|p2a: Greninja\n|-damage|p2a: Greninja|82\/100\n|-status|p2a: Greninja|par\n|move|p2a: Greninja|Scald|p1a: Raichu\n|-start|p2a: Greninja|typechange|Water|[from] Protean\n|-damage|p1a: Raichu|45\/100\n|\n|upkeep\n|turn|2\n|j| HolyMotherDuck\n|j| eat plants\n|j| Imbadbuturworse\ufe0f\n|inactive|w e i r d y ol o01 has 135 seconds left.\n|c|\u2606w e i r d y ol o01|wasnt jokin\n|c|\u2606Toxabelle|thats clean\n|j| Satwik Srivastava\n|\n|switch|p1a: Tornadus|Tornadus-Therian, M|100\/100\n|move|p2a: Greninja|Spikes|p1a: Tornadus\n|-start|p2a: Greninja|typechange|Ground|[from] Protean\n|-sidestart|p1: w e i r d y ol o01|Spikes\n|\n|upkeep\n|turn|3\n|inactive|Toxabelle has 135 seconds left.\n|j|\u203dcartooooon\n|inactive|w e i r d y ol o01 has 135 seconds left.\n|j| Proftreez\n|inactive|Toxabelle has 120 seconds left.\n|\n|switch|p2a: Magearna|Magearna|100\/100\n|move|p1a: Tornadus|U-turn|p2a: Magearna\n|-resisted|p2a: Magearna\n|-damage|p2a: Magearna|97\/100\n|\n|switch|p1a: Raichu|Raichu-Alola, F|45\/100\n|-damage|p1a: Raichu|33\/100|[from] Spikes\n|\n|-heal|p2a: Magearna|100\/100|[from] item: Leftovers\n|upkeep\n|turn|4\n|n|\u203dcartooooon|cartooooon\n|n|\u203dcawtuhn|cartooooon\n|\n|switch|p2a: Tapu Koko|Tapu Koko|100\/100\n|-fieldstart|move: Electric Terrain|[from] ability: Electric Surge|[of] p2a: Tapu Koko\n|move|p1a: Raichu|Knock Off|p2a: Tapu Koko\n|-resisted|p2a: Tapu Koko\n|-damage|p2a: Tapu Koko|91\/100\n|-enditem|p2a: Tapu Koko|Light Clay|[from] move: Knock Off|[of] p1a: Raichu\n|\n|upkeep\n|turn|5\n|inactive|Toxabelle has 135 seconds left.\n|\n|switch|p1a: Landorus|Landorus-Therian, M|100\/100\n|-ability|p1a: Landorus|Intimidate|boost\n|-unboost|p2a: Tapu Koko|atk|1\n|move|p2a: Tapu Koko|Reflect|p2a: Tapu Koko\n|-sidestart|p2: Toxabelle|Reflect\n|\n|upkeep\n|turn|6\n|c| Proftreez|LOL\n|\n|move|p2a: Tapu Koko|U-turn|p1a: Landorus\n|-resisted|p1a: Landorus\n|-damage|p1a: Landorus|96\/100\n|\n|switch|p2a: Landorus|Landorus-Therian, M|100\/100\n|-ability|p2a: Landorus|Intimidate|boost\n|-unboost|p1a: Landorus|atk|1\n|move|p1a: Landorus|Defog|p2a: Landorus\n|-unboost|p2a: Landorus|evasion|1\n|-sideend|p2: Toxabelle|Reflect\n|-sideend|p1: w e i r d y ol o01|Spikes|[from] move: Defog|[of] p1a: Landorus\n|\n|-heal|p1a: Landorus|100\/100|[from] item: Leftovers\n|upkeep\n|turn|7\n|\n|move|p2a: Landorus|Stealth Rock|p1a: Landorus\n|-sidestart|p1: w e i r d y ol o01|move: Stealth Rock\n|move|p1a: Landorus|Hidden Power|p2a: Landorus\n|-supereffective|p2a: Landorus\n|-damage|p2a: Landorus|28\/100\n|\n|upkeep\n|turn|8\n|\n|switch|p1a: Raichu|Raichu-Alola, F|33\/100\n|-damage|p1a: Raichu|20\/100|[from] Stealth Rock\n|move|p2a: Landorus|Hidden Power|p1a: Raichu\n|-damage|p1a: Raichu|0 fnt\n|-damage|p2a: Landorus|18\/100|[from] item: Life Orb\n|faint|p1a: Raichu\n|\n|-fieldend|move: Electric Terrain\n|upkeep\n|j| supa dupa hoopa u\n|c| Garrett16|goodbye speed control\n|\n|switch|p1a: Kartana|Kartana|100\/100\n|-damage|p1a: Kartana|94\/100|[from] Stealth Rock\n|turn|9\n|c| Garrett16|alola raichu\n|c|\u2606w e i r d y ol o01|ay I woulda gotten ohkod\n|inactive|w e i r d y ol o01 has 135 seconds left.\n|inactive|Toxabelle has 135 seconds left.\n|inactive|Toxabelle has 120 seconds left.\n|inactive|w e i r d y ol o01 has 120 seconds left.\n|j| aeoiuf\n|inactive|Toxabelle has 105 seconds left.\n|\n|switch|p2a: Magearna|Magearna|100\/100\n|move|p1a: Kartana|Substitute|p1a: Kartana\n|-start|p1a: Kartana|Substitute\n|-damage|p1a: Kartana|70\/100\n|\n|upkeep\n|turn|10\n|\n|move|p1a: Kartana|Sacred Sword|p2a: Magearna\n|-damage|p2a: Magearna|64\/100\n|move|p2a: Magearna|Ice Beam|p1a: Kartana\n|-end|p1a: Kartana|Substitute\n|\n|-heal|p2a: Magearna|70\/100|[from] item: Leftovers\n|upkeep\n|turn|11\n|\n|switch|p1a: Clefable|Clefable, F|100\/100\n|move|p2a: Magearna|Shift Gear|p2a: Magearna\n|-boost|p2a: Magearna|spe|2\n|-boost|p2a: Magearna|atk|1\n|\n|-heal|p2a: Magearna|77\/100|[from] item: Leftovers\n|upkeep\n|turn|12\n|c|\u2606w e i r d y ol o01|wow\n|n|\u203dcawtuhn|cawtuhn\n|n|\u203dLT42a c4Rt0on|cawtuhn\n|inactive|w e i r d y ol o01 has 135 seconds left.\n|inactive|Toxabelle has 135 seconds left.\n|c|\u2606w e i r d y ol o01|nice\n|j| zElotIc\n|c|\u2606Toxabelle|what\n|\n|switch|p2a: Tapu Koko|Tapu Koko|91\/100\n|-fieldstart|move: Electric Terrain|[from] ability: Electric Surge|[of] p2a: Tapu Koko\n|switch|p1a: Keldeo|Keldeo|100\/100\n|-damage|p1a: Keldeo|94\/100|[from] Stealth Rock\n|\n|upkeep\n|turn|13\n|j| maxikiwi\n|l| maxikiwi\n|l|lt42ac4rt0on\n|\n|switch|p1a: Landorus|Landorus-Therian, M|100\/100\n|-damage|p1a: Landorus|88\/100|[from] Stealth Rock\n|-ability|p1a: Landorus|Intimidate|boost\n|-unboost|p2a: Tapu Koko|atk|1\n|move|p2a: Tapu Koko|Light Screen|p2a: Tapu Koko\n|-sidestart|p2: Toxabelle|move: Light Screen\n|\n|-heal|p1a: Landorus|94\/100|[from] item: Leftovers\n|upkeep\n|turn|14\n|\n|move|p2a: Tapu Koko|Taunt|p1a: Landorus\n|-start|p1a: Landorus|move: Taunt\n|cant|p1a: Landorus|move: Taunt|Defog\n|\n|-heal|p1a: Landorus|99\/100|[from] item: Leftovers\n|upkeep\n|turn|15\n|j| resumeYang\n|\n|move|p2a: Tapu Koko|Reflect|p2a: Tapu Koko\n|-sidestart|p2: Toxabelle|Reflect\n|move|p1a: Landorus|Earthquake|p2a: Tapu Koko\n|-supereffective|p2a: Tapu Koko\n|-damage|p2a: Tapu Koko|47\/100\n|\n|-heal|p1a: Landorus|100\/100|[from] item: Leftovers\n|upkeep\n|turn|16\n|\n|move|p2a: Tapu Koko|U-turn|p1a: Landorus\n|-resisted|p1a: Landorus\n|-damage|p1a: Landorus|96\/100\n|\n|switch|p2a: Landorus|Landorus-Therian, M|18\/100\n|-ability|p2a: Landorus|Intimidate|boost\n|-unboost|p1a: Landorus|atk|1\n|move|p1a: Landorus|U-turn|p2a: Landorus\n|-resisted|p2a: Landorus\n|-damage|p2a: Landorus|15\/100\n|inactive|w e i r d y ol o01 has 135 seconds left.\n|inactive|w e i r d y ol o01 has 120 seconds left.\n|inactive|w e i r d y ol o01 has 105 seconds left.\n|inactive|w e i r d y ol o01 has 90 seconds left.\n|inactive|w e i r d y ol o01 has 75 seconds left.\n|c|\u2606w e i r d y ol o01|tricky\n|\n|switch|p1a: Keldeo|Keldeo|94\/100\n|-damage|p1a: Keldeo|88\/100|[from] Stealth Rock\n|\n|-fieldend|move: Electric Terrain\n|upkeep\n|turn|17\n|\n|switch|p2a: Greninja|Greninja, F|82\/100 par\n|move|p1a: Keldeo|Surf|p2a: Greninja\n|-resisted|p2a: Greninja\n|-damage|p2a: Greninja|54\/100 par\n|\n|-sideend|p2: Toxabelle|move: Light Screen\n|upkeep\n|turn|18\n|\n|move|p1a: Keldeo|Surf|p2a: Greninja\n|-resisted|p2a: Greninja\n|-damage|p2a: Greninja|0 fnt\n|faint|p2a: Greninja\n|\n|upkeep\n|l| aeoiuf\n|\n|switch|p2a: Tapu Koko|Tapu Koko|47\/100\n|-fieldstart|move: Electric Terrain|[from] ability: Electric Surge|[of] p2a: Tapu Koko\n|turn|19\n|l| fakeAvacato\n|inactive|w e i r d y ol o01 has 135 seconds left.\n|\n|switch|p1a: Landorus|Landorus-Therian, M|96\/100\n|-damage|p1a: Landorus|83\/100|[from] Stealth Rock\n|-ability|p1a: Landorus|Intimidate|boost\n|-unboost|p2a: Tapu Koko|atk|1\n|move|p2a: Tapu Koko|Light Screen|p2a: Tapu Koko\n|-sidestart|p2: Toxabelle|move: Light Screen\n|\n|-heal|p1a: Landorus|89\/100|[from] item: Leftovers\n|-sideend|p2: Toxabelle|Reflect\n|upkeep\n|turn|20\n|inactive|w e i r d y ol o01 has 135 seconds left.\n|inactive|Toxabelle has 135 seconds left.\n|inactive|w e i r d y ol o01 has 120 seconds left.\n|inactive|w e i r d y ol o01 has 105 seconds left.\n|inactive|w e i r d y ol o01 has 90 seconds left.\n|j| MC Forest\n|l| MC Forest\n|j| fakeAvacato\n|inactive|Toxabelle has 120 seconds left.\n|l| fakeAvacato\n|\n|move|p2a: Tapu Koko|Taunt|p1a: Landorus\n|-start|p1a: Landorus|move: Taunt\n|move|p1a: Landorus|Earthquake|p2a: Tapu Koko\n|-supereffective|p2a: Tapu Koko\n|-damage|p2a: Tapu Koko|0 fnt\n|faint|p2a: Tapu Koko\n|\n|-heal|p1a: Landorus|96\/100|[from] item: Leftovers\n|upkeep\n|n| Bearded Spheal|sphealsbeard\n|\n|switch|p2a: Mew|Mew|100\/100\n|turn|21\n|inactive|w e i r d y ol o01 has 135 seconds left.\n|\n|move|p2a: Mew|Rock Polish|p2a: Mew\n|-boost|p2a: Mew|spe|2\n|move|p1a: Landorus|U-turn|p2a: Mew\n|-supereffective|p2a: Mew\n|-damage|p2a: Mew|58\/100\n|l| Proftreez\n|inactive|w e i r d y ol o01 has 135 seconds left.\n|inactive|w e i r d y ol o01 has 120 seconds left.\n|inactive|w e i r d y ol o01 has 105 seconds left.\n|\n|switch|p1a: Tornadus|Tornadus-Therian, M|100\/100\n|-damage|p1a: Tornadus|76\/100|[from] Stealth Rock\n|\n|upkeep\n|turn|22\n|\n|-zpower|p2a: Mew\n|move|p2a: Mew|Genesis Supernova|p1a: Tornadus|[zeffect]\n|-damage|p1a: Tornadus|14\/100\n|-fieldstart|move: Psychic Terrain\n|move|p1a: Tornadus|U-turn|p2a: Mew\n|-supereffective|p2a: Mew\n|-damage|p2a: Mew|28\/100\n|inactive|w e i r d y ol o01 has 135 seconds left.\n|inactive|w e i r d y ol o01 has 120 seconds left.\n|\n|switch|p1a: Clefable|Clefable, F|100\/100\n|\n|upkeep\n|turn|23\n|inactive|w e i r d y ol o01 has 120 seconds left.\n|c|\u2606Toxabelle|that was premature\n|c|\u2606w e i r d y ol o01|ya\n|inactive|w e i r d y ol o01 has 105 seconds left.\n|c| Admiral Striations|thats what she said\n|\n|move|p2a: Mew|Nasty Plot|p2a: Mew\n|-boost|p2a: Mew|spa|2\n|move|p1a: Clefable|Wish|p1a: Clefable\n|\n|-sideend|p2: Toxabelle|move: Light Screen\n|upkeep\n|turn|24\n|inactive|w e i r d y ol o01 has 90 seconds left.\n|l| Gyslexic Duy (\u203d)\n|\n|move|p2a: Mew|Psychic|p1a: Clefable\n|-damage|p1a: Clefable|18\/100\n|move|p1a: Clefable|Moonblast|p2a: Mew\n|-damage|p2a: Mew|0 fnt\n|faint|p2a: Mew\n|\n|-heal|p1a: Clefable|68\/100|[from] move: Wish|[wisher] Clefable\n|-heal|p1a: Clefable|74\/100|[from] item: Leftovers\n|upkeep\n|\n|switch|p2a: Magearna|Magearna|77\/100\n|turn|25\n|\n|switch|p1a: Keldeo|Keldeo|88\/100\n|-damage|p1a: Keldeo|82\/100|[from] Stealth Rock\n|move|p2a: Magearna|Shift Gear|p2a: Magearna\n|-boost|p2a: Magearna|spe|2\n|-boost|p2a: Magearna|atk|1\n|\n|-heal|p2a: Magearna|83\/100|[from] item: Leftovers\n|upkeep\n|turn|26\n|inactive|w e i r d y ol o01 has 105 seconds left.\n|c|\u2606Toxabelle|damn wtf it lives\n|\n|move|p2a: Magearna|Calm Mind|p2a: Magearna\n|-boost|p2a: Magearna|spa|1\n|-boost|p2a: Magearna|spd|1\n|move|p1a: Keldeo|Hydro Pump|p2a: Magearna\n|-damage|p2a: Magearna|33\/100\n|\n|-heal|p2a: Magearna|39\/100|[from] item: Leftovers\n|-fieldend|move: Psychic Terrain\n|upkeep\n|turn|27\n|\n|move|p2a: Magearna|Thunderbolt|p1a: Keldeo\n|-supereffective|p1a: Keldeo\n|-crit|p1a: Keldeo\n|-damage|p1a: Keldeo|0 fnt\n|faint|p1a: Keldeo\n|-ability|p2a: Magearna|Soul-Heart|boost\n|-boost|p2a: Magearna|spa|1\n|\n|-heal|p2a: Magearna|45\/100|[from] item: Leftovers\n|upkeep\n|inactive|w e i r d y ol o01 has 105 seconds left.\n|c|\u2606w e i r d y ol o01|ya I died anway\n|\n|switch|p1a: Kartana|Kartana|70\/100\n|-damage|p1a: Kartana|63\/100|[from] Stealth Rock\n|turn|28\n|\n|move|p2a: Magearna|Ice Beam|p1a: Kartana\n|-damage|p1a: Kartana|0 fnt\n|faint|p1a: Kartana\n|-ability|p2a: Magearna|Soul-Heart|boost\n|-boost|p2a: Magearna|spa|1\n|\n|-heal|p2a: Magearna|51\/100|[from] item: Leftovers\n|upkeep\n|\n|switch|p1a: Clefable|Clefable, F|74\/100\n|turn|29\n|c|\u2606w e i r d y ol o01|gg\n|c| Garrett16|sweeper no sweeping\n|c|\u2606Toxabelle|how did clef live a +2 modest psychic in terrain\n|\n|move|p2a: Magearna|Ice Beam|p1a: Clefable\n|-damage|p1a: Clefable|18\/100\n|move|p1a: Clefable|Moonblast|p2a: Magearna\n|-resisted|p2a: Magearna\n|-damage|p2a: Magearna|43\/100\n|\n|-heal|p2a: Magearna|49\/100|[from] item: Leftovers\n|-heal|p1a: Clefable|24\/100|[from] item: Leftovers\n|upkeep\n|turn|30\n|c| Nextgenbrandon|haze clef?\n|c| Satwik Srivastava|Unaware\n|inactive|w e i r d y ol o01 has 120 seconds left.\n|c|\u2606w e i r d y ol o01|na\n|c|\u2606w e i r d y ol o01|spdef\n|c| Nextgenbrandon|naisu\n|\n|switch|p1a: Landorus|Landorus-Therian, M|96\/100\n|-damage|p1a: Landorus|83\/100|[from] Stealth Rock\n|-ability|p1a: Landorus|Intimidate|boost\n|-unboost|p2a: Magearna|atk|1\n|move|p2a: Magearna|Ice Beam|p1a: Landorus\n|-supereffective|p1a: Landorus\n|-damage|p1a: Landorus|0 fnt\n|faint|p1a: Landorus\n|-ability|p2a: Magearna|Soul-Heart|boost\n|-boost|p2a: Magearna|spa|1\n|\n|-heal|p2a: Magearna|55\/100|[from] item: Leftovers\n|upkeep\n|c| Satwik Srivastava|Or uff\n|inactive|w e i r d y ol o01 has 120 seconds left.\n|c|\u2606Toxabelle|still even if unaware\n|c|\u2606Toxabelle|i mean\n|c|\u2606Toxabelle|spdef\n|c|\u2606w e i r d y ol o01|nah spdef cleanly lives\n|inactive|w e i r d y ol o01 has 105 seconds left.\n|\n|switch|p1a: Tornadus|Tornadus-Therian, M|47\/100\n|-damage|p1a: Tornadus|22\/100|[from] Stealth Rock\n|turn|31\n|l| Imbadbuturworse\ufe0f\n|\n|switch|p1a: Clefable|Clefable, F|24\/100\n|move|p2a: Magearna|Ice Beam|p1a: Clefable\n|-damage|p1a: Clefable|0 fnt\n|faint|p1a: Clefable\n|-ability|p2a: Magearna|Soul-Heart|boost\n|-boost|p2a: Magearna|spa|1\n|\n|-heal|p2a: Magearna|61\/100|[from] item: Leftovers\n|upkeep\n|inactive|w e i r d y ol o01 has 120 seconds left.\n|c|\u2606Toxabelle|welp, gg\n|c|\u2606w e i r d y ol o01|gg\n|c|\u2606w e i r d y ol o01|needa patch this weakness\n|c|\u2606w e i r d y ol o01|well played\n|-message|w e i r d y ol o01 forfeited.\n|\n|win|Toxabelle\n","inputlog":null,"uploadtime":1528204913,"views":29,"p1id":"weirdyolo01","p2id":"toxabelle","formatid":"gen7ou","rating":0,"private":0,"password":null}