{"id":"gen7ou-944027064","p1":"HQSTest","p2":"jaqwsedrftg","format":"gen7ou","log":"|j|\u2606HQSTest\n|j|\u2606jaqwsedrftg\n|player|p1|HQSTest|260|\n|player|p2|jaqwsedrftg|102|\n|teamsize|p1|6\n|teamsize|p2|6\n|gametype|singles\n|gen|7\n|tier|[Gen 7] OU\n|rated|\n|rule|Sleep Clause Mod: Limit one foe put to sleep\n|rule|Species Clause: Limit one of each Pok\u00e9mon\n|rule|OHKO Clause: OHKO moves are banned\n|rule|Moody Clause: Moody is banned\n|rule|Evasion Moves Clause: Evasion moves are banned\n|rule|Endless Battle Clause: Forcing endless battles is banned\n|rule|HP Percentage Mod: HP is shown in percentages\n|clearpoke\n|poke|p1|Medicham, M|item\n|poke|p1|Greninja, M|item\n|poke|p1|Kartana|item\n|poke|p1|Landorus-Therian, M|item\n|poke|p1|Magearna|item\n|poke|p1|Tapu Koko|item\n|poke|p2|Medicham, M|item\n|poke|p2|Tapu Koko|item\n|poke|p2|Landorus-Therian, M|item\n|poke|p2|Magearna|item\n|poke|p2|Greninja, M|item\n|poke|p2|Kartana|item\n|teampreview\n|inactive|Battle timer is ON: inactive players will automatically lose when time's up. (requested by jaqwsedrftg)\n|inactive|jaqwsedrftg has 120 seconds left.\n|\n|start\n|switch|p1a: Landorus|Landorus-Therian, M|100\/100\n|switch|p2a: Medicham|Medicham, M|100\/100\n|-ability|p1a: Landorus|Intimidate|boost\n|-unboost|p2a: Medicham|atk|1\n|turn|1\n|\n|detailschange|p2a: Medicham|Medicham-Mega, M\n|-mega|p2a: Medicham|Medicham|Medichamite\n|move|p2a: Medicham|Fake Out|p1a: Landorus\n|-damage|p1a: Landorus|89\/100\n|cant|p1a: Landorus|flinch\n|\n|upkeep\n|turn|2\n|\n|switch|p2a: Magearna|Magearna|100\/100\n|move|p1a: Landorus|Stealth Rock|p2a: Magearna\n|-sidestart|p2: jaqwsedrftg|move: Stealth Rock\n|\n|upkeep\n|turn|3\n|\n|move|p1a: Landorus|Earthquake|p2a: Magearna\n|-supereffective|p2a: Magearna\n|-damage|p2a: Magearna|26\/100\n|move|p2a: Magearna|Ice Beam|p1a: Landorus\n|-supereffective|p1a: Landorus\n|-enditem|p1a: Landorus|Yache Berry|[eat]\n|-enditem|p1a: Landorus|Yache Berry|[weaken]\n|-damage|p1a: Landorus|29\/100\n|-status|p1a: Landorus|frz\n|\n|upkeep\n|turn|4\n|\n|cant|p1a: Landorus|frz\n|move|p2a: Magearna|Hidden Power|p1a: Landorus\n|-damage|p1a: Landorus|10\/100 frz\n|-curestatus|p1a: Landorus|frz|[msg]\n|\n|upkeep\n|turn|5\n|\n|switch|p2a: Landorus|Landorus-Therian, M|100\/100\n|-damage|p2a: Landorus|88\/100|[from] Stealth Rock\n|-ability|p2a: Landorus|Intimidate|boost\n|-unboost|p1a: Landorus|atk|1\n|move|p1a: Landorus|Hidden Power|p2a: Landorus\n|-supereffective|p2a: Landorus\n|-enditem|p2a: Landorus|Yache Berry|[eat]\n|-enditem|p2a: Landorus|Yache Berry|[weaken]\n|-damage|p2a: Landorus|57\/100\n|\n|upkeep\n|turn|6\n|\n|move|p1a: Landorus|Hidden Power|p2a: Landorus\n|-supereffective|p2a: Landorus\n|-damage|p2a: Landorus|0 fnt\n|faint|p2a: Landorus\n|\n|upkeep\n|\n|switch|p2a: Kartana|Kartana|100\/100\n|-damage|p2a: Kartana|94\/100|[from] Stealth Rock\n|turn|7\n|\n|move|p2a: Kartana|Sacred Sword|p1a: Landorus\n|-resisted|p1a: Landorus\n|-damage|p1a: Landorus|0 fnt\n|faint|p1a: Landorus\n|-ability|p2a: Kartana|Beast Boost|boost\n|-boost|p2a: Kartana|atk|1\n|\n|upkeep\n|\n|switch|p1a: Tapu Koko|Tapu Koko|100\/100\n|-fieldstart|move: Electric Terrain|[from] ability: Electric Surge|[of] p1a: Tapu Koko\n|turn|8\n|inactive|jaqwsedrftg has 120 seconds left.\n|j| SheepEmperor\n|l| SheepEmperor\n|inactive|jaqwsedrftg has 90 seconds left.\n|\n|move|p1a: Tapu Koko|Volt Switch|p2a: Kartana\n|-resisted|p2a: Kartana\n|-damage|p2a: Kartana|20\/100\n|\n|switch|p1a: Medicham|Medicham, M|100\/100|[from]move: Volt Switch\n|move|p2a: Kartana|Leaf Blade|p1a: Medicham\n|-damage|p1a: Medicham|0 fnt\n|faint|p1a: Medicham\n|-ability|p2a: Kartana|Beast Boost|boost\n|-boost|p2a: Kartana|atk|1\n|\n|upkeep\n|\n|switch|p1a: Greninja|Greninja, M|100\/100\n|turn|9\n|\n|move|p1a: Greninja|Dark Pulse|p2a: Kartana\n|-damage|p2a: Kartana|0 fnt\n|faint|p2a: Kartana\n|-activate|p1a: Greninja|ability: Battle Bond\n|detailschange|p1a: Greninja|Greninja-Ash, M\n|\n|upkeep\n|\n|switch|p2a: Tapu Koko|Tapu Koko|100\/100\n|-damage|p2a: Tapu Koko|88\/100|[from] Stealth Rock\n|turn|10\n|\n|switch|p1a: Tapu Koko|Tapu Koko|100\/100\n|move|p2a: Tapu Koko|Volt Switch|p1a: Tapu Koko\n|-resisted|p1a: Tapu Koko\n|-damage|p1a: Tapu Koko|65\/100\n|inactive|jaqwsedrftg has 120 seconds left.\n|\n|switch|p2a: Magearna|Magearna|26\/100|[from]move: Volt Switch\n|-damage|p2a: Magearna|20\/100|[from] Stealth Rock\n|\n|upkeep\n|turn|11\n|\n|move|p1a: Tapu Koko|Volt Switch|p2a: Magearna\n|-damage|p2a: Magearna|0 fnt\n|faint|p2a: Magearna\n|\n|switch|p1a: Greninja|Greninja-Ash, M|100\/100|[from]move: Volt Switch\n|\n|upkeep\n|\n|switch|p2a: Tapu Koko|Tapu Koko|88\/100\n|-damage|p2a: Tapu Koko|76\/100|[from] Stealth Rock\n|turn|12\n|\n|switch|p2a: Greninja|Greninja, M|100\/100\n|-damage|p2a: Greninja|88\/100|[from] Stealth Rock\n|move|p1a: Greninja|Water Shuriken|p2a: Greninja\n|-resisted|p2a: Greninja\n|-damage|p2a: Greninja|75\/100\n|-resisted|p2a: Greninja\n|-damage|p2a: Greninja|61\/100\n|-resisted|p2a: Greninja\n|-damage|p2a: Greninja|46\/100\n|-hitcount|p2a: Greninja|3\n|\n|-fieldend|move: Electric Terrain\n|upkeep\n|turn|13\n|inactive|HQSTest has 120 seconds left.\n|\n|switch|p1a: Magearna|Magearna|100\/100\n|move|p2a: Greninja|Hydro Pump|p1a: Magearna\n|-damage|p1a: Magearna|67\/100\n|\n|upkeep\n|turn|14\n|-message|jaqwsedrftg forfeited.\n|\n|win|HQSTest\n|l|\u2606jaqwsedrftg\n|raw|HQSTest's rating: 1684 &rarr; <strong>1708<\/strong><br \/>(+24 for winning)\n|raw|jaqwsedrftg's rating: 1742 &rarr; <strong>1719<\/strong><br \/>(-23 for losing)\n","uploadtime":1562998933,"views":69,"p1id":"hqstest","p2id":"jaqwsedrftg","formatid":"gen7ou","rating":1708,"private":0,"password":null}