{"id":"gen7ou-881096128","p1":"why addicted","p2":"mike574","format":"gen7ou","log":"|j|\u2606why addicted\n|j|\u2606mike574\n|inactive|Battle timer is ON: inactive players will automatically lose when time's up.\n|player|p1|why addicted|265\n|player|p2|mike574|203\n|teamsize|p1|6\n|teamsize|p2|6\n|gametype|singles\n|gen|7\n|tier|[Gen 7] OU\n|rated|Tournament battle\n|rule|Sleep Clause Mod: Limit one foe put to sleep\n|rule|Species Clause: Limit one of each Pok\u00e9mon\n|rule|OHKO Clause: OHKO moves are banned\n|rule|Moody Clause: Moody is banned\n|rule|Evasion Moves Clause: Evasion moves are banned\n|rule|Endless Battle Clause: Forcing endless battles is banned\n|rule|HP Percentage Mod: HP is shown in percentages\n|clearpoke\n|poke|p1|Lopunny, M|item\n|poke|p1|Hydreigon, F|item\n|poke|p1|Toxapex, M|item\n|poke|p1|Celesteela|item\n|poke|p1|Excadrill, F|item\n|poke|p1|Tornadus-Therian, M|item\n|poke|p2|Tapu Koko|item\n|poke|p2|Aerodactyl, M|item\n|poke|p2|Blacephalon|item\n|poke|p2|Charizard, F|item\n|poke|p2|Azumarill, F|item\n|poke|p2|Hawlucha, F|item\n|teampreview\n|j| NotHenry\n|j|+Ske\n|j| using_namespace\n|j| enigmaplus\n|j| PLT2XY Aurella\u25c6\n|j| fireballzxd\n|j| Diablo Ice\n|j| nil ligga\n|j| cleann\n|c|\u2606mike574|hf\n|c|\u2606why addicted|hf\n|j| 431 Amaterasu\n|j| R3GRETS\n|l| cleann\n|c| using_namespace|good luck\n|l|+Ske\n|j| A.B Gray\n|l| R3GRETS\n|\n|start\n|switch|p1a: Lopunny|Lopunny, M|100\/100\n|switch|p2a: Aerodactyl|Aerodactyl, M|100\/100\n|-ability|p2a: Aerodactyl|Pressure\n|turn|1\n|j| Mystletaynn\n|\n|detailschange|p1a: Lopunny|Lopunny-Mega, M\n|-mega|p1a: Lopunny|Lopunny|Lopunnite\n|move|p2a: Aerodactyl|Protect|p2a: Aerodactyl\n|-singleturn|p2a: Aerodactyl|Protect\n|move|p1a: Lopunny|Fake Out|p2a: Aerodactyl\n|-activate|p2a: Aerodactyl|move: Protect\n|\n|upkeep\n|turn|2\n|\n|move|p1a: Lopunny|High Jump Kick|p2a: Aerodactyl\n|-enditem|p2a: Aerodactyl|Focus Sash\n|-damage|p2a: Aerodactyl|1\/100\n|move|p2a: Aerodactyl|Stealth Rock|p1a: Lopunny\n|-sidestart|p1: why addicted|move: Stealth Rock\n|\n|upkeep\n|turn|3\n|\n|move|p1a: Lopunny|Frustration|p2a: Aerodactyl\n|-resisted|p2a: Aerodactyl\n|-damage|p2a: Aerodactyl|0 fnt\n|faint|p2a: Aerodactyl\n|\n|upkeep\n|c| using_namespace|??\n|c| nil ligga|i got ten bands\n|inactive|mike574 has 120 seconds left.\n|c| nil ligga|on mike\n|inactive|mike574 has 90 seconds left.\n|j| R3GRETS\n|\n|switch|p2a: Azumarill|Azumarill, F|100\/100\n|turn|4\n|c| using_namespace|this is a prettty interesting balance team here\n|\n|switch|p1a: Tornadus|Tornadus-Therian, M|100\/100\n|-damage|p1a: Tornadus|76\/100|[from] Stealth Rock\n|move|p2a: Azumarill|Play Rough|p1a: Tornadus\n|-damage|p1a: Tornadus|15\/100\n|\n|upkeep\n|turn|5\n|inactive|mike574 has 90 seconds left.\n|\n|move|p2a: Azumarill|Aqua Jet|p1a: Tornadus\n|-damage|p1a: Tornadus|0 fnt\n|faint|p1a: Tornadus\n|\n|upkeep\n|c| nil ligga|why he go torm?\n|\n|switch|p1a: Excadrill|Excadrill, F|100\/100\n|-damage|p1a: Excadrill|97\/100|[from] Stealth Rock\n|-ability|p1a: Excadrill|Mold Breaker\n|turn|6\n|c| enigmaplus|y no toxa\n|inactive|mike574 has 90 seconds left.\n|\n|move|p2a: Azumarill|Aqua Jet|p1a: Excadrill\n|-supereffective|p1a: Excadrill\n|-damage|p1a: Excadrill|40\/100\n|move|p1a: Excadrill|Stealth Rock|p2a: Azumarill\n|-sidestart|p2: mike574|move: Stealth Rock\n|\n|-heal|p1a: Excadrill|46\/100|[from] item: Leftovers\n|upkeep\n|turn|7\n|\n|move|p2a: Azumarill|Aqua Jet|p1a: Excadrill\n|-supereffective|p1a: Excadrill\n|-damage|p1a: Excadrill|0 fnt\n|faint|p1a: Excadrill\n|\n|upkeep\n|c| A.B Gray|y u ot in final if ur so gewd ;)\n|c| nil ligga|HUH\n|\n|switch|p1a: Toxapex|Toxapex, M|100\/100\n|-damage|p1a: Toxapex|88\/100|[from] Stealth Rock\n|turn|8\n|c| Mystletaynn|reminds me of the kory team except worse\n|inactive|mike574 has 60 seconds left.\n|l| R3GRETS\n|j| xQueenPichux\n|\n|switch|p2a: Charizard|Charizard, F|100\/100\n|-damage|p2a: Charizard|51\/100|[from] Stealth Rock\n|move|p1a: Toxapex|Toxic Spikes|p2a: Charizard\n|-sidestart|p2: mike574|move: Toxic Spikes\n|\n|upkeep\n|turn|9\n|j| zuanimal\n|inactive|mike574 has 30 seconds left.\n|l| fireballzxd\n|inactive|mike574 has 20 seconds left.\n|\n|detailschange|p2a: Charizard|Charizard-Mega-X, F\n|-mega|p2a: Charizard|Charizard|Charizardite X\n|move|p2a: Charizard|Dragon Dance|p2a: Charizard\n|-boost|p2a: Charizard|atk|1\n|-boost|p2a: Charizard|spe|1\n|move|p1a: Toxapex|Haze|p1a: Toxapex\n|-clearallboost\n|\n|upkeep\n|turn|10\n|inactive|mike574 has 30 seconds left this turn.\n|\n|move|p2a: Charizard|Dragon Dance|p2a: Charizard\n|-boost|p2a: Charizard|atk|1\n|-boost|p2a: Charizard|spe|1\n|move|p1a: Toxapex|Haze|p1a: Toxapex\n|-clearallboost\n|\n|upkeep\n|turn|11\n|\n|move|p2a: Charizard|Dragon Dance|p2a: Charizard\n|-boost|p2a: Charizard|atk|1\n|-boost|p2a: Charizard|spe|1\n|move|p1a: Toxapex|Haze|p1a: Toxapex\n|-clearallboost\n|\n|upkeep\n|turn|12\n|\n|move|p2a: Charizard|Dragon Dance|p2a: Charizard\n|-boost|p2a: Charizard|atk|1\n|-boost|p2a: Charizard|spe|1\n|move|p1a: Toxapex|Haze|p1a: Toxapex\n|-clearallboost\n|\n|upkeep\n|turn|13\n|\n|move|p2a: Charizard|Dragon Dance|p2a: Charizard\n|-boost|p2a: Charizard|atk|1\n|-boost|p2a: Charizard|spe|1\n|move|p1a: Toxapex|Haze|p1a: Toxapex\n|-clearallboost\n|\n|upkeep\n|turn|14\n|\n|move|p2a: Charizard|Thunder Punch|p1a: Toxapex\n|-supereffective|p1a: Toxapex\n|-damage|p1a: Toxapex|35\/100\n|-status|p1a: Toxapex|par\n|cant|p1a: Toxapex|par\n|\n|upkeep\n|turn|15\n|j| Emogla1\n|c|\u2606why addicted|para sucks\n|c| enigmaplus|THAT para\n|c| nil ligga|damn\n|l| xQueenPichux\n|\n|switch|p1a: Lopunny|Lopunny-Mega, M|100\/100\n|-damage|p1a: Lopunny|95\/100|[from] Stealth Rock\n|move|p2a: Charizard|Dragon Dance|p2a: Charizard\n|-boost|p2a: Charizard|atk|1\n|-boost|p2a: Charizard|spe|1\n|\n|upkeep\n|turn|16\n|inactive|mike574 has 60 seconds left.\n|j| telstra tv 2\n|\n|move|p1a: Lopunny|Fake Out|p2a: Charizard\n|-damage|p2a: Charizard|29\/100\n|cant|p2a: Charizard|flinch\n|\n|upkeep\n|turn|17\n|l| telstra tv 2\n|\n|switch|p1a: Toxapex|Toxapex, M|68\/100 par\n|-damage|p1a: Toxapex|56\/100 par|[from] Stealth Rock\n|move|p2a: Charizard|Dragon Claw|p1a: Toxapex\n|-damage|p1a: Toxapex|0 fnt\n|faint|p1a: Toxapex\n|\n|upkeep\n|c| nil ligga|hjk\n|c| nil ligga|on the roost\n|\n|switch|p1a: Lopunny|Lopunny-Mega, M|95\/100\n|-damage|p1a: Lopunny|89\/100|[from] Stealth Rock\n|turn|18\n|c| nil ligga|nvrmind\n|\n|move|p1a: Lopunny|Fake Out|p2a: Charizard\n|-damage|p2a: Charizard|8\/100\n|cant|p2a: Charizard|flinch\n|\n|upkeep\n|turn|19\n|\n|move|p1a: Lopunny|Quick Attack|p2a: Charizard\n|-damage|p2a: Charizard|0 fnt\n|faint|p2a: Charizard\n|\n|upkeep\n|j|%laser\u706bcircus\n|c| enigmaplus|QUICK ATTACK\n|c| nil ligga|lol\n|c| enigmaplus|pogchamp\n|j| R3GRETS\n|inactive|mike574 has 60 seconds left.\n|c| nil ligga|fucking quick attack\n|c| Emogla1|Hey it worked\n|c| enigmaplus|massive respecks for no ice punch\n|\n|switch|p2a: Tapu Koko|Tapu Koko|100\/100\n|-status|p2a: Tapu Koko|psn\n|-damage|p2a: Tapu Koko|88\/100 psn|[from] Stealth Rock\n|-fieldstart|move: Electric Terrain|[from] ability: Electric Surge|[of] p2a: Tapu Koko\n|turn|20\n|c| enigmaplus|i aspire to have that level of BDE\n|inactive|mike574 has 30 seconds left.\n|j| LiterallyATest\n|c| nil ligga|scarf koko?\n|\n|move|p1a: Lopunny|Frustration|p2a: Tapu Koko\n|-damage|p2a: Tapu Koko|27\/100 psn\n|move|p2a: Tapu Koko|Reflect|p2a: Tapu Koko\n|-sidestart|p2: mike574|Reflect\n|\n|-damage|p2a: Tapu Koko|14\/100 psn|[from] psn\n|upkeep\n|turn|21\n|\n|switch|p1a: Celesteela|Celesteela|100\/100\n|-damage|p1a: Celesteela|88\/100|[from] Stealth Rock\n|move|p2a: Tapu Koko|Light Screen|p2a: Tapu Koko\n|-sidestart|p2: mike574|move: Light Screen\n|\n|-heal|p1a: Celesteela|94\/100|[from] item: Leftovers\n|-damage|p2a: Tapu Koko|2\/100 psn|[from] psn\n|upkeep\n|turn|22\n|\n|move|p1a: Celesteela|Protect|p1a: Celesteela\n|-singleturn|p1a: Celesteela|Protect\n|move|p2a: Tapu Koko|Taunt|p1a: Celesteela\n|-activate|p1a: Celesteela|move: Protect\n|\n|-heal|p1a: Celesteela|99\/100|[from] item: Leftovers\n|-damage|p2a: Tapu Koko|0 fnt|[from] psn\n|faint|p2a: Tapu Koko\n|upkeep\n|c| Emogla1|Ice punch is for lando and chomp checks which this team can do wo ip\n|l| LiterallyATest\n|inactive|mike574 has 30 seconds left.\n|c| nil ligga|hawlucha\n|inactive|mike574 has 20 seconds left.\n|c| nil ligga|gonna come in\n|inactive|mike574 has 15 seconds left.\n|c| nil ligga|and sweep\n|inactive|mike574 has 10 seconds left.\n|\n|switch|p2a: Hawlucha|Hawlucha, F|100\/100\n|-damage|p2a: Hawlucha|88\/100|[from] Stealth Rock\n|-enditem|p2a: Hawlucha|Electric Seed\n|-boost|p2a: Hawlucha|def|1\n|turn|23\n|inactive|mike574 has 20 seconds left this turn.\n|inactive|mike574 has 15 seconds left.\n|\n|move|p2a: Hawlucha|Swords Dance|p2a: Hawlucha\n|-boost|p2a: Hawlucha|atk|2\n|move|p1a: Celesteela|Air Slash|p2a: Hawlucha\n|-supereffective|p2a: Hawlucha\n|-damage|p2a: Hawlucha|48\/100\n|\n|-heal|p1a: Celesteela|100\/100|[from] item: Leftovers\n|upkeep\n|turn|24\n|inactive|mike574 has 25 seconds left this turn.\n|\n|move|p2a: Hawlucha|Roost|p2a: Hawlucha\n|-heal|p2a: Hawlucha|98\/100\n|-singleturn|p2a: Hawlucha|move: Roost\n|move|p1a: Celesteela|Air Slash|p2a: Hawlucha\n|-supereffective|p2a: Hawlucha\n|-damage|p2a: Hawlucha|57\/100\n|\n|-fieldend|move: Electric Terrain\n|upkeep\n|turn|25\n|c| nil ligga|O\n|inactive|mike574 has 30 seconds left.\n|\n|move|p2a: Hawlucha|Roost|p2a: Hawlucha\n|-heal|p2a: Hawlucha|100\/100\n|-singleturn|p2a: Hawlucha|move: Roost\n|move|p1a: Celesteela|Air Slash|p2a: Hawlucha\n|-supereffective|p2a: Hawlucha\n|-damage|p2a: Hawlucha|59\/100\n|\n|upkeep\n|turn|26\n|\n|move|p2a: Hawlucha|Roost|p2a: Hawlucha\n|-heal|p2a: Hawlucha|100\/100\n|-singleturn|p2a: Hawlucha|move: Roost\n|move|p1a: Celesteela|Air Slash|p2a: Hawlucha\n|-supereffective|p2a: Hawlucha\n|-damage|p2a: Hawlucha|60\/100\n|\n|upkeep\n|turn|27\n|\n|move|p2a: Hawlucha|High Jump Kick|p1a: Celesteela\n|-crit|p1a: Celesteela\n|-damage|p1a: Celesteela|0 fnt\n|faint|p1a: Celesteela\n|\n|-sideend|p2: mike574|Reflect\n|upkeep\n|c| Mystletaynn|nice light screen\n|c|\u2606why addicted|fg\n|c|\u2606why addicted|gg\n|c| nil ligga|damn\n|c| Mystletaynn|o rip\n|c| enigmaplus|THAT crit\n|-message|why addicted forfeited.\n|\n|win|mike574\n","uploadtime":1553407631,"views":53,"p1id":"whyaddicted","p2id":"mike574","formatid":"gen7ou","rating":0,"private":0,"password":null}