{"id":"gen7metronomebattle-1003322919","p1":"Hajmola","p2":"Flametix","format":"gen7metronomebattle","log":"|j|\u2606Hajmola\n|j|\u2606Flametix\n|player|p1|Hajmola|102|\n|player|p2|Flametix|3|\n|teamsize|p1|2\n|teamsize|p2|2\n|gametype|doubles\n|gen|7\n|tier|[Gen 7] Metronome Battle\n|rule|HP Percentage Mod: HP is shown in percentages\n|\n|start\n|switch|p1a: Aerodactyl|Aerodactyl-Mega, F, shiny|100\/100\n|switch|p1b: Gengar|Gengar-Mega, M, shiny|100\/100\n|switch|p2a: rocky|Regirock, shiny|100\/100\n|switch|p2b: Quest cequilya|Snorlax, M|100\/100\n|-fieldstart|move: Misty Terrain|[from] ability: Misty Surge|[of] p2a: rocky\n|-enditem|p2a: rocky|Misty Seed\n|-activate|p2b: Quest cequilya|ability: Symbiosis|Weakness Policy|[of] p2a: rocky\n|-boost|p2a: rocky|spd|1\n|turn|1\n|\n|move|p1a: Aerodactyl|Metronome|p1a: Aerodactyl\n|move|p1a: Aerodactyl|Fire Spin|p2a: rocky|[from]Metronome\n|-resisted|p2a: rocky\n|-damage|p2a: rocky|99\/100\n|-activate|p2a: rocky|move: Fire Spin|[of] p1a: Aerodactyl\n|move|p1b: Gengar|Metronome|p1b: Gengar\n|move|p1b: Gengar|Retaliate|p2b: Quest cequilya|[from]Metronome\n|-damage|p2b: Quest cequilya|90\/100\n|move|p2a: rocky|Metronome|p2a: rocky\n|move|p2a: rocky|Constrict|p1b: Gengar|[from]Metronome\n|-immune|p1b: Gengar\n|move|p2b: Quest cequilya|Metronome|p2b: Quest cequilya\n|move|p2b: Quest cequilya|Lunar Dance||[from]Metronome|[still]\n|-fail|p2b: Quest cequilya\n|\n|-damage|p2a: rocky|86\/100|[from] move: Fire Spin|[partiallytrapped]\n|upkeep\n|turn|2\n|\n|move|p1a: Aerodactyl|Metronome|p1a: Aerodactyl\n|move|p1a: Aerodactyl|Screech|p2a: rocky|[from]Metronome\n|-unboost|p2a: rocky|def|2\n|move|p1b: Gengar|Metronome|p1b: Gengar\n|move|p1b: Gengar|Anchor Shot|p2b: Quest cequilya|[from]Metronome\n|-damage|p2b: Quest cequilya|79\/100\n|-activate|p2b: Quest cequilya|trapped\n|move|p2a: rocky|Metronome|p2a: rocky\n|move|p2a: rocky|Octazooka|p1a: Aerodactyl|[from]Metronome\n|-supereffective|p1a: Aerodactyl\n|-damage|p1a: Aerodactyl|80\/100\n|-enditem|p1a: Aerodactyl|Weakness Policy\n|-boost|p1a: Aerodactyl|atk|2\n|-boost|p1a: Aerodactyl|spa|2\n|-unboost|p1a: Aerodactyl|accuracy|1\n|move|p2b: Quest cequilya|Metronome|p2b: Quest cequilya\n|move|p2b: Quest cequilya|Solar Beam||[from]Metronome|[still]\n|-prepare|p2b: Quest cequilya|Solar Beam|p1a: Aerodactyl\n|\n|-damage|p2a: rocky|74\/100|[from] move: Fire Spin|[partiallytrapped]\n|upkeep\n|turn|3\n|\n|move|p1a: Aerodactyl|Metronome|p1a: Aerodactyl\n|move|p1a: Aerodactyl|Strength Sap|p2b: Quest cequilya|[from]Metronome\n|-unboost|p2b: Quest cequilya|atk|1\n|-heal|p1a: Aerodactyl|100\/100\n|move|p1b: Gengar|Metronome|p1b: Gengar\n|move|p1b: Gengar|Aurora Beam|p2a: rocky|[from]Metronome\n|-damage|p2a: rocky|62\/100\n|move|p2a: rocky|Metronome|p2a: rocky\n|move|p2a: rocky|Flash|p1b: Gengar|[from]Metronome\n|move|p1b: Gengar|Flash|p2a: rocky|[from]Magic Bounce\n|-unboost|p2a: rocky|accuracy|1\n|move|p2b: Quest cequilya|Solar Beam|p1a: Aerodactyl|[from]lockedmove\n|-damage|p1a: Aerodactyl|79\/100\n|\n|-damage|p2a: rocky|49\/100|[from] move: Fire Spin|[partiallytrapped]\n|upkeep\n|turn|4\n|\n|move|p1a: Aerodactyl|Metronome|p1a: Aerodactyl\n|move|p1a: Aerodactyl|Land's Wrath|p2b: Quest cequilya|[from]Metronome|[spread] p2a\n|-miss|p1a: Aerodactyl|p2b: Quest cequilya\n|-supereffective|p2a: rocky\n|-damage|p2a: rocky|0 fnt\n|faint|p2a: rocky\n|move|p1b: Gengar|Metronome|p1b: Gengar\n|move|p1b: Gengar|Sonic Boom|p2b: Quest cequilya|[from]Metronome|[miss]\n|-miss|p1b: Gengar|p2b: Quest cequilya\n|move|p2b: Quest cequilya|Metronome|p2b: Quest cequilya\n|move|p2b: Quest cequilya|Embargo|p1b: Gengar|[from]Metronome\n|move|p1b: Gengar|Embargo|p2b: Quest cequilya|[from]Magic Bounce\n|-start|p2b: Quest cequilya|Embargo\n|\n|upkeep\n|turn|5\n|\n|move|p1a: Aerodactyl|Metronome|p1a: Aerodactyl\n|move|p1a: Aerodactyl|Reflect Type|p2b: Quest cequilya|[from]Metronome\n|-start|p1a: Aerodactyl|typechange|[from] move: Reflect Type|[of] p2b: Quest cequilya\n|move|p1b: Gengar|Metronome|p1b: Gengar\n|move|p1b: Gengar|Role Play|p2b: Quest cequilya|[from]Metronome\n|-endability|p1b: Gengar|Magic Bounce|[from] move: Role Play\n|-ability|p1b: Gengar|Symbiosis|[from] move: Role Play|[of] p2b: Quest cequilya\n|move|p2b: Quest cequilya|Metronome|p2b: Quest cequilya\n|move|p2b: Quest cequilya|Venom Drench||[from]Metronome|[still]|[spread] \n|-fail|p2b: Quest cequilya\n|\n|-fieldend|Misty Terrain\n|upkeep\n|turn|6\n|\n|move|p1a: Aerodactyl|Metronome|p1a: Aerodactyl\n|move|p1a: Aerodactyl|Thunder Shock|p2b: Quest cequilya|[from]Metronome\n|-damage|p2b: Quest cequilya|70\/100\n|move|p1b: Gengar|Metronome|p1b: Gengar\n|move|p1b: Gengar|Bubble Beam|p2b: Quest cequilya|[from]Metronome\n|-damage|p2b: Quest cequilya|57\/100\n|move|p2b: Quest cequilya|Metronome|p2b: Quest cequilya\n|move|p2b: Quest cequilya|Darkest Lariat|p1b: Gengar|[from]Metronome\n|-supereffective|p1b: Gengar\n|-damage|p1b: Gengar|63\/100\n|-enditem|p1b: Gengar|Weakness Policy\n|-boost|p1b: Gengar|atk|2\n|-boost|p1b: Gengar|spa|2\n|\n|upkeep\n|turn|7\n|\n|move|p1a: Aerodactyl|Metronome|p1a: Aerodactyl\n|move|p1a: Aerodactyl|Twineedle|p2b: Quest cequilya|[from]Metronome\n|-damage|p2b: Quest cequilya|44\/100\n|-damage|p2b: Quest cequilya|32\/100\n|-status|p2b: Quest cequilya|psn\n|-hitcount|p2b: Quest cequilya|2\n|move|p1b: Gengar|Metronome|p1b: Gengar\n|move|p1b: Gengar|Stockpile|p1b: Gengar|[from]Metronome\n|-start|p1b: Gengar|stockpile1\n|-boost|p1b: Gengar|def|1\n|-boost|p1b: Gengar|spd|1\n|move|p2b: Quest cequilya|Metronome|p2b: Quest cequilya\n|move|p2b: Quest cequilya|Psystrike|p1a: Aerodactyl|[from]Metronome\n|-damage|p1a: Aerodactyl|60\/100\n|\n|-damage|p2b: Quest cequilya|19\/100 psn|[from] psn\n|upkeep\n|turn|8\n|c|\u2606Flametix|rip\n|\n|move|p1a: Aerodactyl|Metronome|p1a: Aerodactyl\n|move|p1a: Aerodactyl|Flash Cannon|p2b: Quest cequilya|[from]Metronome\n|-damage|p2b: Quest cequilya|0 fnt\n|faint|p2b: Quest cequilya\n|\n|win|Hajmola\n","uploadtime":1572800251,"views":1,"p1id":"hajmola","p2id":"flametix","formatid":"gen7metronomebattle","rating":0,"private":0,"password":null}