{"id":"gen7ou-873859727","p1":"CarlyBae","p2":"supersw0g","format":"gen7ou","log":"|j|\u2606CarlyBae\n|j|\u2606supersw0g\n|player|p1|CarlyBae|138\n|player|p2|supersw0g|2\n|teamsize|p1|6\n|teamsize|p2|6\n|gametype|singles\n|gen|7\n|tier|[Gen 7] OU\n|rated|\n|rule|Sleep Clause Mod: Limit one foe put to sleep\n|rule|Species Clause: Limit one of each Pok\u00e9mon\n|rule|OHKO Clause: OHKO moves are banned\n|rule|Moody Clause: Moody is banned\n|rule|Evasion Moves Clause: Evasion moves are banned\n|rule|Endless Battle Clause: Forcing endless battles is banned\n|rule|HP Percentage Mod: HP is shown in percentages\n|clearpoke\n|poke|p1|Suicune|item\n|poke|p1|Heatran, F|item\n|poke|p1|Reuniclus, F|item\n|poke|p1|Tapu Bulu|item\n|poke|p1|Toxapex, F|item\n|poke|p1|Zapdos|item\n|poke|p2|Volcanion|item\n|poke|p2|Pinsir, M|item\n|poke|p2|Whimsicott, F|item\n|poke|p2|Salamence, M|item\n|poke|p2|Celesteela|item\n|poke|p2|Diggersby, M|item\n|teampreview\n|c|\u2606CarlyBae|\/log CarlyBae made this room hidden.\n|\n|start\n|switch|p1a: Suicune|Suicune|100\/100\n|switch|p2a: Diggersby|Diggersby, M|100\/100\n|-ability|p1a: Suicune|Pressure\n|turn|1\n|\n|move|p1a: Suicune|Protect|p1a: Suicune\n|-singleturn|p1a: Suicune|Protect\n|move|p2a: Diggersby|Return|p1a: Suicune\n|-activate|p1a: Suicune|move: Protect\n|\n|upkeep\n|turn|2\n|c|\u2606supersw0g|oh yeah protect so i can sd\n|c|\u2606supersw0g|very smart\n|\n|switch|p1a: Heatran|Heatran, F|100\/100\n|move|p2a: Diggersby|Return|p1a: Heatran\n|-resisted|p1a: Heatran\n|-damage|p1a: Heatran|68\/100\n|-damage|p2a: Diggersby|91\/100|[from] item: Life Orb\n|\n|-heal|p1a: Heatran|74\/100|[from] item: Leftovers\n|upkeep\n|turn|3\n|l|\u2606CarlyBae\n|player|p1|\n|j|\u2606CarlyBae\n|player|p1|CarlyBae|138\n|inactive|Battle timer is ON: inactive players will automatically lose when time's up. (requested by supersw0g)\n|\n|switch|p1a: Tapu Bulu|Tapu Bulu|100\/100\n|-fieldstart|move: Grassy Terrain|[from] ability: Grassy Surge|[of] p1a: Tapu Bulu\n|move|p2a: Diggersby|Return|p1a: Tapu Bulu\n|-damage|p1a: Tapu Bulu|23\/100\n|-damage|p2a: Diggersby|81\/100|[from] item: Life Orb\n|\n|-heal|p2a: Diggersby|87\/100|[from] Grassy Terrain\n|-heal|p1a: Tapu Bulu|29\/100|[from] item: Leftovers\n|-heal|p1a: Tapu Bulu|35\/100|[from] Grassy Terrain\n|upkeep\n|turn|4\n|\n|move|p1a: Tapu Bulu|Protect|p1a: Tapu Bulu\n|-singleturn|p1a: Tapu Bulu|Protect\n|move|p2a: Diggersby|Return|p1a: Tapu Bulu\n|-activate|p1a: Tapu Bulu|move: Protect\n|\n|-heal|p2a: Diggersby|93\/100|[from] Grassy Terrain\n|-heal|p1a: Tapu Bulu|40\/100|[from] item: Leftovers\n|-heal|p1a: Tapu Bulu|46\/100|[from] Grassy Terrain\n|upkeep\n|turn|5\n|\n|move|p2a: Diggersby|Return|p1a: Tapu Bulu\n|-damage|p1a: Tapu Bulu|0 fnt\n|-damage|p2a: Diggersby|83\/100|[from] item: Life Orb\n|faint|p1a: Tapu Bulu\n|\n|-heal|p2a: Diggersby|89\/100|[from] Grassy Terrain\n|upkeep\n|\n|switch|p1a: Suicune|Suicune|100\/100\n|-ability|p1a: Suicune|Pressure\n|turn|6\n|\n|move|p1a: Suicune|Scald|p2a: Diggersby\n|-supereffective|p2a: Diggersby\n|-damage|p2a: Diggersby|18\/100\n|move|p2a: Diggersby|Return|p1a: Suicune\n|-damage|p1a: Suicune|36\/100\n|-damage|p2a: Diggersby|8\/100|[from] item: Life Orb\n|\n|-heal|p1a: Suicune|42\/100|[from] item: Leftovers\n|-heal|p1a: Suicune|48\/100|[from] Grassy Terrain\n|-heal|p2a: Diggersby|14\/100|[from] Grassy Terrain\n|upkeep\n|turn|7\n|\n|switch|p2a: Volcanion|Volcanion|100\/100\n|move|p1a: Suicune|Scald|p2a: Volcanion\n|-immune|p2a: Volcanion|[from] ability: Water Absorb\n|\n|-heal|p1a: Suicune|54\/100|[from] item: Leftovers\n|-heal|p1a: Suicune|61\/100|[from] Grassy Terrain\n|-fieldend|move: Grassy Terrain\n|upkeep\n|turn|8\n|\n|move|p1a: Suicune|Substitute|p1a: Suicune\n|-start|p1a: Suicune|Substitute\n|-damage|p1a: Suicune|36\/100\n|move|p2a: Volcanion|Earth Power|p1a: Suicune\n|-end|p1a: Suicune|Substitute\n|\n|-heal|p1a: Suicune|42\/100|[from] item: Leftovers\n|upkeep\n|turn|9\n|\n|move|p1a: Suicune|Protect|p1a: Suicune\n|-singleturn|p1a: Suicune|Protect\n|move|p2a: Volcanion|Earth Power|p1a: Suicune\n|-activate|p1a: Suicune|move: Protect\n|\n|-heal|p1a: Suicune|48\/100|[from] item: Leftovers\n|upkeep\n|turn|10\n|\n|switch|p2a: Diggersby|Diggersby, M|14\/100\n|move|p1a: Suicune|Substitute|p1a: Suicune\n|-start|p1a: Suicune|Substitute\n|-damage|p1a: Suicune|23\/100\n|\n|-heal|p1a: Suicune|29\/100|[from] item: Leftovers\n|upkeep\n|turn|11\n|\n|move|p1a: Suicune|Protect|p1a: Suicune\n|-singleturn|p1a: Suicune|Protect\n|move|p2a: Diggersby|Earthquake|p1a: Suicune\n|-activate|p1a: Suicune|move: Protect\n|\n|-heal|p1a: Suicune|35\/100|[from] item: Leftovers\n|upkeep\n|turn|12\n|\n|switch|p2a: Volcanion|Volcanion|100\/100\n|move|p1a: Suicune|Scald|p2a: Volcanion\n|-immune|p2a: Volcanion|[from] ability: Water Absorb\n|\n|-heal|p1a: Suicune|42\/100|[from] item: Leftovers\n|upkeep\n|turn|13\n|\n|move|p1a: Suicune|Protect|p1a: Suicune\n|-singleturn|p1a: Suicune|Protect\n|move|p2a: Volcanion|Steam Eruption|p1a: Suicune\n|-activate|p1a: Suicune|move: Protect\n|\n|-heal|p1a: Suicune|48\/100|[from] item: Leftovers\n|upkeep\n|turn|14\n|\n|move|p1a: Suicune|Calm Mind|p1a: Suicune\n|-boost|p1a: Suicune|spa|1\n|-boost|p1a: Suicune|spd|1\n|move|p2a: Volcanion|Steam Eruption|p1a: Suicune\n|-resisted|p1a: Suicune\n|-activate|p1a: Suicune|move: Substitute|[damage]\n|\n|-heal|p1a: Suicune|54\/100|[from] item: Leftovers\n|upkeep\n|turn|15\n|\n|switch|p2a: Pinsir|Pinsir, M|100\/100\n|move|p1a: Suicune|Scald|p2a: Pinsir\n|-damage|p2a: Pinsir|33\/100\n|\n|-heal|p1a: Suicune|60\/100|[from] item: Leftovers\n|upkeep\n|turn|16\n|\n|detailschange|p2a: Pinsir|Pinsir-Mega, M\n|-mega|p2a: Pinsir|Pinsir|Pinsirite\n|move|p2a: Pinsir|Return|p1a: Suicune\n|-end|p1a: Suicune|Substitute\n|move|p1a: Suicune|Scald|p2a: Pinsir\n|-damage|p2a: Pinsir|0 fnt\n|faint|p2a: Pinsir\n|\n|-heal|p1a: Suicune|66\/100|[from] item: Leftovers\n|upkeep\n|\n|switch|p2a: Whimsicott|Whimsicott, F|100\/100\n|turn|17\n|\n|switch|p1a: Toxapex|Toxapex, F|100\/100\n|move|p2a: Whimsicott|Encore||[still]\n|-fail|p2a: Whimsicott\n|\n|upkeep\n|turn|18\n|\n|switch|p2a: Diggersby|Diggersby, M|14\/100\n|move|p1a: Toxapex|Toxic Spikes|p2a: Diggersby\n|-sidestart|p2: supersw0g|move: Toxic Spikes\n|\n|upkeep\n|turn|19\n|\n|move|p2a: Diggersby|Return|p1a: Toxapex\n|-damage|p1a: Toxapex|32\/100\n|-damage|p2a: Diggersby|4\/100|[from] item: Life Orb\n|move|p1a: Toxapex|Scald|p2a: Diggersby\n|-supereffective|p2a: Diggersby\n|-damage|p2a: Diggersby|0 fnt\n|faint|p2a: Diggersby\n|\n|-heal|p1a: Toxapex|38\/100|[from] item: Black Sludge\n|upkeep\n|\n|switch|p2a: Salamence|Salamence, M|100\/100\n|turn|20\n|\n|move|p2a: Salamence|Earthquake|p1a: Toxapex\n|-supereffective|p1a: Toxapex\n|-damage|p1a: Toxapex|0 fnt\n|faint|p1a: Toxapex\n|-ability|p2a: Salamence|Moxie|boost\n|-boost|p2a: Salamence|atk|1\n|\n|upkeep\n|\n|switch|p1a: Zapdos|Zapdos|100\/100\n|-ability|p1a: Zapdos|Pressure\n|turn|21\n|\n|move|p2a: Salamence|Dragon Dance|p2a: Salamence\n|-boost|p2a: Salamence|atk|1\n|-boost|p2a: Salamence|spe|1\n|move|p1a: Zapdos|Discharge|p2a: Salamence\n|-damage|p2a: Salamence|62\/100\n|-status|p2a: Salamence|par\n|\n|upkeep\n|turn|22\n|\n|move|p1a: Zapdos|Discharge|p2a: Salamence\n|-damage|p2a: Salamence|22\/100 par\n|-zpower|p2a: Salamence\n|move|p2a: Salamence|Supersonic Skystrike|p1a: Zapdos|[zeffect]\n|-resisted|p1a: Zapdos\n|-damage|p1a: Zapdos|25\/100\n|\n|-heal|p1a: Zapdos|31\/100|[from] item: Leftovers\n|upkeep\n|turn|23\n|\n|move|p1a: Zapdos|Discharge|p2a: Salamence\n|-damage|p2a: Salamence|0 fnt\n|faint|p2a: Salamence\n|\n|-heal|p1a: Zapdos|37\/100|[from] item: Leftovers\n|upkeep\n|-message|supersw0g forfeited.\n|\n|win|CarlyBae\n|l|\u2606supersw0g\n|raw|CarlyBae's rating: 1525 &rarr; <strong>1544<\/strong><br \/>(+19 for winning)\n|raw|supersw0g's rating: 1503 &rarr; <strong>1484<\/strong><br \/>(-19 for losing)\n|c|\u2606CarlyBae|\/log CarlyBae made this room public.\n","uploadtime":1552181156,"views":30,"p1id":"carlybae","p2id":"supersw0g","formatid":"gen7ou","rating":1484,"private":0,"password":null}