{"id":"gen7ou-836813208","p1":"uuuuiiii","p2":"forever love\u2022chomp","format":"gen7ou","log":"|j|\u2606uuuuiiii\n|j|\u2606forever love\u2022chomp\n|player|p1|uuuuiiii|265\n|player|p2|forever love\u2022chomp|151\n|teamsize|p1|6\n|teamsize|p2|6\n|gametype|singles\n|gen|7\n|tier|[Gen 7] OU\n|rated|\n|html|<div class=\"broadcast-green\"><strong>OU is currently suspecting Zygarde! For information on how to participate check out the <a href=\"https:\/\/www.smogon.com\/forums\/threads\/3645049\/\">suspect thread<\/a>.<\/strong><\/div>\n|rule|Sleep Clause Mod: Limit one foe put to sleep\n|rule|Species Clause: Limit one of each Pok\u00e9mon\n|rule|OHKO Clause: OHKO moves are banned\n|rule|Moody Clause: Moody is banned\n|rule|Evasion Moves Clause: Evasion moves are banned\n|rule|Endless Battle Clause: Forcing endless battles is banned\n|rule|HP Percentage Mod: HP is shown in percentages\n|clearpoke\n|poke|p1|Beedrill, M|item\n|poke|p1|Tapu Lele|item\n|poke|p1|Landorus-Therian, M|item\n|poke|p1|Smeargle, M|item\n|poke|p1|Blacephalon|item\n|poke|p1|Kartana|item\n|poke|p2|Mawile, F|item\n|poke|p2|Garchomp, F|item\n|poke|p2|Tapu Fini|item\n|poke|p2|Muk-Alola, M|item\n|poke|p2|Zapdos|item\n|poke|p2|Greninja, F|item\n|teampreview\n|inactive|Battle timer is ON: inactive players will automatically lose when time's up. (requested by forever love\u2022chomp)\n|\n|start\n|switch|p1a: Smeargle|Smeargle, M|100\/100\n|switch|p2a: Tapu Fini|Tapu Fini|100\/100\n|-fieldstart|move: Misty Terrain|[from] ability: Misty Surge|[of] p2a: Tapu Fini\n|turn|1\n|\n|move|p2a: Tapu Fini|Taunt|p1a: Smeargle\n|-start|p1a: Smeargle|move: Taunt\n|cant|p1a: Smeargle|move: Taunt|Sticky Web\n|\n|upkeep\n|turn|2\n|\n|move|p2a: Tapu Fini|Moonblast|p1a: Smeargle\n|-damage|p1a: Smeargle|16\/100\n|move|p1a: Smeargle|Endeavor|p2a: Tapu Fini\n|-damage|p2a: Tapu Fini|12\/100\n|\n|-heal|p2a: Tapu Fini|18\/100|[from] item: Leftovers\n|upkeep\n|turn|3\n|\n|switch|p1a: Landorus|Landorus-Therian, M|100\/100\n|-ability|p1a: Landorus|Intimidate|boost\n|-unboost|p2a: Tapu Fini|atk|1\n|move|p2a: Tapu Fini|Moonblast|p1a: Landorus\n|-damage|p1a: Landorus|63\/100\n|\n|-heal|p2a: Tapu Fini|24\/100|[from] item: Leftovers\n|upkeep\n|turn|4\n|\n|move|p1a: Landorus|Stealth Rock|p2a: Tapu Fini\n|-sidestart|p2: forever love\u2022chomp|move: Stealth Rock\n|move|p2a: Tapu Fini|Scald|p1a: Landorus\n|-supereffective|p1a: Landorus\n|-damage|p1a: Landorus|0 fnt\n|faint|p1a: Landorus\n|\n|-heal|p2a: Tapu Fini|30\/100|[from] item: Leftovers\n|upkeep\n|\n|switch|p1a: Tapu Lele|Tapu Lele|100\/100\n|-fieldstart|move: Psychic Terrain|[from] ability: Psychic Surge|[of] p1a: Tapu Lele\n|turn|5\n|\n|move|p1a: Tapu Lele|Moonblast|p2a: Tapu Fini\n|-damage|p2a: Tapu Fini|0 fnt\n|faint|p2a: Tapu Fini\n|\n|upkeep\n|\n|switch|p2a: Muk|Muk-Alola, M|100\/100\n|-damage|p2a: Muk|88\/100|[from] Stealth Rock\n|turn|6\n|\n|move|p1a: Tapu Lele|Moonblast|p2a: Muk\n|-damage|p2a: Muk|60\/100\n|move|p2a: Muk|Pursuit|p1a: Tapu Lele\n|-damage|p1a: Tapu Lele|71\/100\n|\n|upkeep\n|turn|7\n|\n|switch|p1a: Kartana|Kartana|100\/100\n|move|p2a: Muk|Knock Off|p1a: Kartana\n|-damage|p1a: Kartana|53\/100\n|-enditem|p1a: Kartana|Choice Scarf|[from] move: Knock Off|[of] p2a: Muk\n|\n|upkeep\n|turn|8\n|\n|move|p1a: Kartana|Knock Off|p2a: Muk\n|-resisted|p2a: Muk\n|-damage|p2a: Muk|33\/100\n|-enditem|p2a: Muk|Assault Vest|[from] move: Knock Off|[of] p1a: Kartana\n|move|p2a: Muk|Fire Punch|p1a: Kartana\n|-supereffective|p1a: Kartana\n|-damage|p1a: Kartana|0 fnt\n|faint|p1a: Kartana\n|\n|upkeep\n|\n|switch|p1a: Smeargle|Smeargle, M|16\/100\n|turn|9\n|l|\u2606forever love\u2022chomp\n|inactive|forever love\u2022chomp disconnected and has a minute to reconnect!\n|player|p2|\n|inactive|forever love\u2022chomp has 60 seconds to reconnect!\n|inactive|forever love\u2022chomp has 30 seconds to reconnect!\n|inactive|forever love\u2022chomp has 20 seconds to reconnect!\n|inactive|forever love\u2022chomp has 15 seconds to reconnect!\n|inactive|forever love\u2022chomp has 10 seconds to reconnect!\n|inactive|forever love\u2022chomp has 5 seconds to reconnect!\n|-message|forever love\u2022chomp lost due to inactivity.\n|\n|win|uuuuiiii\n","uploadtime":1545061111,"views":3,"p1id":"uuuuiiii","p2id":"foreverlovechomp","formatid":"gen7ou","rating":0,"private":0,"password":null}