{"id":"gen7ou-642017714","p1":"Lkjhgfdsapoi","p2":"Trainer Bulgur","format":"gen7ou","log":"|j|Lkjhgfdsapoi\n|j|Trainer Bulgur\n|player|p1|Lkjhgfdsapoi|222\n|teamsize|p1|6\n|player|p2|Trainer Bulgur|94\n|teamsize|p2|6\n|gametype|singles\n|gen|7\n|tier|[Gen 7] OU\n|rated\n|seed|39293,64593,44143,41226\n|rule|Sleep Clause Mod: Limit one foe put to sleep\n|rule|Species Clause: Limit one of each Pok\u00e9mon\n|rule|OHKO Clause: OHKO moves are banned\n|rule|Moody Clause: Moody is banned\n|rule|Evasion Moves Clause: Evasion moves are banned\n|rule|Endless Battle Clause: Forcing endless battles is banned\n|rule|HP Percentage Mod: HP is shown in percentages\n|clearpoke\n|poke|p1|Greninja, M|item\n|poke|p1|Charizard, F|item\n|poke|p1|Tapu Koko|item\n|poke|p1|Necrozma|item\n|poke|p1|Hitmonlee, M|item\n|poke|p1|Swellow, F|item\n|poke|p2|Diancie|item\n|poke|p2|Hippowdon, F|item\n|poke|p2|Tapu Bulu|item\n|poke|p2|Gastrodon-East, M|item\n|poke|p2|Garchomp, F|item\n|poke|p2|Celesteela|item\n|teampreview\n|j|Bulma does 1v1\n|inactive|Battle timer is ON: inactive players will automatically lose when time's up. (requested by Lkjhgfdsapoi)\n|choice|team 4, team 2, team 3, team 1, team 5, team 6|team 4, team 2, team 3, team 1, team 5, team 6\n|\n|start\n|switch|p1a: Necrozma|Necrozma|398\/398\n|switch|p2a: Gastrodon|Gastrodon-East, M|426\/426\n|turn|1\n|inactive|Lkjhgfdsapoi has 120 seconds left.\n|choice|move stealthrock|move toxic\n|\n|move|p1a: Necrozma|Stealth Rock|p2a: Gastrodon\n|-sidestart|p2: Trainer Bulgur|move: Stealth Rock\n|move|p2a: Gastrodon|Toxic|p1a: Necrozma|[miss]\n|-miss|p2a: Gastrodon|p1a: Necrozma\n|\n|upkeep\n|turn|2\n|choice|move lightscreen|move scald\n|\n|move|p1a: Necrozma|Light Screen|p1a: Necrozma\n|-sidestart|p1: Lkjhgfdsapoi|move: Light Screen\n|move|p2a: Gastrodon|Scald|p1a: Necrozma\n|-damage|p1a: Necrozma|362\/398\n|-status|p1a: Necrozma|brn\n|\n|-damage|p1a: Necrozma|338\/398 brn|[from] brn\n|upkeep\n|turn|3\n|choice|move psyshock|switch 2\n|\n|switch|p2a: Hippowdon|Hippowdon, F|420\/420\n|-damage|p2a: Hippowdon|394\/420|[from] Stealth Rock\n|-weather|Sandstorm|[from] ability: Sand Stream|[of] p2a: Hippowdon\n|move|p1a: Necrozma|Psyshock|p2a: Hippowdon\n|-damage|p2a: Hippowdon|289\/420\n|\n|-weather|Sandstorm|[upkeep]\n|-damage|p1a: Necrozma|314\/398 brn|[from] sandstorm\n|-damage|p1a: Necrozma|290\/398 brn|[from] brn\n|upkeep\n|turn|4\n|choice|switch 2|move stealthrock\n|\n|switch|p1a: Charizard|Charizard, F|297\/297\n|move|p2a: Hippowdon|Stealth Rock|p1a: Charizard\n|-sidestart|p1: Lkjhgfdsapoi|move: Stealth Rock\n|\n|-weather|Sandstorm|[upkeep]\n|-damage|p1a: Charizard|279\/297|[from] sandstorm\n|upkeep\n|turn|5\n|choice|move solarbeam mega|switch 6\n|\n|switch|p2a: Celesteela|Celesteela|398\/398\n|-damage|p2a: Celesteela|349\/398|[from] Stealth Rock\n|detailschange|p1a: Charizard|Charizard-Mega-Y, F\n|-mega|p1a: Charizard|Charizard|Charizardite Y\n|-weather|SunnyDay|[from] ability: Drought|[of] p1a: Charizard\n|move|p1a: Charizard|Solar Beam|p2a: Celesteela|[still]\n|-prepare|p1a: Charizard|Solar Beam|p2a: Celesteela\n|-anim|p1a: Charizard|Solar Beam|p2a: Celesteela\n|-resisted|p2a: Celesteela\n|-damage|p2a: Celesteela|310\/398\n|\n|-weather|SunnyDay|[upkeep]\n|-heal|p2a: Celesteela|334\/398|[from] item: Leftovers\n|upkeep\n|turn|6\n|choice|move flamecharge|switch 4\n|\n|switch|p2a: Diancie|Diancie, shiny|241\/241\n|-damage|p2a: Diancie|211\/241|[from] Stealth Rock\n|move|p1a: Charizard|Flame Charge|p2a: Diancie\n|-resisted|p2a: Diancie\n|-damage|p2a: Diancie|175\/241\n|-boost|p1a: Charizard|spe|1\n|\n|-weather|SunnyDay|[upkeep]\n|upkeep\n|turn|7\n|l|Bulma does 1v1\n|choice|move solarbeam|move diamondstorm mega\n|\n|detailschange|p2a: Diancie|Diancie-Mega, shiny\n|-mega|p2a: Diancie|Diancie|Diancite\n|move|p1a: Charizard|Solar Beam|p2a: Diancie|[still]\n|-prepare|p1a: Charizard|Solar Beam|p2a: Diancie\n|-anim|p1a: Charizard|Solar Beam|p2a: Diancie\n|-supereffective|p2a: Diancie\n|-damage|p2a: Diancie|0 fnt\n|faint|p2a: Diancie\n|\n|-weather|SunnyDay|[upkeep]\n|upkeep\n|choice||switch 5\n|\n|switch|p2a: Garchomp|Garchomp, F|357\/357\n|-damage|p2a: Garchomp|335\/357|[from] Stealth Rock\n|turn|8\n|choice|move solarbeam|move stoneedge\n|\n|move|p2a: Garchomp|Stone Edge|p1a: Charizard\n|-supereffective|p1a: Charizard\n|-damage|p1a: Charizard|0 fnt\n|faint|p1a: Charizard\n|\n|-weather|SunnyDay|[upkeep]\n|upkeep\n|c|\u2606Lkjhgfdsapoi|scarf\n|c|\u2606Lkjhgfdsapoi|nooo\n|c|\u2606Lkjhgfdsapoi|rip zard\n|choice|switch 4|\n|\n|switch|p1a: Greninja|Greninja, M|285\/285\n|-damage|p1a: Greninja|250\/285|[from] Stealth Rock\n|turn|9\n|c|\u2606Trainer Bulgur|Scarf?\n|c|\u2606Trainer Bulgur|Haha\n|c|\u2606Lkjhgfdsapoi|your garchomp\n|c|\u2606Trainer Bulgur|nope\n|c|\u2606Lkjhgfdsapoi|sand rush\n|c|\u2606Lkjhgfdsapoi|maybe\n|inactive|Lkjhgfdsapoi has 120 seconds left.\n|c|\u2606Lkjhgfdsapoi|what\n|c|\u2606Trainer Bulgur|Garchomp no have sand rush\n|c|\u2606Lkjhgfdsapoi|dunno\n|c|\u2606Lkjhgfdsapoi|how\n|choice|move icebeam|switch 3\n|\n|switch|p2a: Tapu Bulu|Tapu Bulu|344\/344\n|-damage|p2a: Tapu Bulu|301\/344|[from] Stealth Rock\n|-fieldstart|move: Grassy Terrain|[from] ability: Grassy Surge|[of] p2a: Tapu Bulu\n|move|p1a: Greninja|Ice Beam|p2a: Tapu Bulu\n|-supereffective|p2a: Tapu Bulu\n|-damage|p2a: Tapu Bulu|7\/344\n|\n|-weather|none\n|-heal|p2a: Tapu Bulu|28\/344|[from] item: Leftovers\n|-heal|p1a: Greninja|267\/285|[from] Grassy Terrain\n|-heal|p2a: Tapu Bulu|49\/344|[from] Grassy Terrain\n|-sideend|p1: Lkjhgfdsapoi|move: Light Screen\n|upkeep\n|turn|10\n|c|\u2606Trainer Bulgur|Im a prankster\n|choice|move icebeam|move hornleech\n|\n|move|p1a: Greninja|Ice Beam|p2a: Tapu Bulu\n|-supereffective|p2a: Tapu Bulu\n|-damage|p2a: Tapu Bulu|0 fnt\n|faint|p2a: Tapu Bulu\n|-activate|p1a: Greninja|ability: Battle Bond\n|detailschange|p1a: Greninja|Greninja-Ash, M\n|\n|-heal|p1a: Greninja|284\/285|[from] Grassy Terrain\n|upkeep\n|choice||switch 3\n|\n|switch|p2a: Garchomp|Garchomp, F|335\/357\n|-damage|p2a: Garchomp|313\/357|[from] Stealth Rock\n|turn|11\n|c|\u2606Lkjhgfdsapoi|no\n|choice|move icebeam|move outrage\n|\n|move|p2a: Garchomp|Outrage|p1a: Greninja\n|-damage|p1a: Greninja|0 fnt\n|faint|p1a: Greninja\n|\n|-heal|p2a: Garchomp|335\/357|[from] Grassy Terrain\n|upkeep\n|c|\u2606Lkjhgfdsapoi|crap\n|choice|switch 3|\n|\n|switch|p1a: Tapu Koko|Tapu Koko|281\/281\n|-damage|p1a: Tapu Koko|246\/281|[from] Stealth Rock\n|-fieldstart|move: Electric Terrain|[from] ability: Electric Surge|[of] p1a: Tapu Koko\n|turn|12\n|choice|move bravebird|move outrage\n|\n|move|p2a: Garchomp|Outrage|p1a: Tapu Koko|[from]lockedmove\n|-immune|p1a: Tapu Koko|[msg]\n|-start|p2a: Garchomp|confusion|[fatigue]\n|move|p1a: Tapu Koko|Brave Bird|p2a: Garchomp\n|-damage|p2a: Garchomp|114\/357\n|-damage|p1a: Tapu Koko|173\/281|[from] Recoil|[of] p2a: Garchomp\n|\n|upkeep\n|turn|13\n|c|\u2606Lkjhgfdsapoi|well\n|c|\u2606Lkjhgfdsapoi|i know you have a scarf\n|c|\u2606Lkjhgfdsapoi|no way man\n|c|\u2606Trainer Bulgur|hahaha\n|choice|move bravebird|switch 6\n|\n|switch|p2a: Hippowdon|Hippowdon, F|289\/420\n|-damage|p2a: Hippowdon|263\/420|[from] Stealth Rock\n|-weather|Sandstorm|[from] ability: Sand Stream|[of] p2a: Hippowdon\n|move|p1a: Tapu Koko|Brave Bird|p2a: Hippowdon\n|-damage|p2a: Hippowdon|100\/420\n|-damage|p1a: Tapu Koko|119\/281|[from] Recoil|[of] p2a: Hippowdon\n|\n|-weather|Sandstorm|[upkeep]\n|-damage|p1a: Tapu Koko|102\/281|[from] sandstorm\n|upkeep\n|turn|14\n|c|\u2606Lkjhgfdsapoi|what\n|c|\u2606Lkjhgfdsapoi|hacks\n|choice|move bravebird|move earthquake\n|\n|move|p1a: Tapu Koko|Brave Bird|p2a: Hippowdon\n|-damage|p2a: Hippowdon|0 fnt\n|-damage|p1a: Tapu Koko|69\/281|[from] Recoil|[of] p2a: Hippowdon\n|faint|p2a: Hippowdon\n|\n|-weather|Sandstorm|[upkeep]\n|-damage|p1a: Tapu Koko|52\/281|[from] sandstorm\n|upkeep\n|choice||switch 2\n|\n|switch|p2a: Gastrodon|Gastrodon-East, M|426\/426\n|-damage|p2a: Gastrodon|400\/426|[from] Stealth Rock\n|turn|15\n|c|\u2606Lkjhgfdsapoi|now your gastrodon is probably gonna outspeed me then\n|choice|move bravebird|move earthpower\n|\n|move|p1a: Tapu Koko|Brave Bird|p2a: Gastrodon\n|-crit|p2a: Gastrodon\n|-damage|p2a: Gastrodon|147\/426\n|-damage|p1a: Tapu Koko|0 fnt|[from] Recoil|[of] p2a: Gastrodon\n|faint|p1a: Tapu Koko\n|move|p2a: Gastrodon|Earth Power|p1: Tapu Koko|[notarget]\n|-notarget\n|\n|-weather|Sandstorm|[upkeep]\n|-heal|p2a: Gastrodon|173\/426|[from] item: Leftovers\n|upkeep\n|c|\u2606Trainer Bulgur|Hippowdon scarf ftw)?=\n|inactive|Lkjhgfdsapoi has 120 seconds left.\n|c|\u2606Trainer Bulgur|haha\n|c|\u2606Trainer Bulgur|(?)*\n|c|\u2606Lkjhgfdsapoi|no scarfed hippowdon\n|c|\u2606Trainer Bulgur|hahaha\n|c|\u2606Lkjhgfdsapoi|it just died anyway\n|inactive|Lkjhgfdsapoi has 90 seconds left.\n|c|\u2606Lkjhgfdsapoi|is that like an evil laugh or what\n|choice|switch 6|\n|\n|switch|p1a: Swellow|Swellow, F|261\/261\n|-damage|p1a: Swellow|196\/261|[from] Stealth Rock\n|turn|16\n|choice|move facade|move scald\n|\n|move|p1a: Swellow|Facade|p2a: Gastrodon\n|-damage|p2a: Gastrodon|86\/426\n|move|p2a: Gastrodon|Scald|p1a: Swellow\n|-damage|p1a: Swellow|40\/261\n|\n|-weather|Sandstorm|[upkeep]\n|-damage|p1a: Swellow|24\/261|[from] sandstorm\n|-heal|p2a: Gastrodon|112\/426|[from] item: Leftovers\n|-fieldend|move: Electric Terrain\n|-status|p1a: Swellow|brn|[from] item: Flame Orb\n|upkeep\n|turn|17\n|choice|move facade|switch 4\n|\n|switch|p2a: Celesteela|Celesteela|334\/398\n|-damage|p2a: Celesteela|285\/398|[from] Stealth Rock\n|move|p1a: Swellow|Facade|p2a: Celesteela\n|-resisted|p2a: Celesteela\n|-damage|p2a: Celesteela|142\/398\n|\n|-weather|Sandstorm|[upkeep]\n|-damage|p1a: Swellow|8\/261 brn|[from] sandstorm\n|-heal|p2a: Celesteela|166\/398|[from] item: Leftovers\n|-damage|p1a: Swellow|0 fnt|[from] brn\n|upkeep\n|faint|p1a: Swellow\n|c|\u2606Lkjhgfdsapoi|your garchomp wrecked me\n|choice|switch 5|\n|\n|switch|p1a: Hitmonlee|Hitmonlee, M|241\/241\n|-damage|p1a: Hitmonlee|226\/241|[from] Stealth Rock\n|turn|18\n|choice|move fakeout|move airslash\n|\n|move|p1a: Hitmonlee|Fake Out|p2a: Celesteela\n|-enditem|p1a: Hitmonlee|Normal Gem|[from] gem|[move] Fake Out\n|-resisted|p2a: Celesteela\n|-damage|p2a: Celesteela|134\/398\n|cant|p2a: Celesteela|flinch\n|\n|-weather|Sandstorm|[upkeep]\n|-damage|p1a: Hitmonlee|211\/241|[from] sandstorm\n|-heal|p2a: Celesteela|158\/398|[from] item: Leftovers\n|upkeep\n|turn|19\n|c|\u2606Trainer Bulgur|I Love it\n|choice|move highjumpkick|move airslash\n|\n|move|p1a: Hitmonlee|High Jump Kick|p2a: Celesteela\n|-damage|p2a: Celesteela|0 fnt\n|faint|p2a: Celesteela\n|\n|-weather|Sandstorm|[upkeep]\n|-damage|p1a: Hitmonlee|196\/241|[from] sandstorm\n|upkeep\n|c|\u2606Lkjhgfdsapoi|yeah\n|choice||switch 6\n|\n|switch|p2a: Garchomp|Garchomp, F|114\/357\n|-damage|p2a: Garchomp|92\/357|[from] Stealth Rock\n|turn|20\n|c|\u2606Lkjhgfdsapoi|well hackers are hackers\n|choice|move knockoff|move outrage\n|\n|move|p1a: Hitmonlee|Knock Off|p2a: Garchomp\n|-damage|p2a: Garchomp|0 fnt\n|-enditem|p2a: Garchomp|Choice Scarf|[from] move: Knock Off|[of] p1a: Hitmonlee\n|faint|p2a: Garchomp\n|\n|-weather|none\n|upkeep\n|c|\u2606Lkjhgfdsapoi|hahahahahahahahahahahahahah\n|c|\u2606Trainer Bulgur|gg unburden\n|c|\u2606Lkjhgfdsapoi|troll\n|-message|Trainer Bulgur forfeited.\n|\n|win|Lkjhgfdsapoi\n|c|\u2606Lkjhgfdsapoi|noone outspeeds lee\n|l|Trainer Bulgur\n|raw|Lkjhgfdsapoi's rating: 1142 &rarr; <strong>1168<\/strong><br \/>(+26 for winning)\n|raw|Trainer Bulgur's rating: 1154 &rarr; <strong>1128<\/strong><br \/>(-26 for losing)","inputlog":null,"uploadtime":1507388356,"views":24,"p1id":"lkjhgfdsapoi","p2id":"trainerbulgur","formatid":"gen7ou","rating":0,"private":0,"password":null}