{"id":"gen7ou-745873982","p1":"Ohmboy Tesla","p2":"lcezasfuck","format":"gen7ou","log":"|j|\u2606Ohmboy Tesla\n|j|\u2606lcezasfuck\n|player|p1|Ohmboy Tesla|136\n|player|p2|lcezasfuck|170\n|teamsize|p1|6\n|teamsize|p2|6\n|gametype|singles\n|gen|7\n|tier|[Gen 7] OU\n|rated|\n|rule|Sleep Clause Mod: Limit one foe put to sleep\n|rule|Species Clause: Limit one of each Pok\u00e9mon\n|rule|OHKO Clause: OHKO moves are banned\n|rule|Moody Clause: Moody is banned\n|rule|Evasion Moves Clause: Evasion moves are banned\n|rule|Endless Battle Clause: Forcing endless battles is banned\n|rule|HP Percentage Mod: HP is shown in percentages\n|clearpoke\n|poke|p1|Diancie|item\n|poke|p1|Volcarona, M|item\n|poke|p1|Rotom-Wash|item\n|poke|p1|Tapu Bulu|item\n|poke|p1|Landorus-Therian, M|item\n|poke|p1|Toxapex, M|item\n|poke|p2|Pyukumuku, M|item\n|poke|p2|Registeel|item\n|poke|p2|Gligar, M|item\n|poke|p2|Cresselia, F|item\n|poke|p2|Espeon, F|item\n|poke|p2|Umbreon, M|item\n|teampreview\n|inactive|Battle timer is ON: inactive players will automatically lose when time's up. (requested by lcezasfuck)\n|c|\u2606lcezasfuck|When u don't know what tier really is\n|inactive|lcezasfuck has 135 seconds left.\n|\n|start\n|switch|p1a: scRotom-Wash|Rotom-Wash|100\/100\n|switch|p2a: Gligar|Gligar, M|100\/100\n|turn|1\n|c|\u2606Ohmboy Tesla|I'm all for using lower tiered mons :)\n|\n|switch|p2a: Registeel|Registeel|100\/100\n|move|p1a: scRotom-Wash|Hydro Pump|p2a: Registeel|[miss]\n|-miss|p1a: scRotom-Wash|p2a: Registeel\n|\n|upkeep\n|turn|2\n|\n|move|p1a: scRotom-Wash|Volt Switch|p2a: Registeel\n|-damage|p2a: Registeel|87\/100\n|\n|switch|p1a: Boy Fort|Toxapex, M|100\/100\n|move|p2a: Registeel|Stealth Rock|p1a: Boy Fort\n|-sidestart|p1: Ohmboy Tesla|move: Stealth Rock\n|\n|-heal|p2a: Registeel|93\/100|[from] item: Leftovers\n|upkeep\n|turn|3\n|\n|move|p2a: Registeel|Thunder Wave|p1a: Boy Fort\n|-status|p1a: Boy Fort|par\n|move|p1a: Boy Fort|Scald|p2a: Registeel\n|-damage|p2a: Registeel|85\/100\n|\n|-heal|p2a: Registeel|91\/100|[from] item: Leftovers\n|upkeep\n|turn|4\n|\n|switch|p2a: Espeon|Espeon, F|100\/100\n|move|p1a: Boy Fort|Toxic Spikes|p2a: Espeon\n|move|p2a: Espeon|Toxic Spikes|p1a: Boy Fort|[from]Magic Bounce\n|-sidestart|p1: Ohmboy Tesla|move: Toxic Spikes\n|\n|upkeep\n|turn|5\n|inactive|lcezasfuck has 135 seconds left.\n|inactive|lcezasfuck has 120 seconds left.\n|\n|switch|p1a: Flooffy Paws|Landorus-Therian, M|100\/100\n|-damage|p1a: Flooffy Paws|88\/100|[from] Stealth Rock\n|-ability|p1a: Flooffy Paws|Intimidate|boost\n|-unboost|p2a: Espeon|atk|1\n|move|p2a: Espeon|Psychic|p1a: Flooffy Paws\n|-damage|p1a: Flooffy Paws|47\/100\n|\n|-heal|p1a: Flooffy Paws|53\/100|[from] item: Leftovers\n|upkeep\n|turn|6\n|\n|move|p2a: Espeon|Psychic|p1a: Flooffy Paws\n|-damage|p1a: Flooffy Paws|10\/100\n|move|p1a: Flooffy Paws|U-turn|p2a: Espeon\n|-supereffective|p2a: Espeon\n|-damage|p2a: Espeon|54\/100\n|\n|switch|p1a: Boy Fort|Toxapex, M|100\/100 par\n|-sideend|p1: Ohmboy Tesla|move: Toxic Spikes|[of] p1a: Boy Fort\n|-damage|p1a: Boy Fort|88\/100 par|[from] Stealth Rock\n|\n|-heal|p2a: Espeon|60\/100|[from] item: Leftovers\n|-heal|p1a: Boy Fort|94\/100 par|[from] item: Black Sludge\n|upkeep\n|turn|7\n|\n|switch|p1a: Top Bull|Tapu Bulu|100\/100\n|-damage|p1a: Top Bull|88\/100|[from] Stealth Rock\n|-fieldstart|move: Grassy Terrain|[from] ability: Grassy Surge|[of] p1a: Top Bull\n|move|p2a: Espeon|Psychic|p1a: Top Bull\n|-damage|p1a: Top Bull|60\/100\n|\n|-heal|p2a: Espeon|66\/100|[from] item: Leftovers\n|-heal|p2a: Espeon|72\/100|[from] Grassy Terrain\n|-heal|p1a: Top Bull|66\/100|[from] item: Leftovers\n|-heal|p1a: Top Bull|73\/100|[from] Grassy Terrain\n|upkeep\n|turn|8\n|\n|move|p2a: Espeon|Toxic|p1a: Top Bull\n|-status|p1a: Top Bull|tox\n|move|p1a: Top Bull|Horn Leech|p2a: Espeon\n|-damage|p2a: Espeon|18\/100\n|-heal|p1a: Top Bull|99\/100 tox|[from] drain|[of] p2a: Espeon\n|\n|-heal|p2a: Espeon|24\/100|[from] item: Leftovers\n|-heal|p2a: Espeon|30\/100|[from] Grassy Terrain\n|-heal|p1a: Top Bull|100\/100 tox|[from] item: Leftovers\n|-damage|p1a: Top Bull|94\/100 tox|[from] psn\n|upkeep\n|turn|9\n|\n|move|p2a: Espeon|Morning Sun|p2a: Espeon\n|-heal|p2a: Espeon|80\/100\n|move|p1a: Top Bull|Horn Leech|p2a: Espeon\n|-damage|p2a: Espeon|30\/100\n|-heal|p1a: Top Bull|100\/100 tox|[from] drain|[of] p2a: Espeon\n|\n|-heal|p2a: Espeon|36\/100|[from] item: Leftovers\n|-heal|p2a: Espeon|42\/100|[from] Grassy Terrain\n|-damage|p1a: Top Bull|88\/100 tox|[from] psn\n|upkeep\n|turn|10\n|\n|move|p2a: Espeon|Morning Sun|p2a: Espeon\n|-heal|p2a: Espeon|92\/100\n|move|p1a: Top Bull|Horn Leech|p2a: Espeon\n|-damage|p2a: Espeon|41\/100\n|-heal|p1a: Top Bull|100\/100 tox|[from] drain|[of] p2a: Espeon\n|\n|-heal|p2a: Espeon|47\/100|[from] item: Leftovers\n|-heal|p2a: Espeon|53\/100|[from] Grassy Terrain\n|-damage|p1a: Top Bull|82\/100 tox|[from] psn\n|upkeep\n|turn|11\n|\n|move|p2a: Espeon|Morning Sun|p2a: Espeon\n|-heal|p2a: Espeon|100\/100\n|move|p1a: Top Bull|Horn Leech|p2a: Espeon\n|-damage|p2a: Espeon|53\/100\n|-heal|p1a: Top Bull|100\/100 tox|[from] drain|[of] p2a: Espeon\n|\n|-heal|p2a: Espeon|59\/100|[from] item: Leftovers\n|-heal|p2a: Espeon|65\/100|[from] Grassy Terrain\n|-fieldend|move: Grassy Terrain\n|-damage|p1a: Top Bull|75\/100 tox|[from] psn\n|upkeep\n|turn|12\n|\n|switch|p2a: Gligar|Gligar, M|100\/100\n|switch|p1a: scRotom-Wash|Rotom-Wash|100\/100\n|-damage|p1a: scRotom-Wash|88\/100|[from] Stealth Rock\n|\n|-heal|p1a: scRotom-Wash|94\/100|[from] item: Leftovers\n|upkeep\n|turn|13\n|\n|move|p1a: scRotom-Wash|Defog|p2a: Gligar\n|-unboost|p2a: Gligar|evasion|1\n|-sideend|p1: Ohmboy Tesla|Stealth Rock|[from] move: Defog|[of] p1a: scRotom-Wash\n|move|p2a: Gligar|Knock Off|p1a: scRotom-Wash\n|-damage|p1a: scRotom-Wash|80\/100\n|-enditem|p1a: scRotom-Wash|Leftovers|[from] move: Knock Off|[of] p2a: Gligar\n|\n|upkeep\n|turn|14\n|\n|switch|p2a: Registeel|Registeel|91\/100\n|move|p1a: scRotom-Wash|Will-O-Wisp|p2a: Registeel\n|-status|p2a: Registeel|brn\n|\n|-heal|p2a: Registeel|97\/100 brn|[from] item: Leftovers\n|-damage|p2a: Registeel|91\/100 brn|[from] brn\n|upkeep\n|turn|15\n|\n|move|p1a: scRotom-Wash|Volt Switch|p2a: Registeel\n|-damage|p2a: Registeel|78\/100 brn\n|\n|switch|p1a: Atlas|Volcarona, M|100\/100\n|move|p2a: Registeel|Seismic Toss|p1a: Atlas\n|-damage|p1a: Atlas|68\/100\n|\n|-heal|p2a: Registeel|84\/100 brn|[from] item: Leftovers\n|-damage|p2a: Registeel|78\/100 brn|[from] brn\n|upkeep\n|turn|16\n|\n|switch|p1a: Flooffy Paws|Landorus-Therian, M|10\/100\n|-ability|p1a: Flooffy Paws|Intimidate|boost\n|-fail|p2a: Registeel|unboost|[from] ability: Clear Body|[of] p2a: Registeel\n|move|p2a: Registeel|Stealth Rock|p1a: Flooffy Paws\n|-sidestart|p1: Ohmboy Tesla|move: Stealth Rock\n|\n|-heal|p1a: Flooffy Paws|16\/100|[from] item: Leftovers\n|-heal|p2a: Registeel|84\/100 brn|[from] item: Leftovers\n|-damage|p2a: Registeel|78\/100 brn|[from] brn\n|upkeep\n|turn|17\n|\n|switch|p2a: Espeon|Espeon, F|65\/100\n|move|p1a: Flooffy Paws|Stealth Rock|p2a: Espeon\n|move|p2a: Espeon|Stealth Rock|p1a: Flooffy Paws|[from]Magic Bounce\n|-fail|p2a: Espeon\n|\n|-heal|p2a: Espeon|71\/100|[from] item: Leftovers\n|-heal|p1a: Flooffy Paws|22\/100|[from] item: Leftovers\n|upkeep\n|turn|18\n|\n|move|p2a: Espeon|Psychic|p1a: Flooffy Paws\n|-damage|p1a: Flooffy Paws|0 fnt\n|faint|p1a: Flooffy Paws\n|\n|-heal|p2a: Espeon|77\/100|[from] item: Leftovers\n|upkeep\n|\n|switch|p1a: Carbink-EX|Diancie|100\/100\n|-damage|p1a: Carbink-EX|88\/100|[from] Stealth Rock\n|turn|19\n|\n|switch|p2a: Registeel|Registeel|78\/100 brn\n|-mega|p1a: Carbink-EX|Diancie|Diancite\n|detailschange|p1a: Carbink-EX|Diancie-Mega\n|move|p1a: Carbink-EX|Moonblast|p2a: Registeel\n|-resisted|p2a: Registeel\n|-damage|p2a: Registeel|63\/100 brn\n|\n|-heal|p2a: Registeel|69\/100 brn|[from] item: Leftovers\n|-damage|p2a: Registeel|63\/100 brn|[from] brn\n|upkeep\n|turn|20\n|\n|switch|p2a: Umbreon|Umbreon, M|100\/100\n|move|p1a: Carbink-EX|Earth Power|p2a: Umbreon\n|-damage|p2a: Umbreon|82\/100\n|\n|-heal|p2a: Umbreon|88\/100|[from] item: Leftovers\n|upkeep\n|turn|21\n|\n|move|p2a: Umbreon|Protect|p2a: Umbreon\n|-singleturn|p2a: Umbreon|Protect\n|move|p1a: Carbink-EX|Moonblast|p2a: Umbreon\n|-activate|p2a: Umbreon|move: Protect\n|\n|-heal|p2a: Umbreon|94\/100|[from] item: Leftovers\n|upkeep\n|turn|22\n|\n|move|p1a: Carbink-EX|Moonblast|p2a: Umbreon\n|-supereffective|p2a: Umbreon\n|-damage|p2a: Umbreon|31\/100\n|move|p2a: Umbreon|Wish|p2a: Umbreon\n|\n|-heal|p2a: Umbreon|38\/100|[from] item: Leftovers\n|upkeep\n|turn|23\n|\n|switch|p2a: Registeel|Registeel|63\/100 brn\n|move|p1a: Carbink-EX|Earth Power|p2a: Registeel\n|-supereffective|p2a: Registeel\n|-damage|p2a: Registeel|26\/100 brn\n|\n|-heal|p2a: Registeel|80\/100 brn|[from] move: Wish|[wisher] Umbreon\n|-heal|p2a: Registeel|86\/100 brn|[from] item: Leftovers\n|-damage|p2a: Registeel|80\/100 brn|[from] brn\n|upkeep\n|turn|24\n|\n|switch|p2a: Gligar|Gligar, M|100\/100\n|move|p1a: Carbink-EX|Earth Power|p2a: Gligar\n|-immune|p2a: Gligar|[msg]\n|\n|upkeep\n|turn|25\n|\n|move|p1a: Carbink-EX|Diamond Storm|p2a: Gligar\n|-crit|p2a: Gligar\n|-damage|p2a: Gligar|65\/100\n|-boost|p1a: Carbink-EX|def|2\n|move|p2a: Gligar|Earthquake|p1a: Carbink-EX\n|-supereffective|p1a: Carbink-EX\n|-damage|p1a: Carbink-EX|46\/100\n|\n|upkeep\n|turn|26\n|\n|switch|p2a: Registeel|Registeel|80\/100 brn\n|move|p1a: Carbink-EX|Moonblast|p2a: Registeel\n|-resisted|p2a: Registeel\n|-damage|p2a: Registeel|67\/100 brn\n|\n|-heal|p2a: Registeel|73\/100 brn|[from] item: Leftovers\n|-damage|p2a: Registeel|67\/100 brn|[from] brn\n|upkeep\n|turn|27\n|\n|switch|p2a: Cresselia|Cresselia, F|100\/100\n|move|p1a: Carbink-EX|Earth Power|p2a: Cresselia\n|-immune|p2a: Cresselia|[msg]|[from] ability: Levitate\n|\n|upkeep\n|turn|28\n|\n|switch|p1a: scRotom-Wash|Rotom-Wash|80\/100\n|-damage|p1a: scRotom-Wash|67\/100|[from] Stealth Rock\n|move|p2a: Cresselia|Calm Mind|p2a: Cresselia\n|-boost|p2a: Cresselia|spa|1\n|-boost|p2a: Cresselia|spd|1\n|\n|upkeep\n|turn|29\n|\n|move|p1a: scRotom-Wash|Defog|p2a: Cresselia\n|-unboost|p2a: Cresselia|evasion|1\n|-sideend|p1: Ohmboy Tesla|Stealth Rock|[from] move: Defog|[of] p1a: scRotom-Wash\n|move|p2a: Cresselia|Calm Mind|p2a: Cresselia\n|-boost|p2a: Cresselia|spa|1\n|-boost|p2a: Cresselia|spd|1\n|\n|upkeep\n|turn|30\n|inactive|Ohmboy Tesla has 135 seconds left.\n|\n|move|p1a: scRotom-Wash|Will-O-Wisp|p2a: Cresselia\n|-status|p2a: Cresselia|brn\n|move|p2a: Cresselia|Calm Mind|p2a: Cresselia\n|-boost|p2a: Cresselia|spa|1\n|-boost|p2a: Cresselia|spd|1\n|\n|-damage|p2a: Cresselia|94\/100 brn|[from] brn\n|upkeep\n|turn|31\n|\n|move|p1a: scRotom-Wash|Volt Switch|p2a: Cresselia\n|-damage|p2a: Cresselia|88\/100 brn\n|inactive|Ohmboy Tesla has 135 seconds left.\n|c|\u2606lcezasfuck|Any pokemon counter this?\n|\n|switch|p1a: Top Bull|Tapu Bulu|75\/100 tox\n|-fieldstart|move: Grassy Terrain|[from] ability: Grassy Surge|[of] p1a: Top Bull\n|move|p2a: Cresselia|Calm Mind|p2a: Cresselia\n|-boost|p2a: Cresselia|spa|1\n|-boost|p2a: Cresselia|spd|1\n|\n|-heal|p1a: Top Bull|82\/100 tox|[from] item: Leftovers\n|-heal|p1a: Top Bull|88\/100 tox|[from] Grassy Terrain\n|-damage|p2a: Cresselia|82\/100 brn|[from] brn\n|-damage|p1a: Top Bull|82\/100 tox|[from] psn\n|upkeep\n|turn|32\n|\n|-zpower|p2a: Cresselia\n|move|p2a: Cresselia|Shattered Psyche|p1a: Top Bull|[zeffect]\n|-damage|p1a: Top Bull|0 fnt\n|faint|p1a: Top Bull\n|\n|-damage|p2a: Cresselia|75\/100 brn|[from] brn\n|upkeep\n|\n|switch|p1a: Atlas|Volcarona, M|68\/100\n|turn|33\n|\n|-zpower|p1a: Atlas\n|move|p1a: Atlas|Savage Spin-Out|p2a: Cresselia|[zeffect]\n|-supereffective|p2a: Cresselia\n|-crit|p2a: Cresselia\n|-damage|p2a: Cresselia|0 fnt\n|faint|p2a: Cresselia\n|\n|-heal|p1a: Atlas|74\/100|[from] Grassy Terrain\n|upkeep\n|c|\u2606lcezasfuck|lol\n|c|\u2606lcezasfuck|fine\n|inactive|lcezasfuck has 135 seconds left.\n|inactive|lcezasfuck has 120 seconds left.\n|\n|switch|p2a: Registeel|Registeel|67\/100 brn\n|turn|34\n|inactive|Ohmboy Tesla has 135 seconds left.\n|\n|switch|p1a: Carbink-EX|Diancie-Mega|46\/100\n|move|p2a: Registeel|Thunder Wave|p1a: Carbink-EX\n|move|p1a: Carbink-EX|Thunder Wave|p2a: Registeel|[from]Magic Bounce|[miss]\n|-miss|p1a: Carbink-EX|p2a: Registeel\n|\n|-heal|p1a: Carbink-EX|52\/100|[from] Grassy Terrain\n|-heal|p2a: Registeel|73\/100 brn|[from] item: Leftovers\n|-heal|p2a: Registeel|79\/100 brn|[from] Grassy Terrain\n|-damage|p2a: Registeel|73\/100 brn|[from] brn\n|upkeep\n|turn|35\n|\n|switch|p1a: Boy Fort|Toxapex, M|100\/100 par\n|move|p2a: Registeel|Seismic Toss|p1a: Boy Fort\n|-damage|p1a: Boy Fort|68\/100 par\n|\n|-heal|p2a: Registeel|79\/100 brn|[from] item: Leftovers\n|-heal|p2a: Registeel|85\/100 brn|[from] Grassy Terrain\n|-heal|p1a: Boy Fort|74\/100 par|[from] item: Black Sludge\n|-heal|p1a: Boy Fort|80\/100 par|[from] Grassy Terrain\n|-fieldend|move: Grassy Terrain\n|-damage|p2a: Registeel|79\/100 brn|[from] brn\n|upkeep\n|turn|36\n|\n|switch|p1a: Carbink-EX|Diancie-Mega|52\/100\n|move|p2a: Registeel|Stealth Rock|p1a: Carbink-EX\n|move|p1a: Carbink-EX|Stealth Rock|p2a: Registeel|[from]Magic Bounce\n|-sidestart|p2: lcezasfuck|move: Stealth Rock\n|\n|-heal|p2a: Registeel|85\/100 brn|[from] item: Leftovers\n|-damage|p2a: Registeel|79\/100 brn|[from] brn\n|upkeep\n|turn|37\n|\n|move|p1a: Carbink-EX|Earth Power|p2a: Registeel\n|-supereffective|p2a: Registeel\n|-damage|p2a: Registeel|44\/100 brn\n|move|p2a: Registeel|Iron Head|p1a: Carbink-EX\n|-supereffective|p1a: Carbink-EX\n|-damage|p1a: Carbink-EX|0 fnt\n|faint|p1a: Carbink-EX\n|\n|-heal|p2a: Registeel|50\/100 brn|[from] item: Leftovers\n|-damage|p2a: Registeel|44\/100 brn|[from] brn\n|upkeep\n|inactive|Ohmboy Tesla has 135 seconds left.\n|\n|switch|p1a: Atlas|Volcarona, M|74\/100\n|turn|38\n|\n|move|p1a: Atlas|Fiery Dance|p2a: Registeel\n|-supereffective|p2a: Registeel\n|-crit|p2a: Registeel\n|-damage|p2a: Registeel|0 fnt\n|faint|p2a: Registeel\n|\n|upkeep\n|\n|switch|p2a: Pyukumuku|Pyukumuku, M|100\/100\n|-damage|p2a: Pyukumuku|88\/100|[from] Stealth Rock\n|turn|39\n|inactive|Ohmboy Tesla has 135 seconds left.\n|\n|switch|p1a: Boy Fort|Toxapex, M|100\/100 par\n|move|p2a: Pyukumuku|Toxic|p1a: Boy Fort|[miss]\n|-miss|p2a: Pyukumuku|p1a: Boy Fort\n|\n|-heal|p2a: Pyukumuku|94\/100|[from] item: Leftovers\n|upkeep\n|turn|40\n|inactive|Ohmboy Tesla has 135 seconds left.\n|inactive|Ohmboy Tesla has 120 seconds left.\n|inactive|Ohmboy Tesla has 105 seconds left.\n|inactive|lcezasfuck has 135 seconds left.\n|inactive|Ohmboy Tesla has 90 seconds left.\n|inactive|Ohmboy Tesla has 75 seconds left.\n|inactive|Ohmboy Tesla has 60 seconds left.\n|inactive|Ohmboy Tesla has 45 seconds left.\n|inactive|Ohmboy Tesla has 30 seconds left.\n|inactive|Ohmboy Tesla has 20 seconds left.\n|inactive|Ohmboy Tesla has 15 seconds left.\n|inactive|Ohmboy Tesla has 10 seconds left.\n|inactive|Ohmboy Tesla has 5 seconds left.\n|-message|Ohmboy Tesla lost due to inactivity.\n|\n|win|lcezasfuck\n","inputlog":null,"uploadtime":1526058618,"views":5,"p1id":"ohmboytesla","p2id":"lcezasfuck","formatid":"gen7ou","rating":0,"private":0,"password":null}