{"id":"gen7ou-1394405229","p1":"Shootingwolf","p2":"Bryzbt","format":"gen7ou","log":"|j|\u2606Shootingwolf\n|j|\u2606Bryzbt\n|t:|1628675279\n|gametype|singles\n|player|p1|Shootingwolf|lady|1622\n|player|p2|Bryzbt|hugh|1658\n|teamsize|p1|6\n|teamsize|p2|6\n|gen|7\n|tier|[Gen 7] OU\n|rated|\n|rule|Sleep Clause Mod: Limit one foe put to sleep\n|rule|Species Clause: Limit one of each Pok\u00e9mon\n|rule|OHKO Clause: OHKO moves are banned\n|rule|Moody Clause: Moody is banned\n|rule|Evasion Moves Clause: Evasion moves are banned\n|rule|Endless Battle Clause: Forcing endless battles is banned\n|rule|HP Percentage Mod: HP is shown in percentages\n|clearpoke\n|poke|p1|Rotom-Wash|item\n|poke|p1|Medicham, F|item\n|poke|p1|Landorus-Therian, M|item\n|poke|p1|Magearna|item\n|poke|p1|Greninja, M|item\n|poke|p1|Tangrowth, F|item\n|poke|p2|Tapu Koko|item\n|poke|p2|Lopunny, F|item\n|poke|p2|Greninja, M|item\n|poke|p2|Zapdos|item\n|poke|p2|Hawlucha, M|item\n|poke|p2|Landorus-Therian, M|item\n|teampreview\n|inactive|Battle timer is ON: inactive players will automatically lose when time's up. (requested by Bryzbt)\n|\n|t:|1628675287\n|start\n|switch|p1a: Rotom|Rotom-Wash|100\/100\n|switch|p2a: Tapu Koko|Tapu Koko|100\/100\n|-fieldstart|move: Electric Terrain|[from] ability: Electric Surge|[of] p2a: Tapu Koko\n|turn|1\n|\n|t:|1628675291\n|move|p2a: Tapu Koko|Volt Switch|p1a: Rotom\n|-damage|p1a: Rotom|40\/100\n|-damage|p2a: Tapu Koko|91\/100|[from] item: Life Orb\n|\n|t:|1628675296\n|switch|p2a: Landorus|Landorus-Therian, M|100\/100|[from]move: Volt Switch\n|-ability|p2a: Landorus|Intimidate|boost\n|-unboost|p1a: Rotom|atk|1\n|move|p1a: Rotom|Toxic|p2a: Landorus\n|-status|p2a: Landorus|tox\n|\n|-damage|p2a: Landorus|94\/100 tox|[from] psn\n|upkeep\n|turn|2\n|\n|t:|1628675303\n|move|p2a: Landorus|U-turn|p1a: Rotom\n|-damage|p1a: Rotom|24\/100\n|-enditem|p1a: Rotom|Iapapa Berry|[eat]\n|-heal|p1a: Rotom|74\/100|[from] item: Iapapa Berry\n|\n|t:|1628675310\n|switch|p2a: Tapu Koko|Tapu Koko|91\/100|[from]move: U-turn\n|move|p1a: Rotom|Hydro Pump|p2a: Tapu Koko\n|-damage|p2a: Tapu Koko|28\/100\n|\n|upkeep\n|turn|3\n|\n|t:|1628675321\n|switch|p1a: Tangrowth|Tangrowth, F|100\/100\n|move|p2a: Tapu Koko|Thunderbolt|p1a: Tangrowth\n|-resisted|p1a: Tangrowth\n|-damage|p1a: Tangrowth|76\/100\n|-damage|p2a: Tapu Koko|18\/100|[from] item: Life Orb\n|\n|upkeep\n|turn|4\n|\n|t:|1628675336\n|switch|p2a: Landorus|Landorus-Therian, M|94\/100 tox\n|-ability|p2a: Landorus|Intimidate|boost\n|-unboost|p1a: Tangrowth|atk|1\n|switch|p1a: Emerald Spray|Greninja, M|100\/100\n|\n|-damage|p2a: Landorus|88\/100 tox|[from] psn\n|upkeep\n|turn|5\n|\n|t:|1628675344\n|switch|p1a: Landorus|Landorus-Therian, M|100\/100\n|-ability|p1a: Landorus|Intimidate|boost\n|-unboost|p2a: Landorus|atk|1\n|move|p2a: Landorus|Stealth Rock|p1a: Landorus\n|-sidestart|p1: Shootingwolf|move: Stealth Rock\n|\n|-damage|p2a: Landorus|76\/100 tox|[from] psn\n|-fieldend|move: Electric Terrain\n|upkeep\n|turn|6\n|\n|t:|1628675348\n|move|p1a: Landorus|Stealth Rock|p2a: Landorus\n|-sidestart|p2: Bryzbt|move: Stealth Rock\n|move|p2a: Landorus|Hidden Power|p1a: Landorus\n|-supereffective|p1a: Landorus\n|-damage|p1a: Landorus|34\/100\n|\n|-damage|p2a: Landorus|58\/100 tox|[from] psn\n|upkeep\n|turn|7\n|\n|t:|1628675366\n|-zpower|p1a: Landorus\n|move|p1a: Landorus|Continental Crush|p2a: Landorus|[zeffect]\n|-damage|p2a: Landorus|11\/100 tox\n|move|p2a: Landorus|U-turn|p1a: Landorus\n|-resisted|p1a: Landorus\n|-damage|p1a: Landorus|26\/100\n|\n|t:|1628675370\n|switch|p2a: Zapdos|Zapdos|100\/100|[from]move: U-turn\n|-damage|p2a: Zapdos|75\/100|[from] Stealth Rock\n|\n|-heal|p2a: Zapdos|82\/100|[from] item: Leftovers\n|upkeep\n|turn|8\n|\n|t:|1628675377\n|move|p1a: Landorus|Stone Edge|p2a: Zapdos\n|-supereffective|p2a: Zapdos\n|-damage|p2a: Zapdos|27\/100\n|move|p2a: Zapdos|Defog|p1a: Landorus\n|-unboost|p1a: Landorus|evasion|1\n|-sideend|p1: Shootingwolf|Stealth Rock|[from] move: Defog|[of] p2a: Zapdos\n|-sideend|p2: Bryzbt|Stealth Rock|[from] move: Defog|[of] p2a: Zapdos\n|\n|-heal|p2a: Zapdos|33\/100|[from] item: Leftovers\n|upkeep\n|turn|9\n|\n|t:|1628675384\n|switch|p2a: Landorus|Landorus-Therian, M|11\/100 tox\n|-ability|p2a: Landorus|Intimidate|boost\n|-unboost|p1a: Landorus|atk|1\n|move|p1a: Landorus|Stone Edge|p2a: Landorus\n|-damage|p2a: Landorus|0 fnt\n|faint|p2a: Landorus\n|\n|upkeep\n|\n|t:|1628675390\n|switch|p2a: Lopunny|Lopunny, F, shiny|100\/100\n|turn|10\n|\n|t:|1628675393\n|switch|p1a: Tangrowth|Tangrowth, F|100\/100\n|detailschange|p2a: Lopunny|Lopunny-Mega, F, shiny\n|-mega|p2a: Lopunny|Lopunny|Lopunnite\n|move|p2a: Lopunny|Fake Out|p1a: Tangrowth\n|-damage|p1a: Tangrowth|85\/100\n|\n|upkeep\n|turn|11\n|\n|t:|1628675399\n|move|p2a: Lopunny|Power-Up Punch|p1a: Tangrowth\n|-damage|p1a: Tangrowth|70\/100\n|-boost|p2a: Lopunny|atk|1\n|move|p1a: Tangrowth|Sludge Bomb|p2a: Lopunny\n|-damage|p2a: Lopunny|71\/100\n|\n|upkeep\n|turn|12\n|\n|t:|1628675405\n|move|p2a: Lopunny|High Jump Kick|p1a: Tangrowth\n|-damage|p1a: Tangrowth|0 fnt\n|faint|p1a: Tangrowth\n|\n|upkeep\n|\n|t:|1628675410\n|switch|p1a: Landorus|Landorus-Therian, M|26\/100\n|-ability|p1a: Landorus|Intimidate|boost\n|-unboost|p2a: Lopunny|atk|1\n|turn|13\n|\n|t:|1628675413\n|move|p2a: Lopunny|Return|p1a: Landorus\n|-damage|p1a: Landorus|0 fnt\n|faint|p1a: Landorus\n|\n|upkeep\n|\n|t:|1628675416\n|switch|p1a: Medicham|Medicham, F|100\/100\n|turn|14\n|\n|t:|1628675419\n|switch|p2a: Zapdos|Zapdos|33\/100\n|detailschange|p1a: Medicham|Medicham-Mega, F\n|-mega|p1a: Medicham|Medicham|Medichamite\n|move|p1a: Medicham|Psycho Cut|p2a: Zapdos\n|-damage|p2a: Zapdos|0 fnt\n|faint|p2a: Zapdos\n|\n|upkeep\n|\n|t:|1628675428\n|switch|p2a: Tapu Koko|Tapu Koko|18\/100\n|-fieldstart|move: Electric Terrain|[from] ability: Electric Surge|[of] p2a: Tapu Koko\n|turn|15\n|\n|t:|1628675432\n|move|p1a: Medicham|Bullet Punch|p2a: Tapu Koko\n|-crit|p2a: Tapu Koko\n|-damage|p2a: Tapu Koko|0 fnt\n|faint|p2a: Tapu Koko\n|\n|upkeep\n|\n|t:|1628675436\n|switch|p2a: Hawlucha|Hawlucha, M|100\/100\n|-enditem|p2a: Hawlucha|Electric Seed\n|-boost|p2a: Hawlucha|def|1|[from] item: Electric Seed\n|turn|16\n|\n|t:|1628675441\n|move|p2a: Hawlucha|Acrobatics|p1a: Medicham\n|-supereffective|p1a: Medicham\n|-damage|p1a: Medicham|0 fnt\n|faint|p1a: Medicham\n|\n|upkeep\n|\n|t:|1628675452\n|switch|p1a: Rotom|Rotom-Wash|74\/100\n|turn|17\n|\n|t:|1628675456\n|move|p2a: Hawlucha|High Jump Kick|p1a: Rotom\n|-damage|p1a: Rotom|31\/100\n|move|p1a: Rotom|Volt Switch|p2a: Hawlucha\n|-supereffective|p2a: Hawlucha\n|-damage|p2a: Hawlucha|15\/100\n|\n|t:|1628675462\n|switch|p1a: Emerald Spray|Greninja, M|100\/100|[from]move: Volt Switch\n|\n|upkeep\n|turn|18\n|\n|t:|1628675465\n|move|p1a: Emerald Spray|Water Shuriken|p2a: Hawlucha\n|-damage|p2a: Hawlucha|0 fnt\n|faint|p2a: Hawlucha\n|-activate|p1a: Emerald Spray|ability: Battle Bond\n|detailschange|p1a: Emerald Spray|Greninja-Ash, M\n|-hitcount|p2: Hawlucha|1\n|\n|upkeep\n|\n|t:|1628675467\n|switch|p2a: Lopunny|Lopunny-Mega, F, shiny|71\/100\n|turn|19\n|\n|t:|1628675469\n|switch|p1a: Rotom|Rotom-Wash|31\/100\n|move|p2a: Lopunny|Fake Out|p1a: Rotom\n|-damage|p1a: Rotom|15\/100\n|\n|-fieldend|move: Electric Terrain\n|upkeep\n|turn|20\n|\n|t:|1628675473\n|move|p2a: Lopunny|Power-Up Punch|p1a: Rotom\n|-damage|p1a: Rotom|0 fnt\n|-boost|p2a: Lopunny|atk|1\n|faint|p1a: Rotom\n|\n|upkeep\n|\n|t:|1628675475\n|switch|p1a: Emerald Spray|Greninja-Ash, M|100\/100\n|turn|21\n|\n|t:|1628675479\n|move|p1a: Emerald Spray|Water Shuriken|p2a: Lopunny\n|-damage|p2a: Lopunny|49\/100\n|-damage|p2a: Lopunny|27\/100\n|-damage|p2a: Lopunny|4\/100\n|-hitcount|p2a: Lopunny|3\n|move|p2a: Lopunny|Return|p1a: Emerald Spray\n|-damage|p1a: Emerald Spray|0 fnt\n|faint|p1a: Emerald Spray\n|\n|upkeep\n|\n|t:|1628675484\n|switch|p1a: Magearna|Magearna|100\/100\n|turn|22\n|\n|t:|1628675490\n|move|p2a: Lopunny|High Jump Kick|p1a: Magearna\n|-damage|p1a: Magearna|5\/100\n|-enditem|p1a: Magearna|Iapapa Berry|[eat]\n|-heal|p1a: Magearna|54\/100|[from] item: Iapapa Berry\n|move|p1a: Magearna|Shift Gear|p1a: Magearna\n|-boost|p1a: Magearna|spe|2\n|-boost|p1a: Magearna|atk|1\n|\n|upkeep\n|turn|23\n|\n|t:|1628675499\n|move|p1a: Magearna|Thunderbolt|p2a: Lopunny\n|-damage|p2a: Lopunny|0 fnt\n|faint|p2a: Lopunny\n|-ability|p1a: Magearna|Soul-Heart|boost\n|-boost|p1a: Magearna|spa|1\n|\n|upkeep\n|\n|t:|1628675501\n|switch|p2a: Greninja|Greninja, M|100\/100\n|turn|24\n|\n|t:|1628675505\n|move|p2a: Greninja|Water Shuriken|p1a: Magearna\n|-damage|p1a: Magearna|44\/100\n|-damage|p1a: Magearna|35\/100\n|-damage|p1a: Magearna|26\/100\n|-hitcount|p1a: Magearna|3\n|move|p1a: Magearna|Thunderbolt|p2a: Greninja\n|-supereffective|p2a: Greninja\n|-damage|p2a: Greninja|0 fnt\n|faint|p2a: Greninja\n|\n|win|Shootingwolf\n|raw|Shootingwolf's rating: 1622 &rarr; <strong>1644<\/strong><br \/>(+22 for winning)\n|raw|Bryzbt's rating: 1658 &rarr; <strong>1636<\/strong><br \/>(-22 for losing)\n|l|\u2606Bryzbt\n","uploadtime":1628675514,"views":17,"p1id":"shootingwolf","p2id":"bryzbt","formatid":"gen7ou","rating":1636,"private":0,"password":null}