{"id":"gen7ou-964837265","p1":"lord cube","p2":"Saint DW","format":"gen7ou","log":"|j|\u2606lord cube\n|j|\u2606Saint DW\n|player|p1|lord cube|2|1405\n|player|p2|Saint DW|104|1455\n|teamsize|p1|6\n|teamsize|p2|6\n|gametype|singles\n|gen|7\n|tier|[Gen 7] OU\n|rated|\n|rule|Sleep Clause Mod: Limit one foe put to sleep\n|rule|Species Clause: Limit one of each Pok\u00e9mon\n|rule|OHKO Clause: OHKO moves are banned\n|rule|Moody Clause: Moody is banned\n|rule|Evasion Moves Clause: Evasion moves are banned\n|rule|Endless Battle Clause: Forcing endless battles is banned\n|rule|HP Percentage Mod: HP is shown in percentages\n|clearpoke\n|poke|p1|Rotom-Wash|item\n|poke|p1|Zapdos|item\n|poke|p1|Nidoqueen, F|item\n|poke|p1|Garchomp, M|item\n|poke|p1|Scizor, F|item\n|poke|p1|Ditto|item\n|poke|p2|Muk-Alola, F|item\n|poke|p2|Volcarona, F|item\n|poke|p2|Gyarados, M|item\n|poke|p2|Magnezone|item\n|poke|p2|Landorus-Therian, M|item\n|poke|p2|Silvally-*|item\n|teampreview\n|inactive|Battle timer is ON: inactive players will automatically lose when time's up. (requested by lord cube)\n|\n|start\n|switch|p1a: Rotom|Rotom-Wash|100\/100\n|switch|p2a: Silvally|Silvally-Dark|100\/100\n|turn|1\n|\n|move|p2a: Silvally|Parting Shot|p1a: Rotom\n|-unboost|p1a: Rotom|atk|1\n|-unboost|p1a: Rotom|spa|1\n|\n|switch|p2a: Magnezone|Magnezone|100\/100|[from]move: Parting Shot\n|move|p1a: Rotom|Will-O-Wisp|p2a: Magnezone\n|-status|p2a: Magnezone|brn\n|\n|-damage|p2a: Magnezone|94\/100 brn|[from] brn\n|upkeep\n|turn|2\n|\n|move|p2a: Magnezone|Flash Cannon|p1a: Rotom\n|-resisted|p1a: Rotom\n|-damage|p1a: Rotom|83\/100\n|move|p1a: Rotom|Volt Switch|p2a: Magnezone\n|-resisted|p2a: Magnezone\n|-damage|p2a: Magnezone|84\/100 brn\n|\n|switch|p1a: Zapdos|Zapdos|100\/100|[from]move: Volt Switch\n|-ability|p1a: Zapdos|Pressure\n|\n|-damage|p2a: Magnezone|78\/100 brn|[from] brn\n|upkeep\n|turn|3\n|\n|switch|p2a: Muk|Muk-Alola, F|100\/100\n|move|p1a: Zapdos|Heat Wave|p2a: Muk\n|-damage|p2a: Muk|79\/100\n|\n|upkeep\n|turn|4\n|\n|move|p1a: Zapdos|Volt Switch|p2a: Muk\n|-damage|p2a: Muk|55\/100\n|\n|switch|p1a: Garchomp|Garchomp, M|100\/100|[from]move: Volt Switch\n|move|p2a: Muk|Knock Off|p1a: Garchomp\n|-damage|p1a: Garchomp|36\/100\n|-damage|p2a: Muk|43\/100|[from] ability: Rough Skin|[of] p1a: Garchomp\n|-damage|p2a: Muk|26\/100|[from] item: Rocky Helmet|[of] p1a: Garchomp\n|-enditem|p1a: Garchomp|Rocky Helmet|[from] move: Knock Off|[of] p2a: Muk\n|-status|p1a: Garchomp|psn|[from] ability: Poison Touch|[of] p2a: Muk\n|\n|-damage|p1a: Garchomp|24\/100 psn|[from] psn\n|upkeep\n|turn|5\n|\n|switch|p2a: Landorus|Landorus-Therian, M|100\/100\n|-ability|p2a: Landorus|Intimidate|boost\n|-unboost|p1a: Garchomp|atk|1\n|move|p1a: Garchomp|Stealth Rock|p2a: Landorus\n|-sidestart|p2: Saint DW|move: Stealth Rock\n|\n|-damage|p1a: Garchomp|11\/100 psn|[from] psn\n|upkeep\n|turn|6\n|\n|switch|p1a: Rotom|Rotom-Wash|83\/100\n|move|p2a: Landorus|Defog|p1a: Rotom\n|-unboost|p1a: Rotom|evasion|1\n|-sideend|p2: Saint DW|Stealth Rock|[from] move: Defog|[of] p2a: Landorus\n|\n|-heal|p1a: Rotom|89\/100|[from] item: Leftovers\n|upkeep\n|turn|7\n|\n|switch|p2a: Muk|Muk-Alola, F|26\/100\n|move|p1a: Rotom|Volt Switch|p2a: Muk\n|-damage|p2a: Muk|6\/100\n|\n|switch|p1a: Garchomp|Garchomp, M|11\/100 psn|[from]move: Volt Switch\n|\n|-damage|p1a: Garchomp|0 fnt|[from] psn\n|faint|p1a: Garchomp\n|upkeep\n|inactive|lord cube has 120 seconds left.\n|\n|switch|p1a: Scizor|Scizor, F|100\/100\n|turn|8\n|\n|detailschange|p1a: Scizor|Scizor-Mega, F\n|-mega|p1a: Scizor|Scizor|Scizorite\n|move|p1a: Scizor|U-turn|p2a: Muk\n|-damage|p2a: Muk|0 fnt\n|faint|p2a: Muk\n|\n|switch|p1a: Rotom|Rotom-Wash|89\/100|[from]move: U-turn\n|\n|-heal|p1a: Rotom|95\/100|[from] item: Leftovers\n|upkeep\n|\n|switch|p2a: Silvally|Silvally-Dark|100\/100\n|turn|9\n|inactive|lord cube has 120 seconds left.\n|\n|move|p2a: Silvally|Parting Shot|p1a: Rotom\n|-unboost|p1a: Rotom|atk|1\n|-unboost|p1a: Rotom|spa|1\n|\n|switch|p2a: Magnezone|Magnezone|78\/100 brn|[from]move: Parting Shot\n|move|p1a: Rotom|Will-O-Wisp|p2a: Magnezone\n|-fail|p2a: Magnezone|brn\n|\n|-heal|p1a: Rotom|100\/100|[from] item: Leftovers\n|-damage|p2a: Magnezone|72\/100 brn|[from] brn\n|upkeep\n|turn|10\n|inactive|lord cube has 120 seconds left.\n|\n|move|p2a: Magnezone|Volt Switch|p1a: Rotom\n|-damage|p1a: Rotom|41\/100\n|\n|switch|p2a: Silvally|Silvally-Dark|100\/100|[from]move: Volt Switch\n|move|p1a: Rotom|Hydro Pump|p2a: Silvally\n|-damage|p2a: Silvally|72\/100\n|\n|-heal|p1a: Rotom|48\/100|[from] item: Leftovers\n|upkeep\n|turn|11\n|inactive|lord cube has 120 seconds left.\n|\n|move|p2a: Silvally|Thunderbolt|p1a: Rotom\n|-damage|p1a: Rotom|23\/100\n|move|p1a: Rotom|Volt Switch|p2a: Silvally\n|-damage|p2a: Silvally|55\/100\n|\n|switch|p1a: Scizor|Scizor-Mega, F|100\/100|[from]move: Volt Switch\n|\n|upkeep\n|turn|12\n|\n|switch|p1a: Rotom|Rotom-Wash|23\/100\n|move|p2a: Silvally|Flamethrower|p1a: Rotom\n|-resisted|p1a: Rotom\n|-damage|p1a: Rotom|11\/100\n|\n|-heal|p1a: Rotom|18\/100|[from] item: Leftovers\n|upkeep\n|turn|13\n|\n|move|p2a: Silvally|Thunderbolt|p1a: Rotom\n|-damage|p1a: Rotom|0 fnt\n|faint|p1a: Rotom\n|\n|upkeep\n|\n|switch|p1a: Zapdos|Zapdos|100\/100\n|-ability|p1a: Zapdos|Pressure\n|turn|14\n|\n|switch|p2a: Landorus|Landorus-Therian, M|100\/100\n|-ability|p2a: Landorus|Intimidate|boost\n|-unboost|p1a: Zapdos|atk|1\n|move|p1a: Zapdos|Volt Switch|p2a: Landorus\n|-immune|p2a: Landorus\n|\n|upkeep\n|turn|15\n|\n|switch|p1a: Scizor|Scizor-Mega, F|100\/100\n|move|p2a: Landorus|Stealth Rock|p1a: Scizor\n|-sidestart|p1: lord cube|move: Stealth Rock\n|\n|upkeep\n|turn|16\n|\n|move|p2a: Landorus|U-turn|p1a: Scizor\n|-resisted|p1a: Scizor\n|-damage|p1a: Scizor|93\/100\n|\n|switch|p2a: Volcarona|Volcarona, F|100\/100|[from]move: U-turn\n|move|p1a: Scizor|U-turn|p2a: Volcarona\n|-resisted|p2a: Volcarona\n|-damage|p2a: Volcarona|74\/100\n|-status|p1a: Scizor|brn|[from] ability: Flame Body|[of] p2a: Volcarona\n|\n|switch|p1a: Zapdos|Zapdos|100\/100|[from]move: U-turn\n|-damage|p1a: Zapdos|76\/100|[from] Stealth Rock\n|-ability|p1a: Zapdos|Pressure\n|\n|-heal|p1a: Zapdos|82\/100|[from] item: Leftovers\n|upkeep\n|turn|17\n|\n|move|p1a: Zapdos|Defog|p2a: Volcarona\n|-unboost|p2a: Volcarona|evasion|1\n|-sideend|p1: lord cube|Stealth Rock|[from] move: Defog|[of] p1a: Zapdos\n|move|p2a: Volcarona|Fire Blast|p1a: Zapdos\n|-damage|p1a: Zapdos|26\/100\n|\n|-heal|p1a: Zapdos|32\/100|[from] item: Leftovers\n|upkeep\n|turn|18\n|\n|switch|p2a: Silvally|Silvally-Dark|55\/100\n|move|p1a: Zapdos|Heat Wave|p2a: Silvally|[miss]\n|-miss|p1a: Zapdos|p2a: Silvally\n|\n|-heal|p1a: Zapdos|38\/100|[from] item: Leftovers\n|upkeep\n|turn|19\n|\n|move|p1a: Zapdos|Roost|p1a: Zapdos\n|-heal|p1a: Zapdos|88\/100\n|-singleturn|p1a: Zapdos|move: Roost\n|move|p2a: Silvally|Ice Beam|p1a: Zapdos\n|-damage|p1a: Zapdos|63\/100\n|\n|-heal|p1a: Zapdos|70\/100|[from] item: Leftovers\n|upkeep\n|turn|20\n|\n|move|p1a: Zapdos|Roost|p1a: Zapdos\n|-heal|p1a: Zapdos|100\/100\n|-singleturn|p1a: Zapdos|move: Roost\n|move|p2a: Silvally|Parting Shot|p1a: Zapdos\n|-unboost|p1a: Zapdos|atk|1\n|-unboost|p1a: Zapdos|spa|1\n|\n|switch|p2a: Volcarona|Volcarona, F|74\/100|[from]move: Parting Shot\n|\n|upkeep\n|turn|21\n|\n|move|p1a: Zapdos|Volt Switch|p2a: Volcarona\n|-damage|p2a: Volcarona|57\/100\n|\n|switch|p1a: Scizor|Scizor-Mega, F|93\/100 brn|[from]move: Volt Switch\n|move|p2a: Volcarona|Fire Blast|p1a: Scizor\n|-supereffective|p1a: Scizor\n|-damage|p1a: Scizor|0 fnt\n|faint|p1a: Scizor\n|\n|upkeep\n|\n|switch|p1a: Nidoqueen|Nidoqueen, F|100\/100\n|turn|22\n|\n|switch|p2a: Landorus|Landorus-Therian, M|100\/100\n|-ability|p2a: Landorus|Intimidate|boost\n|-unboost|p1a: Nidoqueen|atk|1\n|move|p1a: Nidoqueen|Sludge Wave|p2a: Landorus\n|-resisted|p2a: Landorus\n|-damage|p2a: Landorus|67\/100\n|\n|upkeep\n|turn|23\n|\n|switch|p1a: Zapdos|Zapdos|100\/100\n|-ability|p1a: Zapdos|Pressure\n|move|p2a: Landorus|Earthquake|p1a: Zapdos\n|-immune|p1a: Zapdos\n|\n|upkeep\n|turn|24\n|\n|move|p1a: Zapdos|Volt Switch|p2a: Landorus\n|-immune|p2a: Landorus\n|move|p2a: Landorus|Stealth Rock|p1a: Zapdos\n|-sidestart|p1: lord cube|move: Stealth Rock\n|\n|upkeep\n|turn|25\n|\n|move|p1a: Zapdos|Defog|p2a: Landorus\n|-unboost|p2a: Landorus|evasion|1\n|-sideend|p1: lord cube|Stealth Rock|[from] move: Defog|[of] p1a: Zapdos\n|move|p2a: Landorus|U-turn|p1a: Zapdos\n|-resisted|p1a: Zapdos\n|-damage|p1a: Zapdos|90\/100\n|inactive|Saint DW has 120 seconds left.\n|\n|switch|p2a: Silvally|Silvally-Dark|55\/100|[from]move: U-turn\n|\n|-heal|p1a: Zapdos|96\/100|[from] item: Leftovers\n|upkeep\n|turn|26\n|\n|move|p1a: Zapdos|Volt Switch|p2a: Silvally\n|-damage|p2a: Silvally|24\/100\n|\n|switch|p1a: Nidoqueen|Nidoqueen, F|100\/100|[from]move: Volt Switch\n|move|p2a: Silvally|Ice Beam|p1a: Nidoqueen\n|-supereffective|p1a: Nidoqueen\n|-damage|p1a: Nidoqueen|51\/100\n|\n|upkeep\n|turn|27\n|\n|switch|p1a: Zapdos|Zapdos|96\/100\n|-ability|p1a: Zapdos|Pressure\n|move|p2a: Silvally|Ice Beam|p1a: Zapdos\n|-supereffective|p1a: Zapdos\n|-damage|p1a: Zapdos|45\/100\n|\n|-heal|p1a: Zapdos|51\/100|[from] item: Leftovers\n|upkeep\n|turn|28\n|\n|move|p1a: Zapdos|Roost|p1a: Zapdos\n|-heal|p1a: Zapdos|100\/100\n|-singleturn|p1a: Zapdos|move: Roost\n|move|p2a: Silvally|Parting Shot|p1a: Zapdos\n|-unboost|p1a: Zapdos|atk|1\n|-unboost|p1a: Zapdos|spa|1\n|\n|switch|p2a: Landorus|Landorus-Therian, M|67\/100|[from]move: Parting Shot\n|-ability|p2a: Landorus|Intimidate|boost\n|-unboost|p1a: Zapdos|atk|1\n|\n|upkeep\n|turn|29\n|\n|move|p1a: Zapdos|Heat Wave|p2a: Landorus\n|-damage|p2a: Landorus|49\/100\n|-status|p2a: Landorus|brn\n|move|p2a: Landorus|U-turn|p1a: Zapdos\n|-resisted|p1a: Zapdos\n|-crit|p1a: Zapdos\n|-damage|p1a: Zapdos|92\/100\n|\n|switch|p2a: Magnezone|Magnezone|72\/100 brn|[from]move: U-turn\n|\n|-heal|p1a: Zapdos|98\/100|[from] item: Leftovers\n|-damage|p2a: Magnezone|66\/100 brn|[from] brn\n|upkeep\n|turn|30\n|\n|move|p1a: Zapdos|Heat Wave|p2a: Magnezone|[miss]\n|-miss|p1a: Zapdos|p2a: Magnezone\n|move|p2a: Magnezone|Flash Cannon|p1a: Zapdos\n|-resisted|p1a: Zapdos\n|-damage|p1a: Zapdos|53\/100\n|\n|-heal|p1a: Zapdos|59\/100|[from] item: Leftovers\n|-damage|p2a: Magnezone|60\/100 brn|[from] brn\n|upkeep\n|turn|31\n|\n|switch|p1a: Ditto|Ditto|100\/100\n|-transform|p1a: Ditto|p2a: Magnezone|[from] ability: Imposter\n|switch|p2a: Volcarona|Volcarona, F|57\/100\n|\n|upkeep\n|turn|32\n|\n|move|p1a: Ditto|Volt Switch|p2a: Volcarona\n|-damage|p2a: Volcarona|24\/100\n|\n|switch|p1a: Nidoqueen|Nidoqueen, F|51\/100|[from]move: Volt Switch\n|move|p2a: Volcarona|Fire Blast|p1a: Nidoqueen\n|-damage|p1a: Nidoqueen|0 fnt\n|faint|p1a: Nidoqueen\n|\n|upkeep\n|\n|switch|p1a: Zapdos|Zapdos|59\/100\n|-ability|p1a: Zapdos|Pressure\n|turn|33\n|\n|move|p1a: Zapdos|Heat Wave|p2a: Volcarona\n|-damage|p2a: Volcarona|2\/100\n|move|p2a: Volcarona|Fire Blast|p1a: Zapdos\n|-damage|p1a: Zapdos|1\/100\n|\n|-heal|p1a: Zapdos|7\/100|[from] item: Leftovers\n|upkeep\n|turn|34\n|\n|move|p1a: Zapdos|Heat Wave|p2a: Volcarona\n|-damage|p2a: Volcarona|0 fnt\n|faint|p2a: Volcarona\n|\n|-heal|p1a: Zapdos|13\/100|[from] item: Leftovers\n|upkeep\n|\n|switch|p2a: Silvally|Silvally-Dark|24\/100\n|turn|35\n|\n|move|p1a: Zapdos|Roost|p1a: Zapdos\n|-heal|p1a: Zapdos|63\/100\n|-singleturn|p1a: Zapdos|move: Roost\n|move|p2a: Silvally|Ice Beam|p1a: Zapdos\n|-damage|p1a: Zapdos|40\/100\n|\n|-heal|p1a: Zapdos|46\/100|[from] item: Leftovers\n|upkeep\n|turn|36\n|\n|move|p1a: Zapdos|Roost|p1a: Zapdos\n|-heal|p1a: Zapdos|96\/100\n|-singleturn|p1a: Zapdos|move: Roost\n|move|p2a: Silvally|Parting Shot|p1a: Zapdos\n|-unboost|p1a: Zapdos|atk|1\n|-unboost|p1a: Zapdos|spa|1\n|\n|switch|p2a: Magnezone|Magnezone|60\/100 brn|[from]move: Parting Shot\n|\n|-heal|p1a: Zapdos|100\/100|[from] item: Leftovers\n|-damage|p2a: Magnezone|54\/100 brn|[from] brn\n|upkeep\n|turn|37\n|\n|move|p1a: Zapdos|Heat Wave|p2a: Magnezone\n|-supereffective|p2a: Magnezone\n|-damage|p2a: Magnezone|8\/100 brn\n|move|p2a: Magnezone|Thunderbolt|p1a: Zapdos\n|-damage|p1a: Zapdos|6\/100\n|\n|-heal|p1a: Zapdos|12\/100|[from] item: Leftovers\n|-damage|p2a: Magnezone|2\/100 brn|[from] brn\n|upkeep\n|turn|38\n|\n|move|p1a: Zapdos|Roost|p1a: Zapdos\n|-heal|p1a: Zapdos|62\/100\n|-singleturn|p1a: Zapdos|move: Roost\n|move|p2a: Magnezone|Thunderbolt|p1a: Zapdos\n|-resisted|p1a: Zapdos\n|-crit|p1a: Zapdos\n|-damage|p1a: Zapdos|0 fnt\n|faint|p1a: Zapdos\n|\n|-damage|p2a: Magnezone|0 fnt|[from] brn\n|faint|p2a: Magnezone\n|upkeep\n|\n|switch|p1a: Ditto|Ditto|100\/100\n|switch|p2a: Landorus|Landorus-Therian, M|49\/100 brn\n|-ability|p2a: Landorus|Intimidate|boost\n|-unboost|p1a: Ditto|atk|1\n|-transform|p1a: Ditto|p2a: Landorus|[from] ability: Imposter\n|-ability|p1a: Ditto|Intimidate|boost\n|-unboost|p2a: Landorus|atk|1\n|turn|39\n|\n|move|p1a: Ditto|U-turn|p2a: Landorus\n|-resisted|p2a: Landorus\n|-damage|p2a: Landorus|41\/100 brn\n|move|p2a: Landorus|U-turn|p1a: Ditto\n|-resisted|p1a: Ditto\n|-damage|p1a: Ditto|97\/100\n|\n|switch|p2a: Gyarados|Gyarados, M|100\/100|[from]move: U-turn\n|-ability|p2a: Gyarados|Intimidate|boost\n|-unboost|p1a: Ditto|atk|1\n|\n|upkeep\n|turn|40\n|\n|move|p1a: Ditto|U-turn|p2a: Gyarados\n|-resisted|p2a: Gyarados\n|-damage|p2a: Gyarados|92\/100\n|move|p2a: Gyarados|Dragon Dance|p2a: Gyarados\n|-boost|p2a: Gyarados|atk|1\n|-boost|p2a: Gyarados|spe|1\n|\n|upkeep\n|turn|41\n|\n|move|p2a: Gyarados|Dragon Dance|p2a: Gyarados\n|-boost|p2a: Gyarados|atk|1\n|-boost|p2a: Gyarados|spe|1\n|move|p1a: Ditto|U-turn|p2a: Gyarados\n|-resisted|p2a: Gyarados\n|-damage|p2a: Gyarados|83\/100\n|\n|upkeep\n|turn|42\n|\n|move|p2a: Gyarados|Dragon Dance|p2a: Gyarados\n|-boost|p2a: Gyarados|atk|1\n|-boost|p2a: Gyarados|spe|1\n|move|p1a: Ditto|U-turn|p2a: Gyarados\n|-resisted|p2a: Gyarados\n|-damage|p2a: Gyarados|73\/100\n|\n|upkeep\n|turn|43\n|\n|move|p2a: Gyarados|Dragon Dance|p2a: Gyarados\n|-boost|p2a: Gyarados|atk|1\n|-boost|p2a: Gyarados|spe|1\n|move|p1a: Ditto|U-turn|p2a: Gyarados\n|-resisted|p2a: Gyarados\n|-damage|p2a: Gyarados|64\/100\n|\n|upkeep\n|turn|44\n|\n|move|p2a: Gyarados|Substitute|p2a: Gyarados\n|-start|p2a: Gyarados|Substitute\n|-damage|p2a: Gyarados|39\/100\n|-activate|p1a: Ditto|move: Struggle\n|move|p1a: Ditto|Struggle|p2a: Gyarados\n|-activate|p2a: Gyarados|move: Substitute|[damage]\n|-damage|p1a: Ditto|72\/100|[from] recoil\n|\n|upkeep\n|turn|45\n|\n|detailschange|p2a: Gyarados|Gyarados-Mega, M\n|-mega|p2a: Gyarados|Gyarados|Gyaradosite\n|-ability|p2a: Gyarados|Mold Breaker\n|move|p2a: Gyarados|Crunch|p1a: Ditto\n|-damage|p1a: Ditto|0 fnt\n|faint|p1a: Ditto\n|\n|win|Saint DW\n|l|\u2606lord cube\n|raw|lord cube's rating: 1405 &rarr; <strong>1388<\/strong><br \/>(-17 for losing)\n|raw|Saint DW's rating: 1455 &rarr; <strong>1472<\/strong><br \/>(+17 for winning)\n","uploadtime":1566581117,"views":15,"p1id":"lordcube","p2id":"saintdw","formatid":"gen7ou","rating":1388,"private":0,"password":null}