{"id":"gen7ou-750326579","p1":"CocodriloDemente","p2":"CarlyBae","format":"gen7ou","log":"|j|\u2606CocodriloDemente\n|j|\u203dCarlyBae\n|player|p1|CocodriloDemente|12\n|player|p2|CarlyBae|138\n|teamsize|p1|6\n|teamsize|p2|6\n|gametype|singles\n|gen|7\n|tier|[Gen 7] OU\n|rated|\n|rule|Sleep Clause Mod: Limit one foe put to sleep\n|rule|Species Clause: Limit one of each Pok\u00e9mon\n|rule|OHKO Clause: OHKO moves are banned\n|rule|Moody Clause: Moody is banned\n|rule|Evasion Moves Clause: Evasion moves are banned\n|rule|Endless Battle Clause: Forcing endless battles is banned\n|rule|HP Percentage Mod: HP is shown in percentages\n|clearpoke\n|poke|p1|Tapu Lele|item\n|poke|p1|Alakazam, M|item\n|poke|p1|Keldeo|item\n|poke|p1|Landorus-Therian, M|item\n|poke|p1|Toxapex, M|item\n|poke|p1|Ferrothorn, M|item\n|poke|p2|Shuckle, M|item\n|poke|p2|Tapu Lele|item\n|poke|p2|Bisharp, F|item\n|poke|p2|Sableye, F|item\n|poke|p2|Kartana|item\n|poke|p2|Manaphy|item\n|teampreview\n|\n|start\n|switch|p1a: Alakazam|Alakazam, M|100\/100\n|switch|p2a: Shuckle|Shuckle, M|100\/100\n|turn|1\n|\n|-mega|p1a: Alakazam|Alakazam|Alakazite\n|detailschange|p1a: Alakazam|Alakazam-Mega, M\n|-ability|p1a: Alakazam|Sturdy|[from] ability: Trace|[of] p2a: Shuckle\n|move|p1a: Alakazam|Calm Mind|p1a: Alakazam\n|-boost|p1a: Alakazam|spa|1\n|-boost|p1a: Alakazam|spd|1\n|move|p2a: Shuckle|Sticky Web|p1a: Alakazam\n|-sidestart|p1: CocodriloDemente|move: Sticky Web\n|\n|upkeep\n|turn|2\n|\n|move|p1a: Alakazam|Calm Mind|p1a: Alakazam\n|-boost|p1a: Alakazam|spa|1\n|-boost|p1a: Alakazam|spd|1\n|move|p2a: Shuckle|Encore|p1a: Alakazam\n|-start|p1a: Alakazam|Encore\n|\n|upkeep\n|turn|3\n|\n|switch|p2a: Bisharp|Bisharp, F|100\/100\n|move|p1a: Alakazam|Calm Mind|p1a: Alakazam\n|-boost|p1a: Alakazam|spa|1\n|-boost|p1a: Alakazam|spd|1\n|\n|upkeep\n|turn|4\n|\n|switch|p1a: Ferrothorn|Ferrothorn, M|100\/100\n|-activate|p1a: Ferrothorn|move: Sticky Web\n|-unboost|p1a: Ferrothorn|spe|1\n|move|p2a: Bisharp|Swords Dance|p2a: Bisharp\n|-boost|p2a: Bisharp|atk|2\n|\n|upkeep\n|turn|5\n|\n|move|p2a: Bisharp|Knock Off|p1a: Ferrothorn\n|-damage|p1a: Ferrothorn|13\/100\n|-damage|p2a: Bisharp|88\/100|[from] ability: Iron Barbs|[of] p1a: Ferrothorn\n|-enditem|p1a: Ferrothorn|Leftovers|[from] move: Knock Off|[of] p2a: Bisharp\n|-damage|p2a: Bisharp|78\/100|[from] item: Life Orb\n|move|p1a: Ferrothorn|Leech Seed|p2a: Bisharp\n|-start|p2a: Bisharp|move: Leech Seed\n|\n|-damage|p2a: Bisharp|66\/100|[from] Leech Seed|[of] p1a: Ferrothorn\n|-heal|p1a: Ferrothorn|22\/100|[silent]\n|upkeep\n|turn|6\n|\n|move|p2a: Bisharp|Knock Off|p1a: Ferrothorn\n|-damage|p1a: Ferrothorn|0 fnt\n|-damage|p2a: Bisharp|54\/100|[from] ability: Iron Barbs|[of] p1a: Ferrothorn\n|-damage|p2a: Bisharp|44\/100|[from] item: Life Orb\n|faint|p1a: Ferrothorn\n|\n|upkeep\n|\n|switch|p1a: Tapu Lele|Tapu Lele|100\/100\n|-activate|p1a: Tapu Lele|move: Sticky Web\n|-unboost|p1a: Tapu Lele|spe|1\n|-fieldstart|move: Psychic Terrain|[from] ability: Psychic Surge|[of] p1a: Tapu Lele\n|turn|7\n|\n|switch|p2a: Shuckle|Shuckle, M|100\/100\n|move|p1a: Tapu Lele|Moonblast|p2a: Shuckle\n|-damage|p2a: Shuckle|69\/100\n|\n|upkeep\n|turn|8\n|\n|move|p1a: Tapu Lele|Taunt|p2a: Shuckle\n|-start|p2a: Shuckle|move: Taunt\n|-enditem|p2a: Shuckle|Mental Herb\n|-end|p2a: Shuckle|move: Taunt\n|move|p2a: Shuckle|Stealth Rock|p1a: Tapu Lele\n|-sidestart|p1: CocodriloDemente|move: Stealth Rock\n|\n|upkeep\n|turn|9\n|c|\u2606CocodriloDemente|damn xd\n|\n|move|p1a: Tapu Lele|Nature's Madness|p2a: Shuckle\n|-damage|p2a: Shuckle|35\/100\n|move|p2a: Shuckle|Encore|p1a: Tapu Lele\n|-start|p1a: Tapu Lele|Encore\n|\n|upkeep\n|turn|10\n|\n|switch|p2a: Kartana|Kartana|100\/100\n|move|p1a: Tapu Lele|Nature's Madness|p2a: Kartana\n|-damage|p2a: Kartana|51\/100\n|\n|upkeep\n|turn|11\n|\n|switch|p1a: Landorus|Landorus-Therian, M|100\/100\n|-damage|p1a: Landorus|88\/100|[from] Stealth Rock\n|-ability|p1a: Landorus|Intimidate|boost\n|-unboost|p2a: Kartana|atk|1\n|-enditem|p2a: Kartana|Adrenaline Orb\n|-boost|p2a: Kartana|spe|1\n|move|p2a: Kartana|Swords Dance|p2a: Kartana\n|-boost|p2a: Kartana|atk|2\n|\n|-heal|p1a: Landorus|94\/100|[from] item: Leftovers\n|upkeep\n|turn|12\n|\n|move|p2a: Kartana|Leaf Blade|p1a: Landorus\n|-damage|p1a: Landorus|32\/100\n|move|p1a: Landorus|Stealth Rock|p2a: Kartana\n|-sidestart|p2: CarlyBae|move: Stealth Rock\n|\n|-heal|p1a: Landorus|38\/100|[from] item: Leftovers\n|upkeep\n|turn|13\n|\n|move|p2a: Kartana|Leaf Blade|p1a: Landorus\n|-damage|p1a: Landorus|0 fnt\n|faint|p1a: Landorus\n|-ability|p2a: Kartana|Beast Boost|boost\n|-boost|p2a: Kartana|atk|1\n|\n|upkeep\n|\n|switch|p1a: Keldeo|Keldeo|100\/100\n|-damage|p1a: Keldeo|94\/100|[from] Stealth Rock\n|-activate|p1a: Keldeo|move: Sticky Web\n|-unboost|p1a: Keldeo|spe|1\n|turn|14\n|\n|move|p2a: Kartana|Leaf Blade|p1a: Keldeo\n|-supereffective|p1a: Keldeo\n|-crit|p1a: Keldeo\n|-damage|p1a: Keldeo|0 fnt\n|faint|p1a: Keldeo\n|-ability|p2a: Kartana|Beast Boost|boost\n|-boost|p2a: Kartana|atk|1\n|\n|-fieldend|move: Psychic Terrain\n|upkeep\n|\n|switch|p1a: Alakazam|Alakazam-Mega, M|100\/100\n|-damage|p1a: Alakazam|88\/100|[from] Stealth Rock\n|-activate|p1a: Alakazam|move: Sticky Web\n|-unboost|p1a: Alakazam|spe|1\n|-ability|p1a: Alakazam|Beast Boost|[from] ability: Trace|[of] p2a: Kartana\n|turn|15\n|\n|move|p2a: Kartana|Leaf Blade|p1a: Alakazam\n|-damage|p1a: Alakazam|0 fnt\n|faint|p1a: Alakazam\n|-ability|p2a: Kartana|Beast Boost|boost\n|-boost|p2a: Kartana|atk|1\n|\n|upkeep\n|-message|CocodriloDemente forfeited.\n|\n|win|CarlyBae\n|l|\u2606CocodriloDemente\n|raw|CocodriloDemente's rating: 1361 &rarr; <strong>1345<\/strong><br \/>(-16 for losing)\n|raw|CarlyBae's rating: 1432 &rarr; <strong>1448<\/strong><br \/>(+16 for winning)\n","inputlog":null,"uploadtime":1526850392,"views":5,"p1id":"cocodrilodemente","p2id":"carlybae","formatid":"gen7ou","rating":1345,"private":0,"password":null}