{"id":"gen7pokebankou-516310622","p1":"Candice","p2":"The Lucas Critique","format":"gen7pokebankou","log":"|j|Candice\n|j|The Lucas Critique\n|player|p1|Candice|2\n|player|p2|The Lucas Critique|154\n|gametype|singles\n|gen|7\n|tier|[Gen 7] Pokebank OU\n|rated\n|seed|64170,63991,19364,15268\n|clearpoke\n|poke|p1|Serperior, M|item\n|poke|p1|Landorus-Therian, M|item\n|poke|p1|Tapu Lele|item\n|poke|p1|Heatran, M|item\n|poke|p1|Tapu Fini|item\n|poke|p1|Scizor, F|item\n|poke|p2|Charizard, M|item\n|poke|p2|Greninja, M|item\n|poke|p2|Landorus-Therian, M|item\n|poke|p2|Tapu Koko|item\n|poke|p2|Jirachi|item\n|poke|p2|Tapu Fini|item\n|rule|Baton Pass Clause: Limit one Baton Passer, can't pass Spe and other stats simultaneously\n|rule|Sleep Clause Mod: Limit one foe put to sleep\n|rule|Species Clause: Limit one of each Pok\u00e9mon\n|rule|OHKO Clause: OHKO moves are banned\n|rule|Moody Clause: Moody is banned\n|rule|Evasion Moves Clause: Evasion moves are banned\n|rule|Endless Battle Clause: Forcing endless battles is banned\n|rule|HP Percentage Mod: HP is shown in percentages\n|teampreview\n|choice|team 4, team 2, team 3, team 1, team 5, team 6|team 2, team 1, team 3, team 4, team 5, team 6\n|\n|start\n|switch|p1a: Heatran|Heatran, M|386\/386\n|switch|p2a: Greninja|Greninja, M|285\/285\n|turn|1\n|choice|switch 5|move uturn\n|\n|switch|p1a: Tapu Fini|Tapu Fini|343\/343\n|-fieldstart|move: Misty Terrain|[from] ability: Misty Surge|[of] p1a: Tapu Fini\n|move|p2a: Greninja|U-turn|p1a: Tapu Fini\n|-resisted|p1a: Tapu Fini\n|-damage|p1a: Tapu Fini|324\/343\n|choice||switch 2\n|\n|switch|p2a: Charizard|Charizard, M|297\/297\n|\n|-heal|p1a: Tapu Fini|343\/343|[from] item: Leftovers\n|upkeep\n|turn|2\n|choice|switch 5|move solarbeam mega\n|\n|switch|p1a: Heatran|Heatran, M|386\/386\n|detailschange|p2a: Charizard|Charizard-Mega-Y, M\n|-mega|p2a: Charizard|Charizard|Charizardite Y\n|-weather|SunnyDay|[from] ability: Drought|[of] p2a: Charizard\n|move|p2a: Charizard|Solar Beam|p1a: Heatran|[still]\n|-prepare|p2a: Charizard|Solar Beam|p1a: Heatran\n|-anim|p2a: Charizard|Solar Beam|p1a: Heatran\n|-resisted|p1a: Heatran\n|-damage|p1a: Heatran|346\/386\n|\n|-weather|SunnyDay|[upkeep]\n|-heal|p1a: Heatran|370\/386|[from] item: Leftovers\n|upkeep\n|turn|3\n|choice|move magmastorm|switch 6\n|\n|switch|p2a: Tapu Fini|Tapu Fini|343\/343\n|move|p1a: Heatran|Magma Storm|p2a: Tapu Fini\n|-resisted|p2a: Tapu Fini\n|-damage|p2a: Tapu Fini|259\/343\n|-activate|p2a: Tapu Fini|move: Magma Storm|[of] p1a: Heatran\n|\n|-weather|SunnyDay|[upkeep]\n|-heal|p1a: Heatran|386\/386|[from] item: Leftovers\n|-heal|p2a: Tapu Fini|280\/343|[from] item: Leftovers\n|-damage|p2a: Tapu Fini|238\/343|[from] move: Magma Storm|[partiallytrapped]\n|upkeep\n|turn|4\n|choice|move magmastorm|move naturesmadness\n|\n|move|p1a: Heatran|Magma Storm|p2a: Tapu Fini\n|-resisted|p2a: Tapu Fini\n|-damage|p2a: Tapu Fini|148\/343\n|move|p2a: Tapu Fini|Nature's Madness|p1a: Heatran\n|-damage|p1a: Heatran|193\/386\n|\n|-weather|SunnyDay|[upkeep]\n|-heal|p1a: Heatran|217\/386|[from] item: Leftovers\n|-heal|p2a: Tapu Fini|169\/343|[from] item: Leftovers\n|-damage|p2a: Tapu Fini|127\/343|[from] move: Magma Storm|[partiallytrapped]\n|upkeep\n|turn|5\n|choice|move magmastorm|move naturesmadness\n|\n|move|p1a: Heatran|Magma Storm|p2a: Tapu Fini\n|-resisted|p2a: Tapu Fini\n|-damage|p2a: Tapu Fini|35\/343\n|move|p2a: Tapu Fini|Nature's Madness|p1a: Heatran\n|-damage|p1a: Heatran|109\/386\n|\n|-weather|SunnyDay|[upkeep]\n|-heal|p1a: Heatran|133\/386|[from] item: Leftovers\n|-heal|p2a: Tapu Fini|56\/343|[from] item: Leftovers\n|-damage|p2a: Tapu Fini|14\/343|[from] move: Magma Storm|[partiallytrapped]\n|-fieldend|Misty Terrain\n|upkeep\n|turn|6\n|choice|move earthpower|move naturesmadness\n|\n|move|p1a: Heatran|Earth Power|p2a: Tapu Fini\n|-damage|p2a: Tapu Fini|0 fnt\n|faint|p2a: Tapu Fini\n|\n|-weather|none\n|-heal|p1a: Heatran|157\/386|[from] item: Leftovers\n|upkeep\n|choice||switch 2\n|\n|switch|p2a: Greninja|Greninja, M|285\/285\n|turn|7\n|choice|switch 5|move uturn\n|\n|switch|p1a: Tapu Fini|Tapu Fini|343\/343\n|-fieldstart|move: Misty Terrain|[from] ability: Misty Surge|[of] p1a: Tapu Fini\n|move|p2a: Greninja|U-turn|p1a: Tapu Fini\n|-resisted|p1a: Tapu Fini\n|-damage|p1a: Tapu Fini|325\/343\n|choice||switch 6\n|\n|switch|p2a: Charizard|Charizard-Mega-Y, M|297\/297\n|-weather|SunnyDay|[from] ability: Drought|[of] p2a: Charizard\n|\n|-weather|SunnyDay|[upkeep]\n|-heal|p1a: Tapu Fini|343\/343|[from] item: Leftovers\n|upkeep\n|turn|8\n|choice|switch 6|move solarbeam\n|\n|switch|p1a: Scizor|Scizor, F|343\/343\n|move|p2a: Charizard|Solar Beam|p1a: Scizor|[still]\n|-prepare|p2a: Charizard|Solar Beam|p1a: Scizor\n|-anim|p2a: Charizard|Solar Beam|p1a: Scizor\n|-resisted|p1a: Scizor\n|-damage|p1a: Scizor|299\/343\n|\n|-weather|SunnyDay|[upkeep]\n|upkeep\n|turn|9\n|choice|switch 5|move flamethrower\n|\n|switch|p1a: Heatran|Heatran, M|157\/386\n|move|p2a: Charizard|Flamethrower|p1a: Heatran\n|-start|p1a: Heatran|ability: Flash Fire\n|\n|-weather|SunnyDay|[upkeep]\n|-heal|p1a: Heatran|181\/386|[from] item: Leftovers\n|upkeep\n|turn|10\n|choice|move magmastorm|move earthquake\n|\n|move|p2a: Charizard|Earthquake|p1a: Heatran\n|-supereffective|p1a: Heatran\n|-damage|p1a: Heatran|0 fnt\n|faint|p1a: Heatran\n|\n|-weather|SunnyDay|[upkeep]\n|upkeep\n|choice|switch 3|\n|\n|switch|p1a: Tapu Lele|Tapu Lele|281\/281\n|-fieldstart|move: Psychic Terrain|[from] ability: Psychic Surge|[of] p1a: Tapu Lele\n|turn|11\n|choice|switch 6|switch 5\n|\n|switch|p1a: Tapu Fini|Tapu Fini|343\/343\n|-fieldstart|move: Misty Terrain|[from] ability: Misty Surge|[of] p1a: Tapu Fini\n|switch|p2a: Jirachi|Jirachi|403\/403\n|\n|-weather|none\n|upkeep\n|turn|12\n|choice|move surf|move stealthrock\n|\n|move|p2a: Jirachi|Stealth Rock|p1a: Tapu Fini\n|-sidestart|p1: Candice|move: Stealth Rock\n|move|p1a: Tapu Fini|Surf|p2a: Jirachi\n|-damage|p2a: Jirachi|325\/403\n|\n|-heal|p2a: Jirachi|350\/403|[from] item: Leftovers\n|upkeep\n|turn|13\n|choice|move defog|move uturn\n|\n|move|p2a: Jirachi|U-turn|p1a: Tapu Fini\n|-resisted|p1a: Tapu Fini\n|-damage|p1a: Tapu Fini|319\/343\n|choice||switch 5\n|\n|switch|p2a: Charizard|Charizard-Mega-Y, M|297\/297\n|-weather|SunnyDay|[from] ability: Drought|[of] p2a: Charizard\n|move|p1a: Tapu Fini|Defog|p2a: Charizard\n|-unboost|p2a: Charizard|evasion|1\n|-sideend|p1: Candice|Stealth Rock|[from] move: Defog|[of] p1a: Tapu Fini\n|\n|-weather|SunnyDay|[upkeep]\n|-heal|p1a: Tapu Fini|340\/343|[from] item: Leftovers\n|upkeep\n|turn|14\n|choice|switch 6|move solarbeam\n|\n|switch|p1a: Tapu Lele|Tapu Lele|281\/281\n|-fieldstart|move: Psychic Terrain|[from] ability: Psychic Surge|[of] p1a: Tapu Lele\n|move|p2a: Charizard|Solar Beam|p1a: Tapu Lele|[still]\n|-prepare|p2a: Charizard|Solar Beam|p1a: Tapu Lele\n|-anim|p2a: Charizard|Solar Beam|p1a: Tapu Lele\n|-damage|p1a: Tapu Lele|142\/281\n|\n|-weather|SunnyDay|[upkeep]\n|upkeep\n|turn|15\n|choice|move psychic|switch 5\n|\n|switch|p2a: Jirachi|Jirachi|350\/403\n|move|p1a: Tapu Lele|Psychic|p2a: Jirachi\n|-resisted|p2a: Jirachi\n|-damage|p2a: Jirachi|307\/403\n|\n|-weather|SunnyDay|[upkeep]\n|-heal|p2a: Jirachi|332\/403|[from] item: Leftovers\n|upkeep\n|turn|16\n|choice|switch 2|move stealthrock\n|\n|switch|p1a: Landorus|Landorus-Therian, M|382\/382\n|-ability|p1a: Landorus|Intimidate|boost\n|-unboost|p2a: Jirachi|atk|1\n|move|p2a: Jirachi|Stealth Rock|p1a: Landorus\n|-sidestart|p1: Candice|move: Stealth Rock\n|\n|-weather|SunnyDay|[upkeep]\n|-heal|p2a: Jirachi|357\/403|[from] item: Leftovers\n|upkeep\n|turn|17\n|choice|move stoneedge|switch 6\n|\n|switch|p2a: Greninja|Greninja, M|285\/285\n|move|p1a: Landorus|Stone Edge|p2a: Greninja\n|-damage|p2a: Greninja|136\/285\n|\n|-weather|none\n|upkeep\n|turn|18\n|choice|switch 6|switch 3\n|\n|switch|p2a: Landorus|Landorus-Therian, M|319\/319\n|-ability|p2a: Landorus|Intimidate|boost\n|-unboost|p1a: Landorus|atk|1\n|switch|p1a: Tapu Fini|Tapu Fini|340\/343\n|-damage|p1a: Tapu Fini|298\/343|[from] Stealth Rock\n|-fieldstart|move: Misty Terrain|[from] ability: Misty Surge|[of] p1a: Tapu Fini\n|\n|-heal|p1a: Tapu Fini|319\/343|[from] item: Leftovers\n|upkeep\n|turn|19\n|choice|move surf|move uturn\n|\n|move|p2a: Landorus|U-turn|p1a: Tapu Fini\n|-resisted|p1a: Tapu Fini\n|-damage|p1a: Tapu Fini|287\/343\n|choice||switch 5\n|\n|switch|p2a: Charizard|Charizard-Mega-Y, M|297\/297\n|-weather|SunnyDay|[from] ability: Drought|[of] p2a: Charizard\n|move|p1a: Tapu Fini|Surf|p2a: Charizard\n|-supereffective|p2a: Charizard\n|-damage|p2a: Charizard|213\/297\n|\n|-weather|SunnyDay|[upkeep]\n|-heal|p1a: Tapu Fini|308\/343|[from] item: Leftovers\n|upkeep\n|turn|20\n|choice|move surf|move solarbeam\n|\n|move|p2a: Charizard|Solar Beam|p1a: Tapu Fini|[still]\n|-prepare|p2a: Charizard|Solar Beam|p1a: Tapu Fini\n|-anim|p2a: Charizard|Solar Beam|p1a: Tapu Fini\n|-supereffective|p1a: Tapu Fini\n|-damage|p1a: Tapu Fini|74\/343\n|move|p1a: Tapu Fini|Surf|p2a: Charizard\n|-supereffective|p2a: Charizard\n|-damage|p2a: Charizard|129\/297\n|\n|-weather|SunnyDay|[upkeep]\n|-heal|p1a: Tapu Fini|95\/343|[from] item: Leftovers\n|upkeep\n|turn|21\n|choice|move surf|move roost\n|\n|move|p2a: Charizard|Roost|p2a: Charizard\n|-heal|p2a: Charizard|278\/297\n|move|p1a: Tapu Fini|Surf|p2a: Charizard\n|-supereffective|p2a: Charizard\n|-damage|p2a: Charizard|192\/297\n|\n|-weather|SunnyDay|[upkeep]\n|-heal|p1a: Tapu Fini|116\/343|[from] item: Leftovers\n|upkeep\n|turn|22\n|choice|move surf|move solarbeam\n|\n|move|p2a: Charizard|Solar Beam|p1a: Tapu Fini|[still]\n|-prepare|p2a: Charizard|Solar Beam|p1a: Tapu Fini\n|-anim|p2a: Charizard|Solar Beam|p1a: Tapu Fini\n|-supereffective|p1a: Tapu Fini\n|-damage|p1a: Tapu Fini|0 fnt\n|faint|p1a: Tapu Fini\n|\n|-weather|SunnyDay|[upkeep]\n|-fieldend|Misty Terrain\n|upkeep\n|choice|switch 2|\n|\n|switch|p1a: Tapu Lele|Tapu Lele|142\/281\n|-damage|p1a: Tapu Lele|107\/281|[from] Stealth Rock\n|-fieldstart|move: Psychic Terrain|[from] ability: Psychic Surge|[of] p1a: Tapu Lele\n|turn|23\n|choice|move hiddenpower|switch 6\n|\n|switch|p2a: Jirachi|Jirachi|357\/403\n|move|p1a: Tapu Lele|Hidden Power|p2a: Jirachi\n|-supereffective|p2a: Jirachi\n|-damage|p2a: Jirachi|193\/403\n|\n|-weather|none\n|-heal|p2a: Jirachi|218\/403|[from] item: Leftovers\n|upkeep\n|turn|24\n|choice|move hiddenpower|move wish\n|\n|move|p1a: Tapu Lele|Hidden Power|p2a: Jirachi\n|-supereffective|p2a: Jirachi\n|-crit|p2a: Jirachi\n|-damage|p2a: Jirachi|38\/403\n|move|p2a: Jirachi|Wish|p2a: Jirachi\n|\n|-heal|p2a: Jirachi|63\/403|[from] item: Leftovers\n|upkeep\n|turn|25\n|choice|move hiddenpower|switch 6\n|\n|switch|p2a: Charizard|Charizard-Mega-Y, M|192\/297\n|-weather|SunnyDay|[from] ability: Drought|[of] p2a: Charizard\n|move|p1a: Tapu Lele|Hidden Power|p2a: Charizard\n|-resisted|p2a: Charizard\n|-damage|p2a: Charizard|145\/297\n|\n|-weather|SunnyDay|[upkeep]\n|-heal|p2a: Charizard|297\/297|[from] move: Wish|[wisher] Jirachi\n|upkeep\n|turn|26\n|choice|switch 4|move flamethrower\n|\n|switch|p1a: Serperior|Serperior, M|341\/341\n|-damage|p1a: Serperior|299\/341|[from] Stealth Rock\n|move|p2a: Charizard|Flamethrower|p1a: Serperior\n|-supereffective|p1a: Serperior\n|-damage|p1a: Serperior|0 fnt\n|faint|p1a: Serperior\n|\n|-weather|SunnyDay|[upkeep]\n|upkeep\n|choice|switch 4|\n|\n|switch|p1a: Tapu Lele|Tapu Lele|107\/281\n|-damage|p1a: Tapu Lele|72\/281|[from] Stealth Rock\n|turn|27\n|choice|move thunderbolt|switch 6\n|\n|switch|p2a: Jirachi|Jirachi|63\/403\n|move|p1a: Tapu Lele|Thunderbolt|p2a: Jirachi\n|-damage|p2a: Jirachi|0 fnt\n|faint|p2a: Jirachi\n|\n|-weather|SunnyDay|[upkeep]\n|-fieldend|move: Psychic Terrain\n|upkeep\n|choice||switch 4\n|\n|switch|p2a: Tapu Koko|Tapu Koko|281\/281\n|-fieldstart|move: Electric Terrain|[from] ability: Electric Surge|[of] p2a: Tapu Koko\n|turn|28\n|choice|switch 6|move hiddenpower\n|\n|switch|p1a: Landorus|Landorus-Therian, M|382\/382\n|-damage|p1a: Landorus|335\/382|[from] Stealth Rock\n|-ability|p1a: Landorus|Intimidate|boost\n|-unboost|p2a: Tapu Koko|atk|1\n|move|p2a: Tapu Koko|Hidden Power|p1a: Landorus\n|-supereffective|p1a: Landorus\n|-damage|p1a: Landorus|67\/382\n|\n|-weather|SunnyDay|[upkeep]\n|upkeep\n|turn|29\n|choice|move stealthrock|move hiddenpower\n|\n|move|p2a: Tapu Koko|Hidden Power|p1a: Landorus\n|-supereffective|p1a: Landorus\n|-damage|p1a: Landorus|0 fnt\n|faint|p1a: Landorus\n|\n|-weather|none\n|upkeep\n|choice|switch 5|\n|\n|switch|p1a: Scizor|Scizor, F|299\/343\n|-damage|p1a: Scizor|257\/343|[from] Stealth Rock\n|turn|30\n|choice|move swordsdance mega|move thunderbolt\n|\n|detailschange|p1a: Scizor|Scizor-Mega, F\n|-mega|p1a: Scizor|Scizor|Scizorite\n|move|p2a: Tapu Koko|Thunderbolt|p1a: Scizor\n|-damage|p1a: Scizor|64\/343\n|move|p1a: Scizor|Swords Dance|p1a: Scizor\n|-boost|p1a: Scizor|atk|2\n|\n|upkeep\n|turn|31\n|choice|move bulletpunch|move thunderbolt\n|\n|move|p1a: Scizor|Bullet Punch|p2a: Tapu Koko\n|-damage|p2a: Tapu Koko|41\/281\n|move|p2a: Tapu Koko|Thunderbolt|p1a: Scizor\n|-damage|p1a: Scizor|0 fnt\n|faint|p1a: Scizor\n|\n|upkeep\n|choice|switch 6|\n|\n|switch|p1a: Tapu Lele|Tapu Lele|72\/281\n|-damage|p1a: Tapu Lele|37\/281|[from] Stealth Rock\n|-fieldstart|move: Psychic Terrain|[from] ability: Psychic Surge|[of] p1a: Tapu Lele\n|turn|32\n|c|\u2605The Lucas Critique|gg\n|c|\u2605Candice|gg !\n|c|\u2605Candice|wp\n|c|\u2605The Lucas Critique|ty sir :]\n|c|\u2605Candice|:D\n|-message|Candice forfeited.\n|\n|win|The Lucas Critique\n|player|p1\n|player|p2\n|l|Candice\n|raw|Candice's rating: 1320 &rarr; <strong>1301<\/strong><br \/>(-19 for losing)\n|raw|The Lucas Critique's rating: 1332 &rarr; <strong>1351<\/strong><br \/>(+19 for winning)","inputlog":null,"uploadtime":1484302979,"views":0,"p1id":"candice","p2id":"thelucascritique","formatid":"gen7pokebankou","rating":1301,"private":0,"password":null}