{"id":"gen7ou-985143532","p1":"JoJo321","p2":"stallisfun300","format":"gen7ou","log":"|j|\u2606JoJo321\n|j|\u2606stallisfun300\n|player|p1|JoJo321|265|1783\n|player|p2|stallisfun300|265|1730\n|teamsize|p1|6\n|teamsize|p2|6\n|gametype|singles\n|gen|7\n|tier|[Gen 7] OU\n|rated|\n|rule|Sleep Clause Mod: Limit one foe put to sleep\n|rule|Species Clause: Limit one of each Pok\u00e9mon\n|rule|OHKO Clause: OHKO moves are banned\n|rule|Moody Clause: Moody is banned\n|rule|Evasion Moves Clause: Evasion moves are banned\n|rule|Endless Battle Clause: Forcing endless battles is banned\n|rule|HP Percentage Mod: HP is shown in percentages\n|clearpoke\n|poke|p1|Pelipper, F|item\n|poke|p1|Greninja, M|item\n|poke|p1|Swampert, F|item\n|poke|p1|Manaphy|item\n|poke|p1|Ferrothorn, F|item\n|poke|p1|Tornadus-Therian, M|item\n|poke|p2|Beedrill, F|item\n|poke|p2|Tapu Lele|item\n|poke|p2|Rotom-Wash|item\n|poke|p2|Hawlucha, F|item\n|poke|p2|Garchomp, M|item\n|poke|p2|Ditto|item\n|teampreview\n|\n|start\n|switch|p1a: Pelipper|Pelipper, F|100\/100\n|switch|p2a: Garchomp|Garchomp, M|100\/100\n|-weather|RainDance|[from] ability: Drizzle|[of] p1a: Pelipper\n|turn|1\n|\n|switch|p1a: Ferrothorn|Ferrothorn, F|100\/100\n|-zpower|p2a: Garchomp\n|move|p2a: Garchomp|Devastating Drake|p1a: Ferrothorn|[zeffect]\n|-resisted|p1a: Ferrothorn\n|-crit|p1a: Ferrothorn\n|-damage|p1a: Ferrothorn|40\/100\n|\n|-weather|RainDance|[upkeep]\n|upkeep\n|turn|2\n|\n|move|p2a: Garchomp|Earthquake|p1a: Ferrothorn\n|-damage|p1a: Ferrothorn|2\/100\n|move|p1a: Ferrothorn|Stealth Rock|p2a: Garchomp\n|-sidestart|p2: stallisfun300|move: Stealth Rock\n|\n|-weather|RainDance|[upkeep]\n|upkeep\n|turn|3\n|\n|move|p2a: Garchomp|Stealth Rock|p1a: Ferrothorn\n|-sidestart|p1: JoJo321|move: Stealth Rock\n|move|p1a: Ferrothorn|Gyro Ball|p2a: Garchomp\n|-damage|p2a: Garchomp|46\/100\n|-damage|p1a: Ferrothorn|0 fnt|[from] ability: Rough Skin|[of] p2a: Garchomp\n|faint|p1a: Ferrothorn\n|\n|-weather|RainDance|[upkeep]\n|upkeep\n|\n|switch|p1a: Greninja|Greninja, M|100\/100\n|-damage|p1a: Greninja|88\/100|[from] Stealth Rock\n|turn|4\n|j| Dough WY\n|\n|switch|p2a: Rotom|Rotom-Wash|100\/100\n|-damage|p2a: Rotom|88\/100|[from] Stealth Rock\n|move|p1a: Greninja|Dark Pulse|p2a: Rotom\n|-damage|p2a: Rotom|46\/100\n|\n|-weather|RainDance|[upkeep]\n|-heal|p2a: Rotom|52\/100|[from] item: Leftovers\n|upkeep\n|turn|5\n|\n|switch|p1a: Manaphy|Manaphy|100\/100\n|-damage|p1a: Manaphy|88\/100|[from] Stealth Rock\n|move|p2a: Rotom|Volt Switch|p1a: Manaphy\n|-supereffective|p1a: Manaphy\n|-damage|p1a: Manaphy|37\/100\n|\n|switch|p2a: Garchomp|Garchomp, M|46\/100|[from]move: Volt Switch\n|-damage|p2a: Garchomp|39\/100|[from] Stealth Rock\n|\n|-weather|RainDance|[upkeep]\n|upkeep\n|turn|6\n|\n|move|p2a: Garchomp|Outrage|p1a: Manaphy\n|-damage|p1a: Manaphy|0 fnt\n|faint|p1a: Manaphy\n|\n|-weather|RainDance|[upkeep]\n|upkeep\n|\n|switch|p1a: Greninja|Greninja, M|88\/100\n|-damage|p1a: Greninja|76\/100|[from] Stealth Rock\n|turn|7\n|\n|move|p1a: Greninja|Dark Pulse|p2a: Garchomp\n|-damage|p2a: Garchomp|0 fnt\n|faint|p2a: Garchomp\n|-activate|p1a: Greninja|ability: Battle Bond\n|detailschange|p1a: Greninja|Greninja-Ash, M\n|\n|-weather|RainDance|[upkeep]\n|upkeep\n|j| WhiteDevilK\n|\n|switch|p2a: Ditto|Ditto|100\/100\n|-damage|p2a: Ditto|88\/100|[from] Stealth Rock\n|-transform|p2a: Ditto|p1a: Greninja|[from] ability: Imposter\n|turn|8\n|\n|move|p2a: Ditto|Surf|p1a: Greninja\n|-resisted|p1a: Greninja\n|-damage|p1a: Greninja|16\/100\n|move|p1a: Greninja|Dark Pulse|p2a: Ditto\n|-resisted|p2a: Ditto\n|-damage|p2a: Ditto|36\/100\n|\n|-weather|none\n|upkeep\n|turn|9\n|\n|switch|p1a: Pelipper|Pelipper, F|100\/100\n|-damage|p1a: Pelipper|76\/100|[from] Stealth Rock\n|-weather|RainDance|[from] ability: Drizzle|[of] p1a: Pelipper\n|move|p2a: Ditto|Surf|p1a: Pelipper\n|-resisted|p1a: Pelipper\n|-damage|p1a: Pelipper|33\/100\n|\n|-weather|RainDance|[upkeep]\n|upkeep\n|turn|10\n|\n|move|p2a: Ditto|Surf|p1a: Pelipper\n|-resisted|p1a: Pelipper\n|-damage|p1a: Pelipper|0 fnt\n|faint|p1a: Pelipper\n|\n|-weather|RainDance|[upkeep]\n|upkeep\n|\n|switch|p1a: Swampert|Swampert, F|100\/100\n|-damage|p1a: Swampert|94\/100|[from] Stealth Rock\n|turn|11\n|\n|switch|p2a: Rotom|Rotom-Wash|52\/100\n|-damage|p2a: Rotom|39\/100|[from] Stealth Rock\n|detailschange|p1a: Swampert|Swampert-Mega, F\n|-mega|p1a: Swampert|Swampert|Swampertite\n|move|p1a: Swampert|Waterfall|p2a: Rotom\n|-resisted|p2a: Rotom\n|-damage|p2a: Rotom|0 fnt\n|faint|p2a: Rotom\n|\n|-weather|RainDance|[upkeep]\n|upkeep\n|\n|switch|p2a: Ditto|Ditto|36\/100\n|-damage|p2a: Ditto|23\/100|[from] Stealth Rock\n|-transform|p2a: Ditto|p1a: Swampert|[from] ability: Imposter\n|turn|12\n|\n|move|p2a: Ditto|Waterfall|p1a: Swampert\n|-damage|p1a: Swampert|25\/100\n|move|p1a: Swampert|Waterfall|p2a: Ditto\n|-damage|p2a: Ditto|0 fnt\n|faint|p2a: Ditto\n|\n|-weather|RainDance|[upkeep]\n|upkeep\n|\n|switch|p2a: Tapu Lele|Tapu Lele|100\/100\n|-damage|p2a: Tapu Lele|88\/100|[from] Stealth Rock\n|-fieldstart|move: Psychic Terrain|[from] ability: Psychic Surge|[of] p2a: Tapu Lele\n|turn|13\n|\n|switch|p2a: Beedrill|Beedrill, F|100\/100\n|-damage|p2a: Beedrill|76\/100|[from] Stealth Rock\n|move|p1a: Swampert|Waterfall|p2a: Beedrill\n|-damage|p2a: Beedrill|0 fnt\n|faint|p2a: Beedrill\n|\n|-weather|RainDance|[upkeep]\n|upkeep\n|\n|switch|p2a: Tapu Lele|Tapu Lele|88\/100\n|-damage|p2a: Tapu Lele|76\/100|[from] Stealth Rock\n|turn|14\n|inactive|Battle timer is ON: inactive players will automatically lose when time's up. (requested by JoJo321)\n|-message|stallisfun300 forfeited.\n|\n|win|JoJo321\n|l|\u2606stallisfun300\n|raw|JoJo321's rating: 1783 &rarr; <strong>1800<\/strong><br \/>(+17 for winning)\n|raw|stallisfun300's rating: 1730 &rarr; <strong>1713<\/strong><br \/>(-17 for losing)\n|l|\u2606JoJo321\n","uploadtime":1569925147,"views":8,"p1id":"jojo321","p2id":"stallisfun300","formatid":"gen7ou","rating":1713,"private":0,"password":null}