{"id":"gen7ou-954326441","p1":"LT63RB SW","p2":"uuuuiiii","format":"gen7ou","log":"|j|\u2606LT63RB SW\n|j|\u2606uuuuiiii\n|player|p1|LT63RB SW|anabel-gen3|1823\n|player|p2|uuuuiiii|170|1786\n|teamsize|p1|6\n|teamsize|p2|6\n|gametype|singles\n|gen|7\n|tier|[Gen 7] OU\n|rated|\n|rule|Sleep Clause Mod: Limit one foe put to sleep\n|rule|Species Clause: Limit one of each Pok\u00e9mon\n|rule|OHKO Clause: OHKO moves are banned\n|rule|Moody Clause: Moody is banned\n|rule|Evasion Moves Clause: Evasion moves are banned\n|rule|Endless Battle Clause: Forcing endless battles is banned\n|rule|HP Percentage Mod: HP is shown in percentages\n|clearpoke\n|poke|p1|Mawile, F|item\n|poke|p1|Gyarados, F|item\n|poke|p1|Tapu Koko|item\n|poke|p1|Tapu Lele|item\n|poke|p1|Serperior, F|item\n|poke|p1|Landorus-Therian, M|item\n|poke|p2|Tapu Koko|item\n|poke|p2|Magearna|item\n|poke|p2|Seismitoad, M|item\n|poke|p2|Marowak-Alola, F|item\n|poke|p2|Hawlucha, M|item\n|poke|p2|Tornadus-Therian, M|item\n|teampreview\n|\n|start\n|switch|p1a: Landorus|Landorus-Therian, M|100\/100\n|switch|p2a: Tornadus|Tornadus-Therian, M|100\/100\n|-ability|p1a: Landorus|Intimidate|boost\n|-unboost|p2a: Tornadus|atk|1\n|turn|1\n|\n|move|p2a: Tornadus|Hurricane|p1a: Landorus\n|-damage|p1a: Landorus|55\/100\n|move|p1a: Landorus|Stealth Rock|p2a: Tornadus\n|-sidestart|p2: uuuuiiii|move: Stealth Rock\n|\n|upkeep\n|turn|2\n|\n|move|p2a: Tornadus|Defog|p1a: Landorus\n|-unboost|p1a: Landorus|evasion|1\n|-sideend|p2: uuuuiiii|Stealth Rock|[from] move: Defog|[of] p2a: Tornadus\n|move|p1a: Landorus|Explosion|p2a: Tornadus\n|-damage|p2a: Tornadus|0 fnt\n|faint|p1a: Landorus\n|faint|p2a: Tornadus\n|\n|upkeep\n|j| bop dash space\n|\n|switch|p2a: Tapu Koko|Tapu Koko|100\/100\n|switch|p1a: Tapu Lele|Tapu Lele|100\/100\n|-fieldstart|move: Electric Terrain|[from] ability: Electric Surge|[of] p2a: Tapu Koko\n|-fieldstart|move: Psychic Terrain|[from] ability: Psychic Surge|[of] p1a: Tapu Lele\n|turn|3\n|inactive|Battle timer is ON: inactive players will automatically lose when time's up. (requested by LT63RB SW)\n|\n|move|p2a: Tapu Koko|Volt Switch|p1a: Tapu Lele\n|-damage|p1a: Tapu Lele|68\/100\n|\n|switch|p2a: Magearna|Magearna|100\/100|[from]move: Volt Switch\n|move|p1a: Tapu Lele|Psyshock|p2a: Magearna\n|-resisted|p2a: Magearna\n|-damage|p2a: Magearna|69\/100\n|\n|upkeep\n|turn|4\n|\n|move|p1a: Tapu Lele|Psyshock|p2a: Magearna\n|-resisted|p2a: Magearna\n|-damage|p2a: Magearna|37\/100\n|move|p2a: Magearna|Volt Switch|p1a: Tapu Lele\n|-damage|p1a: Tapu Lele|40\/100\n|\n|switch|p2a: Tapu Koko|Tapu Koko|100\/100|[from]move: Volt Switch\n|-fieldstart|move: Electric Terrain|[from] ability: Electric Surge|[of] p2a: Tapu Koko\n|\n|upkeep\n|turn|5\n|\n|switch|p1a: Serperior|Serperior, F|100\/100\n|move|p2a: Tapu Koko|Volt Switch|p1a: Serperior\n|-resisted|p1a: Serperior\n|-damage|p1a: Serperior|74\/100\n|\n|switch|p2a: Marowak|Marowak-Alola, F|100\/100|[from]move: Volt Switch\n|\n|-heal|p1a: Serperior|80\/100|[from] item: Leftovers\n|upkeep\n|turn|6\n|\n|move|p1a: Serperior|Glare|p2a: Marowak\n|-status|p2a: Marowak|par\n|cant|p2a: Marowak|par\n|\n|-heal|p1a: Serperior|87\/100|[from] item: Leftovers\n|upkeep\n|turn|7\n|\n|move|p1a: Serperior|Substitute|p1a: Serperior\n|-start|p1a: Serperior|Substitute\n|-damage|p1a: Serperior|62\/100\n|move|p2a: Marowak|Flare Blitz|p1a: Serperior\n|-supereffective|p1a: Serperior\n|-end|p1a: Serperior|Substitute\n|-damage|p2a: Marowak|92\/100 par|[from] Recoil|[of] p1a: Serperior\n|\n|-heal|p1a: Serperior|68\/100|[from] item: Leftovers\n|upkeep\n|turn|8\n|\n|move|p1a: Serperior|Substitute|p1a: Serperior\n|-start|p1a: Serperior|Substitute\n|-damage|p1a: Serperior|43\/100\n|move|p2a: Marowak|Shadow Bone|p1a: Serperior\n|-end|p1a: Serperior|Substitute\n|\n|-heal|p1a: Serperior|49\/100|[from] item: Leftovers\n|-fieldend|move: Electric Terrain\n|upkeep\n|turn|9\n|\n|switch|p2a: Tapu Koko|Tapu Koko|100\/100\n|-fieldstart|move: Electric Terrain|[from] ability: Electric Surge|[of] p2a: Tapu Koko\n|move|p1a: Serperior|Substitute|p1a: Serperior\n|-start|p1a: Serperior|Substitute\n|-damage|p1a: Serperior|24\/100\n|\n|-heal|p1a: Serperior|31\/100|[from] item: Leftovers\n|upkeep\n|turn|10\n|\n|move|p2a: Tapu Koko|Dazzling Gleam|p1a: Serperior\n|-end|p1a: Serperior|Substitute\n|move|p1a: Serperior|Leaf Storm|p2a: Tapu Koko\n|-damage|p2a: Tapu Koko|34\/100\n|-boost|p1a: Serperior|spa|2\n|\n|-heal|p1a: Serperior|37\/100|[from] item: Leftovers\n|upkeep\n|turn|11\n|\n|switch|p1a: Mawile|Mawile, F|100\/100\n|-ability|p1a: Mawile|Intimidate|boost\n|-unboost|p2a: Tapu Koko|atk|1\n|move|p2a: Tapu Koko|Dazzling Gleam|p1a: Mawile\n|-resisted|p1a: Mawile\n|-damage|p1a: Mawile|67\/100\n|\n|upkeep\n|turn|12\n|\n|switch|p2a: Seismitoad|Seismitoad, M|100\/100\n|detailschange|p1a: Mawile|Mawile-Mega, F\n|-mega|p1a: Mawile|Mawile|Mawilite\n|move|p1a: Mawile|Play Rough|p2a: Seismitoad\n|-damage|p2a: Seismitoad|40\/100\n|\n|-heal|p2a: Seismitoad|46\/100|[from] item: Leftovers\n|upkeep\n|turn|13\n|\n|move|p2a: Seismitoad|Stealth Rock|p1a: Mawile\n|-sidestart|p1: LT63RB SW|move: Stealth Rock\n|move|p1a: Mawile|Play Rough|p2a: Seismitoad\n|-damage|p2a: Seismitoad|0 fnt\n|faint|p2a: Seismitoad\n|\n|-fieldend|move: Electric Terrain\n|upkeep\n|\n|switch|p2a: Tapu Koko|Tapu Koko|34\/100\n|-fieldstart|move: Electric Terrain|[from] ability: Electric Surge|[of] p2a: Tapu Koko\n|turn|14\n|j| flufi laddering\n|l| flufi laddering\n|\n|move|p1a: Mawile|Sucker Punch|p2a: Tapu Koko\n|-resisted|p2a: Tapu Koko\n|-damage|p2a: Tapu Koko|2\/100\n|move|p2a: Tapu Koko|Volt Switch|p1a: Mawile\n|-damage|p1a: Mawile|8\/100\n|\n|switch|p2a: Hawlucha|Hawlucha, M|100\/100|[from]move: Volt Switch\n|-enditem|p2a: Hawlucha|Electric Seed\n|-boost|p2a: Hawlucha|def|1\n|\n|upkeep\n|turn|15\n|\n|move|p2a: Hawlucha|Substitute|p2a: Hawlucha\n|-start|p2a: Hawlucha|Substitute\n|-damage|p2a: Hawlucha|76\/100\n|move|p1a: Mawile|Play Rough|p2a: Hawlucha\n|-supereffective|p2a: Hawlucha\n|-end|p2a: Hawlucha|Substitute\n|\n|upkeep\n|turn|16\n|\n|switch|p1a: Tapu Koko|Tapu Koko|100\/100\n|-damage|p1a: Tapu Koko|88\/100|[from] Stealth Rock\n|move|p2a: Hawlucha|Acrobatics|p1a: Tapu Koko\n|-resisted|p1a: Tapu Koko\n|-damage|p1a: Tapu Koko|52\/100\n|\n|upkeep\n|turn|17\n|j| LT63RB Ash\n|\n|move|p2a: Hawlucha|Substitute|p2a: Hawlucha\n|-start|p2a: Hawlucha|Substitute\n|-damage|p2a: Hawlucha|51\/100\n|move|p1a: Tapu Koko|Dazzling Gleam|p2a: Hawlucha\n|-supereffective|p2a: Hawlucha\n|-end|p2a: Hawlucha|Substitute\n|\n|upkeep\n|turn|18\n|\n|move|p2a: Hawlucha|High Jump Kick|p1a: Tapu Koko\n|-resisted|p1a: Tapu Koko\n|-damage|p1a: Tapu Koko|9\/100\n|move|p1a: Tapu Koko|Dazzling Gleam|p2a: Hawlucha\n|-supereffective|p2a: Hawlucha\n|-damage|p2a: Hawlucha|0 fnt\n|faint|p2a: Hawlucha\n|\n|-fieldend|move: Electric Terrain\n|upkeep\n|j| LT63RB Ile\n|\n|switch|p2a: Magearna|Magearna|37\/100\n|turn|19\n|j| fyfyk\n|l| fyfyk\n|\n|move|p1a: Tapu Koko|Dazzling Gleam|p2a: Magearna\n|-resisted|p2a: Magearna\n|-damage|p2a: Magearna|18\/100\n|move|p2a: Magearna|Trick Room|p2a: Magearna\n|-fieldstart|move: Trick Room|[of] p2a: Magearna\n|\n|upkeep\n|turn|20\n|\n|move|p2a: Magearna|Ice Beam|p1a: Tapu Koko\n|-damage|p1a: Tapu Koko|0 fnt\n|faint|p1a: Tapu Koko\n|-ability|p2a: Magearna|Soul-Heart|boost\n|-boost|p2a: Magearna|spa|1\n|\n|upkeep\n|l| LT63RB Ile\n|\n|switch|p1a: Gyarados|Gyarados, F|100\/100\n|-damage|p1a: Gyarados|76\/100|[from] Stealth Rock\n|turn|21\n|\n|switch|p1a: Serperior|Serperior, F|37\/100\n|-damage|p1a: Serperior|24\/100|[from] Stealth Rock\n|move|p2a: Magearna|Volt Switch|p1a: Serperior\n|-resisted|p1a: Serperior\n|-damage|p1a: Serperior|0 fnt\n|faint|p1a: Serperior\n|-ability|p2a: Magearna|Soul-Heart|boost\n|-boost|p2a: Magearna|spa|1\n|\n|switch|p2a: Marowak|Marowak-Alola, F|92\/100 par|[from]move: Volt Switch\n|\n|upkeep\n|l| LT63RB Ash\n|inactive|LT63RB SW has 120 seconds left.\n|j| LT63RB Ash\n|\n|switch|p1a: Mawile|Mawile-Mega, F|8\/100\n|-damage|p1a: Mawile|2\/100|[from] Stealth Rock\n|turn|22\n|\n|move|p1a: Mawile|Sucker Punch|p2a: Marowak\n|-supereffective|p2a: Marowak\n|-damage|p2a: Marowak|2\/100 par\n|cant|p2a: Marowak|par\n|\n|upkeep\n|turn|23\n|\n|move|p1a: Mawile|Sucker Punch|p2a: Marowak\n|-supereffective|p2a: Marowak\n|-damage|p2a: Marowak|0 fnt\n|faint|p2a: Marowak\n|\n|-fieldend|move: Trick Room\n|upkeep\n|\n|switch|p2a: Tapu Koko|Tapu Koko|2\/100\n|-fieldstart|move: Electric Terrain|[from] ability: Electric Surge|[of] p2a: Tapu Koko\n|turn|24\n|\n|switch|p2a: Magearna|Magearna|18\/100\n|move|p1a: Mawile|Sucker Punch||[still]\n|-fail|p1a: Mawile\n|\n|upkeep\n|turn|25\n|\n|move|p1a: Mawile|Play Rough|p2a: Magearna\n|-resisted|p2a: Magearna\n|-damage|p2a: Magearna|0 fnt\n|faint|p2a: Magearna\n|\n|upkeep\n|\n|switch|p2a: Tapu Koko|Tapu Koko|2\/100\n|turn|26\n|-message|uuuuiiii forfeited.\n|\n|win|LT63RB SW\n|l|\u2606uuuuiiii\n|l|\u2606LT63RB SW\n|raw|LT63RB SW's rating: 1823 &rarr; <strong>1841<\/strong><br \/>(+18 for winning)\n|raw|uuuuiiii's rating: 1786 &rarr; <strong>1768<\/strong><br \/>(-18 for losing)\n","uploadtime":1564751350,"views":38,"p1id":"lt63rbsw","p2id":"uuuuiiii","formatid":"gen7ou","rating":1768,"private":0,"password":null}