{"id":"gen7ou-1120125077","p1":"bramito the legend","p2":"Moskito Cup","format":"gen7ou","log":"|j|\u2606bramito the legend\n|j|\u2606Moskito Cup\n|player|p1|bramito the legend|265|1810\n|player|p2|Moskito Cup|169|1903\n|teamsize|p1|6\n|teamsize|p2|6\n|gametype|singles\n|gen|7\n|tier|[Gen 7] OU\n|rated|\n|clearpoke\n|poke|p1|Landorus-Therian, M|item\n|poke|p1|Charizard, M|item\n|poke|p1|Excadrill, M|item\n|poke|p1|Tapu Lele|item\n|poke|p1|Keldeo-Resolute|item\n|poke|p1|Tapu Koko|item\n|poke|p2|Venusaur, M|item\n|poke|p2|Keldeo-Resolute|item\n|poke|p2|Skarmory, F|item\n|poke|p2|Chansey, F|item\n|poke|p2|Heatran, F|item\n|poke|p2|Bisharp, M|item\n|rule|Sleep Clause Mod: Limit one foe put to sleep\n|rule|Species Clause: Limit one of each Pok\u00e9mon\n|rule|OHKO Clause: OHKO moves are banned\n|rule|Moody Clause: Moody is banned\n|rule|Evasion Moves Clause: Evasion moves are banned\n|rule|Endless Battle Clause: Forcing endless battles is banned\n|rule|HP Percentage Mod: HP is shown in percentages\n|teampreview\n|raw|<div class=\"broadcast-red\"><strong>Moderated join is set to sync with modchat!<\/strong><br \/>Only users who can speak in modchat can join.<\/div>\n|c|\u2606Moskito Cup|\/log Moskito Cup set modjoin to sync with modchat.\n|raw|<div class=\"broadcast-red\"><strong>Moderated chat was set to +!<\/strong><br \/>Only users of rank + and higher can talk.<\/div>\n|c|\u2606Moskito Cup|\/log Moskito Cup made this room hidden.\n|inactive|Battle timer is ON: inactive players will automatically lose when time's up. (requested by Moskito Cup)\n|\n|start\n|switch|p1a: Charizard|Charizard, M|100\/100\n|switch|p2a: Keldeo|Keldeo-Resolute|100\/100\n|turn|1\n|\n|switch|p2a: Heatran|Heatran, F|100\/100\n|detailschange|p1a: Charizard|Charizard-Mega-Y, M\n|-mega|p1a: Charizard|Charizard|Charizardite Y\n|-weather|SunnyDay|[from] ability: Drought|[of] p1a: Charizard\n|move|p1a: Charizard|Solar Beam||[still]\n|-prepare|p1a: Charizard|Solar Beam|p2a: Heatran\n|-anim|p1a: Charizard|Solar Beam|p2a: Heatran\n|-resisted|p2a: Heatran\n|-crit|p2a: Heatran\n|-damage|p2a: Heatran|86\/100\n|\n|-weather|SunnyDay|[upkeep]\n|-heal|p2a: Heatran|92\/100|[from] item: Leftovers\n|upkeep\n|turn|2\n|\n|move|p1a: Charizard|Earthquake|p2a: Heatran\n|-supereffective|p2a: Heatran\n|-damage|p2a: Heatran|19\/100\n|move|p2a: Heatran|Toxic|p1a: Charizard\n|-status|p1a: Charizard|tox\n|\n|-weather|SunnyDay|[upkeep]\n|-heal|p2a: Heatran|26\/100|[from] item: Leftovers\n|-damage|p1a: Charizard|94\/100 tox|[from] psn\n|upkeep\n|turn|3\n|\n|switch|p1a: Landorus|Landorus-Therian, M|100\/100\n|-ability|p1a: Landorus|Intimidate|boost\n|-unboost|p2a: Heatran|atk|1\n|move|p2a: Heatran|Stealth Rock|p1a: Landorus\n|-sidestart|p1: bramito the legend|move: Stealth Rock\n|\n|-weather|SunnyDay|[upkeep]\n|-heal|p2a: Heatran|32\/100|[from] item: Leftovers\n|upkeep\n|turn|4\n|\n|move|p1a: Landorus|Knock Off|p2a: Heatran\n|-damage|p2a: Heatran|0 fnt\n|-enditem|p2a: Heatran|Leftovers|[from] move: Knock Off|[of] p1a: Landorus\n|faint|p2a: Heatran\n|\n|-weather|SunnyDay|[upkeep]\n|upkeep\n|\n|switch|p2a: Keldeo|Keldeo-Resolute|100\/100\n|turn|5\n|\n|switch|p1a: Tapu Koko|Tapu Koko, shiny|100\/100\n|-damage|p1a: Tapu Koko|88\/100|[from] Stealth Rock\n|-fieldstart|move: Electric Terrain|[from] ability: Electric Surge|[of] p1a: Tapu Koko\n|move|p2a: Keldeo|Substitute|p2a: Keldeo\n|-start|p2a: Keldeo|Substitute\n|-damage|p2a: Keldeo|75\/100\n|\n|-weather|none\n|-heal|p2a: Keldeo|82\/100|[from] item: Leftovers\n|upkeep\n|turn|6\n|\n|move|p1a: Tapu Koko|Volt Switch|p2a: Keldeo\n|-supereffective|p2a: Keldeo\n|-end|p2a: Keldeo|Substitute\n|\n|switch|p1a: Tapu Lele|Tapu Lele, shiny|100\/100|[from]move: Volt Switch\n|-damage|p1a: Tapu Lele|88\/100|[from] Stealth Rock\n|-fieldstart|move: Psychic Terrain|[from] ability: Psychic Surge|[of] p1a: Tapu Lele\n|move|p2a: Keldeo|Scald|p1a: Tapu Lele\n|-damage|p1a: Tapu Lele|55\/100\n|-status|p1a: Tapu Lele|brn\n|\n|-heal|p2a: Keldeo|88\/100|[from] item: Leftovers\n|-damage|p1a: Tapu Lele|49\/100 brn|[from] brn\n|upkeep\n|turn|7\n|\n|switch|p2a: Chansey|Chansey, F|100\/100\n|switch|p1a: Tapu Koko|Tapu Koko, shiny|88\/100\n|-damage|p1a: Tapu Koko|76\/100|[from] Stealth Rock\n|-fieldstart|move: Electric Terrain|[from] ability: Electric Surge|[of] p1a: Tapu Koko\n|\n|upkeep\n|turn|8\n|\n|move|p1a: Tapu Koko|Volt Switch|p2a: Chansey\n|-damage|p2a: Chansey|86\/100\n|\n|switch|p1a: Landorus|Landorus-Therian, M|100\/100|[from]move: Volt Switch\n|-damage|p1a: Landorus|88\/100|[from] Stealth Rock\n|-ability|p1a: Landorus|Intimidate|boost\n|-unboost|p2a: Chansey|atk|1\n|move|p2a: Chansey|Seismic Toss|p1a: Landorus\n|-damage|p1a: Landorus|57\/100\n|\n|upkeep\n|turn|9\n|\n|switch|p2a: Keldeo|Keldeo-Resolute|88\/100\n|move|p1a: Landorus|Stealth Rock|p2a: Keldeo\n|-sidestart|p2: Moskito Cup|move: Stealth Rock\n|\n|-heal|p2a: Keldeo|94\/100|[from] item: Leftovers\n|upkeep\n|turn|10\n|\n|move|p2a: Keldeo|Substitute|p2a: Keldeo\n|-start|p2a: Keldeo|Substitute\n|-damage|p2a: Keldeo|69\/100\n|move|p1a: Landorus|Earthquake|p2a: Keldeo\n|-end|p2a: Keldeo|Substitute\n|\n|-heal|p2a: Keldeo|75\/100|[from] item: Leftovers\n|upkeep\n|turn|11\n|\n|switch|p1a: Keldeo|Keldeo-Resolute|100\/100\n|-damage|p1a: Keldeo|94\/100|[from] Stealth Rock\n|move|p2a: Keldeo|Scald|p1a: Keldeo\n|-resisted|p1a: Keldeo\n|-damage|p1a: Keldeo|72\/100\n|-status|p1a: Keldeo|brn\n|\n|-heal|p2a: Keldeo|81\/100|[from] item: Leftovers\n|-heal|p1a: Keldeo|78\/100 brn|[from] item: Leftovers\n|-damage|p1a: Keldeo|72\/100 brn|[from] brn\n|-fieldend|move: Electric Terrain\n|upkeep\n|turn|12\n|\n|move|p1a: Keldeo|Secret Sword|p2a: Keldeo\n|-damage|p2a: Keldeo|26\/100\n|move|p2a: Keldeo|Secret Sword|p1a: Keldeo\n|-damage|p1a: Keldeo|21\/100 brn\n|\n|-heal|p2a: Keldeo|32\/100|[from] item: Leftovers\n|-heal|p1a: Keldeo|27\/100 brn|[from] item: Leftovers\n|-damage|p1a: Keldeo|21\/100 brn|[from] brn\n|upkeep\n|turn|13\n|\n|switch|p1a: Tapu Koko|Tapu Koko, shiny|76\/100\n|-damage|p1a: Tapu Koko|63\/100|[from] Stealth Rock\n|-fieldstart|move: Electric Terrain|[from] ability: Electric Surge|[of] p1a: Tapu Koko\n|move|p2a: Keldeo|Scald|p1a: Tapu Koko\n|-damage|p1a: Tapu Koko|0 fnt\n|faint|p1a: Tapu Koko\n|\n|-heal|p2a: Keldeo|38\/100|[from] item: Leftovers\n|upkeep\n|\n|switch|p1a: Charizard|Charizard-Mega-Y, M|94\/100 tox\n|-damage|p1a: Charizard|45\/100 tox|[from] Stealth Rock\n|-weather|SunnyDay|[from] ability: Drought|[of] p1a: Charizard\n|turn|14\n|\n|move|p2a: Keldeo|Substitute|p2a: Keldeo\n|-start|p2a: Keldeo|Substitute\n|-damage|p2a: Keldeo|13\/100\n|move|p1a: Charizard|Solar Beam||[still]\n|-prepare|p1a: Charizard|Solar Beam|p2a: Keldeo\n|-anim|p1a: Charizard|Solar Beam|p2a: Keldeo\n|-supereffective|p2a: Keldeo\n|-end|p2a: Keldeo|Substitute\n|\n|-weather|SunnyDay|[upkeep]\n|-heal|p2a: Keldeo|19\/100|[from] item: Leftovers\n|-damage|p1a: Charizard|39\/100 tox|[from] psn\n|upkeep\n|turn|15\n|\n|switch|p1a: Tapu Lele|Tapu Lele, shiny|49\/100 brn\n|-damage|p1a: Tapu Lele|36\/100 brn|[from] Stealth Rock\n|-fieldstart|move: Psychic Terrain|[from] ability: Psychic Surge|[of] p1a: Tapu Lele\n|move|p2a: Keldeo|Scald|p1a: Tapu Lele\n|-damage|p1a: Tapu Lele|23\/100 brn\n|\n|-weather|SunnyDay|[upkeep]\n|-heal|p2a: Keldeo|25\/100|[from] item: Leftovers\n|-damage|p1a: Tapu Lele|17\/100 brn|[from] brn\n|upkeep\n|turn|16\n|\n|switch|p2a: Chansey|Chansey, F|86\/100\n|-damage|p2a: Chansey|74\/100|[from] Stealth Rock\n|move|p1a: Tapu Lele|Psyshock|p2a: Chansey\n|-crit|p2a: Chansey\n|-damage|p2a: Chansey|18\/100\n|\n|-weather|SunnyDay|[upkeep]\n|-damage|p1a: Tapu Lele|10\/100 brn|[from] brn\n|upkeep\n|turn|17\n|\n|move|p1a: Tapu Lele|Psyshock|p2a: Chansey\n|-damage|p2a: Chansey|0 fnt\n|faint|p2a: Chansey\n|\n|-weather|SunnyDay|[upkeep]\n|-damage|p1a: Tapu Lele|4\/100 brn|[from] brn\n|upkeep\n|\n|switch|p2a: Keldeo|Keldeo-Resolute|25\/100\n|-damage|p2a: Keldeo|19\/100|[from] Stealth Rock\n|turn|18\n|\n|move|p2a: Keldeo|Secret Sword|p1a: Tapu Lele\n|-resisted|p1a: Tapu Lele\n|-damage|p1a: Tapu Lele|0 fnt\n|faint|p1a: Tapu Lele\n|\n|-weather|none\n|-heal|p2a: Keldeo|25\/100|[from] item: Leftovers\n|upkeep\n|\n|switch|p1a: Keldeo|Keldeo-Resolute|21\/100 brn\n|-damage|p1a: Keldeo|14\/100 brn|[from] Stealth Rock\n|turn|19\n|\n|switch|p2a: Venusaur|Venusaur, M|100\/100\n|-damage|p2a: Venusaur|88\/100|[from] Stealth Rock\n|move|p1a: Keldeo|Secret Sword|p2a: Venusaur\n|-resisted|p2a: Venusaur\n|-damage|p2a: Venusaur|71\/100\n|\n|-heal|p1a: Keldeo|21\/100 brn|[from] item: Leftovers\n|-damage|p1a: Keldeo|14\/100 brn|[from] brn\n|-fieldend|move: Psychic Terrain\n|upkeep\n|turn|20\n|\n|detailschange|p2a: Venusaur|Venusaur-Mega, M\n|-mega|p2a: Venusaur|Venusaur|Venusaurite\n|move|p1a: Keldeo|Secret Sword|p2a: Venusaur\n|-resisted|p2a: Venusaur\n|-damage|p2a: Venusaur|58\/100\n|move|p2a: Venusaur|Giga Drain|p1a: Keldeo\n|-supereffective|p1a: Keldeo\n|-damage|p1a: Keldeo|0 fnt\n|-heal|p2a: Venusaur|64\/100|[from] drain|[of] p1a: Keldeo\n|faint|p1a: Keldeo\n|\n|upkeep\n|\n|switch|p1a: Excadrill|Excadrill, M|100\/100\n|-damage|p1a: Excadrill|97\/100|[from] Stealth Rock\n|-ability|p1a: Excadrill|Mold Breaker\n|-item|p1a: Excadrill|Air Balloon\n|turn|21\n|\n|move|p1a: Excadrill|Rapid Spin|p2a: Venusaur\n|-damage|p2a: Venusaur|59\/100\n|-sideend|p1: bramito the legend|Stealth Rock|[from] move: Rapid Spin|[of] p1a: Excadrill\n|move|p2a: Venusaur|Giga Drain|p1a: Excadrill\n|-damage|p1a: Excadrill|67\/100\n|-heal|p2a: Venusaur|74\/100|[from] drain|[of] p1a: Excadrill\n|-enditem|p1a: Excadrill|Air Balloon\n|\n|upkeep\n|turn|22\n|\n|move|p1a: Excadrill|Earthquake|p2a: Venusaur\n|-damage|p2a: Venusaur|38\/100\n|move|p2a: Venusaur|Giga Drain|p1a: Excadrill\n|-damage|p1a: Excadrill|36\/100\n|-heal|p2a: Venusaur|54\/100|[from] drain|[of] p1a: Excadrill\n|\n|upkeep\n|turn|23\n|\n|switch|p2a: Skarmory|Skarmory, F|100\/100\n|-damage|p2a: Skarmory|88\/100|[from] Stealth Rock\n|move|p1a: Excadrill|Iron Head|p2a: Skarmory\n|-resisted|p2a: Skarmory\n|-damage|p2a: Skarmory|75\/100\n|-damage|p1a: Excadrill|20\/100|[from] item: Rocky Helmet|[of] p2a: Skarmory\n|\n|upkeep\n|turn|24\n|\n|switch|p1a: Landorus|Landorus-Therian, M|57\/100\n|-ability|p1a: Landorus|Intimidate|boost\n|-unboost|p2a: Skarmory|atk|1\n|move|p2a: Skarmory|Spikes|p1a: Landorus\n|-sidestart|p1: bramito the legend|Spikes\n|\n|upkeep\n|turn|25\n|\n|move|p1a: Landorus|Knock Off|p2a: Skarmory\n|-damage|p2a: Skarmory|52\/100\n|-damage|p1a: Landorus|40\/100|[from] item: Rocky Helmet|[of] p2a: Skarmory\n|-enditem|p2a: Skarmory|Rocky Helmet|[from] move: Knock Off|[of] p1a: Landorus\n|move|p2a: Skarmory|Spikes|p1a: Landorus\n|-sidestart|p1: bramito the legend|Spikes\n|\n|upkeep\n|turn|26\n|\n|switch|p1a: Charizard|Charizard-Mega-Y, M|39\/100 tox\n|-weather|SunnyDay|[from] ability: Drought|[of] p1a: Charizard\n|move|p2a: Skarmory|Brave Bird|p1a: Charizard\n|-damage|p1a: Charizard|7\/100 tox\n|-damage|p2a: Skarmory|43\/100|[from] Recoil\n|\n|-weather|SunnyDay|[upkeep]\n|-damage|p1a: Charizard|1\/100 tox|[from] psn\n|upkeep\n|turn|27\n|-message|bramito the legend forfeited.\n|\n|win|Moskito Cup\n|l|\u2606bramito the legend\n|c|\u2606Moskito Cup|\/log Moskito Cup made this room public.\n|raw|bramito the legend's rating: 1821 &rarr; <strong>1805<\/strong><br \/>(-16 for losing)\n|raw|Moskito Cup's rating: 1878 &rarr; <strong>1895<\/strong><br \/>(+17 for winning)\n","uploadtime":1590273953,"views":100,"p1id":"bramitothelegend","p2id":"moskitocup","formatid":"gen7ou","rating":1805,"private":0,"password":null}