{"id":"gen7ou-944573804","p1":"JoJo321","p2":"high impulse","format":"gen7ou","log":"|j|\u2606JoJo321\n|j|\u2606high impulse\n|player|p1|JoJo321|102|\n|player|p2|high impulse|211|\n|teamsize|p1|6\n|teamsize|p2|6\n|gametype|singles\n|gen|7\n|tier|[Gen 7] OU\n|rated|\n|rule|Sleep Clause Mod: Limit one foe put to sleep\n|rule|Species Clause: Limit one of each Pok\u00e9mon\n|rule|OHKO Clause: OHKO moves are banned\n|rule|Moody Clause: Moody is banned\n|rule|Evasion Moves Clause: Evasion moves are banned\n|rule|Endless Battle Clause: Forcing endless battles is banned\n|rule|HP Percentage Mod: HP is shown in percentages\n|clearpoke\n|poke|p1|Mew|item\n|poke|p1|Tapu Fini|item\n|poke|p1|Tapu Koko|item\n|poke|p1|Landorus-Therian, M|item\n|poke|p1|Ferrothorn, M|item\n|poke|p1|Medicham, F|item\n|poke|p2|Ribombee, F|item\n|poke|p2|Kommo-o, M|item\n|poke|p2|Magearna|item\n|poke|p2|Thundurus, M|item\n|poke|p2|Excadrill, M|item\n|poke|p2|Tyranitar, M|item\n|teampreview\n|\n|start\n|switch|p1a: Tapu Koko|Tapu Koko|100\/100\n|switch|p2a: Ribombee|Ribombee, F|100\/100\n|-fieldstart|move: Electric Terrain|[from] ability: Electric Surge|[of] p1a: Tapu Koko\n|turn|1\n|\n|switch|p2a: Excadrill|Excadrill, M|100\/100\n|-item|p2a: Excadrill|Air Balloon\n|move|p1a: Tapu Koko|Thunderbolt|p2a: Excadrill\n|-immune|p2a: Excadrill\n|\n|upkeep\n|turn|2\n|\n|switch|p2a: Ribombee|Ribombee, F|100\/100\n|move|p1a: Tapu Koko|U-turn|p2a: Ribombee\n|-resisted|p2a: Ribombee\n|-damage|p2a: Ribombee|84\/100\n|\n|switch|p1a: Medicham|Medicham, F|100\/100|[from]move: U-turn\n|\n|upkeep\n|turn|3\n|\n|switch|p1a: Tapu Koko|Tapu Koko|100\/100\n|move|p2a: Ribombee|Sticky Web|p1a: Tapu Koko\n|-sidestart|p1: JoJo321|move: Sticky Web\n|\n|upkeep\n|turn|4\n|\n|switch|p2a: Excadrill|Excadrill, M|100\/100\n|-item|p2a: Excadrill|Air Balloon\n|move|p1a: Tapu Koko|Thunderbolt|p2a: Excadrill\n|-immune|p2a: Excadrill\n|\n|upkeep\n|turn|5\n|\n|switch|p2a: Thundurus|Thundurus, M|100\/100\n|move|p1a: Tapu Koko|U-turn|p2a: Thundurus\n|-resisted|p2a: Thundurus\n|-damage|p2a: Thundurus|88\/100\n|\n|switch|p1a: Ferrothorn|Ferrothorn, M|100\/100|[from]move: U-turn\n|-activate|p1a: Ferrothorn|move: Sticky Web\n|-unboost|p1a: Ferrothorn|spe|1\n|\n|-fieldend|move: Electric Terrain\n|upkeep\n|turn|6\n|\n|move|p2a: Thundurus|Nasty Plot|p2a: Thundurus\n|-boost|p2a: Thundurus|spa|2\n|move|p1a: Ferrothorn|Gyro Ball|p2a: Thundurus\n|-resisted|p2a: Thundurus\n|-damage|p2a: Thundurus|52\/100\n|\n|upkeep\n|turn|7\n|\n|move|p2a: Thundurus|Focus Blast|p1a: Ferrothorn\n|-supereffective|p1a: Ferrothorn\n|-damage|p1a: Ferrothorn|0 fnt\n|-damage|p2a: Thundurus|42\/100|[from] item: Life Orb\n|faint|p1a: Ferrothorn\n|\n|upkeep\n|\n|switch|p1a: Landorus|Landorus-Therian, M|100\/100\n|-ability|p1a: Landorus|Intimidate|boost\n|-unboost|p2a: Thundurus|atk|1\n|turn|8\n|\n|switch|p2a: Magearna|Magearna|100\/100\n|switch|p1a: Tapu Fini|Tapu Fini|100\/100\n|-activate|p1a: Tapu Fini|move: Sticky Web\n|-unboost|p1a: Tapu Fini|spe|1\n|-fieldstart|move: Misty Terrain|[from] ability: Misty Surge|[of] p1a: Tapu Fini\n|\n|upkeep\n|turn|9\n|\n|move|p2a: Magearna|Calm Mind|p2a: Magearna\n|-boost|p2a: Magearna|spa|1\n|-boost|p2a: Magearna|spd|1\n|move|p1a: Tapu Fini|Defog|p2a: Magearna\n|-unboost|p2a: Magearna|evasion|1\n|-sideend|p1: JoJo321|Sticky Web|[from] move: Defog|[of] p1a: Tapu Fini\n|\n|upkeep\n|turn|10\n|\n|-zpower|p2a: Magearna\n|move|p2a: Magearna|Twinkle Tackle|p1a: Tapu Fini|[zeffect]\n|-damage|p1a: Tapu Fini|0 fnt\n|faint|p1a: Tapu Fini\n|-ability|p2a: Magearna|Soul-Heart|boost\n|-boost|p2a: Magearna|spa|1\n|\n|upkeep\n|\n|switch|p1a: Medicham|Medicham, F|100\/100\n|turn|11\n|\n|switch|p2a: Ribombee|Ribombee, F|84\/100\n|detailschange|p1a: Medicham|Medicham-Mega, F\n|-mega|p1a: Medicham|Medicham|Medichamite\n|move|p1a: Medicham|High Jump Kick|p2a: Ribombee\n|-resisted|p2a: Ribombee\n|-damage|p2a: Ribombee|28\/100\n|\n|upkeep\n|turn|12\n|\n|move|p2a: Ribombee|Sticky Web|p1a: Medicham\n|-sidestart|p1: JoJo321|move: Sticky Web\n|move|p1a: Medicham|Thunder Punch|p2a: Ribombee\n|-damage|p2a: Ribombee|0 fnt\n|faint|p2a: Ribombee\n|\n|-fieldend|Misty Terrain\n|upkeep\n|\n|switch|p2a: Thundurus|Thundurus, M|42\/100\n|turn|13\n|\n|move|p2a: Thundurus|Thunderbolt|p1a: Medicham\n|-damage|p1a: Medicham|9\/100\n|-damage|p2a: Thundurus|32\/100|[from] item: Life Orb\n|move|p1a: Medicham|Ice Punch|p2a: Thundurus\n|-supereffective|p2a: Thundurus\n|-damage|p2a: Thundurus|0 fnt\n|faint|p2a: Thundurus\n|\n|upkeep\n|\n|switch|p2a: Tyranitar|Tyranitar, M, shiny|100\/100\n|-weather|Sandstorm|[from] ability: Sand Stream|[of] p2a: Tyranitar\n|turn|14\n|\n|switch|p2a: Magearna|Magearna|100\/100\n|move|p1a: Medicham|High Jump Kick|p2a: Magearna\n|-damage|p2a: Magearna|0 fnt\n|faint|p2a: Magearna\n|\n|-weather|Sandstorm|[upkeep]\n|-damage|p1a: Medicham|3\/100|[from] Sandstorm\n|upkeep\n|\n|switch|p2a: Excadrill|Excadrill, M|100\/100\n|-item|p2a: Excadrill|Air Balloon\n|turn|15\n|\n|switch|p1a: Landorus|Landorus-Therian, M|100\/100\n|-ability|p1a: Landorus|Intimidate|boost\n|-unboost|p2a: Excadrill|atk|1\n|move|p2a: Excadrill|Iron Head|p1a: Landorus\n|-damage|p1a: Landorus|80\/100\n|-damage|p2a: Excadrill|84\/100|[from] item: Rocky Helmet|[of] p1a: Landorus\n|\n|-weather|Sandstorm|[upkeep]\n|upkeep\n|turn|16\n|\n|move|p2a: Excadrill|Swords Dance|p2a: Excadrill\n|-boost|p2a: Excadrill|atk|2\n|move|p1a: Landorus|Earthquake|p2a: Excadrill\n|-immune|p2a: Excadrill\n|\n|-weather|Sandstorm|[upkeep]\n|upkeep\n|turn|17\n|\n|move|p2a: Excadrill|Iron Head|p1a: Landorus\n|-damage|p1a: Landorus|27\/100\n|-damage|p2a: Excadrill|67\/100|[from] item: Rocky Helmet|[of] p1a: Landorus\n|move|p1a: Landorus|U-turn|p2a: Excadrill\n|-resisted|p2a: Excadrill\n|-damage|p2a: Excadrill|52\/100\n|-enditem|p2a: Excadrill|Air Balloon\n|\n|switch|p1a: Mew|Mew|100\/100|[from]move: U-turn\n|-activate|p1a: Mew|move: Sticky Web\n|-unboost|p1a: Mew|spe|1\n|\n|-weather|Sandstorm|[upkeep]\n|-damage|p1a: Mew|94\/100|[from] Sandstorm\n|upkeep\n|turn|18\n|\n|switch|p1a: Landorus|Landorus-Therian, M|27\/100\n|-ability|p1a: Landorus|Intimidate|boost\n|-unboost|p2a: Excadrill|atk|1\n|move|p2a: Excadrill|Earthquake|p1a: Landorus\n|-immune|p1a: Landorus\n|\n|-weather|none\n|upkeep\n|turn|19\n|\n|move|p2a: Excadrill|Iron Head|p1a: Landorus\n|-damage|p1a: Landorus|0 fnt\n|-damage|p2a: Excadrill|35\/100|[from] item: Rocky Helmet|[of] p1a: Landorus\n|faint|p1a: Landorus\n|\n|upkeep\n|j| union boss\n|\n|switch|p1a: Mew|Mew|94\/100\n|-activate|p1a: Mew|move: Sticky Web\n|-unboost|p1a: Mew|spe|1\n|turn|20\n|\n|switch|p2a: Tyranitar|Tyranitar, M, shiny|100\/100\n|-weather|Sandstorm|[from] ability: Sand Stream|[of] p2a: Tyranitar\n|move|p1a: Mew|Rock Polish|p1a: Mew\n|-boost|p1a: Mew|spe|2\n|\n|-weather|Sandstorm|[upkeep]\n|-damage|p1a: Mew|88\/100|[from] Sandstorm\n|upkeep\n|turn|21\n|\n|switch|p2a: Kommo-o|Kommo-o, M|100\/100\n|move|p1a: Mew|Aura Sphere|p2a: Kommo-o\n|-immune|p2a: Kommo-o|[from] ability: Bulletproof\n|\n|-weather|Sandstorm|[upkeep]\n|-damage|p1a: Mew|82\/100|[from] Sandstorm\n|-damage|p2a: Kommo-o|94\/100|[from] Sandstorm\n|upkeep\n|turn|22\n|\n|switch|p2a: Tyranitar|Tyranitar, M, shiny|100\/100\n|move|p1a: Mew|Nasty Plot|p1a: Mew\n|-boost|p1a: Mew|spa|2\n|\n|-weather|Sandstorm|[upkeep]\n|-damage|p1a: Mew|76\/100|[from] Sandstorm\n|upkeep\n|turn|23\n|\n|detailschange|p2a: Tyranitar|Tyranitar-Mega, M, shiny\n|-mega|p2a: Tyranitar|Tyranitar|Tyranitarite\n|move|p1a: Mew|Aura Sphere|p2a: Tyranitar\n|-supereffective|p2a: Tyranitar\n|-damage|p2a: Tyranitar|0 fnt\n|faint|p2a: Tyranitar\n|\n|-weather|Sandstorm|[upkeep]\n|-damage|p1a: Mew|70\/100|[from] Sandstorm\n|upkeep\n|\n|switch|p2a: Excadrill|Excadrill, M|35\/100\n|turn|24\n|j| gpz123\n|\n|move|p2a: Excadrill|Earthquake|p1a: Mew\n|-damage|p1a: Mew|13\/100\n|-zpower|p1a: Mew\n|move|p1a: Mew|Genesis Supernova|p2a: Excadrill|[zeffect]\n|-resisted|p2a: Excadrill\n|-damage|p2a: Excadrill|0 fnt\n|-fieldstart|move: Psychic Terrain\n|faint|p2a: Excadrill\n|\n|-weather|none\n|upkeep\n|j| MarquesaEV\n|-message|high impulse forfeited.\n|\n|win|JoJo321\n|l|\u2606high impulse\n|l|\u2606JoJo321\n|raw|JoJo321's rating: 1872 &rarr; <strong>1889<\/strong><br \/>(+17 for winning)\n|raw|high impulse's rating: 1824 &rarr; <strong>1807<\/strong><br \/>(-17 for losing)\n","uploadtime":1563097794,"views":80,"p1id":"jojo321","p2id":"highimpulse","formatid":"gen7ou","rating":1807,"private":0,"password":null}