{"id":"gen7ou-1284340959","p1":"HolyR1gz","p2":"LolzMachine","format":"gen7ou","log":"|j|\u2606HolyR1gz\n|j|\u2606LolzMachine\n|t:|1613577476\n|player|p1|HolyR1gz|guitarist|1606\n|player|p2|LolzMachine|294|1529\n|teamsize|p1|6\n|teamsize|p2|6\n|gametype|singles\n|gen|7\n|tier|[Gen 7] OU\n|rated|\n|clearpoke\n|poke|p1|Latias, F|item\n|poke|p1|Magnezone|item\n|poke|p1|Magearna|item\n|poke|p1|Breloom, M|item\n|poke|p1|Cresselia, F|item\n|poke|p1|Skarmory, F|item\n|poke|p2|Decidueye, M|item\n|poke|p2|Keldeo|item\n|poke|p2|Latios, M|item\n|poke|p2|Muk-Alola, F|item\n|poke|p2|Landorus-Therian, M|item\n|poke|p2|Greninja, M|item\n|rule|Sleep Clause Mod: Limit one foe put to sleep\n|rule|Species Clause: Limit one of each Pok\u00e9mon\n|rule|OHKO Clause: OHKO moves are banned\n|rule|Moody Clause: Moody is banned\n|rule|Evasion Moves Clause: Evasion moves are banned\n|rule|Endless Battle Clause: Forcing endless battles is banned\n|rule|HP Percentage Mod: HP is shown in percentages\n|teampreview\n|inactive|Battle timer is ON: inactive players will automatically lose when time's up. (requested by HolyR1gz)\n|\n|t:|1613577506\n|start\n|switch|p1a: Breloom|Breloom, M|100\/100\n|switch|p2a: Landorus|Landorus-Therian, M|100\/100\n|-ability|p2a: Landorus|Intimidate|boost\n|-unboost|p1a: Breloom|atk|1\n|turn|1\n|\n|t:|1613577524\n|switch|p2a: Decidueye|Decidueye, M|100\/100\n|switch|p1a: Skarmory|Skarmory, F|100\/100\n|\n|upkeep\n|turn|2\n|\n|t:|1613577532\n|move|p2a: Decidueye|Swords Dance|p2a: Decidueye\n|-boost|p2a: Decidueye|atk|2\n|move|p1a: Skarmory|Whirlwind|p2a: Decidueye\n|drag|p2a: Keldeo|Keldeo|100\/100\n|\n|upkeep\n|turn|3\n|\n|t:|1613577541\n|switch|p1a: Otome Saotome|Cresselia, F, shiny|100\/100\n|move|p2a: Keldeo|Hydro Pump|p1a: Otome Saotome\n|-damage|p1a: Otome Saotome|51\/100\n|\n|-heal|p1a: Otome Saotome|57\/100|[from] item: Leftovers\n|upkeep\n|turn|4\n|\n|t:|1613577545\n|move|p2a: Keldeo|Hydro Pump|p1a: Otome Saotome\n|-damage|p1a: Otome Saotome|9\/100\n|move|p1a: Otome Saotome|Moonlight|p1a: Otome Saotome\n|-heal|p1a: Otome Saotome|59\/100\n|\n|-heal|p1a: Otome Saotome|65\/100|[from] item: Leftovers\n|upkeep\n|turn|5\n|\n|t:|1613577550\n|switch|p2a: Muk|Muk-Alola, F|100\/100\n|move|p1a: Otome Saotome|Moonlight|p1a: Otome Saotome\n|-heal|p1a: Otome Saotome|100\/100\n|\n|upkeep\n|turn|6\n|\n|t:|1613577557\n|-activate|p1a: Otome Saotome|move: Pursuit\n|move|p2a: Muk|Pursuit|p1a: Otome Saotome|[from]Pursuit\n|-supereffective|p1a: Otome Saotome\n|-damage|p1a: Otome Saotome|71\/100\n|switch|p1a: Skarmory|Skarmory, F|100\/100\n|\n|upkeep\n|turn|7\n|\n|t:|1613577563\n|move|p1a: Skarmory|Spikes|p2a: Muk\n|-sidestart|p2: LolzMachine|Spikes\n|move|p2a: Muk|Knock Off|p1a: Skarmory\n|-damage|p1a: Skarmory|78\/100\n|-damage|p2a: Muk|84\/100|[from] item: Rocky Helmet|[of] p1a: Skarmory\n|-enditem|p1a: Skarmory|Rocky Helmet|[from] move: Knock Off|[of] p2a: Muk\n|\n|upkeep\n|turn|8\n|\n|t:|1613577566\n|switch|p2a: Keldeo|Keldeo|100\/100\n|-damage|p2a: Keldeo|88\/100|[from] Spikes\n|move|p1a: Skarmory|Spikes|p2a: Keldeo\n|-sidestart|p2: LolzMachine|Spikes\n|\n|upkeep\n|turn|9\n|\n|t:|1613577569\n|move|p2a: Keldeo|Hydro Pump|p1a: Skarmory\n|-damage|p1a: Skarmory|0 fnt\n|faint|p1a: Skarmory\n|\n|upkeep\n|\n|t:|1613577575\n|switch|p1a: Breloom|Breloom, M|100\/100\n|turn|10\n|\n|t:|1613577584\n|switch|p2a: Decidueye|Decidueye, M|100\/100\n|-damage|p2a: Decidueye|84\/100|[from] Spikes\n|move|p1a: Breloom|Substitute|p1a: Breloom\n|-start|p1a: Breloom|Substitute\n|-damage|p1a: Breloom|75\/100\n|\n|-status|p1a: Breloom|tox|[from] item: Toxic Orb\n|upkeep\n|turn|11\n|\n|t:|1613577599\n|switch|p1a: SOX|Magnezone|100\/100\n|move|p2a: Decidueye|Substitute|p2a: Decidueye\n|-start|p2a: Decidueye|Substitute\n|-damage|p2a: Decidueye|59\/100\n|\n|upkeep\n|turn|12\n|\n|t:|1613577605\n|move|p1a: SOX|Hidden Power|p2a: Decidueye\n|-supereffective|p2a: Decidueye\n|-end|p2a: Decidueye|Substitute\n|-zpower|p2a: Decidueye\n|move|p2a: Decidueye|Sinister Arrow Raid|p1a: SOX|[zeffect]\n|-crit|p1a: SOX\n|-damage|p1a: SOX|0 fnt\n|faint|p1a: SOX\n|\n|upkeep\n|\n|t:|1613577610\n|switch|p1a: Hyouko Fuwa|Magearna|100\/100\n|turn|13\n|\n|t:|1613577616\n|switch|p2a: Muk|Muk-Alola, F|84\/100\n|-damage|p2a: Muk|68\/100|[from] Spikes\n|move|p1a: Hyouko Fuwa|Calm Mind|p1a: Hyouko Fuwa\n|-boost|p1a: Hyouko Fuwa|spa|1\n|-boost|p1a: Hyouko Fuwa|spd|1\n|\n|upkeep\n|turn|14\n|\n|t:|1613577620\n|move|p1a: Hyouko Fuwa|Calm Mind|p1a: Hyouko Fuwa\n|-boost|p1a: Hyouko Fuwa|spa|1\n|-boost|p1a: Hyouko Fuwa|spd|1\n|move|p2a: Muk|Fire Punch|p1a: Hyouko Fuwa\n|-supereffective|p1a: Hyouko Fuwa\n|-damage|p1a: Hyouko Fuwa|70\/100\n|\n|upkeep\n|turn|15\n|\n|t:|1613577630\n|move|p1a: Hyouko Fuwa|Calm Mind|p1a: Hyouko Fuwa\n|-boost|p1a: Hyouko Fuwa|spa|1\n|-boost|p1a: Hyouko Fuwa|spd|1\n|move|p2a: Muk|Fire Punch|p1a: Hyouko Fuwa\n|-supereffective|p1a: Hyouko Fuwa\n|-damage|p1a: Hyouko Fuwa|38\/100\n|\n|upkeep\n|turn|16\n|\n|t:|1613577632\n|move|p1a: Hyouko Fuwa|Calm Mind|p1a: Hyouko Fuwa\n|-boost|p1a: Hyouko Fuwa|spa|1\n|-boost|p1a: Hyouko Fuwa|spd|1\n|move|p2a: Muk|Fire Punch|p1a: Hyouko Fuwa\n|-supereffective|p1a: Hyouko Fuwa\n|-damage|p1a: Hyouko Fuwa|9\/100\n|\n|upkeep\n|turn|17\n|\n|t:|1613577637\n|move|p1a: Hyouko Fuwa|Pain Split|p2a: Muk\n|-sethp|p2a: Muk|38\/100|[from] move: Pain Split|[silent]\n|-sethp|p1a: Hyouko Fuwa|43\/100|[from] move: Pain Split\n|move|p2a: Muk|Fire Punch|p1a: Hyouko Fuwa\n|-supereffective|p1a: Hyouko Fuwa\n|-damage|p1a: Hyouko Fuwa|13\/100\n|\n|upkeep\n|turn|18\n|\n|t:|1613577641\n|move|p1a: Hyouko Fuwa|Thunderbolt|p2a: Muk\n|-damage|p2a: Muk|2\/100\n|move|p2a: Muk|Fire Punch|p1a: Hyouko Fuwa\n|-supereffective|p1a: Hyouko Fuwa\n|-damage|p1a: Hyouko Fuwa|0 fnt\n|faint|p1a: Hyouko Fuwa\n|\n|upkeep\n|c|\u2606HolyR1gz|make sense\n|\n|t:|1613577649\n|switch|p1a: Breloom|Breloom, M|75\/100 tox\n|turn|19\n|\n|t:|1613577660\n|switch|p1a: Otome Saotome|Cresselia, F, shiny|71\/100\n|move|p2a: Muk|Poison Jab|p1a: Otome Saotome\n|-damage|p1a: Otome Saotome|57\/100\n|-status|p1a: Otome Saotome|psn\n|\n|-heal|p1a: Otome Saotome|63\/100 psn|[from] item: Leftovers\n|-damage|p1a: Otome Saotome|51\/100 psn|[from] psn\n|upkeep\n|turn|20\n|\n|t:|1613577665\n|move|p1a: Otome Saotome|Moonlight|p1a: Otome Saotome\n|-heal|p1a: Otome Saotome|100\/100 psn\n|move|p2a: Muk|Knock Off|p1a: Otome Saotome\n|-supereffective|p1a: Otome Saotome\n|-damage|p1a: Otome Saotome|64\/100 psn\n|-enditem|p1a: Otome Saotome|Leftovers|[from] move: Knock Off|[of] p2a: Muk\n|\n|-damage|p1a: Otome Saotome|52\/100 psn|[from] psn\n|upkeep\n|turn|21\n|c|\u2606LolzMachine|my muk is well trained what can i say\n|\n|t:|1613577674\n|move|p1a: Otome Saotome|Moonlight|p1a: Otome Saotome\n|-heal|p1a: Otome Saotome|100\/100 psn\n|move|p2a: Muk|Knock Off|p1a: Otome Saotome\n|-supereffective|p1a: Otome Saotome\n|-damage|p1a: Otome Saotome|76\/100 psn\n|\n|-damage|p1a: Otome Saotome|64\/100 psn|[from] psn\n|upkeep\n|turn|22\n|c|\u2606HolyR1gz|stfu\n|\n|t:|1613577678\n|move|p1a: Otome Saotome|Ice Beam|p2a: Muk\n|-damage|p2a: Muk|0 fnt\n|faint|p2a: Muk\n|\n|-damage|p1a: Otome Saotome|52\/100 psn|[from] psn\n|upkeep\n|\n|t:|1613577695\n|switch|p2a: Keldeo|Keldeo|88\/100\n|-damage|p2a: Keldeo|72\/100|[from] Spikes\n|turn|23\n|\n|t:|1613577699\n|move|p2a: Keldeo|Hydro Pump|p1a: Otome Saotome\n|-damage|p1a: Otome Saotome|0 fnt\n|faint|p1a: Otome Saotome\n|\n|upkeep\n|\n|t:|1613577706\n|switch|p1a: Ayame Kajou|Latias, F, shiny|100\/100\n|turn|24\n|\n|t:|1613577709\n|switch|p2a: Landorus|Landorus-Therian, M|100\/100\n|-ability|p2a: Landorus|Intimidate|boost\n|-unboost|p1a: Ayame Kajou|atk|1\n|detailschange|p1a: Ayame Kajou|Latias-Mega, F, shiny\n|-mega|p1a: Ayame Kajou|Latias|Latiasite\n|move|p1a: Ayame Kajou|Calm Mind|p1a: Ayame Kajou\n|-boost|p1a: Ayame Kajou|spa|1\n|-boost|p1a: Ayame Kajou|spd|1\n|\n|upkeep\n|turn|25\n|\n|t:|1613577712\n|move|p1a: Ayame Kajou|Calm Mind|p1a: Ayame Kajou\n|-boost|p1a: Ayame Kajou|spa|1\n|-boost|p1a: Ayame Kajou|spd|1\n|move|p2a: Landorus|Explosion|p1a: Ayame Kajou\n|-damage|p1a: Ayame Kajou|41\/100\n|faint|p2a: Landorus\n|\n|upkeep\n|\n|t:|1613577716\n|switch|p2a: Greninja|Greninja, M|100\/100\n|-damage|p2a: Greninja|84\/100|[from] Spikes\n|turn|26\n|\n|t:|1613577719\n|move|p2a: Greninja|U-turn|p1a: Ayame Kajou\n|-start|p2a: Greninja|typechange|Bug|[from] ability: Protean\n|-supereffective|p1a: Ayame Kajou\n|-damage|p1a: Ayame Kajou|0 fnt\n|faint|p1a: Ayame Kajou\n|\n|t:|1613577722\n|switch|p2a: Latios|Latios, M|100\/100|[from]move: U-turn\n|\n|upkeep\n|c|\u2606LolzMachine|GG\n|-message|HolyR1gz forfeited.\n|\n|win|LolzMachine\n|l|\u2606HolyR1gz\n||Ladder (probably) updated, but score could not be retrieved (Request timeout).\n","uploadtime":1613577758,"views":9,"p1id":"holyr1gz","p2id":"lolzmachine","formatid":"gen7ou","rating":0,"private":0,"password":null}