{"id":"gen7ou-994758177","p1":"lord cube","p2":"Jugador Lot","format":"gen7ou","log":"|j|\u2606lord cube\n|j|\u2606Jugador Lot\n|player|p1|lord cube|pokemonranger-gen4|1483\n|player|p2|Jugador Lot|161|1482\n|teamsize|p1|6\n|teamsize|p2|6\n|gametype|singles\n|gen|7\n|tier|[Gen 7] OU\n|rated|\n|rule|Sleep Clause Mod: Limit one foe put to sleep\n|rule|Species Clause: Limit one of each Pok\u00e9mon\n|rule|OHKO Clause: OHKO moves are banned\n|rule|Moody Clause: Moody is banned\n|rule|Evasion Moves Clause: Evasion moves are banned\n|rule|Endless Battle Clause: Forcing endless battles is banned\n|rule|HP Percentage Mod: HP is shown in percentages\n|clearpoke\n|poke|p1|Hariyama, M|item\n|poke|p1|Rampardos, F|item\n|poke|p1|Hoopa-Unbound|item\n|poke|p1|Uxie|item\n|poke|p1|Magearna|item\n|poke|p1|Necrozma|item\n|poke|p2|Skarmory, F|item\n|poke|p2|Quagsire, F|item\n|poke|p2|Clefable, M|item\n|poke|p2|Sableye, F|item\n|poke|p2|Toxapex, F|item\n|poke|p2|Chansey, F|item\n|teampreview\n|inactive|Battle timer is ON: inactive players will automatically lose when time's up. (requested by lord cube)\n|\n|start\n|switch|p1a: Uxie|Uxie|100\/100\n|switch|p2a: Papu G\u00f3mez|Sableye, F|100\/100\n|turn|1\n|\n|detailschange|p2a: Papu G\u00f3mez|Sableye-Mega, F\n|-mega|p2a: Papu G\u00f3mez|Sableye|Sablenite\n|move|p1a: Uxie|Magic Coat|p1a: Uxie\n|-singleturn|p1a: Uxie|move: Magic Coat\n|move|p2a: Papu G\u00f3mez|Knock Off|p1a: Uxie\n|-supereffective|p1a: Uxie\n|-damage|p1a: Uxie|63\/100\n|-enditem|p1a: Uxie|Mental Herb|[from] move: Knock Off|[of] p2a: Papu G\u00f3mez\n|\n|upkeep\n|turn|2\n|\n|move|p1a: Uxie|Stealth Rock|p2a: Papu G\u00f3mez\n|move|p2a: Papu G\u00f3mez|Stealth Rock|p1a: Uxie|[from]Magic Bounce\n|-sidestart|p1: lord cube|move: Stealth Rock\n|move|p2a: Papu G\u00f3mez|Knock Off|p1a: Uxie\n|-supereffective|p1a: Uxie\n|-damage|p1a: Uxie|39\/100\n|\n|upkeep\n|turn|3\n|\n|move|p2a: Papu G\u00f3mez|Knock Off|p1a: Uxie\n|-supereffective|p1a: Uxie\n|-damage|p1a: Uxie|15\/100\n|move|p1a: Uxie|Trick Room|p1a: Uxie\n|-fieldstart|move: Trick Room|[of] p1a: Uxie\n|\n|upkeep\n|turn|4\n|\n|switch|p1a: Magearna|Magearna|100\/100\n|-damage|p1a: Magearna|94\/100|[from] Stealth Rock\n|move|p2a: Papu G\u00f3mez|Protect||[still]\n|-fail|p2a: Papu G\u00f3mez\n|\n|upkeep\n|turn|5\n|\n|switch|p2a: El libro es azul|Toxapex, F|100\/100\n|switch|p1a: Rampardos|Rampardos, F|100\/100\n|-damage|p1a: Rampardos|88\/100|[from] Stealth Rock\n|\n|upkeep\n|turn|6\n|\n|switch|p2a: Rico|Skarmory, F|100\/100\n|move|p1a: Rampardos|Zen Headbutt|p2a: Rico\n|-resisted|p2a: Rico\n|-damage|p2a: Rico|81\/100\n|\n|-heal|p2a: Rico|87\/100|[from] item: Leftovers\n|upkeep\n|turn|7\n|\n|move|p1a: Rampardos|Fire Blast|p2a: Rico\n|-supereffective|p2a: Rico\n|-damage|p2a: Rico|0 fnt\n|faint|p2a: Rico\n|\n|-fieldend|move: Trick Room\n|upkeep\n|\n|switch|p2a: Igor|Quagsire, F|100\/100\n|turn|8\n|\n|switch|p1a: Uxie|Uxie|15\/100\n|-damage|p1a: Uxie|3\/100|[from] Stealth Rock\n|move|p2a: Igor|Earthquake|p1a: Uxie\n|-immune|p1a: Uxie|[from] ability: Levitate\n|\n|upkeep\n|turn|9\n|\n|move|p2a: Igor|Scald|p1a: Uxie\n|-damage|p1a: Uxie|0 fnt\n|faint|p1a: Uxie\n|\n|upkeep\n|\n|switch|p1a: Hariyama|Hariyama, M|100\/100\n|-damage|p1a: Hariyama|94\/100|[from] Stealth Rock\n|turn|10\n|\n|switch|p2a: El libro es azul|Toxapex, F|100\/100\n|move|p1a: Hariyama|Close Combat|p2a: El libro es azul\n|-resisted|p2a: El libro es azul\n|-damage|p2a: El libro es azul|80\/100\n|-unboost|p1a: Hariyama|def|1\n|-unboost|p1a: Hariyama|spd|1\n|\n|-heal|p2a: El libro es azul|86\/100|[from] item: Black Sludge\n|-status|p1a: Hariyama|brn|[from] item: Flame Orb\n|upkeep\n|turn|11\n|\n|move|p2a: El libro es azul|Toxic Spikes|p1a: Hariyama\n|-sidestart|p1: lord cube|move: Toxic Spikes\n|move|p1a: Hariyama|Earthquake|p2a: El libro es azul\n|-supereffective|p2a: El libro es azul\n|-damage|p2a: El libro es azul|14\/100\n|\n|-heal|p2a: El libro es azul|20\/100|[from] item: Black Sludge\n|-damage|p1a: Hariyama|88\/100 brn|[from] brn\n|upkeep\n|turn|12\n|\n|switch|p2a: Igor|Quagsire, F|100\/100\n|move|p1a: Hariyama|Facade|p2a: Igor\n|-damage|p2a: Igor|45\/100\n|\n|-heal|p2a: Igor|52\/100|[from] item: Leftovers\n|-damage|p1a: Hariyama|82\/100 brn|[from] brn\n|upkeep\n|turn|13\n|\n|switch|p2a: Papu G\u00f3mez|Sableye-Mega, F|100\/100\n|move|p1a: Hariyama|Close Combat|p2a: Papu G\u00f3mez\n|-immune|p2a: Papu G\u00f3mez\n|\n|-damage|p1a: Hariyama|76\/100 brn|[from] brn\n|upkeep\n|turn|14\n|\n|switch|p1a: Magearna|Magearna|94\/100\n|-damage|p1a: Magearna|88\/100|[from] Stealth Rock\n|move|p2a: Papu G\u00f3mez|Knock Off|p1a: Magearna\n|-resisted|p1a: Magearna\n|-damage|p1a: Magearna|80\/100\n|\n|upkeep\n|turn|15\n|\n|switch|p2a: El libro es azul|Toxapex, F|54\/100\n|move|p1a: Magearna|Trick Room|p1a: Magearna\n|-fieldstart|move: Trick Room|[of] p1a: Magearna\n|\n|-heal|p2a: El libro es azul|60\/100|[from] item: Black Sludge\n|upkeep\n|turn|16\n|\n|move|p2a: El libro es azul|Recover|p2a: El libro es azul\n|-heal|p2a: El libro es azul|100\/100\n|move|p1a: Magearna|Thunderbolt|p2a: El libro es azul\n|-supereffective|p2a: El libro es azul\n|-damage|p2a: El libro es azul|49\/100\n|\n|-heal|p2a: El libro es azul|55\/100|[from] item: Black Sludge\n|upkeep\n|turn|17\n|\n|switch|p2a: Gordi|Chansey, F|100\/100\n|move|p1a: Magearna|Thunderbolt|p2a: Gordi\n|-damage|p2a: Gordi|90\/100\n|-status|p2a: Gordi|par\n|\n|upkeep\n|turn|18\n|\n|move|p2a: Gordi|Seismic Toss|p1a: Magearna\n|-damage|p1a: Magearna|53\/100\n|move|p1a: Magearna|Flash Cannon|p2a: Gordi\n|-damage|p2a: Gordi|77\/100 par\n|\n|upkeep\n|turn|19\n|\n|move|p2a: Gordi|Wish|p2a: Gordi\n|move|p1a: Magearna|Flash Cannon|p2a: Gordi\n|-damage|p2a: Gordi|64\/100 par\n|\n|-fieldend|move: Trick Room\n|upkeep\n|turn|20\n|\n|switch|p1a: Rampardos|Rampardos, F|88\/100\n|-status|p1a: Rampardos|psn\n|-damage|p1a: Rampardos|76\/100 psn|[from] Stealth Rock\n|move|p2a: Gordi|Seismic Toss|p1a: Rampardos\n|-damage|p1a: Rampardos|46\/100 psn\n|\n|-heal|p2a: Gordi|100\/100 par|[from] move: Wish|[wisher] Gordi\n|-damage|p1a: Rampardos|34\/100 psn|[from] psn\n|upkeep\n|turn|21\n|\n|switch|p2a: Papu G\u00f3mez|Sableye-Mega, F|100\/100\n|move|p1a: Rampardos|Rock Slide|p2a: Papu G\u00f3mez|[miss]\n|-miss|p1a: Rampardos|p2a: Papu G\u00f3mez\n|\n|-damage|p1a: Rampardos|22\/100 psn|[from] psn\n|upkeep\n|turn|22\n|\n|switch|p2a: El libro es azul|Toxapex, F|88\/100\n|move|p1a: Rampardos|Rock Slide|p2a: El libro es azul\n|-damage|p2a: El libro es azul|25\/100\n|\n|-heal|p2a: El libro es azul|31\/100|[from] item: Black Sludge\n|-damage|p1a: Rampardos|9\/100 psn|[from] psn\n|upkeep\n|turn|23\n|\n|switch|p2a: Igor|Quagsire, F|52\/100\n|move|p1a: Rampardos|Zen Headbutt|p2a: Igor\n|-damage|p2a: Igor|6\/100\n|\n|-heal|p2a: Igor|12\/100|[from] item: Leftovers\n|-damage|p1a: Rampardos|0 fnt|[from] psn\n|faint|p1a: Rampardos\n|upkeep\n|\n|switch|p1a: Hoopa|Hoopa-Unbound|100\/100\n|-damage|p1a: Hoopa|88\/100|[from] Stealth Rock\n|-status|p1a: Hoopa|psn\n|turn|24\n|\n|move|p1a: Hoopa|Power-Up Punch|p2a: Igor\n|-damage|p2a: Igor|0 fnt\n|-boost|p1a: Hoopa|atk|1\n|-damage|p1a: Hoopa|78\/100 psn|[from] item: Life Orb\n|faint|p2a: Igor\n|\n|-damage|p1a: Hoopa|66\/100 psn|[from] psn\n|upkeep\n|\n|switch|p2a: Saboteur|Clefable, M|100\/100\n|turn|25\n|\n|move|p2a: Saboteur|Moonblast|p1a: Hoopa\n|-supereffective|p1a: Hoopa\n|-damage|p1a: Hoopa|18\/100 psn\n|move|p1a: Hoopa|Zen Headbutt|p2a: Saboteur\n|-damage|p2a: Saboteur|20\/100\n|-damage|p1a: Hoopa|8\/100 psn|[from] item: Life Orb\n|\n|-heal|p2a: Saboteur|26\/100|[from] item: Leftovers\n|-damage|p1a: Hoopa|0 fnt|[from] psn\n|faint|p1a: Hoopa\n|upkeep\n|\n|switch|p1a: Magearna|Magearna|53\/100\n|-damage|p1a: Magearna|47\/100|[from] Stealth Rock\n|turn|26\n|\n|move|p2a: Saboteur|Soft-Boiled|p2a: Saboteur\n|-heal|p2a: Saboteur|76\/100\n|move|p1a: Magearna|Flash Cannon|p2a: Saboteur\n|-supereffective|p2a: Saboteur\n|-damage|p2a: Saboteur|0 fnt\n|faint|p2a: Saboteur\n|-ability|p1a: Magearna|Soul-Heart|boost\n|-boost|p1a: Magearna|spa|1\n|\n|upkeep\n|\n|switch|p2a: Gordi|Chansey, F|100\/100\n|turn|27\n|\n|move|p2a: Gordi|Wish|p2a: Gordi\n|move|p1a: Magearna|Flash Cannon|p2a: Gordi\n|-damage|p2a: Gordi|79\/100\n|\n|upkeep\n|turn|28\n|\n|move|p2a: Gordi|Seismic Toss|p1a: Magearna\n|-damage|p1a: Magearna|19\/100\n|move|p1a: Magearna|Flash Cannon|p2a: Gordi\n|-damage|p2a: Gordi|60\/100\n|\n|-heal|p2a: Gordi|100\/100|[from] move: Wish|[wisher] Gordi\n|upkeep\n|turn|29\n|\n|move|p2a: Gordi|Wish|p2a: Gordi\n|move|p1a: Magearna|Flash Cannon|p2a: Gordi\n|-damage|p2a: Gordi|79\/100\n|-unboost|p2a: Gordi|spd|1\n|\n|upkeep\n|turn|30\n|\n|move|p2a: Gordi|Seismic Toss|p1a: Magearna\n|-damage|p1a: Magearna|0 fnt\n|faint|p1a: Magearna\n|\n|-heal|p2a: Gordi|100\/100|[from] move: Wish|[wisher] Gordi\n|upkeep\n|\n|switch|p1a: Hariyama|Hariyama, M|76\/100 brn\n|-damage|p1a: Hariyama|70\/100 brn|[from] Stealth Rock\n|turn|31\n|\n|switch|p2a: El libro es azul|Toxapex, F|65\/100\n|move|p1a: Hariyama|Earthquake|p2a: El libro es azul\n|-supereffective|p2a: El libro es azul\n|-crit|p2a: El libro es azul\n|-damage|p2a: El libro es azul|0 fnt\n|faint|p2a: El libro es azul\n|\n|-damage|p1a: Hariyama|64\/100 brn|[from] brn\n|upkeep\n|\n|switch|p2a: Papu G\u00f3mez|Sableye-Mega, F|100\/100\n|turn|32\n|\n|switch|p1a: Necrozma|Necrozma|100\/100\n|-damage|p1a: Necrozma|88\/100|[from] Stealth Rock\n|-status|p1a: Necrozma|psn\n|move|p2a: Papu G\u00f3mez|Knock Off|p1a: Necrozma\n|-supereffective|p1a: Necrozma\n|-damage|p1a: Necrozma|47\/100 psn\n|-enditem|p1a: Necrozma|Weakness Policy\n|-boost|p1a: Necrozma|atk|2\n|-boost|p1a: Necrozma|spa|2\n|\n|-damage|p1a: Necrozma|35\/100 psn|[from] psn\n|upkeep\n|turn|33\n|\n|move|p1a: Necrozma|Photon Geyser|p2a: Papu G\u00f3mez\n|-immune|p2a: Papu G\u00f3mez\n|move|p2a: Papu G\u00f3mez|Knock Off|p1a: Necrozma\n|-supereffective|p1a: Necrozma\n|-damage|p1a: Necrozma|12\/100 psn\n|\n|-damage|p1a: Necrozma|0 fnt|[from] psn\n|faint|p1a: Necrozma\n|upkeep\n|\n|switch|p1a: Hariyama|Hariyama, M|64\/100 brn\n|-damage|p1a: Hariyama|58\/100 brn|[from] Stealth Rock\n|turn|34\n|\n|move|p2a: Papu G\u00f3mez|Protect|p2a: Papu G\u00f3mez\n|-singleturn|p2a: Papu G\u00f3mez|Protect\n|move|p1a: Hariyama|Earthquake|p2a: Papu G\u00f3mez\n|-activate|p2a: Papu G\u00f3mez|move: Protect\n|\n|-damage|p1a: Hariyama|52\/100 brn|[from] brn\n|upkeep\n|turn|35\n|\n|move|p1a: Hariyama|Earthquake|p2a: Papu G\u00f3mez\n|-damage|p2a: Papu G\u00f3mez|48\/100\n|move|p2a: Papu G\u00f3mez|Recover|p2a: Papu G\u00f3mez\n|-heal|p2a: Papu G\u00f3mez|98\/100\n|\n|-damage|p1a: Hariyama|46\/100 brn|[from] brn\n|upkeep\n|turn|36\n|\n|move|p2a: Papu G\u00f3mez|Protect|p2a: Papu G\u00f3mez\n|-singleturn|p2a: Papu G\u00f3mez|Protect\n|move|p1a: Hariyama|Earthquake|p2a: Papu G\u00f3mez\n|-activate|p2a: Papu G\u00f3mez|move: Protect\n|\n|-damage|p1a: Hariyama|40\/100 brn|[from] brn\n|upkeep\n|turn|37\n|-message|lord cube forfeited.\n|\n|win|Jugador Lot\n|l|\u2606lord cube\n","uploadtime":1571434539,"views":9,"p1id":"lordcube","p2id":"jugadorlot","formatid":"gen7ou","rating":0,"private":0,"password":null}