{"id":"gen7ou-997033865","p1":"Lunar Neo","p2":"Martins2049","format":"gen7ou","log":"|j|\u2606Lunar Neo\n|j|\u2606Martins2049\n|player|p1|Lunar Neo|248|1692\n|player|p2|Martins2049|177|1608\n|teamsize|p1|6\n|teamsize|p2|6\n|gametype|singles\n|gen|7\n|tier|[Gen 7] OU\n|rated|\n|rule|Sleep Clause Mod: Limit one foe put to sleep\n|rule|Species Clause: Limit one of each Pok\u00e9mon\n|rule|OHKO Clause: OHKO moves are banned\n|rule|Moody Clause: Moody is banned\n|rule|Evasion Moves Clause: Evasion moves are banned\n|rule|Endless Battle Clause: Forcing endless battles is banned\n|rule|HP Percentage Mod: HP is shown in percentages\n|clearpoke\n|poke|p1|Zapdos|item\n|poke|p1|Keldeo-Resolute|item\n|poke|p1|Scizor, M|item\n|poke|p1|Hydreigon, F|item\n|poke|p1|Mamoswine, M|item\n|poke|p1|Blacephalon|item\n|poke|p2|Tapu Bulu|item\n|poke|p2|Tapu Koko|item\n|poke|p2|Tapu Lele|item\n|poke|p2|Tapu Fini|item\n|poke|p2|Celesteela|item\n|poke|p2|Kommo-o, F|item\n|teampreview\n|inactive|Battle timer is ON: inactive players will automatically lose when time's up. (requested by Lunar Neo)\n|\n|start\n|switch|p1a: Mamoswine|Mamoswine, M|100\/100\n|switch|p2a: Kommo-o|Kommo-o, F|100\/100\n|turn|1\n|\n|move|p2a: Kommo-o|Stealth Rock|p1a: Mamoswine\n|-sidestart|p1: Lunar Neo|move: Stealth Rock\n|move|p1a: Mamoswine|Icicle Crash|p2a: Kommo-o\n|-supereffective|p2a: Kommo-o\n|-damage|p2a: Kommo-o|13\/100\n|\n|upkeep\n|turn|2\n|\n|move|p1a: Mamoswine|Ice Shard|p2a: Kommo-o\n|-supereffective|p2a: Kommo-o\n|-damage|p2a: Kommo-o|0 fnt\n|faint|p2a: Kommo-o\n|\n|upkeep\n|\n|switch|p2a: Tapu Lele|Tapu Lele|100\/100\n|-fieldstart|move: Psychic Terrain|[from] ability: Psychic Surge|[of] p2a: Tapu Lele\n|turn|3\n|\n|switch|p1a: Keldeo|Keldeo-Resolute|100\/100\n|-damage|p1a: Keldeo|94\/100|[from] Stealth Rock\n|-zpower|p2a: Tapu Lele\n|move|p2a: Tapu Lele|All-Out Pummeling|p1a: Keldeo|[zeffect]\n|-damage|p1a: Keldeo|23\/100\n|\n|upkeep\n|turn|4\n|\n|-zpower|p1a: Keldeo\n|move|p1a: Keldeo|Hydro Vortex|p2a: Tapu Lele|[zeffect]\n|-damage|p2a: Tapu Lele|3\/100\n|move|p2a: Tapu Lele|Psyshock|p1a: Keldeo\n|-supereffective|p1a: Keldeo\n|-damage|p1a: Keldeo|0 fnt\n|faint|p1a: Keldeo\n|\n|upkeep\n|\n|switch|p1a: Hydreigon|Hydreigon, F|100\/100\n|-damage|p1a: Hydreigon|88\/100|[from] Stealth Rock\n|turn|5\n|\n|move|p1a: Hydreigon|Dark Pulse|p2a: Tapu Lele\n|-damage|p2a: Tapu Lele|0 fnt\n|-damage|p1a: Hydreigon|78\/100|[from] item: Life Orb\n|faint|p2a: Tapu Lele\n|\n|upkeep\n|\n|switch|p2a: Tapu Bulu|Tapu Bulu|100\/100\n|-fieldstart|move: Grassy Terrain|[from] ability: Grassy Surge|[of] p2a: Tapu Bulu\n|turn|6\n|\n|move|p1a: Hydreigon|Fire Blast|p2a: Tapu Bulu\n|-supereffective|p2a: Tapu Bulu\n|-damage|p2a: Tapu Bulu|7\/100\n|-status|p2a: Tapu Bulu|brn\n|-damage|p1a: Hydreigon|68\/100|[from] item: Life Orb\n|move|p2a: Tapu Bulu|Superpower|p1a: Hydreigon\n|-supereffective|p1a: Hydreigon\n|-crit|p1a: Hydreigon\n|-damage|p1a: Hydreigon|0 fnt\n|-unboost|p2a: Tapu Bulu|atk|1\n|-unboost|p2a: Tapu Bulu|def|1\n|faint|p1a: Hydreigon\n|\n|-heal|p2a: Tapu Bulu|13\/100 brn|[from] Grassy Terrain\n|-damage|p2a: Tapu Bulu|7\/100 brn|[from] brn\n|upkeep\n|\n|switch|p1a: Mamoswine|Mamoswine, M|100\/100\n|-damage|p1a: Mamoswine|88\/100|[from] Stealth Rock\n|turn|7\n|\n|move|p1a: Mamoswine|Ice Shard|p2a: Tapu Bulu\n|-supereffective|p2a: Tapu Bulu\n|-damage|p2a: Tapu Bulu|0 fnt\n|faint|p2a: Tapu Bulu\n|\n|-heal|p1a: Mamoswine|94\/100|[from] Grassy Terrain\n|upkeep\n|\n|switch|p2a: Tapu Fini|Tapu Fini|100\/100\n|-fieldstart|move: Misty Terrain|[from] ability: Misty Surge|[of] p2a: Tapu Fini\n|turn|8\n|\n|switch|p1a: Zapdos|Zapdos, shiny|100\/100\n|-damage|p1a: Zapdos|75\/100|[from] Stealth Rock\n|move|p2a: Tapu Fini|Nature's Madness|p1a: Zapdos\n|-damage|p1a: Zapdos|38\/100\n|\n|-heal|p1a: Zapdos|44\/100|[from] item: Leftovers\n|upkeep\n|turn|9\n|\n|move|p2a: Tapu Fini|Moonblast|p1a: Zapdos\n|-damage|p1a: Zapdos|12\/100\n|-unboost|p1a: Zapdos|spa|1\n|move|p1a: Zapdos|Discharge|p2a: Tapu Fini\n|-supereffective|p2a: Tapu Fini\n|-damage|p2a: Tapu Fini|67\/100\n|\n|-heal|p2a: Tapu Fini|73\/100|[from] item: Leftovers\n|-heal|p1a: Zapdos|18\/100|[from] item: Leftovers\n|upkeep\n|turn|10\n|\n|move|p2a: Tapu Fini|Moonblast|p1a: Zapdos\n|-damage|p1a: Zapdos|0 fnt\n|faint|p1a: Zapdos\n|\n|-heal|p2a: Tapu Fini|79\/100|[from] item: Leftovers\n|upkeep\n|\n|switch|p1a: Scizor|Scizor, M|100\/100\n|-damage|p1a: Scizor|88\/100|[from] Stealth Rock\n|turn|11\n|\n|switch|p2a: Celesteela|Celesteela|100\/100\n|detailschange|p1a: Scizor|Scizor-Mega, M\n|-mega|p1a: Scizor|Scizor|Scizorite\n|move|p1a: Scizor|Swords Dance|p1a: Scizor\n|-boost|p1a: Scizor|atk|2\n|\n|upkeep\n|turn|12\n|\n|move|p1a: Scizor|Knock Off|p2a: Celesteela\n|-damage|p2a: Celesteela|55\/100\n|-enditem|p2a: Celesteela|Leftovers|[from] move: Knock Off|[of] p1a: Scizor\n|move|p2a: Celesteela|Flamethrower|p1a: Scizor\n|-supereffective|p1a: Scizor\n|-damage|p1a: Scizor|10\/100\n|\n|-fieldend|Misty Terrain\n|upkeep\n|turn|13\n|\n|move|p1a: Scizor|Knock Off|p2a: Celesteela\n|-damage|p2a: Celesteela|25\/100\n|move|p2a: Celesteela|Leech Seed|p1a: Scizor\n|-start|p1a: Scizor|move: Leech Seed\n|\n|-damage|p1a: Scizor|0 fnt|[from] Leech Seed|[of] p2a: Celesteela\n|-heal|p2a: Celesteela|34\/100|[silent]\n|faint|p1a: Scizor\n|upkeep\n|\n|switch|p1a: Blacephalon|Blacephalon, shiny|100\/100\n|-damage|p1a: Blacephalon|76\/100|[from] Stealth Rock\n|turn|14\n|\n|move|p1a: Blacephalon|Shadow Ball|p2a: Celesteela\n|-damage|p2a: Celesteela|0 fnt\n|faint|p2a: Celesteela\n|-ability|p1a: Blacephalon|Beast Boost|boost\n|-boost|p1a: Blacephalon|spa|1\n|\n|upkeep\n|\n|switch|p2a: Tapu Koko|Tapu Koko|100\/100\n|-fieldstart|move: Electric Terrain|[from] ability: Electric Surge|[of] p2a: Tapu Koko\n|turn|15\n|\n|move|p2a: Tapu Koko|Wild Charge|p1a: Blacephalon\n|-damage|p1a: Blacephalon|0 fnt\n|-damage|p2a: Tapu Koko|84\/100|[from] Recoil\n|faint|p1a: Blacephalon\n|\n|upkeep\n|\n|switch|p1a: Mamoswine|Mamoswine, M|94\/100\n|-damage|p1a: Mamoswine|82\/100|[from] Stealth Rock\n|turn|16\n|\n|move|p2a: Tapu Koko|Wild Charge|p1a: Mamoswine\n|-immune|p1a: Mamoswine\n|move|p1a: Mamoswine|Earthquake|p2a: Tapu Koko\n|-supereffective|p2a: Tapu Koko\n|-damage|p2a: Tapu Koko|0 fnt\n|faint|p2a: Tapu Koko\n|\n|upkeep\n|\n|switch|p2a: Tapu Fini|Tapu Fini|79\/100\n|-fieldstart|move: Misty Terrain|[from] ability: Misty Surge|[of] p2a: Tapu Fini\n|turn|17\n|\n|move|p2a: Tapu Fini|Moonblast|p1a: Mamoswine\n|-damage|p1a: Mamoswine|41\/100\n|move|p1a: Mamoswine|Earthquake|p2a: Tapu Fini\n|-damage|p2a: Tapu Fini|24\/100\n|\n|-heal|p2a: Tapu Fini|30\/100|[from] item: Leftovers\n|upkeep\n|turn|18\n|\n|move|p2a: Tapu Fini|Moonblast|p1a: Mamoswine\n|-crit|p1a: Mamoswine\n|-damage|p1a: Mamoswine|0 fnt\n|faint|p1a: Mamoswine\n|\n|win|Martins2049\n|l|\u2606Lunar Neo\n|raw|Lunar Neo's rating: 1669 &rarr; <strong>1646<\/strong><br \/>(-23 for losing)\n|raw|Martins2049's rating: 1608 &rarr; <strong>1632<\/strong><br \/>(+24 for winning)\n","uploadtime":1571795557,"views":7,"p1id":"lunarneo","p2id":"martins2049","formatid":"gen7ou","rating":1632,"private":0,"password":null}