{"id":"gen7randombattle-1580251042","p1":"firepunch917","p2":"yj1910235","format":"gen7randombattle","log":"|j|\u2606firepunch917\n|j|\u2606yj1910235\n|t:|1653216457\n|gametype|singles\n|player|p1|firepunch917|2|1766\n|player|p2|yj1910235|1|1703\n|teamsize|p1|6\n|teamsize|p2|6\n|gen|7\n|tier|[Gen 7] Random Battle\n|rated|\n|rule|Sleep Clause Mod: Limit one foe put to sleep\n|rule|HP Percentage Mod: HP is shown in percentages\n|\n|t:|1653216457\n|start\n|switch|p1a: Tyranitar|Tyranitar, L80, M|291\/291\n|switch|p2a: Vileplume|Vileplume, L86, M|269\/269\n|-weather|Sandstorm|[from] ability: Sand Stream|[of] p1a: Tyranitar\n|turn|1\n|\n|t:|1653216491\n|switch|p1a: Heatran|Heatran, L80, F|277\/277\n|-item|p1a: Heatran|Air Balloon\n|move|p2a: Vileplume|Sleep Powder|p1a: Heatran\n|-status|p1a: Heatran|slp|[from] move: Sleep Powder\n|\n|-weather|Sandstorm|[upkeep]\n|-damage|p2a: Vileplume|253\/269|[from] Sandstorm\n|-heal|p2a: Vileplume|269\/269|[from] item: Black Sludge\n|upkeep\n|turn|2\n|\n|t:|1653216503\n|switch|p2a: Machamp|Machamp, L84, F|288\/288\n|cant|p1a: Heatran|slp\n|\n|-weather|Sandstorm|[upkeep]\n|-damage|p2a: Machamp|270\/288|[from] Sandstorm\n|-status|p2a: Machamp|brn|[from] item: Flame Orb\n|upkeep\n|turn|3\n|\n|t:|1653216512\n|switch|p1a: Aromatisse|Aromatisse, L88, M|321\/321\n|move|p2a: Machamp|Knock Off|p1a: Aromatisse\n|-resisted|p1a: Aromatisse\n|-damage|p1a: Aromatisse|253\/321\n|-enditem|p1a: Aromatisse|Leftovers|[from] move: Knock Off|[of] p2a: Machamp\n|\n|-weather|Sandstorm|[upkeep]\n|-damage|p2a: Machamp|252\/288 brn|[from] Sandstorm\n|-damage|p1a: Aromatisse|233\/321|[from] Sandstorm\n|-damage|p2a: Machamp|234\/288 brn|[from] brn\n|upkeep\n|turn|4\n|\n|t:|1653216522\n|switch|p2a: Torkoal|Torkoal, L84, M|255\/255\n|-weather|SunnyDay|[from] ability: Drought|[of] p2a: Torkoal\n|move|p1a: Aromatisse|Moonblast|p2a: Torkoal\n|-resisted|p2a: Torkoal\n|-damage|p2a: Torkoal|186\/255\n|-unboost|p2a: Torkoal|spa|1\n|\n|-weather|SunnyDay|[upkeep]\n|-heal|p2a: Torkoal|201\/255|[from] item: Leftovers\n|upkeep\n|turn|5\n|\n|t:|1653216529\n|switch|p1a: Tyranitar|Tyranitar, L80, M|291\/291\n|-weather|Sandstorm|[from] ability: Sand Stream|[of] p1a: Tyranitar\n|move|p2a: Torkoal|Yawn|p1a: Tyranitar\n|-start|p1a: Tyranitar|move: Yawn|[of] p2a: Torkoal\n|\n|-weather|Sandstorm|[upkeep]\n|-damage|p2a: Torkoal|186\/255|[from] Sandstorm\n|-heal|p2a: Torkoal|201\/255|[from] item: Leftovers\n|upkeep\n|turn|6\n|\n|t:|1653216537\n|switch|p1a: Lycanroc|Lycanroc-Midnight, L88, F|293\/293\n|move|p2a: Torkoal|Stealth Rock|p1a: Lycanroc\n|-sidestart|p1: firepunch917|move: Stealth Rock\n|\n|-weather|Sandstorm|[upkeep]\n|-damage|p2a: Torkoal|186\/255|[from] Sandstorm\n|-heal|p2a: Torkoal|201\/255|[from] item: Leftovers\n|upkeep\n|turn|7\n|\n|t:|1653216546\n|switch|p2a: Leafeon|Leafeon, L88, F|258\/258\n|-zpower|p1a: Lycanroc\n|move|p1a: Lycanroc|Splintered Stormshards|p2a: Leafeon|[zeffect]\n|-damage|p2a: Leafeon|69\/258\n|\n|-weather|Sandstorm|[upkeep]\n|-damage|p2a: Leafeon|53\/258|[from] Sandstorm\n|upkeep\n|turn|8\n|\n|t:|1653216554\n|move|p1a: Lycanroc|Sucker Punch|p2a: Leafeon\n|-damage|p2a: Leafeon|7\/258\n|move|p2a: Leafeon|Leaf Blade|p1a: Lycanroc\n|-supereffective|p1a: Lycanroc\n|-damage|p1a: Lycanroc|0 fnt\n|faint|p1a: Lycanroc\n|-damage|p2a: Leafeon|0 fnt|[from] item: Life Orb\n|faint|p2a: Leafeon\n|\n|-weather|Sandstorm|[upkeep]\n|upkeep\n|\n|t:|1653216564\n|switch|p2a: Vileplume|Vileplume, L86, M|269\/269\n|switch|p1a: Heatran|Heatran, L80, F|277\/277 slp\n|-damage|p1a: Heatran|243\/277 slp|[from] Stealth Rock\n|-item|p1a: Heatran|Air Balloon\n|turn|9\n|\n|t:|1653216568\n|switch|p2a: Machamp|Machamp, L84, F|234\/288 brn\n|-curestatus|p1a: Heatran|slp|[msg]\n|move|p1a: Heatran|Stealth Rock|p2a: Machamp\n|-sidestart|p2: yj1910235|move: Stealth Rock\n|\n|-weather|none\n|-damage|p2a: Machamp|216\/288 brn|[from] brn\n|upkeep\n|turn|10\n|\n|t:|1653216583\n|move|p2a: Machamp|Close Combat|p1a: Heatran\n|-supereffective|p1a: Heatran\n|-damage|p1a: Heatran|0 fnt\n|-unboost|p2a: Machamp|def|1\n|-unboost|p2a: Machamp|spd|1\n|-enditem|p1a: Heatran|Air Balloon\n|faint|p1a: Heatran\n|\n|-damage|p2a: Machamp|198\/288 brn|[from] brn\n|upkeep\n|\n|t:|1653216589\n|switch|p1a: Durant|Durant, L84, M|235\/235\n|-damage|p1a: Durant|206\/235|[from] Stealth Rock\n|turn|11\n|\n|t:|1653216595\n|move|p1a: Durant|Hone Claws|p1a: Durant\n|-boost|p1a: Durant|atk|1\n|-boost|p1a: Durant|accuracy|1\n|move|p2a: Machamp|Close Combat|p1a: Durant\n|-damage|p1a: Durant|2\/235\n|-unboost|p2a: Machamp|def|1\n|-unboost|p2a: Machamp|spd|1\n|\n|-damage|p2a: Machamp|180\/288 brn|[from] brn\n|upkeep\n|turn|12\n|\n|t:|1653216598\n|move|p2a: Machamp|Bullet Punch|p1a: Durant\n|-resisted|p1a: Durant\n|-damage|p1a: Durant|0 fnt\n|faint|p1a: Durant\n|\n|-damage|p2a: Machamp|162\/288 brn|[from] brn\n|upkeep\n|\n|t:|1653216604\n|switch|p1a: Aromatisse|Aromatisse, L88, M|233\/321\n|-damage|p1a: Aromatisse|193\/321|[from] Stealth Rock\n|turn|13\n|\n|t:|1653216607\n|move|p2a: Machamp|Facade|p1a: Aromatisse\n|-damage|p1a: Aromatisse|0 fnt\n|faint|p1a: Aromatisse\n|\n|-damage|p2a: Machamp|144\/288 brn|[from] brn\n|upkeep\n|\n|t:|1653216608\n|switch|p1a: Nihilego|Nihilego, L82|313\/313\n|-damage|p1a: Nihilego|274\/313|[from] Stealth Rock\n|-item|p1a: Nihilego|Air Balloon\n|turn|14\n|\n|t:|1653216612\n|move|p2a: Machamp|Bullet Punch|p1a: Nihilego\n|-supereffective|p1a: Nihilego\n|-damage|p1a: Nihilego|106\/313\n|-enditem|p1a: Nihilego|Air Balloon\n|move|p1a: Nihilego|Grass Knot|p2a: Machamp\n|-damage|p2a: Machamp|0 fnt\n|faint|p2a: Machamp\n|-ability|p1a: Nihilego|Beast Boost|boost\n|-boost|p1a: Nihilego|spa|1\n|\n|upkeep\n|\n|t:|1653216618\n|switch|p2a: Terrakion|Terrakion, L82|283\/283\n|-damage|p2a: Terrakion|266\/283|[from] Stealth Rock\n|turn|15\n|\n|t:|1653216622\n|move|p2a: Terrakion|Earthquake|p1a: Nihilego\n|-supereffective|p1a: Nihilego\n|-damage|p1a: Nihilego|0 fnt\n|faint|p1a: Nihilego\n|\n|upkeep\n|-message|firepunch917 forfeited.\n|\n|win|yj1910235\n|raw|firepunch917's rating: 1766 &rarr; <strong>1742<\/strong><br \/>(-24 for losing)\n|raw|yj1910235's rating: 1703 &rarr; <strong>1727<\/strong><br \/>(+24 for winning)\n|l|\u2606firepunch917\n","inputlog":">version b341b8323d4a7713b3b6f41909868c7f087e7b7e\n>start {\"formatid\":\"gen7randombattle\",\"seed\":[54571,44247,5965,56655],\"rated\":\"Rated battle\"}\n>player p1 {\"name\":\"firepunch917\",\"avatar\":\"2\",\"rating\":1766,\"seed\":[64218,12110,55261,45418]}\n>player p2 {\"name\":\"yj1910235\",\"avatar\":\"1\",\"rating\":1703,\"seed\":[41444,23034,12506,34922]}\n>p1 switch 3\n>p2 move sleeppowder\n>p1 move stealthrock\n>p2 switch 6\n>p1 switch 6\n>p2 move knockoff\n>p1 move moonblast\n>p2 switch 2\n>p1 switch 3\n>p2 move yawn\n>p1 switch 2\n>p2 move stealthrock\n>p1 move stoneedge zmove\n>p2 switch 3\n>p1 move suckerpunch\n>p2 move leafblade\n>p1 switch 6\n>p2 switch 6\n>p1 move stealthrock\n>p2 switch 2\n>p1 move roar\n>p2 move closecombat\n>p1 switch 4\n>p1 move honeclaws\n>p2 move closecombat\n>p1 move ironhead\n>p2 move bulletpunch\n>p1 switch 3\n>p1 move moonblast\n>p2 move facade\n>p1 switch 5\n>p1 move grassknot\n>p2 move bulletpunch\n>p2 switch 4\n>p1 move grassknot\n>p2 move earthquake\n>forcelose p1","uploadtime":1653216627,"views":3,"p1id":"firepunch917","p2id":"yj1910235","formatid":"gen7randombattle","rating":1727,"private":0,"password":null}