{"id":"gen7ou-1585799333","p1":"Turn 2","p2":"HY\u3011YNWLJ","format":"gen7ou","log":"|j|\u2606Turn 2\n|j|\u2606HY\u3011YNWLJ\n|t:|1653901394\n|gametype|singles\n|player|p1|Turn 2|janine|1421\n|player|p2|HY\u3011YNWLJ|swimmerf|1522\n|teamsize|p1|6\n|teamsize|p2|6\n|gen|7\n|tier|[Gen 7] OU\n|rated|\n|rule|Sleep Clause Mod: Limit one foe put to sleep\n|rule|Species Clause: Limit one of each Pok\u00e9mon\n|rule|OHKO Clause: OHKO moves are banned\n|rule|Moody Clause: Moody is banned\n|rule|Evasion Moves Clause: Evasion moves are banned\n|rule|Endless Battle Clause: Forcing endless battles is banned\n|rule|HP Percentage Mod: HP is shown in percentages\n|clearpoke\n|poke|p1|Tapu Bulu|item\n|poke|p1|Dragonite, M|item\n|poke|p1|Hoopa-Unbound|item\n|poke|p1|Azelf|item\n|poke|p1|Blacephalon|item\n|poke|p1|Mawile, M|item\n|poke|p2|Ferrothorn, F|item\n|poke|p2|Pelipper, M|item\n|poke|p2|Tapu Lele|item\n|poke|p2|Swampert, M|item\n|poke|p2|Crawdaunt, F|item\n|poke|p2|Greninja, M|item\n|teampreview\n|inactive|Battle timer is ON: inactive players will automatically lose when time's up. (requested by Turn 2)\n|\n|t:|1653901413\n|start\n|switch|p1a: Azelf|Azelf, shiny|100\/100\n|switch|p2a: \u4eba\u95f4\u6b63\u9053\u662f\u6ca7\u6851|Tapu Lele|100\/100\n|-fieldstart|move: Psychic Terrain|[from] ability: Psychic Surge|[of] p2a: \u4eba\u95f4\u6b63\u9053\u662f\u6ca7\u6851\n|turn|1\n|inactive|Turn 2 has 120 seconds left.\n|inactive|Turn 2 has 90 seconds left.\n|\n|t:|1653901477\n|move|p1a: Azelf|Stealth Rock|p2a: \u4eba\u95f4\u6b63\u9053\u662f\u6ca7\u6851\n|-sidestart|p2: HY\u3011YNWLJ|move: Stealth Rock\n|move|p2a: \u4eba\u95f4\u6b63\u9053\u662f\u6ca7\u6851|Taunt|p1a: Azelf\n|-start|p1a: Azelf|move: Taunt\n|\n|upkeep\n|turn|2\n|\n|t:|1653901484\n|switch|p2a: \u4e8e\u65e0\u58f0\u5904\u542c\u60ca\u96f7|Swampert, M|100\/100\n|-damage|p2a: \u4e8e\u65e0\u58f0\u5904\u542c\u60ca\u96f7|94\/100|[from] Stealth Rock\n|move|p1a: Azelf|Knock Off|p2a: \u4e8e\u65e0\u58f0\u5904\u542c\u60ca\u96f7\n|-damage|p2a: \u4e8e\u65e0\u58f0\u5904\u542c\u60ca\u96f7|71\/100\n|\n|upkeep\n|turn|3\n|inactive|Turn 2 has 90 seconds left.\n|\n|t:|1653901504\n|move|p1a: Azelf|Explosion||[still]\n|cant|p2a: \u4e8e\u65e0\u58f0\u5904\u542c\u60ca\u96f7|ability: Damp|Explosion|[of] p1a: Azelf\n|move|p2a: \u4e8e\u65e0\u58f0\u5904\u542c\u60ca\u96f7|Stealth Rock|p1a: Azelf\n|-sidestart|p1: Turn 2|move: Stealth Rock\n|\n|upkeep\n|turn|4\n|\n|t:|1653901512\n|switch|p2a: \u5bc6\u96e8\u659c\u4fb5\u859c\u8354\u5899|Ferrothorn, F|100\/100\n|-damage|p2a: \u5bc6\u96e8\u659c\u4fb5\u859c\u8354\u5899|94\/100|[from] Stealth Rock\n|move|p1a: Azelf|Knock Off|p2a: \u5bc6\u96e8\u659c\u4fb5\u859c\u8354\u5899\n|-damage|p2a: \u5bc6\u96e8\u659c\u4fb5\u859c\u8354\u5899|72\/100\n|-damage|p1a: Azelf|88\/100|[from] ability: Iron Barbs|[of] p2a: \u5bc6\u96e8\u659c\u4fb5\u859c\u8354\u5899\n|-enditem|p2a: \u5bc6\u96e8\u659c\u4fb5\u859c\u8354\u5899|Leftovers|[from] move: Knock Off|[of] p1a: Azelf\n|\n|-end|p1a: Azelf|move: Taunt\n|upkeep\n|turn|5\n|\n|t:|1653901524\n|move|p2a: \u5bc6\u96e8\u659c\u4fb5\u859c\u8354\u5899|Protect|p2a: \u5bc6\u96e8\u659c\u4fb5\u859c\u8354\u5899\n|-singleturn|p2a: \u5bc6\u96e8\u659c\u4fb5\u859c\u8354\u5899|Protect\n|move|p1a: Azelf|Taunt|p2a: \u5bc6\u96e8\u659c\u4fb5\u859c\u8354\u5899\n|-activate|p2a: \u5bc6\u96e8\u659c\u4fb5\u859c\u8354\u5899|move: Protect\n|\n|-fieldend|move: Psychic Terrain\n|upkeep\n|turn|6\n|\n|t:|1653901536\n|move|p1a: Azelf|Taunt|p2a: \u5bc6\u96e8\u659c\u4fb5\u859c\u8354\u5899\n|-start|p2a: \u5bc6\u96e8\u659c\u4fb5\u859c\u8354\u5899|move: Taunt\n|move|p2a: \u5bc6\u96e8\u659c\u4fb5\u859c\u8354\u5899|Gyro Ball|p1a: Azelf\n|-damage|p1a: Azelf|11\/100\n|\n|upkeep\n|turn|7\n|\n|t:|1653901543\n|move|p1a: Azelf|Explosion|p2a: \u5bc6\u96e8\u659c\u4fb5\u859c\u8354\u5899\n|-resisted|p2a: \u5bc6\u96e8\u659c\u4fb5\u859c\u8354\u5899\n|-damage|p2a: \u5bc6\u96e8\u659c\u4fb5\u859c\u8354\u5899|46\/100\n|faint|p1a: Azelf\n|move|p2a: \u5bc6\u96e8\u659c\u4fb5\u859c\u8354\u5899|Gyro Ball|p1: Azelf|[notarget]\n|-fail|p2a: \u5bc6\u96e8\u659c\u4fb5\u859c\u8354\u5899\n|\n|upkeep\n|\n|t:|1653901552\n|switch|p1a: Blacephalon|Blacephalon|100\/100\n|-damage|p1a: Blacephalon|76\/100|[from] Stealth Rock\n|turn|8\n|\n|t:|1653901560\n|switch|p2a: \u4ecb\u80c4\u5357\u5f81\u77f6\u8671\u751f|Crawdaunt, F|100\/100\n|-damage|p2a: \u4ecb\u80c4\u5357\u5f81\u77f6\u8671\u751f|88\/100|[from] Stealth Rock\n|move|p1a: Blacephalon|Fire Blast|p2a: \u4ecb\u80c4\u5357\u5f81\u77f6\u8671\u751f|[miss]\n|-miss|p1a: Blacephalon|p2a: \u4ecb\u80c4\u5357\u5f81\u77f6\u8671\u751f\n|\n|upkeep\n|turn|9\n|\n|t:|1653901572\n|switch|p1a: Tapu Bulu|Tapu Bulu|100\/100\n|-damage|p1a: Tapu Bulu|88\/100|[from] Stealth Rock\n|-fieldstart|move: Grassy Terrain|[from] ability: Grassy Surge|[of] p1a: Tapu Bulu\n|move|p2a: \u4ecb\u80c4\u5357\u5f81\u77f6\u8671\u751f|Sludge Wave|p1a: Tapu Bulu\n|-supereffective|p1a: Tapu Bulu\n|-damage|p1a: Tapu Bulu|0 fnt\n|faint|p1a: Tapu Bulu\n|\n|-heal|p2a: \u4ecb\u80c4\u5357\u5f81\u77f6\u8671\u751f|94\/100|[from] Grassy Terrain\n|upkeep\n|c|\u2606HY\u3011YNWLJ|(\u00b0\u2200\u00b0)\uff89\n|inactive|Turn 2 has 90 seconds left.\n|\n|t:|1653901618\n|switch|p1a: Mawile|Mawile, M|100\/100\n|-damage|p1a: Mawile|95\/100|[from] Stealth Rock\n|-ability|p1a: Mawile|Intimidate|boost\n|-unboost|p2a: \u4ecb\u80c4\u5357\u5f81\u77f6\u8671\u751f|atk|1\n|turn|10\n|\n|t:|1653901625\n|switch|p2a: \u4eba\u95f4\u6b63\u9053\u662f\u6ca7\u6851|Tapu Lele|100\/100\n|-damage|p2a: \u4eba\u95f4\u6b63\u9053\u662f\u6ca7\u6851|88\/100|[from] Stealth Rock\n|-fieldstart|move: Psychic Terrain|[from] ability: Psychic Surge|[of] p2a: \u4eba\u95f4\u6b63\u9053\u662f\u6ca7\u6851\n|detailschange|p1a: Mawile|Mawile-Mega, M\n|-mega|p1a: Mawile|Mawile|Mawilite\n|move|p1a: Mawile|Swords Dance|p1a: Mawile\n|-boost|p1a: Mawile|atk|2\n|\n|upkeep\n|turn|11\n|\n|t:|1653901637\n|-zpower|p2a: \u4eba\u95f4\u6b63\u9053\u662f\u6ca7\u6851\n|move|p2a: \u4eba\u95f4\u6b63\u9053\u662f\u6ca7\u6851|Shattered Psyche|p1a: Mawile|[zeffect]\n|-resisted|p1a: Mawile\n|-damage|p1a: Mawile|14\/100\n|move|p1a: Mawile|Iron Head|p2a: \u4eba\u95f4\u6b63\u9053\u662f\u6ca7\u6851\n|-supereffective|p2a: \u4eba\u95f4\u6b63\u9053\u662f\u6ca7\u6851\n|-damage|p2a: \u4eba\u95f4\u6b63\u9053\u662f\u6ca7\u6851|0 fnt\n|faint|p2a: \u4eba\u95f4\u6b63\u9053\u662f\u6ca7\u6851\n|\n|upkeep\n|\n|t:|1653901648\n|switch|p2a: \u4e8e\u65e0\u58f0\u5904\u542c\u60ca\u96f7|Swampert, M|71\/100\n|-damage|p2a: \u4e8e\u65e0\u58f0\u5904\u542c\u60ca\u96f7|64\/100|[from] Stealth Rock\n|turn|12\n|\n|t:|1653901657\n|detailschange|p2a: \u4e8e\u65e0\u58f0\u5904\u542c\u60ca\u96f7|Swampert-Mega, M\n|-mega|p2a: \u4e8e\u65e0\u58f0\u5904\u542c\u60ca\u96f7|Swampert|Swampertite\n|move|p2a: \u4e8e\u65e0\u58f0\u5904\u542c\u60ca\u96f7|Waterfall|p1a: Mawile\n|-damage|p1a: Mawile|0 fnt\n|faint|p1a: Mawile\n|\n|upkeep\n|\n|t:|1653901672\n|switch|p1a: Hoopa|Hoopa-Unbound|100\/100\n|-damage|p1a: Hoopa|88\/100|[from] Stealth Rock\n|turn|13\n|\n|t:|1653901680\n|move|p1a: Hoopa|Psychic|p2a: \u4e8e\u65e0\u58f0\u5904\u542c\u60ca\u96f7\n|-damage|p2a: \u4e8e\u65e0\u58f0\u5904\u542c\u60ca\u96f7|0 fnt\n|faint|p2a: \u4e8e\u65e0\u58f0\u5904\u542c\u60ca\u96f7\n|-damage|p1a: Hoopa|78\/100|[from] item: Life Orb\n|\n|upkeep\n|\n|t:|1653901686\n|switch|p2a: \u5fae\u8fea\u7ec6\u79cd\u60ca\u86f0\u96e8|Pelipper, M|100\/100\n|-damage|p2a: \u5fae\u8fea\u7ec6\u79cd\u60ca\u86f0\u96e8|76\/100|[from] Stealth Rock\n|-weather|RainDance|[from] ability: Drizzle|[of] p2a: \u5fae\u8fea\u7ec6\u79cd\u60ca\u86f0\u96e8\n|turn|14\n|\n|t:|1653901701\n|switch|p2a: \u5bc6\u96e8\u659c\u4fb5\u859c\u8354\u5899|Ferrothorn, F|46\/100\n|-damage|p2a: \u5bc6\u96e8\u659c\u4fb5\u859c\u8354\u5899|40\/100|[from] Stealth Rock\n|move|p1a: Hoopa|Psychic|p2a: \u5bc6\u96e8\u659c\u4fb5\u859c\u8354\u5899\n|-resisted|p2a: \u5bc6\u96e8\u659c\u4fb5\u859c\u8354\u5899\n|-damage|p2a: \u5bc6\u96e8\u659c\u4fb5\u859c\u8354\u5899|0 fnt\n|faint|p2a: \u5bc6\u96e8\u659c\u4fb5\u859c\u8354\u5899\n|-damage|p1a: Hoopa|68\/100|[from] item: Life Orb\n|\n|-weather|RainDance|[upkeep]\n|-fieldend|move: Psychic Terrain\n|upkeep\n|\n|t:|1653901713\n|switch|p2a: \u821f\u68f9\u4e0d\u7075\u6c5f\u6ee9\u51b7|Greninja, M|100\/100\n|-damage|p2a: \u821f\u68f9\u4e0d\u7075\u6c5f\u6ee9\u51b7|88\/100|[from] Stealth Rock\n|turn|15\n|\n|t:|1653901718\n|move|p2a: \u821f\u68f9\u4e0d\u7075\u6c5f\u6ee9\u51b7|Surf|p1a: Hoopa\n|-damage|p1a: Hoopa|0 fnt\n|faint|p1a: Hoopa\n|-activate|p2a: \u821f\u68f9\u4e0d\u7075\u6c5f\u6ee9\u51b7|ability: Battle Bond\n|detailschange|p2a: \u821f\u68f9\u4e0d\u7075\u6c5f\u6ee9\u51b7|Greninja-Ash, M\n|\n|-weather|RainDance|[upkeep]\n|upkeep\n|\n|t:|1653901726\n|switch|p1a: Blacephalon|Blacephalon|76\/100\n|-damage|p1a: Blacephalon|51\/100|[from] Stealth Rock\n|turn|16\n|\n|t:|1653901732\n|switch|p2a: \u4ecb\u80c4\u5357\u5f81\u77f6\u8671\u751f|Crawdaunt, F|94\/100\n|-damage|p2a: \u4ecb\u80c4\u5357\u5f81\u77f6\u8671\u751f|82\/100|[from] Stealth Rock\n|move|p1a: Blacephalon|Explosion|p2a: \u4ecb\u80c4\u5357\u5f81\u77f6\u8671\u751f\n|-damage|p2a: \u4ecb\u80c4\u5357\u5f81\u77f6\u8671\u751f|0 fnt\n|faint|p1a: Blacephalon\n|faint|p2a: \u4ecb\u80c4\u5357\u5f81\u77f6\u8671\u751f\n|\n|-weather|RainDance|[upkeep]\n|upkeep\n|\n|t:|1653901742\n|switch|p1a: Dragonite|Dragonite, M|100\/100\n|switch|p2a: \u821f\u68f9\u4e0d\u7075\u6c5f\u6ee9\u51b7|Greninja-Ash, M|88\/100\n|-damage|p2a: \u821f\u68f9\u4e0d\u7075\u6c5f\u6ee9\u51b7|76\/100|[from] Stealth Rock\n|-damage|p1a: Dragonite|76\/100|[from] Stealth Rock\n|turn|17\n|\n|t:|1653901751\n|move|p2a: \u821f\u68f9\u4e0d\u7075\u6c5f\u6ee9\u51b7|Ice Beam|p1a: Dragonite\n|-supereffective|p1a: Dragonite\n|-damage|p1a: Dragonite|0 fnt\n|faint|p1a: Dragonite\n|\n|win|HY\u3011YNWLJ\n|raw|Turn 2's rating: 1421 &rarr; <strong>1407<\/strong><br \/>(-14 for losing)\n|raw|HY\u3011YNWLJ's rating: 1522 &rarr; <strong>1536<\/strong><br \/>(+14 for winning)\n","uploadtime":1653901757,"views":5,"p1id":"turn2","p2id":"hyynwlj","formatid":"gen7ou","rating":1407,"private":0,"password":null}