{"id":"gen7ou-933490717","p1":"Jakkkkkka","p2":"weshbien","format":"gen7ou","log":"|j|\u2606Jakkkkkka\n|j|\u2606weshbien\n|player|p1|Jakkkkkka|137\n|player|p2|weshbien|273\n|teamsize|p1|6\n|teamsize|p2|6\n|gametype|singles\n|gen|7\n|tier|[Gen 7] OU\n|rated|Tournament battle\n|rule|Sleep Clause Mod: Limit one foe put to sleep\n|rule|Species Clause: Limit one of each Pok\u00e9mon\n|rule|OHKO Clause: OHKO moves are banned\n|rule|Moody Clause: Moody is banned\n|rule|Evasion Moves Clause: Evasion moves are banned\n|rule|Endless Battle Clause: Forcing endless battles is banned\n|rule|HP Percentage Mod: HP is shown in percentages\n|clearpoke\n|poke|p1|Nidoking, M|item\n|poke|p1|Tyranitar, M|item\n|poke|p1|Greninja, M|item\n|poke|p1|Celesteela|item\n|poke|p1|Serperior, F|item\n|poke|p1|Chansey, F|item\n|poke|p2|Dragalge, F|item\n|poke|p2|Garchomp, M|item\n|poke|p2|Magnezone|item\n|poke|p2|Landorus-Therian, M|item\n|poke|p2|Scizor, M|item\n|poke|p2|Toxapex, F|item\n|teampreview\n|c|\u2606weshbien|Hf\n|j| Aficio\n|c|\u2606Jakkkkkka|gl\n|j| Cpt. NICE\n|\n|start\n|switch|p1a: Nidoking|Nidoking, M|100\/100\n|switch|p2a: naganadel 2|Dragalge, F|100\/100\n|turn|1\n|\n|switch|p2a: Landorus|Landorus-Therian, M|100\/100\n|-ability|p2a: Landorus|Intimidate|boost\n|-unboost|p1a: Nidoking|atk|1\n|move|p1a: Nidoking|Stealth Rock|p2a: Landorus\n|-sidestart|p2: weshbien|move: Stealth Rock\n|\n|upkeep\n|turn|2\n|\n|move|p1a: Nidoking|Ice Beam|p2a: Landorus\n|-supereffective|p2a: Landorus\n|-enditem|p2a: Landorus|Yache Berry|[eat]\n|-enditem|p2a: Landorus|Yache Berry|[weaken]\n|-damage|p2a: Landorus|35\/100\n|move|p2a: Landorus|Earthquake|p1a: Nidoking\n|-supereffective|p1a: Nidoking\n|-enditem|p1a: Nidoking|Focus Sash\n|-damage|p1a: Nidoking|1\/100\n|\n|upkeep\n|turn|3\n|\n|switch|p2a: Scizor|Scizor, M|100\/100\n|-damage|p2a: Scizor|88\/100|[from] Stealth Rock\n|move|p1a: Nidoking|Ice Beam|p2a: Scizor\n|-resisted|p2a: Scizor\n|-damage|p2a: Scizor|75\/100\n|\n|upkeep\n|turn|4\n|l| Cpt. NICE\n|\n|switch|p1a: Celesteela|Celesteela|100\/100\n|detailschange|p2a: Scizor|Scizor-Mega, M\n|-mega|p2a: Scizor|Scizor|Scizorite\n|move|p2a: Scizor|Bullet Punch|p1a: Celesteela\n|-resisted|p1a: Celesteela\n|-damage|p1a: Celesteela|91\/100\n|\n|-heal|p1a: Celesteela|97\/100|[from] item: Leftovers\n|upkeep\n|turn|5\n|\n|move|p2a: Scizor|U-turn|p1a: Celesteela\n|-resisted|p1a: Celesteela\n|-damage|p1a: Celesteela|92\/100\n|\n|switch|p2a: Landorus|Landorus-Therian, M|35\/100|[from]move: U-turn\n|-damage|p2a: Landorus|22\/100|[from] Stealth Rock\n|-ability|p2a: Landorus|Intimidate|boost\n|-unboost|p1a: Celesteela|atk|1\n|move|p1a: Celesteela|Heavy Slam|p2a: Landorus\n|-damage|p2a: Landorus|1\/100\n|\n|-heal|p1a: Celesteela|98\/100|[from] item: Leftovers\n|upkeep\n|turn|6\n|\n|move|p2a: Landorus|Stealth Rock|p1a: Celesteela\n|-sidestart|p1: Jakkkkkka|move: Stealth Rock\n|move|p1a: Celesteela|Flamethrower|p2a: Landorus\n|-damage|p2a: Landorus|0 fnt\n|faint|p2a: Landorus\n|-ability|p1a: Celesteela|Beast Boost|boost\n|-boost|p1a: Celesteela|def|1\n|\n|-heal|p1a: Celesteela|100\/100|[from] item: Leftovers\n|upkeep\n|\n|switch|p2a: Magnezone|Magnezone|100\/100\n|-damage|p2a: Magnezone|94\/100|[from] Stealth Rock\n|turn|7\n|\n|move|p2a: Magnezone|Thunderbolt|p1a: Celesteela\n|-supereffective|p1a: Celesteela\n|-damage|p1a: Celesteela|17\/100\n|move|p1a: Celesteela|Flamethrower|p2a: Magnezone\n|-supereffective|p2a: Magnezone\n|-damage|p2a: Magnezone|35\/100\n|\n|-heal|p1a: Celesteela|23\/100|[from] item: Leftovers\n|upkeep\n|turn|8\n|\n|move|p1a: Celesteela|Protect|p1a: Celesteela\n|-singleturn|p1a: Celesteela|Protect\n|move|p2a: Magnezone|Thunderbolt|p1a: Celesteela\n|-activate|p1a: Celesteela|move: Protect\n|\n|-heal|p1a: Celesteela|29\/100|[from] item: Leftovers\n|upkeep\n|turn|9\n|\n|move|p2a: Magnezone|Thunderbolt|p1a: Celesteela\n|-supereffective|p1a: Celesteela\n|-damage|p1a: Celesteela|0 fnt\n|faint|p1a: Celesteela\n|\n|upkeep\n|j| Celysi(\u00b4\u30fb\u30fb )\n|\n|switch|p1a: Tyranitar|Tyranitar, M|100\/100\n|-damage|p1a: Tyranitar|88\/100|[from] Stealth Rock\n|-weather|Sandstorm|[from] ability: Sand Stream|[of] p1a: Tyranitar\n|turn|10\n|j| Fun~ZSp\n|\n|detailschange|p1a: Tyranitar|Tyranitar-Mega, M\n|-mega|p1a: Tyranitar|Tyranitar|Tyranitarite\n|move|p2a: Magnezone|Thunderbolt|p1a: Tyranitar\n|-damage|p1a: Tyranitar|63\/100\n|move|p1a: Tyranitar|Fire Punch|p2a: Magnezone\n|-supereffective|p2a: Magnezone\n|-damage|p2a: Magnezone|0 fnt\n|faint|p2a: Magnezone\n|\n|-weather|Sandstorm|[upkeep]\n|upkeep\n|\n|switch|p2a: Garchomp|Garchomp, M|100\/100\n|-damage|p2a: Garchomp|94\/100|[from] Stealth Rock\n|turn|11\n|\n|switch|p1a: Nidoking|Nidoking, M|1\/100\n|-damage|p1a: Nidoking|0 fnt|[from] Stealth Rock\n|faint|p1a: Nidoking\n|move|p2a: Garchomp|Earthquake|p1: Nidoking|[notarget]\n|-fail|p2a: Garchomp\n|\n|-weather|Sandstorm|[upkeep]\n|upkeep\n|\n|switch|p1a: Serperior|Serperior, F|100\/100\n|-damage|p1a: Serperior|88\/100|[from] Stealth Rock\n|turn|12\n|\n|move|p1a: Serperior|Glare|p2a: Garchomp\n|-status|p2a: Garchomp|par\n|-zpower|p2a: Garchomp\n|move|p2a: Garchomp|Devastating Drake|p1a: Serperior|[zeffect]\n|-damage|p1a: Serperior|0 fnt\n|faint|p1a: Serperior\n|\n|-weather|Sandstorm|[upkeep]\n|upkeep\n|\n|switch|p1a: Tyranitar|Tyranitar-Mega, M|63\/100\n|-damage|p1a: Tyranitar|50\/100|[from] Stealth Rock\n|turn|13\n|\n|move|p1a: Tyranitar|Ice Punch|p2a: Garchomp\n|-supereffective|p2a: Garchomp\n|-crit|p2a: Garchomp\n|-damage|p2a: Garchomp|0 fnt\n|-damage|p1a: Tyranitar|38\/100|[from] ability: Rough Skin|[of] p2a: Garchomp\n|faint|p2a: Garchomp\n|\n|-weather|Sandstorm|[upkeep]\n|upkeep\n|\n|switch|p2a: Scizor|Scizor-Mega, M|75\/100\n|-damage|p2a: Scizor|63\/100|[from] Stealth Rock\n|turn|14\n|\n|move|p2a: Scizor|Bullet Punch|p1a: Tyranitar\n|-supereffective|p1a: Tyranitar\n|-damage|p1a: Tyranitar|0 fnt\n|faint|p1a: Tyranitar\n|\n|-weather|none\n|upkeep\n|\n|switch|p1a: Greninja|Greninja, M|100\/100\n|-damage|p1a: Greninja|88\/100|[from] Stealth Rock\n|turn|15\n|\n|switch|p2a: Toxapex|Toxapex, F|100\/100\n|-damage|p2a: Toxapex|88\/100|[from] Stealth Rock\n|move|p1a: Greninja|Dark Pulse|p2a: Toxapex\n|-damage|p2a: Toxapex|54\/100\n|\n|-heal|p2a: Toxapex|61\/100|[from] item: Black Sludge\n|upkeep\n|turn|16\n|\n|move|p1a: Greninja|Dark Pulse|p2a: Toxapex\n|-damage|p2a: Toxapex|29\/100\n|cant|p2a: Toxapex|flinch\n|\n|-heal|p2a: Toxapex|35\/100|[from] item: Black Sludge\n|upkeep\n|turn|17\n|l| Fun~ZSp\n|l| Aficio\n|\n|move|p1a: Greninja|Dark Pulse|p2a: Toxapex\n|-damage|p2a: Toxapex|0 fnt\n|faint|p2a: Toxapex\n|-activate|p1a: Greninja|ability: Battle Bond\n|detailschange|p1a: Greninja|Greninja-Ash, M\n|\n|upkeep\n|\n|switch|p2a: naganadel 2|Dragalge, F|100\/100\n|-damage|p2a: naganadel 2|88\/100|[from] Stealth Rock\n|turn|18\n|\n|switch|p1a: Chansey|Chansey, F|100\/100\n|-damage|p1a: Chansey|88\/100|[from] Stealth Rock\n|move|p2a: naganadel 2|Sludge Wave|p1a: Chansey\n|-damage|p1a: Chansey|63\/100\n|\n|upkeep\n|turn|19\n|\n|switch|p1a: Greninja|Greninja-Ash, M|88\/100\n|-damage|p1a: Greninja|76\/100|[from] Stealth Rock\n|move|p2a: naganadel 2|Sludge Wave|p1a: Greninja\n|-damage|p1a: Greninja|0 fnt\n|faint|p1a: Greninja\n|\n|upkeep\n|c|\u2606Jakkkkkka|gg\n|-message|Jakkkkkka forfeited.\n|\n|win|weshbien\n","uploadtime":1561300812,"views":11,"p1id":"jakkkkkka","p2id":"weshbien","formatid":"gen7ou","rating":0,"private":0,"password":null}