{"id":"gen7ou-1608170224","p1":"SKIP THE DRIP","p2":"Harry Fraud","format":"gen7ou","log":"|j|\u2606SKIP THE DRIP\n|j|\u2606Harry Fraud\n|inactive|Battle timer is ON: inactive players will automatically lose when time's up.\n|t:|1656690920\n|gametype|singles\n|player|p1|SKIP THE DRIP|pokemonbreeder-gen3|\n|player|p2|Harry Fraud|ethan|\n|teamsize|p1|6\n|teamsize|p2|6\n|gen|7\n|tier|[Gen 7] OU\n|rated|Tournament battle\n|rule|Sleep Clause Mod: Limit one foe put to sleep\n|rule|Species Clause: Limit one of each Pok\u00e9mon\n|rule|OHKO Clause: OHKO moves are banned\n|rule|Moody Clause: Moody is banned\n|rule|Evasion Moves Clause: Evasion moves are banned\n|rule|Endless Battle Clause: Forcing endless battles is banned\n|rule|HP Percentage Mod: HP is shown in percentages\n|clearpoke\n|poke|p1|Chansey, F|item\n|poke|p1|Heatran, M|item\n|poke|p1|Skarmory, M|item\n|poke|p1|Bisharp, F|item\n|poke|p1|Venusaur, F|item\n|poke|p1|Keldeo|item\n|poke|p2|Venusaur, M|item\n|poke|p2|Chansey, F|item\n|poke|p2|Skarmory, F|item\n|poke|p2|Heatran, F|item\n|poke|p2|Bisharp, M|item\n|poke|p2|Keldeo-Resolute|item\n|teampreview\n|inactive|Harry Fraud also wants the timer to be on.\n|c|\u2606SKIP THE DRIP|gl\n|c|\u2606Harry Fraud|hf\n|\n|t:|1656690950\n|start\n|switch|p1a: Heatran|Heatran, M|100\/100\n|switch|p2a: Skarmory|Skarmory, F|100\/100\n|-item|p1a: Heatran|Air Balloon\n|turn|1\n|c|\u2606SKIP THE DRIP|ur the lame keldeo\n|j| cogonahorse\n|\n|t:|1656690965\n|switch|p2a: Chansey|Chansey, F|100\/100\n|move|p1a: Heatran|Toxic|p2a: Chansey|[miss]\n|-miss|p1a: Heatran|p2a: Chansey\n|\n|upkeep\n|turn|2\n|\n|t:|1656690971\n|switch|p1a: Skarmory|Skarmory, M|100\/100\n|move|p2a: Chansey|Seismic Toss|p1a: Skarmory\n|-damage|p1a: Skarmory|70\/100\n|-damage|p2a: Chansey|84\/100|[from] item: Rocky Helmet|[of] p1a: Skarmory\n|\n|upkeep\n|turn|3\n|\n|t:|1656690974\n|switch|p2a: Heatran|Heatran, F|100\/100\n|move|p1a: Skarmory|Spikes|p2a: Heatran\n|-sidestart|p2: Harry Fraud|Spikes\n|\n|upkeep\n|turn|4\n|j| pleumboiboi\n|\n|t:|1656690980\n|switch|p1a: Heatran|Heatran, M|100\/100\n|-item|p1a: Heatran|Air Balloon\n|move|p2a: Heatran|Stealth Rock|p1a: Heatran\n|-sidestart|p1: SKIP THE DRIP|move: Stealth Rock\n|\n|upkeep\n|turn|5\n|j| vnmmv\n|\n|t:|1656690985\n|switch|p2a: Chansey|Chansey, F|84\/100\n|-damage|p2a: Chansey|71\/100|[from] Spikes\n|move|p1a: Heatran|Stealth Rock|p2a: Chansey\n|-sidestart|p2: Harry Fraud|move: Stealth Rock\n|\n|upkeep\n|turn|6\n|\n|t:|1656690991\n|switch|p1a: Skarmory|Skarmory, M|70\/100\n|-damage|p1a: Skarmory|58\/100|[from] Stealth Rock\n|move|p2a: Chansey|Thunder Wave|p1a: Skarmory\n|-status|p1a: Skarmory|par\n|\n|upkeep\n|turn|7\n|\n|t:|1656690995\n|move|p2a: Chansey|Soft-Boiled|p2a: Chansey\n|-heal|p2a: Chansey|100\/100\n|cant|p1a: Skarmory|par\n|\n|upkeep\n|turn|8\n|\n|t:|1656691001\n|switch|p2a: Skarmory|Skarmory, F|100\/100\n|-damage|p2a: Skarmory|88\/100|[from] Stealth Rock\n|move|p1a: Skarmory|Whirlwind|p2a: Skarmory\n|drag|p2a: Chansey|Chansey, F|100\/100\n|-damage|p2a: Chansey|88\/100|[from] Spikes\n|-damage|p2a: Chansey|76\/100|[from] Stealth Rock\n|\n|upkeep\n|turn|9\n|\n|t:|1656691008\n|move|p2a: Chansey|Seismic Toss|p1a: Skarmory\n|-damage|p1a: Skarmory|28\/100 par\n|-damage|p2a: Chansey|59\/100|[from] item: Rocky Helmet|[of] p1a: Skarmory\n|move|p1a: Skarmory|Spikes|p2a: Chansey\n|-sidestart|p2: Harry Fraud|Spikes\n|\n|upkeep\n|turn|10\n|\n|t:|1656691020\n|switch|p1a: Chansey|Chansey, F|100\/100\n|-damage|p1a: Chansey|88\/100|[from] Stealth Rock\n|move|p2a: Chansey|Soft-Boiled|p2a: Chansey\n|-heal|p2a: Chansey|100\/100\n|\n|upkeep\n|turn|11\n|\n|t:|1656691023\n|switch|p2a: Skarmory|Skarmory, F|88\/100\n|-damage|p2a: Skarmory|76\/100|[from] Stealth Rock\n|move|p1a: Chansey|Aromatherapy|p1a: Chansey\n|-activate|p1a: Chansey|move: Aromatherapy\n|-curestatus|p1: Skarmory|par|[msg]\n|\n|upkeep\n|turn|12\n|\n|t:|1656691026\n|switch|p1a: Heatran|Heatran, M|100\/100\n|-damage|p1a: Heatran|88\/100|[from] Stealth Rock\n|-item|p1a: Heatran|Air Balloon\n|move|p2a: Skarmory|Spikes|p1a: Heatran\n|-sidestart|p1: SKIP THE DRIP|Spikes\n|\n|upkeep\n|turn|13\n|\n|t:|1656691028\n|switch|p2a: Chansey|Chansey, F|100\/100\n|-damage|p2a: Chansey|84\/100|[from] Spikes\n|-damage|p2a: Chansey|71\/100|[from] Stealth Rock\n|move|p1a: Heatran|Lava Plume|p2a: Chansey\n|-damage|p2a: Chansey|61\/100\n|\n|upkeep\n|turn|14\n|\n|t:|1656691046\n|move|p1a: Heatran|Taunt|p2a: Chansey\n|-start|p2a: Chansey|move: Taunt\n|move|p2a: Chansey|Seismic Toss|p1a: Heatran\n|-damage|p1a: Heatran|62\/100\n|-enditem|p1a: Heatran|Air Balloon\n|\n|upkeep\n|turn|15\n|\n|t:|1656691051\n|switch|p1a: Chansey|Chansey, F|88\/100\n|-damage|p1a: Chansey|76\/100|[from] Stealth Rock\n|-damage|p1a: Chansey|63\/100|[from] Spikes\n|move|p2a: Chansey|Seismic Toss|p1a: Chansey\n|-damage|p1a: Chansey|48\/100\n|\n|upkeep\n|turn|16\n|\n|t:|1656691054\n|move|p2a: Chansey|Seismic Toss|p1a: Chansey\n|-damage|p1a: Chansey|32\/100\n|move|p1a: Chansey|Soft-Boiled|p1a: Chansey\n|-heal|p1a: Chansey|82\/100\n|\n|-end|p2a: Chansey|move: Taunt\n|upkeep\n|turn|17\n|\n|t:|1656691058\n|switch|p1a: Skarmory|Skarmory, M|28\/100\n|-damage|p1a: Skarmory|16\/100|[from] Stealth Rock\n|move|p2a: Chansey|Soft-Boiled|p2a: Chansey\n|-heal|p2a: Chansey|100\/100\n|\n|upkeep\n|turn|18\n|\n|t:|1656691064\n|switch|p2a: Skarmory|Skarmory, F|76\/100\n|-damage|p2a: Skarmory|64\/100|[from] Stealth Rock\n|move|p1a: Skarmory|Roost|p1a: Skarmory\n|-heal|p1a: Skarmory|66\/100\n|-singleturn|p1a: Skarmory|move: Roost\n|\n|upkeep\n|turn|19\n|\n|t:|1656691066\n|move|p2a: Skarmory|Spikes|p1a: Skarmory\n|-sidestart|p1: SKIP THE DRIP|Spikes\n|move|p1a: Skarmory|Spikes|p2a: Skarmory\n|-sidestart|p2: Harry Fraud|Spikes\n|\n|upkeep\n|turn|20\n|\n|t:|1656691068\n|move|p2a: Skarmory|Spikes|p1a: Skarmory\n|-sidestart|p1: SKIP THE DRIP|Spikes\n|move|p1a: Skarmory|Whirlwind|p2a: Skarmory\n|drag|p2a: Venusaur|Venusaur, M|100\/100\n|-damage|p2a: Venusaur|75\/100|[from] Spikes\n|-damage|p2a: Venusaur|63\/100|[from] Stealth Rock\n|\n|upkeep\n|turn|21\n|\n|t:|1656691071\n|detailschange|p2a: Venusaur|Venusaur-Mega, M\n|-mega|p2a: Venusaur|Venusaur|Venusaurite\n|move|p2a: Venusaur|Synthesis|p2a: Venusaur\n|-heal|p2a: Venusaur|100\/100\n|move|p1a: Skarmory|Brave Bird|p2a: Venusaur\n|-supereffective|p2a: Venusaur\n|-damage|p2a: Venusaur|63\/100\n|-damage|p1a: Skarmory|52\/100|[from] Recoil\n|\n|upkeep\n|turn|22\n|\n|t:|1656691075\n|move|p2a: Venusaur|Synthesis|p2a: Venusaur\n|-heal|p2a: Venusaur|100\/100\n|move|p1a: Skarmory|Roost|p1a: Skarmory\n|-heal|p1a: Skarmory|100\/100\n|-singleturn|p1a: Skarmory|move: Roost\n|\n|upkeep\n|turn|23\n|\n|t:|1656691077\n|switch|p1a: Heatran|Heatran, M|62\/100\n|-damage|p1a: Heatran|50\/100|[from] Stealth Rock\n|-damage|p1a: Heatran|25\/100|[from] Spikes\n|move|p2a: Venusaur|Leech Seed|p1a: Heatran\n|-start|p1a: Heatran|move: Leech Seed\n|\n|-damage|p1a: Heatran|12\/100|[from] Leech Seed|[of] p2a: Venusaur\n|upkeep\n|turn|24\n|\n|t:|1656691084\n|switch|p1a: Venusaur|Venusaur, F|100\/100\n|-damage|p1a: Venusaur|88\/100|[from] Stealth Rock\n|-damage|p1a: Venusaur|63\/100|[from] Spikes\n|move|p2a: Venusaur|Synthesis|p2a: Venusaur\n|-fail|p2a: Venusaur|heal\n|\n|upkeep\n|turn|25\n|l| vnmmv\n|\n|t:|1656691090\n|switch|p2a: Chansey|Chansey, F|100\/100\n|-damage|p2a: Chansey|76\/100|[from] Spikes\n|-damage|p2a: Chansey|63\/100|[from] Stealth Rock\n|detailschange|p1a: Venusaur|Venusaur-Mega, F\n|-mega|p1a: Venusaur|Venusaur|Venusaurite\n|move|p1a: Venusaur|Synthesis|p1a: Venusaur\n|-heal|p1a: Venusaur|100\/100\n|\n|upkeep\n|turn|26\n|\n|t:|1656691093\n|switch|p1a: Skarmory|Skarmory, M|100\/100\n|-damage|p1a: Skarmory|88\/100|[from] Stealth Rock\n|move|p2a: Chansey|Soft-Boiled|p2a: Chansey\n|-heal|p2a: Chansey|100\/100\n|\n|upkeep\n|turn|27\n|\n|t:|1656691097\n|move|p2a: Chansey|Thunder Wave|p1a: Skarmory\n|-status|p1a: Skarmory|par\n|move|p1a: Skarmory|Whirlwind|p2a: Chansey\n|drag|p2a: Heatran|Heatran, F|100\/100\n|-damage|p2a: Heatran|76\/100|[from] Spikes\n|-damage|p2a: Heatran|63\/100|[from] Stealth Rock\n|\n|-heal|p2a: Heatran|69\/100|[from] item: Leftovers\n|upkeep\n|turn|28\n|\n|t:|1656691105\n|switch|p1a: Chansey|Chansey, F|82\/100\n|-damage|p1a: Chansey|70\/100|[from] Stealth Rock\n|-damage|p1a: Chansey|45\/100|[from] Spikes\n|move|p2a: Heatran|Magma Storm|p1a: Chansey\n|-damage|p1a: Chansey|32\/100\n|-activate|p1a: Chansey|move: Magma Storm|[of] p2a: Heatran\n|\n|-heal|p2a: Heatran|76\/100|[from] item: Leftovers\n|-damage|p1a: Chansey|19\/100|[from] move: Magma Storm|[partiallytrapped]\n|upkeep\n|turn|29\n|\n|t:|1656691109\n|move|p2a: Heatran|Taunt|p1a: Chansey\n|-start|p1a: Chansey|move: Taunt\n|move|p1a: Chansey|Seismic Toss|p2a: Heatran\n|-damage|p2a: Heatran|48\/100\n|\n|-heal|p2a: Heatran|54\/100|[from] item: Leftovers\n|-damage|p1a: Chansey|7\/100|[from] move: Magma Storm|[partiallytrapped]\n|upkeep\n|turn|30\n|\n|t:|1656691111\n|move|p2a: Heatran|Earth Power|p1a: Chansey\n|-damage|p1a: Chansey|0 fnt\n|faint|p1a: Chansey\n|\n|-heal|p2a: Heatran|60\/100|[from] item: Leftovers\n|upkeep\n|\n|t:|1656691114\n|switch|p1a: Keldeo|Keldeo|100\/100\n|-damage|p1a: Keldeo|94\/100|[from] Stealth Rock\n|-damage|p1a: Keldeo|70\/100|[from] Spikes\n|turn|31\n|\n|t:|1656691116\n|switch|p2a: Venusaur|Venusaur-Mega, M|100\/100\n|-damage|p2a: Venusaur|75\/100|[from] Spikes\n|-damage|p2a: Venusaur|63\/100|[from] Stealth Rock\n|move|p1a: Keldeo|Scald|p2a: Venusaur\n|-resisted|p2a: Venusaur\n|-damage|p2a: Venusaur|47\/100\n|-status|p2a: Venusaur|brn\n|\n|-heal|p1a: Keldeo|76\/100|[from] item: Leftovers\n|-damage|p2a: Venusaur|41\/100 brn|[from] brn\n|upkeep\n|turn|32\n|j| AshenLemon\n|\n|t:|1656691136\n|switch|p1a: Skarmory|Skarmory, M|88\/100 par\n|-damage|p1a: Skarmory|76\/100 par|[from] Stealth Rock\n|move|p2a: Venusaur|Synthesis|p2a: Venusaur\n|-heal|p2a: Venusaur|91\/100 brn\n|\n|-damage|p2a: Venusaur|85\/100 brn|[from] brn\n|upkeep\n|turn|33\n|\n|t:|1656691139\n|move|p2a: Venusaur|Leech Seed|p1a: Skarmory\n|-start|p1a: Skarmory|move: Leech Seed\n|move|p1a: Skarmory|Whirlwind|p2a: Venusaur\n|drag|p2a: Heatran|Heatran, F|60\/100\n|-damage|p2a: Heatran|35\/100|[from] Spikes\n|-damage|p2a: Heatran|23\/100|[from] Stealth Rock\n|\n|-heal|p2a: Heatran|29\/100|[from] item: Leftovers\n|-damage|p1a: Skarmory|64\/100 par|[from] Leech Seed|[of] p2a: Heatran\n|-heal|p2a: Heatran|40\/100|[silent]\n|upkeep\n|turn|34\n|\n|t:|1656691146\n|switch|p1a: Heatran|Heatran, M|12\/100\n|-damage|p1a: Heatran|0 fnt|[from] Stealth Rock\n|faint|p1a: Heatran\n|move|p2a: Heatran|Magma Storm|p1: Heatran|[notarget]\n|-fail|p2a: Heatran\n|\n|-heal|p2a: Heatran|47\/100|[from] item: Leftovers\n|upkeep\n|\n|t:|1656691148\n|switch|p1a: Keldeo|Keldeo|76\/100\n|-damage|p1a: Keldeo|70\/100|[from] Stealth Rock\n|-damage|p1a: Keldeo|45\/100|[from] Spikes\n|turn|35\n|\n|t:|1656691153\n|switch|p2a: Venusaur|Venusaur-Mega, M|85\/100 brn\n|-damage|p2a: Venusaur|60\/100 brn|[from] Spikes\n|-damage|p2a: Venusaur|48\/100 brn|[from] Stealth Rock\n|move|p1a: Keldeo|Calm Mind|p1a: Keldeo\n|-boost|p1a: Keldeo|spa|1\n|-boost|p1a: Keldeo|spd|1\n|\n|-heal|p1a: Keldeo|51\/100|[from] item: Leftovers\n|-damage|p2a: Venusaur|42\/100 brn|[from] brn\n|upkeep\n|turn|36\n|\n|t:|1656691159\n|switch|p1a: Venusaur|Venusaur-Mega, F|100\/100\n|-damage|p1a: Venusaur|88\/100|[from] Stealth Rock\n|-damage|p1a: Venusaur|63\/100|[from] Spikes\n|move|p2a: Venusaur|Synthesis|p2a: Venusaur\n|-heal|p2a: Venusaur|92\/100 brn\n|\n|-damage|p2a: Venusaur|86\/100 brn|[from] brn\n|upkeep\n|turn|37\n|\n|t:|1656691167\n|switch|p2a: Chansey|Chansey, F|100\/100\n|-damage|p2a: Chansey|76\/100|[from] Spikes\n|-damage|p2a: Chansey|63\/100|[from] Stealth Rock\n|move|p1a: Venusaur|Synthesis|p1a: Venusaur\n|-heal|p1a: Venusaur|100\/100\n|\n|upkeep\n|turn|38\n|-message|SKIP THE DRIP forfeited.\n|\n|win|Harry Fraud\n|n|\u2606SKIP THE DRIP|skipthedrip\n|n|\u2606Harry Fraud|harryfraud\n|n| cogonahorse|cogonahorse\n|n| pleumboiboi|pleumboiboi\n|n| AshenLemon|ashenlemon\n|l|\u2606SKIP THE DRIP\n","uploadtime":1656691173,"views":18,"p1id":"skipthedrip","p2id":"harryfraud","formatid":"gen7ou","rating":0,"private":0,"password":null}