{"id":"gen7ou-1102807775","p1":"ogTFlame","p2":"TestingTesting1","format":"gen7ou","log":"|j|\u2606ogTFlame\n|j|\u2606TestingTesting1\n|player|p1|ogTFlame|lucas|1593\n|player|p2|TestingTesting1|102|1533\n|teamsize|p1|6\n|teamsize|p2|6\n|gametype|singles\n|gen|7\n|tier|[Gen 7] OU\n|rated|\n|clearpoke\n|poke|p1|Volcarona, M|item\n|poke|p1|Kartana|item\n|poke|p1|Landorus-Therian, M|item\n|poke|p1|Rotom-Wash|item\n|poke|p1|Scizor, F|item\n|poke|p1|Greninja, M|item\n|poke|p2|Heracross, M|item\n|poke|p2|Jirachi|item\n|poke|p2|Gliscor, F|item\n|poke|p2|Serperior, M|item\n|poke|p2|Tapu Lele|item\n|poke|p2|Rotom-Wash|item\n|rule|Sleep Clause Mod: Limit one foe put to sleep\n|rule|Species Clause: Limit one of each Pok\u00e9mon\n|rule|OHKO Clause: OHKO moves are banned\n|rule|Moody Clause: Moody is banned\n|rule|Evasion Moves Clause: Evasion moves are banned\n|rule|Endless Battle Clause: Forcing endless battles is banned\n|rule|HP Percentage Mod: HP is shown in percentages\n|teampreview\n|inactive|Battle timer is ON: inactive players will automatically lose when time's up. (requested by ogTFlame)\n|\n|start\n|switch|p1a: Mega Gliscor|Landorus-Therian, M|100\/100\n|switch|p2a: Rotom|Rotom-Wash|100\/100\n|-ability|p1a: Mega Gliscor|Intimidate|boost\n|-unboost|p2a: Rotom|atk|1\n|turn|1\n|\n|move|p1a: Mega Gliscor|U-turn|p2a: Rotom\n|-damage|p2a: Rotom|69\/100\n|\n|switch|p1a: CLEEEAN|Rotom-Wash|100\/100|[from]move: U-turn\n|move|p2a: Rotom|Hydro Pump|p1a: CLEEEAN\n|-resisted|p1a: CLEEEAN\n|-damage|p1a: CLEEEAN|76\/100\n|\n|-heal|p1a: CLEEEAN|82\/100|[from] item: Leftovers\n|upkeep\n|turn|2\n|\n|move|p1a: CLEEEAN|Will-O-Wisp|p2a: Rotom|[miss]\n|-miss|p1a: CLEEEAN|p2a: Rotom\n|move|p2a: Rotom|Volt Switch|p1a: CLEEEAN\n|-damage|p1a: CLEEEAN|46\/100\n|\n|switch|p2a: Jirachi|Jirachi|100\/100|[from]move: Volt Switch\n|\n|-heal|p1a: CLEEEAN|52\/100|[from] item: Leftovers\n|upkeep\n|turn|3\n|\n|move|p1a: CLEEEAN|Volt Switch|p2a: Jirachi\n|-damage|p2a: Jirachi|85\/100\n|\n|switch|p1a: Caronavirus|Volcarona, M|100\/100|[from]move: Volt Switch\n|move|p2a: Jirachi|Stealth Rock|p1a: Caronavirus\n|-sidestart|p1: ogTFlame|move: Stealth Rock\n|\n|-heal|p2a: Jirachi|92\/100|[from] item: Leftovers\n|upkeep\n|turn|4\n|\n|move|p1a: Caronavirus|Quiver Dance|p1a: Caronavirus\n|-boost|p1a: Caronavirus|spa|1\n|-boost|p1a: Caronavirus|spd|1\n|-boost|p1a: Caronavirus|spe|1\n|move|p2a: Jirachi|Thunder Wave|p1a: Caronavirus\n|-status|p1a: Caronavirus|par\n|\n|-heal|p2a: Jirachi|98\/100|[from] item: Leftovers\n|upkeep\n|turn|5\n|\n|switch|p2a: Tapu Lele|Tapu Lele|100\/100\n|-fieldstart|move: Psychic Terrain|[from] ability: Psychic Surge|[of] p2a: Tapu Lele\n|move|p1a: Caronavirus|Quiver Dance|p1a: Caronavirus\n|-boost|p1a: Caronavirus|spa|1\n|-boost|p1a: Caronavirus|spd|1\n|-boost|p1a: Caronavirus|spe|1\n|\n|upkeep\n|turn|6\n|\n|move|p1a: Caronavirus|Flamethrower|p2a: Tapu Lele\n|-damage|p2a: Tapu Lele|0 fnt\n|faint|p2a: Tapu Lele\n|\n|upkeep\n|\n|switch|p2a: Heracross|Heracross, M|100\/100\n|turn|7\n|\n|detailschange|p2a: Heracross|Heracross-Mega, M\n|-mega|p2a: Heracross|Heracross|Heracronite\n|move|p1a: Caronavirus|Flamethrower|p2a: Heracross\n|-supereffective|p2a: Heracross\n|-damage|p2a: Heracross|0 fnt\n|faint|p2a: Heracross\n|\n|upkeep\n|-message|TestingTesting1 forfeited.\n|\n|win|ogTFlame\n|l|\u2606TestingTesting1\n|raw|ogTFlame's rating: 1593 &rarr; <strong>1608<\/strong><br \/>(+15 for winning)\n|raw|TestingTesting1's rating: 1517 &rarr; <strong>1501<\/strong><br \/>(-16 for losing)\n","uploadtime":1587775487,"views":1,"p1id":"ogtflame","p2id":"testingtesting1","formatid":"gen7ou","rating":1501,"private":0,"password":null}