{"id":"gen7ou-661113626","p1":"DeciduousPony2110","p2":"BigL91","format":"gen7ou","log":"|j|DeciduousPony2110\n|j|BigL91\n|player|p1|DeciduousPony2110|28\n|teamsize|p1|6\n|player|p2|BigL91|293\n|teamsize|p2|6\n|gametype|singles\n|gen|7\n|tier|[Gen 7] OU\n|rated|\n|seed|50226,27583,55736,53142\n|rule|Sleep Clause Mod: Limit one foe put to sleep\n|rule|Species Clause: Limit one of each Pok\u00e9mon\n|rule|OHKO Clause: OHKO moves are banned\n|rule|Moody Clause: Moody is banned\n|rule|Evasion Moves Clause: Evasion moves are banned\n|rule|Endless Battle Clause: Forcing endless battles is banned\n|rule|HP Percentage Mod: HP is shown in percentages\n|clearpoke\n|poke|p1|Shuckle, M|item\n|poke|p1|Celesteela|item\n|poke|p1|Mamoswine, M|item\n|poke|p1|Blacephalon|item\n|poke|p1|Manectric, M|item\n|poke|p1|Togekiss, M|item\n|poke|p2|Charizard, M|item\n|poke|p2|Landorus-Therian, M|item\n|poke|p2|Gengar, M|item\n|poke|p2|Tapu Koko|item\n|poke|p2|Tangrowth, F|item\n|poke|p2|Excadrill, M|item\n|teampreview\n|j|horadobos\n|choice|team 4, team 2, team 3, team 1, team 5, team 6|team 3, team 2, team 1, team 4, team 5, team 6\n|\n|start\n|switch|p1a: Aku|Blacephalon|247\/247\n|switch|p2a: Gengar|Gengar, M|262\/262\n|turn|1\n|choice|switch 4|move shadowball\n|\n|switch|p1a: Dwayne Johnson|Shuckle, M|241\/241\n|move|p2a: Gengar|Shadow Ball|p1a: Dwayne Johnson\n|-damage|p1a: Dwayne Johnson|180\/241\n|\n|upkeep\n|turn|2\n|choice|move stickyweb|move taunt\n|\n|move|p2a: Gengar|Taunt|p1a: Dwayne Johnson\n|-start|p1a: Dwayne Johnson|move: Taunt\n|cant|p1a: Dwayne Johnson|move: Taunt|Sticky Web\n|\n|upkeep\n|turn|3\n|choice|switch 2|move shadowball\n|\n|switch|p1a: Francis|Celesteela|335\/335\n|move|p2a: Gengar|Shadow Ball|p1a: Francis\n|-damage|p1a: Francis|193\/335\n|\n|upkeep\n|turn|4\n|choice|move heavyslam|move shadowball zmove\n|\n|-zpower|p2a: Gengar\n|move|p2a: Gengar|Never-Ending Nightmare|p1a: Francis|[zeffect]\n|-damage|p1a: Francis|0 fnt\n|faint|p1a: Francis\n|\n|upkeep\n|l|horadobos\n|choice|switch 5|\n|\n|switch|p1a: Storm Chaser|Manectric, M|281\/281\n|turn|5\n|choice|move flamethrower mega|switch 6\n|\n|switch|p2a: Excadrill|Excadrill, M|362\/362\n|-ability|p2a: Excadrill|Mold Breaker\n|detailschange|p1a: Storm Chaser|Manectric-Mega, M\n|-mega|p1a: Storm Chaser|Manectric|Manectite\n|-ability|p1a: Storm Chaser|Intimidate|boost\n|-unboost|p2a: Excadrill|atk|1\n|move|p1a: Storm Chaser|Flamethrower|p2a: Excadrill\n|-supereffective|p2a: Excadrill\n|-damage|p2a: Excadrill|40\/362\n|\n|upkeep\n|turn|6\n|choice|move flamethrower|move earthquake\n|\n|move|p2a: Excadrill|Earthquake|p1a: Storm Chaser\n|-supereffective|p1a: Storm Chaser\n|-damage|p1a: Storm Chaser|0 fnt\n|faint|p1a: Storm Chaser\n|\n|upkeep\n|choice|switch 2|\n|\n|switch|p1a: Dwayne Johnson|Shuckle, M|180\/241\n|turn|7\n|choice|move stickyweb|switch 2\n|\n|switch|p2a: Landorus|Landorus-Therian, M|382\/382\n|-ability|p2a: Landorus|Intimidate|boost\n|-unboost|p1a: Dwayne Johnson|atk|1\n|move|p1a: Dwayne Johnson|Sticky Web|p2a: Landorus\n|-sidestart|p2: BigL91|move: Sticky Web\n|\n|upkeep\n|turn|8\n|choice|move encore|move stealthrock\n|\n|move|p2a: Landorus|Stealth Rock|p1a: Dwayne Johnson\n|-sidestart|p1: DeciduousPony2110|move: Stealth Rock\n|move|p1a: Dwayne Johnson|Encore|p2a: Landorus\n|-start|p2a: Landorus|Encore\n|\n|upkeep\n|turn|9\n|choice|switch 4|switch 2\n|\n|switch|p2a: Excadrill|Excadrill, M|40\/362\n|-activate|p2a: Excadrill|move: Sticky Web\n|-unboost|p2a: Excadrill|spe|1\n|-ability|p2a: Excadrill|Mold Breaker\n|switch|p1a: Aku|Blacephalon|247\/247\n|-damage|p1a: Aku|186\/247|[from] Stealth Rock\n|\n|upkeep\n|turn|10\n|choice|move shadowball|move rapidspin\n|\n|move|p1a: Aku|Shadow Ball|p2a: Excadrill\n|-damage|p2a: Excadrill|0 fnt\n|faint|p2a: Excadrill\n|-ability|p1a: Aku|Beast Boost|boost\n|-boost|p1a: Aku|spa|1\n|\n|upkeep\n|choice||switch 4\n|\n|switch|p2a: Tapu Koko|Tapu Koko|281\/281\n|-activate|p2a: Tapu Koko|move: Sticky Web\n|-unboost|p2a: Tapu Koko|spe|1\n|-fieldstart|move: Electric Terrain|[from] ability: Electric Surge|[of] p2a: Tapu Koko\n|turn|11\n|choice|switch 3|move voltswitch\n|\n|switch|p1a: THICC Intensifies|Mamoswine, M|361\/361\n|-damage|p1a: THICC Intensifies|316\/361|[from] Stealth Rock\n|move|p2a: Tapu Koko|Volt Switch|p1a: THICC Intensifies\n|-immune|p1a: THICC Intensifies|[msg]\n|\n|upkeep\n|turn|12\n|choice|move iciclecrash|switch 2\n|\n|switch|p2a: Landorus|Landorus-Therian, M|382\/382\n|-ability|p2a: Landorus|Intimidate|boost\n|-unboost|p1a: THICC Intensifies|atk|1\n|move|p1a: THICC Intensifies|Icicle Crash|p2a: Landorus\n|-supereffective|p2a: Landorus\n|-damage|p2a: Landorus|0 fnt\n|-damage|p1a: THICC Intensifies|280\/361|[from] item: Life Orb\n|faint|p2a: Landorus\n|\n|upkeep\n|choice||switch 3\n|\n|switch|p2a: Charizard|Charizard, M, shiny|298\/298\n|turn|13\n|choice|switch 4|move flareblitz mega\n|\n|switch|p1a: Dwayne Johnson|Shuckle, M|180\/241\n|-damage|p1a: Dwayne Johnson|120\/241|[from] Stealth Rock\n|-enditem|p1a: Dwayne Johnson|Figy Berry|[eat]\n|-heal|p1a: Dwayne Johnson|240\/241|[from] item: Figy Berry\n|detailschange|p2a: Charizard|Charizard-Mega-X, M, shiny\n|-mega|p2a: Charizard|Charizard|Charizardite X\n|move|p2a: Charizard|Flare Blitz|p1a: Dwayne Johnson\n|-damage|p1a: Dwayne Johnson|107\/241\n|-damage|p2a: Charizard|254\/298|[from] Recoil|[of] p1a: Dwayne Johnson\n|\n|upkeep\n|turn|14\n|choice|move encore|move flareblitz\n|\n|move|p2a: Charizard|Flare Blitz|p1a: Dwayne Johnson\n|-damage|p1a: Dwayne Johnson|0 fnt\n|-damage|p2a: Charizard|219\/298|[from] Recoil|[of] p1a: Dwayne Johnson\n|faint|p1a: Dwayne Johnson\n|\n|upkeep\n|choice|switch 3|\n|\n|switch|p1a: Aku|Blacephalon|186\/247\n|-damage|p1a: Aku|125\/247|[from] Stealth Rock\n|turn|15\n|choice|move shadowball zmove|move earthquake\n|\n|-zpower|p1a: Aku\n|move|p1a: Aku|Never-Ending Nightmare|p2a: Charizard|[zeffect]\n|-damage|p2a: Charizard|0 fnt\n|faint|p2a: Charizard\n|-ability|p1a: Aku|Beast Boost|boost\n|-boost|p1a: Aku|spa|1\n|\n|-fieldend|move: Electric Terrain\n|upkeep\n|choice||switch 2\n|\n|switch|p2a: Tapu Koko|Tapu Koko|281\/281\n|-activate|p2a: Tapu Koko|move: Sticky Web\n|-unboost|p2a: Tapu Koko|spe|1\n|-fieldstart|move: Electric Terrain|[from] ability: Electric Surge|[of] p2a: Tapu Koko\n|turn|16\n|choice|move flamethrower|move dazzlinggleam\n|\n|move|p1a: Aku|Flamethrower|p2a: Tapu Koko\n|-damage|p2a: Tapu Koko|0 fnt\n|faint|p2a: Tapu Koko\n|-ability|p1a: Aku|Beast Boost|boost\n|-boost|p1a: Aku|spa|1\n|\n|upkeep\n|choice||switch 6\n|\n|switch|p2a: Gengar|Gengar, M|262\/262\n|-activate|p2a: Gengar|move: Sticky Web\n|-unboost|p2a: Gengar|spe|1\n|turn|17\n|choice|move shadowball|move shadowball\n|\n|move|p1a: Aku|Shadow Ball|p2a: Gengar\n|-supereffective|p2a: Gengar\n|-damage|p2a: Gengar|0 fnt\n|faint|p2a: Gengar\n|-ability|p1a: Aku|Beast Boost|boost\n|-boost|p1a: Aku|spa|1\n|\n|upkeep\n|choice||switch 5\n|\n|switch|p2a: Tangrowth|Tangrowth, F, shiny|404\/404\n|-activate|p2a: Tangrowth|move: Sticky Web\n|-unboost|p2a: Tangrowth|spe|1\n|turn|18\n|c|\u2606DeciduousPony2110|gg\n|choice|move flamethrower|move knockoff\n|\n|move|p1a: Aku|Flamethrower|p2a: Tangrowth\n|-supereffective|p2a: Tangrowth\n|-damage|p2a: Tangrowth|0 fnt\n|faint|p2a: Tangrowth\n|\n|win|DeciduousPony2110\n|raw|DeciduousPony2110's rating: 1577 &rarr; <strong>1595<\/strong><br \/>(+18 for winning)\n|raw|BigL91's rating: 1537 &rarr; <strong>1520<\/strong><br \/>(-17 for losing)\n|l|BigL91","inputlog":null,"uploadtime":1510975671,"views":7,"p1id":"deciduouspony2110","p2id":"bigl91","formatid":"gen7ou","rating":1520,"private":0,"password":null}