{"id":"gen7ou-920094764","p1":"not fun tbh","p2":"JoeyOwesMeMoney","format":"gen7ou","log":"|j|\u2606not fun tbh\n|j|\u2606JoeyOwesMeMoney\n|player|p1|not fun tbh|266\n|player|p2|JoeyOwesMeMoney|170\n|teamsize|p1|6\n|teamsize|p2|6\n|gametype|singles\n|gen|7\n|tier|[Gen 7] OU\n|rated|\n|rule|Sleep Clause Mod: Limit one foe put to sleep\n|rule|Species Clause: Limit one of each Pok\u00e9mon\n|rule|OHKO Clause: OHKO moves are banned\n|rule|Moody Clause: Moody is banned\n|rule|Evasion Moves Clause: Evasion moves are banned\n|rule|Endless Battle Clause: Forcing endless battles is banned\n|rule|HP Percentage Mod: HP is shown in percentages\n|clearpoke\n|poke|p1|Medicham, F|item\n|poke|p1|Tapu Koko|item\n|poke|p1|Magearna|item\n|poke|p1|Landorus-Therian, M|item\n|poke|p1|Greninja, M|item\n|poke|p1|Tangrowth, M|item\n|poke|p2|Skarmory, F|item\n|poke|p2|Chansey, F|item\n|poke|p2|Magnezone|item\n|poke|p2|Toxapex, M|item\n|poke|p2|Clefable, M|item\n|poke|p2|Sableye, F|item\n|teampreview\n|j| kwarma\n|\n|start\n|switch|p1a: Tapu Koko|Tapu Koko|281\/281\n|switch|p2a: Sableye|Sableye, F|303\/303\n|-fieldstart|move: Electric Terrain|[from] ability: Electric Surge|[of] p1a: Tapu Koko\n|turn|1\n|\n|detailschange|p2a: Sableye|Sableye-Mega, F\n|-mega|p2a: Sableye|Sableye|Sablenite\n|move|p2a: Sableye|Protect|p2a: Sableye\n|-singleturn|p2a: Sableye|Protect\n|move|p1a: Tapu Koko|Thunderbolt|p2a: Sableye\n|-activate|p2a: Sableye|move: Protect\n|\n|upkeep\n|turn|2\n|inactive|Battle timer is ON: inactive players will automatically lose when time's up. (requested by not fun tbh)\n|\n|move|p1a: Tapu Koko|Thunderbolt|p2a: Sableye\n|-damage|p2a: Sableye|143\/303\n|move|p2a: Sableye|Recover|p2a: Sableye\n|-heal|p2a: Sableye|295\/303\n|\n|upkeep\n|turn|3\n|j| SWliuhua\n|\n|move|p2a: Sableye|Protect|p2a: Sableye\n|-singleturn|p2a: Sableye|Protect\n|move|p1a: Tapu Koko|Thunderbolt|p2a: Sableye\n|-activate|p2a: Sableye|move: Protect\n|\n|upkeep\n|turn|4\n|\n|move|p1a: Tapu Koko|Thunderbolt|p2a: Sableye\n|-damage|p2a: Sableye|151\/303\n|move|p2a: Sableye|Recover|p2a: Sableye\n|-heal|p2a: Sableye|303\/303\n|\n|upkeep\n|turn|5\n|\n|move|p2a: Sableye|Protect|p2a: Sableye\n|-singleturn|p2a: Sableye|Protect\n|move|p1a: Tapu Koko|Thunderbolt|p2a: Sableye\n|-activate|p2a: Sableye|move: Protect\n|\n|-fieldend|move: Electric Terrain\n|upkeep\n|turn|6\n|\n|move|p1a: Tapu Koko|U-turn|p2a: Sableye\n|-crit|p2a: Sableye\n|-damage|p2a: Sableye|234\/303\n|\n|switch|p1a: Tangrowth|Tangrowth, M|403\/403\n|move|p2a: Sableye|Will-O-Wisp|p1a: Tangrowth\n|-status|p1a: Tangrowth|brn\n|\n|-damage|p1a: Tangrowth|378\/403 brn|[from] brn\n|upkeep\n|turn|7\n|\n|move|p1a: Tangrowth|Knock Off|p2a: Sableye\n|-damage|p2a: Sableye|215\/303\n|move|p2a: Sableye|Knock Off|p1a: Tangrowth\n|-damage|p1a: Tangrowth|297\/403 brn\n|-enditem|p1a: Tangrowth|Assault Vest|[from] move: Knock Off|[of] p2a: Sableye\n|\n|-damage|p1a: Tangrowth|272\/403 brn|[from] brn\n|upkeep\n|turn|8\n|\n|move|p1a: Tangrowth|Giga Drain|p2a: Sableye\n|-damage|p2a: Sableye|149\/303\n|-heal|p1a: Tangrowth|305\/403 brn|[from] drain|[of] p2a: Sableye\n|move|p2a: Sableye|Recover|p2a: Sableye\n|-heal|p2a: Sableye|301\/303\n|\n|-damage|p1a: Tangrowth|280\/403 brn|[from] brn\n|upkeep\n|turn|9\n|\n|move|p2a: Sableye|Protect|p2a: Sableye\n|-singleturn|p2a: Sableye|Protect\n|move|p1a: Tangrowth|Knock Off|p2a: Sableye\n|-activate|p2a: Sableye|move: Protect\n|\n|-damage|p1a: Tangrowth|255\/403 brn|[from] brn\n|upkeep\n|turn|10\n|\n|move|p1a: Tangrowth|Giga Drain|p2a: Sableye\n|-damage|p2a: Sableye|241\/303\n|-heal|p1a: Tangrowth|285\/403 brn|[from] drain|[of] p2a: Sableye\n|move|p2a: Sableye|Knock Off|p1a: Tangrowth\n|-damage|p1a: Tangrowth|228\/403 brn\n|\n|-damage|p1a: Tangrowth|203\/403 brn|[from] brn\n|upkeep\n|turn|11\n|\n|move|p1a: Tangrowth|Giga Drain|p2a: Sableye\n|-damage|p2a: Sableye|174\/303\n|-heal|p1a: Tangrowth|237\/403 brn|[from] drain|[of] p2a: Sableye\n|move|p2a: Sableye|Knock Off|p1a: Tangrowth\n|-damage|p1a: Tangrowth|177\/403 brn\n|\n|-damage|p1a: Tangrowth|152\/403 brn|[from] brn\n|upkeep\n|turn|12\n|\n|move|p1a: Tangrowth|Giga Drain|p2a: Sableye\n|-damage|p2a: Sableye|105\/303\n|-heal|p1a: Tangrowth|187\/403 brn|[from] drain|[of] p2a: Sableye\n|move|p2a: Sableye|Recover|p2a: Sableye\n|-heal|p2a: Sableye|257\/303\n|\n|-damage|p1a: Tangrowth|162\/403 brn|[from] brn\n|upkeep\n|turn|13\n|\n|move|p1a: Tangrowth|Giga Drain|p2a: Sableye\n|-damage|p2a: Sableye|197\/303\n|-heal|p1a: Tangrowth|192\/403 brn|[from] drain|[of] p2a: Sableye\n|move|p2a: Sableye|Knock Off|p1a: Tangrowth\n|-damage|p1a: Tangrowth|131\/403 brn\n|\n|-damage|p1a: Tangrowth|106\/403 brn|[from] brn\n|upkeep\n|turn|14\n|\n|switch|p1a: Tapu Koko|Tapu Koko|281\/281\n|-fieldstart|move: Electric Terrain|[from] ability: Electric Surge|[of] p1a: Tapu Koko\n|move|p2a: Sableye|Recover|p2a: Sableye\n|-heal|p2a: Sableye|303\/303\n|\n|upkeep\n|turn|15\n|\n|move|p2a: Sableye|Protect|p2a: Sableye\n|-singleturn|p2a: Sableye|Protect\n|move|p1a: Tapu Koko|Thunderbolt|p2a: Sableye\n|-activate|p2a: Sableye|move: Protect\n|\n|upkeep\n|turn|16\n|\n|switch|p2a: Chansey|Chansey, F|703\/703\n|move|p1a: Tapu Koko|Thunderbolt|p2a: Chansey\n|-damage|p2a: Chansey|547\/703\n|\n|upkeep\n|turn|17\n|\n|move|p1a: Tapu Koko|Taunt|p2a: Chansey\n|-start|p2a: Chansey|move: Taunt\n|cant|p2a: Chansey|move: Taunt|Stealth Rock\n|\n|upkeep\n|turn|18\n|\n|switch|p2a: Skarmory|Skarmory, F|333\/333\n|move|p1a: Tapu Koko|U-turn|p2a: Skarmory\n|-resisted|p2a: Skarmory\n|-damage|p2a: Skarmory|325\/333\n|-damage|p1a: Tapu Koko|235\/281|[from] item: Rocky Helmet|[of] p2a: Skarmory\n|\n|switch|p1a: Magearna|Magearna|301\/301\n|\n|-fieldend|move: Electric Terrain\n|upkeep\n|turn|19\n|\n|switch|p2a: Clefable|Clefable, M|393\/393\n|move|p1a: Magearna|Thunderbolt|p2a: Clefable\n|-damage|p2a: Clefable|274\/393\n|\n|-heal|p2a: Clefable|298\/393|[from] item: Leftovers\n|upkeep\n|turn|20\n|\n|switch|p1a: Landorus|Landorus-Therian, M|382\/382\n|-ability|p1a: Landorus|Intimidate|boost\n|-unboost|p2a: Clefable|atk|1\n|switch|p2a: Skarmory|Skarmory, F|325\/333\n|\n|upkeep\n|turn|21\n|\n|move|p1a: Landorus|Earthquake|p2a: Skarmory\n|-immune|p2a: Skarmory\n|move|p2a: Skarmory|Spikes|p1a: Landorus\n|-sidestart|p1: not fun tbh|Spikes\n|\n|upkeep\n|turn|22\n|\n|move|p1a: Landorus|Earthquake|p2a: Skarmory\n|-immune|p2a: Skarmory\n|move|p2a: Skarmory|Spikes|p1a: Landorus\n|-sidestart|p1: not fun tbh|Spikes\n|\n|upkeep\n|turn|23\n|\n|move|p1a: Landorus|Defog|p2a: Skarmory\n|-unboost|p2a: Skarmory|evasion|1\n|-sideend|p1: not fun tbh|Spikes|[from] move: Defog|[of] p1a: Landorus\n|move|p2a: Skarmory|Spikes|p1a: Landorus\n|-sidestart|p1: not fun tbh|Spikes\n|\n|upkeep\n|turn|24\n|\n|move|p1a: Landorus|Stealth Rock|p2a: Skarmory\n|-sidestart|p2: JoeyOwesMeMoney|move: Stealth Rock\n|move|p2a: Skarmory|Spikes|p1a: Landorus\n|-sidestart|p1: not fun tbh|Spikes\n|\n|upkeep\n|turn|25\n|\n|switch|p1a: Tapu Koko|Tapu Koko|235\/281\n|-damage|p1a: Tapu Koko|189\/281|[from] Spikes\n|-fieldstart|move: Electric Terrain|[from] ability: Electric Surge|[of] p1a: Tapu Koko\n|move|p2a: Skarmory|Spikes|p1a: Tapu Koko\n|-sidestart|p1: not fun tbh|Spikes\n|\n|upkeep\n|turn|26\n|\n|switch|p2a: Chansey|Chansey, F|547\/703\n|-damage|p2a: Chansey|460\/703|[from] Stealth Rock\n|move|p1a: Tapu Koko|Thunderbolt|p2a: Chansey\n|-damage|p2a: Chansey|300\/703\n|\n|upkeep\n|turn|27\n|\n|move|p1a: Tapu Koko|Taunt|p2a: Chansey\n|-start|p2a: Chansey|move: Taunt\n|cant|p2a: Chansey|move: Taunt|Soft-Boiled\n|\n|upkeep\n|turn|28\n|\n|move|p1a: Tapu Koko|U-turn|p2a: Chansey\n|-damage|p2a: Chansey|231\/703\n|\n|switch|p1a: Landorus|Landorus-Therian, M|382\/382\n|-ability|p1a: Landorus|Intimidate|boost\n|-unboost|p2a: Chansey|atk|1\n|move|p2a: Chansey|Seismic Toss|p1a: Landorus\n|-damage|p1a: Landorus|282\/382\n|-damage|p2a: Chansey|114\/703|[from] item: Rocky Helmet|[of] p1a: Landorus\n|\n|upkeep\n|turn|29\n|\n|switch|p2a: Skarmory|Skarmory, F|325\/333\n|-damage|p2a: Skarmory|284\/333|[from] Stealth Rock\n|move|p1a: Landorus|Defog|p2a: Skarmory\n|-unboost|p2a: Skarmory|evasion|1\n|-sideend|p2: JoeyOwesMeMoney|Stealth Rock|[from] move: Defog|[of] p1a: Landorus\n|-sideend|p1: not fun tbh|Spikes|[from] move: Defog|[of] p1a: Landorus\n|\n|-fieldend|move: Electric Terrain\n|upkeep\n|turn|30\n|\n|switch|p2a: Sableye|Sableye-Mega, F|303\/303\n|move|p1a: Landorus|Stone Edge|p2a: Sableye\n|-damage|p2a: Sableye|216\/303\n|\n|upkeep\n|turn|31\n|\n|move|p1a: Landorus|Earthquake|p2a: Sableye\n|-damage|p2a: Sableye|84\/303\n|move|p2a: Sableye|Will-O-Wisp|p1a: Landorus\n|-status|p1a: Landorus|brn\n|\n|-damage|p1a: Landorus|259\/382 brn|[from] brn\n|upkeep\n|turn|32\n|\n|switch|p1a: Tapu Koko|Tapu Koko|189\/281\n|-fieldstart|move: Electric Terrain|[from] ability: Electric Surge|[of] p1a: Tapu Koko\n|move|p2a: Sableye|Recover|p2a: Sableye\n|-heal|p2a: Sableye|236\/303\n|\n|upkeep\n|turn|33\n|\n|move|p2a: Sableye|Protect|p2a: Sableye\n|-singleturn|p2a: Sableye|Protect\n|move|p1a: Tapu Koko|Thunderbolt|p2a: Sableye\n|-activate|p2a: Sableye|move: Protect\n|\n|upkeep\n|turn|34\n|\n|move|p1a: Tapu Koko|Thunderbolt|p2a: Sableye\n|-damage|p2a: Sableye|92\/303\n|move|p2a: Sableye|Recover|p2a: Sableye\n|-heal|p2a: Sableye|244\/303\n|\n|upkeep\n|turn|35\n|\n|move|p2a: Sableye|Protect|p2a: Sableye\n|-singleturn|p2a: Sableye|Protect\n|move|p1a: Tapu Koko|Thunderbolt|p2a: Sableye\n|-activate|p2a: Sableye|move: Protect\n|\n|upkeep\n|turn|36\n|\n|move|p1a: Tapu Koko|Thunderbolt|p2a: Sableye\n|-damage|p2a: Sableye|84\/303\n|move|p2a: Sableye|Recover|p2a: Sableye\n|-heal|p2a: Sableye|236\/303\n|\n|-fieldend|move: Electric Terrain\n|upkeep\n|turn|37\n|\n|move|p1a: Tapu Koko|U-turn|p2a: Sableye\n|-damage|p2a: Sableye|187\/303\n|\n|switch|p1a: Tangrowth|Tangrowth, M|240\/403 brn\n|move|p2a: Sableye|Recover|p2a: Sableye\n|-heal|p2a: Sableye|303\/303\n|\n|-damage|p1a: Tangrowth|215\/403 brn|[from] brn\n|upkeep\n|turn|38\n|l| SWliuhua\n|\n|switch|p1a: Magearna|Magearna|301\/301\n|switch|p2a: Toxapex|Toxapex, M|303\/303\n|\n|upkeep\n|turn|39\n|\n|move|p1a: Magearna|Thunderbolt|p2a: Toxapex\n|-supereffective|p2a: Toxapex\n|-damage|p2a: Toxapex|141\/303\n|move|p2a: Toxapex|Scald|p1a: Magearna\n|-damage|p1a: Magearna|252\/301\n|\n|-heal|p2a: Toxapex|159\/303|[from] item: Black Sludge\n|upkeep\n|turn|40\n|\n|switch|p2a: Magnezone|Magnezone|281\/281\n|move|p1a: Magearna|Thunderbolt|p2a: Magnezone\n|-resisted|p2a: Magnezone\n|-damage|p2a: Magnezone|221\/281\n|\n|upkeep\n|turn|41\n|\n|move|p2a: Magnezone|Thunderbolt|p1a: Magearna\n|-damage|p1a: Magearna|107\/301\n|move|p1a: Magearna|Focus Blast|p2a: Magnezone\n|-supereffective|p2a: Magnezone\n|-damage|p2a: Magnezone|0 fnt\n|faint|p2a: Magnezone\n|-ability|p1a: Magearna|Soul-Heart|boost\n|-boost|p1a: Magearna|spa|1\n|\n|upkeep\n|\n|switch|p2a: Clefable|Clefable, M|298\/393\n|turn|42\n|\n|move|p2a: Clefable|Protect|p2a: Clefable\n|-singleturn|p2a: Clefable|Protect\n|move|p1a: Magearna|Ice Beam|p2a: Clefable\n|-activate|p2a: Clefable|move: Protect\n|\n|-heal|p2a: Clefable|322\/393|[from] item: Leftovers\n|upkeep\n|turn|43\n|\n|move|p1a: Magearna|Ice Beam|p2a: Clefable\n|-damage|p2a: Clefable|198\/393\n|move|p2a: Clefable|Wish|p2a: Clefable\n|\n|-heal|p2a: Clefable|222\/393|[from] item: Leftovers\n|upkeep\n|turn|44\n|\n|move|p2a: Clefable|Protect|p2a: Clefable\n|-singleturn|p2a: Clefable|Protect\n|move|p1a: Magearna|Ice Beam|p2a: Clefable\n|-activate|p2a: Clefable|move: Protect\n|\n|-heal|p2a: Clefable|393\/393|[from] move: Wish|[wisher] Clefable\n|upkeep\n|turn|45\n|\n|switch|p1a: Tangrowth|Tangrowth, M|349\/403 brn\n|move|p2a: Clefable|Wish|p2a: Clefable\n|\n|-damage|p1a: Tangrowth|324\/403 brn|[from] brn\n|upkeep\n|turn|46\n|\n|switch|p2a: Toxapex|Toxapex, M|260\/303\n|move|p1a: Tangrowth|Knock Off|p2a: Toxapex\n|-damage|p2a: Toxapex|238\/303\n|-enditem|p2a: Toxapex|Black Sludge|[from] move: Knock Off|[of] p1a: Tangrowth\n|\n|-heal|p2a: Toxapex|303\/303|[from] move: Wish|[wisher] Clefable\n|-damage|p1a: Tangrowth|299\/403 brn|[from] brn\n|upkeep\n|turn|47\n|j| Sensei Axew\n|\n|move|p1a: Tangrowth|Earthquake|p2a: Toxapex\n|-supereffective|p2a: Toxapex\n|-damage|p2a: Toxapex|261\/303\n|move|p2a: Toxapex|Toxic Spikes|p1a: Tangrowth\n|-sidestart|p1: not fun tbh|move: Toxic Spikes\n|\n|-damage|p1a: Tangrowth|274\/403 brn|[from] brn\n|upkeep\n|turn|48\n|\n|move|p1a: Tangrowth|Giga Drain|p2a: Toxapex\n|-damage|p2a: Toxapex|189\/303\n|-heal|p1a: Tangrowth|310\/403 brn|[from] drain|[of] p2a: Toxapex\n|move|p2a: Toxapex|Scald|p1a: Tangrowth\n|-resisted|p1a: Tangrowth\n|-damage|p1a: Tangrowth|282\/403 brn\n|\n|-damage|p1a: Tangrowth|257\/403 brn|[from] brn\n|upkeep\n|turn|49\n|l| Sensei Axew\n|\n|switch|p1a: Magearna|Magearna|107\/301\n|move|p2a: Toxapex|Recover|p2a: Toxapex\n|-heal|p2a: Toxapex|303\/303\n|\n|upkeep\n|turn|50\n|\n|switch|p1a: Landorus|Landorus-Therian, M|259\/382 brn\n|-ability|p1a: Landorus|Intimidate|boost\n|-unboost|p2a: Toxapex|atk|1\n|move|p2a: Toxapex|Scald|p1a: Landorus\n|-supereffective|p1a: Landorus\n|-damage|p1a: Landorus|121\/382 brn\n|\n|-damage|p1a: Landorus|98\/382 brn|[from] brn\n|upkeep\n|turn|51\n|\n|move|p1a: Landorus|Defog|p2a: Toxapex\n|-unboost|p2a: Toxapex|evasion|1\n|-sideend|p1: not fun tbh|Toxic Spikes|[from] move: Defog|[of] p1a: Landorus\n|move|p2a: Toxapex|Toxic Spikes|p1a: Landorus\n|-sidestart|p1: not fun tbh|move: Toxic Spikes\n|\n|-damage|p1a: Landorus|75\/382 brn|[from] brn\n|upkeep\n|turn|52\n|\n|switch|p1a: Magearna|Magearna|107\/301\n|move|p2a: Toxapex|Toxic Spikes|p1a: Magearna\n|-sidestart|p1: not fun tbh|move: Toxic Spikes\n|\n|upkeep\n|turn|53\n|\n|-zpower|p1a: Magearna\n|move|p1a: Magearna|Gigavolt Havoc|p2a: Toxapex|[zeffect]\n|-supereffective|p2a: Toxapex\n|-damage|p2a: Toxapex|0 fnt\n|faint|p2a: Toxapex\n|-ability|p1a: Magearna|Soul-Heart|boost\n|-boost|p1a: Magearna|spa|1\n|\n|upkeep\n|\n|switch|p2a: Clefable|Clefable, M|393\/393\n|turn|54\n|\n|move|p1a: Magearna|Ice Beam|p2a: Clefable\n|-damage|p2a: Clefable|278\/393\n|move|p2a: Clefable|Moonblast|p1a: Magearna\n|-resisted|p1a: Magearna\n|-damage|p1a: Magearna|58\/301\n|-unboost|p1a: Magearna|spa|1\n|\n|-heal|p2a: Clefable|302\/393|[from] item: Leftovers\n|upkeep\n|turn|55\n|\n|move|p1a: Magearna|Thunderbolt|p2a: Clefable\n|-damage|p2a: Clefable|194\/393\n|move|p2a: Clefable|Wish|p2a: Clefable\n|\n|-heal|p2a: Clefable|218\/393|[from] item: Leftovers\n|upkeep\n|turn|56\n|\n|move|p1a: Magearna|Thunderbolt|p2a: Clefable\n|-damage|p2a: Clefable|105\/393\n|move|p2a: Clefable|Moonblast|p1a: Magearna\n|-resisted|p1a: Magearna\n|-damage|p1a: Magearna|15\/301\n|\n|-heal|p2a: Clefable|301\/393|[from] move: Wish|[wisher] Clefable\n|-heal|p2a: Clefable|325\/393|[from] item: Leftovers\n|upkeep\n|turn|57\n|\n|move|p1a: Magearna|Ice Beam|p2a: Clefable\n|-damage|p2a: Clefable|203\/393\n|move|p2a: Clefable|Wish|p2a: Clefable\n|\n|-heal|p2a: Clefable|227\/393|[from] item: Leftovers\n|upkeep\n|turn|58\n|\n|move|p2a: Clefable|Protect|p2a: Clefable\n|-singleturn|p2a: Clefable|Protect\n|move|p1a: Magearna|Ice Beam|p2a: Clefable\n|-activate|p2a: Clefable|move: Protect\n|\n|-heal|p2a: Clefable|393\/393|[from] move: Wish|[wisher] Clefable\n|upkeep\n|turn|59\n|\n|move|p1a: Magearna|Ice Beam|p2a: Clefable\n|-damage|p2a: Clefable|274\/393\n|move|p2a: Clefable|Wish|p2a: Clefable\n|\n|-heal|p2a: Clefable|298\/393|[from] item: Leftovers\n|upkeep\n|turn|60\n|\n|move|p1a: Magearna|Ice Beam|p2a: Clefable\n|-damage|p2a: Clefable|180\/393\n|move|p2a: Clefable|Moonblast|p1a: Magearna\n|-resisted|p1a: Magearna\n|-damage|p1a: Magearna|0 fnt\n|faint|p1a: Magearna\n|\n|-heal|p2a: Clefable|376\/393|[from] move: Wish|[wisher] Clefable\n|-heal|p2a: Clefable|393\/393|[from] item: Leftovers\n|upkeep\n|\n|switch|p1a: Landorus|Landorus-Therian, M|75\/382 brn\n|-ability|p1a: Landorus|Intimidate|boost\n|-unboost|p2a: Clefable|atk|1\n|turn|61\n|inactive|JoeyOwesMeMoney has 120 seconds left.\n|\n|move|p2a: Clefable|Protect|p2a: Clefable\n|-singleturn|p2a: Clefable|Protect\n|move|p1a: Landorus|Defog|p2a: Clefable\n|-activate|p2a: Clefable|move: Protect\n|\n|-damage|p1a: Landorus|52\/382 brn|[from] brn\n|upkeep\n|turn|62\n|\n|move|p1a: Landorus|Defog|p2a: Clefable\n|-unboost|p2a: Clefable|evasion|1\n|-sideend|p1: not fun tbh|Toxic Spikes|[from] move: Defog|[of] p1a: Landorus\n|move|p2a: Clefable|Moonblast|p1a: Landorus\n|-damage|p1a: Landorus|0 fnt\n|faint|p1a: Landorus\n|\n|upkeep\n|\n|switch|p1a: Tapu Koko|Tapu Koko|189\/281\n|-fieldstart|move: Electric Terrain|[from] ability: Electric Surge|[of] p1a: Tapu Koko\n|turn|63\n|\n|move|p2a: Clefable|Protect|p2a: Clefable\n|-singleturn|p2a: Clefable|Protect\n|move|p1a: Tapu Koko|Thunderbolt|p2a: Clefable\n|-activate|p2a: Clefable|move: Protect\n|\n|upkeep\n|turn|64\n|\n|move|p1a: Tapu Koko|Thunderbolt|p2a: Clefable\n|-damage|p2a: Clefable|146\/393\n|move|p2a: Clefable|Wish|p2a: Clefable\n|\n|-heal|p2a: Clefable|170\/393|[from] item: Leftovers\n|upkeep\n|turn|65\n|\n|move|p2a: Clefable|Protect|p2a: Clefable\n|-singleturn|p2a: Clefable|Protect\n|move|p1a: Tapu Koko|Thunderbolt|p2a: Clefable\n|-activate|p2a: Clefable|move: Protect\n|\n|-heal|p2a: Clefable|366\/393|[from] move: Wish|[wisher] Clefable\n|-heal|p2a: Clefable|390\/393|[from] item: Leftovers\n|upkeep\n|turn|66\n|\n|move|p1a: Tapu Koko|Taunt|p2a: Clefable\n|-start|p2a: Clefable|move: Taunt\n|cant|p2a: Clefable|move: Taunt|Wish\n|\n|-heal|p2a: Clefable|393\/393|[from] item: Leftovers\n|upkeep\n|turn|67\n|j| oijgy\n|\n|switch|p2a: Sableye|Sableye-Mega, F|303\/303\n|move|p1a: Tapu Koko|Thunderbolt|p2a: Sableye\n|-damage|p2a: Sableye|162\/303\n|\n|-fieldend|move: Electric Terrain\n|upkeep\n|turn|68\n|\n|move|p1a: Tapu Koko|U-turn|p2a: Sableye\n|-damage|p2a: Sableye|117\/303\n|\n|switch|p1a: Greninja|Greninja, M|285\/285\n|move|p2a: Sableye|Recover|p2a: Sableye\n|-heal|p2a: Sableye|269\/303\n|\n|upkeep\n|turn|69\n|\n|move|p2a: Sableye|Protect|p2a: Sableye\n|-singleturn|p2a: Sableye|Protect\n|move|p1a: Greninja|Hydro Pump|p2a: Sableye\n|-start|p1a: Greninja|typechange|Water|[from] ability: Protean\n|-activate|p2a: Sableye|move: Protect\n|\n|upkeep\n|turn|70\n|inactive|JoeyOwesMeMoney has 120 seconds left.\n|\n|move|p1a: Greninja|Hydro Pump|p2a: Sableye\n|-damage|p2a: Sableye|117\/303\n|-damage|p1a: Greninja|257\/285|[from] item: Life Orb\n|move|p2a: Sableye|Knock Off|p1a: Greninja\n|-damage|p1a: Greninja|107\/285\n|-enditem|p1a: Greninja|Life Orb|[from] move: Knock Off|[of] p2a: Sableye\n|\n|upkeep\n|turn|71\n|inactive|JoeyOwesMeMoney has 90 seconds left.\n|\n|move|p1a: Greninja|Hydro Pump|p2a: Sableye\n|-damage|p2a: Sableye|0 fnt\n|faint|p2a: Sableye\n|\n|upkeep\n|\n|switch|p2a: Clefable|Clefable, M|393\/393\n|turn|72\n|\n|move|p1a: Greninja|Spikes|p2a: Clefable\n|-start|p1a: Greninja|typechange|Ground|[from] ability: Protean\n|-sidestart|p2: JoeyOwesMeMoney|Spikes\n|move|p2a: Clefable|Moonblast|p1a: Greninja\n|-damage|p1a: Greninja|0 fnt\n|faint|p1a: Greninja\n|\n|upkeep\n|\n|switch|p1a: Medicham|Medicham, F|261\/261\n|turn|73\n|inactive|JoeyOwesMeMoney has 90 seconds left.\n|\n|detailschange|p1a: Medicham|Medicham-Mega, F\n|-mega|p1a: Medicham|Medicham|Medichamite\n|move|p1a: Medicham|Fake Out|p2a: Clefable\n|-damage|p2a: Clefable|323\/393\n|cant|p2a: Clefable|flinch\n|\n|-heal|p2a: Clefable|347\/393|[from] item: Leftovers\n|upkeep\n|turn|74\n|\n|move|p2a: Clefable|Protect|p2a: Clefable\n|-singleturn|p2a: Clefable|Protect\n|move|p1a: Medicham|Zen Headbutt|p2a: Clefable\n|-activate|p2a: Clefable|move: Protect\n|\n|-heal|p2a: Clefable|371\/393|[from] item: Leftovers\n|upkeep\n|turn|75\n|\n|move|p1a: Medicham|Zen Headbutt|p2a: Clefable\n|-damage|p2a: Clefable|166\/393\n|move|p2a: Clefable|Moonblast|p1a: Medicham\n|-supereffective|p1a: Medicham\n|-damage|p1a: Medicham|13\/261\n|\n|-heal|p2a: Clefable|190\/393|[from] item: Leftovers\n|upkeep\n|turn|76\n|\n|move|p2a: Clefable|Protect|p2a: Clefable\n|-singleturn|p2a: Clefable|Protect\n|move|p1a: Medicham|Zen Headbutt|p2a: Clefable\n|-activate|p2a: Clefable|move: Protect\n|\n|-heal|p2a: Clefable|214\/393|[from] item: Leftovers\n|upkeep\n|turn|77\n|\n|move|p1a: Medicham|Zen Headbutt|p2a: Clefable\n|-damage|p2a: Clefable|9\/393\n|move|p2a: Clefable|Wish|p2a: Clefable\n|\n|-heal|p2a: Clefable|33\/393|[from] item: Leftovers\n|upkeep\n|turn|78\n|\n|move|p2a: Clefable|Protect|p2a: Clefable\n|-singleturn|p2a: Clefable|Protect\n|move|p1a: Medicham|Ice Punch|p2a: Clefable\n|-activate|p2a: Clefable|move: Protect\n|\n|-heal|p2a: Clefable|229\/393|[from] move: Wish|[wisher] Clefable\n|-heal|p2a: Clefable|253\/393|[from] item: Leftovers\n|upkeep\n|turn|79\n|inactive|JoeyOwesMeMoney has 120 seconds left.\n|\n|move|p1a: Medicham|Zen Headbutt|p2a: Clefable\n|-damage|p2a: Clefable|46\/393\n|move|p2a: Clefable|Wish|p2a: Clefable\n|\n|-heal|p2a: Clefable|70\/393|[from] item: Leftovers\n|upkeep\n|turn|80\n|\n|move|p2a: Clefable|Protect|p2a: Clefable\n|-singleturn|p2a: Clefable|Protect\n|move|p1a: Medicham|Ice Punch|p2a: Clefable\n|-activate|p2a: Clefable|move: Protect\n|\n|-heal|p2a: Clefable|266\/393|[from] move: Wish|[wisher] Clefable\n|-heal|p2a: Clefable|290\/393|[from] item: Leftovers\n|upkeep\n|turn|81\n|\n|move|p1a: Medicham|Zen Headbutt|p2a: Clefable\n|-damage|p2a: Clefable|98\/393\n|move|p2a: Clefable|Wish|p2a: Clefable\n|\n|-heal|p2a: Clefable|122\/393|[from] item: Leftovers\n|upkeep\n|turn|82\n|\n|move|p2a: Clefable|Protect|p2a: Clefable\n|-singleturn|p2a: Clefable|Protect\n|move|p1a: Medicham|Zen Headbutt|p2a: Clefable\n|-activate|p2a: Clefable|move: Protect\n|\n|-heal|p2a: Clefable|318\/393|[from] move: Wish|[wisher] Clefable\n|-heal|p2a: Clefable|342\/393|[from] item: Leftovers\n|upkeep\n|turn|83\n|inactive|JoeyOwesMeMoney has 120 seconds left.\n|\n|move|p1a: Medicham|Zen Headbutt|p2a: Clefable|[miss]\n|-miss|p1a: Medicham|p2a: Clefable\n|move|p2a: Clefable|Wish|p2a: Clefable\n|\n|-heal|p2a: Clefable|366\/393|[from] item: Leftovers\n|upkeep\n|turn|84\n|\n|switch|p1a: Tangrowth|Tangrowth, M|391\/403 brn\n|move|p2a: Clefable|Moonblast|p1a: Tangrowth\n|-damage|p1a: Tangrowth|271\/403 brn\n|\n|-heal|p2a: Clefable|393\/393|[from] move: Wish|[wisher] Clefable\n|-damage|p1a: Tangrowth|246\/403 brn|[from] brn\n|upkeep\n|turn|85\n|\n|switch|p2a: Skarmory|Skarmory, F|284\/333\n|move|p1a: Tangrowth|Knock Off|p2a: Skarmory\n|-damage|p2a: Skarmory|264\/333\n|-damage|p1a: Tangrowth|179\/403 brn|[from] item: Rocky Helmet|[of] p2a: Skarmory\n|-enditem|p2a: Skarmory|Rocky Helmet|[from] move: Knock Off|[of] p1a: Tangrowth\n|\n|-damage|p1a: Tangrowth|154\/403 brn|[from] brn\n|upkeep\n|turn|86\n|\n|switch|p1a: Tapu Koko|Tapu Koko|189\/281\n|-fieldstart|move: Electric Terrain|[from] ability: Electric Surge|[of] p1a: Tapu Koko\n|move|p2a: Skarmory|Defog|p1a: Tapu Koko\n|-unboost|p1a: Tapu Koko|evasion|1\n|-sideend|p2: JoeyOwesMeMoney|Spikes|[from] move: Defog|[of] p2a: Skarmory\n|\n|upkeep\n|turn|87\n|inactive|JoeyOwesMeMoney has 120 seconds left.\n|inactive|JoeyOwesMeMoney has 90 seconds left.\n|inactive|JoeyOwesMeMoney has 60 seconds left.\n|j| hodoram\n|l| hodoram\n|inactive|JoeyOwesMeMoney has 30 seconds left.\n|inactive|JoeyOwesMeMoney has 20 seconds left.\n|inactive|JoeyOwesMeMoney has 15 seconds left.\n|inactive|JoeyOwesMeMoney has 10 seconds left.\n|\n|move|p1a: Tapu Koko|Thunderbolt|p2a: Skarmory\n|-supereffective|p2a: Skarmory\n|-damage|p2a: Skarmory|0 fnt\n|faint|p2a: Skarmory\n|\n|upkeep\n|inactive|JoeyOwesMeMoney has 20 seconds left this turn.\n|\n|switch|p2a: Clefable|Clefable, M|393\/393\n|turn|88\n|inactive|JoeyOwesMeMoney has 25 seconds left this turn.\n|\n|move|p2a: Clefable|Protect|p2a: Clefable\n|-singleturn|p2a: Clefable|Protect\n|move|p1a: Tapu Koko|Thunderbolt|p2a: Clefable\n|-activate|p2a: Clefable|move: Protect\n|\n|upkeep\n|turn|89\n|inactive|JoeyOwesMeMoney has 30 seconds left this turn.\n|\n|move|p1a: Tapu Koko|Taunt|p2a: Clefable\n|-start|p2a: Clefable|move: Taunt\n|cant|p2a: Clefable|move: Taunt|Wish\n|\n|upkeep\n|turn|90\n|\n|move|p1a: Tapu Koko|Thunderbolt|p2a: Clefable\n|-crit|p2a: Clefable\n|-damage|p2a: Clefable|33\/393\n|move|p2a: Clefable|Moonblast|p1a: Tapu Koko\n|-damage|p1a: Tapu Koko|42\/281\n|\n|-heal|p2a: Clefable|57\/393|[from] item: Leftovers\n|-fieldend|move: Electric Terrain\n|upkeep\n|turn|91\n|inactive|JoeyOwesMeMoney has 30 seconds left.\n|inactive|JoeyOwesMeMoney has 20 seconds left.\n|inactive|JoeyOwesMeMoney has 15 seconds left.\n|inactive|JoeyOwesMeMoney has 10 seconds left.\n|c|\u2606not fun tbh|Gg noob\n|inactive|JoeyOwesMeMoney has 5 seconds left.\n|-message|JoeyOwesMeMoney lost due to inactivity.\n|\n|win|not fun tbh\n|raw|not fun tbh's rating: 1982 &rarr; <strong>1993<\/strong><br \/>(+11 for winning)\n|raw|JoeyOwesMeMoney's rating: 1809 &rarr; <strong>1798<\/strong><br \/>(-11 for losing)\n|l| kwarma\n","uploadtime":1559365713,"views":54,"p1id":"notfuntbh","p2id":"joeyowesmemoney","formatid":"gen7ou","rating":1798,"private":0,"password":null}