{"id":"gen7oublitz-1000930343","p1":"Kaylss","p2":"chiplee1215","format":"gen7oublitz","log":"|j|\u2606Kaylss\n|j|\u2606chiplee1215\n|player|p1|Kaylss|138|1458\n|player|p2|chiplee1215|102|1465\n|teamsize|p1|6\n|teamsize|p2|6\n|gametype|singles\n|gen|7\n|tier|[Gen 7] OU (Blitz)\n|rated|\n|rule|Sleep Clause Mod: Limit one foe put to sleep\n|rule|Species Clause: Limit one of each Pok\u00e9mon\n|rule|OHKO Clause: OHKO moves are banned\n|rule|Moody Clause: Moody is banned\n|rule|Evasion Moves Clause: Evasion moves are banned\n|rule|Endless Battle Clause: Forcing endless battles is banned\n|rule|HP Percentage Mod: HP is shown in percentages\n|clearpoke\n|poke|p1|Lopunny, F|item\n|poke|p1|Muk-Alola, F|item\n|poke|p1|Landorus-Therian, M|item\n|poke|p1|Zygarde-10%|item\n|poke|p1|Greninja, M|item\n|poke|p1|Mantine, F|item\n|poke|p2|Celesteela|item\n|poke|p2|Charizard, F|item\n|poke|p2|Rotom-Wash|item\n|poke|p2|Tyranitar, M|item\n|poke|p2|Excadrill, M|item\n|poke|p2|Tapu Lele|item\n|rule|Blitz: Super-fast timer\n|teampreview\n|\n|start\n|switch|p1a: Zygarde|Zygarde-10%|100\/100\n|switch|p2a: Rotom|Rotom-Wash|100\/100\n|-ability|p1a: Zygarde|Aura Break\n|turn|1\n|\n|move|p1a: Zygarde|Thousand Arrows|p2a: Rotom\n|-supereffective|p2a: Rotom\n|-damage|p2a: Rotom|0 fnt\n|faint|p2a: Rotom\n|\n|upkeep\n|\n|switch|p2a: Tapu Lele|Tapu Lele|100\/100\n|-fieldstart|move: Psychic Terrain|[from] ability: Psychic Surge|[of] p2a: Tapu Lele\n|turn|2\n|\n|switch|p1a: Muk|Muk-Alola, F|100\/100\n|move|p2a: Tapu Lele|Moonblast|p1a: Muk\n|-damage|p1a: Muk|79\/100\n|\n|upkeep\n|turn|3\n|\n|-activate|p2a: Tapu Lele|move: Pursuit\n|move|p1a: Muk|Pursuit|p2a: Tapu Lele|[from]Pursuit\n|-damage|p2a: Tapu Lele|52\/100\n|switch|p2a: Celesteela|Celesteela|100\/100\n|\n|upkeep\n|turn|4\n|\n|move|p2a: Celesteela|Leech Seed|p1a: Muk\n|-start|p1a: Muk|move: Leech Seed\n|move|p1a: Muk|Knock Off|p2a: Celesteela\n|-damage|p2a: Celesteela|66\/100\n|-enditem|p2a: Celesteela|Leftovers|[from] move: Knock Off|[of] p1a: Muk\n|\n|-damage|p1a: Muk|67\/100|[from] Leech Seed|[of] p2a: Celesteela\n|-heal|p2a: Celesteela|81\/100|[silent]\n|upkeep\n|turn|5\n|\n|move|p2a: Celesteela|Autotomize|p2a: Celesteela\n|-boost|p2a: Celesteela|spe|2\n|-start|p2a: Celesteela|Autotomize\n|move|p1a: Muk|Fire Punch|p2a: Celesteela\n|-supereffective|p2a: Celesteela\n|-damage|p2a: Celesteela|46\/100\n|\n|-damage|p1a: Muk|54\/100|[from] Leech Seed|[of] p2a: Celesteela\n|-heal|p2a: Celesteela|61\/100|[silent]\n|upkeep\n|turn|6\n|\n|switch|p1a: Landorus|Landorus-Therian, M|100\/100\n|-ability|p1a: Landorus|Intimidate|boost\n|-unboost|p2a: Celesteela|atk|1\n|move|p2a: Celesteela|Air Slash|p1a: Landorus|[miss]\n|-miss|p2a: Celesteela|p1a: Landorus\n|\n|-fieldend|move: Psychic Terrain\n|upkeep\n|turn|7\n|\n|switch|p1a: Muk|Muk-Alola, F|54\/100\n|move|p2a: Celesteela|Leech Seed|p1a: Muk\n|-start|p1a: Muk|move: Leech Seed\n|\n|-damage|p1a: Muk|42\/100|[from] Leech Seed|[of] p2a: Celesteela\n|-heal|p2a: Celesteela|76\/100|[silent]\n|upkeep\n|turn|8\n|\n|switch|p1a: Mantine|Mantine, F|100\/100\n|move|p2a: Celesteela|Air Slash|p1a: Mantine\n|-damage|p1a: Mantine|76\/100\n|\n|-heal|p1a: Mantine|82\/100|[from] item: Leftovers\n|upkeep\n|turn|9\n|\n|move|p2a: Celesteela|Leech Seed|p1a: Mantine\n|-start|p1a: Mantine|move: Leech Seed\n|move|p1a: Mantine|Scald|p2a: Celesteela\n|-damage|p2a: Celesteela|52\/100\n|-status|p2a: Celesteela|brn\n|\n|-heal|p1a: Mantine|88\/100|[from] item: Leftovers\n|-damage|p1a: Mantine|76\/100|[from] Leech Seed|[of] p2a: Celesteela\n|-heal|p2a: Celesteela|65\/100 brn|[silent]\n|-damage|p2a: Celesteela|59\/100 brn|[from] brn\n|upkeep\n|turn|10\n|\n|move|p2a: Celesteela|Air Slash|p1a: Mantine\n|-damage|p1a: Mantine|49\/100\n|move|p1a: Mantine|Scald|p2a: Celesteela\n|-damage|p2a: Celesteela|38\/100 brn\n|\n|-heal|p1a: Mantine|55\/100|[from] item: Leftovers\n|-damage|p1a: Mantine|42\/100|[from] Leech Seed|[of] p2a: Celesteela\n|-heal|p2a: Celesteela|51\/100 brn|[silent]\n|-damage|p2a: Celesteela|45\/100 brn|[from] brn\n|upkeep\n|turn|11\n|\n|move|p2a: Celesteela|Air Slash|p1a: Mantine\n|-damage|p1a: Mantine|17\/100\n|move|p1a: Mantine|Roost|p1a: Mantine\n|-heal|p1a: Mantine|67\/100\n|-singleturn|p1a: Mantine|move: Roost\n|\n|-heal|p1a: Mantine|73\/100|[from] item: Leftovers\n|-damage|p1a: Mantine|60\/100|[from] Leech Seed|[of] p2a: Celesteela\n|-heal|p2a: Celesteela|59\/100 brn|[silent]\n|-damage|p2a: Celesteela|52\/100 brn|[from] brn\n|upkeep\n|turn|12\n|\n|switch|p2a: Charizard|Charizard, F|100\/100\n|move|p1a: Mantine|Roost|p1a: Mantine\n|-heal|p1a: Mantine|100\/100\n|-singleturn|p1a: Mantine|move: Roost\n|\n|-damage|p1a: Mantine|88\/100|[from] Leech Seed|[of] p2a: Charizard\n|upkeep\n|turn|13\n|\n|detailschange|p2a: Charizard|Charizard-Mega-X, F\n|-mega|p2a: Charizard|Charizard|Charizardite X\n|move|p2a: Charizard|Dragon Dance|p2a: Charizard\n|-boost|p2a: Charizard|atk|1\n|-boost|p2a: Charizard|spe|1\n|move|p1a: Mantine|Roost|p1a: Mantine\n|-heal|p1a: Mantine|100\/100\n|-singleturn|p1a: Mantine|move: Roost\n|\n|-damage|p1a: Mantine|88\/100|[from] Leech Seed|[of] p2a: Charizard\n|upkeep\n|turn|14\n|\n|move|p2a: Charizard|Dragon Claw|p1a: Mantine\n|-crit|p1a: Mantine\n|-damage|p1a: Mantine|0 fnt\n|faint|p1a: Mantine\n|\n|upkeep\n|\n|switch|p1a: Landorus|Landorus-Therian, M|100\/100\n|-ability|p1a: Landorus|Intimidate|boost\n|-unboost|p2a: Charizard|atk|1\n|turn|15\n|\n|switch|p2a: Celesteela|Celesteela|52\/100 brn\n|move|p1a: Landorus|Earthquake|p2a: Celesteela\n|-immune|p2a: Celesteela\n|\n|-damage|p2a: Celesteela|46\/100 brn|[from] brn\n|upkeep\n|turn|16\n|\n|switch|p1a: Zygarde|Zygarde-10%|100\/100\n|-ability|p1a: Zygarde|Aura Break\n|move|p2a: Celesteela|Leech Seed|p1a: Zygarde\n|-start|p1a: Zygarde|move: Leech Seed\n|\n|-damage|p1a: Zygarde|88\/100|[from] Leech Seed|[of] p2a: Celesteela\n|-heal|p2a: Celesteela|55\/100 brn|[silent]\n|-damage|p2a: Celesteela|49\/100 brn|[from] brn\n|upkeep\n|turn|17\n|\n|switch|p2a: Tyranitar|Tyranitar, M|100\/100\n|-weather|Sandstorm|[from] ability: Sand Stream|[of] p2a: Tyranitar\n|move|p1a: Zygarde|Thousand Arrows|p2a: Tyranitar\n|-supereffective|p2a: Tyranitar\n|-damage|p2a: Tyranitar|7\/100\n|\n|-weather|Sandstorm|[upkeep]\n|-damage|p1a: Zygarde|76\/100|[from] Leech Seed|[of] p2a: Tyranitar\n|-heal|p2a: Tyranitar|14\/100|[silent]\n|upkeep\n|turn|18\n|\n|move|p1a: Zygarde|Thousand Arrows|p2a: Tyranitar\n|-supereffective|p2a: Tyranitar\n|-damage|p2a: Tyranitar|0 fnt\n|faint|p2a: Tyranitar\n|\n|-weather|Sandstorm|[upkeep]\n|upkeep\n|\n|switch|p2a: Excadrill|Excadrill, M|100\/100\n|turn|19\n|\n|switch|p1a: Landorus|Landorus-Therian, M|100\/100\n|-ability|p1a: Landorus|Intimidate|boost\n|-unboost|p2a: Excadrill|atk|1\n|-zpower|p2a: Excadrill\n|move|p2a: Excadrill|Corkscrew Crash|p1a: Landorus|[zeffect]\n|-damage|p1a: Landorus|44\/100\n|\n|-weather|Sandstorm|[upkeep]\n|upkeep\n|turn|20\n|\n|switch|p2a: Celesteela|Celesteela|49\/100 brn\n|move|p1a: Landorus|Swords Dance|p1a: Landorus\n|-boost|p1a: Landorus|atk|2\n|\n|-weather|Sandstorm|[upkeep]\n|-damage|p2a: Celesteela|43\/100 brn|[from] brn\n|upkeep\n|turn|21\n|\n|-zpower|p1a: Landorus\n|move|p1a: Landorus|Supersonic Skystrike|p2a: Celesteela|[zeffect]\n|-resisted|p2a: Celesteela\n|-damage|p2a: Celesteela|0 fnt\n|faint|p2a: Celesteela\n|\n|-weather|Sandstorm|[upkeep]\n|upkeep\n|\n|switch|p2a: Excadrill|Excadrill, M|100\/100\n|turn|22\n|\n|move|p2a: Excadrill|Iron Head|p1a: Landorus\n|-damage|p1a: Landorus|4\/100\n|cant|p1a: Landorus|flinch\n|\n|-weather|Sandstorm|[upkeep]\n|upkeep\n|turn|23\n|\n|move|p2a: Excadrill|Iron Head|p1a: Landorus\n|-damage|p1a: Landorus|0 fnt\n|faint|p1a: Landorus\n|\n|-weather|Sandstorm|[upkeep]\n|upkeep\n|\n|switch|p1a: Lopunny|Lopunny, F|100\/100\n|turn|24\n|\n|switch|p2a: Tapu Lele|Tapu Lele|52\/100\n|-fieldstart|move: Psychic Terrain|[from] ability: Psychic Surge|[of] p2a: Tapu Lele\n|detailschange|p1a: Lopunny|Lopunny-Mega, F\n|-mega|p1a: Lopunny|Lopunny|Lopunnite\n|move|p1a: Lopunny|Fake Out|p2a: Tapu Lele\n|-activate|p2a: Tapu Lele|move: Psychic Terrain\n|\n|-weather|none\n|upkeep\n|turn|25\n|\n|move|p2a: Tapu Lele|Moonblast|p1a: Lopunny\n|-supereffective|p1a: Lopunny\n|-crit|p1a: Lopunny\n|-damage|p1a: Lopunny|0 fnt\n|faint|p1a: Lopunny\n|\n|upkeep\n|\n|switch|p1a: Muk|Muk-Alola, F|42\/100\n|turn|26\n|\n|move|p2a: Tapu Lele|Moonblast|p1a: Muk\n|-damage|p1a: Muk|20\/100\n|-unboost|p1a: Muk|spa|1\n|move|p1a: Muk|Pursuit|p2a: Tapu Lele\n|-damage|p2a: Tapu Lele|29\/100\n|\n|upkeep\n|turn|27\n|\n|move|p2a: Tapu Lele|Moonblast|p1a: Muk\n|-damage|p1a: Muk|0 fnt\n|faint|p1a: Muk\n|\n|upkeep\n|\n|switch|p1a: Greninja|Greninja, M|100\/100\n|turn|28\n|\n|move|p2a: Tapu Lele|Moonblast|p1a: Greninja\n|-supereffective|p1a: Greninja\n|-damage|p1a: Greninja|0 fnt\n|faint|p1a: Greninja\n|\n|-fieldend|move: Psychic Terrain\n|upkeep\n|\n|switch|p1a: Zygarde|Zygarde-10%|76\/100\n|-ability|p1a: Zygarde|Aura Break\n|turn|29\n|\n|move|p1a: Zygarde|Extreme Speed|p2a: Tapu Lele\n|-damage|p2a: Tapu Lele|0 fnt\n|faint|p2a: Tapu Lele\n|\n|upkeep\n|\n|switch|p2a: Excadrill|Excadrill, M|100\/100\n|turn|30\n|\n|move|p1a: Zygarde|Extreme Speed|p2a: Excadrill\n|-resisted|p2a: Excadrill\n|-damage|p2a: Excadrill|75\/100\n|move|p2a: Excadrill|Iron Head|p1a: Zygarde\n|-damage|p1a: Zygarde|0 fnt\n|faint|p1a: Zygarde\n|\n|win|chiplee1215\n|l|\u2606Kaylss\n|raw|Kaylss's rating: 1458 &rarr; <strong>1438<\/strong><br \/>(-20 for losing)\n|raw|chiplee1215's rating: 1465 &rarr; <strong>1485<\/strong><br \/>(+20 for winning)\n","uploadtime":1572403361,"views":2,"p1id":"kaylss","p2id":"chiplee1215","formatid":"gen7oublitz","rating":1438,"private":0,"password":null}