{"id":"gen7anythinggoes-965374024","p1":"LordSlytherin2001","p2":"Walletinspector62","format":"gen7anythinggoes","log":"|j|\u2606LordSlytherin2001\n|j|\u2606Walletinspector62\n|player|p1|LordSlytherin2001|269|\n|player|p2|Walletinspector62|2|\n|teamsize|p1|6\n|teamsize|p2|6\n|gametype|singles\n|gen|7\n|tier|[Gen 7] Anything Goes\n|rule|Endless Battle Clause: Forcing endless battles is banned\n|clearpoke\n|poke|p1|Mew|item\n|poke|p1|Zygarde|item\n|poke|p1|Thundurus, M|item\n|poke|p1|Togekiss, F|item\n|poke|p1|Lucario, F|item\n|poke|p1|Blastoise, F|item\n|poke|p2|Scizor, M|item\n|poke|p2|Terrakion|item\n|poke|p2|Zeraora|item\n|poke|p2|Shaymin|item\n|poke|p2|Goodra, M|item\n|poke|p2|Primarina, F|item\n|rule|HP Percentage Mod: HP is shown in percentages\n|teampreview\n|c|\u2606Walletinspector62|Glhf\n|c|\u2606LordSlytherin2001|glhf\n|\n|start\n|switch|p1a: Thundurus|Thundurus, M|100\/100\n|switch|p2a: OwO|Zeraora|100\/100\n|turn|1\n|\n|move|p2a: OwO|Volt Switch|p1a: Thundurus\n|-damage|p1a: Thundurus|65\/100\n|\n|switch|p2a: Meadow|Shaymin|100\/100|[from]move: Volt Switch\n|move|p1a: Thundurus|Knock Off|p2a: Meadow\n|-damage|p2a: Meadow|74\/100\n|-enditem|p2a: Meadow|Leftovers|[from] move: Knock Off|[of] p1a: Thundurus\n|\n|upkeep\n|turn|2\n|\n|move|p1a: Thundurus|Taunt|p2a: Meadow\n|-start|p2a: Meadow|move: Taunt\n|move|p2a: Meadow|Seed Flare|p1a: Thundurus|[miss]\n|-miss|p2a: Meadow|p1a: Thundurus\n|\n|upkeep\n|turn|3\n|\n|move|p1a: Thundurus|U-turn|p2a: Meadow\n|-supereffective|p2a: Meadow\n|-damage|p2a: Meadow|38\/100\n|\n|switch|p1a: Togekiss|Togekiss, F|100\/100|[from]move: U-turn\n|move|p2a: Meadow|Hidden Power|p1a: Togekiss\n|-supereffective|p1a: Togekiss\n|-damage|p1a: Togekiss|60\/100\n|\n|upkeep\n|turn|4\n|\n|switch|p2a: Yogurt|Primarina, F, shiny|100\/100\n|move|p1a: Togekiss|Air Slash|p2a: Yogurt\n|-damage|p2a: Yogurt|63\/100\n|\n|upkeep\n|turn|5\n|\n|switch|p1a: Blastoise|Blastoise, F|100\/100\n|move|p2a: Yogurt|Moonblast|p1a: Blastoise\n|-damage|p1a: Blastoise|58\/100\n|\n|upkeep\n|turn|6\n|\n|detailschange|p1a: Blastoise|Blastoise-Mega, F\n|-mega|p1a: Blastoise|Blastoise|Blastoisinite\n|move|p2a: Yogurt|Moonblast|p1a: Blastoise\n|-damage|p1a: Blastoise|18\/100\n|move|p1a: Blastoise|Water Pulse|p2a: Yogurt\n|-resisted|p2a: Yogurt\n|-damage|p2a: Yogurt|35\/100\n|\n|upkeep\n|turn|7\n|\n|move|p1a: Blastoise|Aqua Jet|p2a: Yogurt\n|-resisted|p2a: Yogurt\n|-damage|p2a: Yogurt|25\/100\n|move|p2a: Yogurt|Moonblast|p1a: Blastoise\n|-damage|p1a: Blastoise|0 fnt\n|faint|p1a: Blastoise\n|\n|upkeep\n|\n|switch|p1a: Togekiss|Togekiss, F|60\/100\n|turn|8\n|\n|switch|p2a: Honey|Goodra, M, shiny|100\/100\n|move|p1a: Togekiss|Air Slash|p2a: Honey\n|-damage|p2a: Honey|85\/100\n|\n|upkeep\n|turn|9\n|\n|move|p1a: Togekiss|Air Slash|p2a: Honey\n|-damage|p2a: Honey|68\/100\n|move|p2a: Honey|Ice Beam|p1a: Togekiss\n|-supereffective|p1a: Togekiss\n|-damage|p1a: Togekiss|0 fnt\n|faint|p1a: Togekiss\n|\n|upkeep\n|\n|switch|p1a: Thundurus|Thundurus, M|65\/100\n|turn|10\n|\n|move|p1a: Thundurus|Knock Off|p2a: Honey\n|-damage|p2a: Honey|31\/100\n|-ability|p2a: Honey|Gooey\n|-unboost|p1a: Thundurus|spe|1\n|-ability|p1a: Thundurus|Defiant|boost\n|-boost|p1a: Thundurus|atk|2\n|-enditem|p2a: Honey|Assault Vest|[from] move: Knock Off|[of] p1a: Thundurus\n|move|p2a: Honey|Ice Beam|p1a: Thundurus\n|-supereffective|p1a: Thundurus\n|-damage|p1a: Thundurus|0 fnt\n|faint|p1a: Thundurus\n|\n|upkeep\n|\n|switch|p1a: Lucario|Lucario, F|100\/100\n|turn|11\n|\n|move|p1a: Lucario|Nasty Plot|p1a: Lucario\n|-boost|p1a: Lucario|spa|2\n|move|p2a: Honey|Fire Blast|p1a: Lucario\n|-supereffective|p1a: Lucario\n|-enditem|p1a: Lucario|Focus Sash\n|-damage|p1a: Lucario|1\/100\n|\n|upkeep\n|turn|12\n|\n|move|p1a: Lucario|Flash Cannon|p2a: Honey\n|-damage|p2a: Honey|0 fnt\n|faint|p2a: Honey\n|\n|upkeep\n|\n|switch|p2a: Don\u2019tRunWith|Scizor, M|100\/100\n|turn|13\n|\n|detailschange|p2a: Don\u2019tRunWith|Scizor-Mega, M\n|-mega|p2a: Don\u2019tRunWith|Scizor|Scizorite\n|move|p1a: Lucario|Vacuum Wave|p2a: Don\u2019tRunWith\n|-damage|p2a: Don\u2019tRunWith|59\/100\n|move|p2a: Don\u2019tRunWith|Bullet Punch|p1a: Lucario\n|-resisted|p1a: Lucario\n|-damage|p1a: Lucario|0 fnt\n|faint|p1a: Lucario\n|\n|upkeep\n|\n|switch|p1a: Mew|Mew|100\/100\n|turn|14\n|\n|switch|p2a: Bald Bull|Terrakion, shiny|100\/100\n|move|p1a: Mew|Flamethrower|p2a: Bald Bull\n|-resisted|p2a: Bald Bull\n|-damage|p2a: Bald Bull|86\/100\n|\n|upkeep\n|turn|15\n|\n|move|p2a: Bald Bull|Close Combat|p1a: Mew\n|-resisted|p1a: Mew\n|-crit|p1a: Mew\n|-damage|p1a: Mew|26\/100\n|-unboost|p2a: Bald Bull|def|1\n|-unboost|p2a: Bald Bull|spd|1\n|move|p1a: Mew|Psychic|p2a: Bald Bull\n|-supereffective|p2a: Bald Bull\n|-damage|p2a: Bald Bull|0 fnt\n|faint|p2a: Bald Bull\n|\n|upkeep\n|c|\u2606Walletinspector62|Oof sorry for hax\n|c|\u2606LordSlytherin2001|np\n|\n|switch|p2a: Don\u2019tRunWith|Scizor-Mega, M|59\/100\n|turn|16\n|\n|move|p2a: Don\u2019tRunWith|Bullet Punch|p1a: Mew\n|-damage|p1a: Mew|0 fnt\n|faint|p1a: Mew\n|\n|upkeep\n|\n|switch|p1a: Zygarde|Zygarde|100\/100\n|-ability|p1a: Zygarde|Aura Break\n|turn|17\n|\n|move|p1a: Zygarde|Dragon Dance|p1a: Zygarde\n|-boost|p1a: Zygarde|atk|1\n|-boost|p1a: Zygarde|spe|1\n|move|p2a: Don\u2019tRunWith|U-turn|p1a: Zygarde\n|-damage|p1a: Zygarde|73\/100\n|\n|switch|p2a: OwO|Zeraora|100\/100|[from]move: U-turn\n|\n|upkeep\n|turn|18\n|\n|move|p1a: Zygarde|Thousand Arrows|p2a: OwO\n|-supereffective|p2a: OwO\n|-damage|p2a: OwO|0 fnt\n|faint|p2a: OwO\n|\n|upkeep\n|\n|switch|p2a: Don\u2019tRunWith|Scizor-Mega, M|59\/100\n|turn|19\n|\n|move|p1a: Zygarde|Thousand Arrows|p2a: Don\u2019tRunWith\n|-damage|p2a: Don\u2019tRunWith|28\/100\n|move|p2a: Don\u2019tRunWith|Roost|p2a: Don\u2019tRunWith\n|-heal|p2a: Don\u2019tRunWith|78\/100\n|-singleturn|p2a: Don\u2019tRunWith|move: Roost\n|\n|upkeep\n|turn|20\n|\n|move|p2a: Don\u2019tRunWith|Bullet Punch|p1a: Zygarde\n|-damage|p1a: Zygarde|51\/100\n|move|p1a: Zygarde|Dragon Dance|p1a: Zygarde\n|-boost|p1a: Zygarde|atk|1\n|-boost|p1a: Zygarde|spe|1\n|\n|upkeep\n|turn|21\n|\n|move|p1a: Zygarde|Thousand Arrows|p2a: Don\u2019tRunWith\n|-damage|p2a: Don\u2019tRunWith|37\/100\n|move|p2a: Don\u2019tRunWith|U-turn|p1a: Zygarde\n|-damage|p1a: Zygarde|26\/100\n|\n|switch|p2a: Yogurt|Primarina, F, shiny|25\/100|[from]move: U-turn\n|\n|upkeep\n|turn|22\n|\n|move|p1a: Zygarde|Thousand Arrows|p2a: Yogurt\n|-crit|p2a: Yogurt\n|-damage|p2a: Yogurt|0 fnt\n|faint|p2a: Yogurt\n|\n|upkeep\n|\n|switch|p2a: Don\u2019tRunWith|Scizor-Mega, M|37\/100\n|turn|23\n|\n|move|p2a: Don\u2019tRunWith|Bullet Punch|p1a: Zygarde\n|-damage|p1a: Zygarde|3\/100\n|move|p1a: Zygarde|Thousand Arrows|p2a: Don\u2019tRunWith\n|-damage|p2a: Don\u2019tRunWith|0 fnt\n|faint|p2a: Don\u2019tRunWith\n|\n|upkeep\n|\n|switch|p2a: Meadow|Shaymin|38\/100\n|turn|24\n|c|\u2606Walletinspector62|GG\n|\n|move|p2a: Meadow|Protect|p2a: Meadow\n|-singleturn|p2a: Meadow|Protect\n|move|p1a: Zygarde|Extreme Speed|p2a: Meadow\n|-activate|p2a: Meadow|move: Protect\n|\n|upkeep\n|turn|25\n|\n|move|p1a: Zygarde|Extreme Speed|p2a: Meadow\n|-damage|p2a: Meadow|1\/100\n|move|p2a: Meadow|Hidden Power|p1a: Zygarde\n|-supereffective|p1a: Zygarde\n|-enditem|p1a: Zygarde|Yache Berry|[eat]\n|-enditem|p1a: Zygarde|Yache Berry|[weaken]\n|-damage|p1a: Zygarde|0 fnt\n|faint|p1a: Zygarde\n|\n|win|Walletinspector62\n|c|\u2606LordSlytherin2001|gg\n|c|\u2606LordSlytherin2001|oof\n|c|\u2606LordSlytherin2001|1 hp\n|c|\u2606LordSlytherin2001|:(\n|c|\u2606Walletinspector62|Lol I have no idea how I live that\n","uploadtime":1566671178,"views":21,"p1id":"lordslytherin2001","p2id":"walletinspector62","formatid":"gen7anythinggoes","rating":0,"private":0,"password":null}