{"id":"gen7ou-798945258","p1":"Emex","p2":"Del chef","format":"gen7ou","log":"|j|\u2606Emex\n|j|\u2606Del chef\n|player|p1|Emex|154\n|player|p2|Del chef|102\n|teamsize|p1|6\n|teamsize|p2|6\n|gametype|singles\n|gen|7\n|tier|[Gen 7] OU\n|rated|\n|rule|Sleep Clause Mod: Limit one foe put to sleep\n|rule|Species Clause: Limit one of each Pok\u00e9mon\n|rule|OHKO Clause: OHKO moves are banned\n|rule|Moody Clause: Moody is banned\n|rule|Evasion Moves Clause: Evasion moves are banned\n|rule|Endless Battle Clause: Forcing endless battles is banned\n|rule|HP Percentage Mod: HP is shown in percentages\n|clearpoke\n|poke|p1|Tapu Koko|item\n|poke|p1|Raichu-Alola, M|item\n|poke|p1|Hawlucha, M|item\n|poke|p1|Gyarados, M|item\n|poke|p1|Landorus-Therian, M|item\n|poke|p1|Kyurem-Black|item\n|poke|p2|Chansey, F|item\n|poke|p2|Mawile, F|item\n|poke|p2|Latios, M|item\n|poke|p2|Kartana|item\n|poke|p2|Gyarados, M|item\n|poke|p2|Nidoking, M|item\n|teampreview\n|\n|start\n|switch|p1a: Kyurem|Kyurem-Black|100\/100\n|switch|p2a: Nidoking|Nidoking, M|100\/100\n|-ability|p1a: Kyurem|Teravolt\n|turn|1\n|\n|switch|p2a: Mawile|Mawile, F|100\/100\n|-ability|p2a: Mawile|Intimidate|boost\n|-unboost|p1a: Kyurem|atk|1\n|move|p1a: Kyurem|Ice Beam|p2a: Mawile\n|-resisted|p2a: Mawile\n|-damage|p2a: Mawile|59\/100\n|\n|upkeep\n|turn|2\n|\n|detailschange|p2a: Mawile|Mawile-Mega, F\n|-mega|p2a: Mawile|Mawile|Mawilite\n|move|p1a: Kyurem|Earth Power|p2a: Mawile\n|-supereffective|p2a: Mawile\n|-damage|p2a: Mawile|0\n|faint|p2a: Mawile\n|\n|upkeep\n|\n|switch|p2a: Chansey|Chansey, F|100\/100\n|turn|3\n|inactive|Battle timer is ON: inactive players will automatically lose when time's up. (requested by Del chef)\n|\n|move|p1a: Kyurem|Fusion Bolt|p2a: Chansey\n|-damage|p2a: Chansey|86\/100\n|move|p2a: Chansey|Thunder Wave|p1a: Kyurem\n|-status|p1a: Kyurem|par\n|\n|upkeep\n|turn|4\n|\n|switch|p2a: Kartana|Kartana|100\/100\n|switch|p1a: Tapu Koko|Tapu Koko|100\/100\n|-fieldstart|move: Electric Terrain|[from] ability: Electric Surge|[of] p1a: Tapu Koko\n|\n|upkeep\n|turn|5\n|\n|switch|p2a: Nidoking|Nidoking, M|100\/100\n|move|p1a: Tapu Koko|U-turn|p2a: Nidoking\n|-resisted|p2a: Nidoking\n|-damage|p2a: Nidoking|86\/100\n|-damage|p1a: Tapu Koko|91\/100|[from] item: Life Orb\n|\n|switch|p1a: Raichu|Raichu-Alola, M|100\/100\n|\n|upkeep\n|turn|6\n|\n|switch|p2a: Chansey|Chansey, F|86\/100\n|move|p1a: Raichu|Psychic|p2a: Chansey\n|-damage|p2a: Chansey|73\/100\n|\n|upkeep\n|turn|7\n|\n|switch|p1a: Hawlucha|Hawlucha, M|100\/100\n|-enditem|p1a: Hawlucha|Electric Seed\n|-boost|p1a: Hawlucha|def|1\n|move|p2a: Chansey|Toxic|p1a: Hawlucha\n|-status|p1a: Hawlucha|tox\n|\n|-damage|p1a: Hawlucha|94\/100 tox|[from] psn\n|upkeep\n|turn|8\n|\n|switch|p2a: Latios|Latios, M|100\/100\n|move|p1a: Hawlucha|Swords Dance|p1a: Hawlucha\n|-boost|p1a: Hawlucha|atk|2\n|\n|-damage|p1a: Hawlucha|82\/100 tox|[from] psn\n|-fieldend|move: Electric Terrain\n|upkeep\n|turn|9\n|\n|move|p1a: Hawlucha|Acrobatics|p2a: Latios\n|-damage|p2a: Latios|0\n|faint|p2a: Latios\n|\n|-damage|p1a: Hawlucha|64\/100 tox|[from] psn\n|upkeep\n|inactive|Del chef has 120 seconds left.\n|\n|switch|p2a: Gyarados|Gyarados, M|100\/100\n|turn|10\n|\n|move|p1a: Hawlucha|Drain Punch|p2a: Gyarados\n|-resisted|p2a: Gyarados\n|-damage|p2a: Gyarados|58\/100\n|-heal|p1a: Hawlucha|88\/100 tox|[from] drain|[of] p2a: Gyarados\n|-zpower|p2a: Gyarados\n|move|p2a: Gyarados|Supersonic Skystrike|p1a: Hawlucha|[zeffect]\n|-supereffective|p1a: Hawlucha\n|-damage|p1a: Hawlucha|0 tox\n|faint|p1a: Hawlucha\n|-ability|p2a: Gyarados|Moxie|boost\n|-boost|p2a: Gyarados|atk|1\n|\n|upkeep\n|\n|switch|p1a: Tapu Koko|Tapu Koko|91\/100\n|-fieldstart|move: Electric Terrain|[from] ability: Electric Surge|[of] p1a: Tapu Koko\n|turn|11\n|\n|switch|p2a: Nidoking|Nidoking, M|86\/100\n|move|p1a: Tapu Koko|Thunderbolt|p2a: Nidoking\n|-immune|p2a: Nidoking|[msg]\n|\n|upkeep\n|turn|12\n|\n|move|p2a: Nidoking|Sludge Wave|p1a: Tapu Koko\n|-supereffective|p1a: Tapu Koko\n|-damage|p1a: Tapu Koko|0\n|faint|p1a: Tapu Koko\n|\n|upkeep\n|\n|switch|p1a: Raichu|Raichu-Alola, M|100\/100\n|turn|13\n|\n|switch|p2a: Chansey|Chansey, F|73\/100\n|move|p1a: Raichu|Focus Blast|p2a: Chansey\n|-supereffective|p2a: Chansey\n|-damage|p2a: Chansey|53\/100\n|-unboost|p2a: Chansey|spd|1\n|\n|upkeep\n|turn|14\n|\n|switch|p1a: Kyurem|Kyurem-Black|100\/100 par\n|-ability|p1a: Kyurem|Teravolt\n|move|p2a: Chansey|Soft-Boiled|p2a: Chansey\n|-heal|p2a: Chansey|100\/100\n|\n|upkeep\n|turn|15\n|\n|switch|p2a: Kartana|Kartana|100\/100\n|move|p1a: Kyurem|Fusion Bolt|p2a: Kartana\n|-resisted|p2a: Kartana\n|-damage|p2a: Kartana|73\/100\n|\n|-heal|p2a: Kartana|79\/100|[from] item: Leftovers\n|-fieldend|move: Electric Terrain\n|upkeep\n|turn|16\n|\n|move|p2a: Kartana|Smart Strike|p1a: Kyurem\n|-supereffective|p1a: Kyurem\n|-damage|p1a: Kyurem|33\/100 par\n|-enditem|p1a: Kyurem|Sitrus Berry|[eat]\n|-heal|p1a: Kyurem|58\/100 par|[from] item: Sitrus Berry\n|cant|p1a: Kyurem|par\n|\n|-heal|p2a: Kartana|85\/100|[from] item: Leftovers\n|upkeep\n|turn|17\n|\n|switch|p1a: Gyarados|Gyarados, M|100\/100\n|-ability|p1a: Gyarados|Intimidate|boost\n|-unboost|p2a: Kartana|atk|1\n|move|p2a: Kartana|Smart Strike|p1a: Gyarados\n|-resisted|p1a: Gyarados\n|-damage|p1a: Gyarados|79\/100\n|\n|-heal|p2a: Kartana|91\/100|[from] item: Leftovers\n|upkeep\n|turn|18\n|\n|switch|p2a: Nidoking|Nidoking, M|86\/100\n|switch|p1a: Landorus|Landorus-Therian, M|100\/100\n|-ability|p1a: Landorus|Intimidate|boost\n|-unboost|p2a: Nidoking|atk|1\n|\n|upkeep\n|turn|19\n|\n|move|p2a: Nidoking|Ice Beam|p1a: Landorus\n|-supereffective|p1a: Landorus\n|-damage|p1a: Landorus|0\n|faint|p1a: Landorus\n|\n|upkeep\n|\n|switch|p1a: Gyarados|Gyarados, M|79\/100\n|-ability|p1a: Gyarados|Intimidate|boost\n|-unboost|p2a: Nidoking|atk|1\n|turn|20\n|\n|switch|p2a: Gyarados|Gyarados, M|58\/100\n|move|p1a: Gyarados|Dragon Dance|p1a: Gyarados\n|-boost|p1a: Gyarados|atk|1\n|-boost|p1a: Gyarados|spe|1\n|\n|upkeep\n|turn|21\n|\n|move|p1a: Gyarados|Dragon Dance|p1a: Gyarados\n|-boost|p1a: Gyarados|atk|1\n|-boost|p1a: Gyarados|spe|1\n|move|p2a: Gyarados|Bounce|p1a: Gyarados|[still]\n|-prepare|p2a: Gyarados|Bounce|p1a: Gyarados\n|\n|upkeep\n|turn|22\n|\n|detailschange|p1a: Gyarados|Gyarados-Mega, M\n|-mega|p1a: Gyarados|Gyarados|Gyaradosite\n|-ability|p1a: Gyarados|Mold Breaker\n|move|p1a: Gyarados|Dragon Dance|p1a: Gyarados\n|-boost|p1a: Gyarados|atk|1\n|-boost|p1a: Gyarados|spe|1\n|move|p2a: Gyarados|Bounce|p1a: Gyarados|[from]lockedmove\n|-damage|p1a: Gyarados|32\/100\n|\n|upkeep\n|turn|23\n|\n|move|p1a: Gyarados|Crunch|p2a: Gyarados\n|-damage|p2a: Gyarados|0\n|faint|p2a: Gyarados\n|\n|upkeep\n|\n|switch|p2a: Kartana|Kartana|91\/100\n|turn|24\n|\n|move|p1a: Gyarados|Earthquake|p2a: Kartana\n|-damage|p2a: Kartana|0\n|faint|p2a: Kartana\n|\n|upkeep\n|\n|switch|p2a: Nidoking|Nidoking, M|86\/100\n|turn|25\n|\n|move|p1a: Gyarados|Waterfall|p2a: Nidoking\n|-supereffective|p2a: Nidoking\n|-damage|p2a: Nidoking|0\n|faint|p2a: Nidoking\n|\n|upkeep\n|\n|switch|p2a: Chansey|Chansey, F|100\/100\n|turn|26\n|\n|move|p1a: Gyarados|Waterfall|p2a: Chansey\n|-damage|p2a: Chansey|12\/100\n|move|p2a: Chansey|Seismic Toss|p1a: Gyarados\n|-damage|p1a: Gyarados|2\/100\n|\n|upkeep\n|turn|27\n|-message|Del chef forfeited.\n|\n|win|Emex\n|raw|Emex's rating: 1316 &rarr; <strong>1337<\/strong><br \/>(+21 for winning)\n|raw|Del chef's rating: 1345 &rarr; <strong>1323<\/strong><br \/>(-22 for losing)\n","uploadtime":1535759667,"views":7,"p1id":"emex","p2id":"delchef","formatid":"gen7ou","rating":1323,"private":0,"password":null}