{"id":"gen7ou-1154671152","p1":"Hajmola","p2":"jorgenialito","format":"gen7ou","log":"|j|\u2606Hajmola\n|j|\u2606jorgenialito\n|player|p1|Hajmola|pokefan|1096\n|player|p2|jorgenialito|170|1114\n|teamsize|p1|6\n|teamsize|p2|6\n|gametype|singles\n|gen|7\n|tier|[Gen 7] OU\n|rated|\n|clearpoke\n|poke|p1|Kyurem-Black|item\n|poke|p1|Charizard, F|item\n|poke|p1|Cloyster, F|item\n|poke|p1|Zeraora|item\n|poke|p1|Serperior, M|item\n|poke|p1|Cresselia, F|item\n|poke|p2|Eevee, F|item\n|poke|p2|Yanma, M|item\n|poke|p2|Purrloin, M|item\n|poke|p2|Shelgon, M|item\n|poke|p2|Breloom, M|item\n|poke|p2|Azumarill, F|item\n|rule|Sleep Clause Mod: Limit one foe put to sleep\n|rule|Species Clause: Limit one of each Pok\u00e9mon\n|rule|OHKO Clause: OHKO moves are banned\n|rule|Moody Clause: Moody is banned\n|rule|Evasion Moves Clause: Evasion moves are banned\n|rule|Endless Battle Clause: Forcing endless battles is banned\n|rule|HP Percentage Mod: HP is shown in percentages\n|teampreview\n|\n|start\n|switch|p1a: Cloyster|Cloyster, F, shiny|100\/100\n|switch|p2a: Purrloin|Purrloin, M, shiny|100\/100\n|turn|1\n|inactive|Battle timer is ON: inactive players will automatically lose when time's up. (requested by Hajmola)\n|\n|move|p2a: Purrloin|Substitute|p2a: Purrloin\n|-start|p2a: Purrloin|Substitute\n|-damage|p2a: Purrloin|76\/100\n|move|p1a: Cloyster|Shell Smash|p1a: Cloyster\n|-unboost|p1a: Cloyster|def|1\n|-unboost|p1a: Cloyster|spd|1\n|-boost|p1a: Cloyster|atk|2\n|-boost|p1a: Cloyster|spa|2\n|-boost|p1a: Cloyster|spe|2\n|\n|-heal|p2a: Purrloin|82\/100|[from] item: Leftovers\n|upkeep\n|turn|2\n|\n|move|p2a: Purrloin|Encore|p1a: Cloyster\n|-start|p1a: Cloyster|Encore\n|move|p1a: Cloyster|Shell Smash|p1a: Cloyster\n|-unboost|p1a: Cloyster|def|1\n|-unboost|p1a: Cloyster|spd|1\n|-boost|p1a: Cloyster|atk|2\n|-boost|p1a: Cloyster|spa|2\n|-boost|p1a: Cloyster|spe|2\n|\n|-heal|p2a: Purrloin|88\/100|[from] item: Leftovers\n|upkeep\n|turn|3\n|\n|move|p2a: Purrloin|Copycat|p2a: Purrloin\n|move|p2a: Purrloin|Shell Smash|p2a: Purrloin|[from]Copycat\n|-unboost|p2a: Purrloin|def|1\n|-unboost|p2a: Purrloin|spd|1\n|-boost|p2a: Purrloin|atk|2\n|-boost|p2a: Purrloin|spa|2\n|-boost|p2a: Purrloin|spe|2\n|move|p1a: Cloyster|Shell Smash|p1a: Cloyster\n|-unboost|p1a: Cloyster|def|1\n|-unboost|p1a: Cloyster|spd|1\n|-boost|p1a: Cloyster|atk|2\n|-boost|p1a: Cloyster|spa|2\n|-boost|p1a: Cloyster|spe|2\n|\n|-heal|p2a: Purrloin|94\/100|[from] item: Leftovers\n|upkeep\n|turn|4\n|\n|move|p1a: Cloyster|Shell Smash|p1a: Cloyster\n|-unboost|p1a: Cloyster|def|1\n|-unboost|p1a: Cloyster|spd|1\n|-boost|p1a: Cloyster|atk|0\n|-boost|p1a: Cloyster|spa|0\n|-boost|p1a: Cloyster|spe|0\n|move|p2a: Purrloin|Knock Off|p1a: Cloyster\n|-enditem|p1a: Cloyster|Focus Sash\n|-damage|p1a: Cloyster|1\/100\n|\n|-heal|p2a: Purrloin|99\/100|[from] item: Leftovers\n|-end|p1a: Cloyster|Encore\n|upkeep\n|turn|5\n|\n|move|p2a: Purrloin|Copycat|p2a: Purrloin\n|move|p2a: Purrloin|Knock Off|p1a: Cloyster|[from]Copycat\n|-damage|p1a: Cloyster|0 fnt\n|faint|p1a: Cloyster\n|\n|-heal|p2a: Purrloin|100\/100|[from] item: Leftovers\n|upkeep\n|\n|switch|p1a: Charizard|Charizard, F|100\/100\n|turn|6\n|\n|detailschange|p1a: Charizard|Charizard-Mega-X, F\n|-mega|p1a: Charizard|Charizard|Charizardite X\n|move|p2a: Purrloin|Knock Off|p1a: Charizard\n|-damage|p1a: Charizard|59\/100\n|move|p1a: Charizard|Dragon Dance|p1a: Charizard\n|-boost|p1a: Charizard|atk|1\n|-boost|p1a: Charizard|spe|1\n|\n|upkeep\n|turn|7\n|\n|move|p2a: Purrloin|Encore|p1a: Charizard\n|-start|p1a: Charizard|Encore\n|move|p1a: Charizard|Dragon Dance|p1a: Charizard\n|-boost|p1a: Charizard|atk|1\n|-boost|p1a: Charizard|spe|1\n|\n|upkeep\n|turn|8\n|-message|Hajmola forfeited.\n|\n|win|jorgenialito\n|l|\u2606Hajmola\n||Ladder (probably) updated, but score could not be retrieved (Request timeout).\n","uploadtime":1595273422,"views":12,"p1id":"hajmola","p2id":"jorgenialito","formatid":"gen7ou","rating":0,"private":0,"password":null}