{"id":"gen7ou-880998225","p1":"why addicted","p2":"Jezza7292","format":"gen7ou","log":"|j|\u2606why addicted\n|j|\u2606Jezza7292\n|player|p1|why addicted|265\n|player|p2|Jezza7292|168\n|teamsize|p1|6\n|teamsize|p2|6\n|gametype|singles\n|gen|7\n|tier|[Gen 7] OU\n|rated|\n|rule|Sleep Clause Mod: Limit one foe put to sleep\n|rule|Species Clause: Limit one of each Pok\u00e9mon\n|rule|OHKO Clause: OHKO moves are banned\n|rule|Moody Clause: Moody is banned\n|rule|Evasion Moves Clause: Evasion moves are banned\n|rule|Endless Battle Clause: Forcing endless battles is banned\n|rule|HP Percentage Mod: HP is shown in percentages\n|clearpoke\n|poke|p1|Mawile, F|item\n|poke|p1|Tapu Fini|item\n|poke|p1|Greninja, M|item\n|poke|p1|Zapdos|item\n|poke|p1|Jirachi|item\n|poke|p1|Garchomp, F|item\n|poke|p2|Clefable, M|item\n|poke|p2|Tyranitar, F|item\n|poke|p2|Heatran, F|item\n|poke|p2|Ferrothorn, M|item\n|poke|p2|Tornadus-Therian, M|item\n|poke|p2|Landorus-Therian, M|item\n|teampreview\n|c|\u2606why addicted|hf\n|c|\u2606Jezza7292|u2\n|\n|start\n|switch|p1a: Zapdos|Zapdos|100\/100\n|switch|p2a: Landorus|Landorus-Therian, M|100\/100\n|-ability|p2a: Landorus|Intimidate|boost\n|-unboost|p1a: Zapdos|atk|1\n|turn|1\n|\n|switch|p2a: Heatran|Heatran, F|100\/100\n|move|p1a: Zapdos|Volt Switch|p2a: Heatran\n|-damage|p2a: Heatran|83\/100\n|\n|switch|p1a: Garchomp|Garchomp, F|100\/100\n|\n|-heal|p2a: Heatran|89\/100|[from] item: Leftovers\n|upkeep\n|turn|2\n|\n|switch|p2a: Clefable|Clefable, M|100\/100\n|move|p1a: Garchomp|Stealth Rock|p2a: Clefable\n|-sidestart|p2: Jezza7292|move: Stealth Rock\n|\n|upkeep\n|turn|3\n|\n|switch|p1a: Mawile|Mawile, F|100\/100\n|-ability|p1a: Mawile|Intimidate|boost\n|-unboost|p2a: Clefable|atk|1\n|move|p2a: Clefable|Thunder Wave|p1a: Mawile\n|-status|p1a: Mawile|par\n|\n|upkeep\n|turn|4\n|\n|switch|p2a: Heatran|Heatran, F|89\/100\n|-damage|p2a: Heatran|76\/100|[from] Stealth Rock\n|detailschange|p1a: Mawile|Mawile-Mega, F\n|-mega|p1a: Mawile|Mawile|Mawilite\n|cant|p1a: Mawile|par\n|\n|-heal|p2a: Heatran|83\/100|[from] item: Leftovers\n|upkeep\n|turn|5\n|\n|move|p2a: Heatran|Magma Storm|p1a: Mawile\n|-supereffective|p1a: Mawile\n|-damage|p1a: Mawile|0 fnt\n|faint|p1a: Mawile\n|\n|-heal|p2a: Heatran|89\/100|[from] item: Leftovers\n|upkeep\n|\n|switch|p1a: Garchomp|Garchomp, F|100\/100\n|turn|6\n|\n|switch|p2a: Landorus|Landorus-Therian, M|100\/100\n|-damage|p2a: Landorus|88\/100|[from] Stealth Rock\n|-ability|p2a: Landorus|Intimidate|boost\n|-unboost|p1a: Garchomp|atk|1\n|move|p1a: Garchomp|Swords Dance|p1a: Garchomp\n|-boost|p1a: Garchomp|atk|2\n|\n|upkeep\n|turn|7\n|\n|move|p2a: Landorus|Hidden Power|p1a: Garchomp\n|-supereffective|p1a: Garchomp\n|-crit|p1a: Garchomp\n|-damage|p1a: Garchomp|3\/100\n|-zpower|p1a: Garchomp\n|move|p1a: Garchomp|Continental Crush|p2a: Landorus|[zeffect]\n|-damage|p2a: Landorus|0 fnt\n|faint|p2a: Landorus\n|\n|upkeep\n|\n|switch|p2a: Tornadus|Tornadus-Therian, M|100\/100\n|-damage|p2a: Tornadus|76\/100|[from] Stealth Rock\n|turn|8\n|\n|move|p2a: Tornadus|Knock Off|p1a: Garchomp\n|-damage|p1a: Garchomp|0 fnt\n|-damage|p2a: Tornadus|63\/100|[from] ability: Rough Skin|[of] p1a: Garchomp\n|faint|p1a: Garchomp\n|\n|upkeep\n|\n|switch|p1a: Zapdos|Zapdos|100\/100\n|turn|9\n|j| Gaiolinhas\n|\n|switch|p2a: Heatran|Heatran, F|89\/100\n|-damage|p2a: Heatran|76\/100|[from] Stealth Rock\n|move|p1a: Zapdos|Volt Switch|p2a: Heatran\n|-damage|p2a: Heatran|57\/100\n|\n|switch|p1a: Greninja|Greninja, M|100\/100\n|\n|-heal|p2a: Heatran|63\/100|[from] item: Leftovers\n|upkeep\n|turn|10\n|\n|switch|p2a: Ferrothorn|Ferrothorn, M|100\/100\n|-damage|p2a: Ferrothorn|94\/100|[from] Stealth Rock\n|move|p1a: Greninja|Spikes|p2a: Ferrothorn\n|-sidestart|p2: Jezza7292|Spikes\n|\n|-heal|p2a: Ferrothorn|100\/100|[from] item: Leftovers\n|upkeep\n|turn|11\n|\n|switch|p1a: Zapdos|Zapdos|100\/100\n|move|p2a: Ferrothorn|Leech Seed|p1a: Zapdos\n|-start|p1a: Zapdos|move: Leech Seed\n|\n|-damage|p1a: Zapdos|88\/100|[from] Leech Seed|[of] p2a: Ferrothorn\n|upkeep\n|turn|12\n|\n|move|p1a: Zapdos|Heat Wave|p2a: Ferrothorn\n|-supereffective|p2a: Ferrothorn\n|-damage|p2a: Ferrothorn|29\/100\n|move|p2a: Ferrothorn|Power Whip|p1a: Zapdos|[miss]\n|-miss|p2a: Ferrothorn|p1a: Zapdos\n|\n|-heal|p1a: Zapdos|94\/100|[from] item: Leftovers\n|-heal|p2a: Ferrothorn|35\/100|[from] item: Leftovers\n|-damage|p1a: Zapdos|82\/100|[from] Leech Seed|[of] p2a: Ferrothorn\n|-heal|p2a: Ferrothorn|49\/100|[silent]\n|upkeep\n|turn|13\n|\n|switch|p2a: Tyranitar|Tyranitar, F|100\/100\n|-damage|p2a: Tyranitar|88\/100|[from] Spikes\n|-damage|p2a: Tyranitar|76\/100|[from] Stealth Rock\n|-weather|Sandstorm|[from] ability: Sand Stream|[of] p2a: Tyranitar\n|move|p1a: Zapdos|Volt Switch|p2a: Tyranitar\n|-damage|p2a: Tyranitar|56\/100\n|\n|switch|p1a: Greninja|Greninja, M|100\/100\n|\n|-weather|Sandstorm|[upkeep]\n|-damage|p1a: Greninja|95\/100|[from] Sandstorm\n|upkeep\n|turn|14\n|\n|detailschange|p2a: Tyranitar|Tyranitar-Mega, F\n|-mega|p2a: Tyranitar|Tyranitar|Tyranitarite\n|move|p1a: Greninja|Hydro Pump|p2a: Tyranitar\n|-supereffective|p2a: Tyranitar\n|-damage|p2a: Tyranitar|0 fnt\n|faint|p2a: Tyranitar\n|-activate|p1a: Greninja|ability: Battle Bond\n|detailschange|p1a: Greninja|Greninja-Ash, M\n|\n|-weather|Sandstorm|[upkeep]\n|-damage|p1a: Greninja|89\/100|[from] Sandstorm\n|upkeep\n|\n|switch|p2a: Clefable|Clefable, M|100\/100\n|turn|15\n|\n|switch|p1a: Tapu Fini|Tapu Fini|100\/100\n|-fieldstart|move: Misty Terrain|[from] ability: Misty Surge|[of] p1a: Tapu Fini\n|move|p2a: Clefable|Moonblast|p1a: Tapu Fini\n|-damage|p1a: Tapu Fini|77\/100\n|\n|-weather|Sandstorm|[upkeep]\n|-damage|p1a: Tapu Fini|71\/100|[from] Sandstorm\n|-heal|p1a: Tapu Fini|77\/100|[from] item: Leftovers\n|upkeep\n|turn|16\n|\n|move|p1a: Tapu Fini|Nature's Madness|p2a: Clefable\n|-damage|p2a: Clefable|50\/100\n|move|p2a: Clefable|Calm Mind|p2a: Clefable\n|-boost|p2a: Clefable|spa|1\n|-boost|p2a: Clefable|spd|1\n|\n|-weather|Sandstorm|[upkeep]\n|-damage|p1a: Tapu Fini|71\/100|[from] Sandstorm\n|-heal|p1a: Tapu Fini|77\/100|[from] item: Leftovers\n|-heal|p2a: Clefable|57\/100|[from] item: Leftovers\n|upkeep\n|turn|17\n|j| uhgdfbdjfbgs\n|\n|move|p1a: Tapu Fini|Taunt|p2a: Clefable\n|-start|p2a: Clefable|move: Taunt\n|cant|p2a: Clefable|move: Taunt|Soft-Boiled\n|\n|-weather|none\n|-heal|p1a: Tapu Fini|83\/100|[from] item: Leftovers\n|-heal|p2a: Clefable|63\/100|[from] item: Leftovers\n|upkeep\n|turn|18\n|\n|switch|p2a: Tornadus|Tornadus-Therian, M|96\/100\n|-damage|p2a: Tornadus|72\/100|[from] Stealth Rock\n|move|p1a: Tapu Fini|Nature's Madness|p2a: Tornadus\n|-damage|p2a: Tornadus|36\/100\n|\n|-heal|p1a: Tapu Fini|89\/100|[from] item: Leftovers\n|upkeep\n|turn|19\n|\n|move|p2a: Tornadus|Defog|p1a: Tapu Fini\n|-unboost|p1a: Tapu Fini|evasion|1\n|-sideend|p2: Jezza7292|Spikes|[from] move: Defog|[of] p2a: Tornadus\n|-sideend|p2: Jezza7292|Stealth Rock|[from] move: Defog|[of] p2a: Tornadus\n|move|p1a: Tapu Fini|Moonblast|p2a: Tornadus\n|-crit|p2a: Tornadus\n|-damage|p2a: Tornadus|0 fnt\n|faint|p2a: Tornadus\n|\n|-heal|p1a: Tapu Fini|95\/100|[from] item: Leftovers\n|-fieldend|Misty Terrain\n|upkeep\n|\n|switch|p2a: Ferrothorn|Ferrothorn, M|49\/100\n|turn|20\n|\n|switch|p1a: Zapdos|Zapdos|82\/100\n|move|p2a: Ferrothorn|Power Whip|p1a: Zapdos\n|-resisted|p1a: Zapdos\n|-damage|p1a: Zapdos|69\/100\n|\n|-heal|p1a: Zapdos|75\/100|[from] item: Leftovers\n|-heal|p2a: Ferrothorn|55\/100|[from] item: Leftovers\n|upkeep\n|turn|21\n|\n|move|p1a: Zapdos|Heat Wave|p2a: Ferrothorn\n|-supereffective|p2a: Ferrothorn\n|-damage|p2a: Ferrothorn|0 fnt\n|faint|p2a: Ferrothorn\n|\n|-heal|p1a: Zapdos|81\/100|[from] item: Leftovers\n|upkeep\n|\n|switch|p2a: Clefable|Clefable, M|63\/100\n|turn|22\n|\n|move|p1a: Zapdos|Volt Switch|p2a: Clefable\n|-damage|p2a: Clefable|37\/100\n|\n|switch|p1a: Tapu Fini|Tapu Fini|95\/100\n|-fieldstart|move: Misty Terrain|[from] ability: Misty Surge|[of] p1a: Tapu Fini\n|move|p2a: Clefable|Calm Mind|p2a: Clefable\n|-boost|p2a: Clefable|spa|1\n|-boost|p2a: Clefable|spd|1\n|\n|-heal|p1a: Tapu Fini|100\/100|[from] item: Leftovers\n|-heal|p2a: Clefable|43\/100|[from] item: Leftovers\n|upkeep\n|turn|23\n|\n|move|p1a: Tapu Fini|Taunt|p2a: Clefable\n|-start|p2a: Clefable|move: Taunt\n|move|p2a: Clefable|Moonblast|p1a: Tapu Fini\n|-damage|p1a: Tapu Fini|69\/100\n|\n|-heal|p1a: Tapu Fini|75\/100|[from] item: Leftovers\n|-heal|p2a: Clefable|49\/100|[from] item: Leftovers\n|upkeep\n|turn|24\n|\n|move|p1a: Tapu Fini|Moonblast|p2a: Clefable\n|-damage|p2a: Clefable|31\/100\n|-unboost|p2a: Clefable|spa|1\n|move|p2a: Clefable|Moonblast|p1a: Tapu Fini\n|-damage|p1a: Tapu Fini|54\/100\n|-unboost|p1a: Tapu Fini|spa|1\n|\n|-heal|p1a: Tapu Fini|60\/100|[from] item: Leftovers\n|-heal|p2a: Clefable|38\/100|[from] item: Leftovers\n|upkeep\n|turn|25\n|\n|move|p1a: Tapu Fini|Nature's Madness|p2a: Clefable\n|-damage|p2a: Clefable|19\/100\n|move|p2a: Clefable|Moonblast|p1a: Tapu Fini\n|-damage|p1a: Tapu Fini|38\/100\n|\n|-heal|p1a: Tapu Fini|44\/100|[from] item: Leftovers\n|-heal|p2a: Clefable|25\/100|[from] item: Leftovers\n|-end|p2a: Clefable|move: Taunt\n|upkeep\n|turn|26\n|\n|move|p1a: Tapu Fini|Moonblast|p2a: Clefable\n|-damage|p2a: Clefable|14\/100\n|move|p2a: Clefable|Moonblast|p1a: Tapu Fini\n|-damage|p1a: Tapu Fini|24\/100\n|-unboost|p1a: Tapu Fini|spa|1\n|\n|-heal|p1a: Tapu Fini|30\/100|[from] item: Leftovers\n|-heal|p2a: Clefable|20\/100|[from] item: Leftovers\n|-fieldend|Misty Terrain\n|upkeep\n|turn|27\n|\n|move|p1a: Tapu Fini|Taunt|p2a: Clefable\n|-start|p2a: Clefable|move: Taunt\n|cant|p2a: Clefable|move: Taunt|Soft-Boiled\n|\n|-heal|p1a: Tapu Fini|36\/100|[from] item: Leftovers\n|-heal|p2a: Clefable|26\/100|[from] item: Leftovers\n|upkeep\n|turn|28\n|\n|move|p1a: Tapu Fini|Moonblast|p2a: Clefable\n|-damage|p2a: Clefable|17\/100\n|move|p2a: Clefable|Moonblast|p1a: Tapu Fini\n|-damage|p1a: Tapu Fini|14\/100\n|-unboost|p1a: Tapu Fini|spa|1\n|\n|-heal|p1a: Tapu Fini|20\/100|[from] item: Leftovers\n|-heal|p2a: Clefable|23\/100|[from] item: Leftovers\n|upkeep\n|turn|29\n|\n|move|p1a: Tapu Fini|Moonblast|p2a: Clefable\n|-damage|p2a: Clefable|16\/100\n|move|p2a: Clefable|Moonblast|p1a: Tapu Fini\n|-damage|p1a: Tapu Fini|0 fnt\n|faint|p1a: Tapu Fini\n|\n|-heal|p2a: Clefable|22\/100|[from] item: Leftovers\n|-end|p2a: Clefable|move: Taunt\n|upkeep\n|\n|switch|p1a: Jirachi|Jirachi|100\/100\n|turn|30\n|\n|move|p1a: Jirachi|Iron Head|p2a: Clefable\n|-supereffective|p2a: Clefable\n|-damage|p2a: Clefable|0 fnt\n|faint|p2a: Clefable\n|\n|upkeep\n|\n|switch|p2a: Heatran|Heatran, F|63\/100\n|turn|31\n|\n|switch|p1a: Zapdos|Zapdos|81\/100\n|move|p2a: Heatran|Magma Storm|p1a: Zapdos\n|-damage|p1a: Zapdos|41\/100\n|-activate|p1a: Zapdos|move: Magma Storm|[of] p2a: Heatran\n|\n|-heal|p1a: Zapdos|47\/100|[from] item: Leftovers\n|-heal|p2a: Heatran|69\/100|[from] item: Leftovers\n|-damage|p1a: Zapdos|35\/100|[from] move: Magma Storm|[partiallytrapped]\n|upkeep\n|turn|32\n|\n|move|p1a: Zapdos|Volt Switch|p2a: Heatran\n|-damage|p2a: Heatran|49\/100\n|\n|switch|p1a: Greninja|Greninja-Ash, M|89\/100\n|move|p2a: Heatran|Earth Power|p1a: Greninja\n|-damage|p1a: Greninja|50\/100\n|\n|-heal|p2a: Heatran|56\/100|[from] item: Leftovers\n|upkeep\n|turn|33\n|\n|move|p1a: Greninja|Water Shuriken|p2a: Heatran\n|-supereffective|p2a: Heatran\n|-damage|p2a: Heatran|33\/100\n|-supereffective|p2a: Heatran\n|-damage|p2a: Heatran|10\/100\n|-supereffective|p2a: Heatran\n|-damage|p2a: Heatran|0 fnt\n|-hitcount|p2a: Heatran|3\n|faint|p2a: Heatran\n|\n|win|why addicted\n|c|\u2606why addicted|gg\n|raw|why addicted's rating: 1852 &rarr; <strong>1865<\/strong><br \/>(+13 for winning)\n|raw|Jezza7292's rating: 1726 &rarr; <strong>1713<\/strong><br \/>(-13 for losing)\n|c|\u2606Jezza7292|gg\n|l|\u2606Jezza7292\n","uploadtime":1553389687,"views":29,"p1id":"whyaddicted","p2id":"jezza7292","formatid":"gen7ou","rating":1713,"private":0,"password":null}