{"id":"gen7oublitz-947960464","p1":"ScraftyProdigy","p2":"delchef","format":"gen7oublitz","log":"|j|\u2606ScraftyProdigy\n|j|\u2606delchef\n|player|p1|ScraftyProdigy|168|1196\n|player|p2|delchef|102|1143\n|teamsize|p1|6\n|teamsize|p2|6\n|gametype|singles\n|gen|7\n|tier|[Gen 7] OU (Blitz)\n|rated|\n|rule|Sleep Clause Mod: Limit one foe put to sleep\n|rule|Species Clause: Limit one of each Pok\u00e9mon\n|rule|OHKO Clause: OHKO moves are banned\n|rule|Moody Clause: Moody is banned\n|rule|Evasion Moves Clause: Evasion moves are banned\n|rule|Endless Battle Clause: Forcing endless battles is banned\n|rule|HP Percentage Mod: HP is shown in percentages\n|clearpoke\n|poke|p1|Kartana|item\n|poke|p1|Lopunny, F|item\n|poke|p1|Landorus-Therian, M|item\n|poke|p1|Greninja, M|item\n|poke|p1|Magearna|item\n|poke|p1|Zapdos|item\n|poke|p2|Tyranitar, F|item\n|poke|p2|Garchomp, F|item\n|poke|p2|Mawile, M|item\n|poke|p2|Serperior, F|item\n|poke|p2|Celesteela|item\n|poke|p2|Rotom-Wash|item\n|rule|Blitz: Super-fast timer\n|teampreview\n|\n|start\n|switch|p1a: Landorus|Landorus-Therian, M|100\/100\n|switch|p2a: Celesteela|Celesteela|100\/100\n|-ability|p1a: Landorus|Intimidate|boost\n|-unboost|p2a: Celesteela|atk|1\n|turn|1\n|\n|switch|p2a: Rotom|Rotom-Wash|100\/100\n|move|p1a: Landorus|Stealth Rock|p2a: Rotom\n|-sidestart|p2: delchef|move: Stealth Rock\n|\n|upkeep\n|turn|2\n|\n|switch|p1a: Magearna|Magearna|100\/100\n|move|p2a: Rotom|Defog|p1a: Magearna\n|-unboost|p1a: Magearna|evasion|1\n|-sideend|p2: delchef|Stealth Rock|[from] move: Defog|[of] p2a: Rotom\n|\n|upkeep\n|turn|3\n|\n|move|p2a: Rotom|Volt Switch|p1a: Magearna\n|-damage|p1a: Magearna|80\/100\n|\n|switch|p2a: Garchomp|Garchomp, F|100\/100|[from]move: Volt Switch\n|move|p1a: Magearna|Calm Mind|p1a: Magearna\n|-boost|p1a: Magearna|spa|1\n|-boost|p1a: Magearna|spd|1\n|\n|upkeep\n|turn|4\n|\n|switch|p1a: Landorus|Landorus-Therian, M|100\/100\n|-ability|p1a: Landorus|Intimidate|boost\n|-unboost|p2a: Garchomp|atk|1\n|move|p2a: Garchomp|Swords Dance|p2a: Garchomp\n|-boost|p2a: Garchomp|atk|2\n|\n|upkeep\n|turn|5\n|\n|-zpower|p2a: Garchomp\n|move|p2a: Garchomp|Continental Crush|p1a: Landorus|[zeffect]\n|-damage|p1a: Landorus|0 fnt\n|faint|p1a: Landorus\n|\n|upkeep\n|\n|switch|p1a: Greninja|Greninja, M|100\/100\n|turn|6\n|inactive|ScraftyProdigy has 30 seconds left this turn.\n|inactive|delchef has 30 seconds left this turn.\n|inactive|Battle timer is ON: inactive players will automatically lose when time's up. (requested by delchef)\n|\n|switch|p2a: Tyranitar|Tyranitar, F|100\/100\n|-weather|Sandstorm|[from] ability: Sand Stream|[of] p2a: Tyranitar\n|move|p1a: Greninja|Ice Beam|p2a: Tyranitar\n|-damage|p2a: Tyranitar|89\/100\n|\n|-weather|Sandstorm|[upkeep]\n|-damage|p1a: Greninja|95\/100|[from] Sandstorm\n|upkeep\n|turn|7\n|inactive|ScraftyProdigy has 15 seconds left this turn.\n|inactive|delchef has 15 seconds left this turn.\n|\n|switch|p1a: Magearna|Magearna|80\/100\n|move|p2a: Tyranitar|Rock Slide|p1a: Magearna\n|-resisted|p1a: Magearna\n|-damage|p1a: Magearna|66\/100\n|\n|-weather|Sandstorm|[upkeep]\n|upkeep\n|turn|8\n|inactive|ScraftyProdigy has 15 seconds left this turn.\n|inactive|delchef has 15 seconds left this turn.\n|inactive|ScraftyProdigy has 10 seconds left.\n|\n|move|p2a: Tyranitar|Earthquake|p1a: Magearna\n|-supereffective|p1a: Magearna\n|-damage|p1a: Magearna|19\/100\n|-zpower|p1a: Magearna\n|move|p1a: Magearna|All-Out Pummeling|p2a: Tyranitar|[zeffect]\n|-supereffective|p2a: Tyranitar\n|-damage|p2a: Tyranitar|26\/100\n|\n|-weather|Sandstorm|[upkeep]\n|upkeep\n|turn|9\n|inactive|ScraftyProdigy has 15 seconds left this turn.\n|inactive|delchef has 15 seconds left this turn.\n|inactive|ScraftyProdigy has 10 seconds left.\n|inactive|ScraftyProdigy has 5 seconds left.\n|\n|switch|p1a: Zapdos|Zapdos|100\/100\n|move|p2a: Tyranitar|Earthquake|p1a: Zapdos\n|-immune|p1a: Zapdos\n|\n|-weather|Sandstorm|[upkeep]\n|-damage|p1a: Zapdos|94\/100|[from] Sandstorm\n|upkeep\n|turn|10\n|inactive|ScraftyProdigy has 10 seconds left this turn.\n|inactive|delchef has 15 seconds left this turn.\n|inactive|ScraftyProdigy has 5 seconds left.\n|\n|switch|p1a: Magearna|Magearna|19\/100\n|move|p2a: Tyranitar|Rock Slide|p1a: Magearna|[miss]\n|-miss|p2a: Tyranitar|p1a: Magearna\n|\n|-weather|none\n|upkeep\n|turn|11\n|inactive|ScraftyProdigy has 10 seconds left this turn.\n|inactive|delchef has 15 seconds left this turn.\n|\n|move|p2a: Tyranitar|Earthquake|p1a: Magearna\n|-supereffective|p1a: Magearna\n|-damage|p1a: Magearna|0 fnt\n|faint|p1a: Magearna\n|\n|upkeep\n|inactive|ScraftyProdigy has 15 seconds left this turn.\n|inactive|delchef has 15 seconds left this turn.\n|inactive|ScraftyProdigy has 10 seconds left.\n|inactive|ScraftyProdigy has 5 seconds left.\n|\n|switch|p1a: Kartana|Kartana|100\/100\n|turn|12\n|inactive|ScraftyProdigy has 10 seconds left this turn.\n|inactive|delchef has 15 seconds left this turn.\n|inactive|ScraftyProdigy has 5 seconds left.\n|\n|switch|p2a: Mawile|Mawile, M|100\/100\n|-ability|p2a: Mawile|Intimidate|boost\n|-unboost|p1a: Kartana|atk|1\n|move|p1a: Kartana|Sacred Sword|p2a: Mawile\n|-damage|p2a: Mawile|67\/100\n|\n|upkeep\n|turn|13\n|inactive|ScraftyProdigy has 10 seconds left this turn.\n|inactive|delchef has 15 seconds left this turn.\n|inactive|delchef has 10 seconds left.\n|\n|switch|p1a: Zapdos|Zapdos|94\/100\n|switch|p2a: Celesteela|Celesteela|100\/100\n|\n|upkeep\n|turn|14\n|inactive|ScraftyProdigy has 15 seconds left this turn.\n|inactive|delchef has 15 seconds left this turn.\n|inactive|ScraftyProdigy has 10 seconds left.\n|\n|switch|p1a: Greninja|Greninja, M|95\/100\n|switch|p2a: Garchomp|Garchomp, F|100\/100\n|\n|upkeep\n|turn|15\n|inactive|ScraftyProdigy has 15 seconds left this turn.\n|inactive|delchef has 15 seconds left this turn.\n|\n|switch|p2a: Tyranitar|Tyranitar, F|26\/100\n|-weather|Sandstorm|[from] ability: Sand Stream|[of] p2a: Tyranitar\n|move|p1a: Greninja|Ice Beam|p2a: Tyranitar\n|-damage|p2a: Tyranitar|15\/100\n|-status|p2a: Tyranitar|frz\n|\n|-weather|Sandstorm|[upkeep]\n|-damage|p1a: Greninja|89\/100|[from] Sandstorm\n|upkeep\n|turn|16\n|inactive|ScraftyProdigy has 15 seconds left this turn.\n|inactive|delchef has 15 seconds left this turn.\n|\n|move|p1a: Greninja|Ice Beam|p2a: Tyranitar\n|-damage|p2a: Tyranitar|4\/100 frz\n|cant|p2a: Tyranitar|frz\n|\n|-weather|Sandstorm|[upkeep]\n|-damage|p1a: Greninja|83\/100|[from] Sandstorm\n|upkeep\n|turn|17\n|inactive|ScraftyProdigy has 15 seconds left this turn.\n|inactive|delchef has 15 seconds left this turn.\n|\n|move|p1a: Greninja|Ice Beam|p2a: Tyranitar\n|-damage|p2a: Tyranitar|0 fnt\n|faint|p2a: Tyranitar\n|-activate|p1a: Greninja|ability: Battle Bond\n|detailschange|p1a: Greninja|Greninja-Ash, M\n|\n|-weather|Sandstorm|[upkeep]\n|-damage|p1a: Greninja|77\/100|[from] Sandstorm\n|upkeep\n|inactive|ScraftyProdigy has 15 seconds left this turn.\n|inactive|delchef has 15 seconds left this turn.\n|inactive|delchef has 10 seconds left.\n|\n|switch|p2a: Celesteela|Celesteela|100\/100\n|turn|18\n|inactive|ScraftyProdigy has 15 seconds left this turn.\n|inactive|delchef has 15 seconds left this turn.\n|inactive|delchef has 10 seconds left.\n|\n|switch|p1a: Zapdos|Zapdos|94\/100\n|move|p2a: Celesteela|Autotomize|p2a: Celesteela\n|-boost|p2a: Celesteela|spe|2\n|-start|p2a: Celesteela|Autotomize\n|\n|-weather|Sandstorm|[upkeep]\n|-damage|p1a: Zapdos|88\/100|[from] Sandstorm\n|upkeep\n|turn|19\n|inactive|ScraftyProdigy has 15 seconds left this turn.\n|inactive|delchef has 15 seconds left this turn.\n|inactive|ScraftyProdigy has 10 seconds left.\n|inactive|delchef has 10 seconds left.\n|\n|move|p2a: Celesteela|Air Slash|p1a: Zapdos\n|-resisted|p1a: Zapdos\n|-damage|p1a: Zapdos|70\/100\n|move|p1a: Zapdos|Thunderbolt|p2a: Celesteela\n|-supereffective|p2a: Celesteela\n|-damage|p2a: Celesteela|1\/100\n|-enditem|p2a: Celesteela|Weakness Policy\n|-boost|p2a: Celesteela|atk|2\n|-boost|p2a: Celesteela|spa|2\n|\n|-weather|none\n|upkeep\n|turn|20\n|inactive|ScraftyProdigy has 15 seconds left this turn.\n|inactive|delchef has 15 seconds left this turn.\n|inactive|ScraftyProdigy has 10 seconds left.\n|inactive|delchef has 10 seconds left.\n|\n|move|p2a: Celesteela|Flamethrower|p1a: Zapdos\n|-damage|p1a: Zapdos|10\/100\n|-status|p1a: Zapdos|brn\n|move|p1a: Zapdos|Roost|p1a: Zapdos\n|-heal|p1a: Zapdos|60\/100 brn\n|-singleturn|p1a: Zapdos|move: Roost\n|\n|-damage|p1a: Zapdos|54\/100 brn|[from] brn\n|upkeep\n|turn|21\n|inactive|ScraftyProdigy has 15 seconds left this turn.\n|inactive|delchef has 15 seconds left this turn.\n|inactive|ScraftyProdigy has 10 seconds left.\n|inactive|ScraftyProdigy has 5 seconds left.\n|-message|ScraftyProdigy lost due to inactivity.\n|\n|win|delchef\n","uploadtime":1563649251,"views":2,"p1id":"scraftyprodigy","p2id":"delchef","formatid":"gen7oublitz","rating":0,"private":0,"password":null}