{"id":"gen7ou-869235513","p1":"RagingClopper","p2":"Kaylss","format":"gen7ou","log":"|raw|<div class=\"broadcast-red\"><strong>This battle is invite-only!<\/strong><br \/>Users must be rank + or invited with <code>\/invite<\/code> to join<\/div>\n|j|\u2606RagingClopper\n|j|\u2606Kaylss\n|player|p1|RagingClopper|1\n|player|p2|Kaylss|138\n|teamsize|p1|6\n|teamsize|p2|6\n|gametype|singles\n|gen|7\n|tier|[Gen 7] OU\n|rated|\n|rule|Sleep Clause Mod: Limit one foe put to sleep\n|rule|Species Clause: Limit one of each Pok\u00e9mon\n|rule|OHKO Clause: OHKO moves are banned\n|rule|Moody Clause: Moody is banned\n|rule|Evasion Moves Clause: Evasion moves are banned\n|rule|Endless Battle Clause: Forcing endless battles is banned\n|rule|HP Percentage Mod: HP is shown in percentages\n|clearpoke\n|poke|p1|Heatran, F|item\n|poke|p1|Magearna|item\n|poke|p1|Greninja, M|item\n|poke|p1|Landorus-Therian, M|item\n|poke|p1|Kartana|item\n|poke|p1|Lopunny, M|item\n|poke|p2|Ferrothorn, M|item\n|poke|p2|Lopunny, F|item\n|poke|p2|Heatran, F|item\n|poke|p2|Rotom-Wash|item\n|poke|p2|Gengar, M|item\n|poke|p2|Landorus-Therian, M|item\n|teampreview\n|inactive|Battle timer is ON: inactive players will automatically lose when time's up. (requested by RagingClopper)\n|\n|start\n|switch|p1a: Greninja|Greninja, M|100\/100\n|switch|p2a: Lopunny|Lopunny, F|100\/100\n|turn|1\n|\n|switch|p1a: Magearna|Magearna|100\/100\n|detailschange|p2a: Lopunny|Lopunny-Mega, F\n|-mega|p2a: Lopunny|Lopunny|Lopunnite\n|move|p2a: Lopunny|High Jump Kick|p1a: Magearna\n|-damage|p1a: Magearna|39\/100\n|\n|upkeep\n|turn|2\n|\n|move|p2a: Lopunny|High Jump Kick|p1a: Magearna|[miss]\n|-miss|p2a: Lopunny|p1a: Magearna\n|-damage|p2a: Lopunny|51\/100|[from] High Jump Kick\n|-zpower|p1a: Magearna\n|move|p1a: Magearna|Twinkle Tackle|p2a: Lopunny|[zeffect]\n|-supereffective|p2a: Lopunny\n|-damage|p2a: Lopunny|0 fnt\n|faint|p2a: Lopunny\n|-ability|p1a: Magearna|Soul-Heart|boost\n|-boost|p1a: Magearna|spa|1\n|\n|upkeep\n|\n|switch|p2a: Heatran|Heatran, F|100\/100\n|turn|3\n|\n|move|p2a: Heatran|Magma Storm|p1a: Magearna|[miss]\n|-miss|p2a: Heatran|p1a: Magearna\n|move|p1a: Magearna|Thunderbolt|p2a: Heatran\n|-damage|p2a: Heatran|47\/100\n|\n|-heal|p2a: Heatran|53\/100|[from] item: Leftovers\n|upkeep\n|turn|4\n|\n|move|p2a: Heatran|Magma Storm|p1a: Magearna\n|-supereffective|p1a: Magearna\n|-damage|p1a: Magearna|0 fnt\n|faint|p1a: Magearna\n|\n|-heal|p2a: Heatran|60\/100|[from] item: Leftovers\n|upkeep\n|\n|switch|p1a: Greninja|Greninja, M|100\/100\n|turn|5\n|\n|switch|p2a: Ferrothorn|Ferrothorn, M|100\/100\n|move|p1a: Greninja|Dark Pulse|p2a: Ferrothorn\n|-damage|p2a: Ferrothorn|74\/100\n|-damage|p1a: Greninja|91\/100|[from] item: Life Orb\n|\n|-heal|p2a: Ferrothorn|80\/100|[from] item: Leftovers\n|upkeep\n|turn|6\n|\n|switch|p1a: Heatran|Heatran, F|100\/100\n|-item|p1a: Heatran|Air Balloon\n|move|p2a: Ferrothorn|Stealth Rock|p1a: Heatran\n|-sidestart|p1: RagingClopper|move: Stealth Rock\n|\n|-heal|p2a: Ferrothorn|86\/100|[from] item: Leftovers\n|upkeep\n|turn|7\n|\n|switch|p1a: Kartana|Kartana, shiny|100\/100\n|-damage|p1a: Kartana|94\/100|[from] Stealth Rock\n|switch|p2a: Landorus|Landorus-Therian, M|100\/100\n|-ability|p2a: Landorus|Intimidate|boost\n|-unboost|p1a: Kartana|atk|1\n|\n|upkeep\n|turn|8\n|\n|move|p1a: Kartana|Knock Off|p2a: Landorus\n|-damage|p2a: Landorus|68\/100\n|-enditem|p2a: Landorus|Leftovers|[from] move: Knock Off|[of] p1a: Kartana\n|move|p2a: Landorus|U-turn|p1a: Kartana\n|-damage|p1a: Kartana|66\/100\n|\n|switch|p2a: Ferrothorn|Ferrothorn, M|86\/100\n|\n|-heal|p2a: Ferrothorn|92\/100|[from] item: Leftovers\n|upkeep\n|turn|9\n|\n|switch|p2a: Landorus|Landorus-Therian, M|68\/100\n|-ability|p2a: Landorus|Intimidate|boost\n|-unboost|p1a: Kartana|atk|1\n|move|p1a: Kartana|Knock Off|p2a: Landorus\n|-damage|p2a: Landorus|52\/100\n|\n|upkeep\n|turn|10\n|\n|switch|p1a: Landorus|Landorus-Therian, M, shiny|100\/100\n|-damage|p1a: Landorus|88\/100|[from] Stealth Rock\n|-ability|p1a: Landorus|Intimidate|boost\n|-unboost|p2a: Landorus|atk|1\n|move|p2a: Landorus|U-turn|p1a: Landorus\n|-resisted|p1a: Landorus\n|-damage|p1a: Landorus|77\/100\n|\n|switch|p2a: Rotom|Rotom-Wash|100\/100\n|\n|upkeep\n|turn|11\n|\n|move|p1a: Landorus|U-turn|p2a: Rotom\n|-damage|p2a: Rotom|82\/100\n|\n|switch|p1a: Kartana|Kartana, shiny|66\/100\n|-damage|p1a: Kartana|60\/100|[from] Stealth Rock\n|move|p2a: Rotom|Hydro Pump|p1a: Kartana\n|-resisted|p1a: Kartana\n|-damage|p1a: Kartana|0 fnt\n|faint|p1a: Kartana\n|\n|-heal|p2a: Rotom|88\/100|[from] item: Leftovers\n|upkeep\n|\n|switch|p1a: Lopunny|Lopunny, M, shiny|100\/100\n|-damage|p1a: Lopunny|88\/100|[from] Stealth Rock\n|turn|12\n|\n|detailschange|p1a: Lopunny|Lopunny-Mega, M, shiny\n|-mega|p1a: Lopunny|Lopunny|Lopunnite\n|move|p1a: Lopunny|Ice Punch|p2a: Rotom\n|-resisted|p2a: Rotom\n|-damage|p2a: Rotom|77\/100\n|move|p2a: Rotom|Will-O-Wisp|p1a: Lopunny\n|-status|p1a: Lopunny|brn\n|\n|-heal|p2a: Rotom|84\/100|[from] item: Leftovers\n|-damage|p1a: Lopunny|82\/100 brn|[from] brn\n|upkeep\n|turn|13\n|-message|RagingClopper forfeited.\n|\n|win|Kaylss\n|l|\u2606RagingClopper\n|raw|RagingClopper's rating: 1510 &rarr; <strong>1492<\/strong><br \/>(-18 for losing)\n|raw|Kaylss's rating: 1554 &rarr; <strong>1571<\/strong><br \/>(+17 for winning)\n|c|\u2606Kaylss|\/log Kaylss made this room public.\n","uploadtime":1551415946,"views":10,"p1id":"ragingclopper","p2id":"kaylss","formatid":"gen7ou","rating":1492,"private":0,"password":null}