{"id":"gen7ou-699879628","p1":"trainer_kiel","p2":"Q114","format":"gen7ou","log":"|j|\u2606trainer_kiel\n|j|\u2606Q114\n|player|p1|trainer_kiel|290\n|player|p2|Q114|1\n|teamsize|p1|6\n|teamsize|p2|6\n|gametype|singles\n|gen|7\n|tier|[Gen 7] OU\n|rated|\n|rule|Sleep Clause Mod: Limit one foe put to sleep\n|rule|Species Clause: Limit one of each Pok\u00e9mon\n|rule|OHKO Clause: OHKO moves are banned\n|rule|Moody Clause: Moody is banned\n|rule|Evasion Moves Clause: Evasion moves are banned\n|rule|Endless Battle Clause: Forcing endless battles is banned\n|rule|HP Percentage Mod: HP is shown in percentages\n|clearpoke\n|poke|p1|Magearna|item\n|poke|p1|Medicham, M|item\n|poke|p1|Heatran, M|item\n|poke|p1|Landorus-Therian, M|item\n|poke|p1|Tapu Koko|item\n|poke|p1|Keldeo-Resolute|item\n|poke|p2|Skarmory, F|item\n|poke|p2|Chansey, F|item\n|poke|p2|Magnezone|item\n|poke|p2|Toxapex, M|item\n|poke|p2|Clefable, M|item\n|poke|p2|Sableye, M|item\n|teampreview\n|j| ReimuXMarisa\n|\n|start\n|switch|p1a: Tapu Koko|Tapu Koko|100\/100\n|switch|p2a: Sableye|Sableye, M|100\/100\n|-fieldstart|move: Electric Terrain|[from] ability: Electric Surge|[of] p1a: Tapu Koko\n|turn|1\n|\n|-mega|p2a: Sableye|Sableye|Sablenite\n|detailschange|p2a: Sableye|Sableye-Mega, M\n|move|p2a: Sableye|Protect|p2a: Sableye\n|-singleturn|p2a: Sableye|Protect\n|move|p1a: Tapu Koko|Dazzling Gleam|p2a: Sableye\n|-activate|p2a: Sableye|move: Protect\n|\n|upkeep\n|turn|2\n|j| ojcastillo29\n|\n|switch|p2a: Chansey|Chansey, F|100\/100\n|move|p1a: Tapu Koko|Dazzling Gleam|p2a: Chansey\n|-damage|p2a: Chansey|86\/100\n|\n|upkeep\n|turn|3\n|inactive|Battle timer is ON: inactive players will automatically lose when time's up. (requested by trainer_kiel)\n|\n|switch|p1a: Heatran|Heatran, M|100\/100\n|move|p2a: Chansey|Stealth Rock|p1a: Heatran\n|-sidestart|p1: trainer_kiel|move: Stealth Rock\n|\n|upkeep\n|turn|4\n|\n|switch|p2a: Sableye|Sableye-Mega, M|100\/100\n|move|p1a: Heatran|Magma Storm|p2a: Sableye\n|-damage|p2a: Sableye|68\/100\n|-activate|p2a: Sableye|move: Magma Storm|[of] p1a: Heatran\n|\n|-damage|p2a: Sableye|56\/100|[from] move: Magma Storm|[partiallytrapped]\n|upkeep\n|turn|5\n|j| fuxx listall\n|\n|move|p1a: Heatran|Earth Power|p2a: Sableye\n|-damage|p2a: Sableye|38\/100\n|move|p2a: Sableye|Recover|p2a: Sableye\n|-heal|p2a: Sableye|88\/100\n|\n|-damage|p2a: Sableye|76\/100|[from] move: Magma Storm|[partiallytrapped]\n|-fieldend|move: Electric Terrain\n|upkeep\n|turn|6\n|\n|move|p1a: Heatran|Magma Storm|p2a: Sableye|[miss]\n|-miss|p1a: Heatran|p2a: Sableye\n|move|p2a: Sableye|Recover|p2a: Sableye\n|-heal|p2a: Sableye|100\/100\n|\n|-damage|p2a: Sableye|88\/100|[from] move: Magma Storm|[partiallytrapped]\n|upkeep\n|turn|7\n|\n|switch|p1a: Keldeo|Keldeo-Resolute|100\/100\n|-damage|p1a: Keldeo|94\/100|[from] Stealth Rock\n|move|p2a: Sableye|Protect|p2a: Sableye\n|-fail|p2a: Sableye\n|\n|upkeep\n|turn|8\n|\n|switch|p2a: Toxapex|Toxapex, M|100\/100\n|move|p1a: Keldeo|Scald|p2a: Toxapex\n|-resisted|p2a: Toxapex\n|-damage|p2a: Toxapex|83\/100\n|-status|p2a: Toxapex|brn\n|\n|-heal|p2a: Toxapex|89\/100 brn|[from] item: Black Sludge\n|-damage|p2a: Toxapex|83\/100 brn|[from] brn\n|upkeep\n|turn|9\n|\n|switch|p1a: Landorus|Landorus-Therian, M|100\/100\n|-damage|p1a: Landorus|88\/100|[from] Stealth Rock\n|-ability|p1a: Landorus|Intimidate|boost\n|-unboost|p2a: Toxapex|atk|1\n|move|p2a: Toxapex|Toxic Spikes|p1a: Landorus\n|-sidestart|p1: trainer_kiel|move: Toxic Spikes\n|\n|-heal|p1a: Landorus|94\/100|[from] item: Leftovers\n|-heal|p2a: Toxapex|89\/100 brn|[from] item: Black Sludge\n|-damage|p2a: Toxapex|83\/100 brn|[from] brn\n|upkeep\n|turn|10\n|\n|move|p1a: Landorus|Defog|p2a: Toxapex\n|-unboost|p2a: Toxapex|evasion|1\n|-sideend|p1: trainer_kiel|Toxic Spikes|[from] move: Defog|[of] p1a: Landorus\n|-sideend|p1: trainer_kiel|Stealth Rock|[from] move: Defog|[of] p1a: Landorus\n|move|p2a: Toxapex|Scald|p1a: Landorus\n|-supereffective|p1a: Landorus\n|-damage|p1a: Landorus|55\/100\n|-status|p1a: Landorus|brn\n|\n|-heal|p1a: Landorus|61\/100 brn|[from] item: Leftovers\n|-heal|p2a: Toxapex|89\/100 brn|[from] item: Black Sludge\n|-damage|p1a: Landorus|55\/100 brn|[from] brn\n|-damage|p2a: Toxapex|83\/100 brn|[from] brn\n|upkeep\n|turn|11\n|\n|switch|p1a: Medicham|Medicham, M|100\/100\n|move|p2a: Toxapex|Toxic Spikes|p1a: Medicham\n|-sidestart|p1: trainer_kiel|move: Toxic Spikes\n|\n|-heal|p2a: Toxapex|89\/100 brn|[from] item: Black Sludge\n|-damage|p2a: Toxapex|83\/100 brn|[from] brn\n|upkeep\n|turn|12\n|\n|switch|p2a: Skarmory|Skarmory, F|100\/100\n|-mega|p1a: Medicham|Medicham|Medichamite\n|detailschange|p1a: Medicham|Medicham-Mega, M\n|move|p1a: Medicham|Ice Punch|p2a: Skarmory\n|-damage|p2a: Skarmory|75\/100\n|-damage|p1a: Medicham|84\/100|[from] item: Rocky Helmet|[of] p2a: Skarmory\n|\n|upkeep\n|turn|13\n|-message|trainer_kiel forfeited.\n|\n|win|Q114\n|l|\u2606trainer_kiel\n|raw|trainer_kiel's rating: 1770 &rarr; <strong>1755<\/strong><br \/>(-15 for losing)\n|raw|Q114's rating: 1860 &rarr; <strong>1874<\/strong><br \/>(+14 for winning)\n|l| ReimuXMarisa\n|l| ojcastillo29\n|l|\u2606Q114\n","inputlog":null,"uploadtime":1517905489,"views":38,"p1id":"trainerkiel","p2id":"q114","formatid":"gen7ou","rating":1755,"private":0,"password":null}