{"id":"gen7battlefactory-1526697701","p1":"Sp0oNl0rD","p2":"TALANOA HUFANGA","format":"gen7battlefactory","log":"|j|\u2606Sp0oNl0rD\n|j|\u2606TALANOA HUFANGA\n|t:|1646798189\n|gametype|singles\n|player|p1|Sp0oNl0rD|teamrocket|\n|player|p2|TALANOA HUFANGA|karen|\n|teamsize|p1|6\n|teamsize|p2|6\n|gen|7\n|tier|[Gen 7] Battle Factory\n|rated|Tournament battle\n|rule|Sleep Clause Mod: Limit one foe put to sleep\n|rule|HP Percentage Mod: HP is shown in percentages\n|rule|Mega Rayquaza Clause: You cannot mega evolve Rayquaza\n|clearpoke\n|poke|p1|Stoutland, M|item\n|poke|p1|Bellossom, M|item\n|poke|p1|Kabutops, M|item\n|poke|p1|Golem, F|item\n|poke|p1|Spiritomb, F|item\n|poke|p1|Mawile, M|item\n|poke|p2|Pyukumuku, F|item\n|poke|p2|Shiftry, M|item\n|poke|p2|Toucannon, F|item\n|poke|p2|Haunter, F|item\n|poke|p2|Abomasnow, M|item\n|poke|p2|Regirock|item\n|teampreview\n|j| BB-8-NU\n|inactive|Battle timer is ON: inactive players will automatically lose when time's up. (requested by Sp0oNl0rD)\n|c|\u2606TALANOA HUFANGA|hf\n|j| BeeOrSomething\n|c|\u2606Sp0oNl0rD|hf\n|\n|t:|1646798214\n|start\n|switch|p1a: Golem|Golem, F|301\/301\n|switch|p2a: Regirock|Regirock|363\/363\n|turn|1\n|\n|t:|1646798219\n|move|p1a: Golem|Stealth Rock|p2a: Regirock\n|-sidestart|p2: TALANOA HUFANGA|move: Stealth Rock\n|move|p2a: Regirock|Stealth Rock|p1a: Golem\n|-sidestart|p1: Sp0oNl0rD|move: Stealth Rock\n|\n|upkeep\n|turn|2\n|\n|t:|1646798221\n|move|p1a: Golem|Earthquake|p2a: Regirock\n|-supereffective|p2a: Regirock\n|-damage|p2a: Regirock|169\/363\n|move|p2a: Regirock|Earthquake|p1a: Golem\n|-supereffective|p1a: Golem\n|-damage|p1a: Golem|177\/301\n|-enditem|p1a: Golem|Weakness Policy\n|-boost|p1a: Golem|atk|2|[from] item: Weakness Policy\n|-boost|p1a: Golem|spa|2|[from] item: Weakness Policy\n|\n|-heal|p2a: Regirock|191\/363|[from] item: Leftovers\n|upkeep\n|turn|3\n|\n|t:|1646798237\n|move|p1a: Golem|Rock Blast|p2a: Regirock\n|-damage|p2a: Regirock|143\/363\n|-damage|p2a: Regirock|95\/363\n|-damage|p2a: Regirock|49\/363\n|-hitcount|p2a: Regirock|3\n|move|p2a: Regirock|Toxic|p1a: Golem\n|-status|p1a: Golem|tox\n|\n|-heal|p2a: Regirock|71\/363|[from] item: Leftovers\n|-damage|p1a: Golem|159\/301 tox|[from] psn\n|upkeep\n|turn|4\n|\n|t:|1646798242\n|move|p1a: Golem|Rock Blast|p2a: Regirock\n|-crit|p2a: Regirock\n|-damage|p2a: Regirock|4\/363\n|-damage|p2a: Regirock|0 fnt\n|faint|p2a: Regirock\n|-hitcount|p2: Regirock|2\n|\n|-damage|p1a: Golem|123\/301 tox|[from] psn\n|upkeep\n|j| ibbysonlyfan\n|j| flyingkipper\n|\n|t:|1646798255\n|switch|p2a: Pyukumuku|Pyukumuku, F|314\/314\n|-damage|p2a: Pyukumuku|275\/314|[from] Stealth Rock\n|turn|5\n|\n|t:|1646798259\n|move|p1a: Golem|Explosion|p2a: Pyukumuku\n|-damage|p2a: Pyukumuku|93\/314\n|faint|p1a: Golem\n|move|p2a: Pyukumuku|Recover|p2a: Pyukumuku\n|-heal|p2a: Pyukumuku|250\/314\n|\n|-heal|p2a: Pyukumuku|269\/314|[from] item: Leftovers\n|upkeep\n|\n|t:|1646798269\n|switch|p1a: Kabutops|Kabutops, M|261\/261\n|-damage|p1a: Kabutops|229\/261|[from] Stealth Rock\n|turn|6\n|\n|t:|1646798273\n|move|p1a: Kabutops|Rapid Spin|p2a: Pyukumuku\n|-damage|p2a: Pyukumuku|254\/314\n|-sideend|p1: Sp0oNl0rD|Stealth Rock|[from] move: Rapid Spin|[of] p1a: Kabutops\n|move|p2a: Pyukumuku|Toxic|p1a: Kabutops\n|-status|p1a: Kabutops|tox\n|\n|-heal|p2a: Pyukumuku|273\/314|[from] item: Leftovers\n|-damage|p1a: Kabutops|213\/261 tox|[from] psn\n|upkeep\n|turn|7\n|\n|t:|1646798283\n|switch|p1a: Spiritomb|Spiritomb, F|303\/303\n|-ability|p1a: Spiritomb|Pressure\n|move|p2a: Pyukumuku|Soak|p1a: Spiritomb\n|-start|p1a: Spiritomb|typechange|Water\n|\n|-heal|p2a: Pyukumuku|292\/314|[from] item: Leftovers\n|upkeep\n|turn|8\n|\n|t:|1646798289\n|move|p1a: Spiritomb|Dark Pulse|p2a: Pyukumuku\n|-damage|p2a: Pyukumuku|249\/314\n|move|p2a: Pyukumuku|Toxic|p1a: Spiritomb|[miss]\n|-miss|p2a: Pyukumuku|p1a: Spiritomb\n|\n|-heal|p2a: Pyukumuku|268\/314|[from] item: Leftovers\n|upkeep\n|turn|9\n|\n|t:|1646798292\n|switch|p1a: Kabutops|Kabutops, M|213\/261 tox\n|move|p2a: Pyukumuku|Toxic|p1a: Kabutops\n|-fail|p1a: Kabutops|tox\n|\n|-heal|p2a: Pyukumuku|287\/314|[from] item: Leftovers\n|-damage|p1a: Kabutops|197\/261 tox|[from] psn\n|upkeep\n|turn|10\n|\n|t:|1646798296\n|move|p1a: Kabutops|Knock Off|p2a: Pyukumuku\n|-damage|p2a: Pyukumuku|225\/314\n|-enditem|p2a: Pyukumuku|Leftovers|[from] move: Knock Off|[of] p1a: Kabutops\n|move|p2a: Pyukumuku|Counter|p1a: Kabutops\n|-damage|p1a: Kabutops|73\/261 tox\n|\n|-damage|p1a: Kabutops|41\/261 tox|[from] psn\n|upkeep\n|turn|11\n|\n|t:|1646798301\n|switch|p1a: Bellossom|Bellossom, M|291\/291\n|move|p2a: Pyukumuku|Recover|p2a: Pyukumuku\n|-heal|p2a: Pyukumuku|314\/314\n|\n|upkeep\n|turn|12\n|\n|t:|1646798328\n|switch|p2a: Shiftry|Shiftry, M|322\/322\n|-damage|p2a: Shiftry|282\/322|[from] Stealth Rock\n|move|p1a: Bellossom|Safeguard|p1a: Bellossom\n|-sidestart|p1: Sp0oNl0rD|Safeguard\n|\n|upkeep\n|turn|13\n|\n|t:|1646798338\n|switch|p1a: Mawile|Mawile, M|241\/241\n|move|p2a: Shiftry|Knock Off|p1a: Mawile\n|-resisted|p1a: Mawile\n|-damage|p1a: Mawile|158\/241\n|-enditem|p1a: Mawile|Life Orb|[from] move: Knock Off|[of] p2a: Shiftry\n|\n|upkeep\n|turn|14\n|\n|t:|1646798356\n|switch|p2a: Haunter|Haunter, F|231\/231\n|-damage|p2a: Haunter|203\/231|[from] Stealth Rock\n|move|p1a: Mawile|Play Rough|p2a: Haunter\n|-resisted|p2a: Haunter\n|-damage|p2a: Haunter|54\/231\n|\n|upkeep\n|turn|15\n|\n|t:|1646798363\n|move|p1a: Mawile|Sucker Punch||[still]\n|-fail|p1a: Mawile\n|move|p2a: Haunter|Destiny Bond|p2a: Haunter\n|-singlemove|p2a: Haunter|Destiny Bond\n|\n|upkeep\n|turn|16\n|\n|t:|1646798371\n|move|p2a: Haunter|Destiny Bond||[still]\n|-fail|p2a: Haunter\n|move|p1a: Mawile|Iron Head|p2a: Haunter\n|-damage|p2a: Haunter|0 fnt\n|faint|p2a: Haunter\n|\n|-sideend|p1: Sp0oNl0rD|Safeguard\n|upkeep\n|\n|t:|1646798375\n|switch|p2a: Pyukumuku|Pyukumuku, F|314\/314\n|-damage|p2a: Pyukumuku|275\/314|[from] Stealth Rock\n|turn|17\n|\n|t:|1646798379\n|switch|p1a: Kabutops|Kabutops, M|41\/261 tox\n|move|p2a: Pyukumuku|Toxic|p1a: Kabutops\n|-fail|p1a: Kabutops|tox\n|\n|-damage|p1a: Kabutops|25\/261 tox|[from] psn\n|upkeep\n|turn|18\n|\n|t:|1646798382\n|move|p1a: Kabutops|Stone Edge|p2a: Pyukumuku\n|-damage|p2a: Pyukumuku|175\/314\n|move|p2a: Pyukumuku|Recover|p2a: Pyukumuku\n|-heal|p2a: Pyukumuku|314\/314\n|\n|-damage|p1a: Kabutops|0 fnt|[from] psn\n|faint|p1a: Kabutops\n|upkeep\n|\n|t:|1646798384\n|switch|p1a: Bellossom|Bellossom, M|291\/291\n|turn|19\n|\n|t:|1646798387\n|move|p1a: Bellossom|Quiver Dance|p1a: Bellossom\n|-boost|p1a: Bellossom|spa|1\n|-boost|p1a: Bellossom|spd|1\n|-boost|p1a: Bellossom|spe|1\n|move|p2a: Pyukumuku|Toxic|p1a: Bellossom\n|-status|p1a: Bellossom|tox\n|\n|-damage|p1a: Bellossom|273\/291 tox|[from] psn\n|upkeep\n|turn|20\n|\n|t:|1646798395\n|switch|p2a: Abomasnow|Abomasnow, M|321\/321\n|-damage|p2a: Abomasnow|241\/321|[from] Stealth Rock\n|-weather|Hail|[from] ability: Snow Warning|[of] p2a: Abomasnow\n|-zpower|p1a: Bellossom\n|move|p1a: Bellossom|Bloom Doom|p2a: Abomasnow|[zeffect]\n|-resisted|p2a: Abomasnow\n|-damage|p2a: Abomasnow|64\/321\n|\n|-weather|Hail|[upkeep]\n|-damage|p1a: Bellossom|255\/291 tox|[from] Hail\n|-damage|p1a: Bellossom|219\/291 tox|[from] psn\n|upkeep\n|turn|21\n|\n|t:|1646798404\n|move|p2a: Abomasnow|Blizzard|p1a: Bellossom\n|-supereffective|p1a: Bellossom\n|-damage|p1a: Bellossom|3\/291 tox\n|move|p1a: Bellossom|Giga Drain|p2a: Abomasnow\n|-resisted|p2a: Abomasnow\n|-damage|p2a: Abomasnow|0 fnt\n|-heal|p1a: Bellossom|35\/291 tox|[from] drain|[of] p2a: Abomasnow\n|faint|p2a: Abomasnow\n|\n|-weather|Hail|[upkeep]\n|-damage|p1a: Bellossom|17\/291 tox|[from] Hail\n|-damage|p1a: Bellossom|0 fnt|[from] psn\n|faint|p1a: Bellossom\n|upkeep\n|\n|t:|1646798417\n|switch|p2a: Pyukumuku|Pyukumuku, F|314\/314\n|switch|p1a: Stoutland|Stoutland, M|311\/311\n|-damage|p2a: Pyukumuku|275\/314|[from] Stealth Rock\n|turn|22\n|\n|t:|1646798423\n|move|p1a: Stoutland|Facade|p2a: Pyukumuku\n|-damage|p2a: Pyukumuku|161\/314\n|move|p2a: Pyukumuku|Soak|p1a: Stoutland\n|-start|p1a: Stoutland|typechange|Water\n|\n|-weather|Hail|[upkeep]\n|-damage|p1a: Stoutland|292\/311|[from] Hail\n|-damage|p2a: Pyukumuku|142\/314|[from] Hail\n|upkeep\n|turn|23\n|\n|t:|1646798427\n|switch|p1a: Mawile|Mawile, M|158\/241\n|move|p2a: Pyukumuku|Recover|p2a: Pyukumuku\n|-heal|p2a: Pyukumuku|299\/314\n|\n|-weather|Hail|[upkeep]\n|-damage|p1a: Mawile|143\/241|[from] Hail\n|-damage|p2a: Pyukumuku|280\/314|[from] Hail\n|upkeep\n|turn|24\n|j|+blackkaiser\n|\n|t:|1646798434\n|move|p1a: Mawile|Play Rough|p2a: Pyukumuku\n|-damage|p2a: Pyukumuku|177\/314\n|move|p2a: Pyukumuku|Counter|p1a: Mawile\n|-damage|p1a: Mawile|0 fnt\n|faint|p1a: Mawile\n|\n|-weather|none\n|upkeep\n|\n|t:|1646798436\n|switch|p1a: Stoutland|Stoutland, M|292\/311\n|turn|25\n|\n|t:|1646798440\n|move|p1a: Stoutland|Return|p2a: Pyukumuku\n|-damage|p2a: Pyukumuku|24\/314\n|move|p2a: Pyukumuku|Recover|p2a: Pyukumuku\n|-heal|p2a: Pyukumuku|181\/314\n|\n|upkeep\n|turn|26\n|\n|t:|1646798446\n|move|p1a: Stoutland|Return|p2a: Pyukumuku\n|-damage|p2a: Pyukumuku|15\/314\n|move|p2a: Pyukumuku|Counter|p1a: Stoutland\n|-damage|p1a: Stoutland|0 fnt\n|faint|p1a: Stoutland\n|\n|upkeep\n|\n|t:|1646798448\n|switch|p1a: Spiritomb|Spiritomb, F|303\/303\n|-ability|p1a: Spiritomb|Pressure\n|turn|27\n|\n|t:|1646798453\n|move|p1a: Spiritomb|Dark Pulse|p2a: Pyukumuku\n|-damage|p2a: Pyukumuku|0 fnt\n|faint|p2a: Pyukumuku\n|\n|upkeep\n|\n|t:|1646798455\n|switch|p2a: Shiftry|Shiftry, M|282\/322\n|-damage|p2a: Shiftry|242\/322|[from] Stealth Rock\n|turn|28\n|\n|t:|1646798458\n|move|p2a: Shiftry|Leaf Blade|p1a: Spiritomb\n|-damage|p1a: Spiritomb|203\/303\n|move|p1a: Spiritomb|Calm Mind|p1a: Spiritomb\n|-boost|p1a: Spiritomb|spa|1\n|-boost|p1a: Spiritomb|spd|1\n|\n|-heal|p1a: Spiritomb|221\/303|[from] item: Leftovers\n|upkeep\n|turn|29\n|\n|t:|1646798462\n|move|p2a: Shiftry|Leaf Blade|p1a: Spiritomb\n|-damage|p1a: Spiritomb|113\/303\n|move|p1a: Spiritomb|Calm Mind|p1a: Spiritomb\n|-boost|p1a: Spiritomb|spa|1\n|-boost|p1a: Spiritomb|spd|1\n|\n|-heal|p1a: Spiritomb|131\/303|[from] item: Leftovers\n|upkeep\n|turn|30\n|\n|t:|1646798464\n|move|p2a: Shiftry|Leaf Blade|p1a: Spiritomb\n|-damage|p1a: Spiritomb|31\/303\n|move|p1a: Spiritomb|Rest|p1a: Spiritomb\n|-status|p1a: Spiritomb|slp|[from] move: Rest\n|-heal|p1a: Spiritomb|303\/303 slp|[silent]\n|\n|upkeep\n|turn|31\n|\n|t:|1646798467\n|move|p2a: Shiftry|Leaf Blade|p1a: Spiritomb\n|-damage|p1a: Spiritomb|198\/303 slp\n|cant|p1a: Spiritomb|slp\n|move|p1a: Spiritomb|Sleep Talk|p1a: Spiritomb\n|move|p1a: Spiritomb|Rest||[from]move: Sleep Talk|[still]\n|-fail|p1a: Spiritomb\n|\n|-heal|p1a: Spiritomb|216\/303 slp|[from] item: Leftovers\n|upkeep\n|turn|32\n|\n|t:|1646798469\n|move|p2a: Shiftry|Leaf Blade|p1a: Spiritomb\n|-damage|p1a: Spiritomb|114\/303 slp\n|cant|p1a: Spiritomb|slp\n|move|p1a: Spiritomb|Sleep Talk|p1a: Spiritomb\n|move|p1a: Spiritomb|Calm Mind|p1a: Spiritomb|[from]move: Sleep Talk\n|-boost|p1a: Spiritomb|spa|1\n|-boost|p1a: Spiritomb|spd|1\n|\n|-heal|p1a: Spiritomb|132\/303 slp|[from] item: Leftovers\n|upkeep\n|turn|33\n|\n|t:|1646798472\n|move|p2a: Shiftry|Leaf Blade|p1a: Spiritomb\n|-damage|p1a: Spiritomb|39\/303 slp\n|-curestatus|p1a: Spiritomb|slp|[msg]\n|move|p1a: Spiritomb|Rest|p1a: Spiritomb\n|-status|p1a: Spiritomb|slp|[from] move: Rest\n|-heal|p1a: Spiritomb|303\/303 slp|[silent]\n|\n|upkeep\n|turn|34\n|\n|t:|1646798475\n|move|p2a: Shiftry|Leaf Blade|p1a: Spiritomb\n|-damage|p1a: Spiritomb|198\/303 slp\n|cant|p1a: Spiritomb|slp\n|move|p1a: Spiritomb|Sleep Talk|p1a: Spiritomb\n|move|p1a: Spiritomb|Dark Pulse|p2a: Shiftry|[from]move: Sleep Talk\n|-resisted|p2a: Shiftry\n|-damage|p2a: Shiftry|77\/322\n|\n|-heal|p1a: Spiritomb|216\/303 slp|[from] item: Leftovers\n|upkeep\n|turn|35\n|\n|t:|1646798479\n|move|p2a: Shiftry|Leaf Blade|p1a: Spiritomb\n|-damage|p1a: Spiritomb|119\/303 slp\n|cant|p1a: Spiritomb|slp\n|move|p1a: Spiritomb|Sleep Talk|p1a: Spiritomb\n|move|p1a: Spiritomb|Calm Mind|p1a: Spiritomb|[from]move: Sleep Talk\n|-boost|p1a: Spiritomb|spa|1\n|-boost|p1a: Spiritomb|spd|1\n|\n|-heal|p1a: Spiritomb|137\/303 slp|[from] item: Leftovers\n|upkeep\n|turn|36\n|\n|t:|1646798481\n|move|p2a: Shiftry|Leaf Blade|p1a: Spiritomb\n|-damage|p1a: Spiritomb|38\/303 slp\n|-curestatus|p1a: Spiritomb|slp|[msg]\n|move|p1a: Spiritomb|Rest|p1a: Spiritomb\n|-status|p1a: Spiritomb|slp|[from] move: Rest\n|-heal|p1a: Spiritomb|303\/303 slp|[silent]\n|\n|upkeep\n|turn|37\n|\n|t:|1646798484\n|move|p2a: Shiftry|Leaf Blade|p1a: Spiritomb\n|-damage|p1a: Spiritomb|203\/303 slp\n|cant|p1a: Spiritomb|slp\n|move|p1a: Spiritomb|Sleep Talk|p1a: Spiritomb\n|move|p1a: Spiritomb|Calm Mind|p1a: Spiritomb|[from]move: Sleep Talk\n|-boost|p1a: Spiritomb|spa|1\n|-boost|p1a: Spiritomb|spd|1\n|\n|-heal|p1a: Spiritomb|221\/303 slp|[from] item: Leftovers\n|upkeep\n|turn|38\n|\n|t:|1646798486\n|move|p2a: Shiftry|Leaf Blade|p1a: Spiritomb\n|-damage|p1a: Spiritomb|124\/303 slp\n|cant|p1a: Spiritomb|slp\n|move|p1a: Spiritomb|Sleep Talk|p1a: Spiritomb\n|move|p1a: Spiritomb|Rest||[from]move: Sleep Talk|[still]\n|-fail|p1a: Spiritomb\n|\n|-heal|p1a: Spiritomb|142\/303 slp|[from] item: Leftovers\n|upkeep\n|turn|39\n|\n|t:|1646798490\n|move|p2a: Shiftry|Leaf Blade|p1a: Spiritomb\n|-damage|p1a: Spiritomb|37\/303 slp\n|-curestatus|p1a: Spiritomb|slp|[msg]\n|move|p1a: Spiritomb|Rest|p1a: Spiritomb\n|-status|p1a: Spiritomb|slp|[from] move: Rest\n|-heal|p1a: Spiritomb|303\/303 slp|[silent]\n|\n|upkeep\n|turn|40\n|\n|t:|1646798492\n|switch|p2a: Toucannon|Toucannon, F|301\/301\n|-damage|p2a: Toucannon|226\/301|[from] Stealth Rock\n|cant|p1a: Spiritomb|slp\n|\n|upkeep\n|turn|41\n|\n|t:|1646798496\n|move|p2a: Toucannon|Brave Bird|p1a: Spiritomb\n|-damage|p1a: Spiritomb|169\/303 slp\n|-damage|p2a: Toucannon|182\/301|[from] Recoil\n|-damage|p2a: Toucannon|152\/301|[from] item: Life Orb\n|cant|p1a: Spiritomb|slp\n|\n|-heal|p1a: Spiritomb|187\/303 slp|[from] item: Leftovers\n|upkeep\n|turn|42\n|\n|t:|1646798501\n|move|p2a: Toucannon|Brave Bird|p1a: Spiritomb\n|-damage|p1a: Spiritomb|53\/303 slp\n|-damage|p2a: Toucannon|108\/301|[from] Recoil\n|-damage|p2a: Toucannon|78\/301|[from] item: Life Orb\n|-curestatus|p1a: Spiritomb|slp|[msg]\n|move|p1a: Spiritomb|Dark Pulse|p2a: Toucannon\n|-damage|p2a: Toucannon|0 fnt\n|faint|p2a: Toucannon\n|\n|-heal|p1a: Spiritomb|71\/303|[from] item: Leftovers\n|upkeep\n|\n|t:|1646798503\n|switch|p2a: Shiftry|Shiftry, M|77\/322\n|-damage|p2a: Shiftry|37\/322|[from] Stealth Rock\n|turn|43\n|\n|t:|1646798505\n|move|p2a: Shiftry|Knock Off|p1a: Spiritomb\n|-damage|p1a: Spiritomb|0 fnt\n|-enditem|p1a: Spiritomb|Leftovers|[from] move: Knock Off|[of] p2a: Shiftry\n|faint|p1a: Spiritomb\n|\n|win|TALANOA HUFANGA\n|n|\u2606Sp0oNl0rD|sp0onl0rd\n|n|\u2606TALANOA HUFANGA|talanoahufanga\n|n| BB-8-NU|bb8nu\n|n| BeeOrSomething|beeorsomething\n|n| ibbysonlyfan|ibbysonlyfan\n|n| flyingkipper|flyingkipper\n|n| blackkaiser|blackkaiser\n","inputlog":">version 394449f088c54b433e874ac95e4a5f190ae695af\n>start {\"formatid\":\"gen7battlefactory\",\"seed\":[25817,25045,18264,32991],\"rated\":\"Tournament battle\"}\n>player p1 {\"name\":\"Sp0oNl0rD\",\"avatar\":\"teamrocket\",\"rating\":0,\"seed\":[61440,23069,54881,56634]}\n>player p2 {\"name\":\"TALANOA HUFANGA\",\"avatar\":\"karen\",\"rating\":0,\"seed\":[61448,2319,57003,46811]}\n>chat \u2606TALANOA HUFANGA|hf\n>chat \u2606Sp0oNl0rD|hf\n>p1 team 4, 2, 3, 1, 5, 6\n>p2 team 6, 2, 3, 4, 5, 1\n>p1 move stealthrock\n>p2 move stealthrock\n>p1 move earthquake\n>p2 move earthquake\n>p1 move rockblast\n>p2 move toxic\n>p1 move rockblast\n>p2 move earthquake\n>p2 switch 6\n>p1 move explosion\n>p2 move recover\n>p1 switch 3\n>p1 move rapidspin\n>p2 move toxic\n>p1 switch 5\n>p2 move soak\n>p1 move darkpulse\n>p2 move toxic\n>p1 switch 5\n>p2 move toxic\n>p1 move knockoff\n>p2 move counter\n>p1 switch 2\n>p2 move recover\n>p1 move safeguard\n>p2 switch 2\n>p1 switch 6\n>p2 move knockoff\n>p1 move playrough\n>p2 switch 4\n>p1 move suckerpunch\n>p2 move destinybond\n>p1 move ironhead\n>p2 move destinybond\n>p2 switch 2\n>p1 switch 2\n>p2 move toxic\n>p1 move stoneedge\n>p2 move recover\n>p1 switch 6\n>p1 move quiverdance\n>p2 move toxic\n>p1 move gigadrain zmove\n>p2 switch 5\n>p1 move gigadrain\n>p2 move blizzard\n>p1 switch 4\n>p2 switch 5\n>p1 move facade\n>p2 move soak\n>p1 switch 2\n>p2 move recover\n>p1 move playrough\n>p2 move counter\n>p1 switch 2\n>p1 move return\n>p2 move recover\n>p1 move return\n>p2 move counter\n>p1 switch 5\n>p1 move darkpulse\n>p2 move toxic\n>p2 switch 4\n>p1 move calmmind\n>p2 move leafblade\n>p1 move calmmind\n>p2 move leafblade\n>p1 move rest\n>p2 move leafblade\n>p1 move sleeptalk\n>p2 move leafblade\n>p1 move sleeptalk\n>p2 move leafblade\n>p1 move rest\n>p2 move leafblade\n>p1 move sleeptalk\n>p2 move leafblade\n>p1 move sleeptalk\n>p2 move leafblade\n>p1 move rest\n>p2 move leafblade\n>p1 move sleeptalk\n>p2 move leafblade\n>p1 move sleeptalk\n>p2 move leafblade\n>p1 move rest\n>p2 move leafblade\n>p1 move darkpulse\n>p2 switch 3\n>p1 move darkpulse\n>p2 move bravebird\n>p1 move darkpulse\n>p2 move bravebird\n>p2 switch 3\n>p1 move darkpulse\n>p2 move knockoff","uploadtime":1646798506,"views":8,"p1id":"sp0onl0rd","p2id":"talanoahufanga","formatid":"gen7battlefactory","rating":0,"private":0,"password":null}