{"id":"gen7ou-610646170","p1":"BestixL","p2":"keeping it icy","format":"gen7ou","log":"|j|BestixL\n|j|keeping it icy\n|player|p1|BestixL|96\n|teamsize|p1|6\n|player|p2|keeping it icy|57\n|teamsize|p2|6\n|gametype|singles\n|gen|7\n|tier|[Gen 7] OU\n|rated\n|seed|30375,15408,50729,47234\n|rule|Sleep Clause Mod: Limit one foe put to sleep\n|rule|Species Clause: Limit one of each Pok\u00e9mon\n|rule|OHKO Clause: OHKO moves are banned\n|rule|Moody Clause: Moody is banned\n|rule|Evasion Moves Clause: Evasion moves are banned\n|rule|Endless Battle Clause: Forcing endless battles is banned\n|rule|HP Percentage Mod: HP is shown in percentages\n|clearpoke\n|poke|p1|Camerupt, F|item\n|poke|p1|Keldeo|item\n|poke|p1|Mew|item\n|poke|p1|Magearna|item\n|poke|p1|Landorus-Therian, M|item\n|poke|p1|Tornadus-Therian, M|item\n|poke|p2|Garchomp, M|item\n|poke|p2|Victini|item\n|poke|p2|Skarmory, M|item\n|poke|p2|Furfrou, M|item\n|poke|p2|Toxapex, M|item\n|poke|p2|Gardevoir, M|item\n|teampreview\n|j|slushie rushie\n|j|Vore Gidal\n|choice|team 1, team 2, team 3, team 4, team 5, team 6|team 1, team 2, team 3, team 4, team 5, team 6\n|\n|start\n|switch|p1a: my father's blood|Camerupt, F|313\/313\n|switch|p2a: Garchomp|Garchomp, M|357\/357\n|turn|1\n|choice|switch 5|move stealthrock\n|\n|switch|p1a: the right to love|Landorus-Therian, M|319\/319\n|-ability|p1a: the right to love|Intimidate|boost\n|-unboost|p2a: Garchomp|atk|1\n|move|p2a: Garchomp|Stealth Rock|p1a: the right to love\n|-sidestart|p1: BestixL|move: Stealth Rock\n|\n|upkeep\n|turn|2\n|choice|move stealthrock|switch 6\n|\n|switch|p2a: Gardevoir|Gardevoir, M|339\/339\n|move|p1a: the right to love|Stealth Rock|p2a: Gardevoir\n|-sidestart|p2: keeping it icy|move: Stealth Rock\n|\n|upkeep\n|turn|3\n|choice|switch 6|move willowisp mega\n|\n|switch|p1a: nocturnal animals|Tornadus-Therian, M|341\/341\n|-damage|p1a: nocturnal animals|256\/341|[from] Stealth Rock\n|detailschange|p2a: Gardevoir|Gardevoir-Mega, M\n|-mega|p2a: Gardevoir|Gardevoir|Gardevoirite\n|move|p2a: Gardevoir|Will-O-Wisp|p1a: nocturnal animals\n|-status|p1a: nocturnal animals|brn\n|\n|-damage|p1a: nocturnal animals|235\/341 brn|[from] brn\n|upkeep\n|turn|4\n|choice|move uturn|move wish\n|\n|move|p1a: nocturnal animals|U-turn|p2a: Gardevoir\n|-damage|p2a: Gardevoir|307\/339\n|choice|switch 4|\n|\n|switch|p1a: last karamazov|Magearna|301\/301\n|-damage|p1a: last karamazov|283\/301|[from] Stealth Rock\n|move|p2a: Gardevoir|Wish|p2a: Gardevoir\n|\n|upkeep\n|turn|5\n|choice|move shiftgear|switch 2\n|\n|switch|p2a: :D|Victini|341\/341\n|-damage|p2a: :D|256\/341|[from] Stealth Rock\n|move|p1a: last karamazov|Shift Gear|p1a: last karamazov\n|-boost|p1a: last karamazov|spe|2\n|-boost|p1a: last karamazov|atk|1\n|\n|-heal|p2a: :D|341\/341|[from] move: Wish|[wisher] Gardevoir\n|upkeep\n|turn|6\n|l|Vore Gidal\n|c|\u2606BestixL|\u00a1id calc\n|c|\u2606keeping it icy|idk if v create kills\n|choice|switch 6|move celebrate zmove\n|\n|switch|p1a: the right to love|Landorus-Therian, M|319\/319\n|-damage|p1a: the right to love|280\/319|[from] Stealth Rock\n|-ability|p1a: the right to love|Intimidate|boost\n|-unboost|p2a: :D|atk|1\n|-zpower|p2a: :D\n|move|p2a: :D|Z-Celebrate|p2a: :D|[anim]Celebrate\n|-boost|p2a: :D|atk|1|[zeffect]\n|-boost|p2a: :D|def|1|[zeffect]\n|-boost|p2a: :D|spa|1|[zeffect]\n|-boost|p2a: :D|spd|1|[zeffect]\n|-boost|p2a: :D|spe|1|[zeffect]\n|-activate|p2a: :D|move: Celebrate\n|\n|upkeep\n|turn|7\n|choice|move earthquake|move searingshot\n|\n|move|p2a: :D|Searing Shot|p1a: the right to love\n|-damage|p1a: the right to love|0 fnt\n|faint|p1a: the right to love\n|\n|upkeep\n|inactive|Battle timer is ON: inactive players will automatically lose when time's up. (requested by keeping it icy)\n|inactive|BestixL has 120 seconds left.\n|choice|switch 4|\n|\n|switch|p1a: nocturnal animals|Tornadus-Therian, M|341\/341 brn\n|-damage|p1a: nocturnal animals|256\/341 brn|[from] Stealth Rock\n|turn|8\n|inactive|keeping it icy has 120 seconds left.\n|choice|move hurricane|move thunder\n|\n|move|p2a: :D|Thunder|p1a: nocturnal animals\n|-supereffective|p1a: nocturnal animals\n|-damage|p1a: nocturnal animals|0 fnt\n|faint|p1a: nocturnal animals\n|\n|upkeep\n|choice|switch 5|\n|\n|switch|p1a: my father's blood|Camerupt, F|313\/313\n|-damage|p1a: my father's blood|274\/313|[from] Stealth Rock\n|turn|9\n|choice|move earthpower mega|move storedpower\n|\n|detailschange|p1a: my father's blood|Camerupt-Mega, F\n|-mega|p1a: my father's blood|Camerupt|Cameruptite\n|move|p2a: :D|Stored Power|p1a: my father's blood\n|-damage|p1a: my father's blood|51\/313\n|move|p1a: my father's blood|Earth Power|p2a: :D\n|-supereffective|p2a: :D\n|-damage|p2a: :D|15\/341\n|\n|upkeep\n|turn|10\n|inactive|BestixL has 120 seconds left.\n|choice|move ancientpower|move storedpower\n|\n|move|p2a: :D|Stored Power|p1a: my father's blood\n|-damage|p1a: my father's blood|0 fnt\n|faint|p1a: my father's blood\n|\n|upkeep\n|choice|switch 2|\n|\n|switch|p1a: i'd be everything|Keldeo|323\/323\n|-damage|p1a: i'd be everything|303\/323|[from] Stealth Rock\n|turn|11\n|choice|move scald|move storedpower\n|\n|move|p1a: i'd be everything|Scald|p2a: :D\n|-supereffective|p2a: :D\n|-damage|p2a: :D|0 fnt\n|faint|p2a: :D\n|\n|upkeep\n|choice||switch 5\n|\n|switch|p2a: Toxapex|Toxapex, M|303\/303\n|-damage|p2a: Toxapex|266\/303|[from] Stealth Rock\n|turn|12\n|choice|switch 3|move scald\n|\n|switch|p1a: to another world|Mew|401\/401\n|-damage|p1a: to another world|351\/401|[from] Stealth Rock\n|move|p2a: Toxapex|Scald|p1a: to another world\n|-damage|p1a: to another world|293\/401\n|\n|-heal|p1a: to another world|318\/401|[from] item: Leftovers\n|-heal|p2a: Toxapex|284\/303|[from] item: Black Sludge\n|upkeep\n|turn|13\n|choice|move willowisp|move toxicspikes\n|\n|move|p1a: to another world|Will-O-Wisp|p2a: Toxapex\n|-status|p2a: Toxapex|brn\n|move|p2a: Toxapex|Toxic Spikes|p1a: to another world\n|-sidestart|p1: BestixL|move: Toxic Spikes\n|\n|-heal|p1a: to another world|343\/401|[from] item: Leftovers\n|-heal|p2a: Toxapex|302\/303 brn|[from] item: Black Sludge\n|-damage|p2a: Toxapex|284\/303 brn|[from] brn\n|upkeep\n|turn|14\n|choice|switch 6|move scald\n|\n|switch|p1a: last karamazov|Magearna|283\/301\n|-damage|p1a: last karamazov|265\/301|[from] Stealth Rock\n|move|p2a: Toxapex|Scald|p1a: last karamazov\n|-damage|p1a: last karamazov|216\/301\n|\n|-heal|p2a: Toxapex|302\/303 brn|[from] item: Black Sludge\n|-damage|p2a: Toxapex|284\/303 brn|[from] brn\n|upkeep\n|turn|15\n|inactive|BestixL has 120 seconds left.\n|choice|move shiftgear|move scald\n|\n|move|p1a: last karamazov|Shift Gear|p1a: last karamazov\n|-boost|p1a: last karamazov|spe|2\n|-boost|p1a: last karamazov|atk|1\n|move|p2a: Toxapex|Scald|p1a: last karamazov\n|-damage|p1a: last karamazov|164\/301\n|\n|-heal|p2a: Toxapex|302\/303 brn|[from] item: Black Sludge\n|-damage|p2a: Toxapex|284\/303 brn|[from] brn\n|upkeep\n|turn|16\n|choice|move calmmind|move haze\n|\n|move|p1a: last karamazov|Calm Mind|p1a: last karamazov\n|-boost|p1a: last karamazov|spa|1\n|-boost|p1a: last karamazov|spd|1\n|move|p2a: Toxapex|Haze|p2a: Toxapex\n|-clearallboost\n|\n|-heal|p2a: Toxapex|302\/303 brn|[from] item: Black Sludge\n|-damage|p2a: Toxapex|284\/303 brn|[from] brn\n|upkeep\n|turn|17\n|choice|move thunderbolt|move scald\n|\n|move|p1a: last karamazov|Thunderbolt|p2a: Toxapex\n|-supereffective|p2a: Toxapex\n|-damage|p2a: Toxapex|148\/303 brn\n|move|p2a: Toxapex|Scald|p1a: last karamazov\n|-damage|p1a: last karamazov|110\/301\n|\n|-heal|p2a: Toxapex|166\/303 brn|[from] item: Black Sludge\n|-damage|p2a: Toxapex|148\/303 brn|[from] brn\n|upkeep\n|turn|18\n|choice|move shiftgear|switch 6\n|\n|switch|p2a: Garchomp|Garchomp, M|357\/357\n|-damage|p2a: Garchomp|335\/357|[from] Stealth Rock\n|move|p1a: last karamazov|Shift Gear|p1a: last karamazov\n|-boost|p1a: last karamazov|spe|2\n|-boost|p1a: last karamazov|atk|1\n|\n|upkeep\n|turn|19\n|choice|move icebeam|move earthquake\n|\n|move|p1a: last karamazov|Ice Beam|p2a: Garchomp\n|-supereffective|p2a: Garchomp\n|-damage|p2a: Garchomp|0 fnt\n|faint|p2a: Garchomp\n|-ability|p1a: last karamazov|Soul-Heart|boost\n|-boost|p1a: last karamazov|spa|1\n|\n|upkeep\n|choice||switch 6\n|\n|switch|p2a: Toxapex|Toxapex, M|249\/303 brn\n|-damage|p2a: Toxapex|212\/303 brn|[from] Stealth Rock\n|turn|20\n|c|\u2606keeping it icy|pretend i spammed haze\n|c|\u2606keeping it icy|i wanted to stunt\n|inactive|BestixL has 120 seconds left.\n|choice|move thunderbolt|move haze\n|\n|move|p1a: last karamazov|Thunderbolt|p2a: Toxapex\n|-supereffective|p2a: Toxapex\n|-damage|p2a: Toxapex|42\/303 brn\n|move|p2a: Toxapex|Haze|p2a: Toxapex\n|-clearallboost\n|\n|-heal|p2a: Toxapex|60\/303 brn|[from] item: Black Sludge\n|-damage|p2a: Toxapex|42\/303 brn|[from] brn\n|upkeep\n|turn|21\n|choice|move shiftgear|switch 4\n|\n|switch|p2a: Furfrou|Furfrou, M|352\/352\n|-damage|p2a: Furfrou|308\/352|[from] Stealth Rock\n|move|p1a: last karamazov|Shift Gear|p1a: last karamazov\n|-boost|p1a: last karamazov|spe|2\n|-boost|p1a: last karamazov|atk|1\n|\n|-heal|p2a: Furfrou|330\/352|[from] item: Leftovers\n|upkeep\n|turn|22\n|choice|move calmmind|move frustration\n|\n|move|p1a: last karamazov|Calm Mind|p1a: last karamazov\n|-boost|p1a: last karamazov|spa|1\n|-boost|p1a: last karamazov|spd|1\n|move|p2a: Furfrou|Frustration|p1a: last karamazov\n|-resisted|p1a: last karamazov\n|-damage|p1a: last karamazov|68\/301\n|\n|-heal|p2a: Furfrou|352\/352|[from] item: Leftovers\n|upkeep\n|turn|23\n|choice|move thunderbolt zmove|move frustration\n|\n|-zpower|p1a: last karamazov\n|move|p1a: last karamazov|Gigavolt Havoc|p2a: Furfrou|[zeffect]\n|-damage|p2a: Furfrou|19\/352\n|move|p2a: Furfrou|Frustration|p1a: last karamazov\n|-resisted|p1a: last karamazov\n|-damage|p1a: last karamazov|24\/301\n|\n|-heal|p2a: Furfrou|41\/352|[from] item: Leftovers\n|upkeep\n|turn|24\n|choice|move icebeam|move frustration\n|\n|move|p1a: last karamazov|Ice Beam|p2a: Furfrou\n|-damage|p2a: Furfrou|0 fnt\n|faint|p2a: Furfrou\n|-ability|p1a: last karamazov|Soul-Heart|boost\n|-boost|p1a: last karamazov|spa|1\n|\n|upkeep\n|choice||switch 2\n|\n|switch|p2a: Gardevoir|Gardevoir-Mega, M|307\/339\n|-damage|p2a: Gardevoir|265\/339|[from] Stealth Rock\n|turn|25\n|choice|move thunderbolt|move hypervoice\n|\n|move|p1a: last karamazov|Thunderbolt|p2a: Gardevoir\n|-damage|p2a: Gardevoir|94\/339\n|move|p2a: Gardevoir|Hyper Voice|p1a: last karamazov\n|-resisted|p1a: last karamazov\n|-damage|p1a: last karamazov|0 fnt\n|faint|p1a: last karamazov\n|\n|upkeep\n|choice|switch 3|\n|\n|switch|p1a: i'd be everything|Keldeo|303\/323\n|-status|p1a: i'd be everything|psn\n|-damage|p1a: i'd be everything|283\/323 psn|[from] Stealth Rock\n|turn|26\n|choice|move scald|move protect\n|\n|move|p2a: Gardevoir|Protect|p2a: Gardevoir\n|-singleturn|p2a: Gardevoir|Protect\n|move|p1a: i'd be everything|Scald|p2a: Gardevoir\n|-activate|p2a: Gardevoir|move: Protect\n|\n|-damage|p1a: i'd be everything|243\/323 psn|[from] psn\n|upkeep\n|turn|27\n|choice|move scald|switch 4\n|\n|switch|p2a: Toxapex|Toxapex, M|143\/303 brn\n|-damage|p2a: Toxapex|106\/303 brn|[from] Stealth Rock\n|move|p1a: i'd be everything|Scald|p2a: Toxapex\n|-resisted|p2a: Toxapex\n|-damage|p2a: Toxapex|61\/303 brn\n|\n|-heal|p2a: Toxapex|79\/303 brn|[from] item: Black Sludge\n|-damage|p1a: i'd be everything|203\/323 psn|[from] psn\n|-damage|p2a: Toxapex|61\/303 brn|[from] brn\n|upkeep\n|turn|28\n|inactive|BestixL has 120 seconds left.\n|inactive|BestixL has 90 seconds left.\n|choice|move scald|move recover\n|\n|move|p1a: i'd be everything|Scald|p2a: Toxapex\n|-resisted|p2a: Toxapex\n|-damage|p2a: Toxapex|20\/303 brn\n|move|p2a: Toxapex|Recover|p2a: Toxapex\n|-heal|p2a: Toxapex|172\/303 brn\n|\n|-heal|p2a: Toxapex|190\/303 brn|[from] item: Black Sludge\n|-damage|p1a: i'd be everything|163\/323 psn|[from] psn\n|-damage|p2a: Toxapex|172\/303 brn|[from] brn\n|upkeep\n|turn|29\n|inactive|keeping it icy has 120 seconds left.\n|choice|switch 6|move recover\n|\n|switch|p1a: to another world|Mew|343\/401\n|-status|p1a: to another world|psn\n|-damage|p1a: to another world|293\/401 psn|[from] Stealth Rock\n|move|p2a: Toxapex|Recover|p2a: Toxapex\n|-heal|p2a: Toxapex|303\/303 brn\n|\n|-heal|p1a: to another world|318\/401 psn|[from] item: Leftovers\n|-damage|p1a: to another world|268\/401 psn|[from] psn\n|-damage|p2a: Toxapex|285\/303 brn|[from] brn\n|upkeep\n|turn|30\n|choice|move icebeam|switch 3\n|\n|switch|p2a: Skarmory|Skarmory, M|333\/333\n|-damage|p2a: Skarmory|292\/333|[from] Stealth Rock\n|move|p1a: to another world|Ice Beam|p2a: Skarmory\n|-damage|p2a: Skarmory|225\/333\n|\n|-heal|p1a: to another world|293\/401 psn|[from] item: Leftovers\n|-damage|p1a: to another world|243\/401 psn|[from] psn\n|upkeep\n|turn|31\n|choice|move willowisp|move swordsdance\n|\n|move|p1a: to another world|Will-O-Wisp|p2a: Skarmory\n|-status|p2a: Skarmory|brn\n|move|p2a: Skarmory|Swords Dance|p2a: Skarmory\n|-boost|p2a: Skarmory|atk|2\n|\n|-heal|p1a: to another world|268\/401 psn|[from] item: Leftovers\n|-damage|p1a: to another world|218\/401 psn|[from] psn\n|-damage|p2a: Skarmory|205\/333 brn|[from] brn\n|upkeep\n|turn|32\n|choice|move icebeam|move roost\n|\n|move|p1a: to another world|Ice Beam|p2a: Skarmory\n|-damage|p2a: Skarmory|138\/333 brn\n|move|p2a: Skarmory|Roost|p2a: Skarmory\n|-heal|p2a: Skarmory|305\/333 brn\n|\n|-heal|p1a: to another world|243\/401 psn|[from] item: Leftovers\n|-damage|p1a: to another world|193\/401 psn|[from] psn\n|-damage|p2a: Skarmory|285\/333 brn|[from] brn\n|upkeep\n|turn|33\n|choice|move roost|move swordsdance\n|\n|move|p1a: to another world|Roost|p1a: to another world\n|-heal|p1a: to another world|394\/401 psn\n|move|p2a: Skarmory|Swords Dance|p2a: Skarmory\n|-boost|p2a: Skarmory|atk|2\n|\n|-heal|p1a: to another world|401\/401 psn|[from] item: Leftovers\n|-damage|p1a: to another world|351\/401 psn|[from] psn\n|-damage|p2a: Skarmory|265\/333 brn|[from] brn\n|upkeep\n|turn|34\n|choice|move icebeam|move bravebird\n|\n|move|p1a: to another world|Ice Beam|p2a: Skarmory\n|-damage|p2a: Skarmory|200\/333 brn\n|move|p2a: Skarmory|Brave Bird|p1a: to another world\n|-damage|p1a: to another world|231\/401 psn\n|-damage|p2a: Skarmory|160\/333 brn|[from] Recoil|[of] p1a: to another world\n|\n|-heal|p1a: to another world|256\/401 psn|[from] item: Leftovers\n|-damage|p1a: to another world|206\/401 psn|[from] psn\n|-damage|p2a: Skarmory|140\/333 brn|[from] brn\n|upkeep\n|turn|35\n|choice|move roost|move roost\n|\n|move|p1a: to another world|Roost|p1a: to another world\n|-heal|p1a: to another world|401\/401 psn\n|move|p2a: Skarmory|Roost|p2a: Skarmory\n|-heal|p2a: Skarmory|307\/333 brn\n|\n|-damage|p1a: to another world|351\/401 psn|[from] psn\n|-damage|p2a: Skarmory|287\/333 brn|[from] brn\n|upkeep\n|turn|36\n|choice|move icebeam|move swordsdance\n|\n|move|p1a: to another world|Ice Beam|p2a: Skarmory\n|-damage|p2a: Skarmory|222\/333 brn\n|move|p2a: Skarmory|Swords Dance|p2a: Skarmory\n|-boost|p2a: Skarmory|atk|2\n|\n|-heal|p1a: to another world|376\/401 psn|[from] item: Leftovers\n|-damage|p1a: to another world|326\/401 psn|[from] psn\n|-damage|p2a: Skarmory|202\/333 brn|[from] brn\n|upkeep\n|turn|37\n|choice|move icebeam|move roost\n|\n|move|p1a: to another world|Ice Beam|p2a: Skarmory\n|-damage|p2a: Skarmory|135\/333 brn\n|move|p2a: Skarmory|Roost|p2a: Skarmory\n|-heal|p2a: Skarmory|302\/333 brn\n|\n|-heal|p1a: to another world|351\/401 psn|[from] item: Leftovers\n|-damage|p1a: to another world|301\/401 psn|[from] psn\n|-damage|p2a: Skarmory|282\/333 brn|[from] brn\n|upkeep\n|turn|38\n|choice|move icebeam|move bravebird\n|\n|move|p1a: to another world|Ice Beam|p2a: Skarmory\n|-damage|p2a: Skarmory|219\/333 brn\n|move|p2a: Skarmory|Brave Bird|p1a: to another world\n|-damage|p1a: to another world|143\/401 psn\n|-damage|p2a: Skarmory|167\/333 brn|[from] Recoil|[of] p1a: to another world\n|\n|-heal|p1a: to another world|168\/401 psn|[from] item: Leftovers\n|-damage|p1a: to another world|118\/401 psn|[from] psn\n|-damage|p2a: Skarmory|147\/333 brn|[from] brn\n|upkeep\n|turn|39\n|choice|move roost|move roost\n|\n|move|p1a: to another world|Roost|p1a: to another world\n|-heal|p1a: to another world|319\/401 psn\n|move|p2a: Skarmory|Roost|p2a: Skarmory\n|-heal|p2a: Skarmory|314\/333 brn\n|\n|-heal|p1a: to another world|344\/401 psn|[from] item: Leftovers\n|-damage|p1a: to another world|294\/401 psn|[from] psn\n|-damage|p2a: Skarmory|294\/333 brn|[from] brn\n|upkeep\n|turn|40\n|choice|move icebeam|move bravebird\n|\n|move|p1a: to another world|Ice Beam|p2a: Skarmory\n|-damage|p2a: Skarmory|234\/333 brn\n|move|p2a: Skarmory|Brave Bird|p1a: to another world\n|-damage|p1a: to another world|112\/401 psn\n|-damage|p2a: Skarmory|174\/333 brn|[from] Recoil|[of] p1a: to another world\n|\n|-heal|p1a: to another world|137\/401 psn|[from] item: Leftovers\n|-damage|p1a: to another world|87\/401 psn|[from] psn\n|-damage|p2a: Skarmory|154\/333 brn|[from] brn\n|upkeep\n|turn|41\n|choice|move icebeam|move roost\n|\n|move|p1a: to another world|Ice Beam|p2a: Skarmory\n|-damage|p2a: Skarmory|94\/333 brn\n|move|p2a: Skarmory|Roost|p2a: Skarmory\n|-heal|p2a: Skarmory|261\/333 brn\n|\n|-heal|p1a: to another world|112\/401 psn|[from] item: Leftovers\n|-damage|p1a: to another world|62\/401 psn|[from] psn\n|-damage|p2a: Skarmory|241\/333 brn|[from] brn\n|upkeep\n|turn|42\n|choice|move roost|move bravebird\n|\n|move|p1a: to another world|Roost|p1a: to another world\n|-heal|p1a: to another world|263\/401 psn\n|move|p2a: Skarmory|Brave Bird|p1a: to another world\n|-damage|p1a: to another world|107\/401 psn\n|-damage|p2a: Skarmory|190\/333 brn|[from] Recoil|[of] p1a: to another world\n|\n|-heal|p1a: to another world|132\/401 psn|[from] item: Leftovers\n|-damage|p1a: to another world|82\/401 psn|[from] psn\n|-damage|p2a: Skarmory|170\/333 brn|[from] brn\n|upkeep\n|turn|43\n|choice|move roost|move bravebird\n|\n|move|p1a: to another world|Roost|p1a: to another world\n|-heal|p1a: to another world|283\/401 psn\n|move|p2a: Skarmory|Brave Bird|p1a: to another world\n|-damage|p1a: to another world|123\/401 psn\n|-damage|p2a: Skarmory|117\/333 brn|[from] Recoil|[of] p1a: to another world\n|\n|-heal|p1a: to another world|148\/401 psn|[from] item: Leftovers\n|-damage|p1a: to another world|98\/401 psn|[from] psn\n|-damage|p2a: Skarmory|97\/333 brn|[from] brn\n|upkeep\n|turn|44\n|choice|move roost|move roost\n|\n|move|p1a: to another world|Roost|p1a: to another world\n|-heal|p1a: to another world|299\/401 psn\n|move|p2a: Skarmory|Roost|p2a: Skarmory\n|-heal|p2a: Skarmory|264\/333 brn\n|\n|-heal|p1a: to another world|324\/401 psn|[from] item: Leftovers\n|-damage|p1a: to another world|274\/401 psn|[from] psn\n|-damage|p2a: Skarmory|244\/333 brn|[from] brn\n|upkeep\n|turn|45\n|choice|move icebeam|move bravebird\n|\n|move|p1a: to another world|Ice Beam|p2a: Skarmory\n|-damage|p2a: Skarmory|179\/333 brn\n|move|p2a: Skarmory|Brave Bird|p1a: to another world\n|-damage|p1a: to another world|94\/401 psn\n|-damage|p2a: Skarmory|120\/333 brn|[from] Recoil|[of] p1a: to another world\n|\n|-heal|p1a: to another world|119\/401 psn|[from] item: Leftovers\n|-damage|p1a: to another world|69\/401 psn|[from] psn\n|-damage|p2a: Skarmory|100\/333 brn|[from] brn\n|upkeep\n|turn|46\n|choice|move icebeam|move roost\n|\n|move|p1a: to another world|Ice Beam|p2a: Skarmory\n|-damage|p2a: Skarmory|30\/333 brn\n|move|p2a: Skarmory|Roost|p2a: Skarmory\n|-heal|p2a: Skarmory|197\/333 brn\n|\n|-heal|p1a: to another world|94\/401 psn|[from] item: Leftovers\n|-damage|p1a: to another world|44\/401 psn|[from] psn\n|-damage|p2a: Skarmory|177\/333 brn|[from] brn\n|upkeep\n|turn|47\n|choice|move roost|move bravebird\n|\n|move|p1a: to another world|Roost|p1a: to another world\n|-heal|p1a: to another world|245\/401 psn\n|move|p2a: Skarmory|Brave Bird|p1a: to another world\n|-damage|p1a: to another world|89\/401 psn\n|-damage|p2a: Skarmory|126\/333 brn|[from] Recoil|[of] p1a: to another world\n|\n|-heal|p1a: to another world|114\/401 psn|[from] item: Leftovers\n|-damage|p1a: to another world|64\/401 psn|[from] psn\n|-damage|p2a: Skarmory|106\/333 brn|[from] brn\n|upkeep\n|turn|48\n|choice|move roost|move roost\n|\n|move|p1a: to another world|Roost|p1a: to another world\n|-heal|p1a: to another world|265\/401 psn\n|move|p2a: Skarmory|Roost|p2a: Skarmory\n|-heal|p2a: Skarmory|273\/333 brn\n|\n|-heal|p1a: to another world|290\/401 psn|[from] item: Leftovers\n|-damage|p1a: to another world|240\/401 psn|[from] psn\n|-damage|p2a: Skarmory|253\/333 brn|[from] brn\n|upkeep\n|turn|49\n|choice|move roost|move bravebird\n|\n|move|p1a: to another world|Roost|p1a: to another world\n|-heal|p1a: to another world|401\/401 psn\n|move|p2a: Skarmory|Brave Bird|p1a: to another world\n|-crit|p1a: to another world\n|-damage|p1a: to another world|125\/401 psn\n|-damage|p2a: Skarmory|162\/333 brn|[from] Recoil|[of] p1a: to another world\n|\n|-heal|p1a: to another world|150\/401 psn|[from] item: Leftovers\n|-damage|p1a: to another world|100\/401 psn|[from] psn\n|-damage|p2a: Skarmory|142\/333 brn|[from] brn\n|upkeep\n|turn|50\n|choice|move roost|move roost\n|\n|move|p1a: to another world|Roost|p1a: to another world\n|-heal|p1a: to another world|301\/401 psn\n|move|p2a: Skarmory|Roost|p2a: Skarmory\n|-heal|p2a: Skarmory|309\/333 brn\n|\n|-heal|p1a: to another world|326\/401 psn|[from] item: Leftovers\n|-damage|p1a: to another world|276\/401 psn|[from] psn\n|-damage|p2a: Skarmory|289\/333 brn|[from] brn\n|upkeep\n|turn|51\n|choice|move icebeam|move defog\n|\n|move|p1a: to another world|Ice Beam|p2a: Skarmory\n|-damage|p2a: Skarmory|223\/333 brn\n|move|p2a: Skarmory|Defog|p1a: to another world\n|-unboost|p1a: to another world|evasion|1\n|-sideend|p1: BestixL|Toxic Spikes|[from] move: Defog|[of] p1a: to another world\n|-sideend|p1: BestixL|Stealth Rock|[from] move: Defog|[of] p1a: to another world\n|-sideend|p2: keeping it icy|Stealth Rock|[from] move: Defog|[of] p2a: Skarmory\n|\n|-heal|p1a: to another world|301\/401 psn|[from] item: Leftovers\n|-damage|p1a: to another world|251\/401 psn|[from] psn\n|-damage|p2a: Skarmory|203\/333 brn|[from] brn\n|upkeep\n|turn|52\n|c|\u2606keeping it icy|unsets\n|choice|move icebeam|move bravebird\n|\n|move|p1a: to another world|Ice Beam|p2a: Skarmory\n|-damage|p2a: Skarmory|136\/333 brn\n|move|p2a: Skarmory|Brave Bird|p1a: to another world\n|-damage|p1a: to another world|67\/401 psn\n|-damage|p2a: Skarmory|75\/333 brn|[from] Recoil|[of] p1a: to another world\n|\n|-heal|p1a: to another world|92\/401 psn|[from] item: Leftovers\n|-damage|p1a: to another world|42\/401 psn|[from] psn\n|-damage|p2a: Skarmory|55\/333 brn|[from] brn\n|upkeep\n|turn|53\n|choice|move icebeam|move roost\n|\n|move|p1a: to another world|Ice Beam|p2a: Skarmory\n|-damage|p2a: Skarmory|0 fnt\n|faint|p2a: Skarmory\n|\n|-heal|p1a: to another world|67\/401 psn|[from] item: Leftovers\n|-damage|p1a: to another world|17\/401 psn|[from] psn\n|upkeep\n|choice||switch 4\n|\n|switch|p2a: Gardevoir|Gardevoir-Mega, M|94\/339\n|turn|54\n|c|\u2606BestixL|gg\n|choice|move roost|move hypervoice\n|\n|move|p2a: Gardevoir|Hyper Voice|p1a: to another world\n|-damage|p1a: to another world|0 fnt\n|faint|p1a: to another world\n|\n|upkeep\n|c|\u2606keeping it icy|gg\n|choice|switch 6|\n|\n|switch|p1a: i'd be everything|Keldeo|163\/323 psn\n|turn|55\n|choice|move hydropump|move hypervoice\n|\n|move|p1a: i'd be everything|Hydro Pump|p2a: Gardevoir|[miss]\n|-miss|p1a: i'd be everything|p2a: Gardevoir\n|move|p2a: Gardevoir|Hyper Voice|p1a: i'd be everything\n|-supereffective|p1a: i'd be everything\n|-damage|p1a: i'd be everything|0 fnt\n|faint|p1a: i'd be everything\n|\n|win|keeping it icy\n|raw|BestixL's rating: 1714 &rarr; <strong>1687<\/strong><br \/>(-27 for losing)\n|raw|keeping it icy's rating: 1565 &rarr; <strong>1594<\/strong><br \/>(+29 for winning)\n|l|slushie rushie\n|l|keeping it icy\n|j|slushie rushie\n|l|slushie rushie","inputlog":null,"uploadtime":1501382675,"views":108,"p1id":"bestixl","p2id":"keepingiticy","formatid":"gen7ou","rating":1594,"private":0,"password":null}