{"id":"gen7ou-860796619","p1":"Worstsetsever","p2":"Adelorme12","format":"gen7ou","log":"|j|\u2606Worstsetsever\n|j|\u2606Adelorme12\n|player|p1|Worstsetsever|101\n|player|p2|Adelorme12|123\n|teamsize|p1|6\n|teamsize|p2|6\n|gametype|singles\n|gen|7\n|tier|[Gen 7] OU\n|rated|\n|rule|Sleep Clause Mod: Limit one foe put to sleep\n|rule|Species Clause: Limit one of each Pok\u00e9mon\n|rule|OHKO Clause: OHKO moves are banned\n|rule|Moody Clause: Moody is banned\n|rule|Evasion Moves Clause: Evasion moves are banned\n|rule|Endless Battle Clause: Forcing endless battles is banned\n|rule|HP Percentage Mod: HP is shown in percentages\n|clearpoke\n|poke|p1|Tapu Koko|item\n|poke|p1|Greninja, M|item\n|poke|p1|Charizard, F|item\n|poke|p1|Tangrowth, F|item\n|poke|p1|Heatran, F|item\n|poke|p1|Landorus-Therian, M|item\n|poke|p2|Altaria, M|item\n|poke|p2|Bronzong|item\n|poke|p2|Zapdos|item\n|poke|p2|Mew|item\n|poke|p2|Mantine, M|item\n|poke|p2|Gliscor, F|item\n|teampreview\n|inactive|Battle timer is ON: inactive players will automatically lose when time's up. (requested by Worstsetsever)\n|\n|start\n|switch|p1a: Jiminy|Tapu Koko, shiny|100\/100\n|switch|p2a: Bronzong|Bronzong|100\/100\n|-fieldstart|move: Electric Terrain|[from] ability: Electric Surge|[of] p1a: Jiminy\n|turn|1\n|\n|move|p1a: Jiminy|Volt Switch|p2a: Bronzong\n|-damage|p2a: Bronzong|58\/100\n|\n|switch|p1a: Charizard|Charizard, F|100\/100\n|move|p2a: Bronzong|Earthquake|p1a: Charizard\n|-immune|p1a: Charizard\n|\n|-heal|p2a: Bronzong|64\/100|[from] item: Leftovers\n|upkeep\n|turn|2\n|\n|detailschange|p1a: Charizard|Charizard-Mega-X, F\n|-mega|p1a: Charizard|Charizard|Charizardite X\n|move|p2a: Bronzong|Protect|p2a: Bronzong\n|-singleturn|p2a: Bronzong|Protect\n|move|p1a: Charizard|Flare Blitz|p2a: Bronzong\n|-activate|p2a: Bronzong|move: Protect\n|\n|-heal|p2a: Bronzong|70\/100|[from] item: Leftovers\n|upkeep\n|turn|3\n|\n|switch|p2a: Altaria|Altaria, M|100\/100\n|move|p1a: Charizard|Flare Blitz|p2a: Altaria\n|-resisted|p2a: Altaria\n|-damage|p2a: Altaria|72\/100\n|-damage|p1a: Charizard|89\/100|[from] Recoil\n|\n|upkeep\n|turn|4\n|\n|switch|p1a: Toph|Landorus-Therian, M|100\/100\n|-ability|p1a: Toph|Intimidate|boost\n|-unboost|p2a: Altaria|atk|1\n|detailschange|p2a: Altaria|Altaria-Mega, M\n|-mega|p2a: Altaria|Altaria|Altarianite\n|move|p2a: Altaria|Body Slam|p1a: Toph\n|-damage|p1a: Toph|83\/100\n|-damage|p2a: Altaria|55\/100|[from] item: Rocky Helmet|[of] p1a: Toph\n|\n|upkeep\n|turn|5\n|\n|switch|p2a: Mantine|Mantine, M|100\/100\n|move|p1a: Toph|U-turn|p2a: Mantine\n|-resisted|p2a: Mantine\n|-damage|p2a: Mantine|87\/100\n|\n|switch|p1a: Jiminy|Tapu Koko, shiny|100\/100\n|\n|-heal|p2a: Mantine|93\/100|[from] item: Leftovers\n|-fieldend|move: Electric Terrain\n|upkeep\n|turn|6\n|\n|move|p2a: Mantine|Protect|p2a: Mantine\n|-singleturn|p2a: Mantine|Protect\n|move|p1a: Jiminy|Volt Switch|p2a: Mantine\n|-activate|p2a: Mantine|move: Protect\n|\n|-heal|p2a: Mantine|99\/100|[from] item: Leftovers\n|upkeep\n|turn|7\n|\n|switch|p2a: Gliscor|Gliscor, F|100\/100\n|move|p1a: Jiminy|Volt Switch|p2a: Gliscor\n|-immune|p2a: Gliscor\n|\n|-status|p2a: Gliscor|tox|[from] item: Toxic Orb\n|upkeep\n|turn|8\n|\n|switch|p1a: Sasuke|Greninja, M|100\/100\n|switch|p2a: Altaria|Altaria-Mega, M|55\/100\n|\n|upkeep\n|turn|9\n|\n|switch|p2a: Mantine|Mantine, M|99\/100\n|move|p1a: Sasuke|Gunk Shot|p2a: Mantine|[miss]\n|-start|p1a: Sasuke|typechange|Poison|[from] Protean\n|-miss|p1a: Sasuke|p2a: Mantine\n|\n|-heal|p2a: Mantine|100\/100|[from] item: Leftovers\n|upkeep\n|turn|10\n|\n|switch|p1a: Oven|Heatran, F|100\/100\n|switch|p2a: Bronzong|Bronzong|70\/100\n|\n|-heal|p2a: Bronzong|76\/100|[from] item: Leftovers\n|upkeep\n|turn|11\n|\n|switch|p2a: Mew|Mew|100\/100\n|move|p1a: Oven|Stealth Rock|p2a: Mew\n|-sidestart|p2: Adelorme12|move: Stealth Rock\n|\n|upkeep\n|turn|12\n|\n|switch|p1a: Toph|Landorus-Therian, M|83\/100\n|-ability|p1a: Toph|Intimidate|boost\n|-unboost|p2a: Mew|atk|1\n|move|p2a: Mew|Defog|p1a: Toph\n|-unboost|p1a: Toph|evasion|1\n|-sideend|p2: Adelorme12|Stealth Rock|[from] move: Defog|[of] p2a: Mew\n|\n|upkeep\n|turn|13\n|\n|move|p2a: Mew|Will-O-Wisp|p1a: Toph\n|-status|p1a: Toph|brn\n|move|p1a: Toph|Toxic||[still]\n|-status|p2a: Mew|tox\n|-activate|p2a: Mew|ability: Synchronize\n|-fail|p2a: Mew\n|\n|-damage|p2a: Mew|94\/100 tox|[from] psn\n|-damage|p1a: Toph|77\/100 brn|[from] brn\n|upkeep\n|turn|14\n|\n|switch|p2a: Gliscor|Gliscor, F|100\/100 tox\n|switch|p1a: Oven|Heatran, F|100\/100\n|\n|upkeep\n|turn|15\n|\n|switch|p1a: Ivy|Tangrowth, F|100\/100\n|switch|p2a: Altaria|Altaria-Mega, M|55\/100\n|\n|upkeep\n|turn|16\n|\n|switch|p1a: Oven|Heatran, F|100\/100\n|move|p2a: Altaria|Heal Bell|p2a: Altaria\n|-activate|p2a: Altaria|move: Heal Bell\n|-curestatus|p2: Mew|tox|[msg]\n|-curestatus|p2: Gliscor|tox|[msg]\n|\n|upkeep\n|turn|17\n|\n|switch|p2a: Mew|Mew|94\/100\n|move|p1a: Oven|Stealth Rock|p2a: Mew\n|-sidestart|p2: Adelorme12|move: Stealth Rock\n|\n|-heal|p2a: Mew|100\/100|[from] item: Leftovers\n|upkeep\n|turn|18\n|\n|move|p2a: Mew|Defog|p1a: Oven\n|-unboost|p1a: Oven|evasion|1\n|-sideend|p2: Adelorme12|Stealth Rock|[from] move: Defog|[of] p2a: Mew\n|move|p1a: Oven|Taunt|p2a: Mew\n|-start|p2a: Mew|move: Taunt\n|\n|upkeep\n|turn|19\n|\n|move|p2a: Mew|Earthquake|p1a: Oven\n|-supereffective|p1a: Oven\n|-crit|p1a: Oven\n|-damage|p1a: Oven|0 fnt\n|faint|p1a: Oven\n|\n|upkeep\n|\n|switch|p1a: Sasuke|Greninja, M|100\/100\n|turn|20\n|\n|switch|p2a: Mantine|Mantine, M|100\/100\n|move|p1a: Sasuke|U-turn|p2a: Mantine\n|-start|p1a: Sasuke|typechange|Bug|[from] Protean\n|-resisted|p2a: Mantine\n|-damage|p2a: Mantine|83\/100\n|\n|switch|p1a: Charizard|Charizard-Mega-X, F|89\/100\n|\n|-heal|p2a: Mantine|89\/100|[from] item: Leftovers\n|upkeep\n|turn|21\n|\n|switch|p2a: Altaria|Altaria-Mega, M|55\/100\n|move|p1a: Charizard|Dragon Claw|p2a: Altaria\n|-immune|p2a: Altaria\n|\n|upkeep\n|turn|22\n|\n|switch|p1a: Sasuke|Greninja, M|100\/100\n|move|p2a: Altaria|Roost|p2a: Altaria\n|-heal|p2a: Altaria|100\/100\n|-singleturn|p2a: Altaria|move: Roost\n|\n|upkeep\n|turn|23\n|\n|switch|p2a: Bronzong|Bronzong|76\/100\n|move|p1a: Sasuke|U-turn|p2a: Bronzong\n|-start|p1a: Sasuke|typechange|Bug|[from] Protean\n|-damage|p2a: Bronzong|50\/100\n|\n|switch|p1a: Charizard|Charizard-Mega-X, F|89\/100\n|\n|-heal|p2a: Bronzong|56\/100|[from] item: Leftovers\n|upkeep\n|turn|24\n|\n|move|p2a: Bronzong|Protect|p2a: Bronzong\n|-singleturn|p2a: Bronzong|Protect\n|move|p1a: Charizard|Flare Blitz|p2a: Bronzong\n|-activate|p2a: Bronzong|move: Protect\n|\n|-heal|p2a: Bronzong|63\/100|[from] item: Leftovers\n|upkeep\n|turn|25\n|\n|switch|p2a: Altaria|Altaria-Mega, M|100\/100\n|move|p1a: Charizard|Flare Blitz|p2a: Altaria\n|-resisted|p2a: Altaria\n|-crit|p2a: Altaria\n|-damage|p2a: Altaria|62\/100\n|-damage|p1a: Charizard|74\/100|[from] Recoil\n|\n|upkeep\n|turn|26\n|\n|move|p1a: Charizard|Flare Blitz|p2a: Altaria\n|-resisted|p2a: Altaria\n|-damage|p2a: Altaria|37\/100\n|-damage|p1a: Charizard|64\/100|[from] Recoil\n|move|p2a: Altaria|Body Slam|p1a: Charizard\n|-damage|p1a: Charizard|28\/100\n|\n|upkeep\n|turn|27\n|\n|switch|p1a: Jiminy|Tapu Koko, shiny|100\/100\n|-fieldstart|move: Electric Terrain|[from] ability: Electric Surge|[of] p1a: Jiminy\n|move|p2a: Altaria|Roost|p2a: Altaria\n|-heal|p2a: Altaria|87\/100\n|-singleturn|p2a: Altaria|move: Roost\n|\n|upkeep\n|turn|28\n|inactive|Adelorme12 has 120 seconds left.\n|\n|switch|p2a: Bronzong|Bronzong|63\/100\n|move|p1a: Jiminy|Dazzling Gleam|p2a: Bronzong\n|-resisted|p2a: Bronzong\n|-damage|p2a: Bronzong|45\/100\n|\n|-heal|p2a: Bronzong|52\/100|[from] item: Leftovers\n|upkeep\n|turn|29\n|inactive|Adelorme12 has 120 seconds left.\n|\n|switch|p1a: Toph|Landorus-Therian, M|77\/100 brn\n|-ability|p1a: Toph|Intimidate|boost\n|-unboost|p2a: Bronzong|atk|1\n|move|p2a: Bronzong|Stealth Rock|p1a: Toph\n|-sidestart|p1: Worstsetsever|move: Stealth Rock\n|\n|-heal|p2a: Bronzong|58\/100|[from] item: Leftovers\n|-damage|p1a: Toph|71\/100 brn|[from] brn\n|upkeep\n|turn|30\n|\n|move|p2a: Bronzong|Protect|p2a: Bronzong\n|-singleturn|p2a: Bronzong|Protect\n|move|p1a: Toph|Defog|p2a: Bronzong\n|-activate|p2a: Bronzong|move: Protect\n|\n|-heal|p2a: Bronzong|64\/100|[from] item: Leftovers\n|-damage|p1a: Toph|65\/100 brn|[from] brn\n|upkeep\n|turn|31\n|-message|Worstsetsever forfeited.\n|\n|win|Adelorme12\n","uploadtime":1549813729,"views":11,"p1id":"worstsetsever","p2id":"adelorme12","formatid":"gen7ou","rating":0,"private":0,"password":null}