{"id":"gen7ou-1669537223","p1":"Alu9204","p2":"Nador123!","format":"gen7ou","log":"|j|\u2606Alu9204\n|j|\u2606Nador123!\n|t:|1663740969\n|gametype|singles\n|player|p1|Alu9204|burglar|1426\n|player|p2|Nador123!|benga|1579\n|teamsize|p1|6\n|teamsize|p2|6\n|gen|7\n|tier|[Gen 7] OU\n|rated|\n|rule|Sleep Clause Mod: Limit one foe put to sleep\n|rule|Species Clause: Limit one of each Pok\u00e9mon\n|rule|OHKO Clause: OHKO moves are banned\n|rule|Moody Clause: Moody is banned\n|rule|Evasion Items Clause: Evasion items are banned\n|rule|Evasion Moves Clause: Evasion moves are banned\n|rule|Endless Battle Clause: Forcing endless battles is banned\n|rule|HP Percentage Mod: HP is shown in percentages\n|clearpoke\n|poke|p1|Shuckle, M|item\n|poke|p1|Kyurem-Black|item\n|poke|p1|Zeraora|item\n|poke|p1|Bisharp, M|item\n|poke|p1|Gyarados, F|item\n|poke|p1|Mimikyu, M|item\n|poke|p2|Latios, M|item\n|poke|p2|Heatran, F|item\n|poke|p2|Clefable, F|item\n|poke|p2|Ferrothorn, M|item\n|poke|p2|Tornadus-Therian, M|item\n|poke|p2|Landorus-Therian, M|item\n|teampreview\n|\n|t:|1663740982\n|start\n|switch|p1a: Shuckle|Shuckle, M|100\/100\n|switch|p2a: Ferrothorn|Ferrothorn, M|100\/100\n|turn|1\n|inactive|Battle timer is ON: inactive players will automatically lose when time's up. (requested by Alu9204)\n|\n|t:|1663740988\n|move|p2a: Ferrothorn|Power Whip|p1a: Shuckle\n|-damage|p1a: Shuckle|76\/100\n|-enditem|p1a: Shuckle|Red Card|[of] p2a: Ferrothorn\n|drag|p2a: Landorus|Landorus-Therian, M|100\/100\n|-ability|p2a: Landorus|Intimidate|boost\n|-unboost|p1a: Shuckle|atk|1\n|move|p1a: Shuckle|Stealth Rock|p2a: Landorus\n|-sidestart|p2: Nador123!|move: Stealth Rock\n|\n|upkeep\n|turn|2\n|\n|t:|1663740996\n|move|p2a: Landorus|U-turn|p1a: Shuckle\n|-damage|p1a: Shuckle|59\/100\n|\n|t:|1663740998\n|switch|p2a: Ferrothorn|Ferrothorn, M|100\/100|[from]move: U-turn\n|-damage|p2a: Ferrothorn|94\/100|[from] Stealth Rock\n|move|p1a: Shuckle|Sticky Web|p2a: Ferrothorn\n|-sidestart|p2: Nador123!|move: Sticky Web\n|\n|-heal|p2a: Ferrothorn|100\/100|[from] item: Leftovers\n|upkeep\n|turn|3\n|\n|t:|1663741008\n|move|p2a: Ferrothorn|Spikes|p1a: Shuckle\n|-sidestart|p1: Alu9204|Spikes\n|move|p1a: Shuckle|Final Gambit|p2a: Ferrothorn\n|-damage|p2a: Ferrothorn|60\/100\n|faint|p1a: Shuckle\n|\n|-heal|p2a: Ferrothorn|66\/100|[from] item: Leftovers\n|upkeep\n|\n|t:|1663741011\n|switch|p1a: Kyurem|Kyurem-Black|100\/100\n|-damage|p1a: Kyurem|88\/100|[from] Spikes\n|-ability|p1a: Kyurem|Teravolt\n|turn|4\n|\n|t:|1663741014\n|move|p1a: Kyurem|Hidden Power|p2a: Ferrothorn\n|-supereffective|p2a: Ferrothorn\n|-damage|p2a: Ferrothorn|8\/100\n|move|p2a: Ferrothorn|Leech Seed|p1a: Kyurem\n|-start|p1a: Kyurem|move: Leech Seed\n|\n|-heal|p2a: Ferrothorn|14\/100|[from] item: Leftovers\n|-damage|p1a: Kyurem|76\/100|[from] Leech Seed|[of] p2a: Ferrothorn\n|-heal|p2a: Ferrothorn|27\/100|[silent]\n|upkeep\n|turn|5\n|\n|t:|1663741021\n|switch|p2a: Clefable|Clefable, F|100\/100\n|-activate|p2a: Clefable|move: Sticky Web\n|-unboost|p2a: Clefable|spe|1\n|move|p1a: Kyurem|Hidden Power|p2a: Clefable\n|-damage|p2a: Clefable|81\/100\n|\n|-heal|p2a: Clefable|87\/100|[from] item: Leftovers\n|-damage|p1a: Kyurem|64\/100|[from] Leech Seed|[of] p2a: Clefable\n|-heal|p2a: Clefable|99\/100|[silent]\n|upkeep\n|turn|6\n|\n|t:|1663741043\n|switch|p1a: Zeraora|Zeraora|100\/100\n|-damage|p1a: Zeraora|88\/100|[from] Spikes\n|switch|p2a: Ferrothorn|Ferrothorn, M|27\/100\n|-damage|p2a: Ferrothorn|21\/100|[from] Stealth Rock\n|-activate|p2a: Ferrothorn|move: Sticky Web\n|-unboost|p2a: Ferrothorn|spe|1\n|\n|-heal|p2a: Ferrothorn|27\/100|[from] item: Leftovers\n|upkeep\n|turn|7\n|\n|t:|1663741058\n|move|p1a: Zeraora|Focus Blast|p2a: Ferrothorn\n|-supereffective|p2a: Ferrothorn\n|-damage|p2a: Ferrothorn|0 fnt\n|faint|p2a: Ferrothorn\n|\n|upkeep\n|\n|t:|1663741063\n|switch|p2a: Latios|Latios, M|100\/100\n|-damage|p2a: Latios|88\/100|[from] Stealth Rock\n|turn|8\n|\n|t:|1663741067\n|detailschange|p2a: Latios|Latios-Mega, M\n|-mega|p2a: Latios|Latios|Latiosite\n|move|p1a: Zeraora|Calm Mind|p1a: Zeraora\n|-boost|p1a: Zeraora|spa|1\n|-boost|p1a: Zeraora|spd|1\n|move|p2a: Latios|Psychic|p1a: Zeraora\n|-damage|p1a: Zeraora|42\/100\n|\n|upkeep\n|turn|9\n|\n|t:|1663741072\n|move|p1a: Zeraora|Hidden Power|p2a: Latios\n|-supereffective|p2a: Latios\n|-damage|p2a: Latios|34\/100\n|move|p2a: Latios|Recover|p2a: Latios\n|-heal|p2a: Latios|84\/100\n|\n|upkeep\n|turn|10\n|\n|t:|1663741079\n|move|p1a: Zeraora|Calm Mind|p1a: Zeraora\n|-boost|p1a: Zeraora|spa|1\n|-boost|p1a: Zeraora|spd|1\n|move|p2a: Latios|Earthquake|p1a: Zeraora\n|-supereffective|p1a: Zeraora\n|-enditem|p1a: Zeraora|Shuca Berry|[eat]\n|-enditem|p1a: Zeraora|Shuca Berry|[weaken]\n|-damage|p1a: Zeraora|2\/100\n|\n|upkeep\n|turn|11\n|\n|t:|1663741086\n|move|p1a: Zeraora|Hidden Power|p2a: Latios\n|-supereffective|p2a: Latios\n|-damage|p2a: Latios|3\/100\n|move|p2a: Latios|Earthquake|p1a: Zeraora\n|-supereffective|p1a: Zeraora\n|-damage|p1a: Zeraora|0 fnt\n|faint|p1a: Zeraora\n|\n|upkeep\n|\n|t:|1663741094\n|switch|p1a: Mimikyu|Mimikyu, M|100\/100\n|-damage|p1a: Mimikyu|88\/100|[from] Spikes\n|turn|12\n|\n|t:|1663741100\n|move|p1a: Mimikyu|Shadow Sneak|p2a: Latios\n|-supereffective|p2a: Latios\n|-damage|p2a: Latios|0 fnt\n|faint|p2a: Latios\n|-damage|p1a: Mimikyu|78\/100|[from] item: Life Orb\n|\n|upkeep\n|\n|t:|1663741102\n|switch|p2a: Landorus|Landorus-Therian, M|100\/100\n|-damage|p2a: Landorus|88\/100|[from] Stealth Rock\n|-ability|p2a: Landorus|Intimidate|boost\n|-unboost|p1a: Mimikyu|atk|1\n|turn|13\n|\n|t:|1663741108\n|switch|p1a: Gyarados|Gyarados, F|100\/100\n|-ability|p1a: Gyarados|Intimidate|boost\n|-unboost|p2a: Landorus|atk|1\n|move|p2a: Landorus|U-turn|p1a: Gyarados\n|-resisted|p1a: Gyarados\n|-damage|p1a: Gyarados|89\/100\n|\n|t:|1663741113\n|switch|p2a: Tornadus|Tornadus-Therian, M|100\/100|[from]move: U-turn\n|-damage|p2a: Tornadus|76\/100|[from] Stealth Rock\n|\n|upkeep\n|turn|14\n|\n|t:|1663741125\n|move|p2a: Tornadus|Taunt|p1a: Gyarados\n|-start|p1a: Gyarados|move: Taunt\n|cant|p1a: Gyarados|move: Taunt|Substitute\n|\n|upkeep\n|turn|15\n|\n|t:|1663741133\n|switch|p1a: Mimikyu|Mimikyu, M|78\/100\n|-damage|p1a: Mimikyu|66\/100|[from] Spikes\n|-zpower|p2a: Tornadus\n|move|p2a: Tornadus|Supersonic Skystrike|p1a: Mimikyu|[zeffect]\n|-activate|p1a: Mimikyu|ability: Disguise\n|-damage|p1a: Mimikyu|66\/100\n|detailschange|p1a: Mimikyu|Mimikyu-Busted, M\n|\n|upkeep\n|turn|16\n|\n|t:|1663741142\n|move|p2a: Tornadus|Defog|p1a: Mimikyu\n|-unboost|p1a: Mimikyu|evasion|1\n|-sideend|p1: Alu9204|Spikes|[from] move: Defog|[of] p2a: Tornadus\n|-sideend|p2: Nador123!|Stealth Rock|[from] move: Defog|[of] p2a: Tornadus\n|-sideend|p2: Nador123!|Sticky Web|[from] move: Defog|[of] p2a: Tornadus\n|move|p1a: Mimikyu|Play Rough|p2a: Tornadus\n|-damage|p2a: Tornadus|0 fnt\n|faint|p2a: Tornadus\n|-damage|p1a: Mimikyu|56\/100|[from] item: Life Orb\n|\n|upkeep\n|\n|t:|1663741145\n|switch|p2a: Heatran|Heatran, F|100\/100\n|turn|17\n|\n|t:|1663741148\n|move|p1a: Mimikyu|Shadow Claw|p2a: Heatran\n|-damage|p2a: Heatran|68\/100\n|-damage|p1a: Mimikyu|46\/100|[from] item: Life Orb\n|move|p2a: Heatran|Magma Storm|p1a: Mimikyu\n|-crit|p1a: Mimikyu\n|-damage|p1a: Mimikyu|0 fnt\n|faint|p1a: Mimikyu\n|\n|-heal|p2a: Heatran|74\/100|[from] item: Leftovers\n|upkeep\n|\n|t:|1663741158\n|switch|p1a: Gyarados|Gyarados, F|89\/100\n|-ability|p1a: Gyarados|Intimidate|boost\n|-unboost|p2a: Heatran|atk|1\n|turn|18\n|\n|t:|1663741163\n|move|p1a: Gyarados|Dragon Dance|p1a: Gyarados\n|-boost|p1a: Gyarados|atk|1\n|-boost|p1a: Gyarados|spe|1\n|move|p2a: Heatran|Toxic|p1a: Gyarados\n|-status|p1a: Gyarados|tox\n|\n|-heal|p2a: Heatran|80\/100|[from] item: Leftovers\n|-damage|p1a: Gyarados|83\/100 tox|[from] psn\n|upkeep\n|turn|19\n|\n|t:|1663741172\n|switch|p2a: Clefable|Clefable, F|99\/100\n|detailschange|p1a: Gyarados|Gyarados-Mega, F\n|-mega|p1a: Gyarados|Gyarados|Gyaradosite\n|-ability|p1a: Gyarados|Mold Breaker\n|move|p1a: Gyarados|Earthquake|p2a: Clefable\n|-damage|p2a: Clefable|49\/100\n|\n|-heal|p2a: Clefable|55\/100|[from] item: Leftovers\n|-damage|p1a: Gyarados|71\/100 tox|[from] psn\n|upkeep\n|turn|20\n|j| Mega Kiryu\n|\n|t:|1663741183\n|move|p1a: Gyarados|Earthquake|p2a: Clefable\n|-damage|p2a: Clefable|12\/100\n|move|p2a: Clefable|Moonblast|p1a: Gyarados\n|-supereffective|p1a: Gyarados\n|-damage|p1a: Gyarados|24\/100 tox\n|\n|-heal|p2a: Clefable|18\/100|[from] item: Leftovers\n|-damage|p1a: Gyarados|6\/100 tox|[from] psn\n|upkeep\n|turn|21\n|\n|t:|1663741190\n|switch|p2a: Heatran|Heatran, F|80\/100\n|move|p1a: Gyarados|Earthquake|p2a: Heatran\n|-supereffective|p2a: Heatran\n|-damage|p2a: Heatran|0 fnt\n|faint|p2a: Heatran\n|\n|-damage|p1a: Gyarados|0 fnt|[from] psn\n|faint|p1a: Gyarados\n|upkeep\n|\n|t:|1663741193\n|switch|p1a: Bisharp|Bisharp, M|100\/100\n|switch|p2a: Landorus|Landorus-Therian, M|88\/100\n|-ability|p2a: Landorus|Intimidate|boost\n|-unboost|p1a: Bisharp|atk|1\n|-ability|p1a: Bisharp|Defiant\n|-boost|p1a: Bisharp|atk|2\n|turn|22\n|\n|t:|1663741203\n|move|p2a: Landorus|Earthquake|p1a: Bisharp\n|-supereffective|p1a: Bisharp\n|-damage|p1a: Bisharp|0 fnt\n|faint|p1a: Bisharp\n|\n|upkeep\n|\n|t:|1663741206\n|switch|p1a: Kyurem|Kyurem-Black|64\/100\n|-ability|p1a: Kyurem|Teravolt\n|turn|23\n|\n|t:|1663741208\n|move|p2a: Landorus|Earthquake|p1a: Kyurem\n|-damage|p1a: Kyurem|14\/100\n|move|p1a: Kyurem|Ice Beam|p2a: Landorus\n|-supereffective|p2a: Landorus\n|-damage|p2a: Landorus|0 fnt\n|faint|p2a: Landorus\n|\n|upkeep\n|\n|t:|1663741213\n|switch|p2a: Clefable|Clefable, F|18\/100\n|turn|24\n|\n|t:|1663741216\n|move|p1a: Kyurem|Fusion Bolt|p2a: Clefable\n|-damage|p2a: Clefable|0 fnt\n|faint|p2a: Clefable\n|\n|win|Alu9204\n|raw|Alu9204's rating: 1426 &rarr; <strong>1454<\/strong><br \/>(+28 for winning)\n|raw|Nador123!'s rating: 1579 &rarr; <strong>1551<\/strong><br \/>(-28 for losing)\n|l|\u2606Nador123!\n|l|\u2606Alu9204\n","uploadtime":1663741250,"views":13,"p1id":"alu9204","p2id":"nador123","formatid":"gen7ou","rating":1454,"private":0,"password":null}