{"id":"gen7ou-600510521","p1":"Pokefreak77","p2":"RQWT3","format":"gen7ou","log":"|j|Pokefreak77\n|j|RQWT3\n|player|p1|Pokefreak77|#zinnia\n|teamsize|p1|6\n|player|p2|RQWT3|1\n|teamsize|p2|6\n|gametype|singles\n|gen|7\n|tier|[Gen 7] OU\n|rated\n|seed|938,54575,23681,48108\n|clearpoke\n|poke|p1|Abomasnow, M, shiny|item\n|poke|p1|Magearna|item\n|poke|p1|Victini|item\n|poke|p1|Tapu Fini|item\n|poke|p1|Kyurem|item\n|poke|p1|Landorus-Therian, M|item\n|poke|p2|Lopunny, F|item\n|poke|p2|Greninja, M|item\n|poke|p2|Clefable, F|item\n|poke|p2|Magearna|item\n|poke|p2|Landorus-Therian, M|item\n|poke|p2|Amoonguss, F|item\n|rule|Sleep Clause Mod: Limit one foe put to sleep\n|rule|Species Clause: Limit one of each Pok\u00e9mon\n|rule|OHKO Clause: OHKO moves are banned\n|rule|Moody Clause: Moody is banned\n|rule|Evasion Moves Clause: Evasion moves are banned\n|rule|Endless Battle Clause: Forcing endless battles is banned\n|rule|HP Percentage Mod: HP is shown in percentages\n|teampreview\n|j|Jfudjd\n|j|snoopz24\n|choice|team 3, team 2, team 1, team 4, team 5, team 6|team 3, team 2, team 1, team 4, team 5, team 6\n|\n|start\n|switch|p1a: v for valhalla|Victini|341\/341\n|switch|p2a: Clefable|Clefable, F|394\/394\n|turn|1\n|choice|move trick|move knockoff\n|\n|move|p1a: v for valhalla|Trick|p2a: Clefable\n|-activate|p1a: v for valhalla|move: Trick|[of] p2a: Clefable\n|-item|p2a: Clefable|Choice Scarf|[from] move: Trick\n|-item|p1a: v for valhalla|Leftovers|[from] move: Trick\n|move|p2a: Clefable|Knock Off|p1a: v for valhalla\n|-supereffective|p1a: v for valhalla\n|-damage|p1a: v for valhalla|245\/341\n|-enditem|p1a: v for valhalla|Leftovers|[from] move: Knock Off|[of] p2a: Clefable\n|\n|upkeep\n|turn|2\n|choice|move uturn|switch 5\n|\n|switch|p2a: Landorus|Landorus-Therian, M|382\/382\n|-ability|p2a: Landorus|Intimidate|boost\n|-unboost|p1a: v for valhalla|atk|1\n|move|p1a: v for valhalla|U-turn|p2a: Landorus\n|-resisted|p2a: Landorus\n|-damage|p2a: Landorus|363\/382\n|-damage|p1a: v for valhalla|189\/341|[from] item: Rocky Helmet|[of] p2a: Landorus\n|choice|switch 3|\n|\n|switch|p1a: winter rhapsody|Abomasnow, M, shiny|347\/347\n|-weather|Hail|[from] ability: Snow Warning|[of] p1a: winter rhapsody\n|\n|-weather|Hail|[upkeep]\n|-damage|p2a: Landorus|340\/382|[from] hail\n|upkeep\n|turn|3\n|choice|move iceshard mega|switch 5\n|\n|switch|p2a: Clefable|Clefable, F|394\/394\n|detailschange|p1a: winter rhapsody|Abomasnow-Mega, M, shiny\n|-mega|p1a: winter rhapsody|Abomasnow|Abomasite\n|move|p1a: winter rhapsody|Ice Shard|p2a: Clefable\n|-crit|p2a: Clefable\n|-damage|p2a: Clefable|306\/394\n|\n|-weather|Hail|[upkeep]\n|upkeep\n|turn|4\n|choice|move blizzard|move flamethrower\n|\n|move|p2a: Clefable|Flamethrower|p1a: winter rhapsody\n|-supereffective|p1a: winter rhapsody\n|-damage|p1a: winter rhapsody|87\/347\n|move|p1a: winter rhapsody|Blizzard|p2a: Clefable\n|-damage|p2a: Clefable|80\/394\n|\n|-weather|Hail|[upkeep]\n|upkeep\n|turn|5\n|choice|switch 5|move flamethrower\n|\n|switch|p1a: dark silver world|Kyurem|405\/405\n|-ability|p1a: dark silver world|Pressure\n|move|p2a: Clefable|Flamethrower|p1a: dark silver world\n|-damage|p1a: dark silver world|326\/405\n|\n|-weather|Hail|[upkeep]\n|-heal|p1a: dark silver world|351\/405|[from] item: Leftovers\n|upkeep\n|turn|6\n|choice|move substitute|switch 4\n|\n|switch|p2a: Magearna|Magearna|364\/364\n|move|p1a: dark silver world|Substitute|p1a: dark silver world\n|-start|p1a: dark silver world|Substitute\n|-damage|p1a: dark silver world|250\/405\n|\n|-weather|none\n|-heal|p1a: dark silver world|275\/405|[from] item: Leftovers\n|upkeep\n|turn|7\n|choice|move earthpower|move flashcannon\n|\n|move|p1a: dark silver world|Earth Power|p2a: Magearna\n|-supereffective|p2a: Magearna\n|-damage|p2a: Magearna|258\/364\n|-unboost|p2a: Magearna|spd|1\n|move|p2a: Magearna|Flash Cannon|p1a: dark silver world\n|-supereffective|p1a: dark silver world\n|-end|p1a: dark silver world|Substitute\n|\n|-heal|p1a: dark silver world|300\/405|[from] item: Leftovers\n|upkeep\n|turn|8\n|choice|switch 3|move flashcannon\n|\n|switch|p1a: v for valhalla|Victini|189\/341\n|move|p2a: Magearna|Flash Cannon|p1a: v for valhalla\n|-resisted|p1a: v for valhalla\n|-damage|p1a: v for valhalla|132\/341\n|\n|upkeep\n|turn|9\n|choice|move vcreate|switch 5\n|\n|switch|p2a: Landorus|Landorus-Therian, M|340\/382\n|-ability|p2a: Landorus|Intimidate|boost\n|-unboost|p1a: v for valhalla|atk|1\n|move|p1a: v for valhalla|V-create|p2a: Landorus\n|-damage|p2a: Landorus|213\/382\n|-damage|p1a: v for valhalla|76\/341|[from] item: Rocky Helmet|[of] p2a: Landorus\n|-unboost|p1a: v for valhalla|spe|1\n|-unboost|p1a: v for valhalla|def|1\n|-unboost|p1a: v for valhalla|spd|1\n|\n|upkeep\n|turn|10\n|choice|switch 4|move stealthrock\n|\n|switch|p1a: life's lullaby|Tapu Fini|337\/337\n|-fieldstart|move: Misty Terrain|[from] ability: Misty Surge|[of] p1a: life's lullaby\n|move|p2a: Landorus|Stealth Rock|p1a: life's lullaby\n|-sidestart|p1: Pokefreak77|move: Stealth Rock\n|\n|upkeep\n|turn|11\n|choice|move defog|switch 6\n|\n|switch|p2a: Amoonguss|Amoonguss, F|431\/431\n|move|p1a: life's lullaby|Defog|p2a: Amoonguss\n|-unboost|p2a: Amoonguss|evasion|1\n|-sideend|p1: Pokefreak77|Stealth Rock|[from] move: Defog|[of] p1a: life's lullaby\n|\n|upkeep\n|turn|12\n|choice|switch 3|move gigadrain\n|\n|switch|p1a: dark silver world|Kyurem|300\/405\n|-ability|p1a: dark silver world|Pressure\n|move|p2a: Amoonguss|Giga Drain|p1a: dark silver world\n|-resisted|p1a: dark silver world\n|-damage|p1a: dark silver world|255\/405\n|\n|-heal|p1a: dark silver world|280\/405|[from] item: Leftovers\n|upkeep\n|turn|13\n|choice|move substitute|switch 5\n|\n|switch|p2a: Magearna|Magearna|258\/364\n|move|p1a: dark silver world|Substitute|p1a: dark silver world\n|-start|p1a: dark silver world|Substitute\n|-damage|p1a: dark silver world|179\/405\n|\n|-heal|p1a: dark silver world|204\/405|[from] item: Leftovers\n|upkeep\n|turn|14\n|choice|move roost|move flashcannon\n|\n|move|p1a: dark silver world|Roost|p1a: dark silver world\n|-heal|p1a: dark silver world|405\/405\n|move|p2a: Magearna|Flash Cannon|p1a: dark silver world\n|-supereffective|p1a: dark silver world\n|-end|p1a: dark silver world|Substitute\n|\n|-fieldend|Misty Terrain\n|upkeep\n|turn|15\n|choice|move substitute|move flashcannon\n|\n|move|p1a: dark silver world|Substitute|p1a: dark silver world\n|-start|p1a: dark silver world|Substitute\n|-damage|p1a: dark silver world|304\/405\n|move|p2a: Magearna|Flash Cannon|p1a: dark silver world\n|-supereffective|p1a: dark silver world\n|-crit|p1a: dark silver world\n|-end|p1a: dark silver world|Substitute\n|\n|-heal|p1a: dark silver world|329\/405|[from] item: Leftovers\n|upkeep\n|turn|16\n|choice|move substitute|move flashcannon\n|\n|move|p1a: dark silver world|Substitute|p1a: dark silver world\n|-start|p1a: dark silver world|Substitute\n|-damage|p1a: dark silver world|228\/405\n|move|p2a: Magearna|Flash Cannon|p1a: dark silver world\n|-supereffective|p1a: dark silver world\n|-crit|p1a: dark silver world\n|-end|p1a: dark silver world|Substitute\n|\n|-heal|p1a: dark silver world|253\/405|[from] item: Leftovers\n|upkeep\n|turn|17\n|choice|switch 2|move flashcannon\n|\n|switch|p1a: paradise lost|Magearna|349\/349\n|move|p2a: Magearna|Flash Cannon|p1a: paradise lost\n|-damage|p1a: paradise lost|279\/349\n|\n|upkeep\n|turn|18\n|choice|move flashcannon|move voltswitch\n|\n|move|p1a: paradise lost|Flash Cannon|p2a: Magearna\n|-damage|p2a: Magearna|188\/364\n|move|p2a: Magearna|Volt Switch|p1a: paradise lost\n|-damage|p1a: paradise lost|237\/349\n|choice||switch 5\n|\n|switch|p2a: Amoonguss|Amoonguss, F|431\/431\n|\n|upkeep\n|turn|19\n|choice|switch 3|move sludgebomb\n|\n|switch|p1a: life's lullaby|Tapu Fini|337\/337\n|-fieldstart|move: Misty Terrain|[from] ability: Misty Surge|[of] p1a: life's lullaby\n|move|p2a: Amoonguss|Sludge Bomb|p1a: life's lullaby\n|-supereffective|p1a: life's lullaby\n|-damage|p1a: life's lullaby|197\/337\n|\n|-heal|p1a: life's lullaby|218\/337|[from] item: Leftovers\n|upkeep\n|turn|20\n|choice|switch 2|switch 3\n|\n|switch|p1a: dark silver world|Kyurem|253\/405\n|-ability|p1a: dark silver world|Pressure\n|switch|p2a: Lopunny|Lopunny, F|271\/271\n|\n|-heal|p1a: dark silver world|278\/405|[from] item: Leftovers\n|upkeep\n|turn|21\n|choice|switch 6|move return mega\n|\n|switch|p1a: the emperor|Landorus-Therian, M|319\/319\n|-ability|p1a: the emperor|Intimidate|boost\n|-unboost|p2a: Lopunny|atk|1\n|detailschange|p2a: Lopunny|Lopunny-Mega, F\n|-mega|p2a: Lopunny|Lopunny|Lopunnite\n|move|p2a: Lopunny|Return|p1a: the emperor\n|-damage|p1a: the emperor|190\/319\n|\n|upkeep\n|turn|22\n|choice|move stealthrock|switch 6\n|\n|switch|p2a: Landorus|Landorus-Therian, M|213\/382\n|-ability|p2a: Landorus|Intimidate|boost\n|-unboost|p1a: the emperor|atk|1\n|move|p1a: the emperor|Stealth Rock|p2a: Landorus\n|-sidestart|p2: RQWT3|move: Stealth Rock\n|\n|upkeep\n|turn|23\n|choice|move swordsdance|move stealthrock\n|\n|move|p1a: the emperor|Swords Dance|p1a: the emperor\n|-boost|p1a: the emperor|atk|2\n|move|p2a: Landorus|Stealth Rock|p1a: the emperor\n|-sidestart|p1: Pokefreak77|move: Stealth Rock\n|\n|-fieldend|Misty Terrain\n|upkeep\n|turn|24\n|choice|move stoneedge|switch 4\n|\n|switch|p2a: Clefable|Clefable, F|80\/394\n|move|p1a: the emperor|Stone Edge|p2a: Clefable\n|-crit|p2a: Clefable\n|-damage|p2a: Clefable|0 fnt\n|faint|p2a: Clefable\n|\n|upkeep\n|choice||switch 6\n|\n|switch|p2a: Lopunny|Lopunny-Mega, F|271\/271\n|-damage|p2a: Lopunny|255\/271|[from] Stealth Rock\n|turn|25\n|choice|switch 4|move fakeout\n|\n|switch|p1a: v for valhalla|Victini|76\/341\n|-damage|p1a: v for valhalla|0 fnt|[from] Stealth Rock\n|faint|p1a: v for valhalla\n|move|p2a: Lopunny|Fake Out|p1: v for valhalla|[notarget]\n|-notarget\n|\n|upkeep\n|choice|switch 4|\n|\n|switch|p1a: the emperor|Landorus-Therian, M|190\/319\n|-damage|p1a: the emperor|151\/319|[from] Stealth Rock\n|-ability|p1a: the emperor|Intimidate|boost\n|-unboost|p2a: Lopunny|atk|1\n|turn|26\n|choice|move stoneedge zmove|switch 4\n|\n|switch|p2a: Landorus|Landorus-Therian, M|213\/382\n|-damage|p2a: Landorus|166\/382|[from] Stealth Rock\n|-ability|p2a: Landorus|Intimidate|boost\n|-unboost|p1a: the emperor|atk|1\n|-zpower|p1a: the emperor\n|move|p1a: the emperor|Continental Crush|p2a: Landorus|[zeffect]\n|-damage|p2a: Landorus|54\/382\n|\n|upkeep\n|turn|27\n|choice|move stoneedge|move uturn\n|\n|move|p1a: the emperor|Stone Edge|p2a: Landorus\n|-damage|p2a: Landorus|0 fnt\n|faint|p2a: Landorus\n|\n|upkeep\n|choice||switch 4\n|\n|switch|p2a: Lopunny|Lopunny-Mega, F|255\/271\n|-damage|p2a: Lopunny|239\/271|[from] Stealth Rock\n|turn|28\n|choice|switch 5|move fakeout\n|\n|switch|p1a: winter rhapsody|Abomasnow-Mega, M, shiny|87\/347\n|-damage|p1a: winter rhapsody|1\/347|[from] Stealth Rock\n|-weather|Hail|[from] ability: Snow Warning|[of] p1a: winter rhapsody\n|move|p2a: Lopunny|Fake Out|p1a: winter rhapsody\n|-damage|p1a: winter rhapsody|0 fnt\n|faint|p1a: winter rhapsody\n|\n|-weather|Hail|[upkeep]\n|-damage|p2a: Lopunny|223\/271|[from] hail\n|upkeep\n|choice|switch 2|\n|\n|switch|p1a: life's lullaby|Tapu Fini|218\/337\n|-damage|p1a: life's lullaby|176\/337|[from] Stealth Rock\n|-fieldstart|move: Misty Terrain|[from] ability: Misty Surge|[of] p1a: life's lullaby\n|turn|29\n|choice|move moonblast|switch 5\n|\n|switch|p2a: Magearna|Magearna|188\/364\n|-damage|p2a: Magearna|166\/364|[from] Stealth Rock\n|move|p1a: life's lullaby|Moonblast|p2a: Magearna\n|-resisted|p2a: Magearna\n|-damage|p2a: Magearna|139\/364\n|\n|-weather|Hail|[upkeep]\n|-damage|p1a: life's lullaby|155\/337|[from] hail\n|-damage|p2a: Magearna|117\/364|[from] hail\n|-heal|p1a: life's lullaby|176\/337|[from] item: Leftovers\n|upkeep\n|turn|30\n|choice|move defog|move flashcannon\n|\n|move|p1a: life's lullaby|Defog|p2a: Magearna\n|-unboost|p2a: Magearna|evasion|1\n|-sideend|p2: RQWT3|Stealth Rock|[from] move: Defog|[of] p2a: Magearna\n|-sideend|p1: Pokefreak77|Stealth Rock|[from] move: Defog|[of] p1a: life's lullaby\n|move|p2a: Magearna|Flash Cannon|p1a: life's lullaby\n|-damage|p1a: life's lullaby|73\/337\n|\n|-weather|Hail|[upkeep]\n|-damage|p1a: life's lullaby|52\/337|[from] hail\n|-damage|p2a: Magearna|95\/364|[from] hail\n|-heal|p1a: life's lullaby|73\/337|[from] item: Leftovers\n|upkeep\n|turn|31\n|choice|move naturesmadness|move flashcannon\n|\n|move|p1a: life's lullaby|Nature's Madness|p2a: Magearna\n|-damage|p2a: Magearna|48\/364\n|move|p2a: Magearna|Flash Cannon|p1a: life's lullaby\n|-damage|p1a: life's lullaby|0 fnt\n|faint|p1a: life's lullaby\n|-ability|p2a: Magearna|Soul-Heart|boost\n|-boost|p2a: Magearna|spa|1\n|\n|-weather|Hail|[upkeep]\n|-damage|p2a: Magearna|26\/364|[from] hail\n|upkeep\n|choice|switch 6|\n|\n|switch|p1a: dark silver world|Kyurem|278\/405\n|-ability|p1a: dark silver world|Pressure\n|turn|32\n|choice|move earthpower|move flashcannon\n|\n|move|p1a: dark silver world|Earth Power|p2a: Magearna\n|-supereffective|p2a: Magearna\n|-damage|p2a: Magearna|0 fnt\n|faint|p2a: Magearna\n|\n|-weather|none\n|-heal|p1a: dark silver world|303\/405|[from] item: Leftovers\n|upkeep\n|choice||switch 5\n|\n|switch|p2a: Lopunny|Lopunny-Mega, F|223\/271\n|turn|33\n|choice|switch 5|move highjumpkick\n|\n|switch|p1a: the emperor|Landorus-Therian, M|151\/319\n|-ability|p1a: the emperor|Intimidate|boost\n|-unboost|p2a: Lopunny|atk|1\n|move|p2a: Lopunny|High Jump Kick|p1a: the emperor\n|-resisted|p1a: the emperor\n|-damage|p1a: the emperor|61\/319\n|\n|-fieldend|Misty Terrain\n|upkeep\n|turn|34\n|choice|move earthquake|move return\n|\n|move|p2a: Lopunny|Return|p1a: the emperor\n|-damage|p1a: the emperor|0 fnt\n|faint|p1a: the emperor\n|\n|upkeep\n|choice|switch 3|\n|\n|switch|p1a: paradise lost|Magearna|237\/349\n|turn|35\n|choice|move voltswitch|switch 2\n|\n|switch|p2a: Greninja|Greninja, M|285\/285\n|move|p1a: paradise lost|Volt Switch|p2a: Greninja\n|-supereffective|p2a: Greninja\n|-damage|p2a: Greninja|47\/285\n|choice|switch 5|\n|\n|switch|p1a: dark silver world|Kyurem|303\/405\n|-ability|p1a: dark silver world|Pressure\n|\n|-heal|p1a: dark silver world|328\/405|[from] item: Leftovers\n|upkeep\n|turn|36\n|choice|move roost|move darkpulse\n|\n|move|p2a: Greninja|Dark Pulse|p1a: dark silver world\n|-damage|p1a: dark silver world|124\/405\n|move|p1a: dark silver world|Roost|p1a: dark silver world\n|-heal|p1a: dark silver world|327\/405\n|\n|-heal|p1a: dark silver world|352\/405|[from] item: Leftovers\n|upkeep\n|turn|37\n|choice|move icebeam|move darkpulse\n|\n|move|p2a: Greninja|Dark Pulse|p1a: dark silver world\n|-damage|p1a: dark silver world|136\/405\n|move|p1a: dark silver world|Ice Beam|p2a: Greninja\n|-resisted|p2a: Greninja\n|-damage|p2a: Greninja|0 fnt\n|faint|p2a: Greninja\n|\n|-heal|p1a: dark silver world|161\/405|[from] item: Leftovers\n|upkeep\n|choice||switch 2\n|\n|switch|p2a: Lopunny|Lopunny-Mega, F|223\/271\n|turn|38\n|choice|move icebeam|move fakeout\n|\n|move|p2a: Lopunny|Fake Out|p1a: dark silver world\n|-damage|p1a: dark silver world|86\/405\n|cant|p1a: dark silver world|flinch\n|\n|-heal|p1a: dark silver world|111\/405|[from] item: Leftovers\n|upkeep\n|turn|39\n|choice|move icebeam|move return\n|\n|move|p2a: Lopunny|Return|p1a: dark silver world\n|-damage|p1a: dark silver world|0 fnt\n|faint|p1a: dark silver world\n|\n|upkeep\n|choice|switch 5|\n|\n|switch|p1a: paradise lost|Magearna|237\/349\n|turn|40\n|choice|move fleurcannon|switch 3\n|\n|switch|p2a: Amoonguss|Amoonguss, F|431\/431\n|move|p1a: paradise lost|Fleur Cannon|p2a: Amoonguss\n|-resisted|p2a: Amoonguss\n|-damage|p2a: Amoonguss|299\/431\n|-unboost|p1a: paradise lost|spa|2\n|\n|-heal|p2a: Amoonguss|325\/431|[from] item: Black Sludge\n|upkeep\n|turn|41\n|-message|Pokefreak77 forfeited.\n|\n|win|RQWT3\n|l|Pokefreak77\n|raw|Pokefreak77's rating: 1942 &rarr; <strong>1912<\/strong><br \/>(-30 for losing)\n|raw|RQWT3's rating: 1747 &rarr; <strong>1777<\/strong><br \/>(+30 for winning)\n|c|\u2606RQWT3|gg","inputlog":null,"uploadtime":1499392806,"views":9,"p1id":"pokefreak77","p2id":"rqwt3","formatid":"gen7ou","rating":1777,"private":0,"password":null}