{"id":"gen7ou-981166647","p1":"Ame Ga Suki","p2":"OGamer289","format":"gen7ou","log":"|j|\u2606Ame Ga Suki\n|j|\u2606OGamer289\n|player|p1|Ame Ga Suki|157|1901\n|player|p2|OGamer289|153|1761\n|teamsize|p1|6\n|teamsize|p2|6\n|gametype|singles\n|gen|7\n|tier|[Gen 7] OU\n|rated|\n|rule|Sleep Clause Mod: Limit one foe put to sleep\n|rule|Species Clause: Limit one of each Pok\u00e9mon\n|rule|OHKO Clause: OHKO moves are banned\n|rule|Moody Clause: Moody is banned\n|rule|Evasion Moves Clause: Evasion moves are banned\n|rule|Endless Battle Clause: Forcing endless battles is banned\n|rule|HP Percentage Mod: HP is shown in percentages\n|clearpoke\n|poke|p1|Pinsir, M|item\n|poke|p1|Marowak-Alola, F|item\n|poke|p1|Thundurus-Therian, M|item\n|poke|p1|Magearna|item\n|poke|p1|Alomomola, M|item\n|poke|p1|Tornadus-Therian, M|item\n|poke|p2|Conkeldurr, M|item\n|poke|p2|Victini|item\n|poke|p2|Rotom-Wash|item\n|poke|p2|Aggron, M|item\n|poke|p2|Latios, M|item\n|poke|p2|Mamoswine, F|item\n|teampreview\n|\n|start\n|switch|p1a: Sdkfz.251\/20|Alomomola, M, shiny|100\/100\n|switch|p2a: Juliensblog|Latios, M|100\/100\n|turn|1\n|\n|move|p1a: Sdkfz.251\/20|Protect|p1a: Sdkfz.251\/20\n|-singleturn|p1a: Sdkfz.251\/20|Protect\n|move|p2a: Juliensblog|Thunderbolt|p1a: Sdkfz.251\/20\n|-activate|p1a: Sdkfz.251\/20|move: Protect\n|\n|upkeep\n|turn|2\n|\n|move|p2a: Juliensblog|Psyshock|p1a: Sdkfz.251\/20\n|-damage|p1a: Sdkfz.251\/20|71\/100\n|move|p1a: Sdkfz.251\/20|Toxic|p2a: Juliensblog|[miss]\n|-miss|p1a: Sdkfz.251\/20|p2a: Juliensblog\n|\n|-heal|p1a: Sdkfz.251\/20|77\/100|[from] item: Leftovers\n|upkeep\n|turn|3\n|\n|switch|p1a: Pz.kpfwVI AUSF.B|Magearna|100\/100\n|move|p2a: Juliensblog|Thunderbolt|p1a: Pz.kpfwVI AUSF.B\n|-damage|p1a: Pz.kpfwVI AUSF.B|86\/100\n|\n|upkeep\n|turn|4\n|inactive|Battle timer is ON: inactive players will automatically lose when time's up. (requested by OGamer289)\n|\n|switch|p2a: Aggron|Aggron, M|100\/100\n|move|p1a: Pz.kpfwVI AUSF.B|Hidden Power|p2a: Aggron\n|-supereffective|p2a: Aggron\n|-damage|p2a: Aggron|37\/100\n|\n|upkeep\n|turn|5\n|\n|detailschange|p2a: Aggron|Aggron-Mega, M\n|-mega|p2a: Aggron|Aggron|Aggronite\n|move|p1a: Pz.kpfwVI AUSF.B|Volt Switch|p2a: Aggron\n|-damage|p2a: Aggron|20\/100\n|j| Aiaya\n|\n|switch|p1a: Heinkel He 177A-3|Tornadus-Therian, M|100\/100|[from]move: Volt Switch\n|move|p2a: Aggron|Earthquake|p1a: Heinkel He 177A-3\n|-immune|p1a: Heinkel He 177A-3\n|\n|upkeep\n|turn|6\n|\n|move|p1a: Heinkel He 177A-3|Heat Wave|p2a: Aggron|[miss]\n|-miss|p1a: Heinkel He 177A-3|p2a: Aggron\n|move|p2a: Aggron|Stealth Rock|p1a: Heinkel He 177A-3\n|-sidestart|p1: Ame Ga Suki|move: Stealth Rock\n|\n|upkeep\n|turn|7\n|j| Mengy \u32db\n|\n|move|p1a: Heinkel He 177A-3|Defog|p2a: Aggron\n|-unboost|p2a: Aggron|evasion|1\n|-sideend|p1: Ame Ga Suki|Stealth Rock|[from] move: Defog|[of] p1a: Heinkel He 177A-3\n|move|p2a: Aggron|Heavy Slam|p1a: Heinkel He 177A-3\n|-damage|p1a: Heinkel He 177A-3|31\/100\n|\n|upkeep\n|turn|8\n|j| 00FX\n|\n|switch|p2a: Victini|Victini|100\/100\n|move|p1a: Heinkel He 177A-3|Heat Wave|p2a: Victini\n|-resisted|p2a: Victini\n|-damage|p2a: Victini|86\/100\n|\n|upkeep\n|turn|9\n|\n|switch|p1a: Jagdpanzer (P)|Marowak-Alola, F|100\/100\n|move|p2a: Victini|Fusion Bolt|p1a: Jagdpanzer (P)\n|-ability|p1a: Jagdpanzer (P)|Lightning Rod|boost\n|-boost|p1a: Jagdpanzer (P)|spa|1\n|\n|upkeep\n|turn|10\n|j| alvin and joshy\n|\n|switch|p2a: Rotom|Rotom-Wash|100\/100\n|move|p1a: Jagdpanzer (P)|Substitute|p1a: Jagdpanzer (P)\n|-start|p1a: Jagdpanzer (P)|Substitute\n|-damage|p1a: Jagdpanzer (P)|76\/100\n|\n|upkeep\n|turn|11\n|\n|-singleturn|p1a: Jagdpanzer (P)|move: Focus Punch\n|move|p2a: Rotom|Hydro Pump|p1a: Jagdpanzer (P)|[miss]\n|-miss|p2a: Rotom|p1a: Jagdpanzer (P)\n|move|p1a: Jagdpanzer (P)|Focus Punch|p2a: Rotom\n|-damage|p2a: Rotom|50\/100\n|\n|-heal|p2a: Rotom|56\/100|[from] item: Leftovers\n|upkeep\n|turn|12\n|\n|-singleturn|p1a: Jagdpanzer (P)|move: Focus Punch\n|move|p2a: Rotom|Hydro Pump|p1a: Jagdpanzer (P)\n|-supereffective|p1a: Jagdpanzer (P)\n|-end|p1a: Jagdpanzer (P)|Substitute\n|move|p1a: Jagdpanzer (P)|Focus Punch|p2a: Rotom\n|-damage|p2a: Rotom|6\/100\n|\n|-heal|p2a: Rotom|12\/100|[from] item: Leftovers\n|upkeep\n|turn|13\n|\n|switch|p1a: Junkers Ju-87G|Thundurus-Therian, M|100\/100\n|move|p2a: Rotom|Hydro Pump|p1a: Junkers Ju-87G\n|-damage|p1a: Junkers Ju-87G|50\/100\n|\n|-heal|p2a: Rotom|19\/100|[from] item: Leftovers\n|upkeep\n|turn|14\n|\n|switch|p2a: Juliensblog|Latios, M|100\/100\n|-zpower|p1a: Junkers Ju-87G\n|move|p1a: Junkers Ju-87G|All-Out Pummeling|p2a: Juliensblog|[zeffect]\n|-resisted|p2a: Juliensblog\n|-crit|p2a: Juliensblog\n|-damage|p2a: Juliensblog|42\/100\n|\n|upkeep\n|turn|15\n|\n|switch|p1a: Pz.kpfwVI AUSF.B|Magearna|86\/100\n|move|p2a: Juliensblog|Psyshock|p1a: Pz.kpfwVI AUSF.B\n|-resisted|p1a: Pz.kpfwVI AUSF.B\n|-damage|p1a: Pz.kpfwVI AUSF.B|68\/100\n|\n|upkeep\n|turn|16\n|\n|switch|p2a: Aggron|Aggron-Mega, M|20\/100\n|move|p1a: Pz.kpfwVI AUSF.B|Iron Head|p2a: Aggron\n|-resisted|p2a: Aggron\n|-damage|p2a: Aggron|13\/100\n|\n|upkeep\n|turn|17\n|\n|move|p1a: Pz.kpfwVI AUSF.B|Hidden Power|p2a: Aggron\n|-supereffective|p2a: Aggron\n|-damage|p2a: Aggron|0 fnt\n|faint|p2a: Aggron\n|-ability|p1a: Pz.kpfwVI AUSF.B|Soul-Heart|boost\n|-boost|p1a: Pz.kpfwVI AUSF.B|spa|1\n|\n|upkeep\n|\n|switch|p2a: Mamoswine|Mamoswine, F|100\/100\n|turn|18\n|\n|move|p2a: Mamoswine|Earthquake|p1a: Pz.kpfwVI AUSF.B\n|-supereffective|p1a: Pz.kpfwVI AUSF.B\n|-damage|p1a: Pz.kpfwVI AUSF.B|0 fnt\n|faint|p1a: Pz.kpfwVI AUSF.B\n|\n|upkeep\n|\n|switch|p1a: Messers Bf-109S|Pinsir, M|100\/100\n|turn|19\n|\n|switch|p2a: Rotom|Rotom-Wash|19\/100\n|move|p1a: Messers Bf-109S|Substitute|p1a: Messers Bf-109S\n|-start|p1a: Messers Bf-109S|Substitute\n|-damage|p1a: Messers Bf-109S|76\/100\n|\n|-heal|p2a: Rotom|25\/100|[from] item: Leftovers\n|upkeep\n|turn|20\n|\n|detailschange|p1a: Messers Bf-109S|Pinsir-Mega, M\n|-mega|p1a: Messers Bf-109S|Pinsir|Pinsirite\n|move|p1a: Messers Bf-109S|Frustration|p2a: Rotom\n|-resisted|p2a: Rotom\n|-damage|p2a: Rotom|0 fnt\n|faint|p2a: Rotom\n|\n|upkeep\n|\n|switch|p2a: Mamoswine|Mamoswine, F|100\/100\n|turn|21\n|\n|move|p2a: Mamoswine|Ice Shard|p1a: Messers Bf-109S\n|-supereffective|p1a: Messers Bf-109S\n|-end|p1a: Messers Bf-109S|Substitute\n|move|p1a: Messers Bf-109S|Frustration|p2a: Mamoswine\n|-damage|p2a: Mamoswine|24\/100\n|\n|upkeep\n|turn|22\n|\n|move|p2a: Mamoswine|Ice Shard|p1a: Messers Bf-109S\n|-supereffective|p1a: Messers Bf-109S\n|-damage|p1a: Messers Bf-109S|16\/100\n|move|p1a: Messers Bf-109S|Frustration|p2a: Mamoswine\n|-damage|p2a: Mamoswine|0 fnt\n|faint|p2a: Mamoswine\n|\n|upkeep\n|\n|switch|p2a: Victini|Victini|86\/100\n|turn|23\n|\n|switch|p1a: Sdkfz.251\/20|Alomomola, M, shiny|100\/100\n|move|p2a: Victini|V-create|p1a: Sdkfz.251\/20\n|-resisted|p1a: Sdkfz.251\/20\n|-damage|p1a: Sdkfz.251\/20|77\/100\n|-unboost|p2a: Victini|spe|1\n|-unboost|p2a: Victini|def|1\n|-unboost|p2a: Victini|spd|1\n|\n|-heal|p1a: Sdkfz.251\/20|83\/100|[from] item: Leftovers\n|upkeep\n|turn|24\n|\n|switch|p2a: Juliensblog|Latios, M|42\/100\n|move|p1a: Sdkfz.251\/20|Toxic|p2a: Juliensblog\n|-status|p2a: Juliensblog|tox\n|\n|-heal|p1a: Sdkfz.251\/20|89\/100|[from] item: Leftovers\n|-damage|p2a: Juliensblog|36\/100 tox|[from] psn\n|upkeep\n|turn|25\n|\n|move|p1a: Sdkfz.251\/20|Protect|p1a: Sdkfz.251\/20\n|-singleturn|p1a: Sdkfz.251\/20|Protect\n|move|p2a: Juliensblog|Thunderbolt|p1a: Sdkfz.251\/20\n|-activate|p1a: Sdkfz.251\/20|move: Protect\n|\n|-heal|p1a: Sdkfz.251\/20|95\/100|[from] item: Leftovers\n|-damage|p2a: Juliensblog|24\/100 tox|[from] psn\n|upkeep\n|turn|26\n|\n|move|p2a: Juliensblog|Thunderbolt|p1a: Sdkfz.251\/20\n|-supereffective|p1a: Sdkfz.251\/20\n|-damage|p1a: Sdkfz.251\/20|42\/100\n|move|p1a: Sdkfz.251\/20|Wish|p1a: Sdkfz.251\/20\n|\n|-heal|p1a: Sdkfz.251\/20|48\/100|[from] item: Leftovers\n|-damage|p2a: Juliensblog|6\/100 tox|[from] psn\n|upkeep\n|turn|27\n|\n|switch|p2a: Conkeldurr|Conkeldurr, M|100\/100\n|move|p1a: Sdkfz.251\/20|Protect||[still]\n|-fail|p1a: Sdkfz.251\/20\n|\n|-heal|p1a: Sdkfz.251\/20|98\/100|[from] move: Wish|[wisher] Sdkfz.251\/20\n|-heal|p1a: Sdkfz.251\/20|100\/100|[from] item: Leftovers\n|upkeep\n|turn|28\n|\n|move|p1a: Sdkfz.251\/20|Toxic|p2a: Conkeldurr\n|-status|p2a: Conkeldurr|tox\n|move|p2a: Conkeldurr|Knock Off|p1a: Sdkfz.251\/20\n|-damage|p1a: Sdkfz.251\/20|74\/100\n|-enditem|p1a: Sdkfz.251\/20|Leftovers|[from] move: Knock Off|[of] p2a: Conkeldurr\n|\n|-damage|p2a: Conkeldurr|94\/100 tox|[from] psn\n|upkeep\n|turn|29\n|\n|move|p1a: Sdkfz.251\/20|Wish|p1a: Sdkfz.251\/20\n|move|p2a: Conkeldurr|Drain Punch|p1a: Sdkfz.251\/20\n|-damage|p1a: Sdkfz.251\/20|39\/100\n|-heal|p2a: Conkeldurr|100\/100 tox|[from] drain|[of] p1a: Sdkfz.251\/20\n|\n|-damage|p2a: Conkeldurr|88\/100 tox|[from] psn\n|upkeep\n|turn|30\n|\n|switch|p2a: Victini|Victini|86\/100\n|move|p1a: Sdkfz.251\/20|Protect||[still]\n|-fail|p1a: Sdkfz.251\/20\n|\n|-heal|p1a: Sdkfz.251\/20|89\/100|[from] move: Wish|[wisher] Sdkfz.251\/20\n|upkeep\n|turn|31\n|\n|move|p1a: Sdkfz.251\/20|Protect|p1a: Sdkfz.251\/20\n|-singleturn|p1a: Sdkfz.251\/20|Protect\n|move|p2a: Victini|U-turn|p1a: Sdkfz.251\/20\n|-activate|p1a: Sdkfz.251\/20|move: Protect\n|\n|upkeep\n|turn|32\n|\n|move|p2a: Victini|U-turn|p1a: Sdkfz.251\/20\n|-damage|p1a: Sdkfz.251\/20|76\/100\n|\n|switch|p2a: Juliensblog|Latios, M|6\/100 tox|[from]move: U-turn\n|move|p1a: Sdkfz.251\/20|Liquidation|p2a: Juliensblog\n|-resisted|p2a: Juliensblog\n|-damage|p2a: Juliensblog|0 fnt\n|faint|p2a: Juliensblog\n|\n|upkeep\n|\n|switch|p2a: Conkeldurr|Conkeldurr, M|88\/100 tox\n|turn|33\n|\n|move|p1a: Sdkfz.251\/20|Protect|p1a: Sdkfz.251\/20\n|-singleturn|p1a: Sdkfz.251\/20|Protect\n|move|p2a: Conkeldurr|Drain Punch|p1a: Sdkfz.251\/20\n|-activate|p1a: Sdkfz.251\/20|move: Protect\n|\n|-damage|p2a: Conkeldurr|82\/100 tox|[from] psn\n|upkeep\n|turn|34\n|\n|move|p1a: Sdkfz.251\/20|Wish|p1a: Sdkfz.251\/20\n|move|p2a: Conkeldurr|Drain Punch|p1a: Sdkfz.251\/20\n|-damage|p1a: Sdkfz.251\/20|42\/100\n|-heal|p2a: Conkeldurr|100\/100 tox|[from] drain|[of] p1a: Sdkfz.251\/20\n|\n|-damage|p2a: Conkeldurr|88\/100 tox|[from] psn\n|upkeep\n|turn|35\n|\n|move|p1a: Sdkfz.251\/20|Protect|p1a: Sdkfz.251\/20\n|-singleturn|p1a: Sdkfz.251\/20|Protect\n|move|p2a: Conkeldurr|Drain Punch|p1a: Sdkfz.251\/20\n|-activate|p1a: Sdkfz.251\/20|move: Protect\n|\n|-heal|p1a: Sdkfz.251\/20|92\/100|[from] move: Wish|[wisher] Sdkfz.251\/20\n|-damage|p2a: Conkeldurr|70\/100 tox|[from] psn\n|upkeep\n|turn|36\n|\n|move|p1a: Sdkfz.251\/20|Wish|p1a: Sdkfz.251\/20\n|move|p2a: Conkeldurr|Drain Punch|p1a: Sdkfz.251\/20\n|-damage|p1a: Sdkfz.251\/20|55\/100\n|-heal|p2a: Conkeldurr|93\/100 tox|[from] drain|[of] p1a: Sdkfz.251\/20\n|\n|-damage|p2a: Conkeldurr|69\/100 tox|[from] psn\n|upkeep\n|turn|37\n|\n|move|p1a: Sdkfz.251\/20|Protect|p1a: Sdkfz.251\/20\n|-singleturn|p1a: Sdkfz.251\/20|Protect\n|move|p2a: Conkeldurr|Drain Punch|p1a: Sdkfz.251\/20\n|-activate|p1a: Sdkfz.251\/20|move: Protect\n|\n|-heal|p1a: Sdkfz.251\/20|100\/100|[from] move: Wish|[wisher] Sdkfz.251\/20\n|-damage|p2a: Conkeldurr|38\/100 tox|[from] psn\n|upkeep\n|turn|38\n|\n|move|p1a: Sdkfz.251\/20|Wish|p1a: Sdkfz.251\/20\n|move|p2a: Conkeldurr|Ice Punch|p1a: Sdkfz.251\/20\n|-resisted|p1a: Sdkfz.251\/20\n|-damage|p1a: Sdkfz.251\/20|89\/100\n|-status|p1a: Sdkfz.251\/20|frz\n|\n|-damage|p2a: Conkeldurr|2\/100 tox|[from] psn\n|upkeep\n|turn|39\n|\n|switch|p1a: Jagdpanzer (P)|Marowak-Alola, F|76\/100\n|move|p2a: Conkeldurr|Drain Punch|p1a: Jagdpanzer (P)\n|-immune|p1a: Jagdpanzer (P)\n|\n|-heal|p1a: Jagdpanzer (P)|100\/100|[from] move: Wish|[wisher] Sdkfz.251\/20\n|-damage|p2a: Conkeldurr|0 fnt|[from] psn\n|faint|p2a: Conkeldurr\n|upkeep\n|j| Aurella\n|\n|switch|p2a: Victini|Victini|86\/100\n|turn|40\n|\n|move|p2a: Victini|Zen Headbutt|p1a: Jagdpanzer (P)\n|-damage|p1a: Jagdpanzer (P)|74\/100\n|cant|p1a: Jagdpanzer (P)|flinch\n|\n|upkeep\n|turn|41\n|\n|move|p2a: Victini|Zen Headbutt|p1a: Jagdpanzer (P)\n|-damage|p1a: Jagdpanzer (P)|44\/100\n|move|p1a: Jagdpanzer (P)|Shadow Bone|p2a: Victini\n|-supereffective|p2a: Victini\n|-damage|p2a: Victini|0 fnt\n|faint|p2a: Victini\n|\n|win|Ame Ga Suki\n|raw|Ame Ga Suki's rating: 1901 &rarr; <strong>1913<\/strong><br \/>(+12 for winning)\n|raw|OGamer289's rating: 1761 &rarr; <strong>1749<\/strong><br \/>(-12 for losing)\n|l|\u2606OGamer289\n","uploadtime":1569303234,"views":19,"p1id":"amegasuki","p2id":"ogamer289","formatid":"gen7ou","rating":1749,"private":0,"password":null}