{"id":"gen7ru-765961694","p1":"Treeckomaman","p2":"H4WT \u272f","format":"gen7ru","log":"|j|\u2606Treeckomaman\n|j|\u2606H4WT \u272f\n|player|p1|Treeckomaman|54\n|player|p2|H4WT \u272f|165\n|teamsize|p1|6\n|teamsize|p2|6\n|gametype|singles\n|gen|7\n|tier|[Gen 7] RU\n|rated|\n|rule|Sleep Clause Mod: Limit one foe put to sleep\n|rule|Species Clause: Limit one of each Pok\u00e9mon\n|rule|OHKO Clause: OHKO moves are banned\n|rule|Moody Clause: Moody is banned\n|rule|Evasion Moves Clause: Evasion moves are banned\n|rule|Endless Battle Clause: Forcing endless battles is banned\n|rule|HP Percentage Mod: HP is shown in percentages\n|clearpoke\n|poke|p1|Nidoqueen, F|item\n|poke|p1|Bewear, M|item\n|poke|p1|Snorlax, M|item\n|poke|p1|Feraligatr, F|item\n|poke|p1|Rotom-Mow|item\n|poke|p1|Gardevoir, F|item\n|poke|p2|Entei|item\n|poke|p2|Shaymin|item\n|poke|p2|Milotic, F|item\n|poke|p2|Gligar, M|item\n|poke|p2|Gardevoir, F|item\n|poke|p2|Bronzong|item\n|teampreview\n|\n|start\n|switch|p1a: Nidoqueen|Nidoqueen, F|100\/100\n|switch|p2a: Entei|Entei, shiny|100\/100\n|-ability|p2a: Entei|Pressure\n|turn|1\n|\n|switch|p2a: Milotic|Milotic, F|100\/100\n|move|p1a: Nidoqueen|Earth Power|p2a: Milotic\n|-damage|p2a: Milotic|59\/100\n|\n|-heal|p2a: Milotic|65\/100|[from] item: Leftovers\n|upkeep\n|turn|2\n|\n|move|p1a: Nidoqueen|Stealth Rock|p2a: Milotic\n|-sidestart|p2: H4WT \u272f|move: Stealth Rock\n|move|p2a: Milotic|Recover|p2a: Milotic\n|-heal|p2a: Milotic|100\/100\n|\n|upkeep\n|turn|3\n|\n|switch|p1a: Rotom|Rotom-Mow|100\/100\n|move|p2a: Milotic|Ice Beam|p1a: Rotom\n|-supereffective|p1a: Rotom\n|-damage|p1a: Rotom|44\/100\n|\n|upkeep\n|turn|4\n|\n|switch|p2a: Bronzong|Bronzong, shiny|100\/100\n|-damage|p2a: Bronzong|94\/100|[from] Stealth Rock\n|move|p1a: Rotom|Leaf Storm|p2a: Bronzong\n|-resisted|p2a: Bronzong\n|-damage|p2a: Bronzong|75\/100\n|-unboost|p1a: Rotom|spa|2\n|\n|-heal|p2a: Bronzong|81\/100|[from] item: Leftovers\n|upkeep\n|turn|5\n|\n|move|p1a: Rotom|Volt Switch|p2a: Bronzong\n|-damage|p2a: Bronzong|70\/100\n|\n|switch|p1a: Nidoqueen|Nidoqueen, F|100\/100\n|move|p2a: Bronzong|Toxic|p1a: Nidoqueen\n|-immune|p1a: Nidoqueen|[msg]\n|\n|-heal|p2a: Bronzong|76\/100|[from] item: Leftovers\n|upkeep\n|turn|6\n|\n|switch|p2a: Milotic|Milotic, F|100\/100\n|-damage|p2a: Milotic|88\/100|[from] Stealth Rock\n|move|p1a: Nidoqueen|Earth Power|p2a: Milotic\n|-damage|p2a: Milotic|44\/100\n|\n|-heal|p2a: Milotic|50\/100|[from] item: Leftovers\n|upkeep\n|turn|7\n|\n|move|p1a: Nidoqueen|Earth Power|p2a: Milotic\n|-damage|p2a: Milotic|9\/100\n|move|p2a: Milotic|Recover|p2a: Milotic\n|-heal|p2a: Milotic|59\/100\n|\n|-heal|p2a: Milotic|65\/100|[from] item: Leftovers\n|upkeep\n|turn|8\n|inactive|Battle timer is ON: inactive players will automatically lose when time's up. (requested by H4WT \u272f)\n|l|\u2606H4WT \u272f\n|inactive|H4WT \u272f disconnected and has a minute to reconnect!\n|player|p2|\n|j|\u2606H4WT \u272f\n|inactive|H4WT \u272f reconnected and has 110 seconds left.\n|player|p2|H4WT \u272f|165\n|inactive|H4WT \u272f has 105 seconds left.\n|\n|switch|p1a: Gardevoir|Gardevoir, F|100\/100\n|-ability|p1a: Gardevoir|Marvel Scale|[from] ability: Trace|[of] p2a: Milotic\n|move|p2a: Milotic|Recover|p2a: Milotic\n|-heal|p2a: Milotic|100\/100\n|\n|upkeep\n|turn|9\n|inactive|Treeckomaman has 135 seconds left.\n|\n|switch|p2a: Gardevoir|Gardevoir, F, shiny|100\/100\n|-damage|p2a: Gardevoir|88\/100|[from] Stealth Rock\n|-ability|p2a: Gardevoir|Marvel Scale|[from] ability: Trace|[of] p1a: Gardevoir\n|move|p1a: Gardevoir|Trick|p2a: Gardevoir\n|-activate|p1a: Gardevoir|move: Trick|[of] p2a: Gardevoir\n|-item|p2a: Gardevoir|Choice Scarf|[from] move: Trick\n|-item|p1a: Gardevoir|Choice Scarf|[from] move: Trick\n|\n|upkeep\n|turn|10\n|\n|move|p2a: Gardevoir|Psyshock|p1a: Gardevoir\n|-resisted|p1a: Gardevoir\n|-damage|p1a: Gardevoir|63\/100\n|move|p1a: Gardevoir|Moonblast|p2a: Gardevoir\n|-damage|p2a: Gardevoir|33\/100\n|\n|upkeep\n|turn|11\n|\n|switch|p2a: Bronzong|Bronzong, shiny|76\/100\n|-damage|p2a: Bronzong|70\/100|[from] Stealth Rock\n|move|p1a: Gardevoir|Moonblast|p2a: Bronzong\n|-resisted|p2a: Bronzong\n|-damage|p2a: Bronzong|54\/100\n|-unboost|p2a: Bronzong|spa|1\n|\n|-heal|p2a: Bronzong|60\/100|[from] item: Leftovers\n|upkeep\n|turn|12\n|\n|switch|p1a: Nidoqueen|Nidoqueen, F|100\/100\n|move|p2a: Bronzong|Stealth Rock|p1a: Nidoqueen\n|-sidestart|p1: Treeckomaman|move: Stealth Rock\n|\n|-heal|p2a: Bronzong|66\/100|[from] item: Leftovers\n|upkeep\n|turn|13\n|\n|move|p1a: Nidoqueen|Flamethrower|p2a: Bronzong\n|-supereffective|p2a: Bronzong\n|-damage|p2a: Bronzong|12\/100\n|move|p2a: Bronzong|Psywave|p1a: Nidoqueen\n|-damage|p1a: Nidoqueen|82\/100\n|\n|-heal|p2a: Bronzong|19\/100|[from] item: Leftovers\n|upkeep\n|turn|14\n|\n|switch|p2a: Milotic|Milotic, F|100\/100\n|-damage|p2a: Milotic|88\/100|[from] Stealth Rock\n|move|p1a: Nidoqueen|Flamethrower|p2a: Milotic\n|-resisted|p2a: Milotic\n|-damage|p2a: Milotic|74\/100\n|\n|-heal|p2a: Milotic|80\/100|[from] item: Leftovers\n|upkeep\n|turn|15\n|inactive|Treeckomaman has 135 seconds left.\n|\n|switch|p1a: Snorlax|Snorlax, M|100\/100\n|-damage|p1a: Snorlax|88\/100|[from] Stealth Rock\n|move|p2a: Milotic|Ice Beam|p1a: Snorlax\n|-damage|p1a: Snorlax|84\/100\n|\n|-heal|p2a: Milotic|86\/100|[from] item: Leftovers\n|-heal|p1a: Snorlax|90\/100|[from] item: Leftovers\n|upkeep\n|turn|16\n|\n|move|p2a: Milotic|Scald|p1a: Snorlax\n|-damage|p1a: Snorlax|76\/100\n|move|p1a: Snorlax|Curse|p1a: Snorlax\n|-unboost|p1a: Snorlax|spe|1\n|-boost|p1a: Snorlax|atk|1\n|-boost|p1a: Snorlax|def|1\n|\n|-heal|p2a: Milotic|92\/100|[from] item: Leftovers\n|-heal|p1a: Snorlax|83\/100|[from] item: Leftovers\n|upkeep\n|turn|17\n|\n|move|p2a: Milotic|Haze|p2a: Milotic\n|-clearallboost\n|move|p1a: Snorlax|Curse|p1a: Snorlax\n|-unboost|p1a: Snorlax|spe|1\n|-boost|p1a: Snorlax|atk|1\n|-boost|p1a: Snorlax|def|1\n|\n|-heal|p2a: Milotic|98\/100|[from] item: Leftovers\n|-heal|p1a: Snorlax|89\/100|[from] item: Leftovers\n|upkeep\n|turn|18\n|\n|move|p2a: Milotic|Haze|p2a: Milotic\n|-clearallboost\n|move|p1a: Snorlax|Frustration|p2a: Milotic\n|-damage|p2a: Milotic|72\/100\n|\n|-heal|p2a: Milotic|78\/100|[from] item: Leftovers\n|-heal|p1a: Snorlax|95\/100|[from] item: Leftovers\n|upkeep\n|turn|19\n|\n|move|p2a: Milotic|Ice Beam|p1a: Snorlax\n|-damage|p1a: Snorlax|90\/100\n|move|p1a: Snorlax|Curse|p1a: Snorlax\n|-unboost|p1a: Snorlax|spe|1\n|-boost|p1a: Snorlax|atk|1\n|-boost|p1a: Snorlax|def|1\n|\n|-heal|p2a: Milotic|84\/100|[from] item: Leftovers\n|-heal|p1a: Snorlax|96\/100|[from] item: Leftovers\n|upkeep\n|turn|20\n|\n|move|p2a: Milotic|Ice Beam|p1a: Snorlax\n|-damage|p1a: Snorlax|92\/100\n|-status|p1a: Snorlax|frz\n|cant|p1a: Snorlax|frz\n|\n|-heal|p2a: Milotic|90\/100|[from] item: Leftovers\n|-heal|p1a: Snorlax|98\/100 frz|[from] item: Leftovers\n|upkeep\n|turn|21\n|\n|move|p2a: Milotic|Haze|p2a: Milotic\n|-clearallboost\n|-curestatus|p1a: Snorlax|frz|[msg]\n|move|p1a: Snorlax|Frustration|p2a: Milotic\n|-damage|p2a: Milotic|61\/100\n|\n|-heal|p2a: Milotic|67\/100|[from] item: Leftovers\n|-heal|p1a: Snorlax|100\/100|[from] item: Leftovers\n|upkeep\n|turn|22\n|\n|switch|p1a: Gardevoir|Gardevoir, F|63\/100\n|-damage|p1a: Gardevoir|51\/100|[from] Stealth Rock\n|-ability|p1a: Gardevoir|Marvel Scale|[from] ability: Trace|[of] p2a: Milotic\n|move|p2a: Milotic|Recover|p2a: Milotic\n|-heal|p2a: Milotic|100\/100\n|\n|upkeep\n|turn|23\n|\n|switch|p2a: Bronzong|Bronzong, shiny|19\/100\n|-damage|p2a: Bronzong|12\/100|[from] Stealth Rock\n|move|p1a: Gardevoir|Thunder Wave|p2a: Bronzong|[miss]\n|-miss|p1a: Gardevoir|p2a: Bronzong\n|\n|-heal|p2a: Bronzong|19\/100|[from] item: Leftovers\n|upkeep\n|turn|24\n|inactive|Treeckomaman has 135 seconds left.\n|\n|switch|p1a: Nidoqueen|Nidoqueen, F|82\/100\n|-damage|p1a: Nidoqueen|76\/100|[from] Stealth Rock\n|move|p2a: Bronzong|Toxic|p1a: Nidoqueen\n|-immune|p1a: Nidoqueen|[msg]\n|\n|-heal|p2a: Bronzong|25\/100|[from] item: Leftovers\n|upkeep\n|turn|25\n|\n|move|p2a: Bronzong|Protect|p2a: Bronzong\n|-singleturn|p2a: Bronzong|Protect\n|move|p1a: Nidoqueen|Earth Power|p2a: Bronzong\n|-activate|p2a: Bronzong|move: Protect\n|\n|-heal|p2a: Bronzong|31\/100|[from] item: Leftovers\n|upkeep\n|turn|26\n|\n|switch|p2a: Milotic|Milotic, F|100\/100\n|-damage|p2a: Milotic|88\/100|[from] Stealth Rock\n|move|p1a: Nidoqueen|Earth Power|p2a: Milotic\n|-damage|p2a: Milotic|47\/100\n|\n|-heal|p2a: Milotic|54\/100|[from] item: Leftovers\n|upkeep\n|turn|27\n|\n|switch|p1a: Rotom|Rotom-Mow|44\/100\n|-damage|p1a: Rotom|32\/100|[from] Stealth Rock\n|move|p2a: Milotic|Recover|p2a: Milotic\n|-heal|p2a: Milotic|100\/100\n|\n|upkeep\n|turn|28\n|\n|switch|p2a: Shaymin|Shaymin|100\/100\n|-damage|p2a: Shaymin|88\/100|[from] Stealth Rock\n|move|p1a: Rotom|Leaf Storm|p2a: Shaymin\n|-resisted|p2a: Shaymin\n|-damage|p2a: Shaymin|57\/100\n|-unboost|p1a: Rotom|spa|2\n|\n|upkeep\n|turn|29\n|\n|switch|p1a: Snorlax|Snorlax, M|100\/100\n|-damage|p1a: Snorlax|88\/100|[from] Stealth Rock\n|move|p2a: Shaymin|Synthesis|p2a: Shaymin\n|-heal|p2a: Shaymin|100\/100\n|\n|-heal|p1a: Snorlax|94\/100|[from] item: Leftovers\n|upkeep\n|turn|30\n|\n|switch|p1a: Gardevoir|Gardevoir, F|51\/100\n|-damage|p1a: Gardevoir|39\/100|[from] Stealth Rock\n|-ability|p1a: Gardevoir|Natural Cure|[from] ability: Trace|[of] p2a: Shaymin\n|move|p2a: Shaymin|Seed Flare|p1a: Gardevoir\n|-damage|p1a: Gardevoir|0 fnt\n|faint|p1a: Gardevoir\n|\n|upkeep\n|inactive|Treeckomaman has 135 seconds left.\n|\n|switch|p1a: Nidoqueen|Nidoqueen, F|76\/100\n|-damage|p1a: Nidoqueen|70\/100|[from] Stealth Rock\n|turn|31\n|inactive|Treeckomaman has 135 seconds left.\n|\n|switch|p2a: Milotic|Milotic, F|100\/100\n|-damage|p2a: Milotic|88\/100|[from] Stealth Rock\n|move|p1a: Nidoqueen|Flamethrower|p2a: Milotic\n|-resisted|p2a: Milotic\n|-damage|p2a: Milotic|74\/100\n|\n|-heal|p2a: Milotic|80\/100|[from] item: Leftovers\n|upkeep\n|turn|32\n|\n|move|p1a: Nidoqueen|Earth Power|p2a: Milotic\n|-damage|p2a: Milotic|33\/100\n|move|p2a: Milotic|Ice Beam|p1a: Nidoqueen\n|-supereffective|p1a: Nidoqueen\n|-damage|p1a: Nidoqueen|24\/100\n|\n|-heal|p2a: Milotic|39\/100|[from] item: Leftovers\n|upkeep\n|turn|33\n|\n|switch|p2a: Shaymin|Shaymin|100\/100\n|-damage|p2a: Shaymin|88\/100|[from] Stealth Rock\n|move|p1a: Nidoqueen|Earth Power|p2a: Shaymin\n|-resisted|p2a: Shaymin\n|-damage|p2a: Shaymin|55\/100\n|\n|upkeep\n|turn|34\n|\n|switch|p1a: Snorlax|Snorlax, M|94\/100\n|-damage|p1a: Snorlax|82\/100|[from] Stealth Rock\n|move|p2a: Shaymin|Earth Power|p1a: Snorlax\n|-damage|p1a: Snorlax|69\/100\n|\n|-heal|p1a: Snorlax|75\/100|[from] item: Leftovers\n|upkeep\n|turn|35\n|\n|move|p2a: Shaymin|Synthesis|p2a: Shaymin\n|-heal|p2a: Shaymin|100\/100\n|move|p1a: Snorlax|Curse|p1a: Snorlax\n|-unboost|p1a: Snorlax|spe|1\n|-boost|p1a: Snorlax|atk|1\n|-boost|p1a: Snorlax|def|1\n|\n|-heal|p1a: Snorlax|81\/100|[from] item: Leftovers\n|upkeep\n|turn|36\n|\n|move|p2a: Shaymin|Seed Flare|p1a: Snorlax|[miss]\n|-miss|p2a: Shaymin|p1a: Snorlax\n|move|p1a: Snorlax|Frustration|p2a: Shaymin\n|-damage|p2a: Shaymin|39\/100\n|\n|-heal|p1a: Snorlax|87\/100|[from] item: Leftovers\n|upkeep\n|turn|37\n|\n|switch|p2a: Gligar|Gligar, M, shiny|100\/100\n|-damage|p2a: Gligar|88\/100|[from] Stealth Rock\n|move|p1a: Snorlax|Frustration|p2a: Gligar\n|-damage|p2a: Gligar|57\/100\n|\n|-heal|p1a: Snorlax|93\/100|[from] item: Leftovers\n|upkeep\n|turn|38\n|\n|move|p2a: Gligar|Taunt|p1a: Snorlax\n|-start|p1a: Snorlax|move: Taunt\n|cant|p1a: Snorlax|move: Taunt|Curse\n|\n|-heal|p1a: Snorlax|99\/100|[from] item: Leftovers\n|upkeep\n|turn|39\n|\n|move|p2a: Gligar|Roost|p2a: Gligar\n|-heal|p2a: Gligar|100\/100\n|move|p1a: Snorlax|Frustration|p2a: Gligar\n|-damage|p2a: Gligar|73\/100\n|\n|-heal|p1a: Snorlax|100\/100|[from] item: Leftovers\n|upkeep\n|turn|40\n|\n|move|p2a: Gligar|Defog|p1a: Snorlax\n|-unboost|p1a: Snorlax|evasion|1\n|-sideend|p1: Treeckomaman|Stealth Rock|[from] move: Defog|[of] p1a: Snorlax\n|-sideend|p2: H4WT \u272f|Stealth Rock|[from] move: Defog|[of] p2a: Gligar\n|move|p1a: Snorlax|Frustration|p2a: Gligar\n|-damage|p2a: Gligar|45\/100\n|\n|-end|p1a: Snorlax|move: Taunt\n|upkeep\n|turn|41\n|\n|switch|p1a: Nidoqueen|Nidoqueen, F|24\/100\n|move|p2a: Gligar|Roost|p2a: Gligar\n|-heal|p2a: Gligar|95\/100\n|\n|upkeep\n|turn|42\n|\n|switch|p2a: Bronzong|Bronzong, shiny|31\/100\n|move|p1a: Nidoqueen|Ice Beam|p2a: Bronzong\n|-resisted|p2a: Bronzong\n|-damage|p2a: Bronzong|18\/100\n|\n|-heal|p2a: Bronzong|25\/100|[from] item: Leftovers\n|upkeep\n|turn|43\n|\n|switch|p2a: Entei|Entei, shiny|100\/100\n|-ability|p2a: Entei|Pressure\n|move|p1a: Nidoqueen|Flamethrower|p2a: Entei\n|-resisted|p2a: Entei\n|-damage|p2a: Entei|79\/100\n|\n|upkeep\n|turn|44\n|inactive|Treeckomaman has 135 seconds left.\n|\n|move|p2a: Entei|Flare Blitz|p1a: Nidoqueen\n|-damage|p1a: Nidoqueen|0 fnt\n|-damage|p2a: Entei|72\/100|[from] Recoil\n|faint|p1a: Nidoqueen\n|\n|upkeep\n|\n|switch|p1a: Feraligatr|Feraligatr, F|100\/100\n|turn|45\n|inactive|H4WT \u272f has 135 seconds left.\n|\n|switch|p2a: Gardevoir|Gardevoir, F, shiny|33\/100\n|-ability|p2a: Gardevoir|Sheer Force|[from] ability: Trace|[of] p1a: Feraligatr\n|move|p1a: Feraligatr|Dragon Dance|p1a: Feraligatr\n|-boost|p1a: Feraligatr|atk|1\n|-boost|p1a: Feraligatr|spe|1\n|\n|upkeep\n|turn|46\n|\n|move|p2a: Gardevoir|Healing Wish|p2a: Gardevoir\n|faint|p2a: Gardevoir\n|move|p1a: Feraligatr|Liquidation|p2: Gardevoir|[notarget]\n|-notarget\n|\n|upkeep\n|\n|switch|p2a: Milotic|Milotic, F|39\/100\n|-heal|p2a: Milotic|100\/100|[from] move: Healing Wish\n|turn|47\n|\n|move|p1a: Feraligatr|Crunch|p2a: Milotic\n|-damage|p2a: Milotic|54\/100\n|move|p2a: Milotic|Haze|p2a: Milotic\n|-clearallboost\n|\n|-heal|p2a: Milotic|60\/100|[from] item: Leftovers\n|upkeep\n|turn|48\n|inactive|Treeckomaman has 135 seconds left.\n|\n|switch|p1a: Rotom|Rotom-Mow|32\/100\n|move|p2a: Milotic|Recover|p2a: Milotic\n|-heal|p2a: Milotic|100\/100\n|\n|upkeep\n|turn|49\n|\n|switch|p2a: Bronzong|Bronzong, shiny|25\/100\n|move|p1a: Rotom|Volt Switch|p2a: Bronzong\n|-damage|p2a: Bronzong|6\/100\n|\n|switch|p1a: Feraligatr|Feraligatr, F|100\/100\n|\n|-heal|p2a: Bronzong|12\/100|[from] item: Leftovers\n|upkeep\n|turn|50\n|\n|move|p1a: Feraligatr|Crunch|p2a: Bronzong\n|-supereffective|p2a: Bronzong\n|-damage|p2a: Bronzong|0 fnt\n|faint|p2a: Bronzong\n|\n|upkeep\n|\n|switch|p2a: Shaymin|Shaymin|39\/100\n|turn|51\n|\n|switch|p1a: Snorlax|Snorlax, M|100\/100\n|move|p2a: Shaymin|Seed Flare|p1a: Snorlax\n|-damage|p1a: Snorlax|77\/100\n|-unboost|p1a: Snorlax|spd|2\n|\n|-heal|p1a: Snorlax|83\/100|[from] item: Leftovers\n|upkeep\n|turn|52\n|\n|switch|p1a: Rotom|Rotom-Mow|32\/100\n|-zpower|p2a: Shaymin\n|move|p2a: Shaymin|Bloom Doom|p1a: Rotom|[zeffect]\n|-resisted|p1a: Rotom\n|-damage|p1a: Rotom|0 fnt\n|faint|p1a: Rotom\n|\n|upkeep\n|\n|switch|p1a: Snorlax|Snorlax, M|83\/100\n|turn|53\n|\n|switch|p2a: Milotic|Milotic, F|100\/100\n|move|p1a: Snorlax|Curse|p1a: Snorlax\n|-unboost|p1a: Snorlax|spe|1\n|-boost|p1a: Snorlax|atk|1\n|-boost|p1a: Snorlax|def|1\n|\n|-heal|p1a: Snorlax|89\/100|[from] item: Leftovers\n|upkeep\n|turn|54\n|\n|move|p2a: Milotic|Haze|p2a: Milotic\n|-clearallboost\n|move|p1a: Snorlax|Frustration|p2a: Milotic\n|-damage|p2a: Milotic|75\/100\n|\n|-heal|p2a: Milotic|81\/100|[from] item: Leftovers\n|-heal|p1a: Snorlax|95\/100|[from] item: Leftovers\n|upkeep\n|turn|55\n|\n|switch|p1a: Bewear|Bewear, M|100\/100\n|move|p2a: Milotic|Scald|p1a: Bewear\n|-damage|p1a: Bewear|69\/100\n|-status|p1a: Bewear|brn\n|\n|-heal|p2a: Milotic|87\/100|[from] item: Leftovers\n|-damage|p1a: Bewear|63\/100 brn|[from] brn\n|upkeep\n|turn|56\n|c|\u2606Treeckomaman|thats gam\n|c|\u2606Treeckomaman|gam=e\n|\n|move|p2a: Milotic|Scald|p1a: Bewear\n|-crit|p1a: Bewear\n|-damage|p1a: Bewear|14\/100 brn\n|move|p1a: Bewear|Swords Dance|p1a: Bewear\n|-boost|p1a: Bewear|atk|2\n|\n|-heal|p2a: Milotic|93\/100|[from] item: Leftovers\n|-damage|p1a: Bewear|7\/100 brn|[from] brn\n|upkeep\n|turn|57\n|c|\u2606Treeckomaman|game\n|\n|move|p2a: Milotic|Scald|p1a: Bewear\n|-damage|p1a: Bewear|0 fnt\n|faint|p1a: Bewear\n|\n|-heal|p2a: Milotic|99\/100|[from] item: Leftovers\n|upkeep\n|-message|Treeckomaman forfeited.\n|\n|win|H4WT \u272f\n|raw|Treeckomaman's rating: 1535 &rarr; <strong>1512<\/strong><br \/>(-23 for losing)\n|raw|H4WT \u272f's rating: 1473 &rarr; <strong>1496<\/strong><br \/>(+23 for winning)\n|l|\u2606H4WT \u272f\n|l|\u2606Treeckomaman\n|j|\u2606Treeckomaman\n","inputlog":null,"uploadtime":1529675044,"views":10,"p1id":"treeckomaman","p2id":"h4wt","formatid":"gen7ru","rating":1496,"private":0,"password":null}