{"id":"gen7ou-634088852","p1":"Q114","p2":"hello and see you","format":"gen7ou","log":"|j|Q114\n|j|hello and see you\n|player|p1|Q114|170\n|teamsize|p1|6\n|player|p2|hello and see you|80\n|teamsize|p2|6\n|gametype|singles\n|gen|7\n|tier|[Gen 7] OU\n|rated\n|seed|38404,21534,7881,30549\n|rule|Sleep Clause Mod: Limit one foe put to sleep\n|rule|Species Clause: Limit one of each Pok\u00e9mon\n|rule|OHKO Clause: OHKO moves are banned\n|rule|Moody Clause: Moody is banned\n|rule|Evasion Moves Clause: Evasion moves are banned\n|rule|Endless Battle Clause: Forcing endless battles is banned\n|rule|HP Percentage Mod: HP is shown in percentages\n|clearpoke\n|poke|p1|Skarmory, F|item\n|poke|p1|Chansey, F|item\n|poke|p1|Magnezone|item\n|poke|p1|Toxapex, M|item\n|poke|p1|Clefable, F|item\n|poke|p1|Sableye, F|item\n|poke|p2|Lopunny, M|item\n|poke|p2|Tyranitar, M|item\n|poke|p2|Excadrill, F|item\n|poke|p2|Clefable, M|item\n|poke|p2|Toxapex, M|item\n|poke|p2|Celesteela|item\n|teampreview\n|j|Pwede Ba\n|choice|team 6, team 2, team 3, team 4, team 5, team 1|team 4, team 2, team 3, team 1, team 5, team 6\n|\n|start\n|switch|p1a: Sableye|Sableye, F|303\/303\n|switch|p2a: Clefable|Clefable, M, shiny|393\/393\n|turn|1\n|choice|move protect mega|move toxic\n|\n|detailschange|p1a: Sableye|Sableye-Mega, F\n|-mega|p1a: Sableye|Sableye|Sablenite\n|move|p1a: Sableye|Protect|p1a: Sableye\n|-singleturn|p1a: Sableye|Protect\n|move|p2a: Clefable|Toxic|p1a: Sableye\n|-activate|p1a: Sableye|move: Protect\n|\n|upkeep\n|turn|2\n|c| Pwede Ba|gg\n|j|4EverLP\n|choice|switch 4|move moonblast\n|\n|switch|p1a: Toxapex|Toxapex, M|303\/303\n|move|p2a: Clefable|Moonblast|p1a: Toxapex\n|-resisted|p1a: Toxapex\n|-damage|p1a: Toxapex|264\/303\n|-unboost|p1a: Toxapex|spa|1\n|\n|-heal|p1a: Toxapex|282\/303|[from] item: Black Sludge\n|upkeep\n|turn|3\n|choice|switch 6|move moonblast\n|\n|switch|p1a: Skarmory|Skarmory, F|333\/333\n|move|p2a: Clefable|Moonblast|p1a: Skarmory\n|-resisted|p1a: Skarmory\n|-damage|p1a: Skarmory|261\/333\n|\n|upkeep\n|turn|4\n|choice|move spikes|move stealthrock\n|\n|move|p1a: Skarmory|Spikes|p2a: Clefable\n|-sidestart|p2: hello and see you|Spikes\n|move|p2a: Clefable|Stealth Rock|p1a: Skarmory\n|-sidestart|p1: Q114|move: Stealth Rock\n|\n|upkeep\n|turn|5\n|choice|move spikes|switch 6\n|\n|switch|p2a: Celesteela|Celesteela|397\/397\n|move|p1a: Skarmory|Spikes|p2a: Celesteela\n|-sidestart|p2: hello and see you|Spikes\n|\n|upkeep\n|turn|6\n|choice|switch 6|move flamethrower\n|\n|switch|p1a: Toxapex|Toxapex, M|303\/303\n|-damage|p1a: Toxapex|266\/303|[from] Stealth Rock\n|move|p2a: Celesteela|Flamethrower|p1a: Toxapex\n|-resisted|p1a: Toxapex\n|-damage|p1a: Toxapex|239\/303\n|\n|-heal|p1a: Toxapex|257\/303|[from] item: Black Sludge\n|upkeep\n|turn|7\n|j|fuck christmas\n|choice|move scald|move flamethrower\n|\n|move|p2a: Celesteela|Flamethrower|p1a: Toxapex\n|-resisted|p1a: Toxapex\n|-damage|p1a: Toxapex|232\/303\n|-status|p1a: Toxapex|brn\n|move|p1a: Toxapex|Scald|p2a: Celesteela\n|-damage|p2a: Celesteela|345\/397\n|-status|p2a: Celesteela|brn\n|\n|-heal|p2a: Celesteela|369\/397 brn|[from] item: Leftovers\n|-heal|p1a: Toxapex|250\/303 brn|[from] item: Black Sludge\n|-damage|p2a: Celesteela|345\/397 brn|[from] brn\n|-damage|p1a: Toxapex|232\/303 brn|[from] brn\n|upkeep\n|turn|8\n|choice|move scald|move leechseed\n|\n|move|p2a: Celesteela|Leech Seed|p1a: Toxapex\n|-start|p1a: Toxapex|move: Leech Seed\n|move|p1a: Toxapex|Scald|p2a: Celesteela\n|-damage|p2a: Celesteela|290\/397 brn\n|\n|-heal|p2a: Celesteela|314\/397 brn|[from] item: Leftovers\n|-heal|p1a: Toxapex|250\/303 brn|[from] item: Black Sludge\n|-damage|p1a: Toxapex|213\/303 brn|[from] Leech Seed|[of] p2a: Celesteela\n|-heal|p2a: Celesteela|351\/397 brn|[silent]\n|-damage|p2a: Celesteela|327\/397 brn|[from] brn\n|-damage|p1a: Toxapex|195\/303 brn|[from] brn\n|upkeep\n|turn|9\n|l|Pwede Ba\n|choice|switch 4|move flamethrower\n|\n|switch|p1a: Sableye|Sableye-Mega, F|303\/303\n|-damage|p1a: Sableye|266\/303|[from] Stealth Rock\n|move|p2a: Celesteela|Flamethrower|p1a: Sableye\n|-damage|p1a: Sableye|218\/303\n|\n|-heal|p2a: Celesteela|351\/397 brn|[from] item: Leftovers\n|-damage|p2a: Celesteela|327\/397 brn|[from] brn\n|upkeep\n|turn|10\n|j|Satsuki Nubaru\n|choice|move knockoff|move flamethrower\n|\n|move|p2a: Celesteela|Flamethrower|p1a: Sableye\n|-crit|p1a: Sableye\n|-damage|p1a: Sableye|142\/303\n|-status|p1a: Sableye|brn\n|move|p1a: Sableye|Knock Off|p2a: Celesteela\n|-crit|p2a: Celesteela\n|-damage|p2a: Celesteela|271\/397 brn\n|-enditem|p2a: Celesteela|Leftovers|[from] move: Knock Off|[of] p1a: Sableye\n|\n|-damage|p2a: Celesteela|247\/397 brn|[from] brn\n|-damage|p1a: Sableye|124\/303 brn|[from] brn\n|upkeep\n|turn|11\n|choice|move recover|switch 6\n|\n|switch|p2a: Clefable|Clefable, M, shiny|393\/393\n|move|p1a: Sableye|Recover|p1a: Sableye\n|-heal|p1a: Sableye|276\/303 brn\n|\n|-damage|p1a: Sableye|258\/303 brn|[from] brn\n|upkeep\n|turn|12\n|choice|switch 2|switch 2\n|\n|switch|p2a: Tyranitar|Tyranitar, M|363\/363\n|-damage|p2a: Tyranitar|303\/363|[from] Spikes\n|-weather|Sandstorm|[from] ability: Sand Stream|[of] p2a: Tyranitar\n|switch|p1a: Chansey|Chansey, F|703\/703\n|-damage|p1a: Chansey|616\/703|[from] Stealth Rock\n|\n|-weather|Sandstorm|[upkeep]\n|-damage|p1a: Chansey|573\/703|[from] sandstorm\n|upkeep\n|turn|13\n|j|Visby\n|l|Visby\n|choice|switch 4|move crunch\n|\n|switch|p1a: Toxapex|Toxapex, M|296\/303 brn\n|-damage|p1a: Toxapex|259\/303 brn|[from] Stealth Rock\n|move|p2a: Tyranitar|Crunch|p1a: Toxapex\n|-damage|p1a: Toxapex|120\/303 brn\n|-unboost|p1a: Toxapex|def|1\n|\n|-weather|Sandstorm|[upkeep]\n|-damage|p1a: Toxapex|102\/303 brn|[from] sandstorm\n|-heal|p1a: Toxapex|120\/303 brn|[from] item: Black Sludge\n|-damage|p1a: Toxapex|102\/303 brn|[from] brn\n|upkeep\n|turn|14\n|choice|switch 5|switch 3\n|\n|switch|p2a: Excadrill|Excadrill, F, shiny|373\/373\n|-damage|p2a: Excadrill|311\/373|[from] Spikes\n|switch|p1a: Clefable|Clefable, F|393\/393\n|-damage|p1a: Clefable|344\/393|[from] Stealth Rock\n|\n|-weather|Sandstorm|[upkeep]\n|-damage|p1a: Clefable|320\/393|[from] sandstorm\n|-heal|p1a: Clefable|344\/393|[from] item: Leftovers\n|upkeep\n|turn|15\n|choice|move protect|move rapidspin\n|\n|move|p1a: Clefable|Protect|p1a: Clefable\n|-singleturn|p1a: Clefable|Protect\n|move|p2a: Excadrill|Rapid Spin|p1a: Clefable\n|-activate|p1a: Clefable|move: Protect\n|\n|-weather|Sandstorm|[upkeep]\n|-damage|p1a: Clefable|320\/393|[from] sandstorm\n|-heal|p1a: Clefable|344\/393|[from] item: Leftovers\n|upkeep\n|turn|16\n|choice|switch 6|move rapidspin\n|\n|switch|p1a: Skarmory|Skarmory, F|261\/333\n|-damage|p1a: Skarmory|220\/333|[from] Stealth Rock\n|move|p2a: Excadrill|Rapid Spin|p1a: Skarmory\n|-resisted|p1a: Skarmory\n|-damage|p1a: Skarmory|213\/333\n|-damage|p2a: Excadrill|249\/373|[from] item: Rocky Helmet|[of] p1a: Skarmory\n|-sideend|p2: hello and see you|Spikes|[from] move: Rapid Spin|[of] p2a: Excadrill\n|\n|-weather|none\n|upkeep\n|turn|17\n|choice|move defog|switch 3\n|\n|switch|p2a: Tyranitar|Tyranitar, M|303\/363\n|-weather|Sandstorm|[from] ability: Sand Stream|[of] p2a: Tyranitar\n|move|p1a: Skarmory|Defog|p2a: Tyranitar\n|-unboost|p2a: Tyranitar|evasion|1\n|-sideend|p1: Q114|Stealth Rock|[from] move: Defog|[of] p1a: Skarmory\n|\n|-weather|Sandstorm|[upkeep]\n|upkeep\n|turn|18\n|choice|move roost|move stoneedge\n|\n|move|p2a: Tyranitar|Stone Edge|p1a: Skarmory\n|-damage|p1a: Skarmory|38\/333\n|move|p1a: Skarmory|Roost|p1a: Skarmory\n|-heal|p1a: Skarmory|205\/333\n|\n|-weather|Sandstorm|[upkeep]\n|upkeep\n|turn|19\n|choice|move roost|move stoneedge\n|\n|move|p2a: Tyranitar|Stone Edge|p1a: Skarmory\n|-damage|p1a: Skarmory|22\/333\n|move|p1a: Skarmory|Roost|p1a: Skarmory\n|-heal|p1a: Skarmory|189\/333\n|\n|-weather|Sandstorm|[upkeep]\n|upkeep\n|turn|20\n|choice|move roost|move stoneedge\n|\n|move|p2a: Tyranitar|Stone Edge|p1a: Skarmory\n|-damage|p1a: Skarmory|18\/333\n|move|p1a: Skarmory|Roost|p1a: Skarmory\n|-heal|p1a: Skarmory|185\/333\n|\n|-weather|Sandstorm|[upkeep]\n|upkeep\n|turn|21\n|choice|move roost|move stoneedge\n|\n|move|p2a: Tyranitar|Stone Edge|p1a: Skarmory\n|-damage|p1a: Skarmory|4\/333\n|move|p1a: Skarmory|Roost|p1a: Skarmory\n|-heal|p1a: Skarmory|171\/333\n|\n|-weather|none\n|upkeep\n|turn|22\n|choice|move roost|move stoneedge\n|\n|move|p2a: Tyranitar|Stone Edge|p1a: Skarmory\n|-damage|p1a: Skarmory|0 fnt\n|faint|p1a: Skarmory\n|\n|upkeep\n|choice|switch 6|\n|\n|switch|p1a: Clefable|Clefable, F|344\/393\n|turn|23\n|choice|move healbell|switch 6\n|\n|switch|p2a: Celesteela|Celesteela|247\/397 brn\n|move|p1a: Clefable|Heal Bell|p1a: Clefable\n|-activate|p1a: Clefable|move: Heal Bell\n|-curestatus|p1: Sableye|brn|[msg]\n|-curestatus|p1: Toxapex|brn|[msg]\n|\n|-heal|p1a: Clefable|368\/393|[from] item: Leftovers\n|-damage|p2a: Celesteela|223\/397 brn|[from] brn\n|upkeep\n|turn|24\n|choice|switch 5|switch 3\n|\n|switch|p1a: Toxapex|Toxapex, M|203\/303\n|switch|p2a: Excadrill|Excadrill, F, shiny|249\/373\n|\n|-heal|p1a: Toxapex|221\/303|[from] item: Black Sludge\n|upkeep\n|turn|25\n|choice|move scald|move swordsdance\n|\n|move|p2a: Excadrill|Swords Dance|p2a: Excadrill\n|-boost|p2a: Excadrill|atk|2\n|move|p1a: Toxapex|Scald|p2a: Excadrill\n|-supereffective|p2a: Excadrill\n|-damage|p2a: Excadrill|91\/373\n|-status|p2a: Excadrill|brn\n|\n|-heal|p1a: Toxapex|239\/303|[from] item: Black Sludge\n|-damage|p2a: Excadrill|68\/373 brn|[from] brn\n|upkeep\n|turn|26\n|choice|move haze|move earthquake\n|\n|move|p2a: Excadrill|Earthquake|p1a: Toxapex\n|-supereffective|p1a: Toxapex\n|-damage|p1a: Toxapex|26\/303\n|move|p1a: Toxapex|Haze|p1a: Toxapex\n|-clearallboost\n|\n|-heal|p1a: Toxapex|44\/303|[from] item: Black Sludge\n|-damage|p2a: Excadrill|45\/373 brn|[from] brn\n|upkeep\n|turn|27\n|choice|switch 5|move swordsdance\n|\n|switch|p1a: Clefable|Clefable, F|368\/393\n|move|p2a: Excadrill|Swords Dance|p2a: Excadrill\n|-boost|p2a: Excadrill|atk|2\n|\n|-heal|p1a: Clefable|392\/393|[from] item: Leftovers\n|-damage|p2a: Excadrill|22\/373 brn|[from] brn\n|upkeep\n|turn|28\n|choice|move protect|move ironhead zmove\n|\n|move|p1a: Clefable|Protect|p1a: Clefable\n|-singleturn|p1a: Clefable|Protect\n|-zpower|p2a: Excadrill\n|move|p2a: Excadrill|Corkscrew Crash|p1a: Clefable|[zeffect]\n|-supereffective|p1a: Clefable\n|-message|Clefable couldn't fully protect itself and got hurt! (placeholder)\n|-damage|p1a: Clefable|326\/393\n|\n|-heal|p1a: Clefable|350\/393|[from] item: Leftovers\n|-damage|p2a: Excadrill|0 fnt|[from] brn\n|upkeep\n|faint|p2a: Excadrill\n|choice||switch 2\n|\n|switch|p2a: Clefable|Clefable, M, shiny|393\/393\n|turn|29\n|choice|switch 4|move stealthrock\n|\n|switch|p1a: Chansey|Chansey, F|573\/703\n|move|p2a: Clefable|Stealth Rock|p1a: Chansey\n|-sidestart|p1: Q114|move: Stealth Rock\n|\n|upkeep\n|turn|30\n|choice|move toxic|switch 6\n|\n|switch|p2a: Tyranitar|Tyranitar, M|303\/363\n|-weather|Sandstorm|[from] ability: Sand Stream|[of] p2a: Tyranitar\n|move|p1a: Chansey|Toxic|p2a: Tyranitar\n|-status|p2a: Tyranitar|tox\n|\n|-weather|Sandstorm|[upkeep]\n|-damage|p1a: Chansey|530\/703|[from] sandstorm\n|-damage|p2a: Tyranitar|281\/363 tox|[from] psn\n|upkeep\n|turn|31\n|choice|switch 4|move stoneedge\n|\n|switch|p1a: Clefable|Clefable, F|350\/393\n|-damage|p1a: Clefable|301\/393|[from] Stealth Rock\n|move|p2a: Tyranitar|Stone Edge|p1a: Clefable\n|-damage|p1a: Clefable|25\/393\n|\n|-weather|Sandstorm|[upkeep]\n|-damage|p1a: Clefable|1\/393|[from] sandstorm\n|-heal|p1a: Clefable|25\/393|[from] item: Leftovers\n|-damage|p2a: Tyranitar|237\/363 tox|[from] psn\n|upkeep\n|turn|32\n|choice|move protect|move stoneedge\n|\n|move|p1a: Clefable|Protect|p1a: Clefable\n|-singleturn|p1a: Clefable|Protect\n|move|p2a: Tyranitar|Stone Edge|p1a: Clefable\n|-activate|p1a: Clefable|move: Protect\n|\n|-weather|Sandstorm|[upkeep]\n|-damage|p1a: Clefable|1\/393|[from] sandstorm\n|-heal|p1a: Clefable|25\/393|[from] item: Leftovers\n|-damage|p2a: Tyranitar|171\/363 tox|[from] psn\n|upkeep\n|turn|33\n|choice|move wish|move stoneedge\n|\n|move|p2a: Tyranitar|Stone Edge|p1a: Clefable\n|-damage|p1a: Clefable|0 fnt\n|faint|p1a: Clefable\n|\n|-weather|Sandstorm|[upkeep]\n|-damage|p2a: Tyranitar|83\/363 tox|[from] psn\n|upkeep\n|choice|switch 5|\n|\n|switch|p1a: Toxapex|Toxapex, M|145\/303\n|-damage|p1a: Toxapex|108\/303|[from] Stealth Rock\n|turn|34\n|choice|switch 3|switch 3\n|\n|switch|p2a: Celesteela|Celesteela|223\/397 brn\n|switch|p1a: Magnezone|Magnezone|281\/281\n|-damage|p1a: Magnezone|264\/281|[from] Stealth Rock\n|\n|-weather|none\n|-damage|p2a: Celesteela|199\/397 brn|[from] brn\n|upkeep\n|turn|35\n|choice|move thunderbolt|move protect\n|\n|move|p2a: Celesteela|Protect|p2a: Celesteela\n|-singleturn|p2a: Celesteela|Protect\n|move|p1a: Magnezone|Thunderbolt|p2a: Celesteela\n|-activate|p2a: Celesteela|move: Protect\n|\n|-damage|p2a: Celesteela|175\/397 brn|[from] brn\n|upkeep\n|turn|36\n|choice|move thunderbolt|move leechseed\n|\n|move|p1a: Magnezone|Thunderbolt|p2a: Celesteela\n|-supereffective|p2a: Celesteela\n|-damage|p2a: Celesteela|0 fnt\n|faint|p2a: Celesteela\n|\n|upkeep\n|choice||switch 4\n|\n|switch|p2a: Lopunny|Lopunny, M, shiny|273\/273\n|turn|37\n|choice|switch 2|move highjumpkick mega\n|\n|switch|p1a: Sableye|Sableye-Mega, F|258\/303\n|-damage|p1a: Sableye|221\/303|[from] Stealth Rock\n|detailschange|p2a: Lopunny|Lopunny-Mega, M, shiny\n|-mega|p2a: Lopunny|Lopunny|Lopunnite\n|move|p2a: Lopunny|High Jump Kick|p1a: Sableye\n|-supereffective|p1a: Sableye\n|-damage|p1a: Sableye|0 fnt\n|faint|p1a: Sableye\n|\n|upkeep\n|choice|switch 3|\n|\n|switch|p1a: Toxapex|Toxapex, M|209\/303\n|-damage|p1a: Toxapex|172\/303|[from] Stealth Rock\n|turn|38\n|choice|move recover|move return\n|\n|move|p2a: Lopunny|Return|p1a: Toxapex\n|-damage|p1a: Toxapex|79\/303\n|move|p1a: Toxapex|Recover|p1a: Toxapex\n|-heal|p1a: Toxapex|231\/303\n|\n|-heal|p1a: Toxapex|249\/303|[from] item: Black Sludge\n|upkeep\n|turn|39\n|choice|move scald|switch 5\n|\n|switch|p2a: Toxapex|Toxapex, M, shiny|303\/303\n|move|p1a: Toxapex|Scald|p2a: Toxapex\n|-resisted|p2a: Toxapex\n|-damage|p2a: Toxapex|285\/303\n|\n|-heal|p2a: Toxapex|303\/303|[from] item: Black Sludge\n|-heal|p1a: Toxapex|267\/303|[from] item: Black Sludge\n|upkeep\n|turn|40\n|choice|move scald|move toxicspikes\n|\n|move|p1a: Toxapex|Scald|p2a: Toxapex\n|-resisted|p2a: Toxapex\n|-damage|p2a: Toxapex|285\/303\n|-status|p2a: Toxapex|brn\n|move|p2a: Toxapex|Toxic Spikes|p1a: Toxapex\n|-sidestart|p1: Q114|move: Toxic Spikes\n|\n|-heal|p2a: Toxapex|303\/303 brn|[from] item: Black Sludge\n|-heal|p1a: Toxapex|285\/303|[from] item: Black Sludge\n|-damage|p2a: Toxapex|285\/303 brn|[from] brn\n|upkeep\n|turn|41\n|choice|move toxicspikes|switch 3\n|\n|switch|p2a: Tyranitar|Tyranitar, M|83\/363 tox\n|-weather|Sandstorm|[from] ability: Sand Stream|[of] p2a: Tyranitar\n|move|p1a: Toxapex|Toxic Spikes|p2a: Tyranitar\n|-sidestart|p2: hello and see you|move: Toxic Spikes\n|\n|-weather|Sandstorm|[upkeep]\n|-damage|p1a: Toxapex|267\/303|[from] sandstorm\n|-heal|p1a: Toxapex|285\/303|[from] item: Black Sludge\n|-damage|p2a: Tyranitar|61\/363 tox|[from] psn\n|upkeep\n|turn|42\n|choice|move recover|move crunch\n|\n|move|p2a: Tyranitar|Crunch|p1a: Toxapex\n|-damage|p1a: Toxapex|162\/303\n|move|p1a: Toxapex|Recover|p1a: Toxapex\n|-heal|p1a: Toxapex|303\/303\n|\n|-weather|Sandstorm|[upkeep]\n|-damage|p1a: Toxapex|285\/303|[from] sandstorm\n|-heal|p1a: Toxapex|303\/303|[from] item: Black Sludge\n|-damage|p2a: Tyranitar|17\/363 tox|[from] psn\n|upkeep\n|turn|43\n|choice|move recover|move crunch\n|\n|move|p2a: Tyranitar|Crunch|p1a: Toxapex\n|-damage|p1a: Toxapex|177\/303\n|move|p1a: Toxapex|Recover|p1a: Toxapex\n|-heal|p1a: Toxapex|303\/303\n|\n|-weather|Sandstorm|[upkeep]\n|-damage|p1a: Toxapex|285\/303|[from] sandstorm\n|-heal|p1a: Toxapex|303\/303|[from] item: Black Sludge\n|-damage|p2a: Tyranitar|0 fnt|[from] psn\n|upkeep\n|faint|p2a: Tyranitar\n|choice||switch 3\n|\n|switch|p2a: Toxapex|Toxapex, M, shiny|303\/303 brn\n|-sideend|p2: hello and see you|move: Toxic Spikes|[of] p2a: Toxapex\n|turn|44\n|choice|move toxicspikes|move scald\n|\n|move|p1a: Toxapex|Toxic Spikes|p2a: Toxapex\n|-sidestart|p2: hello and see you|move: Toxic Spikes\n|move|p2a: Toxapex|Scald|p1a: Toxapex\n|-resisted|p1a: Toxapex\n|-crit|p1a: Toxapex\n|-damage|p1a: Toxapex|273\/303\n|\n|-weather|Sandstorm|[upkeep]\n|-damage|p1a: Toxapex|255\/303|[from] sandstorm\n|-damage|p2a: Toxapex|285\/303 brn|[from] sandstorm\n|-heal|p2a: Toxapex|303\/303 brn|[from] item: Black Sludge\n|-heal|p1a: Toxapex|273\/303|[from] item: Black Sludge\n|-damage|p2a: Toxapex|285\/303 brn|[from] brn\n|upkeep\n|turn|45\n|choice|move toxicspikes|move scald\n|\n|move|p2a: Toxapex|Scald|p1a: Toxapex\n|-resisted|p1a: Toxapex\n|-damage|p1a: Toxapex|252\/303\n|move|p1a: Toxapex|Toxic Spikes|p2a: Toxapex\n|-sidestart|p2: hello and see you|move: Toxic Spikes\n|\n|-weather|none\n|-heal|p2a: Toxapex|303\/303 brn|[from] item: Black Sludge\n|-heal|p1a: Toxapex|270\/303|[from] item: Black Sludge\n|-damage|p2a: Toxapex|285\/303 brn|[from] brn\n|upkeep\n|turn|46\n|j|Pwede Ba\n|l|4EverLP\n|choice|switch 4|move scald\n|\n|switch|p1a: Chansey|Chansey, F|530\/703\n|-damage|p1a: Chansey|443\/703|[from] Stealth Rock\n|-status|p1a: Chansey|psn\n|move|p2a: Toxapex|Scald|p1a: Chansey\n|-damage|p1a: Chansey|410\/703 psn\n|\n|-heal|p2a: Toxapex|303\/303 brn|[from] item: Black Sludge\n|-damage|p1a: Chansey|323\/703 psn|[from] psn\n|-damage|p2a: Toxapex|285\/303 brn|[from] brn\n|upkeep\n|turn|47\n|choice|move softboiled|switch 6\n|\n|switch|p2a: Clefable|Clefable, M, shiny|393\/393\n|-status|p2a: Clefable|tox\n|move|p1a: Chansey|Soft-Boiled|p1a: Chansey\n|-heal|p1a: Chansey|675\/703 psn\n|\n|-damage|p1a: Chansey|588\/703 psn|[from] psn\n|upkeep\n|turn|48\n|choice|move stealthrock|switch 6\n|\n|switch|p2a: Toxapex|Toxapex, M, shiny|303\/303 brn\n|-sideend|p2: hello and see you|move: Toxic Spikes|[of] p2a: Toxapex\n|move|p1a: Chansey|Stealth Rock|p2a: Toxapex\n|-sidestart|p2: hello and see you|move: Stealth Rock\n|\n|-damage|p1a: Chansey|501\/703 psn|[from] psn\n|-damage|p2a: Toxapex|285\/303 brn|[from] brn\n|upkeep\n|turn|49\n|choice|switch 2|switch 5\n|\n|-curestatus|p1a: Chansey|psn|[from] ability: Natural Cure\n|switch|p1a: Magnezone|Magnezone|264\/281\n|-damage|p1a: Magnezone|247\/281|[from] Stealth Rock\n|switch|p2a: Lopunny|Lopunny-Mega, M, shiny|273\/273\n|-damage|p2a: Lopunny|256\/273|[from] Stealth Rock\n|\n|upkeep\n|turn|50\n|choice|switch 4|move highjumpkick\n|\n|switch|p1a: Toxapex|Toxapex, M|303\/303\n|-damage|p1a: Toxapex|266\/303|[from] Stealth Rock\n|-sideend|p1: Q114|move: Toxic Spikes|[of] p1a: Toxapex\n|move|p2a: Lopunny|High Jump Kick|p1a: Toxapex\n|-resisted|p1a: Toxapex\n|-damage|p1a: Toxapex|202\/303\n|\n|-heal|p1a: Toxapex|220\/303|[from] item: Black Sludge\n|upkeep\n|turn|51\n|choice|move toxicspikes|move return\n|\n|move|p2a: Lopunny|Return|p1a: Toxapex\n|-damage|p1a: Toxapex|121\/303\n|move|p1a: Toxapex|Toxic Spikes|p2a: Lopunny\n|-sidestart|p2: hello and see you|move: Toxic Spikes\n|\n|-heal|p1a: Toxapex|139\/303|[from] item: Black Sludge\n|upkeep\n|turn|52\n|choice|move recover|move return\n|\n|move|p2a: Lopunny|Return|p1a: Toxapex\n|-damage|p1a: Toxapex|40\/303\n|move|p1a: Toxapex|Recover|p1a: Toxapex\n|-heal|p1a: Toxapex|192\/303\n|\n|-heal|p1a: Toxapex|210\/303|[from] item: Black Sludge\n|upkeep\n|turn|53\n|choice|move scald|switch 5\n|\n|switch|p2a: Toxapex|Toxapex, M, shiny|303\/303 brn\n|-sideend|p2: hello and see you|move: Toxic Spikes|[of] p2a: Toxapex\n|-damage|p2a: Toxapex|266\/303 brn|[from] Stealth Rock\n|move|p1a: Toxapex|Scald|p2a: Toxapex\n|-resisted|p2a: Toxapex\n|-damage|p2a: Toxapex|249\/303 brn\n|\n|-heal|p2a: Toxapex|267\/303 brn|[from] item: Black Sludge\n|-heal|p1a: Toxapex|228\/303|[from] item: Black Sludge\n|-damage|p2a: Toxapex|249\/303 brn|[from] brn\n|upkeep\n|turn|54\n|choice|move toxicspikes|move toxicspikes\n|\n|move|p2a: Toxapex|Toxic Spikes|p1a: Toxapex\n|-sidestart|p1: Q114|move: Toxic Spikes\n|move|p1a: Toxapex|Toxic Spikes|p2a: Toxapex\n|-sidestart|p2: hello and see you|move: Toxic Spikes\n|\n|-heal|p2a: Toxapex|267\/303 brn|[from] item: Black Sludge\n|-heal|p1a: Toxapex|246\/303|[from] item: Black Sludge\n|-damage|p2a: Toxapex|249\/303 brn|[from] brn\n|upkeep\n|turn|55\n|choice|switch 2|move scald\n|\n|switch|p1a: Chansey|Chansey, F|501\/703\n|-status|p1a: Chansey|psn\n|-damage|p1a: Chansey|414\/703 psn|[from] Stealth Rock\n|move|p2a: Toxapex|Scald|p1a: Chansey\n|-damage|p1a: Chansey|375\/703 psn\n|\n|-heal|p2a: Toxapex|267\/303 brn|[from] item: Black Sludge\n|-damage|p1a: Chansey|288\/703 psn|[from] psn\n|-damage|p2a: Toxapex|249\/303 brn|[from] brn\n|upkeep\n|turn|56\n|choice|move softboiled|switch 6\n|\n|switch|p2a: Clefable|Clefable, M, shiny|393\/393 tox\n|move|p1a: Chansey|Soft-Boiled|p1a: Chansey\n|-heal|p1a: Chansey|640\/703 psn\n|\n|-damage|p1a: Chansey|553\/703 psn|[from] psn\n|upkeep\n|turn|57\n|j|jojo the rhyperior\n|choice|switch 2|switch 6\n|\n|switch|p2a: Toxapex|Toxapex, M, shiny|303\/303 brn\n|-damage|p2a: Toxapex|266\/303 brn|[from] Stealth Rock\n|-sideend|p2: hello and see you|move: Toxic Spikes|[of] p2a: Toxapex\n|-curestatus|p1a: Chansey|psn|[from] ability: Natural Cure\n|switch|p1a: Toxapex|Toxapex, M|303\/303\n|-damage|p1a: Toxapex|266\/303|[from] Stealth Rock\n|-sideend|p1: Q114|move: Toxic Spikes|[of] p1a: Toxapex\n|\n|-heal|p1a: Toxapex|284\/303|[from] item: Black Sludge\n|-heal|p2a: Toxapex|284\/303 brn|[from] item: Black Sludge\n|-damage|p2a: Toxapex|266\/303 brn|[from] brn\n|upkeep\n|turn|58\n|choice|switch 4|move toxicspikes\n|\n|switch|p1a: Magnezone|Magnezone|247\/281\n|-damage|p1a: Magnezone|230\/281|[from] Stealth Rock\n|move|p2a: Toxapex|Toxic Spikes|p1a: Magnezone\n|-sidestart|p1: Q114|move: Toxic Spikes\n|\n|-heal|p2a: Toxapex|284\/303 brn|[from] item: Black Sludge\n|-damage|p2a: Toxapex|266\/303 brn|[from] brn\n|upkeep\n|turn|59\n|choice|move thunderbolt|switch 6\n|\n|switch|p2a: Clefable|Clefable, M, shiny|393\/393 tox\n|move|p1a: Magnezone|Thunderbolt|p2a: Clefable\n|-damage|p2a: Clefable|228\/393 tox\n|\n|-heal|p2a: Clefable|252\/393 tox|[from] item: Leftovers\n|upkeep\n|turn|60\n|choice|move thunderbolt|move softboiled\n|\n|move|p1a: Magnezone|Thunderbolt|p2a: Clefable\n|-damage|p2a: Clefable|92\/393 tox\n|move|p2a: Clefable|Soft-Boiled|p2a: Clefable\n|-heal|p2a: Clefable|289\/393 tox\n|\n|-heal|p2a: Clefable|313\/393 tox|[from] item: Leftovers\n|upkeep\n|turn|61\n|choice|move thunderbolt|move softboiled\n|\n|move|p1a: Magnezone|Thunderbolt|p2a: Clefable\n|-damage|p2a: Clefable|133\/393 tox\n|move|p2a: Clefable|Soft-Boiled|p2a: Clefable\n|-heal|p2a: Clefable|330\/393 tox\n|\n|-heal|p2a: Clefable|354\/393 tox|[from] item: Leftovers\n|upkeep\n|turn|62\n|l|jojo the rhyperior\n|choice|switch 4|move moonblast\n|\n|switch|p1a: Toxapex|Toxapex, M|303\/303\n|-damage|p1a: Toxapex|266\/303|[from] Stealth Rock\n|-sideend|p1: Q114|move: Toxic Spikes|[of] p1a: Toxapex\n|move|p2a: Clefable|Moonblast|p1a: Toxapex\n|-resisted|p1a: Toxapex\n|-damage|p1a: Toxapex|229\/303\n|\n|-heal|p2a: Clefable|378\/393 tox|[from] item: Leftovers\n|-heal|p1a: Toxapex|247\/303|[from] item: Black Sludge\n|upkeep\n|turn|63\n|choice|switch 4|switch 6\n|\n|switch|p2a: Toxapex|Toxapex, M, shiny|303\/303 brn\n|-damage|p2a: Toxapex|266\/303 brn|[from] Stealth Rock\n|switch|p1a: Magnezone|Magnezone|230\/281\n|-damage|p1a: Magnezone|213\/281|[from] Stealth Rock\n|\n|-heal|p2a: Toxapex|284\/303 brn|[from] item: Black Sludge\n|-damage|p2a: Toxapex|266\/303 brn|[from] brn\n|upkeep\n|turn|64\n|choice|move thunderbolt|switch 6\n|\n|switch|p2a: Clefable|Clefable, M, shiny|378\/393 tox\n|move|p1a: Magnezone|Thunderbolt|p2a: Clefable\n|-damage|p2a: Clefable|207\/393 tox\n|\n|-heal|p2a: Clefable|231\/393 tox|[from] item: Leftovers\n|upkeep\n|turn|65\n|choice|move thunderbolt|move softboiled\n|\n|move|p1a: Magnezone|Thunderbolt|p2a: Clefable\n|-damage|p2a: Clefable|71\/393 tox\n|move|p2a: Clefable|Soft-Boiled|p2a: Clefable\n|-heal|p2a: Clefable|268\/393 tox\n|\n|-heal|p2a: Clefable|292\/393 tox|[from] item: Leftovers\n|upkeep\n|turn|66\n|choice|move thunderbolt|move softboiled\n|\n|move|p1a: Magnezone|Thunderbolt|p2a: Clefable\n|-damage|p2a: Clefable|117\/393 tox\n|move|p2a: Clefable|Soft-Boiled|p2a: Clefable\n|-heal|p2a: Clefable|314\/393 tox\n|\n|-heal|p2a: Clefable|338\/393 tox|[from] item: Leftovers\n|upkeep\n|turn|67\n|choice|switch 2|move moonblast\n|\n|switch|p1a: Chansey|Chansey, F|553\/703\n|-damage|p1a: Chansey|466\/703|[from] Stealth Rock\n|move|p2a: Clefable|Moonblast|p1a: Chansey\n|-crit|p1a: Chansey\n|-damage|p1a: Chansey|370\/703\n|\n|-heal|p2a: Clefable|362\/393 tox|[from] item: Leftovers\n|upkeep\n|turn|68\n|choice|move softboiled|move toxic\n|\n|move|p2a: Clefable|Toxic|p1a: Chansey\n|-status|p1a: Chansey|tox\n|move|p1a: Chansey|Soft-Boiled|p1a: Chansey\n|-heal|p1a: Chansey|703\/703 tox\n|\n|-heal|p2a: Clefable|386\/393 tox|[from] item: Leftovers\n|-damage|p1a: Chansey|660\/703 tox|[from] psn\n|upkeep\n|turn|69\n|choice|switch 4|switch 5\n|\n|switch|p2a: Lopunny|Lopunny-Mega, M, shiny|256\/273\n|-damage|p2a: Lopunny|239\/273|[from] Stealth Rock\n|-curestatus|p1a: Chansey|tox|[from] ability: Natural Cure\n|switch|p1a: Toxapex|Toxapex, M|303\/303\n|-damage|p1a: Toxapex|266\/303|[from] Stealth Rock\n|\n|-heal|p1a: Toxapex|284\/303|[from] item: Black Sludge\n|upkeep\n|turn|70\n|choice|move scald|switch 5\n|\n|switch|p2a: Clefable|Clefable, M, shiny|386\/393 tox\n|move|p1a: Toxapex|Scald|p2a: Clefable\n|-damage|p2a: Clefable|326\/393 tox\n|\n|-heal|p2a: Clefable|350\/393 tox|[from] item: Leftovers\n|-heal|p1a: Toxapex|302\/303|[from] item: Black Sludge\n|upkeep\n|turn|71\n|choice|move toxicspikes|move moonblast\n|\n|move|p2a: Clefable|Moonblast|p1a: Toxapex\n|-resisted|p1a: Toxapex\n|-crit|p1a: Toxapex\n|-damage|p1a: Toxapex|241\/303\n|-unboost|p1a: Toxapex|spa|1\n|move|p1a: Toxapex|Toxic Spikes|p2a: Clefable\n|-sidestart|p2: hello and see you|move: Toxic Spikes\n|\n|-heal|p2a: Clefable|374\/393 tox|[from] item: Leftovers\n|-heal|p1a: Toxapex|259\/303|[from] item: Black Sludge\n|upkeep\n|turn|72\n|choice|move toxicspikes|move moonblast\n|\n|move|p2a: Clefable|Moonblast|p1a: Toxapex\n|-resisted|p1a: Toxapex\n|-damage|p1a: Toxapex|221\/303\n|move|p1a: Toxapex|Toxic Spikes|p2a: Clefable\n|-sidestart|p2: hello and see you|move: Toxic Spikes\n|\n|-heal|p2a: Clefable|393\/393 tox|[from] item: Leftovers\n|-heal|p1a: Toxapex|239\/303|[from] item: Black Sludge\n|upkeep\n|turn|73\n|choice|move haze|move moonblast\n|\n|move|p2a: Clefable|Moonblast|p1a: Toxapex\n|-resisted|p1a: Toxapex\n|-damage|p1a: Toxapex|202\/303\n|move|p1a: Toxapex|Haze|p1a: Toxapex\n|-clearallboost\n|\n|-heal|p1a: Toxapex|220\/303|[from] item: Black Sludge\n|upkeep\n|turn|74\n|choice|move toxicspikes|switch 6\n|\n|switch|p2a: Toxapex|Toxapex, M, shiny|303\/303 brn\n|-sideend|p2: hello and see you|move: Toxic Spikes|[of] p2a: Toxapex\n|-damage|p2a: Toxapex|266\/303 brn|[from] Stealth Rock\n|move|p1a: Toxapex|Toxic Spikes|p2a: Toxapex\n|-sidestart|p2: hello and see you|move: Toxic Spikes\n|\n|-heal|p1a: Toxapex|238\/303|[from] item: Black Sludge\n|-heal|p2a: Toxapex|284\/303 brn|[from] item: Black Sludge\n|-damage|p2a: Toxapex|266\/303 brn|[from] brn\n|upkeep\n|turn|75\n|choice|switch 4|switch 6\n|\n|switch|p1a: Chansey|Chansey, F|660\/703\n|-damage|p1a: Chansey|573\/703|[from] Stealth Rock\n|switch|p2a: Clefable|Clefable, M, shiny|393\/393 tox\n|\n|upkeep\n|turn|76\n|choice|move seismictoss|switch 6\n|\n|switch|p2a: Toxapex|Toxapex, M, shiny|303\/303 brn\n|-damage|p2a: Toxapex|266\/303 brn|[from] Stealth Rock\n|-sideend|p2: hello and see you|move: Toxic Spikes|[of] p2a: Toxapex\n|move|p1a: Chansey|Seismic Toss|p2a: Toxapex\n|-damage|p2a: Toxapex|166\/303 brn\n|\n|-heal|p2a: Toxapex|184\/303 brn|[from] item: Black Sludge\n|-damage|p2a: Toxapex|166\/303 brn|[from] brn\n|upkeep\n|turn|77\n|choice|move seismictoss|switch 6\n|\n|switch|p2a: Clefable|Clefable, M, shiny|393\/393 tox\n|move|p1a: Chansey|Seismic Toss|p2a: Clefable\n|-damage|p2a: Clefable|293\/393 tox\n|\n|-heal|p2a: Clefable|317\/393 tox|[from] item: Leftovers\n|upkeep\n|turn|78\n|choice|move seismictoss|switch 6\n|\n|switch|p2a: Toxapex|Toxapex, M, shiny|267\/303 brn\n|-damage|p2a: Toxapex|230\/303 brn|[from] Stealth Rock\n|move|p1a: Chansey|Seismic Toss|p2a: Toxapex\n|-damage|p2a: Toxapex|130\/303 brn\n|\n|-heal|p2a: Toxapex|148\/303 brn|[from] item: Black Sludge\n|-damage|p2a: Toxapex|130\/303 brn|[from] brn\n|upkeep\n|turn|79\n|choice|move seismictoss|move recover\n|\n|move|p1a: Chansey|Seismic Toss|p2a: Toxapex\n|-damage|p2a: Toxapex|30\/303 brn\n|move|p2a: Toxapex|Recover|p2a: Toxapex\n|-heal|p2a: Toxapex|182\/303 brn\n|\n|-heal|p2a: Toxapex|200\/303 brn|[from] item: Black Sludge\n|-damage|p2a: Toxapex|182\/303 brn|[from] brn\n|upkeep\n|turn|80\n|choice|move seismictoss|switch 6\n|\n|switch|p2a: Clefable|Clefable, M, shiny|317\/393 tox\n|move|p1a: Chansey|Seismic Toss|p2a: Clefable\n|-damage|p2a: Clefable|217\/393 tox\n|\n|-heal|p2a: Clefable|241\/393 tox|[from] item: Leftovers\n|upkeep\n|turn|81\n|choice|move seismictoss|move toxic\n|\n|move|p2a: Clefable|Toxic|p1a: Chansey\n|-status|p1a: Chansey|tox\n|move|p1a: Chansey|Seismic Toss|p2a: Clefable\n|-damage|p2a: Clefable|141\/393 tox\n|\n|-heal|p2a: Clefable|165\/393 tox|[from] item: Leftovers\n|-damage|p1a: Chansey|530\/703 tox|[from] psn\n|upkeep\n|turn|82\n|choice|switch 4|move softboiled\n|\n|-curestatus|p1a: Chansey|tox|[from] ability: Natural Cure\n|switch|p1a: Toxapex|Toxapex, M|303\/303\n|-damage|p1a: Toxapex|266\/303|[from] Stealth Rock\n|move|p2a: Clefable|Soft-Boiled|p2a: Clefable\n|-heal|p2a: Clefable|362\/393 tox\n|\n|-heal|p2a: Clefable|386\/393 tox|[from] item: Leftovers\n|-heal|p1a: Toxapex|284\/303|[from] item: Black Sludge\n|upkeep\n|turn|83\n|choice|switch 4|switch 6\n|\n|switch|p2a: Toxapex|Toxapex, M, shiny|283\/303 brn\n|-damage|p2a: Toxapex|246\/303 brn|[from] Stealth Rock\n|switch|p1a: Chansey|Chansey, F|530\/703\n|-damage|p1a: Chansey|443\/703|[from] Stealth Rock\n|\n|-heal|p2a: Toxapex|264\/303 brn|[from] item: Black Sludge\n|-damage|p2a: Toxapex|246\/303 brn|[from] brn\n|upkeep\n|turn|84\n|choice|move seismictoss|switch 5\n|\n|switch|p2a: Lopunny|Lopunny-Mega, M, shiny|239\/273\n|-damage|p2a: Lopunny|222\/273|[from] Stealth Rock\n|move|p1a: Chansey|Seismic Toss|p2a: Lopunny\n|-damage|p2a: Lopunny|122\/273\n|\n|upkeep\n|turn|85\n|choice|switch 4|move return\n|\n|switch|p1a: Toxapex|Toxapex, M|303\/303\n|-damage|p1a: Toxapex|266\/303|[from] Stealth Rock\n|move|p2a: Lopunny|Return|p1a: Toxapex\n|-crit|p1a: Toxapex\n|-damage|p1a: Toxapex|109\/303\n|\n|-heal|p1a: Toxapex|127\/303|[from] item: Black Sludge\n|upkeep\n|turn|86\n|choice|move recover|move return\n|\n|move|p2a: Lopunny|Return|p1a: Toxapex\n|-damage|p1a: Toxapex|21\/303\n|move|p1a: Toxapex|Recover|p1a: Toxapex\n|-heal|p1a: Toxapex|173\/303\n|\n|-heal|p1a: Toxapex|191\/303|[from] item: Black Sludge\n|upkeep\n|turn|87\n|choice|move recover|move return\n|\n|move|p2a: Lopunny|Return|p1a: Toxapex\n|-damage|p1a: Toxapex|97\/303\n|move|p1a: Toxapex|Recover|p1a: Toxapex\n|-heal|p1a: Toxapex|249\/303\n|\n|-heal|p1a: Toxapex|267\/303|[from] item: Black Sludge\n|upkeep\n|turn|88\n|choice|move scald|switch 6\n|\n|switch|p2a: Clefable|Clefable, M, shiny|386\/393 tox\n|move|p1a: Toxapex|Scald|p2a: Clefable\n|-damage|p2a: Clefable|320\/393 tox\n|\n|-heal|p2a: Clefable|344\/393 tox|[from] item: Leftovers\n|-heal|p1a: Toxapex|285\/303|[from] item: Black Sludge\n|upkeep\n|turn|89\n|choice|move toxicspikes|switch 6\n|\n|switch|p2a: Lopunny|Lopunny-Mega, M, shiny|122\/273\n|-damage|p2a: Lopunny|105\/273|[from] Stealth Rock\n|move|p1a: Toxapex|Toxic Spikes|p2a: Lopunny\n|-sidestart|p2: hello and see you|move: Toxic Spikes\n|\n|-heal|p1a: Toxapex|303\/303|[from] item: Black Sludge\n|upkeep\n|turn|90\n|choice|move toxicspikes|switch 5\n|\n|switch|p2a: Toxapex|Toxapex, M, shiny|303\/303 brn\n|-sideend|p2: hello and see you|move: Toxic Spikes|[of] p2a: Toxapex\n|-damage|p2a: Toxapex|266\/303 brn|[from] Stealth Rock\n|move|p1a: Toxapex|Toxic Spikes|p2a: Toxapex\n|-sidestart|p2: hello and see you|move: Toxic Spikes\n|\n|-heal|p2a: Toxapex|284\/303 brn|[from] item: Black Sludge\n|-damage|p2a: Toxapex|266\/303 brn|[from] brn\n|upkeep\n|turn|91\n|choice|switch 4|switch 6\n|\n|switch|p2a: Clefable|Clefable, M, shiny|344\/393 tox\n|switch|p1a: Chansey|Chansey, F|443\/703\n|-damage|p1a: Chansey|356\/703|[from] Stealth Rock\n|\n|-heal|p2a: Clefable|368\/393 tox|[from] item: Leftovers\n|upkeep\n|turn|92\n|choice|move softboiled|move toxic\n|\n|move|p2a: Clefable|Toxic|p1a: Chansey|[miss]\n|-miss|p2a: Clefable|p1a: Chansey\n|move|p1a: Chansey|Soft-Boiled|p1a: Chansey\n|-heal|p1a: Chansey|703\/703\n|\n|-heal|p2a: Clefable|392\/393 tox|[from] item: Leftovers\n|upkeep\n|turn|93\n|choice|switch 4|move moonblast\n|\n|switch|p1a: Toxapex|Toxapex, M|303\/303\n|-damage|p1a: Toxapex|266\/303|[from] Stealth Rock\n|move|p2a: Clefable|Moonblast|p1a: Toxapex\n|-resisted|p1a: Toxapex\n|-damage|p1a: Toxapex|230\/303\n|\n|-heal|p2a: Clefable|393\/393 tox|[from] item: Leftovers\n|-heal|p1a: Toxapex|248\/303|[from] item: Black Sludge\n|upkeep\n|turn|94\n|choice|move toxicspikes|switch 6\n|\n|switch|p2a: Toxapex|Toxapex, M, shiny|303\/303 brn\n|-damage|p2a: Toxapex|266\/303 brn|[from] Stealth Rock\n|-sideend|p2: hello and see you|move: Toxic Spikes|[of] p2a: Toxapex\n|move|p1a: Toxapex|Toxic Spikes|p2a: Toxapex\n|-sidestart|p2: hello and see you|move: Toxic Spikes\n|\n|-heal|p1a: Toxapex|266\/303|[from] item: Black Sludge\n|-heal|p2a: Toxapex|284\/303 brn|[from] item: Black Sludge\n|-damage|p2a: Toxapex|266\/303 brn|[from] brn\n|upkeep\n|turn|95\n|choice|switch 4|move scald\n|\n|switch|p1a: Chansey|Chansey, F|703\/703\n|-damage|p1a: Chansey|616\/703|[from] Stealth Rock\n|move|p2a: Toxapex|Scald|p1a: Chansey\n|-damage|p1a: Chansey|582\/703\n|\n|-heal|p2a: Toxapex|284\/303 brn|[from] item: Black Sludge\n|-damage|p2a: Toxapex|266\/303 brn|[from] brn\n|upkeep\n|turn|96\n|choice|move seismictoss|switch 6\n|\n|switch|p2a: Clefable|Clefable, M, shiny|393\/393 tox\n|move|p1a: Chansey|Seismic Toss|p2a: Clefable\n|-damage|p2a: Clefable|293\/393 tox\n|\n|-heal|p2a: Clefable|317\/393 tox|[from] item: Leftovers\n|upkeep\n|turn|97\n|choice|move seismictoss|move moonblast\n|\n|move|p2a: Clefable|Moonblast|p1a: Chansey\n|-damage|p1a: Chansey|510\/703\n|-unboost|p1a: Chansey|spa|1\n|move|p1a: Chansey|Seismic Toss|p2a: Clefable\n|-damage|p2a: Clefable|217\/393 tox\n|\n|-heal|p2a: Clefable|241\/393 tox|[from] item: Leftovers\n|upkeep\n|turn|98\n|choice|move seismictoss|move toxic\n|\n|move|p2a: Clefable|Toxic|p1a: Chansey|[miss]\n|-miss|p2a: Clefable|p1a: Chansey\n|move|p1a: Chansey|Seismic Toss|p2a: Clefable\n|-damage|p2a: Clefable|141\/393 tox\n|\n|-heal|p2a: Clefable|165\/393 tox|[from] item: Leftovers\n|upkeep\n|turn|99\n|choice|move seismictoss|move toxic\n|\n|move|p2a: Clefable|Toxic|p1a: Chansey|[miss]\n|-miss|p2a: Clefable|p1a: Chansey\n|move|p1a: Chansey|Seismic Toss|p2a: Clefable\n|-damage|p2a: Clefable|65\/393 tox\n|\n|-heal|p2a: Clefable|89\/393 tox|[from] item: Leftovers\n|upkeep\n|turn|100\n|choice|move seismictoss|move softboiled\n|\n|move|p2a: Clefable|Soft-Boiled|p2a: Clefable\n|-heal|p2a: Clefable|286\/393 tox\n|move|p1a: Chansey|Seismic Toss|p2a: Clefable\n|-damage|p2a: Clefable|186\/393 tox\n|\n|-heal|p2a: Clefable|210\/393 tox|[from] item: Leftovers\n|upkeep\n|turn|101\n|choice|move seismictoss|move toxic\n|\n|move|p2a: Clefable|Toxic|p1a: Chansey\n|-status|p1a: Chansey|tox\n|move|p1a: Chansey|Seismic Toss|p2a: Clefable\n|-damage|p2a: Clefable|110\/393 tox\n|\n|-heal|p2a: Clefable|134\/393 tox|[from] item: Leftovers\n|-damage|p1a: Chansey|467\/703 tox|[from] psn\n|upkeep\n|turn|102\n|choice|move seismictoss|move softboiled\n|\n|move|p2a: Clefable|Soft-Boiled|p2a: Clefable\n|-heal|p2a: Clefable|331\/393 tox\n|move|p1a: Chansey|Seismic Toss|p2a: Clefable\n|-damage|p2a: Clefable|231\/393 tox\n|\n|-heal|p2a: Clefable|255\/393 tox|[from] item: Leftovers\n|-damage|p1a: Chansey|381\/703 tox|[from] psn\n|upkeep\n|turn|103\n|choice|move softboiled|switch 6\n|\n|switch|p2a: Toxapex|Toxapex, M, shiny|303\/303 brn\n|-damage|p2a: Toxapex|266\/303 brn|[from] Stealth Rock\n|-sideend|p2: hello and see you|move: Toxic Spikes|[of] p2a: Toxapex\n|move|p1a: Chansey|Soft-Boiled|p1a: Chansey\n|-heal|p1a: Chansey|703\/703 tox\n|\n|-heal|p2a: Toxapex|284\/303 brn|[from] item: Black Sludge\n|-damage|p1a: Chansey|574\/703 tox|[from] psn\n|-damage|p2a: Toxapex|266\/303 brn|[from] brn\n|upkeep\n|turn|104\n|choice|switch 4|move scald\n|\n|-curestatus|p1a: Chansey|tox|[from] ability: Natural Cure\n|switch|p1a: Toxapex|Toxapex, M|303\/303\n|-damage|p1a: Toxapex|266\/303|[from] Stealth Rock\n|move|p2a: Toxapex|Scald|p1a: Toxapex\n|-resisted|p1a: Toxapex\n|-damage|p1a: Toxapex|247\/303\n|\n|-heal|p2a: Toxapex|284\/303 brn|[from] item: Black Sludge\n|-heal|p1a: Toxapex|265\/303|[from] item: Black Sludge\n|-damage|p2a: Toxapex|266\/303 brn|[from] brn\n|upkeep\n|turn|105\n|choice|switch 4|switch 6\n|\n|switch|p2a: Clefable|Clefable, M, shiny|255\/393 tox\n|switch|p1a: Chansey|Chansey, F|574\/703\n|-damage|p1a: Chansey|487\/703|[from] Stealth Rock\n|\n|-heal|p2a: Clefable|279\/393 tox|[from] item: Leftovers\n|upkeep\n|turn|106\n|choice|move seismictoss|move moonblast\n|\n|move|p2a: Clefable|Moonblast|p1a: Chansey\n|-damage|p1a: Chansey|414\/703\n|move|p1a: Chansey|Seismic Toss|p2a: Clefable\n|-damage|p2a: Clefable|179\/393 tox\n|\n|-heal|p2a: Clefable|203\/393 tox|[from] item: Leftovers\n|upkeep\n|turn|107\n|choice|move seismictoss|move toxic\n|\n|move|p2a: Clefable|Toxic|p1a: Chansey\n|-status|p1a: Chansey|tox\n|move|p1a: Chansey|Seismic Toss|p2a: Clefable\n|-damage|p2a: Clefable|103\/393 tox\n|\n|-heal|p2a: Clefable|127\/393 tox|[from] item: Leftovers\n|-damage|p1a: Chansey|371\/703 tox|[from] psn\n|upkeep\n|turn|108\n|choice|move softboiled|switch 6\n|\n|switch|p2a: Toxapex|Toxapex, M, shiny|303\/303 brn\n|-damage|p2a: Toxapex|266\/303 brn|[from] Stealth Rock\n|move|p1a: Chansey|Soft-Boiled|p1a: Chansey\n|-heal|p1a: Chansey|703\/703 tox\n|\n|-heal|p2a: Toxapex|284\/303 brn|[from] item: Black Sludge\n|-damage|p1a: Chansey|617\/703 tox|[from] psn\n|-damage|p2a: Toxapex|266\/303 brn|[from] brn\n|upkeep\n|turn|109\n|j|Solaris Magnus\n|j|garchada anal\n|choice|move seismictoss|move scald\n|\n|move|p1a: Chansey|Seismic Toss|p2a: Toxapex\n|-damage|p2a: Toxapex|166\/303 brn\n|move|p2a: Toxapex|Scald|p1a: Chansey\n|-damage|p1a: Chansey|578\/703 tox\n|\n|-heal|p2a: Toxapex|184\/303 brn|[from] item: Black Sludge\n|-damage|p1a: Chansey|449\/703 tox|[from] psn\n|-damage|p2a: Toxapex|166\/303 brn|[from] brn\n|upkeep\n|turn|110\n|choice|switch 2|move toxicspikes\n|\n|-curestatus|p1a: Chansey|tox|[from] ability: Natural Cure\n|switch|p1a: Magnezone|Magnezone|213\/281\n|-damage|p1a: Magnezone|196\/281|[from] Stealth Rock\n|move|p2a: Toxapex|Toxic Spikes|p1a: Magnezone\n|-sidestart|p1: Q114|move: Toxic Spikes\n|\n|-heal|p2a: Toxapex|184\/303 brn|[from] item: Black Sludge\n|-damage|p2a: Toxapex|166\/303 brn|[from] brn\n|upkeep\n|turn|111\n|choice|move thunderbolt|move recover\n|\n|move|p1a: Magnezone|Thunderbolt|p2a: Toxapex\n|-supereffective|p2a: Toxapex\n|-damage|p2a: Toxapex|0 fnt\n|faint|p2a: Toxapex\n|\n|upkeep\n|choice||switch 5\n|\n|switch|p2a: Lopunny|Lopunny-Mega, M, shiny|105\/273\n|-damage|p2a: Lopunny|88\/273|[from] Stealth Rock\n|turn|112\n|choice|switch 4|move return\n|\n|switch|p1a: Toxapex|Toxapex, M|303\/303\n|-sideend|p1: Q114|move: Toxic Spikes|[of] p1a: Toxapex\n|-damage|p1a: Toxapex|266\/303|[from] Stealth Rock\n|move|p2a: Lopunny|Return|p1a: Toxapex\n|-damage|p1a: Toxapex|169\/303\n|\n|-heal|p1a: Toxapex|187\/303|[from] item: Black Sludge\n|upkeep\n|turn|113\n|choice|move recover|move return\n|\n|move|p2a: Lopunny|Return|p1a: Toxapex\n|-damage|p1a: Toxapex|85\/303\n|move|p1a: Toxapex|Recover|p1a: Toxapex\n|-heal|p1a: Toxapex|237\/303\n|\n|-heal|p1a: Toxapex|255\/303|[from] item: Black Sludge\n|upkeep\n|turn|114\n|choice|move recover|move return\n|\n|move|p2a: Lopunny|Return|p1a: Toxapex\n|-crit|p1a: Toxapex\n|-damage|p1a: Toxapex|113\/303\n|move|p1a: Toxapex|Recover|p1a: Toxapex\n|-heal|p1a: Toxapex|265\/303\n|\n|-heal|p1a: Toxapex|283\/303|[from] item: Black Sludge\n|upkeep\n|turn|115\n|choice|move recover|move return\n|\n|move|p2a: Lopunny|Return|p1a: Toxapex\n|-damage|p1a: Toxapex|174\/303\n|move|p1a: Toxapex|Recover|p1a: Toxapex\n|-heal|p1a: Toxapex|303\/303\n|\n|upkeep\n|turn|116\n|choice|move scald|move return\n|\n|move|p2a: Lopunny|Return|p1a: Toxapex\n|-damage|p1a: Toxapex|194\/303\n|move|p1a: Toxapex|Scald|p2a: Lopunny\n|-damage|p2a: Lopunny|30\/273\n|\n|-heal|p1a: Toxapex|212\/303|[from] item: Black Sludge\n|upkeep\n|turn|117\n|choice|move scald|move return\n|\n|move|p2a: Lopunny|Return|p1a: Toxapex\n|-damage|p1a: Toxapex|103\/303\n|move|p1a: Toxapex|Scald|p2a: Lopunny\n|-damage|p2a: Lopunny|0 fnt\n|faint|p2a: Lopunny\n|\n|-heal|p1a: Toxapex|121\/303|[from] item: Black Sludge\n|upkeep\n|-message|hello and see you forfeited.\n|\n|win|Q114\n|l|hello and see you\n|raw|Q114's rating: 1763 &rarr; <strong>1781<\/strong><br \/>(+18 for winning)\n|raw|hello and see you's rating: 1723 &rarr; <strong>1706<\/strong><br \/>(-17 for losing)\n|l|garchada anal\n|j|55765jhbf\n|l|Solaris Magnus\n|j|fascist phanpy","inputlog":null,"uploadtime":1505878803,"views":29,"p1id":"q114","p2id":"helloandseeyou","formatid":"gen7ou","rating":1706,"private":0,"password":null}