{"id":"gen7ou-795963292","p1":"Bilips1","p2":"Pitaye","format":"gen7ou","log":"|j|\u2606Bilips1\n|j|\u2606Pitaye\n|player|p1|Bilips1|266\n|player|p2|Pitaye|36\n|teamsize|p1|6\n|teamsize|p2|6\n|gametype|singles\n|gen|7\n|tier|[Gen 7] OU\n|rated|\n|rule|Sleep Clause Mod: Limit one foe put to sleep\n|rule|Species Clause: Limit one of each Pok\u00e9mon\n|rule|OHKO Clause: OHKO moves are banned\n|rule|Moody Clause: Moody is banned\n|rule|Evasion Moves Clause: Evasion moves are banned\n|rule|Endless Battle Clause: Forcing endless battles is banned\n|rule|HP Percentage Mod: HP is shown in percentages\n|clearpoke\n|poke|p1|Greninja, M|item\n|poke|p1|Kartana|item\n|poke|p1|Tapu Lele|item\n|poke|p1|Charizard, F|item\n|poke|p1|Landorus-Therian, M|item\n|poke|p1|Rotom-Wash|item\n|poke|p2|Landorus-Therian, M|item\n|poke|p2|Lopunny, F|item\n|poke|p2|Keldeo|item\n|poke|p2|Tapu Bulu|item\n|poke|p2|Tapu Koko|item\n|poke|p2|Heatran, M|item\n|teampreview\n|j| zizizuyhyyrh\n|\n|start\n|switch|p1a: Manny Rivera|Landorus-Therian, M|100\/100\n|switch|p2a: Kakariko|Tapu Koko|100\/100\n|-fieldstart|move: Electric Terrain|[from] ability: Electric Surge|[of] p2a: Kakariko\n|-ability|p1a: Manny Rivera|Intimidate|boost\n|-unboost|p2a: Kakariko|atk|1\n|turn|1\n|l| zizizuyhyyrh\n|\n|switch|p2a: Meow Meow|Landorus-Therian, M|100\/100\n|-ability|p2a: Meow Meow|Intimidate|boost\n|-unboost|p1a: Manny Rivera|atk|1\n|switch|p1a: Stoopid|Rotom-Wash|100\/100\n|\n|upkeep\n|turn|2\n|\n|move|p2a: Meow Meow|Toxic|p1a: Stoopid\n|-status|p1a: Stoopid|tox\n|move|p1a: Stoopid|Will-O-Wisp|p2a: Meow Meow\n|-status|p2a: Meow Meow|brn\n|\n|-damage|p2a: Meow Meow|94\/100 brn|[from] brn\n|-damage|p1a: Stoopid|94\/100 tox|[from] psn\n|upkeep\n|turn|3\n|\n|move|p2a: Meow Meow|Stealth Rock|p1a: Stoopid\n|-sidestart|p1: Bilips1|move: Stealth Rock\n|move|p1a: Stoopid|Hydro Pump|p2a: Meow Meow|[miss]\n|-miss|p1a: Stoopid|p2a: Meow Meow\n|\n|-heal|p2a: Meow Meow|100\/100 brn|[from] item: Leftovers\n|-heal|p1a: Stoopid|100\/100 tox|[from] item: Leftovers\n|-damage|p2a: Meow Meow|94\/100 brn|[from] brn\n|-damage|p1a: Stoopid|88\/100 tox|[from] psn\n|upkeep\n|turn|4\n|\n|switch|p2a: Miu Miu|Lopunny, F|100\/100\n|move|p1a: Stoopid|Defog|p2a: Miu Miu\n|-unboost|p2a: Miu Miu|evasion|1\n|-sideend|p1: Bilips1|Stealth Rock|[from] move: Defog|[of] p1a: Stoopid\n|\n|-heal|p1a: Stoopid|94\/100 tox|[from] item: Leftovers\n|-damage|p1a: Stoopid|75\/100 tox|[from] psn\n|upkeep\n|turn|5\n|\n|switch|p1a: Uraraka|Tapu Lele|100\/100\n|-fieldstart|move: Psychic Terrain|[from] ability: Psychic Surge|[of] p1a: Uraraka\n|detailschange|p2a: Miu Miu|Lopunny-Mega, F\n|-mega|p2a: Miu Miu|Lopunny|Lopunnite\n|move|p2a: Miu Miu|Encore|p1a: Uraraka\n|-fail|p2a: Miu Miu\n|\n|upkeep\n|turn|6\n|\n|switch|p2a: Aub\u00e9pine|Tapu Bulu|100\/100\n|-fieldstart|move: Grassy Terrain|[from] ability: Grassy Surge|[of] p2a: Aub\u00e9pine\n|move|p1a: Uraraka|Psychic|p2a: Aub\u00e9pine\n|-damage|p2a: Aub\u00e9pine|70\/100\n|\n|-heal|p2a: Aub\u00e9pine|76\/100|[from] Grassy Terrain\n|upkeep\n|turn|7\n|\n|switch|p1a: Azula|Charizard, F|100\/100\n|move|p2a: Aub\u00e9pine|Nature's Madness|p1a: Azula\n|-damage|p1a: Azula|51\/100\n|\n|-heal|p2a: Aub\u00e9pine|82\/100|[from] Grassy Terrain\n|upkeep\n|turn|8\n|\n|switch|p2a: Marquise|Keldeo|100\/100\n|detailschange|p1a: Azula|Charizard-Mega-X, F\n|-mega|p1a: Azula|Charizard|Charizardite X\n|move|p1a: Azula|Roost|p1a: Azula\n|-heal|p1a: Azula|100\/100\n|\n|upkeep\n|turn|9\n|\n|move|p2a: Marquise|Hydro Pump|p1a: Azula|[miss]\n|-miss|p2a: Marquise|p1a: Azula\n|move|p1a: Azula|Dragon Dance|p1a: Azula\n|-boost|p1a: Azula|atk|1\n|-boost|p1a: Azula|spe|1\n|\n|upkeep\n|turn|10\n|\n|switch|p2a: Merupi|Heatran, M|100\/100\n|move|p1a: Azula|Dragon Claw|p2a: Merupi\n|-resisted|p2a: Merupi\n|-damage|p2a: Merupi|62\/100\n|\n|-heal|p2a: Merupi|69\/100|[from] item: Leftovers\n|-heal|p2a: Merupi|75\/100|[from] Grassy Terrain\n|-fieldend|move: Grassy Terrain\n|upkeep\n|turn|11\n|\n|switch|p1a: Shikamaru|Greninja, M|100\/100\n|move|p2a: Merupi|Toxic|p1a: Shikamaru\n|-status|p1a: Shikamaru|tox\n|\n|-heal|p2a: Merupi|81\/100|[from] item: Leftovers\n|-damage|p1a: Shikamaru|95\/100 tox|[from] psn\n|upkeep\n|turn|12\n|\n|switch|p2a: Marquise|Keldeo|100\/100\n|move|p1a: Shikamaru|Hydro Pump|p2a: Marquise\n|-resisted|p2a: Marquise\n|-damage|p2a: Marquise|62\/100\n|-damage|p1a: Shikamaru|85\/100 tox|[from] item: Life Orb\n|\n|-damage|p1a: Shikamaru|73\/100 tox|[from] psn\n|upkeep\n|turn|13\n|\n|switch|p1a: Offset|Kartana, shiny|100\/100\n|move|p2a: Marquise|Hydro Pump|p1a: Offset|[miss]\n|-miss|p2a: Marquise|p1a: Offset\n|\n|upkeep\n|turn|14\n|\n|switch|p2a: Meow Meow|Landorus-Therian, M|94\/100 brn\n|-ability|p2a: Meow Meow|Intimidate|boost\n|-unboost|p1a: Offset|atk|1\n|move|p1a: Offset|Leaf Blade|p2a: Meow Meow\n|-damage|p2a: Meow Meow|63\/100 brn\n|\n|-heal|p2a: Meow Meow|69\/100 brn|[from] item: Leftovers\n|-damage|p2a: Meow Meow|63\/100 brn|[from] brn\n|upkeep\n|turn|15\n|\n|switch|p1a: Uraraka|Tapu Lele|100\/100\n|-fieldstart|move: Psychic Terrain|[from] ability: Psychic Surge|[of] p1a: Uraraka\n|switch|p2a: Miu Miu|Lopunny-Mega, F|100\/100\n|\n|upkeep\n|turn|16\n|\n|switch|p2a: Aub\u00e9pine|Tapu Bulu|82\/100\n|-fieldstart|move: Grassy Terrain|[from] ability: Grassy Surge|[of] p2a: Aub\u00e9pine\n|move|p1a: Uraraka|Calm Mind|p1a: Uraraka\n|-boost|p1a: Uraraka|spa|1\n|-boost|p1a: Uraraka|spd|1\n|\n|-heal|p2a: Aub\u00e9pine|88\/100|[from] Grassy Terrain\n|upkeep\n|turn|17\n|\n|move|p1a: Uraraka|Moonblast|p2a: Aub\u00e9pine\n|-damage|p2a: Aub\u00e9pine|39\/100\n|move|p2a: Aub\u00e9pine|Wood Hammer|p1a: Uraraka\n|-damage|p1a: Uraraka|0\n|-damage|p2a: Aub\u00e9pine|5\/100|[from] Recoil\n|faint|p1a: Uraraka\n|\n|-heal|p2a: Aub\u00e9pine|12\/100|[from] Grassy Terrain\n|upkeep\n|c|\u2606Bilips1|that did a lot\n|\n|switch|p1a: Offset|Kartana, shiny|100\/100\n|turn|18\n|c|\u2606Pitaye|yeah\n|\n|move|p1a: Offset|Leaf Blade|p2a: Aub\u00e9pine\n|-resisted|p2a: Aub\u00e9pine\n|-crit|p2a: Aub\u00e9pine\n|-damage|p2a: Aub\u00e9pine|0\n|faint|p2a: Aub\u00e9pine\n|-ability|p1a: Offset|Beast Boost|boost\n|-boost|p1a: Offset|atk|1\n|\n|upkeep\n|\n|switch|p2a: Merupi|Heatran, M|81\/100\n|turn|19\n|c|\u2606Bilips1|crit mattared\n|c|\u2606Pitaye|:)))\n|\n|switch|p1a: Manny Rivera|Landorus-Therian, M|100\/100\n|-ability|p1a: Manny Rivera|Intimidate|boost\n|-unboost|p2a: Merupi|atk|1\n|move|p2a: Merupi|Magma Storm|p1a: Manny Rivera\n|-damage|p1a: Manny Rivera|53\/100\n|-activate|p1a: Manny Rivera|move: Magma Storm|[of] p2a: Merupi\n|\n|-heal|p2a: Merupi|87\/100|[from] item: Leftovers\n|-heal|p2a: Merupi|94\/100|[from] Grassy Terrain\n|-heal|p1a: Manny Rivera|59\/100|[from] item: Leftovers\n|-damage|p1a: Manny Rivera|47\/100|[from] move: Magma Storm|[partiallytrapped]\n|upkeep\n|turn|20\n|\n|move|p2a: Merupi|Magma Storm|p1a: Manny Rivera|[miss]\n|-miss|p2a: Merupi|p1a: Manny Rivera\n|move|p1a: Manny Rivera|Earthquake|p2a: Merupi\n|-supereffective|p2a: Merupi\n|-damage|p2a: Merupi|0\n|faint|p2a: Merupi\n|\n|-heal|p1a: Manny Rivera|53\/100|[from] item: Leftovers\n|-fieldend|move: Grassy Terrain\n|upkeep\n|\n|switch|p2a: Kakariko|Tapu Koko|100\/100\n|-fieldstart|move: Electric Terrain|[from] ability: Electric Surge|[of] p2a: Kakariko\n|turn|21\n|\n|move|p2a: Kakariko|Hidden Power|p1a: Manny Rivera\n|-supereffective|p1a: Manny Rivera\n|-damage|p1a: Manny Rivera|1\/100\n|move|p1a: Manny Rivera|Stealth Rock|p2a: Kakariko\n|-sidestart|p2: Pitaye|move: Stealth Rock\n|\n|-heal|p1a: Manny Rivera|7\/100|[from] item: Leftovers\n|upkeep\n|turn|22\n|\n|move|p2a: Kakariko|Hidden Power|p1a: Manny Rivera\n|-supereffective|p1a: Manny Rivera\n|-damage|p1a: Manny Rivera|0\n|faint|p1a: Manny Rivera\n|\n|upkeep\n|\n|switch|p1a: Offset|Kartana, shiny|100\/100\n|turn|23\n|\n|switch|p2a: Meow Meow|Landorus-Therian, M|63\/100 brn\n|-damage|p2a: Meow Meow|51\/100 brn|[from] Stealth Rock\n|-ability|p2a: Meow Meow|Intimidate|boost\n|-unboost|p1a: Offset|atk|1\n|move|p1a: Offset|Leaf Blade|p2a: Meow Meow\n|-damage|p2a: Meow Meow|21\/100 brn\n|\n|-heal|p2a: Meow Meow|27\/100 brn|[from] item: Leftovers\n|-damage|p2a: Meow Meow|21\/100 brn|[from] brn\n|upkeep\n|turn|24\n|\n|switch|p2a: Miu Miu|Lopunny-Mega, F|100\/100\n|-damage|p2a: Miu Miu|95\/100|[from] Stealth Rock\n|move|p1a: Offset|Leaf Blade|p2a: Miu Miu\n|-damage|p2a: Miu Miu|36\/100\n|\n|upkeep\n|turn|25\n|\n|switch|p2a: Meow Meow|Landorus-Therian, M|21\/100 brn\n|-damage|p2a: Meow Meow|9\/100 brn|[from] Stealth Rock\n|-ability|p2a: Meow Meow|Intimidate|boost\n|-unboost|p1a: Offset|atk|1\n|move|p1a: Offset|Leaf Blade|p2a: Meow Meow\n|-damage|p2a: Meow Meow|0 brn\n|faint|p2a: Meow Meow\n|-ability|p1a: Offset|Beast Boost|boost\n|-boost|p1a: Offset|atk|1\n|\n|-fieldend|move: Electric Terrain\n|upkeep\n|\n|switch|p2a: Kakariko|Tapu Koko|100\/100\n|-damage|p2a: Kakariko|88\/100|[from] Stealth Rock\n|-fieldstart|move: Electric Terrain|[from] ability: Electric Surge|[of] p2a: Kakariko\n|turn|26\n|\n|move|p1a: Offset|Leaf Blade|p2a: Kakariko\n|-crit|p2a: Kakariko\n|-damage|p2a: Kakariko|0\n|faint|p2a: Kakariko\n|-ability|p1a: Offset|Beast Boost|boost\n|-boost|p1a: Offset|atk|1\n|\n|upkeep\n|c|\u2606Pitaye|gg\n|-message|Pitaye forfeited.\n|\n|win|Bilips1\n|c|\u2606Bilips1|gg\n|l|\u2606Pitaye\n|raw|Bilips1's rating: 1320 &rarr; <strong>1341<\/strong><br \/>(+21 for winning)\n|raw|Pitaye's rating: 1334 &rarr; <strong>1313<\/strong><br \/>(-21 for losing)\n","uploadtime":1535263129,"views":5,"p1id":"bilips1","p2id":"pitaye","formatid":"gen7ou","rating":1313,"private":0,"password":null}