{"id":"gen7ou-539798999","p1":"Candice","p2":"Ridaz","format":"gen7ou","log":"|j|Candice\n|j|Ridaz\n|player|p1|Candice|36\n|player|p2|Ridaz|#ridaz\n|gametype|singles\n|gen|7\n|tier|[Gen 7] OU\n|rated\n|seed|30562,44023,15735,61997\n|clearpoke\n|poke|p1|Landorus-Therian, M|item\n|poke|p1|Scizor, M|item\n|poke|p1|Tapu Fini|item\n|poke|p1|Garchomp, F|item\n|poke|p1|Serperior, F|item\n|poke|p1|Magearna|item\n|poke|p2|Tapu Koko|item\n|poke|p2|Celesteela|item\n|poke|p2|Pheromosa|item\n|poke|p2|Tapu Lele|item\n|poke|p2|Greninja, F|item\n|poke|p2|Garchomp, F|item\n|rule|Baton Pass Clause: Limit one Baton Passer, can't pass Spe and other stats simultaneously\n|rule|Sleep Clause Mod: Limit one foe put to sleep\n|rule|Species Clause: Limit one of each Pok\u00e9mon\n|rule|OHKO Clause: OHKO moves are banned\n|rule|Moody Clause: Moody is banned\n|rule|Evasion Moves Clause: Evasion moves are banned\n|rule|Endless Battle Clause: Forcing endless battles is banned\n|rule|HP Percentage Mod: HP is shown in percentages\n|teampreview\n|j|Zzzz6\n|j|Piamette\n|j|Textguy\n|j|annie\n|j|SmogonFag\n|c| annie|checked\n|c| annie|nice digits\n|l|SmogonFag\n|j|Frysinger\n|j|MOM'S SPAGHETTI\n|c|+MOM'S SPAGHETTI|almost quints\n|c|+MOM'S SPAGHETTI|tfw\n|c|+Frysinger|Ridaz will lose to the CT\n|choice|team 3, team 2, team 1, team 4, team 5, team 6|team 5, team 2, team 3, team 4, team 1, team 6\n|\n|start\n|switch|p1a: Tapu Fini|Tapu Fini|343\/343\n|switch|p2a: Greninja|Greninja, F|285\/285\n|-fieldstart|move: Misty Terrain|[from] ability: Misty Surge|[of] p1a: Tapu Fini\n|turn|1\n|choice|switch 6|move gunkshot\n|\n|switch|p1a: Magearna|Magearna|364\/364\n|move|p2a: Greninja|Gunk Shot|p1a: Magearna\n|-start|p2a: Greninja|typechange|Poison|[from] Protean\n|-immune|p1a: Magearna|[msg]\n|\n|upkeep\n|turn|2\n|c|+MOM'S SPAGHETTI|dinked with ease\n|choice|switch 3|move hiddenpower\n|\n|switch|p1a: Landorus|Landorus-Therian, M|319\/319\n|-ability|p1a: Landorus|Intimidate|boost\n|-unboost|p2a: Greninja|atk|1\n|move|p2a: Greninja|Hidden Power|p1a: Landorus\n|-start|p2a: Greninja|typechange|Fire|[from] Protean\n|-damage|p1a: Landorus|194\/319\n|-damage|p2a: Greninja|257\/285|[from] item: Life Orb\n|\n|upkeep\n|turn|3\n|c|+Frysinger|Played\n|choice|switch 3|switch 2\n|\n|switch|p2a: Celesteela|Celesteela|335\/335\n|switch|p1a: Magearna|Magearna|364\/364\n|\n|upkeep\n|turn|4\n|c|+Frysinger|How\n|choice|switch 6|move autotomize\n|\n|switch|p1a: Tapu Fini|Tapu Fini|343\/343\n|move|p2a: Celesteela|Autotomize|p2a: Celesteela\n|-boost|p2a: Celesteela|spe|2\n|-start|p2a: Celesteela|Autotomize\n|\n|upkeep\n|turn|5\n|choice|switch 6|move heavyslam\n|\n|switch|p1a: Magearna|Magearna|364\/364\n|move|p2a: Celesteela|Heavy Slam|p1a: Magearna\n|-damage|p1a: Magearna|180\/364\n|\n|-fieldend|Misty Terrain\n|upkeep\n|turn|6\n|c|+MOM'S SPAGHETTI|nice switch tbh\n|choice|switch 4|move earthquake\n|\n|switch|p1a: Garchomp|Garchomp, F|357\/357\n|move|p2a: Celesteela|Earthquake|p1a: Garchomp\n|-damage|p1a: Garchomp|241\/357\n|\n|upkeep\n|turn|7\n|j|that ivy guy\n|c| Piamette|I get it\n|c| annie|this is the most mindgames of history\n|c| that ivy guy|space rocket waifu automato\n|l|Frysinger\n|c| Piamette|his entire team has AV and no attacking moves\n|c|+MOM'S SPAGHETTI|just keep switching man\n|choice|switch 3|move earthquake\n|\n|switch|p1a: Landorus|Landorus-Therian, M|194\/319\n|-ability|p1a: Landorus|Intimidate|boost\n|-unboost|p2a: Celesteela|atk|1\n|move|p2a: Celesteela|Earthquake|p1a: Landorus\n|-immune|p1a: Landorus|[msg]\n|\n|upkeep\n|turn|8\n|c| Piamette|JUST\n|c| Piamette|SWAP\n|c|+MOM'S SPAGHETTI|madman\n|c| Piamette|MY\n|c| Piamette|DUDE\n|j|Peachy Energy\n|j|Frysinger\n|choice|move stoneedge zmove|move heavyslam\n|\n|move|p2a: Celesteela|Heavy Slam|p1a: Landorus\n|-damage|p1a: Landorus|47\/319\n|-zpower|p1a: Landorus\n|move|p1a: Landorus|Continental Crush|p2a: Celesteela|[zeffect]\n|-damage|p2a: Celesteela|84\/335\n|\n|upkeep\n|turn|9\n|c| annie|just keep switching and you'll win dude\n|c| annie|nice\n|c| Piamette|wow that did zero\n|choice|switch 6|move fireblast\n|\n|switch|p1a: Tapu Fini|Tapu Fini|343\/343\n|-fieldstart|move: Misty Terrain|[from] ability: Misty Surge|[of] p1a: Tapu Fini\n|move|p2a: Celesteela|Fire Blast|p1a: Tapu Fini\n|-resisted|p1a: Tapu Fini\n|-damage|p1a: Tapu Fini|316\/343\n|\n|-heal|p1a: Tapu Fini|337\/343|[from] item: Leftovers\n|upkeep\n|turn|10\n|c|+MOM'S SPAGHETTI|:thinking:\n|choice|move moonblast|switch 2\n|\n|switch|p2a: Greninja|Greninja, F|257\/285\n|move|p1a: Tapu Fini|Moonblast|p2a: Greninja\n|-supereffective|p2a: Greninja\n|-damage|p2a: Greninja|0 fnt\n|faint|p2a: Greninja\n|\n|-heal|p1a: Tapu Fini|343\/343|[from] item: Leftovers\n|upkeep\n|c| that ivy guy|wew\n|c| that ivy guy|dinked with ease\n|j|Fynch\n|choice||switch 4\n|\n|switch|p2a: Tapu Lele|Tapu Lele|281\/281\n|-fieldstart|move: Psychic Terrain|[from] ability: Psychic Surge|[of] p2a: Tapu Lele\n|turn|11\n|choice|move naturesmadness|move calmmind\n|\n|move|p2a: Tapu Lele|Calm Mind|p2a: Tapu Lele\n|-boost|p2a: Tapu Lele|spa|1\n|-boost|p2a: Tapu Lele|spd|1\n|move|p1a: Tapu Fini|Nature's Madness|p2a: Tapu Lele\n|-damage|p2a: Tapu Lele|141\/281\n|\n|upkeep\n|turn|12\n|choice|switch 6|move psyshock\n|\n|switch|p1a: Landorus|Landorus-Therian, M|47\/319\n|-ability|p1a: Landorus|Intimidate|boost\n|-unboost|p2a: Tapu Lele|atk|1\n|move|p2a: Tapu Lele|Psyshock|p1a: Landorus\n|-damage|p1a: Landorus|0 fnt\n|faint|p1a: Landorus\n|\n|upkeep\n|c| annie|m-muh attack\n|choice|switch 6|\n|\n|switch|p1a: Tapu Fini|Tapu Fini|343\/343\n|-fieldstart|move: Misty Terrain|[from] ability: Misty Surge|[of] p1a: Tapu Fini\n|turn|13\n|choice|switch 2|move psyshock\n|\n|switch|p1a: Scizor|Scizor, M|343\/343\n|move|p2a: Tapu Lele|Psyshock|p1a: Scizor\n|-resisted|p1a: Scizor\n|-damage|p1a: Scizor|258\/343\n|\n|upkeep\n|turn|14\n|c| that ivy guy|this is madness...!\n|choice|move uturn mega|move hiddenpower\n|\n|detailschange|p1a: Scizor|Scizor-Mega, M\n|-mega|p1a: Scizor|Scizor|Scizorite\n|move|p2a: Tapu Lele|Hidden Power|p1a: Scizor\n|-supereffective|p1a: Scizor\n|-damage|p1a: Scizor|0 fnt\n|faint|p1a: Scizor\n|\n|upkeep\n|c| that ivy guy|no. this... is... nature!!!!!!!!!!!!!!!\n|c| that ivy guy|XD\n|c| Peachy Energy|?_?\n|c|\u2606Candice|oh damn\n|c| annie|good burrito\n|c|+MOM'S SPAGHETTI|damn ridaz\n|c| that ivy guy|lol\n|c|\u2606Candice|I thought you'd switch\n|c|\u2606Candice|well\n|c|+MOM'S SPAGHETTI|that was ballsy\n|c|\u2606Candice|gg\n|choice|switch 3|\n|\n|switch|p1a: Garchomp|Garchomp, F|241\/357\n|turn|15\n|c| annie|why would he switch?????????????????????\n|choice|move stoneedge|move moonblast\n|\n|move|p1a: Garchomp|Stone Edge|p2a: Tapu Lele\n|-damage|p2a: Tapu Lele|0 fnt\n|faint|p2a: Tapu Lele\n|\n|upkeep\n|c|\u2606Candice|BP\n|c| that ivy guy|food truck\n|c| that ivy guy|express burritos\n|c| annie|[[what is psychic terrain?]]\n|c| that ivy guy|...\n|c|\u2606Candice|No\n|c|+MOM'S SPAGHETTI|it's misty terrain\n|c| that ivy guy|misty terrain is up my friendo\n|j|XxxPAMxxX\n|c|+MOM'S SPAGHETTI|you guys are retarded\n|c|\u2606Candice|I switched terrain\n|c| annie|oh\n|c|+Frysinger|Lmao\n|c| XxxPAMxxX|CANDICE\n|c| annie|my b\n|c| that ivy guy|teh anti tapu\n|c| XxxPAMxxX|Tbo\n|c|+MOM'S SPAGHETTI|staying in was literally just ridaz not understanding the situation\n|c|+MOM'S SPAGHETTI|kek\n|c| annie|i'm a cornball ignore me\n|c| that ivy guy|grab 1\n|c| Fynch|kek\n|c|+MOM'S SPAGHETTI|just kidding he fucking outplayed you\n|choice||switch 6\n|\n|switch|p2a: Garchomp|Garchomp, F|357\/357\n|turn|16\n|c| that ivy guy|never doubt the power of a fucker with a custom avatar.\n|choice|switch 5|move swordsdance\n|\n|switch|p1a: Serperior|Serperior, F|305\/305\n|move|p2a: Garchomp|Swords Dance|p2a: Garchomp\n|-boost|p2a: Garchomp|atk|2\n|\n|upkeep\n|turn|17\n|j|Zxphyyyr\n|choice|move leafstorm|move outrage\n|\n|move|p1a: Serperior|Leaf Storm|p2a: Garchomp\n|-damage|p2a: Garchomp|189\/357\n|-boost|p1a: Serperior|spa|2\n|move|p2a: Garchomp|Outrage|p1a: Serperior\n|-crit|p1a: Serperior\n|-damage|p1a: Serperior|0 fnt\n|faint|p1a: Serperior\n|\n|-fieldend|Misty Terrain\n|upkeep\n|j|Xyiavez2\n|c|+Frysinger|Easy\n|c| that ivy guy|ok mage time\n|choice|switch 5|\n|\n|switch|p1a: Garchomp|Garchomp, F|241\/357\n|turn|18\n|c|\u2606Candice|yeah it's over\n|c| that ivy guy|ok\n|c|+Frysinger|??\n|c| Piamette|uhh meme\n|c| that ivy guy|where is the automaton\n|c| that ivy guy|?\n|choice|move dragonclaw|move outrage\n|\n|move|p1a: Garchomp|Dragon Claw|p2a: Garchomp\n|-supereffective|p2a: Garchomp\n|-crit|p2a: Garchomp\n|-damage|p2a: Garchomp|0 fnt\n|-damage|p1a: Garchomp|197\/357|[from] ability: Rough Skin|[of] p2a: Garchomp\n|faint|p2a: Garchomp\n|\n|upkeep\n|c| that ivy guy|oh lol\n|choice||switch 2\n|\n|switch|p2a: Celesteela|Celesteela|84\/335\n|turn|19\n|choice|move dragonclaw|move autotomize\n|\n|move|p1a: Garchomp|Dragon Claw|p2a: Celesteela\n|-resisted|p2a: Celesteela\n|-crit|p2a: Celesteela\n|-damage|p2a: Celesteela|0 fnt\n|faint|p2a: Celesteela\n|\n|upkeep\n|c|\u2606Candice|oh\n|c|\u2606Candice|sorry\n|choice||switch 5\n|\n|switch|p2a: Tapu Koko|Tapu Koko|281\/281\n|-fieldstart|move: Electric Terrain|[from] ability: Electric Surge|[of] p2a: Tapu Koko\n|turn|20\n|c| that ivy guy|classic scarfchomp\n|choice|switch 4|move thunderbolt\n|\n|switch|p1a: Magearna|Magearna|180\/364\n|move|p2a: Tapu Koko|Thunderbolt|p1a: Magearna\n|-damage|p1a: Magearna|0 fnt\n|-damage|p2a: Tapu Koko|253\/281|[from] item: Life Orb\n|faint|p1a: Magearna\n|\n|upkeep\n|choice|switch 4|\n|\n|switch|p1a: Garchomp|Garchomp, F|197\/357\n|turn|21\n|c| that ivy guy|zapp\n|choice|move earthquake|move hiddenpower\n|\n|move|p1a: Garchomp|Earthquake|p2a: Tapu Koko\n|-supereffective|p2a: Tapu Koko\n|-damage|p2a: Tapu Koko|0 fnt\n|faint|p2a: Tapu Koko\n|\n|upkeep\n|choice||switch 3\n|\n|switch|p2a: Pheromosa|Pheromosa|283\/283\n|turn|22\n|c| that ivy guy|whew\n|choice|move earthquake|move highjumpkick\n|\n|move|p2a: Pheromosa|High Jump Kick|p1a: Garchomp\n|-damage|p1a: Garchomp|0 fnt\n|-damage|p2a: Pheromosa|248\/283|[from] ability: Rough Skin|[of] p1a: Garchomp\n|faint|p1a: Garchomp\n|-ability|p2a: Pheromosa|Beast Boost|boost\n|-boost|p2a: Pheromosa|atk|1\n|\n|upkeep\n|choice|switch 2|\n|\n|switch|p1a: Tapu Fini|Tapu Fini|343\/343\n|-fieldstart|move: Misty Terrain|[from] ability: Misty Surge|[of] p1a: Tapu Fini\n|turn|23\n|c| that ivy guy|this is it luigi\n|c|\u2606Candice|gg !\n|c|\u2606Candice|close one\n|choice|move moonblast|move highjumpkick\n|\n|move|p2a: Pheromosa|High Jump Kick|p1a: Tapu Fini\n|-resisted|p1a: Tapu Fini\n|-damage|p1a: Tapu Fini|199\/343\n|move|p1a: Tapu Fini|Moonblast|p2a: Pheromosa\n|-supereffective|p2a: Pheromosa\n|-damage|p2a: Pheromosa|0 fnt\n|faint|p2a: Pheromosa\n|\n|win|Candice\n|player|p1\n|player|p2\n|c| that ivy guy|rip\n|l|Ridaz\n|l|MOM'S SPAGHETTI\n|l|Zxphyyyr\n|raw|Candice's rating: 1413 &rarr; <strong>1428<\/strong><br \/>(+15 for winning)\n|raw|Ridaz's rating: 1335 &rarr; <strong>1319<\/strong><br \/>(-16 for losing)\n|l|Textguy\n|l|Fynch\n|l|Peachy Energy\n|l|Piamette\n|l|annie\n|l|that ivy guy\n|j|Chirac\n|l|Chirac\n|l|XxxPAMxxX\n|l|Xyiavez2","inputlog":null,"uploadtime":1488214600,"views":4,"p1id":"candice","p2id":"ridaz","formatid":"gen7ou","rating":1319,"private":0,"password":null}