{"id":"gen7ou-951269365","p1":"JoJo321","p2":"LT62HG Aqua","format":"gen7ou","log":"|j|\u2606JoJo321\n|j|\u2606LT62HG Aqua\n|player|p1|JoJo321|2|1893\n|player|p2|LT62HG Aqua|43|1842\n|teamsize|p1|6\n|teamsize|p2|6\n|gametype|singles\n|gen|7\n|tier|[Gen 7] OU\n|rated|\n|rule|Sleep Clause Mod: Limit one foe put to sleep\n|rule|Species Clause: Limit one of each Pok\u00e9mon\n|rule|OHKO Clause: OHKO moves are banned\n|rule|Moody Clause: Moody is banned\n|rule|Evasion Moves Clause: Evasion moves are banned\n|rule|Endless Battle Clause: Forcing endless battles is banned\n|rule|HP Percentage Mod: HP is shown in percentages\n|clearpoke\n|poke|p1|Pelipper, F|item\n|poke|p1|Greninja, M|item\n|poke|p1|Swampert, M|item\n|poke|p1|Manaphy|item\n|poke|p1|Ferrothorn, F|item\n|poke|p1|Tornadus-Therian, M|item\n|poke|p2|Mawile, F|item\n|poke|p2|Rotom-Wash|item\n|poke|p2|Heatran, M|item\n|poke|p2|Landorus-Therian, M|item\n|poke|p2|Tapu Bulu|item\n|poke|p2|Kartana|item\n|teampreview\n|j| amg\n|\n|start\n|switch|p1a: Pelipper|Pelipper, F|100\/100\n|switch|p2a: Rotom|Rotom-Wash|100\/100\n|-weather|RainDance|[from] ability: Drizzle|[of] p1a: Pelipper\n|turn|1\n|inactive|Battle timer is ON: inactive players will automatically lose when time's up. (requested by JoJo321)\n|\n|switch|p1a: Ferrothorn|Ferrothorn, F|100\/100\n|move|p2a: Rotom|Volt Switch|p1a: Ferrothorn\n|-resisted|p1a: Ferrothorn\n|-damage|p1a: Ferrothorn|91\/100\n|\n|switch|p2a: Mawile|Mawile, F|100\/100|[from]move: Volt Switch\n|-ability|p2a: Mawile|Intimidate|boost\n|-unboost|p1a: Ferrothorn|atk|1\n|\n|-weather|RainDance|[upkeep]\n|upkeep\n|turn|2\n|\n|switch|p1a: Manaphy|Manaphy|100\/100\n|detailschange|p2a: Mawile|Mawile-Mega, F\n|-mega|p2a: Mawile|Mawile|Mawilite\n|move|p2a: Mawile|Knock Off|p1a: Manaphy\n|-damage|p1a: Manaphy|55\/100\n|\n|-weather|RainDance|[upkeep]\n|upkeep\n|turn|3\n|\n|switch|p2a: Rotom|Rotom-Wash|100\/100\n|-zpower|p1a: Manaphy\n|move|p1a: Manaphy|Hydro Vortex|p2a: Rotom|[zeffect]\n|-resisted|p2a: Rotom\n|-damage|p2a: Rotom|51\/100\n|\n|-weather|RainDance|[upkeep]\n|upkeep\n|turn|4\n|\n|move|p1a: Manaphy|Surf|p2a: Rotom\n|-resisted|p2a: Rotom\n|-damage|p2a: Rotom|25\/100\n|-enditem|p2a: Rotom|Wiki Berry|[eat]\n|-heal|p2a: Rotom|75\/100|[from] item: Wiki Berry\n|move|p2a: Rotom|Volt Switch|p1a: Manaphy\n|-supereffective|p1a: Manaphy\n|-damage|p1a: Manaphy|2\/100\n|\n|switch|p2a: Landorus|Landorus-Therian, M|100\/100|[from]move: Volt Switch\n|-ability|p2a: Landorus|Intimidate|boost\n|-unboost|p1a: Manaphy|atk|1\n|\n|-weather|RainDance|[upkeep]\n|upkeep\n|turn|5\n|\n|switch|p1a: Tornadus|Tornadus-Therian, M|100\/100\n|move|p2a: Landorus|U-turn|p1a: Tornadus\n|-resisted|p1a: Tornadus\n|-damage|p1a: Tornadus|88\/100\n|-damage|p2a: Landorus|84\/100|[from] item: Rocky Helmet|[of] p1a: Tornadus\n|\n|switch|p2a: Mawile|Mawile-Mega, F|100\/100|[from]move: U-turn\n|\n|-weather|RainDance|[upkeep]\n|upkeep\n|turn|6\n|\n|move|p1a: Tornadus|Taunt|p2a: Mawile\n|-start|p2a: Mawile|move: Taunt\n|move|p2a: Mawile|Play Rough|p1a: Tornadus\n|-damage|p1a: Tornadus|0 fnt\n|-damage|p2a: Mawile|84\/100|[from] item: Rocky Helmet|[of] p1a: Tornadus\n|faint|p1a: Tornadus\n|\n|-weather|RainDance|[upkeep]\n|upkeep\n|j| RevivalMaya\n|\n|switch|p1a: Swampert|Swampert, M|100\/100\n|turn|7\n|j| AL76\n|\n|switch|p2a: Rotom|Rotom-Wash|75\/100\n|detailschange|p1a: Swampert|Swampert-Mega, M\n|-mega|p1a: Swampert|Swampert|Swampertite\n|move|p1a: Swampert|Waterfall|p2a: Rotom\n|-resisted|p2a: Rotom\n|-damage|p2a: Rotom|35\/100\n|\n|-weather|RainDance|[upkeep]\n|upkeep\n|turn|8\n|\n|move|p1a: Swampert|Waterfall|p2a: Rotom\n|-resisted|p2a: Rotom\n|-damage|p2a: Rotom|0 fnt\n|faint|p2a: Rotom\n|\n|-weather|none\n|upkeep\n|j| sssssgridman\n|\n|switch|p2a: Kartana|Kartana|100\/100\n|turn|9\n|j| Dickooooo\n|\n|switch|p1a: Pelipper|Pelipper, F|100\/100\n|-weather|RainDance|[from] ability: Drizzle|[of] p1a: Pelipper\n|move|p2a: Kartana|Swords Dance|p2a: Kartana\n|-boost|p2a: Kartana|atk|2\n|\n|-weather|RainDance|[upkeep]\n|upkeep\n|turn|10\n|\n|move|p2a: Kartana|Leaf Blade|p1a: Pelipper\n|-damage|p1a: Pelipper|0 fnt\n|faint|p1a: Pelipper\n|-ability|p2a: Kartana|Beast Boost|boost\n|-boost|p2a: Kartana|atk|1\n|\n|-weather|RainDance|[upkeep]\n|upkeep\n|j| P\u51f5\u5c3aIF\u4e2b\u32db\n|\n|switch|p1a: Greninja|Greninja, M|100\/100\n|turn|11\n|j| nono191\n|\n|switch|p2a: Tapu Bulu|Tapu Bulu|100\/100\n|-fieldstart|move: Grassy Terrain|[from] ability: Grassy Surge|[of] p2a: Tapu Bulu\n|move|p1a: Greninja|Hydro Pump|p2a: Tapu Bulu\n|-resisted|p2a: Tapu Bulu\n|-damage|p2a: Tapu Bulu|45\/100\n|\n|-weather|RainDance|[upkeep]\n|-heal|p2a: Tapu Bulu|51\/100|[from] Grassy Terrain\n|upkeep\n|turn|12\n|j| Ben Shapedo\n|l| AL76\n|j| ToxaChoke\n|l| ToxaChoke\n|j| shadowfiend9719\n|\n|switch|p2a: Heatran|Heatran, M|100\/100\n|move|p1a: Greninja|Hydro Pump|p2a: Heatran|[miss]\n|-miss|p1a: Greninja|p2a: Heatran\n|\n|-weather|RainDance|[upkeep]\n|upkeep\n|turn|13\n|\n|move|p1a: Greninja|Hydro Pump|p2a: Heatran\n|-supereffective|p2a: Heatran\n|-damage|p2a: Heatran|0 fnt\n|faint|p2a: Heatran\n|-activate|p1a: Greninja|ability: Battle Bond\n|detailschange|p1a: Greninja|Greninja-Ash, M\n|\n|-weather|RainDance|[upkeep]\n|upkeep\n|\n|switch|p2a: Landorus|Landorus-Therian, M|84\/100\n|-ability|p2a: Landorus|Intimidate|boost\n|-unboost|p1a: Greninja|atk|1\n|turn|14\n|\n|move|p2a: Landorus|U-turn|p1a: Greninja\n|-supereffective|p1a: Greninja\n|-damage|p1a: Greninja|10\/100\n|\n|switch|p2a: Mawile|Mawile-Mega, F|84\/100|[from]move: U-turn\n|move|p1a: Greninja|Hydro Pump|p2a: Mawile|[miss]\n|-miss|p1a: Greninja|p2a: Mawile\n|\n|-weather|RainDance|[upkeep]\n|-heal|p1a: Greninja|16\/100|[from] Grassy Terrain\n|-heal|p2a: Mawile|90\/100|[from] Grassy Terrain\n|upkeep\n|turn|15\n|\n|switch|p1a: Swampert|Swampert-Mega, M|100\/100\n|move|p2a: Mawile|Sucker Punch||[still]\n|-fail|p2a: Mawile\n|\n|-weather|RainDance|[upkeep]\n|-heal|p2a: Mawile|96\/100|[from] Grassy Terrain\n|-fieldend|move: Grassy Terrain\n|upkeep\n|turn|16\n|j| Annie Bunny\n|\n|move|p2a: Mawile|Sucker Punch|p1a: Swampert\n|-damage|p1a: Swampert|59\/100\n|move|p1a: Swampert|Waterfall|p2a: Mawile\n|-damage|p2a: Mawile|19\/100\n|\n|-weather|none\n|upkeep\n|turn|17\n|\n|move|p2a: Mawile|Sucker Punch|p1a: Swampert\n|-damage|p1a: Swampert|18\/100\n|move|p1a: Swampert|Earthquake|p2a: Mawile\n|-supereffective|p2a: Mawile\n|-damage|p2a: Mawile|0 fnt\n|faint|p2a: Mawile\n|\n|upkeep\n|\n|switch|p2a: Kartana|Kartana|100\/100\n|turn|18\n|\n|switch|p1a: Manaphy|Manaphy|2\/100\n|-zpower|p2a: Kartana\n|move|p2a: Kartana|All-Out Pummeling|p1a: Manaphy|[zeffect]\n|-damage|p1a: Manaphy|0 fnt\n|faint|p1a: Manaphy\n|-ability|p2a: Kartana|Beast Boost|boost\n|-boost|p2a: Kartana|atk|1\n|\n|upkeep\n|\n|switch|p1a: Greninja|Greninja-Ash, M|16\/100\n|turn|19\n|\n|move|p1a: Greninja|Dark Pulse|p2a: Kartana\n|-damage|p2a: Kartana|0 fnt\n|faint|p2a: Kartana\n|\n|upkeep\n|\n|switch|p2a: Landorus|Landorus-Therian, M|84\/100\n|-ability|p2a: Landorus|Intimidate|boost\n|-unboost|p1a: Greninja|atk|1\n|turn|20\n|\n|switch|p1a: Swampert|Swampert-Mega, M|18\/100\n|move|p2a: Landorus|Earthquake|p1a: Swampert\n|-crit|p1a: Swampert\n|-damage|p1a: Swampert|0 fnt\n|faint|p1a: Swampert\n|\n|upkeep\n|\n|switch|p1a: Greninja|Greninja-Ash, M|16\/100\n|turn|21\n|\n|move|p1a: Greninja|Water Shuriken|p2a: Landorus\n|-supereffective|p2a: Landorus\n|-damage|p2a: Landorus|32\/100\n|-supereffective|p2a: Landorus\n|-damage|p2a: Landorus|0 fnt\n|-hitcount|p2a: Landorus|2\n|faint|p2a: Landorus\n|\n|upkeep\n|\n|switch|p2a: Tapu Bulu|Tapu Bulu|51\/100\n|-fieldstart|move: Grassy Terrain|[from] ability: Grassy Surge|[of] p2a: Tapu Bulu\n|turn|22\n|j| bear26\n|\n|move|p1a: Greninja|Water Shuriken|p2a: Tapu Bulu\n|-resisted|p2a: Tapu Bulu\n|-damage|p2a: Tapu Bulu|41\/100\n|-resisted|p2a: Tapu Bulu\n|-damage|p2a: Tapu Bulu|31\/100\n|-resisted|p2a: Tapu Bulu\n|-damage|p2a: Tapu Bulu|22\/100\n|-hitcount|p2a: Tapu Bulu|3\n|move|p2a: Tapu Bulu|Superpower|p1a: Greninja\n|-supereffective|p1a: Greninja\n|-damage|p1a: Greninja|0 fnt\n|-unboost|p2a: Tapu Bulu|atk|1\n|-unboost|p2a: Tapu Bulu|def|1\n|faint|p1a: Greninja\n|\n|-heal|p2a: Tapu Bulu|28\/100|[from] Grassy Terrain\n|upkeep\n|\n|switch|p1a: Ferrothorn|Ferrothorn, F|91\/100\n|turn|23\n|\n|move|p2a: Tapu Bulu|Superpower|p1a: Ferrothorn\n|-supereffective|p1a: Ferrothorn\n|-enditem|p1a: Ferrothorn|Chople Berry|[eat]\n|-enditem|p1a: Ferrothorn|Chople Berry|[weaken]\n|-damage|p1a: Ferrothorn|58\/100\n|-damage|p2a: Tapu Bulu|15\/100|[from] ability: Iron Barbs|[of] p1a: Ferrothorn\n|-unboost|p2a: Tapu Bulu|atk|1\n|-unboost|p2a: Tapu Bulu|def|1\n|move|p1a: Ferrothorn|Gyro Ball|p2a: Tapu Bulu\n|-supereffective|p2a: Tapu Bulu\n|-damage|p2a: Tapu Bulu|0 fnt\n|faint|p2a: Tapu Bulu\n|\n|win|JoJo321\n|raw|JoJo321's rating: 1893 &rarr; <strong>1911<\/strong><br \/>(+18 for winning)\n|raw|LT62HG Aqua's rating: 1842 &rarr; <strong>1825<\/strong><br \/>(-17 for losing)\n|l|\u2606LT62HG Aqua\n|l|\u2606JoJo321\n|l| Dickooooo\n|l| sssssgridman\n|l| P\u51f5\u5c3aIF\u4e2b\u32db\n|l| Annie Bunny\n|l| bear26\n|l| nono191\n|l| Ben Shapedo\n|l| RevivalMaya\n","uploadtime":1564215211,"views":17,"p1id":"jojo321","p2id":"lt62hgaqua","formatid":"gen7ou","rating":1825,"private":0,"password":null}