{"id":"gen7ou-1608162771","p1":"Sww-Suwa","p2":"SKIP THE DRIP","format":"gen7ou","log":"|j|\u2606Sww-Suwa\n|j|\u2606SKIP THE DRIP\n|inactive|Battle timer is ON: inactive players will automatically lose when time's up.\n|t:|1656690163\n|gametype|singles\n|player|p1|Sww-Suwa|lisia|\n|player|p2|SKIP THE DRIP|pokemonbreeder-gen3|\n|teamsize|p1|6\n|teamsize|p2|6\n|gen|7\n|tier|[Gen 7] OU\n|rated|Tournament battle\n|rule|Sleep Clause Mod: Limit one foe put to sleep\n|rule|Species Clause: Limit one of each Pok\u00e9mon\n|rule|OHKO Clause: OHKO moves are banned\n|rule|Moody Clause: Moody is banned\n|rule|Evasion Moves Clause: Evasion moves are banned\n|rule|Endless Battle Clause: Forcing endless battles is banned\n|rule|HP Percentage Mod: HP is shown in percentages\n|clearpoke\n|poke|p1|Venusaur, M|item\n|poke|p1|Keldeo|item\n|poke|p1|Skarmory, M|item\n|poke|p1|Chansey, F|item\n|poke|p1|Heatran, M|item\n|poke|p1|Bisharp, F|item\n|poke|p2|Chansey, F|item\n|poke|p2|Heatran, M|item\n|poke|p2|Skarmory, F|item\n|poke|p2|Bisharp, F|item\n|poke|p2|Venusaur, M|item\n|poke|p2|Keldeo|item\n|teampreview\n|c|\u2606Sww-Suwa|hf\n|c|\u2606SKIP THE DRIP|be wish\n|j| Bad Luck Inbound\n|c|\u2606SKIP THE DRIP|my killer\n|j| dssvxdfc\n|\n|t:|1656690174\n|start\n|switch|p1a: Venusaur|Venusaur, M|100\/100\n|switch|p2a: Keldeo|Keldeo|100\/100\n|turn|1\n|\n|t:|1656690179\n|switch|p2a: Chansey|Chansey, F|100\/100\n|detailschange|p1a: Venusaur|Venusaur-Mega, M\n|-mega|p1a: Venusaur|Venusaur|Venusaurite\n|move|p1a: Venusaur|Giga Drain|p2a: Chansey\n|-damage|p2a: Chansey|92\/100\n|\n|upkeep\n|turn|2\n|j| cogonahorse\n|\n|t:|1656690183\n|switch|p1a: Chansey|Chansey, F|100\/100\n|move|p2a: Chansey|Thunder Wave|p1a: Chansey\n|-status|p1a: Chansey|par\n|\n|upkeep\n|turn|3\n|\n|t:|1656690185\n|switch|p2a: Skarmory|Skarmory, F|100\/100\n|-curestatus|p1a: Chansey|par|[from] ability: Natural Cure\n|switch|p1a: Skarmory|Skarmory, M|100\/100\n|\n|upkeep\n|turn|4\n|\n|t:|1656690189\n|move|p2a: Skarmory|Spikes|p1a: Skarmory\n|-sidestart|p1: Sww-Suwa|Spikes\n|move|p1a: Skarmory|Spikes|p2a: Skarmory\n|-sidestart|p2: SKIP THE DRIP|Spikes\n|\n|upkeep\n|turn|5\n|\n|t:|1656690191\n|move|p1a: Skarmory|Spikes|p2a: Skarmory\n|-sidestart|p2: SKIP THE DRIP|Spikes\n|move|p2a: Skarmory|Spikes|p1a: Skarmory\n|-sidestart|p1: Sww-Suwa|Spikes\n|\n|upkeep\n|turn|6\n|\n|t:|1656690192\n|move|p2a: Skarmory|Spikes|p1a: Skarmory\n|-sidestart|p1: Sww-Suwa|Spikes\n|move|p1a: Skarmory|Spikes|p2a: Skarmory\n|-sidestart|p2: SKIP THE DRIP|Spikes\n|\n|upkeep\n|turn|7\n|\n|t:|1656690194\n|move|p2a: Skarmory|Whirlwind|p1a: Skarmory\n|drag|p1a: Chansey|Chansey, F|100\/100\n|-damage|p1a: Chansey|76\/100|[from] Spikes\n|\n|upkeep\n|turn|8\n|c| Bad Luck Inbound|Mosquito cup moment\n|\n|t:|1656690201\n|switch|p2a: Chansey|Chansey, F|92\/100\n|-damage|p2a: Chansey|67\/100|[from] Spikes\n|move|p1a: Chansey|Thunder Wave|p2a: Chansey|[miss]\n|-miss|p1a: Chansey|p2a: Chansey\n|\n|upkeep\n|turn|9\n|\n|t:|1656690206\n|move|p2a: Chansey|Soft-Boiled|p2a: Chansey\n|-heal|p2a: Chansey|100\/100\n|move|p1a: Chansey|Thunder Wave|p2a: Chansey\n|-status|p2a: Chansey|par\n|\n|upkeep\n|turn|10\n|\n|t:|1656690216\n|move|p1a: Chansey|Seismic Toss|p2a: Chansey\n|-damage|p2a: Chansey|85\/100 par\n|cant|p2a: Chansey|par\n|\n|upkeep\n|turn|11\n|\n|t:|1656690222\n|move|p1a: Chansey|Seismic Toss|p2a: Chansey\n|-damage|p2a: Chansey|69\/100 par\n|cant|p2a: Chansey|par\n|\n|upkeep\n|turn|12\n|c|\u2606SKIP THE DRIP|be blood my hater\n|\n|t:|1656690227\n|move|p1a: Chansey|Seismic Toss|p2a: Chansey\n|-damage|p2a: Chansey|54\/100 par\n|move|p2a: Chansey|Soft-Boiled|p2a: Chansey\n|-heal|p2a: Chansey|100\/100 par\n|\n|upkeep\n|turn|13\n|\n|t:|1656690232\n|-curestatus|p2a: Chansey|par|[from] ability: Natural Cure\n|switch|p2a: Skarmory|Skarmory, F|100\/100\n|move|p1a: Chansey|Soft-Boiled|p1a: Chansey\n|-heal|p1a: Chansey|100\/100\n|\n|upkeep\n|turn|14\n|\n|t:|1656690245\n|switch|p2a: Chansey|Chansey, F|100\/100\n|-damage|p2a: Chansey|76\/100|[from] Spikes\n|switch|p1a: Heatran|Heatran, M|100\/100\n|-item|p1a: Heatran|Air Balloon\n|\n|upkeep\n|turn|15\n|\n|t:|1656690249\n|move|p1a: Heatran|Taunt|p2a: Chansey\n|-start|p2a: Chansey|move: Taunt\n|move|p2a: Chansey|Seismic Toss|p1a: Heatran\n|-damage|p1a: Heatran|75\/100\n|-enditem|p1a: Heatran|Air Balloon\n|\n|upkeep\n|turn|16\n|\n|t:|1656690251\n|switch|p2a: Heatran|Heatran, M|100\/100\n|-item|p2a: Heatran|Air Balloon\n|move|p1a: Heatran|Stealth Rock|p2a: Heatran\n|-sidestart|p2: SKIP THE DRIP|move: Stealth Rock\n|\n|upkeep\n|turn|17\n|\n|t:|1656690254\n|move|p1a: Heatran|Taunt|p2a: Heatran\n|-start|p2a: Heatran|move: Taunt\n|cant|p2a: Heatran|move: Taunt|Stealth Rock\n|\n|upkeep\n|turn|18\n|j| vnmmv\n|\n|t:|1656690259\n|switch|p1a: Chansey|Chansey, F|100\/100\n|-damage|p1a: Chansey|76\/100|[from] Spikes\n|move|p2a: Heatran|Lava Plume|p1a: Chansey\n|-damage|p1a: Chansey|67\/100\n|\n|upkeep\n|turn|19\n|\n|t:|1656690266\n|switch|p2a: Skarmory|Skarmory, F|100\/100\n|-damage|p2a: Skarmory|88\/100|[from] Stealth Rock\n|move|p1a: Chansey|Seismic Toss|p2a: Skarmory\n|-damage|p2a: Skarmory|58\/100\n|-damage|p1a: Chansey|50\/100|[from] item: Rocky Helmet|[of] p2a: Skarmory\n|\n|upkeep\n|turn|20\n|\n|t:|1656690270\n|move|p1a: Chansey|Thunder Wave|p2a: Skarmory\n|-status|p2a: Skarmory|par\n|move|p2a: Skarmory|Whirlwind|p1a: Chansey\n|drag|p1a: Venusaur|Venusaur-Mega, M|100\/100\n|-damage|p1a: Venusaur|75\/100|[from] Spikes\n|\n|upkeep\n|turn|21\n|\n|t:|1656690287\n|switch|p1a: Chansey|Chansey, F|50\/100\n|-damage|p1a: Chansey|25\/100|[from] Spikes\n|switch|p2a: Heatran|Heatran, M|100\/100\n|-damage|p2a: Heatran|88\/100|[from] Stealth Rock\n|-item|p2a: Heatran|Air Balloon\n|\n|upkeep\n|turn|22\n|\n|t:|1656690293\n|move|p2a: Heatran|Stealth Rock|p1a: Chansey\n|-sidestart|p1: Sww-Suwa|move: Stealth Rock\n|move|p1a: Chansey|Seismic Toss|p2a: Heatran\n|-damage|p2a: Heatran|62\/100\n|-enditem|p2a: Heatran|Air Balloon\n|\n|upkeep\n|turn|23\n|\n|t:|1656690300\n|move|p2a: Heatran|Taunt|p1a: Chansey\n|-start|p1a: Chansey|move: Taunt\n|cant|p1a: Chansey|move: Taunt|Soft-Boiled\n|\n|upkeep\n|turn|24\n|\n|t:|1656690307\n|switch|p2a: Skarmory|Skarmory, F|58\/100 par\n|-damage|p2a: Skarmory|46\/100 par|[from] Stealth Rock\n|move|p1a: Chansey|Seismic Toss|p2a: Skarmory\n|-damage|p2a: Skarmory|16\/100 par\n|-damage|p1a: Chansey|8\/100|[from] item: Rocky Helmet|[of] p2a: Skarmory\n|\n|upkeep\n|turn|25\n|\n|t:|1656690310\n|move|p1a: Chansey|Seismic Toss|p2a: Skarmory\n|-damage|p2a: Skarmory|0 fnt\n|-damage|p1a: Chansey|0 fnt|[from] item: Rocky Helmet|[of] p2a: Skarmory\n|faint|p2a: Skarmory\n|faint|p1a: Chansey\n|\n|upkeep\n|\n|t:|1656690320\n|switch|p2a: Venusaur|Venusaur, M|100\/100\n|switch|p1a: Skarmory|Skarmory, M|100\/100\n|-damage|p2a: Venusaur|75\/100|[from] Spikes\n|-damage|p2a: Venusaur|63\/100|[from] Stealth Rock\n|-damage|p1a: Skarmory|88\/100|[from] Stealth Rock\n|turn|26\n|j| Celestin34\n|\n|t:|1656690323\n|detailschange|p2a: Venusaur|Venusaur-Mega, M\n|-mega|p2a: Venusaur|Venusaur|Venusaurite\n|move|p2a: Venusaur|Synthesis|p2a: Venusaur\n|-heal|p2a: Venusaur|100\/100\n|move|p1a: Skarmory|Brave Bird|p2a: Venusaur\n|-supereffective|p2a: Venusaur\n|-damage|p2a: Venusaur|59\/100\n|-damage|p1a: Skarmory|73\/100|[from] Recoil\n|\n|upkeep\n|turn|27\n|\n|t:|1656690331\n|switch|p1a: Heatran|Heatran, M|75\/100\n|-damage|p1a: Heatran|50\/100|[from] Spikes\n|-damage|p1a: Heatran|37\/100|[from] Stealth Rock\n|move|p2a: Venusaur|Synthesis|p2a: Venusaur\n|-heal|p2a: Venusaur|100\/100\n|\n|upkeep\n|turn|28\n|j| Lacksatives\n|\n|t:|1656690347\n|move|p1a: Heatran|Lava Plume|p2a: Venusaur\n|-supereffective|p2a: Venusaur\n|-damage|p2a: Venusaur|71\/100\n|move|p2a: Venusaur|Giga Drain|p1a: Heatran\n|-resisted|p1a: Heatran\n|-damage|p1a: Heatran|31\/100\n|-heal|p2a: Venusaur|74\/100|[from] drain|[of] p1a: Heatran\n|\n|upkeep\n|turn|29\n|\n|t:|1656690358\n|switch|p2a: Keldeo|Keldeo|100\/100\n|-damage|p2a: Keldeo|76\/100|[from] Spikes\n|-damage|p2a: Keldeo|70\/100|[from] Stealth Rock\n|move|p1a: Heatran|Taunt|p2a: Keldeo\n|-start|p2a: Keldeo|move: Taunt\n|\n|-heal|p2a: Keldeo|76\/100|[from] item: Leftovers\n|upkeep\n|turn|30\n|l| Celestin34\n|c| Bad Luck Inbound|Chip.\n|\n|t:|1656690362\n|switch|p1a: Venusaur|Venusaur-Mega, M|75\/100\n|-damage|p1a: Venusaur|50\/100|[from] Spikes\n|-damage|p1a: Venusaur|38\/100|[from] Stealth Rock\n|move|p2a: Keldeo|Scald|p1a: Venusaur\n|-resisted|p1a: Venusaur\n|-damage|p1a: Venusaur|22\/100\n|\n|-heal|p2a: Keldeo|82\/100|[from] item: Leftovers\n|upkeep\n|turn|31\n|\n|t:|1656690372\n|switch|p2a: Heatran|Heatran, M|62\/100\n|-damage|p2a: Heatran|37\/100|[from] Spikes\n|-damage|p2a: Heatran|25\/100|[from] Stealth Rock\n|move|p1a: Venusaur|Synthesis|p1a: Venusaur\n|-heal|p1a: Venusaur|72\/100\n|\n|upkeep\n|turn|32\n|\n|t:|1656690377\n|switch|p1a: Heatran|Heatran, M|31\/100\n|-damage|p1a: Heatran|6\/100|[from] Spikes\n|-damage|p1a: Heatran|0 fnt|[from] Stealth Rock\n|faint|p1a: Heatran\n|move|p2a: Heatran|Lava Plume|p1: Heatran|[notarget]\n|-fail|p2a: Heatran\n|\n|upkeep\n|\n|t:|1656690385\n|switch|p1a: Keldeo|Keldeo|100\/100\n|-damage|p1a: Keldeo|76\/100|[from] Spikes\n|-damage|p1a: Keldeo|70\/100|[from] Stealth Rock\n|turn|33\n|\n|t:|1656690389\n|move|p1a: Keldeo|Substitute|p1a: Keldeo\n|-start|p1a: Keldeo|Substitute\n|-damage|p1a: Keldeo|45\/100\n|move|p2a: Heatran|Taunt|p1a: Keldeo\n|-start|p1a: Keldeo|move: Taunt\n|\n|-heal|p1a: Keldeo|51\/100|[from] item: Leftovers\n|upkeep\n|turn|34\n|\n|t:|1656690393\n|move|p1a: Keldeo|Scald|p2a: Heatran\n|-supereffective|p2a: Heatran\n|-damage|p2a: Heatran|0 fnt\n|faint|p2a: Heatran\n|\n|-heal|p1a: Keldeo|57\/100|[from] item: Leftovers\n|upkeep\n|\n|t:|1656690395\n|switch|p2a: Venusaur|Venusaur-Mega, M|74\/100\n|-damage|p2a: Venusaur|49\/100|[from] Spikes\n|-damage|p2a: Venusaur|37\/100|[from] Stealth Rock\n|turn|35\n|\n|t:|1656690398\n|move|p1a: Keldeo|Scald|p2a: Venusaur\n|-resisted|p2a: Venusaur\n|-damage|p2a: Venusaur|21\/100\n|move|p2a: Venusaur|Synthesis|p2a: Venusaur\n|-heal|p2a: Venusaur|71\/100\n|\n|-heal|p1a: Keldeo|63\/100|[from] item: Leftovers\n|upkeep\n|turn|36\n|\n|t:|1656690401\n|move|p1a: Keldeo|Scald|p2a: Venusaur\n|-resisted|p2a: Venusaur\n|-damage|p2a: Venusaur|54\/100\n|move|p2a: Venusaur|Giga Drain|p1a: Keldeo\n|-supereffective|p1a: Keldeo\n|-end|p1a: Keldeo|Substitute\n|-heal|p2a: Venusaur|65\/100|[from] drain|[of] p1a: Keldeo\n|\n|-heal|p1a: Keldeo|70\/100|[from] item: Leftovers\n|-end|p1a: Keldeo|move: Taunt\n|upkeep\n|turn|37\n|\n|t:|1656690411\n|move|p1a: Keldeo|Calm Mind|p1a: Keldeo\n|-boost|p1a: Keldeo|spa|1\n|-boost|p1a: Keldeo|spd|1\n|move|p2a: Venusaur|Hidden Power|p1a: Keldeo\n|-resisted|p1a: Keldeo\n|-damage|p1a: Keldeo|64\/100\n|\n|-heal|p1a: Keldeo|70\/100|[from] item: Leftovers\n|upkeep\n|turn|38\n|\n|t:|1656690418\n|move|p1a: Keldeo|Scald|p2a: Venusaur\n|-resisted|p2a: Venusaur\n|-damage|p2a: Venusaur|41\/100\n|move|p2a: Venusaur|Synthesis|p2a: Venusaur\n|-heal|p2a: Venusaur|91\/100\n|\n|-heal|p1a: Keldeo|76\/100|[from] item: Leftovers\n|upkeep\n|turn|39\n|\n|t:|1656690425\n|switch|p1a: Venusaur|Venusaur-Mega, M|72\/100\n|-damage|p1a: Venusaur|47\/100|[from] Spikes\n|-damage|p1a: Venusaur|35\/100|[from] Stealth Rock\n|move|p2a: Venusaur|Hidden Power|p1a: Venusaur\n|-supereffective|p1a: Venusaur\n|-damage|p1a: Venusaur|23\/100\n|\n|upkeep\n|turn|40\n|\n|t:|1656690429\n|move|p2a: Venusaur|Sludge Bomb|p1a: Venusaur\n|-damage|p1a: Venusaur|0 fnt\n|faint|p1a: Venusaur\n|\n|upkeep\n|\n|t:|1656690432\n|switch|p1a: Skarmory|Skarmory, M|73\/100\n|-damage|p1a: Skarmory|61\/100|[from] Stealth Rock\n|turn|41\n|j| HasanAnowarRaiyan\n|\n|t:|1656690438\n|switch|p2a: Chansey|Chansey, F|76\/100\n|-damage|p2a: Chansey|51\/100|[from] Spikes\n|-damage|p2a: Chansey|38\/100|[from] Stealth Rock\n|move|p1a: Skarmory|Whirlwind|p2a: Chansey\n|drag|p2a: Keldeo|Keldeo|82\/100\n|-damage|p2a: Keldeo|57\/100|[from] Spikes\n|-damage|p2a: Keldeo|51\/100|[from] Stealth Rock\n|\n|-heal|p2a: Keldeo|57\/100|[from] item: Leftovers\n|upkeep\n|turn|42\n|\n|t:|1656690443\n|move|p2a: Keldeo|Scald|p1a: Skarmory\n|-damage|p1a: Skarmory|13\/100\n|-status|p1a: Skarmory|brn\n|move|p1a: Skarmory|Whirlwind|p2a: Keldeo\n|drag|p2a: Chansey|Chansey, F|38\/100\n|-damage|p2a: Chansey|13\/100|[from] Spikes\n|-damage|p2a: Chansey|1\/100|[from] Stealth Rock\n|\n|-damage|p1a: Skarmory|7\/100 brn|[from] brn\n|upkeep\n|turn|43\n|\n|t:|1656690449\n|move|p1a: Skarmory|Roost|p1a: Skarmory\n|-heal|p1a: Skarmory|57\/100 brn\n|-singleturn|p1a: Skarmory|move: Roost\n|move|p2a: Chansey|Seismic Toss|p1a: Skarmory\n|-damage|p1a: Skarmory|27\/100 brn\n|-damage|p2a: Chansey|0 fnt|[from] item: Rocky Helmet|[of] p1a: Skarmory\n|faint|p2a: Chansey\n|\n|-damage|p1a: Skarmory|21\/100 brn|[from] brn\n|upkeep\n|\n|t:|1656690451\n|switch|p2a: Keldeo|Keldeo|57\/100\n|-damage|p2a: Keldeo|32\/100|[from] Spikes\n|-damage|p2a: Keldeo|26\/100|[from] Stealth Rock\n|turn|44\n|\n|t:|1656690460\n|move|p2a: Keldeo|Secret Sword|p1a: Skarmory\n|-damage|p1a: Skarmory|0 fnt\n|faint|p1a: Skarmory\n|\n|-heal|p2a: Keldeo|32\/100|[from] item: Leftovers\n|upkeep\n|\n|t:|1656690464\n|switch|p1a: Keldeo|Keldeo|76\/100\n|-damage|p1a: Keldeo|51\/100|[from] Spikes\n|-damage|p1a: Keldeo|45\/100|[from] Stealth Rock\n|turn|45\n|\n|t:|1656690466\n|move|p1a: Keldeo|Secret Sword|p2a: Keldeo\n|-damage|p2a: Keldeo|0 fnt\n|faint|p2a: Keldeo\n|\n|-heal|p1a: Keldeo|51\/100|[from] item: Leftovers\n|upkeep\n|\n|t:|1656690468\n|switch|p2a: Venusaur|Venusaur-Mega, M|91\/100\n|-damage|p2a: Venusaur|66\/100|[from] Spikes\n|-damage|p2a: Venusaur|53\/100|[from] Stealth Rock\n|turn|46\n|\n|t:|1656690476\n|move|p1a: Keldeo|Scald|p2a: Venusaur\n|-resisted|p2a: Venusaur\n|-damage|p2a: Venusaur|36\/100\n|move|p2a: Venusaur|Synthesis|p2a: Venusaur\n|-heal|p2a: Venusaur|86\/100\n|\n|-heal|p1a: Keldeo|57\/100|[from] item: Leftovers\n|upkeep\n|turn|47\n|\n|t:|1656690479\n|move|p1a: Keldeo|Calm Mind|p1a: Keldeo\n|-boost|p1a: Keldeo|spa|1\n|-boost|p1a: Keldeo|spd|1\n|move|p2a: Venusaur|Giga Drain|p1a: Keldeo\n|-supereffective|p1a: Keldeo\n|-damage|p1a: Keldeo|9\/100\n|-heal|p2a: Venusaur|100\/100|[from] drain|[of] p1a: Keldeo\n|\n|-heal|p1a: Keldeo|15\/100|[from] item: Leftovers\n|upkeep\n|turn|48\n|\n|t:|1656690482\n|move|p1a: Keldeo|Scald|p2a: Venusaur\n|-resisted|p2a: Venusaur\n|-damage|p2a: Venusaur|77\/100\n|move|p2a: Venusaur|Giga Drain|p1a: Keldeo\n|-supereffective|p1a: Keldeo\n|-crit|p1a: Keldeo\n|-damage|p1a: Keldeo|0 fnt\n|-heal|p2a: Venusaur|83\/100|[from] drain|[of] p1a: Keldeo\n|faint|p1a: Keldeo\n|\n|upkeep\n|l| HasanAnowarRaiyan\n|\n|t:|1656690488\n|switch|p1a: Bisharp|Bisharp, F|100\/100\n|-damage|p1a: Bisharp|76\/100|[from] Spikes\n|-damage|p1a: Bisharp|70\/100|[from] Stealth Rock\n|turn|49\n|\n|t:|1656690494\n|move|p2a: Venusaur|Hidden Power|p1a: Bisharp\n|-supereffective|p1a: Bisharp\n|-damage|p1a: Bisharp|27\/100\n|move|p1a: Bisharp|Swords Dance|p1a: Bisharp\n|-boost|p1a: Bisharp|atk|2\n|\n|-heal|p1a: Bisharp|33\/100|[from] item: Leftovers\n|upkeep\n|turn|50\n|\n|t:|1656690504\n|move|p1a: Bisharp|Sucker Punch|p2a: Venusaur\n|-damage|p2a: Venusaur|36\/100\n|move|p2a: Venusaur|Hidden Power|p1a: Bisharp\n|-supereffective|p1a: Bisharp\n|-damage|p1a: Bisharp|0 fnt\n|faint|p1a: Bisharp\n|\n|win|SKIP THE DRIP\n|n|\u2606Sww-Suwa|swwsuwa\n|n|\u2606SKIP THE DRIP|skipthedrip\n|n| Bad Luck Inbound|badluckinbound\n|n| dssvxdfc|dssvxdfc\n|n| cogonahorse|cogonahorse\n|n| vnmmv|vnmmv\n|n| Lacksatives|lacksatives\n|j| HasanAnowarRaiyan\n|c|\u2606Sww-Suwa|gg\n|c|\u2606SKIP THE DRIP|gg\n|l| vnmmv\n|l|\u2606Sww-Suwa\n|l| Bad Luck Inbound\n|l|\u2606SKIP THE DRIP\n","uploadtime":1656690523,"views":14,"p1id":"swwsuwa","p2id":"skipthedrip","formatid":"gen7ou","rating":0,"private":0,"password":null}