{"id":"gen7ou-742665788","p1":"H4WT \u272f","p2":"Handsandwich","format":"gen7ou","log":"|j|\u2606H4WT \u272f\n|j|\u2606Handsandwich\n|player|p1|H4WT \u272f|266\n|player|p2|Handsandwich|163\n|teamsize|p1|6\n|teamsize|p2|6\n|gametype|singles\n|gen|7\n|tier|[Gen 7] OU\n|rated|Tournament battle\n|rule|Sleep Clause Mod: Limit one foe put to sleep\n|rule|Species Clause: Limit one of each Pok\u00e9mon\n|rule|OHKO Clause: OHKO moves are banned\n|rule|Moody Clause: Moody is banned\n|rule|Evasion Moves Clause: Evasion moves are banned\n|rule|Endless Battle Clause: Forcing endless battles is banned\n|rule|HP Percentage Mod: HP is shown in percentages\n|clearpoke\n|poke|p1|Magearna|item\n|poke|p1|Tapu Bulu|item\n|poke|p1|Gallade, M|item\n|poke|p1|Tornadus-Therian, M|item\n|poke|p1|Toxapex, F|item\n|poke|p1|Stunfisk, M|item\n|poke|p2|Manaphy|item\n|poke|p2|Togedemaru, L1, M|item\n|poke|p2|Gigalith, F|item\n|poke|p2|Kartana|item\n|poke|p2|Whimsicott, F|item\n|poke|p2|Aerodactyl, F|item\n|teampreview\n|c|\u2606Handsandwich|This the championship?\n|c|\u2606H4WT \u272f|hf\n|c|\u2606Handsandwich|or not quite?\n|c|\u2606H4WT \u272f|y\n|c|\u2606Handsandwich|you too my friend\n|c|\u2606Handsandwich|Just curious\n|j| Treinador1227\n|l| Treinador1227\n|\n|start\n|switch|p1a: Toxapex|Toxapex, F|100\/100\n|switch|p2a: Kartana|Kartana|100\/100\n|turn|1\n|\n|switch|p1a: Tornadus|Tornadus-Therian, M|100\/100\n|move|p2a: Kartana|Leaf Blade|p1a: Tornadus\n|-resisted|p1a: Tornadus\n|-damage|p1a: Tornadus|59\/100\n|\n|upkeep\n|turn|2\n|\n|move|p1a: Tornadus|U-turn|p2a: Kartana\n|-damage|p2a: Kartana|84\/100\n|\n|switch|p1a: Magearna|Magearna|100\/100\n|move|p2a: Kartana|Knock Off|p1a: Magearna\n|-resisted|p1a: Magearna\n|-damage|p1a: Magearna|77\/100\n|-enditem|p1a: Magearna|Choice Scarf|[from] move: Knock Off|[of] p2a: Kartana\n|\n|upkeep\n|turn|3\n|\n|move|p2a: Kartana|Sacred Sword|p1a: Magearna\n|-damage|p1a: Magearna|40\/100\n|move|p1a: Magearna|Ice Beam|p2a: Kartana\n|-damage|p2a: Kartana|17\/100\n|-status|p2a: Kartana|frz\n|\n|upkeep\n|turn|4\n|c|\u2606Handsandwich|....\n|c|\u2606Handsandwich|im sad\n|\n|switch|p2a: Manaphy|Manaphy|100\/100\n|move|p1a: Magearna|Ice Beam|p2a: Manaphy\n|-resisted|p2a: Manaphy\n|-damage|p2a: Manaphy|86\/100\n|\n|-heal|p2a: Manaphy|92\/100|[from] item: Leftovers\n|upkeep\n|turn|5\n|\n|move|p2a: Manaphy|Tail Glow|p2a: Manaphy\n|-boost|p2a: Manaphy|spa|3\n|move|p1a: Magearna|Volt Switch|p2a: Manaphy\n|-supereffective|p2a: Manaphy\n|-damage|p2a: Manaphy|44\/100\n|\n|switch|p1a: Gallade|Gallade, M, shiny|100\/100\n|\n|-heal|p2a: Manaphy|50\/100|[from] item: Leftovers\n|upkeep\n|turn|6\n|\n|-mega|p1a: Gallade|Gallade|Galladite\n|detailschange|p1a: Gallade|Gallade-Mega, M, shiny\n|move|p1a: Gallade|Close Combat|p2a: Manaphy\n|-damage|p2a: Manaphy|0 fnt\n|-unboost|p1a: Gallade|def|1\n|-unboost|p1a: Gallade|spd|1\n|faint|p2a: Manaphy\n|\n|upkeep\n|\n|switch|p2a: Togedemaru|Togedemaru, L1, M|100\/100\n|turn|7\n|\n|move|p1a: Gallade|Knock Off|p2a: Togedemaru\n|-ability|p2a: Togedemaru|Sturdy\n|-damage|p2a: Togedemaru|9\/100\n|-enditem|p2a: Togedemaru|Shell Bell|[from] move: Knock Off|[of] p1a: Gallade\n|move|p2a: Togedemaru|Endeavor|p1a: Gallade\n|-damage|p1a: Gallade|1\/100\n|\n|upkeep\n|turn|8\n|c|\u2606Handsandwich|:(\n|c|\u2606H4WT \u272f|nice meme\n|c|\u2606Handsandwich|Heh\n|c|\u2606Handsandwich|i thought ballads might have it.\n|c|\u2606Handsandwich|gallade\n|\n|switch|p2a: Gigalith|Gigalith, F|100\/100\n|-weather|Sandstorm|[from] ability: Sand Stream|[of] p2a: Gigalith\n|move|p1a: Gallade|Zen Headbutt|p2a: Gigalith\n|-damage|p2a: Gigalith|64\/100\n|\n|-weather|Sandstorm|[upkeep]\n|-damage|p1a: Gallade|0 fnt|[from] Sandstorm\n|upkeep\n|faint|p1a: Gallade\n|\n|switch|p1a: Tapu Bulu|Tapu Bulu|100\/100\n|-fieldstart|move: Grassy Terrain|[from] ability: Grassy Surge|[of] p1a: Tapu Bulu\n|turn|9\n|\n|switch|p2a: Aerodactyl|Aerodactyl, F|100\/100\n|move|p1a: Tapu Bulu|Horn Leech|p2a: Aerodactyl\n|-damage|p2a: Aerodactyl|6\/100\n|\n|-weather|Sandstorm|[upkeep]\n|-damage|p1a: Tapu Bulu|94\/100|[from] Sandstorm\n|-heal|p1a: Tapu Bulu|100\/100|[from] Grassy Terrain\n|upkeep\n|turn|10\n|c|\u2606Handsandwich|Mega oof\n|c|\u2606Handsandwich|gg\n|\n|switch|p1a: Toxapex|Toxapex, F|100\/100\n|-mega|p2a: Aerodactyl|Aerodactyl|Aerodactylite\n|detailschange|p2a: Aerodactyl|Aerodactyl-Mega, F\n|move|p2a: Aerodactyl|Ice Fang|p1a: Toxapex\n|-resisted|p1a: Toxapex\n|-damage|p1a: Toxapex|92\/100\n|-damage|p2a: Aerodactyl|0 fnt|[from] item: Rocky Helmet|[of] p1a: Toxapex\n|faint|p2a: Aerodactyl\n|\n|-weather|Sandstorm|[upkeep]\n|-damage|p1a: Toxapex|86\/100|[from] Sandstorm\n|-heal|p1a: Toxapex|92\/100|[from] Grassy Terrain\n|upkeep\n|\n|switch|p2a: Whimsicott|Whimsicott, F|100\/100\n|turn|11\n|\n|switch|p1a: Tornadus|Tornadus-Therian, M|92\/100\n|move|p2a: Whimsicott|Hurricane|p1a: Tornadus\n|-damage|p1a: Tornadus|59\/100\n|-start|p1a: Tornadus|confusion\n|\n|-weather|Sandstorm|[upkeep]\n|-damage|p1a: Tornadus|53\/100|[from] Sandstorm\n|-damage|p2a: Whimsicott|94\/100|[from] Sandstorm\n|-heal|p2a: Whimsicott|100\/100|[from] Grassy Terrain\n|upkeep\n|turn|12\n|\n|switch|p1a: Magearna|Magearna|40\/100\n|move|p2a: Whimsicott|Moonblast|p1a: Magearna\n|-resisted|p1a: Magearna\n|-damage|p1a: Magearna|20\/100\n|-unboost|p1a: Magearna|spa|1\n|\n|-weather|Sandstorm|[upkeep]\n|-damage|p2a: Whimsicott|94\/100|[from] Sandstorm\n|-heal|p2a: Whimsicott|100\/100|[from] Grassy Terrain\n|-heal|p1a: Magearna|26\/100|[from] Grassy Terrain\n|upkeep\n|turn|13\n|\n|move|p2a: Whimsicott|Hurricane|p1a: Magearna|[miss]\n|-miss|p2a: Whimsicott|p1a: Magearna\n|move|p1a: Magearna|Volt Switch|p2a: Whimsicott\n|-resisted|p2a: Whimsicott\n|-damage|p2a: Whimsicott|87\/100\n|\n|switch|p1a: Tornadus|Tornadus-Therian, M|86\/100\n|\n|-weather|Sandstorm|[upkeep]\n|-damage|p1a: Tornadus|80\/100|[from] Sandstorm\n|-damage|p2a: Whimsicott|81\/100|[from] Sandstorm\n|-heal|p2a: Whimsicott|87\/100|[from] Grassy Terrain\n|-fieldend|move: Grassy Terrain\n|upkeep\n|turn|14\n|j| trunkszinho\n|\n|move|p1a: Tornadus|Hurricane|p2a: Whimsicott\n|-supereffective|p2a: Whimsicott\n|-damage|p2a: Whimsicott|0 fnt\n|faint|p2a: Whimsicott\n|\n|-weather|Sandstorm|[upkeep]\n|-damage|p1a: Tornadus|74\/100|[from] Sandstorm\n|upkeep\n|c|\u2606H4WT \u272f|gg\n|\n|switch|p2a: Gigalith|Gigalith, F|64\/100\n|turn|15\n|\n|move|p1a: Tornadus|U-turn|p2a: Gigalith\n|-damage|p2a: Gigalith|54\/100\n|l| trunkszinho\n|c|\u2606Handsandwich|That is correct\n|\n|switch|p1a: Magearna|Magearna|26\/100\n|move|p2a: Gigalith|Stone Edge|p1a: Magearna\n|-resisted|p1a: Magearna\n|-damage|p1a: Magearna|0 fnt\n|faint|p1a: Magearna\n|\n|-weather|none\n|upkeep\n|\n|switch|p1a: Tapu Bulu|Tapu Bulu|100\/100\n|-fieldstart|move: Grassy Terrain|[from] ability: Grassy Surge|[of] p1a: Tapu Bulu\n|turn|16\n|c|\u2606Handsandwich|GIGALITH SWEEP\n|c|\u2606Handsandwich|lmao\n|\n|move|p1a: Tapu Bulu|Horn Leech|p2a: Gigalith\n|-supereffective|p2a: Gigalith\n|-damage|p2a: Gigalith|0 fnt\n|faint|p2a: Gigalith\n|\n|upkeep\n|c|\u2606H4WT \u272f|lol\n|\n|switch|p2a: Togedemaru|Togedemaru, L1, M|9\/100\n|turn|17\n|\n|move|p2a: Togedemaru|Fake Out|p1a: Tapu Bulu\n|-damage|p1a: Tapu Bulu|99\/100\n|cant|p1a: Tapu Bulu|flinch\n|\n|-heal|p1a: Tapu Bulu|100\/100|[from] Grassy Terrain\n|-heal|p2a: Togedemaru|17\/100|[from] Grassy Terrain\n|upkeep\n|turn|18\n|\n|move|p2a: Togedemaru|Protect|p2a: Togedemaru\n|-singleturn|p2a: Togedemaru|Protect\n|move|p1a: Tapu Bulu|Horn Leech|p2a: Togedemaru\n|-activate|p2a: Togedemaru|move: Protect\n|\n|-heal|p2a: Togedemaru|25\/100|[from] Grassy Terrain\n|upkeep\n|turn|19\n|\n|move|p1a: Tapu Bulu|Horn Leech|p2a: Togedemaru\n|-resisted|p2a: Togedemaru\n|-damage|p2a: Togedemaru|0 fnt\n|faint|p2a: Togedemaru\n|\n|upkeep\n|\n|switch|p2a: Kartana|Kartana|17\/100 frz\n|turn|20\n|\n|cant|p2a: Kartana|frz\n|move|p1a: Tapu Bulu|Superpower|p2a: Kartana\n|-supereffective|p2a: Kartana\n|-damage|p2a: Kartana|0 fnt\n|-unboost|p1a: Tapu Bulu|atk|1\n|-unboost|p1a: Tapu Bulu|def|1\n|faint|p2a: Kartana\n|\n|win|H4WT \u272f\n","inputlog":null,"uploadtime":1525482100,"views":40,"p1id":"h4wt","p2id":"handsandwich","formatid":"gen7ou","rating":0,"private":0,"password":null}