{"id":"gen7ou-884645936","p1":"Flinch Haxxx","p2":"why addicted","format":"gen7ou","log":"|j|\u2606Flinch Haxxx\n|j|\u2606why addicted\n|player|p1|Flinch Haxxx|17\n|player|p2|why addicted|168\n|teamsize|p1|6\n|teamsize|p2|6\n|gametype|singles\n|gen|7\n|tier|[Gen 7] OU\n|rule|Sleep Clause Mod: Limit one foe put to sleep\n|rule|Species Clause: Limit one of each Pok\u00e9mon\n|rule|OHKO Clause: OHKO moves are banned\n|rule|Moody Clause: Moody is banned\n|rule|Evasion Moves Clause: Evasion moves are banned\n|rule|Endless Battle Clause: Forcing endless battles is banned\n|rule|HP Percentage Mod: HP is shown in percentages\n|clearpoke\n|poke|p1|Greninja, M|item\n|poke|p1|Ferrothorn, F|item\n|poke|p1|Volcarona, M|item\n|poke|p1|Zapdos|item\n|poke|p1|Tyranitar, F|item\n|poke|p1|Landorus-Therian, M|item\n|poke|p2|Tyranitar, M|item\n|poke|p2|Excadrill, M|item\n|poke|p2|Tornadus-Therian, M|item\n|poke|p2|Toxapex, F|item\n|poke|p2|Celesteela|item\n|poke|p2|Reuniclus, F|item\n|teampreview\n|c|\u2606why addicted|hf\n|c|\u2606Flinch Haxxx|Fuck off\n|j| TheDarkSwirl\n|c|\u2606why addicted|thx bro :]\n|j| Cpt funky fresh\n|j| Alfabulous\n|\n|start\n|switch|p1a: Landorus|Landorus-Therian, M|100\/100\n|switch|p2a: Toxapex|Toxapex, F|100\/100\n|-ability|p1a: Landorus|Intimidate|boost\n|-unboost|p2a: Toxapex|atk|1\n|turn|1\n|c| Cpt funky fresh|Fuck voyant\n|\n|move|p1a: Landorus|Earthquake|p2a: Toxapex\n|-supereffective|p2a: Toxapex\n|-damage|p2a: Toxapex|25\/100\n|move|p2a: Toxapex|Toxic Spikes|p1a: Landorus\n|-sidestart|p1: Flinch Haxxx|move: Toxic Spikes\n|\n|-heal|p2a: Toxapex|31\/100|[from] item: Black Sludge\n|upkeep\n|turn|2\n|c| Cpt funky fresh|Jk\n|c| TheDarkSwirl|fuck funky\n|\n|switch|p1a: Zapdos|Zapdos|100\/100\n|switch|p2a: Tornadus|Tornadus-Therian, M|100\/100\n|\n|upkeep\n|turn|3\n|\n|switch|p2a: Tyranitar|Tyranitar, M|100\/100\n|-weather|Sandstorm|[from] ability: Sand Stream|[of] p2a: Tyranitar\n|move|p1a: Zapdos|Defog|p2a: Tyranitar\n|-unboost|p2a: Tyranitar|evasion|1\n|-sideend|p1: Flinch Haxxx|Toxic Spikes|[from] move: Defog|[of] p1a: Zapdos\n|\n|-weather|Sandstorm|[upkeep]\n|-damage|p1a: Zapdos|94\/100|[from] Sandstorm\n|-heal|p1a: Zapdos|100\/100|[from] item: Leftovers\n|upkeep\n|turn|4\n|\n|switch|p1a: Landorus|Landorus-Therian, M|100\/100\n|-ability|p1a: Landorus|Intimidate|boost\n|-unboost|p2a: Tyranitar|atk|1\n|detailschange|p2a: Tyranitar|Tyranitar-Mega, M\n|-mega|p2a: Tyranitar|Tyranitar|Tyranitarite\n|move|p2a: Tyranitar|Stealth Rock|p1a: Landorus\n|-sidestart|p1: Flinch Haxxx|move: Stealth Rock\n|\n|-weather|Sandstorm|[upkeep]\n|upkeep\n|turn|5\n|\n|switch|p2a: Tornadus|Tornadus-Therian, M|100\/100\n|move|p1a: Landorus|U-turn|p2a: Tornadus\n|-resisted|p2a: Tornadus\n|-damage|p2a: Tornadus|83\/100\n|\n|switch|p1a: Zapdos|Zapdos|100\/100\n|-damage|p1a: Zapdos|76\/100|[from] Stealth Rock\n|\n|-weather|Sandstorm|[upkeep]\n|-damage|p2a: Tornadus|77\/100|[from] Sandstorm\n|-damage|p1a: Zapdos|70\/100|[from] Sandstorm\n|-heal|p1a: Zapdos|76\/100|[from] item: Leftovers\n|upkeep\n|turn|6\n|\n|switch|p2a: Tyranitar|Tyranitar-Mega, M|100\/100\n|move|p1a: Zapdos|Defog|p2a: Tyranitar\n|-unboost|p2a: Tyranitar|evasion|1\n|-sideend|p1: Flinch Haxxx|Stealth Rock|[from] move: Defog|[of] p1a: Zapdos\n|\n|-weather|Sandstorm|[upkeep]\n|-damage|p1a: Zapdos|70\/100|[from] Sandstorm\n|-heal|p1a: Zapdos|76\/100|[from] item: Leftovers\n|upkeep\n|turn|7\n|j| Hugobtw\n|j| ShadowTash\n|\n|move|p1a: Zapdos|Discharge|p2a: Tyranitar\n|-damage|p2a: Tyranitar|82\/100\n|move|p2a: Tyranitar|Stealth Rock|p1a: Zapdos\n|-sidestart|p1: Flinch Haxxx|move: Stealth Rock\n|\n|-weather|none\n|-heal|p1a: Zapdos|82\/100|[from] item: Leftovers\n|upkeep\n|turn|8\n|\n|move|p1a: Zapdos|Roost|p1a: Zapdos\n|-heal|p1a: Zapdos|100\/100\n|-singleturn|p1a: Zapdos|move: Roost\n|move|p2a: Tyranitar|Stone Edge|p1a: Zapdos|[miss]\n|-miss|p2a: Tyranitar|p1a: Zapdos\n|\n|upkeep\n|turn|9\n|j| Bloody alfa\n|\n|switch|p1a: Landorus|Landorus-Therian, M|100\/100\n|-damage|p1a: Landorus|88\/100|[from] Stealth Rock\n|-ability|p1a: Landorus|Intimidate|boost\n|-unboost|p2a: Tyranitar|atk|1\n|move|p2a: Tyranitar|Stone Edge|p1a: Landorus\n|-damage|p1a: Landorus|42\/100\n|\n|upkeep\n|turn|10\n|c| Cpt funky fresh|Oh shit\n|\n|switch|p2a: Toxapex|Toxapex, F|64\/100\n|move|p1a: Landorus|U-turn|p2a: Toxapex\n|-resisted|p2a: Toxapex\n|-damage|p2a: Toxapex|55\/100\n|\n|switch|p1a: Zapdos|Zapdos|100\/100\n|-damage|p1a: Zapdos|76\/100|[from] Stealth Rock\n|\n|-heal|p1a: Zapdos|82\/100|[from] item: Leftovers\n|-heal|p2a: Toxapex|62\/100|[from] item: Black Sludge\n|upkeep\n|turn|11\n|c| Cpt funky fresh|2 alfas?!?\n|\n|switch|p2a: Tyranitar|Tyranitar-Mega, M|82\/100\n|-weather|Sandstorm|[from] ability: Sand Stream|[of] p2a: Tyranitar\n|move|p1a: Zapdos|Defog|p2a: Tyranitar\n|-unboost|p2a: Tyranitar|evasion|1\n|-sideend|p1: Flinch Haxxx|Stealth Rock|[from] move: Defog|[of] p1a: Zapdos\n|\n|-weather|Sandstorm|[upkeep]\n|-damage|p1a: Zapdos|76\/100|[from] Sandstorm\n|-heal|p1a: Zapdos|82\/100|[from] item: Leftovers\n|upkeep\n|turn|12\n|\n|move|p1a: Zapdos|Discharge|p2a: Tyranitar\n|-damage|p2a: Tyranitar|66\/100\n|-status|p2a: Tyranitar|par\n|move|p2a: Tyranitar|Stone Edge|p1a: Zapdos\n|-supereffective|p1a: Zapdos\n|-damage|p1a: Zapdos|0 fnt\n|faint|p1a: Zapdos\n|\n|-weather|Sandstorm|[upkeep]\n|upkeep\n|j| LLG Komodo\n|c| TheDarkSwirl|bloody alfa is better\n|c| Alfabulous|at stall\n|c| LLG Komodo|hm\n|\n|switch|p1a: Landorus|Landorus-Therian, M|42\/100\n|-ability|p1a: Landorus|Intimidate|boost\n|-unboost|p2a: Tyranitar|atk|1\n|turn|13\n|c| Cpt funky fresh|Which alfa is the best\n|c| Alfabulous|prime one\n|\n|switch|p2a: Tornadus|Tornadus-Therian, M|100\/100\n|move|p1a: Landorus|Earthquake|p2a: Tornadus\n|-immune|p2a: Tornadus\n|\n|-weather|Sandstorm|[upkeep]\n|-damage|p2a: Tornadus|94\/100|[from] Sandstorm\n|upkeep\n|turn|14\n|\n|switch|p1a: Ferrothorn|Ferrothorn, F|100\/100\n|move|p2a: Tornadus|U-turn|p1a: Ferrothorn\n|-damage|p1a: Ferrothorn|90\/100\n|-damage|p2a: Tornadus|82\/100|[from] ability: Iron Barbs|[of] p1a: Ferrothorn\n|\n|switch|p2a: Toxapex|Toxapex, F|95\/100\n|\n|-weather|Sandstorm|[upkeep]\n|-damage|p2a: Toxapex|89\/100|[from] Sandstorm\n|-heal|p2a: Toxapex|95\/100|[from] item: Black Sludge\n|-heal|p1a: Ferrothorn|96\/100|[from] item: Leftovers\n|upkeep\n|turn|15\n|c| TheDarkSwirl|if alfa woulda played for war we would know wouldnt we\n|l| Bloody alfa\n|c| Alfabulous|or we could b03 rn\n|c| Alfabulous|since im sub\n|c| TheDarkSwirl|its very late for him rn\n|\n|switch|p1a: Volcarona|Volcarona, M|100\/100\n|move|p2a: Toxapex|Toxic Spikes|p1a: Volcarona\n|-sidestart|p1: Flinch Haxxx|move: Toxic Spikes\n|\n|-weather|none\n|-heal|p2a: Toxapex|100\/100|[from] item: Black Sludge\n|upkeep\n|turn|16\n|c| TheDarkSwirl|wait till tmrw\n|c| LLG Komodo|I want to see that hot action\n|\n|move|p1a: Volcarona|Quiver Dance|p1a: Volcarona\n|-boost|p1a: Volcarona|spa|1\n|-boost|p1a: Volcarona|spd|1\n|-boost|p1a: Volcarona|spe|1\n|move|p2a: Toxapex|Scald|p1a: Volcarona\n|-supereffective|p1a: Volcarona\n|-damage|p1a: Volcarona|79\/100\n|\n|upkeep\n|turn|17\n|c| Cpt funky fresh|Booo\n|c| Alfabulous|no shit hes portuguese\n|\n|-zpower|p1a: Volcarona\n|move|p1a: Volcarona|Shattered Psyche|p2a: Toxapex|[zeffect]\n|-supereffective|p2a: Toxapex\n|-damage|p2a: Toxapex|0 fnt\n|faint|p2a: Toxapex\n|\n|upkeep\n|\n|switch|p2a: Tyranitar|Tyranitar-Mega, M|66\/100 par\n|-weather|Sandstorm|[from] ability: Sand Stream|[of] p2a: Tyranitar\n|turn|18\n|c| Cpt funky fresh|Fucking euros\n|c| ShadowTash|Oi\n|c| Cpt funky fresh|Jk\n|c| Alfabulous|ask for para inb4\n|c| Cpt funky fresh|I kid\n|c| Cpt funky fresh|I kid\n|c| LLG Komodo|it comes down to this\n|\n|switch|p2a: Excadrill|Excadrill, M|100\/100\n|move|p1a: Volcarona|Hidden Power|p2a: Excadrill\n|-supereffective|p2a: Excadrill\n|-damage|p2a: Excadrill|15\/100\n|\n|-weather|Sandstorm|[upkeep]\n|-damage|p1a: Volcarona|73\/100|[from] Sandstorm\n|-heal|p2a: Excadrill|21\/100|[from] item: Leftovers\n|upkeep\n|turn|19\n|\n|switch|p1a: Landorus|Landorus-Therian, M|42\/100\n|-ability|p1a: Landorus|Intimidate|boost\n|-unboost|p2a: Excadrill|atk|1\n|move|p2a: Excadrill|Earthquake|p1a: Landorus\n|-immune|p1a: Landorus\n|\n|-weather|Sandstorm|[upkeep]\n|-heal|p2a: Excadrill|27\/100|[from] item: Leftovers\n|upkeep\n|turn|20\n|c| TheDarkSwirl|hp ground\n|c| TheDarkSwirl|wtf\n|\n|switch|p2a: Tornadus|Tornadus-Therian, M|100\/100\n|move|p1a: Landorus|U-turn|p2a: Tornadus\n|-resisted|p2a: Tornadus\n|-damage|p2a: Tornadus|83\/100\n|\n|switch|p1a: Tyranitar|Tyranitar, F|100\/100\n|-status|p1a: Tyranitar|psn\n|\n|-weather|Sandstorm|[upkeep]\n|-damage|p2a: Tornadus|77\/100|[from] Sandstorm\n|-damage|p1a: Tyranitar|88\/100 psn|[from] psn\n|upkeep\n|turn|21\n|\n|move|p2a: Tornadus|U-turn|p1a: Tyranitar\n|-supereffective|p1a: Tyranitar\n|-damage|p1a: Tyranitar|62\/100 psn\n|\n|switch|p2a: Celesteela|Celesteela|100\/100\n|move|p1a: Tyranitar|Stone Edge|p2a: Celesteela\n|-damage|p2a: Celesteela|43\/100\n|\n|-weather|Sandstorm|[upkeep]\n|-heal|p2a: Celesteela|49\/100|[from] item: Leftovers\n|-damage|p1a: Tyranitar|49\/100 psn|[from] psn\n|upkeep\n|turn|22\n|c| Alfabulous|hes based\n|c| Cpt funky fresh|You say it like its a unset\n|c| TheDarkSwirl|he has a ttar tho\n|c| LLG Komodo|interesting\n|c| TheDarkSwirl|doesnt need it\n|c| LLG Komodo|the ttar is merely a lure\n|c| LLG Komodo|oh wait\n|c| Alfabulous|if you can see\n|\n|switch|p1a: Volcarona|Volcarona, M|73\/100\n|-status|p1a: Volcarona|psn\n|move|p2a: Celesteela|Protect||[still]\n|-fail|p2a: Celesteela\n|\n|-weather|none\n|-heal|p2a: Celesteela|55\/100|[from] item: Leftovers\n|-damage|p1a: Volcarona|60\/100 psn|[from] psn\n|upkeep\n|turn|23\n|c| LLG Komodo|\"Death Fodder\n|c| Alfabulous|gren wins now\n|c| ShadowTash|Hows he beating reuni?\n|\n|switch|p1a: Greninja|Greninja, M|100\/100\n|-status|p1a: Greninja|psn\n|switch|p2a: Tornadus|Tornadus-Therian, M|100\/100\n|\n|-damage|p1a: Greninja|88\/100 psn|[from] psn\n|upkeep\n|turn|24\n|c| TheDarkSwirl|its scarf gren lmao\n|c| Cpt funky fresh|Oh wait\n|c| TheDarkSwirl|wont kill\n|\n|switch|p1a: Tyranitar|Tyranitar, F|49\/100 psn\n|-weather|Sandstorm|[from] ability: Sand Stream|[of] p1a: Tyranitar\n|-zpower|p2a: Tornadus\n|move|p2a: Tornadus|Supersonic Skystrike|p1a: Tyranitar|[zeffect]\n|-resisted|p1a: Tyranitar\n|-damage|p1a: Tyranitar|21\/100 psn\n|\n|-weather|Sandstorm|[upkeep]\n|-damage|p2a: Tornadus|94\/100|[from] Sandstorm\n|-damage|p1a: Tyranitar|9\/100 psn|[from] psn\n|upkeep\n|turn|25\n|c| Cpt funky fresh|Its psychic and hp ground\n|\n|move|p2a: Tornadus|U-turn|p1a: Tyranitar\n|-supereffective|p1a: Tyranitar\n|-damage|p1a: Tyranitar|0 fnt\n|faint|p1a: Tyranitar\n|c| Cpt funky fresh|Ass set\n|\n|switch|p2a: Celesteela|Celesteela|55\/100\n|\n|-weather|Sandstorm|[upkeep]\n|-heal|p2a: Celesteela|61\/100|[from] item: Leftovers\n|upkeep\n|c| Alfabulous|oh its scarf\n|c| TheDarkSwirl|ew\n|\n|switch|p1a: Volcarona|Volcarona, M|60\/100 psn\n|turn|26\n|\n|switch|p2a: Tyranitar|Tyranitar-Mega, M|66\/100 par\n|move|p1a: Volcarona|Quiver Dance|p1a: Volcarona\n|-boost|p1a: Volcarona|spa|1\n|-boost|p1a: Volcarona|spd|1\n|-boost|p1a: Volcarona|spe|1\n|\n|-weather|Sandstorm|[upkeep]\n|-damage|p1a: Volcarona|54\/100 psn|[from] Sandstorm\n|-damage|p1a: Volcarona|42\/100 psn|[from] psn\n|upkeep\n|turn|27\n|c| LLG Komodo|inb4 roost\n|\n|move|p1a: Volcarona|Hidden Power|p2a: Tyranitar\n|-supereffective|p2a: Tyranitar\n|-damage|p2a: Tyranitar|34\/100 par\n|move|p2a: Tyranitar|Stealth Rock|p1a: Volcarona\n|-sidestart|p1: Flinch Haxxx|move: Stealth Rock\n|\n|-weather|Sandstorm|[upkeep]\n|-damage|p1a: Volcarona|36\/100 psn|[from] Sandstorm\n|-damage|p1a: Volcarona|24\/100 psn|[from] psn\n|upkeep\n|turn|28\n|c| TheDarkSwirl|no para for u\n|c| Cpt funky fresh|I will fucking leave this battle if it is roost\n|c| TheDarkSwirl|LOL\n|\n|move|p1a: Volcarona|Fire Blast|p2a: Tyranitar\n|-resisted|p2a: Tyranitar\n|-damage|p2a: Tyranitar|11\/100 par\n|move|p2a: Tyranitar|Stone Edge|p1a: Volcarona\n|-supereffective|p1a: Volcarona\n|-damage|p1a: Volcarona|0 fnt\n|faint|p1a: Volcarona\n|\n|-weather|none\n|upkeep\n|c| TheDarkSwirl|do they use roost on psyc z?\n|\n|switch|p1a: Landorus|Landorus-Therian, M|42\/100\n|-damage|p1a: Landorus|30\/100|[from] Stealth Rock\n|-ability|p1a: Landorus|Intimidate|boost\n|-unboost|p2a: Tyranitar|atk|1\n|turn|29\n|c| ShadowTash|No\n|c| Cpt funky fresh|No\n|\n|switch|p2a: Celesteela|Celesteela|61\/100\n|move|p1a: Landorus|Defog|p2a: Celesteela\n|-unboost|p2a: Celesteela|evasion|1\n|-sideend|p1: Flinch Haxxx|Toxic Spikes|[from] move: Defog|[of] p1a: Landorus\n|-sideend|p1: Flinch Haxxx|Stealth Rock|[from] move: Defog|[of] p1a: Landorus\n|\n|-heal|p2a: Celesteela|67\/100|[from] item: Leftovers\n|upkeep\n|turn|30\n|c| LLG Komodo|roost is only ran on volc with bug and flame\n|c| Cpt funky fresh|Nor do they use psychic and hp ground on the same set\n|\n|switch|p1a: Greninja|Greninja, M|88\/100 psn\n|move|p2a: Celesteela|Flamethrower|p1a: Greninja\n|-resisted|p1a: Greninja\n|-damage|p1a: Greninja|71\/100 psn\n|\n|-heal|p2a: Celesteela|73\/100|[from] item: Leftovers\n|-damage|p1a: Greninja|59\/100 psn|[from] psn\n|upkeep\n|turn|31\n|\n|move|p2a: Celesteela|Protect|p2a: Celesteela\n|-singleturn|p2a: Celesteela|Protect\n|move|p1a: Greninja|Hydro Pump|p2a: Celesteela\n|-activate|p2a: Celesteela|move: Protect\n|\n|-heal|p2a: Celesteela|79\/100|[from] item: Leftovers\n|-damage|p1a: Greninja|47\/100 psn|[from] psn\n|upkeep\n|turn|32\n|c| TheDarkSwirl|ive seen psyc ground\n|\n|move|p1a: Greninja|Hydro Pump|p2a: Celesteela\n|-damage|p2a: Celesteela|22\/100\n|move|p2a: Celesteela|Heavy Slam|p1a: Greninja\n|-resisted|p1a: Greninja\n|-damage|p1a: Greninja|13\/100 psn\n|\n|-heal|p2a: Celesteela|28\/100|[from] item: Leftovers\n|-damage|p1a: Greninja|1\/100 psn|[from] psn\n|upkeep\n|turn|33\n|c|\u2606why addicted|ez\n|\n|switch|p1a: Landorus|Landorus-Therian, M|30\/100\n|-ability|p1a: Landorus|Intimidate|boost\n|-unboost|p2a: Celesteela|atk|1\n|move|p2a: Celesteela|Protect||[still]\n|-fail|p2a: Celesteela\n|\n|-heal|p2a: Celesteela|34\/100|[from] item: Leftovers\n|upkeep\n|turn|34\n|c| Cpt funky fresh|Damn\n|c| TheDarkSwirl|wait is he scarf defog lando LOL\n|\n|switch|p1a: Ferrothorn|Ferrothorn, F|96\/100\n|move|p2a: Celesteela|Protect||[still]\n|-fail|p2a: Celesteela\n|\n|-heal|p2a: Celesteela|40\/100|[from] item: Leftovers\n|-heal|p1a: Ferrothorn|100\/100|[from] item: Leftovers\n|upkeep\n|turn|35\n|c| Cpt funky fresh|And the pop off commence\n|l| Alfabulous\n|\n|move|p2a: Celesteela|Flamethrower|p1a: Ferrothorn\n|-supereffective|p1a: Ferrothorn\n|-damage|p1a: Ferrothorn|44\/100\n|move|p1a: Ferrothorn|Stealth Rock|p2a: Celesteela\n|-sidestart|p2: why addicted|move: Stealth Rock\n|\n|-heal|p2a: Celesteela|46\/100|[from] item: Leftovers\n|-heal|p1a: Ferrothorn|50\/100|[from] item: Leftovers\n|upkeep\n|turn|36\n|c| ShadowTash|I mean he has no removal otherwise\n|\n|move|p2a: Celesteela|Flamethrower|p1a: Ferrothorn\n|-supereffective|p1a: Ferrothorn\n|-damage|p1a: Ferrothorn|0 fnt\n|faint|p1a: Ferrothorn\n|-ability|p2a: Celesteela|Beast Boost|boost\n|-boost|p2a: Celesteela|def|1\n|\n|-heal|p2a: Celesteela|52\/100|[from] item: Leftovers\n|upkeep\n|\n|switch|p1a: Landorus|Landorus-Therian, M|30\/100\n|-ability|p1a: Landorus|Intimidate|boost\n|-unboost|p2a: Celesteela|atk|1\n|turn|37\n|c| TheDarkSwirl|zapdos\n|\n|move|p2a: Celesteela|Protect|p2a: Celesteela\n|-singleturn|p2a: Celesteela|Protect\n|move|p1a: Landorus|Hidden Power|p2a: Celesteela\n|-activate|p2a: Celesteela|move: Protect\n|\n|-heal|p2a: Celesteela|58\/100|[from] item: Leftovers\n|upkeep\n|turn|38\n|\n|move|p1a: Landorus|Hidden Power|p2a: Celesteela\n|-damage|p2a: Celesteela|47\/100\n|move|p2a: Celesteela|Leech Seed|p1a: Landorus\n|-start|p1a: Landorus|move: Leech Seed\n|\n|-heal|p2a: Celesteela|53\/100|[from] item: Leftovers\n|-damage|p1a: Landorus|18\/100|[from] Leech Seed|[of] p2a: Celesteela\n|-heal|p2a: Celesteela|64\/100|[silent]\n|upkeep\n|turn|39\n|c| ShadowTash|Oh shit\n|\n|move|p2a: Celesteela|Protect|p2a: Celesteela\n|-singleturn|p2a: Celesteela|Protect\n|move|p1a: Landorus|Hidden Power|p2a: Celesteela\n|-activate|p2a: Celesteela|move: Protect\n|\n|-heal|p2a: Celesteela|70\/100|[from] item: Leftovers\n|-damage|p1a: Landorus|5\/100|[from] Leech Seed|[of] p2a: Celesteela\n|-heal|p2a: Celesteela|81\/100|[silent]\n|upkeep\n|turn|40\n|\n|move|p1a: Landorus|Hidden Power|p2a: Celesteela\n|-damage|p2a: Celesteela|70\/100\n|move|p2a: Celesteela|Heavy Slam|p1a: Landorus\n|-damage|p1a: Landorus|0 fnt\n|faint|p1a: Landorus\n|-ability|p2a: Celesteela|Beast Boost|boost\n|-boost|p2a: Celesteela|def|1\n|\n|-heal|p2a: Celesteela|76\/100|[from] item: Leftovers\n|upkeep\n|c| ShadowTash|Forgot zap was there\n|c|\u2606Flinch Haxxx|Gg\n|c|\u2606why addicted|gg\n|c|\u2606Flinch Haxxx|shit volc set\n|c| Cpt funky fresh|^\n|\n|switch|p1a: Greninja|Greninja, M|1\/100 psn\n|turn|41\n|c| Cpt funky fresh|Very\n|\n|move|p2a: Celesteela|Protect|p2a: Celesteela\n|-singleturn|p2a: Celesteela|Protect\n|move|p1a: Greninja|Hydro Pump|p2a: Celesteela\n|-activate|p2a: Celesteela|move: Protect\n|\n|-heal|p2a: Celesteela|82\/100|[from] item: Leftovers\n|-damage|p1a: Greninja|0 fnt|[from] psn\n|faint|p1a: Greninja\n|\n|win|why addicted\n|upkeep\n|c| ShadowTash|Then why use it?\n|c|\u2606Flinch Haxxx|Don\u2019t fucking kow\n|c|\u2606Flinch Haxxx|know\n|l|\u2606Flinch Haxxx\n|l| ShadowTash\n","uploadtime":1553991714,"views":96,"p1id":"flinchhaxxx","p2id":"whyaddicted","formatid":"gen7ou","rating":0,"private":0,"password":null}