{"id":"gen7ou-866645276","p1":"Line38324","p2":"orangesss","format":"gen7ou","log":"|j|\u2606Line38324\n|j|\u2606orangesss\n|player|p1|Line38324|8\n|player|p2|orangesss|269\n|teamsize|p1|6\n|teamsize|p2|6\n|gametype|singles\n|gen|7\n|tier|[Gen 7] OU\n|rated|\n|rule|Sleep Clause Mod: Limit one foe put to sleep\n|rule|Species Clause: Limit one of each Pok\u00e9mon\n|rule|OHKO Clause: OHKO moves are banned\n|rule|Moody Clause: Moody is banned\n|rule|Evasion Moves Clause: Evasion moves are banned\n|rule|Endless Battle Clause: Forcing endless battles is banned\n|rule|HP Percentage Mod: HP is shown in percentages\n|clearpoke\n|poke|p1|Landorus-Therian, M|item\n|poke|p1|Magearna|item\n|poke|p1|Charizard, M|item\n|poke|p1|Kartana|item\n|poke|p1|Hoopa-Unbound|item\n|poke|p1|Rotom-Wash|item\n|poke|p2|Hawlucha, M|item\n|poke|p2|Swampert, M|item\n|poke|p2|Ferrothorn, F|item\n|poke|p2|Pelipper, M|item\n|poke|p2|Tapu Koko|item\n|poke|p2|Kartana|item\n|teampreview\n|inactive|Battle timer is ON: inactive players will automatically lose when time's up. (requested by Line38324)\n|inactive|orangesss also wants the timer to be on.\n|\n|start\n|switch|p1a: Magearna|Magearna|100\/100\n|switch|p2a: Birdman|Tapu Koko|100\/100\n|-fieldstart|move: Electric Terrain|[from] ability: Electric Surge|[of] p2a: Birdman\n|turn|1\n|\n|move|p2a: Birdman|Nature's Madness|p1a: Magearna\n|-damage|p1a: Magearna|50\/100\n|move|p1a: Magearna|Volt Switch|p2a: Birdman\n|-resisted|p2a: Birdman\n|-damage|p2a: Birdman|75\/100\n|\n|switch|p1a: Landorus|Landorus-Therian, M|100\/100\n|-ability|p1a: Landorus|Intimidate|boost\n|-unboost|p2a: Birdman|atk|1\n|\n|upkeep\n|turn|2\n|\n|switch|p2a: Hate rain :(|Ferrothorn, F|100\/100\n|move|p1a: Landorus|U-turn|p2a: Hate rain :(\n|-damage|p2a: Hate rain :(|84\/100\n|-damage|p1a: Landorus|88\/100|[from] ability: Iron Barbs|[of] p2a: Hate rain :(\n|\n|switch|p1a: Hoopa|Hoopa-Unbound|100\/100\n|\n|-heal|p2a: Hate rain :(|91\/100|[from] item: Leftovers\n|upkeep\n|turn|3\n|\n|move|p1a: Hoopa|Fire Punch|p2a: Hate rain :(\n|-supereffective|p2a: Hate rain :(\n|-damage|p2a: Hate rain :(|0 fnt\n|-damage|p1a: Hoopa|88\/100|[from] ability: Iron Barbs|[of] p2a: Hate rain :(\n|faint|p2a: Hate rain :(\n|\n|upkeep\n|\n|switch|p2a: Birdman|Tapu Koko|75\/100\n|turn|4\n|\n|switch|p1a: Landorus|Landorus-Therian, M|88\/100\n|-ability|p1a: Landorus|Intimidate|boost\n|-unboost|p2a: Birdman|atk|1\n|move|p2a: Birdman|Dazzling Gleam|p1a: Landorus\n|-damage|p1a: Landorus|47\/100\n|\n|upkeep\n|turn|5\n|inactive|orangesss has 120 seconds left.\n|\n|switch|p2a: Nappy love|Pelipper, M|100\/100\n|-weather|RainDance|[from] ability: Drizzle|[of] p2a: Nappy love\n|move|p1a: Landorus|U-turn|p2a: Nappy love\n|-resisted|p2a: Nappy love\n|-damage|p2a: Nappy love|88\/100\n|\n|switch|p1a: Hoopa|Hoopa-Unbound|88\/100\n|\n|-weather|RainDance|[upkeep]\n|-fieldend|move: Electric Terrain\n|upkeep\n|turn|6\n|\n|move|p1a: Hoopa|Hyperspace Fury|p2a: Nappy love\n|-damage|p2a: Nappy love|1\/100\n|-unboost|p1a: Hoopa|def|1\n|move|p2a: Nappy love|U-turn|p1a: Hoopa\n|-supereffective|p1a: Hoopa\n|-damage|p1a: Hoopa|0 fnt\n|faint|p1a: Hoopa\n|\n|switch|p2a: arsonist|Kartana|100\/100\n|\n|-weather|RainDance|[upkeep]\n|upkeep\n|\n|switch|p1a: Charizard|Charizard, M|100\/100\n|turn|7\n|inactive|orangesss has 120 seconds left.\n|\n|switch|p2a: Nappy love|Pelipper, M|1\/100\n|detailschange|p1a: Charizard|Charizard-Mega-Y, M\n|-mega|p1a: Charizard|Charizard|Charizardite Y\n|-weather|SunnyDay|[from] ability: Drought|[of] p1a: Charizard\n|move|p1a: Charizard|Flamethrower|p2a: Nappy love\n|-resisted|p2a: Nappy love\n|-damage|p2a: Nappy love|0 fnt\n|faint|p2a: Nappy love\n|\n|-weather|SunnyDay|[upkeep]\n|upkeep\n|\n|switch|p2a: Birdman|Tapu Koko|75\/100\n|-fieldstart|move: Electric Terrain|[from] ability: Electric Surge|[of] p2a: Birdman\n|turn|8\n|\n|-zpower|p2a: Birdman\n|move|p2a: Birdman|Twinkle Tackle|p1a: Charizard|[zeffect]\n|-resisted|p1a: Charizard\n|-damage|p1a: Charizard|68\/100\n|move|p1a: Charizard|Flamethrower|p2a: Birdman\n|-damage|p2a: Birdman|0 fnt\n|faint|p2a: Birdman\n|\n|-weather|SunnyDay|[upkeep]\n|upkeep\n|inactive|orangesss has 120 seconds left.\n|\n|switch|p2a: Copypaste|Hawlucha, M|100\/100\n|-enditem|p2a: Copypaste|Electric Seed\n|-boost|p2a: Copypaste|def|1\n|turn|9\n|\n|move|p2a: Copypaste|Acrobatics|p1a: Charizard\n|-damage|p1a: Charizard|3\/100\n|move|p1a: Charizard|Flamethrower|p2a: Copypaste\n|-damage|p2a: Copypaste|0 fnt\n|faint|p2a: Copypaste\n|\n|-weather|SunnyDay|[upkeep]\n|upkeep\n|\n|switch|p2a: arsonist|Kartana|100\/100\n|turn|10\n|\n|move|p2a: arsonist|Sacred Sword|p1a: Charizard\n|-resisted|p1a: Charizard\n|-damage|p1a: Charizard|0 fnt\n|faint|p1a: Charizard\n|-ability|p2a: arsonist|Beast Boost|boost\n|-boost|p2a: arsonist|atk|1\n|\n|-weather|SunnyDay|[upkeep]\n|upkeep\n|\n|switch|p1a: Landorus|Landorus-Therian, M|47\/100\n|-ability|p1a: Landorus|Intimidate|boost\n|-unboost|p2a: arsonist|atk|1\n|turn|11\n|\n|move|p2a: arsonist|Sacred Sword|p1a: Landorus\n|-resisted|p1a: Landorus\n|-damage|p1a: Landorus|26\/100\n|move|p1a: Landorus|Hidden Power|p2a: arsonist\n|-supereffective|p2a: arsonist\n|-damage|p2a: arsonist|0 fnt\n|faint|p2a: arsonist\n|\n|-weather|none\n|upkeep\n|c|\u2606orangesss|gg\n|c|\u2606Line38324|Gg\n|-message|orangesss forfeited.\n|\n|win|Line38324\n|l|\u2606orangesss\n","uploadtime":1550946134,"views":69,"p1id":"line38324","p2id":"orangesss","formatid":"gen7ou","rating":0,"private":0,"password":null}