{"id":"gen7ou-863377374","p1":"NjBlou","p2":"orangesss","format":"gen7ou","log":"|j|\u2606NjBlou\n|j|\u2606orangesss\n|player|p1|NjBlou|92\n|player|p2|orangesss|269\n|teamsize|p1|6\n|teamsize|p2|6\n|gametype|singles\n|gen|7\n|tier|[Gen 7] OU\n|rated|\n|rule|Sleep Clause Mod: Limit one foe put to sleep\n|rule|Species Clause: Limit one of each Pok\u00e9mon\n|rule|OHKO Clause: OHKO moves are banned\n|rule|Moody Clause: Moody is banned\n|rule|Evasion Moves Clause: Evasion moves are banned\n|rule|Endless Battle Clause: Forcing endless battles is banned\n|rule|HP Percentage Mod: HP is shown in percentages\n|clearpoke\n|poke|p1|Marowak-Alola, F|item\n|poke|p1|Slowbro, F|item\n|poke|p1|Magearna|item\n|poke|p1|Ursaring, F|item\n|poke|p1|Porygon2|item\n|poke|p1|Mawile, M|item\n|poke|p2|Hawlucha, M|item\n|poke|p2|Swampert, F|item\n|poke|p2|Ferrothorn, F|item\n|poke|p2|Pelipper, M|item\n|poke|p2|Tapu Koko|item\n|poke|p2|Kartana|item\n|teampreview\n|inactive|Battle timer is ON: inactive players will automatically lose when time's up. (requested by orangesss)\n|\n|start\n|switch|p1a: Porygon2|Porygon2|100\/100\n|switch|p2a: Hate rain :(|Ferrothorn, F|100\/100\n|-ability|p1a: Porygon2|Download|boost\n|-boost|p1a: Porygon2|spa|1\n|turn|1\n|\n|move|p2a: Hate rain :(|Stealth Rock|p1a: Porygon2\n|-sidestart|p1: NjBlou|move: Stealth Rock\n|move|p1a: Porygon2|Trick Room|p1a: Porygon2\n|-fieldstart|move: Trick Room|[of] p1a: Porygon2\n|\n|upkeep\n|turn|2\n|\n|switch|p1a: Mawile|Mawile, M|100\/100\n|-damage|p1a: Mawile|94\/100|[from] Stealth Rock\n|-ability|p1a: Mawile|Intimidate|boost\n|-unboost|p2a: Hate rain :(|atk|1\n|move|p2a: Hate rain :(|Spikes|p1a: Mawile\n|-sidestart|p1: NjBlou|Spikes\n|\n|upkeep\n|turn|3\n|\n|move|p2a: Hate rain :(|Gyro Ball|p1a: Mawile\n|-damage|p1a: Mawile|79\/100\n|move|p1a: Mawile|Swords Dance|p1a: Mawile\n|-boost|p1a: Mawile|atk|2\n|\n|upkeep\n|turn|4\n|\n|detailschange|p1a: Mawile|Mawile-Mega, M\n|-mega|p1a: Mawile|Mawile|Mawilite\n|move|p2a: Hate rain :(|Gyro Ball|p1a: Mawile\n|-damage|p1a: Mawile|67\/100\n|move|p1a: Mawile|Fire Fang|p2a: Hate rain :(\n|-supereffective|p2a: Hate rain :(\n|-damage|p2a: Hate rain :(|0 fnt\n|-damage|p1a: Mawile|54\/100|[from] ability: Iron Barbs|[of] p2a: Hate rain :(\n|faint|p2a: Hate rain :(\n|\n|upkeep\n|\n|switch|p2a: S for Swampert|Swampert, F|100\/100\n|turn|5\n|\n|detailschange|p2a: S for Swampert|Swampert-Mega, F\n|-mega|p2a: S for Swampert|Swampert|Swampertite\n|move|p1a: Mawile|Play Rough|p2a: S for Swampert\n|-damage|p2a: S for Swampert|0 fnt\n|faint|p2a: S for Swampert\n|\n|-fieldend|move: Trick Room\n|upkeep\n|\n|switch|p2a: Birdman|Tapu Koko|100\/100\n|-fieldstart|move: Electric Terrain|[from] ability: Electric Surge|[of] p2a: Birdman\n|turn|6\n|\n|switch|p1a: Marowak|Marowak-Alola, F|100\/100\n|-damage|p1a: Marowak|88\/100|[from] Spikes\n|-damage|p1a: Marowak|64\/100|[from] Stealth Rock\n|move|p2a: Birdman|Volt Switch|p1a: Marowak\n|-ability|p1a: Marowak|Lightning Rod|boost\n|-boost|p1a: Marowak|spa|1\n|\n|upkeep\n|turn|7\n|\n|switch|p2a: Nappy love|Pelipper, M|100\/100\n|-weather|RainDance|[from] ability: Drizzle|[of] p2a: Nappy love\n|move|p1a: Marowak|Shadow Bone|p2a: Nappy love\n|-damage|p2a: Nappy love|37\/100\n|\n|-weather|RainDance|[upkeep]\n|upkeep\n|turn|8\n|\n|switch|p1a: Magearna|Magearna|100\/100\n|-damage|p1a: Magearna|88\/100|[from] Spikes\n|-damage|p1a: Magearna|82\/100|[from] Stealth Rock\n|move|p2a: Nappy love|U-turn|p1a: Magearna\n|-resisted|p1a: Magearna\n|-damage|p1a: Magearna|80\/100\n|\n|switch|p2a: Birdman|Tapu Koko|100\/100\n|\n|-weather|RainDance|[upkeep]\n|upkeep\n|turn|9\n|\n|switch|p1a: Marowak|Marowak-Alola, F|64\/100\n|-damage|p1a: Marowak|51\/100|[from] Spikes\n|-damage|p1a: Marowak|27\/100|[from] Stealth Rock\n|move|p2a: Birdman|Taunt|p1a: Marowak\n|-start|p1a: Marowak|move: Taunt\n|\n|-weather|RainDance|[upkeep]\n|upkeep\n|turn|10\n|\n|-zpower|p2a: Birdman\n|move|p2a: Birdman|Twinkle Tackle|p1a: Marowak|[zeffect]\n|-resisted|p1a: Marowak\n|-damage|p1a: Marowak|0 fnt\n|faint|p1a: Marowak\n|\n|-weather|RainDance|[upkeep]\n|-fieldend|move: Electric Terrain\n|upkeep\n|\n|switch|p1a: Porygon2|Porygon2|100\/100\n|-damage|p1a: Porygon2|88\/100|[from] Spikes\n|-damage|p1a: Porygon2|76\/100|[from] Stealth Rock\n|-ability|p1a: Porygon2|Download|boost\n|-boost|p1a: Porygon2|spa|1\n|turn|11\n|\n|move|p2a: Birdman|Taunt|p1a: Porygon2\n|-start|p1a: Porygon2|move: Taunt\n|move|p1a: Porygon2|Ice Beam|p2a: Birdman\n|-damage|p2a: Birdman|47\/100\n|\n|-weather|RainDance|[upkeep]\n|upkeep\n|turn|12\n|\n|move|p2a: Birdman|Volt Switch|p1a: Porygon2\n|-damage|p1a: Porygon2|56\/100\n|\n|switch|p2a: Nappy love|Pelipper, M|37\/100\n|move|p1a: Porygon2|Ice Beam|p2a: Nappy love\n|-damage|p2a: Nappy love|0 fnt\n|faint|p2a: Nappy love\n|\n|-weather|RainDance|[upkeep]\n|upkeep\n|\n|switch|p2a: arsonist|Kartana|100\/100\n|turn|13\n|\n|move|p2a: arsonist|Sacred Sword|p1a: Porygon2\n|-supereffective|p1a: Porygon2\n|-damage|p1a: Porygon2|15\/100\n|move|p1a: Porygon2|Ice Beam|p2a: arsonist\n|-damage|p2a: arsonist|1\/100\n|\n|-weather|RainDance|[upkeep]\n|-end|p1a: Porygon2|move: Taunt\n|upkeep\n|turn|14\n|\n|switch|p1a: Slowbro|Slowbro, F|100\/100\n|-damage|p1a: Slowbro|88\/100|[from] Stealth Rock\n|-damage|p1a: Slowbro|76\/100|[from] Spikes\n|move|p2a: arsonist|Sacred Sword|p1a: Slowbro\n|-resisted|p1a: Slowbro\n|-damage|p1a: Slowbro|64\/100\n|\n|-weather|none\n|upkeep\n|turn|15\n|\n|switch|p2a: Birdman|Tapu Koko|47\/100\n|-fieldstart|move: Electric Terrain|[from] ability: Electric Surge|[of] p2a: Birdman\n|move|p1a: Slowbro|Trick Room|p1a: Slowbro\n|-fieldstart|move: Trick Room|[of] p1a: Slowbro\n|\n|upkeep\n|turn|16\n|\n|switch|p1a: Porygon2|Porygon2|15\/100\n|-damage|p1a: Porygon2|3\/100|[from] Stealth Rock\n|-damage|p1a: Porygon2|0 fnt|[from] Spikes\n|faint|p1a: Porygon2\n|move|p2a: Birdman|Volt Switch|p1: Porygon2|[notarget]\n|-fail|p2a: Birdman\n|\n|upkeep\n|\n|switch|p1a: Mawile|Mawile-Mega, M|54\/100\n|-damage|p1a: Mawile|42\/100|[from] Spikes\n|-damage|p1a: Mawile|36\/100|[from] Stealth Rock\n|turn|17\n|\n|move|p1a: Mawile|Play Rough|p2a: Birdman\n|-damage|p2a: Birdman|0 fnt\n|faint|p2a: Birdman\n|\n|upkeep\n|\n|switch|p2a: arsonist|Kartana|1\/100\n|turn|18\n|\n|move|p1a: Mawile|Fire Fang|p2a: arsonist|[miss]\n|-miss|p1a: Mawile|p2a: arsonist\n|move|p2a: arsonist|Sacred Sword|p1a: Mawile\n|-damage|p1a: Mawile|0 fnt\n|faint|p1a: Mawile\n|-ability|p2a: arsonist|Beast Boost|boost\n|-boost|p2a: arsonist|atk|1\n|\n|upkeep\n|\n|switch|p1a: Magearna|Magearna|80\/100\n|-damage|p1a: Magearna|68\/100|[from] Spikes\n|-damage|p1a: Magearna|62\/100|[from] Stealth Rock\n|turn|19\n|\n|move|p1a: Magearna|Thunderbolt|p2a: arsonist\n|-resisted|p2a: arsonist\n|-damage|p2a: arsonist|0 fnt\n|faint|p2a: arsonist\n|-ability|p1a: Magearna|Soul-Heart|boost\n|-boost|p1a: Magearna|spa|1\n|\n|-fieldend|move: Electric Terrain\n|-fieldend|move: Trick Room\n|upkeep\n|\n|switch|p2a: Copypaste|Hawlucha, M|100\/100\n|turn|20\n|\n|move|p2a: Copypaste|High Jump Kick|p1a: Magearna\n|-damage|p1a: Magearna|14\/100\n|move|p1a: Magearna|Trick Room|p1a: Magearna\n|-fieldstart|move: Trick Room|[of] p1a: Magearna\n|\n|upkeep\n|turn|21\n|\n|move|p1a: Magearna|Thunderbolt|p2a: Copypaste\n|-supereffective|p2a: Copypaste\n|-damage|p2a: Copypaste|0 fnt\n|faint|p2a: Copypaste\n|\n|win|NjBlou\n|raw|NjBlou's rating: 1682 &rarr; <strong>1704<\/strong><br \/>(+22 for winning)\n|raw|orangesss's rating: 1703 &rarr; <strong>1682<\/strong><br \/>(-21 for losing)\n|l|\u2606orangesss\n","uploadtime":1550311139,"views":13,"p1id":"njblou","p2id":"orangesss","formatid":"gen7ou","rating":1682,"private":0,"password":null}