{"id":"gen7ou-735153400","p1":"10YearsOld4Life","p2":"BigL91","format":"gen7ou","log":"|j|\u260610YearsOld4Life\n|j|\u2606BigL91\n|player|p1|10YearsOld4Life|294\n|player|p2|BigL91|169\n|teamsize|p1|6\n|teamsize|p2|6\n|gametype|singles\n|gen|7\n|tier|[Gen 7] OU\n|rated|\n|rule|Sleep Clause Mod: Limit one foe put to sleep\n|rule|Species Clause: Limit one of each Pok\u00e9mon\n|rule|OHKO Clause: OHKO moves are banned\n|rule|Moody Clause: Moody is banned\n|rule|Evasion Moves Clause: Evasion moves are banned\n|rule|Endless Battle Clause: Forcing endless battles is banned\n|rule|HP Percentage Mod: HP is shown in percentages\n|clearpoke\n|poke|p1|Garchomp, M|item\n|poke|p1|Magnezone|item\n|poke|p1|Landorus-Therian, M|item\n|poke|p1|Magearna|item\n|poke|p1|Weavile, M|item\n|poke|p1|Pinsir, F|item\n|poke|p2|Landorus-Therian, M|item\n|poke|p2|Lopunny, M|item\n|poke|p2|Magearna|item\n|poke|p2|Heatran, M|item\n|poke|p2|Toxapex, M|item\n|poke|p2|Kartana|item\n|teampreview\n|\n|start\n|switch|p1a: Weavile|Weavile, M|100\/100\n|switch|p2a: Nenounette|Landorus-Therian, M|100\/100\n|-ability|p1a: Weavile|Pressure\n|-ability|p2a: Nenounette|Intimidate|boost\n|-unboost|p1a: Weavile|atk|1\n|turn|1\n|\n|switch|p2a: Patatosaure|Magearna|100\/100\n|move|p1a: Weavile|Icicle Crash|p2a: Patatosaure\n|-resisted|p2a: Patatosaure\n|-damage|p2a: Patatosaure|86\/100\n|-damage|p1a: Weavile|91\/100|[from] item: Life Orb\n|\n|upkeep\n|turn|2\n|\n|switch|p1a: Magearna|Magearna|100\/100\n|move|p2a: Patatosaure|Ice Beam|p1a: Magearna\n|-resisted|p1a: Magearna\n|-damage|p1a: Magearna|95\/100\n|\n|upkeep\n|turn|3\n|\n|switch|p2a: Ptigrou|Heatran, M|100\/100\n|move|p1a: Magearna|Volt Switch|p2a: Ptigrou\n|-damage|p2a: Ptigrou|84\/100\n|\n|switch|p1a: Pinsir|Pinsir, F|100\/100\n|\n|-heal|p2a: Ptigrou|90\/100|[from] item: Leftovers\n|upkeep\n|turn|4\n|\n|switch|p2a: Nenounette|Landorus-Therian, M|100\/100\n|-ability|p2a: Nenounette|Intimidate|boost\n|-fail|p1a: Pinsir|unboost|Attack|[from] ability: Hyper Cutter|[of] p1a: Pinsir\n|move|p1a: Pinsir|Swords Dance|p1a: Pinsir\n|-boost|p1a: Pinsir|atk|2\n|\n|upkeep\n|turn|5\n|\n|-mega|p1a: Pinsir|Pinsir|Pinsirite\n|detailschange|p1a: Pinsir|Pinsir-Mega, F\n|move|p1a: Pinsir|Frustration|p2a: Nenounette\n|-damage|p2a: Nenounette|0 fnt\n|faint|p2a: Nenounette\n|\n|upkeep\n|\n|switch|p2a: Lapinou|Lopunny, M, shiny|100\/100\n|turn|6\n|l|\u260610YearsOld4Life\n|player|p1|\n|j|\u260610YearsOld4Life\n|player|p1|10YearsOld4Life|294\n|\n|-mega|p2a: Lapinou|Lopunny|Lopunnite\n|detailschange|p2a: Lapinou|Lopunny-Mega, M, shiny\n|move|p2a: Lapinou|Fake Out|p1a: Pinsir\n|-damage|p1a: Pinsir|76\/100\n|cant|p1a: Pinsir|flinch\n|\n|upkeep\n|turn|7\n|\n|switch|p2a: Ptigrou|Heatran, M|90\/100\n|move|p1a: Pinsir|Quick Attack|p2a: Ptigrou\n|-resisted|p2a: Ptigrou\n|-damage|p2a: Ptigrou|66\/100\n|\n|-heal|p2a: Ptigrou|72\/100|[from] item: Leftovers\n|upkeep\n|turn|8\n|\n|move|p1a: Pinsir|Earthquake|p2a: Ptigrou\n|-supereffective|p2a: Ptigrou\n|-damage|p2a: Ptigrou|0 fnt\n|faint|p2a: Ptigrou\n|\n|upkeep\n|\n|switch|p2a: Lapinou|Lopunny-Mega, M, shiny|100\/100\n|turn|9\n|\n|move|p2a: Lapinou|Fake Out|p1a: Pinsir\n|-damage|p1a: Pinsir|54\/100\n|cant|p1a: Pinsir|flinch\n|\n|upkeep\n|turn|10\n|\n|move|p1a: Pinsir|Quick Attack|p2a: Lapinou\n|-supereffective|p2a: Lapinou\n|-damage|p2a: Lapinou|0 fnt\n|faint|p2a: Lapinou\n|\n|upkeep\n|-message|BigL91 forfeited.\n|\n|win|10YearsOld4Life\n|l|\u2606BigL91\n|raw|10YearsOld4Life's rating: 1574 &rarr; <strong>1592<\/strong><br \/>(+18 for winning)\n|raw|BigL91's rating: 1539 &rarr; <strong>1521<\/strong><br \/>(-18 for losing)\n","inputlog":null,"uploadtime":1524158139,"views":16,"p1id":"10yearsold4life","p2id":"bigl91","formatid":"gen7ou","rating":1521,"private":0,"password":null}