{"id":"gen7ou-1147428279","p1":"El Pipi 37","p2":"Trogba Trogba","format":"gen7ou","log":"|j|\u2606El Pipi 37\n|j|\u2606Trogba Trogba\n|player|p1|El Pipi 37|lucas|1483\n|player|p2|Trogba Trogba|lance|1526\n|teamsize|p1|6\n|teamsize|p2|6\n|gametype|singles\n|gen|7\n|tier|[Gen 7] OU\n|rated|\n|clearpoke\n|poke|p1|Toxicroak, F|item\n|poke|p1|Ferrothorn, F|item\n|poke|p1|Greninja, M|item\n|poke|p1|Beedrill, M|item\n|poke|p1|Pelipper, F|item\n|poke|p1|Landorus-Therian, M|item\n|poke|p2|Tapu Koko|item\n|poke|p2|Medicham, M|item\n|poke|p2|Tangrowth, F|item\n|poke|p2|Heatran, M|item\n|poke|p2|Landorus-Therian, M|item\n|poke|p2|Tyranitar, M|item\n|rule|Sleep Clause Mod: Limit one foe put to sleep\n|rule|Species Clause: Limit one of each Pok\u00e9mon\n|rule|OHKO Clause: OHKO moves are banned\n|rule|Moody Clause: Moody is banned\n|rule|Evasion Moves Clause: Evasion moves are banned\n|rule|Endless Battle Clause: Forcing endless battles is banned\n|rule|HP Percentage Mod: HP is shown in percentages\n|teampreview\n|inactive|Battle timer is ON: inactive players will automatically lose when time's up. (requested by El Pipi 37)\n|\n|start\n|switch|p1a: Bulldog|Landorus-Therian, M|100\/100\n|switch|p2a: Tyranitar|Tyranitar, M|100\/100\n|-ability|p1a: Bulldog|Intimidate|boost\n|-unboost|p2a: Tyranitar|atk|1\n|-weather|Sandstorm|[from] ability: Sand Stream|[of] p2a: Tyranitar\n|turn|1\n|\n|switch|p2a: Landorus|Landorus-Therian, M|100\/100\n|-ability|p2a: Landorus|Intimidate|boost\n|-unboost|p1a: Bulldog|atk|1\n|move|p1a: Bulldog|Stealth Rock|p2a: Landorus\n|-sidestart|p2: Trogba Trogba|move: Stealth Rock\n|\n|-weather|Sandstorm|[upkeep]\n|upkeep\n|turn|2\n|\n|switch|p1a: Sand\u00eda|Ferrothorn, F|100\/100\n|move|p2a: Landorus|U-turn|p1a: Sand\u00eda\n|-damage|p1a: Sand\u00eda|83\/100\n|-damage|p2a: Landorus|88\/100|[from] ability: Iron Barbs|[of] p1a: Sand\u00eda\n|\n|switch|p2a: Heatran|Heatran, M|100\/100|[from]move: U-turn\n|-damage|p2a: Heatran|88\/100|[from] Stealth Rock\n|\n|-weather|Sandstorm|[upkeep]\n|-heal|p1a: Sand\u00eda|89\/100|[from] item: Leftovers\n|upkeep\n|turn|3\n|\n|move|p2a: Heatran|Stealth Rock|p1a: Sand\u00eda\n|-sidestart|p1: El Pipi 37|move: Stealth Rock\n|move|p1a: Sand\u00eda|Spikes|p2a: Heatran\n|-sidestart|p2: Trogba Trogba|Spikes\n|\n|-weather|Sandstorm|[upkeep]\n|-heal|p1a: Sand\u00eda|95\/100|[from] item: Leftovers\n|upkeep\n|turn|4\n|\n|switch|p1a: Patas de Pollo|Pelipper, F|100\/100\n|-damage|p1a: Patas de Pollo|76\/100|[from] Stealth Rock\n|-weather|RainDance|[from] ability: Drizzle|[of] p1a: Patas de Pollo\n|-zpower|p2a: Heatran\n|move|p2a: Heatran|Inferno Overdrive|p1a: Patas de Pollo|[zeffect]\n|-resisted|p1a: Patas de Pollo\n|-damage|p1a: Patas de Pollo|50\/100\n|\n|-weather|RainDance|[upkeep]\n|upkeep\n|turn|5\n|\n|move|p2a: Heatran|Taunt|p1a: Patas de Pollo\n|-start|p1a: Patas de Pollo|move: Taunt\n|move|p1a: Patas de Pollo|U-turn|p2a: Heatran\n|-resisted|p2a: Heatran\n|-damage|p2a: Heatran|86\/100\n|\n|switch|p1a: Bulldog|Landorus-Therian, M|100\/100|[from]move: U-turn\n|-damage|p1a: Bulldog|88\/100|[from] Stealth Rock\n|-ability|p1a: Bulldog|Intimidate|boost\n|-unboost|p2a: Heatran|atk|1\n|\n|-weather|RainDance|[upkeep]\n|upkeep\n|turn|6\n|\n|switch|p2a: Landorus|Landorus-Therian, M|88\/100\n|-damage|p2a: Landorus|76\/100|[from] Stealth Rock\n|-ability|p2a: Landorus|Intimidate|boost\n|-unboost|p1a: Bulldog|atk|1\n|move|p1a: Bulldog|Smack Down|p2a: Landorus\n|-damage|p2a: Landorus|62\/100\n|-start|p2a: Landorus|Smack Down\n|\n|-weather|RainDance|[upkeep]\n|upkeep\n|turn|7\n|\n|move|p2a: Landorus|U-turn|p1a: Bulldog\n|-resisted|p1a: Bulldog\n|-damage|p1a: Bulldog|75\/100\n|\n|switch|p2a: Tangrowth|Tangrowth, F|100\/100|[from]move: U-turn\n|-damage|p2a: Tangrowth|88\/100|[from] Spikes\n|-damage|p2a: Tangrowth|76\/100|[from] Stealth Rock\n|move|p1a: Bulldog|Earthquake|p2a: Tangrowth\n|-resisted|p2a: Tangrowth\n|-damage|p2a: Tangrowth|62\/100\n|\n|-weather|RainDance|[upkeep]\n|upkeep\n|turn|8\n|\n|move|p1a: Bulldog|Explosion|p2a: Tangrowth\n|-damage|p2a: Tangrowth|14\/100\n|faint|p1a: Bulldog\n|move|p2a: Tangrowth|Giga Drain|p1: Bulldog|[notarget]\n|-fail|p2a: Tangrowth\n|\n|-weather|RainDance|[upkeep]\n|upkeep\n|\n|switch|p1a: Hechicero|Greninja, M|100\/100\n|-damage|p1a: Hechicero|88\/100|[from] Stealth Rock\n|turn|9\n|\n|move|p1a: Hechicero|Surf|p2a: Tangrowth\n|-resisted|p2a: Tangrowth\n|-damage|p2a: Tangrowth|0 fnt\n|faint|p2a: Tangrowth\n|-activate|p1a: Hechicero|ability: Battle Bond\n|detailschange|p1a: Hechicero|Greninja-Ash, M\n|\n|-weather|RainDance|[upkeep]\n|upkeep\n|\n|switch|p2a: Tyranitar|Tyranitar, M|100\/100\n|-damage|p2a: Tyranitar|88\/100|[from] Spikes\n|-damage|p2a: Tyranitar|76\/100|[from] Stealth Rock\n|-weather|Sandstorm|[from] ability: Sand Stream|[of] p2a: Tyranitar\n|turn|10\n|\n|switch|p1a: Sand\u00eda|Ferrothorn, F|95\/100\n|-damage|p1a: Sand\u00eda|89\/100|[from] Stealth Rock\n|move|p2a: Tyranitar|Rock Slide|p1a: Sand\u00eda\n|-resisted|p1a: Sand\u00eda\n|-damage|p1a: Sand\u00eda|76\/100\n|\n|-weather|Sandstorm|[upkeep]\n|-heal|p1a: Sand\u00eda|83\/100|[from] item: Leftovers\n|upkeep\n|turn|11\n|\n|switch|p2a: Tapu Koko|Tapu Koko|100\/100\n|-damage|p2a: Tapu Koko|88\/100|[from] Spikes\n|-damage|p2a: Tapu Koko|76\/100|[from] Stealth Rock\n|-fieldstart|move: Electric Terrain|[from] ability: Electric Surge|[of] p2a: Tapu Koko\n|move|p1a: Sand\u00eda|Leech Seed|p2a: Tapu Koko\n|-start|p2a: Tapu Koko|move: Leech Seed\n|\n|-weather|Sandstorm|[upkeep]\n|-damage|p2a: Tapu Koko|70\/100|[from] Sandstorm\n|-heal|p2a: Tapu Koko|76\/100|[from] item: Leftovers\n|-heal|p1a: Sand\u00eda|89\/100|[from] item: Leftovers\n|-damage|p2a: Tapu Koko|64\/100|[from] Leech Seed|[of] p1a: Sand\u00eda\n|-heal|p1a: Sand\u00eda|99\/100|[silent]\n|upkeep\n|turn|12\n|\n|move|p2a: Tapu Koko|Defog|p1a: Sand\u00eda\n|-unboost|p1a: Sand\u00eda|evasion|1\n|-sideend|p1: El Pipi 37|Stealth Rock|[from] move: Defog|[of] p2a: Tapu Koko\n|-sideend|p2: Trogba Trogba|Spikes|[from] move: Defog|[of] p2a: Tapu Koko\n|-sideend|p2: Trogba Trogba|Stealth Rock|[from] move: Defog|[of] p2a: Tapu Koko\n|move|p1a: Sand\u00eda|Spikes|p2a: Tapu Koko\n|-sidestart|p2: Trogba Trogba|Spikes\n|\n|-weather|Sandstorm|[upkeep]\n|-damage|p2a: Tapu Koko|58\/100|[from] Sandstorm\n|-heal|p2a: Tapu Koko|64\/100|[from] item: Leftovers\n|-heal|p1a: Sand\u00eda|100\/100|[from] item: Leftovers\n|-damage|p2a: Tapu Koko|52\/100|[from] Leech Seed|[of] p1a: Sand\u00eda\n|upkeep\n|turn|13\n|\n|switch|p2a: Heatran|Heatran, M|86\/100\n|-damage|p2a: Heatran|73\/100|[from] Spikes\n|move|p1a: Sand\u00eda|Spikes|p2a: Heatran\n|-sidestart|p2: Trogba Trogba|Spikes\n|\n|-weather|Sandstorm|[upkeep]\n|upkeep\n|turn|14\n|\n|switch|p1a: Patas de Pollo|Pelipper, F|50\/100\n|-weather|RainDance|[from] ability: Drizzle|[of] p1a: Patas de Pollo\n|move|p2a: Heatran|Magma Storm|p1a: Patas de Pollo|[miss]\n|-miss|p2a: Heatran|p1a: Patas de Pollo\n|\n|-weather|RainDance|[upkeep]\n|upkeep\n|turn|15\n|\n|move|p2a: Heatran|Stealth Rock|p1a: Patas de Pollo\n|-sidestart|p1: El Pipi 37|move: Stealth Rock\n|move|p1a: Patas de Pollo|Scald|p2a: Heatran\n|-supereffective|p2a: Heatran\n|-damage|p2a: Heatran|0 fnt\n|faint|p2a: Heatran\n|\n|-weather|RainDance|[upkeep]\n|-fieldend|move: Electric Terrain\n|upkeep\n|\n|switch|p2a: Tyranitar|Tyranitar, M|76\/100\n|-damage|p2a: Tyranitar|59\/100|[from] Spikes\n|-weather|Sandstorm|[from] ability: Sand Stream|[of] p2a: Tyranitar\n|turn|16\n|\n|-activate|p1a: Patas de Pollo|move: Pursuit\n|move|p2a: Tyranitar|Pursuit|p1a: Patas de Pollo|[from]Pursuit\n|-damage|p1a: Patas de Pollo|15\/100\n|switch|p1a: Sand\u00eda|Ferrothorn, F|100\/100\n|-damage|p1a: Sand\u00eda|94\/100|[from] Stealth Rock\n|\n|-weather|Sandstorm|[upkeep]\n|-heal|p1a: Sand\u00eda|100\/100|[from] item: Leftovers\n|upkeep\n|turn|17\n|inactive|El Pipi 37 has 120 seconds left.\n|\n|switch|p2a: Medicham|Medicham, M|100\/100\n|-damage|p2a: Medicham|84\/100|[from] Spikes\n|move|p1a: Sand\u00eda|Leech Seed|p2a: Medicham\n|-start|p2a: Medicham|move: Leech Seed\n|\n|-weather|Sandstorm|[upkeep]\n|-damage|p2a: Medicham|78\/100|[from] Sandstorm\n|-damage|p2a: Medicham|66\/100|[from] Leech Seed|[of] p1a: Sand\u00eda\n|upkeep\n|turn|18\n|inactive|El Pipi 37 has 120 seconds left.\n|\n|detailschange|p2a: Medicham|Medicham-Mega, M\n|-mega|p2a: Medicham|Medicham|Medichamite\n|move|p2a: Medicham|High Jump Kick|p1a: Sand\u00eda\n|-supereffective|p1a: Sand\u00eda\n|-damage|p1a: Sand\u00eda|0 fnt\n|-damage|p2a: Medicham|53\/100|[from] ability: Iron Barbs|[of] p1a: Sand\u00eda\n|faint|p1a: Sand\u00eda\n|\n|-weather|Sandstorm|[upkeep]\n|-damage|p2a: Medicham|47\/100|[from] Sandstorm\n|upkeep\n|\n|switch|p1a: Hechicero|Greninja-Ash, M|88\/100\n|-damage|p1a: Hechicero|76\/100|[from] Stealth Rock\n|turn|19\n|\n|move|p1a: Hechicero|Water Shuriken|p2a: Medicham\n|-damage|p2a: Medicham|15\/100\n|-damage|p2a: Medicham|0 fnt\n|-hitcount|p2a: Medicham|2\n|faint|p2a: Medicham\n|\n|-weather|Sandstorm|[upkeep]\n|-damage|p1a: Hechicero|70\/100|[from] Sandstorm\n|upkeep\n|\n|switch|p2a: Tyranitar|Tyranitar, M|59\/100\n|-damage|p2a: Tyranitar|43\/100|[from] Spikes\n|turn|20\n|\n|move|p1a: Hechicero|Water Shuriken|p2a: Tyranitar\n|-supereffective|p2a: Tyranitar\n|-damage|p2a: Tyranitar|31\/100\n|-supereffective|p2a: Tyranitar\n|-damage|p2a: Tyranitar|21\/100\n|-supereffective|p2a: Tyranitar\n|-damage|p2a: Tyranitar|9\/100\n|-hitcount|p2a: Tyranitar|3\n|move|p2a: Tyranitar|Rock Slide|p1a: Hechicero\n|-damage|p1a: Hechicero|10\/100\n|\n|-weather|none\n|upkeep\n|turn|21\n|\n|move|p1a: Hechicero|Water Shuriken|p2a: Tyranitar\n|-supereffective|p2a: Tyranitar\n|-damage|p2a: Tyranitar|0 fnt\n|-hitcount|p2a: Tyranitar|1\n|faint|p2a: Tyranitar\n|\n|upkeep\n|\n|switch|p2a: Tapu Koko|Tapu Koko|52\/100\n|-damage|p2a: Tapu Koko|35\/100|[from] Spikes\n|-fieldstart|move: Electric Terrain|[from] ability: Electric Surge|[of] p2a: Tapu Koko\n|turn|22\n|\n|move|p1a: Hechicero|Water Shuriken|p2a: Tapu Koko\n|-damage|p2a: Tapu Koko|5\/100\n|-damage|p2a: Tapu Koko|0 fnt\n|-hitcount|p2a: Tapu Koko|2\n|faint|p2a: Tapu Koko\n|\n|upkeep\n|-message|Trogba Trogba forfeited.\n|\n|win|El Pipi 37\n|l|\u2606Trogba Trogba\n","uploadtime":1594221357,"views":7,"p1id":"elpipi37","p2id":"trogbatrogba","formatid":"gen7ou","rating":0,"private":0,"password":null}