{"id":"gen7ou-1704132547","p1":"Lucians Call","p2":"BTLT007RunRunRun","format":"gen7ou","log":"|raw|<div class=\"broadcast-blue\"><strong>This battle is required to be public due to a player having a name starting with 'btlt007'.<\/div>\n|j|\u2606Lucians Call\n|j|\u2606BTLT007RunRunRun\n|t:|1667746798\n|gametype|singles\n|player|p1|Lucians Call|furisodegirl-blue|1765\n|player|p2|BTLT007RunRunRun|emma|1653\n|teamsize|p1|6\n|teamsize|p2|6\n|gen|7\n|tier|[Gen 7] OU\n|rated|\n|rule|Sleep Clause Mod: Limit one foe put to sleep\n|rule|Species Clause: Limit one of each Pok\u00e9mon\n|rule|OHKO Clause: OHKO moves are banned\n|rule|Moody Clause: Moody is banned\n|rule|Evasion Items Clause: Evasion items are banned\n|rule|Evasion Moves Clause: Evasion moves are banned\n|rule|Endless Battle Clause: Forcing endless battles is banned\n|rule|HP Percentage Mod: HP is shown in percentages\n|clearpoke\n|poke|p1|Magnezone|item\n|poke|p1|Tapu Bulu|item\n|poke|p1|Garchomp, M|item\n|poke|p1|Kyurem-Black|item\n|poke|p1|Alakazam, F|item\n|poke|p1|Tornadus-Therian, M|item\n|poke|p2|Kommo-o, F|item\n|poke|p2|Landorus-Therian, M|item\n|poke|p2|Serperior, M|item\n|poke|p2|Greninja, M|item\n|poke|p2|Diancie|item\n|poke|p2|Celesteela|item\n|teampreview\n|inactive|Battle timer is ON: inactive players will automatically lose when time's up. (requested by Lucians Call)\n|j| BTLT007Brandonlee1\n|\n|t:|1667746815\n|start\n|switch|p1a: Tapu Bulu|Tapu Bulu|100\/100\n|switch|p2a: Landorus|Landorus-Therian, M|100\/100\n|-ability|p2a: Landorus|Intimidate|boost\n|-unboost|p1a: Tapu Bulu|atk|1\n|-fieldstart|move: Grassy Terrain|[from] ability: Grassy Surge|[of] p1a: Tapu Bulu\n|turn|1\n|\n|t:|1667746825\n|switch|p1a: Garchomp|Garchomp, M|100\/100\n|move|p2a: Landorus|Stealth Rock|p1a: Garchomp\n|-sidestart|p1: Lucians Call|move: Stealth Rock\n|\n|upkeep\n|turn|2\n|\n|t:|1667746830\n|switch|p2a: Diancie|Diancie|100\/100\n|move|p1a: Garchomp|Stealth Rock|p2a: Diancie\n|-sidestart|p2: BTLT007RunRunRun|move: Stealth Rock\n|\n|upkeep\n|turn|3\n|inactive|Lucians Call has 120 seconds left.\n|\n|t:|1667746861\n|switch|p1a: Kyurem|Kyurem-Black|100\/100\n|-damage|p1a: Kyurem|76\/100|[from] Stealth Rock\n|-ability|p1a: Kyurem|Teravolt\n|detailschange|p2a: Diancie|Diancie-Mega\n|-mega|p2a: Diancie|Diancie|Diancite\n|move|p2a: Diancie|Moonblast|p1a: Kyurem\n|-supereffective|p1a: Kyurem\n|-damage|p1a: Kyurem|0 fnt\n|faint|p1a: Kyurem\n|\n|upkeep\n|\n|t:|1667746865\n|switch|p1a: Magnezone|Magnezone|100\/100\n|-damage|p1a: Magnezone|94\/100|[from] Stealth Rock\n|turn|4\n|\n|t:|1667746882\n|move|p1a: Magnezone|Flash Cannon|p2a: Diancie\n|-supereffective|p2a: Diancie\n|-damage|p2a: Diancie|0 fnt\n|faint|p2a: Diancie\n|\n|-heal|p1a: Magnezone|100\/100|[from] Grassy Terrain\n|upkeep\n|\n|t:|1667746891\n|switch|p2a: Celesteela|Celesteela|100\/100\n|-damage|p2a: Celesteela|88\/100|[from] Stealth Rock\n|turn|5\n|\n|t:|1667746894\n|switch|p1a: Garchomp|Garchomp, M|100\/100\n|-damage|p1a: Garchomp|94\/100|[from] Stealth Rock\n|move|p2a: Celesteela|Autotomize|p2a: Celesteela\n|-boost|p2a: Celesteela|spe|2\n|-start|p2a: Celesteela|Autotomize\n|\n|-heal|p1a: Garchomp|100\/100|[from] Grassy Terrain\n|-fieldend|move: Grassy Terrain\n|upkeep\n|turn|6\n|\n|t:|1667746898\n|move|p2a: Celesteela|Air Slash|p1a: Garchomp\n|-damage|p1a: Garchomp|70\/100\n|move|p1a: Garchomp|Dragon Tail|p2a: Celesteela\n|-resisted|p2a: Celesteela\n|-crit|p2a: Celesteela\n|-damage|p2a: Celesteela|69\/100\n|drag|p2a: Kommo-o|Kommo-o, F|100\/100\n|-damage|p2a: Kommo-o|94\/100|[from] Stealth Rock\n|\n|upkeep\n|turn|7\n|\n|t:|1667746909\n|move|p2a: Kommo-o|Dragon Dance|p2a: Kommo-o\n|-boost|p2a: Kommo-o|atk|1\n|-boost|p2a: Kommo-o|spe|1\n|move|p1a: Garchomp|Dragon Tail|p2a: Kommo-o\n|-supereffective|p2a: Kommo-o\n|-damage|p2a: Kommo-o|40\/100\n|drag|p2a: Celesteela|Celesteela|69\/100\n|-damage|p2a: Celesteela|56\/100|[from] Stealth Rock\n|\n|upkeep\n|turn|8\n|\n|t:|1667746915\n|move|p2a: Celesteela|Air Slash|p1a: Garchomp\n|-damage|p1a: Garchomp|35\/100\n|move|p1a: Garchomp|Dragon Tail|p2a: Celesteela|[miss]\n|-miss|p1a: Garchomp|p2a: Celesteela\n|\n|upkeep\n|turn|9\n|\n|t:|1667746920\n|move|p2a: Celesteela|Autotomize|p2a: Celesteela\n|-boost|p2a: Celesteela|spe|2\n|-start|p2a: Celesteela|Autotomize\n|move|p1a: Garchomp|Dragon Tail|p2a: Celesteela\n|-resisted|p2a: Celesteela\n|-damage|p2a: Celesteela|43\/100\n|drag|p2a: Kommo-o|Kommo-o, F|40\/100\n|-damage|p2a: Kommo-o|34\/100|[from] Stealth Rock\n|\n|upkeep\n|turn|10\n|\n|t:|1667746924\n|-zpower|p2a: Kommo-o\n|move|p2a: Kommo-o|Clangorous Soulblaze|p1a: Garchomp|[zeffect]\n|-supereffective|p1a: Garchomp\n|-damage|p1a: Garchomp|0 fnt\n|faint|p1a: Garchomp\n|-boost|p2a: Kommo-o|atk|1\n|-boost|p2a: Kommo-o|def|1\n|-boost|p2a: Kommo-o|spa|1\n|-boost|p2a: Kommo-o|spd|1\n|-boost|p2a: Kommo-o|spe|1\n|\n|upkeep\n|\n|t:|1667746927\n|switch|p1a: Alakazam|Alakazam, F|100\/100\n|turn|11\n|\n|t:|1667746935\n|detailschange|p1a: Alakazam|Alakazam-Mega, F\n|-mega|p1a: Alakazam|Alakazam|Alakazite\n|-ability|p1a: Alakazam|Overcoat|[from] ability: Trace|[of] p2a: Kommo-o\n|move|p1a: Alakazam|Psychic|p2a: Kommo-o\n|-supereffective|p2a: Kommo-o\n|-damage|p2a: Kommo-o|0 fnt\n|faint|p2a: Kommo-o\n|\n|upkeep\n|\n|t:|1667746944\n|switch|p2a: Serperior|Serperior, M|100\/100\n|-damage|p2a: Serperior|88\/100|[from] Stealth Rock\n|turn|12\n|\n|t:|1667746950\n|switch|p1a: Magnezone|Magnezone|100\/100\n|-damage|p1a: Magnezone|94\/100|[from] Stealth Rock\n|move|p2a: Serperior|Glare|p1a: Magnezone\n|-immune|p1a: Magnezone\n|\n|upkeep\n|turn|13\n|\n|t:|1667746957\n|switch|p2a: Landorus|Landorus-Therian, M|100\/100\n|-damage|p2a: Landorus|88\/100|[from] Stealth Rock\n|-ability|p2a: Landorus|Intimidate|boost\n|-unboost|p1a: Magnezone|atk|1\n|move|p1a: Magnezone|Flash Cannon|p2a: Landorus\n|-damage|p2a: Landorus|37\/100\n|\n|upkeep\n|turn|14\n|\n|t:|1667746960\n|move|p1a: Magnezone|Flash Cannon|p2a: Landorus\n|-damage|p2a: Landorus|0 fnt\n|faint|p2a: Landorus\n|\n|upkeep\n|\n|t:|1667746962\n|switch|p2a: Greninja|Greninja, M|100\/100\n|-damage|p2a: Greninja|88\/100|[from] Stealth Rock\n|turn|15\n|\n|t:|1667746967\n|switch|p1a: Tapu Bulu|Tapu Bulu|100\/100\n|-damage|p1a: Tapu Bulu|88\/100|[from] Stealth Rock\n|-fieldstart|move: Grassy Terrain|[from] ability: Grassy Surge|[of] p1a: Tapu Bulu\n|move|p2a: Greninja|Spikes|p1a: Tapu Bulu\n|-start|p2a: Greninja|typechange|Ground|[from] ability: Protean\n|-sidestart|p1: Lucians Call|Spikes\n|\n|-heal|p2a: Greninja|94\/100|[from] Grassy Terrain\n|-heal|p1a: Tapu Bulu|94\/100|[from] Grassy Terrain\n|upkeep\n|turn|16\n|\n|t:|1667746970\n|move|p2a: Greninja|Gunk Shot|p1a: Tapu Bulu\n|-start|p2a: Greninja|typechange|Poison|[from] ability: Protean\n|-supereffective|p1a: Tapu Bulu\n|-damage|p1a: Tapu Bulu|0 fnt\n|faint|p1a: Tapu Bulu\n|\n|-heal|p2a: Greninja|99\/100|[from] Grassy Terrain\n|upkeep\n|\n|t:|1667746973\n|switch|p1a: Alakazam|Alakazam-Mega, F|100\/100\n|-damage|p1a: Alakazam|88\/100|[from] Stealth Rock\n|-damage|p1a: Alakazam|76\/100|[from] Spikes\n|-ability|p1a: Alakazam|Protean|[from] ability: Trace|[of] p2a: Greninja\n|turn|17\n|\n|t:|1667746975\n|switch|p2a: Serperior|Serperior, M|88\/100\n|-damage|p2a: Serperior|76\/100|[from] Stealth Rock\n|move|p1a: Alakazam|Psychic|p2a: Serperior\n|-damage|p2a: Serperior|8\/100\n|\n|-heal|p2a: Serperior|14\/100|[from] Grassy Terrain\n|-heal|p1a: Alakazam|82\/100|[from] Grassy Terrain\n|upkeep\n|turn|18\n|\n|t:|1667746983\n|move|p2a: Serperior|Leaf Storm|p1a: Alakazam\n|-damage|p1a: Alakazam|0 fnt\n|-boost|p2a: Serperior|spa|2\n|faint|p1a: Alakazam\n|\n|-heal|p2a: Serperior|20\/100|[from] Grassy Terrain\n|upkeep\n|\n|t:|1667746986\n|switch|p1a: Tornadus|Tornadus-Therian, M|100\/100\n|-damage|p1a: Tornadus|75\/100|[from] Stealth Rock\n|turn|19\n|\n|t:|1667746991\n|move|p2a: Serperior|Leaf Storm|p1a: Tornadus\n|-resisted|p1a: Tornadus\n|-damage|p1a: Tornadus|0 fnt\n|-boost|p2a: Serperior|spa|2\n|faint|p1a: Tornadus\n|\n|-heal|p2a: Serperior|26\/100|[from] Grassy Terrain\n|-fieldend|move: Grassy Terrain\n|upkeep\n|\n|t:|1667746995\n|switch|p1a: Magnezone|Magnezone|94\/100\n|-damage|p1a: Magnezone|88\/100|[from] Stealth Rock\n|-damage|p1a: Magnezone|76\/100|[from] Spikes\n|turn|20\n|\n|t:|1667746998\n|move|p2a: Serperior|Leaf Storm|p1a: Magnezone\n|-resisted|p1a: Magnezone\n|-damage|p1a: Magnezone|0 fnt\n|-boost|p2a: Serperior|spa|2\n|faint|p1a: Magnezone\n|\n|win|BTLT007RunRunRun\n|raw|Lucians Call's rating: 1765 &rarr; <strong>1739<\/strong><br \/>(-26 for losing)\n|raw|BTLT007RunRunRun's rating: 1664 &rarr; <strong>1690<\/strong><br \/>(+26 for winning)\n|l|\u2606Lucians Call\n","uploadtime":1667747003,"views":4,"p1id":"lucianscall","p2id":"btlt007runrunrun","formatid":"gen7ou","rating":1690,"private":0,"password":null}