{"id":"gen7randombattle-1673426892","p1":"london13","p2":"LoSconosciuto","format":"gen7randombattle","log":"|j|\u2606london13\n|j|\u2606LoSconosciuto\n|t:|1664467457\n|gametype|singles\n|player|p1|london13|#teamskymin|\n|player|p2|LoSconosciuto|#teamgapdos|\n|teamsize|p1|12\n|teamsize|p2|12\n|gen|7\n|tier|[Gen 7] Random Battle\n|rule|Sleep Clause Mod: Limit one foe put to sleep\n|rule|HP Percentage Mod: HP is shown in percentages\n|rule|Mega Rayquaza Clause: You cannot mega evolve Rayquaza\n|clearpoke\n|poke|p1|Stakataka, L84|item\n|poke|p1|Sigilyph, L86, M|item\n|poke|p1|Salazzle, L84, F|item\n|poke|p1|Heatran, L80, F|item\n|poke|p1|Deoxys, L76|item\n|poke|p1|Krookodile, L82, F|item\n|poke|p1|Oricorio-Pom-Pom, L88, F|item\n|poke|p1|Kartana, L80|item\n|poke|p1|Eelektross, L88, M|item\n|poke|p1|Electrode, L88|item\n|poke|p1|Silvally-*, L88|item\n|poke|p1|Conkeldurr, L82, F|item\n|poke|p2|Mudsdale, L88, F|item\n|poke|p2|Jirachi, L80|item\n|poke|p2|Lanturn, L88, F|item\n|poke|p2|Florges-Orange, L84, F|item\n|poke|p2|Xatu, L86, M|item\n|poke|p2|Empoleon, L82, F|item\n|poke|p2|Pyukumuku, L88, M|item\n|poke|p2|Farfetch\u2019d, L88, F|item\n|poke|p2|Clawitzer, L86, M|item\n|poke|p2|Steelix, L82, M|item\n|poke|p2|Machamp, L84, M|item\n|poke|p2|Lunatone, L88|item\n|teampreview|6\n|inactive|Battle timer is ON: inactive players will automatically lose when time's up. (requested by LoSconosciuto)\n|c|\u2606LoSconosciuto|hf\n|j| teres bahji\n|j| idid_classic\n|inactive|london13 has 270 seconds left.\n|inactive|LoSconosciuto has 270 seconds left.\n|j| skimmythegod\n|j| Latiasi\n|inactive|london13 has 240 seconds left.\n|inactive|LoSconosciuto has 240 seconds left.\n|j| Usiejdixid\n|inactive|london13 has 210 seconds left.\n|inactive|LoSconosciuto has 210 seconds left.\n|l| Latiasi\n|j| Latiasi\n|inactive|london13 has 180 seconds left.\n|inactive|LoSconosciuto has 180 seconds left.\n|inactive|london13 has 150 seconds left.\n|inactive|LoSconosciuto has 150 seconds left.\n|inactive|LoSconosciuto has 120 seconds left.\n|inactive|LoSconosciuto has 90 seconds left.\n|j| ballsinmymouth55\n|l| ballsinmymouth55\n|\n|t:|1664467687\n|start\n|switch|p1a: Silvally|Silvally-Fire, L88|310\/310\n|switch|p2a: Mudsdale|Mudsdale, L88, F|319\/319\n|turn|1\n|\n|t:|1664467700\n|move|p1a: Silvally|U-turn|p2a: Mudsdale\n|-damage|p2a: Mudsdale|276\/319\n|-ability|p2a: Mudsdale|Stamina|boost\n|-boost|p2a: Mudsdale|def|1\n|\n|t:|1664467704\n|switch|p1a: Sigilyph|Sigilyph, L86, M|263\/263\n|move|p2a: Mudsdale|Earthquake|p1a: Sigilyph\n|-immune|p1a: Sigilyph\n|\n|-heal|p2a: Mudsdale|295\/319|[from] item: Leftovers\n|upkeep\n|turn|2\n|inactive|london13 has 210 seconds left.\n|\n|t:|1664467728\n|switch|p2a: Lanturn|Lanturn, L88, F|363\/363\n|move|p1a: Sigilyph|Air Slash|p2a: Lanturn\n|-resisted|p2a: Lanturn\n|-damage|p2a: Lanturn|307\/363\n|\n|-heal|p2a: Lanturn|329\/363|[from] item: Leftovers\n|upkeep\n|turn|3\n|j| Piyush21\n|inactive|london13 has 180 seconds left.\n|\n|t:|1664467780\n|move|p1a: Sigilyph|Psyshock|p2a: Lanturn\n|-damage|p2a: Lanturn|181\/363\n|move|p2a: Lanturn|Volt Switch|p1a: Sigilyph\n|-supereffective|p1a: Sigilyph\n|-damage|p1a: Sigilyph|117\/263\n|inactive|LoSconosciuto has 120 seconds left.\n|\n|t:|1664467808\n|switch|p2a: Mudsdale|Mudsdale, L88, F|295\/319\n|\n|-heal|p2a: Mudsdale|314\/319|[from] item: Leftovers\n|upkeep\n|turn|4\n|\n|t:|1664467825\n|move|p1a: Sigilyph|Roost|p1a: Sigilyph\n|-heal|p1a: Sigilyph|249\/263\n|-singleturn|p1a: Sigilyph|move: Roost\n|move|p2a: Mudsdale|Stealth Rock|p1a: Sigilyph\n|-sidestart|p1: london13|move: Stealth Rock\n|\n|-heal|p2a: Mudsdale|319\/319|[from] item: Leftovers\n|upkeep\n|turn|5\n|\n|t:|1664467833\n|move|p1a: Sigilyph|Air Slash|p2a: Mudsdale\n|-damage|p2a: Mudsdale|210\/319\n|-ability|p2a: Mudsdale|Stamina|boost\n|-boost|p2a: Mudsdale|def|1\n|move|p2a: Mudsdale|Rock Slide|p1a: Sigilyph\n|-supereffective|p1a: Sigilyph\n|-damage|p1a: Sigilyph|97\/263\n|\n|-heal|p2a: Mudsdale|229\/319|[from] item: Leftovers\n|upkeep\n|turn|6\n|inactive|LoSconosciuto has 120 seconds left.\n|\n|t:|1664467859\n|switch|p1a: Eelektross|Eelektross, L88, M|293\/293\n|-damage|p1a: Eelektross|257\/293|[from] Stealth Rock\n|move|p2a: Mudsdale|Rock Slide|p1a: Eelektross|[miss]\n|-miss|p2a: Mudsdale|p1a: Eelektross\n|\n|-heal|p2a: Mudsdale|248\/319|[from] item: Leftovers\n|upkeep\n|turn|7\n|j| tate tok\n|j| fabwooloo\n|c| tate tok|LONDON13\n|inactive|LoSconosciuto has 120 seconds left.\n|l| Piyush21\n|c|\u2606london13|hi\n|c| fabwooloo|13TH LONDON\n|j| Piyush21\n|j| Faygos\n|\n|t:|1664467895\n|switch|p2a: Machamp|Machamp, L84, M|288\/288\n|move|p1a: Eelektross|Knock Off|p2a: Machamp\n|-resisted|p2a: Machamp\n|-damage|p2a: Machamp|242\/288\n|-enditem|p2a: Machamp|Flame Orb|[from] move: Knock Off|[of] p1a: Eelektross\n|\n|upkeep\n|turn|8\n|j| PokeArt2004\u2764\n|j|+TDR\n|j| Electric win\n|c| Electric win|That\u2019s the goat\n|inactive|london13 has 150 seconds left.\n|c| Electric win|Show them the power of brexit of london\n|c| tate tok|fuck you Electric win\n|inactive|london13 has 120 seconds left.\n|\n|t:|1664467959\n|move|p2a: Machamp|Knock Off|p1a: Eelektross\n|-damage|p1a: Eelektross|165\/293\n|-enditem|p1a: Eelektross|Assault Vest|[from] move: Knock Off|[of] p2a: Machamp\n|move|p1a: Eelektross|Thunderbolt|p2a: Machamp\n|-damage|p2a: Machamp|122\/288\n|\n|upkeep\n|turn|9\n|inactive|london13 has 120 seconds left.\n|\n|t:|1664467990\n|switch|p1a: Sigilyph|Sigilyph, L86, M|97\/263\n|move|p2a: Machamp|Close Combat|p1a: Sigilyph\n|-resisted|p1a: Sigilyph\n|-crit|p1a: Sigilyph\n|-damage|p1a: Sigilyph|38\/263\n|-unboost|p2a: Machamp|def|1\n|-unboost|p2a: Machamp|spd|1\n|\n|upkeep\n|turn|10\n|inactive|LoSconosciuto has 90 seconds left.\n|c| Electric win|That one was for lizzy\n|\n|t:|1664468015\n|switch|p2a: Xatu|Xatu, L86, M|251\/251\n|move|p1a: Sigilyph|Psyshock|p2a: Xatu\n|-resisted|p2a: Xatu\n|-damage|p2a: Xatu|183\/251\n|\n|-heal|p2a: Xatu|198\/251|[from] item: Leftovers\n|upkeep\n|turn|11\n|j| avyrie\n|inactive|LoSconosciuto has 90 seconds left.\n|\n|t:|1664468023\n|move|p1a: Sigilyph|Roost|p1a: Sigilyph\n|-heal|p1a: Sigilyph|170\/263\n|-singleturn|p1a: Sigilyph|move: Roost\n|move|p2a: Xatu|Calm Mind|p2a: Xatu\n|-boost|p2a: Xatu|spa|1\n|-boost|p2a: Xatu|spd|1\n|\n|-heal|p2a: Xatu|213\/251|[from] item: Leftovers\n|upkeep\n|turn|12\n|inactive|london13 has 120 seconds left.\n|l| avyrie\n|\n|t:|1664468033\n|move|p1a: Sigilyph|Air Slash|p2a: Xatu\n|-damage|p2a: Xatu|123\/251\n|cant|p2a: Xatu|flinch\n|\n|-heal|p2a: Xatu|138\/251|[from] item: Leftovers\n|upkeep\n|turn|13\n|inactive|london13 has 120 seconds left.\n|l|+TDR\n|\n|t:|1664468054\n|switch|p1a: Deoxys|Deoxys, L76|201\/201\n|-damage|p1a: Deoxys|176\/201|[from] Stealth Rock\n|-ability|p1a: Deoxys|Pressure\n|move|p2a: Xatu|Heat Wave|p1a: Deoxys\n|-damage|p1a: Deoxys|0 fnt\n|faint|p1a: Deoxys\n|\n|-heal|p2a: Xatu|153\/251|[from] item: Leftovers\n|upkeep\n|\n|t:|1664468057\n|switch|p1a: Kartana|Kartana, L80|226\/226\n|-damage|p1a: Kartana|212\/226|[from] Stealth Rock\n|turn|14\n|j| avyrie\n|inactive|LoSconosciuto has 120 seconds left.\n|j|+TDR\n|\n|t:|1664468068\n|switch|p2a: Steelix|Steelix, L82, M|257\/257\n|move|p1a: Kartana|Knock Off|p2a: Steelix\n|-damage|p2a: Steelix|210\/257\n|-damage|p1a: Kartana|190\/226|[from] item: Life Orb\n|\n|upkeep\n|turn|15\n|inactive|LoSconosciuto has 120 seconds left.\n|j| PrinceOfAllTacos\n|\n|t:|1664468081\n|switch|p1a: Eelektross|Eelektross, L88, M|165\/293\n|-damage|p1a: Eelektross|129\/293|[from] Stealth Rock\n|detailschange|p2a: Steelix|Steelix-Mega, L82, M\n|-mega|p2a: Steelix|Steelix|Steelixite\n|move|p2a: Steelix|Heavy Slam|p1a: Eelektross\n|-resisted|p1a: Eelektross\n|-damage|p1a: Eelektross|49\/293\n|\n|upkeep\n|turn|16\n|inactive|LoSconosciuto has 120 seconds left.\n|l|+TDR\n|inactive|london13 has 120 seconds left.\n|\n|t:|1664468103\n|switch|p2a: Machamp|Machamp, L84, M|122\/288\n|move|p1a: Eelektross|Knock Off|p2a: Machamp\n|-resisted|p2a: Machamp\n|-damage|p2a: Machamp|91\/288\n|\n|upkeep\n|turn|17\n|inactive|LoSconosciuto has 120 seconds left.\n|\n|t:|1664468109\n|move|p2a: Machamp|Knock Off|p1a: Eelektross\n|-damage|p1a: Eelektross|0 fnt\n|faint|p1a: Eelektross\n|\n|upkeep\n|inactive|london13 has 120 seconds left.\n|\n|t:|1664468127\n|switch|p1a: Sigilyph|Sigilyph, L86, M|170\/263\n|turn|18\n|\n|t:|1664468142\n|switch|p2a: Lunatone|Lunatone, L88|302\/302\n|move|p1a: Sigilyph|Air Slash|p2a: Lunatone\n|-resisted|p2a: Lunatone\n|-damage|p2a: Lunatone|247\/302\n|\n|-heal|p2a: Lunatone|265\/302|[from] item: Leftovers\n|upkeep\n|turn|19\n|l| avyrie\n|inactive|london13 has 120 seconds left.\n|\n|t:|1664468166\n|switch|p1a: Kartana|Kartana, L80|190\/226\n|-damage|p1a: Kartana|176\/226|[from] Stealth Rock\n|move|p2a: Lunatone|Rock Polish|p2a: Lunatone\n|-boost|p2a: Lunatone|spe|2\n|\n|-heal|p2a: Lunatone|283\/302|[from] item: Leftovers\n|upkeep\n|turn|20\n|\n|t:|1664468188\n|move|p2a: Lunatone|Earth Power|p1a: Kartana\n|-damage|p1a: Kartana|24\/226\n|move|p1a: Kartana|Leaf Blade|p2a: Lunatone\n|-supereffective|p2a: Lunatone\n|-damage|p2a: Lunatone|0 fnt\n|faint|p2a: Lunatone\n|-ability|p1a: Kartana|Beast Boost|boost\n|-boost|p1a: Kartana|atk|1\n|-damage|p1a: Kartana|2\/226|[from] item: Life Orb\n|\n|upkeep\n|\n|t:|1664468194\n|switch|p2a: Machamp|Machamp, L84, M|91\/288\n|turn|21\n|c| Electric win|Charles blessing us fr\n|c|\u2606london13|ewin that was the max roll\n|inactive|london13 has 120 seconds left.\n|j| ballsinmymouth55\n|c| Electric win|Blessed with no crit\n|\n|t:|1664468240\n|move|p2a: Machamp|Bullet Punch|p1a: Kartana\n|-resisted|p1a: Kartana\n|-damage|p1a: Kartana|0 fnt\n|faint|p1a: Kartana\n|\n|upkeep\n|inactive|london13 has 90 seconds left.\n|\n|t:|1664468267\n|switch|p1a: Heatran|Heatran, L80, F|277\/277\n|-damage|p1a: Heatran|243\/277|[from] Stealth Rock\n|turn|22\n|c| Electric win|Where the counters at\n|inactive|LoSconosciuto has 120 seconds left.\n|\n|t:|1664468302\n|move|p1a: Heatran|Magma Storm|p2a: Machamp\n|-damage|p2a: Machamp|0 fnt\n|faint|p2a: Machamp\n|\n|upkeep\n|\n|t:|1664468304\n|switch|p2a: Mudsdale|Mudsdale, L88, F|248\/319\n|turn|23\n|inactive|london13 has 90 seconds left.\n|\n|t:|1664468322\n|-zpower|p1a: Heatran\n|move|p1a: Heatran|Inferno Overdrive|p2a: Mudsdale|[zeffect]\n|-damage|p2a: Mudsdale|49\/319\n|-ability|p2a: Mudsdale|Stamina|boost\n|-boost|p2a: Mudsdale|def|1\n|move|p2a: Mudsdale|Earthquake|p1a: Heatran\n|-supereffective|p1a: Heatran\n|-damage|p1a: Heatran|0 fnt\n|faint|p1a: Heatran\n|\n|-heal|p2a: Mudsdale|68\/319|[from] item: Leftovers\n|upkeep\n|\n|t:|1664468328\n|switch|p1a: Sigilyph|Sigilyph, L86, M|170\/263\n|turn|24\n|inactive|LoSconosciuto has 120 seconds left.\n|\n|t:|1664468364\n|move|p1a: Sigilyph|Air Slash|p2a: Mudsdale\n|-damage|p2a: Mudsdale|0 fnt\n|faint|p2a: Mudsdale\n|\n|upkeep\n|\n|t:|1664468366\n|switch|p2a: Steelix|Steelix-Mega, L82, M|210\/257\n|turn|25\n|inactive|london13 has 60 seconds left.\n|\n|t:|1664468393\n|move|p1a: Sigilyph|Heat Wave|p2a: Steelix\n|-supereffective|p2a: Steelix\n|-damage|p2a: Steelix|18\/257\n|move|p2a: Steelix|Heavy Slam|p1a: Sigilyph\n|-damage|p1a: Sigilyph|22\/263\n|\n|upkeep\n|turn|26\n|\n|t:|1664468402\n|move|p1a: Sigilyph|Psyshock|p2a: Steelix\n|-resisted|p2a: Steelix\n|-damage|p2a: Steelix|0 fnt\n|faint|p2a: Steelix\n|\n|upkeep\n|\n|t:|1664468413\n|switch|p2a: Xatu|Xatu, L86, M|153\/251\n|turn|27\n|\n|t:|1664468427\n|switch|p1a: Silvally|Silvally-Fire, L88|310\/310\n|-damage|p1a: Silvally|233\/310|[from] Stealth Rock\n|move|p2a: Xatu|Calm Mind|p2a: Xatu\n|-boost|p2a: Xatu|spa|1\n|-boost|p2a: Xatu|spd|1\n|\n|-heal|p2a: Xatu|168\/251|[from] item: Leftovers\n|upkeep\n|turn|28\n|\n|t:|1664468435\n|switch|p2a: Lanturn|Lanturn, L88, F|181\/363\n|move|p1a: Silvally|Multi-Attack|p2a: Lanturn\n|-resisted|p2a: Lanturn\n|-damage|p2a: Lanturn|111\/363\n|\n|-heal|p2a: Lanturn|133\/363|[from] item: Leftovers\n|upkeep\n|turn|29\n|\n|t:|1664468448\n|move|p1a: Silvally|U-turn|p2a: Lanturn\n|-damage|p2a: Lanturn|59\/363\n|\n|t:|1664468450\n|switch|p1a: Sigilyph|Sigilyph, L86, M|22\/263\n|move|p2a: Lanturn|Scald|p1a: Sigilyph\n|-damage|p1a: Sigilyph|0 fnt\n|faint|p1a: Sigilyph\n|\n|-heal|p2a: Lanturn|81\/363|[from] item: Leftovers\n|upkeep\n|\n|t:|1664468452\n|switch|p1a: Silvally|Silvally-Fire, L88|233\/310\n|-damage|p1a: Silvally|156\/310|[from] Stealth Rock\n|turn|30\n|\n|t:|1664468463\n|move|p1a: Silvally|U-turn|p2a: Lanturn\n|-damage|p2a: Lanturn|18\/363\n|move|p2a: Lanturn|Scald|p1a: Silvally\n|-supereffective|p1a: Silvally\n|-damage|p1a: Silvally|10\/310\n|\n|-heal|p2a: Lanturn|40\/363|[from] item: Leftovers\n|upkeep\n|turn|31\n|l| Electric win\n|\n|t:|1664468468\n|move|p1a: Silvally|Multi-Attack|p2a: Lanturn\n|-resisted|p2a: Lanturn\n|-damage|p2a: Lanturn|0 fnt\n|faint|p2a: Lanturn\n|\n|upkeep\n|\n|t:|1664468469\n|switch|p2a: Xatu|Xatu, L86, M|168\/251\n|turn|32\n|inactive|london13 has 120 seconds left.\n|j| Electric win\n|\n|t:|1664468485\n|move|p1a: Silvally|Ice Beam|p2a: Xatu\n|-supereffective|p2a: Xatu\n|-damage|p2a: Xatu|6\/251\n|move|p2a: Xatu|Psychic|p1a: Silvally\n|-damage|p1a: Silvally|0 fnt\n|faint|p1a: Silvally\n|\n|win|LoSconosciuto\n|c|\u2606london13|gg\n|c|\u2606LoSconosciuto|gg\n|l| ballsinmymouth55\n|l| skimmythegod\n|l| PrinceOfAllTacos\n|l| Electric win\n|l| tate tok\n|l| Piyush21\n|n| idid_classic|ididclassic\n|l| teres bahji\n|c| fabwooloo|https:\/\/play.pokemonshowdown.com\/battle-gen6randombattle-1673442120\n|l| Latiasi\n|l| Faygos\n|l| fabwooloo\n|j| longhiep341\n|l| longhiep341\n|j|+lalaya \u263e\n|l|+lalaya \u263e\n|l| PokeArt2004\u2764\n","inputlog":">version 806e56ea67f2f748d4b403b3f5b33d56e25d3f7a\n>start {\"formatid\":\"gen7randombattle@@@Max Team Size = 12,Picked Team Size = 6,Team Preview\",\"seed\":[19172,22192,33716,53615]}\n>player p1 {\"name\":\"london13\",\"avatar\":\"#teamskymin\",\"rating\":0,\"seed\":[24249,17457,44616,9107]}\n>player p2 {\"name\":\"LoSconosciuto\",\"avatar\":\"#teamgapdos\",\"rating\":0,\"seed\":[64532,50491,32792,25313]}\n>chat \u2606LoSconosciuto|hf\n>p1 team 11, 8, 4, 5, 9, 2\n>p2 team 1, 10, 5, 11, 3, 12\n>p1 move uturn\n>p2 move earthquake\n>p1 switch 6\n>p1 move airslash\n>p2 switch 5\n>p1 move psyshock\n>p2 move voltswitch\n>p2 switch 5\n>p1 move roost\n>p2 move stealthrock\n>p1 move airslash\n>p2 move rockslide\n>p1 switch 5\n>p2 move rockslide\n>chat  tate tok|LONDON13\n>chat \u2606london13|hi\n>chat  fabwooloo|13TH LONDON\n>p1 move knockoff\n>p2 switch 4\n>chat  Electric win|That\u2019s the goat \n>chat  Electric win|Show them the power of brexit of london \n>chat  tate tok|fuck you Electric win\n>p1 move thunderbolt\n>p2 move knockoff\n>p1 switch 5\n>p2 move closecombat\n>chat  Electric win|That one was for lizzy \n>p1 move psyshock\n>p2 switch 3\n>p1 move roost\n>p2 move calmmind\n>p1 move airslash\n>p2 move calmmind\n>p1 switch 4\n>p2 move heatwave\n>p1 switch 2\n>p1 move knockoff\n>p2 switch 2\n>p1 switch 5\n>p2 move heavyslam mega\n>p1 move knockoff\n>p2 switch 3\n>p1 move thunderbolt\n>p2 move knockoff\n>p1 switch 4\n>p1 move airslash\n>p2 switch 6\n>p1 switch 5\n>p2 move rockpolish\n>p1 move leafblade\n>p2 move earthpower\n>p2 switch 6\n>chat  Electric win|Charles blessing us fr\n>chat \u2606london13|ewin that was the max roll\n>chat  Electric win|Blessed with no crit \n>p1 move leafblade\n>p2 move bulletpunch\n>p1 switch 3\n>chat  Electric win|Where the counters at\n>p1 move magmastorm\n>p2 move closecombat\n>p2 switch 4\n>p1 move magmastorm zmove\n>p2 move earthquake\n>p1 switch 5\n>p1 move airslash\n>p2 move rockslide\n>p2 switch 3\n>p1 move heatwave\n>p2 move heavyslam\n>p1 move psyshock\n>p2 move heavyslam\n>p2 switch 2\n>p1 switch 6\n>p2 move calmmind\n>p1 move multiattack\n>p2 switch 5\n>p1 move uturn\n>p2 move scald\n>p1 switch 6\n>p1 switch 6\n>p1 move uturn\n>p2 move scald\n>p1 move multiattack\n>p2 move scald\n>p2 switch 5\n>p1 move icebeam\n>p2 move psychic","uploadtime":1664468591,"views":42,"p1id":"london13","p2id":"losconosciuto","formatid":"gen7randombattle","rating":0,"private":0,"password":null}