{"id":"gen7ou-1549461047","p1":"HQSTest","p2":"dubtwoloo","format":"gen7ou","log":"|j|\u2606HQSTest\n|j|\u2606dubtwoloo\n|t:|1649487850\n|gametype|singles\n|player|p1|HQSTest|cynthia|1580\n|player|p2|dubtwoloo|riley|1575\n|teamsize|p1|6\n|teamsize|p2|6\n|gen|7\n|tier|[Gen 7] OU\n|rated|\n|rule|Sleep Clause Mod: Limit one foe put to sleep\n|rule|Species Clause: Limit one of each Pok\u00e9mon\n|rule|OHKO Clause: OHKO moves are banned\n|rule|Moody Clause: Moody is banned\n|rule|Evasion Moves Clause: Evasion moves are banned\n|rule|Endless Battle Clause: Forcing endless battles is banned\n|rule|HP Percentage Mod: HP is shown in percentages\n|clearpoke\n|poke|p1|Diancie|item\n|poke|p1|Blacephalon|item\n|poke|p1|Ribombee, F|item\n|poke|p1|Serperior, M|item\n|poke|p1|Garchomp, M|item\n|poke|p1|Celesteela|item\n|poke|p2|Altaria, F|item\n|poke|p2|Gliscor, F|item\n|poke|p2|Magnezone|item\n|poke|p2|Toxapex, F|item\n|poke|p2|Ferrothorn, M|item\n|poke|p2|Clefable, F|item\n|teampreview\n|inactive|Battle timer is ON: inactive players will automatically lose when time's up. (requested by HQSTest)\n|\n|t:|1649487879\n|start\n|switch|p1a: Ribombee|Ribombee, F|100\/100\n|switch|p2a: Magnezone|Magnezone, shiny|100\/100\n|turn|1\n|\n|t:|1649487886\n|move|p1a: Ribombee|Hidden Power|p2a: Magnezone\n|-supereffective|p2a: Magnezone\n|-damage|p2a: Magnezone|10\/100\n|move|p2a: Magnezone|Flash Cannon|p1a: Ribombee\n|-supereffective|p1a: Ribombee\n|-enditem|p1a: Ribombee|Focus Sash\n|-damage|p1a: Ribombee|1\/100\n|\n|upkeep\n|turn|2\n|\n|t:|1649487894\n|switch|p2a: Toxapex|Toxapex, F|100\/100\n|move|p1a: Ribombee|Moonblast|p2a: Toxapex\n|-resisted|p2a: Toxapex\n|-damage|p2a: Toxapex|89\/100\n|\n|-heal|p2a: Toxapex|95\/100|[from] item: Black Sludge\n|upkeep\n|turn|3\n|\n|t:|1649487906\n|move|p1a: Ribombee|Stun Spore|p2a: Toxapex|[miss]\n|-miss|p1a: Ribombee|p2a: Toxapex\n|move|p2a: Toxapex|Scald|p1a: Ribombee\n|-damage|p1a: Ribombee|0 fnt\n|faint|p1a: Ribombee\n|\n|-heal|p2a: Toxapex|100\/100|[from] item: Black Sludge\n|upkeep\n|\n|t:|1649487909\n|switch|p1a: Garchomp|Garchomp, M|100\/100\n|turn|4\n|\n|t:|1649487915\n|switch|p2a: Gliscor|Gliscor, F|100\/100\n|move|p1a: Garchomp|Stealth Rock|p2a: Gliscor\n|-sidestart|p2: dubtwoloo|move: Stealth Rock\n|\n|-status|p2a: Gliscor|tox|[from] item: Toxic Orb\n|upkeep\n|turn|5\n|\n|t:|1649487922\n|move|p1a: Garchomp|Swords Dance|p1a: Garchomp\n|-boost|p1a: Garchomp|atk|2\n|move|p2a: Gliscor|Defog|p1a: Garchomp\n|-unboost|p1a: Garchomp|evasion|1\n|-sideend|p2: dubtwoloo|Stealth Rock|[from] move: Defog|[of] p2a: Gliscor\n|\n|upkeep\n|turn|6\n|\n|t:|1649487930\n|move|p1a: Garchomp|Stealth Rock|p2a: Gliscor\n|-sidestart|p2: dubtwoloo|move: Stealth Rock\n|move|p2a: Gliscor|Earthquake|p1a: Garchomp\n|-damage|p1a: Garchomp|68\/100\n|\n|upkeep\n|turn|7\n|\n|t:|1649487934\n|move|p1a: Garchomp|Swords Dance|p1a: Garchomp\n|-boost|p1a: Garchomp|atk|2\n|move|p2a: Gliscor|Earthquake|p1a: Garchomp\n|-damage|p1a: Garchomp|36\/100\n|\n|upkeep\n|turn|8\n|\n|t:|1649487944\n|-zpower|p1a: Garchomp\n|move|p1a: Garchomp|Continental Crush|p2a: Gliscor|[zeffect]\n|-damage|p2a: Gliscor|0 fnt\n|faint|p2a: Gliscor\n|\n|upkeep\n|\n|t:|1649487949\n|switch|p2a: Magnezone|Magnezone, shiny|10\/100\n|-damage|p2a: Magnezone|4\/100|[from] Stealth Rock\n|turn|9\n|j| Go b4 it gets dark\n|j| Gorgc\n|\n|t:|1649487956\n|switch|p1a: Celesteela|Celesteela|100\/100\n|move|p2a: Magnezone|Flash Cannon|p1a: Celesteela\n|-resisted|p1a: Celesteela\n|-damage|p1a: Celesteela|81\/100\n|\n|upkeep\n|turn|10\n|l| Go b4 it gets dark\n|\n|t:|1649487964\n|move|p2a: Magnezone|Flash Cannon|p1a: Celesteela\n|-resisted|p1a: Celesteela\n|-damage|p1a: Celesteela|62\/100\n|move|p1a: Celesteela|Autotomize|p1a: Celesteela\n|-boost|p1a: Celesteela|spe|2\n|-start|p1a: Celesteela|Autotomize\n|\n|upkeep\n|turn|11\n|\n|t:|1649487970\n|move|p1a: Celesteela|Flamethrower|p2a: Magnezone\n|-supereffective|p2a: Magnezone\n|-damage|p2a: Magnezone|0 fnt\n|faint|p2a: Magnezone\n|-ability|p1a: Celesteela|Beast Boost|boost\n|-boost|p1a: Celesteela|spa|1\n|\n|upkeep\n|\n|t:|1649487974\n|switch|p2a: Toxapex|Toxapex, F|100\/100\n|-damage|p2a: Toxapex|88\/100|[from] Stealth Rock\n|turn|12\n|\n|t:|1649487977\n|move|p1a: Celesteela|Air Slash|p2a: Toxapex\n|-damage|p2a: Toxapex|52\/100\n|cant|p2a: Toxapex|flinch\n|\n|-heal|p2a: Toxapex|59\/100|[from] item: Black Sludge\n|upkeep\n|turn|13\n|\n|t:|1649487981\n|move|p1a: Celesteela|Air Slash|p2a: Toxapex\n|-damage|p2a: Toxapex|16\/100\n|move|p2a: Toxapex|Recover|p2a: Toxapex\n|-heal|p2a: Toxapex|66\/100\n|\n|-heal|p2a: Toxapex|72\/100|[from] item: Black Sludge\n|upkeep\n|turn|14\n|\n|t:|1649487986\n|move|p1a: Celesteela|Air Slash|p2a: Toxapex\n|-damage|p2a: Toxapex|23\/100\n|move|p2a: Toxapex|Recover|p2a: Toxapex\n|-heal|p2a: Toxapex|73\/100\n|\n|-heal|p2a: Toxapex|79\/100|[from] item: Black Sludge\n|upkeep\n|turn|15\n|\n|t:|1649487989\n|move|p1a: Celesteela|Air Slash|p2a: Toxapex\n|-damage|p2a: Toxapex|28\/100\n|cant|p2a: Toxapex|flinch\n|\n|-heal|p2a: Toxapex|34\/100|[from] item: Black Sludge\n|upkeep\n|turn|16\n|-message|dubtwoloo forfeited.\n|\n|win|HQSTest\n|raw|HQSTest's rating: 1580 &rarr; <strong>1600<\/strong><br \/>(+20 for winning)\n|raw|dubtwoloo's rating: 1575 &rarr; <strong>1555<\/strong><br \/>(-20 for losing)\n|l|\u2606dubtwoloo\n","uploadtime":1649488000,"views":12,"p1id":"hqstest","p2id":"dubtwoloo","formatid":"gen7ou","rating":1555,"private":0,"password":null}