{"id":"gen7ou-1320328902","p1":"Gurtrant","p2":"Jfsosa10","format":"gen7ou","log":"|j|\u2606Gurtrant\n|j|\u2606Jfsosa10\n|t:|1618265621\n|gametype|singles\n|player|p1|Gurtrant|238|1489\n|player|p2|Jfsosa10|265|1556\n|teamsize|p1|6\n|teamsize|p2|6\n|gen|7\n|tier|[Gen 7] OU\n|rated|\n|clearpoke\n|poke|p1|Tapu Koko|item\n|poke|p1|Hawlucha, F|item\n|poke|p1|Victini|item\n|poke|p1|Tyranitar, F|item\n|poke|p1|Gliscor, F|item\n|poke|p1|Ferrothorn, M|item\n|poke|p2|Alakazam, F|item\n|poke|p2|Tapu Lele|item\n|poke|p2|Kartana|item\n|poke|p2|Kommo-o, F|item\n|poke|p2|Magearna|item\n|poke|p2|Landorus-Therian, M|item\n|rule|Sleep Clause Mod: Limit one foe put to sleep\n|rule|Species Clause: Limit one of each Pok\u00e9mon\n|rule|OHKO Clause: OHKO moves are banned\n|rule|Moody Clause: Moody is banned\n|rule|Evasion Moves Clause: Evasion moves are banned\n|rule|Endless Battle Clause: Forcing endless battles is banned\n|rule|HP Percentage Mod: HP is shown in percentages\n|teampreview\n|inactive|Battle timer is ON: inactive players will automatically lose when time's up. (requested by Gurtrant)\n|\n|t:|1618265625\n|start\n|switch|p1a: Tapu Koko|Tapu Koko|100\/100\n|switch|p2a: Landorus|Landorus-Therian, M|100\/100\n|-fieldstart|move: Electric Terrain|[from] ability: Electric Surge|[of] p1a: Tapu Koko\n|-ability|p2a: Landorus|Intimidate|boost\n|-unboost|p1a: Tapu Koko|atk|1\n|turn|1\n|\n|t:|1618265631\n|switch|p2a: Magearna|Magearna|100\/100\n|move|p1a: Tapu Koko|Hidden Power|p2a: Magearna\n|-resisted|p2a: Magearna\n|-damage|p2a: Magearna|95\/100\n|\n|upkeep\n|turn|2\n|\n|t:|1618265635\n|switch|p1a: Ferrothorn|Ferrothorn, M|100\/100\n|switch|p2a: Landorus|Landorus-Therian, M|100\/100\n|-ability|p2a: Landorus|Intimidate|boost\n|-unboost|p1a: Ferrothorn|atk|1\n|\n|upkeep\n|turn|3\n|\n|t:|1618265641\n|switch|p1a: Gliscor|Gliscor, F|100\/100\n|move|p2a: Landorus|Stealth Rock|p1a: Gliscor\n|-sidestart|p1: Gurtrant|move: Stealth Rock\n|\n|-status|p1a: Gliscor|tox|[from] item: Toxic Orb\n|upkeep\n|turn|4\n|\n|t:|1618265653\n|move|p1a: Gliscor|Defog|p2a: Landorus\n|-unboost|p2a: Landorus|evasion|1\n|-sideend|p1: Gurtrant|Stealth Rock|[from] move: Defog|[of] p1a: Gliscor\n|move|p2a: Landorus|U-turn|p1a: Gliscor\n|-resisted|p1a: Gliscor\n|-damage|p1a: Gliscor|91\/100 tox\n|\n|t:|1618265657\n|switch|p2a: Tapu Lele|Tapu Lele|100\/100|[from]move: U-turn\n|-fieldstart|move: Psychic Terrain|[from] ability: Psychic Surge|[of] p2a: Tapu Lele\n|\n|-heal|p1a: Gliscor|100\/100 tox|[from] ability: Poison Heal\n|upkeep\n|turn|5\n|\n|t:|1618265661\n|switch|p1a: Ferrothorn|Ferrothorn, M|100\/100\n|move|p2a: Tapu Lele|Moonblast|p1a: Ferrothorn\n|-resisted|p1a: Ferrothorn\n|-damage|p1a: Ferrothorn|76\/100\n|\n|-heal|p1a: Ferrothorn|82\/100|[from] item: Leftovers\n|upkeep\n|turn|6\n|\n|t:|1618265672\n|switch|p2a: Landorus|Landorus-Therian, M|100\/100\n|-ability|p2a: Landorus|Intimidate|boost\n|-unboost|p1a: Ferrothorn|atk|1\n|move|p1a: Ferrothorn|Leech Seed|p2a: Landorus\n|-start|p2a: Landorus|move: Leech Seed\n|\n|-heal|p1a: Ferrothorn|88\/100|[from] item: Leftovers\n|-damage|p2a: Landorus|88\/100|[from] Leech Seed|[of] p1a: Ferrothorn\n|-heal|p1a: Ferrothorn|100\/100|[silent]\n|upkeep\n|turn|7\n|\n|t:|1618265676\n|switch|p1a: Gliscor|Gliscor, F|100\/100 tox\n|move|p2a: Landorus|Stealth Rock|p1a: Gliscor\n|-sidestart|p1: Gurtrant|move: Stealth Rock\n|\n|-damage|p2a: Landorus|76\/100|[from] Leech Seed|[of] p1a: Gliscor\n|upkeep\n|turn|8\n|\n|t:|1618265681\n|move|p1a: Gliscor|Defog|p2a: Landorus\n|-unboost|p2a: Landorus|evasion|1\n|-sideend|p1: Gurtrant|Stealth Rock|[from] move: Defog|[of] p1a: Gliscor\n|move|p2a: Landorus|U-turn|p1a: Gliscor\n|-resisted|p1a: Gliscor\n|-damage|p1a: Gliscor|91\/100 tox\n|\n|t:|1618265683\n|switch|p2a: Tapu Lele|Tapu Lele|100\/100|[from]move: U-turn\n|\n|-heal|p1a: Gliscor|100\/100 tox|[from] ability: Poison Heal\n|-fieldend|move: Psychic Terrain\n|upkeep\n|turn|9\n|\n|t:|1618265689\n|switch|p1a: Ferrothorn|Ferrothorn, M|100\/100\n|move|p2a: Tapu Lele|Moonblast|p1a: Ferrothorn\n|-resisted|p1a: Ferrothorn\n|-damage|p1a: Ferrothorn|73\/100\n|\n|-heal|p1a: Ferrothorn|79\/100|[from] item: Leftovers\n|upkeep\n|turn|10\n|\n|t:|1618265693\n|switch|p2a: Kommo-o|Kommo-o, F|100\/100\n|move|p1a: Ferrothorn|Leech Seed|p2a: Kommo-o\n|-start|p2a: Kommo-o|move: Leech Seed\n|\n|-heal|p1a: Ferrothorn|86\/100|[from] item: Leftovers\n|-damage|p2a: Kommo-o|88\/100|[from] Leech Seed|[of] p1a: Ferrothorn\n|-heal|p1a: Ferrothorn|96\/100|[silent]\n|upkeep\n|turn|11\n|\n|t:|1618265696\n|switch|p1a: Tapu Koko|Tapu Koko|100\/100\n|-fieldstart|move: Electric Terrain|[from] ability: Electric Surge|[of] p1a: Tapu Koko\n|move|p2a: Kommo-o|Stealth Rock|p1a: Tapu Koko\n|-sidestart|p1: Gurtrant|move: Stealth Rock\n|\n|-damage|p2a: Kommo-o|76\/100|[from] Leech Seed|[of] p1a: Tapu Koko\n|upkeep\n|turn|12\n|\n|t:|1618265700\n|switch|p2a: Magearna|Magearna|95\/100\n|move|p1a: Tapu Koko|Dazzling Gleam|p2a: Magearna\n|-resisted|p2a: Magearna\n|-damage|p2a: Magearna|84\/100\n|\n|upkeep\n|turn|13\n|\n|t:|1618265703\n|switch|p1a: Ferrothorn|Ferrothorn, M|96\/100\n|-damage|p1a: Ferrothorn|90\/100|[from] Stealth Rock\n|move|p2a: Magearna|Fleur Cannon|p1a: Ferrothorn\n|-resisted|p1a: Ferrothorn\n|-damage|p1a: Ferrothorn|71\/100\n|-unboost|p2a: Magearna|spa|2\n|\n|-heal|p1a: Ferrothorn|77\/100|[from] item: Leftovers\n|upkeep\n|turn|14\n|\n|t:|1618265708\n|move|p2a: Magearna|Volt Switch|p1a: Ferrothorn\n|-resisted|p1a: Ferrothorn\n|-damage|p1a: Ferrothorn|72\/100\n|\n|t:|1618265712\n|switch|p2a: Kommo-o|Kommo-o, F|76\/100|[from]move: Volt Switch\n|move|p1a: Ferrothorn|Leech Seed|p2a: Kommo-o\n|-start|p2a: Kommo-o|move: Leech Seed\n|\n|-heal|p1a: Ferrothorn|78\/100|[from] item: Leftovers\n|-damage|p2a: Kommo-o|63\/100|[from] Leech Seed|[of] p1a: Ferrothorn\n|-heal|p1a: Ferrothorn|88\/100|[silent]\n|upkeep\n|turn|15\n|\n|t:|1618265717\n|switch|p2a: Tapu Lele|Tapu Lele|100\/100\n|-fieldstart|move: Psychic Terrain|[from] ability: Psychic Surge|[of] p2a: Tapu Lele\n|switch|p1a: Tapu Koko|Tapu Koko|100\/100\n|-damage|p1a: Tapu Koko|88\/100|[from] Stealth Rock\n|-fieldstart|move: Electric Terrain|[from] ability: Electric Surge|[of] p1a: Tapu Koko\n|\n|upkeep\n|turn|16\n|\n|t:|1618265722\n|move|p1a: Tapu Koko|Volt Switch|p2a: Tapu Lele\n|-damage|p2a: Tapu Lele|28\/100\n|\n|t:|1618265726\n|switch|p1a: Ferrothorn|Ferrothorn, M|88\/100|[from]move: Volt Switch\n|-damage|p1a: Ferrothorn|82\/100|[from] Stealth Rock\n|move|p2a: Tapu Lele|Moonblast|p1a: Ferrothorn\n|-resisted|p1a: Ferrothorn\n|-damage|p1a: Ferrothorn|57\/100\n|\n|-heal|p1a: Ferrothorn|64\/100|[from] item: Leftovers\n|upkeep\n|turn|17\n|\n|t:|1618265729\n|move|p2a: Tapu Lele|Moonblast|p1a: Ferrothorn\n|-resisted|p1a: Ferrothorn\n|-damage|p1a: Ferrothorn|35\/100\n|move|p1a: Ferrothorn|Leech Seed|p2a: Tapu Lele\n|-start|p2a: Tapu Lele|move: Leech Seed\n|\n|-heal|p1a: Ferrothorn|42\/100|[from] item: Leftovers\n|-damage|p2a: Tapu Lele|15\/100|[from] Leech Seed|[of] p1a: Ferrothorn\n|-heal|p1a: Ferrothorn|52\/100|[silent]\n|upkeep\n|turn|18\n|\n|t:|1618265733\n|switch|p2a: Kartana|Kartana|100\/100\n|move|p1a: Ferrothorn|Protect||[still]\n|-fail|p1a: Ferrothorn\n|\n|-heal|p1a: Ferrothorn|58\/100|[from] item: Leftovers\n|upkeep\n|turn|19\n|\n|t:|1618265738\n|switch|p2a: Kommo-o|Kommo-o, F|63\/100\n|move|p1a: Ferrothorn|Protect||[still]\n|-fail|p1a: Ferrothorn\n|\n|-heal|p1a: Ferrothorn|64\/100|[from] item: Leftovers\n|-fieldend|move: Electric Terrain\n|upkeep\n|turn|20\n|\n|t:|1618265740\n|switch|p1a: Tapu Koko|Tapu Koko|88\/100\n|-damage|p1a: Tapu Koko|76\/100|[from] Stealth Rock\n|-fieldstart|move: Electric Terrain|[from] ability: Electric Surge|[of] p1a: Tapu Koko\n|move|p2a: Kommo-o|Flamethrower|p1a: Tapu Koko\n|-damage|p1a: Tapu Koko|37\/100\n|\n|upkeep\n|turn|21\n|\n|t:|1618265742\n|switch|p2a: Magearna|Magearna|84\/100\n|move|p1a: Tapu Koko|Dazzling Gleam|p2a: Magearna\n|-resisted|p2a: Magearna\n|-damage|p2a: Magearna|75\/100\n|\n|upkeep\n|turn|22\n|\n|t:|1618265749\n|switch|p1a: Ferrothorn|Ferrothorn, M|64\/100\n|-damage|p1a: Ferrothorn|58\/100|[from] Stealth Rock\n|switch|p2a: Kommo-o|Kommo-o, F|63\/100\n|\n|-heal|p1a: Ferrothorn|64\/100|[from] item: Leftovers\n|upkeep\n|turn|23\n|\n|t:|1618265756\n|switch|p1a: Tapu Koko|Tapu Koko|37\/100\n|-damage|p1a: Tapu Koko|25\/100|[from] Stealth Rock\n|move|p2a: Kommo-o|Flamethrower|p1a: Tapu Koko\n|-crit|p1a: Tapu Koko\n|-damage|p1a: Tapu Koko|0 fnt\n|faint|p1a: Tapu Koko\n|\n|upkeep\n|\n|t:|1618265761\n|switch|p1a: Hawlucha|Hawlucha, F|100\/100\n|-damage|p1a: Hawlucha|88\/100|[from] Stealth Rock\n|-enditem|p1a: Hawlucha|Electric Seed\n|-boost|p1a: Hawlucha|def|1|[from] item: Electric Seed\n|turn|24\n|\n|t:|1618265766\n|move|p1a: Hawlucha|Swords Dance|p1a: Hawlucha\n|-boost|p1a: Hawlucha|atk|2\n|-zpower|p2a: Kommo-o\n|move|p2a: Kommo-o|Clangorous Soulblaze|p1a: Hawlucha|[zeffect]\n|-damage|p1a: Hawlucha|0 fnt\n|-boost|p2a: Kommo-o|atk|1\n|-boost|p2a: Kommo-o|def|1\n|-boost|p2a: Kommo-o|spa|1\n|-boost|p2a: Kommo-o|spd|1\n|-boost|p2a: Kommo-o|spe|1\n|faint|p1a: Hawlucha\n|\n|-fieldend|move: Electric Terrain\n|upkeep\n|-message|Gurtrant forfeited.\n|\n|win|Jfsosa10\n|raw|Gurtrant's rating: 1489 &rarr; <strong>1473<\/strong><br \/>(-16 for losing)\n|raw|Jfsosa10's rating: 1556 &rarr; <strong>1572<\/strong><br \/>(+16 for winning)\n|l|\u2606Gurtrant\n||Ladder isn't responding, score probably updated but might not have (Request timeout).\n","uploadtime":1618265774,"views":62,"p1id":"gurtrant","p2id":"jfsosa10","formatid":"gen7ou","rating":1473,"private":0,"password":null}