{"id":"gen7ubers-894613630","p1":"shardul888","p2":"iamsupercrazy","format":"gen7ubers","log":"|j|\u2606shardul888\n|j|\u2606iamsupercrazy\n|player|p1|shardul888|92\n|player|p2|iamsupercrazy|170\n|teamsize|p1|6\n|teamsize|p2|6\n|gametype|singles\n|gen|7\n|tier|[Gen 7] Ubers\n|rated|\n|rule|Sleep Clause Mod: Limit one foe put to sleep\n|rule|Species Clause: Limit one of each Pok\u00e9mon\n|rule|OHKO Clause: OHKO moves are banned\n|rule|Moody Clause: Moody is banned\n|rule|Evasion Moves Clause: Evasion moves are banned\n|rule|Endless Battle Clause: Forcing endless battles is banned\n|rule|HP Percentage Mod: HP is shown in percentages\n|clearpoke\n|poke|p1|Venusaur, F|item\n|poke|p1|Dragonite, F|item\n|poke|p1|Conkeldurr, M|item\n|poke|p1|Magearna|item\n|poke|p1|Zeraora|item\n|poke|p1|Umbreon, F|item\n|poke|p2|Groudon|item\n|poke|p2|Yveltal|item\n|poke|p2|Rayquaza|item\n|poke|p2|Gengar, M|item\n|poke|p2|Arceus-*|item\n|poke|p2|Zygarde|item\n|rule|Mega Rayquaza Clause: You cannot mega evolve Rayquaza\n|teampreview\n|inactive|Battle timer is ON: inactive players will automatically lose when time's up. (requested by shardul888)\n|\n|start\n|switch|p1a: Dragonite|Dragonite, F|100\/100\n|switch|p2a: Arceus|Arceus-Steel|100\/100\n|turn|1\n|\n|move|p2a: Arceus|Stealth Rock|p1a: Dragonite\n|-sidestart|p1: shardul888|move: Stealth Rock\n|move|p1a: Dragonite|Dragon Dance|p1a: Dragonite\n|-boost|p1a: Dragonite|atk|1\n|-boost|p1a: Dragonite|spe|1\n|\n|upkeep\n|turn|2\n|\n|move|p1a: Dragonite|Dragon Dance|p1a: Dragonite\n|-boost|p1a: Dragonite|atk|1\n|-boost|p1a: Dragonite|spe|1\n|move|p2a: Arceus|Toxic|p1a: Dragonite\n|-status|p1a: Dragonite|tox\n|\n|-damage|p1a: Dragonite|94\/100 tox|[from] psn\n|upkeep\n|turn|3\n|\n|move|p1a: Dragonite|Earthquake|p2a: Arceus\n|-supereffective|p2a: Arceus\n|-damage|p2a: Arceus|14\/100\n|move|p2a: Arceus|Judgment|p1a: Dragonite\n|-damage|p1a: Dragonite|54\/100 tox\n|\n|-damage|p1a: Dragonite|42\/100 tox|[from] psn\n|upkeep\n|turn|4\n|\n|move|p1a: Dragonite|Earthquake|p2a: Arceus\n|-supereffective|p2a: Arceus\n|-crit|p2a: Arceus\n|-damage|p2a: Arceus|0 fnt\n|faint|p2a: Arceus\n|\n|-damage|p1a: Dragonite|23\/100 tox|[from] psn\n|upkeep\n|-enditem|p1a: Dragonite|Iapapa Berry|[eat]\n|-heal|p1a: Dragonite|73\/100 tox|[from] item: Iapapa Berry\n|\n|switch|p2a: Rayquaza|Rayquaza|100\/100\n|-ability|p2a: Rayquaza|Air Lock\n|turn|5\n|\n|move|p2a: Rayquaza|Extreme Speed|p1a: Dragonite\n|-damage|p1a: Dragonite|29\/100 tox\n|-damage|p2a: Rayquaza|91\/100|[from] item: Life Orb\n|move|p1a: Dragonite|Dragon Claw|p2a: Rayquaza\n|-supereffective|p2a: Rayquaza\n|-damage|p2a: Rayquaza|0 fnt\n|faint|p2a: Rayquaza\n|\n|-damage|p1a: Dragonite|4\/100 tox|[from] psn\n|upkeep\n|\n|switch|p2a: Groudon|Groudon|100\/100\n|detailschange|p2a: Groudon|Groudon-Primal\n|-primal|p2a: Groudon\n|-weather|DesolateLand|[from] ability: Desolate Land|[of] p2a: Groudon\n|turn|6\n|\n|-weather|none\n|switch|p2a: Yveltal|Yveltal|100\/100\n|-ability|p2a: Yveltal|Dark Aura\n|move|p1a: Dragonite|Earthquake|p2a: Yveltal\n|-immune|p2a: Yveltal\n|\n|-damage|p1a: Dragonite|0 fnt|[from] psn\n|faint|p1a: Dragonite\n|upkeep\n|\n|switch|p1a: Magearna|Magearna|100\/100\n|-damage|p1a: Magearna|94\/100|[from] Stealth Rock\n|turn|7\n|\n|move|p2a: Yveltal|U-turn|p1a: Magearna\n|-resisted|p1a: Magearna\n|-damage|p1a: Magearna|90\/100\n|-damage|p2a: Yveltal|91\/100|[from] item: Life Orb\n|\n|switch|p2a: Groudon|Groudon-Primal|100\/100\n|-weather|DesolateLand|[from] ability: Desolate Land|[of] p2a: Groudon\n|move|p1a: Magearna|Aura Sphere|p2a: Groudon\n|-damage|p2a: Groudon|71\/100\n|\n|-weather|DesolateLand|[upkeep]\n|upkeep\n|turn|8\n|\n|switch|p1a: Umbreon|Umbreon, F|100\/100\n|-damage|p1a: Umbreon|88\/100|[from] Stealth Rock\n|move|p2a: Groudon|Rock Polish|p2a: Groudon\n|-boost|p2a: Groudon|spe|2\n|\n|-weather|DesolateLand|[upkeep]\n|-heal|p1a: Umbreon|94\/100|[from] item: Leftovers\n|upkeep\n|turn|9\n|\n|move|p2a: Groudon|Precipice Blades|p1a: Umbreon\n|-damage|p1a: Umbreon|40\/100\n|move|p1a: Umbreon|Toxic|p2a: Groudon\n|-status|p2a: Groudon|tox\n|\n|-weather|DesolateLand|[upkeep]\n|-heal|p1a: Umbreon|46\/100|[from] item: Leftovers\n|-damage|p2a: Groudon|64\/100 tox|[from] psn\n|upkeep\n|turn|10\n|\n|move|p1a: Umbreon|Protect|p1a: Umbreon\n|-singleturn|p1a: Umbreon|Protect\n|move|p2a: Groudon|Precipice Blades|p1a: Umbreon\n|-activate|p1a: Umbreon|move: Protect\n|\n|-weather|DesolateLand|[upkeep]\n|-heal|p1a: Umbreon|52\/100|[from] item: Leftovers\n|-damage|p2a: Groudon|52\/100 tox|[from] psn\n|upkeep\n|turn|11\n|\n|move|p2a: Groudon|Precipice Blades|p1a: Umbreon\n|-damage|p1a: Umbreon|0 fnt\n|faint|p1a: Umbreon\n|\n|-weather|DesolateLand|[upkeep]\n|-damage|p2a: Groudon|34\/100 tox|[from] psn\n|upkeep\n|\n|switch|p1a: Venusaur|Venusaur, F|100\/100\n|-damage|p1a: Venusaur|88\/100|[from] Stealth Rock\n|turn|12\n|\n|detailschange|p1a: Venusaur|Venusaur-Mega, F\n|-mega|p1a: Venusaur|Venusaur|Venusaurite\n|move|p2a: Groudon|Fire Punch|p1a: Venusaur\n|-supereffective|p1a: Venusaur\n|-damage|p1a: Venusaur|31\/100\n|move|p1a: Venusaur|Synthesis|p1a: Venusaur\n|-heal|p1a: Venusaur|97\/100\n|\n|-weather|DesolateLand|[upkeep]\n|-damage|p2a: Groudon|9\/100 tox|[from] psn\n|upkeep\n|turn|13\n|\n|move|p2a: Groudon|Fire Punch|p1a: Venusaur\n|-supereffective|p1a: Venusaur\n|-damage|p1a: Venusaur|35\/100\n|move|p1a: Venusaur|Synthesis|p1a: Venusaur\n|-heal|p1a: Venusaur|100\/100\n|\n|-weather|DesolateLand|[upkeep]\n|-damage|p2a: Groudon|0 fnt|[from] psn\n|faint|p2a: Groudon\n|-weather|none\n|upkeep\n|\n|switch|p2a: Zygarde|Zygarde|100\/100\n|turn|14\n|\n|move|p2a: Zygarde|Thousand Arrows|p1a: Venusaur\n|-damage|p1a: Venusaur|75\/100\n|move|p1a: Venusaur|Leech Seed|p2a: Zygarde\n|-start|p2a: Zygarde|move: Leech Seed\n|\n|-damage|p2a: Zygarde|88\/100|[from] Leech Seed|[of] p1a: Venusaur\n|-heal|p1a: Venusaur|90\/100|[silent]\n|upkeep\n|turn|15\n|\n|move|p2a: Zygarde|Thousand Arrows|p1a: Venusaur\n|-damage|p1a: Venusaur|68\/100\n|move|p1a: Venusaur|Sludge Bomb|p2a: Zygarde\n|-resisted|p2a: Zygarde\n|-damage|p2a: Zygarde|70\/100\n|-status|p2a: Zygarde|psn\n|\n|-heal|p2a: Zygarde|76\/100 psn|[from] item: Leftovers\n|-damage|p2a: Zygarde|64\/100 psn|[from] Leech Seed|[of] p1a: Venusaur\n|-heal|p1a: Venusaur|83\/100|[silent]\n|-damage|p2a: Zygarde|52\/100 psn|[from] psn\n|upkeep\n|turn|16\n|\n|move|p2a: Zygarde|Thousand Arrows|p1a: Venusaur\n|-damage|p1a: Venusaur|62\/100\n|move|p1a: Venusaur|Giga Drain|p2a: Zygarde\n|-damage|p2a: Zygarde|26\/100 psn\n|-heal|p1a: Venusaur|78\/100|[from] drain|[of] p2a: Zygarde\n|\n|-heal|p2a: Zygarde|32\/100 psn|[from] item: Leftovers\n|-damage|p2a: Zygarde|20\/100 psn|[from] Leech Seed|[of] p1a: Venusaur\n|-heal|p1a: Venusaur|93\/100|[silent]\n|-damage|p2a: Zygarde|7\/100 psn|[from] psn\n|-activate|p2a: Zygarde|ability: Power Construct\n|detailschange|p2a: Zygarde|Zygarde-Complete\n|-heal|p2a: Zygarde|39\/100 psn|[silent]\n|upkeep\n|turn|17\n|\n|move|p2a: Zygarde|Rest|p2a: Zygarde\n|-status|p2a: Zygarde|slp\n|-heal|p2a: Zygarde|100\/100 slp|[silent]\n|-status|p2a: Zygarde|slp|[from] move: Rest\n|move|p1a: Venusaur|Synthesis|p1a: Venusaur\n|-heal|p1a: Venusaur|100\/100\n|\n|-damage|p2a: Zygarde|88\/100 slp|[from] Leech Seed|[of] p1a: Venusaur\n|upkeep\n|turn|18\n|\n|switch|p2a: Yveltal|Yveltal|91\/100\n|-ability|p2a: Yveltal|Dark Aura\n|move|p1a: Venusaur|Sludge Bomb|p2a: Yveltal\n|-damage|p2a: Yveltal|57\/100\n|\n|upkeep\n|turn|19\n|\n|switch|p1a: Magearna|Magearna|90\/100\n|-damage|p1a: Magearna|84\/100|[from] Stealth Rock\n|move|p2a: Yveltal|Oblivion Wing|p1a: Magearna\n|-resisted|p1a: Magearna\n|-damage|p1a: Magearna|62\/100\n|-heal|p2a: Yveltal|72\/100|[from] drain|[of] p1a: Magearna\n|-damage|p2a: Yveltal|62\/100|[from] item: Life Orb\n|\n|upkeep\n|turn|20\n|\n|move|p2a: Yveltal|U-turn|p1a: Magearna\n|-resisted|p1a: Magearna\n|-damage|p1a: Magearna|57\/100\n|-damage|p2a: Yveltal|52\/100|[from] item: Life Orb\n|\n|switch|p2a: Gengar|Gengar, M|100\/100\n|move|p1a: Magearna|Fleur Cannon|p2a: Gengar\n|-resisted|p2a: Gengar\n|-damage|p2a: Gengar|47\/100\n|-start|p1a: Magearna|Disable|Fleur Cannon|[from] ability: Cursed Body|[of] p2a: Gengar\n|-unboost|p1a: Magearna|spa|2\n|\n|upkeep\n|turn|21\n|\n|detailschange|p2a: Gengar|Gengar-Mega, M\n|-mega|p2a: Gengar|Gengar|Gengarite\n|move|p2a: Gengar|Shadow Ball|p1a: Magearna\n|-damage|p1a: Magearna|17\/100\n|move|p1a: Magearna|Heart Swap|p2a: Gengar\n|-swapboost|p1a: Magearna|p2a: Gengar|[from] move: Heart Swap\n|\n|upkeep\n|turn|22\n|\n|move|p2a: Gengar|Shadow Ball|p1a: Magearna\n|-damage|p1a: Magearna|0 fnt\n|faint|p1a: Magearna\n|\n|upkeep\n|\n|switch|p1a: Conkeldurr|Conkeldurr, M|100\/100\n|-damage|p1a: Conkeldurr|94\/100|[from] Stealth Rock\n|turn|23\n|\n|move|p2a: Gengar|Taunt|p1a: Conkeldurr\n|-start|p1a: Conkeldurr|move: Taunt\n|move|p1a: Conkeldurr|Ice Punch|p2a: Gengar\n|-damage|p2a: Gengar|0 fnt\n|faint|p2a: Gengar\n|\n|upkeep\n|\n|switch|p2a: Yveltal|Yveltal|52\/100\n|-ability|p2a: Yveltal|Dark Aura\n|turn|24\n|\n|move|p2a: Yveltal|Oblivion Wing|p1a: Conkeldurr\n|-supereffective|p1a: Conkeldurr\n|-damage|p1a: Conkeldurr|11\/100\n|-heal|p2a: Yveltal|100\/100|[from] drain|[of] p1a: Conkeldurr\n|-damage|p2a: Yveltal|91\/100|[from] item: Life Orb\n|move|p1a: Conkeldurr|Ice Punch|p2a: Yveltal\n|-supereffective|p2a: Yveltal\n|-damage|p2a: Yveltal|19\/100\n|\n|upkeep\n|turn|25\n|\n|move|p1a: Conkeldurr|Mach Punch|p2a: Yveltal\n|-damage|p2a: Yveltal|0 fnt\n|faint|p2a: Yveltal\n|\n|-end|p1a: Conkeldurr|move: Taunt\n|upkeep\n|c|\u2606iamsupercrazy|fuck\n|\n|switch|p2a: Zygarde|Zygarde-Complete|88\/100 slp\n|turn|26\n|\n|cant|p2a: Zygarde|slp\n|move|p2a: Zygarde|Sleep Talk|p2a: Zygarde\n|move|p2a: Zygarde|Thousand Arrows|p1a: Conkeldurr|[from]Sleep Talk\n|-damage|p1a: Conkeldurr|0 fnt\n|faint|p1a: Conkeldurr\n|\n|-heal|p2a: Zygarde|94\/100 slp|[from] item: Leftovers\n|upkeep\n|\n|switch|p1a: Venusaur|Venusaur-Mega, F|100\/100\n|-damage|p1a: Venusaur|88\/100|[from] Stealth Rock\n|turn|27\n|\n|cant|p2a: Zygarde|slp\n|move|p2a: Zygarde|Sleep Talk|p2a: Zygarde\n|move|p2a: Zygarde|Thousand Arrows|p1a: Venusaur|[from]Sleep Talk\n|-damage|p1a: Venusaur|64\/100\n|move|p1a: Venusaur|Leech Seed|p2a: Zygarde\n|-start|p2a: Zygarde|move: Leech Seed\n|\n|-heal|p2a: Zygarde|99\/100 slp|[from] item: Leftovers\n|-damage|p2a: Zygarde|88\/100 slp|[from] Leech Seed|[of] p1a: Venusaur\n|-heal|p1a: Venusaur|87\/100|[silent]\n|upkeep\n|turn|28\n|\n|-curestatus|p2a: Zygarde|slp|[msg]\n|move|p2a: Zygarde|Thousand Arrows|p1a: Venusaur\n|-damage|p1a: Venusaur|66\/100\n|move|p1a: Venusaur|Giga Drain|p2a: Zygarde\n|-damage|p2a: Zygarde|69\/100\n|-heal|p1a: Venusaur|83\/100|[from] drain|[of] p2a: Zygarde\n|\n|-heal|p2a: Zygarde|75\/100|[from] item: Leftovers\n|-damage|p2a: Zygarde|63\/100|[from] Leech Seed|[of] p1a: Venusaur\n|-heal|p1a: Venusaur|100\/100|[silent]\n|upkeep\n|turn|29\n|\n|move|p2a: Zygarde|Rest|p2a: Zygarde\n|-status|p2a: Zygarde|slp\n|-heal|p2a: Zygarde|100\/100 slp|[silent]\n|-status|p2a: Zygarde|slp|[from] move: Rest\n|move|p1a: Venusaur|Sludge Bomb|p2a: Zygarde\n|-resisted|p2a: Zygarde\n|-damage|p2a: Zygarde|89\/100 slp\n|\n|-heal|p2a: Zygarde|95\/100 slp|[from] item: Leftovers\n|-damage|p2a: Zygarde|82\/100 slp|[from] Leech Seed|[of] p1a: Venusaur\n|upkeep\n|turn|30\n|\n|cant|p2a: Zygarde|slp\n|move|p2a: Zygarde|Sleep Talk|p2a: Zygarde\n|move|p2a: Zygarde|Dragon Tail|p1a: Venusaur|[from]Sleep Talk\n|-damage|p1a: Venusaur|85\/100\n|drag|p1a: Zeraora|Zeraora|100\/100\n|-damage|p1a: Zeraora|88\/100|[from] Stealth Rock\n|\n|-heal|p2a: Zygarde|89\/100 slp|[from] item: Leftovers\n|-damage|p2a: Zygarde|76\/100 slp|[from] Leech Seed|[of] p1a: Zeraora\n|-heal|p1a: Zeraora|100\/100|[silent]\n|upkeep\n|turn|31\n|\n|switch|p1a: Venusaur|Venusaur-Mega, F|85\/100\n|-damage|p1a: Venusaur|72\/100|[from] Stealth Rock\n|cant|p2a: Zygarde|slp\n|move|p2a: Zygarde|Sleep Talk|p2a: Zygarde\n|move|p2a: Zygarde|Rest|p2a: Zygarde|[from]Sleep Talk\n|-fail|p2a: Zygarde\n|\n|-heal|p2a: Zygarde|82\/100 slp|[from] item: Leftovers\n|-damage|p2a: Zygarde|70\/100 slp|[from] Leech Seed|[of] p1a: Venusaur\n|-heal|p1a: Venusaur|95\/100|[silent]\n|upkeep\n|turn|32\n|\n|-curestatus|p2a: Zygarde|slp|[msg]\n|move|p2a: Zygarde|Rest|p2a: Zygarde\n|-status|p2a: Zygarde|slp\n|-heal|p2a: Zygarde|100\/100 slp|[silent]\n|-status|p2a: Zygarde|slp|[from] move: Rest\n|move|p1a: Venusaur|Giga Drain|p2a: Zygarde\n|-damage|p2a: Zygarde|81\/100 slp\n|-heal|p1a: Venusaur|100\/100|[from] drain|[of] p2a: Zygarde\n|\n|-heal|p2a: Zygarde|87\/100 slp|[from] item: Leftovers\n|-damage|p2a: Zygarde|75\/100 slp|[from] Leech Seed|[of] p1a: Venusaur\n|upkeep\n|turn|33\n|\n|cant|p2a: Zygarde|slp\n|move|p2a: Zygarde|Sleep Talk|p2a: Zygarde\n|move|p2a: Zygarde|Thousand Arrows|p1a: Venusaur|[from]Sleep Talk\n|-damage|p1a: Venusaur|78\/100\n|move|p1a: Venusaur|Sludge Bomb|p2a: Zygarde\n|-resisted|p2a: Zygarde\n|-damage|p2a: Zygarde|63\/100 slp\n|\n|-heal|p2a: Zygarde|69\/100 slp|[from] item: Leftovers\n|-damage|p2a: Zygarde|57\/100 slp|[from] Leech Seed|[of] p1a: Venusaur\n|-heal|p1a: Venusaur|100\/100|[silent]\n|upkeep\n|turn|34\n|\n|cant|p2a: Zygarde|slp\n|move|p2a: Zygarde|Sleep Talk|p2a: Zygarde\n|move|p2a: Zygarde|Dragon Tail|p1a: Venusaur|[from]Sleep Talk\n|-damage|p1a: Venusaur|84\/100\n|drag|p1a: Zeraora|Zeraora|100\/100\n|-damage|p1a: Zeraora|88\/100|[from] Stealth Rock\n|\n|-heal|p2a: Zygarde|63\/100 slp|[from] item: Leftovers\n|-damage|p2a: Zygarde|51\/100 slp|[from] Leech Seed|[of] p1a: Zeraora\n|-heal|p1a: Zeraora|100\/100|[silent]\n|upkeep\n|turn|35\n|\n|move|p1a: Zeraora|Superpower|p2a: Zygarde\n|-damage|p2a: Zygarde|30\/100 slp\n|-unboost|p1a: Zeraora|atk|1\n|-unboost|p1a: Zeraora|def|1\n|-curestatus|p2a: Zygarde|slp|[msg]\n|move|p2a: Zygarde|Rest|p2a: Zygarde\n|-status|p2a: Zygarde|slp\n|-heal|p2a: Zygarde|100\/100 slp|[silent]\n|-status|p2a: Zygarde|slp|[from] move: Rest\n|\n|-damage|p2a: Zygarde|88\/100 slp|[from] Leech Seed|[of] p1a: Zeraora\n|upkeep\n|turn|36\n|\n|switch|p1a: Venusaur|Venusaur-Mega, F|84\/100\n|-damage|p1a: Venusaur|72\/100|[from] Stealth Rock\n|cant|p2a: Zygarde|slp\n|move|p2a: Zygarde|Sleep Talk|p2a: Zygarde\n|move|p2a: Zygarde|Dragon Tail|p1a: Venusaur|[from]Sleep Talk\n|-damage|p1a: Venusaur|56\/100\n|drag|p1a: Zeraora|Zeraora|100\/100\n|-damage|p1a: Zeraora|88\/100|[from] Stealth Rock\n|\n|-heal|p2a: Zygarde|94\/100 slp|[from] item: Leftovers\n|-damage|p2a: Zygarde|82\/100 slp|[from] Leech Seed|[of] p1a: Zeraora\n|-heal|p1a: Zeraora|100\/100|[silent]\n|upkeep\n|turn|37\n|\n|move|p1a: Zeraora|Superpower|p2a: Zygarde\n|-damage|p2a: Zygarde|61\/100 slp\n|-unboost|p1a: Zeraora|atk|1\n|-unboost|p1a: Zeraora|def|1\n|cant|p2a: Zygarde|slp\n|move|p2a: Zygarde|Sleep Talk|p2a: Zygarde\n|move|p2a: Zygarde|Thousand Arrows|p1a: Zeraora|[from]Sleep Talk\n|-supereffective|p1a: Zeraora\n|-damage|p1a: Zeraora|0 fnt\n|faint|p1a: Zeraora\n|\n|-heal|p2a: Zygarde|67\/100 slp|[from] item: Leftovers\n|upkeep\n|\n|switch|p1a: Venusaur|Venusaur-Mega, F|56\/100\n|-damage|p1a: Venusaur|44\/100|[from] Stealth Rock\n|turn|38\n|\n|-curestatus|p2a: Zygarde|slp|[msg]\n|move|p2a: Zygarde|Rest|p2a: Zygarde\n|-status|p2a: Zygarde|slp\n|-heal|p2a: Zygarde|100\/100 slp|[silent]\n|-status|p2a: Zygarde|slp|[from] move: Rest\n|move|p1a: Venusaur|Giga Drain|p2a: Zygarde\n|-damage|p2a: Zygarde|82\/100 slp\n|-heal|p1a: Venusaur|61\/100|[from] drain|[of] p2a: Zygarde\n|\n|-heal|p2a: Zygarde|88\/100 slp|[from] item: Leftovers\n|-damage|p2a: Zygarde|76\/100 slp|[from] Leech Seed|[of] p1a: Venusaur\n|-heal|p1a: Venusaur|84\/100|[silent]\n|upkeep\n|turn|39\n|\n|cant|p2a: Zygarde|slp\n|move|p2a: Zygarde|Sleep Talk|p2a: Zygarde\n|move|p2a: Zygarde|Rest|p2a: Zygarde|[from]Sleep Talk\n|-fail|p2a: Zygarde\n|move|p1a: Venusaur|Giga Drain|p2a: Zygarde\n|-damage|p2a: Zygarde|57\/100 slp\n|-heal|p1a: Venusaur|100\/100|[from] drain|[of] p2a: Zygarde\n|\n|-heal|p2a: Zygarde|63\/100 slp|[from] item: Leftovers\n|-damage|p2a: Zygarde|50\/100 slp|[from] Leech Seed|[of] p1a: Venusaur\n|upkeep\n|turn|40\n|\n|cant|p2a: Zygarde|slp\n|move|p2a: Zygarde|Sleep Talk|p2a: Zygarde\n|move|p2a: Zygarde|Thousand Arrows|p1a: Venusaur|[from]Sleep Talk\n|-damage|p1a: Venusaur|80\/100\n|move|p1a: Venusaur|Giga Drain|p2a: Zygarde\n|-damage|p2a: Zygarde|30\/100 slp\n|-heal|p1a: Venusaur|98\/100|[from] drain|[of] p2a: Zygarde\n|\n|-heal|p2a: Zygarde|36\/100 slp|[from] item: Leftovers\n|-damage|p2a: Zygarde|24\/100 slp|[from] Leech Seed|[of] p1a: Venusaur\n|-heal|p1a: Venusaur|100\/100|[silent]\n|upkeep\n|turn|41\n|\n|-curestatus|p2a: Zygarde|slp|[msg]\n|move|p2a: Zygarde|Rest|p2a: Zygarde\n|-status|p2a: Zygarde|slp\n|-heal|p2a: Zygarde|100\/100 slp|[silent]\n|-status|p2a: Zygarde|slp|[from] move: Rest\n|move|p1a: Venusaur|Giga Drain|p2a: Zygarde\n|-damage|p2a: Zygarde|83\/100 slp\n|\n|-heal|p2a: Zygarde|89\/100 slp|[from] item: Leftovers\n|-damage|p2a: Zygarde|77\/100 slp|[from] Leech Seed|[of] p1a: Venusaur\n|upkeep\n|turn|42\n|\n|cant|p2a: Zygarde|slp\n|move|p2a: Zygarde|Sleep Talk|p2a: Zygarde\n|move|p2a: Zygarde|Dragon Tail|p1a: Venusaur|[from]Sleep Talk\n|-damage|p1a: Venusaur|86\/100\n|move|p1a: Venusaur|Sludge Bomb|p2a: Zygarde\n|-resisted|p2a: Zygarde\n|-damage|p2a: Zygarde|66\/100 slp\n|\n|-heal|p2a: Zygarde|72\/100 slp|[from] item: Leftovers\n|-damage|p2a: Zygarde|60\/100 slp|[from] Leech Seed|[of] p1a: Venusaur\n|-heal|p1a: Venusaur|100\/100|[silent]\n|upkeep\n|turn|43\n|\n|cant|p2a: Zygarde|slp\n|move|p2a: Zygarde|Sleep Talk|p2a: Zygarde\n|move|p2a: Zygarde|Thousand Arrows|p1a: Venusaur|[from]Sleep Talk\n|-damage|p1a: Venusaur|76\/100\n|move|p1a: Venusaur|Sludge Bomb|p2a: Zygarde\n|-resisted|p2a: Zygarde\n|-damage|p2a: Zygarde|48\/100 slp\n|\n|-heal|p2a: Zygarde|54\/100 slp|[from] item: Leftovers\n|-damage|p2a: Zygarde|42\/100 slp|[from] Leech Seed|[of] p1a: Venusaur\n|-heal|p1a: Venusaur|99\/100|[silent]\n|upkeep\n|turn|44\n|\n|-curestatus|p2a: Zygarde|slp|[msg]\n|move|p2a: Zygarde|Rest|p2a: Zygarde\n|-status|p2a: Zygarde|slp\n|-heal|p2a: Zygarde|100\/100 slp|[silent]\n|-status|p2a: Zygarde|slp|[from] move: Rest\n|move|p1a: Venusaur|Giga Drain|p2a: Zygarde\n|-damage|p2a: Zygarde|81\/100 slp\n|-heal|p1a: Venusaur|100\/100|[from] drain|[of] p2a: Zygarde\n|\n|-heal|p2a: Zygarde|88\/100 slp|[from] item: Leftovers\n|-damage|p2a: Zygarde|75\/100 slp|[from] Leech Seed|[of] p1a: Venusaur\n|upkeep\n|turn|45\n|\n|cant|p2a: Zygarde|slp\n|move|p2a: Zygarde|Sleep Talk|p2a: Zygarde\n|move|p2a: Zygarde|Rest|p2a: Zygarde|[from]Sleep Talk\n|-fail|p2a: Zygarde\n|move|p1a: Venusaur|Giga Drain|p2a: Zygarde\n|-damage|p2a: Zygarde|55\/100 slp\n|\n|-heal|p2a: Zygarde|61\/100 slp|[from] item: Leftovers\n|-damage|p2a: Zygarde|49\/100 slp|[from] Leech Seed|[of] p1a: Venusaur\n|upkeep\n|turn|46\n|\n|cant|p2a: Zygarde|slp\n|move|p2a: Zygarde|Sleep Talk|p2a: Zygarde\n|move|p2a: Zygarde|Thousand Arrows|p1a: Venusaur|[from]Sleep Talk\n|-damage|p1a: Venusaur|78\/100\n|move|p1a: Venusaur|Giga Drain|p2a: Zygarde\n|-damage|p2a: Zygarde|30\/100 slp\n|-heal|p1a: Venusaur|95\/100|[from] drain|[of] p2a: Zygarde\n|\n|-heal|p2a: Zygarde|36\/100 slp|[from] item: Leftovers\n|-damage|p2a: Zygarde|23\/100 slp|[from] Leech Seed|[of] p1a: Venusaur\n|-heal|p1a: Venusaur|100\/100|[silent]\n|upkeep\n|turn|47\n|\n|-curestatus|p2a: Zygarde|slp|[msg]\n|move|p2a: Zygarde|Rest|p2a: Zygarde\n|-status|p2a: Zygarde|slp\n|-heal|p2a: Zygarde|100\/100 slp|[silent]\n|-status|p2a: Zygarde|slp|[from] move: Rest\n|move|p1a: Venusaur|Giga Drain|p2a: Zygarde\n|-damage|p2a: Zygarde|81\/100 slp\n|\n|-heal|p2a: Zygarde|88\/100 slp|[from] item: Leftovers\n|-damage|p2a: Zygarde|75\/100 slp|[from] Leech Seed|[of] p1a: Venusaur\n|upkeep\n|turn|48\n|-message|shardul888 forfeited.\n|\n|win|iamsupercrazy\n|l|\u2606shardul888\n","uploadtime":1555527428,"views":5,"p1id":"shardul888","p2id":"iamsupercrazy","formatid":"gen7ubers","rating":0,"private":0,"password":null}