{"id":"gen7ou-912935238","p1":"megastaruniverse","p2":"ghecisbestvillain","format":"gen7ou","log":"|j|\u203dmegastaruniverse\n|j|\u2606ghecisbestvillain\n|player|p1|megastaruniverse|102\n|player|p2|ghecisbestvillain|87\n|teamsize|p1|6\n|teamsize|p2|6\n|gametype|singles\n|gen|7\n|tier|[Gen 7] OU\n|rated|\n|rule|Sleep Clause Mod: Limit one foe put to sleep\n|rule|Species Clause: Limit one of each Pok\u00e9mon\n|rule|OHKO Clause: OHKO moves are banned\n|rule|Moody Clause: Moody is banned\n|rule|Evasion Moves Clause: Evasion moves are banned\n|rule|Endless Battle Clause: Forcing endless battles is banned\n|rule|HP Percentage Mod: HP is shown in percentages\n|clearpoke\n|poke|p1|Scizor, M|item\n|poke|p1|Garchomp, F|item\n|poke|p1|Jirachi|item\n|poke|p1|Tapu Fini|item\n|poke|p1|Tornadus-Therian, M|item\n|poke|p1|Tapu Bulu|item\n|poke|p2|Hawlucha, M|item\n|poke|p2|Clefable, F|item\n|poke|p2|Charizard, M|item\n|poke|p2|Tapu Koko|item\n|poke|p2|Magearna|item\n|poke|p2|Kyurem-Black|item\n|teampreview\n|inactive|Battle timer is ON: inactive players will automatically lose when time's up. (requested by ghecisbestvillain)\n|\n|start\n|switch|p1a: Jirachi|Jirachi|341\/341\n|switch|p2a: Tapu Koko|Tapu Koko|282\/282\n|-fieldstart|move: Electric Terrain|[from] ability: Electric Surge|[of] p2a: Tapu Koko\n|turn|1\n|\n|move|p1a: Jirachi|Iron Head|p2a: Tapu Koko\n|-damage|p2a: Tapu Koko|188\/282\n|move|p2a: Tapu Koko|Reflect|p2a: Tapu Koko\n|-sidestart|p2: ghecisbestvillain|Reflect\n|\n|upkeep\n|turn|2\n|\n|switch|p1a: Garchomp|Garchomp, F|357\/357\n|move|p2a: Tapu Koko|Light Screen|p2a: Tapu Koko\n|-sidestart|p2: ghecisbestvillain|move: Light Screen\n|\n|upkeep\n|turn|3\n|\n|move|p2a: Tapu Koko|Taunt|p1a: Garchomp\n|-start|p1a: Garchomp|move: Taunt\n|cant|p1a: Garchomp|move: Taunt|Stealth Rock\n|\n|upkeep\n|turn|4\n|\n|switch|p2a: Clefable|Clefable, F|393\/393\n|move|p1a: Garchomp|Stone Edge|p2a: Clefable\n|-damage|p2a: Clefable|334\/393\n|\n|-heal|p2a: Clefable|358\/393|[from] item: Leftovers\n|upkeep\n|turn|5\n|j| VBBG\n|\n|switch|p2a: Hawlucha|Hawlucha, M|299\/299\n|-enditem|p2a: Hawlucha|Electric Seed\n|-boost|p2a: Hawlucha|def|1\n|move|p1a: Garchomp|Earthquake|p2a: Hawlucha\n|-immune|p2a: Hawlucha\n|\n|-end|p1a: Garchomp|move: Taunt\n|-fieldend|move: Electric Terrain\n|upkeep\n|turn|6\n|inactive|megastaruniverse has 120 seconds left.\n|\n|switch|p1a: Tapu Fini|Tapu Fini|343\/343\n|-fieldstart|move: Misty Terrain|[from] ability: Misty Surge|[of] p1a: Tapu Fini\n|move|p2a: Hawlucha|Swords Dance|p2a: Hawlucha\n|-boost|p2a: Hawlucha|atk|2\n|\n|upkeep\n|turn|7\n|\n|move|p2a: Hawlucha|Swords Dance|p2a: Hawlucha\n|-boost|p2a: Hawlucha|atk|2\n|move|p1a: Tapu Fini|Moonblast|p2a: Hawlucha\n|-supereffective|p2a: Hawlucha\n|-damage|p2a: Hawlucha|184\/299\n|-unboost|p2a: Hawlucha|spa|1\n|\n|upkeep\n|turn|8\n|\n|move|p2a: Hawlucha|Acrobatics|p1a: Tapu Fini\n|-damage|p1a: Tapu Fini|0 fnt\n|faint|p1a: Tapu Fini\n|\n|-sideend|p2: ghecisbestvillain|Reflect\n|upkeep\n|\n|switch|p1a: Scizor|Scizor, M|343\/343\n|turn|9\n|\n|detailschange|p1a: Scizor|Scizor-Mega, M\n|-mega|p1a: Scizor|Scizor|Scizorite\n|move|p1a: Scizor|Bullet Punch|p2a: Hawlucha\n|-damage|p2a: Hawlucha|84\/299\n|move|p2a: Hawlucha|Drain Punch|p1a: Scizor\n|-damage|p1a: Scizor|85\/343\n|-heal|p2a: Hawlucha|213\/299|[from] drain|[of] p1a: Scizor\n|\n|-sideend|p2: ghecisbestvillain|move: Light Screen\n|upkeep\n|turn|10\n|\n|move|p1a: Scizor|Bullet Punch|p2a: Hawlucha\n|-damage|p2a: Hawlucha|107\/299\n|move|p2a: Hawlucha|Drain Punch|p1a: Scizor\n|-damage|p1a: Scizor|0 fnt\n|-heal|p2a: Hawlucha|150\/299|[from] drain|[of] p1a: Scizor\n|faint|p1a: Scizor\n|\n|-fieldend|Misty Terrain\n|upkeep\n|\n|switch|p1a: Garchomp|Garchomp, F|357\/357\n|turn|11\n|\n|move|p2a: Hawlucha|Acrobatics|p1a: Garchomp\n|-damage|p1a: Garchomp|0 fnt\n|-damage|p2a: Hawlucha|113\/299|[from] ability: Rough Skin|[of] p1a: Garchomp\n|faint|p1a: Garchomp\n|\n|upkeep\n|\n|switch|p1a: Jirachi|Jirachi|341\/341\n|turn|12\n|\n|move|p2a: Hawlucha|Drain Punch|p1a: Jirachi\n|-damage|p1a: Jirachi|34\/341\n|-heal|p2a: Hawlucha|267\/299|[from] drain|[of] p1a: Jirachi\n|move|p1a: Jirachi|Iron Head|p2a: Hawlucha\n|-damage|p2a: Hawlucha|165\/299\n|\n|upkeep\n|turn|13\n|\n|move|p2a: Hawlucha|Drain Punch|p1a: Jirachi\n|-damage|p1a: Jirachi|0 fnt\n|-heal|p2a: Hawlucha|182\/299|[from] drain|[of] p1a: Jirachi\n|faint|p1a: Jirachi\n|\n|upkeep\n|\n|switch|p1a: Tornadus|Tornadus-Therian, M|361\/361\n|turn|14\n|\n|move|p2a: Hawlucha|Acrobatics|p1a: Tornadus\n|-damage|p1a: Tornadus|0 fnt\n|faint|p1a: Tornadus\n|\n|upkeep\n|\n|switch|p1a: Tapu Bulu|Tapu Bulu|331\/331\n|-fieldstart|move: Grassy Terrain|[from] ability: Grassy Surge|[of] p1a: Tapu Bulu\n|turn|15\n|\n|move|p2a: Hawlucha|Acrobatics|p1a: Tapu Bulu\n|-supereffective|p1a: Tapu Bulu\n|-damage|p1a: Tapu Bulu|0 fnt\n|faint|p1a: Tapu Bulu\n|\n|win|ghecisbestvillain\n|raw|megastaruniverse's rating: 1849 &rarr; <strong>1824<\/strong><br \/>(-25 for losing)\n|raw|ghecisbestvillain's rating: 1756 &rarr; <strong>1781<\/strong><br \/>(+25 for winning)\n|l|\u2606ghecisbestvillain\n|l|\u203dmegastaruniverse\n","uploadtime":1558347519,"views":131,"p1id":"megastaruniverse","p2id":"ghecisbestvillain","formatid":"gen7ou","rating":1781,"private":0,"password":null}