{"id":"gen7ou-897734799","p1":"robopoke3","p2":"why addicted","format":"gen7ou","log":"|j|\u2606robopoke3\n|j|\u2606why addicted\n|player|p1|robopoke3|170\n|player|p2|why addicted|168\n|teamsize|p1|6\n|teamsize|p2|6\n|gametype|singles\n|gen|7\n|tier|[Gen 7] OU\n|rated|\n|rule|Sleep Clause Mod: Limit one foe put to sleep\n|rule|Species Clause: Limit one of each Pok\u00e9mon\n|rule|OHKO Clause: OHKO moves are banned\n|rule|Moody Clause: Moody is banned\n|rule|Evasion Moves Clause: Evasion moves are banned\n|rule|Endless Battle Clause: Forcing endless battles is banned\n|rule|HP Percentage Mod: HP is shown in percentages\n|clearpoke\n|poke|p1|Landorus-Therian, M|item\n|poke|p1|Scolipede, M|item\n|poke|p1|Greninja, M|item\n|poke|p1|Serperior, M|item\n|poke|p1|Heatran, M|item\n|poke|p1|Tapu Koko|item\n|poke|p2|Scizor, M|item\n|poke|p2|Kyurem|item\n|poke|p2|Tapu Koko|item\n|poke|p2|Landorus-Therian, M|item\n|poke|p2|Heatran, F|item\n|poke|p2|Tapu Fini|item\n|teampreview\n|c|\u2606why addicted|kek\n|c|\u2606why addicted|gl\n|j| jokes like anybody\n|c|\u2606robopoke3|hf\n|\n|start\n|switch|p1a: Scolipede|Scolipede, M|100\/100\n|switch|p2a: Landorus|Landorus-Therian, M|100\/100\n|-ability|p2a: Landorus|Intimidate|boost\n|-unboost|p1a: Scolipede|atk|1\n|turn|1\n|\n|switch|p2a: Scizor|Scizor, M|100\/100\n|move|p1a: Scolipede|Toxic Spikes|p2a: Scizor\n|-sidestart|p2: why addicted|move: Toxic Spikes\n|\n|-ability|p1a: Scolipede|Speed Boost|boost\n|-boost|p1a: Scolipede|spe|1\n|upkeep\n|turn|2\n|inactive|Battle timer is ON: inactive players will automatically lose when time's up. (requested by robopoke3)\n|\n|switch|p1a: Heatran|Heatran, M|100\/100\n|detailschange|p2a: Scizor|Scizor-Mega, M\n|-mega|p2a: Scizor|Scizor|Scizorite\n|move|p2a: Scizor|Knock Off|p1a: Heatran\n|-damage|p1a: Heatran|81\/100\n|\n|upkeep\n|turn|3\n|\n|switch|p2a: Landorus|Landorus-Therian, M|100\/100\n|-ability|p2a: Landorus|Intimidate|boost\n|-unboost|p1a: Heatran|atk|1\n|move|p1a: Heatran|Magma Storm|p2a: Landorus\n|-damage|p2a: Landorus|37\/100\n|-activate|p2a: Landorus|move: Magma Storm|[of] p1a: Heatran\n|\n|-damage|p2a: Landorus|25\/100|[from] move: Magma Storm|[partiallytrapped]\n|upkeep\n|turn|4\n|\n|move|p2a: Landorus|Defog|p1a: Heatran\n|-unboost|p1a: Heatran|evasion|1\n|-sideend|p2: why addicted|Toxic Spikes|[from] move: Defog|[of] p2a: Landorus\n|move|p1a: Heatran|Stealth Rock|p2a: Landorus\n|-sidestart|p2: why addicted|move: Stealth Rock\n|\n|-damage|p2a: Landorus|13\/100|[from] move: Magma Storm|[partiallytrapped]\n|upkeep\n|turn|5\n|\n|move|p2a: Landorus|Defog|p1a: Heatran\n|-unboost|p1a: Heatran|evasion|1\n|-sideend|p2: why addicted|Stealth Rock|[from] move: Defog|[of] p2a: Landorus\n|move|p1a: Heatran|Stealth Rock|p2a: Landorus\n|-sidestart|p2: why addicted|move: Stealth Rock\n|\n|-damage|p2a: Landorus|0 fnt|[from] move: Magma Storm|[partiallytrapped]\n|faint|p2a: Landorus\n|upkeep\n|\n|switch|p2a: Kyurem|Kyurem|100\/100\n|-damage|p2a: Kyurem|76\/100|[from] Stealth Rock\n|-ability|p2a: Kyurem|Pressure\n|turn|6\n|\n|switch|p1a: Scolipede|Scolipede, M|100\/100\n|move|p2a: Kyurem|Earth Power|p1a: Scolipede\n|-damage|p1a: Scolipede|29\/100\n|\n|upkeep\n|turn|7\n|j| 99664433kek\n|\n|move|p1a: Scolipede|Toxic Spikes|p2a: Kyurem\n|-sidestart|p2: why addicted|move: Toxic Spikes\n|move|p2a: Kyurem|Ice Beam|p1a: Scolipede\n|-damage|p1a: Scolipede|0 fnt\n|faint|p1a: Scolipede\n|\n|upkeep\n|c|\u2606why addicted|l\n|\n|switch|p1a: Tapu Koko|Tapu Koko|100\/100\n|-fieldstart|move: Electric Terrain|[from] ability: Electric Surge|[of] p1a: Tapu Koko\n|turn|8\n|\n|move|p1a: Tapu Koko|Thunderbolt|p2a: Kyurem\n|-resisted|p2a: Kyurem\n|-damage|p2a: Kyurem|47\/100\n|move|p2a: Kyurem|Roost|p2a: Kyurem\n|-heal|p2a: Kyurem|97\/100\n|-singleturn|p2a: Kyurem|move: Roost\n|\n|upkeep\n|turn|9\n|\n|move|p1a: Tapu Koko|Thunderbolt|p2a: Kyurem\n|-resisted|p2a: Kyurem\n|-damage|p2a: Kyurem|63\/100\n|move|p2a: Kyurem|Ice Beam|p1a: Tapu Koko\n|-damage|p1a: Tapu Koko|35\/100\n|\n|upkeep\n|turn|10\n|\n|switch|p2a: Heatran|Heatran, F|100\/100\n|-damage|p2a: Heatran|88\/100|[from] Stealth Rock\n|move|p1a: Tapu Koko|Taunt|p2a: Heatran\n|-start|p2a: Heatran|move: Taunt\n|\n|-heal|p2a: Heatran|94\/100|[from] item: Leftovers\n|upkeep\n|turn|11\n|\n|move|p1a: Tapu Koko|U-turn|p2a: Heatran\n|-resisted|p2a: Heatran\n|-damage|p2a: Heatran|91\/100\n|\n|switch|p1a: Serperior|Serperior, M|100\/100|[from]move: U-turn\n|move|p2a: Heatran|Magma Storm|p1a: Serperior\n|-supereffective|p1a: Serperior\n|-damage|p1a: Serperior|1\/100\n|-activate|p1a: Serperior|move: Magma Storm|[of] p2a: Heatran\n|\n|-heal|p1a: Serperior|8\/100|[from] item: Leftovers\n|-heal|p2a: Heatran|97\/100|[from] item: Leftovers\n|-damage|p1a: Serperior|0 fnt|[from] move: Magma Storm|[partiallytrapped]\n|faint|p1a: Serperior\n|upkeep\n|\n|switch|p1a: Greninja|Greninja, M|100\/100\n|turn|12\n|\n|move|p1a: Greninja|Surf|p2a: Heatran\n|-supereffective|p2a: Heatran\n|-damage|p2a: Heatran|18\/100\n|move|p2a: Heatran|Earth Power|p1a: Greninja\n|-damage|p1a: Greninja|59\/100\n|\n|-heal|p2a: Heatran|24\/100|[from] item: Leftovers\n|-end|p2a: Heatran|move: Taunt\n|-fieldend|move: Electric Terrain\n|upkeep\n|turn|13\n|\n|switch|p2a: Tapu Fini|Tapu Fini|100\/100\n|-damage|p2a: Tapu Fini|88\/100|[from] Stealth Rock\n|-status|p2a: Tapu Fini|psn\n|-fieldstart|move: Misty Terrain|[from] ability: Misty Surge|[of] p2a: Tapu Fini\n|move|p1a: Greninja|Surf|p2a: Tapu Fini\n|-resisted|p2a: Tapu Fini\n|-damage|p2a: Tapu Fini|67\/100 psn\n|\n|-heal|p2a: Tapu Fini|73\/100 psn|[from] item: Leftovers\n|-damage|p2a: Tapu Fini|61\/100 psn|[from] psn\n|upkeep\n|turn|14\n|\n|move|p1a: Greninja|Surf|p2a: Tapu Fini\n|-resisted|p2a: Tapu Fini\n|-damage|p2a: Tapu Fini|40\/100 psn\n|move|p2a: Tapu Fini|Defog|p1a: Greninja\n|-unboost|p1a: Greninja|evasion|1\n|-sideend|p2: why addicted|Toxic Spikes|[from] move: Defog|[of] p2a: Tapu Fini\n|-sideend|p2: why addicted|Stealth Rock|[from] move: Defog|[of] p2a: Tapu Fini\n|\n|-heal|p2a: Tapu Fini|46\/100 psn|[from] item: Leftovers\n|-damage|p2a: Tapu Fini|34\/100 psn|[from] psn\n|upkeep\n|turn|15\n|\n|switch|p1a: Tapu Koko|Tapu Koko|35\/100\n|-fieldstart|move: Electric Terrain|[from] ability: Electric Surge|[of] p1a: Tapu Koko\n|switch|p2a: Kyurem|Kyurem|63\/100\n|-ability|p2a: Kyurem|Pressure\n|\n|upkeep\n|turn|16\n|\n|move|p1a: Tapu Koko|Thunderbolt|p2a: Kyurem\n|-resisted|p2a: Kyurem\n|-damage|p2a: Kyurem|34\/100\n|move|p2a: Kyurem|Roost|p2a: Kyurem\n|-heal|p2a: Kyurem|84\/100\n|-singleturn|p2a: Kyurem|move: Roost\n|\n|upkeep\n|turn|17\n|\n|move|p1a: Tapu Koko|Thunderbolt|p2a: Kyurem\n|-resisted|p2a: Kyurem\n|-damage|p2a: Kyurem|50\/100\n|move|p2a: Kyurem|Ice Beam|p1a: Tapu Koko\n|-damage|p1a: Tapu Koko|0 fnt\n|faint|p1a: Tapu Koko\n|\n|upkeep\n|\n|switch|p1a: Greninja|Greninja, M|59\/100\n|turn|18\n|\n|switch|p2a: Tapu Koko|Tapu Koko|100\/100\n|move|p1a: Greninja|Surf|p2a: Tapu Koko\n|-damage|p2a: Tapu Koko|14\/100\n|\n|upkeep\n|turn|19\n|\n|move|p2a: Tapu Koko|Hidden Power|p1a: Greninja\n|-resisted|p1a: Greninja\n|-damage|p1a: Greninja|46\/100\n|move|p1a: Greninja|Surf|p2a: Tapu Koko\n|-damage|p2a: Tapu Koko|0 fnt\n|faint|p2a: Tapu Koko\n|-activate|p1a: Greninja|ability: Battle Bond\n|detailschange|p1a: Greninja|Greninja-Ash, M\n|\n|-fieldend|move: Electric Terrain\n|upkeep\n|c|\u2606why addicted|kek\n|\n|switch|p2a: Kyurem|Kyurem|50\/100\n|-ability|p2a: Kyurem|Pressure\n|turn|20\n|\n|switch|p1a: Landorus|Landorus-Therian, M|100\/100\n|-ability|p1a: Landorus|Intimidate|boost\n|-unboost|p2a: Kyurem|atk|1\n|move|p2a: Kyurem|Roost|p2a: Kyurem\n|-heal|p2a: Kyurem|99\/100\n|-singleturn|p2a: Kyurem|move: Roost\n|\n|upkeep\n|turn|21\n|\n|switch|p2a: Heatran|Heatran, F|24\/100\n|move|p1a: Landorus|Stone Edge|p2a: Heatran\n|-damage|p2a: Heatran|0 fnt\n|faint|p2a: Heatran\n|\n|upkeep\n|\n|switch|p2a: Kyurem|Kyurem|99\/100\n|-ability|p2a: Kyurem|Pressure\n|turn|22\n|\n|switch|p1a: Greninja|Greninja-Ash, M|46\/100\n|move|p2a: Kyurem|Ice Beam|p1a: Greninja\n|-resisted|p1a: Greninja\n|-damage|p1a: Greninja|10\/100\n|\n|upkeep\n|turn|23\n|\n|move|p1a: Greninja|Dark Pulse|p2a: Kyurem\n|-damage|p2a: Kyurem|37\/100\n|move|p2a: Kyurem|Ice Beam|p1a: Greninja\n|-resisted|p1a: Greninja\n|-damage|p1a: Greninja|0 fnt\n|faint|p1a: Greninja\n|\n|upkeep\n|\n|switch|p1a: Landorus|Landorus-Therian, M|100\/100\n|-ability|p1a: Landorus|Intimidate|boost\n|-unboost|p2a: Kyurem|atk|1\n|turn|24\n|\n|switch|p2a: Tapu Fini|Tapu Fini|34\/100 psn\n|-fieldstart|move: Misty Terrain|[from] ability: Misty Surge|[of] p2a: Tapu Fini\n|move|p1a: Landorus|U-turn|p2a: Tapu Fini\n|-resisted|p2a: Tapu Fini\n|-damage|p2a: Tapu Fini|22\/100 psn\n|\n|switch|p1a: Heatran|Heatran, M|81\/100|[from]move: U-turn\n|\n|-heal|p2a: Tapu Fini|28\/100 psn|[from] item: Leftovers\n|-damage|p2a: Tapu Fini|16\/100 psn|[from] psn\n|upkeep\n|turn|25\n|\n|switch|p1a: Landorus|Landorus-Therian, M|100\/100\n|-ability|p1a: Landorus|Intimidate|boost\n|-unboost|p2a: Tapu Fini|atk|1\n|move|p2a: Tapu Fini|Surf|p1a: Landorus\n|-supereffective|p1a: Landorus\n|-damage|p1a: Landorus|17\/100\n|\n|-heal|p2a: Tapu Fini|22\/100 psn|[from] item: Leftovers\n|-damage|p2a: Tapu Fini|10\/100 psn|[from] psn\n|upkeep\n|turn|26\n|\n|move|p1a: Landorus|U-turn|p2a: Tapu Fini\n|-resisted|p2a: Tapu Fini\n|-damage|p2a: Tapu Fini|0 fnt\n|faint|p2a: Tapu Fini\n|\n|switch|p1a: Heatran|Heatran, M|81\/100|[from]move: U-turn\n|\n|upkeep\n|\n|switch|p2a: Kyurem|Kyurem|37\/100\n|-ability|p2a: Kyurem|Pressure\n|turn|27\n|\n|move|p2a: Kyurem|Earth Power|p1a: Heatran\n|-supereffective|p1a: Heatran\n|-damage|p1a: Heatran|0 fnt\n|faint|p1a: Heatran\n|\n|upkeep\n|\n|switch|p1a: Landorus|Landorus-Therian, M|17\/100\n|-ability|p1a: Landorus|Intimidate|boost\n|-unboost|p2a: Kyurem|atk|1\n|turn|28\n|\n|move|p1a: Landorus|Earthquake|p2a: Kyurem\n|-crit|p2a: Kyurem\n|-damage|p2a: Kyurem|0 fnt\n|faint|p2a: Kyurem\n|\n|-fieldend|Misty Terrain\n|upkeep\n|c|\u2606robopoke3|gg\n|\n|switch|p2a: Scizor|Scizor-Mega, M|100\/100\n|turn|29\n|c|\u2606why addicted|gg\n|\n|move|p2a: Scizor|Bullet Punch|p1a: Landorus\n|-damage|p1a: Landorus|0 fnt\n|faint|p1a: Landorus\n|\n|win|why addicted\n","uploadtime":1556027912,"views":142,"p1id":"robopoke3","p2id":"whyaddicted","formatid":"gen7ou","rating":0,"private":0,"password":null}