{"id":"gen7ou-843266230","p1":"LeoShakur","p2":"Kaylss","format":"gen7ou","log":"|j|\u2606LeoShakur\n|j|\u2606Kaylss\n|player|p1|LeoShakur|221\n|player|p2|Kaylss|138\n|teamsize|p1|6\n|teamsize|p2|6\n|gametype|singles\n|gen|7\n|tier|[Gen 7] OU\n|rated|\n|rule|Sleep Clause Mod: Limit one foe put to sleep\n|rule|Species Clause: Limit one of each Pok\u00e9mon\n|rule|OHKO Clause: OHKO moves are banned\n|rule|Moody Clause: Moody is banned\n|rule|Evasion Moves Clause: Evasion moves are banned\n|rule|Endless Battle Clause: Forcing endless battles is banned\n|rule|HP Percentage Mod: HP is shown in percentages\n|clearpoke\n|poke|p1|Tyranitar, M|item\n|poke|p1|Jirachi|item\n|poke|p1|Garchomp, M|item\n|poke|p1|Tangrowth, F|item\n|poke|p1|Tornadus-Therian, M|item\n|poke|p1|Greninja, M|item\n|poke|p2|Charizard, M|item\n|poke|p2|Tyranitar, M|item\n|poke|p2|Tangrowth, M|item\n|poke|p2|Keldeo|item\n|poke|p2|Tapu Koko|item\n|poke|p2|Landorus-Therian, M|item\n|teampreview\n|c|\u2606Kaylss|\/log Kaylss made this room hidden.\n|\n|start\n|switch|p1a: Garchomp|Garchomp, M|100\/100\n|switch|p2a: Tapu Koko|Tapu Koko|100\/100\n|-fieldstart|move: Electric Terrain|[from] ability: Electric Surge|[of] p2a: Tapu Koko\n|turn|1\n|\n|switch|p2a: Landorus|Landorus-Therian, M|100\/100\n|-ability|p2a: Landorus|Intimidate|boost\n|-unboost|p1a: Garchomp|atk|1\n|move|p1a: Garchomp|Earthquake|p2a: Landorus\n|-immune|p2a: Landorus\n|\n|upkeep\n|turn|2\n|\n|move|p1a: Garchomp|Stealth Rock|p2a: Landorus\n|-sidestart|p2: Kaylss|move: Stealth Rock\n|move|p2a: Landorus|Stealth Rock|p1a: Garchomp\n|-sidestart|p1: LeoShakur|move: Stealth Rock\n|\n|upkeep\n|turn|3\n|\n|move|p1a: Garchomp|Swords Dance|p1a: Garchomp\n|-boost|p1a: Garchomp|atk|2\n|move|p2a: Landorus|U-turn|p1a: Garchomp\n|-damage|p1a: Garchomp|76\/100\n|-damage|p2a: Landorus|88\/100|[from] ability: Rough Skin|[of] p1a: Garchomp\n|\n|switch|p2a: Keldeo|Keldeo|100\/100\n|-damage|p2a: Keldeo|94\/100|[from] Stealth Rock\n|\n|upkeep\n|turn|4\n|\n|switch|p1a: Tangrowth|Tangrowth, F|100\/100\n|-damage|p1a: Tangrowth|88\/100|[from] Stealth Rock\n|move|p2a: Keldeo|Icy Wind|p1a: Tangrowth\n|-supereffective|p1a: Tangrowth\n|-damage|p1a: Tangrowth|63\/100\n|-unboost|p1a: Tangrowth|spe|1\n|\n|upkeep\n|turn|5\n|\n|switch|p2a: Tapu Koko|Tapu Koko|100\/100\n|-damage|p2a: Tapu Koko|88\/100|[from] Stealth Rock\n|switch|p1a: Jirachi|Jirachi|100\/100\n|-damage|p1a: Jirachi|95\/100|[from] Stealth Rock\n|\n|-heal|p2a: Tapu Koko|94\/100|[from] item: Leftovers\n|-fieldend|move: Electric Terrain\n|upkeep\n|turn|6\n|\n|move|p1a: Jirachi|Iron Head|p2a: Tapu Koko\n|-damage|p2a: Tapu Koko|59\/100\n|cant|p2a: Tapu Koko|flinch\n|\n|-heal|p2a: Tapu Koko|65\/100|[from] item: Leftovers\n|upkeep\n|turn|7\n|\n|switch|p2a: Landorus|Landorus-Therian, M|88\/100\n|-damage|p2a: Landorus|76\/100|[from] Stealth Rock\n|-ability|p2a: Landorus|Intimidate|boost\n|-unboost|p1a: Jirachi|atk|1\n|move|p1a: Jirachi|Iron Head|p2a: Landorus\n|-damage|p2a: Landorus|60\/100\n|\n|-heal|p2a: Landorus|66\/100|[from] item: Leftovers\n|upkeep\n|turn|8\n|\n|switch|p1a: Tornadus|Tornadus-Therian, M|100\/100\n|-damage|p1a: Tornadus|76\/100|[from] Stealth Rock\n|move|p2a: Landorus|U-turn|p1a: Tornadus\n|-resisted|p1a: Tornadus\n|-damage|p1a: Tornadus|62\/100\n|-damage|p2a: Landorus|49\/100|[from] item: Rocky Helmet|[of] p1a: Tornadus\n|\n|switch|p2a: Tapu Koko|Tapu Koko|65\/100\n|-damage|p2a: Tapu Koko|53\/100|[from] Stealth Rock\n|-fieldstart|move: Electric Terrain|[from] ability: Electric Surge|[of] p2a: Tapu Koko\n|\n|-heal|p2a: Tapu Koko|59\/100|[from] item: Leftovers\n|upkeep\n|turn|9\n|\n|switch|p1a: Tangrowth|Tangrowth, F|96\/100\n|-damage|p1a: Tangrowth|84\/100|[from] Stealth Rock\n|move|p2a: Tapu Koko|Defog|p1a: Tangrowth\n|-unboost|p1a: Tangrowth|evasion|1\n|-sideend|p1: LeoShakur|Stealth Rock|[from] move: Defog|[of] p2a: Tapu Koko\n|-sideend|p2: Kaylss|Stealth Rock|[from] move: Defog|[of] p2a: Tapu Koko\n|\n|-heal|p2a: Tapu Koko|65\/100|[from] item: Leftovers\n|upkeep\n|turn|10\n|\n|switch|p1a: Garchomp|Garchomp, M|76\/100\n|move|p2a: Tapu Koko|U-turn|p1a: Garchomp\n|-damage|p1a: Garchomp|60\/100\n|-damage|p2a: Tapu Koko|53\/100|[from] ability: Rough Skin|[of] p1a: Garchomp\n|\n|switch|p2a: Keldeo|Keldeo|94\/100\n|\n|upkeep\n|turn|11\n|\n|switch|p2a: Charizard|Charizard, M|100\/100\n|switch|p1a: Tangrowth|Tangrowth, F|100\/100\n|\n|upkeep\n|turn|12\n|\n|switch|p1a: Garchomp|Garchomp, M|60\/100\n|detailschange|p2a: Charizard|Charizard-Mega-Y, M\n|-mega|p2a: Charizard|Charizard|Charizardite Y\n|-weather|SunnyDay|[from] ability: Drought|[of] p2a: Charizard\n|move|p2a: Charizard|Flamethrower|p1a: Garchomp\n|-resisted|p1a: Garchomp\n|-damage|p1a: Garchomp|14\/100\n|\n|-weather|SunnyDay|[upkeep]\n|-fieldend|move: Electric Terrain\n|upkeep\n|turn|13\n|\n|switch|p2a: Tapu Koko|Tapu Koko|53\/100\n|-fieldstart|move: Electric Terrain|[from] ability: Electric Surge|[of] p2a: Tapu Koko\n|move|p1a: Garchomp|Stealth Rock|p2a: Tapu Koko\n|-sidestart|p2: Kaylss|move: Stealth Rock\n|\n|-weather|SunnyDay|[upkeep]\n|-heal|p2a: Tapu Koko|59\/100|[from] item: Leftovers\n|upkeep\n|turn|14\n|\n|switch|p1a: Tangrowth|Tangrowth, F|100\/100\n|move|p2a: Tapu Koko|U-turn|p1a: Tangrowth\n|-supereffective|p1a: Tangrowth\n|-damage|p1a: Tangrowth|77\/100\n|\n|switch|p2a: Landorus|Landorus-Therian, M|49\/100\n|-damage|p2a: Landorus|37\/100|[from] Stealth Rock\n|-ability|p2a: Landorus|Intimidate|boost\n|-unboost|p1a: Tangrowth|atk|1\n|\n|-weather|SunnyDay|[upkeep]\n|-heal|p2a: Landorus|43\/100|[from] item: Leftovers\n|upkeep\n|turn|15\n|\n|move|p2a: Landorus|U-turn|p1a: Tangrowth\n|-supereffective|p1a: Tangrowth\n|-damage|p1a: Tangrowth|47\/100\n|\n|switch|p2a: Tyranitar|Tyranitar, M|100\/100\n|-damage|p2a: Tyranitar|88\/100|[from] Stealth Rock\n|-weather|Sandstorm|[from] ability: Sand Stream|[of] p2a: Tyranitar\n|move|p1a: Tangrowth|Hidden Power|p2a: Tyranitar\n|-resisted|p2a: Tyranitar\n|-damage|p2a: Tyranitar|83\/100\n|\n|-weather|Sandstorm|[upkeep]\n|-damage|p1a: Tangrowth|41\/100|[from] Sandstorm\n|upkeep\n|turn|16\n|\n|-activate|p1a: Tangrowth|move: Pursuit\n|move|p2a: Tyranitar|Pursuit|p1a: Tangrowth|[from]Pursuit\n|-damage|p1a: Tangrowth|0 fnt\n|faint|p1a: Tangrowth\n|\n|-weather|Sandstorm|[upkeep]\n|upkeep\n|\n|switch|p1a: Garchomp|Garchomp, M|14\/100\n|turn|17\n|\n|switch|p2a: Landorus|Landorus-Therian, M|43\/100\n|-damage|p2a: Landorus|31\/100|[from] Stealth Rock\n|-ability|p2a: Landorus|Intimidate|boost\n|-unboost|p1a: Garchomp|atk|1\n|move|p1a: Garchomp|Earthquake|p2a: Landorus\n|-immune|p2a: Landorus\n|\n|-weather|Sandstorm|[upkeep]\n|-heal|p2a: Landorus|37\/100|[from] item: Leftovers\n|-fieldend|move: Electric Terrain\n|upkeep\n|turn|18\n|\n|-zpower|p1a: Garchomp\n|move|p1a: Garchomp|Continental Crush|p2a: Landorus|[zeffect]\n|-damage|p2a: Landorus|3\/100\n|move|p2a: Landorus|Earthquake|p1a: Garchomp\n|-damage|p1a: Garchomp|0 fnt\n|faint|p1a: Garchomp\n|\n|-weather|Sandstorm|[upkeep]\n|-heal|p2a: Landorus|9\/100|[from] item: Leftovers\n|upkeep\n|\n|switch|p1a: Greninja|Greninja, M|100\/100\n|turn|19\n|\n|switch|p2a: Tangrowth|Tangrowth, M|100\/100\n|-damage|p2a: Tangrowth|88\/100|[from] Stealth Rock\n|move|p1a: Greninja|Dark Pulse|p2a: Tangrowth\n|-damage|p2a: Tangrowth|55\/100\n|\n|-weather|none\n|upkeep\n|turn|20\n|\n|switch|p1a: Tornadus|Tornadus-Therian, M|95\/100\n|switch|p2a: Tapu Koko|Tapu Koko|59\/100\n|-damage|p2a: Tapu Koko|46\/100|[from] Stealth Rock\n|-fieldstart|move: Electric Terrain|[from] ability: Electric Surge|[of] p2a: Tapu Koko\n|\n|-heal|p2a: Tapu Koko|52\/100|[from] item: Leftovers\n|upkeep\n|turn|21\n|\n|move|p2a: Tapu Koko|Defog|p1a: Tornadus\n|-unboost|p1a: Tornadus|evasion|1\n|-sideend|p2: Kaylss|Stealth Rock|[from] move: Defog|[of] p2a: Tapu Koko\n|move|p1a: Tornadus|U-turn|p2a: Tapu Koko\n|-resisted|p2a: Tapu Koko\n|-damage|p2a: Tapu Koko|44\/100\n|\n|switch|p1a: Jirachi|Jirachi|95\/100\n|\n|-heal|p2a: Tapu Koko|50\/100|[from] item: Leftovers\n|upkeep\n|turn|22\n|\n|switch|p2a: Tangrowth|Tangrowth, M|88\/100\n|move|p1a: Jirachi|Iron Head|p2a: Tangrowth\n|-damage|p2a: Tangrowth|66\/100\n|\n|upkeep\n|turn|23\n|\n|switch|p2a: Keldeo|Keldeo|94\/100\n|move|p1a: Jirachi|Iron Head|p2a: Keldeo\n|-resisted|p2a: Keldeo\n|-damage|p2a: Keldeo|78\/100\n|\n|upkeep\n|turn|24\n|\n|move|p2a: Keldeo|Scald|p1a: Jirachi\n|-damage|p1a: Jirachi|58\/100\n|-status|p1a: Jirachi|brn\n|move|p1a: Jirachi|Iron Head|p2a: Keldeo\n|-resisted|p2a: Keldeo\n|-damage|p2a: Keldeo|70\/100\n|\n|-damage|p1a: Jirachi|52\/100 brn|[from] brn\n|-fieldend|move: Electric Terrain\n|upkeep\n|turn|25\n|c|\u2606LeoShakur|alas\n|c|\u2606Kaylss|?\n|\n|switch|p1a: Greninja|Greninja, M|100\/100\n|move|p2a: Keldeo|Scald|p1a: Greninja\n|-resisted|p1a: Greninja\n|-damage|p1a: Greninja|70\/100\n|\n|upkeep\n|turn|26\n|\n|switch|p2a: Tangrowth|Tangrowth, M|99\/100\n|move|p1a: Greninja|Spikes|p2a: Tangrowth\n|-sidestart|p2: Kaylss|Spikes\n|\n|upkeep\n|turn|27\n|\n|switch|p1a: Tornadus|Tornadus-Therian, M|100\/100\n|switch|p2a: Charizard|Charizard-Mega-Y, M|100\/100\n|-weather|SunnyDay|[from] ability: Drought|[of] p2a: Charizard\n|\n|-weather|SunnyDay|[upkeep]\n|upkeep\n|turn|28\n|\n|move|p1a: Tornadus|U-turn|p2a: Charizard\n|-resisted|p2a: Charizard\n|-damage|p2a: Charizard|96\/100\n|\n|switch|p1a: Tyranitar|Tyranitar, M|100\/100\n|-weather|Sandstorm|[from] ability: Sand Stream|[of] p1a: Tyranitar\n|move|p2a: Charizard|Focus Blast|p1a: Tyranitar\n|-supereffective|p1a: Tyranitar\n|-damage|p1a: Tyranitar|0 fnt\n|faint|p1a: Tyranitar\n|\n|-weather|Sandstorm|[upkeep]\n|-damage|p2a: Charizard|90\/100|[from] Sandstorm\n|upkeep\n|-message|LeoShakur forfeited.\n|\n|win|Kaylss\n|l|\u2606LeoShakur\n|raw|LeoShakur's rating: 1635 &rarr; <strong>1613<\/strong><br \/>(-22 for losing)\n|raw|Kaylss's rating: 1613 &rarr; <strong>1635<\/strong><br \/>(+22 for winning)\n|c|\u2606Kaylss|\/log Kaylss made this room public.\n","uploadtime":1546381299,"views":62,"p1id":"leoshakur","p2id":"kaylss","formatid":"gen7ou","rating":1613,"private":0,"password":null}