{"id":"gen7ou-945293873","p1":"JoJo321","p2":"German111","format":"gen7ou","log":"|j|\u2606JoJo321\n|j|\u2606German111\n|player|p1|JoJo321|2|1897\n|player|p2|German111|169|1928\n|teamsize|p1|6\n|teamsize|p2|6\n|gametype|singles\n|gen|7\n|tier|[Gen 7] OU\n|rated|\n|rule|Sleep Clause Mod: Limit one foe put to sleep\n|rule|Species Clause: Limit one of each Pok\u00e9mon\n|rule|OHKO Clause: OHKO moves are banned\n|rule|Moody Clause: Moody is banned\n|rule|Evasion Moves Clause: Evasion moves are banned\n|rule|Endless Battle Clause: Forcing endless battles is banned\n|rule|HP Percentage Mod: HP is shown in percentages\n|clearpoke\n|poke|p1|Rhyperior, M|item\n|poke|p1|Serperior, M|item\n|poke|p1|Magearna|item\n|poke|p1|Victini|item\n|poke|p1|Celesteela|item\n|poke|p1|Swampert, F|item\n|poke|p2|Medicham, F|item\n|poke|p2|Landorus-Therian, M|item\n|poke|p2|Magearna|item\n|poke|p2|Greninja, M|item\n|poke|p2|Tapu Koko|item\n|poke|p2|Hawlucha, M|item\n|teampreview\n|j| yRevelations\n|j|\u203dsdifuyhshdfbjhx\n|\n|start\n|switch|p1a: Swampert|Swampert, F|100\/100\n|switch|p2a: Greninja|Greninja, M|100\/100\n|turn|1\n|\n|move|p2a: Greninja|Spikes|p1a: Swampert\n|-sidestart|p1: JoJo321|Spikes\n|move|p1a: Swampert|Stealth Rock|p2a: Greninja\n|-sidestart|p2: German111|move: Stealth Rock\n|\n|upkeep\n|turn|2\n|j| Qazwas\n|\n|move|p2a: Greninja|Spikes|p1a: Swampert\n|-sidestart|p1: JoJo321|Spikes\n|move|p1a: Swampert|Earthquake|p2a: Greninja\n|-damage|p2a: Greninja|42\/100\n|\n|upkeep\n|turn|3\n|\n|switch|p2a: Medicham|Medicham, F|100\/100\n|-damage|p2a: Medicham|94\/100|[from] Stealth Rock\n|move|p1a: Swampert|Earthquake|p2a: Medicham\n|-damage|p2a: Medicham|32\/100\n|\n|upkeep\n|turn|4\n|\n|detailschange|p2a: Medicham|Medicham-Mega, F\n|-mega|p2a: Medicham|Medicham|Medichamite\n|move|p2a: Medicham|Fake Out|p1a: Swampert\n|-damage|p1a: Swampert|86\/100\n|cant|p1a: Swampert|flinch\n|\n|upkeep\n|turn|5\n|\n|move|p2a: Medicham|High Jump Kick|p1a: Swampert\n|-damage|p1a: Swampert|11\/100\n|move|p1a: Swampert|Scald|p2a: Medicham\n|-damage|p2a: Medicham|0 fnt\n|faint|p2a: Medicham\n|\n|upkeep\n|\n|switch|p2a: Landorus|Landorus-Therian, M|100\/100\n|-damage|p2a: Landorus|88\/100|[from] Stealth Rock\n|-ability|p2a: Landorus|Intimidate|boost\n|-unboost|p1a: Swampert|atk|1\n|turn|6\n|-enditem|p1a: Swampert|Custap Berry|[eat]\n|-activate|p1a: Swampert|item: Custap Berry|[consumed]\n|\n|move|p1a: Swampert|Scald|p2a: Landorus\n|-supereffective|p2a: Landorus\n|-damage|p2a: Landorus|7\/100\n|-status|p2a: Landorus|brn\n|move|p2a: Landorus|Stealth Rock|p1a: Swampert\n|-sidestart|p1: JoJo321|move: Stealth Rock\n|\n|-heal|p2a: Landorus|13\/100 brn|[from] item: Leftovers\n|-damage|p2a: Landorus|7\/100 brn|[from] brn\n|upkeep\n|turn|7\n|\n|move|p2a: Landorus|Earthquake|p1a: Swampert\n|-damage|p1a: Swampert|0 fnt\n|faint|p1a: Swampert\n|\n|-heal|p2a: Landorus|13\/100 brn|[from] item: Leftovers\n|-damage|p2a: Landorus|7\/100 brn|[from] brn\n|upkeep\n|\n|switch|p1a: Serperior|Serperior, M|100\/100\n|-damage|p1a: Serperior|88\/100|[from] Stealth Rock\n|-damage|p1a: Serperior|72\/100|[from] Spikes\n|turn|8\n|j| Ruchmi\n|j| lostsystem\n|\n|switch|p2a: Tapu Koko|Tapu Koko|100\/100\n|-damage|p2a: Tapu Koko|88\/100|[from] Stealth Rock\n|-fieldstart|move: Electric Terrain|[from] ability: Electric Surge|[of] p2a: Tapu Koko\n|move|p1a: Serperior|Defog|p2a: Tapu Koko\n|-unboost|p2a: Tapu Koko|evasion|1\n|-sideend|p2: German111|Stealth Rock|[from] move: Defog|[of] p1a: Serperior\n|-sideend|p1: JoJo321|Spikes|[from] move: Defog|[of] p1a: Serperior\n|-sideend|p1: JoJo321|Stealth Rock|[from] move: Defog|[of] p1a: Serperior\n|\n|upkeep\n|turn|9\n|\n|switch|p1a: Rhyperior|Rhyperior, M|100\/100\n|switch|p2a: Landorus|Landorus-Therian, M|7\/100 brn\n|-ability|p2a: Landorus|Intimidate|boost\n|-unboost|p1a: Rhyperior|atk|1\n|\n|-heal|p2a: Landorus|13\/100 brn|[from] item: Leftovers\n|-damage|p2a: Landorus|7\/100 brn|[from] brn\n|upkeep\n|turn|10\n|j| Ben Shapedo\n|l| lostsystem\n|\n|move|p2a: Landorus|Stealth Rock|p1a: Rhyperior\n|-sidestart|p1: JoJo321|move: Stealth Rock\n|move|p1a: Rhyperior|Fire Punch|p2a: Landorus\n|-damage|p2a: Landorus|0 fnt\n|faint|p2a: Landorus\n|\n|upkeep\n|\n|switch|p2a: Greninja|Greninja, M|42\/100\n|turn|11\n|\n|move|p2a: Greninja|Spikes|p1a: Rhyperior\n|-sidestart|p1: JoJo321|Spikes\n|-zpower|p1a: Rhyperior\n|move|p1a: Rhyperior|Continental Crush|p2a: Greninja|[zeffect]\n|-damage|p2a: Greninja|0 fnt\n|faint|p2a: Greninja\n|\n|upkeep\n|\n|switch|p2a: Magearna|Magearna|100\/100\n|turn|12\n|\n|move|p2a: Magearna|Calm Mind|p2a: Magearna\n|-boost|p2a: Magearna|spa|1\n|-boost|p2a: Magearna|spd|1\n|move|p1a: Rhyperior|Earthquake|p2a: Magearna\n|-supereffective|p2a: Magearna\n|-damage|p2a: Magearna|44\/100\n|\n|-heal|p2a: Magearna|50\/100|[from] item: Leftovers\n|-fieldend|move: Electric Terrain\n|upkeep\n|turn|13\n|\n|move|p2a: Magearna|Pain Split|p1a: Rhyperior\n|-sethp|p1a: Rhyperior|72\/100|[from] move: Pain Split|[silent]\n|-sethp|p2a: Magearna|82\/100|[from] move: Pain Split\n|move|p1a: Rhyperior|Earthquake|p2a: Magearna\n|-supereffective|p2a: Magearna\n|-damage|p2a: Magearna|18\/100\n|\n|-heal|p2a: Magearna|24\/100|[from] item: Leftovers\n|upkeep\n|turn|14\n|\n|move|p2a: Magearna|Fleur Cannon|p1a: Rhyperior\n|-damage|p1a: Rhyperior|0 fnt\n|-unboost|p2a: Magearna|spa|2\n|faint|p1a: Rhyperior\n|-ability|p2a: Magearna|Soul-Heart|boost\n|-boost|p2a: Magearna|spa|1\n|\n|-heal|p2a: Magearna|30\/100|[from] item: Leftovers\n|upkeep\n|\n|switch|p1a: Celesteela|Celesteela|100\/100\n|-damage|p1a: Celesteela|88\/100|[from] Stealth Rock\n|turn|15\n|\n|move|p1a: Celesteela|Earthquake|p2a: Magearna\n|-supereffective|p2a: Magearna\n|-damage|p2a: Magearna|0 fnt\n|faint|p2a: Magearna\n|-ability|p1a: Celesteela|Beast Boost|boost\n|-boost|p1a: Celesteela|spa|1\n|\n|upkeep\n|\n|switch|p2a: Tapu Koko|Tapu Koko|88\/100\n|-fieldstart|move: Electric Terrain|[from] ability: Electric Surge|[of] p2a: Tapu Koko\n|turn|16\n|\n|move|p2a: Tapu Koko|Thunderbolt|p1a: Celesteela\n|-supereffective|p1a: Celesteela\n|-damage|p1a: Celesteela|0 fnt\n|-damage|p2a: Tapu Koko|78\/100|[from] item: Life Orb\n|faint|p1a: Celesteela\n|\n|upkeep\n|\n|switch|p1a: Magearna|Magearna|100\/100\n|-damage|p1a: Magearna|95\/100|[from] Stealth Rock\n|-damage|p1a: Magearna|82\/100|[from] Spikes\n|turn|17\n|\n|move|p2a: Tapu Koko|Thunderbolt|p1a: Magearna\n|-damage|p1a: Magearna|13\/100\n|-damage|p2a: Tapu Koko|68\/100|[from] item: Life Orb\n|move|p1a: Magearna|Fleur Cannon|p2a: Tapu Koko\n|-damage|p2a: Tapu Koko|0 fnt\n|-unboost|p1a: Magearna|spa|2\n|faint|p2a: Tapu Koko\n|-ability|p1a: Magearna|Soul-Heart|boost\n|-boost|p1a: Magearna|spa|1\n|\n|upkeep\n|\n|switch|p2a: Hawlucha|Hawlucha, M|100\/100\n|-enditem|p2a: Hawlucha|Electric Seed\n|-boost|p2a: Hawlucha|def|1\n|turn|18\n|\n|move|p2a: Hawlucha|Acrobatics|p1a: Magearna\n|-resisted|p1a: Magearna\n|-damage|p1a: Magearna|0 fnt\n|faint|p1a: Magearna\n|\n|upkeep\n|\n|switch|p1a: Victini|Victini|100\/100\n|-damage|p1a: Victini|76\/100|[from] Stealth Rock\n|-damage|p1a: Victini|63\/100|[from] Spikes\n|turn|19\n|\n|move|p2a: Hawlucha|Stone Edge|p1a: Victini\n|-supereffective|p1a: Victini\n|-damage|p1a: Victini|0 fnt\n|faint|p1a: Victini\n|\n|upkeep\n|-message|JoJo321 forfeited.\n|\n|win|German111\n|l|\u2606JoJo321\n|player|p2|German111|169\n|j| We\n|l| Ben Shapedo\n|l|\u2606German111\n|player|p2|\n|l| Qazwas\n|raw|JoJo321's rating: 1868 &rarr; <strong>1851<\/strong><br \/>(-17 for losing)\n|raw|German111's rating: 1929 &rarr; <strong>1945<\/strong><br \/>(+16 for winning)\n|l| We\n|l| Ruchmi\n|j| Overlyused\n|l| Overlyused\n|l| yRevelations\n","uploadtime":1563219320,"views":315,"p1id":"jojo321","p2id":"german111","formatid":"gen7ou","rating":1851,"private":0,"password":null}