{"id":"gen7ou-671457262","p1":"Saruman_Jedi","p2":"Pitaye","format":"gen7ou","log":"|j|Saruman_Jedi\n|j|Pitaye\n|player|p1|Saruman_Jedi|49\n|teamsize|p1|6\n|player|p2|Pitaye|36\n|teamsize|p2|6\n|gametype|singles\n|gen|7\n|tier|[Gen 7] OU\n|rated|\n|seed|13176,45242,59500,35385\n|rule|Sleep Clause Mod: Limit one foe put to sleep\n|rule|Species Clause: Limit one of each Pok\u00e9mon\n|rule|OHKO Clause: OHKO moves are banned\n|rule|Moody Clause: Moody is banned\n|rule|Evasion Moves Clause: Evasion moves are banned\n|rule|Endless Battle Clause: Forcing endless battles is banned\n|rule|HP Percentage Mod: HP is shown in percentages\n|clearpoke\n|poke|p1|Stakataka|item\n|poke|p1|Porygon2|item\n|poke|p1|Gengar, M|item\n|poke|p1|Landorus-Therian, M|item\n|poke|p1|Lopunny, M|item\n|poke|p1|Kyurem-Black|item\n|poke|p2|Landorus-Therian, M|item\n|poke|p2|Blacephalon|item\n|poke|p2|Keldeo|item\n|poke|p2|Serperior, F|item\n|poke|p2|Tyranitar, M|item\n|poke|p2|Excadrill, F|item\n|teampreview\n|j|zaji\n|c|\u2606Saruman_Jedi|gl hf\n|choice|team 6, team 2, team 3, team 4, team 5, team 1|team 1, team 2, team 3, team 4, team 5, team 6\n|\n|start\n|switch|p1a: Kyurem|Kyurem-Black|391\/391\n|switch|p2a: Landorus|Landorus-Therian, M|382\/382\n|-ability|p1a: Kyurem|Teravolt\n|-ability|p2a: Landorus|Intimidate|boost\n|-unboost|p1a: Kyurem|atk|1\n|turn|1\n|c|\u2606Pitaye|thanks you !\n|c|\u2606Pitaye|you too\n|choice|move icebeam|switch 5\n|\n|switch|p2a: Tyranitar|Tyranitar, M|383\/383\n|-weather|Sandstorm|[from] ability: Sand Stream|[of] p2a: Tyranitar\n|move|p1a: Kyurem|Ice Beam|p2a: Tyranitar\n|-damage|p2a: Tyranitar|243\/383\n|-damage|p1a: Kyurem|352\/391|[from] item: Life Orb\n|\n|-weather|Sandstorm|[upkeep]\n|-damage|p1a: Kyurem|328\/391|[from] sandstorm\n|upkeep\n|turn|2\n|l|zaji\n|choice|switch 4|move stealthrock mega\n|\n|switch|p1a: Landorus|Landorus-Therian, M|382\/382\n|-ability|p1a: Landorus|Intimidate|boost\n|-unboost|p2a: Tyranitar|atk|1\n|-mega|p2a: Tyranitar|Tyranitar|Tyranitarite\n|detailschange|p2a: Tyranitar|Tyranitar-Mega, M\n|move|p2a: Tyranitar|Stealth Rock|p1a: Landorus\n|-sidestart|p1: Saruman_Jedi|move: Stealth Rock\n|\n|-weather|Sandstorm|[upkeep]\n|upkeep\n|turn|3\n|choice|move uturn|move icepunch\n|\n|move|p1a: Landorus|U-turn|p2a: Tyranitar\n|-supereffective|p2a: Tyranitar\n|-damage|p2a: Tyranitar|127\/383\n|choice|switch 6|\n|\n|switch|p1a: Stakataka|Stakataka|326\/326|[from]move: U-turn\n|-damage|p1a: Stakataka|306\/326|[from] Stealth Rock\n|move|p2a: Tyranitar|Ice Punch|p1a: Stakataka\n|-resisted|p1a: Stakataka\n|-damage|p1a: Stakataka|281\/326\n|\n|-weather|Sandstorm|[upkeep]\n|upkeep\n|turn|4\n|choice|move trickroom|switch 5\n|\n|switch|p2a: Landorus|Landorus-Therian, M|382\/382\n|-ability|p2a: Landorus|Intimidate|boost\n|-unboost|p1a: Stakataka|atk|1\n|move|p1a: Stakataka|Trick Room|p1a: Stakataka\n|-fieldstart|move: Trick Room|[of] p1a: Stakataka\n|\n|-weather|Sandstorm|[upkeep]\n|upkeep\n|turn|5\n|choice|move stoneedge zmove|switch 3\n|\n|switch|p2a: Keldeo|Keldeo|323\/323\n|-zpower|p1a: Stakataka\n|move|p1a: Stakataka|Continental Crush|p2a: Keldeo|[zeffect]\n|-resisted|p2a: Keldeo\n|-crit|p2a: Keldeo\n|-damage|p2a: Keldeo|0 fnt\n|faint|p2a: Keldeo\n|-ability|p1a: Stakataka|Beast Boost|boost\n|-boost|p1a: Stakataka|atk|1\n|\n|-weather|none\n|upkeep\n|choice||switch 3\n|\n|switch|p2a: Landorus|Landorus-Therian, M|382\/382\n|-ability|p2a: Landorus|Intimidate|boost\n|-unboost|p1a: Stakataka|atk|1\n|turn|6\n|c|\u2606Saruman_Jedi|sorry about that crit\n|c|\u2606Pitaye|lol\n|c|\u2606Pitaye|it's ok\n|choice|move gyroball|move uturn\n|\n|move|p1a: Stakataka|Gyro Ball|p2a: Landorus\n|-damage|p2a: Landorus|234\/382\n|move|p2a: Landorus|U-turn|p1a: Stakataka\n|-resisted|p1a: Stakataka\n|-damage|p1a: Stakataka|257\/326\n|choice||switch 4\n|\n|switch|p2a: Venus|Serperior, F|305\/305|[from]move: U-turn\n|\n|upkeep\n|turn|7\n|choice|move gyroball|switch 4\n|\n|switch|p2a: Landorus|Landorus-Therian, M|234\/382\n|-ability|p2a: Landorus|Intimidate|boost\n|-unboost|p1a: Stakataka|atk|1\n|move|p1a: Stakataka|Gyro Ball|p2a: Landorus\n|-damage|p2a: Landorus|123\/382\n|\n|-heal|p2a: Landorus|146\/382|[from] item: Leftovers\n|upkeep\n|turn|8\n|choice|switch 6|move uturn\n|\n|switch|p1a: Landorus|Landorus-Therian, M|382\/382\n|-damage|p1a: Landorus|335\/382|[from] Stealth Rock\n|-ability|p1a: Landorus|Intimidate|boost\n|-unboost|p2a: Landorus|atk|1\n|move|p2a: Landorus|U-turn|p1a: Landorus\n|-resisted|p1a: Landorus\n|-damage|p1a: Landorus|316\/382\n|choice||switch 2\n|\n|switch|p2a: Blacephalon|Blacephalon|248\/248|[from]move: U-turn\n|\n|-heal|p1a: Landorus|339\/382|[from] item: Leftovers\n|-fieldend|move: Trick Room\n|upkeep\n|turn|9\n|choice|move defog|move substitute\n|\n|move|p2a: Blacephalon|Substitute|p2a: Blacephalon\n|-start|p2a: Blacephalon|Substitute\n|-damage|p2a: Blacephalon|186\/248\n|move|p1a: Landorus|Defog|p2a: Blacephalon\n|-sideend|p1: Saruman_Jedi|Stealth Rock|[from] move: Defog|[of] p1a: Landorus\n|\n|-heal|p1a: Landorus|362\/382|[from] item: Leftovers\n|upkeep\n|turn|10\n|choice|move earthquake|move calmmind\n|\n|move|p2a: Blacephalon|Calm Mind|p2a: Blacephalon\n|-boost|p2a: Blacephalon|spa|1\n|-boost|p2a: Blacephalon|spd|1\n|move|p1a: Landorus|Earthquake|p2a: Blacephalon\n|-supereffective|p2a: Blacephalon\n|-end|p2a: Blacephalon|Substitute\n|\n|-heal|p1a: Landorus|382\/382|[from] item: Leftovers\n|upkeep\n|turn|11\n|choice|switch 4|move substitute\n|\n|switch|p1a: Kyurem|Kyurem-Black|328\/391\n|-ability|p1a: Kyurem|Teravolt\n|move|p2a: Blacephalon|Substitute|p2a: Blacephalon\n|-start|p2a: Blacephalon|Substitute\n|-damage|p2a: Blacephalon|124\/248\n|\n|upkeep\n|turn|12\n|choice|move fusionbolt|move fireblast\n|\n|move|p2a: Blacephalon|Fire Blast|p1a: Kyurem|[miss]\n|-miss|p2a: Blacephalon|p1a: Kyurem\n|move|p1a: Kyurem|Fusion Bolt|p2a: Blacephalon\n|-crit|p2a: Blacephalon\n|-end|p2a: Blacephalon|Substitute\n|-damage|p1a: Kyurem|289\/391|[from] item: Life Orb\n|\n|upkeep\n|turn|13\n|choice|move fusionbolt|move fireblast\n|\n|move|p2a: Blacephalon|Fire Blast|p1a: Kyurem|[miss]\n|-miss|p2a: Blacephalon|p1a: Kyurem\n|move|p1a: Kyurem|Fusion Bolt|p2a: Blacephalon\n|-damage|p2a: Blacephalon|0 fnt\n|-damage|p1a: Kyurem|250\/391|[from] item: Life Orb\n|faint|p2a: Blacephalon\n|\n|upkeep\n|c|\u2606Saruman_Jedi|aw man\n|c|\u2606Saruman_Jedi|that sucks\n|choice||switch 5\n|\n|switch|p2a: Tyranitar|Tyranitar-Mega, M|127\/383\n|-weather|Sandstorm|[from] ability: Sand Stream|[of] p2a: Tyranitar\n|turn|14\n|c|\u2606Pitaye|haha\n|c|\u2606Pitaye|yeah :(\n|c|\u2606Saruman_Jedi|flamethrower next time? :(\n|choice|move fusionbolt|move icepunch\n|\n|move|p1a: Kyurem|Fusion Bolt|p2a: Tyranitar\n|-damage|p2a: Tyranitar|4\/383\n|-damage|p1a: Kyurem|211\/391|[from] item: Life Orb\n|move|p2a: Tyranitar|Ice Punch|p1a: Kyurem\n|-damage|p1a: Kyurem|97\/391\n|\n|-weather|Sandstorm|[upkeep]\n|-damage|p1a: Kyurem|73\/391|[from] sandstorm\n|upkeep\n|turn|15\n|choice|move roost|move icepunch\n|\n|move|p1a: Kyurem|Roost|p1a: Kyurem\n|-heal|p1a: Kyurem|269\/391\n|move|p2a: Tyranitar|Ice Punch|p1a: Kyurem\n|-damage|p1a: Kyurem|159\/391\n|\n|-weather|Sandstorm|[upkeep]\n|-damage|p1a: Kyurem|135\/391|[from] sandstorm\n|upkeep\n|turn|16\n|choice|move icebeam|switch 6\n|\n|switch|p2a: Toph|Excadrill, F|361\/361\n|move|p1a: Kyurem|Ice Beam|p2a: Toph\n|-crit|p2a: Toph\n|-damage|p2a: Toph|0 fnt\n|-damage|p1a: Kyurem|96\/391|[from] item: Life Orb\n|faint|p2a: Toph\n|\n|-weather|Sandstorm|[upkeep]\n|-damage|p1a: Kyurem|72\/391|[from] sandstorm\n|upkeep\n|-message|Pitaye forfeited.\n|\n|win|Saruman_Jedi\n|l|Pitaye\n|raw|Saruman_Jedi's rating: 1648 &rarr; <strong>1665<\/strong><br \/>(+17 for winning)\n|raw|Pitaye's rating: 1593 &rarr; <strong>1576<\/strong><br \/>(-17 for losing)","inputlog":null,"uploadtime":1512837876,"views":6,"p1id":"sarumanjedi","p2id":"pitaye","formatid":"gen7ou","rating":1576,"private":0,"password":null}