{"id":"gen7ou-587385215","p1":"robopoke2","p2":"I'm back from mars","format":"gen7ou","log":"|j|robopoke2\n|j|I'm back from mars\n|player|p1|robopoke2|1\n|teamsize|p1|6\n|player|p2|I'm back from mars|128\n|teamsize|p2|6\n|gametype|singles\n|gen|7\n|tier|[Gen 7] OU\n|rated\n|seed|578,23953,38934,21837\n|clearpoke\n|poke|p1|Mew|item\n|poke|p1|Landorus-Therian, M|item\n|poke|p1|Greninja, F|item\n|poke|p1|Celesteela|item\n|poke|p1|Venusaur, M|item\n|poke|p1|Krookodile, M|item\n|poke|p2|Manectric, F|item\n|poke|p2|Landorus-Therian, M|item\n|poke|p2|Tapu Fini|item\n|poke|p2|Tangrowth, M|item\n|poke|p2|Magearna|item\n|poke|p2|Zygarde|item\n|rule|Sleep Clause Mod: Limit one foe put to sleep\n|rule|Species Clause: Limit one of each Pok\u00e9mon\n|rule|OHKO Clause: OHKO moves are banned\n|rule|Moody Clause: Moody is banned\n|rule|Evasion Moves Clause: Evasion moves are banned\n|rule|Endless Battle Clause: Forcing endless battles is banned\n|rule|HP Percentage Mod: HP is shown in percentages\n|teampreview\n|inactive|Battle timer is ON: inactive players will automatically lose when time's up. (requested by robopoke2)\n|c|\u2606I'm back from mars|hi\n|c|\u2606robopoke2|hi and hf\n|j|nintendonoah\n|choice|team 2, team 1, team 3, team 4, team 5, team 6|team 2, team 1, team 3, team 4, team 5, team 6\n|\n|start\n|switch|p1a: Landorus|Landorus-Therian, M|319\/319\n|switch|p2a: Landorus|Landorus-Therian, M|331\/331\n|-ability|p1a: Landorus|Intimidate|boost\n|-unboost|p2a: Landorus|atk|1\n|-ability|p2a: Landorus|Intimidate|boost\n|-unboost|p1a: Landorus|atk|1\n|turn|1\n|choice|move stealthrock|move stealthrock\n|\n|move|p1a: Landorus|Stealth Rock|p2a: Landorus\n|-sidestart|p2: I'm back from mars|move: Stealth Rock\n|move|p2a: Landorus|Stealth Rock|p1a: Landorus\n|-sidestart|p1: robopoke2|move: Stealth Rock\n|\n|upkeep\n|turn|2\n|choice|move hiddenpower|move hiddenpower\n|\n|move|p1a: Landorus|Hidden Power|p2a: Landorus\n|-supereffective|p2a: Landorus\n|-damage|p2a: Landorus|95\/331\n|move|p2a: Landorus|Hidden Power|p1a: Landorus\n|-supereffective|p1a: Landorus\n|-damage|p1a: Landorus|83\/319\n|\n|upkeep\n|turn|3\n|j|AdmiralSexy94\n|choice|move hiddenpower|move hiddenpower\n|\n|move|p1a: Landorus|Hidden Power|p2a: Landorus\n|-supereffective|p2a: Landorus\n|-damage|p2a: Landorus|0 fnt\n|faint|p2a: Landorus\n|\n|upkeep\n|choice||switch 2\n|\n|switch|p2a: Manectric|Manectric, F|281\/281\n|-damage|p2a: Manectric|246\/281|[from] Stealth Rock\n|turn|4\n|choice|switch 5|move flamethrower mega\n|\n|switch|p1a: Venusaur|Venusaur, M|359\/359\n|-damage|p1a: Venusaur|315\/359|[from] Stealth Rock\n|detailschange|p2a: Manectric|Manectric-Mega, F\n|-mega|p2a: Manectric|Manectric|Manectite\n|-ability|p2a: Manectric|Intimidate|boost\n|-unboost|p1a: Venusaur|atk|1\n|move|p2a: Manectric|Flamethrower|p1a: Venusaur\n|-supereffective|p1a: Venusaur\n|-damage|p1a: Venusaur|115\/359\n|\n|upkeep\n|turn|5\n|choice|move synthesis mega|switch 6\n|\n|switch|p2a: Zygarde|Zygarde|357\/357\n|-damage|p2a: Zygarde|335\/357|[from] Stealth Rock\n|-ability|p2a: Zygarde|Aura Break\n|detailschange|p1a: Venusaur|Venusaur-Mega, M\n|-mega|p1a: Venusaur|Venusaur|Venusaurite\n|move|p1a: Venusaur|Synthesis|p1a: Venusaur\n|-heal|p1a: Venusaur|294\/359\n|\n|upkeep\n|turn|6\n|choice|move synthesis|move thousandarrows\n|\n|move|p2a: Zygarde|Thousand Arrows|p1a: Venusaur\n|-damage|p1a: Venusaur|159\/359\n|move|p1a: Venusaur|Synthesis|p1a: Venusaur\n|-heal|p1a: Venusaur|338\/359\n|\n|upkeep\n|turn|7\n|choice|move leechseed|switch 4\n|\n|switch|p2a: Tangrowth|Tangrowth, M|404\/404\n|-damage|p2a: Tangrowth|354\/404|[from] Stealth Rock\n|move|p1a: Venusaur|Leech Seed|p2a: Tangrowth\n|-immune|p2a: Tangrowth|[msg]\n|\n|upkeep\n|turn|8\n|choice|move sludgebomb|switch 5\n|\n|switch|p2a: Magearna|Magearna|301\/301\n|-damage|p2a: Magearna|283\/301|[from] Stealth Rock\n|move|p1a: Venusaur|Sludge Bomb|p2a: Magearna\n|-immune|p2a: Magearna|[msg]\n|\n|upkeep\n|turn|9\n|choice|move hiddenpower|move flashcannon\n|\n|move|p2a: Magearna|Flash Cannon|p1a: Venusaur\n|-damage|p1a: Venusaur|223\/359\n|move|p1a: Venusaur|Hidden Power|p2a: Magearna\n|-supereffective|p2a: Magearna\n|-damage|p2a: Magearna|191\/301\n|\n|upkeep\n|turn|10\n|choice|move synthesis|move flashcannon\n|\n|move|p2a: Magearna|Flash Cannon|p1a: Venusaur\n|-damage|p1a: Venusaur|106\/359\n|move|p1a: Venusaur|Synthesis|p1a: Venusaur\n|-heal|p1a: Venusaur|285\/359\n|\n|upkeep\n|turn|11\n|choice|move leechseed|move flashcannon\n|\n|move|p2a: Magearna|Flash Cannon|p1a: Venusaur\n|-damage|p1a: Venusaur|165\/359\n|move|p1a: Venusaur|Leech Seed|p2a: Magearna\n|-start|p2a: Magearna|move: Leech Seed\n|\n|-damage|p2a: Magearna|154\/301|[from] Leech Seed|[of] p1a: Venusaur\n|-heal|p1a: Venusaur|202\/359|[silent]\n|upkeep\n|turn|12\n|choice|move synthesis|move flashcannon zmove\n|\n|-zpower|p2a: Magearna\n|move|p2a: Magearna|Corkscrew Crash|p1a: Venusaur|[zeffect]\n|-damage|p1a: Venusaur|0 fnt\n|faint|p1a: Venusaur\n|-ability|p2a: Magearna|Soul-Heart|boost\n|-boost|p2a: Magearna|spa|1\n|\n|upkeep\n|choice|switch 6|\n|\n|switch|p1a: Krookodile|Krookodile, M|331\/331\n|-damage|p1a: Krookodile|311\/331|[from] Stealth Rock\n|-ability|p1a: Krookodile|Intimidate|boost\n|-unboost|p2a: Magearna|atk|1\n|turn|13\n|choice|move earthquake|switch 3\n|\n|switch|p2a: Tapu Fini|Tapu Fini|343\/343\n|-damage|p2a: Tapu Fini|301\/343|[from] Stealth Rock\n|-fieldstart|move: Misty Terrain|[from] ability: Misty Surge|[of] p2a: Tapu Fini\n|move|p1a: Krookodile|Earthquake|p2a: Tapu Fini\n|-damage|p2a: Tapu Fini|184\/343\n|\n|-heal|p2a: Tapu Fini|205\/343|[from] item: Leftovers\n|upkeep\n|turn|14\n|choice|switch 3|move moonblast\n|\n|switch|p1a: Greninja|Greninja, F|285\/285\n|-damage|p1a: Greninja|250\/285|[from] Stealth Rock\n|move|p2a: Tapu Fini|Moonblast|p1a: Greninja\n|-supereffective|p1a: Greninja\n|-damage|p1a: Greninja|0 fnt\n|faint|p1a: Greninja\n|\n|-heal|p2a: Tapu Fini|226\/343|[from] item: Leftovers\n|upkeep\n|choice|switch 2|\n|\n|switch|p1a: Mew|Mew|341\/341\n|-damage|p1a: Mew|299\/341|[from] Stealth Rock\n|turn|15\n|choice|move rockpolish|move naturesmadness\n|\n|move|p1a: Mew|Rock Polish|p1a: Mew\n|-boost|p1a: Mew|spe|2\n|move|p2a: Tapu Fini|Nature's Madness|p1a: Mew\n|-damage|p1a: Mew|150\/341\n|\n|-heal|p2a: Tapu Fini|247\/343|[from] item: Leftovers\n|upkeep\n|turn|16\n|choice|move nastyplot|move moonblast\n|\n|move|p1a: Mew|Nasty Plot|p1a: Mew\n|-boost|p1a: Mew|spa|2\n|move|p2a: Tapu Fini|Moonblast|p1a: Mew\n|-damage|p1a: Mew|45\/341\n|-unboost|p1a: Mew|spa|1\n|\n|-heal|p2a: Tapu Fini|268\/343|[from] item: Leftovers\n|upkeep\n|turn|17\n|choice|move psychic zmove|move moonblast\n|\n|-zpower|p1a: Mew\n|move|p1a: Mew|Genesis Supernova|p2a: Tapu Fini|[zeffect]\n|-damage|p2a: Tapu Fini|0 fnt\n|-fieldstart|move: Psychic Terrain\n|faint|p2a: Tapu Fini\n|\n|upkeep\n|c|\u2606robopoke2|good\n|c|\u2606robopoke2|tat spdef drop though\n|choice||switch 5\n|\n|switch|p2a: Tangrowth|Tangrowth, M|404\/404\n|-damage|p2a: Tangrowth|354\/404|[from] Stealth Rock\n|turn|18\n|choice|move psychic|move gigadrain\n|\n|move|p1a: Mew|Psychic|p2a: Tangrowth\n|-damage|p2a: Tangrowth|128\/404\n|move|p2a: Tangrowth|Giga Drain|p1a: Mew\n|-damage|p1a: Mew|0 fnt\n|-heal|p2a: Tangrowth|151\/404|[from] drain|[of] p1a: Mew\n|faint|p1a: Mew\n|\n|upkeep\n|c|\u2606I'm back from mars|yhsorry\n|choice|switch 3|\n|\n|switch|p1a: Krookodile|Krookodile, M|311\/331\n|-damage|p1a: Krookodile|291\/331|[from] Stealth Rock\n|-ability|p1a: Krookodile|Intimidate|boost\n|-unboost|p2a: Tangrowth|atk|1\n|turn|19\n|choice|switch 4|move gigadrain\n|\n|switch|p1a: Celesteela|Celesteela|356\/356\n|-damage|p1a: Celesteela|312\/356|[from] Stealth Rock\n|move|p2a: Tangrowth|Giga Drain|p1a: Celesteela\n|-resisted|p1a: Celesteela\n|-crit|p1a: Celesteela\n|-damage|p1a: Celesteela|275\/356\n|-heal|p2a: Tangrowth|170\/404|[from] drain|[of] p1a: Celesteela\n|\n|-heal|p1a: Celesteela|297\/356|[from] item: Leftovers\n|upkeep\n|turn|20\n|c|\u2606robopoke2|almost choked\n|l|nintendonoah\n|c|\u2606robopoke2|coz of tat spatkdrop\n|choice|move autotomize|switch 4\n|\n|switch|p2a: Zygarde|Zygarde|335\/357\n|-damage|p2a: Zygarde|313\/357|[from] Stealth Rock\n|-ability|p2a: Zygarde|Aura Break\n|move|p1a: Celesteela|Autotomize|p1a: Celesteela\n|-boost|p1a: Celesteela|spe|2\n|-start|p1a: Celesteela|Autotomize\n|\n|-heal|p1a: Celesteela|319\/356|[from] item: Leftovers\n|upkeep\n|turn|21\n|choice|move airslash|move thousandarrows\n|\n|move|p1a: Celesteela|Air Slash|p2a: Zygarde\n|-damage|p2a: Zygarde|177\/357\n|cant|p2a: Zygarde|flinch\n|\n|-heal|p1a: Celesteela|341\/356|[from] item: Leftovers\n|-fieldend|move: Psychic Terrain\n|upkeep\n|turn|22\n|choice|move airslash|move thousandarrows\n|\n|move|p1a: Celesteela|Air Slash|p2a: Zygarde\n|-damage|p2a: Zygarde|32\/357\n|move|p2a: Zygarde|Thousand Arrows|p1a: Celesteela\n|-damage|p1a: Celesteela|125\/356\n|-start|p1a: Celesteela|Smack Down\n|\n|-heal|p1a: Celesteela|147\/356|[from] item: Leftovers\n|upkeep\n|turn|23\n|j|Nathaaan \u2660\n|c|\u2606robopoke2|252+ SpA Celesteela Air Slash vs. 0 HP \/ 0 SpD Zygarde: 123-145 (34.4 - 40.6%) -- guaranteed 3HKO\n|c|\u2606robopoke2|are u - spdef nature?\n|choice|move flamethrower|move thousandarrows\n|\n|move|p1a: Celesteela|Flamethrower|p2a: Zygarde\n|-resisted|p2a: Zygarde\n|-damage|p2a: Zygarde|0 fnt\n|faint|p2a: Zygarde\n|-ability|p1a: Celesteela|Beast Boost|boost\n|-boost|p1a: Celesteela|spa|1\n|\n|-heal|p1a: Celesteela|169\/356|[from] item: Leftovers\n|upkeep\n|c|\u2606I'm back from mars|no i am not\n|choice||switch 6\n|\n|switch|p2a: Manectric|Manectric-Mega, F|246\/281\n|-damage|p2a: Manectric|211\/281|[from] Stealth Rock\n|-ability|p2a: Manectric|Intimidate|boost\n|-unboost|p1a: Celesteela|atk|1\n|turn|24\n|c|\u2606robopoke2|why did i do 41%\n|c|\u2606I'm back from mars|Im max spe\n|c|\u2606robopoke2|252+ SpA Celesteela Air Slash vs. 0 HP \/ 0 SpD Zygarde: 123-145 (34.4 - 40.6%) -- guaranteed 3HKO\n|c|\u2606robopoke2|40.6% max\n|c|\u2606robopoke2|and i did 41%\n|c|\u2606I'm back from mars|you actually did 40.6\n|c|\u2606robopoke2|ah ok\n|c|\u2606robopoke2|so it rounded up\n|c|\u2606I'm back from mars|yeah\n|choice|switch 4|move thunderbolt\n|\n|switch|p1a: Krookodile|Krookodile, M|291\/331\n|-damage|p1a: Krookodile|271\/331|[from] Stealth Rock\n|-ability|p1a: Krookodile|Intimidate|boost\n|-unboost|p2a: Manectric|atk|1\n|move|p2a: Manectric|Thunderbolt|p1a: Krookodile\n|-immune|p1a: Krookodile|[msg]\n|\n|upkeep\n|turn|25\n|choice|move pursuit|switch 4\n|\n|-activate|p2a: Manectric|move: Pursuit\n|move|p1a: Krookodile|Pursuit|p2a: Manectric|[from]Pursuit\n|-damage|p2a: Manectric|52\/281\n|switch|p2a: Tangrowth|Tangrowth, M|304\/404\n|-damage|p2a: Tangrowth|254\/404|[from] Stealth Rock\n|\n|upkeep\n|turn|26\n|choice|switch 5|switch 4\n|\n|switch|p1a: Landorus|Landorus-Therian, M|83\/319\n|-damage|p1a: Landorus|44\/319|[from] Stealth Rock\n|-ability|p1a: Landorus|Intimidate|boost\n|-unboost|p2a: Tangrowth|atk|1\n|switch|p2a: Manectric|Manectric-Mega, F|52\/281\n|-damage|p2a: Manectric|17\/281|[from] Stealth Rock\n|-ability|p2a: Manectric|Intimidate|boost\n|-unboost|p1a: Landorus|atk|1\n|\n|upkeep\n|turn|27\n|choice|move earthquake|move hiddenpower\n|\n|move|p2a: Manectric|Hidden Power|p1a: Landorus\n|-supereffective|p1a: Landorus\n|-damage|p1a: Landorus|0 fnt\n|faint|p1a: Landorus\n|\n|upkeep\n|choice|switch 5|\n|\n|switch|p1a: Krookodile|Krookodile, M|271\/331\n|-damage|p1a: Krookodile|251\/331|[from] Stealth Rock\n|-ability|p1a: Krookodile|Intimidate|boost\n|-unboost|p2a: Manectric|atk|1\n|turn|28\n|choice|move earthquake|switch 4\n|\n|switch|p2a: Tangrowth|Tangrowth, M|388\/404\n|-damage|p2a: Tangrowth|338\/404|[from] Stealth Rock\n|move|p1a: Krookodile|Earthquake|p2a: Tangrowth\n|-resisted|p2a: Tangrowth\n|-damage|p2a: Tangrowth|265\/404\n|\n|upkeep\n|turn|29\n|choice|move earthquake|move knockoff\n|\n|move|p1a: Krookodile|Earthquake|p2a: Tangrowth\n|-resisted|p2a: Tangrowth\n|-damage|p2a: Tangrowth|201\/404\n|move|p2a: Tangrowth|Knock Off|p1a: Krookodile\n|-resisted|p1a: Krookodile\n|-damage|p1a: Krookodile|205\/331\n|-enditem|p1a: Krookodile|Choice Scarf|[from] move: Knock Off|[of] p2a: Tangrowth\n|\n|upkeep\n|turn|30\n|c|\u2606robopoke2|thanks\n|c|\u2606I'm back from mars|lol\n|choice|move knockoff|move gigadrain\n|\n|move|p1a: Krookodile|Knock Off|p2a: Tangrowth\n|-damage|p2a: Tangrowth|65\/404\n|-enditem|p2a: Tangrowth|Assault Vest|[from] move: Knock Off|[of] p1a: Krookodile\n|move|p2a: Tangrowth|Giga Drain|p1a: Krookodile\n|-supereffective|p1a: Krookodile\n|-damage|p1a: Krookodile|0 fnt\n|-heal|p2a: Tangrowth|168\/404|[from] drain|[of] p1a: Krookodile\n|faint|p1a: Krookodile\n|\n|upkeep\n|choice|switch 4|\n|\n|switch|p1a: Celesteela|Celesteela|169\/356\n|-damage|p1a: Celesteela|125\/356|[from] Stealth Rock\n|turn|31\n|choice|move autotomize|move knockoff\n|\n|move|p1a: Celesteela|Autotomize|p1a: Celesteela\n|-boost|p1a: Celesteela|spe|2\n|-start|p1a: Celesteela|Autotomize\n|move|p2a: Tangrowth|Knock Off|p1a: Celesteela\n|-damage|p1a: Celesteela|46\/356\n|-enditem|p1a: Celesteela|Leftovers|[from] move: Knock Off|[of] p2a: Tangrowth\n|\n|upkeep\n|turn|32\n|c| Nathaaan \u2660|gg\n|l|AdmiralSexy94\n|choice|move flamethrower|switch 4\n|\n|switch|p2a: Manectric|Manectric-Mega, F|17\/281\n|-damage|p2a: Manectric|0 fnt|[from] Stealth Rock\n|faint|p2a: Manectric\n|move|p1a: Celesteela|Flamethrower|p2: Manectric|[notarget]\n|-notarget\n|\n|upkeep\n|c|\u2606robopoke2|this is a damn solid game lol\n|c|\u2606I'm back from mars|yh gg\n|c|\u2606robopoke2|gg\n|choice||switch 4\n|\n|switch|p2a: Tangrowth|Tangrowth, M|302\/404\n|-damage|p2a: Tangrowth|252\/404|[from] Stealth Rock\n|turn|33\n|c|\u2606robopoke2|252+ SpA Celesteela Air Slash vs. 252 HP \/ 252+ SpD Tangrowth: 254-302 (62.8 - 74.7%) -- guaranteed 2HKO\n|c|\u2606robopoke2|need 2 hit\n|c|\u2606I'm back from mars|fblast kills tho\n|c|\u2606robopoke2|fblast misses\n|c|\u2606robopoke2|though\n|choice|move airslash|move hiddenpower\n|\n|move|p1a: Celesteela|Air Slash|p2a: Tangrowth\n|-supereffective|p2a: Tangrowth\n|-damage|p2a: Tangrowth|0 fnt\n|faint|p2a: Tangrowth\n|-ability|p1a: Celesteela|Beast Boost|boost\n|-boost|p1a: Celesteela|spa|1\n|\n|upkeep\n|c|\u2606robopoke2|didnt expect to win this\n|choice||switch 3\n|\n|switch|p2a: Magearna|Magearna|154\/301\n|-damage|p2a: Magearna|136\/301|[from] Stealth Rock\n|turn|34\n|choice|move flamethrower|move thunderbolt\n|\n|move|p1a: Celesteela|Flamethrower|p2a: Magearna\n|-supereffective|p2a: Magearna\n|-damage|p2a: Magearna|0 fnt\n|faint|p2a: Magearna\n|\n|win|robopoke2","inputlog":null,"uploadtime":1496843809,"views":116,"p1id":"robopoke2","p2id":"imbackfrommars","formatid":"gen7ou","rating":0,"private":0,"password":null}