{"id":"gen7anythinggoes-1156410597","p1":"ShadowCub12","p2":"MAVERICK SHOOTERS","format":"gen7anythinggoes","log":"|j|\u2606ShadowCub12\n|j|\u2606MAVERICK SHOOTERS\n|t:|1595524573\n|player|p1|ShadowCub12|102|\n|player|p2|MAVERICK SHOOTERS|brawly|\n|teamsize|p1|6\n|teamsize|p2|6\n|gametype|singles\n|gen|7\n|tier|[Gen 7] Anything Goes\n|clearpoke\n|poke|p1|Tyranitar, F|item\n|poke|p1|Greninja, F|item\n|poke|p1|Weavile, F|item\n|poke|p1|Umbreon, M|item\n|poke|p1|Zoroark, M|item\n|poke|p1|Marshadow|item\n|poke|p2|Shuckle, F|item\n|poke|p2|Azumarill, M|item\n|poke|p2|Lugia|item\n|poke|p2|Skarmory, M|item\n|poke|p2|Toxapex, F|item\n|poke|p2|Ferrothorn, M|item\n|rule|HP Percentage Mod: HP is shown in percentages\n|rule|Endless Battle Clause: Forcing endless battles is banned\n|teampreview\n|\n|t:|1595524597\n|start\n|switch|p1a: Bully #1|Marshadow|100\/100\n|switch|p2a: Shack|Shuckle, F|100\/100\n|turn|1\n|c|\u2606MAVERICK SHOOTERS|i swear if u lose\n|c|\u2606ShadowCub12|i will\n|\n|t:|1595524612\n|move|p1a: Bully #1|Dark Pulse|p2a: Shack\n|-damage|p2a: Shack|71\/100\n|move|p2a: Shack|Sticky Web|p1a: Bully #1\n|-sidestart|p1: ShadowCub12|move: Sticky Web\n|\n|upkeep\n|turn|2\n|c|\u2606ShadowCub12|:)\n|c|\u2606MAVERICK SHOOTERS|ik this is zoroark\n|\n|t:|1595524629\n|move|p1a: Bully #1|Flamethrower|p2a: Shack\n|-damage|p2a: Shack|48\/100\n|move|p2a: Shack|Stealth Rock|p1a: Bully #1\n|-sidestart|p1: ShadowCub12|move: Stealth Rock\n|\n|upkeep\n|turn|3\n|\n|t:|1595524635\n|move|p1a: Bully #1|Swords Dance|p1a: Bully #1\n|-boost|p1a: Bully #1|atk|2\n|move|p2a: Shack|Toxic|p1a: Bully #1\n|-status|p1a: Bully #1|tox\n|\n|-damage|p1a: Bully #1|94\/100 tox|[from] psn\n|upkeep\n|turn|4\n|\n|t:|1595524644\n|switch|p2a: Toxapex|Toxapex, F|100\/100\n|move|p1a: Bully #1|Flamethrower|p2a: Toxapex\n|-resisted|p2a: Toxapex\n|-damage|p2a: Toxapex|89\/100\n|-status|p2a: Toxapex|brn\n|\n|-heal|p2a: Toxapex|95\/100 brn|[from] item: Black Sludge\n|-damage|p1a: Bully #1|82\/100 tox|[from] psn\n|-damage|p2a: Toxapex|89\/100 brn|[from] brn\n|upkeep\n|turn|5\n|c|\u2606ShadowCub12|i need to be stronger\n|\n|t:|1595524655\n|move|p1a: Bully #1|Dark Pulse|p2a: Toxapex\n|-damage|p2a: Toxapex|54\/100 brn\n|cant|p2a: Toxapex|flinch\n|\n|-heal|p2a: Toxapex|61\/100 brn|[from] item: Black Sludge\n|-damage|p1a: Bully #1|64\/100 tox|[from] psn\n|-damage|p2a: Toxapex|54\/100 brn|[from] brn\n|upkeep\n|turn|6\n|c|\u2606ShadowCub12|get flinched lol\n|\n|t:|1595524664\n|move|p1a: Bully #1|Dark Pulse|p2a: Toxapex\n|-damage|p2a: Toxapex|22\/100 brn\n|move|p2a: Toxapex|Light Screen|p2a: Toxapex\n|-sidestart|p2: MAVERICK SHOOTERS|move: Light Screen\n|\n|-heal|p2a: Toxapex|28\/100 brn|[from] item: Black Sludge\n|-damage|p1a: Bully #1|39\/100 tox|[from] psn\n|-damage|p2a: Toxapex|22\/100 brn|[from] brn\n|upkeep\n|turn|7\n|c|\u2606MAVERICK SHOOTERS|oof\n|\n|t:|1595524691\n|move|p1a: Bully #1|Flamethrower|p2a: Toxapex\n|-resisted|p2a: Toxapex\n|-damage|p2a: Toxapex|16\/100 brn\n|move|p2a: Toxapex|Recover|p2a: Toxapex\n|-heal|p2a: Toxapex|66\/100 brn\n|\n|-heal|p2a: Toxapex|72\/100 brn|[from] item: Black Sludge\n|-damage|p1a: Bully #1|9\/100 tox|[from] psn\n|-damage|p2a: Toxapex|66\/100 brn|[from] brn\n|upkeep\n|turn|8\n|c|\u2606ShadowCub12|cmon\n|\n|t:|1595524703\n|move|p1a: Bully #1|Dark Pulse|p2a: Toxapex\n|-damage|p2a: Toxapex|49\/100 brn\n|move|p2a: Toxapex|Toxic Spikes|p1a: Bully #1\n|-sidestart|p1: ShadowCub12|move: Toxic Spikes\n|\n|-heal|p2a: Toxapex|55\/100 brn|[from] item: Black Sludge\n|-damage|p1a: Bully #1|0 fnt|[from] psn\n|faint|p1a: Bully #1\n|-damage|p2a: Toxapex|49\/100 brn|[from] brn\n|upkeep\n|c|\u2606MAVERICK SHOOTERS|lol\n|c|\u2606MAVERICK SHOOTERS|my meme  team op\n|c|\u2606MAVERICK SHOOTERS|i swear if u lose to it xD\n|c|\u2606ShadowCub12|dude, stop saying that\n|c|\u2606MAVERICK SHOOTERS|i dont have a mega nor a z move\n|c|\u2606MAVERICK SHOOTERS|lol\n|c|\u2606ShadowCub12|idc\n|j| Portun\n|\n|t:|1595524746\n|switch|p1a: Beasty|Tyranitar, F|100\/100\n|-activate|p1a: Beasty|move: Sticky Web\n|-unboost|p1a: Beasty|spe|1\n|-status|p1a: Beasty|psn\n|-damage|p1a: Beasty|88\/100 psn|[from] Stealth Rock\n|-weather|Sandstorm|[from] ability: Sand Stream|[of] p1a: Beasty\n|turn|9\n|c| Portun|Hi\n|c|\u2606ShadowCub12|hi\n|l|\u2606MAVERICK SHOOTERS\n|player|p2|\n|c|\u2606ShadowCub12|hes not making a move\n|j|\u2606MAVERICK SHOOTERS\n|player|p2|MAVERICK SHOOTERS|brawly\n|c|\u2606MAVERICK SHOOTERS|back\n|c|\u2606ShadowCub12|good\n|\n|t:|1595524813\n|detailschange|p1a: Beasty|Tyranitar-Mega, F\n|-mega|p1a: Beasty|Tyranitar|Tyranitarite\n|move|p1a: Beasty|Earthquake|p2a: Toxapex\n|-supereffective|p2a: Toxapex\n|-damage|p2a: Toxapex|0 fnt\n|faint|p2a: Toxapex\n|\n|-weather|Sandstorm|[upkeep]\n|-damage|p1a: Beasty|76\/100 psn|[from] psn\n|upkeep\n|c|\u2606ShadowCub12|make ur move\n|c|\u2606ShadowCub12|finally\n|\n|t:|1595524821\n|switch|p2a: Skarmory|Skarmory, M|100\/100\n|turn|10\n|c|\u2606MAVERICK SHOOTERS|i will meme till oblivion\n|c|\u2606MAVERICK SHOOTERS|play\n|c|\u2606MAVERICK SHOOTERS|portun u there?\n|\n|t:|1595524857\n|move|p2a: Skarmory|Spikes|p1a: Beasty\n|-sidestart|p1: ShadowCub12|Spikes\n|move|p1a: Beasty|Crunch|p2a: Skarmory\n|-damage|p2a: Skarmory|51\/100\n|\n|-weather|Sandstorm|[upkeep]\n|-heal|p2a: Skarmory|57\/100|[from] item: Leftovers\n|-damage|p1a: Beasty|63\/100 psn|[from] psn\n|-sideend|p2: MAVERICK SHOOTERS|move: Light Screen\n|upkeep\n|turn|11\n|\n|t:|1595524870\n|move|p2a: Skarmory|Spikes|p1a: Beasty\n|-sidestart|p1: ShadowCub12|Spikes\n|move|p1a: Beasty|Crunch|p2a: Skarmory\n|-damage|p2a: Skarmory|1\/100\n|-unboost|p2a: Skarmory|def|1\n|\n|-weather|Sandstorm|[upkeep]\n|-heal|p2a: Skarmory|7\/100|[from] item: Leftovers\n|-damage|p1a: Beasty|51\/100 psn|[from] psn\n|upkeep\n|turn|12\n|c| Portun|Im here\n|c|\u2606ShadowCub12|oml why\n|\n|t:|1595524884\n|move|p2a: Skarmory|Spikes|p1a: Beasty\n|-sidestart|p1: ShadowCub12|Spikes\n|move|p1a: Beasty|Crunch|p2a: Skarmory\n|-damage|p2a: Skarmory|0 fnt\n|faint|p2a: Skarmory\n|\n|-weather|Sandstorm|[upkeep]\n|-damage|p1a: Beasty|39\/100 psn|[from] psn\n|upkeep\n|c|\u2606ShadowCub12|1hp\n|c| Portun|The stall team\n|c|\u2606MAVERICK SHOOTERS|final meme incoming\n|c|\u2606MAVERICK SHOOTERS|now u will die a sad death lol\n|\n|t:|1595524903\n|switch|p2a: Ferrothorn|Ferrothorn, M|100\/100\n|turn|13\n|\n|t:|1595524917\n|move|p1a: Beasty|Stone Edge|p2a: Ferrothorn\n|-resisted|p2a: Ferrothorn\n|-damage|p2a: Ferrothorn|76\/100\n|move|p2a: Ferrothorn|Gyro Ball|p1a: Beasty\n|-supereffective|p1a: Beasty\n|-damage|p1a: Beasty|7\/100 psn\n|\n|-weather|none\n|-heal|p2a: Ferrothorn|82\/100|[from] item: Leftovers\n|-damage|p1a: Beasty|0 fnt|[from] psn\n|faint|p1a: Beasty\n|upkeep\n|c|\u2606ShadowCub12|IT LIED\n|c|\u2606ShadowCub12|WAIT NOPE LOL\n|c|\u2606MAVERICK SHOOTERS|i might kill his entire team\n|c|\u2606MAVERICK SHOOTERS|xD\n|c|\u2606ShadowCub12|good forr u\n|c|\u2606ShadowCub12|idrc\n|\n|t:|1595524949\n|switch|p1a: Bully #2|Greninja, F|100\/100\n|-damage|p1a: Bully #2|76\/100|[from] Spikes\n|-activate|p1a: Bully #2|move: Sticky Web\n|-unboost|p1a: Bully #2|spe|1\n|-status|p1a: Bully #2|psn\n|-damage|p1a: Bully #2|63\/100 psn|[from] Stealth Rock\n|turn|14\n|l|\u2606MAVERICK SHOOTERS\n|player|p2|\n|c| Portun|The second bully.....\n|j|\u2606MAVERICK SHOOTERS\n|player|p2|MAVERICK SHOOTERS|brawly\n|c|\u2606ShadowCub12|HE KEEPS LEAVING\n|c|\u2606MAVERICK SHOOTERS|back\n|\n|t:|1595524999\n|move|p1a: Bully #2|Hidden Power|p2a: Ferrothorn\n|-start|p1a: Bully #2|typechange|Fighting|[from] ability: Protean\n|-supereffective|p2a: Ferrothorn\n|-damage|p2a: Ferrothorn|38\/100\n|move|p2a: Ferrothorn|Leech Seed|p1a: Bully #2\n|-start|p1a: Bully #2|move: Leech Seed\n|\n|-heal|p2a: Ferrothorn|45\/100|[from] item: Leftovers\n|-damage|p1a: Bully #2|51\/100 psn|[from] Leech Seed|[of] p2a: Ferrothorn\n|-heal|p2a: Ferrothorn|54\/100|[silent]\n|-damage|p1a: Bully #2|39\/100 psn|[from] psn\n|upkeep\n|turn|15\n|\n|t:|1595525011\n|move|p2a: Ferrothorn|Protect|p2a: Ferrothorn\n|-singleturn|p2a: Ferrothorn|Protect\n|move|p1a: Bully #2|Hidden Power|p2a: Ferrothorn\n|-activate|p2a: Ferrothorn|move: Protect\n|\n|-heal|p2a: Ferrothorn|61\/100|[from] item: Leftovers\n|-damage|p1a: Bully #2|26\/100 psn|[from] Leech Seed|[of] p2a: Ferrothorn\n|-heal|p2a: Ferrothorn|71\/100|[silent]\n|-damage|p1a: Bully #2|14\/100 psn|[from] psn\n|upkeep\n|turn|16\n|c|\u2606MAVERICK SHOOTERS|lol get the stall gang\n|c|\u2606ShadowCub12|wow\n|\n|t:|1595525025\n|move|p2a: Ferrothorn|Protect||[still]\n|-fail|p2a: Ferrothorn\n|move|p1a: Bully #2|Hidden Power|p2a: Ferrothorn\n|-supereffective|p2a: Ferrothorn\n|-damage|p2a: Ferrothorn|30\/100\n|\n|-heal|p2a: Ferrothorn|36\/100|[from] item: Leftovers\n|-damage|p1a: Bully #2|2\/100 psn|[from] Leech Seed|[of] p2a: Ferrothorn\n|-heal|p2a: Ferrothorn|46\/100|[silent]\n|-damage|p1a: Bully #2|0 fnt|[from] psn\n|faint|p1a: Bully #2\n|upkeep\n|c|\u2606MAVERICK SHOOTERS|feed me ur health\n|\n|t:|1595525038\n|switch|p1a: Bully #1|Marshadow|100\/100\n|-status|p1a: Bully #1|psn\n|-damage|p1a: Bully #1|76\/100 psn|[from] Spikes\n|-activate|p1a: Bully #1|move: Sticky Web\n|-unboost|p1a: Bully #1|spe|1\n|-damage|p1a: Bully #1|69\/100 psn|[from] Stealth Rock\n|turn|17\n|c|\u2606MAVERICK SHOOTERS|mwhahah\n|l| Portun\n|c|\u2606ShadowCub12|cool\n|c|\u2606MAVERICK SHOOTERS|real marshadow\n|\n|t:|1595525051\n|move|p1a: Bully #1|Shadow Sneak|p2a: Ferrothorn\n|-damage|p2a: Ferrothorn|22\/100\n|-damage|p1a: Bully #1|57\/100 psn|[from] ability: Iron Barbs|[of] p2a: Ferrothorn\n|move|p2a: Ferrothorn|Leech Seed|p1a: Bully #1|[miss]\n|-miss|p2a: Ferrothorn|p1a: Bully #1\n|\n|-heal|p2a: Ferrothorn|28\/100|[from] item: Leftovers\n|-damage|p1a: Bully #1|44\/100 psn|[from] psn\n|upkeep\n|turn|18\n|\n|t:|1595525062\n|move|p2a: Ferrothorn|Protect|p2a: Ferrothorn\n|-singleturn|p2a: Ferrothorn|Protect\n|move|p1a: Bully #1|Spectral Thief|p2a: Ferrothorn\n|-activate|p2a: Ferrothorn|move: Protect\n|\n|-heal|p2a: Ferrothorn|34\/100|[from] item: Leftovers\n|-damage|p1a: Bully #1|32\/100 psn|[from] psn\n|upkeep\n|turn|19\n|c|\u2606ShadowCub12|dude\n|c|\u2606MAVERICK SHOOTERS|lol\n|\n|t:|1595525073\n|move|p1a: Bully #1|Spectral Thief|p2a: Ferrothorn\n|-damage|p2a: Ferrothorn|0 fnt\n|-damage|p1a: Bully #1|20\/100 psn|[from] ability: Iron Barbs|[of] p2a: Ferrothorn\n|faint|p2a: Ferrothorn\n|\n|-damage|p1a: Bully #1|7\/100 psn|[from] psn\n|upkeep\n|\n|t:|1595525082\n|switch|p2a: Shack|Shuckle, F|48\/100\n|turn|20\n|c|\u2606MAVERICK SHOOTERS|a shuckle will kill u ;D\n|\n|t:|1595525094\n|move|p2a: Shack|Protect|p2a: Shack\n|-singleturn|p2a: Shack|Protect\n|-zpower|p1a: Bully #1\n|move|p1a: Bully #1|Soul-Stealing 7-Star Strike|p2a: Shack|[zeffect]\n|-zbroken|p2a: Shack\n|-damage|p2a: Shack|27\/100\n|\n|-damage|p1a: Bully #1|0 fnt|[from] psn\n|faint|p1a: Bully #1\n|upkeep\n|c|\u2606ShadowCub12|ugh\n|c|\u2606MAVERICK SHOOTERS|haha\n|c|\u2606MAVERICK SHOOTERS|x\n|c|\u2606MAVERICK SHOOTERS|D\n|c|\u2606MAVERICK SHOOTERS|rekt\n|\n|t:|1595525112\n|switch|p1a: Moonlight|Umbreon, M|100\/100\n|-damage|p1a: Moonlight|88\/100|[from] Stealth Rock\n|-status|p1a: Moonlight|psn\n|-damage|p1a: Moonlight|63\/100 psn|[from] Spikes\n|-activate|p1a: Moonlight|move: Sticky Web\n|-unboost|p1a: Moonlight|spe|1\n|turn|21\n|\n|t:|1595525123\n|move|p2a: Shack|Protect||[still]\n|-fail|p2a: Shack\n|move|p1a: Moonlight|Toxic|p2a: Shack|[miss]\n|-miss|p1a: Moonlight|p2a: Shack\n|\n|-heal|p1a: Moonlight|69\/100 psn|[from] item: Leftovers\n|-damage|p1a: Moonlight|57\/100 psn|[from] psn\n|upkeep\n|turn|22\n|\n|t:|1595525131\n|move|p2a: Shack|Protect|p2a: Shack\n|-singleturn|p2a: Shack|Protect\n|move|p1a: Moonlight|Toxic|p2a: Shack\n|-activate|p2a: Shack|move: Protect\n|\n|-heal|p1a: Moonlight|63\/100 psn|[from] item: Leftovers\n|-damage|p1a: Moonlight|50\/100 psn|[from] psn\n|upkeep\n|turn|23\n|c|\u2606ShadowCub12|ugh\n|\n|t:|1595525140\n|move|p2a: Shack|Protect||[still]\n|-fail|p2a: Shack\n|move|p1a: Moonlight|Toxic|p2a: Shack\n|-status|p2a: Shack|tox\n|\n|-heal|p1a: Moonlight|57\/100 psn|[from] item: Leftovers\n|-damage|p1a: Moonlight|44\/100 psn|[from] psn\n|-damage|p2a: Shack|21\/100 tox|[from] psn\n|upkeep\n|turn|24\n|c|\u2606ShadowCub12|FINALL\n|\n|t:|1595525149\n|move|p2a: Shack|Protect|p2a: Shack\n|-singleturn|p2a: Shack|Protect\n|move|p1a: Moonlight|Wish|p1a: Moonlight\n|\n|-heal|p1a: Moonlight|50\/100 psn|[from] item: Leftovers\n|-damage|p1a: Moonlight|38\/100 psn|[from] psn\n|-damage|p2a: Shack|9\/100 tox|[from] psn\n|upkeep\n|turn|25\n|\n|t:|1595525163\n|switch|p2a: Lugia|Lugia|100\/100\n|move|p1a: Moonlight|Substitute|p1a: Moonlight\n|-start|p1a: Moonlight|Substitute\n|-damage|p1a: Moonlight|13\/100 psn\n|\n|-heal|p1a: Moonlight|63\/100 psn|[from] move: Wish|[wisher] Moonlight\n|-heal|p1a: Moonlight|69\/100 psn|[from] item: Leftovers\n|-damage|p1a: Moonlight|57\/100 psn|[from] psn\n|upkeep\n|turn|26\n|\n|t:|1595525174\n|move|p1a: Moonlight|Toxic|p2a: Lugia\n|-status|p2a: Lugia|tox\n|move|p2a: Lugia|Dragon Tail|p1a: Moonlight\n|-activate|p1a: Moonlight|move: Substitute|[damage]\n|\n|-heal|p1a: Moonlight|63\/100 psn|[from] item: Leftovers\n|-damage|p2a: Lugia|94\/100 tox|[from] psn\n|-damage|p1a: Moonlight|50\/100 psn|[from] psn\n|upkeep\n|turn|27\n|\n|t:|1595525183\n|move|p2a: Lugia|Psychic|p1a: Moonlight\n|-immune|p1a: Moonlight\n|move|p1a: Moonlight|Wish|p1a: Moonlight\n|\n|-heal|p2a: Lugia|100\/100 tox|[from] item: Leftovers\n|-heal|p1a: Moonlight|56\/100 psn|[from] item: Leftovers\n|-damage|p2a: Lugia|88\/100 tox|[from] psn\n|-damage|p1a: Moonlight|44\/100 psn|[from] psn\n|upkeep\n|turn|28\n|c|\u2606ShadowCub12|lol\n|c|\u2606MAVERICK SHOOTERS|crap\n|\n|t:|1595525196\n|switch|p2a: Shack|Shuckle, F|9\/100 tox\n|move|p1a: Moonlight|Protect||[still]\n|-fail|p1a: Moonlight\n|\n|-heal|p1a: Moonlight|94\/100 psn|[from] move: Wish|[wisher] Moonlight\n|-heal|p1a: Moonlight|99\/100 psn|[from] item: Leftovers\n|-damage|p1a: Moonlight|88\/100 psn|[from] psn\n|-damage|p2a: Shack|3\/100 tox|[from] psn\n|upkeep\n|turn|29\n|c|\u2606ShadowCub12|hahahahahhaa my stall now\n|\n|t:|1595525207\n|switch|p2a: NoOb|Azumarill, M|100\/100\n|move|p1a: Moonlight|Protect||[still]\n|-fail|p1a: Moonlight\n|\n|-heal|p1a: Moonlight|94\/100 psn|[from] item: Leftovers\n|-damage|p1a: Moonlight|81\/100 psn|[from] psn\n|upkeep\n|turn|30\n|\n|t:|1595525215\n|move|p2a: NoOb|Belly Drum|p2a: NoOb\n|-damage|p2a: NoOb|50\/100\n|-setboost|p2a: NoOb|atk|6|[from] move: Belly Drum\n|move|p1a: Moonlight|Toxic|p2a: NoOb\n|-status|p2a: NoOb|tox\n|\n|-heal|p1a: Moonlight|87\/100 psn|[from] item: Leftovers\n|-damage|p2a: NoOb|44\/100 tox|[from] psn\n|-damage|p1a: Moonlight|75\/100 psn|[from] psn\n|upkeep\n|turn|31\n|c|\u2606ShadowCub12|wow\n|c|\u2606ShadowCub12|smart\n|\n|t:|1595525226\n|move|p1a: Moonlight|Protect|p1a: Moonlight\n|-singleturn|p1a: Moonlight|Protect\n|move|p2a: NoOb|Aqua Jet|p1a: Moonlight\n|-activate|p1a: Moonlight|move: Protect\n|\n|-heal|p1a: Moonlight|81\/100 psn|[from] item: Leftovers\n|-damage|p2a: NoOb|32\/100 tox|[from] psn\n|-damage|p1a: Moonlight|69\/100 psn|[from] psn\n|upkeep\n|turn|32\n|\n|t:|1595525235\n|move|p2a: NoOb|Aqua Jet|p1a: Moonlight\n|-end|p1a: Moonlight|Substitute\n|move|p1a: Moonlight|Substitute|p1a: Moonlight\n|-start|p1a: Moonlight|Substitute\n|-damage|p1a: Moonlight|44\/100 psn\n|\n|-heal|p1a: Moonlight|50\/100 psn|[from] item: Leftovers\n|-damage|p2a: NoOb|14\/100 tox|[from] psn\n|-damage|p1a: Moonlight|37\/100 psn|[from] psn\n|upkeep\n|-enditem|p2a: NoOb|Aguav Berry|[eat]\n|-heal|p2a: NoOb|64\/100 tox|[from] item: Aguav Berry\n|turn|33\n|c|\u2606ShadowCub12|lol\n|\n|t:|1595525252\n|move|p2a: NoOb|Aqua Jet|p1a: Moonlight\n|-end|p1a: Moonlight|Substitute\n|move|p1a: Moonlight|Wish|p1a: Moonlight\n|\n|-heal|p1a: Moonlight|43\/100 psn|[from] item: Leftovers\n|-damage|p2a: NoOb|39\/100 tox|[from] psn\n|-damage|p1a: Moonlight|31\/100 psn|[from] psn\n|upkeep\n|turn|34\n|c|\u2606ShadowCub12|ur entire team is toxic\n|c|\u2606MAVERICK SHOOTERS|this stall\n|\n|t:|1595525260\n|move|p1a: Moonlight|Protect|p1a: Moonlight\n|-singleturn|p1a: Moonlight|Protect\n|move|p2a: NoOb|Aqua Jet|p1a: Moonlight\n|-activate|p1a: Moonlight|move: Protect\n|\n|-heal|p1a: Moonlight|81\/100 psn|[from] move: Wish|[wisher] Moonlight\n|-heal|p1a: Moonlight|87\/100 psn|[from] item: Leftovers\n|-damage|p2a: NoOb|8\/100 tox|[from] psn\n|-damage|p1a: Moonlight|75\/100 psn|[from] psn\n|upkeep\n|turn|35\n|c|\u2606ShadowCub12|hehehe\n|c|\u2606ShadowCub12|bye moonlight\n|\n|t:|1595525277\n|move|p1a: Moonlight|Protect||[still]\n|-fail|p1a: Moonlight\n|move|p2a: NoOb|Aqua Jet|p1a: Moonlight\n|-damage|p1a: Moonlight|0 fnt\n|faint|p1a: Moonlight\n|\n|-damage|p2a: NoOb|0 fnt|[from] psn\n|faint|p2a: NoOb\n|upkeep\n|c|\u2606MAVERICK SHOOTERS|yes\n|c|\u2606MAVERICK SHOOTERS|fianlly\n|c|\u2606ShadowCub12|u did ur best\n|c|\u2606MAVERICK SHOOTERS|lol\n|\n|t:|1595525287\n|switch|p2a: Shack|Shuckle, F|3\/100 tox\n|switch|p1a: Glass Cannon|Weavile, F|100\/100\n|-status|p1a: Glass Cannon|psn\n|-activate|p1a: Glass Cannon|move: Sticky Web\n|-unboost|p1a: Glass Cannon|spe|1\n|-damage|p1a: Glass Cannon|76\/100 psn|[from] Stealth Rock\n|-damage|p1a: Glass Cannon|51\/100 psn|[from] Spikes\n|-ability|p1a: Glass Cannon|Pressure\n|turn|36\n|c|\u2606ShadowCub12|GLASS CANNON RELEASE UR PWER\n|\n|t:|1595525302\n|move|p2a: Shack|Protect|p2a: Shack\n|-singleturn|p2a: Shack|Protect\n|move|p1a: Glass Cannon|Fake Out|p2a: Shack\n|-activate|p2a: Shack|move: Protect\n|\n|-damage|p1a: Glass Cannon|38\/100 psn|[from] psn\n|-damage|p2a: Shack|0 fnt|[from] psn\n|faint|p2a: Shack\n|upkeep\n|\n|t:|1595525311\n|switch|p2a: Lugia|Lugia|88\/100 tox\n|turn|37\n|\n|t:|1595525316\n|move|p2a: Lugia|Roost|p2a: Lugia\n|-heal|p2a: Lugia|100\/100 tox\n|-singleturn|p2a: Lugia|move: Roost\n|move|p1a: Glass Cannon|Icicle Crash|p2a: Lugia\n|-damage|p2a: Lugia|85\/100 tox\n|-damage|p1a: Glass Cannon|29\/100 psn|[from] item: Life Orb\n|\n|-heal|p2a: Lugia|92\/100 tox|[from] item: Leftovers\n|-damage|p2a: Lugia|85\/100 tox|[from] psn\n|-damage|p1a: Glass Cannon|16\/100 psn|[from] psn\n|upkeep\n|turn|38\n|c|\u2606ShadowCub12|ICICLE CRASH\n|c|\u2606ShadowCub12|...\n|c|\u2606MAVERICK SHOOTERS|hehe\n|c|\u2606ShadowCub12|ur weak against it\n|c|\u2606MAVERICK SHOOTERS|i have counters for flying weakness\n|c|\u2606ShadowCub12|ur weak against ice\n|c|\u2606MAVERICK SHOOTERS|i defeated tapu koko with my lugia\n|c|\u2606MAVERICK SHOOTERS|bruh i have roost\n|c|\u2606ShadowCub12|but it wasnt super effective\n|c|\u2606ShadowCub12|hmmmmmmmmmmmmmmmmm\n|c|\u2606MAVERICK SHOOTERS|when u use roost the pokemon loses its flying type for that turn\n|c|\u2606MAVERICK SHOOTERS|xD\n|\n|t:|1595525374\n|move|p2a: Lugia|Roost|p2a: Lugia\n|-heal|p2a: Lugia|100\/100 tox\n|-singleturn|p2a: Lugia|move: Roost\n|move|p1a: Glass Cannon|Knock Off|p2a: Lugia\n|-supereffective|p2a: Lugia\n|-damage|p2a: Lugia|65\/100 tox\n|-enditem|p2a: Lugia|Leftovers|[from] move: Knock Off|[of] p1a: Glass Cannon\n|-damage|p1a: Glass Cannon|6\/100 psn|[from] item: Life Orb\n|\n|-damage|p2a: Lugia|53\/100 tox|[from] psn\n|-damage|p1a: Glass Cannon|0 fnt|[from] psn\n|faint|p1a: Glass Cannon\n|\n|win|MAVERICK SHOOTERS\n|upkeep\n|c|\u2606ShadowCub12|gg\n|c|\u2606MAVERICK SHOOTERS|gg\n|l|\u2606ShadowCub12\n","uploadtime":1595525387,"views":8,"p1id":"shadowcub12","p2id":"maverickshooters","formatid":"gen7anythinggoes","rating":0,"private":0,"password":null}