{"id":"gen7anythinggoes-1706959140","p1":"Unamed Trainer-","p2":"Spring-chan","format":"gen7anythinggoes","log":"|j|\u2606Unamed Trainer-\n|j|\u2606Spring-chan\n|t:|1668036416\n|gametype|singles\n|player|p1|Unamed Trainer-|unknown|1041\n|player|p2|Spring-chan|aromalady|1000\n|teamsize|p1|6\n|teamsize|p2|6\n|gen|7\n|tier|[Gen 7] Anything Goes\n|rated|\n|rule|HP Percentage Mod: HP is shown in percentages\n|rule|Endless Battle Clause: Forcing endless battles is banned\n|clearpoke\n|poke|p1|Ditto|item\n|poke|p1|Ditto|item\n|poke|p1|Ditto|item\n|poke|p1|Ditto|item\n|poke|p1|Ditto|item\n|poke|p1|Zoroark, M|item\n|poke|p2|Mankey, M|item\n|poke|p2|Hoppip, F|item\n|poke|p2|Garchomp, M|item\n|poke|p2|Chinchou, F|item\n|poke|p2|Elgyem, M|item\n|poke|p2|Cradily, F|item\n|teampreview\n|\n|t:|1668036429\n|start\n|switch|p1a: Ditto|Ditto|100\/100\n|switch|p2a: Kawaii|Garchomp, M, shiny|100\/100\n|-transform|p1a: Ditto|p2a: Kawaii|[from] ability: Imposter\n|turn|1\n|c|\u2606Spring-chan|ik ima loose bc this team is crap\n|\n|t:|1668036439\n|move|p1a: Ditto|Earthquake|p2a: Kawaii\n|-damage|p2a: Kawaii|51\/100\n|move|p2a: Kawaii|Toxic|p1a: Ditto\n|-status|p1a: Ditto|tox\n|\n|-damage|p1a: Ditto|94\/100 tox|[from] psn\n|upkeep\n|turn|2\n|\n|t:|1668036450\n|move|p2a: Kawaii|Earthquake|p1a: Ditto\n|-damage|p1a: Ditto|29\/100 tox\n|move|p1a: Ditto|Earthquake|p2a: Kawaii\n|-damage|p2a: Kawaii|0 fnt\n|faint|p2a: Kawaii\n|\n|-damage|p1a: Ditto|17\/100 tox|[from] psn\n|upkeep\n|c|\u2606Unamed Trainer-|nah, you might win\n|c|\u2606Unamed Trainer-|Its only Dittos\n|\n|t:|1668036471\n|switch|p2a: Sparky|Chinchou, F, shiny|100\/100\n|turn|3\n|\n|t:|1668036479\n|move|p1a: Ditto|Earthquake|p2a: Sparky\n|-supereffective|p2a: Sparky\n|-damage|p2a: Sparky|0 fnt\n|faint|p2a: Sparky\n|\n|-damage|p1a: Ditto|0 fnt|[from] psn\n|faint|p1a: Ditto\n|upkeep\n|c|\u2606Spring-chan|i mean i also dont know how to play T^T\n|\n|t:|1668036494\n|switch|p2a: Gelom|Elgyem, M|100\/100\n|switch|p1a: Ditto|Ditto|100\/100\n|-transform|p1a: Ditto|p2a: Gelom|[from] ability: Imposter\n|turn|4\n|\n|t:|1668036510\n|move|p1a: Ditto|Zen Headbutt|p2a: Gelom\n|-resisted|p2a: Gelom\n|-damage|p2a: Gelom|78\/100\n|-damage|p1a: Ditto|84\/100|[from] item: Rocky Helmet|[of] p2a: Gelom\n|move|p2a: Gelom|Shadow Ball|p1a: Ditto\n|-supereffective|p1a: Ditto\n|-damage|p1a: Ditto|2\/100\n|\n|upkeep\n|turn|5\n|\n|t:|1668036522\n|move|p2a: Gelom|Steel Wing|p1a: Ditto\n|-damage|p1a: Ditto|0 fnt\n|faint|p1a: Ditto\n|\n|upkeep\n|\n|t:|1668036528\n|switch|p1a: Ditto|Ditto|100\/100\n|turn|6\n|\n|t:|1668036537\n|move|p1a: Ditto|Flamethrower|p2a: Gelom\n|-damage|p2a: Gelom|35\/100\n|move|p2a: Gelom|Zen Headbutt|p1a: Ditto\n|-immune|p1a: Ditto\n|\n|upkeep\n|turn|7\n|\n|t:|1668036550\n|move|p1a: Ditto|Flamethrower|p2a: Gelom\n|-damage|p2a: Gelom|0 fnt\n|faint|p2a: Gelom\n|\n|upkeep\n|\n|t:|1668036560\n|switch|p2a: Puff|Hoppip, F|100\/100\n|turn|8\n|\n|t:|1668036567\n|move|p1a: Ditto|Flamethrower|p2a: Puff\n|-supereffective|p2a: Puff\n|-damage|p2a: Puff|42\/100\n|move|p2a: Puff|Leech Seed|p1a: Ditto\n|-start|p1a: Ditto|move: Leech Seed\n|\n|-damage|p1a: Ditto|88\/100|[from] Leech Seed|[of] p2a: Puff\n|-heal|p2a: Puff|54\/100|[silent]\n|upkeep\n|turn|9\n|\n|t:|1668036578\n|move|p1a: Ditto|Flamethrower|p2a: Puff\n|-supereffective|p2a: Puff\n|-damage|p2a: Puff|0 fnt\n|faint|p2a: Puff\n|\n|upkeep\n|\n|t:|1668036583\n|switch|p2a: Smegal|Cradily, F|100\/100\n|turn|10\n|\n|t:|1668036590\n|move|p1a: Ditto|Flamethrower|p2a: Smegal\n|-damage|p2a: Smegal|87\/100\n|move|p2a: Smegal|Ancient Power|p1a: Ditto\n|-crit|p1a: Ditto\n|-damage|p1a: Ditto|32\/100\n|replace|p1a: Zoroark|Zoroark, M\n|-end|p1a: Zoroark|Illusion\n|\n|-damage|p1a: Zoroark|20\/100|[from] Leech Seed|[of] p2a: Smegal\n|-heal|p2a: Smegal|95\/100|[silent]\n|upkeep\n|turn|11\n|\n|t:|1668036605\n|move|p1a: Zoroark|Dark Pulse|p2a: Smegal\n|-damage|p2a: Smegal|74\/100\n|move|p2a: Smegal|Toxic|p1a: Zoroark\n|-status|p1a: Zoroark|tox\n|\n|-damage|p1a: Zoroark|7\/100 tox|[from] Leech Seed|[of] p2a: Smegal\n|-heal|p2a: Smegal|83\/100|[silent]\n|-damage|p1a: Zoroark|1\/100 tox|[from] psn\n|upkeep\n|turn|12\n|\n|t:|1668036632\n|move|p1a: Zoroark|Dark Pulse|p2a: Smegal\n|-damage|p2a: Smegal|64\/100\n|cant|p2a: Smegal|flinch\n|\n|-damage|p1a: Zoroark|0 fnt|[from] Leech Seed|[of] p2a: Smegal\n|-heal|p2a: Smegal|65\/100|[silent]\n|faint|p1a: Zoroark\n|upkeep\n|\n|t:|1668036641\n|switch|p1a: Ditto|Ditto|100\/100\n|-transform|p1a: Ditto|p2a: Smegal|[from] ability: Imposter\n|turn|13\n|l|\u2606Unamed Trainer-\n|player|p1|\n|c|\u2606Spring-chan|bruh\n|c|\u2606Spring-chan|T^T\n|inactive|Battle timer is ON: inactive players will automatically lose when time's up. (requested by Spring-chan)\n|inactive|Unamed Trainer- has 30 seconds to reconnect!\n|c|\u2606Spring-chan|why didnt u stay Y^Y\n|inactive|Unamed Trainer- has 20 seconds to reconnect!\n|c|\u2606Spring-chan|u coulda won\n|c|\u2606Spring-chan|brruuuh\n|inactive|Unamed Trainer- has 15 seconds to reconnect!\n|inactive|Unamed Trainer- has 10 seconds to reconnect!\n|inactive|Unamed Trainer- has 5 seconds to reconnect!\n|c|\u2606Spring-chan|OmO\n|-message|Unamed Trainer- lost due to inactivity.\n|\n|win|Spring-chan\n|raw|Unamed Trainer-'s rating: 1041 &rarr; <strong>1023<\/strong><br \/>(-18 for losing)\n|raw|Spring-chan's rating: 1000 &rarr; <strong>1045<\/strong><br \/>(+45 for winning)\n","uploadtime":1668036748,"views":4,"p1id":"unamedtrainer","p2id":"springchan","formatid":"gen7anythinggoes","rating":1023,"private":0,"password":null}