{"id":"gen7randombattle-1580202905","p1":"Dasor 54","p2":"firepunch917","format":"gen7randombattle","log":"|j|\u2606Dasor 54\n|j|\u2606firepunch917\n|t:|1653207585\n|gametype|singles\n|player|p1|Dasor 54|wattson|1647\n|player|p2|firepunch917|2|1805\n|teamsize|p1|6\n|teamsize|p2|6\n|gen|7\n|tier|[Gen 7] Random Battle\n|rated|\n|rule|Sleep Clause Mod: Limit one foe put to sleep\n|rule|HP Percentage Mod: HP is shown in percentages\n|\n|t:|1653207585\n|start\n|switch|p1a: Toxicroak|Toxicroak, L84, F|277\/277\n|switch|p2a: Crawdaunt|Crawdaunt, L82, F|237\/237\n|turn|1\n|\n|t:|1653207598\n|switch|p2a: Ninetales|Ninetales, L84, F|259\/259\n|-weather|SunnyDay|[from] ability: Drought|[of] p2a: Ninetales\n|move|p1a: Toxicroak|Drain Punch|p2a: Ninetales\n|-damage|p2a: Ninetales|165\/259\n|\n|-weather|SunnyDay|[upkeep]\n|-damage|p1a: Toxicroak|243\/277|[from] ability: Dry Skin|[of] p1a: Toxicroak\n|-heal|p2a: Ninetales|181\/259|[from] item: Leftovers\n|upkeep\n|turn|2\n|\n|t:|1653207615\n|switch|p1a: Victini|Victini, L80|291\/291\n|move|p2a: Ninetales|Substitute|p2a: Ninetales\n|-start|p2a: Ninetales|Substitute\n|-damage|p2a: Ninetales|117\/259\n|\n|-weather|SunnyDay|[upkeep]\n|-heal|p2a: Ninetales|133\/259|[from] item: Leftovers\n|upkeep\n|turn|3\n|\n|t:|1653207624\n|move|p2a: Ninetales|Fire Blast|p1a: Victini\n|-resisted|p1a: Victini\n|-damage|p1a: Victini|241\/291\n|move|p1a: Victini|Blue Flare|p2a: Ninetales\n|-resisted|p2a: Ninetales\n|-end|p2a: Ninetales|Substitute\n|\n|-weather|SunnyDay|[upkeep]\n|-heal|p2a: Ninetales|149\/259|[from] item: Leftovers\n|upkeep\n|turn|4\n|\n|t:|1653207635\n|move|p2a: Ninetales|Substitute|p2a: Ninetales\n|-start|p2a: Ninetales|Substitute\n|-damage|p2a: Ninetales|85\/259\n|move|p1a: Victini|Blue Flare|p2a: Ninetales\n|-resisted|p2a: Ninetales\n|-end|p2a: Ninetales|Substitute\n|\n|-weather|SunnyDay|[upkeep]\n|-heal|p2a: Ninetales|101\/259|[from] item: Leftovers\n|upkeep\n|turn|5\n|\n|t:|1653207638\n|move|p2a: Ninetales|Fire Blast|p1a: Victini\n|-resisted|p1a: Victini\n|-damage|p1a: Victini|189\/291\n|move|p1a: Victini|Blue Flare|p2a: Ninetales\n|-resisted|p2a: Ninetales\n|-damage|p2a: Ninetales|6\/259\n|\n|-weather|none\n|-heal|p2a: Ninetales|22\/259|[from] item: Leftovers\n|upkeep\n|turn|6\n|\n|t:|1653207646\n|move|p2a: Ninetales|Fire Blast|p1a: Victini\n|-resisted|p1a: Victini\n|-damage|p1a: Victini|155\/291\n|move|p1a: Victini|Blue Flare|p2a: Ninetales\n|-resisted|p2a: Ninetales\n|-damage|p2a: Ninetales|0 fnt\n|faint|p2a: Ninetales\n|\n|upkeep\n|\n|t:|1653207662\n|switch|p2a: Crawdaunt|Crawdaunt, L82, F|237\/237\n|turn|7\n|\n|t:|1653207669\n|switch|p1a: Toxicroak|Toxicroak, L84, F|243\/277\n|move|p2a: Crawdaunt|Knock Off|p1a: Toxicroak\n|-resisted|p1a: Toxicroak\n|-damage|p1a: Toxicroak|146\/277\n|-enditem|p1a: Toxicroak|Focus Sash|[from] move: Knock Off|[of] p2a: Crawdaunt\n|\n|upkeep\n|turn|8\n|\n|t:|1653207677\n|switch|p2a: Necrozma|Necrozma-Dawn-Wings, L76|272\/272\n|move|p1a: Toxicroak|Drain Punch|p2a: Necrozma\n|-immune|p2a: Necrozma\n|\n|upkeep\n|turn|9\n|\n|t:|1653207688\n|detailschange|p2a: Necrozma|Necrozma-Ultra, L76\n|-burst|p2a: Necrozma|Necrozma|Ultranecrozium Z\n|move|p1a: Toxicroak|Sucker Punch|p2a: Necrozma\n|-supereffective|p2a: Necrozma\n|-damage|p2a: Necrozma|154\/272\n|move|p2a: Necrozma|Photon Geyser|p1a: Toxicroak\n|-supereffective|p1a: Toxicroak\n|-damage|p1a: Toxicroak|0 fnt\n|faint|p1a: Toxicroak\n|\n|upkeep\n|\n|t:|1653207704\n|switch|p1a: Mandibuzz|Mandibuzz, L84, F|322\/322\n|turn|10\n|\n|t:|1653207733\n|switch|p2a: Plusle|Plusle, L88, M|249\/249\n|move|p1a: Mandibuzz|Foul Play|p2a: Plusle\n|-damage|p2a: Plusle|176\/249\n|\n|-heal|p2a: Plusle|191\/249|[from] item: Leftovers\n|upkeep\n|turn|11\n|\n|t:|1653207742\n|switch|p1a: Manectric|Manectric, L82, F|248\/248\n|move|p2a: Plusle|Nasty Plot|p2a: Plusle\n|-boost|p2a: Plusle|spa|2\n|\n|-heal|p2a: Plusle|206\/249|[from] item: Leftovers\n|upkeep\n|turn|12\n|\n|t:|1653207750\n|move|p1a: Manectric|Thunderbolt|p2a: Plusle\n|-ability|p2a: Plusle|Lightning Rod|boost\n|-boost|p2a: Plusle|spa|1\n|move|p2a: Plusle|Hidden Power|p1a: Manectric\n|-damage|p1a: Manectric|96\/248\n|\n|-heal|p2a: Plusle|221\/249|[from] item: Leftovers\n|upkeep\n|turn|13\n|\n|t:|1653207756\n|detailschange|p1a: Manectric|Manectric-Mega, L82, F\n|-mega|p1a: Manectric|Manectric|Manectite\n|-ability|p1a: Manectric|Intimidate|boost\n|-unboost|p2a: Plusle|atk|1\n|move|p1a: Manectric|Overheat|p2a: Plusle\n|-damage|p2a: Plusle|91\/249\n|-unboost|p1a: Manectric|spa|2\n|move|p2a: Plusle|Hidden Power|p1a: Manectric\n|-damage|p1a: Manectric|0 fnt\n|faint|p1a: Manectric\n|\n|-heal|p2a: Plusle|106\/249|[from] item: Leftovers\n|upkeep\n|\n|t:|1653207774\n|switch|p1a: Simisage|Simisage, L88, F|275\/275\n|turn|14\n|\n|t:|1653207777\n|move|p1a: Simisage|Superpower|p2a: Plusle\n|-damage|p2a: Plusle|0 fnt\n|-unboost|p1a: Simisage|atk|1\n|-unboost|p1a: Simisage|def|1\n|faint|p2a: Plusle\n|-damage|p1a: Simisage|248\/275|[from] item: Life Orb\n|\n|upkeep\n|\n|t:|1653207783\n|switch|p2a: Emboar|Emboar, L86, M|329\/329\n|turn|15\n|\n|t:|1653207801\n|switch|p1a: Walrein|Walrein, L88, M|337\/337\n|move|p2a: Emboar|Head Smash|p1a: Walrein|[miss]\n|-miss|p2a: Emboar|p1a: Walrein\n|\n|upkeep\n|turn|16\n|\n|t:|1653207817\n|switch|p2a: Crawdaunt|Crawdaunt, L82, F|237\/237\n|move|p1a: Walrein|Surf|p2a: Crawdaunt\n|-resisted|p2a: Crawdaunt\n|-damage|p2a: Crawdaunt|162\/237\n|\n|upkeep\n|turn|17\n|\n|t:|1653207824\n|move|p1a: Walrein|Toxic|p2a: Crawdaunt\n|-status|p2a: Crawdaunt|tox\n|move|p2a: Crawdaunt|Dragon Dance|p2a: Crawdaunt\n|-boost|p2a: Crawdaunt|atk|1\n|-boost|p2a: Crawdaunt|spe|1\n|\n|-damage|p2a: Crawdaunt|148\/237 tox|[from] psn\n|upkeep\n|turn|18\n|\n|t:|1653207830\n|move|p1a: Walrein|Protect|p1a: Walrein\n|-singleturn|p1a: Walrein|Protect\n|move|p2a: Crawdaunt|Knock Off|p1a: Walrein\n|-activate|p1a: Walrein|move: Protect\n|\n|-damage|p2a: Crawdaunt|120\/237 tox|[from] psn\n|upkeep\n|turn|19\n|\n|t:|1653207835\n|move|p2a: Crawdaunt|Knock Off|p1a: Walrein\n|-damage|p1a: Walrein|115\/337\n|-enditem|p1a: Walrein|Leftovers|[from] move: Knock Off|[of] p2a: Crawdaunt\n|move|p1a: Walrein|Surf|p2a: Crawdaunt\n|-resisted|p2a: Crawdaunt\n|-damage|p2a: Crawdaunt|48\/237 tox\n|\n|-damage|p2a: Crawdaunt|6\/237 tox|[from] psn\n|upkeep\n|turn|20\n|\n|t:|1653207842\n|move|p1a: Walrein|Protect|p1a: Walrein\n|-singleturn|p1a: Walrein|Protect\n|move|p2a: Crawdaunt|Knock Off|p1a: Walrein\n|-activate|p1a: Walrein|move: Protect\n|\n|-damage|p2a: Crawdaunt|0 fnt|[from] psn\n|faint|p2a: Crawdaunt\n|upkeep\n|\n|t:|1653207846\n|switch|p2a: Necrozma|Necrozma-Ultra, L76|154\/272\n|turn|21\n|\n|t:|1653207852\n|move|p2a: Necrozma|Moongeist Beam|p1a: Walrein\n|-damage|p1a: Walrein|35\/337\n|move|p1a: Walrein|Ice Beam|p2a: Necrozma\n|-supereffective|p2a: Necrozma\n|-damage|p2a: Necrozma|0 fnt\n|faint|p2a: Necrozma\n|\n|upkeep\n|\n|t:|1653207858\n|switch|p2a: Cinccino|Cinccino, L88, F|275\/275\n|turn|22\n|\n|t:|1653207862\n|move|p1a: Walrein|Protect|p1a: Walrein\n|-singleturn|p1a: Walrein|Protect\n|move|p2a: Cinccino|U-turn|p1a: Walrein\n|-activate|p1a: Walrein|move: Protect\n|\n|upkeep\n|turn|23\n|\n|t:|1653207887\n|switch|p1a: Victini|Victini, L80|155\/291\n|move|p2a: Cinccino|U-turn|p1a: Victini\n|-damage|p1a: Victini|73\/291\n|\n|t:|1653207889\n|switch|p2a: Emboar|Emboar, L86, M|329\/329\n|\n|upkeep\n|turn|24\n|\n|t:|1653207894\n|switch|p2a: Cinccino|Cinccino, L88, F|275\/275\n|move|p1a: Victini|V-create|p2a: Cinccino\n|-crit|p2a: Cinccino\n|-damage|p2a: Cinccino|0 fnt\n|-unboost|p1a: Victini|spe|1\n|-unboost|p1a: Victini|def|1\n|-unboost|p1a: Victini|spd|1\n|faint|p2a: Cinccino\n|\n|upkeep\n|-message|firepunch917 forfeited.\n|\n|win|Dasor 54\n|raw|Dasor 54's rating: 1647 &rarr; <strong>1676<\/strong><br \/>(+29 for winning)\n|raw|firepunch917's rating: 1805 &rarr; <strong>1776<\/strong><br \/>(-29 for losing)\n|l|\u2606firepunch917\n","inputlog":">version b341b8323d4a7713b3b6f41909868c7f087e7b7e\n>start {\"formatid\":\"gen7randombattle\",\"seed\":[27645,57597,35315,55672],\"rated\":\"Rated battle\"}\n>player p1 {\"name\":\"Dasor 54\",\"avatar\":\"wattson\",\"rating\":1647,\"seed\":[47243,57433,13452,13902]}\n>player p2 {\"name\":\"firepunch917\",\"avatar\":\"2\",\"rating\":1805,\"seed\":[4559,31051,22952,3421]}\n>p1 move drainpunch\n>p2 switch 5\n>p1 switch 6\n>p2 move substitute\n>p1 move blueflare\n>p2 move fireblast\n>p1 move blueflare\n>p2 move substitute\n>p1 move blueflare\n>p2 move fireblast\n>p1 move blueflare\n>p2 move fireblast\n>p2 switch 5\n>p1 switch 6\n>p2 move knockoff\n>p1 move drainpunch\n>p2 switch 3\n>p1 move suckerpunch\n>p2 move photongeyser ultra\n>p1 switch 4\n>p1 move foulplay\n>p2 switch 6\n>p1 switch 3\n>p2 move nastyplot\n>p1 move thunderbolt\n>p2 move hiddenpower\n>p1 move overheat mega\n>p2 move hiddenpower\n>p1 switch 5\n>p1 move superpower\n>p2 move hiddenpower\n>p2 switch 4\n>p1 switch 2\n>p2 move headsmash\n>p1 move surf\n>p2 switch 3\n>p1 move toxic\n>p2 move dragondance\n>p1 move protect\n>p2 move knockoff\n>p1 move surf\n>p2 move knockoff\n>p1 move protect\n>p2 move knockoff\n>p2 switch 6\n>p1 move icebeam\n>p2 move moongeistbeam\n>p2 switch 2\n>p1 move protect\n>p2 move uturn\n>p1 switch 6\n>p2 move uturn\n>p2 switch 3\n>p1 move vcreate\n>p2 switch 3\n>forcelose p2","uploadtime":1653207959,"views":11,"p1id":"dasor54","p2id":"firepunch917","formatid":"gen7randombattle","rating":1676,"private":0,"password":null}