{"id":"gen7ou-1461940420","p1":"gostop","p2":"SG7LP3","format":"gen7ou","log":"|j|\u2606gostop\n|j|\u2606SG7LP3\n|t:|1638015605\n|gametype|singles\n|player|p1|gostop|swimmer-gen4dp|\n|player|p2|SG7LP3|ltsurge|\n|teamsize|p1|6\n|teamsize|p2|6\n|gen|7\n|tier|[Gen 7] OU\n|rated|Tournament battle\n|rule|Sleep Clause Mod: Limit one foe put to sleep\n|rule|Species Clause: Limit one of each Pok\u00e9mon\n|rule|OHKO Clause: OHKO moves are banned\n|rule|Moody Clause: Moody is banned\n|rule|Evasion Moves Clause: Evasion moves are banned\n|rule|Endless Battle Clause: Forcing endless battles is banned\n|rule|HP Percentage Mod: HP is shown in percentages\n|clearpoke\n|poke|p1|Tapu Fini|item\n|poke|p1|Mawile, M|item\n|poke|p1|Garchomp, M|item\n|poke|p1|Greninja, F|item\n|poke|p1|Zapdos|item\n|poke|p1|Heatran, F|item\n|poke|p2|Ditto|item\n|poke|p2|Gliscor, F|item\n|poke|p2|Kyurem|item\n|poke|p2|Reuniclus, F|item\n|poke|p2|Scizor, F|item\n|poke|p2|Toxapex, F|item\n|teampreview\n|j| Hoenn39\n|c|\u2606SG7LP3|hf\n|inactive|Battle timer is ON: inactive players will automatically lose when time's up. (requested by SG7LP3)\n|\n|t:|1638015632\n|start\n|switch|p1a: Heatran|Heatran, F|100\/100\n|switch|p2a: Ditto|Ditto|100\/100\n|-transform|p2a: Ditto|p1a: Heatran|[from] ability: Imposter\n|turn|1\n|\n|t:|1638015645\n|switch|p2a: Gliscor|Gliscor, F|100\/100\n|move|p1a: Heatran|Stealth Rock|p2a: Gliscor\n|-sidestart|p2: SG7LP3|move: Stealth Rock\n|\n|-status|p2a: Gliscor|tox|[from] item: Toxic Orb\n|upkeep\n|turn|2\n|j| Pteranodonte\n|l| Pteranodonte\n|inactive|SG7LP3 has 120 seconds left.\n|\n|t:|1638015686\n|switch|p1a: Greninja|Greninja, F|100\/100\n|move|p2a: Gliscor|Stealth Rock|p1a: Greninja\n|-sidestart|p1: gostop|move: Stealth Rock\n|\n|upkeep\n|turn|3\n|inactive|gostop has 120 seconds left.\n|\n|t:|1638015719\n|switch|p1a: Garchomp|Garchomp, M|100\/100\n|-damage|p1a: Garchomp|94\/100|[from] Stealth Rock\n|switch|p2a: Toxapex|Toxapex, F|100\/100\n|-damage|p2a: Toxapex|88\/100|[from] Stealth Rock\n|\n|-heal|p2a: Toxapex|94\/100|[from] item: Black Sludge\n|upkeep\n|turn|4\n|\n|t:|1638015729\n|switch|p2a: Gliscor|Gliscor, F|100\/100 tox\n|-damage|p2a: Gliscor|88\/100 tox|[from] Stealth Rock\n|move|p1a: Garchomp|Swords Dance|p1a: Garchomp\n|-boost|p1a: Garchomp|atk|2\n|\n|-heal|p2a: Gliscor|100\/100 tox|[from] ability: Poison Heal\n|upkeep\n|turn|5\n|inactive|gostop has 120 seconds left.\n|\n|t:|1638015736\n|switch|p2a: Reuniclus|Reuniclus, F|100\/100\n|-zpower|p1a: Garchomp\n|move|p1a: Garchomp|Devastating Drake|p2a: Reuniclus|[zeffect]\n|-damage|p2a: Reuniclus|0 fnt\n|faint|p2a: Reuniclus\n|\n|upkeep\n|\n|t:|1638015744\n|switch|p2a: Ditto|Ditto|100\/100\n|-damage|p2a: Ditto|88\/100|[from] Stealth Rock\n|-transform|p2a: Ditto|p1a: Garchomp|[from] ability: Imposter\n|turn|6\n|\n|t:|1638015758\n|switch|p1a: Zapdos|Zapdos|100\/100\n|-damage|p1a: Zapdos|76\/100|[from] Stealth Rock\n|move|p2a: Ditto|Earthquake|p1a: Zapdos\n|-immune|p1a: Zapdos\n|\n|upkeep\n|turn|7\n|inactive|gostop has 120 seconds left.\n|\n|t:|1638015776\n|switch|p2a: Kyurem|Kyurem|100\/100\n|-damage|p2a: Kyurem|76\/100|[from] Stealth Rock\n|-ability|p2a: Kyurem|Pressure\n|move|p1a: Zapdos|Volt Switch|p2a: Kyurem\n|-resisted|p2a: Kyurem\n|-damage|p2a: Kyurem|63\/100\n|inactive|gostop has 120 seconds left.\n|inactive|gostop has 90 seconds left.\n|\n|t:|1638015827\n|switch|p1a: Garchomp|Garchomp, M|94\/100|[from]move: Volt Switch\n|-damage|p1a: Garchomp|88\/100|[from] Stealth Rock\n|\n|upkeep\n|turn|8\n|\n|t:|1638015836\n|switch|p2a: Gliscor|Gliscor, F|100\/100 tox\n|-damage|p2a: Gliscor|88\/100 tox|[from] Stealth Rock\n|move|p1a: Garchomp|Outrage|p2a: Gliscor\n|-damage|p2a: Gliscor|39\/100 tox\n|\n|-heal|p2a: Gliscor|52\/100 tox|[from] ability: Poison Heal\n|upkeep\n|turn|9\n|\n|t:|1638015841\n|move|p1a: Garchomp|Outrage|p2a: Gliscor|[from]lockedmove\n|-crit|p2a: Gliscor\n|-damage|p2a: Gliscor|0 fnt\n|faint|p2a: Gliscor\n|-start|p1a: Garchomp|confusion|[fatigue]\n|\n|upkeep\n|c|\u2606SG7LP3|daily reminder that this game just loves rewarding idiots for their generic turn by turn play\n|\n|t:|1638015861\n|switch|p2a: Ditto|Ditto|88\/100\n|-damage|p2a: Ditto|76\/100|[from] Stealth Rock\n|-transform|p2a: Ditto|p1a: Garchomp|[from] ability: Imposter\n|turn|10\n|inactive|gostop has 90 seconds left.\n|\n|t:|1638015881\n|switch|p1a: Mawile|Mawile, M|100\/100\n|-damage|p1a: Mawile|95\/100|[from] Stealth Rock\n|-ability|p1a: Mawile|Intimidate|boost\n|-unboost|p2a: Ditto|atk|1\n|move|p2a: Ditto|Earthquake|p1a: Mawile\n|-supereffective|p1a: Mawile\n|-damage|p1a: Mawile|9\/100\n|\n|upkeep\n|turn|11\n|inactive|gostop has 90 seconds left.\n|\n|t:|1638015902\n|switch|p2a: Scizor|Scizor, F|100\/100\n|-damage|p2a: Scizor|88\/100|[from] Stealth Rock\n|detailschange|p1a: Mawile|Mawile-Mega, M\n|-mega|p1a: Mawile|Mawile|Mawilite\n|move|p1a: Mawile|Thunder Punch|p2a: Scizor\n|-damage|p2a: Scizor|47\/100\n|\n|upkeep\n|turn|12\n|\n|t:|1638015916\n|switch|p1a: Heatran|Heatran, F|100\/100\n|-damage|p1a: Heatran|88\/100|[from] Stealth Rock\n|detailschange|p2a: Scizor|Scizor-Mega, F\n|-mega|p2a: Scizor|Scizor|Scizorite\n|move|p2a: Scizor|Roost|p2a: Scizor\n|-heal|p2a: Scizor|97\/100\n|-singleturn|p2a: Scizor|move: Roost\n|\n|-heal|p1a: Heatran|94\/100|[from] item: Leftovers\n|upkeep\n|turn|13\n|\n|t:|1638015924\n|switch|p2a: Ditto|Ditto|76\/100\n|-damage|p2a: Ditto|63\/100|[from] Stealth Rock\n|-transform|p2a: Ditto|p1a: Heatran|[from] ability: Imposter\n|move|p1a: Heatran|Magma Storm|p2a: Ditto\n|-start|p2a: Ditto|ability: Flash Fire\n|\n|-heal|p1a: Heatran|100\/100|[from] item: Leftovers\n|upkeep\n|turn|14\n|\n|t:|1638015929\n|-end|p2a: Ditto|ability: Flash Fire|[silent]\n|switch|p2a: Kyurem|Kyurem|63\/100\n|-damage|p2a: Kyurem|38\/100|[from] Stealth Rock\n|-ability|p2a: Kyurem|Pressure\n|move|p1a: Heatran|Earth Power|p2a: Kyurem\n|-damage|p2a: Kyurem|14\/100\n|\n|upkeep\n|turn|15\n|\n|t:|1638015940\n|move|p2a: Kyurem|Roost|p2a: Kyurem\n|-heal|p2a: Kyurem|64\/100\n|-singleturn|p2a: Kyurem|move: Roost\n|move|p1a: Heatran|Magma Storm|p2a: Kyurem\n|-damage|p2a: Kyurem|27\/100\n|-activate|p2a: Kyurem|move: Magma Storm|[of] p1a: Heatran\n|\n|-damage|p2a: Kyurem|15\/100|[from] move: Magma Storm|[partiallytrapped]\n|upkeep\n|turn|16\n|\n|t:|1638015950\n|switch|p1a: Mawile|Mawile-Mega, M|9\/100\n|-damage|p1a: Mawile|3\/100|[from] Stealth Rock\n|move|p2a: Kyurem|Roost|p2a: Kyurem\n|-heal|p2a: Kyurem|65\/100\n|-singleturn|p2a: Kyurem|move: Roost\n|\n|-end|p2a: Kyurem|Magma Storm|[partiallytrapped]|[silent]\n|upkeep\n|turn|17\n|\n|t:|1638015958\n|move|p1a: Mawile|Sucker Punch||[still]\n|-fail|p1a: Mawile\n|move|p2a: Kyurem|Substitute|p2a: Kyurem\n|-start|p2a: Kyurem|Substitute\n|-damage|p2a: Kyurem|40\/100\n|\n|upkeep\n|turn|18\n|j| TheDarkRising\n|\n|t:|1638015964\n|move|p1a: Mawile|Sucker Punch||[still]\n|-fail|p1a: Mawile\n|move|p2a: Kyurem|Roost|p2a: Kyurem\n|-heal|p2a: Kyurem|90\/100\n|-singleturn|p2a: Kyurem|move: Roost\n|\n|upkeep\n|turn|19\n|\n|t:|1638015968\n|move|p1a: Mawile|Sucker Punch|p2a: Kyurem\n|-end|p2a: Kyurem|Substitute\n|move|p2a: Kyurem|Earth Power|p1a: Mawile\n|-supereffective|p1a: Mawile\n|-damage|p1a: Mawile|0 fnt\n|faint|p1a: Mawile\n|\n|upkeep\n|\n|t:|1638015971\n|switch|p1a: Greninja|Greninja, F|100\/100\n|-damage|p1a: Greninja|88\/100|[from] Stealth Rock\n|turn|20\n|\n|t:|1638015975\n|switch|p2a: Toxapex|Toxapex, F|100\/100\n|-damage|p2a: Toxapex|88\/100|[from] Stealth Rock\n|move|p1a: Greninja|Low Kick|p2a: Toxapex\n|-start|p1a: Greninja|typechange|Fighting|[from] ability: Protean\n|-resisted|p2a: Toxapex\n|-damage|p2a: Toxapex|82\/100\n|\n|-heal|p2a: Toxapex|88\/100|[from] item: Black Sludge\n|upkeep\n|turn|21\n|\n|t:|1638015987\n|switch|p1a: Zapdos|Zapdos|76\/100\n|-damage|p1a: Zapdos|51\/100|[from] Stealth Rock\n|move|p2a: Toxapex|Toxic Spikes|p1a: Zapdos\n|-sidestart|p1: gostop|move: Toxic Spikes\n|\n|-heal|p2a: Toxapex|95\/100|[from] item: Black Sludge\n|upkeep\n|turn|22\n|\n|t:|1638015991\n|move|p1a: Zapdos|Roost|p1a: Zapdos\n|-heal|p1a: Zapdos|100\/100\n|-singleturn|p1a: Zapdos|move: Roost\n|move|p2a: Toxapex|Recover|p2a: Toxapex\n|-heal|p2a: Toxapex|100\/100\n|\n|upkeep\n|turn|23\n|\n|t:|1638015998\n|move|p1a: Zapdos|Volt Switch|p2a: Toxapex\n|-supereffective|p2a: Toxapex\n|-damage|p2a: Toxapex|63\/100\n|\n|t:|1638016008\n|switch|p1a: Heatran|Heatran, F|100\/100|[from]move: Volt Switch\n|-damage|p1a: Heatran|88\/100|[from] Stealth Rock\n|move|p2a: Toxapex|Toxic Spikes|p1a: Heatran\n|-sidestart|p1: gostop|move: Toxic Spikes\n|\n|-heal|p1a: Heatran|94\/100|[from] item: Leftovers\n|-heal|p2a: Toxapex|69\/100|[from] item: Black Sludge\n|upkeep\n|turn|24\n|\n|t:|1638016021\n|switch|p2a: Kyurem|Kyurem|90\/100\n|-damage|p2a: Kyurem|65\/100|[from] Stealth Rock\n|-ability|p2a: Kyurem|Pressure\n|move|p1a: Heatran|Magma Storm|p2a: Kyurem|[miss]\n|-miss|p1a: Heatran|p2a: Kyurem\n|\n|-heal|p1a: Heatran|100\/100|[from] item: Leftovers\n|upkeep\n|turn|25\n|\n|t:|1638016033\n|move|p2a: Kyurem|Substitute|p2a: Kyurem\n|-start|p2a: Kyurem|Substitute\n|-damage|p2a: Kyurem|40\/100\n|move|p1a: Heatran|Earth Power|p2a: Kyurem\n|-activate|p2a: Kyurem|move: Substitute|[damage]\n|\n|upkeep\n|turn|26\n|\n|t:|1638016039\n|move|p2a: Kyurem|Roost|p2a: Kyurem\n|-heal|p2a: Kyurem|90\/100\n|-singleturn|p2a: Kyurem|move: Roost\n|move|p1a: Heatran|Earth Power|p2a: Kyurem\n|-end|p2a: Kyurem|Substitute\n|\n|upkeep\n|turn|27\n|inactive|gostop has 120 seconds left.\n|-message|gostop forfeited.\n|\n|win|SG7LP3\n|n|\u2606gostop|gostop\n|n|\u2606SG7LP3|sg7lp3\n|n| Hoenn39|hoenn39\n|n| TheDarkRising|thedarkrising\n|l|\u2606gostop\n","uploadtime":1638016093,"views":18,"p1id":"gostop","p2id":"sg7lp3","formatid":"gen7ou","rating":0,"private":0,"password":null}