{"id":"gen7ou-1146284275","p1":"chemaruiz","p2":"Hajmola","format":"gen7ou","log":"|j|\u2606chemaruiz\n|j|\u2606Hajmola\n|player|p1|chemaruiz|266|1164\n|player|p2|Hajmola|pokefan|1113\n|teamsize|p1|6\n|teamsize|p2|6\n|gametype|singles\n|gen|7\n|tier|[Gen 7] OU\n|rated|\n|clearpoke\n|poke|p1|Clefable, F|item\n|poke|p1|Kartana|item\n|poke|p1|Sableye, M|item\n|poke|p1|Heatran, M|\n|poke|p1|Doublade, M|item\n|poke|p1|Greninja, M|item\n|poke|p2|Kartana|item\n|poke|p2|Kyurem-Black|item\n|poke|p2|Charizard, F|item\n|poke|p2|Cloyster, F|item\n|poke|p2|Zeraora|item\n|poke|p2|Cresselia, F|item\n|rule|Sleep Clause Mod: Limit one foe put to sleep\n|rule|Species Clause: Limit one of each Pok\u00e9mon\n|rule|OHKO Clause: OHKO moves are banned\n|rule|Moody Clause: Moody is banned\n|rule|Evasion Moves Clause: Evasion moves are banned\n|rule|Endless Battle Clause: Forcing endless battles is banned\n|rule|HP Percentage Mod: HP is shown in percentages\n|teampreview\n|inactive|Battle timer is ON: inactive players will automatically lose when time's up. (requested by Hajmola)\n|inactive|chemaruiz has 120 seconds left.\n|\n|start\n|switch|p1a: :v|Sableye, M|100\/100\n|switch|p2a: Cloyster|Cloyster, F, shiny|100\/100\n|turn|1\n|\n|move|p1a: :v|Taunt|p2a: Cloyster\n|-start|p2a: Cloyster|move: Taunt\n|cant|p2a: Cloyster|move: Taunt|Shell Smash\n|\n|upkeep\n|turn|2\n|\n|move|p1a: :v|Will-O-Wisp|p2a: Cloyster|[miss]\n|-miss|p1a: :v|p2a: Cloyster\n|move|p2a: Cloyster|Icicle Spear|p1a: :v\n|-damage|p1a: :v|88\/100\n|-damage|p1a: :v|76\/100\n|-damage|p1a: :v|64\/100\n|-damage|p1a: :v|52\/100\n|-damage|p1a: :v|40\/100\n|-hitcount|p1a: :v|5\n|\n|upkeep\n|turn|3\n|\n|move|p1a: :v|Will-O-Wisp|p2a: Cloyster\n|-status|p2a: Cloyster|brn\n|move|p2a: Cloyster|Icicle Spear|p1a: :v\n|-damage|p1a: :v|34\/100\n|-damage|p1a: :v|28\/100\n|-damage|p1a: :v|22\/100\n|-damage|p1a: :v|17\/100\n|-damage|p1a: :v|11\/100\n|-hitcount|p1a: :v|5\n|\n|-damage|p2a: Cloyster|94\/100 brn|[from] brn\n|-end|p2a: Cloyster|move: Taunt\n|upkeep\n|turn|4\n|\n|move|p2a: Cloyster|Protect|p2a: Cloyster\n|-singleturn|p2a: Cloyster|Protect\n|move|p1a: :v|Taunt|p2a: Cloyster\n|-activate|p2a: Cloyster|move: Protect\n|\n|-damage|p2a: Cloyster|88\/100 brn|[from] brn\n|upkeep\n|turn|5\n|\n|move|p1a: :v|Pain Split|p2a: Cloyster\n|-sethp|p2a: Cloyster|51\/100 brn|[from] move: Pain Split|[silent]\n|-sethp|p1a: :v|40\/100|[from] move: Pain Split\n|move|p2a: Cloyster|Icicle Spear|p1a: :v\n|-damage|p1a: :v|35\/100\n|-damage|p1a: :v|29\/100\n|-damage|p1a: :v|24\/100\n|-damage|p1a: :v|18\/100\n|-damage|p1a: :v|13\/100\n|-hitcount|p1a: :v|5\n|\n|-damage|p2a: Cloyster|44\/100 brn|[from] brn\n|upkeep\n|turn|6\n|inactive|chemaruiz has 120 seconds left.\n|\n|switch|p1a: Heatran|Heatran, M|100\/100\n|move|p2a: Cloyster|Shell Smash|p2a: Cloyster\n|-unboost|p2a: Cloyster|def|1\n|-unboost|p2a: Cloyster|spd|1\n|-boost|p2a: Cloyster|atk|2\n|-boost|p2a: Cloyster|spa|2\n|-boost|p2a: Cloyster|spe|2\n|\n|-damage|p2a: Cloyster|38\/100 brn|[from] brn\n|upkeep\n|turn|7\n|\n|move|p2a: Cloyster|Liquidation|p1a: Heatran\n|-supereffective|p1a: Heatran\n|-damage|p1a: Heatran|48\/100\n|move|p1a: Heatran|Stealth Rock|p2a: Cloyster\n|-sidestart|p2: Hajmola|move: Stealth Rock\n|\n|-damage|p2a: Cloyster|32\/100 brn|[from] brn\n|upkeep\n|turn|8\n|\n|switch|p1a: Idonquer|Clefable, F|100\/100\n|move|p2a: Cloyster|Liquidation|p1a: Idonquer\n|-crit|p1a: Idonquer\n|-damage|p1a: Idonquer|76\/100\n|\n|-heal|p1a: Idonquer|82\/100|[from] item: Leftovers\n|-damage|p2a: Cloyster|26\/100 brn|[from] brn\n|upkeep\n|turn|9\n|inactive|chemaruiz has 120 seconds left.\n|\n|move|p2a: Cloyster|Icicle Spear|p1a: Idonquer\n|-damage|p1a: Idonquer|78\/100\n|-damage|p1a: Idonquer|73\/100\n|-damage|p1a: Idonquer|68\/100\n|-damage|p1a: Idonquer|63\/100\n|-damage|p1a: Idonquer|58\/100\n|-hitcount|p1a: Idonquer|5\n|move|p1a: Idonquer|Fire Blast|p2a: Cloyster\n|-damage|p2a: Cloyster|0 fnt\n|faint|p2a: Cloyster\n|\n|-heal|p1a: Idonquer|64\/100|[from] item: Leftovers\n|upkeep\n|\n|switch|p2a: Cresselia|Cresselia, F|100\/100\n|-damage|p2a: Cresselia|88\/100|[from] Stealth Rock\n|turn|10\n|inactive|chemaruiz has 120 seconds left.\n|\n|switch|p1a: Doublade|Doublade, M|100\/100\n|move|p2a: Cresselia|Toxic|p1a: Doublade\n|-immune|p1a: Doublade\n|\n|-heal|p2a: Cresselia|94\/100|[from] item: Leftovers\n|upkeep\n|turn|11\n|inactive|Hajmola has 120 seconds left.\n|\n|move|p2a: Cresselia|Moonblast|p1a: Doublade\n|-resisted|p1a: Doublade\n|-damage|p1a: Doublade|89\/100\n|move|p1a: Doublade|Toxic|p2a: Cresselia\n|-status|p2a: Cresselia|tox\n|\n|-heal|p2a: Cresselia|99\/100 tox|[from] item: Leftovers\n|-damage|p2a: Cresselia|94\/100 tox|[from] psn\n|upkeep\n|turn|12\n|inactive|Hajmola has 120 seconds left.\n|inactive|chemaruiz has 120 seconds left.\n|\n|switch|p2a: Kartana|Kartana, shiny|100\/100\n|-damage|p2a: Kartana|94\/100|[from] Stealth Rock\n|move|p1a: Doublade|Protect||[still]\n|-fail|p1a: Doublade\n|\n|upkeep\n|turn|13\n|\n|move|p1a: Doublade|Protect|p1a: Doublade\n|-singleturn|p1a: Doublade|Protect\n|move|p2a: Kartana|Swords Dance|p2a: Kartana\n|-boost|p2a: Kartana|atk|2\n|\n|upkeep\n|turn|14\n|\n|move|p2a: Kartana|Sacred Sword|p1a: Doublade\n|-immune|p1a: Doublade\n|move|p1a: Doublade|Sacred Sword|p2a: Kartana\n|-supereffective|p2a: Kartana\n|-damage|p2a: Kartana|57\/100\n|\n|upkeep\n|turn|15\n|\n|move|p2a: Kartana|Leaf Blade|p1a: Doublade\n|-resisted|p1a: Doublade\n|-damage|p1a: Doublade|65\/100\n|-damage|p2a: Kartana|47\/100|[from] item: Life Orb\n|move|p1a: Doublade|Sacred Sword|p2a: Kartana\n|-supereffective|p2a: Kartana\n|-damage|p2a: Kartana|10\/100\n|\n|upkeep\n|turn|16\n|inactive|chemaruiz has 120 seconds left.\n|\n|move|p1a: Doublade|Shadow Sneak|p2a: Kartana\n|-damage|p2a: Kartana|0 fnt\n|faint|p2a: Kartana\n|\n|upkeep\n|-message|Hajmola forfeited.\n|\n|win|chemaruiz\n|l|\u2606Hajmola\n","uploadtime":1594060896,"views":0,"p1id":"chemaruiz","p2id":"hajmola","formatid":"gen7ou","rating":0,"private":0,"password":null}