{"id":"gen7ou-657708958","p1":"Lkjhgfdsapoi","p2":"LightNova1","format":"gen7ou","log":"|j|Lkjhgfdsapoi\n|j|LightNova1\n|player|p1|Lkjhgfdsapoi|222\n|teamsize|p1|6\n|player|p2|LightNova1|163\n|teamsize|p2|6\n|gametype|singles\n|gen|7\n|tier|[Gen 7] OU\n|rated|\n|seed|2239,15556,17849,4240\n|rule|Sleep Clause Mod: Limit one foe put to sleep\n|rule|Species Clause: Limit one of each Pok\u00e9mon\n|rule|OHKO Clause: OHKO moves are banned\n|rule|Moody Clause: Moody is banned\n|rule|Evasion Moves Clause: Evasion moves are banned\n|rule|Endless Battle Clause: Forcing endless battles is banned\n|rule|HP Percentage Mod: HP is shown in percentages\n|clearpoke\n|poke|p1|Charizard, F|item\n|poke|p1|Celesteela|item\n|poke|p1|Excadrill, F|item\n|poke|p1|Kartana|item\n|poke|p1|Azelf|item\n|poke|p1|Greninja, M|item\n|poke|p2|Tyranitar, M|item\n|poke|p2|Tapu Koko|item\n|poke|p2|Ferrothorn, M|item\n|poke|p2|Landorus-Therian, M|item\n|poke|p2|Sylveon, F|item\n|poke|p2|Gengar, F|item\n|teampreview\n|choice|team 3, team 2, team 1, team 4, team 5, team 6|team 4, team 2, team 3, team 1, team 5, team 6\n|\n|start\n|switch|p1a: Excadrill|Excadrill, F|361\/361\n|switch|p2a: Landorus|Landorus-Therian, M|382\/382\n|-ability|p1a: Excadrill|Mold Breaker\n|-ability|p2a: Landorus|Intimidate|boost\n|-unboost|p1a: Excadrill|atk|1\n|turn|1\n|choice|move stealthrock|move stealthrock\n|\n|move|p1a: Excadrill|Stealth Rock|p2a: Landorus\n|-sidestart|p2: LightNova1|move: Stealth Rock\n|move|p2a: Landorus|Stealth Rock|p1a: Excadrill\n|-sidestart|p1: Lkjhgfdsapoi|move: Stealth Rock\n|\n|upkeep\n|turn|2\n|choice|move rocktomb|switch 6\n|\n|switch|p2a: Gengar|Gengar, F|261\/261\n|-damage|p2a: Gengar|229\/261|[from] Stealth Rock\n|move|p1a: Excadrill|Rock Tomb|p2a: Gengar\n|-damage|p2a: Gengar|145\/261\n|-start|p1a: Excadrill|Disable|Rock Tomb|[from] ability: Cursed Body|[of] p2a: Gengar\n|-unboost|p2a: Gengar|spe|1\n|\n|upkeep\n|turn|3\n|choice|move earthquake|move focusblast\n|\n|move|p2a: Gengar|Focus Blast|p1a: Excadrill\n|-supereffective|p1a: Excadrill\n|-enditem|p1a: Excadrill|Focus Sash\n|-damage|p1a: Excadrill|1\/361\n|-unboost|p1a: Excadrill|spd|1\n|move|p1a: Excadrill|Earthquake|p2a: Gengar\n|-supereffective|p2a: Gengar\n|-damage|p2a: Gengar|0 fnt\n|faint|p2a: Gengar\n|\n|upkeep\n|choice||switch 2\n|\n|switch|p2a: Tapu Koko|Tapu Koko|281\/281\n|-damage|p2a: Tapu Koko|246\/281|[from] Stealth Rock\n|-fieldstart|move: Electric Terrain|[from] ability: Electric Surge|[of] p2a: Tapu Koko\n|turn|4\n|choice|move rapidspin|move uturn\n|\n|move|p2a: Tapu Koko|U-turn|p1a: Excadrill\n|-resisted|p1a: Excadrill\n|-damage|p1a: Excadrill|0 fnt\n|faint|p1a: Excadrill\n|choice||switch 6\n|\n|switch|p2a: Landorus|Landorus-Therian, M|382\/382\n|-damage|p2a: Landorus|335\/382|[from] Stealth Rock\n|\n|-heal|p2a: Landorus|358\/382|[from] item: Leftovers\n|upkeep\n|choice|switch 5|\n|\n|switch|p1a: Azelf|Azelf|291\/291\n|-damage|p1a: Azelf|255\/291|[from] Stealth Rock\n|turn|5\n|choice|move icepunch|move uturn\n|\n|move|p1a: Azelf|Ice Punch|p2a: Landorus\n|-supereffective|p2a: Landorus\n|-damage|p2a: Landorus|0 fnt\n|faint|p2a: Landorus\n|\n|upkeep\n|choice||switch 6\n|\n|switch|p2a: Tapu Koko|Tapu Koko|246\/281\n|-damage|p2a: Tapu Koko|211\/281|[from] Stealth Rock\n|turn|6\n|choice|switch 2|move wildcharge zmove\n|\n|switch|p1a: Celesteela|Celesteela|398\/398\n|-damage|p1a: Celesteela|349\/398|[from] Stealth Rock\n|-zpower|p2a: Tapu Koko\n|move|p2a: Tapu Koko|Gigavolt Havoc|p1a: Celesteela|[zeffect]\n|-supereffective|p1a: Celesteela\n|-damage|p1a: Celesteela|0 fnt\n|faint|p1a: Celesteela\n|\n|upkeep\n|choice|switch 4|\n|\n|switch|p1a: Kartana|Kartana|259\/259\n|-damage|p1a: Kartana|243\/259|[from] Stealth Rock\n|turn|7\n|choice|move leafblade|move uturn\n|\n|move|p1a: Kartana|Leaf Blade|p2a: Tapu Koko\n|-damage|p2a: Tapu Koko|0 fnt\n|faint|p2a: Tapu Koko\n|-ability|p1a: Kartana|Beast Boost|boost\n|-boost|p1a: Kartana|atk|1\n|\n|upkeep\n|choice||switch 3\n|\n|switch|p2a: Ferrothorn|Ferrothorn, M|352\/352\n|-damage|p2a: Ferrothorn|330\/352|[from] Stealth Rock\n|turn|8\n|choice|move leafblade|move powerwhip\n|\n|move|p1a: Kartana|Leaf Blade|p2a: Ferrothorn\n|-resisted|p2a: Ferrothorn\n|-damage|p2a: Ferrothorn|274\/352\n|-damage|p1a: Kartana|211\/259|[from] ability: Iron Barbs|[of] p2a: Ferrothorn\n|move|p2a: Ferrothorn|Power Whip|p1a: Kartana\n|-resisted|p1a: Kartana\n|-damage|p1a: Kartana|185\/259\n|\n|-heal|p2a: Ferrothorn|296\/352|[from] item: Leftovers\n|-fieldend|move: Electric Terrain\n|upkeep\n|turn|9\n|choice|switch 3|move spikes\n|\n|switch|p1a: Charizard|Charizard, F|297\/297\n|-damage|p1a: Charizard|149\/297|[from] Stealth Rock\n|move|p2a: Ferrothorn|Spikes|p1a: Charizard\n|-sidestart|p1: Lkjhgfdsapoi|Spikes\n|\n|-heal|p2a: Ferrothorn|318\/352|[from] item: Leftovers\n|upkeep\n|turn|10\n|choice|move flamethrower mega|move leechseed\n|\n|detailschange|p1a: Charizard|Charizard-Mega-Y, F\n|-mega|p1a: Charizard|Charizard|Charizardite Y\n|-weather|SunnyDay|[from] ability: Drought|[of] p1a: Charizard\n|move|p1a: Charizard|Flamethrower|p2a: Ferrothorn\n|-supereffective|p2a: Ferrothorn\n|-damage|p2a: Ferrothorn|0 fnt\n|faint|p2a: Ferrothorn\n|\n|-weather|SunnyDay|[upkeep]\n|upkeep\n|choice||switch 4\n|\n|switch|p2a: Tyranitar|Tyranitar, M|341\/341\n|-damage|p2a: Tyranitar|299\/341|[from] Stealth Rock\n|-weather|Sandstorm|[from] ability: Sand Stream|[of] p2a: Tyranitar\n|turn|11\n|choice|move dragonpulse|move dragondance mega\n|\n|detailschange|p2a: Tyranitar|Tyranitar-Mega, M\n|-mega|p2a: Tyranitar|Tyranitar|Tyranitarite\n|move|p1a: Charizard|Dragon Pulse|p2a: Tyranitar\n|-damage|p2a: Tyranitar|237\/341\n|move|p2a: Tyranitar|Dragon Dance|p2a: Tyranitar\n|-boost|p2a: Tyranitar|atk|1\n|-boost|p2a: Tyranitar|spe|1\n|\n|-weather|Sandstorm|[upkeep]\n|-damage|p1a: Charizard|131\/297|[from] sandstorm\n|upkeep\n|turn|12\n|choice|move flamethrower|move dragondance\n|\n|move|p2a: Tyranitar|Dragon Dance|p2a: Tyranitar\n|-boost|p2a: Tyranitar|atk|1\n|-boost|p2a: Tyranitar|spe|1\n|move|p1a: Charizard|Flamethrower|p2a: Tyranitar\n|-resisted|p2a: Tyranitar\n|-damage|p2a: Tyranitar|184\/341\n|\n|-weather|Sandstorm|[upkeep]\n|-damage|p1a: Charizard|113\/297|[from] sandstorm\n|upkeep\n|turn|13\n|choice|move flamethrower|move icepunch\n|\n|move|p2a: Tyranitar|Ice Punch|p1a: Charizard\n|-damage|p1a: Charizard|0 fnt\n|faint|p1a: Charizard\n|\n|-weather|Sandstorm|[upkeep]\n|upkeep\n|choice|switch 6|\n|\n|switch|p1a: Greninja|Greninja, M|285\/285\n|-damage|p1a: Greninja|250\/285|[from] Stealth Rock\n|-damage|p1a: Greninja|215\/285|[from] Spikes\n|turn|14\n|choice|move watershuriken|move stoneedge\n|\n|move|p1a: Greninja|Water Shuriken|p2a: Tyranitar\n|-supereffective|p2a: Tyranitar\n|-damage|p2a: Tyranitar|145\/341\n|-supereffective|p2a: Tyranitar\n|-damage|p2a: Tyranitar|106\/341\n|-hitcount|p2a: Tyranitar|2\n|-damage|p1a: Greninja|187\/285|[from] item: Life Orb\n|move|p2a: Tyranitar|Stone Edge|p1a: Greninja\n|-damage|p1a: Greninja|0 fnt\n|faint|p1a: Greninja\n|\n|-weather|Sandstorm|[upkeep]\n|upkeep\n|choice|switch 3|\n|\n|switch|p1a: Kartana|Kartana|185\/259\n|-damage|p1a: Kartana|153\/259|[from] Spikes\n|-damage|p1a: Kartana|137\/259|[from] Stealth Rock\n|turn|15\n|choice|move leafblade|move firepunch\n|\n|move|p2a: Tyranitar|Fire Punch|p1a: Kartana\n|-supereffective|p1a: Kartana\n|-damage|p1a: Kartana|0 fnt\n|faint|p1a: Kartana\n|\n|-weather|none\n|upkeep\n|-message|Lkjhgfdsapoi forfeited.\n|\n|win|LightNova1\n|l|Lkjhgfdsapoi","inputlog":null,"uploadtime":1510350972,"views":3,"p1id":"lkjhgfdsapoi","p2id":"lightnova1","formatid":"gen7ou","rating":0,"private":0,"password":null}