{"id":"gen7ou-1167097132","p1":"Kikoudu78","p2":"MAVERICK SHOOTERS","format":"gen7ou","log":"|j|\u2606Kikoudu78\n|j|\u2606MAVERICK SHOOTERS\n|t:|1597161968\n|player|p1|Kikoudu78|blackbelt-gen4dp|1279\n|player|p2|MAVERICK SHOOTERS|brawly|1286\n|teamsize|p1|6\n|teamsize|p2|6\n|gametype|singles\n|gen|7\n|tier|[Gen 7] OU\n|rated|\n|clearpoke\n|poke|p1|Chansey, F|item\n|poke|p1|Bewear, F|item\n|poke|p1|Heliolisk, M|item\n|poke|p1|Lopunny, F|item\n|poke|p1|Ditto|item\n|poke|p1|Porygon-Z|item\n|poke|p2|Azumarill, F|item\n|poke|p2|Magearna|item\n|poke|p2|Tapu Koko|item\n|poke|p2|Hawlucha, M|item\n|poke|p2|Beedrill, F|item\n|poke|p2|Landorus-Therian, M|item\n|rule|Sleep Clause Mod: Limit one foe put to sleep\n|rule|Species Clause: Limit one of each Pok\u00e9mon\n|rule|OHKO Clause: OHKO moves are banned\n|rule|Moody Clause: Moody is banned\n|rule|Evasion Moves Clause: Evasion moves are banned\n|rule|Endless Battle Clause: Forcing endless battles is banned\n|rule|HP Percentage Mod: HP is shown in percentages\n|teampreview\n|\n|t:|1597161978\n|start\n|switch|p1a: Chansey|Chansey, F, shiny|100\/100\n|switch|p2a: Landorus|Landorus-Therian, M|100\/100\n|-ability|p2a: Landorus|Intimidate|boost\n|-unboost|p1a: Chansey|atk|1\n|turn|1\n|\n|t:|1597161988\n|move|p2a: Landorus|Stealth Rock|p1a: Chansey\n|-sidestart|p1: Kikoudu78|move: Stealth Rock\n|move|p1a: Chansey|Toxic|p2a: Landorus\n|-status|p2a: Landorus|tox\n|\n|-damage|p2a: Landorus|95\/100 tox|[from] psn\n|upkeep\n|turn|2\n|\n|t:|1597161995\n|move|p2a: Landorus|Earthquake|p1a: Chansey\n|-damage|p1a: Chansey|63\/100\n|move|p1a: Chansey|Stealth Rock|p2a: Landorus\n|-sidestart|p2: MAVERICK SHOOTERS|move: Stealth Rock\n|\n|-damage|p2a: Landorus|83\/100 tox|[from] psn\n|upkeep\n|turn|3\n|\n|t:|1597162004\n|move|p2a: Landorus|Earthquake|p1a: Chansey\n|-damage|p1a: Chansey|26\/100\n|move|p1a: Chansey|Soft-Boiled|p1a: Chansey\n|-heal|p1a: Chansey|76\/100\n|\n|-damage|p2a: Landorus|65\/100 tox|[from] psn\n|upkeep\n|turn|4\n|\n|t:|1597162014\n|move|p2a: Landorus|Explosion|p1a: Chansey\n|-damage|p1a: Chansey|20\/100\n|faint|p2a: Landorus\n|move|p1a: Chansey|Soft-Boiled|p1a: Chansey\n|-heal|p1a: Chansey|70\/100\n|\n|upkeep\n|\n|t:|1597162027\n|switch|p2a: Magearna|Magearna|100\/100\n|-damage|p2a: Magearna|94\/100|[from] Stealth Rock\n|turn|5\n|\n|t:|1597162037\n|move|p2a: Magearna|Shift Gear|p2a: Magearna\n|-boost|p2a: Magearna|spe|2\n|-boost|p2a: Magearna|atk|1\n|move|p1a: Chansey|Seismic Toss|p2a: Magearna\n|-damage|p2a: Magearna|67\/100\n|\n|-heal|p2a: Magearna|73\/100|[from] item: Leftovers\n|upkeep\n|turn|6\n|\n|t:|1597162045\n|move|p2a: Magearna|Calm Mind|p2a: Magearna\n|-boost|p2a: Magearna|spa|1\n|-boost|p2a: Magearna|spd|1\n|move|p1a: Chansey|Seismic Toss|p2a: Magearna\n|-damage|p2a: Magearna|45\/100\n|\n|-heal|p2a: Magearna|51\/100|[from] item: Leftovers\n|upkeep\n|turn|7\n|\n|t:|1597162054\n|move|p2a: Magearna|Ice Beam|p1a: Chansey\n|-damage|p1a: Chansey|56\/100\n|move|p1a: Chansey|Seismic Toss|p2a: Magearna\n|-damage|p2a: Magearna|24\/100\n|\n|-heal|p2a: Magearna|30\/100|[from] item: Leftovers\n|upkeep\n|turn|8\n|\n|t:|1597162062\n|move|p2a: Magearna|Ice Beam|p1a: Chansey\n|-damage|p1a: Chansey|42\/100\n|move|p1a: Chansey|Seismic Toss|p2a: Magearna\n|-damage|p2a: Magearna|2\/100\n|\n|-heal|p2a: Magearna|8\/100|[from] item: Leftovers\n|upkeep\n|turn|9\n|\n|t:|1597162072\n|move|p2a: Magearna|Ice Beam|p1a: Chansey\n|-damage|p1a: Chansey|27\/100\n|move|p1a: Chansey|Soft-Boiled|p1a: Chansey\n|-heal|p1a: Chansey|77\/100\n|\n|-heal|p2a: Magearna|15\/100|[from] item: Leftovers\n|upkeep\n|turn|10\n|\n|t:|1597162089\n|move|p2a: Magearna|Thunderbolt|p1a: Chansey\n|-damage|p1a: Chansey|63\/100\n|move|p1a: Chansey|Seismic Toss|p2a: Magearna\n|-damage|p2a: Magearna|0 fnt\n|faint|p2a: Magearna\n|\n|upkeep\n|\n|t:|1597162096\n|switch|p2a: Tapu Koko|Tapu Koko, shiny|100\/100\n|-damage|p2a: Tapu Koko|88\/100|[from] Stealth Rock\n|-fieldstart|move: Electric Terrain|[from] ability: Electric Surge|[of] p2a: Tapu Koko\n|turn|11\n|\n|t:|1597162104\n|move|p2a: Tapu Koko|Taunt|p1a: Chansey\n|-start|p1a: Chansey|move: Taunt\n|cant|p1a: Chansey|move: Taunt|Soft-Boiled\n|\n|upkeep\n|turn|12\n|\n|t:|1597162110\n|move|p2a: Tapu Koko|Reflect|p2a: Tapu Koko\n|-sidestart|p2: MAVERICK SHOOTERS|Reflect\n|move|p1a: Chansey|Seismic Toss|p2a: Tapu Koko\n|-damage|p2a: Tapu Koko|59\/100\n|\n|upkeep\n|turn|13\n|\n|t:|1597162115\n|move|p2a: Tapu Koko|Light Screen|p2a: Tapu Koko\n|-sidestart|p2: MAVERICK SHOOTERS|move: Light Screen\n|move|p1a: Chansey|Seismic Toss|p2a: Tapu Koko\n|-damage|p2a: Tapu Koko|30\/100\n|\n|-end|p1a: Chansey|move: Taunt\n|upkeep\n|turn|14\n|\n|t:|1597162122\n|move|p2a: Tapu Koko|Taunt|p1a: Chansey\n|-start|p1a: Chansey|move: Taunt\n|cant|p1a: Chansey|move: Taunt|Soft-Boiled\n|\n|upkeep\n|turn|15\n|\n|t:|1597162127\n|move|p2a: Tapu Koko|U-turn|p1a: Chansey\n|-damage|p1a: Chansey|51\/100\n|\n|t:|1597162131\n|switch|p2a: Hawlucha|Hawlucha, M|100\/100|[from]move: U-turn\n|-damage|p2a: Hawlucha|88\/100|[from] Stealth Rock\n|-enditem|p2a: Hawlucha|Electric Seed\n|-boost|p2a: Hawlucha|def|1|[from] item: Electric Seed\n|move|p1a: Chansey|Seismic Toss|p2a: Hawlucha\n|-damage|p2a: Hawlucha|56\/100\n|\n|-fieldend|move: Electric Terrain\n|upkeep\n|turn|16\n|\n|t:|1597162141\n|move|p2a: Hawlucha|Swords Dance|p2a: Hawlucha\n|-boost|p2a: Hawlucha|atk|2\n|move|p1a: Chansey|Seismic Toss|p2a: Hawlucha\n|-damage|p2a: Hawlucha|25\/100\n|\n|-end|p1a: Chansey|move: Taunt\n|upkeep\n|turn|17\n|\n|t:|1597162149\n|move|p2a: Hawlucha|High Jump Kick|p1a: Chansey\n|-supereffective|p1a: Chansey\n|-damage|p1a: Chansey|0 fnt\n|faint|p1a: Chansey\n|\n|upkeep\n|\n|t:|1597162155\n|switch|p1a: Ditto|Ditto, shiny|100\/100\n|-damage|p1a: Ditto|88\/100|[from] Stealth Rock\n|-transform|p1a: Ditto|p2a: Hawlucha|[from] ability: Imposter\n|turn|18\n|\n|t:|1597162171\n|move|p2a: Hawlucha|Acrobatics|p1a: Ditto\n|-supereffective|p1a: Ditto\n|-damage|p1a: Ditto|0 fnt\n|faint|p1a: Ditto\n|\n|upkeep\n|\n|t:|1597162177\n|switch|p1a: Lopunny|Lopunny, F, shiny|100\/100\n|-damage|p1a: Lopunny|88\/100|[from] Stealth Rock\n|turn|19\n|\n|t:|1597162182\n|detailschange|p1a: Lopunny|Lopunny-Mega, F, shiny\n|-mega|p1a: Lopunny|Lopunny|Lopunnite\n|move|p1a: Lopunny|Fake Out|p2a: Hawlucha\n|-damage|p2a: Hawlucha|15\/100\n|cant|p2a: Hawlucha|flinch\n|\n|-sideend|p2: MAVERICK SHOOTERS|Reflect\n|upkeep\n|turn|20\n|\n|t:|1597162198\n|switch|p1a: Bewear|Bewear, F, shiny|100\/100\n|-damage|p1a: Bewear|94\/100|[from] Stealth Rock\n|move|p2a: Hawlucha|High Jump Kick|p1a: Bewear|[miss]\n|-miss|p2a: Hawlucha|p1a: Bewear\n|-damage|p2a: Hawlucha|0 fnt|[from] highjumpkick\n|faint|p2a: Hawlucha\n|\n|-sideend|p2: MAVERICK SHOOTERS|move: Light Screen\n|upkeep\n|c|\u2606MAVERICK SHOOTERS|GG\n|\n|t:|1597162211\n|switch|p2a: Tapu Koko|Tapu Koko, shiny|30\/100\n|-damage|p2a: Tapu Koko|17\/100|[from] Stealth Rock\n|-fieldstart|move: Electric Terrain|[from] ability: Electric Surge|[of] p2a: Tapu Koko\n|turn|21\n|c|\u2606Kikoudu78|gg lol\n|\n|t:|1597162222\n|move|p2a: Tapu Koko|Reflect|p2a: Tapu Koko\n|-sidestart|p2: MAVERICK SHOOTERS|Reflect\n|move|p1a: Bewear|Return|p2a: Tapu Koko\n|-damage|p2a: Tapu Koko|0 fnt\n|faint|p2a: Tapu Koko\n|\n|upkeep\n|\n|t:|1597162232\n|switch|p2a: Beedrill|Beedrill, F|100\/100\n|-damage|p2a: Beedrill|76\/100|[from] Stealth Rock\n|turn|22\n|\n|t:|1597162238\n|detailschange|p2a: Beedrill|Beedrill-Mega, F\n|-mega|p2a: Beedrill|Beedrill|Beedrillite\n|move|p2a: Beedrill|Knock Off|p1a: Bewear\n|-resisted|p1a: Bewear\n|-damage|p1a: Bewear|84\/100\n|-enditem|p1a: Bewear|Choice Band|[from] move: Knock Off|[of] p2a: Beedrill\n|move|p1a: Bewear|Return|p2a: Beedrill\n|-damage|p2a: Beedrill|4\/100\n|\n|upkeep\n|turn|23\n|\n|t:|1597162249\n|move|p2a: Beedrill|Poison Jab|p1a: Bewear\n|-damage|p1a: Bewear|49\/100\n|-status|p1a: Bewear|psn\n|move|p1a: Bewear|Return|p2a: Beedrill\n|-damage|p2a: Beedrill|0 fnt\n|faint|p2a: Beedrill\n|\n|-damage|p1a: Bewear|36\/100 psn|[from] psn\n|upkeep\n|\n|t:|1597162259\n|switch|p2a: Azumarill|Azumarill, F, shiny|100\/100\n|-damage|p2a: Azumarill|88\/100|[from] Stealth Rock\n|turn|24\n|\n|t:|1597162263\n|move|p1a: Bewear|Return|p2a: Azumarill\n|-damage|p2a: Azumarill|54\/100\n|-zpower|p2a: Azumarill\n|move|p2a: Azumarill|Z-Belly Drum|p2a: Azumarill|[anim]Belly Drum\n|-heal|p2a: Azumarill|100\/100|[zeffect]\n|-damage|p2a: Azumarill|50\/100\n|-setboost|p2a: Azumarill|atk|6|[from] move: Belly Drum\n|\n|-damage|p1a: Bewear|24\/100 psn|[from] psn\n|upkeep\n|turn|25\n|\n|t:|1597162275\n|move|p2a: Azumarill|Aqua Jet|p1a: Bewear\n|-damage|p1a: Bewear|0 fnt\n|faint|p1a: Bewear\n|\n|-fieldend|move: Electric Terrain\n|upkeep\n|\n|t:|1597162284\n|switch|p1a: Heliolisk|Heliolisk, M, shiny|100\/100\n|-damage|p1a: Heliolisk|88\/100|[from] Stealth Rock\n|turn|26\n|\n|t:|1597162289\n|move|p2a: Azumarill|Aqua Jet|p1a: Heliolisk\n|-heal|p1a: Heliolisk|100\/100|[from] ability: Dry Skin|[of] p2a: Azumarill\n|move|p1a: Heliolisk|Thunderbolt|p2a: Azumarill\n|-supereffective|p2a: Azumarill\n|-damage|p2a: Azumarill|0 fnt\n|faint|p2a: Azumarill\n|\n|win|Kikoudu78\n|c|\u2606Kikoudu78|gg\n|c|\u2606MAVERICK SHOOTERS|big brain\n|c|\u2606MAVERICK SHOOTERS|gg\n","uploadtime":1597162307,"views":19,"p1id":"kikoudu78","p2id":"maverickshooters","formatid":"gen7ou","rating":0,"private":0,"password":null}