{"id":"gen7ou-1118636080","p1":"Honkai Impact 3","p2":"A","format":"gen7ou","log":"|j|\u2606Honkai Impact 3\n|j|\u2606A\n|player|p1|Honkai Impact 3|2|1456\n|player|p2|A|clemont|1412\n|teamsize|p1|6\n|teamsize|p2|6\n|gametype|singles\n|gen|7\n|tier|[Gen 7] OU\n|rated|\n|clearpoke\n|poke|p1|Ferrothorn, F|item\n|poke|p1|Azumarill, M|item\n|poke|p1|Swampert, M|item\n|poke|p1|Pelipper, F|item\n|poke|p1|Tornadus-Therian, M|item\n|poke|p1|Greninja, M|item\n|poke|p2|Alakazam, M|item\n|poke|p2|Kadabra, F|item\n|poke|p2|Abra, M|item\n|poke|p2|Magnezone|item\n|poke|p2|Magnemite, L1|item\n|poke|p2|Magneton|item\n|rule|Sleep Clause Mod: Limit one foe put to sleep\n|rule|Species Clause: Limit one of each Pok\u00e9mon\n|rule|OHKO Clause: OHKO moves are banned\n|rule|Moody Clause: Moody is banned\n|rule|Evasion Moves Clause: Evasion moves are banned\n|rule|Endless Battle Clause: Forcing endless battles is banned\n|rule|HP Percentage Mod: HP is shown in percentages\n|teampreview\n|inactive|Battle timer is ON: inactive players will automatically lose when time's up. (requested by A)\n|\n|start\n|switch|p1a: Tornadus|Tornadus-Therian, M|100\/100\n|switch|p2a: Peesh Tii|Magnemite, L1, shiny|100\/100\n|turn|1\n|\n|move|p2a: Peesh Tii|Protect|p2a: Peesh Tii\n|-singleturn|p2a: Peesh Tii|Protect\n|move|p1a: Tornadus|Knock Off|p2a: Peesh Tii\n|-activate|p2a: Peesh Tii|move: Protect\n|\n|upkeep\n|turn|2\n|\n|move|p1a: Tornadus|Knock Off|p2a: Peesh Tii\n|-ability|p2a: Peesh Tii|Sturdy\n|-damage|p2a: Peesh Tii|9\/100\n|-enditem|p2a: Peesh Tii|Berry Juice|[from] move: Knock Off|[of] p1a: Tornadus\n|move|p2a: Peesh Tii|Toxic|p1a: Tornadus\n|-status|p1a: Tornadus|tox\n|\n|-damage|p1a: Tornadus|94\/100 tox|[from] psn\n|upkeep\n|turn|3\n|\n|move|p2a: Peesh Tii|Protect|p2a: Peesh Tii\n|-singleturn|p2a: Peesh Tii|Protect\n|move|p1a: Tornadus|U-turn|p2a: Peesh Tii\n|-activate|p2a: Peesh Tii|move: Protect\n|\n|-damage|p1a: Tornadus|82\/100 tox|[from] psn\n|upkeep\n|turn|4\n|\n|switch|p2a: Pish Tie|Magneton|100\/100\n|move|p1a: Tornadus|U-turn|p2a: Pish Tie\n|-resisted|p2a: Pish Tie\n|-damage|p2a: Pish Tie|89\/100\n|\n|switch|p1a: Greninja|Greninja, M|100\/100|[from]move: U-turn\n|\n|upkeep\n|turn|5\n|\n|move|p2a: Pish Tie|Thunderbolt|p1a: Greninja\n|-supereffective|p1a: Greninja\n|-damage|p1a: Greninja|0 fnt\n|faint|p1a: Greninja\n|\n|upkeep\n|\n|switch|p1a: Pelipper|Pelipper, F|100\/100\n|-weather|RainDance|[from] ability: Drizzle|[of] p1a: Pelipper\n|turn|6\n|\n|switch|p2a: Peesh Tii|Magnemite, L1, shiny|9\/100\n|switch|p1a: Swampert|Swampert, M|100\/100\n|\n|-weather|RainDance|[upkeep]\n|upkeep\n|turn|7\n|\n|move|p2a: Peesh Tii|Magic Coat|p2a: Peesh Tii\n|-singleturn|p2a: Peesh Tii|move: Magic Coat\n|move|p1a: Swampert|Waterfall|p2a: Peesh Tii\n|-damage|p2a: Peesh Tii|0 fnt\n|faint|p2a: Peesh Tii\n|\n|-weather|RainDance|[upkeep]\n|upkeep\n|\n|switch|p2a: Phish Tee|Kadabra, F|100\/100\n|turn|8\n|\n|move|p2a: Phish Tee|Energy Ball|p1a: Swampert\n|-supereffective|p1a: Swampert\n|-damage|p1a: Swampert|0 fnt\n|faint|p1a: Swampert\n|\n|-weather|RainDance|[upkeep]\n|upkeep\n|\n|switch|p1a: Azumarill|Azumarill, M|100\/100\n|turn|9\n|\n|move|p2a: Phish Tee|Thunder Wave|p1a: Azumarill\n|-status|p1a: Azumarill|par\n|move|p1a: Azumarill|Knock Off|p2a: Phish Tee\n|-supereffective|p2a: Phish Tee\n|-enditem|p2a: Phish Tee|Focus Sash\n|-damage|p2a: Phish Tee|1\/100\n|\n|-weather|RainDance|[upkeep]\n|upkeep\n|turn|10\n|inactive|Honkai Impact 3 has 120 seconds left.\n|j| d18l\n|\n|move|p1a: Azumarill|Aqua Jet|p2a: Phish Tee\n|-damage|p2a: Phish Tee|0 fnt\n|faint|p2a: Phish Tee\n|\n|-weather|RainDance|[upkeep]\n|upkeep\n|\n|switch|p2a: Quiant|Magnezone|100\/100\n|turn|11\n|l| d18l\n|\n|switch|p1a: Ferrothorn|Ferrothorn, F|100\/100\n|move|p2a: Quiant|Thunderbolt|p1a: Ferrothorn\n|-resisted|p1a: Ferrothorn\n|-damage|p1a: Ferrothorn|85\/100\n|\n|-weather|RainDance|[upkeep]\n|-heal|p1a: Ferrothorn|92\/100|[from] item: Leftovers\n|upkeep\n|turn|12\n|\n|move|p2a: Quiant|Hidden Power|p1a: Ferrothorn\n|-supereffective|p1a: Ferrothorn\n|-damage|p1a: Ferrothorn|67\/100\n|move|p1a: Ferrothorn|Leech Seed|p2a: Quiant\n|-start|p2a: Quiant|move: Leech Seed\n|\n|-weather|RainDance|[upkeep]\n|-heal|p1a: Ferrothorn|73\/100|[from] item: Leftovers\n|-damage|p2a: Quiant|88\/100|[from] Leech Seed|[of] p1a: Ferrothorn\n|-heal|p1a: Ferrothorn|85\/100|[silent]\n|upkeep\n|turn|13\n|\n|move|p2a: Quiant|Hidden Power|p1a: Ferrothorn\n|-supereffective|p1a: Ferrothorn\n|-damage|p1a: Ferrothorn|58\/100\n|move|p1a: Ferrothorn|Power Whip|p2a: Quiant\n|-resisted|p2a: Quiant\n|-damage|p2a: Quiant|72\/100\n|\n|-weather|none\n|-heal|p1a: Ferrothorn|64\/100|[from] item: Leftovers\n|-damage|p2a: Quiant|60\/100|[from] Leech Seed|[of] p1a: Ferrothorn\n|-heal|p1a: Ferrothorn|76\/100|[silent]\n|upkeep\n|turn|14\n|\n|move|p2a: Quiant|Hidden Power|p1a: Ferrothorn\n|-supereffective|p1a: Ferrothorn\n|-damage|p1a: Ferrothorn|16\/100\n|move|p1a: Ferrothorn|Power Whip|p2a: Quiant\n|-resisted|p2a: Quiant\n|-crit|p2a: Quiant\n|-damage|p2a: Quiant|32\/100\n|\n|-heal|p1a: Ferrothorn|22\/100|[from] item: Leftovers\n|-damage|p2a: Quiant|20\/100|[from] Leech Seed|[of] p1a: Ferrothorn\n|-heal|p1a: Ferrothorn|34\/100|[silent]\n|upkeep\n|turn|15\n|\n|move|p2a: Quiant|Hidden Power|p1a: Ferrothorn\n|-supereffective|p1a: Ferrothorn\n|-damage|p1a: Ferrothorn|0 fnt\n|faint|p1a: Ferrothorn\n|\n|upkeep\n|\n|switch|p1a: Azumarill|Azumarill, M|100\/100 par\n|turn|16\n|\n|move|p1a: Azumarill|Aqua Jet|p2a: Quiant\n|-damage|p2a: Quiant|0 fnt\n|faint|p2a: Quiant\n|\n|upkeep\n|\n|switch|p2a: Pish Tie|Magneton|89\/100\n|turn|17\n|\n|switch|p1a: Tornadus|Tornadus-Therian, M|100\/100 tox\n|move|p2a: Pish Tie|Thunderbolt|p1a: Tornadus\n|-supereffective|p1a: Tornadus\n|-damage|p1a: Tornadus|0 fnt\n|faint|p1a: Tornadus\n|\n|upkeep\n|\n|switch|p1a: Pelipper|Pelipper, F|100\/100\n|-weather|RainDance|[from] ability: Drizzle|[of] p1a: Pelipper\n|turn|18\n|\n|move|p2a: Pish Tie|Thunderbolt|p1a: Pelipper\n|-supereffective|p1a: Pelipper\n|-damage|p1a: Pelipper|0 fnt\n|faint|p1a: Pelipper\n|\n|-weather|RainDance|[upkeep]\n|upkeep\n|\n|switch|p1a: Azumarill|Azumarill, M|100\/100 par\n|turn|19\n|\n|cant|p1a: Azumarill|par\n|move|p2a: Pish Tie|Thunderbolt|p1a: Azumarill\n|-supereffective|p1a: Azumarill\n|-damage|p1a: Azumarill|0 fnt\n|faint|p1a: Azumarill\n|\n|win|A\n|c|\u2606A|gg\n|raw|Honkai Impact 3's rating: 1435 &rarr; <strong>1413<\/strong><br \/>(-22 for losing)\n|raw|A's rating: 1392 &rarr; <strong>1415<\/strong><br \/>(+23 for winning)\n","uploadtime":1590063212,"views":38,"p1id":"honkaiimpact3","p2id":"a","formatid":"gen7ou","rating":1413,"private":0,"password":null}