{"id":"gen7ubers-1488057907","p1":"Plasmeous","p2":"Cowsrule247","format":"gen7ubers","log":"|j|\u2606Plasmeous\n|j|\u2606Cowsrule247\n|t:|1641704069\n|gametype|singles\n|player|p1|Plasmeous|ltsurge|1366\n|player|p2|Cowsrule247|skyla|1480\n|teamsize|p1|6\n|teamsize|p2|6\n|gen|7\n|tier|[Gen 7] Ubers\n|rated|\n|rule|Sleep Clause Mod: Limit one foe put to sleep\n|rule|Species Clause: Limit one of each Pok\u00e9mon\n|rule|OHKO Clause: OHKO moves are banned\n|rule|Moody Clause: Moody is banned\n|rule|Evasion Moves Clause: Evasion moves are banned\n|rule|Endless Battle Clause: Forcing endless battles is banned\n|rule|HP Percentage Mod: HP is shown in percentages\n|rule|Mega Rayquaza Clause: You cannot mega evolve Rayquaza\n|clearpoke\n|poke|p1|Necrozma-Dusk-Mane|item\n|poke|p1|Xerneas|item\n|poke|p1|Salamence, F|item\n|poke|p1|Groudon|item\n|poke|p1|Excadrill, M|item\n|poke|p1|Arceus-*|item\n|poke|p2|Necrozma-Dusk-Mane|item\n|poke|p2|Deoxys-Speed|item\n|poke|p2|Xerneas|item\n|poke|p2|Arceus-*|item\n|poke|p2|Salamence, F|item\n|poke|p2|Groudon|item\n|teampreview\n|inactive|Battle timer is ON: inactive players will automatically lose when time's up. (requested by Plasmeous)\n|inactive|Cowsrule247 has 120 seconds left.\n|\n|t:|1641704107\n|start\n|switch|p1a: Salamence|Salamence, F|100\/100\n|switch|p2a: God|Arceus|100\/100\n|-ability|p1a: Salamence|Intimidate|boost\n|-unboost|p2a: God|atk|1\n|turn|1\n|\n|t:|1641704113\n|switch|p2a: Fast as f**k|Deoxys-Speed|100\/100\n|-ability|p2a: Fast as f**k|Pressure\n|detailschange|p1a: Salamence|Salamence-Mega, F\n|-mega|p1a: Salamence|Salamence|Salamencite\n|move|p1a: Salamence|Dragon Dance|p1a: Salamence\n|-boost|p1a: Salamence|atk|1\n|-boost|p1a: Salamence|spe|1\n|\n|upkeep\n|turn|2\n|\n|t:|1641704122\n|move|p1a: Salamence|Dragon Claw|p2a: Fast as f**k\n|-damage|p2a: Fast as f**k|7\/100\n|move|p2a: Fast as f**k|Taunt|p1a: Salamence\n|-start|p1a: Salamence|move: Taunt\n|\n|upkeep\n|turn|3\n|\n|t:|1641704134\n|switch|p2a: Give up|Xerneas|100\/100\n|-ability|p2a: Give up|Fairy Aura\n|move|p1a: Salamence|Earthquake|p2a: Give up\n|-damage|p2a: Give up|47\/100\n|\n|upkeep\n|turn|4\n|\n|t:|1641704146\n|switch|p2a: Fast as f**k|Deoxys-Speed|7\/100\n|-ability|p2a: Fast as f**k|Pressure\n|move|p1a: Salamence|Double-Edge|p2a: Fast as f**k\n|-damage|p2a: Fast as f**k|0 fnt\n|faint|p2a: Fast as f**k\n|-damage|p1a: Salamence|99\/100|[from] Recoil\n|\n|upkeep\n|\n|t:|1641704149\n|switch|p2a: God|Arceus|100\/100\n|turn|5\n|\n|t:|1641704160\n|move|p1a: Salamence|Double-Edge|p2a: God\n|-damage|p2a: God|13\/100\n|-damage|p1a: Salamence|60\/100|[from] Recoil\n|move|p2a: God|Swords Dance|p2a: God\n|-boost|p2a: God|atk|2\n|\n|-end|p1a: Salamence|move: Taunt\n|upkeep\n|turn|6\n|\n|t:|1641704168\n|move|p2a: God|Extreme Speed|p1a: Salamence\n|-damage|p1a: Salamence|0 fnt\n|faint|p1a: Salamence\n|\n|upkeep\n|\n|t:|1641704174\n|switch|p1a: Excadrill|Excadrill, M|100\/100\n|-ability|p1a: Excadrill|Mold Breaker\n|turn|7\n|\n|t:|1641704182\n|move|p2a: God|Extreme Speed|p1a: Excadrill\n|-resisted|p1a: Excadrill\n|-damage|p1a: Excadrill|34\/100\n|move|p1a: Excadrill|Iron Head|p2a: God\n|-damage|p2a: God|0 fnt\n|faint|p2a: God\n|\n|upkeep\n|\n|t:|1641704191\n|switch|p2a: Necrophobia|Necrozma-Dusk-Mane|100\/100\n|turn|8\n|inactive|Plasmeous has 120 seconds left.\n|l|\u2606Plasmeous\n|inactive|Plasmeous disconnected and has a minute to reconnect!\n|player|p1|\n|j|\u2606Plasmeous\n|inactive|Plasmeous reconnected and has 100 seconds left.\n|player|p1|Plasmeous|ltsurge\n|\n|t:|1641704249\n|detailschange|p2a: Necrophobia|Necrozma-Ultra\n|-burst|p2a: Necrophobia|Necrozma|Ultranecrozium Z\n|move|p2a: Necrophobia|Earthquake|p1a: Excadrill\n|-supereffective|p1a: Excadrill\n|-damage|p1a: Excadrill|0 fnt\n|faint|p1a: Excadrill\n|\n|upkeep\n|inactive|Plasmeous has 90 seconds left.\n|\n|t:|1641704263\n|switch|p1a: Xerneas|Xerneas|100\/100\n|-ability|p1a: Xerneas|Fairy Aura\n|turn|9\n|\n|t:|1641704268\n|-zpower|p2a: Necrophobia\n|move|p2a: Necrophobia|Light That Burns the Sky|p1a: Xerneas|[zeffect]\n|-damage|p1a: Xerneas|0 fnt\n|faint|p1a: Xerneas\n|\n|upkeep\n|\n|t:|1641704275\n|switch|p1a: Arceus|Arceus|100\/100\n|turn|10\n|\n|t:|1641704282\n|move|p2a: Necrophobia|Swords Dance|p2a: Necrophobia\n|-boost|p2a: Necrophobia|atk|2\n|move|p1a: Arceus|Shadow Claw|p2a: Necrophobia\n|-supereffective|p2a: Necrophobia\n|-damage|p2a: Necrophobia|46\/100\n|\n|upkeep\n|turn|11\n|\n|t:|1641704288\n|move|p2a: Necrophobia|Photon Geyser|p1a: Arceus\n|-damage|p1a: Arceus|7\/100\n|move|p1a: Arceus|Shadow Claw|p2a: Necrophobia\n|-supereffective|p2a: Necrophobia\n|-damage|p2a: Necrophobia|0 fnt\n|faint|p2a: Necrophobia\n|\n|upkeep\n|\n|t:|1641704298\n|switch|p2a: BloodSoakedCrecent|Salamence, F|100\/100\n|-ability|p2a: BloodSoakedCrecent|Intimidate|boost\n|-unboost|p1a: Arceus|atk|1\n|turn|12\n|\n|t:|1641704304\n|detailschange|p2a: BloodSoakedCrecent|Salamence-Mega, F\n|-mega|p2a: BloodSoakedCrecent|Salamence|Salamencite\n|move|p1a: Arceus|Extreme Speed|p2a: BloodSoakedCrecent\n|-damage|p2a: BloodSoakedCrecent|79\/100\n|move|p2a: BloodSoakedCrecent|Dragon Dance|p2a: BloodSoakedCrecent\n|-boost|p2a: BloodSoakedCrecent|atk|1\n|-boost|p2a: BloodSoakedCrecent|spe|1\n|\n|upkeep\n|turn|13\n|\n|t:|1641704311\n|move|p1a: Arceus|Extreme Speed|p2a: BloodSoakedCrecent\n|-damage|p2a: BloodSoakedCrecent|55\/100\n|move|p2a: BloodSoakedCrecent|Dragon Dance|p2a: BloodSoakedCrecent\n|-boost|p2a: BloodSoakedCrecent|atk|1\n|-boost|p2a: BloodSoakedCrecent|spe|1\n|\n|upkeep\n|turn|14\n|\n|t:|1641704317\n|move|p2a: BloodSoakedCrecent|Roost|p2a: BloodSoakedCrecent\n|-heal|p2a: BloodSoakedCrecent|100\/100\n|-singleturn|p2a: BloodSoakedCrecent|move: Roost\n|move|p1a: Arceus|Swords Dance|p1a: Arceus\n|-boost|p1a: Arceus|atk|2\n|\n|upkeep\n|turn|15\n|\n|t:|1641704325\n|move|p1a: Arceus|Extreme Speed|p2a: BloodSoakedCrecent\n|-damage|p2a: BloodSoakedCrecent|56\/100\n|move|p2a: BloodSoakedCrecent|Facade|p1a: Arceus\n|-damage|p1a: Arceus|0 fnt\n|faint|p1a: Arceus\n|\n|upkeep\n|\n|t:|1641704332\n|switch|p1a: Necrozma|Necrozma-Dusk-Mane|100\/100\n|turn|16\n|\n|t:|1641704339\n|move|p2a: BloodSoakedCrecent|Double-Edge|p1a: Necrozma\n|-resisted|p1a: Necrozma\n|-damage|p1a: Necrozma|32\/100\n|-damage|p2a: BloodSoakedCrecent|34\/100|[from] Recoil\n|-zpower|p1a: Necrozma\n|move|p1a: Necrozma|Searing Sunraze Smash|p2a: BloodSoakedCrecent|[zeffect]\n|-damage|p2a: BloodSoakedCrecent|0 fnt\n|faint|p2a: BloodSoakedCrecent\n|\n|upkeep\n|\n|t:|1641704349\n|switch|p2a: Amaterasu|Groudon, shiny|100\/100\n|detailschange|p2a: Amaterasu|Groudon-Primal, shiny\n|-primal|p2a: Amaterasu\n|-weather|DesolateLand|[from] ability: Desolate Land|[of] p2a: Amaterasu\n|turn|17\n|\n|t:|1641704357\n|move|p1a: Necrozma|Earthquake|p2a: Amaterasu\n|-supereffective|p2a: Amaterasu\n|-damage|p2a: Amaterasu|44\/100\n|move|p2a: Amaterasu|Precipice Blades|p1a: Necrozma\n|-supereffective|p1a: Necrozma\n|-damage|p1a: Necrozma|0 fnt\n|faint|p1a: Necrozma\n|\n|-weather|DesolateLand|[upkeep]\n|upkeep\n|\n|t:|1641704365\n|switch|p1a: Groudon|Groudon|100\/100\n|detailschange|p1a: Groudon|Groudon-Primal\n|-primal|p1a: Groudon\n|turn|18\n|\n|t:|1641704369\n|move|p1a: Groudon|Precipice Blades|p2a: Amaterasu\n|-supereffective|p2a: Amaterasu\n|-damage|p2a: Amaterasu|0 fnt\n|faint|p2a: Amaterasu\n|\n|-weather|DesolateLand|[upkeep]\n|upkeep\n|\n|t:|1641704372\n|switch|p2a: Give up|Xerneas|47\/100\n|-ability|p2a: Give up|Fairy Aura\n|turn|19\n|\n|t:|1641704377\n|move|p2a: Give up|Geomancy||[still]\n|-prepare|p2a: Give up|Geomancy\n|-enditem|p2a: Give up|Power Herb\n|-anim|p2a: Give up|Geomancy|p2a: Give up\n|-boost|p2a: Give up|spa|2\n|-boost|p2a: Give up|spd|2\n|-boost|p2a: Give up|spe|2\n|move|p1a: Groudon|Precipice Blades|p2a: Give up\n|-damage|p2a: Give up|0 fnt\n|faint|p2a: Give up\n|\n|win|Plasmeous\n|raw|Plasmeous's rating: 1366 &rarr; <strong>1392<\/strong><br \/>(+26 for winning)\n|raw|Cowsrule247's rating: 1480 &rarr; <strong>1454<\/strong><br \/>(-26 for losing)\n|c|\u2606Plasmeous|gg wp\n|c|\u2606Cowsrule247|Gg\n","uploadtime":1641704392,"views":4,"p1id":"plasmeous","p2id":"cowsrule247","formatid":"gen7ubers","rating":1392,"private":0,"password":null}