{"id":"gen7ou-591039598","p1":"soukoune","p2":"I'm back from mars","format":"gen7ou","log":"|j|soukoune\n|j|I'm back from mars\n|inactive|Battle timer is ON: inactive players will automatically lose when time's up.\n|player|p1|soukoune|265\n|teamsize|p1|6\n|player|p2|I'm back from mars|128\n|teamsize|p2|6\n|gametype|singles\n|gen|7\n|tier|[Gen 7] OU\n|seed|52508,51208,36983,18347\n|clearpoke\n|poke|p1|Mew|item\n|poke|p1|Venusaur, F|item\n|poke|p1|Tapu Fini|item\n|poke|p1|Magearna|item\n|poke|p1|Landorus-Therian, M|item\n|poke|p1|Weavile, F|item\n|poke|p2|Alomomola, F|item\n|poke|p2|Tangrowth, M|item\n|poke|p2|Mantine, M, shiny|item\n|poke|p2|Bronzong|item\n|poke|p2|Landorus-Therian, M|item\n|poke|p2|Mew|item\n|rule|Sleep Clause Mod: Limit one foe put to sleep\n|rule|Species Clause: Limit one of each Pok\u00e9mon\n|rule|OHKO Clause: OHKO moves are banned\n|rule|Moody Clause: Moody is banned\n|rule|Evasion Moves Clause: Evasion moves are banned\n|rule|Endless Battle Clause: Forcing endless battles is banned\n|rule|HP Percentage Mod: HP is shown in percentages\n|teampreview\n|j|avsla\n|j|efnkefn3r3\n|l|efnkefn3r3\n|choice|team 6, team 2, team 3, team 4, team 5, team 1|team 4, team 2, team 3, team 1, team 5, team 6\n|\n|start\n|switch|p1a: Weavile|Weavile, F|281\/281\n|switch|p2a: Bronzong|Bronzong|338\/338\n|-ability|p1a: Weavile|Pressure\n|turn|1\n|choice|move knockoff|move protect\n|\n|move|p2a: Bronzong|Protect|p2a: Bronzong\n|-singleturn|p2a: Bronzong|Protect\n|move|p1a: Weavile|Knock Off|p2a: Bronzong\n|-activate|p2a: Bronzong|move: Protect\n|\n|upkeep\n|turn|2\n|choice|move knockoff|switch 4\n|\n|switch|p2a: Alomomola|Alomomola, F|481\/481\n|move|p1a: Weavile|Knock Off|p2a: Alomomola\n|-damage|p2a: Alomomola|296\/481\n|-enditem|p2a: Alomomola|Leftovers|[from] move: Knock Off|[of] p1a: Weavile\n|-damage|p1a: Weavile|253\/281|[from] item: Life Orb\n|\n|upkeep\n|turn|3\n|choice|switch 3|move wish\n|\n|switch|p1a: Tapu Fini|Tapu Fini|343\/343\n|-fieldstart|move: Misty Terrain|[from] ability: Misty Surge|[of] p1a: Tapu Fini\n|move|p2a: Alomomola|Wish|p2a: Alomomola\n|\n|upkeep\n|turn|4\n|choice|move taunt|switch 2\n|\n|switch|p2a: Tangrowth|Tangrowth, M|404\/404\n|move|p1a: Tapu Fini|Taunt|p2a: Tangrowth\n|-start|p2a: Tangrowth|move: Taunt\n|\n|upkeep\n|turn|5\n|choice|switch 2|move knockoff\n|\n|switch|p1a: Venusaur|Venusaur, F|363\/363\n|move|p2a: Tangrowth|Knock Off|p1a: Venusaur\n|-damage|p1a: Venusaur|308\/363\n|\n|upkeep\n|turn|6\n|choice|switch 3|switch 4\n|\n|switch|p1a: Weavile|Weavile, F|253\/281\n|-ability|p1a: Weavile|Pressure\n|switch|p2a: Bronzong|Bronzong|338\/338\n|\n|upkeep\n|turn|7\n|j|Bloody alfa\n|choice|move knockoff|switch 2\n|\n|switch|p2a: Alomomola|Alomomola, F|456\/481\n|move|p1a: Weavile|Knock Off|p2a: Alomomola\n|-damage|p2a: Alomomola|342\/481\n|-damage|p1a: Weavile|225\/281|[from] item: Life Orb\n|\n|-fieldend|Misty Terrain\n|upkeep\n|turn|8\n|choice|switch 2|switch 2\n|\n|switch|p1a: Tapu Fini|Tapu Fini|343\/343\n|-fieldstart|move: Misty Terrain|[from] ability: Misty Surge|[of] p1a: Tapu Fini\n|switch|p2a: Bronzong|Bronzong|338\/338\n|\n|upkeep\n|turn|9\n|choice|move taunt|switch 4\n|\n|switch|p2a: Tangrowth|Tangrowth, M|404\/404\n|move|p1a: Tapu Fini|Taunt|p2a: Tangrowth\n|-start|p2a: Tangrowth|move: Taunt\n|\n|upkeep\n|turn|10\n|choice|switch 3|switch 4\n|\n|switch|p1a: Venusaur|Venusaur, F|308\/363\n|switch|p2a: Bronzong|Bronzong|338\/338\n|\n|upkeep\n|turn|11\n|choice|switch 3|move stealthrock\n|\n|switch|p1a: Tapu Fini|Tapu Fini|343\/343\n|move|p2a: Bronzong|Stealth Rock|p1a: Tapu Fini\n|-sidestart|p1: soukoune|move: Stealth Rock\n|\n|upkeep\n|turn|12\n|choice|move defog|move stealthrock\n|\n|move|p1a: Tapu Fini|Defog|p2a: Bronzong\n|-unboost|p2a: Bronzong|evasion|1\n|-sideend|p1: soukoune|Stealth Rock|[from] move: Defog|[of] p1a: Tapu Fini\n|move|p2a: Bronzong|Stealth Rock|p1a: Tapu Fini\n|-sidestart|p1: soukoune|move: Stealth Rock\n|\n|-fieldend|Misty Terrain\n|upkeep\n|turn|13\n|choice|move defog|switch 4\n|\n|switch|p2a: Tangrowth|Tangrowth, M|404\/404\n|move|p1a: Tapu Fini|Defog|p2a: Tangrowth\n|-unboost|p2a: Tangrowth|evasion|1\n|-sideend|p1: soukoune|Stealth Rock|[from] move: Defog|[of] p1a: Tapu Fini\n|\n|upkeep\n|turn|14\n|choice|switch 4|switch 4\n|\n|switch|p1a: Magearna|Magearna|361\/361\n|switch|p2a: Bronzong|Bronzong|338\/338\n|\n|upkeep\n|turn|15\n|choice|move voltswitch|move stealthrock\n|\n|move|p1a: Magearna|Volt Switch|p2a: Bronzong\n|-damage|p2a: Bronzong|263\/338\n|choice|switch 4|\n|\n|switch|p1a: Tapu Fini|Tapu Fini|343\/343\n|-fieldstart|move: Misty Terrain|[from] ability: Misty Surge|[of] p1a: Tapu Fini\n|move|p2a: Bronzong|Stealth Rock|p1a: Tapu Fini\n|-sidestart|p1: soukoune|move: Stealth Rock\n|\n|-heal|p2a: Bronzong|284\/338|[from] item: Leftovers\n|upkeep\n|turn|16\n|choice|move taunt|move protect\n|\n|move|p2a: Bronzong|Protect|p2a: Bronzong\n|-singleturn|p2a: Bronzong|Protect\n|move|p1a: Tapu Fini|Taunt|p2a: Bronzong\n|-activate|p2a: Bronzong|move: Protect\n|\n|-heal|p2a: Bronzong|305\/338|[from] item: Leftovers\n|upkeep\n|turn|17\n|choice|move taunt|move stealthrock\n|\n|move|p1a: Tapu Fini|Taunt|p2a: Bronzong\n|-start|p2a: Bronzong|move: Taunt\n|cant|p2a: Bronzong|move: Taunt|Stealth Rock\n|\n|-heal|p2a: Bronzong|326\/338|[from] item: Leftovers\n|upkeep\n|turn|18\n|choice|move defog|switch 4\n|\n|switch|p2a: Tangrowth|Tangrowth, M|404\/404\n|move|p1a: Tapu Fini|Defog|p2a: Tangrowth\n|-unboost|p2a: Tangrowth|evasion|1\n|-sideend|p1: soukoune|Stealth Rock|[from] move: Defog|[of] p1a: Tapu Fini\n|\n|upkeep\n|turn|19\n|choice|switch 3|move knockoff\n|\n|switch|p1a: Venusaur|Venusaur, F|308\/363\n|move|p2a: Tangrowth|Knock Off|p1a: Venusaur\n|-damage|p1a: Venusaur|249\/363\n|\n|-fieldend|Misty Terrain\n|upkeep\n|turn|20\n|choice|move hiddenpower mega|switch 4\n|\n|switch|p2a: Bronzong|Bronzong|326\/338\n|detailschange|p1a: Venusaur|Venusaur-Mega, F\n|-mega|p1a: Venusaur|Venusaur|Venusaurite\n|move|p1a: Venusaur|Hidden Power|p2a: Bronzong\n|-supereffective|p2a: Bronzong\n|-damage|p2a: Bronzong|242\/338\n|\n|-heal|p2a: Bronzong|263\/338|[from] item: Leftovers\n|upkeep\n|turn|21\n|choice|switch 3|move stealthrock\n|\n|switch|p1a: Tapu Fini|Tapu Fini|343\/343\n|-fieldstart|move: Misty Terrain|[from] ability: Misty Surge|[of] p1a: Tapu Fini\n|move|p2a: Bronzong|Stealth Rock|p1a: Tapu Fini\n|-sidestart|p1: soukoune|move: Stealth Rock\n|\n|-heal|p2a: Bronzong|284\/338|[from] item: Leftovers\n|upkeep\n|turn|22\n|choice|move defog|move protect\n|\n|move|p2a: Bronzong|Protect|p2a: Bronzong\n|-singleturn|p2a: Bronzong|Protect\n|move|p1a: Tapu Fini|Defog|p2a: Bronzong\n|-activate|p2a: Bronzong|move: Protect\n|\n|-heal|p2a: Bronzong|305\/338|[from] item: Leftovers\n|upkeep\n|turn|23\n|choice|move defog|switch 4\n|\n|switch|p2a: Tangrowth|Tangrowth, M|404\/404\n|move|p1a: Tapu Fini|Defog|p2a: Tangrowth\n|-unboost|p2a: Tangrowth|evasion|1\n|-sideend|p1: soukoune|Stealth Rock|[from] move: Defog|[of] p1a: Tapu Fini\n|\n|upkeep\n|turn|24\n|choice|switch 6|switch 4\n|\n|switch|p1a: Mew|Mew|401\/401\n|switch|p2a: Bronzong|Bronzong|305\/338\n|\n|-heal|p2a: Bronzong|326\/338|[from] item: Leftovers\n|upkeep\n|turn|25\n|choice|move stealthrock|switch 2\n|\n|switch|p2a: Alomomola|Alomomola, F|481\/481\n|move|p1a: Mew|Stealth Rock|p2a: Alomomola\n|-sidestart|p2: I'm back from mars|move: Stealth Rock\n|\n|-fieldend|Misty Terrain\n|upkeep\n|turn|26\n|l|avsla\n|choice|switch 6|move wish\n|\n|switch|p1a: Tapu Fini|Tapu Fini|343\/343\n|-fieldstart|move: Misty Terrain|[from] ability: Misty Surge|[of] p1a: Tapu Fini\n|move|p2a: Alomomola|Wish|p2a: Alomomola\n|\n|upkeep\n|turn|27\n|choice|switch 2|switch 4\n|\n|switch|p1a: Weavile|Weavile, F|225\/281\n|-ability|p1a: Weavile|Pressure\n|switch|p2a: Tangrowth|Tangrowth, M|404\/404\n|-damage|p2a: Tangrowth|354\/404|[from] Stealth Rock\n|\n|-heal|p2a: Tangrowth|404\/404|[from] move: Wish|[wisher] Alomomola\n|upkeep\n|turn|28\n|choice|move knockoff|switch 4\n|\n|switch|p2a: Alomomola|Alomomola, F|481\/481\n|-damage|p2a: Alomomola|421\/481|[from] Stealth Rock\n|move|p1a: Weavile|Knock Off|p2a: Alomomola\n|-damage|p2a: Alomomola|295\/481\n|-damage|p1a: Weavile|197\/281|[from] item: Life Orb\n|\n|upkeep\n|turn|29\n|choice|move pursuit|move wish\n|\n|move|p1a: Weavile|Pursuit|p2a: Alomomola\n|-damage|p2a: Alomomola|217\/481\n|-damage|p1a: Weavile|169\/281|[from] item: Life Orb\n|move|p2a: Alomomola|Wish|p2a: Alomomola\n|\n|upkeep\n|turn|30\n|c|\u2606I'm back from mars|what\n|c|\u2606soukoune|missclick\n|c|\u2606I'm back from mars|did you missclick three times in a row when i had zong vs weav\n|choice|switch 2|move scald\n|\n|switch|p1a: Tapu Fini|Tapu Fini|343\/343\n|move|p2a: Alomomola|Scald|p1a: Tapu Fini\n|-resisted|p1a: Tapu Fini\n|-damage|p1a: Tapu Fini|324\/343\n|\n|-heal|p2a: Alomomola|457\/481|[from] move: Wish|[wisher] Alomomola\n|-heal|p1a: Tapu Fini|343\/343|[from] item: Leftovers\n|-fieldend|Misty Terrain\n|upkeep\n|turn|31\n|choice|move moonblast|move scald\n|\n|move|p1a: Tapu Fini|Moonblast|p2a: Alomomola\n|-damage|p2a: Alomomola|330\/481\n|-unboost|p2a: Alomomola|spa|1\n|move|p2a: Alomomola|Scald|p1a: Tapu Fini\n|-resisted|p1a: Tapu Fini\n|-damage|p1a: Tapu Fini|330\/343\n|-status|p1a: Tapu Fini|brn\n|\n|-heal|p1a: Tapu Fini|343\/343 brn|[from] item: Leftovers\n|-damage|p1a: Tapu Fini|322\/343 brn|[from] brn\n|upkeep\n|turn|32\n|choice|switch 2|switch 4\n|\n|switch|p1a: Weavile|Weavile, F|169\/281\n|-ability|p1a: Weavile|Pressure\n|switch|p2a: Tangrowth|Tangrowth, M|404\/404\n|-damage|p2a: Tangrowth|354\/404|[from] Stealth Rock\n|\n|upkeep\n|turn|33\n|choice|switch 4|switch 4\n|\n|switch|p1a: Magearna|Magearna|361\/361\n|switch|p2a: Alomomola|Alomomola, F|481\/481\n|-damage|p2a: Alomomola|421\/481|[from] Stealth Rock\n|\n|upkeep\n|turn|34\n|choice|move fleurcannon|move wish\n|\n|move|p1a: Magearna|Fleur Cannon|p2a: Alomomola\n|-damage|p2a: Alomomola|112\/481\n|-unboost|p1a: Magearna|spa|2\n|move|p2a: Alomomola|Wish|p2a: Alomomola\n|\n|upkeep\n|turn|35\n|choice|move voltswitch|switch 6\n|\n|switch|p2a: Mew|Mew|401\/401\n|-damage|p2a: Mew|351\/401|[from] Stealth Rock\n|move|p1a: Magearna|Volt Switch|p2a: Mew\n|-damage|p2a: Mew|311\/401\n|choice|switch 4|\n|\n|switch|p1a: Weavile|Weavile, F|169\/281\n|-ability|p1a: Weavile|Pressure\n|\n|-heal|p2a: Mew|401\/401|[from] move: Wish|[wisher] Alomomola\n|upkeep\n|turn|36\n|choice|move knockoff|move willowisp\n|\n|move|p1a: Weavile|Knock Off|p2a: Mew\n|-supereffective|p2a: Mew\n|-damage|p2a: Mew|42\/401\n|-enditem|p2a: Mew|Leftovers|[from] move: Knock Off|[of] p1a: Weavile\n|-damage|p1a: Weavile|141\/281|[from] item: Life Orb\n|move|p2a: Mew|Will-O-Wisp|p1a: Weavile\n|-status|p1a: Weavile|brn\n|\n|-damage|p1a: Weavile|124\/281 brn|[from] brn\n|upkeep\n|turn|37\n|choice|move pursuit|move softboiled\n|\n|move|p1a: Weavile|Pursuit|p2a: Mew\n|-supereffective|p2a: Mew\n|-damage|p2a: Mew|0 fnt\n|-damage|p1a: Weavile|96\/281 brn|[from] item: Life Orb\n|faint|p2a: Mew\n|\n|-damage|p1a: Weavile|79\/281 brn|[from] brn\n|upkeep\n|choice||switch 6\n|\n|switch|p2a: Alomomola|Alomomola, F|272\/481\n|-damage|p2a: Alomomola|212\/481|[from] Stealth Rock\n|turn|38\n|choice|switch 3|switch 4\n|\n|switch|p1a: Venusaur|Venusaur-Mega, F|249\/363\n|switch|p2a: Tangrowth|Tangrowth, M|404\/404\n|-damage|p2a: Tangrowth|354\/404|[from] Stealth Rock\n|\n|upkeep\n|turn|39\n|choice|switch 3|switch 3\n|\n|switch|p1a: Weavile|Weavile, F|79\/281 brn\n|-ability|p1a: Weavile|Pressure\n|switch|p2a: Mantine|Mantine, M, shiny|374\/374\n|-damage|p2a: Mantine|281\/374|[from] Stealth Rock\n|\n|-heal|p2a: Mantine|304\/374|[from] item: Leftovers\n|-damage|p1a: Weavile|62\/281 brn|[from] brn\n|upkeep\n|turn|40\n|choice|move knockoff|switch 4\n|\n|switch|p2a: Alomomola|Alomomola, F|372\/481\n|-damage|p2a: Alomomola|312\/481|[from] Stealth Rock\n|move|p1a: Weavile|Knock Off|p2a: Alomomola\n|-damage|p2a: Alomomola|252\/481\n|-damage|p1a: Weavile|34\/281 brn|[from] item: Life Orb\n|\n|-damage|p1a: Weavile|17\/281 brn|[from] brn\n|upkeep\n|turn|41\n|choice|move iceshard|move wish\n|\n|move|p1a: Weavile|Ice Shard|p2a: Alomomola\n|-resisted|p2a: Alomomola\n|-damage|p2a: Alomomola|234\/481\n|-damage|p1a: Weavile|0 fnt|[from] item: Life Orb\n|faint|p1a: Weavile\n|move|p2a: Alomomola|Wish|p2a: Alomomola\n|\n|upkeep\n|choice|switch 4|\n|\n|switch|p1a: Magearna|Magearna|361\/361\n|turn|42\n|choice|move voltswitch|move protect\n|\n|move|p2a: Alomomola|Protect|p2a: Alomomola\n|-singleturn|p2a: Alomomola|Protect\n|move|p1a: Magearna|Volt Switch|p2a: Alomomola\n|-activate|p2a: Alomomola|move: Protect\n|\n|-heal|p2a: Alomomola|474\/481|[from] move: Wish|[wisher] Alomomola\n|upkeep\n|turn|43\n|choice|move fleurcannon|move scald\n|\n|move|p1a: Magearna|Fleur Cannon|p2a: Alomomola\n|-damage|p2a: Alomomola|170\/481\n|-unboost|p1a: Magearna|spa|2\n|move|p2a: Alomomola|Scald|p1a: Magearna\n|-damage|p1a: Magearna|334\/361\n|\n|upkeep\n|turn|44\n|choice|switch 2|switch 5\n|\n|switch|p1a: Tapu Fini|Tapu Fini|322\/343 brn\n|-fieldstart|move: Misty Terrain|[from] ability: Misty Surge|[of] p1a: Tapu Fini\n|switch|p2a: Landorus|Landorus-Therian, M|319\/319\n|-damage|p2a: Landorus|280\/319|[from] Stealth Rock\n|-ability|p2a: Landorus|Intimidate|boost\n|-unboost|p1a: Tapu Fini|atk|1\n|\n|-heal|p2a: Landorus|299\/319|[from] item: Leftovers\n|-heal|p1a: Tapu Fini|343\/343 brn|[from] item: Leftovers\n|-damage|p1a: Tapu Fini|322\/343 brn|[from] brn\n|upkeep\n|turn|45\n|choice|move scald|switch 3\n|\n|switch|p2a: Tangrowth|Tangrowth, M|404\/404\n|-damage|p2a: Tangrowth|354\/404|[from] Stealth Rock\n|move|p1a: Tapu Fini|Scald|p2a: Tangrowth\n|-resisted|p2a: Tangrowth\n|-crit|p2a: Tangrowth\n|-damage|p2a: Tangrowth|301\/404\n|\n|-heal|p1a: Tapu Fini|343\/343 brn|[from] item: Leftovers\n|-damage|p1a: Tapu Fini|322\/343 brn|[from] brn\n|upkeep\n|turn|46\n|j|AtonFenix\n|choice|switch 5|switch 4\n|\n|switch|p1a: Landorus|Landorus-Therian, M|319\/319\n|-ability|p1a: Landorus|Intimidate|boost\n|-unboost|p2a: Tangrowth|atk|1\n|switch|p2a: Mantine|Mantine, M, shiny|304\/374\n|-damage|p2a: Mantine|211\/374|[from] Stealth Rock\n|\n|-heal|p2a: Mantine|234\/374|[from] item: Leftovers\n|upkeep\n|turn|47\n|choice|move knockoff|switch 2\n|\n|switch|p2a: Bronzong|Bronzong|326\/338\n|-damage|p2a: Bronzong|305\/338|[from] Stealth Rock\n|move|p1a: Landorus|Knock Off|p2a: Bronzong\n|-supereffective|p2a: Bronzong\n|-damage|p2a: Bronzong|113\/338\n|-enditem|p2a: Bronzong|Leftovers|[from] move: Knock Off|[of] p1a: Landorus\n|\n|upkeep\n|turn|48\n|choice|move knockoff|move stealthrock\n|\n|move|p1a: Landorus|Knock Off|p2a: Bronzong\n|-supereffective|p2a: Bronzong\n|-damage|p2a: Bronzong|0 fnt\n|faint|p2a: Bronzong\n|\n|-fieldend|Misty Terrain\n|upkeep\n|j|killwizard1588\n|choice||switch 2\n|\n|switch|p2a: Mantine|Mantine, M, shiny|234\/374\n|-damage|p2a: Mantine|141\/374|[from] Stealth Rock\n|turn|49\n|j|Shiku\n|choice|move knockoff|move roost\n|\n|move|p1a: Landorus|Knock Off|p2a: Mantine\n|-damage|p2a: Mantine|23\/374\n|-enditem|p2a: Mantine|Leftovers|[from] move: Knock Off|[of] p1a: Landorus\n|move|p2a: Mantine|Roost|p2a: Mantine\n|-heal|p2a: Mantine|210\/374\n|\n|upkeep\n|turn|50\n|choice|switch 5|move defog\n|\n|switch|p1a: Tapu Fini|Tapu Fini|322\/343 brn\n|-fieldstart|move: Misty Terrain|[from] ability: Misty Surge|[of] p1a: Tapu Fini\n|move|p2a: Mantine|Defog|p1a: Tapu Fini\n|-unboost|p1a: Tapu Fini|evasion|1\n|-sideend|p2: I'm back from mars|Stealth Rock|[from] move: Defog|[of] p2a: Mantine\n|\n|-heal|p1a: Tapu Fini|343\/343 brn|[from] item: Leftovers\n|-damage|p1a: Tapu Fini|322\/343 brn|[from] brn\n|upkeep\n|turn|51\n|choice|move taunt|switch 4\n|\n|switch|p2a: Tangrowth|Tangrowth, M|404\/404\n|move|p1a: Tapu Fini|Taunt|p2a: Tangrowth\n|-start|p2a: Tangrowth|move: Taunt\n|\n|-heal|p1a: Tapu Fini|343\/343 brn|[from] item: Leftovers\n|-damage|p1a: Tapu Fini|322\/343 brn|[from] brn\n|upkeep\n|turn|52\n|choice|switch 3|switch 3\n|\n|switch|p1a: Venusaur|Venusaur-Mega, F|249\/363\n|switch|p2a: Landorus|Landorus-Therian, M|299\/319\n|-ability|p2a: Landorus|Intimidate|boost\n|-unboost|p1a: Venusaur|atk|1\n|\n|-heal|p2a: Landorus|318\/319|[from] item: Leftovers\n|upkeep\n|turn|53\n|choice|switch 6|move earthquake\n|\n|switch|p1a: Mew|Mew|401\/401\n|move|p2a: Landorus|Earthquake|p1a: Mew\n|-damage|p1a: Mew|229\/401\n|\n|-heal|p2a: Landorus|319\/319|[from] item: Leftovers\n|-heal|p1a: Mew|254\/401|[from] item: Leftovers\n|upkeep\n|turn|54\n|choice|move icebeam|move substitute\n|\n|move|p2a: Landorus|Substitute|p2a: Landorus\n|-start|p2a: Landorus|Substitute\n|-damage|p2a: Landorus|240\/319\n|move|p1a: Mew|Ice Beam|p2a: Landorus\n|-supereffective|p2a: Landorus\n|-end|p2a: Landorus|Substitute\n|\n|-heal|p2a: Landorus|259\/319|[from] item: Leftovers\n|-heal|p1a: Mew|279\/401|[from] item: Leftovers\n|-fieldend|Misty Terrain\n|upkeep\n|turn|55\n|-message|I'm back from mars forfeited.\n|\n|win|soukoune\n|l|I'm back from mars","inputlog":null,"uploadtime":1497537017,"views":18,"p1id":"soukoune","p2id":"imbackfrommars","formatid":"gen7ou","rating":0,"private":0,"password":null}