{"id":"gen7uu-775859350","p1":"Del chef","p2":"HeatingAss","format":"gen7uu","log":"|j|\u2606Del chef\n|j|\u2606HeatingAss\n|player|p1|Del chef|265\n|player|p2|HeatingAss|109\n|teamsize|p1|6\n|teamsize|p2|6\n|gametype|singles\n|gen|7\n|tier|[Gen 7] UU\n|rated|\n|rule|Sleep Clause Mod: Limit one foe put to sleep\n|rule|Species Clause: Limit one of each Pok\u00e9mon\n|rule|OHKO Clause: OHKO moves are banned\n|rule|Moody Clause: Moody is banned\n|rule|Evasion Moves Clause: Evasion moves are banned\n|rule|Endless Battle Clause: Forcing endless battles is banned\n|rule|HP Percentage Mod: HP is shown in percentages\n|clearpoke\n|poke|p1|Hippowdon, M|item\n|poke|p1|Gliscor, M|item\n|poke|p1|Serperior, M|item\n|poke|p1|Aerodactyl, M|item\n|poke|p1|Tentacruel, M|item\n|poke|p1|Hydreigon, F|item\n|poke|p2|Heracross, M|item\n|poke|p2|Sharpedo, M|item\n|poke|p2|Klefki, F|item\n|poke|p2|Chandelure, F|item\n|poke|p2|Latias, F|item\n|poke|p2|Gliscor, M|item\n|teampreview\n|\n|start\n|switch|p1a: Hippowdon|Hippowdon, M|100\/100\n|switch|p2a: Gliscor|Gliscor, M|100\/100\n|-weather|Sandstorm|[from] ability: Sand Stream|[of] p1a: Hippowdon\n|turn|1\n|\n|move|p2a: Gliscor|Stealth Rock|p1a: Hippowdon\n|-sidestart|p1: Del chef|move: Stealth Rock\n|move|p1a: Hippowdon|Stealth Rock|p2a: Gliscor\n|-sidestart|p2: HeatingAss|move: Stealth Rock\n|\n|-weather|Sandstorm|[upkeep]\n|-status|p2a: Gliscor|tox|[from] item: Toxic Orb\n|upkeep\n|turn|2\n|\n|move|p2a: Gliscor|U-turn|p1a: Hippowdon\n|-damage|p1a: Hippowdon|90\/100\n|\n|switch|p2a: Klefki|Klefki, F|100\/100\n|-damage|p2a: Klefki|95\/100|[from] Stealth Rock\n|move|p1a: Hippowdon|Whirlwind|p2a: Klefki\n|drag|p2a: Heracross|Heracross, M|100\/100\n|-damage|p2a: Heracross|88\/100|[from] Stealth Rock\n|\n|-weather|Sandstorm|[upkeep]\n|-damage|p2a: Heracross|82\/100|[from] Sandstorm\n|-heal|p1a: Hippowdon|97\/100|[from] item: Leftovers\n|-status|p2a: Heracross|brn|[from] item: Flame Orb\n|upkeep\n|turn|3\n|\n|move|p2a: Heracross|Facade|p1a: Hippowdon\n|-damage|p1a: Hippowdon|49\/100\n|move|p1a: Hippowdon|Whirlwind|p2a: Heracross\n|drag|p2a: Chandelure|Chandelure, F|100\/100\n|-damage|p2a: Chandelure|76\/100|[from] Stealth Rock\n|\n|-weather|Sandstorm|[upkeep]\n|-damage|p2a: Chandelure|69\/100|[from] Sandstorm\n|-heal|p1a: Hippowdon|56\/100|[from] item: Leftovers\n|upkeep\n|turn|4\n|\n|move|p2a: Chandelure|Shadow Ball|p1a: Hippowdon\n|-damage|p1a: Hippowdon|0 fnt\n|faint|p1a: Hippowdon\n|\n|-weather|Sandstorm|[upkeep]\n|-damage|p2a: Chandelure|63\/100|[from] Sandstorm\n|upkeep\n|inactive|Battle timer is ON: inactive players will automatically lose when time's up. (requested by HeatingAss)\n|inactive|Del chef has 135 seconds left.\n|\n|switch|p1a: Tentacruel|Tentacruel, M|100\/100\n|-damage|p1a: Tentacruel|88\/100|[from] Stealth Rock\n|turn|5\n|inactive|HeatingAss has 135 seconds left.\n|\n|move|p2a: Chandelure|Shadow Ball|p1a: Tentacruel\n|-damage|p1a: Tentacruel|39\/100\n|move|p1a: Tentacruel|Rapid Spin|p2a: Chandelure\n|-immune|p2a: Chandelure|[msg]\n|\n|-weather|none\n|-heal|p1a: Tentacruel|45\/100|[from] item: Black Sludge\n|upkeep\n|turn|6\n|\n|switch|p1a: Hydreigon|Hydreigon, F|100\/100\n|-damage|p1a: Hydreigon|88\/100|[from] Stealth Rock\n|move|p2a: Chandelure|Shadow Ball|p1a: Hydreigon\n|-resisted|p1a: Hydreigon\n|-damage|p1a: Hydreigon|51\/100\n|\n|upkeep\n|turn|7\n|\n|switch|p2a: Klefki|Klefki, F|95\/100\n|-damage|p2a: Klefki|89\/100|[from] Stealth Rock\n|move|p1a: Hydreigon|Earth Power|p2a: Klefki\n|-supereffective|p2a: Klefki\n|-damage|p2a: Klefki|34\/100\n|\n|-heal|p2a: Klefki|40\/100|[from] item: Leftovers\n|upkeep\n|turn|8\n|\n|move|p2a: Klefki|Magnet Rise|p2a: Klefki\n|-start|p2a: Klefki|Magnet Rise\n|move|p1a: Hydreigon|Earth Power|p2a: Klefki\n|-immune|p2a: Klefki|[msg]\n|\n|-heal|p2a: Klefki|46\/100|[from] item: Leftovers\n|upkeep\n|turn|9\n|inactive|HeatingAss has 135 seconds left.\n|\n|switch|p1a: Tentacruel|Tentacruel, M|45\/100\n|-damage|p1a: Tentacruel|33\/100|[from] Stealth Rock\n|move|p2a: Klefki|Spikes|p1a: Tentacruel\n|-sidestart|p1: Del chef|Spikes\n|\n|-heal|p1a: Tentacruel|39\/100|[from] item: Black Sludge\n|-heal|p2a: Klefki|52\/100|[from] item: Leftovers\n|upkeep\n|turn|10\n|inactive|HeatingAss has 135 seconds left.\n|inactive|HeatingAss has 120 seconds left.\n|inactive|HeatingAss has 105 seconds left.\n|\n|switch|p2a: Chandelure|Chandelure, F|63\/100\n|-damage|p2a: Chandelure|38\/100|[from] Stealth Rock\n|move|p1a: Tentacruel|Rapid Spin|p2a: Chandelure\n|-immune|p2a: Chandelure|[msg]\n|\n|-heal|p1a: Tentacruel|45\/100|[from] item: Black Sludge\n|upkeep\n|turn|11\n|inactive|Del chef has 135 seconds left.\n|inactive|Del chef has 120 seconds left.\n|\n|move|p2a: Chandelure|Shadow Ball|p1a: Tentacruel\n|-damage|p1a: Tentacruel|0 fnt\n|faint|p1a: Tentacruel\n|\n|upkeep\n|\n|switch|p1a: Hydreigon|Hydreigon, F|51\/100\n|-damage|p1a: Hydreigon|39\/100|[from] Stealth Rock\n|turn|12\n|\n|switch|p2a: Gliscor|Gliscor, M|100\/100 tox\n|-damage|p2a: Gliscor|88\/100 tox|[from] Stealth Rock\n|move|p1a: Hydreigon|Draco Meteor|p2a: Gliscor\n|-damage|p2a: Gliscor|33\/100 tox\n|-unboost|p1a: Hydreigon|spa|2\n|\n|-heal|p2a: Gliscor|45\/100 tox|[from] ability: Poison Heal\n|upkeep\n|turn|13\n|\n|switch|p1a: Gliscor|Gliscor, M|100\/100\n|-damage|p1a: Gliscor|88\/100|[from] Stealth Rock\n|move|p2a: Gliscor|Roost|p2a: Gliscor\n|-heal|p2a: Gliscor|95\/100 tox\n|\n|-heal|p2a: Gliscor|100\/100 tox|[from] ability: Poison Heal\n|-status|p1a: Gliscor|tox|[from] item: Toxic Orb\n|upkeep\n|turn|14\n|inactive|Del chef has 135 seconds left.\n|\n|move|p1a: Gliscor|Swords Dance|p1a: Gliscor\n|-boost|p1a: Gliscor|atk|2\n|move|p2a: Gliscor|U-turn|p1a: Gliscor\n|-resisted|p1a: Gliscor\n|-damage|p1a: Gliscor|81\/100 tox\n|\n|switch|p2a: Latias|Latias, F|100\/100\n|-damage|p2a: Latias|88\/100|[from] Stealth Rock\n|\n|-heal|p1a: Gliscor|93\/100 tox|[from] ability: Poison Heal\n|upkeep\n|turn|15\n|\n|move|p1a: Gliscor|Protect|p1a: Gliscor\n|-singleturn|p1a: Gliscor|Protect\n|move|p2a: Latias|Psychic|p1a: Gliscor\n|-activate|p1a: Gliscor|move: Protect\n|\n|-heal|p1a: Gliscor|100\/100 tox|[from] ability: Poison Heal\n|upkeep\n|turn|16\n|\n|switch|p2a: Chandelure|Chandelure, F|38\/100\n|-damage|p2a: Chandelure|14\/100|[from] Stealth Rock\n|move|p1a: Gliscor|Swords Dance|p1a: Gliscor\n|-boost|p1a: Gliscor|atk|2\n|\n|upkeep\n|turn|17\n|\n|move|p1a: Gliscor|Protect|p1a: Gliscor\n|-singleturn|p1a: Gliscor|Protect\n|move|p2a: Chandelure|Hidden Power|p1a: Gliscor\n|-activate|p1a: Gliscor|move: Protect\n|\n|upkeep\n|turn|18\n|\n|move|p1a: Gliscor|Earthquake|p2a: Chandelure\n|-supereffective|p2a: Chandelure\n|-damage|p2a: Chandelure|0 fnt\n|faint|p2a: Chandelure\n|\n|upkeep\n|\n|switch|p2a: Sharpedo|Sharpedo, M|100\/100\n|-damage|p2a: Sharpedo|88\/100|[from] Stealth Rock\n|turn|19\n|\n|move|p2a: Sharpedo|Protect|p2a: Sharpedo\n|-singleturn|p2a: Sharpedo|Protect\n|move|p1a: Gliscor|Earthquake|p2a: Sharpedo\n|-activate|p2a: Sharpedo|move: Protect\n|\n|-ability|p2a: Sharpedo|Speed Boost|boost\n|-boost|p2a: Sharpedo|spe|1\n|upkeep\n|turn|20\n|\n|detailschange|p2a: Sharpedo|Sharpedo-Mega, M\n|-mega|p2a: Sharpedo|Sharpedo|Sharpedonite\n|move|p1a: Gliscor|Protect|p1a: Gliscor\n|-singleturn|p1a: Gliscor|Protect\n|move|p2a: Sharpedo|Ice Fang|p1a: Gliscor\n|-activate|p1a: Gliscor|move: Protect\n|\n|upkeep\n|turn|21\n|\n|move|p2a: Sharpedo|Ice Fang|p1a: Gliscor\n|-supereffective|p1a: Gliscor\n|-damage|p1a: Gliscor|0 fnt\n|faint|p1a: Gliscor\n|\n|upkeep\n|\n|switch|p1a: Aerodactyl|Aerodactyl, M|100\/100\n|-ability|p1a: Aerodactyl|Unnerve|p2: HeatingAss\n|-damage|p1a: Aerodactyl|76\/100|[from] Stealth Rock\n|turn|22\n|inactive|HeatingAss has 135 seconds left.\n|inactive|HeatingAss has 120 seconds left.\n|\n|detailschange|p1a: Aerodactyl|Aerodactyl-Mega, M\n|-mega|p1a: Aerodactyl|Aerodactyl|Aerodactylite\n|move|p2a: Sharpedo|Crunch|p1a: Aerodactyl\n|-damage|p1a: Aerodactyl|0 fnt\n|faint|p1a: Aerodactyl\n|\n|upkeep\n|\n|switch|p1a: Serperior|Serperior, M|100\/100\n|-damage|p1a: Serperior|88\/100|[from] Stealth Rock\n|-damage|p1a: Serperior|76\/100|[from] Spikes\n|turn|23\n|inactive|HeatingAss has 135 seconds left.\n|\n|move|p2a: Sharpedo|Ice Fang|p1a: Serperior|[miss]\n|-miss|p2a: Sharpedo|p1a: Serperior\n|move|p1a: Serperior|Leaf Storm|p2a: Sharpedo\n|-supereffective|p2a: Sharpedo\n|-damage|p2a: Sharpedo|0 fnt\n|-boost|p1a: Serperior|spa|2\n|-damage|p1a: Serperior|66\/100|[from] item: Life Orb\n|faint|p2a: Sharpedo\n|\n|upkeep\n|\n|switch|p2a: Latias|Latias, F|88\/100\n|-damage|p2a: Latias|76\/100|[from] Stealth Rock\n|turn|24\n|\n|move|p2a: Latias|Draco Meteor|p1a: Serperior|[miss]\n|-miss|p2a: Latias|p1a: Serperior\n|move|p1a: Serperior|Dragon Pulse|p2a: Latias\n|-supereffective|p2a: Latias\n|-damage|p2a: Latias|0 fnt\n|-damage|p1a: Serperior|56\/100|[from] item: Life Orb\n|faint|p2a: Latias\n|\n|upkeep\n|c|\u2606HeatingAss|WHAT\n|c|\u2606Del chef|GG\n|inactive|HeatingAss has 135 seconds left.\n|inactive|HeatingAss has 120 seconds left.\n|inactive|HeatingAss has 105 seconds left.\n|c|\u2606Del chef|I use hac\u00eda\n|c|\u2606Del chef|Hacks*\n|inactive|HeatingAss has 90 seconds left.\n|c|\u2606HeatingAss|reportec\n|inactive|HeatingAss has 75 seconds left.\n|c|\u2606HeatingAss|Reporting\n|c|\u2606Del chef|Bah\n|inactive|HeatingAss has 60 seconds left.\n|c|\u2606Del chef|Is a joke\n|inactive|HeatingAss has 45 seconds left.\n|inactive|HeatingAss has 30 seconds left.\n|inactive|HeatingAss has 20 seconds left.\n|inactive|HeatingAss has 15 seconds left.\n|inactive|HeatingAss has 10 seconds left.\n|inactive|HeatingAss has 5 seconds left.\n|-message|HeatingAss lost due to inactivity.\n|\n|win|Del chef\n|raw|Del chef's rating: 1238 &rarr; <strong>1257<\/strong><br \/>(+19 for winning)\n|raw|HeatingAss's rating: 1151 &rarr; <strong>1132<\/strong><br \/>(-19 for losing)\n|l|\u2606Del chef\n","inputlog":null,"uploadtime":1531605619,"views":0,"p1id":"delchef","p2id":"heatingass","formatid":"gen7uu","rating":1132,"private":0,"password":null}