{"id":"gen7ou-841055284","p1":"Kaylss","p2":"Not Sarcasm","format":"gen7ou","log":"|raw|<div class=\"broadcast-red\"><strong>This battle is invite-only!<\/strong><br \/>Users must be rank + or invited with <code>\/invite<\/code> to join<\/div>\n|j|\u2606Kaylss\n|j|\u2606Not Sarcasm\n|player|p1|Kaylss|138\n|player|p2|Not Sarcasm|2\n|teamsize|p1|6\n|teamsize|p2|6\n|gametype|singles\n|gen|7\n|tier|[Gen 7] OU\n|rated|\n|html|<div class=\"broadcast-green\"><strong>OU is currently suspecting Zygarde! For information on how to participate check out the <a href=\"https:\/\/www.smogon.com\/forums\/threads\/3645049\/\">suspect thread<\/a>.<\/strong><\/div>\n|rule|Sleep Clause Mod: Limit one foe put to sleep\n|rule|Species Clause: Limit one of each Pok\u00e9mon\n|rule|OHKO Clause: OHKO moves are banned\n|rule|Moody Clause: Moody is banned\n|rule|Evasion Moves Clause: Evasion moves are banned\n|rule|Endless Battle Clause: Forcing endless battles is banned\n|rule|HP Percentage Mod: HP is shown in percentages\n|clearpoke\n|poke|p1|Lopunny, M|item\n|poke|p1|Magearna|item\n|poke|p1|Landorus-Therian, M|item\n|poke|p1|Zygarde|item\n|poke|p1|Greninja, M|item\n|poke|p1|Tornadus-Therian, M|item\n|poke|p2|Marowak-Alola, F|item\n|poke|p2|Greninja, M|item\n|poke|p2|Tapu Bulu|item\n|poke|p2|Landorus-Therian, M|item\n|poke|p2|Kyurem-Black|item\n|poke|p2|Charizard, F|item\n|teampreview\n|\n|start\n|switch|p1a: Lopunny|Lopunny, M|100\/100\n|switch|p2a: Greninja|Greninja, M|100\/100\n|turn|1\n|\n|switch|p2a: Tapu Bulu|Tapu Bulu|100\/100\n|-fieldstart|move: Grassy Terrain|[from] ability: Grassy Surge|[of] p2a: Tapu Bulu\n|detailschange|p1a: Lopunny|Lopunny-Mega, M\n|-mega|p1a: Lopunny|Lopunny|Lopunnite\n|move|p1a: Lopunny|High Jump Kick|p2a: Tapu Bulu\n|-resisted|p2a: Tapu Bulu\n|-damage|p2a: Tapu Bulu|71\/100\n|\n|-heal|p2a: Tapu Bulu|77\/100|[from] item: Leftovers\n|-heal|p2a: Tapu Bulu|83\/100|[from] Grassy Terrain\n|upkeep\n|turn|2\n|\n|switch|p2a: Kyurem|Kyurem-Black|100\/100\n|-ability|p2a: Kyurem|Teravolt\n|move|p1a: Lopunny|High Jump Kick|p2a: Kyurem\n|-supereffective|p2a: Kyurem\n|-damage|p2a: Kyurem|0 fnt\n|faint|p2a: Kyurem\n|\n|upkeep\n|c|\u2606Not Sarcasm|?\n|inactive|Battle timer is ON: inactive players will automatically lose when time's up. (requested by Not Sarcasm)\n|\n|switch|p2a: Charizard|Charizard, F|100\/100\n|turn|3\n|c|\u2606Not Sarcasm|like return sure\n|c|\u2606Not Sarcasm|but hjk??\n|c|\u2606Not Sarcasm|??????????\n|inactive|Kaylss has 120 seconds left.\n|\n|switch|p1a: Zygarde|Zygarde|100\/100\n|-ability|p1a: Zygarde|Aura Break\n|detailschange|p2a: Charizard|Charizard-Mega-Y, F\n|-mega|p2a: Charizard|Charizard|Charizardite Y\n|-weather|SunnyDay|[from] ability: Drought|[of] p2a: Charizard\n|move|p2a: Charizard|Flamethrower|p1a: Zygarde\n|-resisted|p1a: Zygarde\n|-damage|p1a: Zygarde|58\/100\n|\n|-weather|SunnyDay|[upkeep]\n|-heal|p1a: Zygarde|65\/100|[from] Grassy Terrain\n|upkeep\n|turn|4\n|c|\u2606Not Sarcasm|just got clciked buttons\n|\n|move|p2a: Charizard|Solar Beam||[still]\n|-prepare|p2a: Charizard|Solar Beam|p1a: Zygarde\n|-anim|p2a: Charizard|Solar Beam|p1a: Zygarde\n|-damage|p1a: Zygarde|20\/100\n|move|p1a: Zygarde|Thousand Arrows|p2a: Charizard\n|-damage|p2a: Charizard|14\/100\n|-start|p2a: Charizard|Smack Down\n|\n|-weather|SunnyDay|[upkeep]\n|-heal|p2a: Charizard|20\/100|[from] Grassy Terrain\n|-heal|p1a: Zygarde|26\/100|[from] Grassy Terrain\n|upkeep\n|turn|5\n|\n|move|p2a: Charizard|Flamethrower|p1a: Zygarde\n|-resisted|p1a: Zygarde\n|-damage|p1a: Zygarde|0 fnt\n|faint|p1a: Zygarde\n|\n|-weather|SunnyDay|[upkeep]\n|-heal|p2a: Charizard|26\/100|[from] Grassy Terrain\n|-fieldend|move: Grassy Terrain\n|upkeep\n|\n|switch|p1a: Lopunny|Lopunny-Mega, M|100\/100\n|turn|6\n|\n|switch|p2a: Landorus|Landorus-Therian, M|100\/100\n|-ability|p2a: Landorus|Intimidate|boost\n|-unboost|p1a: Lopunny|atk|1\n|move|p1a: Lopunny|Return|p2a: Landorus\n|-damage|p2a: Landorus|61\/100\n|\n|-weather|SunnyDay|[upkeep]\n|upkeep\n|turn|7\n|\n|switch|p1a: Tornadus|Tornadus-Therian, M|100\/100\n|move|p2a: Landorus|U-turn|p1a: Tornadus\n|-resisted|p1a: Tornadus\n|-damage|p1a: Tornadus|81\/100\n|-damage|p2a: Landorus|45\/100|[from] item: Rocky Helmet|[of] p1a: Tornadus\n|\n|switch|p2a: Marowak|Marowak-Alola, F|100\/100\n|\n|-weather|none\n|upkeep\n|turn|8\n|\n|move|p1a: Tornadus|Knock Off|p2a: Marowak\n|-supereffective|p2a: Marowak\n|-damage|p2a: Marowak|60\/100\n|-enditem|p2a: Marowak|Thick Club|[from] move: Knock Off|[of] p1a: Tornadus\n|move|p2a: Marowak|Flare Blitz|p1a: Tornadus\n|-crit|p1a: Tornadus\n|-damage|p1a: Tornadus|0 fnt\n|-damage|p2a: Marowak|43\/100|[from] item: Rocky Helmet|[of] p1a: Tornadus\n|faint|p1a: Tornadus\n|\n|upkeep\n|\n|switch|p1a: Lopunny|Lopunny-Mega, M|100\/100\n|turn|9\n|\n|move|p1a: Lopunny|Return|p2a: Marowak\n|-damage|p2a: Marowak|0 fnt\n|faint|p2a: Marowak\n|\n|upkeep\n|\n|switch|p2a: Landorus|Landorus-Therian, M|45\/100\n|-ability|p2a: Landorus|Intimidate|boost\n|-unboost|p1a: Lopunny|atk|1\n|turn|10\n|\n|switch|p1a: Landorus|Landorus-Therian, M|100\/100\n|-ability|p1a: Landorus|Intimidate|boost\n|-unboost|p2a: Landorus|atk|1\n|move|p2a: Landorus|Earthquake|p1a: Landorus\n|-immune|p1a: Landorus\n|\n|upkeep\n|turn|11\n|\n|switch|p2a: Charizard|Charizard-Mega-Y, F|26\/100\n|-weather|SunnyDay|[from] ability: Drought|[of] p2a: Charizard\n|-zpower|p1a: Landorus\n|move|p1a: Landorus|Supersonic Skystrike|p2a: Charizard|[zeffect]\n|-damage|p2a: Charizard|0 fnt\n|faint|p2a: Charizard\n|\n|-weather|SunnyDay|[upkeep]\n|upkeep\n|\n|switch|p2a: Greninja|Greninja, M|100\/100\n|turn|12\n|\n|switch|p1a: Magearna|Magearna|100\/100\n|move|p2a: Greninja|U-turn|p1a: Magearna\n|-start|p2a: Greninja|typechange|Bug|[from] Protean\n|-resisted|p1a: Magearna\n|-damage|p1a: Magearna|95\/100\n|\n|switch|p2a: Landorus|Landorus-Therian, M|45\/100\n|-ability|p2a: Landorus|Intimidate|boost\n|-unboost|p1a: Magearna|atk|1\n|\n|-weather|SunnyDay|[upkeep]\n|upkeep\n|turn|13\n|\n|switch|p1a: Landorus|Landorus-Therian, M|100\/100\n|-ability|p1a: Landorus|Intimidate|boost\n|-unboost|p2a: Landorus|atk|1\n|move|p2a: Landorus|Earthquake|p1a: Landorus\n|-immune|p1a: Landorus\n|\n|-weather|SunnyDay|[upkeep]\n|upkeep\n|turn|14\n|\n|switch|p2a: Tapu Bulu|Tapu Bulu|83\/100\n|-fieldstart|move: Grassy Terrain|[from] ability: Grassy Surge|[of] p2a: Tapu Bulu\n|move|p1a: Landorus|Earthquake|p2a: Tapu Bulu\n|-resisted|p2a: Tapu Bulu\n|-damage|p2a: Tapu Bulu|72\/100\n|\n|-weather|SunnyDay|[upkeep]\n|-heal|p2a: Tapu Bulu|78\/100|[from] item: Leftovers\n|-heal|p2a: Tapu Bulu|85\/100|[from] Grassy Terrain\n|upkeep\n|turn|15\n|\n|switch|p1a: Magearna|Magearna|95\/100\n|move|p2a: Tapu Bulu|Bulk Up|p2a: Tapu Bulu\n|-boost|p2a: Tapu Bulu|atk|1\n|-boost|p2a: Tapu Bulu|def|1\n|\n|-weather|none\n|-heal|p2a: Tapu Bulu|91\/100|[from] item: Leftovers\n|-heal|p2a: Tapu Bulu|97\/100|[from] Grassy Terrain\n|-heal|p1a: Magearna|100\/100|[from] Grassy Terrain\n|upkeep\n|turn|16\n|\n|move|p2a: Tapu Bulu|Bulk Up|p2a: Tapu Bulu\n|-boost|p2a: Tapu Bulu|atk|1\n|-boost|p2a: Tapu Bulu|def|1\n|move|p1a: Magearna|Flash Cannon|p2a: Tapu Bulu\n|-supereffective|p2a: Tapu Bulu\n|-damage|p2a: Tapu Bulu|48\/100\n|\n|-heal|p2a: Tapu Bulu|54\/100|[from] item: Leftovers\n|-heal|p2a: Tapu Bulu|60\/100|[from] Grassy Terrain\n|upkeep\n|turn|17\n|\n|move|p2a: Tapu Bulu|Horn Leech|p1a: Magearna\n|-resisted|p1a: Magearna\n|-damage|p1a: Magearna|63\/100\n|-heal|p2a: Tapu Bulu|80\/100|[from] drain|[of] p1a: Magearna\n|move|p1a: Magearna|Flash Cannon|p2a: Tapu Bulu\n|-supereffective|p2a: Tapu Bulu\n|-damage|p2a: Tapu Bulu|22\/100\n|\n|-heal|p2a: Tapu Bulu|28\/100|[from] item: Leftovers\n|-heal|p2a: Tapu Bulu|35\/100|[from] Grassy Terrain\n|-heal|p1a: Magearna|69\/100|[from] Grassy Terrain\n|upkeep\n|turn|18\n|\n|move|p2a: Tapu Bulu|Superpower|p1a: Magearna\n|-damage|p1a: Magearna|10\/100\n|-unboost|p2a: Tapu Bulu|atk|1\n|-unboost|p2a: Tapu Bulu|def|1\n|move|p1a: Magearna|Flash Cannon|p2a: Tapu Bulu\n|-supereffective|p2a: Tapu Bulu\n|-damage|p2a: Tapu Bulu|0 fnt\n|faint|p2a: Tapu Bulu\n|-ability|p1a: Magearna|Soul-Heart|boost\n|-boost|p1a: Magearna|spa|1\n|\n|-heal|p1a: Magearna|16\/100|[from] Grassy Terrain\n|-fieldend|move: Grassy Terrain\n|upkeep\n|-message|Not Sarcasm forfeited.\n|\n|win|Kaylss\n|l|\u2606Not Sarcasm\n|raw|Kaylss's rating: 1570 &rarr; <strong>1589<\/strong><br \/>(+19 for winning)\n|raw|Not Sarcasm's rating: 1557 &rarr; <strong>1538<\/strong><br \/>(-19 for losing)\n|c|\u2606Kaylss|\/log Kaylss made this room public.\n","uploadtime":1545892458,"views":34,"p1id":"kaylss","p2id":"notsarcasm","formatid":"gen7ou","rating":1538,"private":0,"password":null}