{"id":"gen7ou-1550964817","p1":"kvin313","p2":"Cowsrule247","format":"gen7ou","log":"|j|\u2606kvin313\n|j|\u203dCowsrule247\n|t:|1649685285\n|gametype|singles\n|player|p1|kvin313|170|1413\n|player|p2|Cowsrule247|skyla|1567\n|teamsize|p1|6\n|teamsize|p2|6\n|gen|7\n|tier|[Gen 7] OU\n|rated|\n|rule|Sleep Clause Mod: Limit one foe put to sleep\n|rule|Species Clause: Limit one of each Pok\u00e9mon\n|rule|OHKO Clause: OHKO moves are banned\n|rule|Moody Clause: Moody is banned\n|rule|Evasion Moves Clause: Evasion moves are banned\n|rule|Endless Battle Clause: Forcing endless battles is banned\n|rule|HP Percentage Mod: HP is shown in percentages\n|clearpoke\n|poke|p1|Scizor, M|item\n|poke|p1|Lopunny, F|item\n|poke|p1|Seismitoad, F|item\n|poke|p1|Infernape, F|item\n|poke|p1|Tornadus-Therian, M|item\n|poke|p1|Zapdos|item\n|poke|p2|Chansey, F|item\n|poke|p2|Aggron, M|item\n|poke|p2|Pyukumuku, M|item\n|poke|p2|Mew|item\n|poke|p2|Gliscor, F|item\n|poke|p2|Tangrowth, F|item\n|teampreview\n|inactive|Battle timer is ON: inactive players will automatically lose when time's up. (requested by Cowsrule247)\n|\n|t:|1649685315\n|start\n|switch|p1a: Tornadus|Tornadus-Therian, M|100\/100\n|switch|p2a: Pyukumuku|Pyukumuku, M|100\/100\n|turn|1\n|\n|t:|1649685333\n|switch|p2a: Aggron|Aggron, M|100\/100\n|move|p1a: Tornadus|Taunt|p2a: Aggron\n|-start|p2a: Aggron|move: Taunt\n|\n|upkeep\n|turn|2\n|inactive|kvin313 has 120 seconds left.\n|\n|t:|1649685367\n|detailschange|p2a: Aggron|Aggron-Mega, M\n|-mega|p2a: Aggron|Aggron|Aggronite\n|move|p1a: Tornadus|U-turn|p2a: Aggron\n|-resisted|p2a: Aggron\n|-damage|p2a: Aggron|97\/100\n|\n|t:|1649685383\n|switch|p1a: Seismitoad|Seismitoad, F|100\/100|[from]move: U-turn\n|move|p2a: Aggron|Heavy Slam|p1a: Seismitoad\n|-resisted|p1a: Seismitoad\n|-damage|p1a: Seismitoad|70\/100\n|\n|-heal|p1a: Seismitoad|76\/100|[from] item: Leftovers\n|upkeep\n|turn|3\n|inactive|Cowsrule247 has 120 seconds left.\n|\n|t:|1649685439\n|switch|p2a: Chansey|Chansey, F, shiny|100\/100\n|move|p1a: Seismitoad|Stealth Rock|p2a: Chansey\n|-sidestart|p2: Cowsrule247|move: Stealth Rock\n|\n|-heal|p1a: Seismitoad|82\/100|[from] item: Leftovers\n|upkeep\n|turn|4\n|\n|t:|1649685447\n|move|p1a: Seismitoad|Knock Off|p2a: Chansey\n|-damage|p2a: Chansey|85\/100\n|-enditem|p2a: Chansey|Eviolite|[from] move: Knock Off|[of] p1a: Seismitoad\n|move|p2a: Chansey|Seismic Toss|p1a: Seismitoad\n|-damage|p1a: Seismitoad|58\/100\n|\n|-heal|p1a: Seismitoad|64\/100|[from] item: Leftovers\n|upkeep\n|turn|5\n|\n|t:|1649685456\n|switch|p1a: Tornadus|Tornadus-Therian, M|100\/100\n|move|p2a: Chansey|Wish|p2a: Chansey\n|\n|upkeep\n|turn|6\n|inactive|Cowsrule247 has 90 seconds left.\n|\n|t:|1649685490\n|switch|p2a: Gliscor|Gliscor, F|100\/100\n|-damage|p2a: Gliscor|88\/100|[from] Stealth Rock\n|move|p1a: Tornadus|Taunt|p2a: Gliscor\n|-start|p2a: Gliscor|move: Taunt\n|\n|-heal|p2a: Gliscor|100\/100|[from] move: Wish|[wisher] Chansey\n|-status|p2a: Gliscor|tox|[from] item: Toxic Orb\n|upkeep\n|turn|7\n|inactive|Cowsrule247 has 90 seconds left.\n|\n|t:|1649685506\n|switch|p2a: Aggron|Aggron-Mega, M|97\/100\n|-damage|p2a: Aggron|91\/100|[from] Stealth Rock\n|move|p1a: Tornadus|Hurricane|p2a: Aggron\n|-resisted|p2a: Aggron\n|-damage|p2a: Aggron|73\/100\n|\n|upkeep\n|turn|8\n|\n|t:|1649685522\n|switch|p1a: Infernape|Infernape, F|100\/100\n|move|p2a: Aggron|Stealth Rock|p1a: Infernape\n|-sidestart|p1: kvin313|move: Stealth Rock\n|\n|upkeep\n|turn|9\n|\n|t:|1649685532\n|switch|p2a: Pyukumuku|Pyukumuku, M|100\/100\n|-damage|p2a: Pyukumuku|88\/100|[from] Stealth Rock\n|move|p1a: Infernape|Flamethrower|p2a: Pyukumuku\n|-resisted|p2a: Pyukumuku\n|-damage|p2a: Pyukumuku|68\/100\n|-damage|p1a: Infernape|91\/100|[from] item: Life Orb\n|\n|-heal|p2a: Pyukumuku|74\/100|[from] item: Leftovers\n|upkeep\n|turn|10\n|inactive|kvin313 has 120 seconds left.\n|\n|t:|1649685581\n|move|p1a: Infernape|Grass Knot|p2a: Pyukumuku\n|-supereffective|p2a: Pyukumuku\n|-damage|p2a: Pyukumuku|60\/100\n|-damage|p1a: Infernape|81\/100|[from] item: Life Orb\n|move|p2a: Pyukumuku|Recover|p2a: Pyukumuku\n|-heal|p2a: Pyukumuku|100\/100\n|\n|upkeep\n|turn|11\n|inactive|kvin313 has 90 seconds left.\n|c|\u2606kvin313|lol fucking stall player im not time play the fucking playing bitch\n|-message|kvin313 forfeited.\n|\n|win|Cowsrule247\n|raw|kvin313's rating: 1413 &rarr; <strong>1401<\/strong><br \/>(-12 for losing)\n|raw|Cowsrule247's rating: 1567 &rarr; <strong>1579<\/strong><br \/>(+12 for winning)\n|l|\u2606kvin313\n|j|&DaWoblefet\n|c|&DaWoblefet|\/log kvin313 was warned by DaWoblefet. (don't be rude to others)\n|hidelines|unlink|kvin313\n|l|&DaWoblefet\n||Ladder isn't responding, score probably updated but might not have (Request timeout).\n","uploadtime":1649685616,"views":3,"p1id":"kvin313","p2id":"cowsrule247","formatid":"gen7ou","rating":1401,"private":0,"password":null}