{"id":"gen7ou-831252693","p1":"CarlyBae","p2":"garythegengar","format":"gen7ou","log":"|raw|<div class=\"broadcast-red\"><strong>This battle is invite-only!<\/strong><br \/>Users must be rank + or invited with <code>\/invite<\/code> to join<\/div>\n|j|\u2606CarlyBae\n|j|\u2606garythegengar\n|player|p1|CarlyBae|138\n|player|p2|garythegengar|1\n|teamsize|p1|6\n|teamsize|p2|6\n|gametype|singles\n|gen|7\n|tier|[Gen 7] OU\n|rated|\n|rule|Sleep Clause Mod: Limit one foe put to sleep\n|rule|Species Clause: Limit one of each Pok\u00e9mon\n|rule|OHKO Clause: OHKO moves are banned\n|rule|Moody Clause: Moody is banned\n|rule|Evasion Moves Clause: Evasion moves are banned\n|rule|Endless Battle Clause: Forcing endless battles is banned\n|rule|HP Percentage Mod: HP is shown in percentages\n|clearpoke\n|poke|p1|Alakazam, M|item\n|poke|p1|Greninja, M|item\n|poke|p1|Magearna|item\n|poke|p1|Heatran, F|item\n|poke|p1|Tapu Bulu|item\n|poke|p1|Landorus-Therian, M|item\n|poke|p2|Toxapex, M|item\n|poke|p2|Tangrowth, M|item\n|poke|p2|Diancie|item\n|poke|p2|Gliscor, F|item\n|poke|p2|Zapdos|item\n|poke|p2|Weavile, F|item\n|teampreview\n|\n|start\n|switch|p1a: Landorus|Landorus-Therian, M|100\/100\n|switch|p2a: Weavile|Weavile, F|100\/100\n|-ability|p1a: Landorus|Intimidate|boost\n|-unboost|p2a: Weavile|atk|1\n|turn|1\n|\n|move|p1a: Landorus|Stone Edge|p2a: Weavile\n|-supereffective|p2a: Weavile\n|-enditem|p2a: Weavile|Focus Sash\n|-damage|p2a: Weavile|1\/100\n|move|p2a: Weavile|Knock Off|p1a: Landorus\n|-damage|p1a: Landorus|71\/100\n|-enditem|p1a: Landorus|Choice Scarf|[from] move: Knock Off|[of] p2a: Weavile\n|\n|upkeep\n|turn|2\n|\n|move|p2a: Weavile|Knock Off|p1a: Landorus\n|-damage|p1a: Landorus|51\/100\n|move|p1a: Landorus|U-turn|p2a: Weavile\n|-supereffective|p2a: Weavile\n|-damage|p2a: Weavile|0 fnt\n|faint|p2a: Weavile\n|\n|switch|p1a: Tapu Bulu|Tapu Bulu|100\/100\n|-fieldstart|move: Grassy Terrain|[from] ability: Grassy Surge|[of] p1a: Tapu Bulu\n|\n|upkeep\n|\n|switch|p2a: Toxapex|Toxapex, M|100\/100\n|turn|3\n|\n|switch|p1a: Alakazam|Alakazam, M|100\/100\n|move|p2a: Toxapex|Toxic Spikes|p1a: Alakazam\n|-sidestart|p1: CarlyBae|move: Toxic Spikes\n|\n|upkeep\n|turn|4\n|\n|switch|p2a: Tangrowth|Tangrowth, M|100\/100\n|detailschange|p1a: Alakazam|Alakazam-Mega, M\n|-mega|p1a: Alakazam|Alakazam|Alakazite\n|-ability|p1a: Alakazam|Regenerator|[from] ability: Trace|[of] p2a: Tangrowth\n|move|p1a: Alakazam|Psychic|p2a: Tangrowth\n|-damage|p2a: Tangrowth|68\/100\n|\n|-heal|p2a: Tangrowth|74\/100|[from] Grassy Terrain\n|upkeep\n|turn|5\n|\n|switch|p1a: Heatran|Heatran, F|100\/100\n|move|p2a: Tangrowth|Giga Drain|p1a: Heatran\n|-resisted|p1a: Heatran\n|-damage|p1a: Heatran|94\/100\n|-heal|p2a: Tangrowth|77\/100|[from] drain|[of] p1a: Heatran\n|\n|-heal|p1a: Heatran|99\/100|[from] item: Leftovers\n|-heal|p1a: Heatran|100\/100|[from] Grassy Terrain\n|-heal|p2a: Tangrowth|83\/100|[from] Grassy Terrain\n|upkeep\n|turn|6\n|\n|switch|p1a: Landorus|Landorus-Therian, M|51\/100\n|-ability|p1a: Landorus|Intimidate|boost\n|-unboost|p2a: Tangrowth|atk|1\n|switch|p2a: Diancie|Diancie|100\/100\n|\n|-fieldend|move: Grassy Terrain\n|upkeep\n|turn|7\n|\n|switch|p1a: Tapu Bulu|Tapu Bulu|100\/100\n|-status|p1a: Tapu Bulu|psn\n|-fieldstart|move: Grassy Terrain|[from] ability: Grassy Surge|[of] p1a: Tapu Bulu\n|switch|p2a: Zapdos|Zapdos|100\/100\n|\n|-damage|p1a: Tapu Bulu|88\/100 psn|[from] psn\n|upkeep\n|turn|8\n|l|\u2606garythegengar\n|player|p2|\n|inactive|Battle timer is ON: inactive players will automatically lose when time's up. (requested by CarlyBae)\n|inactive|garythegengar has 60 seconds to reconnect!\n|j|\u2606garythegengar\n|inactive|garythegengar reconnected and has 130 seconds left.\n|player|p2|garythegengar|1\n|\n|switch|p2a: Gliscor|Gliscor, F|100\/100\n|switch|p1a: Heatran|Heatran, F|100\/100\n|\n|-status|p2a: Gliscor|tox|[from] item: Toxic Orb\n|upkeep\n|turn|9\n|\n|move|p2a: Gliscor|Taunt|p1a: Heatran\n|-start|p1a: Heatran|move: Taunt\n|cant|p1a: Heatran|move: Taunt|Stealth Rock\n|\n|upkeep\n|turn|10\n|\n|switch|p1a: Landorus|Landorus-Therian, M|51\/100\n|-ability|p1a: Landorus|Intimidate|boost\n|-unboost|p2a: Gliscor|atk|1\n|move|p2a: Gliscor|Swords Dance|p2a: Gliscor\n|-boost|p2a: Gliscor|atk|2\n|\n|upkeep\n|turn|11\n|\n|switch|p1a: Tapu Bulu|Tapu Bulu|88\/100 psn\n|move|p2a: Gliscor|Swords Dance|p2a: Gliscor\n|-boost|p2a: Gliscor|atk|2\n|\n|-heal|p1a: Tapu Bulu|94\/100 psn|[from] item: Leftovers\n|-heal|p1a: Tapu Bulu|100\/100 psn|[from] Grassy Terrain\n|-fieldend|move: Grassy Terrain\n|-damage|p1a: Tapu Bulu|88\/100 psn|[from] psn\n|upkeep\n|turn|12\n|\n|switch|p1a: Landorus|Landorus-Therian, M|51\/100\n|-ability|p1a: Landorus|Intimidate|boost\n|-unboost|p2a: Gliscor|atk|1\n|move|p2a: Gliscor|Acrobatics|p1a: Landorus\n|-damage|p1a: Landorus|19\/100\n|\n|upkeep\n|turn|13\n|\n|move|p1a: Landorus|Defog|p2a: Gliscor\n|-unboost|p2a: Gliscor|evasion|1\n|-sideend|p1: CarlyBae|Toxic Spikes|[from] move: Defog|[of] p1a: Landorus\n|move|p2a: Gliscor|Acrobatics|p1a: Landorus\n|-crit|p1a: Landorus\n|-damage|p1a: Landorus|0 fnt\n|faint|p1a: Landorus\n|\n|upkeep\n|\n|switch|p1a: Greninja|Greninja, M|100\/100\n|turn|14\n|\n|switch|p2a: Toxapex|Toxapex, M|100\/100\n|move|p1a: Greninja|Spikes|p2a: Toxapex\n|-start|p1a: Greninja|typechange|Ground|[from] Protean\n|-sidestart|p2: garythegengar|Spikes\n|\n|upkeep\n|turn|15\n|\n|switch|p1a: Heatran|Heatran, F|100\/100\n|move|p2a: Toxapex|Toxic Spikes|p1a: Heatran\n|-sidestart|p1: CarlyBae|move: Toxic Spikes\n|\n|upkeep\n|turn|16\n|\n|switch|p2a: Gliscor|Gliscor, F|100\/100 tox\n|move|p1a: Heatran|Stealth Rock|p2a: Gliscor\n|-sidestart|p2: garythegengar|move: Stealth Rock\n|\n|upkeep\n|turn|17\n|\n|switch|p1a: Tapu Bulu|Tapu Bulu|88\/100 psn\n|-fieldstart|move: Grassy Terrain|[from] ability: Grassy Surge|[of] p1a: Tapu Bulu\n|move|p2a: Gliscor|Swords Dance|p2a: Gliscor\n|-boost|p2a: Gliscor|atk|2\n|\n|-heal|p1a: Tapu Bulu|94\/100 psn|[from] item: Leftovers\n|-heal|p1a: Tapu Bulu|100\/100 psn|[from] Grassy Terrain\n|-damage|p1a: Tapu Bulu|88\/100 psn|[from] psn\n|upkeep\n|turn|18\n|\n|move|p2a: Gliscor|Acrobatics|p1a: Tapu Bulu\n|-supereffective|p1a: Tapu Bulu\n|-damage|p1a: Tapu Bulu|28\/100 psn\n|move|p1a: Tapu Bulu|Horn Leech|p2a: Gliscor\n|-damage|p2a: Gliscor|64\/100 tox\n|-heal|p1a: Tapu Bulu|47\/100 psn|[from] drain|[of] p2a: Gliscor\n|\n|-heal|p1a: Tapu Bulu|53\/100 psn|[from] item: Leftovers\n|-heal|p1a: Tapu Bulu|59\/100 psn|[from] Grassy Terrain\n|-heal|p2a: Gliscor|76\/100 tox|[from] ability: Poison Heal\n|-damage|p1a: Tapu Bulu|47\/100 psn|[from] psn\n|upkeep\n|turn|19\n|\n|switch|p1a: Magearna|Magearna|100\/100\n|move|p2a: Gliscor|Acrobatics|p1a: Magearna\n|-resisted|p1a: Magearna\n|-damage|p1a: Magearna|83\/100\n|\n|-heal|p1a: Magearna|89\/100|[from] Grassy Terrain\n|-heal|p2a: Gliscor|89\/100 tox|[from] ability: Poison Heal\n|upkeep\n|turn|20\n|inactive|garythegengar has 120 seconds left.\n|\n|switch|p2a: Zapdos|Zapdos|100\/100\n|-damage|p2a: Zapdos|76\/100|[from] Stealth Rock\n|switch|p1a: Alakazam|Alakazam-Mega, M|100\/100\n|-status|p1a: Alakazam|psn\n|-ability|p1a: Alakazam|Static|[from] ability: Trace|[of] p2a: Zapdos\n|\n|-damage|p1a: Alakazam|88\/100 psn|[from] psn\n|upkeep\n|turn|21\n|\n|move|p1a: Alakazam|Psychic|p2a: Zapdos\n|-damage|p2a: Zapdos|22\/100\n|move|p2a: Zapdos|Defog|p1a: Alakazam\n|-unboost|p1a: Alakazam|evasion|1\n|-sideend|p1: CarlyBae|Toxic Spikes|[from] move: Defog|[of] p1a: Alakazam\n|-sideend|p2: garythegengar|Spikes|[from] move: Defog|[of] p2a: Zapdos\n|-sideend|p2: garythegengar|Stealth Rock|[from] move: Defog|[of] p2a: Zapdos\n|\n|-heal|p1a: Alakazam|94\/100 psn|[from] Grassy Terrain\n|-fieldend|move: Grassy Terrain\n|-damage|p1a: Alakazam|82\/100 psn|[from] psn\n|upkeep\n|turn|22\n|\n|switch|p2a: Tangrowth|Tangrowth, M|100\/100\n|move|p1a: Alakazam|Psychic|p2a: Tangrowth\n|-damage|p2a: Tangrowth|62\/100\n|-unboost|p2a: Tangrowth|spd|1\n|\n|-damage|p1a: Alakazam|70\/100 psn|[from] psn\n|upkeep\n|turn|23\n|\n|switch|p1a: Greninja|Greninja, M|100\/100\n|move|p2a: Tangrowth|Earthquake|p1a: Greninja\n|-damage|p1a: Greninja|64\/100\n|\n|upkeep\n|turn|24\n|\n|switch|p2a: Diancie|Diancie|100\/100\n|move|p1a: Greninja|Ice Beam|p2a: Diancie\n|-start|p1a: Greninja|typechange|Ice|[from] Protean\n|-damage|p2a: Diancie|69\/100\n|\n|upkeep\n|turn|25\n|\n|detailschange|p2a: Diancie|Diancie-Mega\n|-mega|p2a: Diancie|Diancie|Diancite\n|move|p1a: Greninja|Gunk Shot|p2a: Diancie\n|-start|p1a: Greninja|typechange|Poison|[from] Protean\n|-damage|p2a: Diancie|10\/100\n|-status|p2a: Diancie|psn\n|move|p2a: Diancie|Stealth Rock|p1a: Greninja\n|-sidestart|p1: CarlyBae|move: Stealth Rock\n|\n|-damage|p2a: Diancie|0 fnt|[from] psn\n|upkeep\n|faint|p2a: Diancie\n|inactive|garythegengar has 120 seconds left.\n|\n|switch|p2a: Toxapex|Toxapex, M|100\/100\n|turn|26\n|\n|switch|p1a: Tapu Bulu|Tapu Bulu|47\/100 psn\n|-damage|p1a: Tapu Bulu|35\/100 psn|[from] Stealth Rock\n|-fieldstart|move: Grassy Terrain|[from] ability: Grassy Surge|[of] p1a: Tapu Bulu\n|move|p2a: Toxapex|Scald|p1a: Tapu Bulu\n|-resisted|p1a: Tapu Bulu\n|-damage|p1a: Tapu Bulu|28\/100 psn\n|\n|-heal|p1a: Tapu Bulu|34\/100 psn|[from] item: Leftovers\n|-heal|p1a: Tapu Bulu|40\/100 psn|[from] Grassy Terrain\n|-damage|p1a: Tapu Bulu|28\/100 psn|[from] psn\n|upkeep\n|turn|27\n|\n|switch|p2a: Tangrowth|Tangrowth, M|96\/100\n|move|p1a: Tapu Bulu|Synthesis|p1a: Tapu Bulu\n|-heal|p1a: Tapu Bulu|78\/100 psn\n|\n|-heal|p1a: Tapu Bulu|84\/100 psn|[from] item: Leftovers\n|-heal|p1a: Tapu Bulu|90\/100 psn|[from] Grassy Terrain\n|-heal|p2a: Tangrowth|100\/100|[from] Grassy Terrain\n|-damage|p1a: Tapu Bulu|78\/100 psn|[from] psn\n|upkeep\n|turn|28\n|\n|switch|p1a: Heatran|Heatran, F|100\/100\n|-damage|p1a: Heatran|88\/100|[from] Stealth Rock\n|move|p2a: Tangrowth|Sludge Bomb|p1a: Heatran\n|-immune|p1a: Heatran|[msg]\n|\n|-heal|p1a: Heatran|94\/100|[from] item: Leftovers\n|-heal|p1a: Heatran|100\/100|[from] Grassy Terrain\n|upkeep\n|turn|29\n|\n|switch|p2a: Gliscor|Gliscor, F|89\/100 tox\n|move|p1a: Heatran|Stealth Rock|p2a: Gliscor\n|-sidestart|p2: garythegengar|move: Stealth Rock\n|\n|-heal|p2a: Gliscor|100\/100 tox|[from] ability: Poison Heal\n|upkeep\n|turn|30\n|\n|switch|p1a: Greninja|Greninja, M|64\/100\n|-damage|p1a: Greninja|52\/100|[from] Stealth Rock\n|move|p2a: Gliscor|Swords Dance|p2a: Gliscor\n|-boost|p2a: Gliscor|atk|2\n|\n|-heal|p1a: Greninja|58\/100|[from] Grassy Terrain\n|-fieldend|move: Grassy Terrain\n|upkeep\n|turn|31\n|\n|switch|p2a: Toxapex|Toxapex, M|100\/100\n|-damage|p2a: Toxapex|88\/100|[from] Stealth Rock\n|move|p1a: Greninja|Ice Beam|p2a: Toxapex\n|-start|p1a: Greninja|typechange|Ice|[from] Protean\n|-resisted|p2a: Toxapex\n|-damage|p2a: Toxapex|75\/100\n|\n|upkeep\n|turn|32\n|\n|switch|p1a: Tapu Bulu|Tapu Bulu|78\/100 psn\n|-damage|p1a: Tapu Bulu|66\/100 psn|[from] Stealth Rock\n|-fieldstart|move: Grassy Terrain|[from] ability: Grassy Surge|[of] p1a: Tapu Bulu\n|move|p2a: Toxapex|Toxic Spikes|p1a: Tapu Bulu\n|-sidestart|p1: CarlyBae|move: Toxic Spikes\n|\n|-heal|p1a: Tapu Bulu|72\/100 psn|[from] item: Leftovers\n|-heal|p1a: Tapu Bulu|78\/100 psn|[from] Grassy Terrain\n|-heal|p2a: Toxapex|81\/100|[from] Grassy Terrain\n|-damage|p1a: Tapu Bulu|66\/100 psn|[from] psn\n|upkeep\n|turn|33\n|\n|switch|p1a: Heatran|Heatran, F|100\/100\n|-damage|p1a: Heatran|88\/100|[from] Stealth Rock\n|switch|p2a: Tangrowth|Tangrowth, M|100\/100\n|-damage|p2a: Tangrowth|88\/100|[from] Stealth Rock\n|\n|-heal|p1a: Heatran|94\/100|[from] item: Leftovers\n|-heal|p1a: Heatran|100\/100|[from] Grassy Terrain\n|-heal|p2a: Tangrowth|94\/100|[from] Grassy Terrain\n|upkeep\n|turn|34\n|\n|switch|p1a: Magearna|Magearna|89\/100\n|-damage|p1a: Magearna|83\/100|[from] Stealth Rock\n|switch|p2a: Gliscor|Gliscor, F|100\/100 tox\n|-damage|p2a: Gliscor|88\/100 tox|[from] Stealth Rock\n|\n|-heal|p1a: Magearna|89\/100|[from] Grassy Terrain\n|-heal|p2a: Gliscor|100\/100 tox|[from] ability: Poison Heal\n|upkeep\n|turn|35\n|\n|switch|p2a: Toxapex|Toxapex, M|100\/100\n|-damage|p2a: Toxapex|88\/100|[from] Stealth Rock\n|move|p1a: Magearna|Calm Mind|p1a: Magearna\n|-boost|p1a: Magearna|spa|1\n|-boost|p1a: Magearna|spd|1\n|\n|-heal|p1a: Magearna|95\/100|[from] Grassy Terrain\n|-heal|p2a: Toxapex|94\/100|[from] Grassy Terrain\n|upkeep\n|turn|36\n|\n|switch|p1a: Alakazam|Alakazam-Mega, M|70\/100 psn\n|-damage|p1a: Alakazam|58\/100 psn|[from] Stealth Rock\n|-ability|p1a: Alakazam|Regenerator|[from] ability: Trace|[of] p2a: Toxapex\n|move|p2a: Toxapex|Haze|p2a: Toxapex\n|-clearallboost\n|\n|-heal|p1a: Alakazam|64\/100 psn|[from] Grassy Terrain\n|-heal|p2a: Toxapex|99\/100|[from] Grassy Terrain\n|-fieldend|move: Grassy Terrain\n|-damage|p1a: Alakazam|52\/100 psn|[from] psn\n|upkeep\n|turn|37\n|\n|switch|p2a: Tangrowth|Tangrowth, M|100\/100\n|-damage|p2a: Tangrowth|88\/100|[from] Stealth Rock\n|move|p1a: Alakazam|Recover|p1a: Alakazam\n|-heal|p1a: Alakazam|100\/100 psn\n|\n|-damage|p1a: Alakazam|88\/100 psn|[from] psn\n|upkeep\n|turn|38\n|\n|switch|p1a: Magearna|Magearna|95\/100\n|-damage|p1a: Magearna|89\/100|[from] Stealth Rock\n|move|p2a: Tangrowth|Earthquake|p1a: Magearna\n|-supereffective|p1a: Magearna\n|-damage|p1a: Magearna|50\/100\n|\n|upkeep\n|turn|39\n|\n|move|p1a: Magearna|Calm Mind|p1a: Magearna\n|-boost|p1a: Magearna|spa|1\n|-boost|p1a: Magearna|spd|1\n|move|p2a: Tangrowth|Earthquake|p1a: Magearna\n|-supereffective|p1a: Magearna\n|-damage|p1a: Magearna|11\/100\n|\n|upkeep\n|turn|40\n|\n|switch|p2a: Toxapex|Toxapex, M|100\/100\n|-damage|p2a: Toxapex|88\/100|[from] Stealth Rock\n|-zpower|p1a: Magearna\n|move|p1a: Magearna|Twinkle Tackle|p2a: Toxapex|[zeffect]\n|-resisted|p2a: Toxapex\n|-damage|p2a: Toxapex|27\/100\n|\n|upkeep\n|turn|41\n|\n|switch|p2a: Zapdos|Zapdos|22\/100\n|-damage|p2a: Zapdos|0 fnt|[from] Stealth Rock\n|faint|p2a: Zapdos\n|-ability|p1a: Magearna|Soul-Heart|boost\n|-boost|p1a: Magearna|spa|1\n|move|p1a: Magearna|Calm Mind|p1a: Magearna\n|-boost|p1a: Magearna|spa|1\n|-boost|p1a: Magearna|spd|1\n|\n|upkeep\n|\n|switch|p2a: Toxapex|Toxapex, M|60\/100\n|-damage|p2a: Toxapex|48\/100|[from] Stealth Rock\n|turn|42\n|\n|move|p1a: Magearna|Fleur Cannon|p2a: Toxapex\n|-resisted|p2a: Toxapex\n|-damage|p2a: Toxapex|0 fnt\n|-unboost|p1a: Magearna|spa|2\n|faint|p2a: Toxapex\n|-ability|p1a: Magearna|Soul-Heart|boost\n|-boost|p1a: Magearna|spa|1\n|\n|upkeep\n|\n|switch|p2a: Gliscor|Gliscor, F|100\/100 tox\n|-damage|p2a: Gliscor|88\/100 tox|[from] Stealth Rock\n|turn|43\n|\n|move|p2a: Gliscor|Acrobatics|p1a: Magearna\n|-resisted|p1a: Magearna\n|-damage|p1a: Magearna|3\/100\n|move|p1a: Magearna|Fleur Cannon|p2a: Gliscor\n|-damage|p2a: Gliscor|0 fnt\n|-unboost|p1a: Magearna|spa|2\n|faint|p2a: Gliscor\n|-ability|p1a: Magearna|Soul-Heart|boost\n|-boost|p1a: Magearna|spa|1\n|\n|upkeep\n|-message|garythegengar forfeited.\n|\n|win|CarlyBae\n|l|\u2606garythegengar\n|raw|CarlyBae's rating: 1649 &rarr; <strong>1672<\/strong><br \/>(+23 for winning)\n|raw|garythegengar's rating: 1686 &rarr; <strong>1664<\/strong><br \/>(-22 for losing)\n|c|\u2606CarlyBae|\/log CarlyBae made this room public.\n","uploadtime":1541483227,"views":31,"p1id":"carlybae","p2id":"garythegengar","formatid":"gen7ou","rating":1664,"private":0,"password":null}