{"id":"gen7ou-723038385","p1":"FSa","p2":"Q114","format":"gen7ou","log":"|j|\u2606FSa\n|j|\u2606Q114\n|player|p1|FSa|1\n|player|p2|Q114|265\n|teamsize|p1|6\n|teamsize|p2|6\n|gametype|singles\n|gen|7\n|tier|[Gen 7] OU\n|rated|\n|rule|Sleep Clause Mod: Limit one foe put to sleep\n|rule|Species Clause: Limit one of each Pok\u00e9mon\n|rule|OHKO Clause: OHKO moves are banned\n|rule|Moody Clause: Moody is banned\n|rule|Evasion Moves Clause: Evasion moves are banned\n|rule|Endless Battle Clause: Forcing endless battles is banned\n|rule|HP Percentage Mod: HP is shown in percentages\n|clearpoke\n|poke|p1|Shuckle, M|item\n|poke|p1|Thundurus-Therian, M|item\n|poke|p1|Serperior, M|item\n|poke|p1|Bisharp, M|item\n|poke|p1|Tapu Fini|item\n|poke|p1|Medicham, M|item\n|poke|p2|Skarmory, F|item\n|poke|p2|Chansey, F|item\n|poke|p2|Magnezone|item\n|poke|p2|Toxapex, F|item\n|poke|p2|Clefable, F|item\n|poke|p2|Sableye, F|item\n|teampreview\n|\n|start\n|switch|p1a: Tapu Fini|Tapu Fini|100\/100\n|switch|p2a: Sableye|Sableye, F|100\/100\n|-fieldstart|move: Misty Terrain|[from] ability: Misty Surge|[of] p1a: Tapu Fini\n|turn|1\n|inactive|Battle timer is ON: inactive players will automatically lose when time's up. (requested by FSa)\n|inactive|Q114 has 135 seconds left.\n|\n|-mega|p2a: Sableye|Sableye|Sablenite\n|detailschange|p2a: Sableye|Sableye-Mega, F\n|move|p2a: Sableye|Protect|p2a: Sableye\n|-singleturn|p2a: Sableye|Protect\n|move|p1a: Tapu Fini|Nature's Madness|p2a: Sableye\n|-activate|p2a: Sableye|move: Protect\n|\n|upkeep\n|turn|2\n|\n|move|p1a: Tapu Fini|Hydro Pump|p2a: Sableye\n|-damage|p2a: Sableye|70\/100\n|move|p2a: Sableye|Recover|p2a: Sableye\n|-heal|p2a: Sableye|100\/100\n|\n|upkeep\n|turn|3\n|j| slowleaf\n|\n|switch|p1a: Bisharp|Bisharp, M|100\/100\n|move|p2a: Sableye|Protect|p2a: Sableye\n|-fail|p2a: Sableye\n|\n|upkeep\n|turn|4\n|\n|switch|p2a: Skarmory|Skarmory, F|100\/100\n|move|p1a: Bisharp|Knock Off|p2a: Skarmory\n|-crit|p2a: Skarmory\n|-damage|p2a: Skarmory|41\/100\n|-damage|p1a: Bisharp|84\/100|[from] item: Rocky Helmet|[of] p2a: Skarmory\n|-enditem|p2a: Skarmory|Rocky Helmet|[from] move: Knock Off|[of] p1a: Bisharp\n|\n|upkeep\n|turn|5\n|\n|switch|p1a: Thundurus|Thundurus-Therian, M|100\/100\n|move|p2a: Skarmory|Roost|p2a: Skarmory\n|-heal|p2a: Skarmory|91\/100\n|\n|-fieldend|Misty Terrain\n|upkeep\n|turn|6\n|\n|switch|p2a: Chansey|Chansey, F|100\/100\n|move|p1a: Thundurus|Nasty Plot|p1a: Thundurus\n|-boost|p1a: Thundurus|spa|2\n|\n|upkeep\n|turn|7\n|\n|move|p1a: Thundurus|Focus Blast|p2a: Chansey\n|-supereffective|p2a: Chansey\n|-damage|p2a: Chansey|43\/100\n|move|p2a: Chansey|Toxic|p1a: Thundurus|[miss]\n|-miss|p2a: Chansey|p1a: Thundurus\n|\n|upkeep\n|turn|8\n|\n|move|p1a: Thundurus|Focus Blast|p2a: Chansey|[miss]\n|-miss|p1a: Thundurus|p2a: Chansey\n|move|p2a: Chansey|Toxic|p1a: Thundurus|[miss]\n|-miss|p2a: Chansey|p1a: Thundurus\n|\n|upkeep\n|turn|9\n|\n|move|p1a: Thundurus|Focus Blast|p2a: Chansey\n|-supereffective|p2a: Chansey\n|-damage|p2a: Chansey|0 fnt\n|faint|p2a: Chansey\n|\n|upkeep\n|\n|switch|p2a: Clefable|Clefable, F|100\/100\n|turn|10\n|\n|move|p2a: Clefable|Protect|p2a: Clefable\n|-singleturn|p2a: Clefable|Protect\n|move|p1a: Thundurus|Thunderbolt|p2a: Clefable\n|-activate|p2a: Clefable|move: Protect\n|\n|upkeep\n|turn|11\n|\n|move|p1a: Thundurus|Thunderbolt|p2a: Clefable\n|-damage|p2a: Clefable|52\/100\n|move|p2a: Clefable|Wish|p2a: Clefable\n|\n|-heal|p2a: Clefable|59\/100|[from] item: Leftovers\n|upkeep\n|turn|12\n|\n|move|p2a: Clefable|Protect|p2a: Clefable\n|-singleturn|p2a: Clefable|Protect\n|move|p1a: Thundurus|Thunderbolt|p2a: Clefable\n|-activate|p2a: Clefable|move: Protect\n|\n|-heal|p2a: Clefable|100\/100|[from] move: Wish|[wisher] Clefable\n|upkeep\n|turn|13\n|\n|move|p1a: Thundurus|Thunderbolt|p2a: Clefable\n|-damage|p2a: Clefable|57\/100\n|move|p2a: Clefable|Wish|p2a: Clefable\n|\n|-heal|p2a: Clefable|63\/100|[from] item: Leftovers\n|upkeep\n|turn|14\n|j| saigok11\n|\n|move|p1a: Thundurus|Thunderbolt|p2a: Clefable\n|-damage|p2a: Clefable|12\/100\n|move|p2a: Clefable|Moonblast|p1a: Thundurus\n|-damage|p1a: Thundurus|60\/100\n|\n|-heal|p2a: Clefable|62\/100|[from] move: Wish|[wisher] Clefable\n|-heal|p2a: Clefable|68\/100|[from] item: Leftovers\n|upkeep\n|turn|15\n|\n|move|p2a: Clefable|Protect|p2a: Clefable\n|-singleturn|p2a: Clefable|Protect\n|-zpower|p1a: Thundurus\n|move|p1a: Thundurus|Gigavolt Havoc|p2a: Clefable|[zeffect]\n|-zbroken|p2a: Clefable\n|-damage|p2a: Clefable|44\/100\n|\n|-heal|p2a: Clefable|50\/100|[from] item: Leftovers\n|upkeep\n|turn|16\n|j| Clesc\n|\n|move|p1a: Thundurus|Thunderbolt|p2a: Clefable\n|-damage|p2a: Clefable|0 fnt\n|faint|p2a: Clefable\n|\n|upkeep\n|inactive|Q114 has 135 seconds left.\n|inactive|Q114 has 120 seconds left.\n|l| Clesc\n|inactive|Q114 has 105 seconds left.\n|c|\u2606FSa|quagsire or swampert, plz\n|inactive|Q114 has 90 seconds left.\n|inactive|Q114 has 75 seconds left.\n|inactive|Q114 has 60 seconds left.\n|inactive|Q114 has 45 seconds left.\n|l| saigok11\n|inactive|Q114 has 30 seconds left.\n|inactive|Q114 has 20 seconds left.\n|inactive|Q114 has 15 seconds left.\n|inactive|Q114 has 10 seconds left.\n|j| Vessev\n|inactive|Q114 has 5 seconds left.\n|c|\u2606FSa|loser\n|-message|Q114 lost due to inactivity.\n|\n|win|FSa\n|c| Vessev|gg\n|raw|FSa's rating: 1792 &rarr; <strong>1813<\/strong><br \/>(+21 for winning)\n|raw|Q114's rating: 1819 &rarr; <strong>1798<\/strong><br \/>(-21 for losing)\n|c| Vessev|owned\n|c| Vessev|rekt\n|c| Vessev|destroyed\n|l| slowleaf\n|c| Vessev|eZ\n|c|\u2606FSa|hahaha nice\n","inputlog":null,"uploadtime":1521946618,"views":80,"p1id":"fsa","p2id":"q114","formatid":"gen7ou","rating":1798,"private":0,"password":null}