{"id":"gen7ou-776747470","p1":"zplus","p2":"BigL91","format":"gen7ou","log":"|j|\u2606zplus\n|j|\u2606BigL91\n|player|p1|zplus|262\n|player|p2|BigL91|135\n|teamsize|p1|6\n|teamsize|p2|6\n|gametype|singles\n|gen|7\n|tier|[Gen 7] OU\n|rated|\n|rule|Sleep Clause Mod: Limit one foe put to sleep\n|rule|Species Clause: Limit one of each Pok\u00e9mon\n|rule|OHKO Clause: OHKO moves are banned\n|rule|Moody Clause: Moody is banned\n|rule|Evasion Moves Clause: Evasion moves are banned\n|rule|Endless Battle Clause: Forcing endless battles is banned\n|rule|HP Percentage Mod: HP is shown in percentages\n|clearpoke\n|poke|p1|Ribombee, M|item\n|poke|p1|Blacephalon|item\n|poke|p1|Serperior, M|item\n|poke|p1|Mew|item\n|poke|p1|Landorus-Therian, M|item\n|poke|p1|Medicham, M|item\n|poke|p2|Weavile, F|item\n|poke|p2|Landorus-Therian, M|item\n|poke|p2|Latios, M|item\n|poke|p2|Greninja, M|item\n|poke|p2|Magearna|item\n|poke|p2|Tapu Bulu|item\n|teampreview\n|\n|start\n|switch|p1a: Ribombee|Ribombee, M|100\/100\n|switch|p2a: Greninja|Greninja, M|100\/100\n|turn|1\n|\n|move|p1a: Ribombee|Sticky Web|p2a: Greninja\n|-sidestart|p2: BigL91|move: Sticky Web\n|move|p2a: Greninja|Toxic Spikes|p1a: Ribombee\n|-start|p2a: Greninja|typechange|Poison|[from] Protean\n|-sidestart|p1: zplus|move: Toxic Spikes\n|\n|upkeep\n|turn|2\n|\n|move|p1a: Ribombee|Stun Spore|p2a: Greninja\n|-status|p2a: Greninja|par\n|cant|p2a: Greninja|par\n|\n|upkeep\n|turn|3\n|\n|switch|p1a: Blacephalon|Blacephalon|100\/100\n|-status|p1a: Blacephalon|psn\n|cant|p2a: Greninja|par\n|\n|-damage|p1a: Blacephalon|88\/100 psn|[from] psn\n|upkeep\n|turn|4\n|\n|move|p1a: Blacephalon|Fire Blast|p2a: Greninja\n|-enditem|p2a: Greninja|Focus Sash\n|-damage|p2a: Greninja|1\/100 par\n|move|p2a: Greninja|Spikes|p1a: Blacephalon\n|-start|p2a: Greninja|typechange|Ground|[from] Protean\n|-sidestart|p1: zplus|Spikes\n|\n|-damage|p1a: Blacephalon|75\/100 psn|[from] psn\n|upkeep\n|turn|5\n|\n|move|p1a: Blacephalon|Fire Blast|p2a: Greninja\n|-crit|p2a: Greninja\n|-damage|p2a: Greninja|0 fnt\n|faint|p2a: Greninja\n|-ability|p1a: Blacephalon|Beast Boost|boost\n|-boost|p1a: Blacephalon|spa|1\n|\n|-damage|p1a: Blacephalon|63\/100 psn|[from] psn\n|upkeep\n|\n|switch|p2a: Latios|Latios, M|100\/100\n|turn|6\n|\n|detailschange|p2a: Latios|Latios-Mega, M\n|-mega|p2a: Latios|Latios|Latiosite\n|move|p2a: Latios|Ice Beam|p1a: Blacephalon\n|-resisted|p1a: Blacephalon\n|-damage|p1a: Blacephalon|35\/100 psn\n|move|p1a: Blacephalon|Fire Blast|p2a: Latios\n|-resisted|p2a: Latios\n|-damage|p2a: Latios|17\/100\n|\n|-damage|p1a: Blacephalon|22\/100 psn|[from] psn\n|upkeep\n|turn|7\n|\n|move|p2a: Latios|Ice Beam|p1a: Blacephalon\n|-resisted|p1a: Blacephalon\n|-damage|p1a: Blacephalon|0 fnt\n|faint|p1a: Blacephalon\n|\n|upkeep\n|\n|switch|p1a: Landorus|Landorus-Therian, M|100\/100\n|-ability|p1a: Landorus|Intimidate|boost\n|-unboost|p2a: Latios|atk|1\n|turn|8\n|\n|move|p1a: Landorus|U-turn|p2a: Latios\n|-supereffective|p2a: Latios\n|-damage|p2a: Latios|0 fnt\n|faint|p2a: Latios\n|\n|switch|p1a: Serperior|Serperior, M|100\/100\n|-status|p1a: Serperior|psn\n|-damage|p1a: Serperior|88\/100 psn|[from] Spikes\n|\n|-damage|p1a: Serperior|76\/100 psn|[from] psn\n|upkeep\n|\n|switch|p2a: Weavile|Weavile, F|100\/100\n|-activate|p2a: Weavile|move: Sticky Web\n|-unboost|p2a: Weavile|spe|1\n|-ability|p2a: Weavile|Pressure\n|turn|9\n|\n|move|p1a: Serperior|Leaf Storm|p2a: Weavile\n|-damage|p2a: Weavile|40\/100\n|-boost|p1a: Serperior|spa|2\n|move|p2a: Weavile|Icicle Crash|p1a: Serperior\n|-supereffective|p1a: Serperior\n|-damage|p1a: Serperior|0 fnt\n|faint|p1a: Serperior\n|\n|upkeep\n|\n|switch|p1a: Medicham|Medicham, M|100\/100\n|-status|p1a: Medicham|psn\n|-damage|p1a: Medicham|88\/100 psn|[from] Spikes\n|turn|10\n|\n|switch|p2a: Landorus|Landorus-Therian, M|100\/100\n|-ability|p2a: Landorus|Intimidate|boost\n|-unboost|p1a: Medicham|atk|1\n|detailschange|p1a: Medicham|Medicham-Mega, M\n|-mega|p1a: Medicham|Medicham|Medichamite\n|move|p1a: Medicham|High Jump Kick|p2a: Landorus\n|-resisted|p2a: Landorus\n|-damage|p2a: Landorus|58\/100\n|\n|-damage|p1a: Medicham|76\/100 psn|[from] psn\n|upkeep\n|turn|11\n|\n|switch|p1a: Landorus|Landorus-Therian, M|100\/100\n|-ability|p1a: Landorus|Intimidate|boost\n|-unboost|p2a: Landorus|atk|1\n|move|p2a: Landorus|U-turn|p1a: Landorus\n|-resisted|p1a: Landorus\n|-damage|p1a: Landorus|91\/100\n|\n|switch|p2a: Weavile|Weavile, F|40\/100\n|-activate|p2a: Weavile|move: Sticky Web\n|-unboost|p2a: Weavile|spe|1\n|-ability|p2a: Weavile|Pressure\n|\n|upkeep\n|turn|12\n|\n|switch|p1a: Mew|Mew|100\/100\n|-status|p1a: Mew|psn\n|-damage|p1a: Mew|88\/100 psn|[from] Spikes\n|move|p2a: Weavile|Ice Shard|p1a: Mew\n|-crit|p1a: Mew\n|-damage|p1a: Mew|60\/100 psn\n|\n|-damage|p1a: Mew|48\/100 psn|[from] psn\n|upkeep\n|turn|13\n|\n|move|p1a: Mew|Fire Blast|p2a: Weavile\n|-supereffective|p2a: Weavile\n|-crit|p2a: Weavile\n|-damage|p2a: Weavile|0 fnt\n|faint|p2a: Weavile\n|\n|-damage|p1a: Mew|35\/100 psn|[from] psn\n|upkeep\n|\n|switch|p2a: Landorus|Landorus-Therian, M|58\/100\n|-ability|p2a: Landorus|Intimidate|boost\n|-unboost|p1a: Mew|atk|1\n|turn|14\n|\n|move|p2a: Landorus|U-turn|p1a: Mew\n|-supereffective|p1a: Mew\n|-damage|p1a: Mew|0 fnt\n|faint|p1a: Mew\n|\n|switch|p2a: Magearna|Magearna|100\/100\n|-activate|p2a: Magearna|move: Sticky Web\n|-unboost|p2a: Magearna|spe|1\n|\n|upkeep\n|\n|switch|p1a: Medicham|Medicham-Mega, M|76\/100 psn\n|-damage|p1a: Medicham|64\/100 psn|[from] Spikes\n|turn|15\n|\n|move|p1a: Medicham|High Jump Kick|p2a: Magearna\n|-damage|p2a: Magearna|0 fnt\n|faint|p2a: Magearna\n|\n|-damage|p1a: Medicham|51\/100 psn|[from] psn\n|upkeep\n|\n|switch|p2a: Landorus|Landorus-Therian, M|58\/100\n|-ability|p2a: Landorus|Intimidate|boost\n|-unboost|p1a: Medicham|atk|1\n|turn|16\n|\n|switch|p1a: Landorus|Landorus-Therian, M|91\/100\n|-ability|p1a: Landorus|Intimidate|boost\n|-unboost|p2a: Landorus|atk|1\n|move|p2a: Landorus|U-turn|p1a: Landorus\n|-resisted|p1a: Landorus\n|-damage|p1a: Landorus|80\/100\n|\n|switch|p2a: Tapu Bulu|Tapu Bulu|100\/100\n|-activate|p2a: Tapu Bulu|move: Sticky Web\n|-unboost|p2a: Tapu Bulu|spe|1\n|-fieldstart|move: Grassy Terrain|[from] ability: Grassy Surge|[of] p2a: Tapu Bulu\n|\n|upkeep\n|turn|17\n|\n|move|p1a: Landorus|Explosion|p2a: Tapu Bulu\n|-damage|p2a: Tapu Bulu|0 fnt\n|faint|p1a: Landorus\n|faint|p2a: Tapu Bulu\n|\n|upkeep\n|\n|switch|p1a: Ribombee|Ribombee, M|100\/100\n|switch|p2a: Landorus|Landorus-Therian, M|58\/100\n|-ability|p2a: Landorus|Intimidate|boost\n|-unboost|p1a: Ribombee|atk|1\n|-damage|p1a: Ribombee|88\/100|[from] Spikes\n|-status|p1a: Ribombee|psn\n|turn|18\n|\n|move|p2a: Landorus|Earthquake|p1a: Ribombee\n|-resisted|p1a: Ribombee\n|-damage|p1a: Ribombee|61\/100 psn\n|move|p1a: Ribombee|Moonblast|p2a: Landorus\n|-damage|p2a: Landorus|11\/100\n|\n|-heal|p1a: Ribombee|67\/100 psn|[from] Grassy Terrain\n|-damage|p1a: Ribombee|55\/100 psn|[from] psn\n|upkeep\n|turn|19\n|\n|move|p2a: Landorus|Earthquake|p1a: Ribombee\n|-resisted|p1a: Ribombee\n|-damage|p1a: Ribombee|29\/100 psn\n|move|p1a: Ribombee|Moonblast|p2a: Landorus\n|-damage|p2a: Landorus|0 fnt\n|faint|p2a: Landorus\n|\n|win|zplus\n","inputlog":null,"uploadtime":1531774540,"views":8,"p1id":"zplus","p2id":"bigl91","formatid":"gen7ou","rating":0,"private":0,"password":null}