{"id":"gen7ou-1109621383","p1":"A","p2":"meuio","format":"gen7ou","log":"|j|\u2606A\n|j|\u2606meuio\n|player|p1|A|pokekid|1490\n|player|p2|meuio|waitress|1478\n|teamsize|p1|6\n|teamsize|p2|6\n|gametype|singles\n|gen|7\n|tier|[Gen 7] OU\n|rated|\n|clearpoke\n|poke|p1|Zapdos|item\n|poke|p1|Aggron, F|item\n|poke|p1|Tapu Bulu|item\n|poke|p1|Heatran, M|item\n|poke|p1|Reuniclus, F|item\n|poke|p1|Chansey, F|item\n|poke|p2|Breloom, M|item\n|poke|p2|Toxapex, F|item\n|poke|p2|Mawile, M|item\n|poke|p2|Tapu Koko|item\n|poke|p2|Landorus-Therian, M|item\n|poke|p2|Hawlucha, F|item\n|rule|Sleep Clause Mod: Limit one foe put to sleep\n|rule|Species Clause: Limit one of each Pok\u00e9mon\n|rule|OHKO Clause: OHKO moves are banned\n|rule|Moody Clause: Moody is banned\n|rule|Evasion Moves Clause: Evasion moves are banned\n|rule|Endless Battle Clause: Forcing endless battles is banned\n|rule|HP Percentage Mod: HP is shown in percentages\n|teampreview\n|\n|start\n|switch|p1a: UH OH STINKY|Aggron, F|100\/100\n|switch|p2a: FloRida|Landorus-Therian, M|100\/100\n|-ability|p2a: FloRida|Intimidate|boost\n|-unboost|p1a: UH OH STINKY|atk|1\n|turn|1\n|\n|detailschange|p1a: UH OH STINKY|Aggron-Mega, F\n|-mega|p1a: UH OH STINKY|Aggron|Aggronite\n|move|p2a: FloRida|Earthquake|p1a: UH OH STINKY\n|-supereffective|p1a: UH OH STINKY\n|-damage|p1a: UH OH STINKY|59\/100\n|move|p1a: UH OH STINKY|Stealth Rock|p2a: FloRida\n|-sidestart|p2: meuio|move: Stealth Rock\n|\n|upkeep\n|turn|2\n|\n|switch|p2a: yeezy|Tapu Koko|100\/100\n|-damage|p2a: yeezy|88\/100|[from] Stealth Rock\n|-fieldstart|move: Electric Terrain|[from] ability: Electric Surge|[of] p2a: yeezy\n|switch|p1a: MONOGAMIST|Tapu Bulu|100\/100\n|-fieldstart|move: Grassy Terrain|[from] ability: Grassy Surge|[of] p1a: MONOGAMIST\n|\n|-heal|p2a: yeezy|94\/100|[from] item: Leftovers\n|-heal|p2a: yeezy|99\/100|[from] Grassy Terrain\n|upkeep\n|turn|3\n|\n|move|p1a: MONOGAMIST|Wood Hammer|p2a: yeezy\n|-damage|p2a: yeezy|0 fnt\n|-damage|p1a: MONOGAMIST|60\/100|[from] Recoil\n|faint|p2a: yeezy\n|\n|-heal|p1a: MONOGAMIST|66\/100|[from] Grassy Terrain\n|upkeep\n|\n|switch|p2a: NoName|Mawile, M|100\/100\n|-damage|p2a: NoName|94\/100|[from] Stealth Rock\n|-ability|p2a: NoName|Intimidate|boost\n|-unboost|p1a: MONOGAMIST|atk|1\n|turn|4\n|\n|switch|p1a: UH OH STINKY|Aggron-Mega, F|59\/100\n|detailschange|p2a: NoName|Mawile-Mega, M\n|-mega|p2a: NoName|Mawile|Mawilite\n|move|p2a: NoName|Knock Off|p1a: UH OH STINKY\n|-damage|p1a: UH OH STINKY|39\/100\n|\n|-heal|p2a: NoName|100\/100|[from] Grassy Terrain\n|-heal|p1a: UH OH STINKY|45\/100|[from] Grassy Terrain\n|upkeep\n|turn|5\n|j| justatest123\n|\n|move|p2a: NoName|Swords Dance|p2a: NoName\n|-boost|p2a: NoName|atk|2\n|move|p1a: UH OH STINKY|Heavy Slam|p2a: NoName\n|-damage|p2a: NoName|35\/100\n|\n|-heal|p2a: NoName|41\/100|[from] Grassy Terrain\n|-heal|p1a: UH OH STINKY|52\/100|[from] Grassy Terrain\n|upkeep\n|turn|6\n|\n|move|p2a: NoName|Sucker Punch|p1a: UH OH STINKY\n|-damage|p1a: UH OH STINKY|9\/100\n|move|p1a: UH OH STINKY|Heavy Slam|p2a: NoName\n|-damage|p2a: NoName|0 fnt\n|faint|p2a: NoName\n|\n|-heal|p1a: UH OH STINKY|15\/100|[from] Grassy Terrain\n|-fieldend|move: Grassy Terrain\n|upkeep\n|\n|switch|p2a: Schoolboy Q|Breloom, M, shiny|100\/100\n|-damage|p2a: Schoolboy Q|94\/100|[from] Stealth Rock\n|turn|7\n|\n|move|p2a: Schoolboy Q|Substitute|p2a: Schoolboy Q\n|-start|p2a: Schoolboy Q|Substitute\n|-damage|p2a: Schoolboy Q|69\/100\n|move|p1a: UH OH STINKY|Ice Punch|p2a: Schoolboy Q\n|-supereffective|p2a: Schoolboy Q\n|-end|p2a: Schoolboy Q|Substitute\n|\n|-status|p2a: Schoolboy Q|tox|[from] item: Toxic Orb\n|upkeep\n|turn|8\n|\n|move|p2a: Schoolboy Q|Spore|p1a: UH OH STINKY\n|-status|p1a: UH OH STINKY|slp|[from] move: Spore\n|cant|p1a: UH OH STINKY|slp\n|\n|-heal|p2a: Schoolboy Q|82\/100 tox|[from] ability: Poison Heal\n|upkeep\n|turn|9\n|\n|switch|p1a: GIANT MILAS|Zapdos|100\/100\n|move|p2a: Schoolboy Q|Substitute|p2a: Schoolboy Q\n|-start|p2a: Schoolboy Q|Substitute\n|-damage|p2a: Schoolboy Q|57\/100 tox\n|\n|-heal|p2a: Schoolboy Q|69\/100 tox|[from] ability: Poison Heal\n|upkeep\n|turn|10\n|\n|move|p1a: GIANT MILAS|Heat Wave|p2a: Schoolboy Q\n|-supereffective|p2a: Schoolboy Q\n|-end|p2a: Schoolboy Q|Substitute\n|move|p2a: Schoolboy Q|Leech Seed|p1a: GIANT MILAS\n|-start|p1a: GIANT MILAS|move: Leech Seed\n|\n|-damage|p1a: GIANT MILAS|88\/100|[from] Leech Seed|[of] p2a: Schoolboy Q\n|-heal|p2a: Schoolboy Q|84\/100 tox|[silent]\n|-heal|p2a: Schoolboy Q|96\/100 tox|[from] ability: Poison Heal\n|upkeep\n|turn|11\n|\n|switch|p2a: LilUzi|Toxapex, F, shiny|100\/100\n|-damage|p2a: LilUzi|88\/100|[from] Stealth Rock\n|move|p1a: GIANT MILAS|Heat Wave|p2a: LilUzi\n|-resisted|p2a: LilUzi\n|-damage|p2a: LilUzi|76\/100\n|\n|-heal|p1a: GIANT MILAS|94\/100|[from] item: Leftovers\n|-heal|p2a: LilUzi|83\/100|[from] item: Black Sludge\n|-damage|p1a: GIANT MILAS|82\/100|[from] Leech Seed|[of] p2a: LilUzi\n|-heal|p2a: LilUzi|98\/100|[silent]\n|upkeep\n|turn|12\n|\n|switch|p1a: UMU|Reuniclus, F, shiny|100\/100\n|move|p2a: LilUzi|Scald|p1a: UMU\n|-damage|p1a: UMU|84\/100\n|\n|-heal|p2a: LilUzi|100\/100|[from] item: Black Sludge\n|upkeep\n|turn|13\n|\n|switch|p2a: FloRida|Landorus-Therian, M|100\/100\n|-damage|p2a: FloRida|88\/100|[from] Stealth Rock\n|-ability|p2a: FloRida|Intimidate|boost\n|-unboost|p1a: UMU|atk|1\n|move|p1a: UMU|Calm Mind|p1a: UMU\n|-boost|p1a: UMU|spa|1\n|-boost|p1a: UMU|spd|1\n|\n|upkeep\n|turn|14\n|j| sdrgdtfk\n|\n|move|p2a: FloRida|Stone Edge|p1a: UMU\n|-damage|p1a: UMU|58\/100\n|move|p1a: UMU|Recover|p1a: UMU\n|-heal|p1a: UMU|100\/100\n|\n|upkeep\n|turn|15\n|l| sdrgdtfk\n|\n|switch|p2a: Schoolboy Q|Breloom, M, shiny|96\/100 tox\n|-damage|p2a: Schoolboy Q|90\/100 tox|[from] Stealth Rock\n|move|p1a: UMU|Psyshock|p2a: Schoolboy Q\n|-supereffective|p2a: Schoolboy Q\n|-damage|p2a: Schoolboy Q|0 fnt\n|faint|p2a: Schoolboy Q\n|\n|upkeep\n|\n|switch|p2a: FloRida|Landorus-Therian, M|88\/100\n|-damage|p2a: FloRida|76\/100|[from] Stealth Rock\n|-ability|p2a: FloRida|Intimidate|boost\n|-unboost|p1a: UMU|atk|1\n|turn|16\n|\n|move|p2a: FloRida|U-turn|p1a: UMU\n|-supereffective|p1a: UMU\n|-damage|p1a: UMU|63\/100\n|-message|meuio forfeited.\n|\n|win|A\n|raw|A's rating: 1490 &rarr; <strong>1509<\/strong><br \/>(+19 for winning)\n|raw|meuio's rating: 1478 &rarr; <strong>1458<\/strong><br \/>(-20 for losing)\n","uploadtime":1588753469,"views":6,"p1id":"a","p2id":"meuio","formatid":"gen7ou","rating":1458,"private":0,"password":null}