{"id":"gen7ou-1685421945","p1":"Samuruai45","p2":"Capital Cruiser","format":"gen7ou","log":"|j|\u2606Samuruai45\n|j|\u203dCapital Cruiser\n|t:|1665736281\n|gametype|singles\n|player|p1|Samuruai45|caitlin|1491\n|player|p2|Capital Cruiser|cheren-gen5bw2|1590\n|teamsize|p1|6\n|teamsize|p2|6\n|gen|7\n|tier|[Gen 7] OU\n|rated|\n|rule|Sleep Clause Mod: Limit one foe put to sleep\n|rule|Species Clause: Limit one of each Pok\u00e9mon\n|rule|OHKO Clause: OHKO moves are banned\n|rule|Moody Clause: Moody is banned\n|rule|Evasion Items Clause: Evasion items are banned\n|rule|Evasion Moves Clause: Evasion moves are banned\n|rule|Endless Battle Clause: Forcing endless battles is banned\n|rule|HP Percentage Mod: HP is shown in percentages\n|clearpoke\n|poke|p1|Pelipper, F|item\n|poke|p1|Kingdra, M|item\n|poke|p1|Crawdaunt, F|item\n|poke|p1|Magearna|item\n|poke|p1|Araquanid, F|item\n|poke|p1|Swampert, F|item\n|poke|p2|Muk-Alola, M|item\n|poke|p2|Chansey, F|item\n|poke|p2|Alakazam, F|item\n|poke|p2|Celesteela|item\n|poke|p2|Landorus-Therian, M|item\n|poke|p2|Ditto|item\n|teampreview\n|inactive|Battle timer is ON: inactive players will automatically lose when time's up. (requested by Capital Cruiser)\n|\n|t:|1665736305\n|start\n|switch|p1a: Swampert|Swampert, F|100\/100\n|switch|p2a: Muk|Muk-Alola, M, shiny|100\/100\n|turn|1\n|\n|t:|1665736314\n|switch|p2a: Celesteela|Celesteela, shiny|100\/100\n|detailschange|p1a: Swampert|Swampert-Mega, F\n|-mega|p1a: Swampert|Swampert|Swampertite\n|move|p1a: Swampert|Stealth Rock|p2a: Celesteela\n|-sidestart|p2: Capital Cruiser|move: Stealth Rock\n|\n|upkeep\n|turn|2\n|\n|t:|1665736318\n|switch|p1a: Pelipper|Pelipper, F|100\/100\n|-weather|RainDance|[from] ability: Drizzle|[of] p1a: Pelipper\n|move|p2a: Celesteela|Air Slash|p1a: Pelipper\n|-damage|p1a: Pelipper|66\/100\n|\n|-weather|RainDance|[upkeep]\n|upkeep\n|turn|3\n|\n|t:|1665736323\n|move|p2a: Celesteela|Air Slash|p1a: Pelipper\n|-damage|p1a: Pelipper|32\/100\n|cant|p1a: Pelipper|flinch\n|\n|-weather|RainDance|[upkeep]\n|upkeep\n|turn|4\n|\n|t:|1665736330\n|switch|p1a: Magearna|Magearna|100\/100\n|move|p2a: Celesteela|Air Slash|p1a: Magearna\n|-resisted|p1a: Magearna\n|-damage|p1a: Magearna|86\/100\n|\n|-weather|RainDance|[upkeep]\n|upkeep\n|turn|5\n|\n|t:|1665736336\n|switch|p2a: Chansey|Chansey, F, shiny|100\/100\n|-damage|p2a: Chansey|88\/100|[from] Stealth Rock\n|move|p1a: Magearna|Trick Room|p1a: Magearna\n|-fieldstart|move: Trick Room|[of] p1a: Magearna\n|\n|-weather|RainDance|[upkeep]\n|upkeep\n|turn|6\n|\n|t:|1665736347\n|move|p2a: Chansey|Toxic|p1a: Magearna\n|-immune|p1a: Magearna\n|move|p1a: Magearna|Volt Switch|p2a: Chansey\n|-damage|p2a: Chansey|83\/100\n|\n|t:|1665736350\n|switch|p1a: Crawdaunt|Crawdaunt, F|100\/100|[from]move: Volt Switch\n|\n|-weather|RainDance|[upkeep]\n|upkeep\n|turn|7\n|\n|t:|1665736354\n|move|p2a: Chansey|Toxic|p1a: Crawdaunt\n|-status|p1a: Crawdaunt|tox\n|move|p1a: Crawdaunt|Crabhammer|p2a: Chansey\n|-damage|p2a: Chansey|0 fnt\n|faint|p2a: Chansey\n|\n|-weather|RainDance|[upkeep]\n|-damage|p1a: Crawdaunt|95\/100 tox|[from] psn\n|upkeep\n|\n|t:|1665736363\n|switch|p2a: Landorus|Landorus-Therian, M, shiny|100\/100\n|-damage|p2a: Landorus|88\/100|[from] Stealth Rock\n|-ability|p2a: Landorus|Intimidate|boost\n|-unboost|p1a: Crawdaunt|atk|1\n|turn|8\n|\n|t:|1665736366\n|move|p2a: Landorus|Earthquake|p1a: Crawdaunt\n|-damage|p1a: Crawdaunt|23\/100 tox\n|move|p1a: Crawdaunt|Crabhammer|p2a: Landorus\n|-supereffective|p2a: Landorus\n|-damage|p2a: Landorus|0 fnt\n|faint|p2a: Landorus\n|\n|-weather|RainDance|[upkeep]\n|-damage|p1a: Crawdaunt|11\/100 tox|[from] psn\n|upkeep\n|\n|t:|1665736379\n|switch|p2a: Celesteela|Celesteela, shiny|100\/100\n|-damage|p2a: Celesteela|88\/100|[from] Stealth Rock\n|turn|9\n|\n|t:|1665736383\n|move|p2a: Celesteela|Flash Cannon|p1a: Crawdaunt\n|-resisted|p1a: Crawdaunt\n|-damage|p1a: Crawdaunt|0 fnt\n|faint|p1a: Crawdaunt\n|-ability|p2a: Celesteela|Beast Boost|boost\n|-boost|p2a: Celesteela|def|1\n|\n|-weather|none\n|-fieldend|move: Trick Room\n|upkeep\n|\n|t:|1665736388\n|switch|p1a: Pelipper|Pelipper, F|32\/100\n|-weather|RainDance|[from] ability: Drizzle|[of] p1a: Pelipper\n|turn|10\n|\n|t:|1665736393\n|switch|p1a: Magearna|Magearna|86\/100\n|move|p2a: Celesteela|Air Slash|p1a: Magearna\n|-resisted|p1a: Magearna\n|-damage|p1a: Magearna|73\/100\n|\n|-weather|RainDance|[upkeep]\n|upkeep\n|turn|11\n|\n|t:|1665736398\n|move|p2a: Celesteela|Flash Cannon|p1a: Magearna\n|-damage|p1a: Magearna|43\/100\n|move|p1a: Magearna|Trick Room|p1a: Magearna\n|-fieldstart|move: Trick Room|[of] p1a: Magearna\n|\n|-weather|RainDance|[upkeep]\n|upkeep\n|turn|12\n|\n|t:|1665736409\n|move|p2a: Celesteela|Flash Cannon|p1a: Magearna\n|-damage|p1a: Magearna|14\/100\n|-unboost|p1a: Magearna|spd|1\n|-enditem|p1a: Magearna|Iapapa Berry|[eat]\n|-heal|p1a: Magearna|64\/100|[from] item: Iapapa Berry\n|move|p1a: Magearna|Volt Switch|p2a: Celesteela\n|-supereffective|p2a: Celesteela\n|-damage|p2a: Celesteela|51\/100\n|\n|t:|1665736415\n|switch|p1a: Araquanid|Araquanid, F|100\/100|[from]move: Volt Switch\n|\n|-weather|RainDance|[upkeep]\n|upkeep\n|turn|13\n|\n|t:|1665736420\n|move|p1a: Araquanid|Liquidation|p2a: Celesteela\n|-crit|p2a: Celesteela\n|-damage|p2a: Celesteela|0 fnt\n|faint|p2a: Celesteela\n|\n|-weather|RainDance|[upkeep]\n|upkeep\n|-message|Capital Cruiser forfeited.\n|\n|win|Samuruai45\n|raw|Samuruai45's rating: 1491 &rarr; <strong>1517<\/strong><br \/>(+26 for winning)\n|raw|Capital Cruiser's rating: 1590 &rarr; <strong>1564<\/strong><br \/>(-26 for losing)\n|l|\u203dCapital Cruiser\n","uploadtime":1665736431,"views":9,"p1id":"samuruai45","p2id":"capitalcruiser","formatid":"gen7ou","rating":1517,"private":0,"password":null}