{"id":"gen7ou-1351693422","p1":"RTSG tests","p2":"HaaiL","format":"gen7ou","log":"|j|\u2606RTSG tests\n|j|\u2606HaaiL\n|t:|1622625650\n|gametype|singles\n|player|p1|RTSG tests|birdkeeper|\n|player|p2|HaaiL|daisy-gen3|\n|teamsize|p1|6\n|teamsize|p2|6\n|gen|7\n|tier|[Gen 7] OU\n|rated|Tournament battle\n|rule|Sleep Clause Mod: Limit one foe put to sleep\n|rule|Species Clause: Limit one of each Pok\u00e9mon\n|rule|OHKO Clause: OHKO moves are banned\n|rule|Moody Clause: Moody is banned\n|rule|Evasion Moves Clause: Evasion moves are banned\n|rule|Endless Battle Clause: Forcing endless battles is banned\n|rule|HP Percentage Mod: HP is shown in percentages\n|clearpoke\n|poke|p1|Excadrill, M|item\n|poke|p1|Sceptile, M|item\n|poke|p1|Feraligatr, M|item\n|poke|p1|Infernape, M|item\n|poke|p1|Salamence, M|item\n|poke|p1|Zeraora|item\n|poke|p2|Scizor, F|item\n|poke|p2|Tapu Bulu|item\n|poke|p2|Heatran, F|item\n|poke|p2|Kartana|item\n|poke|p2|Greninja, M|item\n|poke|p2|Landorus-Therian, M|item\n|teampreview\n|c|\u2606HaaiL|Hf\n|c|\u2606RTSG tests|yt\n|\n|t:|1622625666\n|start\n|switch|p1a: Ozil|Zeraora|100\/100\n|switch|p2a: Landorus|Landorus-Therian, M|100\/100\n|-ability|p2a: Landorus|Intimidate|boost\n|-unboost|p1a: Ozil|atk|1\n|turn|1\n|\n|t:|1622625671\n|move|p2a: Landorus|U-turn|p1a: Ozil\n|-damage|p1a: Ozil|68\/100\n|\n|t:|1622625675\n|switch|p2a: Tapu Bulu|Tapu Bulu|100\/100|[from]move: U-turn\n|-fieldstart|move: Grassy Terrain|[from] ability: Grassy Surge|[of] p2a: Tapu Bulu\n|move|p1a: Ozil|Hidden Power|p2a: Tapu Bulu\n|-supereffective|p2a: Tapu Bulu\n|-damage|p2a: Tapu Bulu|62\/100\n|\n|-heal|p1a: Ozil|74\/100|[from] Grassy Terrain\n|-heal|p2a: Tapu Bulu|68\/100|[from] Grassy Terrain\n|-heal|p2a: Tapu Bulu|74\/100|[from] item: Leftovers\n|upkeep\n|turn|2\n|\n|t:|1622625679\n|switch|p1a: Toyota|Excadrill, M|100\/100\n|-ability|p1a: Toyota|Mold Breaker\n|move|p2a: Tapu Bulu|Protect||[still]\n|-fail|p2a: Tapu Bulu\n|\n|-heal|p2a: Tapu Bulu|80\/100|[from] Grassy Terrain\n|-heal|p2a: Tapu Bulu|87\/100|[from] item: Leftovers\n|upkeep\n|turn|3\n|\n|t:|1622625683\n|switch|p2a: Scizor|Scizor, F|100\/100\n|move|p1a: Toyota|Stealth Rock|p2a: Scizor\n|-sidestart|p2: HaaiL|move: Stealth Rock\n|\n|upkeep\n|turn|4\n|\n|t:|1622625687\n|switch|p1a: Cazorla|Infernape, M|100\/100\n|detailschange|p2a: Scizor|Scizor-Mega, F\n|-mega|p2a: Scizor|Scizor|Scizorite\n|move|p2a: Scizor|U-turn|p1a: Cazorla\n|-resisted|p1a: Cazorla\n|-damage|p1a: Cazorla|88\/100\n|\n|t:|1622625690\n|switch|p2a: Landorus|Landorus-Therian, M|100\/100|[from]move: U-turn\n|-damage|p2a: Landorus|88\/100|[from] Stealth Rock\n|-ability|p2a: Landorus|Intimidate|boost\n|-unboost|p1a: Cazorla|atk|1\n|\n|-heal|p1a: Cazorla|94\/100|[from] Grassy Terrain\n|upkeep\n|turn|5\n|\n|t:|1622625694\n|switch|p1a: Toyota|Excadrill, M|100\/100\n|-ability|p1a: Toyota|Mold Breaker\n|move|p2a: Landorus|Defog|p1a: Toyota\n|-unboost|p1a: Toyota|evasion|1\n|-sideend|p2: HaaiL|Stealth Rock|[from] move: Defog|[of] p2a: Landorus\n|\n|-fieldend|move: Grassy Terrain\n|upkeep\n|turn|6\n|\n|t:|1622625700\n|switch|p2a: Greninja|Greninja, M|100\/100\n|move|p1a: Toyota|Stealth Rock|p2a: Greninja\n|-sidestart|p2: HaaiL|move: Stealth Rock\n|\n|upkeep\n|turn|7\n|\n|t:|1622625706\n|move|p2a: Greninja|Dark Pulse|p1a: Toyota\n|-damage|p1a: Toyota|31\/100\n|move|p1a: Toyota|Earthquake|p2a: Greninja\n|-damage|p2a: Greninja|6\/100\n|\n|upkeep\n|turn|8\n|\n|t:|1622625709\n|move|p2a: Greninja|Dark Pulse|p1a: Toyota\n|-damage|p1a: Toyota|0 fnt\n|faint|p1a: Toyota\n|-activate|p2a: Greninja|ability: Battle Bond\n|detailschange|p2a: Greninja|Greninja-Ash, M\n|\n|upkeep\n|\n|t:|1622625717\n|switch|p1a: Robben|Sceptile, M|100\/100\n|turn|9\n|\n|t:|1622625722\n|switch|p2a: Scizor|Scizor-Mega, F|100\/100\n|-damage|p2a: Scizor|88\/100|[from] Stealth Rock\n|detailschange|p1a: Robben|Sceptile-Mega, M\n|-mega|p1a: Robben|Sceptile|Sceptilite\n|move|p1a: Robben|Hidden Power|p2a: Scizor\n|-supereffective|p2a: Scizor\n|-damage|p2a: Scizor|12\/100\n|\n|upkeep\n|turn|10\n|\n|t:|1622625729\n|move|p2a: Scizor|Bullet Punch|p1a: Robben\n|-crit|p1a: Robben\n|-damage|p1a: Robben|36\/100\n|move|p1a: Robben|Dragon Pulse|p2a: Scizor\n|-resisted|p2a: Scizor\n|-damage|p2a: Scizor|0 fnt\n|faint|p2a: Scizor\n|\n|upkeep\n|\n|t:|1622625736\n|switch|p2a: Landorus|Landorus-Therian, M|88\/100\n|-damage|p2a: Landorus|76\/100|[from] Stealth Rock\n|-ability|p2a: Landorus|Intimidate|boost\n|-unboost|p1a: Robben|atk|1\n|turn|11\n|\n|t:|1622625742\n|switch|p1a: Cazorla|Infernape, M|94\/100\n|move|p2a: Landorus|Defog|p1a: Cazorla\n|-unboost|p1a: Cazorla|evasion|1\n|-sideend|p2: HaaiL|Stealth Rock|[from] move: Defog|[of] p2a: Landorus\n|\n|upkeep\n|turn|12\n|\n|t:|1622625750\n|switch|p2a: Heatran|Heatran, F|100\/100\n|move|p1a: Cazorla|Flamethrower|p2a: Heatran\n|-start|p2a: Heatran|ability: Flash Fire\n|\n|upkeep\n|turn|13\n|\n|t:|1622625760\n|move|p1a: Cazorla|Close Combat|p2a: Heatran\n|-supereffective|p2a: Heatran\n|-damage|p2a: Heatran|0 fnt\n|-unboost|p1a: Cazorla|def|1\n|-unboost|p1a: Cazorla|spd|1\n|faint|p2a: Heatran\n|-damage|p1a: Cazorla|84\/100|[from] item: Life Orb\n|\n|upkeep\n|\n|t:|1622625768\n|switch|p2a: Landorus|Landorus-Therian, M|76\/100\n|-ability|p2a: Landorus|Intimidate|boost\n|-unboost|p1a: Cazorla|atk|1\n|turn|14\n|\n|t:|1622625773\n|move|p2a: Landorus|Stone Edge|p1a: Cazorla\n|-damage|p1a: Cazorla|0 fnt\n|faint|p1a: Cazorla\n|\n|upkeep\n|\n|t:|1622625778\n|switch|p1a: Pires|Feraligatr, M|100\/100\n|turn|15\n|\n|t:|1622625782\n|switch|p2a: Kartana|Kartana|100\/100\n|move|p1a: Pires|Ice Punch|p2a: Kartana\n|-damage|p2a: Kartana|56\/100\n|\n|upkeep\n|turn|16\n|\n|t:|1622625786\n|move|p2a: Kartana|Leaf Blade|p1a: Pires\n|-supereffective|p1a: Pires\n|-damage|p1a: Pires|0 fnt\n|faint|p1a: Pires\n|-ability|p2a: Kartana|Beast Boost|boost\n|-boost|p2a: Kartana|atk|1\n|\n|upkeep\n|\n|t:|1622625790\n|switch|p1a: Robben|Sceptile-Mega, M|36\/100\n|turn|17\n|\n|t:|1622625795\n|switch|p2a: Tapu Bulu|Tapu Bulu|87\/100\n|-fieldstart|move: Grassy Terrain|[from] ability: Grassy Surge|[of] p2a: Tapu Bulu\n|move|p1a: Robben|Dragon Pulse|p2a: Tapu Bulu\n|-immune|p2a: Tapu Bulu\n|\n|-heal|p1a: Robben|42\/100|[from] Grassy Terrain\n|-heal|p2a: Tapu Bulu|93\/100|[from] Grassy Terrain\n|-heal|p2a: Tapu Bulu|99\/100|[from] item: Leftovers\n|upkeep\n|turn|18\n|\n|t:|1622625808\n|switch|p1a: Ozil|Zeraora|74\/100\n|move|p2a: Tapu Bulu|Superpower|p1a: Ozil\n|-damage|p1a: Ozil|31\/100\n|-unboost|p2a: Tapu Bulu|atk|1\n|-unboost|p2a: Tapu Bulu|def|1\n|\n|-heal|p1a: Ozil|37\/100|[from] Grassy Terrain\n|-heal|p2a: Tapu Bulu|100\/100|[from] Grassy Terrain\n|upkeep\n|turn|19\n|\n|t:|1622625813\n|switch|p1a: Henry|Salamence, M|100\/100\n|move|p2a: Tapu Bulu|Horn Leech|p1a: Henry\n|-resisted|p1a: Henry\n|-damage|p1a: Henry|91\/100\n|\n|upkeep\n|turn|20\n|\n|t:|1622625816\n|switch|p2a: Landorus|Landorus-Therian, M|76\/100\n|-ability|p2a: Landorus|Intimidate|boost\n|-unboost|p1a: Henry|atk|1\n|move|p1a: Henry|Substitute|p1a: Henry\n|-start|p1a: Henry|Substitute\n|-damage|p1a: Henry|66\/100\n|\n|upkeep\n|turn|21\n|\n|t:|1622625819\n|move|p2a: Landorus|Stone Edge|p1a: Henry\n|-supereffective|p1a: Henry\n|-crit|p1a: Henry\n|-end|p1a: Henry|Substitute\n|move|p1a: Henry|Dragon Dance|p1a: Henry\n|-boost|p1a: Henry|atk|1\n|-boost|p1a: Henry|spe|1\n|\n|-fieldend|move: Grassy Terrain\n|upkeep\n|turn|22\n|\n|t:|1622625827\n|-zpower|p1a: Henry\n|move|p1a: Henry|Supersonic Skystrike|p2a: Landorus|[zeffect]\n|-damage|p2a: Landorus|0 fnt\n|faint|p2a: Landorus\n|-ability|p1a: Henry|Moxie|boost\n|-boost|p1a: Henry|atk|1\n|\n|upkeep\n|c|\u2606HaaiL|Gg\n|-message|HaaiL forfeited.\n|\n|win|RTSG tests\n|n|\u2606RTSG tests|rtsgtests\n|n|\u2606HaaiL|haail\n|l|\u2606HaaiL\n|c|\u2606RTSG tests|gg\n","uploadtime":1622625844,"views":12,"p1id":"rtsgtests","p2id":"haail","formatid":"gen7ou","rating":0,"private":0,"password":null}