{"id":"gen7ou-750992051","p1":"Promiscuous g1rl","p2":"Q114","format":"gen7ou","log":"|j|\u2606Promiscuous g1rl\n|j|\u2606Q114\n|player|p1|Promiscuous g1rl|112\n|player|p2|Q114|265\n|teamsize|p1|6\n|teamsize|p2|6\n|gametype|singles\n|gen|7\n|tier|[Gen 7] OU\n|rated|\n|rule|Sleep Clause Mod: Limit one foe put to sleep\n|rule|Species Clause: Limit one of each Pok\u00e9mon\n|rule|OHKO Clause: OHKO moves are banned\n|rule|Moody Clause: Moody is banned\n|rule|Evasion Moves Clause: Evasion moves are banned\n|rule|Endless Battle Clause: Forcing endless battles is banned\n|rule|HP Percentage Mod: HP is shown in percentages\n|clearpoke\n|poke|p1|Jirachi|item\n|poke|p1|Clefable, F|item\n|poke|p1|Toxapex, M|item\n|poke|p1|Dusclops, M|item\n|poke|p1|Zapdos|item\n|poke|p1|Lopunny, F|item\n|poke|p2|Skarmory, M|item\n|poke|p2|Chansey, F|item\n|poke|p2|Magnezone|item\n|poke|p2|Toxapex, F|item\n|poke|p2|Clefable, F|item\n|poke|p2|Sableye, F|item\n|teampreview\n|inactive|Battle timer is ON: inactive players will automatically lose when time's up. (requested by Promiscuous g1rl)\n|\n|start\n|switch|p1a: Toxapex|Toxapex, M|100\/100\n|switch|p2a: Sableye|Sableye, F|100\/100\n|turn|1\n|\n|-mega|p2a: Sableye|Sableye|Sablenite\n|detailschange|p2a: Sableye|Sableye-Mega, F\n|move|p1a: Toxapex|Scald|p2a: Sableye\n|-damage|p2a: Sableye|87\/100\n|move|p2a: Sableye|Knock Off|p1a: Toxapex\n|-damage|p1a: Toxapex|84\/100\n|-enditem|p1a: Toxapex|Black Sludge|[from] move: Knock Off|[of] p2a: Sableye\n|\n|upkeep\n|turn|2\n|\n|switch|p2a: Toxapex|Toxapex, F|100\/100\n|move|p1a: Toxapex|Scald|p2a: Toxapex\n|-resisted|p2a: Toxapex\n|-damage|p2a: Toxapex|94\/100\n|\n|-heal|p2a: Toxapex|99\/100|[from] item: Black Sludge\n|upkeep\n|turn|3\n|\n|switch|p1a: Dusclops|Dusclops, M|100\/100\n|-ability|p1a: Dusclops|Pressure\n|move|p2a: Toxapex|Scald|p1a: Dusclops\n|-damage|p1a: Dusclops|92\/100\n|-status|p1a: Dusclops|brn\n|\n|-heal|p2a: Toxapex|100\/100|[from] item: Black Sludge\n|-damage|p1a: Dusclops|86\/100 brn|[from] brn\n|upkeep\n|turn|4\n|\n|switch|p2a: Sableye|Sableye-Mega, F|87\/100\n|move|p1a: Dusclops|Mean Look|p2a: Sableye\n|move|p2a: Sableye|Mean Look|p1a: Dusclops|[from]Magic Bounce\n|-fail|p2a: Sableye\n|\n|-damage|p1a: Dusclops|80\/100 brn|[from] brn\n|upkeep\n|turn|5\n|\n|switch|p1a: Toxapex|Toxapex, M|100\/100\n|move|p2a: Sableye|Knock Off|p1a: Toxapex\n|-damage|p1a: Toxapex|89\/100\n|\n|upkeep\n|turn|6\n|\n|switch|p2a: Chansey|Chansey, F|100\/100\n|move|p1a: Toxapex|Toxic Spikes|p2a: Chansey\n|-sidestart|p2: Q114|move: Toxic Spikes\n|\n|upkeep\n|turn|7\n|\n|switch|p2a: Toxapex|Toxapex, F|100\/100\n|-sideend|p2: Q114|move: Toxic Spikes|[of] p2a: Toxapex\n|move|p1a: Toxapex|Toxic Spikes|p2a: Toxapex\n|-sidestart|p2: Q114|move: Toxic Spikes\n|\n|upkeep\n|turn|8\n|inactive|Q114 has 135 seconds left.\n|inactive|Q114 has 120 seconds left.\n|inactive|Q114 has 105 seconds left.\n|inactive|Q114 has 90 seconds left.\n|\n|switch|p1a: Dusclops|Dusclops, M|80\/100 brn\n|-ability|p1a: Dusclops|Pressure\n|switch|p2a: Skarmory|Skarmory, M|100\/100\n|\n|-damage|p1a: Dusclops|74\/100 brn|[from] brn\n|upkeep\n|turn|9\n|\n|switch|p2a: Magnezone|Magnezone|100\/100\n|move|p1a: Dusclops|Mean Look|p2a: Magnezone\n|-activate|p2a: Magnezone|trapped\n|\n|-damage|p1a: Dusclops|68\/100 brn|[from] brn\n|upkeep\n|turn|10\n|inactive|Q114 has 135 seconds left.\n|\n|move|p2a: Magnezone|Volt Switch|p1a: Dusclops\n|-damage|p1a: Dusclops|52\/100 brn\n|\n|switch|p2a: Toxapex|Toxapex, F|100\/100\n|-sideend|p2: Q114|move: Toxic Spikes|[of] p2a: Toxapex\n|move|p1a: Dusclops|Mean Look|p2a: Toxapex\n|-activate|p2a: Toxapex|trapped\n|\n|-damage|p1a: Dusclops|46\/100 brn|[from] brn\n|upkeep\n|turn|11\n|\n|move|p2a: Toxapex|Scald|p1a: Dusclops\n|-damage|p1a: Dusclops|37\/100 brn\n|move|p1a: Dusclops|Rest|p1a: Dusclops\n|-status|p1a: Dusclops|slp\n|-heal|p1a: Dusclops|100\/100 slp|[silent]\n|-status|p1a: Dusclops|slp|[from] move: Rest\n|\n|upkeep\n|turn|12\n|\n|move|p2a: Toxapex|Toxic Spikes|p1a: Dusclops\n|-sidestart|p1: Promiscuous g1rl|move: Toxic Spikes\n|cant|p1a: Dusclops|slp\n|\n|upkeep\n|turn|13\n|\n|move|p2a: Toxapex|Haze|p2a: Toxapex\n|-clearallboost\n|cant|p1a: Dusclops|slp\n|\n|upkeep\n|turn|14\n|\n|move|p2a: Toxapex|Haze|p2a: Toxapex\n|-clearallboost\n|-curestatus|p1a: Dusclops|slp|[msg]\n|move|p1a: Dusclops|Spite|p2a: Toxapex\n|-activate|p2a: Toxapex|move: Spite|Haze|4\n|\n|upkeep\n|turn|15\n|\n|move|p2a: Toxapex|Haze|p2a: Toxapex\n|-clearallboost\n|move|p1a: Dusclops|Will-O-Wisp|p2a: Toxapex\n|-status|p2a: Toxapex|brn\n|\n|-damage|p2a: Toxapex|95\/100 brn|[from] brn\n|upkeep\n|turn|16\n|\n|move|p2a: Toxapex|Haze|p2a: Toxapex\n|-clearallboost\n|move|p1a: Dusclops|Spite|p2a: Toxapex\n|-activate|p2a: Toxapex|move: Spite|Haze|4\n|\n|-heal|p2a: Toxapex|100\/100 brn|[from] item: Black Sludge\n|-damage|p2a: Toxapex|95\/100 brn|[from] brn\n|upkeep\n|turn|17\n|\n|move|p2a: Toxapex|Haze|p2a: Toxapex\n|-clearallboost\n|move|p1a: Dusclops|Spite|p2a: Toxapex\n|-activate|p2a: Toxapex|move: Spite|Haze|4\n|\n|-heal|p2a: Toxapex|100\/100 brn|[from] item: Black Sludge\n|-damage|p2a: Toxapex|95\/100 brn|[from] brn\n|upkeep\n|turn|18\n|\n|move|p2a: Toxapex|Haze|p2a: Toxapex\n|-clearallboost\n|move|p1a: Dusclops|Spite|p2a: Toxapex\n|-activate|p2a: Toxapex|move: Spite|Haze|4\n|\n|-heal|p2a: Toxapex|100\/100 brn|[from] item: Black Sludge\n|-damage|p2a: Toxapex|95\/100 brn|[from] brn\n|upkeep\n|turn|19\n|j| PokePowerfull\n|\n|move|p2a: Toxapex|Haze|p2a: Toxapex\n|-clearallboost\n|move|p1a: Dusclops|Spite|p2a: Toxapex\n|-activate|p2a: Toxapex|move: Spite|Haze|4\n|\n|-heal|p2a: Toxapex|100\/100 brn|[from] item: Black Sludge\n|-damage|p2a: Toxapex|95\/100 brn|[from] brn\n|upkeep\n|turn|20\n|l| PokePowerfull\n|\n|move|p2a: Toxapex|Haze|p2a: Toxapex\n|-clearallboost\n|move|p1a: Dusclops|Spite|p2a: Toxapex\n|-activate|p2a: Toxapex|move: Spite|Haze|4\n|\n|-heal|p2a: Toxapex|100\/100 brn|[from] item: Black Sludge\n|-damage|p2a: Toxapex|95\/100 brn|[from] brn\n|upkeep\n|turn|21\n|\n|move|p2a: Toxapex|Haze|p2a: Toxapex\n|-clearallboost\n|move|p1a: Dusclops|Spite|p2a: Toxapex\n|-activate|p2a: Toxapex|move: Spite|Haze|4\n|\n|-heal|p2a: Toxapex|100\/100 brn|[from] item: Black Sludge\n|-damage|p2a: Toxapex|95\/100 brn|[from] brn\n|upkeep\n|turn|22\n|\n|move|p2a: Toxapex|Haze|p2a: Toxapex\n|-clearallboost\n|move|p1a: Dusclops|Spite|p2a: Toxapex\n|-fail|p1a: Dusclops\n|\n|-heal|p2a: Toxapex|100\/100 brn|[from] item: Black Sludge\n|-damage|p2a: Toxapex|95\/100 brn|[from] brn\n|upkeep\n|turn|23\n|\n|move|p2a: Toxapex|Toxic Spikes|p1a: Dusclops\n|-sidestart|p1: Promiscuous g1rl|move: Toxic Spikes\n|move|p1a: Dusclops|Spite|p2a: Toxapex\n|-activate|p2a: Toxapex|move: Spite|Toxic Spikes|4\n|\n|-heal|p2a: Toxapex|100\/100 brn|[from] item: Black Sludge\n|-damage|p2a: Toxapex|95\/100 brn|[from] brn\n|upkeep\n|turn|24\n|\n|move|p2a: Toxapex|Toxic Spikes|p1a: Dusclops\n|-fail|p2a: Toxapex\n|move|p1a: Dusclops|Spite|p2a: Toxapex\n|-activate|p2a: Toxapex|move: Spite|Toxic Spikes|4\n|\n|-heal|p2a: Toxapex|100\/100 brn|[from] item: Black Sludge\n|-damage|p2a: Toxapex|95\/100 brn|[from] brn\n|upkeep\n|turn|25\n|\n|move|p2a: Toxapex|Toxic Spikes|p1a: Dusclops\n|-fail|p2a: Toxapex\n|move|p1a: Dusclops|Spite|p2a: Toxapex\n|-activate|p2a: Toxapex|move: Spite|Toxic Spikes|4\n|\n|-heal|p2a: Toxapex|100\/100 brn|[from] item: Black Sludge\n|-damage|p2a: Toxapex|95\/100 brn|[from] brn\n|upkeep\n|turn|26\n|\n|move|p2a: Toxapex|Toxic Spikes|p1a: Dusclops\n|-fail|p2a: Toxapex\n|move|p1a: Dusclops|Spite|p2a: Toxapex\n|-activate|p2a: Toxapex|move: Spite|Toxic Spikes|4\n|\n|-heal|p2a: Toxapex|100\/100 brn|[from] item: Black Sludge\n|-damage|p2a: Toxapex|95\/100 brn|[from] brn\n|upkeep\n|turn|27\n|\n|move|p2a: Toxapex|Recover|p2a: Toxapex\n|-heal|p2a: Toxapex|100\/100 brn\n|move|p1a: Dusclops|Spite|p2a: Toxapex\n|-activate|p2a: Toxapex|move: Spite|Recover|4\n|\n|-damage|p2a: Toxapex|95\/100 brn|[from] brn\n|upkeep\n|turn|28\n|\n|move|p2a: Toxapex|Recover|p2a: Toxapex\n|-heal|p2a: Toxapex|100\/100 brn\n|move|p1a: Dusclops|Spite|p2a: Toxapex\n|-activate|p2a: Toxapex|move: Spite|Recover|4\n|\n|-damage|p2a: Toxapex|95\/100 brn|[from] brn\n|upkeep\n|turn|29\n|\n|move|p2a: Toxapex|Recover|p2a: Toxapex\n|-heal|p2a: Toxapex|100\/100 brn\n|move|p1a: Dusclops|Will-O-Wisp|p2a: Toxapex\n|-fail|p2a: Toxapex|brn\n|\n|-damage|p2a: Toxapex|95\/100 brn|[from] brn\n|upkeep\n|turn|30\n|\n|move|p2a: Toxapex|Toxic Spikes|p1a: Dusclops\n|-fail|p2a: Toxapex\n|move|p1a: Dusclops|Will-O-Wisp|p2a: Toxapex\n|-fail|p2a: Toxapex|brn\n|\n|-heal|p2a: Toxapex|100\/100 brn|[from] item: Black Sludge\n|-damage|p2a: Toxapex|95\/100 brn|[from] brn\n|upkeep\n|turn|31\n|\n|move|p2a: Toxapex|Toxic Spikes|p1a: Dusclops\n|-fail|p2a: Toxapex\n|move|p1a: Dusclops|Will-O-Wisp|p2a: Toxapex\n|-fail|p2a: Toxapex|brn\n|\n|-heal|p2a: Toxapex|100\/100 brn|[from] item: Black Sludge\n|-damage|p2a: Toxapex|95\/100 brn|[from] brn\n|upkeep\n|turn|32\n|j| questionsforyou\n|\n|move|p2a: Toxapex|Scald|p1a: Dusclops\n|-damage|p1a: Dusclops|93\/100\n|move|p1a: Dusclops|Will-O-Wisp|p2a: Toxapex\n|-fail|p2a: Toxapex|brn\n|\n|-heal|p2a: Toxapex|100\/100 brn|[from] item: Black Sludge\n|-damage|p2a: Toxapex|95\/100 brn|[from] brn\n|upkeep\n|turn|33\n|\n|move|p2a: Toxapex|Scald|p1a: Dusclops\n|-damage|p1a: Dusclops|84\/100\n|move|p1a: Dusclops|Will-O-Wisp|p2a: Toxapex\n|-fail|p2a: Toxapex|brn\n|\n|-heal|p2a: Toxapex|100\/100 brn|[from] item: Black Sludge\n|-damage|p2a: Toxapex|95\/100 brn|[from] brn\n|upkeep\n|turn|34\n|\n|move|p2a: Toxapex|Scald|p1a: Dusclops\n|-damage|p1a: Dusclops|76\/100\n|-status|p1a: Dusclops|brn\n|move|p1a: Dusclops|Will-O-Wisp|p2a: Toxapex\n|-fail|p2a: Toxapex|brn\n|\n|-heal|p2a: Toxapex|100\/100 brn|[from] item: Black Sludge\n|-damage|p2a: Toxapex|95\/100 brn|[from] brn\n|-damage|p1a: Dusclops|70\/100 brn|[from] brn\n|upkeep\n|turn|35\n|\n|move|p2a: Toxapex|Scald|p1a: Dusclops\n|-damage|p1a: Dusclops|62\/100 brn\n|move|p1a: Dusclops|Will-O-Wisp|p2a: Toxapex|[miss]\n|-miss|p1a: Dusclops|p2a: Toxapex\n|\n|-heal|p2a: Toxapex|100\/100 brn|[from] item: Black Sludge\n|-damage|p2a: Toxapex|95\/100 brn|[from] brn\n|-damage|p1a: Dusclops|56\/100 brn|[from] brn\n|upkeep\n|turn|36\n|\n|move|p2a: Toxapex|Scald|p1a: Dusclops\n|-damage|p1a: Dusclops|48\/100 brn\n|move|p1a: Dusclops|Will-O-Wisp|p2a: Toxapex|[miss]\n|-miss|p1a: Dusclops|p2a: Toxapex\n|\n|-heal|p2a: Toxapex|100\/100 brn|[from] item: Black Sludge\n|-damage|p2a: Toxapex|95\/100 brn|[from] brn\n|-damage|p1a: Dusclops|42\/100 brn|[from] brn\n|upkeep\n|turn|37\n|\n|move|p2a: Toxapex|Scald|p1a: Dusclops\n|-damage|p1a: Dusclops|34\/100 brn\n|move|p1a: Dusclops|Rest|p1a: Dusclops\n|-status|p1a: Dusclops|slp\n|-heal|p1a: Dusclops|100\/100 slp|[silent]\n|-status|p1a: Dusclops|slp|[from] move: Rest\n|\n|-heal|p2a: Toxapex|100\/100 brn|[from] item: Black Sludge\n|-damage|p2a: Toxapex|95\/100 brn|[from] brn\n|upkeep\n|turn|38\n|\n|move|p2a: Toxapex|Toxic Spikes|p1a: Dusclops\n|-fail|p2a: Toxapex\n|cant|p1a: Dusclops|slp\n|\n|-heal|p2a: Toxapex|100\/100 brn|[from] item: Black Sludge\n|-damage|p2a: Toxapex|95\/100 brn|[from] brn\n|upkeep\n|turn|39\n|\n|move|p2a: Toxapex|Scald|p1a: Dusclops\n|-damage|p1a: Dusclops|92\/100 slp\n|cant|p1a: Dusclops|slp\n|\n|-heal|p2a: Toxapex|100\/100 brn|[from] item: Black Sludge\n|-damage|p2a: Toxapex|95\/100 brn|[from] brn\n|upkeep\n|turn|40\n|\n|move|p2a: Toxapex|Recover|p2a: Toxapex\n|-heal|p2a: Toxapex|100\/100 brn\n|-curestatus|p1a: Dusclops|slp|[msg]\n|move|p1a: Dusclops|Will-O-Wisp|p2a: Toxapex\n|-fail|p2a: Toxapex|brn\n|\n|-damage|p2a: Toxapex|95\/100 brn|[from] brn\n|upkeep\n|turn|41\n|\n|move|p2a: Toxapex|Recover|p2a: Toxapex\n|-heal|p2a: Toxapex|100\/100 brn\n|move|p1a: Dusclops|Will-O-Wisp|p2a: Toxapex\n|-fail|p2a: Toxapex|brn\n|\n|-damage|p2a: Toxapex|95\/100 brn|[from] brn\n|upkeep\n|turn|42\n|\n|move|p2a: Toxapex|Scald|p1a: Dusclops\n|-damage|p1a: Dusclops|84\/100\n|move|p1a: Dusclops|Will-O-Wisp|p2a: Toxapex|[miss]\n|-miss|p1a: Dusclops|p2a: Toxapex\n|\n|-heal|p2a: Toxapex|100\/100 brn|[from] item: Black Sludge\n|-damage|p2a: Toxapex|95\/100 brn|[from] brn\n|upkeep\n|turn|43\n|\n|move|p2a: Toxapex|Recover|p2a: Toxapex\n|-heal|p2a: Toxapex|100\/100 brn\n|move|p1a: Dusclops|Will-O-Wisp|p2a: Toxapex\n|-fail|p2a: Toxapex|brn\n|\n|-damage|p2a: Toxapex|95\/100 brn|[from] brn\n|upkeep\n|turn|44\n|j| Hewhoshallnotbe\n|\n|move|p2a: Toxapex|Recover|p2a: Toxapex\n|-heal|p2a: Toxapex|100\/100 brn\n|move|p1a: Dusclops|Will-O-Wisp|p2a: Toxapex\n|-fail|p2a: Toxapex|brn\n|\n|-damage|p2a: Toxapex|95\/100 brn|[from] brn\n|upkeep\n|turn|45\n|\n|move|p2a: Toxapex|Scald|p1a: Dusclops\n|-damage|p1a: Dusclops|75\/100\n|move|p1a: Dusclops|Rest|p1a: Dusclops\n|-status|p1a: Dusclops|slp\n|-heal|p1a: Dusclops|100\/100 slp|[silent]\n|-status|p1a: Dusclops|slp|[from] move: Rest\n|\n|-heal|p2a: Toxapex|100\/100 brn|[from] item: Black Sludge\n|-damage|p2a: Toxapex|95\/100 brn|[from] brn\n|upkeep\n|turn|46\n|\n|move|p2a: Toxapex|Scald|p1a: Dusclops\n|-damage|p1a: Dusclops|92\/100 slp\n|cant|p1a: Dusclops|slp\n|\n|-heal|p2a: Toxapex|100\/100 brn|[from] item: Black Sludge\n|-damage|p2a: Toxapex|95\/100 brn|[from] brn\n|upkeep\n|turn|47\n|\n|move|p2a: Toxapex|Recover|p2a: Toxapex\n|-heal|p2a: Toxapex|100\/100 brn\n|cant|p1a: Dusclops|slp\n|\n|-damage|p2a: Toxapex|95\/100 brn|[from] brn\n|upkeep\n|turn|48\n|\n|-activate|p2a: Toxapex|move: Struggle\n|move|p2a: Toxapex|Struggle|p1a: Dusclops\n|-damage|p1a: Dusclops|90\/100 slp\n|-damage|p2a: Toxapex|69\/100 brn|[from] recoil\n|-curestatus|p1a: Dusclops|slp|[msg]\n|move|p1a: Dusclops|Will-O-Wisp|p2a: Toxapex\n|-fail|p2a: Toxapex|brn\n|\n|-heal|p2a: Toxapex|75\/100 brn|[from] item: Black Sludge\n|-damage|p2a: Toxapex|69\/100 brn|[from] brn\n|upkeep\n|turn|49\n|inactive|Promiscuous g1rl has 135 seconds left.\n|\n|-activate|p2a: Toxapex|move: Struggle\n|move|p2a: Toxapex|Struggle|p1a: Dusclops\n|-damage|p1a: Dusclops|88\/100\n|-damage|p2a: Toxapex|44\/100 brn|[from] recoil\n|move|p1a: Dusclops|Rest|p1a: Dusclops\n|-status|p1a: Dusclops|slp\n|-heal|p1a: Dusclops|100\/100 slp|[silent]\n|-status|p1a: Dusclops|slp|[from] move: Rest\n|\n|-heal|p2a: Toxapex|50\/100 brn|[from] item: Black Sludge\n|-damage|p2a: Toxapex|44\/100 brn|[from] brn\n|upkeep\n|turn|50\n|\n|-activate|p2a: Toxapex|move: Struggle\n|move|p2a: Toxapex|Struggle|p1a: Dusclops\n|-damage|p1a: Dusclops|99\/100 slp\n|-damage|p2a: Toxapex|19\/100 brn|[from] recoil\n|cant|p1a: Dusclops|slp\n|\n|-heal|p2a: Toxapex|25\/100 brn|[from] item: Black Sludge\n|-damage|p2a: Toxapex|19\/100 brn|[from] brn\n|upkeep\n|turn|51\n|\n|-activate|p2a: Toxapex|move: Struggle\n|move|p2a: Toxapex|Struggle|p1a: Dusclops\n|-damage|p1a: Dusclops|97\/100 slp\n|-damage|p2a: Toxapex|0 fnt|[from] recoil\n|faint|p2a: Toxapex\n|cant|p1a: Dusclops|slp\n|\n|upkeep\n|\n|switch|p2a: Chansey|Chansey, F|100\/100\n|turn|52\n|\n|switch|p2a: Magnezone|Magnezone|100\/100\n|-curestatus|p1a: Dusclops|slp|[msg]\n|move|p1a: Dusclops|Mean Look|p2a: Magnezone\n|-activate|p2a: Magnezone|trapped\n|\n|upkeep\n|turn|53\n|\n|move|p2a: Magnezone|Volt Switch|p1a: Dusclops\n|-damage|p1a: Dusclops|80\/100\n|\n|switch|p2a: Sableye|Sableye-Mega, F|87\/100\n|move|p1a: Dusclops|Will-O-Wisp|p2a: Sableye\n|move|p2a: Sableye|Will-O-Wisp|p1a: Dusclops|[from]Magic Bounce\n|-status|p1a: Dusclops|brn\n|\n|-damage|p1a: Dusclops|74\/100 brn|[from] brn\n|upkeep\n|turn|54\n|\n|switch|p1a: Toxapex|Toxapex, M|100\/100\n|-sideend|p1: Promiscuous g1rl|move: Toxic Spikes|[of] p1a: Toxapex\n|move|p2a: Sableye|Will-O-Wisp|p1a: Toxapex\n|-status|p1a: Toxapex|brn\n|\n|-damage|p1a: Toxapex|94\/100 brn|[from] brn\n|upkeep\n|turn|55\n|inactive|Q114 has 135 seconds left.\n|\n|switch|p2a: Magnezone|Magnezone|100\/100\n|move|p1a: Toxapex|Scald|p2a: Magnezone\n|-damage|p2a: Magnezone|79\/100\n|-status|p2a: Magnezone|brn\n|\n|-damage|p2a: Magnezone|73\/100 brn|[from] brn\n|-damage|p1a: Toxapex|88\/100 brn|[from] brn\n|upkeep\n|turn|56\n|\n|switch|p1a: Dusclops|Dusclops, M|74\/100 brn\n|-ability|p1a: Dusclops|Pressure\n|move|p2a: Magnezone|Volt Switch|p1a: Dusclops\n|-damage|p1a: Dusclops|57\/100 brn\n|\n|switch|p2a: Chansey|Chansey, F|100\/100\n|\n|-damage|p1a: Dusclops|51\/100 brn|[from] brn\n|upkeep\n|turn|57\n|\n|switch|p2a: Sableye|Sableye-Mega, F|87\/100\n|move|p1a: Dusclops|Rest|p1a: Dusclops\n|-status|p1a: Dusclops|slp\n|-heal|p1a: Dusclops|100\/100 slp|[silent]\n|-status|p1a: Dusclops|slp|[from] move: Rest\n|\n|upkeep\n|turn|58\n|\n|switch|p1a: Toxapex|Toxapex, M|100\/100 brn\n|switch|p2a: Skarmory|Skarmory, M|100\/100\n|\n|-damage|p1a: Toxapex|94\/100 brn|[from] brn\n|upkeep\n|turn|59\n|\n|move|p2a: Skarmory|Spikes|p1a: Toxapex\n|-sidestart|p1: Promiscuous g1rl|Spikes\n|move|p1a: Toxapex|Toxic Spikes|p2a: Skarmory\n|-sidestart|p2: Q114|move: Toxic Spikes\n|\n|-damage|p1a: Toxapex|88\/100 brn|[from] brn\n|upkeep\n|turn|60\n|\n|move|p2a: Skarmory|Spikes|p1a: Toxapex\n|-sidestart|p1: Promiscuous g1rl|Spikes\n|move|p1a: Toxapex|Toxic Spikes|p2a: Skarmory\n|-sidestart|p2: Q114|move: Toxic Spikes\n|\n|-damage|p1a: Toxapex|82\/100 brn|[from] brn\n|upkeep\n|turn|61\n|j| cHOrumE\n|\n|switch|p1a: Zapdos|Zapdos|100\/100\n|-ability|p1a: Zapdos|Pressure\n|move|p2a: Skarmory|Spikes|p1a: Zapdos\n|-sidestart|p1: Promiscuous g1rl|Spikes\n|\n|upkeep\n|turn|62\n|\n|switch|p2a: Chansey|Chansey, F|100\/100\n|-status|p2a: Chansey|tox\n|move|p1a: Zapdos|Discharge|p2a: Chansey\n|-damage|p2a: Chansey|90\/100 tox\n|\n|-damage|p2a: Chansey|84\/100 tox|[from] psn\n|upkeep\n|turn|63\n|\n|switch|p1a: Jirachi|Jirachi|100\/100\n|-damage|p1a: Jirachi|75\/100|[from] Spikes\n|move|p2a: Chansey|Toxic|p1a: Jirachi\n|-immune|p1a: Jirachi|[msg]\n|\n|-heal|p1a: Jirachi|82\/100|[from] item: Leftovers\n|-damage|p2a: Chansey|72\/100 tox|[from] psn\n|upkeep\n|turn|64\n|\n|move|p1a: Jirachi|Stealth Rock|p2a: Chansey\n|-sidestart|p2: Q114|move: Stealth Rock\n|move|p2a: Chansey|Stealth Rock|p1a: Jirachi\n|-sidestart|p1: Promiscuous g1rl|move: Stealth Rock\n|\n|-heal|p1a: Jirachi|88\/100|[from] item: Leftovers\n|-damage|p2a: Chansey|54\/100 tox|[from] psn\n|upkeep\n|turn|65\n|\n|switch|p2a: Skarmory|Skarmory, M|100\/100\n|-damage|p2a: Skarmory|88\/100|[from] Stealth Rock\n|move|p1a: Jirachi|Iron Head|p2a: Skarmory\n|-resisted|p2a: Skarmory\n|-damage|p2a: Skarmory|80\/100\n|-damage|p1a: Jirachi|71\/100|[from] item: Rocky Helmet|[of] p2a: Skarmory\n|\n|-heal|p1a: Jirachi|77\/100|[from] item: Leftovers\n|upkeep\n|turn|66\n|\n|move|p1a: Jirachi|Wish|p1a: Jirachi\n|move|p2a: Skarmory|Roost|p2a: Skarmory\n|-heal|p2a: Skarmory|100\/100\n|\n|-heal|p1a: Jirachi|84\/100|[from] item: Leftovers\n|upkeep\n|turn|67\n|\n|move|p1a: Jirachi|Iron Head|p2a: Skarmory\n|-resisted|p2a: Skarmory\n|-damage|p2a: Skarmory|93\/100\n|-damage|p1a: Jirachi|67\/100|[from] item: Rocky Helmet|[of] p2a: Skarmory\n|move|p2a: Skarmory|Spikes|p1a: Jirachi\n|-fail|p2a: Skarmory\n|\n|-heal|p1a: Jirachi|100\/100|[from] move: Wish|[wisher] Jirachi\n|upkeep\n|turn|68\n|\n|move|p1a: Jirachi|Wish|p1a: Jirachi\n|move|p2a: Skarmory|Spikes|p1a: Jirachi\n|-fail|p2a: Skarmory\n|\n|upkeep\n|turn|69\n|\n|switch|p1a: Dusclops|Dusclops, M|100\/100 slp\n|-damage|p1a: Dusclops|75\/100 slp|[from] Spikes\n|-damage|p1a: Dusclops|63\/100 slp|[from] Stealth Rock\n|-ability|p1a: Dusclops|Pressure\n|move|p2a: Skarmory|Spikes|p1a: Dusclops\n|-fail|p2a: Skarmory\n|\n|-heal|p1a: Dusclops|100\/100 slp|[from] move: Wish|[wisher] Jirachi\n|upkeep\n|turn|70\n|\n|move|p2a: Skarmory|Defog|p1a: Dusclops\n|-unboost|p1a: Dusclops|evasion|1\n|-sideend|p1: Promiscuous g1rl|Spikes|[from] move: Defog|[of] p1a: Dusclops\n|-sideend|p1: Promiscuous g1rl|Stealth Rock|[from] move: Defog|[of] p1a: Dusclops\n|-sideend|p2: Q114|Toxic Spikes|[from] move: Defog|[of] p2a: Skarmory\n|-sideend|p2: Q114|Stealth Rock|[from] move: Defog|[of] p2a: Skarmory\n|cant|p1a: Dusclops|slp\n|\n|upkeep\n|turn|71\n|\n|switch|p1a: Zapdos|Zapdos|100\/100\n|-ability|p1a: Zapdos|Pressure\n|move|p2a: Skarmory|Spikes|p1a: Zapdos\n|-sidestart|p1: Promiscuous g1rl|Spikes\n|\n|upkeep\n|turn|72\n|\n|switch|p2a: Chansey|Chansey, F|54\/100\n|move|p1a: Zapdos|Defog|p2a: Chansey\n|-unboost|p2a: Chansey|evasion|1\n|-sideend|p1: Promiscuous g1rl|Spikes|[from] move: Defog|[of] p1a: Zapdos\n|\n|upkeep\n|turn|73\n|\n|switch|p1a: Lopunny|Lopunny, F|100\/100\n|move|p2a: Chansey|Soft-Boiled|p2a: Chansey\n|-heal|p2a: Chansey|100\/100\n|\n|upkeep\n|turn|74\n|\n|switch|p2a: Clefable|Clefable, F|100\/100\n|-mega|p1a: Lopunny|Lopunny|Lopunnite\n|detailschange|p1a: Lopunny|Lopunny-Mega, F\n|move|p1a: Lopunny|High Jump Kick|p2a: Clefable\n|-resisted|p2a: Clefable\n|-damage|p2a: Clefable|70\/100\n|\n|-heal|p2a: Clefable|76\/100|[from] item: Leftovers\n|upkeep\n|turn|75\n|l| cHOrumE\n|\n|switch|p1a: Clefable|Clefable, F|100\/100\n|move|p2a: Clefable|Heal Bell|p2a: Clefable\n|-activate|p2a: Clefable|move: Heal Bell\n|-curestatus|p2: Magnezone|brn|[msg]\n|\n|-heal|p2a: Clefable|82\/100|[from] item: Leftovers\n|upkeep\n|turn|76\n|\n|switch|p2a: Magnezone|Magnezone|73\/100\n|move|p1a: Clefable|Aromatherapy|p1a: Clefable\n|-activate|p1a: Clefable|move: Aromatherapy\n|-curestatus|p1: Dusclops|slp|[msg]\n|-curestatus|p1: Toxapex|brn|[msg]\n|\n|upkeep\n|turn|77\n|\n|move|p1a: Clefable|Protect|p1a: Clefable\n|-singleturn|p1a: Clefable|Protect\n|move|p2a: Magnezone|Volt Switch|p1a: Clefable\n|-activate|p1a: Clefable|move: Protect\n|\n|upkeep\n|turn|78\n|\n|switch|p1a: Dusclops|Dusclops, M|100\/100\n|-ability|p1a: Dusclops|Pressure\n|move|p2a: Magnezone|Volt Switch|p1a: Dusclops\n|-damage|p1a: Dusclops|83\/100\n|\n|switch|p2a: Clefable|Clefable, F|82\/100\n|\n|-heal|p2a: Clefable|88\/100|[from] item: Leftovers\n|upkeep\n|turn|79\n|\n|switch|p2a: Sableye|Sableye-Mega, F|87\/100\n|switch|p1a: Toxapex|Toxapex, M|100\/100\n|\n|upkeep\n|turn|80\n|\n|switch|p2a: Chansey|Chansey, F|100\/100\n|move|p1a: Toxapex|Scald|p2a: Chansey\n|-damage|p2a: Chansey|95\/100\n|\n|upkeep\n|turn|81\n|\n|move|p2a: Chansey|Stealth Rock|p1a: Toxapex\n|-sidestart|p1: Promiscuous g1rl|move: Stealth Rock\n|move|p1a: Toxapex|Scald|p2a: Chansey\n|-damage|p2a: Chansey|90\/100\n|-status|p2a: Chansey|brn\n|\n|-damage|p2a: Chansey|84\/100 brn|[from] brn\n|upkeep\n|turn|82\n|\n|move|p2a: Chansey|Seismic Toss|p1a: Toxapex\n|-damage|p1a: Toxapex|68\/100\n|move|p1a: Toxapex|Scald|p2a: Chansey\n|-damage|p2a: Chansey|79\/100 brn\n|\n|-damage|p2a: Chansey|73\/100 brn|[from] brn\n|upkeep\n|turn|83\n|\n|move|p2a: Chansey|Seismic Toss|p1a: Toxapex\n|-damage|p1a: Toxapex|35\/100\n|move|p1a: Toxapex|Toxic Spikes|p2a: Chansey\n|-sidestart|p2: Q114|move: Toxic Spikes\n|\n|-damage|p2a: Chansey|67\/100 brn|[from] brn\n|upkeep\n|turn|84\n|\n|switch|p1a: Dusclops|Dusclops, M|83\/100\n|-damage|p1a: Dusclops|70\/100|[from] Stealth Rock\n|-ability|p1a: Dusclops|Pressure\n|move|p2a: Chansey|Seismic Toss|p1a: Dusclops\n|-immune|p1a: Dusclops|[msg]\n|\n|-damage|p2a: Chansey|61\/100 brn|[from] brn\n|upkeep\n|turn|85\n|\n|-curestatus|p2a: Chansey|brn|[from] ability: Natural Cure\n|switch|p2a: Sableye|Sableye-Mega, F|87\/100\n|-status|p2a: Sableye|psn\n|move|p1a: Dusclops|Mean Look|p2a: Sableye\n|move|p2a: Sableye|Mean Look|p1a: Dusclops|[from]Magic Bounce\n|-fail|p2a: Sableye\n|\n|-damage|p2a: Sableye|75\/100 psn|[from] psn\n|upkeep\n|turn|86\n|\n|switch|p1a: Toxapex|Toxapex, M|68\/100\n|-damage|p1a: Toxapex|55\/100|[from] Stealth Rock\n|move|p2a: Sableye|Knock Off|p1a: Toxapex\n|-damage|p1a: Toxapex|42\/100\n|\n|-damage|p2a: Sableye|63\/100 psn|[from] psn\n|upkeep\n|turn|87\n|\n|switch|p2a: Chansey|Chansey, F|61\/100\n|-status|p2a: Chansey|psn\n|move|p1a: Toxapex|Recover|p1a: Toxapex\n|-heal|p1a: Toxapex|92\/100\n|\n|-damage|p2a: Chansey|49\/100 psn|[from] psn\n|upkeep\n|turn|88\n|\n|switch|p1a: Jirachi|Jirachi|100\/100\n|-damage|p1a: Jirachi|94\/100|[from] Stealth Rock\n|move|p2a: Chansey|Soft-Boiled|p2a: Chansey\n|-heal|p2a: Chansey|99\/100 psn\n|\n|-heal|p1a: Jirachi|100\/100|[from] item: Leftovers\n|-damage|p2a: Chansey|86\/100 psn|[from] psn\n|upkeep\n|turn|89\n|\n|-curestatus|p2a: Chansey|psn|[from] ability: Natural Cure\n|switch|p2a: Skarmory|Skarmory, M|93\/100\n|move|p1a: Jirachi|Iron Head|p2a: Skarmory\n|-resisted|p2a: Skarmory\n|-damage|p2a: Skarmory|84\/100\n|-damage|p1a: Jirachi|84\/100|[from] item: Rocky Helmet|[of] p2a: Skarmory\n|\n|-heal|p1a: Jirachi|90\/100|[from] item: Leftovers\n|upkeep\n|turn|90\n|\n|move|p1a: Jirachi|Stealth Rock|p2a: Skarmory\n|-sidestart|p2: Q114|move: Stealth Rock\n|move|p2a: Skarmory|Spikes|p1a: Jirachi\n|-sidestart|p1: Promiscuous g1rl|Spikes\n|\n|-heal|p1a: Jirachi|96\/100|[from] item: Leftovers\n|upkeep\n|turn|91\n|\n|move|p1a: Jirachi|Wish|p1a: Jirachi\n|move|p2a: Skarmory|Defog|p1a: Jirachi\n|-unboost|p1a: Jirachi|evasion|1\n|-sideend|p1: Promiscuous g1rl|Spikes|[from] move: Defog|[of] p1a: Jirachi\n|-sideend|p1: Promiscuous g1rl|Stealth Rock|[from] move: Defog|[of] p1a: Jirachi\n|-sideend|p2: Q114|Toxic Spikes|[from] move: Defog|[of] p2a: Skarmory\n|-sideend|p2: Q114|Stealth Rock|[from] move: Defog|[of] p2a: Skarmory\n|\n|-heal|p1a: Jirachi|100\/100|[from] item: Leftovers\n|upkeep\n|turn|92\n|\n|switch|p2a: Magnezone|Magnezone|73\/100\n|move|p1a: Jirachi|Stealth Rock|p2a: Magnezone\n|-sidestart|p2: Q114|move: Stealth Rock\n|\n|upkeep\n|turn|93\n|\n|move|p1a: Jirachi|Protect|p1a: Jirachi\n|-singleturn|p1a: Jirachi|Protect\n|move|p2a: Magnezone|Thunderbolt|p1a: Jirachi\n|-activate|p1a: Jirachi|move: Protect\n|\n|upkeep\n|turn|94\n|\n|move|p2a: Magnezone|Thunderbolt|p1a: Jirachi\n|-damage|p1a: Jirachi|66\/100\n|move|p1a: Jirachi|Wish|p1a: Jirachi\n|\n|-heal|p1a: Jirachi|72\/100|[from] item: Leftovers\n|upkeep\n|turn|95\n|\n|move|p2a: Magnezone|Thunderbolt|p1a: Jirachi\n|-damage|p1a: Jirachi|37\/100\n|move|p1a: Jirachi|Iron Head|p2a: Magnezone\n|-resisted|p2a: Magnezone\n|-damage|p2a: Magnezone|66\/100\n|\n|-heal|p1a: Jirachi|87\/100|[from] move: Wish|[wisher] Jirachi\n|-heal|p1a: Jirachi|94\/100|[from] item: Leftovers\n|upkeep\n|turn|96\n|\n|move|p1a: Jirachi|Protect|p1a: Jirachi\n|-singleturn|p1a: Jirachi|Protect\n|move|p2a: Magnezone|Thunderbolt|p1a: Jirachi\n|-activate|p1a: Jirachi|move: Protect\n|\n|-heal|p1a: Jirachi|99\/100|[from] item: Leftovers\n|upkeep\n|turn|97\n|\n|move|p2a: Magnezone|Thunderbolt|p1a: Jirachi\n|-damage|p1a: Jirachi|68\/100\n|move|p1a: Jirachi|Wish|p1a: Jirachi\n|\n|-heal|p1a: Jirachi|74\/100|[from] item: Leftovers\n|upkeep\n|turn|98\n|\n|move|p2a: Magnezone|Thunderbolt|p1a: Jirachi\n|-damage|p1a: Jirachi|38\/100\n|move|p1a: Jirachi|Iron Head|p2a: Magnezone\n|-resisted|p2a: Magnezone\n|-damage|p2a: Magnezone|59\/100\n|\n|-heal|p1a: Jirachi|88\/100|[from] move: Wish|[wisher] Jirachi\n|-heal|p1a: Jirachi|94\/100|[from] item: Leftovers\n|upkeep\n|turn|99\n|\n|move|p1a: Jirachi|Protect|p1a: Jirachi\n|-singleturn|p1a: Jirachi|Protect\n|move|p2a: Magnezone|Thunderbolt|p1a: Jirachi\n|-activate|p1a: Jirachi|move: Protect\n|\n|-heal|p1a: Jirachi|99\/100|[from] item: Leftovers\n|upkeep\n|turn|100\n|\n|move|p2a: Magnezone|Thunderbolt|p1a: Jirachi\n|-damage|p1a: Jirachi|69\/100\n|move|p1a: Jirachi|Wish|p1a: Jirachi\n|\n|-heal|p1a: Jirachi|75\/100|[from] item: Leftovers\n|upkeep\n|turn|101\n|j| asjcklmea\n|\n|move|p2a: Magnezone|Thunderbolt|p1a: Jirachi\n|-damage|p1a: Jirachi|44\/100\n|move|p1a: Jirachi|Iron Head|p2a: Magnezone\n|-resisted|p2a: Magnezone\n|-damage|p2a: Magnezone|52\/100\n|\n|-heal|p1a: Jirachi|94\/100|[from] move: Wish|[wisher] Jirachi\n|-heal|p1a: Jirachi|99\/100|[from] item: Leftovers\n|upkeep\n|turn|102\n|\n|move|p1a: Jirachi|Protect|p1a: Jirachi\n|-singleturn|p1a: Jirachi|Protect\n|move|p2a: Magnezone|Thunderbolt|p1a: Jirachi\n|-activate|p1a: Jirachi|move: Protect\n|\n|-heal|p1a: Jirachi|100\/100|[from] item: Leftovers\n|upkeep\n|turn|103\n|\n|move|p2a: Magnezone|Thunderbolt|p1a: Jirachi\n|-damage|p1a: Jirachi|67\/100\n|move|p1a: Jirachi|Wish|p1a: Jirachi\n|\n|-heal|p1a: Jirachi|73\/100|[from] item: Leftovers\n|upkeep\n|turn|104\n|\n|move|p2a: Magnezone|Thunderbolt|p1a: Jirachi\n|-damage|p1a: Jirachi|38\/100\n|move|p1a: Jirachi|Iron Head|p2a: Magnezone\n|-resisted|p2a: Magnezone\n|-damage|p2a: Magnezone|44\/100\n|\n|-heal|p1a: Jirachi|88\/100|[from] move: Wish|[wisher] Jirachi\n|-heal|p1a: Jirachi|95\/100|[from] item: Leftovers\n|upkeep\n|turn|105\n|\n|move|p1a: Jirachi|Protect|p1a: Jirachi\n|-singleturn|p1a: Jirachi|Protect\n|move|p2a: Magnezone|Thunderbolt|p1a: Jirachi\n|-activate|p1a: Jirachi|move: Protect\n|\n|-heal|p1a: Jirachi|100\/100|[from] item: Leftovers\n|upkeep\n|turn|106\n|\n|move|p2a: Magnezone|Thunderbolt|p1a: Jirachi\n|-damage|p1a: Jirachi|68\/100\n|move|p1a: Jirachi|Wish|p1a: Jirachi\n|\n|-heal|p1a: Jirachi|74\/100|[from] item: Leftovers\n|upkeep\n|turn|107\n|c| asjcklmea|this is the nastiest battle in the history you both are nigggers fagggots motherfuckers\n|\n|move|p2a: Magnezone|Thunderbolt|p1a: Jirachi\n|-damage|p1a: Jirachi|38\/100\n|move|p1a: Jirachi|Iron Head|p2a: Magnezone\n|-resisted|p2a: Magnezone\n|-damage|p2a: Magnezone|37\/100\n|\n|-heal|p1a: Jirachi|88\/100|[from] move: Wish|[wisher] Jirachi\n|-heal|p1a: Jirachi|94\/100|[from] item: Leftovers\n|upkeep\n|turn|108\n|l| asjcklmea\n|\n|move|p1a: Jirachi|Protect|p1a: Jirachi\n|-singleturn|p1a: Jirachi|Protect\n|move|p2a: Magnezone|Thunderbolt|p1a: Jirachi\n|-activate|p1a: Jirachi|move: Protect\n|\n|-heal|p1a: Jirachi|99\/100|[from] item: Leftovers\n|upkeep\n|turn|109\n|\n|move|p2a: Magnezone|Thunderbolt|p1a: Jirachi\n|-damage|p1a: Jirachi|65\/100\n|move|p1a: Jirachi|Wish|p1a: Jirachi\n|\n|-heal|p1a: Jirachi|71\/100|[from] item: Leftovers\n|upkeep\n|turn|110\n|\n|move|p2a: Magnezone|Thunderbolt|p1a: Jirachi\n|-damage|p1a: Jirachi|35\/100\n|move|p1a: Jirachi|Iron Head|p2a: Magnezone\n|-resisted|p2a: Magnezone\n|-damage|p2a: Magnezone|30\/100\n|\n|-heal|p1a: Jirachi|85\/100|[from] move: Wish|[wisher] Jirachi\n|-heal|p1a: Jirachi|91\/100|[from] item: Leftovers\n|upkeep\n|turn|111\n|\n|move|p1a: Jirachi|Protect|p1a: Jirachi\n|-singleturn|p1a: Jirachi|Protect\n|move|p2a: Magnezone|Thunderbolt|p1a: Jirachi\n|-activate|p1a: Jirachi|move: Protect\n|\n|-heal|p1a: Jirachi|98\/100|[from] item: Leftovers\n|upkeep\n|turn|112\n|\n|move|p2a: Magnezone|Thunderbolt|p1a: Jirachi\n|-damage|p1a: Jirachi|61\/100\n|move|p1a: Jirachi|Wish|p1a: Jirachi\n|\n|-heal|p1a: Jirachi|67\/100|[from] item: Leftovers\n|upkeep\n|turn|113\n|\n|switch|p2a: Skarmory|Skarmory, M|84\/100\n|-damage|p2a: Skarmory|72\/100|[from] Stealth Rock\n|move|p1a: Jirachi|Iron Head|p2a: Skarmory\n|-resisted|p2a: Skarmory\n|-damage|p2a: Skarmory|64\/100\n|-damage|p1a: Jirachi|50\/100|[from] item: Rocky Helmet|[of] p2a: Skarmory\n|\n|-heal|p1a: Jirachi|100\/100|[from] move: Wish|[wisher] Jirachi\n|upkeep\n|turn|114\n|\n|switch|p1a: Dusclops|Dusclops, M|70\/100\n|-ability|p1a: Dusclops|Pressure\n|switch|p2a: Clefable|Clefable, F|88\/100\n|-damage|p2a: Clefable|76\/100|[from] Stealth Rock\n|\n|-heal|p2a: Clefable|82\/100|[from] item: Leftovers\n|upkeep\n|turn|115\n|\n|move|p2a: Clefable|Protect|p2a: Clefable\n|-singleturn|p2a: Clefable|Protect\n|move|p1a: Dusclops|Mean Look|p2a: Clefable\n|-activate|p2a: Clefable|trapped\n|\n|-heal|p2a: Clefable|88\/100|[from] item: Leftovers\n|upkeep\n|turn|116\n|\n|move|p2a: Clefable|Wish|p2a: Clefable\n|move|p1a: Dusclops|Will-O-Wisp|p2a: Clefable|[miss]\n|-miss|p1a: Dusclops|p2a: Clefable\n|\n|-heal|p2a: Clefable|94\/100|[from] item: Leftovers\n|upkeep\n|turn|117\n|\n|move|p2a: Clefable|Moonblast|p1a: Dusclops\n|-damage|p1a: Dusclops|53\/100\n|move|p1a: Dusclops|Rest|p1a: Dusclops\n|-status|p1a: Dusclops|slp\n|-heal|p1a: Dusclops|100\/100 slp|[silent]\n|-status|p1a: Dusclops|slp|[from] move: Rest\n|\n|-heal|p2a: Clefable|100\/100|[from] move: Wish|[wisher] Clefable\n|upkeep\n|turn|118\n|\n|move|p2a: Clefable|Moonblast|p1a: Dusclops\n|-damage|p1a: Dusclops|84\/100 slp\n|cant|p1a: Dusclops|slp\n|\n|upkeep\n|turn|119\n|\n|move|p2a: Clefable|Moonblast|p1a: Dusclops\n|-damage|p1a: Dusclops|67\/100 slp\n|cant|p1a: Dusclops|slp\n|\n|upkeep\n|turn|120\n|\n|move|p2a: Clefable|Protect|p2a: Clefable\n|-singleturn|p2a: Clefable|Protect\n|-curestatus|p1a: Dusclops|slp|[msg]\n|move|p1a: Dusclops|Will-O-Wisp|p2a: Clefable\n|-activate|p2a: Clefable|move: Protect\n|\n|upkeep\n|turn|121\n|\n|move|p2a: Clefable|Moonblast|p1a: Dusclops\n|-damage|p1a: Dusclops|53\/100\n|move|p1a: Dusclops|Will-O-Wisp|p2a: Clefable\n|-status|p2a: Clefable|brn\n|\n|-damage|p2a: Clefable|94\/100 brn|[from] brn\n|upkeep\n|turn|122\n|\n|move|p2a: Clefable|Moonblast|p1a: Dusclops\n|-crit|p1a: Dusclops\n|-damage|p1a: Dusclops|31\/100\n|move|p1a: Dusclops|Rest|p1a: Dusclops\n|-status|p1a: Dusclops|slp\n|-heal|p1a: Dusclops|100\/100 slp|[silent]\n|-status|p1a: Dusclops|slp|[from] move: Rest\n|\n|-heal|p2a: Clefable|100\/100 brn|[from] item: Leftovers\n|-damage|p2a: Clefable|94\/100 brn|[from] brn\n|upkeep\n|turn|123\n|\n|move|p2a: Clefable|Moonblast|p1a: Dusclops\n|-damage|p1a: Dusclops|84\/100 slp\n|cant|p1a: Dusclops|slp\n|\n|-heal|p2a: Clefable|100\/100 brn|[from] item: Leftovers\n|-damage|p2a: Clefable|94\/100 brn|[from] brn\n|upkeep\n|turn|124\n|\n|move|p2a: Clefable|Moonblast|p1a: Dusclops\n|-damage|p1a: Dusclops|68\/100 slp\n|cant|p1a: Dusclops|slp\n|\n|-heal|p2a: Clefable|100\/100 brn|[from] item: Leftovers\n|-damage|p2a: Clefable|94\/100 brn|[from] brn\n|upkeep\n|turn|125\n|\n|move|p2a: Clefable|Protect|p2a: Clefable\n|-singleturn|p2a: Clefable|Protect\n|-curestatus|p1a: Dusclops|slp|[msg]\n|move|p1a: Dusclops|Will-O-Wisp|p2a: Clefable\n|-activate|p2a: Clefable|move: Protect\n|\n|-heal|p2a: Clefable|100\/100 brn|[from] item: Leftovers\n|-damage|p2a: Clefable|94\/100 brn|[from] brn\n|upkeep\n|turn|126\n|\n|move|p2a: Clefable|Moonblast|p1a: Dusclops\n|-damage|p1a: Dusclops|52\/100\n|move|p1a: Dusclops|Rest|p1a: Dusclops\n|-status|p1a: Dusclops|slp\n|-heal|p1a: Dusclops|100\/100 slp|[silent]\n|-status|p1a: Dusclops|slp|[from] move: Rest\n|\n|-heal|p2a: Clefable|100\/100 brn|[from] item: Leftovers\n|-damage|p2a: Clefable|94\/100 brn|[from] brn\n|upkeep\n|turn|127\n|\n|move|p2a: Clefable|Moonblast|p1a: Dusclops\n|-damage|p1a: Dusclops|85\/100 slp\n|cant|p1a: Dusclops|slp\n|\n|-heal|p2a: Clefable|100\/100 brn|[from] item: Leftovers\n|-damage|p2a: Clefable|94\/100 brn|[from] brn\n|upkeep\n|turn|128\n|\n|move|p2a: Clefable|Wish|p2a: Clefable\n|cant|p1a: Dusclops|slp\n|\n|-heal|p2a: Clefable|100\/100 brn|[from] item: Leftovers\n|-damage|p2a: Clefable|94\/100 brn|[from] brn\n|upkeep\n|turn|129\n|\n|move|p2a: Clefable|Protect|p2a: Clefable\n|-singleturn|p2a: Clefable|Protect\n|-curestatus|p1a: Dusclops|slp|[msg]\n|move|p1a: Dusclops|Rest|p1a: Dusclops\n|-status|p1a: Dusclops|slp\n|-heal|p1a: Dusclops|100\/100 slp|[silent]\n|-status|p1a: Dusclops|slp|[from] move: Rest\n|\n|-heal|p2a: Clefable|100\/100 brn|[from] move: Wish|[wisher] Clefable\n|-damage|p2a: Clefable|94\/100 brn|[from] brn\n|upkeep\n|turn|130\n|\n|move|p2a: Clefable|Wish|p2a: Clefable\n|cant|p1a: Dusclops|slp\n|\n|-heal|p2a: Clefable|100\/100 brn|[from] item: Leftovers\n|-damage|p2a: Clefable|94\/100 brn|[from] brn\n|upkeep\n|turn|131\n|\n|move|p2a: Clefable|Protect|p2a: Clefable\n|-singleturn|p2a: Clefable|Protect\n|cant|p1a: Dusclops|slp\n|\n|-heal|p2a: Clefable|100\/100 brn|[from] move: Wish|[wisher] Clefable\n|-damage|p2a: Clefable|94\/100 brn|[from] brn\n|upkeep\n|turn|132\n|\n|move|p2a: Clefable|Wish|p2a: Clefable\n|-curestatus|p1a: Dusclops|slp|[msg]\n|move|p1a: Dusclops|Spite|p2a: Clefable\n|-activate|p2a: Clefable|move: Spite|Wish|4\n|\n|-heal|p2a: Clefable|100\/100 brn|[from] item: Leftovers\n|-damage|p2a: Clefable|94\/100 brn|[from] brn\n|upkeep\n|turn|133\n|\n|move|p2a: Clefable|Protect|p2a: Clefable\n|-singleturn|p2a: Clefable|Protect\n|move|p1a: Dusclops|Will-O-Wisp|p2a: Clefable\n|-activate|p2a: Clefable|move: Protect\n|\n|-heal|p2a: Clefable|100\/100 brn|[from] move: Wish|[wisher] Clefable\n|-damage|p2a: Clefable|94\/100 brn|[from] brn\n|upkeep\n|turn|134\n|\n|move|p2a: Clefable|Protect|p2a: Clefable\n|-fail|p2a: Clefable\n|move|p1a: Dusclops|Spite|p2a: Clefable\n|-activate|p2a: Clefable|move: Spite|Protect|4\n|\n|-heal|p2a: Clefable|100\/100 brn|[from] item: Leftovers\n|-damage|p2a: Clefable|94\/100 brn|[from] brn\n|upkeep\n|turn|135\n|inactive|Q114 has 135 seconds left.\n|\n|move|p2a: Clefable|Wish|p2a: Clefable\n|move|p1a: Dusclops|Will-O-Wisp|p2a: Clefable\n|-fail|p2a: Clefable|brn\n|\n|-heal|p2a: Clefable|100\/100 brn|[from] item: Leftovers\n|-damage|p2a: Clefable|94\/100 brn|[from] brn\n|upkeep\n|turn|136\n|\n|move|p2a: Clefable|Protect|p2a: Clefable\n|-singleturn|p2a: Clefable|Protect\n|move|p1a: Dusclops|Will-O-Wisp|p2a: Clefable\n|-activate|p2a: Clefable|move: Protect\n|\n|-heal|p2a: Clefable|100\/100 brn|[from] move: Wish|[wisher] Clefable\n|-damage|p2a: Clefable|94\/100 brn|[from] brn\n|upkeep\n|turn|137\n|\n|move|p2a: Clefable|Wish|p2a: Clefable\n|move|p1a: Dusclops|Will-O-Wisp|p2a: Clefable\n|-fail|p2a: Clefable|brn\n|\n|-heal|p2a: Clefable|100\/100 brn|[from] item: Leftovers\n|-damage|p2a: Clefable|94\/100 brn|[from] brn\n|upkeep\n|turn|138\n|\n|move|p2a: Clefable|Protect|p2a: Clefable\n|-singleturn|p2a: Clefable|Protect\n|move|p1a: Dusclops|Rest|p1a: Dusclops\n|-fail|p1a: Dusclops\n|\n|-heal|p2a: Clefable|100\/100 brn|[from] move: Wish|[wisher] Clefable\n|-damage|p2a: Clefable|94\/100 brn|[from] brn\n|upkeep\n|turn|139\n|\n|move|p2a: Clefable|Heal Bell|p2a: Clefable\n|-activate|p2a: Clefable|move: Heal Bell\n|-curestatus|p2a: Clefable|brn|[msg]\n|-curestatus|p2: Sableye|psn|[msg]\n|move|p1a: Dusclops|Rest|p1a: Dusclops\n|-fail|p1a: Dusclops\n|\n|-heal|p2a: Clefable|100\/100|[from] item: Leftovers\n|upkeep\n|turn|140\n|\n|move|p2a: Clefable|Heal Bell|p2a: Clefable\n|-activate|p2a: Clefable|move: Heal Bell\n|-fail|p2a: Clefable\n|move|p1a: Dusclops|Rest|p1a: Dusclops\n|-fail|p1a: Dusclops\n|\n|upkeep\n|turn|141\n|\n|move|p2a: Clefable|Heal Bell|p2a: Clefable\n|-activate|p2a: Clefable|move: Heal Bell\n|-fail|p2a: Clefable\n|move|p1a: Dusclops|Rest|p1a: Dusclops\n|-fail|p1a: Dusclops\n|\n|upkeep\n|turn|142\n|\n|move|p2a: Clefable|Wish|p2a: Clefable\n|move|p1a: Dusclops|Rest|p1a: Dusclops\n|-fail|p1a: Dusclops\n|\n|upkeep\n|turn|143\n|\n|move|p2a: Clefable|Heal Bell|p2a: Clefable\n|-activate|p2a: Clefable|move: Heal Bell\n|-fail|p2a: Clefable\n|move|p1a: Dusclops|Rest|p1a: Dusclops\n|-fail|p1a: Dusclops\n|\n|upkeep\n|turn|144\n|\n|switch|p1a: Zapdos|Zapdos|100\/100\n|-ability|p1a: Zapdos|Pressure\n|move|p2a: Clefable|Protect|p2a: Clefable\n|-fail|p2a: Clefable\n|\n|upkeep\n|turn|145\n|\n|switch|p2a: Chansey|Chansey, F|86\/100\n|-damage|p2a: Chansey|74\/100|[from] Stealth Rock\n|move|p1a: Zapdos|Discharge|p2a: Chansey\n|-damage|p2a: Chansey|64\/100\n|\n|upkeep\n|turn|146\n|\n|switch|p1a: Toxapex|Toxapex, M|100\/100\n|move|p2a: Chansey|Soft-Boiled|p2a: Chansey\n|-heal|p2a: Chansey|100\/100\n|\n|upkeep\n|turn|147\n|\n|switch|p2a: Skarmory|Skarmory, M|64\/100\n|-damage|p2a: Skarmory|51\/100|[from] Stealth Rock\n|move|p1a: Toxapex|Scald|p2a: Skarmory\n|-damage|p2a: Skarmory|30\/100\n|-status|p2a: Skarmory|brn\n|\n|-damage|p2a: Skarmory|24\/100 brn|[from] brn\n|upkeep\n|turn|148\n|\n|switch|p1a: Zapdos|Zapdos|100\/100\n|-ability|p1a: Zapdos|Pressure\n|move|p2a: Skarmory|Roost|p2a: Skarmory\n|-heal|p2a: Skarmory|74\/100 brn\n|\n|-damage|p2a: Skarmory|68\/100 brn|[from] brn\n|upkeep\n|turn|149\n|\n|switch|p2a: Chansey|Chansey, F|100\/100\n|-damage|p2a: Chansey|88\/100|[from] Stealth Rock\n|move|p1a: Zapdos|Discharge|p2a: Chansey\n|-damage|p2a: Chansey|78\/100\n|\n|upkeep\n|turn|150\n|\n|switch|p1a: Lopunny|Lopunny-Mega, F|100\/100\n|move|p2a: Chansey|Stealth Rock|p1a: Lopunny\n|-sidestart|p1: Promiscuous g1rl|move: Stealth Rock\n|\n|upkeep\n|turn|151\n|\n|move|p1a: Lopunny|Frustration|p2a: Chansey\n|-damage|p2a: Chansey|37\/100\n|move|p2a: Chansey|Toxic|p1a: Lopunny\n|-status|p1a: Lopunny|tox\n|\n|-damage|p1a: Lopunny|95\/100 tox|[from] psn\n|upkeep\n|turn|152\n|\n|switch|p2a: Clefable|Clefable, F|100\/100\n|-damage|p2a: Clefable|88\/100|[from] Stealth Rock\n|move|p1a: Lopunny|Frustration|p2a: Clefable\n|-damage|p2a: Clefable|40\/100\n|\n|-heal|p2a: Clefable|47\/100|[from] item: Leftovers\n|-damage|p1a: Lopunny|83\/100 tox|[from] psn\n|upkeep\n|turn|153\n|\n|switch|p1a: Jirachi|Jirachi|100\/100\n|-damage|p1a: Jirachi|94\/100|[from] Stealth Rock\n|move|p2a: Clefable|Wish|p2a: Clefable\n|\n|-heal|p1a: Jirachi|100\/100|[from] item: Leftovers\n|-heal|p2a: Clefable|53\/100|[from] item: Leftovers\n|upkeep\n|turn|154\n|\n|switch|p2a: Magnezone|Magnezone|30\/100\n|-damage|p2a: Magnezone|24\/100|[from] Stealth Rock\n|move|p1a: Jirachi|Iron Head|p2a: Magnezone\n|-resisted|p2a: Magnezone\n|-damage|p2a: Magnezone|16\/100\n|\n|-heal|p2a: Magnezone|86\/100|[from] move: Wish|[wisher] Clefable\n|upkeep\n|turn|155\n|inactive|Q114 has 135 seconds left.\n|\n|move|p1a: Jirachi|Protect|p1a: Jirachi\n|-singleturn|p1a: Jirachi|Protect\n|move|p2a: Magnezone|Flash Cannon|p1a: Jirachi\n|-activate|p1a: Jirachi|move: Protect\n|\n|upkeep\n|turn|156\n|\n|move|p2a: Magnezone|Flash Cannon|p1a: Jirachi\n|-resisted|p1a: Jirachi\n|-damage|p1a: Jirachi|84\/100\n|move|p1a: Jirachi|Stealth Rock|p2a: Magnezone\n|-fail|p1a: Jirachi\n|\n|-heal|p1a: Jirachi|90\/100|[from] item: Leftovers\n|upkeep\n|turn|157\n|\n|move|p2a: Magnezone|Flash Cannon|p1a: Jirachi\n|-resisted|p1a: Jirachi\n|-damage|p1a: Jirachi|74\/100\n|move|p1a: Jirachi|Iron Head|p2a: Magnezone\n|-resisted|p2a: Magnezone\n|-damage|p2a: Magnezone|79\/100\n|\n|-heal|p1a: Jirachi|80\/100|[from] item: Leftovers\n|upkeep\n|turn|158\n|\n|move|p2a: Magnezone|Flash Cannon|p1a: Jirachi\n|-resisted|p1a: Jirachi\n|-damage|p1a: Jirachi|65\/100\n|move|p1a: Jirachi|Stealth Rock|p2a: Magnezone\n|-fail|p1a: Jirachi\n|\n|-heal|p1a: Jirachi|71\/100|[from] item: Leftovers\n|upkeep\n|turn|159\n|\n|move|p2a: Magnezone|Flash Cannon|p1a: Jirachi\n|-resisted|p1a: Jirachi\n|-damage|p1a: Jirachi|56\/100\n|move|p1a: Jirachi|Stealth Rock|p2a: Magnezone\n|-fail|p1a: Jirachi\n|\n|-heal|p1a: Jirachi|63\/100|[from] item: Leftovers\n|upkeep\n|turn|160\n|\n|move|p2a: Magnezone|Flash Cannon|p1a: Jirachi\n|-resisted|p1a: Jirachi\n|-damage|p1a: Jirachi|48\/100\n|move|p1a: Jirachi|Wish|p1a: Jirachi\n|\n|-heal|p1a: Jirachi|54\/100|[from] item: Leftovers\n|upkeep\n|turn|161\n|\n|move|p2a: Magnezone|Flash Cannon|p1a: Jirachi\n|-resisted|p1a: Jirachi\n|-crit|p1a: Jirachi\n|-damage|p1a: Jirachi|32\/100\n|move|p1a: Jirachi|Stealth Rock|p2a: Magnezone\n|-fail|p1a: Jirachi\n|\n|-heal|p1a: Jirachi|82\/100|[from] move: Wish|[wisher] Jirachi\n|-heal|p1a: Jirachi|88\/100|[from] item: Leftovers\n|upkeep\n|turn|162\n|\n|move|p2a: Magnezone|Flash Cannon|p1a: Jirachi\n|-resisted|p1a: Jirachi\n|-damage|p1a: Jirachi|74\/100\n|move|p1a: Jirachi|Stealth Rock|p2a: Magnezone\n|-fail|p1a: Jirachi\n|\n|-heal|p1a: Jirachi|80\/100|[from] item: Leftovers\n|upkeep\n|turn|163\n|\n|move|p1a: Jirachi|Protect|p1a: Jirachi\n|-singleturn|p1a: Jirachi|Protect\n|move|p2a: Magnezone|Flash Cannon|p1a: Jirachi\n|-activate|p1a: Jirachi|move: Protect\n|\n|-heal|p1a: Jirachi|86\/100|[from] item: Leftovers\n|upkeep\n|turn|164\n|\n|move|p2a: Magnezone|Flash Cannon|p1a: Jirachi\n|-resisted|p1a: Jirachi\n|-damage|p1a: Jirachi|69\/100\n|move|p1a: Jirachi|Stealth Rock|p2a: Magnezone\n|-fail|p1a: Jirachi\n|\n|-heal|p1a: Jirachi|75\/100|[from] item: Leftovers\n|upkeep\n|turn|165\n|\n|move|p2a: Magnezone|Flash Cannon|p1a: Jirachi\n|-resisted|p1a: Jirachi\n|-damage|p1a: Jirachi|60\/100\n|move|p1a: Jirachi|Wish|p1a: Jirachi\n|\n|-heal|p1a: Jirachi|66\/100|[from] item: Leftovers\n|upkeep\n|turn|166\n|\n|move|p2a: Magnezone|Flash Cannon|p1a: Jirachi\n|-resisted|p1a: Jirachi\n|-damage|p1a: Jirachi|50\/100\n|move|p1a: Jirachi|Iron Head|p2a: Magnezone\n|-resisted|p2a: Magnezone\n|-damage|p2a: Magnezone|72\/100\n|\n|-heal|p1a: Jirachi|99\/100|[from] move: Wish|[wisher] Jirachi\n|-heal|p1a: Jirachi|100\/100|[from] item: Leftovers\n|upkeep\n|turn|167\n|\n|move|p2a: Magnezone|Flash Cannon|p1a: Jirachi\n|-resisted|p1a: Jirachi\n|-damage|p1a: Jirachi|84\/100\n|move|p1a: Jirachi|Iron Head|p2a: Magnezone\n|-resisted|p2a: Magnezone\n|-damage|p2a: Magnezone|65\/100\n|\n|-heal|p1a: Jirachi|90\/100|[from] item: Leftovers\n|upkeep\n|turn|168\n|\n|move|p1a: Jirachi|Protect|p1a: Jirachi\n|-singleturn|p1a: Jirachi|Protect\n|move|p2a: Magnezone|Flash Cannon|p1a: Jirachi\n|-activate|p1a: Jirachi|move: Protect\n|\n|-heal|p1a: Jirachi|96\/100|[from] item: Leftovers\n|upkeep\n|turn|169\n|\n|move|p2a: Magnezone|Flash Cannon|p1a: Jirachi\n|-resisted|p1a: Jirachi\n|-damage|p1a: Jirachi|82\/100\n|move|p1a: Jirachi|Iron Head|p2a: Magnezone\n|-resisted|p2a: Magnezone\n|-damage|p2a: Magnezone|57\/100\n|\n|-heal|p1a: Jirachi|88\/100|[from] item: Leftovers\n|upkeep\n|turn|170\n|\n|move|p1a: Jirachi|Protect|p1a: Jirachi\n|-singleturn|p1a: Jirachi|Protect\n|move|p2a: Magnezone|Flash Cannon|p1a: Jirachi\n|-activate|p1a: Jirachi|move: Protect\n|\n|-heal|p1a: Jirachi|94\/100|[from] item: Leftovers\n|upkeep\n|turn|171\n|\n|switch|p2a: Skarmory|Skarmory, M|68\/100 brn\n|-damage|p2a: Skarmory|56\/100 brn|[from] Stealth Rock\n|move|p1a: Jirachi|Iron Head|p2a: Skarmory\n|-resisted|p2a: Skarmory\n|-damage|p2a: Skarmory|48\/100 brn\n|-damage|p1a: Jirachi|78\/100|[from] item: Rocky Helmet|[of] p2a: Skarmory\n|\n|-heal|p1a: Jirachi|84\/100|[from] item: Leftovers\n|-damage|p2a: Skarmory|42\/100 brn|[from] brn\n|upkeep\n|turn|172\n|\n|switch|p1a: Zapdos|Zapdos|100\/100\n|-damage|p1a: Zapdos|75\/100|[from] Stealth Rock\n|-ability|p1a: Zapdos|Pressure\n|move|p2a: Skarmory|Roost|p2a: Skarmory\n|-heal|p2a: Skarmory|92\/100 brn\n|\n|-heal|p1a: Zapdos|82\/100|[from] item: Leftovers\n|-damage|p2a: Skarmory|86\/100 brn|[from] brn\n|upkeep\n|turn|173\n|\n|switch|p2a: Chansey|Chansey, F|37\/100\n|-damage|p2a: Chansey|25\/100|[from] Stealth Rock\n|move|p1a: Zapdos|Discharge|p2a: Chansey\n|-damage|p2a: Chansey|15\/100\n|\n|-heal|p1a: Zapdos|88\/100|[from] item: Leftovers\n|upkeep\n|turn|174\n|inactive|Promiscuous g1rl has 135 seconds left.\n|\n|move|p1a: Zapdos|Discharge|p2a: Chansey\n|-damage|p2a: Chansey|4\/100\n|-status|p2a: Chansey|par\n|cant|p2a: Chansey|par\n|\n|-heal|p1a: Zapdos|94\/100|[from] item: Leftovers\n|upkeep\n|turn|175\n|inactive|Q114 has 135 seconds left.\n|inactive|Q114 has 120 seconds left.\n|inactive|Q114 has 105 seconds left.\n|inactive|Q114 has 90 seconds left.\n|inactive|Q114 has 75 seconds left.\n|inactive|Q114 has 60 seconds left.\n|inactive|Q114 has 45 seconds left.\n|inactive|Q114 has 30 seconds left.\n|inactive|Q114 has 20 seconds left.\n|inactive|Q114 has 15 seconds left.\n|inactive|Q114 has 10 seconds left.\n|inactive|Q114 has 5 seconds left.\n|-message|Q114 lost due to inactivity.\n|\n|win|Promiscuous g1rl\n|raw|Promiscuous g1rl's rating: 1825 &rarr; <strong>1841<\/strong><br \/>(+16 for winning)\n|raw|Q114's rating: 1754 &rarr; <strong>1738<\/strong><br \/>(-16 for losing)\n","inputlog":null,"uploadtime":1526965899,"views":55,"p1id":"promiscuousg1rl","p2id":"q114","formatid":"gen7ou","rating":1738,"private":0,"password":null}