{"id":"gen7ou-871166423","p1":"cnnblt","p2":"Kaylss","format":"gen7ou","log":"|raw|<div class=\"broadcast-red\"><strong>This battle is invite-only!<\/strong><br \/>Users must be rank + or invited with <code>\/invite<\/code> to join<\/div>\n|j|\u2606cnnblt\n|j|\u2606Kaylss\n|player|p1|cnnblt|184\n|player|p2|Kaylss|138\n|teamsize|p1|6\n|teamsize|p2|6\n|gametype|singles\n|gen|7\n|tier|[Gen 7] OU\n|rated|\n|rule|Sleep Clause Mod: Limit one foe put to sleep\n|rule|Species Clause: Limit one of each Pok\u00e9mon\n|rule|OHKO Clause: OHKO moves are banned\n|rule|Moody Clause: Moody is banned\n|rule|Evasion Moves Clause: Evasion moves are banned\n|rule|Endless Battle Clause: Forcing endless battles is banned\n|rule|HP Percentage Mod: HP is shown in percentages\n|clearpoke\n|poke|p1|Mew|item\n|poke|p1|Crawdaunt, F|item\n|poke|p1|Ferrothorn, M|item\n|poke|p1|Magearna|item\n|poke|p1|Dragonite, F|item\n|poke|p1|Togekiss, M|item\n|poke|p2|Medicham, F|item\n|poke|p2|Greninja, M|item\n|poke|p2|Mew|item\n|poke|p2|Garchomp, M|item\n|poke|p2|Kartana|item\n|poke|p2|Magearna|item\n|teampreview\n|inactive|Battle timer is ON: inactive players will automatically lose when time's up. (requested by cnnblt)\n|\n|start\n|switch|p1a: Mew|Mew|100\/100\n|switch|p2a: Mew|Mew|100\/100\n|turn|1\n|\n|switch|p1a: Magearna|Magearna|100\/100\n|move|p2a: Mew|Stealth Rock|p1a: Magearna\n|-sidestart|p1: cnnblt|move: Stealth Rock\n|\n|upkeep\n|turn|2\n|\n|move|p2a: Mew|Will-O-Wisp|p1a: Magearna|[miss]\n|-miss|p2a: Mew|p1a: Magearna\n|move|p1a: Magearna|Ice Beam|p2a: Mew\n|-damage|p2a: Mew|77\/100\n|\n|-heal|p2a: Mew|83\/100|[from] item: Leftovers\n|upkeep\n|turn|3\n|\n|move|p2a: Mew|Will-O-Wisp|p1a: Magearna\n|-status|p1a: Magearna|brn\n|move|p1a: Magearna|Volt Switch|p2a: Mew\n|-damage|p2a: Mew|65\/100\n|\n|switch|p1a: Crawdaunt|Crawdaunt, F|100\/100\n|-damage|p1a: Crawdaunt|88\/100|[from] Stealth Rock\n|\n|-heal|p2a: Mew|71\/100|[from] item: Leftovers\n|upkeep\n|turn|4\n|\n|move|p2a: Mew|Will-O-Wisp|p1a: Crawdaunt|[miss]\n|-miss|p2a: Mew|p1a: Crawdaunt\n|move|p1a: Crawdaunt|Knock Off|p2a: Mew\n|-supereffective|p2a: Mew\n|-damage|p2a: Mew|0 fnt\n|-enditem|p2a: Mew|Leftovers|[from] move: Knock Off|[of] p1a: Crawdaunt\n|faint|p2a: Mew\n|\n|upkeep\n|\n|switch|p2a: Medicham|Medicham, F|100\/100\n|turn|5\n|\n|switch|p1a: Ferrothorn|Ferrothorn, M|100\/100\n|-damage|p1a: Ferrothorn|94\/100|[from] Stealth Rock\n|detailschange|p2a: Medicham|Medicham-Mega, F\n|-mega|p2a: Medicham|Medicham|Medichamite\n|move|p2a: Medicham|High Jump Kick|p1a: Ferrothorn|[miss]\n|-miss|p2a: Medicham|p1a: Ferrothorn\n|-damage|p2a: Medicham|51\/100|[from] High Jump Kick\n|\n|upkeep\n|turn|6\n|\n|move|p1a: Ferrothorn|Protect|p1a: Ferrothorn\n|-singleturn|p1a: Ferrothorn|Protect\n|move|p2a: Medicham|High Jump Kick|p1a: Ferrothorn\n|-activate|p1a: Ferrothorn|move: Protect\n|-damage|p2a: Medicham|1\/100|[from] High Jump Kick\n|\n|upkeep\n|turn|7\n|\n|switch|p1a: Togekiss|Togekiss, M|100\/100\n|-damage|p1a: Togekiss|76\/100|[from] Stealth Rock\n|move|p2a: Medicham|High Jump Kick|p1a: Togekiss\n|-resisted|p1a: Togekiss\n|-damage|p1a: Togekiss|44\/100\n|\n|-heal|p1a: Togekiss|51\/100|[from] item: Leftovers\n|upkeep\n|turn|8\n|\n|switch|p1a: Ferrothorn|Ferrothorn, M|94\/100\n|-damage|p1a: Ferrothorn|88\/100|[from] Stealth Rock\n|move|p2a: Medicham|High Jump Kick|p1a: Ferrothorn|[miss]\n|-miss|p2a: Medicham|p1a: Ferrothorn\n|-damage|p2a: Medicham|0 fnt|[from] High Jump Kick\n|faint|p2a: Medicham\n|\n|upkeep\n|c|\u2606cnnblt|lol\n|\n|switch|p2a: Kartana|Kartana|100\/100\n|turn|9\n|\n|switch|p1a: Togekiss|Togekiss, M|51\/100\n|-damage|p1a: Togekiss|26\/100|[from] Stealth Rock\n|move|p2a: Kartana|Swords Dance|p2a: Kartana\n|-boost|p2a: Kartana|atk|2\n|\n|-heal|p1a: Togekiss|32\/100|[from] item: Leftovers\n|upkeep\n|turn|10\n|\n|move|p2a: Kartana|Leaf Blade|p1a: Togekiss\n|-resisted|p1a: Togekiss\n|-damage|p1a: Togekiss|0 fnt\n|faint|p1a: Togekiss\n|-ability|p2a: Kartana|Beast Boost|boost\n|-boost|p2a: Kartana|spe|1\n|\n|upkeep\n|\n|switch|p1a: Magearna|Magearna|100\/100 brn\n|-damage|p1a: Magearna|94\/100 brn|[from] Stealth Rock\n|turn|11\n|\n|move|p2a: Kartana|Sacred Sword|p1a: Magearna\n|-damage|p1a: Magearna|39\/100 brn\n|move|p1a: Magearna|Aura Sphere|p2a: Kartana\n|-supereffective|p2a: Kartana\n|-enditem|p2a: Kartana|Chople Berry|[eat]\n|-enditem|p2a: Kartana|Chople Berry|[weaken]\n|-damage|p2a: Kartana|31\/100\n|\n|-damage|p1a: Magearna|32\/100 brn|[from] brn\n|upkeep\n|turn|12\n|\n|move|p2a: Kartana|Sacred Sword|p1a: Magearna\n|-damage|p1a: Magearna|0 fnt\n|faint|p1a: Magearna\n|-ability|p2a: Kartana|Beast Boost|boost\n|-boost|p2a: Kartana|spe|1\n|\n|upkeep\n|\n|switch|p1a: Crawdaunt|Crawdaunt, F|88\/100\n|-damage|p1a: Crawdaunt|76\/100|[from] Stealth Rock\n|turn|13\n|\n|move|p1a: Crawdaunt|Aqua Jet|p2a: Kartana\n|-resisted|p2a: Kartana\n|-damage|p2a: Kartana|12\/100\n|move|p2a: Kartana|Sacred Sword|p1a: Crawdaunt\n|-supereffective|p1a: Crawdaunt\n|-damage|p1a: Crawdaunt|0 fnt\n|faint|p1a: Crawdaunt\n|-ability|p2a: Kartana|Beast Boost|boost\n|-boost|p2a: Kartana|spe|1\n|\n|upkeep\n|\n|switch|p1a: Ferrothorn|Ferrothorn, M|88\/100\n|-damage|p1a: Ferrothorn|82\/100|[from] Stealth Rock\n|turn|14\n|\n|move|p2a: Kartana|Sacred Sword|p1a: Ferrothorn\n|-supereffective|p1a: Ferrothorn\n|-damage|p1a: Ferrothorn|14\/100\n|-damage|p2a: Kartana|0 fnt|[from] ability: Iron Barbs|[of] p1a: Ferrothorn\n|faint|p2a: Kartana\n|move|p1a: Ferrothorn|Stealth Rock|p2: Kartana\n|-sidestart|p2: Kaylss|move: Stealth Rock\n|\n|upkeep\n|\n|switch|p2a: Greninja|Greninja, M|100\/100\n|-damage|p2a: Greninja|88\/100|[from] Stealth Rock\n|turn|15\n|\n|move|p2a: Greninja|Hidden Power|p1a: Ferrothorn\n|-start|p2a: Greninja|typechange|Fire|[from] ability: Protean\n|-supereffective|p1a: Ferrothorn\n|-damage|p1a: Ferrothorn|0 fnt\n|faint|p1a: Ferrothorn\n|\n|upkeep\n|\n|switch|p1a: Mew|Mew|100\/100\n|-damage|p1a: Mew|88\/100|[from] Stealth Rock\n|turn|16\n|\n|move|p1a: Mew|Earth Power|p2a: Greninja\n|-supereffective|p2a: Greninja\n|-damage|p2a: Greninja|0 fnt\n|faint|p2a: Greninja\n|\n|upkeep\n|\n|switch|p2a: Garchomp|Garchomp, M|100\/100\n|-damage|p2a: Garchomp|94\/100|[from] Stealth Rock\n|turn|17\n|\n|move|p2a: Garchomp|Earthquake|p1a: Mew\n|-damage|p1a: Mew|33\/100\n|move|p1a: Mew|Earth Power|p2a: Garchomp\n|-damage|p2a: Garchomp|67\/100\n|\n|upkeep\n|turn|18\n|\n|switch|p2a: Magearna|Magearna|100\/100\n|-damage|p2a: Magearna|94\/100|[from] Stealth Rock\n|switch|p1a: Dragonite|Dragonite, F|100\/100\n|-damage|p1a: Dragonite|76\/100|[from] Stealth Rock\n|\n|upkeep\n|turn|19\n|\n|-zpower|p1a: Dragonite\n|move|p1a: Dragonite|Supersonic Skystrike|p2a: Magearna|[zeffect]\n|-resisted|p2a: Magearna\n|-damage|p2a: Magearna|52\/100\n|move|p2a: Magearna|Ice Beam|p1a: Dragonite\n|-supereffective|p1a: Dragonite\n|-damage|p1a: Dragonite|0 fnt\n|faint|p1a: Dragonite\n|-ability|p2a: Magearna|Soul-Heart|boost\n|-boost|p2a: Magearna|spa|1\n|\n|upkeep\n|\n|switch|p1a: Mew|Mew|33\/100\n|-damage|p1a: Mew|20\/100|[from] Stealth Rock\n|turn|20\n|\n|move|p1a: Mew|Earth Power|p2a: Magearna\n|-supereffective|p2a: Magearna\n|-damage|p2a: Magearna|31\/100\n|move|p2a: Magearna|Ice Beam|p1a: Mew\n|-damage|p1a: Mew|0 fnt\n|faint|p1a: Mew\n|\n|win|Kaylss\n|c|\u2606Kaylss|gg\n|l|\u2606cnnblt\n|raw|cnnblt's rating: 1574 &rarr; <strong>1556<\/strong><br \/>(-18 for losing)\n|raw|Kaylss's rating: 1596 &rarr; <strong>1615<\/strong><br \/>(+19 for winning)\n|c|\u2606Kaylss|\/log Kaylss made this room public.\n","uploadtime":1551740816,"views":19,"p1id":"cnnblt","p2id":"kaylss","formatid":"gen7ou","rating":1556,"private":0,"password":null}