{"id":"gen7ubers-878617195","p1":"shardul888","p2":"Ares23","format":"gen7ubers","log":"|j|\u2606shardul888\n|j|\u2606Ares23\n|player|p1|shardul888|40\n|player|p2|Ares23|124\n|teamsize|p1|6\n|teamsize|p2|6\n|gametype|singles\n|gen|7\n|tier|[Gen 7] Ubers\n|rated|\n|rule|Sleep Clause Mod: Limit one foe put to sleep\n|rule|Species Clause: Limit one of each Pok\u00e9mon\n|rule|OHKO Clause: OHKO moves are banned\n|rule|Moody Clause: Moody is banned\n|rule|Evasion Moves Clause: Evasion moves are banned\n|rule|Endless Battle Clause: Forcing endless battles is banned\n|rule|HP Percentage Mod: HP is shown in percentages\n|clearpoke\n|poke|p1|Venusaur, M|item\n|poke|p1|Tapu Lele|item\n|poke|p1|Zeraora|item\n|poke|p1|Darkrai|item\n|poke|p1|Conkeldurr, M|item\n|poke|p1|Dragonite, M|item\n|poke|p2|Groudon|item\n|poke|p2|Klefki, F|item\n|poke|p2|Salamence, M|item\n|poke|p2|Diancie|item\n|poke|p2|Xerneas|item\n|poke|p2|Arceus-*|item\n|rule|Mega Rayquaza Clause: You cannot mega evolve Rayquaza\n|teampreview\n|inactive|Battle timer is ON: inactive players will automatically lose when time's up. (requested by Ares23)\n|\n|start\n|switch|p1a: Zeraora|Zeraora|100\/100\n|switch|p2a: GroundGodBoi|Groudon|100\/100\n|detailschange|p2a: GroundGodBoi|Groudon-Primal\n|-primal|p2a: GroundGodBoi\n|-weather|DesolateLand|[from] ability: Desolate Land|[of] p2a: GroundGodBoi\n|turn|1\n|\n|switch|p1a: Dragonite|Dragonite, M|100\/100\n|move|p2a: GroundGodBoi|Stealth Rock|p1a: Dragonite\n|-sidestart|p1: shardul888|move: Stealth Rock\n|\n|-weather|DesolateLand|[upkeep]\n|upkeep\n|turn|2\n|\n|move|p1a: Dragonite|Dragon Dance|p1a: Dragonite\n|-boost|p1a: Dragonite|atk|1\n|-boost|p1a: Dragonite|spe|1\n|move|p2a: GroundGodBoi|Roar|p1a: Dragonite\n|drag|p1a: Venusaur|Venusaur, M|100\/100\n|-damage|p1a: Venusaur|88\/100|[from] Stealth Rock\n|\n|-weather|DesolateLand|[upkeep]\n|upkeep\n|turn|3\n|\n|detailschange|p1a: Venusaur|Venusaur-Mega, M\n|-mega|p1a: Venusaur|Venusaur|Venusaurite\n|move|p1a: Venusaur|Leech Seed|p2a: GroundGodBoi\n|-start|p2a: GroundGodBoi|move: Leech Seed\n|move|p2a: GroundGodBoi|Lava Plume|p1a: Venusaur\n|-supereffective|p1a: Venusaur\n|-damage|p1a: Venusaur|47\/100\n|\n|-weather|DesolateLand|[upkeep]\n|-damage|p2a: GroundGodBoi|88\/100|[from] Leech Seed|[of] p1a: Venusaur\n|-heal|p1a: Venusaur|61\/100|[silent]\n|upkeep\n|turn|4\n|\n|move|p1a: Venusaur|Giga Drain|p2a: GroundGodBoi\n|-damage|p2a: GroundGodBoi|68\/100\n|-heal|p1a: Venusaur|73\/100|[from] drain|[of] p2a: GroundGodBoi\n|move|p2a: GroundGodBoi|Earthquake|p1a: Venusaur\n|-damage|p1a: Venusaur|33\/100\n|\n|-weather|DesolateLand|[upkeep]\n|-damage|p2a: GroundGodBoi|55\/100|[from] Leech Seed|[of] p1a: Venusaur\n|-heal|p1a: Venusaur|48\/100|[silent]\n|upkeep\n|turn|5\n|\n|move|p1a: Venusaur|Synthesis|p1a: Venusaur\n|-heal|p1a: Venusaur|100\/100\n|move|p2a: GroundGodBoi|Lava Plume|p1a: Venusaur\n|-supereffective|p1a: Venusaur\n|-damage|p1a: Venusaur|65\/100\n|\n|-weather|DesolateLand|[upkeep]\n|-damage|p2a: GroundGodBoi|43\/100|[from] Leech Seed|[of] p1a: Venusaur\n|-heal|p1a: Venusaur|79\/100|[silent]\n|upkeep\n|turn|6\n|\n|move|p1a: Venusaur|Giga Drain|p2a: GroundGodBoi\n|-damage|p2a: GroundGodBoi|24\/100\n|-heal|p1a: Venusaur|90\/100|[from] drain|[of] p2a: GroundGodBoi\n|move|p2a: GroundGodBoi|Roar|p1a: Venusaur\n|drag|p1a: Dragonite|Dragonite, M|100\/100\n|-damage|p1a: Dragonite|76\/100|[from] Stealth Rock\n|\n|-weather|DesolateLand|[upkeep]\n|-damage|p2a: GroundGodBoi|11\/100|[from] Leech Seed|[of] p1a: Dragonite\n|-heal|p1a: Dragonite|91\/100|[silent]\n|upkeep\n|turn|7\n|\n|move|p1a: Dragonite|Extreme Speed|p2a: GroundGodBoi\n|-damage|p2a: GroundGodBoi|0 fnt\n|faint|p2a: GroundGodBoi\n|-weather|none\n|\n|upkeep\n|\n|switch|p2a: Xerneas|Xerneas|100\/100\n|-ability|p2a: Xerneas|Fairy Aura\n|turn|8\n|\n|switch|p1a: Venusaur|Venusaur-Mega, M|90\/100\n|-damage|p1a: Venusaur|77\/100|[from] Stealth Rock\n|move|p2a: Xerneas|Geomancy||[still]\n|-prepare|p2a: Xerneas|Geomancy|p2a: Xerneas\n|-enditem|p2a: Xerneas|Power Herb\n|-anim|p2a: Xerneas|Geomancy|p2a: Xerneas\n|-boost|p2a: Xerneas|spa|2\n|-boost|p2a: Xerneas|spd|2\n|-boost|p2a: Xerneas|spe|2\n|\n|upkeep\n|turn|9\n|\n|move|p2a: Xerneas|Protect|p2a: Xerneas\n|-singleturn|p2a: Xerneas|Protect\n|move|p1a: Venusaur|Sludge Bomb|p2a: Xerneas\n|-activate|p2a: Xerneas|move: Protect\n|\n|upkeep\n|turn|10\n|\n|move|p2a: Xerneas|Moonblast|p1a: Venusaur\n|-resisted|p1a: Venusaur\n|-damage|p1a: Venusaur|33\/100\n|-unboost|p1a: Venusaur|spa|1\n|move|p1a: Venusaur|Sludge Bomb|p2a: Xerneas\n|-supereffective|p2a: Xerneas\n|-damage|p2a: Xerneas|80\/100\n|\n|upkeep\n|turn|11\n|\n|move|p2a: Xerneas|Moonblast|p1a: Venusaur\n|-resisted|p1a: Venusaur\n|-damage|p1a: Venusaur|0 fnt\n|faint|p1a: Venusaur\n|\n|upkeep\n|\n|switch|p1a: Darkrai|Darkrai|100\/100\n|-damage|p1a: Darkrai|88\/100|[from] Stealth Rock\n|turn|12\n|\n|move|p2a: Xerneas|Moonblast|p1a: Darkrai\n|-supereffective|p1a: Darkrai\n|-damage|p1a: Darkrai|0 fnt\n|faint|p1a: Darkrai\n|\n|upkeep\n|-message|shardul888 forfeited.\n|\n|win|Ares23\n|l|\u2606shardul888\n","uploadtime":1553007940,"views":5,"p1id":"shardul888","p2id":"ares23","formatid":"gen7ubers","rating":0,"private":0,"password":null}