{"id":"gen7oususpecttest-573630739","p1":"AwesomeSIX","p2":"jly8","format":"gen7oususpecttest","log":"|j|AwesomeSIX\n|j|jly8\n|player|p1|AwesomeSIX|101\n|player|p2|jly8|80\n|gametype|singles\n|gen|7\n|tier|[Gen 7] OU (suspect test)\n|rated\n|seed|30041,36977,57582,55655\n|rule|Sleep Clause Mod: Limit one foe put to sleep\n|rule|Species Clause: Limit one of each Pok\u00e9mon\n|rule|OHKO Clause: OHKO moves are banned\n|rule|Moody Clause: Moody is banned\n|rule|Evasion Moves Clause: Evasion moves are banned\n|rule|Endless Battle Clause: Forcing endless battles is banned\n|rule|HP Percentage Mod: HP is shown in percentages\n|clearpoke\n|poke|p1|Greninja, M|item\n|poke|p1|Alakazam, F|item\n|poke|p1|Kartana|item\n|poke|p1|Zygarde|item\n|poke|p1|Landorus-Therian, M|item\n|poke|p1|Tapu Koko|item\n|poke|p2|Medicham, M|item\n|poke|p2|Magnezone|item\n|poke|p2|Mimikyu, M|item\n|poke|p2|Chansey, F|item\n|poke|p2|Landorus-Therian, M|item\n|poke|p2|Tapu Fini|item\n|rule|Baton Pass Clause: Limit one Baton Passer, can't pass Spe and other stats simultaneously\n|teampreview\n|choice|team 6, team 2, team 3, team 4, team 5, team 1|team 1, team 2, team 3, team 4, team 5, team 6\n|\n|start\n|switch|p1a: Tapu Koko|Tapu Koko|281\/281\n|switch|p2a: Medicham|Medicham, M|261\/261\n|-fieldstart|move: Electric Terrain|[from] ability: Electric Surge|[of] p1a: Tapu Koko\n|turn|1\n|choice|move thunderbolt|move fakeout mega\n|\n|detailschange|p2a: Medicham|Medicham-Mega, M\n|-mega|p2a: Medicham|Medicham|Medichamite\n|move|p2a: Medicham|Fake Out|p1a: Tapu Koko\n|-crit|p1a: Tapu Koko\n|-damage|p1a: Tapu Koko|151\/281\n|cant|p1a: Tapu Koko|flinch\n|\n|upkeep\n|turn|2\n|choice|move thunderbolt|move icepunch\n|\n|move|p1a: Tapu Koko|Thunderbolt|p2a: Medicham\n|-damage|p2a: Medicham|0 fnt\n|-damage|p1a: Tapu Koko|123\/281|[from] item: Life Orb\n|faint|p2a: Medicham\n|\n|upkeep\n|choice||switch 2\n|\n|switch|p2a: Magnezone|Magnezone|281\/281\n|turn|3\n|inactive|Battle timer is ON: inactive players will automatically lose when time's up. (requested by AwesomeSIX)\n|choice|move uturn|move flashcannon\n|\n|move|p1a: Tapu Koko|U-turn|p2a: Magnezone\n|-resisted|p2a: Magnezone\n|-damage|p2a: Magnezone|251\/281\n|-damage|p1a: Tapu Koko|95\/281|[from] item: Life Orb\n|choice|switch 5|\n|\n|switch|p1a: Landorus|Landorus-Therian, M|382\/382\n|-ability|p1a: Landorus|Intimidate|boost\n|-unboost|p2a: Magnezone|atk|1\n|move|p2a: Magnezone|Flash Cannon|p1a: Landorus\n|-damage|p1a: Landorus|115\/382\n|\n|upkeep\n|turn|4\n|choice|move earthquake|move flashcannon\n|\n|move|p2a: Magnezone|Flash Cannon|p1a: Landorus\n|-damage|p1a: Landorus|0 fnt\n|faint|p1a: Landorus\n|\n|upkeep\n|choice|switch 3|\n|\n|switch|p1a: Kartana|Kartana|259\/259\n|turn|5\n|choice|move sacredsword|move flashcannon\n|\n|move|p1a: Kartana|Sacred Sword|p2a: Magnezone\n|-supereffective|p2a: Magnezone\n|-damage|p2a: Magnezone|0 fnt\n|faint|p2a: Magnezone\n|-ability|p1a: Kartana|Beast Boost|boost\n|-boost|p1a: Kartana|atk|1\n|\n|-fieldend|move: Electric Terrain\n|upkeep\n|choice||switch 5\n|\n|switch|p2a: Landorus|Landorus-Therian, M|381\/381\n|-ability|p2a: Landorus|Intimidate|boost\n|-unboost|p1a: Kartana|atk|1\n|turn|6\n|choice|move leafblade|move earthquake\n|\n|move|p1a: Kartana|Leaf Blade|p2a: Landorus\n|-damage|p2a: Landorus|210\/381\n|-damage|p1a: Kartana|216\/259|[from] item: Rocky Helmet|[of] p2a: Landorus\n|move|p2a: Landorus|Earthquake|p1a: Kartana\n|-damage|p1a: Kartana|81\/259\n|\n|upkeep\n|turn|7\n|choice|move leafblade|move earthquake\n|\n|move|p1a: Kartana|Leaf Blade|p2a: Landorus\n|-damage|p2a: Landorus|50\/381\n|-damage|p1a: Kartana|38\/259|[from] item: Rocky Helmet|[of] p2a: Landorus\n|move|p2a: Landorus|Earthquake|p1a: Kartana\n|-crit|p1a: Kartana\n|-damage|p1a: Kartana|0 fnt\n|faint|p1a: Kartana\n|\n|upkeep\n|choice|switch 6|\n|\n|switch|p1a: Greninja|Greninja, M|285\/285\n|turn|8\n|choice|move watershuriken|move earthquake\n|\n|move|p1a: Greninja|Water Shuriken|p2a: Landorus\n|-supereffective|p2a: Landorus\n|-damage|p2a: Landorus|0 fnt\n|-hitcount|p2a: Landorus|1\n|faint|p2a: Landorus\n|-activate|p1a: Greninja|ability: Battle Bond\n|detailschange|p1a: Greninja|Greninja-Ash, M\n|\n|upkeep\n|choice||switch 3\n|\n|switch|p2a: Mimikyu|Mimikyu, M|251\/251\n|turn|9\n|choice|move watershuriken|move playrough\n|\n|move|p1a: Greninja|Water Shuriken|p2a: Mimikyu\n|-activate|p2a: Mimikyu|ability: Disguise\n|-damage|p2a: Mimikyu|251\/251\n|detailschange|p2a: Mimikyu|Mimikyu-Busted, M\n|-damage|p2a: Mimikyu|209\/251\n|-damage|p2a: Mimikyu|172\/251\n|-hitcount|p2a: Mimikyu|3\n|move|p2a: Mimikyu|Play Rough|p1a: Greninja\n|-supereffective|p1a: Greninja\n|-damage|p1a: Greninja|0 fnt\n|faint|p1a: Greninja\n|\n|upkeep\n|choice|switch 5|\n|\n|switch|p1a: Tapu Koko|Tapu Koko|95\/281\n|-fieldstart|move: Electric Terrain|[from] ability: Electric Surge|[of] p1a: Tapu Koko\n|turn|10\n|choice|move thunderbolt|move shadowsneak\n|\n|move|p2a: Mimikyu|Shadow Sneak|p1a: Tapu Koko\n|-damage|p1a: Tapu Koko|32\/281\n|move|p1a: Tapu Koko|Thunderbolt|p2a: Mimikyu\n|-damage|p2a: Mimikyu|0 fnt\n|-damage|p1a: Tapu Koko|4\/281|[from] item: Life Orb\n|faint|p2a: Mimikyu\n|\n|upkeep\n|choice||switch 4\n|\n|switch|p2a: Chansey|Chansey, F|703\/703\n|turn|11\n|choice|move thunderbolt|move softboiled\n|\n|move|p1a: Tapu Koko|Thunderbolt|p2a: Chansey\n|-damage|p2a: Chansey|543\/703\n|-damage|p1a: Tapu Koko|0 fnt|[from] item: Life Orb\n|faint|p1a: Tapu Koko\n|move|p2a: Chansey|Soft-Boiled|p2a: Chansey\n|-heal|p2a: Chansey|703\/703\n|\n|upkeep\n|choice|switch 4|\n|\n|switch|p1a: Zygarde|Zygarde|361\/361\n|-ability|p1a: Zygarde|Aura Break\n|turn|12\n|choice|move substitute|switch 6\n|\n|switch|p2a: Tapu Fini|Tapu Fini|343\/343\n|-fieldstart|move: Misty Terrain|[from] ability: Misty Surge|[of] p2a: Tapu Fini\n|move|p1a: Zygarde|Substitute|p1a: Zygarde\n|-start|p1a: Zygarde|Substitute\n|-damage|p1a: Zygarde|271\/361\n|\n|upkeep\n|turn|13\n|choice|move dragondance|move moonblast\n|\n|move|p1a: Zygarde|Dragon Dance|p1a: Zygarde\n|-boost|p1a: Zygarde|atk|1\n|-boost|p1a: Zygarde|spe|1\n|move|p2a: Tapu Fini|Moonblast|p1a: Zygarde\n|-supereffective|p1a: Zygarde\n|-end|p1a: Zygarde|Substitute\n|\n|upkeep\n|turn|14\n|choice|move thousandarrows zmove|move moonblast\n|\n|-zpower|p1a: Zygarde\n|move|p1a: Zygarde|Tectonic Rage|p2a: Tapu Fini|[zeffect]\n|-damage|p2a: Tapu Fini|33\/343\n|move|p2a: Tapu Fini|Moonblast|p1a: Zygarde\n|-supereffective|p1a: Zygarde\n|-damage|p1a: Zygarde|43\/361\n|\n|-heal|p2a: Tapu Fini|54\/343|[from] item: Leftovers\n|upkeep\n|turn|15\n|choice|move extremespeed|move moonblast\n|\n|move|p1a: Zygarde|Extreme Speed|p2a: Tapu Fini\n|-damage|p2a: Tapu Fini|0 fnt\n|faint|p2a: Tapu Fini\n|\n|upkeep\n|choice||switch 6\n|\n|switch|p2a: Chansey|Chansey, F|703\/703\n|turn|16\n|choice|move thousandarrows|move seismictoss\n|\n|move|p1a: Zygarde|Thousand Arrows|p2a: Chansey\n|-damage|p2a: Chansey|393\/703\n|move|p2a: Chansey|Seismic Toss|p1a: Zygarde\n|-damage|p1a: Zygarde|0 fnt\n|faint|p1a: Zygarde\n|\n|-fieldend|Misty Terrain\n|upkeep\n|choice|switch 2|\n|\n|switch|p1a: Alakazam|Alakazam, F|251\/251\n|turn|17\n|choice|move calmmind mega|move softboiled\n|\n|detailschange|p1a: Alakazam|Alakazam-Mega, F\n|-mega|p1a: Alakazam|Alakazam|Alakazite\n|-ability|p1a: Alakazam|Natural Cure|[from] ability: Trace|[of] p2a: Chansey\n|move|p1a: Alakazam|Calm Mind|p1a: Alakazam\n|-boost|p1a: Alakazam|spa|1\n|-boost|p1a: Alakazam|spd|1\n|move|p2a: Chansey|Soft-Boiled|p2a: Chansey\n|-heal|p2a: Chansey|703\/703\n|\n|upkeep\n|turn|18\n|choice|move calmmind|move toxic\n|\n|move|p1a: Alakazam|Calm Mind|p1a: Alakazam\n|-boost|p1a: Alakazam|spa|1\n|-boost|p1a: Alakazam|spd|1\n|move|p2a: Chansey|Toxic|p1a: Alakazam\n|-status|p1a: Alakazam|tox\n|\n|-damage|p1a: Alakazam|236\/251 tox|[from] psn\n|upkeep\n|turn|19\n|choice|move psyshock|move seismictoss\n|\n|move|p1a: Alakazam|Psyshock|p2a: Chansey\n|-crit|p2a: Chansey\n|-damage|p2a: Chansey|0 fnt\n|faint|p2a: Chansey\n|\n|win|AwesomeSIX\n|raw|AwesomeSIX's rating: 1229 &rarr; <strong>1253<\/strong><br \/>(+24 for winning)\n|raw|jly8's rating: 1214 &rarr; <strong>1190<\/strong><br \/>(-24 for losing)\n|c|\u2606AwesomeSIX|Gg","inputlog":null,"uploadtime":1494291757,"views":0,"p1id":"awesomesix","p2id":"jly8","formatid":"gen7oususpecttest","rating":1190,"private":0,"password":null}