{"id":"gen7ou-793899229","p1":"Vitalya","p2":"Therockcena","format":"gen7ou","log":"|j|\u2606Vitalya\n|j|\u2606Therockcena\n|player|p1|Vitalya|44\n|player|p2|Therockcena|266\n|teamsize|p1|6\n|teamsize|p2|6\n|gametype|singles\n|gen|7\n|tier|[Gen 7] OU\n|rated|\n|rule|Sleep Clause Mod: Limit one foe put to sleep\n|rule|Species Clause: Limit one of each Pok\u00e9mon\n|rule|OHKO Clause: OHKO moves are banned\n|rule|Moody Clause: Moody is banned\n|rule|Evasion Moves Clause: Evasion moves are banned\n|rule|Endless Battle Clause: Forcing endless battles is banned\n|rule|HP Percentage Mod: HP is shown in percentages\n|clearpoke\n|poke|p1|Venusaur, M|item\n|poke|p1|Tornadus-Therian, M|item\n|poke|p1|Mamoswine, F|item\n|poke|p1|Serperior, F|item\n|poke|p1|Clefable, F|item\n|poke|p1|Toxapex, M|item\n|poke|p2|Landorus-Therian, M|item\n|poke|p2|Victini|item\n|poke|p2|Charizard, M|item\n|poke|p2|Kyurem-Black|item\n|poke|p2|Mew|item\n|poke|p2|Tapu Koko|item\n|teampreview\n|inactive|Battle timer is ON: inactive players will automatically lose when time's up. (requested by Therockcena)\n|\n|start\n|switch|p1a: Tornadus|Tornadus-Therian, M|100\/100\n|switch|p2a: Charizard|Charizard, M|100\/100\n|turn|1\n|j| Hattori-San\n|\n|detailschange|p2a: Charizard|Charizard-Mega-Y, M\n|-mega|p2a: Charizard|Charizard|Charizardite Y\n|-weather|SunnyDay|[from] ability: Drought|[of] p2a: Charizard\n|move|p1a: Tornadus|Hurricane|p2a: Charizard\n|-damage|p2a: Charizard|59\/100\n|-start|p2a: Charizard|confusion\n|-activate|p2a: Charizard|confusion\n|-damage|p2a: Charizard|48\/100|[from] confusion\n|\n|-weather|SunnyDay|[upkeep]\n|upkeep\n|turn|2\n|\n|move|p1a: Tornadus|U-turn|p2a: Charizard\n|-resisted|p2a: Charizard\n|-damage|p2a: Charizard|42\/100\n|\n|switch|p1a: Toxapex|Toxapex, M|100\/100\n|-activate|p2a: Charizard|confusion\n|move|p2a: Charizard|Flamethrower|p1a: Toxapex\n|-resisted|p1a: Toxapex\n|-damage|p1a: Toxapex|60\/100\n|\n|-weather|SunnyDay|[upkeep]\n|-heal|p1a: Toxapex|66\/100|[from] item: Black Sludge\n|upkeep\n|turn|3\n|\n|move|p1a: Toxapex|Baneful Bunker|p1a: Toxapex\n|-singleturn|p1a: Toxapex|move: Protect\n|-activate|p2a: Charizard|confusion\n|move|p2a: Charizard|Solar Beam|p1a: Toxapex|[still]\n|-prepare|p2a: Charizard|Solar Beam|p1a: Toxapex\n|-anim|p2a: Charizard|Solar Beam|p1a: Toxapex\n|-activate|p1a: Toxapex|move: Protect\n|\n|-weather|SunnyDay|[upkeep]\n|-heal|p1a: Toxapex|72\/100|[from] item: Black Sludge\n|upkeep\n|turn|4\n|\n|-activate|p2a: Charizard|confusion\n|move|p2a: Charizard|Flamethrower|p1a: Toxapex\n|-resisted|p1a: Toxapex\n|-damage|p1a: Toxapex|33\/100\n|move|p1a: Toxapex|Scald|p2a: Charizard\n|-supereffective|p2a: Charizard\n|-damage|p2a: Charizard|26\/100\n|\n|-weather|SunnyDay|[upkeep]\n|-heal|p1a: Toxapex|39\/100|[from] item: Black Sludge\n|upkeep\n|turn|5\n|\n|move|p1a: Toxapex|Baneful Bunker|p1a: Toxapex\n|-singleturn|p1a: Toxapex|move: Protect\n|-end|p2a: Charizard|confusion\n|move|p2a: Charizard|Solar Beam|p1a: Toxapex|[still]\n|-prepare|p2a: Charizard|Solar Beam|p1a: Toxapex\n|-anim|p2a: Charizard|Solar Beam|p1a: Toxapex\n|-activate|p1a: Toxapex|move: Protect\n|\n|-weather|none\n|-heal|p1a: Toxapex|45\/100|[from] item: Black Sludge\n|upkeep\n|turn|6\n|\n|switch|p1a: Tornadus|Tornadus-Therian, M|100\/100\n|move|p2a: Charizard|Air Slash|p1a: Tornadus\n|-damage|p1a: Tornadus|68\/100\n|\n|upkeep\n|turn|7\n|\n|switch|p2a: Mew|Mew|100\/100\n|move|p1a: Tornadus|Hurricane|p2a: Mew\n|-damage|p2a: Mew|74\/100\n|-start|p2a: Mew|confusion\n|\n|-heal|p2a: Mew|80\/100|[from] item: Leftovers\n|upkeep\n|turn|8\n|\n|move|p1a: Tornadus|U-turn|p2a: Mew\n|-supereffective|p2a: Mew\n|-damage|p2a: Mew|49\/100\n|\n|switch|p1a: Toxapex|Toxapex, M|78\/100\n|-activate|p2a: Mew|confusion\n|move|p2a: Mew|Volt Switch|p1a: Toxapex\n|-supereffective|p1a: Toxapex\n|-crit|p1a: Toxapex\n|-damage|p1a: Toxapex|35\/100\n|\n|switch|p2a: Charizard|Charizard-Mega-Y, M|26\/100\n|-weather|SunnyDay|[from] ability: Drought|[of] p2a: Charizard\n|\n|-weather|SunnyDay|[upkeep]\n|-heal|p1a: Toxapex|41\/100|[from] item: Black Sludge\n|upkeep\n|turn|9\n|\n|move|p1a: Toxapex|Baneful Bunker|p1a: Toxapex\n|-singleturn|p1a: Toxapex|move: Protect\n|move|p2a: Charizard|Flamethrower|p1a: Toxapex\n|-activate|p1a: Toxapex|move: Protect\n|\n|-weather|SunnyDay|[upkeep]\n|-heal|p1a: Toxapex|47\/100|[from] item: Black Sludge\n|upkeep\n|turn|10\n|\n|move|p2a: Charizard|Solar Beam|p1a: Toxapex|[still]\n|-prepare|p2a: Charizard|Solar Beam|p1a: Toxapex\n|-anim|p2a: Charizard|Solar Beam|p1a: Toxapex\n|-damage|p1a: Toxapex|3\/100\n|move|p1a: Toxapex|Recover|p1a: Toxapex\n|-heal|p1a: Toxapex|54\/100\n|\n|-weather|SunnyDay|[upkeep]\n|-heal|p1a: Toxapex|60\/100|[from] item: Black Sludge\n|upkeep\n|turn|11\n|\n|switch|p2a: Tapu Koko|Tapu Koko|100\/100\n|-fieldstart|move: Electric Terrain|[from] ability: Electric Surge|[of] p2a: Tapu Koko\n|move|p1a: Toxapex|Recover|p1a: Toxapex\n|-heal|p1a: Toxapex|100\/100\n|\n|-weather|SunnyDay|[upkeep]\n|upkeep\n|turn|12\n|\n|move|p1a: Toxapex|Baneful Bunker|p1a: Toxapex\n|-singleturn|p1a: Toxapex|move: Protect\n|move|p2a: Tapu Koko|Volt Switch|p1a: Toxapex\n|-activate|p1a: Toxapex|move: Protect\n|\n|-weather|none\n|upkeep\n|turn|13\n|\n|switch|p1a: Clefable|Clefable, F|100\/100\n|move|p2a: Tapu Koko|Thunderbolt|p1a: Clefable\n|-damage|p1a: Clefable|42\/100\n|-status|p1a: Clefable|par\n|-damage|p2a: Tapu Koko|91\/100|[from] item: Life Orb\n|\n|-heal|p1a: Clefable|48\/100 par|[from] item: Leftovers\n|upkeep\n|turn|14\n|\n|move|p1a: Clefable|Protect|p1a: Clefable\n|-singleturn|p1a: Clefable|Protect\n|move|p2a: Tapu Koko|Thunderbolt|p1a: Clefable\n|-activate|p1a: Clefable|move: Protect\n|\n|-heal|p1a: Clefable|54\/100 par|[from] item: Leftovers\n|upkeep\n|turn|15\n|\n|switch|p1a: Mamoswine|Mamoswine, F|100\/100\n|move|p2a: Tapu Koko|Thunderbolt|p1a: Mamoswine\n|-immune|p1a: Mamoswine|[msg]\n|\n|-fieldend|move: Electric Terrain\n|upkeep\n|turn|16\n|\n|switch|p2a: Charizard|Charizard-Mega-Y, M|26\/100\n|-weather|SunnyDay|[from] ability: Drought|[of] p2a: Charizard\n|move|p1a: Mamoswine|Icicle Crash|p2a: Charizard\n|-damage|p2a: Charizard|0\n|-damage|p1a: Mamoswine|91\/100|[from] item: Life Orb\n|faint|p2a: Charizard\n|\n|-weather|SunnyDay|[upkeep]\n|upkeep\n|\n|switch|p2a: Mew|Mew|49\/100\n|turn|17\n|\n|switch|p1a: Clefable|Clefable, F|54\/100 par\n|move|p2a: Mew|Soft-Boiled|p2a: Mew\n|-heal|p2a: Mew|99\/100\n|\n|-weather|SunnyDay|[upkeep]\n|-heal|p2a: Mew|100\/100|[from] item: Leftovers\n|-heal|p1a: Clefable|60\/100 par|[from] item: Leftovers\n|upkeep\n|turn|18\n|\n|move|p2a: Mew|Volt Switch|p1a: Clefable\n|-damage|p1a: Clefable|49\/100 par\n|\n|switch|p2a: Tapu Koko|Tapu Koko|91\/100\n|-fieldstart|move: Electric Terrain|[from] ability: Electric Surge|[of] p2a: Tapu Koko\n|move|p1a: Clefable|Wish|p1a: Clefable\n|\n|-weather|SunnyDay|[upkeep]\n|-heal|p1a: Clefable|55\/100 par|[from] item: Leftovers\n|upkeep\n|turn|19\n|\n|cant|p1a: Clefable|par\n|move|p2a: Tapu Koko|Dazzling Gleam|p1a: Clefable\n|-damage|p1a: Clefable|25\/100 par\n|-damage|p2a: Tapu Koko|81\/100|[from] item: Life Orb\n|\n|-weather|SunnyDay|[upkeep]\n|-heal|p1a: Clefable|75\/100 par|[from] move: Wish|[wisher] Clefable\n|-heal|p1a: Clefable|81\/100 par|[from] item: Leftovers\n|upkeep\n|turn|20\n|\n|move|p1a: Clefable|Protect|p1a: Clefable\n|-singleturn|p1a: Clefable|Protect\n|move|p2a: Tapu Koko|Thunderbolt|p1a: Clefable\n|-activate|p1a: Clefable|move: Protect\n|\n|-weather|none\n|-heal|p1a: Clefable|88\/100 par|[from] item: Leftovers\n|upkeep\n|turn|21\n|\n|move|p2a: Tapu Koko|Thunderbolt|p1a: Clefable\n|-damage|p1a: Clefable|33\/100 par\n|-damage|p2a: Tapu Koko|71\/100|[from] item: Life Orb\n|move|p1a: Clefable|Toxic|p2a: Tapu Koko\n|-status|p2a: Tapu Koko|tox\n|\n|-heal|p1a: Clefable|39\/100 par|[from] item: Leftovers\n|-damage|p2a: Tapu Koko|65\/100 tox|[from] psn\n|upkeep\n|turn|22\n|\n|move|p2a: Tapu Koko|Thunderbolt|p1a: Clefable\n|-damage|p1a: Clefable|0 par\n|-damage|p2a: Tapu Koko|55\/100 tox|[from] item: Life Orb\n|faint|p1a: Clefable\n|\n|-damage|p2a: Tapu Koko|43\/100 tox|[from] psn\n|-fieldend|move: Electric Terrain\n|upkeep\n|\n|switch|p1a: Mamoswine|Mamoswine, F|91\/100\n|turn|23\n|\n|move|p2a: Tapu Koko|Dazzling Gleam|p1a: Mamoswine\n|-damage|p1a: Mamoswine|22\/100\n|-damage|p2a: Tapu Koko|33\/100 tox|[from] item: Life Orb\n|move|p1a: Mamoswine|Stealth Rock|p2a: Tapu Koko\n|-sidestart|p2: Therockcena|move: Stealth Rock\n|\n|-damage|p2a: Tapu Koko|15\/100 tox|[from] psn\n|upkeep\n|turn|24\n|\n|move|p1a: Mamoswine|Ice Shard|p2a: Tapu Koko\n|-damage|p2a: Tapu Koko|0 tox\n|-damage|p1a: Mamoswine|12\/100|[from] item: Life Orb\n|faint|p2a: Tapu Koko\n|\n|upkeep\n|\n|switch|p2a: Mew|Mew|100\/100\n|-damage|p2a: Mew|88\/100|[from] Stealth Rock\n|turn|25\n|\n|move|p1a: Mamoswine|Icicle Crash|p2a: Mew\n|-damage|p2a: Mew|42\/100\n|-damage|p1a: Mamoswine|2\/100|[from] item: Life Orb\n|move|p2a: Mew|Will-O-Wisp|p1a: Mamoswine\n|-status|p1a: Mamoswine|brn\n|\n|-heal|p2a: Mew|49\/100|[from] item: Leftovers\n|-damage|p1a: Mamoswine|0 brn|[from] brn\n|upkeep\n|faint|p1a: Mamoswine\n|\n|switch|p1a: Tornadus|Tornadus-Therian, M|100\/100\n|turn|26\n|\n|move|p1a: Tornadus|U-turn|p2a: Mew\n|-supereffective|p2a: Mew\n|-damage|p2a: Mew|20\/100\n|\n|switch|p1a: Venusaur|Venusaur, M, shiny|100\/100\n|move|p2a: Mew|Soft-Boiled|p2a: Mew\n|-heal|p2a: Mew|70\/100\n|\n|-heal|p2a: Mew|76\/100|[from] item: Leftovers\n|upkeep\n|turn|27\n|\n|detailschange|p1a: Venusaur|Venusaur-Mega, M, shiny\n|-mega|p1a: Venusaur|Venusaur|Venusaurite\n|move|p2a: Mew|Will-O-Wisp|p1a: Venusaur|[miss]\n|-miss|p2a: Mew|p1a: Venusaur\n|move|p1a: Venusaur|Sludge Bomb|p2a: Mew\n|-damage|p2a: Mew|48\/100\n|\n|-heal|p2a: Mew|54\/100|[from] item: Leftovers\n|upkeep\n|turn|28\n|\n|move|p2a: Mew|Will-O-Wisp|p1a: Venusaur\n|-status|p1a: Venusaur|brn\n|move|p1a: Venusaur|Sludge Bomb|p2a: Mew\n|-damage|p2a: Mew|25\/100\n|-status|p2a: Mew|psn\n|-activate|p2a: Mew|ability: Synchronize\n|-fail|p1a: Venusaur\n|\n|-heal|p2a: Mew|31\/100 psn|[from] item: Leftovers\n|-damage|p2a: Mew|18\/100 psn|[from] psn\n|-damage|p1a: Venusaur|94\/100 brn|[from] brn\n|upkeep\n|turn|29\n|\n|move|p2a: Mew|Soft-Boiled|p2a: Mew\n|-heal|p2a: Mew|68\/100 psn\n|move|p1a: Venusaur|Giga Drain|p2a: Mew\n|-damage|p2a: Mew|42\/100 psn\n|-heal|p1a: Venusaur|100\/100 brn|[from] drain|[of] p2a: Mew\n|\n|-heal|p2a: Mew|49\/100 psn|[from] item: Leftovers\n|-damage|p2a: Mew|36\/100 psn|[from] psn\n|-damage|p1a: Venusaur|94\/100 brn|[from] brn\n|upkeep\n|turn|30\n|\n|switch|p1a: Toxapex|Toxapex, M|100\/100\n|move|p2a: Mew|Soft-Boiled|p2a: Mew\n|-heal|p2a: Mew|86\/100 psn\n|\n|-heal|p2a: Mew|92\/100 psn|[from] item: Leftovers\n|-damage|p2a: Mew|80\/100 psn|[from] psn\n|upkeep\n|turn|31\n|\n|move|p2a: Mew|Will-O-Wisp|p1a: Toxapex|[miss]\n|-miss|p2a: Mew|p1a: Toxapex\n|move|p1a: Toxapex|Toxic Spikes|p2a: Mew\n|-sidestart|p2: Therockcena|move: Toxic Spikes\n|\n|-heal|p2a: Mew|86\/100 psn|[from] item: Leftovers\n|-damage|p2a: Mew|74\/100 psn|[from] psn\n|upkeep\n|turn|32\n|\n|move|p2a: Mew|Will-O-Wisp|p1a: Toxapex\n|-status|p1a: Toxapex|brn\n|move|p1a: Toxapex|Toxic Spikes|p2a: Mew\n|-sidestart|p2: Therockcena|move: Toxic Spikes\n|\n|-heal|p2a: Mew|80\/100 psn|[from] item: Leftovers\n|-damage|p2a: Mew|68\/100 psn|[from] psn\n|-damage|p1a: Toxapex|95\/100 brn|[from] brn\n|upkeep\n|turn|33\n|\n|switch|p1a: Tornadus|Tornadus-Therian, M|100\/100\n|move|p2a: Mew|Soft-Boiled|p2a: Mew\n|-heal|p2a: Mew|100\/100 psn\n|\n|-damage|p2a: Mew|88\/100 psn|[from] psn\n|upkeep\n|turn|34\n|\n|move|p1a: Tornadus|U-turn|p2a: Mew\n|-supereffective|p2a: Mew\n|-damage|p2a: Mew|57\/100 psn\n|\n|switch|p1a: Venusaur|Venusaur-Mega, M, shiny|94\/100 brn\n|move|p2a: Mew|Volt Switch|p1a: Venusaur\n|-resisted|p1a: Venusaur\n|-damage|p1a: Venusaur|88\/100 brn\n|\n|switch|p2a: Landorus|Landorus-Therian, M|100\/100\n|-damage|p2a: Landorus|88\/100|[from] Stealth Rock\n|-ability|p2a: Landorus|Intimidate|boost\n|-unboost|p1a: Venusaur|atk|1\n|\n|-heal|p2a: Landorus|94\/100|[from] item: Leftovers\n|-damage|p1a: Venusaur|82\/100 brn|[from] brn\n|upkeep\n|turn|35\n|\n|move|p2a: Landorus|Defog|p1a: Venusaur\n|-unboost|p1a: Venusaur|evasion|1\n|-sideend|p2: Therockcena|Toxic Spikes|[from] move: Defog|[of] p2a: Landorus\n|-sideend|p2: Therockcena|Stealth Rock|[from] move: Defog|[of] p2a: Landorus\n|move|p1a: Venusaur|Giga Drain|p2a: Landorus\n|-damage|p2a: Landorus|55\/100\n|-heal|p1a: Venusaur|100\/100 brn|[from] drain|[of] p2a: Landorus\n|\n|-heal|p2a: Landorus|61\/100|[from] item: Leftovers\n|-damage|p1a: Venusaur|94\/100 brn|[from] brn\n|upkeep\n|turn|36\n|\n|switch|p2a: Victini|Victini|100\/100\n|move|p1a: Venusaur|Sludge Bomb|p2a: Victini\n|-crit|p2a: Victini\n|-damage|p2a: Victini|31\/100\n|-status|p2a: Victini|psn\n|\n|-damage|p2a: Victini|19\/100 psn|[from] psn\n|-damage|p1a: Venusaur|88\/100 brn|[from] brn\n|upkeep\n|turn|37\n|\n|switch|p1a: Toxapex|Toxapex, M|100\/100 brn\n|move|p2a: Victini|V-create|p1a: Toxapex\n|-resisted|p1a: Toxapex\n|-damage|p1a: Toxapex|73\/100 brn\n|-unboost|p2a: Victini|spe|1\n|-unboost|p2a: Victini|def|1\n|-unboost|p2a: Victini|spd|1\n|\n|-heal|p1a: Toxapex|79\/100 brn|[from] item: Black Sludge\n|-damage|p2a: Victini|6\/100 psn|[from] psn\n|-damage|p1a: Toxapex|73\/100 brn|[from] brn\n|upkeep\n|turn|38\n|\n|move|p2a: Victini|V-create|p1a: Toxapex\n|-resisted|p1a: Toxapex\n|-damage|p1a: Toxapex|48\/100 brn\n|-unboost|p2a: Victini|spe|1\n|-unboost|p2a: Victini|def|1\n|-unboost|p2a: Victini|spd|1\n|move|p1a: Toxapex|Recover|p1a: Toxapex\n|-heal|p1a: Toxapex|98\/100 brn\n|\n|-heal|p1a: Toxapex|100\/100 brn|[from] item: Black Sludge\n|-damage|p2a: Victini|0 psn|[from] psn\n|-damage|p1a: Toxapex|95\/100 brn|[from] brn\n|upkeep\n|faint|p2a: Victini\n|\n|switch|p2a: Mew|Mew|57\/100 psn\n|turn|39\n|\n|move|p2a: Mew|Soft-Boiled|p2a: Mew\n|-heal|p2a: Mew|100\/100 psn\n|move|p1a: Toxapex|Toxic Spikes|p2a: Mew\n|-sidestart|p2: Therockcena|move: Toxic Spikes\n|\n|-heal|p1a: Toxapex|100\/100 brn|[from] item: Black Sludge\n|-damage|p2a: Mew|88\/100 psn|[from] psn\n|-damage|p1a: Toxapex|95\/100 brn|[from] brn\n|upkeep\n|turn|40\n|\n|move|p2a: Mew|Psychic|p1a: Toxapex\n|-supereffective|p1a: Toxapex\n|-damage|p1a: Toxapex|43\/100 brn\n|move|p1a: Toxapex|Scald|p2a: Mew\n|-damage|p2a: Mew|77\/100 psn\n|\n|-heal|p2a: Mew|84\/100 psn|[from] item: Leftovers\n|-heal|p1a: Toxapex|49\/100 brn|[from] item: Black Sludge\n|-damage|p2a: Mew|71\/100 psn|[from] psn\n|-damage|p1a: Toxapex|43\/100 brn|[from] brn\n|upkeep\n|turn|41\n|\n|switch|p1a: Venusaur|Venusaur-Mega, M, shiny|88\/100 brn\n|move|p2a: Mew|Psychic|p1a: Venusaur\n|-supereffective|p1a: Venusaur\n|-damage|p1a: Venusaur|37\/100 brn\n|\n|-heal|p2a: Mew|77\/100 psn|[from] item: Leftovers\n|-damage|p2a: Mew|65\/100 psn|[from] psn\n|-damage|p1a: Venusaur|31\/100 brn|[from] brn\n|upkeep\n|turn|42\n|\n|switch|p1a: Tornadus|Tornadus-Therian, M|100\/100\n|move|p2a: Mew|Psychic|p1a: Tornadus\n|-damage|p1a: Tornadus|80\/100\n|\n|-heal|p2a: Mew|71\/100 psn|[from] item: Leftovers\n|-damage|p2a: Mew|59\/100 psn|[from] psn\n|upkeep\n|turn|43\n|\n|move|p1a: Tornadus|Knock Off|p2a: Mew\n|-supereffective|p2a: Mew\n|-damage|p2a: Mew|19\/100 psn\n|-enditem|p2a: Mew|Leftovers|[from] move: Knock Off|[of] p1a: Tornadus\n|move|p2a: Mew|Soft-Boiled|p2a: Mew\n|-heal|p2a: Mew|69\/100 psn\n|\n|-damage|p2a: Mew|56\/100 psn|[from] psn\n|upkeep\n|turn|44\n|\n|move|p1a: Tornadus|U-turn|p2a: Mew\n|-supereffective|p2a: Mew\n|-damage|p2a: Mew|27\/100 psn\n|\n|switch|p1a: Toxapex|Toxapex, M|76\/100 brn\n|move|p2a: Mew|Soft-Boiled|p2a: Mew\n|-heal|p2a: Mew|77\/100 psn\n|\n|-heal|p1a: Toxapex|82\/100 brn|[from] item: Black Sludge\n|-damage|p2a: Mew|64\/100 psn|[from] psn\n|-damage|p1a: Toxapex|76\/100 brn|[from] brn\n|upkeep\n|turn|45\n|\n|move|p2a: Mew|Volt Switch|p1a: Toxapex\n|-supereffective|p1a: Toxapex\n|-damage|p1a: Toxapex|49\/100 brn\n|\n|switch|p2a: Landorus|Landorus-Therian, M|61\/100\n|-ability|p2a: Landorus|Intimidate|boost\n|-unboost|p1a: Toxapex|atk|1\n|move|p1a: Toxapex|Scald|p2a: Landorus\n|-supereffective|p2a: Landorus\n|-damage|p2a: Landorus|29\/100\n|-status|p2a: Landorus|brn\n|\n|-heal|p2a: Landorus|35\/100 brn|[from] item: Leftovers\n|-heal|p1a: Toxapex|55\/100 brn|[from] item: Black Sludge\n|-damage|p2a: Landorus|29\/100 brn|[from] brn\n|-damage|p1a: Toxapex|49\/100 brn|[from] brn\n|upkeep\n|turn|46\n|\n|move|p2a: Landorus|Defog|p1a: Toxapex\n|-unboost|p1a: Toxapex|evasion|1\n|-sideend|p2: Therockcena|Toxic Spikes|[from] move: Defog|[of] p2a: Landorus\n|move|p1a: Toxapex|Recover|p1a: Toxapex\n|-heal|p1a: Toxapex|99\/100 brn\n|\n|-heal|p2a: Landorus|35\/100 brn|[from] item: Leftovers\n|-heal|p1a: Toxapex|100\/100 brn|[from] item: Black Sludge\n|-damage|p2a: Landorus|29\/100 brn|[from] brn\n|-damage|p1a: Toxapex|95\/100 brn|[from] brn\n|upkeep\n|turn|47\n|\n|switch|p2a: Mew|Mew|64\/100 psn\n|move|p1a: Toxapex|Scald|p2a: Mew\n|-damage|p2a: Mew|54\/100 psn\n|\n|-heal|p1a: Toxapex|100\/100 brn|[from] item: Black Sludge\n|-damage|p2a: Mew|42\/100 psn|[from] psn\n|-damage|p1a: Toxapex|95\/100 brn|[from] brn\n|upkeep\n|turn|48\n|\n|move|p2a: Mew|Soft-Boiled|p2a: Mew\n|-heal|p2a: Mew|92\/100 psn\n|move|p1a: Toxapex|Toxic Spikes|p2a: Mew\n|-sidestart|p2: Therockcena|move: Toxic Spikes\n|\n|-heal|p1a: Toxapex|100\/100 brn|[from] item: Black Sludge\n|-damage|p2a: Mew|80\/100 psn|[from] psn\n|-damage|p1a: Toxapex|95\/100 brn|[from] brn\n|upkeep\n|turn|49\n|\n|move|p2a: Mew|Psychic|p1a: Toxapex\n|-supereffective|p1a: Toxapex\n|-crit|p1a: Toxapex\n|-damage|p1a: Toxapex|19\/100 brn\n|move|p1a: Toxapex|Toxic Spikes|p2a: Mew\n|-sidestart|p2: Therockcena|move: Toxic Spikes\n|\n|-heal|p1a: Toxapex|25\/100 brn|[from] item: Black Sludge\n|-damage|p2a: Mew|67\/100 psn|[from] psn\n|-damage|p1a: Toxapex|19\/100 brn|[from] brn\n|upkeep\n|turn|50\n|\n|switch|p1a: Venusaur|Venusaur-Mega, M, shiny|31\/100 brn\n|move|p2a: Mew|Volt Switch|p1a: Venusaur\n|-resisted|p1a: Venusaur\n|-damage|p1a: Venusaur|24\/100 brn\n|\n|switch|p2a: Landorus|Landorus-Therian, M|29\/100 brn\n|-ability|p2a: Landorus|Intimidate|boost\n|-unboost|p1a: Venusaur|atk|1\n|\n|-heal|p2a: Landorus|35\/100 brn|[from] item: Leftovers\n|-damage|p2a: Landorus|29\/100 brn|[from] brn\n|-damage|p1a: Venusaur|18\/100 brn|[from] brn\n|upkeep\n|turn|51\n|\n|move|p2a: Landorus|Defog|p1a: Venusaur\n|-unboost|p1a: Venusaur|evasion|1\n|-sideend|p2: Therockcena|Toxic Spikes|[from] move: Defog|[of] p2a: Landorus\n|move|p1a: Venusaur|Synthesis|p1a: Venusaur\n|-heal|p1a: Venusaur|68\/100 brn\n|\n|-heal|p2a: Landorus|35\/100 brn|[from] item: Leftovers\n|-damage|p2a: Landorus|29\/100 brn|[from] brn\n|-damage|p1a: Venusaur|62\/100 brn|[from] brn\n|upkeep\n|turn|52\n|\n|switch|p2a: Mew|Mew|67\/100 psn\n|move|p1a: Venusaur|Giga Drain|p2a: Mew\n|-damage|p2a: Mew|43\/100 psn\n|-heal|p1a: Venusaur|75\/100 brn|[from] drain|[of] p2a: Mew\n|\n|-damage|p2a: Mew|31\/100 psn|[from] psn\n|-damage|p1a: Venusaur|69\/100 brn|[from] brn\n|upkeep\n|turn|53\n|\n|move|p2a: Mew|Soft-Boiled|p2a: Mew\n|-heal|p2a: Mew|81\/100 psn\n|move|p1a: Venusaur|Giga Drain|p2a: Mew\n|-damage|p2a: Mew|58\/100 psn\n|-heal|p1a: Venusaur|82\/100 brn|[from] drain|[of] p2a: Mew\n|\n|-damage|p2a: Mew|46\/100 psn|[from] psn\n|-damage|p1a: Venusaur|76\/100 brn|[from] brn\n|upkeep\n|turn|54\n|\n|switch|p1a: Tornadus|Tornadus-Therian, M|100\/100\n|move|p2a: Mew|Soft-Boiled|p2a: Mew\n|-heal|p2a: Mew|96\/100 psn\n|\n|-damage|p2a: Mew|83\/100 psn|[from] psn\n|upkeep\n|turn|55\n|\n|move|p1a: Tornadus|U-turn|p2a: Mew\n|-supereffective|p2a: Mew\n|-crit|p2a: Mew\n|-damage|p2a: Mew|42\/100 psn\n|\n|switch|p1a: Toxapex|Toxapex, M|52\/100 brn\n|move|p2a: Mew|Psychic|p1a: Toxapex\n|-supereffective|p1a: Toxapex\n|-damage|p1a: Toxapex|2\/100 brn\n|\n|-heal|p1a: Toxapex|8\/100 brn|[from] item: Black Sludge\n|-damage|p2a: Mew|29\/100 psn|[from] psn\n|-damage|p1a: Toxapex|2\/100 brn|[from] brn\n|upkeep\n|turn|56\n|\n|switch|p1a: Tornadus|Tornadus-Therian, M|100\/100\n|move|p2a: Mew|Volt Switch|p1a: Tornadus\n|-supereffective|p1a: Tornadus\n|-damage|p1a: Tornadus|76\/100\n|\n|switch|p2a: Kyurem|Kyurem-Black|100\/100\n|-ability|p2a: Kyurem|Teravolt\n|\n|upkeep\n|turn|57\n|\n|switch|p1a: Toxapex|Toxapex, M|36\/100 brn\n|move|p2a: Kyurem|Outrage|p1a: Toxapex\n|-damage|p1a: Toxapex|0 brn\n|faint|p1a: Toxapex\n|\n|upkeep\n|\n|switch|p1a: Serperior|Serperior, F|100\/100\n|turn|58\n|\n|move|p2a: Kyurem|Outrage|p1a: Serperior|[from]lockedmove\n|-damage|p1a: Serperior|13\/100\n|-start|p2a: Kyurem|confusion|[fatigue]\n|move|p1a: Serperior|Glare|p2a: Kyurem\n|-status|p2a: Kyurem|par\n|\n|-heal|p1a: Serperior|19\/100|[from] item: Leftovers\n|upkeep\n|turn|59\n|\n|move|p1a: Serperior|Synthesis|p1a: Serperior\n|-heal|p1a: Serperior|69\/100\n|-activate|p2a: Kyurem|confusion\n|move|p2a: Kyurem|Outrage|p1a: Serperior\n|-damage|p1a: Serperior|0\n|faint|p1a: Serperior\n|\n|upkeep\n|\n|switch|p1a: Venusaur|Venusaur-Mega, M, shiny|76\/100 brn\n|turn|60\n|\n|-activate|p2a: Kyurem|confusion\n|-damage|p2a: Kyurem|83\/100 par|[from] confusion\n|move|p1a: Venusaur|Sludge Bomb|p2a: Kyurem\n|-damage|p2a: Kyurem|38\/100 par\n|\n|-damage|p1a: Venusaur|70\/100 brn|[from] brn\n|upkeep\n|turn|61\n|\n|switch|p2a: Mew|Mew|29\/100 psn\n|move|p1a: Venusaur|Sludge Bomb|p2a: Mew\n|-crit|p2a: Mew\n|-damage|p2a: Mew|0 psn\n|faint|p2a: Mew\n|\n|-damage|p1a: Venusaur|64\/100 brn|[from] brn\n|upkeep\n|\n|switch|p2a: Landorus|Landorus-Therian, M|29\/100 brn\n|-ability|p2a: Landorus|Intimidate|boost\n|-unboost|p1a: Venusaur|atk|1\n|turn|62\n|\n|move|p2a: Landorus|Stealth Rock|p1a: Venusaur\n|-sidestart|p1: Vitalya|move: Stealth Rock\n|move|p1a: Venusaur|Synthesis|p1a: Venusaur\n|-heal|p1a: Venusaur|100\/100 brn\n|\n|-heal|p2a: Landorus|35\/100 brn|[from] item: Leftovers\n|-damage|p2a: Landorus|29\/100 brn|[from] brn\n|-damage|p1a: Venusaur|94\/100 brn|[from] brn\n|upkeep\n|turn|63\n|\n|move|p2a: Landorus|Earthquake|p1a: Venusaur\n|-damage|p1a: Venusaur|77\/100 brn\n|move|p1a: Venusaur|Giga Drain|p2a: Landorus\n|-damage|p2a: Landorus|0 brn\n|-heal|p1a: Venusaur|92\/100 brn|[from] drain|[of] p2a: Landorus\n|faint|p2a: Landorus\n|\n|-damage|p1a: Venusaur|86\/100 brn|[from] brn\n|upkeep\n|\n|switch|p2a: Kyurem|Kyurem-Black|38\/100 par\n|-ability|p2a: Kyurem|Teravolt\n|turn|64\n|\n|cant|p2a: Kyurem|par\n|move|p1a: Venusaur|Sludge Bomb|p2a: Kyurem\n|-damage|p2a: Kyurem|0 par\n|faint|p2a: Kyurem\n|\n|win|Vitalya\n|c|\u2606Vitalya|gg\n|l|\u2606Therockcena\n","uploadtime":1534883928,"views":0,"p1id":"vitalya","p2id":"therockcena","formatid":"gen7ou","rating":0,"private":0,"password":null}