{"id":"gen7ou-649362118","p1":"xxBlaziken4OUxx","p2":"Gotham Paladin","format":"gen7ou","log":"|j|xxBlaziken4OUxx\n|j|Gotham Paladin\n|player|p1|xxBlaziken4OUxx|52\n|teamsize|p1|6\n|player|p2|Gotham Paladin|283\n|teamsize|p2|6\n|gametype|singles\n|gen|7\n|tier|[Gen 7] OU\n|rated|\n|seed|21018,24750,37044,45256\n|rule|Sleep Clause Mod: Limit one foe put to sleep\n|rule|Species Clause: Limit one of each Pok\u00e9mon\n|rule|OHKO Clause: OHKO moves are banned\n|rule|Moody Clause: Moody is banned\n|rule|Evasion Moves Clause: Evasion moves are banned\n|rule|Endless Battle Clause: Forcing endless battles is banned\n|rule|HP Percentage Mod: HP is shown in percentages\n|clearpoke\n|poke|p1|Marowak-Alola, F|item\n|poke|p1|Mawile, M|item\n|poke|p1|Cresselia, F|item\n|poke|p1|Hoopa-Unbound|item\n|poke|p1|Bronzong|item\n|poke|p1|Conkeldurr, M|item\n|poke|p2|Kartana|item\n|poke|p2|Muk-Alola, F|item\n|poke|p2|Landorus-Therian, M|item\n|poke|p2|Tapu Lele|item\n|poke|p2|Keldeo-Resolute|item\n|poke|p2|Manectric, F|item\n|teampreview\n|inactive|Battle timer is ON: inactive players will automatically lose when time's up. (requested by xxBlaziken4OUxx)\n|choice|team 5, team 2, team 3, team 4, team 1, team 6|team 4, team 2, team 3, team 1, team 5, team 6\n|\n|start\n|switch|p1a: Bronzong|Bronzong|338\/338\n|switch|p2a: Tapu Lele|Tapu Lele|282\/282\n|-fieldstart|move: Psychic Terrain|[from] ability: Psychic Surge|[of] p2a: Tapu Lele\n|turn|1\n|choice|move stealthrock|move hiddenpower\n|\n|move|p2a: Tapu Lele|Hidden Power|p1a: Bronzong\n|-supereffective|p1a: Bronzong\n|-damage|p1a: Bronzong|174\/338\n|move|p1a: Bronzong|Stealth Rock|p2a: Tapu Lele\n|-sidestart|p2: Gotham Paladin|move: Stealth Rock\n|\n|upkeep\n|turn|2\n|choice|move trickroom|move hiddenpower\n|\n|move|p2a: Tapu Lele|Hidden Power|p1a: Bronzong\n|-supereffective|p1a: Bronzong\n|-damage|p1a: Bronzong|26\/338\n|move|p1a: Bronzong|Trick Room|p1a: Bronzong\n|-fieldstart|move: Trick Room|[of] p1a: Bronzong\n|\n|upkeep\n|turn|3\n|choice|move explosion|switch 4\n|\n|switch|p2a: Kartana|Kartana|322\/322\n|-damage|p2a: Kartana|302\/322|[from] Stealth Rock\n|move|p1a: Bronzong|Explosion|p2a: Kartana\n|-resisted|p2a: Kartana\n|-damage|p2a: Kartana|236\/322\n|faint|p1a: Bronzong\n|\n|upkeep\n|choice|switch 5|\n|\n|switch|p1a: Marowak|Marowak-Alola, F|320\/320\n|turn|4\n|choice|move flareblitz|move leafblade\n|\n|move|p1a: Marowak|Flare Blitz|p2a: Kartana\n|-supereffective|p2a: Kartana\n|-damage|p2a: Kartana|0 fnt\n|faint|p2a: Kartana\n|\n|upkeep\n|choice||switch 3\n|\n|switch|p2a: Landorus|Landorus-Therian, M|382\/382\n|-damage|p2a: Landorus|335\/382|[from] Stealth Rock\n|-ability|p2a: Landorus|Intimidate|boost\n|-unboost|p1a: Marowak|atk|1\n|turn|5\n|choice|move flareblitz|move earthquake\n|\n|move|p1a: Marowak|Flare Blitz|p2a: Landorus\n|-damage|p2a: Landorus|167\/382\n|move|p2a: Landorus|Earthquake|p1a: Marowak\n|-supereffective|p1a: Marowak\n|-damage|p1a: Marowak|48\/320\n|\n|-heal|p2a: Landorus|190\/382|[from] item: Leftovers\n|-fieldend|move: Psychic Terrain\n|upkeep\n|turn|6\n|choice|switch 6|move stealthrock\n|\n|switch|p1a: Conkeldurr|Conkeldurr, M|414\/414\n|move|p2a: Landorus|Stealth Rock|p1a: Conkeldurr\n|-sidestart|p1: xxBlaziken4OUxx|move: Stealth Rock\n|\n|-heal|p2a: Landorus|213\/382|[from] item: Leftovers\n|-fieldend|move: Trick Room\n|-status|p1a: Conkeldurr|brn|[from] item: Flame Orb\n|upkeep\n|turn|7\n|choice|move facade|move earthquake\n|\n|move|p2a: Landorus|Earthquake|p1a: Conkeldurr\n|-damage|p1a: Conkeldurr|242\/414 brn\n|move|p1a: Conkeldurr|Facade|p2a: Landorus\n|-damage|p2a: Landorus|0 fnt\n|faint|p2a: Landorus\n|\n|-damage|p1a: Conkeldurr|217\/414 brn|[from] brn\n|upkeep\n|choice||switch 4\n|\n|switch|p2a: Tapu Lele|Tapu Lele|282\/282\n|-damage|p2a: Tapu Lele|247\/282|[from] Stealth Rock\n|-fieldstart|move: Psychic Terrain|[from] ability: Psychic Surge|[of] p2a: Tapu Lele\n|turn|8\n|choice|move facade|move moonblast\n|\n|move|p2a: Tapu Lele|Moonblast|p1a: Conkeldurr\n|-supereffective|p1a: Conkeldurr\n|-damage|p1a: Conkeldurr|0 fnt\n|faint|p1a: Conkeldurr\n|\n|upkeep\n|choice|switch 3|\n|\n|switch|p1a: Cresselia|Cresselia, F|444\/444\n|-damage|p1a: Cresselia|389\/444|[from] Stealth Rock\n|turn|9\n|choice|move trickroom|move moonblast\n|\n|move|p2a: Tapu Lele|Moonblast|p1a: Cresselia\n|-damage|p1a: Cresselia|232\/444\n|move|p1a: Cresselia|Trick Room|p1a: Cresselia\n|-fieldstart|move: Trick Room|[of] p1a: Cresselia\n|\n|upkeep\n|turn|10\n|choice|move lunardance|switch 5\n|\n|switch|p2a: Keldeo|Keldeo-Resolute|323\/323\n|-damage|p2a: Keldeo|303\/323|[from] Stealth Rock\n|move|p1a: Cresselia|Lunar Dance|p1a: Cresselia\n|faint|p1a: Cresselia\n|\n|upkeep\n|choice|switch 6|\n|\n|switch|p1a: Marowak|Marowak-Alola, F|48\/320\n|-heal|p1a: Marowak|320\/320|[from] move: Lunar Dance\n|-damage|p1a: Marowak|240\/320|[from] Stealth Rock\n|turn|11\n|choice|move shadowbone|move scald\n|\n|move|p1a: Marowak|Shadow Bone|p2a: Keldeo\n|-damage|p2a: Keldeo|47\/323\n|move|p2a: Keldeo|Scald|p1a: Marowak\n|-supereffective|p1a: Marowak\n|-damage|p1a: Marowak|0 fnt\n|faint|p1a: Marowak\n|\n|upkeep\n|choice|switch 2|\n|\n|switch|p1a: Mawile|Mawile, M|300\/300\n|-damage|p1a: Mawile|282\/300|[from] Stealth Rock\n|-ability|p1a: Mawile|Intimidate|boost\n|-unboost|p2a: Keldeo|atk|1\n|turn|12\n|choice|move playrough mega|move scald\n|\n|detailschange|p1a: Mawile|Mawile-Mega, M\n|-mega|p1a: Mawile|Mawile|Mawilite\n|move|p1a: Mawile|Play Rough|p2a: Keldeo\n|-supereffective|p2a: Keldeo\n|-damage|p2a: Keldeo|0 fnt\n|faint|p2a: Keldeo\n|\n|-fieldend|move: Psychic Terrain\n|upkeep\n|choice||switch 6\n|\n|switch|p2a: Manectric|Manectric, F|281\/281\n|-damage|p2a: Manectric|246\/281|[from] Stealth Rock\n|turn|13\n|choice|move playrough|switch 2\n|\n|switch|p2a: Muk|Muk-Alola, F|414\/414\n|-damage|p2a: Muk|363\/414|[from] Stealth Rock\n|move|p1a: Mawile|Play Rough|p2a: Muk\n|-damage|p2a: Muk|0 fnt\n|faint|p2a: Muk\n|\n|-fieldend|move: Trick Room\n|upkeep\n|choice||switch 2\n|\n|switch|p2a: Manectric|Manectric, F|246\/281\n|-damage|p2a: Manectric|211\/281|[from] Stealth Rock\n|turn|14\n|choice|move playrough|move flamethrower mega\n|\n|detailschange|p2a: Manectric|Manectric-Mega, F\n|-mega|p2a: Manectric|Manectric|Manectite\n|-ability|p2a: Manectric|Intimidate|boost\n|-unboost|p1a: Mawile|atk|1\n|move|p2a: Manectric|Flamethrower|p1a: Mawile\n|-supereffective|p1a: Mawile\n|-damage|p1a: Mawile|70\/300\n|-status|p1a: Mawile|brn\n|move|p1a: Mawile|Play Rough|p2a: Manectric\n|-damage|p2a: Manectric|93\/281\n|\n|-damage|p1a: Mawile|52\/300 brn|[from] brn\n|upkeep\n|turn|15\n|choice|move playrough|move thunderbolt\n|\n|move|p2a: Manectric|Thunderbolt|p1a: Mawile\n|-damage|p1a: Mawile|0 fnt\n|faint|p1a: Mawile\n|\n|upkeep\n|choice|switch 4|\n|\n|switch|p1a: Hoopa|Hoopa-Unbound|364\/364\n|-damage|p1a: Hoopa|319\/364|[from] Stealth Rock\n|turn|16\n|choice|move trickroom|move thunderbolt\n|\n|move|p2a: Manectric|Thunderbolt|p1a: Hoopa\n|-damage|p1a: Hoopa|193\/364\n|move|p1a: Hoopa|Trick Room|p1a: Hoopa\n|-fieldstart|move: Trick Room|[of] p1a: Hoopa\n|\n|upkeep\n|turn|17\n|choice|move darkpulse|move thunderbolt\n|\n|move|p1a: Hoopa|Dark Pulse|p2a: Manectric\n|-damage|p2a: Manectric|0 fnt\n|-damage|p1a: Hoopa|157\/364|[from] item: Life Orb\n|faint|p2a: Manectric\n|\n|upkeep\n|choice||switch 5\n|\n|switch|p2a: Tapu Lele|Tapu Lele|247\/282\n|-damage|p2a: Tapu Lele|212\/282|[from] Stealth Rock\n|-fieldstart|move: Psychic Terrain|[from] ability: Psychic Surge|[of] p2a: Tapu Lele\n|turn|18\n|choice|move psyshock|move moonblast\n|\n|move|p1a: Hoopa|Psyshock|p2a: Tapu Lele\n|-resisted|p2a: Tapu Lele\n|-damage|p2a: Tapu Lele|0 fnt\n|-damage|p1a: Hoopa|121\/364|[from] item: Life Orb\n|faint|p2a: Tapu Lele\n|\n|win|xxBlaziken4OUxx\n|raw|xxBlaziken4OUxx's rating: 1718 &rarr; <strong>1736<\/strong><br \/>(+18 for winning)\n|raw|Gotham Paladin's rating: 1672 &rarr; <strong>1654<\/strong><br \/>(-18 for losing)","inputlog":null,"uploadtime":1508780375,"views":9,"p1id":"xxblaziken4ouxx","p2id":"gothampaladin","formatid":"gen7ou","rating":1654,"private":0,"password":null}