{"id":"gen7ou-560033242","p1":"Tracing Your IP","p2":"jly8","format":"gen7ou","log":"|j|Tracing Your IP\n|j|jly8\n|player|p1|Tracing Your IP|265\n|player|p2|jly8|80\n|gametype|singles\n|gen|7\n|tier|[Gen 7] OU\n|rated\n|seed|64899,47433,42916,26108\n|clearpoke\n|poke|p1|Metagross|item\n|poke|p1|Rotom-Wash|item\n|poke|p1|Celesteela|item\n|poke|p1|Landorus-Therian, M|item\n|poke|p1|Heatran, M|item\n|poke|p1|Goodra, M|item\n|poke|p2|Charizard, F|item\n|poke|p2|Tapu Lele|item\n|poke|p2|Landorus-Therian, M|item\n|poke|p2|Chansey, F|item\n|poke|p2|Ferrothorn, F|item\n|poke|p2|Tapu Fini|item\n|rule|Baton Pass Clause: Limit one Baton Passer, can't pass Spe and other stats simultaneously\n|rule|Sleep Clause Mod: Limit one foe put to sleep\n|rule|Species Clause: Limit one of each Pok\u00e9mon\n|rule|OHKO Clause: OHKO moves are banned\n|rule|Moody Clause: Moody is banned\n|rule|Evasion Moves Clause: Evasion moves are banned\n|rule|Endless Battle Clause: Forcing endless battles is banned\n|rule|HP Percentage Mod: HP is shown in percentages\n|teampreview\n|choice|team 3, team 2, team 1, team 4, team 5, team 6|team 3, team 2, team 1, team 4, team 5, team 6\n|\n|start\n|switch|p1a: Celesteela|Celesteela|398\/398\n|switch|p2a: Landorus|Landorus-Therian, M|381\/381\n|-ability|p2a: Landorus|Intimidate|boost\n|-unboost|p1a: Celesteela|atk|1\n|turn|1\n|j|posio123\n|choice|move substitute|move stealthrock\n|\n|move|p2a: Landorus|Stealth Rock|p1a: Celesteela\n|-sidestart|p1: Tracing Your IP|move: Stealth Rock\n|move|p1a: Celesteela|Substitute|p1a: Celesteela\n|-start|p1a: Celesteela|Substitute\n|-damage|p1a: Celesteela|299\/398\n|\n|-heal|p1a: Celesteela|323\/398|[from] item: Leftovers\n|upkeep\n|turn|2\n|c| posio123|go jly :v\/\/\n|choice|move leechseed|move knockoff\n|\n|move|p2a: Landorus|Knock Off|p1a: Celesteela\n|-activate|p1a: Celesteela|move: Substitute|[damage]\n|move|p1a: Celesteela|Leech Seed|p2a: Landorus\n|-start|p2a: Landorus|move: Leech Seed\n|\n|-heal|p1a: Celesteela|347\/398|[from] item: Leftovers\n|-damage|p2a: Landorus|334\/381|[from] Leech Seed|[of] p1a: Celesteela\n|-heal|p1a: Celesteela|394\/398|[silent]\n|upkeep\n|turn|3\n|choice|move flamecharge|move knockoff\n|\n|move|p2a: Landorus|Knock Off|p1a: Celesteela\n|-end|p1a: Celesteela|Substitute\n|move|p1a: Celesteela|Flame Charge|p2a: Landorus\n|-damage|p2a: Landorus|313\/381\n|-damage|p1a: Celesteela|328\/398|[from] item: Rocky Helmet|[of] p2a: Landorus\n|-boost|p1a: Celesteela|spe|1\n|\n|-heal|p1a: Celesteela|352\/398|[from] item: Leftovers\n|-damage|p2a: Landorus|266\/381|[from] Leech Seed|[of] p1a: Celesteela\n|-heal|p1a: Celesteela|398\/398|[silent]\n|upkeep\n|turn|4\n|choice|move substitute|move knockoff\n|\n|move|p1a: Celesteela|Substitute|p1a: Celesteela\n|-start|p1a: Celesteela|Substitute\n|-damage|p1a: Celesteela|299\/398\n|move|p2a: Landorus|Knock Off|p1a: Celesteela\n|-activate|p1a: Celesteela|move: Substitute|[damage]\n|\n|-heal|p1a: Celesteela|323\/398|[from] item: Leftovers\n|-damage|p2a: Landorus|219\/381|[from] Leech Seed|[of] p1a: Celesteela\n|-heal|p1a: Celesteela|370\/398|[silent]\n|upkeep\n|turn|5\n|j|Eyeshield\n|choice|move flamecharge|switch 6\n|\n|switch|p2a: Tapu Fini|Tapu Fini|343\/343\n|-fieldstart|move: Misty Terrain|[from] ability: Misty Surge|[of] p2a: Tapu Fini\n|move|p1a: Celesteela|Flame Charge|p2a: Tapu Fini\n|-resisted|p2a: Tapu Fini\n|-damage|p2a: Tapu Fini|333\/343\n|-boost|p1a: Celesteela|spe|1\n|\n|-heal|p1a: Celesteela|394\/398|[from] item: Leftovers\n|-heal|p2a: Tapu Fini|343\/343|[from] item: Leftovers\n|upkeep\n|turn|6\n|choice|move leechseed|move moonblast\n|\n|move|p1a: Celesteela|Leech Seed|p2a: Tapu Fini\n|-start|p2a: Tapu Fini|move: Leech Seed\n|move|p2a: Tapu Fini|Moonblast|p1a: Celesteela\n|-resisted|p1a: Celesteela\n|-end|p1a: Celesteela|Substitute\n|\n|-heal|p1a: Celesteela|398\/398|[from] item: Leftovers\n|-damage|p2a: Tapu Fini|301\/343|[from] Leech Seed|[of] p1a: Celesteela\n|upkeep\n|turn|7\n|choice|move substitute|move naturesmadness\n|\n|move|p1a: Celesteela|Substitute|p1a: Celesteela\n|-start|p1a: Celesteela|Substitute\n|-damage|p1a: Celesteela|299\/398\n|move|p2a: Tapu Fini|Nature's Madness|p1a: Celesteela\n|-end|p1a: Celesteela|Substitute\n|\n|-heal|p1a: Celesteela|323\/398|[from] item: Leftovers\n|-heal|p2a: Tapu Fini|322\/343|[from] item: Leftovers\n|-damage|p2a: Tapu Fini|280\/343|[from] Leech Seed|[of] p1a: Celesteela\n|-heal|p1a: Celesteela|365\/398|[silent]\n|upkeep\n|turn|8\n|choice|move substitute|move naturesmadness\n|\n|move|p1a: Celesteela|Substitute|p1a: Celesteela\n|-start|p1a: Celesteela|Substitute\n|-damage|p1a: Celesteela|266\/398\n|move|p2a: Tapu Fini|Nature's Madness|p1a: Celesteela\n|-end|p1a: Celesteela|Substitute\n|\n|-heal|p1a: Celesteela|290\/398|[from] item: Leftovers\n|-heal|p2a: Tapu Fini|301\/343|[from] item: Leftovers\n|-damage|p2a: Tapu Fini|259\/343|[from] Leech Seed|[of] p1a: Celesteela\n|-heal|p1a: Celesteela|332\/398|[silent]\n|upkeep\n|turn|9\n|choice|move substitute|move naturesmadness\n|\n|move|p1a: Celesteela|Substitute|p1a: Celesteela\n|-start|p1a: Celesteela|Substitute\n|-damage|p1a: Celesteela|233\/398\n|move|p2a: Tapu Fini|Nature's Madness|p1a: Celesteela\n|-end|p1a: Celesteela|Substitute\n|\n|-heal|p1a: Celesteela|257\/398|[from] item: Leftovers\n|-heal|p2a: Tapu Fini|280\/343|[from] item: Leftovers\n|-damage|p2a: Tapu Fini|238\/343|[from] Leech Seed|[of] p1a: Celesteela\n|-heal|p1a: Celesteela|299\/398|[silent]\n|-fieldend|Misty Terrain\n|upkeep\n|turn|10\n|choice|move substitute|move naturesmadness\n|\n|move|p1a: Celesteela|Substitute|p1a: Celesteela\n|-start|p1a: Celesteela|Substitute\n|-damage|p1a: Celesteela|200\/398\n|move|p2a: Tapu Fini|Nature's Madness|p1a: Celesteela\n|-end|p1a: Celesteela|Substitute\n|\n|-heal|p1a: Celesteela|224\/398|[from] item: Leftovers\n|-heal|p2a: Tapu Fini|259\/343|[from] item: Leftovers\n|-damage|p2a: Tapu Fini|217\/343|[from] Leech Seed|[of] p1a: Celesteela\n|-heal|p1a: Celesteela|266\/398|[silent]\n|upkeep\n|turn|11\n|choice|move substitute|move naturesmadness\n|\n|move|p1a: Celesteela|Substitute|p1a: Celesteela\n|-start|p1a: Celesteela|Substitute\n|-damage|p1a: Celesteela|167\/398\n|move|p2a: Tapu Fini|Nature's Madness|p1a: Celesteela\n|-activate|p1a: Celesteela|move: Substitute|[damage]\n|\n|-heal|p1a: Celesteela|191\/398|[from] item: Leftovers\n|-heal|p2a: Tapu Fini|238\/343|[from] item: Leftovers\n|-damage|p2a: Tapu Fini|196\/343|[from] Leech Seed|[of] p1a: Celesteela\n|-heal|p1a: Celesteela|233\/398|[silent]\n|upkeep\n|turn|12\n|choice|move flamecharge|move moonblast\n|\n|move|p1a: Celesteela|Flame Charge|p2a: Tapu Fini\n|-resisted|p2a: Tapu Fini\n|-damage|p2a: Tapu Fini|186\/343\n|-boost|p1a: Celesteela|spe|1\n|move|p2a: Tapu Fini|Moonblast|p1a: Celesteela\n|-resisted|p1a: Celesteela\n|-end|p1a: Celesteela|Substitute\n|\n|-heal|p1a: Celesteela|257\/398|[from] item: Leftovers\n|-heal|p2a: Tapu Fini|207\/343|[from] item: Leftovers\n|-damage|p2a: Tapu Fini|165\/343|[from] Leech Seed|[of] p1a: Celesteela\n|-heal|p1a: Celesteela|299\/398|[silent]\n|upkeep\n|turn|13\n|choice|move substitute|switch 5\n|\n|switch|p2a: Ferrothorn|Ferrothorn, F|351\/351\n|move|p1a: Celesteela|Substitute|p1a: Celesteela\n|-start|p1a: Celesteela|Substitute\n|-damage|p1a: Celesteela|200\/398\n|\n|-heal|p1a: Celesteela|224\/398|[from] item: Leftovers\n|upkeep\n|turn|14\n|choice|move flamecharge|move spikes\n|\n|move|p1a: Celesteela|Flame Charge|p2a: Ferrothorn\n|-supereffective|p2a: Ferrothorn\n|-damage|p2a: Ferrothorn|279\/351\n|-damage|p1a: Celesteela|175\/398|[from] ability: Iron Barbs|[of] p2a: Ferrothorn\n|-boost|p1a: Celesteela|spe|1\n|move|p2a: Ferrothorn|Spikes|p1a: Celesteela\n|-sidestart|p1: Tracing Your IP|Spikes\n|\n|-heal|p1a: Celesteela|199\/398|[from] item: Leftovers\n|-heal|p2a: Ferrothorn|300\/351|[from] item: Leftovers\n|upkeep\n|turn|15\n|choice|move flamecharge|move gyroball\n|\n|move|p1a: Celesteela|Flame Charge|p2a: Ferrothorn\n|-supereffective|p2a: Ferrothorn\n|-damage|p2a: Ferrothorn|224\/351\n|-damage|p1a: Celesteela|150\/398|[from] ability: Iron Barbs|[of] p2a: Ferrothorn\n|-boost|p1a: Celesteela|spe|1\n|move|p2a: Ferrothorn|Gyro Ball|p1a: Celesteela\n|-resisted|p1a: Celesteela\n|-activate|p1a: Celesteela|move: Substitute|[damage]\n|\n|-heal|p1a: Celesteela|174\/398|[from] item: Leftovers\n|-heal|p2a: Ferrothorn|245\/351|[from] item: Leftovers\n|upkeep\n|turn|16\n|c| Eyeshield|flamecharge\n|c| Eyeshield|wow\n|choice|move leechseed|move spikes\n|\n|move|p1a: Celesteela|Leech Seed|p2a: Ferrothorn\n|-immune|p2a: Ferrothorn|[msg]\n|move|p2a: Ferrothorn|Spikes|p1a: Celesteela\n|-sidestart|p1: Tracing Your IP|Spikes\n|\n|-heal|p1a: Celesteela|198\/398|[from] item: Leftovers\n|-heal|p2a: Ferrothorn|266\/351|[from] item: Leftovers\n|upkeep\n|turn|17\n|choice|move flamecharge|move spikes\n|\n|move|p1a: Celesteela|Flame Charge|p2a: Ferrothorn\n|-supereffective|p2a: Ferrothorn\n|-damage|p2a: Ferrothorn|198\/351\n|-damage|p1a: Celesteela|149\/398|[from] ability: Iron Barbs|[of] p2a: Ferrothorn\n|-boost|p1a: Celesteela|spe|1\n|move|p2a: Ferrothorn|Spikes|p1a: Celesteela\n|-sidestart|p1: Tracing Your IP|Spikes\n|\n|-heal|p1a: Celesteela|173\/398|[from] item: Leftovers\n|-heal|p2a: Ferrothorn|219\/351|[from] item: Leftovers\n|upkeep\n|turn|18\n|c| Eyeshield|le quedan 27\n|c| Eyeshield|flamecharg\n|choice|move substitute|move protect\n|\n|move|p2a: Ferrothorn|Protect|p2a: Ferrothorn\n|-singleturn|p2a: Ferrothorn|Protect\n|move|p1a: Celesteela|Substitute|p1a: Celesteela\n|-fail|p1a: Celesteela|move: Substitute\n|\n|-heal|p1a: Celesteela|197\/398|[from] item: Leftovers\n|-heal|p2a: Ferrothorn|240\/351|[from] item: Leftovers\n|upkeep\n|turn|19\n|choice|move leechseed|switch 3\n|\n|switch|p2a: Charizard|Charizard, F|297\/297\n|move|p1a: Celesteela|Leech Seed|p2a: Charizard\n|-start|p2a: Charizard|move: Leech Seed\n|\n|-heal|p1a: Celesteela|221\/398|[from] item: Leftovers\n|-damage|p2a: Charizard|260\/297|[from] Leech Seed|[of] p1a: Celesteela\n|-heal|p1a: Celesteela|258\/398|[silent]\n|upkeep\n|turn|20\n|c| Eyeshield|ten cuidado puede usar un ataque\n|choice|move heavyslam|move fireblast\n|\n|move|p1a: Celesteela|Heavy Slam|p2a: Charizard\n|-resisted|p2a: Charizard\n|-damage|p2a: Charizard|196\/297\n|move|p2a: Charizard|Fire Blast|p1a: Celesteela\n|-supereffective|p1a: Celesteela\n|-end|p1a: Celesteela|Substitute\n|\n|-heal|p1a: Celesteela|282\/398|[from] item: Leftovers\n|-damage|p2a: Charizard|159\/297|[from] Leech Seed|[of] p1a: Celesteela\n|-heal|p1a: Celesteela|319\/398|[silent]\n|upkeep\n|turn|21\n|choice|move substitute|move roost\n|\n|move|p1a: Celesteela|Substitute|p1a: Celesteela\n|-start|p1a: Celesteela|Substitute\n|-damage|p1a: Celesteela|220\/398\n|move|p2a: Charizard|Roost|p2a: Charizard\n|-heal|p2a: Charizard|297\/297\n|\n|-heal|p1a: Celesteela|244\/398|[from] item: Leftovers\n|-damage|p2a: Charizard|260\/297|[from] Leech Seed|[of] p1a: Celesteela\n|-heal|p1a: Celesteela|281\/398|[silent]\n|upkeep\n|turn|22\n|c| Eyeshield|megaa\n|c| Eyeshield|looll\n|choice|move heavyslam|switch 3\n|\n|switch|p2a: Ferrothorn|Ferrothorn, F|240\/351\n|move|p1a: Celesteela|Heavy Slam|p2a: Ferrothorn\n|-resisted|p2a: Ferrothorn\n|-damage|p2a: Ferrothorn|210\/351\n|-damage|p1a: Celesteela|232\/398|[from] ability: Iron Barbs|[of] p2a: Ferrothorn\n|\n|-heal|p1a: Celesteela|256\/398|[from] item: Leftovers\n|-heal|p2a: Ferrothorn|231\/351|[from] item: Leftovers\n|upkeep\n|turn|23\n|c| Eyeshield|ohh\n|c|\u2606jly8|no me convine xD\n|choice|move flamecharge|switch 3\n|\n|switch|p2a: Charizard|Charizard, F|260\/297\n|move|p1a: Celesteela|Flame Charge|p2a: Charizard\n|-resisted|p2a: Charizard\n|-damage|p2a: Charizard|242\/297\n|\n|-heal|p1a: Celesteela|280\/398|[from] item: Leftovers\n|upkeep\n|turn|24\n|c| Eyeshield|lando\n|c| posio123|esta a mucha speed ;'v\n|c| Eyeshield|al romperle\n|c| Eyeshield|el sustituo\n|c|\u2606jly8|nose lo rompe\n|c|\u2606jly8|ya intente\n|c| Eyeshield|de fire si xddddd\n|choice|move leechseed|switch 3\n|\n|switch|p2a: Ferrothorn|Ferrothorn, F|231\/351\n|move|p1a: Celesteela|Leech Seed|p2a: Ferrothorn\n|-immune|p2a: Ferrothorn|[msg]\n|\n|-heal|p1a: Celesteela|304\/398|[from] item: Leftovers\n|-heal|p2a: Ferrothorn|252\/351|[from] item: Leftovers\n|upkeep\n|turn|25\n|c| Eyeshield|quitale los restos y se jode\n|c|\u2606jly8|no puedo si cambio el drenadoras y despues me seguira haciendo sustituto por que es muy raoido\n|c| Eyeshield|cambia tu celesteela wey\n|choice|move flamecharge|move protect\n|\n|move|p2a: Ferrothorn|Protect|p2a: Ferrothorn\n|-singleturn|p2a: Ferrothorn|Protect\n|move|p1a: Celesteela|Flame Charge|p2a: Ferrothorn\n|-activate|p2a: Ferrothorn|move: Protect\n|\n|-heal|p1a: Celesteela|328\/398|[from] item: Leftovers\n|-heal|p2a: Ferrothorn|273\/351|[from] item: Leftovers\n|upkeep\n|turn|26\n|c| Eyeshield|no va a hacer nada\n|c| Eyeshield|mas que alargas el combate\n|c|\u2606jly8|pos tocara eso :U\n|c|\u2606jly8|esa celestela no me la esperaba\n|choice|move flamecharge|switch 3\n|\n|switch|p2a: Charizard|Charizard, F|242\/297\n|move|p1a: Celesteela|Flame Charge|p2a: Charizard\n|-resisted|p2a: Charizard\n|-damage|p2a: Charizard|224\/297\n|\n|-heal|p1a: Celesteela|352\/398|[from] item: Leftovers\n|upkeep\n|turn|27\n|choice|move leechseed|move roost\n|\n|move|p1a: Celesteela|Leech Seed|p2a: Charizard\n|-start|p2a: Charizard|move: Leech Seed\n|move|p2a: Charizard|Roost|p2a: Charizard\n|-heal|p2a: Charizard|297\/297\n|\n|-heal|p1a: Celesteela|376\/398|[from] item: Leftovers\n|-damage|p2a: Charizard|260\/297|[from] Leech Seed|[of] p1a: Celesteela\n|-heal|p1a: Celesteela|398\/398|[silent]\n|upkeep\n|turn|28\n|choice|move heavyslam|switch 3\n|\n|switch|p2a: Ferrothorn|Ferrothorn, F|273\/351\n|move|p1a: Celesteela|Heavy Slam|p2a: Ferrothorn\n|-resisted|p2a: Ferrothorn\n|-damage|p2a: Ferrothorn|243\/351\n|-damage|p1a: Celesteela|349\/398|[from] ability: Iron Barbs|[of] p2a: Ferrothorn\n|\n|-heal|p1a: Celesteela|373\/398|[from] item: Leftovers\n|-heal|p2a: Ferrothorn|264\/351|[from] item: Leftovers\n|upkeep\n|turn|29\n|choice|move flamecharge|move gyroball\n|\n|move|p1a: Celesteela|Flame Charge|p2a: Ferrothorn\n|-supereffective|p2a: Ferrothorn\n|-damage|p2a: Ferrothorn|200\/351\n|-damage|p1a: Celesteela|324\/398|[from] ability: Iron Barbs|[of] p2a: Ferrothorn\n|move|p2a: Ferrothorn|Gyro Ball|p1a: Celesteela\n|-resisted|p1a: Celesteela\n|-activate|p1a: Celesteela|move: Substitute|[damage]\n|\n|-heal|p1a: Celesteela|348\/398|[from] item: Leftovers\n|-heal|p2a: Ferrothorn|221\/351|[from] item: Leftovers\n|upkeep\n|turn|30\n|choice|move flamecharge|move protect\n|\n|move|p2a: Ferrothorn|Protect|p2a: Ferrothorn\n|-singleturn|p2a: Ferrothorn|Protect\n|move|p1a: Celesteela|Flame Charge|p2a: Ferrothorn\n|-activate|p2a: Ferrothorn|move: Protect\n|\n|-heal|p1a: Celesteela|372\/398|[from] item: Leftovers\n|-heal|p2a: Ferrothorn|242\/351|[from] item: Leftovers\n|upkeep\n|turn|31\n|choice|move flamecharge|switch 4\n|\n|switch|p2a: Chansey|Chansey, F|703\/703\n|move|p1a: Celesteela|Flame Charge|p2a: Chansey\n|-damage|p2a: Chansey|667\/703\n|\n|-heal|p1a: Celesteela|396\/398|[from] item: Leftovers\n|upkeep\n|turn|32\n|choice|move leechseed|move seismictoss\n|\n|move|p1a: Celesteela|Leech Seed|p2a: Chansey|[miss]\n|-miss|p1a: Celesteela|p2a: Chansey\n|move|p2a: Chansey|Seismic Toss|p1a: Celesteela\n|-end|p1a: Celesteela|Substitute\n|\n|-heal|p1a: Celesteela|398\/398|[from] item: Leftovers\n|upkeep\n|turn|33\n|choice|move leechseed|move seismictoss\n|\n|move|p1a: Celesteela|Leech Seed|p2a: Chansey\n|-start|p2a: Chansey|move: Leech Seed\n|move|p2a: Chansey|Seismic Toss|p1a: Celesteela\n|-damage|p1a: Celesteela|298\/398\n|\n|-heal|p1a: Celesteela|322\/398|[from] item: Leftovers\n|-damage|p2a: Chansey|580\/703|[from] Leech Seed|[of] p1a: Celesteela\n|-heal|p1a: Celesteela|398\/398|[silent]\n|upkeep\n|turn|34\n|c|\u2606jly8|ya c\n|choice|move substitute|move seismictoss\n|\n|move|p1a: Celesteela|Substitute|p1a: Celesteela\n|-start|p1a: Celesteela|Substitute\n|-damage|p1a: Celesteela|299\/398\n|move|p2a: Chansey|Seismic Toss|p1a: Celesteela\n|-end|p1a: Celesteela|Substitute\n|\n|-heal|p1a: Celesteela|323\/398|[from] item: Leftovers\n|-damage|p2a: Chansey|493\/703|[from] Leech Seed|[of] p1a: Celesteela\n|-heal|p1a: Celesteela|398\/398|[silent]\n|upkeep\n|turn|35\n|choice|move substitute|move seismictoss\n|\n|move|p1a: Celesteela|Substitute|p1a: Celesteela\n|-start|p1a: Celesteela|Substitute\n|-damage|p1a: Celesteela|299\/398\n|move|p2a: Chansey|Seismic Toss|p1a: Celesteela\n|-end|p1a: Celesteela|Substitute\n|\n|-heal|p1a: Celesteela|323\/398|[from] item: Leftovers\n|-damage|p2a: Chansey|406\/703|[from] Leech Seed|[of] p1a: Celesteela\n|-heal|p1a: Celesteela|398\/398|[silent]\n|upkeep\n|turn|36\n|choice|move substitute|move softboiled\n|\n|move|p1a: Celesteela|Substitute|p1a: Celesteela\n|-start|p1a: Celesteela|Substitute\n|-damage|p1a: Celesteela|299\/398\n|move|p2a: Chansey|Soft-Boiled|p2a: Chansey\n|-heal|p2a: Chansey|703\/703\n|\n|-heal|p1a: Celesteela|323\/398|[from] item: Leftovers\n|-damage|p2a: Chansey|616\/703|[from] Leech Seed|[of] p1a: Celesteela\n|-heal|p1a: Celesteela|398\/398|[silent]\n|upkeep\n|turn|37\n|c| Eyeshield|3\n|choice|move heavyslam|switch 4\n|\n|switch|p2a: Ferrothorn|Ferrothorn, F|242\/351\n|move|p1a: Celesteela|Heavy Slam|p2a: Ferrothorn\n|-resisted|p2a: Ferrothorn\n|-damage|p2a: Ferrothorn|213\/351\n|-damage|p1a: Celesteela|349\/398|[from] ability: Iron Barbs|[of] p2a: Ferrothorn\n|\n|-heal|p1a: Celesteela|373\/398|[from] item: Leftovers\n|-heal|p2a: Ferrothorn|234\/351|[from] item: Leftovers\n|upkeep\n|turn|38\n|c| Eyeshield|sustitutos\n|c|\u2606jly8|ok\n|c| Eyeshield|si pones el mouse en el poke\n|choice|move flamecharge|move protect\n|\n|move|p2a: Ferrothorn|Protect|p2a: Ferrothorn\n|-singleturn|p2a: Ferrothorn|Protect\n|move|p1a: Celesteela|Flame Charge|p2a: Ferrothorn\n|-activate|p2a: Ferrothorn|move: Protect\n|\n|-heal|p1a: Celesteela|397\/398|[from] item: Leftovers\n|-heal|p2a: Ferrothorn|255\/351|[from] item: Leftovers\n|upkeep\n|turn|39\n|c| Eyeshield|te dice cuantos pp le quedan\n|c| Eyeshield|en cada mov\n|choice|move flamecharge|switch 4\n|\n|switch|p2a: Chansey|Chansey, F|616\/703\n|move|p1a: Celesteela|Flame Charge|p2a: Chansey\n|-damage|p2a: Chansey|582\/703\n|\n|-heal|p1a: Celesteela|398\/398|[from] item: Leftovers\n|upkeep\n|turn|40\n|choice|move heavyslam|move seismictoss\n|\n|move|p1a: Celesteela|Heavy Slam|p2a: Chansey\n|-damage|p2a: Chansey|462\/703\n|move|p2a: Chansey|Seismic Toss|p1a: Celesteela\n|-end|p1a: Celesteela|Substitute\n|\n|upkeep\n|turn|41\n|c|\u2606jly8|sin el sustituto gg\n|choice|move leechseed|move seismictoss\n|\n|move|p1a: Celesteela|Leech Seed|p2a: Chansey\n|-start|p2a: Chansey|move: Leech Seed\n|move|p2a: Chansey|Seismic Toss|p1a: Celesteela\n|-damage|p1a: Celesteela|298\/398\n|\n|-heal|p1a: Celesteela|322\/398|[from] item: Leftovers\n|-damage|p2a: Chansey|375\/703|[from] Leech Seed|[of] p1a: Celesteela\n|-heal|p1a: Celesteela|398\/398|[silent]\n|upkeep\n|turn|42\n|c| Eyeshield|luciano metete a la llamada\n|choice|move heavyslam|move seismictoss\n|\n|move|p1a: Celesteela|Heavy Slam|p2a: Chansey\n|-damage|p2a: Chansey|237\/703\n|move|p2a: Chansey|Seismic Toss|p1a: Celesteela\n|-damage|p1a: Celesteela|298\/398\n|\n|-heal|p1a: Celesteela|322\/398|[from] item: Leftovers\n|-damage|p2a: Chansey|150\/703|[from] Leech Seed|[of] p1a: Celesteela\n|-heal|p1a: Celesteela|398\/398|[silent]\n|upkeep\n|turn|43\n|choice|move heavyslam|move softboiled\n|\n|move|p1a: Celesteela|Heavy Slam|p2a: Chansey\n|-damage|p2a: Chansey|17\/703\n|move|p2a: Chansey|Soft-Boiled|p2a: Chansey\n|-heal|p2a: Chansey|369\/703\n|\n|-damage|p2a: Chansey|282\/703|[from] Leech Seed|[of] p1a: Celesteela\n|upkeep\n|turn|44\n|c| posio123|luciano llamada :v\n|choice|move heavyslam|move softboiled\n|\n|move|p1a: Celesteela|Heavy Slam|p2a: Chansey\n|-damage|p2a: Chansey|155\/703\n|move|p2a: Chansey|Soft-Boiled|p2a: Chansey\n|-heal|p2a: Chansey|507\/703\n|\n|-damage|p2a: Chansey|420\/703|[from] Leech Seed|[of] p1a: Celesteela\n|upkeep\n|turn|45\n|c|\u2606jly8|me llamaraon a comer :U\n|choice|switch 4|switch 4\n|\n|switch|p1a: Landorus|Landorus-Therian, M|382\/382\n|-damage|p1a: Landorus|335\/382|[from] Stealth Rock\n|-ability|p1a: Landorus|Intimidate|boost\n|-unboost|p2a: Chansey|atk|1\n|switch|p2a: Ferrothorn|Ferrothorn, F|255\/351\n|\n|-heal|p1a: Landorus|358\/382|[from] item: Leftovers\n|-heal|p2a: Ferrothorn|276\/351|[from] item: Leftovers\n|upkeep\n|turn|46\n|c| Eyeshield|nooo\n|c| posio123|no te vayas luciano :v\n|choice|move stealthrock|move leechseed\n|\n|move|p1a: Landorus|Stealth Rock|p2a: Ferrothorn\n|-sidestart|p2: jly8|move: Stealth Rock\n|move|p2a: Ferrothorn|Leech Seed|p1a: Landorus|[miss]\n|-miss|p2a: Ferrothorn|p1a: Landorus\n|\n|-heal|p1a: Landorus|381\/382|[from] item: Leftovers\n|-heal|p2a: Ferrothorn|297\/351|[from] item: Leftovers\n|upkeep\n|turn|47\n|c| Eyeshield|turno 46 seas mamon\n|choice|move uturn|move leechseed\n|\n|move|p1a: Landorus|U-turn|p2a: Ferrothorn\n|-damage|p2a: Ferrothorn|233\/351\n|-damage|p1a: Landorus|334\/382|[from] ability: Iron Barbs|[of] p2a: Ferrothorn\n|c|\u2606jly8|xD\n|choice|switch 6|\n|\n|switch|p1a: Goodra|Goodra, M|383\/383\n|-damage|p1a: Goodra|288\/383|[from] Spikes\n|-damage|p1a: Goodra|241\/383|[from] Stealth Rock\n|move|p2a: Ferrothorn|Leech Seed|p1a: Goodra\n|-ability|p1a: Goodra|Sap Sipper|boost\n|-boost|p1a: Goodra|atk|1\n|\n|-heal|p2a: Ferrothorn|254\/351|[from] item: Leftovers\n|upkeep\n|turn|48\n|choice|move infestation|switch 4\n|\n|switch|p2a: Chansey|Chansey, F|420\/703\n|-damage|p2a: Chansey|333\/703|[from] Stealth Rock\n|move|p1a: Goodra|Infestation|p2a: Chansey\n|-damage|p2a: Chansey|318\/703\n|-activate|p2a: Chansey|move: Infestation|[of] p1a: Goodra\n|\n|-damage|p2a: Chansey|231\/703|[from] move: Infestation|[partiallytrapped]\n|upkeep\n|turn|49\n|choice|move sludgebomb|move softboiled\n|\n|move|p1a: Goodra|Sludge Bomb|p2a: Chansey\n|-damage|p2a: Chansey|173\/703\n|-status|p2a: Chansey|psn\n|move|p2a: Chansey|Soft-Boiled|p2a: Chansey\n|-heal|p2a: Chansey|525\/703 psn\n|\n|-damage|p2a: Chansey|438\/703 psn|[from] psn\n|-damage|p2a: Chansey|351\/703 psn|[from] move: Infestation|[partiallytrapped]\n|upkeep\n|turn|50\n|choice|move dragonpulse|move softboiled\n|\n|move|p1a: Goodra|Dragon Pulse|p2a: Chansey\n|-damage|p2a: Chansey|269\/703 psn\n|move|p2a: Chansey|Soft-Boiled|p2a: Chansey\n|-heal|p2a: Chansey|621\/703 psn\n|\n|-damage|p2a: Chansey|534\/703 psn|[from] psn\n|-damage|p2a: Chansey|447\/703 psn|[from] move: Infestation|[partiallytrapped]\n|upkeep\n|turn|51\n|choice|switch 4|move toxic\n|\n|switch|p1a: Celesteela|Celesteela|398\/398\n|-damage|p1a: Celesteela|349\/398|[from] Stealth Rock\n|move|p2a: Chansey|Toxic|p1a: Celesteela\n|-immune|p1a: Celesteela|[msg]\n|\n|-heal|p1a: Celesteela|373\/398|[from] item: Leftovers\n|-damage|p2a: Chansey|360\/703 psn|[from] psn\n|upkeep\n|turn|52\n|choice|move flamecharge|switch 3\n|\n|-curestatus|p2a: Chansey|psn|[from] ability: Natural Cure\n|switch|p2a: Charizard|Charizard, F|260\/297\n|-damage|p2a: Charizard|112\/297|[from] Stealth Rock\n|move|p1a: Celesteela|Flame Charge|p2a: Charizard\n|-resisted|p2a: Charizard\n|-damage|p2a: Charizard|86\/297\n|-boost|p1a: Celesteela|spe|1\n|\n|-heal|p1a: Celesteela|397\/398|[from] item: Leftovers\n|upkeep\n|turn|53\n|choice|move heavyslam|move roost\n|\n|move|p2a: Charizard|Roost|p2a: Charizard\n|-heal|p2a: Charizard|235\/297\n|move|p1a: Celesteela|Heavy Slam|p2a: Charizard\n|-resisted|p2a: Charizard\n|-damage|p2a: Charizard|130\/297\n|\n|-heal|p1a: Celesteela|398\/398|[from] item: Leftovers\n|upkeep\n|turn|54\n|choice|move flamecharge|move fireblast mega\n|\n|detailschange|p2a: Charizard|Charizard-Mega-Y, F\n|-mega|p2a: Charizard|Charizard|Charizardite Y\n|-weather|SunnyDay|[from] ability: Drought|[of] p2a: Charizard\n|move|p2a: Charizard|Fire Blast|p1a: Celesteela\n|-supereffective|p1a: Celesteela\n|-damage|p1a: Celesteela|0 fnt\n|faint|p1a: Celesteela\n|\n|-weather|SunnyDay|[upkeep]\n|upkeep\n|choice|switch 5|\n|\n|switch|p1a: Heatran|Heatran, M|386\/386\n|-damage|p1a: Heatran|338\/386|[from] Stealth Rock\n|-item|p1a: Heatran|Air Balloon\n|turn|55\n|choice|move roar|move solarbeam\n|\n|move|p2a: Charizard|Solar Beam|p1a: Heatran|[still]\n|-prepare|p2a: Charizard|Solar Beam|p1a: Heatran\n|-anim|p2a: Charizard|Solar Beam|p1a: Heatran\n|-resisted|p1a: Heatran\n|-damage|p1a: Heatran|301\/386\n|-enditem|p1a: Heatran|Air Balloon\n|move|p1a: Heatran|Roar|p2a: Charizard\n|drag|p2a: Chansey|Chansey, F|360\/703\n|-damage|p2a: Chansey|273\/703|[from] Stealth Rock\n|\n|-weather|SunnyDay|[upkeep]\n|upkeep\n|turn|56\n|c| Eyeshield|para eso eran las rocas y las puras\n|c| Eyeshield|puas\n|c| Eyeshield|quita las rocas prro :v\n|choice|move lavaplume|move softboiled\n|\n|move|p1a: Heatran|Lava Plume|p2a: Chansey\n|-damage|p2a: Chansey|132\/703\n|move|p2a: Chansey|Soft-Boiled|p2a: Chansey\n|-heal|p2a: Chansey|484\/703\n|\n|-weather|SunnyDay|[upkeep]\n|upkeep\n|turn|57\n|choice|move lavaplume|switch 5\n|\n|switch|p2a: Tapu Fini|Tapu Fini|165\/343\n|-damage|p2a: Tapu Fini|123\/343|[from] Stealth Rock\n|-fieldstart|move: Misty Terrain|[from] ability: Misty Surge|[of] p2a: Tapu Fini\n|move|p1a: Heatran|Lava Plume|p2a: Tapu Fini\n|-resisted|p2a: Tapu Fini\n|-damage|p2a: Tapu Fini|41\/343\n|\n|-weather|SunnyDay|[upkeep]\n|-heal|p2a: Tapu Fini|62\/343|[from] item: Leftovers\n|upkeep\n|turn|58\n|choice|move lavaplume|move defog\n|\n|move|p2a: Tapu Fini|Defog|p1a: Heatran\n|-unboost|p1a: Heatran|evasion|1\n|-sideend|p1: Tracing Your IP|Spikes|[from] move: Defog|[of] p1a: Heatran\n|-sideend|p1: Tracing Your IP|Stealth Rock|[from] move: Defog|[of] p1a: Heatran\n|-sideend|p2: jly8|Stealth Rock|[from] move: Defog|[of] p2a: Tapu Fini\n|move|p1a: Heatran|Lava Plume|p2a: Tapu Fini\n|-resisted|p2a: Tapu Fini\n|-damage|p2a: Tapu Fini|0 fnt\n|faint|p2a: Tapu Fini\n|\n|-weather|none\n|upkeep\n|choice||switch 3\n|\n|switch|p2a: Charizard|Charizard-Mega-Y, F|130\/297\n|-weather|SunnyDay|[from] ability: Drought|[of] p2a: Charizard\n|turn|59\n|choice|move stealthrock|move earthquake\n|\n|move|p2a: Charizard|Earthquake|p1a: Heatran\n|-supereffective|p1a: Heatran\n|-damage|p1a: Heatran|13\/386\n|move|p1a: Heatran|Stealth Rock|p2a: Charizard\n|-sidestart|p2: jly8|move: Stealth Rock\n|\n|-weather|SunnyDay|[upkeep]\n|upkeep\n|turn|60\n|choice|move lavaplume|move earthquake\n|\n|move|p2a: Charizard|Earthquake|p1a: Heatran\n|-supereffective|p1a: Heatran\n|-damage|p1a: Heatran|0 fnt\n|faint|p1a: Heatran\n|\n|-weather|SunnyDay|[upkeep]\n|upkeep\n|choice|switch 4|\n|\n|switch|p1a: Goodra|Goodra, M|241\/383\n|turn|61\n|choice|move dragonpulse|move roost\n|\n|move|p2a: Charizard|Roost|p2a: Charizard\n|-heal|p2a: Charizard|279\/297\n|move|p1a: Goodra|Dragon Pulse|p2a: Charizard\n|-damage|p2a: Charizard|216\/297\n|\n|-weather|SunnyDay|[upkeep]\n|-fieldend|Misty Terrain\n|upkeep\n|turn|62\n|c| Eyeshield|recuperate papu\n|choice|move fireblast|move earthquake\n|\n|move|p2a: Charizard|Earthquake|p1a: Goodra\n|-damage|p1a: Goodra|139\/383\n|move|p1a: Goodra|Fire Blast|p2a: Charizard\n|-resisted|p2a: Charizard\n|-damage|p2a: Charizard|132\/297\n|\n|-weather|SunnyDay|[upkeep]\n|upkeep\n|turn|63\n|choice|switch 2|move roost\n|\n|switch|p1a: Rotom|Rotom-Wash|304\/304\n|move|p2a: Charizard|Roost|p2a: Charizard\n|-heal|p2a: Charizard|281\/297\n|\n|-weather|none\n|upkeep\n|turn|64\n|choice|move hydropump|switch 4\n|\n|switch|p2a: Ferrothorn|Ferrothorn, F|254\/351\n|-damage|p2a: Ferrothorn|233\/351|[from] Stealth Rock\n|move|p1a: Rotom|Hydro Pump|p2a: Ferrothorn\n|-resisted|p2a: Ferrothorn\n|-damage|p2a: Ferrothorn|170\/351\n|\n|-heal|p2a: Ferrothorn|191\/351|[from] item: Leftovers\n|upkeep\n|turn|65\n|c| Eyeshield|buen switch\n|choice|move willowisp|move gyroball\n|\n|move|p1a: Rotom|Will-O-Wisp|p2a: Ferrothorn\n|-status|p2a: Ferrothorn|brn\n|move|p2a: Ferrothorn|Gyro Ball|p1a: Rotom\n|-resisted|p1a: Rotom\n|-damage|p1a: Rotom|287\/304\n|\n|-heal|p1a: Rotom|304\/304|[from] item: Leftovers\n|-heal|p2a: Ferrothorn|212\/351 brn|[from] item: Leftovers\n|-damage|p2a: Ferrothorn|191\/351 brn|[from] brn\n|upkeep\n|turn|66\n|choice|move voltswitch|move leechseed\n|\n|move|p1a: Rotom|Volt Switch|p2a: Ferrothorn\n|-resisted|p2a: Ferrothorn\n|-damage|p2a: Ferrothorn|154\/351 brn\n|choice|switch 2|\n|\n|switch|p1a: Goodra|Goodra, M|139\/383\n|move|p2a: Ferrothorn|Leech Seed|p1a: Goodra\n|-ability|p1a: Goodra|Sap Sipper|boost\n|-boost|p1a: Goodra|atk|1\n|\n|-heal|p2a: Ferrothorn|175\/351 brn|[from] item: Leftovers\n|-damage|p2a: Ferrothorn|154\/351 brn|[from] brn\n|upkeep\n|turn|67\n|choice|move fireblast|switch 5\n|\n|switch|p2a: Chansey|Chansey, F|484\/703\n|-damage|p2a: Chansey|397\/703|[from] Stealth Rock\n|move|p1a: Goodra|Fire Blast|p2a: Chansey\n|-damage|p2a: Chansey|322\/703\n|\n|upkeep\n|turn|68\n|choice|move infestation|move toxic\n|\n|move|p1a: Goodra|Infestation|p2a: Chansey\n|-damage|p2a: Chansey|307\/703\n|-activate|p2a: Chansey|move: Infestation|[of] p1a: Goodra\n|move|p2a: Chansey|Toxic|p1a: Goodra\n|-status|p1a: Goodra|tox\n|\n|-damage|p1a: Goodra|116\/383 tox|[from] psn\n|-damage|p2a: Chansey|220\/703|[from] move: Infestation|[partiallytrapped]\n|upkeep\n|turn|69\n|choice|move sludgebomb|move softboiled\n|\n|move|p1a: Goodra|Sludge Bomb|p2a: Chansey\n|-damage|p2a: Chansey|154\/703\n|-status|p2a: Chansey|psn\n|move|p2a: Chansey|Soft-Boiled|p2a: Chansey\n|-heal|p2a: Chansey|506\/703 psn\n|\n|-damage|p1a: Goodra|70\/383 tox|[from] psn\n|-damage|p2a: Chansey|419\/703 psn|[from] psn\n|-damage|p2a: Chansey|332\/703 psn|[from] move: Infestation|[partiallytrapped]\n|upkeep\n|turn|70\n|c| Eyeshield|gorda putita :v\n|c|\u2606jly8|siempre envenena  xD\n|choice|switch 3|move softboiled\n|\n|switch|p1a: Metagross|Metagross|301\/301\n|move|p2a: Chansey|Soft-Boiled|p2a: Chansey\n|-heal|p2a: Chansey|684\/703 psn\n|\n|-damage|p2a: Chansey|597\/703 psn|[from] psn\n|upkeep\n|turn|71\n|choice|move meteormash mega|switch 5\n|\n|-curestatus|p2a: Chansey|psn|[from] ability: Natural Cure\n|switch|p2a: Ferrothorn|Ferrothorn, F|154\/351 brn\n|-damage|p2a: Ferrothorn|133\/351 brn|[from] Stealth Rock\n|detailschange|p1a: Metagross|Metagross-Mega\n|-mega|p1a: Metagross|Metagross|Metagrossite\n|move|p1a: Metagross|Meteor Mash|p2a: Ferrothorn\n|-resisted|p2a: Ferrothorn\n|-damage|p2a: Ferrothorn|68\/351 brn\n|-damage|p1a: Metagross|264\/301|[from] ability: Iron Barbs|[of] p2a: Ferrothorn\n|\n|-heal|p2a: Ferrothorn|89\/351 brn|[from] item: Leftovers\n|-damage|p2a: Ferrothorn|68\/351 brn|[from] brn\n|upkeep\n|turn|72\n|choice|move earthquake|move leechseed\n|\n|move|p1a: Metagross|Earthquake|p2a: Ferrothorn\n|-damage|p2a: Ferrothorn|0 fnt\n|faint|p2a: Ferrothorn\n|\n|upkeep\n|choice||switch 6\n|\n|switch|p2a: Landorus|Landorus-Therian, M|219\/381\n|-damage|p2a: Landorus|172\/381|[from] Stealth Rock\n|-ability|p2a: Landorus|Intimidate|boost\n|-unboost|p1a: Metagross|atk|1\n|turn|73\n|choice|switch 3|move knockoff\n|\n|switch|p1a: Goodra|Goodra, M|70\/383 tox\n|move|p2a: Landorus|Knock Off|p1a: Goodra\n|-damage|p1a: Goodra|0 fnt\n|-enditem|p1a: Goodra|Assault Vest|[from] move: Knock Off|[of] p2a: Landorus\n|faint|p1a: Goodra\n|\n|upkeep\n|choice|switch 3|\n|\n|switch|p1a: Metagross|Metagross-Mega|264\/301\n|turn|74\n|choice|move meteormash|move earthquake\n|\n|move|p1a: Metagross|Meteor Mash|p2a: Landorus|[miss]\n|-miss|p1a: Metagross|p2a: Landorus\n|move|p2a: Landorus|Earthquake|p1a: Metagross\n|-supereffective|p1a: Metagross\n|-damage|p1a: Metagross|36\/301\n|\n|upkeep\n|turn|75\n|choice|move meteormash|move earthquake\n|\n|move|p1a: Metagross|Meteor Mash|p2a: Landorus|[miss]\n|-miss|p1a: Metagross|p2a: Landorus\n|move|p2a: Landorus|Earthquake|p1a: Metagross\n|-supereffective|p1a: Metagross\n|-damage|p1a: Metagross|0 fnt\n|faint|p1a: Metagross\n|\n|upkeep\n|c|\u2606jly8|lol\n|c| posio123|loool\n|c| Eyeshield|pinshe lucy haxero :v\n|c|\u2606jly8|de todas fromas ya ganaba :u\n|choice|switch 6|\n|\n|switch|p1a: Landorus|Landorus-Therian, M|334\/382\n|-ability|p1a: Landorus|Intimidate|boost\n|-unboost|p2a: Landorus|atk|1\n|turn|76\n|c| Eyeshield|no sirves para meta xD\n|choice|move stoneedge|move hiddenpower\n|\n|move|p2a: Landorus|Hidden Power|p1a: Landorus\n|-supereffective|p1a: Landorus\n|-damage|p1a: Landorus|134\/382\n|move|p1a: Landorus|Stone Edge|p2a: Landorus\n|-damage|p2a: Landorus|63\/381\n|\n|-heal|p1a: Landorus|157\/382|[from] item: Leftovers\n|upkeep\n|turn|77\n|c| Eyeshield|metagross\n|choice|switch 2|move hiddenpower\n|\n|switch|p1a: Rotom|Rotom-Wash|304\/304\n|move|p2a: Landorus|Hidden Power|p1a: Rotom\n|-resisted|p1a: Rotom\n|-damage|p1a: Rotom|288\/304\n|\n|-heal|p1a: Rotom|304\/304|[from] item: Leftovers\n|upkeep\n|turn|78\n|choice|move hydropump|move knockoff\n|\n|move|p2a: Landorus|Knock Off|p1a: Rotom\n|-damage|p1a: Rotom|240\/304\n|-enditem|p1a: Rotom|Leftovers|[from] move: Knock Off|[of] p2a: Landorus\n|move|p1a: Rotom|Hydro Pump|p2a: Landorus\n|-supereffective|p2a: Landorus\n|-damage|p2a: Landorus|0 fnt\n|faint|p2a: Landorus\n|\n|upkeep\n|choice||switch 2\n|\n|switch|p2a: tapu diva|Tapu Lele|281\/281\n|-damage|p2a: tapu diva|246\/281|[from] Stealth Rock\n|-fieldstart|move: Psychic Terrain|[from] ability: Psychic Surge|[of] p2a: tapu diva\n|turn|79\n|choice|move painsplit|move psychic\n|\n|move|p2a: tapu diva|Psychic|p1a: Rotom\n|-damage|p1a: Rotom|68\/304\n|move|p1a: Rotom|Pain Split|p2a: tapu diva\n|-sethp|p2a: tapu diva|157\/281|p1a: Rotom|157\/304|[from] move: Pain Split\n|\n|upkeep\n|turn|80\n|choice|move hydropump|move psychic\n|\n|move|p2a: tapu diva|Psychic|p1a: Rotom\n|-damage|p1a: Rotom|0 fnt\n|faint|p1a: Rotom\n|\n|upkeep\n|choice|switch 2|\n|\n|switch|p1a: Landorus|Landorus-Therian, M|157\/382\n|-ability|p1a: Landorus|Intimidate|boost\n|-unboost|p2a: tapu diva|atk|1\n|turn|81\n|c|\u2606jly8|gg\n|choice|move earthquake|move psychic\n|\n|move|p2a: tapu diva|Psychic|p1a: Landorus\n|-damage|p1a: Landorus|0 fnt\n|faint|p1a: Landorus\n|\n|win|jly8\n|c| posio123|gg\n|raw|Tracing Your IP's rating: 1333 &rarr; <strong>1308<\/strong><br \/>(-25 for losing)\n|raw|jly8's rating: 1253 &rarr; <strong>1284<\/strong><br \/>(+31 for winning)\n|c|\u2606Tracing Your IP|Got lucky with that double miss\n|l|Tracing Your IP","inputlog":null,"uploadtime":1491877823,"views":1,"p1id":"tracingyourip","p2id":"jly8","formatid":"gen7ou","rating":1284,"private":0,"password":null}