{"id":"gen7ou-597288381","p1":"I'm back from mars","p2":"Mibouuur","format":"gen7ou","log":"|j|I'm back from mars\n|j|Mibouuur\n|player|p1|I'm back from mars|128\n|teamsize|p1|6\n|player|p2|Mibouuur|108\n|teamsize|p2|6\n|gametype|singles\n|gen|7\n|tier|[Gen 7] OU\n|rated\n|seed|24638,56728,28526,37675\n|clearpoke\n|poke|p1|Alakazam, M|item\n|poke|p1|Ferrothorn, M|item\n|poke|p1|Tornadus-Therian, M|item\n|poke|p1|Heatran, F|item\n|poke|p1|Landorus-Therian, M|item\n|poke|p1|Tyranitar, F|item\n|poke|p2|Dugtrio, M|item\n|poke|p2|Venusaur, M|item\n|poke|p2|Yanmega, F|item\n|poke|p2|Mantine, M|item\n|poke|p2|Magnezone|item\n|poke|p2|Mimikyu, M|item\n|rule|Sleep Clause Mod: Limit one foe put to sleep\n|rule|Species Clause: Limit one of each Pok\u00e9mon\n|rule|OHKO Clause: OHKO moves are banned\n|rule|Moody Clause: Moody is banned\n|rule|Evasion Moves Clause: Evasion moves are banned\n|rule|Endless Battle Clause: Forcing endless battles is banned\n|rule|HP Percentage Mod: HP is shown in percentages\n|teampreview\n|inactive|Battle timer is ON: inactive players will automatically lose when time's up. (requested by Mibouuur)\n|c|\u2606I'm back from mars|oh that team\n|choice|team 5, team 2, team 3, team 4, team 1, team 6|team 5, team 2, team 3, team 4, team 1, team 6\n|\n|start\n|switch|p1a: Landorus|Landorus-Therian, M|321\/321\n|switch|p2a: Trap God|Magnezone|281\/281\n|-ability|p1a: Landorus|Intimidate|boost\n|-unboost|p2a: Trap God|atk|1\n|turn|1\n|choice|move uturn|switch 4\n|\n|switch|p2a: Think Twice|Mantine, M|372\/372\n|move|p1a: Landorus|U-turn|p2a: Think Twice\n|-resisted|p2a: Think Twice\n|-damage|p2a: Think Twice|325\/372\n|choice|switch 6|\n|\n|switch|p1a: Tyranitar|Tyranitar, F|342\/342\n|-weather|Sandstorm|[from] ability: Sand Stream|[of] p1a: Tyranitar\n|\n|-weather|Sandstorm|[upkeep]\n|-damage|p2a: Think Twice|302\/372|[from] sandstorm\n|-heal|p2a: Think Twice|325\/372|[from] item: Leftovers\n|upkeep\n|turn|2\n|choice|switch 2|move toxic\n|\n|switch|p1a: Ferrothorn|Ferrothorn, M|351\/351\n|move|p2a: Think Twice|Toxic|p1a: Ferrothorn\n|-immune|p1a: Ferrothorn|[msg]\n|\n|-weather|Sandstorm|[upkeep]\n|-damage|p2a: Think Twice|302\/372|[from] sandstorm\n|-heal|p2a: Think Twice|325\/372|[from] item: Leftovers\n|upkeep\n|turn|3\n|choice|move stealthrock|switch 4\n|\n|switch|p2a: Trap God|Magnezone|281\/281\n|move|p1a: Ferrothorn|Stealth Rock|p2a: Trap God\n|-sidestart|p2: Mibouuur|move: Stealth Rock\n|\n|-weather|Sandstorm|[upkeep]\n|upkeep\n|turn|4\n|choice|move leechseed|move hiddenpower\n|\n|move|p2a: Trap God|Hidden Power|p1a: Ferrothorn\n|-supereffective|p1a: Ferrothorn\n|-damage|p1a: Ferrothorn|139\/351\n|move|p1a: Ferrothorn|Leech Seed|p2a: Trap God\n|-start|p2a: Trap God|move: Leech Seed\n|\n|-weather|Sandstorm|[upkeep]\n|-damage|p2a: Trap God|246\/281|[from] Leech Seed|[of] p1a: Ferrothorn\n|-heal|p1a: Ferrothorn|174\/351|[silent]\n|upkeep\n|turn|5\n|choice|move powerwhip|move hiddenpower\n|\n|move|p2a: Trap God|Hidden Power|p1a: Ferrothorn\n|-supereffective|p1a: Ferrothorn\n|-damage|p1a: Ferrothorn|0 fnt\n|faint|p1a: Ferrothorn\n|\n|-weather|none\n|upkeep\n|choice|switch 4|\n|\n|switch|p1a: Heatran|Heatran, F|376\/376\n|turn|6\n|choice|move substitute|switch 4\n|\n|switch|p2a: Think Twice|Mantine, M|325\/372\n|-damage|p2a: Think Twice|232\/372|[from] Stealth Rock\n|move|p1a: Heatran|Substitute|p1a: Heatran\n|-start|p1a: Heatran|Substitute\n|-damage|p1a: Heatran|282\/376\n|\n|-heal|p1a: Heatran|305\/376|[from] item: Leftovers\n|-heal|p2a: Think Twice|255\/372|[from] item: Leftovers\n|upkeep\n|turn|7\n|choice|move toxic|move defog\n|\n|move|p1a: Heatran|Toxic|p2a: Think Twice\n|-status|p2a: Think Twice|tox\n|move|p2a: Think Twice|Defog|p1a: Heatran\n|-sideend|p2: Mibouuur|Stealth Rock|[from] move: Defog|[of] p2a: Think Twice\n|\n|-heal|p1a: Heatran|328\/376|[from] item: Leftovers\n|-heal|p2a: Think Twice|278\/372 tox|[from] item: Leftovers\n|-damage|p2a: Think Twice|255\/372 tox|[from] psn\n|upkeep\n|turn|8\n|choice|move magmastorm|move scald\n|\n|move|p1a: Heatran|Magma Storm|p2a: Think Twice\n|-resisted|p2a: Think Twice\n|-damage|p2a: Think Twice|208\/372 tox\n|-activate|p2a: Think Twice|move: Magma Storm|[of] p1a: Heatran\n|move|p2a: Think Twice|Scald|p1a: Heatran\n|-supereffective|p1a: Heatran\n|-end|p1a: Heatran|Substitute\n|\n|-heal|p1a: Heatran|351\/376|[from] item: Leftovers\n|-heal|p2a: Think Twice|231\/372 tox|[from] item: Leftovers\n|-damage|p2a: Think Twice|185\/372 tox|[from] psn\n|-damage|p2a: Think Twice|139\/372 tox|[from] move: Magma Storm|[partiallytrapped]\n|upkeep\n|turn|9\n|choice|switch 3|move scald\n|\n|switch|p1a: Tornadus|Tornadus-Therian, M|361\/361\n|move|p2a: Think Twice|Scald|p1a: Tornadus\n|-damage|p1a: Tornadus|307\/361\n|\n|-heal|p2a: Think Twice|162\/372 tox|[from] item: Leftovers\n|-damage|p2a: Think Twice|93\/372 tox|[from] psn\n|upkeep\n|turn|10\n|choice|move knockoff|move toxic\n|\n|move|p1a: Tornadus|Knock Off|p2a: Think Twice\n|-damage|p2a: Think Twice|19\/372 tox\n|-enditem|p2a: Think Twice|Leftovers|[from] move: Knock Off|[of] p1a: Tornadus\n|move|p2a: Think Twice|Toxic|p1a: Tornadus\n|-status|p1a: Tornadus|tox\n|\n|-damage|p1a: Tornadus|285\/361 tox|[from] psn\n|-damage|p2a: Think Twice|0 fnt|[from] psn\n|upkeep\n|faint|p2a: Think Twice\n|choice||switch 4\n|\n|switch|p2a: Trap God|Magnezone|246\/281\n|turn|11\n|choice|move uturn|move flashcannon\n|\n|move|p1a: Tornadus|U-turn|p2a: Trap God\n|-resisted|p2a: Trap God\n|-damage|p2a: Trap God|224\/281\n|choice|switch 6|\n|\n|switch|p1a: Landorus|Landorus-Therian, M|321\/321\n|-ability|p1a: Landorus|Intimidate|boost\n|-unboost|p2a: Trap God|atk|1\n|move|p2a: Trap God|Flash Cannon|p1a: Landorus\n|-damage|p1a: Landorus|141\/321\n|\n|upkeep\n|turn|12\n|choice|move earthquake|move flashcannon\n|\n|move|p1a: Landorus|Earthquake|p2a: Trap God\n|-supereffective|p2a: Trap God\n|-damage|p2a: Trap God|0 fnt\n|faint|p2a: Trap God\n|\n|upkeep\n|choice||switch 3\n|\n|switch|p2a: Buzz Off|Yanmega, F|313\/313\n|turn|13\n|choice|switch 6|switch 5\n|\n|switch|p1a: Tornadus|Tornadus-Therian, M|361\/361 tox\n|switch|p2a: Migos|Dugtrio, M|211\/211\n|\n|-damage|p1a: Tornadus|339\/361 tox|[from] psn\n|upkeep\n|turn|14\n|choice|move hurricane|switch 2\n|\n|switch|p2a: CBB|Venusaur, M|363\/363\n|move|p1a: Tornadus|Hurricane|p2a: CBB\n|-supereffective|p2a: CBB\n|-damage|p2a: CBB|91\/363\n|\n|-damage|p1a: Tornadus|295\/361 tox|[from] psn\n|upkeep\n|turn|15\n|choice|move hurricane|move synthesis mega\n|\n|detailschange|p2a: CBB|Venusaur-Mega, M\n|-mega|p2a: CBB|Venusaur|Venusaurite\n|move|p1a: Tornadus|Hurricane|p2a: CBB\n|-supereffective|p2a: CBB\n|-damage|p2a: CBB|0 fnt\n|faint|p2a: CBB\n|\n|-damage|p1a: Tornadus|229\/361 tox|[from] psn\n|upkeep\n|choice||switch 5\n|\n|switch|p2a: Buzz Off|Yanmega, F|313\/313\n|turn|16\n|choice|switch 6|move protect\n|\n|switch|p1a: Landorus|Landorus-Therian, M|141\/321\n|-ability|p1a: Landorus|Intimidate|boost\n|-unboost|p2a: Buzz Off|atk|1\n|move|p2a: Buzz Off|Protect|p2a: Buzz Off\n|-fail|p2a: Buzz Off\n|\n|-ability|p2a: Buzz Off|Speed Boost|boost\n|-boost|p2a: Buzz Off|spe|1\n|upkeep\n|turn|17\n|choice|switch 2|move protect\n|\n|switch|p1a: Tyranitar|Tyranitar, F|342\/342\n|-weather|Sandstorm|[from] ability: Sand Stream|[of] p1a: Tyranitar\n|move|p2a: Buzz Off|Protect|p2a: Buzz Off\n|-fail|p2a: Buzz Off\n|\n|-weather|Sandstorm|[upkeep]\n|-damage|p2a: Buzz Off|294\/313|[from] sandstorm\n|-ability|p2a: Buzz Off|Speed Boost|boost\n|-boost|p2a: Buzz Off|spe|1\n|upkeep\n|turn|18\n|choice|move pursuit|move bugbuzz\n|\n|move|p2a: Buzz Off|Bug Buzz|p1a: Tyranitar\n|-supereffective|p1a: Tyranitar\n|-damage|p1a: Tyranitar|53\/342\n|-damage|p2a: Buzz Off|263\/313|[from] item: Life Orb\n|move|p1a: Tyranitar|Pursuit|p2a: Buzz Off\n|-damage|p2a: Buzz Off|172\/313\n|\n|-weather|Sandstorm|[upkeep]\n|-damage|p2a: Buzz Off|153\/313|[from] sandstorm\n|-ability|p2a: Buzz Off|Speed Boost|boost\n|-boost|p2a: Buzz Off|spe|1\n|upkeep\n|turn|19\n|j|xTimeTravelerX\n|choice|switch 6|move airslash\n|\n|switch|p1a: Tornadus|Tornadus-Therian, M|349\/361 tox\n|move|p2a: Buzz Off|Air Slash|p1a: Tornadus\n|-damage|p1a: Tornadus|223\/361 tox\n|-damage|p2a: Buzz Off|122\/313|[from] item: Life Orb\n|\n|-weather|Sandstorm|[upkeep]\n|-damage|p2a: Buzz Off|103\/313|[from] sandstorm\n|-damage|p1a: Tornadus|201\/361 tox|[from] sandstorm\n|-damage|p1a: Tornadus|179\/361 tox|[from] psn\n|-ability|p2a: Buzz Off|Speed Boost|boost\n|-boost|p2a: Buzz Off|spe|1\n|upkeep\n|turn|20\n|choice|switch 6|move airslash\n|\n|switch|p1a: Tyranitar|Tyranitar, F|53\/342\n|move|p2a: Buzz Off|Air Slash|p1a: Tyranitar\n|-resisted|p1a: Tyranitar\n|-damage|p1a: Tyranitar|0 fnt\n|-damage|p2a: Buzz Off|72\/313|[from] item: Life Orb\n|faint|p1a: Tyranitar\n|\n|-weather|Sandstorm|[upkeep]\n|-damage|p2a: Buzz Off|53\/313|[from] sandstorm\n|-ability|p2a: Buzz Off|Speed Boost|boost\n|-boost|p2a: Buzz Off|spe|1\n|upkeep\n|choice|switch 6|\n|\n|switch|p1a: Tornadus|Tornadus-Therian, M|299\/361 tox\n|turn|21\n|choice|move knockoff|move airslash\n|\n|move|p2a: Buzz Off|Air Slash|p1a: Tornadus\n|-damage|p1a: Tornadus|174\/361 tox\n|-damage|p2a: Buzz Off|22\/313|[from] item: Life Orb\n|move|p1a: Tornadus|Knock Off|p2a: Buzz Off\n|-damage|p2a: Buzz Off|0 fnt\n|-enditem|p2a: Buzz Off|Life Orb|[from] move: Knock Off|[of] p1a: Tornadus\n|faint|p2a: Buzz Off\n|\n|-weather|none\n|-damage|p1a: Tornadus|152\/361 tox|[from] psn\n|upkeep\n|choice||switch 6\n|\n|switch|p2a: You Da Greatest|Mimikyu, M|251\/251\n|turn|22\n|choice|move uturn|move swordsdance\n|\n|move|p1a: Tornadus|U-turn|p2a: You Da Greatest\n|-activate|p2a: You Da Greatest|ability: Disguise\n|-damage|p2a: You Da Greatest|251\/251\n|detailschange|p2a: You Da Greatest|Mimikyu-Busted, M\n|choice|switch 2|\n|\n|switch|p1a: Landorus|Landorus-Therian, M|141\/321\n|-ability|p1a: Landorus|Intimidate|boost\n|-unboost|p2a: You Da Greatest|atk|1\n|move|p2a: You Da Greatest|Swords Dance|p2a: You Da Greatest\n|-boost|p2a: You Da Greatest|atk|2\n|\n|upkeep\n|turn|23\n|choice|switch 2|move swordsdance\n|\n|switch|p1a: Tornadus|Tornadus-Therian, M|272\/361 tox\n|move|p2a: You Da Greatest|Swords Dance|p2a: You Da Greatest\n|-boost|p2a: You Da Greatest|atk|2\n|\n|-damage|p1a: Tornadus|250\/361 tox|[from] psn\n|upkeep\n|turn|24\n|choice|switch 2|move shadowsneak\n|\n|switch|p1a: Landorus|Landorus-Therian, M|141\/321\n|-ability|p1a: Landorus|Intimidate|boost\n|-unboost|p2a: You Da Greatest|atk|1\n|move|p2a: You Da Greatest|Shadow Sneak|p1a: Landorus\n|-damage|p1a: Landorus|0 fnt\n|-damage|p2a: You Da Greatest|226\/251|[from] item: Life Orb\n|faint|p1a: Landorus\n|\n|upkeep\n|choice|switch 3|\n|\n|switch|p1a: Heatran|Heatran, F|351\/376\n|turn|25\n|choice|move magmastorm|move shadowclaw\n|\n|move|p2a: You Da Greatest|Shadow Claw|p1a: Heatran\n|-damage|p1a: Heatran|135\/376\n|-damage|p2a: You Da Greatest|201\/251|[from] item: Life Orb\n|move|p1a: Heatran|Magma Storm|p2a: You Da Greatest\n|-damage|p2a: You Da Greatest|68\/251\n|-activate|p2a: You Da Greatest|move: Magma Storm|[of] p1a: Heatran\n|\n|-heal|p1a: Heatran|158\/376|[from] item: Leftovers\n|-damage|p2a: You Da Greatest|37\/251|[from] move: Magma Storm|[partiallytrapped]\n|upkeep\n|turn|26\n|choice|move earthpower|move shadowclaw\n|\n|move|p2a: You Da Greatest|Shadow Claw|p1a: Heatran\n|-damage|p1a: Heatran|0 fnt\n|-damage|p2a: You Da Greatest|12\/251|[from] item: Life Orb\n|faint|p1a: Heatran\n|\n|upkeep\n|choice|switch 2|\n|\n|switch|p1a: Tornadus|Tornadus-Therian, M|361\/361 tox\n|turn|27\n|choice|move uturn|move shadowsneak\n|\n|move|p2a: You Da Greatest|Shadow Sneak|p1a: Tornadus\n|-damage|p1a: Tornadus|196\/361 tox\n|-damage|p2a: You Da Greatest|0 fnt|[from] item: Life Orb\n|faint|p2a: You Da Greatest\n|move|p1a: Tornadus|U-turn|p2: You Da Greatest|[notarget]\n|-notarget\n|\n|-damage|p1a: Tornadus|174\/361 tox|[from] psn\n|upkeep\n|choice||switch 2\n|\n|switch|p2a: Migos|Dugtrio, M|211\/211\n|turn|28\n|choice|move knockoff|move substitute\n|\n|move|p1a: Tornadus|Knock Off|p2a: Migos\n|-damage|p2a: Migos|136\/211\n|move|p2a: Migos|Substitute|p2a: Migos\n|-start|p2a: Migos|Substitute\n|-damage|p2a: Migos|84\/211\n|\n|-damage|p1a: Tornadus|130\/361 tox|[from] psn\n|upkeep\n|turn|29\n|choice|move uturn|move substitute\n|\n|move|p1a: Tornadus|U-turn|p2a: Migos\n|-end|p2a: Migos|Substitute\n|choice|switch 5|\n|\n|switch|p1a: Alakazam|Alakazam, M|251\/251\n|move|p2a: Migos|Substitute|p2a: Migos\n|-start|p2a: Migos|Substitute\n|-damage|p2a: Migos|32\/211\n|\n|upkeep\n|turn|30\n|choice|move psychic mega|move earthquake zmove\n|\n|detailschange|p1a: Alakazam|Alakazam-Mega, M\n|-mega|p1a: Alakazam|Alakazam|Alakazite\n|-ability|p1a: Alakazam|Arena Trap|[from] ability: Trace|[of] p2a: Migos\n|move|p1a: Alakazam|Psychic|p2a: Migos\n|-end|p2a: Migos|Substitute\n|-zpower|p2a: Migos\n|move|p2a: Migos|Tectonic Rage|p1a: Alakazam|[zeffect]\n|-damage|p1a: Alakazam|0 fnt\n|faint|p1a: Alakazam\n|\n|upkeep\n|choice|switch 5|\n|\n|switch|p1a: Tornadus|Tornadus-Therian, M|250\/361 tox\n|turn|31\n|c|\u2606Mibouuur|Sadly i didn't put my rocks :\/\n|c|\u2606Mibouuur|Anyway i'll know for the next time\n|c|\u2606Mibouuur|Ty for the lesson :)\n|c|\u2606I'm back from mars|yeah\n|c|\u2606I'm back from mars|lol np gg\n|choice|move uturn|move stealthrock\n|\n|move|p1a: Tornadus|U-turn|p2a: Migos\n|-damage|p2a: Migos|0 fnt\n|faint|p2a: Migos\n|\n|win|I'm back from mars\n|c|\u2606Mibouuur|same\n|l|Mibouuur\n|raw|I&apos;m back from mars's rating: 1644 &rarr; <strong>1663<\/strong><br \/>(+19 for winning)\n|raw|Mibouuur's rating: 1633 &rarr; <strong>1613<\/strong><br \/>(-20 for losing)\n|l|I'm back from mars\n|c| xTimeTravelerX|poor rank","inputlog":null,"uploadtime":1498754005,"views":3,"p1id":"imbackfrommars","p2id":"mibouuur","formatid":"gen7ou","rating":1613,"private":0,"password":null}