{"id":"gen7ou-1078708207","p1":"Shardul888","p2":"Ucyra","format":"gen7ou","log":"|j|\u2606Shardul888\n|j|\u2606Ucyra\n|player|p1|Shardul888|palmer|1781\n|player|p2|Ucyra|dahlia|1672\n|teamsize|p1|6\n|teamsize|p2|6\n|gametype|singles\n|gen|7\n|tier|[Gen 7] OU\n|rated|\n|clearpoke\n|poke|p1|Venusaur, M|item\n|poke|p1|Dragonite, M|item\n|poke|p1|Magearna|item\n|poke|p1|Toxapex, F|item\n|poke|p1|Gliscor, F|item\n|poke|p1|Entei|item\n|poke|p2|Kyurem-Black|item\n|poke|p2|Marowak-Alola, F|item\n|poke|p2|Mawile, F|item\n|poke|p2|Tapu Fini|item\n|poke|p2|Thundurus-Therian, M|item\n|poke|p2|Landorus-Therian, M|item\n|rule|Sleep Clause Mod: Limit one foe put to sleep\n|rule|Species Clause: Limit one of each Pok\u00e9mon\n|rule|OHKO Clause: OHKO moves are banned\n|rule|Moody Clause: Moody is banned\n|rule|Evasion Moves Clause: Evasion moves are banned\n|rule|Endless Battle Clause: Forcing endless battles is banned\n|rule|HP Percentage Mod: HP is shown in percentages\n|teampreview\n|inactive|Battle timer is ON: inactive players will automatically lose when time's up. (requested by Shardul888)\n|c|\u2606Ucyra|I like your team\n|\n|start\n|switch|p1a: Wonder Woman|Magearna|100\/100\n|switch|p2a: Mawile|Mawile, F|100\/100\n|turn|1\n|\n|switch|p2a: Marowak|Marowak-Alola, F|100\/100\n|move|p1a: Wonder Woman|Flash Cannon|p2a: Marowak\n|-resisted|p2a: Marowak\n|-damage|p2a: Marowak|78\/100\n|\n|upkeep\n|turn|2\n|\n|switch|p1a: Spiderman|Gliscor, F|100\/100\n|move|p2a: Marowak|Will-O-Wisp|p1a: Spiderman\n|-status|p1a: Spiderman|brn\n|\n|-damage|p1a: Spiderman|94\/100 brn|[from] brn\n|upkeep\n|turn|3\n|\n|switch|p2a: Kyurem|Kyurem-Black|100\/100\n|-ability|p2a: Kyurem|Teravolt\n|move|p1a: Spiderman|Knock Off|p2a: Kyurem\n|-damage|p2a: Kyurem|93\/100\n|\n|-damage|p1a: Spiderman|88\/100 brn|[from] brn\n|upkeep\n|turn|4\n|\n|move|p1a: Spiderman|Protect|p1a: Spiderman\n|-singleturn|p1a: Spiderman|Protect\n|move|p2a: Kyurem|Ice Beam|p1a: Spiderman\n|-activate|p1a: Spiderman|move: Protect\n|\n|-damage|p1a: Spiderman|82\/100 brn|[from] brn\n|upkeep\n|turn|5\n|\n|move|p2a: Kyurem|Ice Beam|p1a: Spiderman\n|-supereffective|p1a: Spiderman\n|-damage|p1a: Spiderman|0 fnt\n|faint|p1a: Spiderman\n|\n|upkeep\n|\n|switch|p1a: Wonder Woman|Magearna|100\/100\n|turn|6\n|\n|switch|p2a: Marowak|Marowak-Alola, F|78\/100\n|move|p1a: Wonder Woman|Flash Cannon|p2a: Marowak\n|-resisted|p2a: Marowak\n|-damage|p2a: Marowak|53\/100\n|\n|upkeep\n|turn|7\n|\n|switch|p1a: Thor|Entei, shiny|100\/100\n|-ability|p1a: Thor|Pressure\n|move|p2a: Marowak|Earthquake|p1a: Thor\n|-supereffective|p1a: Thor\n|-damage|p1a: Thor|16\/100\n|\n|upkeep\n|turn|8\n|\n|switch|p2a: Landorus|Landorus-Therian, M|100\/100\n|-ability|p2a: Landorus|Intimidate|boost\n|-unboost|p1a: Thor|atk|1\n|move|p1a: Thor|Stone Edge|p2a: Landorus\n|-crit|p2a: Landorus\n|-damage|p2a: Landorus|54\/100\n|\n|upkeep\n|turn|9\n|\n|move|p1a: Thor|Sacred Fire|p2a: Landorus|[miss]\n|-miss|p1a: Thor|p2a: Landorus\n|move|p2a: Landorus|Earthquake|p1a: Thor\n|-supereffective|p1a: Thor\n|-damage|p1a: Thor|0 fnt\n|faint|p1a: Thor\n|\n|upkeep\n|\n|switch|p1a: Captain America|Venusaur, M|100\/100\n|turn|10\n|\n|detailschange|p1a: Captain America|Venusaur-Mega, M\n|-mega|p1a: Captain America|Venusaur|Venusaurite\n|move|p2a: Landorus|Earthquake|p1a: Captain America\n|-damage|p1a: Captain America|45\/100\n|move|p1a: Captain America|Leech Seed|p2a: Landorus\n|-start|p2a: Landorus|move: Leech Seed\n|\n|-damage|p2a: Landorus|42\/100|[from] Leech Seed|[of] p1a: Captain America\n|-heal|p1a: Captain America|59\/100|[silent]\n|upkeep\n|turn|11\n|\n|switch|p2a: Kyurem|Kyurem-Black|93\/100\n|-ability|p2a: Kyurem|Teravolt\n|move|p1a: Captain America|Giga Drain|p2a: Kyurem\n|-resisted|p2a: Kyurem\n|-damage|p2a: Kyurem|79\/100\n|-heal|p1a: Captain America|67\/100|[from] drain|[of] p2a: Kyurem\n|\n|upkeep\n|turn|12\n|\n|move|p2a: Kyurem|Fusion Bolt|p1a: Captain America\n|-resisted|p1a: Captain America\n|-damage|p1a: Captain America|52\/100\n|move|p1a: Captain America|Leech Seed|p2a: Kyurem\n|-start|p2a: Kyurem|move: Leech Seed\n|\n|-damage|p2a: Kyurem|67\/100|[from] Leech Seed|[of] p1a: Captain America\n|-heal|p1a: Captain America|67\/100|[silent]\n|upkeep\n|turn|13\n|\n|switch|p2a: Landorus|Landorus-Therian, M|42\/100\n|-ability|p2a: Landorus|Intimidate|boost\n|-unboost|p1a: Captain America|atk|1\n|switch|p1a: Black Widow|Toxapex, F, shiny|100\/100\n|\n|upkeep\n|turn|14\n|\n|move|p2a: Landorus|Swords Dance|p2a: Landorus\n|-boost|p2a: Landorus|atk|2\n|move|p1a: Black Widow|Scald|p2a: Landorus\n|-supereffective|p2a: Landorus\n|-damage|p2a: Landorus|5\/100\n|-status|p2a: Landorus|brn\n|\n|-damage|p2a: Landorus|0 fnt|[from] brn\n|faint|p2a: Landorus\n|upkeep\n|\n|switch|p2a: Thundurus|Thundurus-Therian, M|100\/100\n|turn|15\n|\n|move|p2a: Thundurus|Discharge|p1a: Black Widow\n|-supereffective|p1a: Black Widow\n|-damage|p1a: Black Widow|29\/100\n|move|p1a: Black Widow|Toxic|p2a: Thundurus\n|-status|p2a: Thundurus|tox\n|\n|-heal|p1a: Black Widow|35\/100|[from] item: Black Sludge\n|-damage|p2a: Thundurus|94\/100 tox|[from] psn\n|upkeep\n|turn|16\n|\n|switch|p1a: Captain America|Venusaur-Mega, M|67\/100\n|move|p2a: Thundurus|Discharge|p1a: Captain America\n|-resisted|p1a: Captain America\n|-damage|p1a: Captain America|51\/100\n|\n|-damage|p2a: Thundurus|82\/100 tox|[from] psn\n|upkeep\n|turn|17\n|\n|move|p2a: Thundurus|Sludge Wave|p1a: Captain America\n|-damage|p1a: Captain America|24\/100\n|move|p1a: Captain America|Synthesis|p1a: Captain America\n|-heal|p1a: Captain America|73\/100\n|\n|-damage|p2a: Thundurus|64\/100 tox|[from] psn\n|upkeep\n|turn|18\n|\n|switch|p2a: Mawile|Mawile, F|100\/100\n|move|p1a: Captain America|Leech Seed|p2a: Mawile\n|-start|p2a: Mawile|move: Leech Seed\n|\n|-damage|p2a: Mawile|88\/100|[from] Leech Seed|[of] p1a: Captain America\n|-heal|p1a: Captain America|84\/100|[silent]\n|upkeep\n|turn|19\n|\n|switch|p2a: Kyurem|Kyurem-Black|67\/100\n|-ability|p2a: Kyurem|Teravolt\n|move|p1a: Captain America|Giga Drain|p2a: Kyurem\n|-resisted|p2a: Kyurem\n|-damage|p2a: Kyurem|53\/100\n|-heal|p1a: Captain America|92\/100|[from] drain|[of] p2a: Kyurem\n|\n|upkeep\n|turn|20\n|\n|-zpower|p2a: Kyurem\n|move|p2a: Kyurem|Subzero Slammer|p1a: Captain America|[zeffect]\n|-supereffective|p1a: Captain America\n|-damage|p1a: Captain America|0 fnt\n|faint|p1a: Captain America\n|\n|upkeep\n|\n|switch|p1a: Wonder Woman|Magearna|100\/100\n|turn|21\n|\n|switch|p2a: Marowak|Marowak-Alola, F|53\/100\n|move|p1a: Wonder Woman|Flash Cannon|p2a: Marowak\n|-resisted|p2a: Marowak\n|-damage|p2a: Marowak|28\/100\n|\n|upkeep\n|turn|22\n|\n|move|p1a: Wonder Woman|Flash Cannon|p2a: Marowak\n|-resisted|p2a: Marowak\n|-damage|p2a: Marowak|6\/100\n|-unboost|p2a: Marowak|spd|1\n|move|p2a: Marowak|Flare Blitz|p1a: Wonder Woman\n|-supereffective|p1a: Wonder Woman\n|-damage|p1a: Wonder Woman|0 fnt\n|-damage|p2a: Marowak|0 fnt|[from] Recoil\n|faint|p1a: Wonder Woman\n|faint|p2a: Marowak\n|\n|upkeep\n|\n|switch|p1a: Superman|Dragonite, M|100\/100\n|switch|p2a: Kyurem|Kyurem-Black|53\/100\n|-ability|p2a: Kyurem|Teravolt\n|turn|23\n|\n|move|p2a: Kyurem|Ice Beam|p1a: Superman\n|-supereffective|p1a: Superman\n|-damage|p1a: Superman|0 fnt\n|faint|p1a: Superman\n|\n|upkeep\n|-message|Shardul888 forfeited.\n|\n|win|Ucyra\n|l|\u2606Shardul888\n|raw|Shardul888's rating: 1781 &rarr; <strong>1755<\/strong><br \/>(-26 for losing)\n|raw|Ucyra's rating: 1672 &rarr; <strong>1698<\/strong><br \/>(+26 for winning)\n","uploadtime":1584161070,"views":1,"p1id":"shardul888","p2id":"ucyra","formatid":"gen7ou","rating":1698,"private":0,"password":null}