{"id":"gen7ou-552280540","p1":"Candice","p2":"Rubyblood Ladding","format":"gen7ou","log":"|j|Candice\n|j|Rubyblood Ladding\n|player|p1|Candice|36\n|player|p2|Rubyblood Ladding|#yellow\n|gametype|singles\n|gen|7\n|tier|[Gen 7] OU\n|seed|40793,63286,45376,706\n|clearpoke\n|poke|p1|Mawile, F|item\n|poke|p1|Magearna|item\n|poke|p1|Keldeo|item\n|poke|p1|Landorus-Therian, M|item\n|poke|p1|Mantine, M|item\n|poke|p1|Zygarde|item\n|poke|p2|Pinsir, M, shiny|item\n|poke|p2|Zygarde|item\n|poke|p2|Greninja, M|item\n|poke|p2|Zapdos|item\n|poke|p2|Heatran, M|item\n|poke|p2|Ferrothorn, M|item\n|rule|Baton Pass Clause: Limit one Baton Passer, can't pass Spe and other stats simultaneously\n|rule|Sleep Clause Mod: Limit one foe put to sleep\n|rule|Species Clause: Limit one of each Pok\u00e9mon\n|rule|OHKO Clause: OHKO moves are banned\n|rule|Moody Clause: Moody is banned\n|rule|Evasion Moves Clause: Evasion moves are banned\n|rule|Endless Battle Clause: Forcing endless battles is banned\n|rule|HP Percentage Mod: HP is shown in percentages\n|teampreview\n|c|\u2606Rubyblood Ladding|have fun :)\n|c|\u2606Candice|solide la team \u00e0 premi\u00e8re vue d'oeil\n|c|\u2606Candice|on va voir ce que \u00e7a donne !\n|choice|team 3, team 2, team 1, team 4, team 5, team 6|team 4, team 2, team 3, team 1, team 5, team 6\n|\n|start\n|switch|p1a: Keldeo|Keldeo|323\/323\n|switch|p2a: Zapdos|Zapdos|383\/383\n|-ability|p2a: Zapdos|Pressure\n|turn|1\n|c|\u2606Rubyblood Ladding|Weak \u00e0 ferro en switch in aha la mienne\n|c|\u2606Rubyblood Ladding|la tienne est pas mal aussi\n|choice|switch 6|move thunderbolt\n|\n|switch|p1a: Zygarde|Zygarde|417\/417\n|-ability|p1a: Zygarde|Aura Break\n|move|p2a: Zapdos|Thunderbolt|p1a: Zygarde\n|-immune|p1a: Zygarde|[msg]\n|\n|upkeep\n|turn|2\n|choice|move toxic|move hiddenpower\n|\n|move|p1a: Zygarde|Toxic|p2a: Zapdos|[miss]\n|-miss|p1a: Zygarde|p2a: Zapdos\n|move|p2a: Zapdos|Hidden Power|p1a: Zygarde\n|-supereffective|p1a: Zygarde\n|-damage|p1a: Zygarde|241\/417\n|\n|-heal|p1a: Zygarde|267\/417|[from] item: Leftovers\n|upkeep\n|turn|3\n|choice|move substitute|switch 5\n|\n|switch|p2a: Heatran|Heatran, M|323\/323\n|move|p1a: Zygarde|Substitute|p1a: Zygarde\n|-start|p1a: Zygarde|Substitute\n|-damage|p1a: Zygarde|163\/417\n|\n|-heal|p1a: Zygarde|189\/417|[from] item: Leftovers\n|upkeep\n|turn|4\n|c|\u2606Rubyblood Ladding|ouh je pensais a magearna\n|c|\u2606Candice|oh non, pas encore :p\n|c|\u2606Rubyblood Ladding|je suis weak a zygarde aussi x)\n|choice|move thousandarrows|switch 4\n|\n|switch|p2a: Pinsir|Pinsir, M, shiny|271\/271\n|move|p1a: Zygarde|Thousand Arrows|p2a: Pinsir\n|-resisted|p2a: Pinsir\n|-damage|p2a: Pinsir|223\/271\n|\n|-heal|p1a: Zygarde|215\/417|[from] item: Leftovers\n|upkeep\n|turn|5\n|choice|move toxic|move frustration mega\n|\n|detailschange|p2a: Pinsir|Pinsir-Mega, M, shiny\n|-mega|p2a: Pinsir|Pinsir|Pinsirite\n|move|p2a: Pinsir|Frustration|p1a: Zygarde\n|-end|p1a: Zygarde|Substitute\n|move|p1a: Zygarde|Toxic|p2a: Pinsir\n|-status|p2a: Pinsir|tox\n|\n|-heal|p1a: Zygarde|241\/417|[from] item: Leftovers\n|-damage|p2a: Pinsir|207\/271 tox|[from] psn\n|upkeep\n|turn|6\n|choice|switch 4|switch 3\n|\n|switch|p2a: Greninja|Greninja, M|285\/285\n|switch|p1a: Landorus|Landorus-Therian, M|381\/381\n|-ability|p1a: Landorus|Intimidate|boost\n|-unboost|p2a: Greninja|atk|1\n|\n|upkeep\n|turn|7\n|choice|switch 5|move hydropump\n|\n|switch|p1a: Mantine|Mantine, M|373\/373\n|move|p2a: Greninja|Hydro Pump|p1a: Mantine\n|-immune|p1a: Mantine|[msg]|[from] ability: Water Absorb\n|\n|upkeep\n|turn|8\n|choice|switch 4|switch 6\n|\n|switch|p2a: Ferrothorn|Ferrothorn, M|352\/352\n|switch|p1a: Zygarde|Zygarde|241\/417\n|-ability|p1a: Zygarde|Aura Break\n|\n|-heal|p1a: Zygarde|267\/417|[from] item: Leftovers\n|upkeep\n|turn|9\n|choice|move substitute|move gyroball\n|\n|move|p1a: Zygarde|Substitute|p1a: Zygarde\n|-start|p1a: Zygarde|Substitute\n|-damage|p1a: Zygarde|163\/417\n|move|p2a: Ferrothorn|Gyro Ball|p1a: Zygarde\n|-end|p1a: Zygarde|Substitute\n|\n|-heal|p1a: Zygarde|189\/417|[from] item: Leftovers\n|upkeep\n|turn|10\n|choice|move coil|move gyroball\n|\n|move|p1a: Zygarde|Coil|p1a: Zygarde\n|-boost|p1a: Zygarde|atk|1\n|-boost|p1a: Zygarde|def|1\n|-boost|p1a: Zygarde|accuracy|1\n|move|p2a: Ferrothorn|Gyro Ball|p1a: Zygarde\n|-damage|p1a: Zygarde|93\/417\n|\n|-heal|p1a: Zygarde|119\/417|[from] item: Leftovers\n|upkeep\n|turn|11\n|choice|move substitute|move gyroball\n|\n|move|p1a: Zygarde|Substitute|p1a: Zygarde\n|-start|p1a: Zygarde|Substitute\n|-damage|p1a: Zygarde|15\/417\n|move|p2a: Ferrothorn|Gyro Ball|p1a: Zygarde\n|-activate|p1a: Zygarde|move: Substitute|[damage]\n|\n|-heal|p1a: Zygarde|41\/417|[from] item: Leftovers\n|upkeep\n|turn|12\n|choice|move coil|move gyroball\n|\n|move|p1a: Zygarde|Coil|p1a: Zygarde\n|-boost|p1a: Zygarde|atk|1\n|-boost|p1a: Zygarde|def|1\n|-boost|p1a: Zygarde|accuracy|1\n|move|p2a: Ferrothorn|Gyro Ball|p1a: Zygarde\n|-end|p1a: Zygarde|Substitute\n|\n|-heal|p1a: Zygarde|67\/417|[from] item: Leftovers\n|upkeep\n|turn|13\n|choice|move thousandarrows|move gyroball\n|\n|move|p1a: Zygarde|Thousand Arrows|p2a: Ferrothorn\n|-damage|p2a: Ferrothorn|187\/352\n|move|p2a: Ferrothorn|Gyro Ball|p1a: Zygarde\n|-damage|p1a: Zygarde|0 fnt\n|faint|p1a: Zygarde\n|\n|-heal|p2a: Ferrothorn|209\/352|[from] item: Leftovers\n|upkeep\n|c|\u2606Candice|dommage pouyr zyg\n|c|\u2606Candice|j'aurais du le garder\n|c|\u2606Rubyblood Ladding|je t'avoue que pour le play de gren te connaissant t'anticiperais u turn tellement que t'es un gars qui pr\u00e9dict grave bien ^^\n|choice|switch 6|\n|\n|switch|p1a: Keldeo|Keldeo|323\/323\n|turn|14\n|c|\u2606Rubyblood Ladding|oui vraiment\n|c|\u2606Rubyblood Ladding|il mettait une grosse pression\n|choice|move scald|move protect\n|\n|move|p2a: Ferrothorn|Protect|p2a: Ferrothorn\n|-singleturn|p2a: Ferrothorn|Protect\n|move|p1a: Keldeo|Scald|p2a: Ferrothorn\n|-activate|p2a: Ferrothorn|move: Protect\n|\n|-heal|p2a: Ferrothorn|231\/352|[from] item: Leftovers\n|upkeep\n|turn|15\n|choice|switch 5|move stealthrock\n|\n|switch|p1a: Landorus|Landorus-Therian, M|381\/381\n|-ability|p1a: Landorus|Intimidate|boost\n|-unboost|p2a: Ferrothorn|atk|1\n|move|p2a: Ferrothorn|Stealth Rock|p1a: Landorus\n|-sidestart|p1: Candice|move: Stealth Rock\n|\n|-heal|p2a: Ferrothorn|253\/352|[from] item: Leftovers\n|upkeep\n|turn|16\n|choice|move stealthrock|move leechseed\n|\n|move|p1a: Landorus|Stealth Rock|p2a: Ferrothorn\n|-sidestart|p2: Rubyblood Ladding|move: Stealth Rock\n|move|p2a: Ferrothorn|Leech Seed|p1a: Landorus\n|-start|p1a: Landorus|move: Leech Seed\n|\n|-heal|p2a: Ferrothorn|275\/352|[from] item: Leftovers\n|-damage|p1a: Landorus|334\/381|[from] Leech Seed|[of] p2a: Ferrothorn\n|-heal|p2a: Ferrothorn|322\/352|[silent]\n|upkeep\n|turn|17\n|c|\u2606Candice|hahahaa\n|c|\u2606Candice|j'ai faillit rester sur Gren\n|c|\u2606Candice|donc tu as bien jou\u00e9\n|c|\u2606Rubyblood Ladding|de toute fa\u00e7on je voulais pas les pdr sur le terrain \u00e0 ce moment aha\n|choice|switch 2|move gyroball\n|\n|switch|p1a: Magearna|Magearna|364\/364\n|-damage|p1a: Magearna|342\/364|[from] Stealth Rock\n|move|p2a: Ferrothorn|Gyro Ball|p1a: Magearna\n|-damage|p1a: Magearna|287\/364\n|\n|-heal|p2a: Ferrothorn|344\/352|[from] item: Leftovers\n|upkeep\n|turn|18\n|choice|move hiddenpower|move leechseed\n|\n|move|p1a: Magearna|Hidden Power|p2a: Ferrothorn\n|-supereffective|p2a: Ferrothorn\n|-damage|p2a: Ferrothorn|108\/352\n|move|p2a: Ferrothorn|Leech Seed|p1a: Magearna|[miss]\n|-miss|p2a: Ferrothorn|p1a: Magearna\n|\n|-heal|p2a: Ferrothorn|130\/352|[from] item: Leftovers\n|upkeep\n|turn|19\n|c|\u2606Candice|oops\n|choice|move fleurcannon|move protect\n|\n|move|p2a: Ferrothorn|Protect|p2a: Ferrothorn\n|-singleturn|p2a: Ferrothorn|Protect\n|move|p1a: Magearna|Fleur Cannon|p2a: Ferrothorn\n|-activate|p2a: Ferrothorn|move: Protect\n|\n|-heal|p2a: Ferrothorn|152\/352|[from] item: Leftovers\n|upkeep\n|turn|20\n|c|\u2606Rubyblood Ladding|tqt\n|choice|move fleurcannon|switch 4\n|\n|switch|p2a: Heatran|Heatran, M|323\/323\n|-damage|p2a: Heatran|283\/323|[from] Stealth Rock\n|move|p1a: Magearna|Fleur Cannon|p2a: Heatran\n|-resisted|p2a: Heatran\n|-damage|p2a: Heatran|226\/323\n|-unboost|p1a: Magearna|spa|2\n|\n|upkeep\n|turn|21\n|c|\u2606Candice|c'est r\u00e8s mal parti pour moi\n|c|\u2606Candice|haha\n|c|\u2606Candice|2 min\n|choice|switch 5|move solarbeam zmove\n|\n|switch|p1a: Keldeo|Keldeo|323\/323\n|-damage|p1a: Keldeo|303\/323|[from] Stealth Rock\n|-zpower|p2a: Heatran\n|move|p2a: Heatran|Bloom Doom|p1a: Keldeo|[zeffect]\n|-supereffective|p1a: Keldeo\n|-damage|p1a: Keldeo|0 fnt\n|faint|p1a: Keldeo\n|\n|upkeep\n|c|\u2606Rubyblood Ladding|jai missplay en laissant ferro je devais mettre tran direct aha\n|c|\u2606Rubyblood Ladding|outch\n|c|\u2606Candice|d\u00e9sol\u00e9 j'ai des clients :\/\n|c|\u2606Rubyblood Ladding|ah d'accord pas de soucis,prends le temps qu'il te faut\n|c|\u2606Candice|alalala\n|c|\u2606Candice|je dois me bouger pour le travail en plus haha\n|c|\u2606Candice|on fini ce match et apr\u00e8s on jouera plus tard dans l'aprem si tu veux\n|c|\u2606Candice|car j'ai envie de tester des teams aussi\n|choice|switch 2|\n|\n|switch|p1a: Landorus|Landorus-Therian, M|334\/381\n|-damage|p1a: Landorus|287\/381|[from] Stealth Rock\n|-ability|p1a: Landorus|Intimidate|boost\n|-unboost|p2a: Heatran|atk|1\n|turn|22\n|c|\u2606Candice|Mais le match est pli\u00e9 l\u00e0. depuis que j'ai perdu Zyg\n|c|\u2606Rubyblood Ladding|D'accord aha ,on se fera \u00e7a ^^\n|c|\u2606Candice|bien jou\u00e9 en tout cas !\n|c|\u2606Rubyblood Ladding|mh je sais pas\n|c|\u2606Rubyblood Ladding|merci !\n|c|\u2606Candice|je continue quand m\u00eame :p\n|c|\u2606Rubyblood Ladding|je joue aussi en fonction de toi,certains play que je ferais pas en ladd je t'avoue ^^\n|c|\u2606Rubyblood Ladding|bon je play aha\n|choice|move uturn|switch 5\n|\n|switch|p2a: Zapdos|Zapdos|383\/383\n|-damage|p2a: Zapdos|288\/383|[from] Stealth Rock\n|-ability|p2a: Zapdos|Pressure\n|move|p1a: Landorus|U-turn|p2a: Zapdos\n|-resisted|p2a: Zapdos\n|-damage|p2a: Zapdos|259\/383\n|c|\u2606Candice|Ouais je vais changer des trucs\n|c|\u2606Rubyblood Ladding|j'ai une team avec mawile aussi sinon aha\n|c|\u2606Candice|sur la team\n|c|\u2606Candice|j'ai du mal contre tran\n|c|\u2606Candice|C'est mon deuxi\u00e8me match avec celle l\u00e0 haha\n|c|\u2606Rubyblood Ladding|mantine le g\u00e9re hein\n|c|\u2606Candice|pas si il a taunt\n|choice|switch 3|\n|\n|switch|p1a: Mawile|Mawile, F|303\/303\n|-damage|p1a: Mawile|285\/303|[from] Stealth Rock\n|\n|-heal|p2a: Zapdos|282\/383|[from] item: Leftovers\n|upkeep\n|turn|23\n|c|\u2606Rubyblood Ladding|ah oui c'est r\u00e9cent donc faut que tu t'y habitues ^^\n|choice|move playrough mega|move thunderbolt\n|\n|detailschange|p1a: Mawile|Mawile-Mega, F\n|-mega|p1a: Mawile|Mawile|Mawilite\n|move|p2a: Zapdos|Thunderbolt|p1a: Mawile\n|-damage|p1a: Mawile|156\/303\n|move|p1a: Mawile|Play Rough|p2a: Zapdos\n|-damage|p2a: Zapdos|38\/383\n|\n|-heal|p2a: Zapdos|61\/383|[from] item: Leftovers\n|upkeep\n|turn|24\n|choice|move suckerpunch|move roost\n|\n|move|p1a: Mawile|Sucker Punch|p2a: Zapdos|[still]\n|-fail|p1a: Mawile\n|move|p2a: Zapdos|Roost|p2a: Zapdos\n|-heal|p2a: Zapdos|253\/383\n|\n|-heal|p2a: Zapdos|276\/383|[from] item: Leftovers\n|upkeep\n|turn|25\n|choice|move playrough|switch 4\n|\n|switch|p2a: Ferrothorn|Ferrothorn, M|152\/352\n|-damage|p2a: Ferrothorn|130\/352|[from] Stealth Rock\n|move|p1a: Mawile|Play Rough|p2a: Ferrothorn\n|-resisted|p2a: Ferrothorn\n|-damage|p2a: Ferrothorn|19\/352\n|-damage|p1a: Mawile|119\/303|[from] ability: Iron Barbs|[of] p2a: Ferrothorn\n|-unboost|p2a: Ferrothorn|atk|1\n|\n|-heal|p2a: Ferrothorn|41\/352|[from] item: Leftovers\n|upkeep\n|turn|26\n|choice|move playrough|move leechseed\n|\n|move|p1a: Mawile|Play Rough|p2a: Ferrothorn\n|-resisted|p2a: Ferrothorn\n|-damage|p2a: Ferrothorn|0 fnt\n|-damage|p1a: Mawile|82\/303|[from] ability: Iron Barbs|[of] p2a: Ferrothorn\n|faint|p2a: Ferrothorn\n|\n|upkeep\n|choice||switch 2\n|\n|switch|p2a: Zygarde|Zygarde|417\/417\n|-damage|p2a: Zygarde|391\/417|[from] Stealth Rock\n|-ability|p2a: Zygarde|Aura Break\n|turn|27\n|c|\u2606Candice|bon allez je fais n'importe quoi haha\n|c|\u2606Rubyblood Ladding|non tqt\n|choice|switch 3|move thousandarrows\n|\n|switch|p1a: Landorus|Landorus-Therian, M|287\/381\n|-damage|p1a: Landorus|240\/381|[from] Stealth Rock\n|-ability|p1a: Landorus|Intimidate|boost\n|-unboost|p2a: Zygarde|atk|1\n|move|p2a: Zygarde|Thousand Arrows|p1a: Landorus\n|-damage|p1a: Landorus|183\/381\n|-start|p1a: Landorus|Smack Down\n|\n|-heal|p2a: Zygarde|417\/417|[from] item: Leftovers\n|upkeep\n|turn|28\n|choice|move uturn|switch 6\n|\n|switch|p2a: Greninja|Greninja, M|285\/285\n|-damage|p2a: Greninja|250\/285|[from] Stealth Rock\n|move|p1a: Landorus|U-turn|p2a: Greninja\n|-supereffective|p2a: Greninja\n|-damage|p2a: Greninja|52\/285\n|choice|switch 4|\n|\n|switch|p1a: Mantine|Mantine, M|373\/373\n|-damage|p1a: Mantine|280\/373|[from] Stealth Rock\n|\n|-heal|p1a: Mantine|303\/373|[from] item: Leftovers\n|upkeep\n|turn|29\n|c|\u2606Candice|zap me fait trop mal\n|c|\u2606Rubyblood Ladding|c'est bien vrai\n|j|LLiolae\n|c|\u2606Rubyblood Ladding|il te faudrait un truc qui le g\u00e9re du coup\n|choice|move defog|move darkpulse\n|\n|move|p2a: Greninja|Dark Pulse|p1a: Mantine\n|-damage|p1a: Mantine|161\/373\n|move|p1a: Mantine|Defog|p2a: Greninja\n|-unboost|p2a: Greninja|evasion|1\n|-sideend|p2: Rubyblood Ladding|Stealth Rock|[from] move: Defog|[of] p2a: Greninja\n|-sideend|p1: Candice|Stealth Rock|[from] move: Defog|[of] p1a: Mantine\n|\n|-heal|p1a: Mantine|184\/373|[from] item: Leftovers\n|upkeep\n|turn|30\n|c|\u2606Rubyblood Ladding|pq j'ai pinsir ?\n|choice|move roost|switch 4\n|\n|switch|p2a: Zapdos|Zapdos|276\/383\n|-ability|p2a: Zapdos|Pressure\n|move|p1a: Mantine|Roost|p1a: Mantine\n|-heal|p1a: Mantine|371\/373\n|\n|-heal|p2a: Zapdos|299\/383|[from] item: Leftovers\n|-heal|p1a: Mantine|373\/373|[from] item: Leftovers\n|upkeep\n|turn|31\n|choice|move toxic|switch 6\n|\n|switch|p2a: Zygarde|Zygarde|417\/417\n|-ability|p2a: Zygarde|Aura Break\n|move|p1a: Mantine|Toxic|p2a: Zygarde\n|-status|p2a: Zygarde|tox\n|\n|-damage|p2a: Zygarde|391\/417 tox|[from] psn\n|upkeep\n|turn|32\n|choice|move scald|move toxic\n|\n|move|p2a: Zygarde|Toxic|p1a: Mantine\n|-status|p1a: Mantine|tox\n|move|p1a: Mantine|Scald|p2a: Zygarde\n|-damage|p2a: Zygarde|331\/417 tox\n|\n|-heal|p2a: Zygarde|357\/417 tox|[from] item: Leftovers\n|-damage|p2a: Zygarde|305\/417 tox|[from] psn\n|-damage|p1a: Mantine|350\/373 tox|[from] psn\n|upkeep\n|turn|33\n|choice|move toxic|move thousandarrows\n|\n|move|p2a: Zygarde|Thousand Arrows|p1a: Mantine\n|-damage|p1a: Mantine|248\/373 tox\n|-start|p1a: Mantine|Smack Down\n|move|p1a: Mantine|Toxic|p2a: Zygarde\n|-fail|p2a: Zygarde|tox\n|\n|-heal|p2a: Zygarde|331\/417 tox|[from] item: Leftovers\n|-heal|p1a: Mantine|271\/373 tox|[from] item: Leftovers\n|-damage|p2a: Zygarde|253\/417 tox|[from] psn\n|-damage|p1a: Mantine|225\/373 tox|[from] psn\n|upkeep\n|turn|34\n|choice|move roost|move thousandarrows\n|\n|move|p2a: Zygarde|Thousand Arrows|p1a: Mantine\n|-damage|p1a: Mantine|128\/373 tox\n|move|p1a: Mantine|Roost|p1a: Mantine\n|-heal|p1a: Mantine|315\/373 tox\n|\n|-heal|p2a: Zygarde|279\/417 tox|[from] item: Leftovers\n|-heal|p1a: Mantine|338\/373 tox|[from] item: Leftovers\n|-damage|p2a: Zygarde|175\/417 tox|[from] psn\n|-damage|p1a: Mantine|269\/373 tox|[from] psn\n|upkeep\n|turn|35\n|choice|switch 4|switch 6\n|\n|switch|p2a: Zapdos|Zapdos|299\/383\n|-ability|p2a: Zapdos|Pressure\n|switch|p1a: Landorus|Landorus-Therian, M|183\/381\n|-ability|p1a: Landorus|Intimidate|boost\n|-unboost|p2a: Zapdos|atk|1\n|\n|-heal|p2a: Zapdos|322\/383|[from] item: Leftovers\n|upkeep\n|turn|36\n|choice|switch 5|move thunderbolt\n|\n|switch|p1a: Magearna|Magearna|287\/364\n|move|p2a: Zapdos|Thunderbolt|p1a: Magearna\n|-damage|p1a: Magearna|172\/364\n|-status|p1a: Magearna|par\n|\n|-heal|p2a: Zapdos|345\/383|[from] item: Leftovers\n|upkeep\n|turn|37\n|c|\u2606Rubyblood Ladding|sry :\/\n|c|\u2606Candice|pas grave haha\n|c|\u2606Candice|gg :p\n|c|\u2606Rubyblood Ladding|gg :)\n|choice|move fleurcannon zmove|move thunderbolt\n|\n|move|p2a: Zapdos|Thunderbolt|p1a: Magearna\n|-damage|p1a: Magearna|63\/364 par\n|-zpower|p1a: Magearna\n|move|p1a: Magearna|Twinkle Tackle|p2a: Zapdos|[zeffect]\n|-damage|p2a: Zapdos|0 fnt\n|faint|p2a: Zapdos\n|-ability|p1a: Magearna|Soul-Heart|boost\n|-boost|p1a: Magearna|spa|1\n|\n|upkeep\n|choice||switch 6\n|\n|switch|p2a: Zygarde|Zygarde|175\/417 tox\n|-ability|p2a: Zygarde|Aura Break\n|turn|38\n|choice|move trickroom|move thousandarrows\n|\n|move|p2a: Zygarde|Thousand Arrows|p1a: Magearna\n|-supereffective|p1a: Magearna\n|-damage|p1a: Magearna|0 fnt\n|faint|p1a: Magearna\n|\n|-heal|p2a: Zygarde|201\/417 tox|[from] item: Leftovers\n|-damage|p2a: Zygarde|175\/417 tox|[from] psn\n|upkeep\n|choice|switch 5|\n|\n|switch|p1a: Landorus|Landorus-Therian, M|183\/381\n|-ability|p1a: Landorus|Intimidate|boost\n|-unboost|p2a: Zygarde|atk|1\n|turn|39\n|choice|switch 4|switch 4\n|\n|switch|p2a: Greninja|Greninja, M|52\/285\n|switch|p1a: Mantine|Mantine, M|269\/373 tox\n|\n|-heal|p1a: Mantine|292\/373 tox|[from] item: Leftovers\n|-damage|p1a: Mantine|269\/373 tox|[from] psn\n|upkeep\n|turn|40\n|choice|move roost|move darkpulse\n|\n|move|p2a: Greninja|Dark Pulse|p1a: Mantine\n|-damage|p1a: Mantine|124\/373 tox\n|cant|p1a: Mantine|flinch\n|\n|-heal|p1a: Mantine|147\/373 tox|[from] item: Leftovers\n|-damage|p1a: Mantine|101\/373 tox|[from] psn\n|upkeep\n|turn|41\n|c|\u2606Candice|:D\n|c|\u2606Rubyblood Ladding|le haxx \u00e9tait en ma faveur tout de m\u00eame :\/\n|choice|move roost|move darkpulse\n|\n|move|p2a: Greninja|Dark Pulse|p1a: Mantine\n|-damage|p1a: Mantine|0 fnt\n|faint|p1a: Mantine\n|-activate|p2a: Greninja|ability: Battle Bond\n|detailschange|p2a: Greninja|Greninja-Ash, M\n|\n|upkeep\n|choice|switch 3|\n|\n|switch|p1a: Mawile|Mawile-Mega, F|82\/303\n|turn|42\n|choice|move thunderpunch|move darkpulse\n|\n|move|p2a: Greninja|Dark Pulse|p1a: Mawile\n|-resisted|p1a: Mawile\n|-crit|p1a: Mawile\n|-damage|p1a: Mawile|0 fnt\n|faint|p1a: Mawile\n|\n|upkeep\n|choice|switch 4|\n|\n|switch|p1a: Landorus|Landorus-Therian, M|183\/381\n|-ability|p1a: Landorus|Intimidate|boost\n|-unboost|p2a: Greninja|atk|1\n|turn|43\n|-message|Candice forfeited.\n|\n|win|Rubyblood Ladding\n|l|Candice","inputlog":null,"uploadtime":1490439812,"views":8,"p1id":"candice","p2id":"rubybloodladding","formatid":"gen7ou","rating":0,"private":0,"password":null}