{"id":"gen7ou-1302002538","p1":"HAWT OR NOT","p2":"cump2","format":"gen7ou","log":"|j|\u2606HAWT OR NOT\n|j|\u2606cump2\n|t:|1615831081\n|player|p1|HAWT OR NOT|argenta|1100\n|player|p2|cump2|schoolkid-gen4dp|1106\n|teamsize|p1|6\n|teamsize|p2|6\n|gametype|singles\n|gen|7\n|tier|[Gen 7] OU\n|rated|\n|clearpoke\n|poke|p1|Charizard, F|item\n|poke|p1|Heliolisk, M|item\n|poke|p1|Victreebel, F|item\n|poke|p1|Lilligant, F|item\n|poke|p1|Ninetales, F|item\n|poke|p1|Torkoal, M|item\n|poke|p2|Charizard, F|item\n|poke|p2|Staraptor, F|item\n|poke|p2|Kommo-o, M|item\n|poke|p2|Serperior, F|item\n|poke|p2|Gliscor, M|item\n|poke|p2|Clefable, M|item\n|rule|Sleep Clause Mod: Limit one foe put to sleep\n|rule|Species Clause: Limit one of each Pok\u00e9mon\n|rule|OHKO Clause: OHKO moves are banned\n|rule|Moody Clause: Moody is banned\n|rule|Evasion Moves Clause: Evasion moves are banned\n|rule|Endless Battle Clause: Forcing endless battles is banned\n|rule|HP Percentage Mod: HP is shown in percentages\n|teampreview\n|inactive|Battle timer is ON: inactive players will automatically lose when time's up. (requested by HAWT OR NOT)\n|\n|t:|1615831088\n|start\n|switch|p1a: Halo|Heliolisk, M|100\/100\n|switch|p2a: Staraptor|Staraptor, F|100\/100\n|turn|1\n|\n|t:|1615831095\n|switch|p2a: Gliscor|Gliscor, M|100\/100\n|move|p1a: Halo|Volt Switch|p2a: Gliscor\n|-immune|p2a: Gliscor\n|\n|-status|p2a: Gliscor|tox|[from] item: Toxic Orb\n|upkeep\n|turn|2\n|\n|t:|1615831104\n|switch|p1a: Slow&Steady?|Torkoal, M|100\/100\n|-weather|SunnyDay|[from] ability: Drought|[of] p1a: Slow&Steady?\n|move|p2a: Gliscor|Toxic|p1a: Slow&Steady?\n|-status|p1a: Slow&Steady?|tox\n|\n|-weather|SunnyDay|[upkeep]\n|-damage|p1a: Slow&Steady?|94\/100 tox|[from] psn\n|upkeep\n|turn|3\n|\n|t:|1615831112\n|switch|p1a: LILY|Lilligant, F|100\/100\n|move|p2a: Gliscor|Earthquake|p1a: LILY\n|-resisted|p1a: LILY\n|-damage|p1a: LILY|76\/100\n|\n|-weather|SunnyDay|[upkeep]\n|upkeep\n|turn|4\n|\n|t:|1615831119\n|move|p1a: LILY|Quiver Dance|p1a: LILY\n|-boost|p1a: LILY|spa|1\n|-boost|p1a: LILY|spd|1\n|-boost|p1a: LILY|spe|1\n|move|p2a: Gliscor|Toxic|p1a: LILY\n|-status|p1a: LILY|tox\n|\n|-weather|SunnyDay|[upkeep]\n|-damage|p1a: LILY|70\/100 tox|[from] psn\n|upkeep\n|turn|5\n|\n|t:|1615831129\n|move|p1a: LILY|Quiver Dance|p1a: LILY\n|-boost|p1a: LILY|spa|1\n|-boost|p1a: LILY|spd|1\n|-boost|p1a: LILY|spe|1\n|move|p2a: Gliscor|Roost||[still]\n|-fail|p2a: Gliscor|heal\n|\n|-weather|SunnyDay|[upkeep]\n|-damage|p1a: LILY|58\/100 tox|[from] psn\n|upkeep\n|turn|6\n|\n|t:|1615831137\n|-zpower|p1a: LILY\n|move|p1a: LILY|Bloom Doom|p2a: Gliscor|[zeffect]\n|-damage|p2a: Gliscor|0 fnt\n|faint|p2a: Gliscor\n|\n|-weather|none\n|-damage|p1a: LILY|40\/100 tox|[from] psn\n|upkeep\n|\n|t:|1615831146\n|switch|p2a: Charizard|Charizard, F|100\/100\n|turn|7\n|\n|t:|1615831151\n|move|p1a: LILY|Hidden Power|p2a: Charizard\n|-supereffective|p2a: Charizard\n|-damage|p2a: Charizard|0 fnt\n|faint|p2a: Charizard\n|\n|-damage|p1a: LILY|15\/100 tox|[from] psn\n|upkeep\n|\n|t:|1615831160\n|switch|p2a: Clefable|Clefable, M|100\/100\n|turn|8\n|\n|t:|1615831163\n|move|p1a: LILY|Toxic|p2a: Clefable\n|-status|p2a: Clefable|tox\n|move|p2a: Clefable|Flamethrower|p1a: LILY\n|-supereffective|p1a: LILY\n|-damage|p1a: LILY|0 fnt\n|faint|p1a: LILY\n|\n|upkeep\n|\n|t:|1615831171\n|switch|p1a: PATATOES|Victreebel, F|100\/100\n|turn|9\n|\n|t:|1615831177\n|switch|p1a: Slow&Steady?|Torkoal, M|94\/100 tox\n|-weather|SunnyDay|[from] ability: Drought|[of] p1a: Slow&Steady?\n|switch|p2a: Staraptor|Staraptor, F|100\/100\n|\n|-weather|SunnyDay|[upkeep]\n|-damage|p1a: Slow&Steady?|88\/100 tox|[from] psn\n|upkeep\n|turn|10\n|\n|t:|1615831189\n|move|p2a: Staraptor|Brave Bird|p1a: Slow&Steady?\n|-damage|p1a: Slow&Steady?|12\/100 tox\n|-damage|p2a: Staraptor|73\/100|[from] Recoil\n|-enditem|p1a: Slow&Steady?|Eject Button\n|\n|t:|1615831196\n|switch|p1a: PATATOES|Victreebel, F|100\/100\n|\n|-weather|SunnyDay|[upkeep]\n|upkeep\n|turn|11\n|\n|t:|1615831207\n|move|p1a: PATATOES|Knock Off|p2a: Staraptor\n|-damage|p2a: Staraptor|12\/100\n|-enditem|p2a: Staraptor|Choice Band|[from] move: Knock Off|[of] p1a: PATATOES\n|-damage|p1a: PATATOES|91\/100|[from] item: Life Orb\n|move|p2a: Staraptor|Brave Bird|p1a: PATATOES\n|-supereffective|p1a: PATATOES\n|-damage|p1a: PATATOES|0 fnt\n|-damage|p2a: Staraptor|0 fnt|[from] Recoil\n|faint|p1a: PATATOES\n|faint|p2a: Staraptor\n|\n|-weather|SunnyDay|[upkeep]\n|upkeep\n|\n|t:|1615831220\n|switch|p2a: Kommo-o|Kommo-o, M|100\/100\n|switch|p1a: AM_I_DRAGON?|Charizard, F|100\/100\n|turn|12\n|\n|t:|1615831225\n|move|p1a: AM_I_DRAGON?|Air Slash|p2a: Kommo-o\n|-supereffective|p2a: Kommo-o\n|-damage|p2a: Kommo-o|0 fnt\n|faint|p2a: Kommo-o\n|\n|-weather|SunnyDay|[upkeep]\n|-damage|p1a: AM_I_DRAGON?|88\/100|[from] ability: Solar Power|[of] p1a: AM_I_DRAGON?\n|upkeep\n|\n|t:|1615831228\n|switch|p2a: Clefable|Clefable, M|100\/100 tox\n|turn|13\n|-message|cump2 forfeited.\n|\n|win|HAWT OR NOT\n|l|\u2606cump2\n|raw|HAWT OR NOT's rating: 1092 &rarr; <strong>1126<\/strong><br \/>(+34 for winning)\n|raw|cump2's rating: 1071 &rarr; <strong>1060<\/strong><br \/>(-11 for losing)\n||Ladder (probably) updated, but score could not be retrieved (Request timeout).\n","uploadtime":1615831240,"views":7,"p1id":"hawtornot","p2id":"cump2","formatid":"gen7ou","rating":1060,"private":0,"password":null}