{"id":"gen7ou-604712735","p1":"Pokefreak77","p2":"Capfoo","format":"gen7ou","log":"|j|Pokefreak77\n|j|Capfoo\n|player|p1|Pokefreak77|#zinnia\n|teamsize|p1|6\n|player|p2|Capfoo|281\n|teamsize|p2|6\n|gametype|singles\n|gen|7\n|tier|[Gen 7] OU\n|rated\n|seed|46768,19251,30691,39627\n|clearpoke\n|poke|p1|Scizor, M|item\n|poke|p1|Tapu Fini|item\n|poke|p1|Tyranitar, M|item\n|poke|p1|Heatran, M|item\n|poke|p1|Landorus-Therian, M|item\n|poke|p1|Kyurem-Black|item\n|poke|p2|Lopunny, F|item\n|poke|p2|Tapu Koko|item\n|poke|p2|Kartana|item\n|poke|p2|Gyarados, M|item\n|poke|p2|Chandelure, F|item\n|poke|p2|Azelf|item\n|rule|Sleep Clause Mod: Limit one foe put to sleep\n|rule|Species Clause: Limit one of each Pok\u00e9mon\n|rule|OHKO Clause: OHKO moves are banned\n|rule|Moody Clause: Moody is banned\n|rule|Evasion Moves Clause: Evasion moves are banned\n|rule|Endless Battle Clause: Forcing endless battles is banned\n|rule|HP Percentage Mod: HP is shown in percentages\n|teampreview\n|choice|team 3, team 2, team 1, team 4, team 5, team 6|team 6, team 2, team 3, team 4, team 5, team 1\n|\n|start\n|switch|p1a: Tyranitar|Tyranitar, M|341\/341\n|switch|p2a: Miles|Azelf|291\/291\n|-weather|Sandstorm|[from] ability: Sand Stream|[of] p1a: Tyranitar\n|turn|1\n|choice|move crunch|move stealthrock\n|\n|move|p2a: Miles|Stealth Rock|p1a: Tyranitar\n|-sidestart|p1: Pokefreak77|move: Stealth Rock\n|move|p1a: Tyranitar|Crunch|p2a: Miles\n|-supereffective|p2a: Miles\n|-damage|p2a: Miles|0 fnt\n|faint|p2a: Miles\n|\n|-weather|Sandstorm|[upkeep]\n|upkeep\n|choice||switch 6\n|\n|switch|p2a: Fearne|Lopunny, F|271\/271\n|turn|2\n|choice|switch 5|move retaliate mega\n|\n|switch|p1a: Landorus|Landorus-Therian, M|319\/319\n|-damage|p1a: Landorus|280\/319|[from] Stealth Rock\n|-ability|p1a: Landorus|Intimidate|boost\n|-unboost|p2a: Fearne|atk|1\n|detailschange|p2a: Fearne|Lopunny-Mega, F\n|-mega|p2a: Fearne|Lopunny|Lopunnite\n|move|p2a: Fearne|Retaliate|p1a: Landorus\n|-damage|p1a: Landorus|88\/319\n|\n|-weather|Sandstorm|[upkeep]\n|-damage|p2a: Fearne|255\/271|[from] sandstorm\n|upkeep\n|turn|3\n|choice|move fly zmove|move icepunch\n|\n|move|p2a: Fearne|Ice Punch|p1a: Landorus\n|-supereffective|p1a: Landorus\n|-damage|p1a: Landorus|0 fnt\n|faint|p1a: Landorus\n|\n|-weather|Sandstorm|[upkeep]\n|-damage|p2a: Fearne|239\/271|[from] sandstorm\n|upkeep\n|choice|switch 2|\n|\n|switch|p1a: Tapu Fini|Tapu Fini|344\/344\n|-damage|p1a: Tapu Fini|301\/344|[from] Stealth Rock\n|-fieldstart|move: Misty Terrain|[from] ability: Misty Surge|[of] p1a: Tapu Fini\n|turn|4\n|j|Cienec\n|choice|move naturesmadness|switch 2\n|\n|switch|p2a: Mo|Tapu Koko|281\/281\n|-fieldstart|move: Electric Terrain|[from] ability: Electric Surge|[of] p2a: Mo\n|move|p1a: Tapu Fini|Nature's Madness|p2a: Mo\n|-damage|p2a: Mo|141\/281\n|\n|-weather|Sandstorm|[upkeep]\n|-damage|p2a: Mo|124\/281|[from] sandstorm\n|-damage|p1a: Tapu Fini|280\/344|[from] sandstorm\n|-heal|p1a: Tapu Fini|301\/344|[from] item: Leftovers\n|upkeep\n|turn|5\n|choice|move moonblast|move thunderbolt\n|\n|move|p2a: Mo|Thunderbolt|p1a: Tapu Fini\n|-supereffective|p1a: Tapu Fini\n|-damage|p1a: Tapu Fini|11\/344\n|move|p1a: Tapu Fini|Moonblast|p2a: Mo\n|-damage|p2a: Mo|0 fnt\n|faint|p2a: Mo\n|\n|-weather|none\n|-heal|p1a: Tapu Fini|32\/344|[from] item: Leftovers\n|upkeep\n|choice||switch 2\n|\n|switch|p2a: Fearne|Lopunny-Mega, F|239\/271\n|turn|6\n|choice|move moonblast|move retaliate\n|\n|move|p2a: Fearne|Retaliate|p1a: Tapu Fini\n|-damage|p1a: Tapu Fini|0 fnt\n|faint|p1a: Tapu Fini\n|\n|upkeep\n|choice|switch 6|\n|\n|switch|p1a: Kyurem|Kyurem-Black|401\/401\n|-damage|p1a: Kyurem|301\/401|[from] Stealth Rock\n|-ability|p1a: Kyurem|Teravolt\n|turn|7\n|choice|move fusionbolt|move highjumpkick\n|\n|move|p1a: Kyurem|Fusion Bolt|p2a: Fearne\n|-damage|p2a: Fearne|18\/271\n|move|p2a: Fearne|High Jump Kick|p1a: Kyurem\n|-supereffective|p1a: Kyurem\n|-damage|p1a: Kyurem|0 fnt\n|faint|p1a: Kyurem\n|\n|upkeep\n|choice|switch 3|\n|\n|switch|p1a: Scizor|Scizor, M|344\/344\n|-damage|p1a: Scizor|301\/344|[from] Stealth Rock\n|turn|8\n|choice|move bulletpunch mega|switch 5\n|\n|switch|p2a: Lumiere|Chandelure, F|261\/261\n|detailschange|p1a: Scizor|Scizor-Mega, M\n|-mega|p1a: Scizor|Scizor|Scizorite\n|move|p1a: Scizor|Bullet Punch|p2a: Lumiere\n|-resisted|p2a: Lumiere\n|-crit|p2a: Lumiere\n|-damage|p2a: Lumiere|175\/261\n|\n|-fieldend|move: Electric Terrain\n|upkeep\n|turn|9\n|choice|move uturn|switch 4\n|\n|switch|p2a: Nemo|Gyarados, M|331\/331\n|move|p1a: Scizor|U-turn|p2a: Nemo\n|-resisted|p2a: Nemo\n|-damage|p2a: Nemo|262\/331\n|choice|switch 5|\n|\n|switch|p1a: Tyranitar|Tyranitar, M|341\/341\n|-damage|p1a: Tyranitar|299\/341|[from] Stealth Rock\n|-weather|Sandstorm|[from] ability: Sand Stream|[of] p1a: Tyranitar\n|\n|-weather|Sandstorm|[upkeep]\n|-damage|p2a: Nemo|242\/331|[from] sandstorm\n|upkeep\n|turn|10\n|choice|move crunch|switch 3\n|\n|switch|p2a: Kubo|Kartana|259\/259\n|move|p1a: Tyranitar|Crunch|p2a: Kubo\n|-damage|p2a: Kubo|72\/259\n|\n|-weather|Sandstorm|[upkeep]\n|upkeep\n|turn|11\n|choice|switch 5|move sacredsword\n|\n|switch|p1a: Scizor|Scizor-Mega, M|301\/344\n|-damage|p1a: Scizor|258\/344|[from] Stealth Rock\n|move|p2a: Kubo|Sacred Sword|p1a: Scizor\n|-damage|p1a: Scizor|169\/344\n|\n|-weather|Sandstorm|[upkeep]\n|upkeep\n|turn|12\n|choice|move roost|switch 4\n|\n|switch|p2a: Lumiere|Chandelure, F|175\/261\n|move|p1a: Scizor|Roost|p1a: Scizor\n|-heal|p1a: Scizor|341\/344\n|\n|-weather|Sandstorm|[upkeep]\n|-damage|p2a: Lumiere|159\/261|[from] sandstorm\n|upkeep\n|turn|13\n|choice|switch 4|move fireblast\n|\n|switch|p1a: Heatran|Heatran, M|384\/384\n|-damage|p1a: Heatran|336\/384|[from] Stealth Rock\n|move|p2a: Lumiere|Fire Blast|p1a: Heatran\n|-start|p1a: Heatran|ability: Flash Fire\n|\n|-weather|none\n|-heal|p1a: Heatran|360\/384|[from] item: Leftovers\n|upkeep\n|turn|14\n|choice|move substitute|switch 4\n|\n|switch|p2a: Kubo|Kartana|72\/259\n|move|p1a: Heatran|Substitute|p1a: Heatran\n|-start|p1a: Heatran|Substitute\n|-damage|p1a: Heatran|264\/384\n|\n|-heal|p1a: Heatran|288\/384|[from] item: Leftovers\n|upkeep\n|turn|15\n|choice|move earthpower|move sacredsword\n|\n|move|p2a: Kubo|Sacred Sword|p1a: Heatran\n|-supereffective|p1a: Heatran\n|-end|p1a: Heatran|Substitute\n|move|p1a: Heatran|Earth Power|p2a: Kubo\n|-damage|p2a: Kubo|0 fnt\n|faint|p2a: Kubo\n|\n|-heal|p1a: Heatran|312\/384|[from] item: Leftovers\n|upkeep\n|choice||switch 3\n|\n|switch|p2a: Nemo|Gyarados, M|242\/331\n|turn|16\n|choice|move magmastorm|move dragondance\n|\n|move|p2a: Nemo|Dragon Dance|p2a: Nemo\n|-boost|p2a: Nemo|atk|1\n|-boost|p2a: Nemo|spe|1\n|move|p1a: Heatran|Magma Storm|p2a: Nemo\n|-resisted|p2a: Nemo\n|-crit|p2a: Nemo\n|-damage|p2a: Nemo|68\/331\n|-activate|p2a: Nemo|move: Magma Storm|[of] p1a: Heatran\n|\n|-heal|p1a: Heatran|336\/384|[from] item: Leftovers\n|-damage|p2a: Nemo|27\/331|[from] move: Magma Storm|[partiallytrapped]\n|upkeep\n|turn|17\n|choice|move substitute|move earthquake\n|\n|move|p2a: Nemo|Earthquake|p1a: Heatran\n|-supereffective|p1a: Heatran\n|-damage|p1a: Heatran|0 fnt\n|faint|p1a: Heatran\n|-ability|p2a: Nemo|Moxie|boost\n|-boost|p2a: Nemo|atk|1\n|\n|upkeep\n|choice|switch 4|\n|\n|switch|p1a: Scizor|Scizor-Mega, M|341\/344\n|-damage|p1a: Scizor|298\/344|[from] Stealth Rock\n|turn|18\n|choice|move bulletpunch|move bounce zmove\n|\n|move|p1a: Scizor|Bullet Punch|p2a: Nemo\n|-resisted|p2a: Nemo\n|-crit|p2a: Nemo\n|-damage|p2a: Nemo|0 fnt\n|faint|p2a: Nemo\n|\n|upkeep\n|choice||switch 4\n|\n|switch|p2a: Lumiere|Chandelure, F|159\/261\n|turn|19\n|choice|switch 5|move fireblast\n|\n|switch|p1a: Tyranitar|Tyranitar, M|299\/341\n|-damage|p1a: Tyranitar|257\/341|[from] Stealth Rock\n|-weather|Sandstorm|[from] ability: Sand Stream|[of] p1a: Tyranitar\n|move|p2a: Lumiere|Fire Blast|p1a: Tyranitar\n|-resisted|p1a: Tyranitar\n|-crit|p1a: Tyranitar\n|-damage|p1a: Tyranitar|155\/341\n|\n|-weather|Sandstorm|[upkeep]\n|-damage|p2a: Lumiere|143\/261|[from] sandstorm\n|upkeep\n|turn|20\n|choice|move crunch|switch 5\n|\n|switch|p2a: Fearne|Lopunny-Mega, F|18\/271\n|move|p1a: Tyranitar|Crunch|p2a: Fearne\n|-resisted|p2a: Fearne\n|-damage|p2a: Fearne|0 fnt\n|faint|p2a: Fearne\n|\n|-weather|Sandstorm|[upkeep]\n|upkeep\n|choice||switch 5\n|\n|switch|p2a: Lumiere|Chandelure, F|143\/261\n|turn|21\n|choice|move crunch|move fireblast\n|\n|move|p2a: Lumiere|Fire Blast|p1a: Tyranitar\n|-resisted|p1a: Tyranitar\n|-damage|p1a: Tyranitar|83\/341\n|move|p1a: Tyranitar|Crunch|p2a: Lumiere\n|-supereffective|p2a: Lumiere\n|-damage|p2a: Lumiere|0 fnt\n|faint|p2a: Lumiere\n|\n|win|Pokefreak77\n|l|Capfoo\n|raw|Pokefreak77's rating: 1793 &rarr; <strong>1807<\/strong><br \/>(+14 for winning)\n|raw|Capfoo's rating: 1690 &rarr; <strong>1675<\/strong><br \/>(-15 for losing)","inputlog":null,"uploadtime":1500229575,"views":3,"p1id":"pokefreak77","p2id":"capfoo","formatid":"gen7ou","rating":1675,"private":0,"password":null}