{"id":"gen7ou-832983422","p1":"CarlyBae","p2":"Ewin ladders","format":"gen7ou","log":"|raw|<div class=\"broadcast-red\"><strong>This battle is invite-only!<\/strong><br \/>Users must be rank + or invited with <code>\/invite<\/code> to join<\/div>\n|j|\u2606CarlyBae\n|j|\u2606Ewin ladders\n|player|p1|CarlyBae|138\n|player|p2|Ewin ladders|92\n|teamsize|p1|6\n|teamsize|p2|6\n|gametype|singles\n|gen|7\n|tier|[Gen 7] OU\n|rated|\n|rule|Sleep Clause Mod: Limit one foe put to sleep\n|rule|Species Clause: Limit one of each Pok\u00e9mon\n|rule|OHKO Clause: OHKO moves are banned\n|rule|Moody Clause: Moody is banned\n|rule|Evasion Moves Clause: Evasion moves are banned\n|rule|Endless Battle Clause: Forcing endless battles is banned\n|rule|HP Percentage Mod: HP is shown in percentages\n|clearpoke\n|poke|p1|Lopunny, F|item\n|poke|p1|Hoopa-Unbound|item\n|poke|p1|Tangrowth, M|item\n|poke|p1|Heatran, F|item\n|poke|p1|Magearna|item\n|poke|p1|Landorus-Therian, M|item\n|poke|p2|Cresselia, F|item\n|poke|p2|Tapu Bulu|item\n|poke|p2|Marowak-Alola, M|item\n|poke|p2|Camerupt, F|item\n|poke|p2|Torkoal, M|item\n|poke|p2|Porygon2|item\n|teampreview\n|inactive|Battle timer is ON: inactive players will automatically lose when time's up. (requested by Ewin ladders)\n|\n|start\n|switch|p1a: Heatran|Heatran, F, shiny|100\/100\n|switch|p2a: Porygon2|Porygon2|100\/100\n|-ability|p2a: Porygon2|Flash Fire|[from] ability: Trace|[of] p1a: Heatran\n|turn|1\n|\n|move|p1a: Heatran|Taunt|p2a: Porygon2\n|-start|p2a: Porygon2|move: Taunt\n|cant|p2a: Porygon2|move: Taunt|Trick Room\n|\n|upkeep\n|turn|2\n|\n|move|p1a: Heatran|Stealth Rock|p2a: Porygon2\n|-sidestart|p2: Ewin ladders|move: Stealth Rock\n|move|p2a: Porygon2|Thunderbolt|p1a: Heatran\n|-damage|p1a: Heatran|77\/100\n|\n|upkeep\n|turn|3\n|\n|move|p1a: Heatran|Magma Storm|p2a: Porygon2\n|-start|p2a: Porygon2|ability: Flash Fire\n|move|p2a: Porygon2|Thunderbolt|p1a: Heatran\n|-damage|p1a: Heatran|53\/100\n|\n|-end|p2a: Porygon2|move: Taunt\n|upkeep\n|turn|4\n|\n|move|p1a: Heatran|Taunt|p2a: Porygon2\n|-start|p2a: Porygon2|move: Taunt\n|move|p2a: Porygon2|Ice Beam|p1a: Heatran\n|-resisted|p1a: Heatran\n|-damage|p1a: Heatran|48\/100\n|\n|upkeep\n|turn|5\n|\n|switch|p1a: Lopunny|Lopunny, F, shiny|100\/100\n|move|p2a: Porygon2|Ice Beam|p1a: Lopunny\n|-damage|p1a: Lopunny|74\/100\n|\n|upkeep\n|turn|6\n|\n|-end|p2a: Porygon2|ability: Flash Fire|[silent]\n|switch|p2a: Cresselia|Cresselia, F|100\/100\n|-damage|p2a: Cresselia|88\/100|[from] Stealth Rock\n|detailschange|p1a: Lopunny|Lopunny-Mega, F, shiny\n|-mega|p1a: Lopunny|Lopunny|Lopunnite\n|move|p1a: Lopunny|High Jump Kick|p2a: Cresselia\n|-resisted|p2a: Cresselia\n|-damage|p2a: Cresselia|72\/100\n|\n|upkeep\n|turn|7\n|\n|move|p1a: Lopunny|Frustration|p2a: Cresselia\n|-damage|p2a: Cresselia|45\/100\n|move|p2a: Cresselia|Trick Room|p2a: Cresselia\n|-fieldstart|move: Trick Room|[of] p2a: Cresselia\n|\n|upkeep\n|turn|8\n|\n|move|p2a: Cresselia|Moonlight|p2a: Cresselia\n|-heal|p2a: Cresselia|95\/100\n|move|p1a: Lopunny|Copycat|p1a: Lopunny\n|move|p1a: Lopunny|Moonlight|p1a: Lopunny|[from]Copycat\n|-heal|p1a: Lopunny|100\/100\n|\n|upkeep\n|turn|9\n|\n|switch|p2a: Marowak|Marowak-Alola, M|100\/100\n|-damage|p2a: Marowak|76\/100|[from] Stealth Rock\n|move|p1a: Lopunny|Frustration|p2a: Marowak\n|-damage|p2a: Marowak|21\/100\n|\n|upkeep\n|turn|10\n|\n|switch|p1a: Heatran|Heatran, F, shiny|48\/100\n|move|p2a: Marowak|Flare Blitz|p1a: Heatran\n|-start|p1a: Heatran|ability: Flash Fire\n|\n|upkeep\n|turn|11\n|\n|-end|p1a: Heatran|ability: Flash Fire|[silent]\n|switch|p1a: Lopunny|Lopunny-Mega, F, shiny|100\/100\n|move|p2a: Marowak|Shadow Bone|p1a: Lopunny\n|-immune|p1a: Lopunny|[msg]\n|\n|-fieldend|move: Trick Room\n|upkeep\n|turn|12\n|\n|move|p1a: Lopunny|Frustration|p2a: Marowak\n|-damage|p2a: Marowak|0 fnt\n|faint|p2a: Marowak\n|\n|upkeep\n|\n|switch|p2a: Tapu Bulu|Tapu Bulu|100\/100\n|-damage|p2a: Tapu Bulu|88\/100|[from] Stealth Rock\n|-fieldstart|move: Grassy Terrain|[from] ability: Grassy Surge|[of] p2a: Tapu Bulu\n|turn|13\n|\n|switch|p1a: Tangrowth|Tangrowth, M, shiny|100\/100\n|move|p2a: Tapu Bulu|Swords Dance|p2a: Tapu Bulu\n|-boost|p2a: Tapu Bulu|atk|2\n|\n|-heal|p2a: Tapu Bulu|94\/100|[from] Grassy Terrain\n|upkeep\n|turn|14\n|\n|move|p2a: Tapu Bulu|Swords Dance|p2a: Tapu Bulu\n|-boost|p2a: Tapu Bulu|atk|2\n|move|p1a: Tangrowth|Hidden Power|p2a: Tapu Bulu\n|-supereffective|p2a: Tapu Bulu\n|-damage|p2a: Tapu Bulu|61\/100\n|\n|-heal|p2a: Tapu Bulu|67\/100|[from] Grassy Terrain\n|upkeep\n|turn|15\n|\n|-zpower|p2a: Tapu Bulu\n|move|p2a: Tapu Bulu|Continental Crush|p1a: Tangrowth|[zeffect]\n|-damage|p1a: Tangrowth|0 fnt\n|faint|p1a: Tangrowth\n|\n|-heal|p2a: Tapu Bulu|73\/100|[from] Grassy Terrain\n|upkeep\n|\n|switch|p1a: Heatran|Heatran, F, shiny|48\/100\n|turn|16\n|\n|-zpower|p1a: Heatran\n|move|p1a: Heatran|Inferno Overdrive|p2a: Tapu Bulu|[zeffect]\n|-supereffective|p2a: Tapu Bulu\n|-damage|p2a: Tapu Bulu|0 fnt\n|faint|p2a: Tapu Bulu\n|\n|-heal|p1a: Heatran|54\/100|[from] Grassy Terrain\n|upkeep\n|\n|switch|p2a: Porygon2|Porygon2|100\/100\n|-damage|p2a: Porygon2|88\/100|[from] Stealth Rock\n|-ability|p2a: Porygon2|Flash Fire|[from] ability: Trace|[of] p1a: Heatran\n|turn|17\n|\n|move|p1a: Heatran|Taunt|p2a: Porygon2\n|-start|p2a: Porygon2|move: Taunt\n|move|p2a: Porygon2|Thunderbolt|p1a: Heatran\n|-damage|p1a: Heatran|31\/100\n|\n|-heal|p1a: Heatran|37\/100|[from] Grassy Terrain\n|-heal|p2a: Porygon2|94\/100|[from] Grassy Terrain\n|-fieldend|move: Grassy Terrain\n|upkeep\n|turn|18\n|\n|switch|p1a: Lopunny|Lopunny-Mega, F, shiny|100\/100\n|move|p2a: Porygon2|Thunderbolt|p1a: Lopunny\n|-damage|p1a: Lopunny|71\/100\n|\n|upkeep\n|turn|19\n|\n|switch|p1a: Hoopa|Hoopa-Unbound|100\/100\n|switch|p2a: Cresselia|Cresselia, F|95\/100\n|-damage|p2a: Cresselia|82\/100|[from] Stealth Rock\n|\n|upkeep\n|turn|20\n|\n|switch|p2a: Torkoal|Torkoal, M|100\/100\n|-damage|p2a: Torkoal|76\/100|[from] Stealth Rock\n|-weather|SunnyDay|[from] ability: Drought|[of] p2a: Torkoal\n|move|p1a: Hoopa|Hyperspace Fury|p2a: Torkoal\n|-damage|p2a: Torkoal|6\/100\n|-unboost|p1a: Hoopa|def|1\n|\n|-weather|SunnyDay|[upkeep]\n|upkeep\n|turn|21\n|\n|move|p1a: Hoopa|Hyperspace Fury|p2a: Torkoal\n|-crit|p2a: Torkoal\n|-damage|p2a: Torkoal|0 fnt\n|-unboost|p1a: Hoopa|def|1\n|faint|p2a: Torkoal\n|\n|-weather|SunnyDay|[upkeep]\n|upkeep\n|\n|switch|p2a: Porygon2|Porygon2|94\/100\n|-damage|p2a: Porygon2|82\/100|[from] Stealth Rock\n|-ability|p2a: Porygon2|Magician|[from] ability: Trace|[of] p1a: Hoopa\n|turn|22\n|\n|switch|p1a: Lopunny|Lopunny-Mega, F, shiny|71\/100\n|move|p2a: Porygon2|Trick Room|p2a: Porygon2\n|-fieldstart|move: Trick Room|[of] p2a: Porygon2\n|\n|-weather|SunnyDay|[upkeep]\n|upkeep\n|turn|23\n|\n|switch|p2a: Camerupt|Camerupt, F|100\/100\n|-damage|p2a: Camerupt|88\/100|[from] Stealth Rock\n|move|p1a: Lopunny|Copycat|p1a: Lopunny\n|move|p1a: Lopunny|Trick Room|p1a: Lopunny|[from]Copycat\n|-fieldend|move: Trick Room\n|\n|-weather|SunnyDay|[upkeep]\n|upkeep\n|turn|24\n|-message|Ewin ladders forfeited.\n|\n|win|CarlyBae\n|l|\u2606Ewin ladders\n|c|\u2606CarlyBae|\/log CarlyBae made this room public.\n","uploadtime":1541785739,"views":10,"p1id":"carlybae","p2id":"ewinladders","formatid":"gen7ou","rating":0,"private":0,"password":null}