{"id":"gen7uu-1696706269","p1":"ayevon","p2":"YouHurtYourWhat","format":"gen7uu","log":"|j|\u2606ayevon\n|j|\u2606YouHurtYourWhat\n|t:|1666919937\n|gametype|singles\n|player|p1|ayevon|170|\n|player|p2|YouHurtYourWhat|veteran|\n|teamsize|p1|6\n|teamsize|p2|6\n|gen|7\n|tier|[Gen 7] UU\n|rated|Tournament battle\n|rule|Sleep Clause Mod: Limit one foe put to sleep\n|rule|Species Clause: Limit one of each Pok\u00e9mon\n|rule|OHKO Clause: OHKO moves are banned\n|rule|Moody Clause: Moody is banned\n|rule|Evasion Items Clause: Evasion items are banned\n|rule|Evasion Moves Clause: Evasion moves are banned\n|rule|Endless Battle Clause: Forcing endless battles is banned\n|rule|HP Percentage Mod: HP is shown in percentages\n|clearpoke\n|poke|p1|Krookodile, F|item\n|poke|p1|Starmie|item\n|poke|p1|Togekiss, M|item\n|poke|p1|Manectric, M|item\n|poke|p1|Amoonguss, M|item\n|poke|p1|Scizor, M|item\n|poke|p2|Bisharp, F|item\n|poke|p2|Venomoth, F|item\n|poke|p2|Infernape, M|item\n|poke|p2|Suicune|item\n|poke|p2|Pidgeot, M|item\n|poke|p2|Scizor, F|item\n|teampreview\n|j| BB-8-NU\n|inactive|Battle timer is ON: inactive players will automatically lose when time's up. (requested by ayevon)\n|j| NoTollsNoRolls\n|j| zerkas\n|j| MavRott\n|j| FavMon=Garchomp\n|\n|t:|1666919958\n|start\n|switch|p1a: Manectric|Manectric, M|100\/100\n|switch|p2a: Suicune|Suicune|100\/100\n|-ability|p2a: Suicune|Pressure\n|turn|1\n|\n|t:|1666919965\n|detailschange|p1a: Manectric|Manectric-Mega, M\n|-mega|p1a: Manectric|Manectric|Manectite\n|-ability|p1a: Manectric|Intimidate|boost\n|-unboost|p2a: Suicune|atk|1\n|move|p1a: Manectric|Volt Switch|p2a: Suicune\n|-supereffective|p2a: Suicune\n|-damage|p2a: Suicune|46\/100\n|\n|t:|1666919973\n|switch|p1a: Starmie|Starmie|100\/100|[from]move: Volt Switch\n|move|p2a: Suicune|Calm Mind|p2a: Suicune\n|-boost|p2a: Suicune|spa|1\n|-boost|p2a: Suicune|spd|1\n|\n|-heal|p2a: Suicune|52\/100|[from] item: Leftovers\n|upkeep\n|turn|2\n|j| outd hello@!\n|\n|t:|1666919977\n|move|p1a: Starmie|Thunderbolt|p2a: Suicune\n|-supereffective|p2a: Suicune\n|-damage|p2a: Suicune|23\/100\n|move|p2a: Suicune|Rest|p2a: Suicune\n|-status|p2a: Suicune|slp|[from] move: Rest\n|-heal|p2a: Suicune|100\/100 slp|[silent]\n|\n|upkeep\n|turn|3\n|\n|t:|1666919982\n|switch|p1a: Amoonguss|Amoonguss, M|100\/100\n|cant|p2a: Suicune|slp\n|move|p2a: Suicune|Sleep Talk|p2a: Suicune\n|move|p2a: Suicune|Rest||[from]move: Sleep Talk|[still]\n|-fail|p2a: Suicune\n|\n|upkeep\n|turn|4\n|l| outd hello\n|\n|t:|1666919989\n|cant|p2a: Suicune|slp\n|move|p2a: Suicune|Sleep Talk|p2a: Suicune\n|move|p2a: Suicune|Calm Mind|p2a: Suicune|[from]move: Sleep Talk\n|-boost|p2a: Suicune|spa|1\n|-boost|p2a: Suicune|spd|1\n|move|p1a: Amoonguss|Clear Smog|p2a: Suicune\n|-crit|p2a: Suicune\n|-damage|p2a: Suicune|83\/100 slp\n|-clearboost|p2a: Suicune\n|\n|-heal|p2a: Suicune|89\/100 slp|[from] item: Leftovers\n|upkeep\n|turn|5\n|\n|t:|1666920011\n|switch|p2a: Pidgeot|Pidgeot, M|100\/100\n|move|p1a: Amoonguss|Giga Drain|p2a: Pidgeot\n|-resisted|p2a: Pidgeot\n|-damage|p2a: Pidgeot|84\/100\n|\n|upkeep\n|turn|6\n|c| zerkas|pov resttalk cune\n|\n|t:|1666920025\n|switch|p1a: Manectric|Manectric-Mega, M|100\/100\n|-ability|p1a: Manectric|Intimidate|boost\n|-unboost|p2a: Pidgeot|atk|1\n|detailschange|p2a: Pidgeot|Pidgeot-Mega, M\n|-mega|p2a: Pidgeot|Pidgeot|Pidgeotite\n|move|p2a: Pidgeot|Hurricane|p1a: Manectric\n|-resisted|p1a: Manectric\n|-damage|p1a: Manectric|57\/100\n|\n|upkeep\n|turn|7\n|\n|t:|1666920037\n|switch|p2a: Bisharp|Bisharp, F|100\/100\n|move|p1a: Manectric|Volt Switch|p2a: Bisharp\n|-damage|p2a: Bisharp|62\/100\n|\n|t:|1666920043\n|switch|p1a: Togekiss|Togekiss, M|100\/100|[from]move: Volt Switch\n|\n|upkeep\n|turn|8\n|\n|t:|1666920047\n|move|p1a: Togekiss|Aura Sphere|p2a: Bisharp\n|-supereffective|p2a: Bisharp\n|-damage|p2a: Bisharp|0 fnt\n|faint|p2a: Bisharp\n|\n|upkeep\n|\n|t:|1666920050\n|switch|p2a: Venomoth|Venomoth, F|100\/100\n|turn|9\n|\n|t:|1666920056\n|move|p2a: Venomoth|Quiver Dance|p2a: Venomoth\n|-boost|p2a: Venomoth|spa|1\n|-boost|p2a: Venomoth|spd|1\n|-boost|p2a: Venomoth|spe|1\n|move|p1a: Togekiss|Air Slash|p2a: Venomoth\n|-supereffective|p2a: Venomoth\n|-damage|p2a: Venomoth|42\/100\n|\n|upkeep\n|turn|10\n|\n|t:|1666920061\n|move|p2a: Venomoth|Sludge Bomb|p1a: Togekiss\n|-supereffective|p1a: Togekiss\n|-damage|p1a: Togekiss|8\/100\n|move|p1a: Togekiss|Air Slash|p2a: Venomoth\n|-supereffective|p2a: Venomoth\n|-damage|p2a: Venomoth|0 fnt\n|faint|p2a: Venomoth\n|\n|upkeep\n|\n|t:|1666920067\n|switch|p2a: Infernape|Infernape, M|100\/100\n|turn|11\n|\n|t:|1666920075\n|move|p2a: Infernape|Overheat|p1a: Togekiss\n|-damage|p1a: Togekiss|0 fnt\n|-unboost|p2a: Infernape|spa|2\n|faint|p1a: Togekiss\n|\n|upkeep\n|\n|t:|1666920081\n|switch|p1a: Krookodile|Krookodile, F|100\/100\n|-ability|p1a: Krookodile|Intimidate|boost\n|-unboost|p2a: Infernape|atk|1\n|turn|12\n|\n|t:|1666920084\n|switch|p2a: Suicune|Suicune|89\/100 slp\n|-ability|p2a: Suicune|Pressure\n|move|p1a: Krookodile|Stealth Rock|p2a: Suicune\n|-sidestart|p2: YouHurtYourWhat|move: Stealth Rock\n|\n|-heal|p2a: Suicune|95\/100 slp|[from] item: Leftovers\n|upkeep\n|turn|13\n|\n|t:|1666920090\n|switch|p1a: Amoonguss|Amoonguss, M|100\/100\n|-curestatus|p2a: Suicune|slp|[msg]\n|move|p2a: Suicune|Scald|p1a: Amoonguss\n|-resisted|p1a: Amoonguss\n|-damage|p1a: Amoonguss|89\/100\n|-status|p1a: Amoonguss|brn\n|\n|-heal|p2a: Suicune|100\/100|[from] item: Leftovers\n|-damage|p1a: Amoonguss|83\/100 brn|[from] brn\n|upkeep\n|turn|14\n|\n|t:|1666920096\n|move|p2a: Suicune|Calm Mind|p2a: Suicune\n|-boost|p2a: Suicune|spa|1\n|-boost|p2a: Suicune|spd|1\n|move|p1a: Amoonguss|Clear Smog|p2a: Suicune\n|-crit|p2a: Suicune\n|-damage|p2a: Suicune|82\/100\n|-clearboost|p2a: Suicune\n|\n|-heal|p2a: Suicune|89\/100|[from] item: Leftovers\n|-damage|p1a: Amoonguss|77\/100 brn|[from] brn\n|upkeep\n|turn|15\n|\n|t:|1666920099\n|move|p2a: Suicune|Scald|p1a: Amoonguss\n|-resisted|p1a: Amoonguss\n|-damage|p1a: Amoonguss|66\/100 brn\n|move|p1a: Amoonguss|Giga Drain|p2a: Suicune\n|-supereffective|p2a: Suicune\n|-damage|p2a: Suicune|54\/100\n|-heal|p1a: Amoonguss|82\/100 brn|[from] drain|[of] p2a: Suicune\n|\n|-heal|p2a: Suicune|61\/100|[from] item: Leftovers\n|-damage|p1a: Amoonguss|76\/100 brn|[from] brn\n|upkeep\n|turn|16\n|\n|t:|1666920104\n|move|p2a: Suicune|Calm Mind|p2a: Suicune\n|-boost|p2a: Suicune|spa|1\n|-boost|p2a: Suicune|spd|1\n|move|p1a: Amoonguss|Giga Drain|p2a: Suicune\n|-supereffective|p2a: Suicune\n|-damage|p2a: Suicune|35\/100\n|-heal|p1a: Amoonguss|88\/100 brn|[from] drain|[of] p2a: Suicune\n|\n|-heal|p2a: Suicune|42\/100|[from] item: Leftovers\n|-damage|p1a: Amoonguss|82\/100 brn|[from] brn\n|upkeep\n|turn|17\n|\n|t:|1666920107\n|move|p2a: Suicune|Rest|p2a: Suicune\n|-status|p2a: Suicune|slp|[from] move: Rest\n|-heal|p2a: Suicune|100\/100 slp|[silent]\n|move|p1a: Amoonguss|Clear Smog|p2a: Suicune\n|-damage|p2a: Suicune|92\/100 slp\n|-clearboost|p2a: Suicune\n|\n|-heal|p2a: Suicune|99\/100 slp|[from] item: Leftovers\n|-damage|p1a: Amoonguss|76\/100 brn|[from] brn\n|upkeep\n|turn|18\n|\n|t:|1666920111\n|cant|p2a: Suicune|slp\n|move|p2a: Suicune|Sleep Talk|p2a: Suicune\n|move|p2a: Suicune|Scald|p1a: Amoonguss|[from]move: Sleep Talk\n|-resisted|p1a: Amoonguss\n|-damage|p1a: Amoonguss|65\/100 brn\n|move|p1a: Amoonguss|Giga Drain|p2a: Suicune\n|-supereffective|p2a: Suicune\n|-damage|p2a: Suicune|64\/100 slp\n|-heal|p1a: Amoonguss|81\/100 brn|[from] drain|[of] p2a: Suicune\n|\n|-heal|p2a: Suicune|71\/100 slp|[from] item: Leftovers\n|-damage|p1a: Amoonguss|75\/100 brn|[from] brn\n|upkeep\n|turn|19\n|\n|t:|1666920118\n|cant|p2a: Suicune|slp\n|move|p2a: Suicune|Sleep Talk|p2a: Suicune\n|move|p2a: Suicune|Scald|p1a: Amoonguss|[from]move: Sleep Talk\n|-resisted|p1a: Amoonguss\n|-damage|p1a: Amoonguss|63\/100 brn\n|move|p1a: Amoonguss|Giga Drain|p2a: Suicune\n|-supereffective|p2a: Suicune\n|-damage|p2a: Suicune|38\/100 slp\n|-heal|p1a: Amoonguss|79\/100 brn|[from] drain|[of] p2a: Suicune\n|\n|-heal|p2a: Suicune|44\/100 slp|[from] item: Leftovers\n|-damage|p1a: Amoonguss|73\/100 brn|[from] brn\n|upkeep\n|turn|20\n|\n|t:|1666920123\n|-curestatus|p2a: Suicune|slp|[msg]\n|move|p2a: Suicune|Rest|p2a: Suicune\n|-status|p2a: Suicune|slp|[from] move: Rest\n|-heal|p2a: Suicune|100\/100 slp|[silent]\n|move|p1a: Amoonguss|Spore|p2a: Suicune\n|-fail|p2a: Suicune|slp\n|\n|-damage|p1a: Amoonguss|66\/100 brn|[from] brn\n|upkeep\n|turn|21\n|\n|t:|1666920129\n|switch|p1a: Starmie|Starmie|100\/100\n|cant|p2a: Suicune|slp\n|move|p2a: Suicune|Sleep Talk|p2a: Suicune\n|move|p2a: Suicune|Scald|p1a: Starmie|[from]move: Sleep Talk\n|-resisted|p1a: Starmie\n|-damage|p1a: Starmie|82\/100\n|-status|p1a: Starmie|brn\n|\n|-damage|p1a: Starmie|76\/100 brn|[from] brn\n|upkeep\n|turn|22\n|j| Bin2409\n|\n|t:|1666920133\n|switch|p1a: Amoonguss|Amoonguss, M|99\/100 brn\n|cant|p2a: Suicune|slp\n|move|p2a: Suicune|Sleep Talk|p2a: Suicune\n|move|p2a: Suicune|Calm Mind|p2a: Suicune|[from]move: Sleep Talk\n|-boost|p2a: Suicune|spa|1\n|-boost|p2a: Suicune|spd|1\n|\n|-damage|p1a: Amoonguss|94\/100 brn|[from] brn\n|upkeep\n|turn|23\n|\n|t:|1666920142\n|-curestatus|p2a: Suicune|slp|[msg]\n|move|p2a: Suicune|Scald|p1a: Amoonguss\n|-resisted|p1a: Amoonguss\n|-damage|p1a: Amoonguss|76\/100 brn\n|move|p1a: Amoonguss|Clear Smog|p2a: Suicune\n|-damage|p2a: Suicune|92\/100\n|-clearboost|p2a: Suicune\n|\n|-heal|p2a: Suicune|99\/100|[from] item: Leftovers\n|-damage|p1a: Amoonguss|70\/100 brn|[from] brn\n|upkeep\n|turn|24\n|\n|t:|1666920145\n|switch|p2a: Scizor|Scizor, F|100\/100\n|-damage|p2a: Scizor|88\/100|[from] Stealth Rock\n|move|p1a: Amoonguss|Spore|p2a: Scizor\n|-status|p2a: Scizor|slp|[from] move: Spore\n|\n|-damage|p1a: Amoonguss|64\/100 brn|[from] brn\n|upkeep\n|turn|25\n|\n|t:|1666920151\n|-activate|p1a: Amoonguss|move: Pursuit\n|cant|p2a: Scizor|slp\n|switch|p1a: Manectric|Manectric-Mega, M|57\/100\n|-ability|p1a: Manectric|Intimidate|boost\n|-unboost|p2a: Scizor|atk|1\n|\n|upkeep\n|turn|26\n|\n|t:|1666920157\n|switch|p2a: Infernape|Infernape, M|100\/100\n|-damage|p2a: Infernape|88\/100|[from] Stealth Rock\n|move|p1a: Manectric|Thunderbolt|p2a: Infernape\n|-damage|p2a: Infernape|17\/100\n|\n|upkeep\n|turn|27\n|\n|t:|1666920166\n|switch|p1a: Starmie|Starmie|76\/100 brn\n|move|p2a: Infernape|Vacuum Wave|p1a: Starmie\n|-resisted|p1a: Starmie\n|-damage|p1a: Starmie|63\/100 brn\n|\n|-damage|p1a: Starmie|57\/100 brn|[from] brn\n|upkeep\n|turn|28\n|\n|t:|1666920174\n|switch|p2a: Suicune|Suicune|99\/100\n|-damage|p2a: Suicune|86\/100|[from] Stealth Rock\n|-ability|p2a: Suicune|Pressure\n|move|p1a: Starmie|Thunderbolt|p2a: Suicune\n|-supereffective|p2a: Suicune\n|-damage|p2a: Suicune|32\/100\n|\n|-heal|p2a: Suicune|38\/100|[from] item: Leftovers\n|-damage|p1a: Starmie|51\/100 brn|[from] brn\n|upkeep\n|turn|29\n|l| zerkas\n|\n|t:|1666920180\n|move|p1a: Starmie|Thunderbolt|p2a: Suicune\n|-supereffective|p2a: Suicune\n|-damage|p2a: Suicune|1\/100\n|move|p2a: Suicune|Rest|p2a: Suicune\n|-status|p2a: Suicune|slp|[from] move: Rest\n|-heal|p2a: Suicune|100\/100 slp|[silent]\n|\n|-damage|p1a: Starmie|45\/100 brn|[from] brn\n|upkeep\n|turn|30\n|\n|t:|1666920187\n|move|p1a: Starmie|Thunderbolt|p2a: Suicune\n|-supereffective|p2a: Suicune\n|-damage|p2a: Suicune|61\/100 slp\n|cant|p2a: Suicune|slp\n|move|p2a: Suicune|Sleep Talk|p2a: Suicune\n|move|p2a: Suicune|Scald|p1a: Starmie|[from]move: Sleep Talk\n|-resisted|p1a: Starmie\n|-damage|p1a: Starmie|25\/100 brn\n|\n|-heal|p2a: Suicune|67\/100 slp|[from] item: Leftovers\n|-damage|p1a: Starmie|19\/100 brn|[from] brn\n|upkeep\n|turn|31\n|\n|t:|1666920196\n|move|p1a: Starmie|Thunderbolt|p2a: Suicune\n|-supereffective|p2a: Suicune\n|-damage|p2a: Suicune|28\/100 slp\n|cant|p2a: Suicune|slp\n|move|p2a: Suicune|Sleep Talk|p2a: Suicune\n|move|p2a: Suicune|Calm Mind|p2a: Suicune|[from]move: Sleep Talk\n|-boost|p2a: Suicune|spa|1\n|-boost|p2a: Suicune|spd|1\n|\n|-heal|p2a: Suicune|34\/100 slp|[from] item: Leftovers\n|-damage|p1a: Starmie|13\/100 brn|[from] brn\n|upkeep\n|turn|32\n|\n|t:|1666920201\n|switch|p1a: Amoonguss|Amoonguss, M|98\/100 brn\n|-curestatus|p2a: Suicune|slp|[msg]\n|move|p2a: Suicune|Rest|p2a: Suicune\n|-status|p2a: Suicune|slp|[from] move: Rest\n|-heal|p2a: Suicune|100\/100 slp|[silent]\n|\n|-damage|p1a: Amoonguss|92\/100 brn|[from] brn\n|upkeep\n|turn|33\n|\n|t:|1666920206\n|switch|p2a: Scizor|Scizor, F|88\/100 slp\n|-damage|p2a: Scizor|76\/100 slp|[from] Stealth Rock\n|move|p1a: Amoonguss|Clear Smog|p2a: Scizor\n|-immune|p2a: Scizor\n|\n|-damage|p1a: Amoonguss|86\/100 brn|[from] brn\n|upkeep\n|turn|34\n|\n|t:|1666920210\n|cant|p2a: Scizor|slp\n|move|p1a: Amoonguss|Hidden Power|p2a: Scizor\n|-supereffective|p2a: Scizor\n|-damage|p2a: Scizor|12\/100 slp\n|\n|-damage|p1a: Amoonguss|80\/100 brn|[from] brn\n|upkeep\n|turn|35\n|\n|t:|1666920214\n|cant|p2a: Scizor|slp\n|move|p1a: Amoonguss|Hidden Power|p2a: Scizor\n|-supereffective|p2a: Scizor\n|-damage|p2a: Scizor|0 fnt\n|faint|p2a: Scizor\n|\n|-damage|p1a: Amoonguss|73\/100 brn|[from] brn\n|upkeep\n|\n|t:|1666920217\n|switch|p2a: Infernape|Infernape, M|17\/100\n|-damage|p2a: Infernape|5\/100|[from] Stealth Rock\n|turn|36\n|\n|t:|1666920224\n|switch|p1a: Starmie|Starmie|13\/100 brn\n|move|p2a: Infernape|Nasty Plot|p2a: Infernape\n|-boost|p2a: Infernape|spa|2\n|\n|-damage|p1a: Starmie|7\/100 brn|[from] brn\n|upkeep\n|turn|37\n|\n|t:|1666920226\n|move|p2a: Infernape|Vacuum Wave|p1a: Starmie\n|-resisted|p1a: Starmie\n|-damage|p1a: Starmie|0 fnt\n|faint|p1a: Starmie\n|\n|upkeep\n|\n|t:|1666920228\n|switch|p1a: Scizor|Scizor, M|100\/100\n|turn|38\n|\n|t:|1666920232\n|move|p2a: Infernape|Vacuum Wave|p1a: Scizor\n|-damage|p1a: Scizor|53\/100\n|move|p1a: Scizor|U-turn|p2a: Infernape\n|-resisted|p2a: Infernape\n|-damage|p2a: Infernape|0 fnt\n|faint|p2a: Infernape\n|\n|t:|1666920235\n|switch|p1a: Manectric|Manectric-Mega, M|57\/100|[from]move: U-turn\n|\n|upkeep\n|\n|t:|1666920240\n|switch|p2a: Suicune|Suicune|100\/100 slp\n|-damage|p2a: Suicune|88\/100 slp|[from] Stealth Rock\n|-ability|p2a: Suicune|Pressure\n|turn|39\n|\n|t:|1666920243\n|move|p1a: Manectric|Thunderbolt|p2a: Suicune\n|-supereffective|p2a: Suicune\n|-damage|p2a: Suicune|11\/100 slp\n|cant|p2a: Suicune|slp\n|move|p2a: Suicune|Sleep Talk|p2a: Suicune\n|move|p2a: Suicune|Calm Mind|p2a: Suicune|[from]move: Sleep Talk\n|-boost|p2a: Suicune|spa|1\n|-boost|p2a: Suicune|spd|1\n|\n|-heal|p2a: Suicune|17\/100 slp|[from] item: Leftovers\n|upkeep\n|turn|40\n|c|\u2606ayevon|gg\n|\n|t:|1666920250\n|move|p1a: Manectric|Thunderbolt|p2a: Suicune\n|-supereffective|p2a: Suicune\n|-damage|p2a: Suicune|0 fnt\n|faint|p2a: Suicune\n|\n|upkeep\n|\n|t:|1666920252\n|switch|p2a: Pidgeot|Pidgeot-Mega, M|84\/100\n|-damage|p2a: Pidgeot|59\/100|[from] Stealth Rock\n|turn|41\n|\n|t:|1666920256\n|move|p1a: Manectric|Thunderbolt|p2a: Pidgeot\n|-supereffective|p2a: Pidgeot\n|-damage|p2a: Pidgeot|0 fnt\n|faint|p2a: Pidgeot\n|\n|win|ayevon\n|n|\u2606ayevon|ayevon\n|n|\u2606YouHurtYourWhat|youhurtyourwhat\n|n| BB-8-NU|bb8nu\n|n| NoTollsNoRolls|notollsnorolls\n|n| MavRott|mavrott\n|n| FavMon=Garchomp|favmongarchomp\n|n| Bin2409|bin2409\n","uploadtime":1666920257,"views":4,"p1id":"ayevon","p2id":"youhurtyourwhat","formatid":"gen7uu","rating":0,"private":0,"password":null}