{"id":"gen7ou-1007357990","p1":"ArcticBreezeX","p2":"hauntersnightmare","format":"gen7ou","log":"|j|\u2606ArcticBreezeX\n|j|\u2606hauntersnightmare\n|player|p1|ArcticBreezeX|101|1321\n|player|p2|hauntersnightmare|170|1375\n|teamsize|p1|6\n|teamsize|p2|6\n|gametype|singles\n|gen|7\n|tier|[Gen 7] OU\n|rated|\n|rule|Sleep Clause Mod: Limit one foe put to sleep\n|rule|Species Clause: Limit one of each Pok\u00e9mon\n|rule|OHKO Clause: OHKO moves are banned\n|rule|Moody Clause: Moody is banned\n|rule|Evasion Moves Clause: Evasion moves are banned\n|rule|Endless Battle Clause: Forcing endless battles is banned\n|rule|HP Percentage Mod: HP is shown in percentages\n|clearpoke\n|poke|p1|Golisopod, M|item\n|poke|p1|Medicham, M|item\n|poke|p1|Tapu Fini|item\n|poke|p1|Landorus-Therian, M|item\n|poke|p1|Heatran, F|item\n|poke|p1|Kartana|item\n|poke|p2|Mawile, F|item\n|poke|p2|Greninja, M|item\n|poke|p2|Ferrothorn, F|item\n|poke|p2|Slowbro, F|item\n|poke|p2|Gliscor, M|item\n|poke|p2|Heatran, M|item\n|teampreview\n|c|\u2606ArcticBreezeX|hf\n|c|\u2606hauntersnightmare|u2\n|inactive|Battle timer is ON: inactive players will automatically lose when time's up. (requested by hauntersnightmare)\n|\n|start\n|switch|p1a: Medicham|Medicham, M|100\/100\n|switch|p2a: Mawile|Mawile, F|100\/100\n|-ability|p2a: Mawile|Intimidate|boost\n|-unboost|p1a: Medicham|atk|1\n|turn|1\n|\n|switch|p2a: Slowbro|Slowbro, F|100\/100\n|detailschange|p1a: Medicham|Medicham-Mega, M\n|-mega|p1a: Medicham|Medicham|Medichamite\n|move|p1a: Medicham|Fake Out|p2a: Slowbro\n|-damage|p2a: Slowbro|90\/100\n|\n|upkeep\n|turn|2\n|\n|switch|p1a: Tapu Fini|Tapu Fini|100\/100\n|-fieldstart|move: Misty Terrain|[from] ability: Misty Surge|[of] p1a: Tapu Fini\n|move|p2a: Slowbro|Counter||[still]\n|-fail|p2a: Slowbro\n|\n|upkeep\n|turn|3\n|\n|switch|p2a: Ferrothorn|Ferrothorn, F|100\/100\n|move|p1a: Tapu Fini|Nature's Madness|p2a: Ferrothorn\n|-damage|p2a: Ferrothorn|50\/100\n|\n|-heal|p2a: Ferrothorn|57\/100|[from] item: Leftovers\n|upkeep\n|turn|4\n|\n|switch|p1a: Kartana|Kartana|100\/100\n|move|p2a: Ferrothorn|Leech Seed|p1a: Kartana\n|-immune|p1a: Kartana\n|\n|-heal|p2a: Ferrothorn|63\/100|[from] item: Leftovers\n|upkeep\n|turn|5\n|\n|move|p1a: Kartana|Swords Dance|p1a: Kartana\n|-boost|p1a: Kartana|atk|2\n|move|p2a: Ferrothorn|Spikes|p1a: Kartana\n|-sidestart|p1: ArcticBreezeX|Spikes\n|\n|-heal|p2a: Ferrothorn|69\/100|[from] item: Leftovers\n|upkeep\n|turn|6\n|\n|switch|p2a: Mawile|Mawile, F|100\/100\n|-ability|p2a: Mawile|Intimidate|boost\n|-unboost|p1a: Kartana|atk|1\n|move|p1a: Kartana|Sacred Sword|p2a: Mawile\n|-damage|p2a: Mawile|9\/100\n|\n|-fieldend|Misty Terrain\n|upkeep\n|turn|7\n|\n|switch|p1a: Landorus|Landorus-Therian, M|100\/100\n|-ability|p1a: Landorus|Intimidate|boost\n|-unboost|p2a: Mawile|atk|1\n|detailschange|p2a: Mawile|Mawile-Mega, F\n|-mega|p2a: Mawile|Mawile|Mawilite\n|move|p2a: Mawile|Play Rough|p1a: Landorus\n|-damage|p1a: Landorus|40\/100\n|\n|upkeep\n|turn|8\n|\n|switch|p2a: Gliscor|Gliscor, M|100\/100\n|move|p1a: Landorus|Earthquake|p2a: Gliscor\n|-immune|p2a: Gliscor\n|\n|-status|p2a: Gliscor|tox|[from] item: Toxic Orb\n|upkeep\n|turn|9\n|\n|switch|p1a: Tapu Fini|Tapu Fini|100\/100\n|-damage|p1a: Tapu Fini|88\/100|[from] Spikes\n|-fieldstart|move: Misty Terrain|[from] ability: Misty Surge|[of] p1a: Tapu Fini\n|move|p2a: Gliscor|Knock Off|p1a: Tapu Fini\n|-resisted|p1a: Tapu Fini\n|-damage|p1a: Tapu Fini|81\/100\n|-enditem|p1a: Tapu Fini|Leftovers|[from] move: Knock Off|[of] p2a: Gliscor\n|\n|upkeep\n|turn|10\n|\n|move|p2a: Gliscor|Earthquake|p1a: Tapu Fini\n|-damage|p1a: Tapu Fini|60\/100\n|move|p1a: Tapu Fini|Defog|p2a: Gliscor\n|-unboost|p2a: Gliscor|evasion|1\n|-sideend|p1: ArcticBreezeX|Spikes|[from] move: Defog|[of] p1a: Tapu Fini\n|\n|upkeep\n|turn|11\n|\n|switch|p2a: Ferrothorn|Ferrothorn, F|69\/100\n|switch|p1a: Medicham|Medicham-Mega, M|100\/100\n|\n|-heal|p2a: Ferrothorn|75\/100|[from] item: Leftovers\n|upkeep\n|turn|12\n|\n|switch|p2a: Slowbro|Slowbro, F|100\/100\n|move|p1a: Medicham|Ice Punch|p2a: Slowbro\n|-resisted|p2a: Slowbro\n|-damage|p2a: Slowbro|86\/100\n|\n|upkeep\n|turn|13\n|\n|switch|p1a: Golisopod|Golisopod, M|100\/100\n|switch|p2a: Gliscor|Gliscor, M|100\/100 tox\n|\n|-fieldend|Misty Terrain\n|upkeep\n|turn|14\n|\n|switch|p2a: Ferrothorn|Ferrothorn, F|75\/100\n|move|p1a: Golisopod|Spikes|p2a: Ferrothorn\n|-sidestart|p2: hauntersnightmare|Spikes\n|\n|-heal|p2a: Ferrothorn|82\/100|[from] item: Leftovers\n|upkeep\n|turn|15\n|\n|move|p1a: Golisopod|Spikes|p2a: Ferrothorn\n|-sidestart|p2: hauntersnightmare|Spikes\n|move|p2a: Ferrothorn|Spikes|p1a: Golisopod\n|-sidestart|p1: ArcticBreezeX|Spikes\n|\n|-heal|p2a: Ferrothorn|88\/100|[from] item: Leftovers\n|upkeep\n|turn|16\n|\n|switch|p2a: Greninja|Greninja, M|100\/100\n|-damage|p2a: Greninja|84\/100|[from] Spikes\n|move|p1a: Golisopod|Spikes|p2a: Greninja\n|-sidestart|p2: hauntersnightmare|Spikes\n|\n|upkeep\n|turn|17\n|\n|switch|p1a: Landorus|Landorus-Therian, M|40\/100\n|-ability|p1a: Landorus|Intimidate|boost\n|-unboost|p2a: Greninja|atk|1\n|move|p2a: Greninja|Dark Pulse|p1a: Landorus\n|-damage|p1a: Landorus|0 fnt\n|faint|p1a: Landorus\n|-activate|p2a: Greninja|ability: Battle Bond\n|detailschange|p2a: Greninja|Greninja-Ash, M\n|\n|upkeep\n|\n|switch|p1a: Golisopod|Golisopod, M|100\/100\n|-damage|p1a: Golisopod|88\/100|[from] Spikes\n|turn|18\n|\n|switch|p2a: Gliscor|Gliscor, M|100\/100 tox\n|move|p1a: Golisopod|First Impression|p2a: Gliscor\n|-resisted|p2a: Gliscor\n|-damage|p2a: Gliscor|73\/100 tox\n|\n|-heal|p2a: Gliscor|85\/100 tox|[from] ability: Poison Heal\n|upkeep\n|turn|19\n|\n|switch|p1a: Medicham|Medicham-Mega, M|100\/100\n|-damage|p1a: Medicham|88\/100|[from] Spikes\n|move|p2a: Gliscor|Earthquake|p1a: Medicham\n|-damage|p1a: Medicham|37\/100\n|\n|-heal|p2a: Gliscor|98\/100 tox|[from] ability: Poison Heal\n|upkeep\n|turn|20\n|\n|move|p1a: Medicham|Ice Punch|p2a: Gliscor\n|-supereffective|p2a: Gliscor\n|-damage|p2a: Gliscor|0 fnt\n|faint|p2a: Gliscor\n|\n|upkeep\n|\n|switch|p2a: Greninja|Greninja-Ash, M|84\/100\n|-damage|p2a: Greninja|59\/100|[from] Spikes\n|turn|21\n|\n|move|p1a: Medicham|Bullet Punch|p2a: Greninja\n|-resisted|p2a: Greninja\n|-damage|p2a: Greninja|37\/100\n|move|p2a: Greninja|Dark Pulse|p1a: Medicham\n|-damage|p1a: Medicham|0 fnt\n|faint|p1a: Medicham\n|\n|upkeep\n|inactive|ArcticBreezeX has 120 seconds left.\n|\n|switch|p1a: Heatran|Heatran, F|100\/100\n|-damage|p1a: Heatran|88\/100|[from] Spikes\n|turn|22\n|\n|switch|p2a: Mawile|Mawile-Mega, F|9\/100\n|-damage|p2a: Mawile|0 fnt|[from] Spikes\n|faint|p2a: Mawile\n|move|p1a: Heatran|Stealth Rock|p2: Mawile\n|-sidestart|p2: hauntersnightmare|move: Stealth Rock\n|\n|-heal|p1a: Heatran|94\/100|[from] item: Leftovers\n|upkeep\n|\n|switch|p2a: Heatran|Heatran, M|100\/100\n|-damage|p2a: Heatran|88\/100|[from] Stealth Rock\n|-damage|p2a: Heatran|63\/100|[from] Spikes\n|turn|23\n|\n|move|p1a: Heatran|Protect|p1a: Heatran\n|-singleturn|p1a: Heatran|Protect\n|move|p2a: Heatran|Earth Power|p1a: Heatran\n|-activate|p1a: Heatran|move: Protect\n|\n|-heal|p1a: Heatran|100\/100|[from] item: Leftovers\n|upkeep\n|turn|24\n|\n|switch|p1a: Golisopod|Golisopod, M|88\/100\n|-damage|p1a: Golisopod|76\/100|[from] Spikes\n|move|p2a: Heatran|Earth Power|p1a: Golisopod\n|-resisted|p1a: Golisopod\n|-damage|p1a: Golisopod|58\/100\n|\n|upkeep\n|turn|25\n|\n|switch|p2a: Slowbro|Slowbro, F|100\/100\n|-damage|p2a: Slowbro|88\/100|[from] Stealth Rock\n|-damage|p2a: Slowbro|63\/100|[from] Spikes\n|move|p1a: Golisopod|Liquidation|p2a: Slowbro\n|-resisted|p2a: Slowbro\n|-damage|p2a: Slowbro|43\/100\n|\n|upkeep\n|turn|26\n|\n|switch|p1a: Tapu Fini|Tapu Fini|60\/100\n|-damage|p1a: Tapu Fini|48\/100|[from] Spikes\n|-fieldstart|move: Misty Terrain|[from] ability: Misty Surge|[of] p1a: Tapu Fini\n|move|p2a: Slowbro|Slack Off|p2a: Slowbro\n|-heal|p2a: Slowbro|93\/100\n|\n|upkeep\n|turn|27\n|\n|move|p1a: Tapu Fini|Nature's Madness|p2a: Slowbro\n|-damage|p2a: Slowbro|47\/100\n|move|p2a: Slowbro|Flamethrower|p1a: Tapu Fini\n|-resisted|p1a: Tapu Fini\n|-damage|p1a: Tapu Fini|39\/100\n|\n|upkeep\n|turn|28\n|\n|move|p1a: Tapu Fini|Taunt|p2a: Slowbro\n|-start|p2a: Slowbro|move: Taunt\n|cant|p2a: Slowbro|move: Taunt|Slack Off\n|\n|upkeep\n|turn|29\n|\n|move|p1a: Tapu Fini|Moonblast|p2a: Slowbro\n|-damage|p2a: Slowbro|17\/100\n|move|p2a: Slowbro|Flamethrower|p1a: Tapu Fini\n|-resisted|p1a: Tapu Fini\n|-damage|p1a: Tapu Fini|31\/100\n|\n|upkeep\n|turn|30\n|\n|switch|p2a: Heatran|Heatran, M|63\/100\n|-damage|p2a: Heatran|51\/100|[from] Stealth Rock\n|-damage|p2a: Heatran|26\/100|[from] Spikes\n|move|p1a: Tapu Fini|Moonblast|p2a: Heatran\n|-resisted|p2a: Heatran\n|-crit|p2a: Heatran\n|-damage|p2a: Heatran|14\/100\n|\n|-fieldend|Misty Terrain\n|upkeep\n|turn|31\n|\n|move|p2a: Heatran|Stealth Rock|p1a: Tapu Fini\n|-sidestart|p1: ArcticBreezeX|move: Stealth Rock\n|move|p1a: Tapu Fini|Moonblast|p2a: Heatran\n|-resisted|p2a: Heatran\n|-damage|p2a: Heatran|6\/100\n|\n|upkeep\n|turn|32\n|\n|-zpower|p2a: Heatran\n|move|p2a: Heatran|Corkscrew Crash|p1a: Tapu Fini|[zeffect]\n|-damage|p1a: Tapu Fini|0 fnt\n|faint|p1a: Tapu Fini\n|\n|upkeep\n|inactive|ArcticBreezeX has 120 seconds left.\n|\n|switch|p1a: Kartana|Kartana|100\/100\n|-damage|p1a: Kartana|94\/100|[from] Stealth Rock\n|-damage|p1a: Kartana|82\/100|[from] Spikes\n|turn|33\n|\n|move|p1a: Kartana|Sacred Sword|p2a: Heatran\n|-supereffective|p2a: Heatran\n|-damage|p2a: Heatran|0 fnt\n|faint|p2a: Heatran\n|-ability|p1a: Kartana|Beast Boost|boost\n|-boost|p1a: Kartana|atk|1\n|\n|upkeep\n|inactive|hauntersnightmare has 120 seconds left.\n|\n|switch|p2a: Greninja|Greninja-Ash, M|37\/100\n|-damage|p2a: Greninja|25\/100|[from] Stealth Rock\n|-damage|p2a: Greninja|0 fnt|[from] Spikes\n|faint|p2a: Greninja\n|-message|hauntersnightmare forfeited.\n|\n|win|ArcticBreezeX\n|l|\u2606hauntersnightmare\n||Ladder (probably) updated, but score could not be retrieved (Response not received).\n","uploadtime":1573413868,"views":1,"p1id":"arcticbreezex","p2id":"hauntersnightmare","formatid":"gen7ou","rating":0,"private":0,"password":null}