{"id":"gen7ou-1539296077","p1":"Cowsrule247","p2":"Voltali2B","format":"gen7ou","log":"|j|\u203dCowsrule247\n|j|\u2606Voltali2B\n|t:|1648314851\n|gametype|singles\n|player|p1|Cowsrule247|skyla|1244\n|player|p2|Voltali2B|lucas|1240\n|teamsize|p1|6\n|teamsize|p2|6\n|gen|7\n|tier|[Gen 7] OU\n|rated|\n|rule|Sleep Clause Mod: Limit one foe put to sleep\n|rule|Species Clause: Limit one of each Pok\u00e9mon\n|rule|OHKO Clause: OHKO moves are banned\n|rule|Moody Clause: Moody is banned\n|rule|Evasion Moves Clause: Evasion moves are banned\n|rule|Endless Battle Clause: Forcing endless battles is banned\n|rule|HP Percentage Mod: HP is shown in percentages\n|clearpoke\n|poke|p1|Chansey, F|item\n|poke|p1|Aggron, M|item\n|poke|p1|Pyukumuku, F|item\n|poke|p1|Mew|item\n|poke|p1|Gliscor, F|item\n|poke|p1|Tangrowth, M|item\n|poke|p2|Persian-Alola, M|item\n|poke|p2|Chansey, F|item\n|poke|p2|Suicune|item\n|poke|p2|Breloom, M|item\n|poke|p2|Skarmory, F|item\n|poke|p2|Espeon, F|item\n|teampreview\n|inactive|Battle timer is ON: inactive players will automatically lose when time's up. (requested by Cowsrule247)\n|\n|t:|1648314882\n|start\n|switch|p1a: Aggron|Aggron, M|100\/100\n|switch|p2a: Persian|Persian-Alola, M|100\/100\n|turn|1\n|\n|t:|1648314889\n|detailschange|p1a: Aggron|Aggron-Mega, M\n|-mega|p1a: Aggron|Aggron|Aggronite\n|move|p2a: Persian|Taunt|p1a: Aggron\n|-start|p1a: Aggron|move: Taunt\n|move|p1a: Aggron|Heavy Slam|p2a: Persian\n|-damage|p2a: Persian|56\/100\n|\n|upkeep\n|turn|2\n|\n|t:|1648314899\n|switch|p2a: Airmure|Skarmory, F|100\/100\n|move|p1a: Aggron|Heavy Slam|p2a: Airmure\n|-resisted|p2a: Airmure\n|-damage|p2a: Airmure|84\/100\n|-damage|p1a: Aggron|84\/100|[from] item: Rocky Helmet|[of] p2a: Airmure\n|\n|upkeep\n|turn|3\n|\n|t:|1648314913\n|switch|p1a: Gliscor|Gliscor, F|100\/100\n|move|p2a: Airmure|Stealth Rock|p1a: Gliscor\n|-sidestart|p1: Cowsrule247|move: Stealth Rock\n|\n|-status|p1a: Gliscor|tox|[from] item: Toxic Orb\n|upkeep\n|turn|4\n|\n|t:|1648314925\n|move|p1a: Gliscor|Taunt|p2a: Airmure\n|-start|p2a: Airmure|move: Taunt\n|cant|p2a: Airmure|move: Taunt|Roar\n|\n|upkeep\n|turn|5\n|\n|t:|1648314933\n|switch|p2a: Mentali|Espeon, F|100\/100\n|move|p1a: Gliscor|Defog|p2a: Mentali\n|move|p2a: Mentali|Defog|p1a: Gliscor|[from]ability: Magic Bounce\n|-unboost|p1a: Gliscor|evasion|1\n|-sideend|p1: Cowsrule247|Stealth Rock|[from] move: Defog|[of] p2a: Mentali\n|\n|upkeep\n|turn|6\n|\n|t:|1648314948\n|switch|p1a: Tangrowth|Tangrowth, M|100\/100\n|move|p2a: Mentali|Trick|p1a: Tangrowth\n|-activate|p2a: Mentali|move: Trick|[of] p1a: Tangrowth\n|-item|p1a: Tangrowth|Choice Specs|[from] move: Trick\n|-item|p2a: Mentali|Rocky Helmet|[from] move: Trick\n|\n|upkeep\n|turn|7\n|\n|t:|1648314957\n|switch|p2a: Chapignon|Breloom, M|100\/100\n|move|p1a: Tangrowth|Knock Off|p2a: Chapignon\n|-resisted|p2a: Chapignon\n|-damage|p2a: Chapignon|84\/100\n|-enditem|p2a: Chapignon|Toxic Orb|[from] move: Knock Off|[of] p1a: Tangrowth\n|\n|upkeep\n|turn|8\n|\n|t:|1648314977\n|switch|p1a: Mew|Mew|100\/100\n|move|p2a: Chapignon|Substitute|p2a: Chapignon\n|-start|p2a: Chapignon|Substitute\n|-damage|p2a: Chapignon|59\/100\n|\n|upkeep\n|turn|9\n|inactive|Cowsrule247 has 120 seconds left.\n|\n|t:|1648315020\n|switch|p1a: Pyukumuku|Pyukumuku, F|100\/100\n|move|p2a: Chapignon|Spore|p1a: Pyukumuku\n|-status|p1a: Pyukumuku|slp|[from] move: Spore\n|\n|upkeep\n|turn|10\n|\n|t:|1648315030\n|switch|p1a: Tangrowth|Tangrowth, M|100\/100\n|move|p2a: Chapignon|Seed Bomb|p1a: Tangrowth\n|-resisted|p1a: Tangrowth\n|-damage|p1a: Tangrowth|89\/100\n|\n|upkeep\n|turn|11\n|\n|t:|1648315037\n|-singleturn|p2a: Chapignon|move: Focus Punch\n|move|p1a: Tangrowth|Hidden Power|p2a: Chapignon\n|-supereffective|p2a: Chapignon\n|-end|p2a: Chapignon|Substitute\n|move|p2a: Chapignon|Focus Punch|p1a: Tangrowth\n|-damage|p1a: Tangrowth|47\/100\n|\n|upkeep\n|turn|12\n|\n|t:|1648315055\n|switch|p2a: Suicune|Suicune|100\/100\n|-ability|p2a: Suicune|Pressure\n|switch|p1a: Chansey|Chansey, F, shiny|100\/100\n|\n|upkeep\n|turn|13\n|\n|t:|1648315066\n|move|p2a: Suicune|Calm Mind|p2a: Suicune\n|-boost|p2a: Suicune|spa|1\n|-boost|p2a: Suicune|spd|1\n|move|p1a: Chansey|Heal Bell|p1a: Chansey\n|-activate|p1a: Chansey|move: Heal Bell\n|-curestatus|p1: Pyukumuku|slp|[msg]\n|-curestatus|p1: Gliscor|tox|[msg]\n|\n|upkeep\n|turn|14\n|\n|t:|1648315074\n|switch|p1a: Pyukumuku|Pyukumuku, F|100\/100\n|move|p2a: Suicune|Calm Mind|p2a: Suicune\n|-boost|p2a: Suicune|spa|1\n|-boost|p2a: Suicune|spd|1\n|\n|upkeep\n|turn|15\n|\n|t:|1648315080\n|move|p2a: Suicune|Calm Mind|p2a: Suicune\n|-boost|p2a: Suicune|spa|1\n|-boost|p2a: Suicune|spd|1\n|move|p1a: Pyukumuku|Block|p2a: Suicune\n|-activate|p2a: Suicune|trapped\n|\n|upkeep\n|turn|16\n|\n|t:|1648315086\n|move|p2a: Suicune|Surf|p1a: Pyukumuku\n|-resisted|p1a: Pyukumuku\n|-damage|p1a: Pyukumuku|89\/100\n|move|p1a: Pyukumuku|Spite|p2a: Suicune\n|-activate|p2a: Suicune|move: Spite|Surf|4\n|\n|-heal|p1a: Pyukumuku|95\/100|[from] item: Leftovers\n|upkeep\n|turn|17\n|\n|t:|1648315095\n|move|p2a: Suicune|Calm Mind|p2a: Suicune\n|-boost|p2a: Suicune|spa|1\n|-boost|p2a: Suicune|spd|1\n|move|p1a: Pyukumuku|Spite|p2a: Suicune\n|-activate|p2a: Suicune|move: Spite|Calm Mind|4\n|\n|-heal|p1a: Pyukumuku|100\/100|[from] item: Leftovers\n|upkeep\n|turn|18\n|\n|t:|1648315104\n|move|p2a: Suicune|Calm Mind|p2a: Suicune\n|-boost|p2a: Suicune|spa|1\n|-boost|p2a: Suicune|spd|1\n|move|p1a: Pyukumuku|Spite|p2a: Suicune\n|-activate|p2a: Suicune|move: Spite|Calm Mind|4\n|\n|upkeep\n|turn|19\n|\n|t:|1648315111\n|move|p2a: Suicune|Calm Mind|p2a: Suicune\n|-boost|p2a: Suicune|spa|1\n|-boost|p2a: Suicune|spd|1\n|move|p1a: Pyukumuku|Spite|p2a: Suicune\n|-activate|p2a: Suicune|move: Spite|Calm Mind|4\n|\n|upkeep\n|turn|20\n|\n|t:|1648315120\n|move|p2a: Suicune|Surf|p1a: Pyukumuku\n|-resisted|p1a: Pyukumuku\n|-crit|p1a: Pyukumuku\n|-damage|p1a: Pyukumuku|81\/100\n|move|p1a: Pyukumuku|Spite|p2a: Suicune\n|-activate|p2a: Suicune|move: Spite|Surf|4\n|\n|-heal|p1a: Pyukumuku|87\/100|[from] item: Leftovers\n|upkeep\n|turn|21\n|\n|t:|1648315128\n|move|p2a: Suicune|Calm Mind|p2a: Suicune\n|-boost|p2a: Suicune|spa|0\n|-boost|p2a: Suicune|spd|0\n|move|p1a: Pyukumuku|Rest|p1a: Pyukumuku\n|-status|p1a: Pyukumuku|slp|[from] move: Rest\n|-heal|p1a: Pyukumuku|100\/100 slp|[silent]\n|\n|upkeep\n|turn|22\n|\n|t:|1648315134\n|move|p2a: Suicune|Surf|p1a: Pyukumuku\n|-resisted|p1a: Pyukumuku\n|-damage|p1a: Pyukumuku|89\/100 slp\n|cant|p1a: Pyukumuku|slp\n|\n|-heal|p1a: Pyukumuku|95\/100 slp|[from] item: Leftovers\n|upkeep\n|turn|23\n|\n|t:|1648315141\n|move|p2a: Suicune|Surf|p1a: Pyukumuku\n|-resisted|p1a: Pyukumuku\n|-damage|p1a: Pyukumuku|82\/100 slp\n|cant|p1a: Pyukumuku|slp\n|\n|-heal|p1a: Pyukumuku|88\/100 slp|[from] item: Leftovers\n|upkeep\n|turn|24\n|\n|t:|1648315155\n|move|p2a: Suicune|Surf|p1a: Pyukumuku\n|-resisted|p1a: Pyukumuku\n|-damage|p1a: Pyukumuku|76\/100 slp\n|-curestatus|p1a: Pyukumuku|slp|[msg]\n|move|p1a: Pyukumuku|Spite|p2a: Suicune\n|-activate|p2a: Suicune|move: Spite|Surf|4\n|\n|-heal|p1a: Pyukumuku|82\/100|[from] item: Leftovers\n|upkeep\n|turn|25\n|\n|t:|1648315164\n|move|p2a: Suicune|Calm Mind|p2a: Suicune\n|-boost|p2a: Suicune|spa|0\n|-boost|p2a: Suicune|spd|0\n|move|p1a: Pyukumuku|Rest|p1a: Pyukumuku\n|-status|p1a: Pyukumuku|slp|[from] move: Rest\n|-heal|p1a: Pyukumuku|100\/100 slp|[silent]\n|\n|upkeep\n|turn|26\n|\n|t:|1648315175\n|move|p2a: Suicune|Calm Mind|p2a: Suicune\n|-boost|p2a: Suicune|spa|0\n|-boost|p2a: Suicune|spd|0\n|cant|p1a: Pyukumuku|slp\n|\n|upkeep\n|turn|27\n|\n|t:|1648315193\n|move|p2a: Suicune|Sleep Talk||[still]\n|-fail|p2a: Suicune\n|cant|p1a: Pyukumuku|slp\n|\n|upkeep\n|turn|28\n|\n|t:|1648315197\n|move|p2a: Suicune|Sleep Talk||[still]\n|-fail|p2a: Suicune\n|-curestatus|p1a: Pyukumuku|slp|[msg]\n|move|p1a: Pyukumuku|Block||[still]\n|-fail|p1a: Pyukumuku\n|\n|upkeep\n|turn|29\n|\n|t:|1648315203\n|move|p2a: Suicune|Sleep Talk||[still]\n|-fail|p2a: Suicune\n|move|p1a: Pyukumuku|Block||[still]\n|-fail|p1a: Pyukumuku\n|\n|upkeep\n|turn|30\n|\n|t:|1648315213\n|move|p2a: Suicune|Sleep Talk||[still]\n|-fail|p2a: Suicune\n|move|p1a: Pyukumuku|Spite|p2a: Suicune\n|-activate|p2a: Suicune|move: Spite|Sleep Talk|4\n|\n|upkeep\n|turn|31\n|\n|t:|1648315219\n|move|p2a: Suicune|Sleep Talk||[still]\n|-fail|p2a: Suicune\n|move|p1a: Pyukumuku|Spite|p2a: Suicune\n|-activate|p2a: Suicune|move: Spite|Sleep Talk|4\n|\n|upkeep\n|turn|32\n|\n|t:|1648315227\n|move|p2a: Suicune|Sleep Talk||[still]\n|-fail|p2a: Suicune\n|move|p1a: Pyukumuku|Block||[still]\n|-fail|p1a: Pyukumuku\n|\n|upkeep\n|turn|33\n|\n|t:|1648315234\n|move|p2a: Suicune|Sleep Talk||[still]\n|-fail|p2a: Suicune\n|move|p1a: Pyukumuku|Recover||[still]\n|-fail|p1a: Pyukumuku|heal\n|\n|upkeep\n|turn|34\n|\n|t:|1648315238\n|move|p2a: Suicune|Calm Mind|p2a: Suicune\n|-boost|p2a: Suicune|spa|0\n|-boost|p2a: Suicune|spd|0\n|move|p1a: Pyukumuku|Recover||[still]\n|-fail|p1a: Pyukumuku|heal\n|\n|upkeep\n|turn|35\n|\n|t:|1648315249\n|move|p2a: Suicune|Calm Mind|p2a: Suicune\n|-boost|p2a: Suicune|spa|0\n|-boost|p2a: Suicune|spd|0\n|move|p1a: Pyukumuku|Rest|p1a: Pyukumuku\n|-fail|p1a: Pyukumuku|heal\n|\n|upkeep\n|turn|36\n|\n|t:|1648315255\n|move|p2a: Suicune|Calm Mind|p2a: Suicune\n|-boost|p2a: Suicune|spa|0\n|-boost|p2a: Suicune|spd|0\n|move|p1a: Pyukumuku|Recover||[still]\n|-fail|p1a: Pyukumuku|heal\n|\n|upkeep\n|turn|37\n|\n|t:|1648315274\n|move|p2a: Suicune|Calm Mind|p2a: Suicune\n|-boost|p2a: Suicune|spa|0\n|-boost|p2a: Suicune|spd|0\n|move|p1a: Pyukumuku|Recover||[still]\n|-fail|p1a: Pyukumuku|heal\n|\n|upkeep\n|turn|38\n|\n|t:|1648315281\n|move|p2a: Suicune|Calm Mind|p2a: Suicune\n|-boost|p2a: Suicune|spa|0\n|-boost|p2a: Suicune|spd|0\n|move|p1a: Pyukumuku|Recover||[still]\n|-fail|p1a: Pyukumuku|heal\n|\n|upkeep\n|turn|39\n|\n|t:|1648315297\n|move|p2a: Suicune|Rest|p2a: Suicune\n|-fail|p2a: Suicune|heal\n|move|p1a: Pyukumuku|Recover||[still]\n|-fail|p1a: Pyukumuku|heal\n|\n|upkeep\n|turn|40\n|\n|t:|1648315302\n|move|p2a: Suicune|Calm Mind|p2a: Suicune\n|-boost|p2a: Suicune|spa|0\n|-boost|p2a: Suicune|spd|0\n|move|p1a: Pyukumuku|Recover||[still]\n|-fail|p1a: Pyukumuku|heal\n|\n|upkeep\n|turn|41\n|\n|t:|1648315311\n|move|p2a: Suicune|Rest|p2a: Suicune\n|-fail|p2a: Suicune|heal\n|move|p1a: Pyukumuku|Recover||[still]\n|-fail|p1a: Pyukumuku|heal\n|\n|upkeep\n|turn|42\n|\n|t:|1648315316\n|move|p2a: Suicune|Rest|p2a: Suicune\n|-fail|p2a: Suicune|heal\n|move|p1a: Pyukumuku|Recover||[still]\n|-fail|p1a: Pyukumuku|heal\n|\n|upkeep\n|turn|43\n|\n|t:|1648315321\n|move|p2a: Suicune|Rest|p2a: Suicune\n|-fail|p2a: Suicune|heal\n|move|p1a: Pyukumuku|Recover||[still]\n|-fail|p1a: Pyukumuku|heal\n|\n|upkeep\n|turn|44\n|\n|t:|1648315326\n|move|p2a: Suicune|Rest|p2a: Suicune\n|-fail|p2a: Suicune|heal\n|move|p1a: Pyukumuku|Recover||[still]\n|-fail|p1a: Pyukumuku|heal\n|\n|upkeep\n|turn|45\n|\n|t:|1648315332\n|move|p2a: Suicune|Rest|p2a: Suicune\n|-fail|p2a: Suicune|heal\n|move|p1a: Pyukumuku|Recover||[still]\n|-fail|p1a: Pyukumuku|heal\n|\n|upkeep\n|turn|46\n|\n|t:|1648315341\n|move|p2a: Suicune|Rest|p2a: Suicune\n|-fail|p2a: Suicune|heal\n|move|p1a: Pyukumuku|Recover||[still]\n|-fail|p1a: Pyukumuku|heal\n|\n|upkeep\n|turn|47\n|\n|t:|1648315348\n|move|p2a: Suicune|Rest|p2a: Suicune\n|-fail|p2a: Suicune|heal\n|move|p1a: Pyukumuku|Recover||[still]\n|-fail|p1a: Pyukumuku|heal\n|\n|upkeep\n|turn|48\n|\n|t:|1648315359\n|switch|p1a: Tangrowth|Tangrowth, M|80\/100\n|move|p2a: Suicune|Rest|p2a: Suicune\n|-fail|p2a: Suicune|heal\n|\n|upkeep\n|turn|49\n|\n|t:|1648315364\n|switch|p1a: Pyukumuku|Pyukumuku, F|100\/100\n|move|p2a: Suicune|Surf|p1a: Pyukumuku\n|-resisted|p1a: Pyukumuku\n|-damage|p1a: Pyukumuku|88\/100\n|\n|-heal|p1a: Pyukumuku|94\/100|[from] item: Leftovers\n|upkeep\n|turn|50\n|\n|t:|1648315373\n|move|p2a: Suicune|Rest|p2a: Suicune\n|-fail|p2a: Suicune|heal\n|move|p1a: Pyukumuku|Rest|p1a: Pyukumuku\n|-status|p1a: Pyukumuku|slp|[from] move: Rest\n|-heal|p1a: Pyukumuku|100\/100 slp|[silent]\n|\n|upkeep\n|turn|51\n|\n|t:|1648315379\n|move|p2a: Suicune|Rest|p2a: Suicune\n|-fail|p2a: Suicune|heal\n|cant|p1a: Pyukumuku|slp\n|\n|upkeep\n|turn|52\n|\n|t:|1648315385\n|move|p2a: Suicune|Rest|p2a: Suicune\n|-fail|p2a: Suicune|heal\n|cant|p1a: Pyukumuku|slp\n|\n|upkeep\n|turn|53\n|\n|t:|1648315390\n|move|p2a: Suicune|Rest|p2a: Suicune\n|-fail|p2a: Suicune|heal\n|-curestatus|p1a: Pyukumuku|slp|[msg]\n|move|p1a: Pyukumuku|Rest|p1a: Pyukumuku\n|-fail|p1a: Pyukumuku|heal\n|\n|upkeep\n|turn|54\n|\n|t:|1648315410\n|switch|p1a: Chansey|Chansey, F, shiny|100\/100\n|move|p2a: Suicune|Rest|p2a: Suicune\n|-fail|p2a: Suicune|heal\n|\n|upkeep\n|turn|55\n|\n|t:|1648315418\n|switch|p1a: Pyukumuku|Pyukumuku, F|100\/100\n|move|p2a: Suicune|Rest|p2a: Suicune\n|-fail|p2a: Suicune|heal\n|\n|upkeep\n|turn|56\n|\n|t:|1648315427\n|move|p2a: Suicune|Calm Mind|p2a: Suicune\n|-boost|p2a: Suicune|spa|0\n|-boost|p2a: Suicune|spd|0\n|move|p1a: Pyukumuku|Rest|p1a: Pyukumuku\n|-fail|p1a: Pyukumuku|heal\n|\n|upkeep\n|turn|57\n|\n|t:|1648315437\n|move|p2a: Suicune|Calm Mind|p2a: Suicune\n|-boost|p2a: Suicune|spa|0\n|-boost|p2a: Suicune|spd|0\n|move|p1a: Pyukumuku|Rest|p1a: Pyukumuku\n|-fail|p1a: Pyukumuku|heal\n|\n|upkeep\n|turn|58\n|\n|t:|1648315446\n|move|p2a: Suicune|Calm Mind|p2a: Suicune\n|-boost|p2a: Suicune|spa|0\n|-boost|p2a: Suicune|spd|0\n|move|p1a: Pyukumuku|Recover||[still]\n|-fail|p1a: Pyukumuku|heal\n|\n|upkeep\n|turn|59\n|\n|t:|1648315454\n|move|p2a: Suicune|Calm Mind|p2a: Suicune\n|-boost|p2a: Suicune|spa|0\n|-boost|p2a: Suicune|spd|0\n|move|p1a: Pyukumuku|Rest|p1a: Pyukumuku\n|-fail|p1a: Pyukumuku|heal\n|\n|upkeep\n|turn|60\n|\n|t:|1648315461\n|switch|p1a: Chansey|Chansey, F, shiny|100\/100\n|move|p2a: Suicune|Calm Mind|p2a: Suicune\n|-boost|p2a: Suicune|spa|0\n|-boost|p2a: Suicune|spd|0\n|\n|upkeep\n|turn|61\n|\n|t:|1648315468\n|switch|p1a: Pyukumuku|Pyukumuku, F|100\/100\n|move|p2a: Suicune|Rest|p2a: Suicune\n|-fail|p2a: Suicune|heal\n|\n|upkeep\n|turn|62\n|\n|t:|1648315477\n|switch|p1a: Chansey|Chansey, F, shiny|100\/100\n|move|p2a: Suicune|Sleep Talk||[still]\n|-fail|p2a: Suicune\n|\n|upkeep\n|turn|63\n|\n|t:|1648315482\n|switch|p1a: Pyukumuku|Pyukumuku, F|100\/100\n|move|p2a: Suicune|Surf|p1a: Pyukumuku\n|-resisted|p1a: Pyukumuku\n|-damage|p1a: Pyukumuku|88\/100\n|\n|-heal|p1a: Pyukumuku|94\/100|[from] item: Leftovers\n|upkeep\n|turn|64\n|\n|t:|1648315489\n|move|p2a: Suicune|Surf|p1a: Pyukumuku\n|-resisted|p1a: Pyukumuku\n|-damage|p1a: Pyukumuku|81\/100\n|move|p1a: Pyukumuku|Rest|p1a: Pyukumuku\n|-status|p1a: Pyukumuku|slp|[from] move: Rest\n|-heal|p1a: Pyukumuku|100\/100 slp|[silent]\n|\n|upkeep\n|turn|65\n|\n|t:|1648315495\n|move|p2a: Suicune|Surf|p1a: Pyukumuku\n|-resisted|p1a: Pyukumuku\n|-damage|p1a: Pyukumuku|88\/100 slp\n|cant|p1a: Pyukumuku|slp\n|\n|-heal|p1a: Pyukumuku|94\/100 slp|[from] item: Leftovers\n|upkeep\n|turn|66\n|\n|t:|1648315501\n|move|p2a: Suicune|Surf|p1a: Pyukumuku\n|-resisted|p1a: Pyukumuku\n|-crit|p1a: Pyukumuku\n|-damage|p1a: Pyukumuku|75\/100 slp\n|cant|p1a: Pyukumuku|slp\n|\n|-heal|p1a: Pyukumuku|81\/100 slp|[from] item: Leftovers\n|upkeep\n|turn|67\n|\n|t:|1648315508\n|move|p2a: Suicune|Surf|p1a: Pyukumuku\n|-resisted|p1a: Pyukumuku\n|-damage|p1a: Pyukumuku|68\/100 slp\n|-curestatus|p1a: Pyukumuku|slp|[msg]\n|move|p1a: Pyukumuku|Rest|p1a: Pyukumuku\n|-status|p1a: Pyukumuku|slp|[from] move: Rest\n|-heal|p1a: Pyukumuku|100\/100 slp|[silent]\n|\n|upkeep\n|turn|68\n|\n|t:|1648315515\n|move|p2a: Suicune|Surf|p1a: Pyukumuku\n|-resisted|p1a: Pyukumuku\n|-damage|p1a: Pyukumuku|89\/100 slp\n|cant|p1a: Pyukumuku|slp\n|\n|-heal|p1a: Pyukumuku|95\/100 slp|[from] item: Leftovers\n|upkeep\n|turn|69\n|\n|t:|1648315525\n|-activate|p2a: Suicune|move: Struggle\n|move|p2a: Suicune|Struggle|p1a: Pyukumuku\n|-damage|p1a: Pyukumuku|90\/100 slp\n|-damage|p2a: Suicune|75\/100|[from] recoil\n|cant|p1a: Pyukumuku|slp\n|\n|-heal|p2a: Suicune|82\/100|[from] item: Leftovers\n|-heal|p1a: Pyukumuku|96\/100 slp|[from] item: Leftovers\n|upkeep\n|turn|70\n|\n|t:|1648315535\n|switch|p2a: Chapignon|Breloom, M|59\/100\n|-curestatus|p1a: Pyukumuku|slp|[msg]\n|move|p1a: Pyukumuku|Rest|p1a: Pyukumuku\n|-status|p1a: Pyukumuku|slp|[from] move: Rest\n|-heal|p1a: Pyukumuku|100\/100 slp|[silent]\n|\n|upkeep\n|turn|71\n|\n|t:|1648315552\n|-singleturn|p2a: Chapignon|move: Focus Punch\n|switch|p1a: Tangrowth|Tangrowth, M|100\/100\n|move|p2a: Chapignon|Focus Punch|p1a: Tangrowth\n|-damage|p1a: Tangrowth|60\/100\n|\n|upkeep\n|turn|72\n|\n|t:|1648315563\n|switch|p2a: Persian|Persian-Alola, M|56\/100\n|move|p1a: Tangrowth|Giga Drain|p2a: Persian\n|-damage|p2a: Persian|0 fnt\n|-heal|p1a: Tangrowth|83\/100|[from] drain|[of] p2a: Persian\n|faint|p2a: Persian\n|\n|upkeep\n|\n|t:|1648315576\n|switch|p2a: Airmure|Skarmory, F|84\/100\n|turn|73\n|\n|t:|1648315583\n|switch|p1a: Gliscor|Gliscor, F|100\/100\n|move|p2a: Airmure|Stealth Rock|p1a: Gliscor\n|-sidestart|p1: Cowsrule247|move: Stealth Rock\n|\n|-status|p1a: Gliscor|tox|[from] item: Toxic Orb\n|upkeep\n|turn|74\n|\n|t:|1648315597\n|move|p1a: Gliscor|Defog|p2a: Airmure\n|-unboost|p2a: Airmure|evasion|1\n|-sideend|p1: Cowsrule247|Stealth Rock|[from] move: Defog|[of] p1a: Gliscor\n|move|p2a: Airmure|Roar|p1a: Gliscor\n|drag|p1a: Pyukumuku|Pyukumuku, F|100\/100 slp\n|\n|upkeep\n|turn|75\n|\n|t:|1648315606\n|switch|p1a: Gliscor|Gliscor, F|100\/100 tox\n|move|p2a: Airmure|Stealth Rock|p1a: Gliscor\n|-sidestart|p1: Cowsrule247|move: Stealth Rock\n|\n|upkeep\n|turn|76\n|\n|t:|1648315613\n|move|p1a: Gliscor|Defog|p2a: Airmure\n|-unboost|p2a: Airmure|evasion|1\n|-sideend|p1: Cowsrule247|Stealth Rock|[from] move: Defog|[of] p1a: Gliscor\n|move|p2a: Airmure|Roar|p1a: Gliscor\n|drag|p1a: Aggron|Aggron-Mega, M|84\/100\n|\n|upkeep\n|turn|77\n|\n|t:|1648315620\n|move|p2a: Airmure|Stealth Rock|p1a: Aggron\n|-sidestart|p1: Cowsrule247|move: Stealth Rock\n|move|p1a: Aggron|Fire Punch|p2a: Airmure\n|-supereffective|p2a: Airmure\n|-damage|p2a: Airmure|58\/100\n|-damage|p1a: Aggron|67\/100|[from] item: Rocky Helmet|[of] p2a: Airmure\n|\n|upkeep\n|turn|78\n|\n|t:|1648315630\n|move|p2a: Airmure|Roost|p2a: Airmure\n|-heal|p2a: Airmure|100\/100\n|-singleturn|p2a: Airmure|move: Roost\n|move|p1a: Aggron|Stealth Rock|p2a: Airmure\n|-sidestart|p2: Voltali2B|move: Stealth Rock\n|\n|upkeep\n|turn|79\n|\n|t:|1648315637\n|switch|p1a: Mew|Mew|100\/100\n|-damage|p1a: Mew|88\/100|[from] Stealth Rock\n|move|p2a: Airmure|Stealth Rock||[still]\n|-fail|p2a: Airmure\n|\n|-heal|p1a: Mew|94\/100|[from] item: Leftovers\n|upkeep\n|turn|80\n|\n|t:|1648315644\n|move|p1a: Mew|Knock Off|p2a: Airmure\n|-damage|p2a: Airmure|87\/100\n|-damage|p1a: Mew|78\/100|[from] item: Rocky Helmet|[of] p2a: Airmure\n|-enditem|p2a: Airmure|Rocky Helmet|[from] move: Knock Off|[of] p1a: Mew\n|move|p2a: Airmure|Toxic|p1a: Mew\n|-status|p1a: Mew|tox\n|-activate|p1a: Mew|ability: Synchronize\n|-immune|p2a: Airmure\n|\n|-heal|p1a: Mew|84\/100 tox|[from] item: Leftovers\n|-damage|p1a: Mew|78\/100 tox|[from] psn\n|upkeep\n|turn|81\n|\n|t:|1648315658\n|move|p1a: Mew|Defog|p2a: Airmure\n|-unboost|p2a: Airmure|evasion|1\n|-sideend|p2: Voltali2B|Stealth Rock|[from] move: Defog|[of] p1a: Mew\n|-sideend|p1: Cowsrule247|Stealth Rock|[from] move: Defog|[of] p1a: Mew\n|move|p2a: Airmure|Stealth Rock|p1a: Mew\n|-sidestart|p1: Cowsrule247|move: Stealth Rock\n|\n|-heal|p1a: Mew|84\/100 tox|[from] item: Leftovers\n|-damage|p1a: Mew|71\/100 tox|[from] psn\n|upkeep\n|turn|82\n|\n|t:|1648315668\n|move|p1a: Mew|Will-O-Wisp|p2a: Airmure\n|-status|p2a: Airmure|brn\n|move|p2a: Airmure|Stealth Rock||[still]\n|-fail|p2a: Airmure\n|\n|-heal|p1a: Mew|78\/100 tox|[from] item: Leftovers\n|-damage|p1a: Mew|59\/100 tox|[from] psn\n|-damage|p2a: Airmure|81\/100 brn|[from] brn\n|upkeep\n|turn|83\n|\n|t:|1648315677\n|switch|p1a: Gliscor|Gliscor, F|100\/100 tox\n|-damage|p1a: Gliscor|88\/100 tox|[from] Stealth Rock\n|move|p2a: Airmure|Stealth Rock||[still]\n|-fail|p2a: Airmure\n|\n|-heal|p1a: Gliscor|100\/100 tox|[from] ability: Poison Heal\n|-damage|p2a: Airmure|75\/100 brn|[from] brn\n|upkeep\n|turn|84\n|\n|t:|1648315686\n|move|p1a: Gliscor|Defog|p2a: Airmure\n|-unboost|p2a: Airmure|evasion|1\n|-sideend|p1: Cowsrule247|Stealth Rock|[from] move: Defog|[of] p1a: Gliscor\n|move|p2a: Airmure|Roar|p1a: Gliscor\n|drag|p1a: Pyukumuku|Pyukumuku, F|100\/100 slp\n|\n|-damage|p2a: Airmure|69\/100 brn|[from] brn\n|upkeep\n|turn|85\n|\n|t:|1648315695\n|switch|p1a: Gliscor|Gliscor, F|100\/100 tox\n|move|p2a: Airmure|Stealth Rock|p1a: Gliscor\n|-sidestart|p1: Cowsrule247|move: Stealth Rock\n|\n|-damage|p2a: Airmure|63\/100 brn|[from] brn\n|upkeep\n|turn|86\n|\n|t:|1648315702\n|move|p1a: Gliscor|Taunt|p2a: Airmure\n|-start|p2a: Airmure|move: Taunt\n|cant|p2a: Airmure|move: Taunt|Roost\n|\n|-damage|p2a: Airmure|57\/100 brn|[from] brn\n|upkeep\n|turn|87\n|\n|t:|1648315711\n|switch|p2a: Mentali|Espeon, F|100\/100\n|move|p1a: Gliscor|Defog|p2a: Mentali\n|move|p2a: Mentali|Defog|p1a: Gliscor|[from]ability: Magic Bounce\n|-unboost|p1a: Gliscor|evasion|1\n|-sideend|p1: Cowsrule247|Stealth Rock|[from] move: Defog|[of] p2a: Mentali\n|\n|upkeep\n|turn|88\n|\n|t:|1648315740\n|move|p2a: Mentali|Psychic|p1a: Gliscor\n|-damage|p1a: Gliscor|55\/100 tox\n|move|p1a: Gliscor|Toxic|p2a: Mentali\n|move|p2a: Mentali|Toxic|p1a: Gliscor|[from]ability: Magic Bounce\n|-fail|p1a: Gliscor|tox\n|\n|-heal|p1a: Gliscor|67\/100 tox|[from] ability: Poison Heal\n|upkeep\n|turn|89\n|\n|t:|1648315767\n|switch|p1a: Chansey|Chansey, F, shiny|100\/100\n|move|p2a: Mentali|Psychic|p1a: Chansey\n|-damage|p1a: Chansey|87\/100\n|\n|upkeep\n|turn|90\n|\n|t:|1648315774\n|switch|p1a: Gliscor|Gliscor, F|67\/100 tox\n|move|p2a: Mentali|Psyshock|p1a: Gliscor\n|-damage|p1a: Gliscor|30\/100 tox\n|\n|-heal|p1a: Gliscor|43\/100 tox|[from] ability: Poison Heal\n|upkeep\n|turn|91\n|inactive|Cowsrule247 has 120 seconds left.\n|\n|t:|1648315803\n|switch|p1a: Pyukumuku|Pyukumuku, F|100\/100 slp\n|move|p2a: Mentali|Psychic|p1a: Pyukumuku\n|-damage|p1a: Pyukumuku|56\/100 slp\n|\n|-heal|p1a: Pyukumuku|62\/100 slp|[from] item: Leftovers\n|upkeep\n|turn|92\n|inactive|Cowsrule247 has 120 seconds left.\n|\n|t:|1648315827\n|switch|p1a: Chansey|Chansey, F, shiny|87\/100\n|move|p2a: Mentali|Dazzling Gleam|p1a: Chansey\n|-damage|p1a: Chansey|80\/100\n|\n|upkeep\n|turn|93\n|\n|t:|1648315834\n|move|p2a: Mentali|Psychic|p1a: Chansey\n|-damage|p1a: Chansey|67\/100\n|move|p1a: Chansey|Heal Bell|p1a: Chansey\n|-activate|p1a: Chansey|move: Heal Bell\n|-curestatus|p1: Gliscor|tox|[msg]\n|-curestatus|p1: Pyukumuku|slp|[msg]\n|-curestatus|p1: Mew|tox|[msg]\n|\n|upkeep\n|turn|94\n|\n|t:|1648315844\n|switch|p1a: Mew|Mew|59\/100\n|move|p2a: Mentali|Psyshock|p1a: Mew\n|-resisted|p1a: Mew\n|-damage|p1a: Mew|45\/100\n|\n|-heal|p1a: Mew|51\/100|[from] item: Leftovers\n|upkeep\n|turn|95\n|\n|t:|1648315855\n|move|p2a: Mentali|Dazzling Gleam|p1a: Mew\n|-damage|p1a: Mew|30\/100\n|move|p1a: Mew|Soft-Boiled|p1a: Mew\n|-heal|p1a: Mew|80\/100\n|\n|-heal|p1a: Mew|86\/100|[from] item: Leftovers\n|upkeep\n|turn|96\n|\n|t:|1648315863\n|move|p2a: Mentali|Trick|p1a: Mew\n|-activate|p2a: Mentali|move: Trick|[of] p1a: Mew\n|-item|p1a: Mew|Rocky Helmet|[from] move: Trick\n|-item|p2a: Mentali|Leftovers|[from] move: Trick\n|move|p1a: Mew|Knock Off|p2a: Mentali\n|-supereffective|p2a: Mentali\n|-damage|p2a: Mentali|18\/100\n|-enditem|p2a: Mentali|Leftovers|[from] move: Knock Off|[of] p1a: Mew\n|\n|upkeep\n|turn|97\n|\n|t:|1648315873\n|switch|p2a: Leveinard|Chansey, F|100\/100\n|move|p1a: Mew|Knock Off|p2a: Leveinard\n|-damage|p2a: Leveinard|64\/100\n|-enditem|p2a: Leveinard|Eviolite|[from] move: Knock Off|[of] p1a: Mew\n|\n|upkeep\n|turn|98\n|\n|t:|1648315887\n|switch|p1a: Gliscor|Gliscor, F|43\/100\n|move|p2a: Leveinard|Toxic|p1a: Gliscor\n|-status|p1a: Gliscor|tox\n|\n|-heal|p1a: Gliscor|56\/100 tox|[from] ability: Poison Heal\n|upkeep\n|turn|99\n|\n|t:|1648315895\n|switch|p2a: Airmure|Skarmory, F|57\/100 brn\n|move|p1a: Gliscor|Taunt|p2a: Airmure\n|-start|p2a: Airmure|move: Taunt\n|\n|-heal|p1a: Gliscor|68\/100 tox|[from] ability: Poison Heal\n|-damage|p2a: Airmure|51\/100 brn|[from] brn\n|upkeep\n|turn|100\n|\n|t:|1648315905\n|switch|p2a: Suicune|Suicune|82\/100\n|-ability|p2a: Suicune|Pressure\n|move|p1a: Gliscor|Taunt|p2a: Suicune\n|-start|p2a: Suicune|move: Taunt\n|\n|-heal|p2a: Suicune|88\/100|[from] item: Leftovers\n|-heal|p1a: Gliscor|80\/100 tox|[from] ability: Poison Heal\n|upkeep\n|turn|101\n|\n|t:|1648315919\n|switch|p2a: Chapignon|Breloom, M|59\/100\n|move|p1a: Gliscor|Taunt|p2a: Chapignon\n|-start|p2a: Chapignon|move: Taunt\n|\n|-heal|p1a: Gliscor|93\/100 tox|[from] ability: Poison Heal\n|upkeep\n|turn|102\n|\n|t:|1648315933\n|switch|p1a: Tangrowth|Tangrowth, M|100\/100\n|switch|p2a: Airmure|Skarmory, F|51\/100 brn\n|\n|-damage|p2a: Airmure|45\/100 brn|[from] brn\n|upkeep\n|turn|103\n|\n|t:|1648315941\n|switch|p1a: Aggron|Aggron-Mega, M|67\/100\n|move|p2a: Airmure|Roost|p2a: Airmure\n|-heal|p2a: Airmure|95\/100 brn\n|-singleturn|p2a: Airmure|move: Roost\n|\n|-damage|p2a: Airmure|89\/100 brn|[from] brn\n|upkeep\n|turn|104\n|\n|t:|1648315949\n|move|p2a: Airmure|Stealth Rock|p1a: Aggron\n|-sidestart|p1: Cowsrule247|move: Stealth Rock\n|move|p1a: Aggron|Fire Punch|p2a: Airmure\n|-supereffective|p2a: Airmure\n|-damage|p2a: Airmure|62\/100 brn\n|\n|-damage|p2a: Airmure|56\/100 brn|[from] brn\n|upkeep\n|turn|105\n|\n|t:|1648315958\n|switch|p2a: Suicune|Suicune|88\/100\n|-ability|p2a: Suicune|Pressure\n|move|p1a: Aggron|Earthquake|p2a: Suicune\n|-damage|p2a: Suicune|70\/100\n|\n|-heal|p2a: Suicune|76\/100|[from] item: Leftovers\n|upkeep\n|turn|106\n|\n|t:|1648315971\n|switch|p2a: Airmure|Skarmory, F|56\/100 brn\n|move|p1a: Aggron|Heavy Slam|p2a: Airmure\n|-resisted|p2a: Airmure\n|-damage|p2a: Airmure|39\/100 brn\n|\n|-damage|p2a: Airmure|33\/100 brn|[from] brn\n|upkeep\n|turn|107\n|\n|t:|1648315986\n|move|p2a: Airmure|Roost|p2a: Airmure\n|-heal|p2a: Airmure|83\/100 brn\n|-singleturn|p2a: Airmure|move: Roost\n|move|p1a: Aggron|Earthquake|p2a: Airmure\n|-supereffective|p2a: Airmure\n|-damage|p2a: Airmure|49\/100 brn\n|\n|-damage|p2a: Airmure|43\/100 brn|[from] brn\n|upkeep\n|turn|108\n|\n|t:|1648315998\n|move|p2a: Airmure|Roost|p2a: Airmure\n|-heal|p2a: Airmure|93\/100 brn\n|-singleturn|p2a: Airmure|move: Roost\n|move|p1a: Aggron|Earthquake|p2a: Airmure\n|-supereffective|p2a: Airmure\n|-damage|p2a: Airmure|57\/100 brn\n|\n|-damage|p2a: Airmure|51\/100 brn|[from] brn\n|upkeep\n|turn|109\n|inactive|Voltali2B has 120 seconds left.\n|\n|t:|1648316009\n|switch|p2a: Chapignon|Breloom, M|59\/100\n|move|p1a: Aggron|Earthquake|p2a: Chapignon\n|-resisted|p2a: Chapignon\n|-damage|p2a: Chapignon|35\/100\n|\n|upkeep\n|turn|110\n|inactive|Voltali2B has 120 seconds left.\n|inactive|Cowsrule247 has 120 seconds left.\n|\n|t:|1648316025\n|move|p2a: Chapignon|Spore|p1a: Aggron\n|-status|p1a: Aggron|slp|[from] move: Spore\n|cant|p1a: Aggron|slp\n|\n|upkeep\n|turn|111\n|inactive|Cowsrule247 has 120 seconds left.\n|inactive|Voltali2B has 120 seconds left.\n|\n|t:|1648316036\n|-singleturn|p2a: Chapignon|move: Focus Punch\n|switch|p1a: Tangrowth|Tangrowth, M|100\/100\n|-damage|p1a: Tangrowth|88\/100|[from] Stealth Rock\n|move|p2a: Chapignon|Focus Punch|p1a: Tangrowth\n|-damage|p1a: Tangrowth|43\/100\n|\n|upkeep\n|turn|112\n|inactive|Cowsrule247 has 120 seconds left.\n|\n|t:|1648316044\n|-singleturn|p2a: Chapignon|move: Focus Punch\n|move|p1a: Tangrowth|Giga Drain|p2a: Chapignon\n|-resisted|p2a: Chapignon\n|-damage|p2a: Chapignon|0 fnt\n|-heal|p1a: Tangrowth|54\/100|[from] drain|[of] p2a: Chapignon\n|faint|p2a: Chapignon\n|\n|upkeep\n|\n|t:|1648316053\n|switch|p2a: Airmure|Skarmory, F|51\/100 brn\n|turn|113\n|\n|t:|1648316062\n|move|p1a: Tangrowth|Giga Drain|p2a: Airmure\n|-resisted|p2a: Airmure\n|-damage|p2a: Airmure|38\/100 brn\n|-heal|p1a: Tangrowth|59\/100|[from] drain|[of] p2a: Airmure\n|move|p2a: Airmure|Roar|p1a: Tangrowth\n|drag|p1a: Aggron|Aggron-Mega, M|67\/100 slp\n|-damage|p1a: Aggron|61\/100 slp|[from] Stealth Rock\n|\n|-damage|p2a: Airmure|32\/100 brn|[from] brn\n|upkeep\n|turn|114\n|inactive|Voltali2B has 120 seconds left.\n|\n|t:|1648316071\n|switch|p1a: Chansey|Chansey, F, shiny|67\/100\n|-damage|p1a: Chansey|54\/100|[from] Stealth Rock\n|move|p2a: Airmure|Roost|p2a: Airmure\n|-heal|p2a: Airmure|82\/100 brn\n|-singleturn|p2a: Airmure|move: Roost\n|\n|-damage|p2a: Airmure|76\/100 brn|[from] brn\n|upkeep\n|turn|115\n|inactive|Voltali2B has 120 seconds left.\n|\n|t:|1648316084\n|move|p2a: Airmure|Toxic|p1a: Chansey\n|-status|p1a: Chansey|tox\n|move|p1a: Chansey|Heal Bell|p1a: Chansey\n|-activate|p1a: Chansey|move: Heal Bell\n|-curestatus|p1a: Chansey|tox|[msg]\n|-curestatus|p1: Aggron|slp|[msg]\n|-curestatus|p1: Gliscor|tox|[msg]\n|\n|-damage|p2a: Airmure|70\/100 brn|[from] brn\n|upkeep\n|turn|116\n|inactive|Cowsrule247 has 120 seconds left.\n|\n|t:|1648316108\n|move|p1a: Chansey|Wish|p1a: Chansey\n|move|p2a: Airmure|Roar|p1a: Chansey\n|drag|p1a: Aggron|Aggron-Mega, M|61\/100\n|-damage|p1a: Aggron|55\/100|[from] Stealth Rock\n|\n|-damage|p2a: Airmure|64\/100 brn|[from] brn\n|upkeep\n|turn|117\n|\n|t:|1648316119\n|move|p2a: Airmure|Roost|p2a: Airmure\n|-heal|p2a: Airmure|100\/100 brn\n|-singleturn|p2a: Airmure|move: Roost\n|move|p1a: Aggron|Earthquake|p2a: Airmure\n|-supereffective|p2a: Airmure\n|-damage|p2a: Airmure|64\/100 brn\n|\n|-heal|p1a: Aggron|100\/100|[from] move: Wish|[wisher] Chansey\n|-damage|p2a: Airmure|58\/100 brn|[from] brn\n|upkeep\n|turn|118\n|\n|t:|1648316132\n|move|p2a: Airmure|Roost|p2a: Airmure\n|-heal|p2a: Airmure|100\/100 brn\n|-singleturn|p2a: Airmure|move: Roost\n|move|p1a: Aggron|Stealth Rock|p2a: Airmure\n|-sidestart|p2: Voltali2B|move: Stealth Rock\n|\n|-damage|p2a: Airmure|95\/100 brn|[from] brn\n|upkeep\n|turn|119\n|\n|t:|1648316145\n|switch|p1a: Gliscor|Gliscor, F|93\/100\n|-damage|p1a: Gliscor|80\/100|[from] Stealth Rock\n|move|p2a: Airmure|Roar|p1a: Gliscor\n|drag|p1a: Mew|Mew|86\/100\n|-damage|p1a: Mew|74\/100|[from] Stealth Rock\n|\n|-damage|p2a: Airmure|89\/100 brn|[from] brn\n|upkeep\n|turn|120\n|\n|t:|1648316156\n|move|p1a: Mew|Defog|p2a: Airmure\n|-unboost|p2a: Airmure|evasion|1\n|-sideend|p2: Voltali2B|Stealth Rock|[from] move: Defog|[of] p1a: Mew\n|-sideend|p1: Cowsrule247|Stealth Rock|[from] move: Defog|[of] p1a: Mew\n|move|p2a: Airmure|Roar|p1a: Mew\n|drag|p1a: Aggron|Aggron-Mega, M|100\/100\n|\n|-damage|p2a: Airmure|83\/100 brn|[from] brn\n|upkeep\n|turn|121\n|inactive|Cowsrule247 has 120 seconds left.\n|\n|t:|1648316168\n|move|p1a: Aggron|Fire Punch|p2a: Airmure\n|-supereffective|p2a: Airmure\n|-damage|p2a: Airmure|56\/100 brn\n|move|p2a: Airmure|Roar|p1a: Aggron\n|drag|p1a: Pyukumuku|Pyukumuku, F|62\/100\n|\n|-heal|p1a: Pyukumuku|68\/100|[from] item: Leftovers\n|-damage|p2a: Airmure|50\/100 brn|[from] brn\n|upkeep\n|turn|122\n|\n|t:|1648316177\n|switch|p2a: Mentali|Espeon, F|18\/100\n|switch|p1a: Chansey|Chansey, F, shiny|54\/100\n|\n|upkeep\n|turn|123\n|\n|t:|1648316183\n|switch|p1a: Mew|Mew|74\/100\n|move|p2a: Mentali|Psyshock|p1a: Mew\n|-resisted|p1a: Mew\n|-damage|p1a: Mew|60\/100\n|\n|upkeep\n|turn|124\n|\n|t:|1648316192\n|switch|p2a: Suicune|Suicune|76\/100\n|-ability|p2a: Suicune|Pressure\n|move|p1a: Mew|Soft-Boiled|p1a: Mew\n|-heal|p1a: Mew|100\/100\n|\n|-heal|p2a: Suicune|83\/100|[from] item: Leftovers\n|upkeep\n|turn|125\n|inactive|Cowsrule247 has 120 seconds left.\n|inactive|Voltali2B has 90 seconds left.\n|\n|t:|1648316207\n|switch|p2a: Airmure|Skarmory, F|50\/100 brn\n|move|p1a: Mew|Knock Off|p2a: Airmure\n|-damage|p2a: Airmure|41\/100 brn\n|\n|-damage|p2a: Airmure|35\/100 brn|[from] brn\n|upkeep\n|turn|126\n|inactive|Cowsrule247 has 120 seconds left.\n|\n|t:|1648316216\n|switch|p1a: Gliscor|Gliscor, F|80\/100\n|move|p2a: Airmure|Roost|p2a: Airmure\n|-heal|p2a: Airmure|85\/100 brn\n|-singleturn|p2a: Airmure|move: Roost\n|\n|-damage|p2a: Airmure|79\/100 brn|[from] brn\n|-status|p1a: Gliscor|tox|[from] item: Toxic Orb\n|upkeep\n|turn|127\n|inactive|Cowsrule247 has 120 seconds left.\n|\n|t:|1648316228\n|switch|p1a: Aggron|Aggron-Mega, M|100\/100\n|move|p2a: Airmure|Stealth Rock|p1a: Aggron\n|-sidestart|p1: Cowsrule247|move: Stealth Rock\n|\n|-damage|p2a: Airmure|73\/100 brn|[from] brn\n|upkeep\n|turn|128\n|\n|t:|1648316234\n|move|p1a: Aggron|Stealth Rock|p2a: Airmure\n|-sidestart|p2: Voltali2B|move: Stealth Rock\n|move|p2a: Airmure|Roar|p1a: Aggron\n|drag|p1a: Gliscor|Gliscor, F|80\/100 tox\n|-damage|p1a: Gliscor|68\/100 tox|[from] Stealth Rock\n|\n|-heal|p1a: Gliscor|80\/100 tox|[from] ability: Poison Heal\n|-damage|p2a: Airmure|67\/100 brn|[from] brn\n|upkeep\n|turn|129\n|\n|t:|1648316243\n|move|p1a: Gliscor|Defog|p2a: Airmure\n|-unboost|p2a: Airmure|evasion|1\n|-sideend|p2: Voltali2B|Stealth Rock|[from] move: Defog|[of] p1a: Gliscor\n|-sideend|p1: Cowsrule247|Stealth Rock|[from] move: Defog|[of] p1a: Gliscor\n|move|p2a: Airmure|Roar|p1a: Gliscor\n|drag|p1a: Chansey|Chansey, F, shiny|54\/100\n|\n|-damage|p2a: Airmure|61\/100 brn|[from] brn\n|upkeep\n|turn|130\n|\n|t:|1648316252\n|switch|p2a: Suicune|Suicune|83\/100\n|-ability|p2a: Suicune|Pressure\n|move|p1a: Chansey|Soft-Boiled|p1a: Chansey\n|-heal|p1a: Chansey|100\/100\n|\n|-heal|p2a: Suicune|89\/100|[from] item: Leftovers\n|upkeep\n|turn|131\n|\n|t:|1648316261\n|switch|p1a: Pyukumuku|Pyukumuku, F|68\/100\n|-activate|p2a: Suicune|move: Struggle\n|move|p2a: Suicune|Struggle|p1a: Pyukumuku\n|-damage|p1a: Pyukumuku|63\/100\n|-damage|p2a: Suicune|64\/100|[from] recoil\n|\n|-heal|p2a: Suicune|70\/100|[from] item: Leftovers\n|-heal|p1a: Pyukumuku|69\/100|[from] item: Leftovers\n|upkeep\n|turn|132\n|\n|t:|1648316271\n|switch|p2a: Mentali|Espeon, F|18\/100\n|switch|p1a: Tangrowth|Tangrowth, M|93\/100\n|\n|upkeep\n|turn|133\n|\n|t:|1648316281\n|switch|p2a: Airmure|Skarmory, F|61\/100 brn\n|switch|p1a: Mew|Mew|100\/100\n|\n|-damage|p2a: Airmure|55\/100 brn|[from] brn\n|upkeep\n|turn|134\n|inactive|Cowsrule247 has 120 seconds left.\n|\n|t:|1648316291\n|switch|p1a: Gliscor|Gliscor, F|80\/100 tox\n|move|p2a: Airmure|Roost|p2a: Airmure\n|-heal|p2a: Airmure|100\/100 brn\n|-singleturn|p2a: Airmure|move: Roost\n|\n|-heal|p1a: Gliscor|93\/100 tox|[from] ability: Poison Heal\n|-damage|p2a: Airmure|95\/100 brn|[from] brn\n|upkeep\n|turn|135\n|inactive|Cowsrule247 has 120 seconds left.\n|\n|t:|1648316305\n|move|p1a: Gliscor|Taunt|p2a: Airmure\n|-start|p2a: Airmure|move: Taunt\n|cant|p2a: Airmure|move: Taunt|Toxic\n|\n|-heal|p1a: Gliscor|100\/100 tox|[from] ability: Poison Heal\n|-damage|p2a: Airmure|89\/100 brn|[from] brn\n|upkeep\n|turn|136\n|\n|t:|1648316313\n|switch|p1a: Aggron|Aggron-Mega, M|100\/100\n|switch|p2a: Suicune|Suicune|70\/100\n|-ability|p2a: Suicune|Pressure\n|\n|-heal|p2a: Suicune|76\/100|[from] item: Leftovers\n|upkeep\n|turn|137\n|\n|t:|1648316322\n|switch|p2a: Mentali|Espeon, F|18\/100\n|move|p1a: Aggron|Stealth Rock|p2a: Mentali\n|move|p2a: Mentali|Stealth Rock|p1a: Aggron|[from]ability: Magic Bounce\n|-sidestart|p1: Cowsrule247|move: Stealth Rock\n|\n|upkeep\n|turn|138\n|\n|t:|1648316330\n|switch|p2a: Airmure|Skarmory, F|89\/100 brn\n|move|p1a: Aggron|Heavy Slam|p2a: Airmure\n|-resisted|p2a: Airmure\n|-damage|p2a: Airmure|71\/100 brn\n|\n|-damage|p2a: Airmure|65\/100 brn|[from] brn\n|upkeep\n|turn|139\n|\n|t:|1648316338\n|move|p1a: Aggron|Earthquake|p2a: Airmure\n|-immune|p2a: Airmure\n|move|p2a: Airmure|Roar|p1a: Aggron\n|drag|p1a: Tangrowth|Tangrowth, M|100\/100\n|-damage|p1a: Tangrowth|88\/100|[from] Stealth Rock\n|\n|-damage|p2a: Airmure|59\/100 brn|[from] brn\n|upkeep\n|turn|140\n|\n|t:|1648316346\n|move|p2a: Airmure|Toxic|p1a: Tangrowth\n|-status|p1a: Tangrowth|tox\n|move|p1a: Tangrowth|Giga Drain|p2a: Airmure\n|-resisted|p2a: Airmure\n|-damage|p2a: Airmure|46\/100 brn\n|-heal|p1a: Tangrowth|94\/100 tox|[from] drain|[of] p2a: Airmure\n|\n|-damage|p1a: Tangrowth|88\/100 tox|[from] psn\n|-damage|p2a: Airmure|40\/100 brn|[from] brn\n|upkeep\n|turn|141\n|\n|t:|1648316358\n|switch|p2a: Leveinard|Chansey, F|64\/100\n|switch|p1a: Gliscor|Gliscor, F|100\/100 tox\n|-damage|p1a: Gliscor|88\/100 tox|[from] Stealth Rock\n|\n|-heal|p1a: Gliscor|100\/100 tox|[from] ability: Poison Heal\n|upkeep\n|turn|142\n|\n|t:|1648316367\n|switch|p2a: Suicune|Suicune|76\/100\n|-ability|p2a: Suicune|Pressure\n|move|p1a: Gliscor|Defog|p2a: Suicune\n|-unboost|p2a: Suicune|evasion|1\n|-sideend|p1: Cowsrule247|Stealth Rock|[from] move: Defog|[of] p1a: Gliscor\n|\n|-heal|p2a: Suicune|82\/100|[from] item: Leftovers\n|upkeep\n|turn|143\n|inactive|Voltali2B has 60 seconds left.\n|\n|t:|1648316378\n|switch|p1a: Chansey|Chansey, F, shiny|100\/100\n|switch|p2a: Airmure|Skarmory, F|40\/100 brn\n|\n|-damage|p2a: Airmure|34\/100 brn|[from] brn\n|upkeep\n|turn|144\n|inactive|Voltali2B has 60 seconds left.\n|inactive|Cowsrule247 has 120 seconds left.\n|\n|t:|1648316409\n|move|p2a: Airmure|Roost|p2a: Airmure\n|-heal|p2a: Airmure|84\/100 brn\n|-singleturn|p2a: Airmure|move: Roost\n|move|p1a: Chansey|Heal Bell|p1a: Chansey\n|-activate|p1a: Chansey|move: Heal Bell\n|-curestatus|p1: Tangrowth|tox|[msg]\n|-curestatus|p1: Gliscor|tox|[msg]\n|\n|-damage|p2a: Airmure|78\/100 brn|[from] brn\n|upkeep\n|turn|145\n|inactive|Voltali2B has 60 seconds left.\n|\n|t:|1648316422\n|switch|p1a: Gliscor|Gliscor, F|100\/100\n|move|p2a: Airmure|Toxic|p1a: Gliscor\n|-status|p1a: Gliscor|tox\n|\n|-damage|p2a: Airmure|72\/100 brn|[from] brn\n|upkeep\n|turn|146\n|inactive|Voltali2B has 60 seconds left.\n|\n|t:|1648316433\n|switch|p1a: Aggron|Aggron-Mega, M|100\/100\n|switch|p2a: Suicune|Suicune|82\/100\n|-ability|p2a: Suicune|Pressure\n|\n|-heal|p2a: Suicune|89\/100|[from] item: Leftovers\n|upkeep\n|turn|147\n|inactive|Voltali2B has 60 seconds left.\n|\n|t:|1648316443\n|switch|p2a: Airmure|Skarmory, F|72\/100 brn\n|move|p1a: Aggron|Stealth Rock|p2a: Airmure\n|-sidestart|p2: Voltali2B|move: Stealth Rock\n|\n|-damage|p2a: Airmure|66\/100 brn|[from] brn\n|upkeep\n|turn|148\n|\n|t:|1648316450\n|move|p2a: Airmure|Stealth Rock|p1a: Aggron\n|-sidestart|p1: Cowsrule247|move: Stealth Rock\n|move|p1a: Aggron|Fire Punch|p2a: Airmure\n|-supereffective|p2a: Airmure\n|-damage|p2a: Airmure|36\/100 brn\n|\n|-damage|p2a: Airmure|30\/100 brn|[from] brn\n|upkeep\n|turn|149\n|\n|t:|1648316457\n|move|p2a: Airmure|Roost|p2a: Airmure\n|-heal|p2a: Airmure|80\/100 brn\n|-singleturn|p2a: Airmure|move: Roost\n|move|p1a: Aggron|Earthquake|p2a: Airmure\n|-supereffective|p2a: Airmure\n|-crit|p2a: Airmure\n|-damage|p2a: Airmure|21\/100 brn\n|\n|-damage|p2a: Airmure|15\/100 brn|[from] brn\n|upkeep\n|turn|150\n|inactive|Cowsrule247 has 90 seconds left.\n|\n|t:|1648316490\n|move|p2a: Airmure|Roost|p2a: Airmure\n|-heal|p2a: Airmure|65\/100 brn\n|-singleturn|p2a: Airmure|move: Roost\n|move|p1a: Aggron|Fire Punch|p2a: Airmure\n|-supereffective|p2a: Airmure\n|-damage|p2a: Airmure|39\/100 brn\n|\n|-damage|p2a: Airmure|33\/100 brn|[from] brn\n|upkeep\n|turn|151\n|\n|t:|1648316500\n|switch|p2a: Suicune|Suicune|89\/100\n|-damage|p2a: Suicune|76\/100|[from] Stealth Rock\n|-ability|p2a: Suicune|Pressure\n|move|p1a: Aggron|Fire Punch|p2a: Suicune\n|-resisted|p2a: Suicune\n|-damage|p2a: Suicune|70\/100\n|\n|-heal|p2a: Suicune|76\/100|[from] item: Leftovers\n|upkeep\n|turn|152\n|\n|t:|1648316510\n|switch|p1a: Tangrowth|Tangrowth, M|100\/100\n|-damage|p1a: Tangrowth|88\/100|[from] Stealth Rock\n|-activate|p2a: Suicune|move: Struggle\n|move|p2a: Suicune|Struggle|p1a: Tangrowth\n|-damage|p1a: Tangrowth|84\/100\n|-damage|p2a: Suicune|51\/100|[from] recoil\n|\n|-heal|p2a: Suicune|57\/100|[from] item: Leftovers\n|upkeep\n|turn|153\n|\n|t:|1648316524\n|switch|p2a: Airmure|Skarmory, F|33\/100 brn\n|-damage|p2a: Airmure|20\/100 brn|[from] Stealth Rock\n|move|p1a: Tangrowth|Giga Drain|p2a: Airmure\n|-resisted|p2a: Airmure\n|-damage|p2a: Airmure|6\/100 brn\n|-heal|p1a: Tangrowth|90\/100|[from] drain|[of] p2a: Airmure\n|\n|-damage|p2a: Airmure|0 fnt|[from] brn\n|faint|p2a: Airmure\n|upkeep\n|\n|t:|1648316535\n|switch|p2a: Mentali|Espeon, F|18\/100\n|-damage|p2a: Mentali|6\/100|[from] Stealth Rock\n|turn|154\n|\n|t:|1648316540\n|move|p2a: Mentali|Psyshock|p1a: Tangrowth\n|-damage|p1a: Tangrowth|65\/100\n|move|p1a: Tangrowth|Giga Drain|p2a: Mentali\n|-damage|p2a: Mentali|0 fnt\n|-heal|p1a: Tangrowth|66\/100|[from] drain|[of] p2a: Mentali\n|faint|p2a: Mentali\n|\n|upkeep\n|\n|t:|1648316548\n|switch|p2a: Leveinard|Chansey, F|64\/100\n|-damage|p2a: Leveinard|51\/100|[from] Stealth Rock\n|turn|155\n|\n|t:|1648316552\n|move|p2a: Leveinard|Seismic Toss|p1a: Tangrowth\n|-damage|p1a: Tangrowth|42\/100\n|move|p1a: Tangrowth|Giga Drain|p2a: Leveinard\n|-damage|p2a: Leveinard|34\/100\n|-heal|p1a: Tangrowth|56\/100|[from] drain|[of] p2a: Leveinard\n|\n|upkeep\n|turn|156\n|inactive|Cowsrule247 has 90 seconds left.\n|\n|t:|1648316559\n|move|p2a: Leveinard|Soft-Boiled|p2a: Leveinard\n|-heal|p2a: Leveinard|84\/100\n|move|p1a: Tangrowth|Giga Drain|p2a: Leveinard\n|-damage|p2a: Leveinard|70\/100\n|-heal|p1a: Tangrowth|69\/100|[from] drain|[of] p2a: Leveinard\n|\n|upkeep\n|turn|157\n|inactive|Cowsrule247 has 90 seconds left.\n|\n|t:|1648316568\n|switch|p1a: Gliscor|Gliscor, F|100\/100 tox\n|-damage|p1a: Gliscor|88\/100 tox|[from] Stealth Rock\n|move|p2a: Leveinard|Seismic Toss|p1a: Gliscor\n|-damage|p1a: Gliscor|57\/100 tox\n|\n|-heal|p1a: Gliscor|69\/100 tox|[from] ability: Poison Heal\n|upkeep\n|turn|158\n|\n|t:|1648316576\n|switch|p2a: Suicune|Suicune|57\/100\n|-damage|p2a: Suicune|45\/100|[from] Stealth Rock\n|-ability|p2a: Suicune|Pressure\n|move|p1a: Gliscor|Taunt|p2a: Suicune\n|-start|p2a: Suicune|move: Taunt\n|\n|-heal|p2a: Suicune|51\/100|[from] item: Leftovers\n|-heal|p1a: Gliscor|82\/100 tox|[from] ability: Poison Heal\n|upkeep\n|turn|159\n|\n|t:|1648316587\n|move|p1a: Gliscor|Toxic|p2a: Suicune\n|-status|p2a: Suicune|tox\n|-activate|p2a: Suicune|move: Struggle\n|move|p2a: Suicune|Struggle|p1a: Gliscor\n|-damage|p1a: Gliscor|76\/100 tox\n|-damage|p2a: Suicune|26\/100 tox|[from] recoil\n|\n|-heal|p2a: Suicune|32\/100 tox|[from] item: Leftovers\n|-heal|p1a: Gliscor|89\/100 tox|[from] ability: Poison Heal\n|-damage|p2a: Suicune|26\/100 tox|[from] psn\n|upkeep\n|turn|160\n|\n|t:|1648316597\n|switch|p2a: Leveinard|Chansey, F|70\/100\n|-damage|p2a: Leveinard|57\/100|[from] Stealth Rock\n|move|p1a: Gliscor|Taunt|p2a: Leveinard\n|-start|p2a: Leveinard|move: Taunt\n|\n|-heal|p1a: Gliscor|100\/100 tox|[from] ability: Poison Heal\n|upkeep\n|turn|161\n|\n|t:|1648316607\n|move|p1a: Gliscor|Toxic|p2a: Leveinard\n|-status|p2a: Leveinard|tox\n|move|p2a: Leveinard|Seismic Toss|p1a: Gliscor\n|-damage|p1a: Gliscor|69\/100 tox\n|\n|-heal|p1a: Gliscor|82\/100 tox|[from] ability: Poison Heal\n|-damage|p2a: Leveinard|51\/100 tox|[from] psn\n|upkeep\n|turn|162\n|\n|t:|1648316616\n|move|p1a: Gliscor|Taunt||[still]\n|-fail|p1a: Gliscor\n|move|p2a: Leveinard|Seismic Toss|p1a: Gliscor\n|-damage|p1a: Gliscor|50\/100 tox\n|\n|-heal|p1a: Gliscor|63\/100 tox|[from] ability: Poison Heal\n|-damage|p2a: Leveinard|38\/100 tox|[from] psn\n|-end|p2a: Leveinard|move: Taunt\n|upkeep\n|turn|163\n|\n|t:|1648316628\n|-curestatus|p2a: Leveinard|tox|[from] ability: Natural Cure\n|switch|p2a: Suicune|Suicune|26\/100 tox\n|-damage|p2a: Suicune|14\/100 tox|[from] Stealth Rock\n|-ability|p2a: Suicune|Pressure\n|move|p1a: Gliscor|Taunt|p2a: Suicune\n|-start|p2a: Suicune|move: Taunt\n|\n|-heal|p2a: Suicune|20\/100 tox|[from] item: Leftovers\n|-heal|p1a: Gliscor|75\/100 tox|[from] ability: Poison Heal\n|-damage|p2a: Suicune|14\/100 tox|[from] psn\n|upkeep\n|turn|164\n|inactive|Voltali2B has 30 seconds left.\n|\n|t:|1648316641\n|switch|p2a: Leveinard|Chansey, F|38\/100\n|-damage|p2a: Leveinard|26\/100|[from] Stealth Rock\n|move|p1a: Gliscor|Taunt|p2a: Leveinard\n|-start|p2a: Leveinard|move: Taunt\n|\n|-heal|p1a: Gliscor|88\/100 tox|[from] ability: Poison Heal\n|upkeep\n|turn|165\n|inactive|Voltali2B has 30 seconds left.\n|\n|t:|1648316650\n|move|p1a: Gliscor|Toxic|p2a: Leveinard\n|-status|p2a: Leveinard|tox\n|move|p2a: Leveinard|Seismic Toss|p1a: Gliscor\n|-damage|p1a: Gliscor|57\/100 tox\n|\n|-heal|p1a: Gliscor|69\/100 tox|[from] ability: Poison Heal\n|-damage|p2a: Leveinard|20\/100 tox|[from] psn\n|upkeep\n|turn|166\n|inactive|Voltali2B has 30 seconds left.\n|\n|t:|1648316660\n|move|p1a: Gliscor|Taunt||[still]\n|-fail|p1a: Gliscor\n|move|p2a: Leveinard|Seismic Toss|p1a: Gliscor\n|-damage|p1a: Gliscor|38\/100 tox\n|\n|-heal|p1a: Gliscor|50\/100 tox|[from] ability: Poison Heal\n|-damage|p2a: Leveinard|7\/100 tox|[from] psn\n|-end|p2a: Leveinard|move: Taunt\n|upkeep\n|turn|167\n|inactive|Voltali2B has 30 seconds left.\n|\n|t:|1648316668\n|move|p1a: Gliscor|Taunt|p2a: Leveinard\n|-start|p2a: Leveinard|move: Taunt\n|cant|p2a: Leveinard|move: Taunt|Soft-Boiled\n|\n|-heal|p1a: Gliscor|63\/100 tox|[from] ability: Poison Heal\n|-damage|p2a: Leveinard|0 fnt|[from] psn\n|faint|p2a: Leveinard\n|upkeep\n|inactive|Voltali2B has 30 seconds left.\n|\n|t:|1648316676\n|switch|p2a: Suicune|Suicune|14\/100 tox\n|-damage|p2a: Suicune|1\/100 tox|[from] Stealth Rock\n|-ability|p2a: Suicune|Pressure\n|turn|168\n|inactive|Voltali2B has 30 seconds left.\n|\n|t:|1648316682\n|move|p1a: Gliscor|Roost|p1a: Gliscor\n|-heal|p1a: Gliscor|100\/100 tox\n|-singleturn|p1a: Gliscor|move: Roost\n|-activate|p2a: Suicune|move: Struggle\n|move|p2a: Suicune|Struggle|p1a: Gliscor\n|-damage|p1a: Gliscor|94\/100 tox\n|-damage|p2a: Suicune|0 fnt|[from] recoil\n|faint|p2a: Suicune\n|\n|win|Cowsrule247\n|raw|Cowsrule247's rating: 1244 &rarr; <strong>1269<\/strong><br \/>(+25 for winning)\n|raw|Voltali2B's rating: 1240 &rarr; <strong>1215<\/strong><br \/>(-25 for losing)\n|c|\u2606Voltali2B|gg\n","uploadtime":1648316699,"views":2,"p1id":"cowsrule247","p2id":"voltali2b","formatid":"gen7ou","rating":1215,"private":0,"password":null}