{"id":"gen7ou-865040069","p1":"YungDekuSan","p2":"orangesss","format":"gen7ou","log":"|j|\u2606YungDekuSan\n|j|\u2606orangesss\n|player|p1|YungDekuSan|265\n|player|p2|orangesss|269\n|teamsize|p1|6\n|teamsize|p2|6\n|gametype|singles\n|gen|7\n|tier|[Gen 7] OU\n|rated|\n|rule|Sleep Clause Mod: Limit one foe put to sleep\n|rule|Species Clause: Limit one of each Pok\u00e9mon\n|rule|OHKO Clause: OHKO moves are banned\n|rule|Moody Clause: Moody is banned\n|rule|Evasion Moves Clause: Evasion moves are banned\n|rule|Endless Battle Clause: Forcing endless battles is banned\n|rule|HP Percentage Mod: HP is shown in percentages\n|clearpoke\n|poke|p1|Pelipper, M|item\n|poke|p1|Swampert, M|item\n|poke|p1|Ferrothorn, M|item\n|poke|p1|Greninja, M|item\n|poke|p1|Tapu Koko|item\n|poke|p1|Dragonite, M|item\n|poke|p2|Hawlucha, F|item\n|poke|p2|Swampert, F|item\n|poke|p2|Ferrothorn, M|item\n|poke|p2|Pelipper, F|item\n|poke|p2|Tapu Koko|item\n|poke|p2|Kartana|item\n|teampreview\n|inactive|Battle timer is ON: inactive players will automatically lose when time's up. (requested by YungDekuSan)\n|inactive|YungDekuSan has 120 seconds left.\n|\n|start\n|switch|p1a: Pelipper|Pelipper, M, shiny|100\/100\n|switch|p2a: Hate rain :(|Ferrothorn, M|100\/100\n|-weather|RainDance|[from] ability: Drizzle|[of] p1a: Pelipper\n|turn|1\n|j| leldie135\n|\n|switch|p1a: Ferrothorn|Ferrothorn, M, shiny|100\/100\n|move|p2a: Hate rain :(|Knock Off|p1a: Ferrothorn\n|-damage|p1a: Ferrothorn|86\/100\n|-damage|p2a: Hate rain :(|88\/100|[from] ability: Iron Barbs|[of] p1a: Ferrothorn\n|-enditem|p1a: Ferrothorn|Leftovers|[from] move: Knock Off|[of] p2a: Hate rain :(\n|\n|-weather|RainDance|[upkeep]\n|-heal|p2a: Hate rain :(|94\/100|[from] item: Leftovers\n|upkeep\n|turn|2\n|\n|move|p1a: Ferrothorn|Stealth Rock|p2a: Hate rain :(\n|-sidestart|p2: orangesss|move: Stealth Rock\n|move|p2a: Hate rain :(|Stealth Rock|p1a: Ferrothorn\n|-sidestart|p1: YungDekuSan|move: Stealth Rock\n|\n|-weather|RainDance|[upkeep]\n|-heal|p2a: Hate rain :(|100\/100|[from] item: Leftovers\n|upkeep\n|turn|3\n|\n|move|p1a: Ferrothorn|Spikes|p2a: Hate rain :(\n|-sidestart|p2: orangesss|Spikes\n|move|p2a: Hate rain :(|Spikes|p1a: Ferrothorn\n|-sidestart|p1: YungDekuSan|Spikes\n|\n|-weather|RainDance|[upkeep]\n|upkeep\n|turn|4\n|\n|move|p2a: Hate rain :(|Spikes|p1a: Ferrothorn\n|-sidestart|p1: YungDekuSan|Spikes\n|move|p1a: Ferrothorn|Spikes|p2a: Hate rain :(\n|-sidestart|p2: orangesss|Spikes\n|\n|-weather|RainDance|[upkeep]\n|upkeep\n|turn|5\n|j| albinakamura\n|\n|move|p2a: Hate rain :(|Spikes|p1a: Ferrothorn\n|-sidestart|p1: YungDekuSan|Spikes\n|move|p1a: Ferrothorn|Spikes|p2a: Hate rain :(\n|-sidestart|p2: orangesss|Spikes\n|\n|-weather|RainDance|[upkeep]\n|upkeep\n|turn|6\n|\n|move|p2a: Hate rain :(|Knock Off|p1a: Ferrothorn\n|-damage|p1a: Ferrothorn|75\/100\n|-damage|p2a: Hate rain :(|88\/100|[from] ability: Iron Barbs|[of] p1a: Ferrothorn\n|move|p1a: Ferrothorn|Power Whip|p2a: Hate rain :(\n|-resisted|p2a: Hate rain :(\n|-damage|p2a: Hate rain :(|82\/100\n|-damage|p1a: Ferrothorn|63\/100|[from] ability: Iron Barbs|[of] p2a: Hate rain :(\n|\n|-weather|RainDance|[upkeep]\n|-heal|p2a: Hate rain :(|88\/100|[from] item: Leftovers\n|upkeep\n|turn|7\n|\n|switch|p1a: Swampert|Swampert, M, shiny|100\/100\n|-damage|p1a: Swampert|94\/100|[from] Stealth Rock\n|-damage|p1a: Swampert|69\/100|[from] Spikes\n|move|p2a: Hate rain :(|Gyro Ball|p1a: Swampert\n|-resisted|p1a: Swampert\n|-damage|p1a: Swampert|46\/100\n|\n|-weather|RainDance|[upkeep]\n|-heal|p2a: Hate rain :(|95\/100|[from] item: Leftovers\n|upkeep\n|turn|8\n|\n|switch|p2a: Nappy love|Pelipper, F|100\/100\n|-damage|p2a: Nappy love|76\/100|[from] Stealth Rock\n|detailschange|p1a: Swampert|Swampert-Mega, M, shiny\n|-mega|p1a: Swampert|Swampert|Swampertite\n|move|p1a: Swampert|Earthquake|p2a: Nappy love\n|-immune|p2a: Nappy love\n|\n|-weather|none\n|upkeep\n|turn|9\n|\n|move|p1a: Swampert|Stone Edge|p2a: Nappy love\n|-supereffective|p2a: Nappy love\n|-damage|p2a: Nappy love|0 fnt\n|faint|p2a: Nappy love\n|\n|upkeep\n|\n|switch|p2a: arsonist|Kartana|100\/100\n|-damage|p2a: arsonist|76\/100|[from] Spikes\n|-damage|p2a: arsonist|70\/100|[from] Stealth Rock\n|turn|10\n|\n|switch|p1a: Dragonite|Dragonite, M, shiny|100\/100\n|-damage|p1a: Dragonite|76\/100|[from] Stealth Rock\n|move|p2a: arsonist|Sacred Sword|p1a: Dragonite\n|-resisted|p1a: Dragonite\n|-damage|p1a: Dragonite|54\/100\n|\n|upkeep\n|turn|11\n|\n|switch|p2a: Birdman|Tapu Koko|100\/100\n|-damage|p2a: Birdman|88\/100|[from] Stealth Rock\n|-damage|p2a: Birdman|63\/100|[from] Spikes\n|-fieldstart|move: Electric Terrain|[from] ability: Electric Surge|[of] p2a: Birdman\n|move|p1a: Dragonite|Superpower|p2a: Birdman\n|-resisted|p2a: Birdman\n|-damage|p2a: Birdman|30\/100\n|-unboost|p1a: Dragonite|atk|1\n|-unboost|p1a: Dragonite|def|1\n|-damage|p1a: Dragonite|44\/100|[from] item: Life Orb\n|\n|upkeep\n|turn|12\n|\n|switch|p1a: Pelipper|Pelipper, M, shiny|100\/100\n|-damage|p1a: Pelipper|75\/100|[from] Stealth Rock\n|-weather|RainDance|[from] ability: Drizzle|[of] p1a: Pelipper\n|move|p2a: Birdman|Dazzling Gleam|p1a: Pelipper\n|-damage|p1a: Pelipper|46\/100\n|\n|-weather|RainDance|[upkeep]\n|upkeep\n|turn|13\n|\n|-zpower|p2a: Birdman\n|move|p2a: Birdman|Twinkle Tackle|p1a: Pelipper|[zeffect]\n|-damage|p1a: Pelipper|0 fnt\n|faint|p1a: Pelipper\n|\n|-weather|RainDance|[upkeep]\n|upkeep\n|inactive|YungDekuSan has 120 seconds left.\n|\n|switch|p1a: Greninja|Greninja, M|100\/100\n|-damage|p1a: Greninja|76\/100|[from] Spikes\n|-damage|p1a: Greninja|63\/100|[from] Stealth Rock\n|turn|14\n|\n|switch|p2a: Hate rain :(|Ferrothorn, M|95\/100\n|-damage|p2a: Hate rain :(|70\/100|[from] Spikes\n|-damage|p2a: Hate rain :(|63\/100|[from] Stealth Rock\n|move|p1a: Greninja|Water Shuriken|p2a: Hate rain :(\n|-resisted|p2a: Hate rain :(\n|-damage|p2a: Hate rain :(|58\/100\n|-resisted|p2a: Hate rain :(\n|-damage|p2a: Hate rain :(|52\/100\n|-hitcount|p2a: Hate rain :(|2\n|\n|-weather|RainDance|[upkeep]\n|-heal|p2a: Hate rain :(|58\/100|[from] item: Leftovers\n|upkeep\n|turn|15\n|\n|switch|p1a: Dragonite|Dragonite, M, shiny|44\/100\n|-damage|p1a: Dragonite|19\/100|[from] Stealth Rock\n|move|p2a: Hate rain :(|Gyro Ball|p1a: Dragonite\n|-damage|p1a: Dragonite|0 fnt\n|faint|p1a: Dragonite\n|\n|-weather|RainDance|[upkeep]\n|-heal|p2a: Hate rain :(|64\/100|[from] item: Leftovers\n|-fieldend|move: Electric Terrain\n|upkeep\n|\n|switch|p1a: Swampert|Swampert-Mega, M, shiny|46\/100\n|-damage|p1a: Swampert|21\/100|[from] Spikes\n|-damage|p1a: Swampert|15\/100|[from] Stealth Rock\n|turn|16\n|\n|switch|p2a: Birdman|Tapu Koko|30\/100\n|-damage|p2a: Birdman|18\/100|[from] Stealth Rock\n|-damage|p2a: Birdman|0 fnt|[from] Spikes\n|faint|p2a: Birdman\n|move|p1a: Swampert|Earthquake|p2: Birdman|[notarget]\n|-fail|p1a: Swampert\n|\n|-weather|RainDance|[upkeep]\n|upkeep\n|\n|switch|p2a: arsonist|Kartana|70\/100\n|-damage|p2a: arsonist|63\/100|[from] Stealth Rock\n|-damage|p2a: arsonist|39\/100|[from] Spikes\n|turn|17\n|inactive|orangesss has 120 seconds left.\n|\n|move|p2a: arsonist|Leaf Blade|p1a: Swampert\n|-supereffective|p1a: Swampert\n|-damage|p1a: Swampert|0 fnt\n|faint|p1a: Swampert\n|-ability|p2a: arsonist|Beast Boost|boost\n|-boost|p2a: arsonist|atk|1\n|\n|-weather|RainDance|[upkeep]\n|upkeep\n|inactive|YungDekuSan has 120 seconds left.\n|l| leldie135\n|inactive|YungDekuSan has 90 seconds left.\n|inactive|YungDekuSan has 60 seconds left.\n|\n|switch|p1a: Ferrothorn|Ferrothorn, M, shiny|63\/100\n|-damage|p1a: Ferrothorn|57\/100|[from] Stealth Rock\n|-damage|p1a: Ferrothorn|32\/100|[from] Spikes\n|turn|18\n|\n|switch|p2a: Hate rain :(|Ferrothorn, M|64\/100\n|-damage|p2a: Hate rain :(|39\/100|[from] Spikes\n|-damage|p2a: Hate rain :(|33\/100|[from] Stealth Rock\n|move|p1a: Ferrothorn|Gyro Ball|p2a: Hate rain :(\n|-resisted|p2a: Hate rain :(\n|-damage|p2a: Hate rain :(|30\/100\n|-damage|p1a: Ferrothorn|19\/100|[from] ability: Iron Barbs|[of] p2a: Hate rain :(\n|\n|-weather|RainDance|[upkeep]\n|-heal|p2a: Hate rain :(|37\/100|[from] item: Leftovers\n|upkeep\n|turn|19\n|\n|move|p1a: Ferrothorn|Gyro Ball|p2a: Hate rain :(\n|-resisted|p2a: Hate rain :(\n|-damage|p2a: Hate rain :(|34\/100\n|-damage|p1a: Ferrothorn|7\/100|[from] ability: Iron Barbs|[of] p2a: Hate rain :(\n|move|p2a: Hate rain :(|Spikes||[still]\n|-fail|p2a: Hate rain :(\n|\n|-weather|none\n|-heal|p2a: Hate rain :(|40\/100|[from] item: Leftovers\n|upkeep\n|turn|20\n|\n|move|p2a: Hate rain :(|Spikes||[still]\n|-fail|p2a: Hate rain :(\n|move|p1a: Ferrothorn|Gyro Ball|p2a: Hate rain :(\n|-resisted|p2a: Hate rain :(\n|-damage|p2a: Hate rain :(|37\/100\n|-damage|p1a: Ferrothorn|0 fnt|[from] ability: Iron Barbs|[of] p2a: Hate rain :(\n|faint|p1a: Ferrothorn\n|\n|-heal|p2a: Hate rain :(|43\/100|[from] item: Leftovers\n|upkeep\n|\n|switch|p1a: Tapu Koko|Tapu Koko|100\/100\n|-damage|p1a: Tapu Koko|88\/100|[from] Stealth Rock\n|-damage|p1a: Tapu Koko|63\/100|[from] Spikes\n|-fieldstart|move: Electric Terrain|[from] ability: Electric Surge|[of] p1a: Tapu Koko\n|turn|21\n|\n|move|p1a: Tapu Koko|Brave Bird|p2a: Hate rain :(\n|-damage|p2a: Hate rain :(|11\/100\n|-damage|p1a: Tapu Koko|51\/100|[from] ability: Iron Barbs|[of] p2a: Hate rain :(\n|-damage|p1a: Tapu Koko|37\/100|[from] Recoil\n|-damage|p1a: Tapu Koko|27\/100|[from] item: Life Orb\n|move|p2a: Hate rain :(|Gyro Ball|p1a: Tapu Koko\n|-damage|p1a: Tapu Koko|0 fnt\n|faint|p1a: Tapu Koko\n|\n|-heal|p2a: Hate rain :(|17\/100|[from] item: Leftovers\n|upkeep\n|inactive|YungDekuSan has 90 seconds left.\n|\n|switch|p1a: Greninja|Greninja, M|63\/100\n|-damage|p1a: Greninja|38\/100|[from] Spikes\n|-damage|p1a: Greninja|26\/100|[from] Stealth Rock\n|turn|22\n|inactive|orangesss has 120 seconds left.\n|\n|move|p1a: Greninja|Water Shuriken|p2a: Hate rain :(\n|-resisted|p2a: Hate rain :(\n|-damage|p2a: Hate rain :(|14\/100\n|-resisted|p2a: Hate rain :(\n|-damage|p2a: Hate rain :(|10\/100\n|-hitcount|p2a: Hate rain :(|2\n|move|p2a: Hate rain :(|Gyro Ball|p1a: Greninja\n|-resisted|p1a: Greninja\n|-damage|p1a: Greninja|0 fnt\n|faint|p1a: Greninja\n|\n|win|orangesss\n|raw|YungDekuSan's rating: 1747 &rarr; <strong>1724<\/strong><br \/>(-23 for losing)\n|raw|orangesss's rating: 1684 &rarr; <strong>1708<\/strong><br \/>(+24 for winning)\n|c|\u2606orangesss|gg\n","uploadtime":1550633879,"views":13,"p1id":"yungdekusan","p2id":"orangesss","formatid":"gen7ou","rating":1708,"private":0,"password":null}