{"id":"gen7ou-935380632","p1":"ttt jonas","p2":"orangesss","format":"gen7ou","log":"|j|\u2606ttt jonas\n|j|\u2606orangesss\n|player|p1|ttt jonas|2\n|player|p2|orangesss|209\n|teamsize|p1|6\n|teamsize|p2|6\n|gametype|singles\n|gen|7\n|tier|[Gen 7] OU\n|rated|\n|rule|Sleep Clause Mod: Limit one foe put to sleep\n|rule|Species Clause: Limit one of each Pok\u00e9mon\n|rule|OHKO Clause: OHKO moves are banned\n|rule|Moody Clause: Moody is banned\n|rule|Evasion Moves Clause: Evasion moves are banned\n|rule|Endless Battle Clause: Forcing endless battles is banned\n|rule|HP Percentage Mod: HP is shown in percentages\n|clearpoke\n|poke|p1|Talonflame, F|item\n|poke|p1|Tyranitar, M|item\n|poke|p1|Donphan, M|item\n|poke|p1|Keldeo|item\n|poke|p1|Celebi|item\n|poke|p1|Skarmory, M|item\n|poke|p2|Hawlucha, M|item\n|poke|p2|Ferrothorn, F|item\n|poke|p2|Pelipper, F|item\n|poke|p2|Tapu Koko|item\n|poke|p2|Swampert, M|item\n|poke|p2|Kartana|item\n|teampreview\n|inactive|Battle timer is ON: inactive players will automatically lose when time's up. (requested by orangesss)\n|\n|start\n|switch|p1a: Melodien|Keldeo|100\/100\n|switch|p2a: Birdman|Tapu Koko|100\/100\n|-fieldstart|move: Electric Terrain|[from] ability: Electric Surge|[of] p2a: Birdman\n|turn|1\n|\n|move|p2a: Birdman|Nature's Madness|p1a: Melodien\n|-damage|p1a: Melodien|51\/100\n|move|p1a: Melodien|Surf|p2a: Birdman\n|-damage|p2a: Birdman|0 fnt\n|faint|p2a: Birdman\n|\n|upkeep\n|\n|switch|p2a: Hate rain :(|Ferrothorn, F|100\/100\n|turn|2\n|\n|switch|p1a: Feuer|Talonflame, F|100\/100\n|move|p2a: Hate rain :(|Stealth Rock|p1a: Feuer\n|-sidestart|p1: ttt jonas|move: Stealth Rock\n|\n|upkeep\n|turn|3\n|\n|move|p1a: Feuer|Swords Dance|p1a: Feuer\n|-boost|p1a: Feuer|atk|2\n|move|p2a: Hate rain :(|Gyro Ball|p1a: Feuer\n|-resisted|p1a: Feuer\n|-crit|p1a: Feuer\n|-damage|p1a: Feuer|45\/100\n|\n|upkeep\n|turn|4\n|\n|move|p1a: Feuer|Roost|p1a: Feuer\n|-heal|p1a: Feuer|96\/100\n|-singleturn|p1a: Feuer|move: Roost\n|move|p2a: Hate rain :(|Gyro Ball|p1a: Feuer\n|-resisted|p1a: Feuer\n|-damage|p1a: Feuer|58\/100\n|\n|upkeep\n|turn|5\n|\n|move|p1a: Feuer|Flame Charge|p2a: Hate rain :(\n|-supereffective|p2a: Hate rain :(\n|-damage|p2a: Hate rain :(|7\/100\n|-damage|p1a: Feuer|45\/100|[from] ability: Iron Barbs|[of] p2a: Hate rain :(\n|-boost|p1a: Feuer|spe|1\n|move|p2a: Hate rain :(|Spikes|p1a: Feuer\n|-sidestart|p1: ttt jonas|Spikes\n|\n|-heal|p2a: Hate rain :(|14\/100|[from] item: Leftovers\n|-fieldend|move: Electric Terrain\n|upkeep\n|turn|6\n|\n|move|p1a: Feuer|Roost|p1a: Feuer\n|-heal|p1a: Feuer|95\/100\n|-singleturn|p1a: Feuer|move: Roost\n|move|p2a: Hate rain :(|Gyro Ball|p1a: Feuer\n|-resisted|p1a: Feuer\n|-damage|p1a: Feuer|57\/100\n|\n|-heal|p2a: Hate rain :(|20\/100|[from] item: Leftovers\n|upkeep\n|turn|7\n|\n|move|p1a: Feuer|Swords Dance|p1a: Feuer\n|-boost|p1a: Feuer|atk|2\n|move|p2a: Hate rain :(|Gyro Ball|p1a: Feuer\n|-resisted|p1a: Feuer\n|-damage|p1a: Feuer|23\/100\n|\n|-heal|p2a: Hate rain :(|26\/100|[from] item: Leftovers\n|upkeep\n|turn|8\n|\n|move|p1a: Feuer|Roost|p1a: Feuer\n|-heal|p1a: Feuer|73\/100\n|-singleturn|p1a: Feuer|move: Roost\n|move|p2a: Hate rain :(|Gyro Ball|p1a: Feuer\n|-resisted|p1a: Feuer\n|-damage|p1a: Feuer|35\/100\n|\n|-heal|p2a: Hate rain :(|32\/100|[from] item: Leftovers\n|upkeep\n|turn|9\n|\n|move|p1a: Feuer|Roost|p1a: Feuer\n|-heal|p1a: Feuer|85\/100\n|-singleturn|p1a: Feuer|move: Roost\n|move|p2a: Hate rain :(|Gyro Ball|p1a: Feuer\n|-resisted|p1a: Feuer\n|-damage|p1a: Feuer|47\/100\n|\n|-heal|p2a: Hate rain :(|39\/100|[from] item: Leftovers\n|upkeep\n|turn|10\n|\n|move|p1a: Feuer|Roost|p1a: Feuer\n|-heal|p1a: Feuer|97\/100\n|-singleturn|p1a: Feuer|move: Roost\n|move|p2a: Hate rain :(|Gyro Ball|p1a: Feuer\n|-resisted|p1a: Feuer\n|-damage|p1a: Feuer|60\/100\n|\n|-heal|p2a: Hate rain :(|45\/100|[from] item: Leftovers\n|upkeep\n|turn|11\n|\n|switch|p2a: Nappy love|Pelipper, F|100\/100\n|-weather|RainDance|[from] ability: Drizzle|[of] p2a: Nappy love\n|move|p1a: Feuer|Roost|p1a: Feuer\n|-heal|p1a: Feuer|100\/100\n|-singleturn|p1a: Feuer|move: Roost\n|\n|-weather|RainDance|[upkeep]\n|upkeep\n|turn|12\n|\n|move|p1a: Feuer|Brave Bird|p2a: Nappy love\n|-damage|p2a: Nappy love|0 fnt\n|-damage|p1a: Feuer|65\/100|[from] Recoil\n|faint|p2a: Nappy love\n|\n|-weather|RainDance|[upkeep]\n|upkeep\n|\n|switch|p2a: Swamp Thing|Swampert, M|100\/100\n|turn|13\n|\n|detailschange|p2a: Swamp Thing|Swampert-Mega, M\n|-mega|p2a: Swamp Thing|Swampert|Swampertite\n|-zpower|p1a: Feuer\n|move|p1a: Feuer|Supersonic Skystrike|p2a: Swamp Thing|[zeffect]\n|-damage|p2a: Swamp Thing|0 fnt\n|faint|p2a: Swamp Thing\n|\n|-weather|RainDance|[upkeep]\n|upkeep\n|-message|orangesss forfeited.\n|\n|win|ttt jonas\n|l|\u2606orangesss\n","uploadtime":1561576395,"views":39,"p1id":"tttjonas","p2id":"orangesss","formatid":"gen7ou","rating":0,"private":0,"password":null}