{"id":"gen7ou-658422595","p1":"overlyused","p2":"Toxabelle","format":"gen7ou","log":"|j|overlyused\n|j|Toxabelle\n|inactive|Battle timer is ON: inactive players will automatically lose when time's up.\n|player|p1|overlyused|#clemont\n|teamsize|p1|6\n|player|p2|Toxabelle|238\n|teamsize|p2|6\n|gametype|singles\n|gen|7\n|tier|[Gen 7] OU\n|rated|Tournament battle\n|seed|18908,65191,36888,55150\n|rule|Sleep Clause Mod: Limit one foe put to sleep\n|rule|Species Clause: Limit one of each Pok\u00e9mon\n|rule|OHKO Clause: OHKO moves are banned\n|rule|Moody Clause: Moody is banned\n|rule|Evasion Moves Clause: Evasion moves are banned\n|rule|Endless Battle Clause: Forcing endless battles is banned\n|rule|HP Percentage Mod: HP is shown in percentages\n|clearpoke\n|poke|p1|Gastrodon, F|item\n|poke|p1|Hippowdon, M|item\n|poke|p1|Excadrill, M|item\n|poke|p1|Swampert, F|item\n|poke|p1|Landorus-Therian, M|item\n|poke|p1|Nidoking, M|item\n|poke|p2|Venusaur, M|item\n|poke|p2|Keldeo-Resolute|item\n|poke|p2|Skarmory, F|item\n|poke|p2|Chansey, F|item\n|poke|p2|Heatran, M|item\n|poke|p2|Bisharp, M|item\n|teampreview\n|c|\u2606overlyused|PREPARE\n|j|Primal Unova\n|c|\u2606overlyused|FOR MY MONO GROUND\n|c| Primal Unova|What is\n|inactive|overlyused has 135 seconds left.\n|choice|team 2, team 1, team 3, team 4, team 5, team 6|team 2, team 1, team 3, team 4, team 5, team 6\n|\n|start\n|switch|p1a: Hippowdon|Hippowdon, M|420\/420\n|switch|p2a: Keldeo|Keldeo-Resolute|323\/323\n|-weather|Sandstorm|[from] ability: Sand Stream|[of] p1a: Hippowdon\n|turn|1\n|c|\u2606Toxabelle|no u prepare\n|c| Primal Unova|This\n|choice|switch 2|move scald\n|\n|switch|p1a: Gastrodon|Gastrodon, F|425\/425\n|move|p2a: Keldeo|Scald|p1a: Gastrodon\n|-ability|p1a: Gastrodon|Storm Drain|boost\n|-boost|p1a: Gastrodon|spa|1\n|\n|-weather|Sandstorm|[upkeep]\n|-damage|p2a: Keldeo|303\/323|[from] sandstorm\n|-heal|p2a: Keldeo|323\/323|[from] item: Leftovers\n|upkeep\n|turn|2\n|choice|move scald|switch 2\n|\n|switch|p2a: Venusaur|Venusaur, M|363\/363\n|move|p1a: Gastrodon|Scald|p2a: Venusaur\n|-resisted|p2a: Venusaur\n|-damage|p2a: Venusaur|303\/363\n|\n|-weather|Sandstorm|[upkeep]\n|-damage|p2a: Venusaur|281\/363|[from] sandstorm\n|upkeep\n|turn|3\n|inactive|overlyused has 135 seconds left.\n|c|\u2606overlyused|woops\n|c|\u2606overlyused|I can't do anything to venu\n|inactive|overlyused has 120 seconds left.\n|inactive|overlyused has 105 seconds left.\n|c|\u2606Toxabelle|is that a good team in monotype\n|choice|switch 3|move gigadrain mega\n|\n|switch|p1a: Excadrill|Excadrill, M|361\/361\n|detailschange|p2a: Venusaur|Venusaur-Mega, M\n|-mega|p2a: Venusaur|Venusaur|Venusaurite\n|move|p2a: Venusaur|Giga Drain|p1a: Excadrill\n|-damage|p1a: Excadrill|223\/361\n|-heal|p2a: Venusaur|350\/363|[from] drain|[of] p1a: Excadrill\n|\n|-weather|Sandstorm|[upkeep]\n|-damage|p2a: Venusaur|328\/363|[from] sandstorm\n|upkeep\n|turn|4\n|c|\u2606overlyused|it's meh\n|choice|move earthquake|switch 3\n|\n|switch|p2a: Skarmory|Skarmory, F|333\/333\n|move|p1a: Excadrill|Earthquake|p2a: Skarmory\n|-immune|p2a: Skarmory|[msg]\n|\n|-weather|Sandstorm|[upkeep]\n|upkeep\n|turn|5\n|choice|switch 4|move spikes\n|\n|switch|p1a: Swampert|Swampert, F|341\/341\n|move|p2a: Skarmory|Spikes|p1a: Swampert\n|-sidestart|p1: overlyused|Spikes\n|\n|-weather|none\n|upkeep\n|turn|6\n|choice|move raindance mega|move spikes\n|\n|detailschange|p1a: Swampert|Swampert-Mega, F\n|-mega|p1a: Swampert|Swampert|Swampertite\n|move|p1a: Swampert|Rain Dance|p1a: Swampert\n|-weather|RainDance\n|move|p2a: Skarmory|Spikes|p1a: Swampert\n|-sidestart|p1: overlyused|Spikes\n|\n|-weather|RainDance|[upkeep]\n|upkeep\n|turn|7\n|choice|move poweruppunch|switch 3\n|\n|switch|p2a: Venusaur|Venusaur-Mega, M|328\/363\n|move|p1a: Swampert|Power-Up Punch|p2a: Venusaur\n|-resisted|p2a: Venusaur\n|-damage|p2a: Venusaur|310\/363\n|-boost|p1a: Swampert|atk|1\n|\n|-weather|RainDance|[upkeep]\n|upkeep\n|turn|8\n|choice|switch 5|move gigadrain\n|\n|switch|p1a: Landorus|Landorus-Therian, M|319\/319\n|-ability|p1a: Landorus|Intimidate|boost\n|-unboost|p2a: Venusaur|atk|1\n|move|p2a: Venusaur|Giga Drain|p1a: Landorus\n|-damage|p1a: Landorus|201\/319\n|-heal|p2a: Venusaur|363\/363|[from] drain|[of] p1a: Landorus\n|\n|-weather|RainDance|[upkeep]\n|upkeep\n|turn|9\n|choice|move uturn|switch 3\n|\n|switch|p2a: Skarmory|Skarmory, F|333\/333\n|move|p1a: Landorus|U-turn|p2a: Skarmory\n|-resisted|p2a: Skarmory\n|-damage|p2a: Skarmory|321\/333\n|-damage|p1a: Landorus|148\/319|[from] item: Rocky Helmet|[of] p2a: Skarmory\n|choice|switch 6|\n|\n|switch|p1a: Nidoking|Nidoking, M|303\/303\n|-damage|p1a: Nidoking|253\/303|[from] Spikes\n|\n|-weather|RainDance|[upkeep]\n|upkeep\n|turn|10\n|choice|move flamethrower|switch 4\n|\n|switch|p2a: Chansey|Chansey, F|703\/703\n|move|p1a: Nidoking|Flamethrower|p2a: Chansey\n|-damage|p2a: Chansey|658\/703\n|\n|-weather|none\n|upkeep\n|turn|11\n|c|\u2606overlyused|can't win this\n|c|\u2606overlyused|gg\n|c|\u2606Toxabelle|gg\n|-message|overlyused forfeited.\n|\n|win|Toxabelle\n|l|overlyused","inputlog":null,"uploadtime":1510492017,"views":36,"p1id":"overlyused","p2id":"toxabelle","formatid":"gen7ou","rating":0,"private":0,"password":null}