{"id":"gen7ou-1004329435","p1":"Zaza BitchuLia","p2":"SMxVale","format":"gen7ou","log":"|j|\u2606Zaza BitchuLia\n|j|\u2606SMxVale\n|player|p1|Zaza BitchuLia|blaine|1832\n|player|p2|SMxVale|151|1760\n|teamsize|p1|6\n|teamsize|p2|6\n|gametype|singles\n|gen|7\n|tier|[Gen 7] OU\n|rated|\n|rule|Sleep Clause Mod: Limit one foe put to sleep\n|rule|Species Clause: Limit one of each Pok\u00e9mon\n|rule|OHKO Clause: OHKO moves are banned\n|rule|Moody Clause: Moody is banned\n|rule|Evasion Moves Clause: Evasion moves are banned\n|rule|Endless Battle Clause: Forcing endless battles is banned\n|rule|HP Percentage Mod: HP is shown in percentages\n|clearpoke\n|poke|p1|Weavile, M|item\n|poke|p1|Torkoal, F|item\n|poke|p1|Venusaur, F|item\n|poke|p1|Tapu Fini|item\n|poke|p1|Charizard, F|item\n|poke|p1|Landorus-Therian, M|item\n|poke|p2|Jirachi|item\n|poke|p2|Tapu Lele|item\n|poke|p2|Serperior, F|item\n|poke|p2|Mawile, M|item\n|poke|p2|Landorus-Therian, M|item\n|poke|p2|Keldeo-Resolute|item\n|teampreview\n|j| katarinabestchamp\n|inactive|Battle timer is ON: inactive players will automatically lose when time's up. (requested by SMxVale)\n|\n|start\n|switch|p1a: Weavile|Weavile, M|100\/100\n|switch|p2a: Tapu Lele|Tapu Lele, shiny|100\/100\n|-ability|p1a: Weavile|Pressure\n|-fieldstart|move: Psychic Terrain|[from] ability: Psychic Surge|[of] p2a: Tapu Lele\n|turn|1\n|\n|switch|p2a: Keldeo|Keldeo-Resolute|100\/100\n|move|p1a: Weavile|Knock Off|p2a: Keldeo\n|-resisted|p2a: Keldeo\n|-damage|p2a: Keldeo|56\/100\n|-ability|p2a: Keldeo|Justified|boost\n|-boost|p2a: Keldeo|atk|1\n|-enditem|p2a: Keldeo|Leftovers|[from] move: Knock Off|[of] p1a: Weavile\n|\n|upkeep\n|turn|2\n|\n|switch|p1a: Tapu Fini|Tapu Fini|100\/100\n|-fieldstart|move: Misty Terrain|[from] ability: Misty Surge|[of] p1a: Tapu Fini\n|move|p2a: Keldeo|Secret Sword|p1a: Tapu Fini\n|-resisted|p1a: Tapu Fini\n|-damage|p1a: Tapu Fini|85\/100\n|\n|-heal|p1a: Tapu Fini|91\/100|[from] item: Leftovers\n|upkeep\n|turn|3\n|\n|switch|p2a: Tapu Lele|Tapu Lele, shiny|100\/100\n|-fieldstart|move: Psychic Terrain|[from] ability: Psychic Surge|[of] p2a: Tapu Lele\n|switch|p1a: Landorus|Landorus-Therian, M|100\/100\n|-ability|p1a: Landorus|Intimidate|boost\n|-unboost|p2a: Tapu Lele|atk|1\n|\n|upkeep\n|turn|4\n|\n|move|p1a: Landorus|Earthquake|p2a: Tapu Lele\n|-damage|p2a: Tapu Lele|34\/100\n|move|p2a: Tapu Lele|Psychic|p1a: Landorus\n|-damage|p1a: Landorus|0 fnt\n|faint|p1a: Landorus\n|\n|upkeep\n|\n|switch|p1a: Weavile|Weavile, M|100\/100\n|-ability|p1a: Weavile|Pressure\n|turn|5\n|\n|-activate|p2a: Tapu Lele|move: Pursuit\n|move|p1a: Weavile|Pursuit|p2a: Tapu Lele|[from]Pursuit\n|-damage|p2a: Tapu Lele|0 fnt\n|-hint|A Pokemon can't switch between when it runs out of HP and when it faints\n|faint|p2a: Tapu Lele\n|\n|upkeep\n|\n|switch|p2a: Landorus|Landorus-Therian, M|100\/100\n|-ability|p2a: Landorus|Intimidate|boost\n|-unboost|p1a: Weavile|atk|1\n|turn|6\n|\n|switch|p1a: Tapu Fini|Tapu Fini|91\/100\n|-fieldstart|move: Misty Terrain|[from] ability: Misty Surge|[of] p1a: Tapu Fini\n|-zpower|p2a: Landorus\n|move|p2a: Landorus|Supersonic Skystrike|p1a: Tapu Fini|[zeffect]\n|-damage|p1a: Tapu Fini|21\/100\n|\n|-heal|p1a: Tapu Fini|27\/100|[from] item: Leftovers\n|upkeep\n|turn|7\n|\n|switch|p1a: Weavile|Weavile, M|100\/100\n|-ability|p1a: Weavile|Pressure\n|move|p2a: Landorus|Fly||[still]\n|-prepare|p2a: Landorus|Fly|p1a: Weavile\n|\n|upkeep\n|turn|8\n|\n|switch|p1a: Tapu Fini|Tapu Fini|27\/100\n|move|p2a: Landorus|Fly|p1a: Tapu Fini|[from]lockedmove\n|-damage|p1a: Tapu Fini|0 fnt\n|faint|p1a: Tapu Fini\n|\n|upkeep\n|\n|switch|p1a: Weavile|Weavile, M|100\/100\n|-ability|p1a: Weavile|Pressure\n|turn|9\n|\n|switch|p1a: Torkoal|Torkoal, F|100\/100\n|-weather|SunnyDay|[from] ability: Drought|[of] p1a: Torkoal\n|switch|p2a: Mawile|Mawile, M, shiny|100\/100\n|-ability|p2a: Mawile|Intimidate|boost\n|-unboost|p1a: Torkoal|atk|1\n|\n|-weather|SunnyDay|[upkeep]\n|upkeep\n|turn|10\n|\n|switch|p2a: Landorus|Landorus-Therian, M|100\/100\n|-ability|p2a: Landorus|Intimidate|boost\n|-unboost|p1a: Torkoal|atk|1\n|move|p1a: Torkoal|Stealth Rock|p2a: Landorus\n|-sidestart|p2: SMxVale|move: Stealth Rock\n|\n|-weather|SunnyDay|[upkeep]\n|-fieldend|Misty Terrain\n|upkeep\n|turn|11\n|\n|switch|p1a: Charizard|Charizard, F|100\/100\n|move|p2a: Landorus|Defog|p1a: Charizard\n|-unboost|p1a: Charizard|evasion|1\n|-sideend|p2: SMxVale|Stealth Rock|[from] move: Defog|[of] p2a: Landorus\n|\n|-weather|SunnyDay|[upkeep]\n|upkeep\n|turn|12\n|\n|move|p1a: Charizard|Dragon Dance|p1a: Charizard\n|-boost|p1a: Charizard|atk|1\n|-boost|p1a: Charizard|spe|1\n|move|p2a: Landorus|Rock Tomb|p1a: Charizard\n|-supereffective|p1a: Charizard\n|-damage|p1a: Charizard|0 fnt\n|faint|p1a: Charizard\n|\n|-weather|SunnyDay|[upkeep]\n|upkeep\n|c|\u2606Zaza BitchuLia|rock tomb fly z\n|c|\u2606Zaza BitchuLia|the fuck\n|c|\u2606Zaza BitchuLia|that sht is awful lmfao\n|\n|switch|p1a: Weavile|Weavile, M|100\/100\n|-ability|p1a: Weavile|Pressure\n|turn|13\n|c|\u2606SMxVale|my sets firte\n|c|\u2606SMxVale|fire\n|c| katarinabestchamp|lmao\n|\n|-activate|p2a: Landorus|move: Pursuit\n|move|p1a: Weavile|Pursuit|p2a: Landorus|[from]Pursuit\n|-damage|p2a: Landorus|47\/100\n|switch|p2a: Mawile|Mawile, M, shiny|100\/100\n|-ability|p2a: Mawile|Intimidate|boost\n|-unboost|p1a: Weavile|atk|1\n|\n|-weather|SunnyDay|[upkeep]\n|upkeep\n|turn|14\n|\n|switch|p1a: Torkoal|Torkoal, F|100\/100\n|detailschange|p2a: Mawile|Mawile-Mega, M, shiny\n|-mega|p2a: Mawile|Mawile|Mawilite\n|move|p2a: Mawile|Fire Fang|p1a: Torkoal\n|-resisted|p1a: Torkoal\n|-damage|p1a: Torkoal|84\/100\n|\n|-weather|SunnyDay|[upkeep]\n|upkeep\n|turn|15\n|\n|switch|p2a: Landorus|Landorus-Therian, M|47\/100\n|-ability|p2a: Landorus|Intimidate|boost\n|-unboost|p1a: Torkoal|atk|1\n|switch|p1a: Weavile|Weavile, M|100\/100\n|-ability|p1a: Weavile|Pressure\n|\n|-weather|SunnyDay|[upkeep]\n|upkeep\n|turn|16\n|\n|switch|p2a: Keldeo|Keldeo-Resolute|56\/100\n|move|p1a: Weavile|Icicle Crash|p2a: Keldeo\n|-resisted|p2a: Keldeo\n|-damage|p2a: Keldeo|23\/100\n|\n|-weather|none\n|upkeep\n|turn|17\n|c|\u2606Zaza BitchuLia|scarf keld?\n|\n|move|p1a: Weavile|Icicle Crash|p2a: Keldeo\n|-resisted|p2a: Keldeo\n|-damage|p2a: Keldeo|0 fnt\n|faint|p2a: Keldeo\n|\n|upkeep\n|c|\u2606Zaza BitchuLia|cause that shit bad too\n|c|\u2606Zaza BitchuLia|phew\n|c|\u2606Zaza BitchuLia|ok\n|c|\u2606Zaza BitchuLia|u have a braiin\n|c|\u2606SMxVale|u knocked off m8\n|inactive|SMxVale has 120 seconds left.\n|c|\u2606Zaza BitchuLia|oh\n|c|\u2606Zaza BitchuLia|true\n|\n|switch|p2a: Jirachi|Jirachi|100\/100\n|turn|18\n|c|\u2606Zaza BitchuLia|lmao\n|\n|move|p1a: Weavile|Icicle Crash|p2a: Jirachi\n|-resisted|p2a: Jirachi\n|-damage|p2a: Jirachi|74\/100\n|cant|p2a: Jirachi|flinch\n|\n|-heal|p2a: Jirachi|80\/100|[from] item: Leftovers\n|upkeep\n|turn|19\n|j| Pokemon Hates Me\n|\n|switch|p1a: Torkoal|Torkoal, F|84\/100\n|-weather|SunnyDay|[from] ability: Drought|[of] p1a: Torkoal\n|move|p2a: Jirachi|Thunder Wave|p1a: Torkoal\n|-status|p1a: Torkoal|par\n|\n|-weather|SunnyDay|[upkeep]\n|-heal|p2a: Jirachi|87\/100|[from] item: Leftovers\n|upkeep\n|turn|20\n|\n|move|p2a: Jirachi|Stealth Rock|p1a: Torkoal\n|-sidestart|p1: Zaza BitchuLia|move: Stealth Rock\n|move|p1a: Torkoal|Lava Plume|p2a: Jirachi\n|-supereffective|p2a: Jirachi\n|-damage|p2a: Jirachi|44\/100\n|-status|p2a: Jirachi|brn\n|\n|-weather|SunnyDay|[upkeep]\n|-heal|p2a: Jirachi|51\/100 brn|[from] item: Leftovers\n|-damage|p2a: Jirachi|44\/100 brn|[from] brn\n|upkeep\n|turn|21\n|\n|move|p2a: Jirachi|Healing Wish|p2a: Jirachi\n|faint|p2a: Jirachi\n|move|p1a: Torkoal|Rapid Spin|p2: Jirachi|[notarget]\n|-fail|p1a: Torkoal\n|\n|-weather|SunnyDay|[upkeep]\n|upkeep\n|\n|switch|p2a: Landorus|Landorus-Therian, M|47\/100\n|-heal|p2a: Landorus|100\/100|[from] move: Healing Wish\n|-ability|p2a: Landorus|Intimidate|boost\n|-unboost|p1a: Torkoal|atk|1\n|turn|22\n|\n|move|p2a: Landorus|Earthquake|p1a: Torkoal\n|-supereffective|p1a: Torkoal\n|-damage|p1a: Torkoal|20\/100 par\n|cant|p1a: Torkoal|par\n|\n|-weather|SunnyDay|[upkeep]\n|upkeep\n|turn|23\n|\n|move|p2a: Landorus|Earthquake|p1a: Torkoal\n|-supereffective|p1a: Torkoal\n|-damage|p1a: Torkoal|0 fnt\n|faint|p1a: Torkoal\n|\n|-weather|SunnyDay|[upkeep]\n|upkeep\n|c|\u2606Zaza BitchuLia|well then\n|c|\u2606Zaza BitchuLia|that ruined my chances of winning\n|c|\u2606Zaza BitchuLia|fuck off with your weak ass lando t\n|-message|Zaza BitchuLia forfeited.\n|\n|win|SMxVale\n|c|\u2606SMxVale|xD\n|l|\u2606Zaza BitchuLia\n|raw|Zaza BitchuLia's rating: 1832 &rarr; <strong>1808<\/strong><br \/>(-24 for losing)\n|raw|SMxVale's rating: 1761 &rarr; <strong>1785<\/strong><br \/>(+24 for winning)\n","uploadtime":1572960793,"views":35,"p1id":"zazabitchulia","p2id":"smxvale","formatid":"gen7ou","rating":1785,"private":0,"password":null}