{"id":"gen7ou-720117292","p1":"jly8","p2":"ink feather","format":"gen7ou","log":"|j|\u2606jly8\n|j|\u2606ink feather\n|player|p1|jly8|80\n|player|p2|ink feather|102\n|teamsize|p1|6\n|teamsize|p2|6\n|gametype|singles\n|gen|7\n|tier|[Gen 7] OU\n|rated|\n|rule|Sleep Clause Mod: Limit one foe put to sleep\n|rule|Species Clause: Limit one of each Pok\u00e9mon\n|rule|OHKO Clause: OHKO moves are banned\n|rule|Moody Clause: Moody is banned\n|rule|Evasion Moves Clause: Evasion moves are banned\n|rule|Endless Battle Clause: Forcing endless battles is banned\n|rule|HP Percentage Mod: HP is shown in percentages\n|clearpoke\n|poke|p1|Skarmory, F|item\n|poke|p1|Tapu Koko|item\n|poke|p1|Hawlucha, M|item\n|poke|p1|Venusaur, M|item\n|poke|p1|Mimikyu, F|item\n|poke|p1|Heatran, M|item\n|poke|p2|Scizor, F|item\n|poke|p2|Zapdos|item\n|poke|p2|Heatran, F|item\n|poke|p2|Zygarde|item\n|poke|p2|Greninja, F|item\n|poke|p2|Tapu Bulu|item\n|teampreview\n|inactive|Battle timer is ON: inactive players will automatically lose when time's up. (requested by ink feather)\n|\n|start\n|switch|p1a: Tapu Koko|Tapu Koko|100\/100\n|switch|p2a: Zygarde|Zygarde|100\/100\n|-fieldstart|move: Electric Terrain|[from] ability: Electric Surge|[of] p1a: Tapu Koko\n|-ability|p2a: Zygarde|Aura Break\n|turn|1\n|\n|move|p1a: Tapu Koko|Hidden Power|p2a: Zygarde\n|-supereffective|p2a: Zygarde\n|-damage|p2a: Zygarde|2\/100\n|move|p2a: Zygarde|Thousand Arrows|p1a: Tapu Koko\n|-supereffective|p1a: Tapu Koko\n|-damage|p1a: Tapu Koko|0 fnt\n|faint|p1a: Tapu Koko\n|\n|upkeep\n|inactive|jly8 has 135 seconds left.\n|\n|switch|p1a: Mimikyu|Mimikyu, F|100\/100\n|turn|2\n|\n|switch|p2a: Scizor|Scizor, F|100\/100\n|move|p1a: Mimikyu|Shadow Claw|p2a: Scizor\n|-damage|p2a: Scizor|77\/100\n|\n|upkeep\n|turn|3\n|\n|switch|p1a: Skarmory|Skarmory, F|100\/100\n|-mega|p2a: Scizor|Scizor|Scizorite\n|detailschange|p2a: Scizor|Scizor-Mega, F\n|move|p2a: Scizor|Knock Off|p1a: Skarmory\n|-damage|p1a: Skarmory|82\/100\n|-damage|p2a: Scizor|61\/100|[from] item: Rocky Helmet|[of] p1a: Skarmory\n|-enditem|p1a: Skarmory|Rocky Helmet|[from] move: Knock Off|[of] p2a: Scizor\n|\n|upkeep\n|turn|4\n|\n|switch|p2a: Heatran|Heatran, F|100\/100\n|move|p1a: Skarmory|Stealth Rock|p2a: Heatran\n|-sidestart|p2: ink feather|move: Stealth Rock\n|\n|upkeep\n|turn|5\n|\n|switch|p1a: Venusaur|Venusaur, M|100\/100\n|move|p2a: Heatran|Earth Power|p1a: Venusaur\n|-damage|p1a: Venusaur|83\/100\n|\n|-fieldend|move: Electric Terrain\n|upkeep\n|turn|6\n|\n|-mega|p1a: Venusaur|Venusaur|Venusaurite\n|detailschange|p1a: Venusaur|Venusaur-Mega, M\n|move|p2a: Heatran|Magma Storm|p1a: Venusaur|[miss]\n|-miss|p2a: Heatran|p1a: Venusaur\n|move|p1a: Venusaur|Earthquake|p2a: Heatran\n|-supereffective|p2a: Heatran\n|-damage|p2a: Heatran|28\/100\n|\n|-heal|p2a: Heatran|34\/100|[from] item: Leftovers\n|upkeep\n|turn|7\n|\n|switch|p2a: Zapdos|Zapdos|100\/100\n|-damage|p2a: Zapdos|76\/100|[from] Stealth Rock\n|-ability|p2a: Zapdos|Pressure\n|move|p1a: Venusaur|Sludge Bomb|p2a: Zapdos\n|-damage|p2a: Zapdos|43\/100\n|\n|-heal|p2a: Zapdos|49\/100|[from] item: Leftovers\n|upkeep\n|turn|8\n|\n|move|p2a: Zapdos|Defog|p1a: Venusaur\n|-unboost|p1a: Venusaur|evasion|1\n|-sideend|p2: ink feather|Stealth Rock|[from] move: Defog|[of] p2a: Zapdos\n|move|p1a: Venusaur|Sludge Bomb|p2a: Zapdos\n|-damage|p2a: Zapdos|11\/100\n|\n|-heal|p2a: Zapdos|17\/100|[from] item: Leftovers\n|upkeep\n|turn|9\n|\n|move|p2a: Zapdos|Roost|p2a: Zapdos\n|-heal|p2a: Zapdos|68\/100\n|move|p1a: Venusaur|Sludge Bomb|p2a: Zapdos\n|-damage|p2a: Zapdos|34\/100\n|\n|-heal|p2a: Zapdos|40\/100|[from] item: Leftovers\n|upkeep\n|turn|10\n|\n|move|p2a: Zapdos|Roost|p2a: Zapdos\n|-heal|p2a: Zapdos|90\/100\n|move|p1a: Venusaur|Sludge Bomb|p2a: Zapdos\n|-damage|p2a: Zapdos|55\/100\n|\n|-heal|p2a: Zapdos|61\/100|[from] item: Leftovers\n|upkeep\n|turn|11\n|\n|move|p2a: Zapdos|Discharge|p1a: Venusaur\n|-resisted|p1a: Venusaur\n|-damage|p1a: Venusaur|72\/100\n|move|p1a: Venusaur|Earthquake|p2a: Zapdos\n|-immune|p2a: Zapdos|[msg]\n|\n|-heal|p2a: Zapdos|67\/100|[from] item: Leftovers\n|upkeep\n|turn|12\n|\n|move|p2a: Zapdos|Discharge|p1a: Venusaur\n|-resisted|p1a: Venusaur\n|-damage|p1a: Venusaur|61\/100\n|-status|p1a: Venusaur|par\n|move|p1a: Venusaur|Sludge Bomb|p2a: Zapdos\n|-damage|p2a: Zapdos|28\/100\n|\n|-heal|p2a: Zapdos|34\/100|[from] item: Leftovers\n|upkeep\n|turn|13\n|\n|move|p2a: Zapdos|Roost|p2a: Zapdos\n|-heal|p2a: Zapdos|84\/100\n|move|p1a: Venusaur|Sludge Bomb|p2a: Zapdos\n|-damage|p2a: Zapdos|49\/100\n|\n|-heal|p2a: Zapdos|55\/100|[from] item: Leftovers\n|upkeep\n|turn|14\n|\n|move|p2a: Zapdos|Roost|p2a: Zapdos\n|-heal|p2a: Zapdos|100\/100\n|move|p1a: Venusaur|Sludge Bomb|p2a: Zapdos\n|-damage|p2a: Zapdos|64\/100\n|-status|p2a: Zapdos|psn\n|\n|-heal|p2a: Zapdos|70\/100 psn|[from] item: Leftovers\n|-damage|p2a: Zapdos|58\/100 psn|[from] psn\n|upkeep\n|turn|15\n|\n|switch|p2a: Scizor|Scizor-Mega, F|61\/100\n|switch|p1a: Heatran|Heatran, M|100\/100\n|\n|upkeep\n|turn|16\n|\n|switch|p2a: Greninja|Greninja, F|100\/100\n|move|p1a: Heatran|Magma Storm|p2a: Greninja\n|-resisted|p2a: Greninja\n|-damage|p2a: Greninja|63\/100\n|-activate|p2a: Greninja|move: Magma Storm|[of] p1a: Heatran\n|\n|-damage|p2a: Greninja|51\/100|[from] move: Magma Storm|[partiallytrapped]\n|upkeep\n|turn|17\n|\n|move|p2a: Greninja|U-turn|p1a: Heatran\n|-start|p2a: Greninja|typechange|Bug|[from] Protean\n|-resisted|p1a: Heatran\n|-damage|p1a: Heatran|95\/100\n|\n|switch|p2a: Heatran|Heatran, F|34\/100\n|move|p1a: Heatran|Earth Power|p2a: Heatran\n|-supereffective|p2a: Heatran\n|-damage|p2a: Heatran|0 fnt\n|faint|p2a: Heatran\n|\n|-heal|p1a: Heatran|100\/100|[from] item: Leftovers\n|upkeep\n|\n|switch|p2a: Zygarde|Zygarde|2\/100\n|-ability|p2a: Zygarde|Aura Break\n|turn|18\n|inactive|jly8 has 135 seconds left.\n|\n|switch|p1a: Venusaur|Venusaur-Mega, M|61\/100 par\n|move|p2a: Zygarde|Thousand Arrows|p1a: Venusaur\n|-damage|p1a: Venusaur|31\/100 par\n|\n|upkeep\n|turn|19\n|\n|-zpower|p2a: Zygarde\n|move|p2a: Zygarde|Tectonic Rage|p1a: Venusaur|[zeffect]\n|-damage|p1a: Venusaur|0 fnt\n|faint|p1a: Venusaur\n|\n|upkeep\n|\n|switch|p1a: Mimikyu|Mimikyu, F|100\/100\n|turn|20\n|\n|switch|p2a: Scizor|Scizor-Mega, F|61\/100\n|move|p1a: Mimikyu|Shadow Claw|p2a: Scizor\n|-damage|p2a: Scizor|44\/100\n|\n|upkeep\n|turn|21\n|\n|-zpower|p1a: Mimikyu\n|move|p1a: Mimikyu|Let's Snuggle Forever|p2a: Scizor|[zeffect]\n|-resisted|p2a: Scizor\n|-damage|p2a: Scizor|21\/100\n|move|p2a: Scizor|Roost|p2a: Scizor\n|-heal|p2a: Scizor|71\/100\n|\n|upkeep\n|turn|22\n|\n|switch|p1a: Heatran|Heatran, M|100\/100\n|move|p2a: Scizor|Knock Off|p1a: Heatran\n|-damage|p1a: Heatran|70\/100\n|-enditem|p1a: Heatran|Leftovers|[from] move: Knock Off|[of] p2a: Scizor\n|\n|upkeep\n|turn|23\n|inactive|ink feather has 135 seconds left.\n|\n|switch|p2a: Greninja|Greninja, F|51\/100\n|move|p1a: Heatran|Magma Storm|p2a: Greninja\n|-resisted|p2a: Greninja\n|-damage|p2a: Greninja|12\/100\n|-activate|p2a: Greninja|move: Magma Storm|[of] p1a: Heatran\n|\n|-damage|p2a: Greninja|0 fnt|[from] move: Magma Storm|[partiallytrapped]\n|upkeep\n|faint|p2a: Greninja\n|\n|switch|p2a: Zygarde|Zygarde|2\/100\n|-ability|p2a: Zygarde|Aura Break\n|turn|24\n|\n|switch|p1a: Mimikyu|Mimikyu, F|100\/100\n|move|p2a: Zygarde|Thousand Arrows|p1a: Mimikyu\n|-activate|p1a: Mimikyu|ability: Disguise\n|-damage|p1a: Mimikyu|100\/100\n|detailschange|p1a: Mimikyu|Mimikyu-Busted, F\n|\n|upkeep\n|turn|25\n|\n|switch|p1a: Heatran|Heatran, M|70\/100\n|switch|p2a: Tapu Bulu|Tapu Bulu|100\/100\n|-fieldstart|move: Grassy Terrain|[from] ability: Grassy Surge|[of] p2a: Tapu Bulu\n|\n|-heal|p1a: Heatran|76\/100|[from] Grassy Terrain\n|upkeep\n|turn|26\n|\n|move|p2a: Tapu Bulu|Superpower|p1a: Heatran\n|-supereffective|p1a: Heatran\n|-damage|p1a: Heatran|15\/100\n|-unboost|p2a: Tapu Bulu|atk|1\n|-unboost|p2a: Tapu Bulu|def|1\n|move|p1a: Heatran|Magma Storm|p2a: Tapu Bulu|[miss]\n|-miss|p1a: Heatran|p2a: Tapu Bulu\n|\n|-heal|p1a: Heatran|21\/100|[from] Grassy Terrain\n|upkeep\n|turn|27\n|\n|switch|p1a: Hawlucha|Hawlucha, M|100\/100\n|move|p2a: Tapu Bulu|Superpower|p1a: Hawlucha\n|-resisted|p1a: Hawlucha\n|-crit|p1a: Hawlucha\n|-damage|p1a: Hawlucha|63\/100\n|-unboost|p2a: Tapu Bulu|atk|1\n|-unboost|p2a: Tapu Bulu|def|1\n|\n|upkeep\n|turn|28\n|\n|switch|p2a: Zapdos|Zapdos|58\/100 psn\n|-ability|p2a: Zapdos|Pressure\n|move|p1a: Hawlucha|Swords Dance|p1a: Hawlucha\n|-boost|p1a: Hawlucha|atk|2\n|\n|-heal|p2a: Zapdos|64\/100 psn|[from] item: Leftovers\n|-damage|p2a: Zapdos|52\/100 psn|[from] psn\n|upkeep\n|turn|29\n|\n|move|p1a: Hawlucha|High Jump Kick|p2a: Zapdos\n|-resisted|p2a: Zapdos\n|-damage|p2a: Zapdos|0 fnt\n|faint|p2a: Zapdos\n|\n|-fieldend|move: Grassy Terrain\n|upkeep\n|\n|switch|p2a: Scizor|Scizor-Mega, F|71\/100\n|turn|30\n|\n|move|p2a: Scizor|Bullet Punch|p1a: Hawlucha\n|-damage|p1a: Hawlucha|19\/100\n|move|p1a: Hawlucha|Acrobatics|p2a: Scizor\n|-damage|p2a: Scizor|44\/100\n|\n|upkeep\n|turn|31\n|\n|switch|p1a: Skarmory|Skarmory, F|82\/100\n|move|p2a: Scizor|Bullet Punch|p1a: Skarmory\n|-resisted|p1a: Skarmory\n|-damage|p1a: Skarmory|73\/100\n|\n|upkeep\n|turn|32\n|\n|move|p2a: Scizor|Roost|p2a: Scizor\n|-heal|p2a: Scizor|94\/100\n|move|p1a: Skarmory|Stealth Rock|p2a: Scizor\n|-sidestart|p2: ink feather|move: Stealth Rock\n|\n|upkeep\n|turn|33\n|\n|move|p2a: Scizor|Swords Dance|p2a: Scizor\n|-boost|p2a: Scizor|atk|2\n|move|p1a: Skarmory|Roost|p1a: Skarmory\n|-heal|p1a: Skarmory|100\/100\n|\n|upkeep\n|turn|34\n|\n|switch|p1a: Heatran|Heatran, M|21\/100\n|move|p2a: Scizor|Knock Off|p1a: Heatran\n|-damage|p1a: Heatran|0 fnt\n|faint|p1a: Heatran\n|\n|upkeep\n|\n|switch|p1a: Hawlucha|Hawlucha, M|19\/100\n|turn|35\n|\n|move|p2a: Scizor|Bullet Punch|p1a: Hawlucha\n|-damage|p1a: Hawlucha|0 fnt\n|faint|p1a: Hawlucha\n|\n|upkeep\n|\n|switch|p1a: Skarmory|Skarmory, F|100\/100\n|turn|36\n|\n|move|p2a: Scizor|Swords Dance|p2a: Scizor\n|-boost|p2a: Scizor|atk|2\n|move|p1a: Skarmory|Stealth Rock|p2a: Scizor\n|-fail|p1a: Skarmory\n|\n|upkeep\n|turn|37\n|\n|move|p2a: Scizor|Swords Dance|p2a: Scizor\n|-boost|p2a: Scizor|atk|2\n|move|p1a: Skarmory|Stealth Rock|p2a: Scizor\n|-fail|p1a: Skarmory\n|\n|upkeep\n|turn|38\n|\n|move|p2a: Scizor|Knock Off|p1a: Skarmory\n|-damage|p1a: Skarmory|49\/100\n|move|p1a: Skarmory|Roost|p1a: Skarmory\n|-heal|p1a: Skarmory|99\/100\n|\n|upkeep\n|turn|39\n|\n|move|p2a: Scizor|Swords Dance|p2a: Scizor\n|-boost|p2a: Scizor|atk|0\n|move|p1a: Skarmory|Brave Bird|p2a: Scizor\n|-damage|p2a: Scizor|74\/100\n|-damage|p1a: Skarmory|92\/100|[from] Recoil\n|\n|upkeep\n|turn|40\n|\n|move|p2a: Scizor|Knock Off|p1a: Skarmory\n|-damage|p1a: Skarmory|36\/100\n|move|p1a: Skarmory|Roost|p1a: Skarmory\n|-heal|p1a: Skarmory|86\/100\n|\n|upkeep\n|turn|41\n|\n|move|p2a: Scizor|Knock Off|p1a: Skarmory\n|-damage|p1a: Skarmory|31\/100\n|move|p1a: Skarmory|Roost|p1a: Skarmory\n|-heal|p1a: Skarmory|81\/100\n|\n|upkeep\n|turn|42\n|\n|move|p2a: Scizor|Knock Off|p1a: Skarmory\n|-damage|p1a: Skarmory|27\/100\n|move|p1a: Skarmory|Roost|p1a: Skarmory\n|-heal|p1a: Skarmory|77\/100\n|\n|upkeep\n|turn|43\n|\n|move|p2a: Scizor|Bullet Punch|p1a: Skarmory\n|-resisted|p1a: Skarmory\n|-damage|p1a: Skarmory|40\/100\n|move|p1a: Skarmory|Roost|p1a: Skarmory\n|-heal|p1a: Skarmory|91\/100\n|\n|upkeep\n|turn|44\n|\n|move|p2a: Scizor|Bullet Punch|p1a: Skarmory\n|-resisted|p1a: Skarmory\n|-damage|p1a: Skarmory|57\/100\n|move|p1a: Skarmory|Brave Bird|p2a: Scizor\n|-damage|p2a: Scizor|54\/100\n|-damage|p1a: Skarmory|51\/100|[from] Recoil\n|\n|upkeep\n|turn|45\n|\n|move|p2a: Scizor|Knock Off|p1a: Skarmory\n|-damage|p1a: Skarmory|0 fnt\n|faint|p1a: Skarmory\n|\n|upkeep\n|-message|jly8 forfeited.\n|\n|win|ink feather\n|l|\u2606jly8\n|raw|jly8's rating: 1698 &rarr; <strong>1672<\/strong><br \/>(-26 for losing)\n|raw|ink feather's rating: 1589 &rarr; <strong>1615<\/strong><br \/>(+26 for winning)\n","inputlog":null,"uploadtime":1521428025,"views":38,"p1id":"jly8","p2id":"inkfeather","formatid":"gen7ou","rating":1615,"private":0,"password":null}