{"id":"gen7randombattle-1131977374","p1":"BaddyGames","p2":"Wacro","format":"gen7randombattle","log":"|j|\u2606BaddyGames\n|j|\u2606Wacro\n|player|p1|BaddyGames|275|\n|player|p2|Wacro|swimmer|\n|teamsize|p1|6\n|teamsize|p2|6\n|gametype|singles\n|gen|7\n|tier|[Gen 7] Random Battle\n|rule|Sleep Clause Mod: Limit one foe put to sleep\n|rule|HP Percentage Mod: HP is shown in percentages\n|\n|start\n|switch|p1a: Lugia|Lugia, L78|293\/293\n|switch|p2a: Parasect|Parasect, L88, M|249\/249\n|turn|1\n|\n|switch|p2a: Cofagrigus|Cofagrigus, L86, M|240\/240\n|move|p1a: Lugia|Substitute|p1a: Lugia\n|-start|p1a: Lugia|Substitute\n|-damage|p1a: Lugia|220\/293\n|\n|-heal|p1a: Lugia|238\/293|[from] item: Leftovers\n|upkeep\n|turn|2\n|\n|move|p1a: Lugia|Aeroblast|p2a: Cofagrigus\n|-damage|p2a: Cofagrigus|158\/240\n|move|p2a: Cofagrigus|Shadow Ball|p1a: Lugia\n|-supereffective|p1a: Lugia\n|-end|p1a: Lugia|Substitute\n|\n|-heal|p1a: Lugia|256\/293|[from] item: Leftovers\n|-heal|p2a: Cofagrigus|173\/240|[from] item: Leftovers\n|upkeep\n|turn|3\n|\n|switch|p1a: Tyranitar|Tyranitar, L80, F|291\/291\n|-weather|Sandstorm|[from] ability: Sand Stream|[of] p1a: Tyranitar\n|move|p2a: Cofagrigus|Shadow Ball|p1a: Tyranitar\n|-resisted|p1a: Tyranitar\n|-damage|p1a: Tyranitar|261\/291\n|\n|-weather|Sandstorm|[upkeep]\n|-damage|p2a: Cofagrigus|158\/240|[from] Sandstorm\n|-heal|p2a: Cofagrigus|173\/240|[from] item: Leftovers\n|upkeep\n|turn|4\n|\n|switch|p2a: Scrafty|Scrafty, L86, M|252\/252\n|-ability|p2a: Scrafty|Intimidate|boost\n|-unboost|p1a: Tyranitar|atk|1\n|detailschange|p1a: Tyranitar|Tyranitar-Mega, L80, F\n|-mega|p1a: Tyranitar|Tyranitar|Tyranitarite\n|move|p1a: Tyranitar|Dragon Dance|p1a: Tyranitar\n|-boost|p1a: Tyranitar|atk|1\n|-boost|p1a: Tyranitar|spe|1\n|\n|-weather|Sandstorm|[upkeep]\n|-damage|p2a: Scrafty|237\/252|[from] Sandstorm\n|-heal|p2a: Scrafty|252\/252|[from] item: Leftovers\n|upkeep\n|turn|5\n|\n|switch|p1a: Durant|Durant, L84, F|235\/235\n|move|p2a: Scrafty|High Jump Kick|p1a: Durant\n|-damage|p1a: Durant|114\/235\n|\n|-weather|Sandstorm|[upkeep]\n|-damage|p2a: Scrafty|237\/252|[from] Sandstorm\n|-heal|p2a: Scrafty|252\/252|[from] item: Leftovers\n|upkeep\n|turn|6\n|\n|switch|p2a: Latios|Latios, L82, M|265\/265\n|move|p1a: Durant|Superpower|p2a: Latios|[miss]\n|-miss|p1a: Durant|p2a: Latios\n|\n|-weather|Sandstorm|[upkeep]\n|-damage|p2a: Latios|249\/265|[from] Sandstorm\n|upkeep\n|turn|7\n|\n|switch|p1a: Tyranitar|Tyranitar-Mega, L80, F|261\/291\n|move|p2a: Latios|Hidden Power|p1a: Tyranitar\n|-resisted|p1a: Tyranitar\n|-damage|p1a: Tyranitar|242\/291\n|-damage|p2a: Latios|223\/265|[from] item: Life Orb\n|\n|-weather|none\n|upkeep\n|turn|8\n|\n|move|p2a: Latios|Surf|p1a: Tyranitar\n|-supereffective|p1a: Tyranitar\n|-damage|p1a: Tyranitar|81\/291\n|-damage|p2a: Latios|197\/265|[from] item: Life Orb\n|move|p1a: Tyranitar|Crunch|p2a: Latios\n|-supereffective|p2a: Latios\n|-damage|p2a: Latios|0 fnt\n|faint|p2a: Latios\n|\n|upkeep\n|\n|switch|p2a: Scrafty|Scrafty, L86, M|252\/252\n|-ability|p2a: Scrafty|Intimidate|boost\n|-unboost|p1a: Tyranitar|atk|1\n|turn|9\n|\n|switch|p1a: Durant|Durant, L84, F|114\/235\n|move|p2a: Scrafty|Ice Punch|p1a: Durant\n|-resisted|p1a: Durant\n|-damage|p1a: Durant|92\/235\n|\n|upkeep\n|turn|10\n|\n|move|p1a: Durant|Superpower|p2a: Scrafty\n|-supereffective|p2a: Scrafty\n|-damage|p2a: Scrafty|0 fnt\n|-unboost|p1a: Durant|atk|1\n|-unboost|p1a: Durant|def|1\n|faint|p2a: Scrafty\n|\n|upkeep\n|\n|switch|p2a: Cofagrigus|Cofagrigus, L86, M|173\/240\n|turn|11\n|\n|switch|p1a: Tyranitar|Tyranitar-Mega, L80, F|81\/291\n|-weather|Sandstorm|[from] ability: Sand Stream|[of] p1a: Tyranitar\n|move|p2a: Cofagrigus|Hidden Power|p1a: Tyranitar\n|-supereffective|p1a: Tyranitar\n|-damage|p1a: Tyranitar|0 fnt\n|faint|p1a: Tyranitar\n|\n|-weather|Sandstorm|[upkeep]\n|-damage|p2a: Cofagrigus|158\/240|[from] Sandstorm\n|-heal|p2a: Cofagrigus|173\/240|[from] item: Leftovers\n|upkeep\n|\n|switch|p1a: Kabutops|Kabutops, L88, F|249\/249\n|turn|12\n|\n|switch|p2a: Parasect|Parasect, L88, M|249\/249\n|move|p1a: Kabutops|Liquidation|p2a: Parasect\n|-immune|p2a: Parasect|[from] ability: Dry Skin\n|\n|-weather|Sandstorm|[upkeep]\n|-damage|p2a: Parasect|234\/249|[from] Sandstorm\n|upkeep\n|turn|13\n|\n|switch|p1a: Durant|Durant, L84, F|92\/235\n|move|p2a: Parasect|Spore|p1a: Durant\n|-status|p1a: Durant|slp|[from] move: Spore\n|\n|-weather|Sandstorm|[upkeep]\n|-damage|p2a: Parasect|219\/249|[from] Sandstorm\n|upkeep\n|turn|14\n|\n|switch|p1a: Oricorio|Oricorio, L88, F|275\/275\n|move|p2a: Parasect|Leech Life|p1a: Oricorio\n|-resisted|p1a: Oricorio\n|-damage|p1a: Oricorio|248\/275\n|-heal|p2a: Parasect|233\/249|[from] drain|[of] p1a: Oricorio\n|\n|-weather|Sandstorm|[upkeep]\n|-damage|p1a: Oricorio|231\/275|[from] Sandstorm\n|-damage|p2a: Parasect|218\/249|[from] Sandstorm\n|-heal|p1a: Oricorio|248\/275|[from] item: Leftovers\n|upkeep\n|turn|15\n|\n|switch|p2a: Porygon2|Porygon2, L84|280\/280\n|move|p1a: Oricorio|Revelation Dance|p2a: Porygon2\n|-damage|p2a: Porygon2|207\/280\n|\n|-weather|none\n|-heal|p1a: Oricorio|265\/275|[from] item: Leftovers\n|upkeep\n|turn|16\n|\n|move|p1a: Oricorio|U-turn|p2a: Porygon2\n|-damage|p2a: Porygon2|177\/280\n|\n|switch|p1a: Durant|Durant, L84, F|92\/235 slp\n|move|p2a: Porygon2|Ice Beam|p1a: Durant\n|-resisted|p1a: Durant\n|-damage|p1a: Durant|28\/235 slp\n|\n|upkeep\n|turn|17\n|\n|cant|p1a: Durant|slp\n|move|p2a: Porygon2|Ice Beam|p1a: Durant\n|-resisted|p1a: Durant\n|-damage|p1a: Durant|0 fnt\n|faint|p1a: Durant\n|\n|upkeep\n|\n|switch|p1a: Whiscash|Whiscash, L88, M|337\/337\n|turn|18\n|\n|switch|p2a: Parasect|Parasect, L88, M|218\/249\n|move|p1a: Whiscash|Dragon Dance|p1a: Whiscash\n|-boost|p1a: Whiscash|atk|1\n|-boost|p1a: Whiscash|spe|1\n|\n|upkeep\n|turn|19\n|\n|move|p1a: Whiscash|Stone Edge|p2a: Parasect\n|-supereffective|p2a: Parasect\n|-damage|p2a: Parasect|0 fnt\n|-damage|p1a: Whiscash|304\/337|[from] item: Life Orb\n|faint|p2a: Parasect\n|\n|upkeep\n|\n|switch|p2a: Deoxys|Deoxys-Speed, L78|206\/206\n|-ability|p2a: Deoxys|Pressure\n|turn|20\n|\n|move|p2a: Deoxys|Psycho Boost|p1a: Whiscash\n|-damage|p1a: Whiscash|162\/337\n|-unboost|p2a: Deoxys|spa|2\n|move|p1a: Whiscash|Earthquake|p2a: Deoxys\n|-damage|p2a: Deoxys|0 fnt\n|-damage|p1a: Whiscash|129\/337|[from] item: Life Orb\n|faint|p2a: Deoxys\n|\n|upkeep\n|\n|switch|p2a: Porygon2|Porygon2, L84|177\/280\n|turn|21\n|\n|move|p1a: Whiscash|Waterfall|p2a: Porygon2\n|-damage|p2a: Porygon2|76\/280\n|-damage|p1a: Whiscash|96\/337|[from] item: Life Orb\n|move|p2a: Porygon2|Tri Attack|p1a: Whiscash\n|-damage|p1a: Whiscash|0 fnt\n|faint|p1a: Whiscash\n|\n|upkeep\n|\n|switch|p1a: Kabutops|Kabutops, L88, F|249\/249\n|turn|22\n|\n|move|p1a: Kabutops|Liquidation|p2a: Porygon2\n|-damage|p2a: Porygon2|0 fnt\n|faint|p2a: Porygon2\n|\n|upkeep\n|\n|switch|p2a: Cofagrigus|Cofagrigus, L86, M|173\/240\n|turn|23\n|\n|move|p1a: Kabutops|Liquidation|p2a: Cofagrigus\n|-damage|p2a: Cofagrigus|104\/240\n|-activate|p2a: Cofagrigus|ability: Mummy|Battle Armor|[of] p1a: Kabutops\n|move|p2a: Cofagrigus|Hidden Power|p1a: Kabutops\n|-supereffective|p1a: Kabutops\n|-damage|p1a: Kabutops|181\/249\n|\n|-heal|p2a: Cofagrigus|119\/240|[from] item: Leftovers\n|upkeep\n|turn|24\n|\n|move|p1a: Kabutops|Liquidation|p2a: Cofagrigus\n|-damage|p2a: Cofagrigus|49\/240\n|move|p2a: Cofagrigus|Pain Split|p1a: Kabutops\n|-sethp|p1a: Kabutops|115\/249|[from] move: Pain Split|[silent]\n|-sethp|p2a: Cofagrigus|115\/240|[from] move: Pain Split\n|\n|-heal|p2a: Cofagrigus|130\/240|[from] item: Leftovers\n|upkeep\n|turn|25\n|\n|move|p1a: Kabutops|Stone Edge|p2a: Cofagrigus\n|-damage|p2a: Cofagrigus|40\/240\n|move|p2a: Cofagrigus|Pain Split|p1a: Kabutops\n|-sethp|p1a: Kabutops|77\/249|[from] move: Pain Split|[silent]\n|-sethp|p2a: Cofagrigus|77\/240|[from] move: Pain Split\n|\n|-heal|p2a: Cofagrigus|92\/240|[from] item: Leftovers\n|upkeep\n|turn|26\n|\n|move|p1a: Kabutops|Liquidation|p2a: Cofagrigus\n|-damage|p2a: Cofagrigus|16\/240\n|move|p2a: Cofagrigus|Hidden Power|p1a: Kabutops\n|-supereffective|p1a: Kabutops\n|-damage|p1a: Kabutops|5\/249\n|\n|-heal|p2a: Cofagrigus|31\/240|[from] item: Leftovers\n|upkeep\n|turn|27\n|\n|move|p1a: Kabutops|Liquidation|p2a: Cofagrigus\n|-damage|p2a: Cofagrigus|0 fnt\n|faint|p2a: Cofagrigus\n|\n|win|BaddyGames\n|c|\u2606BaddyGames|gg\n","inputlog":">version e1649a2dfaa61a80f5a5f70e20f6f26ae4cc4115\n>version-origin 70ab234f1d71fd2bc2b4c543cd0d0a1110b8e06b\n>start {\"formatid\":\"gen7randombattle\",\"seed\":[47029,57976,60879,14371]}\n>player p1 {\"name\":\"BaddyGames\",\"avatar\":\"275\",\"team\":\"\",\"rating\":0,\"seed\":[11571,6470,8967,44043]}\n>player p2 {\"name\":\"Wacro\",\"avatar\":\"swimmer\",\"team\":\"\",\"rating\":0,\"seed\":[9412,32773,9237,28760]}\n>p1 move substitute\n>p2 switch 6\n>p1 move aeroblast\n>p2 move shadowball\n>p1 switch 5\n>p2 move shadowball\n>p1 move dragondance mega\n>p2 switch 4\n>p1 switch 3\n>p2 move highjumpkick\n>p1 move superpower\n>p2 switch 3\n>p1 switch 3\n>p2 move hiddenpower\n>p1 move crunch\n>p2 move surf\n>p2 switch 3\n>p1 switch 3\n>p2 move icepunch\n>p1 move superpower\n>p2 move highjumpkick\n>p2 switch 4\n>p1 switch 3\n>p2 move hiddenpower\n>p1 switch 6\n>p1 move liquidation\n>p2 switch 6\n>p1 switch 3\n>p2 move spore\n>p1 switch 4\n>p2 move leechlife\n>p1 move revelationdance\n>p2 switch 2\n>p1 move uturn\n>p2 move icebeam\n>p1 switch 4\n>p1 move superpower\n>p2 move icebeam\n>p1 switch 2\n>p1 move dragondance\n>p2 switch 2\n>p1 move stoneedge\n>p2 move seedbomb\n>p2 switch 5\n>p1 move earthquake\n>p2 move psychoboost\n>p2 switch 2\n>p1 move waterfall\n>p2 move triattack\n>p1 switch 3\n>p1 move liquidation\n>p2 move recover\n>p2 switch 6\n>p1 move liquidation\n>p2 move hiddenpower\n>p1 move liquidation\n>p2 move painsplit\n>p1 move stoneedge\n>p2 move painsplit\n>p1 move liquidation\n>p2 move hiddenpower\n>p1 move liquidation\n>p2 move hiddenpower","uploadtime":1592057980,"views":7,"p1id":"baddygames","p2id":"wacro","formatid":"gen7randombattle","rating":0,"private":0,"password":null}