{"id":"gen7ou-995234839","p1":"delchef","p2":"RST4","format":"gen7ou","log":"|j|\u2606delchef\n|j|\u2606RST4\n|player|p1|delchef|266|1392\n|player|p2|RST4|262|1427\n|teamsize|p1|6\n|teamsize|p2|6\n|gametype|singles\n|gen|7\n|tier|[Gen 7] OU\n|rated|\n|rule|Sleep Clause Mod: Limit one foe put to sleep\n|rule|Species Clause: Limit one of each Pok\u00e9mon\n|rule|OHKO Clause: OHKO moves are banned\n|rule|Moody Clause: Moody is banned\n|rule|Evasion Moves Clause: Evasion moves are banned\n|rule|Endless Battle Clause: Forcing endless battles is banned\n|rule|HP Percentage Mod: HP is shown in percentages\n|clearpoke\n|poke|p1|Tapu Koko|item\n|poke|p1|Keldeo|item\n|poke|p1|Latias, F|item\n|poke|p1|Kartana|item\n|poke|p1|Chansey, F|item\n|poke|p1|Scizor, M|item\n|poke|p2|Pelipper, M|item\n|poke|p2|Swampert, M|item\n|poke|p2|Conkeldurr, F|item\n|poke|p2|Tangrowth, F|item\n|poke|p2|Tapu Koko|item\n|poke|p2|Chansey, F|item\n|teampreview\n|\n|start\n|switch|p1a: S T O R E|Latias, F|100\/100\n|switch|p2a: Tapu Koko|Tapu Koko|100\/100\n|-fieldstart|move: Electric Terrain|[from] ability: Electric Surge|[of] p2a: Tapu Koko\n|turn|1\n|\n|detailschange|p1a: S T O R E|Latias-Mega, F\n|-mega|p1a: S T O R E|Latias|Latiasite\n|move|p2a: Tapu Koko|Dazzling Gleam|p1a: S T O R E\n|-supereffective|p1a: S T O R E\n|-damage|p1a: S T O R E|55\/100\n|move|p1a: S T O R E|Reflect Type|p2a: Tapu Koko\n|-start|p1a: S T O R E|typechange|[from] move: Reflect Type|[of] p2a: Tapu Koko\n|\n|upkeep\n|turn|2\n|\n|move|p2a: Tapu Koko|Volt Switch|p1a: S T O R E\n|-resisted|p1a: S T O R E\n|-damage|p1a: S T O R E|42\/100\n|\n|switch|p2a: Chansey|Chansey, F|100\/100|[from]move: Volt Switch\n|move|p1a: S T O R E|Recover|p1a: S T O R E\n|-heal|p1a: S T O R E|92\/100\n|\n|upkeep\n|turn|3\n|\n|switch|p1a: Kartana|Kartana|100\/100\n|move|p2a: Chansey|Stealth Rock|p1a: Kartana\n|-sidestart|p1: delchef|move: Stealth Rock\n|\n|upkeep\n|turn|4\n|\n|switch|p2a: Tangrowth|Tangrowth, F|100\/100\n|move|p1a: Kartana|Knock Off|p2a: Tangrowth\n|-damage|p2a: Tangrowth|79\/100\n|-damage|p1a: Kartana|84\/100|[from] item: Rocky Helmet|[of] p2a: Tangrowth\n|-enditem|p2a: Tangrowth|Rocky Helmet|[from] move: Knock Off|[of] p1a: Kartana\n|\n|upkeep\n|turn|5\n|\n|switch|p1a: Chansey|Chansey, F|100\/100\n|-damage|p1a: Chansey|88\/100|[from] Stealth Rock\n|move|p2a: Tangrowth|Hidden Power|p1a: Chansey\n|-damage|p1a: Chansey|83\/100\n|\n|-fieldend|move: Electric Terrain\n|upkeep\n|turn|6\n|inactive|Battle timer is ON: inactive players will automatically lose when time's up. (requested by RST4)\n|\n|move|p1a: Chansey|Stealth Rock|p2a: Tangrowth\n|-sidestart|p2: RST4|move: Stealth Rock\n|move|p2a: Tangrowth|Leech Seed|p1a: Chansey\n|-start|p1a: Chansey|move: Leech Seed\n|\n|-damage|p1a: Chansey|71\/100|[from] Leech Seed|[of] p2a: Tangrowth\n|-heal|p2a: Tangrowth|99\/100|[silent]\n|upkeep\n|turn|7\n|\n|switch|p2a: Conkeldurr|Conkeldurr, F|100\/100\n|-damage|p2a: Conkeldurr|94\/100|[from] Stealth Rock\n|move|p1a: Chansey|Toxic|p2a: Conkeldurr\n|-status|p2a: Conkeldurr|tox\n|\n|-damage|p1a: Chansey|59\/100|[from] Leech Seed|[of] p2a: Conkeldurr\n|-heal|p2a: Conkeldurr|100\/100 tox|[silent]\n|-damage|p2a: Conkeldurr|94\/100 tox|[from] psn\n|upkeep\n|turn|8\n|\n|switch|p1a: Scizor|Scizor, M|100\/100\n|-damage|p1a: Scizor|88\/100|[from] Stealth Rock\n|move|p2a: Conkeldurr|Knock Off|p1a: Scizor\n|-damage|p1a: Scizor|33\/100\n|-enditem|p1a: Scizor|Life Orb|[from] move: Knock Off|[of] p2a: Conkeldurr\n|\n|-damage|p2a: Conkeldurr|82\/100 tox|[from] psn\n|upkeep\n|turn|9\n|\n|move|p1a: Scizor|Bullet Punch|p2a: Conkeldurr\n|-damage|p2a: Conkeldurr|54\/100 tox\n|move|p2a: Conkeldurr|Drain Punch|p1a: Scizor\n|-damage|p1a: Scizor|0 fnt\n|-heal|p2a: Conkeldurr|68\/100 tox|[from] drain|[of] p1a: Scizor\n|faint|p1a: Scizor\n|\n|-damage|p2a: Conkeldurr|50\/100 tox|[from] psn\n|upkeep\n|\n|switch|p1a: Tapu Koko|Tapu Koko, shiny|100\/100\n|-damage|p1a: Tapu Koko|88\/100|[from] Stealth Rock\n|-fieldstart|move: Electric Terrain|[from] ability: Electric Surge|[of] p1a: Tapu Koko\n|turn|10\n|\n|switch|p2a: Chansey|Chansey, F|100\/100\n|-damage|p2a: Chansey|88\/100|[from] Stealth Rock\n|move|p1a: Tapu Koko|Volt Switch|p2a: Chansey\n|-damage|p2a: Chansey|66\/100\n|\n|switch|p1a: Keldeo|Keldeo|100\/100|[from]move: Volt Switch\n|-damage|p1a: Keldeo|94\/100|[from] Stealth Rock\n|\n|upkeep\n|turn|11\n|\n|switch|p2a: Pelipper|Pelipper, M|100\/100\n|-damage|p2a: Pelipper|75\/100|[from] Stealth Rock\n|-weather|RainDance|[from] ability: Drizzle|[of] p2a: Pelipper\n|move|p1a: Keldeo|Substitute|p1a: Keldeo\n|-start|p1a: Keldeo|Substitute\n|-damage|p1a: Keldeo|70\/100\n|\n|-weather|RainDance|[upkeep]\n|upkeep\n|turn|12\n|\n|move|p1a: Keldeo|Hydro Pump|p2a: Pelipper|[miss]\n|-miss|p1a: Keldeo|p2a: Pelipper\n|move|p2a: Pelipper|Hurricane|p1a: Keldeo\n|-supereffective|p1a: Keldeo\n|-end|p1a: Keldeo|Substitute\n|\n|-weather|RainDance|[upkeep]\n|upkeep\n|turn|13\n|\n|-zpower|p1a: Keldeo\n|move|p1a: Keldeo|Hydro Vortex|p2a: Pelipper|[zeffect]\n|-resisted|p2a: Pelipper\n|-damage|p2a: Pelipper|0 fnt\n|faint|p2a: Pelipper\n|\n|-weather|RainDance|[upkeep]\n|upkeep\n|\n|switch|p2a: Tapu Koko|Tapu Koko|100\/100\n|-damage|p2a: Tapu Koko|88\/100|[from] Stealth Rock\n|turn|14\n|\n|switch|p1a: Chansey|Chansey, F|59\/100\n|-damage|p1a: Chansey|46\/100|[from] Stealth Rock\n|move|p2a: Tapu Koko|Thunder|p1a: Chansey\n|-damage|p1a: Chansey|27\/100\n|\n|-weather|RainDance|[upkeep]\n|-fieldend|move: Electric Terrain\n|upkeep\n|turn|15\n|\n|move|p2a: Tapu Koko|Volt Switch|p1a: Chansey\n|-damage|p1a: Chansey|18\/100\n|\n|switch|p2a: Conkeldurr|Conkeldurr, F|50\/100 tox|[from]move: Volt Switch\n|-damage|p2a: Conkeldurr|43\/100 tox|[from] Stealth Rock\n|move|p1a: Chansey|Soft-Boiled|p1a: Chansey\n|-heal|p1a: Chansey|68\/100\n|\n|-weather|RainDance|[upkeep]\n|-damage|p2a: Conkeldurr|37\/100 tox|[from] psn\n|upkeep\n|turn|16\n|\n|switch|p1a: Tapu Koko|Tapu Koko, shiny|88\/100\n|-damage|p1a: Tapu Koko|76\/100|[from] Stealth Rock\n|-fieldstart|move: Electric Terrain|[from] ability: Electric Surge|[of] p1a: Tapu Koko\n|move|p2a: Conkeldurr|Drain Punch|p1a: Tapu Koko\n|-resisted|p1a: Tapu Koko\n|-damage|p1a: Tapu Koko|25\/100\n|-heal|p2a: Conkeldurr|55\/100 tox|[from] drain|[of] p1a: Tapu Koko\n|\n|-weather|RainDance|[upkeep]\n|-damage|p2a: Conkeldurr|43\/100 tox|[from] psn\n|upkeep\n|turn|17\n|\n|move|p2a: Conkeldurr|Mach Punch|p1a: Tapu Koko\n|-resisted|p1a: Tapu Koko\n|-damage|p1a: Tapu Koko|0 fnt\n|faint|p1a: Tapu Koko\n|\n|-weather|RainDance|[upkeep]\n|-damage|p2a: Conkeldurr|24\/100 tox|[from] psn\n|upkeep\n|\n|switch|p1a: Keldeo|Keldeo|70\/100\n|-damage|p1a: Keldeo|63\/100|[from] Stealth Rock\n|turn|18\n|\n|move|p2a: Conkeldurr|Mach Punch|p1a: Keldeo\n|-damage|p1a: Keldeo|22\/100\n|move|p1a: Keldeo|Scald|p2a: Conkeldurr\n|-damage|p2a: Conkeldurr|0 fnt\n|faint|p2a: Conkeldurr\n|\n|-weather|none\n|upkeep\n|\n|switch|p2a: Tapu Koko|Tapu Koko|88\/100\n|-damage|p2a: Tapu Koko|76\/100|[from] Stealth Rock\n|turn|19\n|\n|switch|p1a: Chansey|Chansey, F|68\/100\n|-damage|p1a: Chansey|56\/100|[from] Stealth Rock\n|move|p2a: Tapu Koko|Dazzling Gleam|p1a: Chansey\n|-damage|p1a: Chansey|46\/100\n|\n|upkeep\n|turn|20\n|\n|move|p2a: Tapu Koko|Volt Switch|p1a: Chansey\n|-damage|p1a: Chansey|32\/100\n|\n|switch|p2a: Tangrowth|Tangrowth, F|100\/100|[from]move: Volt Switch\n|-damage|p2a: Tangrowth|88\/100|[from] Stealth Rock\n|move|p1a: Chansey|Soft-Boiled|p1a: Chansey\n|-heal|p1a: Chansey|82\/100\n|\n|-fieldend|move: Electric Terrain\n|upkeep\n|turn|21\n|\n|move|p1a: Chansey|Toxic|p2a: Tangrowth\n|-status|p2a: Tangrowth|tox\n|move|p2a: Tangrowth|Leech Seed|p1a: Chansey\n|-start|p1a: Chansey|move: Leech Seed\n|\n|-damage|p1a: Chansey|69\/100|[from] Leech Seed|[of] p2a: Tangrowth\n|-heal|p2a: Tangrowth|100\/100 tox|[silent]\n|-damage|p2a: Tangrowth|94\/100 tox|[from] psn\n|upkeep\n|turn|22\n|\n|switch|p2a: Swampert|Swampert, M|100\/100\n|-damage|p2a: Swampert|94\/100|[from] Stealth Rock\n|switch|p1a: Kartana|Kartana|84\/100\n|-damage|p1a: Kartana|78\/100|[from] Stealth Rock\n|\n|upkeep\n|turn|23\n|\n|switch|p2a: Tangrowth|Tangrowth, F|100\/100 tox\n|-damage|p2a: Tangrowth|88\/100 tox|[from] Stealth Rock\n|move|p1a: Kartana|Leaf Blade|p2a: Tangrowth\n|-resisted|p2a: Tangrowth\n|-crit|p2a: Tangrowth\n|-damage|p2a: Tangrowth|64\/100 tox\n|\n|-damage|p2a: Tangrowth|57\/100 tox|[from] psn\n|upkeep\n|turn|24\n|\n|switch|p1a: S T O R E|Latias-Mega, F|92\/100\n|-damage|p1a: S T O R E|80\/100|[from] Stealth Rock\n|move|p2a: Tangrowth|Hidden Power|p1a: S T O R E\n|-resisted|p1a: S T O R E\n|-damage|p1a: S T O R E|75\/100\n|\n|-damage|p2a: Tangrowth|45\/100 tox|[from] psn\n|upkeep\n|turn|25\n|\n|switch|p2a: Swampert|Swampert, M|94\/100\n|-damage|p2a: Swampert|88\/100|[from] Stealth Rock\n|move|p1a: S T O R E|Reflect Type|p2a: Swampert\n|-start|p1a: S T O R E|typechange|[from] move: Reflect Type|[of] p2a: Swampert\n|\n|upkeep\n|turn|26\n|\n|detailschange|p2a: Swampert|Swampert-Mega, M\n|-mega|p2a: Swampert|Swampert|Swampertite\n|move|p2a: Swampert|Waterfall|p1a: S T O R E\n|-damage|p1a: S T O R E|46\/100\n|move|p1a: S T O R E|Calm Mind|p1a: S T O R E\n|-boost|p1a: S T O R E|spa|1\n|-boost|p1a: S T O R E|spd|1\n|\n|upkeep\n|turn|27\n|\n|move|p2a: Swampert|Waterfall|p1a: S T O R E\n|-damage|p1a: S T O R E|17\/100\n|cant|p1a: S T O R E|flinch\n|\n|upkeep\n|turn|28\n|\n|switch|p1a: Kartana|Kartana|78\/100\n|-damage|p1a: Kartana|72\/100|[from] Stealth Rock\n|move|p2a: Swampert|Waterfall|p1a: Kartana\n|-resisted|p1a: Kartana\n|-damage|p1a: Kartana|46\/100\n|\n|upkeep\n|turn|29\n|\n|switch|p2a: Tangrowth|Tangrowth, F|78\/100 tox\n|-damage|p2a: Tangrowth|66\/100 tox|[from] Stealth Rock\n|move|p1a: Kartana|Smart Strike|p2a: Tangrowth\n|-damage|p2a: Tangrowth|41\/100 tox\n|\n|-damage|p2a: Tangrowth|35\/100 tox|[from] psn\n|upkeep\n|turn|30\n|\n|switch|p1a: Keldeo|Keldeo|22\/100\n|-damage|p1a: Keldeo|16\/100|[from] Stealth Rock\n|move|p2a: Tangrowth|Hidden Power|p1a: Keldeo\n|-resisted|p1a: Keldeo\n|-damage|p1a: Keldeo|8\/100\n|\n|-damage|p2a: Tangrowth|23\/100 tox|[from] psn\n|upkeep\n|turn|31\n|\n|switch|p2a: Tapu Koko|Tapu Koko|76\/100\n|-damage|p2a: Tapu Koko|63\/100|[from] Stealth Rock\n|-fieldstart|move: Electric Terrain|[from] ability: Electric Surge|[of] p2a: Tapu Koko\n|move|p1a: Keldeo|Secret Sword|p2a: Tapu Koko\n|-resisted|p2a: Tapu Koko\n|-damage|p2a: Tapu Koko|35\/100\n|\n|upkeep\n|turn|32\n|\n|move|p2a: Tapu Koko|Dazzling Gleam|p1a: Keldeo\n|-supereffective|p1a: Keldeo\n|-damage|p1a: Keldeo|0 fnt\n|faint|p1a: Keldeo\n|\n|upkeep\n|\n|switch|p1a: Kartana|Kartana|46\/100\n|-damage|p1a: Kartana|40\/100|[from] Stealth Rock\n|turn|33\n|\n|move|p1a: Kartana|Leaf Blade|p2a: Tapu Koko\n|-damage|p2a: Tapu Koko|0 fnt\n|faint|p2a: Tapu Koko\n|-ability|p1a: Kartana|Beast Boost|boost\n|-boost|p1a: Kartana|atk|1\n|\n|upkeep\n|\n|switch|p2a: Tangrowth|Tangrowth, F|56\/100 tox\n|-damage|p2a: Tangrowth|44\/100 tox|[from] Stealth Rock\n|turn|34\n|\n|switch|p1a: S T O R E|Latias-Mega, F|17\/100\n|-damage|p1a: S T O R E|5\/100|[from] Stealth Rock\n|move|p2a: Tangrowth|Hidden Power|p1a: S T O R E\n|-resisted|p1a: S T O R E\n|-damage|p1a: S T O R E|0 fnt\n|faint|p1a: S T O R E\n|\n|-damage|p2a: Tangrowth|37\/100 tox|[from] psn\n|upkeep\n|\n|switch|p1a: Kartana|Kartana|40\/100\n|-damage|p1a: Kartana|34\/100|[from] Stealth Rock\n|turn|35\n|\n|switch|p2a: Chansey|Chansey, F|66\/100\n|-damage|p2a: Chansey|53\/100|[from] Stealth Rock\n|move|p1a: Kartana|Leaf Blade|p2a: Chansey\n|-damage|p2a: Chansey|15\/100\n|\n|-fieldend|move: Electric Terrain\n|upkeep\n|turn|36\n|\n|move|p1a: Kartana|Leaf Blade|p2a: Chansey\n|-damage|p2a: Chansey|0 fnt\n|faint|p2a: Chansey\n|-ability|p1a: Kartana|Beast Boost|boost\n|-boost|p1a: Kartana|atk|1\n|\n|upkeep\n|\n|switch|p2a: Tangrowth|Tangrowth, F|71\/100 tox\n|-damage|p2a: Tangrowth|58\/100 tox|[from] Stealth Rock\n|turn|37\n|\n|switch|p1a: Chansey|Chansey, F|69\/100\n|-damage|p1a: Chansey|57\/100|[from] Stealth Rock\n|move|p2a: Tangrowth|Hidden Power|p1a: Chansey\n|-damage|p1a: Chansey|53\/100\n|\n|-damage|p2a: Tangrowth|52\/100 tox|[from] psn\n|upkeep\n|turn|38\n|\n|move|p1a: Chansey|Soft-Boiled|p1a: Chansey\n|-heal|p1a: Chansey|100\/100\n|move|p2a: Tangrowth|Leech Seed|p1a: Chansey\n|-start|p1a: Chansey|move: Leech Seed\n|\n|-damage|p1a: Chansey|88\/100|[from] Leech Seed|[of] p2a: Tangrowth\n|-heal|p2a: Tangrowth|74\/100 tox|[silent]\n|-damage|p2a: Tangrowth|61\/100 tox|[from] psn\n|upkeep\n|turn|39\n|\n|switch|p2a: Swampert|Swampert-Mega, M|88\/100\n|-damage|p2a: Swampert|82\/100|[from] Stealth Rock\n|move|p1a: Chansey|Toxic|p2a: Swampert\n|-status|p2a: Swampert|tox\n|\n|-damage|p1a: Chansey|76\/100|[from] Leech Seed|[of] p2a: Swampert\n|-heal|p2a: Swampert|100\/100 tox|[silent]\n|-damage|p2a: Swampert|94\/100 tox|[from] psn\n|upkeep\n|turn|40\n|\n|move|p2a: Swampert|Earthquake|p1a: Chansey\n|-damage|p1a: Chansey|37\/100\n|move|p1a: Chansey|Soft-Boiled|p1a: Chansey\n|-heal|p1a: Chansey|87\/100\n|\n|-damage|p1a: Chansey|75\/100|[from] Leech Seed|[of] p2a: Swampert\n|-heal|p2a: Swampert|100\/100 tox|[silent]\n|-damage|p2a: Swampert|88\/100 tox|[from] psn\n|upkeep\n|turn|41\n|\n|move|p2a: Swampert|Earthquake|p1a: Chansey\n|-damage|p1a: Chansey|39\/100\n|move|p1a: Chansey|Soft-Boiled|p1a: Chansey\n|-heal|p1a: Chansey|90\/100\n|\n|-damage|p1a: Chansey|77\/100|[from] Leech Seed|[of] p2a: Swampert\n|-heal|p2a: Swampert|100\/100 tox|[silent]\n|-damage|p2a: Swampert|82\/100 tox|[from] psn\n|upkeep\n|turn|42\n|\n|move|p2a: Swampert|Earthquake|p1a: Chansey\n|-damage|p1a: Chansey|40\/100\n|move|p1a: Chansey|Soft-Boiled|p1a: Chansey\n|-heal|p1a: Chansey|90\/100\n|\n|-damage|p1a: Chansey|77\/100|[from] Leech Seed|[of] p2a: Swampert\n|-heal|p2a: Swampert|100\/100 tox|[silent]\n|-damage|p2a: Swampert|76\/100 tox|[from] psn\n|upkeep\n|turn|43\n|\n|move|p2a: Swampert|Earthquake|p1a: Chansey\n|-damage|p1a: Chansey|38\/100\n|move|p1a: Chansey|Soft-Boiled|p1a: Chansey\n|-heal|p1a: Chansey|88\/100\n|\n|-damage|p1a: Chansey|75\/100|[from] Leech Seed|[of] p2a: Swampert\n|-heal|p2a: Swampert|100\/100 tox|[silent]\n|-damage|p2a: Swampert|70\/100 tox|[from] psn\n|upkeep\n|turn|44\n|\n|move|p2a: Swampert|Earthquake|p1a: Chansey\n|-damage|p1a: Chansey|41\/100\n|move|p1a: Chansey|Soft-Boiled|p1a: Chansey\n|-heal|p1a: Chansey|91\/100\n|\n|-damage|p1a: Chansey|78\/100|[from] Leech Seed|[of] p2a: Swampert\n|-heal|p2a: Swampert|95\/100 tox|[silent]\n|-damage|p2a: Swampert|58\/100 tox|[from] psn\n|upkeep\n|turn|45\n|\n|switch|p2a: Tangrowth|Tangrowth, F|94\/100 tox\n|-damage|p2a: Tangrowth|82\/100 tox|[from] Stealth Rock\n|move|p1a: Chansey|Soft-Boiled|p1a: Chansey\n|-heal|p1a: Chansey|100\/100\n|\n|-damage|p1a: Chansey|88\/100|[from] Leech Seed|[of] p2a: Tangrowth\n|-heal|p2a: Tangrowth|100\/100 tox|[silent]\n|-damage|p2a: Tangrowth|94\/100 tox|[from] psn\n|upkeep\n|turn|46\n|\n|switch|p2a: Swampert|Swampert-Mega, M|58\/100 tox\n|-damage|p2a: Swampert|52\/100 tox|[from] Stealth Rock\n|move|p1a: Chansey|Seismic Toss|p2a: Swampert\n|-damage|p2a: Swampert|23\/100 tox\n|\n|-damage|p1a: Chansey|76\/100|[from] Leech Seed|[of] p2a: Swampert\n|-heal|p2a: Swampert|48\/100 tox|[silent]\n|-damage|p2a: Swampert|42\/100 tox|[from] psn\n|upkeep\n|turn|47\n|\n|move|p2a: Swampert|Earthquake|p1a: Chansey\n|-damage|p1a: Chansey|37\/100\n|move|p1a: Chansey|Seismic Toss|p2a: Swampert\n|-damage|p2a: Swampert|13\/100 tox\n|\n|-damage|p1a: Chansey|25\/100|[from] Leech Seed|[of] p2a: Swampert\n|-heal|p2a: Swampert|39\/100 tox|[silent]\n|-damage|p2a: Swampert|26\/100 tox|[from] psn\n|upkeep\n|turn|48\n|\n|move|p2a: Swampert|Earthquake|p1a: Chansey\n|-damage|p1a: Chansey|0 fnt\n|faint|p1a: Chansey\n|\n|-damage|p2a: Swampert|8\/100 tox|[from] psn\n|upkeep\n|\n|switch|p1a: Kartana|Kartana|34\/100\n|-damage|p1a: Kartana|28\/100|[from] Stealth Rock\n|turn|49\n|\n|move|p1a: Kartana|Smart Strike|p2a: Swampert\n|-resisted|p2a: Swampert\n|-damage|p2a: Swampert|0 fnt\n|faint|p2a: Swampert\n|-ability|p1a: Kartana|Beast Boost|boost\n|-boost|p1a: Kartana|atk|1\n|\n|upkeep\n|\n|switch|p2a: Tangrowth|Tangrowth, F|100\/100 tox\n|-damage|p2a: Tangrowth|88\/100 tox|[from] Stealth Rock\n|turn|50\n|\n|move|p1a: Kartana|Smart Strike|p2a: Tangrowth\n|-damage|p2a: Tangrowth|51\/100 tox\n|move|p2a: Tangrowth|Hidden Power|p1a: Kartana\n|-supereffective|p1a: Kartana\n|-damage|p1a: Kartana|0 fnt\n|faint|p1a: Kartana\n|\n|win|RST4\n|l|\u2606delchef\n|c|\u2606RST4|gg\n|raw|delchef's rating: 1371 &rarr; <strong>1355<\/strong><br \/>(-16 for losing)\n|raw|RST4's rating: 1400 &rarr; <strong>1418<\/strong><br \/>(+18 for winning)\n","uploadtime":1571516264,"views":4,"p1id":"delchef","p2id":"rst4","formatid":"gen7ou","rating":1355,"private":0,"password":null}