{"id":"gen7ou-950423185","p1":"ghecisbestvillain","p2":"LT62HG Elty","format":"gen7ou","log":"|j|\u2606ghecisbestvillain\n|j|\u2606LT62HG Elty\n|player|p1|ghecisbestvillain|269|1721\n|player|p2|LT62HG Elty|169|1711\n|teamsize|p1|6\n|teamsize|p2|6\n|gametype|singles\n|gen|7\n|tier|[Gen 7] OU\n|rated|\n|rule|Sleep Clause Mod: Limit one foe put to sleep\n|rule|Species Clause: Limit one of each Pok\u00e9mon\n|rule|OHKO Clause: OHKO moves are banned\n|rule|Moody Clause: Moody is banned\n|rule|Evasion Moves Clause: Evasion moves are banned\n|rule|Endless Battle Clause: Forcing endless battles is banned\n|rule|HP Percentage Mod: HP is shown in percentages\n|clearpoke\n|poke|p1|Hawlucha, M|item\n|poke|p1|Clefable, F|item\n|poke|p1|Charizard, M|item\n|poke|p1|Tapu Koko|item\n|poke|p1|Magearna|item\n|poke|p1|Kyurem-Black|item\n|poke|p2|Slowbro, F|item\n|poke|p2|Tapu Koko|item\n|poke|p2|Tangrowth, F|item\n|poke|p2|Mawile, F|item\n|poke|p2|Tornadus-Therian, M|item\n|poke|p2|Gliscor, F|item\n|teampreview\n|inactive|Battle timer is ON: inactive players will automatically lose when time's up. (requested by ghecisbestvillain)\n|\n|start\n|switch|p1a: Kyurem|Kyurem-Black|100\/100\n|switch|p2a: Tapu Koko|Tapu Koko|100\/100\n|-fieldstart|move: Electric Terrain|[from] ability: Electric Surge|[of] p2a: Tapu Koko\n|-ability|p1a: Kyurem|Teravolt\n|turn|1\n|\n|move|p2a: Tapu Koko|U-turn|p1a: Kyurem\n|-damage|p1a: Kyurem|90\/100\n|\n|switch|p2a: Slowbro|Slowbro, F|100\/100|[from]move: U-turn\n|move|p1a: Kyurem|Ice Beam|p2a: Slowbro\n|-resisted|p2a: Slowbro\n|-damage|p2a: Slowbro|70\/100\n|-damage|p1a: Kyurem|80\/100|[from] item: Life Orb\n|\n|upkeep\n|turn|2\n|\n|switch|p2a: Tapu Koko|Tapu Koko|100\/100\n|move|p1a: Kyurem|Fusion Bolt|p2a: Tapu Koko\n|-resisted|p2a: Tapu Koko\n|-damage|p2a: Tapu Koko|59\/100\n|-damage|p1a: Kyurem|70\/100|[from] item: Life Orb\n|\n|upkeep\n|turn|3\n|inactive|LT62HG Elty has 120 seconds left.\n|\n|move|p2a: Tapu Koko|Roost|p2a: Tapu Koko\n|-heal|p2a: Tapu Koko|100\/100\n|-singleturn|p2a: Tapu Koko|move: Roost\n|move|p1a: Kyurem|Roost|p1a: Kyurem\n|-heal|p1a: Kyurem|100\/100\n|-singleturn|p1a: Kyurem|move: Roost\n|\n|upkeep\n|turn|4\n|\n|move|p2a: Tapu Koko|Thunderbolt|p1a: Kyurem\n|-resisted|p1a: Kyurem\n|-damage|p1a: Kyurem|78\/100\n|move|p1a: Kyurem|Ice Beam|p2a: Tapu Koko\n|-damage|p2a: Tapu Koko|2\/100\n|-damage|p1a: Kyurem|68\/100|[from] item: Life Orb\n|\n|upkeep\n|turn|5\n|inactive|LT62HG Elty has 120 seconds left.\n|\n|move|p2a: Tapu Koko|U-turn|p1a: Kyurem\n|-damage|p1a: Kyurem|56\/100\n|\n|switch|p2a: Slowbro|Slowbro, F|100\/100|[from]move: U-turn\n|move|p1a: Kyurem|Roost|p1a: Kyurem\n|-heal|p1a: Kyurem|100\/100\n|-singleturn|p1a: Kyurem|move: Roost\n|\n|-fieldend|move: Electric Terrain\n|upkeep\n|turn|6\n|inactive|ghecisbestvillain has 120 seconds left.\n|\n|move|p1a: Kyurem|Fusion Bolt|p2a: Slowbro\n|-supereffective|p2a: Slowbro\n|-damage|p2a: Slowbro|44\/100\n|-damage|p1a: Kyurem|91\/100|[from] item: Life Orb\n|move|p2a: Slowbro|Thunder Wave|p1a: Kyurem\n|-status|p1a: Kyurem|par\n|\n|upkeep\n|turn|7\n|inactive|ghecisbestvillain has 120 seconds left.\n|\n|switch|p2a: Tangrowth|Tangrowth, F|100\/100\n|move|p1a: Kyurem|Ice Beam|p2a: Tangrowth\n|-supereffective|p2a: Tangrowth\n|-damage|p2a: Tangrowth|24\/100\n|-damage|p1a: Kyurem|81\/100 par|[from] item: Life Orb\n|\n|upkeep\n|turn|8\n|inactive|ghecisbestvillain has 120 seconds left.\n|inactive|ghecisbestvillain has 90 seconds left.\n|\n|switch|p2a: Slowbro|Slowbro, F|78\/100\n|move|p1a: Kyurem|Fusion Bolt|p2a: Slowbro\n|-supereffective|p2a: Slowbro\n|-damage|p2a: Slowbro|29\/100\n|-damage|p1a: Kyurem|71\/100 par|[from] item: Life Orb\n|\n|upkeep\n|turn|9\n|\n|switch|p2a: Tangrowth|Tangrowth, F|58\/100\n|move|p1a: Kyurem|Ice Beam|p2a: Tangrowth\n|-supereffective|p2a: Tangrowth\n|-damage|p2a: Tangrowth|0 fnt\n|-damage|p1a: Kyurem|61\/100 par|[from] item: Life Orb\n|faint|p2a: Tangrowth\n|\n|upkeep\n|\n|switch|p2a: Mawile|Mawile, F|100\/100\n|-ability|p2a: Mawile|Intimidate|boost\n|-unboost|p1a: Kyurem|atk|1\n|turn|10\n|\n|detailschange|p2a: Mawile|Mawile-Mega, F\n|-mega|p2a: Mawile|Mawile|Mawilite\n|move|p2a: Mawile|Play Rough|p1a: Kyurem\n|-supereffective|p1a: Kyurem\n|-damage|p1a: Kyurem|0 fnt\n|faint|p1a: Kyurem\n|\n|upkeep\n|inactive|ghecisbestvillain has 90 seconds left.\n|\n|switch|p1a: Tapu Koko|Tapu Koko|100\/100\n|-fieldstart|move: Electric Terrain|[from] ability: Electric Surge|[of] p1a: Tapu Koko\n|turn|11\n|\n|move|p1a: Tapu Koko|Reflect|p1a: Tapu Koko\n|-sidestart|p1: ghecisbestvillain|Reflect\n|move|p2a: Mawile|Play Rough|p1a: Tapu Koko\n|-damage|p1a: Tapu Koko|55\/100\n|\n|upkeep\n|turn|12\n|\n|move|p1a: Tapu Koko|Taunt|p2a: Mawile\n|-start|p2a: Mawile|move: Taunt\n|cant|p2a: Mawile|move: Taunt|Swords Dance\n|\n|upkeep\n|turn|13\n|\n|switch|p1a: Charizard|Charizard, M|100\/100\n|switch|p2a: Slowbro|Slowbro, F|62\/100\n|\n|upkeep\n|turn|14\n|\n|detailschange|p1a: Charizard|Charizard-Mega-X, M\n|-mega|p1a: Charizard|Charizard|Charizardite X\n|move|p1a: Charizard|Dragon Claw|p2a: Slowbro\n|-damage|p2a: Slowbro|28\/100\n|-damage|p1a: Charizard|84\/100|[from] item: Rocky Helmet|[of] p2a: Slowbro\n|move|p2a: Slowbro|Thunder Wave|p1a: Charizard\n|-status|p1a: Charizard|par\n|\n|upkeep\n|turn|15\n|inactive|ghecisbestvillain has 120 seconds left.\n|\n|switch|p1a: Hawlucha|Hawlucha, M|100\/100\n|-enditem|p1a: Hawlucha|Electric Seed\n|-boost|p1a: Hawlucha|def|1\n|move|p2a: Slowbro|Slack Off|p2a: Slowbro\n|-heal|p2a: Slowbro|78\/100\n|\n|-fieldend|move: Electric Terrain\n|upkeep\n|turn|16\n|\n|move|p1a: Hawlucha|Swords Dance|p1a: Hawlucha\n|-boost|p1a: Hawlucha|atk|2\n|move|p2a: Slowbro|Scald|p1a: Hawlucha\n|-damage|p1a: Hawlucha|67\/100\n|-status|p1a: Hawlucha|brn\n|\n|-damage|p1a: Hawlucha|61\/100 brn|[from] brn\n|upkeep\n|turn|17\n|\n|move|p1a: Hawlucha|Swords Dance|p1a: Hawlucha\n|-boost|p1a: Hawlucha|atk|2\n|move|p2a: Slowbro|Scald|p1a: Hawlucha\n|-crit|p1a: Hawlucha\n|-damage|p1a: Hawlucha|15\/100 brn\n|\n|-damage|p1a: Hawlucha|9\/100 brn|[from] brn\n|upkeep\n|turn|18\n|\n|move|p1a: Hawlucha|Drain Punch|p2a: Slowbro\n|-resisted|p2a: Slowbro\n|-damage|p2a: Slowbro|64\/100\n|-heal|p1a: Hawlucha|19\/100 brn|[from] drain|[of] p2a: Slowbro\n|-damage|p1a: Hawlucha|3\/100 brn|[from] item: Rocky Helmet|[of] p2a: Slowbro\n|move|p2a: Slowbro|Slack Off|p2a: Slowbro\n|-heal|p2a: Slowbro|100\/100\n|\n|-damage|p1a: Hawlucha|0 fnt|[from] brn\n|faint|p1a: Hawlucha\n|-sideend|p1: ghecisbestvillain|Reflect\n|upkeep\n|\n|switch|p1a: Clefable|Clefable, F|100\/100\n|turn|19\n|\n|move|p1a: Clefable|Cosmic Power|p1a: Clefable\n|-boost|p1a: Clefable|def|1\n|-boost|p1a: Clefable|spd|1\n|move|p2a: Slowbro|Thunder Wave|p1a: Clefable\n|-status|p1a: Clefable|par\n|\n|upkeep\n|turn|20\n|\n|switch|p2a: Mawile|Mawile-Mega, F|100\/100\n|move|p1a: Clefable|Charge Beam|p2a: Mawile\n|-damage|p2a: Mawile|85\/100\n|-boost|p1a: Clefable|spa|1\n|\n|upkeep\n|turn|21\n|\n|move|p2a: Mawile|Swords Dance|p2a: Mawile\n|-boost|p2a: Mawile|atk|2\n|move|p1a: Clefable|Cosmic Power|p1a: Clefable\n|-boost|p1a: Clefable|def|1\n|-boost|p1a: Clefable|spd|1\n|\n|upkeep\n|turn|22\n|\n|switch|p1a: Charizard|Charizard-Mega-X, M|84\/100 par\n|move|p2a: Mawile|Play Rough|p1a: Charizard\n|-damage|p1a: Charizard|0 fnt\n|faint|p1a: Charizard\n|\n|upkeep\n|\n|switch|p1a: Tapu Koko|Tapu Koko|55\/100\n|-fieldstart|move: Electric Terrain|[from] ability: Electric Surge|[of] p1a: Tapu Koko\n|turn|23\n|-message|ghecisbestvillain forfeited.\n|\n|win|LT62HG Elty\n|l|\u2606ghecisbestvillain\n|raw|ghecisbestvillain's rating: 1739 &rarr; <strong>1718<\/strong><br \/>(-21 for losing)\n|raw|LT62HG Elty's rating: 1735 &rarr; <strong>1755<\/strong><br \/>(+20 for winning)\n","uploadtime":1564074602,"views":15,"p1id":"ghecisbestvillain","p2id":"lt62hgelty","formatid":"gen7ou","rating":1718,"private":0,"password":null}