{"id":"gen7battlefactory-1181210472","p1":"MythicalDarkrai","p2":"Ayante","format":"gen7battlefactory","log":"|j|\u2606MythicalDarkrai\n|j|\u2606Ayante\n|t:|1599239852\n|player|p1|MythicalDarkrai|102|\n|player|p2|Ayante|koga|\n|teamsize|p1|6\n|teamsize|p2|6\n|gametype|singles\n|gen|7\n|tier|[Gen 7] Battle Factory\n|rated|Tournament battle\n|rule|Sleep Clause Mod: Limit one foe put to sleep\n|clearpoke\n|poke|p1|Vikavolt, M|item\n|poke|p1|Houndoom, F|item\n|poke|p1|Rhydon, M|item\n|poke|p1|Hariyama, M|item\n|poke|p1|Pangoro, F|item\n|poke|p1|Whimsicott, F|item\n|poke|p2|Rhydon, M|item\n|poke|p2|Blastoise, F|item\n|poke|p2|Decidueye, M|item\n|poke|p2|Audino, F|item\n|poke|p2|Xatu, M|item\n|poke|p2|Gastrodon, M|item\n|rule|HP Percentage Mod: HP is shown in percentages\n|rule|Mega Rayquaza Clause: You cannot mega evolve Rayquaza\n|teampreview\n|j|*Lady Monita\n|inactive|Battle timer is ON: inactive players will automatically lose when time's up. (requested by MythicalDarkrai)\n|\n|t:|1599239884\n|start\n|switch|p1a: Rhydon|Rhydon, M|414\/414\n|switch|p2a: Gastrodon|Gastrodon, M|426\/426\n|turn|1\n|\n|t:|1599239891\n|move|p1a: Rhydon|Swords Dance|p1a: Rhydon\n|-boost|p1a: Rhydon|atk|2\n|move|p2a: Gastrodon|Scald|p1a: Rhydon\n|-supereffective|p1a: Rhydon\n|-damage|p1a: Rhydon|114\/414\n|\n|upkeep\n|turn|2\n|inactive|Ayante has 120 seconds left.\n|\n|t:|1599239938\n|switch|p1a: Whimsicott|Whimsicott, F|261\/261\n|switch|p2a: Decidueye|Decidueye, M|297\/297\n|\n|upkeep\n|turn|3\n|\n|t:|1599239950\n|move|p1a: Whimsicott|Psychic|p2a: Decidueye\n|-damage|p2a: Decidueye|203\/297\n|-damage|p1a: Whimsicott|235\/261|[from] item: Life Orb\n|move|p2a: Decidueye|U-turn|p1a: Whimsicott\n|-damage|p1a: Whimsicott|169\/261\n|inactive|Ayante has 90 seconds left.\n|\n|t:|1599239983\n|switch|p2a: Xatu|Xatu, M|334\/334\n|\n|upkeep\n|turn|4\n|\n|t:|1599239996\n|switch|p1a: Vikavolt|Vikavolt, M|321\/321\n|move|p2a: Xatu|Toxic|p1a: Vikavolt\n|-status|p1a: Vikavolt|tox\n|\n|-damage|p1a: Vikavolt|301\/321 tox|[from] psn\n|upkeep\n|turn|5\n|inactive|Ayante has 90 seconds left.\n|\n|t:|1599240013\n|switch|p2a: Gastrodon|Gastrodon, M|426\/426\n|move|p1a: Vikavolt|Thunderbolt|p2a: Gastrodon\n|-immune|p2a: Gastrodon\n|\n|-damage|p1a: Vikavolt|261\/321 tox|[from] psn\n|upkeep\n|turn|6\n|inactive|Ayante has 90 seconds left.\n|\n|t:|1599240024\n|switch|p1a: Whimsicott|Whimsicott, F|169\/261\n|move|p2a: Gastrodon|Toxic|p1a: Whimsicott\n|-status|p1a: Whimsicott|tox\n|\n|-damage|p1a: Whimsicott|153\/261 tox|[from] psn\n|upkeep\n|turn|7\n|\n|t:|1599240034\n|switch|p2a: Xatu|Xatu, M|334\/334\n|move|p1a: Whimsicott|Energy Ball|p2a: Xatu\n|-resisted|p2a: Xatu\n|-damage|p2a: Xatu|230\/334\n|-damage|p1a: Whimsicott|127\/261 tox|[from] item: Life Orb\n|\n|-damage|p1a: Whimsicott|95\/261 tox|[from] psn\n|upkeep\n|turn|8\n|\n|t:|1599240045\n|switch|p1a: Vikavolt|Vikavolt, M|261\/321 tox\n|move|p2a: Xatu|Roost|p2a: Xatu\n|-heal|p2a: Xatu|334\/334\n|-singleturn|p2a: Xatu|move: Roost\n|\n|-damage|p1a: Vikavolt|241\/321 tox|[from] psn\n|upkeep\n|turn|9\n|\n|t:|1599240055\n|switch|p2a: Gastrodon|Gastrodon, M|426\/426\n|move|p1a: Vikavolt|Energy Ball|p2a: Gastrodon\n|-supereffective|p2a: Gastrodon\n|-damage|p2a: Gastrodon|0 fnt\n|faint|p2a: Gastrodon\n|\n|-damage|p1a: Vikavolt|201\/321 tox|[from] psn\n|upkeep\n|inactive|Ayante has 90 seconds left.\n|\n|t:|1599240070\n|switch|p2a: Decidueye|Decidueye, M|203\/297\n|turn|10\n|\n|t:|1599240081\n|switch|p1a: Houndoom|Houndoom, F|291\/291\n|move|p2a: Decidueye|Leaf Storm|p1a: Houndoom\n|-resisted|p1a: Houndoom\n|-damage|p1a: Houndoom|168\/291\n|-unboost|p2a: Decidueye|spa|2\n|\n|upkeep\n|turn|11\n|inactive|Ayante has 90 seconds left.\n|\n|t:|1599240103\n|switch|p2a: Blastoise|Blastoise, F|362\/362\n|-zpower|p1a: Houndoom\n|move|p1a: Houndoom|Black Hole Eclipse|p2a: Blastoise|[zeffect]\n|-damage|p2a: Blastoise|100\/362\n|\n|-heal|p2a: Blastoise|122\/362|[from] item: Leftovers\n|upkeep\n|turn|12\n|inactive|Ayante has 90 seconds left.\n|\n|t:|1599240116\n|move|p1a: Houndoom|Dark Pulse|p2a: Blastoise\n|-damage|p2a: Blastoise|2\/362\n|move|p2a: Blastoise|Scald|p1a: Houndoom\n|-supereffective|p1a: Houndoom\n|-damage|p1a: Houndoom|0 fnt\n|faint|p1a: Houndoom\n|\n|-heal|p2a: Blastoise|24\/362|[from] item: Leftovers\n|upkeep\n|\n|t:|1599240123\n|switch|p1a: Whimsicott|Whimsicott, F|95\/261 tox\n|turn|13\n|\n|t:|1599240131\n|move|p1a: Whimsicott|Moonblast|p2a: Blastoise\n|-damage|p2a: Blastoise|0 fnt\n|-damage|p1a: Whimsicott|69\/261 tox|[from] item: Life Orb\n|faint|p2a: Blastoise\n|\n|-damage|p1a: Whimsicott|53\/261 tox|[from] psn\n|upkeep\n|\n|t:|1599240145\n|switch|p2a: Decidueye|Decidueye, M|203\/297\n|turn|14\n|\n|t:|1599240150\n|move|p1a: Whimsicott|Psychic|p2a: Decidueye\n|-damage|p2a: Decidueye|103\/297\n|-damage|p1a: Whimsicott|27\/261 tox|[from] item: Life Orb\n|move|p2a: Decidueye|U-turn|p1a: Whimsicott\n|-damage|p1a: Whimsicott|0 fnt\n|faint|p1a: Whimsicott\n|\n|t:|1599240166\n|switch|p2a: Xatu|Xatu, M|334\/334\n|\n|upkeep\n|\n|t:|1599240171\n|switch|p1a: Vikavolt|Vikavolt, M|201\/321 tox\n|turn|15\n|\n|t:|1599240182\n|move|p2a: Xatu|U-turn|p1a: Vikavolt\n|-damage|p1a: Vikavolt|163\/321 tox\n|\n|t:|1599240187\n|switch|p2a: Rhydon|Rhydon, M|414\/414\n|move|p1a: Vikavolt|Energy Ball|p2a: Rhydon\n|-supereffective|p2a: Rhydon\n|-damage|p2a: Rhydon|0 fnt\n|faint|p2a: Rhydon\n|\n|-damage|p1a: Vikavolt|143\/321 tox|[from] psn\n|upkeep\n|\n|t:|1599240199\n|switch|p2a: Audino|Audino, F|410\/410\n|turn|16\n|\n|t:|1599240207\n|move|p1a: Vikavolt|Energy Ball|p2a: Audino\n|-damage|p2a: Audino|269\/410\n|move|p2a: Audino|Knock Off|p1a: Vikavolt\n|-damage|p1a: Vikavolt|96\/321 tox\n|-enditem|p1a: Vikavolt|Choice Specs|[from] move: Knock Off|[of] p2a: Audino\n|\n|-damage|p1a: Vikavolt|56\/321 tox|[from] psn\n|upkeep\n|turn|17\n|\n|t:|1599240220\n|switch|p1a: Rhydon|Rhydon, M|114\/414\n|move|p2a: Audino|Protect||[still]\n|-fail|p2a: Audino\n|\n|upkeep\n|turn|18\n|\n|t:|1599240234\n|detailschange|p2a: Audino|Audino-Mega, F\n|-mega|p2a: Audino|Audino|Audinite\n|move|p2a: Audino|Wish|p2a: Audino\n|move|p1a: Rhydon|Swords Dance|p1a: Rhydon\n|-boost|p1a: Rhydon|atk|2\n|\n|upkeep\n|turn|19\n|\n|t:|1599240244\n|move|p2a: Audino|Knock Off|p1a: Rhydon\n|-damage|p1a: Rhydon|88\/414\n|-enditem|p1a: Rhydon|Eviolite|[from] move: Knock Off|[of] p2a: Audino\n|move|p1a: Rhydon|Rock Blast|p2a: Audino\n|-damage|p2a: Audino|206\/410\n|-damage|p2a: Audino|142\/410\n|-damage|p2a: Audino|75\/410\n|-damage|p2a: Audino|9\/410\n|-hitcount|p2a: Audino|4\n|\n|-heal|p2a: Audino|214\/410|[from] move: Wish|[wisher] Audino\n|upkeep\n|turn|20\n|\n|t:|1599240260\n|move|p2a: Audino|Wish|p2a: Audino\n|move|p1a: Rhydon|Earthquake|p2a: Audino\n|-damage|p2a: Audino|0 fnt\n|faint|p2a: Audino\n|\n|upkeep\n|\n|t:|1599240267\n|switch|p2a: Xatu|Xatu, M|334\/334\n|turn|21\n|\n|t:|1599240271\n|move|p2a: Xatu|Night Shade|p1a: Rhydon\n|-damage|p1a: Rhydon|0 fnt\n|faint|p1a: Rhydon\n|\n|upkeep\n|\n|t:|1599240274\n|switch|p1a: Vikavolt|Vikavolt, M|56\/321 tox\n|turn|22\n|\n|t:|1599240278\n|move|p2a: Xatu|Night Shade|p1a: Vikavolt\n|-damage|p1a: Vikavolt|0 fnt\n|faint|p1a: Vikavolt\n|\n|upkeep\n|\n|t:|1599240284\n|switch|p1a: Hariyama|Hariyama, M|432\/432\n|turn|23\n|\n|t:|1599240289\n|move|p2a: Xatu|Toxic|p1a: Hariyama\n|-status|p1a: Hariyama|tox\n|move|p1a: Hariyama|Close Combat|p2a: Xatu\n|-resisted|p2a: Xatu\n|-damage|p2a: Xatu|294\/334\n|-unboost|p1a: Hariyama|def|1\n|-unboost|p1a: Hariyama|spd|1\n|-damage|p1a: Hariyama|360\/432 tox|[from] item: Rocky Helmet|[of] p2a: Xatu\n|\n|-heal|p1a: Hariyama|387\/432 tox|[from] item: Leftovers\n|-damage|p1a: Hariyama|360\/432 tox|[from] psn\n|upkeep\n|turn|24\n|\n|t:|1599240302\n|move|p2a: Xatu|Night Shade|p1a: Hariyama\n|-damage|p1a: Hariyama|260\/432 tox\n|move|p1a: Hariyama|Knock Off|p2a: Xatu\n|-supereffective|p2a: Xatu\n|-damage|p2a: Xatu|136\/334\n|-damage|p1a: Hariyama|188\/432 tox|[from] item: Rocky Helmet|[of] p2a: Xatu\n|-enditem|p2a: Xatu|Rocky Helmet|[from] move: Knock Off|[of] p1a: Hariyama\n|\n|-heal|p1a: Hariyama|215\/432 tox|[from] item: Leftovers\n|-damage|p1a: Hariyama|161\/432 tox|[from] psn\n|upkeep\n|turn|25\n|\n|t:|1599240314\n|move|p2a: Xatu|Roost|p2a: Xatu\n|-heal|p2a: Xatu|303\/334\n|-singleturn|p2a: Xatu|move: Roost\n|move|p1a: Hariyama|Knock Off|p2a: Xatu\n|-supereffective|p2a: Xatu\n|-damage|p2a: Xatu|195\/334\n|\n|-heal|p1a: Hariyama|188\/432 tox|[from] item: Leftovers\n|-damage|p1a: Hariyama|107\/432 tox|[from] psn\n|upkeep\n|turn|26\n|\n|t:|1599240328\n|switch|p1a: Pangoro|Pangoro, F|331\/331\n|move|p2a: Xatu|Roost|p2a: Xatu\n|-heal|p2a: Xatu|334\/334\n|-singleturn|p2a: Xatu|move: Roost\n|\n|upkeep\n|turn|27\n|\n|t:|1599240342\n|move|p2a: Xatu|U-turn|p1a: Pangoro\n|-damage|p1a: Pangoro|293\/331\n|\n|t:|1599240345\n|switch|p2a: Decidueye|Decidueye, M|103\/297\n|move|p1a: Pangoro|Swords Dance|p1a: Pangoro\n|-boost|p1a: Pangoro|atk|2\n|\n|upkeep\n|turn|28\n|\n|t:|1599240356\n|-zpower|p2a: Decidueye\n|move|p2a: Decidueye|Bloom Doom|p1a: Pangoro|[zeffect]\n|-damage|p1a: Pangoro|0 fnt\n|faint|p1a: Pangoro\n|\n|upkeep\n|\n|t:|1599240361\n|switch|p1a: Hariyama|Hariyama, M|107\/432 tox\n|turn|29\n|\n|t:|1599240368\n|move|p2a: Decidueye|Leaf Storm|p1a: Hariyama\n|-damage|p1a: Hariyama|0 fnt\n|-unboost|p2a: Decidueye|spa|2\n|faint|p1a: Hariyama\n|\n|win|Ayante\n|l|*Lady Monita\n|l|\u2606MythicalDarkrai\n","inputlog":">version 51a1a1325e578faf4bc4c41fc400ffe9d43e6bcc\n>start {\"formatid\":\"gen7battlefactory\",\"seed\":[32191,22144,3089,62262],\"rated\":\"Tournament battle\"}\n>player p1 {\"name\":\"MythicalDarkrai\",\"avatar\":\"102\",\"team\":\"\",\"rating\":0,\"seed\":[38105,25759,24282,56001]}\n>player p2 {\"name\":\"Ayante\",\"avatar\":\"koga\",\"team\":\"\",\"rating\":0,\"seed\":[25654,3109,38107,12046]}\n>p1 team 3, 2, 1, 4, 5, 6\n>p2 team 6, 2, 3, 4, 5, 1\n>p1 move swordsdance\n>p2 move scald\n>p1 switch 6\n>p2 switch 3\n>p1 move psychic\n>p2 move uturn\n>p2 switch 5\n>p1 switch 3\n>p2 move toxic\n>p1 move thunderbolt\n>p2 switch 3\n>p1 switch 3\n>p2 move toxic\n>p1 move energyball\n>p2 switch 3\n>p1 switch 3\n>p2 move roost\n>p1 move energyball\n>p2 switch 3\n>p2 switch 5\n>p1 switch 2\n>p2 move leafstorm\n>p1 move darkpulse zmove\n>p2 switch 2\n>p1 move darkpulse\n>p2 move scald\n>p1 switch 3\n>p1 move moonblast\n>p2 move scald\n>p2 switch 2\n>p1 move psychic\n>p2 move uturn\n>p2 switch 3\n>p1 switch 2\n>p1 move energyball\n>p2 move uturn\n>p2 switch 6\n>p2 switch 4\n>p1 move energyball\n>p2 move knockoff\n>p1 switch 6\n>p2 move protect\n>p1 move swordsdance\n>p2 move wish mega\n>p1 move rockblast\n>p2 move knockoff\n>p1 move earthquake\n>p2 move wish\n>p2 switch 6\n>p1 move rockblast\n>p2 move nightshade\n>p1 switch 6\n>p1 move thunderbolt\n>p2 move nightshade\n>p1 switch 4\n>p1 move closecombat\n>p2 move toxic\n>p1 move knockoff\n>p2 move nightshade\n>p1 move knockoff\n>p2 move roost\n>p1 switch 5\n>p2 move roost\n>p1 move swordsdance\n>p2 move uturn\n>p2 switch 3\n>p1 move knockoff\n>p2 move leafstorm zmove\n>p1 switch 5\n>p1 move knockoff\n>p2 move leafstorm","uploadtime":1599240376,"views":2,"p1id":"mythicaldarkrai","p2id":"ayante","formatid":"gen7battlefactory","rating":0,"private":0,"password":null}