{"id":"gen7ou-768696338","p1":"BigL91","p2":"duhskull","format":"gen7ou","log":"|j|\u2606BigL91\n|j|\u2606duhskull\n|player|p1|BigL91|135\n|player|p2|duhskull|51\n|teamsize|p1|6\n|teamsize|p2|6\n|gametype|singles\n|gen|7\n|tier|[Gen 7] OU\n|rated|\n|rule|Sleep Clause Mod: Limit one foe put to sleep\n|rule|Species Clause: Limit one of each Pok\u00e9mon\n|rule|OHKO Clause: OHKO moves are banned\n|rule|Moody Clause: Moody is banned\n|rule|Evasion Moves Clause: Evasion moves are banned\n|rule|Endless Battle Clause: Forcing endless battles is banned\n|rule|HP Percentage Mod: HP is shown in percentages\n|clearpoke\n|poke|p1|Ribombee, M|item\n|poke|p1|Landorus-Therian, M|item\n|poke|p1|Medicham, M|item\n|poke|p1|Magearna|item\n|poke|p1|Bisharp, F|item\n|poke|p1|Greninja, M|item\n|poke|p2|Mawile, M|item\n|poke|p2|Greninja, M|item\n|poke|p2|Gastrodon-East, M|item\n|poke|p2|Celesteela|item\n|poke|p2|Clefable, M|item\n|poke|p2|Tornadus-Therian, M|item\n|teampreview\n|inactive|Battle timer is ON: inactive players will automatically lose when time's up. (requested by duhskull)\n|inactive|BigL91 has 135 seconds left.\n|inactive|duhskull has 135 seconds left.\n|inactive|duhskull has 120 seconds left.\n|\n|start\n|switch|p1a: Landorus|Landorus-Therian, M|100\/100\n|switch|p2a: Tornadus|Tornadus-Therian, M|100\/100\n|-ability|p1a: Landorus|Intimidate|boost\n|-unboost|p2a: Tornadus|atk|1\n|turn|1\n|\n|-zpower|p2a: Tornadus\n|move|p2a: Tornadus|Supersonic Skystrike|p1a: Landorus|[zeffect]\n|-damage|p1a: Landorus|0 fnt\n|faint|p1a: Landorus\n|\n|upkeep\n|inactive|BigL91 has 135 seconds left.\n|\n|switch|p1a: Greninja|Greninja, M|100\/100\n|turn|2\n|\n|switch|p2a: Gastrodon|Gastrodon-East, M|100\/100\n|move|p1a: Greninja|Ice Beam|p2a: Gastrodon\n|-damage|p2a: Gastrodon|81\/100\n|\n|-heal|p2a: Gastrodon|88\/100|[from] item: Leftovers\n|upkeep\n|turn|3\n|\n|switch|p1a: Ribombee|Ribombee, M|100\/100\n|move|p2a: Gastrodon|Earthquake|p1a: Ribombee\n|-resisted|p1a: Ribombee\n|-damage|p1a: Ribombee|72\/100\n|\n|-heal|p2a: Gastrodon|94\/100|[from] item: Leftovers\n|upkeep\n|turn|4\n|inactive|duhskull has 135 seconds left.\n|\n|switch|p2a: Tornadus|Tornadus-Therian, M|100\/100\n|move|p1a: Ribombee|Sticky Web|p2a: Tornadus\n|-sidestart|p2: duhskull|move: Sticky Web\n|\n|upkeep\n|turn|5\n|\n|move|p1a: Ribombee|Moonblast|p2a: Tornadus\n|-damage|p2a: Tornadus|54\/100\n|move|p2a: Tornadus|Hurricane|p1a: Ribombee\n|-supereffective|p1a: Ribombee\n|-damage|p1a: Ribombee|0 fnt\n|faint|p1a: Ribombee\n|\n|upkeep\n|\n|switch|p1a: Bisharp|Bisharp, F|100\/100\n|turn|6\n|\n|move|p2a: Tornadus|U-turn|p1a: Bisharp\n|-damage|p1a: Bisharp|84\/100\n|\n|switch|p2a: Celesteela|Celesteela|100\/100\n|move|p1a: Bisharp|Swords Dance|p1a: Bisharp\n|-boost|p1a: Bisharp|atk|2\n|\n|upkeep\n|turn|7\n|\n|move|p1a: Bisharp|Knock Off|p2a: Celesteela\n|-damage|p2a: Celesteela|17\/100\n|-enditem|p2a: Celesteela|Leftovers|[from] move: Knock Off|[of] p1a: Bisharp\n|move|p2a: Celesteela|Flamethrower|p1a: Bisharp\n|-supereffective|p1a: Bisharp\n|-damage|p1a: Bisharp|7\/100\n|\n|upkeep\n|turn|8\n|\n|move|p1a: Bisharp|Knock Off|p2a: Celesteela\n|-damage|p2a: Celesteela|0 fnt\n|faint|p2a: Celesteela\n|\n|upkeep\n|inactive|duhskull has 135 seconds left.\n|\n|switch|p2a: Greninja|Greninja, M|100\/100\n|-activate|p2a: Greninja|move: Sticky Web\n|-unboost|p2a: Greninja|spe|1\n|turn|9\n|j| I should be 1600\n|\n|move|p2a: Greninja|Water Shuriken|p1a: Bisharp\n|-damage|p1a: Bisharp|0 fnt\n|-hitcount|p1a: Bisharp|1\n|faint|p1a: Bisharp\n|-activate|p2a: Greninja|ability: Battle Bond\n|detailschange|p2a: Greninja|Greninja-Ash, M\n|\n|upkeep\n|\n|switch|p1a: Magearna|Magearna|100\/100\n|turn|10\n|\n|switch|p2a: Gastrodon|Gastrodon-East, M|94\/100\n|-activate|p2a: Gastrodon|move: Sticky Web\n|-unboost|p2a: Gastrodon|spe|1\n|switch|p1a: Medicham|Medicham, M|100\/100\n|\n|-heal|p2a: Gastrodon|99\/100|[from] item: Leftovers\n|upkeep\n|turn|11\n|inactive|BigL91 has 135 seconds left.\n|\n|switch|p2a: Clefable|Clefable, M|100\/100\n|-activate|p2a: Clefable|move: Sticky Web\n|-unboost|p2a: Clefable|spe|1\n|detailschange|p1a: Medicham|Medicham-Mega, M\n|-mega|p1a: Medicham|Medicham|Medichamite\n|move|p1a: Medicham|Zen Headbutt|p2a: Clefable\n|-damage|p2a: Clefable|48\/100\n|\n|-heal|p2a: Clefable|54\/100|[from] item: Leftovers\n|upkeep\n|turn|12\n|\n|move|p1a: Medicham|Zen Headbutt|p2a: Clefable\n|-damage|p2a: Clefable|0 fnt\n|faint|p2a: Clefable\n|\n|upkeep\n|\n|switch|p2a: Greninja|Greninja-Ash, M|100\/100\n|-activate|p2a: Greninja|move: Sticky Web\n|-unboost|p2a: Greninja|spe|1\n|turn|13\n|\n|switch|p2a: Mawile|Mawile, M|100\/100\n|-activate|p2a: Mawile|move: Sticky Web\n|-unboost|p2a: Mawile|spe|1\n|-ability|p2a: Mawile|Intimidate|boost\n|-unboost|p1a: Medicham|atk|1\n|move|p1a: Medicham|High Jump Kick|p2a: Mawile\n|-damage|p2a: Mawile|0 fnt\n|faint|p2a: Mawile\n|\n|upkeep\n|\n|switch|p2a: Tornadus|Tornadus-Therian, M|87\/100\n|turn|14\n|\n|switch|p1a: Magearna|Magearna|100\/100\n|move|p2a: Tornadus|Defog|p1a: Magearna\n|-unboost|p1a: Magearna|evasion|1\n|-sideend|p2: duhskull|Sticky Web|[from] move: Defog|[of] p2a: Tornadus\n|\n|upkeep\n|turn|15\n|\n|move|p2a: Tornadus|U-turn|p1a: Magearna\n|-resisted|p1a: Magearna\n|-damage|p1a: Magearna|97\/100\n|\n|switch|p2a: Gastrodon|Gastrodon-East, M|99\/100\n|move|p1a: Magearna|Fleur Cannon|p2a: Gastrodon\n|-damage|p2a: Gastrodon|66\/100\n|-unboost|p1a: Magearna|spa|2\n|\n|-heal|p2a: Gastrodon|72\/100|[from] item: Leftovers\n|upkeep\n|turn|16\n|\n|switch|p1a: Greninja|Greninja, M|100\/100\n|switch|p2a: Greninja|Greninja-Ash, M|100\/100\n|\n|upkeep\n|turn|17\n|\n|switch|p2a: Gastrodon|Gastrodon-East, M|72\/100\n|-zpower|p1a: Greninja\n|move|p1a: Greninja|Hydro Vortex|p2a: Gastrodon|[zeffect]\n|-ability|p2a: Gastrodon|Storm Drain|boost\n|-boost|p2a: Gastrodon|spa|1\n|\n|-heal|p2a: Gastrodon|78\/100|[from] item: Leftovers\n|upkeep\n|turn|18\n|\n|move|p1a: Greninja|Ice Beam|p2a: Gastrodon\n|-damage|p2a: Gastrodon|62\/100\n|move|p2a: Gastrodon|Scald|p1a: Greninja\n|-resisted|p1a: Greninja\n|-damage|p1a: Greninja|70\/100\n|\n|-heal|p2a: Gastrodon|68\/100|[from] item: Leftovers\n|upkeep\n|turn|19\n|\n|move|p1a: Greninja|Ice Beam|p2a: Gastrodon\n|-damage|p2a: Gastrodon|51\/100\n|move|p2a: Gastrodon|Scald|p1a: Greninja\n|-resisted|p1a: Greninja\n|-damage|p1a: Greninja|37\/100\n|\n|-heal|p2a: Gastrodon|57\/100|[from] item: Leftovers\n|upkeep\n|turn|20\n|\n|move|p1a: Greninja|Dark Pulse|p2a: Gastrodon\n|-damage|p2a: Gastrodon|33\/100\n|move|p2a: Gastrodon|Recover|p2a: Gastrodon\n|-heal|p2a: Gastrodon|84\/100\n|\n|-heal|p2a: Gastrodon|90\/100|[from] item: Leftovers\n|upkeep\n|turn|21\n|\n|move|p1a: Greninja|Dark Pulse|p2a: Gastrodon\n|-damage|p2a: Gastrodon|65\/100\n|cant|p2a: Gastrodon|flinch\n|\n|-heal|p2a: Gastrodon|72\/100|[from] item: Leftovers\n|upkeep\n|turn|22\n|\n|move|p1a: Greninja|Dark Pulse|p2a: Gastrodon\n|-damage|p2a: Gastrodon|49\/100\n|move|p2a: Gastrodon|Recover|p2a: Gastrodon\n|-heal|p2a: Gastrodon|99\/100\n|\n|-heal|p2a: Gastrodon|100\/100|[from] item: Leftovers\n|upkeep\n|turn|23\n|\n|move|p1a: Greninja|Dark Pulse|p2a: Gastrodon\n|-damage|p2a: Gastrodon|78\/100\n|move|p2a: Gastrodon|Earthquake|p1a: Greninja\n|-damage|p1a: Greninja|0 fnt\n|faint|p1a: Greninja\n|\n|-heal|p2a: Gastrodon|84\/100|[from] item: Leftovers\n|upkeep\n|\n|switch|p1a: Medicham|Medicham-Mega, M|100\/100\n|turn|24\n|\n|switch|p2a: Tornadus|Tornadus-Therian, M|100\/100\n|move|p1a: Medicham|Zen Headbutt|p2a: Tornadus\n|-damage|p2a: Tornadus|9\/100\n|\n|upkeep\n|turn|25\n|\n|switch|p1a: Magearna|Magearna|97\/100\n|move|p2a: Tornadus|Hurricane|p1a: Magearna|[miss]\n|-miss|p2a: Tornadus|p1a: Magearna\n|\n|upkeep\n|turn|26\n|\n|switch|p1a: Medicham|Medicham-Mega, M|100\/100\n|move|p2a: Tornadus|U-turn|p1a: Medicham\n|-damage|p1a: Medicham|79\/100\n|\n|switch|p2a: Greninja|Greninja-Ash, M|100\/100\n|\n|upkeep\n|turn|27\n|\n|move|p1a: Medicham|Fake Out|p2a: Greninja\n|-damage|p2a: Greninja|63\/100\n|cant|p2a: Greninja|flinch\n|\n|upkeep\n|turn|28\n|\n|switch|p1a: Magearna|Magearna|97\/100\n|move|p2a: Greninja|Hydro Pump|p1a: Magearna\n|-damage|p1a: Magearna|55\/100\n|\n|upkeep\n|turn|29\n|\n|switch|p2a: Gastrodon|Gastrodon-East, M|84\/100\n|switch|p1a: Medicham|Medicham-Mega, M|79\/100\n|\n|-heal|p2a: Gastrodon|91\/100|[from] item: Leftovers\n|upkeep\n|turn|30\n|\n|switch|p2a: Tornadus|Tornadus-Therian, M|42\/100\n|move|p1a: Medicham|High Jump Kick|p2a: Tornadus\n|-resisted|p2a: Tornadus\n|-crit|p2a: Tornadus\n|-damage|p2a: Tornadus|0 fnt\n|faint|p2a: Tornadus\n|\n|upkeep\n|\n|switch|p2a: Greninja|Greninja-Ash, M|63\/100\n|turn|31\n|\n|switch|p1a: Magearna|Magearna|55\/100\n|move|p2a: Greninja|Hydro Pump|p1a: Magearna|[miss]\n|-miss|p2a: Greninja|p1a: Magearna\n|\n|upkeep\n|turn|32\n|\n|move|p2a: Greninja|Hydro Pump|p1a: Magearna|[miss]\n|-miss|p2a: Greninja|p1a: Magearna\n|move|p1a: Magearna|Fleur Cannon|p2a: Greninja\n|-supereffective|p2a: Greninja\n|-damage|p2a: Greninja|0 fnt\n|-unboost|p1a: Magearna|spa|2\n|faint|p2a: Greninja\n|-ability|p1a: Magearna|Soul-Heart|boost\n|-boost|p1a: Magearna|spa|1\n|\n|upkeep\n|-message|duhskull forfeited.\n|\n|win|BigL91\n|l|\u2606duhskull\n|raw|BigL91's rating: 1661 &rarr; <strong>1681<\/strong><br \/>(+20 for winning)\n|raw|duhskull's rating: 1650 &rarr; <strong>1631<\/strong><br \/>(-19 for losing)\n|l|\u2606BigL91\n","inputlog":null,"uploadtime":1530201998,"views":8,"p1id":"bigl91","p2id":"duhskull","formatid":"gen7ou","rating":1631,"private":0,"password":null}