{"id":"gen7randombattle-1573923564","p1":"JustaSqu1d","p2":"firepunch917","format":"gen7randombattle","log":"|j|\u2606JustaSqu1d\n|j|\u2606firepunch917\n|t:|1652443334\n|gametype|singles\n|player|p1|JustaSqu1d|170|1671\n|player|p2|firepunch917|266|1563\n|teamsize|p1|6\n|teamsize|p2|6\n|gen|7\n|tier|[Gen 7] Random Battle\n|rated|\n|rule|Sleep Clause Mod: Limit one foe put to sleep\n|rule|HP Percentage Mod: HP is shown in percentages\n|\n|t:|1652443334\n|start\n|switch|p1a: Rotom|Rotom-Heat, L82|215\/215\n|switch|p2a: Minior|Minior-Orange, L86|243\/243\n|-formechange|p2a: Minior|Minior-Meteor||[from] ability: Shields Down\n|turn|1\n|inactive|Battle timer is ON: inactive players will automatically lose when time's up. (requested by JustaSqu1d)\n|\n|t:|1652443350\n|move|p1a: Rotom|Volt Switch|p2a: Minior\n|-supereffective|p2a: Minior\n|-damage|p2a: Minior|103\/243\n|\n|t:|1652443351\n|switch|p1a: Metagross|Metagross, L76|247\/247\n|move|p2a: Minior|Shell Smash|p2a: Minior\n|-unboost|p2a: Minior|def|1\n|-unboost|p2a: Minior|spd|1\n|-boost|p2a: Minior|atk|2\n|-boost|p2a: Minior|spa|2\n|-boost|p2a: Minior|spe|2\n|-enditem|p2a: Minior|White Herb\n|-clearnegativeboost|p2a: Minior|[silent]\n|\n|-formechange|p2a: Minior|Minior-Orange||[from] ability: Shields Down\n|upkeep\n|turn|2\n|\n|t:|1652443354\n|detailschange|p1a: Metagross|Metagross-Mega, L76\n|-mega|p1a: Metagross|Metagross|Metagrossite\n|move|p2a: Minior|Earthquake|p1a: Metagross\n|-supereffective|p1a: Metagross\n|-damage|p1a: Metagross|37\/247\n|move|p1a: Metagross|Meteor Mash|p2a: Minior\n|-supereffective|p2a: Minior\n|-damage|p2a: Minior|0 fnt\n|faint|p2a: Minior\n|\n|upkeep\n|\n|t:|1652443361\n|switch|p2a: Necrozma|Necrozma-Dawn-Wings, L76|272\/272\n|turn|3\n|\n|t:|1652443364\n|move|p1a: Metagross|Meteor Mash|p2a: Necrozma\n|-damage|p2a: Necrozma|128\/272\n|move|p2a: Necrozma|Calm Mind|p2a: Necrozma\n|-boost|p2a: Necrozma|spa|1\n|-boost|p2a: Necrozma|spd|1\n|\n|upkeep\n|turn|4\n|\n|t:|1652443369\n|detailschange|p2a: Necrozma|Necrozma-Ultra, L76\n|-burst|p2a: Necrozma|Necrozma|Ultranecrozium Z\n|move|p2a: Necrozma|Moongeist Beam|p1a: Metagross\n|-supereffective|p1a: Metagross\n|-crit|p1a: Metagross\n|-damage|p1a: Metagross|0 fnt\n|faint|p1a: Metagross\n|\n|upkeep\n|\n|t:|1652443369\n|switch|p1a: Silvally|Silvally-Bug, L88|310\/310\n|turn|5\n|\n|t:|1652443372\n|-zpower|p2a: Necrozma\n|move|p2a: Necrozma|Light That Burns the Sky|p1a: Silvally|[zeffect]\n|-damage|p1a: Silvally|0 fnt\n|faint|p1a: Silvally\n|\n|upkeep\n|\n|t:|1652443372\n|switch|p1a: Mothim|Mothim, L88, M|265\/265\n|turn|6\n|\n|t:|1652443375\n|move|p2a: Necrozma|Power Gem|p1a: Mothim\n|-supereffective|p1a: Mothim\n|-damage|p1a: Mothim|0 fnt\n|faint|p1a: Mothim\n|\n|upkeep\n|\n|t:|1652443375\n|switch|p1a: Victreebel|Victreebel, L88, F|284\/284\n|turn|7\n|\n|t:|1652443376\n|move|p2a: Necrozma|Photon Geyser|p1a: Victreebel\n|-supereffective|p1a: Victreebel\n|-damage|p1a: Victreebel|0 fnt\n|faint|p1a: Victreebel\n|\n|upkeep\n|\n|t:|1652443377\n|switch|p1a: Deoxys|Deoxys-Defense, L76|201\/201\n|-ability|p1a: Deoxys|Pressure\n|turn|8\n|\n|t:|1652443379\n|move|p2a: Necrozma|Moongeist Beam|p1a: Deoxys\n|-supereffective|p1a: Deoxys\n|-damage|p1a: Deoxys|0 fnt\n|faint|p1a: Deoxys\n|\n|upkeep\n|\n|t:|1652443379\n|switch|p1a: Rotom|Rotom-Heat, L82|215\/215\n|turn|9\n|\n|t:|1652443380\n|move|p2a: Necrozma|Power Gem|p1a: Rotom\n|-supereffective|p1a: Rotom\n|-damage|p1a: Rotom|0 fnt\n|faint|p1a: Rotom\n|\n|win|firepunch917\n|raw|JustaSqu1d's rating: 1671 &rarr; <strong>1645<\/strong><br \/>(-26 for losing)\n|raw|firepunch917's rating: 1563 &rarr; <strong>1589<\/strong><br \/>(+26 for winning)\n","inputlog":">version 531b2bb4d145e24dce8d55480c78bcd528fa7770\n>start {\"formatid\":\"gen7randombattle\",\"seed\":[46553,42763,48298,33725],\"rated\":\"Rated battle\"}\n>player p1 {\"name\":\"JustaSqu1d\",\"avatar\":\"170\",\"rating\":1671,\"seed\":[65042,62480,3527,15018]}\n>player p2 {\"name\":\"firepunch917\",\"avatar\":\"266\",\"rating\":1563,\"seed\":[20796,18130,3195,40563]}\n>p1 move voltswitch\n>p2 move shellsmash\n>p1 switch 2\n>p1 move meteormash mega\n>p2 move earthquake\n>p2 switch 6\n>p1 move meteormash\n>p2 move calmmind\n>p1 move meteormash\n>p2 move moongeistbeam ultra\n>p1 switch 4\n>p1 move icebeam\n>p2 move photongeyser zmove\n>p1 switch 3\n>p1 move quiverdance\n>p2 move powergem\n>p1 switch 5\n>p1 move strengthsap\n>p2 move photongeyser\n>p1 switch 6\n>p1 move toxic\n>p2 move moongeistbeam\n>p1 switch 2\n>p1 move hiddenpower\n>p2 move powergem","uploadtime":1652443382,"views":3,"p1id":"justasqu1d","p2id":"firepunch917","formatid":"gen7randombattle","rating":1589,"private":0,"password":null}