{"id":"gen7randombattle-662423169","p1":"wolfwarrior","p2":"RapidWaters","format":"gen7randombattle","log":"|j|wolfwarrior\n|j|RapidWaters\n|player|p1|wolfwarrior|162\n|teamsize|p1|6\n|player|p2|RapidWaters|170\n|teamsize|p2|6\n|gametype|singles\n|gen|7\n|tier|[Gen 7] Random Battle\n|rated|\n|seed|28209,48537,51723,30175,51783,24076,18935,10252,38813,25664,58572,23999\n|rule|Sleep Clause Mod: Limit one foe put to sleep\n|rule|HP Percentage Mod: HP is shown in percentages\n|\n|start\n|switch|p1a: Giratina|Giratina-Origin, L73|100\/100\n|switch|p2a: Deoxys|Deoxys-Defense, L73|100\/100\n|-ability|p2a: Deoxys|Pressure\n|turn|1\n|inactive|Battle timer is ON: inactive players will automatically lose when time's up. (requested by RapidWaters)\n|choice|move shadowball|move stealthrock\n|\n|move|p2a: Deoxys|Stealth Rock|p1a: Giratina\n|-sidestart|p1: wolfwarrior|move: Stealth Rock\n|move|p1a: Giratina|Shadow Ball|p2a: Deoxys\n|-supereffective|p2a: Deoxys\n|-damage|p2a: Deoxys|26\/100\n|\n|-heal|p2a: Deoxys|32\/100|[from] item: Leftovers\n|upkeep\n|turn|2\n|choice|move defog|switch 2\n|\n|switch|p2a: Farfetch'd|Farfetch'd, L83, M|100\/100\n|move|p1a: Giratina|Defog|p2a: Farfetch'd\n|-unboost|p2a: Farfetch'd|evasion|1\n|-ability|p2a: Farfetch'd|Defiant|boost\n|-boost|p2a: Farfetch'd|atk|2\n|-sideend|p1: wolfwarrior|Stealth Rock|[from] move: Defog|[of] p1a: Giratina\n|\n|upkeep\n|turn|3\n|choice|move willowisp|move bravebird\n|\n|move|p1a: Giratina|Will-O-Wisp|p2a: Farfetch'd\n|-status|p2a: Farfetch'd|brn\n|move|p2a: Farfetch'd|Brave Bird|p1a: Giratina\n|-crit|p1a: Giratina\n|-damage|p1a: Giratina|47\/100\n|-damage|p2a: Farfetch'd|73\/100 brn|[from] Recoil|[of] p1a: Giratina\n|\n|-damage|p2a: Farfetch'd|68\/100 brn|[from] brn\n|upkeep\n|turn|4\n|choice|switch 4|move bravebird\n|\n|switch|p1a: Dialga|Dialga, L73|100\/100\n|-ability|p1a: Dialga|Pressure\n|-item|p1a: Dialga|Air Balloon\n|move|p2a: Farfetch'd|Brave Bird|p1a: Dialga\n|-resisted|p1a: Dialga\n|-crit|p1a: Dialga\n|-damage|p1a: Dialga|69\/100\n|-enditem|p1a: Dialga|Air Balloon\n|-damage|p2a: Farfetch'd|55\/100 brn|[from] Recoil|[of] p1a: Dialga\n|\n|-damage|p2a: Farfetch'd|50\/100 brn|[from] brn\n|upkeep\n|turn|5\n|inactive|wolfwarrior has 135 seconds left.\n|choice|move fireblast|move bravebird\n|\n|move|p1a: Dialga|Fire Blast|p2a: Farfetch'd\n|-damage|p2a: Farfetch'd|3\/100 brn\n|move|p2a: Farfetch'd|Brave Bird|p1a: Dialga\n|-resisted|p1a: Dialga\n|-crit|p1a: Dialga\n|-damage|p1a: Dialga|38\/100\n|-damage|p2a: Farfetch'd|0 fnt|[from] Recoil|[of] p1a: Dialga\n|faint|p2a: Farfetch'd\n|\n|upkeep\n|choice||switch 2\n|\n|switch|p2a: Deoxys|Deoxys-Defense, L73|32\/100\n|-ability|p2a: Deoxys|Pressure\n|turn|6\n|choice|move dracometeor|move recover\n|\n|move|p2a: Deoxys|Recover|p2a: Deoxys\n|-heal|p2a: Deoxys|82\/100\n|move|p1a: Dialga|Draco Meteor|p2a: Deoxys|[miss]\n|-miss|p1a: Dialga|p2a: Deoxys\n|\n|-heal|p2a: Deoxys|89\/100|[from] item: Leftovers\n|upkeep\n|turn|7\n|choice|switch 4|move stealthrock\n|\n|switch|p1a: Giratina|Giratina-Origin, L73|47\/100\n|move|p2a: Deoxys|Stealth Rock|p1a: Giratina\n|-sidestart|p1: wolfwarrior|move: Stealth Rock\n|\n|-heal|p2a: Deoxys|95\/100|[from] item: Leftovers\n|upkeep\n|turn|8\n|choice|move shadowball|switch 3\n|\n|switch|p2a: Lumineon|Lumineon, L83, M|100\/100\n|move|p1a: Giratina|Shadow Ball|p2a: Lumineon\n|-damage|p2a: Lumineon|65\/100\n|\n|-heal|p2a: Lumineon|71\/100|[from] item: Leftovers\n|upkeep\n|turn|9\n|choice|switch 4|move icebeam\n|\n|switch|p1a: Dialga|Dialga, L73|38\/100\n|-damage|p1a: Dialga|32\/100|[from] Stealth Rock\n|-ability|p1a: Dialga|Pressure\n|move|p2a: Lumineon|Ice Beam|p1a: Dialga\n|-damage|p1a: Dialga|13\/100\n|\n|-heal|p2a: Lumineon|77\/100|[from] item: Leftovers\n|upkeep\n|turn|10\n|choice|move dracometeor|move scald\n|\n|move|p2a: Lumineon|Scald|p1a: Dialga\n|-resisted|p1a: Dialga\n|-damage|p1a: Dialga|1\/100\n|move|p1a: Dialga|Draco Meteor|p2a: Lumineon|[miss]\n|-miss|p1a: Dialga|p2a: Lumineon\n|\n|-heal|p2a: Lumineon|83\/100|[from] item: Leftovers\n|upkeep\n|turn|11\n|c|\u2606wolfwarrior|lol\n|choice|move dracometeor|move icebeam\n|\n|move|p2a: Lumineon|Ice Beam|p1a: Dialga\n|-damage|p1a: Dialga|0 fnt\n|faint|p1a: Dialga\n|\n|-heal|p2a: Lumineon|89\/100|[from] item: Leftovers\n|upkeep\n|inactive|wolfwarrior has 135 seconds left.\n|choice|switch 6|\n|\n|switch|p1a: Omastar|Omastar, L81, M|100\/100\n|-damage|p1a: Omastar|88\/100|[from] Stealth Rock\n|-item|p1a: Omastar|Air Balloon\n|turn|12\n|choice|move stealthrock|move scald\n|\n|move|p2a: Lumineon|Scald|p1a: Omastar\n|-crit|p1a: Omastar\n|-damage|p1a: Omastar|42\/100\n|-enditem|p1a: Omastar|Air Balloon\n|move|p1a: Omastar|Stealth Rock|p2a: Lumineon\n|-sidestart|p2: RapidWaters|move: Stealth Rock\n|\n|-heal|p2a: Lumineon|95\/100|[from] item: Leftovers\n|upkeep\n|turn|13\n|inactive|wolfwarrior has 135 seconds left.\n|choice|move earthpower|move scald\n|\n|move|p2a: Lumineon|Scald|p1a: Omastar\n|-damage|p1a: Omastar|7\/100\n|move|p1a: Omastar|Earth Power|p2a: Lumineon\n|-damage|p2a: Lumineon|66\/100\n|\n|-heal|p2a: Lumineon|72\/100|[from] item: Leftovers\n|upkeep\n|turn|14\n|choice|move earthpower|move scald\n|\n|move|p2a: Lumineon|Scald|p1a: Omastar\n|-damage|p1a: Omastar|0 fnt\n|faint|p1a: Omastar\n|\n|-heal|p2a: Lumineon|78\/100|[from] item: Leftovers\n|upkeep\n|choice|switch 5|\n|\n|switch|p1a: Scrafty|Scrafty, L81, M|100\/100\n|-damage|p1a: Scrafty|95\/100|[from] Stealth Rock\n|-ability|p1a: Scrafty|Intimidate|boost\n|-unboost|p2a: Lumineon|atk|1\n|turn|15\n|choice|move bulkup|move scald\n|\n|move|p2a: Lumineon|Scald|p1a: Scrafty\n|-damage|p1a: Scrafty|70\/100\n|move|p1a: Scrafty|Bulk Up|p1a: Scrafty\n|-boost|p1a: Scrafty|atk|1\n|-boost|p1a: Scrafty|def|1\n|\n|-heal|p2a: Lumineon|84\/100|[from] item: Leftovers\n|upkeep\n|turn|16\n|choice|move bulkup|move scald\n|\n|move|p2a: Lumineon|Scald|p1a: Scrafty\n|-damage|p1a: Scrafty|46\/100\n|move|p1a: Scrafty|Bulk Up|p1a: Scrafty\n|-boost|p1a: Scrafty|atk|1\n|-boost|p1a: Scrafty|def|1\n|\n|-heal|p2a: Lumineon|90\/100|[from] item: Leftovers\n|upkeep\n|turn|17\n|choice|move drainpunch|move scald\n|\n|move|p2a: Lumineon|Scald|p1a: Scrafty\n|-damage|p1a: Scrafty|23\/100\n|-status|p1a: Scrafty|brn\n|move|p1a: Scrafty|Drain Punch|p2a: Lumineon\n|-damage|p2a: Lumineon|58\/100\n|-heal|p1a: Scrafty|40\/100 brn|[from] drain|[of] p2a: Lumineon\n|\n|-heal|p2a: Lumineon|64\/100|[from] item: Leftovers\n|-damage|p1a: Scrafty|34\/100 brn|[from] brn\n|upkeep\n|turn|18\n|choice|move rest|move scald\n|\n|move|p2a: Lumineon|Scald|p1a: Scrafty\n|-damage|p1a: Scrafty|8\/100 brn\n|move|p1a: Scrafty|Rest|p1a: Scrafty\n|-status|p1a: Scrafty|slp\n|-heal|p1a: Scrafty|100\/100 slp|[silent]\n|-status|p1a: Scrafty|slp|[from] move: Rest\n|-enditem|p1a: Scrafty|Chesto Berry|[eat]\n|-curestatus|p1a: Scrafty|slp|[msg]\n|\n|-heal|p2a: Lumineon|70\/100|[from] item: Leftovers\n|upkeep\n|turn|19\n|choice|move knockoff|move toxic\n|\n|move|p2a: Lumineon|Toxic|p1a: Scrafty\n|-status|p1a: Scrafty|tox\n|move|p1a: Scrafty|Knock Off|p2a: Lumineon\n|-damage|p2a: Lumineon|0 fnt\n|-enditem|p2a: Lumineon|Leftovers|[from] move: Knock Off|[of] p1a: Scrafty\n|faint|p2a: Lumineon\n|\n|-damage|p1a: Scrafty|95\/100 tox|[from] psn\n|upkeep\n|choice||switch 4\n|\n|switch|p2a: Steelix|Steelix, L79, F|100\/100\n|-damage|p2a: Steelix|98\/100|[from] Stealth Rock\n|turn|20\n|choice|move drainpunch|move roar mega\n|\n|detailschange|p2a: Steelix|Steelix-Mega, L79, F\n|-mega|p2a: Steelix|Steelix|Steelixite\n|move|p1a: Scrafty|Drain Punch|p2a: Steelix\n|-supereffective|p2a: Steelix\n|-damage|p2a: Steelix|44\/100\n|-heal|p1a: Scrafty|100\/100 tox|[from] drain|[of] p2a: Steelix\n|move|p2a: Steelix|Roar|p1a: Scrafty\n|drag|p1a: Slurpuff|Slurpuff, L80, F|100\/100\n|-damage|p1a: Slurpuff|88\/100|[from] Stealth Rock\n|\n|upkeep\n|turn|21\n|choice|move surf|move heavyslam\n|\n|move|p1a: Slurpuff|Surf|p2a: Steelix\n|-supereffective|p2a: Steelix\n|-damage|p2a: Steelix|0 fnt\n|faint|p2a: Steelix\n|\n|upkeep\n|choice||switch 6\n|\n|switch|p2a: Dhelmise|Dhelmise, L79|100\/100\n|-damage|p2a: Dhelmise|88\/100|[from] Stealth Rock\n|turn|22\n|choice|move substitute|move swordsdance\n|\n|move|p1a: Slurpuff|Substitute|p1a: Slurpuff\n|-start|p1a: Slurpuff|Substitute\n|-damage|p1a: Slurpuff|63\/100\n|move|p2a: Dhelmise|Swords Dance|p2a: Dhelmise\n|-boost|p2a: Dhelmise|atk|2\n|\n|upkeep\n|turn|23\n|choice|move dazzlinggleam|move phantomforce\n|\n|move|p1a: Slurpuff|Dazzling Gleam|p2a: Dhelmise\n|-damage|p2a: Dhelmise|56\/100\n|move|p2a: Dhelmise|Phantom Force|p1a: Slurpuff|[still]\n|-prepare|p2a: Dhelmise|Phantom Force|p1a: Slurpuff\n|\n|upkeep\n|turn|24\n|choice|move calmmind|move phantomforce\n|\n|move|p1a: Slurpuff|Calm Mind|p1a: Slurpuff\n|-boost|p1a: Slurpuff|spa|1\n|-boost|p1a: Slurpuff|spd|1\n|move|p2a: Dhelmise|Phantom Force|p1a: Slurpuff|[from]lockedmove\n|-end|p1a: Slurpuff|Substitute\n|-damage|p2a: Dhelmise|46\/100|[from] item: Life Orb\n|\n|upkeep\n|turn|25\n|choice|move dazzlinggleam|move earthquake\n|\n|move|p1a: Slurpuff|Dazzling Gleam|p2a: Dhelmise\n|-damage|p2a: Dhelmise|3\/100\n|move|p2a: Dhelmise|Earthquake|p1a: Slurpuff\n|-damage|p1a: Slurpuff|0 fnt\n|-damage|p2a: Dhelmise|0 fnt|[from] item: Life Orb\n|faint|p1a: Slurpuff\n|faint|p2a: Dhelmise\n|\n|upkeep\n|choice|switch 3|switch 5\n|\n|switch|p1a: Scrafty|Scrafty, L81, M|100\/100 tox\n|switch|p2a: Xurkitree|Xurkitree, L76|100\/100\n|-damage|p2a: Xurkitree|88\/100|[from] Stealth Rock\n|-damage|p1a: Scrafty|95\/100 tox|[from] Stealth Rock\n|-ability|p1a: Scrafty|Intimidate|boost\n|-unboost|p2a: Xurkitree|atk|1\n|turn|26\n|choice|move knockoff|move voltswitch\n|\n|move|p2a: Xurkitree|Volt Switch|p1a: Scrafty\n|-damage|p1a: Scrafty|59\/100 tox\n|choice||switch 3\n|\n|switch|p2a: Deoxys|Deoxys-Defense, L73|95\/100\n|-damage|p2a: Deoxys|82\/100|[from] Stealth Rock\n|-ability|p2a: Deoxys|Pressure\n|move|p1a: Scrafty|Knock Off|p2a: Deoxys\n|-supereffective|p2a: Deoxys\n|-damage|p2a: Deoxys|17\/100\n|-enditem|p2a: Deoxys|Leftovers|[from] move: Knock Off|[of] p1a: Scrafty\n|\n|-damage|p1a: Scrafty|53\/100 tox|[from] psn\n|upkeep\n|turn|27\n|c|\u2606wolfwarrior|rapid water running down your legs\n|c|\u2606wolfwarrior|lmaoooo\n|inactive|wolfwarrior has 135 seconds left.\n|choice|move rest|move seismictoss\n|\n|move|p2a: Deoxys|Seismic Toss|p1a: Scrafty\n|-damage|p1a: Scrafty|22\/100 tox\n|move|p1a: Scrafty|Rest|p1a: Scrafty\n|-status|p1a: Scrafty|slp\n|-heal|p1a: Scrafty|100\/100 slp|[silent]\n|-status|p1a: Scrafty|slp|[from] move: Rest\n|\n|upkeep\n|turn|28\n|choice|move knockoff|switch 3\n|\n|switch|p2a: Xurkitree|Xurkitree, L76|88\/100\n|-damage|p2a: Xurkitree|76\/100|[from] Stealth Rock\n|cant|p1a: Scrafty|slp\n|\n|upkeep\n|turn|29\n|inactive|wolfwarrior has 135 seconds left.\n|choice|move knockoff|move thunderbolt\n|\n|move|p2a: Xurkitree|Thunderbolt|p1a: Scrafty\n|-damage|p1a: Scrafty|58\/100 slp\n|cant|p1a: Scrafty|slp\n|\n|upkeep\n|turn|30\n|choice|move knockoff|move thunderbolt\n|\n|move|p2a: Xurkitree|Thunderbolt|p1a: Scrafty\n|-damage|p1a: Scrafty|16\/100 slp\n|-curestatus|p1a: Scrafty|slp|[msg]\n|move|p1a: Scrafty|Knock Off|p2a: Xurkitree\n|-damage|p2a: Xurkitree|30\/100\n|-enditem|p2a: Xurkitree|Choice Scarf|[from] move: Knock Off|[of] p1a: Scrafty\n|\n|upkeep\n|turn|31\n|choice|move knockoff|move thunderbolt\n|\n|move|p2a: Xurkitree|Thunderbolt|p1a: Scrafty\n|-damage|p1a: Scrafty|0 fnt\n|faint|p1a: Scrafty\n|-ability|p2a: Xurkitree|Beast Boost|boost\n|-boost|p2a: Xurkitree|spa|1\n|\n|upkeep\n|choice|switch 4|\n|\n|switch|p1a: Giratina|Giratina-Origin, L73|47\/100\n|-damage|p1a: Giratina|35\/100|[from] Stealth Rock\n|turn|32\n|choice|move shadowball|move thunderbolt\n|\n|move|p1a: Giratina|Shadow Ball|p2a: Xurkitree\n|-damage|p2a: Xurkitree|0 fnt\n|faint|p2a: Xurkitree\n|\n|upkeep\n|choice||switch 3\n|\n|switch|p2a: Deoxys|Deoxys-Defense, L73|17\/100\n|-damage|p2a: Deoxys|5\/100|[from] Stealth Rock\n|-ability|p2a: Deoxys|Pressure\n|turn|33\n|choice|move willowisp|move spikes\n|\n|move|p1a: Giratina|Will-O-Wisp|p2a: Deoxys\n|-status|p2a: Deoxys|brn\n|move|p2a: Deoxys|Spikes|p1a: Giratina\n|-sidestart|p1: wolfwarrior|Spikes\n|\n|-damage|p2a: Deoxys|0 fnt|[from] brn\n|upkeep\n|faint|p2a: Deoxys\n|\n|win|wolfwarrior","inputlog":null,"uploadtime":1511220895,"views":1,"p1id":"wolfwarrior","p2id":"rapidwaters","formatid":"gen7randombattle","rating":0,"private":0,"password":null}