{"id":"gen7ou-979036104","p1":"SMxVale","p2":"musharna man","format":"gen7ou","log":"|j|\u2606SMxVale\n|j|\u2606musharna man\n|player|p1|SMxVale|151|1737\n|player|p2|musharna man|1|1738\n|teamsize|p1|6\n|teamsize|p2|6\n|gametype|singles\n|gen|7\n|tier|[Gen 7] OU\n|rated|\n|rule|Sleep Clause Mod: Limit one foe put to sleep\n|rule|Species Clause: Limit one of each Pok\u00e9mon\n|rule|OHKO Clause: OHKO moves are banned\n|rule|Moody Clause: Moody is banned\n|rule|Evasion Moves Clause: Evasion moves are banned\n|rule|Endless Battle Clause: Forcing endless battles is banned\n|rule|HP Percentage Mod: HP is shown in percentages\n|clearpoke\n|poke|p1|Jirachi|item\n|poke|p1|Tyranitar, F|item\n|poke|p1|Serperior, M|item\n|poke|p1|Mawile, M|item\n|poke|p1|Landorus-Therian, M|item\n|poke|p1|Keldeo-Resolute|item\n|poke|p2|Kyurem-Black|item\n|poke|p2|Alakazam, F|item\n|poke|p2|Tornadus-Therian, M|item\n|poke|p2|Landorus-Therian, M|item\n|poke|p2|Heatran, M|item\n|poke|p2|Tapu Bulu|item\n|teampreview\n|\n|start\n|switch|p1a: Tyranitar|Tyranitar, F|100\/100\n|switch|p2a: Landorus|Landorus-Therian, M|100\/100\n|-ability|p2a: Landorus|Intimidate|boost\n|-unboost|p1a: Tyranitar|atk|1\n|-weather|Sandstorm|[from] ability: Sand Stream|[of] p1a: Tyranitar\n|turn|1\n|inactive|Battle timer is ON: inactive players will automatically lose when time's up. (requested by musharna man)\n|inactive|SMxVale also wants the timer to be on.\n|\n|move|p2a: Landorus|U-turn|p1a: Tyranitar\n|-supereffective|p1a: Tyranitar\n|-damage|p1a: Tyranitar|58\/100\n|\n|switch|p2a: Heatran|Heatran, M|100\/100|[from]move: U-turn\n|move|p1a: Tyranitar|Ice Punch|p2a: Heatran\n|-resisted|p2a: Heatran\n|-damage|p2a: Heatran|96\/100\n|-damage|p1a: Tyranitar|48\/100|[from] item: Life Orb\n|\n|-weather|Sandstorm|[upkeep]\n|-heal|p2a: Heatran|100\/100|[from] item: Leftovers\n|upkeep\n|turn|2\n|\n|switch|p2a: Landorus|Landorus-Therian, M|100\/100\n|-ability|p2a: Landorus|Intimidate|boost\n|-unboost|p1a: Tyranitar|atk|1\n|move|p1a: Tyranitar|Thunder Wave|p2a: Landorus\n|-immune|p2a: Landorus\n|\n|-weather|Sandstorm|[upkeep]\n|upkeep\n|turn|3\n|\n|switch|p1a: Landorus|Landorus-Therian, M|100\/100\n|-ability|p1a: Landorus|Intimidate|boost\n|-unboost|p2a: Landorus|atk|1\n|move|p2a: Landorus|U-turn|p1a: Landorus\n|-resisted|p1a: Landorus\n|-damage|p1a: Landorus|94\/100\n|\n|switch|p2a: Kyurem|Kyurem-Black|100\/100|[from]move: U-turn\n|-ability|p2a: Kyurem|Teravolt\n|\n|-weather|Sandstorm|[upkeep]\n|-damage|p2a: Kyurem|94\/100|[from] Sandstorm\n|upkeep\n|turn|4\n|\n|-zpower|p2a: Kyurem\n|move|p2a: Kyurem|Subzero Slammer|p1a: Landorus|[zeffect]\n|-supereffective|p1a: Landorus\n|-damage|p1a: Landorus|0 fnt\n|faint|p1a: Landorus\n|\n|-weather|Sandstorm|[upkeep]\n|-damage|p2a: Kyurem|88\/100|[from] Sandstorm\n|upkeep\n|\n|switch|p1a: Keldeo|Keldeo-Resolute|100\/100\n|turn|5\n|\n|switch|p2a: Tapu Bulu|Tapu Bulu|100\/100\n|-fieldstart|move: Grassy Terrain|[from] ability: Grassy Surge|[of] p2a: Tapu Bulu\n|move|p1a: Keldeo|Scald|p2a: Tapu Bulu\n|-resisted|p2a: Tapu Bulu\n|-damage|p2a: Tapu Bulu|77\/100\n|\n|-weather|none\n|-heal|p2a: Tapu Bulu|84\/100|[from] item: Leftovers\n|-heal|p2a: Tapu Bulu|90\/100|[from] Grassy Terrain\n|upkeep\n|turn|6\n|\n|switch|p1a: Jirachi|Jirachi|100\/100\n|move|p2a: Tapu Bulu|Horn Leech|p1a: Jirachi\n|-resisted|p1a: Jirachi\n|-damage|p1a: Jirachi|81\/100\n|-heal|p2a: Tapu Bulu|100\/100|[from] drain|[of] p1a: Jirachi\n|\n|-heal|p1a: Jirachi|88\/100|[from] item: Leftovers\n|-heal|p1a: Jirachi|94\/100|[from] Grassy Terrain\n|upkeep\n|turn|7\n|\n|switch|p2a: Heatran|Heatran, M|100\/100\n|move|p1a: Jirachi|Stealth Rock|p2a: Heatran\n|-sidestart|p2: musharna man|move: Stealth Rock\n|\n|-heal|p1a: Jirachi|99\/100|[from] item: Leftovers\n|-heal|p1a: Jirachi|100\/100|[from] Grassy Terrain\n|upkeep\n|turn|8\n|\n|move|p1a: Jirachi|Thunder Wave|p2a: Heatran\n|-status|p2a: Heatran|par\n|cant|p2a: Heatran|par\n|\n|upkeep\n|turn|9\n|\n|switch|p1a: Tyranitar|Tyranitar, F|48\/100\n|-weather|Sandstorm|[from] ability: Sand Stream|[of] p1a: Tyranitar\n|move|p2a: Heatran|Magma Storm|p1a: Tyranitar|[miss]\n|-miss|p2a: Heatran|p1a: Tyranitar\n|\n|-weather|Sandstorm|[upkeep]\n|-heal|p1a: Tyranitar|55\/100|[from] Grassy Terrain\n|-fieldend|move: Grassy Terrain\n|upkeep\n|turn|10\n|\n|switch|p2a: Tapu Bulu|Tapu Bulu|100\/100\n|-damage|p2a: Tapu Bulu|88\/100|[from] Stealth Rock\n|-fieldstart|move: Grassy Terrain|[from] ability: Grassy Surge|[of] p2a: Tapu Bulu\n|move|p1a: Tyranitar|Stone Edge|p2a: Tapu Bulu\n|-damage|p2a: Tapu Bulu|20\/100\n|-damage|p1a: Tyranitar|45\/100|[from] item: Life Orb\n|\n|-weather|Sandstorm|[upkeep]\n|-damage|p2a: Tapu Bulu|14\/100|[from] Sandstorm\n|-heal|p2a: Tapu Bulu|20\/100|[from] item: Leftovers\n|-heal|p2a: Tapu Bulu|26\/100|[from] Grassy Terrain\n|-heal|p1a: Tyranitar|51\/100|[from] Grassy Terrain\n|upkeep\n|turn|11\n|\n|switch|p1a: Mawile|Mawile, M|100\/100\n|-ability|p1a: Mawile|Intimidate|boost\n|-unboost|p2a: Tapu Bulu|atk|1\n|move|p2a: Tapu Bulu|Horn Leech|p1a: Mawile\n|-resisted|p1a: Mawile\n|-damage|p1a: Mawile|74\/100\n|-heal|p2a: Tapu Bulu|36\/100|[from] drain|[of] p1a: Mawile\n|\n|-weather|Sandstorm|[upkeep]\n|-damage|p2a: Tapu Bulu|30\/100|[from] Sandstorm\n|-heal|p1a: Mawile|80\/100|[from] Grassy Terrain\n|-heal|p2a: Tapu Bulu|36\/100|[from] item: Leftovers\n|-heal|p2a: Tapu Bulu|42\/100|[from] Grassy Terrain\n|upkeep\n|turn|12\n|j| BakuNeo\n|\n|switch|p2a: Heatran|Heatran, M|100\/100 par\n|-damage|p2a: Heatran|88\/100 par|[from] Stealth Rock\n|detailschange|p1a: Mawile|Mawile-Mega, M\n|-mega|p1a: Mawile|Mawile|Mawilite\n|move|p1a: Mawile|Thunder Punch|p2a: Heatran\n|-damage|p2a: Heatran|48\/100 par\n|\n|-weather|Sandstorm|[upkeep]\n|-heal|p1a: Mawile|85\/100|[from] Grassy Terrain\n|-heal|p2a: Heatran|54\/100 par|[from] item: Leftovers\n|-heal|p2a: Heatran|61\/100 par|[from] Grassy Terrain\n|upkeep\n|turn|13\n|\n|switch|p1a: Keldeo|Keldeo-Resolute|100\/100\n|move|p2a: Heatran|Stealth Rock|p1a: Keldeo\n|-sidestart|p1: SMxVale|move: Stealth Rock\n|\n|-weather|none\n|-heal|p2a: Heatran|67\/100 par|[from] item: Leftovers\n|-heal|p2a: Heatran|73\/100 par|[from] Grassy Terrain\n|upkeep\n|turn|14\n|\n|switch|p2a: Tapu Bulu|Tapu Bulu|42\/100\n|-damage|p2a: Tapu Bulu|30\/100|[from] Stealth Rock\n|move|p1a: Keldeo|Scald|p2a: Tapu Bulu\n|-resisted|p2a: Tapu Bulu\n|-damage|p2a: Tapu Bulu|7\/100\n|\n|-heal|p2a: Tapu Bulu|14\/100|[from] item: Leftovers\n|-heal|p2a: Tapu Bulu|20\/100|[from] Grassy Terrain\n|-fieldend|move: Grassy Terrain\n|upkeep\n|turn|15\n|\n|move|p2a: Tapu Bulu|Protect|p2a: Tapu Bulu\n|-singleturn|p2a: Tapu Bulu|Protect\n|move|p1a: Keldeo|Scald|p2a: Tapu Bulu\n|-activate|p2a: Tapu Bulu|move: Protect\n|\n|-heal|p2a: Tapu Bulu|26\/100|[from] item: Leftovers\n|upkeep\n|turn|16\n|\n|switch|p1a: Jirachi|Jirachi|100\/100\n|-damage|p1a: Jirachi|94\/100|[from] Stealth Rock\n|move|p2a: Tapu Bulu|Horn Leech|p1a: Jirachi\n|-resisted|p1a: Jirachi\n|-damage|p1a: Jirachi|81\/100\n|-heal|p2a: Tapu Bulu|34\/100|[from] drain|[of] p1a: Jirachi\n|\n|-heal|p1a: Jirachi|87\/100|[from] item: Leftovers\n|-heal|p2a: Tapu Bulu|40\/100|[from] item: Leftovers\n|upkeep\n|turn|17\n|\n|switch|p1a: Tyranitar|Tyranitar, F|51\/100\n|-damage|p1a: Tyranitar|38\/100|[from] Stealth Rock\n|-weather|Sandstorm|[from] ability: Sand Stream|[of] p1a: Tyranitar\n|move|p2a: Tapu Bulu|Protect||[still]\n|-fail|p2a: Tapu Bulu\n|\n|-weather|Sandstorm|[upkeep]\n|-damage|p2a: Tapu Bulu|34\/100|[from] Sandstorm\n|-heal|p2a: Tapu Bulu|40\/100|[from] item: Leftovers\n|upkeep\n|turn|18\n|\n|switch|p1a: Jirachi|Jirachi|87\/100\n|-damage|p1a: Jirachi|81\/100|[from] Stealth Rock\n|move|p2a: Tapu Bulu|Horn Leech|p1a: Jirachi\n|-resisted|p1a: Jirachi\n|-damage|p1a: Jirachi|66\/100\n|-heal|p2a: Tapu Bulu|49\/100|[from] drain|[of] p1a: Jirachi\n|\n|-weather|Sandstorm|[upkeep]\n|-damage|p2a: Tapu Bulu|42\/100|[from] Sandstorm\n|-heal|p1a: Jirachi|72\/100|[from] item: Leftovers\n|-heal|p2a: Tapu Bulu|49\/100|[from] item: Leftovers\n|upkeep\n|turn|19\n|\n|switch|p2a: Heatran|Heatran, M|73\/100 par\n|-damage|p2a: Heatran|61\/100 par|[from] Stealth Rock\n|move|p1a: Jirachi|Thunder Wave|p2a: Heatran\n|-fail|p2a: Heatran|par\n|\n|-weather|Sandstorm|[upkeep]\n|-heal|p1a: Jirachi|79\/100|[from] item: Leftovers\n|-heal|p2a: Heatran|67\/100 par|[from] item: Leftovers\n|upkeep\n|turn|20\n|\n|switch|p1a: Keldeo|Keldeo-Resolute|100\/100\n|-damage|p1a: Keldeo|94\/100|[from] Stealth Rock\n|cant|p2a: Heatran|par\n|\n|-weather|Sandstorm|[upkeep]\n|-damage|p1a: Keldeo|88\/100|[from] Sandstorm\n|-heal|p2a: Heatran|73\/100 par|[from] item: Leftovers\n|upkeep\n|turn|21\n|\n|switch|p2a: Tapu Bulu|Tapu Bulu|49\/100\n|-damage|p2a: Tapu Bulu|36\/100|[from] Stealth Rock\n|-fieldstart|move: Grassy Terrain|[from] ability: Grassy Surge|[of] p2a: Tapu Bulu\n|move|p1a: Keldeo|Scald|p2a: Tapu Bulu\n|-resisted|p2a: Tapu Bulu\n|-damage|p2a: Tapu Bulu|12\/100\n|-status|p2a: Tapu Bulu|brn\n|\n|-weather|none\n|-heal|p1a: Keldeo|94\/100|[from] Grassy Terrain\n|-heal|p2a: Tapu Bulu|18\/100 brn|[from] item: Leftovers\n|-heal|p2a: Tapu Bulu|24\/100 brn|[from] Grassy Terrain\n|-damage|p2a: Tapu Bulu|18\/100 brn|[from] brn\n|upkeep\n|turn|22\n|\n|move|p2a: Tapu Bulu|Protect|p2a: Tapu Bulu\n|-singleturn|p2a: Tapu Bulu|Protect\n|move|p1a: Keldeo|Scald|p2a: Tapu Bulu\n|-activate|p2a: Tapu Bulu|move: Protect\n|\n|-heal|p1a: Keldeo|100\/100|[from] Grassy Terrain\n|-heal|p2a: Tapu Bulu|24\/100 brn|[from] item: Leftovers\n|-heal|p2a: Tapu Bulu|31\/100 brn|[from] Grassy Terrain\n|-damage|p2a: Tapu Bulu|24\/100 brn|[from] brn\n|upkeep\n|turn|23\n|\n|move|p1a: Keldeo|Scald|p2a: Tapu Bulu\n|-resisted|p2a: Tapu Bulu\n|-damage|p2a: Tapu Bulu|0 fnt\n|faint|p2a: Tapu Bulu\n|\n|upkeep\n|\n|switch|p2a: Tornadus|Tornadus-Therian, M|100\/100\n|-damage|p2a: Tornadus|76\/100|[from] Stealth Rock\n|turn|24\n|\n|move|p2a: Tornadus|Hurricane|p1a: Keldeo\n|-supereffective|p1a: Keldeo\n|-damage|p1a: Keldeo|9\/100\n|move|p1a: Keldeo|Scald|p2a: Tornadus\n|-damage|p2a: Tornadus|12\/100\n|\n|-heal|p1a: Keldeo|15\/100|[from] Grassy Terrain\n|upkeep\n|turn|25\n|\n|switch|p1a: Jirachi|Jirachi|79\/100\n|-damage|p1a: Jirachi|72\/100|[from] Stealth Rock\n|move|p2a: Tornadus|Hurricane|p1a: Jirachi|[miss]\n|-miss|p2a: Tornadus|p1a: Jirachi\n|\n|-heal|p1a: Jirachi|79\/100|[from] item: Leftovers\n|-heal|p1a: Jirachi|85\/100|[from] Grassy Terrain\n|-fieldend|move: Grassy Terrain\n|upkeep\n|turn|26\n|\n|move|p2a: Tornadus|U-turn|p1a: Jirachi\n|-damage|p1a: Jirachi|73\/100\n|\n|switch|p2a: Heatran|Heatran, M|73\/100 par|[from]move: U-turn\n|-damage|p2a: Heatran|61\/100 par|[from] Stealth Rock\n|move|p1a: Jirachi|Iron Head|p2a: Heatran\n|-resisted|p2a: Heatran\n|-damage|p2a: Heatran|55\/100 par\n|\n|-heal|p1a: Jirachi|79\/100|[from] item: Leftovers\n|-heal|p2a: Heatran|61\/100 par|[from] item: Leftovers\n|upkeep\n|turn|27\n|\n|move|p1a: Jirachi|Healing Wish|p1a: Jirachi\n|faint|p1a: Jirachi\n|move|p2a: Heatran|Earth Power|p1: Jirachi|[notarget]\n|-fail|p2a: Heatran\n|\n|-heal|p2a: Heatran|67\/100 par|[from] item: Leftovers\n|upkeep\n|\n|switch|p1a: Keldeo|Keldeo-Resolute|15\/100\n|-heal|p1a: Keldeo|100\/100|[from] move: Healing Wish\n|-damage|p1a: Keldeo|94\/100|[from] Stealth Rock\n|turn|28\n|\n|switch|p2a: Kyurem|Kyurem-Black|88\/100\n|-damage|p2a: Kyurem|63\/100|[from] Stealth Rock\n|-ability|p2a: Kyurem|Teravolt\n|move|p1a: Keldeo|Secret Sword|p2a: Kyurem\n|-supereffective|p2a: Kyurem\n|-damage|p2a: Kyurem|0 fnt\n|faint|p2a: Kyurem\n|\n|upkeep\n|\n|switch|p2a: Alakazam|Alakazam, F|100\/100\n|turn|29\n|\n|switch|p1a: Tyranitar|Tyranitar, F|38\/100\n|-damage|p1a: Tyranitar|26\/100|[from] Stealth Rock\n|-weather|Sandstorm|[from] ability: Sand Stream|[of] p1a: Tyranitar\n|detailschange|p2a: Alakazam|Alakazam-Mega, F\n|-mega|p2a: Alakazam|Alakazam|Alakazite\n|-ability|p2a: Alakazam|Sand Stream|[from] ability: Trace|[of] p1a: Tyranitar\n|move|p2a: Alakazam|Shadow Ball|p1a: Tyranitar\n|-resisted|p1a: Tyranitar\n|-damage|p1a: Tyranitar|17\/100\n|\n|-weather|Sandstorm|[upkeep]\n|-damage|p2a: Alakazam|95\/100|[from] Sandstorm\n|upkeep\n|turn|30\n|\n|move|p2a: Alakazam|Focus Blast|p1a: Tyranitar|[miss]\n|-miss|p2a: Alakazam|p1a: Tyranitar\n|move|p1a: Tyranitar|Thunder Wave|p2a: Alakazam\n|-status|p2a: Alakazam|par\n|\n|-weather|Sandstorm|[upkeep]\n|-damage|p2a: Alakazam|89\/100 par|[from] Sandstorm\n|upkeep\n|turn|31\n|\n|move|p2a: Alakazam|Focus Blast|p1a: Tyranitar\n|-supereffective|p1a: Tyranitar\n|-damage|p1a: Tyranitar|0 fnt\n|faint|p1a: Tyranitar\n|\n|-weather|Sandstorm|[upkeep]\n|-damage|p2a: Alakazam|83\/100 par|[from] Sandstorm\n|upkeep\n|c|\u2606SMxVale|!calc\n|html|<div class=\"infobox\">Pok&eacute;mon Showdown! damage calculator. (Courtesy of Honko &amp; Austin)<br \/>- <a href=\"https:\/\/pokemonshowdown.com\/damagecalc\/\">Damage Calculator<\/a><\/div>\n|inactive|SMxVale has 120 seconds left.\n|\n|switch|p1a: Keldeo|Keldeo-Resolute|94\/100\n|-damage|p1a: Keldeo|88\/100|[from] Stealth Rock\n|turn|32\n|\n|move|p1a: Keldeo|Hydro Pump|p2a: Alakazam\n|-damage|p2a: Alakazam|0 fnt\n|faint|p2a: Alakazam\n|\n|-weather|Sandstorm|[upkeep]\n|-damage|p1a: Keldeo|82\/100|[from] Sandstorm\n|upkeep\n|c|\u2606SMxVale|sorry for the miss btw :\/\n|\n|switch|p2a: Landorus|Landorus-Therian, M|100\/100\n|-damage|p2a: Landorus|88\/100|[from] Stealth Rock\n|-ability|p2a: Landorus|Intimidate|boost\n|-unboost|p1a: Keldeo|atk|1\n|turn|33\n|inactive|SMxVale has 120 seconds left.\n|inactive|SMxVale has 90 seconds left.\n|\n|move|p2a: Landorus|U-turn|p1a: Keldeo\n|-resisted|p1a: Keldeo\n|-damage|p1a: Keldeo|66\/100\n|\n|switch|p2a: Tornadus|Tornadus-Therian, M|45\/100|[from]move: U-turn\n|-damage|p2a: Tornadus|20\/100|[from] Stealth Rock\n|move|p1a: Keldeo|Hydro Pump|p2a: Tornadus\n|-damage|p2a: Tornadus|0 fnt\n|faint|p2a: Tornadus\n|\n|-weather|none\n|upkeep\n|\n|switch|p2a: Landorus|Landorus-Therian, M|88\/100\n|-damage|p2a: Landorus|76\/100|[from] Stealth Rock\n|-ability|p2a: Landorus|Intimidate|boost\n|-unboost|p1a: Keldeo|atk|1\n|turn|34\n|inactive|SMxVale has 90 seconds left.\n|\n|switch|p1a: Serperior|Serperior, M|100\/100\n|-damage|p1a: Serperior|88\/100|[from] Stealth Rock\n|move|p2a: Landorus|Earthquake|p1a: Serperior\n|-resisted|p1a: Serperior\n|-damage|p1a: Serperior|52\/100\n|\n|upkeep\n|turn|35\n|inactive|SMxVale has 90 seconds left.\n|\n|switch|p1a: Keldeo|Keldeo-Resolute|66\/100\n|-damage|p1a: Keldeo|60\/100|[from] Stealth Rock\n|switch|p2a: Heatran|Heatran, M|67\/100 par\n|-damage|p2a: Heatran|55\/100 par|[from] Stealth Rock\n|\n|-heal|p2a: Heatran|61\/100 par|[from] item: Leftovers\n|upkeep\n|turn|36\n|\n|move|p1a: Keldeo|Scald|p2a: Heatran\n|-supereffective|p2a: Heatran\n|-crit|p2a: Heatran\n|-damage|p2a: Heatran|0 fnt\n|faint|p2a: Heatran\n|\n|upkeep\n|\n|switch|p2a: Landorus|Landorus-Therian, M|76\/100\n|-damage|p2a: Landorus|64\/100|[from] Stealth Rock\n|-ability|p2a: Landorus|Intimidate|boost\n|-unboost|p1a: Keldeo|atk|1\n|turn|37\n|\n|move|p2a: Landorus|Earthquake|p1a: Keldeo\n|-damage|p1a: Keldeo|0 fnt\n|faint|p1a: Keldeo\n|\n|upkeep\n|inactive|SMxVale has 90 seconds left.\n|\n|switch|p1a: Serperior|Serperior, M|52\/100\n|-damage|p1a: Serperior|40\/100|[from] Stealth Rock\n|turn|38\n|\n|move|p1a: Serperior|Leaf Storm|p2a: Landorus\n|-damage|p2a: Landorus|7\/100\n|-boost|p1a: Serperior|spa|2\n|move|p2a: Landorus|Earthquake|p1a: Serperior\n|-resisted|p1a: Serperior\n|-damage|p1a: Serperior|4\/100\n|\n|upkeep\n|turn|39\n|\n|move|p1a: Serperior|Leaf Storm|p2a: Landorus\n|-damage|p2a: Landorus|0 fnt\n|-boost|p1a: Serperior|spa|2\n|faint|p2a: Landorus\n|\n|win|SMxVale\n|c|\u2606musharna man|gg\n|c|\u2606SMxVale|gg\n|l|\u2606musharna man\n|j| lazmet\n|raw|SMxVale's rating: 1737 &rarr; <strong>1756<\/strong><br \/>(+19 for winning)\n|raw|musharna man's rating: 1722 &rarr; <strong>1703<\/strong><br \/>(-19 for losing)\n","uploadtime":1568985370,"views":16,"p1id":"smxvale","p2id":"musharnaman","formatid":"gen7ou","rating":1703,"private":0,"password":null}