{"id":"gen7ou-844279601","p1":"Kaylss","p2":"wirise","format":"gen7ou","log":"|j|\u2606Kaylss\n|j|\u2606wirise\n|player|p1|Kaylss|138\n|player|p2|wirise|44\n|teamsize|p1|6\n|teamsize|p2|6\n|gametype|singles\n|gen|7\n|tier|[Gen 7] OU\n|rated|\n|rule|Sleep Clause Mod: Limit one foe put to sleep\n|rule|Species Clause: Limit one of each Pok\u00e9mon\n|rule|OHKO Clause: OHKO moves are banned\n|rule|Moody Clause: Moody is banned\n|rule|Evasion Moves Clause: Evasion moves are banned\n|rule|Endless Battle Clause: Forcing endless battles is banned\n|rule|HP Percentage Mod: HP is shown in percentages\n|clearpoke\n|poke|p1|Porygon-Z|item\n|poke|p1|Landorus-Therian, M|item\n|poke|p1|Magnezone|item\n|poke|p1|Pinsir, M|item\n|poke|p1|Tangrowth, M|item\n|poke|p1|Greninja, M|item\n|poke|p2|Mawile, F|item\n|poke|p2|Volcarona, M|item\n|poke|p2|Greninja, M|item\n|poke|p2|Landorus-Therian, M|item\n|poke|p2|Quagsire, M|item\n|poke|p2|Chansey, F|item\n|teampreview\n|c|\u2606Kaylss|\/log Kaylss made this room hidden.\n|\n|start\n|switch|p1a: Greninja|Greninja, M|100\/100\n|switch|p2a: Greninja|Greninja, M|100\/100\n|turn|1\n|\n|switch|p2a: Chansey|Chansey, F|100\/100\n|switch|p1a: Magnezone|Magnezone|100\/100\n|\n|upkeep\n|turn|2\n|\n|move|p1a: Magnezone|Volt Switch|p2a: Chansey\n|-crit|p2a: Chansey\n|-damage|p2a: Chansey|83\/100\n|\n|switch|p1a: Landorus|Landorus-Therian, M|100\/100\n|-ability|p1a: Landorus|Intimidate|boost\n|-unboost|p2a: Chansey|atk|1\n|move|p2a: Chansey|Stealth Rock|p1a: Landorus\n|-sidestart|p1: Kaylss|move: Stealth Rock\n|\n|upkeep\n|turn|3\n|\n|switch|p2a: Landorus|Landorus-Therian, M|100\/100\n|-ability|p2a: Landorus|Intimidate|boost\n|-unboost|p1a: Landorus|atk|1\n|move|p1a: Landorus|Defog|p2a: Landorus\n|-unboost|p2a: Landorus|evasion|1\n|-sideend|p1: Kaylss|Stealth Rock|[from] move: Defog|[of] p1a: Landorus\n|\n|upkeep\n|turn|4\n|\n|move|p2a: Landorus|U-turn|p1a: Landorus\n|-resisted|p1a: Landorus\n|-crit|p1a: Landorus\n|-damage|p1a: Landorus|86\/100\n|-damage|p2a: Landorus|84\/100|[from] item: Rocky Helmet|[of] p1a: Landorus\n|\n|switch|p2a: Chansey|Chansey, F|83\/100\n|move|p1a: Landorus|Stealth Rock|p2a: Chansey\n|-sidestart|p2: wirise|move: Stealth Rock\n|\n|upkeep\n|turn|5\n|\n|move|p1a: Landorus|U-turn|p2a: Chansey\n|-damage|p2a: Chansey|74\/100\n|\n|switch|p1a: Pinsir|Pinsir, M|100\/100\n|move|p2a: Chansey|Stealth Rock|p1a: Pinsir\n|-sidestart|p1: Kaylss|move: Stealth Rock\n|\n|upkeep\n|turn|6\n|\n|switch|p2a: Quagsire|Quagsire, M|100\/100\n|-damage|p2a: Quagsire|94\/100|[from] Stealth Rock\n|detailschange|p1a: Pinsir|Pinsir-Mega, M\n|-mega|p1a: Pinsir|Pinsir|Pinsirite\n|move|p1a: Pinsir|Return|p2a: Quagsire\n|-damage|p2a: Quagsire|46\/100\n|\n|-heal|p2a: Quagsire|53\/100|[from] item: Leftovers\n|upkeep\n|turn|7\n|\n|move|p1a: Pinsir|Return|p2a: Quagsire\n|-damage|p2a: Quagsire|4\/100\n|move|p2a: Quagsire|Recover|p2a: Quagsire\n|-heal|p2a: Quagsire|54\/100\n|\n|-heal|p2a: Quagsire|60\/100|[from] item: Leftovers\n|upkeep\n|turn|8\n|\n|move|p1a: Pinsir|Return|p2a: Quagsire\n|-damage|p2a: Quagsire|12\/100\n|move|p2a: Quagsire|Recover|p2a: Quagsire\n|-heal|p2a: Quagsire|62\/100\n|\n|-heal|p2a: Quagsire|68\/100|[from] item: Leftovers\n|upkeep\n|turn|9\n|\n|move|p1a: Pinsir|Return|p2a: Quagsire\n|-damage|p2a: Quagsire|19\/100\n|move|p2a: Quagsire|Recover|p2a: Quagsire\n|-heal|p2a: Quagsire|69\/100\n|\n|-heal|p2a: Quagsire|75\/100|[from] item: Leftovers\n|upkeep\n|turn|10\n|\n|move|p1a: Pinsir|Return|p2a: Quagsire\n|-damage|p2a: Quagsire|24\/100\n|move|p2a: Quagsire|Recover|p2a: Quagsire\n|-heal|p2a: Quagsire|74\/100\n|\n|-heal|p2a: Quagsire|80\/100|[from] item: Leftovers\n|upkeep\n|turn|11\n|\n|move|p1a: Pinsir|Return|p2a: Quagsire\n|-damage|p2a: Quagsire|30\/100\n|move|p2a: Quagsire|Recover|p2a: Quagsire\n|-heal|p2a: Quagsire|80\/100\n|\n|-heal|p2a: Quagsire|86\/100|[from] item: Leftovers\n|upkeep\n|turn|12\n|\n|move|p1a: Pinsir|Return|p2a: Quagsire\n|-damage|p2a: Quagsire|33\/100\n|move|p2a: Quagsire|Recover|p2a: Quagsire\n|-heal|p2a: Quagsire|83\/100\n|\n|-heal|p2a: Quagsire|89\/100|[from] item: Leftovers\n|upkeep\n|turn|13\n|\n|move|p1a: Pinsir|Return|p2a: Quagsire\n|-damage|p2a: Quagsire|41\/100\n|move|p2a: Quagsire|Recover|p2a: Quagsire\n|-heal|p2a: Quagsire|91\/100\n|\n|-heal|p2a: Quagsire|97\/100|[from] item: Leftovers\n|upkeep\n|turn|14\n|\n|move|p1a: Pinsir|Return|p2a: Quagsire\n|-damage|p2a: Quagsire|49\/100\n|move|p2a: Quagsire|Toxic|p1a: Pinsir\n|-status|p1a: Pinsir|tox\n|\n|-heal|p2a: Quagsire|56\/100|[from] item: Leftovers\n|-damage|p1a: Pinsir|95\/100 tox|[from] psn\n|upkeep\n|turn|15\n|\n|move|p1a: Pinsir|Return|p2a: Quagsire\n|-damage|p2a: Quagsire|7\/100\n|move|p2a: Quagsire|Recover|p2a: Quagsire\n|-heal|p2a: Quagsire|57\/100\n|\n|-heal|p2a: Quagsire|63\/100|[from] item: Leftovers\n|-damage|p1a: Pinsir|83\/100 tox|[from] psn\n|upkeep\n|turn|16\n|\n|switch|p1a: Tangrowth|Tangrowth, M|100\/100\n|-damage|p1a: Tangrowth|88\/100|[from] Stealth Rock\n|move|p2a: Quagsire|Recover|p2a: Quagsire\n|-heal|p2a: Quagsire|100\/100\n|\n|upkeep\n|turn|17\n|\n|switch|p1a: Greninja|Greninja, M|100\/100\n|-damage|p1a: Greninja|88\/100|[from] Stealth Rock\n|switch|p2a: Landorus|Landorus-Therian, M|84\/100\n|-damage|p2a: Landorus|72\/100|[from] Stealth Rock\n|-ability|p2a: Landorus|Intimidate|boost\n|-unboost|p1a: Greninja|atk|1\n|\n|upkeep\n|turn|18\n|\n|switch|p1a: Landorus|Landorus-Therian, M|86\/100\n|-damage|p1a: Landorus|73\/100|[from] Stealth Rock\n|-ability|p1a: Landorus|Intimidate|boost\n|-unboost|p2a: Landorus|atk|1\n|move|p2a: Landorus|U-turn|p1a: Landorus\n|-resisted|p1a: Landorus\n|-damage|p1a: Landorus|67\/100\n|-damage|p2a: Landorus|55\/100|[from] item: Rocky Helmet|[of] p1a: Landorus\n|\n|switch|p2a: Greninja|Greninja, M|100\/100\n|-damage|p2a: Greninja|88\/100|[from] Stealth Rock\n|\n|upkeep\n|turn|19\n|\n|switch|p1a: Tangrowth|Tangrowth, M|100\/100\n|-damage|p1a: Tangrowth|88\/100|[from] Stealth Rock\n|move|p2a: Greninja|Ice Beam|p1a: Tangrowth\n|-start|p2a: Greninja|typechange|Ice|[from] Protean\n|-supereffective|p1a: Tangrowth\n|-damage|p1a: Tangrowth|36\/100\n|\n|upkeep\n|turn|20\n|\n|switch|p1a: Magnezone|Magnezone|100\/100\n|-damage|p1a: Magnezone|94\/100|[from] Stealth Rock\n|move|p2a: Greninja|Ice Beam|p1a: Magnezone\n|-resisted|p1a: Magnezone\n|-damage|p1a: Magnezone|75\/100\n|\n|upkeep\n|turn|21\n|\n|switch|p2a: Chansey|Chansey, F|74\/100\n|-damage|p2a: Chansey|61\/100|[from] Stealth Rock\n|switch|p1a: Landorus|Landorus-Therian, M|67\/100\n|-damage|p1a: Landorus|55\/100|[from] Stealth Rock\n|-ability|p1a: Landorus|Intimidate|boost\n|-unboost|p2a: Chansey|atk|1\n|\n|upkeep\n|turn|22\n|\n|move|p1a: Landorus|U-turn|p2a: Chansey\n|-damage|p2a: Chansey|46\/100\n|\n|switch|p1a: Tangrowth|Tangrowth, M|70\/100\n|-damage|p1a: Tangrowth|57\/100|[from] Stealth Rock\n|move|p2a: Chansey|Soft-Boiled|p2a: Chansey\n|-heal|p2a: Chansey|96\/100\n|\n|upkeep\n|turn|23\n|\n|switch|p2a: Landorus|Landorus-Therian, M|55\/100\n|-damage|p2a: Landorus|43\/100|[from] Stealth Rock\n|-ability|p2a: Landorus|Intimidate|boost\n|-unboost|p1a: Tangrowth|atk|1\n|move|p1a: Tangrowth|Knock Off|p2a: Landorus\n|-damage|p2a: Landorus|27\/100\n|-enditem|p2a: Landorus|Choice Scarf|[from] move: Knock Off|[of] p1a: Tangrowth\n|\n|upkeep\n|turn|24\n|\n|switch|p1a: Landorus|Landorus-Therian, M|55\/100\n|-damage|p1a: Landorus|42\/100|[from] Stealth Rock\n|-ability|p1a: Landorus|Intimidate|boost\n|-unboost|p2a: Landorus|atk|1\n|move|p2a: Landorus|U-turn|p1a: Landorus\n|-resisted|p1a: Landorus\n|-damage|p1a: Landorus|36\/100\n|-damage|p2a: Landorus|10\/100|[from] item: Rocky Helmet|[of] p1a: Landorus\n|\n|switch|p2a: Greninja|Greninja, M|88\/100\n|-damage|p2a: Greninja|76\/100|[from] Stealth Rock\n|\n|upkeep\n|turn|25\n|\n|switch|p1a: Magnezone|Magnezone|75\/100\n|-damage|p1a: Magnezone|69\/100|[from] Stealth Rock\n|move|p2a: Greninja|Ice Beam|p1a: Magnezone\n|-start|p2a: Greninja|typechange|Ice|[from] Protean\n|-resisted|p1a: Magnezone\n|-damage|p1a: Magnezone|49\/100\n|-status|p1a: Magnezone|frz\n|\n|upkeep\n|turn|26\n|\n|move|p2a: Greninja|Low Kick|p1a: Magnezone\n|-start|p2a: Greninja|typechange|Fighting|[from] Protean\n|-supereffective|p1a: Magnezone\n|-damage|p1a: Magnezone|0 fnt\n|faint|p1a: Magnezone\n|\n|upkeep\n|\n|switch|p1a: Greninja|Greninja, M|88\/100\n|-damage|p1a: Greninja|76\/100|[from] Stealth Rock\n|turn|27\n|\n|switch|p2a: Landorus|Landorus-Therian, M|10\/100\n|-damage|p2a: Landorus|0 fnt|[from] Stealth Rock\n|faint|p2a: Landorus\n|move|p1a: Greninja|Hydro Pump|p2: Landorus|[notarget]\n|-fail|p1a: Greninja\n|\n|upkeep\n|\n|switch|p2a: Chansey|Chansey, F|96\/100\n|-damage|p2a: Chansey|84\/100|[from] Stealth Rock\n|turn|28\n|\n|switch|p1a: Tangrowth|Tangrowth, M|90\/100\n|-damage|p1a: Tangrowth|78\/100|[from] Stealth Rock\n|move|p2a: Chansey|Seismic Toss|p1a: Tangrowth\n|-damage|p1a: Tangrowth|53\/100\n|\n|upkeep\n|turn|29\n|\n|switch|p2a: Mawile|Mawile, F|100\/100\n|-damage|p2a: Mawile|94\/100|[from] Stealth Rock\n|-ability|p2a: Mawile|Intimidate|boost\n|-unboost|p1a: Tangrowth|atk|1\n|switch|p1a: Greninja|Greninja, M|76\/100\n|-damage|p1a: Greninja|64\/100|[from] Stealth Rock\n|\n|upkeep\n|turn|30\n|\n|switch|p2a: Chansey|Chansey, F|84\/100\n|-damage|p2a: Chansey|72\/100|[from] Stealth Rock\n|move|p1a: Greninja|Hydro Pump|p2a: Chansey\n|-damage|p2a: Chansey|49\/100\n|\n|upkeep\n|turn|31\n|\n|switch|p1a: Tangrowth|Tangrowth, M|86\/100\n|-damage|p1a: Tangrowth|74\/100|[from] Stealth Rock\n|move|p2a: Chansey|Soft-Boiled|p2a: Chansey\n|-heal|p2a: Chansey|99\/100\n|\n|upkeep\n|turn|32\n|\n|switch|p2a: Mawile|Mawile, F|94\/100\n|-damage|p2a: Mawile|88\/100|[from] Stealth Rock\n|-ability|p2a: Mawile|Intimidate|boost\n|-unboost|p1a: Tangrowth|atk|1\n|move|p1a: Tangrowth|Knock Off|p2a: Mawile\n|-resisted|p2a: Mawile\n|-damage|p2a: Mawile|81\/100\n|\n|upkeep\n|turn|33\n|\n|switch|p1a: Landorus|Landorus-Therian, M|36\/100\n|-damage|p1a: Landorus|23\/100|[from] Stealth Rock\n|-ability|p1a: Landorus|Intimidate|boost\n|-unboost|p2a: Mawile|atk|1\n|detailschange|p2a: Mawile|Mawile-Mega, F\n|-mega|p2a: Mawile|Mawile|Mawilite\n|move|p2a: Mawile|Knock Off|p1a: Landorus\n|-damage|p1a: Landorus|0 fnt\n|-damage|p2a: Mawile|64\/100|[from] item: Rocky Helmet|[of] p1a: Landorus\n|-enditem|p1a: Landorus|Rocky Helmet|[from] move: Knock Off|[of] p2a: Mawile\n|faint|p1a: Landorus\n|\n|upkeep\n|\n|switch|p1a: Greninja|Greninja, M|64\/100\n|-damage|p1a: Greninja|51\/100|[from] Stealth Rock\n|turn|34\n|\n|switch|p2a: Chansey|Chansey, F|99\/100\n|-damage|p2a: Chansey|87\/100|[from] Stealth Rock\n|move|p1a: Greninja|U-turn|p2a: Chansey\n|-damage|p2a: Chansey|77\/100\n|\n|switch|p1a: Tangrowth|Tangrowth, M|100\/100\n|-damage|p1a: Tangrowth|88\/100|[from] Stealth Rock\n|\n|upkeep\n|turn|35\n|inactive|Battle timer is ON: inactive players will automatically lose when time's up. (requested by wirise)\n|\n|switch|p2a: Mawile|Mawile-Mega, F|64\/100\n|-damage|p2a: Mawile|58\/100|[from] Stealth Rock\n|switch|p1a: Porygon-Z|Porygon-Z|100\/100\n|-damage|p1a: Porygon-Z|88\/100|[from] Stealth Rock\n|\n|upkeep\n|turn|36\n|\n|move|p1a: Porygon-Z|Tri Attack|p2a: Mawile\n|-resisted|p2a: Mawile\n|-damage|p2a: Mawile|0 fnt\n|faint|p2a: Mawile\n|\n|upkeep\n|inactive|wirise has 120 seconds left.\n|inactive|wirise has 90 seconds left.\n|\n|switch|p2a: Chansey|Chansey, F|77\/100\n|-damage|p2a: Chansey|65\/100|[from] Stealth Rock\n|turn|37\n|\n|switch|p1a: Tangrowth|Tangrowth, M|100\/100\n|-damage|p1a: Tangrowth|88\/100|[from] Stealth Rock\n|move|p2a: Chansey|Seismic Toss|p1a: Tangrowth\n|-damage|p1a: Tangrowth|63\/100\n|\n|upkeep\n|turn|38\n|\n|switch|p2a: Volcarona|Volcarona, M|100\/100\n|-damage|p2a: Volcarona|51\/100|[from] Stealth Rock\n|switch|p1a: Porygon-Z|Porygon-Z|88\/100\n|-damage|p1a: Porygon-Z|76\/100|[from] Stealth Rock\n|\n|upkeep\n|turn|39\n|\n|move|p1a: Porygon-Z|Tri Attack|p2a: Volcarona\n|-crit|p2a: Volcarona\n|-damage|p2a: Volcarona|0 fnt\n|faint|p2a: Volcarona\n|\n|upkeep\n|\n|switch|p2a: Chansey|Chansey, F|65\/100\n|-damage|p2a: Chansey|53\/100|[from] Stealth Rock\n|turn|40\n|\n|switch|p1a: Tangrowth|Tangrowth, M|97\/100\n|-damage|p1a: Tangrowth|84\/100|[from] Stealth Rock\n|move|p2a: Chansey|Soft-Boiled|p2a: Chansey\n|-heal|p2a: Chansey|100\/100\n|\n|upkeep\n|turn|41\n|\n|move|p2a: Chansey|Seismic Toss|p1a: Tangrowth\n|-damage|p1a: Tangrowth|59\/100\n|move|p1a: Tangrowth|Giga Drain|p2a: Chansey\n|-damage|p2a: Chansey|91\/100\n|-heal|p1a: Tangrowth|68\/100|[from] drain|[of] p2a: Chansey\n|\n|upkeep\n|turn|42\n|\n|move|p2a: Chansey|Seismic Toss|p1a: Tangrowth\n|-damage|p1a: Tangrowth|43\/100\n|move|p1a: Tangrowth|Knock Off|p2a: Chansey\n|-damage|p2a: Chansey|76\/100\n|-enditem|p2a: Chansey|Eviolite|[from] move: Knock Off|[of] p1a: Tangrowth\n|\n|upkeep\n|turn|43\n|\n|switch|p1a: Porygon-Z|Porygon-Z|76\/100\n|-damage|p1a: Porygon-Z|64\/100|[from] Stealth Rock\n|move|p2a: Chansey|Seismic Toss|p1a: Porygon-Z\n|-damage|p1a: Porygon-Z|32\/100\n|\n|upkeep\n|turn|44\n|\n|move|p1a: Porygon-Z|Trick|p2a: Chansey\n|-activate|p1a: Porygon-Z|move: Trick|[of] p2a: Chansey\n|-item|p2a: Chansey|Choice Specs|[from] move: Trick\n|-enditem|p1a: Porygon-Z|Choice Specs|[silent]|[from] move: Trick\n|move|p2a: Chansey|Soft-Boiled|p2a: Chansey\n|-heal|p2a: Chansey|100\/100\n|\n|upkeep\n|turn|45\n|\n|switch|p2a: Quagsire|Quagsire, M|100\/100\n|-damage|p2a: Quagsire|94\/100|[from] Stealth Rock\n|move|p1a: Porygon-Z|Tri Attack|p2a: Quagsire\n|-damage|p2a: Quagsire|26\/100\n|\n|-heal|p2a: Quagsire|32\/100|[from] item: Leftovers\n|upkeep\n|turn|46\n|\n|move|p1a: Porygon-Z|Tri Attack|p2a: Quagsire\n|-damage|p2a: Quagsire|0 fnt\n|faint|p2a: Quagsire\n|\n|upkeep\n|\n|switch|p2a: Chansey|Chansey, F|100\/100\n|-damage|p2a: Chansey|88\/100|[from] Stealth Rock\n|turn|47\n|\n|switch|p1a: Tangrowth|Tangrowth, M|76\/100\n|-damage|p1a: Tangrowth|64\/100|[from] Stealth Rock\n|move|p2a: Chansey|Seismic Toss|p1a: Tangrowth\n|-damage|p1a: Tangrowth|39\/100\n|\n|upkeep\n|turn|48\n|\n|move|p2a: Chansey|Seismic Toss|p1a: Tangrowth\n|-damage|p1a: Tangrowth|14\/100\n|move|p1a: Tangrowth|Giga Drain|p2a: Chansey\n|-damage|p2a: Chansey|76\/100\n|-heal|p1a: Tangrowth|25\/100|[from] drain|[of] p2a: Chansey\n|\n|upkeep\n|turn|49\n|\n|move|p2a: Chansey|Seismic Toss|p1a: Tangrowth\n|-damage|p1a: Tangrowth|0 fnt\n|faint|p1a: Tangrowth\n|\n|upkeep\n|\n|switch|p1a: Pinsir|Pinsir-Mega, M|83\/100 tox\n|-damage|p1a: Pinsir|33\/100 tox|[from] Stealth Rock\n|turn|50\n|\n|move|p1a: Pinsir|Return|p2a: Chansey\n|-damage|p2a: Chansey|4\/100\n|move|p2a: Chansey|Seismic Toss|p1a: Pinsir\n|-damage|p1a: Pinsir|0 fnt\n|faint|p1a: Pinsir\n|\n|upkeep\n|\n|switch|p1a: Greninja|Greninja, M|51\/100\n|-damage|p1a: Greninja|39\/100|[from] Stealth Rock\n|turn|51\n|\n|move|p1a: Greninja|U-turn|p2a: Chansey\n|-damage|p2a: Chansey|0 fnt\n|faint|p2a: Chansey\n|-activate|p1a: Greninja|ability: Battle Bond\n|detailschange|p1a: Greninja|Greninja-Ash, M\n|\n|switch|p1a: Porygon-Z|Porygon-Z|32\/100\n|-damage|p1a: Porygon-Z|19\/100|[from] Stealth Rock\n|\n|upkeep\n|\n|switch|p2a: Greninja|Greninja, M|76\/100\n|-damage|p2a: Greninja|64\/100|[from] Stealth Rock\n|turn|52\n|\n|move|p2a: Greninja|Low Kick|p1a: Porygon-Z\n|-start|p2a: Greninja|typechange|Fighting|[from] Protean\n|-supereffective|p1a: Porygon-Z\n|-damage|p1a: Porygon-Z|0 fnt\n|faint|p1a: Porygon-Z\n|\n|upkeep\n|\n|switch|p1a: Greninja|Greninja-Ash, M|39\/100\n|-damage|p1a: Greninja|27\/100|[from] Stealth Rock\n|turn|53\n|\n|move|p1a: Greninja|Water Shuriken|p2a: Greninja\n|-damage|p2a: Greninja|35\/100\n|-damage|p2a: Greninja|5\/100\n|-damage|p2a: Greninja|0 fnt\n|-hitcount|p2a: Greninja|3\n|faint|p2a: Greninja\n|\n|win|Kaylss\n|raw|Kaylss's rating: 1516 &rarr; <strong>1540<\/strong><br \/>(+24 for winning)\n|raw|wirise's rating: 1583 &rarr; <strong>1559<\/strong><br \/>(-24 for losing)\n|c|\u2606Kaylss|gg\n|c|\u2606wirise|no gg\n|c|\u2606Kaylss|why not\n|c|\u2606wirise|because it was too easy for you, not a good game\n|l|\u2606wirise\n|c|\u2606Kaylss|\/log Kaylss made this room public.\n","uploadtime":1546587327,"views":23,"p1id":"kaylss","p2id":"wirise","formatid":"gen7ou","rating":1540,"private":0,"password":null}