{"id":"gen7ou-869737309","p1":"Kaylss","p2":"not fun tbh","format":"gen7ou","log":"|j|\u2606Kaylss\n|j|\u2606not fun tbh\n|inactive|Battle timer is ON: inactive players will automatically lose when time's up.\n|player|p1|Kaylss|138\n|player|p2|not fun tbh|1\n|teamsize|p1|6\n|teamsize|p2|6\n|gametype|singles\n|gen|7\n|tier|[Gen 7] OU\n|rated|Tournament battle\n|rule|Sleep Clause Mod: Limit one foe put to sleep\n|rule|Species Clause: Limit one of each Pok\u00e9mon\n|rule|OHKO Clause: OHKO moves are banned\n|rule|Moody Clause: Moody is banned\n|rule|Evasion Moves Clause: Evasion moves are banned\n|rule|Endless Battle Clause: Forcing endless battles is banned\n|rule|HP Percentage Mod: HP is shown in percentages\n|clearpoke\n|poke|p1|Tornadus-Therian, M|item\n|poke|p1|Tapu Koko|item\n|poke|p1|Clefable, F|item\n|poke|p1|Camerupt, M|item\n|poke|p1|Greninja, M|item\n|poke|p1|Gastrodon, M|item\n|poke|p2|Medicham, F|item\n|poke|p2|Tapu Koko|item\n|poke|p2|Magearna|item\n|poke|p2|Landorus-Therian, M|item\n|poke|p2|Greninja, M|item\n|poke|p2|Tangrowth, M|item\n|teampreview\n|\n|start\n|switch|p1a: Tornadus|Tornadus-Therian, M|100\/100\n|switch|p2a: Medicham|Medicham, F|100\/100\n|turn|1\n|\n|detailschange|p2a: Medicham|Medicham-Mega, F\n|-mega|p2a: Medicham|Medicham|Medichamite\n|move|p2a: Medicham|Fake Out|p1a: Tornadus\n|-damage|p1a: Tornadus|71\/100\n|cant|p1a: Tornadus|flinch\n|\n|upkeep\n|turn|2\n|inactive|not fun tbh has 120 seconds left.\n|\n|move|p1a: Tornadus|U-turn|p2a: Medicham\n|-damage|p2a: Medicham|79\/100\n|\n|switch|p1a: Clefable|Clefable, F|100\/100\n|move|p2a: Medicham|Ice Punch|p1a: Clefable\n|-damage|p1a: Clefable|69\/100\n|\n|upkeep\n|turn|3\n|inactive|not fun tbh has 120 seconds left.\n|\n|switch|p1a: Greninja|Greninja, M|100\/100\n|move|p2a: Medicham|Zen Headbutt|p1a: Greninja\n|-immune|p1a: Greninja\n|\n|upkeep\n|turn|4\n|inactive|not fun tbh has 120 seconds left.\n|\n|switch|p2a: Tangrowth|Tangrowth, M|100\/100\n|move|p1a: Greninja|U-turn|p2a: Tangrowth\n|-start|p1a: Greninja|typechange|Bug|[from] Protean\n|-supereffective|p2a: Tangrowth\n|-damage|p2a: Tangrowth|60\/100\n|\n|switch|p1a: Camerupt|Camerupt, M|100\/100\n|\n|upkeep\n|turn|5\n|\n|switch|p2a: Greninja|Greninja, M|100\/100\n|detailschange|p1a: Camerupt|Camerupt-Mega, M\n|-mega|p1a: Camerupt|Camerupt|Cameruptite\n|move|p1a: Camerupt|Flamethrower|p2a: Greninja\n|-resisted|p2a: Greninja\n|-damage|p2a: Greninja|59\/100\n|\n|upkeep\n|turn|6\n|\n|switch|p1a: Greninja|Greninja, M|100\/100\n|move|p2a: Greninja|Spikes|p1a: Greninja\n|-start|p2a: Greninja|typechange|Ground|[from] Protean\n|-sidestart|p1: Kaylss|Spikes\n|\n|upkeep\n|turn|7\n|\n|move|p1a: Greninja|U-turn|p2a: Greninja\n|-start|p1a: Greninja|typechange|Bug|[from] Protean\n|-damage|p2a: Greninja|8\/100\n|\n|switch|p1a: Gastrodon|Gastrodon, M|100\/100\n|-damage|p1a: Gastrodon|88\/100|[from] Spikes\n|move|p2a: Greninja|Hydro Pump|p1a: Gastrodon\n|-start|p2a: Greninja|typechange|Water|[from] Protean\n|-ability|p1a: Gastrodon|Storm Drain|boost\n|-boost|p1a: Gastrodon|spa|1\n|\n|-heal|p1a: Gastrodon|94\/100|[from] item: Leftovers\n|upkeep\n|turn|8\n|\n|switch|p2a: Tangrowth|Tangrowth, M|94\/100\n|move|p1a: Gastrodon|Toxic|p2a: Tangrowth\n|-status|p2a: Tangrowth|tox\n|\n|-heal|p1a: Gastrodon|99\/100|[from] item: Leftovers\n|-damage|p2a: Tangrowth|87\/100 tox|[from] psn\n|upkeep\n|turn|9\n|\n|switch|p2a: Tapu Koko|Tapu Koko|100\/100\n|-fieldstart|move: Electric Terrain|[from] ability: Electric Surge|[of] p2a: Tapu Koko\n|switch|p1a: Camerupt|Camerupt-Mega, M|100\/100\n|-damage|p1a: Camerupt|88\/100|[from] Spikes\n|\n|upkeep\n|turn|10\n|\n|move|p2a: Tapu Koko|U-turn|p1a: Camerupt\n|-resisted|p1a: Camerupt\n|-damage|p1a: Camerupt|82\/100\n|\n|switch|p2a: Greninja|Greninja, M|8\/100\n|move|p1a: Camerupt|Flamethrower|p2a: Greninja\n|-resisted|p2a: Greninja\n|-damage|p2a: Greninja|0 fnt\n|faint|p2a: Greninja\n|\n|upkeep\n|\n|switch|p2a: Medicham|Medicham-Mega, F|79\/100\n|turn|11\n|\n|switch|p1a: Greninja|Greninja, M|100\/100\n|-damage|p1a: Greninja|88\/100|[from] Spikes\n|move|p2a: Medicham|Ice Punch|p1a: Greninja\n|-resisted|p1a: Greninja\n|-damage|p1a: Greninja|48\/100\n|\n|upkeep\n|turn|12\n|\n|move|p1a: Greninja|U-turn|p2a: Medicham\n|-start|p1a: Greninja|typechange|Bug|[from] Protean\n|-damage|p2a: Medicham|34\/100\n|\n|switch|p1a: Tapu Koko|Tapu Koko|100\/100\n|-damage|p1a: Tapu Koko|88\/100|[from] Spikes\n|move|p2a: Medicham|Zen Headbutt|p1a: Tapu Koko\n|-damage|p1a: Tapu Koko|15\/100\n|\n|-heal|p1a: Tapu Koko|21\/100|[from] item: Leftovers\n|upkeep\n|turn|13\n|\n|switch|p2a: Tapu Koko|Tapu Koko|100\/100\n|move|p1a: Tapu Koko|U-turn|p2a: Tapu Koko\n|-resisted|p2a: Tapu Koko\n|-damage|p2a: Tapu Koko|88\/100\n|\n|switch|p1a: Camerupt|Camerupt-Mega, M|82\/100\n|-damage|p1a: Camerupt|69\/100|[from] Spikes\n|\n|-fieldend|move: Electric Terrain\n|upkeep\n|turn|14\n|\n|move|p2a: Tapu Koko|U-turn|p1a: Camerupt\n|-resisted|p1a: Camerupt\n|-damage|p1a: Camerupt|64\/100\n|\n|switch|p2a: Landorus|Landorus-Therian, M|100\/100\n|-ability|p2a: Landorus|Intimidate|boost\n|-unboost|p1a: Camerupt|atk|1\n|move|p1a: Camerupt|Flamethrower|p2a: Landorus\n|-damage|p2a: Landorus|37\/100\n|\n|upkeep\n|turn|15\n|\n|switch|p2a: Tapu Koko|Tapu Koko|88\/100\n|-fieldstart|move: Electric Terrain|[from] ability: Electric Surge|[of] p2a: Tapu Koko\n|switch|p1a: Clefable|Clefable, F|69\/100\n|\n|upkeep\n|turn|16\n|\n|move|p2a: Tapu Koko|U-turn|p1a: Clefable\n|-resisted|p1a: Clefable\n|-crit|p1a: Clefable\n|-damage|p1a: Clefable|59\/100\n|\n|switch|p2a: Magearna|Magearna|100\/100\n|move|p1a: Clefable|Soft-Boiled|p1a: Clefable\n|-heal|p1a: Clefable|100\/100\n|\n|upkeep\n|turn|17\n|\n|switch|p1a: Gastrodon|Gastrodon, M|99\/100\n|-damage|p1a: Gastrodon|88\/100|[from] Spikes\n|move|p2a: Magearna|Thunderbolt|p1a: Gastrodon\n|-immune|p1a: Gastrodon\n|\n|-heal|p1a: Gastrodon|94\/100|[from] item: Leftovers\n|upkeep\n|turn|18\n|\n|switch|p2a: Tangrowth|Tangrowth, M|100\/100 tox\n|move|p1a: Gastrodon|Scald|p2a: Tangrowth\n|-resisted|p2a: Tangrowth\n|-damage|p2a: Tangrowth|93\/100 tox\n|\n|-heal|p1a: Gastrodon|99\/100|[from] item: Leftovers\n|-damage|p2a: Tangrowth|86\/100 tox|[from] psn\n|upkeep\n|turn|19\n|\n|switch|p2a: Tapu Koko|Tapu Koko|88\/100\n|switch|p1a: Tornadus|Tornadus-Therian, M|100\/100\n|\n|-fieldend|move: Electric Terrain\n|upkeep\n|turn|20\n|\n|switch|p1a: Camerupt|Camerupt-Mega, M|64\/100\n|-damage|p1a: Camerupt|51\/100|[from] Spikes\n|move|p2a: Tapu Koko|Thunderbolt|p1a: Camerupt\n|-immune|p1a: Camerupt\n|\n|upkeep\n|turn|21\n|\n|move|p2a: Tapu Koko|U-turn|p1a: Camerupt\n|-resisted|p1a: Camerupt\n|-damage|p1a: Camerupt|45\/100\n|\n|switch|p2a: Landorus|Landorus-Therian, M|37\/100\n|-ability|p2a: Landorus|Intimidate|boost\n|-unboost|p1a: Camerupt|atk|1\n|move|p1a: Camerupt|Flamethrower|p2a: Landorus\n|-damage|p2a: Landorus|0 fnt\n|faint|p2a: Landorus\n|\n|upkeep\n|\n|switch|p2a: Medicham|Medicham-Mega, F|34\/100\n|turn|22\n|\n|switch|p1a: Clefable|Clefable, F|100\/100\n|move|p2a: Medicham|High Jump Kick|p1a: Clefable|[miss]\n|-miss|p2a: Medicham|p1a: Clefable\n|-damage|p2a: Medicham|0 fnt|[from] High Jump Kick\n|faint|p2a: Medicham\n|\n|upkeep\n|-message|not fun tbh forfeited.\n|\n|win|Kaylss\n|l|\u2606not fun tbh\n","uploadtime":1551497261,"views":58,"p1id":"kaylss","p2id":"notfuntbh","formatid":"gen7ou","rating":0,"private":0,"password":null}