{"id":"gen7ou-1395837373","p1":"Therockcena","p2":"MattyGuy","format":"gen7ou","log":"|j|\u2606Therockcena\n|j|\u2606MattyGuy\n|t:|1628864960\n|gametype|singles\n|player|p1|Therockcena|169|1394\n|player|p2|MattyGuy|2|1458\n|teamsize|p1|6\n|teamsize|p2|6\n|gen|7\n|tier|[Gen 7] OU\n|rated|\n|rule|Sleep Clause Mod: Limit one foe put to sleep\n|rule|Species Clause: Limit one of each Pok\u00e9mon\n|rule|OHKO Clause: OHKO moves are banned\n|rule|Moody Clause: Moody is banned\n|rule|Evasion Moves Clause: Evasion moves are banned\n|rule|Endless Battle Clause: Forcing endless battles is banned\n|rule|HP Percentage Mod: HP is shown in percentages\n|clearpoke\n|poke|p1|Victini|item\n|poke|p1|Greninja, M|item\n|poke|p1|Landorus-Therian, M|item\n|poke|p1|Tapu Koko|item\n|poke|p1|Charizard, F|item\n|poke|p1|Tornadus-Therian, M|item\n|poke|p2|Tyranitar, M|item\n|poke|p2|Alakazam, M|item\n|poke|p2|Excadrill, M|item\n|poke|p2|Ferrothorn, M|item\n|poke|p2|Landorus-Therian, M|item\n|poke|p2|Zapdos|item\n|teampreview\n|inactive|Battle timer is ON: inactive players will automatically lose when time's up. (requested by Therockcena)\n|\n|t:|1628864978\n|start\n|switch|p1a: Charizard|Charizard, F|100\/100\n|switch|p2a: Landorus|Landorus-Therian, M|100\/100\n|-ability|p2a: Landorus|Intimidate|boost\n|-unboost|p1a: Charizard|atk|1\n|turn|1\n|j| Room Trainer 01\n|inactive|Therockcena has 120 seconds left.\n|n| Room Trainer 02|roomtrainer01\n|l| Room Trainer 02\n|\n|t:|1628865019\n|detailschange|p1a: Charizard|Charizard-Mega-Y, F\n|-mega|p1a: Charizard|Charizard|Charizardite Y\n|-weather|SunnyDay|[from] ability: Drought|[of] p1a: Charizard\n|move|p2a: Landorus|Stone Edge|p1a: Charizard|[miss]\n|-miss|p2a: Landorus|p1a: Charizard\n|move|p1a: Charizard|Flamethrower|p2a: Landorus\n|-damage|p2a: Landorus|0 fnt\n|faint|p2a: Landorus\n|\n|-weather|SunnyDay|[upkeep]\n|upkeep\n|n|!MattyGuy|mattyguy\n|\n|t:|1628865032\n|switch|p2a: Tyranitar|Tyranitar, M|100\/100\n|-weather|Sandstorm|[from] ability: Sand Stream|[of] p2a: Tyranitar\n|turn|2\n|\n|t:|1628865037\n|-activate|p1a: Charizard|move: Pursuit\n|move|p2a: Tyranitar|Pursuit|p1a: Charizard|[from]Pursuit\n|-damage|p1a: Charizard|30\/100\n|switch|p1a: Landorus|Landorus-Therian, M|100\/100\n|-ability|p1a: Landorus|Intimidate|boost\n|-unboost|p2a: Tyranitar|atk|1\n|\n|-weather|Sandstorm|[upkeep]\n|upkeep\n|turn|3\n|\n|t:|1628865045\n|move|p1a: Landorus|U-turn|p2a: Tyranitar\n|-supereffective|p2a: Tyranitar\n|-damage|p2a: Tyranitar|61\/100\n|\n|t:|1628865049\n|switch|p1a: Tornadus|Tornadus-Therian, M|100\/100|[from]move: U-turn\n|move|p2a: Tyranitar|Ice Beam|p1a: Tornadus\n|-supereffective|p1a: Tornadus\n|-damage|p1a: Tornadus|57\/100\n|\n|-weather|Sandstorm|[upkeep]\n|-damage|p1a: Tornadus|51\/100|[from] Sandstorm\n|-heal|p1a: Tornadus|57\/100|[from] item: Leftovers\n|upkeep\n|turn|4\n|\n|t:|1628865058\n|switch|p1a: Landorus|Landorus-Therian, M|100\/100\n|-ability|p1a: Landorus|Intimidate|boost\n|-unboost|p2a: Tyranitar|atk|1\n|switch|p2a: Ferrothorn|Ferrothorn, M|100\/100\n|\n|-weather|Sandstorm|[upkeep]\n|upkeep\n|turn|5\n|\n|t:|1628865066\n|switch|p1a: Charizard|Charizard-Mega-Y, F|30\/100\n|-weather|SunnyDay|[from] ability: Drought|[of] p1a: Charizard\n|move|p2a: Ferrothorn|Stealth Rock|p1a: Charizard\n|-sidestart|p1: Therockcena|move: Stealth Rock\n|\n|-weather|SunnyDay|[upkeep]\n|upkeep\n|turn|6\n|\n|t:|1628865075\n|switch|p2a: Tyranitar|Tyranitar, M|61\/100\n|-weather|Sandstorm|[from] ability: Sand Stream|[of] p2a: Tyranitar\n|move|p1a: Charizard|Flamethrower|p2a: Tyranitar\n|-resisted|p2a: Tyranitar\n|-damage|p2a: Tyranitar|44\/100\n|\n|-weather|Sandstorm|[upkeep]\n|-damage|p1a: Charizard|24\/100|[from] Sandstorm\n|upkeep\n|turn|7\n|\n|t:|1628865084\n|move|p1a: Charizard|Hidden Power|p2a: Tyranitar\n|-supereffective|p2a: Tyranitar\n|-damage|p2a: Tyranitar|13\/100\n|move|p2a: Tyranitar|Pursuit|p1a: Charizard\n|-damage|p1a: Charizard|0 fnt\n|faint|p1a: Charizard\n|\n|-weather|Sandstorm|[upkeep]\n|upkeep\n|\n|t:|1628865090\n|switch|p1a: Landorus|Landorus-Therian, M|100\/100\n|-damage|p1a: Landorus|88\/100|[from] Stealth Rock\n|-ability|p1a: Landorus|Intimidate|boost\n|-unboost|p2a: Tyranitar|atk|1\n|turn|8\n|\n|t:|1628865095\n|switch|p2a: Ferrothorn|Ferrothorn, M|100\/100\n|move|p1a: Landorus|U-turn|p2a: Ferrothorn\n|-damage|p2a: Ferrothorn|83\/100\n|-damage|p1a: Landorus|76\/100|[from] ability: Iron Barbs|[of] p2a: Ferrothorn\n|\n|t:|1628865099\n|switch|p1a: Tornadus|Tornadus-Therian, M|90\/100|[from]move: U-turn\n|-damage|p1a: Tornadus|65\/100|[from] Stealth Rock\n|\n|-weather|Sandstorm|[upkeep]\n|-damage|p1a: Tornadus|59\/100|[from] Sandstorm\n|-heal|p1a: Tornadus|65\/100|[from] item: Leftovers\n|-heal|p2a: Ferrothorn|89\/100|[from] item: Leftovers\n|upkeep\n|turn|9\n|\n|t:|1628865109\n|move|p1a: Tornadus|Defog|p2a: Ferrothorn\n|-unboost|p2a: Ferrothorn|evasion|1\n|-sideend|p1: Therockcena|Stealth Rock|[from] move: Defog|[of] p1a: Tornadus\n|move|p2a: Ferrothorn|Knock Off|p1a: Tornadus\n|-damage|p1a: Tornadus|41\/100\n|-enditem|p1a: Tornadus|Leftovers|[from] move: Knock Off|[of] p2a: Ferrothorn\n|\n|-weather|Sandstorm|[upkeep]\n|-damage|p1a: Tornadus|35\/100|[from] Sandstorm\n|-heal|p2a: Ferrothorn|95\/100|[from] item: Leftovers\n|upkeep\n|turn|10\n|inactive|Therockcena has 120 seconds left.\n|\n|t:|1628865154\n|switch|p1a: Victini|Victini|100\/100\n|move|p2a: Ferrothorn|Stealth Rock|p1a: Victini\n|-sidestart|p1: Therockcena|move: Stealth Rock\n|\n|-weather|Sandstorm|[upkeep]\n|-damage|p1a: Victini|94\/100|[from] Sandstorm\n|-heal|p2a: Ferrothorn|100\/100|[from] item: Leftovers\n|upkeep\n|turn|11\n|\n|t:|1628865165\n|move|p1a: Victini|V-create|p2a: Ferrothorn\n|-supereffective|p2a: Ferrothorn\n|-damage|p2a: Ferrothorn|0 fnt\n|-unboost|p1a: Victini|spe|1\n|-unboost|p1a: Victini|def|1\n|-unboost|p1a: Victini|spd|1\n|-damage|p1a: Victini|82\/100|[from] ability: Iron Barbs|[of] p2a: Ferrothorn\n|faint|p2a: Ferrothorn\n|\n|-weather|Sandstorm|[upkeep]\n|-damage|p1a: Victini|76\/100|[from] Sandstorm\n|upkeep\n|\n|t:|1628865174\n|switch|p2a: Excadrill|Excadrill, M|100\/100\n|turn|12\n|inactive|Therockcena has 120 seconds left.\n|\n|t:|1628865202\n|switch|p1a: Landorus|Landorus-Therian, M|76\/100\n|-damage|p1a: Landorus|64\/100|[from] Stealth Rock\n|-ability|p1a: Landorus|Intimidate|boost\n|-unboost|p2a: Excadrill|atk|1\n|move|p2a: Excadrill|Swords Dance|p2a: Excadrill\n|-boost|p2a: Excadrill|atk|2\n|\n|-weather|Sandstorm|[upkeep]\n|-heal|p1a: Landorus|70\/100|[from] item: Leftovers\n|upkeep\n|turn|13\n|\n|t:|1628865212\n|move|p2a: Excadrill|Iron Head|p1a: Landorus\n|-damage|p1a: Landorus|1\/100\n|-damage|p2a: Excadrill|91\/100|[from] item: Life Orb\n|move|p1a: Landorus|Earthquake|p2a: Excadrill\n|-supereffective|p2a: Excadrill\n|-damage|p2a: Excadrill|0 fnt\n|faint|p2a: Excadrill\n|\n|-weather|none\n|-heal|p1a: Landorus|7\/100|[from] item: Leftovers\n|upkeep\n|\n|t:|1628865227\n|switch|p2a: Zapdos|Zapdos|100\/100\n|-ability|p2a: Zapdos|Pressure\n|turn|14\n|\n|t:|1628865231\n|move|p2a: Zapdos|Volt Switch|p1a: Landorus\n|-immune|p1a: Landorus\n|move|p1a: Landorus|Toxic|p2a: Zapdos\n|-status|p2a: Zapdos|tox\n|\n|-heal|p1a: Landorus|13\/100|[from] item: Leftovers\n|-damage|p2a: Zapdos|94\/100 tox|[from] psn\n|upkeep\n|turn|15\n|-message|MattyGuy forfeited.\n|\n|win|Therockcena\n|l|!MattyGuy\n|raw|Therockcena's rating: 1394 &rarr; <strong>1418<\/strong><br \/>(+24 for winning)\n|raw|MattyGuy's rating: 1458 &rarr; <strong>1434<\/strong><br \/>(-24 for losing)\n||Ladder isn't responding, score probably updated but might not have (Request timeout).\n","uploadtime":1628865028,"views":0,"p1id":"therockcena","p2id":"mattyguy","formatid":"gen7ou","rating":1418,"private":0,"password":null}