{"id":"gen7anythinggoes-1691833919","p1":"yokobaby","p2":"A Bread Sandwich","format":"gen7anythinggoes","log":"|j|\u2606yokobaby\n|j|\u2606A Bread Sandwich\n|inactive|Battle timer is ON: inactive players will automatically lose when time's up.\n|t:|1666413394\n|gametype|singles\n|player|p1|yokobaby|cynthia-masters|\n|player|p2|A Bread Sandwich|swimmer-gen7|\n|teamsize|p1|6\n|teamsize|p2|6\n|gen|7\n|tier|[Gen 7] Anything Goes\n|rated|Tournament battle\n|rule|HP Percentage Mod: HP is shown in percentages\n|rule|Endless Battle Clause: Forcing endless battles is banned\n|clearpoke\n|poke|p1|Deoxys-Speed|item\n|poke|p1|Arceus-*|item\n|poke|p1|Arceus-*|item\n|poke|p1|Arceus-*|item\n|poke|p1|Groudon|item\n|poke|p1|Rayquaza|item\n|poke|p2|Arceus-*|item\n|poke|p2|Aerodactyl, F|item\n|poke|p2|Smeargle, M|item\n|poke|p2|Smeargle, M|item\n|poke|p2|Xerneas-*|item\n|poke|p2|Rayquaza|item\n|teampreview\n|j| Karlaaaaaa\n|j| AGLT5TX poke\n|\n|t:|1666413402\n|start\n|switch|p1a: \u86c7\u874e|Deoxys-Speed|100\/100\n|switch|p2a: Aerodactyl|Aerodactyl, F|100\/100\n|-ability|p1a: \u86c7\u874e|Pressure\n|-ability|p2a: Aerodactyl|Pressure\n|turn|1\n|\n|t:|1666413407\n|move|p1a: \u86c7\u874e|Taunt|p2a: Aerodactyl\n|-start|p2a: Aerodactyl|move: Taunt\n|move|p2a: Aerodactyl|Rock Tomb|p1a: \u86c7\u874e\n|-damage|p1a: \u86c7\u874e|80\/100\n|-unboost|p1a: \u86c7\u874e|spe|1\n|\n|upkeep\n|turn|2\n|\n|t:|1666413412\n|move|p2a: Aerodactyl|Rock Tomb|p1a: \u86c7\u874e\n|-damage|p1a: \u86c7\u874e|58\/100\n|-unboost|p1a: \u86c7\u874e|spe|1\n|move|p1a: \u86c7\u874e|Spikes|p2a: Aerodactyl\n|-sidestart|p2: A Bread Sandwich|Spikes\n|\n|upkeep\n|turn|3\n|\n|t:|1666413416\n|move|p2a: Aerodactyl|Rock Tomb|p1a: \u86c7\u874e\n|-damage|p1a: \u86c7\u874e|36\/100\n|-unboost|p1a: \u86c7\u874e|spe|1\n|move|p1a: \u86c7\u874e|Reflect|p1a: \u86c7\u874e\n|-sidestart|p1: yokobaby|Reflect\n|\n|-end|p2a: Aerodactyl|move: Taunt\n|upkeep\n|turn|4\n|\n|t:|1666413421\n|move|p2a: Aerodactyl|Taunt|p1a: \u86c7\u874e\n|-start|p1a: \u86c7\u874e|move: Taunt\n|cant|p1a: \u86c7\u874e|move: Taunt|Taunt\n|\n|upkeep\n|turn|5\n|\n|t:|1666413429\n|switch|p1a: \u91d1\u525b|Arceus|100\/100\n|move|p2a: Aerodactyl|Defog|p1a: \u91d1\u525b\n|-unboost|p1a: \u91d1\u525b|evasion|1\n|-sideend|p1: yokobaby|Reflect\n|-sideend|p2: A Bread Sandwich|Spikes|[from] move: Defog|[of] p2a: Aerodactyl\n|\n|upkeep\n|turn|6\n|j| Genki dashite yo\n|\n|t:|1666413442\n|switch|p1a: \u86c7\u874e|Deoxys-Speed|36\/100\n|-ability|p1a: \u86c7\u874e|Pressure\n|move|p2a: Aerodactyl|Taunt|p1a: \u86c7\u874e\n|-start|p1a: \u86c7\u874e|move: Taunt\n|\n|upkeep\n|turn|7\n|\n|t:|1666413446\n|switch|p1a: \u91d1\u525b|Arceus|100\/100\n|move|p2a: Aerodactyl|Stealth Rock|p1a: \u91d1\u525b\n|-sidestart|p1: yokobaby|move: Stealth Rock\n|\n|upkeep\n|turn|8\n|\n|t:|1666413458\n|move|p2a: Aerodactyl|Taunt|p1a: \u91d1\u525b\n|-start|p1a: \u91d1\u525b|move: Taunt\n|move|p1a: \u91d1\u525b|Shadow Claw|p2a: Aerodactyl\n|-damage|p2a: Aerodactyl|68\/100\n|\n|upkeep\n|turn|9\n|\n|t:|1666413463\n|switch|p1a: \u86c7\u874e|Deoxys-Speed|36\/100\n|-damage|p1a: \u86c7\u874e|24\/100|[from] Stealth Rock\n|-ability|p1a: \u86c7\u874e|Pressure\n|move|p2a: Aerodactyl|Rock Tomb|p1a: \u86c7\u874e\n|-damage|p1a: \u86c7\u874e|4\/100\n|-unboost|p1a: \u86c7\u874e|spe|1\n|\n|upkeep\n|turn|10\n|\n|t:|1666413469\n|move|p2a: Aerodactyl|Rock Tomb|p1a: \u86c7\u874e\n|-damage|p1a: \u86c7\u874e|0 fnt\n|faint|p1a: \u86c7\u874e\n|\n|upkeep\n|\n|t:|1666413476\n|switch|p1a: \u6234\u5929|Arceus-Ground|100\/100\n|-damage|p1a: \u6234\u5929|94\/100|[from] Stealth Rock\n|turn|11\n|\n|t:|1666413480\n|move|p2a: Aerodactyl|Taunt|p1a: \u6234\u5929\n|-start|p1a: \u6234\u5929|move: Taunt\n|move|p1a: \u6234\u5929|Stone Edge|p2a: Aerodactyl\n|-supereffective|p2a: Aerodactyl\n|-damage|p2a: Aerodactyl|0 fnt\n|faint|p2a: Aerodactyl\n|\n|upkeep\n|\n|t:|1666413483\n|switch|p2a: Smeargle|Smeargle, M|100\/100\n|turn|12\n|\n|t:|1666413486\n|switch|p1a: \u4e0d\u60e7|Arceus-Fairy|100\/100\n|-damage|p1a: \u4e0d\u60e7|88\/100|[from] Stealth Rock\n|move|p2a: Smeargle|Spore|p1a: \u4e0d\u60e7\n|-status|p1a: \u4e0d\u60e7|slp|[from] move: Spore\n|\n|-ability|p2a: Smeargle|Moody|boost\n|-boost|p2a: Smeargle|def|2\n|-unboost|p2a: Smeargle|accuracy|1\n|upkeep\n|turn|13\n|\n|t:|1666413490\n|cant|p1a: \u4e0d\u60e7|slp\n|move|p2a: Smeargle|Sticky Web|p1a: \u4e0d\u60e7\n|-sidestart|p1: yokobaby|move: Sticky Web\n|\n|-ability|p2a: Smeargle|Moody|boost\n|-boost|p2a: Smeargle|atk|2\n|-unboost|p2a: Smeargle|accuracy|1\n|upkeep\n|turn|14\n|\n|t:|1666413492\n|move|p2a: Smeargle|Baton Pass|p2a: Smeargle\n|\n|t:|1666413495\n|switch|p2a: Arceus|Arceus|100\/100|[from]move: Baton Pass\n|cant|p1a: \u4e0d\u60e7|slp\n|\n|upkeep\n|turn|15\n|\n|t:|1666413497\n|-zpower|p2a: Arceus\n|move|p2a: Arceus|Z-Swords Dance|p2a: Arceus|[anim]Swords Dance\n|-clearnegativeboost|p2a: Arceus|[zeffect]\n|-boost|p2a: Arceus|atk|2\n|-curestatus|p1a: \u4e0d\u60e7|slp|[msg]\n|move|p1a: \u4e0d\u60e7|Roar|p2a: Arceus\n|drag|p2a: Xerneas|Xerneas|100\/100\n|-ability|p2a: Xerneas|Fairy Aura\n|\n|upkeep\n|turn|16\n|\n|t:|1666413506\n|move|p1a: \u4e0d\u60e7|Stealth Rock|p2a: Xerneas\n|-sidestart|p2: A Bread Sandwich|move: Stealth Rock\n|move|p2a: Xerneas|Moonblast|p1a: \u4e0d\u60e7\n|-damage|p1a: \u4e0d\u60e7|35\/100\n|\n|upkeep\n|turn|17\n|\n|t:|1666413510\n|move|p2a: Xerneas|Moonblast|p1a: \u4e0d\u60e7\n|-damage|p1a: \u4e0d\u60e7|0 fnt\n|faint|p1a: \u4e0d\u60e7\n|\n|upkeep\n|\n|t:|1666413514\n|switch|p1a: \u6234\u5929|Arceus-Ground|94\/100\n|-damage|p1a: \u6234\u5929|88\/100|[from] Stealth Rock\n|-activate|p1a: \u6234\u5929|move: Sticky Web\n|-unboost|p1a: \u6234\u5929|spe|1\n|turn|18\n|\n|t:|1666413517\n|move|p2a: Xerneas|Geomancy||[still]\n|-prepare|p2a: Xerneas|Geomancy\n|-enditem|p2a: Xerneas|Power Herb\n|-anim|p2a: Xerneas|Geomancy|p2a: Xerneas\n|-boost|p2a: Xerneas|spa|2\n|-boost|p2a: Xerneas|spd|2\n|-boost|p2a: Xerneas|spe|2\n|-zpower|p1a: \u6234\u5929\n|move|p1a: \u6234\u5929|Tectonic Rage|p2a: Xerneas|[zeffect]\n|-damage|p2a: Xerneas|21\/100\n|\n|upkeep\n|turn|19\n|\n|t:|1666413522\n|move|p2a: Xerneas|Moonblast|p1a: \u6234\u5929\n|-damage|p1a: \u6234\u5929|0 fnt\n|faint|p1a: \u6234\u5929\n|\n|upkeep\n|\n|t:|1666413526\n|switch|p1a: \u91d1\u525b|Arceus|100\/100\n|-damage|p1a: \u91d1\u525b|88\/100|[from] Stealth Rock\n|-activate|p1a: \u91d1\u525b|move: Sticky Web\n|-unboost|p1a: \u91d1\u525b|spe|1\n|turn|20\n|\n|t:|1666413531\n|move|p1a: \u91d1\u525b|Extreme Speed|p2a: Xerneas\n|-damage|p2a: Xerneas|0 fnt\n|faint|p2a: Xerneas\n|\n|upkeep\n|\n|t:|1666413535\n|switch|p2a: Arceus|Arceus|100\/100\n|-damage|p2a: Arceus|88\/100|[from] Stealth Rock\n|turn|21\n|\n|t:|1666413539\n|move|p2a: Arceus|Swords Dance|p2a: Arceus\n|-boost|p2a: Arceus|atk|2\n|move|p1a: \u91d1\u525b|Swords Dance|p1a: \u91d1\u525b\n|-boost|p1a: \u91d1\u525b|atk|2\n|\n|upkeep\n|turn|22\n|\n|t:|1666413541\n|move|p2a: Arceus|Extreme Speed|p1a: \u91d1\u525b\n|-damage|p1a: \u91d1\u525b|30\/100\n|move|p1a: \u91d1\u525b|Extreme Speed|p2a: Arceus\n|-damage|p2a: Arceus|19\/100\n|\n|upkeep\n|turn|23\n|\n|t:|1666413545\n|move|p2a: Arceus|Extreme Speed|p1a: \u91d1\u525b\n|-damage|p1a: \u91d1\u525b|0 fnt\n|faint|p1a: \u91d1\u525b\n|\n|upkeep\n|\n|t:|1666413548\n|switch|p1a: \u9802\u7d4c|Groudon|100\/100\n|-damage|p1a: \u9802\u7d4c|94\/100|[from] Stealth Rock\n|-activate|p1a: \u9802\u7d4c|move: Sticky Web\n|-unboost|p1a: \u9802\u7d4c|spe|1\n|detailschange|p1a: \u9802\u7d4c|Groudon-Primal\n|-primal|p1a: \u9802\u7d4c\n|-weather|DesolateLand|[from] ability: Desolate Land|[of] p1a: \u9802\u7d4c\n|turn|24\n|\n|t:|1666413554\n|move|p2a: Arceus|Earthquake|p1a: \u9802\u7d4c\n|-supereffective|p1a: \u9802\u7d4c\n|-damage|p1a: \u9802\u7d4c|0 fnt\n|faint|p1a: \u9802\u7d4c\n|-weather|none\n|\n|upkeep\n|\n|t:|1666413556\n|switch|p1a: \u738b\u9855|Rayquaza|100\/100\n|-damage|p1a: \u738b\u9855|76\/100|[from] Stealth Rock\n|-ability|p1a: \u738b\u9855|Air Lock\n|turn|25\n|\n|t:|1666413559\n|detailschange|p1a: \u738b\u9855|Rayquaza-Mega\n|-mega|p1a: \u738b\u9855|Rayquaza|\n|-weather|DeltaStream|[from] ability: Delta Stream|[of] p1a: \u738b\u9855\n|move|p2a: Arceus|Extreme Speed|p1a: \u738b\u9855\n|-damage|p1a: \u738b\u9855|0 fnt\n|faint|p1a: \u738b\u9855\n|-weather|none\n|\n|win|A Bread Sandwich\n|n|\u2606yokobaby|yokobaby\n|n|\u2606A Bread Sandwich|abreadsandwich\n|n| Karlaaaaaa|karlaaaaaa\n|n| AGLT5TX poke|aglt5txpoke\n|n| Genki dashite yo|genkidashiteyo\n","uploadtime":1666413560,"views":11,"p1id":"yokobaby","p2id":"abreadsandwich","formatid":"gen7anythinggoes","rating":0,"private":0,"password":null}