{"id":"gen7ou-1698980504","p1":"Lucians Call","p2":"Misterioussaint","format":"gen7ou","log":"|j|\u2606Lucians Call\n|j|\u2606Misterioussaint\n|t:|1667180199\n|gametype|singles\n|player|p1|Lucians Call|furisodegirl-blue|\n|player|p2|Misterioussaint|furisodegirl-black|\n|teamsize|p1|6\n|teamsize|p2|6\n|gen|7\n|tier|[Gen 7] OU\n|rule|Sleep Clause Mod: Limit one foe put to sleep\n|rule|Species Clause: Limit one of each Pok\u00e9mon\n|rule|OHKO Clause: OHKO moves are banned\n|rule|Moody Clause: Moody is banned\n|rule|Evasion Items Clause: Evasion items are banned\n|rule|Evasion Moves Clause: Evasion moves are banned\n|rule|Endless Battle Clause: Forcing endless battles is banned\n|rule|HP Percentage Mod: HP is shown in percentages\n|clearpoke\n|poke|p1|Kyurem-Black|item\n|poke|p1|Houndoom, F|item\n|poke|p1|Tapu Lele|item\n|poke|p1|Ferrothorn, F|item\n|poke|p1|Landorus-Therian, M|item\n|poke|p1|Jirachi|item\n|poke|p2|Charizard, F|item\n|poke|p2|Volcarona, M|item\n|poke|p2|Gastrodon, M|item\n|poke|p2|Heatran, M|item\n|poke|p2|Tornadus-Therian, M|item\n|poke|p2|Landorus-Therian, M|item\n|teampreview\n|inactive|Battle timer is ON: inactive players will automatically lose when time's up. (requested by Lucians Call)\n|\n|t:|1667180227\n|start\n|switch|p1a: Ferrothorn|Ferrothorn, F|100\/100\n|switch|p2a: Charizard|Charizard, F|100\/100\n|turn|1\n|\n|t:|1667180238\n|switch|p1a: Houndoom|Houndoom, F|100\/100\n|detailschange|p2a: Charizard|Charizard-Mega-Y, F\n|-mega|p2a: Charizard|Charizard|Charizardite Y\n|-weather|SunnyDay|[from] ability: Drought|[of] p2a: Charizard\n|move|p2a: Charizard|Fire Blast|p1a: Houndoom\n|-start|p1a: Houndoom|ability: Flash Fire\n|\n|-weather|SunnyDay|[upkeep]\n|upkeep\n|turn|2\n|\n|t:|1667180243\n|detailschange|p1a: Houndoom|Houndoom-Mega, F\n|-mega|p1a: Houndoom|Houndoom|Houndoominite\n|-end|p1a: Houndoom|ability: Flash Fire|[silent]\n|move|p1a: Houndoom|Dark Pulse|p2a: Charizard\n|-damage|p2a: Charizard|36\/100\n|move|p2a: Charizard|Focus Blast|p1a: Houndoom|[miss]\n|-miss|p2a: Charizard|p1a: Houndoom\n|\n|-weather|SunnyDay|[upkeep]\n|-damage|p1a: Houndoom|88\/100|[from] ability: Solar Power|[of] p1a: Houndoom\n|upkeep\n|turn|3\n|\n|t:|1667180249\n|move|p1a: Houndoom|Dark Pulse|p2a: Charizard\n|-damage|p2a: Charizard|0 fnt\n|faint|p2a: Charizard\n|\n|-weather|SunnyDay|[upkeep]\n|-damage|p1a: Houndoom|76\/100|[from] ability: Solar Power|[of] p1a: Houndoom\n|upkeep\n|\n|t:|1667180251\n|switch|p2a: Tornadus|Tornadus-Therian, M|100\/100\n|turn|4\n|\n|t:|1667180256\n|move|p2a: Tornadus|Air Slash|p1a: Houndoom\n|-crit|p1a: Houndoom\n|-damage|p1a: Houndoom|25\/100\n|cant|p1a: Houndoom|flinch\n|\n|-weather|SunnyDay|[upkeep]\n|-damage|p1a: Houndoom|13\/100|[from] ability: Solar Power|[of] p1a: Houndoom\n|upkeep\n|turn|5\n|\n|t:|1667180263\n|switch|p1a: Jirachi|Jirachi|100\/100\n|move|p2a: Tornadus|U-turn|p1a: Jirachi\n|-damage|p1a: Jirachi|88\/100\n|\n|t:|1667180265\n|switch|p2a: Volcarona|Volcarona, M|100\/100|[from]move: U-turn\n|\n|-weather|none\n|-heal|p1a: Jirachi|94\/100|[from] item: Leftovers\n|upkeep\n|turn|6\n|\n|t:|1667180267\n|move|p2a: Volcarona|Quiver Dance|p2a: Volcarona\n|-boost|p2a: Volcarona|spa|1\n|-boost|p2a: Volcarona|spd|1\n|-boost|p2a: Volcarona|spe|1\n|move|p1a: Jirachi|Body Slam|p2a: Volcarona\n|-damage|p2a: Volcarona|68\/100\n|-status|p1a: Jirachi|brn|[from] ability: Flame Body|[of] p2a: Volcarona\n|\n|-heal|p1a: Jirachi|99\/100 brn|[from] item: Leftovers\n|-damage|p1a: Jirachi|94\/100 brn|[from] brn\n|upkeep\n|turn|7\n|\n|t:|1667180271\n|move|p2a: Volcarona|Fire Blast|p1a: Jirachi\n|-supereffective|p1a: Jirachi\n|-damage|p1a: Jirachi|0 fnt\n|faint|p1a: Jirachi\n|\n|upkeep\n|\n|t:|1667180276\n|switch|p1a: Landorus|Landorus-Therian, M|100\/100\n|-ability|p1a: Landorus|Intimidate|boost\n|-unboost|p2a: Volcarona|atk|1\n|turn|8\n|\n|t:|1667180278\n|move|p2a: Volcarona|Hidden Power|p1a: Landorus\n|-supereffective|p1a: Landorus\n|-damage|p1a: Landorus|0 fnt\n|faint|p1a: Landorus\n|\n|upkeep\n|\n|t:|1667180282\n|switch|p1a: Kyurem|Kyurem-Black|100\/100\n|-ability|p1a: Kyurem|Teravolt\n|turn|9\n|\n|t:|1667180294\n|switch|p2a: Gastrodon|Gastrodon, M|100\/100\n|switch|p1a: Houndoom|Houndoom-Mega, F|13\/100\n|\n|upkeep\n|turn|10\n|\n|t:|1667180299\n|switch|p1a: Ferrothorn|Ferrothorn, F|100\/100\n|move|p2a: Gastrodon|Earthquake|p1a: Ferrothorn\n|-damage|p1a: Ferrothorn|80\/100\n|\n|-heal|p1a: Ferrothorn|86\/100|[from] item: Leftovers\n|upkeep\n|turn|11\n|\n|t:|1667180303\n|switch|p2a: Volcarona|Volcarona, M|68\/100\n|move|p1a: Ferrothorn|Knock Off|p2a: Volcarona\n|-damage|p2a: Volcarona|46\/100\n|\n|-heal|p1a: Ferrothorn|92\/100|[from] item: Leftovers\n|upkeep\n|turn|12\n|\n|t:|1667180308\n|switch|p1a: Houndoom|Houndoom-Mega, F|13\/100\n|move|p2a: Volcarona|Fire Blast|p1a: Houndoom\n|-resisted|p1a: Houndoom\n|-damage|p1a: Houndoom|0 fnt\n|faint|p1a: Houndoom\n|\n|upkeep\n|\n|t:|1667180311\n|switch|p1a: Tapu Lele|Tapu Lele|100\/100\n|-fieldstart|move: Psychic Terrain|[from] ability: Psychic Surge|[of] p1a: Tapu Lele\n|turn|13\n|\n|t:|1667180316\n|switch|p2a: Gastrodon|Gastrodon, M|100\/100\n|move|p1a: Tapu Lele|Psychic|p2a: Gastrodon\n|-damage|p2a: Gastrodon|56\/100\n|-unboost|p2a: Gastrodon|spd|1\n|\n|-heal|p2a: Gastrodon|62\/100|[from] item: Leftovers\n|upkeep\n|turn|14\n|\n|t:|1667180319\n|switch|p2a: Heatran|Heatran, M|100\/100\n|move|p1a: Tapu Lele|Psychic|p2a: Heatran\n|-resisted|p2a: Heatran\n|-damage|p2a: Heatran|68\/100\n|\n|-heal|p2a: Heatran|75\/100|[from] item: Leftovers\n|upkeep\n|turn|15\n|\n|t:|1667180323\n|move|p1a: Tapu Lele|Psychic|p2a: Heatran\n|-resisted|p2a: Heatran\n|-damage|p2a: Heatran|45\/100\n|-unboost|p2a: Heatran|spd|1\n|move|p2a: Heatran|Stealth Rock|p1a: Tapu Lele\n|-sidestart|p1: Lucians Call|move: Stealth Rock\n|\n|-heal|p2a: Heatran|51\/100|[from] item: Leftovers\n|upkeep\n|turn|16\n|\n|t:|1667180329\n|move|p1a: Tapu Lele|Psychic|p2a: Heatran\n|-resisted|p2a: Heatran\n|-damage|p2a: Heatran|7\/100\n|move|p2a: Heatran|Magma Storm|p1a: Tapu Lele\n|-damage|p1a: Tapu Lele|54\/100\n|-activate|p1a: Tapu Lele|move: Magma Storm|[of] p2a: Heatran\n|\n|-heal|p2a: Heatran|13\/100|[from] item: Leftovers\n|-damage|p1a: Tapu Lele|41\/100|[from] move: Magma Storm|[partiallytrapped]\n|upkeep\n|turn|17\n|\n|t:|1667180336\n|move|p1a: Tapu Lele|Psychic|p2a: Heatran\n|-resisted|p2a: Heatran\n|-damage|p2a: Heatran|0 fnt\n|faint|p2a: Heatran\n|\n|-end|p1a: Tapu Lele|Magma Storm|[partiallytrapped]|[silent]\n|-fieldend|move: Psychic Terrain\n|upkeep\n|\n|t:|1667180341\n|switch|p2a: Landorus|Landorus-Therian, M|100\/100\n|-ability|p2a: Landorus|Intimidate|boost\n|-unboost|p1a: Tapu Lele|atk|1\n|turn|18\n|\n|t:|1667180344\n|switch|p1a: Ferrothorn|Ferrothorn, F|92\/100\n|-damage|p1a: Ferrothorn|86\/100|[from] Stealth Rock\n|move|p2a: Landorus|U-turn|p1a: Ferrothorn\n|-damage|p1a: Ferrothorn|66\/100\n|-damage|p2a: Landorus|88\/100|[from] ability: Iron Barbs|[of] p1a: Ferrothorn\n|\n|t:|1667180346\n|switch|p2a: Volcarona|Volcarona, M|46\/100|[from]move: U-turn\n|\n|-heal|p1a: Ferrothorn|72\/100|[from] item: Leftovers\n|upkeep\n|turn|19\n|\n|t:|1667180351\n|switch|p1a: Tapu Lele|Tapu Lele|41\/100\n|-damage|p1a: Tapu Lele|29\/100|[from] Stealth Rock\n|-fieldstart|move: Psychic Terrain|[from] ability: Psychic Surge|[of] p1a: Tapu Lele\n|move|p2a: Volcarona|Fire Blast|p1a: Tapu Lele\n|-damage|p1a: Tapu Lele|0 fnt\n|faint|p1a: Tapu Lele\n|\n|upkeep\n|\n|t:|1667180353\n|switch|p1a: Kyurem|Kyurem-Black|100\/100\n|-damage|p1a: Kyurem|76\/100|[from] Stealth Rock\n|-ability|p1a: Kyurem|Teravolt\n|turn|20\n|\n|t:|1667180359\n|-zpower|p2a: Volcarona\n|move|p2a: Volcarona|Shattered Psyche|p1a: Kyurem|[zeffect]\n|-damage|p1a: Kyurem|0 fnt\n|faint|p1a: Kyurem\n|\n|upkeep\n|-message|Lucians Call forfeited.\n|\n|win|Misterioussaint\n|l|\u2606Lucians Call\n","uploadtime":1667180373,"views":18,"p1id":"lucianscall","p2id":"misterioussaint","formatid":"gen7ou","rating":0,"private":0,"password":null}