{"id":"gen7ou-1662793148","p1":"JooshP","p2":"Vive Immortale","format":"gen7ou","log":"|j|\u2606JooshP\n|j|\u2606Vive Immortale\n|inactive|Battle timer is ON: inactive players will automatically lose when time's up.\n|t:|1663024745\n|gametype|singles\n|player|p1|JooshP|red|\n|player|p2|Vive Immortale|mallow|\n|teamsize|p1|6\n|teamsize|p2|6\n|gen|7\n|tier|[Gen 7] OU\n|rated|Tournament battle\n|rule|Sleep Clause Mod: Limit one foe put to sleep\n|rule|Species Clause: Limit one of each Pok\u00e9mon\n|rule|OHKO Clause: OHKO moves are banned\n|rule|Moody Clause: Moody is banned\n|rule|Evasion Items Clause: Evasion items are banned\n|rule|Evasion Moves Clause: Evasion moves are banned\n|rule|Endless Battle Clause: Forcing endless battles is banned\n|rule|HP Percentage Mod: HP is shown in percentages\n|clearpoke\n|poke|p1|Magearna|item\n|poke|p1|Landorus-Therian, M|item\n|poke|p1|Mew|item\n|poke|p1|Tapu Lele|item\n|poke|p1|Toxapex, F|item\n|poke|p1|Kartana|item\n|poke|p2|Landorus-Therian, M|item\n|poke|p2|Tapu Koko|item\n|poke|p2|Hawlucha, M|item\n|poke|p2|Magearna|item\n|poke|p2|Medicham, M|item\n|poke|p2|Kyurem-Black|item\n|teampreview\n|j|*Lady Monita\n|j| emeric16\n|c|\u2606Vive Immortale|hf\n|inactive|JooshP has 120 seconds left.\n|inactive|Vive Immortale has 120 seconds left.\n|j| Nike2012\n|\n|t:|1663024804\n|start\n|switch|p1a: Mew|Mew|100\/100\n|switch|p2a: Magearna|Magearna|100\/100\n|turn|1\n|j| Tennia\n|\n|t:|1663024807\n|move|p1a: Mew|Will-O-Wisp|p2a: Magearna\n|-status|p2a: Magearna|brn\n|move|p2a: Magearna|Volt Switch|p1a: Mew\n|-damage|p1a: Mew|77\/100\n|\n|t:|1663024816\n|switch|p2a: Tapu Koko|Tapu Koko|100\/100|[from]move: Volt Switch\n|-fieldstart|move: Electric Terrain|[from] ability: Electric Surge|[of] p2a: Tapu Koko\n|\n|-heal|p1a: Mew|84\/100|[from] item: Leftovers\n|upkeep\n|turn|2\n|\n|t:|1663024822\n|move|p2a: Tapu Koko|Thunderbolt|p1a: Mew\n|-damage|p1a: Mew|14\/100\n|move|p1a: Mew|Roost|p1a: Mew\n|-heal|p1a: Mew|65\/100\n|-singleturn|p1a: Mew|move: Roost\n|\n|-heal|p1a: Mew|71\/100|[from] item: Leftovers\n|upkeep\n|turn|3\n|\n|t:|1663024825\n|switch|p1a: Landorus|Landorus-Therian, M|100\/100\n|-ability|p1a: Landorus|Intimidate|boost\n|-unboost|p2a: Tapu Koko|atk|1\n|move|p2a: Tapu Koko|Thunderbolt|p1a: Landorus\n|-immune|p1a: Landorus\n|\n|upkeep\n|turn|4\n|\n|t:|1663024831\n|switch|p2a: Landorus|Landorus-Therian, M|100\/100\n|-ability|p2a: Landorus|Intimidate|boost\n|-unboost|p1a: Landorus|atk|1\n|move|p1a: Landorus|Hidden Power|p2a: Landorus\n|-supereffective|p2a: Landorus\n|-damage|p2a: Landorus|44\/100\n|\n|upkeep\n|turn|5\n|\n|t:|1663024835\n|switch|p2a: Kyurem|Kyurem-Black|100\/100\n|-ability|p2a: Kyurem|Teravolt\n|move|p1a: Landorus|Stealth Rock|p2a: Kyurem\n|-sidestart|p2: Vive Immortale|move: Stealth Rock\n|\n|-fieldend|move: Electric Terrain\n|upkeep\n|turn|6\n|\n|t:|1663024842\n|switch|p1a: Magearna|Magearna|100\/100\n|move|p2a: Kyurem|Ice Beam|p1a: Magearna\n|-resisted|p1a: Magearna\n|-damage|p1a: Magearna|93\/100\n|\n|upkeep\n|turn|7\n|\n|t:|1663024852\n|switch|p2a: Magearna|Magearna|100\/100 brn\n|-damage|p2a: Magearna|94\/100 brn|[from] Stealth Rock\n|move|p1a: Magearna|Fleur Cannon|p2a: Magearna\n|-resisted|p2a: Magearna\n|-damage|p2a: Magearna|78\/100 brn\n|-unboost|p1a: Magearna|spa|2\n|\n|-damage|p2a: Magearna|72\/100 brn|[from] brn\n|upkeep\n|turn|8\n|\n|t:|1663024858\n|move|p2a: Magearna|Ice Beam|p1a: Magearna\n|-resisted|p1a: Magearna\n|-damage|p1a: Magearna|85\/100\n|-status|p1a: Magearna|frz\n|cant|p1a: Magearna|frz\n|\n|-damage|p2a: Magearna|66\/100 brn|[from] brn\n|upkeep\n|turn|9\n|\n|t:|1663024862\n|move|p2a: Magearna|Volt Switch|p1a: Magearna\n|-damage|p1a: Magearna|73\/100 frz\n|\n|t:|1663024867\n|switch|p2a: Medicham|Medicham, M|100\/100|[from]move: Volt Switch\n|-damage|p2a: Medicham|94\/100|[from] Stealth Rock\n|cant|p1a: Magearna|frz\n|\n|upkeep\n|turn|10\n|\n|t:|1663024872\n|switch|p1a: Landorus|Landorus-Therian, M|100\/100\n|-ability|p1a: Landorus|Intimidate|boost\n|-unboost|p2a: Medicham|atk|1\n|detailschange|p2a: Medicham|Medicham-Mega, M\n|-mega|p2a: Medicham|Medicham|Medichamite\n|move|p2a: Medicham|High Jump Kick|p1a: Landorus\n|-resisted|p1a: Landorus\n|-damage|p1a: Landorus|73\/100\n|-damage|p2a: Medicham|78\/100|[from] item: Rocky Helmet|[of] p1a: Landorus\n|\n|upkeep\n|turn|11\n|\n|t:|1663024876\n|switch|p2a: Landorus|Landorus-Therian, M|44\/100\n|-damage|p2a: Landorus|31\/100|[from] Stealth Rock\n|-ability|p2a: Landorus|Intimidate|boost\n|-unboost|p1a: Landorus|atk|1\n|switch|p1a: Toxapex|Toxapex, F|100\/100\n|\n|upkeep\n|turn|12\n|\n|t:|1663024879\n|switch|p1a: Landorus|Landorus-Therian, M|73\/100\n|-ability|p1a: Landorus|Intimidate|boost\n|-unboost|p2a: Landorus|atk|1\n|move|p2a: Landorus|Stealth Rock|p1a: Landorus\n|-sidestart|p1: JooshP|move: Stealth Rock\n|\n|upkeep\n|turn|13\n|\n|t:|1663024883\n|move|p1a: Landorus|Hidden Power|p2a: Landorus\n|-supereffective|p2a: Landorus\n|-damage|p2a: Landorus|0 fnt\n|faint|p2a: Landorus\n|\n|upkeep\n|\n|t:|1663024889\n|switch|p2a: Kyurem|Kyurem-Black|100\/100\n|-damage|p2a: Kyurem|76\/100|[from] Stealth Rock\n|-ability|p2a: Kyurem|Teravolt\n|turn|14\n|\n|t:|1663024895\n|switch|p1a: Magearna|Magearna|73\/100 frz\n|-damage|p1a: Magearna|67\/100 frz|[from] Stealth Rock\n|move|p2a: Kyurem|Fusion Bolt|p1a: Magearna\n|-damage|p1a: Magearna|31\/100 frz\n|\n|upkeep\n|turn|15\n|\n|t:|1663024898\n|move|p2a: Kyurem|Fusion Bolt|p1a: Magearna\n|-damage|p1a: Magearna|0 fnt\n|faint|p1a: Magearna\n|\n|upkeep\n|\n|t:|1663024903\n|switch|p1a: Tapu Lele|Tapu Lele|100\/100\n|-damage|p1a: Tapu Lele|88\/100|[from] Stealth Rock\n|-fieldstart|move: Psychic Terrain|[from] ability: Psychic Surge|[of] p1a: Tapu Lele\n|turn|16\n|\n|t:|1663024906\n|move|p1a: Tapu Lele|Moonblast|p2a: Kyurem\n|-supereffective|p2a: Kyurem\n|-damage|p2a: Kyurem|0 fnt\n|faint|p2a: Kyurem\n|\n|upkeep\n|\n|t:|1663024909\n|switch|p2a: Magearna|Magearna|66\/100 brn\n|-damage|p2a: Magearna|60\/100 brn|[from] Stealth Rock\n|turn|17\n|\n|t:|1663024915\n|switch|p1a: Mew|Mew|71\/100\n|-damage|p1a: Mew|58\/100|[from] Stealth Rock\n|move|p2a: Magearna|Ice Beam|p1a: Mew\n|-damage|p1a: Mew|28\/100\n|\n|-heal|p1a: Mew|34\/100|[from] item: Leftovers\n|-damage|p2a: Magearna|53\/100 brn|[from] brn\n|upkeep\n|turn|18\n|\n|t:|1663024918\n|move|p1a: Mew|Roost|p1a: Mew\n|-heal|p1a: Mew|84\/100\n|-singleturn|p1a: Mew|move: Roost\n|move|p2a: Magearna|Volt Switch|p1a: Mew\n|-damage|p1a: Mew|62\/100\n|\n|t:|1663024921\n|switch|p2a: Tapu Koko|Tapu Koko|100\/100|[from]move: Volt Switch\n|-damage|p2a: Tapu Koko|88\/100|[from] Stealth Rock\n|-fieldstart|move: Electric Terrain|[from] ability: Electric Surge|[of] p2a: Tapu Koko\n|\n|-heal|p1a: Mew|68\/100|[from] item: Leftovers\n|upkeep\n|turn|19\n|\n|t:|1663024932\n|move|p2a: Tapu Koko|Dazzling Gleam|p1a: Mew\n|-damage|p1a: Mew|26\/100\n|move|p1a: Mew|Earth Power|p2a: Tapu Koko\n|-supereffective|p2a: Tapu Koko\n|-damage|p2a: Tapu Koko|27\/100\n|-unboost|p2a: Tapu Koko|spd|1\n|\n|-heal|p1a: Mew|33\/100|[from] item: Leftovers\n|upkeep\n|turn|20\n|\n|t:|1663024935\n|switch|p1a: Toxapex|Toxapex, F|100\/100\n|-damage|p1a: Toxapex|88\/100|[from] Stealth Rock\n|move|p2a: Tapu Koko|Dazzling Gleam|p1a: Toxapex\n|-resisted|p1a: Toxapex\n|-damage|p1a: Toxapex|71\/100\n|\n|-heal|p1a: Toxapex|77\/100|[from] item: Black Sludge\n|upkeep\n|turn|21\n|\n|t:|1663024938\n|switch|p2a: Medicham|Medicham-Mega, M|78\/100\n|-damage|p2a: Medicham|72\/100|[from] Stealth Rock\n|move|p1a: Toxapex|Recover|p1a: Toxapex\n|-heal|p1a: Toxapex|100\/100\n|\n|upkeep\n|turn|22\n|\n|t:|1663024948\n|switch|p2a: Hawlucha|Hawlucha, M|100\/100\n|-damage|p2a: Hawlucha|88\/100|[from] Stealth Rock\n|-enditem|p2a: Hawlucha|Electric Seed\n|-boost|p2a: Hawlucha|def|1|[from] item: Electric Seed\n|switch|p1a: Landorus|Landorus-Therian, M|73\/100\n|-damage|p1a: Landorus|61\/100|[from] Stealth Rock\n|-ability|p1a: Landorus|Intimidate|boost\n|-unboost|p2a: Hawlucha|atk|1\n|\n|-fieldend|move: Electric Terrain\n|upkeep\n|turn|23\n|\n|t:|1663024951\n|move|p2a: Hawlucha|Swords Dance|p2a: Hawlucha\n|-boost|p2a: Hawlucha|atk|2\n|move|p1a: Landorus|U-turn|p2a: Hawlucha\n|-resisted|p2a: Hawlucha\n|-damage|p2a: Hawlucha|83\/100\n|\n|t:|1663024954\n|switch|p1a: Toxapex|Toxapex, F|100\/100|[from]move: U-turn\n|-damage|p1a: Toxapex|88\/100|[from] Stealth Rock\n|\n|-heal|p1a: Toxapex|94\/100|[from] item: Black Sludge\n|upkeep\n|turn|24\n|\n|t:|1663024957\n|move|p2a: Hawlucha|Substitute|p2a: Hawlucha\n|-start|p2a: Hawlucha|Substitute\n|-damage|p2a: Hawlucha|58\/100\n|move|p1a: Toxapex|Haze|p1a: Toxapex\n|-clearallboost\n|\n|-heal|p1a: Toxapex|100\/100|[from] item: Black Sludge\n|upkeep\n|turn|25\n|\n|t:|1663024959\n|move|p2a: Hawlucha|Swords Dance|p2a: Hawlucha\n|-boost|p2a: Hawlucha|atk|2\n|move|p1a: Toxapex|Scald|p2a: Hawlucha\n|-end|p2a: Hawlucha|Substitute\n|\n|upkeep\n|turn|26\n|\n|t:|1663024962\n|move|p2a: Hawlucha|Acrobatics|p1a: Toxapex\n|-crit|p1a: Toxapex\n|-damage|p1a: Toxapex|0 fnt\n|faint|p1a: Toxapex\n|\n|upkeep\n|\n|t:|1663024970\n|switch|p1a: Landorus|Landorus-Therian, M|61\/100\n|-damage|p1a: Landorus|49\/100|[from] Stealth Rock\n|-ability|p1a: Landorus|Intimidate|boost\n|-unboost|p2a: Hawlucha|atk|1\n|turn|27\n|j| Breachingtrout\n|\n|t:|1663024976\n|move|p2a: Hawlucha|Acrobatics|p1a: Landorus\n|-damage|p1a: Landorus|0 fnt\n|-damage|p2a: Hawlucha|41\/100|[from] item: Rocky Helmet|[of] p1a: Landorus\n|faint|p1a: Landorus\n|\n|upkeep\n|c|\u2606JooshP|Lmao\n|c|\u2606Vive Immortale|rip im sorry\n|\n|t:|1663024987\n|switch|p1a: Kartana|Kartana|100\/100\n|-damage|p1a: Kartana|94\/100|[from] Stealth Rock\n|turn|28\n|\n|t:|1663024992\n|move|p2a: Hawlucha|High Jump Kick|p1a: Kartana\n|-supereffective|p1a: Kartana\n|-damage|p1a: Kartana|0 fnt\n|faint|p1a: Kartana\n|\n|upkeep\n|\n|t:|1663024997\n|switch|p1a: Tapu Lele|Tapu Lele|88\/100\n|-damage|p1a: Tapu Lele|76\/100|[from] Stealth Rock\n|-fieldstart|move: Psychic Terrain|[from] ability: Psychic Surge|[of] p1a: Tapu Lele\n|turn|29\n|\n|t:|1663025000\n|move|p2a: Hawlucha|Acrobatics|p1a: Tapu Lele\n|-damage|p1a: Tapu Lele|0 fnt\n|faint|p1a: Tapu Lele\n|\n|upkeep\n|c|\u2606Vive Immortale|not a gg but well played\n|-message|JooshP forfeited.\n|\n|win|Vive Immortale\n|n|\u2606JooshP|jooshp\n|n|\u2606Vive Immortale|viveimmortale\n|n|*Lady Monita|ladymonita\n|n| emeric16|emeric16\n|n| Nike2012|nike2012\n|n| Tennia|tennia\n|n| Breachingtrout|breachingtrout\n|l|*Lady Monita\n|c|\u2606JooshP|gg\n|l| emeric16\n|l| Breachingtrout\n|l|\u2606JooshP\n|j|\u2606JooshP\n|player|p1|JooshP|red\n|player|p2|Vive Immortale|mallow\n","uploadtime":1663025070,"views":10,"p1id":"jooshp","p2id":"viveimmortale","formatid":"gen7ou","rating":0,"private":0,"password":null}