{"id":"gen7ou-917986325","p1":"capeat","p2":"ghecisbestvillain","format":"gen7ou","log":"|j|\u2606capeat\n|j|\u2606ghecisbestvillain\n|player|p1|capeat|168\n|player|p2|ghecisbestvillain|87\n|teamsize|p1|6\n|teamsize|p2|6\n|gametype|singles\n|gen|7\n|tier|[Gen 7] OU\n|rated|\n|rule|Sleep Clause Mod: Limit one foe put to sleep\n|rule|Species Clause: Limit one of each Pok\u00e9mon\n|rule|OHKO Clause: OHKO moves are banned\n|rule|Moody Clause: Moody is banned\n|rule|Evasion Moves Clause: Evasion moves are banned\n|rule|Endless Battle Clause: Forcing endless battles is banned\n|rule|HP Percentage Mod: HP is shown in percentages\n|clearpoke\n|poke|p1|Greninja, M|item\n|poke|p1|Tapu Fini|item\n|poke|p1|Garchomp, M|item\n|poke|p1|Victini|item\n|poke|p1|Celesteela|item\n|poke|p1|Tapu Koko|item\n|poke|p2|Hawlucha, M|item\n|poke|p2|Clefable, F|item\n|poke|p2|Charizard, M|item\n|poke|p2|Tapu Koko|item\n|poke|p2|Magearna|item\n|poke|p2|Kyurem-Black|item\n|teampreview\n|inactive|Battle timer is ON: inactive players will automatically lose when time's up. (requested by ghecisbestvillain)\n|inactive|capeat has 120 seconds left.\n|\n|start\n|switch|p1a: Greninja|Greninja, M|285\/285\n|switch|p2a: Tapu Koko|Tapu Koko|282\/282\n|-fieldstart|move: Electric Terrain|[from] ability: Electric Surge|[of] p2a: Tapu Koko\n|turn|1\n|inactive|ghecisbestvillain has 120 seconds left.\n|\n|move|p2a: Tapu Koko|Light Screen|p2a: Tapu Koko\n|-sidestart|p2: ghecisbestvillain|move: Light Screen\n|-zpower|p1a: Greninja\n|move|p1a: Greninja|Tectonic Rage|p2a: Tapu Koko|[zeffect]\n|-start|p1a: Greninja|typechange|Ground|[from] ability: Protean\n|-supereffective|p2a: Tapu Koko\n|-damage|p2a: Tapu Koko|0 fnt\n|faint|p2a: Tapu Koko\n|\n|upkeep\n|inactive|ghecisbestvillain has 120 seconds left.\n|\n|switch|p2a: Hawlucha|Hawlucha, M|299\/299\n|-enditem|p2a: Hawlucha|Electric Seed\n|-boost|p2a: Hawlucha|def|1\n|turn|2\n|\n|move|p2a: Hawlucha|Swords Dance|p2a: Hawlucha\n|-boost|p2a: Hawlucha|atk|2\n|move|p1a: Greninja|Ice Beam|p2a: Hawlucha\n|-start|p1a: Greninja|typechange|Ice|[from] ability: Protean\n|-supereffective|p2a: Hawlucha\n|-damage|p2a: Hawlucha|178\/299\n|\n|upkeep\n|turn|3\n|\n|move|p2a: Hawlucha|Swords Dance|p2a: Hawlucha\n|-boost|p2a: Hawlucha|atk|2\n|move|p1a: Greninja|Ice Beam|p2a: Hawlucha\n|-supereffective|p2a: Hawlucha\n|-damage|p2a: Hawlucha|61\/299\n|\n|upkeep\n|turn|4\n|\n|move|p1a: Greninja|Shadow Sneak|p2a: Hawlucha\n|-start|p1a: Greninja|typechange|Ghost|[from] ability: Protean\n|-damage|p2a: Hawlucha|10\/299\n|move|p2a: Hawlucha|Drain Punch|p1a: Greninja\n|-immune|p1a: Greninja\n|\n|upkeep\n|turn|5\n|inactive|ghecisbestvillain has 120 seconds left.\n|\n|move|p1a: Greninja|Shadow Sneak|p2a: Hawlucha\n|-damage|p2a: Hawlucha|0 fnt\n|faint|p2a: Hawlucha\n|\n|-fieldend|move: Electric Terrain\n|upkeep\n|\n|switch|p2a: Clefable|Clefable, F|393\/393\n|turn|6\n|\n|switch|p1a: Celesteela|Celesteela, shiny|335\/335\n|move|p2a: Clefable|Cosmic Power|p2a: Clefable\n|-boost|p2a: Clefable|def|1\n|-boost|p2a: Clefable|spd|1\n|\n|upkeep\n|turn|7\n|\n|move|p1a: Celesteela|Heavy Slam|p2a: Clefable\n|-supereffective|p2a: Clefable\n|-damage|p2a: Clefable|117\/393\n|move|p2a: Clefable|Cosmic Power|p2a: Clefable\n|-boost|p2a: Clefable|def|1\n|-boost|p2a: Clefable|spd|1\n|\n|-heal|p2a: Clefable|141\/393|[from] item: Leftovers\n|upkeep\n|turn|8\n|\n|move|p1a: Celesteela|Heavy Slam|p2a: Clefable\n|-supereffective|p2a: Clefable\n|-damage|p2a: Clefable|0 fnt\n|faint|p2a: Clefable\n|-ability|p1a: Celesteela|Beast Boost|boost\n|-boost|p1a: Celesteela|atk|1\n|\n|-sideend|p2: ghecisbestvillain|move: Light Screen\n|upkeep\n|\n|switch|p2a: Charizard|Charizard, M|297\/297\n|turn|9\n|\n|move|p2a: Charizard|Dragon Dance|p2a: Charizard\n|-boost|p2a: Charizard|atk|1\n|-boost|p2a: Charizard|spe|1\n|move|p1a: Celesteela|Heavy Slam|p2a: Charizard\n|-resisted|p2a: Charizard\n|-damage|p2a: Charizard|35\/297\n|\n|upkeep\n|turn|10\n|inactive|ghecisbestvillain has 120 seconds left.\n|\n|switch|p1a: Garchomp|Garchomp, M, shiny|357\/357\n|detailschange|p2a: Charizard|Charizard-Mega-X, M\n|-mega|p2a: Charizard|Charizard|Charizardite X\n|move|p2a: Charizard|Fire Punch|p1a: Garchomp\n|-resisted|p1a: Garchomp\n|-damage|p1a: Garchomp|210\/357\n|-damage|p2a: Charizard|0 fnt|[from] ability: Rough Skin|[of] p1a: Garchomp\n|faint|p2a: Charizard\n|\n|upkeep\n|\n|switch|p2a: Kyurem|Kyurem-Black|405\/405\n|-ability|p2a: Kyurem|Teravolt\n|turn|11\n|\n|switch|p1a: Greninja|Greninja, M|285\/285\n|move|p2a: Kyurem|Ice Beam|p1a: Greninja\n|-resisted|p1a: Greninja\n|-damage|p1a: Greninja|152\/285\n|-damage|p2a: Kyurem|365\/405|[from] item: Life Orb\n|\n|upkeep\n|turn|12\n|c|\u2606capeat|gg\n|\n|move|p1a: Greninja|Low Kick|p2a: Kyurem\n|-start|p1a: Greninja|typechange|Fighting|[from] ability: Protean\n|-supereffective|p2a: Kyurem\n|-damage|p2a: Kyurem|83\/405\n|move|p2a: Kyurem|Earth Power|p1a: Greninja\n|-damage|p1a: Greninja|0 fnt\n|-damage|p2a: Kyurem|43\/405|[from] item: Life Orb\n|faint|p1a: Greninja\n|\n|upkeep\n|\n|switch|p1a: Victini|Victini|403\/403\n|turn|13\n|inactive|ghecisbestvillain has 120 seconds left.\n|\n|move|p1a: Victini|Glaciate|p2a: Kyurem\n|-damage|p2a: Kyurem|0 fnt\n|faint|p2a: Kyurem\n|\n|upkeep\n|\n|switch|p2a: Magearna|Magearna|301\/301\n|turn|14\n|\n|move|p1a: Victini|V-create|p2a: Magearna\n|-supereffective|p2a: Magearna\n|-damage|p2a: Magearna|0 fnt\n|-unboost|p1a: Victini|spe|1\n|-unboost|p1a: Victini|def|1\n|-unboost|p1a: Victini|spd|1\n|faint|p2a: Magearna\n|\n|win|capeat\n|l|\u2606ghecisbestvillain\n||Ladder (probably) updated, but score could not be retrieved (Response not received).\n","uploadtime":1559070933,"views":15,"p1id":"capeat","p2id":"ghecisbestvillain","formatid":"gen7ou","rating":0,"private":0,"password":null}