{"id":"gen7ou-916788160","p1":"u be a idiot","p2":"Ban Lando t guy jk","format":"gen7ou","log":"|j|\u2606u be a idiot\n|j|\u2606Ban Lando t guy jk\n|player|p1|u be a idiot|164\n|player|p2|Ban Lando t guy jk|247\n|teamsize|p1|6\n|teamsize|p2|6\n|gametype|singles\n|gen|7\n|tier|[Gen 7] OU\n|rated|\n|rule|Sleep Clause Mod: Limit one foe put to sleep\n|rule|Species Clause: Limit one of each Pok\u00e9mon\n|rule|OHKO Clause: OHKO moves are banned\n|rule|Moody Clause: Moody is banned\n|rule|Evasion Moves Clause: Evasion moves are banned\n|rule|Endless Battle Clause: Forcing endless battles is banned\n|rule|HP Percentage Mod: HP is shown in percentages\n|clearpoke\n|poke|p1|Lopunny, M|item\n|poke|p1|Rotom-Wash|item\n|poke|p1|Landorus-Therian, M|item\n|poke|p1|Magearna|item\n|poke|p1|Greninja, M|item\n|poke|p1|Kyurem|item\n|poke|p2|Hawlucha, M|item\n|poke|p2|Swampert, M|item\n|poke|p2|Ferrothorn, M|item\n|poke|p2|Pelipper, M|item\n|poke|p2|Tapu Koko|item\n|poke|p2|Greninja, M|item\n|teampreview\n|inactive|Battle timer is ON: inactive players will automatically lose when time's up. (requested by Ban Lando t guy jk)\n|\n|start\n|switch|p1a: Rotom|Rotom-Wash|304\/304\n|switch|p2a: Hey|Ferrothorn, M|352\/352\n|turn|1\n|\n|move|p1a: Rotom|Volt Switch|p2a: Hey\n|-resisted|p2a: Hey\n|-damage|p2a: Hey|317\/352\n|inactive|u be a idiot has 120 seconds left.\n|\n|switch|p1a: Landorus|Landorus-Therian, M|319\/319\n|-ability|p1a: Landorus|Intimidate|boost\n|-unboost|p2a: Hey|atk|1\n|move|p2a: Hey|Knock Off|p1a: Landorus\n|-damage|p1a: Landorus|284\/319\n|\n|-heal|p2a: Hey|339\/352|[from] item: Leftovers\n|upkeep\n|turn|2\n|\n|move|p1a: Landorus|Swords Dance|p1a: Landorus\n|-boost|p1a: Landorus|atk|2\n|move|p2a: Hey|Stealth Rock|p1a: Landorus\n|-sidestart|p1: u be a idiot|move: Stealth Rock\n|\n|-heal|p2a: Hey|352\/352|[from] item: Leftovers\n|upkeep\n|turn|3\n|\n|move|p1a: Landorus|Stealth Rock|p2a: Hey\n|-sidestart|p2: Ban Lando t guy jk|move: Stealth Rock\n|move|p2a: Hey|Spikes|p1a: Landorus\n|-sidestart|p1: u be a idiot|Spikes\n|\n|upkeep\n|turn|4\n|\n|-zpower|p1a: Landorus\n|move|p1a: Landorus|Supersonic Skystrike|p2a: Hey|[zeffect]\n|-damage|p2a: Hey|0 fnt\n|faint|p2a: Hey\n|\n|upkeep\n|\n|switch|p2a: Greninja|Greninja, M|285\/285\n|-damage|p2a: Greninja|250\/285|[from] Stealth Rock\n|turn|5\n|\n|switch|p1a: Magearna|Magearna|363\/363\n|-damage|p1a: Magearna|341\/363|[from] Stealth Rock\n|-damage|p1a: Magearna|296\/363|[from] Spikes\n|move|p2a: Greninja|Hydro Pump|p1a: Magearna\n|-damage|p1a: Magearna|190\/363\n|\n|upkeep\n|turn|6\n|\n|switch|p2a: Nappy is trash|Pelipper, M|323\/323\n|-damage|p2a: Nappy is trash|243\/323|[from] Stealth Rock\n|-weather|RainDance|[from] ability: Drizzle|[of] p2a: Nappy is trash\n|move|p1a: Magearna|Fleur Cannon|p2a: Nappy is trash\n|-damage|p2a: Nappy is trash|44\/323\n|-unboost|p1a: Magearna|spa|2\n|\n|-weather|RainDance|[upkeep]\n|upkeep\n|turn|7\n|\n|move|p2a: Nappy is trash|U-turn|p1a: Magearna\n|-resisted|p1a: Magearna\n|-damage|p1a: Magearna|184\/363\n|\n|switch|p2a: Let get Bluff|Swampert, M|341\/341\n|-damage|p2a: Let get Bluff|320\/341|[from] Stealth Rock\n|move|p1a: Magearna|Fleur Cannon|p2a: Let get Bluff\n|-damage|p2a: Let get Bluff|217\/341\n|-unboost|p1a: Magearna|spa|2\n|\n|-weather|RainDance|[upkeep]\n|upkeep\n|turn|8\n|\n|switch|p1a: Rotom|Rotom-Wash|304\/304\n|-damage|p1a: Rotom|266\/304|[from] Stealth Rock\n|detailschange|p2a: Let get Bluff|Swampert-Mega, M\n|-mega|p2a: Let get Bluff|Swampert|Swampertite\n|move|p2a: Let get Bluff|Power-Up Punch|p1a: Rotom\n|-damage|p1a: Rotom|225\/304\n|-boost|p2a: Let get Bluff|atk|1\n|\n|-weather|RainDance|[upkeep]\n|upkeep\n|turn|9\n|\n|move|p2a: Let get Bluff|Ice Punch|p1a: Rotom\n|-resisted|p1a: Rotom\n|-damage|p1a: Rotom|172\/304\n|move|p1a: Rotom|Will-O-Wisp|p2a: Let get Bluff\n|-status|p2a: Let get Bluff|brn\n|\n|-weather|RainDance|[upkeep]\n|-damage|p2a: Let get Bluff|196\/341 brn|[from] brn\n|upkeep\n|turn|10\n|\n|move|p2a: Let get Bluff|Power-Up Punch|p1a: Rotom\n|-damage|p1a: Rotom|140\/304\n|-boost|p2a: Let get Bluff|atk|1\n|move|p1a: Rotom|Defog|p2a: Let get Bluff\n|-unboost|p2a: Let get Bluff|evasion|1\n|-sideend|p2: Ban Lando t guy jk|Stealth Rock|[from] move: Defog|[of] p1a: Rotom\n|-sideend|p1: u be a idiot|Spikes|[from] move: Defog|[of] p1a: Rotom\n|-sideend|p1: u be a idiot|Stealth Rock|[from] move: Defog|[of] p1a: Rotom\n|\n|-weather|RainDance|[upkeep]\n|-damage|p2a: Let get Bluff|175\/341 brn|[from] brn\n|upkeep\n|turn|11\n|\n|move|p2a: Let get Bluff|Power-Up Punch|p1a: Rotom\n|-damage|p1a: Rotom|99\/304\n|-boost|p2a: Let get Bluff|atk|1\n|move|p1a: Rotom|Hydro Pump|p2a: Let get Bluff\n|-damage|p2a: Let get Bluff|0 fnt\n|faint|p2a: Let get Bluff\n|\n|-weather|RainDance|[upkeep]\n|upkeep\n|\n|switch|p2a: Tapu Koko|Tapu Koko|281\/281\n|-fieldstart|move: Electric Terrain|[from] ability: Electric Surge|[of] p2a: Tapu Koko\n|turn|12\n|\n|switch|p1a: Kyurem|Kyurem|405\/405\n|-ability|p1a: Kyurem|Pressure\n|-zpower|p2a: Tapu Koko\n|move|p2a: Tapu Koko|Twinkle Tackle|p1a: Kyurem|[zeffect]\n|-supereffective|p1a: Kyurem\n|-damage|p1a: Kyurem|0 fnt\n|faint|p1a: Kyurem\n|\n|-weather|RainDance|[upkeep]\n|upkeep\n|\n|switch|p1a: Lopunny|Lopunny, M|271\/271\n|turn|13\n|\n|detailschange|p1a: Lopunny|Lopunny-Mega, M\n|-mega|p1a: Lopunny|Lopunny|Lopunnite\n|move|p1a: Lopunny|Fake Out|p2a: Tapu Koko\n|-damage|p2a: Tapu Koko|199\/281\n|cant|p2a: Tapu Koko|flinch\n|\n|-weather|none\n|upkeep\n|turn|14\n|\n|move|p1a: Lopunny|Return|p2a: Tapu Koko\n|-damage|p2a: Tapu Koko|0 fnt\n|faint|p2a: Tapu Koko\n|\n|upkeep\n|\n|switch|p2a: Copy and PasteBirb|Hawlucha, M|321\/321\n|-enditem|p2a: Copy and PasteBirb|Electric Seed\n|-boost|p2a: Copy and PasteBirb|def|1\n|turn|15\n|\n|move|p2a: Copy and PasteBirb|Swords Dance|p2a: Copy and PasteBirb\n|-boost|p2a: Copy and PasteBirb|atk|2\n|move|p1a: Lopunny|Return|p2a: Copy and PasteBirb\n|-damage|p2a: Copy and PasteBirb|170\/321\n|\n|upkeep\n|turn|16\n|\n|move|p2a: Copy and PasteBirb|Roost|p2a: Copy and PasteBirb\n|-heal|p2a: Copy and PasteBirb|321\/321\n|-singleturn|p2a: Copy and PasteBirb|move: Roost\n|move|p1a: Lopunny|High Jump Kick|p2a: Copy and PasteBirb\n|-damage|p2a: Copy and PasteBirb|122\/321\n|\n|-fieldend|move: Electric Terrain\n|upkeep\n|turn|17\n|\n|move|p2a: Copy and PasteBirb|Roost|p2a: Copy and PasteBirb\n|-heal|p2a: Copy and PasteBirb|283\/321\n|-singleturn|p2a: Copy and PasteBirb|move: Roost\n|move|p1a: Lopunny|Return|p2a: Copy and PasteBirb\n|-damage|p2a: Copy and PasteBirb|138\/321\n|\n|upkeep\n|turn|18\n|\n|move|p2a: Copy and PasteBirb|Roost|p2a: Copy and PasteBirb\n|-heal|p2a: Copy and PasteBirb|299\/321\n|-singleturn|p2a: Copy and PasteBirb|move: Roost\n|move|p1a: Lopunny|Return|p2a: Copy and PasteBirb\n|-damage|p2a: Copy and PasteBirb|142\/321\n|\n|upkeep\n|turn|19\n|\n|move|p2a: Copy and PasteBirb|Roost|p2a: Copy and PasteBirb\n|-heal|p2a: Copy and PasteBirb|303\/321\n|-singleturn|p2a: Copy and PasteBirb|move: Roost\n|move|p1a: Lopunny|High Jump Kick|p2a: Copy and PasteBirb\n|-damage|p2a: Copy and PasteBirb|99\/321\n|\n|upkeep\n|turn|20\n|\n|move|p2a: Copy and PasteBirb|Roost|p2a: Copy and PasteBirb\n|-heal|p2a: Copy and PasteBirb|260\/321\n|-singleturn|p2a: Copy and PasteBirb|move: Roost\n|move|p1a: Lopunny|Return|p2a: Copy and PasteBirb\n|-damage|p2a: Copy and PasteBirb|113\/321\n|\n|upkeep\n|turn|21\n|\n|move|p2a: Copy and PasteBirb|Roost|p2a: Copy and PasteBirb\n|-heal|p2a: Copy and PasteBirb|274\/321\n|-singleturn|p2a: Copy and PasteBirb|move: Roost\n|move|p1a: Lopunny|High Jump Kick|p2a: Copy and PasteBirb\n|-damage|p2a: Copy and PasteBirb|54\/321\n|\n|upkeep\n|turn|22\n|\n|move|p2a: Copy and PasteBirb|Roost|p2a: Copy and PasteBirb\n|-heal|p2a: Copy and PasteBirb|215\/321\n|-singleturn|p2a: Copy and PasteBirb|move: Roost\n|move|p1a: Lopunny|High Jump Kick|p2a: Copy and PasteBirb\n|-damage|p2a: Copy and PasteBirb|20\/321\n|\n|upkeep\n|turn|23\n|\n|move|p2a: Copy and PasteBirb|Roost|p2a: Copy and PasteBirb\n|-heal|p2a: Copy and PasteBirb|181\/321\n|-singleturn|p2a: Copy and PasteBirb|move: Roost\n|move|p1a: Lopunny|High Jump Kick|p2a: Copy and PasteBirb\n|-damage|p2a: Copy and PasteBirb|0 fnt\n|faint|p2a: Copy and PasteBirb\n|\n|upkeep\n|c|\u2606u be a idiot|gg\n|\n|switch|p2a: Greninja|Greninja, M|250\/285\n|turn|24\n|\n|switch|p1a: Rotom|Rotom-Wash|99\/304\n|move|p2a: Greninja|Hydro Pump|p1a: Rotom\n|-resisted|p1a: Rotom\n|-damage|p1a: Rotom|0 fnt\n|faint|p1a: Rotom\n|-activate|p2a: Greninja|ability: Battle Bond\n|detailschange|p2a: Greninja|Greninja-Ash, M\n|\n|upkeep\n|\n|switch|p1a: Lopunny|Lopunny-Mega, M|271\/271\n|turn|25\n|\n|switch|p2a: Nappy is trash|Pelipper, M|44\/323\n|-weather|RainDance|[from] ability: Drizzle|[of] p2a: Nappy is trash\n|move|p1a: Lopunny|Fake Out|p2a: Nappy is trash\n|-damage|p2a: Nappy is trash|0 fnt\n|faint|p2a: Nappy is trash\n|\n|-weather|RainDance|[upkeep]\n|upkeep\n|\n|switch|p2a: Greninja|Greninja-Ash, M|250\/285\n|turn|26\n|\n|switch|p1a: Landorus|Landorus-Therian, M|284\/319\n|-ability|p1a: Landorus|Intimidate|boost\n|-unboost|p2a: Greninja|atk|1\n|move|p2a: Greninja|Water Shuriken|p1a: Landorus\n|-supereffective|p1a: Landorus\n|-damage|p1a: Landorus|44\/319\n|-supereffective|p1a: Landorus\n|-damage|p1a: Landorus|0 fnt\n|-hitcount|p1a: Landorus|2\n|faint|p1a: Landorus\n|\n|-weather|RainDance|[upkeep]\n|upkeep\n|\n|switch|p1a: Magearna|Magearna|184\/363\n|turn|27\n|\n|move|p2a: Greninja|Water Shuriken|p1a: Magearna\n|-damage|p1a: Magearna|141\/363\n|-damage|p1a: Magearna|96\/363\n|-damage|p1a: Magearna|57\/363\n|-hitcount|p1a: Magearna|3\n|move|p1a: Magearna|Volt Switch|p2a: Greninja\n|-supereffective|p2a: Greninja\n|-damage|p2a: Greninja|72\/285\n|\n|switch|p1a: Lopunny|Lopunny-Mega, M|271\/271\n|\n|-weather|RainDance|[upkeep]\n|upkeep\n|turn|28\n|\n|move|p1a: Lopunny|Fake Out|p2a: Greninja\n|-damage|p2a: Greninja|0 fnt\n|faint|p2a: Greninja\n|\n|win|u be a idiot\n|l|\u2606Ban Lando t guy jk\n||Ladder (probably) updated, but score could not be retrieved (Response not received).\n","uploadtime":1558897797,"views":18,"p1id":"ubeaidiot","p2id":"banlandotguyjk","formatid":"gen7ou","rating":0,"private":0,"password":null}