{"id":"gen7ou-587382499","p1":"I'm back from mars","p2":"beiyingaluckynoob","format":"gen7ou","log":"|j|I'm back from mars\n|j|beiyingaluckynoob\n|player|p1|I'm back from mars|128\n|teamsize|p1|6\n|player|p2|beiyingaluckynoob|2\n|teamsize|p2|6\n|gametype|singles\n|gen|7\n|tier|[Gen 7] OU\n|rated\n|seed|20138,32947,41902,7967\n|clearpoke\n|poke|p1|Manectric, F|item\n|poke|p1|Landorus-Therian, M|item\n|poke|p1|Tapu Fini|item\n|poke|p1|Tangrowth, F|item\n|poke|p1|Magearna|item\n|poke|p1|Zygarde|item\n|poke|p2|Abomasnow, F, shiny|item\n|poke|p2|Starmie|item\n|poke|p2|Metagross|item\n|poke|p2|Kyurem-Black|item\n|poke|p2|Azumarill, M|item\n|poke|p2|Latios, M|item\n|rule|Sleep Clause Mod: Limit one foe put to sleep\n|rule|Species Clause: Limit one of each Pok\u00e9mon\n|rule|OHKO Clause: OHKO moves are banned\n|rule|Moody Clause: Moody is banned\n|rule|Evasion Moves Clause: Evasion moves are banned\n|rule|Endless Battle Clause: Forcing endless battles is banned\n|rule|HP Percentage Mod: HP is shown in percentages\n|teampreview\n|inactive|Battle timer is ON: inactive players will automatically lose when time's up. (requested by beiyingaluckynoob)\n|choice|team 6, team 2, team 3, team 4, team 5, team 1|team 4, team 2, team 3, team 1, team 5, team 6\n|\n|start\n|switch|p1a: Zygarde|Zygarde|357\/357\n|switch|p2a: Kyurem|Kyurem-Black|392\/392\n|-ability|p2a: Kyurem|Teravolt\n|-ability|p1a: Zygarde|Aura Break\n|turn|1\n|choice|switch 3|move freezeshock zmove\n|\n|switch|p1a: Tapu Fini|Tapu Fini|343\/343\n|-fieldstart|move: Misty Terrain|[from] ability: Misty Surge|[of] p1a: Tapu Fini\n|-zpower|p2a: Kyurem\n|move|p2a: Kyurem|Subzero Slammer|p1a: Tapu Fini|[zeffect]\n|-resisted|p1a: Tapu Fini\n|-damage|p1a: Tapu Fini|174\/343\n|\n|-heal|p1a: Tapu Fini|195\/343|[from] item: Leftovers\n|upkeep\n|turn|2\n|choice|switch 2|move freezeshock\n|\n|switch|p1a: Landorus|Landorus-Therian, M|331\/331\n|-ability|p1a: Landorus|Intimidate|boost\n|-unboost|p2a: Kyurem|atk|1\n|move|p2a: Kyurem|Freeze Shock|p1a: Landorus|[still]\n|-prepare|p2a: Kyurem|Freeze Shock|p1a: Landorus\n|\n|upkeep\n|turn|3\n|choice|switch 2|move freezeshock\n|\n|switch|p1a: Tapu Fini|Tapu Fini|195\/343\n|move|p2a: Kyurem|Freeze Shock|p1a: Tapu Fini|[from]lockedmove\n|-resisted|p1a: Tapu Fini\n|-crit|p1a: Tapu Fini\n|-damage|p1a: Tapu Fini|24\/343\n|\n|-heal|p1a: Tapu Fini|45\/343|[from] item: Leftovers\n|upkeep\n|turn|4\n|choice|move moonblast|move earthpower\n|\n|move|p2a: Kyurem|Earth Power|p1a: Tapu Fini\n|-damage|p1a: Tapu Fini|0 fnt\n|faint|p1a: Tapu Fini\n|\n|upkeep\n|choice|switch 5|\n|\n|switch|p1a: Magearna|Magearna|301\/301\n|turn|5\n|choice|move flashcannon|move earthpower\n|\n|move|p2a: Kyurem|Earth Power|p1a: Magearna\n|-supereffective|p1a: Magearna\n|-damage|p1a: Magearna|173\/301\n|move|p1a: Magearna|Flash Cannon|p2a: Kyurem\n|-supereffective|p2a: Kyurem\n|-damage|p2a: Kyurem|54\/392\n|\n|-fieldend|Misty Terrain\n|upkeep\n|turn|6\n|choice|move flashcannon|switch 3\n|\n|switch|p2a: Metagross|Metagross|364\/364\n|move|p1a: Magearna|Flash Cannon|p2a: Metagross\n|-resisted|p2a: Metagross\n|-damage|p2a: Metagross|287\/364\n|\n|-heal|p2a: Metagross|309\/364|[from] item: Leftovers\n|upkeep\n|turn|7\n|j|Arcaist\n|choice|switch 2|move meteormash\n|\n|switch|p1a: Landorus|Landorus-Therian, M|331\/331\n|-ability|p1a: Landorus|Intimidate|boost\n|-fail|p2a: Metagross|unboost|[from] ability: Clear Body|[of] p2a: Metagross\n|move|p2a: Metagross|Meteor Mash|p1a: Landorus\n|-damage|p1a: Landorus|141\/331\n|-damage|p2a: Metagross|249\/364|[from] item: Rocky Helmet|[of] p1a: Landorus\n|\n|-heal|p2a: Metagross|271\/364|[from] item: Leftovers\n|upkeep\n|turn|8\n|l|Arcaist\n|choice|move stealthrock|move meteormash\n|\n|move|p1a: Landorus|Stealth Rock|p2a: Metagross\n|-sidestart|p2: beiyingaluckynoob|move: Stealth Rock\n|move|p2a: Metagross|Meteor Mash|p1a: Landorus\n|-damage|p1a: Landorus|0 fnt\n|-damage|p2a: Metagross|211\/364|[from] item: Rocky Helmet|[of] p1a: Landorus\n|faint|p1a: Landorus\n|\n|-heal|p2a: Metagross|233\/364|[from] item: Leftovers\n|upkeep\n|choice|switch 6|\n|\n|switch|p1a: Manectric|Manectric, F|281\/281\n|turn|9\n|choice|move flamethrower mega|switch 6\n|\n|switch|p2a: Latios|Latios, M|301\/301\n|-damage|p2a: Latios|264\/301|[from] Stealth Rock\n|detailschange|p1a: Manectric|Manectric-Mega, F\n|-mega|p1a: Manectric|Manectric|Manectite\n|-ability|p1a: Manectric|Intimidate|boost\n|-unboost|p2a: Latios|atk|1\n|move|p1a: Manectric|Flamethrower|p2a: Latios\n|-resisted|p2a: Latios\n|-damage|p2a: Latios|218\/301\n|\n|upkeep\n|turn|10\n|choice|move voltswitch|move recover\n|\n|move|p1a: Manectric|Volt Switch|p2a: Latios\n|-resisted|p2a: Latios\n|-damage|p2a: Latios|163\/301\n|choice|switch 4|\n|\n|switch|p1a: Tangrowth|Tangrowth, F|404\/404\n|move|p2a: Latios|Recover|p2a: Latios\n|-heal|p2a: Latios|301\/301\n|\n|upkeep\n|turn|11\n|choice|move knockoff|switch 2\n|\n|switch|p2a: Starmie|Starmie|261\/261\n|-damage|p2a: Starmie|229\/261|[from] Stealth Rock\n|move|p1a: Tangrowth|Knock Off|p2a: Starmie\n|-supereffective|p2a: Starmie\n|-damage|p2a: Starmie|67\/261\n|-enditem|p2a: Starmie|Choice Scarf|[from] move: Knock Off|[of] p1a: Tangrowth\n|\n|upkeep\n|turn|12\n|choice|move gigadrain|move rapidspin\n|\n|move|p2a: Starmie|Rapid Spin|p1a: Tangrowth\n|-damage|p1a: Tangrowth|395\/404\n|-sideend|p2: beiyingaluckynoob|Stealth Rock|[from] move: Rapid Spin|[of] p2a: Starmie\n|move|p1a: Tangrowth|Giga Drain|p2a: Starmie\n|-supereffective|p2a: Starmie\n|-damage|p2a: Starmie|0 fnt\n|-heal|p1a: Tangrowth|404\/404|[from] drain|[of] p2a: Starmie\n|faint|p2a: Starmie\n|\n|upkeep\n|choice||switch 3\n|\n|switch|p2a: Kyurem|Kyurem-Black|54\/392\n|-ability|p2a: Kyurem|Teravolt\n|turn|13\n|choice|move sludgebomb|move roost\n|\n|move|p2a: Kyurem|Roost|p2a: Kyurem\n|-heal|p2a: Kyurem|250\/392\n|move|p1a: Tangrowth|Sludge Bomb|p2a: Kyurem\n|-damage|p2a: Kyurem|167\/392\n|\n|upkeep\n|turn|14\n|choice|move sludgebomb|move roost\n|\n|move|p2a: Kyurem|Roost|p2a: Kyurem\n|-heal|p2a: Kyurem|363\/392\n|move|p1a: Tangrowth|Sludge Bomb|p2a: Kyurem\n|-damage|p2a: Kyurem|284\/392\n|\n|upkeep\n|turn|15\n|choice|move sludgebomb|move earthpower\n|\n|move|p2a: Kyurem|Earth Power|p1a: Tangrowth\n|-resisted|p1a: Tangrowth\n|-crit|p1a: Tangrowth\n|-damage|p1a: Tangrowth|364\/404\n|move|p1a: Tangrowth|Sludge Bomb|p2a: Kyurem\n|-damage|p2a: Kyurem|201\/392\n|-status|p2a: Kyurem|psn\n|\n|-damage|p2a: Kyurem|152\/392 psn|[from] psn\n|upkeep\n|turn|16\n|choice|move sludgebomb|move roost\n|\n|move|p2a: Kyurem|Roost|p2a: Kyurem\n|-heal|p2a: Kyurem|348\/392 psn\n|move|p1a: Tangrowth|Sludge Bomb|p2a: Kyurem\n|-damage|p2a: Kyurem|266\/392 psn\n|\n|-damage|p2a: Kyurem|217\/392 psn|[from] psn\n|upkeep\n|turn|17\n|choice|move sludgebomb|move freezeshock\n|\n|move|p2a: Kyurem|Freeze Shock|p1a: Tangrowth|[still]\n|-prepare|p2a: Kyurem|Freeze Shock|p1a: Tangrowth\n|move|p1a: Tangrowth|Sludge Bomb|p2a: Kyurem\n|-damage|p2a: Kyurem|139\/392 psn\n|\n|-damage|p2a: Kyurem|90\/392 psn|[from] psn\n|upkeep\n|turn|18\n|choice|switch 3|move freezeshock\n|\n|switch|p1a: Zygarde|Zygarde|357\/357\n|-ability|p1a: Zygarde|Aura Break\n|move|p2a: Kyurem|Freeze Shock|p1a: Zygarde|[from]lockedmove\n|-supereffective|p1a: Zygarde\n|-damage|p1a: Zygarde|0 fnt\n|faint|p1a: Zygarde\n|\n|-damage|p2a: Kyurem|41\/392 psn|[from] psn\n|upkeep\n|choice|switch 4|\n|\n|switch|p1a: Manectric|Manectric-Mega, F|281\/281\n|-ability|p1a: Manectric|Intimidate|boost\n|-unboost|p2a: Kyurem|atk|1\n|turn|19\n|choice|move voltswitch|move earthpower\n|\n|move|p1a: Manectric|Volt Switch|p2a: Kyurem\n|-resisted|p2a: Kyurem\n|-damage|p2a: Kyurem|0 fnt\n|faint|p2a: Kyurem\n|choice|switch 2|\n|\n|switch|p1a: Magearna|Magearna|173\/301\n|\n|upkeep\n|choice||switch 6\n|\n|switch|p2a: Metagross|Metagross|233\/364\n|turn|20\n|choice|switch 3|move stealthrock\n|\n|switch|p1a: Tangrowth|Tangrowth, F|404\/404\n|move|p2a: Metagross|Stealth Rock|p1a: Tangrowth\n|-sidestart|p1: I'm back from mars|move: Stealth Rock\n|\n|-heal|p2a: Metagross|255\/364|[from] item: Leftovers\n|upkeep\n|turn|21\n|choice|move knockoff|move meteormash\n|\n|move|p2a: Metagross|Meteor Mash|p1a: Tangrowth\n|-damage|p1a: Tangrowth|260\/404\n|move|p1a: Tangrowth|Knock Off|p2a: Metagross\n|-supereffective|p2a: Metagross\n|-damage|p2a: Metagross|139\/364\n|-enditem|p2a: Metagross|Leftovers|[from] move: Knock Off|[of] p1a: Tangrowth\n|\n|upkeep\n|turn|22\n|choice|move knockoff|move meteormash\n|\n|move|p2a: Metagross|Meteor Mash|p1a: Tangrowth|[miss]\n|-miss|p2a: Metagross|p1a: Tangrowth\n|move|p1a: Tangrowth|Knock Off|p2a: Metagross\n|-supereffective|p2a: Metagross\n|-crit|p2a: Metagross\n|-damage|p2a: Metagross|15\/364\n|\n|upkeep\n|turn|23\n|choice|move knockoff|switch 4\n|\n|switch|p2a: Abomasnow|Abomasnow, F, shiny|383\/383\n|-weather|Hail|[from] ability: Snow Warning|[of] p2a: Abomasnow\n|move|p1a: Tangrowth|Knock Off|p2a: Abomasnow\n|-damage|p2a: Abomasnow|321\/383\n|\n|-weather|Hail|[upkeep]\n|-damage|p1a: Tangrowth|235\/404|[from] hail\n|upkeep\n|turn|24\n|choice|move sludgebomb|move blizzard mega\n|\n|detailschange|p2a: Abomasnow|Abomasnow-Mega, F, shiny\n|-mega|p2a: Abomasnow|Abomasnow|Abomasite\n|move|p1a: Tangrowth|Sludge Bomb|p2a: Abomasnow\n|-supereffective|p2a: Abomasnow\n|-damage|p2a: Abomasnow|185\/383\n|move|p2a: Abomasnow|Blizzard|p1a: Tangrowth\n|-supereffective|p1a: Tangrowth\n|-damage|p1a: Tangrowth|0 fnt\n|faint|p1a: Tangrowth\n|\n|-weather|Hail|[upkeep]\n|upkeep\n|choice|switch 2|\n|\n|switch|p1a: Manectric|Manectric-Mega, F|281\/281\n|-damage|p1a: Manectric|246\/281|[from] Stealth Rock\n|-ability|p1a: Manectric|Intimidate|boost\n|-unboost|p2a: Abomasnow|atk|1\n|turn|25\n|choice|move flamethrower|move iceshard\n|\n|move|p2a: Abomasnow|Ice Shard|p1a: Manectric\n|-damage|p1a: Manectric|192\/281\n|move|p1a: Manectric|Flamethrower|p2a: Abomasnow\n|-supereffective|p2a: Abomasnow\n|-damage|p2a: Abomasnow|0 fnt\n|faint|p2a: Abomasnow\n|\n|-weather|Hail|[upkeep]\n|-damage|p1a: Manectric|175\/281|[from] hail\n|upkeep\n|choice||switch 2\n|\n|switch|p2a: Latios|Latios, M|301\/301\n|turn|26\n|choice|move hiddenpower|move psychic\n|\n|move|p1a: Manectric|Hidden Power|p2a: Latios\n|-supereffective|p2a: Latios\n|-damage|p2a: Latios|161\/301\n|move|p2a: Latios|Psychic|p1a: Manectric\n|-damage|p1a: Manectric|0 fnt\n|faint|p1a: Manectric\n|\n|-weather|Hail|[upkeep]\n|-damage|p2a: Latios|143\/301|[from] hail\n|upkeep\n|choice|switch 3|\n|\n|switch|p1a: Magearna|Magearna|173\/301\n|-damage|p1a: Magearna|155\/301|[from] Stealth Rock\n|turn|27\n|choice|move shiftgear|move recover\n|\n|move|p2a: Latios|Recover|p2a: Latios\n|-heal|p2a: Latios|294\/301\n|move|p1a: Magearna|Shift Gear|p1a: Magearna\n|-boost|p1a: Magearna|spe|2\n|-boost|p1a: Magearna|atk|1\n|\n|-weather|none\n|upkeep\n|turn|28\n|choice|move flashcannon|move surf\n|\n|move|p1a: Magearna|Flash Cannon|p2a: Latios\n|-damage|p2a: Latios|174\/301\n|move|p2a: Latios|Surf|p1a: Magearna\n|-damage|p1a: Magearna|63\/301\n|\n|upkeep\n|turn|29\n|choice|move flashcannon zmove|move surf\n|\n|-zpower|p1a: Magearna\n|move|p1a: Magearna|Corkscrew Crash|p2a: Latios|[zeffect]\n|-damage|p2a: Latios|0 fnt\n|faint|p2a: Latios\n|-ability|p1a: Magearna|Soul-Heart|boost\n|-boost|p1a: Magearna|spa|1\n|\n|upkeep\n|choice||switch 4\n|\n|switch|p2a: Metagross|Metagross|15\/364\n|turn|30\n|c|\u2606I'm back from mars|gg\n|choice|move flashcannon|move bulletpunch\n|\n|move|p2a: Metagross|Bullet Punch|p1a: Magearna\n|-damage|p1a: Magearna|0 fnt\n|faint|p1a: Magearna\n|\n|win|beiyingaluckynoob\n|raw|I&apos;m back from mars's rating: 1753 &rarr; <strong>1725<\/strong><br \/>(-28 for losing)\n|raw|beiyingaluckynoob's rating: 1589 &rarr; <strong>1618<\/strong><br \/>(+29 for winning)\n|l|I'm back from mars","inputlog":null,"uploadtime":1496843068,"views":3,"p1id":"imbackfrommars","p2id":"beiyingaluckynoob","formatid":"gen7ou","rating":1618,"private":0,"password":null}