{"id":"gen7ou-965103117","p1":"Dylanronpa","p2":"lord cube","format":"gen7ou","log":"|j|\u2606Dylanronpa\n|j|\u2606lord cube\n|player|p1|Dylanronpa|lillie-z|1388\n|player|p2|lord cube|1|1365\n|teamsize|p1|6\n|teamsize|p2|6\n|gametype|singles\n|gen|7\n|tier|[Gen 7] OU\n|rated|\n|rule|Sleep Clause Mod: Limit one foe put to sleep\n|rule|Species Clause: Limit one of each Pok\u00e9mon\n|rule|OHKO Clause: OHKO moves are banned\n|rule|Moody Clause: Moody is banned\n|rule|Evasion Moves Clause: Evasion moves are banned\n|rule|Endless Battle Clause: Forcing endless battles is banned\n|rule|HP Percentage Mod: HP is shown in percentages\n|clearpoke\n|poke|p1|Scizor, M|item\n|poke|p1|Slowbro, M|item\n|poke|p1|Gliscor, F|item\n|poke|p1|Chansey, F|item\n|poke|p1|Heatran, F|item\n|poke|p1|Greninja, M|item\n|poke|p2|Rotom-Wash|item\n|poke|p2|Zapdos|item\n|poke|p2|Nidoqueen, F|item\n|poke|p2|Garchomp, M|item\n|poke|p2|Scizor, F|item\n|poke|p2|Ditto|item\n|teampreview\n|inactive|Battle timer is ON: inactive players will automatically lose when time's up. (requested by lord cube)\n|\n|start\n|switch|p1a: Gliscor|Gliscor, F|100\/100\n|switch|p2a: Rotom|Rotom-Wash|100\/100\n|turn|1\n|\n|move|p1a: Gliscor|Knock Off|p2a: Rotom\n|-crit|p2a: Rotom\n|-damage|p2a: Rotom|71\/100\n|-enditem|p2a: Rotom|Leftovers|[from] move: Knock Off|[of] p1a: Gliscor\n|move|p2a: Rotom|Hydro Pump|p1a: Gliscor|[miss]\n|-miss|p2a: Rotom|p1a: Gliscor\n|\n|-status|p1a: Gliscor|tox|[from] item: Toxic Orb\n|upkeep\n|turn|2\n|\n|move|p1a: Gliscor|Roost||[still]\n|-fail|p1a: Gliscor\n|move|p2a: Rotom|Pain Split|p1a: Gliscor\n|-sethp|p1a: Gliscor|81\/100 tox|[from] move: Pain Split|[silent]\n|-sethp|p2a: Rotom|94\/100|[from] move: Pain Split\n|\n|-heal|p1a: Gliscor|93\/100 tox|[from] ability: Poison Heal\n|upkeep\n|turn|3\n|\n|switch|p1a: Chansey|Chansey, F|100\/100\n|move|p2a: Rotom|Hydro Pump|p1a: Chansey\n|-damage|p1a: Chansey|89\/100\n|\n|upkeep\n|turn|4\n|\n|move|p2a: Rotom|Volt Switch|p1a: Chansey\n|-damage|p1a: Chansey|80\/100\n|\n|switch|p2a: Scizor|Scizor, F|100\/100|[from]move: Volt Switch\n|move|p1a: Chansey|Stealth Rock|p2a: Scizor\n|-sidestart|p2: lord cube|move: Stealth Rock\n|\n|upkeep\n|turn|5\n|\n|switch|p1a: Slowbro|Slowbro, M|100\/100\n|detailschange|p2a: Scizor|Scizor-Mega, F\n|-mega|p2a: Scizor|Scizor|Scizorite\n|move|p2a: Scizor|U-turn|p1a: Slowbro\n|-supereffective|p1a: Slowbro\n|-damage|p1a: Slowbro|50\/100\n|-damage|p2a: Scizor|84\/100|[from] item: Rocky Helmet|[of] p1a: Slowbro\n|\n|switch|p2a: Zapdos|Zapdos|100\/100|[from]move: U-turn\n|-damage|p2a: Zapdos|76\/100|[from] Stealth Rock\n|-ability|p2a: Zapdos|Pressure\n|\n|-heal|p2a: Zapdos|82\/100|[from] item: Leftovers\n|upkeep\n|turn|6\n|\n|switch|p1a: Chansey|Chansey, F|80\/100\n|move|p2a: Zapdos|Defog|p1a: Chansey\n|-unboost|p1a: Chansey|evasion|1\n|-sideend|p2: lord cube|Stealth Rock|[from] move: Defog|[of] p2a: Zapdos\n|\n|-heal|p2a: Zapdos|88\/100|[from] item: Leftovers\n|upkeep\n|turn|7\n|\n|move|p2a: Zapdos|Volt Switch|p1a: Chansey\n|-damage|p1a: Chansey|70\/100\n|\n|switch|p2a: Scizor|Scizor-Mega, F|84\/100|[from]move: Volt Switch\n|move|p1a: Chansey|Seismic Toss|p2a: Scizor\n|-damage|p2a: Scizor|54\/100\n|\n|upkeep\n|turn|8\n|\n|move|p2a: Scizor|U-turn|p1a: Chansey\n|-damage|p1a: Chansey|47\/100\n|\n|switch|p2a: Zapdos|Zapdos|88\/100|[from]move: U-turn\n|-ability|p2a: Zapdos|Pressure\n|move|p1a: Chansey|Soft-Boiled|p1a: Chansey\n|-heal|p1a: Chansey|98\/100\n|\n|-heal|p2a: Zapdos|94\/100|[from] item: Leftovers\n|upkeep\n|turn|9\n|\n|switch|p1a: Gliscor|Gliscor, F|93\/100 tox\n|move|p2a: Zapdos|Volt Switch|p1a: Gliscor\n|-immune|p1a: Gliscor\n|\n|-heal|p2a: Zapdos|99\/100|[from] item: Leftovers\n|-heal|p1a: Gliscor|100\/100 tox|[from] ability: Poison Heal\n|upkeep\n|turn|10\n|\n|switch|p2a: Rotom|Rotom-Wash|94\/100\n|move|p1a: Gliscor|Knock Off|p2a: Rotom\n|-damage|p2a: Rotom|79\/100\n|\n|upkeep\n|turn|11\n|\n|switch|p1a: Chansey|Chansey, F|98\/100\n|move|p2a: Rotom|Hydro Pump|p1a: Chansey\n|-crit|p1a: Chansey\n|-damage|p1a: Chansey|77\/100\n|\n|upkeep\n|turn|12\n|\n|move|p2a: Rotom|Volt Switch|p1a: Chansey\n|-damage|p1a: Chansey|69\/100\n|\n|switch|p2a: Scizor|Scizor-Mega, F|54\/100|[from]move: Volt Switch\n|move|p1a: Chansey|Seismic Toss|p2a: Scizor\n|-damage|p2a: Scizor|25\/100\n|\n|upkeep\n|turn|13\n|\n|move|p2a: Scizor|Roost|p2a: Scizor\n|-heal|p2a: Scizor|75\/100\n|-singleturn|p2a: Scizor|move: Roost\n|move|p1a: Chansey|Seismic Toss|p2a: Scizor\n|-damage|p2a: Scizor|45\/100\n|\n|upkeep\n|turn|14\n|\n|move|p2a: Scizor|Roost|p2a: Scizor\n|-heal|p2a: Scizor|95\/100\n|-singleturn|p2a: Scizor|move: Roost\n|move|p1a: Chansey|Toxic|p2a: Scizor|[miss]\n|-miss|p1a: Chansey|p2a: Scizor\n|\n|upkeep\n|turn|15\n|\n|move|p2a: Scizor|Swords Dance|p2a: Scizor\n|-boost|p2a: Scizor|atk|2\n|move|p1a: Chansey|Soft-Boiled|p1a: Chansey\n|-heal|p1a: Chansey|100\/100\n|\n|upkeep\n|turn|16\n|\n|switch|p1a: Scizor|Scizor, M|100\/100\n|move|p2a: Scizor|Swords Dance|p2a: Scizor\n|-boost|p2a: Scizor|atk|2\n|\n|upkeep\n|turn|17\n|\n|detailschange|p1a: Scizor|Scizor-Mega, M\n|-mega|p1a: Scizor|Scizor|Scizorite\n|move|p1a: Scizor|Swords Dance|p1a: Scizor\n|-boost|p1a: Scizor|atk|2\n|move|p2a: Scizor|U-turn|p1a: Scizor\n|-resisted|p1a: Scizor\n|-damage|p1a: Scizor|68\/100\n|\n|switch|p2a: Zapdos|Zapdos|99\/100|[from]move: U-turn\n|-ability|p2a: Zapdos|Pressure\n|\n|-heal|p2a: Zapdos|100\/100|[from] item: Leftovers\n|upkeep\n|turn|18\n|\n|move|p2a: Zapdos|Heat Wave|p1a: Scizor\n|-supereffective|p1a: Scizor\n|-damage|p1a: Scizor|0 fnt\n|faint|p1a: Scizor\n|\n|upkeep\n|\n|switch|p1a: Chansey|Chansey, F|100\/100\n|turn|19\n|\n|move|p2a: Zapdos|Volt Switch|p1a: Chansey\n|-damage|p1a: Chansey|91\/100\n|\n|switch|p2a: Scizor|Scizor-Mega, F|95\/100|[from]move: Volt Switch\n|move|p1a: Chansey|Seismic Toss|p2a: Scizor\n|-damage|p2a: Scizor|65\/100\n|\n|upkeep\n|turn|20\n|\n|switch|p1a: Heatran|Heatran, F|100\/100\n|move|p2a: Scizor|Roost|p2a: Scizor\n|-heal|p2a: Scizor|100\/100\n|-singleturn|p2a: Scizor|move: Roost\n|\n|upkeep\n|turn|21\n|\n|switch|p2a: Rotom|Rotom-Wash|79\/100\n|move|p1a: Heatran|Magma Storm|p2a: Rotom\n|-resisted|p2a: Rotom\n|-damage|p2a: Rotom|53\/100\n|-activate|p2a: Rotom|move: Magma Storm|[of] p1a: Heatran\n|\n|-damage|p2a: Rotom|40\/100|[from] move: Magma Storm|[partiallytrapped]\n|upkeep\n|turn|22\n|\n|-zpower|p1a: Heatran\n|move|p1a: Heatran|Bloom Doom|p2a: Rotom|[zeffect]\n|-supereffective|p2a: Rotom\n|-damage|p2a: Rotom|0 fnt\n|faint|p2a: Rotom\n|\n|upkeep\n|\n|switch|p2a: Garchomp|Garchomp, M|100\/100\n|turn|23\n|\n|switch|p1a: Slowbro|Slowbro, M|83\/100\n|move|p2a: Garchomp|Stealth Rock|p1a: Slowbro\n|-sidestart|p1: Dylanronpa|move: Stealth Rock\n|\n|upkeep\n|turn|24\n|\n|switch|p2a: Zapdos|Zapdos|100\/100\n|-ability|p2a: Zapdos|Pressure\n|move|p1a: Slowbro|Ice Beam|p2a: Zapdos\n|-supereffective|p2a: Zapdos\n|-damage|p2a: Zapdos|57\/100\n|\n|-heal|p2a: Zapdos|63\/100|[from] item: Leftovers\n|upkeep\n|turn|25\n|\n|switch|p1a: Chansey|Chansey, F|91\/100\n|-damage|p1a: Chansey|78\/100|[from] Stealth Rock\n|move|p2a: Zapdos|Volt Switch|p1a: Chansey\n|-damage|p1a: Chansey|69\/100\n|\n|switch|p2a: Scizor|Scizor-Mega, F|100\/100|[from]move: Volt Switch\n|\n|upkeep\n|turn|26\n|\n|move|p2a: Scizor|U-turn|p1a: Chansey\n|-damage|p1a: Chansey|46\/100\n|\n|switch|p2a: Zapdos|Zapdos|63\/100|[from]move: U-turn\n|-ability|p2a: Zapdos|Pressure\n|move|p1a: Chansey|Stealth Rock|p2a: Zapdos\n|-sidestart|p2: lord cube|move: Stealth Rock\n|\n|-heal|p2a: Zapdos|70\/100|[from] item: Leftovers\n|upkeep\n|turn|27\n|\n|move|p2a: Zapdos|Roost|p2a: Zapdos\n|-heal|p2a: Zapdos|100\/100\n|-singleturn|p2a: Zapdos|move: Roost\n|move|p1a: Chansey|Soft-Boiled|p1a: Chansey\n|-heal|p1a: Chansey|96\/100\n|\n|upkeep\n|turn|28\n|\n|move|p2a: Zapdos|Defog|p1a: Chansey\n|-unboost|p1a: Chansey|evasion|1\n|-sideend|p1: Dylanronpa|Stealth Rock|[from] move: Defog|[of] p2a: Zapdos\n|-sideend|p2: lord cube|Stealth Rock|[from] move: Defog|[of] p2a: Zapdos\n|move|p1a: Chansey|Toxic|p2a: Zapdos\n|-status|p2a: Zapdos|tox\n|\n|-damage|p2a: Zapdos|94\/100 tox|[from] psn\n|upkeep\n|turn|29\n|\n|move|p2a: Zapdos|Volt Switch|p1a: Chansey\n|-damage|p1a: Chansey|86\/100\n|\n|switch|p2a: Scizor|Scizor-Mega, F|100\/100|[from]move: Volt Switch\n|move|p1a: Chansey|Stealth Rock|p2a: Scizor\n|-sidestart|p2: lord cube|move: Stealth Rock\n|\n|upkeep\n|turn|30\n|\n|switch|p1a: Heatran|Heatran, F|100\/100\n|move|p2a: Scizor|U-turn|p1a: Heatran\n|-resisted|p1a: Heatran\n|-damage|p1a: Heatran|92\/100\n|\n|switch|p2a: Nidoqueen|Nidoqueen, F|100\/100|[from]move: U-turn\n|-damage|p2a: Nidoqueen|94\/100|[from] Stealth Rock\n|\n|upkeep\n|turn|31\n|\n|switch|p1a: Gliscor|Gliscor, F|100\/100 tox\n|move|p2a: Nidoqueen|Ice Beam|p1a: Gliscor\n|-supereffective|p1a: Gliscor\n|-damage|p1a: Gliscor|0 fnt\n|faint|p1a: Gliscor\n|\n|upkeep\n|\n|switch|p1a: Greninja|Greninja, M|100\/100\n|turn|32\n|\n|switch|p2a: Scizor|Scizor-Mega, F|100\/100\n|-damage|p2a: Scizor|88\/100|[from] Stealth Rock\n|move|p1a: Greninja|Surf|p2a: Scizor\n|-damage|p2a: Scizor|44\/100\n|\n|upkeep\n|turn|33\n|\n|switch|p2a: Ditto|Ditto|100\/100\n|-damage|p2a: Ditto|88\/100|[from] Stealth Rock\n|-transform|p2a: Ditto|p1a: Greninja|[from] ability: Imposter\n|move|p1a: Greninja|Surf|p2a: Ditto\n|-resisted|p2a: Ditto\n|-damage|p2a: Ditto|39\/100\n|\n|upkeep\n|turn|34\n|\n|move|p2a: Ditto|Dark Pulse|p1a: Greninja\n|-resisted|p1a: Greninja\n|-damage|p1a: Greninja|73\/100\n|cant|p1a: Greninja|flinch\n|\n|upkeep\n|turn|35\n|inactive|lord cube has 120 seconds left.\n|\n|move|p2a: Ditto|Dark Pulse|p1a: Greninja\n|-resisted|p1a: Greninja\n|-damage|p1a: Greninja|44\/100\n|cant|p1a: Greninja|flinch\n|\n|upkeep\n|turn|36\n|\n|move|p2a: Ditto|Dark Pulse|p1a: Greninja\n|-resisted|p1a: Greninja\n|-damage|p1a: Greninja|18\/100\n|move|p1a: Greninja|Surf|p2a: Ditto\n|-resisted|p2a: Ditto\n|-damage|p2a: Ditto|0 fnt\n|faint|p2a: Ditto\n|-activate|p1a: Greninja|ability: Battle Bond\n|detailschange|p1a: Greninja|Greninja-Ash, M\n|\n|upkeep\n|\n|switch|p2a: Scizor|Scizor-Mega, F|44\/100\n|-damage|p2a: Scizor|31\/100|[from] Stealth Rock\n|turn|37\n|\n|switch|p1a: Slowbro|Slowbro, M|100\/100\n|move|p2a: Scizor|Bullet Punch|p1a: Slowbro\n|-resisted|p1a: Slowbro\n|-damage|p1a: Slowbro|90\/100\n|-damage|p2a: Scizor|14\/100|[from] item: Rocky Helmet|[of] p1a: Slowbro\n|\n|upkeep\n|turn|38\n|inactive|lord cube has 120 seconds left.\n|\n|move|p2a: Scizor|Roost|p2a: Scizor\n|-heal|p2a: Scizor|65\/100\n|-singleturn|p2a: Scizor|move: Roost\n|move|p1a: Slowbro|Scald|p2a: Scizor\n|-damage|p2a: Scizor|44\/100\n|\n|upkeep\n|turn|39\n|c|\u2606Dylanronpa|can i just burn\n|\n|move|p2a: Scizor|U-turn|p1a: Slowbro\n|-supereffective|p1a: Slowbro\n|-damage|p1a: Slowbro|45\/100\n|-damage|p2a: Scizor|27\/100|[from] item: Rocky Helmet|[of] p1a: Slowbro\n|\n|switch|p2a: Zapdos|Zapdos|94\/100 tox|[from]move: U-turn\n|-damage|p2a: Zapdos|70\/100 tox|[from] Stealth Rock\n|-ability|p2a: Zapdos|Pressure\n|move|p1a: Slowbro|Scald|p2a: Zapdos\n|-damage|p2a: Zapdos|41\/100 tox\n|\n|-heal|p2a: Zapdos|47\/100 tox|[from] item: Leftovers\n|-damage|p2a: Zapdos|41\/100 tox|[from] psn\n|upkeep\n|turn|40\n|\n|move|p2a: Zapdos|Roost|p2a: Zapdos\n|-heal|p2a: Zapdos|91\/100 tox\n|-singleturn|p2a: Zapdos|move: Roost\n|move|p1a: Slowbro|Ice Beam|p2a: Zapdos\n|-damage|p2a: Zapdos|71\/100 tox\n|\n|-heal|p2a: Zapdos|77\/100 tox|[from] item: Leftovers\n|-damage|p2a: Zapdos|64\/100 tox|[from] psn\n|upkeep\n|turn|41\n|\n|switch|p1a: Chansey|Chansey, F|86\/100\n|move|p2a: Zapdos|Volt Switch|p1a: Chansey\n|-damage|p1a: Chansey|76\/100\n|\n|switch|p2a: Scizor|Scizor-Mega, F|27\/100|[from]move: Volt Switch\n|-damage|p2a: Scizor|15\/100|[from] Stealth Rock\n|\n|upkeep\n|turn|42\n|inactive|lord cube has 120 seconds left.\n|\n|move|p2a: Scizor|Roost|p2a: Scizor\n|-heal|p2a: Scizor|65\/100\n|-singleturn|p2a: Scizor|move: Roost\n|move|p1a: Chansey|Seismic Toss|p2a: Scizor\n|-damage|p2a: Scizor|35\/100\n|\n|upkeep\n|turn|43\n|\n|move|p2a: Scizor|Roost|p2a: Scizor\n|-heal|p2a: Scizor|85\/100\n|-singleturn|p2a: Scizor|move: Roost\n|move|p1a: Chansey|Seismic Toss|p2a: Scizor\n|-damage|p2a: Scizor|56\/100\n|\n|upkeep\n|turn|44\n|\n|move|p2a: Scizor|Roost|p2a: Scizor\n|-heal|p2a: Scizor|100\/100\n|-singleturn|p2a: Scizor|move: Roost\n|move|p1a: Chansey|Seismic Toss|p2a: Scizor\n|-damage|p2a: Scizor|71\/100\n|\n|upkeep\n|turn|45\n|\n|move|p2a: Scizor|Swords Dance|p2a: Scizor\n|-boost|p2a: Scizor|atk|2\n|move|p1a: Chansey|Seismic Toss|p2a: Scizor\n|-damage|p2a: Scizor|41\/100\n|\n|upkeep\n|turn|46\n|\n|move|p2a: Scizor|U-turn|p1a: Chansey\n|-damage|p1a: Chansey|27\/100\n|\n|switch|p2a: Nidoqueen|Nidoqueen, F|94\/100|[from]move: U-turn\n|-damage|p2a: Nidoqueen|88\/100|[from] Stealth Rock\n|move|p1a: Chansey|Soft-Boiled|p1a: Chansey\n|-heal|p1a: Chansey|77\/100\n|\n|upkeep\n|turn|47\n|\n|switch|p1a: Slowbro|Slowbro, M|78\/100\n|move|p2a: Nidoqueen|Earth Power|p1a: Slowbro\n|-damage|p1a: Slowbro|21\/100\n|\n|upkeep\n|turn|48\n|\n|move|p2a: Nidoqueen|Earth Power|p1a: Slowbro\n|-damage|p1a: Slowbro|0 fnt\n|faint|p1a: Slowbro\n|\n|upkeep\n|\n|switch|p1a: Greninja|Greninja-Ash, M|18\/100\n|turn|49\n|\n|move|p1a: Greninja|Surf|p2a: Nidoqueen\n|-supereffective|p2a: Nidoqueen\n|-damage|p2a: Nidoqueen|0 fnt\n|faint|p2a: Nidoqueen\n|\n|upkeep\n|\n|switch|p2a: Scizor|Scizor-Mega, F|41\/100\n|-damage|p2a: Scizor|29\/100|[from] Stealth Rock\n|turn|50\n|\n|move|p2a: Scizor|Bullet Punch|p1a: Greninja\n|-resisted|p1a: Greninja\n|-damage|p1a: Greninja|0 fnt\n|faint|p1a: Greninja\n|\n|upkeep\n|\n|switch|p1a: Heatran|Heatran, F|92\/100\n|turn|51\n|\n|switch|p2a: Zapdos|Zapdos|64\/100 tox\n|-damage|p2a: Zapdos|40\/100 tox|[from] Stealth Rock\n|-ability|p2a: Zapdos|Pressure\n|move|p1a: Heatran|Magma Storm|p2a: Zapdos|[miss]\n|-miss|p1a: Heatran|p2a: Zapdos\n|\n|-heal|p2a: Zapdos|46\/100 tox|[from] item: Leftovers\n|-damage|p2a: Zapdos|40\/100 tox|[from] psn\n|upkeep\n|turn|52\n|\n|move|p2a: Zapdos|Roost|p2a: Zapdos\n|-heal|p2a: Zapdos|90\/100 tox\n|-singleturn|p2a: Zapdos|move: Roost\n|move|p1a: Heatran|Magma Storm|p2a: Zapdos|[miss]\n|-miss|p1a: Heatran|p2a: Zapdos\n|\n|-heal|p2a: Zapdos|96\/100 tox|[from] item: Leftovers\n|-damage|p2a: Zapdos|84\/100 tox|[from] psn\n|upkeep\n|turn|53\n|\n|move|p2a: Zapdos|Volt Switch|p1a: Heatran\n|-damage|p1a: Heatran|60\/100\n|c|\u2606Dylanronpa|wow\n|\n|switch|p2a: Garchomp|Garchomp, M|100\/100|[from]move: Volt Switch\n|-damage|p2a: Garchomp|94\/100|[from] Stealth Rock\n|move|p1a: Heatran|Magma Storm|p2a: Garchomp|[miss]\n|-miss|p1a: Heatran|p2a: Garchomp\n|\n|upkeep\n|turn|54\n|\n|switch|p1a: Chansey|Chansey, F|77\/100\n|move|p2a: Garchomp|Earthquake|p1a: Chansey\n|-crit|p1a: Chansey\n|-damage|p1a: Chansey|30\/100\n|\n|upkeep\n|turn|55\n|c|\u2606Dylanronpa|i\n|\n|move|p2a: Garchomp|Swords Dance|p2a: Garchomp\n|-boost|p2a: Garchomp|atk|2\n|move|p1a: Chansey|Soft-Boiled|p1a: Chansey\n|-heal|p1a: Chansey|80\/100\n|\n|upkeep\n|turn|56\n|\n|move|p2a: Garchomp|Earthquake|p1a: Chansey\n|-damage|p1a: Chansey|18\/100\n|move|p1a: Chansey|Toxic|p2a: Garchomp\n|-status|p2a: Garchomp|tox\n|\n|-damage|p2a: Garchomp|88\/100 tox|[from] psn\n|upkeep\n|turn|57\n|\n|move|p2a: Garchomp|Earthquake|p1a: Chansey\n|-damage|p1a: Chansey|0 fnt\n|faint|p1a: Chansey\n|\n|-damage|p2a: Garchomp|76\/100 tox|[from] psn\n|upkeep\n|\n|switch|p1a: Heatran|Heatran, F|60\/100\n|turn|58\n|\n|move|p2a: Garchomp|Earthquake|p1a: Heatran\n|-supereffective|p1a: Heatran\n|-damage|p1a: Heatran|0 fnt\n|faint|p1a: Heatran\n|\n|win|lord cube\n|raw|Dylanronpa's rating: 1389 &rarr; <strong>1368<\/strong><br \/>(-21 for losing)\n|raw|lord cube's rating: 1365 &rarr; <strong>1387<\/strong><br \/>(+22 for winning)\n|l|\u2606lord cube\n|c|\u2606Dylanronpa|lucky kids\n|c|\u2606Dylanronpa|smh\n","uploadtime":1566618839,"views":18,"p1id":"dylanronpa","p2id":"lordcube","formatid":"gen7ou","rating":1368,"private":0,"password":null}