{"id":"gen7uu-1438130151","p1":"xasahbae","p2":"TR Hurricane","format":"gen7uu","log":"|j|\u2606xasahbae\n|j|\u2606TR Hurricane\n|inactive|Battle timer is ON: inactive players will automatically lose when time's up.\n|t:|1634630839\n|gametype|singles\n|player|p1|xasahbae|lass-gen4dp|\n|player|p2|TR Hurricane|archer|\n|teamsize|p1|6\n|teamsize|p2|6\n|gen|7\n|tier|[Gen 7] UU\n|rated|Tournament battle\n|rule|Sleep Clause Mod: Limit one foe put to sleep\n|rule|Species Clause: Limit one of each Pok\u00e9mon\n|rule|OHKO Clause: OHKO moves are banned\n|rule|Moody Clause: Moody is banned\n|rule|Evasion Moves Clause: Evasion moves are banned\n|rule|Endless Battle Clause: Forcing endless battles is banned\n|rule|HP Percentage Mod: HP is shown in percentages\n|clearpoke\n|poke|p1|Rotom-Heat|item\n|poke|p1|Altaria, F|item\n|poke|p1|Tentacruel, M|item\n|poke|p1|Krookodile, M|item\n|poke|p1|Necrozma|item\n|poke|p1|Scizor, F|item\n|poke|p2|Froslass, F|item\n|poke|p2|Krookodile, F|item\n|poke|p2|Scizor, F|item\n|poke|p2|Mimikyu, F|item\n|poke|p2|Sharpedo, F|item\n|poke|p2|Latias, F|item\n|teampreview\n|j|*Lady Monita \u263d\n|inactive|TR Hurricane also wants the timer to be on.\n|j| Rnaite\n|j| PokeArt2004\u2764\n|\n|t:|1634630845\n|start\n|switch|p1a: Scizor|Scizor, F|100\/100\n|switch|p2a: Froslass|Froslass, F|100\/100\n|turn|1\n|\n|t:|1634630848\n|move|p2a: Froslass|Spikes|p1a: Scizor\n|-sidestart|p1: xasahbae|Spikes\n|move|p1a: Scizor|U-turn|p2a: Froslass\n|-resisted|p2a: Froslass\n|-damage|p2a: Froslass|70\/100\n|j| Kingston9629\n|c| Kingston9629|gl both!\n|j| K\u00abAb\u00bfIl\u203bApoK\u00ab\n|\n|t:|1634630852\n|switch|p1a: Krookodile|Krookodile, M|100\/100|[from]move: U-turn\n|-damage|p1a: Krookodile|88\/100|[from] Spikes\n|-ability|p1a: Krookodile|Intimidate|boost\n|-unboost|p2a: Froslass|atk|1\n|\n|upkeep\n|turn|2\n|c|\u2606xasahbae|ty\n|\n|t:|1634630861\n|move|p1a: Krookodile|Knock Off|p2a: Froslass\n|-supereffective|p2a: Froslass\n|-damage|p2a: Froslass|0 fnt\n|-enditem|p2a: Froslass|Focus Sash|[from] move: Knock Off|[of] p1a: Krookodile\n|faint|p2a: Froslass\n|\n|upkeep\n|\n|t:|1634630865\n|switch|p2a: Scizor|Scizor, F|100\/100\n|turn|3\n|\n|t:|1634630870\n|switch|p1a: Rotom|Rotom-Heat|100\/100\n|switch|p2a: Krookodile|Krookodile, F|100\/100\n|-ability|p2a: Krookodile|Intimidate|boost\n|-unboost|p1a: Rotom|atk|1\n|\n|upkeep\n|turn|4\n|inactive|xasahbae has 120 seconds left.\n|\n|t:|1634630901\n|move|p2a: Krookodile|Stealth Rock|p1a: Rotom\n|-sidestart|p1: xasahbae|move: Stealth Rock\n|move|p1a: Rotom|Will-O-Wisp|p2a: Krookodile\n|-status|p2a: Krookodile|brn\n|\n|-damage|p2a: Krookodile|94\/100 brn|[from] brn\n|upkeep\n|turn|5\n|\n|t:|1634630907\n|switch|p1a: Scizor|Scizor, F|100\/100\n|-damage|p1a: Scizor|88\/100|[from] Spikes\n|-damage|p1a: Scizor|76\/100|[from] Stealth Rock\n|move|p2a: Krookodile|Taunt|p1a: Scizor\n|-start|p1a: Scizor|move: Taunt\n|\n|-damage|p2a: Krookodile|88\/100 brn|[from] brn\n|upkeep\n|turn|6\n|\n|t:|1634630912\n|move|p2a: Krookodile|Knock Off|p1a: Scizor\n|-damage|p1a: Scizor|59\/100\n|move|p1a: Scizor|U-turn|p2a: Krookodile\n|-supereffective|p2a: Krookodile\n|-damage|p2a: Krookodile|0 fnt\n|faint|p2a: Krookodile\n|j| Troop plays\n|c|\u2606TR Hurricane|Ahh bug z\n|c|\u2606xasahbae|ye\n|j| Esw3r\n|inactive|xasahbae has 120 seconds left.\n|\n|t:|1634630939\n|switch|p1a: Rotom|Rotom-Heat|100\/100|[from]move: U-turn\n|-damage|p1a: Rotom|75\/100|[from] Stealth Rock\n|\n|-heal|p1a: Rotom|81\/100|[from] item: Leftovers\n|upkeep\n|\n|t:|1634630954\n|switch|p2a: Latias|Latias, F|100\/100\n|turn|7\n|j| MicoyTancinco12@!\n|inactive|xasahbae has 120 seconds left.\n|j| prenklo\n|\n|t:|1634630969\n|move|p2a: Latias|Calm Mind|p2a: Latias\n|-boost|p2a: Latias|spa|1\n|-boost|p2a: Latias|spd|1\n|move|p1a: Rotom|Volt Switch|p2a: Latias\n|-resisted|p2a: Latias\n|-damage|p2a: Latias|92\/100\n|\n|t:|1634630978\n|switch|p1a: Krookodile|Krookodile, M|88\/100|[from]move: Volt Switch\n|-damage|p1a: Krookodile|82\/100|[from] Stealth Rock\n|-damage|p1a: Krookodile|70\/100|[from] Spikes\n|-ability|p1a: Krookodile|Intimidate|boost\n|-unboost|p2a: Latias|atk|1\n|\n|upkeep\n|turn|8\n|\n|t:|1634630984\n|move|p1a: Krookodile|Knock Off|p2a: Latias\n|-supereffective|p2a: Latias\n|-damage|p2a: Latias|10\/100\n|move|p2a: Latias|Ice Beam|p1a: Krookodile\n|-supereffective|p1a: Krookodile\n|-damage|p1a: Krookodile|0 fnt\n|faint|p1a: Krookodile\n|\n|upkeep\n|\n|t:|1634630987\n|switch|p1a: Scizor|Scizor, F|59\/100\n|-damage|p1a: Scizor|47\/100|[from] Spikes\n|-damage|p1a: Scizor|35\/100|[from] Stealth Rock\n|turn|9\n|\n|t:|1634630990\n|switch|p2a: Scizor|Scizor, F|100\/100\n|move|p1a: Scizor|Bullet Punch|p2a: Scizor\n|-resisted|p2a: Scizor\n|-damage|p2a: Scizor|81\/100\n|\n|upkeep\n|turn|10\n|\n|t:|1634630996\n|move|p2a: Scizor|Swords Dance|p2a: Scizor\n|-boost|p2a: Scizor|atk|2\n|move|p1a: Scizor|Roost|p1a: Scizor\n|-heal|p1a: Scizor|85\/100\n|-singleturn|p1a: Scizor|move: Roost\n|\n|upkeep\n|turn|11\n|l| Troop plays\n|\n|t:|1634631000\n|move|p2a: Scizor|Superpower|p1a: Scizor\n|-damage|p1a: Scizor|0 fnt\n|-unboost|p2a: Scizor|atk|1\n|-unboost|p2a: Scizor|def|1\n|faint|p1a: Scizor\n|-damage|p2a: Scizor|72\/100|[from] item: Life Orb\n|\n|upkeep\n|\n|t:|1634631007\n|switch|p1a: Rotom|Rotom-Heat|81\/100\n|-damage|p1a: Rotom|57\/100|[from] Stealth Rock\n|turn|12\n|c|\u2606xasahbae|gg\n|\n|t:|1634631017\n|move|p2a: Scizor|Quick Attack|p1a: Rotom\n|-damage|p1a: Rotom|11\/100\n|-damage|p2a: Scizor|62\/100|[from] item: Life Orb\n|move|p1a: Rotom|Overheat|p2a: Scizor\n|-supereffective|p2a: Scizor\n|-damage|p2a: Scizor|0 fnt\n|-unboost|p1a: Rotom|spa|2\n|faint|p2a: Scizor\n|\n|-heal|p1a: Rotom|17\/100|[from] item: Leftovers\n|upkeep\n|\n|t:|1634631024\n|switch|p2a: Sharpedo|Sharpedo, F|100\/100\n|turn|13\n|\n|t:|1634631029\n|move|p1a: Rotom|Volt Switch|p2a: Sharpedo\n|-supereffective|p2a: Sharpedo\n|-damage|p2a: Sharpedo|41\/100\n|\n|t:|1634631035\n|switch|p1a: Tentacruel|Tentacruel, M|100\/100|[from]move: Volt Switch\n|-damage|p1a: Tentacruel|88\/100|[from] Stealth Rock\n|-damage|p1a: Tentacruel|76\/100|[from] Spikes\n|move|p2a: Sharpedo|Crunch|p1a: Tentacruel\n|-damage|p1a: Tentacruel|24\/100\n|-unboost|p1a: Tentacruel|def|1\n|\n|-heal|p1a: Tentacruel|30\/100|[from] item: Black Sludge\n|-ability|p2a: Sharpedo|Speed Boost|boost\n|-boost|p2a: Sharpedo|spe|1\n|upkeep\n|turn|14\n|j| Oreotrague\n|j|^Axelsior\n|\n|t:|1634631050\n|move|p2a: Sharpedo|Crunch|p1a: Tentacruel\n|-damage|p1a: Tentacruel|0 fnt\n|faint|p1a: Tentacruel\n|\n|-ability|p2a: Sharpedo|Speed Boost|boost\n|-boost|p2a: Sharpedo|spe|1\n|upkeep\n|\n|t:|1634631053\n|switch|p1a: Altaria|Altaria, F|100\/100\n|-damage|p1a: Altaria|76\/100|[from] Stealth Rock\n|turn|15\n|\n|t:|1634631058\n|detailschange|p2a: Sharpedo|Sharpedo-Mega, F\n|-mega|p2a: Sharpedo|Sharpedo|Sharpedonite\n|detailschange|p1a: Altaria|Altaria-Mega, F\n|-mega|p1a: Altaria|Altaria|Altarianite\n|move|p2a: Sharpedo|Ice Fang|p1a: Altaria|[miss]\n|-miss|p2a: Sharpedo|p1a: Altaria\n|move|p1a: Altaria|Frustration|p2a: Sharpedo\n|-supereffective|p2a: Sharpedo\n|-damage|p2a: Sharpedo|0 fnt\n|faint|p2a: Sharpedo\n|\n|upkeep\n|c|\u2606xasahbae|ouch\n|c|\u2606TR Hurricane|Oh\n|j| memedose46\n|l| Rnaite\n|-message|xasahbae forfeited.\n|\n|win|TR Hurricane\n|n|\u2606xasahbae|xasahbae\n|n|\u2606TR Hurricane|trhurricane\n|n|*Lady Monita \u263d|ladymonita\n|n| PokeArt2004\u2764|pokeart2004\n|n| Kingston9629|kingston9629\n|n| K\u00abAb\u00bfIl\u203bApoK\u00ab|kabilapok\n|n| Esw3r|esw3r\n|n| MicoyTancinco12@!|micoytancinco12\n|n| prenklo|prenklo\n|n| Oreotrague|oreotrague\n|n| Axelsior|axelsior\n|n| memedose46|memedose46\n","uploadtime":1634631069,"views":13,"p1id":"xasahbae","p2id":"trhurricane","formatid":"gen7uu","rating":0,"private":0,"password":null}