{"id":"gen7ou-1706977455","p1":"Dragon Messenger","p2":"ScottsGreatTeam","format":"gen7ou","log":"|j|\u2606Dragon Messenger\n|j|\u2606ScottsGreatTeam\n|t:|1668038228\n|gametype|singles\n|player|p1|Dragon Messenger|lance|1203\n|player|p2|ScottsGreatTeam|265|1097\n|teamsize|p1|6\n|teamsize|p2|6\n|gen|7\n|tier|[Gen 7] OU\n|rated|\n|rule|Sleep Clause Mod: Limit one foe put to sleep\n|rule|Species Clause: Limit one of each Pok\u00e9mon\n|rule|OHKO Clause: OHKO moves are banned\n|rule|Moody Clause: Moody is banned\n|rule|Evasion Items Clause: Evasion items are banned\n|rule|Evasion Moves Clause: Evasion moves are banned\n|rule|Endless Battle Clause: Forcing endless battles is banned\n|rule|HP Percentage Mod: HP is shown in percentages\n|clearpoke\n|poke|p1|Swampert, M|item\n|poke|p1|Pelipper, F|item\n|poke|p1|Ferrothorn, F|item\n|poke|p1|Kingdra, F|item\n|poke|p1|Tapu Koko|item\n|poke|p1|Hawlucha, F|item\n|poke|p2|Espeon, M|item\n|poke|p2|Moltres|item\n|poke|p2|Dragonite, M|item\n|poke|p2|Chansey, F|item\n|poke|p2|Beedrill, M|item\n|poke|p2|Starmie|item\n|teampreview\n|\n|t:|1668038256\n|start\n|switch|p1a: Pelipper|Pelipper, F|100\/100\n|switch|p2a: Chansey|Chansey, F|100\/100\n|-weather|RainDance|[from] ability: Drizzle|[of] p1a: Pelipper\n|turn|1\n|\n|t:|1668038264\n|move|p2a: Chansey|Stealth Rock|p1a: Pelipper\n|-sidestart|p1: Dragon Messenger|move: Stealth Rock\n|move|p1a: Pelipper|U-turn|p2a: Chansey\n|-damage|p2a: Chansey|95\/100\n|\n|t:|1668038267\n|switch|p1a: Swampert|Swampert, M|100\/100|[from]move: U-turn\n|-damage|p1a: Swampert|94\/100|[from] Stealth Rock\n|\n|-weather|RainDance|[upkeep]\n|upkeep\n|turn|2\n|\n|t:|1668038289\n|switch|p2a: Beedrill|Beedrill, M|100\/100\n|detailschange|p1a: Swampert|Swampert-Mega, M\n|-mega|p1a: Swampert|Swampert|Swampertite\n|move|p1a: Swampert|Waterfall|p2a: Beedrill\n|-damage|p2a: Beedrill|0 fnt\n|faint|p2a: Beedrill\n|\n|-weather|RainDance|[upkeep]\n|upkeep\n|\n|t:|1668038309\n|switch|p2a: Espeon|Espeon, M|100\/100\n|turn|3\n|\n|t:|1668038316\n|move|p1a: Swampert|Waterfall|p2a: Espeon\n|-damage|p2a: Espeon|0 fnt\n|faint|p2a: Espeon\n|\n|-weather|RainDance|[upkeep]\n|upkeep\n|\n|t:|1668038322\n|switch|p2a: Starmie|Starmie|100\/100\n|turn|4\n|\n|t:|1668038328\n|move|p1a: Swampert|Earthquake|p2a: Starmie\n|-damage|p2a: Starmie|10\/100\n|-enditem|p2a: Starmie|Wiki Berry|[eat]\n|-heal|p2a: Starmie|60\/100|[from] item: Wiki Berry\n|move|p2a: Starmie|Psychic|p1a: Swampert\n|-damage|p1a: Swampert|46\/100\n|\n|-weather|RainDance|[upkeep]\n|upkeep\n|turn|5\n|\n|t:|1668038338\n|move|p1a: Swampert|Earthquake|p2a: Starmie\n|-damage|p2a: Starmie|0 fnt\n|faint|p2a: Starmie\n|\n|-weather|RainDance|[upkeep]\n|upkeep\n|\n|t:|1668038343\n|switch|p2a: Dragonite|Dragonite, M|100\/100\n|turn|6\n|\n|t:|1668038351\n|move|p1a: Swampert|Ice Punch|p2a: Dragonite\n|-supereffective|p2a: Dragonite\n|-damage|p2a: Dragonite|28\/100\n|-enditem|p2a: Dragonite|Weakness Policy\n|-boost|p2a: Dragonite|atk|2|[from] item: Weakness Policy\n|-boost|p2a: Dragonite|spa|2|[from] item: Weakness Policy\n|move|p2a: Dragonite|Dragon Dance|p2a: Dragonite\n|-boost|p2a: Dragonite|atk|1\n|-boost|p2a: Dragonite|spe|1\n|\n|-weather|RainDance|[upkeep]\n|upkeep\n|turn|7\n|\n|t:|1668038364\n|move|p1a: Swampert|Ice Punch|p2a: Dragonite\n|-supereffective|p2a: Dragonite\n|-damage|p2a: Dragonite|0 fnt\n|faint|p2a: Dragonite\n|\n|-weather|RainDance|[upkeep]\n|upkeep\n|\n|t:|1668038368\n|switch|p2a: Moltres|Moltres|100\/100\n|turn|8\n|\n|t:|1668038389\n|move|p1a: Swampert|Waterfall|p2a: Moltres\n|-supereffective|p2a: Moltres\n|-damage|p2a: Moltres|0 fnt\n|faint|p2a: Moltres\n|\n|-weather|none\n|upkeep\n|-message|ScottsGreatTeam forfeited.\n|\n|win|Dragon Messenger\n|raw|Dragon Messenger's rating: 1203 &rarr; <strong>1221<\/strong><br \/>(+18 for winning)\n|raw|ScottsGreatTeam's rating: 1097 &rarr; <strong>1080<\/strong><br \/>(-17 for losing)\n|l|\u2606ScottsGreatTeam\n||Ladder isn't responding, score probably updated but might not have (Request timeout).\n","uploadtime":1668038404,"views":8,"p1id":"dragonmessenger","p2id":"scottsgreatteam","formatid":"gen7ou","rating":1080,"private":0,"password":null}