{"id":"gen7ou-803154251","p1":"Pitaye","p2":"ThouJoker","format":"gen7ou","log":"|j|\u2606Pitaye\n|j|\u2606ThouJoker\n|player|p1|Pitaye|36\n|player|p2|ThouJoker|30\n|teamsize|p1|6\n|teamsize|p2|6\n|gametype|singles\n|gen|7\n|tier|[Gen 7] OU\n|rated|\n|rule|Sleep Clause Mod: Limit one foe put to sleep\n|rule|Species Clause: Limit one of each Pok\u00e9mon\n|rule|OHKO Clause: OHKO moves are banned\n|rule|Moody Clause: Moody is banned\n|rule|Evasion Moves Clause: Evasion moves are banned\n|rule|Endless Battle Clause: Forcing endless battles is banned\n|rule|HP Percentage Mod: HP is shown in percentages\n|clearpoke\n|poke|p1|Landorus-Therian, M|item\n|poke|p1|Swampert, F|item\n|poke|p1|Pelipper, F|item\n|poke|p1|Tornadus-Therian, M|item\n|poke|p1|Greninja, M|item\n|poke|p1|Ferrothorn, F|item\n|poke|p2|Venusaur, F|item\n|poke|p2|Greninja, M|item\n|poke|p2|Volcarona, F|item\n|poke|p2|Clefable, F|item\n|poke|p2|Dragonite, F|item\n|poke|p2|Excadrill, F|item\n|teampreview\n|j| Sailfish OS\n|\n|start\n|switch|p1a: \u00c9ole|Tornadus-Therian, M|100\/100\n|switch|p2a: Greninja|Greninja, M|100\/100\n|turn|1\n|c| Sailfish OS|volcarona everywhere...\n|c|\u2606Pitaye|yeah\n|\n|switch|p2a: Volcarona|Volcarona, F|100\/100\n|switch|p1a: Ortie|Ferrothorn, F|100\/100\n|\n|upkeep\n|turn|2\n|c| Sailfish OS|good to see some love for this mon again\n|\n|switch|p1a: Kero|Greninja, M|100\/100\n|move|p2a: Volcarona|Quiver Dance|p2a: Volcarona\n|-boost|p2a: Volcarona|spa|1\n|-boost|p2a: Volcarona|spd|1\n|-boost|p2a: Volcarona|spe|1\n|\n|upkeep\n|turn|3\n|\n|move|p1a: Kero|Water Shuriken|p2a: Volcarona\n|-supereffective|p2a: Volcarona\n|-damage|p2a: Volcarona|85\/100\n|-supereffective|p2a: Volcarona\n|-damage|p2a: Volcarona|70\/100\n|-supereffective|p2a: Volcarona\n|-damage|p2a: Volcarona|54\/100\n|-hitcount|p2a: Volcarona|3\n|move|p2a: Volcarona|Bug Buzz|p1a: Kero\n|-supereffective|p1a: Kero\n|-damage|p1a: Kero|0 fnt\n|faint|p1a: Kero\n|\n|upkeep\n|\n|switch|p1a: Chota|Pelipper, F|100\/100\n|-weather|RainDance|[from] ability: Drizzle|[of] p1a: Chota\n|turn|4\n|\n|-zpower|p2a: Volcarona\n|move|p2a: Volcarona|Shattered Psyche|p1a: Chota|[zeffect]\n|-damage|p1a: Chota|9\/100\n|move|p1a: Chota|Scald|p2a: Volcarona\n|-supereffective|p2a: Volcarona\n|-damage|p2a: Volcarona|0 fnt\n|faint|p2a: Volcarona\n|\n|-weather|RainDance|[upkeep]\n|upkeep\n|\n|switch|p2a: Greninja|Greninja, M|100\/100\n|turn|5\n|\n|switch|p1a: Ortie|Ferrothorn, F|100\/100\n|move|p2a: Greninja|Low Kick|p1a: Ortie\n|-start|p2a: Greninja|typechange|Fighting|[from] Protean\n|-supereffective|p1a: Ortie\n|-damage|p1a: Ortie|13\/100\n|-damage|p2a: Greninja|88\/100|[from] ability: Iron Barbs|[of] p1a: Ortie\n|-damage|p2a: Greninja|78\/100|[from] item: Life Orb\n|\n|-weather|RainDance|[upkeep]\n|-heal|p1a: Ortie|20\/100|[from] item: Leftovers\n|upkeep\n|turn|6\n|\n|move|p2a: Greninja|Low Kick|p1a: Ortie\n|-supereffective|p1a: Ortie\n|-damage|p1a: Ortie|0 fnt\n|-damage|p2a: Greninja|66\/100|[from] ability: Iron Barbs|[of] p1a: Ortie\n|-damage|p2a: Greninja|56\/100|[from] item: Life Orb\n|faint|p1a: Ortie\n|\n|-weather|RainDance|[upkeep]\n|upkeep\n|\n|switch|p1a: Namor|Swampert, F|100\/100\n|turn|7\n|\n|detailschange|p1a: Namor|Swampert-Mega, F\n|-mega|p1a: Namor|Swampert|Swampertite\n|move|p1a: Namor|Ice Punch|p2a: Greninja\n|-damage|p2a: Greninja|4\/100\n|move|p2a: Greninja|U-turn|p1a: Namor\n|-start|p2a: Greninja|typechange|Bug|[from] Protean\n|-damage|p1a: Namor|65\/100\n|-damage|p2a: Greninja|0 fnt|[from] item: Life Orb\n|faint|p2a: Greninja\n|\n|-weather|RainDance|[upkeep]\n|upkeep\n|\n|switch|p2a: Venusaur|Venusaur, F|100\/100\n|turn|8\n|\n|switch|p1a: \u00c9ole|Tornadus-Therian, M|100\/100\n|detailschange|p2a: Venusaur|Venusaur-Mega, F\n|-mega|p2a: Venusaur|Venusaur|Venusaurite\n|move|p2a: Venusaur|Sludge Bomb|p1a: \u00c9ole\n|-damage|p1a: \u00c9ole|45\/100\n|\n|-weather|RainDance|[upkeep]\n|upkeep\n|turn|9\n|\n|switch|p2a: Excadrill|Excadrill, F|100\/100\n|-ability|p2a: Excadrill|Mold Breaker\n|move|p1a: \u00c9ole|Knock Off|p2a: Excadrill\n|-damage|p2a: Excadrill|56\/100\n|-enditem|p2a: Excadrill|Choice Scarf|[from] move: Knock Off|[of] p1a: \u00c9ole\n|-damage|p1a: \u00c9ole|35\/100|[from] item: Life Orb\n|\n|-weather|RainDance|[upkeep]\n|upkeep\n|turn|10\n|\n|move|p1a: \u00c9ole|Taunt|p2a: Excadrill\n|-start|p2a: Excadrill|move: Taunt\n|move|p2a: Excadrill|Rock Slide|p1a: \u00c9ole\n|-supereffective|p1a: \u00c9ole\n|-damage|p1a: \u00c9ole|0 fnt\n|faint|p1a: \u00c9ole\n|\n|-weather|RainDance|[upkeep]\n|upkeep\n|\n|switch|p1a: Meow Meow|Landorus-Therian, M|100\/100\n|-ability|p1a: Meow Meow|Intimidate|boost\n|-unboost|p2a: Excadrill|atk|1\n|turn|11\n|\n|switch|p2a: Clefable|Clefable, F|100\/100\n|move|p1a: Meow Meow|Smack Down|p2a: Clefable\n|-damage|p2a: Clefable|84\/100\n|\n|-weather|none\n|-heal|p2a: Clefable|90\/100|[from] item: Leftovers\n|upkeep\n|turn|12\n|\n|switch|p1a: Chota|Pelipper, F|9\/100\n|-weather|RainDance|[from] ability: Drizzle|[of] p1a: Chota\n|move|p2a: Clefable|Wish|p2a: Clefable\n|\n|-weather|RainDance|[upkeep]\n|-heal|p2a: Clefable|96\/100|[from] item: Leftovers\n|upkeep\n|turn|13\n|\n|move|p1a: Chota|Roost|p1a: Chota\n|-heal|p1a: Chota|59\/100\n|move|p2a: Clefable|Stealth Rock|p1a: Chota\n|-sidestart|p1: Pitaye|move: Stealth Rock\n|\n|-weather|RainDance|[upkeep]\n|-heal|p2a: Clefable|100\/100|[from] move: Wish|[wisher] Clefable\n|upkeep\n|turn|14\n|\n|move|p1a: Chota|Defog|p2a: Clefable\n|-unboost|p2a: Clefable|evasion|1\n|-sideend|p1: Pitaye|Stealth Rock|[from] move: Defog|[of] p1a: Chota\n|move|p2a: Clefable|Moonblast|p1a: Chota\n|-damage|p1a: Chota|27\/100\n|\n|-weather|RainDance|[upkeep]\n|upkeep\n|turn|15\n|\n|move|p1a: Chota|Roost|p1a: Chota\n|-heal|p1a: Chota|77\/100\n|move|p2a: Clefable|Moonblast|p1a: Chota\n|-damage|p1a: Chota|43\/100\n|-unboost|p1a: Chota|spa|1\n|\n|-weather|RainDance|[upkeep]\n|upkeep\n|turn|16\n|\n|move|p1a: Chota|Roost|p1a: Chota\n|-heal|p1a: Chota|93\/100\n|move|p2a: Clefable|Wish|p2a: Clefable\n|\n|-weather|RainDance|[upkeep]\n|upkeep\n|turn|17\n|\n|move|p1a: Chota|U-turn|p2a: Clefable\n|-resisted|p2a: Clefable\n|-damage|p2a: Clefable|97\/100\n|\n|switch|p1a: Namor|Swampert-Mega, F|65\/100\n|move|p2a: Clefable|Moonblast|p1a: Namor\n|-damage|p1a: Namor|38\/100\n|-unboost|p1a: Namor|spa|1\n|\n|-weather|RainDance|[upkeep]\n|-heal|p2a: Clefable|100\/100|[from] move: Wish|[wisher] Clefable\n|upkeep\n|turn|18\n|\n|switch|p2a: Dragonite|Dragonite, F|100\/100\n|move|p1a: Namor|Earthquake|p2a: Dragonite\n|-immune|p2a: Dragonite|[msg]\n|\n|-weather|RainDance|[upkeep]\n|upkeep\n|turn|19\n|\n|move|p1a: Namor|Ice Punch|p2a: Dragonite\n|-supereffective|p2a: Dragonite\n|-damage|p2a: Dragonite|35\/100\n|-enditem|p2a: Dragonite|Weakness Policy\n|-boost|p2a: Dragonite|atk|2\n|-boost|p2a: Dragonite|spa|2\n|move|p2a: Dragonite|Dragon Dance|p2a: Dragonite\n|-boost|p2a: Dragonite|atk|1\n|-boost|p2a: Dragonite|spe|1\n|\n|-weather|none\n|upkeep\n|turn|20\n|\n|move|p2a: Dragonite|Dragon Claw|p1a: Namor\n|-damage|p1a: Namor|0 fnt\n|faint|p1a: Namor\n|\n|upkeep\n|\n|switch|p1a: Meow Meow|Landorus-Therian, M|100\/100\n|-ability|p1a: Meow Meow|Intimidate|boost\n|-unboost|p2a: Dragonite|atk|1\n|turn|21\n|\n|switch|p1a: Chota|Pelipper, F|93\/100\n|-weather|RainDance|[from] ability: Drizzle|[of] p1a: Chota\n|move|p2a: Dragonite|Dragon Claw|p1a: Chota\n|-damage|p1a: Chota|18\/100\n|\n|-weather|RainDance|[upkeep]\n|upkeep\n|turn|22\n|\n|move|p2a: Dragonite|Extreme Speed|p1a: Chota\n|-damage|p1a: Chota|0 fnt\n|faint|p1a: Chota\n|\n|-weather|RainDance|[upkeep]\n|upkeep\n|\n|switch|p1a: Meow Meow|Landorus-Therian, M|100\/100\n|-ability|p1a: Meow Meow|Intimidate|boost\n|-unboost|p2a: Dragonite|atk|1\n|turn|23\n|\n|move|p2a: Dragonite|Dragon Claw|p1a: Meow Meow\n|-damage|p1a: Meow Meow|25\/100\n|move|p1a: Meow Meow|Smack Down|p2a: Dragonite\n|-supereffective|p2a: Dragonite\n|-damage|p2a: Dragonite|0 fnt\n|faint|p2a: Dragonite\n|\n|-weather|RainDance|[upkeep]\n|upkeep\n|-message|Pitaye forfeited.\n|\n|win|ThouJoker\n|l|\u2606Pitaye\n|raw|Pitaye's rating: 1738 &rarr; <strong>1716<\/strong><br \/>(-22 for losing)\n|raw|ThouJoker's rating: 1699 &rarr; <strong>1721<\/strong><br \/>(+22 for winning)\n","uploadtime":1536500694,"views":1,"p1id":"pitaye","p2id":"thoujoker","formatid":"gen7ou","rating":1716,"private":0,"password":null}