{"id":"gen7ou-828108015","p1":"haruhi-sama","p2":"H4WT \u2605","format":"gen7ou","log":"|j|\u2606haruhi-sama\n|j|\u2606H4WT \u2605\n|player|p1|haruhi-sama|138\n|player|p2|H4WT \u2605|165\n|teamsize|p1|6\n|teamsize|p2|6\n|gametype|singles\n|gen|7\n|tier|[Gen 7] OU\n|rated|\n|rule|Sleep Clause Mod: Limit one foe put to sleep\n|rule|Species Clause: Limit one of each Pok\u00e9mon\n|rule|OHKO Clause: OHKO moves are banned\n|rule|Moody Clause: Moody is banned\n|rule|Evasion Moves Clause: Evasion moves are banned\n|rule|Endless Battle Clause: Forcing endless battles is banned\n|rule|HP Percentage Mod: HP is shown in percentages\n|clearpoke\n|poke|p1|Mawile, F|item\n|poke|p1|Greninja, M|item\n|poke|p1|Landorus-Therian, M|item\n|poke|p1|Magearna|item\n|poke|p1|Tapu Koko|item\n|poke|p1|Hawlucha, M|item\n|poke|p2|Tyranitar, M|item\n|poke|p2|Kyurem|item\n|poke|p2|Jirachi|item\n|poke|p2|Tornadus-Therian, M|item\n|poke|p2|Toxapex, F|item\n|poke|p2|Landorus-Therian, M|item\n|teampreview\n|inactive|Battle timer is ON: inactive players will automatically lose when time's up. (requested by haruhi-sama)\n|\n|start\n|switch|p1a: Landorus|Landorus-Therian, M|100\/100\n|switch|p2a: Jirachi|Jirachi, shiny|100\/100\n|-ability|p1a: Landorus|Intimidate|boost\n|-unboost|p2a: Jirachi|atk|1\n|turn|1\n|\n|switch|p2a: Tornadus|Tornadus-Therian, M|100\/100\n|move|p1a: Landorus|Stealth Rock|p2a: Tornadus\n|-sidestart|p2: H4WT \u2605|move: Stealth Rock\n|\n|upkeep\n|turn|2\n|\n|move|p2a: Tornadus|Defog|p1a: Landorus\n|-unboost|p1a: Landorus|evasion|1\n|-sideend|p2: H4WT \u2605|Stealth Rock|[from] move: Defog|[of] p2a: Tornadus\n|move|p1a: Landorus|U-turn|p2a: Tornadus\n|-resisted|p2a: Tornadus\n|-damage|p2a: Tornadus|88\/100\n|\n|switch|p1a: Tapu Koko|Tapu Koko|100\/100\n|-fieldstart|move: Electric Terrain|[from] ability: Electric Surge|[of] p1a: Tapu Koko\n|\n|upkeep\n|turn|3\n|\n|switch|p2a: Kyurem|Kyurem|100\/100\n|-ability|p2a: Kyurem|Pressure\n|move|p1a: Tapu Koko|Dazzling Gleam|p2a: Kyurem\n|-supereffective|p2a: Kyurem\n|-damage|p2a: Kyurem|34\/100\n|\n|upkeep\n|turn|4\n|\n|switch|p1a: Magearna|Magearna|100\/100\n|switch|p2a: Jirachi|Jirachi, shiny|100\/100\n|\n|upkeep\n|turn|5\n|\n|move|p2a: Jirachi|Iron Head|p1a: Magearna\n|-damage|p1a: Magearna|78\/100\n|cant|p1a: Magearna|flinch\n|\n|upkeep\n|turn|6\n|\n|move|p2a: Jirachi|Iron Head|p1a: Magearna\n|-crit|p1a: Magearna\n|-damage|p1a: Magearna|39\/100\n|move|p1a: Magearna|Volt Switch|p2a: Jirachi\n|-damage|p2a: Jirachi|71\/100\n|\n|switch|p1a: Greninja|Greninja, M|100\/100\n|\n|-fieldend|move: Electric Terrain\n|upkeep\n|turn|7\n|\n|switch|p2a: Toxapex|Toxapex, F|100\/100\n|move|p1a: Greninja|Dark Pulse|p2a: Toxapex\n|-damage|p2a: Toxapex|67\/100\n|\n|-heal|p2a: Toxapex|73\/100|[from] item: Black Sludge\n|upkeep\n|turn|8\n|j| SSJ Black Goku\n|\n|switch|p1a: Tapu Koko|Tapu Koko|100\/100\n|-fieldstart|move: Electric Terrain|[from] ability: Electric Surge|[of] p1a: Tapu Koko\n|move|p2a: Toxapex|Scald|p1a: Tapu Koko\n|-damage|p1a: Tapu Koko|76\/100\n|-status|p1a: Tapu Koko|brn\n|\n|-heal|p2a: Toxapex|79\/100|[from] item: Black Sludge\n|-damage|p1a: Tapu Koko|70\/100 brn|[from] brn\n|upkeep\n|turn|9\n|\n|switch|p2a: Landorus|Landorus-Therian, M|100\/100\n|-ability|p2a: Landorus|Intimidate|boost\n|-unboost|p1a: Tapu Koko|atk|1\n|move|p1a: Tapu Koko|Volt Switch|p2a: Landorus\n|-immune|p2a: Landorus\n|\n|-damage|p1a: Tapu Koko|64\/100 brn|[from] brn\n|upkeep\n|turn|10\n|inactive|H4WT \u2605 has 120 seconds left.\n|inactive|H4WT \u2605 has 90 seconds left.\n|\n|switch|p1a: Landorus|Landorus-Therian, M|100\/100\n|-ability|p1a: Landorus|Intimidate|boost\n|-unboost|p2a: Landorus|atk|1\n|switch|p2a: Tornadus|Tornadus-Therian, M|100\/100\n|\n|upkeep\n|turn|11\n|\n|switch|p1a: Tapu Koko|Tapu Koko|64\/100 brn\n|move|p2a: Tornadus|Hurricane|p1a: Tapu Koko\n|-resisted|p1a: Tapu Koko\n|-damage|p1a: Tapu Koko|33\/100 brn\n|-start|p1a: Tapu Koko|confusion\n|\n|-damage|p1a: Tapu Koko|26\/100 brn|[from] brn\n|upkeep\n|turn|12\n|\n|-activate|p1a: Tapu Koko|confusion\n|-zpower|p1a: Tapu Koko\n|move|p1a: Tapu Koko|Gigavolt Havoc|p2a: Tornadus|[zeffect]\n|-supereffective|p2a: Tornadus\n|-damage|p2a: Tornadus|0 fnt\n|faint|p2a: Tornadus\n|\n|-damage|p1a: Tapu Koko|20\/100 brn|[from] brn\n|-fieldend|move: Electric Terrain\n|upkeep\n|\n|switch|p2a: Jirachi|Jirachi, shiny|71\/100\n|turn|13\n|\n|switch|p1a: Landorus|Landorus-Therian, M|100\/100\n|-ability|p1a: Landorus|Intimidate|boost\n|-unboost|p2a: Jirachi|atk|1\n|move|p2a: Jirachi|U-turn|p1a: Landorus\n|-resisted|p1a: Landorus\n|-damage|p1a: Landorus|96\/100\n|-damage|p2a: Jirachi|54\/100|[from] item: Rocky Helmet|[of] p1a: Landorus\n|\n|switch|p2a: Kyurem|Kyurem|34\/100\n|-ability|p2a: Kyurem|Pressure\n|\n|upkeep\n|turn|14\n|\n|switch|p1a: Magearna|Magearna|39\/100\n|move|p2a: Kyurem|Substitute|p2a: Kyurem\n|-start|p2a: Kyurem|Substitute\n|-damage|p2a: Kyurem|10\/100\n|\n|upkeep\n|turn|15\n|\n|move|p2a: Kyurem|Earth Power|p1a: Magearna\n|-supereffective|p1a: Magearna\n|-crit|p1a: Magearna\n|-damage|p1a: Magearna|1\/100\n|-unboost|p1a: Magearna|spd|1\n|move|p1a: Magearna|Iron Head|p2a: Kyurem\n|-supereffective|p2a: Kyurem\n|-end|p2a: Kyurem|Substitute\n|\n|upkeep\n|turn|16\n|\n|move|p2a: Kyurem|Earth Power|p1a: Magearna\n|-supereffective|p1a: Magearna\n|-damage|p1a: Magearna|0 fnt\n|faint|p1a: Magearna\n|\n|upkeep\n|\n|switch|p1a: Greninja|Greninja, M|100\/100\n|turn|17\n|\n|switch|p2a: Tyranitar|Tyranitar, M|100\/100\n|-weather|Sandstorm|[from] ability: Sand Stream|[of] p2a: Tyranitar\n|move|p1a: Greninja|Dark Pulse|p2a: Tyranitar\n|-resisted|p2a: Tyranitar\n|-damage|p2a: Tyranitar|87\/100\n|\n|-weather|Sandstorm|[upkeep]\n|-damage|p1a: Greninja|95\/100|[from] Sandstorm\n|upkeep\n|turn|18\n|\n|switch|p1a: Tapu Koko|Tapu Koko|20\/100 brn\n|-fieldstart|move: Electric Terrain|[from] ability: Electric Surge|[of] p1a: Tapu Koko\n|move|p2a: Tyranitar|Dragon Dance|p2a: Tyranitar\n|-boost|p2a: Tyranitar|atk|1\n|-boost|p2a: Tyranitar|spe|1\n|\n|-weather|Sandstorm|[upkeep]\n|-damage|p1a: Tapu Koko|14\/100 brn|[from] Sandstorm\n|-damage|p1a: Tapu Koko|8\/100 brn|[from] brn\n|upkeep\n|turn|19\n|\n|switch|p1a: Landorus|Landorus-Therian, M|96\/100\n|-ability|p1a: Landorus|Intimidate|boost\n|-unboost|p2a: Tyranitar|atk|1\n|switch|p2a: Kyurem|Kyurem|10\/100\n|-ability|p2a: Kyurem|Pressure\n|\n|-weather|Sandstorm|[upkeep]\n|-damage|p2a: Kyurem|3\/100|[from] Sandstorm\n|upkeep\n|turn|20\n|\n|switch|p1a: Tapu Koko|Tapu Koko|8\/100 brn\n|move|p2a: Kyurem|Ice Beam|p1a: Tapu Koko\n|-damage|p1a: Tapu Koko|0 fnt\n|faint|p1a: Tapu Koko\n|\n|-weather|Sandstorm|[upkeep]\n|-damage|p2a: Kyurem|0 fnt|[from] Sandstorm\n|upkeep\n|faint|p2a: Kyurem\n|\n|switch|p1a: Hawlucha|Hawlucha, M|100\/100\n|switch|p2a: Landorus|Landorus-Therian, M|100\/100\n|-enditem|p1a: Hawlucha|Electric Seed\n|-boost|p1a: Hawlucha|def|1\n|-ability|p2a: Landorus|Intimidate|boost\n|-unboost|p1a: Hawlucha|atk|1\n|turn|21\n|\n|move|p1a: Hawlucha|Swords Dance|p1a: Hawlucha\n|-boost|p1a: Hawlucha|atk|2\n|move|p2a: Landorus|Toxic|p1a: Hawlucha\n|-status|p1a: Hawlucha|tox\n|\n|-weather|none\n|-damage|p1a: Hawlucha|94\/100 tox|[from] psn\n|upkeep\n|turn|22\n|\n|move|p1a: Hawlucha|Swords Dance|p1a: Hawlucha\n|-boost|p1a: Hawlucha|atk|2\n|move|p2a: Landorus|Hidden Power|p1a: Hawlucha\n|-supereffective|p1a: Hawlucha\n|-damage|p1a: Hawlucha|58\/100 tox\n|\n|-damage|p1a: Hawlucha|45\/100 tox|[from] psn\n|-fieldend|move: Electric Terrain\n|upkeep\n|turn|23\n|\n|move|p1a: Hawlucha|Acrobatics|p2a: Landorus\n|-damage|p2a: Landorus|0 fnt\n|faint|p2a: Landorus\n|\n|-damage|p1a: Hawlucha|26\/100 tox|[from] psn\n|upkeep\n|\n|switch|p2a: Tyranitar|Tyranitar, M|87\/100\n|-weather|Sandstorm|[from] ability: Sand Stream|[of] p2a: Tyranitar\n|turn|24\n|\n|switch|p2a: Jirachi|Jirachi, shiny|54\/100\n|move|p1a: Hawlucha|Drain Punch|p2a: Jirachi\n|-damage|p2a: Jirachi|0 fnt\n|-heal|p1a: Hawlucha|55\/100 tox|[from] drain|[of] p2a: Jirachi\n|faint|p2a: Jirachi\n|\n|-weather|Sandstorm|[upkeep]\n|-damage|p1a: Hawlucha|49\/100 tox|[from] Sandstorm\n|-damage|p1a: Hawlucha|24\/100 tox|[from] psn\n|upkeep\n|\n|switch|p2a: Toxapex|Toxapex, F|100\/100\n|turn|25\n|\n|move|p1a: Hawlucha|Acrobatics|p2a: Toxapex\n|-damage|p2a: Toxapex|6\/100\n|move|p2a: Toxapex|Haze|p2a: Toxapex\n|-clearallboost\n|\n|-weather|Sandstorm|[upkeep]\n|-damage|p1a: Hawlucha|18\/100 tox|[from] Sandstorm\n|-damage|p2a: Toxapex|0 fnt|[from] Sandstorm\n|-damage|p1a: Hawlucha|0 fnt|[from] psn\n|upkeep\n|faint|p2a: Toxapex\n|faint|p1a: Hawlucha\n|-message|H4WT \u2605 forfeited.\n|\n|win|haruhi-sama\n|l|\u2606H4WT \u2605\n|raw|haruhi-sama's rating: 1839 &rarr; <strong>1861<\/strong><br \/>(+22 for winning)\n|raw|H4WT \u2605's rating: 1871 &rarr; <strong>1849<\/strong><br \/>(-22 for losing)\n","uploadtime":1543508194,"views":22,"p1id":"haruhisama","p2id":"h4wt","formatid":"gen7ou","rating":1849,"private":0,"password":null}