{"id":"gen7ou-882261435","p1":"why addicted","p2":"jeff malone","format":"gen7ou","log":"|j|\u2606why addicted\n|j|\u2606jeff malone\n|player|p1|why addicted|168\n|player|p2|jeff malone|170\n|teamsize|p1|6\n|teamsize|p2|6\n|gametype|singles\n|gen|7\n|tier|[Gen 7] OU\n|rated|\n|rule|Sleep Clause Mod: Limit one foe put to sleep\n|rule|Species Clause: Limit one of each Pok\u00e9mon\n|rule|OHKO Clause: OHKO moves are banned\n|rule|Moody Clause: Moody is banned\n|rule|Evasion Moves Clause: Evasion moves are banned\n|rule|Endless Battle Clause: Forcing endless battles is banned\n|rule|HP Percentage Mod: HP is shown in percentages\n|clearpoke\n|poke|p1|Mawile, F|item\n|poke|p1|Tapu Fini|item\n|poke|p1|Garchomp, F|item\n|poke|p1|Greninja, M|item\n|poke|p1|Zapdos|item\n|poke|p1|Jirachi|item\n|poke|p2|Venusaur, M|item\n|poke|p2|Keldeo-Resolute|item\n|poke|p2|Skarmory, F|item\n|poke|p2|Chansey, F|item\n|poke|p2|Heatran, F|item\n|poke|p2|Bisharp, M|item\n|teampreview\n|inactive|Battle timer is ON: inactive players will automatically lose when time's up. (requested by jeff malone)\n|c|\u2606why addicted|hf\n|\n|start\n|switch|p1a: Zapdos|Zapdos|100\/100\n|switch|p2a: Heatran|Heatran, F|100\/100\n|turn|1\n|\n|move|p2a: Heatran|Toxic|p1a: Zapdos|[miss]\n|-miss|p2a: Heatran|p1a: Zapdos\n|move|p1a: Zapdos|Volt Switch|p2a: Heatran\n|-damage|p2a: Heatran|76\/100\n|c|\u2606jeff malone|sigh\n|c|\u2606jeff malone|always\n|\n|switch|p1a: Garchomp|Garchomp, F|100\/100\n|\n|-heal|p2a: Heatran|82\/100|[from] item: Leftovers\n|upkeep\n|turn|2\n|c|\u2606jeff malone|lucky n bad\n|c|\u2606why addicted|no lie\n|c|\u2606why addicted|this is my first super lucky\n|c|\u2606why addicted|sry abot that\n|j| Talon user\n|c|\u2606jeff malone|oh well\n|inactive|why addicted has 120 seconds left.\n|c|\u2606why addicted|i critted almost every game today\n|c|\u2606jeff malone|always playin against all odds\n|c|\u2606why addicted|lol\n|\n|switch|p2a: Skarmory|Skarmory, F|100\/100\n|move|p1a: Garchomp|Stealth Rock|p2a: Skarmory\n|-sidestart|p2: jeff malone|move: Stealth Rock\n|\n|upkeep\n|turn|3\n|\n|switch|p1a: Zapdos|Zapdos|100\/100\n|move|p2a: Skarmory|Spikes|p1a: Zapdos\n|-sidestart|p1: why addicted|Spikes\n|\n|upkeep\n|turn|4\n|\n|switch|p2a: Venusaur|Venusaur, M|100\/100\n|-damage|p2a: Venusaur|88\/100|[from] Stealth Rock\n|move|p1a: Zapdos|Volt Switch|p2a: Venusaur\n|-resisted|p2a: Venusaur\n|-damage|p2a: Venusaur|75\/100\n|inactive|why addicted has 120 seconds left.\n|\n|switch|p1a: Garchomp|Garchomp, F|100\/100\n|-damage|p1a: Garchomp|88\/100|[from] Spikes\n|\n|upkeep\n|turn|5\n|\n|detailschange|p2a: Venusaur|Venusaur-Mega, M\n|-mega|p2a: Venusaur|Venusaur|Venusaurite\n|move|p1a: Garchomp|Swords Dance|p1a: Garchomp\n|-boost|p1a: Garchomp|atk|2\n|move|p2a: Venusaur|Synthesis|p2a: Venusaur\n|-heal|p2a: Venusaur|100\/100\n|\n|upkeep\n|turn|6\n|\n|switch|p2a: Skarmory|Skarmory, F|100\/100\n|-damage|p2a: Skarmory|88\/100|[from] Stealth Rock\n|move|p1a: Garchomp|Earthquake|p2a: Skarmory\n|-immune|p2a: Skarmory\n|\n|upkeep\n|turn|7\n|\n|move|p1a: Garchomp|Stone Edge|p2a: Skarmory\n|-damage|p2a: Skarmory|51\/100\n|move|p2a: Skarmory|Roost|p2a: Skarmory\n|-heal|p2a: Skarmory|100\/100\n|-singleturn|p2a: Skarmory|move: Roost\n|\n|upkeep\n|turn|8\n|\n|switch|p1a: Tapu Fini|Tapu Fini|100\/100\n|-damage|p1a: Tapu Fini|88\/100|[from] Spikes\n|-fieldstart|move: Misty Terrain|[from] ability: Misty Surge|[of] p1a: Tapu Fini\n|move|p2a: Skarmory|Whirlwind|p1a: Tapu Fini\n|drag|p1a: Mawile|Mawile, F|100\/100\n|-damage|p1a: Mawile|88\/100|[from] Spikes\n|-ability|p1a: Mawile|Intimidate|boost\n|-unboost|p2a: Skarmory|atk|1\n|\n|upkeep\n|turn|9\n|\n|detailschange|p1a: Mawile|Mawile-Mega, F\n|-mega|p1a: Mawile|Mawile|Mawilite\n|move|p2a: Skarmory|Spikes|p1a: Mawile\n|-sidestart|p1: why addicted|Spikes\n|move|p1a: Mawile|Knock Off|p2a: Skarmory\n|-damage|p2a: Skarmory|64\/100\n|-damage|p1a: Mawile|72\/100|[from] item: Rocky Helmet|[of] p2a: Skarmory\n|-enditem|p2a: Skarmory|Rocky Helmet|[from] move: Knock Off|[of] p1a: Mawile\n|\n|upkeep\n|turn|10\n|\n|move|p2a: Skarmory|Roost|p2a: Skarmory\n|-heal|p2a: Skarmory|100\/100\n|-singleturn|p2a: Skarmory|move: Roost\n|move|p1a: Mawile|Knock Off|p2a: Skarmory\n|-damage|p2a: Skarmory|74\/100\n|\n|upkeep\n|turn|11\n|\n|switch|p1a: Zapdos|Zapdos|100\/100\n|move|p2a: Skarmory|Whirlwind|p1a: Zapdos\n|drag|p1a: Tapu Fini|Tapu Fini|88\/100\n|-damage|p1a: Tapu Fini|72\/100|[from] Spikes\n|\n|-heal|p1a: Tapu Fini|78\/100|[from] item: Leftovers\n|upkeep\n|turn|12\n|\n|switch|p2a: Venusaur|Venusaur-Mega, M|100\/100\n|-damage|p2a: Venusaur|88\/100|[from] Stealth Rock\n|move|p1a: Tapu Fini|Defog|p2a: Venusaur\n|-unboost|p2a: Venusaur|evasion|1\n|-sideend|p2: jeff malone|Stealth Rock|[from] move: Defog|[of] p1a: Tapu Fini\n|-sideend|p1: why addicted|Spikes|[from] move: Defog|[of] p1a: Tapu Fini\n|\n|-heal|p1a: Tapu Fini|84\/100|[from] item: Leftovers\n|-fieldend|Misty Terrain\n|upkeep\n|turn|13\n|\n|switch|p1a: Jirachi|Jirachi|100\/100\n|move|p2a: Venusaur|Giga Drain|p1a: Jirachi\n|-resisted|p1a: Jirachi\n|-damage|p1a: Jirachi|86\/100\n|-heal|p2a: Venusaur|95\/100|[from] drain|[of] p1a: Jirachi\n|\n|upkeep\n|turn|14\n|\n|switch|p2a: Heatran|Heatran, F|82\/100\n|move|p1a: Jirachi|U-turn|p2a: Heatran\n|-resisted|p2a: Heatran\n|-damage|p2a: Heatran|79\/100\n|\n|switch|p1a: Garchomp|Garchomp, F|88\/100\n|\n|-heal|p2a: Heatran|85\/100|[from] item: Leftovers\n|upkeep\n|turn|15\n|\n|switch|p2a: Skarmory|Skarmory, F|74\/100\n|move|p1a: Garchomp|Earthquake|p2a: Skarmory\n|-immune|p2a: Skarmory\n|\n|upkeep\n|turn|16\n|\n|move|p1a: Garchomp|Stealth Rock|p2a: Skarmory\n|-sidestart|p2: jeff malone|move: Stealth Rock\n|move|p2a: Skarmory|Spikes|p1a: Garchomp\n|-sidestart|p1: why addicted|Spikes\n|\n|upkeep\n|turn|17\n|\n|move|p1a: Garchomp|Swords Dance|p1a: Garchomp\n|-boost|p1a: Garchomp|atk|2\n|move|p2a: Skarmory|Roost|p2a: Skarmory\n|-heal|p2a: Skarmory|100\/100\n|-singleturn|p2a: Skarmory|move: Roost\n|\n|upkeep\n|turn|18\n|\n|move|p1a: Garchomp|Stone Edge|p2a: Skarmory\n|-damage|p2a: Skarmory|58\/100\n|move|p2a: Skarmory|Roost|p2a: Skarmory\n|-heal|p2a: Skarmory|100\/100\n|-singleturn|p2a: Skarmory|move: Roost\n|\n|upkeep\n|turn|19\n|\n|move|p1a: Garchomp|Stone Edge|p2a: Skarmory\n|-damage|p2a: Skarmory|57\/100\n|move|p2a: Skarmory|Whirlwind|p1a: Garchomp\n|drag|p1a: Jirachi|Jirachi|86\/100\n|-damage|p1a: Jirachi|74\/100|[from] Spikes\n|\n|upkeep\n|turn|20\n|\n|move|p1a: Jirachi|U-turn|p2a: Skarmory\n|-resisted|p2a: Skarmory\n|-damage|p2a: Skarmory|54\/100\n|\n|switch|p1a: Zapdos|Zapdos|100\/100\n|move|p2a: Skarmory|Roost|p2a: Skarmory\n|-heal|p2a: Skarmory|100\/100\n|-singleturn|p2a: Skarmory|move: Roost\n|\n|upkeep\n|turn|21\n|\n|switch|p2a: Venusaur|Venusaur-Mega, M|95\/100\n|-damage|p2a: Venusaur|83\/100|[from] Stealth Rock\n|move|p1a: Zapdos|Volt Switch|p2a: Venusaur\n|-resisted|p2a: Venusaur\n|-damage|p2a: Venusaur|71\/100\n|\n|switch|p1a: Garchomp|Garchomp, F|88\/100\n|-damage|p1a: Garchomp|76\/100|[from] Spikes\n|\n|upkeep\n|turn|22\n|\n|move|p1a: Garchomp|Swords Dance|p1a: Garchomp\n|-boost|p1a: Garchomp|atk|2\n|move|p2a: Venusaur|Giga Drain|p1a: Garchomp\n|-damage|p1a: Garchomp|39\/100\n|-heal|p2a: Venusaur|89\/100|[from] drain|[of] p1a: Garchomp\n|\n|upkeep\n|turn|23\n|\n|switch|p2a: Skarmory|Skarmory, F|100\/100\n|-damage|p2a: Skarmory|88\/100|[from] Stealth Rock\n|move|p1a: Garchomp|Swords Dance|p1a: Garchomp\n|-boost|p1a: Garchomp|atk|2\n|\n|upkeep\n|turn|24\n|j| sdfbihbcvx\n|\n|move|p1a: Garchomp|Earthquake|p2a: Skarmory\n|-immune|p2a: Skarmory\n|move|p2a: Skarmory|Roost|p2a: Skarmory\n|-heal|p2a: Skarmory|100\/100\n|-singleturn|p2a: Skarmory|move: Roost\n|\n|upkeep\n|turn|25\n|\n|-zpower|p1a: Garchomp\n|move|p1a: Garchomp|Continental Crush|p2a: Skarmory|[zeffect]\n|-ability|p2a: Skarmory|Sturdy\n|-damage|p2a: Skarmory|1\/100\n|move|p2a: Skarmory|Roost|p2a: Skarmory\n|-heal|p2a: Skarmory|51\/100\n|-singleturn|p2a: Skarmory|move: Roost\n|\n|upkeep\n|turn|26\n|\n|move|p1a: Garchomp|Stone Edge|p2a: Skarmory\n|-damage|p2a: Skarmory|0 fnt\n|faint|p2a: Skarmory\n|\n|upkeep\n|c|\u2606jeff malone|seriously\n|c|\u2606jeff malone|not a single miss\n|c|\u2606jeff malone|imagine bein that lucky n shit\n|\n|switch|p2a: Keldeo|Keldeo-Resolute|100\/100\n|-damage|p2a: Keldeo|94\/100|[from] Stealth Rock\n|turn|27\n|c|\u2606why addicted|bro\n|c|\u2606jeff malone|what cunt\n|c|\u2606why addicted|ah i thought u r cleann\n|c|\u2606why addicted|nah\n|\n|switch|p1a: Tapu Fini|Tapu Fini|84\/100\n|-damage|p1a: Tapu Fini|72\/100|[from] Spikes\n|-fieldstart|move: Misty Terrain|[from] ability: Misty Surge|[of] p1a: Tapu Fini\n|move|p2a: Keldeo|Scald|p1a: Tapu Fini\n|-resisted|p1a: Tapu Fini\n|-damage|p1a: Tapu Fini|57\/100\n|\n|-heal|p2a: Keldeo|100\/100|[from] item: Leftovers\n|-heal|p1a: Tapu Fini|63\/100|[from] item: Leftovers\n|upkeep\n|turn|28\n|c|\u2606jeff malone|fuck up d\n|c|\u2606jeff malone|literaly shitcunt\n|c|\u2606why addicted|thx bri\n|\n|switch|p2a: Venusaur|Venusaur-Mega, M|89\/100\n|-damage|p2a: Venusaur|76\/100|[from] Stealth Rock\n|move|p1a: Tapu Fini|Nature's Madness|p2a: Venusaur\n|-damage|p2a: Venusaur|38\/100\n|\n|-heal|p1a: Tapu Fini|70\/100|[from] item: Leftovers\n|upkeep\n|turn|29\n|c|\u2606why addicted|bro\n|c|\u2606why addicted|appreciate that\n|c|\u2606jeff malone|weirdo\n|c|\u2606why addicted|i dont think win this game\n|inactive|why addicted has 120 seconds left.\n|c|\u2606why addicted|maw countered\n|\n|move|p1a: Tapu Fini|Nature's Madness|p2a: Venusaur\n|-damage|p2a: Venusaur|19\/100\n|move|p2a: Venusaur|Giga Drain|p1a: Tapu Fini\n|-supereffective|p1a: Tapu Fini\n|-damage|p1a: Tapu Fini|28\/100\n|-heal|p2a: Venusaur|39\/100|[from] drain|[of] p1a: Tapu Fini\n|\n|-heal|p1a: Tapu Fini|34\/100|[from] item: Leftovers\n|upkeep\n|turn|30\n|\n|move|p1a: Tapu Fini|Taunt|p2a: Venusaur\n|-start|p2a: Venusaur|move: Taunt\n|cant|p2a: Venusaur|move: Taunt|Synthesis\n|\n|-heal|p1a: Tapu Fini|40\/100|[from] item: Leftovers\n|upkeep\n|turn|31\n|\n|switch|p1a: Zapdos|Zapdos|100\/100\n|move|p2a: Venusaur|Giga Drain|p1a: Zapdos\n|-resisted|p1a: Zapdos\n|-damage|p1a: Zapdos|85\/100\n|-heal|p2a: Venusaur|47\/100|[from] drain|[of] p1a: Zapdos\n|\n|-heal|p1a: Zapdos|91\/100|[from] item: Leftovers\n|-fieldend|Misty Terrain\n|upkeep\n|turn|32\n|\n|move|p1a: Zapdos|Heat Wave|p2a: Venusaur\n|-supereffective|p2a: Venusaur\n|-crit|p2a: Venusaur\n|-damage|p2a: Venusaur|14\/100\n|-status|p2a: Venusaur|brn\n|move|p2a: Venusaur|Sludge Bomb|p1a: Zapdos\n|-damage|p1a: Zapdos|52\/100\n|\n|-heal|p1a: Zapdos|58\/100|[from] item: Leftovers\n|-damage|p2a: Venusaur|8\/100 brn|[from] brn\n|-end|p2a: Venusaur|move: Taunt\n|upkeep\n|turn|33\n|c|\u2606jeff malone|AHAHAHAHAHAA\n|c|\u2606jeff malone|POOPYHEAD\n|\n|move|p1a: Zapdos|Volt Switch|p2a: Venusaur\n|-resisted|p2a: Venusaur\n|-damage|p2a: Venusaur|0 fnt\n|faint|p2a: Venusaur\n|c|\u2606jeff malone|fagg ot\n|c|\u2606jeff malone|actual faggo t\n|c|\u2606why addicted|lmao\n|c|\u2606jeff malone|imagine beein THIS shit\n|c|\u2606jeff malone|like this fuckin shit\n|\n|switch|p1a: Jirachi|Jirachi|74\/100\n|-damage|p1a: Jirachi|62\/100|[from] Spikes\n|\n|upkeep\n|c|\u2606jeff malone|levels of shit ive never seen before\n|\n|switch|p2a: Heatran|Heatran, F|85\/100\n|-damage|p2a: Heatran|73\/100|[from] Stealth Rock\n|turn|34\n|c|\u2606why addicted|we are all bad luck today\n|\n|move|p1a: Jirachi|Healing Wish|p1a: Jirachi\n|faint|p1a: Jirachi\n|move|p2a: Heatran|Stealth Rock|p1: Jirachi\n|-sidestart|p1: why addicted|move: Stealth Rock\n|\n|-heal|p2a: Heatran|79\/100|[from] item: Leftovers\n|upkeep\n|\n|switch|p1a: Garchomp|Garchomp, F|39\/100\n|-heal|p1a: Garchomp|100\/100|[from] move: Healing Wish\n|-damage|p1a: Garchomp|94\/100|[from] Stealth Rock\n|-damage|p1a: Garchomp|82\/100|[from] Spikes\n|turn|35\n|\n|move|p1a: Garchomp|Earthquake|p2a: Heatran\n|-supereffective|p2a: Heatran\n|-damage|p2a: Heatran|0 fnt\n|faint|p2a: Heatran\n|\n|upkeep\n|\n|switch|p2a: Keldeo|Keldeo-Resolute|100\/100\n|-damage|p2a: Keldeo|94\/100|[from] Stealth Rock\n|turn|36\n|\n|move|p2a: Keldeo|Scald|p1a: Garchomp\n|-damage|p1a: Garchomp|34\/100\n|-status|p1a: Garchomp|brn\n|move|p1a: Garchomp|Earthquake|p2a: Keldeo\n|-damage|p2a: Keldeo|62\/100\n|\n|-heal|p2a: Keldeo|68\/100|[from] item: Leftovers\n|-damage|p1a: Garchomp|28\/100 brn|[from] brn\n|upkeep\n|turn|37\n|\n|move|p2a: Keldeo|Scald|p1a: Garchomp\n|-damage|p1a: Garchomp|0 fnt\n|faint|p1a: Garchomp\n|\n|-heal|p2a: Keldeo|74\/100|[from] item: Leftovers\n|upkeep\n|\n|switch|p1a: Tapu Fini|Tapu Fini|40\/100\n|-damage|p1a: Tapu Fini|28\/100|[from] Spikes\n|-damage|p1a: Tapu Fini|15\/100|[from] Stealth Rock\n|-fieldstart|move: Misty Terrain|[from] ability: Misty Surge|[of] p1a: Tapu Fini\n|turn|38\n|\n|move|p2a: Keldeo|Secret Sword|p1a: Tapu Fini\n|-resisted|p1a: Tapu Fini\n|-damage|p1a: Tapu Fini|0 fnt\n|faint|p1a: Tapu Fini\n|\n|-heal|p2a: Keldeo|81\/100|[from] item: Leftovers\n|upkeep\n|c|\u2606jeff malone|GG\n|c|\u2606jeff malone|WP\n|c|\u2606jeff malone|faggo t\n|c|\u2606why addicted|lmao\n|c|\u2606jeff malone|so fuckin simple\n|c|\u2606why addicted|i dont want to play hard\n|c|\u2606why addicted|like u\n|c|\u2606jeff malone|AHAHAHAHA\n|c|\u2606why addicted|salty ass\n|c|\u2606jeff malone|NICE EXCUSE\n|c|\u2606why addicted|bro\n|inactive|why addicted has 120 seconds left.\n|c|\u2606jeff malone|'IM PLAYING TO LOSE BRO'\n|c|\u2606why addicted|be a human\n|c|\u2606jeff malone|yep\n|c|\u2606jeff malone|sure\n|-message|why addicted forfeited.\n|\n|win|jeff malone\n|c|\u2606jeff malone|ur only playing to lose\n|c|\u2606jeff malone|GG\n|c|\u2606jeff malone|WP\n|raw|why addicted's rating: 1845 &rarr; <strong>1821<\/strong><br \/>(-24 for losing)\n|raw|jeff malone's rating: 1765 &rarr; <strong>1790<\/strong><br \/>(+25 for winning)\n|l|\u2606jeff malone\n|l| Talon user\n|j| boibig\n|l|\u2606why addicted\n|l| sdfbihbcvx\n|l| boibig\n|j| boibig\n|l| boibig\n","uploadtime":1553608916,"views":42,"p1id":"whyaddicted","p2id":"jeffmalone","formatid":"gen7ou","rating":1790,"private":0,"password":null}