{"id":"gen7ou-1076117754","p1":"YoKai 4EveR","p2":"Shardul888","format":"gen7ou","log":"|j|\u2606YoKai 4EveR\n|j|\u2606Shardul888\n|player|p1|YoKai 4EveR|riley|1582\n|player|p2|Shardul888|palmer|1717\n|teamsize|p1|6\n|teamsize|p2|6\n|gametype|singles\n|gen|7\n|tier|[Gen 7] OU\n|rated|\n|clearpoke\n|poke|p1|Magearna|item\n|poke|p1|Salamence, M|item\n|poke|p1|Manectric, M|item\n|poke|p1|Kartana|item\n|poke|p1|Greninja, M|item\n|poke|p1|Heatran, M|item\n|poke|p2|Venusaur, M|item\n|poke|p2|Dragonite, M|item\n|poke|p2|Magearna|item\n|poke|p2|Toxapex, F|item\n|poke|p2|Gliscor, M|item\n|poke|p2|Entei|item\n|rule|Sleep Clause Mod: Limit one foe put to sleep\n|rule|Species Clause: Limit one of each Pok\u00e9mon\n|rule|OHKO Clause: OHKO moves are banned\n|rule|Moody Clause: Moody is banned\n|rule|Evasion Moves Clause: Evasion moves are banned\n|rule|Endless Battle Clause: Forcing endless battles is banned\n|rule|HP Percentage Mod: HP is shown in percentages\n|teampreview\n|inactive|Battle timer is ON: inactive players will automatically lose when time's up. (requested by Shardul888)\n|\n|start\n|switch|p1a: Souk Maskass|Manectric, M|100\/100\n|switch|p2a: Superman|Dragonite, M|100\/100\n|turn|1\n|\n|switch|p2a: Captain America|Venusaur, M|100\/100\n|detailschange|p1a: Souk Maskass|Manectric-Mega, M\n|-mega|p1a: Souk Maskass|Manectric|Manectite\n|-ability|p1a: Souk Maskass|Intimidate|boost\n|-unboost|p2a: Captain America|atk|1\n|move|p1a: Souk Maskass|Hidden Power|p2a: Captain America\n|-supereffective|p2a: Captain America\n|-damage|p2a: Captain America|68\/100\n|\n|upkeep\n|turn|2\n|\n|detailschange|p2a: Captain America|Venusaur-Mega, M\n|-mega|p2a: Captain America|Venusaur|Venusaurite\n|move|p1a: Souk Maskass|Volt Switch|p2a: Captain America\n|-resisted|p2a: Captain America\n|-damage|p2a: Captain America|55\/100\n|\n|switch|p1a: Ch\u00e2teau De Bowser|Heatran, M|100\/100|[from]move: Volt Switch\n|move|p2a: Captain America|Leech Seed|p1a: Ch\u00e2teau De Bowser\n|-start|p1a: Ch\u00e2teau De Bowser|move: Leech Seed\n|\n|-damage|p1a: Ch\u00e2teau De Bowser|88\/100|[from] Leech Seed|[of] p2a: Captain America\n|-heal|p2a: Captain America|66\/100|[silent]\n|upkeep\n|turn|3\n|\n|switch|p2a: Thor|Entei, shiny|100\/100\n|-ability|p2a: Thor|Pressure\n|move|p1a: Ch\u00e2teau De Bowser|Stealth Rock|p2a: Thor\n|-sidestart|p2: Shardul888|move: Stealth Rock\n|\n|-damage|p1a: Ch\u00e2teau De Bowser|76\/100|[from] Leech Seed|[of] p2a: Thor\n|upkeep\n|turn|4\n|\n|switch|p1a: Pic Wuhu|Salamence, M|100\/100\n|move|p2a: Thor|Stomping Tantrum|p1a: Pic Wuhu\n|-immune|p1a: Pic Wuhu\n|\n|upkeep\n|turn|5\n|\n|move|p1a: Pic Wuhu|Dragon Dance|p1a: Pic Wuhu\n|-boost|p1a: Pic Wuhu|atk|1\n|-boost|p1a: Pic Wuhu|spe|1\n|move|p2a: Thor|Stone Edge|p1a: Pic Wuhu\n|-supereffective|p1a: Pic Wuhu\n|-damage|p1a: Pic Wuhu|7\/100\n|\n|upkeep\n|turn|6\n|\n|move|p2a: Thor|Extreme Speed|p1a: Pic Wuhu\n|-damage|p1a: Pic Wuhu|0 fnt\n|faint|p1a: Pic Wuhu\n|\n|upkeep\n|\n|switch|p1a: Lagon Cheep Cheep|Greninja, M|100\/100\n|turn|7\n|\n|switch|p2a: Black Widow|Toxapex, F, shiny|100\/100\n|-damage|p2a: Black Widow|88\/100|[from] Stealth Rock\n|move|p1a: Lagon Cheep Cheep|Hydro Pump|p2a: Black Widow\n|-start|p1a: Lagon Cheep Cheep|typechange|Water|[from] ability: Protean\n|-resisted|p2a: Black Widow\n|-damage|p2a: Black Widow|69\/100\n|\n|-heal|p2a: Black Widow|75\/100|[from] item: Black Sludge\n|upkeep\n|turn|8\n|\n|switch|p1a: Supermarch\u00e9 Coco|Magearna|100\/100\n|move|p2a: Black Widow|Toxic|p1a: Supermarch\u00e9 Coco\n|-immune|p1a: Supermarch\u00e9 Coco\n|\n|-heal|p2a: Black Widow|82\/100|[from] item: Black Sludge\n|upkeep\n|turn|9\n|\n|move|p1a: Supermarch\u00e9 Coco|Volt Switch|p2a: Black Widow\n|-supereffective|p2a: Black Widow\n|-damage|p2a: Black Widow|37\/100\n|\n|switch|p1a: Souk Maskass|Manectric-Mega, M|100\/100|[from]move: Volt Switch\n|-ability|p1a: Souk Maskass|Intimidate|boost\n|-unboost|p2a: Black Widow|atk|1\n|move|p2a: Black Widow|Scald|p1a: Souk Maskass\n|-damage|p1a: Souk Maskass|75\/100\n|-status|p1a: Souk Maskass|brn\n|\n|-heal|p2a: Black Widow|43\/100|[from] item: Black Sludge\n|-damage|p1a: Souk Maskass|68\/100 brn|[from] brn\n|upkeep\n|turn|10\n|\n|switch|p2a: Spider-man|Gliscor, M|100\/100\n|-damage|p2a: Spider-man|88\/100|[from] Stealth Rock\n|move|p1a: Souk Maskass|Volt Switch|p2a: Spider-man\n|-immune|p2a: Spider-man\n|\n|-damage|p1a: Souk Maskass|62\/100 brn|[from] brn\n|-status|p2a: Spider-man|tox|[from] item: Toxic Orb\n|upkeep\n|turn|11\n|\n|move|p2a: Spider-man|Protect|p2a: Spider-man\n|-singleturn|p2a: Spider-man|Protect\n|move|p1a: Souk Maskass|Hidden Power|p2a: Spider-man\n|-activate|p2a: Spider-man|move: Protect\n|\n|-damage|p1a: Souk Maskass|56\/100 brn|[from] brn\n|-heal|p2a: Spider-man|100\/100 tox|[from] ability: Poison Heal\n|upkeep\n|turn|12\n|\n|move|p1a: Souk Maskass|Hidden Power|p2a: Spider-man\n|-supereffective|p2a: Spider-man\n|-damage|p2a: Spider-man|9\/100 tox\n|move|p2a: Spider-man|Defog|p1a: Souk Maskass\n|-unboost|p1a: Souk Maskass|evasion|1\n|-sideend|p2: Shardul888|Stealth Rock|[from] move: Defog|[of] p2a: Spider-man\n|\n|-damage|p1a: Souk Maskass|50\/100 brn|[from] brn\n|-heal|p2a: Spider-man|21\/100 tox|[from] ability: Poison Heal\n|upkeep\n|turn|13\n|\n|move|p2a: Spider-man|Protect|p2a: Spider-man\n|-singleturn|p2a: Spider-man|Protect\n|move|p1a: Souk Maskass|Hidden Power|p2a: Spider-man\n|-activate|p2a: Spider-man|move: Protect\n|\n|-damage|p1a: Souk Maskass|44\/100 brn|[from] brn\n|-heal|p2a: Spider-man|34\/100 tox|[from] ability: Poison Heal\n|upkeep\n|turn|14\n|\n|switch|p2a: Thor|Entei, shiny|100\/100\n|-ability|p2a: Thor|Pressure\n|move|p1a: Souk Maskass|Volt Switch|p2a: Thor\n|-damage|p2a: Thor|71\/100\n|\n|switch|p1a: Lagon Cheep Cheep|Greninja, M|100\/100|[from]move: Volt Switch\n|\n|upkeep\n|turn|15\n|\n|switch|p1a: Ch\u00e2teau De Bowser|Heatran, M|76\/100\n|switch|p2a: Black Widow|Toxapex, F, shiny|76\/100\n|\n|-heal|p2a: Black Widow|83\/100|[from] item: Black Sludge\n|upkeep\n|turn|16\n|\n|switch|p2a: Superman|Dragonite, M|100\/100\n|move|p1a: Ch\u00e2teau De Bowser|Stealth Rock|p2a: Superman\n|-sidestart|p2: Shardul888|move: Stealth Rock\n|\n|upkeep\n|turn|17\n|\n|move|p1a: Ch\u00e2teau De Bowser|Taunt|p2a: Superman\n|-start|p2a: Superman|move: Taunt\n|move|p2a: Superman|Earthquake|p1a: Ch\u00e2teau De Bowser\n|-supereffective|p1a: Ch\u00e2teau De Bowser\n|-damage|p1a: Ch\u00e2teau De Bowser|0 fnt\n|faint|p1a: Ch\u00e2teau De Bowser\n|\n|upkeep\n|\n|switch|p1a: Souk Maskass|Manectric-Mega, M|44\/100 brn\n|-ability|p1a: Souk Maskass|Intimidate|boost\n|-unboost|p2a: Superman|atk|1\n|turn|18\n|\n|move|p1a: Souk Maskass|Hidden Power|p2a: Superman\n|-supereffective|p2a: Superman\n|-damage|p2a: Superman|65\/100\n|move|p2a: Superman|Earthquake|p1a: Souk Maskass\n|-supereffective|p1a: Souk Maskass\n|-damage|p1a: Souk Maskass|0 fnt\n|faint|p1a: Souk Maskass\n|\n|upkeep\n|\n|switch|p1a: Supermarch\u00e9 Coco|Magearna|100\/100\n|turn|19\n|\n|move|p1a: Supermarch\u00e9 Coco|Ice Beam|p2a: Superman\n|-supereffective|p2a: Superman\n|-damage|p2a: Superman|0 fnt\n|faint|p2a: Superman\n|-ability|p1a: Supermarch\u00e9 Coco|Soul-Heart|boost\n|-boost|p1a: Supermarch\u00e9 Coco|spa|1\n|\n|upkeep\n|\n|switch|p2a: Captain America|Venusaur-Mega, M|66\/100\n|-damage|p2a: Captain America|54\/100|[from] Stealth Rock\n|turn|20\n|\n|move|p1a: Supermarch\u00e9 Coco|Ice Beam|p2a: Captain America\n|-supereffective|p2a: Captain America\n|-damage|p2a: Captain America|19\/100\n|move|p2a: Captain America|Leech Seed|p1a: Supermarch\u00e9 Coco\n|-start|p1a: Supermarch\u00e9 Coco|move: Leech Seed\n|\n|-damage|p1a: Supermarch\u00e9 Coco|88\/100|[from] Leech Seed|[of] p2a: Captain America\n|-heal|p2a: Captain America|30\/100|[silent]\n|upkeep\n|turn|21\n|\n|switch|p2a: Black Widow|Toxapex, F, shiny|100\/100\n|-damage|p2a: Black Widow|88\/100|[from] Stealth Rock\n|move|p1a: Supermarch\u00e9 Coco|Volt Switch|p2a: Black Widow\n|-supereffective|p2a: Black Widow\n|-damage|p2a: Black Widow|31\/100\n|\n|switch|p1a: Lagon Cheep Cheep|Greninja, M|100\/100|[from]move: Volt Switch\n|\n|-heal|p2a: Black Widow|38\/100|[from] item: Black Sludge\n|upkeep\n|turn|22\n|\n|move|p2a: Black Widow|Baneful Bunker|p2a: Black Widow\n|-singleturn|p2a: Black Widow|move: Protect\n|move|p1a: Lagon Cheep Cheep|Spikes|p2a: Black Widow\n|-start|p1a: Lagon Cheep Cheep|typechange|Ground|[from] ability: Protean\n|-sidestart|p2: Shardul888|Spikes\n|\n|-heal|p2a: Black Widow|44\/100|[from] item: Black Sludge\n|upkeep\n|turn|23\n|\n|move|p1a: Lagon Cheep Cheep|Spikes|p2a: Black Widow\n|-sidestart|p2: Shardul888|Spikes\n|move|p2a: Black Widow|Scald|p1a: Lagon Cheep Cheep\n|-supereffective|p1a: Lagon Cheep Cheep\n|-damage|p1a: Lagon Cheep Cheep|51\/100\n|\n|-heal|p2a: Black Widow|50\/100|[from] item: Black Sludge\n|upkeep\n|turn|24\n|\n|move|p1a: Lagon Cheep Cheep|Spikes|p2a: Black Widow\n|-sidestart|p2: Shardul888|Spikes\n|move|p2a: Black Widow|Scald|p1a: Lagon Cheep Cheep\n|-supereffective|p1a: Lagon Cheep Cheep\n|-damage|p1a: Lagon Cheep Cheep|0 fnt\n|faint|p1a: Lagon Cheep Cheep\n|\n|-heal|p2a: Black Widow|56\/100|[from] item: Black Sludge\n|upkeep\n|\n|switch|p1a: Supermarch\u00e9 Coco|Magearna|88\/100\n|turn|25\n|\n|move|p1a: Supermarch\u00e9 Coco|Energy Ball|p2a: Black Widow\n|-damage|p2a: Black Widow|29\/100\n|move|p2a: Black Widow|Scald|p1a: Supermarch\u00e9 Coco\n|-damage|p1a: Supermarch\u00e9 Coco|72\/100\n|\n|-heal|p2a: Black Widow|35\/100|[from] item: Black Sludge\n|upkeep\n|turn|26\n|\n|move|p1a: Supermarch\u00e9 Coco|Volt Switch|p2a: Black Widow\n|-supereffective|p2a: Black Widow\n|-crit|p2a: Black Widow\n|-damage|p2a: Black Widow|0 fnt\n|faint|p2a: Black Widow\n|-ability|p1a: Supermarch\u00e9 Coco|Soul-Heart|boost\n|-boost|p1a: Supermarch\u00e9 Coco|spa|1\n|\n|switch|p1a: Gorge Champignon|Kartana|100\/100|[from]move: Volt Switch\n|\n|upkeep\n|\n|switch|p2a: Spider-man|Gliscor, M|34\/100 tox\n|-damage|p2a: Spider-man|21\/100 tox|[from] Stealth Rock\n|turn|27\n|\n|move|p1a: Gorge Champignon|Smart Strike|p2a: Spider-man\n|-damage|p2a: Spider-man|0 fnt\n|faint|p2a: Spider-man\n|-ability|p1a: Gorge Champignon|Beast Boost|boost\n|-boost|p1a: Gorge Champignon|atk|1\n|\n|upkeep\n|\n|switch|p2a: Wonder Woman|Magearna|100\/100\n|-damage|p2a: Wonder Woman|94\/100|[from] Stealth Rock\n|-damage|p2a: Wonder Woman|69\/100|[from] Spikes\n|turn|28\n|\n|switch|p1a: Supermarch\u00e9 Coco|Magearna|72\/100\n|move|p2a: Wonder Woman|Aura Sphere|p1a: Supermarch\u00e9 Coco\n|-damage|p1a: Supermarch\u00e9 Coco|49\/100\n|\n|upkeep\n|turn|29\n|\n|move|p1a: Supermarch\u00e9 Coco|Fleur Cannon|p2a: Wonder Woman\n|-resisted|p2a: Wonder Woman\n|-damage|p2a: Wonder Woman|42\/100\n|-unboost|p1a: Supermarch\u00e9 Coco|spa|2\n|move|p2a: Wonder Woman|Flash Cannon|p1a: Supermarch\u00e9 Coco\n|-damage|p1a: Supermarch\u00e9 Coco|14\/100\n|\n|upkeep\n|turn|30\n|\n|move|p1a: Supermarch\u00e9 Coco|Fleur Cannon|p2a: Wonder Woman\n|-resisted|p2a: Wonder Woman\n|-damage|p2a: Wonder Woman|28\/100\n|-unboost|p1a: Supermarch\u00e9 Coco|spa|2\n|move|p2a: Wonder Woman|Aura Sphere|p1a: Supermarch\u00e9 Coco\n|-damage|p1a: Supermarch\u00e9 Coco|0 fnt\n|faint|p1a: Supermarch\u00e9 Coco\n|-ability|p2a: Wonder Woman|Soul-Heart|boost\n|-boost|p2a: Wonder Woman|spa|1\n|\n|upkeep\n|\n|switch|p1a: Gorge Champignon|Kartana|100\/100\n|turn|31\n|\n|move|p1a: Gorge Champignon|Sacred Sword|p2a: Wonder Woman\n|-damage|p2a: Wonder Woman|0 fnt\n|faint|p2a: Wonder Woman\n|-ability|p1a: Gorge Champignon|Beast Boost|boost\n|-boost|p1a: Gorge Champignon|atk|1\n|\n|upkeep\n|\n|switch|p2a: Thor|Entei, shiny|71\/100\n|-damage|p2a: Thor|46\/100|[from] Stealth Rock\n|-damage|p2a: Thor|21\/100|[from] Spikes\n|-ability|p2a: Thor|Pressure\n|turn|32\n|-message|Shardul888 forfeited.\n|\n|win|YoKai 4EveR\n|l|\u2606Shardul888\n|raw|YoKai 4EveR's rating: 1582 &rarr; <strong>1610<\/strong><br \/>(+28 for winning)\n|raw|Shardul888's rating: 1717 &rarr; <strong>1689<\/strong><br \/>(-28 for losing)\n","uploadtime":1583768688,"views":9,"p1id":"yokai4ever","p2id":"shardul888","formatid":"gen7ou","rating":1610,"private":0,"password":null}