{"id":"gen7ou-1577536608","p1":"ripreckful","p2":"casually climbing","format":"gen7ou","log":"|j|\u2606ripreckful\n|j|\u2606casually climbing\n|inactive|Battle timer is ON: inactive players will automatically lose when time's up.\n|t:|1652884304\n|gametype|singles\n|player|p1|ripreckful|clerk|\n|player|p2|casually climbing|cynthia-gen4|\n|teamsize|p1|6\n|teamsize|p2|6\n|gen|7\n|tier|[Gen 7] OU\n|rated|Tournament battle\n|rule|Sleep Clause Mod: Limit one foe put to sleep\n|rule|Species Clause: Limit one of each Pok\u00e9mon\n|rule|OHKO Clause: OHKO moves are banned\n|rule|Moody Clause: Moody is banned\n|rule|Evasion Moves Clause: Evasion moves are banned\n|rule|Endless Battle Clause: Forcing endless battles is banned\n|rule|HP Percentage Mod: HP is shown in percentages\n|clearpoke\n|poke|p1|Chansey, F|item\n|poke|p1|Latias, F|item\n|poke|p1|Weavile, F|item\n|poke|p1|Magnezone|item\n|poke|p1|Gliscor, M|item\n|poke|p1|Toxapex, M|item\n|poke|p2|Kyurem-Black|item\n|poke|p2|Heatran, F|item\n|poke|p2|Landorus-Therian, M|item\n|poke|p2|Tapu Lele|item\n|poke|p2|Blacephalon|item\n|poke|p2|Lopunny, F|item\n|teampreview\n|inactive|casually climbing also wants the timer to be on.\n|inactive|ripreckful also wants the timer to be on.\n|c|\u2606ripreckful|hf\n|c|\u2606casually climbing|gl\n|j| LeafyWeafy\n|j| vkhss\n|inactive|ripreckful has 120 seconds left.\n|\n|t:|1652884341\n|start\n|switch|p1a: Toxapex|Toxapex, M|100\/100\n|switch|p2a: Kyurem|Kyurem-Black, shiny|100\/100\n|-ability|p2a: Kyurem|Teravolt\n|turn|1\n|\n|t:|1652884347\n|move|p2a: Kyurem|Outrage|p1a: Toxapex\n|-damage|p1a: Toxapex|23\/100\n|move|p1a: Toxapex|Toxic|p2a: Kyurem\n|-status|p2a: Kyurem|tox\n|\n|-heal|p1a: Toxapex|29\/100|[from] item: Black Sludge\n|-damage|p2a: Kyurem|94\/100 tox|[from] psn\n|upkeep\n|turn|2\n|inactive|ripreckful has 120 seconds left.\n|\n|t:|1652884400\n|switch|p1a: Magnezone|Magnezone|100\/100\n|move|p2a: Kyurem|Outrage|p1a: Magnezone|[from]lockedmove\n|-resisted|p1a: Magnezone\n|-damage|p1a: Magnezone|33\/100\n|\n|-damage|p2a: Kyurem|82\/100 tox|[from] psn\n|upkeep\n|turn|3\n|\n|t:|1652884405\n|move|p2a: Kyurem|Outrage|p1a: Magnezone|[from]lockedmove\n|-resisted|p1a: Magnezone\n|-damage|p1a: Magnezone|0 fnt\n|faint|p1a: Magnezone\n|-start|p2a: Kyurem|confusion|[fatigue]\n|\n|-damage|p2a: Kyurem|64\/100 tox|[from] psn\n|upkeep\n|\n|t:|1652884409\n|switch|p1a: Weavile|Weavile, F|100\/100\n|-ability|p1a: Weavile|Pressure\n|turn|4\n|l| LeafyWeafy\n|\n|t:|1652884438\n|switch|p2a: Landorus|Landorus-Therian, M|100\/100\n|-ability|p2a: Landorus|Intimidate|boost\n|-unboost|p1a: Weavile|atk|1\n|move|p1a: Weavile|Knock Off|p2a: Landorus\n|-crit|p2a: Landorus\n|-damage|p2a: Landorus|24\/100\n|-enditem|p2a: Landorus|Leftovers|[from] move: Knock Off|[of] p1a: Weavile\n|\n|upkeep\n|turn|5\n|c|\u2606ripreckful|mb\n|\n|t:|1652884446\n|move|p1a: Weavile|Knock Off|p2a: Landorus\n|-damage|p2a: Landorus|0 fnt\n|faint|p2a: Landorus\n|\n|upkeep\n|\n|t:|1652884450\n|switch|p2a: Tapu Lele|Tapu Lele|100\/100\n|-fieldstart|move: Psychic Terrain|[from] ability: Psychic Surge|[of] p2a: Tapu Lele\n|turn|6\n|\n|t:|1652884458\n|switch|p2a: Kyurem|Kyurem-Black, shiny|64\/100 tox\n|-ability|p2a: Kyurem|Teravolt\n|switch|p1a: Chansey|Chansey, F|100\/100\n|\n|-damage|p2a: Kyurem|58\/100 tox|[from] psn\n|upkeep\n|turn|7\n|j| zapthotz\n|\n|t:|1652884472\n|move|p2a: Kyurem|Outrage|p1a: Chansey\n|-damage|p1a: Chansey|17\/100\n|move|p1a: Chansey|Soft-Boiled|p1a: Chansey\n|-heal|p1a: Chansey|67\/100\n|\n|-damage|p2a: Kyurem|45\/100 tox|[from] psn\n|upkeep\n|turn|8\n|\n|t:|1652884489\n|switch|p1a: Latias|Latias, F|100\/100\n|move|p2a: Kyurem|Outrage|p1a: Latias|[from]lockedmove\n|-supereffective|p1a: Latias\n|-damage|p1a: Latias|0 fnt\n|faint|p1a: Latias\n|\n|-damage|p2a: Kyurem|27\/100 tox|[from] psn\n|upkeep\n|\n|t:|1652884491\n|switch|p1a: Weavile|Weavile, F|100\/100\n|-ability|p1a: Weavile|Pressure\n|turn|9\n|\n|t:|1652884505\n|move|p1a: Weavile|Knock Off|p2a: Kyurem\n|-damage|p2a: Kyurem|0 fnt\n|-enditem|p2a: Kyurem|Choice Band|[from] move: Knock Off|[of] p1a: Weavile\n|faint|p2a: Kyurem\n|\n|upkeep\n|\n|t:|1652884517\n|switch|p2a: Lopunny|Lopunny, F|100\/100\n|turn|10\n|\n|t:|1652884523\n|switch|p1a: Gliscor|Gliscor, M|100\/100\n|detailschange|p2a: Lopunny|Lopunny-Mega, F\n|-mega|p2a: Lopunny|Lopunny|Lopunnite\n|move|p2a: Lopunny|Return|p1a: Gliscor\n|-damage|p1a: Gliscor|58\/100\n|\n|-fieldend|move: Psychic Terrain\n|-status|p1a: Gliscor|tox|[from] item: Toxic Orb\n|upkeep\n|turn|11\n|\n|t:|1652884529\n|switch|p2a: Tapu Lele|Tapu Lele|100\/100\n|-fieldstart|move: Psychic Terrain|[from] ability: Psychic Surge|[of] p2a: Tapu Lele\n|switch|p1a: Toxapex|Toxapex, M|62\/100\n|\n|-heal|p1a: Toxapex|68\/100|[from] item: Black Sludge\n|upkeep\n|turn|12\n|\n|t:|1652884546\n|switch|p2a: Blacephalon|Blacephalon|100\/100\n|switch|p1a: Weavile|Weavile, F|100\/100\n|-ability|p1a: Weavile|Pressure\n|\n|upkeep\n|turn|13\n|j| The Delta Maybca\u2606\u301c\n|\n|t:|1652884562\n|switch|p1a: Gliscor|Gliscor, M|58\/100 tox\n|switch|p2a: Lopunny|Lopunny-Mega, F|100\/100\n|\n|-heal|p1a: Gliscor|70\/100 tox|[from] ability: Poison Heal\n|upkeep\n|turn|14\n|\n|t:|1652884575\n|switch|p1a: Toxapex|Toxapex, M|100\/100\n|move|p2a: Lopunny|Return|p1a: Toxapex\n|-damage|p1a: Toxapex|68\/100\n|\n|-heal|p1a: Toxapex|74\/100|[from] item: Black Sludge\n|upkeep\n|turn|15\n|\n|t:|1652884589\n|switch|p2a: Heatran|Heatran, F|100\/100\n|move|p1a: Toxapex|Toxic|p2a: Heatran\n|-immune|p2a: Heatran\n|\n|-heal|p1a: Toxapex|80\/100|[from] item: Black Sludge\n|-fieldend|move: Psychic Terrain\n|upkeep\n|turn|16\n|\n|t:|1652884597\n|switch|p1a: Gliscor|Gliscor, M|70\/100 tox\n|move|p2a: Heatran|Stealth Rock|p1a: Gliscor\n|-sidestart|p1: ripreckful|move: Stealth Rock\n|\n|-heal|p1a: Gliscor|83\/100 tox|[from] ability: Poison Heal\n|upkeep\n|turn|17\n|\n|t:|1652884600\n|switch|p2a: Tapu Lele|Tapu Lele|100\/100\n|-fieldstart|move: Psychic Terrain|[from] ability: Psychic Surge|[of] p2a: Tapu Lele\n|move|p1a: Gliscor|Earthquake|p2a: Tapu Lele\n|-damage|p2a: Tapu Lele|47\/100\n|\n|-heal|p1a: Gliscor|95\/100 tox|[from] ability: Poison Heal\n|upkeep\n|turn|18\n|\n|t:|1652884611\n|move|p2a: Tapu Lele|Psychic|p1a: Gliscor\n|-damage|p1a: Gliscor|30\/100 tox\n|move|p1a: Gliscor|Earthquake|p2a: Tapu Lele\n|-damage|p2a: Tapu Lele|0 fnt\n|faint|p2a: Tapu Lele\n|\n|-heal|p1a: Gliscor|42\/100 tox|[from] ability: Poison Heal\n|upkeep\n|\n|t:|1652884620\n|switch|p2a: Blacephalon|Blacephalon|100\/100\n|turn|19\n|\n|t:|1652884628\n|switch|p1a: Toxapex|Toxapex, M|100\/100\n|-damage|p1a: Toxapex|88\/100|[from] Stealth Rock\n|move|p2a: Blacephalon|Substitute|p2a: Blacephalon\n|-start|p2a: Blacephalon|Substitute\n|-damage|p2a: Blacephalon|75\/100\n|\n|-heal|p1a: Toxapex|94\/100|[from] item: Black Sludge\n|upkeep\n|turn|20\n|\n|t:|1652884630\n|move|p2a: Blacephalon|Calm Mind|p2a: Blacephalon\n|-boost|p2a: Blacephalon|spa|1\n|-boost|p2a: Blacephalon|spd|1\n|move|p1a: Toxapex|Scald|p2a: Blacephalon\n|-supereffective|p2a: Blacephalon\n|-end|p2a: Blacephalon|Substitute\n|\n|-heal|p1a: Toxapex|99\/100|[from] item: Black Sludge\n|upkeep\n|turn|21\n|\n|t:|1652884633\n|-zpower|p2a: Blacephalon\n|move|p2a: Blacephalon|Never-Ending Nightmare|p1a: Toxapex|[zeffect]\n|-damage|p1a: Toxapex|12\/100\n|move|p1a: Toxapex|Haze|p1a: Toxapex\n|-clearallboost\n|\n|-heal|p1a: Toxapex|18\/100|[from] item: Black Sludge\n|-fieldend|move: Psychic Terrain\n|upkeep\n|turn|22\n|\n|t:|1652884647\n|move|p2a: Blacephalon|Fire Blast|p1a: Toxapex\n|-resisted|p1a: Toxapex\n|-damage|p1a: Toxapex|0 fnt\n|faint|p1a: Toxapex\n|-ability|p2a: Blacephalon|Beast Boost|boost\n|-boost|p2a: Blacephalon|spe|1\n|\n|upkeep\n|c|\u2606ripreckful|oh\n|\n|t:|1652884663\n|switch|p1a: Gliscor|Gliscor, M|42\/100 tox\n|-damage|p1a: Gliscor|30\/100 tox|[from] Stealth Rock\n|turn|23\n|\n|t:|1652884666\n|move|p2a: Blacephalon|Fire Blast|p1a: Gliscor\n|-damage|p1a: Gliscor|0 fnt\n|faint|p1a: Gliscor\n|-ability|p2a: Blacephalon|Beast Boost|boost\n|-boost|p2a: Blacephalon|spe|1\n|\n|upkeep\n|\n|t:|1652884668\n|switch|p1a: Chansey|Chansey, F|67\/100\n|-damage|p1a: Chansey|55\/100|[from] Stealth Rock\n|turn|24\n|\n|t:|1652884672\n|move|p2a: Blacephalon|Substitute|p2a: Blacephalon\n|-start|p2a: Blacephalon|Substitute\n|-damage|p2a: Blacephalon|50\/100\n|move|p1a: Chansey|Stealth Rock|p2a: Blacephalon\n|-sidestart|p2: casually climbing|move: Stealth Rock\n|\n|upkeep\n|turn|25\n|\n|t:|1652884674\n|move|p2a: Blacephalon|Calm Mind|p2a: Blacephalon\n|-boost|p2a: Blacephalon|spa|1\n|-boost|p2a: Blacephalon|spd|1\n|move|p1a: Chansey|Soft-Boiled|p1a: Chansey\n|-heal|p1a: Chansey|100\/100\n|\n|upkeep\n|turn|26\n|c|\u2606ripreckful|gg\n|\n|t:|1652884677\n|move|p2a: Blacephalon|Calm Mind|p2a: Blacephalon\n|-boost|p2a: Blacephalon|spa|1\n|-boost|p2a: Blacephalon|spd|1\n|move|p1a: Chansey|Thunder Wave||[still]\n|-fail|p1a: Chansey\n|\n|upkeep\n|turn|27\n|\n|t:|1652884678\n|move|p2a: Blacephalon|Calm Mind|p2a: Blacephalon\n|-boost|p2a: Blacephalon|spa|1\n|-boost|p2a: Blacephalon|spd|1\n|move|p1a: Chansey|Thunder Wave||[still]\n|-fail|p1a: Chansey\n|\n|upkeep\n|turn|28\n|c| vkhss|damn\n|\n|t:|1652884680\n|move|p2a: Blacephalon|Calm Mind|p2a: Blacephalon\n|-boost|p2a: Blacephalon|spa|1\n|-boost|p2a: Blacephalon|spd|1\n|move|p1a: Chansey|Thunder Wave||[still]\n|-fail|p1a: Chansey\n|\n|upkeep\n|turn|29\n|\n|t:|1652884682\n|move|p2a: Blacephalon|Calm Mind|p2a: Blacephalon\n|-boost|p2a: Blacephalon|spa|1\n|-boost|p2a: Blacephalon|spd|1\n|move|p1a: Chansey|Thunder Wave|p2a: Blacephalon|[miss]\n|-miss|p1a: Chansey|p2a: Blacephalon\n|\n|upkeep\n|turn|30\n|\n|t:|1652884683\n|move|p2a: Blacephalon|Calm Mind|p2a: Blacephalon\n|-boost|p2a: Blacephalon|spa|1\n|-boost|p2a: Blacephalon|spd|1\n|move|p1a: Chansey|Thunder Wave||[still]\n|-fail|p1a: Chansey\n|\n|upkeep\n|turn|31\n|c|\u2606ripreckful|i forgot about z moves ngl\n|\n|t:|1652884693\n|move|p2a: Blacephalon|Fire Blast|p1a: Chansey\n|-damage|p1a: Chansey|31\/100\n|-status|p1a: Chansey|brn\n|move|p1a: Chansey|Thunder Wave||[still]\n|-fail|p1a: Chansey\n|\n|-damage|p1a: Chansey|24\/100 brn|[from] brn\n|upkeep\n|turn|32\n|\n|t:|1652884697\n|move|p2a: Blacephalon|Fire Blast|p1a: Chansey|[miss]\n|-miss|p2a: Blacephalon|p1a: Chansey\n|move|p1a: Chansey|Thunder Wave||[still]\n|-fail|p1a: Chansey\n|\n|-damage|p1a: Chansey|18\/100 brn|[from] brn\n|upkeep\n|turn|33\n|\n|t:|1652884699\n|move|p2a: Blacephalon|Fire Blast|p1a: Chansey|[miss]\n|-miss|p2a: Blacephalon|p1a: Chansey\n|move|p1a: Chansey|Thunder Wave||[still]\n|-fail|p1a: Chansey\n|\n|-damage|p1a: Chansey|12\/100 brn|[from] brn\n|upkeep\n|turn|34\n|\n|t:|1652884701\n|move|p2a: Blacephalon|Fire Blast|p1a: Chansey\n|-damage|p1a: Chansey|0 fnt\n|faint|p1a: Chansey\n|-ability|p2a: Blacephalon|Beast Boost|boost\n|-boost|p2a: Blacephalon|spe|1\n|\n|upkeep\n|\n|t:|1652884703\n|switch|p1a: Weavile|Weavile, F|100\/100\n|-damage|p1a: Weavile|76\/100|[from] Stealth Rock\n|-ability|p1a: Weavile|Pressure\n|turn|35\n|\n|t:|1652884706\n|move|p2a: Blacephalon|Shadow Ball|p1a: Weavile\n|-resisted|p1a: Weavile\n|-damage|p1a: Weavile|0 fnt\n|faint|p1a: Weavile\n|\n|win|casually climbing\n|n|\u2606ripreckful|ripreckful\n|n|\u2606casually climbing|casuallyclimbing\n|n| vkhss|vkhss\n|n| zapthotz|zapthotz\n|n| The Delta Maybca\u2606\u301c|thedeltamaybca\n","uploadtime":1652884707,"views":10,"p1id":"ripreckful","p2id":"casuallyclimbing","formatid":"gen7ou","rating":0,"private":0,"password":null}