{"id":"gen7ou-735544281","p1":"Ohmboy Tesla","p2":"jon on the block","format":"gen7ou","log":"|j|\u2606Ohmboy Tesla\n|j|\u203djon on the block\n|player|p1|Ohmboy Tesla|136\n|player|p2|jon on the block|39\n|teamsize|p1|6\n|teamsize|p2|6\n|gametype|singles\n|gen|7\n|tier|[Gen 7] OU\n|rated|\n|rule|Sleep Clause Mod: Limit one foe put to sleep\n|rule|Species Clause: Limit one of each Pok\u00e9mon\n|rule|OHKO Clause: OHKO moves are banned\n|rule|Moody Clause: Moody is banned\n|rule|Evasion Moves Clause: Evasion moves are banned\n|rule|Endless Battle Clause: Forcing endless battles is banned\n|rule|HP Percentage Mod: HP is shown in percentages\n|clearpoke\n|poke|p1|Diancie|item\n|poke|p1|Volcarona, M|item\n|poke|p1|Rotom-Wash|item\n|poke|p1|Tapu Bulu|item\n|poke|p1|Landorus-Therian, M|item\n|poke|p1|Toxapex, M|item\n|poke|p2|Altaria, M|item\n|poke|p2|Magnezone|item\n|poke|p2|Greninja, M|item\n|poke|p2|Landorus-Therian, M|item\n|poke|p2|Kartana|item\n|poke|p2|Kyurem-Black|item\n|teampreview\n|\n|start\n|switch|p1a: scRotom-Wash|Rotom-Wash|100\/100\n|switch|p2a: Magnezone|Magnezone|100\/100\n|turn|1\n|\n|switch|p1a: Flooffy Paws|Landorus-Therian, M|100\/100\n|-ability|p1a: Flooffy Paws|Intimidate|boost\n|-unboost|p2a: Magnezone|atk|1\n|move|p2a: Magnezone|Volt Switch|p1a: Flooffy Paws\n|-immune|p1a: Flooffy Paws|[msg]\n|\n|upkeep\n|turn|2\n|\n|switch|p2a: Kyurem|Kyurem-Black|100\/100\n|-ability|p2a: Kyurem|Teravolt\n|move|p1a: Flooffy Paws|Stealth Rock|p2a: Kyurem\n|-sidestart|p2: jon on the block|move: Stealth Rock\n|\n|upkeep\n|turn|3\n|\n|switch|p1a: Boy Fort|Toxapex, M|100\/100\n|move|p2a: Kyurem|Ice Beam|p1a: Boy Fort\n|-resisted|p1a: Boy Fort\n|-damage|p1a: Boy Fort|88\/100\n|\n|-heal|p1a: Boy Fort|94\/100|[from] item: Black Sludge\n|upkeep\n|turn|4\n|\n|move|p2a: Kyurem|Ice Beam|p1a: Boy Fort\n|-resisted|p1a: Boy Fort\n|-damage|p1a: Boy Fort|80\/100\n|move|p1a: Boy Fort|Recover|p1a: Boy Fort\n|-heal|p1a: Boy Fort|100\/100\n|\n|upkeep\n|turn|5\n|\n|move|p2a: Kyurem|Fusion Bolt|p1a: Boy Fort\n|-supereffective|p1a: Boy Fort\n|-damage|p1a: Boy Fort|45\/100\n|move|p1a: Boy Fort|Toxic Spikes|p2a: Kyurem\n|-sidestart|p2: jon on the block|move: Toxic Spikes\n|\n|-heal|p1a: Boy Fort|51\/100|[from] item: Black Sludge\n|upkeep\n|turn|6\n|\n|switch|p1a: scRotom-Wash|Rotom-Wash|100\/100\n|move|p2a: Kyurem|Ice Beam|p1a: scRotom-Wash\n|-resisted|p1a: scRotom-Wash\n|-damage|p1a: scRotom-Wash|77\/100\n|\n|-heal|p1a: scRotom-Wash|83\/100|[from] item: Leftovers\n|upkeep\n|turn|7\n|\n|switch|p1a: Flooffy Paws|Landorus-Therian, M|100\/100\n|-ability|p1a: Flooffy Paws|Intimidate|boost\n|-unboost|p2a: Kyurem|atk|1\n|move|p2a: Kyurem|Earth Power|p1a: Flooffy Paws\n|-immune|p1a: Flooffy Paws|[msg]\n|\n|upkeep\n|turn|8\n|\n|switch|p2a: Kartana|Kartana|100\/100\n|-damage|p2a: Kartana|94\/100|[from] Stealth Rock\n|switch|p1a: Boy Fort|Toxapex, M|84\/100\n|\n|-heal|p1a: Boy Fort|90\/100|[from] item: Black Sludge\n|upkeep\n|turn|9\n|\n|switch|p1a: Atlas|Volcarona, M|100\/100\n|move|p2a: Kartana|Defog|p1a: Atlas\n|-unboost|p1a: Atlas|evasion|1\n|-sideend|p2: jon on the block|Toxic Spikes|[from] move: Defog|[of] p2a: Kartana\n|-sideend|p2: jon on the block|Stealth Rock|[from] move: Defog|[of] p2a: Kartana\n|\n|upkeep\n|turn|10\n|\n|switch|p2a: Kyurem|Kyurem-Black|100\/100\n|-ability|p2a: Kyurem|Teravolt\n|move|p1a: Atlas|Fiery Dance|p2a: Kyurem\n|-damage|p2a: Kyurem|76\/100\n|-boost|p1a: Atlas|spa|1\n|\n|upkeep\n|turn|11\n|\n|-zpower|p1a: Atlas\n|move|p1a: Atlas|Savage Spin-Out|p2a: Kyurem|[zeffect]\n|-damage|p2a: Kyurem|0 fnt\n|faint|p2a: Kyurem\n|\n|upkeep\n|\n|switch|p2a: Greninja|Greninja, M|100\/100\n|turn|12\n|\n|switch|p1a: Boy Fort|Toxapex, M|100\/100\n|move|p2a: Greninja|Spikes|p1a: Boy Fort\n|-sidestart|p1: Ohmboy Tesla|Spikes\n|\n|upkeep\n|turn|13\n|\n|switch|p2a: Kartana|Kartana|94\/100\n|move|p1a: Boy Fort|Scald|p2a: Kartana\n|-resisted|p2a: Kartana\n|-damage|p2a: Kartana|70\/100\n|\n|upkeep\n|turn|14\n|inactive|Battle timer is ON: inactive players will automatically lose when time's up. (requested by jon on the block)\n|\n|switch|p1a: Flooffy Paws|Landorus-Therian, M|100\/100\n|-ability|p1a: Flooffy Paws|Intimidate|boost\n|-unboost|p2a: Kartana|atk|1\n|move|p2a: Kartana|Swords Dance|p2a: Kartana\n|-boost|p2a: Kartana|atk|2\n|\n|upkeep\n|turn|15\n|\n|move|p2a: Kartana|Leaf Blade|p1a: Flooffy Paws\n|-damage|p1a: Flooffy Paws|40\/100\n|move|p1a: Flooffy Paws|U-turn|p2a: Kartana\n|-damage|p2a: Kartana|47\/100\n|\n|switch|p1a: Carbink-EX|Diancie|100\/100\n|-damage|p1a: Carbink-EX|88\/100|[from] Spikes\n|\n|upkeep\n|turn|16\n|\n|switch|p2a: Magnezone|Magnezone|100\/100\n|-mega|p1a: Carbink-EX|Diancie|Diancite\n|detailschange|p1a: Carbink-EX|Diancie-Mega\n|move|p1a: Carbink-EX|Moonblast|p2a: Magnezone\n|-resisted|p2a: Magnezone\n|-damage|p2a: Magnezone|64\/100\n|-unboost|p2a: Magnezone|spa|1\n|\n|upkeep\n|turn|17\n|\n|move|p2a: Magnezone|Flash Cannon|p1a: Carbink-EX\n|-supereffective|p1a: Carbink-EX\n|-damage|p1a: Carbink-EX|0 fnt\n|faint|p1a: Carbink-EX\n|\n|upkeep\n|\n|switch|p1a: Atlas|Volcarona, M|100\/100\n|-damage|p1a: Atlas|88\/100|[from] Spikes\n|turn|18\n|\n|switch|p2a: Altaria|Altaria, M|100\/100\n|move|p1a: Atlas|Quiver Dance|p1a: Atlas\n|-boost|p1a: Atlas|spa|1\n|-boost|p1a: Atlas|spd|1\n|-boost|p1a: Atlas|spe|1\n|\n|upkeep\n|turn|19\n|\n|-mega|p2a: Altaria|Altaria|Altarianite\n|detailschange|p2a: Altaria|Altaria-Mega, M\n|move|p1a: Atlas|Fiery Dance|p2a: Altaria\n|-resisted|p2a: Altaria\n|-damage|p2a: Altaria|73\/100\n|-boost|p1a: Atlas|spa|1\n|move|p2a: Altaria|Body Slam|p1a: Atlas\n|-resisted|p1a: Atlas\n|-damage|p1a: Atlas|58\/100\n|-status|p2a: Altaria|brn|[from] ability: Flame Body|[of] p1a: Atlas\n|\n|-damage|p2a: Altaria|67\/100 brn|[from] brn\n|upkeep\n|turn|20\n|\n|move|p1a: Atlas|Fiery Dance|p2a: Altaria\n|-resisted|p2a: Altaria\n|-damage|p2a: Altaria|26\/100 brn\n|move|p2a: Altaria|Body Slam|p1a: Atlas\n|-resisted|p1a: Atlas\n|-damage|p1a: Atlas|43\/100\n|-status|p1a: Atlas|par\n|\n|-damage|p2a: Altaria|20\/100 brn|[from] brn\n|upkeep\n|turn|21\n|\n|cant|p1a: Atlas|par\n|move|p2a: Altaria|Roost|p2a: Altaria\n|-heal|p2a: Altaria|70\/100 brn\n|\n|-damage|p2a: Altaria|64\/100 brn|[from] brn\n|upkeep\n|turn|22\n|\n|cant|p1a: Atlas|par\n|move|p2a: Altaria|Roost|p2a: Altaria\n|-heal|p2a: Altaria|100\/100 brn\n|\n|-damage|p2a: Altaria|94\/100 brn|[from] brn\n|upkeep\n|turn|23\n|\n|move|p1a: Atlas|Quiver Dance|p1a: Atlas\n|-boost|p1a: Atlas|spa|1\n|-boost|p1a: Atlas|spd|1\n|-boost|p1a: Atlas|spe|1\n|move|p2a: Altaria|Earthquake|p1a: Atlas\n|-damage|p1a: Atlas|23\/100 par\n|\n|-damage|p2a: Altaria|88\/100 brn|[from] brn\n|upkeep\n|turn|24\n|\n|move|p1a: Atlas|Bug Buzz|p2a: Altaria\n|-resisted|p2a: Altaria\n|-crit|p2a: Altaria\n|-damage|p2a: Altaria|5\/100 brn\n|move|p2a: Altaria|Earthquake|p1a: Atlas\n|-damage|p1a: Atlas|5\/100 par\n|\n|-damage|p2a: Altaria|0 fnt|[from] brn\n|upkeep\n|faint|p2a: Altaria\n|\n|switch|p2a: Greninja|Greninja, M|100\/100\n|turn|25\n|\n|switch|p1a: Boy Fort|Toxapex, M|100\/100\n|-damage|p1a: Boy Fort|88\/100|[from] Spikes\n|move|p2a: Greninja|Dark Pulse|p1a: Boy Fort\n|-damage|p1a: Boy Fort|54\/100\n|\n|-heal|p1a: Boy Fort|60\/100|[from] item: Black Sludge\n|upkeep\n|turn|26\n|\n|switch|p1a: Atlas|Volcarona, M|5\/100 par\n|-damage|p1a: Atlas|0 fnt|[from] Spikes\n|faint|p1a: Atlas\n|move|p2a: Greninja|Dark Pulse|p1: Atlas|[notarget]\n|-notarget\n|\n|upkeep\n|\n|switch|p1a: Top Bull|Tapu Bulu|100\/100\n|-damage|p1a: Top Bull|88\/100|[from] Spikes\n|-fieldstart|move: Grassy Terrain|[from] ability: Grassy Surge|[of] p1a: Top Bull\n|turn|27\n|inactive|jon on the block has 135 seconds left.\n|inactive|jon on the block has 120 seconds left.\n|\n|switch|p2a: Landorus|Landorus-Therian, M|100\/100\n|-ability|p2a: Landorus|Intimidate|boost\n|-unboost|p1a: Top Bull|atk|1\n|move|p1a: Top Bull|Horn Leech|p2a: Landorus\n|-damage|p2a: Landorus|75\/100\n|-heal|p1a: Top Bull|100\/100|[from] drain|[of] p2a: Landorus\n|-damage|p1a: Top Bull|84\/100|[from] item: Rocky Helmet|[of] p2a: Landorus\n|\n|-heal|p1a: Top Bull|90\/100|[from] item: Leftovers\n|-heal|p1a: Top Bull|96\/100|[from] Grassy Terrain\n|upkeep\n|turn|28\n|\n|switch|p1a: scRotom-Wash|Rotom-Wash|83\/100\n|move|p2a: Landorus|U-turn|p1a: scRotom-Wash\n|-damage|p1a: scRotom-Wash|66\/100\n|\n|switch|p2a: Kartana|Kartana|47\/100\n|\n|-heal|p2a: Kartana|53\/100|[from] Grassy Terrain\n|-heal|p1a: scRotom-Wash|72\/100|[from] item: Leftovers\n|upkeep\n|turn|29\n|\n|switch|p1a: Flooffy Paws|Landorus-Therian, M|40\/100\n|-ability|p1a: Flooffy Paws|Intimidate|boost\n|-unboost|p2a: Kartana|atk|1\n|move|p2a: Kartana|Leaf Blade|p1a: Flooffy Paws\n|-damage|p1a: Flooffy Paws|2\/100\n|\n|-heal|p2a: Kartana|60\/100|[from] Grassy Terrain\n|-heal|p1a: Flooffy Paws|8\/100|[from] item: Leftovers\n|upkeep\n|turn|30\n|\n|switch|p1a: Top Bull|Tapu Bulu|96\/100\n|-damage|p1a: Top Bull|84\/100|[from] Spikes\n|move|p2a: Kartana|Leaf Blade|p1a: Top Bull\n|-resisted|p1a: Top Bull\n|-damage|p1a: Top Bull|59\/100\n|\n|-heal|p2a: Kartana|66\/100|[from] Grassy Terrain\n|-heal|p1a: Top Bull|65\/100|[from] item: Leftovers\n|-heal|p1a: Top Bull|71\/100|[from] Grassy Terrain\n|upkeep\n|turn|31\n|\n|switch|p2a: Landorus|Landorus-Therian, M|75\/100\n|-ability|p2a: Landorus|Intimidate|boost\n|-unboost|p1a: Top Bull|atk|1\n|move|p1a: Top Bull|Horn Leech|p2a: Landorus\n|-damage|p2a: Landorus|51\/100\n|-heal|p1a: Top Bull|85\/100|[from] drain|[of] p2a: Landorus\n|-damage|p1a: Top Bull|69\/100|[from] item: Rocky Helmet|[of] p2a: Landorus\n|\n|-heal|p1a: Top Bull|75\/100|[from] item: Leftovers\n|-heal|p1a: Top Bull|81\/100|[from] Grassy Terrain\n|-fieldend|move: Grassy Terrain\n|upkeep\n|turn|32\n|\n|switch|p1a: Flooffy Paws|Landorus-Therian, M|8\/100\n|-ability|p1a: Flooffy Paws|Intimidate|boost\n|-unboost|p2a: Landorus|atk|1\n|move|p2a: Landorus|Stealth Rock|p1a: Flooffy Paws\n|-sidestart|p1: Ohmboy Tesla|move: Stealth Rock\n|\n|-heal|p1a: Flooffy Paws|14\/100|[from] item: Leftovers\n|upkeep\n|turn|33\n|\n|move|p2a: Landorus|Hidden Power|p1a: Flooffy Paws\n|-supereffective|p1a: Flooffy Paws\n|-damage|p1a: Flooffy Paws|0 fnt\n|faint|p1a: Flooffy Paws\n|\n|upkeep\n|\n|switch|p1a: scRotom-Wash|Rotom-Wash|72\/100\n|-damage|p1a: scRotom-Wash|60\/100|[from] Stealth Rock\n|turn|34\n|\n|switch|p2a: Magnezone|Magnezone|64\/100\n|move|p1a: scRotom-Wash|Defog|p2a: Magnezone\n|-unboost|p2a: Magnezone|evasion|1\n|-sideend|p1: Ohmboy Tesla|Spikes|[from] move: Defog|[of] p1a: scRotom-Wash\n|-sideend|p1: Ohmboy Tesla|Stealth Rock|[from] move: Defog|[of] p1a: scRotom-Wash\n|\n|-heal|p1a: scRotom-Wash|66\/100|[from] item: Leftovers\n|upkeep\n|turn|35\n|\n|move|p2a: Magnezone|Thunderbolt|p1a: scRotom-Wash\n|-damage|p1a: scRotom-Wash|16\/100\n|move|p1a: scRotom-Wash|Will-O-Wisp|p2a: Magnezone\n|-status|p2a: Magnezone|brn\n|\n|-heal|p1a: scRotom-Wash|23\/100|[from] item: Leftovers\n|-damage|p2a: Magnezone|58\/100 brn|[from] brn\n|upkeep\n|turn|36\n|\n|switch|p1a: Top Bull|Tapu Bulu|81\/100\n|-fieldstart|move: Grassy Terrain|[from] ability: Grassy Surge|[of] p1a: Top Bull\n|move|p2a: Magnezone|Thunderbolt|p1a: Top Bull\n|-resisted|p1a: Top Bull\n|-damage|p1a: Top Bull|64\/100\n|\n|-heal|p2a: Magnezone|64\/100 brn|[from] Grassy Terrain\n|-heal|p1a: Top Bull|70\/100|[from] item: Leftovers\n|-heal|p1a: Top Bull|76\/100|[from] Grassy Terrain\n|-damage|p2a: Magnezone|58\/100 brn|[from] brn\n|upkeep\n|turn|37\n|inactive|jon on the block has 135 seconds left.\n|\n|switch|p2a: Kartana|Kartana|66\/100\n|move|p1a: Top Bull|Horn Leech|p2a: Kartana\n|-resisted|p2a: Kartana\n|-damage|p2a: Kartana|53\/100\n|-heal|p1a: Top Bull|81\/100|[from] drain|[of] p2a: Kartana\n|\n|-heal|p2a: Kartana|59\/100|[from] Grassy Terrain\n|-heal|p1a: Top Bull|88\/100|[from] item: Leftovers\n|-heal|p1a: Top Bull|94\/100|[from] Grassy Terrain\n|upkeep\n|turn|38\n|inactive|Ohmboy Tesla has 135 seconds left.\n|inactive|jon on the block has 135 seconds left.\n|inactive|Ohmboy Tesla has 120 seconds left.\n|inactive|jon on the block has 120 seconds left.\n|inactive|jon on the block has 105 seconds left.\n|inactive|jon on the block has 90 seconds left.\n|\n|switch|p2a: Landorus|Landorus-Therian, M|51\/100\n|-ability|p2a: Landorus|Intimidate|boost\n|-unboost|p1a: Top Bull|atk|1\n|move|p1a: Top Bull|Nature's Madness|p2a: Landorus\n|-damage|p2a: Landorus|26\/100\n|\n|-heal|p1a: Top Bull|99\/100|[from] item: Leftovers\n|-heal|p1a: Top Bull|100\/100|[from] Grassy Terrain\n|upkeep\n|turn|39\n|\n|switch|p1a: scRotom-Wash|Rotom-Wash|23\/100\n|move|p2a: Landorus|U-turn|p1a: scRotom-Wash\n|-damage|p1a: scRotom-Wash|6\/100\n|\n|switch|p2a: Kartana|Kartana|59\/100\n|\n|-heal|p2a: Kartana|65\/100|[from] Grassy Terrain\n|-heal|p1a: scRotom-Wash|12\/100|[from] item: Leftovers\n|upkeep\n|turn|40\n|\n|move|p2a: Kartana|Leaf Blade|p1a: scRotom-Wash\n|-supereffective|p1a: scRotom-Wash\n|-damage|p1a: scRotom-Wash|0 fnt\n|faint|p1a: scRotom-Wash\n|-ability|p2a: Kartana|Beast Boost|boost\n|-boost|p2a: Kartana|atk|1\n|\n|-heal|p2a: Kartana|72\/100|[from] Grassy Terrain\n|-fieldend|move: Grassy Terrain\n|upkeep\n|\n|switch|p1a: Boy Fort|Toxapex, M|94\/100\n|turn|41\n|\n|move|p2a: Kartana|Leaf Blade|p1a: Boy Fort\n|-damage|p1a: Boy Fort|24\/100\n|move|p1a: Boy Fort|Haze|p1a: Boy Fort\n|-clearallboost\n|\n|-heal|p1a: Boy Fort|30\/100|[from] item: Black Sludge\n|upkeep\n|turn|42\n|\n|switch|p1a: Top Bull|Tapu Bulu|100\/100\n|-fieldstart|move: Grassy Terrain|[from] ability: Grassy Surge|[of] p1a: Top Bull\n|move|p2a: Kartana|Swords Dance|p2a: Kartana\n|-boost|p2a: Kartana|atk|2\n|\n|-heal|p2a: Kartana|78\/100|[from] Grassy Terrain\n|upkeep\n|turn|43\n|\n|move|p2a: Kartana|Leaf Blade|p1a: Top Bull\n|-resisted|p1a: Top Bull\n|-damage|p1a: Top Bull|20\/100\n|move|p1a: Top Bull|Nature's Madness|p2a: Kartana\n|-damage|p2a: Kartana|39\/100\n|\n|-heal|p2a: Kartana|45\/100|[from] Grassy Terrain\n|-heal|p1a: Top Bull|27\/100|[from] item: Leftovers\n|-heal|p1a: Top Bull|33\/100|[from] Grassy Terrain\n|upkeep\n|turn|44\n|\n|move|p2a: Kartana|Leaf Blade|p1a: Top Bull\n|-resisted|p1a: Top Bull\n|-damage|p1a: Top Bull|0 fnt\n|faint|p1a: Top Bull\n|-ability|p2a: Kartana|Beast Boost|boost\n|-boost|p2a: Kartana|atk|1\n|\n|-heal|p2a: Kartana|51\/100|[from] Grassy Terrain\n|upkeep\n|\n|switch|p1a: Boy Fort|Toxapex, M|64\/100\n|turn|45\n|\n|move|p2a: Kartana|Leaf Blade|p1a: Boy Fort\n|-damage|p1a: Boy Fort|0 fnt\n|faint|p1a: Boy Fort\n|\n|win|jon on the block\n","inputlog":null,"uploadtime":1524229820,"views":3,"p1id":"ohmboytesla","p2id":"jonontheblock","formatid":"gen7ou","rating":0,"private":0,"password":null}