{"id":"gen7ou-843015182","p1":"uuuuiiii","p2":"Ad_Plays","format":"gen7ou","log":"|j|\u2606uuuuiiii\n|j|\u2606Ad_Plays\n|player|p1|uuuuiiii|169\n|player|p2|Ad_Plays|265\n|teamsize|p1|6\n|teamsize|p2|6\n|gametype|singles\n|gen|7\n|tier|[Gen 7] OU\n|rated|\n|html|<div class=\"broadcast-green\"><strong>OU is currently suspecting Zygarde! For information on how to participate check out the <a href=\"https:\/\/www.smogon.com\/forums\/threads\/3645049\/\">suspect thread<\/a>.<\/strong><\/div>\n|rule|Sleep Clause Mod: Limit one foe put to sleep\n|rule|Species Clause: Limit one of each Pok\u00e9mon\n|rule|OHKO Clause: OHKO moves are banned\n|rule|Moody Clause: Moody is banned\n|rule|Evasion Moves Clause: Evasion moves are banned\n|rule|Endless Battle Clause: Forcing endless battles is banned\n|rule|HP Percentage Mod: HP is shown in percentages\n|clearpoke\n|poke|p1|Greninja, M|item\n|poke|p1|Tapu Koko|item\n|poke|p1|Kyurem-Black|item\n|poke|p1|Zygarde|item\n|poke|p1|Tornadus-Therian, M|item\n|poke|p1|Camerupt, M|item\n|poke|p2|Shuckle, F|item\n|poke|p2|Charizard, M|item\n|poke|p2|Kartana|item\n|poke|p2|Greninja, M|item\n|poke|p2|Garchomp, M|item\n|poke|p2|Victini|item\n|teampreview\n|inactive|Battle timer is ON: inactive players will automatically lose when time's up. (requested by Ad_Plays)\n|\n|start\n|switch|p1a: Zygarde|Zygarde|100\/100\n|switch|p2a: Don\u2019t Fuckle|Shuckle, F, shiny|100\/100\n|-ability|p1a: Zygarde|Aura Break\n|turn|1\n|\n|move|p1a: Zygarde|Thousand Arrows|p2a: Don\u2019t Fuckle\n|-damage|p2a: Don\u2019t Fuckle|67\/100\n|move|p2a: Don\u2019t Fuckle|Stealth Rock|p1a: Zygarde\n|-sidestart|p1: uuuuiiii|move: Stealth Rock\n|\n|upkeep\n|turn|2\n|\n|move|p1a: Zygarde|Thousand Arrows|p2a: Don\u2019t Fuckle\n|-damage|p2a: Don\u2019t Fuckle|33\/100\n|-enditem|p2a: Don\u2019t Fuckle|Sitrus Berry|[eat]\n|-heal|p2a: Don\u2019t Fuckle|58\/100|[from] item: Sitrus Berry\n|move|p2a: Don\u2019t Fuckle|Sticky Web|p1a: Zygarde\n|-sidestart|p1: uuuuiiii|move: Sticky Web\n|\n|upkeep\n|turn|3\n|\n|move|p1a: Zygarde|Thousand Arrows|p2a: Don\u2019t Fuckle\n|-damage|p2a: Don\u2019t Fuckle|26\/100\n|move|p2a: Don\u2019t Fuckle|Toxic|p1a: Zygarde\n|-status|p1a: Zygarde|tox\n|\n|-damage|p1a: Zygarde|94\/100 tox|[from] psn\n|upkeep\n|turn|4\n|\n|move|p1a: Zygarde|Thousand Arrows|p2a: Don\u2019t Fuckle\n|-damage|p2a: Don\u2019t Fuckle|0 fnt\n|faint|p2a: Don\u2019t Fuckle\n|\n|-damage|p1a: Zygarde|82\/100 tox|[from] psn\n|upkeep\n|\n|switch|p2a: RAWR|Charizard, M|100\/100\n|turn|5\n|\n|detailschange|p2a: RAWR|Charizard-Mega-X, M\n|-mega|p2a: RAWR|Charizard|Charizardite X\n|move|p2a: RAWR|Dragon Claw|p1a: Zygarde\n|-supereffective|p1a: Zygarde\n|-damage|p1a: Zygarde|0 fnt\n|faint|p1a: Zygarde\n|\n|upkeep\n|\n|switch|p1a: Tornadus|Tornadus-Therian, M|100\/100\n|-damage|p1a: Tornadus|75\/100|[from] Stealth Rock\n|turn|6\n|\n|move|p1a: Tornadus|Defog|p2a: RAWR\n|-unboost|p2a: RAWR|evasion|1\n|-sideend|p1: uuuuiiii|Stealth Rock|[from] move: Defog|[of] p1a: Tornadus\n|-sideend|p1: uuuuiiii|Sticky Web|[from] move: Defog|[of] p1a: Tornadus\n|move|p2a: RAWR|Dragon Claw|p1a: Tornadus\n|-damage|p1a: Tornadus|1\/100\n|\n|upkeep\n|turn|7\n|\n|switch|p1a: Tapu Koko|Tapu Koko|100\/100\n|-fieldstart|move: Electric Terrain|[from] ability: Electric Surge|[of] p1a: Tapu Koko\n|move|p2a: RAWR|Dragon Claw|p1a: Tapu Koko\n|-immune|p1a: Tapu Koko\n|\n|upkeep\n|turn|8\n|\n|move|p1a: Tapu Koko|Volt Switch|p2a: RAWR\n|-resisted|p2a: RAWR\n|-damage|p2a: RAWR|73\/100\n|\n|switch|p1a: Camerupt|Camerupt, M|100\/100\n|move|p2a: RAWR|Earthquake|p1a: Camerupt\n|-supereffective|p1a: Camerupt\n|-damage|p1a: Camerupt|15\/100\n|\n|upkeep\n|turn|9\n|\n|switch|p1a: Tornadus|Tornadus-Therian, M|34\/100\n|move|p2a: RAWR|Dragon Claw|p1a: Tornadus\n|-damage|p1a: Tornadus|0 fnt\n|faint|p1a: Tornadus\n|\n|upkeep\n|\n|switch|p1a: Greninja|Greninja, M|100\/100\n|turn|10\n|\n|move|p1a: Greninja|Gunk Shot|p2a: RAWR\n|-start|p1a: Greninja|typechange|Poison|[from] Protean\n|-damage|p2a: RAWR|31\/100\n|move|p2a: RAWR|Dragon Claw|p1a: Greninja\n|-damage|p1a: Greninja|10\/100\n|\n|upkeep\n|turn|11\n|\n|move|p1a: Greninja|Gunk Shot|p2a: RAWR\n|-damage|p2a: RAWR|0 fnt\n|faint|p2a: RAWR\n|\n|-fieldend|move: Electric Terrain\n|upkeep\n|\n|switch|p2a: Gekkouga|Greninja, M|100\/100\n|turn|12\n|\n|move|p2a: Gekkouga|Water Shuriken|p1a: Greninja\n|-damage|p1a: Greninja|0 fnt\n|-hitcount|p1a: Greninja|1\n|faint|p1a: Greninja\n|-activate|p2a: Gekkouga|ability: Battle Bond\n|detailschange|p2a: Gekkouga|Greninja-Ash, M\n|\n|upkeep\n|\n|switch|p1a: Kyurem|Kyurem-Black|100\/100\n|-ability|p1a: Kyurem|Teravolt\n|turn|13\n|\n|move|p2a: Gekkouga|Ice Beam|p1a: Kyurem\n|-damage|p1a: Kyurem|64\/100\n|move|p1a: Kyurem|Substitute|p1a: Kyurem\n|-start|p1a: Kyurem|Substitute\n|-damage|p1a: Kyurem|39\/100\n|\n|upkeep\n|turn|14\n|\n|move|p2a: Gekkouga|Dark Pulse|p1a: Kyurem\n|-end|p1a: Kyurem|Substitute\n|move|p1a: Kyurem|Fusion Bolt|p2a: Gekkouga\n|-supereffective|p2a: Gekkouga\n|-enditem|p2a: Gekkouga|Focus Sash\n|-damage|p2a: Gekkouga|1\/100\n|\n|upkeep\n|turn|15\n|\n|move|p2a: Gekkouga|Dark Pulse|p1a: Kyurem\n|-damage|p1a: Kyurem|0 fnt\n|faint|p1a: Kyurem\n|\n|upkeep\n|-message|uuuuiiii forfeited.\n|\n|win|Ad_Plays\n|raw|uuuuiiii's rating: 1314 &rarr; <strong>1293<\/strong><br \/>(-21 for losing)\n|raw|Ad_Plays's rating: 1300 &rarr; <strong>1326<\/strong><br \/>(+26 for winning)\n|l|\u2606uuuuiiii\n|c|\u2606Ad_Plays|Ayyy\n","uploadtime":1546319374,"views":14,"p1id":"uuuuiiii","p2id":"adplays","formatid":"gen7ou","rating":1293,"private":0,"password":null}