{"id":"gen7ou-642535720","p1":"Trolling Love","p2":"BigL91","format":"gen7ou","log":"|j|Trolling Love\n|j|BigL91\n|player|p1|Trolling Love|257\n|teamsize|p1|6\n|player|p2|BigL91|293\n|teamsize|p2|6\n|gametype|singles\n|gen|7\n|tier|[Gen 7] OU\n|rated\n|seed|26087,47946,60463,45491\n|rule|Sleep Clause Mod: Limit one foe put to sleep\n|rule|Species Clause: Limit one of each Pok\u00e9mon\n|rule|OHKO Clause: OHKO moves are banned\n|rule|Moody Clause: Moody is banned\n|rule|Evasion Moves Clause: Evasion moves are banned\n|rule|Endless Battle Clause: Forcing endless battles is banned\n|rule|HP Percentage Mod: HP is shown in percentages\n|clearpoke\n|poke|p1|Hawlucha, M|item\n|poke|p1|Greninja, M|item\n|poke|p1|Tapu Lele|item\n|poke|p1|Gyarados, M|item\n|poke|p1|Landorus-Therian, M|item\n|poke|p1|Magnezone|item\n|poke|p2|Toxapex, F|item\n|poke|p2|Hippowdon, M|item\n|poke|p2|Ferrothorn, M|item\n|poke|p2|Hydreigon, M|item\n|poke|p2|Thundurus-Therian, M|item\n|poke|p2|Scizor, M|item\n|teampreview\n|choice|team 3, team 2, team 1, team 4, team 5, team 6|team 5, team 2, team 3, team 4, team 1, team 6\n|\n|start\n|switch|p1a: Tapu Lele|Tapu Lele|281\/281\n|switch|p2a: Thundurus|Thundurus-Therian, M|299\/299\n|-fieldstart|move: Psychic Terrain|[from] ability: Psychic Surge|[of] p1a: Tapu Lele\n|turn|1\n|choice|switch 6|move knockoff\n|\n|switch|p1a: Magnezone|Magnezone|310\/310\n|move|p2a: Thundurus|Knock Off|p1a: Magnezone\n|-damage|p1a: Magnezone|250\/310\n|-enditem|p1a: Magnezone|Assault Vest|[from] move: Knock Off|[of] p2a: Thundurus\n|\n|upkeep\n|turn|2\n|choice|switch 5|move focusblast\n|\n|switch|p1a: Landorus|Landorus-Therian, M|319\/319\n|-ability|p1a: Landorus|Intimidate|boost\n|-unboost|p2a: Thundurus|atk|1\n|move|p2a: Thundurus|Focus Blast|p1a: Landorus\n|-resisted|p1a: Landorus\n|-damage|p1a: Landorus|220\/319\n|\n|upkeep\n|turn|3\n|choice|move stealthrock|move hiddenpower\n|\n|move|p2a: Thundurus|Hidden Power|p1a: Landorus\n|-supereffective|p1a: Landorus\n|-damage|p1a: Landorus|0 fnt\n|faint|p1a: Landorus\n|\n|upkeep\n|choice|switch 2|\n|\n|switch|p1a: Greninja|Greninja, M|285\/285\n|turn|4\n|choice|move spikes|move thunderbolt\n|\n|move|p1a: Greninja|Spikes|p2a: Thundurus\n|-start|p1a: Greninja|typechange|Ground|[from] Protean\n|-sidestart|p2: BigL91|Spikes\n|move|p2a: Thundurus|Thunderbolt|p1a: Greninja\n|-immune|p1a: Greninja|[msg]\n|\n|upkeep\n|turn|5\n|choice|move icebeam|move hiddenpower\n|\n|move|p1a: Greninja|Ice Beam|p2a: Thundurus\n|-start|p1a: Greninja|typechange|Ice|[from] Protean\n|-supereffective|p2a: Thundurus\n|-damage|p2a: Thundurus|40\/299\n|move|p2a: Thundurus|Hidden Power|p1a: Greninja\n|-resisted|p1a: Greninja\n|-damage|p1a: Greninja|232\/285\n|\n|-fieldend|move: Psychic Terrain\n|upkeep\n|turn|6\n|choice|move spikes|switch 6\n|\n|switch|p2a: Scizor|Scizor, M|343\/343\n|-damage|p2a: Scizor|301\/343|[from] Spikes\n|move|p1a: Greninja|Spikes|p2a: Scizor\n|-start|p1a: Greninja|typechange|Ground|[from] Protean\n|-sidestart|p2: BigL91|Spikes\n|\n|upkeep\n|turn|7\n|choice|move hiddenpower|switch 4\n|\n|switch|p2a: Hydreigon|Hydreigon, M|325\/325\n|move|p1a: Greninja|Hidden Power|p2a: Hydreigon\n|-start|p1a: Greninja|typechange|Fire|[from] Protean\n|-resisted|p2a: Hydreigon\n|-damage|p2a: Hydreigon|278\/325\n|\n|upkeep\n|turn|8\n|choice|switch 5|move dracometeor\n|\n|switch|p1a: Magnezone|Magnezone|250\/310\n|move|p2a: Hydreigon|Draco Meteor|p1a: Magnezone\n|-resisted|p1a: Magnezone\n|-damage|p1a: Magnezone|130\/310\n|-unboost|p2a: Hydreigon|spa|2\n|\n|upkeep\n|turn|9\n|choice|switch 5|switch 2\n|\n|switch|p2a: Hippowdon|Hippowdon, M|420\/420\n|-damage|p2a: Hippowdon|350\/420|[from] Spikes\n|-weather|Sandstorm|[from] ability: Sand Stream|[of] p2a: Hippowdon\n|switch|p1a: Greninja|Greninja, M|232\/285\n|\n|-weather|Sandstorm|[upkeep]\n|-damage|p1a: Greninja|215\/285|[from] sandstorm\n|-heal|p2a: Hippowdon|376\/420|[from] item: Leftovers\n|upkeep\n|turn|10\n|choice|move icebeam|move stealthrock\n|\n|move|p1a: Greninja|Ice Beam|p2a: Hippowdon\n|-start|p1a: Greninja|typechange|Ice|[from] Protean\n|-supereffective|p2a: Hippowdon\n|-damage|p2a: Hippowdon|30\/420\n|move|p2a: Hippowdon|Stealth Rock|p1a: Greninja\n|-sidestart|p1: Trolling Love|move: Stealth Rock\n|\n|-weather|Sandstorm|[upkeep]\n|-damage|p1a: Greninja|198\/285|[from] sandstorm\n|-heal|p2a: Hippowdon|56\/420|[from] item: Leftovers\n|upkeep\n|turn|11\n|choice|move hiddenpower|move slackoff\n|\n|move|p1a: Greninja|Hidden Power|p2a: Hippowdon\n|-start|p1a: Greninja|typechange|Fire|[from] Protean\n|-damage|p2a: Hippowdon|0 fnt\n|faint|p2a: Hippowdon\n|\n|-weather|Sandstorm|[upkeep]\n|-damage|p1a: Greninja|181\/285|[from] sandstorm\n|upkeep\n|choice||switch 2\n|\n|switch|p2a: Hydreigon|Hydreigon, M|278\/325\n|turn|12\n|choice|switch 5|move darkpulse\n|\n|switch|p1a: Magnezone|Magnezone|130\/310\n|-damage|p1a: Magnezone|111\/310|[from] Stealth Rock\n|move|p2a: Hydreigon|Dark Pulse|p1a: Magnezone\n|-damage|p1a: Magnezone|0 fnt\n|faint|p1a: Magnezone\n|\n|-weather|Sandstorm|[upkeep]\n|-damage|p2a: Hydreigon|258\/325|[from] sandstorm\n|upkeep\n|choice|switch 6|\n|\n|switch|p1a: Tapu Lele|Tapu Lele|281\/281\n|-damage|p1a: Tapu Lele|246\/281|[from] Stealth Rock\n|-fieldstart|move: Psychic Terrain|[from] ability: Psychic Surge|[of] p1a: Tapu Lele\n|turn|13\n|choice|switch 3|move darkpulse\n|\n|switch|p1a: Hawlucha|Hawlucha, M|329\/329\n|-enditem|p1a: Hawlucha|Psychic Seed\n|-boost|p1a: Hawlucha|spd|1\n|-damage|p1a: Hawlucha|288\/329|[from] Stealth Rock\n|move|p2a: Hydreigon|Dark Pulse|p1a: Hawlucha\n|-resisted|p1a: Hawlucha\n|-damage|p1a: Hawlucha|219\/329\n|\n|-weather|none\n|upkeep\n|turn|14\n|choice|move swordsdance|switch 5\n|\n|switch|p2a: Toxapex|Toxapex, F, shiny|304\/304\n|-damage|p2a: Toxapex|254\/304|[from] Spikes\n|move|p1a: Hawlucha|Swords Dance|p1a: Hawlucha\n|-boost|p1a: Hawlucha|atk|2\n|\n|-heal|p2a: Toxapex|273\/304|[from] item: Black Sludge\n|upkeep\n|turn|15\n|choice|move acrobatics|move scald\n|\n|move|p1a: Hawlucha|Acrobatics|p2a: Toxapex\n|-damage|p2a: Toxapex|104\/304\n|move|p2a: Toxapex|Scald|p1a: Hawlucha\n|-damage|p1a: Hawlucha|162\/329\n|\n|-heal|p2a: Toxapex|123\/304|[from] item: Black Sludge\n|upkeep\n|turn|16\n|choice|move swordsdance|switch 3\n|\n|switch|p2a: Ferrothorn|Ferrothorn, M|352\/352\n|-damage|p2a: Ferrothorn|294\/352|[from] Spikes\n|move|p1a: Hawlucha|Swords Dance|p1a: Hawlucha\n|-boost|p1a: Hawlucha|atk|2\n|\n|-heal|p2a: Ferrothorn|316\/352|[from] item: Leftovers\n|upkeep\n|turn|17\n|choice|move drainpunch|move leechseed\n|\n|move|p1a: Hawlucha|Drain Punch|p2a: Ferrothorn\n|-supereffective|p2a: Ferrothorn\n|-damage|p2a: Ferrothorn|0 fnt\n|-heal|p1a: Hawlucha|320\/329|[from] drain|[of] p2a: Ferrothorn\n|-damage|p1a: Hawlucha|279\/329|[from] ability: Iron Barbs|[of] p2a: Ferrothorn\n|faint|p2a: Ferrothorn\n|\n|-fieldend|move: Psychic Terrain\n|upkeep\n|choice||switch 6\n|\n|switch|p2a: Thundurus|Thundurus-Therian, M|40\/299\n|turn|18\n|choice|move drainpunch|move thunderbolt\n|\n|move|p1a: Hawlucha|Drain Punch|p2a: Thundurus\n|-resisted|p2a: Thundurus\n|-damage|p2a: Thundurus|0 fnt\n|-heal|p1a: Hawlucha|299\/329|[from] drain|[of] p2a: Thundurus\n|faint|p2a: Thundurus\n|\n|upkeep\n|choice||switch 5\n|\n|switch|p2a: Hydreigon|Hydreigon, M|258\/325\n|turn|19\n|choice|move drainpunch|move dracometeor\n|\n|move|p1a: Hawlucha|Drain Punch|p2a: Hydreigon\n|-supereffective|p2a: Hydreigon\n|-damage|p2a: Hydreigon|0 fnt\n|-heal|p1a: Hawlucha|329\/329|[from] drain|[of] p2a: Hydreigon\n|faint|p2a: Hydreigon\n|\n|upkeep\n|choice||switch 4\n|\n|switch|p2a: Scizor|Scizor, M|301\/343\n|-damage|p2a: Scizor|244\/343|[from] Spikes\n|turn|20\n|choice|move highjumpkick|move bulletpunch mega\n|\n|detailschange|p2a: Scizor|Scizor-Mega, M\n|-mega|p2a: Scizor|Scizor|Scizorite\n|move|p2a: Scizor|Bullet Punch|p1a: Hawlucha\n|-damage|p1a: Hawlucha|182\/329\n|move|p1a: Hawlucha|High Jump Kick|p2a: Scizor\n|-damage|p2a: Scizor|0 fnt\n|faint|p2a: Scizor\n|\n|upkeep\n|choice||switch 3\n|\n|switch|p2a: Toxapex|Toxapex, F, shiny|224\/304\n|-damage|p2a: Toxapex|174\/304|[from] Spikes\n|turn|21\n|c|\u2606Trolling Love|gg\n|choice|move acrobatics|move scald\n|\n|move|p1a: Hawlucha|Acrobatics|p2a: Toxapex\n|-damage|p2a: Toxapex|0 fnt\n|faint|p2a: Toxapex\n|\n|win|Trolling Love\n|raw|Trolling Love's rating: 1559 &rarr; <strong>1576<\/strong><br \/>(+17 for winning)\n|raw|BigL91's rating: 1500 &rarr; <strong>1483<\/strong><br \/>(-17 for losing)\n|l|BigL91","inputlog":null,"uploadtime":1507482032,"views":16,"p1id":"trollinglove","p2id":"bigl91","formatid":"gen7ou","rating":1483,"private":0,"password":null}