{"id":"gen7ou-1669809774","p1":"Pok et glace","p2":"yzh0621","format":"gen7ou","log":"|j|\u2606Pok et glace\n|j|\u2606yzh0621\n|t:|1664096016\n|gametype|singles\n|player|p1|Pok et glace|cynthia-masters|1586\n|player|p2|yzh0621|lusamine-masters|1713\n|teamsize|p1|6\n|teamsize|p2|6\n|gen|7\n|tier|[Gen 7] OU\n|rated|\n|rule|Sleep Clause Mod: Limit one foe put to sleep\n|rule|Species Clause: Limit one of each Pok\u00e9mon\n|rule|OHKO Clause: OHKO moves are banned\n|rule|Moody Clause: Moody is banned\n|rule|Evasion Items Clause: Evasion items are banned\n|rule|Evasion Moves Clause: Evasion moves are banned\n|rule|Endless Battle Clause: Forcing endless battles is banned\n|rule|HP Percentage Mod: HP is shown in percentages\n|clearpoke\n|poke|p1|Diggersby, M|item\n|poke|p1|Toxapex, F|item\n|poke|p1|Latias, F|item\n|poke|p1|Scizor, F|item\n|poke|p1|Greninja, M|item\n|poke|p1|Garchomp, F|item\n|poke|p2|Toxapex, F|item\n|poke|p2|Sableye, F|item\n|poke|p2|Chansey, F|item\n|poke|p2|Skarmory, M|item\n|poke|p2|Clefable, F|item\n|poke|p2|Gliscor, F|item\n|teampreview\n|inactive|Battle timer is ON: inactive players will automatically lose when time's up. (requested by yzh0621)\n|c|\u2606Pok et glace|WHY DO YOU ALL PLAY STALL\n|c|\u2606Pok et glace|ALL OF YOU FUCKS\n|\n|t:|1664096041\n|start\n|switch|p1a: I want|Toxapex, F|100\/100\n|switch|p2a: Sableye|Sableye, F, shiny|100\/100\n|turn|1\n|\n|t:|1664096047\n|detailschange|p2a: Sableye|Sableye-Mega, F, shiny\n|-mega|p2a: Sableye|Sableye|Sablenite\n|move|p1a: I want|Scald|p2a: Sableye\n|-damage|p2a: Sableye|89\/100\n|move|p2a: Sableye|Knock Off|p1a: I want\n|-damage|p1a: I want|77\/100\n|-enditem|p1a: I want|Black Sludge|[from] move: Knock Off|[of] p2a: Sableye\n|\n|upkeep\n|turn|2\n|\n|t:|1664096074\n|move|p1a: I want|Scald|p2a: Sableye\n|-damage|p2a: Sableye|76\/100\n|move|p2a: Sableye|Will-O-Wisp|p1a: I want\n|-status|p1a: I want|brn\n|\n|-damage|p1a: I want|71\/100 brn|[from] brn\n|upkeep\n|turn|3\n|\n|t:|1664096091\n|switch|p2a: Chansey|Chansey, F, shiny|100\/100\n|move|p1a: I want|Scald|p2a: Chansey\n|-damage|p2a: Chansey|96\/100\n|\n|-damage|p1a: I want|65\/100 brn|[from] brn\n|upkeep\n|turn|4\n|inactive|Pok et glace has 120 seconds left.\n|inactive|Pok et glace has 90 seconds left.\n|c|\u2606yzh0621|hf\n|inactive|Pok et glace has 60 seconds left.\n|\n|t:|1664096203\n|move|p2a: Chansey|Stealth Rock|p1a: I want\n|-sidestart|p1: Pok et glace|move: Stealth Rock\n|move|p1a: I want|Toxic Spikes|p2a: Chansey\n|-sidestart|p2: yzh0621|move: Toxic Spikes\n|\n|-damage|p1a: I want|59\/100 brn|[from] brn\n|upkeep\n|turn|5\n|\n|t:|1664096214\n|move|p2a: Chansey|Seismic Toss|p1a: I want\n|-damage|p1a: I want|26\/100 brn\n|move|p1a: I want|Recover|p1a: I want\n|-heal|p1a: I want|76\/100 brn\n|\n|-damage|p1a: I want|70\/100 brn|[from] brn\n|upkeep\n|turn|6\n|\n|t:|1664096219\n|switch|p2a: Toxapex|Toxapex, F, shiny|100\/100\n|-sideend|p2: yzh0621|move: Toxic Spikes|[of] p2a: Toxapex\n|switch|p1a: Christmas|Scizor, F|100\/100\n|-damage|p1a: Christmas|88\/100|[from] Stealth Rock\n|\n|upkeep\n|turn|7\n|\n|t:|1664096224\n|detailschange|p1a: Christmas|Scizor-Mega, F\n|-mega|p1a: Christmas|Scizor|Scizorite\n|move|p1a: Christmas|U-turn|p2a: Toxapex\n|-resisted|p2a: Toxapex\n|-damage|p2a: Toxapex|87\/100\n|inactive|Pok et glace has 60 seconds left.\n|c|\u2606Pok et glace|you only play stall because you ca&n't actually play\n|\n|t:|1664096236\n|switch|p1a: I want|Toxapex, F|100\/100 brn|[from]move: U-turn\n|-damage|p1a: I want|88\/100 brn|[from] Stealth Rock\n|move|p2a: Toxapex|Scald|p1a: I want\n|-resisted|p1a: I want\n|-damage|p1a: I want|83\/100 brn\n|\n|-heal|p2a: Toxapex|93\/100|[from] item: Black Sludge\n|-damage|p1a: I want|77\/100 brn|[from] brn\n|upkeep\n|turn|8\n|c|\u2606Pok et glace|everty single play si obvious\n|\n|t:|1664096244\n|switch|p2a: Skarmory|Skarmory, M, shiny|100\/100\n|move|p1a: I want|Scald|p2a: Skarmory\n|-damage|p2a: Skarmory|78\/100\n|\n|-damage|p1a: I want|71\/100 brn|[from] brn\n|upkeep\n|turn|9\n|\n|t:|1664096247\n|move|p2a: Skarmory|Spikes|p1a: I want\n|-sidestart|p1: Pok et glace|Spikes\n|move|p1a: I want|Scald|p2a: Skarmory\n|-damage|p2a: Skarmory|57\/100\n|\n|-damage|p1a: I want|65\/100 brn|[from] brn\n|upkeep\n|turn|10\n|\n|t:|1664096251\n|move|p2a: Skarmory|Spikes|p1a: I want\n|-sidestart|p1: Pok et glace|Spikes\n|move|p1a: I want|Scald|p2a: Skarmory\n|-damage|p2a: Skarmory|35\/100\n|\n|-damage|p1a: I want|59\/100 brn|[from] brn\n|upkeep\n|turn|11\n|\n|t:|1664096253\n|move|p2a: Skarmory|Roost|p2a: Skarmory\n|-heal|p2a: Skarmory|85\/100\n|-singleturn|p2a: Skarmory|move: Roost\n|move|p1a: I want|Scald|p2a: Skarmory\n|-damage|p2a: Skarmory|62\/100\n|\n|-damage|p1a: I want|53\/100 brn|[from] brn\n|upkeep\n|turn|12\n|\n|t:|1664096255\n|move|p2a: Skarmory|Spikes|p1a: I want\n|-sidestart|p1: Pok et glace|Spikes\n|move|p1a: I want|Scald|p2a: Skarmory\n|-damage|p2a: Skarmory|40\/100\n|\n|-damage|p1a: I want|47\/100 brn|[from] brn\n|upkeep\n|turn|13\n|\n|t:|1664096257\n|move|p2a: Skarmory|Roost|p2a: Skarmory\n|-heal|p2a: Skarmory|90\/100\n|-singleturn|p2a: Skarmory|move: Roost\n|move|p1a: I want|Scald|p2a: Skarmory\n|-damage|p2a: Skarmory|65\/100\n|\n|-damage|p1a: I want|41\/100 brn|[from] brn\n|upkeep\n|turn|14\n|\n|t:|1664096261\n|move|p2a: Skarmory|Roost|p2a: Skarmory\n|-heal|p2a: Skarmory|100\/100\n|-singleturn|p2a: Skarmory|move: Roost\n|move|p1a: I want|Scald|p2a: Skarmory\n|-damage|p2a: Skarmory|77\/100\n|\n|-damage|p1a: I want|35\/100 brn|[from] brn\n|upkeep\n|turn|15\n|\n|t:|1664096264\n|switch|p2a: Gliscor|Gliscor, F|100\/100\n|move|p1a: I want|Scald|p2a: Gliscor\n|-supereffective|p2a: Gliscor\n|-damage|p2a: Gliscor|62\/100\n|-status|p2a: Gliscor|brn\n|\n|-damage|p2a: Gliscor|56\/100 brn|[from] brn\n|-damage|p1a: I want|29\/100 brn|[from] brn\n|upkeep\n|turn|16\n|\n|t:|1664096269\n|switch|p1a: For|Latias, F|100\/100\n|-damage|p1a: For|88\/100|[from] Stealth Rock\n|move|p2a: Gliscor|Earthquake|p1a: For\n|-immune|p1a: For|[from] ability: Levitate\n|\n|-damage|p2a: Gliscor|50\/100 brn|[from] brn\n|upkeep\n|turn|17\n|\n|t:|1664096274\n|move|p1a: For|Defog|p2a: Gliscor\n|-unboost|p2a: Gliscor|evasion|1\n|-sideend|p1: Pok et glace|Spikes|[from] move: Defog|[of] p1a: For\n|-sideend|p1: Pok et glace|Stealth Rock|[from] move: Defog|[of] p1a: For\n|move|p2a: Gliscor|Toxic|p1a: For\n|-status|p1a: For|tox\n|\n|-damage|p1a: For|82\/100 tox|[from] psn\n|-damage|p2a: Gliscor|44\/100 brn|[from] brn\n|upkeep\n|turn|18\n|\n|t:|1664096280\n|switch|p1a: I want|Toxapex, F|63\/100 brn\n|switch|p2a: Chansey|Chansey, F, shiny|96\/100\n|\n|-damage|p1a: I want|57\/100 brn|[from] brn\n|upkeep\n|turn|19\n|\n|t:|1664096287\n|move|p2a: Chansey|Stealth Rock|p1a: I want\n|-sidestart|p1: Pok et glace|move: Stealth Rock\n|move|p1a: I want|Recover|p1a: I want\n|-heal|p1a: I want|100\/100 brn\n|\n|-damage|p1a: I want|95\/100 brn|[from] brn\n|upkeep\n|turn|20\n|\n|t:|1664096292\n|switch|p2a: Skarmory|Skarmory, M, shiny|77\/100\n|switch|p1a: All|Diggersby, M|100\/100\n|-damage|p1a: All|94\/100|[from] Stealth Rock\n|\n|upkeep\n|turn|21\n|\n|t:|1664096296\n|switch|p1a: I want|Toxapex, F|100\/100 brn\n|-damage|p1a: I want|88\/100 brn|[from] Stealth Rock\n|move|p2a: Skarmory|Counter||[still]\n|-fail|p2a: Skarmory\n|\n|-damage|p1a: I want|82\/100 brn|[from] brn\n|upkeep\n|turn|22\n|\n|t:|1664096299\n|move|p2a: Skarmory|Roost|p2a: Skarmory\n|-heal|p2a: Skarmory|100\/100\n|-singleturn|p2a: Skarmory|move: Roost\n|move|p1a: I want|Scald|p2a: Skarmory\n|-damage|p2a: Skarmory|79\/100\n|\n|-damage|p1a: I want|76\/100 brn|[from] brn\n|upkeep\n|turn|23\n|\n|t:|1664096302\n|move|p2a: Skarmory|Spikes|p1a: I want\n|-sidestart|p1: Pok et glace|Spikes\n|move|p1a: I want|Scald|p2a: Skarmory\n|-damage|p2a: Skarmory|56\/100\n|\n|-damage|p1a: I want|70\/100 brn|[from] brn\n|upkeep\n|turn|24\n|c|\u2606Pok et glace|scald can burn you know?\n|\n|t:|1664096323\n|move|p2a: Skarmory|Roost|p2a: Skarmory\n|-heal|p2a: Skarmory|100\/100\n|-singleturn|p2a: Skarmory|move: Roost\n|move|p1a: I want|Scald|p2a: Skarmory\n|-damage|p2a: Skarmory|78\/100\n|\n|-damage|p1a: I want|65\/100 brn|[from] brn\n|upkeep\n|turn|25\n|\n|t:|1664096326\n|move|p2a: Skarmory|Spikes|p1a: I want\n|-sidestart|p1: Pok et glace|Spikes\n|move|p1a: I want|Scald|p2a: Skarmory\n|-damage|p2a: Skarmory|54\/100\n|\n|-damage|p1a: I want|59\/100 brn|[from] brn\n|upkeep\n|turn|26\n|\n|t:|1664096329\n|move|p2a: Skarmory|Spikes|p1a: I want\n|-sidestart|p1: Pok et glace|Spikes\n|move|p1a: I want|Scald|p2a: Skarmory\n|-damage|p2a: Skarmory|33\/100\n|\n|-damage|p1a: I want|53\/100 brn|[from] brn\n|upkeep\n|turn|27\n|\n|t:|1664096332\n|move|p2a: Skarmory|Roost|p2a: Skarmory\n|-heal|p2a: Skarmory|83\/100\n|-singleturn|p2a: Skarmory|move: Roost\n|move|p1a: I want|Scald|p2a: Skarmory\n|-damage|p2a: Skarmory|61\/100\n|-status|p2a: Skarmory|brn\n|\n|-damage|p2a: Skarmory|55\/100 brn|[from] brn\n|-damage|p1a: I want|47\/100 brn|[from] brn\n|upkeep\n|turn|28\n|\n|t:|1664096343\n|switch|p1a: Christmas|Scizor-Mega, F|88\/100\n|-damage|p1a: Christmas|76\/100|[from] Stealth Rock\n|-damage|p1a: Christmas|51\/100|[from] Spikes\n|move|p2a: Skarmory|Roost|p2a: Skarmory\n|-heal|p2a: Skarmory|100\/100 brn\n|-singleturn|p2a: Skarmory|move: Roost\n|\n|-damage|p2a: Skarmory|95\/100 brn|[from] brn\n|upkeep\n|turn|29\n|\n|t:|1664096347\n|switch|p1a: For|Latias, F|82\/100 tox\n|-damage|p1a: For|70\/100 tox|[from] Stealth Rock\n|move|p2a: Skarmory|Whirlwind|p1a: For\n|drag|p1a: Poser les rock|Garchomp, F|100\/100\n|-damage|p1a: Poser les rock|94\/100|[from] Stealth Rock\n|-damage|p1a: Poser les rock|69\/100|[from] Spikes\n|\n|-damage|p2a: Skarmory|89\/100 brn|[from] brn\n|upkeep\n|turn|30\n|\n|t:|1664096356\n|move|p1a: Poser les rock|Stealth Rock|p2a: Skarmory\n|-sidestart|p2: yzh0621|move: Stealth Rock\n|move|p2a: Skarmory|Whirlwind|p1a: Poser les rock\n|drag|p1a: All|Diggersby, M|94\/100\n|-damage|p1a: All|88\/100|[from] Stealth Rock\n|-damage|p1a: All|64\/100|[from] Spikes\n|\n|-damage|p2a: Skarmory|83\/100 brn|[from] brn\n|upkeep\n|turn|31\n|\n|t:|1664096362\n|switch|p1a: For|Latias, F|70\/100 tox\n|-damage|p1a: For|58\/100 tox|[from] Stealth Rock\n|move|p2a: Skarmory|Counter||[still]\n|-fail|p2a: Skarmory\n|\n|-damage|p1a: For|52\/100 tox|[from] psn\n|-damage|p2a: Skarmory|77\/100 brn|[from] brn\n|upkeep\n|turn|32\n|\n|t:|1664096367\n|move|p1a: For|Defog|p2a: Skarmory\n|-unboost|p2a: Skarmory|evasion|1\n|-sideend|p2: yzh0621|Stealth Rock|[from] move: Defog|[of] p1a: For\n|-sideend|p1: Pok et glace|Spikes|[from] move: Defog|[of] p1a: For\n|-sideend|p1: Pok et glace|Stealth Rock|[from] move: Defog|[of] p1a: For\n|move|p2a: Skarmory|Whirlwind|p1a: For\n|drag|p1a: Poser les rock|Garchomp, F|69\/100\n|\n|-damage|p2a: Skarmory|71\/100 brn|[from] brn\n|upkeep\n|turn|33\n|\n|t:|1664096375\n|move|p1a: Poser les rock|Swords Dance|p1a: Poser les rock\n|-boost|p1a: Poser les rock|atk|2\n|move|p2a: Skarmory|Roost|p2a: Skarmory\n|-heal|p2a: Skarmory|100\/100 brn\n|-singleturn|p2a: Skarmory|move: Roost\n|\n|-damage|p2a: Skarmory|95\/100 brn|[from] brn\n|upkeep\n|turn|34\n|\n|t:|1664096383\n|switch|p2a: Clefable|Clefable, F, shiny|100\/100\n|move|p1a: Poser les rock|Earthquake|p2a: Clefable\n|-damage|p2a: Clefable|60\/100\n|\n|-heal|p2a: Clefable|66\/100|[from] item: Leftovers\n|upkeep\n|turn|35\n|inactive|yzh0621 has 120 seconds left.\n|j| yeewo\n|\n|t:|1664096433\n|move|p2a: Clefable|Protect|p2a: Clefable\n|-singleturn|p2a: Clefable|Protect\n|move|p1a: Poser les rock|Stealth Rock|p2a: Clefable\n|-sidestart|p2: yzh0621|move: Stealth Rock\n|\n|-heal|p2a: Clefable|72\/100|[from] item: Leftovers\n|upkeep\n|turn|36\n|\n|t:|1664096438\n|-zpower|p1a: Poser les rock\n|move|p1a: Poser les rock|Continental Crush|p2a: Clefable|[zeffect]\n|-damage|p2a: Clefable|22\/100\n|move|p2a: Clefable|Wish|p2a: Clefable\n|\n|-heal|p2a: Clefable|28\/100|[from] item: Leftovers\n|upkeep\n|turn|37\n|\n|t:|1664096447\n|switch|p1a: All|Diggersby, M|64\/100\n|move|p2a: Clefable|Protect||[still]\n|-fail|p2a: Clefable\n|\n|-heal|p2a: Clefable|78\/100|[from] move: Wish|[wisher] Clefable\n|-heal|p2a: Clefable|85\/100|[from] item: Leftovers\n|upkeep\n|turn|38\n|\n|t:|1664096459\n|move|p1a: All|Fire Punch|p2a: Clefable\n|-damage|p2a: Clefable|56\/100\n|-damage|p1a: All|54\/100|[from] item: Life Orb\n|move|p2a: Clefable|Moonblast|p1a: All\n|-damage|p1a: All|10\/100\n|\n|-heal|p2a: Clefable|62\/100|[from] item: Leftovers\n|upkeep\n|turn|39\n|\n|t:|1664096464\n|switch|p1a: Christmas|Scizor-Mega, F|51\/100\n|move|p2a: Clefable|Wish|p2a: Clefable\n|\n|-heal|p2a: Clefable|68\/100|[from] item: Leftovers\n|upkeep\n|turn|40\n|\n|t:|1664096472\n|switch|p2a: Skarmory|Skarmory, M, shiny|95\/100 brn\n|-damage|p2a: Skarmory|82\/100 brn|[from] Stealth Rock\n|move|p1a: Christmas|Curse|p1a: Christmas\n|-unboost|p1a: Christmas|spe|1\n|-boost|p1a: Christmas|atk|1\n|-boost|p1a: Christmas|def|1\n|\n|-heal|p2a: Skarmory|100\/100 brn|[from] move: Wish|[wisher] Clefable\n|-damage|p2a: Skarmory|95\/100 brn|[from] brn\n|upkeep\n|turn|41\n|\n|t:|1664096476\n|move|p2a: Skarmory|Roost|p2a: Skarmory\n|-heal|p2a: Skarmory|100\/100 brn\n|-singleturn|p2a: Skarmory|move: Roost\n|move|p1a: Christmas|U-turn|p2a: Skarmory\n|-resisted|p2a: Skarmory\n|-damage|p2a: Skarmory|87\/100 brn\n|-damage|p1a: Christmas|35\/100|[from] item: Rocky Helmet|[of] p2a: Skarmory\n|\n|t:|1664096478\n|switch|p1a: For|Latias, F|52\/100 tox|[from]move: U-turn\n|\n|-damage|p1a: For|46\/100 tox|[from] psn\n|-damage|p2a: Skarmory|81\/100 brn|[from] brn\n|upkeep\n|turn|42\n|\n|t:|1664096482\n|switch|p2a: Chansey|Chansey, F, shiny|96\/100\n|-damage|p2a: Chansey|83\/100|[from] Stealth Rock\n|move|p1a: For|Healing Wish|p1a: For\n|faint|p1a: For\n|\n|upkeep\n|\n|t:|1664096486\n|switch|p1a: All|Diggersby, M|10\/100\n|-heal|p1a: All|100\/100|[from] move: Healing Wish\n|turn|43\n|\n|t:|1664096494\n|switch|p2a: Clefable|Clefable, F, shiny|68\/100\n|-damage|p2a: Clefable|56\/100|[from] Stealth Rock\n|move|p1a: All|Earthquake|p2a: Clefable\n|-damage|p2a: Clefable|0 fnt\n|faint|p2a: Clefable\n|-damage|p1a: All|91\/100|[from] item: Life Orb\n|\n|upkeep\n|\n|t:|1664096503\n|switch|p2a: Toxapex|Toxapex, F, shiny|100\/100\n|-damage|p2a: Toxapex|88\/100|[from] Stealth Rock\n|turn|44\n|\n|t:|1664096507\n|switch|p2a: Skarmory|Skarmory, M, shiny|81\/100 brn\n|-damage|p2a: Skarmory|68\/100 brn|[from] Stealth Rock\n|move|p1a: All|Earthquake|p2a: Skarmory\n|-immune|p2a: Skarmory\n|\n|-damage|p2a: Skarmory|62\/100 brn|[from] brn\n|upkeep\n|turn|45\n|\n|t:|1664096511\n|switch|p1a: Is|Greninja, M|100\/100\n|move|p2a: Skarmory|Counter||[still]\n|-fail|p2a: Skarmory\n|\n|-damage|p2a: Skarmory|56\/100 brn|[from] brn\n|upkeep\n|turn|46\n|\n|t:|1664096519\n|switch|p1a: All|Diggersby, M|91\/100\n|move|p2a: Skarmory|Roost|p2a: Skarmory\n|-heal|p2a: Skarmory|100\/100 brn\n|-singleturn|p2a: Skarmory|move: Roost\n|\n|-damage|p2a: Skarmory|95\/100 brn|[from] brn\n|upkeep\n|turn|47\n|\n|t:|1664096525\n|switch|p1a: Is|Greninja, M|100\/100\n|move|p2a: Skarmory|Counter||[still]\n|-fail|p2a: Skarmory\n|\n|-damage|p2a: Skarmory|89\/100 brn|[from] brn\n|upkeep\n|turn|48\n|\n|t:|1664096528\n|switch|p2a: Chansey|Chansey, F, shiny|83\/100\n|-damage|p2a: Chansey|71\/100|[from] Stealth Rock\n|move|p1a: Is|Dark Pulse|p2a: Chansey\n|-crit|p2a: Chansey\n|-damage|p2a: Chansey|48\/100\n|\n|upkeep\n|turn|49\n|j| Damage Case\n|\n|t:|1664096532\n|switch|p1a: Christmas|Scizor-Mega, F|35\/100\n|move|p2a: Chansey|Soft-Boiled|p2a: Chansey\n|-heal|p2a: Chansey|98\/100\n|\n|upkeep\n|turn|50\n|\n|t:|1664096536\n|switch|p2a: Skarmory|Skarmory, M, shiny|89\/100 brn\n|-damage|p2a: Skarmory|76\/100 brn|[from] Stealth Rock\n|move|p1a: Christmas|U-turn|p2a: Skarmory\n|-resisted|p2a: Skarmory\n|-damage|p2a: Skarmory|71\/100 brn\n|-damage|p1a: Christmas|18\/100|[from] item: Rocky Helmet|[of] p2a: Skarmory\n|\n|t:|1664096538\n|switch|p1a: Is|Greninja, M|100\/100|[from]move: U-turn\n|\n|-damage|p2a: Skarmory|65\/100 brn|[from] brn\n|upkeep\n|turn|51\n|\n|t:|1664096542\n|switch|p1a: All|Diggersby, M|91\/100\n|move|p2a: Skarmory|Roost|p2a: Skarmory\n|-heal|p2a: Skarmory|100\/100 brn\n|-singleturn|p2a: Skarmory|move: Roost\n|\n|-damage|p2a: Skarmory|95\/100 brn|[from] brn\n|upkeep\n|turn|52\n|\n|t:|1664096552\n|switch|p1a: Is|Greninja, M|100\/100\n|move|p2a: Skarmory|Counter||[still]\n|-fail|p2a: Skarmory\n|\n|-damage|p2a: Skarmory|89\/100 brn|[from] brn\n|upkeep\n|turn|53\n|\n|t:|1664096565\n|switch|p2a: Chansey|Chansey, F, shiny|98\/100\n|-damage|p2a: Chansey|85\/100|[from] Stealth Rock\n|move|p1a: Is|Spikes|p2a: Chansey\n|-sidestart|p2: yzh0621|Spikes\n|\n|upkeep\n|turn|54\n|\n|t:|1664096569\n|switch|p1a: Poser les rock|Garchomp, F|69\/100\n|move|p2a: Chansey|Toxic|p1a: Poser les rock\n|-status|p1a: Poser les rock|tox\n|\n|-damage|p1a: Poser les rock|63\/100 tox|[from] psn\n|upkeep\n|turn|55\n|\n|t:|1664096576\n|move|p1a: Poser les rock|Swords Dance|p1a: Poser les rock\n|-boost|p1a: Poser les rock|atk|2\n|move|p2a: Chansey|Soft-Boiled|p2a: Chansey\n|-heal|p2a: Chansey|100\/100\n|\n|-damage|p1a: Poser les rock|51\/100 tox|[from] psn\n|upkeep\n|turn|56\n|\n|t:|1664096582\n|switch|p2a: Gliscor|Gliscor, F|44\/100 brn\n|-damage|p2a: Gliscor|31\/100 brn|[from] Stealth Rock\n|move|p1a: Poser les rock|Stone Edge|p2a: Gliscor|[miss]\n|-miss|p1a: Poser les rock|p2a: Gliscor\n|\n|-damage|p1a: Poser les rock|32\/100 tox|[from] psn\n|-damage|p2a: Gliscor|25\/100 brn|[from] brn\n|upkeep\n|turn|57\n|\n|t:|1664096589\n|move|p2a: Gliscor|Protect|p2a: Gliscor\n|-singleturn|p2a: Gliscor|Protect\n|move|p1a: Poser les rock|Stone Edge|p2a: Gliscor\n|-activate|p2a: Gliscor|move: Protect\n|\n|-damage|p1a: Poser les rock|8\/100 tox|[from] psn\n|-damage|p2a: Gliscor|19\/100 brn|[from] brn\n|upkeep\n|turn|58\n|\n|t:|1664096592\n|move|p1a: Poser les rock|Stone Edge|p2a: Gliscor\n|-damage|p2a: Gliscor|0 fnt\n|faint|p2a: Gliscor\n|\n|-damage|p1a: Poser les rock|0 fnt|[from] psn\n|faint|p1a: Poser les rock\n|upkeep\n|c|\u2606Pok et glace|love this btw\n|\n|t:|1664096600\n|switch|p1a: Is|Greninja, M|100\/100\n|switch|p2a: Chansey|Chansey, F, shiny|100\/100\n|-damage|p2a: Chansey|88\/100|[from] Stealth Rock\n|-damage|p2a: Chansey|76\/100|[from] Spikes\n|turn|59\n|\n|t:|1664096610\n|switch|p1a: I want|Toxapex, F|80\/100 brn\n|move|p2a: Chansey|Toxic||[still]\n|-fail|p2a: Chansey\n|\n|-damage|p1a: I want|74\/100 brn|[from] brn\n|upkeep\n|turn|60\n|\n|t:|1664096617\n|move|p2a: Chansey|Stealth Rock|p1a: I want\n|-sidestart|p1: Pok et glace|move: Stealth Rock\n|move|p1a: I want|Scald|p2a: Chansey\n|-damage|p2a: Chansey|70\/100\n|\n|-damage|p1a: I want|68\/100 brn|[from] brn\n|upkeep\n|turn|61\n|\n|t:|1664096621\n|move|p2a: Chansey|Soft-Boiled|p2a: Chansey\n|-heal|p2a: Chansey|100\/100\n|move|p1a: I want|Toxic Spikes|p2a: Chansey\n|-sidestart|p2: yzh0621|move: Toxic Spikes\n|\n|-damage|p1a: I want|62\/100 brn|[from] brn\n|upkeep\n|turn|62\n|\n|t:|1664096627\n|switch|p2a: Skarmory|Skarmory, M, shiny|89\/100 brn\n|-damage|p2a: Skarmory|76\/100 brn|[from] Stealth Rock\n|switch|p1a: Christmas|Scizor-Mega, F|18\/100\n|-damage|p1a: Christmas|6\/100|[from] Stealth Rock\n|\n|-damage|p2a: Skarmory|70\/100 brn|[from] brn\n|upkeep\n|turn|63\n|l| yeewo\n|\n|t:|1664096632\n|move|p1a: Christmas|Roost|p1a: Christmas\n|-heal|p1a: Christmas|56\/100\n|-singleturn|p1a: Christmas|move: Roost\n|move|p2a: Skarmory|Roost|p2a: Skarmory\n|-heal|p2a: Skarmory|100\/100 brn\n|-singleturn|p2a: Skarmory|move: Roost\n|\n|-damage|p2a: Skarmory|95\/100 brn|[from] brn\n|upkeep\n|turn|64\n|j| PIDB\n|\n|t:|1664096634\n|switch|p1a: Is|Greninja, M|100\/100\n|-damage|p1a: Is|88\/100|[from] Stealth Rock\n|move|p2a: Skarmory|Spikes|p1a: Is\n|-sidestart|p1: Pok et glace|Spikes\n|\n|-damage|p2a: Skarmory|89\/100 brn|[from] brn\n|upkeep\n|turn|65\n|\n|t:|1664096641\n|switch|p2a: Toxapex|Toxapex, F, shiny|100\/100\n|-damage|p2a: Toxapex|88\/100|[from] Stealth Rock\n|-damage|p2a: Toxapex|75\/100|[from] Spikes\n|-sideend|p2: yzh0621|move: Toxic Spikes|[of] p2a: Toxapex\n|move|p1a: Is|Dark Pulse|p2a: Toxapex\n|-damage|p2a: Toxapex|41\/100\n|\n|-heal|p2a: Toxapex|47\/100|[from] item: Black Sludge\n|upkeep\n|turn|66\n|\n|t:|1664096645\n|switch|p2a: Chansey|Chansey, F, shiny|100\/100\n|-damage|p2a: Chansey|88\/100|[from] Stealth Rock\n|-damage|p2a: Chansey|76\/100|[from] Spikes\n|move|p1a: Is|Dark Pulse|p2a: Chansey\n|-damage|p2a: Chansey|59\/100\n|\n|upkeep\n|turn|67\n|\n|t:|1664096647\n|switch|p1a: Christmas|Scizor-Mega, F|56\/100\n|-damage|p1a: Christmas|44\/100|[from] Stealth Rock\n|-damage|p1a: Christmas|31\/100|[from] Spikes\n|move|p2a: Chansey|Soft-Boiled|p2a: Chansey\n|-heal|p2a: Chansey|100\/100\n|\n|upkeep\n|turn|68\n|\n|t:|1664096664\n|switch|p2a: Skarmory|Skarmory, M, shiny|89\/100 brn\n|-damage|p2a: Skarmory|76\/100 brn|[from] Stealth Rock\n|move|p1a: Christmas|Curse|p1a: Christmas\n|-unboost|p1a: Christmas|spe|1\n|-boost|p1a: Christmas|atk|1\n|-boost|p1a: Christmas|def|1\n|\n|-damage|p2a: Skarmory|70\/100 brn|[from] brn\n|upkeep\n|turn|69\n|\n|t:|1664096667\n|move|p2a: Skarmory|Roost|p2a: Skarmory\n|-heal|p2a: Skarmory|100\/100 brn\n|-singleturn|p2a: Skarmory|move: Roost\n|move|p1a: Christmas|Roost|p1a: Christmas\n|-heal|p1a: Christmas|82\/100\n|-singleturn|p1a: Christmas|move: Roost\n|\n|-damage|p2a: Skarmory|95\/100 brn|[from] brn\n|upkeep\n|turn|70\n|\n|t:|1664096671\n|move|p2a: Skarmory|Spikes|p1a: Christmas\n|-sidestart|p1: Pok et glace|Spikes\n|move|p1a: Christmas|U-turn|p2a: Skarmory\n|-resisted|p2a: Skarmory\n|-damage|p2a: Skarmory|87\/100 brn\n|-damage|p1a: Christmas|65\/100|[from] item: Rocky Helmet|[of] p2a: Skarmory\n|\n|t:|1664096673\n|switch|p1a: Is|Greninja, M|88\/100|[from]move: U-turn\n|-damage|p1a: Is|76\/100|[from] Stealth Rock\n|-damage|p1a: Is|59\/100|[from] Spikes\n|\n|-damage|p2a: Skarmory|81\/100 brn|[from] brn\n|upkeep\n|turn|71\n|\n|t:|1664096679\n|switch|p1a: All|Diggersby, M|91\/100\n|-damage|p1a: All|84\/100|[from] Stealth Rock\n|-damage|p1a: All|68\/100|[from] Spikes\n|switch|p2a: Chansey|Chansey, F, shiny|100\/100\n|-damage|p2a: Chansey|88\/100|[from] Stealth Rock\n|-damage|p2a: Chansey|76\/100|[from] Spikes\n|\n|upkeep\n|turn|72\n|\n|t:|1664096688\n|switch|p2a: Skarmory|Skarmory, M, shiny|81\/100 brn\n|-damage|p2a: Skarmory|69\/100 brn|[from] Stealth Rock\n|move|p1a: All|Fire Punch|p2a: Skarmory\n|-supereffective|p2a: Skarmory\n|-damage|p2a: Skarmory|23\/100 brn\n|-damage|p1a: All|52\/100|[from] item: Rocky Helmet|[of] p2a: Skarmory\n|-damage|p1a: All|42\/100|[from] item: Life Orb\n|\n|-damage|p2a: Skarmory|17\/100 brn|[from] brn\n|upkeep\n|turn|73\n|\n|t:|1664096698\n|move|p1a: All|Return|p2a: Skarmory\n|-resisted|p2a: Skarmory\n|-damage|p2a: Skarmory|0 fnt\n|-damage|p1a: All|25\/100|[from] item: Rocky Helmet|[of] p2a: Skarmory\n|faint|p2a: Skarmory\n|-damage|p1a: All|15\/100|[from] item: Life Orb\n|\n|upkeep\n|\n|t:|1664096709\n|switch|p2a: Toxapex|Toxapex, F, shiny|80\/100\n|-damage|p2a: Toxapex|68\/100|[from] Stealth Rock\n|-damage|p2a: Toxapex|55\/100|[from] Spikes\n|turn|74\n|\n|t:|1664096715\n|move|p2a: Toxapex|Baneful Bunker|p2a: Toxapex\n|-singleturn|p2a: Toxapex|move: Protect\n|move|p1a: All|Earthquake|p2a: Toxapex\n|-activate|p2a: Toxapex|move: Protect\n|\n|-heal|p2a: Toxapex|62\/100|[from] item: Black Sludge\n|upkeep\n|turn|75\n|\n|t:|1664096721\n|switch|p2a: Sableye|Sableye-Mega, F, shiny|76\/100\n|-damage|p2a: Sableye|64\/100|[from] Stealth Rock\n|-damage|p2a: Sableye|51\/100|[from] Spikes\n|move|p1a: All|Earthquake|p2a: Sableye\n|-damage|p2a: Sableye|0 fnt\n|faint|p2a: Sableye\n|-damage|p1a: All|5\/100|[from] item: Life Orb\n|\n|upkeep\n|\n|t:|1664096722\n|switch|p2a: Toxapex|Toxapex, F, shiny|95\/100\n|-damage|p2a: Toxapex|82\/100|[from] Stealth Rock\n|-damage|p2a: Toxapex|70\/100|[from] Spikes\n|turn|76\n|\n|t:|1664096728\n|move|p1a: All|Earthquake|p2a: Toxapex\n|-supereffective|p2a: Toxapex\n|-damage|p2a: Toxapex|0 fnt\n|faint|p2a: Toxapex\n|-damage|p1a: All|0 fnt|[from] item: Life Orb\n|faint|p1a: All\n|\n|upkeep\n|\n|t:|1664096735\n|switch|p1a: Christmas|Scizor-Mega, F|65\/100\n|switch|p2a: Chansey|Chansey, F, shiny|76\/100\n|-damage|p1a: Christmas|53\/100|[from] Stealth Rock\n|-damage|p1a: Christmas|36\/100|[from] Spikes\n|-damage|p2a: Chansey|63\/100|[from] Stealth Rock\n|-damage|p2a: Chansey|51\/100|[from] Spikes\n|turn|77\n|\n|t:|1664096739\n|move|p1a: Christmas|Roost|p1a: Christmas\n|-heal|p1a: Christmas|86\/100\n|-singleturn|p1a: Christmas|move: Roost\n|move|p2a: Chansey|Soft-Boiled|p2a: Chansey\n|-heal|p2a: Chansey|100\/100\n|\n|upkeep\n|turn|78\n|\n|t:|1664096743\n|move|p1a: Christmas|Curse|p1a: Christmas\n|-unboost|p1a: Christmas|spe|1\n|-boost|p1a: Christmas|atk|1\n|-boost|p1a: Christmas|def|1\n|move|p2a: Chansey|Seismic Toss|p1a: Christmas\n|-damage|p1a: Christmas|57\/100\n|\n|upkeep\n|turn|79\n|\n|t:|1664096752\n|move|p2a: Chansey|Seismic Toss|p1a: Christmas\n|-damage|p1a: Christmas|28\/100\n|move|p1a: Christmas|Roost|p1a: Christmas\n|-heal|p1a: Christmas|78\/100\n|-singleturn|p1a: Christmas|move: Roost\n|\n|upkeep\n|turn|80\n|\n|t:|1664096757\n|move|p2a: Chansey|Seismic Toss|p1a: Christmas\n|-damage|p1a: Christmas|49\/100\n|move|p1a: Christmas|Curse|p1a: Christmas\n|-unboost|p1a: Christmas|spe|1\n|-boost|p1a: Christmas|atk|1\n|-boost|p1a: Christmas|def|1\n|\n|upkeep\n|turn|81\n|\n|t:|1664096760\n|move|p2a: Chansey|Seismic Toss|p1a: Christmas\n|-damage|p1a: Christmas|20\/100\n|move|p1a: Christmas|Roost|p1a: Christmas\n|-heal|p1a: Christmas|70\/100\n|-singleturn|p1a: Christmas|move: Roost\n|\n|upkeep\n|turn|82\n|\n|t:|1664096768\n|move|p2a: Chansey|Seismic Toss|p1a: Christmas\n|-damage|p1a: Christmas|41\/100\n|move|p1a: Christmas|Curse|p1a: Christmas\n|-unboost|p1a: Christmas|spe|1\n|-boost|p1a: Christmas|atk|1\n|-boost|p1a: Christmas|def|1\n|\n|upkeep\n|turn|83\n|\n|t:|1664096772\n|move|p2a: Chansey|Seismic Toss|p1a: Christmas\n|-damage|p1a: Christmas|12\/100\n|move|p1a: Christmas|Roost|p1a: Christmas\n|-heal|p1a: Christmas|62\/100\n|-singleturn|p1a: Christmas|move: Roost\n|\n|upkeep\n|turn|84\n|-message|yzh0621 forfeited.\n|\n|win|Pok et glace\n|raw|Pok et glace's rating: 1561 &rarr; <strong>1589<\/strong><br \/>(+28 for winning)\n|raw|yzh0621's rating: 1713 &rarr; <strong>1685<\/strong><br \/>(-28 for losing)\n|l|\u2606yzh0621\n|l| PIDB\n||Ladder isn't responding, score probably updated but might not have (Request timeout).\n","uploadtime":1664096040,"views":2,"p1id":"poketglace","p2id":"yzh0621","formatid":"gen7ou","rating":1589,"private":0,"password":null}