{"id":"gen7anythinggoes-1168324169","p1":"MAVERICK SHOOTERS","p2":"Psychic Furret","format":"gen7anythinggoes","log":"|j|\u2606MAVERICK SHOOTERS\n|j|\u2606Psychic Furret\n|t:|1597341247\n|player|p1|MAVERICK SHOOTERS|brawly|\n|player|p2|Psychic Furret|unknown|\n|teamsize|p1|6\n|teamsize|p2|6\n|gametype|singles\n|gen|7\n|tier|[Gen 7] Anything Goes\n|clearpoke\n|poke|p1|Blaziken, F|item\n|poke|p1|Mew|item\n|poke|p1|Hawlucha, M|item\n|poke|p1|Greninja, M|item\n|poke|p1|Comfey, F|item\n|poke|p1|Ferrothorn, M|item\n|poke|p2|Blaziken, F|item\n|poke|p2|Mew|item\n|poke|p2|Hawlucha, M|item\n|poke|p2|Greninja, M|item\n|poke|p2|Comfey, M|item\n|poke|p2|Ferrothorn, M|item\n|rule|HP Percentage Mod: HP is shown in percentages\n|rule|Endless Battle Clause: Forcing endless battles is banned\n|teampreview\n|\n|t:|1597341264\n|start\n|switch|p1a: Mew|Mew|100\/100\n|switch|p2a: Greninja|Greninja, M|100\/100\n|turn|1\n|c|\u2606MAVERICK SHOOTERS|lol u tried to bigbrain me\n|\n|t:|1597341280\n|move|p2a: Greninja|Dark Pulse|p1a: Mew\n|-supereffective|p1a: Mew\n|-damage|p1a: Mew|0 fnt\n|faint|p1a: Mew\n|-activate|p2a: Greninja|ability: Battle Bond\n|detailschange|p2a: Greninja|Greninja-Ash, M\n|\n|upkeep\n|c|\u2606MAVERICK SHOOTERS|and for that i donate u my mew\n|c|\u2606MAVERICK SHOOTERS|since u mixed up and thought something good\n|\n|t:|1597341304\n|switch|p1a: Comfey|Comfey, F|100\/100\n|turn|2\n|\n|t:|1597341311\n|switch|p2a: Mew|Mew|100\/100\n|move|p1a: Comfey|Giga Drain|p2a: Mew\n|-damage|p2a: Mew|72\/100\n|-damage|p1a: Comfey|91\/100|[from] item: Life Orb\n|\n|upkeep\n|turn|3\n|\n|t:|1597341319\n|-zpower|p2a: Mew\n|move|p2a: Mew|Genesis Supernova|p1a: Comfey|[zeffect]\n|-damage|p1a: Comfey|1\/100\n|-fieldstart|move: Psychic Terrain\n|move|p1a: Comfey|Calm Mind|p1a: Comfey\n|-boost|p1a: Comfey|spa|1\n|-boost|p1a: Comfey|spd|1\n|\n|upkeep\n|turn|4\n|\n|t:|1597341334\n|switch|p1a: Ferrothorn|Ferrothorn, M|100\/100\n|move|p2a: Mew|Volt Switch|p1a: Ferrothorn\n|-resisted|p1a: Ferrothorn\n|-damage|p1a: Ferrothorn|93\/100\n|\n|t:|1597341340\n|switch|p2a: Blaziken|Blaziken, F|100\/100|[from]move: Volt Switch\n|\n|upkeep\n|turn|5\n|\n|t:|1597341347\n|switch|p1a: Comfey|Comfey, F|1\/100\n|detailschange|p2a: Blaziken|Blaziken-Mega, F\n|-mega|p2a: Blaziken|Blaziken|Blazikenite\n|move|p2a: Blaziken|Protect||[still]\n|-fail|p2a: Blaziken\n|\n|-ability|p2a: Blaziken|Speed Boost|boost\n|-boost|p2a: Blaziken|spe|1\n|upkeep\n|turn|6\n|\n|t:|1597341355\n|move|p2a: Blaziken|Earthquake|p1a: Comfey\n|-damage|p1a: Comfey|0 fnt\n|faint|p1a: Comfey\n|\n|-ability|p2a: Blaziken|Speed Boost|boost\n|-boost|p2a: Blaziken|spe|1\n|upkeep\n|\n|t:|1597341361\n|switch|p1a: Greninja|Greninja, M|100\/100\n|turn|7\n|\n|t:|1597341367\n|switch|p2a: Hawlucha|Hawlucha, M|100\/100\n|-enditem|p2a: Hawlucha|Psychic Seed\n|-boost|p2a: Hawlucha|spd|1|[from] item: Psychic Seed\n|move|p1a: Greninja|Water Shuriken|p2a: Hawlucha\n|-damage|p2a: Hawlucha|87\/100\n|-crit|p2a: Hawlucha\n|-damage|p2a: Hawlucha|59\/100\n|-damage|p2a: Hawlucha|46\/100\n|-hitcount|p2a: Hawlucha|3\n|\n|-fieldend|move: Psychic Terrain\n|upkeep\n|turn|8\n|\n|t:|1597341383\n|move|p1a: Greninja|Water Shuriken|p2a: Hawlucha\n|-damage|p2a: Hawlucha|33\/100\n|-damage|p2a: Hawlucha|20\/100\n|-damage|p2a: Hawlucha|8\/100\n|-hitcount|p2a: Hawlucha|3\n|move|p2a: Hawlucha|High Jump Kick|p1a: Greninja\n|-supereffective|p1a: Greninja\n|-damage|p1a: Greninja|0 fnt\n|faint|p1a: Greninja\n|\n|upkeep\n|\n|t:|1597341393\n|switch|p1a: Ferrothorn|Ferrothorn, M|93\/100\n|turn|9\n|c|\u2606Psychic Furret|i got lucky\n|\n|t:|1597341401\n|move|p2a: Hawlucha|High Jump Kick|p1a: Ferrothorn\n|-supereffective|p1a: Ferrothorn\n|-damage|p1a: Ferrothorn|0 fnt\n|-damage|p2a: Hawlucha|0 fnt|[from] ability: Iron Barbs|[of] p1a: Ferrothorn\n|faint|p1a: Ferrothorn\n|faint|p2a: Hawlucha\n|\n|upkeep\n|c|\u2606MAVERICK SHOOTERS|ya\n|\n|t:|1597341414\n|switch|p2a: Comfey|Comfey, M|100\/100\n|switch|p1a: Blaziken|Blaziken, F|100\/100\n|turn|10\n|\n|t:|1597341423\n|detailschange|p1a: Blaziken|Blaziken-Mega, F\n|-mega|p1a: Blaziken|Blaziken|Blazikenite\n|move|p1a: Blaziken|Protect|p1a: Blaziken\n|-singleturn|p1a: Blaziken|Protect\n|move|p2a: Comfey|Draining Kiss|p1a: Blaziken\n|-activate|p1a: Blaziken|move: Protect\n|\n|-ability|p1a: Blaziken|Speed Boost|boost\n|-boost|p1a: Blaziken|spe|1\n|upkeep\n|turn|11\n|\n|t:|1597341431\n|move|p2a: Comfey|Draining Kiss|p1a: Blaziken\n|-damage|p1a: Blaziken|64\/100\n|-damage|p2a: Comfey|91\/100|[from] item: Life Orb\n|move|p1a: Blaziken|Flare Blitz|p2a: Comfey\n|-damage|p2a: Comfey|0 fnt\n|-damage|p1a: Blaziken|35\/100|[from] Recoil\n|faint|p2a: Comfey\n|\n|-ability|p1a: Blaziken|Speed Boost|boost\n|-boost|p1a: Blaziken|spe|1\n|upkeep\n|\n|t:|1597341442\n|switch|p2a: Greninja|Greninja-Ash, M|100\/100\n|turn|12\n|\n|t:|1597341446\n|move|p1a: Blaziken|Protect|p1a: Blaziken\n|-singleturn|p1a: Blaziken|Protect\n|move|p2a: Greninja|Water Shuriken|p1a: Blaziken\n|-activate|p1a: Blaziken|move: Protect\n|\n|-ability|p1a: Blaziken|Speed Boost|boost\n|-boost|p1a: Blaziken|spe|1\n|upkeep\n|turn|13\n|c|\u2606MAVERICK SHOOTERS|i need to sack my blaziken for hawlucha xD\n|\n|t:|1597341480\n|move|p2a: Greninja|Water Shuriken|p1a: Blaziken\n|-supereffective|p1a: Blaziken\n|-damage|p1a: Blaziken|0 fnt\n|-hitcount|p1a: Blaziken|1\n|faint|p1a: Blaziken\n|\n|upkeep\n|\n|t:|1597341484\n|switch|p1a: Hawlucha|Hawlucha, M|100\/100\n|turn|14\n|\n|t:|1597341492\n|move|p2a: Greninja|Water Shuriken|p1a: Hawlucha\n|-damage|p1a: Hawlucha|68\/100\n|-damage|p1a: Hawlucha|36\/100\n|-damage|p1a: Hawlucha|4\/100\n|-hitcount|p1a: Hawlucha|3\n|move|p1a: Hawlucha|High Jump Kick|p2a: Greninja\n|-supereffective|p2a: Greninja\n|-damage|p2a: Greninja|0 fnt\n|faint|p2a: Greninja\n|\n|upkeep\n|\n|t:|1597341502\n|switch|p2a: Mew|Mew|72\/100\n|turn|15\n|c|\u2606Psychic Furret|gg\n|\n|t:|1597341513\n|move|p2a: Mew|Fake Out|p1a: Hawlucha\n|-damage|p1a: Hawlucha|0 fnt\n|faint|p1a: Hawlucha\n|\n|win|Psychic Furret\n|c|\u2606MAVERICK SHOOTERS|gg\n","uploadtime":1597341522,"views":8,"p1id":"maverickshooters","p2id":"psychicfurret","formatid":"gen7anythinggoes","rating":0,"private":0,"password":null}