{"id":"gen7randombattle-901939858","p1":"Diogo69","p2":"wolfwarrior","format":"gen7randombattle","log":"|j|\u2606Diogo69\n|j|\u2606wolfwarrior\n|player|p1|Diogo69|127\n|player|p2|wolfwarrior|162\n|teamsize|p1|6\n|teamsize|p2|6\n|gametype|singles\n|gen|7\n|tier|[Gen 7] Random Battle\n|rated|\n|rule|Sleep Clause Mod: Limit one foe put to sleep\n|rule|HP Percentage Mod: HP is shown in percentages\n|\n|start\n|switch|p1a: Leavanny|Leavanny, L89, F|100\/100\n|switch|p2a: Sigilyph|Sigilyph, L86, M, shiny|100\/100\n|turn|1\n|\n|move|p2a: Sigilyph|Cosmic Power|p2a: Sigilyph\n|-boost|p2a: Sigilyph|def|1\n|-boost|p2a: Sigilyph|spd|1\n|move|p1a: Leavanny|Knock Off|p2a: Sigilyph\n|-supereffective|p2a: Sigilyph\n|-damage|p2a: Sigilyph|59\/100\n|-enditem|p2a: Sigilyph|Flame Orb|[from] move: Knock Off|[of] p1a: Leavanny\n|\n|upkeep\n|turn|2\n|inactive|Battle timer is ON: inactive players will automatically lose when time's up. (requested by wolfwarrior)\n|\n|move|p2a: Sigilyph|Cosmic Power|p2a: Sigilyph\n|-boost|p2a: Sigilyph|def|1\n|-boost|p2a: Sigilyph|spd|1\n|move|p1a: Leavanny|Sticky Web|p2a: Sigilyph\n|-sidestart|p2: wolfwarrior|move: Sticky Web\n|\n|upkeep\n|turn|3\n|\n|switch|p1a: Houndoom|Houndoom, L83, F|100\/100\n|move|p2a: Sigilyph|Cosmic Power|p2a: Sigilyph\n|-boost|p2a: Sigilyph|def|1\n|-boost|p2a: Sigilyph|spd|1\n|\n|upkeep\n|turn|4\n|\n|switch|p2a: Hawlucha|Hawlucha, L80, M|100\/100\n|detailschange|p1a: Houndoom|Houndoom-Mega, L83, F\n|-mega|p1a: Houndoom|Houndoom|Houndoominite\n|move|p1a: Houndoom|Nasty Plot|p1a: Houndoom\n|-boost|p1a: Houndoom|spa|2\n|\n|upkeep\n|turn|5\n|\n|switch|p1a: Tapu Fini|Tapu Fini, L80|100\/100\n|-fieldstart|move: Misty Terrain|[from] ability: Misty Surge|[of] p1a: Tapu Fini\n|move|p2a: Hawlucha|High Jump Kick|p1a: Tapu Fini\n|-resisted|p1a: Tapu Fini\n|-damage|p1a: Tapu Fini|80\/100\n|\n|-heal|p1a: Tapu Fini|87\/100|[from] item: Leftovers\n|upkeep\n|turn|6\n|\n|switch|p2a: Audino|Audino, L86, M|100\/100\n|-activate|p2a: Audino|move: Sticky Web\n|-unboost|p2a: Audino|spe|1\n|move|p1a: Tapu Fini|Moonblast|p2a: Audino\n|-damage|p2a: Audino|71\/100\n|-unboost|p2a: Audino|spa|1\n|\n|-heal|p1a: Tapu Fini|93\/100|[from] item: Leftovers\n|upkeep\n|turn|7\n|\n|move|p1a: Tapu Fini|Taunt|p2a: Audino\n|-start|p2a: Audino|move: Taunt\n|cant|p2a: Audino|move: Taunt|Calm Mind\n|\n|-heal|p1a: Tapu Fini|99\/100|[from] item: Leftovers\n|upkeep\n|turn|8\n|\n|switch|p2a: Diancie|Diancie, L84|100\/100\n|-activate|p2a: Diancie|move: Sticky Web\n|-fail|p2a: Diancie|unboost|[from] ability: Clear Body|[of] p2a: Diancie\n|move|p1a: Tapu Fini|Moonblast|p2a: Diancie\n|-damage|p2a: Diancie|76\/100\n|\n|-heal|p1a: Tapu Fini|100\/100|[from] item: Leftovers\n|-heal|p2a: Diancie|81\/100|[from] item: Leftovers\n|upkeep\n|turn|9\n|\n|move|p1a: Tapu Fini|Scald|p2a: Diancie\n|-supereffective|p2a: Diancie\n|-damage|p2a: Diancie|38\/100\n|move|p2a: Diancie|Stealth Rock|p1a: Tapu Fini\n|-sidestart|p1: Diogo69|move: Stealth Rock\n|\n|-heal|p2a: Diancie|44\/100|[from] item: Leftovers\n|-fieldend|Misty Terrain\n|upkeep\n|turn|10\n|\n|switch|p2a: Sigilyph|Sigilyph, L86, M, shiny|59\/100\n|move|p1a: Tapu Fini|Scald|p2a: Sigilyph\n|-damage|p2a: Sigilyph|29\/100\n|\n|upkeep\n|turn|11\n|\n|move|p2a: Sigilyph|Roost|p2a: Sigilyph\n|-heal|p2a: Sigilyph|79\/100\n|-singleturn|p2a: Sigilyph|move: Roost\n|move|p1a: Tapu Fini|Ice Beam|p2a: Sigilyph\n|-damage|p2a: Sigilyph|57\/100\n|\n|upkeep\n|turn|12\n|\n|move|p2a: Sigilyph|Cosmic Power|p2a: Sigilyph\n|-boost|p2a: Sigilyph|def|1\n|-boost|p2a: Sigilyph|spd|1\n|move|p1a: Tapu Fini|Taunt|p2a: Sigilyph\n|-start|p2a: Sigilyph|move: Taunt\n|\n|upkeep\n|turn|13\n|\n|switch|p2a: Manaphy|Manaphy, L81|100\/100\n|-activate|p2a: Manaphy|move: Sticky Web\n|-unboost|p2a: Manaphy|spe|1\n|move|p1a: Tapu Fini|Ice Beam|p2a: Manaphy\n|-resisted|p2a: Manaphy\n|-damage|p2a: Manaphy|92\/100\n|\n|-heal|p2a: Manaphy|98\/100|[from] item: Leftovers\n|upkeep\n|turn|14\n|\n|move|p1a: Tapu Fini|Taunt|p2a: Manaphy\n|-start|p2a: Manaphy|move: Taunt\n|move|p2a: Manaphy|Psychic|p1a: Tapu Fini\n|-damage|p1a: Tapu Fini|81\/100\n|\n|-heal|p1a: Tapu Fini|87\/100|[from] item: Leftovers\n|-heal|p2a: Manaphy|100\/100|[from] item: Leftovers\n|upkeep\n|turn|15\n|\n|move|p1a: Tapu Fini|Moonblast|p2a: Manaphy\n|-damage|p2a: Manaphy|72\/100\n|move|p2a: Manaphy|Energy Ball|p1a: Tapu Fini\n|-supereffective|p1a: Tapu Fini\n|-damage|p1a: Tapu Fini|48\/100\n|\n|-heal|p1a: Tapu Fini|54\/100|[from] item: Leftovers\n|-heal|p2a: Manaphy|78\/100|[from] item: Leftovers\n|upkeep\n|turn|16\n|\n|switch|p1a: Florges|Florges, L84, F|100\/100\n|-damage|p1a: Florges|88\/100|[from] Stealth Rock\n|move|p2a: Manaphy|Psychic|p1a: Florges\n|-damage|p1a: Florges|73\/100\n|\n|-heal|p1a: Florges|79\/100|[from] item: Leftovers\n|-heal|p2a: Manaphy|84\/100|[from] item: Leftovers\n|-end|p2a: Manaphy|move: Taunt\n|upkeep\n|turn|17\n|\n|switch|p2a: Sigilyph|Sigilyph, L86, M, shiny|57\/100\n|move|p1a: Florges|Toxic|p2a: Sigilyph\n|-status|p2a: Sigilyph|tox\n|\n|-heal|p1a: Florges|85\/100|[from] item: Leftovers\n|upkeep\n|turn|18\n|\n|switch|p1a: Cobalion|Cobalion, L82|100\/100\n|-damage|p1a: Cobalion|98\/100|[from] Stealth Rock\n|move|p2a: Sigilyph|Cosmic Power|p2a: Sigilyph\n|-boost|p2a: Sigilyph|def|1\n|-boost|p2a: Sigilyph|spd|1\n|\n|-heal|p1a: Cobalion|100\/100|[from] item: Leftovers\n|upkeep\n|turn|19\n|\n|move|p1a: Cobalion|Taunt|p2a: Sigilyph\n|-start|p2a: Sigilyph|move: Taunt\n|cant|p2a: Sigilyph|move: Taunt|Roost\n|\n|upkeep\n|turn|20\n|\n|move|p1a: Cobalion|Iron Head|p2a: Sigilyph\n|-damage|p2a: Sigilyph|36\/100 tox\n|move|p2a: Sigilyph|Stored Power|p1a: Cobalion\n|-damage|p1a: Cobalion|70\/100\n|\n|-heal|p1a: Cobalion|76\/100|[from] item: Leftovers\n|upkeep\n|turn|21\n|\n|move|p1a: Cobalion|Iron Head|p2a: Sigilyph\n|-damage|p2a: Sigilyph|15\/100 tox\n|move|p2a: Sigilyph|Stored Power|p1a: Cobalion\n|-crit|p1a: Cobalion\n|-damage|p1a: Cobalion|31\/100\n|\n|-heal|p1a: Cobalion|37\/100|[from] item: Leftovers\n|-end|p2a: Sigilyph|move: Taunt\n|upkeep\n|turn|22\n|\n|switch|p2a: Manaphy|Manaphy, L81|84\/100\n|-activate|p2a: Manaphy|move: Sticky Web\n|-unboost|p2a: Manaphy|spe|1\n|move|p1a: Cobalion|Iron Head|p2a: Manaphy\n|-resisted|p2a: Manaphy\n|-damage|p2a: Manaphy|71\/100\n|\n|-heal|p1a: Cobalion|43\/100|[from] item: Leftovers\n|-heal|p2a: Manaphy|77\/100|[from] item: Leftovers\n|upkeep\n|turn|23\n|\n|move|p1a: Cobalion|Close Combat|p2a: Manaphy\n|-damage|p2a: Manaphy|42\/100\n|-unboost|p1a: Cobalion|def|1\n|-unboost|p1a: Cobalion|spd|1\n|move|p2a: Manaphy|Surf|p1a: Cobalion\n|-damage|p1a: Cobalion|0 fnt\n|faint|p1a: Cobalion\n|\n|-heal|p2a: Manaphy|48\/100|[from] item: Leftovers\n|upkeep\n|\n|switch|p1a: Leavanny|Leavanny, L89, F|100\/100\n|-damage|p1a: Leavanny|76\/100|[from] Stealth Rock\n|turn|24\n|\n|switch|p2a: Hawlucha|Hawlucha, L80, M|100\/100\n|move|p1a: Leavanny|Leaf Blade|p2a: Hawlucha\n|-resisted|p2a: Hawlucha\n|-damage|p2a: Hawlucha|75\/100\n|\n|upkeep\n|turn|25\n|\n|switch|p1a: Florges|Florges, L84, F|85\/100\n|-damage|p1a: Florges|73\/100|[from] Stealth Rock\n|move|p2a: Hawlucha|Acrobatics|p1a: Florges\n|-damage|p1a: Florges|48\/100\n|\n|-heal|p1a: Florges|54\/100|[from] item: Leftovers\n|upkeep\n|turn|26\n|\n|switch|p2a: Sigilyph|Sigilyph, L86, M, shiny|15\/100 tox\n|move|p1a: Florges|Moonblast|p2a: Sigilyph\n|-damage|p2a: Sigilyph|0 fnt\n|faint|p2a: Sigilyph\n|\n|-heal|p1a: Florges|60\/100|[from] item: Leftovers\n|upkeep\n|\n|switch|p2a: Audino|Audino, L86, M|100\/100\n|-activate|p2a: Audino|move: Sticky Web\n|-unboost|p2a: Audino|spe|1\n|turn|27\n|\n|move|p1a: Florges|Toxic|p2a: Audino\n|-status|p2a: Audino|tox\n|move|p2a: Audino|Calm Mind|p2a: Audino\n|-boost|p2a: Audino|spa|1\n|-boost|p2a: Audino|spd|1\n|\n|-heal|p1a: Florges|66\/100|[from] item: Leftovers\n|-damage|p2a: Audino|95\/100 tox|[from] psn\n|upkeep\n|turn|28\n|\n|move|p1a: Florges|Moonblast|p2a: Audino\n|-damage|p2a: Audino|70\/100 tox\n|-unboost|p2a: Audino|spa|1\n|move|p2a: Audino|Heal Bell|p2a: Audino\n|-activate|p2a: Audino|move: Heal Bell\n|-curestatus|p2a: Audino|tox|[msg]\n|\n|-heal|p1a: Florges|72\/100|[from] item: Leftovers\n|upkeep\n|turn|29\n|\n|move|p1a: Florges|Toxic|p2a: Audino\n|-status|p2a: Audino|tox\n|move|p2a: Audino|Calm Mind|p2a: Audino\n|-boost|p2a: Audino|spa|1\n|-boost|p2a: Audino|spd|1\n|\n|-heal|p1a: Florges|78\/100|[from] item: Leftovers\n|-damage|p2a: Audino|64\/100 tox|[from] psn\n|upkeep\n|turn|30\n|\n|switch|p1a: Palkia|Palkia, L78|100\/100\n|-damage|p1a: Palkia|88\/100|[from] Stealth Rock\n|-ability|p1a: Palkia|Pressure\n|move|p2a: Audino|Heal Bell|p2a: Audino\n|-activate|p2a: Audino|move: Heal Bell\n|-curestatus|p2a: Audino|tox|[msg]\n|\n|-heal|p1a: Palkia|94\/100|[from] item: Leftovers\n|upkeep\n|turn|31\n|\n|move|p2a: Audino|Dazzling Gleam|p1a: Palkia\n|-supereffective|p1a: Palkia\n|-damage|p1a: Palkia|54\/100\n|move|p1a: Palkia|Dragon Tail|p2a: Audino\n|-damage|p2a: Audino|41\/100\n|drag|p2a: Diancie|Diancie, L84|44\/100\n|-activate|p2a: Diancie|move: Sticky Web\n|-fail|p2a: Diancie|unboost|[from] ability: Clear Body|[of] p2a: Diancie\n|\n|-heal|p1a: Palkia|60\/100|[from] item: Leftovers\n|-heal|p2a: Diancie|50\/100|[from] item: Leftovers\n|upkeep\n|turn|32\n|\n|switch|p1a: Florges|Florges, L84, F|78\/100\n|-damage|p1a: Florges|65\/100|[from] Stealth Rock\n|move|p2a: Diancie|Moonblast|p1a: Florges\n|-damage|p1a: Florges|42\/100\n|-unboost|p1a: Florges|spa|1\n|\n|-heal|p1a: Florges|48\/100|[from] item: Leftovers\n|-heal|p2a: Diancie|56\/100|[from] item: Leftovers\n|upkeep\n|turn|33\n|\n|move|p1a: Florges|Synthesis|p1a: Florges\n|-heal|p1a: Florges|98\/100\n|move|p2a: Diancie|Light Screen|p2a: Diancie\n|-sidestart|p2: wolfwarrior|move: Light Screen\n|\n|-heal|p1a: Florges|100\/100|[from] item: Leftovers\n|-heal|p2a: Diancie|62\/100|[from] item: Leftovers\n|upkeep\n|turn|34\n|\n|move|p1a: Florges|Toxic|p2a: Diancie\n|-status|p2a: Diancie|tox\n|move|p2a: Diancie|Diamond Storm|p1a: Florges\n|-damage|p1a: Florges|53\/100\n|\n|-heal|p1a: Florges|59\/100|[from] item: Leftovers\n|-heal|p2a: Diancie|67\/100 tox|[from] item: Leftovers\n|-damage|p2a: Diancie|62\/100 tox|[from] psn\n|upkeep\n|turn|35\n|\n|move|p1a: Florges|Moonblast|p2a: Diancie\n|-damage|p2a: Diancie|51\/100 tox\n|move|p2a: Diancie|Diamond Storm|p1a: Florges\n|-damage|p1a: Florges|6\/100\n|\n|-heal|p1a: Florges|12\/100|[from] item: Leftovers\n|-heal|p2a: Diancie|57\/100 tox|[from] item: Leftovers\n|-damage|p2a: Diancie|45\/100 tox|[from] psn\n|upkeep\n|turn|36\n|\n|move|p1a: Florges|Synthesis|p1a: Florges\n|-heal|p1a: Florges|62\/100\n|move|p2a: Diancie|Diamond Storm|p1a: Florges\n|-damage|p1a: Florges|17\/100\n|-boost|p2a: Diancie|def|2\n|\n|-heal|p1a: Florges|23\/100|[from] item: Leftovers\n|-heal|p2a: Diancie|51\/100 tox|[from] item: Leftovers\n|-damage|p2a: Diancie|34\/100 tox|[from] psn\n|upkeep\n|turn|37\n|\n|move|p1a: Florges|Synthesis|p1a: Florges\n|-heal|p1a: Florges|73\/100\n|move|p2a: Diancie|Diamond Storm|p1a: Florges\n|-damage|p1a: Florges|27\/100\n|\n|-heal|p1a: Florges|33\/100|[from] item: Leftovers\n|-heal|p2a: Diancie|39\/100 tox|[from] item: Leftovers\n|-damage|p2a: Diancie|16\/100 tox|[from] psn\n|-sideend|p2: wolfwarrior|move: Light Screen\n|upkeep\n|turn|38\n|\n|move|p1a: Florges|Synthesis|p1a: Florges\n|-heal|p1a: Florges|83\/100\n|move|p2a: Diancie|Diamond Storm|p1a: Florges\n|-damage|p1a: Florges|34\/100\n|\n|-heal|p1a: Florges|40\/100|[from] item: Leftovers\n|-heal|p2a: Diancie|22\/100 tox|[from] item: Leftovers\n|-damage|p2a: Diancie|0 fnt|[from] psn\n|faint|p2a: Diancie\n|upkeep\n|inactive|wolfwarrior has 120 seconds left.\n|\n|switch|p2a: Audino|Audino, L86, M|74\/100\n|-activate|p2a: Audino|move: Sticky Web\n|-unboost|p2a: Audino|spe|1\n|turn|39\n|\n|move|p1a: Florges|Moonblast|p2a: Audino\n|-damage|p2a: Audino|50\/100\n|move|p2a: Audino|Hyper Voice|p1a: Florges\n|-damage|p1a: Florges|23\/100\n|\n|-heal|p1a: Florges|29\/100|[from] item: Leftovers\n|upkeep\n|turn|40\n|\n|move|p1a: Florges|Synthesis|p1a: Florges\n|-heal|p1a: Florges|79\/100\n|move|p2a: Audino|Calm Mind|p2a: Audino\n|-boost|p2a: Audino|spa|1\n|-boost|p2a: Audino|spd|1\n|\n|-heal|p1a: Florges|85\/100|[from] item: Leftovers\n|upkeep\n|turn|41\n|\n|move|p1a: Florges|Toxic|p2a: Audino\n|-status|p2a: Audino|tox\n|move|p2a: Audino|Hyper Voice|p1a: Florges\n|-damage|p1a: Florges|59\/100\n|\n|-heal|p1a: Florges|65\/100|[from] item: Leftovers\n|-damage|p2a: Audino|44\/100 tox|[from] psn\n|upkeep\n|turn|42\n|\n|switch|p1a: Leavanny|Leavanny, L89, F|76\/100\n|-damage|p1a: Leavanny|51\/100|[from] Stealth Rock\n|move|p2a: Audino|Heal Bell|p2a: Audino\n|-activate|p2a: Audino|move: Heal Bell\n|-curestatus|p2a: Audino|tox|[msg]\n|\n|upkeep\n|turn|43\n|\n|detailschange|p2a: Audino|Audino-Mega, L86, M\n|-mega|p2a: Audino|Audino|Audinite\n|move|p1a: Leavanny|Leaf Blade|p2a: Audino\n|-damage|p2a: Audino|19\/100\n|move|p2a: Audino|Hyper Voice|p1a: Leavanny\n|-damage|p1a: Leavanny|0 fnt\n|faint|p1a: Leavanny\n|\n|upkeep\n|\n|switch|p1a: Houndoom|Houndoom-Mega, L83, F|100\/100\n|-damage|p1a: Houndoom|76\/100|[from] Stealth Rock\n|turn|44\n|\n|move|p1a: Houndoom|Fire Blast|p2a: Audino\n|-damage|p2a: Audino|0 fnt\n|faint|p2a: Audino\n|\n|upkeep\n|\n|switch|p2a: Hawlucha|Hawlucha, L80, M|75\/100\n|turn|45\n|\n|switch|p1a: Florges|Florges, L84, F|65\/100\n|-damage|p1a: Florges|53\/100|[from] Stealth Rock\n|move|p2a: Hawlucha|High Jump Kick|p1a: Florges\n|-resisted|p1a: Florges\n|-damage|p1a: Florges|24\/100\n|\n|-heal|p1a: Florges|30\/100|[from] item: Leftovers\n|upkeep\n|turn|46\n|inactive|wolfwarrior has 120 seconds left.\n|\n|switch|p2a: Manaphy|Manaphy, L81|48\/100\n|-activate|p2a: Manaphy|move: Sticky Web\n|-unboost|p2a: Manaphy|spe|1\n|move|p1a: Florges|Synthesis|p1a: Florges\n|-heal|p1a: Florges|80\/100\n|\n|-heal|p1a: Florges|86\/100|[from] item: Leftovers\n|-heal|p2a: Manaphy|54\/100|[from] item: Leftovers\n|upkeep\n|turn|47\n|\n|move|p1a: Florges|Toxic|p2a: Manaphy\n|-status|p2a: Manaphy|tox\n|move|p2a: Manaphy|Tail Glow|p2a: Manaphy\n|-boost|p2a: Manaphy|spa|3\n|\n|-heal|p1a: Florges|92\/100|[from] item: Leftovers\n|-heal|p2a: Manaphy|60\/100 tox|[from] item: Leftovers\n|-damage|p2a: Manaphy|54\/100 tox|[from] psn\n|upkeep\n|turn|48\n|\n|move|p1a: Florges|Moonblast|p2a: Manaphy\n|-damage|p2a: Manaphy|15\/100 tox\n|move|p2a: Manaphy|Surf|p1a: Florges\n|-damage|p1a: Florges|39\/100\n|\n|-heal|p1a: Florges|45\/100|[from] item: Leftovers\n|-heal|p2a: Manaphy|21\/100 tox|[from] item: Leftovers\n|-damage|p2a: Manaphy|9\/100 tox|[from] psn\n|upkeep\n|turn|49\n|inactive|wolfwarrior has 120 seconds left.\n|\n|move|p1a: Florges|Moonblast|p2a: Manaphy\n|-damage|p2a: Manaphy|0 fnt\n|faint|p2a: Manaphy\n|\n|-heal|p1a: Florges|51\/100|[from] item: Leftovers\n|upkeep\n|inactive|wolfwarrior has 120 seconds left.\n|\n|switch|p2a: Lunala|Lunala, L78|100\/100\n|-activate|p2a: Lunala|move: Sticky Web\n|-unboost|p2a: Lunala|spe|1\n|turn|50\n|\n|move|p1a: Florges|Toxic|p2a: Lunala\n|-status|p2a: Lunala|tox\n|move|p2a: Lunala|Moongeist Beam|p1a: Florges\n|-damage|p1a: Florges|24\/100\n|\n|-heal|p1a: Florges|30\/100|[from] item: Leftovers\n|-damage|p2a: Lunala|94\/100 tox|[from] psn\n|upkeep\n|turn|51\n|\n|move|p1a: Florges|Synthesis|p1a: Florges\n|-heal|p1a: Florges|80\/100\n|move|p2a: Lunala|Calm Mind|p2a: Lunala\n|-boost|p2a: Lunala|spa|1\n|-boost|p2a: Lunala|spd|1\n|\n|-heal|p1a: Florges|86\/100|[from] item: Leftovers\n|-heal|p2a: Lunala|100\/100 tox|[from] item: Leftovers\n|-damage|p2a: Lunala|88\/100 tox|[from] psn\n|upkeep\n|turn|52\n|\n|move|p1a: Florges|Moonblast|p2a: Lunala\n|-damage|p2a: Lunala|69\/100 tox\n|move|p2a: Lunala|Calm Mind|p2a: Lunala\n|-boost|p2a: Lunala|spa|1\n|-boost|p2a: Lunala|spd|1\n|\n|-heal|p1a: Florges|92\/100|[from] item: Leftovers\n|-heal|p2a: Lunala|75\/100 tox|[from] item: Leftovers\n|-damage|p2a: Lunala|56\/100 tox|[from] psn\n|upkeep\n|turn|53\n|\n|move|p1a: Florges|Moonblast|p2a: Lunala\n|-damage|p2a: Lunala|40\/100 tox\n|move|p2a: Lunala|Moongeist Beam|p1a: Florges\n|-damage|p1a: Florges|36\/100\n|\n|-heal|p1a: Florges|42\/100|[from] item: Leftovers\n|-heal|p2a: Lunala|46\/100 tox|[from] item: Leftovers\n|-damage|p2a: Lunala|22\/100 tox|[from] psn\n|upkeep\n|turn|54\n|\n|move|p1a: Florges|Moonblast|p2a: Lunala\n|-damage|p2a: Lunala|5\/100 tox\n|move|p2a: Lunala|Moongeist Beam|p1a: Florges\n|-damage|p1a: Florges|0 fnt\n|faint|p1a: Florges\n|\n|-heal|p2a: Lunala|11\/100 tox|[from] item: Leftovers\n|-damage|p2a: Lunala|0 fnt|[from] psn\n|faint|p2a: Lunala\n|upkeep\n|\n|switch|p2a: Hawlucha|Hawlucha, L80, M|75\/100\n|switch|p1a: Palkia|Palkia, L78|60\/100\n|-damage|p1a: Palkia|48\/100|[from] Stealth Rock\n|-ability|p1a: Palkia|Pressure\n|turn|55\n|\n|move|p2a: Hawlucha|High Jump Kick|p1a: Palkia\n|-damage|p1a: Palkia|2\/100\n|move|p1a: Palkia|Thunder Wave|p2a: Hawlucha\n|-status|p2a: Hawlucha|par\n|\n|-heal|p1a: Palkia|8\/100|[from] item: Leftovers\n|upkeep\n|turn|56\n|\n|move|p1a: Palkia|Hydro Pump|p2a: Hawlucha\n|-damage|p2a: Hawlucha|0 fnt\n|faint|p2a: Hawlucha\n|\n|win|Diogo69\n|raw|Diogo69's rating: 1630 &rarr; <strong>1653<\/strong><br \/>(+23 for winning)\n|raw|wolfwarrior's rating: 1676 &rarr; <strong>1653<\/strong><br \/>(-23 for losing)\n|l|\u2606wolfwarrior\n","inputlog":">version d152a05c7eb8c8d31d527f7bfd0e802eaf27978f\n>start {\"formatid\":\"gen7randombattle\",\"seed\":[2931,3399,1545,64931],\"rated\":\"Rated battle\"}\n>player p1 {\"name\":\"Diogo69\",\"avatar\":\"127\",\"team\":\"\",\"seed\":[35254,29758,53395,47863]}\n>player p2 {\"name\":\"wolfwarrior\",\"avatar\":\"162\",\"team\":\"\",\"seed\":[2972,19861,50264,56282]}\n>p1 move knockoff\n>p2 move cosmicpower\n>p1 move stickyweb\n>p2 move cosmicpower\n>p1 switch 6\n>p2 move cosmicpower\n>p1 move nastyplot mega\n>p2 switch 4\n>p1 switch 4\n>p2 move highjumpkick\n>p1 move moonblast\n>p2 switch 2\n>p1 move taunt\n>p2 move calmmind\n>p1 move moonblast\n>p2 switch 5\n>p1 move scald\n>p2 move stealthrock\n>p1 move scald\n>p2 switch 4\n>p1 move icebeam\n>p2 move roost\n>p1 move taunt\n>p2 move cosmicpower\n>p1 move icebeam\n>p2 switch 6\n>p1 move taunt\n>p2 move psychic\n>p1 move moonblast\n>p2 move energyball\n>p1 switch 2\n>p2 move psychic\n>p1 move toxic\n>p2 switch 6\n>p1 switch 3\n>p2 move cosmicpower\n>p1 move taunt\n>p2 move roost\n>p1 move ironhead\n>p2 move storedpower\n>p1 move ironhead\n>p2 move storedpower\n>p1 move ironhead\n>p2 switch 6\n>p1 move closecombat\n>p2 move surf\n>p1 switch 6\n>p1 move leafblade\n>p2 switch 2\n>p1 switch 3\n>p2 move acrobatics\n>p1 move moonblast\n>p2 switch 6\n>p2 switch 5\n>p1 move toxic\n>p2 move calmmind\n>p1 move moonblast\n>p2 move healbell\n>p1 move toxic\n>p2 move calmmind\n>p1 switch 5\n>p2 move healbell\n>p1 move dragontail\n>p2 move dazzlinggleam\n>p1 switch 5\n>p2 move moonblast\n>p1 move synthesis\n>p2 move lightscreen\n>p1 move toxic\n>p2 move diamondstorm\n>p1 move moonblast\n>p2 move diamondstorm\n>p1 move synthesis\n>p2 move diamondstorm\n>p1 move synthesis\n>p2 move diamondstorm\n>p1 move synthesis\n>p2 move diamondstorm\n>p2 switch 4\n>p1 move moonblast\n>p2 move hypervoice\n>p1 move synthesis\n>p2 move calmmind\n>p1 move toxic\n>p2 move hypervoice\n>p1 switch 3\n>p2 move healbell\n>p1 move leafblade\n>p2 move hypervoice mega\n>p1 switch 4\n>p1 move fireblast\n>p2 move hypervoice\n>p2 switch 6\n>p1 switch 3\n>p2 move highjumpkick\n>p1 move synthesis\n>p2 switch 2\n>p1 move toxic\n>p2 move tailglow\n>p1 move moonblast\n>p2 move surf\n>p1 move moonblast\n>p2 move surf\n>p2 switch 3\n>p1 move toxic\n>p2 move moongeistbeam\n>p1 move synthesis\n>p2 move calmmind\n>p1 move moonblast\n>p2 move calmmind\n>p1 move moonblast\n>p2 move moongeistbeam\n>p1 move moonblast\n>p2 move moongeistbeam\n>p1 switch 5\n>p2 switch 2\n>p1 move thunderwave\n>p2 move highjumpkick\n>p1 move hydropump\n>p2 move roost","uploadtime":1556689390,"views":8,"p1id":"diogo69","p2id":"wolfwarrior","formatid":"gen7randombattle","rating":1653,"private":0,"password":null}