{"id":"gen7ou-981443710","p1":"Ablackmirror","p2":"OGamer289","format":"gen7ou","log":"|j|\u2606Ablackmirror\n|j|\u2606OGamer289\n|player|p1|Ablackmirror|77|1617\n|player|p2|OGamer289|153|1632\n|teamsize|p1|6\n|teamsize|p2|6\n|gametype|singles\n|gen|7\n|tier|[Gen 7] OU\n|rated|\n|rule|Sleep Clause Mod: Limit one foe put to sleep\n|rule|Species Clause: Limit one of each Pok\u00e9mon\n|rule|OHKO Clause: OHKO moves are banned\n|rule|Moody Clause: Moody is banned\n|rule|Evasion Moves Clause: Evasion moves are banned\n|rule|Endless Battle Clause: Forcing endless battles is banned\n|rule|HP Percentage Mod: HP is shown in percentages\n|clearpoke\n|poke|p1|Buzzwole|item\n|poke|p1|Skarmory, F|item\n|poke|p1|Muk-Alola, M|item\n|poke|p1|Garchomp, F|item\n|poke|p1|Thundurus-Therian, M|item\n|poke|p1|Starmie|item\n|poke|p2|Conkeldurr, F|item\n|poke|p2|Victini|item\n|poke|p2|Rotom-Wash|item\n|poke|p2|Aggron, M|item\n|poke|p2|Latios, M|item\n|poke|p2|Mamoswine, F|item\n|teampreview\n|inactive|Battle timer is ON: inactive players will automatically lose when time's up. (requested by Ablackmirror)\n|\n|start\n|switch|p1a: Thundurus|Thundurus-Therian, M|100\/100\n|switch|p2a: Rotom|Rotom-Wash|100\/100\n|turn|1\n|\n|move|p1a: Thundurus|Nasty Plot|p1a: Thundurus\n|-boost|p1a: Thundurus|spa|2\n|move|p2a: Rotom|Will-O-Wisp|p1a: Thundurus\n|-status|p1a: Thundurus|brn\n|\n|-damage|p1a: Thundurus|94\/100 brn|[from] brn\n|upkeep\n|turn|2\n|\n|switch|p2a: Juliensblog|Latios, M|100\/100\n|-zpower|p1a: Thundurus\n|move|p1a: Thundurus|All-Out Pummeling|p2a: Juliensblog|[zeffect]\n|-resisted|p2a: Juliensblog\n|-damage|p2a: Juliensblog|26\/100\n|\n|-damage|p1a: Thundurus|88\/100 brn|[from] brn\n|upkeep\n|turn|3\n|\n|switch|p1a: Muk|Muk-Alola, M|100\/100\n|move|p2a: Juliensblog|Draco Meteor|p1a: Muk\n|-damage|p1a: Muk|56\/100\n|-unboost|p2a: Juliensblog|spa|2\n|\n|upkeep\n|turn|4\n|\n|switch|p1a: Buzzwole|Buzzwole|100\/100\n|move|p2a: Juliensblog|Draco Meteor|p1a: Buzzwole\n|-damage|p1a: Buzzwole|47\/100\n|-unboost|p2a: Juliensblog|spa|2\n|\n|-heal|p1a: Buzzwole|53\/100|[from] item: Leftovers\n|upkeep\n|turn|5\n|\n|switch|p2a: Rotom|Rotom-Wash|100\/100\n|move|p1a: Buzzwole|Substitute|p1a: Buzzwole\n|-start|p1a: Buzzwole|Substitute\n|-damage|p1a: Buzzwole|28\/100\n|\n|-heal|p1a: Buzzwole|34\/100|[from] item: Leftovers\n|upkeep\n|turn|6\n|\n|-singleturn|p1a: Buzzwole|move: Focus Punch\n|move|p2a: Rotom|Hydro Pump|p1a: Buzzwole\n|-end|p1a: Buzzwole|Substitute\n|move|p1a: Buzzwole|Focus Punch|p2a: Rotom\n|-damage|p2a: Rotom|33\/100\n|\n|-heal|p1a: Buzzwole|40\/100|[from] item: Leftovers\n|-heal|p2a: Rotom|40\/100|[from] item: Leftovers\n|upkeep\n|turn|7\n|\n|switch|p1a: Thundurus|Thundurus-Therian, M|88\/100 brn\n|move|p2a: Rotom|Volt Switch|p1a: Thundurus\n|-heal|p1a: Thundurus|100\/100 brn|[from] ability: Volt Absorb|[of] p2a: Rotom\n|\n|-heal|p2a: Rotom|46\/100|[from] item: Leftovers\n|-damage|p1a: Thundurus|94\/100 brn|[from] brn\n|upkeep\n|turn|8\n|\n|switch|p2a: Mamoswine|Mamoswine, F|100\/100\n|move|p1a: Thundurus|Focus Blast|p2a: Mamoswine\n|-supereffective|p2a: Mamoswine\n|-damage|p2a: Mamoswine|0 fnt\n|faint|p2a: Mamoswine\n|\n|-damage|p1a: Thundurus|88\/100 brn|[from] brn\n|upkeep\n|\n|switch|p2a: Victini|Victini|100\/100\n|turn|9\n|\n|switch|p1a: Garchomp|Garchomp, F|100\/100\n|move|p2a: Victini|V-create|p1a: Garchomp\n|-resisted|p1a: Garchomp\n|-damage|p1a: Garchomp|56\/100\n|-damage|p2a: Victini|88\/100|[from] ability: Rough Skin|[of] p1a: Garchomp\n|-unboost|p2a: Victini|spe|1\n|-unboost|p2a: Victini|def|1\n|-unboost|p2a: Victini|spd|1\n|\n|upkeep\n|turn|10\n|\n|switch|p2a: Rotom|Rotom-Wash|46\/100\n|move|p1a: Garchomp|Draco Meteor|p2a: Rotom|[miss]\n|-miss|p1a: Garchomp|p2a: Rotom\n|\n|-heal|p2a: Rotom|52\/100|[from] item: Leftovers\n|upkeep\n|turn|11\n|\n|move|p1a: Garchomp|Draco Meteor|p2a: Rotom\n|-damage|p2a: Rotom|14\/100\n|-unboost|p1a: Garchomp|spa|2\n|move|p2a: Rotom|Hydro Pump|p1a: Garchomp\n|-damage|p1a: Garchomp|12\/100\n|\n|-heal|p2a: Rotom|20\/100|[from] item: Leftovers\n|upkeep\n|turn|12\n|\n|switch|p2a: Conkeldurr|Conkeldurr, F|100\/100\n|move|p1a: Garchomp|Rock Slide|p2a: Conkeldurr|[miss]\n|-miss|p1a: Garchomp|p2a: Conkeldurr\n|\n|upkeep\n|turn|13\n|\n|detailschange|p1a: Garchomp|Garchomp-Mega, F\n|-mega|p1a: Garchomp|Garchomp|Garchompite\n|move|p2a: Conkeldurr|Mach Punch|p1a: Garchomp\n|-damage|p1a: Garchomp|0 fnt\n|faint|p1a: Garchomp\n|\n|upkeep\n|\n|switch|p1a: Starmie|Starmie, shiny|100\/100\n|turn|14\n|\n|move|p1a: Starmie|Psychic|p2a: Conkeldurr\n|-supereffective|p2a: Conkeldurr\n|-damage|p2a: Conkeldurr|37\/100\n|move|p2a: Conkeldurr|Knock Off|p1a: Starmie\n|-supereffective|p1a: Starmie\n|-damage|p1a: Starmie|0 fnt\n|-enditem|p1a: Starmie|Assault Vest|[from] move: Knock Off|[of] p2a: Conkeldurr\n|faint|p1a: Starmie\n|\n|upkeep\n|\n|switch|p1a: Thundurus|Thundurus-Therian, M|88\/100 brn\n|turn|15\n|\n|move|p1a: Thundurus|Thunderbolt|p2a: Conkeldurr\n|-damage|p2a: Conkeldurr|0 fnt\n|faint|p2a: Conkeldurr\n|\n|-damage|p1a: Thundurus|82\/100 brn|[from] brn\n|upkeep\n|\n|switch|p2a: Victini|Victini|88\/100\n|turn|16\n|\n|switch|p1a: Buzzwole|Buzzwole|40\/100\n|move|p2a: Victini|V-create|p1a: Buzzwole\n|-supereffective|p1a: Buzzwole\n|-damage|p1a: Buzzwole|0 fnt\n|-unboost|p2a: Victini|spe|1\n|-unboost|p2a: Victini|def|1\n|-unboost|p2a: Victini|spd|1\n|faint|p1a: Buzzwole\n|\n|upkeep\n|\n|switch|p1a: Thundurus|Thundurus-Therian, M|82\/100 brn\n|turn|17\n|\n|switch|p2a: Juliensblog|Latios, M|26\/100\n|move|p1a: Thundurus|Thunderbolt|p2a: Juliensblog\n|-resisted|p2a: Juliensblog\n|-damage|p2a: Juliensblog|1\/100\n|\n|-damage|p1a: Thundurus|76\/100 brn|[from] brn\n|upkeep\n|turn|18\n|inactive|Ablackmirror has 120 seconds left.\n|inactive|Ablackmirror has 90 seconds left.\n|\n|switch|p1a: Muk|Muk-Alola, M|56\/100\n|move|p2a: Juliensblog|Draco Meteor|p1a: Muk\n|-damage|p1a: Muk|9\/100\n|-unboost|p2a: Juliensblog|spa|2\n|-enditem|p1a: Muk|Figy Berry|[eat]\n|-heal|p1a: Muk|59\/100|[from] item: Figy Berry\n|\n|upkeep\n|turn|19\n|inactive|Ablackmirror has 90 seconds left.\n|\n|switch|p2a: Aggron|Aggron, M|100\/100\n|move|p1a: Muk|Recycle|p1a: Muk\n|-item|p1a: Muk|Figy Berry|[from] move: Recycle\n|\n|upkeep\n|turn|20\n|\n|switch|p1a: Skarmory|Skarmory, F|100\/100\n|detailschange|p2a: Aggron|Aggron-Mega, M\n|-mega|p2a: Aggron|Aggron|Aggronite\n|move|p2a: Aggron|Stealth Rock|p1a: Skarmory\n|-sidestart|p1: Ablackmirror|move: Stealth Rock\n|\n|upkeep\n|turn|21\n|\n|switch|p2a: Rotom|Rotom-Wash|20\/100\n|move|p1a: Skarmory|Stealth Rock|p2a: Rotom\n|-sidestart|p2: OGamer289|move: Stealth Rock\n|\n|-heal|p2a: Rotom|26\/100|[from] item: Leftovers\n|upkeep\n|turn|22\n|\n|switch|p1a: Muk|Muk-Alola, M|59\/100\n|-damage|p1a: Muk|46\/100|[from] Stealth Rock\n|-enditem|p1a: Muk|Figy Berry|[eat]\n|-heal|p1a: Muk|96\/100|[from] item: Figy Berry\n|move|p2a: Rotom|Defog|p1a: Muk\n|-unboost|p1a: Muk|evasion|1\n|-sideend|p1: Ablackmirror|Stealth Rock|[from] move: Defog|[of] p2a: Rotom\n|-sideend|p2: OGamer289|Stealth Rock|[from] move: Defog|[of] p2a: Rotom\n|\n|-heal|p2a: Rotom|32\/100|[from] item: Leftovers\n|upkeep\n|turn|23\n|\n|move|p2a: Rotom|Will-O-Wisp|p1a: Muk\n|-status|p1a: Muk|brn\n|move|p1a: Muk|Recycle|p1a: Muk\n|-item|p1a: Muk|Figy Berry|[from] move: Recycle\n|\n|-heal|p2a: Rotom|39\/100|[from] item: Leftovers\n|-damage|p1a: Muk|90\/100 brn|[from] brn\n|upkeep\n|turn|24\n|\n|move|p2a: Rotom|Volt Switch|p1a: Muk\n|-damage|p1a: Muk|74\/100 brn\n|\n|switch|p2a: Aggron|Aggron-Mega, M|100\/100|[from]move: Volt Switch\n|move|p1a: Muk|Knock Off|p2a: Aggron\n|-damage|p2a: Aggron|95\/100\n|\n|-damage|p1a: Muk|68\/100 brn|[from] brn\n|upkeep\n|turn|25\n|inactive|Ablackmirror has 120 seconds left.\n|\n|switch|p1a: Skarmory|Skarmory, F|100\/100\n|move|p2a: Aggron|Fire Blast|p1a: Skarmory\n|-supereffective|p1a: Skarmory\n|-damage|p1a: Skarmory|52\/100\n|-status|p1a: Skarmory|brn\n|\n|-damage|p1a: Skarmory|46\/100 brn|[from] brn\n|upkeep\n|turn|26\n|c|\u2606OGamer289|bro sorry\n|\n|move|p1a: Skarmory|Stealth Rock|p2a: Aggron\n|-sidestart|p2: OGamer289|move: Stealth Rock\n|move|p2a: Aggron|Fire Blast|p1a: Skarmory\n|-supereffective|p1a: Skarmory\n|-damage|p1a: Skarmory|0 fnt\n|faint|p1a: Skarmory\n|\n|upkeep\n|\n|switch|p1a: Thundurus|Thundurus-Therian, M|76\/100 brn\n|turn|27\n|\n|move|p1a: Thundurus|Thunderbolt|p2a: Aggron\n|-damage|p2a: Aggron|51\/100\n|-status|p2a: Aggron|par\n|move|p2a: Aggron|Heavy Slam|p1a: Thundurus\n|-resisted|p1a: Thundurus\n|-damage|p1a: Thundurus|34\/100 brn\n|\n|-damage|p1a: Thundurus|28\/100 brn|[from] brn\n|upkeep\n|turn|28\n|\n|move|p1a: Thundurus|Focus Blast|p2a: Aggron|[miss]\n|-miss|p1a: Thundurus|p2a: Aggron\n|move|p2a: Aggron|Heavy Slam|p1a: Thundurus\n|-resisted|p1a: Thundurus\n|-damage|p1a: Thundurus|0 fnt\n|faint|p1a: Thundurus\n|\n|upkeep\n|\n|switch|p1a: Muk|Muk-Alola, M|68\/100 brn\n|turn|29\n|\n|move|p1a: Muk|Curse|p1a: Muk\n|-unboost|p1a: Muk|spe|1\n|-boost|p1a: Muk|atk|1\n|-boost|p1a: Muk|def|1\n|move|p2a: Aggron|Earthquake|p1a: Muk\n|-supereffective|p1a: Muk\n|-damage|p1a: Muk|27\/100 brn\n|-enditem|p1a: Muk|Figy Berry|[eat]\n|-heal|p1a: Muk|77\/100 brn|[from] item: Figy Berry\n|\n|-damage|p1a: Muk|71\/100 brn|[from] brn\n|upkeep\n|turn|30\n|\n|move|p1a: Muk|Curse|p1a: Muk\n|-unboost|p1a: Muk|spe|1\n|-boost|p1a: Muk|atk|1\n|-boost|p1a: Muk|def|1\n|move|p2a: Aggron|Earthquake|p1a: Muk\n|-supereffective|p1a: Muk\n|-damage|p1a: Muk|36\/100 brn\n|\n|-damage|p1a: Muk|30\/100 brn|[from] brn\n|upkeep\n|turn|31\n|\n|switch|p2a: Victini|Victini|88\/100\n|-damage|p2a: Victini|63\/100|[from] Stealth Rock\n|move|p1a: Muk|Recycle|p1a: Muk\n|-item|p1a: Muk|Figy Berry|[from] move: Recycle\n|-enditem|p1a: Muk|Figy Berry|[eat]\n|-heal|p1a: Muk|80\/100 brn|[from] item: Figy Berry\n|\n|-damage|p1a: Muk|74\/100 brn|[from] brn\n|upkeep\n|turn|32\n|\n|move|p2a: Victini|V-create|p1a: Muk\n|-damage|p1a: Muk|34\/100 brn\n|-unboost|p2a: Victini|spe|1\n|-unboost|p2a: Victini|def|1\n|-unboost|p2a: Victini|spd|1\n|move|p1a: Muk|Recycle|p1a: Muk\n|-item|p1a: Muk|Figy Berry|[from] move: Recycle\n|-enditem|p1a: Muk|Figy Berry|[eat]\n|-heal|p1a: Muk|84\/100 brn|[from] item: Figy Berry\n|\n|-damage|p1a: Muk|78\/100 brn|[from] brn\n|upkeep\n|turn|33\n|c|\u2606OGamer289|gg\n|l|\u2606Ablackmirror\n|inactive|Ablackmirror disconnected and has a minute to reconnect!\n|player|p1|\n|j|\u2606Ablackmirror\n|inactive|Ablackmirror reconnected and has 130 seconds left.\n|player|p1|Ablackmirror|77\n|\n|switch|p2a: Rotom|Rotom-Wash|39\/100\n|-damage|p2a: Rotom|26\/100|[from] Stealth Rock\n|move|p1a: Muk|Recycle|p1a: Muk\n|-item|p1a: Muk|Figy Berry|[from] move: Recycle\n|\n|-heal|p2a: Rotom|32\/100|[from] item: Leftovers\n|-damage|p1a: Muk|72\/100 brn|[from] brn\n|upkeep\n|turn|34\n|\n|move|p2a: Rotom|Defog|p1a: Muk\n|-unboost|p1a: Muk|evasion|1\n|-sideend|p2: OGamer289|Stealth Rock|[from] move: Defog|[of] p2a: Rotom\n|move|p1a: Muk|Curse|p1a: Muk\n|-unboost|p1a: Muk|spe|1\n|-boost|p1a: Muk|atk|1\n|-boost|p1a: Muk|def|1\n|\n|-heal|p2a: Rotom|39\/100|[from] item: Leftovers\n|-damage|p1a: Muk|66\/100 brn|[from] brn\n|upkeep\n|turn|35\n|\n|move|p2a: Rotom|Hydro Pump|p1a: Muk\n|-damage|p1a: Muk|44\/100 brn\n|-enditem|p1a: Muk|Figy Berry|[eat]\n|-heal|p1a: Muk|94\/100 brn|[from] item: Figy Berry\n|move|p1a: Muk|Curse|p1a: Muk\n|-unboost|p1a: Muk|spe|1\n|-boost|p1a: Muk|atk|1\n|-boost|p1a: Muk|def|1\n|\n|-heal|p2a: Rotom|45\/100|[from] item: Leftovers\n|-damage|p1a: Muk|88\/100 brn|[from] brn\n|upkeep\n|turn|36\n|\n|move|p2a: Rotom|Hydro Pump|p1a: Muk\n|-damage|p1a: Muk|66\/100 brn\n|move|p1a: Muk|Knock Off|p2a: Rotom\n|-damage|p2a: Rotom|7\/100\n|-enditem|p2a: Rotom|Leftovers|[from] move: Knock Off|[of] p1a: Muk\n|\n|-damage|p1a: Muk|60\/100 brn|[from] brn\n|upkeep\n|turn|37\n|\n|move|p2a: Rotom|Hydro Pump|p1a: Muk\n|-damage|p1a: Muk|36\/100 brn\n|move|p1a: Muk|Recycle|p1a: Muk\n|-item|p1a: Muk|Figy Berry|[from] move: Recycle\n|-enditem|p1a: Muk|Figy Berry|[eat]\n|-heal|p1a: Muk|86\/100 brn|[from] item: Figy Berry\n|\n|-damage|p1a: Muk|80\/100 brn|[from] brn\n|upkeep\n|turn|38\n|\n|move|p2a: Rotom|Hydro Pump|p1a: Muk\n|-crit|p1a: Muk\n|-damage|p1a: Muk|47\/100 brn\n|move|p1a: Muk|Recycle|p1a: Muk\n|-item|p1a: Muk|Figy Berry|[from] move: Recycle\n|-enditem|p1a: Muk|Figy Berry|[eat]\n|-heal|p1a: Muk|97\/100 brn|[from] item: Figy Berry\n|\n|-damage|p1a: Muk|91\/100 brn|[from] brn\n|upkeep\n|turn|39\n|\n|move|p2a: Rotom|Hydro Pump|p1a: Muk\n|-damage|p1a: Muk|69\/100 brn\n|move|p1a: Muk|Recycle|p1a: Muk\n|-item|p1a: Muk|Figy Berry|[from] move: Recycle\n|\n|-damage|p1a: Muk|63\/100 brn|[from] brn\n|upkeep\n|turn|40\n|\n|move|p2a: Rotom|Will-O-Wisp|p1a: Muk\n|-fail|p1a: Muk|brn\n|move|p1a: Muk|Poison Jab|p2a: Rotom\n|-damage|p2a: Rotom|0 fnt\n|faint|p2a: Rotom\n|\n|-damage|p1a: Muk|57\/100 brn|[from] brn\n|upkeep\n|\n|switch|p2a: Juliensblog|Latios, M|1\/100\n|turn|41\n|\n|move|p2a: Juliensblog|Draco Meteor|p1a: Muk\n|-damage|p1a: Muk|5\/100 brn\n|-unboost|p2a: Juliensblog|spa|2\n|-enditem|p1a: Muk|Figy Berry|[eat]\n|-heal|p1a: Muk|55\/100 brn|[from] item: Figy Berry\n|move|p1a: Muk|Poison Jab|p2a: Juliensblog\n|-damage|p2a: Juliensblog|0 fnt\n|faint|p2a: Juliensblog\n|\n|-damage|p1a: Muk|49\/100 brn|[from] brn\n|upkeep\n|\n|switch|p2a: Victini|Victini|63\/100\n|turn|42\n|\n|move|p2a: Victini|V-create|p1a: Muk\n|-damage|p1a: Muk|22\/100 brn\n|-unboost|p2a: Victini|spe|1\n|-unboost|p2a: Victini|def|1\n|-unboost|p2a: Victini|spd|1\n|move|p1a: Muk|Recycle|p1a: Muk\n|-item|p1a: Muk|Figy Berry|[from] move: Recycle\n|-enditem|p1a: Muk|Figy Berry|[eat]\n|-heal|p1a: Muk|72\/100 brn|[from] item: Figy Berry\n|\n|-damage|p1a: Muk|66\/100 brn|[from] brn\n|upkeep\n|turn|43\n|\n|switch|p2a: Aggron|Aggron-Mega, M|51\/100 par\n|move|p1a: Muk|Recycle|p1a: Muk\n|-item|p1a: Muk|Figy Berry|[from] move: Recycle\n|\n|-damage|p1a: Muk|60\/100 brn|[from] brn\n|upkeep\n|turn|44\n|\n|move|p2a: Aggron|Heavy Slam|p1a: Muk\n|-damage|p1a: Muk|42\/100 brn\n|-enditem|p1a: Muk|Figy Berry|[eat]\n|-heal|p1a: Muk|92\/100 brn|[from] item: Figy Berry\n|move|p1a: Muk|Knock Off|p2a: Aggron\n|-damage|p2a: Aggron|35\/100 par\n|\n|-damage|p1a: Muk|86\/100 brn|[from] brn\n|upkeep\n|turn|45\n|\n|cant|p2a: Aggron|par\n|move|p1a: Muk|Knock Off|p2a: Aggron\n|-damage|p2a: Aggron|18\/100 par\n|\n|-damage|p1a: Muk|80\/100 brn|[from] brn\n|upkeep\n|turn|46\n|\n|move|p2a: Aggron|Earthquake|p1a: Muk\n|-supereffective|p1a: Muk\n|-damage|p1a: Muk|58\/100 brn\n|move|p1a: Muk|Recycle|p1a: Muk\n|-item|p1a: Muk|Figy Berry|[from] move: Recycle\n|\n|-damage|p1a: Muk|52\/100 brn|[from] brn\n|upkeep\n|turn|47\n|\n|move|p2a: Aggron|Stealth Rock|p1a: Muk\n|-sidestart|p1: Ablackmirror|move: Stealth Rock\n|move|p1a: Muk|Knock Off|p2a: Aggron\n|-damage|p2a: Aggron|1\/100 par\n|\n|-damage|p1a: Muk|46\/100 brn|[from] brn\n|upkeep\n|-enditem|p1a: Muk|Figy Berry|[eat]\n|-heal|p1a: Muk|96\/100 brn|[from] item: Figy Berry\n|turn|48\n|\n|move|p2a: Aggron|Earthquake|p1a: Muk\n|-supereffective|p1a: Muk\n|-damage|p1a: Muk|74\/100 brn\n|move|p1a: Muk|Recycle|p1a: Muk\n|-item|p1a: Muk|Figy Berry|[from] move: Recycle\n|\n|-damage|p1a: Muk|68\/100 brn|[from] brn\n|upkeep\n|turn|49\n|-message|OGamer289 forfeited.\n|\n|win|Ablackmirror\n|l|\u2606OGamer289\n","uploadtime":1569348115,"views":5,"p1id":"ablackmirror","p2id":"ogamer289","formatid":"gen7ou","rating":0,"private":0,"password":null}