{"id":"gen7ou-850346604","p1":"Moskito Cup","p2":"I don't reply","format":"gen7ou","log":"|j|\u2606Moskito Cup\n|j|\u2606I don't reply\n|player|p1|Moskito Cup|170\n|player|p2|I don't reply|61\n|teamsize|p1|6\n|teamsize|p2|6\n|gametype|singles\n|gen|7\n|tier|[Gen 7] OU\n|rated|\n|rule|Sleep Clause Mod: Limit one foe put to sleep\n|rule|Species Clause: Limit one of each Pok\u00e9mon\n|rule|OHKO Clause: OHKO moves are banned\n|rule|Moody Clause: Moody is banned\n|rule|Evasion Moves Clause: Evasion moves are banned\n|rule|Endless Battle Clause: Forcing endless battles is banned\n|rule|HP Percentage Mod: HP is shown in percentages\n|clearpoke\n|poke|p1|Venusaur, F|item\n|poke|p1|Keldeo-Resolute|item\n|poke|p1|Skarmory, M|item\n|poke|p1|Chansey, F|item\n|poke|p1|Heatran, M|item\n|poke|p1|Bisharp, M|item\n|poke|p2|Garchomp, F|item\n|poke|p2|Hippowdon, M|item\n|poke|p2|Greninja, M|item\n|poke|p2|Celesteela|item\n|poke|p2|Excadrill, M|item\n|poke|p2|Toxapex, M|item\n|teampreview\n|inactive|Battle timer is ON: inactive players will automatically lose when time's up. (requested by I don't reply)\n|\n|start\n|switch|p1a: Keldeo|Keldeo-Resolute|100\/100\n|switch|p2a: Hippowdon|Hippowdon, M|100\/100\n|-weather|Sandstorm|[from] ability: Sand Stream|[of] p2a: Hippowdon\n|turn|1\n|\n|move|p1a: Keldeo|Scald|p2a: Hippowdon\n|-supereffective|p2a: Hippowdon\n|-damage|p2a: Hippowdon|6\/100\n|move|p2a: Hippowdon|Stealth Rock|p1a: Keldeo\n|-sidestart|p1: Moskito Cup|move: Stealth Rock\n|\n|-weather|Sandstorm|[upkeep]\n|-damage|p1a: Keldeo|94\/100|[from] Sandstorm\n|-heal|p1a: Keldeo|100\/100|[from] item: Leftovers\n|upkeep\n|turn|2\n|\n|switch|p2a: Greninja|Greninja, M|100\/100\n|move|p1a: Keldeo|Substitute|p1a: Keldeo\n|-start|p1a: Keldeo|Substitute\n|-damage|p1a: Keldeo|75\/100\n|\n|-weather|Sandstorm|[upkeep]\n|-damage|p2a: Greninja|95\/100|[from] Sandstorm\n|-damage|p1a: Keldeo|69\/100|[from] Sandstorm\n|-heal|p1a: Keldeo|75\/100|[from] item: Leftovers\n|upkeep\n|turn|3\n|\n|move|p2a: Greninja|Hydro Pump|p1a: Keldeo\n|-resisted|p1a: Keldeo\n|-end|p1a: Keldeo|Substitute\n|move|p1a: Keldeo|Secret Sword|p2a: Greninja\n|-supereffective|p2a: Greninja\n|-damage|p2a: Greninja|0 fnt\n|faint|p2a: Greninja\n|\n|-weather|Sandstorm|[upkeep]\n|-damage|p1a: Keldeo|69\/100|[from] Sandstorm\n|-heal|p1a: Keldeo|75\/100|[from] item: Leftovers\n|upkeep\n|\n|switch|p2a: Garchomp|Garchomp, F|100\/100\n|turn|4\n|\n|switch|p1a: Skarmory|Skarmory, M|100\/100\n|-damage|p1a: Skarmory|88\/100|[from] Stealth Rock\n|detailschange|p2a: Garchomp|Garchomp-Mega, F\n|-mega|p2a: Garchomp|Garchomp|Garchompite\n|move|p2a: Garchomp|Swords Dance|p2a: Garchomp\n|-boost|p2a: Garchomp|atk|2\n|\n|-weather|Sandstorm|[upkeep]\n|upkeep\n|turn|5\n|j| can't lose you\n|\n|move|p2a: Garchomp|Fire Fang|p1a: Skarmory\n|-supereffective|p1a: Skarmory\n|-damage|p1a: Skarmory|25\/100\n|-damage|p2a: Garchomp|84\/100|[from] item: Rocky Helmet|[of] p1a: Skarmory\n|move|p1a: Skarmory|Whirlwind|p2a: Garchomp\n|drag|p2a: Hippowdon|Hippowdon, M|6\/100\n|\n|-weather|Sandstorm|[upkeep]\n|upkeep\n|turn|6\n|\n|switch|p2a: Celesteela|Celesteela|100\/100\n|move|p1a: Skarmory|Spikes|p2a: Celesteela\n|-sidestart|p2: I don't reply|Spikes\n|\n|-weather|Sandstorm|[upkeep]\n|upkeep\n|turn|7\n|\n|switch|p1a: Heatran|Heatran, M|100\/100\n|-damage|p1a: Heatran|88\/100|[from] Stealth Rock\n|move|p2a: Celesteela|Flamethrower|p1a: Heatran\n|-start|p1a: Heatran|ability: Flash Fire\n|\n|-weather|Sandstorm|[upkeep]\n|-heal|p1a: Heatran|94\/100|[from] item: Leftovers\n|upkeep\n|turn|8\n|\n|switch|p2a: Garchomp|Garchomp-Mega, F|84\/100\n|-damage|p2a: Garchomp|72\/100|[from] Spikes\n|move|p1a: Heatran|Stealth Rock|p2a: Garchomp\n|-sidestart|p2: I don't reply|move: Stealth Rock\n|\n|-weather|none\n|-heal|p1a: Heatran|100\/100|[from] item: Leftovers\n|upkeep\n|turn|9\n|\n|-end|p1a: Heatran|ability: Flash Fire|[silent]\n|switch|p1a: Skarmory|Skarmory, M|25\/100\n|-damage|p1a: Skarmory|13\/100|[from] Stealth Rock\n|move|p2a: Garchomp|Earthquake|p1a: Skarmory\n|-immune|p1a: Skarmory\n|\n|upkeep\n|turn|10\n|\n|move|p2a: Garchomp|Fire Fang|p1a: Skarmory\n|-supereffective|p1a: Skarmory\n|-damage|p1a: Skarmory|0 fnt\n|-damage|p2a: Garchomp|55\/100|[from] item: Rocky Helmet|[of] p1a: Skarmory\n|faint|p1a: Skarmory\n|\n|upkeep\n|\n|switch|p1a: Keldeo|Keldeo-Resolute|75\/100\n|-damage|p1a: Keldeo|69\/100|[from] Stealth Rock\n|turn|11\n|\n|move|p1a: Keldeo|Scald|p2a: Garchomp\n|-damage|p2a: Garchomp|11\/100\n|move|p2a: Garchomp|Earthquake|p1a: Keldeo\n|-damage|p1a: Keldeo|0 fnt\n|faint|p1a: Keldeo\n|\n|upkeep\n|c|\u2606I don't reply|lul\n|\n|switch|p1a: Bisharp|Bisharp, M|100\/100\n|-damage|p1a: Bisharp|94\/100|[from] Stealth Rock\n|turn|12\n|\n|switch|p2a: Celesteela|Celesteela|100\/100\n|-damage|p2a: Celesteela|88\/100|[from] Stealth Rock\n|move|p1a: Bisharp|Sucker Punch||[still]\n|-fail|p1a: Bisharp\n|\n|-heal|p1a: Bisharp|100\/100|[from] item: Leftovers\n|-heal|p2a: Celesteela|94\/100|[from] item: Leftovers\n|upkeep\n|turn|13\n|\n|switch|p1a: Heatran|Heatran, M|100\/100\n|-damage|p1a: Heatran|88\/100|[from] Stealth Rock\n|move|p2a: Celesteela|Flamethrower|p1a: Heatran\n|-start|p1a: Heatran|ability: Flash Fire\n|\n|-heal|p1a: Heatran|94\/100|[from] item: Leftovers\n|-heal|p2a: Celesteela|99\/100|[from] item: Leftovers\n|upkeep\n|turn|14\n|\n|switch|p2a: Toxapex|Toxapex, M, shiny|100\/100\n|-damage|p2a: Toxapex|88\/100|[from] Stealth Rock\n|-damage|p2a: Toxapex|76\/100|[from] Spikes\n|move|p1a: Heatran|Lava Plume|p2a: Toxapex\n|-resisted|p2a: Toxapex\n|-damage|p2a: Toxapex|56\/100\n|\n|-heal|p1a: Heatran|100\/100|[from] item: Leftovers\n|-heal|p2a: Toxapex|62\/100|[from] item: Black Sludge\n|upkeep\n|turn|15\n|\n|move|p1a: Heatran|Lava Plume|p2a: Toxapex\n|-resisted|p2a: Toxapex\n|-damage|p2a: Toxapex|44\/100\n|move|p2a: Toxapex|Recover|p2a: Toxapex\n|-heal|p2a: Toxapex|95\/100\n|\n|-heal|p2a: Toxapex|100\/100|[from] item: Black Sludge\n|upkeep\n|turn|16\n|\n|move|p1a: Heatran|Lava Plume|p2a: Toxapex\n|-resisted|p2a: Toxapex\n|-damage|p2a: Toxapex|79\/100\n|move|p2a: Toxapex|Knock Off|p1a: Heatran\n|-damage|p1a: Heatran|88\/100\n|-enditem|p1a: Heatran|Leftovers|[from] move: Knock Off|[of] p2a: Toxapex\n|\n|-heal|p2a: Toxapex|85\/100|[from] item: Black Sludge\n|upkeep\n|turn|17\n|\n|move|p1a: Heatran|Lava Plume|p2a: Toxapex\n|-resisted|p2a: Toxapex\n|-damage|p2a: Toxapex|66\/100\n|-status|p2a: Toxapex|brn\n|move|p2a: Toxapex|Scald|p1a: Heatran\n|-supereffective|p1a: Heatran\n|-damage|p1a: Heatran|62\/100\n|\n|-heal|p2a: Toxapex|71\/100 brn|[from] item: Black Sludge\n|-damage|p2a: Toxapex|66\/100 brn|[from] brn\n|upkeep\n|turn|18\n|\n|move|p1a: Heatran|Taunt|p2a: Toxapex\n|-start|p2a: Toxapex|move: Taunt\n|move|p2a: Toxapex|Scald|p1a: Heatran\n|-supereffective|p1a: Heatran\n|-damage|p1a: Heatran|37\/100\n|\n|-heal|p2a: Toxapex|71\/100 brn|[from] item: Black Sludge\n|-damage|p2a: Toxapex|66\/100 brn|[from] brn\n|upkeep\n|turn|19\n|\n|move|p1a: Heatran|Lava Plume|p2a: Toxapex\n|-resisted|p2a: Toxapex\n|-damage|p2a: Toxapex|47\/100 brn\n|move|p2a: Toxapex|Scald|p1a: Heatran\n|-supereffective|p1a: Heatran\n|-damage|p1a: Heatran|11\/100\n|\n|-heal|p2a: Toxapex|53\/100 brn|[from] item: Black Sludge\n|-damage|p2a: Toxapex|47\/100 brn|[from] brn\n|upkeep\n|turn|20\n|\n|move|p1a: Heatran|Lava Plume|p2a: Toxapex\n|-resisted|p2a: Toxapex\n|-damage|p2a: Toxapex|28\/100 brn\n|move|p2a: Toxapex|Scald|p1a: Heatran\n|-supereffective|p1a: Heatran\n|-damage|p1a: Heatran|0 fnt\n|faint|p1a: Heatran\n|\n|-heal|p2a: Toxapex|34\/100 brn|[from] item: Black Sludge\n|-damage|p2a: Toxapex|28\/100 brn|[from] brn\n|-end|p2a: Toxapex|move: Taunt\n|upkeep\n|\n|switch|p1a: Bisharp|Bisharp, M|100\/100\n|-damage|p1a: Bisharp|94\/100|[from] Stealth Rock\n|turn|21\n|\n|move|p1a: Bisharp|Swords Dance|p1a: Bisharp\n|-boost|p1a: Bisharp|atk|2\n|move|p2a: Toxapex|Scald|p1a: Bisharp\n|-damage|p1a: Bisharp|71\/100\n|\n|-heal|p1a: Bisharp|77\/100|[from] item: Leftovers\n|-heal|p2a: Toxapex|34\/100 brn|[from] item: Black Sludge\n|-damage|p2a: Toxapex|28\/100 brn|[from] brn\n|upkeep\n|turn|22\n|\n|switch|p2a: Hippowdon|Hippowdon, M|6\/100\n|-damage|p2a: Hippowdon|0 fnt|[from] Stealth Rock\n|faint|p2a: Hippowdon\n|move|p1a: Bisharp|Knock Off|p2: Hippowdon|[notarget]\n|-fail|p1a: Bisharp\n|\n|-heal|p1a: Bisharp|83\/100|[from] item: Leftovers\n|upkeep\n|\n|switch|p2a: Celesteela|Celesteela|99\/100\n|-damage|p2a: Celesteela|88\/100|[from] Stealth Rock\n|turn|23\n|\n|move|p1a: Bisharp|Knock Off|p2a: Celesteela\n|-damage|p2a: Celesteela|12\/100\n|-enditem|p2a: Celesteela|Leftovers|[from] move: Knock Off|[of] p1a: Bisharp\n|move|p2a: Celesteela|Flamethrower|p1a: Bisharp\n|-supereffective|p1a: Bisharp\n|-damage|p1a: Bisharp|26\/100\n|-status|p1a: Bisharp|brn\n|\n|-heal|p1a: Bisharp|32\/100 brn|[from] item: Leftovers\n|-damage|p1a: Bisharp|26\/100 brn|[from] brn\n|upkeep\n|turn|24\n|c|\u2606I don't reply|lul\n|\n|move|p2a: Celesteela|Protect|p2a: Celesteela\n|-singleturn|p2a: Celesteela|Protect\n|move|p1a: Bisharp|Knock Off|p2a: Celesteela\n|-activate|p2a: Celesteela|move: Protect\n|\n|-heal|p1a: Bisharp|32\/100 brn|[from] item: Leftovers\n|-damage|p1a: Bisharp|26\/100 brn|[from] brn\n|upkeep\n|turn|25\n|\n|move|p1a: Bisharp|Knock Off|p2a: Celesteela\n|-damage|p2a: Celesteela|0 fnt\n|faint|p2a: Celesteela\n|\n|-heal|p1a: Bisharp|32\/100 brn|[from] item: Leftovers\n|-damage|p1a: Bisharp|26\/100 brn|[from] brn\n|upkeep\n|l|\u2606I don't reply\n|inactive|I don't reply disconnected and has a minute to reconnect!\n|player|p2|\n|inactive|I don't reply has 60 seconds to reconnect!\n|inactive|I don't reply has 30 seconds to reconnect!\n|inactive|I don't reply has 20 seconds to reconnect!\n|inactive|I don't reply has 15 seconds to reconnect!\n|inactive|I don't reply has 10 seconds to reconnect!\n|j|\u2606I don't reply\n|inactive|I don't reply reconnected and has 85 seconds left.\n|player|p2|I don't reply|61\n|\n|switch|p2a: Excadrill|Excadrill, M|100\/100\n|-damage|p2a: Excadrill|88\/100|[from] Spikes\n|-damage|p2a: Excadrill|85\/100|[from] Stealth Rock\n|turn|26\n|c|\u2606I don't reply|test\n|\n|move|p2a: Excadrill|Earthquake|p1a: Bisharp\n|-supereffective|p1a: Bisharp\n|-damage|p1a: Bisharp|0 fnt\n|faint|p1a: Bisharp\n|\n|upkeep\n|c|\u2606I don't reply|nice play\n|c|\u2606I don't reply|GG WP\n|c|\u2606I don't reply|ur so bad\n|c|\u2606I don't reply|free points\n|c| can't lose you|fucking idiot wk\n|c|\u2606I don't reply|dont forget to save replay\n|inactive|Moskito Cup has 120 seconds left.\n|c|\u2606I don't reply|its not wk its some noob who was wk's pet dog\n|inactive|Moskito Cup has 90 seconds left.\n|j| Mero Detra\n|c| can't lose you|lmfao\n|c| can't lose you|fuck anyone who uses that shit\n|inactive|Moskito Cup has 60 seconds left.\n|\n|switch|p1a: Venusaur|Venusaur, F|100\/100\n|-damage|p1a: Venusaur|88\/100|[from] Stealth Rock\n|turn|27\n|\n|detailschange|p1a: Venusaur|Venusaur-Mega, F\n|-mega|p1a: Venusaur|Venusaur|Venusaurite\n|move|p2a: Excadrill|Swords Dance|p2a: Excadrill\n|-boost|p2a: Excadrill|atk|2\n|move|p1a: Venusaur|Giga Drain|p2a: Excadrill\n|-crit|p2a: Excadrill\n|-damage|p2a: Excadrill|18\/100\n|-heal|p1a: Venusaur|100\/100|[from] drain|[of] p2a: Excadrill\n|\n|upkeep\n|turn|28\n|c|\u2606I don't reply|nice crit but it doesnt help\n|inactive|I don't reply has 120 seconds left.\n|j|+icazah\u00b2\n|l|\u2606I don't reply\n|inactive|I don't reply disconnected and has a minute to reconnect!\n|player|p2|\n|inactive|I don't reply has 60 seconds to reconnect!\n|c| can't lose you|omg no\n|l|+icazah\u00b2\n|c| can't lose you|please reconnent\n|inactive|I don't reply has 30 seconds to reconnect!\n|j|\u2606I don't reply\n|inactive|I don't reply reconnected and has 60 seconds left.\n|player|p2|I don't reply|61\n|\n|switch|p1a: Chansey|Chansey, F|100\/100\n|-damage|p1a: Chansey|88\/100|[from] Stealth Rock\n|-zpower|p2a: Excadrill\n|move|p2a: Excadrill|Corkscrew Crash|p1a: Chansey|[zeffect]\n|-damage|p1a: Chansey|0 fnt\n|faint|p1a: Chansey\n|\n|upkeep\n|\n|switch|p1a: Venusaur|Venusaur-Mega, F|100\/100\n|-damage|p1a: Venusaur|88\/100|[from] Stealth Rock\n|turn|29\n|c|\u2606I don't reply|i aint gonna lose to this noob\n|\n|move|p2a: Excadrill|Rapid Spin|p1a: Venusaur\n|-damage|p1a: Venusaur|79\/100\n|-sideend|p2: I don't reply|Spikes|[from] move: Rapid Spin|[of] p2a: Excadrill\n|-sideend|p2: I don't reply|Stealth Rock|[from] move: Rapid Spin|[of] p2a: Excadrill\n|move|p1a: Venusaur|Giga Drain|p2a: Excadrill\n|-damage|p2a: Excadrill|0 fnt\n|-heal|p1a: Venusaur|87\/100|[from] drain|[of] p2a: Excadrill\n|faint|p2a: Excadrill\n|\n|upkeep\n|\n|switch|p2a: Toxapex|Toxapex, M, shiny|61\/100 brn\n|turn|30\n|\n|move|p1a: Venusaur|Giga Drain|p2a: Toxapex\n|-damage|p2a: Toxapex|37\/100 brn\n|-heal|p1a: Venusaur|97\/100|[from] drain|[of] p2a: Toxapex\n|move|p2a: Toxapex|Recover|p2a: Toxapex\n|-heal|p2a: Toxapex|87\/100 brn\n|\n|-heal|p2a: Toxapex|93\/100 brn|[from] item: Black Sludge\n|-damage|p2a: Toxapex|87\/100 brn|[from] brn\n|upkeep\n|turn|31\n|\n|move|p1a: Venusaur|Giga Drain|p2a: Toxapex\n|-damage|p2a: Toxapex|64\/100 brn\n|-heal|p1a: Venusaur|100\/100|[from] drain|[of] p2a: Toxapex\n|move|p2a: Toxapex|Scald|p1a: Venusaur\n|-resisted|p1a: Venusaur\n|-damage|p1a: Venusaur|94\/100\n|\n|-heal|p2a: Toxapex|70\/100 brn|[from] item: Black Sludge\n|-damage|p2a: Toxapex|64\/100 brn|[from] brn\n|upkeep\n|turn|32\n|\n|move|p1a: Venusaur|Giga Drain|p2a: Toxapex\n|-damage|p2a: Toxapex|41\/100 brn\n|-heal|p1a: Venusaur|100\/100|[from] drain|[of] p2a: Toxapex\n|move|p2a: Toxapex|Recover|p2a: Toxapex\n|-heal|p2a: Toxapex|92\/100 brn\n|\n|-heal|p2a: Toxapex|98\/100 brn|[from] item: Black Sludge\n|-damage|p2a: Toxapex|92\/100 brn|[from] brn\n|upkeep\n|turn|33\n|-message|Moskito Cup forfeited.\n|\n|win|I don't reply\n|l|\u2606Moskito Cup\n|raw|Moskito Cup's rating: 1899 &rarr; <strong>1883<\/strong><br \/>(-16 for losing)\n|raw|I don&apos;t reply's rating: 1967 &rarr; <strong>1983<\/strong><br \/>(+16 for winning)\n|c|\u2606I don't reply|LOL\n|c| can't lose you|lmao\n|c| can't lose you|good\n|c|\u2606I don't reply|nice and ez\n","uploadtime":1547773789,"views":364,"p1id":"moskitocup","p2id":"idontreply","formatid":"gen7ou","rating":1883,"private":0,"password":null}