{"id":"gen7anythinggoes-963238026","p1":"LordSlytherin2001","p2":"Walletinspector62","format":"gen7anythinggoes","log":"|j|\u2606LordSlytherin2001\n|j|\u2606Walletinspector62\n|player|p1|LordSlytherin2001|269|\n|player|p2|Walletinspector62|102|\n|teamsize|p1|6\n|teamsize|p2|6\n|gametype|singles\n|gen|7\n|tier|[Gen 7] Anything Goes\n|rule|Endless Battle Clause: Forcing endless battles is banned\n|clearpoke\n|poke|p1|Tapu Koko|item\n|poke|p1|Tornadus-Therian, M|item\n|poke|p1|Blacephalon|item\n|poke|p1|Diggersby, F|item\n|poke|p1|Milotic, F|item\n|poke|p1|Venusaur, M|item\n|poke|p2|Volcanion|item\n|poke|p2|Lopunny, F|item\n|poke|p2|Gliscor, M|item\n|poke|p2|Whimsicott, M|item\n|poke|p2|Metagross|item\n|poke|p2|Hydreigon, M|item\n|rule|HP Percentage Mod: HP is shown in percentages\n|teampreview\n|c|\u2606Walletinspector62|Woah I didn\u2019t expect you to bring this team\n|c|\u2606Walletinspector62|glhf\n|c|\u2606LordSlytherin2001|GLHF!\n|c|\u2606LordSlytherin2001|i dont know what i am doing\n|\n|start\n|switch|p1a: Tornadus|Tornadus-Therian, M|100\/100\n|switch|p2a: Lola|Lopunny, F, shiny|100\/100\n|turn|1\n|\n|detailschange|p2a: Lola|Lopunny-Mega, F, shiny\n|-mega|p2a: Lola|Lopunny|Lopunnite\n|move|p2a: Lola|Fake Out|p1a: Tornadus\n|-damage|p1a: Tornadus|68\/100\n|cant|p1a: Tornadus|flinch\n|\n|upkeep\n|turn|2\n|\n|switch|p2a: Jacuzzi|Volcanion|100\/100\n|move|p1a: Tornadus|Air Slash|p2a: Jacuzzi\n|-damage|p2a: Jacuzzi|76\/100\n|\n|upkeep\n|turn|3\n|\n|move|p1a: Tornadus|U-turn|p2a: Jacuzzi\n|-resisted|p2a: Jacuzzi\n|-damage|p2a: Jacuzzi|69\/100\n|\n|switch|p1a: Milotic|Milotic, F|100\/100|[from]move: U-turn\n|move|p2a: Jacuzzi|Steam Eruption|p1a: Milotic\n|-resisted|p1a: Milotic\n|-damage|p1a: Milotic|80\/100\n|\n|-status|p1a: Milotic|brn|[from] item: Flame Orb\n|upkeep\n|turn|4\n|\n|switch|p2a: Gingerbread|Whimsicott, M, shiny|100\/100\n|move|p1a: Milotic|Toxic|p2a: Gingerbread\n|-status|p2a: Gingerbread|tox\n|\n|-damage|p2a: Gingerbread|94\/100 tox|[from] psn\n|-damage|p1a: Milotic|74\/100 brn|[from] brn\n|upkeep\n|turn|5\n|\n|switch|p1a: Venusaur|Venusaur, M|100\/100\n|move|p2a: Gingerbread|Hurricane|p1a: Venusaur\n|-supereffective|p1a: Venusaur\n|-damage|p1a: Venusaur|50\/100\n|\n|-heal|p2a: Gingerbread|100\/100 tox|[from] item: Leftovers\n|-damage|p2a: Gingerbread|88\/100 tox|[from] psn\n|upkeep\n|turn|6\n|\n|switch|p2a: Metagross|Metagross, shiny|100\/100\n|detailschange|p1a: Venusaur|Venusaur-Mega, M\n|-mega|p1a: Venusaur|Venusaur|Venusaurite\n|move|p1a: Venusaur|Leech Seed|p2a: Metagross\n|-start|p2a: Metagross|move: Leech Seed\n|\n|-damage|p2a: Metagross|88\/100|[from] Leech Seed|[of] p1a: Venusaur\n|-heal|p1a: Venusaur|63\/100|[silent]\n|upkeep\n|turn|7\n|\n|move|p1a: Venusaur|Earthquake|p2a: Metagross\n|-supereffective|p2a: Metagross\n|-damage|p2a: Metagross|47\/100\n|move|p2a: Metagross|Stealth Rock|p1a: Venusaur\n|-sidestart|p1: LordSlytherin2001|move: Stealth Rock\n|\n|-heal|p2a: Metagross|53\/100|[from] item: Leftovers\n|-damage|p2a: Metagross|41\/100|[from] Leech Seed|[of] p1a: Venusaur\n|-heal|p1a: Venusaur|75\/100|[silent]\n|upkeep\n|turn|8\n|\n|move|p1a: Venusaur|Energy Ball|p2a: Metagross\n|-resisted|p2a: Metagross\n|-damage|p2a: Metagross|19\/100\n|move|p2a: Metagross|Zen Headbutt|p1a: Venusaur\n|-supereffective|p1a: Venusaur\n|-damage|p1a: Venusaur|0 fnt\n|faint|p1a: Venusaur\n|\n|-heal|p2a: Metagross|25\/100|[from] item: Leftovers\n|upkeep\n|\n|switch|p1a: Tornadus|Tornadus-Therian, M|100\/100\n|-damage|p1a: Tornadus|76\/100|[from] Stealth Rock\n|turn|9\n|\n|switch|p2a: Jacuzzi|Volcanion|69\/100\n|-zpower|p1a: Tornadus\n|move|p1a: Tornadus|Black Hole Eclipse|p2a: Jacuzzi|[zeffect]\n|-damage|p2a: Jacuzzi|34\/100\n|\n|upkeep\n|turn|10\n|\n|move|p1a: Tornadus|U-turn|p2a: Jacuzzi\n|-resisted|p2a: Jacuzzi\n|-damage|p2a: Jacuzzi|27\/100\n|\n|switch|p1a: Milotic|Milotic, F|74\/100 brn|[from]move: U-turn\n|-damage|p1a: Milotic|61\/100 brn|[from] Stealth Rock\n|move|p2a: Jacuzzi|Stone Edge|p1a: Milotic\n|-damage|p1a: Milotic|47\/100 brn\n|\n|-damage|p1a: Milotic|41\/100 brn|[from] brn\n|upkeep\n|turn|11\n|\n|move|p1a: Milotic|Recover|p1a: Milotic\n|-heal|p1a: Milotic|91\/100 brn\n|move|p2a: Jacuzzi|Sludge Wave|p1a: Milotic\n|-damage|p1a: Milotic|67\/100 brn\n|\n|-damage|p1a: Milotic|61\/100 brn|[from] brn\n|upkeep\n|turn|12\n|\n|move|p1a: Milotic|Toxic|p2a: Jacuzzi\n|-status|p2a: Jacuzzi|tox\n|move|p2a: Jacuzzi|Sludge Wave|p1a: Milotic\n|-damage|p1a: Milotic|37\/100 brn\n|\n|-damage|p1a: Milotic|31\/100 brn|[from] brn\n|-damage|p2a: Jacuzzi|21\/100 tox|[from] psn\n|upkeep\n|turn|13\n|\n|switch|p2a: Gingerbread|Whimsicott, M, shiny|88\/100 tox\n|move|p1a: Milotic|Recover|p1a: Milotic\n|-heal|p1a: Milotic|81\/100 brn\n|\n|-heal|p2a: Gingerbread|94\/100 tox|[from] item: Leftovers\n|-damage|p2a: Gingerbread|88\/100 tox|[from] psn\n|-damage|p1a: Milotic|75\/100 brn|[from] brn\n|upkeep\n|turn|14\n|\n|switch|p1a: Tornadus|Tornadus-Therian, M|100\/100\n|-damage|p1a: Tornadus|76\/100|[from] Stealth Rock\n|move|p2a: Gingerbread|Leech Seed|p1a: Tornadus\n|-start|p1a: Tornadus|move: Leech Seed\n|\n|-heal|p2a: Gingerbread|94\/100 tox|[from] item: Leftovers\n|-damage|p1a: Tornadus|63\/100|[from] Leech Seed|[of] p2a: Gingerbread\n|-heal|p2a: Gingerbread|100\/100 tox|[silent]\n|-damage|p2a: Gingerbread|88\/100 tox|[from] psn\n|upkeep\n|turn|15\n|\n|switch|p2a: Jacuzzi|Volcanion|21\/100 tox\n|move|p1a: Tornadus|Air Slash|p2a: Jacuzzi\n|-damage|p2a: Jacuzzi|0 fnt\n|faint|p2a: Jacuzzi\n|\n|upkeep\n|\n|switch|p2a: Metagross|Metagross, shiny|25\/100\n|turn|16\n|\n|move|p2a: Metagross|Bullet Punch|p1a: Tornadus\n|-damage|p1a: Tornadus|26\/100\n|move|p1a: Tornadus|Heat Wave|p2a: Metagross\n|-supereffective|p2a: Metagross\n|-damage|p2a: Metagross|0 fnt\n|faint|p2a: Metagross\n|\n|upkeep\n|\n|switch|p2a: Lola|Lopunny-Mega, F, shiny|100\/100\n|turn|17\n|\n|switch|p1a: Milotic|Milotic, F|75\/100 brn\n|-damage|p1a: Milotic|62\/100 brn|[from] Stealth Rock\n|move|p2a: Lola|Fake Out|p1a: Milotic\n|-crit|p1a: Milotic\n|-damage|p1a: Milotic|44\/100 brn\n|\n|-damage|p1a: Milotic|38\/100 brn|[from] brn\n|upkeep\n|turn|18\n|\n|move|p2a: Lola|Last Resort|p1a: Milotic\n|-crit|p1a: Milotic\n|-damage|p1a: Milotic|0 fnt\n|faint|p1a: Milotic\n|\n|upkeep\n|\n|switch|p1a: Tapu Koko|Tapu Koko|100\/100\n|-damage|p1a: Tapu Koko|88\/100|[from] Stealth Rock\n|-fieldstart|move: Electric Terrain|[from] ability: Electric Surge|[of] p1a: Tapu Koko\n|turn|19\n|\n|switch|p2a: Batman|Gliscor, M, shiny|100\/100\n|move|p1a: Tapu Koko|Dazzling Gleam|p2a: Batman\n|-damage|p2a: Batman|31\/100\n|-damage|p1a: Tapu Koko|78\/100|[from] item: Life Orb\n|\n|-status|p2a: Batman|tox|[from] item: Toxic Orb\n|upkeep\n|turn|20\n|\n|move|p2a: Batman|Protect|p2a: Batman\n|-singleturn|p2a: Batman|Protect\n|move|p1a: Tapu Koko|Dazzling Gleam|p2a: Batman\n|-activate|p2a: Batman|move: Protect\n|\n|-heal|p2a: Batman|44\/100 tox|[from] ability: Poison Heal\n|upkeep\n|turn|21\n|\n|switch|p2a: Gingerbread|Whimsicott, M, shiny|88\/100 tox\n|move|p1a: Tapu Koko|Dazzling Gleam|p2a: Gingerbread\n|-damage|p2a: Gingerbread|21\/100 tox\n|-damage|p1a: Tapu Koko|68\/100|[from] item: Life Orb\n|\n|-heal|p2a: Gingerbread|27\/100 tox|[from] item: Leftovers\n|-damage|p2a: Gingerbread|21\/100 tox|[from] psn\n|upkeep\n|turn|22\n|\n|move|p2a: Gingerbread|Leech Seed|p1a: Tapu Koko|[miss]\n|-miss|p2a: Gingerbread|p1a: Tapu Koko\n|move|p1a: Tapu Koko|Dazzling Gleam|p2a: Gingerbread\n|-damage|p2a: Gingerbread|0 fnt\n|-damage|p1a: Tapu Koko|58\/100|[from] item: Life Orb\n|faint|p2a: Gingerbread\n|\n|upkeep\n|\n|switch|p2a: Lola|Lopunny-Mega, F, shiny|100\/100\n|turn|23\n|\n|switch|p1a: Diggersby|Diggersby, F|100\/100\n|-damage|p1a: Diggersby|94\/100|[from] Stealth Rock\n|move|p2a: Lola|Fake Out|p1a: Diggersby\n|-damage|p1a: Diggersby|65\/100\n|\n|-fieldend|move: Electric Terrain\n|upkeep\n|turn|24\n|\n|move|p1a: Diggersby|Return|p2a: Lola\n|-damage|p2a: Lola|22\/100\n|move|p2a: Lola|Last Resort|p1a: Diggersby\n|-damage|p1a: Diggersby|0 fnt\n|faint|p1a: Diggersby\n|\n|upkeep\n|\n|switch|p1a: Tapu Koko|Tapu Koko|58\/100\n|-damage|p1a: Tapu Koko|46\/100|[from] Stealth Rock\n|-fieldstart|move: Electric Terrain|[from] ability: Electric Surge|[of] p1a: Tapu Koko\n|turn|25\n|\n|switch|p2a: Batman|Gliscor, M, shiny|44\/100 tox\n|move|p1a: Tapu Koko|Dazzling Gleam|p2a: Batman\n|-damage|p2a: Batman|0 fnt\n|-damage|p1a: Tapu Koko|36\/100|[from] item: Life Orb\n|faint|p2a: Batman\n|\n|upkeep\n|\n|switch|p2a: Lola|Lopunny-Mega, F, shiny|22\/100\n|turn|26\n|\n|switch|p1a: Blacephalon|Blacephalon|100\/100\n|-damage|p1a: Blacephalon|76\/100|[from] Stealth Rock\n|move|p2a: Lola|Fake Out|p1a: Blacephalon\n|-damage|p1a: Blacephalon|22\/100\n|\n|upkeep\n|turn|27\n|\n|move|p2a: Lola|Last Resort|p1a: Blacephalon\n|-damage|p1a: Blacephalon|0 fnt\n|faint|p1a: Blacephalon\n|\n|upkeep\n|\n|switch|p1a: Tapu Koko|Tapu Koko|36\/100\n|-damage|p1a: Tapu Koko|23\/100|[from] Stealth Rock\n|turn|28\n|\n|switch|p2a: Hydreigon|Hydreigon, M, shiny|100\/100\n|move|p1a: Tapu Koko|Dazzling Gleam|p2a: Hydreigon\n|-supereffective|p2a: Hydreigon\n|-damage|p2a: Hydreigon|0 fnt\n|-damage|p1a: Tapu Koko|13\/100|[from] item: Life Orb\n|faint|p2a: Hydreigon\n|\n|upkeep\n|\n|switch|p2a: Lola|Lopunny-Mega, F, shiny|22\/100\n|turn|29\n|\n|switch|p1a: Tornadus|Tornadus-Therian, M|59\/100\n|-damage|p1a: Tornadus|34\/100|[from] Stealth Rock\n|move|p2a: Lola|Fake Out|p1a: Tornadus\n|-damage|p1a: Tornadus|4\/100\n|\n|-fieldend|move: Electric Terrain\n|upkeep\n|turn|30\n|c|\u2606LordSlytherin2001|gg\n|\n|move|p1a: Tornadus|U-turn|p2a: Lola\n|-resisted|p2a: Lola\n|-damage|p2a: Lola|13\/100\n|c|\u2606Walletinspector62|Gg\n|c|\u2606LordSlytherin2001|srry\n|c|\u2606LordSlytherin2001|misclick\n|\n|switch|p1a: Tapu Koko|Tapu Koko|13\/100|[from]move: U-turn\n|-damage|p1a: Tapu Koko|1\/100|[from] Stealth Rock\n|-fieldstart|move: Electric Terrain|[from] ability: Electric Surge|[of] p1a: Tapu Koko\n|move|p2a: Lola|Last Resort|p1a: Tapu Koko\n|-damage|p1a: Tapu Koko|0 fnt\n|faint|p1a: Tapu Koko\n|\n|upkeep\n|\n|switch|p1a: Tornadus|Tornadus-Therian, M|37\/100\n|-damage|p1a: Tornadus|12\/100|[from] Stealth Rock\n|turn|31\n|\n|move|p2a: Lola|Fake Out||[still]\n|-fail|p2a: Lola\n|-hint|Fake Out only works on your first turn out.\n|move|p1a: Tornadus|Air Slash|p2a: Lola\n|-supereffective|p2a: Lola\n|-damage|p2a: Lola|0 fnt\n|faint|p2a: Lola\n|\n|win|LordSlytherin2001\n|l|\u2606Walletinspector62\n|c|\u2606LordSlytherin2001|oof\n|c|\u2606LordSlytherin2001|had a heart attack there\n|c|\u2606LordSlytherin2001|forgot regenerator\n","uploadtime":1566316360,"views":3,"p1id":"lordslytherin2001","p2id":"walletinspector62","formatid":"gen7anythinggoes","rating":0,"private":0,"password":null}