{"id":"gen7ou-609185106","p1":"robopoke","p2":"Pokefreak77","format":"gen7ou","log":"|j|robopoke\n|j|Pokefreak77\n|player|p1|robopoke|1\n|teamsize|p1|6\n|player|p2|Pokefreak77|#zinnia\n|teamsize|p2|6\n|gametype|singles\n|gen|7\n|tier|[Gen 7] OU\n|rated\n|seed|45774,42037,29536,3485\n|rule|Sleep Clause Mod: Limit one foe put to sleep\n|rule|Species Clause: Limit one of each Pok\u00e9mon\n|rule|OHKO Clause: OHKO moves are banned\n|rule|Moody Clause: Moody is banned\n|rule|Evasion Moves Clause: Evasion moves are banned\n|rule|Endless Battle Clause: Forcing endless battles is banned\n|rule|HP Percentage Mod: HP is shown in percentages\n|clearpoke\n|poke|p1|Kommo-o, M|item\n|poke|p1|Scizor, M|item\n|poke|p1|Tapu Bulu|item\n|poke|p1|Zapdos|item\n|poke|p1|Heatran, M|item\n|poke|p1|Greninja, M|item\n|poke|p2|Venusaur, M|item\n|poke|p2|Garchomp, M|item\n|poke|p2|Celesteela|item\n|poke|p2|Clefable, F|item\n|poke|p2|Latios, M|item\n|poke|p2|Greninja, M|item\n|teampreview\n|inactive|Battle timer is ON: inactive players will automatically lose when time's up. (requested by robopoke)\n|c|\u2606Pokefreak77|already know kommo-o\n|c|\u2606Pokefreak77|is gonna be some heat\n|c|\u2606Pokefreak77|and then\n|c|\u2606robopoke|lol\n|c|\u2606Pokefreak77|imma see you in the viabilirty rankings\n|c|\u2606Pokefreak77|shooting for c+\n|c|\u2606robopoke|haha\n|inactive|Pokefreak77 has 120 seconds left.\n|choice|team 5, team 2, team 3, team 4, team 1, team 6|team 4, team 2, team 3, team 1, team 5, team 6\n|\n|start\n|switch|p1a: Heatran|Heatran, M|385\/385\n|switch|p2a: Clefable|Clefable, F|394\/394\n|turn|1\n|c|\u2606robopoke|dont worry\n|c|\u2606robopoke|u wont get destroyed by kommo-o\n|inactive|robopoke has 120 seconds left.\n|choice|move stealthrock|switch 2\n|\n|switch|p2a: Garchomp|Garchomp, M|357\/357\n|move|p1a: Heatran|Stealth Rock|p2a: Garchomp\n|-sidestart|p2: Pokefreak77|move: Stealth Rock\n|\n|upkeep\n|turn|2\n|choice|switch 2|move swordsdance\n|\n|switch|p1a: Scizor|Scizor, M|343\/343\n|move|p2a: Garchomp|Swords Dance|p2a: Garchomp\n|-boost|p2a: Garchomp|atk|2\n|\n|upkeep\n|turn|3\n|choice|switch 6|move firefang\n|\n|switch|p1a: Greninja|Greninja, M|285\/285\n|move|p2a: Garchomp|Fire Fang|p1a: Greninja\n|-resisted|p1a: Greninja\n|-damage|p1a: Greninja|182\/285\n|\n|upkeep\n|turn|4\n|choice|move icebeam|move earthquake\n|\n|move|p1a: Greninja|Ice Beam|p2a: Garchomp\n|-start|p1a: Greninja|typechange|Ice|[from] Protean\n|-supereffective|p2a: Garchomp\n|-damage|p2a: Garchomp|0 fnt\n|-damage|p1a: Greninja|154\/285|[from] item: Life Orb\n|faint|p2a: Garchomp\n|\n|upkeep\n|choice||switch 6\n|\n|switch|p2a: Greninja|Greninja, M|285\/285\n|-damage|p2a: Greninja|250\/285|[from] Stealth Rock\n|turn|5\n|choice|switch 2|move hydropump\n|\n|switch|p1a: Heatran|Heatran, M|385\/385\n|move|p2a: Greninja|Hydro Pump|p1a: Heatran\n|-supereffective|p1a: Heatran\n|-damage|p1a: Heatran|35\/385\n|\n|-heal|p1a: Heatran|59\/385|[from] item: Leftovers\n|upkeep\n|turn|6\n|choice|switch 5|move hydropump\n|\n|switch|p1a: Kommo-o|Kommo-o, M|291\/291\n|move|p2a: Greninja|Hydro Pump|p1a: Kommo-o\n|-resisted|p1a: Kommo-o\n|-damage|p1a: Kommo-o|167\/291\n|\n|upkeep\n|turn|7\n|choice|move flashcannon|switch 2\n|\n|switch|p2a: Clefable|Clefable, F|394\/394\n|move|p1a: Kommo-o|Flash Cannon|p2a: Clefable\n|-supereffective|p2a: Clefable\n|-damage|p2a: Clefable|134\/394\n|\n|-heal|p2a: Clefable|158\/394|[from] item: Leftovers\n|upkeep\n|turn|8\n|j|ilmr\n|choice|move flashcannon|switch 2\n|\n|switch|p2a: Greninja|Greninja, M|250\/285\n|-damage|p2a: Greninja|215\/285|[from] Stealth Rock\n|move|p1a: Kommo-o|Flash Cannon|p2a: Greninja\n|-resisted|p2a: Greninja\n|-damage|p2a: Greninja|136\/285\n|\n|upkeep\n|turn|9\n|choice|switch 5|move hydropump\n|\n|switch|p1a: Heatran|Heatran, M|59\/385\n|move|p2a: Greninja|Hydro Pump|p1a: Heatran\n|-supereffective|p1a: Heatran\n|-damage|p1a: Heatran|0 fnt\n|faint|p1a: Heatran\n|-activate|p2a: Greninja|ability: Battle Bond\n|detailschange|p2a: Greninja|Greninja-Ash, M\n|\n|upkeep\n|choice|switch 3|\n|\n|switch|p1a: Tapu Bulu|Tapu Bulu|337\/337\n|-fieldstart|move: Grassy Terrain|[from] ability: Grassy Surge|[of] p1a: Tapu Bulu\n|turn|10\n|choice|move hornleech|switch 4\n|\n|switch|p2a: Venusaur|Venusaur, M|363\/363\n|-damage|p2a: Venusaur|318\/363|[from] Stealth Rock\n|move|p1a: Tapu Bulu|Horn Leech|p2a: Venusaur\n|-resisted|p2a: Venusaur\n|-damage|p2a: Venusaur|264\/363\n|\n|-heal|p2a: Venusaur|286\/363|[from] Grassy Terrain\n|upkeep\n|turn|11\n|choice|switch 5|move sludgebomb mega\n|\n|switch|p1a: Kommo-o|Kommo-o, M|167\/291\n|detailschange|p2a: Venusaur|Venusaur-Mega, M\n|-mega|p2a: Venusaur|Venusaur|Venusaurite\n|move|p2a: Venusaur|Sludge Bomb|p1a: Kommo-o\n|-immune|p1a: Kommo-o|[msg]|[from] ability: Bulletproof\n|\n|-heal|p1a: Kommo-o|185\/291|[from] Grassy Terrain\n|-heal|p2a: Venusaur|308\/363|[from] Grassy Terrain\n|upkeep\n|turn|12\n|choice|move clangingscales|move synthesis\n|\n|move|p1a: Kommo-o|Clanging Scales|p2a: Venusaur\n|-damage|p2a: Venusaur|148\/363\n|-unboost|p1a: Kommo-o|def|1\n|move|p2a: Venusaur|Synthesis|p2a: Venusaur\n|-heal|p2a: Venusaur|329\/363\n|\n|-heal|p1a: Kommo-o|203\/291|[from] Grassy Terrain\n|-heal|p2a: Venusaur|351\/363|[from] Grassy Terrain\n|upkeep\n|turn|13\n|choice|switch 4|switch 3\n|\n|switch|p1a: Zapdos|Zapdos|321\/321\n|-ability|p1a: Zapdos|Pressure\n|switch|p2a: Celesteela|Celesteela|398\/398\n|-damage|p2a: Celesteela|349\/398|[from] Stealth Rock\n|\n|-heal|p2a: Celesteela|373\/398|[from] item: Leftovers\n|upkeep\n|turn|14\n|choice|move thunderbolt|move protect\n|\n|move|p2a: Celesteela|Protect|p2a: Celesteela\n|-singleturn|p2a: Celesteela|Protect\n|move|p1a: Zapdos|Thunderbolt|p2a: Celesteela\n|-activate|p2a: Celesteela|move: Protect\n|\n|-heal|p2a: Celesteela|397\/398|[from] item: Leftovers\n|-fieldend|move: Grassy Terrain\n|upkeep\n|turn|15\n|choice|move thunderbolt|switch 3\n|\n|switch|p2a: Venusaur|Venusaur-Mega, M|351\/363\n|-damage|p2a: Venusaur|306\/363|[from] Stealth Rock\n|move|p1a: Zapdos|Thunderbolt|p2a: Venusaur\n|-resisted|p2a: Venusaur\n|-damage|p2a: Venusaur|248\/363\n|\n|upkeep\n|turn|16\n|choice|switch 4|move sludgebomb\n|\n|switch|p1a: Kommo-o|Kommo-o, M|203\/291\n|move|p2a: Venusaur|Sludge Bomb|p1a: Kommo-o\n|-immune|p1a: Kommo-o|[msg]|[from] ability: Bulletproof\n|\n|upkeep\n|turn|17\n|choice|move clangingscales|move synthesis\n|\n|move|p1a: Kommo-o|Clanging Scales|p2a: Venusaur\n|-damage|p2a: Venusaur|67\/363\n|-unboost|p1a: Kommo-o|def|1\n|move|p2a: Venusaur|Synthesis|p2a: Venusaur\n|-heal|p2a: Venusaur|248\/363\n|\n|upkeep\n|turn|18\n|choice|switch 6|move synthesis\n|\n|switch|p1a: Scizor|Scizor, M|343\/343\n|move|p2a: Venusaur|Synthesis|p2a: Venusaur\n|-heal|p2a: Venusaur|363\/363\n|\n|upkeep\n|turn|19\n|choice|switch 6|switch 3\n|\n|switch|p2a: Celesteela|Celesteela|397\/398\n|-damage|p2a: Celesteela|348\/398|[from] Stealth Rock\n|switch|p1a: Kommo-o|Kommo-o, M|203\/291\n|\n|-heal|p2a: Celesteela|372\/398|[from] item: Leftovers\n|upkeep\n|turn|20\n|choice|move flamethrower|move leechseed\n|\n|move|p1a: Kommo-o|Flamethrower|p2a: Celesteela\n|-supereffective|p2a: Celesteela\n|-damage|p2a: Celesteela|168\/398\n|move|p2a: Celesteela|Leech Seed|p1a: Kommo-o\n|-start|p1a: Kommo-o|move: Leech Seed\n|\n|-heal|p2a: Celesteela|192\/398|[from] item: Leftovers\n|-damage|p1a: Kommo-o|167\/291|[from] Leech Seed|[of] p2a: Celesteela\n|-heal|p2a: Celesteela|228\/398|[silent]\n|upkeep\n|turn|21\n|choice|move flamethrower|switch 4\n|\n|switch|p2a: Greninja|Greninja-Ash, M|136\/285\n|-damage|p2a: Greninja|101\/285|[from] Stealth Rock\n|move|p1a: Kommo-o|Flamethrower|p2a: Greninja\n|-resisted|p2a: Greninja\n|-damage|p2a: Greninja|10\/285\n|\n|-damage|p1a: Kommo-o|131\/291|[from] Leech Seed|[of] p2a: Greninja\n|-heal|p2a: Greninja|46\/285|[silent]\n|upkeep\n|turn|22\n|choice|switch 5|move hydropump\n|\n|switch|p1a: Tapu Bulu|Tapu Bulu|337\/337\n|-fieldstart|move: Grassy Terrain|[from] ability: Grassy Surge|[of] p1a: Tapu Bulu\n|move|p2a: Greninja|Hydro Pump|p1a: Tapu Bulu|[miss]\n|-miss|p2a: Greninja|p1a: Tapu Bulu\n|\n|-heal|p2a: Greninja|63\/285|[from] Grassy Terrain\n|upkeep\n|turn|23\n|choice|move superpower|switch 3\n|\n|switch|p2a: Venusaur|Venusaur-Mega, M|363\/363\n|-damage|p2a: Venusaur|318\/363|[from] Stealth Rock\n|move|p1a: Tapu Bulu|Superpower|p2a: Venusaur\n|-resisted|p2a: Venusaur\n|-damage|p2a: Venusaur|260\/363\n|-unboost|p1a: Tapu Bulu|atk|1\n|-unboost|p1a: Tapu Bulu|def|1\n|\n|-heal|p2a: Venusaur|282\/363|[from] Grassy Terrain\n|upkeep\n|turn|24\n|choice|switch 5|switch 2\n|\n|switch|p1a: Kommo-o|Kommo-o, M|131\/291\n|switch|p2a: Clefable|Clefable, F|158\/394\n|\n|-heal|p2a: Clefable|182\/394|[from] item: Leftovers\n|-heal|p1a: Kommo-o|149\/291|[from] Grassy Terrain\n|-heal|p2a: Clefable|206\/394|[from] Grassy Terrain\n|upkeep\n|turn|25\n|j|OmarPSL\n|choice|switch 4|switch 2\n|\n|switch|p1a: Zapdos|Zapdos|321\/321\n|-ability|p1a: Zapdos|Pressure\n|switch|p2a: Venusaur|Venusaur-Mega, M|282\/363\n|-damage|p2a: Venusaur|237\/363|[from] Stealth Rock\n|\n|-heal|p2a: Venusaur|259\/363|[from] Grassy Terrain\n|upkeep\n|turn|26\n|choice|switch 4|move gigadrain\n|\n|switch|p1a: Kommo-o|Kommo-o, M|149\/291\n|move|p2a: Venusaur|Giga Drain|p1a: Kommo-o\n|-resisted|p1a: Kommo-o\n|-damage|p1a: Kommo-o|74\/291\n|-heal|p2a: Venusaur|297\/363|[from] drain|[of] p1a: Kommo-o\n|\n|-heal|p1a: Kommo-o|92\/291|[from] Grassy Terrain\n|-heal|p2a: Venusaur|319\/363|[from] Grassy Terrain\n|-fieldend|move: Grassy Terrain\n|upkeep\n|turn|27\n|l|OmarPSL\n|choice|move clangingscales|move earthquake\n|\n|move|p1a: Kommo-o|Clanging Scales|p2a: Venusaur\n|-damage|p2a: Venusaur|160\/363\n|-unboost|p1a: Kommo-o|def|1\n|move|p2a: Venusaur|Earthquake|p1a: Kommo-o\n|-damage|p1a: Kommo-o|0 fnt\n|faint|p1a: Kommo-o\n|\n|upkeep\n|choice|switch 2|\n|\n|switch|p1a: Greninja|Greninja, M|154\/285\n|turn|28\n|choice|move gunkshot|switch 5\n|\n|switch|p2a: Latios|Latios, M|301\/301\n|-damage|p2a: Latios|264\/301|[from] Stealth Rock\n|move|p1a: Greninja|Gunk Shot|p2a: Latios\n|-start|p1a: Greninja|typechange|Poison|[from] Protean\n|-damage|p2a: Latios|0 fnt\n|-damage|p1a: Greninja|126\/285|[from] item: Life Orb\n|faint|p2a: Latios\n|\n|upkeep\n|j|jsrlsdtut\n|choice||switch 3\n|\n|switch|p2a: Greninja|Greninja-Ash, M|63\/285\n|-damage|p2a: Greninja|28\/285|[from] Stealth Rock\n|turn|29\n|choice|switch 4|move hydropump\n|\n|switch|p1a: Zapdos|Zapdos|321\/321\n|-ability|p1a: Zapdos|Pressure\n|move|p2a: Greninja|Hydro Pump|p1a: Zapdos\n|-damage|p1a: Zapdos|0 fnt\n|faint|p1a: Zapdos\n|\n|upkeep\n|choice|switch 6|\n|\n|switch|p1a: Scizor|Scizor, M|343\/343\n|turn|30\n|choice|move roost mega|move hydropump\n|\n|detailschange|p1a: Scizor|Scizor-Mega, M\n|-mega|p1a: Scizor|Scizor|Scizorite\n|move|p2a: Greninja|Hydro Pump|p1a: Scizor\n|-damage|p1a: Scizor|46\/343\n|move|p1a: Scizor|Roost|p1a: Scizor\n|-heal|p1a: Scizor|218\/343\n|\n|upkeep\n|turn|31\n|c| jsrlsdtut|ouch that's got to hurt\n|choice|move uturn|move hydropump\n|\n|move|p2a: Greninja|Hydro Pump|p1a: Scizor\n|-damage|p1a: Scizor|0 fnt\n|faint|p1a: Scizor\n|\n|upkeep\n|choice|switch 4|\n|\n|switch|p1a: Greninja|Greninja, M|126\/285\n|turn|32\n|c| jsrlsdtut|LOL SWEPT\n|choice|move icebeam|move struggle\n|\n|-activate|p2a: Greninja|move: Struggle\n|move|p2a: Greninja|Struggle|p1a: Greninja\n|-damage|p1a: Greninja|55\/285\n|-damage|p2a: Greninja|0 fnt|[from] recoil\n|faint|p2a: Greninja\n|move|p1a: Greninja|Ice Beam|p2: Greninja|[notarget]\n|-notarget\n|\n|upkeep\n|c| ilmr|is that non bp\n|c|\u2606robopoke|no\n|c|\u2606robopoke|but i cant let mvenu heal\n|choice||switch 4\n|\n|switch|p2a: Celesteela|Celesteela|228\/398\n|-damage|p2a: Celesteela|179\/398|[from] Stealth Rock\n|turn|33\n|choice|move icebeam|move heavyslam\n|\n|move|p1a: Greninja|Ice Beam|p2a: Celesteela\n|-start|p1a: Greninja|typechange|Ice|[from] Protean\n|-damage|p2a: Celesteela|72\/398\n|-damage|p1a: Greninja|27\/285|[from] item: Life Orb\n|move|p2a: Celesteela|Heavy Slam|p1a: Greninja\n|-supereffective|p1a: Greninja\n|-damage|p1a: Greninja|0 fnt\n|faint|p1a: Greninja\n|-ability|p2a: Celesteela|Beast Boost|boost\n|-boost|p2a: Celesteela|spd|1\n|\n|-heal|p2a: Celesteela|96\/398|[from] item: Leftovers\n|upkeep\n|c|\u2606robopoke|predicted u to scout ^^\n|c|\u2606robopoke|for liw kick\n|choice|switch 5|\n|\n|switch|p1a: Tapu Bulu|Tapu Bulu|337\/337\n|-fieldstart|move: Grassy Terrain|[from] ability: Grassy Surge|[of] p1a: Tapu Bulu\n|turn|34\n|choice|move swordsdance|move heavyslam\n|\n|move|p1a: Tapu Bulu|Swords Dance|p1a: Tapu Bulu\n|-boost|p1a: Tapu Bulu|atk|2\n|move|p2a: Celesteela|Heavy Slam|p1a: Tapu Bulu\n|-supereffective|p1a: Tapu Bulu\n|-damage|p1a: Tapu Bulu|79\/337\n|\n|-heal|p1a: Tapu Bulu|100\/337|[from] item: Leftovers\n|-heal|p2a: Celesteela|120\/398|[from] item: Leftovers\n|-heal|p1a: Tapu Bulu|121\/337|[from] Grassy Terrain\n|upkeep\n|turn|35\n|choice|move superpower|move heavyslam\n|\n|move|p1a: Tapu Bulu|Superpower|p2a: Celesteela\n|-damage|p2a: Celesteela|0 fnt\n|-unboost|p1a: Tapu Bulu|atk|1\n|-unboost|p1a: Tapu Bulu|def|1\n|faint|p2a: Celesteela\n|\n|-heal|p1a: Tapu Bulu|142\/337|[from] item: Leftovers\n|-heal|p1a: Tapu Bulu|163\/337|[from] Grassy Terrain\n|upkeep\n|choice||switch 5\n|\n|switch|p2a: Venusaur|Venusaur-Mega, M|160\/363\n|-damage|p2a: Venusaur|115\/363|[from] Stealth Rock\n|turn|36\n|choice|move superpower|move sludgebomb\n|\n|move|p1a: Tapu Bulu|Superpower|p2a: Venusaur\n|-resisted|p2a: Venusaur\n|-damage|p2a: Venusaur|31\/363\n|-unboost|p1a: Tapu Bulu|atk|1\n|-unboost|p1a: Tapu Bulu|def|1\n|move|p2a: Venusaur|Sludge Bomb|p1a: Tapu Bulu\n|-supereffective|p1a: Tapu Bulu\n|-damage|p1a: Tapu Bulu|0 fnt\n|faint|p1a: Tapu Bulu\n|\n|win|Pokefreak77\n|c|\u2606robopoke|gg\n|c|\u2606Pokefreak77|gg\n|c| ilmr|you prob didnt have it bc if you did gunk killed ash gren\n|c|\u2606robopoke|?\n|raw|robopoke's rating: 1801 &rarr; <strong>1777<\/strong><br \/>(-24 for losing)\n|raw|Pokefreak77's rating: 1731 &rarr; <strong>1755<\/strong><br \/>(+24 for winning)\n|l|fxghkguyswykartmnr\n|c|\u2606robopoke|i cant gunk gren\n|c| ilmr|most with kick are ma atk\n|c|\u2606Pokefreak77|i outsped\n|c|\u2606robopoke|he hydro pump kills\n|c| ilmr|when they switched in\n|c|\u2606robopoke|so i had to kill ash gren\n|c|\u2606robopoke|with gren on the field\n|c|\u2606robopoke|so i ppstalled it\n|l|robopoke\n|l|ilmr","inputlog":null,"uploadtime":1501101464,"views":75,"p1id":"robopoke","p2id":"pokefreak77","formatid":"gen7ou","rating":1755,"private":0,"password":null}