{"id":"gen7ou-1204537364","p1":"Veteranflare","p2":"cows123p","format":"gen7ou","log":"|j|\u2606Veteranflare\n|j|\u2606cows123p\n|t:|1602914861\n|player|p1|Veteranflare|acetrainer-gen4dp|1559\n|player|p2|cows123p|swimmerf|1461\n|teamsize|p1|6\n|teamsize|p2|6\n|gametype|singles\n|gen|7\n|tier|[Gen 7] OU\n|rated|\n|clearpoke\n|poke|p1|Medicham, M|item\n|poke|p1|Gliscor, F|item\n|poke|p1|Tangrowth, F|item\n|poke|p1|Azumarill, F|item\n|poke|p1|Rotom-Heat|item\n|poke|p1|Muk-Alola, M|item\n|poke|p2|Scolipede, F|item\n|poke|p2|Weavile, M|item\n|poke|p2|Keldeo|item\n|poke|p2|Gliscor, F|item\n|poke|p2|Magnezone|item\n|poke|p2|Azumarill, M|item\n|rule|Sleep Clause Mod: Limit one foe put to sleep\n|rule|Species Clause: Limit one of each Pok\u00e9mon\n|rule|OHKO Clause: OHKO moves are banned\n|rule|Moody Clause: Moody is banned\n|rule|Evasion Moves Clause: Evasion moves are banned\n|rule|Endless Battle Clause: Forcing endless battles is banned\n|rule|HP Percentage Mod: HP is shown in percentages\n|teampreview\n|\n|t:|1602914874\n|start\n|switch|p1a: Gliscor|Gliscor, F|100\/100\n|switch|p2a: Magnezone|Magnezone|100\/100\n|turn|1\n|\n|t:|1602914883\n|switch|p2a: Gliscor|Gliscor, F|100\/100\n|move|p1a: Gliscor|U-turn|p2a: Gliscor\n|-resisted|p2a: Gliscor\n|-damage|p2a: Gliscor|93\/100\n|\n|t:|1602914893\n|switch|p1a: Azumarill|Azumarill, F|100\/100|[from]move: U-turn\n|\n|-status|p2a: Gliscor|tox|[from] item: Toxic Orb\n|upkeep\n|turn|2\n|\n|t:|1602914902\n|switch|p2a: Azumarill|Azumarill, M|100\/100\n|move|p1a: Azumarill|Knock Off|p2a: Azumarill\n|-resisted|p2a: Azumarill\n|-damage|p2a: Azumarill|78\/100\n|-enditem|p2a: Azumarill|Choice Band|[from] move: Knock Off|[of] p1a: Azumarill\n|\n|upkeep\n|turn|3\n|\n|t:|1602914914\n|switch|p2a: Scolipede|Scolipede, F|100\/100\n|switch|p1a: Tangrowth|Tangrowth, F|100\/100\n|\n|upkeep\n|turn|4\n|\n|t:|1602914921\n|move|p2a: Scolipede|Swords Dance|p2a: Scolipede\n|-boost|p2a: Scolipede|atk|2\n|move|p1a: Tangrowth|Leech Seed|p2a: Scolipede\n|-start|p2a: Scolipede|move: Leech Seed\n|\n|-damage|p2a: Scolipede|88\/100|[from] Leech Seed|[of] p1a: Tangrowth\n|-ability|p2a: Scolipede|Speed Boost|boost\n|-boost|p2a: Scolipede|spe|1\n|upkeep\n|turn|5\n|\n|t:|1602914938\n|switch|p1a: Gliscor|Gliscor, F|100\/100\n|move|p2a: Scolipede|Aqua Tail|p1a: Gliscor|[miss]\n|-miss|p2a: Scolipede|p1a: Gliscor\n|\n|-damage|p2a: Scolipede|76\/100|[from] Leech Seed|[of] p1a: Gliscor\n|-ability|p2a: Scolipede|Speed Boost|boost\n|-boost|p2a: Scolipede|spe|1\n|-status|p1a: Gliscor|tox|[from] item: Toxic Orb\n|upkeep\n|turn|6\n|\n|t:|1602914956\n|switch|p1a: Tangrowth|Tangrowth, F|100\/100\n|move|p2a: Scolipede|Megahorn|p1a: Tangrowth\n|-supereffective|p1a: Tangrowth\n|-damage|p1a: Tangrowth|0 fnt\n|-damage|p2a: Scolipede|66\/100|[from] item: Life Orb\n|faint|p1a: Tangrowth\n|\n|-ability|p2a: Scolipede|Speed Boost|boost\n|-boost|p2a: Scolipede|spe|1\n|upkeep\n|\n|t:|1602914969\n|switch|p1a: Medicham|Medicham, M|100\/100\n|turn|7\n|\n|t:|1602914981\n|detailschange|p1a: Medicham|Medicham-Mega, M\n|-mega|p1a: Medicham|Medicham|Medichamite\n|move|p1a: Medicham|Fake Out|p2a: Scolipede\n|-damage|p2a: Scolipede|32\/100\n|cant|p2a: Scolipede|flinch\n|\n|-damage|p2a: Scolipede|20\/100|[from] Leech Seed|[of] p1a: Medicham\n|-ability|p2a: Scolipede|Speed Boost|boost\n|-boost|p2a: Scolipede|spe|1\n|upkeep\n|turn|8\n|l|\u2606Veteranflare\n|player|p1|\n|inactive|Battle timer is ON: inactive players will automatically lose when time's up. (requested by cows123p)\n|inactive|Veteranflare has 30 seconds to reconnect!\n|inactive|Veteranflare has 20 seconds to reconnect!\n|inactive|Veteranflare has 15 seconds to reconnect!\n|inactive|Veteranflare has 10 seconds to reconnect!\n|inactive|Veteranflare has 5 seconds to reconnect!\n|-message|Veteranflare lost due to inactivity.\n|\n|win|cows123p\n|raw|Veteranflare's rating: 1559 &rarr; <strong>1534<\/strong><br \/>(-25 for losing)\n|raw|cows123p's rating: 1461 &rarr; <strong>1487<\/strong><br \/>(+26 for winning)\n|j|\u2606Veteranflare\n|player|p1|Veteranflare|acetrainer-gen4dp\n","uploadtime":1602915183,"views":12,"p1id":"veteranflare","p2id":"cows123p","formatid":"gen7ou","rating":1487,"private":0,"password":null}