{"id":"gen7ou-992862849","p1":"guilmon2009","p2":"SMxVale","format":"gen7ou","log":"|j|\u2606guilmon2009\n|j|\u2606SMxVale\n|player|p1|guilmon2009|169|1854\n|player|p2|SMxVale|151|1782\n|teamsize|p1|6\n|teamsize|p2|6\n|gametype|singles\n|gen|7\n|tier|[Gen 7] OU\n|rated|\n|rule|Sleep Clause Mod: Limit one foe put to sleep\n|rule|Species Clause: Limit one of each Pok\u00e9mon\n|rule|OHKO Clause: OHKO moves are banned\n|rule|Moody Clause: Moody is banned\n|rule|Evasion Moves Clause: Evasion moves are banned\n|rule|Endless Battle Clause: Forcing endless battles is banned\n|rule|HP Percentage Mod: HP is shown in percentages\n|clearpoke\n|poke|p1|Tyranitar, M|item\n|poke|p1|Reuniclus, M|item\n|poke|p1|Toxapex, M|item\n|poke|p1|Celesteela|item\n|poke|p1|Tornadus-Therian, M|item\n|poke|p1|Landorus-Therian, M|item\n|poke|p2|Jirachi|item\n|poke|p2|Greninja, M|item\n|poke|p2|Serperior, F|item\n|poke|p2|Mawile, F|item\n|poke|p2|Landorus-Therian, M|item\n|poke|p2|Keldeo-Resolute|item\n|teampreview\n|\n|start\n|switch|p1a: Tornadus|Tornadus-Therian, M|100\/100\n|switch|p2a: Keldeo|Keldeo-Resolute|100\/100\n|turn|1\n|inactive|Battle timer is ON: inactive players will automatically lose when time's up. (requested by SMxVale)\n|j| SaveTheRainforest\n|j| trickroomba\n|\n|switch|p2a: Jirachi|Jirachi|100\/100\n|move|p1a: Tornadus|Knock Off|p2a: Jirachi\n|-supereffective|p2a: Jirachi\n|-damage|p2a: Jirachi|67\/100\n|-enditem|p2a: Jirachi|Leftovers|[from] move: Knock Off|[of] p1a: Tornadus\n|\n|upkeep\n|turn|2\n|\n|move|p1a: Tornadus|U-turn|p2a: Jirachi\n|-damage|p2a: Jirachi|55\/100\n|\n|switch|p1a: Toxapex|Toxapex, M|100\/100|[from]move: U-turn\n|move|p2a: Jirachi|Thunder Wave|p1a: Toxapex\n|-status|p1a: Toxapex|par\n|\n|upkeep\n|turn|3\n|\n|move|p2a: Jirachi|Stealth Rock|p1a: Toxapex\n|-sidestart|p1: guilmon2009|move: Stealth Rock\n|move|p1a: Toxapex|Toxic Spikes|p2a: Jirachi\n|-sidestart|p2: SMxVale|move: Toxic Spikes\n|\n|upkeep\n|turn|4\n|\n|move|p2a: Jirachi|Iron Head|p1a: Toxapex\n|-resisted|p1a: Toxapex\n|-damage|p1a: Toxapex|92\/100 par\n|cant|p1a: Toxapex|flinch\n|\n|-heal|p1a: Toxapex|98\/100 par|[from] item: Black Sludge\n|upkeep\n|turn|5\n|\n|switch|p2a: Landorus|Landorus-Therian, M|100\/100\n|-ability|p2a: Landorus|Intimidate|boost\n|-unboost|p1a: Toxapex|atk|1\n|move|p1a: Toxapex|Scald|p2a: Landorus\n|-supereffective|p2a: Landorus\n|-damage|p2a: Landorus|66\/100\n|\n|-heal|p1a: Toxapex|100\/100 par|[from] item: Black Sludge\n|upkeep\n|turn|6\n|\n|move|p2a: Landorus|U-turn|p1a: Toxapex\n|-resisted|p1a: Toxapex\n|-damage|p1a: Toxapex|93\/100 par\n|\n|switch|p2a: Jirachi|Jirachi|55\/100|[from]move: U-turn\n|move|p1a: Toxapex|Scald|p2a: Jirachi\n|-crit|p2a: Jirachi\n|-damage|p2a: Jirachi|38\/100\n|\n|-heal|p1a: Toxapex|99\/100 par|[from] item: Black Sludge\n|upkeep\n|turn|7\n|\n|switch|p2a: Landorus|Landorus-Therian, M|66\/100\n|-ability|p2a: Landorus|Intimidate|boost\n|-unboost|p1a: Toxapex|atk|1\n|move|p1a: Toxapex|Scald|p2a: Landorus\n|-supereffective|p2a: Landorus\n|-damage|p2a: Landorus|28\/100\n|\n|-heal|p1a: Toxapex|100\/100 par|[from] item: Black Sludge\n|upkeep\n|turn|8\n|\n|switch|p1a: Landorus|Landorus-Therian, M|100\/100\n|-damage|p1a: Landorus|88\/100|[from] Stealth Rock\n|-ability|p1a: Landorus|Intimidate|boost\n|-unboost|p2a: Landorus|atk|1\n|move|p2a: Landorus|Defog|p1a: Landorus\n|-unboost|p1a: Landorus|evasion|1\n|-sideend|p1: guilmon2009|Stealth Rock|[from] move: Defog|[of] p2a: Landorus\n|-sideend|p2: SMxVale|Toxic Spikes|[from] move: Defog|[of] p2a: Landorus\n|\n|upkeep\n|turn|9\n|\n|move|p1a: Landorus|Hidden Power|p2a: Landorus\n|-supereffective|p2a: Landorus\n|-damage|p2a: Landorus|0 fnt\n|faint|p2a: Landorus\n|\n|upkeep\n|\n|switch|p2a: Greninja|Greninja, M|100\/100\n|turn|10\n|\n|switch|p1a: Toxapex|Toxapex, M|100\/100 par\n|move|p2a: Greninja|Dark Pulse|p1a: Toxapex\n|-damage|p1a: Toxapex|58\/100 par\n|\n|-heal|p1a: Toxapex|64\/100 par|[from] item: Black Sludge\n|upkeep\n|turn|11\n|\n|switch|p2a: Keldeo|Keldeo-Resolute|100\/100\n|switch|p1a: Tyranitar|Tyranitar, M|100\/100\n|-weather|Sandstorm|[from] ability: Sand Stream|[of] p1a: Tyranitar\n|\n|-weather|Sandstorm|[upkeep]\n|-damage|p2a: Keldeo|94\/100|[from] Sandstorm\n|upkeep\n|turn|12\n|\n|switch|p1a: Toxapex|Toxapex, M|97\/100 par\n|move|p2a: Keldeo|Hydro Pump|p1a: Toxapex\n|-resisted|p1a: Toxapex\n|-damage|p1a: Toxapex|74\/100 par\n|\n|-weather|Sandstorm|[upkeep]\n|-damage|p2a: Keldeo|88\/100|[from] Sandstorm\n|-damage|p1a: Toxapex|68\/100 par|[from] Sandstorm\n|-heal|p1a: Toxapex|74\/100 par|[from] item: Black Sludge\n|upkeep\n|turn|13\n|l| SaveTheRainforest\n|\n|move|p2a: Keldeo|Taunt|p1a: Toxapex\n|-start|p1a: Toxapex|move: Taunt\n|cant|p1a: Toxapex|move: Taunt|Toxic Spikes\n|\n|-weather|Sandstorm|[upkeep]\n|-damage|p2a: Keldeo|82\/100|[from] Sandstorm\n|-damage|p1a: Toxapex|68\/100 par|[from] Sandstorm\n|-heal|p1a: Toxapex|74\/100 par|[from] item: Black Sludge\n|upkeep\n|turn|14\n|\n|switch|p1a: Celesteela|Celesteela|100\/100\n|move|p2a: Keldeo|Hydro Pump|p1a: Celesteela\n|-damage|p1a: Celesteela|60\/100\n|\n|-weather|Sandstorm|[upkeep]\n|-damage|p2a: Keldeo|76\/100|[from] Sandstorm\n|-heal|p1a: Celesteela|66\/100|[from] item: Leftovers\n|upkeep\n|turn|15\n|\n|switch|p2a: Mawile|Mawile, F|100\/100\n|-ability|p2a: Mawile|Intimidate|boost\n|-unboost|p1a: Celesteela|atk|1\n|move|p1a: Celesteela|Leech Seed|p2a: Mawile\n|-start|p2a: Mawile|move: Leech Seed\n|\n|-weather|none\n|-heal|p1a: Celesteela|72\/100|[from] item: Leftovers\n|-damage|p2a: Mawile|88\/100|[from] Leech Seed|[of] p1a: Celesteela\n|-heal|p1a: Celesteela|80\/100|[silent]\n|upkeep\n|turn|16\n|\n|switch|p2a: Keldeo|Keldeo-Resolute|76\/100\n|switch|p1a: Landorus|Landorus-Therian, M|88\/100\n|-ability|p1a: Landorus|Intimidate|boost\n|-unboost|p2a: Keldeo|atk|1\n|\n|upkeep\n|turn|17\n|\n|move|p1a: Landorus|U-turn|p2a: Keldeo\n|-resisted|p2a: Keldeo\n|-damage|p2a: Keldeo|63\/100\n|\n|switch|p1a: Tornadus|Tornadus-Therian, M|100\/100|[from]move: U-turn\n|move|p2a: Keldeo|Hydro Pump|p1a: Tornadus\n|-damage|p1a: Tornadus|38\/100\n|\n|upkeep\n|turn|18\n|j| SaveTheRainforest\n|l| SaveTheRainforest\n|\n|switch|p2a: Jirachi|Jirachi|38\/100\n|move|p1a: Tornadus|U-turn|p2a: Jirachi\n|-damage|p2a: Jirachi|26\/100\n|\n|switch|p1a: Landorus|Landorus-Therian, M|88\/100|[from]move: U-turn\n|-ability|p1a: Landorus|Intimidate|boost\n|-unboost|p2a: Jirachi|atk|1\n|\n|upkeep\n|turn|19\n|j| Navathy\n|\n|move|p1a: Landorus|Earthquake|p2a: Jirachi\n|-supereffective|p2a: Jirachi\n|-damage|p2a: Jirachi|0 fnt\n|faint|p2a: Jirachi\n|\n|upkeep\n|j| RoberflyTop\n|j| Scientist Kurt\n|inactive|SMxVale has 120 seconds left.\n|\n|switch|p2a: Serperior|Serperior, F|100\/100\n|turn|20\n|\n|switch|p1a: Tornadus|Tornadus-Therian, M|71\/100\n|move|p2a: Serperior|Knock Off|p1a: Tornadus\n|-damage|p1a: Tornadus|58\/100\n|\n|upkeep\n|turn|21\n|inactive|SMxVale has 120 seconds left.\n|\n|move|p2a: Serperior|Knock Off|p1a: Tornadus\n|-damage|p1a: Tornadus|47\/100\n|move|p1a: Tornadus|U-turn|p2a: Serperior\n|-supereffective|p2a: Serperior\n|-damage|p2a: Serperior|65\/100\n|\n|switch|p1a: Tyranitar|Tyranitar, M|100\/100|[from]move: U-turn\n|-weather|Sandstorm|[from] ability: Sand Stream|[of] p1a: Tyranitar\n|\n|-weather|Sandstorm|[upkeep]\n|-damage|p2a: Serperior|59\/100|[from] Sandstorm\n|upkeep\n|turn|22\n|\n|switch|p2a: Keldeo|Keldeo-Resolute|63\/100\n|detailschange|p1a: Tyranitar|Tyranitar-Mega, M\n|-mega|p1a: Tyranitar|Tyranitar|Tyranitarite\n|move|p1a: Tyranitar|Fire Punch|p2a: Keldeo\n|-resisted|p2a: Keldeo\n|-damage|p2a: Keldeo|46\/100\n|-status|p2a: Keldeo|brn\n|\n|-weather|Sandstorm|[upkeep]\n|-damage|p2a: Keldeo|40\/100 brn|[from] Sandstorm\n|-damage|p2a: Keldeo|33\/100 brn|[from] brn\n|upkeep\n|turn|23\n|\n|switch|p2a: Mawile|Mawile, F|88\/100\n|-ability|p2a: Mawile|Intimidate|boost\n|-unboost|p1a: Tyranitar|atk|1\n|switch|p1a: Toxapex|Toxapex, M|100\/100 par\n|\n|-weather|Sandstorm|[upkeep]\n|-damage|p1a: Toxapex|95\/100 par|[from] Sandstorm\n|-heal|p1a: Toxapex|100\/100 par|[from] item: Black Sludge\n|upkeep\n|turn|24\n|\n|switch|p1a: Landorus|Landorus-Therian, M|88\/100\n|-ability|p1a: Landorus|Intimidate|boost\n|-unboost|p2a: Mawile|atk|1\n|detailschange|p2a: Mawile|Mawile-Mega, F\n|-mega|p2a: Mawile|Mawile|Mawilite\n|move|p2a: Mawile|Thunder Punch|p1a: Landorus\n|-immune|p1a: Landorus\n|\n|-weather|Sandstorm|[upkeep]\n|upkeep\n|turn|25\n|l| Navathy\n|\n|switch|p2a: Serperior|Serperior, F|59\/100\n|move|p1a: Landorus|Earthquake|p2a: Serperior\n|-resisted|p2a: Serperior\n|-damage|p2a: Serperior|27\/100\n|\n|-weather|none\n|upkeep\n|turn|26\n|\n|switch|p1a: Tornadus|Tornadus-Therian, M|80\/100\n|move|p2a: Serperior|Leaf Storm|p1a: Tornadus\n|-resisted|p1a: Tornadus\n|-damage|p1a: Tornadus|56\/100\n|-boost|p2a: Serperior|spa|2\n|\n|upkeep\n|turn|27\n|\n|move|p2a: Serperior|Leaf Storm|p1a: Tornadus\n|-resisted|p1a: Tornadus\n|-damage|p1a: Tornadus|2\/100\n|-boost|p2a: Serperior|spa|2\n|move|p1a: Tornadus|U-turn|p2a: Serperior\n|-supereffective|p2a: Serperior\n|-damage|p2a: Serperior|0 fnt\n|faint|p2a: Serperior\n|\n|switch|p1a: Celesteela|Celesteela|80\/100|[from]move: U-turn\n|\n|-heal|p1a: Celesteela|86\/100|[from] item: Leftovers\n|upkeep\n|\n|switch|p2a: Mawile|Mawile-Mega, F|88\/100\n|turn|28\n|\n|move|p2a: Mawile|Thunder Punch|p1a: Celesteela\n|-supereffective|p1a: Celesteela\n|-damage|p1a: Celesteela|9\/100\n|move|p1a: Celesteela|Flamethrower|p2a: Mawile\n|-supereffective|p2a: Mawile\n|-damage|p2a: Mawile|22\/100\n|\n|-heal|p1a: Celesteela|15\/100|[from] item: Leftovers\n|upkeep\n|turn|29\n|\n|move|p2a: Mawile|Fire Fang|p1a: Celesteela\n|-supereffective|p1a: Celesteela\n|-crit|p1a: Celesteela\n|-damage|p1a: Celesteela|0 fnt\n|faint|p1a: Celesteela\n|\n|upkeep\n|\n|switch|p1a: Landorus|Landorus-Therian, M|88\/100\n|-ability|p1a: Landorus|Intimidate|boost\n|-unboost|p2a: Mawile|atk|1\n|turn|30\n|\n|switch|p2a: Keldeo|Keldeo-Resolute|33\/100 brn\n|move|p1a: Landorus|Earthquake|p2a: Keldeo\n|-damage|p2a: Keldeo|0 fnt\n|faint|p2a: Keldeo\n|\n|upkeep\n|\n|switch|p2a: Greninja|Greninja, M|100\/100\n|turn|31\n|\n|switch|p1a: Toxapex|Toxapex, M|100\/100 par\n|move|p2a: Greninja|Surf|p1a: Toxapex\n|-resisted|p1a: Toxapex\n|-damage|p1a: Toxapex|76\/100 par\n|\n|-heal|p1a: Toxapex|82\/100 par|[from] item: Black Sludge\n|upkeep\n|turn|32\n|\n|switch|p2a: Mawile|Mawile-Mega, F|22\/100\n|move|p1a: Toxapex|Toxic Spikes|p2a: Mawile\n|-sidestart|p2: SMxVale|move: Toxic Spikes\n|\n|-heal|p1a: Toxapex|88\/100 par|[from] item: Black Sludge\n|upkeep\n|turn|33\n|\n|switch|p1a: Tornadus|Tornadus-Therian, M|35\/100\n|move|p2a: Mawile|Ice Punch|p1a: Tornadus\n|-supereffective|p1a: Tornadus\n|-damage|p1a: Tornadus|0 fnt\n|faint|p1a: Tornadus\n|\n|upkeep\n|\n|switch|p1a: Landorus|Landorus-Therian, M|88\/100\n|-ability|p1a: Landorus|Intimidate|boost\n|-unboost|p2a: Mawile|atk|1\n|turn|34\n|\n|move|p1a: Landorus|Earthquake|p2a: Mawile\n|-supereffective|p2a: Mawile\n|-damage|p2a: Mawile|0 fnt\n|faint|p2a: Mawile\n|\n|upkeep\n|\n|switch|p2a: Greninja|Greninja, M|100\/100\n|-status|p2a: Greninja|psn\n|turn|35\n|j| Sand is Dumb\n|\n|switch|p1a: Toxapex|Toxapex, M|100\/100 par\n|move|p2a: Greninja|Dark Pulse|p1a: Toxapex\n|-crit|p1a: Toxapex\n|-damage|p1a: Toxapex|44\/100 par\n|\n|-heal|p1a: Toxapex|50\/100 par|[from] item: Black Sludge\n|-damage|p2a: Greninja|88\/100 psn|[from] psn\n|upkeep\n|turn|36\n|j| Krotanix\n|\n|switch|p1a: Tyranitar|Tyranitar-Mega, M|100\/100\n|-weather|Sandstorm|[from] ability: Sand Stream|[of] p1a: Tyranitar\n|move|p2a: Greninja|Dark Pulse|p1a: Tyranitar\n|-resisted|p1a: Tyranitar\n|-damage|p1a: Tyranitar|90\/100\n|\n|-weather|Sandstorm|[upkeep]\n|-damage|p2a: Greninja|82\/100 psn|[from] Sandstorm\n|-damage|p2a: Greninja|70\/100 psn|[from] psn\n|upkeep\n|turn|37\n|-message|SMxVale forfeited.\n|\n|win|guilmon2009\n|l|\u2606SMxVale\n|raw|guilmon2009's rating: 1854 &rarr; <strong>1870<\/strong><br \/>(+16 for winning)\n|raw|SMxVale's rating: 1782 &rarr; <strong>1766<\/strong><br \/>(-16 for losing)\n|l| RoberflyTop\n|l| trickroomba\n|l| Scientist Kurt\n","uploadtime":1571144785,"views":14,"p1id":"guilmon2009","p2id":"smxvale","formatid":"gen7ou","rating":1766,"private":0,"password":null}