{"id":"gen7ou-1701747575","p1":"Lucians Call","p2":"BTLT007 PHONK FLEX","format":"gen7ou","log":"|raw|<div class=\"broadcast-blue\"><strong>This battle is required to be public due to a player having a name starting with 'btlt007'.<\/div>\n|j|\u2606Lucians Call\n|j|\u2606BTLT007 PHONK FLEX\n|t:|1667484495\n|gametype|singles\n|player|p1|Lucians Call|furisodegirl-blue|1753\n|player|p2|BTLT007 PHONK FLEX|hugh|1744\n|teamsize|p1|6\n|teamsize|p2|6\n|gen|7\n|tier|[Gen 7] OU\n|rated|\n|rule|Sleep Clause Mod: Limit one foe put to sleep\n|rule|Species Clause: Limit one of each Pok\u00e9mon\n|rule|OHKO Clause: OHKO moves are banned\n|rule|Moody Clause: Moody is banned\n|rule|Evasion Items Clause: Evasion items are banned\n|rule|Evasion Moves Clause: Evasion moves are banned\n|rule|Endless Battle Clause: Forcing endless battles is banned\n|rule|HP Percentage Mod: HP is shown in percentages\n|clearpoke\n|poke|p1|Escavalier, F|item\n|poke|p1|Latias, F|item\n|poke|p1|Tangrowth, M|item\n|poke|p1|Clefable, M|item\n|poke|p1|Greninja, M|item\n|poke|p1|Heatran, M|item\n|poke|p2|Lopunny, F|item\n|poke|p2|Jirachi|item\n|poke|p2|Zapdos|item\n|poke|p2|Tapu Fini|item\n|poke|p2|Garchomp, F|item\n|poke|p2|Kartana|item\n|teampreview\n|inactive|Battle timer is ON: inactive players will automatically lose when time's up. (requested by BTLT007 PHONK FLEX)\n|inactive|BTLT007 PHONK FLEX has 120 seconds left.\n|\n|t:|1667484551\n|start\n|switch|p1a: Escavalier|Escavalier, F|100\/100\n|switch|p2a: Zapdos|Zapdos|100\/100\n|turn|1\n|\n|t:|1667484558\n|switch|p1a: Latias|Latias, F|100\/100\n|move|p2a: Zapdos|Volt Switch|p1a: Latias\n|-resisted|p1a: Latias\n|-damage|p1a: Latias|90\/100\n|\n|t:|1667484560\n|switch|p2a: Jirachi|Jirachi|100\/100|[from]move: Volt Switch\n|\n|upkeep\n|turn|2\n|\n|t:|1667484563\n|detailschange|p1a: Latias|Latias-Mega, F\n|-mega|p1a: Latias|Latias|Latiasite\n|move|p1a: Latias|Thunder Wave|p2a: Jirachi\n|-status|p2a: Jirachi|par\n|move|p2a: Jirachi|U-turn|p1a: Latias\n|-supereffective|p1a: Latias\n|-damage|p1a: Latias|62\/100\n|\n|t:|1667484571\n|switch|p2a: Lopunny|Lopunny, F|100\/100|[from]move: U-turn\n|\n|upkeep\n|turn|3\n|\n|t:|1667484575\n|switch|p1a: Clefable|Clefable, M|100\/100\n|switch|p2a: Kartana|Kartana|100\/100\n|\n|upkeep\n|turn|4\n|\n|t:|1667484590\n|move|p2a: Kartana|Smart Strike|p1a: Clefable\n|-supereffective|p1a: Clefable\n|-damage|p1a: Clefable|0 fnt\n|faint|p1a: Clefable\n|-ability|p2a: Kartana|Beast Boost|boost\n|-boost|p2a: Kartana|atk|1\n|\n|upkeep\n|\n|t:|1667484592\n|switch|p1a: Heatran|Heatran, M|100\/100\n|turn|5\n|\n|t:|1667484596\n|switch|p2a: Garchomp|Garchomp, F|100\/100\n|move|p1a: Heatran|Stealth Rock|p2a: Garchomp\n|-sidestart|p2: BTLT007 PHONK FLEX|move: Stealth Rock\n|\n|upkeep\n|turn|6\n|\n|t:|1667484602\n|switch|p1a: Latias|Latias-Mega, F|62\/100\n|move|p2a: Garchomp|Stealth Rock|p1a: Latias\n|-sidestart|p1: Lucians Call|move: Stealth Rock\n|\n|upkeep\n|turn|7\n|\n|t:|1667484609\n|switch|p2a: Jirachi|Jirachi|100\/100 par\n|-damage|p2a: Jirachi|94\/100 par|[from] Stealth Rock\n|move|p1a: Latias|Roost|p1a: Latias\n|-heal|p1a: Latias|100\/100\n|-singleturn|p1a: Latias|move: Roost\n|\n|-heal|p2a: Jirachi|100\/100 par|[from] item: Leftovers\n|upkeep\n|turn|8\n|\n|t:|1667484612\n|switch|p1a: Tangrowth|Tangrowth, M|100\/100\n|-damage|p1a: Tangrowth|88\/100|[from] Stealth Rock\n|move|p2a: Jirachi|U-turn|p1a: Tangrowth\n|-supereffective|p1a: Tangrowth\n|-damage|p1a: Tangrowth|66\/100\n|\n|t:|1667484619\n|switch|p2a: Lopunny|Lopunny, F|100\/100|[from]move: U-turn\n|-damage|p2a: Lopunny|88\/100|[from] Stealth Rock\n|\n|upkeep\n|turn|9\n|\n|t:|1667484627\n|switch|p1a: Latias|Latias-Mega, F|100\/100\n|-damage|p1a: Latias|88\/100|[from] Stealth Rock\n|detailschange|p2a: Lopunny|Lopunny-Mega, F\n|-mega|p2a: Lopunny|Lopunny|Lopunnite\n|move|p2a: Lopunny|Return|p1a: Latias\n|-damage|p1a: Latias|41\/100\n|\n|upkeep\n|turn|10\n|\n|t:|1667484633\n|switch|p1a: Escavalier|Escavalier, F|100\/100\n|-damage|p1a: Escavalier|88\/100|[from] Stealth Rock\n|move|p2a: Lopunny|Return|p1a: Escavalier\n|-resisted|p1a: Escavalier\n|-damage|p1a: Escavalier|56\/100\n|\n|upkeep\n|turn|11\n|\n|t:|1667484637\n|move|p2a: Lopunny|High Jump Kick|p1a: Escavalier\n|-damage|p1a: Escavalier|0 fnt\n|faint|p1a: Escavalier\n|\n|upkeep\n|-message|Lucians Call forfeited.\n|\n|win|BTLT007 PHONK FLEX\n|raw|Lucians Call's rating: 1753 &rarr; <strong>1732<\/strong><br \/>(-21 for losing)\n|raw|BTLT007 PHONK FLEX's rating: 1744 &rarr; <strong>1765<\/strong><br \/>(+21 for winning)\n|l|\u2606Lucians Call\n||Ladder isn't responding, score probably updated but might not have (Request timeout).\n","uploadtime":1667484654,"views":10,"p1id":"lucianscall","p2id":"btlt007phonkflex","formatid":"gen7ou","rating":1732,"private":0,"password":null}