{"id":"gen7randombattle-1339436555","p1":"Buhrito","p2":"Cruzty","format":"gen7randombattle","log":"|j|\u2606Buhrito\n|j|\u2606Cruzty\n|t:|1620867413\n|gametype|singles\n|player|p1|Buhrito|preschooler|1249\n|player|p2|Cruzty|169|1351\n|teamsize|p1|6\n|teamsize|p2|6\n|gen|7\n|tier|[Gen 7] Random Battle\n|rated|\n|rule|Sleep Clause Mod: Limit one foe put to sleep\n|rule|HP Percentage Mod: HP is shown in percentages\n|\n|t:|1620867413\n|start\n|switch|p1a: Weavile|Weavile, L82, F|249\/249\n|switch|p2a: Rotom|Rotom, L86|226\/226\n|turn|1\n|\n|t:|1620867450\n|switch|p2a: Clefable|Clefable, L80, M|283\/283\n|move|p1a: Weavile|Knock Off|p2a: Clefable\n|-resisted|p2a: Clefable\n|-damage|p2a: Clefable|211\/283\n|-enditem|p2a: Clefable|Life Orb|[from] move: Knock Off|[of] p1a: Weavile\n|\n|upkeep\n|turn|2\n|inactive|Battle timer is ON: inactive players will automatically lose when time's up. (requested by Cruzty)\n|\n|t:|1620867467\n|switch|p1a: Seviper|Seviper, L88, M|272\/272\n|move|p2a: Clefable|Soft-Boiled|p2a: Clefable\n|-heal|p2a: Clefable|283\/283\n|\n|upkeep\n|turn|3\n|\n|t:|1620867497\n|switch|p2a: Garchomp|Garchomp, L80, M|304\/304\n|move|p1a: Seviper|Swords Dance|p1a: Seviper\n|-boost|p1a: Seviper|atk|2\n|\n|upkeep\n|turn|4\n|\n|t:|1620867519\n|switch|p1a: Decidueye|Decidueye, L86, F|274\/274\n|detailschange|p2a: Garchomp|Garchomp-Mega, L80, M\n|-mega|p2a: Garchomp|Garchomp|Garchompite\n|move|p2a: Garchomp|Swords Dance|p2a: Garchomp\n|-boost|p2a: Garchomp|atk|2\n|\n|upkeep\n|turn|5\n|\n|t:|1620867528\n|move|p2a: Garchomp|Outrage|p1a: Decidueye\n|-damage|p1a: Decidueye|0 fnt\n|faint|p1a: Decidueye\n|\n|upkeep\n|\n|t:|1620867536\n|switch|p1a: Weavile|Weavile, L82, F|249\/249\n|turn|6\n|\n|t:|1620867545\n|move|p1a: Weavile|Swords Dance|p1a: Weavile\n|-boost|p1a: Weavile|atk|2\n|move|p2a: Garchomp|Outrage|p1a: Weavile|[from]lockedmove\n|-enditem|p1a: Weavile|Focus Sash\n|-damage|p1a: Weavile|1\/249\n|-start|p2a: Garchomp|confusion|[fatigue]\n|\n|upkeep\n|turn|7\n|\n|t:|1620867570\n|switch|p2a: Clefable|Clefable, L80, M|283\/283\n|move|p1a: Weavile|Ice Shard|p2a: Clefable\n|-damage|p2a: Clefable|171\/283\n|\n|upkeep\n|turn|8\n|\n|t:|1620867582\n|move|p1a: Weavile|Icicle Crash|p2a: Clefable\n|-damage|p2a: Clefable|0 fnt\n|faint|p2a: Clefable\n|\n|upkeep\n|inactive|Cruzty has 120 seconds left.\n|\n|t:|1620867606\n|switch|p2a: Volbeat|Volbeat, L88, M|258\/258\n|turn|9\n|\n|t:|1620867611\n|move|p1a: Weavile|Icicle Crash|p2a: Volbeat\n|-damage|p2a: Volbeat|53\/258\n|move|p2a: Volbeat|U-turn|p1a: Weavile\n|-supereffective|p1a: Weavile\n|-damage|p1a: Weavile|0 fnt\n|faint|p1a: Weavile\n|\n|t:|1620867624\n|switch|p2a: Rotom|Rotom, L86|226\/226\n|\n|upkeep\n|\n|t:|1620867640\n|switch|p1a: Rotom|Rotom-Wash, L80|211\/211\n|turn|10\n|\n|t:|1620867655\n|move|p1a: Rotom|Hydro Pump|p2a: Rotom\n|-damage|p2a: Rotom|93\/226\n|move|p2a: Rotom|Volt Switch|p1a: Rotom\n|-damage|p1a: Rotom|139\/211\n|\n|t:|1620867659\n|switch|p2a: Victreebel|Victreebel, L88, M|284\/284\n|\n|upkeep\n|turn|11\n|\n|t:|1620867670\n|switch|p1a: Seviper|Seviper, L88, M|272\/272\n|move|p2a: Victreebel|Sleep Powder|p1a: Seviper\n|-status|p1a: Seviper|slp|[from] move: Sleep Powder\n|\n|upkeep\n|turn|12\n|\n|t:|1620867679\n|switch|p2a: Garchomp|Garchomp-Mega, L80, M|304\/304\n|switch|p1a: Starmie|Starmie, L82|233\/233\n|\n|upkeep\n|turn|13\n|\n|t:|1620867694\n|switch|p2a: Victreebel|Victreebel, L88, M|284\/284\n|move|p1a: Starmie|Ice Beam|p2a: Victreebel\n|-supereffective|p2a: Victreebel\n|-damage|p2a: Victreebel|116\/284\n|\n|-heal|p2a: Victreebel|133\/284|[from] item: Black Sludge\n|upkeep\n|turn|14\n|\n|t:|1620867702\n|move|p1a: Starmie|Ice Beam|p2a: Victreebel\n|-supereffective|p2a: Victreebel\n|-damage|p2a: Victreebel|5\/284\n|move|p2a: Victreebel|Power Whip|p1a: Starmie\n|-supereffective|p1a: Starmie\n|-damage|p1a: Starmie|0 fnt\n|faint|p1a: Starmie\n|\n|-heal|p2a: Victreebel|22\/284|[from] item: Black Sludge\n|upkeep\n|c|\u2606Buhrito|tf was that roll\n|inactive|Buhrito has 120 seconds left.\n|\n|t:|1620867759\n|switch|p1a: Rotom|Rotom-Wash, L80|139\/211\n|turn|15\n|\n|t:|1620867771\n|move|p1a: Rotom|Volt Switch|p2a: Victreebel\n|-resisted|p2a: Victreebel\n|-damage|p2a: Victreebel|0 fnt\n|faint|p2a: Victreebel\n|\n|t:|1620867786\n|switch|p1a: Crustle|Crustle, L88, M|266\/266\n|\n|upkeep\n|\n|t:|1620867813\n|switch|p2a: Garchomp|Garchomp-Mega, L80, M|304\/304\n|turn|16\n|inactive|Buhrito has 90 seconds left.\n|\n|t:|1620867857\n|move|p2a: Garchomp|Swords Dance|p2a: Garchomp\n|-boost|p2a: Garchomp|atk|2\n|move|p1a: Crustle|Stealth Rock|p2a: Garchomp\n|-sidestart|p2: Cruzty|move: Stealth Rock\n|\n|upkeep\n|turn|17\n|\n|t:|1620867867\n|move|p2a: Garchomp|Swords Dance|p2a: Garchomp\n|-boost|p2a: Garchomp|atk|2\n|move|p1a: Crustle|Earthquake|p2a: Garchomp\n|-damage|p2a: Garchomp|235\/304\n|\n|upkeep\n|turn|18\n|\n|t:|1620867872\n|move|p2a: Garchomp|Swords Dance|p2a: Garchomp\n|-boost|p2a: Garchomp|atk|2\n|move|p1a: Crustle|Earthquake|p2a: Garchomp\n|-damage|p2a: Garchomp|169\/304\n|\n|upkeep\n|turn|19\n|\n|t:|1620867879\n|move|p2a: Garchomp|Outrage|p1a: Crustle\n|-ability|p1a: Crustle|Sturdy\n|-damage|p1a: Crustle|1\/266\n|move|p1a: Crustle|Earthquake|p2a: Garchomp\n|-damage|p2a: Garchomp|94\/304\n|\n|-heal|p1a: Crustle|17\/266|[from] item: Leftovers\n|upkeep\n|turn|20\n|\n|t:|1620867884\n|move|p2a: Garchomp|Outrage|p1a: Crustle|[from]lockedmove\n|-damage|p1a: Crustle|0 fnt\n|faint|p1a: Crustle\n|-start|p2a: Garchomp|confusion|[fatigue]\n|\n|upkeep\n|\n|t:|1620867886\n|switch|p1a: Rotom|Rotom-Wash, L80|139\/211\n|turn|21\n|\n|t:|1620867899\n|move|p1a: Rotom|Hydro Pump|p2a: Garchomp\n|-damage|p2a: Garchomp|0 fnt\n|faint|p2a: Garchomp\n|\n|upkeep\n|\n|t:|1620867908\n|switch|p2a: Rotom|Rotom, L86|93\/226\n|-damage|p2a: Rotom|65\/226|[from] Stealth Rock\n|turn|22\n|\n|t:|1620867910\n|move|p1a: Rotom|Hydro Pump|p2a: Rotom\n|-damage|p2a: Rotom|0 fnt\n|faint|p2a: Rotom\n|\n|upkeep\n|\n|t:|1620867920\n|switch|p2a: Volbeat|Volbeat, L88, M|53\/258\n|-damage|p2a: Volbeat|0 fnt|[from] Stealth Rock\n|faint|p2a: Volbeat\n|\n|t:|1620867922\n|switch|p2a: Tyrantrum|Tyrantrum, L84, M|275\/275\n|-damage|p2a: Tyrantrum|241\/275|[from] Stealth Rock\n|turn|23\n|\n|t:|1620867927\n|move|p1a: Rotom|Hydro Pump|p2a: Tyrantrum\n|-damage|p2a: Tyrantrum|76\/275\n|move|p2a: Tyrantrum|Dragon Dance|p2a: Tyrantrum\n|-boost|p2a: Tyrantrum|atk|1\n|-boost|p2a: Tyrantrum|spe|1\n|\n|upkeep\n|turn|24\n|\n|t:|1620867936\n|move|p1a: Rotom|Hydro Pump|p2a: Tyrantrum\n|-damage|p2a: Tyrantrum|0 fnt\n|faint|p2a: Tyrantrum\n|\n|win|Buhrito\n|raw|Buhrito's rating: 1249 &rarr; <strong>1281<\/strong><br \/>(+32 for winning)\n|raw|Cruzty's rating: 1351 &rarr; <strong>1325<\/strong><br \/>(-26 for losing)\n|c|\u2606Buhrito|insane choke\n|l|\u2606Cruzty\n","inputlog":">version 7c1be296e68a04c705562dd2127121a368854c13\n>start {\"formatid\":\"gen7randombattle\",\"seed\":[63339,42085,64675,19145],\"rated\":\"Rated battle\"}\n>player p1 {\"name\":\"Buhrito\",\"avatar\":\"preschooler\",\"rating\":1249,\"seed\":[34898,58167,12733,11809]}\n>player p2 {\"name\":\"Cruzty\",\"avatar\":\"169\",\"rating\":1351,\"seed\":[34616,63213,5435,25587]}\n>p1 move knockoff\n>p2 switch 3\n>p1 switch 5\n>p2 move softboiled\n>p1 move swordsdance\n>p2 switch 4\n>p1 switch 4\n>p2 move swordsdance mega\n>p1 move uturn\n>p2 move outrage\n>p1 switch 5\n>p1 move swordsdance\n>p2 move outrage\n>p1 move iceshard\n>p2 switch 4\n>p1 move iciclecrash\n>p2 move moonblast\n>p2 switch 5\n>p1 move iciclecrash\n>p2 move uturn\n>p2 switch 3\n>p1 switch 2\n>p1 move hydropump\n>p2 move voltswitch\n>p2 switch 2\n>p1 switch 4\n>p2 move sleeppowder\n>p1 switch 6\n>p2 switch 4\n>p1 move icebeam\n>p2 switch 4\n>p1 move icebeam\n>p2 move powerwhip\n>chat \u2606Buhrito|tf was that roll\n>p1 switch 4\n>p1 move voltswitch\n>p2 move strengthsap\n>p1 switch 3\n>p2 switch 4\n>p1 move stealthrock\n>p2 move swordsdance\n>p1 move earthquake\n>p2 move swordsdance\n>p1 move earthquake\n>p2 move swordsdance\n>p1 move earthquake\n>p2 move outrage\n>p1 move earthquake\n>p2 move outrage\n>p1 switch 3\n>p1 move hydropump\n>p2 move outrage\n>p2 switch 2\n>p1 move hydropump\n>p2 move thunderbolt\n>p2 switch 3\n>p2 switch 6\n>p1 move hydropump\n>p2 move dragondance\n>p1 move hydropump\n>p2 move dragonclaw","uploadtime":1620867953,"views":13,"p1id":"buhrito","p2id":"cruzty","formatid":"gen7randombattle","rating":1281,"private":0,"password":null}