{"id":"gen7anythinggoes-1632001650","p1":"Shiny Sheinux","p2":"Rediyu","format":"gen7anythinggoes","log":"|j|\u2606Shiny Sheinux\n|j|\u2606Rediyu\n|t:|1659610827\n|gametype|singles\n|player|p1|Shiny Sheinux|aaron|\n|player|p2|Rediyu|guitarist|\n|teamsize|p1|6\n|teamsize|p2|6\n|gen|7\n|tier|[Gen 7] Anything Goes\n|rule|HP Percentage Mod: HP is shown in percentages\n|rule|Endless Battle Clause: Forcing endless battles is banned\n|clearpoke\n|poke|p1|Jirachi|item\n|poke|p1|Absol, F|item\n|poke|p1|Toxapex, M|item\n|poke|p1|Mienshao, F|item\n|poke|p1|Golurk|item\n|poke|p1|Lycanroc, F|item\n|poke|p2|Tapu Koko|item\n|poke|p2|Gardevoir, F|item\n|poke|p2|Dragonite, M|item\n|poke|p2|Qwilfish, F|\n|poke|p2|Metagross|item\n|poke|p2|Rhyperior, M|item\n|teampreview\n|c|\u2606Rediyu|gl hf\n|c|\u2606Shiny Sheinux|viel Spa\u00df^^\n|\n|t:|1659610865\n|start\n|switch|p1a: Mr. Titan|Golurk|100\/100\n|switch|p2a: Gin|Tapu Koko|100\/100\n|-fieldstart|move: Electric Terrain|[from] ability: Electric Surge|[of] p2a: Gin\n|turn|1\n|\n|t:|1659610890\n|move|p2a: Gin|Grass Knot|p1a: Mr. Titan\n|-supereffective|p1a: Mr. Titan\n|-enditem|p1a: Mr. Titan|Rindo Berry|[eat]\n|-enditem|p1a: Mr. Titan|Rindo Berry|[weaken]\n|-damage|p1a: Mr. Titan|67\/100\n|move|p1a: Mr. Titan|Earthquake|p2a: Gin\n|-supereffective|p2a: Gin\n|-enditem|p2a: Gin|Shuca Berry|[eat]\n|-enditem|p2a: Gin|Shuca Berry|[weaken]\n|-damage|p2a: Gin|30\/100\n|\n|upkeep\n|turn|2\n|c|\u2606Shiny Sheinux|xD\n|c|\u2606Rediyu|lmao\n|\n|t:|1659610951\n|move|p2a: Gin|Grass Knot|p1a: Mr. Titan\n|-supereffective|p1a: Mr. Titan\n|-damage|p1a: Mr. Titan|0 fnt\n|faint|p1a: Mr. Titan\n|\n|upkeep\n|\n|t:|1659610959\n|switch|p1a: Revilo|Mienshao, F|100\/100\n|turn|3\n|\n|t:|1659610971\n|switch|p2a: Sekt|Qwilfish, F|100\/100\n|-ability|p2a: Sekt|Intimidate|boost\n|-unboost|p1a: Revilo|atk|1\n|move|p1a: Revilo|U-turn|p2a: Sekt\n|-resisted|p2a: Sekt\n|-damage|p2a: Sekt|93\/100\n|\n|t:|1659610977\n|switch|p1a: Flinch-Rachi|Jirachi|100\/100|[from]move: U-turn\n|\n|upkeep\n|turn|4\n|\n|t:|1659610984\n|switch|p2a: Wei\u00dfbier|Metagross|100\/100\n|move|p1a: Flinch-Rachi|U-turn|p2a: Wei\u00dfbier\n|-damage|p2a: Wei\u00dfbier|87\/100\n|\n|t:|1659610990\n|switch|p1a: UwU|Absol, F|100\/100|[from]move: U-turn\n|\n|upkeep\n|turn|5\n|\n|t:|1659610999\n|switch|p2a: Sekt|Qwilfish, F|93\/100\n|-ability|p2a: Sekt|Intimidate|boost\n|-unboost|p1a: UwU|atk|1\n|detailschange|p1a: UwU|Absol-Mega, F\n|-mega|p1a: UwU|Absol|Absolite\n|move|p1a: UwU|Knock Off|p2a: Sekt\n|-damage|p2a: Sekt|71\/100\n|\n|-fieldend|move: Electric Terrain\n|upkeep\n|turn|6\n|\n|t:|1659611015\n|switch|p1a: Flinch-Rachi|Jirachi|100\/100\n|move|p2a: Sekt|Liquidation|p1a: Flinch-Rachi\n|-damage|p1a: Flinch-Rachi|79\/100\n|\n|-heal|p1a: Flinch-Rachi|85\/100|[from] item: Leftovers\n|upkeep\n|turn|7\n|\n|t:|1659611040\n|switch|p2a: Wei\u00dfbier|Metagross|87\/100\n|move|p1a: Flinch-Rachi|U-turn|p2a: Wei\u00dfbier\n|-damage|p2a: Wei\u00dfbier|74\/100\n|\n|t:|1659611051\n|switch|p1a: UwU|Absol-Mega, F|100\/100|[from]move: U-turn\n|\n|upkeep\n|turn|8\n|\n|t:|1659611055\n|move|p1a: UwU|Knock Off|p2a: Wei\u00dfbier\n|-supereffective|p2a: Wei\u00dfbier\n|-enditem|p2a: Wei\u00dfbier|Colbur Berry|[eat]\n|-enditem|p2a: Wei\u00dfbier|Colbur Berry|[weaken]\n|-damage|p2a: Wei\u00dfbier|26\/100\n|move|p2a: Wei\u00dfbier|Earthquake|p1a: UwU\n|-damage|p1a: UwU|27\/100\n|\n|upkeep\n|turn|9\n|\n|t:|1659611063\n|move|p2a: Wei\u00dfbier|Bullet Punch|p1a: UwU\n|-damage|p1a: UwU|0 fnt\n|faint|p1a: UwU\n|\n|upkeep\n|\n|t:|1659611103\n|switch|p1a: Revilo|Mienshao, F|100\/100\n|turn|10\n|\n|t:|1659611122\n|switch|p2a: Sekt|Qwilfish, F|71\/100\n|-ability|p2a: Sekt|Intimidate|boost\n|-unboost|p1a: Revilo|atk|1\n|move|p1a: Revilo|Drain Punch|p2a: Sekt\n|-resisted|p2a: Sekt\n|-damage|p2a: Sekt|60\/100\n|\n|upkeep\n|turn|11\n|\n|t:|1659611127\n|switch|p1a: BenniFee|Toxapex, M|100\/100\n|move|p2a: Sekt|Spikes|p1a: BenniFee\n|-sidestart|p1: Shiny Sheinux|Spikes\n|\n|upkeep\n|turn|12\n|\n|t:|1659611132\n|move|p2a: Sekt|Spikes|p1a: BenniFee\n|-sidestart|p1: Shiny Sheinux|Spikes\n|move|p1a: BenniFee|Scald|p2a: Sekt\n|-resisted|p2a: Sekt\n|-damage|p2a: Sekt|47\/100\n|\n|upkeep\n|turn|13\n|\n|t:|1659611138\n|move|p2a: Sekt|Spikes|p1a: BenniFee\n|-sidestart|p1: Shiny Sheinux|Spikes\n|move|p1a: BenniFee|Scald|p2a: Sekt\n|-resisted|p2a: Sekt\n|-damage|p2a: Sekt|34\/100\n|-status|p2a: Sekt|brn\n|\n|-damage|p2a: Sekt|28\/100 brn|[from] brn\n|upkeep\n|turn|14\n|\n|t:|1659611141\n|move|p2a: Sekt|Pain Split|p1a: BenniFee\n|-sethp|p1a: BenniFee|67\/100|[from] move: Pain Split|[silent]\n|-sethp|p2a: Sekt|57\/100 brn|[from] move: Pain Split\n|move|p1a: BenniFee|Scald|p2a: Sekt\n|-resisted|p2a: Sekt\n|-damage|p2a: Sekt|44\/100 brn\n|\n|-heal|p1a: BenniFee|73\/100|[from] item: Black Sludge\n|-damage|p2a: Sekt|38\/100 brn|[from] brn\n|upkeep\n|turn|15\n|\n|t:|1659611148\n|move|p2a: Sekt|Pain Split|p1a: BenniFee\n|-sethp|p1a: BenniFee|58\/100|[from] move: Pain Split|[silent]\n|-sethp|p2a: Sekt|50\/100 brn|[from] move: Pain Split\n|move|p1a: BenniFee|Scald|p2a: Sekt\n|-resisted|p2a: Sekt\n|-damage|p2a: Sekt|36\/100 brn\n|\n|-heal|p1a: BenniFee|64\/100|[from] item: Black Sludge\n|-damage|p2a: Sekt|30\/100 brn|[from] brn\n|upkeep\n|turn|16\n|\n|t:|1659611185\n|switch|p2a: Rotwein|Gardevoir, F|100\/100\n|-ability|p2a: Rotwein|Regenerator|[from] ability: Trace|[of] p1a: BenniFee\n|switch|p1a: Revilo|Mienshao, F|100\/100\n|-damage|p1a: Revilo|76\/100|[from] Spikes\n|\n|upkeep\n|turn|17\n|\n|t:|1659611220\n|switch|p2a: Sekt|Qwilfish, F|30\/100 brn\n|-ability|p2a: Sekt|Intimidate|boost\n|-unboost|p1a: Revilo|atk|1\n|move|p1a: Revilo|Poison Jab|p2a: Sekt\n|-resisted|p2a: Sekt\n|-damage|p2a: Sekt|21\/100 brn\n|\n|-damage|p2a: Sekt|15\/100 brn|[from] brn\n|upkeep\n|turn|18\n|\n|t:|1659611232\n|switch|p1a: Flinch-Rachi|Jirachi|85\/100\n|-damage|p1a: Flinch-Rachi|60\/100|[from] Spikes\n|move|p2a: Sekt|Pain Split|p1a: Flinch-Rachi\n|-sethp|p1a: Flinch-Rachi|36\/100|[from] move: Pain Split|[silent]\n|-sethp|p2a: Sekt|44\/100 brn|[from] move: Pain Split\n|\n|-heal|p1a: Flinch-Rachi|42\/100|[from] item: Leftovers\n|-damage|p2a: Sekt|38\/100 brn|[from] brn\n|upkeep\n|turn|19\n|\n|t:|1659611247\n|switch|p2a: Wei\u00dfbier|Metagross|26\/100\n|move|p1a: Flinch-Rachi|Wish|p1a: Flinch-Rachi\n|\n|-heal|p1a: Flinch-Rachi|49\/100|[from] item: Leftovers\n|upkeep\n|turn|20\n|\n|t:|1659611258\n|move|p1a: Flinch-Rachi|Ancient Power|p2a: Wei\u00dfbier\n|-resisted|p2a: Wei\u00dfbier\n|-damage|p2a: Wei\u00dfbier|18\/100\n|move|p2a: Wei\u00dfbier|Earthquake|p1a: Flinch-Rachi\n|-supereffective|p1a: Flinch-Rachi\n|-damage|p1a: Flinch-Rachi|0 fnt\n|faint|p1a: Flinch-Rachi\n|\n|upkeep\n|\n|t:|1659611265\n|switch|p1a: Revilo|Mienshao, F|100\/100\n|-damage|p1a: Revilo|76\/100|[from] Spikes\n|turn|21\n|\n|t:|1659611278\n|switch|p2a: Sekt|Qwilfish, F|38\/100 brn\n|-ability|p2a: Sekt|Intimidate|boost\n|-unboost|p1a: Revilo|atk|1\n|move|p1a: Revilo|Knock Off|p2a: Sekt\n|-damage|p2a: Sekt|25\/100 brn\n|\n|-damage|p2a: Sekt|19\/100 brn|[from] brn\n|upkeep\n|turn|22\n|\n|t:|1659611285\n|switch|p1a: BenniFee|Toxapex, M|98\/100\n|-damage|p1a: BenniFee|73\/100|[from] Spikes\n|move|p2a: Sekt|Pain Split|p1a: BenniFee\n|-sethp|p1a: BenniFee|47\/100|[from] move: Pain Split|[silent]\n|-sethp|p2a: Sekt|40\/100 brn|[from] move: Pain Split\n|\n|-heal|p1a: BenniFee|53\/100|[from] item: Black Sludge\n|-damage|p2a: Sekt|34\/100 brn|[from] brn\n|upkeep\n|turn|23\n|\n|t:|1659611292\n|switch|p2a: Gin|Tapu Koko|30\/100\n|-fieldstart|move: Electric Terrain|[from] ability: Electric Surge|[of] p2a: Gin\n|move|p1a: BenniFee|Scald|p2a: Gin\n|-damage|p2a: Gin|6\/100\n|\n|-heal|p1a: BenniFee|59\/100|[from] item: Black Sludge\n|upkeep\n|turn|24\n|\n|t:|1659611317\n|switch|p1a: Revilo|Mienshao, F|100\/100\n|-damage|p1a: Revilo|76\/100|[from] Spikes\n|move|p2a: Gin|Thunderbolt|p1a: Revilo\n|-damage|p1a: Revilo|0 fnt\n|faint|p1a: Revilo\n|\n|upkeep\n|\n|t:|1659611319\n|switch|p1a: Feini|Lycanroc, F|100\/100\n|-damage|p1a: Feini|76\/100|[from] Spikes\n|turn|25\n|\n|t:|1659611327\n|move|p1a: Feini|Accelerock|p2a: Gin\n|-damage|p2a: Gin|0 fnt\n|faint|p2a: Gin\n|-damage|p1a: Feini|66\/100|[from] item: Life Orb\n|\n|upkeep\n|\n|t:|1659611331\n|switch|p2a: Schwarzbier|Rhyperior, M|100\/100\n|turn|26\n|\n|t:|1659611336\n|switch|p1a: BenniFee|Toxapex, M|92\/100\n|-damage|p1a: BenniFee|68\/100|[from] Spikes\n|move|p2a: Schwarzbier|Earthquake|p1a: BenniFee\n|-supereffective|p1a: BenniFee\n|-crit|p1a: BenniFee\n|-damage|p1a: BenniFee|0 fnt\n|faint|p1a: BenniFee\n|\n|upkeep\n|\n|t:|1659611338\n|switch|p1a: Feini|Lycanroc, F|66\/100\n|-damage|p1a: Feini|41\/100|[from] Spikes\n|turn|27\n|\n|t:|1659611340\n|move|p1a: Feini|Drill Run|p2a: Schwarzbier\n|-supereffective|p2a: Schwarzbier\n|-crit|p2a: Schwarzbier\n|-damage|p2a: Schwarzbier|46\/100\n|-damage|p1a: Feini|31\/100|[from] item: Life Orb\n|move|p2a: Schwarzbier|Earthquake|p1a: Feini\n|-supereffective|p1a: Feini\n|-damage|p1a: Feini|0 fnt\n|faint|p1a: Feini\n|\n|win|Rediyu\n|c|\u2606Shiny Sheinux|gg\n|c|\u2606Rediyu|gg\n","uploadtime":1659611351,"views":25,"p1id":"shinysheinux","p2id":"rediyu","formatid":"gen7anythinggoes","rating":0,"private":0,"password":null}