{"id":"gen7ou-842678524","p1":"uuuuiiii","p2":"foxbeatsfalco","format":"gen7ou","log":"|j|\u2606uuuuiiii\n|j|\u2606foxbeatsfalco\n|player|p1|uuuuiiii|1\n|player|p2|foxbeatsfalco|266\n|teamsize|p1|6\n|teamsize|p2|6\n|gametype|singles\n|gen|7\n|tier|[Gen 7] OU\n|rated|\n|html|<div class=\"broadcast-green\"><strong>OU is currently suspecting Zygarde! For information on how to participate check out the <a href=\"https:\/\/www.smogon.com\/forums\/threads\/3645049\/\">suspect thread<\/a>.<\/strong><\/div>\n|rule|Sleep Clause Mod: Limit one foe put to sleep\n|rule|Species Clause: Limit one of each Pok\u00e9mon\n|rule|OHKO Clause: OHKO moves are banned\n|rule|Moody Clause: Moody is banned\n|rule|Evasion Moves Clause: Evasion moves are banned\n|rule|Endless Battle Clause: Forcing endless battles is banned\n|rule|HP Percentage Mod: HP is shown in percentages\n|clearpoke\n|poke|p1|Greninja, M|item\n|poke|p1|Tapu Koko|item\n|poke|p1|Kyurem-Black|item\n|poke|p1|Zygarde|item\n|poke|p1|Tornadus-Therian, M|item\n|poke|p1|Blissey, F|item\n|poke|p2|Crawdaunt, M|item\n|poke|p2|Lopunny, M|item\n|poke|p2|Ferrothorn, F|item\n|poke|p2|Landorus-Therian, M|item\n|poke|p2|Magearna|item\n|poke|p2|Tapu Koko|item\n|teampreview\n|inactive|Battle timer is ON: inactive players will automatically lose when time's up. (requested by foxbeatsfalco)\n|\n|start\n|switch|p1a: Tornadus|Tornadus-Therian, M|100\/100\n|switch|p2a: Lopunny|Lopunny, M|100\/100\n|turn|1\n|\n|detailschange|p2a: Lopunny|Lopunny-Mega, M\n|-mega|p2a: Lopunny|Lopunny|Lopunnite\n|move|p2a: Lopunny|Fake Out|p1a: Tornadus\n|-damage|p1a: Tornadus|79\/100\n|-damage|p2a: Lopunny|84\/100|[from] item: Rocky Helmet|[of] p1a: Tornadus\n|cant|p1a: Tornadus|flinch\n|\n|upkeep\n|turn|2\n|\n|switch|p2a: Tapu Koko|Tapu Koko|100\/100\n|-fieldstart|move: Electric Terrain|[from] ability: Electric Surge|[of] p2a: Tapu Koko\n|move|p1a: Tornadus|Hurricane|p2a: Tapu Koko\n|-resisted|p2a: Tapu Koko\n|-damage|p2a: Tapu Koko|68\/100\n|\n|upkeep\n|turn|3\n|\n|switch|p1a: Blissey|Blissey, F|100\/100\n|move|p2a: Tapu Koko|U-turn|p1a: Blissey\n|-damage|p1a: Blissey|67\/100\n|\n|switch|p2a: Crawdaunt|Crawdaunt, M|100\/100\n|\n|-heal|p1a: Blissey|74\/100|[from] item: Leftovers\n|upkeep\n|turn|4\n|\n|switch|p1a: Tornadus|Tornadus-Therian, M|100\/100\n|move|p2a: Crawdaunt|Crabhammer|p1a: Tornadus\n|-damage|p1a: Tornadus|0 fnt\n|-damage|p2a: Crawdaunt|84\/100|[from] item: Rocky Helmet|[of] p1a: Tornadus\n|faint|p1a: Tornadus\n|\n|upkeep\n|\n|switch|p1a: Tapu Koko|Tapu Koko|100\/100\n|turn|5\n|\n|switch|p2a: Magearna|Magearna|100\/100\n|move|p1a: Tapu Koko|Volt Switch|p2a: Magearna\n|-damage|p2a: Magearna|82\/100\n|\n|switch|p1a: Blissey|Blissey, F|74\/100\n|\n|-heal|p1a: Blissey|80\/100|[from] item: Leftovers\n|upkeep\n|turn|6\n|\n|move|p1a: Blissey|Substitute|p1a: Blissey\n|-start|p1a: Blissey|Substitute\n|-damage|p1a: Blissey|55\/100\n|move|p2a: Magearna|Volt Switch|p1a: Blissey\n|-activate|p1a: Blissey|move: Substitute|[damage]\n|\n|switch|p2a: Landorus|Landorus-Therian, M|100\/100\n|-ability|p2a: Landorus|Intimidate|boost\n|-immune|p1a: Blissey\n|\n|-heal|p1a: Blissey|61\/100|[from] item: Leftovers\n|-fieldend|move: Electric Terrain\n|upkeep\n|turn|7\n|\n|move|p2a: Landorus|U-turn|p1a: Blissey\n|-end|p1a: Blissey|Substitute\n|\n|switch|p2a: Ferrothorn|Ferrothorn, F|100\/100\n|move|p1a: Blissey|Ice Beam|p2a: Ferrothorn\n|-damage|p2a: Ferrothorn|84\/100\n|\n|-heal|p1a: Blissey|67\/100|[from] item: Leftovers\n|upkeep\n|turn|8\n|\n|move|p1a: Blissey|Flamethrower|p2a: Ferrothorn\n|-supereffective|p2a: Ferrothorn\n|-damage|p2a: Ferrothorn|18\/100\n|move|p2a: Ferrothorn|Stealth Rock|p1a: Blissey\n|-sidestart|p1: uuuuiiii|move: Stealth Rock\n|\n|-heal|p1a: Blissey|73\/100|[from] item: Leftovers\n|upkeep\n|turn|9\n|\n|switch|p2a: Landorus|Landorus-Therian, M|100\/100\n|-ability|p2a: Landorus|Intimidate|boost\n|-unboost|p1a: Blissey|atk|1\n|move|p1a: Blissey|Substitute|p1a: Blissey\n|-start|p1a: Blissey|Substitute\n|-damage|p1a: Blissey|48\/100\n|\n|-heal|p1a: Blissey|55\/100|[from] item: Leftovers\n|upkeep\n|turn|10\n|\n|move|p2a: Landorus|U-turn|p1a: Blissey\n|-end|p1a: Blissey|Substitute\n|\n|switch|p2a: Crawdaunt|Crawdaunt, M|84\/100\n|move|p1a: Blissey|Substitute|p1a: Blissey\n|-start|p1a: Blissey|Substitute\n|-damage|p1a: Blissey|30\/100\n|\n|-heal|p1a: Blissey|36\/100|[from] item: Leftovers\n|upkeep\n|turn|11\n|\n|move|p2a: Crawdaunt|Knock Off|p1a: Blissey\n|-end|p1a: Blissey|Substitute\n|move|p1a: Blissey|Ice Beam|p2a: Crawdaunt\n|-resisted|p2a: Crawdaunt\n|-damage|p2a: Crawdaunt|64\/100\n|\n|-heal|p1a: Blissey|42\/100|[from] item: Leftovers\n|upkeep\n|turn|12\n|\n|switch|p1a: Greninja|Greninja, M|100\/100\n|-damage|p1a: Greninja|88\/100|[from] Stealth Rock\n|move|p2a: Crawdaunt|Knock Off|p1a: Greninja\n|-resisted|p1a: Greninja\n|-damage|p1a: Greninja|0 fnt\n|-enditem|p1a: Greninja|Focus Sash|[from] move: Knock Off|[of] p2a: Crawdaunt\n|faint|p1a: Greninja\n|\n|upkeep\n|\n|switch|p1a: Tapu Koko|Tapu Koko|100\/100\n|-damage|p1a: Tapu Koko|88\/100|[from] Stealth Rock\n|-fieldstart|move: Electric Terrain|[from] ability: Electric Surge|[of] p1a: Tapu Koko\n|turn|13\n|\n|switch|p2a: Magearna|Magearna|82\/100\n|move|p1a: Tapu Koko|U-turn|p2a: Magearna\n|-resisted|p2a: Magearna\n|-damage|p2a: Magearna|79\/100\n|\n|switch|p1a: Zygarde|Zygarde|100\/100\n|-damage|p1a: Zygarde|94\/100|[from] Stealth Rock\n|-ability|p1a: Zygarde|Aura Break\n|\n|upkeep\n|turn|14\n|\n|move|p1a: Zygarde|Thousand Arrows|p2a: Magearna\n|-supereffective|p2a: Magearna\n|-damage|p2a: Magearna|0 fnt\n|faint|p2a: Magearna\n|\n|upkeep\n|\n|switch|p2a: Tapu Koko|Tapu Koko|68\/100\n|turn|15\n|\n|switch|p1a: Blissey|Blissey, F|42\/100\n|-damage|p1a: Blissey|29\/100|[from] Stealth Rock\n|move|p2a: Tapu Koko|Hidden Power|p1a: Blissey\n|-damage|p1a: Blissey|21\/100\n|\n|-heal|p1a: Blissey|27\/100|[from] item: Leftovers\n|upkeep\n|turn|16\n|\n|switch|p2a: Crawdaunt|Crawdaunt, M|64\/100\n|move|p1a: Blissey|Substitute|p1a: Blissey\n|-start|p1a: Blissey|Substitute\n|-damage|p1a: Blissey|2\/100\n|\n|-heal|p1a: Blissey|8\/100|[from] item: Leftovers\n|upkeep\n|turn|17\n|\n|move|p2a: Crawdaunt|Crunch|p1a: Blissey\n|-end|p1a: Blissey|Substitute\n|move|p1a: Blissey|Ice Beam|p2a: Crawdaunt\n|-resisted|p2a: Crawdaunt\n|-damage|p2a: Crawdaunt|45\/100\n|\n|-heal|p1a: Blissey|14\/100|[from] item: Leftovers\n|-fieldend|move: Electric Terrain\n|upkeep\n|turn|18\n|\n|move|p2a: Crawdaunt|Crunch|p1a: Blissey\n|-damage|p1a: Blissey|0 fnt\n|faint|p1a: Blissey\n|\n|upkeep\n|\n|switch|p1a: Tapu Koko|Tapu Koko|88\/100\n|-damage|p1a: Tapu Koko|76\/100|[from] Stealth Rock\n|-fieldstart|move: Electric Terrain|[from] ability: Electric Surge|[of] p1a: Tapu Koko\n|turn|19\n|\n|switch|p2a: Ferrothorn|Ferrothorn, F|18\/100\n|move|p1a: Tapu Koko|U-turn|p2a: Ferrothorn\n|-damage|p2a: Ferrothorn|9\/100\n|-damage|p1a: Tapu Koko|63\/100|[from] ability: Iron Barbs|[of] p2a: Ferrothorn\n|-damage|p1a: Tapu Koko|47\/100|[from] item: Rocky Helmet|[of] p2a: Ferrothorn\n|\n|switch|p1a: Kyurem|Kyurem-Black|100\/100\n|-damage|p1a: Kyurem|76\/100|[from] Stealth Rock\n|-ability|p1a: Kyurem|Teravolt\n|\n|upkeep\n|turn|20\n|\n|move|p1a: Kyurem|Ice Beam|p2a: Ferrothorn\n|-damage|p2a: Ferrothorn|0 fnt\n|faint|p2a: Ferrothorn\n|\n|upkeep\n|\n|switch|p2a: Lopunny|Lopunny-Mega, M|84\/100\n|turn|21\n|\n|move|p2a: Lopunny|Fake Out|p1a: Kyurem\n|-damage|p1a: Kyurem|57\/100\n|cant|p1a: Kyurem|flinch\n|\n|upkeep\n|turn|22\n|\n|move|p2a: Lopunny|High Jump Kick|p1a: Kyurem\n|-supereffective|p1a: Kyurem\n|-damage|p1a: Kyurem|0 fnt\n|faint|p1a: Kyurem\n|\n|upkeep\n|\n|switch|p1a: Tapu Koko|Tapu Koko|47\/100\n|-damage|p1a: Tapu Koko|34\/100|[from] Stealth Rock\n|turn|23\n|\n|switch|p2a: Tapu Koko|Tapu Koko|68\/100\n|move|p1a: Tapu Koko|Dazzling Gleam|p2a: Tapu Koko\n|-damage|p2a: Tapu Koko|15\/100\n|\n|-fieldend|move: Electric Terrain\n|upkeep\n|turn|24\n|\n|move|p1a: Tapu Koko|Dazzling Gleam|p2a: Tapu Koko\n|-damage|p2a: Tapu Koko|0 fnt\n|faint|p2a: Tapu Koko\n|\n|upkeep\n|\n|switch|p2a: Crawdaunt|Crawdaunt, M|45\/100\n|turn|25\n|\n|move|p2a: Crawdaunt|Aqua Jet|p1a: Tapu Koko\n|-damage|p1a: Tapu Koko|0 fnt\n|faint|p1a: Tapu Koko\n|\n|upkeep\n|\n|switch|p1a: Zygarde|Zygarde|94\/100\n|-damage|p1a: Zygarde|88\/100|[from] Stealth Rock\n|-ability|p1a: Zygarde|Aura Break\n|turn|26\n|\n|switch|p2a: Landorus|Landorus-Therian, M|100\/100\n|-ability|p2a: Landorus|Intimidate|boost\n|-unboost|p1a: Zygarde|atk|1\n|move|p1a: Zygarde|Outrage|p2a: Landorus\n|-damage|p2a: Landorus|45\/100\n|\n|upkeep\n|turn|27\n|\n|move|p2a: Landorus|Explosion|p1a: Zygarde\n|-damage|p1a: Zygarde|7\/100\n|faint|p2a: Landorus\n|move|p1a: Zygarde|Outrage|p2: Landorus|[from]lockedmove|[notarget]\n|-fail|p1a: Zygarde\n|-start|p1a: Zygarde|confusion|[fatigue]\n|\n|upkeep\n|\n|switch|p2a: Crawdaunt|Crawdaunt, M|45\/100\n|turn|28\n|\n|move|p2a: Crawdaunt|Aqua Jet|p1a: Zygarde\n|-damage|p1a: Zygarde|0 fnt\n|faint|p1a: Zygarde\n|\n|win|foxbeatsfalco\n|raw|uuuuiiii's rating: 1360 &rarr; <strong>1342<\/strong><br \/>(-18 for losing)\n|raw|foxbeatsfalco's rating: 1388 &rarr; <strong>1406<\/strong><br \/>(+18 for winning)\n|l|\u2606uuuuiiii\n","uploadtime":1546249369,"views":6,"p1id":"uuuuiiii","p2id":"foxbeatsfalco","formatid":"gen7ou","rating":1342,"private":0,"password":null}