{"id":"gen7battlefactory-1142223058","p1":"Dordzhiev Artem","p2":"BigWes95","format":"gen7battlefactory","log":"|j|\u2606Dordzhiev Artem\n|j|\u2606BigWes95\n|player|p1|Dordzhiev Artem|102|1421\n|player|p2|BigWes95|swimmer-gen4dp|1268\n|teamsize|p1|6\n|teamsize|p2|6\n|gametype|singles\n|gen|7\n|tier|[Gen 7] Battle Factory\n|rated|\n|rule|Sleep Clause Mod: Limit one foe put to sleep\n|clearpoke\n|poke|p1|Abra, L5, M|item\n|poke|p1|Tirtouga, L5, M|item\n|poke|p1|Ponyta, L5, F|item\n|poke|p1|Koffing, L5, F|item\n|poke|p1|Snubbull, L5, F|item\n|poke|p1|Onix, L5, F|item\n|poke|p2|Mienfoo, L5, M|item\n|poke|p2|Buneary, L5, F|item\n|poke|p2|Trubbish, L5, M|item\n|poke|p2|Pikipek, L5, F|item\n|poke|p2|Spritzee, L5, F|item\n|poke|p2|Kabuto, L5, M|item\n|rule|HP Percentage Mod: HP is shown in percentages\n|rule|Mega Rayquaza Clause: You cannot mega evolve Rayquaza\n|teampreview\n|\n|start\n|switch|p1a: Onix|Onix, L5, F|21\/21\n|switch|p2a: Mienfoo|Mienfoo, L5, M|21\/21\n|turn|1\n|\n|move|p1a: Onix|Stealth Rock|p2a: Mienfoo\n|-sidestart|p2: BigWes95|move: Stealth Rock\n|move|p2a: Mienfoo|Knock Off|p1a: Onix\n|-damage|p1a: Onix|15\/21\n|-enditem|p1a: Onix|Berry Juice|[from] move: Knock Off|[of] p2a: Mienfoo\n|\n|upkeep\n|turn|2\n|\n|move|p1a: Onix|Earthquake|p2a: Mienfoo\n|-damage|p2a: Mienfoo|12\/21\n|move|p2a: Mienfoo|High Jump Kick|p1a: Onix|[miss]\n|-miss|p2a: Mienfoo|p1a: Onix\n|-damage|p2a: Mienfoo|2\/21|[from] highjumpkick\n|\n|upkeep\n|turn|3\n|c|\u2606Dordzhiev Artem|Sorry\n|\n|switch|p2a: Buneary|Buneary, L5, F|22\/22\n|-damage|p2a: Buneary|20\/22|[from] Stealth Rock\n|move|p1a: Onix|Rock Blast|p2a: Buneary\n|-damage|p2a: Buneary|16\/22\n|-damage|p2a: Buneary|12\/22\n|-hitcount|p2a: Buneary|2\n|\n|upkeep\n|turn|4\n|\n|move|p2a: Buneary|Drain Punch|p1a: Onix\n|-supereffective|p1a: Onix\n|-damage|p1a: Onix|2\/21\n|-heal|p2a: Buneary|19\/22|[from] drain|[of] p1a: Onix\n|-damage|p2a: Buneary|17\/22|[from] item: Life Orb\n|move|p1a: Onix|Earthquake|p2a: Buneary\n|-damage|p2a: Buneary|2\/22\n|\n|upkeep\n|turn|5\n|\n|move|p2a: Buneary|Drain Punch|p1a: Onix\n|-supereffective|p1a: Onix\n|-damage|p1a: Onix|0 fnt\n|-heal|p2a: Buneary|3\/22|[from] drain|[of] p1a: Onix\n|-damage|p2a: Buneary|1\/22|[from] item: Life Orb\n|faint|p1a: Onix\n|\n|upkeep\n|inactive|Battle timer is ON: inactive players will automatically lose when time's up. (requested by BigWes95)\n|\n|switch|p1a: Snubbull|Snubbull, L5, F|23\/23\n|-ability|p1a: Snubbull|Intimidate|boost\n|-unboost|p2a: Buneary|atk|1\n|turn|6\n|\n|move|p2a: Buneary|Return|p1a: Snubbull\n|-damage|p1a: Snubbull|14\/23\n|-damage|p2a: Buneary|0 fnt|[from] item: Life Orb\n|faint|p2a: Buneary\n|move|p1a: Snubbull|Earthquake|p2: Buneary|[notarget]\n|-fail|p1a: Snubbull\n|\n|upkeep\n|\n|switch|p2a: Kabuto|Kabuto, L5, M|21\/21\n|-damage|p2a: Kabuto|19\/21|[from] Stealth Rock\n|turn|7\n|\n|move|p2a: Kabuto|Rapid Spin|p1a: Snubbull\n|-damage|p1a: Snubbull|12\/23\n|-sideend|p2: BigWes95|Stealth Rock|[from] move: Rapid Spin|[of] p2a: Kabuto\n|move|p1a: Snubbull|Earthquake|p2a: Kabuto\n|-supereffective|p2a: Kabuto\n|-damage|p2a: Kabuto|9\/21\n|-ability|p2a: Kabuto|Weak Armor|boost\n|-unboost|p2a: Kabuto|def|1\n|-boost|p2a: Kabuto|spe|2\n|\n|upkeep\n|turn|8\n|\n|move|p2a: Kabuto|Stealth Rock|p1a: Snubbull\n|-sidestart|p1: Dordzhiev Artem|move: Stealth Rock\n|move|p1a: Snubbull|Earthquake|p2a: Kabuto\n|-supereffective|p2a: Kabuto\n|-damage|p2a: Kabuto|0 fnt\n|faint|p2a: Kabuto\n|\n|upkeep\n|\n|switch|p2a: Trubbish|Trubbish, L5, M|23\/23\n|turn|9\n|\n|move|p2a: Trubbish|Toxic Spikes|p1a: Snubbull\n|-sidestart|p1: Dordzhiev Artem|move: Toxic Spikes\n|move|p1a: Snubbull|Earthquake|p2a: Trubbish\n|-supereffective|p2a: Trubbish\n|-damage|p2a: Trubbish|3\/23\n|-enditem|p2a: Trubbish|Berry Juice\n|-heal|p2a: Trubbish|23\/23|[from] item: Berry Juice\n|\n|upkeep\n|turn|10\n|\n|move|p2a: Trubbish|Gunk Shot|p1a: Snubbull\n|-supereffective|p1a: Snubbull\n|-damage|p1a: Snubbull|0 fnt\n|faint|p1a: Snubbull\n|\n|upkeep\n|\n|switch|p1a: Tirtouga|Tirtouga, L5, M|22\/22\n|-damage|p1a: Tirtouga|20\/22|[from] Stealth Rock\n|-status|p1a: Tirtouga|psn\n|turn|11\n|\n|move|p2a: Trubbish|Drain Punch|p1a: Tirtouga\n|-supereffective|p1a: Tirtouga\n|-damage|p1a: Tirtouga|16\/22 psn\n|move|p1a: Tirtouga|Shell Smash|p1a: Tirtouga\n|-unboost|p1a: Tirtouga|def|1\n|-unboost|p1a: Tirtouga|spd|1\n|-boost|p1a: Tirtouga|atk|2\n|-boost|p1a: Tirtouga|spa|2\n|-boost|p1a: Tirtouga|spe|2\n|\n|-damage|p1a: Tirtouga|14\/22 psn|[from] psn\n|upkeep\n|turn|12\n|\n|move|p1a: Tirtouga|Waterfall|p2a: Trubbish\n|-damage|p2a: Trubbish|1\/23\n|move|p2a: Trubbish|Clear Smog|p1a: Tirtouga\n|-resisted|p1a: Tirtouga\n|-damage|p1a: Tirtouga|11\/22 psn\n|-clearboost|p1a: Tirtouga\n|\n|-damage|p1a: Tirtouga|9\/22 psn|[from] psn\n|upkeep\n|turn|13\n|\n|move|p2a: Trubbish|Drain Punch|p1a: Tirtouga\n|-supereffective|p1a: Tirtouga\n|-damage|p1a: Tirtouga|5\/22 psn\n|-heal|p2a: Trubbish|3\/23|[from] drain|[of] p1a: Tirtouga\n|move|p1a: Tirtouga|Waterfall|p2a: Trubbish\n|-damage|p2a: Trubbish|0 fnt\n|faint|p2a: Trubbish\n|\n|-damage|p1a: Tirtouga|3\/22 psn|[from] psn\n|upkeep\n|\n|switch|p2a: Mienfoo|Mienfoo, L5, M|9\/21\n|turn|14\n|\n|move|p2a: Mienfoo|U-turn|p1a: Tirtouga\n|-damage|p1a: Tirtouga|0 fnt\n|faint|p1a: Tirtouga\n|\n|switch|p2a: Pikipek|Pikipek, L5, F|20\/20\n|\n|upkeep\n|\n|switch|p1a: Abra|Abra, L5, M|19\/19\n|-status|p1a: Abra|psn\n|turn|15\n|\n|move|p1a: Abra|Psychic|p2a: Pikipek\n|-damage|p2a: Pikipek|0 fnt\n|faint|p2a: Pikipek\n|\n|upkeep\n|\n|switch|p2a: Spritzee|Spritzee, L5, F|25\/25\n|turn|16\n|\n|move|p1a: Abra|Psychic|p2a: Spritzee\n|-damage|p2a: Spritzee|10\/25\n|-enditem|p2a: Spritzee|Berry Juice\n|-heal|p2a: Spritzee|25\/25|[from] item: Berry Juice\n|move|p2a: Spritzee|Moonblast|p1a: Abra\n|-damage|p1a: Abra|4\/19 psn\n|-unboost|p1a: Abra|spa|1\n|\n|upkeep\n|turn|17\n|\n|switch|p1a: Ponyta|Ponyta, L5, F|21\/21\n|-status|p1a: Ponyta|psn\n|-damage|p1a: Ponyta|16\/21 psn|[from] Stealth Rock\n|move|p2a: Spritzee|Draining Kiss|p1a: Ponyta\n|-resisted|p1a: Ponyta\n|-damage|p1a: Ponyta|12\/21 psn\n|\n|-damage|p1a: Ponyta|10\/21 psn|[from] psn\n|upkeep\n|turn|18\n|\n|switch|p2a: Mienfoo|Mienfoo, L5, M|16\/21\n|-zpower|p1a: Ponyta\n|move|p1a: Ponyta|Inferno Overdrive|p2a: Mienfoo|[zeffect]\n|-damage|p2a: Mienfoo|0 fnt\n|faint|p2a: Mienfoo\n|\n|-damage|p1a: Ponyta|8\/21 psn|[from] psn\n|upkeep\n|\n|switch|p2a: Spritzee|Spritzee, L5, F|25\/25\n|turn|19\n|\n|move|p1a: Ponyta|Morning Sun|p1a: Ponyta\n|-heal|p1a: Ponyta|18\/21 psn\n|move|p2a: Spritzee|Psychic|p1a: Ponyta\n|-damage|p1a: Ponyta|8\/21 psn\n|\n|-damage|p1a: Ponyta|6\/21 psn|[from] psn\n|upkeep\n|turn|20\n|\n|move|p1a: Ponyta|Flare Blitz|p2a: Spritzee\n|-damage|p2a: Spritzee|6\/25\n|-damage|p1a: Ponyta|0 fnt|[from] Recoil\n|faint|p1a: Ponyta\n|move|p2a: Spritzee|Psychic|p1: Ponyta|[notarget]\n|-fail|p2a: Spritzee\n|\n|upkeep\n|\n|switch|p1a: Abra|Abra, L5, M|4\/19 psn\n|turn|21\n|\n|move|p1a: Abra|Psychic|p2a: Spritzee\n|-damage|p2a: Spritzee|0 fnt\n|faint|p2a: Spritzee\n|\n|win|Dordzhiev Artem\n|l|\u2606BigWes95\n|c|\u2606Dordzhiev Artem|Gg\n","inputlog":">version af8dfa9035405839caa943c6ac531a95acff3801\n>start {\"formatid\":\"gen7battlefactory\",\"seed\":[52735,30071,61002,217],\"rated\":\"Rated battle\"}\n>player p1 {\"name\":\"Dordzhiev Artem\",\"avatar\":\"102\",\"team\":\"\",\"rating\":1421,\"seed\":[58044,57001,50741,58979]}\n>player p2 {\"name\":\"BigWes95\",\"avatar\":\"swimmer-gen4dp\",\"team\":\"\",\"rating\":1268,\"seed\":[1894,19850,32418,6275]}\n>p1 team 6, 2, 3, 4, 5, 1\n>p2 team 1, 2, 3, 4, 5, 6\n>p1 move stealthrock\n>p2 move knockoff\n>p1 move earthquake\n>p2 move highjumpkick\n>p1 move rockblast\n>p2 switch 2\n>p1 move earthquake\n>p2 move drainpunch\n>p1 move earthquake\n>p2 move drainpunch\n>p1 switch 5\n>p1 move earthquake\n>p2 move return\n>p2 switch 6\n>p1 move earthquake\n>p2 move rapidspin\n>p1 move earthquake\n>p2 move stealthrock\n>p2 switch 3\n>p1 move earthquake\n>p2 move toxicspikes\n>p1 move earthquake\n>p2 move gunkshot\n>p1 switch 2\n>p1 move shellsmash\n>p2 move drainpunch\n>p1 move waterfall\n>p2 move clearsmog\n>p1 move waterfall\n>p2 move drainpunch\n>p2 switch 2\n>p1 move waterfall\n>p2 move uturn\n>p2 switch 4\n>p1 switch 6\n>p1 move psychic\n>p2 move flamecharge\n>p2 switch 5\n>p1 move psychic\n>p2 move moonblast\n>p1 switch 3\n>p2 move drainingkiss\n>p1 move flareblitz zmove\n>p2 switch 4\n>p2 switch 4\n>p1 move morningsun\n>p2 move psychic\n>p1 move flareblitz\n>p2 move psychic\n>p1 switch 3\n>p1 move psychic\n>p2 move drainingkiss","uploadtime":1593472560,"views":3,"p1id":"dordzhievartem","p2id":"bigwes95","formatid":"gen7battlefactory","rating":0,"private":0,"password":null}