{"id":"gen7ou-883810458","p1":"why addicted","p2":"LBusta","format":"gen7ou","log":"|j|\u2606why addicted\n|j|\u2606LBusta\n|player|p1|why addicted|168\n|player|p2|LBusta|56\n|teamsize|p1|6\n|teamsize|p2|6\n|gametype|singles\n|gen|7\n|tier|[Gen 7] OU\n|rated|\n|rule|Sleep Clause Mod: Limit one foe put to sleep\n|rule|Species Clause: Limit one of each Pok\u00e9mon\n|rule|OHKO Clause: OHKO moves are banned\n|rule|Moody Clause: Moody is banned\n|rule|Evasion Moves Clause: Evasion moves are banned\n|rule|Endless Battle Clause: Forcing endless battles is banned\n|rule|HP Percentage Mod: HP is shown in percentages\n|clearpoke\n|poke|p1|Medicham, M|item\n|poke|p1|Hydreigon, F|item\n|poke|p1|Gastrodon, M|item\n|poke|p1|Heatran, M|item\n|poke|p1|Tornadus-Therian, M|item\n|poke|p1|Kartana|item\n|poke|p2|Hawlucha, M|item\n|poke|p2|Kartana|item\n|poke|p2|Tapu Koko|item\n|poke|p2|Landorus-Therian, M|item\n|poke|p2|Porygon-Z|item\n|poke|p2|Pinsir, M|item\n|teampreview\n|inactive|Battle timer is ON: inactive players will automatically lose when time's up. (requested by why addicted)\n|\n|start\n|switch|p1a: Predict|Medicham, M|100\/100\n|switch|p2a: Toilet paper|Kartana|100\/100\n|turn|1\n|\n|switch|p2a: Flying doggo|Landorus-Therian, M|100\/100\n|-ability|p2a: Flying doggo|Intimidate|boost\n|-unboost|p1a: Predict|atk|1\n|detailschange|p1a: Predict|Medicham-Mega, M\n|-mega|p1a: Predict|Medicham|Medichamite\n|move|p1a: Predict|Fake Out|p2a: Flying doggo\n|-damage|p2a: Flying doggo|88\/100\n|\n|-heal|p2a: Flying doggo|94\/100|[from] item: Leftovers\n|upkeep\n|turn|2\n|\n|move|p1a: Predict|Ice Punch|p2a: Flying doggo\n|-supereffective|p2a: Flying doggo\n|-damage|p2a: Flying doggo|5\/100\n|move|p2a: Flying doggo|Stealth Rock|p1a: Predict\n|-sidestart|p1: why addicted|move: Stealth Rock\n|\n|-heal|p2a: Flying doggo|11\/100|[from] item: Leftovers\n|upkeep\n|turn|3\n|\n|switch|p1a: Reliable|Tornadus-Therian, M|100\/100\n|-damage|p1a: Reliable|76\/100|[from] Stealth Rock\n|move|p2a: Flying doggo|U-turn|p1a: Reliable\n|-resisted|p1a: Reliable\n|-damage|p1a: Reliable|64\/100\n|-damage|p2a: Flying doggo|0 fnt|[from] item: Rocky Helmet|[of] p1a: Reliable\n|faint|p2a: Flying doggo\n|\n|upkeep\n|j| Z THE OM GOD\n|inactive|LBusta has 120 seconds left.\n|inactive|LBusta has 90 seconds left.\n|inactive|LBusta has 60 seconds left.\n|\n|switch|p2a: Doping|Porygon-Z|100\/100\n|turn|4\n|\n|move|p1a: Reliable|U-turn|p2a: Doping\n|-damage|p2a: Doping|79\/100\n|\n|switch|p1a: Broken|Heatran, M|100\/100\n|-damage|p1a: Broken|88\/100|[from] Stealth Rock\n|-zpower|p2a: Doping\n|move|p2a: Doping|Z-Conversion|p2a: Doping|[anim]Conversion\n|-boost|p2a: Doping|atk|1|[zeffect]\n|-boost|p2a: Doping|def|1|[zeffect]\n|-boost|p2a: Doping|spa|1|[zeffect]\n|-boost|p2a: Doping|spd|1|[zeffect]\n|-boost|p2a: Doping|spe|1|[zeffect]\n|-start|p2a: Doping|typechange|Electric\n|\n|-heal|p1a: Broken|94\/100|[from] item: Leftovers\n|upkeep\n|turn|5\n|inactive|LBusta has 60 seconds left.\n|\n|move|p2a: Doping|Thunderbolt|p1a: Broken\n|-damage|p1a: Broken|32\/100\n|move|p1a: Broken|Stealth Rock|p2a: Doping\n|-sidestart|p2: LBusta|move: Stealth Rock\n|\n|-heal|p1a: Broken|38\/100|[from] item: Leftovers\n|upkeep\n|turn|6\n|\n|switch|p1a: Underrated|Gastrodon, M|100\/100\n|-damage|p1a: Underrated|94\/100|[from] Stealth Rock\n|move|p2a: Doping|Thunderbolt|p1a: Underrated\n|-immune|p1a: Underrated\n|\n|-heal|p1a: Underrated|100\/100|[from] item: Leftovers\n|upkeep\n|turn|7\n|\n|move|p2a: Doping|Ice Beam|p1a: Underrated\n|-damage|p1a: Underrated|67\/100\n|move|p1a: Underrated|Toxic|p2a: Doping\n|-status|p2a: Doping|tox\n|\n|-heal|p1a: Underrated|73\/100|[from] item: Leftovers\n|-damage|p2a: Doping|73\/100 tox|[from] psn\n|upkeep\n|turn|8\n|\n|move|p2a: Doping|Ice Beam|p1a: Underrated\n|-damage|p1a: Underrated|39\/100\n|-status|p1a: Underrated|frz\n|cant|p1a: Underrated|frz\n|\n|-heal|p1a: Underrated|45\/100 frz|[from] item: Leftovers\n|-damage|p2a: Doping|60\/100 tox|[from] psn\n|upkeep\n|turn|9\n|j| uhgdfbdjfbgs\n|\n|move|p2a: Doping|Ice Beam|p1a: Underrated\n|-damage|p1a: Underrated|15\/100 frz\n|-curestatus|p1a: Underrated|frz|[from] move: Scald\n|move|p1a: Underrated|Scald|p2a: Doping\n|-damage|p2a: Doping|35\/100 tox\n|\n|-heal|p1a: Underrated|21\/100|[from] item: Leftovers\n|-damage|p2a: Doping|17\/100 tox|[from] psn\n|upkeep\n|turn|10\n|\n|move|p2a: Doping|Ice Beam|p1a: Underrated\n|-damage|p1a: Underrated|0 fnt\n|faint|p1a: Underrated\n|\n|-damage|p2a: Doping|0 fnt|[from] psn\n|faint|p2a: Doping\n|upkeep\n|inactive|LBusta has 90 seconds left.\n|\n|switch|p2a: Tapu peepee|Tapu Koko|100\/100\n|switch|p1a: Predict|Medicham-Mega, M|100\/100\n|-damage|p2a: Tapu peepee|88\/100|[from] Stealth Rock\n|-fieldstart|move: Electric Terrain|[from] ability: Electric Surge|[of] p2a: Tapu peepee\n|-damage|p1a: Predict|94\/100|[from] Stealth Rock\n|turn|11\n|\n|move|p1a: Predict|Fake Out|p2a: Tapu peepee\n|-damage|p2a: Tapu peepee|53\/100\n|cant|p2a: Tapu peepee|flinch\n|\n|upkeep\n|turn|12\n|\n|switch|p1a: wHyadreigon|Hydreigon, F|100\/100\n|-damage|p1a: wHyadreigon|88\/100|[from] Stealth Rock\n|move|p2a: Tapu peepee|Thunderbolt|p1a: wHyadreigon\n|-resisted|p1a: wHyadreigon\n|-damage|p1a: wHyadreigon|41\/100\n|\n|upkeep\n|turn|13\n|\n|move|p2a: Tapu peepee|Thunderbolt|p1a: wHyadreigon\n|-resisted|p1a: wHyadreigon\n|-damage|p1a: wHyadreigon|0 fnt\n|faint|p1a: wHyadreigon\n|\n|upkeep\n|\n|switch|p1a: Wincon|Kartana|100\/100\n|-damage|p1a: Wincon|94\/100|[from] Stealth Rock\n|turn|14\n|\n|move|p1a: Wincon|Smart Strike|p2a: Tapu peepee\n|-damage|p2a: Tapu peepee|0 fnt\n|faint|p2a: Tapu peepee\n|-ability|p1a: Wincon|Beast Boost|boost\n|-boost|p1a: Wincon|atk|1\n|\n|upkeep\n|\n|switch|p2a: Edgy bird|Hawlucha, M|100\/100\n|-damage|p2a: Edgy bird|88\/100|[from] Stealth Rock\n|-enditem|p2a: Edgy bird|Electric Seed\n|-boost|p2a: Edgy bird|def|1\n|turn|15\n|\n|move|p2a: Edgy bird|Swords Dance|p2a: Edgy bird\n|-boost|p2a: Edgy bird|atk|2\n|move|p1a: Wincon|Smart Strike|p2a: Edgy bird\n|-damage|p2a: Edgy bird|23\/100\n|\n|-fieldend|move: Electric Terrain\n|upkeep\n|turn|16\n|\n|switch|p1a: Broken|Heatran, M|38\/100\n|-damage|p1a: Broken|26\/100|[from] Stealth Rock\n|move|p2a: Edgy bird|High Jump Kick|p1a: Broken\n|-supereffective|p1a: Broken\n|-damage|p1a: Broken|0 fnt\n|faint|p1a: Broken\n|\n|upkeep\n|\n|switch|p1a: Predict|Medicham-Mega, M|94\/100\n|-damage|p1a: Predict|88\/100|[from] Stealth Rock\n|turn|17\n|\n|move|p1a: Predict|Fake Out|p2a: Edgy bird\n|-damage|p2a: Edgy bird|1\/100\n|cant|p2a: Edgy bird|flinch\n|\n|upkeep\n|turn|18\n|l| Z THE OM GOD\n|\n|switch|p1a: Wincon|Kartana|94\/100\n|-damage|p1a: Wincon|88\/100|[from] Stealth Rock\n|move|p2a: Edgy bird|Acrobatics|p1a: Wincon\n|-damage|p1a: Wincon|0 fnt\n|faint|p1a: Wincon\n|\n|upkeep\n|\n|switch|p1a: Predict|Medicham-Mega, M|88\/100\n|-damage|p1a: Predict|82\/100|[from] Stealth Rock\n|turn|19\n|\n|move|p1a: Predict|Fake Out|p2a: Edgy bird\n|-damage|p2a: Edgy bird|0 fnt\n|faint|p2a: Edgy bird\n|\n|upkeep\n|\n|switch|p2a: Toilet paper|Kartana|100\/100\n|-damage|p2a: Toilet paper|94\/100|[from] Stealth Rock\n|turn|20\n|\n|move|p2a: Toilet paper|Leaf Blade|p1a: Predict\n|-damage|p1a: Predict|0 fnt\n|faint|p1a: Predict\n|-ability|p2a: Toilet paper|Beast Boost|boost\n|-boost|p2a: Toilet paper|atk|1\n|\n|upkeep\n|\n|switch|p1a: Reliable|Tornadus-Therian, M|97\/100\n|-damage|p1a: Reliable|73\/100|[from] Stealth Rock\n|turn|21\n|\n|move|p1a: Reliable|Hurricane|p2a: Toilet paper\n|-damage|p2a: Toilet paper|0 fnt\n|faint|p2a: Toilet paper\n|\n|upkeep\n|\n|switch|p2a: THANOS pinsir|Pinsir, M, shiny|100\/100\n|-damage|p2a: THANOS pinsir|76\/100|[from] Stealth Rock\n|turn|22\n|\n|detailschange|p2a: THANOS pinsir|Pinsir-Mega, M, shiny\n|-mega|p2a: THANOS pinsir|Pinsir|Pinsirite\n|move|p1a: Reliable|Hurricane|p2a: THANOS pinsir\n|-supereffective|p2a: THANOS pinsir\n|-damage|p2a: THANOS pinsir|0 fnt\n|faint|p2a: THANOS pinsir\n|\n|win|why addicted\n|raw|why addicted's rating: 1909 &rarr; <strong>1922<\/strong><br \/>(+13 for winning)\n|raw|LBusta's rating: 1779 &rarr; <strong>1766<\/strong><br \/>(-13 for losing)\n|c|\u2606LBusta|Gg\n","uploadtime":1553859794,"views":82,"p1id":"whyaddicted","p2id":"lbusta","formatid":"gen7ou","rating":1766,"private":0,"password":null}