{"id":"gen7ou-971638725","p1":"Kaylss","p2":"Daisuke Shirou","format":"gen7ou","log":"|j|\u2606Kaylss\n|j|\u2606Daisuke Shirou\n|player|p1|Kaylss|138|1360\n|player|p2|Daisuke Shirou|141|1331\n|teamsize|p1|6\n|teamsize|p2|6\n|gametype|singles\n|gen|7\n|tier|[Gen 7] OU\n|rated|\n|rule|Sleep Clause Mod: Limit one foe put to sleep\n|rule|Species Clause: Limit one of each Pok\u00e9mon\n|rule|OHKO Clause: OHKO moves are banned\n|rule|Moody Clause: Moody is banned\n|rule|Evasion Moves Clause: Evasion moves are banned\n|rule|Endless Battle Clause: Forcing endless battles is banned\n|rule|HP Percentage Mod: HP is shown in percentages\n|clearpoke\n|poke|p1|Clefable, M|item\n|poke|p1|Tapu Koko|item\n|poke|p1|Reuniclus, F|item\n|poke|p1|Sableye, M|item\n|poke|p1|Latias, F|item\n|poke|p1|Forretress, M|item\n|poke|p2|Mawile, M|item\n|poke|p2|Greninja, M|item\n|poke|p2|Landorus-Therian, M|item\n|poke|p2|Ferrothorn, M|item\n|poke|p2|Tentacruel, M|item\n|poke|p2|Thundurus-Therian, M|item\n|teampreview\n|\n|start\n|switch|p1a: Tapu Koko|Tapu Koko|100\/100\n|switch|p2a: Landorus|Landorus-Therian, M|100\/100\n|-ability|p2a: Landorus|Intimidate|boost\n|-unboost|p1a: Tapu Koko|atk|1\n|-fieldstart|move: Electric Terrain|[from] ability: Electric Surge|[of] p1a: Tapu Koko\n|turn|1\n|\n|switch|p1a: Forretress|Forretress, M|100\/100\n|move|p2a: Landorus|Earthquake|p1a: Forretress\n|-damage|p1a: Forretress|68\/100\n|\n|-heal|p1a: Forretress|74\/100|[from] item: Leftovers\n|upkeep\n|turn|2\n|\n|switch|p2a: Tentacruel|Tentacruel, M|100\/100\n|move|p1a: Forretress|Light Screen|p1a: Forretress\n|-sidestart|p1: Kaylss|move: Light Screen\n|\n|-heal|p1a: Forretress|80\/100|[from] item: Leftovers\n|upkeep\n|turn|3\n|\n|move|p2a: Tentacruel|Rapid Spin|p1a: Forretress\n|-resisted|p1a: Forretress\n|-damage|p1a: Forretress|80\/100\n|move|p1a: Forretress|Reflect|p1a: Forretress\n|-sidestart|p1: Kaylss|Reflect\n|\n|-heal|p1a: Forretress|86\/100|[from] item: Leftovers\n|upkeep\n|turn|4\n|\n|switch|p1a: Clefable|Clefable, M|100\/100\n|move|p2a: Tentacruel|Toxic Spikes|p1a: Clefable\n|-sidestart|p1: Kaylss|move: Toxic Spikes\n|\n|upkeep\n|turn|5\n|\n|switch|p2a: Thundurus|Thundurus-Therian, M|100\/100\n|move|p1a: Clefable|Cosmic Power|p1a: Clefable\n|-boost|p1a: Clefable|def|1\n|-boost|p1a: Clefable|spd|1\n|\n|-fieldend|move: Electric Terrain\n|upkeep\n|turn|6\n|\n|move|p2a: Thundurus|Nasty Plot|p2a: Thundurus\n|-boost|p2a: Thundurus|spa|2\n|move|p1a: Clefable|Cosmic Power|p1a: Clefable\n|-boost|p1a: Clefable|def|1\n|-boost|p1a: Clefable|spd|1\n|\n|-sideend|p1: Kaylss|move: Light Screen\n|upkeep\n|turn|7\n|\n|move|p2a: Thundurus|Nasty Plot|p2a: Thundurus\n|-boost|p2a: Thundurus|spa|2\n|move|p1a: Clefable|Cosmic Power|p1a: Clefable\n|-boost|p1a: Clefable|def|1\n|-boost|p1a: Clefable|spd|1\n|\n|-sideend|p1: Kaylss|Reflect\n|upkeep\n|turn|8\n|\n|move|p2a: Thundurus|Thunderbolt|p1a: Clefable\n|-damage|p1a: Clefable|47\/100\n|move|p1a: Clefable|Cosmic Power|p1a: Clefable\n|-boost|p1a: Clefable|def|1\n|-boost|p1a: Clefable|spd|1\n|\n|-heal|p1a: Clefable|53\/100|[from] item: Leftovers\n|upkeep\n|turn|9\n|\n|move|p2a: Thundurus|Nasty Plot|p2a: Thundurus\n|-boost|p2a: Thundurus|spa|2\n|move|p1a: Clefable|Soft-Boiled|p1a: Clefable\n|-heal|p1a: Clefable|100\/100\n|\n|upkeep\n|turn|10\n|\n|move|p2a: Thundurus|Thunderbolt|p1a: Clefable\n|-damage|p1a: Clefable|40\/100\n|move|p1a: Clefable|Cosmic Power|p1a: Clefable\n|-boost|p1a: Clefable|def|1\n|-boost|p1a: Clefable|spd|1\n|\n|-heal|p1a: Clefable|46\/100|[from] item: Leftovers\n|upkeep\n|turn|11\n|\n|move|p2a: Thundurus|Thunderbolt|p1a: Clefable\n|-damage|p1a: Clefable|0 fnt\n|faint|p1a: Clefable\n|\n|upkeep\n|-message|Kaylss forfeited.\n|\n|win|Daisuke Shirou\n|l|\u2606Kaylss\n|raw|Kaylss's rating: 1341 &rarr; <strong>1321<\/strong><br \/>(-20 for losing)\n|raw|Daisuke Shirou's rating: 1331 &rarr; <strong>1351<\/strong><br \/>(+20 for winning)\n","uploadtime":1567736878,"views":9,"p1id":"kaylss","p2id":"daisukeshirou","formatid":"gen7ou","rating":1321,"private":0,"password":null}