{"id":"gen7ou-706599663","p1":"jly8","p2":"ABunnyin3d","format":"gen7ou","log":"|j|\u2606jly8\n|j|\u2606ABunnyin3d\n|player|p1|jly8|80\n|player|p2|ABunnyin3d|7\n|teamsize|p1|6\n|teamsize|p2|6\n|gametype|singles\n|gen|7\n|tier|[Gen 7] OU\n|rated|\n|rule|Sleep Clause Mod: Limit one foe put to sleep\n|rule|Species Clause: Limit one of each Pok\u00e9mon\n|rule|OHKO Clause: OHKO moves are banned\n|rule|Moody Clause: Moody is banned\n|rule|Evasion Moves Clause: Evasion moves are banned\n|rule|Endless Battle Clause: Forcing endless battles is banned\n|rule|HP Percentage Mod: HP is shown in percentages\n|clearpoke\n|poke|p1|Landorus-Therian, M|item\n|poke|p1|Tapu Lele|item\n|poke|p1|Tornadus-Therian, M|item\n|poke|p1|Rotom-Wash|item\n|poke|p1|Tyranitar, M|item\n|poke|p1|Tangrowth, F|item\n|poke|p2|Tangrowth, F|item\n|poke|p2|Absol, M|item\n|poke|p2|Slowking, M|item\n|poke|p2|Heatran, F|item\n|poke|p2|Garchomp, F|item\n|poke|p2|Mew|item\n|teampreview\n|j| Arrito\n|\n|start\n|switch|p1a: Tornadus|Tornadus-Therian, M|100\/100\n|switch|p2a: Mew|Mew|100\/100\n|turn|1\n|\n|move|p1a: Tornadus|Knock Off|p2a: Mew\n|-supereffective|p2a: Mew\n|-damage|p2a: Mew|72\/100\n|move|p2a: Mew|Rock Polish|p2a: Mew\n|-boost|p2a: Mew|spe|2\n|\n|upkeep\n|turn|2\n|\n|move|p2a: Mew|Nasty Plot|p2a: Mew\n|-boost|p2a: Mew|spa|2\n|move|p1a: Tornadus|U-turn|p2a: Mew\n|-supereffective|p2a: Mew\n|-damage|p2a: Mew|42\/100\n|\n|switch|p1a: Tyranitar|Tyranitar, M|100\/100\n|-weather|Sandstorm|[from] ability: Sand Stream|[of] p1a: Tyranitar\n|\n|-weather|Sandstorm|[upkeep]\n|-damage|p2a: Mew|36\/100|[from] sandstorm\n|upkeep\n|turn|3\n|\n|-mega|p1a: Tyranitar|Tyranitar|Tyranitarite\n|detailschange|p1a: Tyranitar|Tyranitar-Mega, M\n|move|p2a: Mew|Aura Sphere|p1a: Tyranitar\n|-supereffective|p1a: Tyranitar\n|-damage|p1a: Tyranitar|0 fnt\n|faint|p1a: Tyranitar\n|\n|-weather|Sandstorm|[upkeep]\n|-damage|p2a: Mew|30\/100|[from] sandstorm\n|upkeep\n|\n|switch|p1a: Rotom|Rotom-Wash|100\/100\n|turn|4\n|\n|-zpower|p2a: Mew\n|move|p2a: Mew|Genesis Supernova|p1a: Rotom|[zeffect]\n|-damage|p1a: Rotom|0 fnt\n|-fieldstart|move: Psychic Terrain\n|faint|p1a: Rotom\n|\n|-weather|Sandstorm|[upkeep]\n|-damage|p2a: Mew|23\/100|[from] sandstorm\n|upkeep\n|\n|switch|p1a: Tornadus|Tornadus-Therian, M|100\/100\n|turn|5\n|\n|move|p2a: Mew|Psychic|p1a: Tornadus\n|-damage|p1a: Tornadus|10\/100\n|move|p1a: Tornadus|U-turn|p2a: Mew\n|-supereffective|p2a: Mew\n|-damage|p2a: Mew|0 fnt\n|faint|p2a: Mew\n|\n|switch|p1a: Tapu Lele|Tapu Lele|100\/100\n|\n|-weather|Sandstorm|[upkeep]\n|-damage|p1a: Tapu Lele|94\/100|[from] sandstorm\n|upkeep\n|\n|switch|p2a: Slowking|Slowking, M|100\/100\n|turn|6\n|\n|move|p1a: Tapu Lele|Moonblast|p2a: Slowking\n|-damage|p2a: Slowking|67\/100\n|-unboost|p2a: Slowking|spa|1\n|move|p2a: Slowking|Future Sight|p1a: Tapu Lele\n|-start|p2a: Slowking|move: Future Sight\n|\n|-weather|none\n|upkeep\n|turn|7\n|\n|switch|p1a: Tornadus|Tornadus-Therian, M|44\/100\n|switch|p2a: Heatran|Heatran, F|100\/100\n|\n|upkeep\n|turn|8\n|\n|switch|p2a: Tangrowth|Tangrowth, F|100\/100\n|move|p1a: Tornadus|U-turn|p2a: Tangrowth\n|-supereffective|p2a: Tangrowth\n|-damage|p2a: Tangrowth|84\/100\n|\n|switch|p1a: Tangrowth|Tangrowth, F|100\/100\n|\n|-end|p1a: Tangrowth|move: Future Sight\n|-damage|p1a: Tangrowth|0 fnt\n|-heal|p2a: Tangrowth|90\/100|[from] item: Leftovers\n|-fieldend|move: Psychic Terrain\n|upkeep\n|faint|p1a: Tangrowth\n|\n|switch|p1a: Tornadus|Tornadus-Therian, M|77\/100\n|turn|9\n|\n|switch|p2a: Slowking|Slowking, M|99\/100\n|move|p1a: Tornadus|Hurricane|p2a: Slowking|[miss]\n|-miss|p1a: Tornadus|p2a: Slowking\n|\n|upkeep\n|turn|10\n|\n|move|p1a: Tornadus|Knock Off|p2a: Slowking\n|-supereffective|p2a: Slowking\n|-damage|p2a: Slowking|59\/100\n|-enditem|p2a: Slowking|Assault Vest|[from] move: Knock Off|[of] p1a: Tornadus\n|move|p2a: Slowking|Future Sight|p1a: Tornadus\n|-start|p2a: Slowking|move: Future Sight\n|\n|upkeep\n|turn|11\n|\n|move|p1a: Tornadus|Hurricane|p2a: Slowking|[miss]\n|-miss|p1a: Tornadus|p2a: Slowking\n|move|p2a: Slowking|Scald|p1a: Tornadus\n|-damage|p1a: Tornadus|50\/100\n|\n|upkeep\n|turn|12\n|\n|move|p1a: Tornadus|U-turn|p2a: Slowking\n|-supereffective|p2a: Slowking\n|-damage|p2a: Slowking|30\/100\n|\n|switch|p1a: Tapu Lele|Tapu Lele|94\/100\n|-fieldstart|move: Psychic Terrain|[from] ability: Psychic Surge|[of] p1a: Tapu Lele\n|move|p2a: Slowking|Scald|p1a: Tapu Lele\n|-damage|p1a: Tapu Lele|55\/100\n|-status|p1a: Tapu Lele|brn\n|\n|-end|p1a: Tapu Lele|move: Future Sight\n|-resisted|p1a: Tapu Lele\n|-damage|p1a: Tapu Lele|10\/100 brn\n|-damage|p1a: Tapu Lele|4\/100 brn|[from] brn\n|upkeep\n|turn|13\n|\n|switch|p2a: Heatran|Heatran, F|100\/100\n|move|p1a: Tapu Lele|Psyshock|p2a: Heatran\n|-resisted|p2a: Heatran\n|-damage|p2a: Heatran|63\/100\n|\n|-heal|p2a: Heatran|69\/100|[from] item: Leftovers\n|-damage|p1a: Tapu Lele|0 fnt|[from] brn\n|upkeep\n|faint|p1a: Tapu Lele\n|\n|switch|p1a: Landorus|Landorus-Therian, M|100\/100\n|-ability|p1a: Landorus|Intimidate|boost\n|-unboost|p2a: Heatran|atk|1\n|turn|14\n|\n|switch|p2a: Tangrowth|Tangrowth, F|100\/100\n|move|p1a: Landorus|Stealth Rock|p2a: Tangrowth\n|-sidestart|p2: ABunnyin3d|move: Stealth Rock\n|\n|upkeep\n|turn|15\n|\n|move|p1a: Landorus|U-turn|p2a: Tangrowth\n|-supereffective|p2a: Tangrowth\n|-damage|p2a: Tangrowth|77\/100\n|\n|switch|p1a: Tornadus|Tornadus-Therian, M|83\/100\n|move|p2a: Tangrowth|Knock Off|p1a: Tornadus\n|-damage|p1a: Tornadus|53\/100\n|-enditem|p1a: Tornadus|Assault Vest|[from] move: Knock Off|[of] p2a: Tangrowth\n|\n|-heal|p2a: Tangrowth|83\/100|[from] item: Leftovers\n|upkeep\n|turn|16\n|\n|switch|p2a: Heatran|Heatran, F|69\/100\n|-damage|p2a: Heatran|56\/100|[from] Stealth Rock\n|move|p1a: Tornadus|Knock Off|p2a: Heatran\n|-crit|p2a: Heatran\n|-damage|p2a: Heatran|31\/100\n|-enditem|p2a: Heatran|Leftovers|[from] move: Knock Off|[of] p1a: Tornadus\n|\n|-fieldend|move: Psychic Terrain\n|upkeep\n|turn|17\n|\n|move|p1a: Tornadus|U-turn|p2a: Heatran\n|-resisted|p2a: Heatran\n|-damage|p2a: Heatran|28\/100\n|\n|switch|p1a: Landorus|Landorus-Therian, M|100\/100\n|-ability|p1a: Landorus|Intimidate|boost\n|-unboost|p2a: Heatran|atk|1\n|move|p2a: Heatran|Stealth Rock|p1a: Landorus\n|-sidestart|p1: jly8|move: Stealth Rock\n|\n|upkeep\n|turn|18\n|\n|move|p2a: Heatran|Magma Storm|p1a: Landorus\n|-crit|p1a: Landorus\n|-damage|p1a: Landorus|30\/100\n|-activate|p1a: Landorus|move: Magma Storm|[of] p2a: Heatran\n|move|p1a: Landorus|Defog|p2a: Heatran\n|-unboost|p2a: Heatran|evasion|1\n|-sideend|p2: ABunnyin3d|Stealth Rock|[from] move: Defog|[of] p2a: Heatran\n|-sideend|p1: jly8|Stealth Rock|[from] move: Defog|[of] p1a: Landorus\n|\n|-heal|p1a: Landorus|36\/100|[from] item: Leftovers\n|-damage|p1a: Landorus|24\/100|[from] move: Magma Storm|[partiallytrapped]\n|upkeep\n|turn|19\n|\n|move|p2a: Heatran|Stealth Rock|p1a: Landorus\n|-sidestart|p1: jly8|move: Stealth Rock\n|move|p1a: Landorus|Earthquake|p2a: Heatran\n|-supereffective|p2a: Heatran\n|-damage|p2a: Heatran|0 fnt\n|faint|p2a: Heatran\n|\n|-heal|p1a: Landorus|30\/100|[from] item: Leftovers\n|upkeep\n|\n|switch|p2a: Garchomp|Garchomp, F|100\/100\n|turn|20\n|\n|move|p2a: Garchomp|Dragon Claw|p1a: Landorus\n|-damage|p1a: Landorus|0 fnt\n|-damage|p2a: Garchomp|91\/100|[from] item: Life Orb\n|faint|p1a: Landorus\n|\n|upkeep\n|\n|switch|p1a: Tornadus|Tornadus-Therian, M|86\/100\n|-damage|p1a: Tornadus|61\/100|[from] Stealth Rock\n|turn|21\n|\n|move|p1a: Tornadus|Hurricane|p2a: Garchomp\n|-damage|p2a: Garchomp|39\/100\n|move|p2a: Garchomp|Dragon Claw|p1a: Tornadus\n|-damage|p1a: Tornadus|0 fnt\n|-damage|p2a: Garchomp|30\/100|[from] item: Life Orb\n|faint|p1a: Tornadus\n|\n|win|ABunnyin3d\n","inputlog":null,"uploadtime":1519071880,"views":11,"p1id":"jly8","p2id":"abunnyin3d","formatid":"gen7ou","rating":0,"private":0,"password":null}