{"id":"gen7ou-1661693733","p1":"mahuateng111","p2":"HQSFUN","format":"gen7ou","log":"|j|\u2606mahuateng111\n|j|\u2606HQSFUN\n|t:|1662914207\n|gametype|singles\n|player|p1|mahuateng111|ghetsis-gen5bw|1417\n|player|p2|HQSFUN|veteranf|1473\n|teamsize|p1|6\n|teamsize|p2|6\n|gen|7\n|tier|[Gen 7] OU\n|rated|\n|rule|Sleep Clause Mod: Limit one foe put to sleep\n|rule|Species Clause: Limit one of each Pok\u00e9mon\n|rule|OHKO Clause: OHKO moves are banned\n|rule|Moody Clause: Moody is banned\n|rule|Evasion Items Clause: Evasion items are banned\n|rule|Evasion Moves Clause: Evasion moves are banned\n|rule|Endless Battle Clause: Forcing endless battles is banned\n|rule|HP Percentage Mod: HP is shown in percentages\n|clearpoke\n|poke|p1|Venusaur, M|item\n|poke|p1|Garchomp, M|item\n|poke|p1|Landorus-Therian, M|item\n|poke|p1|Tapu Lele|item\n|poke|p1|Tapu Fini|item\n|poke|p1|Celesteela|item\n|poke|p2|Gyarados, F|item\n|poke|p2|Greninja, M|item\n|poke|p2|Landorus-Therian, M|item\n|poke|p2|Tyranitar, F|item\n|poke|p2|Serperior, M|item\n|poke|p2|Magearna|item\n|teampreview\n|\n|t:|1662914217\n|start\n|switch|p1a: Venusaur|Venusaur, M|100\/100\n|switch|p2a: Landorus|Landorus-Therian, M|100\/100\n|-ability|p2a: Landorus|Intimidate|boost\n|-unboost|p1a: Venusaur|atk|1\n|turn|1\n|inactive|Battle timer is ON: inactive players will automatically lose when time's up. (requested by HQSFUN)\n|\n|t:|1662914228\n|detailschange|p1a: Venusaur|Venusaur-Mega, M\n|-mega|p1a: Venusaur|Venusaur|Venusaurite\n|move|p2a: Landorus|Stealth Rock|p1a: Venusaur\n|-sidestart|p1: mahuateng111|move: Stealth Rock\n|move|p1a: Venusaur|Sludge Bomb|p2a: Landorus\n|-resisted|p2a: Landorus\n|-damage|p2a: Landorus|79\/100\n|\n|upkeep\n|turn|2\n|\n|t:|1662914235\n|move|p2a: Landorus|Earthquake|p1a: Venusaur\n|-damage|p1a: Venusaur|63\/100\n|move|p1a: Venusaur|Leech Seed|p2a: Landorus\n|-start|p2a: Landorus|move: Leech Seed\n|\n|-damage|p2a: Landorus|67\/100|[from] Leech Seed|[of] p1a: Venusaur\n|-heal|p1a: Venusaur|74\/100|[silent]\n|upkeep\n|turn|3\n|\n|t:|1662914241\n|move|p2a: Landorus|Explosion|p1a: Venusaur\n|-damage|p1a: Venusaur|13\/100\n|faint|p2a: Landorus\n|move|p1a: Venusaur|Synthesis|p1a: Venusaur\n|-heal|p1a: Venusaur|63\/100\n|\n|upkeep\n|\n|t:|1662914249\n|switch|p2a: Gyarados|Gyarados, F|100\/100\n|turn|4\n|\n|t:|1662914251\n|move|p2a: Gyarados|Substitute|p2a: Gyarados\n|-start|p2a: Gyarados|Substitute\n|-damage|p2a: Gyarados|76\/100\n|move|p1a: Venusaur|Leech Seed||[still]\n|-fail|p1a: Venusaur\n|\n|-heal|p2a: Gyarados|82\/100|[from] item: Leftovers\n|upkeep\n|turn|5\n|\n|t:|1662914258\n|move|p2a: Gyarados|Dragon Dance|p2a: Gyarados\n|-boost|p2a: Gyarados|atk|1\n|-boost|p2a: Gyarados|spe|1\n|move|p1a: Venusaur|Sludge Bomb|p2a: Gyarados\n|-end|p2a: Gyarados|Substitute\n|\n|-heal|p2a: Gyarados|88\/100|[from] item: Leftovers\n|upkeep\n|turn|6\n|\n|t:|1662914266\n|move|p2a: Gyarados|Bounce||[still]\n|-prepare|p2a: Gyarados|Bounce\n|move|p1a: Venusaur|Sludge Bomb|p2a: Gyarados|[miss]\n|-miss|p1a: Venusaur|p2a: Gyarados\n|\n|-heal|p2a: Gyarados|94\/100|[from] item: Leftovers\n|upkeep\n|turn|7\n|\n|t:|1662914275\n|switch|p1a: Landorus|Landorus-Therian, M|100\/100\n|-damage|p1a: Landorus|88\/100|[from] Stealth Rock\n|-ability|p1a: Landorus|Intimidate|boost\n|-unboost|p2a: Gyarados|atk|1\n|move|p2a: Gyarados|Bounce|p1a: Landorus|[from]lockedmove\n|-damage|p1a: Landorus|43\/100\n|\n|-heal|p2a: Gyarados|100\/100|[from] item: Leftovers\n|upkeep\n|turn|8\n|\n|t:|1662914289\n|move|p1a: Landorus|Stone Edge|p2a: Gyarados\n|-supereffective|p2a: Gyarados\n|-damage|p2a: Gyarados|13\/100\n|move|p2a: Gyarados|Substitute|p2a: Gyarados\n|-fail|p2a: Gyarados|move: Substitute|[weak]\n|\n|-heal|p2a: Gyarados|19\/100|[from] item: Leftovers\n|upkeep\n|turn|9\n|\n|t:|1662914301\n|switch|p1a: Tapu Fini|Tapu Fini|100\/100\n|-damage|p1a: Tapu Fini|88\/100|[from] Stealth Rock\n|-fieldstart|move: Misty Terrain|[from] ability: Misty Surge|[of] p1a: Tapu Fini\n|move|p2a: Gyarados|Waterfall|p1a: Tapu Fini\n|-resisted|p1a: Tapu Fini\n|-damage|p1a: Tapu Fini|71\/100\n|\n|-heal|p2a: Gyarados|25\/100|[from] item: Leftovers\n|-heal|p1a: Tapu Fini|77\/100|[from] item: Leftovers\n|upkeep\n|turn|10\n|\n|t:|1662914313\n|move|p2a: Gyarados|Bounce||[still]\n|-prepare|p2a: Gyarados|Bounce\n|move|p1a: Tapu Fini|Knock Off|p2a: Gyarados|[miss]\n|-miss|p1a: Tapu Fini|p2a: Gyarados\n|\n|-heal|p2a: Gyarados|31\/100|[from] item: Leftovers\n|-heal|p1a: Tapu Fini|83\/100|[from] item: Leftovers\n|upkeep\n|turn|11\n|\n|t:|1662914320\n|move|p2a: Gyarados|Bounce|p1a: Tapu Fini|[from]lockedmove\n|-damage|p1a: Tapu Fini|45\/100\n|move|p1a: Tapu Fini|Defog|p2a: Gyarados\n|-unboost|p2a: Gyarados|evasion|1\n|-sideend|p1: mahuateng111|Stealth Rock|[from] move: Defog|[of] p1a: Tapu Fini\n|\n|-heal|p2a: Gyarados|38\/100|[from] item: Leftovers\n|-heal|p1a: Tapu Fini|52\/100|[from] item: Leftovers\n|upkeep\n|turn|12\n|\n|t:|1662914328\n|switch|p1a: Landorus|Landorus-Therian, M|43\/100\n|-ability|p1a: Landorus|Intimidate|boost\n|-unboost|p2a: Gyarados|atk|1\n|move|p2a: Gyarados|Dragon Dance|p2a: Gyarados\n|-boost|p2a: Gyarados|atk|1\n|-boost|p2a: Gyarados|spe|1\n|\n|-heal|p2a: Gyarados|44\/100|[from] item: Leftovers\n|upkeep\n|turn|13\n|\n|t:|1662914345\n|switch|p1a: Tapu Fini|Tapu Fini|52\/100\n|move|p2a: Gyarados|Substitute|p2a: Gyarados\n|-start|p2a: Gyarados|Substitute\n|-damage|p2a: Gyarados|19\/100\n|\n|-heal|p2a: Gyarados|25\/100|[from] item: Leftovers\n|-heal|p1a: Tapu Fini|58\/100|[from] item: Leftovers\n|-fieldend|Misty Terrain\n|upkeep\n|turn|14\n|\n|t:|1662914354\n|move|p2a: Gyarados|Dragon Dance|p2a: Gyarados\n|-boost|p2a: Gyarados|atk|1\n|-boost|p2a: Gyarados|spe|1\n|move|p1a: Tapu Fini|Moonblast|p2a: Gyarados\n|-end|p2a: Gyarados|Substitute\n|\n|-heal|p2a: Gyarados|31\/100|[from] item: Leftovers\n|-heal|p1a: Tapu Fini|64\/100|[from] item: Leftovers\n|upkeep\n|turn|15\n|\n|t:|1662914363\n|switch|p1a: Landorus|Landorus-Therian, M|43\/100\n|-ability|p1a: Landorus|Intimidate|boost\n|-unboost|p2a: Gyarados|atk|1\n|move|p2a: Gyarados|Bounce||[still]\n|-prepare|p2a: Gyarados|Bounce\n|\n|-heal|p2a: Gyarados|38\/100|[from] item: Leftovers\n|upkeep\n|turn|16\n|\n|t:|1662914371\n|switch|p1a: Celesteela|Celesteela|100\/100\n|move|p2a: Gyarados|Bounce|p1a: Celesteela|[from]lockedmove\n|-resisted|p1a: Celesteela\n|-damage|p1a: Celesteela|82\/100\n|\n|-heal|p2a: Gyarados|44\/100|[from] item: Leftovers\n|-heal|p1a: Celesteela|88\/100|[from] item: Leftovers\n|upkeep\n|turn|17\n|\n|t:|1662914386\n|move|p2a: Gyarados|Substitute|p2a: Gyarados\n|-start|p2a: Gyarados|Substitute\n|-damage|p2a: Gyarados|19\/100\n|move|p1a: Celesteela|Heavy Slam|p2a: Gyarados\n|-resisted|p2a: Gyarados\n|-activate|p2a: Gyarados|move: Substitute|[damage]\n|\n|-heal|p2a: Gyarados|25\/100|[from] item: Leftovers\n|-heal|p1a: Celesteela|94\/100|[from] item: Leftovers\n|upkeep\n|turn|18\n|-message|mahuateng111 forfeited.\n|\n|win|HQSFUN\n|raw|mahuateng111's rating: 1417 &rarr; <strong>1400<\/strong><br \/>(-17 for losing)\n|raw|HQSFUN's rating: 1473 &rarr; <strong>1490<\/strong><br \/>(+17 for winning)\n|l|\u2606mahuateng111\n","uploadtime":1662914399,"views":3,"p1id":"mahuateng111","p2id":"hqsfun","formatid":"gen7ou","rating":1400,"private":0,"password":null}