{"id":"gen7randombattle-1578119021","p1":"firepunch917","p2":"Jr18","format":"gen7randombattle","log":"|j|\u2606firepunch917\n|j|\u2606Jr18\n|t:|1652950148\n|gametype|singles\n|player|p1|firepunch917|1|1662\n|player|p2|Jr18|adaman|1770\n|teamsize|p1|6\n|teamsize|p2|6\n|gen|7\n|tier|[Gen 7] Random Battle\n|rated|\n|rule|Sleep Clause Mod: Limit one foe put to sleep\n|rule|HP Percentage Mod: HP is shown in percentages\n|\n|t:|1652950148\n|start\n|switch|p1a: Mesprit|Mesprit, L86|278\/278\n|switch|p2a: Feraligatr|Feraligatr, L82, F|274\/274\n|turn|1\n|inactive|Battle timer is ON: inactive players will automatically lose when time's up. (requested by Jr18)\n|\n|t:|1652950174\n|switch|p2a: Galvantula|Galvantula, L84, M|255\/255\n|move|p1a: Mesprit|Psyshock|p2a: Galvantula\n|-damage|p2a: Galvantula|129\/255\n|\n|upkeep\n|turn|2\n|\n|t:|1652950181\n|switch|p1a: Marowak|Marowak, L88, M|249\/249\n|move|p2a: Galvantula|Thunder|p1a: Marowak\n|-immune|p1a: Marowak\n|\n|upkeep\n|turn|3\n|\n|t:|1652950184\n|move|p2a: Galvantula|Giga Drain|p1a: Marowak\n|-supereffective|p1a: Marowak\n|-damage|p1a: Marowak|98\/249\n|-heal|p2a: Galvantula|205\/255|[from] drain|[of] p1a: Marowak\n|-damage|p2a: Galvantula|180\/255|[from] item: Life Orb\n|move|p1a: Marowak|Stealth Rock|p2a: Galvantula\n|-sidestart|p2: Jr18|move: Stealth Rock\n|\n|upkeep\n|turn|4\n|\n|t:|1652950192\n|switch|p1a: Mesprit|Mesprit, L86|278\/278\n|move|p2a: Galvantula|Sticky Web|p1a: Mesprit\n|-sidestart|p1: firepunch917|move: Sticky Web\n|\n|upkeep\n|turn|5\n|\n|t:|1652950197\n|move|p2a: Galvantula|Thunder|p1a: Mesprit|[miss]\n|-miss|p2a: Galvantula|p1a: Mesprit\n|move|p1a: Mesprit|Psyshock|p2a: Galvantula\n|-crit|p2a: Galvantula\n|-damage|p2a: Galvantula|0 fnt\n|faint|p2a: Galvantula\n|\n|upkeep\n|\n|t:|1652950208\n|switch|p2a: Feraligatr|Feraligatr, L82, F|274\/274\n|-damage|p2a: Feraligatr|240\/274|[from] Stealth Rock\n|turn|6\n|\n|t:|1652950211\n|move|p1a: Mesprit|Psyshock|p2a: Feraligatr\n|-damage|p2a: Feraligatr|156\/274\n|move|p2a: Feraligatr|Swords Dance|p2a: Feraligatr\n|-boost|p2a: Feraligatr|atk|2\n|\n|upkeep\n|turn|7\n|\n|t:|1652950215\n|switch|p1a: Marowak|Marowak, L88, M|98\/249\n|-activate|p1a: Marowak|move: Sticky Web\n|-unboost|p1a: Marowak|spe|1\n|move|p2a: Feraligatr|Liquidation|p1a: Marowak\n|-supereffective|p1a: Marowak\n|-damage|p1a: Marowak|0 fnt\n|faint|p1a: Marowak\n|\n|upkeep\n|\n|t:|1652950220\n|switch|p1a: Kangaskhan|Kangaskhan, L76, F|285\/285\n|-activate|p1a: Kangaskhan|move: Sticky Web\n|-unboost|p1a: Kangaskhan|spe|1\n|turn|8\n|\n|t:|1652950225\n|detailschange|p1a: Kangaskhan|Kangaskhan-Mega, L76, F\n|-mega|p1a: Kangaskhan|Kangaskhan|Kangaskhanite\n|move|p1a: Kangaskhan|Fake Out|p2a: Feraligatr\n|-damage|p2a: Feraligatr|117\/274\n|-damage|p2a: Feraligatr|107\/274\n|-hitcount|p2a: Feraligatr|2\n|cant|p2a: Feraligatr|flinch\n|\n|upkeep\n|turn|9\n|\n|t:|1652950233\n|switch|p1a: Bruxish|Bruxish, L86, F|257\/257\n|-activate|p1a: Bruxish|move: Sticky Web\n|-unboost|p1a: Bruxish|spe|1\n|move|p2a: Feraligatr|Liquidation|p1a: Bruxish\n|-resisted|p1a: Bruxish\n|-crit|p1a: Bruxish\n|-damage|p1a: Bruxish|0 fnt\n|faint|p1a: Bruxish\n|\n|upkeep\n|\n|t:|1652950235\n|switch|p1a: Mesprit|Mesprit, L86|278\/278\n|turn|10\n|\n|t:|1652950238\n|switch|p2a: Gliscor|Gliscor, L80, M|251\/251\n|-damage|p2a: Gliscor|220\/251|[from] Stealth Rock\n|move|p1a: Mesprit|Psyshock|p2a: Gliscor\n|-damage|p2a: Gliscor|144\/251\n|\n|-status|p2a: Gliscor|tox|[from] item: Toxic Orb\n|upkeep\n|turn|11\n|\n|t:|1652950244\n|move|p2a: Gliscor|Toxic|p1a: Mesprit\n|-status|p1a: Mesprit|tox\n|move|p1a: Mesprit|Ice Beam|p2a: Gliscor\n|-supereffective|p2a: Gliscor\n|-damage|p2a: Gliscor|0 fnt\n|faint|p2a: Gliscor\n|\n|-damage|p1a: Mesprit|261\/278 tox|[from] psn\n|upkeep\n|\n|t:|1652950255\n|switch|p2a: Audino|Audino, L86, M|317\/317\n|-damage|p2a: Audino|278\/317|[from] Stealth Rock\n|turn|12\n|\n|t:|1652950259\n|switch|p1a: Gigalith|Gigalith, L84, M|280\/280\n|-activate|p1a: Gigalith|move: Sticky Web\n|-unboost|p1a: Gigalith|spe|1\n|-weather|Sandstorm|[from] ability: Sand Stream|[of] p1a: Gigalith\n|detailschange|p2a: Audino|Audino-Mega, L86, M\n|-mega|p2a: Audino|Audino|Audinite\n|move|p2a: Audino|Dazzling Gleam|p1a: Gigalith\n|-damage|p1a: Gigalith|220\/280\n|\n|-weather|Sandstorm|[upkeep]\n|-damage|p2a: Audino|259\/317|[from] Sandstorm\n|upkeep\n|turn|13\n|\n|t:|1652950265\n|move|p2a: Audino|Dazzling Gleam|p1a: Gigalith\n|-damage|p1a: Gigalith|162\/280\n|move|p1a: Gigalith|Stone Edge|p2a: Audino\n|-damage|p2a: Audino|102\/317\n|\n|-weather|Sandstorm|[upkeep]\n|-damage|p2a: Audino|83\/317|[from] Sandstorm\n|upkeep\n|turn|14\n|\n|t:|1652950273\n|switch|p1a: Mesprit|Mesprit, L86|261\/278 tox\n|move|p2a: Audino|Wish|p2a: Audino\n|\n|-weather|Sandstorm|[upkeep]\n|-damage|p1a: Mesprit|244\/278 tox|[from] Sandstorm\n|-damage|p2a: Audino|64\/317|[from] Sandstorm\n|-heal|p1a: Mesprit|261\/278 tox|[from] item: Leftovers\n|-damage|p1a: Mesprit|244\/278 tox|[from] psn\n|upkeep\n|turn|15\n|\n|t:|1652950278\n|switch|p1a: Gigalith|Gigalith, L84, M|162\/280\n|-activate|p1a: Gigalith|move: Sticky Web\n|-unboost|p1a: Gigalith|spe|1\n|switch|p2a: Feraligatr|Feraligatr, L82, F|107\/274\n|-damage|p2a: Feraligatr|73\/274|[from] Stealth Rock\n|\n|-weather|Sandstorm|[upkeep]\n|-damage|p2a: Feraligatr|56\/274|[from] Sandstorm\n|-heal|p2a: Feraligatr|214\/274|[from] move: Wish|[wisher] Audino\n|upkeep\n|turn|16\n|\n|t:|1652950281\n|move|p2a: Feraligatr|Liquidation|p1a: Gigalith\n|-supereffective|p1a: Gigalith\n|-damage|p1a: Gigalith|0 fnt\n|faint|p1a: Gigalith\n|\n|-weather|none\n|upkeep\n|\n|t:|1652950284\n|switch|p1a: Mesprit|Mesprit, L86|244\/278 tox\n|turn|17\n|\n|t:|1652950291\n|switch|p2a: Audino|Audino-Mega, L86, M|64\/317\n|-damage|p2a: Audino|25\/317|[from] Stealth Rock\n|move|p1a: Mesprit|Psyshock|p2a: Audino\n|-damage|p2a: Audino|0 fnt\n|faint|p2a: Audino\n|\n|-heal|p1a: Mesprit|261\/278 tox|[from] item: Leftovers\n|-damage|p1a: Mesprit|244\/278 tox|[from] psn\n|upkeep\n|\n|t:|1652950296\n|switch|p2a: Dedenne|Dedenne, L88, M|261\/261\n|-damage|p2a: Dedenne|229\/261|[from] Stealth Rock\n|turn|18\n|\n|t:|1652950299\n|switch|p1a: Golurk|Golurk, L88|300\/300\n|-activate|p1a: Golurk|move: Sticky Web\n|-unboost|p1a: Golurk|spe|1\n|move|p2a: Dedenne|Thunderbolt|p1a: Golurk\n|-immune|p1a: Golurk\n|\n|upkeep\n|turn|19\n|\n|t:|1652950301\n|move|p2a: Dedenne|Grass Knot|p1a: Golurk\n|-supereffective|p1a: Golurk\n|-damage|p1a: Golurk|118\/300\n|move|p1a: Golurk|Rock Polish|p1a: Golurk\n|-boost|p1a: Golurk|spe|2\n|\n|upkeep\n|turn|20\n|\n|t:|1652950306\n|switch|p2a: Meganium|Meganium, L88, M|284\/284\n|-damage|p2a: Meganium|249\/284|[from] Stealth Rock\n|move|p1a: Golurk|Earthquake|p2a: Meganium\n|-resisted|p2a: Meganium\n|-damage|p2a: Meganium|175\/284\n|-damage|p1a: Golurk|88\/300|[from] item: Life Orb\n|\n|upkeep\n|turn|21\n|\n|t:|1652950309\n|move|p1a: Golurk|Dynamic Punch|p2a: Meganium\n|-damage|p2a: Meganium|71\/284\n|-start|p2a: Meganium|confusion\n|-damage|p1a: Golurk|58\/300|[from] item: Life Orb\n|-activate|p2a: Meganium|confusion\n|move|p2a: Meganium|Giga Drain|p1a: Golurk\n|-supereffective|p1a: Golurk\n|-damage|p1a: Golurk|0 fnt\n|-heal|p2a: Meganium|100\/284|[from] drain|[of] p1a: Golurk\n|faint|p1a: Golurk\n|\n|upkeep\n|\n|t:|1652950312\n|switch|p1a: Mesprit|Mesprit, L86|244\/278 tox\n|turn|22\n|\n|t:|1652950314\n|-activate|p2a: Meganium|confusion\n|move|p2a: Meganium|Giga Drain|p1a: Mesprit\n|-damage|p1a: Mesprit|174\/278 tox\n|-heal|p2a: Meganium|135\/284|[from] drain|[of] p1a: Mesprit\n|move|p1a: Mesprit|Ice Beam|p2a: Meganium\n|-supereffective|p2a: Meganium\n|-damage|p2a: Meganium|19\/284\n|\n|-heal|p1a: Mesprit|191\/278 tox|[from] item: Leftovers\n|-damage|p1a: Mesprit|174\/278 tox|[from] psn\n|upkeep\n|turn|23\n|\n|t:|1652950321\n|-activate|p2a: Meganium|confusion\n|move|p2a: Meganium|Light Screen|p2a: Meganium\n|-sidestart|p2: Jr18|move: Light Screen\n|move|p1a: Mesprit|Psyshock|p2a: Meganium\n|-damage|p2a: Meganium|0 fnt\n|faint|p2a: Meganium\n|\n|-heal|p1a: Mesprit|191\/278 tox|[from] item: Leftovers\n|-damage|p1a: Mesprit|157\/278 tox|[from] psn\n|upkeep\n|\n|t:|1652950324\n|switch|p2a: Feraligatr|Feraligatr, L82, F|214\/274\n|-damage|p2a: Feraligatr|180\/274|[from] Stealth Rock\n|turn|24\n|\n|t:|1652950326\n|move|p1a: Mesprit|Psyshock|p2a: Feraligatr\n|-damage|p2a: Feraligatr|135\/274\n|move|p2a: Feraligatr|Swords Dance|p2a: Feraligatr\n|-boost|p2a: Feraligatr|atk|2\n|\n|-heal|p1a: Mesprit|174\/278 tox|[from] item: Leftovers\n|-damage|p1a: Mesprit|123\/278 tox|[from] psn\n|upkeep\n|turn|25\n|\n|t:|1652950331\n|move|p1a: Mesprit|Healing Wish|p1a: Mesprit\n|faint|p1a: Mesprit\n|move|p2a: Feraligatr|Liquidation|p1: Mesprit|[notarget]\n|-fail|p2a: Feraligatr\n|\n|upkeep\n|\n|t:|1652950333\n|switch|p1a: Kangaskhan|Kangaskhan-Mega, L76, F|285\/285\n|-heal|p1a: Kangaskhan|285\/285|[from] move: Healing Wish\n|-activate|p1a: Kangaskhan|move: Sticky Web\n|-unboost|p1a: Kangaskhan|spe|1\n|turn|26\n|\n|t:|1652950335\n|move|p1a: Kangaskhan|Fake Out|p2a: Feraligatr\n|-damage|p2a: Feraligatr|95\/274\n|-damage|p2a: Feraligatr|86\/274\n|-hitcount|p2a: Feraligatr|2\n|cant|p2a: Feraligatr|flinch\n|\n|upkeep\n|turn|27\n|\n|t:|1652950339\n|move|p2a: Feraligatr|Liquidation|p1a: Kangaskhan\n|-damage|p1a: Kangaskhan|0 fnt\n|faint|p1a: Kangaskhan\n|\n|win|Jr18\n|raw|firepunch917's rating: 1662 &rarr; <strong>1648<\/strong><br \/>(-14 for losing)\n|raw|Jr18's rating: 1770 &rarr; <strong>1784<\/strong><br \/>(+14 for winning)\n|l|\u2606firepunch917\n","inputlog":">version 4c9e1ae78641d89b360ec25232a65a4f7033f808\n>start {\"formatid\":\"gen7randombattle\",\"seed\":[20551,36347,21471,35789],\"rated\":\"Rated battle\"}\n>player p1 {\"name\":\"firepunch917\",\"avatar\":\"1\",\"rating\":1662,\"seed\":[64351,65529,37972,36414]}\n>player p2 {\"name\":\"Jr18\",\"avatar\":\"adaman\",\"rating\":1770,\"seed\":[55321,2697,55874,27414]}\n>p1 move psyshock\n>p2 switch 5\n>p1 switch 5\n>p2 move thunder\n>p1 move stealthrock\n>p2 move gigadrain\n>p1 switch 5\n>p2 move stickyweb\n>p1 move psyshock\n>p2 move thunder\n>p2 switch 5\n>p1 move psyshock\n>p2 move swordsdance\n>p1 switch 5\n>p2 move liquidation\n>p1 switch 6\n>p1 move fakeout mega\n>p2 move liquidation\n>p1 switch 2\n>p2 move liquidation\n>p1 switch 5\n>p1 move psyshock\n>p2 switch 4\n>p1 move icebeam\n>p2 move toxic\n>p2 switch 6\n>p1 switch 4\n>p2 move dazzlinggleam mega\n>p1 move stoneedge\n>p2 move dazzlinggleam\n>p1 switch 4\n>p2 move wish\n>p1 switch 4\n>p2 switch 4\n>p1 move explosion\n>p2 move liquidation\n>p1 switch 4\n>p1 move psyshock\n>p2 switch 4\n>p2 switch 2\n>p1 switch 3\n>p2 move thunderbolt\n>p1 move rockpolish\n>p2 move grassknot\n>p1 move earthquake\n>p2 switch 3\n>p1 move dynamicpunch\n>p2 move gigadrain\n>p1 switch 3\n>p1 move icebeam\n>p2 move gigadrain\n>p1 move psyshock\n>p2 move lightscreen\n>p2 switch 4\n>p1 move psyshock\n>p2 move swordsdance\n>p1 move healingwish\n>p2 move liquidation\n>p1 switch 2\n>p1 move fakeout\n>p2 move liquidation\n>p1 move bodyslam\n>p2 move liquidation","uploadtime":1652950344,"views":1,"p1id":"firepunch917","p2id":"jr18","formatid":"gen7randombattle","rating":1648,"private":0,"password":null}