{"id":"gen7ou-883211057","p1":"josevz","p2":"HQSFun","format":"gen7ou","log":"|j|\u2606josevz\n|j|\u2606HQSFun\n|player|p1|josevz|284\n|player|p2|HQSFun|260\n|teamsize|p1|6\n|teamsize|p2|6\n|gametype|singles\n|gen|7\n|tier|[Gen 7] OU\n|rated|\n|rule|Sleep Clause Mod: Limit one foe put to sleep\n|rule|Species Clause: Limit one of each Pok\u00e9mon\n|rule|OHKO Clause: OHKO moves are banned\n|rule|Moody Clause: Moody is banned\n|rule|Evasion Moves Clause: Evasion moves are banned\n|rule|Endless Battle Clause: Forcing endless battles is banned\n|rule|HP Percentage Mod: HP is shown in percentages\n|clearpoke\n|poke|p1|Marowak-Alola, M|item\n|poke|p1|Scizor, M|item\n|poke|p1|Gliscor, M|item\n|poke|p1|Kyurem-Black|item\n|poke|p1|Greninja, M|item\n|poke|p1|Tapu Koko|item\n|poke|p2|Nidoking, M|item\n|poke|p2|Tapu Bulu|item\n|poke|p2|Heatran, M|item\n|poke|p2|Zapdos|item\n|poke|p2|Greninja, F|item\n|poke|p2|Lopunny, M|item\n|teampreview\n|inactive|Battle timer is ON: inactive players will automatically lose when time's up. (requested by josevz)\n|\n|start\n|switch|p1a: Kyurem|Kyurem-Black|100\/100\n|switch|p2a: Lopunny|Lopunny, M|100\/100\n|-ability|p1a: Kyurem|Teravolt\n|turn|1\n|\n|switch|p1a: Gliscor|Gliscor, M, shiny|100\/100\n|detailschange|p2a: Lopunny|Lopunny-Mega, M\n|-mega|p2a: Lopunny|Lopunny|Lopunnite\n|move|p2a: Lopunny|High Jump Kick|p1a: Gliscor\n|-resisted|p1a: Gliscor\n|-damage|p1a: Gliscor|78\/100\n|\n|-status|p1a: Gliscor|tox|[from] item: Toxic Orb\n|upkeep\n|turn|2\n|\n|move|p1a: Gliscor|Protect|p1a: Gliscor\n|-singleturn|p1a: Gliscor|Protect\n|move|p2a: Lopunny|Frustration|p1a: Gliscor\n|-activate|p1a: Gliscor|move: Protect\n|\n|-heal|p1a: Gliscor|90\/100 tox|[from] ability: Poison Heal\n|upkeep\n|turn|3\n|\n|switch|p2a: Nidoking|Nidoking, M|100\/100\n|move|p1a: Gliscor|Toxic|p2a: Nidoking\n|-immune|p2a: Nidoking\n|\n|-heal|p1a: Gliscor|100\/100 tox|[from] ability: Poison Heal\n|upkeep\n|turn|4\n|\n|move|p1a: Gliscor|Protect|p1a: Gliscor\n|-singleturn|p1a: Gliscor|Protect\n|move|p2a: Nidoking|Ice Beam|p1a: Gliscor\n|-activate|p1a: Gliscor|move: Protect\n|\n|upkeep\n|turn|5\n|\n|switch|p1a: Greninja|Greninja, M|100\/100\n|move|p2a: Nidoking|Substitute|p2a: Nidoking\n|-start|p2a: Nidoking|Substitute\n|-damage|p2a: Nidoking|76\/100\n|\n|upkeep\n|turn|6\n|\n|move|p1a: Greninja|Ice Beam|p2a: Nidoking\n|-start|p1a: Greninja|typechange|Ice|[from] ability: Protean\n|-supereffective|p2a: Nidoking\n|-end|p2a: Nidoking|Substitute\n|move|p2a: Nidoking|Sludge Wave|p1a: Greninja\n|-damage|p1a: Greninja|0 fnt\n|faint|p1a: Greninja\n|\n|upkeep\n|\n|switch|p1a: Kyurem|Kyurem-Black|100\/100\n|-ability|p1a: Kyurem|Teravolt\n|turn|7\n|\n|switch|p2a: Greninja|Greninja, F|100\/100\n|move|p1a: Kyurem|Ice Beam|p2a: Greninja\n|-resisted|p2a: Greninja\n|-damage|p2a: Greninja|75\/100\n|\n|upkeep\n|turn|8\n|\n|move|p2a: Greninja|Spikes|p1a: Kyurem\n|-start|p2a: Greninja|typechange|Ground|[from] ability: Protean\n|-sidestart|p1: josevz|Spikes\n|move|p1a: Kyurem|Fusion Bolt|p2a: Greninja\n|-immune|p2a: Greninja\n|\n|upkeep\n|turn|9\n|\n|move|p2a: Greninja|Spikes|p1a: Kyurem\n|-sidestart|p1: josevz|Spikes\n|move|p1a: Kyurem|Outrage|p2a: Greninja\n|-damage|p2a: Greninja|0 fnt\n|faint|p2a: Greninja\n|\n|upkeep\n|\n|switch|p2a: Lopunny|Lopunny-Mega, M|100\/100\n|turn|10\n|\n|move|p2a: Lopunny|High Jump Kick|p1a: Kyurem\n|-supereffective|p1a: Kyurem\n|-damage|p1a: Kyurem|0 fnt\n|faint|p1a: Kyurem\n|\n|upkeep\n|\n|switch|p1a: Gliscor|Gliscor, M, shiny|100\/100 tox\n|turn|11\n|\n|switch|p2a: Tapu Bulu|Tapu Bulu|100\/100\n|-fieldstart|move: Grassy Terrain|[from] ability: Grassy Surge|[of] p2a: Tapu Bulu\n|move|p1a: Gliscor|Earthquake|p2a: Tapu Bulu\n|-resisted|p2a: Tapu Bulu\n|-damage|p2a: Tapu Bulu|93\/100\n|\n|-heal|p2a: Tapu Bulu|99\/100|[from] item: Leftovers\n|-heal|p2a: Tapu Bulu|100\/100|[from] Grassy Terrain\n|upkeep\n|turn|12\n|l|\u2606josevz\n|inactive|josevz disconnected and has a minute to reconnect!\n|player|p1|\n|c|\u2606HQSFun|\u3002\n|j|\u2606josevz\n|inactive|josevz reconnected and has 115 seconds left.\n|player|p1|josevz|284\n|\n|switch|p2a: Nidoking|Nidoking, M|76\/100\n|move|p1a: Gliscor|Toxic|p2a: Nidoking\n|-immune|p2a: Nidoking\n|\n|-heal|p2a: Nidoking|82\/100|[from] Grassy Terrain\n|upkeep\n|turn|13\n|inactive|josevz has 120 seconds left.\n|\n|switch|p1a: Scizor|Scizor, M|100\/100\n|-damage|p1a: Scizor|84\/100|[from] Spikes\n|move|p2a: Nidoking|Ice Beam|p1a: Scizor\n|-resisted|p1a: Scizor\n|-damage|p1a: Scizor|60\/100\n|\n|-heal|p2a: Nidoking|88\/100|[from] Grassy Terrain\n|-heal|p1a: Scizor|66\/100|[from] Grassy Terrain\n|upkeep\n|turn|14\n|inactive|josevz has 120 seconds left.\n|\n|switch|p2a: Zapdos|Zapdos|100\/100\n|detailschange|p1a: Scizor|Scizor-Mega, M\n|-mega|p1a: Scizor|Scizor|Scizorite\n|move|p1a: Scizor|Knock Off|p2a: Zapdos\n|-damage|p2a: Zapdos|78\/100\n|-damage|p1a: Scizor|50\/100|[from] item: Rocky Helmet|[of] p2a: Zapdos\n|-enditem|p2a: Zapdos|Rocky Helmet|[from] move: Knock Off|[of] p1a: Scizor\n|\n|-heal|p1a: Scizor|56\/100|[from] Grassy Terrain\n|upkeep\n|turn|15\n|inactive|josevz has 120 seconds left.\n|\n|switch|p1a: Tapu Koko|Tapu Koko|100\/100\n|-damage|p1a: Tapu Koko|84\/100|[from] Spikes\n|-fieldstart|move: Electric Terrain|[from] ability: Electric Surge|[of] p1a: Tapu Koko\n|move|p2a: Zapdos|Heat Wave|p1a: Tapu Koko\n|-damage|p1a: Tapu Koko|40\/100\n|-status|p1a: Tapu Koko|brn\n|\n|-damage|p1a: Tapu Koko|33\/100 brn|[from] brn\n|upkeep\n|turn|16\n|\n|move|p1a: Tapu Koko|Calm Mind|p1a: Tapu Koko\n|-boost|p1a: Tapu Koko|spa|1\n|-boost|p1a: Tapu Koko|spd|1\n|move|p2a: Zapdos|Roost|p2a: Zapdos\n|-heal|p2a: Zapdos|100\/100\n|-singleturn|p2a: Zapdos|move: Roost\n|\n|-damage|p1a: Tapu Koko|27\/100 brn|[from] brn\n|upkeep\n|turn|17\n|\n|move|p1a: Tapu Koko|Thunderbolt|p2a: Zapdos\n|-damage|p2a: Zapdos|0 fnt\n|faint|p2a: Zapdos\n|\n|-damage|p1a: Tapu Koko|21\/100 brn|[from] brn\n|upkeep\n|\n|switch|p2a: Lopunny|Lopunny-Mega, M|100\/100\n|turn|18\n|\n|move|p2a: Lopunny|Frustration|p1a: Tapu Koko\n|-damage|p1a: Tapu Koko|0 fnt\n|faint|p1a: Tapu Koko\n|\n|upkeep\n|\n|switch|p1a: Gliscor|Gliscor, M, shiny|100\/100 tox\n|turn|19\n|\n|switch|p2a: Tapu Bulu|Tapu Bulu|100\/100\n|-fieldstart|move: Grassy Terrain|[from] ability: Grassy Surge|[of] p2a: Tapu Bulu\n|move|p1a: Gliscor|Toxic|p2a: Tapu Bulu\n|-status|p2a: Tapu Bulu|tox\n|\n|-damage|p2a: Tapu Bulu|94\/100 tox|[from] psn\n|upkeep\n|turn|20\n|\n|move|p1a: Gliscor|Earthquake|p2a: Tapu Bulu\n|-resisted|p2a: Tapu Bulu\n|-damage|p2a: Tapu Bulu|87\/100 tox\n|move|p2a: Tapu Bulu|Swords Dance|p2a: Tapu Bulu\n|-boost|p2a: Tapu Bulu|atk|2\n|\n|-heal|p2a: Tapu Bulu|94\/100 tox|[from] item: Leftovers\n|-heal|p2a: Tapu Bulu|99\/100 tox|[from] Grassy Terrain\n|-damage|p2a: Tapu Bulu|87\/100 tox|[from] psn\n|upkeep\n|turn|21\n|\n|move|p1a: Gliscor|Stealth Rock|p2a: Tapu Bulu\n|-sidestart|p2: HQSFun|move: Stealth Rock\n|move|p2a: Tapu Bulu|Horn Leech|p1a: Gliscor\n|-damage|p1a: Gliscor|40\/100 tox\n|-heal|p2a: Tapu Bulu|100\/100 tox|[from] drain|[of] p1a: Gliscor\n|\n|-heal|p1a: Gliscor|52\/100 tox|[from] ability: Poison Heal\n|-damage|p2a: Tapu Bulu|82\/100 tox|[from] psn\n|upkeep\n|turn|22\n|\n|switch|p2a: Nidoking|Nidoking, M|88\/100\n|-damage|p2a: Nidoking|82\/100|[from] Stealth Rock\n|move|p1a: Gliscor|Protect||[still]\n|-fail|p1a: Gliscor\n|\n|-heal|p2a: Nidoking|88\/100|[from] Grassy Terrain\n|-heal|p1a: Gliscor|65\/100 tox|[from] ability: Poison Heal\n|upkeep\n|turn|23\n|\n|move|p1a: Gliscor|Protect|p1a: Gliscor\n|-singleturn|p1a: Gliscor|Protect\n|move|p2a: Nidoking|Substitute|p2a: Nidoking\n|-start|p2a: Nidoking|Substitute\n|-damage|p2a: Nidoking|63\/100\n|\n|-heal|p2a: Nidoking|69\/100|[from] Grassy Terrain\n|-fieldend|move: Grassy Terrain\n|-heal|p1a: Gliscor|77\/100 tox|[from] ability: Poison Heal\n|upkeep\n|turn|24\n|\n|move|p1a: Gliscor|Protect|p1a: Gliscor\n|-singleturn|p1a: Gliscor|Protect\n|move|p2a: Nidoking|Ice Beam|p1a: Gliscor\n|-activate|p1a: Gliscor|move: Protect\n|\n|-heal|p1a: Gliscor|90\/100 tox|[from] ability: Poison Heal\n|upkeep\n|turn|25\n|\n|switch|p1a: Marowak|Marowak-Alola, M, shiny|100\/100\n|-damage|p1a: Marowak|84\/100|[from] Spikes\n|move|p2a: Nidoking|Ice Beam|p1a: Marowak\n|-resisted|p1a: Marowak\n|-damage|p1a: Marowak|52\/100\n|\n|upkeep\n|turn|26\n|\n|move|p2a: Nidoking|Earth Power|p1a: Marowak\n|-supereffective|p1a: Marowak\n|-damage|p1a: Marowak|0 fnt\n|faint|p1a: Marowak\n|\n|upkeep\n|\n|switch|p1a: Scizor|Scizor-Mega, M|56\/100\n|-damage|p1a: Scizor|39\/100|[from] Spikes\n|turn|27\n|\n|move|p2a: Nidoking|Earth Power|p1a: Scizor\n|-damage|p1a: Scizor|0 fnt\n|faint|p1a: Scizor\n|\n|upkeep\n|-message|josevz forfeited.\n|\n|win|HQSFun\n|l|\u2606josevz\n|raw|josevz's rating: 1580 &rarr; <strong>1563<\/strong><br \/>(-17 for losing)\n|raw|HQSFun's rating: 1641 &rarr; <strong>1657<\/strong><br \/>(+16 for winning)\n","uploadtime":1553751389,"views":5,"p1id":"josevz","p2id":"hqsfun","formatid":"gen7ou","rating":1563,"private":0,"password":null}