{"id":"gen7uu-858653153","p1":"Jakkkkkka","p2":"Xyjen","format":"gen7uu","log":"|j|\u2606Jakkkkkka\n|j|\u2606Xyjen\n|player|p1|Jakkkkkka|137\n|player|p2|Xyjen|157\n|teamsize|p1|6\n|teamsize|p2|6\n|gametype|singles\n|gen|7\n|tier|[Gen 7] UU\n|rated|\n|rule|Sleep Clause Mod: Limit one foe put to sleep\n|rule|Species Clause: Limit one of each Pok\u00e9mon\n|rule|OHKO Clause: OHKO moves are banned\n|rule|Moody Clause: Moody is banned\n|rule|Evasion Moves Clause: Evasion moves are banned\n|rule|Endless Battle Clause: Forcing endless battles is banned\n|rule|HP Percentage Mod: HP is shown in percentages\n|clearpoke\n|poke|p1|Swampert, F|item\n|poke|p1|Hydreigon, F|item\n|poke|p1|Scizor, F|item\n|poke|p1|Sylveon, F|item\n|poke|p1|Manectric, F|item\n|poke|p1|Nidoking, M|item\n|poke|p2|Latias, F|item\n|poke|p2|Mamoswine, M|item\n|poke|p2|Terrakion|item\n|poke|p2|Scizor, F|item\n|poke|p2|Rotom-Mow|item\n|poke|p2|Krookodile, F|item\n|teampreview\n|j| Lou_Crl\n|\n|start\n|switch|p1a: Scizor|Scizor, F|100\/100\n|switch|p2a: Rotom|Rotom-Mow|100\/100\n|turn|1\n|\n|move|p2a: Rotom|Volt Switch|p1a: Scizor\n|-damage|p1a: Scizor|66\/100\n|\n|switch|p2a: Scizor|Scizor, F|100\/100\n|move|p1a: Scizor|U-turn|p2a: Scizor\n|-resisted|p2a: Scizor\n|-damage|p2a: Scizor|69\/100\n|\n|switch|p1a: Manectric|Manectric, F|100\/100\n|\n|upkeep\n|turn|2\n|\n|switch|p2a: Latias|Latias, F|100\/100\n|detailschange|p1a: Manectric|Manectric-Mega, F\n|-mega|p1a: Manectric|Manectric|Manectite\n|-ability|p1a: Manectric|Intimidate|boost\n|-unboost|p2a: Latias|atk|1\n|move|p1a: Manectric|Flamethrower|p2a: Latias\n|-resisted|p2a: Latias\n|-damage|p2a: Latias|86\/100\n|\n|upkeep\n|turn|3\n|\n|switch|p1a: Sylveon|Sylveon, F|100\/100\n|switch|p2a: Scizor|Scizor, F|69\/100\n|\n|upkeep\n|turn|4\n|\n|move|p1a: Sylveon|Protect|p1a: Sylveon\n|-singleturn|p1a: Sylveon|Protect\n|move|p2a: Scizor|U-turn|p1a: Sylveon\n|-activate|p1a: Sylveon|move: Protect\n|\n|upkeep\n|turn|5\n|\n|move|p2a: Scizor|U-turn|p1a: Sylveon\n|-resisted|p1a: Sylveon\n|-damage|p1a: Sylveon|65\/100\n|\n|switch|p2a: Rotom|Rotom-Mow|100\/100\n|move|p1a: Sylveon|Wish|p1a: Sylveon\n|\n|-heal|p1a: Sylveon|71\/100|[from] item: Leftovers\n|upkeep\n|turn|6\n|\n|move|p1a: Sylveon|Protect|p1a: Sylveon\n|-singleturn|p1a: Sylveon|Protect\n|move|p2a: Rotom|Thunderbolt|p1a: Sylveon\n|-activate|p1a: Sylveon|move: Protect\n|\n|-heal|p1a: Sylveon|100\/100|[from] move: Wish|[wisher] Sylveon\n|upkeep\n|turn|7\n|\n|move|p2a: Rotom|Volt Switch|p1a: Sylveon\n|-damage|p1a: Sylveon|85\/100\n|\n|switch|p2a: Scizor|Scizor, F|69\/100\n|move|p1a: Sylveon|Toxic|p2a: Scizor\n|-immune|p2a: Scizor\n|\n|-heal|p1a: Sylveon|91\/100|[from] item: Leftovers\n|upkeep\n|turn|8\n|\n|move|p1a: Sylveon|Protect|p1a: Sylveon\n|-singleturn|p1a: Sylveon|Protect\n|move|p2a: Scizor|Bullet Punch|p1a: Sylveon\n|-activate|p1a: Sylveon|move: Protect\n|\n|-heal|p1a: Sylveon|97\/100|[from] item: Leftovers\n|upkeep\n|turn|9\n|\n|switch|p1a: Swampert|Swampert, F|100\/100\n|move|p2a: Scizor|Bullet Punch|p1a: Swampert\n|-resisted|p1a: Swampert\n|-damage|p1a: Swampert|83\/100\n|\n|-heal|p1a: Swampert|89\/100|[from] item: Leftovers\n|upkeep\n|turn|10\n|\n|switch|p2a: Rotom|Rotom-Mow|100\/100\n|move|p1a: Swampert|Stealth Rock|p2a: Rotom\n|-sidestart|p2: Xyjen|move: Stealth Rock\n|\n|-heal|p1a: Swampert|95\/100|[from] item: Leftovers\n|upkeep\n|turn|11\n|\n|switch|p1a: Hydreigon|Hydreigon, F|100\/100\n|move|p2a: Rotom|Defog|p1a: Hydreigon\n|-unboost|p1a: Hydreigon|evasion|1\n|-sideend|p2: Xyjen|Stealth Rock|[from] move: Defog|[of] p2a: Rotom\n|\n|upkeep\n|turn|12\n|\n|move|p1a: Hydreigon|Dark Pulse|p2a: Rotom\n|-damage|p2a: Rotom|42\/100\n|move|p2a: Rotom|Volt Switch|p1a: Hydreigon\n|-resisted|p1a: Hydreigon\n|-damage|p1a: Hydreigon|83\/100\n|\n|switch|p2a: Krookodile|Krookodile, F|100\/100\n|-ability|p2a: Krookodile|Intimidate|boost\n|-unboost|p1a: Hydreigon|atk|1\n|\n|upkeep\n|turn|13\n|\n|switch|p1a: Swampert|Swampert, F|95\/100\n|move|p2a: Krookodile|Stealth Rock|p1a: Swampert\n|-sidestart|p1: Jakkkkkka|move: Stealth Rock\n|\n|-heal|p1a: Swampert|100\/100|[from] item: Leftovers\n|upkeep\n|turn|14\n|\n|move|p2a: Krookodile|Taunt|p1a: Swampert\n|-start|p1a: Swampert|move: Taunt\n|cant|p1a: Swampert|move: Taunt|Toxic\n|\n|upkeep\n|turn|15\n|\n|switch|p2a: Latias|Latias, F|86\/100\n|switch|p1a: Scizor|Scizor, F|66\/100\n|-damage|p1a: Scizor|53\/100|[from] Stealth Rock\n|\n|upkeep\n|turn|16\n|\n|switch|p1a: Sylveon|Sylveon, F|97\/100\n|-damage|p1a: Sylveon|85\/100|[from] Stealth Rock\n|-zpower|p2a: Latias\n|move|p2a: Latias|Devastating Drake|p1a: Sylveon|[zeffect]\n|-immune|p1a: Sylveon\n|\n|-heal|p1a: Sylveon|91\/100|[from] item: Leftovers\n|upkeep\n|turn|17\n|\n|switch|p2a: Scizor|Scizor, F|69\/100\n|switch|p1a: Swampert|Swampert, F|100\/100\n|-damage|p1a: Swampert|94\/100|[from] Stealth Rock\n|\n|-heal|p1a: Swampert|100\/100|[from] item: Leftovers\n|upkeep\n|turn|18\n|\n|move|p2a: Scizor|U-turn|p1a: Swampert\n|-damage|p1a: Swampert|63\/100\n|\n|switch|p2a: Rotom|Rotom-Mow|42\/100\n|move|p1a: Swampert|Stealth Rock|p2a: Rotom\n|-sidestart|p2: Xyjen|move: Stealth Rock\n|\n|-heal|p1a: Swampert|69\/100|[from] item: Leftovers\n|upkeep\n|turn|19\n|\n|move|p2a: Rotom|Defog|p1a: Swampert\n|-unboost|p1a: Swampert|evasion|1\n|-sideend|p1: Jakkkkkka|Stealth Rock|[from] move: Defog|[of] p2a: Rotom\n|-sideend|p2: Xyjen|Stealth Rock|[from] move: Defog|[of] p2a: Rotom\n|move|p1a: Swampert|Toxic|p2a: Rotom\n|-status|p2a: Rotom|tox\n|\n|-heal|p1a: Swampert|75\/100|[from] item: Leftovers\n|-damage|p2a: Rotom|35\/100 tox|[from] psn\n|upkeep\n|turn|20\n|\n|switch|p1a: Sylveon|Sylveon, F|91\/100\n|move|p2a: Rotom|Leaf Storm|p1a: Sylveon\n|-damage|p1a: Sylveon|61\/100\n|-unboost|p2a: Rotom|spa|2\n|\n|-heal|p1a: Sylveon|67\/100|[from] item: Leftovers\n|-damage|p2a: Rotom|23\/100 tox|[from] psn\n|upkeep\n|-enditem|p2a: Rotom|Iapapa Berry|[eat]\n|-heal|p2a: Rotom|73\/100 tox|[from] item: Iapapa Berry\n|turn|21\n|\n|switch|p2a: Krookodile|Krookodile, F|100\/100\n|-ability|p2a: Krookodile|Intimidate|boost\n|-unboost|p1a: Sylveon|atk|1\n|move|p1a: Sylveon|Wish|p1a: Sylveon\n|\n|-heal|p1a: Sylveon|73\/100|[from] item: Leftovers\n|upkeep\n|turn|22\n|\n|switch|p1a: Swampert|Swampert, F|75\/100\n|move|p2a: Krookodile|Stealth Rock|p1a: Swampert\n|-sidestart|p1: Jakkkkkka|move: Stealth Rock\n|\n|-heal|p1a: Swampert|100\/100|[from] move: Wish|[wisher] Sylveon\n|upkeep\n|turn|23\n|\n|move|p2a: Krookodile|Taunt|p1a: Swampert\n|-start|p1a: Swampert|move: Taunt\n|move|p1a: Swampert|Scald|p2a: Krookodile\n|-supereffective|p2a: Krookodile\n|-damage|p2a: Krookodile|40\/100\n|-status|p2a: Krookodile|brn\n|\n|-damage|p2a: Krookodile|34\/100 brn|[from] brn\n|upkeep\n|turn|24\n|\n|move|p2a: Krookodile|Knock Off|p1a: Swampert\n|-damage|p1a: Swampert|85\/100\n|-enditem|p1a: Swampert|Leftovers|[from] move: Knock Off|[of] p2a: Krookodile\n|move|p1a: Swampert|Scald|p2a: Krookodile\n|-supereffective|p2a: Krookodile\n|-damage|p2a: Krookodile|0 fnt\n|faint|p2a: Krookodile\n|\n|upkeep\n|\n|switch|p2a: Mamoswine|Mamoswine, M|100\/100\n|turn|25\n|\n|move|p2a: Mamoswine|Icicle Crash|p1a: Swampert\n|-crit|p1a: Swampert\n|-damage|p1a: Swampert|23\/100\n|-damage|p2a: Mamoswine|91\/100|[from] item: Life Orb\n|move|p1a: Swampert|Scald|p2a: Mamoswine\n|-supereffective|p2a: Mamoswine\n|-damage|p2a: Mamoswine|0 fnt\n|faint|p2a: Mamoswine\n|\n|-end|p1a: Swampert|move: Taunt\n|upkeep\n|\n|switch|p2a: Scizor|Scizor, F|69\/100\n|turn|26\n|\n|move|p2a: Scizor|U-turn|p1a: Swampert\n|-damage|p1a: Swampert|0 fnt\n|faint|p1a: Swampert\n|\n|switch|p2a: Rotom|Rotom-Mow|73\/100 tox\n|\n|-damage|p2a: Rotom|66\/100 tox|[from] psn\n|upkeep\n|\n|switch|p1a: Hydreigon|Hydreigon, F|83\/100\n|-damage|p1a: Hydreigon|71\/100|[from] Stealth Rock\n|turn|27\n|\n|-zpower|p1a: Hydreigon\n|move|p1a: Hydreigon|Acid Downpour|p2a: Rotom|[zeffect]\n|-supereffective|p2a: Rotom\n|-damage|p2a: Rotom|0 fnt\n|faint|p2a: Rotom\n|\n|upkeep\n|\n|switch|p2a: Latias|Latias, F|86\/100\n|turn|28\n|\n|switch|p2a: Scizor|Scizor, F|69\/100\n|switch|p1a: Sylveon|Sylveon, F|73\/100\n|-damage|p1a: Sylveon|61\/100|[from] Stealth Rock\n|\n|-heal|p1a: Sylveon|67\/100|[from] item: Leftovers\n|upkeep\n|turn|29\n|\n|move|p1a: Sylveon|Protect|p1a: Sylveon\n|-singleturn|p1a: Sylveon|Protect\n|move|p2a: Scizor|Bullet Punch|p1a: Sylveon\n|-activate|p1a: Sylveon|move: Protect\n|\n|-heal|p1a: Sylveon|73\/100|[from] item: Leftovers\n|upkeep\n|turn|30\n|\n|switch|p1a: Manectric|Manectric-Mega, F|100\/100\n|-damage|p1a: Manectric|88\/100|[from] Stealth Rock\n|-ability|p1a: Manectric|Intimidate|boost\n|-unboost|p2a: Scizor|atk|1\n|move|p2a: Scizor|Bullet Punch|p1a: Manectric\n|-resisted|p1a: Manectric\n|-damage|p1a: Manectric|61\/100\n|\n|upkeep\n|turn|31\n|\n|switch|p2a: Latias|Latias, F|86\/100\n|move|p1a: Manectric|Volt Switch|p2a: Latias\n|-resisted|p2a: Latias\n|-damage|p2a: Latias|70\/100\n|c| Lou_Crl|xyjen is homophobe\n|c| Lou_Crl|attention a you\n|c| Lou_Crl|i don t mytho\n|inactive|Battle timer is ON: inactive players will automatically lose when time's up. (requested by Xyjen)\n|\n|switch|p1a: Sylveon|Sylveon, F|73\/100\n|-damage|p1a: Sylveon|61\/100|[from] Stealth Rock\n|\n|-heal|p1a: Sylveon|67\/100|[from] item: Leftovers\n|upkeep\n|turn|32\n|\n|move|p2a: Latias|Calm Mind|p2a: Latias\n|-boost|p2a: Latias|spa|1\n|-boost|p2a: Latias|spd|1\n|move|p1a: Sylveon|Wish|p1a: Sylveon\n|\n|-heal|p1a: Sylveon|73\/100|[from] item: Leftovers\n|upkeep\n|turn|33\n|\n|move|p2a: Latias|Psyshock|p1a: Sylveon\n|-damage|p1a: Sylveon|9\/100\n|move|p1a: Sylveon|Moonblast|p2a: Latias\n|-supereffective|p2a: Latias\n|-damage|p2a: Latias|26\/100\n|\n|-heal|p1a: Sylveon|59\/100|[from] move: Wish|[wisher] Sylveon\n|-heal|p1a: Sylveon|65\/100|[from] item: Leftovers\n|upkeep\n|turn|34\n|c| Lou_Crl|moonblast\n|c| Lou_Crl|que see-je\n|\n|move|p2a: Latias|Roost|p2a: Latias\n|-heal|p2a: Latias|76\/100\n|-singleturn|p2a: Latias|move: Roost\n|move|p1a: Sylveon|Moonblast|p2a: Latias\n|-supereffective|p2a: Latias\n|-damage|p2a: Latias|36\/100\n|\n|-heal|p1a: Sylveon|72\/100|[from] item: Leftovers\n|upkeep\n|turn|35\n|\n|move|p2a: Latias|Calm Mind|p2a: Latias\n|-boost|p2a: Latias|spa|1\n|-boost|p2a: Latias|spd|1\n|move|p1a: Sylveon|Toxic|p2a: Latias\n|-status|p2a: Latias|tox\n|\n|-heal|p1a: Sylveon|78\/100|[from] item: Leftovers\n|-damage|p2a: Latias|30\/100 tox|[from] psn\n|upkeep\n|turn|36\n|\n|move|p2a: Latias|Roost|p2a: Latias\n|-heal|p2a: Latias|81\/100 tox\n|-singleturn|p2a: Latias|move: Roost\n|move|p1a: Sylveon|Moonblast|p2a: Latias\n|-supereffective|p2a: Latias\n|-damage|p2a: Latias|50\/100 tox\n|\n|-heal|p1a: Sylveon|84\/100|[from] item: Leftovers\n|-damage|p2a: Latias|38\/100 tox|[from] psn\n|upkeep\n|turn|37\n|\n|move|p2a: Latias|Psyshock|p1a: Sylveon\n|-damage|p1a: Sylveon|0 fnt\n|faint|p1a: Sylveon\n|\n|-damage|p2a: Latias|20\/100 tox|[from] psn\n|upkeep\n|\n|switch|p1a: Scizor|Scizor, F|53\/100\n|-damage|p1a: Scizor|41\/100|[from] Stealth Rock\n|turn|38\n|\n|move|p1a: Scizor|Bullet Punch|p2a: Latias\n|-crit|p2a: Latias\n|-damage|p2a: Latias|0 fnt\n|faint|p2a: Latias\n|\n|upkeep\n|\n|switch|p2a: Scizor|Scizor, F|69\/100\n|turn|39\n|\n|-activate|p1a: Scizor|move: Pursuit\n|move|p2a: Scizor|Pursuit|p1a: Scizor|[from]Pursuit\n|-damage|p1a: Scizor|0 fnt\n|faint|p1a: Scizor\n|\n|upkeep\n|\n|switch|p1a: Nidoking|Nidoking, M|100\/100\n|-damage|p1a: Nidoking|95\/100|[from] Stealth Rock\n|turn|40\n|\n|move|p1a: Nidoking|Earth Power|p2a: Scizor\n|-damage|p2a: Scizor|0 fnt\n|faint|p2a: Scizor\n|\n|upkeep\n|\n|switch|p2a: Terrakion|Terrakion|100\/100\n|turn|41\n|\n|switch|p1a: Manectric|Manectric-Mega, F|61\/100\n|-damage|p1a: Manectric|49\/100|[from] Stealth Rock\n|-ability|p1a: Manectric|Intimidate|boost\n|-unboost|p2a: Terrakion|atk|1\n|move|p2a: Terrakion|Earthquake|p1a: Manectric\n|-supereffective|p1a: Manectric\n|-damage|p1a: Manectric|0 fnt\n|-damage|p2a: Terrakion|91\/100|[from] item: Life Orb\n|faint|p1a: Manectric\n|\n|upkeep\n|\n|switch|p1a: Nidoking|Nidoking, M|95\/100\n|-damage|p1a: Nidoking|89\/100|[from] Stealth Rock\n|turn|42\n|inactive|Xyjen has 120 seconds left.\n|\n|move|p2a: Terrakion|Earthquake|p1a: Nidoking\n|-supereffective|p1a: Nidoking\n|-crit|p1a: Nidoking\n|-damage|p1a: Nidoking|0 fnt\n|-damage|p2a: Terrakion|81\/100|[from] item: Life Orb\n|faint|p1a: Nidoking\n|\n|upkeep\n|c|\u2606Jakkkkkka|-1 252 Atk Life Orb Terrakion Earthquake vs. 0 HP \/ 4 Def Nidoking: 234-276 (77.2 - 91%) -- guaranteed 2HKO\n|inactive|Jakkkkkka has 120 seconds left.\n|\n|switch|p1a: Hydreigon|Hydreigon, F|71\/100\n|-damage|p1a: Hydreigon|58\/100|[from] Stealth Rock\n|turn|43\n|c|\u2606Xyjen|wola\n|inactive|Xyjen has 120 seconds left.\n|c|\u2606Xyjen|j'aurai max roll\n|inactive|Jakkkkkka has 120 seconds left.\n|c| Lou_Crl|i'm a marabout\n|\n|move|p2a: Terrakion|Close Combat|p1a: Hydreigon\n|-supereffective|p1a: Hydreigon\n|-damage|p1a: Hydreigon|0 fnt\n|-unboost|p2a: Terrakion|def|1\n|-unboost|p2a: Terrakion|spd|1\n|-damage|p2a: Terrakion|71\/100|[from] item: Life Orb\n|faint|p1a: Hydreigon\n|\n|win|Xyjen\n|c| Lou_Crl|u can only perdre\n|c|\u2606Xyjen|gg\n|raw|Jakkkkkka's rating: 1505 &rarr; <strong>1479<\/strong><br \/>(-26 for losing)\n|raw|Xyjen's rating: 1400 &rarr; <strong>1426<\/strong><br \/>(+26 for winning)\n|c|\u2606Jakkkkkka|vraiment une bande de ksos c'est ouf mdr\n|c| Lou_Crl|ptdrr rage pas\n|c|\u2606Xyjen|ok\n|c|\u2606Xyjen|fin\n|c| Lou_Crl|tu fais grave piti\u00e9\n|c|\u2606Xyjen|salut gros hein\n|c| Lou_Crl|c'est archi triste\n|c|\u2606Xyjen|genre j'ai crit tant pis tu veut jfasse quoi\n|c|\u2606Xyjen|pleure pas c qu'un match pok\u00e9 hein\n","uploadtime":1549393357,"views":17,"p1id":"jakkkkkka","p2id":"xyjen","formatid":"gen7uu","rating":1426,"private":0,"password":null}