{"id":"gen7ou-883752694","p1":"untitled 100","p2":"why addicted","format":"gen7ou","log":"|j|\u2606untitled 100\n|j|\u2606why addicted\n|player|p1|untitled 100|168\n|player|p2|why addicted|168\n|teamsize|p1|6\n|teamsize|p2|6\n|gametype|singles\n|gen|7\n|tier|[Gen 7] OU\n|rated|\n|rule|Sleep Clause Mod: Limit one foe put to sleep\n|rule|Species Clause: Limit one of each Pok\u00e9mon\n|rule|OHKO Clause: OHKO moves are banned\n|rule|Moody Clause: Moody is banned\n|rule|Evasion Moves Clause: Evasion moves are banned\n|rule|Endless Battle Clause: Forcing endless battles is banned\n|rule|HP Percentage Mod: HP is shown in percentages\n|clearpoke\n|poke|p1|Terrakion|item\n|poke|p1|Heracross, M|item\n|poke|p1|Tapu Bulu|item\n|poke|p1|Rotom-Wash|item\n|poke|p1|Heatran, M|item\n|poke|p1|Tornadus-Therian, M|item\n|poke|p2|Medicham, M|item\n|poke|p2|Hydreigon, F|item\n|poke|p2|Gastrodon, F|item\n|poke|p2|Heatran, M|item\n|poke|p2|Tornadus-Therian, M|item\n|poke|p2|Kartana|item\n|teampreview\n|c|\u2606why addicted|gl\n|j| king of spycrabs\n|c|\u2606untitled 100|u2\n|\n|start\n|switch|p1a: Heatran|Heatran, M|100\/100\n|switch|p2a: Predict|Medicham, M|100\/100\n|turn|1\n|\n|detailschange|p2a: Predict|Medicham-Mega, M\n|-mega|p2a: Predict|Medicham|Medichamite\n|move|p1a: Heatran|Overheat|p2a: Predict\n|-damage|p2a: Predict|4\/100\n|-unboost|p1a: Heatran|spa|2\n|move|p2a: Predict|Ice Punch|p1a: Heatran\n|-resisted|p1a: Heatran\n|-damage|p1a: Heatran|90\/100\n|\n|upkeep\n|turn|2\n|\n|switch|p1a: Tornadus|Tornadus-Therian, M|100\/100\n|move|p2a: Predict|Zen Headbutt|p1a: Tornadus\n|-damage|p1a: Tornadus|32\/100\n|-damage|p2a: Predict|0 fnt|[from] item: Rocky Helmet|[of] p1a: Tornadus\n|faint|p2a: Predict\n|\n|upkeep\n|\n|switch|p2a: Broken|Heatran, M|100\/100\n|turn|3\n|\n|move|p1a: Tornadus|U-turn|p2a: Broken\n|-resisted|p2a: Broken\n|-damage|p2a: Broken|97\/100\n|\n|switch|p1a: Terrakion|Terrakion|100\/100\n|move|p2a: Broken|Stealth Rock|p1a: Terrakion\n|-sidestart|p1: untitled 100|move: Stealth Rock\n|\n|-heal|p2a: Broken|100\/100|[from] item: Leftovers\n|upkeep\n|turn|4\n|j| pxxpdxxp\n|\n|move|p1a: Terrakion|Swords Dance|p1a: Terrakion\n|-boost|p1a: Terrakion|atk|2\n|move|p2a: Broken|Earth Power|p1a: Terrakion\n|-supereffective|p1a: Terrakion\n|-damage|p1a: Terrakion|42\/100\n|\n|upkeep\n|turn|5\n|\n|switch|p2a: Underrated|Gastrodon, F|100\/100\n|-zpower|p1a: Terrakion\n|move|p1a: Terrakion|Continental Crush|p2a: Underrated|[zeffect]\n|-resisted|p2a: Underrated\n|-crit|p2a: Underrated\n|-damage|p2a: Underrated|0 fnt\n|faint|p2a: Underrated\n|\n|upkeep\n|j| ritianxiang\n|\n|switch|p2a: Wincon|Kartana|100\/100\n|turn|6\n|\n|switch|p1a: Heatran|Heatran, M|90\/100\n|-damage|p1a: Heatran|77\/100|[from] Stealth Rock\n|move|p2a: Wincon|Sacred Sword|p1a: Heatran\n|-supereffective|p1a: Heatran\n|-damage|p1a: Heatran|3\/100\n|\n|upkeep\n|turn|7\n|\n|switch|p1a: Tornadus|Tornadus-Therian, M|65\/100\n|-damage|p1a: Tornadus|40\/100|[from] Stealth Rock\n|move|p2a: Wincon|Sacred Sword|p1a: Tornadus\n|-resisted|p1a: Tornadus\n|-damage|p1a: Tornadus|17\/100\n|-damage|p2a: Wincon|84\/100|[from] item: Rocky Helmet|[of] p1a: Tornadus\n|\n|upkeep\n|turn|8\n|\n|switch|p1a: Tapu Bulu|Tapu Bulu|100\/100\n|-damage|p1a: Tapu Bulu|88\/100|[from] Stealth Rock\n|-fieldstart|move: Grassy Terrain|[from] ability: Grassy Surge|[of] p1a: Tapu Bulu\n|move|p2a: Wincon|Sacred Sword|p1a: Tapu Bulu\n|-resisted|p1a: Tapu Bulu\n|-damage|p1a: Tapu Bulu|71\/100\n|\n|-heal|p2a: Wincon|90\/100|[from] Grassy Terrain\n|-heal|p1a: Tapu Bulu|77\/100|[from] item: Leftovers\n|-heal|p1a: Tapu Bulu|83\/100|[from] Grassy Terrain\n|upkeep\n|turn|9\n|\n|switch|p2a: Reliable|Tornadus-Therian, M|100\/100\n|switch|p1a: Rotom|Rotom-Wash|100\/100\n|-damage|p1a: Rotom|88\/100|[from] Stealth Rock\n|\n|-heal|p1a: Rotom|94\/100|[from] item: Leftovers\n|upkeep\n|turn|10\n|\n|move|p2a: Reliable|Knock Off|p1a: Rotom\n|-damage|p1a: Rotom|74\/100\n|-enditem|p1a: Rotom|Leftovers|[from] move: Knock Off|[of] p2a: Reliable\n|move|p1a: Rotom|Thunder Wave|p2a: Reliable\n|-status|p2a: Reliable|par\n|\n|upkeep\n|turn|11\n|\n|move|p1a: Rotom|Volt Switch|p2a: Reliable\n|-supereffective|p2a: Reliable\n|-damage|p2a: Reliable|44\/100 par\n|\n|switch|p1a: Heatran|Heatran, M|3\/100\n|-damage|p1a: Heatran|0 fnt|[from] Stealth Rock\n|faint|p1a: Heatran\n|cant|p2a: Reliable|par\n|\n|upkeep\n|\n|switch|p1a: Tornadus|Tornadus-Therian, M|50\/100\n|-damage|p1a: Tornadus|26\/100|[from] Stealth Rock\n|turn|12\n|\n|switch|p2a: Broken|Heatran, M|100\/100\n|move|p1a: Tornadus|Defog|p2a: Broken\n|-unboost|p2a: Broken|evasion|1\n|-sideend|p1: untitled 100|Stealth Rock|[from] move: Defog|[of] p1a: Tornadus\n|\n|-fieldend|move: Grassy Terrain\n|upkeep\n|turn|13\n|\n|move|p1a: Tornadus|Taunt|p2a: Broken\n|-start|p2a: Broken|move: Taunt\n|move|p2a: Broken|Earth Power|p1a: Tornadus\n|-immune|p1a: Tornadus\n|\n|upkeep\n|turn|14\n|\n|move|p1a: Tornadus|U-turn|p2a: Broken\n|-resisted|p2a: Broken\n|-damage|p2a: Broken|97\/100\n|\n|switch|p1a: Rotom|Rotom-Wash|74\/100\n|move|p2a: Broken|Magma Storm|p1a: Rotom\n|-resisted|p1a: Rotom\n|-damage|p1a: Rotom|59\/100\n|-activate|p1a: Rotom|move: Magma Storm|[of] p2a: Broken\n|\n|-heal|p2a: Broken|100\/100|[from] item: Leftovers\n|-damage|p1a: Rotom|47\/100|[from] move: Magma Storm|[partiallytrapped]\n|upkeep\n|turn|15\n|\n|switch|p2a: Reliable|Tornadus-Therian, M|77\/100 par\n|move|p1a: Rotom|Volt Switch|p2a: Reliable\n|-supereffective|p2a: Reliable\n|-damage|p2a: Reliable|22\/100 par\n|\n|switch|p1a: Terrakion|Terrakion|42\/100\n|\n|upkeep\n|turn|16\n|\n|move|p1a: Terrakion|Close Combat|p2a: Reliable\n|-resisted|p2a: Reliable\n|-damage|p2a: Reliable|0 fnt\n|-damage|p1a: Terrakion|25\/100|[from] item: Rocky Helmet|[of] p2a: Reliable\n|-unboost|p1a: Terrakion|def|1\n|-unboost|p1a: Terrakion|spd|1\n|faint|p2a: Reliable\n|\n|upkeep\n|\n|switch|p2a: Wincon|Kartana|90\/100\n|turn|17\n|\n|switch|p1a: Tornadus|Tornadus-Therian, M|59\/100\n|move|p2a: Wincon|Smart Strike|p1a: Tornadus\n|-damage|p1a: Tornadus|10\/100\n|-damage|p2a: Wincon|73\/100|[from] item: Rocky Helmet|[of] p1a: Tornadus\n|\n|upkeep\n|turn|18\n|\n|switch|p2a: wHyadreigon|Hydreigon, F|100\/100\n|switch|p1a: Rotom|Rotom-Wash|47\/100\n|\n|upkeep\n|turn|19\n|\n|switch|p1a: Tapu Bulu|Tapu Bulu|83\/100\n|-fieldstart|move: Grassy Terrain|[from] ability: Grassy Surge|[of] p1a: Tapu Bulu\n|-zpower|p2a: wHyadreigon\n|move|p2a: wHyadreigon|Black Hole Eclipse|p1a: Tapu Bulu|[zeffect]\n|-resisted|p1a: Tapu Bulu\n|-damage|p1a: Tapu Bulu|51\/100\n|\n|-heal|p1a: Tapu Bulu|57\/100|[from] item: Leftovers\n|-heal|p1a: Tapu Bulu|63\/100|[from] Grassy Terrain\n|upkeep\n|turn|20\n|\n|move|p2a: wHyadreigon|Flash Cannon|p1a: Tapu Bulu\n|-supereffective|p1a: Tapu Bulu\n|-damage|p1a: Tapu Bulu|20\/100\n|move|p1a: Tapu Bulu|Swords Dance|p1a: Tapu Bulu\n|-boost|p1a: Tapu Bulu|atk|2\n|\n|-heal|p1a: Tapu Bulu|26\/100|[from] item: Leftovers\n|-heal|p1a: Tapu Bulu|32\/100|[from] Grassy Terrain\n|upkeep\n|turn|21\n|\n|move|p2a: wHyadreigon|Flash Cannon|p1a: Tapu Bulu\n|-supereffective|p1a: Tapu Bulu\n|-damage|p1a: Tapu Bulu|0 fnt\n|faint|p1a: Tapu Bulu\n|\n|upkeep\n|\n|switch|p1a: Terrakion|Terrakion|25\/100\n|turn|22\n|\n|move|p1a: Terrakion|Close Combat|p2a: wHyadreigon\n|-supereffective|p2a: wHyadreigon\n|-damage|p2a: wHyadreigon|0 fnt\n|-unboost|p1a: Terrakion|def|1\n|-unboost|p1a: Terrakion|spd|1\n|faint|p2a: wHyadreigon\n|\n|-heal|p1a: Terrakion|31\/100|[from] Grassy Terrain\n|upkeep\n|\n|switch|p2a: Wincon|Kartana|73\/100\n|turn|23\n|\n|switch|p1a: Tornadus|Tornadus-Therian, M|43\/100\n|move|p2a: Wincon|Leaf Blade|p1a: Tornadus\n|-resisted|p1a: Tornadus\n|-damage|p1a: Tornadus|0 fnt\n|-damage|p2a: Wincon|57\/100|[from] item: Rocky Helmet|[of] p1a: Tornadus\n|faint|p1a: Tornadus\n|-ability|p2a: Wincon|Beast Boost|boost\n|-boost|p2a: Wincon|atk|1\n|\n|-heal|p2a: Wincon|63\/100|[from] Grassy Terrain\n|-fieldend|move: Grassy Terrain\n|upkeep\n|\n|switch|p1a: Heracross|Heracross, M|100\/100\n|turn|24\n|\n|switch|p2a: Broken|Heatran, M|100\/100\n|move|p1a: Heracross|Close Combat|p2a: Broken\n|-supereffective|p2a: Broken\n|-damage|p2a: Broken|0 fnt\n|-unboost|p1a: Heracross|def|1\n|-unboost|p1a: Heracross|spd|1\n|faint|p2a: Broken\n|-ability|p1a: Heracross|Moxie|boost\n|-boost|p1a: Heracross|atk|1\n|\n|upkeep\n|\n|switch|p2a: Wincon|Kartana|63\/100\n|turn|25\n|c|\u2606why addicted|gg\n|c|\u2606untitled 100|gg\n|\n|switch|p1a: Rotom|Rotom-Wash|47\/100\n|move|p2a: Wincon|Leaf Blade|p1a: Rotom\n|-supereffective|p1a: Rotom\n|-damage|p1a: Rotom|0 fnt\n|faint|p1a: Rotom\n|-ability|p2a: Wincon|Beast Boost|boost\n|-boost|p2a: Wincon|atk|1\n|\n|upkeep\n|\n|switch|p1a: Heracross|Heracross, M|100\/100\n|turn|26\n|\n|move|p2a: Wincon|Leaf Blade|p1a: Heracross\n|-resisted|p1a: Heracross\n|-damage|p1a: Heracross|40\/100\n|move|p1a: Heracross|Close Combat|p2a: Wincon\n|-supereffective|p2a: Wincon\n|-damage|p2a: Wincon|0 fnt\n|-unboost|p1a: Heracross|def|1\n|-unboost|p1a: Heracross|spd|1\n|faint|p2a: Wincon\n|\n|win|untitled 100\n|raw|untitled 100's rating: 1860 &rarr; <strong>1877<\/strong><br \/>(+17 for winning)\n|raw|why addicted's rating: 1821 &rarr; <strong>1803<\/strong><br \/>(-18 for losing)\n","uploadtime":1553846025,"views":88,"p1id":"untitled100","p2id":"whyaddicted","formatid":"gen7ou","rating":1803,"private":0,"password":null}