{"id":"gen7ru-785726326","p1":"redithan yt","p2":"OGamer289","format":"gen7ru","log":"|j|\u2606redithan yt\n|j|\u2606OGamer289\n|player|p1|redithan yt|160\n|player|p2|OGamer289|153\n|teamsize|p1|6\n|teamsize|p2|6\n|gametype|singles\n|gen|7\n|tier|[Gen 7] RU\n|rated|\n|rule|Sleep Clause Mod: Limit one foe put to sleep\n|rule|Species Clause: Limit one of each Pok\u00e9mon\n|rule|OHKO Clause: OHKO moves are banned\n|rule|Moody Clause: Moody is banned\n|rule|Evasion Moves Clause: Evasion moves are banned\n|rule|Endless Battle Clause: Forcing endless battles is banned\n|rule|HP Percentage Mod: HP is shown in percentages\n|clearpoke\n|poke|p1|Noivern, F|item\n|poke|p1|Bronzong|item\n|poke|p1|Bruxish, M|item\n|poke|p1|Florges-Yellow, F|item\n|poke|p1|Accelgor, F|item\n|poke|p1|Emboar, F|item\n|poke|p2|Feraligatr, M|item\n|poke|p2|Lycanroc-Dusk, F|item\n|poke|p2|Mandibuzz, F|item\n|poke|p2|Dragalge, M|item\n|poke|p2|Escavalier, F|item\n|poke|p2|Necrozma|item\n|teampreview\n|\n|start\n|switch|p1a: Cherche|Noivern, F|100\/100\n|switch|p2a: Arko|Lycanroc-Dusk, F|100\/100\n|-item|p2a: Arko|Focus Sash|[from] ability: Frisk|[of] p1a: Cherche|[identify]\n|turn|1\n|\n|switch|p1a: Expand zong|Bronzong|100\/100\n|move|p2a: Arko|Stealth Rock|p1a: Expand zong\n|-sidestart|p1: redithan yt|move: Stealth Rock\n|\n|upkeep\n|turn|2\n|\n|switch|p2a: Buzzzz|Mandibuzz, F|100\/100\n|move|p1a: Expand zong|Reflect|p1a: Expand zong\n|-sidestart|p1: redithan yt|Reflect\n|\n|upkeep\n|turn|3\n|\n|move|p2a: Buzzzz|Foul Play|p1a: Expand zong\n|-supereffective|p1a: Expand zong\n|-damage|p1a: Expand zong|74\/100\n|-damage|p2a: Buzzzz|91\/100|[from] item: Life Orb\n|move|p1a: Expand zong|Stealth Rock|p2a: Buzzzz\n|-sidestart|p2: OGamer289|move: Stealth Rock\n|\n|upkeep\n|turn|4\n|\n|switch|p1a: LET'S GOOOOOO|Florges-Yellow, F, shiny|100\/100\n|-damage|p1a: LET'S GOOOOOO|88\/100|[from] Stealth Rock\n|move|p2a: Buzzzz|Foul Play|p1a: LET'S GOOOOOO\n|-resisted|p1a: LET'S GOOOOOO\n|-damage|p1a: LET'S GOOOOOO|84\/100\n|-damage|p2a: Buzzzz|81\/100|[from] item: Life Orb\n|\n|-heal|p1a: LET'S GOOOOOO|90\/100|[from] item: Leftovers\n|upkeep\n|turn|5\n|\n|move|p2a: Buzzzz|Toxic|p1a: LET'S GOOOOOO\n|-status|p1a: LET'S GOOOOOO|tox\n|move|p1a: LET'S GOOOOOO|Wish|p1a: LET'S GOOOOOO\n|\n|-heal|p1a: LET'S GOOOOOO|96\/100 tox|[from] item: Leftovers\n|-damage|p1a: LET'S GOOOOOO|90\/100 tox|[from] psn\n|upkeep\n|turn|6\n|\n|switch|p1a: Bacon tbh|Emboar, F|100\/100\n|-damage|p1a: Bacon tbh|88\/100|[from] Stealth Rock\n|move|p2a: Buzzzz|Foul Play|p1a: Bacon tbh\n|-resisted|p1a: Bacon tbh\n|-damage|p1a: Bacon tbh|66\/100\n|-damage|p2a: Buzzzz|71\/100|[from] item: Life Orb\n|\n|-heal|p1a: Bacon tbh|100\/100|[from] move: Wish|[wisher] LET'S GOOOOOO\n|upkeep\n|turn|7\n|\n|move|p1a: Bacon tbh|Toxic|p2a: Buzzzz\n|-status|p2a: Buzzzz|tox\n|move|p2a: Buzzzz|Roost|p2a: Buzzzz\n|-heal|p2a: Buzzzz|100\/100 tox\n|\n|-damage|p2a: Buzzzz|94\/100 tox|[from] psn\n|upkeep\n|turn|8\n|\n|switch|p1a: LET'S GOOOOOO|Florges-Yellow, F, shiny|90\/100 tox\n|-damage|p1a: LET'S GOOOOOO|78\/100 tox|[from] Stealth Rock\n|move|p2a: Buzzzz|Toxic|p1a: LET'S GOOOOOO\n|-fail|p1a: LET'S GOOOOOO|tox\n|\n|-heal|p1a: LET'S GOOOOOO|84\/100 tox|[from] item: Leftovers\n|-damage|p2a: Buzzzz|82\/100 tox|[from] psn\n|-damage|p1a: LET'S GOOOOOO|78\/100 tox|[from] psn\n|upkeep\n|turn|9\n|\n|switch|p2a: Stechert|Escavalier, F|100\/100\n|-damage|p2a: Stechert|88\/100|[from] Stealth Rock\n|move|p1a: LET'S GOOOOOO|Wish|p1a: LET'S GOOOOOO\n|\n|-heal|p1a: LET'S GOOOOOO|84\/100 tox|[from] item: Leftovers\n|-damage|p1a: LET'S GOOOOOO|72\/100 tox|[from] psn\n|-sideend|p1: redithan yt|Reflect\n|upkeep\n|turn|10\n|\n|switch|p1a: Expand zong|Bronzong|74\/100\n|-damage|p1a: Expand zong|68\/100|[from] Stealth Rock\n|move|p2a: Stechert|Poison Jab|p1a: Expand zong\n|-immune|p1a: Expand zong|[msg]\n|\n|-heal|p1a: Expand zong|100\/100|[from] move: Wish|[wisher] LET'S GOOOOOO\n|upkeep\n|turn|11\n|\n|switch|p2a: Buzzzz|Mandibuzz, F|82\/100 tox\n|-damage|p2a: Buzzzz|57\/100 tox|[from] Stealth Rock\n|move|p1a: Expand zong|Reflect|p1a: Expand zong\n|-sidestart|p1: redithan yt|Reflect\n|\n|-damage|p2a: Buzzzz|51\/100 tox|[from] psn\n|upkeep\n|turn|12\n|\n|move|p2a: Buzzzz|Foul Play|p1a: Expand zong\n|-supereffective|p1a: Expand zong\n|-damage|p1a: Expand zong|76\/100\n|-damage|p2a: Buzzzz|41\/100 tox|[from] item: Life Orb\n|move|p1a: Expand zong|Light Screen|p1a: Expand zong\n|-sidestart|p1: redithan yt|move: Light Screen\n|\n|-damage|p2a: Buzzzz|29\/100 tox|[from] psn\n|upkeep\n|turn|13\n|\n|switch|p1a: LET'S GOOOOOO|Florges-Yellow, F, shiny|72\/100 tox\n|-damage|p1a: LET'S GOOOOOO|59\/100 tox|[from] Stealth Rock\n|move|p2a: Buzzzz|Foul Play|p1a: LET'S GOOOOOO\n|-resisted|p1a: LET'S GOOOOOO\n|-damage|p1a: LET'S GOOOOOO|55\/100 tox\n|-damage|p2a: Buzzzz|19\/100 tox|[from] item: Life Orb\n|\n|-heal|p1a: LET'S GOOOOOO|61\/100 tox|[from] item: Leftovers\n|-damage|p2a: Buzzzz|0 tox|[from] psn\n|-damage|p1a: LET'S GOOOOOO|55\/100 tox|[from] psn\n|upkeep\n|faint|p2a: Buzzzz\n|\n|switch|p2a: Seetang|Dragalge, M|100\/100\n|-damage|p2a: Seetang|88\/100|[from] Stealth Rock\n|turn|14\n|\n|switch|p1a: Expand zong|Bronzong|76\/100\n|-damage|p1a: Expand zong|70\/100|[from] Stealth Rock\n|move|p2a: Seetang|Dragon Tail|p1a: Expand zong\n|-resisted|p1a: Expand zong\n|-damage|p1a: Expand zong|66\/100\n|drag|p1a: LET'S GOOOOOO|Florges-Yellow, F, shiny|55\/100 tox\n|-damage|p1a: LET'S GOOOOOO|43\/100 tox|[from] Stealth Rock\n|\n|-heal|p1a: LET'S GOOOOOO|49\/100 tox|[from] item: Leftovers\n|-heal|p2a: Seetang|94\/100|[from] item: Black Sludge\n|-damage|p1a: LET'S GOOOOOO|43\/100 tox|[from] psn\n|upkeep\n|turn|15\n|\n|switch|p1a: Expand zong|Bronzong|66\/100\n|-damage|p1a: Expand zong|60\/100|[from] Stealth Rock\n|move|p2a: Seetang|Sludge Bomb|p1a: Expand zong\n|-immune|p1a: Expand zong|[msg]\n|\n|-heal|p2a: Seetang|99\/100|[from] item: Black Sludge\n|upkeep\n|turn|16\n|\n|move|p1a: Expand zong|Heavy Slam|p2a: Seetang\n|-damage|p2a: Seetang|77\/100\n|move|p2a: Seetang|Dragon Tail|p1a: Expand zong\n|-resisted|p1a: Expand zong\n|-damage|p1a: Expand zong|57\/100\n|drag|p1a: Kylie Jenner|Bruxish, M|100\/100\n|-damage|p1a: Kylie Jenner|88\/100|[from] Stealth Rock\n|\n|-heal|p2a: Seetang|83\/100|[from] item: Black Sludge\n|upkeep\n|turn|17\n|\n|switch|p2a: dRAK|Necrozma|100\/100\n|-damage|p2a: dRAK|88\/100|[from] Stealth Rock\n|move|p1a: Kylie Jenner|Psychic Fangs|p2a: dRAK\n|-resisted|p2a: dRAK\n|-damage|p2a: dRAK|64\/100\n|-damage|p1a: Kylie Jenner|78\/100|[from] item: Life Orb\n|\n|upkeep\n|turn|18\n|\n|move|p2a: dRAK|Dark Pulse|p1a: Kylie Jenner\n|-supereffective|p1a: Kylie Jenner\n|-damage|p1a: Kylie Jenner|33\/100\n|move|p1a: Kylie Jenner|Swords Dance|p1a: Kylie Jenner\n|-boost|p1a: Kylie Jenner|atk|2\n|\n|-sideend|p1: redithan yt|Reflect\n|upkeep\n|turn|19\n|\n|move|p1a: Kylie Jenner|Aqua Jet|p2a: dRAK\n|-damage|p2a: dRAK|20\/100\n|-damage|p1a: Kylie Jenner|23\/100|[from] item: Life Orb\n|move|p2a: dRAK|Dark Pulse|p1a: Kylie Jenner\n|-supereffective|p1a: Kylie Jenner\n|-damage|p1a: Kylie Jenner|0\n|faint|p1a: Kylie Jenner\n|\n|-sideend|p1: redithan yt|move: Light Screen\n|upkeep\n|\n|switch|p1a: Had to do it to em|Accelgor, F|100\/100\n|-damage|p1a: Had to do it to em|76\/100|[from] Stealth Rock\n|turn|20\n|\n|switch|p2a: Seetang|Dragalge, M|83\/100\n|-damage|p2a: Seetang|71\/100|[from] Stealth Rock\n|move|p1a: Had to do it to em|Spikes|p2a: Seetang\n|-sidestart|p2: OGamer289|Spikes\n|\n|-heal|p2a: Seetang|77\/100|[from] item: Black Sludge\n|upkeep\n|turn|21\n|\n|move|p1a: Had to do it to em|Final Gambit|p2a: Seetang\n|-damage|p2a: Seetang|0\n|faint|p1a: Had to do it to em\n|faint|p2a: Seetang\n|\n|upkeep\n|\n|switch|p1a: Cherche|Noivern, F|100\/100\n|switch|p2a: Stechert|Escavalier, F|88\/100\n|-damage|p1a: Cherche|76\/100|[from] Stealth Rock\n|-item|p2a: Stechert|Choice Band|[from] ability: Frisk|[of] p1a: Cherche|[identify]\n|-damage|p2a: Stechert|75\/100|[from] Spikes\n|-damage|p2a: Stechert|63\/100|[from] Stealth Rock\n|turn|22\n|\n|switch|p1a: Expand zong|Bronzong|57\/100\n|-damage|p1a: Expand zong|51\/100|[from] Stealth Rock\n|move|p2a: Stechert|Iron Head|p1a: Expand zong\n|-resisted|p1a: Expand zong\n|-damage|p1a: Expand zong|26\/100\n|\n|upkeep\n|turn|23\n|\n|move|p1a: Expand zong|Reflect|p1a: Expand zong\n|-sidestart|p1: redithan yt|Reflect\n|move|p2a: Stechert|Iron Head|p1a: Expand zong\n|-resisted|p1a: Expand zong\n|-damage|p1a: Expand zong|15\/100\n|\n|upkeep\n|turn|24\n|\n|move|p1a: Expand zong|Light Screen|p1a: Expand zong\n|-sidestart|p1: redithan yt|move: Light Screen\n|move|p2a: Stechert|Iron Head|p1a: Expand zong\n|-resisted|p1a: Expand zong\n|-damage|p1a: Expand zong|4\/100\n|\n|upkeep\n|turn|25\n|\n|switch|p1a: Bacon tbh|Emboar, F|100\/100\n|-damage|p1a: Bacon tbh|88\/100|[from] Stealth Rock\n|move|p2a: Stechert|Iron Head|p1a: Bacon tbh\n|-resisted|p1a: Bacon tbh\n|-damage|p1a: Bacon tbh|63\/100\n|\n|upkeep\n|turn|26\n|\n|switch|p2a: Arko|Lycanroc-Dusk, F|100\/100\n|-damage|p2a: Arko|88\/100|[from] Stealth Rock\n|-damage|p2a: Arko|76\/100|[from] Spikes\n|move|p1a: Bacon tbh|Wild Charge|p2a: Arko\n|-damage|p2a: Arko|17\/100\n|-damage|p1a: Bacon tbh|51\/100|[from] Recoil\n|\n|upkeep\n|turn|27\n|\n|move|p1a: Bacon tbh|Wild Charge|p2a: Arko\n|-damage|p2a: Arko|0\n|-damage|p1a: Bacon tbh|48\/100|[from] Recoil\n|faint|p2a: Arko\n|\n|upkeep\n|\n|switch|p2a: dRAK|Necrozma|20\/100\n|-damage|p2a: dRAK|8\/100|[from] Stealth Rock\n|-damage|p2a: dRAK|0|[from] Spikes\n|faint|p2a: dRAK\n|\n|switch|p2a: Stechert|Escavalier, F|63\/100\n|-damage|p2a: Stechert|50\/100|[from] Stealth Rock\n|-damage|p2a: Stechert|38\/100|[from] Spikes\n|turn|28\n|\n|move|p1a: Bacon tbh|Wild Charge|p2a: Stechert\n|-damage|p2a: Stechert|2\/100\n|-damage|p1a: Bacon tbh|39\/100|[from] Recoil\n|move|p2a: Stechert|Poison Jab|p1a: Bacon tbh\n|-damage|p1a: Bacon tbh|9\/100\n|\n|upkeep\n|turn|29\n|-message|OGamer289 forfeited.\n|\n|win|redithan yt\n|raw|redithan yt's rating: 1294 &rarr; <strong>1311<\/strong><br \/>(+17 for winning)\n|raw|OGamer289's rating: 1182 &rarr; <strong>1165<\/strong><br \/>(-17 for losing)\n|l|\u2606OGamer289\n","uploadtime":1533364974,"views":14,"p1id":"redithanyt","p2id":"ogamer289","formatid":"gen7ru","rating":1165,"private":0,"password":null}