{"id":"gen7vgc2018-1706961007","p1":"PigsRuleVGC","p2":"Someone#58","format":"gen7vgc2018","log":"|j|\u2606PigsRuleVGC\n|j|\u2606Someone#58\n|t:|1668036599\n|gametype|doubles\n|player|p1|PigsRuleVGC|siebold-masters|\n|player|p2|Someone#58|2|\n|teamsize|p1|6\n|teamsize|p2|6\n|gen|7\n|tier|[Gen 7] VGC 2018\n|rated|Tournament battle\n|rule|Species Clause: Limit one of each Pok\u00e9mon\n|rule|Item Clause: Limit one of each item\n|clearpoke\n|poke|p1|Sceptile, L50, M|item\n|poke|p1|Porygon2, L50|item\n|poke|p1|Tapu Fini, L50|item\n|poke|p1|Tapu Koko, L50|item\n|poke|p1|Celesteela, L50|item\n|poke|p1|Landorus-Therian, L50, M|item\n|poke|p2|Salamence, L50, F|item\n|poke|p2|Tapu Koko, L50|item\n|poke|p2|Incineroar, L50, M|item\n|poke|p2|Gastrodon, L50, M|item\n|poke|p2|Snorlax, L50, F|item\n|poke|p2|Kartana, L50|item\n|teampreview|4\n|inactive|Battle timer is ON: inactive players will automatically lose when time's up. (requested by PigsRuleVGC)\n|c|\u2606PigsRuleVGC|glhf\n|inactive|Someone#58 has 60 seconds left.\n|c|\u2606Someone#58|u2\n|inactive|Someone#58 has 30 seconds left.\n|inactive|Someone#58 has 20 seconds left.\n|\n|t:|1668036672\n|start\n|switch|p1a: Geico|Sceptile, L50, M, shiny|48\/48\n|switch|p1b: Tapu Fini|Tapu Fini, L50|48\/48\n|switch|p2a: Incineroar|Incineroar, L50, M|48\/48\n|switch|p2b: Kartana|Kartana, L50|48\/48\n|-fieldstart|move: Misty Terrain|[from] ability: Misty Surge|[of] p1b: Tapu Fini\n|-ability|p2a: Incineroar|Intimidate|boost\n|-unboost|p1a: Geico|atk|1\n|-unboost|p1b: Tapu Fini|atk|1\n|turn|1\n|inactive|Someone#58 has 30 seconds left.\n|inactive|Someone#58 has 20 seconds left.\n|inactive|Someone#58 has 15 seconds left.\n|\n|t:|1668036716\n|switch|p1b: Rocket|Celesteela, L50|48\/48\n|detailschange|p1a: Geico|Sceptile-Mega, L50, M, shiny\n|-mega|p1a: Geico|Sceptile|Sceptilite\n|move|p1a: Geico|Detect|p1a: Geico\n|-singleturn|p1a: Geico|Protect\n|move|p2a: Incineroar|Fake Out|p1a: Geico\n|-activate|p1a: Geico|move: Protect\n|move|p2b: Kartana|Tailwind|p2b: Kartana\n|-sidestart|p2: Someone#58|move: Tailwind\n|\n|upkeep\n|turn|2\n|inactive|PigsRuleVGC has 30 seconds left.\n|inactive|Someone#58 has 30 seconds left.\n|inactive|Someone#58 has 20 seconds left.\n|inactive|Someone#58 has 15 seconds left.\n|inactive|Someone#58 has 10 seconds left.\n|inactive|Someone#58 has 5 seconds left.\n|\n|t:|1668036769\n|switch|p1a: Tapu Fini|Tapu Fini, L50|48\/48\n|move|p2b: Kartana|Sacred Sword|p1b: Rocket\n|-damage|p1b: Rocket|32\/48\n|move|p2a: Incineroar|Snarl|p1a: Tapu Fini|[spread] p1b\n|-miss|p2a: Incineroar|p1a: Tapu Fini\n|-damage|p1b: Rocket|29\/48\n|-unboost|p1b: Rocket|spa|1\n|move|p1b: Rocket|Leech Seed|p2a: Incineroar\n|-start|p2a: Incineroar|move: Leech Seed\n|\n|-damage|p2a: Incineroar|42\/48|[from] Leech Seed|[of] p1b: Rocket\n|-heal|p1b: Rocket|35\/48|[silent]\n|upkeep\n|turn|3\n|inactive|PigsRuleVGC has 30 seconds left.\n|inactive|Someone#58 has 30 seconds left.\n|inactive|PigsRuleVGC has 20 seconds left.\n|inactive|Someone#58 has 20 seconds left.\n|\n|t:|1668036806\n|switch|p1a: Geico|Sceptile-Mega, L50, M, shiny|48\/48\n|switch|p2a: Tapu Koko|Tapu Koko, L50|48\/48\n|-fieldstart|move: Electric Terrain|[from] ability: Electric Surge|[of] p2a: Tapu Koko\n|-enditem|p1b: Rocket|Electric Seed\n|-boost|p1b: Rocket|def|1|[from] item: Electric Seed\n|-zpower|p2b: Kartana\n|move|p2b: Kartana|Bloom Doom|p1a: Geico|[zeffect]\n|-resisted|p1a: Geico\n|-damage|p1a: Geico|27\/48\n|move|p1b: Rocket|Acrobatics|p2b: Kartana\n|-damage|p2b: Kartana|28\/48\n|\n|upkeep\n|turn|4\n|\n|t:|1668036830\n|move|p2b: Kartana|Protect|p2b: Kartana\n|-singleturn|p2b: Kartana|Protect\n|move|p1a: Geico|Detect|p1a: Geico\n|-singleturn|p1a: Geico|Protect\n|move|p2a: Tapu Koko|Discharge|p1a: Geico|[spread] p1b\n|-activate|p2b: Kartana|move: Protect\n|-activate|p1a: Geico|move: Protect\n|-supereffective|p1b: Rocket\n|-damage|p1b: Rocket|1\/48\n|move|p1b: Rocket|Acrobatics|p2b: Kartana\n|-activate|p2b: Kartana|move: Protect\n|\n|-sideend|p2: Someone#58|move: Tailwind\n|upkeep\n|turn|5\n|inactive|Someone#58 has 30 seconds left.\n|\n|t:|1668036855\n|switch|p2a: Incineroar|Incineroar, L50, M|42\/48\n|-ability|p2a: Incineroar|Intimidate|boost\n|-unboost|p1a: Geico|atk|1\n|-unboost|p1b: Rocket|atk|1\n|switch|p1b: Hot Koko|Tapu Koko, L50|48\/48\n|move|p1a: Geico|Dragon Pulse|p2b: Kartana\n|-resisted|p2b: Kartana\n|-damage|p2b: Kartana|5\/48\n|move|p2b: Kartana|Sacred Sword|p1b: Hot Koko\n|-resisted|p1b: Hot Koko\n|-damage|p1b: Hot Koko|35\/48\n|\n|upkeep\n|turn|6\n|j| TirNaNog85\n|inactive|Someone#58 has 30 seconds left.\n|inactive|Someone#58 has 20 seconds left.\n|inactive|Someone#58 has 15 seconds left.\n|inactive|Someone#58 has 10 seconds left.\n|j| Freebuss12\n|inactive|Someone#58 has 5 seconds left.\n|\n|t:|1668036908\n|switch|p2b: Salamence|Salamence, L50, F|48\/48\n|-ability|p2b: Salamence|Intimidate|boost\n|-unboost|p1a: Geico|atk|1\n|-unboost|p1b: Hot Koko|atk|1\n|move|p1a: Geico|Detect|p1a: Geico\n|-singleturn|p1a: Geico|Protect\n|move|p2a: Incineroar|Fake Out|p1b: Hot Koko\n|-damage|p1b: Hot Koko|29\/48\n|cant|p1b: Hot Koko|flinch\n|\n|upkeep\n|turn|7\n|j| kljkghjf\n|l| kljkghjf\n|inactive|Someone#58 has 30 seconds left.\n|inactive|Someone#58 has 20 seconds left.\n|\n|t:|1668036945\n|detailschange|p2b: Salamence|Salamence-Mega, L50, F\n|-mega|p2b: Salamence|Salamence|Salamencite\n|move|p2b: Salamence|Protect|p2b: Salamence\n|-singleturn|p2b: Salamence|Protect\n|move|p1a: Geico|Dragon Pulse|p2b: Salamence\n|-activate|p2b: Salamence|move: Protect\n|move|p1b: Hot Koko|Discharge|p2b: Salamence|[spread] p2a\n|-activate|p2b: Salamence|move: Protect\n|-ability|p1a: Geico|Lightning Rod|boost\n|-boost|p1a: Geico|spa|1\n|-damage|p2a: Incineroar|23\/48\n|-status|p2a: Incineroar|par\n|move|p2a: Incineroar|Snarl|p1a: Geico|[spread] p1a,p1b\n|-crit|p1a: Geico\n|-resisted|p1b: Hot Koko\n|-damage|p1a: Geico|17\/48\n|-damage|p1b: Hot Koko|25\/48\n|-unboost|p1a: Geico|spa|1\n|-unboost|p1b: Hot Koko|spa|1\n|\n|-fieldend|move: Electric Terrain\n|upkeep\n|turn|8\n|inactive|Someone#58 has 30 seconds left.\n|inactive|Someone#58 has 20 seconds left.\n|inactive|Someone#58 has 15 seconds left.\n|inactive|Someone#58 has 10 seconds left.\n|inactive|Someone#58 has 5 seconds left.\n|\n|t:|1668036986\n|switch|p2a: Kartana|Kartana, L50|5\/48\n|move|p1a: Geico|Dragon Pulse|p2a: Kartana\n|-resisted|p2a: Kartana\n|-damage|p2a: Kartana|0 fnt\n|faint|p2a: Kartana\n|move|p1b: Hot Koko|Discharge|p2b: Salamence|[spread] p2b\n|-ability|p1a: Geico|Lightning Rod|boost\n|-boost|p1a: Geico|spa|1\n|-damage|p2b: Salamence|36\/48\n|-status|p2b: Salamence|par\n|move|p2b: Salamence|Double-Edge|p1a: Geico\n|-supereffective|p1a: Geico\n|-damage|p1a: Geico|0 fnt\n|faint|p1a: Geico\n|-damage|p2b: Salamence|31\/48 par|[from] Recoil\n|\n|upkeep\n|inactive|Someone#58 has 5 seconds left this turn.\n|\n|t:|1668036995\n|switch|p1a: Rocket|Celesteela, L50|1\/48\n|switch|p2a: Incineroar|Incineroar, L50, M|23\/48 par\n|-ability|p2a: Incineroar|Intimidate|boost\n|-unboost|p1a: Rocket|atk|1\n|-unboost|p1b: Hot Koko|atk|1\n|turn|9\n|inactive|Someone#58 has 5 seconds left this turn.\n|-message|Someone#58 lost due to inactivity.\n|\n|win|PigsRuleVGC\n|n|\u2606PigsRuleVGC|pigsrulevgc\n|n|\u2606Someone#58|someone58\n|n| TirNaNog85|tirnanog85\n|n| Freebuss12|freebuss12\n","uploadtime":1668037002,"views":3,"p1id":"pigsrulevgc","p2id":"someone58","formatid":"gen7vgc2018","rating":0,"private":0,"password":null}