{"id":"gen7ou-941850014","p1":"PK PUSO","p2":"NAFLD","format":"gen7ou","log":"|j|\u2606PK PUSO\n|j|\u2606NAFLD\n|player|p1|PK PUSO|143\n|player|p2|NAFLD|2\n|teamsize|p1|6\n|teamsize|p2|6\n|gametype|singles\n|gen|7\n|tier|[Gen 7] OU\n|rated|\n|rule|Sleep Clause Mod: Limit one foe put to sleep\n|rule|Species Clause: Limit one of each Pok\u00e9mon\n|rule|OHKO Clause: OHKO moves are banned\n|rule|Moody Clause: Moody is banned\n|rule|Evasion Moves Clause: Evasion moves are banned\n|rule|Endless Battle Clause: Forcing endless battles is banned\n|rule|HP Percentage Mod: HP is shown in percentages\n|clearpoke\n|poke|p1|Breloom, F|item\n|poke|p1|Blacephalon|item\n|poke|p1|Greninja, M|item\n|poke|p1|Hydreigon, M|item\n|poke|p1|Slowbro, M|item\n|poke|p1|Clefable, M|item\n|poke|p2|Greninja, M|item\n|poke|p2|Pelipper, F|item\n|poke|p2|Swampert, F|item\n|poke|p2|Manaphy|item\n|poke|p2|Ferrothorn, M|item\n|poke|p2|Tornadus-Therian, M|item\n|teampreview\n|\n|start\n|switch|p1a: Hydreigon|Hydreigon, M|100\/100\n|switch|p2a: Ferrothorn|Ferrothorn, M|100\/100\n|turn|1\n|\n|switch|p2a: Pelipper|Pelipper, F|100\/100\n|-weather|RainDance|[from] ability: Drizzle|[of] p2a: Pelipper\n|move|p1a: Hydreigon|Dark Pulse|p2a: Pelipper\n|-damage|p2a: Pelipper|43\/100\n|-damage|p1a: Hydreigon|91\/100|[from] item: Life Orb\n|\n|-weather|RainDance|[upkeep]\n|upkeep\n|turn|2\n|\n|switch|p2a: Tornadus|Tornadus-Therian, M|100\/100\n|move|p1a: Hydreigon|Dark Pulse|p2a: Tornadus\n|-damage|p2a: Tornadus|46\/100\n|-damage|p1a: Hydreigon|81\/100|[from] item: Life Orb\n|\n|-weather|RainDance|[upkeep]\n|upkeep\n|turn|3\n|\n|switch|p1a: Clefable|Clefable, M|100\/100\n|switch|p2a: Ferrothorn|Ferrothorn, M|100\/100\n|\n|-weather|RainDance|[upkeep]\n|upkeep\n|turn|4\n|\n|move|p1a: Clefable|Stealth Rock|p2a: Ferrothorn\n|-sidestart|p2: NAFLD|move: Stealth Rock\n|move|p2a: Ferrothorn|Gyro Ball|p1a: Clefable\n|-supereffective|p1a: Clefable\n|-damage|p1a: Clefable|46\/100\n|\n|-weather|RainDance|[upkeep]\n|-heal|p1a: Clefable|52\/100|[from] item: Leftovers\n|upkeep\n|turn|5\n|\n|switch|p1a: Hydreigon|Hydreigon, M|81\/100\n|move|p2a: Ferrothorn|Gyro Ball|p1a: Hydreigon\n|-damage|p1a: Hydreigon|13\/100\n|\n|-weather|RainDance|[upkeep]\n|upkeep\n|turn|6\n|\n|switch|p1a: Breloom|Breloom, F|100\/100\n|move|p2a: Ferrothorn|Stealth Rock|p1a: Breloom\n|-sidestart|p1: PK PUSO|move: Stealth Rock\n|\n|-weather|RainDance|[upkeep]\n|-status|p1a: Breloom|tox|[from] item: Toxic Orb\n|upkeep\n|turn|7\n|\n|move|p1a: Breloom|Substitute|p1a: Breloom\n|-start|p1a: Breloom|Substitute\n|-damage|p1a: Breloom|75\/100 tox\n|move|p2a: Ferrothorn|Gyro Ball|p1a: Breloom\n|-end|p1a: Breloom|Substitute\n|\n|-weather|RainDance|[upkeep]\n|-heal|p1a: Breloom|88\/100 tox|[from] ability: Poison Heal\n|upkeep\n|turn|8\n|\n|move|p1a: Breloom|Protect|p1a: Breloom\n|-singleturn|p1a: Breloom|Protect\n|move|p2a: Ferrothorn|Gyro Ball|p1a: Breloom\n|-activate|p1a: Breloom|move: Protect\n|\n|-weather|none\n|-heal|p1a: Breloom|99\/100 tox|[from] ability: Poison Heal\n|upkeep\n|turn|9\n|\n|move|p1a: Breloom|Substitute|p1a: Breloom\n|-start|p1a: Breloom|Substitute\n|-damage|p1a: Breloom|75\/100 tox\n|move|p2a: Ferrothorn|Gyro Ball|p1a: Breloom\n|-end|p1a: Breloom|Substitute\n|\n|-heal|p1a: Breloom|88\/100 tox|[from] ability: Poison Heal\n|upkeep\n|turn|10\n|\n|move|p1a: Breloom|Substitute|p1a: Breloom\n|-start|p1a: Breloom|Substitute\n|-damage|p1a: Breloom|63\/100 tox\n|move|p2a: Ferrothorn|Spikes|p1a: Breloom\n|-sidestart|p1: PK PUSO|Spikes\n|\n|-heal|p1a: Breloom|75\/100 tox|[from] ability: Poison Heal\n|upkeep\n|turn|11\n|\n|switch|p2a: Pelipper|Pelipper, F|43\/100\n|-damage|p2a: Pelipper|18\/100|[from] Stealth Rock\n|-weather|RainDance|[from] ability: Drizzle|[of] p2a: Pelipper\n|move|p1a: Breloom|Protect||[still]\n|-fail|p1a: Breloom\n|\n|-weather|RainDance|[upkeep]\n|-heal|p1a: Breloom|87\/100 tox|[from] ability: Poison Heal\n|upkeep\n|turn|12\n|\n|switch|p2a: Tornadus|Tornadus-Therian, M|79\/100\n|-damage|p2a: Tornadus|54\/100|[from] Stealth Rock\n|move|p1a: Breloom|Leech Seed|p2a: Tornadus\n|-start|p2a: Tornadus|move: Leech Seed\n|\n|-weather|RainDance|[upkeep]\n|-damage|p2a: Tornadus|42\/100|[from] Leech Seed|[of] p1a: Breloom\n|-heal|p1a: Breloom|100\/100 tox|[silent]\n|upkeep\n|turn|13\n|\n|switch|p2a: Ferrothorn|Ferrothorn, M|100\/100\n|-damage|p2a: Ferrothorn|95\/100|[from] Stealth Rock\n|move|p1a: Breloom|Protect||[still]\n|-fail|p1a: Breloom\n|\n|-weather|RainDance|[upkeep]\n|upkeep\n|turn|14\n|\n|move|p1a: Breloom|Drain Punch|p2a: Ferrothorn\n|-supereffective|p2a: Ferrothorn\n|-enditem|p2a: Ferrothorn|Chople Berry|[eat]\n|-enditem|p2a: Ferrothorn|Chople Berry|[weaken]\n|-damage|p2a: Ferrothorn|69\/100\n|-damage|p1a: Breloom|88\/100 tox|[from] ability: Iron Barbs|[of] p2a: Ferrothorn\n|move|p2a: Ferrothorn|Gyro Ball|p1a: Breloom\n|-crit|p1a: Breloom\n|-end|p1a: Breloom|Substitute\n|\n|-weather|RainDance|[upkeep]\n|-heal|p1a: Breloom|100\/100 tox|[from] ability: Poison Heal\n|upkeep\n|turn|15\n|\n|switch|p2a: Tornadus|Tornadus-Therian, M|75\/100\n|-damage|p2a: Tornadus|50\/100|[from] Stealth Rock\n|move|p1a: Breloom|Substitute|p1a: Breloom\n|-start|p1a: Breloom|Substitute\n|-damage|p1a: Breloom|75\/100 tox\n|\n|-weather|RainDance|[upkeep]\n|-heal|p1a: Breloom|88\/100 tox|[from] ability: Poison Heal\n|upkeep\n|turn|16\n|\n|move|p1a: Breloom|Protect|p1a: Breloom\n|-singleturn|p1a: Breloom|Protect\n|move|p2a: Tornadus|Hurricane|p1a: Breloom\n|-activate|p1a: Breloom|move: Protect\n|\n|-weather|RainDance|[upkeep]\n|-heal|p1a: Breloom|99\/100 tox|[from] ability: Poison Heal\n|upkeep\n|turn|17\n|\n|move|p2a: Tornadus|Hurricane|p1a: Breloom\n|-supereffective|p1a: Breloom\n|-end|p1a: Breloom|Substitute\n|move|p1a: Breloom|Substitute|p1a: Breloom\n|-start|p1a: Breloom|Substitute\n|-damage|p1a: Breloom|75\/100 tox\n|\n|-weather|RainDance|[upkeep]\n|-heal|p1a: Breloom|88\/100 tox|[from] ability: Poison Heal\n|upkeep\n|turn|18\n|\n|move|p2a: Tornadus|Hurricane|p1a: Breloom\n|-supereffective|p1a: Breloom\n|-end|p1a: Breloom|Substitute\n|move|p1a: Breloom|Substitute|p1a: Breloom\n|-start|p1a: Breloom|Substitute\n|-damage|p1a: Breloom|63\/100 tox\n|\n|-weather|none\n|-heal|p1a: Breloom|75\/100 tox|[from] ability: Poison Heal\n|upkeep\n|turn|19\n|\n|move|p1a: Breloom|Protect|p1a: Breloom\n|-singleturn|p1a: Breloom|Protect\n|move|p2a: Tornadus|Defog|p1a: Breloom\n|-activate|p1a: Breloom|move: Protect\n|\n|-heal|p1a: Breloom|87\/100 tox|[from] ability: Poison Heal\n|upkeep\n|turn|20\n|\n|move|p2a: Tornadus|Hurricane|p1a: Breloom|[miss]\n|-miss|p2a: Tornadus|p1a: Breloom\n|move|p1a: Breloom|Leech Seed|p2a: Tornadus\n|-start|p2a: Tornadus|move: Leech Seed\n|\n|-damage|p2a: Tornadus|38\/100|[from] Leech Seed|[of] p1a: Breloom\n|-heal|p1a: Breloom|100\/100 tox|[silent]\n|upkeep\n|turn|21\n|\n|switch|p2a: Ferrothorn|Ferrothorn, M|69\/100\n|-damage|p2a: Ferrothorn|63\/100|[from] Stealth Rock\n|move|p1a: Breloom|Protect||[still]\n|-fail|p1a: Breloom\n|\n|upkeep\n|turn|22\n|\n|switch|p2a: Tornadus|Tornadus-Therian, M|71\/100\n|-damage|p2a: Tornadus|46\/100|[from] Stealth Rock\n|move|p1a: Breloom|Drain Punch|p2a: Tornadus\n|-resisted|p2a: Tornadus\n|-damage|p2a: Tornadus|28\/100\n|-damage|p1a: Breloom|84\/100 tox|[from] item: Rocky Helmet|[of] p2a: Tornadus\n|\n|-heal|p1a: Breloom|96\/100 tox|[from] ability: Poison Heal\n|upkeep\n|turn|23\n|\n|move|p1a: Breloom|Protect|p1a: Breloom\n|-singleturn|p1a: Breloom|Protect\n|move|p2a: Tornadus|U-turn|p1a: Breloom\n|-activate|p1a: Breloom|move: Protect\n|\n|-heal|p1a: Breloom|100\/100 tox|[from] ability: Poison Heal\n|upkeep\n|turn|24\n|\n|move|p2a: Tornadus|Defog|p1a: Breloom\n|-sideend|p1: PK PUSO|Spikes|[from] move: Defog|[of] p2a: Tornadus\n|-sideend|p1: PK PUSO|Stealth Rock|[from] move: Defog|[of] p2a: Tornadus\n|-sideend|p2: NAFLD|Stealth Rock|[from] move: Defog|[of] p2a: Tornadus\n|move|p1a: Breloom|Substitute|p1a: Breloom\n|-fail|p1a: Breloom|move: Substitute\n|\n|upkeep\n|turn|25\n|\n|switch|p2a: Ferrothorn|Ferrothorn, M|63\/100\n|move|p1a: Breloom|Substitute|p1a: Breloom\n|-fail|p1a: Breloom|move: Substitute\n|\n|upkeep\n|turn|26\n|\n|switch|p2a: Tornadus|Tornadus-Therian, M|62\/100\n|move|p1a: Breloom|Leech Seed|p2a: Tornadus|[miss]\n|-miss|p1a: Breloom|p2a: Tornadus\n|\n|upkeep\n|turn|27\n|\n|move|p2a: Tornadus|Hurricane|p1a: Breloom\n|-supereffective|p1a: Breloom\n|-end|p1a: Breloom|Substitute\n|move|p1a: Breloom|Leech Seed|p2a: Tornadus\n|-start|p2a: Tornadus|move: Leech Seed\n|\n|-damage|p2a: Tornadus|49\/100|[from] Leech Seed|[of] p1a: Breloom\n|upkeep\n|turn|28\n|\n|switch|p2a: Ferrothorn|Ferrothorn, M|63\/100\n|move|p1a: Breloom|Protect||[still]\n|-fail|p1a: Breloom\n|\n|upkeep\n|turn|29\n|\n|move|p1a: Breloom|Substitute|p1a: Breloom\n|-start|p1a: Breloom|Substitute\n|-damage|p1a: Breloom|75\/100 tox\n|move|p2a: Ferrothorn|Gyro Ball|p1a: Breloom\n|-end|p1a: Breloom|Substitute\n|\n|-heal|p1a: Breloom|88\/100 tox|[from] ability: Poison Heal\n|upkeep\n|turn|30\n|\n|switch|p2a: Tornadus|Tornadus-Therian, M|82\/100\n|move|p1a: Breloom|Substitute|p1a: Breloom\n|-start|p1a: Breloom|Substitute\n|-damage|p1a: Breloom|63\/100 tox\n|\n|-heal|p1a: Breloom|75\/100 tox|[from] ability: Poison Heal\n|upkeep\n|turn|31\n|\n|move|p2a: Tornadus|U-turn|p1a: Breloom\n|-activate|p1a: Breloom|move: Substitute|[damage]\n|\n|switch|p2a: Ferrothorn|Ferrothorn, M|63\/100|[from]move: U-turn\n|move|p1a: Breloom|Leech Seed|p2a: Ferrothorn\n|-immune|p2a: Ferrothorn\n|\n|-heal|p1a: Breloom|88\/100 tox|[from] ability: Poison Heal\n|upkeep\n|turn|32\n|\n|switch|p2a: Tornadus|Tornadus-Therian, M|100\/100\n|move|p1a: Breloom|Drain Punch|p2a: Tornadus\n|-resisted|p2a: Tornadus\n|-damage|p2a: Tornadus|83\/100\n|-heal|p1a: Breloom|97\/100 tox|[from] drain|[of] p2a: Tornadus\n|-damage|p1a: Breloom|81\/100 tox|[from] item: Rocky Helmet|[of] p2a: Tornadus\n|\n|-heal|p1a: Breloom|93\/100 tox|[from] ability: Poison Heal\n|upkeep\n|turn|33\n|\n|move|p2a: Tornadus|U-turn|p1a: Breloom\n|-end|p1a: Breloom|Substitute\n|\n|switch|p2a: Manaphy|Manaphy|100\/100|[from]move: U-turn\n|move|p1a: Breloom|Substitute|p1a: Breloom\n|-start|p1a: Breloom|Substitute\n|-damage|p1a: Breloom|68\/100 tox\n|\n|-heal|p1a: Breloom|80\/100 tox|[from] ability: Poison Heal\n|upkeep\n|turn|34\n|\n|move|p2a: Manaphy|Psychic|p1a: Breloom\n|-supereffective|p1a: Breloom\n|-end|p1a: Breloom|Substitute\n|move|p1a: Breloom|Leech Seed|p2a: Manaphy\n|-start|p2a: Manaphy|move: Leech Seed\n|\n|-damage|p2a: Manaphy|88\/100|[from] Leech Seed|[of] p1a: Breloom\n|-heal|p1a: Breloom|93\/100 tox|[silent]\n|-heal|p1a: Breloom|100\/100 tox|[from] ability: Poison Heal\n|upkeep\n|turn|35\n|\n|switch|p2a: Ferrothorn|Ferrothorn, M|63\/100\n|switch|p1a: Hydreigon|Hydreigon, M|13\/100\n|\n|upkeep\n|turn|36\n|\n|switch|p2a: Pelipper|Pelipper, F|18\/100\n|-weather|RainDance|[from] ability: Drizzle|[of] p2a: Pelipper\n|move|p1a: Hydreigon|Roost|p1a: Hydreigon\n|-heal|p1a: Hydreigon|64\/100\n|-singleturn|p1a: Hydreigon|move: Roost\n|\n|-weather|RainDance|[upkeep]\n|upkeep\n|turn|37\n|\n|move|p1a: Hydreigon|Dark Pulse|p2a: Pelipper\n|-damage|p2a: Pelipper|0 fnt\n|-damage|p1a: Hydreigon|54\/100|[from] item: Life Orb\n|faint|p2a: Pelipper\n|\n|-weather|RainDance|[upkeep]\n|upkeep\n|\n|switch|p2a: Swampert|Swampert, F|100\/100\n|turn|38\n|\n|switch|p1a: Slowbro|Slowbro, M|100\/100\n|detailschange|p2a: Swampert|Swampert-Mega, F\n|-mega|p2a: Swampert|Swampert|Swampertite\n|move|p2a: Swampert|Ice Punch|p1a: Slowbro\n|-resisted|p1a: Slowbro\n|-damage|p1a: Slowbro|88\/100\n|\n|-weather|RainDance|[upkeep]\n|upkeep\n|turn|39\n|\n|switch|p2a: Manaphy|Manaphy|88\/100\n|detailschange|p1a: Slowbro|Slowbro-Mega, M\n|-mega|p1a: Slowbro|Slowbro|Slowbronite\n|move|p1a: Slowbro|Psyshock|p2a: Manaphy\n|-damage|p2a: Manaphy|54\/100\n|\n|-weather|RainDance|[upkeep]\n|upkeep\n|turn|40\n|\n|switch|p1a: Hydreigon|Hydreigon, M|54\/100\n|move|p2a: Manaphy|Tail Glow|p2a: Manaphy\n|-boost|p2a: Manaphy|spa|3\n|\n|-weather|RainDance|[upkeep]\n|upkeep\n|turn|41\n|\n|switch|p2a: Swampert|Swampert-Mega, F|100\/100\n|move|p1a: Hydreigon|Draco Meteor|p2a: Swampert\n|-damage|p2a: Swampert|15\/100\n|-unboost|p1a: Hydreigon|spa|2\n|-damage|p1a: Hydreigon|44\/100|[from] item: Life Orb\n|\n|-weather|RainDance|[upkeep]\n|upkeep\n|turn|42\n|\n|switch|p1a: Slowbro|Slowbro-Mega, M|88\/100\n|move|p2a: Swampert|Earthquake|p1a: Slowbro\n|-damage|p1a: Slowbro|58\/100\n|\n|-weather|RainDance|[upkeep]\n|upkeep\n|turn|43\n|\n|move|p2a: Swampert|Earthquake|p1a: Slowbro\n|-damage|p1a: Slowbro|25\/100\n|move|p1a: Slowbro|Slack Off|p1a: Slowbro\n|-heal|p1a: Slowbro|75\/100\n|\n|-weather|none\n|upkeep\n|turn|44\n|\n|move|p2a: Swampert|Earthquake|p1a: Slowbro\n|-damage|p1a: Slowbro|43\/100\n|move|p1a: Slowbro|Psyshock|p2a: Swampert\n|-damage|p2a: Swampert|0 fnt\n|faint|p2a: Swampert\n|\n|upkeep\n|\n|switch|p2a: Manaphy|Manaphy|54\/100\n|turn|45\n|\n|-zpower|p2a: Manaphy\n|move|p2a: Manaphy|Hydro Vortex|p1a: Slowbro|[zeffect]\n|-resisted|p1a: Slowbro\n|-damage|p1a: Slowbro|13\/100\n|move|p1a: Slowbro|Slack Off|p1a: Slowbro\n|-heal|p1a: Slowbro|63\/100\n|\n|upkeep\n|turn|46\n|\n|move|p2a: Manaphy|Tail Glow|p2a: Manaphy\n|-boost|p2a: Manaphy|spa|3\n|move|p1a: Slowbro|Psyshock|p2a: Manaphy\n|-damage|p2a: Manaphy|18\/100\n|\n|upkeep\n|turn|47\n|\n|move|p2a: Manaphy|Energy Ball|p1a: Slowbro\n|-supereffective|p1a: Slowbro\n|-damage|p1a: Slowbro|0 fnt\n|faint|p1a: Slowbro\n|\n|upkeep\n|\n|switch|p1a: Hydreigon|Hydreigon, M|44\/100\n|turn|48\n|\n|move|p1a: Hydreigon|Dark Pulse|p2a: Manaphy\n|-damage|p2a: Manaphy|0 fnt\n|-damage|p1a: Hydreigon|34\/100|[from] item: Life Orb\n|faint|p2a: Manaphy\n|\n|upkeep\n|\n|switch|p2a: Greninja|Greninja, M|100\/100\n|turn|49\n|\n|move|p2a: Greninja|Hydro Pump|p1a: Hydreigon\n|-resisted|p1a: Hydreigon\n|-damage|p1a: Hydreigon|0 fnt\n|faint|p1a: Hydreigon\n|-activate|p2a: Greninja|ability: Battle Bond\n|detailschange|p2a: Greninja|Greninja-Ash, M\n|\n|upkeep\n|\n|switch|p1a: Greninja|Greninja, M|100\/100\n|turn|50\n|\n|switch|p2a: Ferrothorn|Ferrothorn, M|63\/100\n|-zpower|p1a: Greninja\n|move|p1a: Greninja|Tectonic Rage|p2a: Ferrothorn|[zeffect]\n|-start|p1a: Greninja|typechange|Ground|[from] ability: Protean\n|-damage|p2a: Ferrothorn|14\/100\n|\n|upkeep\n|turn|51\n|\n|move|p1a: Greninja|Ice Beam|p2a: Ferrothorn\n|-start|p1a: Greninja|typechange|Ice|[from] ability: Protean\n|-damage|p2a: Ferrothorn|0 fnt\n|faint|p2a: Ferrothorn\n|\n|upkeep\n|\n|switch|p2a: Greninja|Greninja-Ash, M|100\/100\n|turn|52\n|inactive|Battle timer is ON: inactive players will automatically lose when time's up. (requested by NAFLD)\n|inactive|PK PUSO has 120 seconds left.\n|\n|move|p2a: Greninja|Hydro Pump|p1a: Greninja\n|-damage|p1a: Greninja|0 fnt\n|faint|p1a: Greninja\n|\n|upkeep\n|\n|switch|p1a: Breloom|Breloom, F|100\/100 tox\n|turn|53\n|\n|switch|p2a: Tornadus|Tornadus-Therian, M|100\/100\n|move|p1a: Breloom|Drain Punch|p2a: Tornadus\n|-resisted|p2a: Tornadus\n|-damage|p2a: Tornadus|82\/100\n|-damage|p1a: Breloom|84\/100 tox|[from] item: Rocky Helmet|[of] p2a: Tornadus\n|\n|-heal|p1a: Breloom|96\/100 tox|[from] ability: Poison Heal\n|upkeep\n|turn|54\n|\n|switch|p1a: Clefable|Clefable, M|52\/100\n|move|p2a: Tornadus|Hurricane|p1a: Clefable|[miss]\n|-miss|p2a: Tornadus|p1a: Clefable\n|\n|-heal|p1a: Clefable|58\/100|[from] item: Leftovers\n|upkeep\n|turn|55\n|\n|move|p2a: Tornadus|Knock Off|p1a: Clefable\n|-resisted|p1a: Clefable\n|-damage|p1a: Clefable|51\/100\n|-enditem|p1a: Clefable|Leftovers|[from] move: Knock Off|[of] p2a: Tornadus\n|move|p1a: Clefable|Thunder Wave|p2a: Tornadus\n|-status|p2a: Tornadus|par\n|\n|upkeep\n|turn|56\n|\n|move|p1a: Clefable|Moonlight|p1a: Clefable\n|-heal|p1a: Clefable|100\/100\n|cant|p2a: Tornadus|par\n|\n|upkeep\n|turn|57\n|\n|move|p1a: Clefable|Moonblast|p2a: Tornadus\n|-damage|p2a: Tornadus|47\/100 par\n|move|p2a: Tornadus|U-turn|p1a: Clefable\n|-resisted|p1a: Clefable\n|-damage|p1a: Clefable|95\/100\n|\n|switch|p2a: Greninja|Greninja-Ash, M|100\/100|[from]move: U-turn\n|\n|upkeep\n|turn|58\n|\n|move|p2a: Greninja|Hydro Pump|p1a: Clefable\n|-damage|p1a: Clefable|3\/100\n|move|p1a: Clefable|Moonblast|p2a: Greninja\n|-supereffective|p2a: Greninja\n|-damage|p2a: Greninja|3\/100\n|\n|upkeep\n|turn|59\n|\n|move|p2a: Greninja|Hydro Pump|p1a: Clefable\n|-damage|p1a: Clefable|0 fnt\n|faint|p1a: Clefable\n|\n|upkeep\n|\n|switch|p1a: Breloom|Breloom, F|96\/100 tox\n|turn|60\n|\n|move|p1a: Breloom|Protect|p1a: Breloom\n|-singleturn|p1a: Breloom|Protect\n|move|p2a: Greninja|Hydro Pump|p1a: Breloom\n|-activate|p1a: Breloom|move: Protect\n|\n|-heal|p1a: Breloom|100\/100 tox|[from] ability: Poison Heal\n|upkeep\n|turn|61\n|\n|move|p2a: Greninja|Hydro Pump|p1a: Breloom\n|-resisted|p1a: Breloom\n|-damage|p1a: Breloom|23\/100 tox\n|move|p1a: Breloom|Drain Punch|p2a: Greninja\n|-supereffective|p2a: Greninja\n|-damage|p2a: Greninja|0 fnt\n|-heal|p1a: Breloom|24\/100 tox|[from] drain|[of] p2a: Greninja\n|faint|p2a: Greninja\n|\n|-heal|p1a: Breloom|37\/100 tox|[from] ability: Poison Heal\n|upkeep\n|-message|NAFLD forfeited.\n|\n|win|PK PUSO\n|l|\u2606NAFLD\n|raw|PK PUSO's rating: 1374 &rarr; <strong>1393<\/strong><br \/>(+19 for winning)\n|raw|NAFLD's rating: 1361 &rarr; <strong>1341<\/strong><br \/>(-20 for losing)\n","uploadtime":1562638314,"views":7,"p1id":"pkpuso","p2id":"nafld","formatid":"gen7ou","rating":1341,"private":0,"password":null}