{"id":"gen7ou-691246188","p1":"SMxVale","p2":"Redd Trainer","format":"gen7ou","log":"|j|\u2606SMxVale\n|j|\u2606Redd Trainer\n|player|p1|SMxVale|169\n|teamsize|p1|6\n|player|p2|Redd Trainer|163\n|teamsize|p2|6\n|gametype|singles\n|gen|7\n|tier|[Gen 7] OU\n|rated|\n|rule|Sleep Clause Mod: Limit one foe put to sleep\n|rule|Species Clause: Limit one of each Pok\u00e9mon\n|rule|OHKO Clause: OHKO moves are banned\n|rule|Moody Clause: Moody is banned\n|rule|Evasion Moves Clause: Evasion moves are banned\n|rule|Endless Battle Clause: Forcing endless battles is banned\n|rule|HP Percentage Mod: HP is shown in percentages\n|clearpoke\n|poke|p1|Kyurem-Black|item\n|poke|p1|Tapu Koko|item\n|poke|p1|Diancie|item\n|poke|p1|Keldeo-Resolute|item\n|poke|p1|Landorus-Therian, M|item\n|poke|p1|Magearna|item\n|poke|p2|Landorus-Therian, M|item\n|poke|p2|Clefable, M|item\n|poke|p2|Heatran, M|item\n|poke|p2|Tapu Bulu|item\n|poke|p2|Greninja, M|item\n|poke|p2|Mandibuzz, F|item\n|teampreview\n|j| i7r6r67d\n|c| i7r6r67d|ayyyyyy a mandibuzz\n|c|\u2606Redd Trainer|:o!\n|c| i7r6r67d|quality engineering right here\n|c|\u2606Redd Trainer|I see :o\n|c|\u2606SMxVale|lol\n|\n|start\n|switch|p1a: Diancie|Diancie|100\/100\n|switch|p2a: Greninja|Greninja, M|100\/100\n|turn|1\n|inactive|Battle timer is ON: inactive players will automatically lose when time's up. (requested by SMxVale)\n|\n|-mega|p1a: Diancie|Diancie|Diancite\n|detailschange|p1a: Diancie|Diancie-Mega\n|move|p1a: Diancie|Protect|p1a: Diancie\n|-singleturn|p1a: Diancie|Protect\n|-zpower|p2a: Greninja\n|move|p2a: Greninja|Subzero Slammer|p1a: Diancie|[zeffect]\n|-zbroken|p1a: Diancie\n|-damage|p1a: Diancie|84\/100\n|\n|upkeep\n|turn|2\n|c|\u2606Redd Trainer|wtf?\n|inactive|SMxVale has 135 seconds left.\n|inactive|Redd Trainer has 135 seconds left.\n|c|\u2606Redd Trainer|why she lost hp?\n|\n|switch|p1a: Magearna|Magearna|100\/100\n|move|p2a: Greninja|Water Shuriken|p1a: Magearna\n|-damage|p1a: Magearna|97\/100\n|-damage|p1a: Magearna|94\/100\n|-damage|p1a: Magearna|91\/100\n|-hitcount|p1a: Magearna|3\n|\n|upkeep\n|turn|3\n|\n|move|p2a: Greninja|U-turn|p1a: Magearna\n|-resisted|p1a: Magearna\n|-damage|p1a: Magearna|88\/100\n|\n|switch|p2a: Heatran|Heatran, M|100\/100\n|move|p1a: Magearna|Ice Beam|p2a: Heatran\n|-resisted|p2a: Heatran\n|-damage|p2a: Heatran|94\/100\n|\n|-heal|p2a: Heatran|100\/100|[from] item: Leftovers\n|upkeep\n|turn|4\n|c|\u2606SMxVale|z moves go thorugh protect and deal 25% dmg\n|inactive|SMxVale has 135 seconds left.\n|\n|switch|p1a: Diancie|Diancie-Mega|84\/100\n|move|p2a: Heatran|Magma Storm|p1a: Diancie\n|-resisted|p1a: Diancie\n|-damage|p1a: Diancie|49\/100\n|-activate|p1a: Diancie|move: Magma Storm|[of] p2a: Heatran\n|\n|-damage|p1a: Diancie|36\/100|[from] move: Magma Storm|[partiallytrapped]\n|upkeep\n|turn|5\n|c|\u2606Redd Trainer|omg\n|c|\u2606Redd Trainer|didnt know that haha\n|inactive|Redd Trainer has 135 seconds left.\n|\n|switch|p2a: Tapu Bulu|Tapu Bulu|100\/100\n|-fieldstart|move: Grassy Terrain|[from] ability: Grassy Surge|[of] p2a: Tapu Bulu\n|move|p1a: Diancie|Earth Power|p2a: Tapu Bulu\n|-resisted|p2a: Tapu Bulu\n|-damage|p2a: Tapu Bulu|88\/100\n|\n|-heal|p1a: Diancie|42\/100|[from] Grassy Terrain\n|-heal|p2a: Tapu Bulu|94\/100|[from] Grassy Terrain\n|upkeep\n|turn|6\n|inactive|SMxVale has 135 seconds left.\n|\n|move|p1a: Diancie|Moonblast|p2a: Tapu Bulu\n|-damage|p2a: Tapu Bulu|54\/100\n|-unboost|p2a: Tapu Bulu|spa|1\n|move|p2a: Tapu Bulu|Horn Leech|p1a: Diancie\n|-supereffective|p1a: Diancie\n|-damage|p1a: Diancie|0 fnt\n|-heal|p2a: Tapu Bulu|68\/100|[from] drain|[of] p1a: Diancie\n|faint|p1a: Diancie\n|\n|-heal|p2a: Tapu Bulu|75\/100|[from] Grassy Terrain\n|upkeep\n|\n|switch|p1a: Kyurem|Kyurem-Black|100\/100\n|-ability|p1a: Kyurem|Teravolt\n|turn|7\n|\n|switch|p2a: Heatran|Heatran, M|100\/100\n|-zpower|p1a: Kyurem\n|move|p1a: Kyurem|Subzero Slammer|p2a: Heatran|[zeffect]\n|-resisted|p2a: Heatran\n|-crit|p2a: Heatran\n|-damage|p2a: Heatran|53\/100\n|\n|-heal|p2a: Heatran|59\/100|[from] item: Leftovers\n|-heal|p2a: Heatran|65\/100|[from] Grassy Terrain\n|upkeep\n|turn|8\n|inactive|Redd Trainer has 135 seconds left.\n|c|\u2606Redd Trainer|and z moves can crit even against protect?\n|inactive|Redd Trainer has 120 seconds left.\n|\n|switch|p1a: Keldeo|Keldeo-Resolute|100\/100\n|switch|p2a: Landorus|Landorus-Therian, M|100\/100\n|-ability|p2a: Landorus|Intimidate|boost\n|-unboost|p1a: Keldeo|atk|1\n|\n|upkeep\n|turn|9\n|\n|move|p2a: Landorus|U-turn|p1a: Keldeo\n|-resisted|p1a: Keldeo\n|-damage|p1a: Keldeo|83\/100\n|\n|switch|p2a: Clefable|Clefable, M|100\/100\n|move|p1a: Keldeo|Scald|p2a: Clefable\n|-damage|p2a: Clefable|75\/100\n|\n|-heal|p1a: Keldeo|90\/100|[from] Grassy Terrain\n|-heal|p2a: Clefable|81\/100|[from] item: Leftovers\n|-heal|p2a: Clefable|87\/100|[from] Grassy Terrain\n|-fieldend|move: Grassy Terrain\n|upkeep\n|turn|10\n|-message|SMxVale forfeited.\n|\n|win|Redd Trainer\n|l|\u2606SMxVale\n|raw|SMxVale's rating: 1476 &rarr; <strong>1456<\/strong><br \/>(-20 for losing)\n|raw|Redd Trainer's rating: 1480 &rarr; <strong>1500<\/strong><br \/>(+20 for winning)\n","inputlog":null,"uploadtime":1516390406,"views":22,"p1id":"smxvale","p2id":"reddtrainer","formatid":"gen7ou","rating":1456,"private":0,"password":null}