{"id":"gen7randombattle-660092792","p1":"Shiba","p2":"Gotham Paladin","format":"gen7randombattle","log":"|j|Shiba\n|j|Gotham Paladin\n|player|p1|Shiba|#xshiba\n|teamsize|p1|6\n|player|p2|Gotham Paladin|283\n|teamsize|p2|6\n|gametype|singles\n|gen|7\n|tier|[Gen 7] Random Battle\n|seed|26239,23155,27621,17164,26629,10729,20498,57403,43695,49045,44311,31351\n|rule|Sleep Clause Mod: Limit one foe put to sleep\n|rule|HP Percentage Mod: HP is shown in percentages\n|\n|start\n|switch|p1a: Mightyena|Mightyena, L83, F|100\/100\n|switch|p2a: Jirachi|Jirachi, L76|100\/100\n|turn|1\n|c|\u2606Shiba|2-0\n|choice|move crunch|switch 2\n|\n|switch|p2a: Torkoal|Torkoal, L79, F|100\/100\n|-weather|SunnyDay|[from] ability: Drought|[of] p2a: Torkoal\n|move|p1a: Mightyena|Crunch|p2a: Torkoal\n|-damage|p2a: Torkoal|75\/100\n|\n|-weather|SunnyDay|[upkeep]\n|upkeep\n|turn|2\n|choice|switch 4|move shellsmash\n|\n|switch|p1a: Kricketune|Kricketune, L83, F|100\/100\n|move|p2a: Torkoal|Shell Smash|p2a: Torkoal\n|-unboost|p2a: Torkoal|def|1\n|-unboost|p2a: Torkoal|spd|1\n|-boost|p2a: Torkoal|atk|2\n|-boost|p2a: Torkoal|spa|2\n|-boost|p2a: Torkoal|spe|2\n|-enditem|p2a: Torkoal|White Herb\n|-clearnegativeboost|p2a: Torkoal|[silent]\n|\n|-weather|SunnyDay|[upkeep]\n|upkeep\n|turn|3\n|c|\u2606Shiba|wtf\n|c|\u2606Gotham Paladin|everyone getting shell smashed\n|j|Pak\n|choice|switch 3|move fireblast\n|\n|switch|p1a: Corsola|Corsola, L83, F, shiny|100\/100\n|-item|p1a: Corsola|Air Balloon\n|move|p2a: Torkoal|Fire Blast|p1a: Corsola\n|-resisted|p1a: Corsola\n|-damage|p1a: Corsola|74\/100\n|-enditem|p1a: Corsola|Air Balloon\n|\n|-weather|SunnyDay|[upkeep]\n|upkeep\n|turn|4\n|c|\u2606Gotham Paladin|my battery about to die to lol\n|choice|move powergem|move solarbeam\n|\n|move|p2a: Torkoal|Solar Beam|p1a: Corsola|[still]\n|-prepare|p2a: Torkoal|Solar Beam|p1a: Corsola\n|-anim|p2a: Torkoal|Solar Beam|p1a: Corsola\n|-supereffective|p1a: Corsola\n|-damage|p1a: Corsola|0 fnt\n|faint|p1a: Corsola\n|\n|-weather|SunnyDay|[upkeep]\n|upkeep\n|choice|switch 6|\n|\n|switch|p1a: Bellossom|Bellossom, L83, F|100\/100\n|turn|5\n|choice|move sleeppowder|move fireblast\n|\n|move|p1a: Bellossom|Sleep Powder|p2a: Torkoal\n|-status|p2a: Torkoal|slp\n|cant|p2a: Torkoal|slp\n|\n|-weather|none\n|upkeep\n|turn|6\n|choice|move quiverdance|move fireblast\n|\n|cant|p2a: Torkoal|slp\n|move|p1a: Bellossom|Quiver Dance|p1a: Bellossom\n|-boost|p1a: Bellossom|spa|1\n|-boost|p1a: Bellossom|spd|1\n|-boost|p1a: Bellossom|spe|1\n|\n|upkeep\n|turn|7\n|choice|move hiddenpower|move fireblast\n|\n|move|p1a: Bellossom|Hidden Power|p2a: Torkoal\n|-supereffective|p2a: Torkoal\n|-damage|p2a: Torkoal|11\/100 slp\n|cant|p2a: Torkoal|slp\n|\n|upkeep\n|turn|8\n|choice|move hiddenpower|switch 6\n|\n|switch|p2a: Zapdos|Zapdos, L75|100\/100\n|move|p1a: Bellossom|Hidden Power|p2a: Zapdos\n|-supereffective|p2a: Zapdos\n|-damage|p2a: Zapdos|48\/100\n|\n|upkeep\n|turn|9\n|c|\u2606Shiba|?\n|c|\u2606Gotham Paladin|ow\n|choice|move hiddenpower|move heatwave\n|\n|move|p1a: Bellossom|Hidden Power|p2a: Zapdos\n|-supereffective|p2a: Zapdos\n|-damage|p2a: Zapdos|0 fnt\n|faint|p2a: Zapdos\n|\n|upkeep\n|choice||switch 4\n|\n|switch|p2a: Salazzle|Salazzle, L79, F|100\/100\n|-item|p2a: Salazzle|Air Balloon\n|turn|10\n|c|\u2606Shiba|do u see my mons rn\n|choice|move sleeppowder|move sludgewave\n|\n|move|p2a: Salazzle|Sludge Wave|p1a: Bellossom\n|-supereffective|p1a: Bellossom\n|-damage|p1a: Bellossom|49\/100\n|-status|p1a: Bellossom|psn\n|move|p1a: Bellossom|Sleep Powder|p2a: Salazzle\n|-message|Sleep Clause Mod activated.\n|\n|-damage|p1a: Bellossom|37\/100 psn|[from] psn\n|upkeep\n|turn|11\n|c|\u2606Gotham Paladin|new?\n|choice|move hiddenpower|move sludgewave\n|\n|move|p2a: Salazzle|Sludge Wave|p1a: Bellossom\n|-supereffective|p1a: Bellossom\n|-damage|p1a: Bellossom|0 fnt\n|faint|p1a: Bellossom\n|\n|upkeep\n|c|\u2606Shiba|mb.\n|c|\u2606Gotham Paladin|ya washed\n|choice|switch 4|\n|\n|switch|p1a: Mightyena|Mightyena, L83, F|100\/100\n|turn|12\n|choice|move crunch|switch 6\n|\n|switch|p2a: Torkoal|Torkoal, L79, F|11\/100 slp\n|-weather|SunnyDay|[from] ability: Drought|[of] p2a: Torkoal\n|move|p1a: Mightyena|Crunch|p2a: Torkoal\n|-damage|p2a: Torkoal|0 fnt\n|faint|p2a: Torkoal\n|-ability|p1a: Mightyena|Moxie|boost\n|-boost|p1a: Mightyena|atk|1\n|\n|-weather|SunnyDay|[upkeep]\n|upkeep\n|choice||switch 5\n|\n|switch|p2a: Kricketune|Kricketune, L83, M|100\/100\n|turn|13\n|choice|move firefang|move leechlife\n|\n|move|p1a: Mightyena|Fire Fang|p2a: Kricketune\n|-supereffective|p2a: Kricketune\n|-damage|p2a: Kricketune|0 fnt\n|faint|p2a: Kricketune\n|-ability|p1a: Mightyena|Moxie|boost\n|-boost|p1a: Mightyena|atk|1\n|\n|-weather|SunnyDay|[upkeep]\n|upkeep\n|c|\u2606Gotham Paladin|ow\n|choice||switch 6\n|\n|switch|p2a: Salazzle|Salazzle, L79, F|100\/100\n|-item|p2a: Salazzle|Air Balloon\n|turn|14\n|c|\u2606Shiba|swept by mightyena\n|choice|move suckerpunch|move nastyplot\n|\n|move|p1a: Mightyena|Sucker Punch|p2a: Salazzle|[still]\n|-fail|p1a: Mightyena\n|move|p2a: Salazzle|Nasty Plot|p2a: Salazzle\n|-boost|p2a: Salazzle|spa|2\n|\n|-weather|SunnyDay|[upkeep]\n|upkeep\n|turn|15\n|choice|move suckerpunch|move nastyplot\n|\n|move|p1a: Mightyena|Sucker Punch|p2a: Salazzle|[still]\n|-fail|p1a: Mightyena\n|move|p2a: Salazzle|Nasty Plot|p2a: Salazzle\n|-boost|p2a: Salazzle|spa|2\n|\n|-weather|SunnyDay|[upkeep]\n|upkeep\n|turn|16\n|choice|move suckerpunch|move nastyplot\n|\n|move|p1a: Mightyena|Sucker Punch|p2a: Salazzle|[still]\n|-fail|p1a: Mightyena\n|move|p2a: Salazzle|Nasty Plot|p2a: Salazzle\n|-boost|p2a: Salazzle|spa|2\n|\n|-weather|none\n|upkeep\n|turn|17\n|choice|move suckerpunch|move nastyplot\n|\n|move|p1a: Mightyena|Sucker Punch|p2a: Salazzle|[still]\n|-fail|p1a: Mightyena\n|move|p2a: Salazzle|Nasty Plot|p2a: Salazzle\n|-boost|p2a: Salazzle|spa|0\n|\n|upkeep\n|turn|18\n|choice|move suckerpunch|move nastyplot\n|\n|move|p1a: Mightyena|Sucker Punch|p2a: Salazzle|[still]\n|-fail|p1a: Mightyena\n|move|p2a: Salazzle|Nasty Plot|p2a: Salazzle\n|-boost|p2a: Salazzle|spa|0\n|\n|upkeep\n|turn|19\n|choice|move suckerpunch|move fireblast\n|\n|move|p1a: Mightyena|Sucker Punch|p2a: Salazzle\n|-crit|p2a: Salazzle\n|-damage|p2a: Salazzle|0 fnt\n|-enditem|p2a: Salazzle|Air Balloon\n|faint|p2a: Salazzle\n|-ability|p1a: Mightyena|Moxie|boost\n|-boost|p1a: Mightyena|atk|1\n|\n|upkeep\n|c|\u2606Gotham Paladin|ofc crit\n|choice||switch 2\n|\n|switch|p2a: Jirachi|Jirachi, L76|100\/100\n|turn|20\n|choice|move crunch|move toxic\n|\n|move|p2a: Jirachi|Toxic|p1a: Mightyena\n|-status|p1a: Mightyena|tox\n|move|p1a: Mightyena|Crunch|p2a: Jirachi\n|-supereffective|p2a: Jirachi\n|-damage|p2a: Jirachi|0 fnt\n|faint|p2a: Jirachi\n|-ability|p1a: Mightyena|Moxie|boost\n|-boost|p1a: Mightyena|atk|1\n|\n|-damage|p1a: Mightyena|95\/100 tox|[from] psn\n|upkeep\n|choice||switch 3\n|\n|switch|p2a: Meowstic|Meowstic-F, L83, F|100\/100\n|turn|21\n|choice|move crunch|move thunderbolt\n|\n|move|p2a: Meowstic|Thunderbolt|p1a: Mightyena\n|-damage|p1a: Mightyena|55\/100 tox\n|-damage|p2a: Meowstic|91\/100|[from] item: Life Orb\n|move|p1a: Mightyena|Crunch|p2a: Meowstic\n|-supereffective|p2a: Meowstic\n|-damage|p2a: Meowstic|0 fnt\n|faint|p2a: Meowstic\n|\n|win|Shiba\n|c|\u2606Shiba|L\n|c|\u2606Gotham Paladin|ur trash\n|l|Gotham Paladin","inputlog":null,"uploadtime":1510791722,"views":4,"p1id":"shiba","p2id":"gothampaladin","formatid":"gen7randombattle","rating":0,"private":0,"password":null}