{"id":"gen7ou-667860024","p1":"Java Test","p2":"Toxabelle","format":"gen7ou","log":"|raw|<div class=\"broadcast-red\"><strong>This battle is invite-only!<\/strong><br \/>Users must be rank + or invited with <code>\/invite<\/code> to join<\/div>\n|j|Java Test\n|j|Toxabelle\n|player|p1|Java Test|167\n|teamsize|p1|6\n|player|p2|Toxabelle|164\n|teamsize|p2|6\n|gametype|singles\n|gen|7\n|tier|[Gen 7] OU\n|rated|\n|seed|24071,6406,62291,45509\n|rule|Sleep Clause Mod: Limit one foe put to sleep\n|rule|Species Clause: Limit one of each Pok\u00e9mon\n|rule|OHKO Clause: OHKO moves are banned\n|rule|Moody Clause: Moody is banned\n|rule|Evasion Moves Clause: Evasion moves are banned\n|rule|Endless Battle Clause: Forcing endless battles is banned\n|rule|HP Percentage Mod: HP is shown in percentages\n|clearpoke\n|poke|p1|Medicham, F|item\n|poke|p1|Tapu Koko|item\n|poke|p1|Landorus-Therian, M|item\n|poke|p1|Celesteela|item\n|poke|p1|Greninja, M|item\n|poke|p1|Clefable, M|item\n|poke|p2|Venusaur, F|item\n|poke|p2|Keldeo-Resolute|item\n|poke|p2|Skarmory, F|item\n|poke|p2|Chansey, F|item\n|poke|p2|Heatran, F|item\n|poke|p2|Bisharp, M|item\n|teampreview\n|inactive|Battle timer is ON: inactive players will automatically lose when time's up. (requested by Toxabelle)\n|choice|team 3, team 2, team 1, team 4, team 5, team 6|team 1, team 2, team 3, team 4, team 5, team 6\n|\n|start\n|switch|p1a: Landorus|Landorus-Therian, M|381\/381\n|switch|p2a: Venusaur|Venusaur, F|363\/363\n|-ability|p1a: Landorus|Intimidate|boost\n|-unboost|p2a: Venusaur|atk|1\n|turn|1\n|choice|move stealthrock|move gigadrain mega\n|\n|-mega|p2a: Venusaur|Venusaur|Venusaurite\n|detailschange|p2a: Venusaur|Venusaur-Mega, F\n|move|p2a: Venusaur|Giga Drain|p1a: Landorus\n|-damage|p1a: Landorus|255\/381\n|move|p1a: Landorus|Stealth Rock|p2a: Venusaur\n|-sidestart|p2: Toxabelle|move: Stealth Rock\n|\n|-heal|p1a: Landorus|278\/381|[from] item: Leftovers\n|upkeep\n|turn|2\n|inactive|Java Test has 135 seconds left.\n|choice|move uturn|move gigadrain\n|\n|move|p2a: Venusaur|Giga Drain|p1a: Landorus\n|-damage|p1a: Landorus|151\/381\n|move|p1a: Landorus|U-turn|p2a: Venusaur\n|-damage|p2a: Venusaur|316\/363\n|choice|switch 3|\n|\n|switch|p1a: Medicham|Medicham, F|261\/261\n|\n|upkeep\n|turn|3\n|inactive|Toxabelle has 135 seconds left.\n|choice|move zenheadbutt mega|move sludgebomb\n|\n|-mega|p1a: Medicham|Medicham|Medichamite\n|detailschange|p1a: Medicham|Medicham-Mega, F\n|move|p1a: Medicham|Zen Headbutt|p2a: Venusaur\n|-supereffective|p2a: Venusaur\n|-damage|p2a: Venusaur|4\/363\n|move|p2a: Venusaur|Sludge Bomb|p1a: Medicham\n|-damage|p1a: Medicham|108\/261\n|-status|p1a: Medicham|psn\n|\n|-damage|p1a: Medicham|76\/261 psn|[from] psn\n|upkeep\n|turn|4\n|choice|move thunderpunch|move gigadrain\n|\n|move|p1a: Medicham|Thunder Punch|p2a: Venusaur\n|-resisted|p2a: Venusaur\n|-damage|p2a: Venusaur|0 fnt\n|faint|p2a: Venusaur\n|\n|-damage|p1a: Medicham|44\/261 psn|[from] psn\n|upkeep\n|choice||switch 2\n|\n|switch|p2a: Keldeo|Keldeo-Resolute|323\/323\n|-damage|p2a: Keldeo|303\/323|[from] Stealth Rock\n|turn|5\n|choice|switch 2|move scald\n|\n|switch|p1a: Tapu Koko|Tapu Koko|281\/281\n|-fieldstart|move: Electric Terrain|[from] ability: Electric Surge|[of] p1a: Tapu Koko\n|move|p2a: Keldeo|Scald|p1a: Tapu Koko\n|-damage|p1a: Tapu Koko|89\/281\n|\n|-heal|p2a: Keldeo|323\/323|[from] item: Leftovers\n|upkeep\n|turn|6\n|choice|move voltswitch|switch 4\n|\n|switch|p2a: Chansey|Chansey, F|703\/703\n|-damage|p2a: Chansey|616\/703|[from] Stealth Rock\n|move|p1a: Tapu Koko|Volt Switch|p2a: Chansey\n|-damage|p2a: Chansey|484\/703\n|choice|switch 5|\n|\n|switch|p1a: Greninja|Greninja, M|285\/285\n|\n|upkeep\n|turn|7\n|choice|move spikes|move seismictoss\n|\n|move|p1a: Greninja|Spikes|p2a: Chansey\n|-sidestart|p2: Toxabelle|Spikes\n|move|p2a: Chansey|Seismic Toss|p1a: Greninja\n|-damage|p1a: Greninja|185\/285\n|\n|upkeep\n|turn|8\n|choice|move spikes|move softboiled\n|\n|move|p1a: Greninja|Spikes|p2a: Chansey\n|-sidestart|p2: Toxabelle|Spikes\n|move|p2a: Chansey|Soft-Boiled|p2a: Chansey\n|-heal|p2a: Chansey|703\/703\n|\n|upkeep\n|turn|9\n|choice|move spikes|switch 3\n|\n|switch|p2a: Skarmory|Skarmory, F|333\/333\n|-damage|p2a: Skarmory|292\/333|[from] Stealth Rock\n|move|p1a: Greninja|Spikes|p2a: Skarmory\n|-sidestart|p2: Toxabelle|Spikes\n|\n|-fieldend|move: Electric Terrain\n|upkeep\n|turn|10\n|choice|move hydropump zmove|move spikes\n|\n|-zpower|p1a: Greninja\n|move|p1a: Greninja|Hydro Vortex|p2a: Skarmory|[zeffect]\n|-damage|p2a: Skarmory|0 fnt\n|faint|p2a: Skarmory\n|-activate|p1a: Greninja|ability: Battle Bond\n|detailschange|p1a: Greninja|Greninja-Ash, M\n|\n|upkeep\n|choice||switch 3\n|\n|switch|p2a: Chansey|Chansey, F|703\/703\n|-damage|p2a: Chansey|616\/703|[from] Stealth Rock\n|-damage|p2a: Chansey|441\/703|[from] Spikes\n|turn|11\n|inactive|Java Test has 135 seconds left.\n|choice|switch 4|move softboiled\n|\n|switch|p1a: Celesteela|Celesteela|398\/398\n|move|p2a: Chansey|Soft-Boiled|p2a: Chansey\n|-heal|p2a: Chansey|703\/703\n|\n|upkeep\n|turn|12\n|choice|move leechseed|move thunderwave\n|\n|move|p1a: Celesteela|Leech Seed|p2a: Chansey|[miss]\n|-miss|p1a: Celesteela|p2a: Chansey\n|move|p2a: Chansey|Thunder Wave|p1a: Celesteela\n|-status|p1a: Celesteela|par\n|\n|upkeep\n|turn|13\n|choice|move leechseed|switch 5\n|\n|switch|p2a: Heatran|Heatran, F|385\/385\n|-damage|p2a: Heatran|337\/385|[from] Stealth Rock\n|-damage|p2a: Heatran|241\/385|[from] Spikes\n|move|p1a: Celesteela|Leech Seed|p2a: Heatran\n|-start|p2a: Heatran|move: Leech Seed\n|\n|-heal|p2a: Heatran|265\/385|[from] item: Leftovers\n|-damage|p2a: Heatran|217\/385|[from] Leech Seed|[of] p1a: Celesteela\n|upkeep\n|turn|14\n|inactive|Java Test has 135 seconds left.\n|choice|switch 4|move stealthrock\n|\n|switch|p1a: Greninja|Greninja-Ash, M|185\/285\n|move|p2a: Heatran|Stealth Rock|p1a: Greninja\n|-sidestart|p1: Java Test|move: Stealth Rock\n|\n|-heal|p2a: Heatran|241\/385|[from] item: Leftovers\n|-damage|p2a: Heatran|193\/385|[from] Leech Seed|[of] p1a: Greninja\n|-heal|p1a: Greninja|233\/285|[silent]\n|upkeep\n|turn|15\n|choice|move hydropump|switch 5\n|\n|switch|p2a: Chansey|Chansey, F|703\/703\n|-damage|p2a: Chansey|616\/703|[from] Stealth Rock\n|-damage|p2a: Chansey|441\/703|[from] Spikes\n|move|p1a: Greninja|Hydro Pump|p2a: Chansey\n|-damage|p2a: Chansey|300\/703\n|\n|upkeep\n|turn|16\n|inactive|Java Test has 135 seconds left.\n|choice|switch 2|move softboiled\n|\n|switch|p1a: Medicham|Medicham-Mega, F|44\/261 psn\n|-damage|p1a: Medicham|28\/261 psn|[from] Stealth Rock\n|move|p2a: Chansey|Soft-Boiled|p2a: Chansey\n|-heal|p2a: Chansey|652\/703\n|\n|-damage|p1a: Medicham|0 fnt|[from] psn\n|upkeep\n|faint|p1a: Medicham\n|choice|switch 6|\n|\n|switch|p1a: Clefable|Clefable, M|394\/394\n|turn|17\n|choice|move calmmind|switch 6\n|\n|switch|p2a: Bisharp|Bisharp, M|333\/333\n|-damage|p2a: Bisharp|250\/333|[from] Spikes\n|-damage|p2a: Bisharp|230\/333|[from] Stealth Rock\n|move|p1a: Clefable|Calm Mind|p1a: Clefable\n|-boost|p1a: Clefable|spa|1\n|-boost|p1a: Clefable|spd|1\n|\n|-heal|p2a: Bisharp|250\/333|[from] item: Leftovers\n|upkeep\n|turn|18\n|choice|move flamethrower|move ironhead\n|\n|move|p2a: Bisharp|Iron Head|p1a: Clefable\n|-supereffective|p1a: Clefable\n|-damage|p1a: Clefable|116\/394\n|cant|p1a: Clefable|flinch\n|\n|-heal|p2a: Bisharp|270\/333|[from] item: Leftovers\n|-heal|p1a: Clefable|140\/394|[from] item: Leftovers\n|upkeep\n|turn|19\n|inactive|Java Test has 135 seconds left.\n|inactive|Toxabelle has 135 seconds left.\n|inactive|Java Test has 120 seconds left.\n|choice|move flamethrower|move ironhead\n|\n|move|p2a: Bisharp|Iron Head|p1a: Clefable\n|-supereffective|p1a: Clefable\n|-damage|p1a: Clefable|0 fnt\n|faint|p1a: Clefable\n|\n|-heal|p2a: Bisharp|290\/333|[from] item: Leftovers\n|upkeep\n|choice|switch 5|\n|\n|switch|p1a: Tapu Koko|Tapu Koko|89\/281\n|-damage|p1a: Tapu Koko|54\/281|[from] Stealth Rock\n|-fieldstart|move: Electric Terrain|[from] ability: Electric Surge|[of] p1a: Tapu Koko\n|turn|20\n|choice|move thunderbolt|move suckerpunch\n|\n|move|p2a: Bisharp|Sucker Punch|p1a: Tapu Koko\n|-resisted|p1a: Tapu Koko\n|-damage|p1a: Tapu Koko|0 fnt\n|faint|p1a: Tapu Koko\n|\n|-heal|p2a: Bisharp|310\/333|[from] item: Leftovers\n|upkeep\n|choice|switch 2|\n|\n|switch|p1a: Greninja|Greninja-Ash, M|233\/285\n|-damage|p1a: Greninja|198\/285|[from] Stealth Rock\n|turn|21\n|choice|move hydropump|switch 6\n|\n|switch|p2a: Chansey|Chansey, F|652\/703\n|-damage|p2a: Chansey|565\/703|[from] Stealth Rock\n|-damage|p2a: Chansey|390\/703|[from] Spikes\n|move|p1a: Greninja|Hydro Pump|p2a: Chansey\n|-damage|p2a: Chansey|260\/703\n|\n|upkeep\n|turn|22\n|choice|move darkpulse|move softboiled\n|\n|move|p1a: Greninja|Dark Pulse|p2a: Chansey\n|-damage|p2a: Chansey|158\/703\n|move|p2a: Chansey|Soft-Boiled|p2a: Chansey\n|-heal|p2a: Chansey|510\/703\n|\n|upkeep\n|turn|23\n|choice|switch 4|move seismictoss\n|\n|switch|p1a: Celesteela|Celesteela|398\/398 par\n|-damage|p1a: Celesteela|349\/398 par|[from] Stealth Rock\n|move|p2a: Chansey|Seismic Toss|p1a: Celesteela\n|-damage|p1a: Celesteela|249\/398 par\n|\n|-heal|p1a: Celesteela|273\/398 par|[from] item: Leftovers\n|upkeep\n|turn|24\n|choice|move leechseed|move seismictoss\n|\n|move|p2a: Chansey|Seismic Toss|p1a: Celesteela\n|-damage|p1a: Celesteela|173\/398 par\n|move|p1a: Celesteela|Leech Seed|p2a: Chansey\n|-start|p2a: Chansey|move: Leech Seed\n|\n|-heal|p1a: Celesteela|197\/398 par|[from] item: Leftovers\n|-damage|p2a: Chansey|423\/703|[from] Leech Seed|[of] p1a: Celesteela\n|-heal|p1a: Celesteela|284\/398 par|[silent]\n|-fieldend|move: Electric Terrain\n|upkeep\n|turn|25\n|choice|move leechseed|move softboiled\n|\n|move|p2a: Chansey|Soft-Boiled|p2a: Chansey\n|-heal|p2a: Chansey|703\/703\n|cant|p1a: Celesteela|par\n|\n|-heal|p1a: Celesteela|308\/398 par|[from] item: Leftovers\n|-damage|p2a: Chansey|616\/703|[from] Leech Seed|[of] p1a: Celesteela\n|-heal|p1a: Celesteela|395\/398 par|[silent]\n|upkeep\n|turn|26\n|choice|move leechseed|switch 5\n|\n|switch|p2a: Heatran|Heatran, F|193\/385\n|-damage|p2a: Heatran|145\/385|[from] Stealth Rock\n|-damage|p2a: Heatran|49\/385|[from] Spikes\n|cant|p1a: Celesteela|par\n|\n|-heal|p2a: Heatran|73\/385|[from] item: Leftovers\n|-heal|p1a: Celesteela|398\/398 par|[from] item: Leftovers\n|upkeep\n|turn|27\n|choice|switch 4|move lavaplume\n|\n|switch|p1a: Greninja|Greninja-Ash, M|198\/285\n|-damage|p1a: Greninja|163\/285|[from] Stealth Rock\n|move|p2a: Heatran|Lava Plume|p1a: Greninja\n|-resisted|p1a: Greninja\n|-damage|p1a: Greninja|90\/285\n|\n|-heal|p2a: Heatran|97\/385|[from] item: Leftovers\n|upkeep\n|turn|28\n|choice|move darkpulse|switch 5\n|\n|switch|p2a: Chansey|Chansey, F|616\/703\n|-damage|p2a: Chansey|441\/703|[from] Spikes\n|-damage|p2a: Chansey|354\/703|[from] Stealth Rock\n|move|p1a: Greninja|Dark Pulse|p2a: Chansey\n|-damage|p2a: Chansey|243\/703\n|\n|upkeep\n|turn|29\n|choice|switch 4|move softboiled\n|\n|switch|p1a: Celesteela|Celesteela|398\/398 par\n|-damage|p1a: Celesteela|349\/398 par|[from] Stealth Rock\n|move|p2a: Chansey|Soft-Boiled|p2a: Chansey\n|-heal|p2a: Chansey|595\/703\n|\n|-heal|p1a: Celesteela|373\/398 par|[from] item: Leftovers\n|upkeep\n|turn|30\n|choice|move leechseed|switch 5\n|\n|switch|p2a: Heatran|Heatran, F|97\/385\n|-damage|p2a: Heatran|1\/385|[from] Spikes\n|-damage|p2a: Heatran|0 fnt|[from] Stealth Rock\n|faint|p2a: Heatran\n|move|p1a: Celesteela|Leech Seed|p2: Heatran|[notarget]\n|-notarget\n|\n|-heal|p1a: Celesteela|397\/398 par|[from] item: Leftovers\n|upkeep\n|choice||switch 6\n|\n|switch|p2a: Bisharp|Bisharp, M|310\/333\n|-damage|p2a: Bisharp|290\/333|[from] Stealth Rock\n|-damage|p2a: Bisharp|207\/333|[from] Spikes\n|turn|31\n|choice|move flamethrower|move knockoff\n|\n|move|p2a: Bisharp|Knock Off|p1a: Celesteela\n|-damage|p1a: Celesteela|207\/398 par\n|-enditem|p1a: Celesteela|Leftovers|[from] move: Knock Off|[of] p2a: Bisharp\n|move|p1a: Celesteela|Flamethrower|p2a: Bisharp\n|-supereffective|p2a: Bisharp\n|-damage|p2a: Bisharp|9\/333\n|\n|-heal|p2a: Bisharp|29\/333|[from] item: Leftovers\n|upkeep\n|turn|32\n|choice|move flamethrower|move knockoff\n|\n|move|p2a: Bisharp|Knock Off|p1a: Celesteela\n|-damage|p1a: Celesteela|87\/398 par\n|move|p1a: Celesteela|Flamethrower|p2a: Bisharp\n|-supereffective|p2a: Bisharp\n|-damage|p2a: Bisharp|0 fnt\n|faint|p2a: Bisharp\n|-ability|p1a: Celesteela|Beast Boost|boost\n|-boost|p1a: Celesteela|spd|1\n|\n|upkeep\n|choice||switch 4\n|\n|switch|p2a: Keldeo|Keldeo-Resolute|323\/323\n|-damage|p2a: Keldeo|243\/323|[from] Spikes\n|-damage|p2a: Keldeo|223\/323|[from] Stealth Rock\n|turn|33\n|choice|move leechseed|move substitute\n|\n|move|p2a: Keldeo|Substitute|p2a: Keldeo\n|-start|p2a: Keldeo|Substitute\n|-damage|p2a: Keldeo|143\/323\n|move|p1a: Celesteela|Leech Seed|p2a: Keldeo\n|-fail|p2a: Keldeo\n|\n|-heal|p2a: Keldeo|163\/323|[from] item: Leftovers\n|upkeep\n|turn|34\n|choice|move heavyslam|move secretsword\n|\n|move|p2a: Keldeo|Secret Sword|p1a: Celesteela\n|-damage|p1a: Celesteela|0 fnt\n|faint|p1a: Celesteela\n|\n|-heal|p2a: Keldeo|183\/323|[from] item: Leftovers\n|upkeep\n|-message|Java Test forfeited.\n|\n|win|Toxabelle\n|l|Java Test\n|raw|Java Test's rating: 1865 &rarr; <strong>1847<\/strong><br \/>(-18 for losing)\n|raw|Toxabelle's rating: 1887 &rarr; <strong>1906<\/strong><br \/>(+19 for winning)\n|c|\u2606Toxabelle|\/log Toxabelle made this room public.","inputlog":null,"uploadtime":1512222193,"views":81,"p1id":"javatest","p2id":"toxabelle","formatid":"gen7ou","rating":1847,"private":0,"password":null}