{"id":"gen7ou-1650242864","p1":"MP555","p2":"Meracx","format":"gen7ou","log":"|j|\u2606MP555\n|j|\u2606Meracx\n|t:|1661693829\n|gametype|singles\n|player|p1|MP555|unknown|\n|player|p2|Meracx|thorton|\n|teamsize|p1|6\n|teamsize|p2|6\n|gen|7\n|tier|[Gen 7] OU\n|rule|Sleep Clause Mod: Limit one foe put to sleep\n|rule|Species Clause: Limit one of each Pok\u00e9mon\n|rule|OHKO Clause: OHKO moves are banned\n|rule|Moody Clause: Moody is banned\n|rule|Evasion Items Clause: Evasion items are banned\n|rule|Evasion Moves Clause: Evasion moves are banned\n|rule|Endless Battle Clause: Forcing endless battles is banned\n|rule|HP Percentage Mod: HP is shown in percentages\n|clearpoke\n|poke|p1|Krookodile, M|item\n|poke|p1|Keldeo|item\n|poke|p1|Ninetales-Alola, M|item\n|poke|p1|Tornadus-Therian, M|item\n|poke|p1|Escavalier, F|item\n|poke|p1|Rotom-Heat|item\n|poke|p2|Diancie|item\n|poke|p2|Delphox, M|item\n|poke|p2|Dragonite, M|item\n|poke|p2|Gengar, M|item\n|poke|p2|Weavile, M|item\n|poke|p2|Empoleon, M|item\n|teampreview\n|j| Fraises des boas\n|c|\u2606Meracx|hf\n|j| Kai_Kitt\n|c|\u2606MP555|Met le lien\n|j| Gatubraz\n|j| Le Sabreur\n|j| iMoxSaoul\n|j| supersayandraft\n|j| endives au jambon\n|c| iMoxSaoul|no hf\n|j| Brayz\n|c| Fraises des boas|no gg\n|c| Kai_Kitt|No fun\n|\n|t:|1661693911\n|start\n|switch|p1a: Krookodile|Krookodile, M|100\/100\n|switch|p2a: Godegis\u00e8le|Diancie|100\/100\n|-ability|p1a: Krookodile|Intimidate|boost\n|-fail|p2a: Godegis\u00e8le|unboost|[from] ability: Clear Body|[of] p2a: Godegis\u00e8le\n|turn|1\n|c|\u2606Meracx|Merci \u00e0 tous\n|inactive|Battle timer is ON: inactive players will automatically lose when time's up. (requested by MP555)\n|\n|t:|1661693992\n|switch|p1a: Escavalier|Escavalier, F|100\/100\n|detailschange|p2a: Godegis\u00e8le|Diancie-Mega\n|-mega|p2a: Godegis\u00e8le|Diancie|Diancite\n|move|p2a: Godegis\u00e8le|Stealth Rock|p1a: Escavalier\n|-sidestart|p1: MP555|move: Stealth Rock\n|\n|upkeep\n|turn|2\n|inactiveoff|Battle timer is now OFF.\n|j| Nicooole\n|\n|t:|1661694030\n|switch|p2a: Aristophane|Delphox, M|100\/100\n|move|p1a: Escavalier|Knock Off|p2a: Aristophane\n|-supereffective|p2a: Aristophane\n|-damage|p2a: Aristophane|19\/100\n|-enditem|p2a: Aristophane|Choice Specs|[from] move: Knock Off|[of] p1a: Escavalier\n|\n|upkeep\n|turn|3\n|\n|t:|1661694043\n|switch|p1a: Rotom|Rotom-Heat|100\/100\n|-damage|p1a: Rotom|75\/100|[from] Stealth Rock\n|move|p2a: Aristophane|Overheat|p1a: Rotom\n|-resisted|p1a: Rotom\n|-damage|p1a: Rotom|30\/100\n|-unboost|p2a: Aristophane|spa|2\n|\n|-heal|p1a: Rotom|36\/100|[from] item: Leftovers\n|upkeep\n|turn|4\n|\n|t:|1661694055\n|move|p2a: Aristophane|Psychic|p1a: Rotom\n|-damage|p1a: Rotom|14\/100\n|-unboost|p1a: Rotom|spd|1\n|move|p1a: Rotom|Discharge|p2a: Aristophane\n|-damage|p2a: Aristophane|0 fnt\n|faint|p2a: Aristophane\n|\n|-heal|p1a: Rotom|20\/100|[from] item: Leftovers\n|upkeep\n|\n|t:|1661694067\n|switch|p2a: S\u00e9lim|Gengar, M|100\/100\n|turn|5\n|\n|t:|1661694071\n|move|p2a: S\u00e9lim|Shadow Ball|p1a: Rotom\n|-damage|p1a: Rotom|0 fnt\n|faint|p1a: Rotom\n|\n|upkeep\n|\n|t:|1661694081\n|switch|p1a: Escavalier|Escavalier, F|100\/100\n|-damage|p1a: Escavalier|88\/100|[from] Stealth Rock\n|turn|6\n|\n|t:|1661694103\n|move|p2a: S\u00e9lim|Shadow Ball|p1a: Escavalier\n|-damage|p1a: Escavalier|64\/100\n|-unboost|p1a: Escavalier|spd|1\n|move|p1a: Escavalier|Iron Head|p2a: S\u00e9lim\n|-damage|p2a: S\u00e9lim|32\/100\n|\n|upkeep\n|turn|7\n|\n|t:|1661694114\n|switch|p1a: Krookodile|Krookodile, M|100\/100\n|-damage|p1a: Krookodile|94\/100|[from] Stealth Rock\n|-ability|p1a: Krookodile|Intimidate|boost\n|-unboost|p2a: S\u00e9lim|atk|1\n|-enditem|p2a: S\u00e9lim|Adrenaline Orb\n|-boost|p2a: S\u00e9lim|spe|1|[from] item: Adrenaline Orb\n|move|p2a: S\u00e9lim|Shadow Ball|p1a: Krookodile\n|-resisted|p1a: Krookodile\n|-damage|p1a: Krookodile|65\/100\n|-unboost|p1a: Krookodile|spd|1\n|\n|upkeep\n|turn|8\n|\n|t:|1661694134\n|move|p2a: S\u00e9lim|Focus Blast|p1a: Krookodile\n|-supereffective|p1a: Krookodile\n|-damage|p1a: Krookodile|0 fnt\n|faint|p1a: Krookodile\n|\n|upkeep\n|c|\u2606MP555|J ai missclick\n|\n|t:|1661694148\n|switch|p1a: Escavalier|Escavalier, F|64\/100\n|-damage|p1a: Escavalier|51\/100|[from] Stealth Rock\n|turn|9\n|c|\u2606Meracx|A\u00efe\n|c|\u2606Meracx|T'avais click quoi ?\n|\n|t:|1661694160\n|move|p2a: S\u00e9lim|Shadow Ball|p1a: Escavalier\n|-damage|p1a: Escavalier|24\/100\n|move|p1a: Escavalier|Knock Off|p2a: S\u00e9lim\n|-supereffective|p2a: S\u00e9lim\n|-damage|p2a: S\u00e9lim|0 fnt\n|-start|p1a: Escavalier|Disable|Knock Off|[from] ability: Cursed Body|[of] p2a: S\u00e9lim\n|faint|p2a: S\u00e9lim\n|\n|upkeep\n|\n|t:|1661694188\n|switch|p2a: Mordred|Dragonite, M|100\/100\n|turn|10\n|\n|t:|1661694196\n|move|p2a: Mordred|Dragon Dance|p2a: Mordred\n|-boost|p2a: Mordred|atk|1\n|-boost|p2a: Mordred|spe|1\n|move|p1a: Escavalier|Iron Head|p2a: Mordred\n|-damage|p2a: Mordred|79\/100\n|\n|upkeep\n|turn|11\n|\n|t:|1661694208\n|move|p2a: Mordred|Dragon Dance|p2a: Mordred\n|-boost|p2a: Mordred|atk|1\n|-boost|p2a: Mordred|spe|1\n|move|p1a: Escavalier|Iron Head|p2a: Mordred\n|-damage|p2a: Mordred|38\/100\n|\n|upkeep\n|turn|12\n|\n|t:|1661694221\n|move|p2a: Mordred|Dragon Claw|p1a: Escavalier\n|-resisted|p1a: Escavalier\n|-damage|p1a: Escavalier|0 fnt\n|faint|p1a: Escavalier\n|\n|upkeep\n|\n|t:|1661694274\n|switch|p1a: Keldeo|Keldeo|100\/100\n|-damage|p1a: Keldeo|94\/100|[from] Stealth Rock\n|turn|13\n|\n|t:|1661694303\n|move|p2a: Mordred|Dragon Claw|p1a: Keldeo\n|-damage|p1a: Keldeo|0 fnt\n|faint|p1a: Keldeo\n|\n|upkeep\n|\n|t:|1661694306\n|switch|p1a: Ninetales|Ninetales-Alola, M|100\/100\n|-damage|p1a: Ninetales|76\/100|[from] Stealth Rock\n|-weather|Hail|[from] ability: Snow Warning|[of] p1a: Ninetales\n|turn|14\n|\n|t:|1661694310\n|-zpower|p2a: Mordred\n|move|p2a: Mordred|Supersonic Skystrike|p1a: Ninetales|[zeffect]\n|-damage|p1a: Ninetales|0 fnt\n|faint|p1a: Ninetales\n|\n|-weather|Hail|[upkeep]\n|-damage|p2a: Mordred|32\/100|[from] Hail\n|upkeep\n|l| Kai_Kitt\n|\n|t:|1661694316\n|switch|p1a: Tornadus|Tornadus-Therian, M|100\/100\n|-damage|p1a: Tornadus|76\/100|[from] Stealth Rock\n|turn|15\n|\n|t:|1661694320\n|move|p2a: Mordred|Dragon Claw|p1a: Tornadus\n|-damage|p1a: Tornadus|0 fnt\n|-damage|p2a: Mordred|15\/100|[from] item: Rocky Helmet|[of] p1a: Tornadus\n|faint|p1a: Tornadus\n|\n|win|Meracx\n|l|\u2606MP555\n|c|\u2606Meracx|g\n|l| Gatubraz\n|l| Nicooole\n|c|\u2606Meracx|*gg\n|l| Le Sabreur\n","uploadtime":1661694338,"views":15,"p1id":"mp555","p2id":"meracx","formatid":"gen7ou","rating":0,"private":0,"password":null}