{"id":"gen7ou-958074896","p1":"Jessy y James","p2":"Lord cube","format":"gen7ou","log":"|j|\u2606Jessy y James\n|j|\u2606Lord cube\n|player|p1|Jessy y James|131|1406\n|player|p2|Lord cube|170|1342\n|teamsize|p1|6\n|teamsize|p2|6\n|gametype|singles\n|gen|7\n|tier|[Gen 7] OU\n|rated|\n|rule|Sleep Clause Mod: Limit one foe put to sleep\n|rule|Species Clause: Limit one of each Pok\u00e9mon\n|rule|OHKO Clause: OHKO moves are banned\n|rule|Moody Clause: Moody is banned\n|rule|Evasion Moves Clause: Evasion moves are banned\n|rule|Endless Battle Clause: Forcing endless battles is banned\n|rule|HP Percentage Mod: HP is shown in percentages\n|clearpoke\n|poke|p1|Durant, F|item\n|poke|p1|Tapu Koko|item\n|poke|p1|Chansey, F|item\n|poke|p1|Tangrowth, F|item\n|poke|p1|Mew|item\n|poke|p1|Landorus-Therian, M|item\n|poke|p2|Tornadus-Therian, M|\n|poke|p2|Landorus-Therian, M|item\n|poke|p2|Empoleon, M|item\n|poke|p2|Beedrill, M|item\n|poke|p2|Chansey, F|item\n|poke|p2|Ditto|item\n|teampreview\n|\n|start\n|switch|p1a: Landorus|Landorus-Therian, M|100\/100\n|switch|p2a: Tornadus|Tornadus-Therian, M|100\/100\n|-ability|p1a: Landorus|Intimidate|boost\n|-unboost|p2a: Tornadus|atk|1\n|turn|1\n|\n|switch|p1a: Tapu Koko|Tapu Koko|100\/100\n|-fieldstart|move: Electric Terrain|[from] ability: Electric Surge|[of] p1a: Tapu Koko\n|move|p2a: Tornadus|Knock Off|p1a: Tapu Koko\n|-resisted|p1a: Tapu Koko\n|-damage|p1a: Tapu Koko|88\/100\n|-enditem|p1a: Tapu Koko|Choice Band|[from] move: Knock Off|[of] p2a: Tornadus\n|\n|upkeep\n|turn|2\n|\n|switch|p2a: Landorus|Landorus-Therian, M|100\/100\n|-ability|p2a: Landorus|Intimidate|boost\n|-unboost|p1a: Tapu Koko|atk|1\n|move|p1a: Tapu Koko|U-turn|p2a: Landorus\n|-resisted|p2a: Landorus\n|-damage|p2a: Landorus|92\/100\n|\n|switch|p1a: Landorus|Landorus-Therian, M|100\/100|[from]move: U-turn\n|-ability|p1a: Landorus|Intimidate|boost\n|-unboost|p2a: Landorus|atk|1\n|\n|upkeep\n|turn|3\n|\n|-zpower|p2a: Landorus\n|move|p2a: Landorus|Continental Crush|p1a: Landorus|[zeffect]\n|-damage|p1a: Landorus|47\/100\n|move|p1a: Landorus|Stealth Rock|p2a: Landorus\n|-sidestart|p2: Lord cube|move: Stealth Rock\n|\n|upkeep\n|turn|4\n|\n|move|p1a: Landorus|Hidden Power|p2a: Landorus\n|-supereffective|p2a: Landorus\n|-damage|p2a: Landorus|0 fnt\n|-damage|p1a: Landorus|37\/100|[from] item: Life Orb\n|faint|p2a: Landorus\n|\n|upkeep\n|\n|switch|p2a: Beedrill|Beedrill, M|100\/100\n|-damage|p2a: Beedrill|76\/100|[from] Stealth Rock\n|turn|5\n|\n|detailschange|p2a: Beedrill|Beedrill-Mega, M\n|-mega|p2a: Beedrill|Beedrill|Beedrillite\n|move|p2a: Beedrill|Poison Jab|p1a: Landorus\n|-resisted|p1a: Landorus\n|-damage|p1a: Landorus|0 fnt\n|faint|p1a: Landorus\n|\n|-fieldend|move: Electric Terrain\n|upkeep\n|\n|switch|p1a: Durant|Durant, F|100\/100\n|turn|6\n|\n|switch|p1a: Tangrowth|Tangrowth, F|100\/100\n|move|p2a: Beedrill|U-turn|p1a: Tangrowth\n|-supereffective|p1a: Tangrowth\n|-damage|p1a: Tangrowth|48\/100\n|-damage|p2a: Beedrill|59\/100|[from] item: Rocky Helmet|[of] p1a: Tangrowth\n|\n|switch|p2a: Tornadus|Tornadus-Therian, M|100\/100|[from]move: U-turn\n|-damage|p2a: Tornadus|75\/100|[from] Stealth Rock\n|\n|upkeep\n|turn|7\n|\n|switch|p1a: Tapu Koko|Tapu Koko|88\/100\n|-fieldstart|move: Electric Terrain|[from] ability: Electric Surge|[of] p1a: Tapu Koko\n|move|p2a: Tornadus|Acrobatics|p1a: Tapu Koko\n|-resisted|p1a: Tapu Koko\n|-damage|p1a: Tapu Koko|53\/100\n|\n|upkeep\n|turn|8\n|\n|switch|p2a: Ditto|Ditto|100\/100\n|-damage|p2a: Ditto|88\/100|[from] Stealth Rock\n|-transform|p2a: Ditto|p1a: Tapu Koko|[from] ability: Imposter\n|move|p1a: Tapu Koko|Wild Charge|p2a: Ditto\n|-resisted|p2a: Ditto\n|-damage|p2a: Ditto|46\/100\n|-damage|p1a: Tapu Koko|42\/100|[from] Recoil\n|\n|upkeep\n|turn|9\n|\n|switch|p1a: Tangrowth|Tangrowth, F|81\/100\n|move|p2a: Ditto|Iron Head|p1a: Tangrowth\n|-damage|p1a: Tangrowth|67\/100\n|-damage|p2a: Ditto|29\/100|[from] item: Rocky Helmet|[of] p1a: Tangrowth\n|\n|upkeep\n|turn|10\n|\n|switch|p2a: Empoleon|Empoleon, M|100\/100\n|-damage|p2a: Empoleon|94\/100|[from] Stealth Rock\n|switch|p1a: Tapu Koko|Tapu Koko|42\/100\n|\n|-heal|p2a: Empoleon|100\/100|[from] item: Leftovers\n|upkeep\n|turn|11\n|\n|switch|p2a: Ditto|Ditto|29\/100\n|-damage|p2a: Ditto|17\/100|[from] Stealth Rock\n|-transform|p2a: Ditto|p1a: Tapu Koko|[from] ability: Imposter\n|move|p1a: Tapu Koko|Wild Charge|p2a: Ditto\n|-resisted|p2a: Ditto\n|-damage|p2a: Ditto|0 fnt\n|-damage|p1a: Tapu Koko|38\/100|[from] Recoil\n|faint|p2a: Ditto\n|\n|-fieldend|move: Electric Terrain\n|upkeep\n|\n|switch|p2a: Beedrill|Beedrill-Mega, M|59\/100\n|-damage|p2a: Beedrill|34\/100|[from] Stealth Rock\n|turn|12\n|\n|switch|p1a: Tangrowth|Tangrowth, F|99\/100\n|move|p2a: Beedrill|Drill Run|p1a: Tangrowth\n|-resisted|p1a: Tangrowth\n|-damage|p1a: Tangrowth|92\/100\n|-damage|p2a: Beedrill|18\/100|[from] item: Rocky Helmet|[of] p1a: Tangrowth\n|\n|upkeep\n|turn|13\n|\n|move|p2a: Beedrill|Poison Jab|p1a: Tangrowth\n|-supereffective|p1a: Tangrowth\n|-damage|p1a: Tangrowth|24\/100\n|-damage|p2a: Beedrill|1\/100|[from] item: Rocky Helmet|[of] p1a: Tangrowth\n|move|p1a: Tangrowth|Knock Off|p2a: Beedrill\n|-damage|p2a: Beedrill|0 fnt\n|faint|p2a: Beedrill\n|\n|upkeep\n|\n|switch|p2a: Tornadus|Tornadus-Therian, M|100\/100\n|-damage|p2a: Tornadus|75\/100|[from] Stealth Rock\n|turn|14\n|\n|move|p2a: Tornadus|Knock Off|p1a: Tangrowth\n|-damage|p1a: Tangrowth|10\/100\n|-damage|p2a: Tornadus|59\/100|[from] item: Rocky Helmet|[of] p1a: Tangrowth\n|-enditem|p1a: Tangrowth|Rocky Helmet|[from] move: Knock Off|[of] p2a: Tornadus\n|move|p1a: Tangrowth|Toxic|p2a: Tornadus\n|-status|p2a: Tornadus|tox\n|\n|-damage|p2a: Tornadus|53\/100 tox|[from] psn\n|upkeep\n|turn|15\n|\n|switch|p1a: Chansey|Chansey, F|100\/100\n|move|p2a: Tornadus|Heat Wave|p1a: Chansey|[miss]\n|-miss|p2a: Tornadus|p1a: Chansey\n|\n|-damage|p2a: Tornadus|41\/100 tox|[from] psn\n|upkeep\n|turn|16\n|\n|switch|p1a: Tangrowth|Tangrowth, F|43\/100\n|move|p2a: Tornadus|Knock Off|p1a: Tangrowth\n|-damage|p1a: Tangrowth|33\/100\n|\n|-damage|p2a: Tornadus|23\/100 tox|[from] psn\n|upkeep\n|turn|17\n|\n|move|p2a: Tornadus|Acrobatics|p1a: Tangrowth\n|-supereffective|p1a: Tangrowth\n|-damage|p1a: Tangrowth|0 fnt\n|faint|p1a: Tangrowth\n|\n|-damage|p2a: Tornadus|0 fnt|[from] psn\n|faint|p2a: Tornadus\n|upkeep\n|\n|switch|p2a: Empoleon|Empoleon, M|100\/100\n|switch|p1a: Tapu Koko|Tapu Koko|38\/100\n|-fieldstart|move: Electric Terrain|[from] ability: Electric Surge|[of] p1a: Tapu Koko\n|-damage|p2a: Empoleon|94\/100|[from] Stealth Rock\n|turn|18\n|\n|move|p1a: Tapu Koko|Wild Charge|p2a: Empoleon\n|-supereffective|p2a: Empoleon\n|-damage|p2a: Empoleon|0 fnt\n|-damage|p1a: Tapu Koko|7\/100|[from] Recoil\n|faint|p2a: Empoleon\n|\n|upkeep\n|\n|switch|p2a: Chansey|Chansey, F|100\/100\n|-damage|p2a: Chansey|88\/100|[from] Stealth Rock\n|turn|19\n|\n|move|p1a: Tapu Koko|Wild Charge|p2a: Chansey\n|-damage|p2a: Chansey|50\/100\n|-damage|p1a: Tapu Koko|0 fnt|[from] Recoil\n|faint|p1a: Tapu Koko\n|move|p2a: Chansey|Toxic|p1: Tapu Koko|[notarget]\n|-fail|p2a: Chansey\n|\n|upkeep\n|\n|switch|p1a: Durant|Durant, F|100\/100\n|turn|20\n|\n|-zpower|p1a: Durant\n|move|p1a: Durant|All-Out Pummeling|p2a: Chansey|[zeffect]\n|-supereffective|p2a: Chansey\n|-damage|p2a: Chansey|0 fnt\n|faint|p2a: Chansey\n|\n|win|Jessy y James\n|raw|Jessy y James's rating: 1406 &rarr; <strong>1422<\/strong><br \/>(+16 for winning)\n|raw|Lord cube's rating: 1342 &rarr; <strong>1326<\/strong><br \/>(-16 for losing)\n|l|\u2606Lord cube\n","uploadtime":1565414687,"views":11,"p1id":"jessyyjames","p2id":"lordcube","formatid":"gen7ou","rating":1326,"private":0,"password":null}