{"id":"gen7ou-851729030","p1":"T Swizzle Heat","p2":"Kaylss","format":"gen7ou","log":"|j|\u2606T Swizzle Heat\n|j|\u2606Kaylss\n|player|p1|T Swizzle Heat|37\n|player|p2|Kaylss|138\n|teamsize|p1|6\n|teamsize|p2|6\n|gametype|singles\n|gen|7\n|tier|[Gen 7] OU\n|rated|\n|rule|Sleep Clause Mod: Limit one foe put to sleep\n|rule|Species Clause: Limit one of each Pok\u00e9mon\n|rule|OHKO Clause: OHKO moves are banned\n|rule|Moody Clause: Moody is banned\n|rule|Evasion Moves Clause: Evasion moves are banned\n|rule|Endless Battle Clause: Forcing endless battles is banned\n|rule|HP Percentage Mod: HP is shown in percentages\n|clearpoke\n|poke|p1|Medicham, F|item\n|poke|p1|Tapu Koko|item\n|poke|p1|Hawlucha, M|item\n|poke|p1|Tapu Bulu|item\n|poke|p1|Magearna|item\n|poke|p1|Landorus-Therian, M|item\n|poke|p2|Lopunny, M|item\n|poke|p2|Magearna|item\n|poke|p2|Landorus-Therian, M|item\n|poke|p2|Zygarde-10%|item\n|poke|p2|Greninja, M|item\n|poke|p2|Tornadus-Therian, M|item\n|teampreview\n|c|\u2606Kaylss|\/log Kaylss made this room hidden.\n|\n|start\n|switch|p1a: Tapu Bulu|Tapu Bulu|100\/100\n|switch|p2a: Magearna|Magearna|100\/100\n|-fieldstart|move: Grassy Terrain|[from] ability: Grassy Surge|[of] p1a: Tapu Bulu\n|turn|1\n|\n|switch|p1a: Magearna|Magearna|100\/100\n|switch|p2a: Tornadus|Tornadus-Therian, M|100\/100\n|\n|upkeep\n|turn|2\n|\n|move|p2a: Tornadus|Knock Off|p1a: Magearna\n|-resisted|p1a: Magearna\n|-damage|p1a: Magearna|94\/100\n|move|p1a: Magearna|Thunderbolt|p2a: Tornadus\n|-supereffective|p2a: Tornadus\n|-damage|p2a: Tornadus|35\/100\n|-status|p2a: Tornadus|par\n|\n|-heal|p1a: Magearna|99\/100|[from] Grassy Terrain\n|upkeep\n|turn|3\n|\n|switch|p2a: Magearna|Magearna|100\/100\n|move|p1a: Magearna|Ice Beam|p2a: Magearna\n|-resisted|p2a: Magearna\n|-damage|p2a: Magearna|94\/100\n|-status|p2a: Magearna|frz\n|\n|-heal|p1a: Magearna|100\/100|[from] Grassy Terrain\n|-heal|p2a: Magearna|99\/100 frz|[from] Grassy Terrain\n|upkeep\n|turn|4\n|\n|switch|p1a: Landorus|Landorus-Therian, M|100\/100\n|-ability|p1a: Landorus|Intimidate|boost\n|-unboost|p2a: Magearna|atk|1\n|cant|p2a: Magearna|frz\n|\n|-heal|p2a: Magearna|100\/100 frz|[from] Grassy Terrain\n|upkeep\n|turn|5\n|\n|move|p1a: Landorus|Stealth Rock|p2a: Magearna\n|-sidestart|p2: Kaylss|move: Stealth Rock\n|-curestatus|p2a: Magearna|frz|[msg]\n|move|p2a: Magearna|Ice Beam|p1a: Landorus\n|-supereffective|p1a: Landorus\n|-damage|p1a: Landorus|0 fnt\n|faint|p1a: Landorus\n|-ability|p2a: Magearna|Soul-Heart|boost\n|-boost|p2a: Magearna|spa|1\n|\n|-fieldend|move: Grassy Terrain\n|upkeep\n|\n|switch|p1a: Medicham|Medicham, F|100\/100\n|turn|6\n|\n|switch|p2a: Tornadus|Tornadus-Therian, M|68\/100 par\n|-damage|p2a: Tornadus|43\/100 par|[from] Stealth Rock\n|detailschange|p1a: Medicham|Medicham-Mega, F\n|-mega|p1a: Medicham|Medicham|Medichamite\n|move|p1a: Medicham|High Jump Kick|p2a: Tornadus|[miss]\n|-miss|p1a: Medicham|p2a: Tornadus\n|-damage|p1a: Medicham|51\/100|[from] High Jump Kick\n|\n|upkeep\n|turn|7\n|\n|switch|p2a: Greninja|Greninja, M|100\/100\n|-damage|p2a: Greninja|88\/100|[from] Stealth Rock\n|move|p1a: Medicham|Ice Punch|p2a: Greninja\n|-resisted|p2a: Greninja\n|-damage|p2a: Greninja|53\/100\n|\n|upkeep\n|turn|8\n|\n|switch|p1a: Tapu Bulu|Tapu Bulu|100\/100\n|-fieldstart|move: Grassy Terrain|[from] ability: Grassy Surge|[of] p1a: Tapu Bulu\n|move|p2a: Greninja|Spikes|p1a: Tapu Bulu\n|-sidestart|p1: T Swizzle Heat|Spikes\n|\n|-heal|p2a: Greninja|59\/100|[from] Grassy Terrain\n|upkeep\n|turn|9\n|\n|switch|p2a: Tornadus|Tornadus-Therian, M|77\/100 par\n|-damage|p2a: Tornadus|52\/100 par|[from] Stealth Rock\n|move|p1a: Tapu Bulu|Horn Leech|p2a: Tornadus\n|-resisted|p2a: Tornadus\n|-damage|p2a: Tornadus|28\/100 par\n|-damage|p1a: Tapu Bulu|84\/100|[from] item: Rocky Helmet|[of] p2a: Tornadus\n|\n|-heal|p1a: Tapu Bulu|90\/100|[from] item: Leftovers\n|-heal|p1a: Tapu Bulu|96\/100|[from] Grassy Terrain\n|upkeep\n|turn|10\n|\n|switch|p1a: Tapu Koko|Tapu Koko|100\/100\n|-damage|p1a: Tapu Koko|88\/100|[from] Spikes\n|-fieldstart|move: Electric Terrain|[from] ability: Electric Surge|[of] p1a: Tapu Koko\n|switch|p2a: Zygarde|Zygarde-10%|100\/100\n|-damage|p2a: Zygarde|94\/100|[from] Stealth Rock\n|-ability|p2a: Zygarde|Aura Break\n|\n|upkeep\n|turn|11\n|\n|switch|p2a: Magearna|Magearna|100\/100\n|-damage|p2a: Magearna|94\/100|[from] Stealth Rock\n|move|p1a: Tapu Koko|Hidden Power|p2a: Magearna\n|-resisted|p2a: Magearna\n|-damage|p2a: Magearna|89\/100\n|\n|upkeep\n|turn|12\n|\n|switch|p1a: Tapu Bulu|Tapu Bulu|96\/100\n|-damage|p1a: Tapu Bulu|84\/100|[from] Spikes\n|-fieldstart|move: Grassy Terrain|[from] ability: Grassy Surge|[of] p1a: Tapu Bulu\n|move|p2a: Magearna|Volt Switch|p1a: Tapu Bulu\n|-resisted|p1a: Tapu Bulu\n|-damage|p1a: Tapu Bulu|74\/100\n|\n|switch|p2a: Tornadus|Tornadus-Therian, M|61\/100 par\n|-damage|p2a: Tornadus|36\/100 par|[from] Stealth Rock\n|\n|-heal|p1a: Tapu Bulu|80\/100|[from] item: Leftovers\n|-heal|p1a: Tapu Bulu|86\/100|[from] Grassy Terrain\n|upkeep\n|turn|13\n|\n|switch|p1a: Tapu Koko|Tapu Koko|88\/100\n|-damage|p1a: Tapu Koko|76\/100|[from] Spikes\n|-fieldstart|move: Electric Terrain|[from] ability: Electric Surge|[of] p1a: Tapu Koko\n|move|p2a: Tornadus|Hurricane|p1a: Tapu Koko\n|-resisted|p1a: Tapu Koko\n|-damage|p1a: Tapu Koko|45\/100\n|\n|upkeep\n|turn|14\n|\n|switch|p2a: Magearna|Magearna|89\/100\n|-damage|p2a: Magearna|83\/100|[from] Stealth Rock\n|move|p1a: Tapu Koko|Thunderbolt|p2a: Magearna\n|-damage|p2a: Magearna|45\/100\n|\n|upkeep\n|turn|15\n|\n|switch|p2a: Zygarde|Zygarde-10%|94\/100\n|-damage|p2a: Zygarde|88\/100|[from] Stealth Rock\n|-ability|p2a: Zygarde|Aura Break\n|move|p1a: Tapu Koko|Thunderbolt|p2a: Zygarde\n|-immune|p2a: Zygarde\n|\n|upkeep\n|turn|16\n|\n|switch|p1a: Tapu Bulu|Tapu Bulu|86\/100\n|-damage|p1a: Tapu Bulu|74\/100|[from] Spikes\n|-fieldstart|move: Grassy Terrain|[from] ability: Grassy Surge|[of] p1a: Tapu Bulu\n|move|p2a: Zygarde|Iron Tail|p1a: Tapu Bulu\n|-supereffective|p1a: Tapu Bulu\n|-damage|p1a: Tapu Bulu|0 fnt\n|faint|p1a: Tapu Bulu\n|\n|-heal|p2a: Zygarde|94\/100|[from] Grassy Terrain\n|upkeep\n|\n|switch|p1a: Tapu Koko|Tapu Koko|45\/100\n|-damage|p1a: Tapu Koko|33\/100|[from] Spikes\n|-fieldstart|move: Electric Terrain|[from] ability: Electric Surge|[of] p1a: Tapu Koko\n|turn|17\n|\n|switch|p2a: Tornadus|Tornadus-Therian, M|69\/100 par\n|-damage|p2a: Tornadus|44\/100 par|[from] Stealth Rock\n|move|p1a: Tapu Koko|Dazzling Gleam|p2a: Tornadus\n|-damage|p2a: Tornadus|0 fnt\n|faint|p2a: Tornadus\n|\n|upkeep\n|\n|switch|p2a: Landorus|Landorus-Therian, M|100\/100\n|-damage|p2a: Landorus|88\/100|[from] Stealth Rock\n|-ability|p2a: Landorus|Intimidate|boost\n|-unboost|p1a: Tapu Koko|atk|1\n|turn|18\n|\n|move|p1a: Tapu Koko|Dazzling Gleam|p2a: Landorus\n|-damage|p2a: Landorus|38\/100\n|move|p2a: Landorus|Earthquake|p1a: Tapu Koko\n|-supereffective|p1a: Tapu Koko\n|-damage|p1a: Tapu Koko|0 fnt\n|faint|p1a: Tapu Koko\n|\n|upkeep\n|\n|switch|p1a: Hawlucha|Hawlucha, M|100\/100\n|-enditem|p1a: Hawlucha|Electric Seed\n|-boost|p1a: Hawlucha|def|1\n|turn|19\n|\n|move|p1a: Hawlucha|Swords Dance|p1a: Hawlucha\n|-boost|p1a: Hawlucha|atk|2\n|-zpower|p2a: Landorus\n|move|p2a: Landorus|Supersonic Skystrike|p1a: Hawlucha|[zeffect]\n|-supereffective|p1a: Hawlucha\n|-damage|p1a: Hawlucha|0 fnt\n|faint|p1a: Hawlucha\n|\n|upkeep\n|\n|switch|p1a: Medicham|Medicham-Mega, F|51\/100\n|-damage|p1a: Medicham|38\/100|[from] Spikes\n|turn|20\n|\n|switch|p2a: Magearna|Magearna|45\/100\n|-damage|p2a: Magearna|39\/100|[from] Stealth Rock\n|move|p1a: Medicham|Ice Punch|p2a: Magearna\n|-resisted|p2a: Magearna\n|-crit|p2a: Magearna\n|-damage|p2a: Magearna|12\/100\n|\n|upkeep\n|turn|21\n|\n|switch|p1a: Magearna|Magearna|100\/100\n|-damage|p1a: Magearna|88\/100|[from] Spikes\n|move|p2a: Magearna|Volt Switch|p1a: Magearna\n|-damage|p1a: Magearna|56\/100\n|\n|switch|p2a: Zygarde|Zygarde-10%|94\/100\n|-damage|p2a: Zygarde|88\/100|[from] Stealth Rock\n|-ability|p2a: Zygarde|Aura Break\n|\n|-fieldend|move: Electric Terrain\n|upkeep\n|turn|22\n|-message|T Swizzle Heat forfeited.\n|\n|win|Kaylss\n|l|\u2606T Swizzle Heat\n|raw|T Swizzle Heat's rating: 1517 &rarr; <strong>1499<\/strong><br \/>(-18 for losing)\n|raw|Kaylss's rating: 1538 &rarr; <strong>1557<\/strong><br \/>(+19 for winning)\n|c|\u2606Kaylss|\/log Kaylss made this room public.\n","uploadtime":1548043077,"views":26,"p1id":"tswizzleheat","p2id":"kaylss","formatid":"gen7ou","rating":1499,"private":0,"password":null}