{"id":"gen7ou-543784334","p1":"san\u2020ino","p2":"SMxVale","format":"gen7ou","log":"|j|san\u2020ino\n|j|SMxVale\n|player|p1|san\u2020ino|165\n|player|p2|SMxVale|151\n|gametype|singles\n|gen|7\n|tier|[Gen 7] OU\n|rated\n|seed|32925,1642,52704,64907\n|clearpoke\n|poke|p1|Mawile, F|item\n|poke|p1|Landorus-Therian, M|item\n|poke|p1|Volcarona, M|item\n|poke|p1|Greninja, F|item\n|poke|p1|Tangrowth, F|item\n|poke|p1|Latias, F|item\n|poke|p2|Greninja, M|item\n|poke|p2|Tapu Bulu|item\n|poke|p2|Landorus-Therian, M|item\n|poke|p2|Heatran, M|item\n|poke|p2|Muk-Alola, F|item\n|poke|p2|Zapdos|item\n|rule|Baton Pass Clause: Limit one Baton Passer, can't pass Spe and other stats simultaneously\n|rule|Sleep Clause Mod: Limit one foe put to sleep\n|rule|Species Clause: Limit one of each Pok\u00e9mon\n|rule|OHKO Clause: OHKO moves are banned\n|rule|Moody Clause: Moody is banned\n|rule|Evasion Moves Clause: Evasion moves are banned\n|rule|Endless Battle Clause: Forcing endless battles is banned\n|rule|HP Percentage Mod: HP is shown in percentages\n|teampreview\n|j|ecarlate\n|choice|team 2, team 1, team 3, team 4, team 5, team 6|team 1, team 2, team 3, team 4, team 5, team 6\n|\n|start\n|switch|p1a: Landorus|Landorus-Therian, M|382\/382\n|switch|p2a: Greninja|Greninja, M|285\/285\n|-ability|p1a: Landorus|Intimidate|boost\n|-unboost|p2a: Greninja|atk|1\n|turn|1\n|choice|switch 5|move hydropump\n|\n|switch|p1a: Tangrowth|Tangrowth, F|404\/404\n|move|p2a: Greninja|Hydro Pump|p1a: Tangrowth\n|-resisted|p1a: Tangrowth\n|-damage|p1a: Tangrowth|320\/404\n|\n|upkeep\n|turn|2\n|choice|move knockoff|switch 4\n|\n|switch|p2a: Heatran|Heatran, M|386\/386\n|move|p1a: Tangrowth|Knock Off|p2a: Heatran\n|-damage|p2a: Heatran|311\/386\n|-enditem|p2a: Heatran|Leftovers|[from] move: Knock Off|[of] p1a: Tangrowth\n|\n|upkeep\n|turn|3\n|choice|move earthquake|move stealthrock\n|\n|move|p2a: Heatran|Stealth Rock|p1a: Tangrowth\n|-sidestart|p1: san\u2020ino|move: Stealth Rock\n|move|p1a: Tangrowth|Earthquake|p2a: Heatran\n|-supereffective|p2a: Heatran\n|-damage|p2a: Heatran|35\/386\n|\n|upkeep\n|turn|4\n|choice|switch 6|move toxic\n|\n|switch|p1a: Latias|Latias, F|301\/301\n|-damage|p1a: Latias|264\/301|[from] Stealth Rock\n|move|p2a: Heatran|Toxic|p1a: Latias\n|-status|p1a: Latias|tox\n|\n|-damage|p1a: Latias|246\/301 tox|[from] psn\n|upkeep\n|turn|5\n|choice|move defog|move stealthrock\n|\n|move|p1a: Latias|Defog|p2a: Heatran\n|-unboost|p2a: Heatran|evasion|1\n|-sideend|p1: san\u2020ino|Stealth Rock|[from] move: Defog|[of] p1a: Latias\n|move|p2a: Heatran|Stealth Rock|p1a: Latias\n|-sidestart|p1: san\u2020ino|move: Stealth Rock\n|\n|-damage|p1a: Latias|210\/301 tox|[from] psn\n|upkeep\n|turn|6\n|choice|move psyshock|move stealthrock\n|\n|move|p1a: Latias|Psyshock|p2a: Heatran\n|-resisted|p2a: Heatran\n|-damage|p2a: Heatran|0 fnt\n|faint|p2a: Heatran\n|\n|-damage|p1a: Latias|156\/301 tox|[from] psn\n|upkeep\n|choice||switch 3\n|\n|switch|p2a: Landorus|Landorus-Therian, M|319\/319\n|-ability|p2a: Landorus|Intimidate|boost\n|-unboost|p1a: Latias|atk|1\n|turn|7\n|choice|switch 5|move uturn\n|\n|switch|p1a: Landorus|Landorus-Therian, M|382\/382\n|-damage|p1a: Landorus|335\/382|[from] Stealth Rock\n|-ability|p1a: Landorus|Intimidate|boost\n|-unboost|p2a: Landorus|atk|1\n|move|p2a: Landorus|U-turn|p1a: Landorus\n|-resisted|p1a: Landorus\n|-damage|p1a: Landorus|308\/382\n|-damage|p2a: Landorus|266\/319|[from] item: Rocky Helmet|[of] p1a: Landorus\n|choice||switch 4\n|\n|switch|p2a: Greninja|Greninja, M|285\/285\n|\n|upkeep\n|turn|8\n|choice|switch 4|move uturn\n|\n|switch|p1a: Greninja|Greninja, F|285\/285\n|-damage|p1a: Greninja|250\/285|[from] Stealth Rock\n|move|p2a: Greninja|U-turn|p1a: Greninja\n|-supereffective|p1a: Greninja\n|-damage|p1a: Greninja|118\/285\n|choice||switch 5\n|\n|switch|p2a: Muk|Muk-Alola, F|413\/413\n|\n|upkeep\n|turn|9\n|choice|move uturn|move pursuit\n|\n|move|p1a: Greninja|U-turn|p2a: Muk\n|-damage|p2a: Muk|349\/413\n|choice|switch 4|\n|\n|-activate|p1a: Greninja|move: Pursuit\n|move|p2a: Muk|Pursuit|p1a: Greninja|[from]Pursuit\n|-resisted|p1a: Greninja\n|-damage|p1a: Greninja|19\/285\n|-status|p1a: Greninja|psn|[from] ability: Poison Touch|[of] p2a: Muk\n|switch|p1a: Landorus|Landorus-Therian, M|308\/382\n|-damage|p1a: Landorus|261\/382|[from] Stealth Rock\n|-ability|p1a: Landorus|Intimidate|boost\n|-unboost|p2a: Muk|atk|1\n|\n|upkeep\n|turn|10\n|choice|move hiddenpower|switch 2\n|\n|switch|p2a: Tapu Bulu|Tapu Bulu|311\/311\n|-fieldstart|move: Grassy Terrain|[from] ability: Grassy Surge|[of] p2a: Tapu Bulu\n|move|p1a: Landorus|Hidden Power|p2a: Tapu Bulu\n|-supereffective|p2a: Tapu Bulu\n|-damage|p2a: Tapu Bulu|223\/311\n|\n|-heal|p2a: Tapu Bulu|242\/311|[from] item: Leftovers\n|-heal|p2a: Tapu Bulu|261\/311|[from] Grassy Terrain\n|upkeep\n|turn|11\n|choice|move hiddenpower|move stoneedge\n|\n|move|p2a: Tapu Bulu|Stone Edge|p1a: Landorus\n|-damage|p1a: Landorus|165\/382\n|move|p1a: Landorus|Hidden Power|p2a: Tapu Bulu\n|-supereffective|p2a: Tapu Bulu\n|-damage|p2a: Tapu Bulu|175\/311\n|\n|-heal|p2a: Tapu Bulu|194\/311|[from] item: Leftovers\n|-heal|p2a: Tapu Bulu|213\/311|[from] Grassy Terrain\n|upkeep\n|turn|12\n|choice|move hiddenpower|move leechseed\n|\n|move|p1a: Landorus|Hidden Power|p2a: Tapu Bulu\n|-supereffective|p2a: Tapu Bulu\n|-damage|p2a: Tapu Bulu|123\/311\n|move|p2a: Tapu Bulu|Leech Seed|p1a: Landorus\n|-start|p1a: Landorus|move: Leech Seed\n|\n|-heal|p2a: Tapu Bulu|142\/311|[from] item: Leftovers\n|-heal|p2a: Tapu Bulu|161\/311|[from] Grassy Terrain\n|-damage|p1a: Landorus|118\/382|[from] Leech Seed|[of] p2a: Tapu Bulu\n|-heal|p2a: Tapu Bulu|208\/311|[silent]\n|upkeep\n|turn|13\n|choice|move uturn|move substitute\n|\n|move|p1a: Landorus|U-turn|p2a: Tapu Bulu\n|-damage|p2a: Tapu Bulu|139\/311\n|choice|switch 2|\n|\n|switch|p1a: Mawile|Mawile, F|304\/304\n|-damage|p1a: Mawile|285\/304|[from] Stealth Rock\n|-ability|p1a: Mawile|Intimidate|boost\n|-unboost|p2a: Tapu Bulu|atk|1\n|move|p2a: Tapu Bulu|Substitute|p2a: Tapu Bulu\n|-start|p2a: Tapu Bulu|Substitute\n|-damage|p2a: Tapu Bulu|62\/311\n|\n|-heal|p2a: Tapu Bulu|81\/311|[from] item: Leftovers\n|-heal|p2a: Tapu Bulu|100\/311|[from] Grassy Terrain\n|-heal|p1a: Mawile|304\/304|[from] Grassy Terrain\n|upkeep\n|turn|14\n|choice|move ironhead mega|move leechseed\n|\n|detailschange|p1a: Mawile|Mawile-Mega, F\n|-mega|p1a: Mawile|Mawile|Mawilite\n|move|p2a: Tapu Bulu|Leech Seed|p1a: Mawile\n|-start|p1a: Mawile|move: Leech Seed\n|move|p1a: Mawile|Iron Head|p2a: Tapu Bulu\n|-supereffective|p2a: Tapu Bulu\n|-crit|p2a: Tapu Bulu\n|-end|p2a: Tapu Bulu|Substitute\n|\n|-heal|p2a: Tapu Bulu|119\/311|[from] item: Leftovers\n|-heal|p2a: Tapu Bulu|138\/311|[from] Grassy Terrain\n|-fieldend|move: Grassy Terrain\n|-damage|p1a: Mawile|266\/304|[from] Leech Seed|[of] p2a: Tapu Bulu\n|-heal|p2a: Tapu Bulu|176\/311|[silent]\n|upkeep\n|turn|15\n|choice|move ironhead|move substitute\n|\n|move|p2a: Tapu Bulu|Substitute|p2a: Tapu Bulu\n|-start|p2a: Tapu Bulu|Substitute\n|-damage|p2a: Tapu Bulu|99\/311\n|move|p1a: Mawile|Iron Head|p2a: Tapu Bulu\n|-supereffective|p2a: Tapu Bulu\n|-end|p2a: Tapu Bulu|Substitute\n|\n|-heal|p2a: Tapu Bulu|118\/311|[from] item: Leftovers\n|-damage|p1a: Mawile|228\/304|[from] Leech Seed|[of] p2a: Tapu Bulu\n|-heal|p2a: Tapu Bulu|156\/311|[silent]\n|upkeep\n|turn|16\n|choice|move ironhead|switch 6\n|\n|switch|p2a: Zapdos|Zapdos|383\/383\n|-ability|p2a: Zapdos|Pressure\n|move|p1a: Mawile|Iron Head|p2a: Zapdos\n|-resisted|p2a: Zapdos\n|-damage|p2a: Zapdos|274\/383\n|\n|-heal|p2a: Zapdos|297\/383|[from] item: Leftovers\n|-damage|p1a: Mawile|190\/304|[from] Leech Seed|[of] p2a: Zapdos\n|-heal|p2a: Zapdos|335\/383|[silent]\n|upkeep\n|turn|17\n|choice|switch 5|move discharge\n|\n|switch|p1a: Latias|Latias, F|156\/301 tox\n|-damage|p1a: Latias|119\/301 tox|[from] Stealth Rock\n|move|p2a: Zapdos|Discharge|p1a: Latias\n|-resisted|p1a: Latias\n|-damage|p1a: Latias|71\/301 tox\n|\n|-heal|p2a: Zapdos|358\/383|[from] item: Leftovers\n|-damage|p1a: Latias|53\/301 tox|[from] psn\n|upkeep\n|turn|18\n|choice|move defog|switch 5\n|\n|switch|p2a: Greninja|Greninja, M|285\/285\n|move|p1a: Latias|Defog|p2a: Greninja\n|-unboost|p2a: Greninja|evasion|1\n|-sideend|p1: san\u2020ino|Stealth Rock|[from] move: Defog|[of] p1a: Latias\n|\n|-damage|p1a: Latias|17\/301 tox|[from] psn\n|upkeep\n|turn|19\n|choice|switch 6|move uturn\n|\n|switch|p1a: Tangrowth|Tangrowth, F|404\/404\n|move|p2a: Greninja|U-turn|p1a: Tangrowth\n|-supereffective|p1a: Tangrowth\n|-damage|p1a: Tangrowth|322\/404\n|choice||switch 2\n|\n|switch|p2a: Muk|Muk-Alola, F|349\/413\n|\n|upkeep\n|turn|20\n|choice|move earthquake|move poisonjab\n|\n|move|p2a: Muk|Poison Jab|p1a: Tangrowth\n|-supereffective|p1a: Tangrowth\n|-damage|p1a: Tangrowth|80\/404\n|move|p1a: Tangrowth|Earthquake|p2a: Muk\n|-supereffective|p2a: Muk\n|-damage|p2a: Muk|157\/413\n|\n|upkeep\n|turn|21\n|choice|move earthquake|move knockoff\n|\n|move|p2a: Muk|Knock Off|p1a: Tangrowth\n|-damage|p1a: Tangrowth|0 fnt\n|-enditem|p1a: Tangrowth|Assault Vest|[from] move: Knock Off|[of] p2a: Muk\n|faint|p1a: Tangrowth\n|\n|upkeep\n|choice|switch 5|\n|\n|switch|p1a: Mawile|Mawile-Mega, F|190\/304\n|turn|22\n|choice|move substitute|move shadowsneak\n|\n|move|p2a: Muk|Shadow Sneak|p1a: Mawile\n|-damage|p1a: Mawile|155\/304\n|move|p1a: Mawile|Substitute|p1a: Mawile\n|-start|p1a: Mawile|Substitute\n|-damage|p1a: Mawile|79\/304\n|\n|upkeep\n|turn|23\n|choice|move ironhead|move shadowsneak\n|\n|move|p2a: Muk|Shadow Sneak|p1a: Mawile\n|-activate|p1a: Mawile|move: Substitute|[damage]\n|move|p1a: Mawile|Iron Head|p2a: Muk\n|-damage|p2a: Muk|0 fnt\n|faint|p2a: Muk\n|\n|upkeep\n|choice||switch 5\n|\n|switch|p2a: Zapdos|Zapdos|358\/383\n|-ability|p2a: Zapdos|Pressure\n|turn|24\n|choice|move playrough|move heatwave\n|\n|move|p2a: Zapdos|Heat Wave|p1a: Mawile\n|-supereffective|p1a: Mawile\n|-end|p1a: Mawile|Substitute\n|move|p1a: Mawile|Play Rough|p2a: Zapdos\n|-damage|p2a: Zapdos|129\/383\n|\n|-heal|p2a: Zapdos|152\/383|[from] item: Leftovers\n|upkeep\n|turn|25\n|choice|move playrough|move heatwave\n|\n|move|p2a: Zapdos|Heat Wave|p1a: Mawile\n|-supereffective|p1a: Mawile\n|-damage|p1a: Mawile|0 fnt\n|faint|p1a: Mawile\n|\n|-heal|p2a: Zapdos|175\/383|[from] item: Leftovers\n|upkeep\n|choice|switch 3|\n|\n|switch|p1a: Volcarona|Volcarona, M|311\/311\n|turn|26\n|choice|move quiverdance|switch 4\n|\n|switch|p2a: Landorus|Landorus-Therian, M|266\/319\n|-ability|p2a: Landorus|Intimidate|boost\n|-unboost|p1a: Volcarona|atk|1\n|move|p1a: Volcarona|Quiver Dance|p1a: Volcarona\n|-boost|p1a: Volcarona|spa|1\n|-boost|p1a: Volcarona|spd|1\n|-boost|p1a: Volcarona|spe|1\n|\n|upkeep\n|turn|27\n|choice|move hurricane zmove|move stoneedge\n|\n|-zpower|p1a: Volcarona\n|move|p1a: Volcarona|Supersonic Skystrike|p2a: Landorus|[zeffect]\n|-damage|p2a: Landorus|0 fnt\n|faint|p2a: Landorus\n|\n|upkeep\n|choice||switch 4\n|\n|switch|p2a: Zapdos|Zapdos|175\/383\n|-ability|p2a: Zapdos|Pressure\n|turn|28\n|choice|move fireblast|move discharge\n|\n|move|p1a: Volcarona|Fire Blast|p2a: Zapdos\n|-damage|p2a: Zapdos|0 fnt\n|faint|p2a: Zapdos\n|\n|upkeep\n|choice||switch 2\n|\n|switch|p2a: Greninja|Greninja, M|285\/285\n|turn|29\n|choice|move gigadrain|move hydropump\n|\n|move|p1a: Volcarona|Giga Drain|p2a: Greninja\n|-supereffective|p2a: Greninja\n|-crit|p2a: Greninja\n|-damage|p2a: Greninja|0 fnt\n|faint|p2a: Greninja\n|\n|upkeep\n|choice||switch 6\n|\n|switch|p2a: Tapu Bulu|Tapu Bulu|156\/311\n|-fieldstart|move: Grassy Terrain|[from] ability: Grassy Surge|[of] p2a: Tapu Bulu\n|turn|30\n|choice|move fireblast|move substitute\n|\n|move|p1a: Volcarona|Fire Blast|p2a: Tapu Bulu\n|-supereffective|p2a: Tapu Bulu\n|-damage|p2a: Tapu Bulu|0 fnt\n|faint|p2a: Tapu Bulu\n|\n|win|san\u2020ino\n|player|p1\n|player|p2\n|l|SMxVale\n|raw|san\u2020ino's rating: 1564 &rarr; <strong>1590<\/strong><br \/>(+26 for winning)\n|raw|SMxVale's rating: 1671 &rarr; <strong>1645<\/strong><br \/>(-26 for losing)","inputlog":null,"uploadtime":1488915244,"views":13,"p1id":"sanino","p2id":"smxvale","formatid":"gen7ou","rating":1590,"private":0,"password":null}