{"id":"gen7monotype-1539268622","p1":"prof darkness","p2":"Eclipse77","format":"gen7monotype","log":"|j|\u2606prof darkness\n|j|\u2606Eclipse77\n|inactive|Battle timer is ON: inactive players will automatically lose when time's up.\n|t:|1648312035\n|gametype|singles\n|player|p1|prof darkness|ash-kalos|\n|player|p2|Eclipse77|hilda-wonderlauncher|\n|teamsize|p1|6\n|teamsize|p2|6\n|gen|7\n|tier|[Gen 7] Monotype\n|rated|Tournament battle\n|rule|Same Type Clause: Pok\u00e9mon in a team must share a type\n|rule|Sleep Clause Mod: Limit one foe put to sleep\n|rule|Species Clause: Limit one of each Pok\u00e9mon\n|rule|OHKO Clause: OHKO moves are banned\n|rule|Moody Clause: Moody is banned\n|rule|Evasion Moves Clause: Evasion moves are banned\n|rule|Endless Battle Clause: Forcing endless battles is banned\n|rule|HP Percentage Mod: HP is shown in percentages\n|rule|Swagger Clause: Swagger is banned\n|clearpoke\n|poke|p1|Hydreigon, M|item\n|poke|p1|Sableye, M|item\n|poke|p1|Mandibuzz, F|item\n|poke|p1|Tyranitar, M|item\n|poke|p1|Muk-Alola, F|item\n|poke|p1|Greninja, M|item\n|poke|p2|Pelipper, M|item\n|poke|p2|Keldeo|item\n|poke|p2|Swampert, F|item\n|poke|p2|Greninja, F|item\n|poke|p2|Seismitoad, F|item\n|poke|p2|Toxapex, F|item\n|teampreview\n|j| Haruno Yukiryu\n|c|\u2606Eclipse77|hf\n|c|\u2606prof darkness|gl hf\n|\n|t:|1648312062\n|start\n|switch|p1a: Greninja|Greninja, M|100\/100\n|switch|p2a: Keldeo|Keldeo|100\/100\n|turn|1\n|inactive|prof darkness has 120 seconds left.\n|\n|t:|1648312099\n|move|p1a: Greninja|Gunk Shot|p2a: Keldeo\n|-start|p1a: Greninja|typechange|Poison|[from] ability: Protean\n|-damage|p2a: Keldeo|57\/100\n|move|p2a: Keldeo|Substitute|p2a: Keldeo\n|-start|p2a: Keldeo|Substitute\n|-damage|p2a: Keldeo|33\/100\n|\n|-heal|p2a: Keldeo|39\/100|[from] item: Leftovers\n|upkeep\n|turn|2\n|inactive|prof darkness has 120 seconds left.\n|inactive|Eclipse77 has 120 seconds left.\n|\n|t:|1648312115\n|switch|p2a: Toxapex|Toxapex, F|100\/100\n|move|p1a: Greninja|Gunk Shot|p2a: Toxapex|[miss]\n|-miss|p1a: Greninja|p2a: Toxapex\n|\n|upkeep\n|turn|3\n|\n|t:|1648312123\n|switch|p1a: Tyranitar|Tyranitar, M|100\/100\n|-weather|Sandstorm|[from] ability: Sand Stream|[of] p1a: Tyranitar\n|switch|p2a: Swampert|Swampert, F|100\/100\n|\n|-weather|Sandstorm|[upkeep]\n|upkeep\n|turn|4\n|inactive|Eclipse77 has 120 seconds left.\n|\n|t:|1648312140\n|detailschange|p2a: Swampert|Swampert-Mega, F\n|-mega|p2a: Swampert|Swampert|Swampertite\n|move|p2a: Swampert|Stone Edge|p1a: Tyranitar\n|-damage|p1a: Tyranitar|65\/100\n|move|p1a: Tyranitar|Stealth Rock|p2a: Swampert\n|-sidestart|p2: Eclipse77|move: Stealth Rock\n|\n|-weather|Sandstorm|[upkeep]\n|-heal|p1a: Tyranitar|72\/100|[from] item: Leftovers\n|upkeep\n|turn|5\n|\n|t:|1648312155\n|switch|p1a: Mandibuzz|Mandibuzz, F|100\/100\n|move|p2a: Swampert|Stone Edge|p1a: Mandibuzz\n|-supereffective|p1a: Mandibuzz\n|-crit|p1a: Mandibuzz\n|-damage|p1a: Mandibuzz|21\/100\n|\n|-weather|Sandstorm|[upkeep]\n|upkeep\n|turn|6\n|j| Bashmane\n|l| Bashmane\n|inactive|prof darkness has 120 seconds left.\n|\n|t:|1648312174\n|move|p2a: Swampert|Waterfall|p1a: Mandibuzz\n|-damage|p1a: Mandibuzz|0 fnt\n|-damage|p2a: Swampert|84\/100|[from] item: Rocky Helmet|[of] p1a: Mandibuzz\n|faint|p1a: Mandibuzz\n|\n|-weather|Sandstorm|[upkeep]\n|upkeep\n|\n|t:|1648312177\n|switch|p1a: Sableye|Sableye, M|100\/100\n|turn|7\n|j| pokechamp13\n|\n|t:|1648312182\n|switch|p2a: Toxapex|Toxapex, F|100\/100\n|-damage|p2a: Toxapex|88\/100|[from] Stealth Rock\n|move|p1a: Sableye|Will-O-Wisp|p2a: Toxapex\n|-status|p2a: Toxapex|brn\n|\n|-weather|none\n|-heal|p2a: Toxapex|94\/100 brn|[from] item: Black Sludge\n|-damage|p2a: Toxapex|88\/100 brn|[from] brn\n|upkeep\n|turn|8\n|\n|t:|1648312192\n|detailschange|p1a: Sableye|Sableye-Mega, M\n|-mega|p1a: Sableye|Sableye|Sablenite\n|move|p2a: Toxapex|Sludge Bomb|p1a: Sableye\n|-resisted|p1a: Sableye\n|-damage|p1a: Sableye|93\/100\n|move|p1a: Sableye|Knock Off|p2a: Toxapex\n|-damage|p2a: Toxapex|70\/100 brn\n|-enditem|p2a: Toxapex|Black Sludge|[from] move: Knock Off|[of] p1a: Sableye\n|\n|-damage|p2a: Toxapex|64\/100 brn|[from] brn\n|upkeep\n|turn|9\n|j| Maxxxnuel\n|inactive|Eclipse77 has 120 seconds left.\n|\n|t:|1648312228\n|switch|p2a: Greninja|Greninja, F|100\/100\n|-damage|p2a: Greninja|88\/100|[from] Stealth Rock\n|switch|p1a: Hydreigon|Hydreigon, M|100\/100\n|\n|upkeep\n|turn|10\n|\n|t:|1648312238\n|switch|p1a: Tyranitar|Tyranitar, M|72\/100\n|-weather|Sandstorm|[from] ability: Sand Stream|[of] p1a: Tyranitar\n|move|p2a: Greninja|Ice Beam|p1a: Tyranitar\n|-start|p2a: Greninja|typechange|Ice|[from] ability: Protean\n|-damage|p1a: Tyranitar|55\/100\n|\n|-weather|Sandstorm|[upkeep]\n|-damage|p2a: Greninja|82\/100|[from] Sandstorm\n|-heal|p1a: Tyranitar|61\/100|[from] item: Leftovers\n|upkeep\n|turn|11\n|j| fbhndnfg\n|\n|t:|1648312251\n|switch|p1a: Sableye|Sableye-Mega, M|93\/100\n|move|p2a: Greninja|Grass Knot|p1a: Sableye\n|-start|p2a: Greninja|typechange|Grass|[from] ability: Protean\n|-damage|p1a: Sableye|60\/100\n|\n|-weather|Sandstorm|[upkeep]\n|-damage|p2a: Greninja|76\/100|[from] Sandstorm\n|-damage|p1a: Sableye|54\/100|[from] Sandstorm\n|upkeep\n|turn|12\n|\n|t:|1648312264\n|move|p1a: Sableye|Protect|p1a: Sableye\n|-singleturn|p1a: Sableye|Protect\n|-zpower|p2a: Greninja\n|move|p2a: Greninja|Subzero Slammer|p1a: Sableye|[zeffect]\n|-start|p2a: Greninja|typechange|Ice|[from] ability: Protean\n|-crit|p1a: Sableye\n|-zbroken|p1a: Sableye\n|-damage|p1a: Sableye|30\/100\n|\n|-weather|Sandstorm|[upkeep]\n|-damage|p2a: Greninja|70\/100|[from] Sandstorm\n|-damage|p1a: Sableye|24\/100|[from] Sandstorm\n|upkeep\n|turn|13\n|\n|t:|1648312283\n|switch|p1a: Muk|Muk-Alola, F|100\/100\n|move|p2a: Greninja|Grass Knot|p1a: Muk\n|-start|p2a: Greninja|typechange|Grass|[from] ability: Protean\n|-resisted|p1a: Muk\n|-damage|p1a: Muk|90\/100\n|\n|-weather|Sandstorm|[upkeep]\n|-damage|p2a: Greninja|64\/100|[from] Sandstorm\n|-damage|p1a: Muk|84\/100|[from] Sandstorm\n|upkeep\n|turn|14\n|\n|t:|1648312291\n|switch|p2a: Toxapex|Toxapex, F|97\/100 brn\n|-damage|p2a: Toxapex|85\/100 brn|[from] Stealth Rock\n|move|p1a: Muk|Curse|p1a: Muk\n|-unboost|p1a: Muk|spe|1\n|-boost|p1a: Muk|atk|1\n|-boost|p1a: Muk|def|1\n|\n|-weather|none\n|-damage|p2a: Toxapex|78\/100 brn|[from] brn\n|upkeep\n|turn|15\n|\n|t:|1648312300\n|switch|p1a: Sableye|Sableye-Mega, M|24\/100\n|move|p2a: Toxapex|Haze|p2a: Toxapex\n|-clearallboost\n|\n|-damage|p2a: Toxapex|72\/100 brn|[from] brn\n|upkeep\n|turn|16\n|\n|t:|1648312306\n|switch|p2a: Pelipper|Pelipper, M|100\/100\n|-damage|p2a: Pelipper|76\/100|[from] Stealth Rock\n|-weather|RainDance|[from] ability: Drizzle|[of] p2a: Pelipper\n|move|p1a: Sableye|Recover|p1a: Sableye\n|-heal|p1a: Sableye|74\/100\n|\n|-weather|RainDance|[upkeep]\n|upkeep\n|turn|17\n|l| Maxxxnuel\n|\n|t:|1648312310\n|move|p2a: Pelipper|Hydro Pump|p1a: Sableye\n|-damage|p1a: Sableye|0 fnt\n|faint|p1a: Sableye\n|\n|-weather|RainDance|[upkeep]\n|upkeep\n|\n|t:|1648312316\n|switch|p1a: Hydreigon|Hydreigon, M|100\/100\n|turn|18\n|\n|t:|1648312332\n|switch|p2a: Keldeo|Keldeo|39\/100\n|-damage|p2a: Keldeo|33\/100|[from] Stealth Rock\n|move|p1a: Hydreigon|Dark Pulse|p2a: Keldeo\n|-resisted|p2a: Keldeo\n|-damage|p2a: Keldeo|8\/100\n|-ability|p2a: Keldeo|Justified|boost\n|-boost|p2a: Keldeo|atk|1\n|\n|-weather|RainDance|[upkeep]\n|-heal|p2a: Keldeo|14\/100|[from] item: Leftovers\n|upkeep\n|turn|19\n|\n|t:|1648312341\n|move|p2a: Keldeo|Secret Sword|p1a: Hydreigon\n|-supereffective|p1a: Hydreigon\n|-damage|p1a: Hydreigon|3\/100\n|move|p1a: Hydreigon|Dark Pulse|p2a: Keldeo\n|-resisted|p2a: Keldeo\n|-damage|p2a: Keldeo|0 fnt\n|faint|p2a: Keldeo\n|\n|-weather|RainDance|[upkeep]\n|upkeep\n|\n|t:|1648312347\n|switch|p2a: Swampert|Swampert-Mega, F|84\/100\n|-damage|p2a: Swampert|78\/100|[from] Stealth Rock\n|turn|20\n|\n|t:|1648312353\n|switch|p1a: Tyranitar|Tyranitar, M|61\/100\n|-weather|Sandstorm|[from] ability: Sand Stream|[of] p1a: Tyranitar\n|move|p2a: Swampert|Waterfall|p1a: Tyranitar\n|-supereffective|p1a: Tyranitar\n|-damage|p1a: Tyranitar|0 fnt\n|faint|p1a: Tyranitar\n|\n|-weather|Sandstorm|[upkeep]\n|upkeep\n|\n|t:|1648312357\n|switch|p1a: Hydreigon|Hydreigon, M|3\/100\n|turn|21\n|\n|t:|1648312371\n|switch|p2a: Pelipper|Pelipper, M|76\/100\n|-damage|p2a: Pelipper|51\/100|[from] Stealth Rock\n|-weather|RainDance|[from] ability: Drizzle|[of] p2a: Pelipper\n|-zpower|p1a: Hydreigon\n|move|p1a: Hydreigon|Devastating Drake|p2a: Pelipper|[zeffect]\n|-damage|p2a: Pelipper|0 fnt\n|faint|p2a: Pelipper\n|\n|-weather|RainDance|[upkeep]\n|upkeep\n|\n|t:|1648312380\n|switch|p2a: Swampert|Swampert-Mega, F|78\/100\n|-damage|p2a: Swampert|72\/100|[from] Stealth Rock\n|turn|22\n|\n|t:|1648312387\n|move|p2a: Swampert|Waterfall|p1a: Hydreigon\n|-resisted|p1a: Hydreigon\n|-damage|p1a: Hydreigon|0 fnt\n|faint|p1a: Hydreigon\n|\n|-weather|RainDance|[upkeep]\n|upkeep\n|\n|t:|1648312395\n|switch|p1a: Greninja|Greninja, M|100\/100\n|turn|23\n|\n|t:|1648312405\n|move|p1a: Greninja|Hydro Pump|p2a: Swampert\n|-start|p1a: Greninja|typechange|Water|[from] ability: Protean\n|-damage|p2a: Swampert|10\/100\n|move|p2a: Swampert|Earthquake|p1a: Greninja\n|-damage|p1a: Greninja|0 fnt\n|faint|p1a: Greninja\n|\n|-weather|RainDance|[upkeep]\n|upkeep\n|\n|t:|1648312409\n|switch|p1a: Muk|Muk-Alola, F|84\/100\n|turn|24\n|\n|t:|1648312414\n|move|p2a: Swampert|Earthquake|p1a: Muk\n|-supereffective|p1a: Muk\n|-damage|p1a: Muk|0 fnt\n|faint|p1a: Muk\n|\n|win|Eclipse77\n|n|\u2606prof darkness|profdarkness\n|n|\u2606Eclipse77|eclipse77\n|n| Haruno Yukiryu|harunoyukiryu\n|n| pokechamp13|pokechamp13\n|n| fbhndnfg|fbhndnfg\n","uploadtime":1648312415,"views":4,"p1id":"profdarkness","p2id":"eclipse77","formatid":"gen7monotype","rating":0,"private":0,"password":null}