{"id":"gen7ou-1409454954","p1":"ZazeLioN","p2":"therockcena","format":"gen7ou","log":"|j|\u2606ZazeLioN\n|j|\u2606therockcena\n|t:|1630680446\n|gametype|singles\n|player|p1|ZazeLioN|pokemonranger-gen4|1286\n|player|p2|therockcena|265|1392\n|teamsize|p1|6\n|teamsize|p2|6\n|gen|7\n|tier|[Gen 7] OU\n|rated|\n|rule|Sleep Clause Mod: Limit one foe put to sleep\n|rule|Species Clause: Limit one of each Pok\u00e9mon\n|rule|OHKO Clause: OHKO moves are banned\n|rule|Moody Clause: Moody is banned\n|rule|Evasion Moves Clause: Evasion moves are banned\n|rule|Endless Battle Clause: Forcing endless battles is banned\n|rule|HP Percentage Mod: HP is shown in percentages\n|clearpoke\n|poke|p1|Scizor, F|item\n|poke|p1|Gardevoir, F|item\n|poke|p1|Tyranitar, F|item\n|poke|p1|Ferrothorn, M|item\n|poke|p1|Jellicent, M|item\n|poke|p1|Togekiss, F|item\n|poke|p2|Victini|item\n|poke|p2|Zeraora|item\n|poke|p2|Landorus-Therian, M|item\n|poke|p2|Tapu Koko|item\n|poke|p2|Charizard, F|item\n|poke|p2|Tornadus-Therian, M|item\n|teampreview\n|inactive|Battle timer is ON: inactive players will automatically lose when time's up. (requested by therockcena)\n|\n|t:|1630680471\n|start\n|switch|p1a: Tyranitar|Tyranitar, F|100\/100\n|switch|p2a: Charizard|Charizard, F|100\/100\n|-weather|Sandstorm|[from] ability: Sand Stream|[of] p1a: Tyranitar\n|turn|1\n|\n|t:|1630680489\n|detailschange|p2a: Charizard|Charizard-Mega-Y, F\n|-mega|p2a: Charizard|Charizard|Charizardite Y\n|-weather|SunnyDay|[from] ability: Drought|[of] p2a: Charizard\n|move|p2a: Charizard|Solar Beam||[still]\n|-prepare|p2a: Charizard|Solar Beam\n|-anim|p2a: Charizard|Solar Beam|p1a: Tyranitar\n|-supereffective|p1a: Tyranitar\n|-damage|p1a: Tyranitar|41\/100\n|move|p1a: Tyranitar|Stone Edge|p2a: Charizard\n|-supereffective|p2a: Charizard\n|-damage|p2a: Charizard|0 fnt\n|faint|p2a: Charizard\n|\n|-weather|SunnyDay|[upkeep]\n|upkeep\n|\n|t:|1630680496\n|switch|p2a: Landorus|Landorus-Therian, M, shiny|100\/100\n|-ability|p2a: Landorus|Intimidate|boost\n|-unboost|p1a: Tyranitar|atk|1\n|turn|2\n|\n|t:|1630680523\n|switch|p1a: Ferrothorn|Ferrothorn, M|100\/100\n|move|p2a: Landorus|U-turn|p1a: Ferrothorn\n|-damage|p1a: Ferrothorn|85\/100\n|-damage|p2a: Landorus|88\/100|[from] ability: Iron Barbs|[of] p1a: Ferrothorn\n|-damage|p2a: Landorus|72\/100|[from] item: Rocky Helmet|[of] p1a: Ferrothorn\n|\n|t:|1630680527\n|switch|p2a: Victini|Victini|100\/100|[from]move: U-turn\n|\n|-weather|SunnyDay|[upkeep]\n|upkeep\n|turn|3\n|\n|t:|1630680546\n|move|p2a: Victini|V-create|p1a: Ferrothorn\n|-supereffective|p1a: Ferrothorn\n|-damage|p1a: Ferrothorn|0 fnt\n|-unboost|p2a: Victini|spe|1\n|-unboost|p2a: Victini|def|1\n|-unboost|p2a: Victini|spd|1\n|-damage|p2a: Victini|88\/100|[from] ability: Iron Barbs|[of] p1a: Ferrothorn\n|-damage|p2a: Victini|72\/100|[from] item: Rocky Helmet|[of] p1a: Ferrothorn\n|faint|p1a: Ferrothorn\n|\n|-weather|SunnyDay|[upkeep]\n|upkeep\n|inactive|ZazeLioN has 120 seconds left.\n|\n|t:|1630680563\n|switch|p1a: Jellicent|Jellicent, M|100\/100\n|turn|4\n|inactive|ZazeLioN has 120 seconds left.\n|\n|t:|1630680578\n|switch|p2a: Tornadus|Tornadus-Therian, M|100\/100\n|switch|p1a: Tyranitar|Tyranitar, F|41\/100\n|-weather|Sandstorm|[from] ability: Sand Stream|[of] p1a: Tyranitar\n|\n|-weather|Sandstorm|[upkeep]\n|-damage|p2a: Tornadus|94\/100|[from] Sandstorm\n|-heal|p2a: Tornadus|100\/100|[from] item: Leftovers\n|upkeep\n|turn|5\n|inactive|ZazeLioN has 120 seconds left.\n|\n|t:|1630680602\n|switch|p2a: Landorus|Landorus-Therian, M, shiny|72\/100\n|-ability|p2a: Landorus|Intimidate|boost\n|-unboost|p1a: Tyranitar|atk|1\n|switch|p1a: Jellicent|Jellicent, M|100\/100\n|\n|-weather|Sandstorm|[upkeep]\n|-damage|p1a: Jellicent|94\/100|[from] Sandstorm\n|-heal|p2a: Landorus|78\/100|[from] item: Leftovers\n|-heal|p1a: Jellicent|100\/100|[from] item: Leftovers\n|upkeep\n|turn|6\n|\n|t:|1630680616\n|switch|p2a: Tornadus|Tornadus-Therian, M|100\/100\n|move|p1a: Jellicent|Scald|p2a: Tornadus\n|-damage|p2a: Tornadus|75\/100\n|-status|p2a: Tornadus|brn\n|\n|-weather|Sandstorm|[upkeep]\n|-damage|p2a: Tornadus|69\/100 brn|[from] Sandstorm\n|-damage|p1a: Jellicent|94\/100|[from] Sandstorm\n|-heal|p2a: Tornadus|75\/100 brn|[from] item: Leftovers\n|-heal|p1a: Jellicent|100\/100|[from] item: Leftovers\n|-damage|p2a: Tornadus|69\/100 brn|[from] brn\n|upkeep\n|turn|7\n|inactive|ZazeLioN has 90 seconds left.\n|\n|t:|1630680644\n|switch|p1a: Tyranitar|Tyranitar, F|41\/100\n|move|p2a: Tornadus|Knock Off|p1a: Tyranitar\n|-resisted|p1a: Tyranitar\n|-damage|p1a: Tyranitar|38\/100\n|-enditem|p1a: Tyranitar|Assault Vest|[from] move: Knock Off|[of] p2a: Tornadus\n|\n|-weather|Sandstorm|[upkeep]\n|-damage|p2a: Tornadus|63\/100 brn|[from] Sandstorm\n|-heal|p2a: Tornadus|69\/100 brn|[from] item: Leftovers\n|-damage|p2a: Tornadus|63\/100 brn|[from] brn\n|upkeep\n|turn|8\n|inactive|ZazeLioN has 90 seconds left.\n|\n|t:|1630680657\n|switch|p2a: Landorus|Landorus-Therian, M, shiny|78\/100\n|-ability|p2a: Landorus|Intimidate|boost\n|-unboost|p1a: Tyranitar|atk|1\n|move|p1a: Tyranitar|Ice Punch|p2a: Landorus\n|-supereffective|p2a: Landorus\n|-damage|p2a: Landorus|35\/100\n|\n|-weather|none\n|-heal|p2a: Landorus|41\/100|[from] item: Leftovers\n|upkeep\n|turn|9\n|inactive|ZazeLioN has 90 seconds left.\n|\n|t:|1630680672\n|switch|p1a: Togekiss|Togekiss, F|100\/100\n|move|p2a: Landorus|U-turn|p1a: Togekiss\n|-resisted|p1a: Togekiss\n|-damage|p1a: Togekiss|95\/100\n|\n|t:|1630680675\n|switch|p2a: Tapu Koko|Tapu Koko, shiny|100\/100|[from]move: U-turn\n|-fieldstart|move: Electric Terrain|[from] ability: Electric Surge|[of] p2a: Tapu Koko\n|\n|-heal|p1a: Togekiss|100\/100|[from] item: Leftovers\n|upkeep\n|turn|10\n|inactive|ZazeLioN has 90 seconds left.\n|\n|t:|1630680698\n|switch|p1a: Tyranitar|Tyranitar, F|38\/100\n|-weather|Sandstorm|[from] ability: Sand Stream|[of] p1a: Tyranitar\n|move|p2a: Tapu Koko|Volt Switch|p1a: Tyranitar\n|-damage|p1a: Tyranitar|9\/100\n|\n|t:|1630680714\n|switch|p2a: Victini|Victini|72\/100|[from]move: Volt Switch\n|\n|-weather|Sandstorm|[upkeep]\n|-damage|p2a: Victini|65\/100|[from] Sandstorm\n|upkeep\n|turn|11\n|inactive|ZazeLioN has 90 seconds left.\n|\n|t:|1630680727\n|switch|p1a: Jellicent|Jellicent, M|100\/100\n|move|p2a: Victini|U-turn|p1a: Jellicent\n|-resisted|p1a: Jellicent\n|-damage|p1a: Jellicent|92\/100\n|\n|t:|1630680730\n|switch|p2a: Tapu Koko|Tapu Koko, shiny|100\/100|[from]move: U-turn\n|\n|-weather|Sandstorm|[upkeep]\n|-damage|p2a: Tapu Koko|94\/100|[from] Sandstorm\n|-damage|p1a: Jellicent|86\/100|[from] Sandstorm\n|-heal|p1a: Jellicent|92\/100|[from] item: Leftovers\n|upkeep\n|turn|12\n|inactive|ZazeLioN has 90 seconds left.\n|\n|t:|1630680766\n|switch|p1a: Tyranitar|Tyranitar, F|9\/100\n|move|p2a: Tapu Koko|Volt Switch|p1a: Tyranitar\n|-damage|p1a: Tyranitar|0 fnt\n|faint|p1a: Tyranitar\n|\n|t:|1630680774\n|switch|p2a: Landorus|Landorus-Therian, M, shiny|41\/100|[from]move: Volt Switch\n|\n|-weather|Sandstorm|[upkeep]\n|-heal|p2a: Landorus|47\/100|[from] item: Leftovers\n|upkeep\n|\n|t:|1630680787\n|switch|p1a: Gardevoir|Gardevoir, F|100\/100\n|-ability|p1a: Gardevoir|Intimidate|[from] ability: Trace|[of] p2a: Landorus\n|-ability|p1a: Gardevoir|Intimidate|boost\n|-unboost|p2a: Landorus|atk|1\n|turn|13\n|\n|t:|1630680808\n|move|p1a: Gardevoir|Moonblast|p2a: Landorus\n|-damage|p2a: Landorus|0 fnt\n|faint|p2a: Landorus\n|\n|-weather|Sandstorm|[upkeep]\n|-damage|p1a: Gardevoir|94\/100|[from] Sandstorm\n|-fieldend|move: Electric Terrain\n|upkeep\n|\n|t:|1630680812\n|switch|p2a: Tapu Koko|Tapu Koko, shiny|94\/100\n|-fieldstart|move: Electric Terrain|[from] ability: Electric Surge|[of] p2a: Tapu Koko\n|turn|14\n|\n|t:|1630680831\n|switch|p1a: Scizor|Scizor, F|100\/100\n|move|p2a: Tapu Koko|Volt Switch|p1a: Scizor\n|-damage|p1a: Scizor|44\/100\n|\n|t:|1630680841\n|switch|p2a: Victini|Victini|65\/100|[from]move: Volt Switch\n|\n|-weather|none\n|upkeep\n|turn|15\n|\n|t:|1630680863\n|switch|p1a: Jellicent|Jellicent, M|92\/100\n|move|p2a: Victini|Bolt Strike|p1a: Jellicent\n|-supereffective|p1a: Jellicent\n|-damage|p1a: Jellicent|0 fnt\n|faint|p1a: Jellicent\n|\n|upkeep\n|inactive|ZazeLioN has 60 seconds left.\n|\n|t:|1630680875\n|switch|p1a: Gardevoir|Gardevoir, F|94\/100\n|-ability|p1a: Gardevoir|Victory Star|[from] ability: Trace|[of] p2a: Victini\n|turn|16\n|\n|t:|1630680883\n|switch|p2a: Tornadus|Tornadus-Therian, M|96\/100 brn\n|move|p1a: Gardevoir|Moonblast|p2a: Tornadus\n|-damage|p2a: Tornadus|45\/100 brn\n|\n|-heal|p2a: Tornadus|51\/100 brn|[from] item: Leftovers\n|-damage|p2a: Tornadus|45\/100 brn|[from] brn\n|upkeep\n|turn|17\n|\n|t:|1630680894\n|switch|p2a: Victini|Victini|65\/100\n|move|p1a: Gardevoir|Moonblast|p2a: Victini\n|-resisted|p2a: Victini\n|-damage|p2a: Victini|38\/100\n|\n|upkeep\n|turn|18\n|\n|t:|1630680903\n|move|p2a: Victini|V-create|p1a: Gardevoir\n|-damage|p1a: Gardevoir|0 fnt\n|-unboost|p2a: Victini|spe|1\n|-unboost|p2a: Victini|def|1\n|-unboost|p2a: Victini|spd|1\n|faint|p1a: Gardevoir\n|\n|-fieldend|move: Electric Terrain\n|upkeep\n|inactive|ZazeLioN has 60 seconds left.\n|\n|t:|1630680946\n|switch|p1a: Togekiss|Togekiss, F|100\/100\n|turn|19\n|inactive|therockcena has 120 seconds left.\n|inactive|therockcena has 90 seconds left.\n|\n|t:|1630681010\n|move|p2a: Victini|V-create|p1a: Togekiss\n|-damage|p1a: Togekiss|2\/100\n|-unboost|p2a: Victini|spe|1\n|-unboost|p2a: Victini|def|1\n|-unboost|p2a: Victini|spd|1\n|move|p1a: Togekiss|Nasty Plot|p1a: Togekiss\n|-boost|p1a: Togekiss|spa|2\n|\n|-heal|p1a: Togekiss|8\/100|[from] item: Leftovers\n|upkeep\n|turn|20\n|\n|t:|1630681030\n|switch|p2a: Tornadus|Tornadus-Therian, M|78\/100 brn\n|move|p1a: Togekiss|Air Slash|p2a: Tornadus\n|-damage|p2a: Tornadus|0 fnt\n|faint|p2a: Tornadus\n|\n|-heal|p1a: Togekiss|14\/100|[from] item: Leftovers\n|upkeep\n|\n|t:|1630681036\n|switch|p2a: Tapu Koko|Tapu Koko, shiny|94\/100\n|-fieldstart|move: Electric Terrain|[from] ability: Electric Surge|[of] p2a: Tapu Koko\n|turn|21\n|\n|t:|1630681046\n|move|p2a: Tapu Koko|Thunderbolt|p1a: Togekiss\n|-supereffective|p1a: Togekiss\n|-damage|p1a: Togekiss|0 fnt\n|faint|p1a: Togekiss\n|\n|upkeep\n|\n|t:|1630681060\n|switch|p1a: Scizor|Scizor, F|44\/100\n|turn|22\n|\n|t:|1630681067\n|detailschange|p1a: Scizor|Scizor-Mega, F\n|-mega|p1a: Scizor|Scizor|Scizorite\n|move|p1a: Scizor|Bullet Punch|p2a: Tapu Koko\n|-damage|p2a: Tapu Koko|46\/100\n|move|p2a: Tapu Koko|Thunderbolt|p1a: Scizor\n|-damage|p1a: Scizor|0 fnt\n|faint|p1a: Scizor\n|\n|win|therockcena\n|raw|ZazeLioN's rating: 1286 &rarr; <strong>1268<\/strong><br \/>(-18 for losing)\n|raw|therockcena's rating: 1392 &rarr; <strong>1406<\/strong><br \/>(+14 for winning)\n|c|\u2606therockcena|gg\n","uploadtime":1630681090,"views":3,"p1id":"zazelion","p2id":"therockcena","formatid":"gen7ou","rating":1268,"private":0,"password":null}