{"id":"gen7ou-957260842","p1":"JoJo321","p2":"lt63rb bl","format":"gen7ou","log":"|j|\u2606JoJo321\n|j|\u2606lt63rb bl\n|player|p1|JoJo321|266|1904\n|player|p2|lt63rb bl|170|1963\n|teamsize|p1|6\n|teamsize|p2|6\n|gametype|singles\n|gen|7\n|tier|[Gen 7] OU\n|rated|\n|rule|Sleep Clause Mod: Limit one foe put to sleep\n|rule|Species Clause: Limit one of each Pok\u00e9mon\n|rule|OHKO Clause: OHKO moves are banned\n|rule|Moody Clause: Moody is banned\n|rule|Evasion Moves Clause: Evasion moves are banned\n|rule|Endless Battle Clause: Forcing endless battles is banned\n|rule|HP Percentage Mod: HP is shown in percentages\n|clearpoke\n|poke|p1|Stakataka|item\n|poke|p1|Magearna|item\n|poke|p1|Cresselia, F|item\n|poke|p1|Azumarill, F|item\n|poke|p1|Bronzong|item\n|poke|p1|Mawile, M|item\n|poke|p2|Charizard, F|item\n|poke|p2|Kartana|item\n|poke|p2|Landorus-Therian, M|item\n|poke|p2|Weavile, F|item\n|poke|p2|Victini|item\n|poke|p2|Tapu Fini|item\n|teampreview\n|j| Oh So Cynical\n|j| Q1119x\n|j| LT62HG LAZARILLO\n|\n|start\n|switch|p1a: Bronzong|Bronzong|100\/100\n|switch|p2a: Charizard|Charizard, F|100\/100\n|turn|1\n|\n|detailschange|p2a: Charizard|Charizard-Mega-Y, F\n|-mega|p2a: Charizard|Charizard|Charizardite Y\n|-weather|SunnyDay|[from] ability: Drought|[of] p2a: Charizard\n|move|p2a: Charizard|Flamethrower|p1a: Bronzong\n|-supereffective|p1a: Bronzong\n|-damage|p1a: Bronzong|27\/100\n|move|p1a: Bronzong|Trick Room|p1a: Bronzong\n|-fieldstart|move: Trick Room|[of] p1a: Bronzong\n|\n|-weather|SunnyDay|[upkeep]\n|upkeep\n|turn|2\n|j| by the north\n|\n|switch|p2a: Landorus|Landorus-Therian, M|100\/100\n|-ability|p2a: Landorus|Intimidate|boost\n|-unboost|p1a: Bronzong|atk|1\n|move|p1a: Bronzong|Stealth Rock|p2a: Landorus\n|-sidestart|p2: lt63rb bl|move: Stealth Rock\n|\n|-weather|SunnyDay|[upkeep]\n|upkeep\n|turn|3\n|\n|move|p1a: Bronzong|Explosion|p2a: Landorus\n|-damage|p2a: Landorus|60\/100\n|faint|p1a: Bronzong\n|move|p2a: Landorus|Stealth Rock|p1: Bronzong\n|-sidestart|p1: JoJo321|move: Stealth Rock\n|\n|-weather|SunnyDay|[upkeep]\n|upkeep\n|\n|switch|p1a: Stakataka|Stakataka|100\/100\n|-damage|p1a: Stakataka|94\/100|[from] Stealth Rock\n|turn|4\n|\n|switch|p2a: Kartana|Kartana|100\/100\n|-damage|p2a: Kartana|94\/100|[from] Stealth Rock\n|move|p1a: Stakataka|Gyro Ball|p2a: Kartana\n|-resisted|p2a: Kartana\n|-crit|p2a: Kartana\n|-damage|p2a: Kartana|0 fnt\n|faint|p2a: Kartana\n|-ability|p1a: Stakataka|Beast Boost|boost\n|-boost|p1a: Stakataka|atk|1\n|\n|-weather|SunnyDay|[upkeep]\n|upkeep\n|c|\u2606lt63rb bl|...\n|c|\u2606lt63rb bl|come the fuck on dude\n|\n|switch|p2a: Landorus|Landorus-Therian, M|60\/100\n|-damage|p2a: Landorus|47\/100|[from] Stealth Rock\n|-ability|p2a: Landorus|Intimidate|boost\n|-unboost|p1a: Stakataka|atk|1\n|turn|5\n|c|\u2606JoJo321|crits happen\n|c|\u2606lt63rb bl|epic\n|l| Q1119x\n|\n|switch|p2a: Tapu Fini|Tapu Fini|100\/100\n|-damage|p2a: Tapu Fini|88\/100|[from] Stealth Rock\n|-fieldstart|move: Misty Terrain|[from] ability: Misty Surge|[of] p2a: Tapu Fini\n|move|p1a: Stakataka|Gyro Ball|p2a: Tapu Fini\n|-damage|p2a: Tapu Fini|0 fnt\n|faint|p2a: Tapu Fini\n|-ability|p1a: Stakataka|Beast Boost|boost\n|-boost|p1a: Stakataka|atk|1\n|\n|-weather|none\n|-fieldend|move: Trick Room\n|upkeep\n|\n|switch|p2a: Charizard|Charizard-Mega-Y, F|100\/100\n|-damage|p2a: Charizard|51\/100|[from] Stealth Rock\n|-weather|SunnyDay|[from] ability: Drought|[of] p2a: Charizard\n|turn|6\n|\n|switch|p1a: Azumarill|Azumarill, F|100\/100\n|-damage|p1a: Azumarill|88\/100|[from] Stealth Rock\n|move|p2a: Charizard|Solar Beam||[still]\n|-prepare|p2a: Charizard|Solar Beam|p1a: Azumarill\n|-anim|p2a: Charizard|Solar Beam|p1a: Azumarill\n|-supereffective|p1a: Azumarill\n|-crit|p1a: Azumarill\n|-damage|p1a: Azumarill|0 fnt\n|faint|p1a: Azumarill\n|\n|-weather|SunnyDay|[upkeep]\n|upkeep\n|\n|switch|p1a: Cresselia|Cresselia, F|100\/100\n|-damage|p1a: Cresselia|88\/100|[from] Stealth Rock\n|turn|7\n|\n|move|p2a: Charizard|Flamethrower|p1a: Cresselia\n|-damage|p1a: Cresselia|40\/100\n|move|p1a: Cresselia|Trick Room|p1a: Cresselia\n|-fieldstart|move: Trick Room|[of] p1a: Cresselia\n|\n|-weather|SunnyDay|[upkeep]\n|upkeep\n|turn|8\n|\n|move|p1a: Cresselia|Moonlight|p1a: Cresselia\n|-heal|p1a: Cresselia|100\/100\n|move|p2a: Charizard|Roost|p2a: Charizard\n|-heal|p2a: Charizard|100\/100\n|-singleturn|p2a: Charizard|move: Roost\n|\n|-weather|SunnyDay|[upkeep]\n|upkeep\n|turn|9\n|j| OZDimensional\n|\n|move|p1a: Cresselia|Ice Beam|p2a: Charizard\n|-damage|p2a: Charizard|85\/100\n|move|p2a: Charizard|Flamethrower|p1a: Cresselia\n|-damage|p1a: Cresselia|58\/100\n|-status|p1a: Cresselia|brn\n|\n|-weather|SunnyDay|[upkeep]\n|-damage|p1a: Cresselia|52\/100 brn|[from] brn\n|-fieldend|Misty Terrain\n|upkeep\n|turn|10\n|\n|move|p1a: Cresselia|Moonlight|p1a: Cresselia\n|-heal|p1a: Cresselia|100\/100 brn\n|move|p2a: Charizard|Flamethrower|p1a: Cresselia\n|-damage|p1a: Cresselia|56\/100 brn\n|\n|-weather|none\n|-damage|p1a: Cresselia|50\/100 brn|[from] brn\n|upkeep\n|turn|11\n|\n|move|p1a: Cresselia|Moonlight|p1a: Cresselia\n|-heal|p1a: Cresselia|99\/100 brn\n|move|p2a: Charizard|Flamethrower|p1a: Cresselia\n|-damage|p1a: Cresselia|66\/100 brn\n|\n|-damage|p1a: Cresselia|60\/100 brn|[from] brn\n|-fieldend|move: Trick Room\n|upkeep\n|turn|12\n|\n|move|p2a: Charizard|Flamethrower|p1a: Cresselia\n|-damage|p1a: Cresselia|29\/100 brn\n|move|p1a: Cresselia|Trick Room|p1a: Cresselia\n|-fieldstart|move: Trick Room|[of] p1a: Cresselia\n|\n|-damage|p1a: Cresselia|23\/100 brn|[from] brn\n|upkeep\n|turn|13\n|\n|switch|p1a: Stakataka|Stakataka|94\/100\n|-damage|p1a: Stakataka|88\/100|[from] Stealth Rock\n|move|p2a: Charizard|Flamethrower|p1a: Stakataka\n|-damage|p1a: Stakataka|27\/100\n|\n|upkeep\n|turn|14\n|\n|move|p1a: Stakataka|Gyro Ball|p2a: Charizard\n|-resisted|p2a: Charizard\n|-damage|p2a: Charizard|0 fnt\n|faint|p2a: Charizard\n|-ability|p1a: Stakataka|Beast Boost|boost\n|-boost|p1a: Stakataka|atk|1\n|\n|upkeep\n|-message|lt63rb bl forfeited.\n|\n|win|JoJo321\n|l|\u2606lt63rb bl\n|l|\u2606JoJo321\n|raw|JoJo321's rating: 1889 &rarr; <strong>1913<\/strong><br \/>(+24 for winning)\n|raw|lt63rb bl's rating: 1963 &rarr; <strong>1939<\/strong><br \/>(-24 for losing)\n|l| Oh So Cynical\n|l| LT62HG LAZARILLO\n|l| by the north\n","uploadtime":1565282105,"views":52,"p1id":"jojo321","p2id":"lt63rbbl","formatid":"gen7ou","rating":1913,"private":0,"password":null}