{"id":"gen7anythinggoes-1688157867","p1":"Le Denis","p2":"Meracx","format":"gen7anythinggoes","log":"|j|\u2606Le Denis\n|j|\u2606Meracx\n|t:|1666037599\n|gametype|singles\n|player|p1|Le Denis|adaman|\n|player|p2|Meracx|thorton|\n|teamsize|p1|6\n|teamsize|p2|6\n|gen|7\n|tier|[Gen 7] Anything Goes\n|rule|HP Percentage Mod: HP is shown in percentages\n|rule|Endless Battle Clause: Forcing endless battles is banned\n|clearpoke\n|poke|p1|Excadrill, M|item\n|poke|p1|Gigalith, F|item\n|poke|p1|Primarina, M|item\n|poke|p1|Pidgeot, M|item\n|poke|p1|Kommo-o, F|item\n|poke|p1|Electrode|item\n|poke|p2|Diancie|item\n|poke|p2|Delphox, F|item\n|poke|p2|Dragonite, F|item\n|poke|p2|Empoleon, M|item\n|poke|p2|Weavile, F|item\n|poke|p2|Gengar, M|item\n|teampreview\n|c|\u2606Meracx|hf\n|c|\u2606Le Denis|hf too\n|\n|t:|1666037653\n|start\n|switch|p1a: Boule Magique|Electrode|100\/100\n|switch|p2a: Voyou|Gengar, M|100\/100\n|turn|1\n|\n|t:|1666037663\n|move|p1a: Boule Magique|Light Screen|p1a: Boule Magique\n|-sidestart|p1: Le Denis|move: Light Screen\n|move|p2a: Voyou|Taunt|p1a: Boule Magique\n|-start|p1a: Boule Magique|move: Taunt\n|\n|upkeep\n|turn|2\n|\n|t:|1666037671\n|move|p1a: Boule Magique|Foul Play|p2a: Voyou\n|-supereffective|p2a: Voyou\n|-damage|p2a: Voyou|59\/100\n|move|p2a: Voyou|Will-O-Wisp|p1a: Boule Magique\n|-status|p1a: Boule Magique|brn\n|\n|-damage|p1a: Boule Magique|94\/100 brn|[from] brn\n|upkeep\n|turn|3\n|\n|t:|1666037684\n|move|p1a: Boule Magique|Foul Play|p2a: Voyou\n|-supereffective|p2a: Voyou\n|-damage|p2a: Voyou|38\/100\n|move|p2a: Voyou|Hex|p1a: Boule Magique\n|-damage|p1a: Boule Magique|44\/100 brn\n|\n|-damage|p1a: Boule Magique|38\/100 brn|[from] brn\n|upkeep\n|turn|4\n|\n|t:|1666037704\n|move|p1a: Boule Magique|Volt Switch|p2a: Voyou\n|-damage|p2a: Voyou|0 fnt\n|faint|p2a: Voyou\n|\n|t:|1666037753\n|switch|p1a: Agent Caillou|Gigalith, F|100\/100|[from]move: Volt Switch\n|-weather|Sandstorm|[from] ability: Sand Stream|[of] p1a: Agent Caillou\n|\n|-weather|Sandstorm|[upkeep]\n|upkeep\n|\n|t:|1666037756\n|switch|p2a: Sinueux|Diancie|100\/100\n|turn|5\n|\n|t:|1666037767\n|detailschange|p2a: Sinueux|Diancie-Mega\n|-mega|p2a: Sinueux|Diancie|Diancite\n|move|p2a: Sinueux|Reflect|p2a: Sinueux\n|-sidestart|p2: Meracx|Reflect\n|move|p1a: Agent Caillou|Earthquake|p2a: Sinueux\n|-supereffective|p2a: Sinueux\n|-damage|p2a: Sinueux|64\/100\n|\n|-weather|Sandstorm|[upkeep]\n|upkeep\n|turn|6\n|\n|t:|1666037780\n|move|p2a: Sinueux|Stealth Rock|p1a: Agent Caillou\n|-sidestart|p1: Le Denis|move: Stealth Rock\n|move|p1a: Agent Caillou|Earthquake|p2a: Sinueux\n|-supereffective|p2a: Sinueux\n|-damage|p2a: Sinueux|25\/100\n|\n|-weather|Sandstorm|[upkeep]\n|upkeep\n|turn|7\n|\n|t:|1666037842\n|switch|p1a: Pidgeot 306|Pidgeot, M|100\/100\n|-damage|p1a: Pidgeot 306|76\/100|[from] Stealth Rock\n|move|p2a: Sinueux|Earth Power|p1a: Pidgeot 306\n|-immune|p1a: Pidgeot 306\n|\n|-weather|Sandstorm|[upkeep]\n|-damage|p1a: Pidgeot 306|70\/100|[from] Sandstorm\n|upkeep\n|turn|8\n|\n|t:|1666037857\n|detailschange|p1a: Pidgeot 306|Pidgeot-Mega, M\n|-mega|p1a: Pidgeot 306|Pidgeot|Pidgeotite\n|move|p1a: Pidgeot 306|Hidden Power|p2a: Sinueux\n|-supereffective|p2a: Sinueux\n|-damage|p2a: Sinueux|0 fnt\n|faint|p2a: Sinueux\n|\n|-weather|Sandstorm|[upkeep]\n|-damage|p1a: Pidgeot 306|64\/100|[from] Sandstorm\n|-sideend|p1: Le Denis|move: Light Screen\n|upkeep\n|j| bulut\n|\n|t:|1666037873\n|switch|p2a: Rollo|Dragonite, F|100\/100\n|turn|9\n|\n|t:|1666037885\n|move|p1a: Pidgeot 306|Hurricane|p2a: Rollo\n|-damage|p2a: Rollo|71\/100\n|move|p2a: Rollo|Dragon Dance|p2a: Rollo\n|-boost|p2a: Rollo|atk|1\n|-boost|p2a: Rollo|spe|1\n|\n|-weather|Sandstorm|[upkeep]\n|-damage|p2a: Rollo|65\/100|[from] Sandstorm\n|-damage|p1a: Pidgeot 306|58\/100|[from] Sandstorm\n|-sideend|p2: Meracx|Reflect\n|upkeep\n|turn|10\n|\n|t:|1666037896\n|move|p2a: Rollo|Dragon Dance|p2a: Rollo\n|-boost|p2a: Rollo|atk|1\n|-boost|p2a: Rollo|spe|1\n|move|p1a: Pidgeot 306|Hurricane|p2a: Rollo\n|-damage|p2a: Rollo|4\/100\n|-start|p2a: Rollo|confusion\n|\n|-weather|Sandstorm|[upkeep]\n|-damage|p2a: Rollo|0 fnt|[from] Sandstorm\n|-damage|p1a: Pidgeot 306|52\/100|[from] Sandstorm\n|faint|p2a: Rollo\n|upkeep\n|\n|t:|1666037907\n|switch|p2a: Brute|Empoleon, M|100\/100\n|turn|11\n|j| FlorentM\n|\n|t:|1666037927\n|switch|p1a: Primurina|Primarina, M|100\/100\n|-damage|p1a: Primurina|88\/100|[from] Stealth Rock\n|move|p2a: Brute|Agility|p2a: Brute\n|-boost|p2a: Brute|spe|2\n|\n|-weather|none\n|-heal|p1a: Primurina|94\/100|[from] item: Leftovers\n|upkeep\n|turn|12\n|\n|t:|1666037956\n|move|p2a: Brute|Swords Dance|p2a: Brute\n|-boost|p2a: Brute|atk|2\n|move|p1a: Primurina|Amnesia|p1a: Primurina\n|-boost|p1a: Primurina|spd|2\n|\n|-heal|p1a: Primurina|99\/100|[from] item: Leftovers\n|upkeep\n|turn|13\n|\n|t:|1666037966\n|switch|p1a: Agent Caillou|Gigalith, F|100\/100\n|-damage|p1a: Agent Caillou|88\/100|[from] Stealth Rock\n|-weather|Sandstorm|[from] ability: Sand Stream|[of] p1a: Agent Caillou\n|move|p2a: Brute|Agility|p2a: Brute\n|-boost|p2a: Brute|spe|2\n|\n|-weather|Sandstorm|[upkeep]\n|upkeep\n|turn|14\n|\n|t:|1666038054\n|move|p2a: Brute|Agility|p2a: Brute\n|-boost|p2a: Brute|spe|2\n|move|p1a: Agent Caillou|Superpower|p2a: Brute\n|-supereffective|p2a: Brute\n|-damage|p2a: Brute|17\/100\n|-unboost|p1a: Agent Caillou|atk|1\n|-unboost|p1a: Agent Caillou|def|1\n|-enditem|p2a: Brute|Weakness Policy\n|-boost|p2a: Brute|atk|2|[from] item: Weakness Policy\n|-boost|p2a: Brute|spa|2|[from] item: Weakness Policy\n|\n|-weather|Sandstorm|[upkeep]\n|upkeep\n|turn|15\n|\n|t:|1666038066\n|move|p2a: Brute|Power Trip|p1a: Agent Caillou\n|-damage|p1a: Agent Caillou|0 fnt\n|faint|p1a: Agent Caillou\n|\n|-weather|Sandstorm|[upkeep]\n|upkeep\n|\n|t:|1666038075\n|switch|p1a: Comme Ho-Oh|Kommo-o, F|100\/100\n|-damage|p1a: Comme Ho-Oh|95\/100|[from] Stealth Rock\n|turn|16\n|\n|t:|1666038089\n|move|p2a: Brute|Drill Peck|p1a: Comme Ho-Oh\n|-supereffective|p1a: Comme Ho-Oh\n|-damage|p1a: Comme Ho-Oh|0 fnt\n|faint|p1a: Comme Ho-Oh\n|\n|-weather|Sandstorm|[upkeep]\n|upkeep\n|\n|t:|1666038105\n|switch|p1a: Primurina|Primarina, M|99\/100\n|-damage|p1a: Primurina|88\/100|[from] Stealth Rock\n|turn|17\n|\n|t:|1666038220\n|move|p2a: Brute|Power Trip|p1a: Primurina\n|-resisted|p1a: Primurina\n|-damage|p1a: Primurina|0 fnt\n|faint|p1a: Primurina\n|\n|-weather|Sandstorm|[upkeep]\n|upkeep\n|\n|t:|1666038229\n|switch|p1a: Boule Magique|Electrode|38\/100 brn\n|-damage|p1a: Boule Magique|25\/100 brn|[from] Stealth Rock\n|turn|18\n|\n|t:|1666038238\n|move|p2a: Brute|Power Trip|p1a: Boule Magique\n|-damage|p1a: Boule Magique|0 fnt\n|-damage|p2a: Brute|0 fnt|[from] ability: Aftermath|[of] p1a: Boule Magique\n|faint|p1a: Boule Magique\n|faint|p2a: Brute\n|\n|-weather|Sandstorm|[upkeep]\n|upkeep\n|c|\u2606Le Denis|j'suis con en faite\n|c|\u2606Meracx|Mdr\n|l| FlorentM\n|\n|t:|1666038262\n|switch|p1a: S3xcadrill|Excadrill, M|100\/100\n|switch|p2a: Courage|Delphox, F|100\/100\n|-damage|p1a: S3xcadrill|98\/100|[from] Stealth Rock\n|turn|19\n|c|\u2606Le Denis|A cause de cette foutue non compatibilit\u00e9\n|\n|t:|1666038271\n|-zpower|p1a: S3xcadrill\n|move|p1a: S3xcadrill|Tectonic Rage|p2a: Courage|[zeffect]\n|-supereffective|p2a: Courage\n|-enditem|p2a: Courage|Shuca Berry|[eat]\n|-enditem|p2a: Courage|Shuca Berry|[weaken]\n|-damage|p2a: Courage|0 fnt\n|faint|p2a: Courage\n|\n|-weather|Sandstorm|[upkeep]\n|upkeep\n|\n|t:|1666038279\n|switch|p2a: Tib\u00e8re|Weavile, F|100\/100\n|-ability|p2a: Tib\u00e8re|Pressure\n|turn|20\n|c|\u2606Meracx|Putain la clim\n|c|\u2606Meracx|Je suis si d\u00e9\u00e7u\n|\n|t:|1666038310\n|move|p1a: S3xcadrill|Rock Slide|p2a: Tib\u00e8re\n|-supereffective|p2a: Tib\u00e8re\n|-damage|p2a: Tib\u00e8re|17\/100\n|move|p2a: Tib\u00e8re|Swords Dance|p2a: Tib\u00e8re\n|-boost|p2a: Tib\u00e8re|atk|2\n|\n|-weather|none\n|upkeep\n|turn|21\n|\n|t:|1666038323\n|move|p2a: Tib\u00e8re|Icicle Crash|p1a: S3xcadrill\n|-damage|p1a: S3xcadrill|0 fnt\n|faint|p1a: S3xcadrill\n|-damage|p2a: Tib\u00e8re|8\/100|[from] item: Life Orb\n|\n|upkeep\n|\n|t:|1666038329\n|switch|p1a: Pidgeot 306|Pidgeot-Mega, M|52\/100\n|-damage|p1a: Pidgeot 306|27\/100|[from] Stealth Rock\n|turn|22\n|\n|t:|1666038335\n|move|p2a: Tib\u00e8re|Ice Shard|p1a: Pidgeot 306\n|-supereffective|p1a: Pidgeot 306\n|-damage|p1a: Pidgeot 306|0 fnt\n|faint|p1a: Pidgeot 306\n|-damage|p2a: Tib\u00e8re|0 fnt|[from] item: Life Orb\n|faint|p2a: Tib\u00e8re\n|\n|win|Meracx\n|c|\u2606Meracx|Gg\n|c|\u2606Meracx|Je suis pass\u00e9 par tous les \u00e9tats\n","uploadtime":1666038358,"views":19,"p1id":"ledenis","p2id":"meracx","formatid":"gen7anythinggoes","rating":0,"private":0,"password":null}