{"id":"gen7letsgoou-1696378676","p1":"ayevon","p2":"CCharlesOliveira","format":"gen7letsgoou","log":"|j|\u2606ayevon\n|j|\u2606CCharlesOliveira\n|t:|1666891351\n|gametype|singles\n|player|p1|ayevon|2|\n|player|p2|CCharlesOliveira|lucas|\n|teamsize|p1|6\n|teamsize|p2|6\n|gen|7\n|tier|[Gen 7 Let's Go] OU\n|rated|Tournament battle\n|rule|Species Clause: Limit one of each Pok\u00e9mon\n|rule|OHKO Clause: OHKO moves are banned\n|rule|Evasion Moves Clause: Evasion moves are banned\n|rule|HP Percentage Mod: HP is shown in percentages\n|rule|Sleep Clause Mod: Limit one foe put to sleep\n|clearpoke\n|poke|p1|Alakazam, L50, F|item\n|poke|p1|Zapdos, L50|\n|poke|p1|Gengar, L50, M|\n|poke|p1|Dugtrio-Alola, L50, F|\n|poke|p1|Mew, L50|\n|poke|p1|Melmetal, L50|\n|poke|p2|Zapdos, L50|\n|poke|p2|Jolteon, L50, F|\n|poke|p2|Blastoise, L50, M|item\n|poke|p2|Mew, L50|\n|poke|p2|Melmetal, L50|\n|poke|p2|Dugtrio-Alola, L50, F|\n|teampreview\n|inactive|Battle timer is ON: inactive players will automatically lose when time's up. (requested by ayevon)\n|j| BB-8-NU\n|c|\u2606CCharlesOliveira|oh oh\n|j| Freezingpop\n|\n|t:|1666891362\n|start\n|switch|p1a: Mew|Mew, L50|100\/100\n|switch|p2a: Mew|Mew, L50|100\/100\n|turn|1\n|\n|t:|1666891367\n|move|p1a: Mew|Taunt|p2a: Mew\n|-start|p2a: Mew|move: Taunt\n|cant|p2a: Mew|move: Taunt|Stealth Rock\n|\n|upkeep\n|turn|2\n|\n|t:|1666891370\n|move|p1a: Mew|Stealth Rock|p2a: Mew\n|-sidestart|p2: CCharlesOliveira|move: Stealth Rock\n|move|p2a: Mew|Scald|p1a: Mew\n|-damage|p1a: Mew|80\/100\n|-status|p1a: Mew|brn\n|\n|-damage|p1a: Mew|75\/100 brn|[from] brn\n|upkeep\n|turn|3\n|\n|t:|1666891374\n|move|p1a: Mew|Scald|p2a: Mew\n|-damage|p2a: Mew|82\/100\n|-status|p2a: Mew|brn\n|move|p2a: Mew|Scald|p1a: Mew\n|-damage|p1a: Mew|57\/100 brn\n|\n|-damage|p1a: Mew|51\/100 brn|[from] brn\n|-damage|p2a: Mew|76\/100 brn|[from] brn\n|-end|p2a: Mew|move: Taunt\n|upkeep\n|turn|4\n|\n|t:|1666891379\n|move|p1a: Mew|Taunt|p2a: Mew\n|-start|p2a: Mew|move: Taunt\n|cant|p2a: Mew|move: Taunt|Stealth Rock\n|\n|-damage|p1a: Mew|45\/100 brn|[from] brn\n|-damage|p2a: Mew|71\/100 brn|[from] brn\n|upkeep\n|turn|5\n|\n|t:|1666891390\n|move|p1a: Mew|Roost|p1a: Mew\n|-heal|p1a: Mew|95\/100 brn\n|-singleturn|p1a: Mew|move: Roost\n|move|p2a: Mew|Scald|p1a: Mew\n|-damage|p1a: Mew|75\/100 brn\n|\n|-damage|p1a: Mew|69\/100 brn|[from] brn\n|-damage|p2a: Mew|65\/100 brn|[from] brn\n|upkeep\n|turn|6\n|\n|t:|1666891394\n|move|p1a: Mew|Scald|p2a: Mew\n|-damage|p2a: Mew|46\/100 brn\n|move|p2a: Mew|Scald|p1a: Mew\n|-damage|p1a: Mew|50\/100 brn\n|\n|-damage|p1a: Mew|44\/100 brn|[from] brn\n|-damage|p2a: Mew|40\/100 brn|[from] brn\n|-end|p2a: Mew|move: Taunt\n|upkeep\n|turn|7\n|\n|t:|1666891400\n|switch|p2a: Jolteon|Jolteon, L50, F|100\/100\n|-damage|p2a: Jolteon|88\/100|[from] Stealth Rock\n|move|p1a: Mew|Taunt|p2a: Jolteon\n|-start|p2a: Jolteon|move: Taunt\n|\n|-damage|p1a: Mew|39\/100 brn|[from] brn\n|upkeep\n|turn|8\n|\n|t:|1666891403\n|switch|p1a: Dugtrio|Dugtrio-Alola, L50, F|100\/100\n|move|p2a: Jolteon|Shadow Ball|p1a: Dugtrio\n|-damage|p1a: Dugtrio|56\/100\n|\n|upkeep\n|turn|9\n|j| corvere\n|l| Freezingpop\n|\n|t:|1666891411\n|switch|p2a: Mew|Mew, L50|40\/100 brn\n|-damage|p2a: Mew|28\/100 brn|[from] Stealth Rock\n|move|p1a: Dugtrio|Rock Slide|p2a: Mew\n|-damage|p2a: Mew|10\/100 brn\n|\n|-damage|p2a: Mew|4\/100 brn|[from] brn\n|upkeep\n|turn|10\n|j| beastlyaid\n|\n|t:|1666891416\n|move|p1a: Dugtrio|Earthquake|p2a: Mew\n|-damage|p2a: Mew|0 fnt\n|faint|p2a: Mew\n|\n|upkeep\n|\n|t:|1666891418\n|switch|p2a: Blastoise|Blastoise, L50, M, shiny|100\/100\n|-damage|p2a: Blastoise|88\/100|[from] Stealth Rock\n|turn|11\n|j| the PDB\n|\n|t:|1666891430\n|detailschange|p2a: Blastoise|Blastoise-Mega, L50, M, shiny\n|-mega|p2a: Blastoise|Blastoise|Blastoisinite\n|move|p1a: Dugtrio|Earthquake|p2a: Blastoise\n|-damage|p2a: Blastoise|50\/100\n|move|p2a: Blastoise|Ice Beam|p1a: Dugtrio\n|-damage|p1a: Dugtrio|0 fnt\n|faint|p1a: Dugtrio\n|\n|upkeep\n|\n|t:|1666891438\n|switch|p1a: Zapdos|Zapdos, L50|100\/100\n|turn|12\n|\n|t:|1666891444\n|switch|p2a: Dugtrio|Dugtrio-Alola, L50, F|100\/100\n|-damage|p2a: Dugtrio|98\/100|[from] Stealth Rock\n|move|p1a: Zapdos|Thunderbolt|p2a: Dugtrio\n|-immune|p2a: Dugtrio\n|\n|upkeep\n|turn|13\n|\n|t:|1666891448\n|move|p2a: Dugtrio|Toxic|p1a: Zapdos\n|-status|p1a: Zapdos|tox\n|move|p1a: Zapdos|Reflect|p1a: Zapdos\n|-sidestart|p1: ayevon|Reflect\n|\n|-damage|p1a: Zapdos|94\/100 tox|[from] psn\n|upkeep\n|turn|14\n|\n|t:|1666891454\n|move|p2a: Dugtrio|Rock Slide|p1a: Zapdos\n|-supereffective|p1a: Zapdos\n|-damage|p1a: Zapdos|71\/100 tox\n|cant|p1a: Zapdos|flinch\n|\n|-damage|p1a: Zapdos|59\/100 tox|[from] psn\n|upkeep\n|turn|15\n|\n|t:|1666891462\n|switch|p1a: Melmetal|Melmetal, L50|100\/100\n|move|p2a: Dugtrio|Rock Slide|p1a: Melmetal\n|-resisted|p1a: Melmetal\n|-damage|p1a: Melmetal|98\/100\n|\n|upkeep\n|turn|16\n|\n|t:|1666891467\n|switch|p2a: Blastoise|Blastoise-Mega, L50, M, shiny|50\/100\n|-damage|p2a: Blastoise|38\/100|[from] Stealth Rock\n|move|p1a: Melmetal|Ice Punch|p2a: Blastoise\n|-resisted|p2a: Blastoise\n|-damage|p2a: Blastoise|25\/100\n|\n|upkeep\n|turn|17\n|\n|t:|1666891471\n|switch|p1a: Zapdos|Zapdos, L50|59\/100 tox\n|move|p2a: Blastoise|Surf|p1a: Zapdos\n|-damage|p1a: Zapdos|8\/100 tox\n|\n|-damage|p1a: Zapdos|2\/100 tox|[from] psn\n|-sideend|p1: ayevon|Reflect\n|upkeep\n|turn|18\n|\n|t:|1666891478\n|move|p2a: Blastoise|Aqua Jet|p1a: Zapdos\n|-damage|p1a: Zapdos|0 fnt\n|faint|p1a: Zapdos\n|\n|upkeep\n|\n|t:|1666891482\n|switch|p1a: Gengar|Gengar, L50, M|100\/100\n|turn|19\n|\n|t:|1666891488\n|move|p2a: Blastoise|Aqua Jet|p1a: Gengar\n|-damage|p1a: Gengar|76\/100\n|move|p1a: Gengar|Shadow Ball|p2a: Blastoise\n|-damage|p2a: Blastoise|0 fnt\n|faint|p2a: Blastoise\n|\n|upkeep\n|l| beastlyaid\n|inactive|CCharlesOliveira has 120 seconds left.\n|inactive|CCharlesOliveira has 90 seconds left.\n|j| finchfan72\n|inactive|CCharlesOliveira has 60 seconds left.\n|c| finchfan72|ayevon\n|\n|t:|1666891590\n|switch|p2a: Jolteon|Jolteon, L50, F|88\/100\n|-damage|p2a: Jolteon|76\/100|[from] Stealth Rock\n|turn|20\n|c|\u2606ayevon|hi\n|\n|t:|1666891613\n|switch|p1a: Melmetal|Melmetal, L50|98\/100\n|move|p2a: Jolteon|Shadow Ball|p1a: Melmetal\n|-damage|p1a: Melmetal|72\/100\n|\n|upkeep\n|turn|21\n|inactive|CCharlesOliveira has 60 seconds left.\n|\n|t:|1666891625\n|switch|p2a: Zapdos|Zapdos, L50|100\/100\n|-damage|p2a: Zapdos|76\/100|[from] Stealth Rock\n|move|p1a: Melmetal|Earthquake|p2a: Zapdos\n|-immune|p2a: Zapdos\n|\n|upkeep\n|turn|22\n|j| beastlyaid\n|inactive|CCharlesOliveira has 60 seconds left.\n|\n|t:|1666891643\n|move|p2a: Zapdos|Thunderbolt|p1a: Melmetal\n|-damage|p1a: Melmetal|28\/100\n|-status|p1a: Melmetal|par\n|cant|p1a: Melmetal|par\n|\n|upkeep\n|turn|23\n|\n|t:|1666891650\n|switch|p1a: Mew|Mew, L50|39\/100 brn\n|move|p2a: Zapdos|Thunderbolt|p1a: Mew\n|-damage|p1a: Mew|4\/100 brn\n|\n|-damage|p1a: Mew|0 fnt|[from] brn\n|faint|p1a: Mew\n|upkeep\n|\n|t:|1666891653\n|switch|p1a: Gengar|Gengar, L50, M|76\/100\n|turn|24\n|\n|t:|1666891660\n|move|p1a: Gengar|Shadow Ball|p2a: Zapdos\n|-damage|p2a: Zapdos|31\/100\n|move|p2a: Zapdos|Thunderbolt|p1a: Gengar\n|-damage|p1a: Gengar|15\/100\n|\n|upkeep\n|turn|25\n|\n|t:|1666891664\n|move|p1a: Gengar|Shadow Ball|p2a: Zapdos\n|-damage|p2a: Zapdos|0 fnt\n|faint|p2a: Zapdos\n|\n|upkeep\n|\n|t:|1666891666\n|switch|p2a: Jolteon|Jolteon, L50, F|76\/100\n|-damage|p2a: Jolteon|64\/100|[from] Stealth Rock\n|turn|26\n|\n|t:|1666891669\n|switch|p1a: Melmetal|Melmetal, L50|28\/100 par\n|move|p2a: Jolteon|Shadow Ball|p1a: Melmetal\n|-damage|p1a: Melmetal|0 fnt\n|faint|p1a: Melmetal\n|\n|upkeep\n|\n|t:|1666891671\n|switch|p1a: Alakazam|Alakazam, L50, F|100\/100\n|turn|27\n|l| finchfan72\n|\n|t:|1666891679\n|switch|p2a: Melmetal|Melmetal, L50|100\/100\n|-damage|p2a: Melmetal|94\/100|[from] Stealth Rock\n|detailschange|p1a: Alakazam|Alakazam-Mega, L50, F\n|-mega|p1a: Alakazam|Alakazam|Alakazite\n|move|p1a: Alakazam|Psychic|p2a: Melmetal\n|-resisted|p2a: Melmetal\n|-damage|p2a: Melmetal|66\/100\n|\n|upkeep\n|turn|28\n|\n|t:|1666891685\n|move|p1a: Alakazam|Shadow Ball|p2a: Melmetal\n|-damage|p2a: Melmetal|29\/100\n|move|p2a: Melmetal|Double Iron Bash|p1a: Alakazam\n|-damage|p1a: Alakazam|45\/100\n|-crit|p1a: Alakazam\n|-damage|p1a: Alakazam|0 fnt\n|faint|p1a: Alakazam\n|-hitcount|p1: Alakazam|2\n|\n|upkeep\n|\n|t:|1666891688\n|switch|p1a: Gengar|Gengar, L50, M|15\/100\n|turn|29\n|-message|ayevon forfeited.\n|\n|win|CCharlesOliveira\n|n|\u2606ayevon|ayevon\n|n|\u2606CCharlesOliveira|ccharlesoliveira\n|n| BB-8-NU|bb8nu\n|n| corvere|corvere\n|n| the PDB|thepdb\n|n| beastlyaid|beastlyaid\n","uploadtime":1666891695,"views":10,"p1id":"ayevon","p2id":"ccharlesoliveira","formatid":"gen7letsgoou","rating":0,"private":0,"password":null}