{"id":"gen7ou-1705743503","p1":"KardiaKe","p2":"MurderousMantyke","format":"gen7ou","log":"|j|\u2606KardiaKe\n|j|\u2606MurderousMantyke\n|t:|1667918552\n|gametype|singles\n|player|p1|KardiaKe|unknown|1380\n|player|p2|MurderousMantyke|#helpstaffxmas|1502\n|teamsize|p1|6\n|teamsize|p2|6\n|gen|7\n|tier|[Gen 7] OU\n|rated|\n|rule|Sleep Clause Mod: Limit one foe put to sleep\n|rule|Species Clause: Limit one of each Pok\u00e9mon\n|rule|OHKO Clause: OHKO moves are banned\n|rule|Moody Clause: Moody is banned\n|rule|Evasion Items Clause: Evasion items are banned\n|rule|Evasion Moves Clause: Evasion moves are banned\n|rule|Endless Battle Clause: Forcing endless battles is banned\n|rule|HP Percentage Mod: HP is shown in percentages\n|clearpoke\n|poke|p1|Alakazam, F|item\n|poke|p1|Greninja, M|item\n|poke|p1|Kartana|item\n|poke|p1|Landorus-Therian, M|item\n|poke|p1|Tapu Lele|item\n|poke|p1|Kommo-o, F|item\n|poke|p2|Tyranitar, F|item\n|poke|p2|Mawile, M|item\n|poke|p2|Landorus-Therian, M|item\n|poke|p2|Heatran, F|item\n|poke|p2|Tornadus-Therian, M|item\n|poke|p2|Amoonguss, M|item\n|teampreview\n|c|\u2606MurderousMantyke|hf\n|c|\u2606KardiaKe|Hf !\n|\n|t:|1667918570\n|start\n|switch|p1a: Landorus|Landorus-Therian, M|100\/100\n|switch|p2a: Tornadus|Tornadus-Therian, M|100\/100\n|-ability|p1a: Landorus|Intimidate|boost\n|-unboost|p2a: Tornadus|atk|1\n|turn|1\n|\n|t:|1667918582\n|move|p2a: Tornadus|Knock Off|p1a: Landorus\n|-damage|p1a: Landorus|89\/100\n|-damage|p2a: Tornadus|84\/100|[from] item: Rocky Helmet|[of] p1a: Landorus\n|-enditem|p1a: Landorus|Rocky Helmet|[from] move: Knock Off|[of] p2a: Tornadus\n|move|p1a: Landorus|Stealth Rock|p2a: Tornadus\n|-sidestart|p2: MurderousMantyke|move: Stealth Rock\n|\n|upkeep\n|turn|2\n|\n|t:|1667918589\n|move|p2a: Tornadus|Defog|p1a: Landorus\n|-unboost|p1a: Landorus|evasion|1\n|-sideend|p2: MurderousMantyke|Stealth Rock|[from] move: Defog|[of] p2a: Tornadus\n|move|p1a: Landorus|U-turn|p2a: Tornadus\n|-resisted|p2a: Tornadus\n|-damage|p2a: Tornadus|72\/100\n|-damage|p1a: Landorus|72\/100|[from] item: Rocky Helmet|[of] p2a: Tornadus\n|\n|t:|1667918599\n|switch|p1a: Tapu Lele|Tapu Lele|100\/100|[from]move: U-turn\n|-fieldstart|move: Psychic Terrain|[from] ability: Psychic Surge|[of] p1a: Tapu Lele\n|\n|upkeep\n|turn|3\n|\n|t:|1667918606\n|move|p1a: Tapu Lele|Psyshock|p2a: Tornadus\n|-damage|p2a: Tornadus|7\/100\n|move|p2a: Tornadus|Knock Off|p1a: Tapu Lele\n|-damage|p1a: Tapu Lele|80\/100\n|-enditem|p1a: Tapu Lele|Choice Scarf|[from] move: Knock Off|[of] p2a: Tornadus\n|\n|upkeep\n|turn|4\n|\n|t:|1667918617\n|switch|p1a: Landorus|Landorus-Therian, M|72\/100\n|-ability|p1a: Landorus|Intimidate|boost\n|-unboost|p2a: Tornadus|atk|1\n|move|p2a: Tornadus|U-turn|p1a: Landorus\n|-resisted|p1a: Landorus\n|-damage|p1a: Landorus|70\/100\n|\n|t:|1667918624\n|switch|p2a: Amoonguss|Amoonguss, M|100\/100|[from]move: U-turn\n|\n|upkeep\n|turn|5\n|\n|t:|1667918629\n|move|p1a: Landorus|Stealth Rock|p2a: Amoonguss\n|-sidestart|p2: MurderousMantyke|move: Stealth Rock\n|move|p2a: Amoonguss|Stun Spore|p1a: Landorus|[miss]\n|-miss|p2a: Amoonguss|p1a: Landorus\n|\n|upkeep\n|turn|6\n|\n|t:|1667918637\n|move|p1a: Landorus|Earthquake|p2a: Amoonguss\n|-damage|p2a: Amoonguss|50\/100\n|move|p2a: Amoonguss|Hidden Power|p1a: Landorus\n|-damage|p1a: Landorus|58\/100\n|\n|-heal|p2a: Amoonguss|56\/100|[from] item: Black Sludge\n|-fieldend|move: Psychic Terrain\n|upkeep\n|turn|7\n|\n|t:|1667918644\n|move|p1a: Landorus|Earthquake|p2a: Amoonguss\n|-damage|p2a: Amoonguss|7\/100\n|move|p2a: Amoonguss|Spore|p1a: Landorus\n|-status|p1a: Landorus|slp|[from] move: Spore\n|\n|-heal|p2a: Amoonguss|13\/100|[from] item: Black Sludge\n|upkeep\n|turn|8\n|\n|t:|1667918653\n|cant|p1a: Landorus|slp\n|move|p2a: Amoonguss|Stun Spore||[still]\n|-fail|p2a: Amoonguss\n|\n|-heal|p2a: Amoonguss|19\/100|[from] item: Black Sludge\n|upkeep\n|turn|9\n|\n|t:|1667918659\n|switch|p2a: Tornadus|Tornadus-Therian, M|40\/100\n|-damage|p2a: Tornadus|15\/100|[from] Stealth Rock\n|cant|p1a: Landorus|slp\n|\n|upkeep\n|turn|10\n|\n|t:|1667918666\n|switch|p1a: Tapu Lele|Tapu Lele|80\/100\n|-fieldstart|move: Psychic Terrain|[from] ability: Psychic Surge|[of] p1a: Tapu Lele\n|move|p2a: Tornadus|Defog|p1a: Tapu Lele\n|-unboost|p1a: Tapu Lele|evasion|1\n|-sideend|p2: MurderousMantyke|Stealth Rock|[from] move: Defog|[of] p2a: Tornadus\n|\n|upkeep\n|turn|11\n|\n|t:|1667918674\n|move|p2a: Tornadus|U-turn|p1a: Tapu Lele\n|-damage|p1a: Tapu Lele|57\/100\n|\n|t:|1667918719\n|switch|p2a: Tyranitar|Tyranitar, F, shiny|100\/100|[from]move: U-turn\n|-weather|Sandstorm|[from] ability: Sand Stream|[of] p2a: Tyranitar\n|move|p1a: Tapu Lele|Moonblast|p2a: Tyranitar\n|-supereffective|p2a: Tyranitar\n|-damage|p2a: Tyranitar|74\/100\n|\n|-weather|Sandstorm|[upkeep]\n|-damage|p1a: Tapu Lele|51\/100|[from] Sandstorm\n|upkeep\n|turn|12\n|\n|t:|1667918730\n|-activate|p1a: Tapu Lele|move: Pursuit\n|move|p2a: Tyranitar|Pursuit|p1a: Tapu Lele|[from]Pursuit\n|-damage|p1a: Tapu Lele|0 fnt\n|faint|p1a: Tapu Lele\n|-hint|A Pokemon can't switch between when it runs out of HP and when it faints\n|\n|-weather|Sandstorm|[upkeep]\n|upkeep\n|\n|t:|1667918750\n|switch|p1a: Kommo-o|Kommo-o, F|100\/100\n|turn|13\n|\n|t:|1667918764\n|switch|p2a: Mawile|Mawile, M|100\/100\n|-ability|p2a: Mawile|Intimidate|boost\n|-unboost|p1a: Kommo-o|atk|1\n|move|p1a: Kommo-o|Substitute|p1a: Kommo-o\n|-start|p1a: Kommo-o|Substitute\n|-damage|p1a: Kommo-o|75\/100\n|\n|-weather|Sandstorm|[upkeep]\n|-damage|p1a: Kommo-o|69\/100|[from] Sandstorm\n|upkeep\n|turn|14\n|\n|t:|1667918775\n|detailschange|p2a: Mawile|Mawile-Mega, M\n|-mega|p2a: Mawile|Mawile|Mawilite\n|move|p1a: Kommo-o|Belly Drum|p1a: Kommo-o\n|-damage|p1a: Kommo-o|19\/100\n|-setboost|p1a: Kommo-o|atk|6|[from] move: Belly Drum\n|-enditem|p1a: Kommo-o|Salac Berry|[eat]\n|-boost|p1a: Kommo-o|spe|1|[from] item: Salac Berry\n|move|p2a: Mawile|Play Rough|p1a: Kommo-o\n|-supereffective|p1a: Kommo-o\n|-end|p1a: Kommo-o|Substitute\n|\n|-weather|Sandstorm|[upkeep]\n|-damage|p1a: Kommo-o|13\/100|[from] Sandstorm\n|-fieldend|move: Psychic Terrain\n|upkeep\n|turn|15\n|\n|t:|1667918789\n|move|p2a: Mawile|Sucker Punch|p1a: Kommo-o\n|-resisted|p1a: Kommo-o\n|-damage|p1a: Kommo-o|0 fnt\n|faint|p1a: Kommo-o\n|\n|-weather|none\n|upkeep\n|\n|t:|1667918795\n|switch|p1a: Landorus|Landorus-Therian, M|58\/100 slp\n|-ability|p1a: Landorus|Intimidate|boost\n|-unboost|p2a: Mawile|atk|1\n|turn|16\n|\n|t:|1667918818\n|switch|p2a: Tornadus|Tornadus-Therian, M|48\/100\n|cant|p1a: Landorus|slp\n|\n|upkeep\n|turn|17\n|\n|t:|1667918825\n|move|p2a: Tornadus|Hurricane|p1a: Landorus|[miss]\n|-miss|p2a: Tornadus|p1a: Landorus\n|-curestatus|p1a: Landorus|slp|[msg]\n|move|p1a: Landorus|Hidden Power|p2a: Tornadus\n|-supereffective|p2a: Tornadus\n|-damage|p2a: Tornadus|20\/100\n|\n|upkeep\n|turn|18\n|\n|t:|1667918833\n|move|p2a: Tornadus|Hurricane|p1a: Landorus\n|-damage|p1a: Landorus|14\/100\n|move|p1a: Landorus|Stealth Rock|p2a: Tornadus\n|-sidestart|p2: MurderousMantyke|move: Stealth Rock\n|\n|upkeep\n|turn|19\n|\n|t:|1667918841\n|move|p2a: Tornadus|Hurricane|p1a: Landorus\n|-damage|p1a: Landorus|0 fnt\n|faint|p1a: Landorus\n|\n|upkeep\n|\n|t:|1667918847\n|switch|p1a: Greninja|Greninja, M|100\/100\n|turn|20\n|\n|t:|1667918861\n|move|p1a: Greninja|Ice Beam|p2a: Tornadus\n|-supereffective|p2a: Tornadus\n|-damage|p2a: Tornadus|0 fnt\n|faint|p2a: Tornadus\n|-activate|p1a: Greninja|ability: Battle Bond\n|detailschange|p1a: Greninja|Greninja-Ash, M\n|\n|upkeep\n|\n|t:|1667918867\n|switch|p2a: Tyranitar|Tyranitar, F, shiny|74\/100\n|-damage|p2a: Tyranitar|62\/100|[from] Stealth Rock\n|-weather|Sandstorm|[from] ability: Sand Stream|[of] p2a: Tyranitar\n|turn|21\n|\n|t:|1667918873\n|-zpower|p1a: Greninja\n|move|p1a: Greninja|Hydro Vortex|p2a: Tyranitar|[zeffect]\n|-supereffective|p2a: Tyranitar\n|-damage|p2a: Tyranitar|2\/100\n|move|p2a: Tyranitar|Earthquake|p1a: Greninja\n|-damage|p1a: Greninja|52\/100\n|\n|-weather|Sandstorm|[upkeep]\n|-damage|p1a: Greninja|46\/100|[from] Sandstorm\n|upkeep\n|turn|22\n|\n|t:|1667918883\n|move|p1a: Greninja|Water Shuriken|p2a: Tyranitar\n|-supereffective|p2a: Tyranitar\n|-damage|p2a: Tyranitar|0 fnt\n|faint|p2a: Tyranitar\n|-hitcount|p2: Tyranitar|1\n|\n|-weather|Sandstorm|[upkeep]\n|-damage|p1a: Greninja|40\/100|[from] Sandstorm\n|upkeep\n|\n|t:|1667918904\n|switch|p2a: Mawile|Mawile-Mega, M|100\/100\n|-damage|p2a: Mawile|95\/100|[from] Stealth Rock\n|turn|23\n|\n|t:|1667918912\n|move|p1a: Greninja|Water Shuriken|p2a: Mawile\n|-damage|p2a: Mawile|81\/100\n|-damage|p2a: Mawile|67\/100\n|-damage|p2a: Mawile|50\/100\n|-hitcount|p2a: Mawile|3\n|move|p2a: Mawile|Knock Off|p1a: Greninja\n|-resisted|p1a: Greninja\n|-damage|p1a: Greninja|7\/100\n|\n|-weather|Sandstorm|[upkeep]\n|-damage|p1a: Greninja|1\/100|[from] Sandstorm\n|upkeep\n|turn|24\n|\n|t:|1667918926\n|move|p1a: Greninja|Water Shuriken|p2a: Mawile\n|-damage|p2a: Mawile|34\/100\n|-damage|p2a: Mawile|19\/100\n|-damage|p2a: Mawile|3\/100\n|-hitcount|p2a: Mawile|3\n|move|p2a: Mawile|Swords Dance|p2a: Mawile\n|-boost|p2a: Mawile|atk|2\n|\n|-weather|Sandstorm|[upkeep]\n|-damage|p1a: Greninja|0 fnt|[from] Sandstorm\n|faint|p1a: Greninja\n|upkeep\n|\n|t:|1667918945\n|switch|p1a: Alakazam|Alakazam, F|100\/100\n|turn|25\n|\n|t:|1667918966\n|detailschange|p1a: Alakazam|Alakazam-Mega, F\n|-mega|p1a: Alakazam|Alakazam|Alakazite\n|-ability|p1a: Alakazam|Huge Power|[from] ability: Trace|[of] p2a: Mawile\n|move|p2a: Mawile|Sucker Punch||[still]\n|-fail|p2a: Mawile\n|move|p1a: Alakazam|Recover||[still]\n|-fail|p1a: Alakazam|heal\n|\n|-weather|none\n|upkeep\n|turn|26\n|\n|t:|1667918977\n|move|p2a: Mawile|Sucker Punch|p1a: Alakazam\n|-supereffective|p1a: Alakazam\n|-damage|p1a: Alakazam|0 fnt\n|faint|p1a: Alakazam\n|\n|upkeep\n|c|\u2606KardiaKe|gg\n|\n|t:|1667918984\n|switch|p1a: Kartana|Kartana|100\/100\n|turn|27\n|c|\u2606MurderousMantyke|gg\n|\n|t:|1667918993\n|move|p2a: Mawile|Sucker Punch|p1a: Kartana\n|-damage|p1a: Kartana|13\/100\n|move|p1a: Kartana|Sacred Sword|p2a: Mawile\n|-damage|p2a: Mawile|0 fnt\n|faint|p2a: Mawile\n|-ability|p1a: Kartana|Beast Boost|boost\n|-boost|p1a: Kartana|atk|1\n|\n|upkeep\n|\n|t:|1667918998\n|switch|p2a: Landorus|Landorus-Therian, M|100\/100\n|-damage|p2a: Landorus|88\/100|[from] Stealth Rock\n|-ability|p2a: Landorus|Intimidate|boost\n|-unboost|p1a: Kartana|atk|1\n|turn|28\n|\n|t:|1667919005\n|move|p1a: Kartana|Sacred Sword|p2a: Landorus\n|-resisted|p2a: Landorus\n|-damage|p2a: Landorus|68\/100\n|move|p2a: Landorus|U-turn|p1a: Kartana\n|-damage|p1a: Kartana|0 fnt\n|faint|p1a: Kartana\n|\n|win|MurderousMantyke\n|raw|KardiaKe's rating: 1380 &rarr; <strong>1367<\/strong><br \/>(-13 for losing)\n|raw|MurderousMantyke's rating: 1502 &rarr; <strong>1515<\/strong><br \/>(+13 for winning)\n|l|\u2606MurderousMantyke\n","uploadtime":1667919022,"views":6,"p1id":"kardiake","p2id":"murderousmantyke","formatid":"gen7ou","rating":1367,"private":0,"password":null}