{"id":"gen7ou-1112274589","p1":"Ban Lando t guy jk","p2":"N3T3R0","format":"gen7ou","log":"|j|\u2606Ban Lando t guy jk\n|j|\u2606N3T3R0\n|player|p1|Ban Lando t guy jk|164|1641\n|player|p2|N3T3R0|drayden|1633\n|teamsize|p1|6\n|teamsize|p2|6\n|gametype|singles\n|gen|7\n|tier|[Gen 7] OU\n|rated|\n|clearpoke\n|poke|p1|Hawlucha, F|item\n|poke|p1|Swampert, F|item\n|poke|p1|Ferrothorn, M|item\n|poke|p1|Pelipper, F|item\n|poke|p1|Tapu Koko|item\n|poke|p1|Greninja, M|item\n|poke|p2|Rotom-Wash|item\n|poke|p2|Heatran, M|item\n|poke|p2|Beedrill, F|item\n|poke|p2|Tapu Lele|item\n|poke|p2|Kartana|item\n|poke|p2|Zapdos|item\n|rule|Sleep Clause Mod: Limit one foe put to sleep\n|rule|Species Clause: Limit one of each Pok\u00e9mon\n|rule|OHKO Clause: OHKO moves are banned\n|rule|Moody Clause: Moody is banned\n|rule|Evasion Moves Clause: Evasion moves are banned\n|rule|Endless Battle Clause: Forcing endless battles is banned\n|rule|HP Percentage Mod: HP is shown in percentages\n|teampreview\n|inactive|Battle timer is ON: inactive players will automatically lose when time's up. (requested by N3T3R0)\n|\n|start\n|switch|p1a: Tapu Koko|Tapu Koko|100\/100\n|switch|p2a: Rotonimo|Rotom-Wash, shiny|100\/100\n|-fieldstart|move: Electric Terrain|[from] ability: Electric Surge|[of] p1a: Tapu Koko\n|turn|1\n|\n|move|p1a: Tapu Koko|Nature's Madness|p2a: Rotonimo\n|-damage|p2a: Rotonimo|51\/100\n|move|p2a: Rotonimo|Volt Switch|p1a: Tapu Koko\n|-resisted|p1a: Tapu Koko\n|-damage|p1a: Tapu Koko|78\/100\n|\n|switch|p2a: Vespiqueen|Beedrill, F, shiny|100\/100|[from]move: Volt Switch\n|\n|upkeep\n|turn|2\n|j| Parmentierdipapa\n|\n|switch|p1a: Hey|Ferrothorn, M|100\/100\n|detailschange|p2a: Vespiqueen|Beedrill-Mega, F, shiny\n|-mega|p2a: Vespiqueen|Beedrill|Beedrillite\n|move|p2a: Vespiqueen|Drill Run|p1a: Hey\n|-damage|p1a: Hey|80\/100\n|-damage|p2a: Vespiqueen|88\/100|[from] ability: Iron Barbs|[of] p1a: Hey\n|\n|-heal|p1a: Hey|86\/100|[from] item: Leftovers\n|upkeep\n|turn|3\n|\n|switch|p2a: Origami|Kartana, shiny|100\/100\n|move|p1a: Hey|Stealth Rock|p2a: Origami\n|-sidestart|p2: N3T3R0|move: Stealth Rock\n|\n|-heal|p1a: Hey|92\/100|[from] item: Leftovers\n|upkeep\n|turn|4\n|\n|switch|p1a: Tapu Koko|Tapu Koko|78\/100\n|move|p2a: Origami|Swords Dance|p2a: Origami\n|-boost|p2a: Origami|atk|2\n|\n|upkeep\n|turn|5\n|\n|-zpower|p1a: Tapu Koko\n|move|p1a: Tapu Koko|Twinkle Tackle|p2a: Origami|[zeffect]\n|-resisted|p2a: Origami\n|-damage|p2a: Origami|0 fnt\n|faint|p2a: Origami\n|\n|-fieldend|move: Electric Terrain\n|upkeep\n|\n|switch|p2a: Eri|Tapu Lele, shiny|100\/100\n|-damage|p2a: Eri|88\/100|[from] Stealth Rock\n|-fieldstart|move: Psychic Terrain|[from] ability: Psychic Surge|[of] p2a: Eri\n|turn|6\n|\n|switch|p1a: Hey|Ferrothorn, M|92\/100\n|move|p2a: Eri|Psychic|p1a: Hey\n|-resisted|p1a: Hey\n|-damage|p1a: Hey|66\/100\n|\n|-heal|p1a: Hey|73\/100|[from] item: Leftovers\n|upkeep\n|turn|7\n|\n|switch|p2a: Rotonimo|Rotom-Wash, shiny|51\/100\n|-damage|p2a: Rotonimo|38\/100|[from] Stealth Rock\n|move|p1a: Hey|Knock Off|p2a: Rotonimo\n|-damage|p2a: Rotonimo|18\/100\n|-enditem|p2a: Rotonimo|Wiki Berry|[from] move: Knock Off|[of] p1a: Hey\n|\n|-heal|p1a: Hey|79\/100|[from] item: Leftovers\n|upkeep\n|turn|8\n|\n|move|p2a: Rotonimo|Defog|p1a: Hey\n|-unboost|p1a: Hey|evasion|1\n|-sideend|p2: N3T3R0|Stealth Rock|[from] move: Defog|[of] p2a: Rotonimo\n|move|p1a: Hey|Spikes|p2a: Rotonimo\n|-sidestart|p2: N3T3R0|Spikes\n|\n|-heal|p1a: Hey|85\/100|[from] item: Leftovers\n|upkeep\n|turn|9\n|\n|move|p2a: Rotonimo|Will-O-Wisp|p1a: Hey\n|-status|p1a: Hey|brn\n|move|p1a: Hey|Stealth Rock|p2a: Rotonimo\n|-sidestart|p2: N3T3R0|move: Stealth Rock\n|\n|-heal|p1a: Hey|91\/100 brn|[from] item: Leftovers\n|-damage|p1a: Hey|85\/100 brn|[from] brn\n|upkeep\n|turn|10\n|\n|move|p2a: Rotonimo|Defog|p1a: Hey\n|-unboost|p1a: Hey|evasion|1\n|-sideend|p2: N3T3R0|Spikes|[from] move: Defog|[of] p2a: Rotonimo\n|-sideend|p2: N3T3R0|Stealth Rock|[from] move: Defog|[of] p2a: Rotonimo\n|move|p1a: Hey|Stealth Rock|p2a: Rotonimo\n|-sidestart|p2: N3T3R0|move: Stealth Rock\n|\n|-heal|p1a: Hey|91\/100 brn|[from] item: Leftovers\n|-damage|p1a: Hey|85\/100 brn|[from] brn\n|-fieldend|move: Psychic Terrain\n|upkeep\n|turn|11\n|\n|move|p2a: Rotonimo|Defog|p1a: Hey\n|-unboost|p1a: Hey|evasion|1\n|-sideend|p2: N3T3R0|Stealth Rock|[from] move: Defog|[of] p2a: Rotonimo\n|move|p1a: Hey|Stealth Rock|p2a: Rotonimo\n|-sidestart|p2: N3T3R0|move: Stealth Rock\n|\n|-heal|p1a: Hey|91\/100 brn|[from] item: Leftovers\n|-damage|p1a: Hey|85\/100 brn|[from] brn\n|upkeep\n|turn|12\n|\n|move|p2a: Rotonimo|Defog|p1a: Hey\n|-unboost|p1a: Hey|evasion|1\n|-sideend|p2: N3T3R0|Stealth Rock|[from] move: Defog|[of] p2a: Rotonimo\n|move|p1a: Hey|Stealth Rock|p2a: Rotonimo\n|-sidestart|p2: N3T3R0|move: Stealth Rock\n|\n|-heal|p1a: Hey|91\/100 brn|[from] item: Leftovers\n|-damage|p1a: Hey|85\/100 brn|[from] brn\n|upkeep\n|turn|13\n|\n|move|p2a: Rotonimo|Defog|p1a: Hey\n|-unboost|p1a: Hey|evasion|1\n|-sideend|p2: N3T3R0|Stealth Rock|[from] move: Defog|[of] p2a: Rotonimo\n|move|p1a: Hey|Stealth Rock|p2a: Rotonimo\n|-sidestart|p2: N3T3R0|move: Stealth Rock\n|\n|-heal|p1a: Hey|91\/100 brn|[from] item: Leftovers\n|-damage|p1a: Hey|85\/100 brn|[from] brn\n|upkeep\n|turn|14\n|\n|move|p2a: Rotonimo|Hydro Pump|p1a: Hey\n|-resisted|p1a: Hey\n|-damage|p1a: Hey|70\/100 brn\n|move|p1a: Hey|Stealth Rock||[still]\n|-fail|p1a: Hey\n|\n|-heal|p1a: Hey|76\/100 brn|[from] item: Leftovers\n|-damage|p1a: Hey|70\/100 brn|[from] brn\n|upkeep\n|turn|15\n|\n|move|p2a: Rotonimo|Defog|p1a: Hey\n|-unboost|p1a: Hey|evasion|1\n|-sideend|p2: N3T3R0|Stealth Rock|[from] move: Defog|[of] p2a: Rotonimo\n|move|p1a: Hey|Gyro Ball|p2a: Rotonimo\n|-resisted|p2a: Rotonimo\n|-damage|p2a: Rotonimo|13\/100\n|\n|-heal|p1a: Hey|76\/100 brn|[from] item: Leftovers\n|-damage|p1a: Hey|70\/100 brn|[from] brn\n|upkeep\n|turn|16\n|\n|move|p2a: Rotonimo|Hydro Pump|p1a: Hey\n|-resisted|p1a: Hey\n|-damage|p1a: Hey|53\/100 brn\n|move|p1a: Hey|Stealth Rock|p2a: Rotonimo\n|-sidestart|p2: N3T3R0|move: Stealth Rock\n|\n|-heal|p1a: Hey|59\/100 brn|[from] item: Leftovers\n|-damage|p1a: Hey|53\/100 brn|[from] brn\n|upkeep\n|turn|17\n|\n|move|p2a: Rotonimo|Defog|p1a: Hey\n|-unboost|p1a: Hey|evasion|0\n|-sideend|p2: N3T3R0|Stealth Rock|[from] move: Defog|[of] p2a: Rotonimo\n|move|p1a: Hey|Knock Off|p2a: Rotonimo\n|-damage|p2a: Rotonimo|5\/100\n|\n|-heal|p1a: Hey|59\/100 brn|[from] item: Leftovers\n|-damage|p1a: Hey|53\/100 brn|[from] brn\n|upkeep\n|turn|18\n|\n|move|p2a: Rotonimo|Hydro Pump|p1a: Hey\n|-resisted|p1a: Hey\n|-damage|p1a: Hey|36\/100 brn\n|move|p1a: Hey|Stealth Rock|p2a: Rotonimo\n|-sidestart|p2: N3T3R0|move: Stealth Rock\n|\n|-heal|p1a: Hey|42\/100 brn|[from] item: Leftovers\n|-damage|p1a: Hey|36\/100 brn|[from] brn\n|upkeep\n|turn|19\n|\n|move|p2a: Rotonimo|Defog|p1a: Hey\n|-unboost|p1a: Hey|evasion|0\n|-sideend|p2: N3T3R0|Stealth Rock|[from] move: Defog|[of] p2a: Rotonimo\n|move|p1a: Hey|Spikes|p2a: Rotonimo\n|-sidestart|p2: N3T3R0|Spikes\n|\n|-heal|p1a: Hey|42\/100 brn|[from] item: Leftovers\n|-damage|p1a: Hey|36\/100 brn|[from] brn\n|upkeep\n|turn|20\n|\n|move|p2a: Rotonimo|Defog|p1a: Hey\n|-unboost|p1a: Hey|evasion|0\n|-sideend|p2: N3T3R0|Spikes|[from] move: Defog|[of] p2a: Rotonimo\n|move|p1a: Hey|Stealth Rock|p2a: Rotonimo\n|-sidestart|p2: N3T3R0|move: Stealth Rock\n|\n|-heal|p1a: Hey|42\/100 brn|[from] item: Leftovers\n|-damage|p1a: Hey|36\/100 brn|[from] brn\n|upkeep\n|turn|21\n|\n|move|p2a: Rotonimo|Defog|p1a: Hey\n|-unboost|p1a: Hey|evasion|0\n|-sideend|p2: N3T3R0|Stealth Rock|[from] move: Defog|[of] p2a: Rotonimo\n|move|p1a: Hey|Spikes|p2a: Rotonimo\n|-sidestart|p2: N3T3R0|Spikes\n|\n|-heal|p1a: Hey|42\/100 brn|[from] item: Leftovers\n|-damage|p1a: Hey|36\/100 brn|[from] brn\n|upkeep\n|turn|22\n|\n|move|p2a: Rotonimo|Hydro Pump|p1a: Hey\n|-resisted|p1a: Hey\n|-damage|p1a: Hey|19\/100 brn\n|move|p1a: Hey|Stealth Rock|p2a: Rotonimo\n|-sidestart|p2: N3T3R0|move: Stealth Rock\n|\n|-heal|p1a: Hey|25\/100 brn|[from] item: Leftovers\n|-damage|p1a: Hey|19\/100 brn|[from] brn\n|upkeep\n|turn|23\n|\n|move|p2a: Rotonimo|Defog|p1a: Hey\n|-unboost|p1a: Hey|evasion|0\n|-sideend|p2: N3T3R0|Spikes|[from] move: Defog|[of] p2a: Rotonimo\n|-sideend|p2: N3T3R0|Stealth Rock|[from] move: Defog|[of] p2a: Rotonimo\n|move|p1a: Hey|Stealth Rock|p2a: Rotonimo\n|-sidestart|p2: N3T3R0|move: Stealth Rock\n|\n|-heal|p1a: Hey|25\/100 brn|[from] item: Leftovers\n|-damage|p1a: Hey|19\/100 brn|[from] brn\n|upkeep\n|turn|24\n|\n|move|p2a: Rotonimo|Defog|p1a: Hey\n|-unboost|p1a: Hey|evasion|0\n|-sideend|p2: N3T3R0|Stealth Rock|[from] move: Defog|[of] p2a: Rotonimo\n|move|p1a: Hey|Stealth Rock|p2a: Rotonimo\n|-sidestart|p2: N3T3R0|move: Stealth Rock\n|\n|-heal|p1a: Hey|25\/100 brn|[from] item: Leftovers\n|-damage|p1a: Hey|19\/100 brn|[from] brn\n|upkeep\n|turn|25\n|\n|move|p2a: Rotonimo|Defog|p1a: Hey\n|-unboost|p1a: Hey|evasion|0\n|-sideend|p2: N3T3R0|Stealth Rock|[from] move: Defog|[of] p2a: Rotonimo\n|move|p1a: Hey|Stealth Rock|p2a: Rotonimo\n|-sidestart|p2: N3T3R0|move: Stealth Rock\n|\n|-heal|p1a: Hey|25\/100 brn|[from] item: Leftovers\n|-damage|p1a: Hey|19\/100 brn|[from] brn\n|upkeep\n|turn|26\n|\n|move|p2a: Rotonimo|Hydro Pump|p1a: Hey\n|-resisted|p1a: Hey\n|-damage|p1a: Hey|0 fnt\n|faint|p1a: Hey\n|\n|upkeep\n|\n|switch|p1a: K. Beats|Greninja, M|100\/100\n|turn|27\n|\n|move|p1a: K. Beats|Dark Pulse|p2a: Rotonimo\n|-damage|p2a: Rotonimo|0 fnt\n|faint|p2a: Rotonimo\n|-activate|p1a: K. Beats|ability: Battle Bond\n|detailschange|p1a: K. Beats|Greninja-Ash, M\n|\n|upkeep\n|\n|switch|p2a: Eri|Tapu Lele, shiny|88\/100\n|-damage|p2a: Eri|76\/100|[from] Stealth Rock\n|-fieldstart|move: Psychic Terrain|[from] ability: Psychic Surge|[of] p2a: Eri\n|turn|28\n|\n|switch|p1a: Nappy is trash|Pelipper, F|100\/100\n|-weather|RainDance|[from] ability: Drizzle|[of] p1a: Nappy is trash\n|move|p2a: Eri|Moonblast|p1a: Nappy is trash\n|-damage|p1a: Nappy is trash|52\/100\n|\n|-weather|RainDance|[upkeep]\n|upkeep\n|turn|29\n|\n|switch|p2a: Zapther|Zapdos, shiny|100\/100\n|-damage|p2a: Zapther|76\/100|[from] Stealth Rock\n|move|p1a: Nappy is trash|U-turn|p2a: Zapther\n|-resisted|p2a: Zapther\n|-damage|p2a: Zapther|73\/100\n|-damage|p1a: Nappy is trash|35\/100|[from] item: Rocky Helmet|[of] p2a: Zapther\n|l|\u2606Ban Lando t guy jk\n|inactive|Ban Lando t guy jk disconnected and has a minute to reconnect!\n|player|p1|\n|j|\u2606Ban Lando t guy jk\n|inactive|Ban Lando t guy jk reconnected and has 140 seconds left.\n|player|p1|Ban Lando t guy jk|164\n|\n|switch|p1a: Let get Bluff|Swampert, F|100\/100|[from]move: U-turn\n|\n|-weather|RainDance|[upkeep]\n|upkeep\n|turn|30\n|\n|detailschange|p1a: Let get Bluff|Swampert-Mega, F\n|-mega|p1a: Let get Bluff|Swampert|Swampertite\n|move|p1a: Let get Bluff|Waterfall|p2a: Zapther\n|-damage|p2a: Zapther|16\/100\n|-damage|p1a: Let get Bluff|84\/100|[from] item: Rocky Helmet|[of] p2a: Zapther\n|move|p2a: Zapther|Toxic|p1a: Let get Bluff\n|-status|p1a: Let get Bluff|tox\n|\n|-weather|RainDance|[upkeep]\n|-damage|p1a: Let get Bluff|78\/100 tox|[from] psn\n|upkeep\n|turn|31\n|\n|move|p1a: Let get Bluff|Waterfall|p2a: Zapther\n|-damage|p2a: Zapther|0 fnt\n|-damage|p1a: Let get Bluff|61\/100 tox|[from] item: Rocky Helmet|[of] p2a: Zapther\n|faint|p2a: Zapther\n|\n|-weather|RainDance|[upkeep]\n|-damage|p1a: Let get Bluff|49\/100 tox|[from] psn\n|upkeep\n|\n|switch|p2a: JoJotran|Heatran, M, shiny|100\/100\n|-damage|p2a: JoJotran|88\/100|[from] Stealth Rock\n|turn|32\n|inactive|Ban Lando t guy jk has 120 seconds left.\n|\n|move|p2a: JoJotran|Protect|p2a: JoJotran\n|-singleturn|p2a: JoJotran|Protect\n|move|p1a: Let get Bluff|Waterfall|p2a: JoJotran\n|-activate|p2a: JoJotran|move: Protect\n|\n|-weather|RainDance|[upkeep]\n|-heal|p2a: JoJotran|94\/100|[from] item: Leftovers\n|-damage|p1a: Let get Bluff|31\/100 tox|[from] psn\n|-fieldend|move: Psychic Terrain\n|upkeep\n|turn|33\n|\n|move|p2a: JoJotran|Protect|p2a: JoJotran\n|-singleturn|p2a: JoJotran|Protect\n|move|p1a: Let get Bluff|Waterfall|p2a: JoJotran\n|-activate|p2a: JoJotran|move: Protect\n|\n|-weather|RainDance|[upkeep]\n|-heal|p2a: JoJotran|99\/100|[from] item: Leftovers\n|-damage|p1a: Let get Bluff|6\/100 tox|[from] psn\n|upkeep\n|turn|34\n|\n|move|p2a: JoJotran|Protect||[still]\n|-fail|p2a: JoJotran\n|move|p1a: Let get Bluff|Waterfall|p2a: JoJotran\n|-supereffective|p2a: JoJotran\n|-damage|p2a: JoJotran|0 fnt\n|faint|p2a: JoJotran\n|\n|-weather|RainDance|[upkeep]\n|-damage|p1a: Let get Bluff|0 fnt|[from] psn\n|faint|p1a: Let get Bluff\n|upkeep\n|\n|switch|p1a: Tapu Koko|Tapu Koko|78\/100\n|switch|p2a: Eri|Tapu Lele, shiny|76\/100\n|-damage|p2a: Eri|63\/100|[from] Stealth Rock\n|-fieldstart|move: Psychic Terrain|[from] ability: Psychic Surge|[of] p2a: Eri\n|-fieldstart|move: Electric Terrain|[from] ability: Electric Surge|[of] p1a: Tapu Koko\n|turn|35\n|\n|switch|p1a: K. Beats|Greninja-Ash, M|100\/100\n|move|p2a: Eri|Moonblast|p1a: K. Beats\n|-supereffective|p1a: K. Beats\n|-damage|p1a: K. Beats|0 fnt\n|faint|p1a: K. Beats\n|\n|-weather|none\n|upkeep\n|\n|switch|p1a: opy and PasteBirb|Hawlucha, F|100\/100\n|-enditem|p1a: opy and PasteBirb|Electric Seed\n|-boost|p1a: opy and PasteBirb|def|1|[from] item: Electric Seed\n|turn|36\n|\n|move|p1a: opy and PasteBirb|Acrobatics|p2a: Eri\n|-damage|p2a: Eri|0 fnt\n|faint|p2a: Eri\n|\n|upkeep\n|l| Parmentierdipapa\n|\n|switch|p2a: Vespiqueen|Beedrill-Mega, F, shiny|88\/100\n|-damage|p2a: Vespiqueen|64\/100|[from] Stealth Rock\n|turn|37\n|\n|move|p1a: opy and PasteBirb|Acrobatics|p2a: Vespiqueen\n|-supereffective|p2a: Vespiqueen\n|-damage|p2a: Vespiqueen|0 fnt\n|faint|p2a: Vespiqueen\n|\n|win|Ban Lando t guy jk\n|l|\u2606N3T3R0\n|c|\u2606Ban Lando t guy jk|Gg\n||Ladder (probably) updated, but score could not be retrieved (Response not received).\n","uploadtime":1589138546,"views":5,"p1id":"banlandotguyjk","p2id":"n3t3r0","formatid":"gen7ou","rating":0,"private":0,"password":null}