{"id":"gen7oublitz-955895540","p1":"Alakazam95","p2":"orangesss","format":"gen7oublitz","log":"|j|\u2606Alakazam95\n|j|\u2606orangesss\n|player|p1|Alakazam95|2|1291\n|player|p2|orangesss|209|1358\n|teamsize|p1|6\n|teamsize|p2|6\n|gametype|singles\n|gen|7\n|tier|[Gen 7] OU (Blitz)\n|rated|\n|rule|Sleep Clause Mod: Limit one foe put to sleep\n|rule|Species Clause: Limit one of each Pok\u00e9mon\n|rule|OHKO Clause: OHKO moves are banned\n|rule|Moody Clause: Moody is banned\n|rule|Evasion Moves Clause: Evasion moves are banned\n|rule|Endless Battle Clause: Forcing endless battles is banned\n|rule|HP Percentage Mod: HP is shown in percentages\n|clearpoke\n|poke|p1|Tyranitar, M|item\n|poke|p1|Chansey, F|item\n|poke|p1|Greninja, M|item\n|poke|p1|Ferrothorn, M|item\n|poke|p1|Heatran, M|item\n|poke|p1|Tapu Koko|item\n|poke|p2|Hawlucha, F|item\n|poke|p2|Swampert, F|item\n|poke|p2|Ferrothorn, M|item\n|poke|p2|Pelipper, M|item\n|poke|p2|Tapu Koko|item\n|poke|p2|Greninja, M|item\n|rule|Blitz: Super-fast timer\n|teampreview\n|j| Blitzpanther3\n|inactive|Alakazam95 has 30 seconds left this turn.\n|inactive|orangesss has 30 seconds left this turn.\n|inactive|Battle timer is ON: inactive players will automatically lose when time's up. (requested by orangesss)\n|\n|start\n|switch|p1a: Tyranitar|Tyranitar, M|100\/100\n|switch|p2a: K. Beats|Greninja, M|100\/100\n|-weather|Sandstorm|[from] ability: Sand Stream|[of] p1a: Tyranitar\n|turn|1\n|inactive|Alakazam95 has 15 seconds left this turn.\n|inactive|orangesss has 15 seconds left this turn.\n|inactive|Alakazam95 has 10 seconds left.\n|\n|switch|p1a: Ferrothorn|Ferrothorn, M|100\/100\n|move|p2a: K. Beats|Low Kick|p1a: Ferrothorn\n|-start|p2a: K. Beats|typechange|Fighting|[from] ability: Protean\n|-supereffective|p1a: Ferrothorn\n|-damage|p1a: Ferrothorn|41\/100\n|-damage|p2a: K. Beats|88\/100|[from] ability: Iron Barbs|[of] p1a: Ferrothorn\n|\n|-weather|Sandstorm|[upkeep]\n|-damage|p2a: K. Beats|82\/100|[from] Sandstorm\n|-heal|p1a: Ferrothorn|47\/100|[from] item: Leftovers\n|upkeep\n|turn|2\n|inactive|Alakazam95 has 15 seconds left this turn.\n|inactive|orangesss has 15 seconds left this turn.\n|inactive|Alakazam95 has 10 seconds left.\n|\n|switch|p1a: Tapu Koko|Tapu Koko, shiny|100\/100\n|-fieldstart|move: Electric Terrain|[from] ability: Electric Surge|[of] p1a: Tapu Koko\n|move|p2a: K. Beats|Low Kick|p1a: Tapu Koko\n|-resisted|p1a: Tapu Koko\n|-damage|p1a: Tapu Koko|89\/100\n|\n|-weather|Sandstorm|[upkeep]\n|-damage|p1a: Tapu Koko|83\/100|[from] Sandstorm\n|-damage|p2a: K. Beats|76\/100|[from] Sandstorm\n|upkeep\n|turn|3\n|inactive|Alakazam95 has 15 seconds left this turn.\n|inactive|orangesss has 15 seconds left this turn.\n|\n|switch|p2a: Hey|Ferrothorn, M|100\/100\n|move|p1a: Tapu Koko|U-turn|p2a: Hey\n|-damage|p2a: Hey|91\/100\n|-damage|p1a: Tapu Koko|71\/100|[from] ability: Iron Barbs|[of] p2a: Hey\n|inactive|Alakazam95 has 15 seconds left this turn.\n|inactive|orangesss has 15 seconds left this turn.\n|\n|switch|p1a: Heatran|Heatran, M|100\/100|[from]move: U-turn\n|\n|-weather|Sandstorm|[upkeep]\n|-heal|p2a: Hey|97\/100|[from] item: Leftovers\n|upkeep\n|turn|4\n|inactive|Alakazam95 has 15 seconds left this turn.\n|inactive|orangesss has 15 seconds left this turn.\n|\n|switch|p2a: Nappy is trash|Pelipper, M|100\/100\n|-weather|RainDance|[from] ability: Drizzle|[of] p2a: Nappy is trash\n|move|p1a: Heatran|Stealth Rock|p2a: Nappy is trash\n|-sidestart|p2: orangesss|move: Stealth Rock\n|\n|-weather|RainDance|[upkeep]\n|upkeep\n|turn|5\n|inactive|Alakazam95 has 15 seconds left this turn.\n|inactive|orangesss has 15 seconds left this turn.\n|\n|switch|p1a: Ferrothorn|Ferrothorn, M|47\/100\n|move|p2a: Nappy is trash|U-turn|p1a: Ferrothorn\n|-damage|p1a: Ferrothorn|41\/100\n|-damage|p2a: Nappy is trash|88\/100|[from] ability: Iron Barbs|[of] p1a: Ferrothorn\n|inactive|Alakazam95 has 15 seconds left this turn.\n|inactive|orangesss has 15 seconds left this turn.\n|\n|switch|p2a: Let get Bluff|Swampert, F|100\/100|[from]move: U-turn\n|-damage|p2a: Let get Bluff|94\/100|[from] Stealth Rock\n|\n|-weather|RainDance|[upkeep]\n|-heal|p1a: Ferrothorn|47\/100|[from] item: Leftovers\n|upkeep\n|turn|6\n|inactive|Alakazam95 has 15 seconds left this turn.\n|inactive|orangesss has 15 seconds left this turn.\n|\n|detailschange|p2a: Let get Bluff|Swampert-Mega, F\n|-mega|p2a: Let get Bluff|Swampert|Swampertite\n|move|p2a: Let get Bluff|Earthquake|p1a: Ferrothorn\n|-damage|p1a: Ferrothorn|1\/100\n|move|p1a: Ferrothorn|Power Whip|p2a: Let get Bluff\n|-supereffective|p2a: Let get Bluff\n|-damage|p2a: Let get Bluff|0 fnt\n|faint|p2a: Let get Bluff\n|\n|-weather|RainDance|[upkeep]\n|-heal|p1a: Ferrothorn|8\/100|[from] item: Leftovers\n|-fieldend|move: Electric Terrain\n|upkeep\n|inactive|Alakazam95 has 15 seconds left this turn.\n|inactive|orangesss has 15 seconds left this turn.\n|inactive|orangesss has 10 seconds left.\n|\n|switch|p2a: Hey|Ferrothorn, M|97\/100\n|-damage|p2a: Hey|91\/100|[from] Stealth Rock\n|turn|7\n|inactive|Alakazam95 has 15 seconds left this turn.\n|inactive|orangesss has 15 seconds left this turn.\n|inactive|Alakazam95 has 10 seconds left.\n|\n|switch|p1a: Heatran|Heatran, M|100\/100\n|move|p2a: Hey|Stealth Rock|p1a: Heatran\n|-sidestart|p1: Alakazam95|move: Stealth Rock\n|\n|-weather|RainDance|[upkeep]\n|-heal|p2a: Hey|97\/100|[from] item: Leftovers\n|upkeep\n|turn|8\n|inactive|Alakazam95 has 15 seconds left this turn.\n|inactive|orangesss has 15 seconds left this turn.\n|\n|move|p1a: Heatran|Magma Storm|p2a: Hey\n|-supereffective|p2a: Hey\n|-damage|p2a: Hey|34\/100\n|-activate|p2a: Hey|move: Magma Storm|[of] p1a: Heatran\n|move|p2a: Hey|Spikes|p1a: Heatran\n|-sidestart|p1: Alakazam95|Spikes\n|\n|-weather|RainDance|[upkeep]\n|-heal|p2a: Hey|41\/100|[from] item: Leftovers\n|-damage|p2a: Hey|28\/100|[from] move: Magma Storm|[partiallytrapped]\n|upkeep\n|turn|9\n|inactive|Alakazam95 has 15 seconds left this turn.\n|inactive|orangesss has 15 seconds left this turn.\n|\n|move|p1a: Heatran|Taunt|p2a: Hey\n|-start|p2a: Hey|move: Taunt\n|cant|p2a: Hey|move: Taunt|Spikes\n|\n|-weather|RainDance|[upkeep]\n|-heal|p2a: Hey|34\/100|[from] item: Leftovers\n|-damage|p2a: Hey|22\/100|[from] move: Magma Storm|[partiallytrapped]\n|upkeep\n|turn|10\n|inactive|Alakazam95 has 15 seconds left this turn.\n|inactive|orangesss has 15 seconds left this turn.\n|inactive|orangesss has 10 seconds left.\n|\n|move|p1a: Heatran|Earth Power|p2a: Hey\n|-damage|p2a: Hey|3\/100\n|move|p2a: Hey|Knock Off|p1a: Heatran\n|-damage|p1a: Heatran|82\/100\n|-enditem|p1a: Heatran|Leftovers|[from] move: Knock Off|[of] p2a: Hey\n|\n|-weather|RainDance|[upkeep]\n|-heal|p2a: Hey|9\/100|[from] item: Leftovers\n|-damage|p2a: Hey|0 fnt|[from] move: Magma Storm|[partiallytrapped]\n|faint|p2a: Hey\n|upkeep\n|inactive|Alakazam95 has 15 seconds left this turn.\n|inactive|orangesss has 15 seconds left this turn.\n|\n|switch|p2a: K. Beats|Greninja, M|76\/100\n|-damage|p2a: K. Beats|64\/100|[from] Stealth Rock\n|turn|11\n|inactive|Alakazam95 has 15 seconds left this turn.\n|inactive|orangesss has 15 seconds left this turn.\n|\n|switch|p1a: Chansey|Chansey, F, shiny|100\/100\n|-damage|p1a: Chansey|88\/100|[from] Spikes\n|-damage|p1a: Chansey|76\/100|[from] Stealth Rock\n|-zpower|p2a: K. Beats\n|move|p2a: K. Beats|Tectonic Rage|p1a: Chansey|[zeffect]\n|-start|p2a: K. Beats|typechange|Ground|[from] ability: Protean\n|-damage|p1a: Chansey|35\/100\n|\n|-weather|none\n|upkeep\n|turn|12\n|inactive|Alakazam95 has 15 seconds left this turn.\n|inactive|orangesss has 15 seconds left this turn.\n|\n|move|p2a: K. Beats|Low Kick|p1a: Chansey\n|-start|p2a: K. Beats|typechange|Fighting|[from] ability: Protean\n|-supereffective|p1a: Chansey\n|-damage|p1a: Chansey|1\/100\n|move|p1a: Chansey|Soft-Boiled|p1a: Chansey\n|-heal|p1a: Chansey|51\/100\n|\n|upkeep\n|turn|13\n|inactive|Alakazam95 has 15 seconds left this turn.\n|inactive|orangesss has 15 seconds left this turn.\n|inactive|Alakazam95 has 10 seconds left.\n|\n|move|p2a: K. Beats|Gunk Shot|p1a: Chansey\n|-start|p2a: K. Beats|typechange|Poison|[from] ability: Protean\n|-damage|p1a: Chansey|20\/100\n|-status|p1a: Chansey|psn\n|move|p1a: Chansey|Soft-Boiled|p1a: Chansey\n|-heal|p1a: Chansey|70\/100 psn\n|\n|-damage|p1a: Chansey|58\/100 psn|[from] psn\n|upkeep\n|turn|14\n|inactive|Alakazam95 has 15 seconds left this turn.\n|inactive|orangesss has 15 seconds left this turn.\n|\n|move|p2a: K. Beats|Low Kick|p1a: Chansey\n|-start|p2a: K. Beats|typechange|Fighting|[from] ability: Protean\n|-supereffective|p1a: Chansey\n|-damage|p1a: Chansey|23\/100 psn\n|move|p1a: Chansey|Seismic Toss|p2a: K. Beats\n|-damage|p2a: K. Beats|29\/100\n|\n|-damage|p1a: Chansey|11\/100 psn|[from] psn\n|upkeep\n|turn|15\n|inactive|Alakazam95 has 15 seconds left this turn.\n|inactive|orangesss has 15 seconds left this turn.\n|inactive|orangesss has 10 seconds left.\n|\n|switch|p1a: Ferrothorn|Ferrothorn, M|8\/100\n|-damage|p1a: Ferrothorn|0 fnt|[from] Spikes\n|faint|p1a: Ferrothorn\n|move|p2a: K. Beats|Low Kick|p1: Ferrothorn|[notarget]\n|-fail|p2a: K. Beats\n|\n|upkeep\n|inactive|Alakazam95 has 15 seconds left this turn.\n|inactive|orangesss has 15 seconds left this turn.\n|\n|switch|p1a: Tapu Koko|Tapu Koko, shiny|71\/100\n|-damage|p1a: Tapu Koko|59\/100|[from] Spikes\n|-damage|p1a: Tapu Koko|46\/100|[from] Stealth Rock\n|-fieldstart|move: Electric Terrain|[from] ability: Electric Surge|[of] p1a: Tapu Koko\n|turn|16\n|inactive|Alakazam95 has 15 seconds left this turn.\n|inactive|orangesss has 15 seconds left this turn.\n|l| Blitzpanther3\n|inactive|orangesss has 10 seconds left.\n|\n|switch|p2a: Nappy is trash|Pelipper, M|88\/100\n|-damage|p2a: Nappy is trash|63\/100|[from] Stealth Rock\n|-weather|RainDance|[from] ability: Drizzle|[of] p2a: Nappy is trash\n|move|p1a: Tapu Koko|Defog|p2a: Nappy is trash\n|-unboost|p2a: Nappy is trash|evasion|1\n|-sideend|p2: orangesss|Stealth Rock|[from] move: Defog|[of] p1a: Tapu Koko\n|-sideend|p1: Alakazam95|Spikes|[from] move: Defog|[of] p1a: Tapu Koko\n|-sideend|p1: Alakazam95|Stealth Rock|[from] move: Defog|[of] p1a: Tapu Koko\n|\n|-weather|RainDance|[upkeep]\n|upkeep\n|turn|17\n|inactive|Alakazam95 has 15 seconds left this turn.\n|inactive|orangesss has 15 seconds left this turn.\n|\n|move|p1a: Tapu Koko|Thunderbolt|p2a: Nappy is trash\n|-supereffective|p2a: Nappy is trash\n|-damage|p2a: Nappy is trash|0 fnt\n|faint|p2a: Nappy is trash\n|\n|-weather|RainDance|[upkeep]\n|upkeep\n|inactive|Alakazam95 has 15 seconds left this turn.\n|inactive|orangesss has 15 seconds left this turn.\n|\n|switch|p2a: Tapu Koko|Tapu Koko|100\/100\n|turn|18\n|inactive|Alakazam95 has 15 seconds left this turn.\n|inactive|orangesss has 15 seconds left this turn.\n|\n|move|p1a: Tapu Koko|U-turn|p2a: Tapu Koko\n|-resisted|p2a: Tapu Koko\n|-damage|p2a: Tapu Koko|89\/100\n|inactive|Alakazam95 has 15 seconds left this turn.\n|inactive|orangesss has 15 seconds left this turn.\n|\n|switch|p1a: Chansey|Chansey, F, shiny|11\/100|[from]move: U-turn\n|move|p2a: Tapu Koko|Dazzling Gleam|p1a: Chansey\n|-damage|p1a: Chansey|0 fnt\n|faint|p1a: Chansey\n|\n|-weather|RainDance|[upkeep]\n|upkeep\n|inactive|Alakazam95 has 15 seconds left this turn.\n|inactive|orangesss has 15 seconds left this turn.\n|inactive|Alakazam95 has 10 seconds left.\n|\n|switch|p1a: Heatran|Heatran, M|82\/100\n|turn|19\n|inactive|Alakazam95 has 15 seconds left this turn.\n|inactive|orangesss has 15 seconds left this turn.\n|inactive|orangesss has 10 seconds left.\n|\n|move|p2a: Tapu Koko|Volt Switch|p1a: Heatran\n|-damage|p1a: Heatran|54\/100\n|inactive|Alakazam95 has 15 seconds left this turn.\n|inactive|orangesss has 15 seconds left this turn.\n|\n|switch|p2a: K. Beats|Greninja, M|29\/100|[from]move: Volt Switch\n|move|p1a: Heatran|Magma Storm|p2a: K. Beats|[miss]\n|-miss|p1a: Heatran|p2a: K. Beats\n|\n|-weather|RainDance|[upkeep]\n|upkeep\n|turn|20\n|inactive|Alakazam95 has 15 seconds left this turn.\n|inactive|orangesss has 15 seconds left this turn.\n|inactive|Alakazam95 has 10 seconds left.\n|inactive|Alakazam95 has 5 seconds left.\n|inactive|orangesss has 10 seconds left.\n|\n|switch|p1a: Greninja|Greninja, M|100\/100\n|move|p2a: K. Beats|Low Kick|p1a: Greninja\n|-start|p2a: K. Beats|typechange|Fighting|[from] ability: Protean\n|-supereffective|p1a: Greninja\n|-damage|p1a: Greninja|10\/100\n|\n|-weather|RainDance|[upkeep]\n|-fieldend|move: Electric Terrain\n|upkeep\n|turn|21\n|inactive|Alakazam95 has 10 seconds left this turn.\n|inactive|orangesss has 15 seconds left this turn.\n|\n|move|p1a: Greninja|Water Shuriken|p2a: K. Beats\n|-damage|p2a: K. Beats|2\/100\n|-damage|p2a: K. Beats|0 fnt\n|-hitcount|p2a: K. Beats|2\n|faint|p2a: K. Beats\n|-activate|p1a: Greninja|ability: Battle Bond\n|detailschange|p1a: Greninja|Greninja-Ash, M\n|\n|-weather|RainDance|[upkeep]\n|upkeep\n|inactive|Alakazam95 has 15 seconds left this turn.\n|inactive|orangesss has 15 seconds left this turn.\n|\n|switch|p2a: Tapu Koko|Tapu Koko|89\/100\n|-fieldstart|move: Electric Terrain|[from] ability: Electric Surge|[of] p2a: Tapu Koko\n|turn|22\n|inactive|Alakazam95 has 15 seconds left this turn.\n|inactive|orangesss has 15 seconds left this turn.\n|\n|move|p1a: Greninja|Water Shuriken|p2a: Tapu Koko\n|-damage|p2a: Tapu Koko|48\/100\n|-damage|p2a: Tapu Koko|6\/100\n|-damage|p2a: Tapu Koko|0 fnt\n|-hitcount|p2a: Tapu Koko|3\n|faint|p2a: Tapu Koko\n|\n|-weather|RainDance|[upkeep]\n|upkeep\n|inactive|Alakazam95 has 15 seconds left this turn.\n|inactive|orangesss has 15 seconds left this turn.\n|\n|switch|p2a: opy and PasteBirb|Hawlucha, F|100\/100\n|-enditem|p2a: opy and PasteBirb|Electric Seed\n|-boost|p2a: opy and PasteBirb|def|1\n|turn|23\n|inactive|Alakazam95 has 15 seconds left this turn.\n|inactive|orangesss has 15 seconds left this turn.\n|\n|move|p1a: Greninja|Water Shuriken|p2a: opy and PasteBirb\n|-damage|p2a: opy and PasteBirb|61\/100\n|-damage|p2a: opy and PasteBirb|24\/100\n|-damage|p2a: opy and PasteBirb|0 fnt\n|-hitcount|p2a: opy and PasteBirb|3\n|faint|p2a: opy and PasteBirb\n|\n|win|Alakazam95\n|inactive|Alakazam95 has 15 seconds left this turn.\n|inactive|orangesss has 15 seconds left this turn.\n","uploadtime":1565034429,"views":4,"p1id":"alakazam95","p2id":"orangesss","formatid":"gen7oublitz","rating":0,"private":0,"password":null}