{"id":"gen7ou-1552304392","p1":"Skuashs \u00af\\_(\u30c4)_\/\u00af","p2":"crying snow","format":"gen7ou","log":"|j|\u2606Skuashs \u00af\\_(\u30c4)_\/\u00af\n|j|\u2606crying snow\n|t:|1649830514\n|gametype|singles\n|player|p1|Skuashs \u00af\\_(\u30c4)_\/\u00af|clerk|\n|player|p2|crying snow|kimonogirl|\n|teamsize|p1|6\n|teamsize|p2|6\n|gen|7\n|tier|[Gen 7] OU\n|rated|Tournament battle\n|rule|Sleep Clause Mod: Limit one foe put to sleep\n|rule|Species Clause: Limit one of each Pok\u00e9mon\n|rule|OHKO Clause: OHKO moves are banned\n|rule|Moody Clause: Moody is banned\n|rule|Evasion Moves Clause: Evasion moves are banned\n|rule|Endless Battle Clause: Forcing endless battles is banned\n|rule|HP Percentage Mod: HP is shown in percentages\n|clearpoke\n|poke|p1|Rotom-Wash|item\n|poke|p1|Landorus-Therian, M|item\n|poke|p1|Magearna|item\n|poke|p1|Latios, M|item\n|poke|p1|Kartana|item\n|poke|p1|Tapu Lele|item\n|poke|p2|Pelipper, M|item\n|poke|p2|Swampert, M|item\n|poke|p2|Greninja, M|item\n|poke|p2|Ferrothorn, F|item\n|poke|p2|Tornadus-Therian, M|item\n|poke|p2|Manaphy|item\n|teampreview\n|j| BB-8-NU\n|inactive|Battle timer is ON: inactive players will automatically lose when time's up. (requested by Skuashs \u00af\\_(\u30c4)_\/\u00af)\n|j| AlIoutdragadarts\n|\n|t:|1649830532\n|start\n|switch|p1a: Tapu Lele|Tapu Lele|100\/100\n|switch|p2a: Ferrothorn|Ferrothorn, F|100\/100\n|-fieldstart|move: Psychic Terrain|[from] ability: Psychic Surge|[of] p1a: Tapu Lele\n|turn|1\n|j| Yda Hext\n|\n|t:|1649830562\n|switch|p1a: Landorus|Landorus-Therian, M|100\/100\n|-ability|p1a: Landorus|Intimidate|boost\n|-unboost|p2a: Ferrothorn|atk|1\n|switch|p2a: Pelipper|Pelipper, M|100\/100\n|-weather|RainDance|[from] ability: Drizzle|[of] p2a: Pelipper\n|\n|-weather|RainDance|[upkeep]\n|upkeep\n|turn|2\n|\n|t:|1649830569\n|move|p1a: Landorus|U-turn|p2a: Pelipper\n|-resisted|p2a: Pelipper\n|-damage|p2a: Pelipper|89\/100\n|\n|t:|1649830575\n|switch|p1a: Magearna|Magearna|100\/100|[from]move: U-turn\n|move|p2a: Pelipper|U-turn|p1a: Magearna\n|-resisted|p1a: Magearna\n|-damage|p1a: Magearna|99\/100\n|\n|t:|1649830581\n|switch|p2a: Swampert|Swampert, M|100\/100|[from]move: U-turn\n|\n|-weather|RainDance|[upkeep]\n|upkeep\n|turn|3\n|\n|t:|1649830593\n|switch|p1a: Rotom|Rotom-Wash|100\/100\n|detailschange|p2a: Swampert|Swampert-Mega, M\n|-mega|p2a: Swampert|Swampert|Swampertite\n|move|p2a: Swampert|Waterfall|p1a: Rotom\n|-resisted|p1a: Rotom\n|-damage|p1a: Rotom|70\/100\n|\n|-weather|RainDance|[upkeep]\n|-heal|p1a: Rotom|76\/100|[from] item: Leftovers\n|upkeep\n|turn|4\n|\n|t:|1649830601\n|switch|p2a: Manaphy|Manaphy|100\/100\n|move|p1a: Rotom|Will-O-Wisp|p2a: Manaphy\n|-status|p2a: Manaphy|brn\n|\n|-weather|RainDance|[upkeep]\n|-activate|p2a: Manaphy|ability: Hydration\n|-curestatus|p2a: Manaphy|brn|[msg]\n|-heal|p1a: Rotom|82\/100|[from] item: Leftovers\n|upkeep\n|turn|5\n|j| dubwooloo \u30c4\n|\n|t:|1649830613\n|switch|p1a: Magearna|Magearna|99\/100\n|move|p2a: Manaphy|Energy Ball|p1a: Magearna\n|-resisted|p1a: Magearna\n|-damage|p1a: Magearna|94\/100\n|\n|-weather|RainDance|[upkeep]\n|-fieldend|move: Psychic Terrain\n|upkeep\n|turn|6\n|\n|t:|1649830623\n|switch|p2a: Swampert|Swampert-Mega, M|100\/100\n|move|p1a: Magearna|Volt Switch|p2a: Swampert\n|-immune|p2a: Swampert\n|\n|-weather|RainDance|[upkeep]\n|upkeep\n|turn|7\n|\n|t:|1649830627\n|switch|p1a: Rotom|Rotom-Wash|82\/100\n|move|p2a: Swampert|Waterfall|p1a: Rotom\n|-resisted|p1a: Rotom\n|-damage|p1a: Rotom|51\/100\n|\n|-weather|RainDance|[upkeep]\n|-heal|p1a: Rotom|57\/100|[from] item: Leftovers\n|upkeep\n|turn|8\n|\n|t:|1649830633\n|switch|p2a: Manaphy|Manaphy|100\/100\n|move|p1a: Rotom|Volt Switch|p2a: Manaphy\n|-supereffective|p2a: Manaphy\n|-damage|p2a: Manaphy|53\/100\n|\n|t:|1649830635\n|switch|p1a: Kartana|Kartana|100\/100|[from]move: Volt Switch\n|\n|-weather|none\n|upkeep\n|turn|9\n|\n|t:|1649830641\n|switch|p2a: Tornadus|Tornadus-Therian, M|100\/100\n|move|p1a: Kartana|Leaf Blade|p2a: Tornadus\n|-resisted|p2a: Tornadus\n|-damage|p2a: Tornadus|61\/100\n|\n|upkeep\n|turn|10\n|\n|t:|1649830646\n|switch|p1a: Landorus|Landorus-Therian, M|100\/100\n|-ability|p1a: Landorus|Intimidate|boost\n|-unboost|p2a: Tornadus|atk|1\n|move|p2a: Tornadus|U-turn|p1a: Landorus\n|-resisted|p1a: Landorus\n|-damage|p1a: Landorus|96\/100\n|\n|t:|1649830650\n|switch|p2a: Pelipper|Pelipper, M|89\/100|[from]move: U-turn\n|-weather|RainDance|[from] ability: Drizzle|[of] p2a: Pelipper\n|\n|-weather|RainDance|[upkeep]\n|-heal|p1a: Landorus|100\/100|[from] item: Leftovers\n|upkeep\n|turn|11\n|\n|t:|1649830655\n|move|p1a: Landorus|Stealth Rock|p2a: Pelipper\n|-sidestart|p2: crying snow|move: Stealth Rock\n|move|p2a: Pelipper|U-turn|p1a: Landorus\n|-resisted|p1a: Landorus\n|-damage|p1a: Landorus|96\/100\n|\n|t:|1649830671\n|switch|p2a: Greninja|Greninja, M|100\/100|[from]move: U-turn\n|-damage|p2a: Greninja|88\/100|[from] Stealth Rock\n|\n|-weather|RainDance|[upkeep]\n|-heal|p1a: Landorus|100\/100|[from] item: Leftovers\n|upkeep\n|turn|12\n|\n|t:|1649830679\n|switch|p1a: Latios|Latios, M|100\/100\n|move|p2a: Greninja|Hydro Pump|p1a: Latios|[miss]\n|-miss|p2a: Greninja|p1a: Latios\n|\n|-weather|RainDance|[upkeep]\n|upkeep\n|turn|13\n|\n|t:|1649830686\n|switch|p2a: Ferrothorn|Ferrothorn, F|100\/100\n|-damage|p2a: Ferrothorn|94\/100|[from] Stealth Rock\n|move|p1a: Latios|Draco Meteor|p2a: Ferrothorn\n|-resisted|p2a: Ferrothorn\n|-damage|p2a: Ferrothorn|70\/100\n|-unboost|p1a: Latios|spa|2\n|\n|-weather|RainDance|[upkeep]\n|upkeep\n|turn|14\n|\n|t:|1649830689\n|switch|p1a: Landorus|Landorus-Therian, M|100\/100\n|-ability|p1a: Landorus|Intimidate|boost\n|-unboost|p2a: Ferrothorn|atk|1\n|move|p2a: Ferrothorn|Stealth Rock|p1a: Landorus\n|-sidestart|p1: Skuashs \u00af\\_(\u30c4)_\/\u00af|move: Stealth Rock\n|\n|-weather|RainDance|[upkeep]\n|upkeep\n|turn|15\n|\n|t:|1649830696\n|switch|p2a: Tornadus|Tornadus-Therian, M|94\/100\n|-damage|p2a: Tornadus|69\/100|[from] Stealth Rock\n|move|p1a: Landorus|Earthquake|p2a: Tornadus\n|-immune|p2a: Tornadus\n|\n|-weather|RainDance|[upkeep]\n|upkeep\n|turn|16\n|\n|t:|1649830700\n|move|p2a: Tornadus|Hurricane|p1a: Landorus\n|-damage|p1a: Landorus|47\/100\n|-start|p1a: Landorus|confusion\n|-activate|p1a: Landorus|confusion\n|-damage|p1a: Landorus|35\/100|[from] confusion\n|\n|-weather|RainDance|[upkeep]\n|-heal|p1a: Landorus|41\/100|[from] item: Leftovers\n|upkeep\n|turn|17\n|\n|t:|1649830711\n|move|p2a: Tornadus|Hurricane|p1a: Landorus\n|-damage|p1a: Landorus|0 fnt\n|faint|p1a: Landorus\n|\n|-weather|none\n|upkeep\n|\n|t:|1649830724\n|switch|p1a: Latios|Latios, M|100\/100\n|-damage|p1a: Latios|88\/100|[from] Stealth Rock\n|turn|18\n|\n|t:|1649830739\n|switch|p2a: Ferrothorn|Ferrothorn, F|70\/100\n|-damage|p2a: Ferrothorn|64\/100|[from] Stealth Rock\n|move|p1a: Latios|Draco Meteor|p2a: Ferrothorn\n|-resisted|p2a: Ferrothorn\n|-damage|p2a: Ferrothorn|39\/100\n|-unboost|p1a: Latios|spa|2\n|\n|upkeep\n|turn|19\n|l|\u2606crying snow\n|inactive|crying snow disconnected and has a minute to reconnect!\n|player|p2|\n|j|\u2606crying snow\n|inactive|crying snow reconnected and has 135 seconds left.\n|player|p2|crying snow|kimonogirl\n|inactive|crying snow has 120 seconds left.\n|\n|t:|1649830776\n|switch|p1a: Kartana|Kartana|100\/100\n|-damage|p1a: Kartana|94\/100|[from] Stealth Rock\n|move|p2a: Ferrothorn|Spikes|p1a: Kartana\n|-sidestart|p1: Skuashs \u00af\\_(\u30c4)_\/\u00af|Spikes\n|\n|upkeep\n|turn|20\n|\n|t:|1649830781\n|switch|p2a: Tornadus|Tornadus-Therian, M|100\/100\n|-damage|p2a: Tornadus|76\/100|[from] Stealth Rock\n|move|p1a: Kartana|Sacred Sword|p2a: Tornadus\n|-resisted|p2a: Tornadus\n|-damage|p2a: Tornadus|52\/100\n|\n|upkeep\n|turn|21\n|\n|t:|1649830790\n|switch|p1a: Latios|Latios, M|88\/100\n|-damage|p1a: Latios|76\/100|[from] Stealth Rock\n|move|p2a: Tornadus|Hurricane|p1a: Latios\n|-damage|p1a: Latios|31\/100\n|\n|upkeep\n|turn|22\n|\n|t:|1649830798\n|switch|p2a: Ferrothorn|Ferrothorn, F|39\/100\n|-damage|p2a: Ferrothorn|33\/100|[from] Stealth Rock\n|move|p1a: Latios|Psyshock|p2a: Ferrothorn\n|-resisted|p2a: Ferrothorn\n|-damage|p2a: Ferrothorn|17\/100\n|\n|upkeep\n|turn|23\n|\n|t:|1649830804\n|move|p1a: Latios|Psyshock|p2a: Ferrothorn\n|-resisted|p2a: Ferrothorn\n|-damage|p2a: Ferrothorn|1\/100\n|move|p2a: Ferrothorn|Spikes|p1a: Latios\n|-sidestart|p1: Skuashs \u00af\\_(\u30c4)_\/\u00af|Spikes\n|\n|upkeep\n|turn|24\n|\n|t:|1649830814\n|move|p1a: Latios|Psyshock|p2a: Ferrothorn\n|-resisted|p2a: Ferrothorn\n|-damage|p2a: Ferrothorn|0 fnt\n|faint|p2a: Ferrothorn\n|\n|upkeep\n|\n|t:|1649830817\n|switch|p2a: Greninja|Greninja, M|88\/100\n|-damage|p2a: Greninja|76\/100|[from] Stealth Rock\n|turn|25\n|\n|t:|1649830821\n|switch|p1a: Magearna|Magearna|94\/100\n|-damage|p1a: Magearna|88\/100|[from] Stealth Rock\n|-damage|p1a: Magearna|71\/100|[from] Spikes\n|move|p2a: Greninja|Hydro Pump|p1a: Magearna\n|-crit|p1a: Magearna\n|-damage|p1a: Magearna|21\/100\n|\n|upkeep\n|turn|26\n|\n|t:|1649830829\n|move|p2a: Greninja|Hydro Pump|p1a: Magearna\n|-crit|p1a: Magearna\n|-damage|p1a: Magearna|0 fnt\n|faint|p1a: Magearna\n|-activate|p2a: Greninja|ability: Battle Bond\n|detailschange|p2a: Greninja|Greninja-Ash, M\n|\n|upkeep\n|\n|t:|1649830832\n|switch|p1a: Latios|Latios, M|31\/100\n|-damage|p1a: Latios|18\/100|[from] Stealth Rock\n|turn|27\n|\n|t:|1649830838\n|switch|p2a: Manaphy|Manaphy|53\/100\n|-damage|p2a: Manaphy|41\/100|[from] Stealth Rock\n|move|p1a: Latios|Defog|p2a: Manaphy\n|-unboost|p2a: Manaphy|evasion|1\n|-sideend|p2: crying snow|Stealth Rock|[from] move: Defog|[of] p1a: Latios\n|-sideend|p1: Skuashs \u00af\\_(\u30c4)_\/\u00af|Spikes|[from] move: Defog|[of] p1a: Latios\n|-sideend|p1: Skuashs \u00af\\_(\u30c4)_\/\u00af|Stealth Rock|[from] move: Defog|[of] p1a: Latios\n|\n|upkeep\n|turn|28\n|\n|t:|1649830848\n|switch|p1a: Kartana|Kartana|94\/100\n|-zpower|p2a: Manaphy\n|move|p2a: Manaphy|Hydro Vortex|p1a: Kartana|[zeffect]\n|-resisted|p1a: Kartana\n|-damage|p1a: Kartana|0 fnt\n|faint|p1a: Kartana\n|\n|upkeep\n|\n|t:|1649830850\n|switch|p1a: Tapu Lele|Tapu Lele|100\/100\n|-fieldstart|move: Psychic Terrain|[from] ability: Psychic Surge|[of] p1a: Tapu Lele\n|turn|29\n|\n|t:|1649830854\n|move|p2a: Manaphy|Surf|p1a: Tapu Lele\n|-damage|p1a: Tapu Lele|59\/100\n|move|p1a: Tapu Lele|Psychic|p2a: Manaphy\n|-damage|p2a: Manaphy|0 fnt\n|faint|p2a: Manaphy\n|\n|upkeep\n|\n|t:|1649830860\n|switch|p2a: Greninja|Greninja-Ash, M|76\/100\n|turn|30\n|\n|t:|1649830865\n|move|p2a: Greninja|Dark Pulse|p1a: Tapu Lele\n|-damage|p1a: Tapu Lele|0 fnt\n|faint|p1a: Tapu Lele\n|\n|upkeep\n|\n|t:|1649830866\n|switch|p1a: Latios|Latios, M|18\/100\n|turn|31\n|\n|t:|1649830871\n|switch|p2a: Pelipper|Pelipper, M|89\/100\n|-weather|RainDance|[from] ability: Drizzle|[of] p2a: Pelipper\n|move|p1a: Latios|Draco Meteor|p2a: Pelipper\n|-damage|p2a: Pelipper|14\/100\n|-unboost|p1a: Latios|spa|2\n|\n|-weather|RainDance|[upkeep]\n|upkeep\n|turn|32\n|\n|t:|1649830875\n|move|p1a: Latios|Draco Meteor|p2a: Pelipper\n|-damage|p2a: Pelipper|0 fnt\n|-unboost|p1a: Latios|spa|2\n|faint|p2a: Pelipper\n|\n|-weather|RainDance|[upkeep]\n|upkeep\n|\n|t:|1649830879\n|switch|p2a: Swampert|Swampert-Mega, M|100\/100\n|turn|33\n|\n|t:|1649830882\n|switch|p1a: Rotom|Rotom-Wash|57\/100\n|move|p2a: Swampert|Waterfall|p1a: Rotom\n|-resisted|p1a: Rotom\n|-crit|p1a: Rotom\n|-damage|p1a: Rotom|15\/100\n|\n|-weather|RainDance|[upkeep]\n|-heal|p1a: Rotom|21\/100|[from] item: Leftovers\n|-fieldend|move: Psychic Terrain\n|upkeep\n|turn|34\n|l| Yda Hext\n|\n|t:|1649830892\n|move|p2a: Swampert|Waterfall|p1a: Rotom\n|-resisted|p1a: Rotom\n|-damage|p1a: Rotom|0 fnt\n|faint|p1a: Rotom\n|\n|-weather|RainDance|[upkeep]\n|upkeep\n|\n|t:|1649830893\n|switch|p1a: Latios|Latios, M|18\/100\n|turn|35\n|-message|Skuashs \u00af\\_(\u30c4)_\/\u00af forfeited.\n|\n|win|crying snow\n|n|\u2606Skuashs \u00af\\_(\u30c4)_\/\u00af|skuashs\n|n| BB-8-NU|bb8nu\n|n| AlIoutdragadarts|alioutdragadarts\n|n| dubwooloo \u30c4|dubwooloo\n|n|\u2606crying snow|cryingsnow\n","uploadtime":1649830904,"views":26,"p1id":"skuashs","p2id":"cryingsnow","formatid":"gen7ou","rating":0,"private":0,"password":null}