{"id":"gen7ou-599971855","p1":"AsterJ","p2":"Pokefreak77","format":"gen7ou","log":"|j|AsterJ\n|j|Pokefreak77\n|player|p1|AsterJ|52\n|teamsize|p1|6\n|player|p2|Pokefreak77|#zinnia\n|teamsize|p2|6\n|gametype|singles\n|gen|7\n|tier|[Gen 7] OU\n|rated\n|seed|1452,57068,63978,27869\n|clearpoke\n|poke|p1|Pelipper, F|item\n|poke|p1|Swampert, F|item\n|poke|p1|Marshadow|item\n|poke|p1|Ferrothorn, M|item\n|poke|p1|Greninja, M|item\n|poke|p1|Landorus-Therian, M|item\n|poke|p2|Lopunny, M|item\n|poke|p2|Marshadow|item\n|poke|p2|Magearna|item\n|poke|p2|Greninja, M|item\n|poke|p2|Hippowdon, M|item\n|poke|p2|Celesteela|item\n|rule|Sleep Clause Mod: Limit one foe put to sleep\n|rule|Species Clause: Limit one of each Pok\u00e9mon\n|rule|OHKO Clause: OHKO moves are banned\n|rule|Moody Clause: Moody is banned\n|rule|Evasion Moves Clause: Evasion moves are banned\n|rule|Endless Battle Clause: Forcing endless battles is banned\n|rule|HP Percentage Mod: HP is shown in percentages\n|teampreview\n|j|javiliki\n|inactive|Battle timer is ON: inactive players will automatically lose when time's up. (requested by AsterJ)\n|j|AllMyFrendsAreDead\n|c|\u2606Pokefreak77|push me to the ede\n|c|\u2606Pokefreak77|*edge\n|c| javiliki|amooooooooooooos\n|c| javiliki|empanao\n|choice|team 1, team 2, team 3, team 4, team 5, team 6|team 5, team 2, team 3, team 4, team 1, team 6\n|\n|start\n|switch|p1a: Pelipper|Pelipper, F|323\/323\n|switch|p2a: Hippowdon|Hippowdon, M|420\/420\n|-weather|RainDance|[from] ability: Drizzle|[of] p1a: Pelipper\n|-weather|Sandstorm|[from] ability: Sand Stream|[of] p2a: Hippowdon\n|turn|1\n|j|MexicanMad\n|j|Verticy\n|choice|move scald|switch 6\n|\n|switch|p2a: Celesteela|Celesteela|398\/398\n|move|p1a: Pelipper|Scald|p2a: Celesteela\n|-damage|p2a: Celesteela|329\/398\n|\n|-weather|Sandstorm|[upkeep]\n|-damage|p1a: Pelipper|303\/323|[from] sandstorm\n|-heal|p2a: Celesteela|353\/398|[from] item: Leftovers\n|upkeep\n|turn|2\n|choice|move uturn|move leechseed\n|\n|move|p1a: Pelipper|U-turn|p2a: Celesteela\n|-resisted|p2a: Celesteela\n|-damage|p2a: Celesteela|346\/398\n|choice|switch 4|\n|\n|switch|p1a: Ferrothorn|Ferrothorn, M|351\/351\n|move|p2a: Celesteela|Leech Seed|p1a: Ferrothorn\n|-immune|p1a: Ferrothorn|[msg]\n|\n|-weather|Sandstorm|[upkeep]\n|-heal|p2a: Celesteela|370\/398|[from] item: Leftovers\n|upkeep\n|turn|3\n|choice|move knockoff|switch 2\n|\n|switch|p2a: Marshadow|Marshadow|321\/321\n|move|p1a: Ferrothorn|Knock Off|p2a: Marshadow\n|-damage|p2a: Marshadow|237\/321\n|-enditem|p2a: Marshadow|Choice Band|[from] move: Knock Off|[of] p1a: Ferrothorn\n|\n|-weather|Sandstorm|[upkeep]\n|-damage|p2a: Marshadow|217\/321|[from] sandstorm\n|upkeep\n|turn|4\n|choice|move spikes|move closecombat\n|\n|move|p2a: Marshadow|Close Combat|p1a: Ferrothorn\n|-supereffective|p1a: Ferrothorn\n|-enditem|p1a: Ferrothorn|Chople Berry|[eat]\n|-enditem|p1a: Ferrothorn|Chople Berry|[weaken]\n|-damage|p1a: Ferrothorn|216\/351\n|-damage|p2a: Marshadow|177\/321|[from] ability: Iron Barbs|[of] p1a: Ferrothorn\n|-unboost|p2a: Marshadow|def|1\n|-unboost|p2a: Marshadow|spd|1\n|move|p1a: Ferrothorn|Spikes|p2a: Marshadow\n|-sidestart|p2: Pokefreak77|Spikes\n|\n|-weather|Sandstorm|[upkeep]\n|-damage|p2a: Marshadow|157\/321|[from] sandstorm\n|upkeep\n|turn|5\n|choice|switch 3|move spectralthief\n|\n|switch|p1a: Marshadow|Marshadow|321\/321\n|move|p2a: Marshadow|Spectral Thief|p1a: Marshadow\n|-supereffective|p1a: Marshadow\n|-crit|p1a: Marshadow\n|-damage|p1a: Marshadow|0 fnt\n|faint|p1a: Marshadow\n|\n|-weather|none\n|upkeep\n|choice|switch 6|\n|\n|switch|p1a: Landorus|Landorus-Therian, M|319\/319\n|-ability|p1a: Landorus|Intimidate|boost\n|-unboost|p2a: Marshadow|atk|1\n|turn|6\n|c|\u2606Pokefreak77|????????????\n|choice|move stealthrock|switch 2\n|\n|switch|p2a: Celesteela|Celesteela|370\/398\n|move|p1a: Landorus|Stealth Rock|p2a: Celesteela\n|-sidestart|p2: Pokefreak77|move: Stealth Rock\n|\n|-heal|p2a: Celesteela|394\/398|[from] item: Leftovers\n|upkeep\n|turn|7\n|choice|move smackdown|move flamethrower\n|\n|move|p1a: Landorus|Smack Down|p2a: Celesteela\n|-damage|p2a: Celesteela|334\/398\n|-start|p2a: Celesteela|Smack Down\n|move|p2a: Celesteela|Flamethrower|p1a: Landorus\n|-damage|p1a: Landorus|236\/319\n|\n|-heal|p2a: Celesteela|358\/398|[from] item: Leftovers\n|upkeep\n|turn|8\n|choice|switch 5|move protect\n|\n|switch|p1a: Greninja|Greninja, M|285\/285\n|move|p2a: Celesteela|Protect|p2a: Celesteela\n|-fail|p2a: Celesteela\n|\n|-heal|p2a: Celesteela|382\/398|[from] item: Leftovers\n|upkeep\n|turn|9\n|choice|move hydropump|move flamethrower\n|\n|move|p1a: Greninja|Hydro Pump|p2a: Celesteela\n|-damage|p2a: Celesteela|189\/398\n|move|p2a: Celesteela|Flamethrower|p1a: Greninja\n|-resisted|p1a: Greninja\n|-crit|p1a: Greninja\n|-damage|p1a: Greninja|209\/285\n|\n|-heal|p2a: Celesteela|213\/398|[from] item: Leftovers\n|upkeep\n|turn|10\n|choice|move hydropump|move protect\n|\n|move|p2a: Celesteela|Protect|p2a: Celesteela\n|-singleturn|p2a: Celesteela|Protect\n|move|p1a: Greninja|Hydro Pump|p2a: Celesteela\n|-activate|p2a: Celesteela|move: Protect\n|\n|-heal|p2a: Celesteela|237\/398|[from] item: Leftovers\n|upkeep\n|turn|11\n|choice|move hydropump|move leechseed\n|\n|move|p1a: Greninja|Hydro Pump|p2a: Celesteela\n|-crit|p2a: Celesteela\n|-damage|p2a: Celesteela|0 fnt\n|faint|p2a: Celesteela\n|-activate|p1a: Greninja|ability: Battle Bond\n|detailschange|p1a: Greninja|Greninja-Ash, M\n|\n|upkeep\n|choice||switch 5\n|\n|switch|p2a: Lopunny|Lopunny, M|271\/271\n|-damage|p2a: Lopunny|238\/271|[from] Stealth Rock\n|-damage|p2a: Lopunny|205\/271|[from] Spikes\n|turn|12\n|choice|switch 3|move highjumpkick mega\n|\n|switch|p1a: Ferrothorn|Ferrothorn, M|216\/351\n|detailschange|p2a: Lopunny|Lopunny-Mega, M\n|-mega|p2a: Lopunny|Lopunny|Lopunnite\n|move|p2a: Lopunny|High Jump Kick|p1a: Ferrothorn\n|-supereffective|p1a: Ferrothorn\n|-damage|p1a: Ferrothorn|0 fnt\n|-damage|p2a: Lopunny|172\/271|[from] ability: Iron Barbs|[of] p1a: Ferrothorn\n|faint|p1a: Ferrothorn\n|\n|upkeep\n|choice|switch 4|\n|\n|switch|p1a: Pelipper|Pelipper, F|303\/323\n|-weather|RainDance|[from] ability: Drizzle|[of] p1a: Pelipper\n|turn|13\n|choice|move scald|move frustration\n|\n|move|p2a: Lopunny|Frustration|p1a: Pelipper\n|-damage|p1a: Pelipper|141\/323\n|move|p1a: Pelipper|Scald|p2a: Lopunny\n|-damage|p2a: Lopunny|33\/271\n|\n|-weather|RainDance|[upkeep]\n|upkeep\n|turn|14\n|choice|switch 5|move frustration\n|\n|switch|p1a: Landorus|Landorus-Therian, M|236\/319\n|-ability|p1a: Landorus|Intimidate|boost\n|-unboost|p2a: Lopunny|atk|1\n|move|p2a: Lopunny|Frustration|p1a: Landorus\n|-damage|p1a: Landorus|100\/319\n|\n|-weather|RainDance|[upkeep]\n|upkeep\n|turn|15\n|j|Guru Laghimaa\n|choice|move earthquake|move frustration\n|\n|move|p2a: Lopunny|Frustration|p1a: Landorus\n|-damage|p1a: Landorus|0 fnt\n|faint|p1a: Landorus\n|\n|-weather|RainDance|[upkeep]\n|upkeep\n|c| Guru Laghimaa|pokefreak\n|choice|switch 5|\n|\n|switch|p1a: Pelipper|Pelipper, F|141\/323\n|turn|16\n|c| Guru Laghimaa|u r the truth\n|choice|move roost|move frustration\n|\n|move|p2a: Lopunny|Frustration|p1a: Pelipper\n|-damage|p1a: Pelipper|39\/323\n|move|p1a: Pelipper|Roost|p1a: Pelipper\n|-heal|p1a: Pelipper|201\/323\n|\n|-weather|RainDance|[upkeep]\n|upkeep\n|turn|17\n|choice|move roost|move poweruppunch\n|\n|move|p2a: Lopunny|Power-Up Punch|p1a: Pelipper\n|-resisted|p1a: Pelipper\n|-damage|p1a: Pelipper|180\/323\n|-boost|p2a: Lopunny|atk|1\n|move|p1a: Pelipper|Roost|p1a: Pelipper\n|-heal|p1a: Pelipper|323\/323\n|\n|-weather|RainDance|[upkeep]\n|upkeep\n|turn|18\n|choice|move scald|move frustration\n|\n|move|p2a: Lopunny|Frustration|p1a: Pelipper\n|-damage|p1a: Pelipper|167\/323\n|move|p1a: Pelipper|Scald|p2a: Lopunny\n|-damage|p2a: Lopunny|0 fnt\n|faint|p2a: Lopunny\n|\n|-weather|RainDance|[upkeep]\n|upkeep\n|choice||switch 2\n|\n|switch|p2a: Marshadow|Marshadow|157\/321\n|-damage|p2a: Marshadow|137\/321|[from] Stealth Rock\n|-damage|p2a: Marshadow|97\/321|[from] Spikes\n|turn|19\n|choice|switch 3|move spectralthief\n|\n|switch|p1a: Greninja|Greninja-Ash, M|209\/285\n|move|p2a: Marshadow|Spectral Thief|p1a: Greninja\n|-resisted|p1a: Greninja\n|-damage|p1a: Greninja|101\/285\n|\n|-weather|RainDance|[upkeep]\n|upkeep\n|turn|20\n|choice|move darkpulse|move shadowsneak\n|\n|move|p2a: Marshadow|Shadow Sneak|p1a: Greninja\n|-resisted|p1a: Greninja\n|-crit|p1a: Greninja\n|-damage|p1a: Greninja|0 fnt\n|faint|p1a: Greninja\n|\n|-weather|none\n|upkeep\n|choice|switch 3|\n|\n|switch|p1a: Pelipper|Pelipper, F|167\/323\n|-weather|RainDance|[from] ability: Drizzle|[of] p1a: Pelipper\n|turn|21\n|choice|move uturn|switch 3\n|\n|switch|p2a: Magearna|Magearna|301\/301\n|-damage|p2a: Magearna|264\/301|[from] Spikes\n|-damage|p2a: Magearna|246\/301|[from] Stealth Rock\n|move|p1a: Pelipper|U-turn|p2a: Magearna\n|-resisted|p2a: Magearna\n|-damage|p2a: Magearna|240\/301\n|choice|switch 2|\n|\n|switch|p1a: team player|Swampert, F|341\/341\n|\n|-weather|RainDance|[upkeep]\n|upkeep\n|turn|22\n|choice|move earthquake mega|switch 6\n|\n|switch|p2a: Hippowdon|Hippowdon, M|420\/420\n|-damage|p2a: Hippowdon|368\/420|[from] Spikes\n|-damage|p2a: Hippowdon|342\/420|[from] Stealth Rock\n|-weather|Sandstorm|[from] ability: Sand Stream|[of] p2a: Hippowdon\n|detailschange|p1a: team player|Swampert-Mega, F\n|-mega|p1a: team player|Swampert|Swampertite\n|move|p1a: team player|Earthquake|p2a: Hippowdon\n|-damage|p2a: Hippowdon|177\/420\n|\n|-weather|Sandstorm|[upkeep]\n|-heal|p2a: Hippowdon|203\/420|[from] item: Leftovers\n|upkeep\n|turn|23\n|choice|move waterfall|switch 6\n|\n|switch|p2a: Magearna|Magearna|240\/301\n|-damage|p2a: Magearna|203\/301|[from] Spikes\n|-damage|p2a: Magearna|185\/301|[from] Stealth Rock\n|move|p1a: team player|Waterfall|p2a: Magearna\n|-damage|p2a: Magearna|38\/301\n|\n|-weather|Sandstorm|[upkeep]\n|upkeep\n|turn|24\n|choice|move waterfall|move flashcannon zmove\n|\n|-zpower|p2a: Magearna\n|move|p2a: Magearna|Corkscrew Crash|p1a: team player|[zeffect]\n|-resisted|p1a: team player\n|-crit|p1a: team player\n|-damage|p1a: team player|192\/341\n|move|p1a: team player|Waterfall|p2a: Magearna\n|-damage|p2a: Magearna|0 fnt\n|faint|p2a: Magearna\n|\n|-weather|Sandstorm|[upkeep]\n|upkeep\n|choice||switch 3\n|\n|switch|p2a: Marshadow|Marshadow|97\/321\n|-damage|p2a: Marshadow|57\/321|[from] Spikes\n|-damage|p2a: Marshadow|37\/321|[from] Stealth Rock\n|turn|25\n|choice|switch 2|move closecombat\n|\n|switch|p1a: Pelipper|Pelipper, F|167\/323\n|-weather|RainDance|[from] ability: Drizzle|[of] p1a: Pelipper\n|move|p2a: Marshadow|Close Combat|p1a: Pelipper\n|-resisted|p1a: Pelipper\n|-damage|p1a: Pelipper|71\/323\n|-unboost|p2a: Marshadow|def|1\n|-unboost|p2a: Marshadow|spd|1\n|\n|-weather|RainDance|[upkeep]\n|upkeep\n|turn|26\n|choice|move scald|move spectralthief\n|\n|move|p2a: Marshadow|Spectral Thief|p1a: Pelipper\n|-damage|p1a: Pelipper|0 fnt\n|faint|p1a: Pelipper\n|\n|-weather|RainDance|[upkeep]\n|upkeep\n|choice|switch 2|\n|\n|switch|p1a: team player|Swampert-Mega, F|192\/341\n|turn|27\n|choice|move earthquake|move shadowsneak\n|\n|move|p2a: Marshadow|Shadow Sneak|p1a: team player\n|-damage|p1a: team player|95\/341\n|move|p1a: team player|Earthquake|p2a: Marshadow\n|-damage|p2a: Marshadow|0 fnt\n|faint|p2a: Marshadow\n|\n|-weather|RainDance|[upkeep]\n|upkeep\n|choice||switch 4\n|\n|switch|p2a: Greninja|Greninja, M|285\/285\n|-damage|p2a: Greninja|250\/285|[from] Stealth Rock\n|-damage|p2a: Greninja|215\/285|[from] Spikes\n|turn|28\n|choice|move earthquake|move uturn\n|\n|move|p2a: Greninja|U-turn|p1a: team player\n|-start|p2a: Greninja|typechange|Bug|[from] Protean\n|-damage|p1a: team player|0 fnt\n|faint|p1a: team player\n|\n|win|Pokefreak77\n|raw|AsterJ's rating: 1857 &rarr; <strong>1840<\/strong><br \/>(-17 for losing)\n|raw|Pokefreak77's rating: 1905 &rarr; <strong>1923<\/strong><br \/>(+18 for winning)\n|l|javiliki","inputlog":null,"uploadtime":1499292440,"views":27,"p1id":"asterj","p2id":"pokefreak77","formatid":"gen7ou","rating":1840,"private":0,"password":null}