{"id":"gen7oususpecttest-632595157","p1":"Alolan Aster","p2":"carulos","format":"gen7oususpecttest","log":"|j|Alolan Aster\n|j|carulos\n|player|p1|Alolan Aster|52\n|teamsize|p1|6\n|player|p2|carulos|282\n|teamsize|p2|6\n|gametype|singles\n|gen|7\n|tier|[Gen 7] OU (suspect test)\n|rated\n|seed|5964,57821,30365,35182\n|rule|Sleep Clause Mod: Limit one foe put to sleep\n|rule|Species Clause: Limit one of each Pok\u00e9mon\n|rule|OHKO Clause: OHKO moves are banned\n|rule|Moody Clause: Moody is banned\n|rule|Evasion Moves Clause: Evasion moves are banned\n|rule|Endless Battle Clause: Forcing endless battles is banned\n|rule|HP Percentage Mod: HP is shown in percentages\n|clearpoke\n|poke|p1|Scolipede, F|item\n|poke|p1|Lopunny, M|item\n|poke|p1|Ferrothorn, M|item\n|poke|p1|Landorus-Therian, M|item\n|poke|p1|Keldeo|item\n|poke|p1|Latios, M|item\n|poke|p2|Scizor, M|item\n|poke|p2|Greninja, M|item\n|poke|p2|Magearna|item\n|poke|p2|Rotom-Wash|item\n|poke|p2|Marowak-Alola, F|item\n|poke|p2|Tangrowth, F|item\n|teampreview\n|inactive|Battle timer is ON: inactive players will automatically lose when time's up. (requested by carulos)\n|choice|team 2, team 1, team 3, team 4, team 5, team 6|team 5, team 2, team 3, team 4, team 1, team 6\n|\n|start\n|switch|p1a: Lopunny|Lopunny, M|271\/271\n|switch|p2a: Marowak|Marowak-Alola, F|323\/323\n|turn|1\n|choice|move fakeout mega|move stealthrock\n|\n|detailschange|p1a: Lopunny|Lopunny-Mega, M\n|-mega|p1a: Lopunny|Lopunny|Lopunnite\n|move|p1a: Lopunny|Fake Out|p2a: Marowak\n|-damage|p2a: Marowak|259\/323\n|cant|p2a: Marowak|flinch\n|\n|upkeep\n|turn|2\n|choice|switch 4|move stealthrock\n|\n|switch|p1a: Landorus|Landorus-Therian, M|382\/382\n|-ability|p1a: Landorus|Intimidate|boost\n|-unboost|p2a: Marowak|atk|1\n|move|p2a: Marowak|Stealth Rock|p1a: Landorus\n|-sidestart|p1: Alolan Aster|move: Stealth Rock\n|\n|upkeep\n|turn|3\n|choice|move stealthrock|switch 4\n|\n|switch|p2a: Rotom|Rotom-Wash, shiny|303\/303\n|move|p1a: Landorus|Stealth Rock|p2a: Rotom\n|-sidestart|p2: carulos|move: Stealth Rock\n|\n|upkeep\n|turn|4\n|choice|switch 3|move willowisp\n|\n|switch|p1a: Ferrothorn|Ferrothorn, M|352\/352\n|-damage|p1a: Ferrothorn|330\/352|[from] Stealth Rock\n|move|p2a: Rotom|Will-O-Wisp|p1a: Ferrothorn\n|-status|p1a: Ferrothorn|brn\n|\n|-heal|p1a: Ferrothorn|352\/352 brn|[from] item: Leftovers\n|-damage|p1a: Ferrothorn|330\/352 brn|[from] brn\n|upkeep\n|turn|5\n|choice|move leechseed|move voltswitch\n|\n|move|p2a: Rotom|Volt Switch|p1a: Ferrothorn\n|-resisted|p1a: Ferrothorn\n|-damage|p1a: Ferrothorn|297\/352 brn\n|choice||switch 6\n|\n|switch|p2a: La ramera|Tangrowth, F|404\/404\n|-damage|p2a: La ramera|354\/404|[from] Stealth Rock\n|move|p1a: Ferrothorn|Leech Seed|p2a: La ramera\n|-immune|p2a: La ramera|[msg]\n|\n|-heal|p1a: Ferrothorn|319\/352 brn|[from] item: Leftovers\n|-damage|p1a: Ferrothorn|297\/352 brn|[from] brn\n|upkeep\n|turn|6\n|choice|move spikes|move knockoff\n|\n|move|p2a: La ramera|Knock Off|p1a: Ferrothorn\n|-damage|p1a: Ferrothorn|249\/352 brn\n|-damage|p2a: La ramera|304\/404|[from] ability: Iron Barbs|[of] p1a: Ferrothorn\n|-enditem|p1a: Ferrothorn|Leftovers|[from] move: Knock Off|[of] p2a: La ramera\n|move|p1a: Ferrothorn|Spikes|p2a: La ramera\n|-sidestart|p2: carulos|Spikes\n|\n|-damage|p1a: Ferrothorn|227\/352 brn|[from] brn\n|upkeep\n|turn|7\n|choice|move knockoff|switch 3\n|\n|switch|p2a: Magearna|Magearna|301\/301\n|-damage|p2a: Magearna|283\/301|[from] Stealth Rock\n|-damage|p2a: Magearna|246\/301|[from] Spikes\n|move|p1a: Ferrothorn|Knock Off|p2a: Magearna\n|-resisted|p2a: Magearna\n|-damage|p2a: Magearna|235\/301\n|\n|-damage|p1a: Ferrothorn|205\/352 brn|[from] brn\n|upkeep\n|turn|8\n|choice|move leechseed|move shiftgear\n|\n|move|p2a: Magearna|Shift Gear|p2a: Magearna\n|-boost|p2a: Magearna|spe|2\n|-boost|p2a: Magearna|atk|1\n|move|p1a: Ferrothorn|Leech Seed|p2a: Magearna\n|-start|p2a: Magearna|move: Leech Seed\n|\n|-damage|p2a: Magearna|198\/301|[from] Leech Seed|[of] p1a: Ferrothorn\n|-heal|p1a: Ferrothorn|242\/352 brn|[silent]\n|-damage|p1a: Ferrothorn|220\/352 brn|[from] brn\n|upkeep\n|turn|9\n|choice|switch 3|move aurasphere\n|\n|switch|p1a: Landorus|Landorus-Therian, M|382\/382\n|-damage|p1a: Landorus|335\/382|[from] Stealth Rock\n|-ability|p1a: Landorus|Intimidate|boost\n|-unboost|p2a: Magearna|atk|1\n|move|p2a: Magearna|Aura Sphere|p1a: Landorus\n|-resisted|p1a: Landorus\n|-damage|p1a: Landorus|280\/382\n|\n|-heal|p1a: Landorus|303\/382|[from] item: Leftovers\n|-damage|p2a: Magearna|161\/301|[from] Leech Seed|[of] p1a: Landorus\n|-heal|p1a: Landorus|340\/382|[silent]\n|upkeep\n|turn|10\n|choice|switch 5|move fleurcannon zmove\n|\n|switch|p1a: Keldeo|Keldeo|323\/323\n|-damage|p1a: Keldeo|303\/323|[from] Stealth Rock\n|-zpower|p2a: Magearna\n|move|p2a: Magearna|Twinkle Tackle|p1a: Keldeo|[zeffect]\n|-supereffective|p1a: Keldeo\n|-damage|p1a: Keldeo|0 fnt\n|faint|p1a: Keldeo\n|-ability|p2a: Magearna|Soul-Heart|boost\n|-boost|p2a: Magearna|spa|1\n|\n|upkeep\n|choice|switch 5|\n|\n|switch|p1a: Landorus|Landorus-Therian, M|340\/382\n|-damage|p1a: Landorus|293\/382|[from] Stealth Rock\n|-ability|p1a: Landorus|Intimidate|boost\n|-unboost|p2a: Magearna|atk|1\n|turn|11\n|choice|switch 3|move aurasphere\n|\n|switch|p1a: Ferrothorn|Ferrothorn, M|220\/352 brn\n|-damage|p1a: Ferrothorn|198\/352 brn|[from] Stealth Rock\n|move|p2a: Magearna|Aura Sphere|p1a: Ferrothorn\n|-supereffective|p1a: Ferrothorn\n|-damage|p1a: Ferrothorn|0 fnt\n|faint|p1a: Ferrothorn\n|-ability|p2a: Magearna|Soul-Heart|boost\n|-boost|p2a: Magearna|spa|1\n|\n|upkeep\n|c|\u2606carulos|;)\n|choice|switch 4|\n|\n|switch|p1a: Lopunny|Lopunny-Mega, M|271\/271\n|-damage|p1a: Lopunny|255\/271|[from] Stealth Rock\n|turn|12\n|choice|move fakeout|move aurasphere\n|\n|move|p1a: Lopunny|Fake Out|p2a: Magearna\n|-resisted|p2a: Magearna\n|-damage|p2a: Magearna|128\/301\n|cant|p2a: Magearna|flinch\n|\n|-damage|p2a: Magearna|91\/301|[from] Leech Seed|[of] p1a: Lopunny\n|-heal|p1a: Lopunny|271\/271|[silent]\n|upkeep\n|turn|13\n|choice|switch 6|move fleurcannon\n|\n|switch|p1a: Latios|Latios, M|301\/301\n|-damage|p1a: Latios|264\/301|[from] Stealth Rock\n|move|p2a: Magearna|Fleur Cannon|p1a: Latios\n|-supereffective|p1a: Latios\n|-damage|p1a: Latios|0 fnt\n|-unboost|p2a: Magearna|spa|2\n|faint|p1a: Latios\n|-ability|p2a: Magearna|Soul-Heart|boost\n|-boost|p2a: Magearna|spa|1\n|\n|upkeep\n|choice|switch 6|\n|\n|switch|p1a: Lopunny|Lopunny-Mega, M|271\/271\n|-damage|p1a: Lopunny|255\/271|[from] Stealth Rock\n|turn|14\n|choice|move fakeout|move aurasphere\n|\n|move|p1a: Lopunny|Fake Out|p2a: Magearna\n|-resisted|p2a: Magearna\n|-damage|p2a: Magearna|56\/301\n|cant|p2a: Magearna|flinch\n|\n|-damage|p2a: Magearna|19\/301|[from] Leech Seed|[of] p1a: Lopunny\n|-heal|p1a: Lopunny|271\/271|[silent]\n|upkeep\n|turn|15\n|choice|switch 2|move fleurcannon\n|\n|switch|p1a: Scolipede|Scolipede, F|261\/261\n|-damage|p1a: Scolipede|196\/261|[from] Stealth Rock\n|move|p2a: Magearna|Fleur Cannon|p1a: Scolipede\n|-resisted|p1a: Scolipede\n|-damage|p1a: Scolipede|0 fnt\n|-unboost|p2a: Magearna|spa|2\n|faint|p1a: Scolipede\n|-ability|p2a: Magearna|Soul-Heart|boost\n|-boost|p2a: Magearna|spa|1\n|\n|upkeep\n|choice|switch 2|\n|\n|switch|p1a: Lopunny|Lopunny-Mega, M|271\/271\n|-damage|p1a: Lopunny|255\/271|[from] Stealth Rock\n|turn|16\n|choice|move fakeout|move aurasphere\n|\n|move|p1a: Lopunny|Fake Out|p2a: Magearna\n|-resisted|p2a: Magearna\n|-damage|p2a: Magearna|0 fnt\n|faint|p2a: Magearna\n|\n|upkeep\n|choice||switch 6\n|\n|switch|p2a: Rotom|Rotom-Wash, shiny|303\/303\n|-damage|p2a: Rotom|266\/303|[from] Stealth Rock\n|turn|17\n|choice|move poweruppunch|move willowisp\n|\n|move|p1a: Lopunny|Power-Up Punch|p2a: Rotom\n|-damage|p2a: Rotom|214\/303\n|-boost|p1a: Lopunny|atk|1\n|move|p2a: Rotom|Will-O-Wisp|p1a: Lopunny\n|-status|p1a: Lopunny|brn\n|\n|-heal|p2a: Rotom|232\/303|[from] item: Leftovers\n|-damage|p1a: Lopunny|239\/271 brn|[from] brn\n|upkeep\n|turn|18\n|choice|move poweruppunch|move voltswitch\n|\n|move|p1a: Lopunny|Power-Up Punch|p2a: Rotom\n|-damage|p2a: Rotom|193\/303\n|-boost|p1a: Lopunny|atk|1\n|move|p2a: Rotom|Volt Switch|p1a: Lopunny\n|-damage|p1a: Lopunny|154\/271 brn\n|choice||switch 5\n|\n|switch|p2a: Scizor|Scizor, M|344\/344\n|-damage|p2a: Scizor|301\/344|[from] Stealth Rock\n|-damage|p2a: Scizor|258\/344|[from] Spikes\n|\n|-damage|p1a: Lopunny|138\/271 brn|[from] brn\n|upkeep\n|turn|19\n|choice|move highjumpkick|move bulletpunch mega\n|\n|detailschange|p2a: Scizor|Scizor-Mega, M\n|-mega|p2a: Scizor|Scizor|Scizorite\n|move|p2a: Scizor|Bullet Punch|p1a: Lopunny\n|-damage|p1a: Lopunny|2\/271 brn\n|move|p1a: Lopunny|High Jump Kick|p2a: Scizor\n|-damage|p2a: Scizor|90\/344\n|\n|-damage|p1a: Lopunny|0 fnt|[from] brn\n|upkeep\n|faint|p1a: Lopunny\n|-message|Alolan Aster forfeited.\n|\n|win|carulos\n|l|Alolan Aster","inputlog":null,"uploadtime":1505595645,"views":0,"p1id":"alolanaster","p2id":"carulos","formatid":"gen7oususpecttest","rating":0,"private":0,"password":null}