{"id":"gen7ou-976913494","p1":"madness10","p2":"iambad6","format":"gen7ou","log":"|j|\u2606madness10\n|j|\u2606iambad6\n|player|p1|madness10|265|1364\n|player|p2|iambad6|244|1371\n|teamsize|p1|6\n|teamsize|p2|6\n|gametype|singles\n|gen|7\n|tier|[Gen 7] OU\n|rated|\n|rule|Sleep Clause Mod: Limit one foe put to sleep\n|rule|Species Clause: Limit one of each Pok\u00e9mon\n|rule|OHKO Clause: OHKO moves are banned\n|rule|Moody Clause: Moody is banned\n|rule|Evasion Moves Clause: Evasion moves are banned\n|rule|Endless Battle Clause: Forcing endless battles is banned\n|rule|HP Percentage Mod: HP is shown in percentages\n|clearpoke\n|poke|p1|Heatran, F|item\n|poke|p1|Kartana|item\n|poke|p1|Greninja, M|item\n|poke|p1|Landorus-Therian, M|item\n|poke|p1|Magearna|item\n|poke|p1|Latias, F|item\n|poke|p2|Swampert, M|item\n|poke|p2|Pelipper, M|item\n|poke|p2|Manaphy|item\n|poke|p2|Ferrothorn, M|item\n|poke|p2|Tornadus-Therian, M|item\n|poke|p2|Greninja, M|item\n|teampreview\n|inactive|Battle timer is ON: inactive players will automatically lose when time's up. (requested by iambad6)\n|inactive|madness10 has 120 seconds left.\n|\n|start\n|switch|p1a: Kartana|Kartana, shiny|100\/100\n|switch|p2a: Pelipper|Pelipper, M|100\/100\n|-weather|RainDance|[from] ability: Drizzle|[of] p2a: Pelipper\n|turn|1\n|\n|switch|p2a: Ferrothorn|Ferrothorn, M|100\/100\n|move|p1a: Kartana|Leaf Blade|p2a: Ferrothorn\n|-resisted|p2a: Ferrothorn\n|-crit|p2a: Ferrothorn\n|-damage|p2a: Ferrothorn|84\/100\n|-damage|p1a: Kartana|88\/100|[from] ability: Iron Barbs|[of] p2a: Ferrothorn\n|\n|-weather|RainDance|[upkeep]\n|-heal|p2a: Ferrothorn|90\/100|[from] item: Leftovers\n|upkeep\n|turn|2\n|\n|switch|p1a: Landorus|Landorus-Therian, M|100\/100\n|-ability|p1a: Landorus|Intimidate|boost\n|-unboost|p2a: Ferrothorn|atk|1\n|move|p2a: Ferrothorn|Stealth Rock|p1a: Landorus\n|-sidestart|p1: madness10|move: Stealth Rock\n|\n|-weather|RainDance|[upkeep]\n|-heal|p2a: Ferrothorn|96\/100|[from] item: Leftovers\n|upkeep\n|turn|3\n|\n|switch|p2a: Swampert|Swampert, M|100\/100\n|move|p1a: Landorus|Stealth Rock|p2a: Swampert\n|-sidestart|p2: iambad6|move: Stealth Rock\n|\n|-weather|RainDance|[upkeep]\n|upkeep\n|turn|4\n|inactive|madness10 has 120 seconds left.\n|\n|switch|p1a: Kartana|Kartana, shiny|88\/100\n|-damage|p1a: Kartana|82\/100|[from] Stealth Rock\n|detailschange|p2a: Swampert|Swampert-Mega, M\n|-mega|p2a: Swampert|Swampert|Swampertite\n|move|p2a: Swampert|Waterfall|p1a: Kartana\n|-resisted|p1a: Kartana\n|-damage|p1a: Kartana|46\/100\n|\n|-weather|RainDance|[upkeep]\n|upkeep\n|turn|5\n|inactive|madness10 has 120 seconds left.\n|\n|move|p2a: Swampert|Ice Punch|p1a: Kartana\n|-damage|p1a: Kartana|14\/100\n|-status|p1a: Kartana|frz\n|cant|p1a: Kartana|frz\n|\n|-weather|RainDance|[upkeep]\n|upkeep\n|turn|6\n|\n|move|p2a: Swampert|Waterfall|p1a: Kartana\n|-resisted|p1a: Kartana\n|-damage|p1a: Kartana|0 fnt\n|faint|p1a: Kartana\n|\n|-weather|RainDance|[upkeep]\n|upkeep\n|inactive|madness10 has 120 seconds left.\n|\n|switch|p1a: Latias|Latias, F|100\/100\n|-damage|p1a: Latias|88\/100|[from] Stealth Rock\n|turn|7\n|\n|switch|p2a: Ferrothorn|Ferrothorn, M|96\/100\n|-damage|p2a: Ferrothorn|90\/100|[from] Stealth Rock\n|move|p1a: Latias|Recover|p1a: Latias\n|-heal|p1a: Latias|100\/100\n|\n|-weather|RainDance|[upkeep]\n|-heal|p2a: Ferrothorn|96\/100|[from] item: Leftovers\n|upkeep\n|turn|8\n|-message|madness10 forfeited.\n|\n|win|iambad6\n|l|\u2606madness10\n|raw|madness10's rating: 1346 &rarr; <strong>1327<\/strong><br \/>(-19 for losing)\n|raw|iambad6's rating: 1371 &rarr; <strong>1390<\/strong><br \/>(+19 for winning)\n","uploadtime":1568647225,"views":11,"p1id":"madness10","p2id":"iambad6","formatid":"gen7ou","rating":1327,"private":0,"password":null}