{"id":"gen7ubers-911617524","p1":"Lance Bangs","p2":"shardul888","format":"gen7ubers","log":"|j|\u2606Lance Bangs\n|j|\u2606shardul888\n|player|p1|Lance Bangs|silver-gen2kanto\n|player|p2|shardul888|92\n|teamsize|p1|6\n|teamsize|p2|6\n|gametype|singles\n|gen|7\n|tier|[Gen 7] Ubers\n|rule|Sleep Clause Mod: Limit one foe put to sleep\n|rule|Species Clause: Limit one of each Pok\u00e9mon\n|rule|OHKO Clause: OHKO moves are banned\n|rule|Moody Clause: Moody is banned\n|rule|Evasion Moves Clause: Evasion moves are banned\n|rule|Endless Battle Clause: Forcing endless battles is banned\n|rule|HP Percentage Mod: HP is shown in percentages\n|clearpoke\n|poke|p1|Yveltal|item\n|poke|p1|Groudon|item\n|poke|p1|Kyogre|item\n|poke|p1|Deoxys-Attack|item\n|poke|p1|Xerneas|item\n|poke|p1|Darkrai|item\n|poke|p2|Venusaur, M|item\n|poke|p2|Arcanine, F|item\n|poke|p2|Zeraora|item\n|poke|p2|Toxapex, M|item\n|poke|p2|Lugia|item\n|poke|p2|Metagross|item\n|rule|Mega Rayquaza Clause: You cannot mega evolve Rayquaza\n|teampreview\n|inactive|Battle timer is ON: inactive players will automatically lose when time's up. (requested by shardul888)\n|\n|start\n|switch|p1a: Darkrai|Darkrai|343\/343\n|switch|p2a: Lugia|Lugia|387\/387\n|turn|1\n|\n|switch|p2a: Toxapex|Toxapex, M|277\/277\n|move|p1a: Darkrai|Hypnosis|p2a: Toxapex\n|-status|p2a: Toxapex|slp|[from] move: Hypnosis\n|\n|-damage|p2a: Toxapex|243\/277 slp|[from] ability: Bad Dreams|[of] p1a: Darkrai\n|upkeep\n|turn|2\n|\n|switch|p1a: Kyogre|Kyogre|341\/341\n|detailschange|p1a: Kyogre|Kyogre-Primal\n|-primal|p1a: Kyogre\n|-weather|PrimordialSea|[from] ability: Primordial Sea|[of] p1a: Kyogre\n|switch|p2a: Zeraora|Zeraora|317\/317\n|\n|-weather|PrimordialSea|[upkeep]\n|upkeep\n|turn|3\n|\n|-weather|none\n|switch|p1a: Groudon|Groudon|341\/341\n|detailschange|p1a: Groudon|Groudon-Primal\n|-primal|p1a: Groudon\n|-weather|DesolateLand|[from] ability: Desolate Land|[of] p1a: Groudon\n|move|p2a: Zeraora|Fake Out|p1a: Groudon\n|-damage|p1a: Groudon|313\/341\n|\n|-weather|DesolateLand|[upkeep]\n|upkeep\n|turn|4\n|\n|switch|p2a: Lugia|Lugia|387\/387\n|-weather|none\n|switch|p1a: Deoxys|Deoxys-Attack|241\/241\n|-ability|p1a: Deoxys|Pressure\n|\n|upkeep\n|turn|5\n|\n|switch|p1a: Groudon|Groudon-Primal|313\/341\n|-weather|DesolateLand|[from] ability: Desolate Land|[of] p1a: Groudon\n|move|p2a: Lugia|Thunder Wave|p1a: Groudon\n|-immune|p1a: Groudon\n|\n|-weather|DesolateLand|[upkeep]\n|upkeep\n|turn|6\n|\n|-weather|none\n|switch|p1a: Yveltal|Yveltal|455\/455\n|-ability|p1a: Yveltal|Dark Aura\n|move|p2a: Lugia|Psychic|p1a: Yveltal\n|-immune|p1a: Yveltal\n|\n|upkeep\n|turn|7\n|\n|move|p1a: Yveltal|Dark Pulse|p2a: Lugia\n|-supereffective|p2a: Lugia\n|-damage|p2a: Lugia|270\/387\n|-damage|p1a: Yveltal|410\/455|[from] item: Life Orb\n|move|p2a: Lugia|Thunder Wave|p1a: Yveltal\n|-status|p1a: Yveltal|par\n|\n|-heal|p2a: Lugia|294\/387|[from] item: Leftovers\n|upkeep\n|turn|8\n|\n|switch|p2a: Toxapex|Toxapex, M|277\/277 slp\n|move|p1a: Yveltal|Dark Pulse|p2a: Toxapex\n|-damage|p2a: Toxapex|133\/277 slp\n|-damage|p1a: Yveltal|365\/455 par|[from] item: Life Orb\n|\n|-heal|p2a: Toxapex|150\/277 slp|[from] item: Leftovers\n|upkeep\n|turn|9\n|\n|move|p1a: Yveltal|Dark Pulse|p2a: Toxapex\n|-damage|p2a: Toxapex|17\/277 slp\n|-damage|p1a: Yveltal|320\/455 par|[from] item: Life Orb\n|cant|p2a: Toxapex|slp\n|\n|-heal|p2a: Toxapex|34\/277 slp|[from] item: Leftovers\n|upkeep\n|turn|10\n|\n|-curestatus|p2a: Toxapex|slp|[msg]\n|move|p2a: Toxapex|Baneful Bunker|p2a: Toxapex\n|-singleturn|p2a: Toxapex|move: Protect\n|move|p1a: Yveltal|Oblivion Wing|p2a: Toxapex\n|-activate|p2a: Toxapex|move: Protect\n|\n|-heal|p2a: Toxapex|51\/277|[from] item: Leftovers\n|upkeep\n|turn|11\n|\n|move|p1a: Yveltal|Dark Pulse|p2a: Toxapex\n|-damage|p2a: Toxapex|0 fnt\n|-damage|p1a: Yveltal|275\/455 par|[from] item: Life Orb\n|faint|p2a: Toxapex\n|\n|upkeep\n|\n|switch|p2a: Zeraora|Zeraora|317\/317\n|turn|12\n|\n|switch|p1a: Groudon|Groudon-Primal|313\/341\n|-weather|DesolateLand|[from] ability: Desolate Land|[of] p1a: Groudon\n|move|p2a: Zeraora|Fake Out|p1a: Groudon\n|-crit|p1a: Groudon\n|-damage|p1a: Groudon|272\/341\n|\n|-weather|DesolateLand|[upkeep]\n|upkeep\n|turn|13\n|\n|switch|p2a: Lugia|Lugia|294\/387\n|-weather|none\n|switch|p1a: Darkrai|Darkrai|343\/343\n|\n|-heal|p2a: Lugia|318\/387|[from] item: Leftovers\n|upkeep\n|turn|14\n|\n|move|p1a: Darkrai|Hypnosis|p2a: Lugia|[miss]\n|-miss|p1a: Darkrai|p2a: Lugia\n|move|p2a: Lugia|Thunder Wave|p1a: Darkrai\n|-status|p1a: Darkrai|par\n|\n|-heal|p2a: Lugia|342\/387|[from] item: Leftovers\n|upkeep\n|turn|15\n|\n|switch|p2a: Arcanine|Arcanine, F|321\/321\n|-ability|p2a: Arcanine|Intimidate|boost\n|-unboost|p1a: Darkrai|atk|1\n|move|p1a: Darkrai|Hypnosis|p2a: Arcanine\n|-status|p2a: Arcanine|slp|[from] move: Hypnosis\n|\n|-damage|p2a: Arcanine|281\/321 slp|[from] ability: Bad Dreams|[of] p1a: Darkrai\n|upkeep\n|turn|16\n|\n|switch|p1a: Deoxys|Deoxys-Attack|241\/241\n|-ability|p1a: Deoxys|Pressure\n|cant|p2a: Arcanine|slp\n|\n|upkeep\n|turn|17\n|\n|move|p1a: Deoxys|Psycho Boost|p2a: Arcanine\n|-damage|p2a: Arcanine|0 fnt\n|-unboost|p1a: Deoxys|spa|2\n|-damage|p1a: Deoxys|217\/241|[from] item: Life Orb\n|faint|p2a: Arcanine\n|\n|upkeep\n|\n|switch|p2a: Zeraora|Zeraora|317\/317\n|turn|18\n|\n|switch|p1a: Groudon|Groudon-Primal|272\/341\n|-weather|DesolateLand|[from] ability: Desolate Land|[of] p1a: Groudon\n|move|p2a: Zeraora|Close Combat|p1a: Groudon\n|-damage|p1a: Groudon|185\/341\n|-unboost|p2a: Zeraora|def|1\n|-unboost|p2a: Zeraora|spd|1\n|\n|-weather|DesolateLand|[upkeep]\n|upkeep\n|turn|19\n|\n|switch|p2a: Lugia|Lugia|342\/387\n|move|p1a: Groudon|Bulk Up|p1a: Groudon\n|-boost|p1a: Groudon|atk|1\n|-boost|p1a: Groudon|def|1\n|\n|-weather|DesolateLand|[upkeep]\n|-heal|p2a: Lugia|366\/387|[from] item: Leftovers\n|upkeep\n|turn|20\n|\n|move|p1a: Groudon|Protect|p1a: Groudon\n|-singleturn|p1a: Groudon|Protect\n|move|p2a: Lugia|Psychic|p1a: Groudon\n|-activate|p1a: Groudon|move: Protect\n|\n|-weather|DesolateLand|[upkeep]\n|-heal|p2a: Lugia|387\/387|[from] item: Leftovers\n|upkeep\n|turn|21\n|\n|-weather|none\n|switch|p1a: Darkrai|Darkrai|343\/343 par\n|move|p2a: Lugia|Psychic|p1a: Darkrai\n|-immune|p1a: Darkrai\n|\n|upkeep\n|turn|22\n|-message|shardul888 forfeited.\n|\n|win|Lance Bangs\n|l|\u2606shardul888\n","uploadtime":1558139506,"views":7,"p1id":"lancebangs","p2id":"shardul888","formatid":"gen7ubers","rating":0,"private":0,"password":null}