{"id":"gen7ou-1604727295","p1":"ninjadouche","p2":"wuilan jie","format":"gen7ou","log":"|j|\u2606ninjadouche\n|j|\u2606wuilan jie\n|t:|1656268094\n|gametype|singles\n|player|p1|ninjadouche|burglar|1417\n|player|p2|wuilan jie|red|1489\n|teamsize|p1|6\n|teamsize|p2|6\n|gen|7\n|tier|[Gen 7] OU\n|rated|\n|rule|Sleep Clause Mod: Limit one foe put to sleep\n|rule|Species Clause: Limit one of each Pok\u00e9mon\n|rule|OHKO Clause: OHKO moves are banned\n|rule|Moody Clause: Moody is banned\n|rule|Evasion Moves Clause: Evasion moves are banned\n|rule|Endless Battle Clause: Forcing endless battles is banned\n|rule|HP Percentage Mod: HP is shown in percentages\n|clearpoke\n|poke|p1|Marowak-Alola, M|item\n|poke|p1|Ninetales, F|item\n|poke|p1|Shiftry, M|item\n|poke|p1|Aggron, F|item\n|poke|p1|Rotom-Wash|item\n|poke|p1|Snorlax, F|item\n|poke|p2|Kommo-o, M|item\n|poke|p2|Cresselia, F|item\n|poke|p2|Heatran, M|item\n|poke|p2|Mantine, M|item\n|poke|p2|Landorus-Therian, M|item\n|poke|p2|Medicham, F|item\n|teampreview\n|\n|t:|1656268100\n|start\n|switch|p1a: Ninetales|Ninetales, F|100\/100\n|switch|p2a: Kommo-o|Kommo-o, M|100\/100\n|-weather|SunnyDay|[from] ability: Drought|[of] p1a: Ninetales\n|turn|1\n|\n|t:|1656268108\n|switch|p1a: Aggron|Aggron, F|100\/100\n|-zpower|p2a: Kommo-o\n|move|p2a: Kommo-o|Clangorous Soulblaze|p1a: Aggron|[zeffect]\n|-resisted|p1a: Aggron\n|-damage|p1a: Aggron|1\/100\n|-boost|p2a: Kommo-o|atk|1\n|-boost|p2a: Kommo-o|def|1\n|-boost|p2a: Kommo-o|spa|1\n|-boost|p2a: Kommo-o|spd|1\n|-boost|p2a: Kommo-o|spe|1\n|\n|-weather|SunnyDay|[upkeep]\n|upkeep\n|turn|2\n|inactive|Battle timer is ON: inactive players will automatically lose when time's up. (requested by ninjadouche)\n|-enditem|p1a: Aggron|Custap Berry|[eat]\n|-activate|p1a: Aggron|item: Custap Berry|[consumed]\n|\n|t:|1656268123\n|move|p1a: Aggron|Endeavor|p2a: Kommo-o\n|-damage|p2a: Kommo-o|1\/100\n|move|p2a: Kommo-o|Flamethrower|p1a: Aggron\n|-damage|p1a: Aggron|0 fnt\n|faint|p1a: Aggron\n|\n|-weather|SunnyDay|[upkeep]\n|upkeep\n|\n|t:|1656268129\n|switch|p1a: Shiftry|Shiftry, M|100\/100\n|turn|3\n|\n|t:|1656268134\n|move|p1a: Shiftry|Knock Off|p2a: Kommo-o\n|-resisted|p2a: Kommo-o\n|-damage|p2a: Kommo-o|0 fnt\n|faint|p2a: Kommo-o\n|-damage|p1a: Shiftry|91\/100|[from] item: Life Orb\n|\n|-weather|SunnyDay|[upkeep]\n|upkeep\n|\n|t:|1656268138\n|switch|p2a: Landorus|Landorus-Therian, M|100\/100\n|-ability|p2a: Landorus|Intimidate|boost\n|-unboost|p1a: Shiftry|atk|1\n|turn|4\n|\n|t:|1656268149\n|switch|p1a: Rotom|Rotom-Wash|100\/100\n|move|p2a: Landorus|U-turn|p1a: Rotom\n|-damage|p1a: Rotom|79\/100\n|\n|t:|1656268156\n|switch|p2a: Medicham|Medicham, F|100\/100|[from]move: U-turn\n|\n|-weather|SunnyDay|[upkeep]\n|-heal|p1a: Rotom|85\/100|[from] item: Leftovers\n|upkeep\n|turn|5\n|\n|t:|1656268161\n|switch|p1a: Marowak|Marowak-Alola, M|100\/100\n|detailschange|p2a: Medicham|Medicham-Mega, F\n|-mega|p2a: Medicham|Medicham|Medichamite\n|move|p2a: Medicham|Zen Headbutt|p1a: Marowak\n|-damage|p1a: Marowak|19\/100\n|\n|-weather|none\n|upkeep\n|turn|6\n|\n|t:|1656268173\n|move|p2a: Medicham|Zen Headbutt|p1a: Marowak\n|-damage|p1a: Marowak|0 fnt\n|faint|p1a: Marowak\n|\n|upkeep\n|\n|t:|1656268177\n|switch|p1a: Ninetales|Ninetales, F|100\/100\n|-weather|SunnyDay|[from] ability: Drought|[of] p1a: Ninetales\n|turn|7\n|\n|t:|1656268181\n|move|p1a: Ninetales|Overheat|p2a: Medicham\n|-damage|p2a: Medicham|0 fnt\n|-unboost|p1a: Ninetales|spa|2\n|faint|p2a: Medicham\n|\n|-weather|SunnyDay|[upkeep]\n|upkeep\n|\n|t:|1656268185\n|switch|p2a: Heatran|Heatran, M|100\/100\n|turn|8\n|c|\u2606ninjadouche|i got lucky\n|c|\u2606ninjadouche|and won the speed tie\n|\n|t:|1656268193\n|switch|p1a: Snorlax|Snorlax, F|100\/100\n|move|p2a: Heatran|Stealth Rock|p1a: Snorlax\n|-sidestart|p1: ninjadouche|move: Stealth Rock\n|\n|-weather|SunnyDay|[upkeep]\n|upkeep\n|turn|9\n|\n|t:|1656268200\n|move|p2a: Heatran|Protect|p2a: Heatran\n|-singleturn|p2a: Heatran|Protect\n|move|p1a: Snorlax|Earthquake|p2a: Heatran\n|-activate|p2a: Heatran|move: Protect\n|\n|-weather|SunnyDay|[upkeep]\n|upkeep\n|turn|10\n|\n|t:|1656268206\n|switch|p2a: Landorus|Landorus-Therian, M|100\/100\n|-ability|p2a: Landorus|Intimidate|boost\n|-unboost|p1a: Snorlax|atk|1\n|switch|p1a: Rotom|Rotom-Wash|85\/100\n|-damage|p1a: Rotom|73\/100|[from] Stealth Rock\n|\n|-weather|SunnyDay|[upkeep]\n|-heal|p1a: Rotom|79\/100|[from] item: Leftovers\n|upkeep\n|turn|11\n|\n|t:|1656268213\n|move|p2a: Landorus|U-turn|p1a: Rotom\n|-damage|p1a: Rotom|58\/100\n|\n|t:|1656268220\n|switch|p2a: Heatran|Heatran, M|100\/100|[from]move: U-turn\n|move|p1a: Rotom|Defog|p2a: Heatran\n|-unboost|p2a: Heatran|evasion|1\n|-sideend|p1: ninjadouche|Stealth Rock|[from] move: Defog|[of] p1a: Rotom\n|\n|-weather|none\n|-heal|p1a: Rotom|64\/100|[from] item: Leftovers\n|upkeep\n|turn|12\n|\n|t:|1656268225\n|move|p2a: Heatran|Magma Storm|p1a: Rotom\n|-resisted|p1a: Rotom\n|-damage|p1a: Rotom|42\/100\n|-activate|p1a: Rotom|move: Magma Storm|[of] p2a: Heatran\n|move|p1a: Rotom|Hydro Pump|p2a: Heatran\n|-supereffective|p2a: Heatran\n|-damage|p2a: Heatran|41\/100\n|\n|-heal|p2a: Heatran|48\/100|[from] item: Leftovers\n|-heal|p1a: Rotom|48\/100|[from] item: Leftovers\n|-damage|p1a: Rotom|36\/100|[from] move: Magma Storm|[partiallytrapped]\n|upkeep\n|turn|13\n|\n|t:|1656268229\n|move|p2a: Heatran|Protect|p2a: Heatran\n|-singleturn|p2a: Heatran|Protect\n|move|p1a: Rotom|Hydro Pump|p2a: Heatran\n|-activate|p2a: Heatran|move: Protect\n|\n|-heal|p2a: Heatran|54\/100|[from] item: Leftovers\n|-heal|p1a: Rotom|42\/100|[from] item: Leftovers\n|-damage|p1a: Rotom|29\/100|[from] move: Magma Storm|[partiallytrapped]\n|upkeep\n|turn|14\n|\n|t:|1656268240\n|switch|p2a: Mantine|Mantine, M|100\/100\n|move|p1a: Rotom|Volt Switch|p2a: Mantine\n|-supereffective|p2a: Mantine\n|-damage|p2a: Mantine|38\/100\n|\n|t:|1656268249\n|switch|p1a: Shiftry|Shiftry, M|91\/100|[from]move: Volt Switch\n|\n|-heal|p2a: Mantine|45\/100|[from] item: Leftovers\n|upkeep\n|turn|15\n|\n|t:|1656268254\n|move|p1a: Shiftry|Knock Off|p2a: Mantine\n|-damage|p2a: Mantine|0 fnt\n|-enditem|p2a: Mantine|Leftovers|[from] move: Knock Off|[of] p1a: Shiftry\n|faint|p2a: Mantine\n|-damage|p1a: Shiftry|81\/100|[from] item: Life Orb\n|\n|upkeep\n|\n|t:|1656268257\n|switch|p2a: Landorus|Landorus-Therian, M|100\/100\n|-ability|p2a: Landorus|Intimidate|boost\n|-unboost|p1a: Shiftry|atk|1\n|turn|16\n|\n|t:|1656268268\n|switch|p1a: Rotom|Rotom-Wash|29\/100\n|move|p2a: Landorus|U-turn|p1a: Rotom\n|-damage|p1a: Rotom|9\/100\n|\n|t:|1656268275\n|switch|p2a: Cresselia|Cresselia, F|100\/100|[from]move: U-turn\n|\n|-heal|p1a: Rotom|15\/100|[from] item: Leftovers\n|upkeep\n|turn|17\n|\n|t:|1656268285\n|move|p1a: Rotom|Volt Switch|p2a: Cresselia\n|-damage|p2a: Cresselia|86\/100\n|\n|t:|1656268289\n|switch|p1a: Snorlax|Snorlax, F|100\/100|[from]move: Volt Switch\n|move|p2a: Cresselia|Moonblast|p1a: Snorlax\n|-crit|p1a: Snorlax\n|-damage|p1a: Snorlax|86\/100\n|\n|upkeep\n|turn|18\n|\n|t:|1656268300\n|move|p2a: Cresselia|Toxic|p1a: Snorlax\n|-status|p1a: Snorlax|tox\n|move|p1a: Snorlax|Double-Edge|p2a: Cresselia\n|-damage|p2a: Cresselia|42\/100\n|-damage|p1a: Snorlax|69\/100 tox|[from] item: Rocky Helmet|[of] p2a: Cresselia\n|-damage|p1a: Snorlax|55\/100 tox|[from] Recoil\n|\n|-damage|p1a: Snorlax|49\/100 tox|[from] psn\n|upkeep\n|turn|19\n|\n|t:|1656268313\n|switch|p1a: Ninetales|Ninetales, F|100\/100\n|-weather|SunnyDay|[from] ability: Drought|[of] p1a: Ninetales\n|move|p2a: Cresselia|Moonlight|p2a: Cresselia\n|-heal|p2a: Cresselia|100\/100\n|\n|-weather|SunnyDay|[upkeep]\n|upkeep\n|turn|20\n|\n|t:|1656268323\n|switch|p2a: Heatran|Heatran, M|54\/100\n|move|p1a: Ninetales|Overheat|p2a: Heatran\n|-start|p2a: Heatran|ability: Flash Fire\n|\n|-weather|SunnyDay|[upkeep]\n|-heal|p2a: Heatran|60\/100|[from] item: Leftovers\n|upkeep\n|turn|21\n|\n|t:|1656268332\n|switch|p1a: Rotom|Rotom-Wash|15\/100\n|move|p2a: Heatran|Magma Storm|p1a: Rotom\n|-resisted|p1a: Rotom\n|-damage|p1a: Rotom|0 fnt\n|faint|p1a: Rotom\n|\n|-weather|SunnyDay|[upkeep]\n|-heal|p2a: Heatran|66\/100|[from] item: Leftovers\n|upkeep\n|\n|t:|1656268343\n|switch|p1a: Snorlax|Snorlax, F|49\/100 tox\n|turn|22\n|\n|t:|1656268347\n|move|p2a: Heatran|Protect|p2a: Heatran\n|-singleturn|p2a: Heatran|Protect\n|move|p1a: Snorlax|Earthquake|p2a: Heatran\n|-activate|p2a: Heatran|move: Protect\n|\n|-weather|SunnyDay|[upkeep]\n|-heal|p2a: Heatran|72\/100|[from] item: Leftovers\n|-damage|p1a: Snorlax|43\/100 tox|[from] psn\n|upkeep\n|turn|23\n|\n|t:|1656268357\n|-end|p2a: Heatran|ability: Flash Fire|[silent]\n|switch|p2a: Cresselia|Cresselia, F|100\/100\n|move|p1a: Snorlax|Earthquake|p2a: Cresselia\n|-immune|p2a: Cresselia|[from] ability: Levitate\n|\n|-weather|none\n|-damage|p1a: Snorlax|31\/100 tox|[from] psn\n|upkeep\n|turn|24\n|\n|t:|1656268369\n|switch|p1a: Ninetales|Ninetales, F|100\/100\n|-weather|SunnyDay|[from] ability: Drought|[of] p1a: Ninetales\n|move|p2a: Cresselia|Moonblast|p1a: Ninetales\n|-resisted|p1a: Ninetales\n|-damage|p1a: Ninetales|90\/100\n|\n|-weather|SunnyDay|[upkeep]\n|upkeep\n|turn|25\n|\n|t:|1656268377\n|switch|p2a: Heatran|Heatran, M|72\/100\n|move|p1a: Ninetales|Hidden Power|p2a: Heatran\n|-supereffective|p2a: Heatran\n|-damage|p2a: Heatran|9\/100\n|\n|-weather|SunnyDay|[upkeep]\n|-heal|p2a: Heatran|15\/100|[from] item: Leftovers\n|upkeep\n|turn|26\n|\n|t:|1656268383\n|switch|p1a: Shiftry|Shiftry, M|81\/100\n|move|p2a: Heatran|Protect||[still]\n|-fail|p2a: Heatran\n|\n|-weather|SunnyDay|[upkeep]\n|-heal|p2a: Heatran|22\/100|[from] item: Leftovers\n|upkeep\n|turn|27\n|\n|t:|1656268397\n|switch|p2a: Landorus|Landorus-Therian, M|100\/100\n|-ability|p2a: Landorus|Intimidate|boost\n|-unboost|p1a: Shiftry|atk|1\n|move|p1a: Shiftry|Knock Off|p2a: Landorus\n|-damage|p2a: Landorus|53\/100\n|-enditem|p2a: Landorus|Choice Scarf|[from] move: Knock Off|[of] p1a: Shiftry\n|-damage|p1a: Shiftry|71\/100|[from] item: Life Orb\n|\n|-weather|SunnyDay|[upkeep]\n|upkeep\n|turn|28\n|\n|t:|1656268411\n|switch|p1a: Snorlax|Snorlax, F|31\/100 tox\n|move|p2a: Landorus|U-turn|p1a: Snorlax\n|-damage|p1a: Snorlax|4\/100 tox\n|\n|t:|1656268420\n|switch|p2a: Cresselia|Cresselia, F|100\/100|[from]move: U-turn\n|\n|-weather|none\n|-damage|p1a: Snorlax|0 fnt|[from] psn\n|faint|p1a: Snorlax\n|upkeep\n|\n|t:|1656268432\n|switch|p1a: Ninetales|Ninetales, F|90\/100\n|-weather|SunnyDay|[from] ability: Drought|[of] p1a: Ninetales\n|turn|29\n|\n|t:|1656268437\n|switch|p1a: Shiftry|Shiftry, M|71\/100\n|move|p2a: Cresselia|Toxic|p1a: Shiftry|[miss]\n|-miss|p2a: Cresselia|p1a: Shiftry\n|\n|-weather|SunnyDay|[upkeep]\n|upkeep\n|turn|30\n|\n|t:|1656268452\n|switch|p1a: Ninetales|Ninetales, F|90\/100\n|move|p2a: Cresselia|Toxic|p1a: Ninetales\n|-status|p1a: Ninetales|tox\n|\n|-weather|SunnyDay|[upkeep]\n|-damage|p1a: Ninetales|84\/100 tox|[from] psn\n|upkeep\n|turn|31\n|\n|t:|1656268461\n|move|p1a: Ninetales|Overheat|p2a: Cresselia\n|-crit|p2a: Cresselia\n|-damage|p2a: Cresselia|0 fnt\n|-unboost|p1a: Ninetales|spa|2\n|faint|p2a: Cresselia\n|\n|-weather|SunnyDay|[upkeep]\n|-damage|p1a: Ninetales|72\/100 tox|[from] psn\n|upkeep\n|\n|t:|1656268467\n|switch|p2a: Landorus|Landorus-Therian, M|53\/100\n|-ability|p2a: Landorus|Intimidate|boost\n|-unboost|p1a: Ninetales|atk|1\n|turn|32\n|\n|t:|1656268471\n|move|p1a: Ninetales|Overheat|p2a: Landorus\n|-damage|p2a: Landorus|0 fnt\n|-unboost|p1a: Ninetales|spa|2\n|faint|p2a: Landorus\n|\n|-weather|SunnyDay|[upkeep]\n|-damage|p1a: Ninetales|54\/100 tox|[from] psn\n|upkeep\n|\n|t:|1656268474\n|switch|p2a: Heatran|Heatran, M|22\/100\n|turn|33\n|\n|t:|1656268476\n|move|p1a: Ninetales|Overheat|p2a: Heatran\n|-start|p2a: Heatran|ability: Flash Fire\n|move|p2a: Heatran|Magma Storm|p1a: Ninetales|[miss]\n|-miss|p2a: Heatran|p1a: Ninetales\n|\n|-weather|none\n|-heal|p2a: Heatran|28\/100|[from] item: Leftovers\n|-damage|p1a: Ninetales|30\/100 tox|[from] psn\n|upkeep\n|turn|34\n|\n|t:|1656268484\n|switch|p1a: Shiftry|Shiftry, M|71\/100\n|move|p2a: Heatran|Stealth Rock|p1a: Shiftry\n|-sidestart|p1: ninjadouche|move: Stealth Rock\n|\n|-heal|p2a: Heatran|34\/100|[from] item: Leftovers\n|upkeep\n|turn|35\n|\n|t:|1656268487\n|move|p2a: Heatran|Protect|p2a: Heatran\n|-singleturn|p2a: Heatran|Protect\n|move|p1a: Shiftry|Knock Off|p2a: Heatran\n|-activate|p2a: Heatran|move: Protect\n|\n|-heal|p2a: Heatran|40\/100|[from] item: Leftovers\n|upkeep\n|turn|36\n|c|\u2606ninjadouche|gg\n|\n|t:|1656268495\n|move|p1a: Shiftry|Knock Off|p2a: Heatran\n|-damage|p2a: Heatran|0 fnt\n|-enditem|p2a: Heatran|Leftovers|[from] move: Knock Off|[of] p1a: Shiftry\n|faint|p2a: Heatran\n|-damage|p1a: Shiftry|61\/100|[from] item: Life Orb\n|\n|win|ninjadouche\n|raw|ninjadouche's rating: 1417 &rarr; <strong>1441<\/strong><br \/>(+24 for winning)\n|raw|wuilan jie's rating: 1489 &rarr; <strong>1465<\/strong><br \/>(-24 for losing)\n|l|\u2606wuilan jie\n","uploadtime":1656268505,"views":5,"p1id":"ninjadouche","p2id":"wuilanjie","formatid":"gen7ou","rating":1441,"private":0,"password":null}