{"id":"gen7nu-885910620","p1":"BugCatcherWeevil","p2":"Nostaljoueur","format":"gen7nu","log":"|j|\u2606BugCatcherWeevil\n|j|\u2606Nostaljoueur\n|player|p1|BugCatcherWeevil|7\n|player|p2|Nostaljoueur|162\n|teamsize|p1|6\n|teamsize|p2|6\n|gametype|singles\n|gen|7\n|tier|[Gen 7] NU\n|rated|\n|rule|Sleep Clause Mod: Limit one foe put to sleep\n|rule|Species Clause: Limit one of each Pok\u00e9mon\n|rule|OHKO Clause: OHKO moves are banned\n|rule|Moody Clause: Moody is banned\n|rule|Evasion Moves Clause: Evasion moves are banned\n|rule|Endless Battle Clause: Forcing endless battles is banned\n|rule|HP Percentage Mod: HP is shown in percentages\n|clearpoke\n|poke|p1|Passimian, F|item\n|poke|p1|Abomasnow, M|item\n|poke|p1|Incineroar, F|item\n|poke|p1|Xatu, M|item\n|poke|p1|Steelix, F|item\n|poke|p1|Blastoise, F|item\n|poke|p2|Crustle, F|item\n|poke|p2|Comfey, F|item\n|poke|p2|Togedemaru, M|item\n|poke|p2|Clawitzer, F|item\n|poke|p2|Dhelmise|item\n|poke|p2|Malamar, F|item\n|teampreview\n|\n|start\n|switch|p1a: Blastoise|Blastoise, F|100\/100\n|switch|p2a: Togedemaru|Togedemaru, M|100\/100\n|turn|1\n|\n|move|p1a: Blastoise|Protect|p1a: Blastoise\n|-singleturn|p1a: Blastoise|Protect\n|move|p2a: Togedemaru|Super Fang|p1a: Blastoise\n|-activate|p1a: Blastoise|move: Protect\n|\n|upkeep\n|turn|2\n|\n|switch|p2a: Malamar|Malamar, F|100\/100\n|switch|p1a: Steelix|Steelix, F|100\/100\n|\n|upkeep\n|turn|3\n|\n|switch|p1a: Passimian|Passimian, F|100\/100\n|move|p2a: Malamar|Switcheroo|p1a: Passimian\n|-activate|p2a: Malamar|move: Trick|[of] p1a: Passimian\n|-item|p1a: Passimian|Choice Scarf|[from] move: Switcheroo\n|-item|p2a: Malamar|Choice Scarf|[from] move: Switcheroo\n|\n|upkeep\n|turn|4\n|\n|switch|p2a: Togedemaru|Togedemaru, M|100\/100\n|move|p1a: Passimian|U-turn|p2a: Togedemaru\n|-resisted|p2a: Togedemaru\n|-damage|p2a: Togedemaru|78\/100\n|\n|switch|p1a: Steelix|Steelix, F|100\/100\n|\n|upkeep\n|turn|5\n|\n|move|p2a: Togedemaru|U-turn|p1a: Steelix\n|-resisted|p1a: Steelix\n|-damage|p1a: Steelix|96\/100\n|\n|switch|p2a: Dhelmise|Dhelmise|100\/100\n|move|p1a: Steelix|Stealth Rock|p2a: Dhelmise\n|-sidestart|p2: Nostaljoueur|move: Stealth Rock\n|\n|-heal|p1a: Steelix|100\/100|[from] item: Leftovers\n|upkeep\n|turn|6\n|\n|move|p1a: Steelix|Protect|p1a: Steelix\n|-singleturn|p1a: Steelix|Protect\n|move|p2a: Dhelmise|Rapid Spin|p1a: Steelix\n|-activate|p1a: Steelix|move: Protect\n|\n|upkeep\n|turn|7\n|inactive|Battle timer is ON: inactive players will automatically lose when time's up. (requested by Nostaljoueur)\n|\n|switch|p1a: Incineroar|Incineroar, F|100\/100\n|-ability|p1a: Incineroar|Intimidate|boost\n|-unboost|p2a: Dhelmise|atk|1\n|move|p2a: Dhelmise|Surf|p1a: Incineroar\n|-supereffective|p1a: Incineroar\n|-damage|p1a: Incineroar|57\/100\n|\n|upkeep\n|turn|8\n|\n|move|p1a: Incineroar|Knock Off|p2a: Dhelmise\n|-supereffective|p2a: Dhelmise\n|-damage|p2a: Dhelmise|27\/100\n|-enditem|p2a: Dhelmise|Assault Vest|[from] move: Knock Off|[of] p1a: Incineroar\n|move|p2a: Dhelmise|Rapid Spin|p1a: Incineroar\n|-damage|p1a: Incineroar|55\/100\n|-sideend|p2: Nostaljoueur|Stealth Rock|[from] move: Rapid Spin|[of] p2a: Dhelmise\n|\n|upkeep\n|turn|9\n|\n|move|p1a: Incineroar|Knock Off|p2a: Dhelmise\n|-supereffective|p2a: Dhelmise\n|-damage|p2a: Dhelmise|0 fnt\n|faint|p2a: Dhelmise\n|\n|upkeep\n|\n|switch|p2a: Malamar|Malamar, F|100\/100\n|turn|10\n|\n|switch|p1a: Xatu|Xatu, M|100\/100\n|move|p2a: Malamar|Superpower|p1a: Xatu\n|-resisted|p1a: Xatu\n|-damage|p1a: Xatu|92\/100\n|-damage|p2a: Malamar|84\/100|[from] item: Rocky Helmet|[of] p1a: Xatu\n|-boost|p2a: Malamar|atk|1\n|-boost|p2a: Malamar|def|1\n|\n|upkeep\n|turn|11\n|\n|switch|p2a: Togedemaru|Togedemaru, M|78\/100\n|move|p1a: Xatu|U-turn|p2a: Togedemaru\n|-resisted|p2a: Togedemaru\n|-damage|p2a: Togedemaru|66\/100\n|\n|switch|p1a: Steelix|Steelix, F|100\/100\n|\n|upkeep\n|turn|12\n|\n|move|p2a: Togedemaru|U-turn|p1a: Steelix\n|-resisted|p1a: Steelix\n|-damage|p1a: Steelix|96\/100\n|\n|switch|p2a: Crustle|Crustle, F|100\/100\n|move|p1a: Steelix|Stealth Rock|p2a: Crustle\n|-sidestart|p2: Nostaljoueur|move: Stealth Rock\n|\n|-heal|p1a: Steelix|100\/100|[from] item: Leftovers\n|upkeep\n|turn|13\n|\n|switch|p1a: Blastoise|Blastoise, F|100\/100\n|move|p2a: Crustle|Shell Smash|p2a: Crustle\n|-unboost|p2a: Crustle|def|1\n|-unboost|p2a: Crustle|spd|1\n|-boost|p2a: Crustle|atk|2\n|-boost|p2a: Crustle|spa|2\n|-boost|p2a: Crustle|spe|2\n|\n|upkeep\n|turn|14\n|\n|switch|p1a: Steelix|Steelix, F|100\/100\n|-zpower|p2a: Crustle\n|move|p2a: Crustle|Bloom Doom|p1a: Steelix|[zeffect]\n|-damage|p1a: Steelix|25\/100\n|\n|-heal|p1a: Steelix|32\/100|[from] item: Leftovers\n|upkeep\n|turn|15\n|\n|switch|p1a: Incineroar|Incineroar, F|55\/100\n|-ability|p1a: Incineroar|Intimidate|boost\n|-unboost|p2a: Crustle|atk|1\n|move|p2a: Crustle|Earthquake|p1a: Incineroar\n|-supereffective|p1a: Incineroar\n|-damage|p1a: Incineroar|0 fnt\n|faint|p1a: Incineroar\n|\n|upkeep\n|\n|switch|p1a: Passimian|Passimian, F|100\/100\n|turn|16\n|\n|move|p1a: Passimian|Close Combat|p2a: Crustle\n|-damage|p2a: Crustle|9\/100\n|-unboost|p1a: Passimian|def|1\n|-unboost|p1a: Passimian|spd|1\n|move|p2a: Crustle|Shell Smash|p2a: Crustle\n|-unboost|p2a: Crustle|def|1\n|-unboost|p2a: Crustle|spd|1\n|-boost|p2a: Crustle|atk|2\n|-boost|p2a: Crustle|spa|2\n|-boost|p2a: Crustle|spe|2\n|\n|upkeep\n|turn|17\n|\n|switch|p1a: Steelix|Steelix, F|32\/100\n|move|p2a: Crustle|Rock Blast|p1a: Steelix\n|-resisted|p1a: Steelix\n|-damage|p1a: Steelix|28\/100\n|-resisted|p1a: Steelix\n|-damage|p1a: Steelix|25\/100\n|-hitcount|p1a: Steelix|2\n|\n|-heal|p1a: Steelix|31\/100|[from] item: Leftovers\n|upkeep\n|turn|18\n|\n|move|p1a: Steelix|Protect|p1a: Steelix\n|-singleturn|p1a: Steelix|Protect\n|move|p2a: Crustle|Earthquake|p1a: Steelix\n|-activate|p1a: Steelix|move: Protect\n|\n|-heal|p1a: Steelix|37\/100|[from] item: Leftovers\n|upkeep\n|turn|19\n|c|\u2606Nostaljoueur|ridicule\n|\n|move|p2a: Crustle|Earthquake|p1a: Steelix\n|-supereffective|p1a: Steelix\n|-damage|p1a: Steelix|0 fnt\n|faint|p1a: Steelix\n|\n|upkeep\n|\n|switch|p1a: Abomasnow|Abomasnow, M|100\/100\n|turn|20\n|\n|detailschange|p1a: Abomasnow|Abomasnow-Mega, M\n|-mega|p1a: Abomasnow|Abomasnow|Abomasite\n|-weather|Hail|[from] ability: Snow Warning|[of] p1a: Abomasnow\n|move|p1a: Abomasnow|Ice Shard|p2a: Crustle\n|-damage|p2a: Crustle|0 fnt\n|faint|p2a: Crustle\n|\n|-weather|Hail|[upkeep]\n|upkeep\n|\n|switch|p2a: Togedemaru|Togedemaru, M|66\/100\n|-damage|p2a: Togedemaru|60\/100|[from] Stealth Rock\n|turn|21\n|\n|switch|p1a: Passimian|Passimian, F|100\/100\n|move|p2a: Togedemaru|Iron Head|p1a: Passimian\n|-damage|p1a: Passimian|65\/100\n|\n|-weather|Hail|[upkeep]\n|-damage|p2a: Togedemaru|54\/100|[from] Hail\n|-damage|p1a: Passimian|59\/100|[from] Hail\n|upkeep\n|turn|22\n|\n|move|p2a: Togedemaru|Iron Head|p1a: Passimian\n|-damage|p1a: Passimian|25\/100\n|cant|p1a: Passimian|flinch\n|\n|-weather|Hail|[upkeep]\n|-damage|p2a: Togedemaru|48\/100|[from] Hail\n|-damage|p1a: Passimian|19\/100|[from] Hail\n|upkeep\n|turn|23\n|\n|switch|p2a: Clawitzer|Clawitzer, F|100\/100\n|-damage|p2a: Clawitzer|88\/100|[from] Stealth Rock\n|switch|p1a: Blastoise|Blastoise, F|100\/100\n|\n|-weather|Hail|[upkeep]\n|-damage|p2a: Clawitzer|82\/100|[from] Hail\n|-damage|p1a: Blastoise|94\/100|[from] Hail\n|-heal|p1a: Blastoise|100\/100|[from] item: Leftovers\n|upkeep\n|turn|24\n|\n|move|p2a: Clawitzer|Dark Pulse|p1a: Blastoise\n|-damage|p1a: Blastoise|55\/100\n|move|p1a: Blastoise|Toxic|p2a: Clawitzer\n|-status|p2a: Clawitzer|tox\n|\n|-weather|none\n|-heal|p1a: Blastoise|61\/100|[from] item: Leftovers\n|-damage|p2a: Clawitzer|76\/100 tox|[from] psn\n|upkeep\n|turn|25\n|\n|switch|p2a: Comfey|Comfey, F|100\/100\n|-damage|p2a: Comfey|88\/100|[from] Stealth Rock\n|move|p1a: Blastoise|Protect||[still]\n|-fail|p1a: Blastoise\n|\n|-heal|p1a: Blastoise|68\/100|[from] item: Leftovers\n|upkeep\n|turn|26\n|\n|move|p2a: Comfey|Calm Mind|p2a: Comfey\n|-boost|p2a: Comfey|spa|1\n|-boost|p2a: Comfey|spd|1\n|move|p1a: Blastoise|Toxic|p2a: Comfey\n|-status|p2a: Comfey|tox\n|\n|-heal|p1a: Blastoise|74\/100|[from] item: Leftovers\n|-damage|p2a: Comfey|82\/100 tox|[from] psn\n|upkeep\n|turn|27\n|\n|switch|p1a: Abomasnow|Abomasnow-Mega, M|100\/100\n|-weather|Hail|[from] ability: Snow Warning|[of] p1a: Abomasnow\n|move|p2a: Comfey|Aromatherapy|p2a: Comfey\n|-activate|p2a: Comfey|move: Aromatherapy\n|-curestatus|p2a: Comfey|tox|[msg]\n|-curestatus|p2: Clawitzer|tox|[msg]\n|\n|-weather|Hail|[upkeep]\n|-damage|p2a: Comfey|76\/100|[from] Hail\n|upkeep\n|turn|28\n|\n|move|p2a: Comfey|Draining Kiss|p1a: Abomasnow\n|-damage|p1a: Abomasnow|60\/100\n|-heal|p2a: Comfey|100\/100|[from] drain|[of] p1a: Abomasnow\n|-damage|p2a: Comfey|91\/100|[from] item: Life Orb\n|move|p1a: Abomasnow|Blizzard|p2a: Comfey\n|-damage|p2a: Comfey|36\/100\n|\n|-weather|Hail|[upkeep]\n|-damage|p2a: Comfey|30\/100|[from] Hail\n|upkeep\n|turn|29\n|\n|move|p2a: Comfey|Draining Kiss|p1a: Abomasnow\n|-damage|p1a: Abomasnow|24\/100\n|-heal|p2a: Comfey|68\/100|[from] drain|[of] p1a: Abomasnow\n|-damage|p2a: Comfey|58\/100|[from] item: Life Orb\n|move|p1a: Abomasnow|Blizzard|p2a: Comfey\n|-damage|p2a: Comfey|0 fnt\n|faint|p2a: Comfey\n|\n|-weather|Hail|[upkeep]\n|upkeep\n|\n|switch|p2a: Clawitzer|Clawitzer, F|76\/100\n|-damage|p2a: Clawitzer|64\/100|[from] Stealth Rock\n|turn|30\n|\n|move|p1a: Abomasnow|Ice Shard|p2a: Clawitzer\n|-resisted|p2a: Clawitzer\n|-damage|p2a: Clawitzer|52\/100\n|move|p2a: Clawitzer|Dark Pulse|p1a: Abomasnow\n|-damage|p1a: Abomasnow|0 fnt\n|faint|p1a: Abomasnow\n|\n|-weather|Hail|[upkeep]\n|-damage|p2a: Clawitzer|46\/100|[from] Hail\n|upkeep\n|\n|switch|p1a: Passimian|Passimian, F|19\/100\n|turn|31\n|\n|switch|p2a: Malamar|Malamar, F|84\/100\n|-damage|p2a: Malamar|71\/100|[from] Stealth Rock\n|move|p1a: Passimian|Close Combat|p2a: Malamar\n|-damage|p2a: Malamar|5\/100\n|-unboost|p1a: Passimian|def|1\n|-unboost|p1a: Passimian|spd|1\n|\n|-weather|none\n|upkeep\n|turn|32\n|\n|switch|p1a: Xatu|Xatu, M|92\/100\n|move|p2a: Malamar|Psycho Cut|p1a: Xatu\n|-resisted|p1a: Xatu\n|-damage|p1a: Xatu|77\/100\n|\n|upkeep\n|turn|33\n|\n|move|p2a: Malamar|Psycho Cut|p1a: Xatu\n|-resisted|p1a: Xatu\n|-damage|p1a: Xatu|61\/100\n|move|p1a: Xatu|U-turn|p2a: Malamar\n|-supereffective|p2a: Malamar\n|-damage|p2a: Malamar|0 fnt\n|faint|p2a: Malamar\n|\n|switch|p1a: Blastoise|Blastoise, F|74\/100\n|\n|-heal|p1a: Blastoise|80\/100|[from] item: Leftovers\n|upkeep\n|\n|switch|p2a: Clawitzer|Clawitzer, F|46\/100\n|-damage|p2a: Clawitzer|34\/100|[from] Stealth Rock\n|turn|34\n|\n|move|p1a: Blastoise|Protect|p1a: Blastoise\n|-singleturn|p1a: Blastoise|Protect\n|move|p2a: Clawitzer|Dark Pulse|p1a: Blastoise\n|-activate|p1a: Blastoise|move: Protect\n|\n|-heal|p1a: Blastoise|86\/100|[from] item: Leftovers\n|upkeep\n|turn|35\n|inactive|BugCatcherWeevil has 120 seconds left.\n|\n|move|p2a: Clawitzer|Dark Pulse|p1a: Blastoise\n|-damage|p1a: Blastoise|45\/100\n|move|p1a: Blastoise|Toxic|p2a: Clawitzer|[miss]\n|-miss|p1a: Blastoise|p2a: Clawitzer\n|\n|-heal|p1a: Blastoise|51\/100|[from] item: Leftovers\n|upkeep\n|turn|36\n|\n|move|p1a: Blastoise|Protect|p1a: Blastoise\n|-singleturn|p1a: Blastoise|Protect\n|move|p2a: Clawitzer|Dark Pulse|p1a: Blastoise\n|-activate|p1a: Blastoise|move: Protect\n|\n|-heal|p1a: Blastoise|57\/100|[from] item: Leftovers\n|upkeep\n|turn|37\n|\n|move|p2a: Clawitzer|Dark Pulse|p1a: Blastoise\n|-damage|p1a: Blastoise|14\/100\n|move|p1a: Blastoise|Toxic|p2a: Clawitzer\n|-status|p2a: Clawitzer|tox\n|\n|-heal|p1a: Blastoise|20\/100|[from] item: Leftovers\n|-damage|p2a: Clawitzer|28\/100 tox|[from] psn\n|upkeep\n|turn|38\n|\n|switch|p2a: Togedemaru|Togedemaru, M|48\/100\n|-damage|p2a: Togedemaru|42\/100|[from] Stealth Rock\n|move|p1a: Blastoise|Protect||[still]\n|-fail|p1a: Blastoise\n|\n|-heal|p1a: Blastoise|26\/100|[from] item: Leftovers\n|upkeep\n|turn|39\n|\n|move|p1a: Blastoise|Protect|p1a: Blastoise\n|-singleturn|p1a: Blastoise|Protect\n|move|p2a: Togedemaru|Zing Zap|p1a: Blastoise\n|-activate|p1a: Blastoise|move: Protect\n|\n|-heal|p1a: Blastoise|32\/100|[from] item: Leftovers\n|upkeep\n|turn|40\n|\n|move|p1a: Blastoise|Protect|p1a: Blastoise\n|-singleturn|p1a: Blastoise|Protect\n|move|p2a: Togedemaru|Zing Zap|p1a: Blastoise\n|-activate|p1a: Blastoise|move: Protect\n|\n|-heal|p1a: Blastoise|38\/100|[from] item: Leftovers\n|upkeep\n|turn|41\n|c|\u2606Nostaljoueur|serieux mec\n|c|\u2606Nostaljoueur|tu fais piti\u00e9\n|\n|switch|p1a: Xatu|Xatu, M|61\/100\n|move|p2a: Togedemaru|Zing Zap|p1a: Xatu\n|-supereffective|p1a: Xatu\n|-damage|p1a: Xatu|0 fnt\n|-damage|p2a: Togedemaru|26\/100|[from] item: Rocky Helmet|[of] p1a: Xatu\n|faint|p1a: Xatu\n|\n|upkeep\n|\n|switch|p1a: Blastoise|Blastoise, F|38\/100\n|turn|42\n|\n|move|p1a: Blastoise|Protect|p1a: Blastoise\n|-singleturn|p1a: Blastoise|Protect\n|move|p2a: Togedemaru|Zing Zap|p1a: Blastoise\n|-activate|p1a: Blastoise|move: Protect\n|\n|-heal|p1a: Blastoise|45\/100|[from] item: Leftovers\n|upkeep\n|turn|43\n|c|\u2606BugCatcherWeevil|if u hadnt flinched me that thing be long dead\n|\n|move|p2a: Togedemaru|Zing Zap|p1a: Blastoise\n|-supereffective|p1a: Blastoise\n|-damage|p1a: Blastoise|0 fnt\n|faint|p1a: Blastoise\n|\n|upkeep\n|\n|switch|p1a: Passimian|Passimian, F|19\/100\n|turn|44\n|\n|move|p2a: Togedemaru|Zing Zap|p1a: Passimian\n|-damage|p1a: Passimian|0 fnt\n|faint|p1a: Passimian\n|\n|win|Nostaljoueur\n|raw|BugCatcherWeevil's rating: 1513 &rarr; <strong>1487<\/strong><br \/>(-26 for losing)\n|raw|Nostaljoueur's rating: 1409 &rarr; <strong>1435<\/strong><br \/>(+26 for winning)\n","uploadtime":1554203653,"views":2,"p1id":"bugcatcherweevil","p2id":"nostaljoueur","formatid":"gen7nu","rating":1435,"private":0,"password":null}