{"id":"gen7ou-907352724","p1":"FLAAAMEERRRR","p2":"ghecisbestvillain","format":"gen7ou","log":"|j|\u203dFLAAAMEERRRR\n|j|\u2606ghecisbestvillain\n|player|p1|FLAAAMEERRRR|220\n|player|p2|ghecisbestvillain|87\n|teamsize|p1|6\n|teamsize|p2|6\n|gametype|singles\n|gen|7\n|tier|[Gen 7] OU\n|rated|\n|rule|Sleep Clause Mod: Limit one foe put to sleep\n|rule|Species Clause: Limit one of each Pok\u00e9mon\n|rule|OHKO Clause: OHKO moves are banned\n|rule|Moody Clause: Moody is banned\n|rule|Evasion Moves Clause: Evasion moves are banned\n|rule|Endless Battle Clause: Forcing endless battles is banned\n|rule|HP Percentage Mod: HP is shown in percentages\n|clearpoke\n|poke|p1|Tyranitar, M|item\n|poke|p1|Kartana|item\n|poke|p1|Suicune|item\n|poke|p1|Chansey, F|item\n|poke|p1|Clefable, F|item\n|poke|p1|Mew|item\n|poke|p2|Hawlucha, M|item\n|poke|p2|Clefable, F|item\n|poke|p2|Charizard, M|item\n|poke|p2|Tapu Koko|item\n|poke|p2|Magearna|item\n|poke|p2|Kyurem-Black|item\n|teampreview\n|inactive|Battle timer is ON: inactive players will automatically lose when time's up. (requested by ghecisbestvillain)\n|\n|start\n|switch|p1a: Tyranitar|Tyranitar, M, shiny|100\/100\n|switch|p2a: Tapu Koko|Tapu Koko|100\/100\n|-fieldstart|move: Electric Terrain|[from] ability: Electric Surge|[of] p2a: Tapu Koko\n|-weather|Sandstorm|[from] ability: Sand Stream|[of] p1a: Tyranitar\n|turn|1\n|\n|detailschange|p1a: Tyranitar|Tyranitar-Mega, M, shiny\n|-mega|p1a: Tyranitar|Tyranitar|Tyranitarite\n|move|p2a: Tapu Koko|Taunt|p1a: Tyranitar\n|-start|p1a: Tyranitar|move: Taunt\n|move|p1a: Tyranitar|Stone Edge|p2a: Tapu Koko\n|-damage|p2a: Tapu Koko|34\/100\n|\n|-weather|Sandstorm|[upkeep]\n|-damage|p2a: Tapu Koko|28\/100|[from] Sandstorm\n|upkeep\n|turn|2\n|\n|move|p2a: Tapu Koko|Reflect|p2a: Tapu Koko\n|-sidestart|p2: ghecisbestvillain|Reflect\n|move|p1a: Tyranitar|Pursuit|p2a: Tapu Koko\n|-resisted|p2a: Tapu Koko\n|-damage|p2a: Tapu Koko|21\/100\n|\n|-weather|Sandstorm|[upkeep]\n|-damage|p2a: Tapu Koko|15\/100|[from] Sandstorm\n|upkeep\n|turn|3\n|\n|switch|p2a: Clefable|Clefable, F|100\/100\n|move|p1a: Tyranitar|Stone Edge|p2a: Clefable\n|-damage|p2a: Clefable|69\/100\n|\n|-weather|Sandstorm|[upkeep]\n|-heal|p2a: Clefable|75\/100|[from] item: Leftovers\n|-end|p1a: Tyranitar|move: Taunt\n|upkeep\n|turn|4\n|\n|move|p1a: Tyranitar|Stealth Rock|p2a: Clefable\n|-sidestart|p2: ghecisbestvillain|move: Stealth Rock\n|move|p2a: Clefable|Cosmic Power|p2a: Clefable\n|-boost|p2a: Clefable|def|1\n|-boost|p2a: Clefable|spd|1\n|\n|-weather|Sandstorm|[upkeep]\n|-heal|p2a: Clefable|81\/100|[from] item: Leftovers\n|upkeep\n|turn|5\n|\n|switch|p1a: Clefable|Clefable, F|100\/100\n|move|p2a: Clefable|Cosmic Power|p2a: Clefable\n|-boost|p2a: Clefable|def|1\n|-boost|p2a: Clefable|spd|1\n|\n|-weather|none\n|-heal|p2a: Clefable|88\/100|[from] item: Leftovers\n|-fieldend|move: Electric Terrain\n|upkeep\n|turn|6\n|\n|move|p1a: Clefable|Calm Mind|p1a: Clefable\n|-boost|p1a: Clefable|spa|1\n|-boost|p1a: Clefable|spd|1\n|move|p2a: Clefable|Charge Beam|p1a: Clefable\n|-damage|p1a: Clefable|93\/100\n|-boost|p2a: Clefable|spa|1\n|\n|-heal|p2a: Clefable|94\/100|[from] item: Leftovers\n|-heal|p1a: Clefable|99\/100|[from] item: Leftovers\n|upkeep\n|turn|7\n|\n|move|p2a: Clefable|Charge Beam|p1a: Clefable\n|-damage|p1a: Clefable|92\/100\n|-boost|p2a: Clefable|spa|1\n|move|p1a: Clefable|Calm Mind|p1a: Clefable\n|-boost|p1a: Clefable|spa|1\n|-boost|p1a: Clefable|spd|1\n|\n|-heal|p2a: Clefable|99\/100|[from] item: Leftovers\n|-heal|p1a: Clefable|98\/100|[from] item: Leftovers\n|upkeep\n|turn|8\n|\n|switch|p2a: Magearna|Magearna|100\/100\n|-damage|p2a: Magearna|95\/100|[from] Stealth Rock\n|move|p1a: Clefable|Moonblast|p2a: Magearna\n|-resisted|p2a: Magearna\n|-damage|p2a: Magearna|65\/100\n|-unboost|p2a: Magearna|spa|1\n|\n|-heal|p1a: Clefable|100\/100|[from] item: Leftovers\n|upkeep\n|turn|9\n|\n|move|p2a: Magearna|Shift Gear|p2a: Magearna\n|-boost|p2a: Magearna|spe|2\n|-boost|p2a: Magearna|atk|1\n|move|p1a: Clefable|Moonblast|p2a: Magearna\n|-resisted|p2a: Magearna\n|-damage|p2a: Magearna|31\/100\n|\n|-sideend|p2: ghecisbestvillain|Reflect\n|upkeep\n|turn|10\n|\n|move|p2a: Magearna|Iron Head|p1a: Clefable\n|-supereffective|p1a: Clefable\n|-damage|p1a: Clefable|44\/100\n|move|p1a: Clefable|Moonblast|p2a: Magearna\n|-resisted|p2a: Magearna\n|-damage|p2a: Magearna|0 fnt\n|faint|p2a: Magearna\n|\n|-heal|p1a: Clefable|50\/100|[from] item: Leftovers\n|upkeep\n|\n|switch|p2a: Kyurem|Kyurem-Black|100\/100\n|-damage|p2a: Kyurem|76\/100|[from] Stealth Rock\n|-ability|p2a: Kyurem|Teravolt\n|turn|11\n|\n|move|p1a: Clefable|Protect|p1a: Clefable\n|-singleturn|p1a: Clefable|Protect\n|move|p2a: Kyurem|Fusion Bolt|p1a: Clefable\n|-activate|p1a: Clefable|move: Protect\n|\n|-heal|p1a: Clefable|56\/100|[from] item: Leftovers\n|upkeep\n|turn|12\n|\n|move|p2a: Kyurem|Fusion Bolt|p1a: Clefable\n|-damage|p1a: Clefable|26\/100\n|-damage|p2a: Kyurem|66\/100|[from] item: Life Orb\n|move|p1a: Clefable|Moonblast|p2a: Kyurem\n|-supereffective|p2a: Kyurem\n|-damage|p2a: Kyurem|0 fnt\n|faint|p2a: Kyurem\n|\n|-heal|p1a: Clefable|32\/100|[from] item: Leftovers\n|upkeep\n|\n|switch|p2a: Tapu Koko|Tapu Koko|15\/100\n|-damage|p2a: Tapu Koko|3\/100|[from] Stealth Rock\n|-fieldstart|move: Electric Terrain|[from] ability: Electric Surge|[of] p2a: Tapu Koko\n|turn|13\n|\n|move|p2a: Tapu Koko|Taunt|p1a: Clefable\n|-start|p1a: Clefable|move: Taunt\n|cant|p1a: Clefable|move: Taunt|Wish\n|\n|-heal|p1a: Clefable|38\/100|[from] item: Leftovers\n|upkeep\n|turn|14\n|\n|move|p2a: Tapu Koko|Defog|p1a: Clefable\n|-unboost|p1a: Clefable|evasion|1\n|-sideend|p2: ghecisbestvillain|Stealth Rock|[from] move: Defog|[of] p2a: Tapu Koko\n|move|p1a: Clefable|Moonblast|p2a: Tapu Koko\n|-damage|p2a: Tapu Koko|0 fnt\n|faint|p2a: Tapu Koko\n|\n|-heal|p1a: Clefable|44\/100|[from] item: Leftovers\n|upkeep\n|\n|switch|p2a: Charizard|Charizard, M|100\/100\n|turn|15\n|\n|move|p2a: Charizard|Dragon Dance|p2a: Charizard\n|-boost|p2a: Charizard|atk|1\n|-boost|p2a: Charizard|spe|1\n|move|p1a: Clefable|Moonblast|p2a: Charizard\n|-resisted|p2a: Charizard\n|-damage|p2a: Charizard|59\/100\n|\n|-heal|p1a: Clefable|50\/100|[from] item: Leftovers\n|-end|p1a: Clefable|move: Taunt\n|upkeep\n|turn|16\n|\n|detailschange|p2a: Charizard|Charizard-Mega-X, M\n|-mega|p2a: Charizard|Charizard|Charizardite X\n|move|p2a: Charizard|Fire Punch|p1a: Clefable\n|-damage|p1a: Clefable|7\/100\n|-status|p1a: Clefable|brn\n|move|p1a: Clefable|Moonblast|p2a: Charizard\n|-damage|p2a: Charizard|0 fnt\n|faint|p2a: Charizard\n|\n|-heal|p1a: Clefable|13\/100 brn|[from] item: Leftovers\n|-damage|p1a: Clefable|7\/100 brn|[from] brn\n|upkeep\n|\n|switch|p2a: Clefable|Clefable, F|99\/100\n|turn|17\n|\n|switch|p2a: Hawlucha|Hawlucha, M|100\/100\n|-enditem|p2a: Hawlucha|Electric Seed\n|-boost|p2a: Hawlucha|def|1\n|move|p1a: Clefable|Wish|p1a: Clefable\n|\n|-heal|p1a: Clefable|13\/100 brn|[from] item: Leftovers\n|-damage|p1a: Clefable|7\/100 brn|[from] brn\n|-fieldend|move: Electric Terrain\n|upkeep\n|turn|18\n|\n|move|p1a: Clefable|Protect|p1a: Clefable\n|-singleturn|p1a: Clefable|Protect\n|move|p2a: Hawlucha|Swords Dance|p2a: Hawlucha\n|-boost|p2a: Hawlucha|atk|2\n|\n|-heal|p1a: Clefable|57\/100 brn|[from] move: Wish|[wisher] Clefable\n|-heal|p1a: Clefable|63\/100 brn|[from] item: Leftovers\n|-damage|p1a: Clefable|57\/100 brn|[from] brn\n|upkeep\n|turn|19\n|\n|move|p2a: Hawlucha|Rock Slide|p1a: Clefable\n|-damage|p1a: Clefable|41\/100 brn\n|move|p1a: Clefable|Moonblast|p2a: Hawlucha\n|-supereffective|p2a: Hawlucha\n|-damage|p2a: Hawlucha|0 fnt\n|faint|p2a: Hawlucha\n|\n|-heal|p1a: Clefable|47\/100 brn|[from] item: Leftovers\n|-damage|p1a: Clefable|41\/100 brn|[from] brn\n|upkeep\n|-message|ghecisbestvillain forfeited.\n|\n|win|FLAAAMEERRRR\n|l|\u2606ghecisbestvillain\n","uploadtime":1557510705,"views":39,"p1id":"flaaameerrrr","p2id":"ghecisbestvillain","formatid":"gen7ou","rating":0,"private":0,"password":null}