{"id":"gen7battlefactory-821956083","p1":"McDankies","p2":"CarlyBae","format":"gen7battlefactory","log":"|j|\u2606McDankies\n|j|\u2606CarlyBae\n|player|p1|McDankies|260\n|player|p2|CarlyBae|138\n|teamsize|p1|6\n|teamsize|p2|6\n|gametype|singles\n|gen|7\n|tier|[Gen 7] Battle Factory\n|rated|\n|seed|62199,19877,4606,42192\n|rule|Sleep Clause Mod: Limit one foe put to sleep\n|clearpoke\n|poke|p1|Gourgeist-*, F|item\n|poke|p1|Vivillon, F|item\n|poke|p1|Sceptile, M|item\n|poke|p1|Scrafty, M|item\n|poke|p1|Ambipom, F|item\n|poke|p1|Rotom|item\n|poke|p2|Golbat, F|item\n|poke|p2|Togedemaru, F|item\n|poke|p2|Uxie|item\n|poke|p2|Vivillon-Fancy, F|item\n|poke|p2|Comfey, M|item\n|poke|p2|Passimian, M|item\n|rule|HP Percentage Mod: HP is shown in percentages\n|rule|Mega Rayquaza Clause: You cannot mega evolve Rayquaza\n|teampreview\n|inactive|Battle timer is ON: inactive players will automatically lose when time's up. (requested by McDankies)\n|\n|start\n|switch|p1a: Ambipom|Ambipom, F|291\/291\n|switch|p2a: Passimian|Passimian, M|341\/341\n|turn|1\n|\n|move|p1a: Ambipom|Fake Out|p2a: Passimian\n|-damage|p2a: Passimian|219\/341\n|-damage|p1a: Ambipom|262\/291|[from] item: Life Orb\n|cant|p2a: Passimian|flinch\n|\n|upkeep\n|turn|2\n|\n|move|p1a: Ambipom|U-turn|p2a: Passimian\n|-resisted|p2a: Passimian\n|-damage|p2a: Passimian|172\/341\n|-damage|p1a: Ambipom|233\/291|[from] item: Life Orb\n|\n|switch|p1a: Rotom|Rotom|304\/304|[from]move: U-turn\n|move|p2a: Passimian|Knock Off|p1a: Rotom\n|-supereffective|p1a: Rotom\n|-damage|p1a: Rotom|0 fnt\n|-enditem|p1a: Rotom|Iapapa Berry|[from] move: Knock Off|[of] p2a: Passimian\n|faint|p1a: Rotom\n|\n|upkeep\n|\n|switch|p1a: Vivillon|Vivillon, F|305\/305\n|turn|3\n|\n|switch|p2a: Togedemaru|Togedemaru, F|334\/334\n|move|p1a: Vivillon|Quiver Dance|p1a: Vivillon\n|-boost|p1a: Vivillon|spa|1\n|-boost|p1a: Vivillon|spd|1\n|-boost|p1a: Vivillon|spe|1\n|\n|upkeep\n|turn|4\n|\n|move|p2a: Togedemaru|Spiky Shield|p2a: Togedemaru\n|-singleturn|p2a: Togedemaru|move: Protect\n|move|p1a: Vivillon|Sleep Powder|p2a: Togedemaru\n|-activate|p2a: Togedemaru|move: Protect\n|\n|upkeep\n|turn|5\n|\n|switch|p2a: Passimian|Passimian, M|172\/341\n|move|p1a: Vivillon|Sleep Powder|p2a: Passimian\n|-status|p2a: Passimian|slp\n|\n|upkeep\n|turn|6\n|\n|switch|p2a: Golbat|Golbat, F|353\/353\n|move|p1a: Vivillon|Quiver Dance|p1a: Vivillon\n|-boost|p1a: Vivillon|spa|1\n|-boost|p1a: Vivillon|spd|1\n|-boost|p1a: Vivillon|spe|1\n|\n|upkeep\n|turn|7\n|\n|switch|p2a: Togedemaru|Togedemaru, F|334\/334\n|move|p1a: Vivillon|Substitute|p1a: Vivillon\n|-start|p1a: Vivillon|Substitute\n|-damage|p1a: Vivillon|229\/305\n|\n|-heal|p1a: Vivillon|248\/305|[from] item: Leftovers\n|upkeep\n|turn|8\n|\n|move|p1a: Vivillon|Hurricane|p2a: Togedemaru\n|-resisted|p2a: Togedemaru\n|-damage|p2a: Togedemaru|271\/334\n|move|p2a: Togedemaru|Zing Zap|p1a: Vivillon\n|-supereffective|p1a: Vivillon\n|-end|p1a: Vivillon|Substitute\n|\n|-heal|p1a: Vivillon|267\/305|[from] item: Leftovers\n|-heal|p2a: Togedemaru|291\/334|[from] item: Leftovers\n|upkeep\n|turn|9\n|\n|move|p1a: Vivillon|Substitute|p1a: Vivillon\n|-start|p1a: Vivillon|Substitute\n|-damage|p1a: Vivillon|191\/305\n|move|p2a: Togedemaru|Wish|p2a: Togedemaru\n|\n|-heal|p1a: Vivillon|210\/305|[from] item: Leftovers\n|-heal|p2a: Togedemaru|311\/334|[from] item: Leftovers\n|upkeep\n|turn|10\n|\n|move|p1a: Vivillon|Hurricane|p2a: Togedemaru\n|-resisted|p2a: Togedemaru\n|-damage|p2a: Togedemaru|245\/334\n|move|p2a: Togedemaru|Zing Zap|p1a: Vivillon\n|-supereffective|p1a: Vivillon\n|-end|p1a: Vivillon|Substitute\n|\n|-heal|p2a: Togedemaru|334\/334|[from] move: Wish|[wisher] Togedemaru\n|-heal|p1a: Vivillon|229\/305|[from] item: Leftovers\n|upkeep\n|turn|11\n|\n|move|p1a: Vivillon|Substitute|p1a: Vivillon\n|-start|p1a: Vivillon|Substitute\n|-damage|p1a: Vivillon|153\/305\n|move|p2a: Togedemaru|Zing Zap|p1a: Vivillon\n|-supereffective|p1a: Vivillon\n|-end|p1a: Vivillon|Substitute\n|\n|-heal|p1a: Vivillon|172\/305|[from] item: Leftovers\n|upkeep\n|turn|12\n|\n|switch|p1a: Gourgeist|Gourgeist-Super, F|374\/374\n|-item|p2a: Togedemaru|Leftovers|[from] ability: Frisk|[of] p1a: Gourgeist|[identify]\n|move|p2a: Togedemaru|Wish|p2a: Togedemaru\n|\n|upkeep\n|turn|13\n|\n|switch|p2a: Passimian|Passimian, M|172\/341 slp\n|move|p1a: Gourgeist|Leech Seed|p2a: Passimian\n|-start|p2a: Passimian|move: Leech Seed\n|\n|-heal|p2a: Passimian|339\/341 slp|[from] move: Wish|[wisher] Togedemaru\n|-damage|p2a: Passimian|297\/341 slp|[from] Leech Seed|[of] p1a: Gourgeist\n|upkeep\n|turn|14\n|\n|switch|p2a: Golbat|Golbat, F|353\/353\n|switch|p1a: Scrafty|Scrafty, M|271\/271\n|\n|upkeep\n|turn|15\n|\n|switch|p1a: Ambipom|Ambipom, F|233\/291\n|move|p2a: Golbat|Toxic|p1a: Ambipom\n|-status|p1a: Ambipom|tox\n|\n|-damage|p1a: Ambipom|215\/291 tox|[from] psn\n|upkeep\n|turn|16\n|\n|switch|p2a: Uxie|Uxie|354\/354\n|move|p1a: Ambipom|Low Kick|p2a: Uxie\n|-resisted|p2a: Uxie\n|-damage|p2a: Uxie|338\/354\n|-damage|p1a: Ambipom|186\/291 tox|[from] item: Life Orb\n|\n|-heal|p2a: Uxie|354\/354|[from] item: Leftovers\n|-damage|p1a: Ambipom|150\/291 tox|[from] psn\n|upkeep\n|turn|17\n|\n|move|p2a: Uxie|Protect|p2a: Uxie\n|-singleturn|p2a: Uxie|Protect\n|move|p1a: Ambipom|U-turn|p2a: Uxie\n|-activate|p2a: Uxie|move: Protect\n|\n|-damage|p1a: Ambipom|96\/291 tox|[from] psn\n|upkeep\n|turn|18\n|\n|switch|p2a: Passimian|Passimian, M|297\/341 slp\n|move|p1a: Ambipom|U-turn|p2a: Passimian\n|-resisted|p2a: Passimian\n|-damage|p2a: Passimian|252\/341 slp\n|-damage|p1a: Ambipom|67\/291 tox|[from] item: Life Orb\n|\n|switch|p1a: Vivillon|Vivillon, F|172\/305|[from]move: U-turn\n|\n|-heal|p1a: Vivillon|191\/305|[from] item: Leftovers\n|upkeep\n|turn|19\n|\n|switch|p2a: Togedemaru|Togedemaru, F|334\/334\n|move|p1a: Vivillon|Hurricane|p2a: Togedemaru|[miss]\n|-miss|p1a: Vivillon|p2a: Togedemaru\n|\n|-heal|p1a: Vivillon|210\/305|[from] item: Leftovers\n|upkeep\n|turn|20\n|\n|switch|p1a: Gourgeist|Gourgeist-Super, F|374\/374\n|-item|p2a: Togedemaru|Leftovers|[from] ability: Frisk|[of] p1a: Gourgeist|[identify]\n|move|p2a: Togedemaru|Zing Zap|p1a: Gourgeist\n|-resisted|p1a: Gourgeist\n|-damage|p1a: Gourgeist|343\/374\n|\n|upkeep\n|turn|21\n|\n|switch|p2a: Golbat|Golbat, F|353\/353\n|move|p1a: Gourgeist|Leech Seed|p2a: Golbat|[miss]\n|-miss|p1a: Gourgeist|p2a: Golbat\n|\n|upkeep\n|turn|22\n|\n|switch|p1a: Ambipom|Ambipom, F|67\/291 tox\n|move|p2a: Golbat|Toxic|p1a: Ambipom\n|-fail|p1a: Ambipom|tox\n|\n|-damage|p1a: Ambipom|49\/291 tox|[from] psn\n|upkeep\n|turn|23\n|\n|switch|p2a: Uxie|Uxie|354\/354\n|move|p1a: Ambipom|Frustration|p2a: Uxie\n|-damage|p2a: Uxie|198\/354\n|-damage|p1a: Ambipom|20\/291 tox|[from] item: Life Orb\n|\n|-heal|p2a: Uxie|220\/354|[from] item: Leftovers\n|-damage|p1a: Ambipom|0 fnt|[from] psn\n|upkeep\n|faint|p1a: Ambipom\n|\n|switch|p1a: Gourgeist|Gourgeist-Super, F|343\/374\n|-item|p2a: Uxie|Leftovers|[from] ability: Frisk|[of] p1a: Gourgeist|[identify]\n|turn|24\n|\n|move|p2a: Uxie|Protect|p2a: Uxie\n|-singleturn|p2a: Uxie|Protect\n|move|p1a: Gourgeist|Leech Seed|p2a: Uxie\n|-activate|p2a: Uxie|move: Protect\n|\n|-heal|p2a: Uxie|242\/354|[from] item: Leftovers\n|upkeep\n|turn|25\n|\n|move|p2a: Uxie|Stealth Rock|p1a: Gourgeist\n|-sidestart|p1: McDankies|move: Stealth Rock\n|move|p1a: Gourgeist|Foul Play|p2a: Uxie\n|-supereffective|p2a: Uxie\n|-damage|p2a: Uxie|162\/354\n|\n|-heal|p2a: Uxie|184\/354|[from] item: Leftovers\n|upkeep\n|turn|26\n|\n|move|p2a: Uxie|Protect|p2a: Uxie\n|-singleturn|p2a: Uxie|Protect\n|move|p1a: Gourgeist|Leech Seed|p2a: Uxie\n|-activate|p2a: Uxie|move: Protect\n|\n|-heal|p2a: Uxie|206\/354|[from] item: Leftovers\n|upkeep\n|turn|27\n|\n|move|p2a: Uxie|U-turn|p1a: Gourgeist\n|-crit|p1a: Gourgeist\n|-damage|p1a: Gourgeist|306\/374\n|\n|switch|p2a: Golbat|Golbat, F|353\/353|[from]move: U-turn\n|move|p1a: Gourgeist|Leech Seed|p2a: Golbat\n|-start|p2a: Golbat|move: Leech Seed\n|\n|-damage|p2a: Golbat|309\/353|[from] Leech Seed|[of] p1a: Gourgeist\n|-heal|p1a: Gourgeist|350\/374|[silent]\n|upkeep\n|turn|28\n|\n|move|p2a: Golbat|Toxic|p1a: Gourgeist\n|-status|p1a: Gourgeist|tox\n|move|p1a: Gourgeist|Will-O-Wisp|p2a: Golbat\n|-status|p2a: Golbat|brn\n|\n|-damage|p2a: Golbat|265\/353 brn|[from] Leech Seed|[of] p1a: Gourgeist\n|-heal|p1a: Gourgeist|374\/374 tox|[silent]\n|-damage|p2a: Golbat|243\/353 brn|[from] brn\n|-damage|p1a: Gourgeist|351\/374 tox|[from] psn\n|upkeep\n|turn|29\n|\n|switch|p1a: Sceptile|Sceptile, M|281\/281\n|-damage|p1a: Sceptile|246\/281|[from] Stealth Rock\n|move|p2a: Golbat|Roost|p2a: Golbat\n|-heal|p2a: Golbat|353\/353 brn\n|\n|-damage|p2a: Golbat|309\/353 brn|[from] Leech Seed|[of] p1a: Sceptile\n|-heal|p1a: Sceptile|281\/281|[silent]\n|-damage|p2a: Golbat|287\/353 brn|[from] brn\n|upkeep\n|turn|30\n|\n|switch|p2a: Uxie|Uxie|206\/354\n|move|p1a: Sceptile|Hidden Power|p2a: Uxie\n|-damage|p2a: Uxie|135\/354\n|\n|-heal|p2a: Uxie|157\/354|[from] item: Leftovers\n|upkeep\n|turn|31\n|\n|switch|p1a: Scrafty|Scrafty, M|271\/271\n|-damage|p1a: Scrafty|255\/271|[from] Stealth Rock\n|move|p2a: Uxie|U-turn|p1a: Scrafty\n|-damage|p1a: Scrafty|217\/271\n|\n|switch|p2a: Vivillon|Vivillon-Fancy, F|301\/301|[from]move: U-turn\n|\n|upkeep\n|turn|32\n|\n|move|p2a: Vivillon|Hurricane|p1a: Scrafty\n|-supereffective|p1a: Scrafty\n|-damage|p1a: Scrafty|0 fnt\n|faint|p1a: Scrafty\n|\n|upkeep\n|\n|switch|p1a: Gourgeist|Gourgeist-Super, F|351\/374 tox\n|-damage|p1a: Gourgeist|305\/374 tox|[from] Stealth Rock\n|-item|p2a: Vivillon|Flyinium Z|[from] ability: Frisk|[of] p1a: Gourgeist|[identify]\n|turn|33\n|\n|move|p2a: Vivillon|Substitute|p2a: Vivillon\n|-start|p2a: Vivillon|Substitute\n|-damage|p2a: Vivillon|226\/301\n|move|p1a: Gourgeist|Leech Seed|p2a: Vivillon\n|-fail|p2a: Vivillon\n|\n|-damage|p1a: Gourgeist|282\/374 tox|[from] psn\n|upkeep\n|turn|34\n|\n|move|p2a: Vivillon|Quiver Dance|p2a: Vivillon\n|-boost|p2a: Vivillon|spa|1\n|-boost|p2a: Vivillon|spd|1\n|-boost|p2a: Vivillon|spe|1\n|move|p1a: Gourgeist|Foul Play|p2a: Vivillon\n|-activate|p2a: Vivillon|move: Substitute|[damage]\n|\n|-damage|p1a: Gourgeist|236\/374 tox|[from] psn\n|upkeep\n|turn|35\n|-message|McDankies forfeited.\n|\n|win|CarlyBae\n|l|\u2606McDankies\n|raw|McDankies's rating: 1219 &rarr; <strong>1200<\/strong><br \/>(-19 for losing)\n|raw|CarlyBae's rating: 1309 &rarr; <strong>1324<\/strong><br \/>(+15 for winning)\n","inputlog":">version dc92d302d73fe38280560fccaee55a5802f1bb9d\n>start {\"formatid\":\"gen7battlefactory\",\"seed\":[62199,19877,4606,42192],\"rated\":\"Rated battle\"}\n>player p1 {\"name\":\"McDankies\",\"avatar\":\"260\",\"team\":\"\"}\n>player p2 {\"name\":\"CarlyBae\",\"avatar\":\"138\",\"team\":\"\"}\n>p1 team 5, 2, 3, 4, 1, 6\n>p2 team 6, 2, 3, 4, 5, 1\n>p1 move fakeout\n>p2 move uturn\n>p1 move uturn\n>p2 move knockoff\n>p1 switch 6\n>p1 switch 2\n>p1 move quiverdance\n>p2 switch 2\n>p1 move sleeppowder\n>p2 move spikyshield\n>p1 move sleeppowder\n>p2 switch 2\n>p1 move quiverdance\n>p2 switch 6\n>p1 move substitute\n>p2 switch 2\n>p1 move hurricane\n>p2 move zingzap\n>p1 move substitute\n>p2 move wish\n>p1 move hurricane\n>p2 move zingzap\n>p1 move substitute\n>p2 move zingzap\n>p1 switch 5\n>p2 move wish\n>p1 move leechseed\n>p2 switch 6\n>p1 switch 4\n>p2 switch 2\n>p1 switch 6\n>p2 move toxic\n>p1 move lowkick\n>p2 switch 3\n>p1 move uturn\n>p2 move protect\n>p1 move uturn\n>p2 switch 2\n>p1 switch 5\n>p1 move hurricane\n>p2 switch 6\n>p1 switch 4\n>p2 move zingzap\n>p1 move leechseed\n>p2 switch 3\n>p1 switch 5\n>p2 move toxic\n>p1 move frustration\n>p2 switch 2\n>p1 switch 5\n>p1 move leechseed\n>p2 move protect\n>p1 move foulplay\n>p2 move stealthrock\n>p1 move leechseed\n>p2 move protect\n>p1 move leechseed\n>p2 move uturn\n>p2 switch 2\n>p1 move willowisp\n>p2 move toxic\n>p1 switch 3\n>p2 move roost\n>p1 move hiddenpower\n>p2 switch 2\n>p1 switch 6\n>p2 move uturn\n>p2 switch 4\n>p1 move irontail zmove\n>p2 move hurricane\n>p1 switch 3\n>p1 move leechseed\n>p2 move substitute\n>p1 move foulplay\n>p2 move quiverdance","uploadtime":1539840362,"views":4,"p1id":"mcdankies","p2id":"carlybae","formatid":"gen7battlefactory","rating":1200,"private":0,"password":null}