{"id":"gen7randombattle-1639079318","p1":"himynametay","p2":"Agent47689","format":"gen7randombattle","log":"|j|\u203dhimynametay\n|j|\u2606Agent47689\n|t:|1660429880\n|gametype|singles\n|player|p1|himynametay|elesa-masters|1628\n|player|p2|Agent47689|palmer|1507\n|teamsize|p1|6\n|teamsize|p2|6\n|gen|7\n|tier|[Gen 7] Random Battle\n|rated|\n|rule|Sleep Clause Mod: Limit one foe put to sleep\n|rule|HP Percentage Mod: HP is shown in percentages\n|rule|Mega Rayquaza Clause: You cannot mega evolve Rayquaza\n|\n|t:|1660429880\n|start\n|switch|p1a: Crawdaunt|Crawdaunt, L82, M|237\/237\n|switch|p2a: Aromatisse|Aromatisse, L88, M|321\/321\n|turn|1\n|\n|t:|1660429900\n|switch|p1a: Crobat|Crobat, L82, M|274\/274\n|move|p2a: Aromatisse|Toxic|p1a: Crobat\n|-immune|p1a: Crobat\n|\n|upkeep\n|turn|2\n|inactive|Battle timer is ON: inactive players will automatically lose when time's up. (requested by himynametay)\n|c|\u2606Agent47689|why am I facing a 1628. with a unique avatar. what is this a special boss?\n|c|\u2606Agent47689|XD\n|\n|t:|1660429925\n|switch|p2a: Ambipom|Ambipom, L86, F|269\/269\n|move|p1a: Crobat|Toxic|p2a: Ambipom\n|-status|p2a: Ambipom|tox\n|\n|-damage|p2a: Ambipom|253\/269 tox|[from] psn\n|upkeep\n|turn|3\n|\n|t:|1660429951\n|switch|p1a: Miltank|Miltank, L86, F|304\/304\n|move|p2a: Ambipom|Return|p1a: Miltank\n|-damage|p1a: Miltank|162\/304\n|\n|-heal|p1a: Miltank|181\/304|[from] item: Leftovers\n|-damage|p2a: Ambipom|221\/269 tox|[from] psn\n|upkeep\n|turn|4\n|inactive|Agent47689 has 120 seconds left.\n|\n|t:|1660429985\n|switch|p2a: Giratina|Giratina-Origin, L76|353\/353\n|move|p1a: Miltank|Milk Drink|p1a: Miltank\n|-heal|p1a: Miltank|304\/304\n|\n|upkeep\n|turn|5\n|\n|t:|1660429994\n|move|p1a: Miltank|Curse|p1a: Miltank\n|-unboost|p1a: Miltank|spe|1\n|-boost|p1a: Miltank|atk|1\n|-boost|p1a: Miltank|def|1\n|move|p2a: Giratina|Thunder Wave|p1a: Miltank|[miss]\n|-miss|p2a: Giratina|p1a: Miltank\n|\n|upkeep\n|turn|6\n|\n|t:|1660430014\n|switch|p1a: Crawdaunt|Crawdaunt, L82, M|237\/237\n|move|p2a: Giratina|Will-O-Wisp|p1a: Crawdaunt\n|-status|p1a: Crawdaunt|brn\n|\n|-damage|p1a: Crawdaunt|223\/237 brn|[from] brn\n|upkeep\n|turn|7\n|\n|t:|1660430022\n|switch|p2a: Ambipom|Ambipom, L86, F|221\/269 tox\n|move|p1a: Crawdaunt|Dragon Dance|p1a: Crawdaunt\n|-boost|p1a: Crawdaunt|atk|1\n|-boost|p1a: Crawdaunt|spe|1\n|\n|-damage|p2a: Ambipom|205\/269 tox|[from] psn\n|-damage|p1a: Crawdaunt|209\/237 brn|[from] brn\n|upkeep\n|turn|8\n|\n|t:|1660430027\n|move|p2a: Ambipom|Low Kick|p1a: Crawdaunt\n|-supereffective|p1a: Crawdaunt\n|-damage|p1a: Crawdaunt|11\/237 brn\n|move|p1a: Crawdaunt|Crabhammer|p2a: Ambipom|[miss]\n|-miss|p1a: Crawdaunt|p2a: Ambipom\n|\n|-damage|p2a: Ambipom|173\/269 tox|[from] psn\n|-damage|p1a: Crawdaunt|0 fnt|[from] brn\n|faint|p1a: Crawdaunt\n|upkeep\n|\n|t:|1660430037\n|switch|p1a: Victini|Victini, L80|291\/291\n|turn|9\n|\n|t:|1660430043\n|switch|p2a: Giratina|Giratina-Origin, L76|353\/353\n|move|p1a: Victini|U-turn|p2a: Giratina\n|-resisted|p2a: Giratina\n|-damage|p2a: Giratina|328\/353\n|\n|t:|1660430046\n|switch|p1a: Houndoom|Houndoom, L84, F|262\/262\n|\n|upkeep\n|turn|10\n|\n|t:|1660430059\n|detailschange|p1a: Houndoom|Houndoom-Mega, L84, F\n|-mega|p1a: Houndoom|Houndoom|Houndoominite\n|move|p1a: Houndoom|Fire Blast|p2a: Giratina\n|-resisted|p2a: Giratina\n|-damage|p2a: Giratina|253\/353\n|move|p2a: Giratina|Thunder Wave|p1a: Houndoom\n|-status|p1a: Houndoom|par\n|\n|upkeep\n|turn|11\n|\n|t:|1660430071\n|move|p2a: Giratina|Draco Meteor|p1a: Houndoom\n|-damage|p1a: Houndoom|112\/262 par\n|-unboost|p2a: Giratina|spa|2\n|move|p1a: Houndoom|Dark Pulse|p2a: Giratina\n|-supereffective|p2a: Giratina\n|-damage|p2a: Giratina|47\/353\n|\n|upkeep\n|turn|12\n|\n|t:|1660430078\n|move|p2a: Giratina|Draco Meteor|p1a: Houndoom\n|-damage|p1a: Houndoom|37\/262 par\n|-unboost|p2a: Giratina|spa|2\n|move|p1a: Houndoom|Dark Pulse|p2a: Giratina\n|-supereffective|p2a: Giratina\n|-damage|p2a: Giratina|0 fnt\n|faint|p2a: Giratina\n|\n|upkeep\n|\n|t:|1660430086\n|switch|p2a: Ambipom|Ambipom, L86, F|173\/269 tox\n|turn|13\n|\n|t:|1660430089\n|move|p2a: Ambipom|U-turn|p1a: Houndoom\n|-damage|p1a: Houndoom|0 fnt\n|faint|p1a: Houndoom\n|\n|t:|1660430095\n|switch|p2a: Aromatisse|Aromatisse, L88, M|321\/321\n|\n|upkeep\n|\n|t:|1660430099\n|switch|p1a: Crobat|Crobat, L82, M|274\/274\n|turn|14\n|\n|t:|1660430107\n|switch|p2a: Ambipom|Ambipom, L86, F|173\/269 tox\n|move|p1a: Crobat|Brave Bird|p2a: Ambipom\n|-damage|p2a: Ambipom|34\/269 tox\n|-damage|p1a: Crobat|228\/274|[from] Recoil\n|\n|-heal|p1a: Crobat|245\/274|[from] item: Black Sludge\n|-damage|p2a: Ambipom|18\/269 tox|[from] psn\n|upkeep\n|turn|15\n|\n|t:|1660430115\n|move|p1a: Crobat|Brave Bird|p2a: Ambipom\n|-damage|p2a: Ambipom|0 fnt\n|faint|p2a: Ambipom\n|-damage|p1a: Crobat|239\/274|[from] Recoil\n|\n|-heal|p1a: Crobat|256\/274|[from] item: Black Sludge\n|upkeep\n|\n|t:|1660430124\n|switch|p2a: Espeon|Espeon, L84, F|246\/246\n|turn|16\n|\n|t:|1660430131\n|switch|p1a: Victini|Victini, L80|291\/291\n|move|p2a: Espeon|Calm Mind|p2a: Espeon\n|-boost|p2a: Espeon|spa|1\n|-boost|p2a: Espeon|spd|1\n|\n|upkeep\n|turn|17\n|\n|t:|1660430137\n|move|p2a: Espeon|Shadow Ball|p1a: Victini\n|-supereffective|p1a: Victini\n|-damage|p1a: Victini|125\/291\n|-damage|p2a: Espeon|222\/246|[from] item: Life Orb\n|move|p1a: Victini|U-turn|p2a: Espeon\n|-supereffective|p2a: Espeon\n|-damage|p2a: Espeon|100\/246\n|\n|t:|1660430140\n|switch|p1a: Lycanroc|Lycanroc-Midnight, L88, M|293\/293\n|\n|upkeep\n|turn|18\n|\n|t:|1660430148\n|move|p1a: Lycanroc|Sucker Punch|p2a: Espeon\n|-supereffective|p2a: Espeon\n|-damage|p2a: Espeon|0 fnt\n|faint|p2a: Espeon\n|\n|upkeep\n|\n|t:|1660430158\n|switch|p2a: Oranguru|Oranguru, L88, F|302\/302\n|turn|19\n|\n|t:|1660430177\n|move|p1a: Lycanroc|Swords Dance|p1a: Lycanroc\n|-boost|p1a: Lycanroc|atk|2\n|move|p2a: Oranguru|Trick Room|p2a: Oranguru\n|-fieldstart|move: Trick Room|[of] p2a: Oranguru\n|\n|upkeep\n|turn|20\n|\n|t:|1660430183\n|move|p1a: Lycanroc|Sucker Punch|p2a: Oranguru\n|-supereffective|p2a: Oranguru\n|-damage|p2a: Oranguru|34\/302\n|move|p2a: Oranguru|Focus Blast|p1a: Lycanroc\n|-supereffective|p1a: Lycanroc\n|-damage|p1a: Lycanroc|67\/293\n|-damage|p2a: Oranguru|4\/302|[from] item: Life Orb\n|\n|upkeep\n|turn|21\n|\n|t:|1660430190\n|move|p1a: Lycanroc|Sucker Punch||[still]\n|-fail|p1a: Lycanroc\n|move|p2a: Oranguru|Trick Room|p2a: Oranguru\n|-fieldend|move: Trick Room\n|\n|upkeep\n|turn|22\n|\n|t:|1660430193\n|move|p1a: Lycanroc|Fire Punch|p2a: Oranguru\n|-damage|p2a: Oranguru|0 fnt\n|faint|p2a: Oranguru\n|\n|upkeep\n|\n|t:|1660430197\n|switch|p2a: Volcarona|Volcarona, L80, M|267\/267\n|turn|23\n|\n|t:|1660430209\n|move|p2a: Volcarona|Bug Buzz|p1a: Lycanroc\n|-damage|p1a: Lycanroc|0 fnt\n|faint|p1a: Lycanroc\n|\n|upkeep\n|\n|t:|1660430212\n|switch|p1a: Crobat|Crobat, L82, M|256\/274\n|turn|24\n|\n|t:|1660430219\n|move|p1a: Crobat|Taunt|p2a: Volcarona\n|-start|p2a: Volcarona|move: Taunt\n|cant|p2a: Volcarona|move: Taunt|Quiver Dance\n|\n|-heal|p1a: Crobat|273\/274|[from] item: Black Sludge\n|upkeep\n|turn|25\n|c|\u2606Agent47689|eh whatever. don't know why i was put with a try hard when i barely reached 1500 myself.\n|c|\u2606Agent47689|later\n|inactive|Agent47689 has 120 seconds left.\n|-message|Agent47689 forfeited.\n|\n|win|himynametay\n|raw|himynametay's rating: 1628 &rarr; <strong>1641<\/strong><br \/>(+13 for winning)\n|raw|Agent47689's rating: 1507 &rarr; <strong>1494<\/strong><br \/>(-13 for losing)\n|l|\u2606Agent47689\n||Ladder isn't responding, score probably updated but might not have (Request timeout).\n","inputlog":">version 013bc8b8d1aafa1da17f1d191fb0e7e7ee6479e7\n>start {\"formatid\":\"gen7randombattle\",\"seed\":[6460,29214,29752,8259],\"rated\":\"Rated battle\"}\n>player p1 {\"name\":\"himynametay\",\"avatar\":\"elesa-masters\",\"rating\":1628,\"seed\":[30787,61217,48918,25913]}\n>player p2 {\"name\":\"Agent47689\",\"avatar\":\"palmer\",\"rating\":1507,\"seed\":[3652,9561,60453,13535]}\n>p1 switch 2\n>p2 move toxic\n>chat \u2606Agent47689|why am I facing a 1628. with a unique avatar. what is this a special boss?\n>chat \u2606Agent47689|XD\n>p1 move toxic\n>p2 switch 5\n>p1 switch 3\n>p2 move return\n>p1 move milkdrink\n>p2 switch 2\n>p1 move curse\n>p2 move thunderwave\n>p1 switch 2\n>p2 move willowisp\n>p1 move dragondance\n>p2 switch 2\n>p1 move crabhammer\n>p2 move lowkick\n>p1 switch 4\n>p1 move uturn\n>p2 switch 2\n>p1 switch 5\n>p1 move fireblast mega\n>p2 move thunderwave\n>p1 move darkpulse\n>p2 move dracometeor\n>p1 move darkpulse\n>p2 move dracometeor\n>p2 switch 2\n>p1 move fireblast\n>p2 move uturn\n>p2 switch 5\n>p1 switch 3\n>p1 move bravebird\n>p2 switch 5\n>p1 move bravebird\n>p2 move return\n>p2 switch 4\n>p1 switch 5\n>p2 move calmmind\n>p1 move uturn\n>p2 move shadowball\n>p1 switch 6\n>p1 move suckerpunch\n>p2 move psychic\n>p2 switch 3\n>p1 move swordsdance\n>p2 move trickroom\n>p1 move suckerpunch\n>p2 move focusblast\n>p1 move suckerpunch\n>p2 move trickroom\n>p1 move firepunch\n>p2 move trickroom\n>p2 switch 6\n>p1 move stoneedge zmove\n>p2 move bugbuzz\n>p1 switch 5\n>p1 move taunt\n>p2 move quiverdance\n>chat \u2606Agent47689|eh whatever. don't know why i was put with a try hard when i barely reached 1500 myself. \n>chat \u2606Agent47689|later\n>forcelose p2","uploadtime":1660430263,"views":6,"p1id":"himynametay","p2id":"agent47689","formatid":"gen7randombattle","rating":1494,"private":0,"password":null}