{"id":"gen7uu-881427474","p1":"Jakkkkkka","p2":"zugzwang123","format":"gen7uu","log":"|j|\u2606Jakkkkkka\n|j|\u2606zugzwang123\n|player|p1|Jakkkkkka|137\n|player|p2|zugzwang123|238\n|teamsize|p1|6\n|teamsize|p2|6\n|gametype|singles\n|gen|7\n|tier|[Gen 7] UU\n|rated|\n|rule|Sleep Clause Mod: Limit one foe put to sleep\n|rule|Species Clause: Limit one of each Pok\u00e9mon\n|rule|OHKO Clause: OHKO moves are banned\n|rule|Moody Clause: Moody is banned\n|rule|Evasion Moves Clause: Evasion moves are banned\n|rule|Endless Battle Clause: Forcing endless battles is banned\n|rule|HP Percentage Mod: HP is shown in percentages\n|clearpoke\n|poke|p1|Swampert, F|item\n|poke|p1|Hydreigon, F|item\n|poke|p1|Scizor, M|item\n|poke|p1|Sylveon, M|item\n|poke|p1|Manectric, F|item\n|poke|p1|Nidoking, M|item\n|poke|p2|Froslass, F|item\n|poke|p2|Bisharp, F|item\n|poke|p2|Kommo-o, M|item\n|poke|p2|Doublade, M|item\n|poke|p2|Sharpedo, M|item\n|poke|p2|Latias, F|item\n|teampreview\n|inactive|Battle timer is ON: inactive players will automatically lose when time's up. (requested by zugzwang123)\n|inactive|Jakkkkkka has 120 seconds left.\n|\n|start\n|switch|p1a: Predator|Manectric, F|100\/100\n|switch|p2a: Kommo-o|Kommo-o, M|100\/100\n|turn|1\n|\n|detailschange|p1a: Predator|Manectric-Mega, F\n|-mega|p1a: Predator|Manectric|Manectite\n|-ability|p1a: Predator|Intimidate|boost\n|-unboost|p2a: Kommo-o|atk|1\n|move|p1a: Predator|Volt Switch|p2a: Kommo-o\n|-resisted|p2a: Kommo-o\n|-damage|p2a: Kommo-o|76\/100\n|\n|switch|p1a: Crazy Frog|Swampert, F|100\/100\n|move|p2a: Kommo-o|Stealth Rock|p1a: Crazy Frog\n|-sidestart|p1: Jakkkkkka|move: Stealth Rock\n|\n|upkeep\n|turn|2\n|\n|move|p2a: Kommo-o|Taunt|p1a: Crazy Frog\n|-start|p1a: Crazy Frog|move: Taunt\n|cant|p1a: Crazy Frog|move: Taunt|Stealth Rock\n|\n|upkeep\n|turn|3\n|\n|-zpower|p2a: Kommo-o\n|move|p2a: Kommo-o|Devastating Drake|p1a: Crazy Frog|[zeffect]\n|-damage|p1a: Crazy Frog|27\/100\n|move|p1a: Crazy Frog|Scald|p2a: Kommo-o\n|-resisted|p2a: Kommo-o\n|-crit|p2a: Kommo-o\n|-damage|p2a: Kommo-o|46\/100\n|\n|-heal|p1a: Crazy Frog|33\/100|[from] item: Leftovers\n|upkeep\n|turn|4\n|\n|move|p2a: Kommo-o|Clanging Scales|p1a: Crazy Frog\n|-damage|p1a: Crazy Frog|0 fnt\n|-unboost|p2a: Kommo-o|def|1\n|faint|p1a: Crazy Frog\n|\n|upkeep\n|\n|switch|p1a: Predator|Manectric-Mega, F|100\/100\n|-damage|p1a: Predator|88\/100|[from] Stealth Rock\n|-ability|p1a: Predator|Intimidate|boost\n|-unboost|p2a: Kommo-o|atk|1\n|turn|5\n|\n|move|p1a: Predator|Hidden Power|p2a: Kommo-o\n|-supereffective|p2a: Kommo-o\n|-damage|p2a: Kommo-o|0 fnt\n|faint|p2a: Kommo-o\n|\n|upkeep\n|j| agentbrownfire\n|\n|switch|p2a: Froslass|Froslass, F|100\/100\n|turn|6\n|\n|move|p1a: Predator|Volt Switch|p2a: Froslass\n|-damage|p2a: Froslass|44\/100\n|\n|switch|p1a: Supair|Scizor, M|100\/100\n|-damage|p1a: Supair|88\/100|[from] Stealth Rock\n|move|p2a: Froslass|Icy Wind|p1a: Supair\n|-resisted|p1a: Supair\n|-damage|p1a: Supair|76\/100\n|-unboost|p1a: Supair|spe|1\n|\n|upkeep\n|turn|7\n|\n|switch|p2a: Bisharp|Bisharp, F|100\/100\n|move|p1a: Supair|Bullet Punch|p2a: Bisharp\n|-resisted|p2a: Bisharp\n|-damage|p2a: Bisharp|70\/100\n|\n|upkeep\n|turn|8\n|\n|switch|p1a: Hercule|Hydreigon, F|100\/100\n|-damage|p1a: Hercule|88\/100|[from] Stealth Rock\n|move|p2a: Bisharp|Knock Off|p1a: Hercule\n|-resisted|p1a: Hercule\n|-damage|p1a: Hercule|44\/100\n|-enditem|p1a: Hercule|Choice Scarf|[from] move: Knock Off|[of] p2a: Bisharp\n|-damage|p2a: Bisharp|60\/100|[from] item: Life Orb\n|\n|upkeep\n|turn|9\n|\n|switch|p2a: Froslass|Froslass, F|44\/100\n|move|p1a: Hercule|U-turn|p2a: Froslass\n|-resisted|p2a: Froslass\n|-damage|p2a: Froslass|32\/100\n|\n|switch|p1a: Supair|Scizor, M|76\/100\n|-damage|p1a: Supair|64\/100|[from] Stealth Rock\n|\n|upkeep\n|turn|10\n|\n|move|p1a: Supair|Bullet Punch|p2a: Froslass\n|-supereffective|p2a: Froslass\n|-crit|p2a: Froslass\n|-damage|p2a: Froslass|0 fnt\n|faint|p2a: Froslass\n|\n|upkeep\n|\n|switch|p2a: Doublade|Doublade, M, shiny|100\/100\n|turn|11\n|j| okok126\n|\n|switch|p1a: Predator|Manectric-Mega, F|88\/100\n|-damage|p1a: Predator|76\/100|[from] Stealth Rock\n|-ability|p1a: Predator|Intimidate|boost\n|-unboost|p2a: Doublade|atk|1\n|move|p2a: Doublade|Swords Dance|p2a: Doublade\n|-boost|p2a: Doublade|atk|2\n|\n|upkeep\n|turn|12\n|\n|switch|p2a: Latias|Latias, F|100\/100\n|move|p1a: Predator|Volt Switch|p2a: Latias\n|-resisted|p2a: Latias\n|-damage|p2a: Latias|84\/100\n|\n|switch|p1a: Hercule|Hydreigon, F|44\/100\n|-damage|p1a: Hercule|32\/100|[from] Stealth Rock\n|\n|upkeep\n|turn|13\n|\n|move|p2a: Latias|Draco Meteor|p1a: Hercule\n|-supereffective|p1a: Hercule\n|-damage|p1a: Hercule|0 fnt\n|-unboost|p2a: Latias|spa|2\n|faint|p1a: Hercule\n|\n|upkeep\n|\n|switch|p1a: Violetta|Nidoking, M|100\/100\n|-damage|p1a: Violetta|95\/100|[from] Stealth Rock\n|turn|14\n|\n|move|p2a: Latias|Draco Meteor|p1a: Violetta\n|-damage|p1a: Violetta|53\/100\n|-unboost|p2a: Latias|spa|2\n|move|p1a: Violetta|Toxic Spikes|p2a: Latias\n|-sidestart|p2: zugzwang123|move: Toxic Spikes\n|\n|upkeep\n|turn|15\n|\n|switch|p2a: Doublade|Doublade, M, shiny|100\/100\n|move|p1a: Violetta|Ice Beam|p2a: Doublade\n|-resisted|p2a: Doublade\n|-damage|p2a: Doublade|81\/100\n|\n|upkeep\n|turn|16\n|\n|switch|p2a: Latias|Latias, F|84\/100\n|move|p1a: Violetta|Ice Beam|p2a: Latias\n|-supereffective|p2a: Latias\n|-damage|p2a: Latias|8\/100\n|\n|upkeep\n|turn|17\n|\n|move|p2a: Latias|Psychic|p1a: Violetta\n|-supereffective|p1a: Violetta\n|-damage|p1a: Violetta|0 fnt\n|faint|p1a: Violetta\n|\n|upkeep\n|\n|switch|p1a: Instagram|Sylveon, M|100\/100\n|-damage|p1a: Instagram|88\/100|[from] Stealth Rock\n|turn|18\n|\n|switch|p2a: Doublade|Doublade, M, shiny|81\/100\n|move|p1a: Instagram|Wish|p1a: Instagram\n|\n|-heal|p1a: Instagram|94\/100|[from] item: Leftovers\n|upkeep\n|turn|19\n|\n|switch|p1a: Predator|Manectric-Mega, F|76\/100\n|-damage|p1a: Predator|63\/100|[from] Stealth Rock\n|-ability|p1a: Predator|Intimidate|boost\n|-unboost|p2a: Doublade|atk|1\n|move|p2a: Doublade|Swords Dance|p2a: Doublade\n|-boost|p2a: Doublade|atk|2\n|\n|-heal|p1a: Predator|100\/100|[from] move: Wish|[wisher] Instagram\n|upkeep\n|turn|20\n|\n|move|p1a: Predator|Volt Switch|p2a: Doublade\n|-damage|p2a: Doublade|41\/100\n|\n|switch|p1a: Instagram|Sylveon, M|94\/100\n|-damage|p1a: Instagram|82\/100|[from] Stealth Rock\n|move|p2a: Doublade|Sacred Sword|p1a: Instagram\n|-resisted|p1a: Instagram\n|-damage|p1a: Instagram|57\/100\n|\n|-heal|p1a: Instagram|63\/100|[from] item: Leftovers\n|upkeep\n|turn|21\n|\n|move|p1a: Instagram|Protect|p1a: Instagram\n|-singleturn|p1a: Instagram|Protect\n|move|p2a: Doublade|Gyro Ball|p1a: Instagram\n|-activate|p1a: Instagram|move: Protect\n|\n|-heal|p1a: Instagram|69\/100|[from] item: Leftovers\n|upkeep\n|turn|22\n|\n|switch|p1a: Supair|Scizor, M|64\/100\n|-damage|p1a: Supair|52\/100|[from] Stealth Rock\n|move|p2a: Doublade|Gyro Ball|p1a: Supair\n|-resisted|p1a: Supair\n|-damage|p1a: Supair|30\/100\n|\n|upkeep\n|turn|23\n|\n|move|p2a: Doublade|Shadow Sneak|p1a: Supair\n|-damage|p1a: Supair|2\/100\n|move|p1a: Supair|Knock Off|p2a: Doublade\n|-supereffective|p2a: Doublade\n|-damage|p2a: Doublade|0 fnt\n|-enditem|p2a: Doublade|Eviolite|[from] move: Knock Off|[of] p1a: Supair\n|faint|p2a: Doublade\n|\n|upkeep\n|\n|switch|p2a: Bisharp|Bisharp, F|60\/100\n|turn|24\n|\n|move|p2a: Bisharp|Swords Dance|p2a: Bisharp\n|-boost|p2a: Bisharp|atk|2\n|move|p1a: Supair|Knock Off|p2a: Bisharp\n|-resisted|p2a: Bisharp\n|-damage|p2a: Bisharp|26\/100\n|-enditem|p2a: Bisharp|Life Orb|[from] move: Knock Off|[of] p1a: Supair\n|\n|upkeep\n|turn|25\n|\n|move|p2a: Bisharp|Knock Off|p1a: Supair\n|-damage|p1a: Supair|0 fnt\n|-enditem|p1a: Supair|Choice Band|[from] move: Knock Off|[of] p2a: Bisharp\n|faint|p1a: Supair\n|\n|upkeep\n|inactive|Jakkkkkka has 120 seconds left.\n|\n|switch|p1a: Predator|Manectric-Mega, F|100\/100\n|-damage|p1a: Predator|88\/100|[from] Stealth Rock\n|-ability|p1a: Predator|Intimidate|boost\n|-unboost|p2a: Bisharp|atk|1\n|-ability|p2a: Bisharp|Defiant|boost\n|-boost|p2a: Bisharp|atk|2\n|turn|26\n|\n|move|p2a: Bisharp|Sucker Punch|p1a: Predator\n|-damage|p1a: Predator|0 fnt\n|faint|p1a: Predator\n|\n|upkeep\n|-message|Jakkkkkka forfeited.\n|\n|win|zugzwang123\n|l|\u2606Jakkkkkka\n|c|\u2606zugzwang123|gg\n","uploadtime":1553464298,"views":2,"p1id":"jakkkkkka","p2id":"zugzwang123","formatid":"gen7uu","rating":0,"private":0,"password":null}