{"id":"gen7ou-1651886595","p1":"xiaoanzi","p2":"alvar03","format":"gen7ou","log":"|j|\u2606xiaoanzi\n|j|\u2606alvar03\n|t:|1661870068\n|gametype|singles\n|player|p1|xiaoanzi|lusamine-nihilego|1646\n|player|p2|alvar03|alder|1649\n|teamsize|p1|6\n|teamsize|p2|6\n|gen|7\n|tier|[Gen 7] OU\n|rated|\n|rule|Sleep Clause Mod: Limit one foe put to sleep\n|rule|Species Clause: Limit one of each Pok\u00e9mon\n|rule|OHKO Clause: OHKO moves are banned\n|rule|Moody Clause: Moody is banned\n|rule|Evasion Items Clause: Evasion items are banned\n|rule|Evasion Moves Clause: Evasion moves are banned\n|rule|Endless Battle Clause: Forcing endless battles is banned\n|rule|HP Percentage Mod: HP is shown in percentages\n|clearpoke\n|poke|p1|Hawlucha, F|item\n|poke|p1|Landorus-Therian, M|item\n|poke|p1|Magearna|item\n|poke|p1|Medicham, M|item\n|poke|p1|Tapu Koko|item\n|poke|p1|Rotom-Wash|item\n|poke|p2|Kyurem-Black|item\n|poke|p2|Lopunny, F|item\n|poke|p2|Jirachi|item\n|poke|p2|Landorus-Therian, M|item\n|poke|p2|Tapu Fini|item\n|poke|p2|Serperior, M|item\n|teampreview\n|\n|t:|1661870079\n|start\n|switch|p1a: Medicham|Medicham, M|100\/100\n|switch|p2a: Kyurem|Kyurem-Black|100\/100\n|-ability|p2a: Kyurem|Teravolt\n|turn|1\n|j| jijijijiijjijiji\n|\n|t:|1661870088\n|switch|p2a: Landorus|Landorus-Therian, M|100\/100\n|-ability|p2a: Landorus|Intimidate|boost\n|-unboost|p1a: Medicham|atk|1\n|detailschange|p1a: Medicham|Medicham-Mega, M\n|-mega|p1a: Medicham|Medicham|Medichamite\n|move|p1a: Medicham|High Jump Kick|p2a: Landorus|[miss]\n|-miss|p1a: Medicham|p2a: Landorus\n|-damage|p1a: Medicham|51\/100|[from] highjumpkick\n|\n|upkeep\n|turn|2\n|inactive|Battle timer is ON: inactive players will automatically lose when time's up. (requested by alvar03)\n|\n|t:|1661870101\n|switch|p1a: Rotom|Rotom-Wash|100\/100\n|move|p2a: Landorus|Earthquake|p1a: Rotom\n|-immune|p1a: Rotom|[from] ability: Levitate\n|\n|upkeep\n|turn|3\n|j| ColonSpaceD\n|\n|t:|1661870109\n|move|p2a: Landorus|U-turn|p1a: Rotom\n|-damage|p1a: Rotom|82\/100\n|\n|t:|1661870111\n|switch|p2a: Tapu Fini|Tapu Fini|100\/100|[from]move: U-turn\n|-fieldstart|move: Misty Terrain|[from] ability: Misty Surge|[of] p2a: Tapu Fini\n|move|p1a: Rotom|Hydro Pump|p2a: Tapu Fini\n|-resisted|p2a: Tapu Fini\n|-damage|p2a: Tapu Fini|88\/100\n|\n|-heal|p2a: Tapu Fini|94\/100|[from] item: Leftovers\n|upkeep\n|turn|4\n|\n|t:|1661870117\n|move|p2a: Tapu Fini|Moonblast|p1a: Rotom\n|-damage|p1a: Rotom|48\/100\n|move|p1a: Rotom|Volt Switch|p2a: Tapu Fini\n|-supereffective|p2a: Tapu Fini\n|-damage|p2a: Tapu Fini|57\/100\n|\n|t:|1661870124\n|switch|p1a: Tapu Koko|Tapu Koko|100\/100|[from]move: Volt Switch\n|-fieldstart|move: Electric Terrain|[from] ability: Electric Surge|[of] p1a: Tapu Koko\n|\n|-heal|p2a: Tapu Fini|63\/100|[from] item: Leftovers\n|upkeep\n|turn|5\n|\n|t:|1661870130\n|switch|p2a: Landorus|Landorus-Therian, M|100\/100\n|-ability|p2a: Landorus|Intimidate|boost\n|-unboost|p1a: Tapu Koko|atk|1\n|move|p1a: Tapu Koko|Hidden Power|p2a: Landorus\n|-supereffective|p2a: Landorus\n|-damage|p2a: Landorus|40\/100\n|\n|upkeep\n|turn|6\n|\n|t:|1661870135\n|move|p1a: Tapu Koko|Hidden Power|p2a: Landorus\n|-supereffective|p2a: Landorus\n|-damage|p2a: Landorus|0 fnt\n|faint|p2a: Landorus\n|\n|upkeep\n|\n|t:|1661870137\n|switch|p2a: Lopunny|Lopunny, F|100\/100\n|turn|7\n|\n|t:|1661870145\n|switch|p1a: Landorus|Landorus-Therian, M|100\/100\n|-ability|p1a: Landorus|Intimidate|boost\n|-unboost|p2a: Lopunny|atk|1\n|detailschange|p2a: Lopunny|Lopunny-Mega, F\n|-mega|p2a: Lopunny|Lopunny|Lopunnite\n|move|p2a: Lopunny|Fake Out|p1a: Landorus\n|-damage|p1a: Landorus|91\/100\n|-damage|p2a: Lopunny|84\/100|[from] item: Rocky Helmet|[of] p1a: Landorus\n|\n|upkeep\n|turn|8\n|\n|t:|1661870154\n|switch|p2a: Kyurem|Kyurem-Black|100\/100\n|-ability|p2a: Kyurem|Teravolt\n|move|p1a: Landorus|Stealth Rock|p2a: Kyurem\n|-sidestart|p2: alvar03|move: Stealth Rock\n|\n|-fieldend|move: Electric Terrain\n|upkeep\n|turn|9\n|\n|t:|1661870159\n|switch|p1a: Rotom|Rotom-Wash|48\/100\n|-zpower|p2a: Kyurem\n|move|p2a: Kyurem|Subzero Slammer|p1a: Rotom|[zeffect]\n|-resisted|p1a: Rotom\n|-damage|p1a: Rotom|0 fnt\n|faint|p1a: Rotom\n|\n|upkeep\n|\n|t:|1661870168\n|switch|p1a: Medicham|Medicham-Mega, M|51\/100\n|turn|10\n|\n|t:|1661870177\n|move|p1a: Medicham|High Jump Kick|p2a: Kyurem\n|-supereffective|p2a: Kyurem\n|-damage|p2a: Kyurem|0 fnt\n|faint|p2a: Kyurem\n|\n|upkeep\n|\n|t:|1661870179\n|switch|p2a: Lopunny|Lopunny-Mega, F|84\/100\n|-damage|p2a: Lopunny|78\/100|[from] Stealth Rock\n|turn|11\n|\n|t:|1661870186\n|switch|p1a: Landorus|Landorus-Therian, M|91\/100\n|-ability|p1a: Landorus|Intimidate|boost\n|-unboost|p2a: Lopunny|atk|1\n|move|p2a: Lopunny|Ice Punch|p1a: Landorus\n|-supereffective|p1a: Landorus\n|-damage|p1a: Landorus|43\/100\n|-damage|p2a: Lopunny|61\/100|[from] item: Rocky Helmet|[of] p1a: Landorus\n|\n|upkeep\n|turn|12\n|\n|t:|1661870198\n|move|p2a: Lopunny|Return|p1a: Landorus\n|-damage|p1a: Landorus|18\/100\n|-damage|p2a: Lopunny|45\/100|[from] item: Rocky Helmet|[of] p1a: Landorus\n|move|p1a: Landorus|U-turn|p2a: Lopunny\n|-resisted|p2a: Lopunny\n|-damage|p2a: Lopunny|30\/100\n|\n|t:|1661870207\n|switch|p1a: Medicham|Medicham-Mega, M|51\/100|[from]move: U-turn\n|\n|upkeep\n|turn|13\n|\n|t:|1661870210\n|switch|p2a: Tapu Fini|Tapu Fini|63\/100\n|-damage|p2a: Tapu Fini|51\/100|[from] Stealth Rock\n|-fieldstart|move: Misty Terrain|[from] ability: Misty Surge|[of] p2a: Tapu Fini\n|move|p1a: Medicham|Fake Out|p2a: Tapu Fini\n|-damage|p2a: Tapu Fini|32\/100\n|\n|-heal|p2a: Tapu Fini|38\/100|[from] item: Leftovers\n|upkeep\n|turn|14\n|\n|t:|1661870217\n|move|p1a: Medicham|Thunder Punch|p2a: Tapu Fini\n|-supereffective|p2a: Tapu Fini\n|-damage|p2a: Tapu Fini|0 fnt\n|faint|p2a: Tapu Fini\n|\n|upkeep\n|\n|t:|1661870226\n|switch|p2a: Serperior|Serperior, M|100\/100\n|-damage|p2a: Serperior|88\/100|[from] Stealth Rock\n|turn|15\n|\n|t:|1661870240\n|switch|p1a: Magearna|Magearna|100\/100\n|move|p2a: Serperior|Leaf Storm|p1a: Magearna\n|-resisted|p1a: Magearna\n|-damage|p1a: Magearna|90\/100\n|-boost|p2a: Serperior|spa|2\n|\n|upkeep\n|turn|16\n|\n|t:|1661870247\n|switch|p2a: Jirachi|Jirachi|100\/100\n|-damage|p2a: Jirachi|94\/100|[from] Stealth Rock\n|move|p1a: Magearna|Ice Beam|p2a: Jirachi\n|-resisted|p2a: Jirachi\n|-damage|p2a: Jirachi|87\/100\n|\n|-heal|p2a: Jirachi|93\/100|[from] item: Leftovers\n|upkeep\n|turn|17\n|\n|t:|1661870251\n|move|p2a: Jirachi|Iron Head|p1a: Magearna\n|-damage|p1a: Magearna|67\/100\n|move|p1a: Magearna|Volt Switch|p2a: Jirachi\n|-damage|p2a: Jirachi|80\/100\n|\n|t:|1661870257\n|switch|p1a: Tapu Koko|Tapu Koko|100\/100|[from]move: Volt Switch\n|-fieldstart|move: Electric Terrain|[from] ability: Electric Surge|[of] p1a: Tapu Koko\n|\n|-heal|p2a: Jirachi|87\/100|[from] item: Leftovers\n|upkeep\n|turn|18\n|\n|t:|1661870261\n|-zpower|p1a: Tapu Koko\n|move|p1a: Tapu Koko|Gigavolt Havoc|p2a: Jirachi|[zeffect]\n|-damage|p2a: Jirachi|0 fnt\n|faint|p2a: Jirachi\n|\n|upkeep\n|-message|alvar03 forfeited.\n|\n|win|xiaoanzi\n|raw|xiaoanzi's rating: 1646 &rarr; <strong>1666<\/strong><br \/>(+20 for winning)\n|raw|alvar03's rating: 1649 &rarr; <strong>1629<\/strong><br \/>(-20 for losing)\n|l|\u2606alvar03\n|l| jijijijiijjijiji\n||Ladder isn't responding, score probably updated but might not have (Request timeout).\n","uploadtime":1661870274,"views":4,"p1id":"xiaoanzi","p2id":"alvar03","formatid":"gen7ou","rating":1629,"private":0,"password":null}