{"id":"gen7ou-546284169","p1":"Candice","p2":"youtube red","format":"gen7ou","log":"|j|Candice\n|j|youtube red\n|player|p1|Candice|36\n|player|p2|youtube red|1\n|gametype|singles\n|gen|7\n|tier|[Gen 7] OU\n|rated\n|seed|37049,63557,24198,15493\n|clearpoke\n|poke|p1|Pelipper, F|item\n|poke|p1|Scizor, F|item\n|poke|p1|Tornadus-Therian, M|item\n|poke|p1|Kingdra, M|item\n|poke|p1|Ferrothorn, F|item\n|poke|p1|Landorus-Therian, M|item\n|poke|p2|Kyurem-Black|item\n|poke|p2|Jirachi|item\n|poke|p2|Tapu Koko|item\n|poke|p2|Scizor, M|item\n|poke|p2|Landorus-Therian, M|item\n|poke|p2|Mimikyu, F|item\n|rule|Baton Pass Clause: Limit one Baton Passer, can't pass Spe and other stats simultaneously\n|rule|Sleep Clause Mod: Limit one foe put to sleep\n|rule|Species Clause: Limit one of each Pok\u00e9mon\n|rule|OHKO Clause: OHKO moves are banned\n|rule|Moody Clause: Moody is banned\n|rule|Evasion Moves Clause: Evasion moves are banned\n|rule|Endless Battle Clause: Forcing endless battles is banned\n|rule|HP Percentage Mod: HP is shown in percentages\n|teampreview\n|choice|team 5, team 2, team 3, team 4, team 1, team 6|team 1, team 2, team 3, team 4, team 5, team 6\n|\n|start\n|switch|p1a: Ferrothorn|Ferrothorn, F|352\/352\n|switch|p2a: Kyurem|Kyurem-Black|454\/454\n|-ability|p2a: Kyurem|Teravolt\n|turn|1\n|choice|move thunderwave|move icebeam\n|\n|move|p2a: Kyurem|Ice Beam|p1a: Ferrothorn\n|-damage|p1a: Ferrothorn|226\/352\n|move|p1a: Ferrothorn|Thunder Wave|p2a: Kyurem\n|-status|p2a: Kyurem|par\n|\n|-heal|p1a: Ferrothorn|248\/352|[from] item: Leftovers\n|upkeep\n|turn|2\n|choice|move leechseed|move hiddenpower\n|\n|cant|p2a: Kyurem|par\n|move|p1a: Ferrothorn|Leech Seed|p2a: Kyurem\n|-start|p2a: Kyurem|move: Leech Seed\n|\n|-heal|p1a: Ferrothorn|270\/352|[from] item: Leftovers\n|-damage|p2a: Kyurem|398\/454 par|[from] Leech Seed|[of] p1a: Ferrothorn\n|-heal|p1a: Ferrothorn|326\/352|[silent]\n|upkeep\n|turn|3\n|choice|move leechseed|move icebeam\n|\n|cant|p2a: Kyurem|par\n|move|p1a: Ferrothorn|Leech Seed|p2a: Kyurem\n|-fail|p2a: Kyurem\n|\n|-heal|p1a: Ferrothorn|348\/352|[from] item: Leftovers\n|-damage|p2a: Kyurem|342\/454 par|[from] Leech Seed|[of] p1a: Ferrothorn\n|-heal|p1a: Ferrothorn|352\/352|[silent]\n|upkeep\n|turn|4\n|choice|switch 5|move icebeam\n|\n|switch|p1a: Pelipper|Pelipper, F|323\/323\n|-weather|RainDance|[from] ability: Drizzle|[of] p1a: Pelipper\n|cant|p2a: Kyurem|par\n|\n|-weather|RainDance|[upkeep]\n|-damage|p2a: Kyurem|286\/454 par|[from] Leech Seed|[of] p1a: Pelipper\n|upkeep\n|turn|5\n|c|\u2606Candice|lol\n|c|\u2606youtube red|oml\n|choice|move uturn|move fusionbolt zmove\n|\n|move|p1a: Pelipper|U-turn|p2a: Kyurem\n|-damage|p2a: Kyurem|258\/454 par\n|choice|switch 2|\n|\n|switch|p1a: Iris|Scizor, F|343\/343\n|cant|p2a: Kyurem|par\n|\n|-weather|RainDance|[upkeep]\n|-damage|p2a: Kyurem|202\/454 par|[from] Leech Seed|[of] p1a: Iris\n|upkeep\n|turn|6\n|c|\u2606Candice|rolf\n|c|\u2606youtube red|dude\n|choice|move swordsdance mega|move hiddenpower\n|\n|detailschange|p1a: Iris|Scizor-Mega, F\n|-mega|p1a: Iris|Scizor|Scizorite\n|move|p1a: Iris|Swords Dance|p1a: Iris\n|-boost|p1a: Iris|atk|2\n|cant|p2a: Kyurem|par\n|\n|-weather|RainDance|[upkeep]\n|-damage|p2a: Kyurem|146\/454 par|[from] Leech Seed|[of] p1a: Iris\n|upkeep\n|turn|7\n|c|\u2606Candice|well\n|c|\u2606Candice|excuse my pokes\n|c|\u2606Candice|I can't control them\n|c|\u2606youtube red|ok. I have hp fire. I would have blown this away and the ferro too\n|c|\u2606Candice|you should tame your kyurem though\n|choice|move swordsdance|move hiddenpower\n|\n|move|p1a: Iris|Swords Dance|p1a: Iris\n|-boost|p1a: Iris|atk|2\n|move|p2a: Kyurem|Hidden Power|p1a: Iris\n|-supereffective|p1a: Iris\n|-damage|p1a: Iris|207\/343\n|\n|-weather|RainDance|[upkeep]\n|-damage|p2a: Kyurem|90\/454 par|[from] Leech Seed|[of] p1a: Iris\n|-heal|p1a: Iris|263\/343|[silent]\n|upkeep\n|turn|8\n|c|\u2606youtube red|maybe not ahaha\n|c|\u2606Candice|haha\n|c|\u2606youtube red|this is still redic tho\n|c|\u2606Candice|Yeah I guess you had that\n|c|\u2606Candice|I know...\n|choice|move swordsdance|move fusionbolt zmove\n|\n|move|p1a: Iris|Swords Dance|p1a: Iris\n|-boost|p1a: Iris|atk|2\n|cant|p2a: Kyurem|par\n|\n|-weather|RainDance|[upkeep]\n|-damage|p2a: Kyurem|34\/454 par|[from] Leech Seed|[of] p1a: Iris\n|-heal|p1a: Iris|319\/343|[silent]\n|upkeep\n|turn|9\n|c|\u2606Candice|omg\n|c|\u2606youtube red|oml. gg\n|choice|move bulletpunch|move fusionbolt zmove\n|\n|move|p1a: Iris|Bullet Punch|p2a: Kyurem\n|-supereffective|p2a: Kyurem\n|-damage|p2a: Kyurem|0 fnt\n|faint|p2a: Kyurem\n|\n|-weather|RainDance|[upkeep]\n|upkeep\n|-message|youtube red forfeited.\n|\n|win|Candice\n|player|p1\n|player|p2\n|l|youtube red","inputlog":null,"uploadtime":1489340448,"views":0,"p1id":"candice","p2id":"youtubered","formatid":"gen7ou","rating":0,"private":0,"password":null}