{"id":"gen7ou-1698505057","p1":"badalakazam","p2":"Philein","format":"gen7ou","log":"|j|\u2606badalakazam\n|j|\u2606Philein\n|t:|1667132654\n|gametype|singles\n|player|p1|badalakazam|ethan|1559\n|player|p2|Philein|olivia|1647\n|teamsize|p1|6\n|teamsize|p2|6\n|gen|7\n|tier|[Gen 7] OU\n|rated|\n|rule|Sleep Clause Mod: Limit one foe put to sleep\n|rule|Species Clause: Limit one of each Pok\u00e9mon\n|rule|OHKO Clause: OHKO moves are banned\n|rule|Moody Clause: Moody is banned\n|rule|Evasion Items Clause: Evasion items are banned\n|rule|Evasion Moves Clause: Evasion moves are banned\n|rule|Endless Battle Clause: Forcing endless battles is banned\n|rule|HP Percentage Mod: HP is shown in percentages\n|clearpoke\n|poke|p1|Tapu Koko|item\n|poke|p1|Mawile, F|item\n|poke|p1|Heatran, F|item\n|poke|p1|Greninja, M|item\n|poke|p1|Landorus-Therian, M|item\n|poke|p1|Serperior, F|item\n|poke|p2|Lopunny, M|item\n|poke|p2|Greninja, M|item\n|poke|p2|Victini|item\n|poke|p2|Landorus-Therian, M|item\n|poke|p2|Ferrothorn, M|item\n|poke|p2|Tapu Fini|item\n|teampreview\n|inactive|Battle timer is ON: inactive players will automatically lose when time's up. (requested by badalakazam)\n|inactive|Philein has 120 seconds left.\n|inactive|Philein has 90 seconds left.\n|\n|t:|1667132760\n|start\n|switch|p1a: Landorus|Landorus-Therian, M|100\/100\n|switch|p2a: Dimitri|Landorus-Therian, M|100\/100\n|-ability|p1a: Landorus|Intimidate|boost\n|-unboost|p2a: Dimitri|atk|1\n|-ability|p2a: Dimitri|Intimidate|boost\n|-unboost|p1a: Landorus|atk|1\n|turn|1\n|\n|t:|1667132764\n|move|p1a: Landorus|Stealth Rock|p2a: Dimitri\n|-sidestart|p2: Philein|move: Stealth Rock\n|move|p2a: Dimitri|Stealth Rock|p1a: Landorus\n|-sidestart|p1: badalakazam|move: Stealth Rock\n|\n|upkeep\n|turn|2\n|\n|t:|1667132767\n|switch|p2a: Nogaret|Ferrothorn, M|100\/100\n|-damage|p2a: Nogaret|95\/100|[from] Stealth Rock\n|move|p1a: Landorus|Hidden Power|p2a: Nogaret\n|-damage|p2a: Nogaret|83\/100\n|\n|-heal|p2a: Nogaret|89\/100|[from] item: Leftovers\n|upkeep\n|turn|3\n|\n|t:|1667132771\n|move|p1a: Landorus|U-turn|p2a: Nogaret\n|-damage|p2a: Nogaret|80\/100\n|-damage|p1a: Landorus|88\/100|[from] ability: Iron Barbs|[of] p2a: Nogaret\n|\n|t:|1667132773\n|switch|p1a: Heatran|Heatran, F|100\/100|[from]move: U-turn\n|-damage|p1a: Heatran|88\/100|[from] Stealth Rock\n|move|p2a: Nogaret|Spikes|p1a: Heatran\n|-sidestart|p1: badalakazam|Spikes\n|\n|-heal|p1a: Heatran|94\/100|[from] item: Leftovers\n|-heal|p2a: Nogaret|86\/100|[from] item: Leftovers\n|upkeep\n|turn|4\n|\n|t:|1667132790\n|switch|p1a: Tapu Koko|Tapu Koko|100\/100\n|-damage|p1a: Tapu Koko|88\/100|[from] Stealth Rock\n|-damage|p1a: Tapu Koko|76\/100|[from] Spikes\n|-fieldstart|move: Electric Terrain|[from] ability: Electric Surge|[of] p1a: Tapu Koko\n|switch|p2a: Alexandre|Greninja, M|100\/100\n|-damage|p2a: Alexandre|88\/100|[from] Stealth Rock\n|\n|upkeep\n|turn|5\n|c|\u2606badalakazam|goom me\n|\n|t:|1667132797\n|switch|p2a: Dimitri|Landorus-Therian, M|100\/100\n|-damage|p2a: Dimitri|88\/100|[from] Stealth Rock\n|-ability|p2a: Dimitri|Intimidate|boost\n|-unboost|p1a: Tapu Koko|atk|1\n|move|p1a: Tapu Koko|Volt Switch|p2a: Dimitri\n|-immune|p2a: Dimitri\n|\n|upkeep\n|turn|6\n|\n|t:|1667132801\n|switch|p1a: Landorus|Landorus-Therian, M|88\/100\n|-damage|p1a: Landorus|76\/100|[from] Stealth Rock\n|-ability|p1a: Landorus|Intimidate|boost\n|-unboost|p2a: Dimitri|atk|1\n|move|p2a: Dimitri|U-turn|p1a: Landorus\n|-resisted|p1a: Landorus\n|-damage|p1a: Landorus|70\/100\n|-damage|p2a: Dimitri|72\/100|[from] item: Rocky Helmet|[of] p1a: Landorus\n|\n|t:|1667132804\n|switch|p2a: Alexandre|Greninja, M|88\/100|[from]move: U-turn\n|-damage|p2a: Alexandre|76\/100|[from] Stealth Rock\n|\n|upkeep\n|turn|7\n|\n|t:|1667132810\n|move|p2a: Alexandre|Ice Beam|p1a: Landorus\n|-start|p2a: Alexandre|typechange|Ice|[from] ability: Protean\n|-supereffective|p1a: Landorus\n|-damage|p1a: Landorus|0 fnt\n|faint|p1a: Landorus\n|\n|upkeep\n|\n|t:|1667132815\n|switch|p1a: Greninja|Greninja, M|100\/100\n|-damage|p1a: Greninja|88\/100|[from] Stealth Rock\n|-damage|p1a: Greninja|76\/100|[from] Spikes\n|turn|8\n|\n|t:|1667132818\n|switch|p2a: Thomas le p\u00eacheur|Tapu Fini|100\/100\n|-damage|p2a: Thomas le p\u00eacheur|88\/100|[from] Stealth Rock\n|-fieldstart|move: Misty Terrain|[from] ability: Misty Surge|[of] p2a: Thomas le p\u00eacheur\n|move|p1a: Greninja|Spikes|p2a: Thomas le p\u00eacheur\n|-sidestart|p2: Philein|Spikes\n|\n|-heal|p2a: Thomas le p\u00eacheur|94\/100|[from] item: Leftovers\n|upkeep\n|turn|9\n|\n|t:|1667132824\n|switch|p1a: Serperior|Serperior, F|100\/100\n|-damage|p1a: Serperior|88\/100|[from] Stealth Rock\n|-damage|p1a: Serperior|76\/100|[from] Spikes\n|move|p2a: Thomas le p\u00eacheur|Scald|p1a: Serperior\n|-resisted|p1a: Serperior\n|-damage|p1a: Serperior|61\/100\n|\n|-heal|p2a: Thomas le p\u00eacheur|100\/100|[from] item: Leftovers\n|upkeep\n|turn|10\n|\n|t:|1667132831\n|switch|p1a: Heatran|Heatran, F|94\/100\n|-damage|p1a: Heatran|82\/100|[from] Stealth Rock\n|-damage|p1a: Heatran|69\/100|[from] Spikes\n|switch|p2a: Nogaret|Ferrothorn, M|86\/100\n|-damage|p2a: Nogaret|80\/100|[from] Stealth Rock\n|-damage|p2a: Nogaret|67\/100|[from] Spikes\n|\n|-heal|p1a: Heatran|76\/100|[from] item: Leftovers\n|-heal|p2a: Nogaret|73\/100|[from] item: Leftovers\n|upkeep\n|turn|11\n|j| CM Reuni\n|\n|t:|1667132838\n|switch|p2a: Alexandre|Greninja, M|76\/100\n|-damage|p2a: Alexandre|64\/100|[from] Stealth Rock\n|-damage|p2a: Alexandre|51\/100|[from] Spikes\n|move|p1a: Heatran|Magma Storm|p2a: Alexandre\n|-resisted|p2a: Alexandre\n|-damage|p2a: Alexandre|17\/100\n|-activate|p2a: Alexandre|move: Magma Storm|[of] p1a: Heatran\n|\n|-heal|p1a: Heatran|82\/100|[from] item: Leftovers\n|-damage|p2a: Alexandre|5\/100|[from] move: Magma Storm|[partiallytrapped]\n|upkeep\n|turn|12\n|\n|t:|1667132853\n|switch|p1a: Greninja|Greninja, M|76\/100\n|-damage|p1a: Greninja|64\/100|[from] Stealth Rock\n|-damage|p1a: Greninja|51\/100|[from] Spikes\n|-zpower|p2a: Alexandre\n|move|p2a: Alexandre|Tectonic Rage|p1a: Greninja|[zeffect]\n|-start|p2a: Alexandre|typechange|Ground|[from] ability: Protean\n|-damage|p1a: Greninja|0 fnt\n|faint|p1a: Greninja\n|\n|-end|p2a: Alexandre|Magma Storm|[partiallytrapped]|[silent]\n|-fieldend|Misty Terrain\n|upkeep\n|\n|t:|1667132861\n|switch|p1a: Tapu Koko|Tapu Koko|76\/100\n|-damage|p1a: Tapu Koko|63\/100|[from] Stealth Rock\n|-damage|p1a: Tapu Koko|51\/100|[from] Spikes\n|-fieldstart|move: Electric Terrain|[from] ability: Electric Surge|[of] p1a: Tapu Koko\n|turn|13\n|\n|t:|1667132867\n|switch|p2a: Nogaret|Ferrothorn, M|73\/100\n|-damage|p2a: Nogaret|67\/100|[from] Stealth Rock\n|-damage|p2a: Nogaret|55\/100|[from] Spikes\n|move|p1a: Tapu Koko|Dazzling Gleam|p2a: Nogaret\n|-resisted|p2a: Nogaret\n|-damage|p2a: Nogaret|33\/100\n|\n|-heal|p2a: Nogaret|39\/100|[from] item: Leftovers\n|upkeep\n|turn|14\n|\n|t:|1667132875\n|switch|p1a: Heatran|Heatran, F|82\/100\n|-damage|p1a: Heatran|69\/100|[from] Stealth Rock\n|-damage|p1a: Heatran|57\/100|[from] Spikes\n|move|p2a: Nogaret|Leech Seed|p1a: Heatran\n|-start|p1a: Heatran|move: Leech Seed\n|\n|-heal|p1a: Heatran|63\/100|[from] item: Leftovers\n|-heal|p2a: Nogaret|45\/100|[from] item: Leftovers\n|-damage|p1a: Heatran|51\/100|[from] Leech Seed|[of] p2a: Nogaret\n|-heal|p2a: Nogaret|59\/100|[silent]\n|upkeep\n|turn|15\n|\n|t:|1667132879\n|switch|p1a: Tapu Koko|Tapu Koko|51\/100\n|-damage|p1a: Tapu Koko|38\/100|[from] Stealth Rock\n|-damage|p1a: Tapu Koko|26\/100|[from] Spikes\n|switch|p2a: Alexandre|Greninja, M|5\/100\n|-damage|p2a: Alexandre|0 fnt|[from] Stealth Rock\n|faint|p2a: Alexandre\n|\n|upkeep\n|j| PIDB\n|\n|t:|1667132881\n|switch|p2a: . . .|Lopunny, M|100\/100\n|-damage|p2a: . . .|88\/100|[from] Stealth Rock\n|-damage|p2a: . . .|76\/100|[from] Spikes\n|turn|16\n|\n|t:|1667132889\n|detailschange|p2a: . . .|Lopunny-Mega, M\n|-mega|p2a: . . .|Lopunny|Lopunnite\n|move|p2a: . . .|Fake Out|p1a: Tapu Koko\n|-damage|p1a: Tapu Koko|0 fnt\n|faint|p1a: Tapu Koko\n|\n|upkeep\n|\n|t:|1667132893\n|switch|p1a: Mawile|Mawile, F|100\/100\n|-damage|p1a: Mawile|94\/100|[from] Stealth Rock\n|-damage|p1a: Mawile|82\/100|[from] Spikes\n|-ability|p1a: Mawile|Intimidate|boost\n|-unboost|p2a: . . .|atk|1\n|turn|17\n|\n|t:|1667132902\n|switch|p2a: Dimitri|Landorus-Therian, M|72\/100\n|-damage|p2a: Dimitri|59\/100|[from] Stealth Rock\n|-ability|p2a: Dimitri|Intimidate|boost\n|-unboost|p1a: Mawile|atk|1\n|detailschange|p1a: Mawile|Mawile-Mega, F\n|-mega|p1a: Mawile|Mawile|Mawilite\n|move|p1a: Mawile|Play Rough|p2a: Dimitri\n|-damage|p2a: Dimitri|14\/100\n|-damage|p1a: Mawile|65\/100|[from] item: Rocky Helmet|[of] p2a: Dimitri\n|\n|-fieldend|move: Electric Terrain\n|upkeep\n|turn|18\n|\n|t:|1667132918\n|move|p2a: Dimitri|Earthquake|p1a: Mawile\n|-supereffective|p1a: Mawile\n|-damage|p1a: Mawile|0 fnt\n|faint|p1a: Mawile\n|\n|upkeep\n|\n|t:|1667132921\n|switch|p1a: Serperior|Serperior, F|61\/100\n|-damage|p1a: Serperior|49\/100|[from] Stealth Rock\n|-damage|p1a: Serperior|36\/100|[from] Spikes\n|turn|19\n|j| Zedd Nikki\n|\n|t:|1667132924\n|move|p1a: Serperior|Leaf Storm|p2a: Dimitri\n|-damage|p2a: Dimitri|0 fnt\n|-boost|p1a: Serperior|spa|2\n|faint|p2a: Dimitri\n|\n|upkeep\n|\n|t:|1667132926\n|switch|p2a: . . .|Lopunny-Mega, M|76\/100\n|-damage|p2a: . . .|70\/100|[from] Stealth Rock\n|-damage|p2a: . . .|58\/100|[from] Spikes\n|turn|20\n|\n|t:|1667132932\n|switch|p1a: Heatran|Heatran, F|51\/100\n|-damage|p1a: Heatran|38\/100|[from] Stealth Rock\n|-damage|p1a: Heatran|26\/100|[from] Spikes\n|move|p2a: . . .|Fake Out|p1a: Heatran\n|-resisted|p1a: Heatran\n|-damage|p1a: Heatran|16\/100\n|\n|-heal|p1a: Heatran|22\/100|[from] item: Leftovers\n|upkeep\n|turn|21\n|\n|t:|1667132937\n|move|p2a: . . .|High Jump Kick|p1a: Heatran\n|-supereffective|p1a: Heatran\n|-damage|p1a: Heatran|0 fnt\n|faint|p1a: Heatran\n|\n|upkeep\n|\n|t:|1667132939\n|switch|p1a: Serperior|Serperior, F|36\/100\n|-damage|p1a: Serperior|24\/100|[from] Stealth Rock\n|-damage|p1a: Serperior|11\/100|[from] Spikes\n|turn|22\n|\n|t:|1667132944\n|move|p2a: . . .|Quick Attack|p1a: Serperior\n|-damage|p1a: Serperior|0 fnt\n|faint|p1a: Serperior\n|\n|win|Philein\n|raw|badalakazam's rating: 1559 &rarr; <strong>1544<\/strong><br \/>(-15 for losing)\n|raw|Philein's rating: 1647 &rarr; <strong>1662<\/strong><br \/>(+15 for winning)\n|l| PIDB\n|l| Zedd Nikki\n||Ladder isn't responding, score probably updated but might not have (Request timeout).\n","uploadtime":1667132959,"views":16,"p1id":"badalakazam","p2id":"philein","formatid":"gen7ou","rating":1544,"private":0,"password":null}