{"id":"gen7ou-1225076520","p1":"LT71LX Allistair","p2":"Ayante","format":"gen7ou","log":"|j|\u2606LT71LX Allistair\n|j|\u2606Ayante\n|t:|1605561228\n|player|p1|LT71LX Allistair|170|\n|player|p2|Ayante|koga|\n|teamsize|p1|6\n|teamsize|p2|6\n|gametype|singles\n|gen|7\n|tier|[Gen 7] OU\n|rated|Tournament battle\n|clearpoke\n|poke|p1|Blissey, F|item\n|poke|p1|Toxapex, F|item\n|poke|p1|Sableye, F|item\n|poke|p1|Clefable, M|item\n|poke|p1|Reuniclus, F|item\n|poke|p1|Tangrowth, M|item\n|poke|p2|Scizor, F|item\n|poke|p2|Latios, M|item\n|poke|p2|Marowak-Alola, M|item\n|poke|p2|Tapu Fini|item\n|poke|p2|Landorus-Therian, M|item\n|poke|p2|Kartana|item\n|rule|Sleep Clause Mod: Limit one foe put to sleep\n|rule|Species Clause: Limit one of each Pok\u00e9mon\n|rule|OHKO Clause: OHKO moves are banned\n|rule|Moody Clause: Moody is banned\n|rule|Evasion Moves Clause: Evasion moves are banned\n|rule|Endless Battle Clause: Forcing endless battles is banned\n|rule|HP Percentage Mod: HP is shown in percentages\n|teampreview\n|j| znqq\n|j| BigBandedBagon\n|j| BandedPex\n|\n|t:|1605561238\n|start\n|switch|p1a: Sableye|Sableye, F|100\/100\n|switch|p2a: Tapu Fini|Tapu Fini|100\/100\n|-fieldstart|move: Misty Terrain|[from] ability: Misty Surge|[of] p2a: Tapu Fini\n|turn|1\n|\n|t:|1605561242\n|detailschange|p1a: Sableye|Sableye-Mega, F\n|-mega|p1a: Sableye|Sableye|Sablenite\n|move|p1a: Sableye|Protect|p1a: Sableye\n|-singleturn|p1a: Sableye|Protect\n|move|p2a: Tapu Fini|Moonblast|p1a: Sableye\n|-activate|p1a: Sableye|move: Protect\n|\n|upkeep\n|turn|2\n|\n|t:|1605561245\n|switch|p2a: Marowak|Marowak-Alola, M|100\/100\n|switch|p1a: Reuniclus|Reuniclus, F|100\/100\n|\n|upkeep\n|turn|3\n|j| I quit the game\n|j| EquineHen\n|\n|t:|1605561258\n|switch|p1a: Toxapex|Toxapex, F|100\/100\n|move|p2a: Marowak|Swords Dance|p2a: Marowak\n|-boost|p2a: Marowak|atk|2\n|\n|upkeep\n|turn|4\n|j| out im trash\n|\n|t:|1605561267\n|move|p2a: Marowak|Shadow Bone|p1a: Toxapex\n|-damage|p1a: Toxapex|22\/100\n|-unboost|p1a: Toxapex|def|1\n|move|p1a: Toxapex|Scald|p2a: Marowak\n|-supereffective|p2a: Marowak\n|-damage|p2a: Marowak|57\/100\n|\n|upkeep\n|turn|5\n|\n|t:|1605561293\n|move|p2a: Marowak|Fire Punch|p1a: Toxapex\n|-resisted|p1a: Toxapex\n|-damage|p1a: Toxapex|0 fnt\n|-damage|p2a: Marowak|41\/100|[from] item: Rocky Helmet|[of] p1a: Toxapex\n|faint|p1a: Toxapex\n|\n|-fieldend|Misty Terrain\n|upkeep\n|\n|t:|1605561309\n|switch|p1a: Clefable|Clefable, M|100\/100\n|turn|6\n|\n|t:|1605561313\n|move|p2a: Marowak|Shadow Bone|p1a: Clefable\n|-damage|p1a: Clefable|49\/100\n|move|p1a: Clefable|Moonblast|p2a: Marowak\n|-resisted|p2a: Marowak\n|-damage|p2a: Marowak|19\/100\n|\n|-heal|p1a: Clefable|55\/100|[from] item: Leftovers\n|upkeep\n|turn|7\n|\n|t:|1605561322\n|move|p1a: Clefable|Protect|p1a: Clefable\n|-singleturn|p1a: Clefable|Protect\n|move|p2a: Marowak|Shadow Bone|p1a: Clefable\n|-activate|p1a: Clefable|move: Protect\n|\n|-heal|p1a: Clefable|61\/100|[from] item: Leftovers\n|upkeep\n|turn|8\n|\n|t:|1605561333\n|move|p2a: Marowak|Shadow Bone|p1a: Clefable\n|-damage|p1a: Clefable|7\/100\n|move|p1a: Clefable|Wish|p1a: Clefable\n|\n|-heal|p1a: Clefable|13\/100|[from] item: Leftovers\n|upkeep\n|turn|9\n|\n|t:|1605561341\n|move|p1a: Clefable|Protect|p1a: Clefable\n|-singleturn|p1a: Clefable|Protect\n|move|p2a: Marowak|Shadow Bone|p1a: Clefable\n|-activate|p1a: Clefable|move: Protect\n|\n|-heal|p1a: Clefable|63\/100|[from] move: Wish|[wisher] Clefable\n|-heal|p1a: Clefable|69\/100|[from] item: Leftovers\n|upkeep\n|turn|10\n|\n|t:|1605561352\n|move|p2a: Marowak|Shadow Bone|p1a: Clefable\n|-damage|p1a: Clefable|12\/100\n|move|p1a: Clefable|Moonblast|p2a: Marowak\n|-resisted|p2a: Marowak\n|-damage|p2a: Marowak|0 fnt\n|faint|p2a: Marowak\n|\n|-heal|p1a: Clefable|18\/100|[from] item: Leftovers\n|upkeep\n|\n|t:|1605561360\n|switch|p2a: Tapu Fini|Tapu Fini|100\/100\n|-fieldstart|move: Misty Terrain|[from] ability: Misty Surge|[of] p2a: Tapu Fini\n|turn|11\n|j| skiwee\n|\n|t:|1605561364\n|move|p1a: Clefable|Protect|p1a: Clefable\n|-singleturn|p1a: Clefable|Protect\n|move|p2a: Tapu Fini|Moonblast|p1a: Clefable\n|-activate|p1a: Clefable|move: Protect\n|\n|-heal|p1a: Clefable|24\/100|[from] item: Leftovers\n|upkeep\n|turn|12\n|\n|t:|1605561368\n|switch|p1a: Reuniclus|Reuniclus, F|100\/100\n|move|p2a: Tapu Fini|Moonblast|p1a: Reuniclus\n|-damage|p1a: Reuniclus|83\/100\n|\n|upkeep\n|turn|13\n|\n|t:|1605561373\n|switch|p2a: Scizor|Scizor, F|100\/100\n|move|p1a: Reuniclus|Knock Off|p2a: Scizor\n|-damage|p2a: Scizor|91\/100\n|\n|upkeep\n|turn|14\n|\n|t:|1605561378\n|switch|p1a: Sableye|Sableye-Mega, F|100\/100\n|detailschange|p2a: Scizor|Scizor-Mega, F\n|-mega|p2a: Scizor|Scizor|Scizorite\n|move|p2a: Scizor|U-turn|p1a: Sableye\n|-damage|p1a: Sableye|62\/100\n|\n|t:|1605561410\n|switch|p2a: Tapu Fini|Tapu Fini|100\/100|[from]move: U-turn\n|\n|upkeep\n|turn|15\n|\n|t:|1605561415\n|switch|p1a: Reuniclus|Reuniclus, F|100\/100\n|move|p2a: Tapu Fini|Moonblast|p1a: Reuniclus\n|-damage|p1a: Reuniclus|81\/100\n|-unboost|p1a: Reuniclus|spa|1\n|\n|-fieldend|Misty Terrain\n|upkeep\n|turn|16\n|\n|t:|1605561420\n|switch|p2a: Scizor|Scizor-Mega, F|91\/100\n|move|p1a: Reuniclus|Night Shade|p2a: Scizor\n|-damage|p2a: Scizor|62\/100\n|\n|upkeep\n|turn|17\n|\n|t:|1605561428\n|switch|p1a: Tangrowth|Tangrowth, M|100\/100\n|move|p2a: Scizor|U-turn|p1a: Tangrowth\n|-supereffective|p1a: Tangrowth\n|-damage|p1a: Tangrowth|59\/100\n|\n|t:|1605561433\n|switch|p2a: Tapu Fini|Tapu Fini|100\/100|[from]move: U-turn\n|-fieldstart|move: Misty Terrain|[from] ability: Misty Surge|[of] p2a: Tapu Fini\n|\n|-heal|p1a: Tangrowth|65\/100|[from] item: Leftovers\n|upkeep\n|turn|18\n|\n|t:|1605561442\n|switch|p1a: Reuniclus|Reuniclus, F|100\/100\n|move|p2a: Tapu Fini|Moonblast|p1a: Reuniclus\n|-damage|p1a: Reuniclus|83\/100\n|-unboost|p1a: Reuniclus|spa|1\n|\n|upkeep\n|turn|19\n|\n|t:|1605561447\n|switch|p2a: Scizor|Scizor-Mega, F|62\/100\n|move|p1a: Reuniclus|Night Shade|p2a: Scizor\n|-damage|p2a: Scizor|33\/100\n|\n|upkeep\n|turn|20\n|\n|t:|1605561454\n|switch|p1a: Tangrowth|Tangrowth, M|98\/100\n|move|p2a: Scizor|Roost|p2a: Scizor\n|-heal|p2a: Scizor|83\/100\n|-singleturn|p2a: Scizor|move: Roost\n|\n|-heal|p1a: Tangrowth|100\/100|[from] item: Leftovers\n|upkeep\n|turn|21\n|\n|t:|1605561464\n|move|p2a: Scizor|Swords Dance|p2a: Scizor\n|-boost|p2a: Scizor|atk|2\n|move|p1a: Tangrowth|Infestation|p2a: Scizor\n|-resisted|p2a: Scizor\n|-damage|p2a: Scizor|80\/100\n|-activate|p2a: Scizor|move: Infestation|[of] p1a: Tangrowth\n|\n|-damage|p2a: Scizor|68\/100|[from] move: Infestation|[partiallytrapped]\n|-fieldend|Misty Terrain\n|upkeep\n|turn|22\n|\n|t:|1605561474\n|move|p2a: Scizor|U-turn|p1a: Tangrowth\n|-supereffective|p1a: Tangrowth\n|-damage|p1a: Tangrowth|15\/100\n|\n|t:|1605561477\n|switch|p2a: Tapu Fini|Tapu Fini|100\/100|[from]move: U-turn\n|-fieldstart|move: Misty Terrain|[from] ability: Misty Surge|[of] p2a: Tapu Fini\n|move|p1a: Tangrowth|Leech Seed|p2a: Tapu Fini\n|-start|p2a: Tapu Fini|move: Leech Seed\n|\n|-heal|p1a: Tangrowth|22\/100|[from] item: Leftovers\n|-damage|p2a: Tapu Fini|88\/100|[from] Leech Seed|[of] p1a: Tangrowth\n|-heal|p1a: Tangrowth|32\/100|[silent]\n|upkeep\n|turn|23\n|\n|t:|1605561491\n|switch|p2a: Scizor|Scizor-Mega, F|68\/100\n|switch|p1a: Reuniclus|Reuniclus, F|100\/100\n|\n|upkeep\n|turn|24\n|-message|LT71LX Allistair forfeited.\n|\n|win|Ayante\n|l|\u2606LT71LX Allistair\n|l| EquineHen\n|l| BandedPex\n|l| skiwee\n|l| BigBandedBagon\n|l| znqq\n","uploadtime":1605561904,"views":26,"p1id":"lt71lxallistair","p2id":"ayante","formatid":"gen7ou","rating":0,"private":0,"password":null}