{"id":"gen7ubers-1660107251","p1":"chansey and lulu","p2":"Gloom0201","format":"gen7ubers","log":"|j|\u2606chansey and lulu\n|j|\u2606Gloom0201\n|t:|1662740090\n|gametype|singles\n|player|p1|chansey and lulu|hooligans|1140\n|player|p2|Gloom0201|cynthia-gen4|1139\n|teamsize|p1|6\n|teamsize|p2|6\n|gen|7\n|tier|[Gen 7] Ubers\n|rated|\n|rule|Sleep Clause Mod: Limit one foe put to sleep\n|rule|Species Clause: Limit one of each Pok\u00e9mon\n|rule|OHKO Clause: OHKO moves are banned\n|rule|Moody Clause: Moody is banned\n|rule|Evasion Items Clause: Evasion items are banned\n|rule|Evasion Moves Clause: Evasion moves are banned\n|rule|Endless Battle Clause: Forcing endless battles is banned\n|rule|HP Percentage Mod: HP is shown in percentages\n|rule|Mega Rayquaza Clause: You cannot mega evolve Rayquaza\n|clearpoke\n|poke|p1|Mewtwo|item\n|poke|p1|Groudon|item\n|poke|p1|Arceus-*|item\n|poke|p1|Yveltal|item\n|poke|p1|Necrozma-Dusk-Mane|item\n|poke|p1|Marshadow|item\n|poke|p2|Serperior, F|item\n|poke|p2|Mawile, F|item\n|poke|p2|Weavile, M|item\n|poke|p2|Garchomp, M|item\n|poke|p2|Mimikyu, F|item\n|poke|p2|Charizard, F|item\n|teampreview\n|\n|t:|1662740096\n|start\n|switch|p1a: Groudon|Groudon|100\/100\n|switch|p2a: Ivy|Serperior, F|100\/100\n|detailschange|p1a: Groudon|Groudon-Primal\n|-primal|p1a: Groudon\n|-weather|DesolateLand|[from] ability: Desolate Land|[of] p1a: Groudon\n|turn|1\n|\n|t:|1662740105\n|move|p2a: Ivy|Leaf Storm|p1a: Groudon\n|-damage|p1a: Groudon|58\/100\n|-boost|p2a: Ivy|spa|2\n|move|p1a: Groudon|Overheat|p2a: Ivy\n|-supereffective|p2a: Ivy\n|-damage|p2a: Ivy|0 fnt\n|-unboost|p1a: Groudon|spa|2\n|faint|p2a: Ivy\n|\n|-weather|DesolateLand|[upkeep]\n|upkeep\n|\n|t:|1662740116\n|switch|p2a: Lio|Garchomp, M|100\/100\n|turn|2\n|\n|t:|1662740120\n|-weather|none\n|switch|p1a: Arceus|Arceus-Fairy|100\/100\n|move|p2a: Lio|Earthquake|p1a: Arceus\n|-damage|p1a: Arceus|69\/100\n|\n|upkeep\n|turn|3\n|\n|t:|1662740131\n|move|p2a: Lio|Earthquake|p1a: Arceus\n|-damage|p1a: Arceus|39\/100\n|move|p1a: Arceus|Recover|p1a: Arceus\n|-heal|p1a: Arceus|89\/100\n|\n|upkeep\n|turn|4\n|\n|t:|1662740144\n|switch|p2a: Chi|Mawile, F|100\/100\n|-ability|p2a: Chi|Intimidate|boost\n|-unboost|p1a: Arceus|atk|1\n|move|p1a: Arceus|Toxic|p2a: Chi\n|-immune|p2a: Chi\n|\n|upkeep\n|turn|5\n|\n|t:|1662740153\n|switch|p1a: Necrozma|Necrozma-Dusk-Mane|100\/100\n|detailschange|p2a: Chi|Mawile-Mega, F\n|-mega|p2a: Chi|Mawile|Mawilite\n|move|p2a: Chi|Thunder Punch|p1a: Necrozma\n|-damage|p1a: Necrozma|67\/100\n|\n|upkeep\n|turn|6\n|\n|t:|1662740163\n|move|p2a: Chi|Sucker Punch||[still]\n|-fail|p2a: Chi\n|move|p1a: Necrozma|Swords Dance|p1a: Necrozma\n|-boost|p1a: Necrozma|atk|2\n|\n|upkeep\n|turn|7\n|\n|t:|1662740172\n|move|p1a: Necrozma|Moonlight|p1a: Necrozma\n|-heal|p1a: Necrozma|100\/100\n|move|p2a: Chi|Play Rough|p1a: Necrozma\n|-resisted|p1a: Necrozma\n|-damage|p1a: Necrozma|68\/100\n|\n|upkeep\n|turn|8\n|\n|t:|1662740179\n|move|p1a: Necrozma|Swords Dance|p1a: Necrozma\n|-boost|p1a: Necrozma|atk|2\n|move|p2a: Chi|Thunder Punch|p1a: Necrozma\n|-damage|p1a: Necrozma|34\/100\n|\n|upkeep\n|turn|9\n|\n|t:|1662740186\n|move|p2a: Chi|Sucker Punch||[still]\n|-fail|p2a: Chi\n|move|p1a: Necrozma|Moonlight|p1a: Necrozma\n|-heal|p1a: Necrozma|84\/100\n|\n|upkeep\n|turn|10\n|\n|t:|1662740195\n|move|p1a: Necrozma|Sunsteel Strike|p2a: Chi\n|-damage|p2a: Chi|0 fnt\n|faint|p2a: Chi\n|\n|upkeep\n|\n|t:|1662740202\n|switch|p2a: Charizard|Charizard, F, shiny|100\/100\n|turn|11\n|\n|t:|1662740219\n|switch|p1a: Yveltal|Yveltal|100\/100\n|-ability|p1a: Yveltal|Dark Aura\n|move|p2a: Charizard|Solar Beam||[still]\n|-prepare|p2a: Charizard|Solar Beam\n|\n|upkeep\n|turn|12\n|\n|t:|1662740228\n|move|p2a: Charizard|Solar Beam|p1a: Yveltal|[from]lockedmove\n|-resisted|p1a: Yveltal\n|-damage|p1a: Yveltal|87\/100\n|move|p1a: Yveltal|Toxic|p2a: Charizard\n|-status|p2a: Charizard|tox\n|\n|-heal|p1a: Yveltal|93\/100|[from] item: Leftovers\n|-damage|p2a: Charizard|94\/100 tox|[from] psn\n|upkeep\n|turn|13\n|\n|t:|1662740239\n|move|p2a: Charizard|Flamethrower|p1a: Yveltal\n|-damage|p1a: Yveltal|65\/100\n|move|p1a: Yveltal|Roost|p1a: Yveltal\n|-heal|p1a: Yveltal|100\/100\n|-singleturn|p1a: Yveltal|move: Roost\n|\n|-heal|p2a: Charizard|100\/100 tox|[from] item: Leftovers\n|-damage|p2a: Charizard|88\/100 tox|[from] psn\n|upkeep\n|turn|14\n|\n|t:|1662740250\n|move|p2a: Charizard|Flamethrower|p1a: Yveltal\n|-damage|p1a: Yveltal|73\/100\n|move|p1a: Yveltal|Toxic|p2a: Charizard\n|-fail|p2a: Charizard|tox\n|\n|-heal|p2a: Charizard|94\/100 tox|[from] item: Leftovers\n|-heal|p1a: Yveltal|79\/100|[from] item: Leftovers\n|-damage|p2a: Charizard|76\/100 tox|[from] psn\n|upkeep\n|turn|15\n|\n|t:|1662740263\n|switch|p2a: Mimikyu|Mimikyu, F|100\/100\n|move|p1a: Yveltal|Roost|p1a: Yveltal\n|-heal|p1a: Yveltal|100\/100\n|-singleturn|p1a: Yveltal|move: Roost\n|\n|upkeep\n|turn|16\n|\n|t:|1662740273\n|-zpower|p2a: Mimikyu\n|move|p2a: Mimikyu|Let's Snuggle Forever|p1a: Yveltal|[zeffect]\n|-supereffective|p1a: Yveltal\n|-damage|p1a: Yveltal|0 fnt\n|faint|p1a: Yveltal\n|\n|upkeep\n|\n|t:|1662740283\n|switch|p1a: Necrozma|Necrozma-Dusk-Mane|84\/100\n|turn|17\n|\n|t:|1662740289\n|move|p2a: Mimikyu|Shadow Sneak|p1a: Necrozma\n|-supereffective|p1a: Necrozma\n|-damage|p1a: Necrozma|68\/100\n|move|p1a: Necrozma|Sunsteel Strike|p2a: Mimikyu\n|-supereffective|p2a: Mimikyu\n|-damage|p2a: Mimikyu|0 fnt\n|faint|p2a: Mimikyu\n|\n|upkeep\n|\n|t:|1662740300\n|switch|p2a: Lio|Garchomp, M|100\/100\n|turn|18\n|\n|t:|1662740305\n|switch|p1a: Arceus|Arceus-Fairy|89\/100\n|move|p2a: Lio|Outrage|p1a: Arceus\n|-immune|p1a: Arceus\n|\n|upkeep\n|turn|19\n|\n|t:|1662740312\n|switch|p2a: Charizard|Charizard, F, shiny|76\/100 tox\n|move|p1a: Arceus|Toxic|p2a: Charizard\n|-fail|p2a: Charizard|tox\n|\n|-heal|p2a: Charizard|82\/100 tox|[from] item: Leftovers\n|-damage|p2a: Charizard|76\/100 tox|[from] psn\n|upkeep\n|turn|20\n|\n|t:|1662740327\n|move|p1a: Arceus|Judgment|p2a: Charizard\n|-resisted|p2a: Charizard\n|-damage|p2a: Charizard|44\/100 tox\n|move|p2a: Charizard|Flamethrower|p1a: Arceus\n|-damage|p1a: Arceus|63\/100\n|\n|-heal|p2a: Charizard|50\/100 tox|[from] item: Leftovers\n|-damage|p2a: Charizard|38\/100 tox|[from] psn\n|upkeep\n|turn|21\n|\n|t:|1662740337\n|move|p1a: Arceus|Recover|p1a: Arceus\n|-heal|p1a: Arceus|100\/100\n|move|p2a: Charizard|Air Slash|p1a: Arceus|[miss]\n|-miss|p2a: Charizard|p1a: Arceus\n|\n|-heal|p2a: Charizard|44\/100 tox|[from] item: Leftovers\n|-damage|p2a: Charizard|26\/100 tox|[from] psn\n|upkeep\n|turn|22\n|n|!Gloom0201|gloom0201\n|inactive|Battle timer is ON: inactive players will automatically lose when time's up. (requested by Gloom0201)\n|-message|Gloom0201 forfeited.\n|\n|win|chansey and lulu\n|raw|chansey and lulu's rating: 1140 &rarr; <strong>1165<\/strong><br \/>(+25 for winning)\n|raw|Gloom0201's rating: 1139 &rarr; <strong>1114<\/strong><br \/>(-25 for losing)\n|l|!Gloom0201\n||Ladder isn't responding, score probably updated but might not have (Request timeout).\n","uploadtime":1662740359,"views":13,"p1id":"chanseyandlulu","p2id":"gloom0201","formatid":"gen7ubers","rating":1114,"private":0,"password":null}