{"id":"gen7uu-790038378","p1":"BigL91","p2":"zzzzz5","format":"gen7uu","log":"|j|\u2606BigL91\n|j|\u2606zzzzz5\n|player|p1|BigL91|135\n|player|p2|zzzzz5|274\n|teamsize|p1|6\n|teamsize|p2|6\n|gametype|singles\n|gen|7\n|tier|[Gen 7] UU\n|rated|\n|rule|Sleep Clause Mod: Limit one foe put to sleep\n|rule|Species Clause: Limit one of each Pok\u00e9mon\n|rule|OHKO Clause: OHKO moves are banned\n|rule|Moody Clause: Moody is banned\n|rule|Evasion Moves Clause: Evasion moves are banned\n|rule|Endless Battle Clause: Forcing endless battles is banned\n|rule|HP Percentage Mod: HP is shown in percentages\n|clearpoke\n|poke|p1|Aggron, M|item\n|poke|p1|Hydreigon, F|item\n|poke|p1|Sylveon, F|item\n|poke|p1|Tentacruel, F|item\n|poke|p1|Raikou|item\n|poke|p1|Scizor, M|item\n|poke|p2|Dragalge, F|item\n|poke|p2|Scizor, F|item\n|poke|p2|Togekiss, M|item\n|poke|p2|Crawdaunt, M|item\n|poke|p2|Krookodile, F|item\n|poke|p2|Latias, F|item\n|teampreview\n|inactive|Battle timer is ON: inactive players will automatically lose when time's up. (requested by zzzzz5)\n|\n|start\n|switch|p1a: Hydreigon|Hydreigon, F|100\/100\n|switch|p2a: Dragalge|Dragalge, F|100\/100\n|turn|1\n|\n|switch|p2a: Togekiss|Togekiss, M, shiny|100\/100\n|move|p1a: Hydreigon|U-turn|p2a: Togekiss\n|-resisted|p2a: Togekiss\n|-damage|p2a: Togekiss|96\/100\n|inactive|BigL91 has 135 seconds left.\n|\n|switch|p1a: Scizor|Scizor, M|100\/100\n|\n|-heal|p2a: Togekiss|100\/100|[from] item: Leftovers\n|upkeep\n|turn|2\n|\n|move|p2a: Togekiss|Air Slash|p1a: Scizor\n|-damage|p1a: Scizor|39\/100\n|cant|p1a: Scizor|flinch\n|\n|upkeep\n|turn|3\n|\n|switch|p1a: Raikou|Raikou|100\/100\n|-ability|p1a: Raikou|Pressure\n|move|p2a: Togekiss|Air Slash|p1a: Raikou\n|-resisted|p1a: Raikou\n|-damage|p1a: Raikou|79\/100\n|\n|upkeep\n|turn|4\n|\n|switch|p2a: Krookodile|Krookodile, F, shiny|100\/100\n|-ability|p2a: Krookodile|Intimidate|boost\n|-unboost|p1a: Raikou|atk|1\n|move|p1a: Raikou|Hidden Power|p2a: Krookodile\n|-supereffective|p2a: Krookodile\n|-damage|p2a: Krookodile|56\/100\n|\n|upkeep\n|turn|5\n|\n|switch|p1a: Hydreigon|Hydreigon, F|100\/100\n|move|p2a: Krookodile|Earthquake|p1a: Hydreigon\n|-immune|p1a: Hydreigon|[msg]|[from] ability: Levitate\n|\n|upkeep\n|turn|6\n|\n|move|p1a: Hydreigon|U-turn|p2a: Krookodile\n|-supereffective|p2a: Krookodile\n|-damage|p2a: Krookodile|23\/100\n|-damage|p1a: Hydreigon|84\/100|[from] item: Rocky Helmet|[of] p2a: Krookodile\n|\n|switch|p1a: Aggron|Aggron, M|100\/100\n|move|p2a: Krookodile|Earthquake|p1a: Aggron\n|-supereffective|p1a: Aggron\n|-ability|p1a: Aggron|Sturdy\n|-damage|p1a: Aggron|1\/100\n|\n|upkeep\n|turn|7\n|\n|switch|p1a: Hydreigon|Hydreigon, F|84\/100\n|move|p2a: Krookodile|Knock Off|p1a: Hydreigon\n|-resisted|p1a: Hydreigon\n|-damage|p1a: Hydreigon|53\/100\n|-enditem|p1a: Hydreigon|Choice Scarf|[from] move: Knock Off|[of] p2a: Krookodile\n|\n|upkeep\n|turn|8\n|c|\u2606zzzzz5|you are weak\n|\n|switch|p2a: Togekiss|Togekiss, M, shiny|100\/100\n|move|p1a: Hydreigon|U-turn|p2a: Togekiss\n|-resisted|p2a: Togekiss\n|-damage|p2a: Togekiss|96\/100\n|\n|switch|p1a: Scizor|Scizor, M|39\/100\n|\n|-heal|p2a: Togekiss|100\/100|[from] item: Leftovers\n|upkeep\n|turn|9\n|\n|switch|p2a: Krookodile|Krookodile, F, shiny|23\/100\n|-ability|p2a: Krookodile|Intimidate|boost\n|-unboost|p1a: Scizor|atk|1\n|move|p1a: Scizor|Bullet Punch|p2a: Krookodile\n|-damage|p2a: Krookodile|0\n|-damage|p1a: Scizor|22\/100|[from] item: Rocky Helmet|[of] p2a: Krookodile\n|faint|p2a: Krookodile\n|\n|upkeep\n|\n|switch|p2a: Dragalge|Dragalge, F|100\/100\n|turn|10\n|\n|switch|p1a: Tentacruel|Tentacruel, F|100\/100\n|move|p2a: Dragalge|Surf|p1a: Tentacruel\n|-resisted|p1a: Tentacruel\n|-damage|p1a: Tentacruel|88\/100\n|\n|-heal|p1a: Tentacruel|94\/100|[from] item: Black Sludge\n|upkeep\n|turn|11\n|\n|move|p1a: Tentacruel|Scald|p2a: Dragalge\n|-resisted|p2a: Dragalge\n|-damage|p2a: Dragalge|89\/100\n|-status|p2a: Dragalge|brn\n|-zpower|p2a: Dragalge\n|move|p2a: Dragalge|Devastating Drake|p1a: Tentacruel|[zeffect]\n|-damage|p1a: Tentacruel|0\n|faint|p1a: Tentacruel\n|\n|-damage|p2a: Dragalge|84\/100 brn|[from] brn\n|upkeep\n|\n|switch|p1a: Raikou|Raikou|79\/100\n|-ability|p1a: Raikou|Pressure\n|turn|12\n|\n|move|p1a: Raikou|Calm Mind|p1a: Raikou\n|-boost|p1a: Raikou|spa|1\n|-boost|p1a: Raikou|spd|1\n|move|p2a: Dragalge|Draco Meteor|p1a: Raikou|[miss]\n|-miss|p2a: Dragalge|p1a: Raikou\n|\n|-damage|p2a: Dragalge|78\/100 brn|[from] brn\n|upkeep\n|turn|13\n|\n|-zpower|p1a: Raikou\n|move|p1a: Raikou|Never-Ending Nightmare|p2a: Dragalge|[zeffect]\n|-damage|p2a: Dragalge|0 brn\n|faint|p2a: Dragalge\n|\n|upkeep\n|\n|switch|p2a: Crawdaunt|Crawdaunt, M|100\/100\n|turn|14\n|\n|move|p1a: Raikou|Thunderbolt|p2a: Crawdaunt\n|-supereffective|p2a: Crawdaunt\n|-enditem|p2a: Crawdaunt|Focus Sash\n|-damage|p2a: Crawdaunt|1\/100\n|move|p2a: Crawdaunt|Liquidation|p1a: Raikou\n|-damage|p1a: Raikou|0\n|faint|p1a: Raikou\n|\n|upkeep\n|inactive|BigL91 has 135 seconds left.\n|\n|switch|p1a: Hydreigon|Hydreigon, F|53\/100\n|turn|15\n|\n|move|p2a: Crawdaunt|Aqua Jet|p1a: Hydreigon\n|-resisted|p1a: Hydreigon\n|-damage|p1a: Hydreigon|37\/100\n|move|p1a: Hydreigon|U-turn|p2a: Crawdaunt\n|-supereffective|p2a: Crawdaunt\n|-damage|p2a: Crawdaunt|0\n|faint|p2a: Crawdaunt\n|\n|switch|p1a: Aggron|Aggron, M|1\/100\n|\n|upkeep\n|\n|switch|p2a: Latias|Latias, F|100\/100\n|turn|16\n|\n|detailschange|p1a: Aggron|Aggron-Mega, M\n|-mega|p1a: Aggron|Aggron|Aggronite\n|move|p2a: Latias|Ice Beam|p1a: Aggron\n|-resisted|p1a: Aggron\n|-damage|p1a: Aggron|0\n|faint|p1a: Aggron\n|\n|upkeep\n|inactive|BigL91 has 135 seconds left.\n|\n|switch|p1a: Sylveon|Sylveon, F|100\/100\n|turn|17\n|\n|switch|p2a: Togekiss|Togekiss, M, shiny|100\/100\n|move|p1a: Sylveon|Wish|p1a: Sylveon\n|\n|upkeep\n|turn|18\n|\n|move|p2a: Togekiss|Air Slash|p1a: Sylveon\n|-damage|p1a: Sylveon|75\/100\n|move|p1a: Sylveon|Hyper Voice|p2a: Togekiss\n|-damage|p2a: Togekiss|62\/100\n|\n|-heal|p1a: Sylveon|100\/100|[from] move: Wish|[wisher] Sylveon\n|-heal|p2a: Togekiss|68\/100|[from] item: Leftovers\n|upkeep\n|turn|19\n|\n|move|p2a: Togekiss|Nasty Plot|p2a: Togekiss\n|-boost|p2a: Togekiss|spa|2\n|move|p1a: Sylveon|Hyper Voice|p2a: Togekiss\n|-damage|p2a: Togekiss|29\/100\n|\n|-heal|p2a: Togekiss|36\/100|[from] item: Leftovers\n|upkeep\n|turn|20\n|\n|switch|p1a: Scizor|Scizor, M|22\/100\n|move|p2a: Togekiss|Air Slash|p1a: Scizor\n|-damage|p1a: Scizor|0\n|faint|p1a: Scizor\n|\n|-heal|p2a: Togekiss|42\/100|[from] item: Leftovers\n|upkeep\n|\n|switch|p1a: Sylveon|Sylveon, F|100\/100\n|turn|21\n|\n|move|p2a: Togekiss|Air Slash|p1a: Sylveon\n|-damage|p1a: Sylveon|41\/100\n|move|p1a: Sylveon|Hyper Voice|p2a: Togekiss\n|-damage|p2a: Togekiss|1\/100\n|\n|-heal|p2a: Togekiss|7\/100|[from] item: Leftovers\n|-heal|p1a: Sylveon|47\/100|[from] item: Leftovers\n|upkeep\n|turn|22\n|c|\u2606zzzzz5|loser\n|c|\u2606zzzzz5|get out my face\n|\n|move|p1a: Sylveon|Protect|p1a: Sylveon\n|-singleturn|p1a: Sylveon|Protect\n|move|p2a: Togekiss|Air Slash|p1a: Sylveon\n|-activate|p1a: Sylveon|move: Protect\n|\n|-heal|p2a: Togekiss|13\/100|[from] item: Leftovers\n|-heal|p1a: Sylveon|53\/100|[from] item: Leftovers\n|upkeep\n|turn|23\n|c|\u2606zzzzz5|worm\n|\n|move|p2a: Togekiss|Air Slash|p1a: Sylveon\n|-damage|p1a: Sylveon|0\n|faint|p1a: Sylveon\n|\n|-heal|p2a: Togekiss|19\/100|[from] item: Leftovers\n|upkeep\n|\n|switch|p1a: Hydreigon|Hydreigon, F|37\/100\n|turn|24\n|\n|move|p1a: Hydreigon|Fire Blast|p2a: Togekiss\n|-damage|p2a: Togekiss|0\n|faint|p2a: Togekiss\n|\n|upkeep\n|\n|switch|p2a: Latias|Latias, F|100\/100\n|turn|25\n|\n|move|p2a: Latias|Ice Beam|p1a: Hydreigon\n|-supereffective|p1a: Hydreigon\n|-damage|p1a: Hydreigon|0\n|faint|p1a: Hydreigon\n|\n|win|zzzzz5\n|raw|BigL91's rating: 1466 &rarr; <strong>1440<\/strong><br \/>(-26 for losing)\n|raw|zzzzz5's rating: 1350 &rarr; <strong>1376<\/strong><br \/>(+26 for winning)\n|l|\u2606BigL91\n","uploadtime":1534162414,"views":9,"p1id":"bigl91","p2id":"zzzzz5","formatid":"gen7uu","rating":1376,"private":0,"password":null}