{"id":"gen7ou-872935367","p1":"Gweiss","p2":"Kaylss","format":"gen7ou","log":"|raw|<div class=\"broadcast-red\"><strong>This battle is invite-only!<\/strong><br \/>Users must be rank + or invited with <code>\/invite<\/code> to join<\/div>\n|j|\u2606Gweiss\n|j|\u2606Kaylss\n|player|p1|Gweiss|20\n|player|p2|Kaylss|138\n|teamsize|p1|6\n|teamsize|p2|6\n|gametype|singles\n|gen|7\n|tier|[Gen 7] OU\n|rated|\n|rule|Sleep Clause Mod: Limit one foe put to sleep\n|rule|Species Clause: Limit one of each Pok\u00e9mon\n|rule|OHKO Clause: OHKO moves are banned\n|rule|Moody Clause: Moody is banned\n|rule|Evasion Moves Clause: Evasion moves are banned\n|rule|Endless Battle Clause: Forcing endless battles is banned\n|rule|HP Percentage Mod: HP is shown in percentages\n|clearpoke\n|poke|p1|Medicham, M|item\n|poke|p1|Rotom-Wash|item\n|poke|p1|Landorus-Therian, M|item\n|poke|p1|Greninja, M|item\n|poke|p1|Kartana|item\n|poke|p1|Magearna|item\n|poke|p2|Magearna|item\n|poke|p2|Landorus-Therian, M|item\n|poke|p2|Gyarados, M|item\n|poke|p2|Kartana|item\n|poke|p2|Tapu Lele|item\n|poke|p2|Greninja, M|item\n|teampreview\n|\n|start\n|switch|p1a: Rotom|Rotom-Wash|100\/100\n|switch|p2a: Landorus|Landorus-Therian, M|100\/100\n|-ability|p2a: Landorus|Intimidate|boost\n|-unboost|p1a: Rotom|atk|1\n|turn|1\n|\n|move|p2a: Landorus|Stealth Rock|p1a: Rotom\n|-sidestart|p1: Gweiss|move: Stealth Rock\n|move|p1a: Rotom|Will-O-Wisp|p2a: Landorus\n|-status|p2a: Landorus|brn\n|\n|-damage|p2a: Landorus|95\/100 brn|[from] brn\n|upkeep\n|turn|2\n|\n|move|p2a: Landorus|Explosion|p1a: Rotom\n|-damage|p1a: Rotom|61\/100\n|faint|p2a: Landorus\n|move|p1a: Rotom|Volt Switch|p2: Landorus|[notarget]\n|-fail|p1a: Rotom\n|\n|upkeep\n|inactive|Battle timer is ON: inactive players will automatically lose when time's up. (requested by Gweiss)\n|\n|switch|p2a: Kartana|Kartana|100\/100\n|turn|3\n|\n|switch|p1a: Landorus|Landorus-Therian, M|100\/100\n|-damage|p1a: Landorus|88\/100|[from] Stealth Rock\n|-ability|p1a: Landorus|Intimidate|boost\n|-unboost|p2a: Kartana|atk|1\n|move|p2a: Kartana|Substitute|p2a: Kartana\n|-start|p2a: Kartana|Substitute\n|-damage|p2a: Kartana|76\/100\n|\n|upkeep\n|turn|4\n|\n|move|p2a: Kartana|Swords Dance|p2a: Kartana\n|-boost|p2a: Kartana|atk|2\n|move|p1a: Landorus|Earthquake|p2a: Kartana\n|-end|p2a: Kartana|Substitute\n|\n|upkeep\n|turn|5\n|\n|move|p2a: Kartana|Leaf Blade|p1a: Landorus\n|-damage|p1a: Landorus|14\/100\n|-zpower|p1a: Landorus\n|move|p1a: Landorus|Supersonic Skystrike|p2a: Kartana|[zeffect]\n|-damage|p2a: Kartana|0 fnt\n|faint|p2a: Kartana\n|\n|upkeep\n|\n|switch|p2a: Gyarados|Gyarados, M|100\/100\n|-ability|p2a: Gyarados|Intimidate|boost\n|-unboost|p1a: Landorus|atk|1\n|turn|6\n|\n|move|p2a: Gyarados|Dragon Dance|p2a: Gyarados\n|-boost|p2a: Gyarados|atk|1\n|-boost|p2a: Gyarados|spe|1\n|move|p1a: Landorus|U-turn|p2a: Gyarados\n|-resisted|p2a: Gyarados\n|-damage|p2a: Gyarados|91\/100\n|\n|switch|p1a: Rotom|Rotom-Wash|61\/100\n|-damage|p1a: Rotom|48\/100|[from] Stealth Rock\n|\n|upkeep\n|turn|7\n|\n|move|p2a: Gyarados|Substitute|p2a: Gyarados\n|-start|p2a: Gyarados|Substitute\n|-damage|p2a: Gyarados|66\/100\n|move|p1a: Rotom|Will-O-Wisp|p2a: Gyarados|[miss]\n|-miss|p1a: Rotom|p2a: Gyarados\n|\n|upkeep\n|turn|8\n|\n|move|p2a: Gyarados|Crunch|p1a: Rotom\n|-damage|p1a: Rotom|16\/100\n|-enditem|p1a: Rotom|Iapapa Berry|[eat]\n|-heal|p1a: Rotom|66\/100|[from] item: Iapapa Berry\n|move|p1a: Rotom|Volt Switch|p2a: Gyarados\n|-supereffective|p2a: Gyarados\n|-end|p2a: Gyarados|Substitute\n|\n|switch|p1a: Magearna|Magearna|100\/100\n|-damage|p1a: Magearna|94\/100|[from] Stealth Rock\n|\n|upkeep\n|turn|9\n|\n|detailschange|p2a: Gyarados|Gyarados-Mega, M\n|-mega|p2a: Gyarados|Gyarados|Gyaradosite\n|-ability|p2a: Gyarados|Mold Breaker\n|move|p2a: Gyarados|Waterfall|p1a: Magearna\n|-damage|p1a: Magearna|33\/100\n|cant|p1a: Magearna|flinch\n|\n|upkeep\n|turn|10\n|\n|move|p2a: Gyarados|Waterfall|p1a: Magearna\n|-damage|p1a: Magearna|0 fnt\n|faint|p1a: Magearna\n|\n|upkeep\n|\n|switch|p1a: Kartana|Kartana|100\/100\n|-damage|p1a: Kartana|94\/100|[from] Stealth Rock\n|turn|11\n|\n|move|p1a: Kartana|Leaf Blade|p2a: Gyarados\n|-supereffective|p2a: Gyarados\n|-damage|p2a: Gyarados|0 fnt\n|faint|p2a: Gyarados\n|-ability|p1a: Kartana|Beast Boost|boost\n|-boost|p1a: Kartana|atk|1\n|\n|upkeep\n|\n|switch|p2a: Magearna|Magearna|100\/100\n|turn|12\n|\n|switch|p1a: Landorus|Landorus-Therian, M|14\/100\n|-damage|p1a: Landorus|1\/100|[from] Stealth Rock\n|-ability|p1a: Landorus|Intimidate|boost\n|-unboost|p2a: Magearna|atk|1\n|move|p2a: Magearna|Trick Room|p2a: Magearna\n|-fieldstart|move: Trick Room|[of] p2a: Magearna\n|\n|upkeep\n|turn|13\n|\n|move|p2a: Magearna|Ice Beam|p1a: Landorus\n|-supereffective|p1a: Landorus\n|-damage|p1a: Landorus|0 fnt\n|faint|p1a: Landorus\n|-ability|p2a: Magearna|Soul-Heart|boost\n|-boost|p2a: Magearna|spa|1\n|\n|upkeep\n|\n|switch|p1a: Rotom|Rotom-Wash|66\/100\n|-damage|p1a: Rotom|54\/100|[from] Stealth Rock\n|turn|14\n|\n|move|p2a: Magearna|Thunderbolt|p1a: Rotom\n|-damage|p1a: Rotom|0 fnt\n|faint|p1a: Rotom\n|-ability|p2a: Magearna|Soul-Heart|boost\n|-boost|p2a: Magearna|spa|1\n|\n|upkeep\n|\n|switch|p1a: Medicham|Medicham, M|100\/100\n|-damage|p1a: Medicham|94\/100|[from] Stealth Rock\n|turn|15\n|\n|detailschange|p1a: Medicham|Medicham-Mega, M\n|-mega|p1a: Medicham|Medicham|Medichamite\n|move|p1a: Medicham|Fake Out|p2a: Magearna\n|-resisted|p2a: Magearna\n|-damage|p2a: Magearna|90\/100\n|cant|p2a: Magearna|flinch\n|\n|upkeep\n|turn|16\n|\n|switch|p1a: Greninja|Greninja, M|100\/100\n|-damage|p1a: Greninja|88\/100|[from] Stealth Rock\n|move|p2a: Magearna|Flash Cannon|p1a: Greninja\n|-resisted|p1a: Greninja\n|-damage|p1a: Greninja|20\/100\n|\n|-fieldend|move: Trick Room\n|upkeep\n|turn|17\n|\n|switch|p2a: Greninja|Greninja, M|100\/100\n|move|p1a: Greninja|Hydro Pump|p2a: Greninja\n|-resisted|p2a: Greninja\n|-damage|p2a: Greninja|40\/100\n|\n|upkeep\n|turn|18\n|\n|move|p2a: Greninja|Water Shuriken|p1a: Greninja\n|-resisted|p1a: Greninja\n|-damage|p1a: Greninja|12\/100\n|-resisted|p1a: Greninja\n|-damage|p1a: Greninja|4\/100\n|-resisted|p1a: Greninja\n|-damage|p1a: Greninja|0 fnt\n|-hitcount|p1a: Greninja|3\n|faint|p1a: Greninja\n|-activate|p2a: Greninja|ability: Battle Bond\n|detailschange|p2a: Greninja|Greninja-Ash, M\n|\n|upkeep\n|\n|switch|p1a: Kartana|Kartana|94\/100\n|-damage|p1a: Kartana|88\/100|[from] Stealth Rock\n|turn|19\n|\n|move|p2a: Greninja|Water Shuriken|p1a: Kartana\n|-resisted|p1a: Kartana\n|-damage|p1a: Kartana|61\/100\n|-resisted|p1a: Kartana\n|-crit|p1a: Kartana\n|-damage|p1a: Kartana|18\/100\n|-resisted|p1a: Kartana\n|-damage|p1a: Kartana|0 fnt\n|-hitcount|p1a: Kartana|3\n|faint|p1a: Kartana\n|\n|upkeep\n|\n|switch|p1a: Medicham|Medicham-Mega, M|94\/100\n|-damage|p1a: Medicham|88\/100|[from] Stealth Rock\n|turn|20\n|\n|move|p1a: Medicham|Fake Out|p2a: Greninja\n|-damage|p2a: Greninja|3\/100\n|cant|p2a: Greninja|flinch\n|\n|upkeep\n|turn|21\n|\n|move|p2a: Greninja|Water Shuriken|p1a: Medicham\n|-damage|p1a: Medicham|60\/100\n|-damage|p1a: Medicham|35\/100\n|-crit|p1a: Medicham\n|-damage|p1a: Medicham|0 fnt\n|-hitcount|p1a: Medicham|3\n|faint|p1a: Medicham\n|\n|win|Kaylss\n|raw|Gweiss's rating: 1678 &rarr; <strong>1654<\/strong><br \/>(-24 for losing)\n|raw|Kaylss's rating: 1621 &rarr; <strong>1644<\/strong><br \/>(+23 for winning)\n|c|\u2606Kaylss|gg\n|c|\u2606Gweiss|Lmao\n|c|\u2606Gweiss|The luck\n|c|\u2606Kaylss|?\n|c|\u2606Kaylss|where\n|l|\u2606Gweiss\n|c|\u2606Kaylss|\/log Kaylss made this room public.\n","uploadtime":1552027892,"views":43,"p1id":"gweiss","p2id":"kaylss","formatid":"gen7ou","rating":1644,"private":0,"password":null}