{"id":"gen7ou-1136810847","p1":"Roadtotop10andmore","p2":"Ban lando t guy jk","format":"gen7ou","log":"|j|\u2606Roadtotop10andmore\n|j|\u2606Ban lando t guy jk\n|player|p1|Roadtotop10andmore|102|1663\n|player|p2|Ban lando t guy jk|164|1761\n|teamsize|p1|6\n|teamsize|p2|6\n|gametype|singles\n|gen|7\n|tier|[Gen 7] OU\n|rated|\n|clearpoke\n|poke|p1|Volcarona, F|item\n|poke|p1|Tapu Koko|item\n|poke|p1|Gliscor, M|item\n|poke|p1|Clefable, F|item\n|poke|p1|Ferrothorn, M|item\n|poke|p1|Latias, F|item\n|poke|p2|Hawlucha, M|item\n|poke|p2|Swampert, M|item\n|poke|p2|Ferrothorn, F|item\n|poke|p2|Pelipper, F|item\n|poke|p2|Tapu Koko|item\n|poke|p2|Greninja, M|item\n|rule|Sleep Clause Mod: Limit one foe put to sleep\n|rule|Species Clause: Limit one of each Pok\u00e9mon\n|rule|OHKO Clause: OHKO moves are banned\n|rule|Moody Clause: Moody is banned\n|rule|Evasion Moves Clause: Evasion moves are banned\n|rule|Endless Battle Clause: Forcing endless battles is banned\n|rule|HP Percentage Mod: HP is shown in percentages\n|teampreview\n|inactive|Battle timer is ON: inactive players will automatically lose when time's up. (requested by Ban lando t guy jk)\n|\n|start\n|switch|p1a: Tapu Koko|Tapu Koko|100\/100\n|switch|p2a: Tapu Koko|Tapu Koko|100\/100\n|-fieldstart|move: Electric Terrain|[from] ability: Electric Surge|[of] p2a: Tapu Koko\n|turn|1\n|\n|switch|p1a: Ferrothorn|Ferrothorn, M|100\/100\n|-zpower|p2a: Tapu Koko\n|move|p2a: Tapu Koko|Twinkle Tackle|p1a: Ferrothorn|[zeffect]\n|-resisted|p1a: Ferrothorn\n|-damage|p1a: Ferrothorn|78\/100\n|\n|-heal|p1a: Ferrothorn|84\/100|[from] item: Leftovers\n|upkeep\n|turn|2\n|\n|move|p2a: Tapu Koko|Volt Switch|p1a: Ferrothorn\n|-resisted|p1a: Ferrothorn\n|-damage|p1a: Ferrothorn|71\/100\n|\n|switch|p2a: Hey|Ferrothorn, F|100\/100|[from]move: Volt Switch\n|move|p1a: Ferrothorn|Thunder Wave|p2a: Hey\n|-status|p2a: Hey|par\n|\n|-heal|p1a: Ferrothorn|77\/100|[from] item: Leftovers\n|upkeep\n|turn|3\n|\n|switch|p1a: Volcarona|Volcarona, F|100\/100\n|switch|p2a: K. Beats|Greninja, M|100\/100\n|\n|upkeep\n|turn|4\n|\n|switch|p1a: Clefable|Clefable, F|100\/100\n|move|p2a: K. Beats|Spikes|p1a: Clefable\n|-sidestart|p1: Roadtotop10andmore|Spikes\n|\n|upkeep\n|turn|5\n|\n|switch|p2a: Nappy is trash|Pelipper, F|100\/100\n|-weather|RainDance|[from] ability: Drizzle|[of] p2a: Nappy is trash\n|move|p1a: Clefable|Moonblast|p2a: Nappy is trash\n|-damage|p2a: Nappy is trash|35\/100\n|\n|-weather|RainDance|[upkeep]\n|-fieldend|move: Electric Terrain\n|upkeep\n|turn|6\n|\n|switch|p2a: Tapu Koko|Tapu Koko|100\/100\n|-fieldstart|move: Electric Terrain|[from] ability: Electric Surge|[of] p2a: Tapu Koko\n|move|p1a: Clefable|Moonblast|p2a: Tapu Koko\n|-damage|p2a: Tapu Koko|13\/100\n|\n|-weather|RainDance|[upkeep]\n|upkeep\n|turn|7\n|\n|move|p2a: Tapu Koko|Volt Switch|p1a: Clefable\n|-damage|p1a: Clefable|60\/100\n|\n|switch|p2a: Let get Bluff|Swampert, M|100\/100|[from]move: Volt Switch\n|move|p1a: Clefable|Moonblast|p2a: Let get Bluff\n|-damage|p2a: Let get Bluff|41\/100\n|\n|-weather|RainDance|[upkeep]\n|upkeep\n|turn|8\n|\n|detailschange|p2a: Let get Bluff|Swampert-Mega, M\n|-mega|p2a: Let get Bluff|Swampert|Swampertite\n|move|p2a: Let get Bluff|Earthquake|p1a: Clefable\n|-damage|p1a: Clefable|0 fnt\n|faint|p1a: Clefable\n|\n|-weather|RainDance|[upkeep]\n|upkeep\n|\n|switch|p1a: Latias|Latias, F|100\/100\n|turn|9\n|\n|detailschange|p1a: Latias|Latias-Mega, F\n|-mega|p1a: Latias|Latias|Latiasite\n|move|p2a: Let get Bluff|Ice Punch|p1a: Latias\n|-supereffective|p1a: Latias\n|-damage|p1a: Latias|46\/100\n|move|p1a: Latias|Surf|p2a: Let get Bluff\n|-damage|p2a: Let get Bluff|6\/100\n|\n|-weather|RainDance|[upkeep]\n|upkeep\n|turn|10\n|\n|move|p2a: Let get Bluff|Earthquake|p1a: Latias\n|-immune|p1a: Latias|[from] ability: Levitate\n|move|p1a: Latias|Surf|p2a: Let get Bluff\n|-damage|p2a: Let get Bluff|0 fnt\n|faint|p2a: Let get Bluff\n|\n|-weather|RainDance|[upkeep]\n|-fieldend|move: Electric Terrain\n|upkeep\n|\n|switch|p2a: Tapu Koko|Tapu Koko|13\/100\n|-fieldstart|move: Electric Terrain|[from] ability: Electric Surge|[of] p2a: Tapu Koko\n|turn|11\n|\n|switch|p1a: Gliscor|Gliscor, M|100\/100\n|move|p2a: Tapu Koko|Dazzling Gleam|p1a: Gliscor\n|-damage|p1a: Gliscor|64\/100\n|\n|-weather|RainDance|[upkeep]\n|-status|p1a: Gliscor|tox|[from] item: Toxic Orb\n|upkeep\n|turn|12\n|\n|move|p2a: Tapu Koko|Taunt|p1a: Gliscor\n|-start|p1a: Gliscor|move: Taunt\n|cant|p1a: Gliscor|move: Taunt|Swords Dance\n|\n|-weather|none\n|-heal|p1a: Gliscor|76\/100 tox|[from] ability: Poison Heal\n|upkeep\n|turn|13\n|\n|switch|p2a: Nappy is trash|Pelipper, F|35\/100\n|-weather|RainDance|[from] ability: Drizzle|[of] p2a: Nappy is trash\n|move|p1a: Gliscor|Ice Fang|p2a: Nappy is trash\n|-damage|p2a: Nappy is trash|21\/100\n|\n|-weather|RainDance|[upkeep]\n|-heal|p1a: Gliscor|89\/100 tox|[from] ability: Poison Heal\n|upkeep\n|turn|14\n|\n|switch|p1a: Latias|Latias-Mega, F|46\/100\n|move|p2a: Nappy is trash|U-turn|p1a: Latias\n|-supereffective|p1a: Latias\n|-damage|p1a: Latias|32\/100\n|\n|switch|p2a: K. Beats|Greninja, M|100\/100|[from]move: U-turn\n|\n|-weather|RainDance|[upkeep]\n|upkeep\n|turn|15\n|\n|switch|p1a: Gliscor|Gliscor, M|89\/100 tox\n|move|p2a: K. Beats|Dark Pulse|p1a: Gliscor\n|-damage|p1a: Gliscor|43\/100 tox\n|\n|-weather|RainDance|[upkeep]\n|-heal|p1a: Gliscor|56\/100 tox|[from] ability: Poison Heal\n|-fieldend|move: Electric Terrain\n|upkeep\n|turn|16\n|\n|switch|p2a: Hey|Ferrothorn, F|100\/100 par\n|move|p1a: Gliscor|Roost|p1a: Gliscor\n|-heal|p1a: Gliscor|100\/100 tox\n|-singleturn|p1a: Gliscor|move: Roost\n|\n|-weather|RainDance|[upkeep]\n|upkeep\n|turn|17\n|\n|switch|p1a: Ferrothorn|Ferrothorn, M|77\/100\n|-damage|p1a: Ferrothorn|64\/100|[from] Spikes\n|cant|p2a: Hey|par\n|\n|-weather|RainDance|[upkeep]\n|-heal|p1a: Ferrothorn|71\/100|[from] item: Leftovers\n|upkeep\n|turn|18\n|\n|move|p1a: Ferrothorn|Stealth Rock|p2a: Hey\n|-sidestart|p2: Ban lando t guy jk|move: Stealth Rock\n|move|p2a: Hey|Stealth Rock|p1a: Ferrothorn\n|-sidestart|p1: Roadtotop10andmore|move: Stealth Rock\n|\n|-weather|RainDance|[upkeep]\n|-heal|p1a: Ferrothorn|77\/100|[from] item: Leftovers\n|upkeep\n|turn|19\n|\n|move|p1a: Ferrothorn|Leech Seed|p2a: Hey\n|-immune|p2a: Hey\n|cant|p2a: Hey|par\n|\n|-weather|RainDance|[upkeep]\n|-heal|p1a: Ferrothorn|83\/100|[from] item: Leftovers\n|upkeep\n|turn|20\n|\n|switch|p1a: Volcarona|Volcarona, F|100\/100\n|-damage|p1a: Volcarona|88\/100|[from] Spikes\n|-damage|p1a: Volcarona|38\/100|[from] Stealth Rock\n|cant|p2a: Hey|par\n|\n|-weather|none\n|upkeep\n|turn|21\n|\n|move|p1a: Volcarona|Roost|p1a: Volcarona\n|-heal|p1a: Volcarona|88\/100\n|-singleturn|p1a: Volcarona|move: Roost\n|move|p2a: Hey|Gyro Ball|p1a: Volcarona\n|-resisted|p1a: Volcarona\n|-damage|p1a: Volcarona|58\/100\n|\n|upkeep\n|turn|22\n|\n|move|p1a: Volcarona|Quiver Dance|p1a: Volcarona\n|-boost|p1a: Volcarona|spa|1\n|-boost|p1a: Volcarona|spd|1\n|-boost|p1a: Volcarona|spe|1\n|move|p2a: Hey|Gyro Ball|p1a: Volcarona\n|-resisted|p1a: Volcarona\n|-damage|p1a: Volcarona|28\/100\n|\n|upkeep\n|turn|23\n|\n|move|p1a: Volcarona|Roost|p1a: Volcarona\n|-heal|p1a: Volcarona|78\/100\n|-singleturn|p1a: Volcarona|move: Roost\n|move|p2a: Hey|Gyro Ball|p1a: Volcarona\n|-resisted|p1a: Volcarona\n|-damage|p1a: Volcarona|43\/100\n|\n|upkeep\n|turn|24\n|\n|switch|p2a: Tapu Koko|Tapu Koko|13\/100\n|-damage|p2a: Tapu Koko|0 fnt|[from] Stealth Rock\n|faint|p2a: Tapu Koko\n|move|p1a: Volcarona|Roost|p1a: Volcarona\n|-heal|p1a: Volcarona|94\/100\n|-singleturn|p1a: Volcarona|move: Roost\n|\n|upkeep\n|\n|switch|p2a: K. Beats|Greninja, M|100\/100\n|-damage|p2a: K. Beats|88\/100|[from] Stealth Rock\n|turn|25\n|\n|move|p1a: Volcarona|Bug Buzz|p2a: K. Beats\n|-supereffective|p2a: K. Beats\n|-damage|p2a: K. Beats|0 fnt\n|faint|p2a: K. Beats\n|\n|upkeep\n|-message|Ban lando t guy jk forfeited.\n|\n|win|Roadtotop10andmore\n|l|\u2606Ban lando t guy jk\n","uploadtime":1592760561,"views":3,"p1id":"roadtotop10andmore","p2id":"banlandotguyjk","formatid":"gen7ou","rating":0,"private":0,"password":null}