{"id":"gen7ou-1396783789","p1":"lovezjy","p2":"EEEEEvolto\u6df1\u6eba","format":"gen7ou","log":"|j|\u2606lovezjy\n|j|\u2606EEEEEvolto\u6df1\u6eba\n|t:|1628994872\n|gametype|singles\n|player|p1|lovezjy|rosa|1471\n|player|p2|EEEEEvolto\u6df1\u6eba|102|1539\n|teamsize|p1|6\n|teamsize|p2|6\n|gen|7\n|tier|[Gen 7] OU\n|rated|\n|rule|Sleep Clause Mod: Limit one foe put to sleep\n|rule|Species Clause: Limit one of each Pok\u00e9mon\n|rule|OHKO Clause: OHKO moves are banned\n|rule|Moody Clause: Moody is banned\n|rule|Evasion Moves Clause: Evasion moves are banned\n|rule|Endless Battle Clause: Forcing endless battles is banned\n|rule|HP Percentage Mod: HP is shown in percentages\n|clearpoke\n|poke|p1|Sableye, M|item\n|poke|p1|Shedinja|item\n|poke|p1|Chansey, F|item\n|poke|p1|Zapdos|item\n|poke|p1|Gliscor, F|item\n|poke|p1|Clefable, M|item\n|poke|p2|Sableye, M|item\n|poke|p2|Pyukumuku, L90, M|item\n|poke|p2|Chansey, F|item\n|poke|p2|Gliscor, M|item\n|poke|p2|Tapu Bulu|item\n|poke|p2|Heatran, F|item\n|teampreview\n|inactive|Battle timer is ON: inactive players will automatically lose when time's up. (requested by EEEEEvolto\u6df1\u6eba)\n|\n|t:|1628994882\n|start\n|switch|p1a: Sableye|Sableye, M, shiny|100\/100\n|switch|p2a: \u4f60\u8fd8\u60e6\u8bb0\u4f60\u90a3\u7834JB\u5b09\u95f9\u5462|Sableye, M, shiny|100\/100\n|turn|1\n|\n|t:|1628994888\n|detailschange|p1a: Sableye|Sableye-Mega, M, shiny\n|-mega|p1a: Sableye|Sableye|Sablenite\n|move|p2a: \u4f60\u8fd8\u60e6\u8bb0\u4f60\u90a3\u7834JB\u5b09\u95f9\u5462|Protect|p2a: \u4f60\u8fd8\u60e6\u8bb0\u4f60\u90a3\u7834JB\u5b09\u95f9\u5462\n|-singleturn|p2a: \u4f60\u8fd8\u60e6\u8bb0\u4f60\u90a3\u7834JB\u5b09\u95f9\u5462|Protect\n|move|p1a: Sableye|Knock Off|p2a: \u4f60\u8fd8\u60e6\u8bb0\u4f60\u90a3\u7834JB\u5b09\u95f9\u5462\n|-activate|p2a: \u4f60\u8fd8\u60e6\u8bb0\u4f60\u90a3\u7834JB\u5b09\u95f9\u5462|move: Protect\n|\n|upkeep\n|turn|2\n|\n|t:|1628994894\n|detailschange|p2a: \u4f60\u8fd8\u60e6\u8bb0\u4f60\u90a3\u7834JB\u5b09\u95f9\u5462|Sableye-Mega, M, shiny\n|-mega|p2a: \u4f60\u8fd8\u60e6\u8bb0\u4f60\u90a3\u7834JB\u5b09\u95f9\u5462|Sableye|Sablenite\n|move|p1a: Sableye|Knock Off|p2a: \u4f60\u8fd8\u60e6\u8bb0\u4f60\u90a3\u7834JB\u5b09\u95f9\u5462\n|-damage|p2a: \u4f60\u8fd8\u60e6\u8bb0\u4f60\u90a3\u7834JB\u5b09\u95f9\u5462|87\/100\n|move|p2a: \u4f60\u8fd8\u60e6\u8bb0\u4f60\u90a3\u7834JB\u5b09\u95f9\u5462|Knock Off|p1a: Sableye\n|-damage|p1a: Sableye|82\/100\n|\n|upkeep\n|turn|3\n|\n|t:|1628994901\n|move|p1a: Sableye|Knock Off|p2a: \u4f60\u8fd8\u60e6\u8bb0\u4f60\u90a3\u7834JB\u5b09\u95f9\u5462\n|-crit|p2a: \u4f60\u8fd8\u60e6\u8bb0\u4f60\u90a3\u7834JB\u5b09\u95f9\u5462\n|-damage|p2a: \u4f60\u8fd8\u60e6\u8bb0\u4f60\u90a3\u7834JB\u5b09\u95f9\u5462|68\/100\n|move|p2a: \u4f60\u8fd8\u60e6\u8bb0\u4f60\u90a3\u7834JB\u5b09\u95f9\u5462|Knock Off|p1a: Sableye\n|-damage|p1a: Sableye|65\/100\n|\n|upkeep\n|turn|4\n|\n|t:|1628994906\n|switch|p2a: \u4e09\u6bb5\u6211TM\u4f4d\u79fb\u51fa\u53bb|Tapu Bulu|100\/100\n|-fieldstart|move: Grassy Terrain|[from] ability: Grassy Surge|[of] p2a: \u4e09\u6bb5\u6211TM\u4f4d\u79fb\u51fa\u53bb\n|move|p1a: Sableye|Recover|p1a: Sableye\n|-heal|p1a: Sableye|100\/100\n|\n|upkeep\n|turn|5\n|\n|t:|1628994919\n|switch|p2a: \u4f60\u8fd8\u60e6\u8bb0\u4f60\u90a3\u7834JB\u5b09\u95f9\u5462|Sableye-Mega, M, shiny|68\/100\n|switch|p1a: Shedinja|Shedinja, shiny|100\/100\n|\n|-heal|p2a: \u4f60\u8fd8\u60e6\u8bb0\u4f60\u90a3\u7834JB\u5b09\u95f9\u5462|74\/100|[from] Grassy Terrain\n|upkeep\n|turn|6\n|\n|t:|1628994932\n|switch|p1a: Sableye|Sableye-Mega, M, shiny|100\/100\n|switch|p2a: \u4e09\u6bb5\u6211TM\u4f4d\u79fb\u51fa\u53bb|Tapu Bulu|100\/100\n|\n|upkeep\n|turn|7\n|\n|t:|1628994944\n|-zpower|p2a: \u4e09\u6bb5\u6211TM\u4f4d\u79fb\u51fa\u53bb\n|move|p2a: \u4e09\u6bb5\u6211TM\u4f4d\u79fb\u51fa\u53bb|Bloom Doom|p1a: Sableye|[zeffect]\n|-damage|p1a: Sableye|0 fnt\n|faint|p1a: Sableye\n|\n|upkeep\n|\n|t:|1628994953\n|switch|p1a: Shedinja|Shedinja, shiny|100\/100\n|turn|8\n|c|\u2606EEEEEvolto\u6df1\u6eba|gg\n|\n|t:|1628994961\n|switch|p1a: Gliscor|Gliscor, F, shiny|100\/100\n|switch|p2a: \u4f60\u8fd8\u60e6\u8bb0\u4f60\u90a3\u7834JB\u5b09\u95f9\u5462|Sableye-Mega, M, shiny|74\/100\n|\n|-heal|p2a: \u4f60\u8fd8\u60e6\u8bb0\u4f60\u90a3\u7834JB\u5b09\u95f9\u5462|80\/100|[from] Grassy Terrain\n|-fieldend|move: Grassy Terrain\n|-status|p1a: Gliscor|tox|[from] item: Toxic Orb\n|upkeep\n|turn|9\n|\n|t:|1628994973\n|move|p1a: Gliscor|Earthquake|p2a: \u4f60\u8fd8\u60e6\u8bb0\u4f60\u90a3\u7834JB\u5b09\u95f9\u5462\n|-damage|p2a: \u4f60\u8fd8\u60e6\u8bb0\u4f60\u90a3\u7834JB\u5b09\u95f9\u5462|58\/100\n|move|p2a: \u4f60\u8fd8\u60e6\u8bb0\u4f60\u90a3\u7834JB\u5b09\u95f9\u5462|Knock Off|p1a: Gliscor\n|-damage|p1a: Gliscor|82\/100 tox\n|-enditem|p1a: Gliscor|Toxic Orb|[from] move: Knock Off|[of] p2a: \u4f60\u8fd8\u60e6\u8bb0\u4f60\u90a3\u7834JB\u5b09\u95f9\u5462\n|\n|-heal|p1a: Gliscor|95\/100 tox|[from] ability: Poison Heal\n|upkeep\n|turn|10\n|\n|t:|1628994981\n|move|p1a: Gliscor|Earthquake|p2a: \u4f60\u8fd8\u60e6\u8bb0\u4f60\u90a3\u7834JB\u5b09\u95f9\u5462\n|-damage|p2a: \u4f60\u8fd8\u60e6\u8bb0\u4f60\u90a3\u7834JB\u5b09\u95f9\u5462|34\/100\n|move|p2a: \u4f60\u8fd8\u60e6\u8bb0\u4f60\u90a3\u7834JB\u5b09\u95f9\u5462|Recover|p2a: \u4f60\u8fd8\u60e6\u8bb0\u4f60\u90a3\u7834JB\u5b09\u95f9\u5462\n|-heal|p2a: \u4f60\u8fd8\u60e6\u8bb0\u4f60\u90a3\u7834JB\u5b09\u95f9\u5462|84\/100\n|\n|-heal|p1a: Gliscor|100\/100 tox|[from] ability: Poison Heal\n|upkeep\n|turn|11\n|\n|t:|1628994988\n|switch|p1a: Clefable|Clefable, M, shiny|100\/100\n|switch|p2a: \u5509\uff0c\u6211\u5c31\u4e0d\u6362|Gliscor, M|100\/100\n|\n|-status|p2a: \u5509\uff0c\u6211\u5c31\u4e0d\u6362|tox|[from] item: Toxic Orb\n|upkeep\n|turn|12\n|\n|t:|1628994998\n|switch|p1a: Gliscor|Gliscor, F, shiny|100\/100 tox\n|move|p2a: \u5509\uff0c\u6211\u5c31\u4e0d\u6362|Toxic|p1a: Gliscor\n|-fail|p1a: Gliscor|tox\n|\n|upkeep\n|turn|13\n|\n|t:|1628995012\n|switch|p1a: Zapdos|Zapdos, shiny|100\/100\n|-ability|p1a: Zapdos|Pressure\n|move|p2a: \u5509\uff0c\u6211\u5c31\u4e0d\u6362|Substitute|p2a: \u5509\uff0c\u6211\u5c31\u4e0d\u6362\n|-start|p2a: \u5509\uff0c\u6211\u5c31\u4e0d\u6362|Substitute\n|-damage|p2a: \u5509\uff0c\u6211\u5c31\u4e0d\u6362|75\/100 tox\n|\n|-heal|p2a: \u5509\uff0c\u6211\u5c31\u4e0d\u6362|88\/100 tox|[from] ability: Poison Heal\n|upkeep\n|turn|14\n|-message|lovezjy forfeited.\n|\n|win|EEEEEvolto\u6df1\u6eba\n|raw|lovezjy's rating: 1471 &rarr; <strong>1455<\/strong><br \/>(-16 for losing)\n|raw|EEEEEvolto\u6df1\u6eba's rating: 1539 &rarr; <strong>1555<\/strong><br \/>(+16 for winning)\n|l|\u2606lovezjy\n","uploadtime":1628995059,"views":9,"p1id":"lovezjy","p2id":"eeeeevolto","formatid":"gen7ou","rating":1455,"private":0,"password":null}