{"id":"gen7battlefactory-1103363026","p1":"SLOTHmaster009","p2":"yhdrslb","format":"gen7battlefactory","log":"|j|\u2606SLOTHmaster009\n|j|\u2606yhdrslb\n|player|p1|SLOTHmaster009|swimmer-gen4dp|1358\n|player|p2|yhdrslb|30|1353\n|teamsize|p1|6\n|teamsize|p2|6\n|gametype|singles\n|gen|7\n|tier|[Gen 7] Battle Factory\n|rated|\n|rule|Sleep Clause Mod: Limit one foe put to sleep\n|clearpoke\n|poke|p1|Garchomp, M|item\n|poke|p1|Heatran, M|item\n|poke|p1|Slowbro, M|item\n|poke|p1|Terrakion|item\n|poke|p1|Magnezone|item\n|poke|p1|Gliscor, M|item\n|poke|p2|Gastrodon, F|item\n|poke|p2|Heracross, M|item\n|poke|p2|Crawdaunt, F|item\n|poke|p2|Excadrill, M|item\n|poke|p2|Heatran, M|item\n|poke|p2|Tapu Koko|item\n|rule|HP Percentage Mod: HP is shown in percentages\n|rule|Mega Rayquaza Clause: You cannot mega evolve Rayquaza\n|teampreview\n|\n|start\n|switch|p1a: Heatran|Heatran, M|323\/323\n|switch|p2a: Excadrill|Excadrill, M|361\/361\n|-ability|p2a: Excadrill|Mold Breaker\n|turn|1\n|\n|move|p2a: Excadrill|Stealth Rock|p1a: Heatran\n|-sidestart|p1: SLOTHmaster009|move: Stealth Rock\n|move|p1a: Heatran|Magma Storm|p2a: Excadrill\n|-supereffective|p2a: Excadrill\n|-enditem|p2a: Excadrill|Focus Sash\n|-damage|p2a: Excadrill|1\/361\n|-activate|p2a: Excadrill|move: Magma Storm|[of] p1a: Heatran\n|\n|-damage|p2a: Excadrill|0 fnt|[from] move: Magma Storm|[partiallytrapped]\n|faint|p2a: Excadrill\n|upkeep\n|\n|switch|p2a: Crawdaunt|Crawdaunt, F|267\/267\n|turn|2\n|\n|move|p1a: Heatran|Taunt|p2a: Crawdaunt\n|-start|p2a: Crawdaunt|move: Taunt\n|move|p2a: Crawdaunt|Knock Off|p1a: Heatran\n|-damage|p1a: Heatran|83\/323\n|\n|upkeep\n|turn|3\n|\n|-zpower|p1a: Heatran\n|move|p1a: Heatran|Corkscrew Crash|p2a: Crawdaunt|[zeffect]\n|-resisted|p2a: Crawdaunt\n|-damage|p2a: Crawdaunt|4\/267\n|move|p2a: Crawdaunt|Knock Off|p1a: Heatran\n|-damage|p1a: Heatran|0 fnt\n|faint|p1a: Heatran\n|\n|upkeep\n|\n|switch|p1a: Gliscor|Gliscor, M|352\/352\n|-damage|p1a: Gliscor|308\/352|[from] Stealth Rock\n|turn|4\n|\n|switch|p2a: Tapu Koko|Tapu Koko|281\/281\n|-fieldstart|move: Electric Terrain|[from] ability: Electric Surge|[of] p2a: Tapu Koko\n|move|p1a: Gliscor|Earthquake|p2a: Tapu Koko\n|-supereffective|p2a: Tapu Koko\n|-damage|p2a: Tapu Koko|15\/281\n|\n|-status|p1a: Gliscor|tox|[from] item: Toxic Orb\n|upkeep\n|turn|5\n|\n|move|p2a: Tapu Koko|Hidden Power|p1a: Gliscor\n|-supereffective|p1a: Gliscor\n|-damage|p1a: Gliscor|0 fnt\n|faint|p1a: Gliscor\n|\n|upkeep\n|\n|switch|p1a: Magnezone|Magnezone|283\/283\n|-damage|p1a: Magnezone|266\/283|[from] Stealth Rock\n|turn|6\n|\n|switch|p2a: Gastrodon|Gastrodon, F|425\/425\n|move|p1a: Magnezone|Thunderbolt|p2a: Gastrodon\n|-immune|p2a: Gastrodon\n|\n|upkeep\n|turn|7\n|\n|switch|p1a: Slowbro|Slowbro, M|393\/393\n|-damage|p1a: Slowbro|344\/393|[from] Stealth Rock\n|move|p2a: Gastrodon|Toxic|p1a: Slowbro\n|-status|p1a: Slowbro|tox\n|\n|-heal|p1a: Slowbro|368\/393 tox|[from] item: Leftovers\n|-damage|p1a: Slowbro|344\/393 tox|[from] psn\n|upkeep\n|turn|8\n|\n|switch|p1a: Garchomp|Garchomp, M|357\/357\n|-damage|p1a: Garchomp|335\/357|[from] Stealth Rock\n|switch|p2a: Heracross|Heracross, M|301\/301\n|\n|-fieldend|move: Electric Terrain\n|upkeep\n|turn|9\n|\n|detailschange|p1a: Garchomp|Garchomp-Mega, M\n|-mega|p1a: Garchomp|Garchomp|Garchompite\n|detailschange|p2a: Heracross|Heracross-Mega, M\n|-mega|p2a: Heracross|Heracross|Heracronite\n|move|p1a: Garchomp|Stealth Rock|p2a: Heracross\n|-sidestart|p2: yhdrslb|move: Stealth Rock\n|move|p2a: Heracross|Close Combat|p1a: Garchomp\n|-damage|p1a: Garchomp|58\/357\n|-unboost|p2a: Heracross|def|1\n|-unboost|p2a: Heracross|spd|1\n|\n|upkeep\n|turn|10\n|\n|switch|p2a: Gastrodon|Gastrodon, F|425\/425\n|-damage|p2a: Gastrodon|399\/425|[from] Stealth Rock\n|move|p1a: Garchomp|Stone Edge|p2a: Gastrodon\n|-resisted|p2a: Gastrodon\n|-damage|p2a: Gastrodon|306\/425\n|\n|-heal|p2a: Gastrodon|332\/425|[from] item: Leftovers\n|upkeep\n|turn|11\n|\n|switch|p1a: Slowbro|Slowbro, M|393\/393 tox\n|-damage|p1a: Slowbro|344\/393 tox|[from] Stealth Rock\n|move|p2a: Gastrodon|Scald|p1a: Slowbro\n|-resisted|p1a: Slowbro\n|-damage|p1a: Slowbro|287\/393 tox\n|\n|-heal|p1a: Slowbro|311\/393 tox|[from] item: Leftovers\n|-heal|p2a: Gastrodon|358\/425|[from] item: Leftovers\n|-damage|p1a: Slowbro|287\/393 tox|[from] psn\n|upkeep\n|turn|12\n|\n|switch|p2a: Heatran|Heatran, M|323\/323\n|-damage|p2a: Heatran|283\/323|[from] Stealth Rock\n|move|p1a: Slowbro|Ice Beam|p2a: Heatran\n|-resisted|p2a: Heatran\n|-damage|p2a: Heatran|267\/323\n|\n|-heal|p1a: Slowbro|311\/393 tox|[from] item: Leftovers\n|-damage|p1a: Slowbro|263\/393 tox|[from] psn\n|upkeep\n|turn|13\n|\n|move|p2a: Heatran|Taunt|p1a: Slowbro\n|-start|p1a: Slowbro|move: Taunt\n|move|p1a: Slowbro|Scald|p2a: Heatran\n|-supereffective|p2a: Heatran\n|-damage|p2a: Heatran|85\/323\n|\n|-heal|p1a: Slowbro|287\/393 tox|[from] item: Leftovers\n|-damage|p1a: Slowbro|215\/393 tox|[from] psn\n|upkeep\n|turn|14\n|\n|switch|p2a: Crawdaunt|Crawdaunt, F|4\/267\n|-damage|p2a: Crawdaunt|0 fnt|[from] Stealth Rock\n|faint|p2a: Crawdaunt\n|move|p1a: Slowbro|Scald|p2: Crawdaunt|[notarget]\n|-fail|p1a: Slowbro\n|\n|-heal|p1a: Slowbro|239\/393 tox|[from] item: Leftovers\n|-damage|p1a: Slowbro|143\/393 tox|[from] psn\n|upkeep\n|\n|switch|p2a: Heracross|Heracross-Mega, M|301\/301\n|-damage|p2a: Heracross|264\/301|[from] Stealth Rock\n|turn|15\n|\n|move|p2a: Heracross|Bullet Seed|p1a: Slowbro\n|-supereffective|p1a: Slowbro\n|-damage|p1a: Slowbro|81\/393 tox\n|-supereffective|p1a: Slowbro\n|-damage|p1a: Slowbro|17\/393 tox\n|-supereffective|p1a: Slowbro\n|-damage|p1a: Slowbro|0 fnt\n|-hitcount|p1a: Slowbro|3\n|faint|p1a: Slowbro\n|\n|upkeep\n|\n|switch|p1a: Magnezone|Magnezone|266\/283\n|-damage|p1a: Magnezone|249\/283|[from] Stealth Rock\n|turn|16\n|\n|switch|p1a: Garchomp|Garchomp-Mega, M|58\/357\n|-damage|p1a: Garchomp|36\/357|[from] Stealth Rock\n|switch|p2a: Gastrodon|Gastrodon, F|358\/425\n|-damage|p2a: Gastrodon|332\/425|[from] Stealth Rock\n|\n|-heal|p2a: Gastrodon|358\/425|[from] item: Leftovers\n|upkeep\n|turn|17\n|\n|move|p1a: Garchomp|Stomping Tantrum|p2a: Gastrodon\n|-damage|p2a: Gastrodon|145\/425\n|move|p2a: Gastrodon|Recover|p2a: Gastrodon\n|-heal|p2a: Gastrodon|358\/425\n|\n|-heal|p2a: Gastrodon|384\/425|[from] item: Leftovers\n|upkeep\n|turn|18\n|\n|move|p1a: Garchomp|Swords Dance|p1a: Garchomp\n|-boost|p1a: Garchomp|atk|2\n|move|p2a: Gastrodon|Recover|p2a: Gastrodon\n|-heal|p2a: Gastrodon|425\/425\n|\n|upkeep\n|turn|19\n|\n|move|p1a: Garchomp|Stomping Tantrum|p2a: Gastrodon\n|-damage|p2a: Gastrodon|0 fnt\n|faint|p2a: Gastrodon\n|\n|upkeep\n|\n|switch|p2a: Heracross|Heracross-Mega, M|264\/301\n|-damage|p2a: Heracross|227\/301|[from] Stealth Rock\n|turn|20\n|\n|move|p1a: Garchomp|Stone Edge|p2a: Heracross\n|-damage|p2a: Heracross|0 fnt\n|faint|p2a: Heracross\n|\n|upkeep\n|-message|yhdrslb forfeited.\n|\n|win|SLOTHmaster009\n|l|\u2606yhdrslb\n|raw|SLOTHmaster009's rating: 1358 &rarr; <strong>1376<\/strong><br \/>(+18 for winning)\n|raw|yhdrslb's rating: 1322 &rarr; <strong>1304<\/strong><br \/>(-18 for losing)\n","inputlog":">version 0ff5d5c20b581e7bd57a8b66170a7864af3d008c\n>version-origin 31a81a91a29015c7ca09f498fa9831b52e8e4288\n>start {\"formatid\":\"gen7battlefactory\",\"seed\":[14292,50015,27615,48387],\"rated\":\"Rated battle\"}\n>player p1 {\"name\":\"SLOTHmaster009\",\"avatar\":\"swimmer-gen4dp\",\"team\":\"\",\"rating\":1358,\"seed\":[16471,44544,1563,43888]}\n>player p2 {\"name\":\"yhdrslb\",\"avatar\":\"30\",\"team\":\"\",\"rating\":1353,\"seed\":[12940,29576,51492,46111]}\n>p1 team 2, 1, 3, 4, 5, 6\n>p2 team 4, 2, 3, 1, 5, 6\n>p1 move magmastorm\n>p2 move stealthrock\n>p2 switch 3\n>p1 move taunt\n>p2 move knockoff\n>p1 move flashcannon zmove\n>p2 move knockoff\n>p1 switch 6\n>p1 move earthquake\n>p2 switch 6\n>p1 move earthquake\n>p2 move hiddenpower\n>p1 switch 5\n>p1 move thunderbolt\n>p2 switch 4\n>p1 switch 3\n>p2 move toxic\n>p1 switch 2\n>p2 switch 2\n>p1 move stealthrock mega\n>p2 move closecombat mega\n>p1 move stoneedge\n>p2 switch 2\n>p1 switch 2\n>p2 move scald\n>p1 move icebeam\n>p2 switch 5\n>p1 move scald\n>p2 move taunt\n>p1 move scald\n>p2 switch 6\n>p2 switch 2\n>p1 move flamethrower\n>p2 move bulletseed\n>p1 switch 3\n>p1 switch 2\n>p2 switch 5\n>p1 move stompingtantrum\n>p2 move recover\n>p1 move swordsdance\n>p2 move recover\n>p1 move stompingtantrum\n>p2 move scald\n>p2 switch 5\n>p1 move stoneedge\n>p2 move bulletseed","uploadtime":1587859095,"views":1,"p1id":"slothmaster009","p2id":"yhdrslb","formatid":"gen7battlefactory","rating":1304,"private":0,"password":null}