{"id":"gen7ou-902002067","p1":"Del chef","p2":"Chorricuenta","format":"gen7ou","log":"|j|\u2606Del chef\n|j|\u2606Chorricuenta\n|player|p1|Del chef|2\n|player|p2|Chorricuenta|53\n|teamsize|p1|6\n|teamsize|p2|6\n|gametype|singles\n|gen|7\n|tier|[Gen 7] OU\n|rated|\n|rule|Sleep Clause Mod: Limit one foe put to sleep\n|rule|Species Clause: Limit one of each Pok\u00e9mon\n|rule|OHKO Clause: OHKO moves are banned\n|rule|Moody Clause: Moody is banned\n|rule|Evasion Moves Clause: Evasion moves are banned\n|rule|Endless Battle Clause: Forcing endless battles is banned\n|rule|HP Percentage Mod: HP is shown in percentages\n|clearpoke\n|poke|p1|Chansey, F|item\n|poke|p1|Mawile, F|item\n|poke|p1|Kartana|item\n|poke|p1|Gyarados, F|item\n|poke|p1|Nidoking, M|item\n|poke|p1|Latios, M|item\n|poke|p2|Cresselia, F|item\n|poke|p2|Celesteela|item\n|poke|p2|Swampert, F|item\n|poke|p2|Vikavolt, F|item\n|poke|p2|Porygon2|item\n|poke|p2|Diancie|item\n|teampreview\n|\n|start\n|switch|p1a: Mawile|Mawile, F|100\/100\n|switch|p2a: Diancie|Diancie|100\/100\n|-ability|p1a: Mawile|Intimidate|boost\n|-fail|p2a: Diancie|unboost|[from] ability: Clear Body|[of] p2a: Diancie\n|turn|1\n|\n|switch|p2a: Iron Maiden|Celesteela|100\/100\n|switch|p1a: Chansey|Chansey, F|100\/100\n|\n|upkeep\n|turn|2\n|inactive|Battle timer is ON: inactive players will automatically lose when time's up. (requested by Del chef)\n|\n|move|p1a: Chansey|Thunder Wave|p2a: Iron Maiden\n|-status|p2a: Iron Maiden|par\n|-zpower|p2a: Iron Maiden\n|move|p2a: Iron Maiden|Supersonic Skystrike|p1a: Chansey|[zeffect]\n|-crit|p1a: Chansey\n|-damage|p1a: Chansey|25\/100\n|\n|upkeep\n|turn|3\n|\n|move|p1a: Chansey|Soft-Boiled|p1a: Chansey\n|-heal|p1a: Chansey|75\/100\n|move|p2a: Iron Maiden|Heavy Slam|p1a: Chansey\n|-damage|p1a: Chansey|38\/100\n|\n|upkeep\n|turn|4\n|\n|switch|p2a: Diancie|Diancie|100\/100\n|move|p1a: Chansey|Soft-Boiled|p1a: Chansey\n|-heal|p1a: Chansey|88\/100\n|\n|upkeep\n|turn|5\n|\n|detailschange|p2a: Diancie|Diancie-Mega\n|-mega|p2a: Diancie|Diancie|Diancite\n|move|p2a: Diancie|Stealth Rock|p1a: Chansey\n|-sidestart|p1: Del chef|move: Stealth Rock\n|move|p1a: Chansey|Seismic Toss|p2a: Diancie\n|-damage|p2a: Diancie|59\/100\n|\n|upkeep\n|turn|6\n|\n|move|p1a: Chansey|Seismic Toss|p2a: Diancie\n|-damage|p2a: Diancie|18\/100\n|move|p2a: Diancie|Trick Room|p2a: Diancie\n|-fieldstart|move: Trick Room|[of] p2a: Diancie\n|\n|upkeep\n|turn|7\n|\n|switch|p2a: Swampi|Swampert, F|100\/100\n|move|p1a: Chansey|Seismic Toss|p2a: Swampi\n|-damage|p2a: Swampi|76\/100\n|\n|upkeep\n|turn|8\n|\n|move|p2a: Swampi|Hammer Arm|p1a: Chansey\n|-supereffective|p1a: Chansey\n|-damage|p1a: Chansey|43\/100\n|-unboost|p2a: Swampi|spe|1\n|move|p1a: Chansey|Counter|p2a: Swampi\n|-damage|p2a: Swampi|0 fnt\n|faint|p2a: Swampi\n|\n|upkeep\n|\n|switch|p2a: Iron Maiden|Celesteela|100\/100 par\n|turn|9\n|\n|move|p2a: Iron Maiden|Heavy Slam|p1a: Chansey\n|-damage|p1a: Chansey|7\/100\n|move|p1a: Chansey|Soft-Boiled|p1a: Chansey\n|-heal|p1a: Chansey|57\/100\n|\n|upkeep\n|turn|10\n|\n|move|p2a: Iron Maiden|Heavy Slam|p1a: Chansey\n|-damage|p1a: Chansey|20\/100\n|move|p1a: Chansey|Soft-Boiled|p1a: Chansey\n|-heal|p1a: Chansey|70\/100\n|\n|-fieldend|move: Trick Room\n|upkeep\n|turn|11\n|\n|move|p1a: Chansey|Seismic Toss|p2a: Iron Maiden\n|-damage|p2a: Iron Maiden|75\/100 par\n|cant|p2a: Iron Maiden|par\n|\n|upkeep\n|turn|12\n|\n|move|p2a: Iron Maiden|Heavy Slam|p1a: Chansey\n|-damage|p1a: Chansey|30\/100\n|move|p1a: Chansey|Counter|p2a: Iron Maiden\n|-damage|p2a: Iron Maiden|0 fnt\n|faint|p2a: Iron Maiden\n|\n|upkeep\n|\n|switch|p2a: Diancie|Diancie-Mega|18\/100\n|turn|13\n|\n|move|p2a: Diancie|Diamond Storm|p1a: Chansey\n|-damage|p1a: Chansey|0 fnt\n|faint|p1a: Chansey\n|\n|upkeep\n|\n|switch|p1a: Latios|Latios, M|100\/100\n|-damage|p1a: Latios|88\/100|[from] Stealth Rock\n|turn|14\n|\n|move|p1a: Latios|Defog|p2a: Diancie\n|move|p2a: Diancie|Defog|p1a: Latios|[from]Magic Bounce\n|-unboost|p1a: Latios|evasion|1\n|-sideend|p1: Del chef|Stealth Rock|[from] move: Defog|[of] p2a: Diancie\n|move|p2a: Diancie|Moonblast|p1a: Latios\n|-supereffective|p1a: Latios\n|-crit|p1a: Latios\n|-damage|p1a: Latios|0 fnt\n|faint|p1a: Latios\n|\n|upkeep\n|\n|switch|p1a: Kartana|Kartana|100\/100\n|turn|15\n|\n|switch|p2a: Pato Linux|Porygon2|100\/100\n|-ability|p2a: Pato Linux|Beast Boost|[from] ability: Trace|[of] p1a: Kartana\n|move|p1a: Kartana|Leaf Blade|p2a: Pato Linux\n|-damage|p2a: Pato Linux|58\/100\n|\n|upkeep\n|turn|16\n|\n|move|p1a: Kartana|Sacred Sword|p2a: Pato Linux\n|-supereffective|p2a: Pato Linux\n|-damage|p2a: Pato Linux|7\/100\n|move|p2a: Pato Linux|Trick Room|p2a: Pato Linux\n|-fieldstart|move: Trick Room|[of] p2a: Pato Linux\n|\n|upkeep\n|turn|17\n|\n|move|p2a: Pato Linux|Hidden Power|p1a: Kartana\n|-supereffective|p1a: Kartana\n|-damage|p1a: Kartana|0 fnt\n|faint|p1a: Kartana\n|-ability|p2a: Pato Linux|Beast Boost|boost\n|-boost|p2a: Pato Linux|spa|1\n|\n|upkeep\n|\n|switch|p1a: Mawile|Mawile, F|100\/100\n|-ability|p1a: Mawile|Intimidate|boost\n|-unboost|p2a: Pato Linux|atk|1\n|turn|18\n|\n|move|p1a: Mawile|Sucker Punch|p2a: Pato Linux\n|-damage|p2a: Pato Linux|0 fnt\n|faint|p2a: Pato Linux\n|\n|upkeep\n|\n|switch|p2a: Vika|Vikavolt, F|100\/100\n|turn|19\n|\n|switch|p1a: Nidoking|Nidoking, M|100\/100\n|move|p2a: Vika|Energy Ball|p1a: Nidoking\n|-damage|p1a: Nidoking|46\/100\n|\n|upkeep\n|turn|20\n|\n|move|p2a: Vika|Energy Ball|p1a: Nidoking\n|-damage|p1a: Nidoking|0 fnt\n|faint|p1a: Nidoking\n|\n|-fieldend|move: Trick Room\n|upkeep\n|\n|switch|p1a: Mawile|Mawile, F|100\/100\n|-ability|p1a: Mawile|Intimidate|boost\n|-unboost|p2a: Vika|atk|1\n|turn|21\n|\n|detailschange|p1a: Mawile|Mawile-Mega, F\n|-mega|p1a: Mawile|Mawile|Mawilite\n|move|p1a: Mawile|Swords Dance|p1a: Mawile\n|-boost|p1a: Mawile|atk|2\n|move|p2a: Vika|Thunderbolt|p1a: Mawile\n|-damage|p1a: Mawile|35\/100\n|\n|upkeep\n|turn|22\n|inactive|Chorricuenta has 120 seconds left.\n|\n|move|p1a: Mawile|Play Rough|p2a: Vika\n|-damage|p2a: Vika|0 fnt\n|faint|p2a: Vika\n|\n|upkeep\n|inactive|Chorricuenta has 120 seconds left.\n|\n|switch|p2a: Moonchild|Cresselia, F|100\/100\n|turn|23\n|\n|move|p1a: Mawile|Sucker Punch|p2a: Moonchild\n|-supereffective|p2a: Moonchild\n|-crit|p2a: Moonchild\n|-damage|p2a: Moonchild|0 fnt\n|faint|p2a: Moonchild\n|\n|upkeep\n|\n|switch|p2a: Diancie|Diancie-Mega|18\/100\n|turn|24\n|\n|move|p1a: Mawile|Sucker Punch|p2a: Diancie\n|-resisted|p2a: Diancie\n|-damage|p2a: Diancie|0 fnt\n|faint|p2a: Diancie\n|\n|win|Del chef\n|raw|Del chef's rating: 1430 &rarr; <strong>1453<\/strong><br \/>(+23 for winning)\n|raw|Chorricuenta's rating: 1492 &rarr; <strong>1469<\/strong><br \/>(-23 for losing)\n|l|\u2606Del chef\n","uploadtime":1556705618,"views":9,"p1id":"delchef","p2id":"chorricuenta","formatid":"gen7ou","rating":1453,"private":0,"password":null}