{"id":"gen7ou-880882489","p1":"why addicted","p2":"timsnaketimsnake","format":"gen7ou","log":"|j|\u2606why addicted\n|j|\u2606timsnaketimsnake\n|player|p1|why addicted|167\n|player|p2|timsnaketimsnake|265\n|teamsize|p1|6\n|teamsize|p2|6\n|gametype|singles\n|gen|7\n|tier|[Gen 7] OU\n|rated|\n|rule|Sleep Clause Mod: Limit one foe put to sleep\n|rule|Species Clause: Limit one of each Pok\u00e9mon\n|rule|OHKO Clause: OHKO moves are banned\n|rule|Moody Clause: Moody is banned\n|rule|Evasion Moves Clause: Evasion moves are banned\n|rule|Endless Battle Clause: Forcing endless battles is banned\n|rule|HP Percentage Mod: HP is shown in percentages\n|clearpoke\n|poke|p1|Mawile, M|item\n|poke|p1|Tapu Fini|item\n|poke|p1|Greninja, M|item\n|poke|p1|Zapdos|item\n|poke|p1|Jirachi|item\n|poke|p1|Garchomp, M|item\n|poke|p2|Garchomp, M|item\n|poke|p2|Reuniclus, M|item\n|poke|p2|Chansey, F|item\n|poke|p2|Skarmory, F|item\n|poke|p2|Medicham, M|item\n|poke|p2|Greninja, M|item\n|teampreview\n|\n|start\n|switch|p1a: Mawile|Mawile, M|100\/100\n|switch|p2a: Chansey|Chansey, F|100\/100\n|-ability|p1a: Mawile|Intimidate|boost\n|-unboost|p2a: Chansey|atk|1\n|turn|1\n|\n|switch|p2a: Skarmory|Skarmory, F|100\/100\n|detailschange|p1a: Mawile|Mawile-Mega, M\n|-mega|p1a: Mawile|Mawile|Mawilite\n|move|p1a: Mawile|Knock Off|p2a: Skarmory\n|-damage|p2a: Skarmory|66\/100\n|-damage|p1a: Mawile|84\/100|[from] item: Rocky Helmet|[of] p2a: Skarmory\n|-enditem|p2a: Skarmory|Rocky Helmet|[from] move: Knock Off|[of] p1a: Mawile\n|\n|upkeep\n|turn|2\n|inactive|Battle timer is ON: inactive players will automatically lose when time's up. (requested by timsnaketimsnake)\n|\n|switch|p1a: Zapdos|Zapdos|100\/100\n|move|p2a: Skarmory|Spikes|p1a: Zapdos\n|-sidestart|p1: why addicted|Spikes\n|\n|upkeep\n|turn|3\n|\n|switch|p2a: Garchomp|Garchomp, M|100\/100\n|move|p1a: Zapdos|Volt Switch|p2a: Garchomp\n|-immune|p2a: Garchomp\n|\n|upkeep\n|turn|4\n|\n|-zpower|p2a: Garchomp\n|move|p2a: Garchomp|Continental Crush|p1a: Zapdos|[zeffect]\n|-supereffective|p1a: Zapdos\n|-damage|p1a: Zapdos|4\/100\n|move|p1a: Zapdos|Hidden Power|p2a: Garchomp\n|-supereffective|p2a: Garchomp\n|-damage|p2a: Garchomp|24\/100\n|\n|-heal|p1a: Zapdos|10\/100|[from] item: Leftovers\n|upkeep\n|turn|5\n|\n|move|p2a: Garchomp|Stealth Rock|p1a: Zapdos\n|-sidestart|p1: why addicted|move: Stealth Rock\n|move|p1a: Zapdos|Hidden Power|p2a: Garchomp\n|-supereffective|p2a: Garchomp\n|-damage|p2a: Garchomp|0 fnt\n|faint|p2a: Garchomp\n|\n|-heal|p1a: Zapdos|16\/100|[from] item: Leftovers\n|upkeep\n|\n|switch|p2a: Medicham|Medicham, M|100\/100\n|turn|6\n|\n|detailschange|p2a: Medicham|Medicham-Mega, M\n|-mega|p2a: Medicham|Medicham|Medichamite\n|move|p2a: Medicham|Ice Punch|p1a: Zapdos\n|-supereffective|p1a: Zapdos\n|-damage|p1a: Zapdos|0 fnt\n|faint|p1a: Zapdos\n|\n|upkeep\n|\n|switch|p1a: Greninja|Greninja, M|100\/100\n|-damage|p1a: Greninja|88\/100|[from] Stealth Rock\n|-damage|p1a: Greninja|76\/100|[from] Spikes\n|turn|7\n|\n|switch|p1a: Tapu Fini|Tapu Fini|100\/100\n|-damage|p1a: Tapu Fini|88\/100|[from] Spikes\n|-damage|p1a: Tapu Fini|76\/100|[from] Stealth Rock\n|-fieldstart|move: Misty Terrain|[from] ability: Misty Surge|[of] p1a: Tapu Fini\n|switch|p2a: Chansey|Chansey, F|100\/100\n|\n|-heal|p1a: Tapu Fini|82\/100|[from] item: Leftovers\n|upkeep\n|turn|8\n|\n|switch|p2a: Medicham|Medicham-Mega, M|100\/100\n|move|p1a: Tapu Fini|Defog|p2a: Medicham\n|-unboost|p2a: Medicham|evasion|1\n|-sideend|p1: why addicted|Spikes|[from] move: Defog|[of] p1a: Tapu Fini\n|-sideend|p1: why addicted|Stealth Rock|[from] move: Defog|[of] p1a: Tapu Fini\n|\n|-heal|p1a: Tapu Fini|88\/100|[from] item: Leftovers\n|upkeep\n|turn|9\n|\n|move|p2a: Medicham|Zen Headbutt|p1a: Tapu Fini\n|-damage|p1a: Tapu Fini|42\/100\n|move|p1a: Tapu Fini|Moonblast|p2a: Medicham\n|-supereffective|p2a: Medicham\n|-damage|p2a: Medicham|12\/100\n|-unboost|p2a: Medicham|spa|1\n|\n|-heal|p1a: Tapu Fini|48\/100|[from] item: Leftovers\n|upkeep\n|turn|10\n|\n|move|p2a: Medicham|Drain Punch|p1a: Tapu Fini\n|-resisted|p1a: Tapu Fini\n|-damage|p1a: Tapu Fini|24\/100\n|-heal|p2a: Medicham|28\/100|[from] drain|[of] p1a: Tapu Fini\n|move|p1a: Tapu Fini|Moonblast|p2a: Medicham\n|-supereffective|p2a: Medicham\n|-damage|p2a: Medicham|0 fnt\n|faint|p2a: Medicham\n|\n|-heal|p1a: Tapu Fini|30\/100|[from] item: Leftovers\n|upkeep\n|\n|switch|p2a: Greninja|Greninja, M|100\/100\n|turn|11\n|\n|move|p2a: Greninja|Hydro Pump|p1a: Tapu Fini\n|-resisted|p1a: Tapu Fini\n|-damage|p1a: Tapu Fini|6\/100\n|move|p1a: Tapu Fini|Moonblast|p2a: Greninja\n|-supereffective|p2a: Greninja\n|-damage|p2a: Greninja|7\/100\n|\n|-heal|p1a: Tapu Fini|12\/100|[from] item: Leftovers\n|-fieldend|Misty Terrain\n|upkeep\n|turn|12\n|\n|switch|p1a: Jirachi|Jirachi|100\/100\n|move|p2a: Greninja|Hydro Pump|p1a: Jirachi\n|-damage|p1a: Jirachi|40\/100\n|\n|upkeep\n|turn|13\n|\n|switch|p2a: Skarmory|Skarmory, F|66\/100\n|move|p1a: Jirachi|U-turn|p2a: Skarmory\n|-resisted|p2a: Skarmory\n|-damage|p2a: Skarmory|64\/100\n|\n|switch|p1a: Greninja|Greninja, M|76\/100\n|\n|upkeep\n|turn|14\n|\n|switch|p2a: Chansey|Chansey, F|100\/100\n|move|p1a: Greninja|Spikes|p2a: Chansey\n|-sidestart|p2: timsnaketimsnake|Spikes\n|\n|upkeep\n|turn|15\n|\n|switch|p1a: Garchomp|Garchomp, M|100\/100\n|move|p2a: Chansey|Toxic|p1a: Garchomp\n|-status|p1a: Garchomp|tox\n|\n|-damage|p1a: Garchomp|94\/100 tox|[from] psn\n|upkeep\n|turn|16\n|\n|switch|p2a: Skarmory|Skarmory, F|64\/100\n|move|p1a: Garchomp|Swords Dance|p1a: Garchomp\n|-boost|p1a: Garchomp|atk|2\n|\n|-damage|p1a: Garchomp|82\/100 tox|[from] psn\n|upkeep\n|turn|17\n|\n|-zpower|p1a: Garchomp\n|move|p1a: Garchomp|Continental Crush|p2a: Skarmory|[zeffect]\n|-damage|p2a: Skarmory|0 fnt\n|faint|p2a: Skarmory\n|\n|-damage|p1a: Garchomp|64\/100 tox|[from] psn\n|upkeep\n|\n|switch|p2a: Reuniclus|Reuniclus, M|100\/100\n|turn|18\n|\n|move|p1a: Garchomp|Earthquake|p2a: Reuniclus\n|-damage|p2a: Reuniclus|27\/100\n|move|p2a: Reuniclus|Recover|p2a: Reuniclus\n|-heal|p2a: Reuniclus|77\/100\n|\n|-heal|p2a: Reuniclus|83\/100|[from] item: Leftovers\n|-damage|p1a: Garchomp|39\/100 tox|[from] psn\n|upkeep\n|turn|19\n|\n|switch|p1a: Greninja|Greninja, M|76\/100\n|move|p2a: Reuniclus|Recover|p2a: Reuniclus\n|-heal|p2a: Reuniclus|100\/100\n|\n|upkeep\n|turn|20\n|\n|switch|p2a: Chansey|Chansey, F|100\/100\n|-damage|p2a: Chansey|88\/100|[from] Spikes\n|move|p1a: Greninja|Dark Pulse|p2a: Chansey\n|-damage|p2a: Chansey|72\/100\n|\n|upkeep\n|turn|21\n|\n|switch|p1a: Tapu Fini|Tapu Fini|12\/100\n|-fieldstart|move: Misty Terrain|[from] ability: Misty Surge|[of] p1a: Tapu Fini\n|move|p2a: Chansey|Seismic Toss|p1a: Tapu Fini\n|-damage|p1a: Tapu Fini|0 fnt\n|faint|p1a: Tapu Fini\n|\n|upkeep\n|\n|switch|p1a: Jirachi|Jirachi|40\/100\n|turn|22\n|\n|move|p1a: Jirachi|Iron Head|p2a: Chansey\n|-crit|p2a: Chansey\n|-damage|p2a: Chansey|42\/100\n|move|p2a: Chansey|Soft-Boiled|p2a: Chansey\n|-heal|p2a: Chansey|93\/100\n|\n|upkeep\n|turn|23\n|\n|move|p1a: Jirachi|Iron Head|p2a: Chansey\n|-damage|p2a: Chansey|72\/100\n|cant|p2a: Chansey|flinch\n|\n|upkeep\n|turn|24\n|\n|move|p1a: Jirachi|Iron Head|p2a: Chansey\n|-damage|p2a: Chansey|52\/100\n|cant|p2a: Chansey|flinch\n|\n|upkeep\n|turn|25\n|\n|move|p1a: Jirachi|Iron Head|p2a: Chansey\n|-damage|p2a: Chansey|33\/100\n|cant|p2a: Chansey|flinch\n|\n|-fieldend|Misty Terrain\n|upkeep\n|turn|26\n|\n|move|p1a: Jirachi|Iron Head|p2a: Chansey\n|-damage|p2a: Chansey|13\/100\n|cant|p2a: Chansey|flinch\n|\n|upkeep\n|turn|27\n|-message|timsnaketimsnake forfeited.\n|\n|win|why addicted\n|l|\u2606timsnaketimsnake\n|raw|why addicted's rating: 1690 &rarr; <strong>1706<\/strong><br \/>(+16 for winning)\n|raw|timsnaketimsnake's rating: 1623 &rarr; <strong>1607<\/strong><br \/>(-16 for losing)\n","uploadtime":1553373434,"views":29,"p1id":"whyaddicted","p2id":"timsnaketimsnake","formatid":"gen7ou","rating":1607,"private":0,"password":null}