{"id":"gen7ou-700546087","p1":"d4e ladd","p2":"Toxabelle","format":"gen7ou","log":"|j|\u2606d4e ladd\n|j|\u2606Toxabelle\n|player|p1|d4e ladd|101\n|player|p2|Toxabelle|101\n|teamsize|p1|6\n|teamsize|p2|6\n|gametype|singles\n|gen|7\n|tier|[Gen 7] OU\n|rated|Tournament battle\n|rule|Sleep Clause Mod: Limit one foe put to sleep\n|rule|Species Clause: Limit one of each Pok\u00e9mon\n|rule|OHKO Clause: OHKO moves are banned\n|rule|Moody Clause: Moody is banned\n|rule|Evasion Moves Clause: Evasion moves are banned\n|rule|Endless Battle Clause: Forcing endless battles is banned\n|rule|HP Percentage Mod: HP is shown in percentages\n|clearpoke\n|poke|p1|Pelipper, M|item\n|poke|p1|Greninja, F|item\n|poke|p1|Latios, M|item\n|poke|p1|Kingdra, M|item\n|poke|p1|Ferrothorn, F|item\n|poke|p1|Zapdos|item\n|poke|p2|Scizor, M|item\n|poke|p2|Greninja, M|item\n|poke|p2|Gengar, M|item\n|poke|p2|Blacephalon|item\n|poke|p2|Mimikyu, M|item\n|poke|p2|Landorus-Therian, M|item\n|teampreview\n|inactive|Battle timer is ON: inactive players will automatically lose when time's up. (requested by Toxabelle)\n|j| Spoire\n|inactive|Toxabelle has 135 seconds left.\n|\n|start\n|switch|p1a: Pelipper|Pelipper, M|100\/100\n|switch|p2a: Blacephalon|Blacephalon|100\/100\n|-weather|RainDance|[from] ability: Drizzle|[of] p1a: Pelipper\n|turn|1\n|\n|switch|p1a: Greninja|Greninja, F|100\/100\n|-zpower|p2a: Blacephalon\n|move|p2a: Blacephalon|Never-Ending Nightmare|p1a: Greninja|[zeffect]\n|-resisted|p1a: Greninja\n|-damage|p1a: Greninja|30\/100\n|\n|-weather|RainDance|[upkeep]\n|upkeep\n|turn|2\n|\n|switch|p2a: Greninja|Greninja, M|100\/100\n|move|p1a: Greninja|Spikes|p2a: Greninja\n|-start|p1a: Greninja|typechange|Ground|[from] Protean\n|-sidestart|p2: Toxabelle|Spikes\n|\n|-weather|RainDance|[upkeep]\n|upkeep\n|turn|3\n|\n|move|p2a: Greninja|Dark Pulse|p1a: Greninja\n|-damage|p1a: Greninja|0 fnt\n|faint|p1a: Greninja\n|-activate|p2a: Greninja|ability: Battle Bond\n|detailschange|p2a: Greninja|Greninja-Ash, M\n|\n|-weather|RainDance|[upkeep]\n|upkeep\n|\n|switch|p1a: Kingdra|Kingdra, M|100\/100\n|turn|4\n|\n|move|p1a: Kingdra|Hydro Pump|p2a: Greninja\n|-resisted|p2a: Greninja\n|-damage|p2a: Greninja|12\/100\n|move|p2a: Greninja|Dark Pulse|p1a: Kingdra\n|-damage|p1a: Kingdra|21\/100\n|\n|-weather|RainDance|[upkeep]\n|upkeep\n|turn|5\n|\n|move|p1a: Kingdra|Hydro Pump|p2a: Greninja\n|-resisted|p2a: Greninja\n|-damage|p2a: Greninja|0 fnt\n|faint|p2a: Greninja\n|\n|-weather|none\n|upkeep\n|\n|switch|p2a: Blacephalon|Blacephalon|100\/100\n|-damage|p2a: Blacephalon|88\/100|[from] Spikes\n|turn|6\n|\n|switch|p1a: Ferrothorn|Ferrothorn, F|100\/100\n|move|p2a: Blacephalon|Shadow Ball|p1a: Ferrothorn\n|-damage|p1a: Ferrothorn|70\/100\n|-unboost|p1a: Ferrothorn|spd|1\n|\n|-heal|p1a: Ferrothorn|77\/100|[from] item: Leftovers\n|upkeep\n|turn|7\n|\n|switch|p1a: Pelipper|Pelipper, M|100\/100\n|-weather|RainDance|[from] ability: Drizzle|[of] p1a: Pelipper\n|move|p2a: Blacephalon|Shadow Ball|p1a: Pelipper\n|-damage|p1a: Pelipper|19\/100\n|\n|-weather|RainDance|[upkeep]\n|upkeep\n|turn|8\n|\n|move|p2a: Blacephalon|Substitute|p2a: Blacephalon\n|-start|p2a: Blacephalon|Substitute\n|-damage|p2a: Blacephalon|64\/100\n|move|p1a: Pelipper|Surf|p2a: Blacephalon\n|-supereffective|p2a: Blacephalon\n|-end|p2a: Blacephalon|Substitute\n|\n|-weather|RainDance|[upkeep]\n|upkeep\n|turn|9\n|\n|move|p2a: Blacephalon|Shadow Ball|p1a: Pelipper\n|-damage|p1a: Pelipper|0 fnt\n|faint|p1a: Pelipper\n|-ability|p2a: Blacephalon|Beast Boost|boost\n|-boost|p2a: Blacephalon|spa|1\n|\n|-weather|RainDance|[upkeep]\n|upkeep\n|\n|switch|p1a: Latios|Latios, M|100\/100\n|turn|10\n|\n|switch|p2a: Scizor|Scizor, M|100\/100\n|-damage|p2a: Scizor|88\/100|[from] Spikes\n|-mega|p1a: Latios|Latios|Latiosite\n|detailschange|p1a: Latios|Latios-Mega, M\n|move|p1a: Latios|Surf|p2a: Scizor\n|-damage|p2a: Scizor|34\/100\n|\n|-weather|RainDance|[upkeep]\n|upkeep\n|turn|11\n|\n|-mega|p2a: Scizor|Scizor|Scizorite\n|detailschange|p2a: Scizor|Scizor-Mega, M\n|move|p2a: Scizor|Bullet Punch|p1a: Latios\n|-damage|p1a: Latios|61\/100\n|move|p1a: Latios|Surf|p2a: Scizor\n|-damage|p2a: Scizor|0 fnt\n|faint|p2a: Scizor\n|\n|-weather|none\n|upkeep\n|\n|switch|p2a: Gengar|Gengar, M|100\/100\n|-damage|p2a: Gengar|88\/100|[from] Spikes\n|turn|12\n|\n|switch|p1a: Kingdra|Kingdra, M|21\/100\n|move|p2a: Gengar|Shadow Ball|p1a: Kingdra\n|-damage|p1a: Kingdra|0 fnt\n|faint|p1a: Kingdra\n|\n|upkeep\n|\n|switch|p1a: Ferrothorn|Ferrothorn, F|77\/100\n|turn|13\n|\n|move|p2a: Gengar|Focus Blast|p1a: Ferrothorn|[miss]\n|-miss|p2a: Gengar|p1a: Ferrothorn\n|move|p1a: Ferrothorn|Knock Off|p2a: Gengar\n|-supereffective|p2a: Gengar\n|-damage|p2a: Gengar|2\/100\n|-start|p1a: Ferrothorn|Disable|Knock Off|[from] ability: Cursed Body|[of] p2a: Gengar\n|-enditem|p2a: Gengar|Focus Sash|[from] move: Knock Off|[of] p1a: Ferrothorn\n|\n|-heal|p1a: Ferrothorn|83\/100|[from] item: Leftovers\n|upkeep\n|turn|14\n|inactive|d4e ladd has 135 seconds left.\n|\n|switch|p1a: Latios|Latios-Mega, M|61\/100\n|move|p2a: Gengar|Destiny Bond|p2a: Gengar\n|-singlemove|p2a: Gengar|Destiny Bond\n|\n|upkeep\n|turn|15\n|\n|move|p2a: Gengar|Shadow Ball|p1a: Latios\n|-supereffective|p1a: Latios\n|-damage|p1a: Latios|0 fnt\n|faint|p1a: Latios\n|\n|upkeep\n|c|\u2606d4e ladd|z_z\n|\n|switch|p1a: Zapdos|Zapdos|100\/100\n|turn|16\n|c|\u2606Toxabelle|if u outspeed\n|c|\u2606Toxabelle|u die\n|\n|move|p2a: Gengar|Shadow Ball|p1a: Zapdos\n|-damage|p1a: Zapdos|54\/100\n|-unboost|p1a: Zapdos|spd|1\n|move|p1a: Zapdos|Agility|p1a: Zapdos\n|-boost|p1a: Zapdos|spe|2\n|\n|upkeep\n|turn|17\n|c|\u2606d4e ladd|That was the point\n|inactive|d4e ladd has 135 seconds left.\n|\n|move|p1a: Zapdos|Hidden Power|p2a: Gengar\n|-damage|p2a: Gengar|0 fnt\n|faint|p2a: Gengar\n|\n|upkeep\n|\n|switch|p2a: Mimikyu|Mimikyu, M|100\/100\n|-damage|p2a: Mimikyu|88\/100|[from] Spikes\n|turn|18\n|\n|move|p1a: Zapdos|Thunder|p2a: Mimikyu\n|-activate|p2a: Mimikyu|ability: Disguise\n|-damage|p2a: Mimikyu|88\/100\n|detailschange|p2a: Mimikyu|Mimikyu-Busted, M\n|-enditem|p2a: Mimikyu|Red Card|[of] p1a: Zapdos\n|drag|p1a: Ferrothorn|Ferrothorn, F|83\/100\n|move|p2a: Mimikyu|Shadow Claw|p1a: Ferrothorn\n|-damage|p1a: Ferrothorn|61\/100\n|-damage|p2a: Mimikyu|76\/100|[from] ability: Iron Barbs|[of] p1a: Ferrothorn\n|\n|-heal|p1a: Ferrothorn|68\/100|[from] item: Leftovers\n|upkeep\n|turn|19\n|\n|move|p2a: Mimikyu|Swords Dance|p2a: Mimikyu\n|-boost|p2a: Mimikyu|atk|2\n|move|p1a: Ferrothorn|Leech Seed|p2a: Mimikyu\n|-start|p2a: Mimikyu|move: Leech Seed\n|\n|-heal|p1a: Ferrothorn|74\/100|[from] item: Leftovers\n|-damage|p2a: Mimikyu|63\/100|[from] Leech Seed|[of] p1a: Ferrothorn\n|-heal|p1a: Ferrothorn|83\/100|[silent]\n|upkeep\n|turn|20\n|\n|move|p2a: Mimikyu|Swords Dance|p2a: Mimikyu\n|-boost|p2a: Mimikyu|atk|2\n|move|p1a: Ferrothorn|Thunder Wave|p2a: Mimikyu|[miss]\n|-miss|p1a: Ferrothorn|p2a: Mimikyu\n|\n|-heal|p1a: Ferrothorn|89\/100|[from] item: Leftovers\n|-damage|p2a: Mimikyu|51\/100|[from] Leech Seed|[of] p1a: Ferrothorn\n|-heal|p1a: Ferrothorn|98\/100|[silent]\n|upkeep\n|turn|21\n|c|\u2606d4e ladd|Lmao\n|\n|move|p2a: Mimikyu|Shadow Claw|p1a: Ferrothorn\n|-damage|p1a: Ferrothorn|40\/100\n|-damage|p2a: Mimikyu|39\/100|[from] ability: Iron Barbs|[of] p1a: Ferrothorn\n|move|p1a: Ferrothorn|Stealth Rock|p2a: Mimikyu\n|-sidestart|p2: Toxabelle|move: Stealth Rock\n|\n|-heal|p1a: Ferrothorn|46\/100|[from] item: Leftovers\n|-damage|p2a: Mimikyu|26\/100|[from] Leech Seed|[of] p1a: Ferrothorn\n|-heal|p1a: Ferrothorn|55\/100|[silent]\n|upkeep\n|turn|22\n|\n|move|p2a: Mimikyu|Shadow Claw|p1a: Ferrothorn\n|-damage|p1a: Ferrothorn|0 fnt\n|-damage|p2a: Mimikyu|14\/100|[from] ability: Iron Barbs|[of] p1a: Ferrothorn\n|faint|p1a: Ferrothorn\n|\n|upkeep\n|c|\u2606d4e ladd|Never lucky\n|-message|d4e ladd forfeited.\n|\n|win|Toxabelle\n|l|\u2606d4e ladd\n|l|\u2606Toxabelle\n","inputlog":null,"uploadtime":1518026277,"views":21,"p1id":"d4eladd","p2id":"toxabelle","formatid":"gen7ou","rating":0,"private":0,"password":null}