{"id":"gen7battlefactory-822386397","p1":"CarlyBae","p2":"sean han","format":"gen7battlefactory","log":"|j|\u2606CarlyBae\n|j|\u2606sean han\n|player|p1|CarlyBae|266\n|player|p2|sean han|126\n|teamsize|p1|6\n|teamsize|p2|6\n|gametype|singles\n|gen|7\n|tier|[Gen 7] Battle Factory\n|rated|\n|seed|64771,48458,39016,9188\n|rule|Sleep Clause Mod: Limit one foe put to sleep\n|clearpoke\n|poke|p1|Yanmega, M|item\n|poke|p1|Azelf|item\n|poke|p1|Doublade, M|item\n|poke|p1|Florges, F|item\n|poke|p1|Magneton|item\n|poke|p1|Sharpedo, M|item\n|poke|p2|Abomasnow, F|item\n|poke|p2|Cofagrigus, F|item\n|poke|p2|Lucario, F|item\n|poke|p2|Moltres|item\n|poke|p2|Stakataka|item\n|poke|p2|Florges, F|item\n|rule|HP Percentage Mod: HP is shown in percentages\n|rule|Mega Rayquaza Clause: You cannot mega evolve Rayquaza\n|teampreview\n|\n|start\n|switch|p1a: Azelf|Azelf|291\/291\n|switch|p2a: Cofagrigus|Cofagrigus, F|320\/320\n|turn|1\n|inactive|Battle timer is ON: inactive players will automatically lose when time's up. (requested by sean han)\n|\n|move|p1a: Azelf|Stealth Rock|p2a: Cofagrigus\n|-sidestart|p2: sean han|move: Stealth Rock\n|move|p2a: Cofagrigus|Shadow Ball|p1a: Azelf\n|-supereffective|p1a: Azelf\n|-enditem|p1a: Azelf|Focus Sash\n|-damage|p1a: Azelf|1\/291\n|\n|upkeep\n|turn|2\n|\n|switch|p1a: Florges|Florges, F|360\/360\n|move|p2a: Cofagrigus|Nasty Plot|p2a: Cofagrigus\n|-boost|p2a: Cofagrigus|spa|2\n|\n|upkeep\n|turn|3\n|\n|move|p1a: Florges|Wish|p1a: Florges\n|move|p2a: Cofagrigus|Shadow Ball|p1a: Florges\n|-damage|p1a: Florges|183\/360\n|\n|-heal|p1a: Florges|205\/360|[from] item: Leftovers\n|upkeep\n|turn|4\n|\n|switch|p1a: Sharpedo|Sharpedo, M|281\/281\n|move|p2a: Cofagrigus|Trick Room|p2a: Cofagrigus\n|-fieldstart|move: Trick Room|[of] p2a: Cofagrigus\n|\n|upkeep\n|turn|5\n|inactive|CarlyBae has 120 seconds left.\n|\n|move|p1a: Sharpedo|Protect|p1a: Sharpedo\n|-singleturn|p1a: Sharpedo|Protect\n|move|p2a: Cofagrigus|Hidden Power|p1a: Sharpedo\n|-activate|p1a: Sharpedo|move: Protect\n|\n|-ability|p1a: Sharpedo|Speed Boost|boost\n|-boost|p1a: Sharpedo|spe|1\n|upkeep\n|turn|6\n|\n|switch|p1a: Azelf|Azelf|1\/291\n|-zpower|p2a: Cofagrigus\n|move|p2a: Cofagrigus|Never-Ending Nightmare|p1a: Azelf|[zeffect]\n|-supereffective|p1a: Azelf\n|-damage|p1a: Azelf|0 fnt\n|faint|p1a: Azelf\n|\n|upkeep\n|inactive|CarlyBae has 120 seconds left.\n|\n|switch|p1a: Florges|Florges, F|205\/360\n|turn|7\n|\n|move|p2a: Cofagrigus|Nasty Plot|p2a: Cofagrigus\n|-boost|p2a: Cofagrigus|spa|2\n|move|p1a: Florges|Synthesis|p1a: Florges\n|-heal|p1a: Florges|360\/360\n|\n|upkeep\n|turn|8\n|\n|switch|p1a: Sharpedo|Sharpedo, M|281\/281\n|move|p2a: Cofagrigus|Shadow Ball|p1a: Sharpedo\n|-resisted|p1a: Sharpedo\n|-damage|p1a: Sharpedo|0 fnt\n|faint|p1a: Sharpedo\n|\n|-fieldend|move: Trick Room\n|upkeep\n|\n|switch|p1a: Magneton|Magneton|242\/242\n|turn|9\n|\n|move|p1a: Magneton|Thunderbolt|p2a: Cofagrigus\n|-damage|p2a: Cofagrigus|107\/320\n|move|p2a: Cofagrigus|Trick Room|p2a: Cofagrigus\n|-fieldstart|move: Trick Room|[of] p2a: Cofagrigus\n|\n|upkeep\n|turn|10\n|\n|switch|p1a: Yanmega|Yanmega, M|313\/313\n|move|p2a: Cofagrigus|Shadow Ball|p1a: Yanmega\n|-damage|p1a: Yanmega|0 fnt\n|faint|p1a: Yanmega\n|\n|upkeep\n|\n|switch|p1a: Doublade|Doublade, M|319\/319\n|turn|11\n|\n|move|p1a: Doublade|Shadow Sneak|p2a: Cofagrigus\n|-supereffective|p2a: Cofagrigus\n|-damage|p2a: Cofagrigus|5\/320\n|-activate|p2a: Cofagrigus|ability: Mummy|No Guard|[of] p1a: Doublade\n|move|p2a: Cofagrigus|Shadow Ball|p1a: Doublade\n|-supereffective|p1a: Doublade\n|-damage|p1a: Doublade|0 fnt\n|faint|p1a: Doublade\n|\n|upkeep\n|-message|CarlyBae forfeited.\n|\n|win|sean han\n|l|\u2606CarlyBae\n","inputlog":">version dc92d302d73fe38280560fccaee55a5802f1bb9d\n>start {\"formatid\":\"gen7battlefactory\",\"seed\":[64771,48458,39016,9188],\"rated\":\"Rated battle\"}\n>player p1 {\"name\":\"CarlyBae\",\"avatar\":\"266\",\"team\":\"\"}\n>player p2 {\"name\":\"sean han\",\"avatar\":\"126\",\"team\":\"\"}\n>p1 team 2, 1, 3, 4, 5, 6\n>p2 team 2, 1, 3, 4, 5, 6\n>p1 move stealthrock\n>p2 move shadowball\n>p1 switch 4\n>p2 move nastyplot\n>p1 move wish\n>p2 move shadowball\n>p1 switch 6\n>p2 move trickroom\n>p1 move protect\n>p2 move hiddenpower\n>p1 switch 4\n>p2 move shadowball zmove\n>p1 switch 6\n>p1 move synthesis\n>p2 move nastyplot\n>p1 switch 4\n>p2 move shadowball\n>p1 switch 5\n>p1 move thunderbolt\n>p2 move trickroom\n>p1 switch 2\n>p2 move shadowball\n>p1 switch 3\n>p1 move shadowsneak\n>p2 move shadowball","uploadtime":1539914491,"views":4,"p1id":"carlybae","p2id":"seanhan","formatid":"gen7battlefactory","rating":0,"private":0,"password":null}