{"id":"gen7ou-822631904","p1":"H4WT \u2605","p2":"mangag","format":"gen7ou","log":"|j|\u2606H4WT \u2605\n|j|\u2606mangag\n|player|p1|H4WT \u2605|266\n|player|p2|mangag|87\n|teamsize|p1|6\n|teamsize|p2|6\n|gametype|singles\n|gen|7\n|tier|[Gen 7] OU\n|rated|\n|rule|Sleep Clause Mod: Limit one foe put to sleep\n|rule|Species Clause: Limit one of each Pok\u00e9mon\n|rule|OHKO Clause: OHKO moves are banned\n|rule|Moody Clause: Moody is banned\n|rule|Evasion Moves Clause: Evasion moves are banned\n|rule|Endless Battle Clause: Forcing endless battles is banned\n|rule|HP Percentage Mod: HP is shown in percentages\n|clearpoke\n|poke|p1|Tornadus-Therian, M|item\n|poke|p1|Slowbro, M|item\n|poke|p1|Tapu Bulu|item\n|poke|p1|Heatran, M|item\n|poke|p1|Kartana|item\n|poke|p1|Landorus-Therian, M|item\n|poke|p2|Heatran, F|item\n|poke|p2|Tapu Bulu|item\n|poke|p2|Magnezone|item\n|poke|p2|Greninja, M|item\n|poke|p2|Pinsir, F|item\n|poke|p2|Landorus-Therian, M|item\n|teampreview\n|inactive|Battle timer is ON: inactive players will automatically lose when time's up. (requested by mangag)\n|\n|start\n|switch|p1a: Landorus|Landorus-Therian, M|100\/100\n|switch|p2a: Landorus|Landorus-Therian, M|100\/100\n|-ability|p1a: Landorus|Intimidate|boost\n|-unboost|p2a: Landorus|atk|1\n|-ability|p2a: Landorus|Intimidate|boost\n|-unboost|p1a: Landorus|atk|1\n|turn|1\n|\n|move|p1a: Landorus|U-turn|p2a: Landorus\n|-resisted|p2a: Landorus\n|-crit|p2a: Landorus\n|-damage|p2a: Landorus|86\/100\n|-damage|p1a: Landorus|84\/100|[from] item: Rocky Helmet|[of] p2a: Landorus\n|\n|switch|p1a: Tornadus|Tornadus-Therian, M|100\/100\n|move|p2a: Landorus|Hidden Power|p1a: Tornadus\n|-supereffective|p1a: Tornadus\n|-crit|p1a: Tornadus\n|-damage|p1a: Tornadus|58\/100\n|\n|upkeep\n|turn|2\n|\n|switch|p2a: Magnezone|Magnezone|100\/100\n|move|p1a: Tornadus|Hurricane|p2a: Magnezone|[miss]\n|-miss|p1a: Tornadus|p2a: Magnezone\n|\n|upkeep\n|turn|3\n|\n|move|p1a: Tornadus|U-turn|p2a: Magnezone\n|-resisted|p2a: Magnezone\n|-damage|p2a: Magnezone|95\/100\n|\n|switch|p1a: Heatran|Heatran, M|100\/100\n|move|p2a: Magnezone|Flash Cannon|p1a: Heatran\n|-resisted|p1a: Heatran\n|-damage|p1a: Heatran|89\/100\n|\n|upkeep\n|turn|4\n|\n|move|p1a: Heatran|Stealth Rock|p2a: Magnezone\n|-sidestart|p2: mangag|move: Stealth Rock\n|move|p2a: Magnezone|Volt Switch|p1a: Heatran\n|-damage|p1a: Heatran|50\/100\n|\n|switch|p2a: Landorus|Landorus-Therian, M|86\/100\n|-damage|p2a: Landorus|74\/100|[from] Stealth Rock\n|-ability|p2a: Landorus|Intimidate|boost\n|-unboost|p1a: Heatran|atk|1\n|\n|upkeep\n|turn|5\n|\n|-zpower|p1a: Heatran\n|move|p1a: Heatran|Corkscrew Crash|p2a: Landorus|[zeffect]\n|-damage|p2a: Landorus|0 fnt\n|faint|p2a: Landorus\n|\n|upkeep\n|\n|switch|p2a: Greninja|Greninja, M|100\/100\n|-damage|p2a: Greninja|88\/100|[from] Stealth Rock\n|turn|6\n|\n|move|p2a: Greninja|Dark Pulse|p1a: Heatran\n|-damage|p1a: Heatran|0 fnt\n|faint|p1a: Heatran\n|-activate|p2a: Greninja|ability: Battle Bond\n|detailschange|p2a: Greninja|Greninja-Ash, M\n|\n|upkeep\n|\n|switch|p1a: Landorus|Landorus-Therian, M|84\/100\n|-ability|p1a: Landorus|Intimidate|boost\n|-unboost|p2a: Greninja|atk|1\n|turn|7\n|\n|switch|p2a: Heatran|Heatran, F|100\/100\n|-damage|p2a: Heatran|88\/100|[from] Stealth Rock\n|move|p1a: Landorus|U-turn|p2a: Heatran\n|-resisted|p2a: Heatran\n|-damage|p2a: Heatran|83\/100\n|\n|switch|p1a: Kartana|Kartana|100\/100\n|\n|-heal|p2a: Heatran|89\/100|[from] item: Leftovers\n|upkeep\n|turn|8\n|\n|switch|p2a: Tapu Bulu|Tapu Bulu|100\/100\n|-damage|p2a: Tapu Bulu|88\/100|[from] Stealth Rock\n|-fieldstart|move: Grassy Terrain|[from] ability: Grassy Surge|[of] p2a: Tapu Bulu\n|move|p1a: Kartana|Sacred Sword|p2a: Tapu Bulu\n|-resisted|p2a: Tapu Bulu\n|-damage|p2a: Tapu Bulu|57\/100\n|\n|-heal|p2a: Tapu Bulu|63\/100|[from] Grassy Terrain\n|upkeep\n|turn|9\n|\n|switch|p1a: Landorus|Landorus-Therian, M|84\/100\n|-ability|p1a: Landorus|Intimidate|boost\n|-unboost|p2a: Tapu Bulu|atk|1\n|move|p2a: Tapu Bulu|Wood Hammer|p1a: Landorus\n|-damage|p1a: Landorus|0 fnt\n|-damage|p2a: Tapu Bulu|30\/100|[from] Recoil\n|faint|p1a: Landorus\n|\n|-heal|p2a: Tapu Bulu|36\/100|[from] Grassy Terrain\n|upkeep\n|\n|switch|p1a: Tornadus|Tornadus-Therian, M|92\/100\n|turn|10\n|\n|switch|p2a: Magnezone|Magnezone|95\/100\n|-damage|p2a: Magnezone|89\/100|[from] Stealth Rock\n|move|p1a: Tornadus|U-turn|p2a: Magnezone\n|-resisted|p2a: Magnezone\n|-damage|p2a: Magnezone|82\/100\n|\n|switch|p1a: Kartana|Kartana|100\/100\n|\n|-heal|p2a: Magnezone|89\/100|[from] Grassy Terrain\n|upkeep\n|turn|11\n|\n|move|p1a: Kartana|Sacred Sword|p2a: Magnezone\n|-supereffective|p2a: Magnezone\n|-damage|p2a: Magnezone|0 fnt\n|faint|p2a: Magnezone\n|-ability|p1a: Kartana|Beast Boost|boost\n|-boost|p1a: Kartana|atk|1\n|\n|upkeep\n|\n|switch|p2a: Pinsir|Pinsir, F|100\/100\n|-damage|p2a: Pinsir|76\/100|[from] Stealth Rock\n|turn|12\n|\n|detailschange|p2a: Pinsir|Pinsir-Mega, F\n|-mega|p2a: Pinsir|Pinsir|Pinsirite\n|move|p1a: Kartana|Sacred Sword|p2a: Pinsir\n|-resisted|p2a: Pinsir\n|-damage|p2a: Pinsir|52\/100\n|move|p2a: Pinsir|Swords Dance|p2a: Pinsir\n|-boost|p2a: Pinsir|atk|2\n|\n|-fieldend|move: Grassy Terrain\n|upkeep\n|turn|13\n|\n|switch|p1a: Tornadus|Tornadus-Therian, M|100\/100\n|move|p2a: Pinsir|Return|p1a: Tornadus\n|-damage|p1a: Tornadus|0 fnt\n|-damage|p2a: Pinsir|36\/100|[from] item: Rocky Helmet|[of] p1a: Tornadus\n|faint|p1a: Tornadus\n|\n|upkeep\n|\n|switch|p1a: Slowbro|Slowbro, M|100\/100\n|turn|14\n|\n|switch|p2a: Greninja|Greninja-Ash, M|88\/100\n|-damage|p2a: Greninja|76\/100|[from] Stealth Rock\n|detailschange|p1a: Slowbro|Slowbro-Mega, M\n|-mega|p1a: Slowbro|Slowbro|Slowbronite\n|move|p1a: Slowbro|Scald|p2a: Greninja\n|-resisted|p2a: Greninja\n|-damage|p2a: Greninja|48\/100\n|\n|upkeep\n|turn|15\n|\n|switch|p1a: Tapu Bulu|Tapu Bulu|100\/100\n|-fieldstart|move: Grassy Terrain|[from] ability: Grassy Surge|[of] p1a: Tapu Bulu\n|move|p2a: Greninja|Dark Pulse|p1a: Tapu Bulu\n|-resisted|p1a: Tapu Bulu\n|-damage|p1a: Tapu Bulu|74\/100\n|\n|-heal|p2a: Greninja|54\/100|[from] Grassy Terrain\n|-heal|p1a: Tapu Bulu|80\/100|[from] item: Leftovers\n|-heal|p1a: Tapu Bulu|86\/100|[from] Grassy Terrain\n|upkeep\n|turn|16\n|\n|switch|p2a: Pinsir|Pinsir-Mega, F|36\/100\n|-damage|p2a: Pinsir|0 fnt|[from] Stealth Rock\n|faint|p2a: Pinsir\n|move|p1a: Tapu Bulu|Superpower|p2: Pinsir|[notarget]\n|-notarget\n|\n|-heal|p1a: Tapu Bulu|92\/100|[from] item: Leftovers\n|-heal|p1a: Tapu Bulu|98\/100|[from] Grassy Terrain\n|upkeep\n|\n|switch|p2a: Heatran|Heatran, F|89\/100\n|-damage|p2a: Heatran|77\/100|[from] Stealth Rock\n|turn|17\n|\n|switch|p1a: Slowbro|Slowbro-Mega, M|100\/100\n|move|p2a: Heatran|Magma Storm|p1a: Slowbro\n|-resisted|p1a: Slowbro\n|-damage|p1a: Slowbro|78\/100\n|-activate|p1a: Slowbro|move: Magma Storm|[of] p2a: Heatran\n|\n|-heal|p2a: Heatran|83\/100|[from] item: Leftovers\n|-heal|p2a: Heatran|89\/100|[from] Grassy Terrain\n|-heal|p1a: Slowbro|84\/100|[from] Grassy Terrain\n|-damage|p1a: Slowbro|71\/100|[from] move: Magma Storm|[partiallytrapped]\n|upkeep\n|turn|18\n|\n|move|p2a: Heatran|Toxic|p1a: Slowbro\n|-status|p1a: Slowbro|tox\n|move|p1a: Slowbro|Scald|p2a: Heatran\n|-supereffective|p2a: Heatran\n|-damage|p2a: Heatran|45\/100\n|\n|-heal|p2a: Heatran|52\/100|[from] item: Leftovers\n|-heal|p2a: Heatran|58\/100|[from] Grassy Terrain\n|-heal|p1a: Slowbro|77\/100 tox|[from] Grassy Terrain\n|-damage|p1a: Slowbro|71\/100 tox|[from] psn\n|-damage|p1a: Slowbro|59\/100 tox|[from] move: Magma Storm|[partiallytrapped]\n|upkeep\n|turn|19\n|\n|move|p2a: Heatran|Taunt|p1a: Slowbro\n|-start|p1a: Slowbro|move: Taunt\n|cant|p1a: Slowbro|move: Taunt|Slack Off\n|\n|-heal|p2a: Heatran|64\/100|[from] item: Leftovers\n|-heal|p2a: Heatran|70\/100|[from] Grassy Terrain\n|-heal|p1a: Slowbro|65\/100 tox|[from] Grassy Terrain\n|-fieldend|move: Grassy Terrain\n|-damage|p1a: Slowbro|53\/100 tox|[from] psn\n|-damage|p1a: Slowbro|40\/100 tox|[from] move: Magma Storm|[partiallytrapped]\n|upkeep\n|turn|20\n|\n|move|p2a: Heatran|Magma Storm|p1a: Slowbro|[miss]\n|-miss|p2a: Heatran|p1a: Slowbro\n|move|p1a: Slowbro|Scald|p2a: Heatran\n|-supereffective|p2a: Heatran\n|-damage|p2a: Heatran|25\/100\n|\n|-heal|p2a: Heatran|31\/100|[from] item: Leftovers\n|-damage|p1a: Slowbro|22\/100 tox|[from] psn\n|-damage|p1a: Slowbro|10\/100 tox|[from] move: Magma Storm|[partiallytrapped]\n|upkeep\n|turn|21\n|\n|move|p2a: Heatran|Earth Power|p1a: Slowbro\n|-damage|p1a: Slowbro|0 fnt\n|faint|p1a: Slowbro\n|\n|-heal|p2a: Heatran|37\/100|[from] item: Leftovers\n|upkeep\n|\n|switch|p1a: Kartana|Kartana|100\/100\n|turn|22\n|\n|switch|p2a: Tapu Bulu|Tapu Bulu|36\/100\n|-damage|p2a: Tapu Bulu|23\/100|[from] Stealth Rock\n|-fieldstart|move: Grassy Terrain|[from] ability: Grassy Surge|[of] p2a: Tapu Bulu\n|move|p1a: Kartana|Sacred Sword|p2a: Tapu Bulu\n|-resisted|p2a: Tapu Bulu\n|-damage|p2a: Tapu Bulu|0 fnt\n|faint|p2a: Tapu Bulu\n|-ability|p1a: Kartana|Beast Boost|boost\n|-boost|p1a: Kartana|atk|1\n|\n|upkeep\n|\n|switch|p2a: Greninja|Greninja-Ash, M|54\/100\n|-damage|p2a: Greninja|42\/100|[from] Stealth Rock\n|turn|23\n|inactive|mangag has 120 seconds left.\n|inactive|mangag has 90 seconds left.\n|\n|move|p2a: Greninja|U-turn|p1a: Kartana\n|-damage|p1a: Kartana|81\/100\n|\n|switch|p2a: Heatran|Heatran, F|37\/100\n|-damage|p2a: Heatran|25\/100|[from] Stealth Rock\n|move|p1a: Kartana|Sacred Sword|p2a: Heatran\n|-supereffective|p2a: Heatran\n|-crit|p2a: Heatran\n|-damage|p2a: Heatran|0 fnt\n|faint|p2a: Heatran\n|-ability|p1a: Kartana|Beast Boost|boost\n|-boost|p1a: Kartana|atk|1\n|\n|-heal|p1a: Kartana|87\/100|[from] Grassy Terrain\n|upkeep\n|\n|switch|p2a: Greninja|Greninja-Ash, M|42\/100\n|-damage|p2a: Greninja|29\/100|[from] Stealth Rock\n|turn|24\n|\n|move|p2a: Greninja|Dark Pulse|p1a: Kartana\n|-damage|p1a: Kartana|0 fnt\n|faint|p1a: Kartana\n|\n|-heal|p2a: Greninja|35\/100|[from] Grassy Terrain\n|upkeep\n|\n|switch|p1a: Tapu Bulu|Tapu Bulu|98\/100\n|turn|25\n|\n|move|p2a: Greninja|Dark Pulse|p1a: Tapu Bulu\n|-resisted|p1a: Tapu Bulu\n|-damage|p1a: Tapu Bulu|69\/100\n|move|p1a: Tapu Bulu|Horn Leech|p2a: Greninja\n|-supereffective|p2a: Greninja\n|-damage|p2a: Greninja|0 fnt\n|-heal|p1a: Tapu Bulu|84\/100|[from] drain|[of] p2a: Greninja\n|faint|p2a: Greninja\n|\n|win|H4WT \u2605\n|c|\u2606mangag|gg\n|c|\u2606H4WT \u2605|gg\n|raw|H4WT \u2605's rating: 1693 &rarr; <strong>1708<\/strong><br \/>(+15 for winning)\n|raw|mangag's rating: 1605 &rarr; <strong>1590<\/strong><br \/>(-15 for losing)\n|l|\u2606H4WT \u2605\n","uploadtime":1539966381,"views":20,"p1id":"h4wt","p2id":"mangag","formatid":"gen7ou","rating":1590,"private":0,"password":null}