{"id":"gen7ou-857842550","p1":"the412gang \u30c4","p2":"orangesss","format":"gen7ou","log":"|j|\u2606the412gang \u30c4\n|j|\u2606orangesss\n|player|p1|the412gang \u30c4|lucy-gen3\n|player|p2|orangesss|269\n|teamsize|p1|6\n|teamsize|p2|6\n|gametype|singles\n|gen|7\n|tier|[Gen 7] OU\n|rated|\n|rule|Sleep Clause Mod: Limit one foe put to sleep\n|rule|Species Clause: Limit one of each Pok\u00e9mon\n|rule|OHKO Clause: OHKO moves are banned\n|rule|Moody Clause: Moody is banned\n|rule|Evasion Moves Clause: Evasion moves are banned\n|rule|Endless Battle Clause: Forcing endless battles is banned\n|rule|HP Percentage Mod: HP is shown in percentages\n|clearpoke\n|poke|p1|Tapu Lele|item\n|poke|p1|Magearna|item\n|poke|p1|Landorus-Therian, M|item\n|poke|p1|Gyarados, F|item\n|poke|p1|Greninja, M|item\n|poke|p1|Kartana|item\n|poke|p2|Hawlucha, F|item\n|poke|p2|Swampert, F|item\n|poke|p2|Ferrothorn, F|item\n|poke|p2|Pelipper, F|item\n|poke|p2|Tapu Koko|item\n|poke|p2|Kartana|item\n|teampreview\n|inactive|Battle timer is ON: inactive players will automatically lose when time's up. (requested by orangesss)\n|\n|start\n|switch|p1a: Landorus|Landorus-Therian, M|100\/100\n|switch|p2a: Birdman|Tapu Koko|100\/100\n|-fieldstart|move: Electric Terrain|[from] ability: Electric Surge|[of] p2a: Birdman\n|-ability|p1a: Landorus|Intimidate|boost\n|-unboost|p2a: Birdman|atk|1\n|turn|1\n|j| Hijackerr\n|inactive|the412gang \u30c4 has 120 seconds left.\n|\n|move|p2a: Birdman|Dazzling Gleam|p1a: Landorus\n|-damage|p1a: Landorus|58\/100\n|move|p1a: Landorus|Earthquake|p2a: Birdman\n|-supereffective|p2a: Birdman\n|-damage|p2a: Birdman|0 fnt\n|faint|p2a: Birdman\n|\n|upkeep\n|\n|switch|p2a: Copypaste|Hawlucha, F|100\/100\n|-enditem|p2a: Copypaste|Electric Seed\n|-boost|p2a: Copypaste|def|1\n|turn|2\n|\n|move|p2a: Copypaste|Swords Dance|p2a: Copypaste\n|-boost|p2a: Copypaste|atk|2\n|move|p1a: Landorus|Explosion|p2a: Copypaste\n|-damage|p2a: Copypaste|25\/100\n|faint|p1a: Landorus\n|\n|upkeep\n|\n|switch|p1a: Greninja|Greninja, M|100\/100\n|turn|3\n|\n|switch|p2a: Hate rain :(|Ferrothorn, F|100\/100\n|move|p1a: Greninja|Water Shuriken|p2a: Hate rain :(\n|-resisted|p2a: Hate rain :(\n|-damage|p2a: Hate rain :(|97\/100\n|-resisted|p2a: Hate rain :(\n|-damage|p2a: Hate rain :(|93\/100\n|-resisted|p2a: Hate rain :(\n|-damage|p2a: Hate rain :(|89\/100\n|-resisted|p2a: Hate rain :(\n|-crit|p2a: Hate rain :(\n|-damage|p2a: Hate rain :(|82\/100\n|-resisted|p2a: Hate rain :(\n|-damage|p2a: Hate rain :(|79\/100\n|-hitcount|p2a: Hate rain :(|5\n|\n|-heal|p2a: Hate rain :(|85\/100|[from] item: Leftovers\n|upkeep\n|turn|4\n|l| Hijackerr\n|inactive|the412gang \u30c4 has 120 seconds left.\n|\n|switch|p1a: Kartana|Kartana|100\/100\n|move|p2a: Hate rain :(|Stealth Rock|p1a: Kartana\n|-sidestart|p1: the412gang \u30c4|move: Stealth Rock\n|\n|-heal|p2a: Hate rain :(|91\/100|[from] item: Leftovers\n|upkeep\n|turn|5\n|\n|move|p1a: Kartana|Swords Dance|p1a: Kartana\n|-boost|p1a: Kartana|atk|2\n|move|p2a: Hate rain :(|Knock Off|p1a: Kartana\n|-damage|p1a: Kartana|86\/100\n|\n|-heal|p2a: Hate rain :(|98\/100|[from] item: Leftovers\n|-fieldend|move: Electric Terrain\n|upkeep\n|turn|6\n|\n|switch|p2a: Copypaste|Hawlucha, F|25\/100\n|move|p1a: Kartana|Sacred Sword|p2a: Copypaste\n|-resisted|p2a: Copypaste\n|-damage|p2a: Copypaste|0 fnt\n|faint|p2a: Copypaste\n|-ability|p1a: Kartana|Beast Boost|boost\n|-boost|p1a: Kartana|atk|1\n|\n|upkeep\n|\n|switch|p2a: arsonist|Kartana|100\/100\n|turn|7\n|\n|move|p2a: arsonist|Sacred Sword|p1a: Kartana\n|-supereffective|p1a: Kartana\n|-damage|p1a: Kartana|0 fnt\n|faint|p1a: Kartana\n|-ability|p2a: arsonist|Beast Boost|boost\n|-boost|p2a: arsonist|atk|1\n|\n|upkeep\n|inactive|the412gang \u30c4 has 120 seconds left.\n|inactive|the412gang \u30c4 has 90 seconds left.\n|\n|switch|p1a: Tapu Lele|Tapu Lele|100\/100\n|-damage|p1a: Tapu Lele|88\/100|[from] Stealth Rock\n|-fieldstart|move: Psychic Terrain|[from] ability: Psychic Surge|[of] p1a: Tapu Lele\n|turn|8\n|\n|switch|p2a: Nappy love|Pelipper, F|100\/100\n|-weather|RainDance|[from] ability: Drizzle|[of] p2a: Nappy love\n|move|p1a: Tapu Lele|Hidden Power|p2a: Nappy love\n|-resisted|p2a: Nappy love\n|-damage|p2a: Nappy love|96\/100\n|\n|-weather|RainDance|[upkeep]\n|upkeep\n|turn|9\n|inactive|the412gang \u30c4 has 90 seconds left.\n|\n|move|p1a: Tapu Lele|Hidden Power|p2a: Nappy love\n|-resisted|p2a: Nappy love\n|-damage|p2a: Nappy love|90\/100\n|move|p2a: Nappy love|U-turn|p1a: Tapu Lele\n|-damage|p1a: Tapu Lele|75\/100\n|\n|switch|p2a: S for Swampert|Swampert, F|100\/100\n|\n|-weather|RainDance|[upkeep]\n|upkeep\n|turn|10\n|inactive|the412gang \u30c4 has 90 seconds left.\n|inactive|the412gang \u30c4 has 60 seconds left.\n|\n|detailschange|p2a: S for Swampert|Swampert-Mega, F\n|-mega|p2a: S for Swampert|Swampert|Swampertite\n|move|p2a: S for Swampert|Waterfall|p1a: Tapu Lele\n|-damage|p1a: Tapu Lele|0 fnt\n|faint|p1a: Tapu Lele\n|\n|-weather|RainDance|[upkeep]\n|upkeep\n|\n|switch|p1a: Gyarados|Gyarados, F|100\/100\n|-damage|p1a: Gyarados|76\/100|[from] Stealth Rock\n|-ability|p1a: Gyarados|Intimidate|boost\n|-unboost|p2a: S for Swampert|atk|1\n|turn|11\n|\n|switch|p2a: arsonist|Kartana|100\/100\n|move|p1a: Gyarados|Dragon Dance|p1a: Gyarados\n|-boost|p1a: Gyarados|atk|1\n|-boost|p1a: Gyarados|spe|1\n|\n|-weather|RainDance|[upkeep]\n|upkeep\n|turn|12\n|\n|move|p2a: arsonist|Leaf Blade|p1a: Gyarados\n|-damage|p1a: Gyarados|4\/100\n|move|p1a: Gyarados|Dragon Dance|p1a: Gyarados\n|-boost|p1a: Gyarados|atk|1\n|-boost|p1a: Gyarados|spe|1\n|\n|-weather|RainDance|[upkeep]\n|-fieldend|move: Psychic Terrain\n|upkeep\n|turn|13\n|inactive|the412gang \u30c4 has 90 seconds left.\n|\n|switch|p2a: Hate rain :(|Ferrothorn, F|98\/100\n|detailschange|p1a: Gyarados|Gyarados-Mega, F\n|-mega|p1a: Gyarados|Gyarados|Gyaradosite\n|-ability|p1a: Gyarados|Mold Breaker\n|move|p1a: Gyarados|Earthquake|p2a: Hate rain :(\n|-damage|p2a: Hate rain :(|51\/100\n|\n|-weather|RainDance|[upkeep]\n|-heal|p2a: Hate rain :(|58\/100|[from] item: Leftovers\n|upkeep\n|turn|14\n|inactive|the412gang \u30c4 has 90 seconds left.\n|\n|move|p1a: Gyarados|Crunch|p2a: Hate rain :(\n|-damage|p2a: Hate rain :(|1\/100\n|-damage|p1a: Gyarados|0 fnt|[from] ability: Iron Barbs|[of] p2a: Hate rain :(\n|faint|p1a: Gyarados\n|move|p2a: Hate rain :(|Gyro Ball|p1: Gyarados|[notarget]\n|-fail|p2a: Hate rain :(\n|\n|-weather|RainDance|[upkeep]\n|-heal|p2a: Hate rain :(|8\/100|[from] item: Leftovers\n|upkeep\n|\n|switch|p1a: Greninja|Greninja, M|100\/100\n|-damage|p1a: Greninja|88\/100|[from] Stealth Rock\n|turn|15\n|\n|switch|p2a: Nappy love|Pelipper, F|90\/100\n|move|p1a: Greninja|Water Shuriken|p2a: Nappy love\n|-resisted|p2a: Nappy love\n|-damage|p2a: Nappy love|82\/100\n|-resisted|p2a: Nappy love\n|-damage|p2a: Nappy love|73\/100\n|-resisted|p2a: Nappy love\n|-damage|p2a: Nappy love|66\/100\n|-resisted|p2a: Nappy love\n|-damage|p2a: Nappy love|58\/100\n|-hitcount|p2a: Nappy love|4\n|\n|-weather|none\n|upkeep\n|turn|16\n|inactive|the412gang \u30c4 has 90 seconds left.\n|\n|switch|p2a: S for Swampert|Swampert-Mega, F|100\/100\n|move|p1a: Greninja|Water Shuriken|p2a: S for Swampert\n|-damage|p2a: S for Swampert|91\/100\n|-damage|p2a: S for Swampert|82\/100\n|-damage|p2a: S for Swampert|73\/100\n|-damage|p2a: S for Swampert|64\/100\n|-hitcount|p2a: S for Swampert|4\n|\n|upkeep\n|turn|17\n|\n|move|p1a: Greninja|Water Shuriken|p2a: S for Swampert\n|-damage|p2a: S for Swampert|55\/100\n|-damage|p2a: S for Swampert|45\/100\n|-hitcount|p2a: S for Swampert|2\n|move|p2a: S for Swampert|Earthquake|p1a: Greninja\n|-damage|p1a: Greninja|0 fnt\n|faint|p1a: Greninja\n|\n|upkeep\n|\n|switch|p1a: Magearna|Magearna|100\/100\n|-damage|p1a: Magearna|94\/100|[from] Stealth Rock\n|turn|18\n|\n|move|p2a: S for Swampert|Earthquake|p1a: Magearna\n|-supereffective|p1a: Magearna\n|-enditem|p1a: Magearna|Shuca Berry|[eat]\n|-enditem|p1a: Magearna|Shuca Berry|[weaken]\n|-damage|p1a: Magearna|42\/100\n|move|p1a: Magearna|Trick Room|p1a: Magearna\n|-fieldstart|move: Trick Room|[of] p1a: Magearna\n|\n|upkeep\n|turn|19\n|\n|switch|p2a: Hate rain :(|Ferrothorn, F|8\/100\n|move|p1a: Magearna|Ice Beam|p2a: Hate rain :(\n|-damage|p2a: Hate rain :(|0 fnt\n|faint|p2a: Hate rain :(\n|-ability|p1a: Magearna|Soul-Heart|boost\n|-boost|p1a: Magearna|spa|1\n|\n|upkeep\n|inactive|orangesss has 120 seconds left.\n|\n|switch|p2a: Nappy love|Pelipper, F|58\/100\n|-weather|RainDance|[from] ability: Drizzle|[of] p2a: Nappy love\n|turn|20\n|\n|switch|p2a: S for Swampert|Swampert-Mega, F|45\/100\n|move|p1a: Magearna|Ice Beam|p2a: S for Swampert\n|-damage|p2a: S for Swampert|0 fnt\n|faint|p2a: S for Swampert\n|-ability|p1a: Magearna|Soul-Heart|boost\n|-boost|p1a: Magearna|spa|1\n|\n|-weather|RainDance|[upkeep]\n|upkeep\n|\n|switch|p2a: Nappy love|Pelipper, F|58\/100\n|turn|21\n|\n|move|p2a: Nappy love|Roost|p2a: Nappy love\n|-heal|p2a: Nappy love|100\/100\n|-singleturn|p2a: Nappy love|move: Roost\n|move|p1a: Magearna|Thunderbolt|p2a: Nappy love\n|-supereffective|p2a: Nappy love\n|-damage|p2a: Nappy love|0 fnt\n|faint|p2a: Nappy love\n|-ability|p1a: Magearna|Soul-Heart|boost\n|-boost|p1a: Magearna|spa|1\n|\n|-weather|RainDance|[upkeep]\n|upkeep\n|\n|switch|p2a: arsonist|Kartana|100\/100\n|turn|22\n|\n|move|p1a: Magearna|Ice Beam|p2a: arsonist\n|-damage|p2a: arsonist|0 fnt\n|faint|p2a: arsonist\n|\n|win|the412gang \u30c4\n","uploadtime":1549230052,"views":27,"p1id":"the412gang","p2id":"orangesss","formatid":"gen7ou","rating":0,"private":0,"password":null}