{"id":"gen7ou-673345643","p1":"Pitaye","p2":"turboblazeiv","format":"gen7ou","log":"|j|Pitaye\n|j|turboblazeiv\n|player|p1|Pitaye|36\n|teamsize|p1|6\n|player|p2|turboblazeiv|94\n|teamsize|p2|6\n|gametype|singles\n|gen|7\n|tier|[Gen 7] OU\n|rated||rule|Sleep Clause Mod: Limit one foe put to sleep\n|rule|Species Clause: Limit one of each Pok\u00e9mon\n|rule|OHKO Clause: OHKO moves are banned\n|rule|Moody Clause: Moody is banned\n|rule|Evasion Moves Clause: Evasion moves are banned\n|rule|Endless Battle Clause: Forcing endless battles is banned\n|rule|HP Percentage Mod: HP is shown in percentages\n|clearpoke\n|poke|p1|Landorus-Therian, M|item\n|poke|p1|Charizard, F|item\n|poke|p1|Keldeo|item\n|poke|p1|Serperior, F|item\n|poke|p1|Tyranitar, F|item\n|poke|p1|Excadrill, F|item\n|poke|p2|Alakazam, M|item\n|poke|p2|Chansey, F|item\n|poke|p2|Toxapex, F|item\n|poke|p2|Celesteela|item\n|poke|p2|Landorus-Therian, M|item\n|poke|p2|Thundurus-Therian, M|item\n|teampreview\n|inactive|Battle timer is ON: inactive players will automatically lose when time's up. (requested by turboblazeiv)\n|inactive|Pitaye has 135 seconds left.\n|inactive|Pitaye has 120 seconds left.|\n|start\n|switch|p1a: Lilith|Tyranitar, F|100\/100\n|switch|p2a: Celesteela|Celesteela|100\/100\n|-weather|Sandstorm|[from] ability: Sand Stream|[of] p1a: Lilith\n|turn|1\n|inactive|Pitaye has 135 seconds left.|\n|switch|p1a: Venus|Serperior, F|100\/100\n|move|p2a: Celesteela|Heavy Slam|p1a: Venus\n|-damage|p1a: Venus|53\/100\n|\n|-weather|Sandstorm|[upkeep]\n|-damage|p1a: Venus|47\/100|[from] sandstorm\n|-heal|p1a: Venus|53\/100|[from] item: Leftovers\n|upkeep\n|turn|2\n|inactive|turboblazeiv has 135 seconds left.|\n|switch|p1a: Krokmou|Charizard, F|100\/100\n|move|p2a: Celesteela|Heavy Slam|p1a: Krokmou\n|-resisted|p1a: Krokmou\n|-damage|p1a: Krokmou|73\/100\n|\n|-weather|Sandstorm|[upkeep]\n|-damage|p1a: Krokmou|67\/100|[from] sandstorm\n|upkeep\n|turn|3|\n|switch|p2a: Chansey|Chansey, F|100\/100\n|-mega|p1a: Krokmou|Charizard|Charizardite Y\n|detailschange|p1a: Krokmou|Charizard-Mega-Y, F\n|-weather|SunnyDay|[from] ability: Drought|[of] p1a: Krokmou\n|move|p1a: Krokmou|Flamethrower|p2a: Chansey\n|-damage|p2a: Chansey|75\/100\n|\n|-weather|SunnyDay|[upkeep]\n|upkeep\n|turn|4\n|inactive|turboblazeiv has 135 seconds left.|\n|switch|p1a: Lilith|Tyranitar, F|100\/100\n|-weather|Sandstorm|[from] ability: Sand Stream|[of] p1a: Lilith\n|move|p2a: Chansey|Stealth Rock|p1a: Lilith\n|-sidestart|p1: Pitaye|move: Stealth Rock\n|\n|-weather|Sandstorm|[upkeep]\n|-damage|p2a: Chansey|69\/100|[from] sandstorm\n|upkeep\n|turn|5\n|inactive|Pitaye has 135 seconds left.|\n|switch|p1a: Krokmou|Charizard-Mega-Y, F|67\/100\n|-damage|p1a: Krokmou|17\/100|[from] Stealth Rock\n|-weather|SunnyDay|[from] ability: Drought|[of] p1a: Krokmou\n|switch|p2a: Celesteela|Celesteela|100\/100\n|\n|-weather|SunnyDay|[upkeep]\n|upkeep\n|turn|6|\n|switch|p2a: Thundurus|Thundurus-Therian, M|100\/100\n|move|p1a: Krokmou|Roost|p1a: Krokmou\n|-heal|p1a: Krokmou|68\/100\n|\n|-weather|SunnyDay|[upkeep]\n|upkeep\n|turn|7|\n|switch|p1a: Lilith|Tyranitar, F|100\/100\n|-damage|p1a: Lilith|88\/100|[from] Stealth Rock\n|-weather|Sandstorm|[from] ability: Sand Stream|[of] p1a: Lilith\n|move|p2a: Thundurus|Volt Switch|p1a: Lilith\n|-damage|p1a: Lilith|70\/100|\n|switch|p2a: Celesteela|Celesteela|100\/100\n|\n|-weather|Sandstorm|[upkeep]\n|upkeep\n|turn|8|\n|switch|p1a: Meow Meow|Landorus-Therian, M|100\/100\n|-damage|p1a: Meow Meow|88\/100|[from] Stealth Rock\n|-ability|p1a: Meow Meow|Intimidate|boost\n|-unboost|p2a: Celesteela|atk|1\n|move|p2a: Celesteela|Heavy Slam|p1a: Meow Meow\n|-damage|p1a: Meow Meow|70\/100\n|\n|-weather|Sandstorm|[upkeep]\n|-heal|p1a: Meow Meow|76\/100|[from] item: Leftovers\n|upkeep\n|turn|9\n|inactive|turboblazeiv has 135 seconds left.|\n|switch|p2a: Landorus|Landorus-Therian, M|100\/100\n|-ability|p2a: Landorus|Intimidate|boost\n|-unboost|p1a: Meow Meow|atk|1\n|move|p1a: Meow Meow|Defog|p2a: Landorus\n|-unboost|p2a: Landorus|evasion|1\n|-sideend|p1: Pitaye|Stealth Rock|[from] move: Defog|[of] p1a: Meow Meow\n|\n|-weather|Sandstorm|[upkeep]\n|-heal|p1a: Meow Meow|82\/100|[from] item: Leftovers\n|upkeep\n|turn|10|\n|move|p2a: Landorus|Rock Polish|p2a: Landorus\n|-boost|p2a: Landorus|spe|2\n|move|p1a: Meow Meow|Toxic|p2a: Landorus\n|-status|p2a: Landorus|tox\n|\n|-weather|Sandstorm|[upkeep]\n|-heal|p1a: Meow Meow|88\/100|[from] item: Leftovers\n|-damage|p2a: Landorus|95\/100 tox|[from] psn\n|upkeep\n|turn|11|\n|move|p2a: Landorus|Swords Dance|p2a: Landorus\n|-boost|p2a: Landorus|atk|2\n|move|p1a: Meow Meow|Hidden Power|p2a: Landorus\n|-supereffective|p2a: Landorus\n|-damage|p2a: Landorus|24\/100 tox\n|\n|-weather|Sandstorm|[upkeep]\n|-heal|p1a: Meow Meow|94\/100|[from] item: Leftovers\n|-damage|p2a: Landorus|12\/100 tox|[from] psn\n|upkeep\n|turn|12|\n|switch|p1a: Lilith|Tyranitar, F|70\/100\n|-zpower|p2a: Landorus\n|move|p2a: Landorus|Supersonic Skystrike|p1a: Lilith|[zeffect]\n|-resisted|p1a: Lilith\n|-damage|p1a: Lilith|0 fnt\n|faint|p1a: Lilith\n|\n|-weather|Sandstorm|[upkeep]\n|-damage|p2a: Landorus|0 fnt|[from] psn\n|upkeep\n|faint|p2a: Landorus|\n|switch|p2a: Thundurus|Thundurus-Therian, M|100\/100\n|switch|p1a: Krokmou|Charizard-Mega-Y, F|68\/100\n|-weather|SunnyDay|[from] ability: Drought|[of] p1a: Krokmou\n|turn|13\n|inactive|turboblazeiv has 135 seconds left.|\n|move|p2a: Thundurus|Hidden Power|p1a: Krokmou\n|-damage|p1a: Krokmou|43\/100\n|move|p1a: Krokmou|Flamethrower|p2a: Thundurus\n|-damage|p2a: Thundurus|0 fnt\n|faint|p2a: Thundurus\n|\n|-weather|SunnyDay|[upkeep]\n|upkeep|\n|switch|p2a: Alakazam|Alakazam, M|100\/100\n|turn|14|\n|move|p2a: Alakazam|Substitute|p2a: Alakazam\n|-start|p2a: Alakazam|Substitute\n|-damage|p2a: Alakazam|76\/100\n|move|p1a: Krokmou|Flamethrower|p2a: Alakazam\n|-end|p2a: Alakazam|Substitute\n|\n|-weather|SunnyDay|[upkeep]\n|upkeep\n|turn|15|\n|move|p2a: Alakazam|Psyshock|p1a: Krokmou\n|-damage|p1a: Krokmou|0 fnt\n|faint|p1a: Krokmou\n|\n|-weather|SunnyDay|[upkeep]\n|upkeep|\n|switch|p1a: Meow Meow|Landorus-Therian, M|94\/100\n|-ability|p1a: Meow Meow|Intimidate|boost\n|-unboost|p2a: Alakazam|atk|1\n|turn|16\n|inactive|turboblazeiv has 135 seconds left.\n|j|nastywatchog|\n|switch|p2a: Celesteela|Celesteela|100\/100\n|switch|p1a: Marquise|Keldeo|100\/100\n|\n|-weather|SunnyDay|[upkeep]\n|upkeep\n|turn|17|\n|move|p2a: Celesteela|Protect|p2a: Celesteela\n|-singleturn|p2a: Celesteela|Protect\n|move|p1a: Marquise|Scald|p2a: Celesteela\n|-activate|p2a: Celesteela|move: Protect\n|\n|-weather|none\n|upkeep\n|turn|18|\n|switch|p2a: Toxapex|Toxapex, F|100\/100\n|move|p1a: Marquise|Scald|p2a: Toxapex\n|-resisted|p2a: Toxapex\n|-damage|p2a: Toxapex|87\/100\n|\n|-heal|p2a: Toxapex|93\/100|[from] item: Black Sludge\n|upkeep\n|turn|19|\n|switch|p1a: Venus|Serperior, F|53\/100\n|move|p2a: Toxapex|Toxic Spikes|p1a: Venus\n|-sidestart|p1: Pitaye|move: Toxic Spikes\n|\n|-heal|p1a: Venus|60\/100|[from] item: Leftovers\n|-heal|p2a: Toxapex|99\/100|[from] item: Black Sludge\n|upkeep\n|turn|20|\n|switch|p2a: Chansey|Chansey, F|69\/100\n|move|p1a: Venus|Leech Seed|p2a: Chansey\n|-start|p2a: Chansey|move: Leech Seed\n|\n|-heal|p1a: Venus|66\/100|[from] item: Leftovers\n|-damage|p2a: Chansey|57\/100|[from] Leech Seed|[of] p1a: Venus\n|-heal|p1a: Venus|94\/100|[silent]\n|upkeep\n|turn|21|\n|move|p1a: Venus|Substitute|p1a: Venus\n|-start|p1a: Venus|Substitute\n|-damage|p1a: Venus|69\/100\n|move|p2a: Chansey|Toxic|p1a: Venus\n|-fail|p1a: Venus\n|\n|-heal|p1a: Venus|76\/100|[from] item: Leftovers\n|-damage|p2a: Chansey|44\/100|[from] Leech Seed|[of] p1a: Venus\n|-heal|p1a: Venus|100\/100|[silent]\n|upkeep\n|turn|22|\n|switch|p2a: Celesteela|Celesteela|100\/100\n|move|p1a: Venus|Leaf Storm|p2a: Celesteela\n|-resisted|p2a: Celesteela\n|-crit|p2a: Celesteela\n|-damage|p2a: Celesteela|88\/100\n|-boost|p1a: Venus|spa|2\n|\n|-heal|p2a: Celesteela|94\/100|[from] item: Leftovers\n|upkeep\n|turn|23|\n|move|p1a: Venus|Leech Seed|p2a: Celesteela\n|-start|p2a: Celesteela|move: Leech Seed\n|move|p2a: Celesteela|Heavy Slam|p1a: Venus\n|-end|p1a: Venus|Substitute\n|\n|-heal|p2a: Celesteela|100\/100|[from] item: Leftovers\n|-damage|p2a: Celesteela|88\/100|[from] Leech Seed|[of] p1a: Venus\n|upkeep\n|turn|24|\n|move|p1a: Venus|Substitute|p1a: Venus\n|-start|p1a: Venus|Substitute\n|-damage|p1a: Venus|76\/100\n|move|p2a: Celesteela|Heavy Slam|p1a: Venus\n|-crit|p1a: Venus\n|-end|p1a: Venus|Substitute\n|\n|-heal|p1a: Venus|82\/100|[from] item: Leftovers\n|-heal|p2a: Celesteela|94\/100|[from] item: Leftovers\n|-damage|p2a: Celesteela|82\/100|[from] Leech Seed|[of] p1a: Venus\n|-heal|p1a: Venus|98\/100|[silent]\n|upkeep\n|turn|25|\n|switch|p2a: Alakazam|Alakazam, M|76\/100\n|move|p1a: Venus|Substitute|p1a: Venus\n|-start|p1a: Venus|Substitute\n|-damage|p1a: Venus|73\/100\n|\n|-heal|p1a: Venus|79\/100|[from] item: Leftovers\n|upkeep\n|turn|26|\n|switch|p2a: Chansey|Chansey, F|44\/100\n|move|p1a: Venus|Leaf Storm|p2a: Chansey\n|-damage|p2a: Chansey|18\/100\n|-boost|p1a: Venus|spa|2\n|\n|-heal|p1a: Venus|85\/100|[from] item: Leftovers\n|upkeep\n|turn|27|\n|move|p1a: Venus|Leaf Storm|p2a: Chansey\n|-damage|p2a: Chansey|0 fnt\n|-boost|p1a: Venus|spa|2\n|faint|p2a: Chansey\n|\n|-heal|p1a: Venus|92\/100|[from] item: Leftovers\n|upkeep|\n|switch|p2a: Celesteela|Celesteela|82\/100\n|turn|28\n|inactive|Pitaye has 135 seconds left.\n|j|spider bowie\n|l|spider bowie\n|inactive|Pitaye has 120 seconds left.\n|inactive|Pitaye has 105 seconds left.|\n|move|p1a: Venus|Hidden Power|p2a: Celesteela\n|-supereffective|p2a: Celesteela\n|-damage|p2a: Celesteela|0 fnt\n|faint|p2a: Celesteela\n|\n|-heal|p1a: Venus|98\/100|[from] item: Leftovers\n|upkeep\n|l|nastywatchog\n|inactive|turboblazeiv has 135 seconds left.|\n|switch|p2a: Alakazam|Alakazam, M|76\/100\n|turn|29\n|-message|turboblazeiv forfeited.\n|\n|win|Pitaye\n|l|turboblazeiv\n|raw|Pitaye's rating: 1737 &rarr; <strong>1753<\/strong><br \/>(+16 for winning)\n|raw|turboblazeiv's rating: 1663 &rarr; <strong>1647<\/strong><br \/>(-16 for losing)","inputlog":null,"uploadtime":1513173888,"views":74,"p1id":"pitaye","p2id":"turboblazeiv","formatid":"gen7ou","rating":1647,"private":0,"password":null}