{"id":"gen7ou-630964459","p1":"OmniVisionGaming","p2":"wolfwarrior","format":"gen7ou","log":"|j|OmniVisionGaming\n|j|wolfwarrior\n|inactive|Battle timer is ON: inactive players will automatically lose when time's up.\n|player|p1|OmniVisionGaming|102\n|teamsize|p1|6\n|player|p2|wolfwarrior|162\n|teamsize|p2|6\n|gametype|singles\n|gen|7\n|tier|[Gen 7] OU\n|seed|9575,52509,13523,56841\n|rule|Sleep Clause Mod: Limit one foe put to sleep\n|rule|Species Clause: Limit one of each Pok\u00e9mon\n|rule|OHKO Clause: OHKO moves are banned\n|rule|Moody Clause: Moody is banned\n|rule|Evasion Moves Clause: Evasion moves are banned\n|rule|Endless Battle Clause: Forcing endless battles is banned\n|rule|HP Percentage Mod: HP is shown in percentages\n|clearpoke\n|poke|p1|Steelix, M|item\n|poke|p1|Hawlucha, M|item\n|poke|p1|Tapu Koko|item\n|poke|p1|Xurkitree|item\n|poke|p1|Greninja, M|item\n|poke|p1|Chansey, F|item\n|poke|p2|Jolteon, M|item\n|poke|p2|Charizard, M|item\n|poke|p2|Starmie|item\n|poke|p2|Cloyster, F|item\n|poke|p2|Breloom, M|item\n|poke|p2|Excadrill, M|item\n|teampreview\n|c|\u2606wolfwarrior|:)\n|c|\u2606wolfwarrior|LOLOL\n|choice|team 1, team 2, team 3, team 4, team 5, team 6|team 4, team 2, team 3, team 1, team 5, team 6\n|\n|start\n|switch|p1a: Magix|Steelix, M|354\/354\n|switch|p2a: Cloyster|Cloyster, F, shiny|242\/242\n|turn|1\n|c|\u2606OmniVisionGaming|Right? lol\n|choice|move toxic mega|move shellsmash\n|\n|detailschange|p1a: Magix|Steelix-Mega, M\n|-mega|p1a: Magix|Steelix|Steelixite\n|move|p2a: Cloyster|Shell Smash|p2a: Cloyster\n|-unboost|p2a: Cloyster|def|1\n|-unboost|p2a: Cloyster|spd|1\n|-boost|p2a: Cloyster|atk|2\n|-boost|p2a: Cloyster|spa|2\n|-boost|p2a: Cloyster|spe|2\n|move|p1a: Magix|Toxic|p2a: Cloyster\n|-status|p2a: Cloyster|tox\n|\n|-damage|p2a: Cloyster|227\/242 tox|[from] psn\n|upkeep\n|turn|2\n|c|\u2606wolfwarrior|pretty good for scouting\n|choice|move ironhead|move iciclespear\n|\n|move|p2a: Cloyster|Icicle Spear|p1a: Magix\n|-damage|p1a: Magix|318\/354\n|-damage|p1a: Magix|281\/354\n|-damage|p1a: Magix|245\/354\n|-damage|p1a: Magix|205\/354\n|-crit|p1a: Magix\n|-damage|p1a: Magix|147\/354\n|-hitcount|p1a: Magix|5\n|move|p1a: Magix|Iron Head|p2a: Cloyster\n|-damage|p2a: Cloyster|107\/242 tox\n|-enditem|p2a: Cloyster|Kee Berry|[eat]\n|-boost|p2a: Cloyster|def|1\n|\n|-damage|p2a: Cloyster|77\/242 tox|[from] psn\n|upkeep\n|turn|3\n|c|\u2606OmniVisionGaming|True\n|choice|move ironhead|move iciclespear\n|\n|move|p2a: Cloyster|Icicle Spear|p1a: Magix\n|-damage|p1a: Magix|108\/354\n|-damage|p1a: Magix|68\/354\n|-damage|p1a: Magix|34\/354\n|-crit|p1a: Magix\n|-damage|p1a: Magix|0 fnt\n|-hitcount|p1a: Magix|4\n|faint|p1a: Magix\n|\n|-damage|p2a: Cloyster|32\/242 tox|[from] psn\n|upkeep\n|choice|switch 5|\n|\n|switch|p1a: Ningen|Greninja, M|286\/286\n|turn|4\n|choice|move extrasensory|move iceshard\n|\n|move|p2a: Cloyster|Ice Shard|p1a: Ningen\n|-resisted|p1a: Ningen\n|-damage|p1a: Ningen|199\/286\n|move|p1a: Ningen|Extrasensory|p2a: Cloyster\n|-start|p1a: Ningen|typechange|Psychic|[from] Protean\n|-damage|p2a: Cloyster|0 fnt\n|faint|p2a: Cloyster\n|\n|upkeep\n|choice||switch 2\n|\n|switch|p2a: Charizard|Charizard, M|313\/313\n|turn|5\n|choice|move extrasensory|move dragondance mega\n|\n|detailschange|p2a: Charizard|Charizard-Mega-X, M\n|-mega|p2a: Charizard|Charizard|Charizardite X\n|move|p1a: Ningen|Extrasensory|p2a: Charizard\n|-damage|p2a: Charizard|195\/313\n|move|p2a: Charizard|Dragon Dance|p2a: Charizard\n|-boost|p2a: Charizard|atk|1\n|-boost|p2a: Charizard|spe|1\n|\n|upkeep\n|turn|6\n|choice|move extrasensory|move dragonclaw\n|\n|move|p1a: Ningen|Extrasensory|p2a: Charizard\n|-damage|p2a: Charizard|66\/313\n|cant|p2a: Charizard|flinch\n|\n|upkeep\n|turn|7\n|c|\u2606wolfwarrior|WOW\n|choice|move extrasensory|move dragonclaw\n|\n|move|p1a: Ningen|Extrasensory|p2a: Charizard\n|-damage|p2a: Charizard|0 fnt\n|faint|p2a: Charizard\n|\n|upkeep\n|c|\u2606OmniVisionGaming|Justice for unintentional scouting lolol\n|choice||switch 3\n|\n|switch|p2a: Starmie|Starmie|261\/261\n|turn|8\n|choice|switch 6|move hydropump\n|\n|switch|p1a: LetMeHealYOU!!!|Chansey, F|704\/704\n|move|p2a: Starmie|Hydro Pump|p1a: LetMeHealYOU!!!\n|-damage|p1a: LetMeHealYOU!!!|596\/704\n|\n|upkeep\n|turn|9\n|choice|move seismictoss|switch 5\n|\n|switch|p2a: Breloom|Breloom, M, shiny|262\/262\n|move|p1a: LetMeHealYOU!!!|Seismic Toss|p2a: Breloom\n|-damage|p2a: Breloom|162\/262\n|\n|upkeep\n|turn|10\n|choice|switch 3|move lowsweep\n|\n|switch|p1a: Tha Popo|Tapu Koko|282\/282\n|-fieldstart|move: Electric Terrain|[from] ability: Electric Surge|[of] p1a: Tha Popo\n|move|p2a: Breloom|Low Sweep|p1a: Tha Popo\n|-resisted|p1a: Tha Popo\n|-damage|p1a: Tha Popo|199\/282\n|-unboost|p1a: Tha Popo|spe|1\n|\n|upkeep\n|turn|11\n|choice|move roost|switch 6\n|\n|switch|p2a: Excadrill|Excadrill, M|389\/389\n|-ability|p2a: Excadrill|Mold Breaker\n|-item|p2a: Excadrill|Air Balloon\n|move|p1a: Tha Popo|Roost|p1a: Tha Popo\n|-heal|p1a: Tha Popo|282\/282\n|\n|upkeep\n|turn|12\n|choice|switch 2|move ironhead\n|\n|switch|p1a: Luchador|Hawlucha, M|329\/329\n|-enditem|p1a: Luchador|Electric Seed\n|-boost|p1a: Luchador|def|1\n|move|p2a: Excadrill|Iron Head|p1a: Luchador\n|-damage|p1a: Luchador|220\/329\n|\n|upkeep\n|turn|13\n|choice|move swordsdance|move ironhead\n|\n|move|p1a: Luchador|Swords Dance|p1a: Luchador\n|-boost|p1a: Luchador|atk|2\n|move|p2a: Excadrill|Iron Head|p1a: Luchador\n|-damage|p1a: Luchador|105\/329\n|\n|upkeep\n|turn|14\n|choice|move drainpunch|move ironhead\n|\n|move|p1a: Luchador|Drain Punch|p2a: Excadrill\n|-supereffective|p2a: Excadrill\n|-damage|p2a: Excadrill|0 fnt\n|-heal|p1a: Luchador|300\/329|[from] drain|[of] p2a: Excadrill\n|-enditem|p2a: Excadrill|Air Balloon\n|faint|p2a: Excadrill\n|\n|-fieldend|move: Electric Terrain\n|upkeep\n|-message|wolfwarrior forfeited.\n|\n|win|OmniVisionGaming\n|l|wolfwarrior\n|c|\u2606OmniVisionGaming|gg","inputlog":null,"uploadtime":1505288057,"views":13,"p1id":"omnivisiongaming","p2id":"wolfwarrior","formatid":"gen7ou","rating":0,"private":0,"password":null}