{"id":"gen7battlefactory-1169037295","p1":"WafleHause","p2":"ezwz","format":"gen7battlefactory","log":"|j|\u2606WafleHause\n|j|\u2606ezwz\n|inactive|Battle timer is ON: inactive players will automatically lose when time's up.\n|t:|1597444179\n|player|p1|WafleHause|blackbelt-gen4|\n|player|p2|ezwz|youngster-gen4|\n|teamsize|p1|6\n|teamsize|p2|6\n|gametype|singles\n|gen|7\n|tier|[Gen 7] Battle Factory\n|rated|Tournament battle\n|rule|Sleep Clause Mod: Limit one foe put to sleep\n|clearpoke\n|poke|p1|Bronzong|item\n|poke|p1|Latias, F|item\n|poke|p1|Slowbro, F|item\n|poke|p1|Raichu-Alola, M|item\n|poke|p1|Jirachi|item\n|poke|p1|Deoxys-Speed|item\n|poke|p2|Latias, F|item\n|poke|p2|Bronzong|item\n|poke|p2|Alakazam, F|item\n|poke|p2|Hoopa|item\n|poke|p2|Jirachi|item\n|poke|p2|Raichu-Alola, M|item\n|rule|HP Percentage Mod: HP is shown in percentages\n|rule|Mega Rayquaza Clause: You cannot mega evolve Rayquaza\n|teampreview\n|\n|t:|1597444209\n|start\n|switch|p1a: Deoxys|Deoxys-Speed|304\/304\n|switch|p2a: Bronzong|Bronzong|338\/338\n|-ability|p1a: Deoxys|Pressure\n|turn|1\n|\n|t:|1597444215\n|move|p1a: Deoxys|Taunt|p2a: Bronzong\n|-start|p2a: Bronzong|move: Taunt\n|move|p2a: Bronzong|Gyro Ball|p1a: Deoxys\n|-damage|p1a: Deoxys|72\/304\n|\n|upkeep\n|turn|2\n|\n|t:|1597444219\n|move|p1a: Deoxys|Stealth Rock|p2a: Bronzong\n|-sidestart|p2: ezwz|move: Stealth Rock\n|move|p2a: Bronzong|Gyro Ball|p1a: Deoxys\n|-damage|p1a: Deoxys|0 fnt\n|faint|p1a: Deoxys\n|\n|upkeep\n|\n|t:|1597444227\n|switch|p1a: Slowbro|Slowbro, F|394\/394\n|turn|3\n|\n|t:|1597444255\n|switch|p2a: Latias|Latias, F|301\/301\n|-damage|p2a: Latias|264\/301|[from] Stealth Rock\n|move|p1a: Slowbro|Fire Blast|p2a: Latias\n|-resisted|p2a: Latias\n|-damage|p2a: Latias|231\/301\n|\n|upkeep\n|turn|4\n|\n|t:|1597444264\n|switch|p1a: Latias|Latias, F|363\/363\n|move|p2a: Latias|Defog|p1a: Latias\n|-unboost|p1a: Latias|evasion|1\n|-sideend|p2: ezwz|Stealth Rock|[from] move: Defog|[of] p2a: Latias\n|\n|upkeep\n|turn|5\n|\n|t:|1597444270\n|switch|p2a: Bronzong|Bronzong|338\/338\n|detailschange|p1a: Latias|Latias-Mega, F\n|-mega|p1a: Latias|Latias|Latiasite\n|move|p1a: Latias|Ice Beam|p2a: Bronzong\n|-resisted|p2a: Bronzong\n|-damage|p2a: Bronzong|297\/338\n|\n|upkeep\n|turn|6\n|\n|t:|1597444274\n|move|p1a: Latias|Thunderbolt|p2a: Bronzong\n|-damage|p2a: Bronzong|220\/338\n|move|p2a: Bronzong|Trick Room|p2a: Bronzong\n|-fieldstart|move: Trick Room|[of] p2a: Bronzong\n|\n|upkeep\n|turn|7\n|\n|t:|1597444279\n|switch|p1a: Slowbro|Slowbro, F|394\/394\n|move|p2a: Bronzong|Stealth Rock|p1a: Slowbro\n|-sidestart|p1: WafleHause|move: Stealth Rock\n|\n|upkeep\n|turn|8\n|\n|t:|1597444294\n|switch|p2a: Latias|Latias, F|231\/301\n|move|p1a: Slowbro|Scald|p2a: Latias\n|-resisted|p2a: Latias\n|-damage|p2a: Latias|193\/301\n|\n|upkeep\n|turn|9\n|\n|t:|1597444306\n|switch|p1a: Bronzong|Bronzong|338\/338\n|-damage|p1a: Bronzong|317\/338|[from] Stealth Rock\n|move|p2a: Latias|Draco Meteor|p1a: Bronzong\n|-resisted|p1a: Bronzong\n|-damage|p1a: Bronzong|231\/338\n|-unboost|p2a: Latias|spa|2\n|\n|upkeep\n|turn|10\n|\n|t:|1597444316\n|switch|p2a: Jirachi|Jirachi|404\/404\n|move|p1a: Bronzong|Stealth Rock|p2a: Jirachi\n|-sidestart|p2: ezwz|move: Stealth Rock\n|\n|-fieldend|move: Trick Room\n|upkeep\n|turn|11\n|\n|t:|1597444328\n|move|p2a: Jirachi|Calm Mind|p2a: Jirachi\n|-boost|p2a: Jirachi|spa|1\n|-boost|p2a: Jirachi|spd|1\n|move|p1a: Bronzong|Trick Room|p1a: Bronzong\n|-fieldstart|move: Trick Room|[of] p1a: Bronzong\n|\n|upkeep\n|turn|12\n|\n|t:|1597444330\n|move|p1a: Bronzong|Gyro Ball|p2a: Jirachi\n|-resisted|p2a: Jirachi\n|-damage|p2a: Jirachi|305\/404\n|move|p2a: Jirachi|Substitute|p2a: Jirachi\n|-start|p2a: Jirachi|Substitute\n|-damage|p2a: Jirachi|204\/404\n|\n|-heal|p2a: Jirachi|229\/404|[from] item: Leftovers\n|upkeep\n|turn|13\n|\n|t:|1597444344\n|switch|p1a: Slowbro|Slowbro, F|394\/394\n|-damage|p1a: Slowbro|345\/394|[from] Stealth Rock\n|move|p2a: Jirachi|Calm Mind|p2a: Jirachi\n|-boost|p2a: Jirachi|spa|1\n|-boost|p2a: Jirachi|spd|1\n|\n|-heal|p1a: Slowbro|369\/394|[from] item: Leftovers\n|-heal|p2a: Jirachi|254\/404|[from] item: Leftovers\n|upkeep\n|turn|14\n|\n|t:|1597444349\n|move|p1a: Slowbro|Fire Blast|p2a: Jirachi\n|-supereffective|p2a: Jirachi\n|-activate|p2a: Jirachi|move: Substitute|[damage]\n|move|p2a: Jirachi|Calm Mind|p2a: Jirachi\n|-boost|p2a: Jirachi|spa|1\n|-boost|p2a: Jirachi|spd|1\n|\n|-heal|p1a: Slowbro|393\/394|[from] item: Leftovers\n|-heal|p2a: Jirachi|279\/404|[from] item: Leftovers\n|upkeep\n|turn|15\n|\n|t:|1597444352\n|move|p1a: Slowbro|Fire Blast|p2a: Jirachi|[miss]\n|-miss|p1a: Slowbro|p2a: Jirachi\n|move|p2a: Jirachi|Substitute|p2a: Jirachi\n|-fail|p2a: Jirachi|move: Substitute\n|\n|-heal|p1a: Slowbro|394\/394|[from] item: Leftovers\n|-heal|p2a: Jirachi|304\/404|[from] item: Leftovers\n|-fieldend|move: Trick Room\n|upkeep\n|turn|16\n|\n|t:|1597444355\n|move|p2a: Jirachi|Thunderbolt|p1a: Slowbro\n|-supereffective|p1a: Slowbro\n|-damage|p1a: Slowbro|2\/394\n|move|p1a: Slowbro|Fire Blast|p2a: Jirachi\n|-supereffective|p2a: Jirachi\n|-end|p2a: Jirachi|Substitute\n|\n|-heal|p2a: Jirachi|329\/404|[from] item: Leftovers\n|-heal|p1a: Slowbro|26\/394|[from] item: Leftovers\n|upkeep\n|turn|17\n|\n|t:|1597444360\n|move|p2a: Jirachi|Substitute|p2a: Jirachi\n|-start|p2a: Jirachi|Substitute\n|-damage|p2a: Jirachi|228\/404\n|move|p1a: Slowbro|Fire Blast|p2a: Jirachi|[miss]\n|-miss|p1a: Slowbro|p2a: Jirachi\n|\n|-heal|p2a: Jirachi|253\/404|[from] item: Leftovers\n|-heal|p1a: Slowbro|50\/394|[from] item: Leftovers\n|upkeep\n|turn|18\n|\n|t:|1597444363\n|move|p2a: Jirachi|Calm Mind|p2a: Jirachi\n|-boost|p2a: Jirachi|spa|1\n|-boost|p2a: Jirachi|spd|1\n|move|p1a: Slowbro|Fire Blast|p2a: Jirachi\n|-supereffective|p2a: Jirachi\n|-activate|p2a: Jirachi|move: Substitute|[damage]\n|\n|-heal|p2a: Jirachi|278\/404|[from] item: Leftovers\n|-heal|p1a: Slowbro|74\/394|[from] item: Leftovers\n|upkeep\n|turn|19\n|\n|t:|1597444365\n|move|p2a: Jirachi|Calm Mind|p2a: Jirachi\n|-boost|p2a: Jirachi|spa|1\n|-boost|p2a: Jirachi|spd|1\n|move|p1a: Slowbro|Fire Blast|p2a: Jirachi\n|-supereffective|p2a: Jirachi\n|-end|p2a: Jirachi|Substitute\n|\n|-heal|p2a: Jirachi|303\/404|[from] item: Leftovers\n|-heal|p1a: Slowbro|98\/394|[from] item: Leftovers\n|upkeep\n|turn|20\n|\n|t:|1597444370\n|move|p2a: Jirachi|Substitute|p2a: Jirachi\n|-start|p2a: Jirachi|Substitute\n|-damage|p2a: Jirachi|202\/404\n|move|p1a: Slowbro|Fire Blast|p2a: Jirachi\n|-supereffective|p2a: Jirachi\n|-activate|p2a: Jirachi|move: Substitute|[damage]\n|\n|-heal|p2a: Jirachi|227\/404|[from] item: Leftovers\n|-heal|p1a: Slowbro|122\/394|[from] item: Leftovers\n|upkeep\n|turn|21\n|\n|t:|1597444372\n|move|p2a: Jirachi|Calm Mind|p2a: Jirachi\n|-boost|p2a: Jirachi|spa|1\n|-boost|p2a: Jirachi|spd|1\n|move|p1a: Slowbro|Scald|p2a: Jirachi\n|-crit|p2a: Jirachi\n|-end|p2a: Jirachi|Substitute\n|\n|-heal|p2a: Jirachi|252\/404|[from] item: Leftovers\n|-heal|p1a: Slowbro|146\/394|[from] item: Leftovers\n|upkeep\n|turn|22\n|\n|t:|1597444385\n|move|p2a: Jirachi|Substitute|p2a: Jirachi\n|-start|p2a: Jirachi|Substitute\n|-damage|p2a: Jirachi|151\/404\n|move|p1a: Slowbro|Scald|p2a: Jirachi\n|-activate|p2a: Jirachi|move: Substitute|[damage]\n|\n|-heal|p2a: Jirachi|176\/404|[from] item: Leftovers\n|-heal|p1a: Slowbro|170\/394|[from] item: Leftovers\n|upkeep\n|turn|23\n|\n|t:|1597444388\n|move|p2a: Jirachi|Thunderbolt|p1a: Slowbro\n|-supereffective|p1a: Slowbro\n|-damage|p1a: Slowbro|0 fnt\n|faint|p1a: Slowbro\n|\n|-heal|p2a: Jirachi|201\/404|[from] item: Leftovers\n|upkeep\n|\n|t:|1597444395\n|switch|p1a: Latias|Latias-Mega, F|363\/363\n|-damage|p1a: Latias|318\/363|[from] Stealth Rock\n|turn|24\n|\n|t:|1597444397\n|move|p1a: Latias|Thunderbolt|p2a: Jirachi\n|-activate|p2a: Jirachi|move: Substitute|[damage]\n|move|p2a: Jirachi|Thunderbolt|p1a: Latias\n|-resisted|p1a: Latias\n|-damage|p1a: Latias|225\/363\n|\n|-heal|p2a: Jirachi|226\/404|[from] item: Leftovers\n|upkeep\n|turn|25\n|\n|t:|1597444401\n|move|p1a: Latias|Thunderbolt|p2a: Jirachi\n|-activate|p2a: Jirachi|move: Substitute|[damage]\n|move|p2a: Jirachi|Psychic|p1a: Latias\n|-resisted|p1a: Latias\n|-damage|p1a: Latias|69\/363\n|\n|-heal|p2a: Jirachi|251\/404|[from] item: Leftovers\n|upkeep\n|turn|26\n|\n|t:|1597444404\n|move|p1a: Latias|Thunderbolt|p2a: Jirachi\n|-activate|p2a: Jirachi|move: Substitute|[damage]\n|move|p2a: Jirachi|Substitute|p2a: Jirachi\n|-fail|p2a: Jirachi|move: Substitute\n|\n|-heal|p2a: Jirachi|276\/404|[from] item: Leftovers\n|upkeep\n|turn|27\n|\n|t:|1597444407\n|move|p1a: Latias|Defog|p2a: Jirachi\n|-sideend|p2: ezwz|Stealth Rock|[from] move: Defog|[of] p1a: Latias\n|-sideend|p1: WafleHause|Stealth Rock|[from] move: Defog|[of] p1a: Latias\n|move|p2a: Jirachi|Thunderbolt|p1a: Latias\n|-resisted|p1a: Latias\n|-damage|p1a: Latias|0 fnt\n|faint|p1a: Latias\n|\n|-heal|p2a: Jirachi|301\/404|[from] item: Leftovers\n|upkeep\n|\n|t:|1597444411\n|switch|p1a: Jirachi|Jirachi|341\/341\n|turn|28\n|\n|t:|1597444413\n|-zpower|p1a: Jirachi\n|move|p1a: Jirachi|Z-Happy Hour|p1a: Jirachi|[anim]Happy Hour\n|-boost|p1a: Jirachi|atk|1|[zeffect]\n|-boost|p1a: Jirachi|def|1|[zeffect]\n|-boost|p1a: Jirachi|spa|1|[zeffect]\n|-boost|p1a: Jirachi|spd|1|[zeffect]\n|-boost|p1a: Jirachi|spe|1|[zeffect]\n|move|p2a: Jirachi|Thunderbolt|p1a: Jirachi\n|-damage|p1a: Jirachi|125\/341\n|-status|p1a: Jirachi|par\n|\n|-heal|p2a: Jirachi|326\/404|[from] item: Leftovers\n|upkeep\n|turn|29\n|\n|t:|1597444418\n|move|p2a: Jirachi|Thunderbolt|p1a: Jirachi\n|-crit|p1a: Jirachi\n|-damage|p1a: Jirachi|0 fnt\n|faint|p1a: Jirachi\n|\n|-heal|p2a: Jirachi|351\/404|[from] item: Leftovers\n|upkeep\n|\n|t:|1597444421\n|switch|p1a: Raichu|Raichu-Alola, M|261\/261\n|turn|30\n|\n|t:|1597444425\n|move|p2a: Jirachi|Psychic|p1a: Raichu\n|-resisted|p1a: Raichu\n|-damage|p1a: Raichu|35\/261\n|move|p1a: Raichu|Thunderbolt|p2a: Jirachi\n|-end|p2a: Jirachi|Substitute\n|-damage|p1a: Raichu|9\/261|[from] item: Life Orb\n|\n|-heal|p2a: Jirachi|376\/404|[from] item: Leftovers\n|upkeep\n|turn|31\n|\n|t:|1597444428\n|move|p2a: Jirachi|Psychic|p1a: Raichu\n|-resisted|p1a: Raichu\n|-damage|p1a: Raichu|0 fnt\n|faint|p1a: Raichu\n|\n|-heal|p2a: Jirachi|401\/404|[from] item: Leftovers\n|upkeep\n|\n|t:|1597444430\n|switch|p1a: Bronzong|Bronzong|231\/338\n|turn|32\n|\n|t:|1597444432\n|move|p2a: Jirachi|Thunderbolt|p1a: Bronzong\n|-damage|p1a: Bronzong|0 fnt\n|faint|p1a: Bronzong\n|\n|win|ezwz\n","inputlog":">version afa104925ee30f6fc0036578f7cf8fbf58a0f6b0\n>start {\"formatid\":\"gen7battlefactory\",\"seed\":[3318,1167,64154,8944],\"rated\":\"Tournament battle\"}\n>player p1 {\"name\":\"WafleHause\",\"avatar\":\"blackbelt-gen4\",\"team\":\"\",\"rating\":0,\"seed\":[54703,51994,19092,5115]}\n>player p2 {\"name\":\"ezwz\",\"avatar\":\"youngster-gen4\",\"team\":\"\",\"rating\":0,\"seed\":[1835,741,47717,20431]}\n>p1 team 6, 2, 3, 4, 5, 1\n>p2 team 2, 1, 3, 4, 5, 6\n>p1 move taunt\n>p2 move gyroball\n>p1 move stealthrock\n>p2 move gyroball\n>p1 switch 3\n>p1 move fireblast\n>p2 switch 2\n>p1 switch 2\n>p2 move defog\n>p1 move icebeam mega\n>p2 switch 2\n>p1 move thunderbolt\n>p2 move trickroom\n>p1 switch 2\n>p2 move stealthrock\n>p1 move scald\n>p2 switch 2\n>p1 switch 6\n>p2 move dracometeor\n>p1 move stealthrock\n>p2 switch 5\n>p1 move trickroom\n>p2 move calmmind\n>p1 move gyroball\n>p2 move substitute\n>p1 switch 6\n>p2 move calmmind\n>p1 move fireblast\n>p2 move calmmind\n>p1 move fireblast\n>p2 move substitute\n>p1 move fireblast\n>p2 move thunderbolt\n>p1 move fireblast\n>p2 move substitute\n>p1 move fireblast\n>p2 move calmmind\n>p1 move fireblast\n>p2 move calmmind\n>p1 move fireblast\n>p2 move substitute\n>p1 move scald\n>p2 move calmmind\n>p1 move scald\n>p2 move substitute\n>p1 move scald\n>p2 move thunderbolt\n>p1 switch 2\n>p1 move thunderbolt\n>p2 move thunderbolt\n>p1 move thunderbolt\n>p2 move psychic\n>p1 move thunderbolt\n>p2 move substitute\n>p1 move defog\n>p2 move thunderbolt\n>p1 switch 5\n>p1 move happyhour zmove\n>p2 move thunderbolt\n>p1 move ironhead\n>p2 move thunderbolt\n>p1 switch 4\n>p1 move thunderbolt\n>p2 move psychic\n>p1 move thunderbolt\n>p2 move psychic\n>p1 switch 6\n>p1 move explosion\n>p2 move thunderbolt","uploadtime":1597444436,"views":11,"p1id":"waflehause","p2id":"ezwz","formatid":"gen7battlefactory","rating":0,"private":0,"password":null}