{"id":"gen7ou-950257477","p1":"Sir Isaac Mewton","p2":"JoJo321","format":"gen7ou","log":"|j|\u2606Sir Isaac Mewton\n|j|\u2606JoJo321\n|player|p1|Sir Isaac Mewton|267|1835\n|player|p2|JoJo321|266|1849\n|teamsize|p1|6\n|teamsize|p2|6\n|gametype|singles\n|gen|7\n|tier|[Gen 7] OU\n|rated|\n|rule|Sleep Clause Mod: Limit one foe put to sleep\n|rule|Species Clause: Limit one of each Pok\u00e9mon\n|rule|OHKO Clause: OHKO moves are banned\n|rule|Moody Clause: Moody is banned\n|rule|Evasion Moves Clause: Evasion moves are banned\n|rule|Endless Battle Clause: Forcing endless battles is banned\n|rule|HP Percentage Mod: HP is shown in percentages\n|clearpoke\n|poke|p1|Scizor, F|item\n|poke|p1|Magearna|item\n|poke|p1|Gliscor, M|item\n|poke|p1|Toxapex, M|item\n|poke|p1|Clefable, M|item\n|poke|p1|Mew|item\n|poke|p2|Pelipper, M|item\n|poke|p2|Greninja, M|item\n|poke|p2|Swampert, F|item\n|poke|p2|Manaphy|item\n|poke|p2|Ferrothorn, F|item\n|poke|p2|Tornadus-Therian, M|item\n|teampreview\n|j| zeta2048\n|j| HelpmeMODiamnoob\n|\n|start\n|switch|p1a: Scizor|Scizor, F|100\/100\n|switch|p2a: Pelipper|Pelipper, M|100\/100\n|-weather|RainDance|[from] ability: Drizzle|[of] p2a: Pelipper\n|turn|1\n|\n|detailschange|p1a: Scizor|Scizor-Mega, F\n|-mega|p1a: Scizor|Scizor|Scizorite\n|move|p1a: Scizor|Knock Off|p2a: Pelipper\n|-damage|p2a: Pelipper|73\/100\n|-enditem|p2a: Pelipper|Damp Rock|[from] move: Knock Off|[of] p1a: Scizor\n|move|p2a: Pelipper|U-turn|p1a: Scizor\n|-resisted|p1a: Scizor\n|-damage|p1a: Scizor|98\/100\n|\n|switch|p2a: Tornadus|Tornadus-Therian, M|100\/100|[from]move: U-turn\n|\n|-weather|RainDance|[upkeep]\n|upkeep\n|turn|2\n|\n|switch|p1a: Magearna|Magearna|100\/100\n|move|p2a: Tornadus|Hurricane|p1a: Magearna\n|-resisted|p1a: Magearna\n|-damage|p1a: Magearna|89\/100\n|\n|-weather|RainDance|[upkeep]\n|upkeep\n|turn|3\n|\n|move|p2a: Tornadus|U-turn|p1a: Magearna\n|-resisted|p1a: Magearna\n|-damage|p1a: Magearna|86\/100\n|\n|switch|p2a: Ferrothorn|Ferrothorn, F|100\/100|[from]move: U-turn\n|move|p1a: Magearna|Calm Mind|p1a: Magearna\n|-boost|p1a: Magearna|spa|1\n|-boost|p1a: Magearna|spd|1\n|\n|-weather|RainDance|[upkeep]\n|upkeep\n|turn|4\n|\n|switch|p1a: Scizor|Scizor-Mega, F|98\/100\n|move|p2a: Ferrothorn|Gyro Ball|p1a: Scizor\n|-resisted|p1a: Scizor\n|-damage|p1a: Scizor|85\/100\n|\n|-weather|RainDance|[upkeep]\n|upkeep\n|turn|5\n|\n|move|p1a: Scizor|Knock Off|p2a: Ferrothorn\n|-damage|p2a: Ferrothorn|78\/100\n|-damage|p1a: Scizor|73\/100|[from] ability: Iron Barbs|[of] p2a: Ferrothorn\n|-enditem|p2a: Ferrothorn|Chople Berry|[from] move: Knock Off|[of] p1a: Scizor\n|move|p2a: Ferrothorn|Stealth Rock|p1a: Scizor\n|-sidestart|p1: Sir Isaac Mewton|move: Stealth Rock\n|\n|-weather|RainDance|[upkeep]\n|upkeep\n|turn|6\n|j| Kate Upton Is Bae\n|\n|switch|p2a: Pelipper|Pelipper, M|73\/100\n|move|p1a: Scizor|Roost|p1a: Scizor\n|-heal|p1a: Scizor|100\/100\n|-singleturn|p1a: Scizor|move: Roost\n|\n|-weather|RainDance|[upkeep]\n|upkeep\n|turn|7\n|\n|move|p1a: Scizor|Swords Dance|p1a: Scizor\n|-boost|p1a: Scizor|atk|2\n|move|p2a: Pelipper|U-turn|p1a: Scizor\n|-resisted|p1a: Scizor\n|-damage|p1a: Scizor|98\/100\n|\n|switch|p2a: Manaphy|Manaphy|100\/100|[from]move: U-turn\n|\n|-weather|RainDance|[upkeep]\n|upkeep\n|turn|8\n|\n|-zpower|p2a: Manaphy\n|move|p2a: Manaphy|Hydro Vortex|p1a: Scizor|[zeffect]\n|-damage|p1a: Scizor|0 fnt\n|faint|p1a: Scizor\n|\n|-weather|none\n|upkeep\n|\n|switch|p1a: Mew|Mew|100\/100\n|-damage|p1a: Mew|88\/100|[from] Stealth Rock\n|turn|9\n|\n|switch|p2a: Tornadus|Tornadus-Therian, M|100\/100\n|move|p1a: Mew|Stealth Rock|p2a: Tornadus\n|-sidestart|p2: JoJo321|move: Stealth Rock\n|\n|-heal|p1a: Mew|94\/100|[from] item: Leftovers\n|upkeep\n|turn|10\n|\n|move|p2a: Tornadus|Taunt|p1a: Mew\n|-start|p1a: Mew|move: Taunt\n|move|p1a: Mew|Ice Beam|p2a: Tornadus\n|-supereffective|p2a: Tornadus\n|-damage|p2a: Tornadus|56\/100\n|-status|p2a: Tornadus|frz\n|\n|-heal|p1a: Mew|100\/100|[from] item: Leftovers\n|upkeep\n|turn|11\n|l| HelpmeMODiamnoob\n|\n|-curestatus|p2a: Tornadus|frz|[msg]\n|move|p2a: Tornadus|U-turn|p1a: Mew\n|-supereffective|p1a: Mew\n|-damage|p1a: Mew|79\/100\n|\n|switch|p2a: Ferrothorn|Ferrothorn, F|78\/100|[from]move: U-turn\n|-damage|p2a: Ferrothorn|72\/100|[from] Stealth Rock\n|move|p1a: Mew|Ice Beam|p2a: Ferrothorn\n|-damage|p2a: Ferrothorn|57\/100\n|\n|-heal|p1a: Mew|85\/100|[from] item: Leftovers\n|upkeep\n|turn|12\n|\n|move|p1a: Mew|Ice Beam|p2a: Ferrothorn\n|-damage|p2a: Ferrothorn|42\/100\n|-status|p2a: Ferrothorn|frz\n|cant|p2a: Ferrothorn|frz\n|\n|-heal|p1a: Mew|92\/100|[from] item: Leftovers\n|-end|p1a: Mew|move: Taunt\n|upkeep\n|turn|13\n|\n|switch|p1a: Gliscor|Gliscor, M|100\/100\n|-damage|p1a: Gliscor|88\/100|[from] Stealth Rock\n|cant|p2a: Ferrothorn|frz\n|\n|-status|p1a: Gliscor|tox|[from] item: Toxic Orb\n|upkeep\n|turn|14\n|\n|switch|p2a: Pelipper|Pelipper, M|73\/100\n|-damage|p2a: Pelipper|48\/100|[from] Stealth Rock\n|-weather|RainDance|[from] ability: Drizzle|[of] p2a: Pelipper\n|move|p1a: Gliscor|Earthquake|p2a: Pelipper\n|-immune|p2a: Pelipper\n|\n|-weather|RainDance|[upkeep]\n|-heal|p1a: Gliscor|100\/100 tox|[from] ability: Poison Heal\n|upkeep\n|turn|15\n|c|\u2606JoJo321|wow\n|\n|move|p1a: Gliscor|Toxic|p2a: Pelipper\n|-status|p2a: Pelipper|tox\n|move|p2a: Pelipper|Roost|p2a: Pelipper\n|-heal|p2a: Pelipper|98\/100 tox\n|-singleturn|p2a: Pelipper|move: Roost\n|\n|-weather|RainDance|[upkeep]\n|-damage|p2a: Pelipper|92\/100 tox|[from] psn\n|upkeep\n|turn|16\n|\n|switch|p1a: Toxapex|Toxapex, M|100\/100\n|-damage|p1a: Toxapex|88\/100|[from] Stealth Rock\n|move|p2a: Pelipper|U-turn|p1a: Toxapex\n|-resisted|p1a: Toxapex\n|-crit|p1a: Toxapex\n|-damage|p1a: Toxapex|83\/100\n|\n|switch|p2a: Manaphy|Manaphy|100\/100|[from]move: U-turn\n|-damage|p2a: Manaphy|88\/100|[from] Stealth Rock\n|\n|-weather|RainDance|[upkeep]\n|-heal|p1a: Toxapex|89\/100|[from] item: Black Sludge\n|upkeep\n|turn|17\n|\n|move|p2a: Manaphy|Tail Glow|p2a: Manaphy\n|-boost|p2a: Manaphy|spa|3\n|move|p1a: Toxapex|Haze|p1a: Toxapex\n|-clearallboost\n|\n|-weather|RainDance|[upkeep]\n|-heal|p1a: Toxapex|96\/100|[from] item: Black Sludge\n|upkeep\n|turn|18\n|\n|move|p2a: Manaphy|Psychic|p1a: Toxapex\n|-supereffective|p1a: Toxapex\n|-damage|p1a: Toxapex|59\/100\n|move|p1a: Toxapex|Haze|p1a: Toxapex\n|-clearallboost\n|\n|-weather|none\n|-heal|p1a: Toxapex|65\/100|[from] item: Black Sludge\n|upkeep\n|turn|19\n|\n|move|p2a: Manaphy|Psychic|p1a: Toxapex\n|-supereffective|p1a: Toxapex\n|-damage|p1a: Toxapex|28\/100\n|move|p1a: Toxapex|Haze|p1a: Toxapex\n|-clearallboost\n|\n|-heal|p1a: Toxapex|34\/100|[from] item: Black Sludge\n|upkeep\n|turn|20\n|\n|switch|p1a: Clefable|Clefable, M|100\/100\n|-damage|p1a: Clefable|88\/100|[from] Stealth Rock\n|move|p2a: Manaphy|Tail Glow|p2a: Manaphy\n|-boost|p2a: Manaphy|spa|3\n|\n|-heal|p1a: Clefable|94\/100|[from] item: Leftovers\n|upkeep\n|turn|21\n|\n|switch|p2a: Pelipper|Pelipper, M|92\/100 tox\n|-damage|p2a: Pelipper|67\/100 tox|[from] Stealth Rock\n|-weather|RainDance|[from] ability: Drizzle|[of] p2a: Pelipper\n|move|p1a: Clefable|Wish|p1a: Clefable\n|\n|-weather|RainDance|[upkeep]\n|-heal|p1a: Clefable|99\/100|[from] item: Leftovers\n|-damage|p2a: Pelipper|61\/100 tox|[from] psn\n|upkeep\n|turn|22\n|j| Scientist Kurt\n|\n|switch|p2a: Swampert|Swampert, F|100\/100\n|-damage|p2a: Swampert|94\/100|[from] Stealth Rock\n|move|p1a: Clefable|Moonblast|p2a: Swampert\n|-damage|p2a: Swampert|60\/100\n|\n|-weather|RainDance|[upkeep]\n|-heal|p1a: Clefable|100\/100|[from] move: Wish|[wisher] Clefable\n|upkeep\n|turn|23\n|\n|detailschange|p2a: Swampert|Swampert-Mega, F\n|-mega|p2a: Swampert|Swampert|Swampertite\n|move|p2a: Swampert|Waterfall|p1a: Clefable\n|-crit|p1a: Clefable\n|-damage|p1a: Clefable|18\/100\n|move|p1a: Clefable|Wish|p1a: Clefable\n|\n|-weather|RainDance|[upkeep]\n|-heal|p1a: Clefable|24\/100|[from] item: Leftovers\n|upkeep\n|turn|24\n|\n|move|p1a: Clefable|Protect|p1a: Clefable\n|-singleturn|p1a: Clefable|Protect\n|move|p2a: Swampert|Waterfall|p1a: Clefable\n|-activate|p1a: Clefable|move: Protect\n|\n|-weather|RainDance|[upkeep]\n|-heal|p1a: Clefable|74\/100|[from] move: Wish|[wisher] Clefable\n|-heal|p1a: Clefable|80\/100|[from] item: Leftovers\n|upkeep\n|turn|25\n|\n|move|p2a: Swampert|Waterfall|p1a: Clefable\n|-damage|p1a: Clefable|26\/100\n|move|p1a: Clefable|Wish|p1a: Clefable\n|\n|-weather|none\n|-heal|p1a: Clefable|32\/100|[from] item: Leftovers\n|upkeep\n|turn|26\n|j| bhltina castler\n|\n|switch|p2a: Tornadus|Tornadus-Therian, M|89\/100\n|-damage|p2a: Tornadus|64\/100|[from] Stealth Rock\n|move|p1a: Clefable|Protect||[still]\n|-fail|p1a: Clefable\n|\n|-heal|p1a: Clefable|82\/100|[from] move: Wish|[wisher] Clefable\n|-heal|p1a: Clefable|89\/100|[from] item: Leftovers\n|upkeep\n|turn|27\n|\n|move|p2a: Tornadus|Defog|p1a: Clefable\n|-unboost|p1a: Clefable|evasion|1\n|-sideend|p1: Sir Isaac Mewton|Stealth Rock|[from] move: Defog|[of] p2a: Tornadus\n|-sideend|p2: JoJo321|Stealth Rock|[from] move: Defog|[of] p2a: Tornadus\n|move|p1a: Clefable|Moonblast|p2a: Tornadus\n|-damage|p2a: Tornadus|26\/100\n|\n|-heal|p1a: Clefable|95\/100|[from] item: Leftovers\n|upkeep\n|turn|28\n|j| SuzuharaEmiri\n|\n|move|p2a: Tornadus|U-turn|p1a: Clefable\n|-resisted|p1a: Clefable\n|-damage|p1a: Clefable|89\/100\n|\n|switch|p2a: Ferrothorn|Ferrothorn, F|42\/100 frz|[from]move: U-turn\n|move|p1a: Clefable|Wish|p1a: Clefable\n|\n|-heal|p1a: Clefable|95\/100|[from] item: Leftovers\n|upkeep\n|turn|29\n|\n|switch|p1a: Toxapex|Toxapex, M|68\/100\n|switch|p2a: Pelipper|Pelipper, M|61\/100 tox\n|-weather|RainDance|[from] ability: Drizzle|[of] p2a: Pelipper\n|\n|-weather|RainDance|[upkeep]\n|-heal|p1a: Toxapex|100\/100|[from] move: Wish|[wisher] Clefable\n|-damage|p2a: Pelipper|55\/100 tox|[from] psn\n|upkeep\n|turn|30\n|\n|move|p2a: Pelipper|U-turn|p1a: Toxapex\n|-resisted|p1a: Toxapex\n|-damage|p1a: Toxapex|97\/100\n|\n|switch|p2a: Manaphy|Manaphy|88\/100|[from]move: U-turn\n|move|p1a: Toxapex|Toxic Spikes|p2a: Manaphy\n|-sidestart|p2: JoJo321|move: Toxic Spikes\n|\n|-weather|RainDance|[upkeep]\n|-heal|p1a: Toxapex|100\/100|[from] item: Black Sludge\n|upkeep\n|turn|31\n|\n|move|p2a: Manaphy|Psychic|p1a: Toxapex\n|-supereffective|p1a: Toxapex\n|-damage|p1a: Toxapex|65\/100\n|move|p1a: Toxapex|Haze|p1a: Toxapex\n|-clearallboost\n|\n|-weather|RainDance|[upkeep]\n|-heal|p1a: Toxapex|71\/100|[from] item: Black Sludge\n|upkeep\n|turn|32\n|\n|move|p2a: Manaphy|Psychic|p1a: Toxapex\n|-supereffective|p1a: Toxapex\n|-damage|p1a: Toxapex|32\/100\n|move|p1a: Toxapex|Haze|p1a: Toxapex\n|-clearallboost\n|\n|-weather|RainDance|[upkeep]\n|-heal|p1a: Toxapex|39\/100|[from] item: Black Sludge\n|upkeep\n|turn|33\n|\n|switch|p1a: Clefable|Clefable, M|95\/100\n|move|p2a: Manaphy|Surf|p1a: Clefable\n|-damage|p1a: Clefable|37\/100\n|\n|-weather|none\n|-heal|p1a: Clefable|43\/100|[from] item: Leftovers\n|upkeep\n|turn|34\n|\n|switch|p2a: Tornadus|Tornadus-Therian, M|59\/100\n|move|p1a: Clefable|Wish|p1a: Clefable\n|\n|-heal|p1a: Clefable|49\/100|[from] item: Leftovers\n|upkeep\n|turn|35\n|\n|move|p1a: Clefable|Protect|p1a: Clefable\n|-singleturn|p1a: Clefable|Protect\n|move|p2a: Tornadus|Defog|p1a: Clefable\n|-activate|p1a: Clefable|move: Protect\n|\n|-heal|p1a: Clefable|99\/100|[from] move: Wish|[wisher] Clefable\n|-heal|p1a: Clefable|100\/100|[from] item: Leftovers\n|upkeep\n|turn|36\n|\n|move|p2a: Tornadus|Defog|p1a: Clefable\n|-unboost|p1a: Clefable|evasion|1\n|-sideend|p2: JoJo321|Toxic Spikes|[from] move: Defog|[of] p2a: Tornadus\n|move|p1a: Clefable|Wish|p1a: Clefable\n|\n|upkeep\n|turn|37\n|\n|move|p2a: Tornadus|Taunt|p1a: Clefable\n|-start|p1a: Clefable|move: Taunt\n|move|p1a: Clefable|Moonblast|p2a: Tornadus\n|-damage|p2a: Tornadus|26\/100\n|\n|upkeep\n|turn|38\n|\n|move|p2a: Tornadus|U-turn|p1a: Clefable\n|-resisted|p1a: Clefable\n|-damage|p1a: Clefable|95\/100\n|\n|switch|p2a: Pelipper|Pelipper, M|55\/100 tox|[from]move: U-turn\n|-weather|RainDance|[from] ability: Drizzle|[of] p2a: Pelipper\n|move|p1a: Clefable|Moonblast|p2a: Pelipper\n|-damage|p2a: Pelipper|23\/100 tox\n|\n|-weather|RainDance|[upkeep]\n|-heal|p1a: Clefable|100\/100|[from] item: Leftovers\n|-damage|p2a: Pelipper|17\/100 tox|[from] psn\n|upkeep\n|turn|39\n|\n|switch|p2a: Manaphy|Manaphy|88\/100\n|move|p1a: Clefable|Moonblast|p2a: Manaphy\n|-damage|p2a: Manaphy|56\/100\n|\n|-weather|RainDance|[upkeep]\n|-end|p1a: Clefable|move: Taunt\n|upkeep\n|turn|40\n|\n|move|p2a: Manaphy|Surf|p1a: Clefable\n|-damage|p1a: Clefable|34\/100\n|move|p1a: Clefable|Wish|p1a: Clefable\n|\n|-weather|RainDance|[upkeep]\n|-heal|p1a: Clefable|40\/100|[from] item: Leftovers\n|upkeep\n|turn|41\n|\n|move|p1a: Clefable|Protect|p1a: Clefable\n|-singleturn|p1a: Clefable|Protect\n|move|p2a: Manaphy|Tail Glow|p2a: Manaphy\n|-boost|p2a: Manaphy|spa|3\n|\n|-weather|RainDance|[upkeep]\n|-heal|p1a: Clefable|90\/100|[from] move: Wish|[wisher] Clefable\n|-heal|p1a: Clefable|96\/100|[from] item: Leftovers\n|upkeep\n|turn|42\n|\n|move|p2a: Manaphy|Surf|p1a: Clefable\n|-damage|p1a: Clefable|40\/100\n|move|p1a: Clefable|Wish|p1a: Clefable\n|\n|-weather|none\n|-heal|p1a: Clefable|46\/100|[from] item: Leftovers\n|upkeep\n|turn|43\n|\n|move|p1a: Clefable|Protect|p1a: Clefable\n|-singleturn|p1a: Clefable|Protect\n|move|p2a: Manaphy|Ice Beam|p1a: Clefable\n|-activate|p1a: Clefable|move: Protect\n|\n|-heal|p1a: Clefable|96\/100|[from] move: Wish|[wisher] Clefable\n|-heal|p1a: Clefable|100\/100|[from] item: Leftovers\n|upkeep\n|turn|44\n|l| bhltina castler\n|\n|move|p2a: Manaphy|Ice Beam|p1a: Clefable\n|-damage|p1a: Clefable|72\/100\n|move|p1a: Clefable|Wish|p1a: Clefable\n|\n|-heal|p1a: Clefable|78\/100|[from] item: Leftovers\n|upkeep\n|turn|45\n|\n|move|p2a: Manaphy|Ice Beam|p1a: Clefable\n|-damage|p1a: Clefable|49\/100\n|move|p1a: Clefable|Moonblast|p2a: Manaphy\n|-damage|p2a: Manaphy|27\/100\n|-unboost|p2a: Manaphy|spa|1\n|\n|-heal|p1a: Clefable|99\/100|[from] move: Wish|[wisher] Clefable\n|-heal|p1a: Clefable|100\/100|[from] item: Leftovers\n|upkeep\n|turn|46\n|\n|move|p2a: Manaphy|Ice Beam|p1a: Clefable\n|-damage|p1a: Clefable|74\/100\n|move|p1a: Clefable|Moonblast|p2a: Manaphy\n|-damage|p2a: Manaphy|0 fnt\n|faint|p2a: Manaphy\n|\n|-heal|p1a: Clefable|80\/100|[from] item: Leftovers\n|upkeep\n|\n|switch|p2a: Swampert|Swampert-Mega, F|60\/100\n|turn|47\n|\n|move|p2a: Swampert|Earthquake|p1a: Clefable\n|-damage|p1a: Clefable|32\/100\n|move|p1a: Clefable|Wish|p1a: Clefable\n|\n|-heal|p1a: Clefable|39\/100|[from] item: Leftovers\n|upkeep\n|turn|48\n|\n|move|p1a: Clefable|Protect|p1a: Clefable\n|-singleturn|p1a: Clefable|Protect\n|move|p2a: Swampert|Ice Punch|p1a: Clefable\n|-activate|p1a: Clefable|move: Protect\n|\n|-heal|p1a: Clefable|89\/100|[from] move: Wish|[wisher] Clefable\n|-heal|p1a: Clefable|95\/100|[from] item: Leftovers\n|upkeep\n|turn|49\n|\n|switch|p1a: Mew|Mew|92\/100\n|move|p2a: Swampert|Earthquake|p1a: Mew\n|-damage|p1a: Mew|46\/100\n|\n|-heal|p1a: Mew|52\/100|[from] item: Leftovers\n|upkeep\n|turn|50\n|\n|move|p1a: Mew|Stealth Rock|p2a: Swampert\n|-sidestart|p2: JoJo321|move: Stealth Rock\n|move|p2a: Swampert|Waterfall|p1a: Mew\n|-damage|p1a: Mew|15\/100\n|\n|-heal|p1a: Mew|21\/100|[from] item: Leftovers\n|upkeep\n|turn|51\n|\n|move|p1a: Mew|Will-O-Wisp|p2a: Swampert\n|-status|p2a: Swampert|brn\n|move|p2a: Swampert|Earthquake|p1a: Mew\n|-damage|p1a: Mew|0 fnt\n|faint|p1a: Mew\n|\n|-damage|p2a: Swampert|54\/100 brn|[from] brn\n|upkeep\n|-message|JoJo321 forfeited.\n|\n|win|Sir Isaac Mewton\n|l|\u2606JoJo321\n|raw|Sir Isaac Mewton's rating: 1811 &rarr; <strong>1833<\/strong><br \/>(+22 for winning)\n|raw|JoJo321's rating: 1849 &rarr; <strong>1826<\/strong><br \/>(-23 for losing)\n","uploadtime":1564046517,"views":22,"p1id":"sirisaacmewton","p2id":"jojo321","formatid":"gen7ou","rating":1826,"private":0,"password":null}