{"id":"gen7ou-553116377","p1":"mefrog","p2":"Kaylss","format":"gen7ou","log":"|j|mefrog\n|j|Kaylss\n|player|p1|mefrog|238\n|player|p2|Kaylss|2\n|gametype|singles\n|gen|7\n|tier|[Gen 7] OU\n|rated\n|seed|16755,51927,8074,5569\n|clearpoke\n|poke|p1|Celesteela|item\n|poke|p1|Charizard, F|item\n|poke|p1|Hoopa-Unbound|item\n|poke|p1|Garchomp, F|item\n|poke|p1|Starmie|item\n|poke|p1|Pheromosa|item\n|poke|p2|Sableye, F|item\n|poke|p2|Chansey, F|item\n|poke|p2|Skarmory, M|item\n|poke|p2|Toxapex, F|item\n|poke|p2|Dugtrio, M|item\n|poke|p2|Shedinja|item\n|rule|Baton Pass Clause: Limit one Baton Passer, can't pass Spe and other stats simultaneously\n|rule|Sleep Clause Mod: Limit one foe put to sleep\n|rule|Species Clause: Limit one of each Pok\u00e9mon\n|rule|OHKO Clause: OHKO moves are banned\n|rule|Moody Clause: Moody is banned\n|rule|Evasion Moves Clause: Evasion moves are banned\n|rule|Endless Battle Clause: Forcing endless battles is banned\n|rule|HP Percentage Mod: HP is shown in percentages\n|teampreview\n|j|Lonely Wind\n|choice|team 4, team 2, team 3, team 1, team 5, team 6|team 1, team 2, team 3, team 4, team 5, team 6\n|\n|start\n|switch|p1a: Garchomp|Garchomp, F|357\/357\n|switch|p2a: Sableye|Sableye, F|303\/303\n|turn|1\n|choice|switch 2|move foulplay mega\n|\n|switch|p1a: Charizard|Charizard, F|297\/297\n|detailschange|p2a: Sableye|Sableye-Mega, F\n|-mega|p2a: Sableye|Sableye|Sablenite\n|move|p2a: Sableye|Foul Play|p1a: Charizard\n|-damage|p1a: Charizard|150\/297\n|\n|upkeep\n|turn|2\n|choice|switch 2|switch 2\n|\n|switch|p1a: Garchomp|Garchomp, F|357\/357\n|switch|p2a: Chansey|Chansey, F|703\/703\n|\n|upkeep\n|turn|3\n|choice|move swordsdance|switch 2\n|\n|switch|p2a: Sableye|Sableye-Mega, F|303\/303\n|move|p1a: Garchomp|Swords Dance|p1a: Garchomp\n|-boost|p1a: Garchomp|atk|2\n|\n|upkeep\n|turn|4\n|choice|move earthquake|move protect\n|\n|move|p2a: Sableye|Protect|p2a: Sableye\n|-singleturn|p2a: Sableye|Protect\n|move|p1a: Garchomp|Earthquake|p2a: Sableye\n|-activate|p2a: Sableye|move: Protect\n|\n|upkeep\n|turn|5\n|choice|move stealthrock|move foulplay\n|\n|move|p1a: Garchomp|Stealth Rock|p2a: Sableye\n|move|p2a: Sableye|Stealth Rock|p1a: Garchomp|[from]Magic Bounce\n|-sidestart|p1: mefrog|move: Stealth Rock\n|move|p2a: Sableye|Foul Play|p1a: Garchomp\n|-damage|p1a: Garchomp|0 fnt\n|-damage|p2a: Sableye|266\/303|[from] ability: Rough Skin|[of] p1a: Garchomp\n|faint|p1a: Garchomp\n|\n|upkeep\n|choice|switch 3|\n|\n|switch|p1a: Hoopa|Hoopa-Unbound|301\/301\n|-damage|p1a: Hoopa|264\/301|[from] Stealth Rock\n|turn|6\n|choice|move hyperspacefury|switch 4\n|\n|switch|p2a: Toxapex|Toxapex, F|303\/303\n|move|p1a: Hoopa|Hyperspace Fury|p2a: Toxapex\n|-damage|p2a: Toxapex|137\/303\n|-unboost|p1a: Hoopa|def|1\n|\n|upkeep\n|turn|7\n|choice|move hyperspacefury|switch 3\n|\n|switch|p2a: Skarmory|Skarmory, M|333\/333\n|move|p1a: Hoopa|Hyperspace Fury|p2a: Skarmory\n|-damage|p2a: Skarmory|144\/333\n|-unboost|p1a: Hoopa|def|1\n|\n|upkeep\n|turn|8\n|j|TheEvenstar\n|choice|move hyperspacefury|switch 5\n|\n|switch|p2a: Dugtrio|Dugtrio, M|211\/211\n|move|p1a: Hoopa|Hyperspace Fury|p2a: Dugtrio\n|-enditem|p2a: Dugtrio|Focus Sash\n|-damage|p2a: Dugtrio|1\/211\n|-unboost|p1a: Hoopa|def|1\n|\n|upkeep\n|turn|9\n|choice|move hyperspacefury|move earthquake\n|\n|move|p2a: Dugtrio|Earthquake|p1a: Hoopa\n|-damage|p1a: Hoopa|0 fnt\n|faint|p1a: Hoopa\n|\n|upkeep\n|choice|switch 6|\n|\n|switch|p1a: Pheromosa|Pheromosa|283\/283\n|-damage|p1a: Pheromosa|248\/283|[from] Stealth Rock\n|turn|10\n|choice|move uturn|switch 6\n|\n|switch|p2a: Shedinja|Shedinja|1\/1\n|move|p1a: Pheromosa|U-turn|p2a: Shedinja\n|-immune|p2a: Shedinja|[msg]|[from] ability: Wonder Guard\n|\n|upkeep\n|turn|11\n|-message|mefrog forfeited.\n|\n|win|Kaylss\n|l|mefrog\n|j|Ratonhaketon\n|raw|mefrog's rating: 1647 &rarr; <strong>1625<\/strong><br \/>(-22 for losing)\n|raw|Kaylss's rating: 1607 &rarr; <strong>1629<\/strong><br \/>(+22 for winning)\n|l|TheEvenstar\n|l|Lonely Wind\n|j|Lonely Wind\n|l|Lonely Wind\n|l|Kaylss\n|j|Kaylss","inputlog":null,"uploadtime":1490582475,"views":14,"p1id":"mefrog","p2id":"kaylss","formatid":"gen7ou","rating":1625,"private":0,"password":null}