{"id":"gen7randombattle-1127215021","p1":"BaddyGames","p2":"DoppelNinja","format":"gen7randombattle","log":"|j|\u2606BaddyGames\n|j|\u2606DoppelNinja\n|player|p1|BaddyGames|275|\n|player|p2|DoppelNinja|266|\n|teamsize|p1|6\n|teamsize|p2|6\n|gametype|singles\n|gen|7\n|tier|[Gen 7] Random Battle\n|rule|Sleep Clause Mod: Limit one foe put to sleep\n|rule|HP Percentage Mod: HP is shown in percentages\n|\n|start\n|switch|p1a: Articuno|Articuno, L88|301\/301\n|switch|p2a: Scizor|Scizor, L82, M|249\/249\n|-ability|p1a: Articuno|Pressure\n|turn|1\n|\n|switch|p1a: Magnezone|Magnezone, L80|243\/243\n|move|p2a: Scizor|Swords Dance|p2a: Scizor\n|-boost|p2a: Scizor|atk|2\n|\n|upkeep\n|turn|2\n|\n|move|p2a: Scizor|Knock Off|p1a: Magnezone\n|-damage|p1a: Magnezone|108\/243\n|-enditem|p1a: Magnezone|Leftovers|[from] move: Knock Off|[of] p2a: Scizor\n|move|p1a: Magnezone|Hidden Power|p2a: Scizor\n|-supereffective|p2a: Scizor\n|-crit|p2a: Scizor\n|-enditem|p2a: Scizor|Focus Sash\n|-damage|p2a: Scizor|1\/249\n|\n|upkeep\n|turn|3\n|\n|move|p2a: Scizor|Superpower|p1a: Magnezone\n|-supereffective|p1a: Magnezone\n|-damage|p1a: Magnezone|0 fnt\n|-unboost|p2a: Scizor|atk|1\n|-unboost|p2a: Scizor|def|1\n|faint|p1a: Magnezone\n|\n|upkeep\n|j| Charliepoo\n|\n|switch|p1a: Blastoise|Blastoise, L86, M|276\/276\n|turn|4\n|\n|move|p2a: Scizor|Bullet Punch|p1a: Blastoise\n|-resisted|p1a: Blastoise\n|-damage|p1a: Blastoise|230\/276\n|move|p1a: Blastoise|Scald|p2a: Scizor\n|-damage|p2a: Scizor|0 fnt\n|faint|p2a: Scizor\n|\n|-heal|p1a: Blastoise|247\/276|[from] item: Leftovers\n|upkeep\n|\n|switch|p2a: Slowbro|Slowbro, L84, F|297\/297\n|turn|5\n|\n|move|p2a: Slowbro|Toxic|p1a: Blastoise\n|-status|p1a: Blastoise|tox\n|move|p1a: Blastoise|Roar|p2a: Slowbro\n|drag|p2a: Cofagrigus|Cofagrigus, L86, F|240\/240\n|\n|-heal|p1a: Blastoise|264\/276 tox|[from] item: Leftovers\n|-damage|p1a: Blastoise|247\/276 tox|[from] psn\n|upkeep\n|turn|6\n|\n|switch|p1a: Aggron|Aggron, L82, F|249\/249\n|move|p2a: Cofagrigus|Toxic Spikes|p1a: Aggron\n|-sidestart|p1: BaddyGames|move: Toxic Spikes\n|\n|upkeep\n|turn|7\n|\n|move|p1a: Aggron|Thunder Wave|p2a: Cofagrigus\n|-status|p2a: Cofagrigus|par\n|move|p2a: Cofagrigus|Will-O-Wisp|p1a: Aggron\n|-status|p1a: Aggron|brn\n|\n|-damage|p1a: Aggron|234\/249 brn|[from] brn\n|upkeep\n|turn|8\n|\n|move|p1a: Aggron|Stealth Rock|p2a: Cofagrigus\n|-sidestart|p2: DoppelNinja|move: Stealth Rock\n|move|p2a: Cofagrigus|Toxic Spikes|p1a: Aggron\n|-sidestart|p1: BaddyGames|move: Toxic Spikes\n|\n|-damage|p1a: Aggron|219\/249 brn|[from] brn\n|upkeep\n|turn|9\n|\n|switch|p2a: Slowbro|Slowbro, L84, F|297\/297\n|-damage|p2a: Slowbro|260\/297|[from] Stealth Rock\n|detailschange|p1a: Aggron|Aggron-Mega, L82, F\n|-mega|p1a: Aggron|Aggron|Aggronite\n|move|p1a: Aggron|Heavy Slam|p2a: Slowbro\n|-resisted|p2a: Slowbro\n|-damage|p2a: Slowbro|226\/297\n|\n|-heal|p2a: Slowbro|244\/297|[from] item: Leftovers\n|-damage|p1a: Aggron|204\/249 brn|[from] brn\n|upkeep\n|turn|10\n|\n|move|p1a: Aggron|Thunder Wave|p2a: Slowbro\n|-status|p2a: Slowbro|par\n|move|p2a: Slowbro|Scald|p1a: Aggron\n|-damage|p1a: Aggron|116\/249 brn\n|\n|-heal|p2a: Slowbro|262\/297 par|[from] item: Leftovers\n|-damage|p1a: Aggron|101\/249 brn|[from] brn\n|upkeep\n|turn|11\n|\n|switch|p1a: Blastoise|Blastoise, L86, M|247\/276 tox\n|move|p2a: Slowbro|Psyshock|p1a: Blastoise\n|-damage|p1a: Blastoise|175\/276 tox\n|\n|-heal|p1a: Blastoise|192\/276 tox|[from] item: Leftovers\n|-heal|p2a: Slowbro|280\/297 par|[from] item: Leftovers\n|-damage|p1a: Blastoise|175\/276 tox|[from] psn\n|upkeep\n|turn|12\n|\n|move|p1a: Blastoise|Rapid Spin|p2a: Slowbro\n|-damage|p2a: Slowbro|269\/297 par\n|-sideend|p1: BaddyGames|Toxic Spikes|[from] move: Rapid Spin|[of] p1a: Blastoise\n|cant|p2a: Slowbro|par\n|\n|-heal|p1a: Blastoise|192\/276 tox|[from] item: Leftovers\n|-heal|p2a: Slowbro|287\/297 par|[from] item: Leftovers\n|-damage|p1a: Blastoise|158\/276 tox|[from] psn\n|upkeep\n|turn|13\n|\n|switch|p1a: Haxorus|Haxorus, L82, M|259\/259\n|-ability|p1a: Haxorus|Mold Breaker\n|cant|p2a: Slowbro|par\n|\n|-heal|p2a: Slowbro|297\/297 par|[from] item: Leftovers\n|upkeep\n|turn|14\n|\n|move|p1a: Haxorus|Dragon Dance|p1a: Haxorus\n|-boost|p1a: Haxorus|atk|1\n|-boost|p1a: Haxorus|spe|1\n|move|p2a: Slowbro|Ice Beam|p1a: Haxorus\n|-supereffective|p1a: Haxorus\n|-damage|p1a: Haxorus|89\/259\n|\n|upkeep\n|turn|15\n|\n|switch|p2a: Cofagrigus|Cofagrigus, L86, F|240\/240 par\n|-damage|p2a: Cofagrigus|210\/240 par|[from] Stealth Rock\n|-zpower|p1a: Haxorus\n|move|p1a: Haxorus|Devastating Drake|p2a: Cofagrigus|[zeffect]\n|-damage|p2a: Cofagrigus|0 fnt\n|faint|p2a: Cofagrigus\n|\n|upkeep\n|\n|switch|p2a: Weezing|Weezing, L86, F|252\/252\n|-damage|p2a: Weezing|221\/252|[from] Stealth Rock\n|turn|16\n|\n|move|p2a: Weezing|Protect|p2a: Weezing\n|-singleturn|p2a: Weezing|Protect\n|move|p1a: Haxorus|Outrage|p2a: Weezing\n|-activate|p2a: Weezing|move: Protect\n|\n|-heal|p2a: Weezing|236\/252|[from] item: Black Sludge\n|upkeep\n|turn|17\n|\n|move|p2a: Weezing|Protect|p2a: Weezing\n|-singleturn|p2a: Weezing|Protect\n|move|p1a: Haxorus|Outrage|p2a: Weezing\n|-activate|p2a: Weezing|move: Protect\n|\n|-heal|p2a: Weezing|251\/252|[from] item: Black Sludge\n|upkeep\n|turn|18\n|\n|move|p1a: Haxorus|Outrage|p2a: Weezing\n|-damage|p2a: Weezing|50\/252\n|move|p2a: Weezing|Sludge Bomb|p1a: Haxorus\n|-crit|p1a: Haxorus\n|-damage|p1a: Haxorus|0 fnt\n|faint|p1a: Haxorus\n|\n|-heal|p2a: Weezing|65\/252|[from] item: Black Sludge\n|upkeep\n|\n|switch|p1a: Lopunny|Lopunny, L88, M|258\/258\n|turn|19\n|\n|move|p1a: Lopunny|Return|p2a: Weezing\n|-damage|p2a: Weezing|0 fnt\n|faint|p2a: Weezing\n|\n|upkeep\n|\n|switch|p2a: Slowbro|Slowbro, L84, F|297\/297 par\n|-damage|p2a: Slowbro|260\/297 par|[from] Stealth Rock\n|turn|20\n|\n|move|p1a: Lopunny|Return|p2a: Slowbro\n|-damage|p2a: Slowbro|176\/297 par\n|cant|p2a: Slowbro|par\n|\n|-heal|p2a: Slowbro|194\/297 par|[from] item: Leftovers\n|upkeep\n|turn|21\n|\n|move|p1a: Lopunny|Return|p2a: Slowbro\n|-damage|p2a: Slowbro|112\/297 par\n|move|p2a: Slowbro|Scald|p1a: Lopunny\n|-damage|p1a: Lopunny|179\/258\n|\n|-heal|p2a: Slowbro|130\/297 par|[from] item: Leftovers\n|upkeep\n|turn|22\n|\n|move|p1a: Lopunny|Return|p2a: Slowbro\n|-damage|p2a: Slowbro|43\/297 par\n|move|p2a: Slowbro|Toxic|p1a: Lopunny\n|-status|p1a: Lopunny|tox\n|\n|-heal|p2a: Slowbro|61\/297 par|[from] item: Leftovers\n|-damage|p1a: Lopunny|163\/258 tox|[from] psn\n|upkeep\n|turn|23\n|\n|switch|p2a: Meganium|Meganium, L88, F|284\/284\n|-damage|p2a: Meganium|249\/284|[from] Stealth Rock\n|move|p1a: Lopunny|Return|p2a: Meganium\n|-damage|p2a: Meganium|159\/284\n|\n|-damage|p1a: Lopunny|131\/258 tox|[from] psn\n|upkeep\n|turn|24\n|\n|switch|p1a: Articuno|Articuno, L88|301\/301\n|-ability|p1a: Articuno|Pressure\n|move|p2a: Meganium|Leech Seed|p1a: Articuno\n|-start|p1a: Articuno|move: Leech Seed\n|\n|-damage|p1a: Articuno|264\/301|[from] Leech Seed|[of] p2a: Meganium\n|-heal|p2a: Meganium|196\/284|[silent]\n|upkeep\n|turn|25\n|\n|move|p1a: Articuno|Hurricane|p2a: Meganium\n|-supereffective|p2a: Meganium\n|-damage|p2a: Meganium|0 fnt\n|faint|p2a: Meganium\n|\n|-heal|p1a: Articuno|282\/301|[from] item: Leftovers\n|upkeep\n|\n|switch|p2a: Venusaur|Venusaur, L82, M|265\/265\n|-damage|p2a: Venusaur|232\/265|[from] Stealth Rock\n|turn|26\n|\n|switch|p1a: Aggron|Aggron-Mega, L82, F|101\/249 brn\n|detailschange|p2a: Venusaur|Venusaur-Mega, L82, M\n|-mega|p2a: Venusaur|Venusaur|Venusaurite\n|move|p2a: Venusaur|Sludge Bomb|p1a: Aggron\n|-immune|p1a: Aggron\n|\n|-damage|p1a: Aggron|86\/249 brn|[from] brn\n|upkeep\n|turn|27\n|\n|move|p2a: Venusaur|Leech Seed|p1a: Aggron\n|-start|p1a: Aggron|move: Leech Seed\n|move|p1a: Aggron|Thunder Wave|p2a: Venusaur\n|-status|p2a: Venusaur|par\n|\n|-damage|p1a: Aggron|55\/249 brn|[from] Leech Seed|[of] p2a: Venusaur\n|-heal|p2a: Venusaur|263\/265 par|[silent]\n|-damage|p1a: Aggron|40\/249 brn|[from] brn\n|upkeep\n|turn|28\n|\n|switch|p1a: Blastoise|Blastoise, L86, M|158\/276 tox\n|move|p2a: Venusaur|Giga Drain|p1a: Blastoise\n|-supereffective|p1a: Blastoise\n|-damage|p1a: Blastoise|0 fnt\n|-heal|p2a: Venusaur|265\/265 par|[from] drain|[of] p1a: Blastoise\n|faint|p1a: Blastoise\n|\n|upkeep\n|\n|switch|p1a: Articuno|Articuno, L88|282\/301\n|-ability|p1a: Articuno|Pressure\n|turn|29\n|\n|move|p1a: Articuno|Hurricane|p2a: Venusaur\n|-supereffective|p2a: Venusaur\n|-damage|p2a: Venusaur|77\/265 par\n|move|p2a: Venusaur|Sludge Bomb|p1a: Articuno\n|-damage|p1a: Articuno|198\/301\n|\n|-heal|p1a: Articuno|216\/301|[from] item: Leftovers\n|upkeep\n|turn|30\n|\n|move|p1a: Articuno|Hurricane|p2a: Venusaur\n|-supereffective|p2a: Venusaur\n|-damage|p2a: Venusaur|0 fnt\n|faint|p2a: Venusaur\n|\n|-heal|p1a: Articuno|234\/301|[from] item: Leftovers\n|upkeep\n|\n|switch|p2a: Slowbro|Slowbro, L84, F|160\/297 par\n|-damage|p2a: Slowbro|123\/297 par|[from] Stealth Rock\n|turn|31\n|\n|move|p1a: Articuno|Hurricane|p2a: Slowbro\n|-damage|p2a: Slowbro|0 fnt\n|faint|p2a: Slowbro\n|\n|win|BaddyGames\n|c|\u2606BaddyGames|gg\n","inputlog":">version c9c7f6a747c4fa4bb90ab0817471f3f1098ea029\n>start {\"formatid\":\"gen7randombattle\",\"seed\":[50649,42451,38192,2072]}\n>player p1 {\"name\":\"BaddyGames\",\"avatar\":\"275\",\"team\":\"\",\"rating\":0,\"seed\":[3942,4112,49442,34197]}\n>player p2 {\"name\":\"DoppelNinja\",\"avatar\":\"266\",\"team\":\"\",\"rating\":0,\"seed\":[34168,17296,26123,48652]}\n>p1 switch 5\n>p2 move swordsdance\n>p1 move hiddenpower\n>p2 move knockoff\n>p1 move thunderbolt\n>p2 move superpower\n>p1 switch 4\n>p1 move scald\n>p2 move bulletpunch\n>p2 switch 4\n>p1 move roar\n>p2 move toxic\n>p1 switch 2\n>p2 move toxicspikes\n>p1 move thunderwave\n>p2 move willowisp\n>p1 move stealthrock\n>p2 move toxicspikes\n>p1 move heavyslam mega\n>p2 switch 2\n>p1 move thunderwave\n>p2 move scald\n>p1 switch 2\n>p2 move psyshock\n>p1 move rapidspin\n>p2 move psyshock\n>p1 switch 6\n>p2 move psyshock\n>p1 move dragondance\n>p2 move icebeam\n>p1 move outrage zmove\n>p2 switch 2\n>p2 switch 3\n>p1 move outrage\n>p2 move protect\n>p1 move outrage\n>p2 move protect\n>p1 move outrage\n>p2 move sludgebomb\n>p1 switch 3\n>p1 move return\n>p2 move painsplit\n>p2 switch 2\n>p1 move return\n>p2 move scald\n>p1 move return\n>p2 move scald\n>p1 move return\n>p2 move toxic\n>p1 move return\n>p2 switch 5\n>p1 switch 5\n>p2 move leechseed\n>p1 move hurricane\n>p2 move lightscreen\n>p2 switch 6\n>p1 switch 2\n>p2 move sludgebomb mega\n>p1 move thunderwave\n>p2 move leechseed\n>p1 switch 6\n>p2 move gigadrain\n>p1 switch 2\n>p1 move hurricane\n>p2 move sludgebomb\n>p1 move hurricane\n>p2 move leechseed\n>p2 switch 5\n>p1 move hurricane\n>p2 move psyshock","uploadtime":1591355657,"views":5,"p1id":"baddygames","p2id":"doppelninja","formatid":"gen7randombattle","rating":0,"private":0,"password":null}