{"id":"gen7ou-977280919","p1":"madness10","p2":"j0ules","format":"gen7ou","log":"|j|\u2606madness10\n|j|\u2606j0ules\n|player|p1|madness10|101|1461\n|player|p2|j0ules|170|1400\n|teamsize|p1|6\n|teamsize|p2|6\n|gametype|singles\n|gen|7\n|tier|[Gen 7] OU\n|rated|\n|rule|Sleep Clause Mod: Limit one foe put to sleep\n|rule|Species Clause: Limit one of each Pok\u00e9mon\n|rule|OHKO Clause: OHKO moves are banned\n|rule|Moody Clause: Moody is banned\n|rule|Evasion Moves Clause: Evasion moves are banned\n|rule|Endless Battle Clause: Forcing endless battles is banned\n|rule|HP Percentage Mod: HP is shown in percentages\n|clearpoke\n|poke|p1|Lopunny, M|item\n|poke|p1|Landorus-Therian, M|item\n|poke|p1|Tangrowth, M|item\n|poke|p1|Rotom-Wash|item\n|poke|p1|Victini|item\n|poke|p1|Kyurem-Black|item\n|poke|p2|Leafeon, F|item\n|poke|p2|Greninja, M|item\n|poke|p2|Heatran, M|item\n|poke|p2|Clefable, F|item\n|poke|p2|Latios, M|item\n|poke|p2|Azumarill, M|item\n|teampreview\n|inactive|Battle timer is ON: inactive players will automatically lose when time's up. (requested by j0ules)\n|\n|start\n|switch|p1a: Tangrowth|Tangrowth, M, shiny|100\/100\n|switch|p2a: GeDninjDADDY|Greninja, M|100\/100\n|turn|1\n|\n|switch|p2a: Dr. Tran|Heatran, M|100\/100\n|move|p1a: Tangrowth|Knock Off|p2a: Dr. Tran\n|-damage|p2a: Dr. Tran|78\/100\n|-enditem|p2a: Dr. Tran|Leftovers|[from] move: Knock Off|[of] p1a: Tangrowth\n|\n|upkeep\n|turn|2\n|\n|move|p2a: Dr. Tran|Stealth Rock|p1a: Tangrowth\n|-sidestart|p1: madness10|move: Stealth Rock\n|move|p1a: Tangrowth|Earthquake|p2a: Dr. Tran\n|-supereffective|p2a: Dr. Tran\n|-damage|p2a: Dr. Tran|0 fnt\n|faint|p2a: Dr. Tran\n|\n|upkeep\n|inactive|j0ules has 120 seconds left.\n|\n|switch|p2a: Eat a Weed|Leafeon, F|100\/100\n|turn|3\n|\n|move|p2a: Eat a Weed|Swords Dance|p2a: Eat a Weed\n|-boost|p2a: Eat a Weed|atk|2\n|move|p1a: Tangrowth|Knock Off|p2a: Eat a Weed\n|-damage|p2a: Eat a Weed|84\/100\n|\n|upkeep\n|turn|4\n|\n|switch|p1a: Landorus|Landorus-Therian, M, shiny|100\/100\n|-damage|p1a: Landorus|88\/100|[from] Stealth Rock\n|-ability|p1a: Landorus|Intimidate|boost\n|-unboost|p2a: Eat a Weed|atk|1\n|move|p2a: Eat a Weed|Knock Off|p1a: Landorus\n|-damage|p1a: Landorus|34\/100\n|-enditem|p1a: Landorus|Yache Berry|[from] move: Knock Off|[of] p2a: Eat a Weed\n|\n|upkeep\n|turn|5\n|\n|move|p1a: Landorus|U-turn|p2a: Eat a Weed\n|-supereffective|p2a: Eat a Weed\n|-damage|p2a: Eat a Weed|27\/100\n|\n|switch|p1a: Tangrowth|Tangrowth, M, shiny|100\/100|[from]move: U-turn\n|-damage|p1a: Tangrowth|88\/100|[from] Stealth Rock\n|move|p2a: Eat a Weed|Leaf Blade|p1a: Tangrowth\n|-resisted|p1a: Tangrowth\n|-damage|p1a: Tangrowth|65\/100\n|\n|upkeep\n|turn|6\n|inactive|j0ules has 120 seconds left.\n|\n|move|p2a: Eat a Weed|Knock Off|p1a: Tangrowth\n|-damage|p1a: Tangrowth|29\/100\n|-enditem|p1a: Tangrowth|Assault Vest|[from] move: Knock Off|[of] p2a: Eat a Weed\n|move|p1a: Tangrowth|Hidden Power|p2a: Eat a Weed\n|-supereffective|p2a: Eat a Weed\n|-damage|p2a: Eat a Weed|0 fnt\n|faint|p2a: Eat a Weed\n|\n|upkeep\n|inactive|j0ules has 120 seconds left.\n|\n|switch|p2a: GeDninjDADDY|Greninja, M|100\/100\n|turn|7\n|\n|switch|p1a: Kyurem|Kyurem-Black, shiny|100\/100\n|-damage|p1a: Kyurem|76\/100|[from] Stealth Rock\n|-ability|p1a: Kyurem|Teravolt\n|move|p2a: GeDninjDADDY|Dark Pulse|p1a: Kyurem\n|-damage|p1a: Kyurem|24\/100\n|\n|upkeep\n|turn|8\n|inactive|madness10 has 120 seconds left.\n|\n|move|p2a: GeDninjDADDY|Dark Pulse|p1a: Kyurem\n|-damage|p1a: Kyurem|0 fnt\n|faint|p1a: Kyurem\n|-activate|p2a: GeDninjDADDY|ability: Battle Bond\n|detailschange|p2a: GeDninjDADDY|Greninja-Ash, M\n|\n|upkeep\n|inactive|madness10 has 90 seconds left.\n|\n|switch|p1a: Victini|Victini|100\/100\n|-damage|p1a: Victini|76\/100|[from] Stealth Rock\n|turn|9\n|inactive|madness10 has 90 seconds left.\n|\n|move|p1a: Victini|Bolt Strike|p2a: GeDninjDADDY\n|-supereffective|p2a: GeDninjDADDY\n|-damage|p2a: GeDninjDADDY|0 fnt\n|faint|p2a: GeDninjDADDY\n|\n|upkeep\n|\n|switch|p2a: Trouble|Clefable, F|100\/100\n|turn|10\n|\n|move|p1a: Victini|Bolt Strike|p2a: Trouble\n|-damage|p2a: Trouble|70\/100\n|move|p2a: Trouble|Thunder Wave|p1a: Victini\n|-status|p1a: Victini|par\n|\n|-heal|p2a: Trouble|76\/100|[from] item: Leftovers\n|upkeep\n|turn|11\n|\n|switch|p1a: Lopunny|Lopunny, M, shiny|100\/100\n|-damage|p1a: Lopunny|88\/100|[from] Stealth Rock\n|move|p2a: Trouble|Wish|p2a: Trouble\n|\n|-heal|p2a: Trouble|82\/100|[from] item: Leftovers\n|upkeep\n|turn|12\n|\n|detailschange|p1a: Lopunny|Lopunny-Mega, M, shiny\n|-mega|p1a: Lopunny|Lopunny|Lopunnite\n|move|p1a: Lopunny|Fake Out|p2a: Trouble\n|-crit|p2a: Trouble\n|-damage|p2a: Trouble|56\/100\n|cant|p2a: Trouble|flinch\n|\n|-heal|p2a: Trouble|100\/100|[from] move: Wish|[wisher] Trouble\n|upkeep\n|turn|13\n|\n|switch|p1a: Victini|Victini|76\/100 par\n|-damage|p1a: Victini|51\/100 par|[from] Stealth Rock\n|move|p2a: Trouble|Moonblast|p1a: Victini\n|-resisted|p1a: Victini\n|-damage|p1a: Victini|35\/100 par\n|-unboost|p1a: Victini|spa|1\n|\n|upkeep\n|turn|14\n|\n|cant|p1a: Victini|par\n|move|p2a: Trouble|Soft-Boiled||[still]\n|-fail|p2a: Trouble\n|\n|upkeep\n|turn|15\n|\n|move|p1a: Victini|Trick|p2a: Trouble\n|-activate|p1a: Victini|move: Trick|[of] p2a: Trouble\n|-item|p2a: Trouble|Choice Scarf|[from] move: Trick\n|-item|p1a: Victini|Leftovers|[from] move: Trick\n|move|p2a: Trouble|Wish|p2a: Trouble\n|\n|-heal|p1a: Victini|41\/100 par|[from] item: Leftovers\n|upkeep\n|turn|16\n|\n|switch|p2a: Eon Flute Slave|Latios, M|100\/100\n|cant|p1a: Victini|par\n|\n|-heal|p1a: Victini|47\/100 par|[from] item: Leftovers\n|upkeep\n|turn|17\n|inactive|madness10 has 90 seconds left.\n|\n|switch|p1a: Rotom|Rotom-Wash, shiny|100\/100\n|-damage|p1a: Rotom|88\/100|[from] Stealth Rock\n|move|p2a: Eon Flute Slave|Psychic|p1a: Rotom\n|-damage|p1a: Rotom|36\/100\n|\n|-heal|p1a: Rotom|42\/100|[from] item: Leftovers\n|upkeep\n|turn|18\n|\n|move|p2a: Eon Flute Slave|Psychic|p1a: Rotom\n|-crit|p1a: Rotom\n|-damage|p1a: Rotom|0 fnt\n|faint|p1a: Rotom\n|\n|upkeep\n|\n|switch|p1a: Lopunny|Lopunny-Mega, M, shiny|88\/100\n|-damage|p1a: Lopunny|82\/100|[from] Stealth Rock\n|turn|19\n|\n|switch|p2a: Trouble|Clefable, F|100\/100\n|move|p1a: Lopunny|Fake Out|p2a: Trouble\n|-crit|p2a: Trouble\n|-damage|p2a: Trouble|76\/100\n|\n|upkeep\n|turn|20\n|\n|move|p1a: Lopunny|Encore||[still]\n|-fail|p1a: Lopunny\n|move|p2a: Trouble|Moonblast|p1a: Lopunny\n|-supereffective|p1a: Lopunny\n|-damage|p1a: Lopunny|3\/100\n|\n|upkeep\n|turn|21\n|-message|madness10 forfeited.\n|\n|win|j0ules\n|l|\u2606madness10\n|raw|madness10's rating: 1461 &rarr; <strong>1437<\/strong><br \/>(-24 for losing)\n|raw|j0ules's rating: 1400 &rarr; <strong>1423<\/strong><br \/>(+23 for winning)\n","uploadtime":1568701387,"views":12,"p1id":"madness10","p2id":"j0ules","formatid":"gen7ou","rating":1423,"private":0,"password":null}