{"id":"gen7ou-667853901","p1":"Toxabelle","p2":"Hugolounalemoche","format":"gen7ou","log":"|raw|<div class=\"broadcast-red\"><strong>This battle is invite-only!<\/strong><br \/>Users must be rank + or invited with <code>\/invite<\/code> to join<\/div>\n|j|Toxabelle\n|j|Hugolounalemoche\n|player|p1|Toxabelle|164\n|teamsize|p1|6\n|player|p2|Hugolounalemoche|170\n|teamsize|p2|6\n|gametype|singles\n|gen|7\n|tier|[Gen 7] OU\n|rated|\n|seed|3538,64829,37926,54292\n|rule|Sleep Clause Mod: Limit one foe put to sleep\n|rule|Species Clause: Limit one of each Pok\u00e9mon\n|rule|OHKO Clause: OHKO moves are banned\n|rule|Moody Clause: Moody is banned\n|rule|Evasion Moves Clause: Evasion moves are banned\n|rule|Endless Battle Clause: Forcing endless battles is banned\n|rule|HP Percentage Mod: HP is shown in percentages\n|clearpoke\n|poke|p1|Venusaur, F|item\n|poke|p1|Keldeo-Resolute|item\n|poke|p1|Skarmory, F|item\n|poke|p1|Chansey, F|item\n|poke|p1|Heatran, M|item\n|poke|p1|Bisharp, F|item\n|poke|p2|Tapu Koko|item\n|poke|p2|Kartana|item\n|poke|p2|Magearna|item\n|poke|p2|Lopunny, M|item\n|poke|p2|Keldeo-Resolute|item\n|poke|p2|Landorus-Therian, M|item\n|teampreview\n|inactive|Battle timer is ON: inactive players will automatically lose when time's up. (requested by Toxabelle)\n|choice|team 1, team 2, team 3, team 4, team 5, team 6|team 6, team 2, team 3, team 4, team 5, team 1\n|\n|start\n|switch|p1a: Venusaur|Venusaur, F|363\/363\n|switch|p2a: Landorus|Landorus-Therian, M|382\/382\n|-ability|p2a: Landorus|Intimidate|boost\n|-unboost|p1a: Venusaur|atk|1\n|turn|1\n|choice|switch 3|move stealthrock\n|\n|switch|p1a: Skarmory|Skarmory, F|333\/333\n|move|p2a: Landorus|Stealth Rock|p1a: Skarmory\n|-sidestart|p1: Toxabelle|move: Stealth Rock\n|\n|upkeep\n|turn|2\n|choice|move spikes|move hiddenpower\n|\n|move|p2a: Landorus|Hidden Power|p1a: Skarmory\n|-crit|p1a: Skarmory\n|-damage|p1a: Skarmory|243\/333\n|move|p1a: Skarmory|Spikes|p2a: Landorus\n|-sidestart|p2: Hugolounalemoche|Spikes\n|\n|upkeep\n|turn|3\n|choice|move roost|switch 6\n|\n|switch|p2a: Tapu Koko|Tapu Koko|281\/281\n|-damage|p2a: Tapu Koko|246\/281|[from] Spikes\n|-fieldstart|move: Electric Terrain|[from] ability: Electric Surge|[of] p2a: Tapu Koko\n|move|p1a: Skarmory|Roost|p1a: Skarmory\n|-heal|p1a: Skarmory|333\/333\n|\n|upkeep\n|turn|4\n|choice|switch 3|move thunderbolt\n|\n|switch|p1a: Venusaur|Venusaur, F|363\/363\n|-damage|p1a: Venusaur|318\/363|[from] Stealth Rock\n|move|p2a: Tapu Koko|Thunderbolt|p1a: Venusaur\n|-resisted|p1a: Venusaur\n|-damage|p1a: Venusaur|205\/363\n|\n|upkeep\n|turn|5\n|choice|move gigadrain mega|move taunt\n|\n|-mega|p1a: Venusaur|Venusaur|Venusaurite\n|detailschange|p1a: Venusaur|Venusaur-Mega, F\n|move|p2a: Tapu Koko|Taunt|p1a: Venusaur\n|-start|p1a: Venusaur|move: Taunt\n|move|p1a: Venusaur|Giga Drain|p2a: Tapu Koko\n|-damage|p2a: Tapu Koko|117\/281\n|-heal|p1a: Venusaur|270\/363|[from] drain|[of] p2a: Tapu Koko\n|\n|upkeep\n|turn|6\n|choice|move gigadrain|move uturn\n|\n|move|p2a: Tapu Koko|U-turn|p1a: Venusaur\n|-damage|p1a: Venusaur|233\/363\n|choice||switch 3\n|\n|switch|p2a: Magearna|Magearna|301\/301\n|-damage|p2a: Magearna|264\/301|[from] Spikes\n|move|p1a: Venusaur|Giga Drain|p2a: Magearna\n|-resisted|p2a: Magearna\n|-damage|p2a: Magearna|219\/301\n|-heal|p1a: Venusaur|256\/363|[from] drain|[of] p2a: Magearna\n|\n|upkeep\n|turn|7\n|inactive|Toxabelle has 135 seconds left.\n|choice|move gigadrain|move flashcannon\n|\n|move|p2a: Magearna|Flash Cannon|p1a: Venusaur\n|-damage|p1a: Venusaur|118\/363\n|move|p1a: Venusaur|Giga Drain|p2a: Magearna\n|-resisted|p2a: Magearna\n|-crit|p2a: Magearna\n|-damage|p2a: Magearna|150\/301\n|-heal|p1a: Venusaur|153\/363|[from] drain|[of] p2a: Magearna\n|\n|-end|p1a: Venusaur|move: Taunt\n|-fieldend|move: Electric Terrain\n|upkeep\n|turn|8\n|choice|move synthesis|move flashcannon\n|\n|move|p2a: Magearna|Flash Cannon|p1a: Venusaur\n|-damage|p1a: Venusaur|15\/363\n|move|p1a: Venusaur|Synthesis|p1a: Venusaur\n|-heal|p1a: Venusaur|196\/363\n|\n|upkeep\n|turn|9\n|choice|move synthesis|move flashcannon\n|\n|move|p2a: Magearna|Flash Cannon|p1a: Venusaur\n|-damage|p1a: Venusaur|58\/363\n|move|p1a: Venusaur|Synthesis|p1a: Venusaur\n|-heal|p1a: Venusaur|239\/363\n|\n|upkeep\n|turn|10\n|choice|move synthesis|move flashcannon\n|\n|move|p2a: Magearna|Flash Cannon|p1a: Venusaur\n|-damage|p1a: Venusaur|107\/363\n|-unboost|p1a: Venusaur|spd|1\n|move|p1a: Venusaur|Synthesis|p1a: Venusaur\n|-heal|p1a: Venusaur|288\/363\n|\n|upkeep\n|turn|11\n|choice|switch 4|move flashcannon\n|\n|switch|p1a: Chansey|Chansey, F|703\/703\n|-damage|p1a: Chansey|616\/703|[from] Stealth Rock\n|move|p2a: Magearna|Flash Cannon|p1a: Chansey\n|-damage|p1a: Chansey|510\/703\n|\n|upkeep\n|turn|12\n|choice|move seismictoss|switch 4\n|\n|switch|p2a: Lopunny|Lopunny, M|271\/271\n|-damage|p2a: Lopunny|238\/271|[from] Spikes\n|move|p1a: Chansey|Seismic Toss|p2a: Lopunny\n|-damage|p2a: Lopunny|138\/271\n|\n|upkeep\n|turn|13\n|choice|switch 3|move poweruppunch mega\n|\n|switch|p1a: Skarmory|Skarmory, F|333\/333\n|-damage|p1a: Skarmory|292\/333|[from] Stealth Rock\n|-mega|p2a: Lopunny|Lopunny|Lopunnite\n|detailschange|p2a: Lopunny|Lopunny-Mega, M\n|move|p2a: Lopunny|Power-Up Punch|p1a: Skarmory\n|-damage|p1a: Skarmory|252\/333\n|-damage|p2a: Lopunny|93\/271|[from] item: Rocky Helmet|[of] p1a: Skarmory\n|-boost|p2a: Lopunny|atk|1\n|\n|upkeep\n|turn|14\n|choice|move bravebird|move highjumpkick\n|\n|move|p2a: Lopunny|High Jump Kick|p1a: Skarmory\n|-damage|p1a: Skarmory|48\/333\n|-damage|p2a: Lopunny|48\/271|[from] item: Rocky Helmet|[of] p1a: Skarmory\n|move|p1a: Skarmory|Brave Bird|p2a: Lopunny\n|-supereffective|p2a: Lopunny\n|-damage|p2a: Lopunny|0 fnt\n|-damage|p1a: Skarmory|32\/333|[from] Recoil|[of] p2a: Lopunny\n|faint|p2a: Lopunny\n|\n|upkeep\n|choice||switch 3\n|\n|switch|p2a: Tapu Koko|Tapu Koko|117\/281\n|-damage|p2a: Tapu Koko|82\/281|[from] Spikes\n|-fieldstart|move: Electric Terrain|[from] ability: Electric Surge|[of] p2a: Tapu Koko\n|turn|15\n|choice|move spikes|move thunderbolt\n|\n|move|p2a: Tapu Koko|Thunderbolt|p1a: Skarmory\n|-supereffective|p1a: Skarmory\n|-damage|p1a: Skarmory|0 fnt\n|faint|p1a: Skarmory\n|\n|upkeep\n|choice|switch 4|\n|\n|switch|p1a: Venusaur|Venusaur-Mega, F|288\/363\n|-damage|p1a: Venusaur|243\/363|[from] Stealth Rock\n|turn|16\n|choice|move synthesis|move thunderbolt\n|\n|move|p2a: Tapu Koko|Thunderbolt|p1a: Venusaur\n|-resisted|p1a: Venusaur\n|-damage|p1a: Venusaur|149\/363\n|move|p1a: Venusaur|Synthesis|p1a: Venusaur\n|-heal|p1a: Venusaur|330\/363\n|\n|upkeep\n|turn|17\n|choice|move gigadrain|move thunderbolt\n|\n|move|p2a: Tapu Koko|Thunderbolt|p1a: Venusaur\n|-resisted|p1a: Venusaur\n|-damage|p1a: Venusaur|228\/363\n|move|p1a: Venusaur|Giga Drain|p2a: Tapu Koko\n|-damage|p2a: Tapu Koko|0 fnt\n|-heal|p1a: Venusaur|269\/363|[from] drain|[of] p2a: Tapu Koko\n|faint|p2a: Tapu Koko\n|\n|upkeep\n|choice||switch 4\n|\n|switch|p2a: Magearna|Magearna|150\/301\n|-damage|p2a: Magearna|113\/301|[from] Spikes\n|turn|18\n|choice|switch 3|move flashcannon\n|\n|switch|p1a: Chansey|Chansey, F|510\/703\n|-damage|p1a: Chansey|423\/703|[from] Stealth Rock\n|move|p2a: Magearna|Flash Cannon|p1a: Chansey\n|-damage|p1a: Chansey|314\/703\n|\n|upkeep\n|turn|19\n|inactive|Hugolounalemoche has 135 seconds left.\n|choice|move softboiled|switch 2\n|\n|switch|p2a: Kartana|Kartana|259\/259\n|-damage|p2a: Kartana|227\/259|[from] Spikes\n|move|p1a: Chansey|Soft-Boiled|p1a: Chansey\n|-heal|p1a: Chansey|666\/703\n|\n|-fieldend|move: Electric Terrain\n|upkeep\n|turn|20\n|choice|move thunderwave|move sacredsword\n|\n|move|p2a: Kartana|Sacred Sword|p1a: Chansey\n|-supereffective|p1a: Chansey\n|-damage|p1a: Chansey|292\/703\n|move|p1a: Chansey|Thunder Wave|p2a: Kartana\n|-status|p2a: Kartana|par\n|\n|upkeep\n|turn|21\n|inactive|Hugolounalemoche has 135 seconds left.\n|choice|switch 3|move sacredsword\n|\n|switch|p1a: Venusaur|Venusaur-Mega, F|269\/363\n|-damage|p1a: Venusaur|224\/363|[from] Stealth Rock\n|move|p2a: Kartana|Sacred Sword|p1a: Venusaur\n|-resisted|p1a: Venusaur\n|-damage|p1a: Venusaur|178\/363\n|\n|upkeep\n|turn|22\n|choice|move synthesis|switch 6\n|\n|switch|p2a: Landorus|Landorus-Therian, M|382\/382\n|-ability|p2a: Landorus|Intimidate|boost\n|-unboost|p1a: Venusaur|atk|1\n|move|p1a: Venusaur|Synthesis|p1a: Venusaur\n|-heal|p1a: Venusaur|359\/363\n|\n|upkeep\n|turn|23\n|choice|move gigadrain|move earthquake\n|\n|move|p2a: Landorus|Earthquake|p1a: Venusaur\n|-damage|p1a: Venusaur|262\/363\n|move|p1a: Venusaur|Giga Drain|p2a: Landorus\n|-damage|p2a: Landorus|262\/382\n|-heal|p1a: Venusaur|322\/363|[from] drain|[of] p2a: Landorus\n|\n|-heal|p2a: Landorus|285\/382|[from] item: Leftovers\n|upkeep\n|turn|24\n|choice|move gigadrain|move earthquake\n|\n|move|p2a: Landorus|Earthquake|p1a: Venusaur\n|-damage|p1a: Venusaur|211\/363\n|move|p1a: Venusaur|Giga Drain|p2a: Landorus\n|-damage|p2a: Landorus|156\/382\n|-heal|p1a: Venusaur|276\/363|[from] drain|[of] p2a: Landorus\n|\n|-heal|p2a: Landorus|179\/382|[from] item: Leftovers\n|upkeep\n|turn|25\n|choice|move gigadrain|move earthquake\n|\n|move|p2a: Landorus|Earthquake|p1a: Venusaur\n|-damage|p1a: Venusaur|174\/363\n|move|p1a: Venusaur|Giga Drain|p2a: Landorus\n|-crit|p2a: Landorus\n|-damage|p2a: Landorus|0 fnt\n|-heal|p1a: Venusaur|264\/363|[from] drain|[of] p2a: Landorus\n|faint|p2a: Landorus\n|\n|upkeep\n|choice||switch 2\n|\n|switch|p2a: Magearna|Magearna|113\/301\n|-damage|p2a: Magearna|76\/301|[from] Spikes\n|turn|26\n|choice|move hiddenpower|move flashcannon\n|\n|move|p2a: Magearna|Flash Cannon|p1a: Venusaur\n|-damage|p1a: Venusaur|146\/363\n|move|p1a: Venusaur|Hidden Power|p2a: Magearna\n|-supereffective|p2a: Magearna\n|-damage|p2a: Magearna|0 fnt\n|faint|p2a: Magearna\n|\n|upkeep\n|-message|Hugolounalemoche forfeited.\n|\n|win|Toxabelle\n|l|Hugolounalemoche\n|raw|Toxabelle's rating: 1857 &rarr; <strong>1877<\/strong><br \/>(+20 for winning)\n|raw|Hugolounalemoche's rating: 1860 &rarr; <strong>1840<\/strong><br \/>(-20 for losing)\n|c|\u2606Toxabelle|rekt\n|c|\u2606Toxabelle|\/log Toxabelle made this room public.","inputlog":null,"uploadtime":1512220779,"views":208,"p1id":"toxabelle","p2id":"hugolounalemoche","formatid":"gen7ou","rating":1840,"private":0,"password":null}