{"id":"gen7ou-850292927","p1":"I don't reply","p2":"Moskito Cup","format":"gen7ou","log":"|j|\u2606I don't reply\n|j|\u2606Moskito Cup\n|player|p1|I don't reply|61\n|player|p2|Moskito Cup|170\n|teamsize|p1|6\n|teamsize|p2|6\n|gametype|singles\n|gen|7\n|tier|[Gen 7] OU\n|rated|\n|rule|Sleep Clause Mod: Limit one foe put to sleep\n|rule|Species Clause: Limit one of each Pok\u00e9mon\n|rule|OHKO Clause: OHKO moves are banned\n|rule|Moody Clause: Moody is banned\n|rule|Evasion Moves Clause: Evasion moves are banned\n|rule|Endless Battle Clause: Forcing endless battles is banned\n|rule|HP Percentage Mod: HP is shown in percentages\n|clearpoke\n|poke|p1|Garchomp, F|item\n|poke|p1|Hippowdon, F|item\n|poke|p1|Greninja, M|item\n|poke|p1|Celesteela|item\n|poke|p1|Excadrill, F|item\n|poke|p1|Toxapex, M|item\n|poke|p2|Venusaur, M|item\n|poke|p2|Keldeo-Resolute|item\n|poke|p2|Skarmory, F|item\n|poke|p2|Chansey, F|item\n|poke|p2|Heatran, F|item\n|poke|p2|Bisharp, F|item\n|teampreview\n|raw|<div class=\"broadcast-red\"><strong>Moderated join is set to sync with modchat!<\/strong><br \/>Only users who can speak in modchat can join.<\/div>\n|c|\u2606Moskito Cup|\/log Moskito Cup set modjoin to sync with modchat.\n|raw|<div class=\"broadcast-red\"><strong>Moderated chat was set to +!<\/strong><br \/>Only users of rank + and higher can talk.<\/div>\n|c|\u2606Moskito Cup|\/log Moskito Cup made this room hidden.\n|inactive|Battle timer is ON: inactive players will automatically lose when time's up. (requested by I don't reply)\n|\n|start\n|switch|p1a: Hippowdon|Hippowdon, F|100\/100\n|switch|p2a: Keldeo|Keldeo-Resolute|100\/100\n|-weather|Sandstorm|[from] ability: Sand Stream|[of] p1a: Hippowdon\n|turn|1\n|\n|move|p2a: Keldeo|Scald|p1a: Hippowdon\n|-supereffective|p1a: Hippowdon\n|-damage|p1a: Hippowdon|14\/100\n|move|p1a: Hippowdon|Stealth Rock|p2a: Keldeo\n|-sidestart|p2: Moskito Cup|move: Stealth Rock\n|\n|-weather|Sandstorm|[upkeep]\n|-damage|p2a: Keldeo|94\/100|[from] Sandstorm\n|-heal|p2a: Keldeo|100\/100|[from] item: Leftovers\n|upkeep\n|turn|2\n|\n|move|p2a: Keldeo|Scald|p1a: Hippowdon\n|-supereffective|p1a: Hippowdon\n|-damage|p1a: Hippowdon|0 fnt\n|faint|p1a: Hippowdon\n|\n|-weather|Sandstorm|[upkeep]\n|-damage|p2a: Keldeo|94\/100|[from] Sandstorm\n|-heal|p2a: Keldeo|100\/100|[from] item: Leftovers\n|upkeep\n|\n|switch|p1a: Garchomp|Garchomp, F|100\/100\n|turn|3\n|\n|switch|p2a: Skarmory|Skarmory, F|100\/100\n|-damage|p2a: Skarmory|88\/100|[from] Stealth Rock\n|detailschange|p1a: Garchomp|Garchomp-Mega, F\n|-mega|p1a: Garchomp|Garchomp|Garchompite\n|move|p1a: Garchomp|Swords Dance|p1a: Garchomp\n|-boost|p1a: Garchomp|atk|2\n|\n|-weather|Sandstorm|[upkeep]\n|upkeep\n|turn|4\n|\n|move|p1a: Garchomp|Fire Fang|p2a: Skarmory\n|-supereffective|p2a: Skarmory\n|-damage|p2a: Skarmory|18\/100\n|-damage|p1a: Garchomp|84\/100|[from] item: Rocky Helmet|[of] p2a: Skarmory\n|move|p2a: Skarmory|Whirlwind|p1a: Garchomp\n|drag|p1a: Toxapex|Toxapex, M, shiny|100\/100\n|\n|-weather|Sandstorm|[upkeep]\n|-damage|p1a: Toxapex|95\/100|[from] Sandstorm\n|-heal|p1a: Toxapex|100\/100|[from] item: Black Sludge\n|upkeep\n|turn|5\n|\n|switch|p1a: Greninja|Greninja, M|100\/100\n|move|p2a: Skarmory|Spikes|p1a: Greninja\n|-sidestart|p1: I don't reply|Spikes\n|\n|-weather|Sandstorm|[upkeep]\n|-damage|p1a: Greninja|95\/100|[from] Sandstorm\n|upkeep\n|turn|6\n|\n|switch|p2a: Keldeo|Keldeo-Resolute|100\/100\n|-damage|p2a: Keldeo|94\/100|[from] Stealth Rock\n|move|p1a: Greninja|Hydro Pump|p2a: Keldeo\n|-resisted|p2a: Keldeo\n|-damage|p2a: Keldeo|54\/100\n|\n|-weather|Sandstorm|[upkeep]\n|-damage|p1a: Greninja|89\/100|[from] Sandstorm\n|-damage|p2a: Keldeo|47\/100|[from] Sandstorm\n|-heal|p2a: Keldeo|54\/100|[from] item: Leftovers\n|upkeep\n|turn|7\n|\n|move|p1a: Greninja|Hydro Pump|p2a: Keldeo|[miss]\n|-miss|p1a: Greninja|p2a: Keldeo\n|move|p2a: Keldeo|Secret Sword|p1a: Greninja\n|-supereffective|p1a: Greninja\n|-crit|p1a: Greninja\n|-damage|p1a: Greninja|0 fnt\n|faint|p1a: Greninja\n|\n|-weather|Sandstorm|[upkeep]\n|-damage|p2a: Keldeo|47\/100|[from] Sandstorm\n|-heal|p2a: Keldeo|54\/100|[from] item: Leftovers\n|upkeep\n|\n|switch|p1a: Garchomp|Garchomp-Mega, F|84\/100\n|-damage|p1a: Garchomp|72\/100|[from] Spikes\n|turn|8\n|\n|switch|p2a: Skarmory|Skarmory, F|18\/100\n|-damage|p2a: Skarmory|6\/100|[from] Stealth Rock\n|move|p1a: Garchomp|Earthquake|p2a: Skarmory\n|-immune|p2a: Skarmory\n|\n|-weather|none\n|upkeep\n|turn|9\n|\n|move|p1a: Garchomp|Fire Fang|p2a: Skarmory\n|-supereffective|p2a: Skarmory\n|-damage|p2a: Skarmory|0 fnt\n|-damage|p1a: Garchomp|55\/100|[from] item: Rocky Helmet|[of] p2a: Skarmory\n|faint|p2a: Skarmory\n|\n|upkeep\n|\n|switch|p2a: Venusaur|Venusaur, M|100\/100\n|-damage|p2a: Venusaur|88\/100|[from] Stealth Rock\n|turn|10\n|\n|detailschange|p2a: Venusaur|Venusaur-Mega, M\n|-mega|p2a: Venusaur|Venusaur|Venusaurite\n|move|p1a: Garchomp|Swords Dance|p1a: Garchomp\n|-boost|p1a: Garchomp|atk|2\n|move|p2a: Venusaur|Giga Drain|p1a: Garchomp\n|-damage|p1a: Garchomp|22\/100\n|-heal|p2a: Venusaur|100\/100|[from] drain|[of] p1a: Garchomp\n|\n|upkeep\n|turn|11\n|\n|move|p1a: Garchomp|Earthquake|p2a: Venusaur\n|-damage|p2a: Venusaur|20\/100\n|move|p2a: Venusaur|Giga Drain|p1a: Garchomp\n|-damage|p1a: Garchomp|0 fnt\n|-heal|p2a: Venusaur|30\/100|[from] drain|[of] p1a: Garchomp\n|faint|p1a: Garchomp\n|\n|upkeep\n|\n|switch|p1a: Excadrill|Excadrill, F|100\/100\n|-damage|p1a: Excadrill|88\/100|[from] Spikes\n|turn|12\n|\n|move|p1a: Excadrill|Rapid Spin|p2a: Venusaur\n|-damage|p2a: Venusaur|25\/100\n|-sideend|p1: I don't reply|Spikes|[from] move: Rapid Spin|[of] p1a: Excadrill\n|move|p2a: Venusaur|Giga Drain|p1a: Excadrill\n|-damage|p1a: Excadrill|46\/100\n|-heal|p2a: Venusaur|46\/100|[from] drain|[of] p1a: Excadrill\n|\n|upkeep\n|turn|13\n|\n|-zpower|p1a: Excadrill\n|move|p1a: Excadrill|Corkscrew Crash|p2a: Venusaur|[zeffect]\n|-damage|p2a: Venusaur|0 fnt\n|faint|p2a: Venusaur\n|\n|upkeep\n|\n|switch|p2a: Keldeo|Keldeo-Resolute|54\/100\n|-damage|p2a: Keldeo|47\/100|[from] Stealth Rock\n|turn|14\n|\n|switch|p1a: Toxapex|Toxapex, M, shiny|100\/100\n|move|p2a: Keldeo|Scald|p1a: Toxapex\n|-resisted|p1a: Toxapex\n|-damage|p1a: Toxapex|84\/100\n|\n|-heal|p2a: Keldeo|54\/100|[from] item: Leftovers\n|-heal|p1a: Toxapex|90\/100|[from] item: Black Sludge\n|upkeep\n|turn|15\n|\n|move|p2a: Keldeo|Substitute|p2a: Keldeo\n|-start|p2a: Keldeo|Substitute\n|-damage|p2a: Keldeo|29\/100\n|move|p1a: Toxapex|Scald|p2a: Keldeo\n|-resisted|p2a: Keldeo\n|-activate|p2a: Keldeo|move: Substitute|[damage]\n|\n|-heal|p2a: Keldeo|35\/100|[from] item: Leftovers\n|-heal|p1a: Toxapex|96\/100|[from] item: Black Sludge\n|upkeep\n|turn|16\n|-message|I don't reply forfeited.\n|\n|win|Moskito Cup\n|l|\u2606I don't reply\n|c|\u2606Moskito Cup|\/log Moskito Cup made this room public.\n|raw|I don&apos;t reply's rating: 1968 &rarr; <strong>1944<\/strong><br \/>(-24 for losing)\n|raw|Moskito Cup's rating: 1906 &rarr; <strong>1929<\/strong><br \/>(+23 for winning)\n","uploadtime":1547764408,"views":268,"p1id":"idontreply","p2id":"moskitocup","formatid":"gen7ou","rating":1929,"private":0,"password":null}