{"id":"gen7ou-563108197","p1":"I'm back from mars","p2":"hjkhj","format":"gen7ou","log":"|j|I'm back from mars\n|j|hjkhj\n|player|p1|I'm back from mars|128\n|player|p2|hjkhj|129\n|gametype|singles\n|gen|7\n|tier|[Gen 7] OU\n|rated\n|seed|1285,21905,44709,64238\n|clearpoke\n|poke|p1|Dugtrio, F, shiny|item\n|poke|p1|Skarmory, F|item\n|poke|p1|Clefable, F|item\n|poke|p1|Mantine, F|item\n|poke|p1|Charizard, M, shiny|item\n|poke|p1|Tangrowth, M|item\n|poke|p2|Skarmory, F|item\n|poke|p2|Clefable, F|item\n|poke|p2|Quagsire, M|item\n|poke|p2|Sableye, F|item\n|poke|p2|Chansey, F|item\n|poke|p2|Dugtrio, F|item\n|rule|Baton Pass Clause: Limit one Baton Passer, can't pass Spe and other stats simultaneously\n|rule|Sleep Clause Mod: Limit one foe put to sleep\n|rule|Species Clause: Limit one of each Pok\u00e9mon\n|rule|OHKO Clause: OHKO moves are banned\n|rule|Moody Clause: Moody is banned\n|rule|Evasion Moves Clause: Evasion moves are banned\n|rule|Endless Battle Clause: Forcing endless battles is banned\n|rule|HP Percentage Mod: HP is shown in percentages\n|teampreview\n|j|feel da rain \u2654\n|choice|team 6, team 2, team 3, team 4, team 5, team 1|team 4, team 2, team 3, team 1, team 5, team 6\n|\n|start\n|switch|p1a: Tangrowth|Tangrowth, M|404\/404\n|switch|p2a: Sableye|Sableye, F|303\/303\n|turn|1\n|choice|switch 5|move knockoff mega\n|\n|switch|p1a: Charizard|Charizard, M, shiny|297\/297\n|detailschange|p2a: Sableye|Sableye-Mega, F\n|-mega|p2a: Sableye|Sableye|Sablenite\n|move|p2a: Sableye|Knock Off|p1a: Charizard\n|-damage|p1a: Charizard|213\/297\n|\n|upkeep\n|turn|2\n|choice|move flamethrower mega|switch 5\n|\n|switch|p2a: Chansey|Chansey, F|703\/703\n|detailschange|p1a: Charizard|Charizard-Mega-Y, M, shiny\n|-mega|p1a: Charizard|Charizard|Charizardite Y\n|-weather|SunnyDay|[from] ability: Drought|[of] p1a: Charizard\n|move|p1a: Charizard|Flamethrower|p2a: Chansey\n|-damage|p2a: Chansey|493\/703\n|\n|-weather|SunnyDay|[upkeep]\n|upkeep\n|turn|3\n|choice|switch 6|move softboiled\n|\n|switch|p1a: Dugtrio|Dugtrio, F, shiny|201\/201\n|move|p2a: Chansey|Soft-Boiled|p2a: Chansey\n|-heal|p2a: Chansey|703\/703\n|\n|-weather|SunnyDay|[upkeep]\n|upkeep\n|turn|4\n|choice|move screech|move toxic\n|\n|move|p1a: Dugtrio|Screech|p2a: Chansey\n|-unboost|p2a: Chansey|def|2\n|move|p2a: Chansey|Toxic|p1a: Dugtrio\n|-status|p1a: Dugtrio|tox\n|\n|-weather|SunnyDay|[upkeep]\n|-damage|p1a: Dugtrio|189\/201 tox|[from] psn\n|upkeep\n|turn|5\n|choice|move earthquake zmove|move seismictoss\n|\n|-zpower|p1a: Dugtrio\n|move|p1a: Dugtrio|Tectonic Rage|p2a: Chansey|[zeffect]\n|-damage|p2a: Chansey|0 fnt\n|faint|p2a: Chansey\n|\n|-weather|SunnyDay|[upkeep]\n|-damage|p1a: Dugtrio|165\/201 tox|[from] psn\n|upkeep\n|choice||switch 6\n|\n|switch|p2a: Dugtrio|Dugtrio, F|211\/211\n|turn|6\n|choice|move earthquake|move earthquake\n|\n|move|p2a: Dugtrio|Earthquake|p1a: Dugtrio\n|-damage|p1a: Dugtrio|0 fnt\n|faint|p1a: Dugtrio\n|\n|-weather|none\n|upkeep\n|choice|switch 5|\n|\n|switch|p1a: Tangrowth|Tangrowth, M|404\/404\n|turn|7\n|choice|move sludgebomb|switch 5\n|\n|switch|p2a: Sableye|Sableye-Mega, F|303\/303\n|move|p1a: Tangrowth|Sludge Bomb|p2a: Sableye\n|-resisted|p2a: Sableye\n|-damage|p2a: Sableye|280\/303\n|-status|p2a: Sableye|psn\n|\n|-damage|p2a: Sableye|243\/303 psn|[from] psn\n|upkeep\n|turn|8\n|choice|switch 6|switch 4\n|\n|switch|p1a: Charizard|Charizard-Mega-Y, M, shiny|213\/297\n|-weather|SunnyDay|[from] ability: Drought|[of] p1a: Charizard\n|switch|p2a: Skarmory|Skarmory, F|333\/333\n|\n|-weather|SunnyDay|[upkeep]\n|upkeep\n|turn|9\n|choice|move flamethrower|switch 2\n|\n|switch|p2a: Clefable|Clefable, F|393\/393\n|move|p1a: Charizard|Flamethrower|p2a: Clefable\n|-damage|p2a: Clefable|155\/393\n|\n|-weather|SunnyDay|[upkeep]\n|-heal|p2a: Clefable|179\/393|[from] item: Leftovers\n|upkeep\n|turn|10\n|-message|hjkhj forfeited.\n|\n|win|I'm back from mars\n|l|hjkhj","inputlog":null,"uploadtime":1492449927,"views":15,"p1id":"imbackfrommars","p2id":"hjkhj","formatid":"gen7ou","rating":0,"private":0,"password":null}