{"id":"gen7ou-969926945","p1":"HereWeStand","p2":"Walletinspector62","format":"gen7ou","log":"|j|\u2606HereWeStand\n|j|\u2606Walletinspector62\n|player|p1|HereWeStand|1|\n|player|p2|Walletinspector62|102|\n|teamsize|p1|6\n|teamsize|p2|6\n|gametype|singles\n|gen|7\n|tier|[Gen 7] OU\n|rule|Sleep Clause Mod: Limit one foe put to sleep\n|rule|Species Clause: Limit one of each Pok\u00e9mon\n|rule|OHKO Clause: OHKO moves are banned\n|rule|Moody Clause: Moody is banned\n|rule|Evasion Moves Clause: Evasion moves are banned\n|rule|Endless Battle Clause: Forcing endless battles is banned\n|rule|HP Percentage Mod: HP is shown in percentages\n|clearpoke\n|poke|p1|Tapu Bulu|item\n|poke|p1|Bronzong|item\n|poke|p1|Marowak-Alola, M|item\n|poke|p1|Buzzwole|item\n|poke|p1|Muk-Alola, M|item\n|poke|p1|Latias, F|item\n|poke|p2|Gyarados, M|item\n|poke|p2|Kartana|item\n|poke|p2|Victini|item\n|poke|p2|Zapdos|item\n|poke|p2|Persian-Alola, M|item\n|poke|p2|Ninetales-Alola, F|item\n|teampreview\n|c|\u2606Walletinspector62|Glhf\n|c|\u2606HereWeStand|gl hf, sorry this is kinda late\n|\n|start\n|switch|p1a: Dong|Bronzong|100\/100\n|switch|p2a: Vindeseil|Victini|100\/100\n|turn|1\n|c|\u2606Walletinspector62|It\u2019s fine lol\n|\n|switch|p1a: Dragonstone|Latias, F|100\/100\n|move|p2a: Vindeseil|Substitute|p2a: Vindeseil\n|-start|p2a: Vindeseil|Substitute\n|-damage|p2a: Vindeseil|75\/100\n|\n|-heal|p2a: Vindeseil|82\/100|[from] item: Leftovers\n|upkeep\n|turn|2\n|\n|detailschange|p1a: Dragonstone|Latias-Mega, F\n|-mega|p1a: Dragonstone|Latias|Latiasite\n|move|p1a: Dragonstone|Surf|p2a: Vindeseil\n|-supereffective|p2a: Vindeseil\n|-end|p2a: Vindeseil|Substitute\n|move|p2a: Vindeseil|Toxic|p1a: Dragonstone\n|-status|p1a: Dragonstone|tox\n|\n|-heal|p2a: Vindeseil|88\/100|[from] item: Leftovers\n|-damage|p1a: Dragonstone|95\/100 tox|[from] psn\n|upkeep\n|turn|3\n|\n|switch|p2a: Emma Frost|Ninetales-Alola, F, shiny|100\/100\n|-weather|Hail|[from] ability: Snow Warning|[of] p2a: Emma Frost\n|move|p1a: Dragonstone|Hidden Power|p2a: Emma Frost\n|-supereffective|p2a: Emma Frost\n|-damage|p2a: Emma Frost|47\/100\n|\n|-weather|Hail|[upkeep]\n|-damage|p1a: Dragonstone|89\/100 tox|[from] Hail\n|-damage|p1a: Dragonstone|77\/100 tox|[from] psn\n|upkeep\n|turn|4\n|\n|switch|p2a: Zapdos|Zapdos|100\/100\n|move|p1a: Dragonstone|Hidden Power|p2a: Zapdos\n|-damage|p2a: Zapdos|80\/100\n|\n|-weather|Hail|[upkeep]\n|-damage|p1a: Dragonstone|71\/100 tox|[from] Hail\n|-damage|p2a: Zapdos|74\/100|[from] Hail\n|-heal|p2a: Zapdos|80\/100|[from] item: Leftovers\n|-damage|p1a: Dragonstone|53\/100 tox|[from] psn\n|upkeep\n|turn|5\n|\n|switch|p1a: Diamond|Muk-Alola, M, shiny|100\/100\n|move|p2a: Zapdos|Roost|p2a: Zapdos\n|-heal|p2a: Zapdos|100\/100\n|-singleturn|p2a: Zapdos|move: Roost\n|\n|-weather|Hail|[upkeep]\n|-damage|p2a: Zapdos|94\/100|[from] Hail\n|-damage|p1a: Diamond|94\/100|[from] Hail\n|-heal|p2a: Zapdos|100\/100|[from] item: Leftovers\n|upkeep\n|turn|6\n|\n|move|p2a: Zapdos|Discharge|p1a: Diamond\n|-damage|p1a: Diamond|76\/100\n|move|p1a: Diamond|Knock Off|p2a: Zapdos\n|-crit|p2a: Zapdos\n|-damage|p2a: Zapdos|42\/100\n|-enditem|p2a: Zapdos|Leftovers|[from] move: Knock Off|[of] p1a: Diamond\n|\n|-weather|Hail|[upkeep]\n|-damage|p2a: Zapdos|36\/100|[from] Hail\n|-damage|p1a: Diamond|70\/100|[from] Hail\n|upkeep\n|turn|7\n|\n|move|p2a: Zapdos|Roost|p2a: Zapdos\n|-heal|p2a: Zapdos|86\/100\n|-singleturn|p2a: Zapdos|move: Roost\n|move|p1a: Diamond|Poison Jab|p2a: Zapdos\n|-damage|p2a: Zapdos|54\/100\n|\n|-weather|none\n|upkeep\n|turn|8\n|\n|move|p2a: Zapdos|Roost|p2a: Zapdos\n|-heal|p2a: Zapdos|100\/100\n|-singleturn|p2a: Zapdos|move: Roost\n|move|p1a: Diamond|Poison Jab|p2a: Zapdos\n|-damage|p2a: Zapdos|69\/100\n|\n|upkeep\n|turn|9\n|\n|-activate|p2a: Zapdos|move: Pursuit\n|move|p1a: Diamond|Pursuit|p2a: Zapdos|[from]Pursuit\n|-damage|p2a: Zapdos|38\/100\n|-status|p1a: Diamond|par|[from] ability: Static|[of] p2a: Zapdos\n|switch|p2a: Garfield|Persian-Alola, M, shiny|100\/100\n|\n|upkeep\n|turn|10\n|\n|move|p2a: Garfield|Parting Shot|p1a: Diamond\n|-unboost|p1a: Diamond|atk|1\n|-unboost|p1a: Diamond|spa|1\n|\n|switch|p2a: Shrimp|Gyarados, M, shiny|100\/100|[from]move: Parting Shot\n|-ability|p2a: Shrimp|Intimidate|boost\n|-unboost|p1a: Diamond|atk|1\n|move|p1a: Diamond|Poison Jab|p2a: Shrimp\n|-damage|p2a: Shrimp|82\/100\n|\n|upkeep\n|turn|11\n|\n|detailschange|p2a: Shrimp|Gyarados-Mega, M, shiny\n|-mega|p2a: Shrimp|Gyarados|Gyaradosite\n|-ability|p2a: Shrimp|Mold Breaker\n|move|p2a: Shrimp|Dragon Dance|p2a: Shrimp\n|-boost|p2a: Shrimp|atk|1\n|-boost|p2a: Shrimp|spe|1\n|move|p1a: Diamond|Thunder Punch|p2a: Shrimp\n|-supereffective|p2a: Shrimp\n|-damage|p2a: Shrimp|63\/100\n|-status|p2a: Shrimp|psn|[from] ability: Poison Touch|[of] p1a: Diamond\n|\n|-damage|p2a: Shrimp|51\/100 psn|[from] psn\n|upkeep\n|turn|12\n|\n|switch|p1a: Free Range|Tapu Bulu, shiny|100\/100\n|-fieldstart|move: Grassy Terrain|[from] ability: Grassy Surge|[of] p1a: Free Range\n|move|p2a: Shrimp|Waterfall|p1a: Free Range\n|-resisted|p1a: Free Range\n|-damage|p1a: Free Range|75\/100\n|\n|-heal|p2a: Shrimp|57\/100 psn|[from] Grassy Terrain\n|-heal|p1a: Free Range|82\/100|[from] Grassy Terrain\n|-damage|p2a: Shrimp|45\/100 psn|[from] psn\n|upkeep\n|turn|13\n|\n|move|p2a: Shrimp|Bounce||[still]\n|-prepare|p2a: Shrimp|Bounce|p1a: Free Range\n|move|p1a: Free Range|Horn Leech|p2a: Shrimp|[miss]\n|-miss|p1a: Free Range|p2a: Shrimp\n|\n|-heal|p1a: Free Range|88\/100|[from] Grassy Terrain\n|-damage|p2a: Shrimp|32\/100 psn|[from] psn\n|upkeep\n|turn|14\n|\n|switch|p1a: Diamond|Muk-Alola, M, shiny|70\/100 par\n|move|p2a: Shrimp|Bounce|p1a: Diamond|[from]lockedmove\n|-damage|p1a: Diamond|22\/100 par\n|\n|-heal|p2a: Shrimp|38\/100 psn|[from] Grassy Terrain\n|-heal|p1a: Diamond|29\/100 par|[from] Grassy Terrain\n|-damage|p2a: Shrimp|26\/100 psn|[from] psn\n|upkeep\n|turn|15\n|\n|move|p2a: Shrimp|Waterfall|p1a: Diamond\n|-damage|p1a: Diamond|0 fnt\n|faint|p1a: Diamond\n|\n|-heal|p2a: Shrimp|32\/100 psn|[from] Grassy Terrain\n|-damage|p2a: Shrimp|20\/100 psn|[from] psn\n|upkeep\n|\n|switch|p1a: Free Range|Tapu Bulu, shiny|88\/100\n|turn|16\n|\n|move|p2a: Shrimp|Bounce||[still]\n|-prepare|p2a: Shrimp|Bounce|p1a: Free Range\n|move|p1a: Free Range|Horn Leech|p2a: Shrimp|[miss]\n|-miss|p1a: Free Range|p2a: Shrimp\n|\n|-heal|p1a: Free Range|94\/100|[from] Grassy Terrain\n|-damage|p2a: Shrimp|7\/100 psn|[from] psn\n|upkeep\n|turn|17\n|\n|switch|p1a: Dong|Bronzong|100\/100\n|move|p2a: Shrimp|Bounce|p1a: Dong|[from]lockedmove\n|-resisted|p1a: Dong\n|-damage|p1a: Dong|77\/100\n|\n|-heal|p2a: Shrimp|13\/100 psn|[from] Grassy Terrain\n|-heal|p1a: Dong|83\/100|[from] Grassy Terrain\n|-damage|p2a: Shrimp|1\/100 psn|[from] psn\n|upkeep\n|turn|18\n|\n|switch|p1a: Free Range|Tapu Bulu, shiny|94\/100\n|move|p2a: Shrimp|Crunch|p1a: Free Range\n|-resisted|p1a: Free Range\n|-damage|p1a: Free Range|70\/100\n|\n|-heal|p2a: Shrimp|7\/100 psn|[from] Grassy Terrain\n|-heal|p1a: Free Range|76\/100|[from] Grassy Terrain\n|-damage|p2a: Shrimp|0 fnt|[from] psn\n|faint|p2a: Shrimp\n|upkeep\n|\n|switch|p2a: Vindeseil|Victini|88\/100\n|turn|19\n|\n|switch|p1a: Dragonstone|Latias-Mega, F|53\/100 tox\n|move|p2a: Vindeseil|Blue Flare|p1a: Dragonstone\n|-resisted|p1a: Dragonstone\n|-damage|p1a: Dragonstone|36\/100 tox\n|\n|-heal|p2a: Vindeseil|94\/100|[from] item: Leftovers\n|-heal|p2a: Vindeseil|99\/100|[from] Grassy Terrain\n|-fieldend|move: Grassy Terrain\n|-damage|p1a: Dragonstone|30\/100 tox|[from] psn\n|upkeep\n|turn|20\n|\n|switch|p2a: Emma Frost|Ninetales-Alola, F, shiny|47\/100\n|-weather|Hail|[from] ability: Snow Warning|[of] p2a: Emma Frost\n|move|p1a: Dragonstone|Draco Meteor|p2a: Emma Frost\n|-immune|p2a: Emma Frost\n|\n|-weather|Hail|[upkeep]\n|-damage|p1a: Dragonstone|24\/100 tox|[from] Hail\n|-damage|p1a: Dragonstone|12\/100 tox|[from] psn\n|upkeep\n|turn|21\n|\n|move|p1a: Dragonstone|Hidden Power|p2a: Emma Frost\n|-supereffective|p2a: Emma Frost\n|-damage|p2a: Emma Frost|0 fnt\n|faint|p2a: Emma Frost\n|\n|-weather|Hail|[upkeep]\n|-damage|p1a: Dragonstone|6\/100 tox|[from] Hail\n|-damage|p1a: Dragonstone|0 fnt|[from] psn\n|faint|p1a: Dragonstone\n|upkeep\n|\n|switch|p1a: Dong|Bronzong|83\/100\n|switch|p2a: Vindeseil|Victini|99\/100\n|turn|22\n|\n|move|p2a: Vindeseil|Substitute|p2a: Vindeseil\n|-start|p2a: Vindeseil|Substitute\n|-damage|p2a: Vindeseil|75\/100\n|move|p1a: Dong|Trick Room|p1a: Dong\n|-fieldstart|move: Trick Room|[of] p1a: Dong\n|\n|-weather|Hail|[upkeep]\n|-damage|p1a: Dong|77\/100|[from] Hail\n|-damage|p2a: Vindeseil|69\/100|[from] Hail\n|-heal|p2a: Vindeseil|75\/100|[from] item: Leftovers\n|upkeep\n|turn|23\n|\n|move|p1a: Dong|Light Screen|p1a: Dong\n|-sidestart|p1: HereWeStand|move: Light Screen\n|move|p2a: Vindeseil|Blue Flare|p1a: Dong\n|-supereffective|p1a: Dong\n|-damage|p1a: Dong|63\/100\n|\n|-weather|Hail|[upkeep]\n|-damage|p1a: Dong|57\/100|[from] Hail\n|-damage|p2a: Vindeseil|69\/100|[from] Hail\n|-heal|p2a: Vindeseil|75\/100|[from] item: Leftovers\n|upkeep\n|turn|24\n|\n|move|p1a: Dong|Reflect|p1a: Dong\n|-sidestart|p1: HereWeStand|Reflect\n|move|p2a: Vindeseil|Blue Flare|p1a: Dong\n|-supereffective|p1a: Dong\n|-damage|p1a: Dong|42\/100\n|\n|-weather|none\n|-heal|p2a: Vindeseil|81\/100|[from] item: Leftovers\n|upkeep\n|turn|25\n|\n|move|p1a: Dong|Explosion|p2a: Vindeseil\n|-end|p2a: Vindeseil|Substitute\n|faint|p1a: Dong\n|move|p2a: Vindeseil|Blue Flare|p1: Dong|[notarget]\n|-fail|p2a: Vindeseil\n|\n|-heal|p2a: Vindeseil|88\/100|[from] item: Leftovers\n|upkeep\n|\n|switch|p1a: Kiawi|Marowak-Alola, M|100\/100\n|turn|26\n|\n|switch|p2a: Garfield|Persian-Alola, M, shiny|100\/100\n|move|p1a: Kiawi|Shadow Bone|p2a: Garfield\n|-resisted|p2a: Garfield\n|-damage|p2a: Garfield|80\/100\n|\n|-heal|p2a: Garfield|86\/100|[from] item: Leftovers\n|-fieldend|move: Trick Room\n|upkeep\n|turn|27\n|\n|move|p2a: Garfield|Toxic|p1a: Kiawi\n|-status|p1a: Kiawi|tox\n|move|p1a: Kiawi|Flare Blitz|p2a: Garfield\n|-damage|p2a: Garfield|28\/100\n|-damage|p1a: Kiawi|81\/100 tox|[from] Recoil\n|\n|-heal|p2a: Garfield|34\/100|[from] item: Leftovers\n|-damage|p1a: Kiawi|74\/100 tox|[from] psn\n|upkeep\n|turn|28\n|\n|switch|p1a: The Mountain|Buzzwole, shiny|100\/100\n|move|p2a: Garfield|Foul Play|p1a: The Mountain\n|-resisted|p1a: The Mountain\n|-damage|p1a: The Mountain|95\/100\n|-damage|p2a: Garfield|17\/100|[from] item: Rocky Helmet|[of] p1a: The Mountain\n|\n|-heal|p2a: Garfield|23\/100|[from] item: Leftovers\n|upkeep\n|turn|29\n|\n|move|p2a: Garfield|Parting Shot|p1a: The Mountain\n|-unboost|p1a: The Mountain|atk|1\n|-unboost|p1a: The Mountain|spa|1\n|\n|switch|p2a: Zapdos|Zapdos|38\/100|[from]move: Parting Shot\n|move|p1a: The Mountain|Hammer Arm|p2a: Zapdos\n|-resisted|p2a: Zapdos\n|-damage|p2a: Zapdos|23\/100\n|-unboost|p1a: The Mountain|spe|1\n|\n|upkeep\n|turn|30\n|\n|move|p2a: Zapdos|Roost|p2a: Zapdos\n|-heal|p2a: Zapdos|73\/100\n|-singleturn|p2a: Zapdos|move: Roost\n|move|p1a: The Mountain|Toxic|p2a: Zapdos\n|-status|p2a: Zapdos|tox\n|\n|-damage|p2a: Zapdos|66\/100 tox|[from] psn\n|-sideend|p1: HereWeStand|move: Light Screen\n|upkeep\n|turn|31\n|\n|switch|p1a: Free Range|Tapu Bulu, shiny|76\/100\n|-fieldstart|move: Grassy Terrain|[from] ability: Grassy Surge|[of] p1a: Free Range\n|move|p2a: Zapdos|Heat Wave|p1a: Free Range\n|-supereffective|p1a: Free Range\n|-damage|p1a: Free Range|12\/100\n|\n|-heal|p1a: Free Range|18\/100|[from] Grassy Terrain\n|-damage|p2a: Zapdos|54\/100 tox|[from] psn\n|-sideend|p1: HereWeStand|Reflect\n|upkeep\n|turn|32\n|\n|move|p2a: Zapdos|Heat Wave|p1a: Free Range\n|-supereffective|p1a: Free Range\n|-damage|p1a: Free Range|0 fnt\n|faint|p1a: Free Range\n|\n|-damage|p2a: Zapdos|35\/100 tox|[from] psn\n|upkeep\n|\n|switch|p1a: Kiawi|Marowak-Alola, M|74\/100 tox\n|turn|33\n|\n|move|p2a: Zapdos|Roost|p2a: Zapdos\n|-heal|p2a: Zapdos|85\/100 tox\n|-singleturn|p2a: Zapdos|move: Roost\n|move|p1a: Kiawi|Flare Blitz|p2a: Zapdos\n|-damage|p2a: Zapdos|0 fnt\n|-damage|p1a: Kiawi|41\/100 tox|[from] Recoil\n|faint|p2a: Zapdos\n|\n|-heal|p1a: Kiawi|48\/100 tox|[from] Grassy Terrain\n|-damage|p1a: Kiawi|41\/100 tox|[from] psn\n|upkeep\n|\n|switch|p2a: Garfield|Persian-Alola, M, shiny|23\/100\n|turn|34\n|\n|switch|p1a: The Mountain|Buzzwole, shiny|95\/100\n|move|p2a: Garfield|Foul Play|p1a: The Mountain\n|-resisted|p1a: The Mountain\n|-damage|p1a: The Mountain|85\/100\n|-damage|p2a: Garfield|7\/100|[from] item: Rocky Helmet|[of] p1a: The Mountain\n|\n|-heal|p2a: Garfield|13\/100|[from] item: Leftovers\n|-heal|p2a: Garfield|19\/100|[from] Grassy Terrain\n|-heal|p1a: The Mountain|92\/100|[from] Grassy Terrain\n|upkeep\n|turn|35\n|\n|move|p2a: Garfield|Toxic|p1a: The Mountain\n|-status|p1a: The Mountain|tox\n|move|p1a: The Mountain|Hammer Arm|p2a: Garfield\n|-supereffective|p2a: Garfield\n|-damage|p2a: Garfield|0 fnt\n|-unboost|p1a: The Mountain|spe|1\n|faint|p2a: Garfield\n|-ability|p1a: The Mountain|Beast Boost|boost\n|-boost|p1a: The Mountain|def|1\n|\n|-heal|p1a: The Mountain|98\/100 tox|[from] Grassy Terrain\n|-damage|p1a: The Mountain|92\/100 tox|[from] psn\n|upkeep\n|\n|switch|p2a: Vindeseil|Victini|88\/100\n|turn|36\n|\n|move|p2a: Vindeseil|Substitute|p2a: Vindeseil\n|-start|p2a: Vindeseil|Substitute\n|-damage|p2a: Vindeseil|63\/100\n|move|p1a: The Mountain|Earthquake|p2a: Vindeseil\n|-supereffective|p2a: Vindeseil\n|-end|p2a: Vindeseil|Substitute\n|\n|-heal|p2a: Vindeseil|69\/100|[from] item: Leftovers\n|-heal|p2a: Vindeseil|75\/100|[from] Grassy Terrain\n|-heal|p1a: The Mountain|98\/100 tox|[from] Grassy Terrain\n|-damage|p1a: The Mountain|85\/100 tox|[from] psn\n|upkeep\n|turn|37\n|\n|move|p2a: Vindeseil|Substitute|p2a: Vindeseil\n|-start|p2a: Vindeseil|Substitute\n|-damage|p2a: Vindeseil|50\/100\n|move|p1a: The Mountain|Earthquake|p2a: Vindeseil\n|-supereffective|p2a: Vindeseil\n|-end|p2a: Vindeseil|Substitute\n|\n|-heal|p2a: Vindeseil|56\/100|[from] item: Leftovers\n|-heal|p2a: Vindeseil|62\/100|[from] Grassy Terrain\n|-heal|p1a: The Mountain|92\/100 tox|[from] Grassy Terrain\n|-damage|p1a: The Mountain|73\/100 tox|[from] psn\n|upkeep\n|turn|38\n|\n|move|p2a: Vindeseil|Substitute|p2a: Vindeseil\n|-start|p2a: Vindeseil|Substitute\n|-damage|p2a: Vindeseil|37\/100\n|move|p1a: The Mountain|Earthquake|p2a: Vindeseil\n|-supereffective|p2a: Vindeseil\n|-activate|p2a: Vindeseil|move: Substitute|[damage]\n|\n|-heal|p2a: Vindeseil|44\/100|[from] item: Leftovers\n|-heal|p2a: Vindeseil|50\/100|[from] Grassy Terrain\n|-heal|p1a: The Mountain|79\/100 tox|[from] Grassy Terrain\n|-fieldend|move: Grassy Terrain\n|-damage|p1a: The Mountain|54\/100 tox|[from] psn\n|upkeep\n|turn|39\n|\n|move|p2a: Vindeseil|Blue Flare|p1a: The Mountain\n|-supereffective|p1a: The Mountain\n|-damage|p1a: The Mountain|0 fnt\n|faint|p1a: The Mountain\n|\n|-heal|p2a: Vindeseil|56\/100|[from] item: Leftovers\n|upkeep\n|\n|switch|p1a: Kiawi|Marowak-Alola, M|41\/100 tox\n|turn|40\n|\n|move|p2a: Vindeseil|Blue Flare|p1a: Kiawi\n|-resisted|p1a: Kiawi\n|-damage|p1a: Kiawi|15\/100 tox\n|move|p1a: Kiawi|Shadow Bone|p2a: Vindeseil\n|-supereffective|p2a: Vindeseil\n|-end|p2a: Vindeseil|Substitute\n|\n|-heal|p2a: Vindeseil|62\/100|[from] item: Leftovers\n|-damage|p1a: Kiawi|9\/100 tox|[from] psn\n|upkeep\n|turn|41\n|c|\u2606HereWeStand|gg\n|c|\u2606Walletinspector62|Gg\n|\n|move|p2a: Vindeseil|Substitute|p2a: Vindeseil\n|-start|p2a: Vindeseil|Substitute\n|-damage|p2a: Vindeseil|37\/100\n|move|p1a: Kiawi|Shadow Bone|p2a: Vindeseil\n|-supereffective|p2a: Vindeseil\n|-end|p2a: Vindeseil|Substitute\n|\n|-heal|p2a: Vindeseil|43\/100|[from] item: Leftovers\n|-damage|p1a: Kiawi|0 fnt|[from] psn\n|faint|p1a: Kiawi\n|\n|win|Walletinspector62\n|upkeep\n","uploadtime":1567445822,"views":9,"p1id":"herewestand","p2id":"walletinspector62","formatid":"gen7ou","rating":0,"private":0,"password":null}