{"id":"gen7ou-964681568","p1":"lord cube","p2":"Darkryy","format":"gen7ou","log":"|j|\u2606lord cube\n|j|\u2606Darkryy\n|player|p1|lord cube|2|1457\n|player|p2|Darkryy|43|1527\n|teamsize|p1|6\n|teamsize|p2|6\n|gametype|singles\n|gen|7\n|tier|[Gen 7] OU\n|rated|\n|rule|Sleep Clause Mod: Limit one foe put to sleep\n|rule|Species Clause: Limit one of each Pok\u00e9mon\n|rule|OHKO Clause: OHKO moves are banned\n|rule|Moody Clause: Moody is banned\n|rule|Evasion Moves Clause: Evasion moves are banned\n|rule|Endless Battle Clause: Forcing endless battles is banned\n|rule|HP Percentage Mod: HP is shown in percentages\n|clearpoke\n|poke|p1|Rotom-Wash|item\n|poke|p1|Zapdos|item\n|poke|p1|Nidoqueen, F|item\n|poke|p1|Garchomp, M|item\n|poke|p1|Scizor, F|item\n|poke|p1|Weavile, F|item\n|poke|p2|Lopunny, F|item\n|poke|p2|Greninja, F|item\n|poke|p2|Victini|item\n|poke|p2|Landorus-Therian, M|item\n|poke|p2|Ferrothorn, M|item\n|poke|p2|Tapu Fini|item\n|teampreview\n|inactive|Battle timer is ON: inactive players will automatically lose when time's up. (requested by Darkryy)\n|inactive|lord cube has 120 seconds left.\n|\n|start\n|switch|p1a: Zapdos|Zapdos|100\/100\n|switch|p2a: Ferrothorn|Ferrothorn, M|100\/100\n|-ability|p1a: Zapdos|Pressure\n|turn|1\n|\n|switch|p2a: Landorus|Landorus-Therian, M|100\/100\n|-ability|p2a: Landorus|Intimidate|boost\n|-unboost|p1a: Zapdos|atk|1\n|move|p1a: Zapdos|Heat Wave|p2a: Landorus\n|-damage|p2a: Landorus|72\/100\n|\n|upkeep\n|turn|2\n|\n|move|p1a: Zapdos|Volt Switch|p2a: Landorus\n|-immune|p2a: Landorus\n|move|p2a: Landorus|Toxic|p1a: Zapdos\n|-status|p1a: Zapdos|tox\n|\n|-damage|p1a: Zapdos|94\/100 tox|[from] psn\n|upkeep\n|turn|3\n|\n|move|p1a: Zapdos|Volt Switch|p2a: Landorus\n|-immune|p2a: Landorus\n|move|p2a: Landorus|Stealth Rock|p1a: Zapdos\n|-sidestart|p1: lord cube|move: Stealth Rock\n|\n|-heal|p1a: Zapdos|100\/100 tox|[from] item: Leftovers\n|-damage|p1a: Zapdos|88\/100 tox|[from] psn\n|upkeep\n|turn|4\n|\n|move|p1a: Zapdos|Defog|p2a: Landorus\n|-unboost|p2a: Landorus|evasion|1\n|-sideend|p1: lord cube|Stealth Rock|[from] move: Defog|[of] p1a: Zapdos\n|move|p2a: Landorus|Toxic|p1a: Zapdos\n|-fail|p1a: Zapdos|tox\n|\n|-heal|p1a: Zapdos|94\/100 tox|[from] item: Leftovers\n|-damage|p1a: Zapdos|76\/100 tox|[from] psn\n|upkeep\n|turn|5\n|\n|switch|p1a: Rotom|Rotom-Wash|100\/100\n|move|p2a: Landorus|Stealth Rock|p1a: Rotom\n|-sidestart|p1: lord cube|move: Stealth Rock\n|\n|upkeep\n|turn|6\n|inactive|Darkryy has 120 seconds left.\n|\n|move|p2a: Landorus|U-turn|p1a: Rotom\n|-damage|p1a: Rotom|80\/100\n|\n|switch|p2a: Ferrothorn|Ferrothorn, M|100\/100|[from]move: U-turn\n|move|p1a: Rotom|Hydro Pump|p2a: Ferrothorn|[miss]\n|-miss|p1a: Rotom|p2a: Ferrothorn\n|\n|-heal|p1a: Rotom|86\/100|[from] item: Leftovers\n|upkeep\n|turn|7\n|\n|move|p1a: Rotom|Will-O-Wisp|p2a: Ferrothorn\n|-status|p2a: Ferrothorn|brn\n|move|p2a: Ferrothorn|Leech Seed|p1a: Rotom|[miss]\n|-miss|p2a: Ferrothorn|p1a: Rotom\n|\n|-heal|p1a: Rotom|93\/100|[from] item: Leftovers\n|-damage|p2a: Ferrothorn|95\/100 brn|[from] brn\n|upkeep\n|turn|8\n|inactive|Darkryy has 120 seconds left.\n|\n|move|p1a: Rotom|Volt Switch|p2a: Ferrothorn\n|-resisted|p2a: Ferrothorn\n|-damage|p2a: Ferrothorn|84\/100 brn\n|\n|switch|p1a: Zapdos|Zapdos|76\/100 tox|[from]move: Volt Switch\n|-damage|p1a: Zapdos|51\/100 tox|[from] Stealth Rock\n|-ability|p1a: Zapdos|Pressure\n|move|p2a: Ferrothorn|Leech Seed|p1a: Zapdos\n|-start|p1a: Zapdos|move: Leech Seed\n|\n|-heal|p1a: Zapdos|57\/100 tox|[from] item: Leftovers\n|-heal|p2a: Ferrothorn|90\/100 brn|[from] item: Leftovers\n|-damage|p1a: Zapdos|45\/100 tox|[from] Leech Seed|[of] p2a: Ferrothorn\n|-heal|p2a: Ferrothorn|100\/100 brn|[silent]\n|-damage|p1a: Zapdos|39\/100 tox|[from] psn\n|-damage|p2a: Ferrothorn|95\/100 brn|[from] brn\n|upkeep\n|turn|9\n|inactive|Darkryy has 120 seconds left.\n|\n|switch|p2a: Landorus|Landorus-Therian, M|72\/100\n|-ability|p2a: Landorus|Intimidate|boost\n|-unboost|p1a: Zapdos|atk|1\n|move|p1a: Zapdos|Defog|p2a: Landorus\n|-unboost|p2a: Landorus|evasion|1\n|-sideend|p1: lord cube|Stealth Rock|[from] move: Defog|[of] p1a: Zapdos\n|\n|-heal|p1a: Zapdos|45\/100 tox|[from] item: Leftovers\n|-damage|p1a: Zapdos|33\/100 tox|[from] Leech Seed|[of] p2a: Landorus\n|-heal|p2a: Landorus|85\/100|[silent]\n|-damage|p1a: Zapdos|20\/100 tox|[from] psn\n|upkeep\n|turn|10\n|\n|switch|p1a: Rotom|Rotom-Wash|93\/100\n|move|p2a: Landorus|Stealth Rock|p1a: Rotom\n|-sidestart|p1: lord cube|move: Stealth Rock\n|\n|-heal|p1a: Rotom|99\/100|[from] item: Leftovers\n|upkeep\n|turn|11\n|inactive|Darkryy has 120 seconds left.\n|\n|move|p2a: Landorus|U-turn|p1a: Rotom\n|-damage|p1a: Rotom|78\/100\n|\n|switch|p2a: Ferrothorn|Ferrothorn, M|95\/100 brn|[from]move: U-turn\n|move|p1a: Rotom|Volt Switch|p2a: Ferrothorn\n|-resisted|p2a: Ferrothorn\n|-damage|p2a: Ferrothorn|83\/100 brn\n|\n|switch|p1a: Nidoqueen|Nidoqueen, F|100\/100|[from]move: Volt Switch\n|-damage|p1a: Nidoqueen|94\/100|[from] Stealth Rock\n|\n|-heal|p2a: Ferrothorn|89\/100 brn|[from] item: Leftovers\n|-damage|p2a: Ferrothorn|83\/100 brn|[from] brn\n|upkeep\n|turn|12\n|\n|move|p1a: Nidoqueen|Flamethrower|p2a: Ferrothorn\n|-supereffective|p2a: Ferrothorn\n|-damage|p2a: Ferrothorn|0 fnt\n|faint|p2a: Ferrothorn\n|\n|upkeep\n|\n|switch|p2a: Lopunny|Lopunny, F|100\/100\n|turn|13\n|\n|switch|p1a: Scizor|Scizor, F|100\/100\n|-damage|p1a: Scizor|88\/100|[from] Stealth Rock\n|detailschange|p2a: Lopunny|Lopunny-Mega, F\n|-mega|p2a: Lopunny|Lopunny|Lopunnite\n|move|p2a: Lopunny|Fake Out|p1a: Scizor\n|-resisted|p1a: Scizor\n|-damage|p1a: Scizor|77\/100\n|\n|upkeep\n|turn|14\n|\n|switch|p2a: Landorus|Landorus-Therian, M|85\/100\n|-ability|p2a: Landorus|Intimidate|boost\n|-unboost|p1a: Scizor|atk|1\n|detailschange|p1a: Scizor|Scizor-Mega, F\n|-mega|p1a: Scizor|Scizor|Scizorite\n|move|p1a: Scizor|Bullet Punch|p2a: Landorus\n|-damage|p2a: Landorus|67\/100\n|-damage|p1a: Scizor|61\/100|[from] item: Rocky Helmet|[of] p2a: Landorus\n|\n|upkeep\n|turn|15\n|\n|move|p2a: Landorus|Toxic|p1a: Scizor\n|-immune|p1a: Scizor\n|move|p1a: Scizor|Roost|p1a: Scizor\n|-heal|p1a: Scizor|100\/100\n|-singleturn|p1a: Scizor|move: Roost\n|\n|upkeep\n|turn|16\n|\n|move|p2a: Landorus|Earthquake|p1a: Scizor\n|-damage|p1a: Scizor|68\/100\n|move|p1a: Scizor|Swords Dance|p1a: Scizor\n|-boost|p1a: Scizor|atk|2\n|\n|upkeep\n|turn|17\n|\n|move|p2a: Landorus|U-turn|p1a: Scizor\n|-resisted|p1a: Scizor\n|-damage|p1a: Scizor|60\/100\n|\n|switch|p2a: Victini|Victini|100\/100|[from]move: U-turn\n|move|p1a: Scizor|Roost|p1a: Scizor\n|-heal|p1a: Scizor|100\/100\n|-singleturn|p1a: Scizor|move: Roost\n|\n|upkeep\n|turn|18\n|\n|switch|p1a: Zapdos|Zapdos|20\/100 tox\n|-damage|p1a: Zapdos|0 fnt|[from] Stealth Rock\n|faint|p1a: Zapdos\n|move|p2a: Victini|V-create|p1: Zapdos|[notarget]\n|-fail|p2a: Victini\n|\n|upkeep\n|\n|switch|p1a: Garchomp|Garchomp, M|100\/100\n|-damage|p1a: Garchomp|94\/100|[from] Stealth Rock\n|turn|19\n|\n|switch|p2a: Landorus|Landorus-Therian, M|67\/100\n|-ability|p2a: Landorus|Intimidate|boost\n|-unboost|p1a: Garchomp|atk|1\n|move|p1a: Garchomp|Stealth Rock|p2a: Landorus\n|-sidestart|p2: Darkryy|move: Stealth Rock\n|\n|upkeep\n|turn|20\n|\n|switch|p1a: Scizor|Scizor-Mega, F|100\/100\n|-damage|p1a: Scizor|88\/100|[from] Stealth Rock\n|move|p2a: Landorus|Earthquake|p1a: Scizor\n|-damage|p1a: Scizor|56\/100\n|\n|upkeep\n|turn|21\n|\n|move|p2a: Landorus|U-turn|p1a: Scizor\n|-resisted|p1a: Scizor\n|-damage|p1a: Scizor|48\/100\n|\n|switch|p2a: Victini|Victini|100\/100|[from]move: U-turn\n|-damage|p2a: Victini|76\/100|[from] Stealth Rock\n|move|p1a: Scizor|U-turn|p2a: Victini\n|-damage|p2a: Victini|40\/100\n|\n|switch|p1a: Rotom|Rotom-Wash|78\/100|[from]move: U-turn\n|-damage|p1a: Rotom|66\/100|[from] Stealth Rock\n|\n|-heal|p1a: Rotom|72\/100|[from] item: Leftovers\n|upkeep\n|turn|22\n|\n|move|p2a: Victini|U-turn|p1a: Rotom\n|-damage|p1a: Rotom|54\/100\n|\n|switch|p2a: Landorus|Landorus-Therian, M|67\/100|[from]move: U-turn\n|-damage|p2a: Landorus|55\/100|[from] Stealth Rock\n|-ability|p2a: Landorus|Intimidate|boost\n|-unboost|p1a: Rotom|atk|1\n|move|p1a: Rotom|Volt Switch|p2a: Landorus\n|-immune|p2a: Landorus\n|\n|-heal|p1a: Rotom|60\/100|[from] item: Leftovers\n|upkeep\n|turn|23\n|\n|move|p2a: Landorus|Toxic|p1a: Rotom|[miss]\n|-miss|p2a: Landorus|p1a: Rotom\n|move|p1a: Rotom|Hydro Pump|p2a: Landorus\n|-supereffective|p2a: Landorus\n|-damage|p2a: Landorus|0 fnt\n|faint|p2a: Landorus\n|\n|-heal|p1a: Rotom|66\/100|[from] item: Leftovers\n|upkeep\n|\n|switch|p2a: Tapu Fini|Tapu Fini|100\/100\n|-damage|p2a: Tapu Fini|88\/100|[from] Stealth Rock\n|-fieldstart|move: Misty Terrain|[from] ability: Misty Surge|[of] p2a: Tapu Fini\n|turn|24\n|\n|move|p2a: Tapu Fini|Defog|p1a: Rotom\n|-unboost|p1a: Rotom|evasion|1\n|-sideend|p1: lord cube|Stealth Rock|[from] move: Defog|[of] p2a: Tapu Fini\n|-sideend|p2: Darkryy|Stealth Rock|[from] move: Defog|[of] p2a: Tapu Fini\n|move|p1a: Rotom|Pain Split|p2a: Tapu Fini\n|-sethp|p2a: Tapu Fini|73\/100|[from] move: Pain Split|[silent]\n|-sethp|p1a: Rotom|83\/100|[from] move: Pain Split\n|\n|-heal|p2a: Tapu Fini|80\/100|[from] item: Leftovers\n|-heal|p1a: Rotom|89\/100|[from] item: Leftovers\n|upkeep\n|turn|25\n|\n|move|p2a: Tapu Fini|Moonblast|p1a: Rotom\n|-damage|p1a: Rotom|56\/100\n|-unboost|p1a: Rotom|spa|1\n|move|p1a: Rotom|Volt Switch|p2a: Tapu Fini\n|-supereffective|p2a: Tapu Fini\n|-damage|p2a: Tapu Fini|59\/100\n|\n|switch|p1a: Scizor|Scizor-Mega, F|48\/100|[from]move: Volt Switch\n|\n|-heal|p2a: Tapu Fini|65\/100|[from] item: Leftovers\n|upkeep\n|turn|26\n|\n|move|p2a: Tapu Fini|Scald|p1a: Scizor\n|-damage|p1a: Scizor|27\/100\n|move|p1a: Scizor|U-turn|p2a: Tapu Fini\n|-resisted|p2a: Tapu Fini\n|-damage|p2a: Tapu Fini|49\/100\n|\n|switch|p1a: Rotom|Rotom-Wash|56\/100|[from]move: U-turn\n|\n|-heal|p2a: Tapu Fini|55\/100|[from] item: Leftovers\n|-heal|p1a: Rotom|62\/100|[from] item: Leftovers\n|upkeep\n|turn|27\n|\n|move|p2a: Tapu Fini|Moonblast|p1a: Rotom\n|-damage|p1a: Rotom|29\/100\n|-unboost|p1a: Rotom|spa|1\n|move|p1a: Rotom|Volt Switch|p2a: Tapu Fini\n|-supereffective|p2a: Tapu Fini\n|-damage|p2a: Tapu Fini|32\/100\n|\n|switch|p1a: Scizor|Scizor-Mega, F|27\/100|[from]move: Volt Switch\n|\n|-heal|p2a: Tapu Fini|38\/100|[from] item: Leftovers\n|upkeep\n|turn|28\n|\n|move|p2a: Tapu Fini|Scald|p1a: Scizor\n|-damage|p1a: Scizor|5\/100\n|move|p1a: Scizor|Roost|p1a: Scizor\n|-heal|p1a: Scizor|55\/100\n|-singleturn|p1a: Scizor|move: Roost\n|\n|-heal|p2a: Tapu Fini|44\/100|[from] item: Leftovers\n|-fieldend|Misty Terrain\n|upkeep\n|turn|29\n|inactive|lord cube has 120 seconds left.\n|\n|switch|p2a: Victini|Victini|40\/100\n|switch|p1a: Rotom|Rotom-Wash|29\/100\n|\n|-heal|p1a: Rotom|35\/100|[from] item: Leftovers\n|upkeep\n|turn|30\n|\n|move|p2a: Victini|U-turn|p1a: Rotom\n|-damage|p1a: Rotom|15\/100\n|\n|switch|p2a: Tapu Fini|Tapu Fini|44\/100|[from]move: U-turn\n|-fieldstart|move: Misty Terrain|[from] ability: Misty Surge|[of] p2a: Tapu Fini\n|move|p1a: Rotom|Pain Split|p2a: Tapu Fini\n|-sethp|p2a: Tapu Fini|29\/100|[from] move: Pain Split|[silent]\n|-sethp|p1a: Rotom|32\/100|[from] move: Pain Split\n|\n|-heal|p2a: Tapu Fini|35\/100|[from] item: Leftovers\n|-heal|p1a: Rotom|39\/100|[from] item: Leftovers\n|upkeep\n|turn|31\n|inactive|lord cube has 120 seconds left.\n|\n|move|p2a: Tapu Fini|Moonblast|p1a: Rotom\n|-damage|p1a: Rotom|10\/100\n|-unboost|p1a: Rotom|spa|1\n|move|p1a: Rotom|Volt Switch|p2a: Tapu Fini\n|-supereffective|p2a: Tapu Fini\n|-damage|p2a: Tapu Fini|12\/100\n|inactive|lord cube has 120 seconds left.\n|\n|switch|p1a: Weavile|Weavile, F|100\/100|[from]move: Volt Switch\n|-ability|p1a: Weavile|Pressure\n|\n|-heal|p2a: Tapu Fini|18\/100|[from] item: Leftovers\n|upkeep\n|turn|32\n|\n|move|p1a: Weavile|Knock Off|p2a: Tapu Fini\n|-resisted|p2a: Tapu Fini\n|-damage|p2a: Tapu Fini|0 fnt\n|-enditem|p2a: Tapu Fini|Leftovers|[from] move: Knock Off|[of] p1a: Weavile\n|faint|p2a: Tapu Fini\n|\n|upkeep\n|\n|switch|p2a: Lopunny|Lopunny-Mega, F|100\/100\n|turn|33\n|\n|switch|p1a: Scizor|Scizor-Mega, F|55\/100\n|move|p2a: Lopunny|High Jump Kick|p1a: Scizor\n|-damage|p1a: Scizor|6\/100\n|\n|upkeep\n|turn|34\n|\n|move|p2a: Lopunny|Quick Attack|p1a: Scizor\n|-resisted|p1a: Scizor\n|-crit|p1a: Scizor\n|-damage|p1a: Scizor|0 fnt\n|faint|p1a: Scizor\n|\n|-fieldend|Misty Terrain\n|upkeep\n|inactive|lord cube has 120 seconds left.\n|\n|switch|p1a: Nidoqueen|Nidoqueen, F|94\/100\n|turn|35\n|\n|switch|p2a: Victini|Victini|40\/100\n|move|p1a: Nidoqueen|Earth Power|p2a: Victini\n|-supereffective|p2a: Victini\n|-damage|p2a: Victini|0 fnt\n|faint|p2a: Victini\n|\n|upkeep\n|\n|switch|p2a: Lopunny|Lopunny-Mega, F|100\/100\n|turn|36\n|\n|move|p2a: Lopunny|Fake Out|p1a: Nidoqueen\n|-damage|p1a: Nidoqueen|73\/100\n|cant|p1a: Nidoqueen|flinch\n|\n|upkeep\n|turn|37\n|\n|move|p2a: Lopunny|Return|p1a: Nidoqueen\n|-damage|p1a: Nidoqueen|20\/100\n|move|p1a: Nidoqueen|Earth Power|p2a: Lopunny\n|-damage|p2a: Lopunny|28\/100\n|\n|upkeep\n|turn|38\n|inactive|lord cube has 120 seconds left.\n|\n|move|p2a: Lopunny|Return|p1a: Nidoqueen\n|-damage|p1a: Nidoqueen|0 fnt\n|faint|p1a: Nidoqueen\n|\n|upkeep\n|\n|switch|p1a: Weavile|Weavile, F|100\/100\n|-ability|p1a: Weavile|Pressure\n|turn|39\n|\n|move|p1a: Weavile|Ice Shard|p2a: Lopunny\n|-damage|p2a: Lopunny|0 fnt\n|faint|p2a: Lopunny\n|\n|upkeep\n|\n|switch|p2a: Greninja|Greninja, F|100\/100\n|turn|40\n|\n|switch|p1a: Rotom|Rotom-Wash|10\/100\n|move|p2a: Greninja|Gunk Shot|p1a: Rotom\n|-start|p2a: Greninja|typechange|Poison|[from] ability: Protean\n|-damage|p1a: Rotom|0 fnt\n|faint|p1a: Rotom\n|\n|upkeep\n|\n|switch|p1a: Weavile|Weavile, F|100\/100\n|-ability|p1a: Weavile|Pressure\n|turn|41\n|\n|move|p1a: Weavile|Knock Off|p2a: Greninja\n|-damage|p2a: Greninja|15\/100\n|-zpower|p2a: Greninja\n|move|p2a: Greninja|Tectonic Rage|p1a: Weavile|[zeffect]\n|-start|p2a: Greninja|typechange|Ground|[from] ability: Protean\n|-crit|p1a: Weavile\n|-damage|p1a: Weavile|0 fnt\n|faint|p1a: Weavile\n|\n|upkeep\n|\n|switch|p1a: Garchomp|Garchomp, M|94\/100\n|turn|42\n|\n|move|p2a: Greninja|Ice Beam|p1a: Garchomp\n|-start|p2a: Greninja|typechange|Ice|[from] ability: Protean\n|-supereffective|p1a: Garchomp\n|-damage|p1a: Garchomp|0 fnt\n|faint|p1a: Garchomp\n|\n|win|Darkryy\n|l|\u2606lord cube\n|raw|lord cube's rating: 1457 &rarr; <strong>1440<\/strong><br \/>(-17 for losing)\n|raw|Darkryy's rating: 1514 &rarr; <strong>1531<\/strong><br \/>(+17 for winning)\n","uploadtime":1566557708,"views":27,"p1id":"lordcube","p2id":"darkryy","formatid":"gen7ou","rating":1440,"private":0,"password":null}