{"id":"gen7ou-839908503","p1":"uuuuiiii","p2":"AL90","format":"gen7ou","log":"|j|\u2606uuuuiiii\n|j|\u2606AL90\n|player|p1|uuuuiiii|101\n|player|p2|AL90|262\n|teamsize|p1|6\n|teamsize|p2|6\n|gametype|singles\n|gen|7\n|tier|[Gen 7] OU\n|rated|\n|html|<div class=\"broadcast-green\"><strong>OU is currently suspecting Zygarde! For information on how to participate check out the <a href=\"https:\/\/www.smogon.com\/forums\/threads\/3645049\/\">suspect thread<\/a>.<\/strong><\/div>\n|rule|Sleep Clause Mod: Limit one foe put to sleep\n|rule|Species Clause: Limit one of each Pok\u00e9mon\n|rule|OHKO Clause: OHKO moves are banned\n|rule|Moody Clause: Moody is banned\n|rule|Evasion Moves Clause: Evasion moves are banned\n|rule|Endless Battle Clause: Forcing endless battles is banned\n|rule|HP Percentage Mod: HP is shown in percentages\n|clearpoke\n|poke|p1|Beedrill, M|item\n|poke|p1|Tapu Lele|item\n|poke|p1|Landorus-Therian, M|item\n|poke|p1|Smeargle, M|item\n|poke|p1|Blacephalon|item\n|poke|p1|Greninja, M|item\n|poke|p2|Electivire, M|item\n|poke|p2|Serperior, M|item\n|poke|p2|Pyukumuku, F|item\n|poke|p2|Banette, M|item\n|poke|p2|Klefki, F|item\n|poke|p2|Ditto|item\n|teampreview\n|inactive|Battle timer is ON: inactive players will automatically lose when time's up. (requested by uuuuiiii)\n|\n|start\n|switch|p1a: Landorus|Landorus-Therian, M|100\/100\n|switch|p2a: Banette|Banette, M, shiny|100\/100\n|-ability|p1a: Landorus|Intimidate|boost\n|-unboost|p2a: Banette|atk|1\n|-item|p1a: Landorus|Focus Sash|[from] ability: Frisk|[of] p2a: Banette|[identify]\n|turn|1\n|\n|detailschange|p2a: Banette|Banette-Mega, M, shiny\n|-mega|p2a: Banette|Banette|Banettite\n|move|p2a: Banette|Taunt|p1a: Landorus\n|-start|p1a: Landorus|move: Taunt\n|move|p1a: Landorus|Earthquake|p2a: Banette\n|-damage|p2a: Banette|20\/100\n|\n|upkeep\n|turn|2\n|inactive|AL90 has 120 seconds left.\n|\n|switch|p1a: Smeargle|Smeargle, M|100\/100\n|move|p2a: Banette|Destiny Bond|p2a: Banette\n|-singlemove|p2a: Banette|Destiny Bond\n|\n|upkeep\n|turn|3\n|\n|move|p1a: Smeargle|Magic Coat|p1a: Smeargle\n|-singleturn|p1a: Smeargle|move: Magic Coat\n|move|p2a: Banette|Taunt|p1a: Smeargle\n|move|p1a: Smeargle|Taunt|p2a: Banette|[from]Magic Coat\n|-start|p2a: Banette|move: Taunt\n|\n|upkeep\n|turn|4\n|\n|move|p1a: Smeargle|Spore|p2a: Banette\n|-status|p2a: Banette|slp\n|cant|p2a: Banette|slp\n|\n|upkeep\n|turn|5\n|j| Tarnum\n|\n|switch|p1a: Greninja|Greninja, M|100\/100\n|cant|p2a: Banette|slp\n|\n|upkeep\n|turn|6\n|l| Tarnum\n|\n|switch|p2a: Pyukumuku|Pyukumuku, F, shiny|100\/100\n|move|p1a: Greninja|U-turn|p2a: Pyukumuku\n|-start|p1a: Greninja|typechange|Bug|[from] Protean\n|-damage|p2a: Pyukumuku|79\/100\n|\n|switch|p1a: Tapu Lele|Tapu Lele, shiny|100\/100\n|-fieldstart|move: Psychic Terrain|[from] ability: Psychic Surge|[of] p1a: Tapu Lele\n|\n|-heal|p2a: Pyukumuku|85\/100|[from] item: Leftovers\n|upkeep\n|turn|7\n|\n|move|p1a: Tapu Lele|Psyshock|p2a: Pyukumuku\n|-damage|p2a: Pyukumuku|35\/100\n|move|p2a: Pyukumuku|Recover|p2a: Pyukumuku\n|-heal|p2a: Pyukumuku|85\/100\n|\n|-heal|p2a: Pyukumuku|91\/100|[from] item: Leftovers\n|upkeep\n|turn|8\n|\n|move|p1a: Tapu Lele|Psyshock|p2a: Pyukumuku\n|-damage|p2a: Pyukumuku|32\/100\n|move|p2a: Pyukumuku|Toxic|p1a: Tapu Lele|[miss]\n|-miss|p2a: Pyukumuku|p1a: Tapu Lele\n|\n|-heal|p2a: Pyukumuku|38\/100|[from] item: Leftovers\n|upkeep\n|turn|9\n|\n|switch|p2a: Banette|Banette-Mega, M, shiny|20\/100 slp\n|move|p1a: Tapu Lele|Psyshock|p2a: Banette\n|-damage|p2a: Banette|0 fnt\n|faint|p2a: Banette\n|\n|upkeep\n|\n|switch|p2a: Ditto|Ditto, shiny|100\/100\n|-transform|p2a: Ditto|p1a: Tapu Lele|[from] ability: Imposter\n|turn|10\n|\n|move|p2a: Ditto|Moonblast|p1a: Tapu Lele\n|-damage|p1a: Tapu Lele|50\/100\n|move|p1a: Tapu Lele|Psyshock|p2a: Ditto\n|-resisted|p2a: Ditto\n|-damage|p2a: Ditto|32\/100\n|\n|-fieldend|move: Psychic Terrain\n|upkeep\n|turn|11\n|\n|switch|p1a: Beedrill|Beedrill, M, shiny|100\/100\n|move|p2a: Ditto|Moonblast|p1a: Beedrill\n|-resisted|p1a: Beedrill\n|-damage|p1a: Beedrill|63\/100\n|-unboost|p1a: Beedrill|spa|1\n|\n|upkeep\n|turn|12\n|\n|switch|p2a: Klefki|Klefki, F|100\/100\n|detailschange|p1a: Beedrill|Beedrill-Mega, M, shiny\n|-mega|p1a: Beedrill|Beedrill|Beedrillite\n|move|p1a: Beedrill|U-turn|p2a: Klefki\n|-resisted|p2a: Klefki\n|-damage|p2a: Klefki|86\/100\n|\n|switch|p1a: Blacephalon|Blacephalon|100\/100\n|\n|upkeep\n|turn|13\n|\n|move|p2a: Klefki|Light Screen|p2a: Klefki\n|-sidestart|p2: AL90|move: Light Screen\n|move|p1a: Blacephalon|Flamethrower|p2a: Klefki\n|-supereffective|p2a: Klefki\n|-damage|p2a: Klefki|22\/100\n|\n|upkeep\n|turn|14\n|\n|move|p2a: Klefki|Reflect|p2a: Klefki\n|-sidestart|p2: AL90|Reflect\n|move|p1a: Blacephalon|Substitute|p1a: Blacephalon\n|-start|p1a: Blacephalon|Substitute\n|-damage|p1a: Blacephalon|76\/100\n|\n|upkeep\n|turn|15\n|\n|move|p2a: Klefki|Spikes|p1a: Blacephalon\n|-sidestart|p1: uuuuiiii|Spikes\n|move|p1a: Blacephalon|Flamethrower|p2a: Klefki\n|-supereffective|p2a: Klefki\n|-damage|p2a: Klefki|0 fnt\n|faint|p2a: Klefki\n|-ability|p1a: Blacephalon|Beast Boost|boost\n|-boost|p1a: Blacephalon|spa|1\n|\n|upkeep\n|\n|switch|p2a: Electivire|Electivire, M, shiny|100\/100\n|turn|16\n|\n|move|p1a: Blacephalon|Substitute|p1a: Blacephalon\n|-fail|p1a: Blacephalon|move: Substitute\n|move|p2a: Electivire|Earthquake|p1a: Blacephalon\n|-supereffective|p1a: Blacephalon\n|-end|p1a: Blacephalon|Substitute\n|\n|upkeep\n|turn|17\n|\n|move|p1a: Blacephalon|Substitute|p1a: Blacephalon\n|-start|p1a: Blacephalon|Substitute\n|-damage|p1a: Blacephalon|51\/100\n|move|p2a: Electivire|Earthquake|p1a: Blacephalon\n|-supereffective|p1a: Blacephalon\n|-end|p1a: Blacephalon|Substitute\n|\n|upkeep\n|turn|18\n|\n|move|p1a: Blacephalon|Substitute|p1a: Blacephalon\n|-start|p1a: Blacephalon|Substitute\n|-damage|p1a: Blacephalon|26\/100\n|move|p2a: Electivire|Ice Punch|p1a: Blacephalon\n|-resisted|p1a: Blacephalon\n|-crit|p1a: Blacephalon\n|-end|p1a: Blacephalon|Substitute\n|\n|upkeep\n|turn|19\n|\n|move|p1a: Blacephalon|Substitute|p1a: Blacephalon\n|-start|p1a: Blacephalon|Substitute\n|-damage|p1a: Blacephalon|2\/100\n|move|p2a: Electivire|Earthquake|p1a: Blacephalon\n|-supereffective|p1a: Blacephalon\n|-end|p1a: Blacephalon|Substitute\n|\n|upkeep\n|turn|20\n|\n|-zpower|p1a: Blacephalon\n|move|p1a: Blacephalon|Never-Ending Nightmare|p2a: Electivire|[zeffect]\n|-damage|p2a: Electivire|15\/100\n|move|p2a: Electivire|Earthquake|p1a: Blacephalon\n|-supereffective|p1a: Blacephalon\n|-damage|p1a: Blacephalon|0 fnt\n|faint|p1a: Blacephalon\n|\n|-sideend|p2: AL90|move: Light Screen\n|upkeep\n|\n|switch|p1a: Greninja|Greninja, M|100\/100\n|-damage|p1a: Greninja|88\/100|[from] Spikes\n|turn|21\n|\n|switch|p2a: Pyukumuku|Pyukumuku, F, shiny|38\/100\n|move|p1a: Greninja|U-turn|p2a: Pyukumuku\n|-start|p1a: Greninja|typechange|Bug|[from] Protean\n|-damage|p2a: Pyukumuku|27\/100\n|\n|switch|p1a: Tapu Lele|Tapu Lele, shiny|50\/100\n|-damage|p1a: Tapu Lele|38\/100|[from] Spikes\n|-fieldstart|move: Psychic Terrain|[from] ability: Psychic Surge|[of] p1a: Tapu Lele\n|\n|-heal|p2a: Pyukumuku|33\/100|[from] item: Leftovers\n|-sideend|p2: AL90|Reflect\n|upkeep\n|turn|22\n|\n|move|p1a: Tapu Lele|Psyshock|p2a: Pyukumuku\n|-damage|p2a: Pyukumuku|0 fnt\n|-damage|p1a: Tapu Lele|2\/100|[from] ability: Innards Out|[of] p2a: Pyukumuku\n|faint|p2a: Pyukumuku\n|\n|upkeep\n|\n|switch|p2a: Ditto|Ditto, shiny|32\/100\n|-transform|p2a: Ditto|p1a: Tapu Lele|[from] ability: Imposter\n|turn|23\n|\n|move|p2a: Ditto|Moonblast|p1a: Tapu Lele\n|-damage|p1a: Tapu Lele|0 fnt\n|faint|p1a: Tapu Lele\n|\n|upkeep\n|\n|switch|p1a: Beedrill|Beedrill-Mega, M, shiny|63\/100\n|-damage|p1a: Beedrill|51\/100|[from] Spikes\n|turn|24\n|\n|switch|p2a: Electivire|Electivire, M, shiny|15\/100\n|move|p1a: Beedrill|Poison Jab|p2a: Electivire\n|-damage|p2a: Electivire|0 fnt\n|faint|p2a: Electivire\n|\n|upkeep\n|\n|switch|p2a: Ditto|Ditto, shiny|32\/100\n|-transform|p2a: Ditto|p1a: Beedrill|[from] ability: Imposter\n|turn|25\n|\n|switch|p1a: Smeargle|Smeargle, M|100\/100\n|-damage|p1a: Smeargle|88\/100|[from] Spikes\n|move|p2a: Ditto|Poison Jab|p1a: Smeargle\n|-damage|p1a: Smeargle|0 fnt\n|faint|p1a: Smeargle\n|\n|-fieldend|move: Psychic Terrain\n|upkeep\n|\n|switch|p1a: Landorus|Landorus-Therian, M|100\/100\n|-ability|p1a: Landorus|Intimidate|boost\n|-unboost|p2a: Ditto|atk|1\n|turn|26\n|\n|switch|p2a: Serperior|Serperior, M, shiny|100\/100\n|move|p1a: Landorus|Explosion|p2a: Serperior\n|-damage|p2a: Serperior|0 fnt\n|faint|p1a: Landorus\n|faint|p2a: Serperior\n|\n|upkeep\n|\n|switch|p2a: Ditto|Ditto, shiny|32\/100\n|switch|p1a: Greninja|Greninja, M|88\/100\n|-damage|p1a: Greninja|76\/100|[from] Spikes\n|-transform|p2a: Ditto|p1a: Greninja|[from] ability: Imposter\n|turn|27\n|inactive|AL90 has 120 seconds left.\n|\n|move|p2a: Ditto|Gunk Shot|p1a: Greninja\n|-start|p2a: Ditto|typechange|Poison|[from] Protean\n|-damage|p1a: Greninja|0 fnt\n|faint|p1a: Greninja\n|\n|upkeep\n|\n|switch|p1a: Beedrill|Beedrill-Mega, M, shiny|51\/100\n|-damage|p1a: Beedrill|39\/100|[from] Spikes\n|turn|28\n|\n|move|p2a: Ditto|Gunk Shot|p1a: Beedrill\n|-resisted|p1a: Beedrill\n|-damage|p1a: Beedrill|0 fnt\n|faint|p1a: Beedrill\n|\n|win|AL90\n|raw|uuuuiiii's rating: 1541 &rarr; <strong>1523<\/strong><br \/>(-18 for losing)\n|raw|AL90's rating: 1568 &rarr; <strong>1587<\/strong><br \/>(+19 for winning)\n|l|\u2606uuuuiiii\n|c|\u2606AL90|gg buen combate\n","uploadtime":1545653221,"views":31,"p1id":"uuuuiiii","p2id":"al90","formatid":"gen7ou","rating":1523,"private":0,"password":null}