{"id":"gen7ou-916827803","p1":"JoeyOwesMeMoney","p2":"Noxious Zenaku","format":"gen7ou","log":"|j|\u2606JoeyOwesMeMoney\n|j|\u2606Noxious Zenaku\n|player|p1|JoeyOwesMeMoney|169\n|player|p2|Noxious Zenaku|wally\n|teamsize|p1|6\n|teamsize|p2|6\n|gametype|singles\n|gen|7\n|tier|[Gen 7] OU\n|rated|\n|rule|Sleep Clause Mod: Limit one foe put to sleep\n|rule|Species Clause: Limit one of each Pok\u00e9mon\n|rule|OHKO Clause: OHKO moves are banned\n|rule|Moody Clause: Moody is banned\n|rule|Evasion Moves Clause: Evasion moves are banned\n|rule|Endless Battle Clause: Forcing endless battles is banned\n|rule|HP Percentage Mod: HP is shown in percentages\n|clearpoke\n|poke|p1|Skarmory, F|item\n|poke|p1|Chansey, F|item\n|poke|p1|Magnezone|item\n|poke|p1|Toxapex, F|item\n|poke|p1|Clefable, F|item\n|poke|p1|Sableye, M|item\n|poke|p2|Ariados, M|item\n|poke|p2|Heatran, M|item\n|poke|p2|Tornadus-Therian, M|item\n|poke|p2|Suicune|item\n|poke|p2|Tapu Koko|item\n|poke|p2|Hawlucha, F|item\n|teampreview\n|j| raisindoc1\n|\n|start\n|switch|p1a: Sableye|Sableye, M|303\/303\n|switch|p2a: Suicune|Suicune|404\/404\n|-ability|p2a: Suicune|Pressure\n|turn|1\n|\n|detailschange|p1a: Sableye|Sableye-Mega, M\n|-mega|p1a: Sableye|Sableye|Sablenite\n|move|p2a: Suicune|Substitute|p2a: Suicune\n|-start|p2a: Suicune|Substitute\n|-damage|p2a: Suicune|303\/404\n|move|p1a: Sableye|Knock Off|p2a: Suicune\n|-activate|p2a: Suicune|move: Substitute|[damage]\n|\n|-heal|p2a: Suicune|328\/404|[from] item: Leftovers\n|upkeep\n|turn|2\n|\n|switch|p1a: Toxapex|Toxapex, F|303\/303\n|move|p2a: Suicune|Scald|p1a: Toxapex\n|-resisted|p1a: Toxapex\n|-damage|p1a: Toxapex|272\/303\n|\n|-heal|p2a: Suicune|353\/404|[from] item: Leftovers\n|-heal|p1a: Toxapex|290\/303|[from] item: Black Sludge\n|upkeep\n|turn|3\n|\n|move|p2a: Suicune|Scald|p1a: Toxapex\n|-resisted|p1a: Toxapex\n|-damage|p1a: Toxapex|261\/303\n|-status|p1a: Toxapex|brn\n|move|p1a: Toxapex|Toxic Spikes|p2a: Suicune\n|-sidestart|p2: Noxious Zenaku|move: Toxic Spikes\n|\n|-heal|p2a: Suicune|378\/404|[from] item: Leftovers\n|-heal|p1a: Toxapex|279\/303 brn|[from] item: Black Sludge\n|-damage|p1a: Toxapex|261\/303 brn|[from] brn\n|upkeep\n|turn|4\n|\n|switch|p1a: Chansey|Chansey, F|703\/703\n|move|p2a: Suicune|Protect||[still]\n|-fail|p2a: Suicune\n|\n|-heal|p2a: Suicune|403\/404|[from] item: Leftovers\n|upkeep\n|turn|5\n|\n|move|p2a: Suicune|Calm Mind|p2a: Suicune\n|-boost|p2a: Suicune|spa|1\n|-boost|p2a: Suicune|spd|1\n|move|p1a: Chansey|Stealth Rock|p2a: Suicune\n|-sidestart|p2: Noxious Zenaku|move: Stealth Rock\n|\n|-heal|p2a: Suicune|404\/404|[from] item: Leftovers\n|upkeep\n|turn|6\n|\n|switch|p1a: Toxapex|Toxapex, F|303\/303 brn\n|move|p2a: Suicune|Calm Mind|p2a: Suicune\n|-boost|p2a: Suicune|spa|1\n|-boost|p2a: Suicune|spd|1\n|\n|-damage|p1a: Toxapex|285\/303 brn|[from] brn\n|upkeep\n|turn|7\n|\n|move|p2a: Suicune|Protect|p2a: Suicune\n|-singleturn|p2a: Suicune|Protect\n|move|p1a: Toxapex|Haze|p1a: Toxapex\n|-clearallboost\n|\n|-heal|p1a: Toxapex|303\/303 brn|[from] item: Black Sludge\n|-damage|p1a: Toxapex|285\/303 brn|[from] brn\n|upkeep\n|turn|8\n|\n|switch|p2a: Tornadus|Tornadus-Therian, M|361\/361\n|-damage|p2a: Tornadus|271\/361|[from] Stealth Rock\n|switch|p1a: Chansey|Chansey, F|703\/703\n|\n|upkeep\n|turn|9\n|\n|move|p2a: Tornadus|Knock Off|p1a: Chansey\n|-damage|p1a: Chansey|610\/703\n|-enditem|p1a: Chansey|Eviolite|[from] move: Knock Off|[of] p2a: Tornadus\n|move|p1a: Chansey|Toxic|p2a: Tornadus\n|-status|p2a: Tornadus|tox\n|\n|-damage|p2a: Tornadus|249\/361 tox|[from] psn\n|upkeep\n|turn|10\n|\n|move|p2a: Tornadus|Defog|p1a: Chansey\n|-unboost|p1a: Chansey|evasion|1\n|-sideend|p2: Noxious Zenaku|Toxic Spikes|[from] move: Defog|[of] p2a: Tornadus\n|-sideend|p2: Noxious Zenaku|Stealth Rock|[from] move: Defog|[of] p2a: Tornadus\n|move|p1a: Chansey|Seismic Toss|p2a: Tornadus\n|-damage|p2a: Tornadus|149\/361 tox\n|-damage|p1a: Chansey|493\/703|[from] item: Rocky Helmet|[of] p2a: Tornadus\n|\n|-damage|p2a: Tornadus|105\/361 tox|[from] psn\n|upkeep\n|turn|11\n|\n|move|p2a: Tornadus|U-turn|p1a: Chansey\n|-damage|p1a: Chansey|381\/703\n|\n|switch|p2a: Heatran|Heatran, M|323\/323\n|-item|p2a: Heatran|Air Balloon\n|move|p1a: Chansey|Stealth Rock|p2a: Heatran\n|-sidestart|p2: Noxious Zenaku|move: Stealth Rock\n|\n|upkeep\n|turn|12\n|\n|switch|p1a: Sableye|Sableye-Mega, M|303\/303\n|move|p2a: Heatran|Magma Storm|p1a: Sableye\n|-damage|p1a: Sableye|177\/303\n|-activate|p1a: Sableye|move: Magma Storm|[of] p2a: Heatran\n|\n|-damage|p1a: Sableye|140\/303|[from] move: Magma Storm|[partiallytrapped]\n|upkeep\n|turn|13\n|\n|move|p2a: Heatran|Magma Storm|p1a: Sableye\n|-damage|p1a: Sableye|29\/303\n|move|p1a: Sableye|Recover|p1a: Sableye\n|-heal|p1a: Sableye|181\/303\n|\n|-damage|p1a: Sableye|144\/303|[from] move: Magma Storm|[partiallytrapped]\n|upkeep\n|turn|14\n|\n|move|p2a: Heatran|Earth Power|p1a: Sableye\n|-damage|p1a: Sableye|74\/303\n|move|p1a: Sableye|Recover|p1a: Sableye\n|-heal|p1a: Sableye|226\/303\n|\n|-damage|p1a: Sableye|189\/303|[from] move: Magma Storm|[partiallytrapped]\n|upkeep\n|turn|15\n|\n|move|p2a: Heatran|Earth Power|p1a: Sableye\n|-damage|p1a: Sableye|116\/303\n|move|p1a: Sableye|Recover|p1a: Sableye\n|-heal|p1a: Sableye|268\/303\n|\n|-damage|p1a: Sableye|231\/303|[from] move: Magma Storm|[partiallytrapped]\n|upkeep\n|turn|16\n|\n|move|p1a: Sableye|Protect|p1a: Sableye\n|-singleturn|p1a: Sableye|Protect\n|move|p2a: Heatran|Earth Power|p1a: Sableye\n|-activate|p1a: Sableye|move: Protect\n|\n|-end|p1a: Sableye|Magma Storm|[partiallytrapped]\n|upkeep\n|turn|17\n|\n|move|p2a: Heatran|Magma Storm|p1a: Sableye\n|-damage|p1a: Sableye|113\/303\n|-activate|p1a: Sableye|move: Magma Storm|[of] p2a: Heatran\n|move|p1a: Sableye|Recover|p1a: Sableye\n|-heal|p1a: Sableye|265\/303\n|\n|-damage|p1a: Sableye|228\/303|[from] move: Magma Storm|[partiallytrapped]\n|upkeep\n|turn|18\n|l| raisindoc1\n|\n|move|p1a: Sableye|Protect|p1a: Sableye\n|-singleturn|p1a: Sableye|Protect\n|move|p2a: Heatran|Earth Power|p1a: Sableye\n|-activate|p1a: Sableye|move: Protect\n|\n|-damage|p1a: Sableye|191\/303|[from] move: Magma Storm|[partiallytrapped]\n|upkeep\n|turn|19\n|\n|move|p2a: Heatran|Earth Power|p1a: Sableye\n|-damage|p1a: Sableye|120\/303\n|move|p1a: Sableye|Recover|p1a: Sableye\n|-heal|p1a: Sableye|272\/303\n|\n|-damage|p1a: Sableye|235\/303|[from] move: Magma Storm|[partiallytrapped]\n|upkeep\n|turn|20\n|\n|move|p2a: Heatran|Earth Power|p1a: Sableye\n|-damage|p1a: Sableye|161\/303\n|-unboost|p1a: Sableye|spd|1\n|move|p1a: Sableye|Recover|p1a: Sableye\n|-heal|p1a: Sableye|303\/303\n|\n|-damage|p1a: Sableye|266\/303|[from] move: Magma Storm|[partiallytrapped]\n|upkeep\n|turn|21\n|\n|move|p1a: Sableye|Protect|p1a: Sableye\n|-singleturn|p1a: Sableye|Protect\n|move|p2a: Heatran|Stealth Rock|p1a: Sableye\n|move|p1a: Sableye|Stealth Rock||[from]Magic Bounce|[still]\n|-fail|p1a: Sableye\n|\n|-damage|p1a: Sableye|229\/303|[from] move: Magma Storm|[partiallytrapped]\n|upkeep\n|turn|22\n|\n|move|p2a: Heatran|Magma Storm|p1a: Sableye\n|-damage|p1a: Sableye|69\/303\n|move|p1a: Sableye|Recover|p1a: Sableye\n|-heal|p1a: Sableye|221\/303\n|\n|-end|p1a: Sableye|Magma Storm|[partiallytrapped]\n|upkeep\n|turn|23\n|\n|move|p2a: Heatran|Stealth Rock|p1a: Sableye\n|move|p1a: Sableye|Stealth Rock||[from]Magic Bounce|[still]\n|-fail|p1a: Sableye\n|move|p1a: Sableye|Recover|p1a: Sableye\n|-heal|p1a: Sableye|303\/303\n|\n|upkeep\n|turn|24\n|\n|move|p1a: Sableye|Protect|p1a: Sableye\n|-singleturn|p1a: Sableye|Protect\n|move|p2a: Heatran|Magma Storm|p1a: Sableye\n|-activate|p1a: Sableye|move: Protect\n|\n|upkeep\n|turn|25\n|\n|move|p2a: Heatran|Stealth Rock|p1a: Sableye\n|move|p1a: Sableye|Stealth Rock||[from]Magic Bounce|[still]\n|-fail|p1a: Sableye\n|move|p1a: Sableye|Recover||[still]\n|-fail|p1a: Sableye\n|\n|upkeep\n|turn|26\n|\n|move|p1a: Sableye|Protect|p1a: Sableye\n|-singleturn|p1a: Sableye|Protect\n|move|p2a: Heatran|Earth Power|p1a: Sableye\n|-activate|p1a: Sableye|move: Protect\n|\n|upkeep\n|turn|27\n|\n|move|p2a: Heatran|Magma Storm|p1a: Sableye\n|-damage|p1a: Sableye|113\/303\n|-activate|p1a: Sableye|move: Magma Storm|[of] p2a: Heatran\n|move|p1a: Sableye|Knock Off|p2a: Heatran\n|-damage|p2a: Heatran|221\/323\n|-enditem|p2a: Heatran|Air Balloon\n|\n|-damage|p1a: Sableye|76\/303|[from] move: Magma Storm|[partiallytrapped]\n|upkeep\n|turn|28\n|\n|switch|p1a: Skarmory|Skarmory, F|333\/333\n|move|p2a: Heatran|Magma Storm|p1a: Skarmory|[miss]\n|-miss|p2a: Heatran|p1a: Skarmory\n|\n|upkeep\n|turn|29\n|inactive|Battle timer is ON: inactive players will automatically lose when time's up. (requested by Noxious Zenaku)\n|\n|move|p2a: Heatran|Stealth Rock|p1a: Skarmory\n|-sidestart|p1: JoeyOwesMeMoney|move: Stealth Rock\n|move|p1a: Skarmory|Spikes|p2a: Heatran\n|-sidestart|p2: Noxious Zenaku|Spikes\n|\n|upkeep\n|turn|30\n|\n|move|p2a: Heatran|Magma Storm|p1a: Skarmory\n|-supereffective|p1a: Skarmory\n|-ability|p1a: Skarmory|Sturdy\n|-damage|p1a: Skarmory|1\/333\n|-activate|p1a: Skarmory|move: Magma Storm|[of] p2a: Heatran\n|move|p1a: Skarmory|Spikes|p2a: Heatran\n|-sidestart|p2: Noxious Zenaku|Spikes\n|\n|-damage|p1a: Skarmory|0 fnt|[from] move: Magma Storm|[partiallytrapped]\n|faint|p1a: Skarmory\n|upkeep\n|\n|switch|p1a: Chansey|Chansey, F|381\/703\n|-damage|p1a: Chansey|294\/703|[from] Stealth Rock\n|turn|31\n|\n|move|p2a: Heatran|Taunt|p1a: Chansey\n|-start|p1a: Chansey|move: Taunt\n|cant|p1a: Chansey|move: Taunt|Soft-Boiled\n|\n|upkeep\n|turn|32\n|\n|move|p2a: Heatran|Earth Power|p1a: Chansey\n|-damage|p1a: Chansey|190\/703\n|move|p1a: Chansey|Seismic Toss|p2a: Heatran\n|-damage|p2a: Heatran|121\/323\n|\n|upkeep\n|turn|33\n|\n|move|p2a: Heatran|Earth Power|p1a: Chansey\n|-damage|p1a: Chansey|86\/703\n|move|p1a: Chansey|Seismic Toss|p2a: Heatran\n|-damage|p2a: Heatran|21\/323\n|\n|-end|p1a: Chansey|move: Taunt\n|upkeep\n|turn|34\n|\n|move|p2a: Heatran|Taunt|p1a: Chansey\n|-start|p1a: Chansey|move: Taunt\n|move|p1a: Chansey|Seismic Toss|p2a: Heatran\n|-damage|p2a: Heatran|0 fnt\n|faint|p2a: Heatran\n|\n|upkeep\n|inactive|Noxious Zenaku has 120 seconds left.\n|\n|switch|p2a: Tornadus|Tornadus-Therian, M|225\/361 tox\n|-damage|p2a: Tornadus|135\/361 tox|[from] Stealth Rock\n|turn|35\n|\n|switch|p1a: Toxapex|Toxapex, F|303\/303 brn\n|-damage|p1a: Toxapex|266\/303 brn|[from] Stealth Rock\n|move|p2a: Tornadus|Knock Off|p1a: Toxapex\n|-damage|p1a: Toxapex|221\/303 brn\n|-enditem|p1a: Toxapex|Black Sludge|[from] move: Knock Off|[of] p2a: Tornadus\n|\n|-damage|p2a: Tornadus|113\/361 tox|[from] psn\n|-damage|p1a: Toxapex|203\/303 brn|[from] brn\n|upkeep\n|turn|36\n|\n|move|p2a: Tornadus|Hurricane|p1a: Toxapex|[miss]\n|-miss|p2a: Tornadus|p1a: Toxapex\n|move|p1a: Toxapex|Recover|p1a: Toxapex\n|-heal|p1a: Toxapex|303\/303 brn\n|\n|-damage|p2a: Tornadus|69\/361 tox|[from] psn\n|-damage|p1a: Toxapex|285\/303 brn|[from] brn\n|upkeep\n|turn|37\n|\n|move|p2a: Tornadus|U-turn|p1a: Toxapex\n|-resisted|p1a: Toxapex\n|-damage|p1a: Toxapex|269\/303 brn\n|\n|switch|p2a: Ariados|Ariados, M|343\/343\n|-damage|p2a: Ariados|258\/343|[from] Stealth Rock\n|-damage|p2a: Ariados|201\/343|[from] Spikes\n|move|p1a: Toxapex|Scald|p2a: Ariados\n|-damage|p2a: Ariados|146\/343\n|\n|-heal|p2a: Ariados|167\/343|[from] item: Black Sludge\n|-damage|p1a: Toxapex|251\/303 brn|[from] brn\n|upkeep\n|turn|38\n|\n|move|p2a: Ariados|Infestation|p1a: Toxapex\n|-resisted|p1a: Toxapex\n|-damage|p1a: Toxapex|246\/303 brn\n|-activate|p1a: Toxapex|move: Infestation|[of] p2a: Ariados\n|move|p1a: Toxapex|Scald|p2a: Ariados\n|-damage|p2a: Ariados|113\/343\n|\n|-heal|p2a: Ariados|134\/343|[from] item: Black Sludge\n|-damage|p1a: Toxapex|228\/303 brn|[from] brn\n|-damage|p1a: Toxapex|191\/303 brn|[from] move: Infestation|[partiallytrapped]\n|upkeep\n|turn|39\n|\n|move|p2a: Ariados|Night Shade|p1a: Toxapex\n|-damage|p1a: Toxapex|91\/303 brn\n|move|p1a: Toxapex|Scald|p2a: Ariados\n|-damage|p2a: Ariados|80\/343\n|\n|-heal|p2a: Ariados|101\/343|[from] item: Black Sludge\n|-damage|p1a: Toxapex|73\/303 brn|[from] brn\n|-damage|p1a: Toxapex|36\/303 brn|[from] move: Infestation|[partiallytrapped]\n|upkeep\n|turn|40\n|\n|move|p2a: Ariados|Toxic Spikes|p1a: Toxapex\n|-sidestart|p1: JoeyOwesMeMoney|move: Toxic Spikes\n|move|p1a: Toxapex|Recover|p1a: Toxapex\n|-heal|p1a: Toxapex|188\/303 brn\n|\n|-heal|p2a: Ariados|122\/343|[from] item: Black Sludge\n|-damage|p1a: Toxapex|170\/303 brn|[from] brn\n|-damage|p1a: Toxapex|133\/303 brn|[from] move: Infestation|[partiallytrapped]\n|upkeep\n|turn|41\n|\n|move|p2a: Ariados|Night Shade|p1a: Toxapex\n|-damage|p1a: Toxapex|33\/303 brn\n|move|p1a: Toxapex|Recover|p1a: Toxapex\n|-heal|p1a: Toxapex|185\/303 brn\n|\n|-heal|p2a: Ariados|143\/343|[from] item: Black Sludge\n|-damage|p1a: Toxapex|167\/303 brn|[from] brn\n|-damage|p1a: Toxapex|130\/303 brn|[from] move: Infestation|[partiallytrapped]\n|upkeep\n|turn|42\n|\n|move|p2a: Ariados|Night Shade|p1a: Toxapex\n|-damage|p1a: Toxapex|30\/303 brn\n|move|p1a: Toxapex|Recover|p1a: Toxapex\n|-heal|p1a: Toxapex|182\/303 brn\n|\n|-heal|p2a: Ariados|164\/343|[from] item: Black Sludge\n|-damage|p1a: Toxapex|164\/303 brn|[from] brn\n|-damage|p1a: Toxapex|127\/303 brn|[from] move: Infestation|[partiallytrapped]\n|upkeep\n|turn|43\n|inactive|Noxious Zenaku has 120 seconds left.\n|\n|move|p2a: Ariados|Toxic Spikes|p1a: Toxapex\n|-sidestart|p1: JoeyOwesMeMoney|move: Toxic Spikes\n|move|p1a: Toxapex|Toxic Spikes|p2a: Ariados\n|-sidestart|p2: Noxious Zenaku|move: Toxic Spikes\n|\n|-heal|p2a: Ariados|185\/343|[from] item: Black Sludge\n|-damage|p1a: Toxapex|109\/303 brn|[from] brn\n|-end|p1a: Toxapex|Infestation|[partiallytrapped]\n|upkeep\n|turn|44\n|inactive|Noxious Zenaku has 120 seconds left.\n|\n|move|p2a: Ariados|Infestation|p1a: Toxapex\n|-resisted|p1a: Toxapex\n|-damage|p1a: Toxapex|103\/303 brn\n|-activate|p1a: Toxapex|move: Infestation|[of] p2a: Ariados\n|move|p1a: Toxapex|Scald|p2a: Ariados\n|-damage|p2a: Ariados|128\/343\n|\n|-heal|p2a: Ariados|149\/343|[from] item: Black Sludge\n|-damage|p1a: Toxapex|85\/303 brn|[from] brn\n|-damage|p1a: Toxapex|48\/303 brn|[from] move: Infestation|[partiallytrapped]\n|upkeep\n|turn|45\n|\n|move|p2a: Ariados|Night Shade|p1a: Toxapex\n|-damage|p1a: Toxapex|0 fnt\n|faint|p1a: Toxapex\n|\n|-heal|p2a: Ariados|170\/343|[from] item: Black Sludge\n|upkeep\n|\n|switch|p1a: Magnezone|Magnezone|281\/281\n|-damage|p1a: Magnezone|264\/281|[from] Stealth Rock\n|turn|46\n|inactive|Noxious Zenaku has 120 seconds left.\n|\n|switch|p2a: Tornadus|Tornadus-Therian, M|189\/361 tox\n|-damage|p2a: Tornadus|99\/361 tox|[from] Stealth Rock\n|move|p1a: Magnezone|Thunderbolt|p2a: Tornadus\n|-supereffective|p2a: Tornadus\n|-damage|p2a: Tornadus|0 fnt\n|faint|p2a: Tornadus\n|\n|upkeep\n|\n|switch|p2a: Ariados|Ariados, M|170\/343\n|-damage|p2a: Ariados|85\/343|[from] Stealth Rock\n|-damage|p2a: Ariados|28\/343|[from] Spikes\n|-sideend|p2: Noxious Zenaku|move: Toxic Spikes|[of] p2a: Ariados\n|turn|47\n|\n|move|p1a: Magnezone|Thunderbolt|p2a: Ariados\n|-damage|p2a: Ariados|0 fnt\n|faint|p2a: Ariados\n|\n|upkeep\n|\n|switch|p2a: Tapu Koko|Tapu Koko|281\/281\n|-damage|p2a: Tapu Koko|235\/281|[from] Spikes\n|-damage|p2a: Tapu Koko|200\/281|[from] Stealth Rock\n|-fieldstart|move: Electric Terrain|[from] ability: Electric Surge|[of] p2a: Tapu Koko\n|turn|48\n|\n|-zpower|p2a: Tapu Koko\n|move|p2a: Tapu Koko|Gigavolt Havoc|p1a: Magnezone|[zeffect]\n|-resisted|p1a: Magnezone\n|-damage|p1a: Magnezone|72\/281\n|move|p1a: Magnezone|Thunderbolt|p2a: Tapu Koko\n|-resisted|p2a: Tapu Koko\n|-crit|p2a: Tapu Koko\n|-damage|p2a: Tapu Koko|0 fnt\n|faint|p2a: Tapu Koko\n|\n|upkeep\n|\n|switch|p2a: Hawlucha|Hawlucha, F|321\/321\n|-damage|p2a: Hawlucha|281\/321|[from] Stealth Rock\n|-enditem|p2a: Hawlucha|Electric Seed\n|-boost|p2a: Hawlucha|def|1\n|turn|49\n|\n|switch|p1a: Sableye|Sableye-Mega, M|76\/303\n|-damage|p1a: Sableye|39\/303|[from] Stealth Rock\n|-status|p1a: Sableye|tox\n|move|p2a: Hawlucha|High Jump Kick|p1a: Sableye\n|-immune|p1a: Sableye\n|-damage|p2a: Hawlucha|121\/321|[from] highjumpkick\n|\n|-damage|p1a: Sableye|21\/303 tox|[from] psn\n|upkeep\n|turn|50\n|\n|move|p2a: Hawlucha|Acrobatics|p1a: Sableye\n|-damage|p1a: Sableye|0 fnt\n|faint|p1a: Sableye\n|\n|upkeep\n|\n|switch|p1a: Clefable|Clefable, F|393\/393\n|-damage|p1a: Clefable|344\/393|[from] Stealth Rock\n|-status|p1a: Clefable|tox\n|turn|51\n|\n|move|p2a: Hawlucha|Acrobatics|p1a: Clefable\n|-damage|p1a: Clefable|191\/393 tox\n|move|p1a: Clefable|Heal Bell|p1a: Clefable\n|-activate|p1a: Clefable|move: Heal Bell\n|-curestatus|p1a: Clefable|tox|[msg]\n|\n|-heal|p1a: Clefable|215\/393|[from] item: Leftovers\n|upkeep\n|turn|52\n|\n|move|p2a: Hawlucha|Acrobatics|p1a: Clefable\n|-damage|p1a: Clefable|56\/393\n|move|p1a: Clefable|Wish|p1a: Clefable\n|\n|-heal|p1a: Clefable|80\/393|[from] item: Leftovers\n|-fieldend|move: Electric Terrain\n|upkeep\n|turn|53\n|\n|move|p1a: Clefable|Protect|p1a: Clefable\n|-singleturn|p1a: Clefable|Protect\n|move|p2a: Hawlucha|Acrobatics|p1a: Clefable\n|-activate|p1a: Clefable|move: Protect\n|\n|-heal|p1a: Clefable|276\/393|[from] move: Wish|[wisher] Clefable\n|-heal|p1a: Clefable|300\/393|[from] item: Leftovers\n|upkeep\n|turn|54\n|\n|move|p2a: Hawlucha|Acrobatics|p1a: Clefable\n|-damage|p1a: Clefable|144\/393\n|move|p1a: Clefable|Wish|p1a: Clefable\n|\n|-heal|p1a: Clefable|168\/393|[from] item: Leftovers\n|upkeep\n|turn|55\n|\n|move|p1a: Clefable|Protect|p1a: Clefable\n|-singleturn|p1a: Clefable|Protect\n|move|p2a: Hawlucha|High Jump Kick|p1a: Clefable\n|-activate|p1a: Clefable|move: Protect\n|-damage|p2a: Hawlucha|0 fnt|[from] highjumpkick\n|faint|p2a: Hawlucha\n|\n|-heal|p1a: Clefable|364\/393|[from] move: Wish|[wisher] Clefable\n|-heal|p1a: Clefable|388\/393|[from] item: Leftovers\n|upkeep\n|\n|switch|p2a: Suicune|Suicune|404\/404\n|-damage|p2a: Suicune|354\/404|[from] Stealth Rock\n|-damage|p2a: Suicune|287\/404|[from] Spikes\n|-ability|p2a: Suicune|Pressure\n|turn|56\n|\n|move|p2a: Suicune|Protect|p2a: Suicune\n|-singleturn|p2a: Suicune|Protect\n|move|p1a: Clefable|Moonblast|p2a: Suicune\n|-activate|p2a: Suicune|move: Protect\n|\n|-heal|p2a: Suicune|312\/404|[from] item: Leftovers\n|-heal|p1a: Clefable|393\/393|[from] item: Leftovers\n|upkeep\n|turn|57\n|inactive|Noxious Zenaku has 120 seconds left.\n|\n|move|p2a: Suicune|Scald|p1a: Clefable\n|-damage|p1a: Clefable|302\/393\n|-status|p1a: Clefable|brn\n|move|p1a: Clefable|Moonblast|p2a: Suicune\n|-damage|p2a: Suicune|215\/404\n|-unboost|p2a: Suicune|spa|1\n|\n|-heal|p2a: Suicune|240\/404|[from] item: Leftovers\n|-heal|p1a: Clefable|326\/393 brn|[from] item: Leftovers\n|-damage|p1a: Clefable|302\/393 brn|[from] brn\n|upkeep\n|turn|58\n|\n|move|p2a: Suicune|Protect|p2a: Suicune\n|-singleturn|p2a: Suicune|Protect\n|move|p1a: Clefable|Wish|p1a: Clefable\n|\n|-heal|p2a: Suicune|265\/404|[from] item: Leftovers\n|-heal|p1a: Clefable|326\/393 brn|[from] item: Leftovers\n|-damage|p1a: Clefable|302\/393 brn|[from] brn\n|upkeep\n|turn|59\n|\n|switch|p1a: Magnezone|Magnezone|72\/281\n|-damage|p1a: Magnezone|55\/281|[from] Stealth Rock\n|move|p2a: Suicune|Scald|p1a: Magnezone\n|-damage|p1a: Magnezone|0 fnt\n|faint|p1a: Magnezone\n|\n|-heal|p2a: Suicune|290\/404|[from] item: Leftovers\n|upkeep\n|inactive|JoeyOwesMeMoney has 120 seconds left.\n|inactive|JoeyOwesMeMoney has 90 seconds left.\n|inactive|JoeyOwesMeMoney has 60 seconds left.\n|inactive|JoeyOwesMeMoney has 30 seconds left.\n|inactive|JoeyOwesMeMoney has 20 seconds left.\n|inactive|JoeyOwesMeMoney has 15 seconds left.\n|inactive|JoeyOwesMeMoney has 10 seconds left.\n|inactive|JoeyOwesMeMoney has 5 seconds left.\n|-message|JoeyOwesMeMoney lost due to inactivity.\n|\n|win|Noxious Zenaku\n","uploadtime":1558902722,"views":20,"p1id":"joeyowesmemoney","p2id":"noxiouszenaku","formatid":"gen7ou","rating":0,"private":0,"password":null}