{"id":"gen7ou-1188706705","p1":"Clawed Winter","p2":"TestingTesting1","format":"gen7ou","log":"|j|\u2606Clawed Winter\n|j|\u2606TestingTesting1\n|t:|1600375034\n|player|p1|Clawed Winter|266|1577\n|player|p2|TestingTesting1|266|1551\n|teamsize|p1|6\n|teamsize|p2|6\n|gametype|singles\n|gen|7\n|tier|[Gen 7] OU\n|rated|\n|clearpoke\n|poke|p1|Latios, M|item\n|poke|p1|Magearna|item\n|poke|p1|Ferrothorn, F|item\n|poke|p1|Magnezone|item\n|poke|p1|Tornadus-Therian, M|item\n|poke|p1|Landorus-Therian, M|item\n|poke|p2|Breloom, M|item\n|poke|p2|Tapu Fini|item\n|poke|p2|Greninja, F|item\n|poke|p2|Heatran, F|item\n|poke|p2|Aerodactyl, M|item\n|poke|p2|Kartana|item\n|rule|Sleep Clause Mod: Limit one foe put to sleep\n|rule|Species Clause: Limit one of each Pok\u00e9mon\n|rule|OHKO Clause: OHKO moves are banned\n|rule|Moody Clause: Moody is banned\n|rule|Evasion Moves Clause: Evasion moves are banned\n|rule|Endless Battle Clause: Forcing endless battles is banned\n|rule|HP Percentage Mod: HP is shown in percentages\n|teampreview\n|\n|t:|1600375046\n|start\n|switch|p1a: Tornadus|Tornadus-Therian, M|100\/100\n|switch|p2a: Greninja|Greninja, F|100\/100\n|turn|1\n|\n|t:|1600375066\n|switch|p1a: Ferrothorn|Ferrothorn, F|100\/100\n|move|p2a: Greninja|U-turn|p1a: Ferrothorn\n|-start|p2a: Greninja|typechange|Bug|[from] ability: Protean\n|-damage|p1a: Ferrothorn|80\/100\n|-damage|p2a: Greninja|88\/100|[from] ability: Iron Barbs|[of] p1a: Ferrothorn\n|\n|t:|1600375074\n|switch|p2a: Breloom|Breloom, M|100\/100|[from]move: U-turn\n|\n|-heal|p1a: Ferrothorn|86\/100|[from] item: Leftovers\n|-status|p2a: Breloom|tox|[from] item: Toxic Orb\n|upkeep\n|turn|2\n|\n|t:|1600375103\n|switch|p1a: Tornadus|Tornadus-Therian, M|100\/100\n|move|p2a: Breloom|Substitute|p2a: Breloom\n|-start|p2a: Breloom|Substitute\n|-damage|p2a: Breloom|76\/100 tox\n|\n|-heal|p2a: Breloom|88\/100 tox|[from] ability: Poison Heal\n|upkeep\n|turn|3\n|\n|t:|1600375111\n|move|p1a: Tornadus|Taunt|p2a: Breloom\n|-start|p2a: Breloom|move: Taunt\n|cant|p2a: Breloom|move: Taunt|Spore\n|\n|-heal|p2a: Breloom|99\/100 tox|[from] ability: Poison Heal\n|upkeep\n|turn|4\n|\n|t:|1600375118\n|-singleturn|p2a: Breloom|move: Focus Punch\n|move|p1a: Tornadus|Hurricane|p2a: Breloom\n|-supereffective|p2a: Breloom\n|-end|p2a: Breloom|Substitute\n|move|p2a: Breloom|Focus Punch|p1a: Tornadus\n|-resisted|p1a: Tornadus\n|-crit|p1a: Tornadus\n|-damage|p1a: Tornadus|31\/100\n|-damage|p2a: Breloom|84\/100 tox|[from] item: Rocky Helmet|[of] p1a: Tornadus\n|\n|-heal|p2a: Breloom|96\/100 tox|[from] ability: Poison Heal\n|upkeep\n|turn|5\n|\n|t:|1600375135\n|switch|p1a: Latios|Latios, M|100\/100\n|switch|p2a: Heatran|Heatran, F|100\/100\n|\n|upkeep\n|turn|6\n|\n|t:|1600375145\n|switch|p2a: Tapu Fini|Tapu Fini|100\/100\n|-fieldstart|move: Misty Terrain|[from] ability: Misty Surge|[of] p2a: Tapu Fini\n|detailschange|p1a: Latios|Latios-Mega, M\n|-mega|p1a: Latios|Latios|Latiosite\n|move|p1a: Latios|Earthquake|p2a: Tapu Fini\n|-damage|p2a: Tapu Fini|76\/100\n|\n|-heal|p2a: Tapu Fini|82\/100|[from] item: Leftovers\n|upkeep\n|turn|7\n|\n|t:|1600375164\n|move|p1a: Latios|Psychic|p2a: Tapu Fini\n|-damage|p2a: Tapu Fini|37\/100\n|move|p2a: Tapu Fini|Nature's Madness|p1a: Latios\n|-damage|p1a: Latios|51\/100\n|\n|-heal|p2a: Tapu Fini|43\/100|[from] item: Leftovers\n|upkeep\n|turn|8\n|inactive|Battle timer is ON: inactive players will automatically lose when time's up. (requested by Clawed Winter)\n|\n|t:|1600375177\n|move|p1a: Latios|Psychic|p2a: Tapu Fini\n|-damage|p2a: Tapu Fini|0 fnt\n|faint|p2a: Tapu Fini\n|\n|upkeep\n|\n|t:|1600375181\n|switch|p2a: Greninja|Greninja, F|88\/100\n|turn|9\n|\n|t:|1600375190\n|switch|p1a: Tornadus|Tornadus-Therian, M|64\/100\n|move|p2a: Greninja|U-turn|p1a: Tornadus\n|-start|p2a: Greninja|typechange|Bug|[from] ability: Protean\n|-resisted|p1a: Tornadus\n|-damage|p1a: Tornadus|49\/100\n|-damage|p2a: Greninja|72\/100|[from] item: Rocky Helmet|[of] p1a: Tornadus\n|\n|t:|1600375200\n|switch|p2a: Aerodactyl|Aerodactyl, M|100\/100|[from]move: U-turn\n|\n|upkeep\n|turn|10\n|\n|t:|1600375206\n|switch|p1a: Landorus|Landorus-Therian, M|100\/100\n|-ability|p1a: Landorus|Intimidate|boost\n|-unboost|p2a: Aerodactyl|atk|1\n|detailschange|p2a: Aerodactyl|Aerodactyl-Mega, M\n|-mega|p2a: Aerodactyl|Aerodactyl|Aerodactylite\n|move|p2a: Aerodactyl|Ice Fang|p1a: Landorus\n|-supereffective|p1a: Landorus\n|-damage|p1a: Landorus|3\/100\n|\n|-fieldend|Misty Terrain\n|upkeep\n|turn|11\n|\n|t:|1600375217\n|switch|p2a: Breloom|Breloom, M|96\/100 tox\n|move|p1a: Landorus|Stone Edge|p2a: Breloom\n|-resisted|p2a: Breloom\n|-damage|p2a: Breloom|67\/100 tox\n|\n|-heal|p2a: Breloom|79\/100 tox|[from] ability: Poison Heal\n|upkeep\n|turn|12\n|\n|t:|1600375229\n|move|p1a: Landorus|Stone Edge|p2a: Breloom|[miss]\n|-miss|p1a: Landorus|p2a: Breloom\n|move|p2a: Breloom|Spore|p1a: Landorus\n|-status|p1a: Landorus|slp|[from] move: Spore\n|\n|-heal|p2a: Breloom|92\/100 tox|[from] ability: Poison Heal\n|upkeep\n|turn|13\n|\n|t:|1600375242\n|cant|p1a: Landorus|slp\n|move|p2a: Breloom|Substitute|p2a: Breloom\n|-start|p2a: Breloom|Substitute\n|-damage|p2a: Breloom|67\/100 tox\n|\n|-heal|p2a: Breloom|79\/100 tox|[from] ability: Poison Heal\n|upkeep\n|turn|14\n|\n|t:|1600375249\n|-singleturn|p2a: Breloom|move: Focus Punch\n|cant|p1a: Landorus|slp\n|move|p2a: Breloom|Focus Punch|p1a: Landorus\n|-resisted|p1a: Landorus\n|-damage|p1a: Landorus|0 fnt\n|faint|p1a: Landorus\n|\n|-heal|p2a: Breloom|91\/100 tox|[from] ability: Poison Heal\n|upkeep\n|\n|t:|1600375258\n|switch|p1a: Tornadus|Tornadus-Therian, M|82\/100\n|turn|15\n|\n|t:|1600375261\n|-singleturn|p2a: Breloom|move: Focus Punch\n|move|p1a: Tornadus|Taunt|p2a: Breloom\n|-start|p2a: Breloom|move: Taunt\n|move|p2a: Breloom|Focus Punch|p1a: Tornadus\n|-resisted|p1a: Tornadus\n|-damage|p1a: Tornadus|41\/100\n|-damage|p2a: Breloom|75\/100 tox|[from] item: Rocky Helmet|[of] p1a: Tornadus\n|\n|-heal|p2a: Breloom|87\/100 tox|[from] ability: Poison Heal\n|upkeep\n|turn|16\n|\n|t:|1600375271\n|-singleturn|p2a: Breloom|move: Focus Punch\n|move|p1a: Tornadus|Hurricane|p2a: Breloom\n|-supereffective|p2a: Breloom\n|-end|p2a: Breloom|Substitute\n|move|p2a: Breloom|Focus Punch|p1a: Tornadus\n|-resisted|p1a: Tornadus\n|-damage|p1a: Tornadus|0 fnt\n|-damage|p2a: Breloom|71\/100 tox|[from] item: Rocky Helmet|[of] p1a: Tornadus\n|faint|p1a: Tornadus\n|\n|-heal|p2a: Breloom|83\/100 tox|[from] ability: Poison Heal\n|upkeep\n|\n|t:|1600375274\n|switch|p1a: Latios|Latios-Mega, M|51\/100\n|turn|17\n|\n|t:|1600375294\n|switch|p2a: Aerodactyl|Aerodactyl-Mega, M|100\/100\n|move|p1a: Latios|Recover|p1a: Latios\n|-heal|p1a: Latios|100\/100\n|\n|upkeep\n|turn|18\n|\n|t:|1600375306\n|move|p2a: Aerodactyl|Ice Fang|p1a: Latios\n|-supereffective|p1a: Latios\n|-damage|p1a: Latios|17\/100\n|-status|p1a: Latios|frz\n|cant|p1a: Latios|frz\n|\n|upkeep\n|turn|19\n|\n|t:|1600375318\n|move|p2a: Aerodactyl|Aerial Ace|p1a: Latios\n|-damage|p1a: Latios|0 fnt\n|faint|p1a: Latios\n|\n|upkeep\n|\n|t:|1600375330\n|switch|p1a: Magearna|Magearna|100\/100\n|turn|20\n|\n|t:|1600375334\n|move|p2a: Aerodactyl|Fire Fang|p1a: Magearna|[miss]\n|-miss|p2a: Aerodactyl|p1a: Magearna\n|move|p1a: Magearna|Shift Gear|p1a: Magearna\n|-boost|p1a: Magearna|spe|2\n|-boost|p1a: Magearna|atk|1\n|\n|upkeep\n|turn|21\n|\n|t:|1600375359\n|switch|p2a: Heatran|Heatran, F|100\/100\n|move|p1a: Magearna|Calm Mind|p1a: Magearna\n|-boost|p1a: Magearna|spa|1\n|-boost|p1a: Magearna|spd|1\n|\n|upkeep\n|turn|22\n|\n|t:|1600375366\n|move|p1a: Magearna|Focus Blast|p2a: Heatran\n|-supereffective|p2a: Heatran\n|-damage|p2a: Heatran|14\/100\n|move|p2a: Heatran|Taunt|p1a: Magearna\n|-start|p1a: Magearna|move: Taunt\n|\n|-heal|p2a: Heatran|20\/100|[from] item: Leftovers\n|upkeep\n|turn|23\n|\n|t:|1600375396\n|-zpower|p1a: Magearna\n|move|p1a: Magearna|Twinkle Tackle|p2a: Heatran|[zeffect]\n|-resisted|p2a: Heatran\n|-damage|p2a: Heatran|0 fnt\n|faint|p2a: Heatran\n|-ability|p1a: Magearna|Soul-Heart|boost\n|-boost|p1a: Magearna|spa|1\n|\n|upkeep\n|\n|t:|1600375420\n|switch|p2a: Breloom|Breloom, M|83\/100 tox\n|turn|24\n|\n|t:|1600375423\n|move|p1a: Magearna|Fleur Cannon|p2a: Breloom\n|-supereffective|p2a: Breloom\n|-damage|p2a: Breloom|0 fnt\n|-unboost|p1a: Magearna|spa|2\n|faint|p2a: Breloom\n|-ability|p1a: Magearna|Soul-Heart|boost\n|-boost|p1a: Magearna|spa|1\n|\n|upkeep\n|\n|t:|1600375430\n|switch|p2a: Aerodactyl|Aerodactyl-Mega, M|100\/100\n|turn|25\n|\n|t:|1600375434\n|move|p1a: Magearna|Fleur Cannon|p2a: Aerodactyl\n|-damage|p2a: Aerodactyl|0 fnt\n|-unboost|p1a: Magearna|spa|2\n|faint|p2a: Aerodactyl\n|-ability|p1a: Magearna|Soul-Heart|boost\n|-boost|p1a: Magearna|spa|1\n|\n|-end|p1a: Magearna|move: Taunt\n|upkeep\n|\n|t:|1600375443\n|switch|p2a: Kartana|Kartana|100\/100\n|turn|26\n|\n|t:|1600375450\n|move|p1a: Magearna|Fleur Cannon|p2a: Kartana\n|-resisted|p2a: Kartana\n|-damage|p2a: Kartana|2\/100\n|-unboost|p1a: Magearna|spa|2\n|move|p2a: Kartana|Sacred Sword|p1a: Magearna\n|-damage|p1a: Magearna|60\/100\n|\n|upkeep\n|turn|27\n|\n|t:|1600375472\n|move|p1a: Magearna|Focus Blast|p2a: Kartana\n|-supereffective|p2a: Kartana\n|-damage|p2a: Kartana|0 fnt\n|faint|p2a: Kartana\n|-ability|p1a: Magearna|Soul-Heart|boost\n|-boost|p1a: Magearna|spa|1\n|\n|upkeep\n|\n|t:|1600375478\n|switch|p2a: Greninja|Greninja, F|72\/100\n|turn|28\n|\n|t:|1600375482\n|move|p2a: Greninja|Ice Beam|p1a: Magearna\n|-start|p2a: Greninja|typechange|Ice|[from] ability: Protean\n|-resisted|p1a: Magearna\n|-damage|p1a: Magearna|50\/100\n|move|p1a: Magearna|Fleur Cannon|p2a: Greninja|[miss]\n|-miss|p1a: Magearna|p2a: Greninja\n|\n|upkeep\n|turn|29\n|\n|t:|1600375489\n|move|p2a: Greninja|Ice Beam|p1a: Magearna\n|-resisted|p1a: Magearna\n|-damage|p1a: Magearna|40\/100\n|move|p1a: Magearna|Fleur Cannon|p2a: Greninja\n|-damage|p2a: Greninja|0 fnt\n|-unboost|p1a: Magearna|spa|2\n|faint|p2a: Greninja\n|\n|win|Clawed Winter\n|c|\u2606Clawed Winter|gg\n","uploadtime":1600375496,"views":34,"p1id":"clawedwinter","p2id":"testingtesting1","formatid":"gen7ou","rating":0,"private":0,"password":null}