{"id":"gen7ou-880899618","p1":"Jebus1989_","p2":"why addicted","format":"gen7ou","log":"|j|\u2606Jebus1989_\n|j|\u2606why addicted\n|player|p1|Jebus1989_|167\n|player|p2|why addicted|167\n|teamsize|p1|6\n|teamsize|p2|6\n|gametype|singles\n|gen|7\n|tier|[Gen 7] OU\n|rated|\n|rule|Sleep Clause Mod: Limit one foe put to sleep\n|rule|Species Clause: Limit one of each Pok\u00e9mon\n|rule|OHKO Clause: OHKO moves are banned\n|rule|Moody Clause: Moody is banned\n|rule|Evasion Moves Clause: Evasion moves are banned\n|rule|Endless Battle Clause: Forcing endless battles is banned\n|rule|HP Percentage Mod: HP is shown in percentages\n|clearpoke\n|poke|p1|Volcanion|item\n|poke|p1|Scizor, M|item\n|poke|p1|Landorus-Therian, M|item\n|poke|p1|Tapu Koko|item\n|poke|p1|Clefable, F|item\n|poke|p1|Hawlucha, M|item\n|poke|p2|Mawile, M|item\n|poke|p2|Tapu Fini|item\n|poke|p2|Greninja, M|item\n|poke|p2|Zapdos|item\n|poke|p2|Jirachi|item\n|poke|p2|Garchomp, F|item\n|teampreview\n|inactive|Battle timer is ON: inactive players will automatically lose when time's up. (requested by Jebus1989_)\n|c|\u2606why addicted|hf\n|j| Diablo Ice\n|\n|start\n|switch|p1a: Landorus|Landorus-Therian, M|100\/100\n|switch|p2a: Zapdos|Zapdos|100\/100\n|-ability|p1a: Landorus|Intimidate|boost\n|-unboost|p2a: Zapdos|atk|1\n|turn|1\n|\n|move|p1a: Landorus|Stealth Rock|p2a: Zapdos\n|-sidestart|p2: why addicted|move: Stealth Rock\n|move|p2a: Zapdos|Hidden Power|p1a: Landorus\n|-supereffective|p1a: Landorus\n|-enditem|p1a: Landorus|Yache Berry|[eat]\n|-enditem|p1a: Landorus|Yache Berry|[weaken]\n|-damage|p1a: Landorus|61\/100\n|\n|upkeep\n|turn|2\n|\n|switch|p1a: Tapu Koko|Tapu Koko|100\/100\n|-fieldstart|move: Electric Terrain|[from] ability: Electric Surge|[of] p1a: Tapu Koko\n|move|p2a: Zapdos|Volt Switch|p1a: Tapu Koko\n|-resisted|p1a: Tapu Koko\n|-damage|p1a: Tapu Koko|77\/100\n|\n|switch|p2a: Jirachi|Jirachi|100\/100\n|-damage|p2a: Jirachi|95\/100|[from] Stealth Rock\n|\n|upkeep\n|turn|3\n|j| Piplip11\n|\n|move|p2a: Jirachi|Iron Head|p1a: Tapu Koko\n|-crit|p1a: Tapu Koko\n|-damage|p1a: Tapu Koko|16\/100\n|cant|p1a: Tapu Koko|flinch\n|\n|upkeep\n|turn|4\n|\n|switch|p2a: Garchomp|Garchomp, F|100\/100\n|-damage|p2a: Garchomp|94\/100|[from] Stealth Rock\n|switch|p1a: Volcanion|Volcanion|100\/100\n|\n|upkeep\n|turn|5\n|\n|-zpower|p2a: Garchomp\n|move|p2a: Garchomp|Continental Crush|p1a: Volcanion|[zeffect]\n|-supereffective|p1a: Volcanion\n|-damage|p1a: Volcanion|10\/100\n|-enditem|p1a: Volcanion|Iapapa Berry|[eat]\n|-heal|p1a: Volcanion|60\/100|[from] item: Iapapa Berry\n|move|p1a: Volcanion|Steam Eruption|p2a: Garchomp\n|-damage|p2a: Garchomp|30\/100\n|-status|p2a: Garchomp|brn\n|\n|-damage|p2a: Garchomp|24\/100 brn|[from] brn\n|upkeep\n|turn|6\n|\n|switch|p1a: Landorus|Landorus-Therian, M|61\/100\n|-ability|p1a: Landorus|Intimidate|boost\n|-unboost|p2a: Garchomp|atk|1\n|move|p2a: Garchomp|Stealth Rock|p1a: Landorus\n|-sidestart|p1: Jebus1989_|move: Stealth Rock\n|\n|-damage|p2a: Garchomp|18\/100 brn|[from] brn\n|-fieldend|move: Electric Terrain\n|upkeep\n|turn|7\n|\n|switch|p2a: Zapdos|Zapdos|100\/100\n|-damage|p2a: Zapdos|76\/100|[from] Stealth Rock\n|move|p1a: Landorus|Earthquake|p2a: Zapdos\n|-immune|p2a: Zapdos\n|\n|-heal|p2a: Zapdos|82\/100|[from] item: Leftovers\n|upkeep\n|turn|8\n|j| Noxious Octoling\n|\n|switch|p1a: Clefable|Clefable, F|100\/100\n|-damage|p1a: Clefable|88\/100|[from] Stealth Rock\n|move|p2a: Zapdos|Hidden Power|p1a: Clefable\n|-damage|p1a: Clefable|74\/100\n|\n|-heal|p2a: Zapdos|88\/100|[from] item: Leftovers\n|-heal|p1a: Clefable|80\/100|[from] item: Leftovers\n|upkeep\n|turn|9\n|\n|move|p2a: Zapdos|Volt Switch|p1a: Clefable\n|-damage|p1a: Clefable|53\/100\n|\n|switch|p2a: Mawile|Mawile, M|100\/100\n|-damage|p2a: Mawile|95\/100|[from] Stealth Rock\n|-ability|p2a: Mawile|Intimidate|boost\n|-unboost|p1a: Clefable|atk|1\n|move|p1a: Clefable|Wish|p1a: Clefable\n|\n|-heal|p1a: Clefable|59\/100|[from] item: Leftovers\n|upkeep\n|turn|10\n|\n|switch|p1a: Landorus|Landorus-Therian, M|61\/100\n|-damage|p1a: Landorus|48\/100|[from] Stealth Rock\n|-ability|p1a: Landorus|Intimidate|boost\n|-unboost|p2a: Mawile|atk|1\n|detailschange|p2a: Mawile|Mawile-Mega, M\n|-mega|p2a: Mawile|Mawile|Mawilite\n|move|p2a: Mawile|Play Rough|p1a: Landorus\n|-damage|p1a: Landorus|0 fnt\n|faint|p1a: Landorus\n|\n|upkeep\n|\n|switch|p1a: Scizor|Scizor, M|100\/100\n|-damage|p1a: Scizor|88\/100|[from] Stealth Rock\n|turn|11\n|\n|switch|p2a: Zapdos|Zapdos|88\/100\n|-damage|p2a: Zapdos|63\/100|[from] Stealth Rock\n|detailschange|p1a: Scizor|Scizor-Mega, M\n|-mega|p1a: Scizor|Scizor|Scizorite\n|move|p1a: Scizor|Swords Dance|p1a: Scizor\n|-boost|p1a: Scizor|atk|2\n|\n|-heal|p2a: Zapdos|69\/100|[from] item: Leftovers\n|upkeep\n|turn|12\n|\n|move|p1a: Scizor|Knock Off|p2a: Zapdos\n|-damage|p2a: Zapdos|16\/100\n|-enditem|p2a: Zapdos|Leftovers|[from] move: Knock Off|[of] p1a: Scizor\n|move|p2a: Zapdos|Heat Wave|p1a: Scizor\n|-supereffective|p1a: Scizor\n|-damage|p1a: Scizor|0 fnt\n|faint|p1a: Scizor\n|\n|upkeep\n|\n|switch|p1a: Tapu Koko|Tapu Koko|16\/100\n|-damage|p1a: Tapu Koko|3\/100|[from] Stealth Rock\n|-fieldstart|move: Electric Terrain|[from] ability: Electric Surge|[of] p1a: Tapu Koko\n|turn|13\n|\n|move|p1a: Tapu Koko|U-turn|p2a: Zapdos\n|-resisted|p2a: Zapdos\n|-damage|p2a: Zapdos|9\/100\n|\n|switch|p1a: Clefable|Clefable, F|59\/100\n|-damage|p1a: Clefable|46\/100|[from] Stealth Rock\n|move|p2a: Zapdos|Volt Switch|p1a: Clefable\n|-damage|p1a: Clefable|20\/100\n|\n|switch|p2a: Mawile|Mawile-Mega, M|95\/100\n|-damage|p2a: Mawile|89\/100|[from] Stealth Rock\n|\n|-heal|p1a: Clefable|26\/100|[from] item: Leftovers\n|upkeep\n|turn|14\n|\n|move|p2a: Mawile|Knock Off|p1a: Clefable\n|-resisted|p1a: Clefable\n|-damage|p1a: Clefable|0 fnt\n|-enditem|p1a: Clefable|Leftovers|[from] move: Knock Off|[of] p2a: Mawile\n|faint|p1a: Clefable\n|\n|upkeep\n|\n|switch|p1a: Hawlucha|Hawlucha, M, shiny|100\/100\n|-damage|p1a: Hawlucha|88\/100|[from] Stealth Rock\n|-enditem|p1a: Hawlucha|Electric Seed\n|-boost|p1a: Hawlucha|def|1\n|turn|15\n|\n|move|p1a: Hawlucha|Substitute|p1a: Hawlucha\n|-start|p1a: Hawlucha|Substitute\n|-damage|p1a: Hawlucha|63\/100\n|move|p2a: Mawile|Play Rough|p1a: Hawlucha\n|-supereffective|p1a: Hawlucha\n|-end|p1a: Hawlucha|Substitute\n|\n|upkeep\n|turn|16\n|\n|move|p1a: Hawlucha|Substitute|p1a: Hawlucha\n|-start|p1a: Hawlucha|Substitute\n|-damage|p1a: Hawlucha|39\/100\n|move|p2a: Mawile|Play Rough|p1a: Hawlucha\n|-supereffective|p1a: Hawlucha\n|-crit|p1a: Hawlucha\n|-end|p1a: Hawlucha|Substitute\n|\n|upkeep\n|turn|17\n|\n|move|p1a: Hawlucha|Substitute|p1a: Hawlucha\n|-start|p1a: Hawlucha|Substitute\n|-damage|p1a: Hawlucha|14\/100\n|move|p2a: Mawile|Play Rough|p1a: Hawlucha\n|-supereffective|p1a: Hawlucha\n|-end|p1a: Hawlucha|Substitute\n|\n|-fieldend|move: Electric Terrain\n|upkeep\n|turn|18\n|\n|move|p1a: Hawlucha|High Jump Kick|p2a: Mawile\n|-damage|p2a: Mawile|33\/100\n|move|p2a: Mawile|Play Rough|p1a: Hawlucha|[miss]\n|-miss|p2a: Mawile|p1a: Hawlucha\n|\n|upkeep\n|turn|19\n|\n|move|p1a: Hawlucha|Swords Dance|p1a: Hawlucha\n|-boost|p1a: Hawlucha|atk|2\n|move|p2a: Mawile|Knock Off|p1a: Hawlucha\n|-resisted|p1a: Hawlucha\n|-damage|p1a: Hawlucha|0 fnt\n|faint|p1a: Hawlucha\n|\n|upkeep\n|-message|Jebus1989_ forfeited.\n|\n|win|why addicted\n|l|\u2606Jebus1989_\n","uploadtime":1553375653,"views":49,"p1id":"jebus1989","p2id":"whyaddicted","formatid":"gen7ou","rating":0,"private":0,"password":null}