{"id":"gen7ou-952801411","p1":"Jackesh-7T2","p2":"Jakkkkkka","format":"gen7ou","log":"|j|\u2606Jackesh-7T2\n|j|\u2606Jakkkkkka\n|player|p1|Jackesh-7T2|266|1605\n|player|p2|Jakkkkkka|137|1459\n|teamsize|p1|6\n|teamsize|p2|6\n|gametype|singles\n|gen|7\n|tier|[Gen 7] OU\n|rated|\n|rule|Sleep Clause Mod: Limit one foe put to sleep\n|rule|Species Clause: Limit one of each Pok\u00e9mon\n|rule|OHKO Clause: OHKO moves are banned\n|rule|Moody Clause: Moody is banned\n|rule|Evasion Moves Clause: Evasion moves are banned\n|rule|Endless Battle Clause: Forcing endless battles is banned\n|rule|HP Percentage Mod: HP is shown in percentages\n|clearpoke\n|poke|p1|Alakazam, F|item\n|poke|p1|Tapu Koko|item\n|poke|p1|Kyurem-Black|item\n|poke|p1|Araquanid, M|item\n|poke|p1|Zapdos|item\n|poke|p1|Landorus-Therian, M|item\n|poke|p2|Celesteela|item\n|poke|p2|Azelf|item\n|poke|p2|Medicham, M|item\n|poke|p2|Zapdos|item\n|poke|p2|Tapu Bulu|item\n|poke|p2|Greninja, M|item\n|teampreview\n|inactive|Battle timer is ON: inactive players will automatically lose when time's up. (requested by Jackesh-7T2)\n|\n|start\n|switch|p1a: Araquanid|Araquanid, M|100\/100\n|switch|p2a: Azelf|Azelf|100\/100\n|turn|1\n|\n|move|p1a: Araquanid|Magic Coat|p1a: Araquanid\n|-singleturn|p1a: Araquanid|move: Magic Coat\n|move|p2a: Azelf|Taunt|p1a: Araquanid\n|move|p1a: Araquanid|Taunt|p2a: Azelf|[from]Magic Coat\n|-start|p2a: Azelf|move: Taunt\n|\n|upkeep\n|turn|2\n|\n|switch|p2a: Celesteela|Celesteela|100\/100\n|move|p1a: Araquanid|Sticky Web|p2a: Celesteela\n|-sidestart|p2: Jakkkkkka|move: Sticky Web\n|\n|upkeep\n|turn|3\n|\n|move|p1a: Araquanid|Magic Coat|p1a: Araquanid\n|-singleturn|p1a: Araquanid|move: Magic Coat\n|move|p2a: Celesteela|Air Slash|p1a: Araquanid\n|-supereffective|p1a: Araquanid\n|-damage|p1a: Araquanid|46\/100\n|\n|upkeep\n|turn|4\n|\n|switch|p1a: Zapdos|Zapdos|100\/100\n|move|p2a: Celesteela|Air Slash|p1a: Zapdos\n|-resisted|p1a: Zapdos\n|-damage|p1a: Zapdos|78\/100\n|\n|-heal|p1a: Zapdos|85\/100|[from] item: Leftovers\n|upkeep\n|turn|5\n|\n|switch|p1a: Tapu Koko|Tapu Koko|100\/100\n|-fieldstart|move: Electric Terrain|[from] ability: Electric Surge|[of] p1a: Tapu Koko\n|switch|p2a: Tapu Bulu|Tapu Bulu|100\/100\n|-activate|p2a: Tapu Bulu|move: Sticky Web\n|-unboost|p2a: Tapu Bulu|spe|1\n|-fieldstart|move: Grassy Terrain|[from] ability: Grassy Surge|[of] p2a: Tapu Bulu\n|\n|upkeep\n|turn|6\n|\n|move|p1a: Tapu Koko|U-turn|p2a: Tapu Bulu\n|-damage|p2a: Tapu Bulu|75\/100\n|\n|switch|p1a: Landorus|Landorus-Therian, M|100\/100|[from]move: U-turn\n|-ability|p1a: Landorus|Intimidate|boost\n|-unboost|p2a: Tapu Bulu|atk|1\n|move|p2a: Tapu Bulu|Stone Edge|p1a: Landorus\n|-damage|p1a: Landorus|75\/100\n|\n|-heal|p2a: Tapu Bulu|81\/100|[from] Grassy Terrain\n|upkeep\n|turn|7\n|\n|switch|p2a: Zapdos|Zapdos|100\/100\n|move|p1a: Landorus|Stealth Rock|p2a: Zapdos\n|-sidestart|p2: Jakkkkkka|move: Stealth Rock\n|\n|upkeep\n|turn|8\n|\n|move|p2a: Zapdos|Defog|p1a: Landorus\n|-unboost|p1a: Landorus|evasion|1\n|-sideend|p2: Jakkkkkka|Stealth Rock|[from] move: Defog|[of] p2a: Zapdos\n|-sideend|p2: Jakkkkkka|Sticky Web|[from] move: Defog|[of] p2a: Zapdos\n|move|p1a: Landorus|Explosion|p2a: Zapdos\n|-damage|p2a: Zapdos|0 fnt\n|faint|p1a: Landorus\n|faint|p2a: Zapdos\n|\n|upkeep\n|\n|switch|p2a: Azelf|Azelf|100\/100\n|switch|p1a: Araquanid|Araquanid, M|46\/100\n|turn|9\n|\n|move|p2a: Azelf|Knock Off|p1a: Araquanid\n|-damage|p1a: Araquanid|16\/100\n|-enditem|p1a: Araquanid|Focus Sash|[from] move: Knock Off|[of] p2a: Azelf\n|move|p1a: Araquanid|Leech Life|p2a: Azelf\n|-supereffective|p2a: Azelf\n|-enditem|p2a: Azelf|Focus Sash\n|-damage|p2a: Azelf|1\/100\n|-heal|p1a: Araquanid|59\/100|[from] drain|[of] p2a: Azelf\n|\n|-heal|p1a: Araquanid|65\/100|[from] Grassy Terrain\n|-fieldend|move: Grassy Terrain\n|upkeep\n|turn|10\n|\n|move|p1a: Araquanid|Magic Coat|p1a: Araquanid\n|-singleturn|p1a: Araquanid|move: Magic Coat\n|move|p2a: Azelf|Knock Off|p1a: Araquanid\n|-damage|p1a: Araquanid|46\/100\n|\n|upkeep\n|turn|11\n|\n|move|p2a: Azelf|Stealth Rock|p1a: Araquanid\n|-sidestart|p1: Jackesh-7T2|move: Stealth Rock\n|move|p1a: Araquanid|Sticky Web|p2a: Azelf\n|-sidestart|p2: Jakkkkkka|move: Sticky Web\n|\n|upkeep\n|turn|12\n|\n|move|p2a: Azelf|Knock Off|p1a: Araquanid\n|-damage|p1a: Araquanid|26\/100\n|move|p1a: Araquanid|Liquidation|p2a: Azelf\n|-damage|p2a: Azelf|0 fnt\n|faint|p2a: Azelf\n|\n|upkeep\n|\n|switch|p2a: Celesteela|Celesteela|100\/100\n|turn|13\n|\n|switch|p1a: Zapdos|Zapdos|85\/100\n|-damage|p1a: Zapdos|60\/100|[from] Stealth Rock\n|move|p2a: Celesteela|Autotomize|p2a: Celesteela\n|-boost|p2a: Celesteela|spe|2\n|-start|p2a: Celesteela|Autotomize\n|\n|-heal|p1a: Zapdos|66\/100|[from] item: Leftovers\n|upkeep\n|turn|14\n|\n|move|p2a: Celesteela|Flamethrower|p1a: Zapdos\n|-damage|p1a: Zapdos|35\/100\n|move|p1a: Zapdos|Discharge|p2a: Celesteela\n|-supereffective|p2a: Celesteela\n|-damage|p2a: Celesteela|25\/100\n|\n|-heal|p1a: Zapdos|41\/100|[from] item: Leftovers\n|upkeep\n|turn|15\n|\n|move|p2a: Celesteela|Flamethrower|p1a: Zapdos\n|-damage|p1a: Zapdos|6\/100\n|move|p1a: Zapdos|Discharge|p2a: Celesteela\n|-supereffective|p2a: Celesteela\n|-damage|p2a: Celesteela|0 fnt\n|faint|p2a: Celesteela\n|\n|-heal|p1a: Zapdos|12\/100|[from] item: Leftovers\n|upkeep\n|\n|switch|p2a: Greninja|Greninja, M|100\/100\n|-activate|p2a: Greninja|move: Sticky Web\n|-unboost|p2a: Greninja|spe|1\n|turn|16\n|\n|switch|p1a: Kyurem|Kyurem-Black|100\/100\n|-damage|p1a: Kyurem|76\/100|[from] Stealth Rock\n|-ability|p1a: Kyurem|Teravolt\n|move|p2a: Greninja|Water Shuriken|p1a: Kyurem\n|-resisted|p1a: Kyurem\n|-damage|p1a: Kyurem|71\/100\n|-resisted|p1a: Kyurem\n|-damage|p1a: Kyurem|66\/100\n|-resisted|p1a: Kyurem\n|-damage|p1a: Kyurem|61\/100\n|-hitcount|p1a: Kyurem|3\n|\n|upkeep\n|turn|17\n|\n|switch|p2a: Tapu Bulu|Tapu Bulu|81\/100\n|-activate|p2a: Tapu Bulu|move: Sticky Web\n|-unboost|p2a: Tapu Bulu|spe|1\n|-fieldstart|move: Grassy Terrain|[from] ability: Grassy Surge|[of] p2a: Tapu Bulu\n|move|p1a: Kyurem|Fusion Bolt|p2a: Tapu Bulu\n|-resisted|p2a: Tapu Bulu\n|-damage|p2a: Tapu Bulu|58\/100\n|\n|-heal|p1a: Kyurem|67\/100|[from] Grassy Terrain\n|-heal|p2a: Tapu Bulu|64\/100|[from] Grassy Terrain\n|upkeep\n|turn|18\n|\n|-zpower|p1a: Kyurem\n|move|p1a: Kyurem|Subzero Slammer|p2a: Tapu Bulu|[zeffect]\n|-supereffective|p2a: Tapu Bulu\n|-damage|p2a: Tapu Bulu|0 fnt\n|faint|p2a: Tapu Bulu\n|\n|-heal|p1a: Kyurem|73\/100|[from] Grassy Terrain\n|upkeep\n|\n|switch|p2a: Medicham|Medicham, M|100\/100\n|-activate|p2a: Medicham|move: Sticky Web\n|-unboost|p2a: Medicham|spe|1\n|turn|19\n|\n|switch|p1a: Zapdos|Zapdos|12\/100\n|-damage|p1a: Zapdos|0 fnt|[from] Stealth Rock\n|faint|p1a: Zapdos\n|detailschange|p2a: Medicham|Medicham-Mega, M\n|-mega|p2a: Medicham|Medicham|Medichamite\n|move|p2a: Medicham|High Jump Kick|p1: Zapdos|[notarget]\n|-fail|p2a: Medicham\n|\n|upkeep\n|\n|switch|p1a: Tapu Koko|Tapu Koko|100\/100\n|-damage|p1a: Tapu Koko|88\/100|[from] Stealth Rock\n|-fieldstart|move: Electric Terrain|[from] ability: Electric Surge|[of] p1a: Tapu Koko\n|turn|20\n|\n|move|p1a: Tapu Koko|Wild Charge|p2a: Medicham\n|-damage|p2a: Medicham|0 fnt\n|-damage|p1a: Tapu Koko|65\/100|[from] Recoil\n|faint|p2a: Medicham\n|\n|upkeep\n|\n|switch|p2a: Greninja|Greninja, M|100\/100\n|-activate|p2a: Greninja|move: Sticky Web\n|-unboost|p2a: Greninja|spe|1\n|turn|21\n|\n|move|p1a: Tapu Koko|Wild Charge|p2a: Greninja\n|-supereffective|p2a: Greninja\n|-damage|p2a: Greninja|0 fnt\n|-damage|p1a: Tapu Koko|40\/100|[from] Recoil\n|faint|p2a: Greninja\n|\n|win|Jackesh-7T2\n|l|\u2606Jakkkkkka\n","uploadtime":1564486434,"views":9,"p1id":"jackesh7t2","p2id":"jakkkkkka","formatid":"gen7ou","rating":0,"private":0,"password":null}