{"id":"gen7ou-924960798","p1":"comp233","p2":"x555","format":"gen7ou","log":"|j|\u2606comp233\n|j|\u2606x555\n|player|p1|comp233|115\n|player|p2|x555|1\n|teamsize|p1|6\n|teamsize|p2|6\n|gametype|singles\n|gen|7\n|tier|[Gen 7] OU\n|rated|\n|rule|Sleep Clause Mod: Limit one foe put to sleep\n|rule|Species Clause: Limit one of each Pok\u00e9mon\n|rule|OHKO Clause: OHKO moves are banned\n|rule|Moody Clause: Moody is banned\n|rule|Evasion Moves Clause: Evasion moves are banned\n|rule|Endless Battle Clause: Forcing endless battles is banned\n|rule|HP Percentage Mod: HP is shown in percentages\n|clearpoke\n|poke|p1|Mamoswine, M|item\n|poke|p1|Abomasnow, M|item\n|poke|p1|Sandslash-Alola, F|item\n|poke|p1|Beartic, F|item\n|poke|p1|Weavile, M|item\n|poke|p1|Vanilluxe, M|item\n|poke|p2|Heracross, F|item\n|poke|p2|Chansey, F|item\n|poke|p2|Scizor, F|item\n|poke|p2|Victini|item\n|poke|p2|Ninetales-Alola, M|item\n|poke|p2|Alomomola, M|item\n|teampreview\n|inactive|Battle timer is ON: inactive players will automatically lose when time's up. (requested by x555)\n|\n|start\n|switch|p1a: Weavile|Weavile, M|281\/281\n|switch|p2a: Scizor|Scizor, F|343\/343\n|turn|1\n|\n|move|p2a: Scizor|Bullet Punch|p1a: Weavile\n|-supereffective|p1a: Weavile\n|-enditem|p1a: Weavile|Focus Sash\n|-damage|p1a: Weavile|1\/281\n|-enditem|p2a: Scizor|Choice Band|[silent]|[from] ability: Pickpocket|[of] p2a: Scizor\n|-item|p1a: Weavile|Choice Band|[from] ability: Pickpocket|[of] p2a: Scizor\n|move|p1a: Weavile|Counter|p2a: Scizor\n|-damage|p2a: Scizor|0 fnt\n|faint|p2a: Scizor\n|\n|upkeep\n|c|\u2606x555|that's\n|\n|switch|p2a: Heracross|Heracross, F|308\/308\n|turn|2\n|c|\u2606x555|interesting\n|\n|switch|p1a: Vanilluxe|Vanilluxe, M|283\/283\n|-weather|Hail|[from] ability: Snow Warning|[of] p1a: Vanilluxe\n|detailschange|p2a: Heracross|Heracross-Mega, F\n|-mega|p2a: Heracross|Heracross|Heracronite\n|move|p2a: Heracross|Substitute|p2a: Heracross\n|-start|p2a: Heracross|Substitute\n|-damage|p2a: Heracross|231\/308\n|\n|-weather|Hail|[upkeep]\n|-damage|p2a: Heracross|212\/308|[from] Hail\n|upkeep\n|turn|3\n|\n|move|p1a: Vanilluxe|Blizzard|p2a: Heracross\n|-end|p2a: Heracross|Substitute\n|move|p2a: Heracross|Rock Blast|p1a: Vanilluxe\n|-supereffective|p1a: Vanilluxe\n|-damage|p1a: Vanilluxe|189\/283\n|-supereffective|p1a: Vanilluxe\n|-damage|p1a: Vanilluxe|91\/283\n|-supereffective|p1a: Vanilluxe\n|-damage|p1a: Vanilluxe|0 fnt\n|-hitcount|p1a: Vanilluxe|3\n|faint|p1a: Vanilluxe\n|\n|-weather|Hail|[upkeep]\n|-damage|p2a: Heracross|193\/308|[from] Hail\n|upkeep\n|j| lehoang24121992\n|inactive|comp233 has 120 seconds left.\n|\n|switch|p1a: Weavile|Weavile, M|1\/281\n|turn|4\n|inactive|comp233 has 120 seconds left.\n|\n|switch|p2a: Alomomola|Alomomola, M|534\/534\n|move|p1a: Weavile|Knock Off|p2a: Alomomola\n|-damage|p2a: Alomomola|326\/534\n|-damage|p1a: Weavile|0 fnt|[from] item: Rocky Helmet|[of] p2a: Alomomola\n|faint|p1a: Weavile\n|\n|-weather|Hail|[upkeep]\n|-damage|p2a: Alomomola|293\/534|[from] Hail\n|upkeep\n|inactive|comp233 has 120 seconds left.\n|\n|switch|p1a: Abomasnow|Abomasnow, M|321\/321\n|turn|5\n|inactive|comp233 has 120 seconds left.\n|\n|detailschange|p1a: Abomasnow|Abomasnow-Mega, M\n|-mega|p1a: Abomasnow|Abomasnow|Abomasite\n|move|p2a: Alomomola|Wish|p2a: Alomomola\n|move|p1a: Abomasnow|Earthquake|p2a: Alomomola\n|-damage|p2a: Alomomola|177\/534\n|\n|-weather|Hail|[upkeep]\n|-damage|p2a: Alomomola|144\/534|[from] Hail\n|upkeep\n|turn|6\n|inactive|comp233 has 120 seconds left.\n|\n|switch|p2a: Heracross|Heracross-Mega, F|193\/308\n|move|p1a: Abomasnow|Giga Drain|p2a: Heracross\n|-resisted|p2a: Heracross\n|-damage|p2a: Heracross|144\/308\n|\n|-weather|Hail|[upkeep]\n|-damage|p2a: Heracross|125\/308|[from] Hail\n|-heal|p2a: Heracross|308\/308|[from] move: Wish|[wisher] Alomomola\n|upkeep\n|turn|7\n|inactive|comp233 has 120 seconds left.\n|\n|switch|p1a: Mamoswine|Mamoswine, M|361\/361\n|move|p2a: Heracross|Rock Blast|p1a: Mamoswine|[miss]\n|-miss|p2a: Heracross|p1a: Mamoswine\n|\n|-weather|Hail|[upkeep]\n|-damage|p2a: Heracross|289\/308|[from] Hail\n|upkeep\n|turn|8\n|inactive|comp233 has 120 seconds left.\n|\n|switch|p2a: Alomomola|Alomomola, M|322\/534\n|move|p1a: Mamoswine|Icicle Crash|p2a: Alomomola\n|-resisted|p2a: Alomomola\n|-damage|p2a: Alomomola|251\/534\n|\n|-weather|Hail|[upkeep]\n|-damage|p2a: Alomomola|218\/534|[from] Hail\n|upkeep\n|turn|9\n|\n|move|p1a: Mamoswine|Stealth Rock|p2a: Alomomola\n|-sidestart|p2: x555|move: Stealth Rock\n|move|p2a: Alomomola|Knock Off|p1a: Mamoswine|[miss]\n|-miss|p2a: Alomomola|p1a: Mamoswine\n|\n|-weather|none\n|upkeep\n|turn|10\n|\n|switch|p1a: Abomasnow|Abomasnow-Mega, M|321\/321\n|-weather|Hail|[from] ability: Snow Warning|[of] p1a: Abomasnow\n|move|p2a: Alomomola|Scald|p1a: Abomasnow\n|-resisted|p1a: Abomasnow\n|-damage|p1a: Abomasnow|299\/321\n|\n|-weather|Hail|[upkeep]\n|-damage|p2a: Alomomola|185\/534|[from] Hail\n|upkeep\n|turn|11\n|\n|switch|p2a: Chansey|Chansey, F|703\/703\n|-damage|p2a: Chansey|616\/703|[from] Stealth Rock\n|move|p1a: Abomasnow|Blizzard|p2a: Chansey\n|-damage|p2a: Chansey|495\/703\n|\n|-weather|Hail|[upkeep]\n|-damage|p2a: Chansey|452\/703|[from] Hail\n|upkeep\n|turn|12\n|\n|switch|p1a: Sandslash|Sandslash-Alola, F|291\/291\n|move|p2a: Chansey|Stealth Rock|p1a: Sandslash\n|-sidestart|p1: comp233|move: Stealth Rock\n|\n|-weather|Hail|[upkeep]\n|-damage|p2a: Chansey|409\/703|[from] Hail\n|upkeep\n|turn|13\n|\n|move|p1a: Sandslash|Rapid Spin|p2a: Chansey\n|-damage|p2a: Chansey|373\/703\n|-sideend|p1: comp233|Stealth Rock|[from] move: Rapid Spin|[of] p1a: Sandslash\n|-damage|p1a: Sandslash|262\/291|[from] item: Life Orb\n|move|p2a: Chansey|Healing Wish|p2a: Chansey\n|faint|p2a: Chansey\n|\n|-weather|Hail|[upkeep]\n|upkeep\n|\n|switch|p2a: Ninetales|Ninetales-Alola, M|287\/287\n|-heal|p2a: Ninetales|287\/287|[from] move: Healing Wish\n|-damage|p2a: Ninetales|216\/287|[from] Stealth Rock\n|turn|14\n|inactive|comp233 has 120 seconds left.\n|\n|move|p1a: Sandslash|Earthquake|p2a: Ninetales\n|-damage|p2a: Ninetales|72\/287\n|-damage|p1a: Sandslash|233\/291|[from] item: Life Orb\n|move|p2a: Ninetales|Aurora Veil|p2a: Ninetales\n|-sidestart|p2: x555|move: Aurora Veil\n|\n|-weather|none\n|upkeep\n|turn|15\n|inactive|comp233 has 120 seconds left.\n|\n|move|p2a: Ninetales|Freeze-Dry|p1a: Sandslash\n|-resisted|p1a: Sandslash\n|-damage|p1a: Sandslash|205\/291\n|move|p1a: Sandslash|Icicle Crash|p2a: Ninetales\n|-resisted|p2a: Ninetales\n|-damage|p2a: Ninetales|25\/287\n|-damage|p1a: Sandslash|176\/291|[from] item: Life Orb\n|\n|upkeep\n|turn|16\n|\n|move|p2a: Ninetales|Freeze-Dry|p1a: Sandslash\n|-resisted|p1a: Sandslash\n|-damage|p1a: Sandslash|151\/291\n|move|p1a: Sandslash|Leech Life|p2a: Ninetales\n|-resisted|p2a: Ninetales\n|-damage|p2a: Ninetales|0 fnt\n|-heal|p1a: Sandslash|164\/291|[from] drain|[of] p2a: Ninetales\n|-damage|p1a: Sandslash|135\/291|[from] item: Life Orb\n|faint|p2a: Ninetales\n|\n|upkeep\n|\n|switch|p2a: Victini|Victini|341\/341\n|-damage|p2a: Victini|256\/341|[from] Stealth Rock\n|turn|17\n|inactive|comp233 has 120 seconds left.\n|inactive|comp233 has 90 seconds left.\n|\n|switch|p1a: Abomasnow|Abomasnow-Mega, M|299\/321\n|-weather|Hail|[from] ability: Snow Warning|[of] p1a: Abomasnow\n|-zpower|p2a: Victini\n|move|p2a: Victini|Z-Celebrate|p2a: Victini|[anim]Celebrate\n|-boost|p2a: Victini|atk|1|[zeffect]\n|-boost|p2a: Victini|def|1|[zeffect]\n|-boost|p2a: Victini|spa|1|[zeffect]\n|-boost|p2a: Victini|spd|1|[zeffect]\n|-boost|p2a: Victini|spe|1|[zeffect]\n|-activate|p2a: Victini|move: Celebrate\n|\n|-weather|Hail|[upkeep]\n|-damage|p2a: Victini|235\/341|[from] Hail\n|upkeep\n|turn|18\n|inactive|comp233 has 90 seconds left.\n|\n|switch|p1a: Beartic|Beartic, F|331\/331\n|move|p2a: Victini|Searing Shot|p1a: Beartic\n|-supereffective|p1a: Beartic\n|-crit|p1a: Beartic\n|-damage|p1a: Beartic|0 fnt\n|faint|p1a: Beartic\n|\n|-weather|Hail|[upkeep]\n|-damage|p2a: Victini|214\/341|[from] Hail\n|upkeep\n|\n|switch|p1a: Mamoswine|Mamoswine, M|361\/361\n|turn|19\n|\n|move|p2a: Victini|Searing Shot|p1a: Mamoswine\n|-supereffective|p1a: Mamoswine\n|-damage|p1a: Mamoswine|0 fnt\n|faint|p1a: Mamoswine\n|\n|-weather|Hail|[upkeep]\n|-damage|p2a: Victini|193\/341|[from] Hail\n|upkeep\n|\n|switch|p1a: Sandslash|Sandslash-Alola, F|135\/291\n|turn|20\n|\n|move|p1a: Sandslash|Earthquake|p2a: Victini\n|-supereffective|p2a: Victini\n|-damage|p2a: Victini|106\/341\n|-damage|p1a: Sandslash|106\/291|[from] item: Life Orb\n|move|p2a: Victini|Searing Shot|p1a: Sandslash\n|-supereffective|p1a: Sandslash\n|-damage|p1a: Sandslash|0 fnt\n|faint|p1a: Sandslash\n|\n|-weather|Hail|[upkeep]\n|-damage|p2a: Victini|85\/341|[from] Hail\n|upkeep\n|-message|comp233 forfeited.\n|\n|win|x555\n|l|\u2606comp233\n|raw|comp233's rating: 1567 &rarr; <strong>1541<\/strong><br \/>(-26 for losing)\n|raw|x555's rating: 1471 &rarr; <strong>1496<\/strong><br \/>(+25 for winning)\n|l|\u2606x555\n","uploadtime":1560073679,"views":12,"p1id":"comp233","p2id":"x555","formatid":"gen7ou","rating":1496,"private":0,"password":null}