{"id":"gen7ou-599976661","p1":"Pokefreak77","p2":"Mug Beteor","format":"gen7ou","log":"|j|Pokefreak77\n|j|Mug Beteor\n|player|p1|Pokefreak77|#zinnia\n|teamsize|p1|6\n|player|p2|Mug Beteor|127\n|teamsize|p2|6\n|gametype|singles\n|gen|7\n|tier|[Gen 7] OU\n|rated\n|seed|10052,55788,61307,24430\n|clearpoke\n|poke|p1|Tyranitar, F|item\n|poke|p1|Excadrill, F|item\n|poke|p1|Greninja, M|item\n|poke|p1|Pinsir, M|item\n|poke|p1|Marshadow|item\n|poke|p1|Magearna|item\n|poke|p2|Mawile, M|item\n|poke|p2|Greninja, M|item\n|poke|p2|Tangrowth, M|item\n|poke|p2|Celesteela|item\n|poke|p2|Latios, M|item\n|poke|p2|Heatran, M|item\n|rule|Sleep Clause Mod: Limit one foe put to sleep\n|rule|Species Clause: Limit one of each Pok\u00e9mon\n|rule|OHKO Clause: OHKO moves are banned\n|rule|Moody Clause: Moody is banned\n|rule|Evasion Moves Clause: Evasion moves are banned\n|rule|Endless Battle Clause: Forcing endless battles is banned\n|rule|HP Percentage Mod: HP is shown in percentages\n|teampreview\n|j|chilla tortilla\n|j|Raneca\n|choice|team 1, team 2, team 3, team 4, team 5, team 6|team 1, team 2, team 3, team 4, team 5, team 6\n|\n|start\n|switch|p1a: 1|Tyranitar, F|351\/351\n|switch|p2a: Mawile|Mawile, M|301\/301\n|-weather|Sandstorm|[from] ability: Sand Stream|[of] p1a: 1\n|turn|1\n|choice|move fireblast|move playrough mega\n|\n|detailschange|p2a: Mawile|Mawile-Mega, M\n|-mega|p2a: Mawile|Mawile|Mawilite\n|move|p1a: 1|Fire Blast|p2a: Mawile\n|-supereffective|p2a: Mawile\n|-damage|p2a: Mawile|91\/301\n|move|p2a: Mawile|Play Rough|p1a: 1\n|-supereffective|p1a: 1\n|-enditem|p1a: 1|Focus Sash\n|-damage|p1a: 1|1\/351\n|\n|-weather|Sandstorm|[upkeep]\n|upkeep\n|turn|2\n|choice|move stealthrock|move suckerpunch\n|\n|move|p2a: Mawile|Sucker Punch|p1a: 1|[still]\n|-fail|p2a: Mawile\n|move|p1a: 1|Stealth Rock|p2a: Mawile\n|-sidestart|p2: Mug Beteor|move: Stealth Rock\n|\n|-weather|Sandstorm|[upkeep]\n|upkeep\n|turn|3\n|choice|switch 2|move focuspunch\n|\n|-singleturn|p2a: Mawile|move: Focus Punch\n|switch|p1a: 2|Excadrill, F|361\/361\n|move|p2a: Mawile|Focus Punch|p1a: 2\n|-supereffective|p1a: 2\n|-crit|p1a: 2\n|-damage|p1a: 2|0 fnt\n|faint|p1a: 2\n|\n|-weather|Sandstorm|[upkeep]\n|upkeep\n|choice|switch 5|\n|\n|switch|p1a: 5|Marshadow|321\/321\n|turn|4\n|choice|move shadowsneak|switch 3\n|\n|switch|p2a: Tangrowth|Tangrowth, M|404\/404\n|-damage|p2a: Tangrowth|354\/404|[from] Stealth Rock\n|move|p1a: 5|Shadow Sneak|p2a: Tangrowth\n|-damage|p2a: Tangrowth|291\/404\n|-damage|p1a: 5|268\/321|[from] item: Rocky Helmet|[of] p2a: Tangrowth\n|\n|-weather|Sandstorm|[upkeep]\n|-damage|p1a: 5|248\/321|[from] sandstorm\n|-damage|p2a: Tangrowth|266\/404|[from] sandstorm\n|upkeep\n|turn|5\n|j|Mengymoo\n|choice|switch 2|move sleeppowder\n|\n|switch|p1a: 1|Tyranitar, F|1\/351\n|move|p2a: Tangrowth|Sleep Powder|p1a: 1\n|-status|p1a: 1|slp\n|\n|-weather|none\n|upkeep\n|turn|6\n|j|MegaShinyWeavile\n|choice|switch 4|switch 2\n|\n|switch|p1a: 4|Pinsir, M|271\/271\n|switch|p2a: Greninja|Greninja, M|285\/285\n|-damage|p2a: Greninja|250\/285|[from] Stealth Rock\n|\n|upkeep\n|turn|7\n|choice|switch 4|move hydropump\n|\n|switch|p1a: 1|Tyranitar, F|1\/351 slp\n|-weather|Sandstorm|[from] ability: Sand Stream|[of] p1a: 1\n|move|p2a: Greninja|Hydro Pump|p1a: 1\n|-supereffective|p1a: 1\n|-damage|p1a: 1|0 fnt\n|faint|p1a: 1\n|-activate|p2a: Greninja|ability: Battle Bond\n|detailschange|p2a: Greninja|Greninja-Ash, M\n|\n|-weather|Sandstorm|[upkeep]\n|-damage|p2a: Greninja|233\/285|[from] sandstorm\n|upkeep\n|choice|switch 6|\n|\n|switch|p1a: 6|Magearna|351\/351\n|turn|8\n|choice|move thunderbolt|switch 4\n|\n|switch|p2a: Celesteela|Celesteela|398\/398\n|-damage|p2a: Celesteela|349\/398|[from] Stealth Rock\n|move|p1a: 6|Thunderbolt|p2a: Celesteela\n|-supereffective|p2a: Celesteela\n|-damage|p2a: Celesteela|221\/398\n|\n|-weather|Sandstorm|[upkeep]\n|-heal|p2a: Celesteela|245\/398|[from] item: Leftovers\n|upkeep\n|turn|9\n|choice|move calmmind|move leechseed\n|\n|move|p1a: 6|Calm Mind|p1a: 6\n|-boost|p1a: 6|spa|1\n|-boost|p1a: 6|spd|1\n|move|p2a: Celesteela|Leech Seed|p1a: 6|[miss]\n|-miss|p2a: Celesteela|p1a: 6\n|\n|-weather|Sandstorm|[upkeep]\n|-heal|p2a: Celesteela|269\/398|[from] item: Leftovers\n|upkeep\n|turn|10\n|choice|move thunderbolt|switch 6\n|\n|switch|p2a: Heatran|Heatran, M|381\/381\n|-damage|p2a: Heatran|334\/381|[from] Stealth Rock\n|move|p1a: 6|Thunderbolt|p2a: Heatran\n|-damage|p2a: Heatran|201\/381\n|\n|-weather|Sandstorm|[upkeep]\n|upkeep\n|turn|11\n|choice|switch 3|move earthpower zmove\n|\n|switch|p1a: 3|Greninja, M|285\/285\n|-zpower|p2a: Heatran\n|move|p2a: Heatran|Tectonic Rage|p1a: 3|[zeffect]\n|-damage|p1a: 3|63\/285\n|\n|-weather|none\n|upkeep\n|turn|12\n|choice|move darkpulse|move stealthrock\n|\n|move|p1a: 3|Dark Pulse|p2a: Heatran\n|-damage|p2a: Heatran|61\/381\n|-damage|p1a: 3|35\/285|[from] item: Life Orb\n|move|p2a: Heatran|Stealth Rock|p1a: 3\n|-sidestart|p1: Pokefreak77|move: Stealth Rock\n|\n|upkeep\n|turn|13\n|choice|move spikes|move earthpower\n|\n|move|p1a: 3|Spikes|p2a: Heatran\n|-sidestart|p2: Mug Beteor|Spikes\n|move|p2a: Heatran|Earth Power|p1a: 3\n|-damage|p1a: 3|0 fnt\n|faint|p1a: 3\n|\n|upkeep\n|choice|switch 2|\n|\n|switch|p1a: 5|Marshadow|248\/321\n|-damage|p1a: 5|228\/321|[from] Stealth Rock\n|turn|14\n|choice|move bulkup|move magmastorm\n|\n|move|p1a: 5|Bulk Up|p1a: 5\n|-boost|p1a: 5|atk|1\n|-boost|p1a: 5|def|1\n|move|p2a: Heatran|Magma Storm|p1a: 5\n|-damage|p1a: 5|78\/321\n|-activate|p1a: 5|move: Magma Storm|[of] p2a: Heatran\n|\n|-damage|p1a: 5|38\/321|[from] move: Magma Storm|[partiallytrapped]\n|upkeep\n|turn|15\n|choice|move spectralthief zmove|switch 2\n|\n|switch|p2a: Tangrowth|Tangrowth, M|400\/404\n|-damage|p2a: Tangrowth|350\/404|[from] Stealth Rock\n|-damage|p2a: Tangrowth|300\/404|[from] Spikes\n|-zpower|p1a: 5\n|move|p1a: 5|Soul-Stealing 7-Star Strike|p2a: Tangrowth|[zeffect]\n|-damage|p2a: Tangrowth|0 fnt\n|-damage|p1a: 5|0 fnt|[from] item: Rocky Helmet|[of] p2a: Tangrowth\n|faint|p2a: Tangrowth\n|faint|p1a: 5\n|\n|upkeep\n|c|\u2606Pokefreak77|oh\n|c|\u2606Pokefreak77|i thought z moves didnt contact\n|c|\u2606Mug Beteor|Ye\n|choice|switch 3|switch 5\n|\n|switch|p2a: Latios|Latios, M|301\/301\n|switch|p1a: 6|Magearna|351\/351\n|-damage|p2a: Latios|264\/301|[from] Stealth Rock\n|-damage|p1a: 6|330\/351|[from] Stealth Rock\n|turn|16\n|c|\u2606Mug Beteor|Just the marshadow\n|c|\u2606Pokefreak77|oh\n|c|\u2606Pokefreak77|well then\n|c|\u2606Pokefreak77|good to know\n|choice|switch 4|move psyshock\n|\n|switch|p1a: 4|Pinsir, M|271\/271\n|-damage|p1a: 4|204\/271|[from] Stealth Rock\n|move|p2a: Latios|Psyshock|p1a: 4\n|-damage|p1a: 4|66\/271\n|\n|upkeep\n|turn|17\n|choice|move swordsdance mega|move psyshock\n|\n|detailschange|p1a: 4|Pinsir-Mega, M\n|-mega|p1a: 4|Pinsir|Pinsirite\n|move|p2a: Latios|Psyshock|p1a: 4\n|-damage|p1a: 4|0 fnt\n|faint|p1a: 4\n|\n|upkeep\n|choice|switch 4|\n|\n|switch|p1a: 6|Magearna|330\/351\n|-damage|p1a: 6|309\/351|[from] Stealth Rock\n|turn|18\n|choice|move shiftgear|move psyshock\n|\n|move|p2a: Latios|Psyshock|p1a: 6\n|-resisted|p1a: 6\n|-damage|p1a: 6|248\/351\n|move|p1a: 6|Shift Gear|p1a: 6\n|-boost|p1a: 6|spe|2\n|-boost|p1a: 6|atk|1\n|\n|-heal|p1a: 6|269\/351|[from] item: Leftovers\n|upkeep\n|turn|19\n|choice|move calmmind|move psyshock\n|\n|move|p2a: Latios|Psyshock|p1a: 6\n|-resisted|p1a: 6\n|-damage|p1a: 6|203\/351\n|move|p1a: 6|Calm Mind|p1a: 6\n|-boost|p1a: 6|spa|1\n|-boost|p1a: 6|spd|1\n|\n|-heal|p1a: 6|224\/351|[from] item: Leftovers\n|upkeep\n|turn|20\n|choice|move icebeam|move psyshock\n|\n|move|p2a: Latios|Psyshock|p1a: 6\n|-resisted|p1a: 6\n|-damage|p1a: 6|163\/351\n|move|p1a: 6|Ice Beam|p2a: Latios\n|-supereffective|p2a: Latios\n|-damage|p2a: Latios|22\/301\n|\n|-heal|p1a: 6|184\/351|[from] item: Leftovers\n|upkeep\n|turn|21\n|choice|move icebeam|move psyshock\n|\n|move|p2a: Latios|Psyshock|p1a: 6\n|-resisted|p1a: 6\n|-damage|p1a: 6|121\/351\n|move|p1a: 6|Ice Beam|p2a: Latios\n|-supereffective|p2a: Latios\n|-damage|p2a: Latios|0 fnt\n|faint|p2a: Latios\n|-ability|p1a: 6|Soul-Heart|boost\n|-boost|p1a: 6|spa|1\n|\n|-heal|p1a: 6|142\/351|[from] item: Leftovers\n|upkeep\n|choice||switch 3\n|\n|switch|p2a: Mawile|Mawile-Mega, M|91\/301\n|-damage|p2a: Mawile|54\/301|[from] Spikes\n|-damage|p2a: Mawile|36\/301|[from] Stealth Rock\n|turn|22\n|choice|move icebeam|move suckerpunch\n|\n|move|p2a: Mawile|Sucker Punch|p1a: 6\n|-resisted|p1a: 6\n|-damage|p1a: 6|69\/351\n|move|p1a: 6|Ice Beam|p2a: Mawile\n|-resisted|p2a: Mawile\n|-damage|p2a: Mawile|0 fnt\n|faint|p2a: Mawile\n|-ability|p1a: 6|Soul-Heart|boost\n|-boost|p1a: 6|spa|1\n|\n|-heal|p1a: 6|90\/351|[from] item: Leftovers\n|upkeep\n|choice||switch 4\n|\n|switch|p2a: Greninja|Greninja-Ash, M|233\/285\n|-damage|p2a: Greninja|198\/285|[from] Stealth Rock\n|-damage|p2a: Greninja|163\/285|[from] Spikes\n|turn|23\n|choice|move thunderbolt|move watershuriken\n|\n|move|p2a: Greninja|Water Shuriken|p1a: 6\n|-damage|p1a: 6|53\/351\n|-damage|p1a: 6|17\/351\n|-damage|p1a: 6|0 fnt\n|-hitcount|p1a: 6|3\n|faint|p1a: 6\n|\n|win|Mug Beteor\n|raw|Pokefreak77's rating: 1923 &rarr; <strong>1897<\/strong><br \/>(-26 for losing)\n|raw|Mug Beteor's rating: 1825 &rarr; <strong>1850<\/strong><br \/>(+25 for winning)\n|l|Mug Beteor","inputlog":null,"uploadtime":1499292907,"views":11,"p1id":"pokefreak77","p2id":"mugbeteor","formatid":"gen7ou","rating":1850,"private":0,"password":null}