{"id":"gen7ubers-912237143","p1":"Flashybee","p2":"steven735109","format":"gen7ubers","log":"|j|\u2606Flashybee\n|j|\u2606steven735109\n|player|p1|Flashybee|70\n|player|p2|steven735109|101\n|teamsize|p1|6\n|teamsize|p2|6\n|gametype|singles\n|gen|7\n|tier|[Gen 7] Ubers\n|rated|\n|rule|Sleep Clause Mod: Limit one foe put to sleep\n|rule|Species Clause: Limit one of each Pok\u00e9mon\n|rule|OHKO Clause: OHKO moves are banned\n|rule|Moody Clause: Moody is banned\n|rule|Evasion Moves Clause: Evasion moves are banned\n|rule|Endless Battle Clause: Forcing endless battles is banned\n|rule|HP Percentage Mod: HP is shown in percentages\n|clearpoke\n|poke|p1|Deoxys-Attack|item\n|poke|p1|Kyurem-White|item\n|poke|p1|Rayquaza|item\n|poke|p1|Mew|item\n|poke|p1|Pheromosa|item\n|poke|p1|Beedrill, F|item\n|poke|p2|Xerneas|item\n|poke|p2|Darkrai|item\n|poke|p2|Giratina|item\n|poke|p2|Gengar, M|item\n|poke|p2|Kyurem-White|item\n|poke|p2|Deoxys-Speed|item\n|rule|Mega Rayquaza Clause: You cannot mega evolve Rayquaza\n|teampreview\n|\n|start\n|switch|p1a: Rayquaza|Rayquaza|352\/352\n|switch|p2a: Deoxys|Deoxys-Speed|303\/303\n|-ability|p2a: Deoxys|Pressure\n|-ability|p1a: Rayquaza|Air Lock\n|turn|1\n|\n|move|p2a: Deoxys|Stealth Rock|p1a: Rayquaza\n|-sidestart|p1: Flashybee|move: Stealth Rock\n|move|p1a: Rayquaza|Dragon Ascent|p2a: Deoxys\n|-enditem|p2a: Deoxys|Focus Sash\n|-damage|p2a: Deoxys|1\/303\n|-unboost|p1a: Rayquaza|def|1\n|-unboost|p1a: Rayquaza|spd|1\n|\n|upkeep\n|turn|2\n|\n|move|p1a: Rayquaza|Extreme Speed|p2a: Deoxys\n|-damage|p2a: Deoxys|0 fnt\n|faint|p2a: Deoxys\n|\n|upkeep\n|\n|switch|p2a: Gengar|Gengar, M|261\/261\n|turn|3\n|\n|detailschange|p2a: Gengar|Gengar-Mega, M\n|-mega|p2a: Gengar|Gengar|Gengarite\n|move|p2a: Gengar|Dazzling Gleam|p1a: Rayquaza\n|-supereffective|p1a: Rayquaza\n|-enditem|p1a: Rayquaza|Focus Sash\n|-damage|p1a: Rayquaza|1\/352\n|move|p1a: Rayquaza|Dragon Ascent|p2a: Gengar\n|-damage|p2a: Gengar|0 fnt\n|-unboost|p1a: Rayquaza|def|1\n|-unboost|p1a: Rayquaza|spd|1\n|faint|p2a: Gengar\n|\n|upkeep\n|\n|switch|p2a: Darkrai|Darkrai|281\/281\n|turn|4\n|\n|move|p1a: Rayquaza|Extreme Speed|p2a: Darkrai\n|-damage|p2a: Darkrai|160\/281\n|move|p2a: Darkrai|Hypnosis|p1a: Rayquaza\n|-status|p1a: Rayquaza|slp|[from] move: Hypnosis\n|\n|-damage|p1a: Rayquaza|0 fnt|[from] ability: Bad Dreams|[of] p2a: Darkrai\n|faint|p1a: Rayquaza\n|upkeep\n|\n|switch|p1a: Beedrill|Beedrill, F|272\/272\n|-damage|p1a: Beedrill|204\/272|[from] Stealth Rock\n|turn|5\n|\n|switch|p2a: Giratina|Giratina|504\/504\n|-ability|p2a: Giratina|Pressure\n|detailschange|p1a: Beedrill|Beedrill-Mega, F\n|-mega|p1a: Beedrill|Beedrill|Beedrillite\n|move|p1a: Beedrill|U-turn|p2a: Giratina\n|-resisted|p2a: Giratina\n|-damage|p2a: Giratina|422\/504\n|\n|switch|p1a: Kyurem|Kyurem-White|392\/392\n|-damage|p1a: Kyurem|294\/392|[from] Stealth Rock\n|-ability|p1a: Kyurem|Turboblaze\n|\n|-heal|p2a: Giratina|453\/504|[from] item: Leftovers\n|upkeep\n|turn|6\n|\n|move|p1a: Kyurem|Draco Meteor|p2a: Giratina\n|-supereffective|p2a: Giratina\n|-damage|p2a: Giratina|33\/504\n|-unboost|p1a: Kyurem|spa|2\n|move|p2a: Giratina|Rest|p2a: Giratina\n|-status|p2a: Giratina|slp|[from] move: Rest\n|-heal|p2a: Giratina|504\/504 slp|[silent]\n|\n|upkeep\n|turn|7\n|\n|switch|p1a: Mew|Mew|404\/404\n|-damage|p1a: Mew|354\/404|[from] Stealth Rock\n|cant|p2a: Giratina|slp\n|move|p2a: Giratina|Sleep Talk|p2a: Giratina\n|move|p2a: Giratina|Rest|p2a: Giratina|[from]Sleep Talk\n|-fail|p2a: Giratina\n|\n|-heal|p1a: Mew|379\/404|[from] item: Leftovers\n|upkeep\n|turn|8\n|\n|move|p1a: Mew|Defog|p2a: Giratina\n|-unboost|p2a: Giratina|evasion|1\n|-sideend|p1: Flashybee|Stealth Rock|[from] move: Defog|[of] p1a: Mew\n|cant|p2a: Giratina|slp\n|move|p2a: Giratina|Sleep Talk|p2a: Giratina\n|move|p2a: Giratina|Rest|p2a: Giratina|[from]Sleep Talk\n|-fail|p2a: Giratina\n|\n|-heal|p1a: Mew|404\/404|[from] item: Leftovers\n|upkeep\n|turn|9\n|\n|switch|p1a: Kyurem|Kyurem-White|294\/392\n|-ability|p1a: Kyurem|Turboblaze\n|-curestatus|p2a: Giratina|slp|[msg]\n|move|p2a: Giratina|Will-O-Wisp|p1a: Kyurem\n|-status|p1a: Kyurem|brn\n|\n|-damage|p1a: Kyurem|270\/392 brn|[from] brn\n|upkeep\n|turn|10\n|\n|move|p1a: Kyurem|Ice Beam|p2a: Giratina\n|-supereffective|p2a: Giratina\n|-damage|p2a: Giratina|238\/504\n|move|p2a: Giratina|Rest|p2a: Giratina\n|-status|p2a: Giratina|slp|[from] move: Rest\n|-heal|p2a: Giratina|504\/504 slp|[silent]\n|\n|-damage|p1a: Kyurem|246\/392 brn|[from] brn\n|upkeep\n|turn|11\n|\n|move|p1a: Kyurem|Ice Beam|p2a: Giratina\n|-supereffective|p2a: Giratina\n|-damage|p2a: Giratina|210\/504 slp\n|cant|p2a: Giratina|slp\n|move|p2a: Giratina|Sleep Talk|p2a: Giratina\n|move|p2a: Giratina|Will-O-Wisp|p1a: Kyurem|[from]Sleep Talk\n|-fail|p1a: Kyurem|brn\n|\n|-heal|p2a: Giratina|241\/504 slp|[from] item: Leftovers\n|-damage|p1a: Kyurem|222\/392 brn|[from] brn\n|upkeep\n|turn|12\n|\n|move|p1a: Kyurem|Ice Beam|p2a: Giratina\n|-supereffective|p2a: Giratina\n|-damage|p2a: Giratina|0 fnt\n|faint|p2a: Giratina\n|\n|-damage|p1a: Kyurem|198\/392 brn|[from] brn\n|upkeep\n|\n|switch|p2a: Xerneas|Xerneas, shiny|395\/395\n|-ability|p2a: Xerneas|Fairy Aura\n|turn|13\n|\n|move|p1a: Kyurem|Ice Beam|p2a: Xerneas\n|-damage|p2a: Xerneas|176\/395\n|move|p2a: Xerneas|Geomancy||[still]\n|-prepare|p2a: Xerneas|Geomancy|p2a: Xerneas\n|-enditem|p2a: Xerneas|Power Herb\n|-anim|p2a: Xerneas|Geomancy|p2a: Xerneas\n|-boost|p2a: Xerneas|spa|2\n|-boost|p2a: Xerneas|spd|2\n|-boost|p2a: Xerneas|spe|2\n|\n|-damage|p1a: Kyurem|174\/392 brn|[from] brn\n|upkeep\n|turn|14\n|\n|move|p2a: Xerneas|Moonblast|p1a: Kyurem\n|-supereffective|p1a: Kyurem\n|-damage|p1a: Kyurem|0 fnt\n|faint|p1a: Kyurem\n|\n|upkeep\n|\n|switch|p1a: Mew|Mew|404\/404\n|turn|15\n|\n|move|p2a: Xerneas|Moonblast|p1a: Mew\n|-damage|p1a: Mew|0 fnt\n|faint|p1a: Mew\n|\n|upkeep\n|\n|switch|p1a: Deoxys|Deoxys-Attack|241\/241\n|-ability|p1a: Deoxys|Pressure\n|turn|16\n|\n|move|p1a: Deoxys|Extreme Speed|p2a: Xerneas\n|-damage|p2a: Xerneas|40\/395\n|-damage|p1a: Deoxys|217\/241|[from] item: Life Orb\n|move|p2a: Xerneas|Moonblast|p1a: Deoxys\n|-crit|p1a: Deoxys\n|-damage|p1a: Deoxys|0 fnt\n|faint|p1a: Deoxys\n|\n|upkeep\n|-message|Flashybee forfeited.\n|\n|win|steven735109\n|l|\u2606Flashybee\n","uploadtime":1558233563,"views":0,"p1id":"flashybee","p2id":"steven735109","formatid":"gen7ubers","rating":0,"private":0,"password":null}