{"id":"gen7ou-1547379130","p1":"SetsuStsna","p2":"Hastein","format":"gen7ou","log":"|j|\u2606SetsuStsna\n|j|\u2606Hastein\n|t:|1649258235\n|gametype|singles\n|player|p1|SetsuStsna|dawn-gen4pt|1649\n|player|p2|Hastein|unknown|1634\n|teamsize|p1|6\n|teamsize|p2|6\n|gen|7\n|tier|[Gen 7] OU\n|rated|\n|rule|Sleep Clause Mod: Limit one foe put to sleep\n|rule|Species Clause: Limit one of each Pok\u00e9mon\n|rule|OHKO Clause: OHKO moves are banned\n|rule|Moody Clause: Moody is banned\n|rule|Evasion Moves Clause: Evasion moves are banned\n|rule|Endless Battle Clause: Forcing endless battles is banned\n|rule|HP Percentage Mod: HP is shown in percentages\n|clearpoke\n|poke|p1|Medicham, F|item\n|poke|p1|Greninja, M|item\n|poke|p1|Kartana|item\n|poke|p1|Magearna|item\n|poke|p1|Landorus-Therian, M|item\n|poke|p1|Rotom-Wash|item\n|poke|p2|Diancie|item\n|poke|p2|Hawlucha, M|item\n|poke|p2|Tapu Lele|item\n|poke|p2|Clefable, F|item\n|poke|p2|Tapu Koko|item\n|poke|p2|Celesteela|item\n|teampreview\n|c|\u2606SetsuStsna|hf\n|inactive|Battle timer is ON: inactive players will automatically lose when time's up. (requested by SetsuStsna)\n|\n|t:|1649258261\n|start\n|switch|p1a: Medicham|Medicham, F|100\/100\n|switch|p2a: Diancie|Diancie|100\/100\n|turn|1\n|\n|t:|1649258276\n|detailschange|p1a: Medicham|Medicham-Mega, F\n|-mega|p1a: Medicham|Medicham|Medichamite\n|detailschange|p2a: Diancie|Diancie-Mega\n|-mega|p2a: Diancie|Diancie|Diancite\n|move|p1a: Medicham|Fake Out|p2a: Diancie\n|-resisted|p2a: Diancie\n|-damage|p2a: Diancie|89\/100\n|cant|p2a: Diancie|flinch\n|\n|upkeep\n|turn|2\n|\n|t:|1649258284\n|move|p2a: Diancie|Substitute|p2a: Diancie\n|-start|p2a: Diancie|Substitute\n|-damage|p2a: Diancie|65\/100\n|move|p1a: Medicham|High Jump Kick|p2a: Diancie\n|-end|p2a: Diancie|Substitute\n|\n|upkeep\n|turn|3\n|\n|t:|1649258292\n|switch|p1a: Magearna|Magearna|100\/100\n|move|p2a: Diancie|Substitute|p2a: Diancie\n|-start|p2a: Diancie|Substitute\n|-damage|p2a: Diancie|40\/100\n|\n|upkeep\n|turn|4\n|\n|t:|1649258298\n|move|p2a: Diancie|Stealth Rock|p1a: Magearna\n|-sidestart|p1: SetsuStsna|move: Stealth Rock\n|move|p1a: Magearna|Iron Head|p2a: Diancie\n|-supereffective|p2a: Diancie\n|-crit|p2a: Diancie\n|-end|p2a: Diancie|Substitute\n|\n|upkeep\n|turn|5\n|\n|t:|1649258301\n|move|p2a: Diancie|Substitute|p2a: Diancie\n|-start|p2a: Diancie|Substitute\n|-damage|p2a: Diancie|15\/100\n|move|p1a: Magearna|Volt Switch|p2a: Diancie\n|-activate|p2a: Diancie|move: Substitute|[damage]\n|j| dubtwoloo\n|\n|t:|1649258312\n|switch|p1a: Kartana|Kartana, shiny|100\/100|[from]move: Volt Switch\n|-damage|p1a: Kartana|94\/100|[from] Stealth Rock\n|\n|upkeep\n|turn|6\n|inactive|Hastein has 120 seconds left.\n|\n|t:|1649258343\n|move|p1a: Kartana|Leaf Blade|p2a: Diancie\n|-supereffective|p2a: Diancie\n|-crit|p2a: Diancie\n|-end|p2a: Diancie|Substitute\n|move|p2a: Diancie|Endeavor|p1a: Kartana\n|-damage|p1a: Kartana|17\/100\n|\n|upkeep\n|turn|7\n|\n|t:|1649258350\n|switch|p2a: Celesteela|Celesteela|100\/100\n|move|p1a: Kartana|Leaf Blade|p2a: Celesteela\n|-resisted|p2a: Celesteela\n|-damage|p2a: Celesteela|85\/100\n|\n|upkeep\n|turn|8\n|\n|t:|1649258356\n|switch|p1a: Rotom|Rotom-Wash|100\/100\n|-damage|p1a: Rotom|88\/100|[from] Stealth Rock\n|switch|p2a: Diancie|Diancie-Mega|15\/100\n|\n|upkeep\n|turn|9\n|\n|t:|1649258363\n|move|p2a: Diancie|Moonblast|p1a: Rotom\n|-damage|p1a: Rotom|32\/100\n|move|p1a: Rotom|Defog|p2a: Diancie\n|move|p2a: Diancie|Defog|p1a: Rotom|[from]ability: Magic Bounce\n|-unboost|p1a: Rotom|evasion|1\n|-sideend|p1: SetsuStsna|Stealth Rock|[from] move: Defog|[of] p2a: Diancie\n|\n|upkeep\n|turn|10\n|\n|t:|1649258371\n|move|p2a: Diancie|Stealth Rock|p1a: Rotom\n|-sidestart|p1: SetsuStsna|move: Stealth Rock\n|move|p1a: Rotom|Defog|p2a: Diancie\n|move|p2a: Diancie|Defog|p1a: Rotom|[from]ability: Magic Bounce\n|-unboost|p1a: Rotom|evasion|1\n|-sideend|p1: SetsuStsna|Stealth Rock|[from] move: Defog|[of] p2a: Diancie\n|\n|upkeep\n|turn|11\n|\n|t:|1649258376\n|move|p2a: Diancie|Stealth Rock|p1a: Rotom\n|-sidestart|p1: SetsuStsna|move: Stealth Rock\n|move|p1a: Rotom|Hydro Pump|p2a: Diancie\n|-supereffective|p2a: Diancie\n|-damage|p2a: Diancie|0 fnt\n|faint|p2a: Diancie\n|\n|upkeep\n|\n|t:|1649258382\n|switch|p2a: Tapu Koko|Tapu Koko|100\/100\n|-fieldstart|move: Electric Terrain|[from] ability: Electric Surge|[of] p2a: Tapu Koko\n|turn|12\n|\n|t:|1649258388\n|move|p2a: Tapu Koko|U-turn|p1a: Rotom\n|-damage|p1a: Rotom|20\/100\n|-enditem|p1a: Rotom|Wiki Berry|[eat]\n|-heal|p1a: Rotom|70\/100|[from] item: Wiki Berry\n|\n|t:|1649258391\n|switch|p2a: Tapu Lele|Tapu Lele|100\/100|[from]move: U-turn\n|-fieldstart|move: Psychic Terrain|[from] ability: Psychic Surge|[of] p2a: Tapu Lele\n|move|p1a: Rotom|Defog|p2a: Tapu Lele\n|-unboost|p2a: Tapu Lele|evasion|1\n|-sideend|p1: SetsuStsna|Stealth Rock|[from] move: Defog|[of] p1a: Rotom\n|\n|upkeep\n|turn|13\n|\n|t:|1649258396\n|switch|p1a: Magearna|Magearna|100\/100\n|move|p2a: Tapu Lele|Moonblast|p1a: Magearna\n|-resisted|p1a: Magearna\n|-damage|p1a: Magearna|84\/100\n|-unboost|p1a: Magearna|spa|1\n|\n|upkeep\n|turn|14\n|\n|t:|1649258400\n|move|p2a: Tapu Lele|Moonblast|p1a: Magearna\n|-resisted|p1a: Magearna\n|-damage|p1a: Magearna|69\/100\n|-unboost|p1a: Magearna|spa|1\n|move|p1a: Magearna|Volt Switch|p2a: Tapu Lele\n|-damage|p2a: Tapu Lele|90\/100\n|\n|t:|1649258409\n|switch|p1a: Medicham|Medicham-Mega, F|100\/100|[from]move: Volt Switch\n|\n|upkeep\n|turn|15\n|\n|t:|1649258422\n|switch|p1a: Magearna|Magearna|69\/100\n|move|p2a: Tapu Lele|Moonblast|p1a: Magearna\n|-resisted|p1a: Magearna\n|-damage|p1a: Magearna|54\/100\n|\n|upkeep\n|turn|16\n|\n|t:|1649258426\n|move|p2a: Tapu Lele|Moonblast|p1a: Magearna\n|-resisted|p1a: Magearna\n|-damage|p1a: Magearna|40\/100\n|move|p1a: Magearna|Volt Switch|p2a: Tapu Lele\n|-damage|p2a: Tapu Lele|67\/100\n|\n|t:|1649258430\n|switch|p1a: Medicham|Medicham-Mega, F|100\/100|[from]move: Volt Switch\n|\n|-fieldend|move: Psychic Terrain\n|upkeep\n|turn|17\n|\n|t:|1649258442\n|move|p1a: Medicham|Fake Out|p2a: Tapu Lele\n|-damage|p2a: Tapu Lele|30\/100\n|cant|p2a: Tapu Lele|flinch\n|\n|upkeep\n|turn|18\n|\n|t:|1649258446\n|move|p1a: Medicham|Ice Punch|p2a: Tapu Lele\n|-damage|p2a: Tapu Lele|0 fnt\n|faint|p2a: Tapu Lele\n|\n|upkeep\n|\n|t:|1649258451\n|switch|p2a: Tapu Koko|Tapu Koko|100\/100\n|-fieldstart|move: Electric Terrain|[from] ability: Electric Surge|[of] p2a: Tapu Koko\n|turn|19\n|\n|t:|1649258458\n|switch|p1a: Magearna|Magearna|40\/100\n|move|p2a: Tapu Koko|U-turn|p1a: Magearna\n|-resisted|p1a: Magearna\n|-damage|p1a: Magearna|37\/100\n|inactive|Hastein has 120 seconds left.\n|\n|t:|1649258496\n|switch|p2a: Celesteela|Celesteela|85\/100|[from]move: U-turn\n|\n|upkeep\n|turn|20\n|inactive|Hastein has 120 seconds left.\n|\n|t:|1649258523\n|switch|p1a: Rotom|Rotom-Wash|70\/100\n|move|p2a: Celesteela|Heavy Slam|p1a: Rotom\n|-resisted|p1a: Rotom\n|-damage|p1a: Rotom|59\/100\n|\n|upkeep\n|turn|21\n|\n|t:|1649258531\n|switch|p2a: Clefable|Clefable, F|100\/100\n|move|p1a: Rotom|Volt Switch|p2a: Clefable\n|-damage|p2a: Clefable|85\/100\n|\n|t:|1649258536\n|switch|p1a: Medicham|Medicham-Mega, F|100\/100|[from]move: Volt Switch\n|\n|-heal|p2a: Clefable|91\/100|[from] item: Leftovers\n|upkeep\n|turn|22\n|\n|t:|1649258547\n|move|p1a: Medicham|Zen Headbutt|p2a: Clefable\n|-damage|p2a: Clefable|18\/100\n|move|p2a: Clefable|Charge Beam|p1a: Medicham\n|-damage|p1a: Medicham|75\/100\n|-boost|p2a: Clefable|spa|1\n|\n|-heal|p2a: Clefable|24\/100|[from] item: Leftovers\n|upkeep\n|turn|23\n|\n|t:|1649258553\n|move|p1a: Medicham|Ice Punch|p2a: Clefable\n|-damage|p2a: Clefable|0 fnt\n|faint|p2a: Clefable\n|\n|-fieldend|move: Electric Terrain\n|upkeep\n|\n|t:|1649258557\n|switch|p2a: Tapu Koko|Tapu Koko|100\/100\n|-fieldstart|move: Electric Terrain|[from] ability: Electric Surge|[of] p2a: Tapu Koko\n|turn|24\n|\n|t:|1649258561\n|switch|p1a: Magearna|Magearna|37\/100\n|move|p2a: Tapu Koko|Volt Switch|p1a: Magearna\n|-damage|p1a: Magearna|10\/100\n|\n|t:|1649258572\n|switch|p2a: Celesteela|Celesteela|85\/100|[from]move: Volt Switch\n|\n|upkeep\n|turn|25\n|\n|t:|1649258578\n|move|p2a: Celesteela|Heavy Slam|p1a: Magearna\n|-damage|p1a: Magearna|0 fnt\n|faint|p1a: Magearna\n|-ability|p2a: Celesteela|Beast Boost|boost\n|-boost|p2a: Celesteela|atk|1\n|\n|upkeep\n|\n|t:|1649258582\n|switch|p1a: Rotom|Rotom-Wash|59\/100\n|turn|26\n|\n|t:|1649258588\n|switch|p2a: Tapu Koko|Tapu Koko|100\/100\n|move|p1a: Rotom|Volt Switch|p2a: Tapu Koko\n|-resisted|p2a: Tapu Koko\n|-damage|p2a: Tapu Koko|81\/100\n|\n|t:|1649258595\n|switch|p1a: Landorus|Landorus-Therian, M|100\/100|[from]move: Volt Switch\n|-ability|p1a: Landorus|Intimidate|boost\n|-unboost|p2a: Tapu Koko|atk|1\n|\n|upkeep\n|turn|27\n|\n|t:|1649258607\n|move|p2a: Tapu Koko|Dazzling Gleam|p1a: Landorus\n|-damage|p1a: Landorus|51\/100\n|move|p1a: Landorus|Stealth Rock|p2a: Tapu Koko\n|-sidestart|p2: Hastein|move: Stealth Rock\n|\n|upkeep\n|turn|28\n|\n|t:|1649258613\n|switch|p2a: Celesteela|Celesteela|85\/100\n|-damage|p2a: Celesteela|73\/100|[from] Stealth Rock\n|move|p1a: Landorus|U-turn|p2a: Celesteela\n|-resisted|p2a: Celesteela\n|-damage|p2a: Celesteela|67\/100\n|\n|t:|1649258624\n|switch|p1a: Kartana|Kartana, shiny|17\/100|[from]move: U-turn\n|\n|-fieldend|move: Electric Terrain\n|upkeep\n|turn|29\n|\n|t:|1649258638\n|move|p1a: Kartana|Knock Off|p2a: Celesteela\n|-damage|p2a: Celesteela|40\/100\n|move|p2a: Celesteela|Autotomize|p2a: Celesteela\n|-boost|p2a: Celesteela|spe|2\n|-start|p2a: Celesteela|Autotomize\n|\n|upkeep\n|turn|30\n|\n|t:|1649258652\n|move|p1a: Kartana|Knock Off|p2a: Celesteela\n|-damage|p2a: Celesteela|9\/100\n|move|p2a: Celesteela|Heavy Slam|p1a: Kartana\n|-resisted|p1a: Kartana\n|-damage|p1a: Kartana|0 fnt\n|faint|p1a: Kartana\n|-ability|p2a: Celesteela|Beast Boost|boost\n|-boost|p2a: Celesteela|atk|1\n|\n|upkeep\n|\n|t:|1649258658\n|switch|p1a: Greninja|Greninja, M|100\/100\n|turn|31\n|\n|t:|1649258672\n|switch|p2a: Tapu Koko|Tapu Koko|81\/100\n|-damage|p2a: Tapu Koko|68\/100|[from] Stealth Rock\n|-fieldstart|move: Electric Terrain|[from] ability: Electric Surge|[of] p2a: Tapu Koko\n|move|p1a: Greninja|Water Shuriken|p2a: Tapu Koko\n|-damage|p2a: Tapu Koko|54\/100\n|-damage|p2a: Tapu Koko|39\/100\n|-hitcount|p2a: Tapu Koko|2\n|\n|upkeep\n|turn|32\n|\n|t:|1649258680\n|switch|p2a: Celesteela|Celesteela|9\/100\n|-damage|p2a: Celesteela|0 fnt|[from] Stealth Rock\n|faint|p2a: Celesteela\n|switch|p1a: Rotom|Rotom-Wash|59\/100\n|\n|upkeep\n|\n|t:|1649258702\n|switch|p2a: Tapu Koko|Tapu Koko|39\/100\n|-damage|p2a: Tapu Koko|26\/100|[from] Stealth Rock\n|turn|33\n|\n|t:|1649258710\n|move|p2a: Tapu Koko|Dazzling Gleam|p1a: Rotom\n|-damage|p1a: Rotom|9\/100\n|move|p1a: Rotom|Volt Switch|p2a: Tapu Koko\n|-resisted|p2a: Tapu Koko\n|-damage|p2a: Tapu Koko|5\/100\n|\n|t:|1649258714\n|switch|p1a: Greninja|Greninja, M|100\/100|[from]move: Volt Switch\n|\n|upkeep\n|turn|34\n|\n|t:|1649258716\n|move|p1a: Greninja|Water Shuriken|p2a: Tapu Koko\n|-damage|p2a: Tapu Koko|0 fnt\n|faint|p2a: Tapu Koko\n|-activate|p1a: Greninja|ability: Battle Bond\n|detailschange|p1a: Greninja|Greninja-Ash, M\n|-hitcount|p2: Tapu Koko|1\n|\n|upkeep\n|\n|t:|1649258718\n|switch|p2a: Hawlucha|Hawlucha, M|100\/100\n|-damage|p2a: Hawlucha|88\/100|[from] Stealth Rock\n|-enditem|p2a: Hawlucha|Electric Seed\n|-boost|p2a: Hawlucha|def|1|[from] item: Electric Seed\n|turn|35\n|\n|t:|1649258725\n|move|p1a: Greninja|Water Shuriken|p2a: Hawlucha\n|-damage|p2a: Hawlucha|56\/100\n|-damage|p2a: Hawlucha|25\/100\n|-damage|p2a: Hawlucha|0 fnt\n|faint|p2a: Hawlucha\n|-hitcount|p2: Hawlucha|3\n|\n|win|SetsuStsna\n|raw|SetsuStsna's rating: 1649 &rarr; <strong>1668<\/strong><br \/>(+19 for winning)\n|raw|Hastein's rating: 1634 &rarr; <strong>1615<\/strong><br \/>(-19 for losing)\n|c|\u2606SetsuStsna|gg\n","uploadtime":1649258730,"views":174,"p1id":"setsustsna","p2id":"hastein","formatid":"gen7ou","rating":1615,"private":0,"password":null}