{"id":"gen7ou-1671081997","p1":"ayevon","p2":"All Father Rez","format":"gen7ou","log":"|j|\u2606ayevon\n|j|\u2606All Father Rez\n|t:|1663894328\n|gametype|singles\n|player|p1|ayevon|1|\n|player|p2|All Father Rez|hiker-gen4|\n|teamsize|p1|6\n|teamsize|p2|6\n|gen|7\n|tier|[Gen 7] OU\n|rated|Tournament battle\n|rule|Sleep Clause Mod: Limit one foe put to sleep\n|rule|Species Clause: Limit one of each Pok\u00e9mon\n|rule|OHKO Clause: OHKO moves are banned\n|rule|Moody Clause: Moody is banned\n|rule|Evasion Items Clause: Evasion items are banned\n|rule|Evasion Moves Clause: Evasion moves are banned\n|rule|Endless Battle Clause: Forcing endless battles is banned\n|rule|HP Percentage Mod: HP is shown in percentages\n|clearpoke\n|poke|p1|Medicham, M|item\n|poke|p1|Jirachi|item\n|poke|p1|Rotom-Wash|item\n|poke|p1|Landorus-Therian, M|item\n|poke|p1|Kommo-o, F|item\n|poke|p1|Tapu Koko|item\n|poke|p2|Pelipper, M|item\n|poke|p2|Swampert, M|item\n|poke|p2|Ferrothorn, M|item\n|poke|p2|Greninja, M|item\n|poke|p2|Magearna|item\n|poke|p2|Tornadus-Therian, M|item\n|teampreview\n|inactive|Battle timer is ON: inactive players will automatically lose when time's up. (requested by ayevon)\n|j| corvere\n|\n|t:|1663894346\n|start\n|switch|p1a: Rotom|Rotom-Wash|100\/100\n|switch|p2a: Swampert|Swampert, M|100\/100\n|turn|1\n|\n|t:|1663894362\n|move|p2a: Swampert|Stealth Rock|p1a: Rotom\n|-sidestart|p1: ayevon|move: Stealth Rock\n|move|p1a: Rotom|Volt Switch|p2a: Swampert\n|-immune|p2a: Swampert\n|\n|upkeep\n|turn|2\n|\n|t:|1663894377\n|move|p2a: Swampert|Waterfall|p1a: Rotom\n|-resisted|p1a: Rotom\n|-crit|p1a: Rotom\n|-damage|p1a: Rotom|69\/100\n|cant|p1a: Rotom|flinch\n|\n|upkeep\n|turn|3\n|\n|t:|1663894393\n|move|p2a: Swampert|Waterfall|p1a: Rotom\n|-resisted|p1a: Rotom\n|-damage|p1a: Rotom|51\/100\n|move|p1a: Rotom|Defog|p2a: Swampert\n|-unboost|p2a: Swampert|evasion|1\n|-sideend|p1: ayevon|Stealth Rock|[from] move: Defog|[of] p1a: Rotom\n|\n|upkeep\n|turn|4\n|\n|t:|1663894402\n|move|p2a: Swampert|Stealth Rock|p1a: Rotom\n|-sidestart|p1: ayevon|move: Stealth Rock\n|move|p1a: Rotom|Toxic|p2a: Swampert\n|-status|p2a: Swampert|tox\n|\n|-damage|p2a: Swampert|94\/100 tox|[from] psn\n|upkeep\n|turn|5\n|inactive|All Father Rez has 120 seconds left.\n|\n|t:|1663894455\n|detailschange|p2a: Swampert|Swampert-Mega, M\n|-mega|p2a: Swampert|Swampert|Swampertite\n|move|p2a: Swampert|Waterfall|p1a: Rotom\n|-resisted|p1a: Rotom\n|-damage|p1a: Rotom|29\/100\n|cant|p1a: Rotom|flinch\n|\n|-damage|p2a: Swampert|82\/100 tox|[from] psn\n|upkeep\n|turn|6\n|j| joey milktank\n|c| joey milktank|Go Ayevon\n|\n|t:|1663894475\n|move|p2a: Swampert|Waterfall|p1a: Rotom\n|-resisted|p1a: Rotom\n|-crit|p1a: Rotom\n|-damage|p1a: Rotom|0 fnt\n|faint|p1a: Rotom\n|\n|-damage|p2a: Swampert|64\/100 tox|[from] psn\n|upkeep\n|c|\u2606ayevon|bruh\n|\n|t:|1663894485\n|switch|p1a: Medicham|Medicham, M|100\/100\n|-damage|p1a: Medicham|94\/100|[from] Stealth Rock\n|turn|7\n|inactive|All Father Rez has 120 seconds left.\n|inactive|All Father Rez has 90 seconds left.\n|\n|t:|1663894530\n|switch|p2a: Tornadus|Tornadus-Therian, M|100\/100\n|detailschange|p1a: Medicham|Medicham-Mega, M\n|-mega|p1a: Medicham|Medicham|Medichamite\n|move|p1a: Medicham|High Jump Kick|p2a: Tornadus|[miss]\n|-miss|p1a: Medicham|p2a: Tornadus\n|-damage|p1a: Medicham|45\/100|[from] highjumpkick\n|\n|upkeep\n|turn|8\n|\n|t:|1663894541\n|switch|p1a: Jirachi|Jirachi|100\/100\n|-damage|p1a: Jirachi|94\/100|[from] Stealth Rock\n|move|p2a: Tornadus|Knock Off|p1a: Jirachi\n|-supereffective|p1a: Jirachi\n|-damage|p1a: Jirachi|43\/100\n|-enditem|p1a: Jirachi|Leftovers|[from] move: Knock Off|[of] p2a: Tornadus\n|-damage|p2a: Tornadus|91\/100|[from] item: Life Orb\n|\n|upkeep\n|turn|9\n|\n|t:|1663894546\n|move|p2a: Tornadus|Knock Off|p1a: Jirachi\n|-supereffective|p1a: Jirachi\n|-damage|p1a: Jirachi|8\/100\n|-damage|p2a: Tornadus|81\/100|[from] item: Life Orb\n|move|p1a: Jirachi|Wish|p1a: Jirachi\n|\n|upkeep\n|turn|10\n|\n|t:|1663894549\n|switch|p2a: Swampert|Swampert-Mega, M|64\/100 tox\n|move|p1a: Jirachi|Protect||[still]\n|-fail|p1a: Jirachi\n|\n|-heal|p1a: Jirachi|58\/100|[from] move: Wish|[wisher] Jirachi\n|-damage|p2a: Swampert|58\/100 tox|[from] psn\n|upkeep\n|turn|11\n|\n|t:|1663894552\n|move|p1a: Jirachi|Protect|p1a: Jirachi\n|-singleturn|p1a: Jirachi|Protect\n|move|p2a: Swampert|Earthquake|p1a: Jirachi\n|-activate|p1a: Jirachi|move: Protect\n|\n|-damage|p2a: Swampert|45\/100 tox|[from] psn\n|upkeep\n|turn|12\n|\n|t:|1663894557\n|switch|p2a: Ferrothorn|Ferrothorn, M|100\/100\n|switch|p1a: Kommo-o|Kommo-o, F|100\/100\n|-damage|p1a: Kommo-o|94\/100|[from] Stealth Rock\n|\n|-heal|p1a: Kommo-o|100\/100|[from] item: Leftovers\n|upkeep\n|turn|13\n|\n|t:|1663894563\n|switch|p1a: Jirachi|Jirachi|58\/100\n|-damage|p1a: Jirachi|52\/100|[from] Stealth Rock\n|move|p2a: Ferrothorn|Leech Seed|p1a: Jirachi\n|-start|p1a: Jirachi|move: Leech Seed\n|\n|-damage|p1a: Jirachi|40\/100|[from] Leech Seed|[of] p2a: Ferrothorn\n|upkeep\n|turn|14\n|\n|t:|1663894576\n|switch|p1a: Landorus|Landorus-Therian, M|100\/100\n|-damage|p1a: Landorus|88\/100|[from] Stealth Rock\n|-ability|p1a: Landorus|Intimidate|boost\n|-unboost|p2a: Ferrothorn|atk|1\n|move|p2a: Ferrothorn|Spikes|p1a: Landorus\n|-sidestart|p1: ayevon|Spikes\n|\n|upkeep\n|turn|15\n|\n|t:|1663894583\n|move|p1a: Landorus|Swords Dance|p1a: Landorus\n|-boost|p1a: Landorus|atk|2\n|move|p2a: Ferrothorn|Knock Off|p1a: Landorus\n|-damage|p1a: Landorus|79\/100\n|\n|upkeep\n|turn|16\n|\n|t:|1663894587\n|move|p1a: Landorus|Stealth Rock|p2a: Ferrothorn\n|-sidestart|p2: All Father Rez|move: Stealth Rock\n|move|p2a: Ferrothorn|Power Whip|p1a: Landorus\n|-damage|p1a: Landorus|55\/100\n|\n|upkeep\n|turn|17\n|\n|t:|1663894593\n|-zpower|p1a: Landorus\n|move|p1a: Landorus|Supersonic Skystrike|p2a: Ferrothorn|[zeffect]\n|-damage|p2a: Ferrothorn|0 fnt\n|faint|p2a: Ferrothorn\n|\n|upkeep\n|\n|t:|1663894600\n|switch|p2a: Greninja|Greninja, M|100\/100\n|-damage|p2a: Greninja|88\/100|[from] Stealth Rock\n|turn|18\n|\n|t:|1663894603\n|switch|p1a: Kommo-o|Kommo-o, F|100\/100\n|-damage|p1a: Kommo-o|94\/100|[from] Stealth Rock\n|-damage|p1a: Kommo-o|82\/100|[from] Spikes\n|move|p2a: Greninja|Dark Pulse|p1a: Kommo-o\n|-resisted|p1a: Kommo-o\n|-damage|p1a: Kommo-o|62\/100\n|\n|-heal|p1a: Kommo-o|68\/100|[from] item: Leftovers\n|upkeep\n|turn|19\n|\n|t:|1663894606\n|switch|p2a: Magearna|Magearna|100\/100\n|-damage|p2a: Magearna|95\/100|[from] Stealth Rock\n|move|p1a: Kommo-o|Toxic|p2a: Magearna\n|-immune|p2a: Magearna\n|\n|-heal|p1a: Kommo-o|75\/100|[from] item: Leftovers\n|upkeep\n|turn|20\n|\n|t:|1663894613\n|move|p1a: Kommo-o|Protect|p1a: Kommo-o\n|-singleturn|p1a: Kommo-o|Protect\n|move|p2a: Magearna|Flash Cannon|p1a: Kommo-o\n|-activate|p1a: Kommo-o|move: Protect\n|\n|-heal|p1a: Kommo-o|81\/100|[from] item: Leftovers\n|upkeep\n|turn|21\n|\n|t:|1663894618\n|switch|p1a: Jirachi|Jirachi|40\/100\n|-damage|p1a: Jirachi|33\/100|[from] Stealth Rock\n|-damage|p1a: Jirachi|21\/100|[from] Spikes\n|move|p2a: Magearna|Shift Gear|p2a: Magearna\n|-boost|p2a: Magearna|spe|2\n|-boost|p2a: Magearna|atk|1\n|\n|upkeep\n|turn|22\n|\n|t:|1663894622\n|move|p1a: Jirachi|Protect|p1a: Jirachi\n|-singleturn|p1a: Jirachi|Protect\n|move|p2a: Magearna|Thunderbolt|p1a: Jirachi\n|-activate|p1a: Jirachi|move: Protect\n|\n|upkeep\n|turn|23\n|\n|t:|1663894648\n|move|p2a: Magearna|Flash Cannon|p1a: Jirachi\n|-resisted|p1a: Jirachi\n|-damage|p1a: Jirachi|8\/100\n|move|p1a: Jirachi|Wish|p1a: Jirachi\n|\n|upkeep\n|turn|24\n|\n|t:|1663894653\n|move|p1a: Jirachi|Protect|p1a: Jirachi\n|-singleturn|p1a: Jirachi|Protect\n|move|p2a: Magearna|Calm Mind|p2a: Magearna\n|-boost|p2a: Magearna|spa|1\n|-boost|p2a: Magearna|spd|1\n|\n|-heal|p1a: Jirachi|58\/100|[from] move: Wish|[wisher] Jirachi\n|upkeep\n|turn|25\n|\n|t:|1663894656\n|move|p2a: Magearna|Thunderbolt|p1a: Jirachi\n|-damage|p1a: Jirachi|25\/100\n|move|p1a: Jirachi|Wish|p1a: Jirachi\n|\n|upkeep\n|turn|26\n|l| corvere\n|\n|t:|1663894660\n|move|p2a: Magearna|Thunderbolt|p1a: Jirachi\n|-damage|p1a: Jirachi|0 fnt\n|faint|p1a: Jirachi\n|-ability|p2a: Magearna|Soul-Heart|boost\n|-boost|p2a: Magearna|spa|1\n|\n|upkeep\n|c|\u2606ayevon|shitty one gg\n|-message|ayevon forfeited.\n|\n|win|All Father Rez\n|n|\u2606ayevon|ayevon\n|n|\u2606All Father Rez|allfatherrez\n|n| joey milktank|joeymilktank\n|l|\u2606ayevon\n","uploadtime":1663894676,"views":8,"p1id":"ayevon","p2id":"allfatherrez","formatid":"gen7ou","rating":0,"private":0,"password":null}