{"id":"gen7ou-845396447","p1":"TilOurRibsGetTough","p2":"Kaylss","format":"gen7ou","log":"|raw|<div class=\"broadcast-red\"><strong>This battle is invite-only!<\/strong><br \/>Users must be rank + or invited with <code>\/invite<\/code> to join<\/div>\n|j|\u2606TilOurRibsGetTough\n|j|\u2606Kaylss\n|player|p1|TilOurRibsGetTough|169\n|player|p2|Kaylss|138\n|teamsize|p1|6\n|teamsize|p2|6\n|gametype|singles\n|gen|7\n|tier|[Gen 7] OU\n|rated|\n|rule|Sleep Clause Mod: Limit one foe put to sleep\n|rule|Species Clause: Limit one of each Pok\u00e9mon\n|rule|OHKO Clause: OHKO moves are banned\n|rule|Moody Clause: Moody is banned\n|rule|Evasion Moves Clause: Evasion moves are banned\n|rule|Endless Battle Clause: Forcing endless battles is banned\n|rule|HP Percentage Mod: HP is shown in percentages\n|clearpoke\n|poke|p1|Crawdaunt, F|item\n|poke|p1|Heatran, M|item\n|poke|p1|Ferrothorn, F|item\n|poke|p1|Tapu Koko|item\n|poke|p1|Landorus-Therian, M|item\n|poke|p1|Alakazam, M|item\n|poke|p2|Blacephalon|item\n|poke|p2|Landorus-Therian, M|item\n|poke|p2|Magearna|item\n|poke|p2|Kartana|item\n|poke|p2|Greninja, M|item\n|poke|p2|Medicham, M|item\n|teampreview\n|\n|start\n|switch|p1a: Finesse|Landorus-Therian, M, shiny|100\/100\n|switch|p2a: Medicham|Medicham, M|100\/100\n|-ability|p1a: Finesse|Intimidate|boost\n|-unboost|p2a: Medicham|atk|1\n|turn|1\n|\n|detailschange|p2a: Medicham|Medicham-Mega, M\n|-mega|p2a: Medicham|Medicham|Medichamite\n|move|p2a: Medicham|Fake Out|p1a: Finesse\n|-damage|p1a: Finesse|83\/100\n|cant|p1a: Finesse|flinch\n|\n|upkeep\n|turn|2\n|inactive|Battle timer is ON: inactive players will automatically lose when time's up. (requested by TilOurRibsGetTough)\n|\n|move|p1a: Finesse|U-turn|p2a: Medicham\n|-damage|p2a: Medicham|60\/100\n|\n|switch|p1a: Rely|Ferrothorn, F|100\/100\n|move|p2a: Medicham|High Jump Kick|p1a: Rely\n|-supereffective|p1a: Rely\n|-damage|p1a: Rely|0 fnt\n|-damage|p2a: Medicham|48\/100|[from] ability: Iron Barbs|[of] p1a: Rely\n|faint|p1a: Rely\n|\n|upkeep\n|inactive|TilOurRibsGetTough has 120 seconds left.\n|\n|switch|p1a: Finesse|Landorus-Therian, M, shiny|83\/100\n|-ability|p1a: Finesse|Intimidate|boost\n|-unboost|p2a: Medicham|atk|1\n|turn|3\n|\n|switch|p2a: Landorus|Landorus-Therian, M|100\/100\n|-ability|p2a: Landorus|Intimidate|boost\n|-unboost|p1a: Finesse|atk|1\n|move|p1a: Finesse|U-turn|p2a: Landorus\n|-resisted|p2a: Landorus\n|-damage|p2a: Landorus|94\/100\n|\n|switch|p1a: Everyday|Crawdaunt, F, shiny|100\/100\n|\n|-heal|p2a: Landorus|100\/100|[from] item: Leftovers\n|upkeep\n|turn|4\n|\n|move|p2a: Landorus|U-turn|p1a: Everyday\n|-supereffective|p1a: Everyday\n|-damage|p1a: Everyday|31\/100\n|inactive|Kaylss has 120 seconds left.\n|\n|switch|p2a: Blacephalon|Blacephalon|100\/100\n|move|p1a: Everyday|Crabhammer|p2a: Blacephalon\n|-supereffective|p2a: Blacephalon\n|-damage|p2a: Blacephalon|0 fnt\n|faint|p2a: Blacephalon\n|\n|upkeep\n|\n|switch|p2a: Greninja|Greninja, M|100\/100\n|turn|5\n|\n|switch|p1a: Flex|Tapu Koko|100\/100\n|-fieldstart|move: Electric Terrain|[from] ability: Electric Surge|[of] p1a: Flex\n|move|p2a: Greninja|Surf|p1a: Flex\n|-damage|p1a: Flex|15\/100\n|\n|upkeep\n|turn|6\n|\n|switch|p2a: Magearna|Magearna|100\/100\n|move|p1a: Flex|U-turn|p2a: Magearna\n|-resisted|p2a: Magearna\n|-damage|p2a: Magearna|97\/100\n|\n|switch|p1a: Nikki|Heatran, M, shiny|100\/100\n|\n|upkeep\n|turn|7\n|\n|move|p1a: Nikki|Lava Plume|p2a: Magearna\n|-supereffective|p2a: Magearna\n|-damage|p2a: Magearna|65\/100\n|move|p2a: Magearna|Volt Switch|p1a: Nikki\n|-damage|p1a: Nikki|70\/100\n|\n|switch|p2a: Greninja|Greninja, M|100\/100\n|\n|upkeep\n|turn|8\n|\n|switch|p1a: Flex|Tapu Koko|15\/100\n|move|p2a: Greninja|Surf|p1a: Flex\n|-damage|p1a: Flex|0 fnt\n|faint|p1a: Flex\n|-activate|p2a: Greninja|ability: Battle Bond\n|detailschange|p2a: Greninja|Greninja-Ash, M\n|\n|upkeep\n|\n|switch|p1a: Finesse|Landorus-Therian, M, shiny|83\/100\n|-ability|p1a: Finesse|Intimidate|boost\n|-unboost|p2a: Greninja|atk|1\n|turn|9\n|\n|switch|p2a: Landorus|Landorus-Therian, M|100\/100\n|-ability|p2a: Landorus|Intimidate|boost\n|-unboost|p1a: Finesse|atk|1\n|move|p1a: Finesse|U-turn|p2a: Landorus\n|-resisted|p2a: Landorus\n|-damage|p2a: Landorus|95\/100\n|\n|switch|p1a: Everyday|Crawdaunt, F, shiny|31\/100\n|\n|-heal|p2a: Landorus|100\/100|[from] item: Leftovers\n|-fieldend|move: Electric Terrain\n|upkeep\n|turn|10\n|\n|switch|p2a: Magearna|Magearna|65\/100\n|move|p1a: Everyday|Aqua Jet|p2a: Magearna\n|-damage|p2a: Magearna|30\/100\n|\n|upkeep\n|turn|11\n|\n|move|p1a: Everyday|Aqua Jet|p2a: Magearna\n|-damage|p2a: Magearna|0 fnt\n|faint|p2a: Magearna\n|\n|upkeep\n|\n|switch|p2a: Kartana|Kartana|100\/100\n|turn|12\n|\n|switch|p1a: Finesse|Landorus-Therian, M, shiny|83\/100\n|-ability|p1a: Finesse|Intimidate|boost\n|-unboost|p2a: Kartana|atk|1\n|move|p2a: Kartana|Sacred Sword|p1a: Finesse\n|-resisted|p1a: Finesse\n|-damage|p1a: Finesse|68\/100\n|\n|upkeep\n|turn|13\n|\n|move|p2a: Kartana|Sacred Sword|p1a: Finesse\n|-resisted|p1a: Finesse\n|-damage|p1a: Finesse|53\/100\n|move|p1a: Finesse|U-turn|p2a: Kartana\n|-damage|p2a: Kartana|73\/100\n|\n|switch|p1a: Apparently|Alakazam, M, shiny|100\/100\n|\n|upkeep\n|turn|14\n|\n|switch|p2a: Greninja|Greninja-Ash, M|100\/100\n|detailschange|p1a: Apparently|Alakazam-Mega, M, shiny\n|-mega|p1a: Apparently|Alakazam|Alakazite\n|move|p1a: Apparently|Psychic|p2a: Greninja\n|-immune|p2a: Greninja\n|\n|upkeep\n|turn|15\n|\n|switch|p2a: Landorus|Landorus-Therian, M|100\/100\n|-ability|p1a: Apparently|Intimidate|[from] ability: Trace|[of] p2a: Landorus\n|-ability|p1a: Apparently|Intimidate|boost\n|-unboost|p2a: Landorus|atk|1\n|-ability|p2a: Landorus|Intimidate|boost\n|-unboost|p1a: Apparently|atk|1\n|move|p1a: Apparently|Focus Blast|p2a: Landorus\n|-resisted|p2a: Landorus\n|-damage|p2a: Landorus|72\/100\n|\n|-heal|p2a: Landorus|79\/100|[from] item: Leftovers\n|upkeep\n|turn|16\n|\n|move|p1a: Apparently|Psychic|p2a: Landorus\n|-damage|p2a: Landorus|14\/100\n|move|p2a: Landorus|U-turn|p1a: Apparently\n|-supereffective|p1a: Apparently\n|-damage|p1a: Apparently|41\/100\n|\n|switch|p2a: Medicham|Medicham-Mega, M|48\/100\n|\n|upkeep\n|turn|17\n|\n|switch|p1a: Nikki|Heatran, M, shiny|70\/100\n|move|p2a: Medicham|Fake Out|p1a: Nikki\n|-resisted|p1a: Nikki\n|-damage|p1a: Nikki|59\/100\n|\n|upkeep\n|turn|18\n|\n|move|p2a: Medicham|High Jump Kick|p1a: Nikki\n|-supereffective|p1a: Nikki\n|-damage|p1a: Nikki|0 fnt\n|faint|p1a: Nikki\n|\n|upkeep\n|\n|switch|p1a: Apparently|Alakazam-Mega, M, shiny|41\/100\n|-ability|p1a: Apparently|Pure Power|[from] ability: Trace|[of] p2a: Medicham\n|turn|19\n|\n|move|p2a: Medicham|Bullet Punch|p1a: Apparently\n|-damage|p1a: Apparently|0 fnt\n|faint|p1a: Apparently\n|\n|upkeep\n|\n|switch|p1a: Everyday|Crawdaunt, F, shiny|31\/100\n|turn|20\n|\n|switch|p2a: Landorus|Landorus-Therian, M|14\/100\n|-ability|p2a: Landorus|Intimidate|boost\n|-unboost|p1a: Everyday|atk|1\n|move|p1a: Everyday|Knock Off|p2a: Landorus\n|-damage|p2a: Landorus|0 fnt\n|-enditem|p2a: Landorus|Leftovers|[from] move: Knock Off|[of] p1a: Everyday\n|faint|p2a: Landorus\n|\n|upkeep\n|\n|switch|p2a: Kartana|Kartana|73\/100\n|turn|21\n|\n|switch|p1a: Finesse|Landorus-Therian, M, shiny|53\/100\n|-ability|p1a: Finesse|Intimidate|boost\n|-unboost|p2a: Kartana|atk|1\n|move|p2a: Kartana|Leaf Blade|p1a: Finesse\n|-damage|p1a: Finesse|2\/100\n|\n|upkeep\n|turn|22\n|\n|move|p2a: Kartana|Leaf Blade|p1a: Finesse\n|-damage|p1a: Finesse|0 fnt\n|faint|p1a: Finesse\n|-ability|p2a: Kartana|Beast Boost|boost\n|-boost|p2a: Kartana|atk|1\n|\n|upkeep\n|\n|switch|p1a: Everyday|Crawdaunt, F, shiny|31\/100\n|turn|23\n|c|\u2606Kaylss|gg\n|\n|switch|p2a: Greninja|Greninja-Ash, M|100\/100\n|move|p1a: Everyday|Aqua Jet|p2a: Greninja\n|-resisted|p2a: Greninja\n|-damage|p2a: Greninja|66\/100\n|\n|upkeep\n|turn|24\n|-message|TilOurRibsGetTough forfeited.\n|\n|win|Kaylss\n|l|\u2606TilOurRibsGetTough\n|raw|TilOurRibsGetTough's rating: 1637 &rarr; <strong>1615<\/strong><br \/>(-22 for losing)\n|raw|Kaylss's rating: 1607 &rarr; <strong>1628<\/strong><br \/>(+21 for winning)\n|c|\u2606Kaylss|\/log Kaylss made this room public.\n","uploadtime":1546814227,"views":11,"p1id":"tilourribsgettough","p2id":"kaylss","formatid":"gen7ou","rating":1615,"private":0,"password":null}