{"id":"gen7ou-938296578","p1":"jokesmell5","p2":"NAFLD","format":"gen7ou","log":"|j|\u2606jokesmell5\n|j|\u2606NAFLD\n|player|p1|jokesmell5|174\n|player|p2|NAFLD|169\n|teamsize|p1|6\n|teamsize|p2|6\n|gametype|singles\n|gen|7\n|tier|[Gen 7] OU\n|rated|\n|rule|Sleep Clause Mod: Limit one foe put to sleep\n|rule|Species Clause: Limit one of each Pok\u00e9mon\n|rule|OHKO Clause: OHKO moves are banned\n|rule|Moody Clause: Moody is banned\n|rule|Evasion Moves Clause: Evasion moves are banned\n|rule|Endless Battle Clause: Forcing endless battles is banned\n|rule|HP Percentage Mod: HP is shown in percentages\n|clearpoke\n|poke|p1|Chansey, F|item\n|poke|p1|Skarmory, F|item\n|poke|p1|Jirachi|item\n|poke|p1|Garchomp, F|item\n|poke|p1|Serperior, F|item\n|poke|p1|Pinsir, M|item\n|poke|p2|Greninja, M|item\n|poke|p2|Pelipper, F|item\n|poke|p2|Swampert, F|item\n|poke|p2|Tornadus-Therian, M|item\n|poke|p2|Manaphy|item\n|poke|p2|Ferrothorn, M|item\n|teampreview\n|\n|start\n|switch|p1a: Garchomp|Garchomp, F|100\/100\n|switch|p2a: Pelipper|Pelipper, F|100\/100\n|-weather|RainDance|[from] ability: Drizzle|[of] p2a: Pelipper\n|turn|1\n|\n|switch|p2a: Ferrothorn|Ferrothorn, M|100\/100\n|move|p1a: Garchomp|Stealth Rock|p2a: Ferrothorn\n|-sidestart|p2: NAFLD|move: Stealth Rock\n|\n|-weather|RainDance|[upkeep]\n|upkeep\n|turn|2\n|\n|move|p2a: Ferrothorn|Stealth Rock|p1a: Garchomp\n|-sidestart|p1: jokesmell5|move: Stealth Rock\n|move|p1a: Garchomp|Dragon Tail|p2a: Ferrothorn\n|-resisted|p2a: Ferrothorn\n|-damage|p2a: Ferrothorn|91\/100\n|-damage|p1a: Garchomp|88\/100|[from] ability: Iron Barbs|[of] p2a: Ferrothorn\n|drag|p2a: Swampert|Swampert, F|100\/100\n|-damage|p2a: Swampert|94\/100|[from] Stealth Rock\n|\n|-weather|RainDance|[upkeep]\n|upkeep\n|turn|3\n|\n|detailschange|p2a: Swampert|Swampert-Mega, F\n|-mega|p2a: Swampert|Swampert|Swampertite\n|move|p2a: Swampert|Ice Punch|p1a: Garchomp\n|-supereffective|p1a: Garchomp\n|-damage|p1a: Garchomp|17\/100\n|-damage|p2a: Swampert|82\/100|[from] ability: Rough Skin|[of] p1a: Garchomp\n|-damage|p2a: Swampert|65\/100|[from] item: Rocky Helmet|[of] p1a: Garchomp\n|-status|p1a: Garchomp|frz\n|-curestatus|p1a: Garchomp|frz|[msg]\n|move|p1a: Garchomp|Dragon Tail|p2a: Swampert\n|-damage|p2a: Swampert|42\/100\n|drag|p2a: Greninja|Greninja, M|100\/100\n|-damage|p2a: Greninja|88\/100|[from] Stealth Rock\n|\n|-weather|RainDance|[upkeep]\n|upkeep\n|turn|4\n|\n|switch|p1a: Chansey|Chansey, F|100\/100\n|-damage|p1a: Chansey|88\/100|[from] Stealth Rock\n|move|p2a: Greninja|Ice Beam|p1a: Chansey\n|-damage|p1a: Chansey|77\/100\n|\n|-weather|RainDance|[upkeep]\n|upkeep\n|turn|5\n|\n|switch|p2a: Tornadus|Tornadus-Therian, M|100\/100\n|-damage|p2a: Tornadus|75\/100|[from] Stealth Rock\n|move|p1a: Chansey|Seismic Toss|p2a: Tornadus\n|-damage|p2a: Tornadus|48\/100\n|-damage|p1a: Chansey|60\/100|[from] item: Rocky Helmet|[of] p2a: Tornadus\n|\n|-weather|RainDance|[upkeep]\n|upkeep\n|turn|6\n|\n|switch|p1a: Garchomp|Garchomp, F|17\/100\n|-damage|p1a: Garchomp|10\/100|[from] Stealth Rock\n|move|p2a: Tornadus|Knock Off|p1a: Garchomp\n|-damage|p1a: Garchomp|0 fnt\n|-damage|p2a: Tornadus|35\/100|[from] ability: Rough Skin|[of] p1a: Garchomp\n|-damage|p2a: Tornadus|19\/100|[from] item: Rocky Helmet|[of] p1a: Garchomp\n|-enditem|p1a: Garchomp|Rocky Helmet|[from] move: Knock Off|[of] p2a: Tornadus\n|faint|p1a: Garchomp\n|\n|-weather|RainDance|[upkeep]\n|upkeep\n|\n|switch|p1a: Skarmory|Skarmory, F|100\/100\n|-damage|p1a: Skarmory|88\/100|[from] Stealth Rock\n|turn|7\n|\n|move|p2a: Tornadus|Defog|p1a: Skarmory\n|-unboost|p1a: Skarmory|evasion|1\n|-sideend|p1: jokesmell5|Stealth Rock|[from] move: Defog|[of] p2a: Tornadus\n|-sideend|p2: NAFLD|Stealth Rock|[from] move: Defog|[of] p2a: Tornadus\n|move|p1a: Skarmory|Spikes|p2a: Tornadus\n|-sidestart|p2: NAFLD|Spikes\n|\n|-weather|RainDance|[upkeep]\n|upkeep\n|turn|8\n|\n|move|p2a: Tornadus|Knock Off|p1a: Skarmory\n|-damage|p1a: Skarmory|77\/100\n|-damage|p2a: Tornadus|2\/100|[from] item: Rocky Helmet|[of] p1a: Skarmory\n|-enditem|p1a: Skarmory|Rocky Helmet|[from] move: Knock Off|[of] p2a: Tornadus\n|move|p1a: Skarmory|Stealth Rock|p2a: Tornadus\n|-sidestart|p2: NAFLD|move: Stealth Rock\n|\n|-weather|none\n|upkeep\n|turn|9\n|\n|switch|p1a: Serperior|Serperior, F|100\/100\n|move|p2a: Tornadus|Defog|p1a: Serperior\n|-boost|p1a: Serperior|evasion|1\n|-sideend|p2: NAFLD|Spikes|[from] move: Defog|[of] p2a: Tornadus\n|-sideend|p2: NAFLD|Stealth Rock|[from] move: Defog|[of] p2a: Tornadus\n|\n|upkeep\n|turn|10\n|\n|switch|p2a: Pelipper|Pelipper, F|100\/100\n|-weather|RainDance|[from] ability: Drizzle|[of] p2a: Pelipper\n|move|p1a: Serperior|Substitute|p1a: Serperior\n|-start|p1a: Serperior|Substitute\n|-damage|p1a: Serperior|75\/100\n|\n|-weather|RainDance|[upkeep]\n|-heal|p1a: Serperior|82\/100|[from] item: Leftovers\n|upkeep\n|turn|11\n|\n|move|p1a: Serperior|Leech Seed|p2a: Pelipper\n|-start|p2a: Pelipper|move: Leech Seed\n|move|p2a: Pelipper|Hurricane|p1a: Serperior\n|-supereffective|p1a: Serperior\n|-crit|p1a: Serperior\n|-end|p1a: Serperior|Substitute\n|\n|-weather|RainDance|[upkeep]\n|-heal|p1a: Serperior|88\/100|[from] item: Leftovers\n|-damage|p2a: Pelipper|88\/100|[from] Leech Seed|[of] p1a: Serperior\n|-heal|p1a: Serperior|100\/100|[silent]\n|upkeep\n|turn|12\n|\n|switch|p2a: Ferrothorn|Ferrothorn, M|91\/100\n|move|p1a: Serperior|Substitute|p1a: Serperior\n|-start|p1a: Serperior|Substitute\n|-damage|p1a: Serperior|75\/100\n|\n|-weather|RainDance|[upkeep]\n|-heal|p1a: Serperior|82\/100|[from] item: Leftovers\n|upkeep\n|turn|13\n|\n|move|p1a: Serperior|Leaf Storm|p2a: Ferrothorn\n|-resisted|p2a: Ferrothorn\n|-damage|p2a: Ferrothorn|83\/100\n|-boost|p1a: Serperior|spa|2\n|move|p2a: Ferrothorn|Stealth Rock|p1a: Serperior\n|-sidestart|p1: jokesmell5|move: Stealth Rock\n|\n|-weather|RainDance|[upkeep]\n|-heal|p1a: Serperior|88\/100|[from] item: Leftovers\n|upkeep\n|turn|14\n|\n|move|p1a: Serperior|Leaf Storm|p2a: Ferrothorn\n|-resisted|p2a: Ferrothorn\n|-damage|p2a: Ferrothorn|66\/100\n|-boost|p1a: Serperior|spa|2\n|move|p2a: Ferrothorn|Gyro Ball|p1a: Serperior\n|-end|p1a: Serperior|Substitute\n|\n|-weather|RainDance|[upkeep]\n|-heal|p1a: Serperior|94\/100|[from] item: Leftovers\n|upkeep\n|turn|15\n|\n|move|p1a: Serperior|Hidden Power|p2a: Ferrothorn\n|-supereffective|p2a: Ferrothorn\n|-damage|p2a: Ferrothorn|10\/100\n|move|p2a: Ferrothorn|Gyro Ball|p1a: Serperior\n|-damage|p1a: Serperior|23\/100\n|\n|-weather|RainDance|[upkeep]\n|-heal|p1a: Serperior|29\/100|[from] item: Leftovers\n|upkeep\n|turn|16\n|\n|move|p1a: Serperior|Hidden Power|p2a: Ferrothorn\n|-supereffective|p2a: Ferrothorn\n|-damage|p2a: Ferrothorn|0 fnt\n|faint|p2a: Ferrothorn\n|\n|-weather|RainDance|[upkeep]\n|-heal|p1a: Serperior|35\/100|[from] item: Leftovers\n|upkeep\n|\n|switch|p2a: Tornadus|Tornadus-Therian, M|35\/100\n|turn|17\n|\n|switch|p2a: Pelipper|Pelipper, F|88\/100\n|move|p1a: Serperior|Leaf Storm|p2a: Pelipper|[miss]\n|-miss|p1a: Serperior|p2a: Pelipper\n|\n|-weather|none\n|-heal|p1a: Serperior|42\/100|[from] item: Leftovers\n|upkeep\n|turn|18\n|\n|switch|p2a: Tornadus|Tornadus-Therian, M|69\/100\n|move|p1a: Serperior|Leaf Storm|p2a: Tornadus\n|-resisted|p2a: Tornadus\n|-damage|p2a: Tornadus|6\/100\n|-boost|p1a: Serperior|spa|2\n|\n|-heal|p1a: Serperior|48\/100|[from] item: Leftovers\n|upkeep\n|turn|19\n|\n|switch|p2a: Pelipper|Pelipper, F|88\/100\n|-weather|RainDance|[from] ability: Drizzle|[of] p2a: Pelipper\n|move|p1a: Serperior|Leaf Storm|p2a: Pelipper|[miss]\n|-miss|p1a: Serperior|p2a: Pelipper\n|\n|-weather|RainDance|[upkeep]\n|-heal|p1a: Serperior|54\/100|[from] item: Leftovers\n|upkeep\n|turn|20\n|\n|move|p1a: Serperior|Leaf Storm|p2a: Pelipper\n|-crit|p2a: Pelipper\n|-damage|p2a: Pelipper|0 fnt\n|faint|p2a: Pelipper\n|\n|-weather|RainDance|[upkeep]\n|-heal|p1a: Serperior|60\/100|[from] item: Leftovers\n|upkeep\n|c|\u2606jokesmell5|wtf\uff1f\n|\n|switch|p2a: Swampert|Swampert-Mega, F|42\/100\n|turn|21\n|\n|switch|p1a: Skarmory|Skarmory, F|77\/100\n|-damage|p1a: Skarmory|65\/100|[from] Stealth Rock\n|move|p2a: Swampert|Ice Punch|p1a: Skarmory\n|-damage|p1a: Skarmory|48\/100\n|\n|-weather|RainDance|[upkeep]\n|upkeep\n|turn|22\n|\n|move|p2a: Swampert|Waterfall|p1a: Skarmory\n|-damage|p1a: Skarmory|6\/100\n|move|p1a: Skarmory|Roost|p1a: Skarmory\n|-heal|p1a: Skarmory|56\/100\n|-singleturn|p1a: Skarmory|move: Roost\n|\n|-weather|RainDance|[upkeep]\n|upkeep\n|turn|23\n|\n|move|p2a: Swampert|Earthquake|p1a: Skarmory\n|-immune|p1a: Skarmory\n|move|p1a: Skarmory|Roost|p1a: Skarmory\n|-heal|p1a: Skarmory|100\/100\n|-singleturn|p1a: Skarmory|move: Roost\n|\n|-weather|RainDance|[upkeep]\n|upkeep\n|turn|24\n|\n|move|p2a: Swampert|Waterfall|p1a: Skarmory\n|-damage|p1a: Skarmory|59\/100\n|move|p1a: Skarmory|Stealth Rock|p2a: Swampert\n|-sidestart|p2: NAFLD|move: Stealth Rock\n|\n|-weather|RainDance|[upkeep]\n|upkeep\n|turn|25\n|\n|move|p2a: Swampert|Waterfall|p1a: Skarmory\n|-damage|p1a: Skarmory|20\/100\n|cant|p1a: Skarmory|flinch\n|\n|-weather|RainDance|[upkeep]\n|upkeep\n|turn|26\n|\n|move|p2a: Swampert|Waterfall|p1a: Skarmory\n|-damage|p1a: Skarmory|0 fnt\n|faint|p1a: Skarmory\n|\n|-weather|none\n|upkeep\n|\n|switch|p1a: Serperior|Serperior, F|60\/100\n|-damage|p1a: Serperior|48\/100|[from] Stealth Rock\n|turn|27\n|\n|switch|p2a: Tornadus|Tornadus-Therian, M|39\/100\n|-damage|p2a: Tornadus|14\/100|[from] Stealth Rock\n|move|p1a: Serperior|Leaf Storm|p2a: Tornadus\n|-resisted|p2a: Tornadus\n|-damage|p2a: Tornadus|0 fnt\n|-boost|p1a: Serperior|spa|2\n|faint|p2a: Tornadus\n|\n|-heal|p1a: Serperior|54\/100|[from] item: Leftovers\n|upkeep\n|\n|switch|p2a: Greninja|Greninja, M|88\/100\n|-damage|p2a: Greninja|76\/100|[from] Stealth Rock\n|turn|28\n|\n|switch|p1a: Jirachi|Jirachi|100\/100\n|-damage|p1a: Jirachi|94\/100|[from] Stealth Rock\n|move|p2a: Greninja|Ice Beam|p1a: Jirachi\n|-resisted|p1a: Jirachi\n|-damage|p1a: Jirachi|75\/100\n|\n|-heal|p1a: Jirachi|81\/100|[from] item: Leftovers\n|upkeep\n|turn|29\n|\n|switch|p2a: Manaphy|Manaphy|100\/100\n|-damage|p2a: Manaphy|88\/100|[from] Stealth Rock\n|move|p1a: Jirachi|Iron Head|p2a: Manaphy\n|-resisted|p2a: Manaphy\n|-damage|p2a: Manaphy|72\/100\n|\n|-heal|p1a: Jirachi|87\/100|[from] item: Leftovers\n|upkeep\n|turn|30\n|\n|move|p1a: Jirachi|Zen Headbutt|p2a: Manaphy\n|-crit|p2a: Manaphy\n|-damage|p2a: Manaphy|20\/100\n|cant|p2a: Manaphy|flinch\n|\n|-heal|p1a: Jirachi|93\/100|[from] item: Leftovers\n|upkeep\n|turn|31\n|-message|NAFLD forfeited.\n|\n|win|jokesmell5\n|l|\u2606NAFLD\n|raw|jokesmell5's rating: 1189 &rarr; <strong>1215<\/strong><br \/>(+26 for winning)\n|raw|NAFLD's rating: 1199 &rarr; <strong>1173<\/strong><br \/>(-26 for losing)\n","uploadtime":1562037719,"views":12,"p1id":"jokesmell5","p2id":"nafld","formatid":"gen7ou","rating":1173,"private":0,"password":null}