{"id":"gen7ou-780344876","p1":"Toxabelle","p2":"diula","format":"gen7ou","log":"|j|\u2606Toxabelle\n|j|\u2606diula\n|player|p1|Toxabelle|169\n|player|p2|diula|265\n|teamsize|p1|6\n|teamsize|p2|6\n|gametype|singles\n|gen|7\n|tier|[Gen 7] OU\n|rated|\n|rule|Sleep Clause Mod: Limit one foe put to sleep\n|rule|Species Clause: Limit one of each Pok\u00e9mon\n|rule|OHKO Clause: OHKO moves are banned\n|rule|Moody Clause: Moody is banned\n|rule|Evasion Moves Clause: Evasion moves are banned\n|rule|Endless Battle Clause: Forcing endless battles is banned\n|rule|HP Percentage Mod: HP is shown in percentages\n|clearpoke\n|poke|p1|Weavile, F|item\n|poke|p1|Charizard, M|item\n|poke|p1|Slowbro, M|item\n|poke|p1|Kartana|item\n|poke|p1|Gliscor, M|item\n|poke|p1|Chansey, F|item\n|poke|p2|Scizor, M|item\n|poke|p2|Tornadus-Therian, M|item\n|poke|p2|Volcanion|item\n|poke|p2|Greninja, M|item\n|poke|p2|Gastrodon-East, F|item\n|poke|p2|Landorus-Therian, M|item\n|teampreview\n|inactive|Battle timer is ON: inactive players will automatically lose when time's up. (requested by diula)\n|inactive|Toxabelle has 135 seconds left.\n|\n|start\n|switch|p1a: Charizard|Charizard, M|100\/100\n|switch|p2a: Greninja|Greninja, M|100\/100\n|turn|1\n|\n|switch|p1a: Chansey|Chansey, F|100\/100\n|move|p2a: Greninja|U-turn|p1a: Chansey\n|-start|p2a: Greninja|typechange|Bug|[from] Protean\n|-damage|p1a: Chansey|81\/100\n|\n|switch|p2a: Scizor|Scizor, M|100\/100\n|\n|upkeep\n|turn|2\n|\n|detailschange|p2a: Scizor|Scizor-Mega, M\n|-mega|p2a: Scizor|Scizor|Scizorite\n|move|p2a: Scizor|Knock Off|p1a: Chansey\n|-damage|p1a: Chansey|62\/100\n|-enditem|p1a: Chansey|Eviolite|[from] move: Knock Off|[of] p2a: Scizor\n|move|p1a: Chansey|Stealth Rock|p2a: Scizor\n|-sidestart|p2: diula|move: Stealth Rock\n|\n|upkeep\n|turn|3\n|\n|switch|p1a: Charizard|Charizard, M|100\/100\n|move|p2a: Scizor|Defog|p1a: Charizard\n|-unboost|p1a: Charizard|evasion|1\n|-sideend|p2: diula|Stealth Rock|[from] move: Defog|[of] p2a: Scizor\n|\n|upkeep\n|turn|4\n|\n|switch|p2a: Gastrodon|Gastrodon-East, F|100\/100\n|detailschange|p1a: Charizard|Charizard-Mega-Y, M\n|-mega|p1a: Charizard|Charizard|Charizardite Y\n|-weather|SunnyDay|[from] ability: Drought|[of] p1a: Charizard\n|move|p1a: Charizard|Solar Beam|p2a: Gastrodon|[still]\n|-prepare|p1a: Charizard|Solar Beam|p2a: Gastrodon\n|-anim|p1a: Charizard|Solar Beam|p2a: Gastrodon\n|-supereffective|p2a: Gastrodon\n|-damage|p2a: Gastrodon|0 fnt\n|faint|p2a: Gastrodon\n|\n|-weather|SunnyDay|[upkeep]\n|upkeep\n|inactive|diula has 135 seconds left.\n|\n|switch|p2a: Volcanion|Volcanion|100\/100\n|turn|5\n|\n|switch|p1a: Slowbro|Slowbro, M|100\/100\n|move|p2a: Volcanion|Steam Eruption|p1a: Slowbro\n|-resisted|p1a: Slowbro\n|-damage|p1a: Slowbro|78\/100\n|-status|p1a: Slowbro|brn\n|\n|-weather|SunnyDay|[upkeep]\n|-damage|p1a: Slowbro|72\/100 brn|[from] brn\n|upkeep\n|turn|6\n|\n|switch|p2a: Tornadus|Tornadus-Therian, M, shiny|100\/100\n|move|p1a: Slowbro|Slack Off|p1a: Slowbro\n|-heal|p1a: Slowbro|100\/100 brn\n|\n|-weather|SunnyDay|[upkeep]\n|-damage|p1a: Slowbro|94\/100 brn|[from] brn\n|upkeep\n|turn|7\n|inactive|diula has 135 seconds left.\n|\n|move|p2a: Tornadus|U-turn|p1a: Slowbro\n|-supereffective|p1a: Slowbro\n|-damage|p1a: Slowbro|74\/100 brn\n|-damage|p2a: Tornadus|84\/100|[from] item: Rocky Helmet|[of] p1a: Slowbro\n|inactive|diula has 135 seconds left.\n|\n|switch|p2a: Greninja|Greninja, M|100\/100\n|move|p1a: Slowbro|Ice Beam|p2a: Greninja\n|-resisted|p2a: Greninja\n|-damage|p2a: Greninja|83\/100\n|\n|-weather|SunnyDay|[upkeep]\n|-damage|p1a: Slowbro|68\/100 brn|[from] brn\n|upkeep\n|turn|8\n|inactive|diula has 135 seconds left.\n|l|\u2606diula\n|inactive|diula disconnected and has a minute to reconnect!\n|player|p2|\n|j|\u2606diula\n|inactive|diula reconnected and has 95 seconds left.\n|player|p2|diula|265\n|inactive|diula has 90 seconds left.\n|\n|move|p2a: Greninja|U-turn|p1a: Slowbro\n|-start|p2a: Greninja|typechange|Bug|[from] Protean\n|-supereffective|p1a: Slowbro\n|-damage|p1a: Slowbro|32\/100 brn\n|-damage|p2a: Greninja|67\/100|[from] item: Rocky Helmet|[of] p1a: Slowbro\n|\n|switch|p2a: Tornadus|Tornadus-Therian, M, shiny|100\/100\n|move|p1a: Slowbro|Counter|p2a: Tornadus\n|-damage|p2a: Tornadus|8\/100\n|\n|-weather|none\n|-damage|p1a: Slowbro|26\/100 brn|[from] brn\n|upkeep\n|turn|9\n|\n|switch|p1a: Charizard|Charizard-Mega-Y, M|100\/100\n|-weather|SunnyDay|[from] ability: Drought|[of] p1a: Charizard\n|-zpower|p2a: Tornadus\n|move|p2a: Tornadus|Supersonic Skystrike|p1a: Charizard|[zeffect]\n|-damage|p1a: Charizard|16\/100\n|\n|-weather|SunnyDay|[upkeep]\n|upkeep\n|turn|10\n|inactive|Toxabelle has 135 seconds left.\n|\n|move|p2a: Tornadus|Knock Off|p1a: Charizard\n|-damage|p1a: Charizard|0 fnt\n|faint|p1a: Charizard\n|\n|-weather|SunnyDay|[upkeep]\n|upkeep\n|\n|switch|p1a: Weavile|Weavile, F|100\/100\n|-ability|p1a: Weavile|Pressure\n|turn|11\n|\n|-activate|p2a: Tornadus|move: Pursuit\n|move|p1a: Weavile|Pursuit|p2a: Tornadus|[from]Pursuit\n|-damage|p2a: Tornadus|0 fnt\n|faint|p2a: Tornadus\n|\n|-weather|SunnyDay|[upkeep]\n|upkeep\n|\n|switch|p2a: Scizor|Scizor-Mega, M|100\/100\n|turn|12\n|\n|switch|p1a: Slowbro|Slowbro, M|60\/100 brn\n|move|p2a: Scizor|Knock Off|p1a: Slowbro\n|-supereffective|p1a: Slowbro\n|-damage|p1a: Slowbro|25\/100 brn\n|-damage|p2a: Scizor|84\/100|[from] item: Rocky Helmet|[of] p1a: Slowbro\n|-enditem|p1a: Slowbro|Rocky Helmet|[from] move: Knock Off|[of] p2a: Scizor\n|\n|-weather|SunnyDay|[upkeep]\n|-damage|p1a: Slowbro|19\/100 brn|[from] brn\n|upkeep\n|turn|13\n|\n|switch|p1a: Chansey|Chansey, F|62\/100\n|move|p2a: Scizor|Knock Off|p1a: Chansey\n|-damage|p1a: Chansey|41\/100\n|\n|-weather|none\n|upkeep\n|turn|14\n|\n|move|p2a: Scizor|U-turn|p1a: Chansey\n|-damage|p1a: Chansey|9\/100\n|\n|switch|p2a: Landorus|Landorus-Therian, M, shiny|100\/100\n|-ability|p2a: Landorus|Intimidate|boost\n|-unboost|p1a: Chansey|atk|1\n|move|p1a: Chansey|Soft-Boiled|p1a: Chansey\n|-heal|p1a: Chansey|59\/100\n|\n|upkeep\n|turn|15\n|\n|switch|p1a: Gliscor|Gliscor, M|100\/100\n|move|p2a: Landorus|Stealth Rock|p1a: Gliscor\n|-sidestart|p1: Toxabelle|move: Stealth Rock\n|\n|-status|p1a: Gliscor|tox|[from] item: Toxic Orb\n|upkeep\n|turn|16\n|\n|move|p1a: Gliscor|Defog|p2a: Landorus\n|-unboost|p2a: Landorus|evasion|1\n|-sideend|p1: Toxabelle|Stealth Rock|[from] move: Defog|[of] p1a: Gliscor\n|move|p2a: Landorus|Hidden Power|p1a: Gliscor\n|-supereffective|p1a: Gliscor\n|-damage|p1a: Gliscor|49\/100 tox\n|\n|-heal|p1a: Gliscor|62\/100 tox|[from] ability: Poison Heal\n|upkeep\n|turn|17\n|\n|switch|p2a: Volcanion|Volcanion|100\/100\n|move|p1a: Gliscor|Toxic|p2a: Volcanion|[miss]\n|-miss|p1a: Gliscor|p2a: Volcanion\n|\n|-heal|p1a: Gliscor|74\/100 tox|[from] ability: Poison Heal\n|upkeep\n|turn|18\n|\n|switch|p1a: Slowbro|Slowbro, M|52\/100 brn\n|move|p2a: Volcanion|Steam Eruption|p1a: Slowbro\n|-resisted|p1a: Slowbro\n|-damage|p1a: Slowbro|6\/100 brn\n|\n|-damage|p1a: Slowbro|0 fnt|[from] brn\n|upkeep\n|faint|p1a: Slowbro\n|\n|switch|p1a: Weavile|Weavile, F|100\/100\n|-ability|p1a: Weavile|Pressure\n|turn|19\n|\n|move|p1a: Weavile|Knock Off|p2a: Volcanion\n|-damage|p2a: Volcanion|45\/100\n|-enditem|p2a: Volcanion|Choice Specs|[from] move: Knock Off|[of] p1a: Weavile\n|move|p2a: Volcanion|Steam Eruption|p1a: Weavile\n|-crit|p1a: Weavile\n|-damage|p1a: Weavile|0 fnt\n|faint|p1a: Weavile\n|\n|upkeep\n|c|\u2606Toxabelle|lucky cunt\n|\n|switch|p1a: Chansey|Chansey, F|59\/100\n|turn|20\n|\n|switch|p2a: Landorus|Landorus-Therian, M, shiny|100\/100\n|-ability|p2a: Landorus|Intimidate|boost\n|-unboost|p1a: Chansey|atk|1\n|move|p1a: Chansey|Soft-Boiled|p1a: Chansey\n|-heal|p1a: Chansey|100\/100\n|\n|upkeep\n|turn|21\n|\n|move|p2a: Landorus|Stealth Rock|p1a: Chansey\n|-sidestart|p1: Toxabelle|move: Stealth Rock\n|move|p1a: Chansey|Toxic|p2a: Landorus\n|-status|p2a: Landorus|tox\n|\n|-damage|p2a: Landorus|94\/100 tox|[from] psn\n|upkeep\n|turn|22\n|\n|move|p2a: Landorus|U-turn|p1a: Chansey\n|-damage|p1a: Chansey|79\/100\n|\n|switch|p2a: Scizor|Scizor-Mega, M|84\/100\n|move|p1a: Chansey|Stealth Rock|p2a: Scizor\n|-sidestart|p2: diula|move: Stealth Rock\n|\n|upkeep\n|turn|23\n|\n|move|p2a: Scizor|Knock Off|p1a: Chansey\n|-damage|p1a: Chansey|59\/100\n|move|p1a: Chansey|Soft-Boiled|p1a: Chansey\n|-heal|p1a: Chansey|100\/100\n|\n|upkeep\n|turn|24\n|\n|switch|p1a: Gliscor|Gliscor, M|74\/100 tox\n|-damage|p1a: Gliscor|62\/100 tox|[from] Stealth Rock\n|move|p2a: Scizor|Knock Off|p1a: Gliscor\n|-crit|p1a: Gliscor\n|-damage|p1a: Gliscor|25\/100 tox\n|-enditem|p1a: Gliscor|Toxic Orb|[from] move: Knock Off|[of] p2a: Scizor\n|\n|-heal|p1a: Gliscor|37\/100 tox|[from] ability: Poison Heal\n|upkeep\n|turn|25\n|\n|move|p1a: Gliscor|Roost|p1a: Gliscor\n|-heal|p1a: Gliscor|87\/100 tox\n|move|p2a: Scizor|Knock Off|p1a: Gliscor\n|-damage|p1a: Gliscor|69\/100 tox\n|\n|-heal|p1a: Gliscor|81\/100 tox|[from] ability: Poison Heal\n|upkeep\n|turn|26\n|\n|move|p1a: Gliscor|Earthquake|p2a: Scizor\n|-damage|p2a: Scizor|65\/100\n|move|p2a: Scizor|Knock Off|p1a: Gliscor\n|-damage|p1a: Gliscor|64\/100 tox\n|\n|-heal|p1a: Gliscor|77\/100 tox|[from] ability: Poison Heal\n|upkeep\n|turn|27\n|\n|move|p1a: Gliscor|Earthquake|p2a: Scizor\n|-damage|p2a: Scizor|45\/100\n|move|p2a: Scizor|Knock Off|p1a: Gliscor\n|-damage|p1a: Gliscor|61\/100 tox\n|\n|-heal|p1a: Gliscor|73\/100 tox|[from] ability: Poison Heal\n|upkeep\n|turn|28\n|\n|move|p1a: Gliscor|Earthquake|p2a: Scizor\n|-damage|p2a: Scizor|25\/100\n|move|p2a: Scizor|Roost|p2a: Scizor\n|-heal|p2a: Scizor|75\/100\n|\n|-heal|p1a: Gliscor|86\/100 tox|[from] ability: Poison Heal\n|upkeep\n|turn|29\n|\n|move|p1a: Gliscor|Earthquake|p2a: Scizor\n|-damage|p2a: Scizor|56\/100\n|move|p2a: Scizor|Knock Off|p1a: Gliscor\n|-damage|p1a: Gliscor|68\/100 tox\n|\n|-heal|p1a: Gliscor|81\/100 tox|[from] ability: Poison Heal\n|upkeep\n|turn|30\n|\n|switch|p1a: Kartana|Kartana|100\/100\n|-damage|p1a: Kartana|94\/100|[from] Stealth Rock\n|move|p2a: Scizor|Roost|p2a: Scizor\n|-heal|p2a: Scizor|100\/100\n|\n|upkeep\n|turn|31\n|\n|move|p1a: Kartana|Sacred Sword|p2a: Scizor\n|-damage|p2a: Scizor|76\/100\n|move|p2a: Scizor|U-turn|p1a: Kartana\n|-damage|p1a: Kartana|56\/100\n|\n|switch|p2a: Landorus|Landorus-Therian, M, shiny|94\/100 tox\n|-damage|p2a: Landorus|82\/100 tox|[from] Stealth Rock\n|-ability|p2a: Landorus|Intimidate|boost\n|-unboost|p1a: Kartana|atk|1\n|\n|-damage|p2a: Landorus|76\/100 tox|[from] psn\n|upkeep\n|turn|32\n|\n|switch|p1a: Chansey|Chansey, F|100\/100\n|-damage|p1a: Chansey|88\/100|[from] Stealth Rock\n|move|p2a: Landorus|U-turn|p1a: Chansey\n|-damage|p1a: Chansey|66\/100\n|\n|switch|p2a: Volcanion|Volcanion|45\/100\n|-damage|p2a: Volcanion|20\/100|[from] Stealth Rock\n|\n|upkeep\n|turn|33\n|\n|move|p2a: Volcanion|Focus Blast|p1a: Chansey\n|-supereffective|p1a: Chansey\n|-damage|p1a: Chansey|21\/100\n|move|p1a: Chansey|Soft-Boiled|p1a: Chansey\n|-heal|p1a: Chansey|71\/100\n|\n|upkeep\n|turn|34\n|\n|move|p2a: Volcanion|Focus Blast|p1a: Chansey\n|-supereffective|p1a: Chansey\n|-damage|p1a: Chansey|30\/100\n|move|p1a: Chansey|Soft-Boiled|p1a: Chansey\n|-heal|p1a: Chansey|80\/100\n|\n|upkeep\n|turn|35\n|\n|move|p2a: Volcanion|Focus Blast|p1a: Chansey|[miss]\n|-miss|p2a: Volcanion|p1a: Chansey\n|move|p1a: Chansey|Soft-Boiled|p1a: Chansey\n|-heal|p1a: Chansey|100\/100\n|\n|upkeep\n|turn|36\n|\n|move|p2a: Volcanion|Focus Blast|p1a: Chansey\n|-supereffective|p1a: Chansey\n|-damage|p1a: Chansey|55\/100\n|-unboost|p1a: Chansey|spd|1\n|move|p1a: Chansey|Toxic|p2a: Volcanion\n|-status|p2a: Volcanion|tox\n|\n|-damage|p2a: Volcanion|14\/100 tox|[from] psn\n|upkeep\n|turn|37\n|\n|move|p2a: Volcanion|Steam Eruption|p1a: Chansey|[miss]\n|-miss|p2a: Volcanion|p1a: Chansey\n|move|p1a: Chansey|Soft-Boiled|p1a: Chansey\n|-heal|p1a: Chansey|100\/100\n|\n|-damage|p2a: Volcanion|2\/100 tox|[from] psn\n|upkeep\n|turn|38\n|\n|move|p2a: Volcanion|Focus Blast|p1a: Chansey\n|-supereffective|p1a: Chansey\n|-damage|p1a: Chansey|41\/100\n|move|p1a: Chansey|Soft-Boiled|p1a: Chansey\n|-heal|p1a: Chansey|91\/100\n|\n|-damage|p2a: Volcanion|0 fnt|[from] psn\n|upkeep\n|faint|p2a: Volcanion\n|\n|switch|p2a: Scizor|Scizor-Mega, M|76\/100\n|-damage|p2a: Scizor|64\/100|[from] Stealth Rock\n|turn|39\n|\n|move|p2a: Scizor|Roost|p2a: Scizor\n|-heal|p2a: Scizor|100\/100\n|move|p1a: Chansey|Seismic Toss|p2a: Scizor\n|-damage|p2a: Scizor|71\/100\n|\n|upkeep\n|turn|40\n|\n|move|p2a: Scizor|Knock Off|p1a: Chansey\n|-damage|p1a: Chansey|69\/100\n|move|p1a: Chansey|Seismic Toss|p2a: Scizor\n|-damage|p2a: Scizor|42\/100\n|\n|upkeep\n|turn|41\n|\n|move|p2a: Scizor|Knock Off|p1a: Chansey\n|-damage|p1a: Chansey|49\/100\n|move|p1a: Chansey|Seismic Toss|p2a: Scizor\n|-damage|p2a: Scizor|13\/100\n|\n|upkeep\n|turn|42\n|\n|move|p2a: Scizor|Roost|p2a: Scizor\n|-heal|p2a: Scizor|63\/100\n|move|p1a: Chansey|Seismic Toss|p2a: Scizor\n|-damage|p2a: Scizor|34\/100\n|\n|upkeep\n|turn|43\n|\n|move|p2a: Scizor|Roost|p2a: Scizor\n|-heal|p2a: Scizor|84\/100\n|move|p1a: Chansey|Seismic Toss|p2a: Scizor\n|-damage|p2a: Scizor|55\/100\n|\n|upkeep\n|turn|44\n|\n|move|p2a: Scizor|Roost|p2a: Scizor\n|-heal|p2a: Scizor|100\/100\n|move|p1a: Chansey|Soft-Boiled|p1a: Chansey\n|-heal|p1a: Chansey|99\/100\n|\n|upkeep\n|turn|45\n|\n|move|p2a: Scizor|Knock Off|p1a: Chansey\n|-damage|p1a: Chansey|79\/100\n|move|p1a: Chansey|Seismic Toss|p2a: Scizor\n|-damage|p2a: Scizor|71\/100\n|\n|upkeep\n|turn|46\n|\n|move|p2a: Scizor|Knock Off|p1a: Chansey\n|-damage|p1a: Chansey|57\/100\n|move|p1a: Chansey|Seismic Toss|p2a: Scizor\n|-damage|p2a: Scizor|42\/100\n|\n|upkeep\n|turn|47\n|\n|move|p2a: Scizor|Roost|p2a: Scizor\n|-heal|p2a: Scizor|92\/100\n|move|p1a: Chansey|Soft-Boiled|p1a: Chansey\n|-heal|p1a: Chansey|100\/100\n|\n|upkeep\n|turn|48\n|\n|move|p2a: Scizor|Knock Off|p1a: Chansey\n|-crit|p1a: Chansey\n|-damage|p1a: Chansey|71\/100\n|move|p1a: Chansey|Seismic Toss|p2a: Scizor\n|-damage|p2a: Scizor|63\/100\n|\n|upkeep\n|turn|49\n|\n|move|p2a: Scizor|Knock Off|p1a: Chansey\n|-damage|p1a: Chansey|49\/100\n|move|p1a: Chansey|Seismic Toss|p2a: Scizor\n|-damage|p2a: Scizor|34\/100\n|\n|upkeep\n|turn|50\n|\n|move|p2a: Scizor|Knock Off|p1a: Chansey\n|-damage|p1a: Chansey|29\/100\n|move|p1a: Chansey|Seismic Toss|p2a: Scizor\n|-damage|p2a: Scizor|5\/100\n|\n|upkeep\n|turn|51\n|\n|move|p2a: Scizor|Roost|p2a: Scizor\n|-heal|p2a: Scizor|55\/100\n|move|p1a: Chansey|Seismic Toss|p2a: Scizor\n|-damage|p2a: Scizor|26\/100\n|\n|upkeep\n|turn|52\n|\n|move|p2a: Scizor|Roost|p2a: Scizor\n|-heal|p2a: Scizor|76\/100\n|move|p1a: Chansey|Soft-Boiled|p1a: Chansey\n|-heal|p1a: Chansey|79\/100\n|\n|upkeep\n|turn|53\n|\n|move|p2a: Scizor|Knock Off|p1a: Chansey\n|-damage|p1a: Chansey|57\/100\n|move|p1a: Chansey|Seismic Toss|p2a: Scizor\n|-damage|p2a: Scizor|47\/100\n|\n|upkeep\n|turn|54\n|\n|move|p2a: Scizor|Knock Off|p1a: Chansey\n|-damage|p1a: Chansey|38\/100\n|move|p1a: Chansey|Soft-Boiled|p1a: Chansey\n|-heal|p1a: Chansey|88\/100\n|\n|upkeep\n|turn|55\n|\n|move|p2a: Scizor|Roost|p2a: Scizor\n|-heal|p2a: Scizor|97\/100\n|move|p1a: Chansey|Seismic Toss|p2a: Scizor\n|-damage|p2a: Scizor|68\/100\n|\n|upkeep\n|turn|56\n|\n|move|p2a: Scizor|Knock Off|p1a: Chansey\n|-damage|p1a: Chansey|68\/100\n|move|p1a: Chansey|Seismic Toss|p2a: Scizor\n|-damage|p2a: Scizor|39\/100\n|\n|upkeep\n|turn|57\n|\n|move|p2a: Scizor|Knock Off|p1a: Chansey\n|-damage|p1a: Chansey|46\/100\n|move|p1a: Chansey|Seismic Toss|p2a: Scizor\n|-damage|p2a: Scizor|10\/100\n|\n|upkeep\n|turn|58\n|\n|move|p2a: Scizor|Roost|p2a: Scizor\n|-heal|p2a: Scizor|60\/100\n|move|p1a: Chansey|Soft-Boiled|p1a: Chansey\n|-heal|p1a: Chansey|96\/100\n|\n|upkeep\n|turn|59\n|\n|move|p2a: Scizor|Knock Off|p1a: Chansey\n|-damage|p1a: Chansey|76\/100\n|move|p1a: Chansey|Seismic Toss|p2a: Scizor\n|-damage|p2a: Scizor|31\/100\n|\n|upkeep\n|turn|60\n|\n|move|p2a: Scizor|Roost|p2a: Scizor\n|-heal|p2a: Scizor|81\/100\n|move|p1a: Chansey|Seismic Toss|p2a: Scizor\n|-damage|p2a: Scizor|52\/100\n|\n|upkeep\n|turn|61\n|\n|move|p2a: Scizor|Knock Off|p1a: Chansey\n|-damage|p1a: Chansey|57\/100\n|move|p1a: Chansey|Seismic Toss|p2a: Scizor\n|-damage|p2a: Scizor|22\/100\n|\n|upkeep\n|turn|62\n|\n|move|p2a: Scizor|Roost|p2a: Scizor\n|-heal|p2a: Scizor|73\/100\n|move|p1a: Chansey|Seismic Toss|p2a: Scizor\n|-damage|p2a: Scizor|43\/100\n|\n|upkeep\n|turn|63\n|\n|move|p2a: Scizor|Knock Off|p1a: Chansey\n|-crit|p1a: Chansey\n|-damage|p1a: Chansey|28\/100\n|move|p1a: Chansey|Soft-Boiled|p1a: Chansey\n|-heal|p1a: Chansey|78\/100\n|\n|upkeep\n|turn|64\n|\n|move|p2a: Scizor|Roost|p2a: Scizor\n|-heal|p2a: Scizor|94\/100\n|move|p1a: Chansey|Seismic Toss|p2a: Scizor\n|-damage|p2a: Scizor|64\/100\n|\n|upkeep\n|turn|65\n|\n|move|p2a: Scizor|Knock Off|p1a: Chansey\n|-damage|p1a: Chansey|57\/100\n|move|p1a: Chansey|Seismic Toss|p2a: Scizor\n|-damage|p2a: Scizor|35\/100\n|\n|upkeep\n|turn|66\n|\n|move|p2a: Scizor|Roost|p2a: Scizor\n|-heal|p2a: Scizor|85\/100\n|move|p1a: Chansey|Seismic Toss|p2a: Scizor\n|-damage|p2a: Scizor|56\/100\n|\n|upkeep\n|turn|67\n|\n|move|p2a: Scizor|U-turn|p1a: Chansey\n|-crit|p1a: Chansey\n|-damage|p1a: Chansey|5\/100\n|\n|switch|p2a: Greninja|Greninja, M|67\/100\n|-damage|p2a: Greninja|55\/100|[from] Stealth Rock\n|move|p1a: Chansey|Soft-Boiled|p1a: Chansey\n|-heal|p1a: Chansey|55\/100\n|\n|upkeep\n|turn|68\n|\n|move|p2a: Greninja|Ice Beam|p1a: Chansey\n|-start|p2a: Greninja|typechange|Ice|[from] Protean\n|-damage|p1a: Chansey|34\/100\n|move|p1a: Chansey|Soft-Boiled|p1a: Chansey\n|-heal|p1a: Chansey|84\/100\n|\n|upkeep\n|turn|69\n|\n|switch|p2a: Scizor|Scizor-Mega, M|56\/100\n|-damage|p2a: Scizor|44\/100|[from] Stealth Rock\n|move|p1a: Chansey|Seismic Toss|p2a: Scizor\n|-damage|p2a: Scizor|15\/100\n|\n|upkeep\n|turn|70\n|\n|switch|p1a: Gliscor|Gliscor, M|81\/100 tox\n|-damage|p1a: Gliscor|68\/100 tox|[from] Stealth Rock\n|move|p2a: Scizor|Roost|p2a: Scizor\n|-heal|p2a: Scizor|65\/100\n|\n|-heal|p1a: Gliscor|81\/100 tox|[from] ability: Poison Heal\n|upkeep\n|turn|71\n|\n|move|p1a: Gliscor|Earthquake|p2a: Scizor\n|-damage|p2a: Scizor|45\/100\n|move|p2a: Scizor|U-turn|p1a: Gliscor\n|-resisted|p1a: Gliscor\n|-damage|p1a: Gliscor|67\/100 tox\n|\n|switch|p2a: Greninja|Greninja, M|55\/100\n|-damage|p2a: Greninja|42\/100|[from] Stealth Rock\n|\n|-heal|p1a: Gliscor|80\/100 tox|[from] ability: Poison Heal\n|upkeep\n|turn|72\n|inactive|Toxabelle has 135 seconds left.\n|\n|switch|p1a: Kartana|Kartana|56\/100\n|-damage|p1a: Kartana|50\/100|[from] Stealth Rock\n|move|p2a: Greninja|Ice Beam|p1a: Kartana\n|-start|p2a: Greninja|typechange|Ice|[from] Protean\n|-crit|p1a: Kartana\n|-damage|p1a: Kartana|0 fnt\n|faint|p1a: Kartana\n|\n|upkeep\n|\n|switch|p1a: Chansey|Chansey, F|84\/100\n|-damage|p1a: Chansey|72\/100|[from] Stealth Rock\n|turn|73\n|\n|switch|p2a: Landorus|Landorus-Therian, M, shiny|76\/100 tox\n|-damage|p2a: Landorus|64\/100 tox|[from] Stealth Rock\n|-ability|p2a: Landorus|Intimidate|boost\n|-unboost|p1a: Chansey|atk|1\n|move|p1a: Chansey|Seismic Toss|p2a: Landorus\n|-damage|p2a: Landorus|38\/100 tox\n|-damage|p1a: Chansey|55\/100|[from] item: Rocky Helmet|[of] p2a: Landorus\n|\n|-damage|p2a: Landorus|32\/100 tox|[from] psn\n|upkeep\n|turn|74\n|inactive|diula has 135 seconds left.\n|\n|switch|p1a: Gliscor|Gliscor, M|80\/100 tox\n|-damage|p1a: Gliscor|67\/100 tox|[from] Stealth Rock\n|move|p2a: Landorus|U-turn|p1a: Gliscor\n|-resisted|p1a: Gliscor\n|-damage|p1a: Gliscor|59\/100 tox\n|-message|Toxabelle forfeited.\n|\n|win|diula\n|l|\u2606Toxabelle\n|raw|Toxabelle's rating: 1674 &rarr; <strong>1650<\/strong><br \/>(-24 for losing)\n|raw|diula's rating: 1605 &rarr; <strong>1629<\/strong><br \/>(+24 for winning)\n|c|\u2606diula|ez game\n","inputlog":null,"uploadtime":1532409451,"views":26,"p1id":"toxabelle","p2id":"diula","formatid":"gen7ou","rating":1629,"private":0,"password":null}