{"id":"gen7ou-746642017","p1":"OGamer289","p2":"drill wind","format":"gen7ou","log":"|j|\u2606OGamer289\n|j|\u2606drill wind\n|player|p1|OGamer289|153\n|player|p2|drill wind|179\n|teamsize|p1|6\n|teamsize|p2|6\n|gametype|singles\n|gen|7\n|tier|[Gen 7] OU\n|rated|\n|rule|Sleep Clause Mod: Limit one foe put to sleep\n|rule|Species Clause: Limit one of each Pok\u00e9mon\n|rule|OHKO Clause: OHKO moves are banned\n|rule|Moody Clause: Moody is banned\n|rule|Evasion Moves Clause: Evasion moves are banned\n|rule|Endless Battle Clause: Forcing endless battles is banned\n|rule|HP Percentage Mod: HP is shown in percentages\n|clearpoke\n|poke|p1|Zapdos|item\n|poke|p1|Greninja, M|item\n|poke|p1|Heracross, M|item\n|poke|p1|Tapu Bulu|item\n|poke|p1|Heatran, M|item\n|poke|p1|Kyurem-Black|item\n|poke|p2|Charizard, M|item\n|poke|p2|Salazzle, F|item\n|poke|p2|Kartana|item\n|poke|p2|Tyranitar, F|item\n|poke|p2|Clefable, M|item\n|poke|p2|Gastrodon, M|item\n|teampreview\n|inactive|Battle timer is ON: inactive players will automatically lose when time's up. (requested by drill wind)\n|\n|start\n|switch|p1a: Mr Lava Lava|Heatran, M, shiny|100\/100\n|switch|p2a: Charizard|Charizard, M|100\/100\n|turn|1\n|\n|-mega|p2a: Charizard|Charizard|Charizardite Y\n|detailschange|p2a: Charizard|Charizard-Mega-Y, M\n|-weather|SunnyDay|[from] ability: Drought|[of] p2a: Charizard\n|move|p2a: Charizard|Focus Blast|p1a: Mr Lava Lava|[miss]\n|-miss|p2a: Charizard|p1a: Mr Lava Lava\n|move|p1a: Mr Lava Lava|Toxic|p2a: Charizard|[miss]\n|-miss|p1a: Mr Lava Lava|p2a: Charizard\n|\n|-weather|SunnyDay|[upkeep]\n|upkeep\n|turn|2\n|\n|switch|p2a: Salazzle|Salazzle, F|100\/100\n|switch|p1a: Booom|Tapu Bulu|100\/100\n|-fieldstart|move: Grassy Terrain|[from] ability: Grassy Surge|[of] p1a: Booom\n|\n|-weather|SunnyDay|[upkeep]\n|upkeep\n|turn|3\n|\n|switch|p1a: Mr Lava Lava|Heatran, M, shiny|100\/100\n|move|p2a: Salazzle|Sludge Bomb|p1a: Mr Lava Lava\n|-immune|p1a: Mr Lava Lava|[msg]\n|\n|-weather|SunnyDay|[upkeep]\n|upkeep\n|turn|4\n|\n|move|p2a: Salazzle|Toxic|p1a: Mr Lava Lava\n|-status|p1a: Mr Lava Lava|tox\n|move|p1a: Mr Lava Lava|Earth Power|p2a: Salazzle\n|-supereffective|p2a: Salazzle\n|-enditem|p2a: Salazzle|Focus Sash\n|-damage|p2a: Salazzle|1\/100\n|\n|-weather|SunnyDay|[upkeep]\n|-heal|p2a: Salazzle|7\/100|[from] Grassy Terrain\n|-damage|p1a: Mr Lava Lava|94\/100 tox|[from] psn\n|upkeep\n|turn|5\n|inactive|drill wind has 135 seconds left.\n|\n|switch|p2a: Tyranitar|Tyranitar, F|100\/100\n|-weather|Sandstorm|[from] ability: Sand Stream|[of] p2a: Tyranitar\n|move|p1a: Mr Lava Lava|Stealth Rock|p2a: Tyranitar\n|-sidestart|p2: drill wind|move: Stealth Rock\n|\n|-weather|Sandstorm|[upkeep]\n|-heal|p1a: Mr Lava Lava|100\/100 tox|[from] Grassy Terrain\n|-damage|p1a: Mr Lava Lava|88\/100 tox|[from] psn\n|upkeep\n|turn|6\n|\n|move|p1a: Mr Lava Lava|Toxic|p2a: Tyranitar|[miss]\n|-miss|p1a: Mr Lava Lava|p2a: Tyranitar\n|move|p2a: Tyranitar|Stealth Rock|p1a: Mr Lava Lava\n|-sidestart|p1: OGamer289|move: Stealth Rock\n|\n|-weather|Sandstorm|[upkeep]\n|-heal|p1a: Mr Lava Lava|94\/100 tox|[from] Grassy Terrain\n|-fieldend|move: Grassy Terrain\n|-damage|p1a: Mr Lava Lava|76\/100 tox|[from] psn\n|upkeep\n|turn|7\n|\n|move|p1a: Mr Lava Lava|Toxic|p2a: Tyranitar\n|-status|p2a: Tyranitar|tox\n|-zpower|p2a: Tyranitar\n|move|p2a: Tyranitar|Continental Crush|p1a: Mr Lava Lava|[zeffect]\n|-damage|p1a: Mr Lava Lava|0 fnt\n|faint|p1a: Mr Lava Lava\n|\n|-weather|Sandstorm|[upkeep]\n|-damage|p2a: Tyranitar|94\/100 tox|[from] psn\n|upkeep\n|\n|switch|p1a: Hirsch|Heracross, M|100\/100\n|-damage|p1a: Hirsch|88\/100|[from] Stealth Rock\n|turn|8\n|\n|switch|p2a: Clefable|Clefable, M|100\/100\n|-damage|p2a: Clefable|88\/100|[from] Stealth Rock\n|-mega|p1a: Hirsch|Heracross|Heracronite\n|detailschange|p1a: Hirsch|Heracross-Mega, M\n|move|p1a: Hirsch|Bullet Seed|p2a: Clefable\n|-damage|p2a: Clefable|78\/100\n|-damage|p2a: Clefable|68\/100\n|-damage|p2a: Clefable|59\/100\n|-damage|p2a: Clefable|49\/100\n|-damage|p2a: Clefable|39\/100\n|-hitcount|p2a: Clefable|5\n|\n|-weather|Sandstorm|[upkeep]\n|-damage|p1a: Hirsch|82\/100|[from] Sandstorm\n|-damage|p2a: Clefable|33\/100|[from] Sandstorm\n|-heal|p2a: Clefable|39\/100|[from] item: Leftovers\n|upkeep\n|turn|9\n|inactive|OGamer289 has 135 seconds left.\n|\n|move|p1a: Hirsch|Bullet Seed|p2a: Clefable\n|-damage|p2a: Clefable|29\/100\n|-damage|p2a: Clefable|19\/100\n|-damage|p2a: Clefable|9\/100\n|-crit|p2a: Clefable\n|-damage|p2a: Clefable|0 fnt\n|-hitcount|p2a: Clefable|4\n|faint|p2a: Clefable\n|\n|-weather|none\n|upkeep\n|\n|switch|p2a: Charizard|Charizard-Mega-Y, M|100\/100\n|-damage|p2a: Charizard|51\/100|[from] Stealth Rock\n|-weather|SunnyDay|[from] ability: Drought|[of] p2a: Charizard\n|turn|10\n|inactive|OGamer289 has 135 seconds left.\n|\n|switch|p1a: Black|Kyurem-Black, shiny|100\/100\n|-damage|p1a: Black|75\/100|[from] Stealth Rock\n|-ability|p1a: Black|Teravolt\n|move|p2a: Charizard|Defog|p1a: Black\n|-unboost|p1a: Black|evasion|1\n|-sideend|p1: OGamer289|Stealth Rock|[from] move: Defog|[of] p1a: Black\n|-sideend|p2: drill wind|Stealth Rock|[from] move: Defog|[of] p2a: Charizard\n|\n|-weather|SunnyDay|[upkeep]\n|upkeep\n|turn|11\n|\n|move|p2a: Charizard|Fire Blast|p1a: Black\n|-damage|p1a: Black|0 fnt\n|faint|p1a: Black\n|\n|-weather|SunnyDay|[upkeep]\n|upkeep\n|\n|switch|p1a: Ninja|Greninja, M, shiny|100\/100\n|turn|12\n|\n|switch|p2a: Gastrodon|Gastrodon, M|100\/100\n|move|p1a: Ninja|Hydro Pump|p2a: Gastrodon\n|-start|p1a: Ninja|typechange|Water|[from] Protean\n|-ability|p2a: Gastrodon|Storm Drain|boost\n|-boost|p2a: Gastrodon|spa|1\n|\n|-weather|SunnyDay|[upkeep]\n|upkeep\n|turn|13\n|\n|switch|p1a: Booom|Tapu Bulu|100\/100\n|-fieldstart|move: Grassy Terrain|[from] ability: Grassy Surge|[of] p1a: Booom\n|switch|p2a: Charizard|Charizard-Mega-Y, M|51\/100\n|\n|-weather|SunnyDay|[upkeep]\n|upkeep\n|turn|14\n|inactive|OGamer289 has 135 seconds left.\n|\n|switch|p1a: Ninja|Greninja, M, shiny|100\/100\n|move|p2a: Charizard|Fire Blast|p1a: Ninja\n|-resisted|p1a: Ninja\n|-damage|p1a: Ninja|34\/100\n|\n|-weather|none\n|-heal|p1a: Ninja|40\/100|[from] Grassy Terrain\n|upkeep\n|turn|15\n|\n|switch|p1a: Booom|Tapu Bulu|100\/100\n|switch|p2a: Gastrodon|Gastrodon, M|100\/100\n|\n|upkeep\n|turn|16\n|inactive|drill wind has 135 seconds left.\n|\n|switch|p2a: Salazzle|Salazzle, F|7\/100\n|move|p1a: Booom|Wood Hammer|p2a: Salazzle\n|-resisted|p2a: Salazzle\n|-damage|p2a: Salazzle|0 fnt\n|-damage|p1a: Booom|99\/100|[from] Recoil\n|faint|p2a: Salazzle\n|\n|-heal|p1a: Booom|100\/100|[from] Grassy Terrain\n|upkeep\n|\n|switch|p2a: Charizard|Charizard-Mega-Y, M|51\/100\n|-weather|SunnyDay|[from] ability: Drought|[of] p2a: Charizard\n|turn|17\n|inactive|OGamer289 has 135 seconds left.\n|\n|switch|p1a: Ninja|Greninja, M, shiny|40\/100\n|move|p2a: Charizard|Fire Blast|p1a: Ninja\n|-resisted|p1a: Ninja\n|-damage|p1a: Ninja|0 fnt\n|faint|p1a: Ninja\n|\n|-weather|SunnyDay|[upkeep]\n|-fieldend|move: Grassy Terrain\n|upkeep\n|\n|switch|p1a: Zapdose|Zapdos|100\/100\n|turn|18\n|\n|switch|p2a: Gastrodon|Gastrodon, M|100\/100\n|move|p1a: Zapdose|Thunderbolt|p2a: Gastrodon\n|-immune|p2a: Gastrodon|[msg]\n|\n|-weather|SunnyDay|[upkeep]\n|upkeep\n|turn|19\n|\n|move|p1a: Zapdose|Toxic|p2a: Gastrodon\n|-status|p2a: Gastrodon|tox\n|move|p2a: Gastrodon|Toxic|p1a: Zapdose\n|-status|p1a: Zapdose|tox\n|\n|-weather|SunnyDay|[upkeep]\n|-damage|p1a: Zapdose|94\/100 tox|[from] psn\n|-damage|p2a: Gastrodon|94\/100 tox|[from] psn\n|upkeep\n|turn|20\n|\n|switch|p1a: Booom|Tapu Bulu|100\/100\n|-fieldstart|move: Grassy Terrain|[from] ability: Grassy Surge|[of] p1a: Booom\n|move|p2a: Gastrodon|Ice Beam|p1a: Booom\n|-supereffective|p1a: Booom\n|-damage|p1a: Booom|72\/100\n|\n|-weather|SunnyDay|[upkeep]\n|-heal|p1a: Booom|78\/100|[from] Grassy Terrain\n|-heal|p2a: Gastrodon|100\/100 tox|[from] item: Leftovers\n|-damage|p2a: Gastrodon|88\/100 tox|[from] psn\n|upkeep\n|turn|21\n|\n|switch|p2a: Kartana|Kartana|100\/100\n|move|p1a: Booom|Horn Leech|p2a: Kartana\n|-resisted|p2a: Kartana\n|-damage|p2a: Kartana|85\/100\n|-heal|p1a: Booom|84\/100|[from] drain|[of] p2a: Kartana\n|\n|-weather|none\n|-heal|p2a: Kartana|91\/100|[from] Grassy Terrain\n|-heal|p1a: Booom|90\/100|[from] Grassy Terrain\n|upkeep\n|turn|22\n|\n|switch|p1a: Zapdose|Zapdos|94\/100 tox\n|move|p2a: Kartana|Leaf Blade|p1a: Zapdose\n|-resisted|p1a: Zapdose\n|-damage|p1a: Zapdose|59\/100 tox\n|-status|p2a: Kartana|par|[from] ability: Static|[of] p1a: Zapdose\n|\n|-heal|p2a: Kartana|97\/100 par|[from] Grassy Terrain\n|-heal|p1a: Zapdose|66\/100 tox|[from] item: Leftovers\n|-damage|p1a: Zapdose|59\/100 tox|[from] psn\n|upkeep\n|turn|23\n|\n|move|p2a: Kartana|Leaf Blade|p1a: Zapdose\n|-resisted|p1a: Zapdose\n|-damage|p1a: Zapdose|27\/100 tox\n|move|p1a: Zapdose|Roost|p1a: Zapdose\n|-heal|p1a: Zapdose|77\/100 tox\n|\n|-heal|p2a: Kartana|100\/100 par|[from] Grassy Terrain\n|-heal|p1a: Zapdose|83\/100 tox|[from] item: Leftovers\n|-heal|p1a: Zapdose|90\/100 tox|[from] Grassy Terrain\n|-damage|p1a: Zapdose|77\/100 tox|[from] psn\n|upkeep\n|turn|24\n|\n|switch|p2a: Tyranitar|Tyranitar, F|94\/100 tox\n|-weather|Sandstorm|[from] ability: Sand Stream|[of] p2a: Tyranitar\n|move|p1a: Zapdose|Roost|p1a: Zapdose\n|-heal|p1a: Zapdose|100\/100 tox\n|\n|-weather|Sandstorm|[upkeep]\n|-damage|p1a: Zapdose|94\/100 tox|[from] Sandstorm\n|-heal|p1a: Zapdose|100\/100 tox|[from] item: Leftovers\n|-heal|p2a: Tyranitar|100\/100 tox|[from] Grassy Terrain\n|-fieldend|move: Grassy Terrain\n|-damage|p1a: Zapdose|82\/100 tox|[from] psn\n|-damage|p2a: Tyranitar|94\/100 tox|[from] psn\n|upkeep\n|turn|25\n|\n|switch|p1a: Booom|Tapu Bulu|90\/100\n|-fieldstart|move: Grassy Terrain|[from] ability: Grassy Surge|[of] p1a: Booom\n|move|p2a: Tyranitar|Stealth Rock|p1a: Booom\n|-sidestart|p1: OGamer289|move: Stealth Rock\n|\n|-weather|Sandstorm|[upkeep]\n|-damage|p1a: Booom|84\/100|[from] Sandstorm\n|-heal|p1a: Booom|90\/100|[from] Grassy Terrain\n|-heal|p2a: Tyranitar|100\/100 tox|[from] Grassy Terrain\n|-damage|p2a: Tyranitar|88\/100 tox|[from] psn\n|upkeep\n|turn|26\n|\n|switch|p2a: Kartana|Kartana|100\/100 par\n|move|p1a: Booom|Megahorn|p2a: Kartana|[miss]\n|-miss|p1a: Booom|p2a: Kartana\n|\n|-weather|Sandstorm|[upkeep]\n|-damage|p1a: Booom|84\/100|[from] Sandstorm\n|-heal|p1a: Booom|90\/100|[from] Grassy Terrain\n|upkeep\n|turn|27\n|\n|cant|p2a: Kartana|par\n|move|p1a: Booom|Megahorn|p2a: Kartana|[miss]\n|-miss|p1a: Booom|p2a: Kartana\n|\n|-weather|Sandstorm|[upkeep]\n|-damage|p1a: Booom|84\/100|[from] Sandstorm\n|-heal|p1a: Booom|90\/100|[from] Grassy Terrain\n|upkeep\n|turn|28\n|\n|move|p2a: Kartana|Knock Off|p1a: Booom\n|-resisted|p1a: Booom\n|-damage|p1a: Booom|72\/100\n|-enditem|p1a: Booom|Assault Vest|[from] move: Knock Off|[of] p2a: Kartana\n|move|p1a: Booom|Megahorn|p2a: Kartana\n|-damage|p2a: Kartana|51\/100 par\n|\n|-weather|none\n|-heal|p2a: Kartana|57\/100 par|[from] Grassy Terrain\n|-heal|p1a: Booom|78\/100|[from] Grassy Terrain\n|upkeep\n|turn|29\n|inactive|drill wind has 135 seconds left.\n|\n|cant|p2a: Kartana|par\n|move|p1a: Booom|Megahorn|p2a: Kartana\n|-damage|p2a: Kartana|13\/100 par\n|\n|-heal|p2a: Kartana|19\/100 par|[from] Grassy Terrain\n|-heal|p1a: Booom|84\/100|[from] Grassy Terrain\n|-fieldend|move: Grassy Terrain\n|upkeep\n|turn|30\n|inactive|OGamer289 has 135 seconds left.\n|\n|move|p2a: Kartana|Knock Off|p1a: Booom\n|-resisted|p1a: Booom\n|-damage|p1a: Booom|72\/100\n|move|p1a: Booom|Wood Hammer|p2a: Kartana\n|-resisted|p2a: Kartana\n|-damage|p2a: Kartana|0 fnt\n|-damage|p1a: Booom|67\/100|[from] Recoil\n|faint|p2a: Kartana\n|\n|upkeep\n|inactive|drill wind has 135 seconds left.\n|\n|switch|p2a: Charizard|Charizard-Mega-Y, M|51\/100\n|-weather|SunnyDay|[from] ability: Drought|[of] p2a: Charizard\n|turn|31\n|\n|move|p2a: Charizard|Fire Blast|p1a: Booom|[miss]\n|-miss|p2a: Charizard|p1a: Booom\n|move|p1a: Booom|Stone Edge|p2a: Charizard\n|-supereffective|p2a: Charizard\n|-crit|p2a: Charizard\n|-damage|p2a: Charizard|0 fnt\n|faint|p2a: Charizard\n|\n|-weather|SunnyDay|[upkeep]\n|upkeep\n|inactive|drill wind has 135 seconds left.\n|\n|switch|p2a: Gastrodon|Gastrodon, M|88\/100 tox\n|turn|32\n|\n|move|p1a: Booom|Horn Leech|p2a: Gastrodon\n|-supereffective|p2a: Gastrodon\n|-damage|p2a: Gastrodon|0 fnt\n|-heal|p1a: Booom|100\/100|[from] drain|[of] p2a: Gastrodon\n|faint|p2a: Gastrodon\n|\n|-weather|SunnyDay|[upkeep]\n|upkeep\n|\n|switch|p2a: Tyranitar|Tyranitar, F|88\/100 tox\n|-weather|Sandstorm|[from] ability: Sand Stream|[of] p2a: Tyranitar\n|turn|33\n|\n|move|p1a: Booom|Horn Leech|p2a: Tyranitar\n|-supereffective|p2a: Tyranitar\n|-damage|p2a: Tyranitar|23\/100 tox\n|move|p2a: Tyranitar|Stone Edge|p1a: Booom\n|-damage|p1a: Booom|43\/100\n|\n|-weather|Sandstorm|[upkeep]\n|-damage|p1a: Booom|37\/100|[from] Sandstorm\n|-damage|p2a: Tyranitar|16\/100 tox|[from] psn\n|upkeep\n|turn|34\n|\n|move|p1a: Booom|Horn Leech|p2a: Tyranitar\n|-supereffective|p2a: Tyranitar\n|-damage|p2a: Tyranitar|0 fnt\n|-heal|p1a: Booom|47\/100|[from] drain|[of] p2a: Tyranitar\n|faint|p2a: Tyranitar\n|\n|win|OGamer289\n|raw|OGamer289's rating: 1535 &rarr; <strong>1549<\/strong><br \/>(+14 for winning)\n|raw|drill wind's rating: 1434 &rarr; <strong>1419<\/strong><br \/>(-15 for losing)\n","inputlog":null,"uploadtime":1526191655,"views":3,"p1id":"ogamer289","p2id":"drillwind","formatid":"gen7ou","rating":1419,"private":0,"password":null}