{"id":"gen7ou-650594675","p1":"BRB20","p2":"Pitaye","format":"gen7ou","log":"|j|BRB20\n|j|Pitaye\n|player|p1|BRB20|284\n|teamsize|p1|6\n|player|p2|Pitaye|36\n|teamsize|p2|6\n|gametype|singles\n|gen|7\n|tier|[Gen 7] OU\n|rated|\n|seed|40473,44530,5057,18364\n|rule|Sleep Clause Mod: Limit one foe put to sleep\n|rule|Species Clause: Limit one of each Pok\u00e9mon\n|rule|OHKO Clause: OHKO moves are banned\n|rule|Moody Clause: Moody is banned\n|rule|Evasion Moves Clause: Evasion moves are banned\n|rule|Endless Battle Clause: Forcing endless battles is banned\n|rule|HP Percentage Mod: HP is shown in percentages\n|clearpoke\n|poke|p1|Excadrill, M|item\n|poke|p1|Hippowdon, F|item\n|poke|p1|Tapu Lele|item\n|poke|p1|Volcarona, M|item\n|poke|p1|Breloom, F|item\n|poke|p1|Gyarados, M|item\n|poke|p2|Landorus-Therian, M|item\n|poke|p2|Diancie|item\n|poke|p2|Latios, M|item\n|poke|p2|Marowak-Alola, M|item\n|poke|p2|Cobalion|item\n|poke|p2|Ferrothorn, F|item\n|teampreview\n|inactive|Battle timer is ON: inactive players will automatically lose when time's up. (requested by BRB20)\n|choice|team 3, team 2, team 1, team 4, team 5, team 6|team 1, team 2, team 3, team 4, team 5, team 6\n|\n|start\n|switch|p1a: Tapu Lele|Tapu Lele|281\/281\n|switch|p2a: Landorus|Landorus-Therian, M|382\/382\n|-fieldstart|move: Psychic Terrain|[from] ability: Psychic Surge|[of] p1a: Tapu Lele\n|-ability|p2a: Landorus|Intimidate|boost\n|-unboost|p1a: Tapu Lele|atk|1\n|turn|1\n|choice|move psychic|switch 3\n|\n|switch|p2a: Latios|Latios, M|301\/301\n|move|p1a: Tapu Lele|Psychic|p2a: Latios\n|-resisted|p2a: Latios\n|-damage|p2a: Latios|175\/301\n|\n|upkeep\n|turn|2\n|choice|switch 2|switch 6\n|\n|switch|p2a: Ferrothorn|Ferrothorn, F|352\/352\n|switch|p1a: Hippowdon|Hippowdon, F|420\/420\n|-weather|Sandstorm|[from] ability: Sand Stream|[of] p1a: Hippowdon\n|\n|-weather|Sandstorm|[upkeep]\n|upkeep\n|turn|3\n|choice|move stealthrock|move knockoff\n|\n|move|p1a: Hippowdon|Stealth Rock|p2a: Ferrothorn\n|-sidestart|p2: Pitaye|move: Stealth Rock\n|move|p2a: Ferrothorn|Knock Off|p1a: Hippowdon\n|-damage|p1a: Hippowdon|369\/420\n|-enditem|p1a: Hippowdon|Smooth Rock|[from] move: Knock Off|[of] p2a: Ferrothorn\n|\n|-weather|Sandstorm|[upkeep]\n|upkeep\n|turn|4\n|choice|switch 4|move leechseed\n|\n|switch|p1a: Volcarona|Volcarona, M|311\/311\n|move|p2a: Ferrothorn|Leech Seed|p1a: Volcarona\n|-start|p1a: Volcarona|move: Leech Seed\n|\n|-weather|Sandstorm|[upkeep]\n|-damage|p1a: Volcarona|292\/311|[from] sandstorm\n|-damage|p1a: Volcarona|254\/311|[from] Leech Seed|[of] p2a: Ferrothorn\n|upkeep\n|turn|5\n|choice|move quiverdance|switch 3\n|\n|switch|p2a: Landorus|Landorus-Therian, M|382\/382\n|-damage|p2a: Landorus|335\/382|[from] Stealth Rock\n|-ability|p2a: Landorus|Intimidate|boost\n|-unboost|p1a: Volcarona|atk|1\n|move|p1a: Volcarona|Quiver Dance|p1a: Volcarona\n|-boost|p1a: Volcarona|spa|1\n|-boost|p1a: Volcarona|spd|1\n|-boost|p1a: Volcarona|spe|1\n|\n|-weather|Sandstorm|[upkeep]\n|-damage|p1a: Volcarona|235\/311|[from] sandstorm\n|-damage|p1a: Volcarona|197\/311|[from] Leech Seed|[of] p2a: Landorus\n|-heal|p2a: Landorus|373\/382|[silent]\n|-fieldend|move: Psychic Terrain\n|upkeep\n|turn|6\n|choice|move flamethrower|switch 5\n|\n|switch|p2a: Cobalion|Cobalion|324\/324\n|-damage|p2a: Cobalion|314\/324|[from] Stealth Rock\n|move|p1a: Volcarona|Flamethrower|p2a: Cobalion\n|-supereffective|p2a: Cobalion\n|-damage|p2a: Cobalion|0 fnt\n|-damage|p1a: Volcarona|166\/311|[from] item: Life Orb\n|faint|p2a: Cobalion\n|\n|-weather|Sandstorm|[upkeep]\n|-damage|p1a: Volcarona|147\/311|[from] sandstorm\n|upkeep\n|choice||switch 6\n|\n|switch|p2a: Latios|Latios, M|175\/301\n|-damage|p2a: Latios|138\/301|[from] Stealth Rock\n|turn|7\n|choice|move flamethrower|move psyshock\n|\n|move|p2a: Latios|Psyshock|p1a: Volcarona\n|-damage|p1a: Volcarona|0 fnt\n|faint|p1a: Volcarona\n|\n|-weather|Sandstorm|[upkeep]\n|-damage|p2a: Latios|120\/301|[from] sandstorm\n|upkeep\n|choice|switch 6|\n|\n|switch|p1a: Gyarados|Gyarados, M|331\/331\n|-ability|p1a: Gyarados|Intimidate|boost\n|-unboost|p2a: Latios|atk|1\n|turn|8\n|choice|move dragondance|switch 3\n|\n|switch|p2a: Ferrothorn|Ferrothorn, F|352\/352\n|-damage|p2a: Ferrothorn|330\/352|[from] Stealth Rock\n|move|p1a: Gyarados|Dragon Dance|p1a: Gyarados\n|-boost|p1a: Gyarados|atk|1\n|-boost|p1a: Gyarados|spe|1\n|\n|-weather|Sandstorm|[upkeep]\n|-damage|p1a: Gyarados|311\/331|[from] sandstorm\n|-heal|p2a: Ferrothorn|352\/352|[from] item: Leftovers\n|upkeep\n|turn|9\n|choice|move crunch mega|move leechseed\n|\n|detailschange|p1a: Gyarados|Gyarados-Mega, M\n|-mega|p1a: Gyarados|Gyarados|Gyaradosite\n|-ability|p1a: Gyarados|Mold Breaker\n|move|p1a: Gyarados|Crunch|p2a: Ferrothorn\n|-damage|p2a: Ferrothorn|181\/352\n|-damage|p1a: Gyarados|270\/331|[from] ability: Iron Barbs|[of] p2a: Ferrothorn\n|move|p2a: Ferrothorn|Leech Seed|p1a: Gyarados\n|-start|p1a: Gyarados|move: Leech Seed\n|\n|-weather|none\n|-heal|p2a: Ferrothorn|203\/352|[from] item: Leftovers\n|-damage|p1a: Gyarados|229\/331|[from] Leech Seed|[of] p2a: Ferrothorn\n|-heal|p2a: Ferrothorn|244\/352|[silent]\n|upkeep\n|turn|10\n|choice|move crunch|switch 5\n|\n|switch|p2a: Landorus|Landorus-Therian, M|373\/382\n|-damage|p2a: Landorus|326\/382|[from] Stealth Rock\n|-ability|p2a: Landorus|Intimidate|boost\n|-unboost|p1a: Gyarados|atk|1\n|move|p1a: Gyarados|Crunch|p2a: Landorus\n|-damage|p2a: Landorus|191\/382\n|-damage|p1a: Gyarados|174\/331|[from] item: Rocky Helmet|[of] p2a: Landorus\n|\n|-damage|p1a: Gyarados|133\/331|[from] Leech Seed|[of] p2a: Landorus\n|-heal|p2a: Landorus|232\/382|[silent]\n|upkeep\n|turn|11\n|choice|move crunch|switch 5\n|\n|switch|p2a: Ferrothorn|Ferrothorn, F|244\/352\n|-damage|p2a: Ferrothorn|222\/352|[from] Stealth Rock\n|move|p1a: Gyarados|Crunch|p2a: Ferrothorn\n|-damage|p2a: Ferrothorn|107\/352\n|-damage|p1a: Gyarados|92\/331|[from] ability: Iron Barbs|[of] p2a: Ferrothorn\n|\n|-heal|p2a: Ferrothorn|129\/352|[from] item: Leftovers\n|-damage|p1a: Gyarados|51\/331|[from] Leech Seed|[of] p2a: Ferrothorn\n|-heal|p2a: Ferrothorn|170\/352|[silent]\n|upkeep\n|turn|12\n|choice|move waterfall|move spikes\n|\n|move|p1a: Gyarados|Waterfall|p2a: Ferrothorn\n|-resisted|p2a: Ferrothorn\n|-damage|p2a: Ferrothorn|105\/352\n|-damage|p1a: Gyarados|10\/331|[from] ability: Iron Barbs|[of] p2a: Ferrothorn\n|move|p2a: Ferrothorn|Spikes|p1a: Gyarados\n|-sidestart|p1: BRB20|Spikes\n|\n|-heal|p2a: Ferrothorn|127\/352|[from] item: Leftovers\n|-damage|p1a: Gyarados|0 fnt|[from] Leech Seed|[of] p2a: Ferrothorn\n|-heal|p2a: Ferrothorn|137\/352|[silent]\n|upkeep\n|faint|p1a: Gyarados\n|choice|switch 3|\n|\n|switch|p1a: Excadrill|Excadrill, M|361\/361\n|-damage|p1a: Excadrill|316\/361|[from] Spikes\n|turn|13\n|choice|move ironhead zmove|switch 5\n|\n|switch|p2a: Landorus|Landorus-Therian, M|232\/382\n|-damage|p2a: Landorus|185\/382|[from] Stealth Rock\n|-ability|p2a: Landorus|Intimidate|boost\n|-unboost|p1a: Excadrill|atk|1\n|-zpower|p1a: Excadrill\n|move|p1a: Excadrill|Corkscrew Crash|p2a: Landorus|[zeffect]\n|-damage|p2a: Landorus|5\/382\n|\n|upkeep\n|turn|14\n|inactive|Pitaye has 120 seconds left.\n|choice|switch 4|move uturn\n|\n|switch|p1a: Hippowdon|Hippowdon, F|369\/420\n|-damage|p1a: Hippowdon|317\/420|[from] Spikes\n|-weather|Sandstorm|[from] ability: Sand Stream|[of] p1a: Hippowdon\n|move|p2a: Landorus|U-turn|p1a: Hippowdon\n|-damage|p1a: Hippowdon|269\/420\n|choice||switch 3\n|\n|switch|p2a: Latios|Latios, M|120\/301\n|-damage|p2a: Latios|83\/301|[from] Stealth Rock\n|\n|-weather|Sandstorm|[upkeep]\n|-damage|p2a: Latios|65\/301|[from] sandstorm\n|upkeep\n|turn|15\n|choice|move whirlwind|move defog\n|\n|move|p2a: Latios|Defog|p1a: Hippowdon\n|-unboost|p1a: Hippowdon|evasion|1\n|-sideend|p1: BRB20|Spikes|[from] move: Defog|[of] p1a: Hippowdon\n|-sideend|p2: Pitaye|Stealth Rock|[from] move: Defog|[of] p2a: Latios\n|move|p1a: Hippowdon|Whirlwind|p2a: Latios\n|drag|p2a: Marowak|Marowak-Alola, M|261\/261\n|\n|-weather|Sandstorm|[upkeep]\n|-damage|p2a: Marowak|245\/261|[from] sandstorm\n|upkeep\n|turn|16\n|choice|move stealthrock|switch 3\n|\n|switch|p2a: Landorus|Landorus-Therian, M|5\/382\n|-ability|p2a: Landorus|Intimidate|boost\n|-unboost|p1a: Hippowdon|atk|1\n|move|p1a: Hippowdon|Stealth Rock|p2a: Landorus\n|-sidestart|p2: Pitaye|move: Stealth Rock\n|\n|-weather|Sandstorm|[upkeep]\n|upkeep\n|turn|17\n|choice|move yawn|move stealthrock\n|\n|move|p2a: Landorus|Stealth Rock|p1a: Hippowdon\n|-sidestart|p1: BRB20|move: Stealth Rock\n|move|p1a: Hippowdon|Yawn|p2a: Landorus\n|-start|p2a: Landorus|move: Yawn|[of] p1a: Hippowdon\n|\n|-weather|Sandstorm|[upkeep]\n|upkeep\n|turn|18\n|choice|move whirlwind|move earthquake\n|\n|move|p2a: Landorus|Earthquake|p1a: Hippowdon\n|-damage|p1a: Hippowdon|163\/420\n|move|p1a: Hippowdon|Whirlwind|p2a: Landorus\n|drag|p2a: Marowak|Marowak-Alola, M|245\/261\n|-damage|p2a: Marowak|180\/261|[from] Stealth Rock\n|\n|-weather|none\n|upkeep\n|turn|19\n|choice|switch 5|move shadowbone\n|\n|switch|p1a: Breloom|Breloom, F|261\/261\n|-damage|p1a: Breloom|245\/261|[from] Stealth Rock\n|move|p2a: Marowak|Shadow Bone|p1a: Breloom\n|-damage|p1a: Breloom|0 fnt\n|faint|p1a: Breloom\n|\n|upkeep\n|choice|switch 5|\n|\n|switch|p1a: Hippowdon|Hippowdon, F|163\/420\n|-damage|p1a: Hippowdon|137\/420|[from] Stealth Rock\n|-weather|Sandstorm|[from] ability: Sand Stream|[of] p1a: Hippowdon\n|turn|20\n|choice|move yawn|move shadowbone\n|\n|move|p2a: Marowak|Shadow Bone|p1a: Hippowdon\n|-damage|p1a: Hippowdon|0 fnt\n|faint|p1a: Hippowdon\n|\n|-weather|Sandstorm|[upkeep]\n|-damage|p2a: Marowak|164\/261|[from] sandstorm\n|upkeep\n|choice|switch 4|\n|\n|switch|p1a: Excadrill|Excadrill, M|316\/361\n|-damage|p1a: Excadrill|305\/361|[from] Stealth Rock\n|turn|21\n|choice|move earthquake|switch 3\n|\n|switch|p2a: Landorus|Landorus-Therian, M|5\/382\n|-damage|p2a: Landorus|0 fnt|[from] Stealth Rock\n|faint|p2a: Landorus\n|move|p1a: Excadrill|Earthquake|p2: Landorus|[notarget]\n|-notarget\n|\n|-weather|Sandstorm|[upkeep]\n|upkeep\n|choice||switch 5\n|\n|switch|p2a: Ferrothorn|Ferrothorn, F|137\/352\n|-damage|p2a: Ferrothorn|115\/352|[from] Stealth Rock\n|turn|22\n|choice|move earthquake|move leechseed\n|\n|move|p1a: Excadrill|Earthquake|p2a: Ferrothorn\n|-damage|p2a: Ferrothorn|0 fnt\n|faint|p2a: Ferrothorn\n|\n|-weather|Sandstorm|[upkeep]\n|upkeep\n|choice||switch 4\n|\n|switch|p2a: Latios|Latios, M|65\/301\n|-damage|p2a: Latios|28\/301|[from] Stealth Rock\n|turn|23\n|choice|move rockslide|move dracometeor\n|\n|move|p1a: Excadrill|Rock Slide|p2a: Latios\n|-damage|p2a: Latios|0 fnt\n|faint|p2a: Latios\n|\n|-weather|Sandstorm|[upkeep]\n|upkeep\n|choice||switch 3\n|\n|switch|p2a: Marowak|Marowak-Alola, M|164\/261\n|-damage|p2a: Marowak|99\/261|[from] Stealth Rock\n|turn|24\n|choice|move earthquake|move firepunch\n|\n|move|p1a: Excadrill|Earthquake|p2a: Marowak\n|-supereffective|p2a: Marowak\n|-damage|p2a: Marowak|0 fnt\n|faint|p2a: Marowak\n|\n|-weather|none\n|upkeep\n|choice||switch 2\n|\n|switch|p2a: Diancie|Diancie|241\/241\n|-damage|p2a: Diancie|211\/241|[from] Stealth Rock\n|turn|25\n|choice|move ironhead|move earthpower mega\n|\n|detailschange|p2a: Diancie|Diancie-Mega\n|-mega|p2a: Diancie|Diancie|Diancite\n|move|p2a: Diancie|Earth Power|p1a: Excadrill\n|-supereffective|p1a: Excadrill\n|-crit|p1a: Excadrill\n|-damage|p1a: Excadrill|0 fnt\n|faint|p1a: Excadrill\n|\n|upkeep\n|choice|switch 2|\n|\n|switch|p1a: Tapu Lele|Tapu Lele|281\/281\n|-damage|p1a: Tapu Lele|246\/281|[from] Stealth Rock\n|-fieldstart|move: Psychic Terrain|[from] ability: Psychic Surge|[of] p1a: Tapu Lele\n|turn|26\n|choice|move psychic|move diamondstorm\n|\n|move|p1a: Tapu Lele|Psychic|p2a: Diancie\n|-damage|p2a: Diancie|0 fnt\n|faint|p2a: Diancie\n|\n|win|BRB20\n|l|Pitaye\n|raw|BRB20's rating: 1517 &rarr; <strong>1539<\/strong><br \/>(+22 for winning)\n|raw|Pitaye's rating: 1556 &rarr; <strong>1534<\/strong><br \/>(-22 for losing)","inputlog":null,"uploadtime":1509009720,"views":241,"p1id":"brb20","p2id":"pitaye","formatid":"gen7ou","rating":1534,"private":0,"password":null}