{"id":"gen7ou-1003655418","p1":"jan0123","p2":"Cowsrule247","format":"gen7ou","log":"|j|\u2606jan0123\n|j|\u2606Cowsrule247\n|player|p1|jan0123|265|1343\n|player|p2|Cowsrule247|192|1356\n|teamsize|p1|6\n|teamsize|p2|6\n|gametype|singles\n|gen|7\n|tier|[Gen 7] OU\n|rated|\n|rule|Sleep Clause Mod: Limit one foe put to sleep\n|rule|Species Clause: Limit one of each Pok\u00e9mon\n|rule|OHKO Clause: OHKO moves are banned\n|rule|Moody Clause: Moody is banned\n|rule|Evasion Moves Clause: Evasion moves are banned\n|rule|Endless Battle Clause: Forcing endless battles is banned\n|rule|HP Percentage Mod: HP is shown in percentages\n|clearpoke\n|poke|p1|Shuckle, F|item\n|poke|p1|Blissey, F|item\n|poke|p1|Umbreon, F|item\n|poke|p1|Tropius, F|item\n|poke|p1|Zoroark, F|item\n|poke|p1|Sigilyph, F|item\n|poke|p2|Heracross, F|item\n|poke|p2|Landorus-Therian, M|item\n|poke|p2|Magearna|item\n|poke|p2|Ferrothorn, F|item\n|poke|p2|Pelipper, M|item\n|poke|p2|Kingdra, M|item\n|teampreview\n|inactive|Battle timer is ON: inactive players will automatically lose when time's up. (requested by Cowsrule247)\n|\n|start\n|switch|p1a: Blissey|Blissey, F|100\/100\n|switch|p2a: Landorus|Landorus-Therian, M|100\/100\n|-ability|p2a: Landorus|Intimidate|boost\n|-unboost|p1a: Blissey|atk|1\n|turn|1\n|\n|move|p2a: Landorus|Stealth Rock|p1a: Blissey\n|-sidestart|p1: jan0123|move: Stealth Rock\n|move|p1a: Blissey|Toxic|p2a: Landorus\n|-status|p2a: Landorus|tox\n|\n|-damage|p2a: Landorus|94\/100 tox|[from] psn\n|upkeep\n|turn|2\n|\n|switch|p1a: Shuckle|Shuckle, F|100\/100\n|-damage|p1a: Shuckle|76\/100|[from] Stealth Rock\n|move|p2a: Landorus|U-turn|p1a: Shuckle\n|-damage|p1a: Shuckle|61\/100\n|\n|switch|p2a: Heracross|Heracross, F|100\/100|[from]move: U-turn\n|\n|upkeep\n|turn|3\n|\n|move|p2a: Heracross|Close Combat|p1a: Shuckle\n|-damage|p1a: Shuckle|12\/100\n|-unboost|p2a: Heracross|def|1\n|-unboost|p2a: Heracross|spd|1\n|move|p1a: Shuckle|Toxic|p2a: Heracross\n|-status|p2a: Heracross|tox\n|\n|-damage|p2a: Heracross|95\/100 tox|[from] psn\n|upkeep\n|turn|4\n|\n|move|p2a: Heracross|Close Combat|p1a: Shuckle\n|-damage|p1a: Shuckle|0 fnt\n|-unboost|p2a: Heracross|def|1\n|-unboost|p2a: Heracross|spd|1\n|faint|p1a: Shuckle\n|-ability|p2a: Heracross|Moxie|boost\n|-boost|p2a: Heracross|atk|1\n|\n|-damage|p2a: Heracross|83\/100 tox|[from] psn\n|upkeep\n|\n|switch|p1a: Sigilyph|Sigilyph, F|100\/100\n|turn|5\n|\n|detailschange|p2a: Heracross|Heracross-Mega, F\n|-mega|p2a: Heracross|Heracross|Heracronite\n|move|p1a: Sigilyph|Psychic|p2a: Heracross\n|-supereffective|p2a: Heracross\n|-damage|p2a: Heracross|0 fnt\n|faint|p2a: Heracross\n|\n|upkeep\n|\n|switch|p2a: Magearna|Magearna|100\/100\n|turn|6\n|\n|switch|p1a: Blissey|Blissey, F|100\/100\n|-damage|p1a: Blissey|88\/100|[from] Stealth Rock\n|move|p2a: Magearna|Volt Switch|p1a: Blissey\n|-damage|p1a: Blissey|81\/100\n|\n|switch|p2a: Ferrothorn|Ferrothorn, F|100\/100|[from]move: Volt Switch\n|\n|-heal|p1a: Blissey|87\/100|[from] item: Leftovers\n|upkeep\n|turn|7\n|\n|switch|p1a: Zoroark|Zoroark, F|100\/100\n|-damage|p1a: Zoroark|88\/100|[from] Stealth Rock\n|move|p2a: Ferrothorn|Spikes|p1a: Zoroark\n|-sidestart|p1: jan0123|Spikes\n|\n|upkeep\n|turn|8\n|\n|move|p1a: Zoroark|Trick|p2a: Ferrothorn\n|-activate|p1a: Zoroark|move: Trick|[of] p2a: Ferrothorn\n|-item|p2a: Ferrothorn|Choice Specs|[from] move: Trick\n|-item|p1a: Zoroark|Leftovers|[from] move: Trick\n|move|p2a: Ferrothorn|Spikes|p1a: Zoroark\n|-sidestart|p1: jan0123|Spikes\n|\n|-heal|p1a: Zoroark|94\/100|[from] item: Leftovers\n|upkeep\n|turn|9\n|\n|move|p1a: Zoroark|Focus Blast|p2a: Ferrothorn|[miss]\n|-miss|p1a: Zoroark|p2a: Ferrothorn\n|move|p2a: Ferrothorn|Spikes|p1a: Zoroark\n|-sidestart|p1: jan0123|Spikes\n|\n|-heal|p1a: Zoroark|100\/100|[from] item: Leftovers\n|upkeep\n|turn|10\n|\n|switch|p2a: Magearna|Magearna|100\/100\n|move|p1a: Zoroark|Dark Pulse|p2a: Magearna\n|-resisted|p2a: Magearna\n|-damage|p2a: Magearna|92\/100\n|\n|upkeep\n|turn|11\n|\n|switch|p1a: Blissey|Blissey, F|87\/100\n|-damage|p1a: Blissey|74\/100|[from] Stealth Rock\n|-damage|p1a: Blissey|50\/100|[from] Spikes\n|move|p2a: Magearna|Fleur Cannon|p1a: Blissey\n|-damage|p1a: Blissey|28\/100\n|-unboost|p2a: Magearna|spa|2\n|\n|-heal|p1a: Blissey|34\/100|[from] item: Leftovers\n|upkeep\n|turn|12\n|\n|move|p2a: Magearna|Iron Head|p1a: Blissey\n|-damage|p1a: Blissey|11\/100\n|move|p1a: Blissey|Soft-Boiled|p1a: Blissey\n|-heal|p1a: Blissey|61\/100\n|\n|-heal|p1a: Blissey|68\/100|[from] item: Leftovers\n|upkeep\n|turn|13\n|\n|move|p2a: Magearna|Volt Switch|p1a: Blissey\n|-damage|p1a: Blissey|64\/100\n|\n|switch|p2a: Landorus|Landorus-Therian, M|94\/100 tox|[from]move: Volt Switch\n|-ability|p2a: Landorus|Intimidate|boost\n|-unboost|p1a: Blissey|atk|1\n|move|p1a: Blissey|Soft-Boiled|p1a: Blissey\n|-heal|p1a: Blissey|100\/100\n|\n|-damage|p2a: Landorus|88\/100 tox|[from] psn\n|upkeep\n|turn|14\n|\n|move|p2a: Landorus|U-turn|p1a: Blissey\n|-damage|p1a: Blissey|80\/100\n|\n|switch|p2a: Magearna|Magearna|92\/100|[from]move: U-turn\n|move|p1a: Blissey|Seismic Toss|p2a: Magearna\n|-damage|p2a: Magearna|64\/100\n|\n|-heal|p1a: Blissey|86\/100|[from] item: Leftovers\n|upkeep\n|turn|15\n|\n|move|p2a: Magearna|Iron Head|p1a: Blissey\n|-damage|p1a: Blissey|62\/100\n|cant|p1a: Blissey|flinch\n|\n|-heal|p1a: Blissey|68\/100|[from] item: Leftovers\n|upkeep\n|turn|16\n|\n|move|p2a: Magearna|Iron Head|p1a: Blissey\n|-damage|p1a: Blissey|45\/100\n|cant|p1a: Blissey|flinch\n|\n|-heal|p1a: Blissey|51\/100|[from] item: Leftovers\n|upkeep\n|turn|17\n|\n|move|p2a: Magearna|Iron Head|p1a: Blissey\n|-damage|p1a: Blissey|28\/100\n|move|p1a: Blissey|Soft-Boiled|p1a: Blissey\n|-heal|p1a: Blissey|78\/100\n|\n|-heal|p1a: Blissey|84\/100|[from] item: Leftovers\n|upkeep\n|turn|18\n|\n|move|p2a: Magearna|Iron Head|p1a: Blissey\n|-damage|p1a: Blissey|61\/100\n|move|p1a: Blissey|Seismic Toss|p2a: Magearna\n|-damage|p2a: Magearna|37\/100\n|\n|-heal|p1a: Blissey|67\/100|[from] item: Leftovers\n|upkeep\n|turn|19\n|\n|move|p2a: Magearna|Iron Head|p1a: Blissey\n|-damage|p1a: Blissey|44\/100\n|move|p1a: Blissey|Seismic Toss|p2a: Magearna\n|-damage|p2a: Magearna|9\/100\n|\n|-heal|p1a: Blissey|50\/100|[from] item: Leftovers\n|upkeep\n|turn|20\n|\n|move|p2a: Magearna|Focus Blast|p1a: Blissey\n|-supereffective|p1a: Blissey\n|-damage|p1a: Blissey|24\/100\n|move|p1a: Blissey|Soft-Boiled|p1a: Blissey\n|-heal|p1a: Blissey|74\/100\n|\n|-heal|p1a: Blissey|80\/100|[from] item: Leftovers\n|upkeep\n|turn|21\n|\n|switch|p2a: Landorus|Landorus-Therian, M|88\/100 tox\n|-ability|p2a: Landorus|Intimidate|boost\n|-unboost|p1a: Blissey|atk|1\n|move|p1a: Blissey|Soft-Boiled|p1a: Blissey\n|-heal|p1a: Blissey|100\/100\n|\n|-damage|p2a: Landorus|82\/100 tox|[from] psn\n|upkeep\n|turn|22\n|\n|-zpower|p2a: Landorus\n|move|p2a: Landorus|Supersonic Skystrike|p1a: Blissey|[zeffect]\n|-damage|p1a: Blissey|31\/100\n|move|p1a: Blissey|Seismic Toss|p2a: Landorus\n|-damage|p2a: Landorus|56\/100 tox\n|\n|-heal|p1a: Blissey|38\/100|[from] item: Leftovers\n|-damage|p2a: Landorus|44\/100 tox|[from] psn\n|upkeep\n|turn|23\n|\n|move|p2a: Landorus|Earthquake|p1a: Blissey\n|-damage|p1a: Blissey|0 fnt\n|faint|p1a: Blissey\n|\n|-damage|p2a: Landorus|26\/100 tox|[from] psn\n|upkeep\n|\n|switch|p1a: Sigilyph|Sigilyph, F|100\/100\n|turn|24\n|\n|move|p1a: Sigilyph|Psychic|p2a: Landorus\n|-crit|p2a: Landorus\n|-damage|p2a: Landorus|0 fnt\n|faint|p2a: Landorus\n|\n|upkeep\n|\n|switch|p2a: Magearna|Magearna|9\/100\n|turn|25\n|\n|move|p1a: Sigilyph|Heat Wave|p2a: Magearna\n|-supereffective|p2a: Magearna\n|-crit|p2a: Magearna\n|-damage|p2a: Magearna|0 fnt\n|faint|p2a: Magearna\n|\n|upkeep\n|\n|switch|p2a: Pelipper|Pelipper, M|100\/100\n|-weather|RainDance|[from] ability: Drizzle|[of] p2a: Pelipper\n|turn|26\n|\n|switch|p2a: Ferrothorn|Ferrothorn, F|100\/100\n|move|p1a: Sigilyph|Psychic|p2a: Ferrothorn\n|-resisted|p2a: Ferrothorn\n|-damage|p2a: Ferrothorn|85\/100\n|\n|-weather|RainDance|[upkeep]\n|upkeep\n|turn|27\n|\n|move|p1a: Sigilyph|Heat Wave|p2a: Ferrothorn\n|-supereffective|p2a: Ferrothorn\n|-damage|p2a: Ferrothorn|39\/100\n|move|p2a: Ferrothorn|Knock Off|p1a: Sigilyph\n|-supereffective|p1a: Sigilyph\n|-damage|p1a: Sigilyph|36\/100\n|-enditem|p1a: Sigilyph|Life Orb|[from] move: Knock Off|[of] p2a: Ferrothorn\n|\n|-weather|RainDance|[upkeep]\n|upkeep\n|turn|28\n|\n|move|p1a: Sigilyph|Roost|p1a: Sigilyph\n|-heal|p1a: Sigilyph|86\/100\n|-singleturn|p1a: Sigilyph|move: Roost\n|move|p2a: Ferrothorn|Knock Off|p1a: Sigilyph\n|-supereffective|p1a: Sigilyph\n|-damage|p1a: Sigilyph|43\/100\n|\n|-weather|RainDance|[upkeep]\n|upkeep\n|turn|29\n|\n|move|p1a: Sigilyph|Roost|p1a: Sigilyph\n|-heal|p1a: Sigilyph|93\/100\n|-singleturn|p1a: Sigilyph|move: Roost\n|move|p2a: Ferrothorn|Knock Off|p1a: Sigilyph\n|-supereffective|p1a: Sigilyph\n|-damage|p1a: Sigilyph|50\/100\n|\n|-weather|RainDance|[upkeep]\n|upkeep\n|turn|30\n|\n|move|p1a: Sigilyph|Roost|p1a: Sigilyph\n|-heal|p1a: Sigilyph|99\/100\n|-singleturn|p1a: Sigilyph|move: Roost\n|move|p2a: Ferrothorn|Knock Off|p1a: Sigilyph\n|-supereffective|p1a: Sigilyph\n|-damage|p1a: Sigilyph|57\/100\n|\n|-weather|none\n|upkeep\n|turn|31\n|\n|move|p1a: Sigilyph|Heat Wave|p2a: Ferrothorn\n|-supereffective|p2a: Ferrothorn\n|-damage|p2a: Ferrothorn|0 fnt\n|faint|p2a: Ferrothorn\n|\n|upkeep\n|\n|switch|p2a: Pelipper|Pelipper, M|100\/100\n|-weather|RainDance|[from] ability: Drizzle|[of] p2a: Pelipper\n|turn|32\n|\n|switch|p1a: Umbreon|Umbreon, F|100\/100\n|-damage|p1a: Umbreon|76\/100|[from] Spikes\n|-damage|p1a: Umbreon|63\/100|[from] Stealth Rock\n|switch|p2a: Kingdra|Kingdra, M|100\/100\n|\n|-weather|RainDance|[upkeep]\n|-heal|p1a: Umbreon|69\/100|[from] item: Leftovers\n|upkeep\n|turn|33\n|\n|move|p2a: Kingdra|Surf|p1a: Umbreon\n|-damage|p1a: Umbreon|21\/100\n|move|p1a: Umbreon|Toxic|p2a: Kingdra\n|-status|p2a: Kingdra|tox\n|\n|-weather|RainDance|[upkeep]\n|-heal|p1a: Umbreon|27\/100|[from] item: Leftovers\n|-damage|p2a: Kingdra|94\/100 tox|[from] psn\n|upkeep\n|turn|34\n|\n|move|p1a: Umbreon|Protect|p1a: Umbreon\n|-singleturn|p1a: Umbreon|Protect\n|move|p2a: Kingdra|Surf|p1a: Umbreon\n|-activate|p1a: Umbreon|move: Protect\n|\n|-weather|RainDance|[upkeep]\n|-heal|p1a: Umbreon|33\/100|[from] item: Leftovers\n|-damage|p2a: Kingdra|82\/100 tox|[from] psn\n|upkeep\n|turn|35\n|\n|move|p2a: Kingdra|Surf|p1a: Umbreon\n|-damage|p1a: Umbreon|0 fnt\n|faint|p1a: Umbreon\n|\n|-weather|RainDance|[upkeep]\n|-damage|p2a: Kingdra|64\/100 tox|[from] psn\n|upkeep\n|\n|switch|p1a: Zoroark|Zoroark, F|100\/100\n|-damage|p1a: Zoroark|76\/100|[from] Spikes\n|-damage|p1a: Zoroark|63\/100|[from] Stealth Rock\n|turn|36\n|\n|move|p2a: Kingdra|Surf|p1a: Zoroark\n|-damage|p1a: Zoroark|0 fnt\n|faint|p1a: Zoroark\n|\n|-weather|none\n|-damage|p2a: Kingdra|39\/100 tox|[from] psn\n|upkeep\n|\n|switch|p1a: Tropius|Tropius, F|100\/100\n|-damage|p1a: Tropius|76\/100|[from] Stealth Rock\n|turn|37\n|\n|switch|p2a: Pelipper|Pelipper, M|100\/100\n|-weather|RainDance|[from] ability: Drizzle|[of] p2a: Pelipper\n|move|p1a: Tropius|Protect||[still]\n|-fail|p1a: Tropius\n|\n|-weather|RainDance|[upkeep]\n|upkeep\n|turn|38\n|\n|move|p1a: Tropius|Protect|p1a: Tropius\n|-singleturn|p1a: Tropius|Protect\n|move|p2a: Pelipper|U-turn|p1a: Tropius\n|-activate|p1a: Tropius|move: Protect\n|\n|-weather|RainDance|[upkeep]\n|upkeep\n|turn|39\n|\n|switch|p2a: Kingdra|Kingdra, M|39\/100 tox\n|move|p1a: Tropius|Substitute|p1a: Tropius\n|-start|p1a: Tropius|Substitute\n|-damage|p1a: Tropius|51\/100\n|\n|-weather|RainDance|[upkeep]\n|-damage|p2a: Kingdra|33\/100 tox|[from] psn\n|upkeep\n|turn|40\n|\n|move|p1a: Tropius|Protect|p1a: Tropius\n|-singleturn|p1a: Tropius|Protect\n|move|p2a: Kingdra|Ice Beam|p1a: Tropius\n|-activate|p1a: Tropius|move: Protect\n|\n|-weather|RainDance|[upkeep]\n|-damage|p2a: Kingdra|20\/100 tox|[from] psn\n|upkeep\n|turn|41\n|\n|move|p2a: Kingdra|Ice Beam|p1a: Tropius\n|-supereffective|p1a: Tropius\n|-end|p1a: Tropius|Substitute\n|move|p1a: Tropius|Leech Seed|p2a: Kingdra\n|-start|p2a: Kingdra|move: Leech Seed\n|\n|-weather|none\n|-damage|p2a: Kingdra|8\/100 tox|[from] Leech Seed|[of] p1a: Tropius\n|-heal|p1a: Tropius|60\/100|[silent]\n|-damage|p2a: Kingdra|0 fnt|[from] psn\n|faint|p2a: Kingdra\n|upkeep\n|\n|switch|p2a: Pelipper|Pelipper, M|100\/100\n|-weather|RainDance|[from] ability: Drizzle|[of] p2a: Pelipper\n|turn|42\n|\n|move|p1a: Tropius|Protect|p1a: Tropius\n|-singleturn|p1a: Tropius|Protect\n|move|p2a: Pelipper|Hydro Pump|p1a: Tropius\n|-activate|p1a: Tropius|move: Protect\n|\n|-weather|RainDance|[upkeep]\n|upkeep\n|turn|43\n|\n|move|p2a: Pelipper|Hydro Pump|p1a: Tropius\n|-resisted|p1a: Tropius\n|-damage|p1a: Tropius|6\/100\n|-enditem|p1a: Tropius|Sitrus Berry|[eat]\n|-heal|p1a: Tropius|31\/100|[from] item: Sitrus Berry\n|move|p1a: Tropius|Leech Seed|p2a: Pelipper\n|-start|p2a: Pelipper|move: Leech Seed\n|\n|-weather|RainDance|[upkeep]\n|-damage|p2a: Pelipper|88\/100|[from] Leech Seed|[of] p1a: Tropius\n|-heal|p1a: Tropius|39\/100|[silent]\n|-item|p1a: Tropius|Sitrus Berry|[from] ability: Harvest\n|upkeep\n|-enditem|p1a: Tropius|Sitrus Berry|[eat]\n|-heal|p1a: Tropius|64\/100|[from] item: Sitrus Berry\n|turn|44\n|\n|move|p1a: Tropius|Protect|p1a: Tropius\n|-singleturn|p1a: Tropius|Protect\n|move|p2a: Pelipper|Hydro Pump|p1a: Tropius\n|-activate|p1a: Tropius|move: Protect\n|\n|-weather|RainDance|[upkeep]\n|-damage|p2a: Pelipper|76\/100|[from] Leech Seed|[of] p1a: Tropius\n|-heal|p1a: Tropius|72\/100|[silent]\n|-item|p1a: Tropius|Sitrus Berry|[from] ability: Harvest\n|upkeep\n|turn|45\n|\n|move|p2a: Pelipper|Hydro Pump|p1a: Tropius\n|-resisted|p1a: Tropius\n|-damage|p1a: Tropius|21\/100\n|-enditem|p1a: Tropius|Sitrus Berry|[eat]\n|-heal|p1a: Tropius|46\/100|[from] item: Sitrus Berry\n|move|p1a: Tropius|Substitute|p1a: Tropius\n|-start|p1a: Tropius|Substitute\n|-damage|p1a: Tropius|21\/100\n|\n|-weather|RainDance|[upkeep]\n|-damage|p2a: Pelipper|64\/100|[from] Leech Seed|[of] p1a: Tropius\n|-heal|p1a: Tropius|29\/100|[silent]\n|upkeep\n|turn|46\n|\n|move|p1a: Tropius|Protect|p1a: Tropius\n|-singleturn|p1a: Tropius|Protect\n|move|p2a: Pelipper|Hydro Pump|p1a: Tropius\n|-activate|p1a: Tropius|move: Protect\n|\n|-weather|none\n|-damage|p2a: Pelipper|51\/100|[from] Leech Seed|[of] p1a: Tropius\n|-heal|p1a: Tropius|37\/100|[silent]\n|upkeep\n|turn|47\n|\n|move|p2a: Pelipper|Hydro Pump|p1a: Tropius|[miss]\n|-miss|p2a: Pelipper|p1a: Tropius\n|move|p1a: Tropius|Substitute|p1a: Tropius\n|-fail|p1a: Tropius|move: Substitute\n|\n|-damage|p2a: Pelipper|39\/100|[from] Leech Seed|[of] p1a: Tropius\n|-heal|p1a: Tropius|45\/100|[silent]\n|upkeep\n|turn|48\n|-message|Cowsrule247 forfeited.\n|\n|win|jan0123\n|l|\u2606Cowsrule247\n","uploadtime":1572847831,"views":0,"p1id":"jan0123","p2id":"cowsrule247","formatid":"gen7ou","rating":0,"private":0,"password":null}