{"id":"gen7monotype-979185573","p1":"Shardul888","p2":"Clebon","format":"gen7monotype","log":"|j|\u2606Shardul888\n|j|\u2606Clebon\n|player|p1|Shardul888|92|1327\n|player|p2|Clebon|101|1403\n|teamsize|p1|6\n|teamsize|p2|6\n|gametype|singles\n|gen|7\n|tier|[Gen 7] Monotype\n|rated|\n|rule|Sleep Clause Mod: Limit one foe put to sleep\n|rule|Species Clause: Limit one of each Pok\u00e9mon\n|rule|OHKO Clause: OHKO moves are banned\n|rule|Moody Clause: Moody is banned\n|rule|Evasion Moves Clause: Evasion moves are banned\n|rule|Endless Battle Clause: Forcing endless battles is banned\n|rule|HP Percentage Mod: HP is shown in percentages\n|rule|Swagger Clause: Swagger is banned\n|rule|Same Type Clause: Pok\u00e9mon in a team must share a type\n|clearpoke\n|poke|p1|Venusaur, M|item\n|poke|p1|Nihilego|item\n|poke|p1|Scolipede, M|item\n|poke|p1|Toxapex, F|item\n|poke|p1|Golbat, F|item\n|poke|p1|Muk-Alola, M|item\n|poke|p2|Beedrill, M|item\n|poke|p2|Volcarona, F|item\n|poke|p2|Forretress, M|item\n|poke|p2|Galvantula, M|item\n|poke|p2|Scizor, M|item\n|poke|p2|Heracross, M|item\n|teampreview\n|inactive|Battle timer is ON: inactive players will automatically lose when time's up. (requested by Shardul888)\n|\n|start\n|switch|p1a: Muk|Muk-Alola, M|100\/100\n|switch|p2a: ForrESTR\u00c9S|Forretress, M|100\/100\n|turn|1\n|\n|move|p1a: Muk|Knock Off|p2a: ForrESTR\u00c9S\n|-damage|p2a: ForrESTR\u00c9S|76\/100\n|-enditem|p2a: ForrESTR\u00c9S|Leftovers|[from] move: Knock Off|[of] p1a: Muk\n|move|p2a: ForrESTR\u00c9S|Stealth Rock|p1a: Muk\n|-sidestart|p1: Shardul888|move: Stealth Rock\n|\n|upkeep\n|turn|2\n|j| Aimaina\n|\n|switch|p2a: Galvantula|Galvantula, M|100\/100\n|move|p1a: Muk|Fire Punch|p2a: Galvantula\n|-supereffective|p2a: Galvantula\n|-damage|p2a: Galvantula|5\/100\n|\n|upkeep\n|turn|3\n|\n|move|p2a: Galvantula|Sticky Web|p1a: Muk\n|-sidestart|p1: Shardul888|move: Sticky Web\n|move|p1a: Muk|Poison Jab|p2a: Galvantula\n|-damage|p2a: Galvantula|0 fnt\n|faint|p2a: Galvantula\n|\n|upkeep\n|\n|switch|p2a: Pikashu|Beedrill, M|100\/100\n|turn|4\n|\n|detailschange|p2a: Pikashu|Beedrill-Mega, M\n|-mega|p2a: Pikashu|Beedrill|Beedrillite\n|move|p2a: Pikashu|U-turn|p1a: Muk\n|-damage|p1a: Muk|43\/100\n|\n|switch|p2a: ForrESTR\u00c9S|Forretress, M|76\/100|[from]move: U-turn\n|move|p1a: Muk|Fire Punch|p2a: ForrESTR\u00c9S\n|-supereffective|p2a: ForrESTR\u00c9S\n|-damage|p2a: ForrESTR\u00c9S|25\/100\n|\n|upkeep\n|turn|5\n|\n|move|p1a: Muk|Fire Punch|p2a: ForrESTR\u00c9S\n|-supereffective|p2a: ForrESTR\u00c9S\n|-damage|p2a: ForrESTR\u00c9S|0 fnt\n|faint|p2a: ForrESTR\u00c9S\n|\n|upkeep\n|\n|switch|p2a: Pikashu|Beedrill-Mega, M|100\/100\n|turn|6\n|\n|switch|p1a: Toxapex|Toxapex, F|100\/100\n|-damage|p1a: Toxapex|88\/100|[from] Stealth Rock\n|-activate|p1a: Toxapex|move: Sticky Web\n|-unboost|p1a: Toxapex|spe|1\n|move|p2a: Pikashu|U-turn|p1a: Toxapex\n|-resisted|p1a: Toxapex\n|-damage|p1a: Toxapex|68\/100\n|\n|switch|p2a: Terri|Heracross, M|100\/100|[from]move: U-turn\n|\n|-heal|p1a: Toxapex|74\/100|[from] item: Leftovers\n|upkeep\n|turn|7\n|\n|move|p1a: Toxapex|Baneful Bunker|p1a: Toxapex\n|-singleturn|p1a: Toxapex|move: Protect\n|move|p2a: Terri|Rock Slide|p1a: Toxapex\n|-activate|p1a: Toxapex|move: Protect\n|\n|-heal|p1a: Toxapex|80\/100|[from] item: Leftovers\n|upkeep\n|turn|8\n|\n|switch|p2a: Volcarona|Volcarona, F|100\/100\n|move|p1a: Toxapex|Scald|p2a: Volcarona\n|-supereffective|p2a: Volcarona\n|-damage|p2a: Volcarona|66\/100\n|\n|-heal|p2a: Volcarona|72\/100|[from] item: Leftovers\n|-heal|p1a: Toxapex|86\/100|[from] item: Leftovers\n|upkeep\n|turn|9\n|\n|switch|p1a: Golbat|Golbat, F|100\/100\n|-damage|p1a: Golbat|76\/100|[from] Stealth Rock\n|move|p2a: Volcarona|Quiver Dance|p2a: Volcarona\n|-boost|p2a: Volcarona|spa|1\n|-boost|p2a: Volcarona|spd|1\n|-boost|p2a: Volcarona|spe|1\n|\n|-heal|p2a: Volcarona|78\/100|[from] item: Leftovers\n|upkeep\n|turn|10\n|\n|move|p2a: Volcarona|Fiery Dance|p1a: Golbat\n|-damage|p1a: Golbat|30\/100\n|-boost|p2a: Volcarona|spa|1\n|move|p1a: Golbat|Defog|p2a: Volcarona\n|-unboost|p2a: Volcarona|evasion|1\n|-sideend|p1: Shardul888|Stealth Rock|[from] move: Defog|[of] p1a: Golbat\n|-sideend|p1: Shardul888|Sticky Web|[from] move: Defog|[of] p1a: Golbat\n|\n|-heal|p2a: Volcarona|84\/100|[from] item: Leftovers\n|upkeep\n|turn|11\n|\n|move|p2a: Volcarona|Quiver Dance|p2a: Volcarona\n|-boost|p2a: Volcarona|spa|1\n|-boost|p2a: Volcarona|spd|1\n|-boost|p2a: Volcarona|spe|1\n|move|p1a: Golbat|Toxic|p2a: Volcarona\n|-status|p2a: Volcarona|tox\n|\n|-heal|p2a: Volcarona|90\/100 tox|[from] item: Leftovers\n|-damage|p2a: Volcarona|84\/100 tox|[from] psn\n|upkeep\n|turn|12\n|\n|switch|p1a: Toxapex|Toxapex, F|100\/100\n|move|p2a: Volcarona|Fiery Dance|p1a: Toxapex\n|-resisted|p1a: Toxapex\n|-damage|p1a: Toxapex|63\/100\n|-boost|p2a: Volcarona|spa|1\n|\n|-heal|p2a: Volcarona|90\/100 tox|[from] item: Leftovers\n|-heal|p1a: Toxapex|70\/100|[from] item: Leftovers\n|-damage|p2a: Volcarona|78\/100 tox|[from] psn\n|upkeep\n|turn|13\n|\n|move|p1a: Toxapex|Baneful Bunker|p1a: Toxapex\n|-singleturn|p1a: Toxapex|move: Protect\n|move|p2a: Volcarona|Giga Drain|p1a: Toxapex\n|-activate|p1a: Toxapex|move: Protect\n|\n|-heal|p2a: Volcarona|84\/100 tox|[from] item: Leftovers\n|-heal|p1a: Toxapex|76\/100|[from] item: Leftovers\n|-damage|p2a: Volcarona|66\/100 tox|[from] psn\n|upkeep\n|turn|14\n|\n|move|p2a: Volcarona|Giga Drain|p1a: Toxapex\n|-damage|p1a: Toxapex|15\/100\n|-heal|p2a: Volcarona|96\/100 tox|[from] drain|[of] p1a: Toxapex\n|move|p1a: Toxapex|Haze|p1a: Toxapex\n|-clearallboost\n|\n|-heal|p2a: Volcarona|100\/100 tox|[from] item: Leftovers\n|-heal|p1a: Toxapex|21\/100|[from] item: Leftovers\n|-damage|p2a: Volcarona|76\/100 tox|[from] psn\n|upkeep\n|turn|15\n|\n|switch|p1a: Nihilego|Nihilego|100\/100\n|move|p2a: Volcarona|Giga Drain|p1a: Nihilego\n|-damage|p1a: Nihilego|81\/100\n|-heal|p2a: Volcarona|87\/100 tox|[from] drain|[of] p1a: Nihilego\n|\n|-heal|p2a: Volcarona|93\/100 tox|[from] item: Leftovers\n|-damage|p2a: Volcarona|63\/100 tox|[from] psn\n|upkeep\n|turn|16\n|\n|move|p1a: Nihilego|Power Gem|p2a: Volcarona\n|-supereffective|p2a: Volcarona\n|-damage|p2a: Volcarona|0 fnt\n|faint|p2a: Volcarona\n|-ability|p1a: Nihilego|Beast Boost|boost\n|-boost|p1a: Nihilego|spa|1\n|\n|upkeep\n|\n|switch|p2a: Scizor|Scizor, M|100\/100\n|turn|17\n|\n|switch|p1a: Toxapex|Toxapex, F|54\/100\n|move|p2a: Scizor|Bullet Punch|p1a: Toxapex\n|-resisted|p1a: Toxapex\n|-crit|p1a: Toxapex\n|-damage|p1a: Toxapex|36\/100\n|\n|-heal|p1a: Toxapex|42\/100|[from] item: Leftovers\n|upkeep\n|turn|18\n|\n|switch|p2a: Pikashu|Beedrill-Mega, M|100\/100\n|move|p1a: Toxapex|Scald|p2a: Pikashu\n|-damage|p2a: Pikashu|74\/100\n|\n|-heal|p1a: Toxapex|48\/100|[from] item: Leftovers\n|upkeep\n|turn|19\n|\n|move|p1a: Toxapex|Baneful Bunker|p1a: Toxapex\n|-singleturn|p1a: Toxapex|move: Protect\n|move|p2a: Pikashu|Drill Run|p1a: Toxapex\n|-activate|p1a: Toxapex|move: Protect\n|\n|-heal|p1a: Toxapex|54\/100|[from] item: Leftovers\n|upkeep\n|turn|20\n|\n|move|p2a: Pikashu|U-turn|p1a: Toxapex\n|-resisted|p1a: Toxapex\n|-damage|p1a: Toxapex|33\/100\n|\n|switch|p2a: Terri|Heracross, M|100\/100|[from]move: U-turn\n|move|p1a: Toxapex|Scald|p2a: Terri\n|-damage|p2a: Terri|82\/100\n|-status|p2a: Terri|brn\n|\n|-heal|p1a: Toxapex|40\/100|[from] item: Leftovers\n|-damage|p2a: Terri|76\/100 brn|[from] brn\n|upkeep\n|turn|21\n|\n|move|p2a: Terri|Earthquake|p1a: Toxapex\n|-supereffective|p1a: Toxapex\n|-damage|p1a: Toxapex|11\/100\n|move|p1a: Toxapex|Haze|p1a: Toxapex\n|-clearallboost\n|\n|-heal|p1a: Toxapex|17\/100|[from] item: Leftovers\n|-damage|p2a: Terri|70\/100 brn|[from] brn\n|upkeep\n|turn|22\n|\n|switch|p2a: Scizor|Scizor, M|100\/100\n|switch|p1a: Golbat|Golbat, F|30\/100\n|\n|upkeep\n|turn|23\n|\n|move|p1a: Golbat|Roost|p1a: Golbat\n|-heal|p1a: Golbat|80\/100\n|-singleturn|p1a: Golbat|move: Roost\n|move|p2a: Scizor|Swords Dance|p2a: Scizor\n|-boost|p2a: Scizor|atk|2\n|\n|upkeep\n|turn|24\n|\n|switch|p1a: Toxapex|Toxapex, F|50\/100\n|move|p2a: Scizor|Swords Dance|p2a: Scizor\n|-boost|p2a: Scizor|atk|2\n|\n|-heal|p1a: Toxapex|57\/100|[from] item: Leftovers\n|upkeep\n|turn|25\n|\n|move|p2a: Scizor|Bug Bite|p1a: Toxapex\n|-resisted|p1a: Toxapex\n|-damage|p1a: Toxapex|0 fnt\n|faint|p1a: Toxapex\n|\n|upkeep\n|\n|switch|p1a: Muk|Muk-Alola, M|43\/100\n|turn|26\n|\n|move|p2a: Scizor|Bullet Punch|p1a: Muk\n|-damage|p1a: Muk|0 fnt\n|faint|p1a: Muk\n|\n|upkeep\n|\n|switch|p1a: Venusaur|Venusaur, M|100\/100\n|turn|27\n|\n|detailschange|p1a: Venusaur|Venusaur-Mega, M\n|-mega|p1a: Venusaur|Venusaur|Venusaurite\n|move|p2a: Scizor|Bullet Punch|p1a: Venusaur\n|-damage|p1a: Venusaur|21\/100\n|move|p1a: Venusaur|Leech Seed|p2a: Scizor\n|-start|p2a: Scizor|move: Leech Seed\n|\n|-damage|p2a: Scizor|88\/100|[from] Leech Seed|[of] p1a: Venusaur\n|-heal|p1a: Venusaur|32\/100|[silent]\n|upkeep\n|turn|28\n|\n|move|p1a: Venusaur|Synthesis|p1a: Venusaur\n|-heal|p1a: Venusaur|82\/100\n|move|p2a: Scizor|Bug Bite|p1a: Venusaur\n|-damage|p1a: Venusaur|0 fnt\n|faint|p1a: Venusaur\n|\n|-heal|p2a: Scizor|94\/100|[from] item: Leftovers\n|upkeep\n|\n|switch|p1a: Nihilego|Nihilego|81\/100\n|turn|29\n|\n|move|p2a: Scizor|Bullet Punch|p1a: Nihilego\n|-supereffective|p1a: Nihilego\n|-damage|p1a: Nihilego|0 fnt\n|faint|p1a: Nihilego\n|\n|-heal|p2a: Scizor|99\/100|[from] item: Leftovers\n|upkeep\n|\n|switch|p1a: Scolipede|Scolipede, M|100\/100\n|turn|30\n|\n|move|p1a: Scolipede|Protect|p1a: Scolipede\n|-singleturn|p1a: Scolipede|Protect\n|move|p2a: Scizor|Bullet Punch|p1a: Scolipede\n|-activate|p1a: Scolipede|move: Protect\n|\n|-heal|p2a: Scizor|100\/100|[from] item: Leftovers\n|-damage|p2a: Scizor|88\/100|[from] Leech Seed|[of] p1a: Scolipede\n|-ability|p1a: Scolipede|Speed Boost|boost\n|-boost|p1a: Scolipede|spe|1\n|upkeep\n|turn|31\n|\n|move|p2a: Scizor|Bullet Punch|p1a: Scolipede\n|-damage|p1a: Scolipede|0 fnt\n|faint|p1a: Scolipede\n|\n|-heal|p2a: Scizor|94\/100|[from] item: Leftovers\n|upkeep\n|-message|Shardul888 forfeited.\n|\n|win|Clebon\n|l|\u2606Shardul888\n|l| Aimaina\n||Ladder (probably) updated, but score could not be retrieved (Response not received).\n","uploadtime":1569002460,"views":8,"p1id":"shardul888","p2id":"clebon","formatid":"gen7monotype","rating":0,"private":0,"password":null}