{"id":"gen7ou-1546019459","p1":"Ayante","p2":"elracing","format":"gen7ou","log":"|j|\u2606Ayante\n|j|\u2606elracing\n|t:|1649102037\n|gametype|singles\n|player|p1|Ayante|tuberf|\n|player|p2|elracing|clemont|\n|teamsize|p1|6\n|teamsize|p2|6\n|gen|7\n|tier|[Gen 7] OU\n|rated|Tournament battle\n|rule|Sleep Clause Mod: Limit one foe put to sleep\n|rule|Species Clause: Limit one of each Pok\u00e9mon\n|rule|OHKO Clause: OHKO moves are banned\n|rule|Moody Clause: Moody is banned\n|rule|Evasion Moves Clause: Evasion moves are banned\n|rule|Endless Battle Clause: Forcing endless battles is banned\n|rule|HP Percentage Mod: HP is shown in percentages\n|clearpoke\n|poke|p1|Latias, F|item\n|poke|p1|Weavile, F|item\n|poke|p1|Skarmory, M|item\n|poke|p1|Chansey, F|item\n|poke|p1|Hippowdon, F|item\n|poke|p1|Magnezone|item\n|poke|p2|Medicham, F|item\n|poke|p2|Magearna|item\n|poke|p2|Greninja, M|item\n|poke|p2|Tapu Lele|item\n|poke|p2|Kartana|item\n|poke|p2|Landorus-Therian, M|item\n|teampreview\n|j|+Diegogris\n|inactive|Battle timer is ON: inactive players will automatically lose when time's up. (requested by elracing)\n|\n|t:|1649102052\n|start\n|switch|p1a: Hippowdon|Hippowdon, F|100\/100\n|switch|p2a: Greninja|Greninja, M|100\/100\n|-weather|Sandstorm|[from] ability: Sand Stream|[of] p1a: Hippowdon\n|turn|1\n|j| siriaco el sabroso\n|\n|t:|1649102059\n|switch|p1a: Chansey|Chansey, F|100\/100\n|move|p2a: Greninja|U-turn|p1a: Chansey\n|-damage|p1a: Chansey|91\/100\n|j| ZaTiddus\n|\n|t:|1649102063\n|switch|p2a: Medicham|Medicham, F|100\/100|[from]move: U-turn\n|\n|-weather|Sandstorm|[upkeep]\n|-damage|p2a: Medicham|94\/100|[from] Sandstorm\n|-damage|p1a: Chansey|85\/100|[from] Sandstorm\n|upkeep\n|turn|2\n|\n|t:|1649102067\n|switch|p1a: Hippowdon|Hippowdon, F|100\/100\n|detailschange|p2a: Medicham|Medicham-Mega, F\n|-mega|p2a: Medicham|Medicham|Medichamite\n|move|p2a: Medicham|High Jump Kick|p1a: Hippowdon\n|-damage|p1a: Hippowdon|34\/100\n|-damage|p2a: Medicham|78\/100|[from] item: Rocky Helmet|[of] p1a: Hippowdon\n|\n|-weather|Sandstorm|[upkeep]\n|-damage|p2a: Medicham|72\/100|[from] Sandstorm\n|upkeep\n|turn|3\n|j| Yahtze\n|\n|t:|1649102084\n|move|p2a: Medicham|Ice Punch|p1a: Hippowdon\n|-supereffective|p1a: Hippowdon\n|-crit|p1a: Hippowdon\n|-damage|p1a: Hippowdon|0 fnt\n|-damage|p2a: Medicham|55\/100|[from] item: Rocky Helmet|[of] p1a: Hippowdon\n|faint|p1a: Hippowdon\n|\n|-weather|Sandstorm|[upkeep]\n|-damage|p2a: Medicham|49\/100|[from] Sandstorm\n|upkeep\n|j| Damm u captcha\n|\n|t:|1649102098\n|switch|p1a: Weavile|Weavile, F|100\/100\n|-ability|p1a: Weavile|Pressure\n|turn|4\n|j| Franko159\n|\n|t:|1649102107\n|switch|p2a: Magearna|Magearna|100\/100\n|move|p1a: Weavile|Icicle Crash|p2a: Magearna\n|-resisted|p2a: Magearna\n|-damage|p2a: Magearna|76\/100\n|\n|-weather|Sandstorm|[upkeep]\n|-damage|p1a: Weavile|94\/100|[from] Sandstorm\n|upkeep\n|turn|5\n|\n|t:|1649102115\n|switch|p1a: Chansey|Chansey, F|85\/100\n|move|p2a: Magearna|Volt Switch|p1a: Chansey\n|-damage|p1a: Chansey|80\/100\n|\n|t:|1649102116\n|switch|p2a: Medicham|Medicham-Mega, F|49\/100|[from]move: Volt Switch\n|\n|-weather|none\n|upkeep\n|turn|6\n|\n|t:|1649102122\n|switch|p1a: Latias|Latias, F|100\/100\n|move|p2a: Medicham|High Jump Kick|p1a: Latias\n|-resisted|p1a: Latias\n|-damage|p1a: Latias|34\/100\n|\n|upkeep\n|turn|7\n|\n|t:|1649102136\n|switch|p2a: Greninja|Greninja, M|100\/100\n|detailschange|p1a: Latias|Latias-Mega, F\n|-mega|p1a: Latias|Latias|Latiasite\n|move|p1a: Latias|Roost|p1a: Latias\n|-heal|p1a: Latias|84\/100\n|-singleturn|p1a: Latias|move: Roost\n|\n|upkeep\n|turn|8\n|j| YeyoNine9\n|\n|t:|1649102148\n|move|p2a: Greninja|U-turn|p1a: Latias\n|-supereffective|p1a: Latias\n|-damage|p1a: Latias|61\/100\n|\n|t:|1649102150\n|switch|p2a: Magearna|Magearna|76\/100|[from]move: U-turn\n|move|p1a: Latias|Thunder|p2a: Magearna\n|-damage|p2a: Magearna|62\/100\n|-status|p2a: Magearna|par\n|\n|upkeep\n|turn|9\n|l| YeyoNine9\n|\n|t:|1649102162\n|move|p1a: Latias|Roost|p1a: Latias\n|-heal|p1a: Latias|100\/100\n|-singleturn|p1a: Latias|move: Roost\n|move|p2a: Magearna|Volt Switch|p1a: Latias\n|-resisted|p1a: Latias\n|-damage|p1a: Latias|94\/100\n|\n|t:|1649102166\n|switch|p2a: Tapu Lele|Tapu Lele|100\/100|[from]move: Volt Switch\n|-fieldstart|move: Psychic Terrain|[from] ability: Psychic Surge|[of] p2a: Tapu Lele\n|\n|upkeep\n|turn|10\n|\n|t:|1649102175\n|switch|p1a: Magnezone|Magnezone|100\/100\n|move|p2a: Tapu Lele|Psyshock|p1a: Magnezone\n|-resisted|p1a: Magnezone\n|-damage|p1a: Magnezone|66\/100\n|\n|upkeep\n|turn|11\n|\n|t:|1649102180\n|switch|p2a: Landorus|Landorus-Therian, M|100\/100\n|-ability|p2a: Landorus|Intimidate|boost\n|-unboost|p1a: Magnezone|atk|1\n|-zpower|p1a: Magnezone\n|move|p1a: Magnezone|Corkscrew Crash|p2a: Landorus|[zeffect]\n|-damage|p2a: Landorus|7\/100\n|\n|-heal|p2a: Landorus|13\/100|[from] item: Leftovers\n|upkeep\n|turn|12\n|\n|t:|1649102183\n|switch|p1a: Skarmory|Skarmory, M|100\/100\n|move|p2a: Landorus|Stealth Rock|p1a: Skarmory\n|-sidestart|p1: Ayante|move: Stealth Rock\n|\n|-heal|p2a: Landorus|19\/100|[from] item: Leftovers\n|upkeep\n|turn|13\n|\n|t:|1649102186\n|move|p2a: Landorus|U-turn|p1a: Skarmory\n|-resisted|p1a: Skarmory\n|-damage|p1a: Skarmory|97\/100\n|-damage|p2a: Landorus|3\/100|[from] item: Rocky Helmet|[of] p1a: Skarmory\n|\n|t:|1649102188\n|switch|p2a: Greninja|Greninja, M|100\/100|[from]move: U-turn\n|move|p1a: Skarmory|Spikes|p2a: Greninja\n|-sidestart|p2: elracing|Spikes\n|\n|-fieldend|move: Psychic Terrain\n|upkeep\n|turn|14\n|\n|t:|1649102208\n|move|p2a: Greninja|Dark Pulse|p1a: Skarmory\n|-damage|p1a: Skarmory|25\/100\n|move|p1a: Skarmory|Roost|p1a: Skarmory\n|-heal|p1a: Skarmory|75\/100\n|-singleturn|p1a: Skarmory|move: Roost\n|\n|upkeep\n|turn|15\n|l| Yahtze\n|\n|t:|1649102217\n|switch|p1a: Chansey|Chansey, F|80\/100\n|-damage|p1a: Chansey|67\/100|[from] Stealth Rock\n|move|p2a: Greninja|Dark Pulse|p1a: Chansey\n|-damage|p1a: Chansey|53\/100\n|\n|upkeep\n|turn|16\n|\n|t:|1649102226\n|switch|p2a: Landorus|Landorus-Therian, M|3\/100\n|-ability|p2a: Landorus|Intimidate|boost\n|-unboost|p1a: Chansey|atk|1\n|move|p1a: Chansey|Soft-Boiled|p1a: Chansey\n|-heal|p1a: Chansey|100\/100\n|\n|-heal|p2a: Landorus|9\/100|[from] item: Leftovers\n|upkeep\n|turn|17\n|\n|t:|1649102232\n|move|p2a: Landorus|U-turn|p1a: Chansey\n|-damage|p1a: Chansey|86\/100\n|\n|t:|1649102233\n|switch|p2a: Medicham|Medicham-Mega, F|49\/100|[from]move: U-turn\n|-damage|p2a: Medicham|37\/100|[from] Spikes\n|move|p1a: Chansey|Seismic Toss|p2a: Medicham\n|-damage|p2a: Medicham|0 fnt\n|faint|p2a: Medicham\n|\n|upkeep\n|\n|t:|1649102236\n|switch|p2a: Kartana|Kartana|100\/100\n|-damage|p2a: Kartana|88\/100|[from] Spikes\n|turn|18\n|\n|t:|1649102254\n|switch|p1a: Skarmory|Skarmory, M|75\/100\n|-damage|p1a: Skarmory|63\/100|[from] Stealth Rock\n|move|p2a: Kartana|Knock Off|p1a: Skarmory\n|-damage|p1a: Skarmory|37\/100\n|-damage|p2a: Kartana|72\/100|[from] item: Rocky Helmet|[of] p1a: Skarmory\n|-enditem|p1a: Skarmory|Rocky Helmet|[from] move: Knock Off|[of] p2a: Kartana\n|\n|upkeep\n|turn|19\n|\n|t:|1649102261\n|switch|p2a: Greninja|Greninja, M|100\/100\n|-damage|p2a: Greninja|88\/100|[from] Spikes\n|move|p1a: Skarmory|Roost|p1a: Skarmory\n|-heal|p1a: Skarmory|87\/100\n|-singleturn|p1a: Skarmory|move: Roost\n|\n|upkeep\n|turn|20\n|\n|t:|1649102270\n|switch|p1a: Chansey|Chansey, F|86\/100\n|-damage|p1a: Chansey|74\/100|[from] Stealth Rock\n|move|p2a: Greninja|U-turn|p1a: Chansey\n|-damage|p1a: Chansey|64\/100\n|\n|t:|1649102273\n|switch|p2a: Kartana|Kartana|72\/100|[from]move: U-turn\n|-damage|p2a: Kartana|59\/100|[from] Spikes\n|\n|upkeep\n|turn|21\n|\n|t:|1649102280\n|switch|p1a: Skarmory|Skarmory, M|87\/100\n|-damage|p1a: Skarmory|74\/100|[from] Stealth Rock\n|move|p2a: Kartana|Sacred Sword|p1a: Skarmory\n|-damage|p1a: Skarmory|50\/100\n|\n|upkeep\n|turn|22\n|\n|t:|1649102284\n|switch|p2a: Tapu Lele|Tapu Lele|100\/100\n|-damage|p2a: Tapu Lele|88\/100|[from] Spikes\n|-fieldstart|move: Psychic Terrain|[from] ability: Psychic Surge|[of] p2a: Tapu Lele\n|move|p1a: Skarmory|Roost|p1a: Skarmory\n|-heal|p1a: Skarmory|100\/100\n|-singleturn|p1a: Skarmory|move: Roost\n|\n|upkeep\n|turn|23\n|\n|t:|1649102295\n|move|p2a: Tapu Lele|Focus Blast|p1a: Skarmory|[miss]\n|-miss|p2a: Tapu Lele|p1a: Skarmory\n|move|p1a: Skarmory|Spikes|p2a: Tapu Lele\n|-sidestart|p2: elracing|Spikes\n|\n|upkeep\n|turn|24\n|\n|t:|1649102299\n|switch|p1a: Latias|Latias-Mega, F|94\/100\n|-damage|p1a: Latias|82\/100|[from] Stealth Rock\n|move|p2a: Tapu Lele|Focus Blast|p1a: Latias\n|-resisted|p1a: Latias\n|-crit|p1a: Latias\n|-damage|p1a: Latias|59\/100\n|-unboost|p1a: Latias|spd|1\n|\n|upkeep\n|turn|25\n|\n|t:|1649102303\n|move|p1a: Latias|Earthquake|p2a: Tapu Lele\n|-damage|p2a: Tapu Lele|60\/100\n|move|p2a: Tapu Lele|Moonblast|p1a: Latias\n|-supereffective|p1a: Latias\n|-damage|p1a: Latias|0 fnt\n|faint|p1a: Latias\n|\n|upkeep\n|\n|t:|1649102306\n|switch|p1a: Weavile|Weavile, F|94\/100\n|-damage|p1a: Weavile|70\/100|[from] Stealth Rock\n|-ability|p1a: Weavile|Pressure\n|turn|26\n|\n|t:|1649102310\n|switch|p2a: Landorus|Landorus-Therian, M|9\/100\n|-ability|p2a: Landorus|Intimidate|boost\n|-unboost|p1a: Weavile|atk|1\n|move|p1a: Weavile|Knock Off|p2a: Landorus\n|-damage|p2a: Landorus|0 fnt\n|-enditem|p2a: Landorus|Leftovers|[from] move: Knock Off|[of] p1a: Weavile\n|faint|p2a: Landorus\n|\n|-fieldend|move: Psychic Terrain\n|upkeep\n|\n|t:|1649102319\n|switch|p2a: Magearna|Magearna|62\/100 par\n|-damage|p2a: Magearna|45\/100 par|[from] Spikes\n|turn|27\n|\n|t:|1649102327\n|switch|p1a: Magnezone|Magnezone|66\/100\n|-damage|p1a: Magnezone|60\/100|[from] Stealth Rock\n|move|p2a: Magearna|Volt Switch|p1a: Magnezone\n|-resisted|p1a: Magnezone\n|-damage|p1a: Magnezone|47\/100\n|\n|t:|1649102330\n|switch|p2a: Greninja|Greninja, M|88\/100|[from]move: Volt Switch\n|-damage|p2a: Greninja|72\/100|[from] Spikes\n|\n|upkeep\n|turn|28\n|\n|t:|1649102345\n|switch|p1a: Chansey|Chansey, F|64\/100\n|-damage|p1a: Chansey|51\/100|[from] Stealth Rock\n|move|p2a: Greninja|Dark Pulse|p1a: Chansey\n|-damage|p1a: Chansey|36\/100\n|\n|upkeep\n|turn|29\n|\n|t:|1649102348\n|switch|p2a: Kartana|Kartana|59\/100\n|-damage|p2a: Kartana|43\/100|[from] Spikes\n|move|p1a: Chansey|Soft-Boiled|p1a: Chansey\n|-heal|p1a: Chansey|86\/100\n|\n|upkeep\n|turn|30\n|\n|t:|1649102356\n|switch|p2a: Tapu Lele|Tapu Lele|60\/100\n|-damage|p2a: Tapu Lele|44\/100|[from] Spikes\n|-fieldstart|move: Psychic Terrain|[from] ability: Psychic Surge|[of] p2a: Tapu Lele\n|switch|p1a: Skarmory|Skarmory, M|100\/100\n|-damage|p1a: Skarmory|88\/100|[from] Stealth Rock\n|\n|upkeep\n|turn|31\n|\n|t:|1649102361\n|switch|p1a: Magnezone|Magnezone|47\/100\n|-damage|p1a: Magnezone|41\/100|[from] Stealth Rock\n|-zpower|p2a: Tapu Lele\n|move|p2a: Tapu Lele|Shattered Psyche|p1a: Magnezone|[zeffect]\n|-resisted|p1a: Magnezone\n|-damage|p1a: Magnezone|0 fnt\n|faint|p1a: Magnezone\n|\n|upkeep\n|\n|t:|1649102363\n|switch|p1a: Weavile|Weavile, F|70\/100\n|-damage|p1a: Weavile|45\/100|[from] Stealth Rock\n|-ability|p1a: Weavile|Pressure\n|turn|32\n|l| Damm u captcha\n|\n|t:|1649102369\n|switch|p2a: Magearna|Magearna|45\/100 par\n|-damage|p2a: Magearna|29\/100 par|[from] Spikes\n|move|p1a: Weavile|Knock Off|p2a: Magearna\n|-resisted|p2a: Magearna\n|-damage|p2a: Magearna|0 fnt\n|-enditem|p2a: Magearna|Assault Vest|[from] move: Knock Off|[of] p1a: Weavile\n|faint|p2a: Magearna\n|\n|upkeep\n|\n|t:|1649102372\n|switch|p2a: Greninja|Greninja, M|72\/100\n|-damage|p2a: Greninja|55\/100|[from] Spikes\n|turn|33\n|\n|t:|1649102375\n|switch|p1a: Chansey|Chansey, F|86\/100\n|-damage|p1a: Chansey|73\/100|[from] Stealth Rock\n|move|p2a: Greninja|U-turn|p1a: Chansey\n|-damage|p1a: Chansey|64\/100\n|\n|t:|1649102377\n|switch|p2a: Kartana|Kartana|43\/100|[from]move: U-turn\n|-damage|p2a: Kartana|26\/100|[from] Spikes\n|\n|upkeep\n|turn|34\n|\n|t:|1649102386\n|switch|p1a: Skarmory|Skarmory, M|88\/100\n|-damage|p1a: Skarmory|76\/100|[from] Stealth Rock\n|move|p2a: Kartana|Sacred Sword|p1a: Skarmory\n|-damage|p1a: Skarmory|52\/100\n|\n|-fieldend|move: Psychic Terrain\n|upkeep\n|turn|35\n|\n|t:|1649102392\n|switch|p2a: Tapu Lele|Tapu Lele|44\/100\n|-damage|p2a: Tapu Lele|27\/100|[from] Spikes\n|-fieldstart|move: Psychic Terrain|[from] ability: Psychic Surge|[of] p2a: Tapu Lele\n|move|p1a: Skarmory|Roost|p1a: Skarmory\n|-heal|p1a: Skarmory|100\/100\n|-singleturn|p1a: Skarmory|move: Roost\n|\n|upkeep\n|turn|36\n|inactive|Ayante has 120 seconds left.\n|\n|t:|1649102427\n|move|p2a: Tapu Lele|Focus Blast|p1a: Skarmory\n|-damage|p1a: Skarmory|42\/100\n|move|p1a: Skarmory|Spikes|p2a: Tapu Lele\n|-sidestart|p2: elracing|Spikes\n|\n|upkeep\n|turn|37\n|inactive|Ayante has 120 seconds left.\n|\n|t:|1649102458\n|move|p2a: Tapu Lele|Focus Blast|p1a: Skarmory\n|-damage|p1a: Skarmory|0 fnt\n|faint|p1a: Skarmory\n|\n|upkeep\n|\n|t:|1649102472\n|switch|p1a: Weavile|Weavile, F|45\/100\n|-damage|p1a: Weavile|20\/100|[from] Stealth Rock\n|-ability|p1a: Weavile|Pressure\n|turn|38\n|\n|t:|1649102478\n|move|p1a: Weavile|Pursuit|p2a: Tapu Lele\n|-damage|p2a: Tapu Lele|0 fnt\n|faint|p2a: Tapu Lele\n|\n|upkeep\n|\n|t:|1649102480\n|switch|p2a: Greninja|Greninja, M|55\/100\n|-damage|p2a: Greninja|30\/100|[from] Spikes\n|turn|39\n|\n|t:|1649102489\n|switch|p1a: Chansey|Chansey, F|64\/100\n|-damage|p1a: Chansey|51\/100|[from] Stealth Rock\n|move|p2a: Greninja|U-turn|p1a: Chansey\n|-damage|p1a: Chansey|41\/100\n|\n|t:|1649102491\n|switch|p2a: Kartana|Kartana|26\/100|[from]move: U-turn\n|-damage|p2a: Kartana|1\/100|[from] Spikes\n|\n|-fieldend|move: Psychic Terrain\n|upkeep\n|turn|40\n|inactive|Ayante has 120 seconds left.\n|\n|t:|1649102504\n|move|p2a: Kartana|Sacred Sword|p1a: Chansey\n|-supereffective|p1a: Chansey\n|-damage|p1a: Chansey|0 fnt\n|faint|p1a: Chansey\n|-ability|p2a: Kartana|Beast Boost|boost\n|-boost|p2a: Kartana|atk|1\n|\n|upkeep\n|\n|t:|1649102505\n|switch|p1a: Weavile|Weavile, F|20\/100\n|-damage|p1a: Weavile|0 fnt|[from] Stealth Rock\n|faint|p1a: Weavile\n|\n|win|elracing\n|n|\u2606Ayante|ayante\n|n|\u2606elracing|elracing\n|n| Diegogris|diegogris\n|n| siriaco el sabroso|siriacoelsabroso\n|n| ZaTiddus|zatiddus\n|n| Franko159|franko159\n","uploadtime":1649102506,"views":13,"p1id":"ayante","p2id":"elracing","formatid":"gen7ou","rating":0,"private":0,"password":null}