{"id":"gen7uu-1590530378","p1":"RTSG tests","p2":"stonedbro","format":"gen7uu","log":"|j|\u2606RTSG tests\n|j|\u2606stonedbro\n|t:|1654535378\n|gametype|singles\n|player|p1|RTSG tests|birdkeeper|\n|player|p2|stonedbro|swimmerf|\n|teamsize|p1|6\n|teamsize|p2|6\n|gen|7\n|tier|[Gen 7] UU\n|rated|Tournament battle\n|rule|Sleep Clause Mod: Limit one foe put to sleep\n|rule|Species Clause: Limit one of each Pok\u00e9mon\n|rule|OHKO Clause: OHKO moves are banned\n|rule|Moody Clause: Moody is banned\n|rule|Evasion Moves Clause: Evasion moves are banned\n|rule|Endless Battle Clause: Forcing endless battles is banned\n|rule|HP Percentage Mod: HP is shown in percentages\n|clearpoke\n|poke|p1|Sceptile, M|item\n|poke|p1|Feraligatr, M|item\n|poke|p1|Infernape, M|item\n|poke|p1|Zeraora|item\n|poke|p1|Togekiss, M|item\n|poke|p1|Metagross|item\n|poke|p2|Ribombee, F|item\n|poke|p2|Mamoswine, F|item\n|poke|p2|Bisharp, M|item\n|poke|p2|Starmie|item\n|poke|p2|Chandelure, M|item\n|poke|p2|Mimikyu, M|item\n|teampreview\n|j| drey77\n|j| ehbrfhjkbfjeh\n|\n|t:|1654535392\n|start\n|switch|p1a: Metagross|Metagross|100\/100\n|switch|p2a: Ribombee|Ribombee, F|100\/100\n|turn|1\n|\n|t:|1654535398\n|move|p2a: Ribombee|Sticky Web|p1a: Metagross\n|-sidestart|p1: RTSG tests|move: Sticky Web\n|move|p1a: Metagross|Meteor Mash|p2a: Ribombee\n|-supereffective|p2a: Ribombee\n|-enditem|p2a: Ribombee|Focus Sash\n|-damage|p2a: Ribombee|1\/100\n|\n|upkeep\n|turn|2\n|inactive|Battle timer is ON: inactive players will automatically lose when time's up. (requested by stonedbro)\n|\n|t:|1654535415\n|switch|p2a: Chandelure|Chandelure, M|100\/100\n|move|p1a: Metagross|Stealth Rock|p2a: Chandelure\n|-sidestart|p2: stonedbro|move: Stealth Rock\n|\n|upkeep\n|turn|3\n|\n|t:|1654535432\n|switch|p1a: Togekiss|Togekiss, M|100\/100\n|move|p2a: Chandelure|Shadow Ball|p1a: Togekiss\n|-damage|p1a: Togekiss|63\/100\n|\n|-heal|p1a: Togekiss|69\/100|[from] item: Leftovers\n|upkeep\n|turn|4\n|\n|t:|1654535440\n|-zpower|p2a: Chandelure\n|move|p2a: Chandelure|Never-Ending Nightmare|p1a: Togekiss|[zeffect]\n|-damage|p1a: Togekiss|0 fnt\n|faint|p1a: Togekiss\n|\n|upkeep\n|\n|t:|1654535450\n|switch|p1a: Feraligatr|Feraligatr, M|100\/100\n|-activate|p1a: Feraligatr|move: Sticky Web\n|-unboost|p1a: Feraligatr|spe|1\n|turn|5\n|\n|t:|1654535455\n|move|p2a: Chandelure|Shadow Ball|p1a: Feraligatr\n|-damage|p1a: Feraligatr|43\/100\n|move|p1a: Feraligatr|Agility|p1a: Feraligatr\n|-boost|p1a: Feraligatr|spe|2\n|\n|upkeep\n|turn|6\n|\n|t:|1654535464\n|switch|p2a: Ribombee|Ribombee, F|1\/100\n|-damage|p2a: Ribombee|0 fnt|[from] Stealth Rock\n|faint|p2a: Ribombee\n|move|p1a: Feraligatr|Crunch|p2: Ribombee|[notarget]\n|-fail|p1a: Feraligatr\n|\n|upkeep\n|\n|t:|1654535471\n|switch|p2a: Mimikyu|Mimikyu, M|100\/100\n|-damage|p2a: Mimikyu|88\/100|[from] Stealth Rock\n|turn|7\n|\n|t:|1654535473\n|move|p1a: Feraligatr|Liquidation|p2a: Mimikyu\n|-activate|p2a: Mimikyu|ability: Disguise\n|-damage|p2a: Mimikyu|88\/100\n|detailschange|p2a: Mimikyu|Mimikyu-Busted, M\n|move|p2a: Mimikyu|Swords Dance|p2a: Mimikyu\n|-boost|p2a: Mimikyu|atk|2\n|\n|upkeep\n|turn|8\n|\n|t:|1654535487\n|move|p2a: Mimikyu|Shadow Sneak|p1a: Feraligatr\n|-damage|p1a: Feraligatr|2\/100\n|move|p1a: Feraligatr|Liquidation|p2a: Mimikyu\n|-damage|p2a: Mimikyu|0 fnt\n|faint|p2a: Mimikyu\n|\n|upkeep\n|\n|t:|1654535491\n|switch|p2a: Mamoswine|Mamoswine, F|100\/100\n|-damage|p2a: Mamoswine|88\/100|[from] Stealth Rock\n|turn|9\n|\n|t:|1654535495\n|move|p2a: Mamoswine|Ice Shard|p1a: Feraligatr\n|-resisted|p1a: Feraligatr\n|-damage|p1a: Feraligatr|0 fnt\n|faint|p1a: Feraligatr\n|-damage|p2a: Mamoswine|78\/100|[from] item: Life Orb\n|\n|upkeep\n|\n|t:|1654535503\n|switch|p1a: Infernape|Infernape, M|100\/100\n|-activate|p1a: Infernape|move: Sticky Web\n|-unboost|p1a: Infernape|spe|1\n|turn|10\n|\n|t:|1654535506\n|move|p1a: Infernape|Vacuum Wave|p2a: Mamoswine\n|-supereffective|p2a: Mamoswine\n|-damage|p2a: Mamoswine|30\/100\n|move|p2a: Mamoswine|Earthquake|p1a: Infernape\n|-supereffective|p1a: Infernape\n|-damage|p1a: Infernape|0 fnt\n|faint|p1a: Infernape\n|-damage|p2a: Mamoswine|20\/100|[from] item: Life Orb\n|\n|upkeep\n|\n|t:|1654535509\n|switch|p1a: Metagross|Metagross|100\/100\n|-activate|p1a: Metagross|move: Sticky Web\n|-fail|p1a: Metagross|unboost|[from] ability: Clear Body|[of] p1a: Metagross\n|turn|11\n|\n|t:|1654535517\n|switch|p2a: Starmie|Starmie|100\/100\n|-damage|p2a: Starmie|88\/100|[from] Stealth Rock\n|move|p1a: Metagross|Bullet Punch|p2a: Starmie\n|-resisted|p2a: Starmie\n|-damage|p2a: Starmie|70\/100\n|\n|upkeep\n|turn|12\n|\n|t:|1654535522\n|move|p2a: Starmie|Rapid Spin|p1a: Metagross\n|-resisted|p1a: Metagross\n|-damage|p1a: Metagross|99\/100\n|-sideend|p2: stonedbro|Stealth Rock|[from] move: Rapid Spin|[of] p2a: Starmie\n|-damage|p2a: Starmie|60\/100|[from] item: Life Orb\n|move|p1a: Metagross|Earthquake|p2a: Starmie\n|-crit|p2a: Starmie\n|-damage|p2a: Starmie|0 fnt\n|faint|p2a: Starmie\n|\n|upkeep\n|\n|t:|1654535530\n|switch|p2a: Mamoswine|Mamoswine, F|20\/100\n|turn|13\n|\n|t:|1654535534\n|switch|p2a: Chandelure|Chandelure, M|100\/100\n|move|p1a: Metagross|Bullet Punch|p2a: Chandelure\n|-resisted|p2a: Chandelure\n|-damage|p2a: Chandelure|85\/100\n|\n|upkeep\n|turn|14\n|\n|t:|1654535543\n|move|p2a: Chandelure|Fire Blast|p1a: Metagross\n|-supereffective|p1a: Metagross\n|-damage|p1a: Metagross|0 fnt\n|faint|p1a: Metagross\n|\n|upkeep\n|\n|t:|1654535546\n|switch|p1a: Sceptile|Sceptile, M|100\/100\n|-activate|p1a: Sceptile|move: Sticky Web\n|-unboost|p1a: Sceptile|spe|1\n|turn|15\n|\n|t:|1654535552\n|detailschange|p1a: Sceptile|Sceptile-Mega, M\n|-mega|p1a: Sceptile|Sceptile|Sceptilite\n|move|p1a: Sceptile|Dragon Pulse|p2a: Chandelure\n|-damage|p2a: Chandelure|14\/100\n|move|p2a: Chandelure|Fire Blast|p1a: Sceptile|[miss]\n|-miss|p2a: Chandelure|p1a: Sceptile\n|\n|upkeep\n|turn|16\n|\n|t:|1654535559\n|move|p2a: Chandelure|Shadow Ball|p1a: Sceptile\n|-damage|p1a: Sceptile|39\/100\n|move|p1a: Sceptile|Dragon Pulse|p2a: Chandelure\n|-damage|p2a: Chandelure|0 fnt\n|faint|p2a: Chandelure\n|\n|upkeep\n|\n|t:|1654535568\n|switch|p2a: Mamoswine|Mamoswine, F|20\/100\n|turn|17\n|j| NoahDeKnight\n|\n|t:|1654535573\n|move|p2a: Mamoswine|Ice Shard|p1a: Sceptile\n|-supereffective|p1a: Sceptile\n|-damage|p1a: Sceptile|0 fnt\n|faint|p1a: Sceptile\n|-damage|p2a: Mamoswine|10\/100|[from] item: Life Orb\n|\n|upkeep\n|\n|t:|1654535581\n|switch|p1a: Zeraora|Zeraora|100\/100\n|-activate|p1a: Zeraora|move: Sticky Web\n|-unboost|p1a: Zeraora|spe|1\n|turn|18\n|\n|t:|1654535586\n|move|p1a: Zeraora|Knock Off|p2a: Mamoswine\n|-damage|p2a: Mamoswine|0 fnt\n|-enditem|p2a: Mamoswine|Life Orb|[from] move: Knock Off|[of] p1a: Zeraora\n|faint|p2a: Mamoswine\n|-damage|p1a: Zeraora|91\/100|[from] item: Life Orb\n|\n|upkeep\n|\n|t:|1654535589\n|switch|p2a: Bisharp|Bisharp, M|100\/100\n|turn|19\n|\n|t:|1654535597\n|move|p2a: Bisharp|Sucker Punch|p1a: Zeraora\n|-damage|p1a: Zeraora|28\/100\n|move|p1a: Zeraora|Close Combat|p2a: Bisharp\n|-supereffective|p2a: Bisharp\n|-damage|p2a: Bisharp|0 fnt\n|-unboost|p1a: Zeraora|def|1\n|-unboost|p1a: Zeraora|spd|1\n|faint|p2a: Bisharp\n|-damage|p1a: Zeraora|18\/100|[from] item: Life Orb\n|\n|win|RTSG tests\n|n|\u2606RTSG tests|rtsgtests\n|n|\u2606stonedbro|stonedbro\n|n| drey77|drey77\n|n| ehbrfhjkbfjeh|ehbrfhjkbfjeh\n|n| NoahDeKnight|noahdeknight\n|l|\u2606stonedbro\n","uploadtime":1654535600,"views":7,"p1id":"rtsgtests","p2id":"stonedbro","formatid":"gen7uu","rating":0,"private":0,"password":null}