{"id":"gen7ou-1688725227","p1":"Cley9","p2":"HQSTest","format":"gen7ou","log":"|j|\u2606Cley9\n|j|\u2606HQSTest\n|t:|1666102379\n|gametype|singles\n|player|p1|Cley9|blue-gen2|1614\n|player|p2|HQSTest|veteranf|1613\n|teamsize|p1|6\n|teamsize|p2|6\n|gen|7\n|tier|[Gen 7] OU\n|rated|\n|rule|Sleep Clause Mod: Limit one foe put to sleep\n|rule|Species Clause: Limit one of each Pok\u00e9mon\n|rule|OHKO Clause: OHKO moves are banned\n|rule|Moody Clause: Moody is banned\n|rule|Evasion Items Clause: Evasion items are banned\n|rule|Evasion Moves Clause: Evasion moves are banned\n|rule|Endless Battle Clause: Forcing endless battles is banned\n|rule|HP Percentage Mod: HP is shown in percentages\n|clearpoke\n|poke|p1|Venusaur, F|item\n|poke|p1|Magnezone|item\n|poke|p1|Kyurem-Black|item\n|poke|p1|Ditto|item\n|poke|p1|Skarmory, F|item\n|poke|p1|Tapu Koko|item\n|poke|p2|Kartana|item\n|poke|p2|Salazzle, F|item\n|poke|p2|Scizor, M|item\n|poke|p2|Greninja, M|item\n|poke|p2|Gliscor, F|item\n|poke|p2|Chansey, F|item\n|teampreview\n|inactive|Battle timer is ON: inactive players will automatically lose when time's up. (requested by Cley9)\n|\n|t:|1666102394\n|start\n|switch|p1a: Venusaur|Venusaur, F|100\/100\n|switch|p2a: Salazzle|Salazzle, F|100\/100\n|turn|1\n|\n|t:|1666102403\n|detailschange|p1a: Venusaur|Venusaur-Mega, F\n|-mega|p1a: Venusaur|Venusaur|Venusaurite\n|move|p2a: Salazzle|Toxic|p1a: Venusaur\n|-status|p1a: Venusaur|tox\n|move|p1a: Venusaur|Giga Drain|p2a: Salazzle\n|-resisted|p2a: Salazzle\n|-damage|p2a: Salazzle|91\/100\n|\n|-heal|p2a: Salazzle|97\/100|[from] item: Black Sludge\n|-damage|p1a: Venusaur|94\/100 tox|[from] psn\n|upkeep\n|turn|2\n|\n|t:|1666102412\n|switch|p1a: Kyurem|Kyurem-Black|100\/100\n|-ability|p1a: Kyurem|Teravolt\n|move|p2a: Salazzle|Substitute|p2a: Salazzle\n|-start|p2a: Salazzle|Substitute\n|-damage|p2a: Salazzle|72\/100\n|\n|-heal|p2a: Salazzle|78\/100|[from] item: Black Sludge\n|upkeep\n|turn|3\n|\n|t:|1666102417\n|move|p2a: Salazzle|Toxic|p1a: Kyurem\n|-status|p1a: Kyurem|tox\n|move|p1a: Kyurem|Earth Power|p2a: Salazzle\n|-supereffective|p2a: Salazzle\n|-end|p2a: Salazzle|Substitute\n|\n|-heal|p2a: Salazzle|84\/100|[from] item: Black Sludge\n|-damage|p1a: Kyurem|94\/100 tox|[from] psn\n|upkeep\n|turn|4\n|\n|t:|1666102422\n|move|p2a: Salazzle|Protect|p2a: Salazzle\n|-singleturn|p2a: Salazzle|Protect\n|move|p1a: Kyurem|Earth Power|p2a: Salazzle\n|-activate|p2a: Salazzle|move: Protect\n|\n|-heal|p2a: Salazzle|91\/100|[from] item: Black Sludge\n|-damage|p1a: Kyurem|82\/100 tox|[from] psn\n|upkeep\n|turn|5\n|\n|t:|1666102427\n|move|p2a: Salazzle|Substitute|p2a: Salazzle\n|-start|p2a: Salazzle|Substitute\n|-damage|p2a: Salazzle|66\/100\n|-zpower|p1a: Kyurem\n|move|p1a: Kyurem|Subzero Slammer|p2a: Salazzle|[zeffect]\n|-resisted|p2a: Salazzle\n|-end|p2a: Salazzle|Substitute\n|\n|-heal|p2a: Salazzle|72\/100|[from] item: Black Sludge\n|-damage|p1a: Kyurem|64\/100 tox|[from] psn\n|upkeep\n|turn|6\n|\n|t:|1666102434\n|move|p2a: Salazzle|Substitute|p2a: Salazzle\n|-start|p2a: Salazzle|Substitute\n|-damage|p2a: Salazzle|47\/100\n|move|p1a: Kyurem|Fusion Bolt|p2a: Salazzle\n|-end|p2a: Salazzle|Substitute\n|\n|-heal|p2a: Salazzle|53\/100|[from] item: Black Sludge\n|-damage|p1a: Kyurem|39\/100 tox|[from] psn\n|upkeep\n|turn|7\n|\n|t:|1666102438\n|move|p2a: Salazzle|Protect|p2a: Salazzle\n|-singleturn|p2a: Salazzle|Protect\n|move|p1a: Kyurem|Earth Power|p2a: Salazzle\n|-activate|p2a: Salazzle|move: Protect\n|\n|-heal|p2a: Salazzle|60\/100|[from] item: Black Sludge\n|-damage|p1a: Kyurem|8\/100 tox|[from] psn\n|upkeep\n|turn|8\n|\n|t:|1666102443\n|move|p2a: Salazzle|Venoshock|p1a: Kyurem\n|-damage|p1a: Kyurem|0 fnt\n|faint|p1a: Kyurem\n|\n|-heal|p2a: Salazzle|66\/100|[from] item: Black Sludge\n|upkeep\n|\n|t:|1666102448\n|switch|p1a: Tapu Koko|Tapu Koko|100\/100\n|-fieldstart|move: Electric Terrain|[from] ability: Electric Surge|[of] p1a: Tapu Koko\n|turn|9\n|\n|t:|1666102451\n|move|p2a: Salazzle|Protect|p2a: Salazzle\n|-singleturn|p2a: Salazzle|Protect\n|move|p1a: Tapu Koko|Thunderbolt|p2a: Salazzle\n|-activate|p2a: Salazzle|move: Protect\n|\n|-heal|p2a: Salazzle|72\/100|[from] item: Black Sludge\n|upkeep\n|turn|10\n|\n|t:|1666102455\n|switch|p2a: Gliscor|Gliscor, F|100\/100\n|move|p1a: Tapu Koko|Thunderbolt|p2a: Gliscor\n|-immune|p2a: Gliscor\n|\n|-status|p2a: Gliscor|tox|[from] item: Toxic Orb\n|upkeep\n|turn|11\n|\n|t:|1666102465\n|move|p1a: Tapu Koko|Hidden Power|p2a: Gliscor\n|-supereffective|p2a: Gliscor\n|-damage|p2a: Gliscor|31\/100 tox\n|move|p2a: Gliscor|Toxic|p1a: Tapu Koko\n|-status|p1a: Tapu Koko|tox\n|\n|-damage|p1a: Tapu Koko|94\/100 tox|[from] psn\n|-heal|p2a: Gliscor|44\/100 tox|[from] ability: Poison Heal\n|upkeep\n|turn|12\n|\n|t:|1666102472\n|switch|p2a: Salazzle|Salazzle, F|72\/100\n|move|p1a: Tapu Koko|Thunderbolt|p2a: Salazzle\n|-damage|p2a: Salazzle|4\/100\n|\n|-heal|p2a: Salazzle|11\/100|[from] item: Black Sludge\n|-damage|p1a: Tapu Koko|82\/100 tox|[from] psn\n|upkeep\n|turn|13\n|\n|t:|1666102480\n|move|p2a: Salazzle|Protect|p2a: Salazzle\n|-singleturn|p2a: Salazzle|Protect\n|move|p1a: Tapu Koko|Thunderbolt|p2a: Salazzle\n|-activate|p2a: Salazzle|move: Protect\n|\n|-heal|p2a: Salazzle|17\/100|[from] item: Black Sludge\n|-damage|p1a: Tapu Koko|64\/100 tox|[from] psn\n|-fieldend|move: Electric Terrain\n|upkeep\n|turn|14\n|\n|t:|1666102483\n|switch|p2a: Chansey|Chansey, F|100\/100\n|move|p1a: Tapu Koko|U-turn|p2a: Chansey\n|-damage|p2a: Chansey|90\/100\n|\n|t:|1666102492\n|switch|p1a: Skarmory|Skarmory, F|100\/100|[from]move: U-turn\n|\n|upkeep\n|turn|15\n|\n|t:|1666102500\n|switch|p2a: Gliscor|Gliscor, F|44\/100 tox\n|move|p1a: Skarmory|Spikes|p2a: Gliscor\n|-sidestart|p2: HQSTest|Spikes\n|\n|-heal|p2a: Gliscor|56\/100 tox|[from] ability: Poison Heal\n|upkeep\n|turn|16\n|\n|t:|1666102505\n|move|p2a: Gliscor|Defog|p1a: Skarmory\n|-unboost|p1a: Skarmory|evasion|1\n|-sideend|p2: HQSTest|Spikes|[from] move: Defog|[of] p2a: Gliscor\n|move|p1a: Skarmory|Whirlwind|p2a: Gliscor\n|drag|p2a: Chansey|Chansey, F|90\/100\n|\n|upkeep\n|turn|17\n|\n|t:|1666102515\n|switch|p2a: Gliscor|Gliscor, F|56\/100 tox\n|move|p1a: Skarmory|Spikes|p2a: Gliscor\n|-sidestart|p2: HQSTest|Spikes\n|\n|-heal|p2a: Gliscor|69\/100 tox|[from] ability: Poison Heal\n|upkeep\n|turn|18\n|\n|t:|1666102527\n|move|p2a: Gliscor|Defog|p1a: Skarmory\n|-unboost|p1a: Skarmory|evasion|1\n|-sideend|p2: HQSTest|Spikes|[from] move: Defog|[of] p2a: Gliscor\n|move|p1a: Skarmory|Spikes|p2a: Gliscor\n|-sidestart|p2: HQSTest|Spikes\n|\n|-heal|p2a: Gliscor|81\/100 tox|[from] ability: Poison Heal\n|upkeep\n|turn|19\n|\n|t:|1666102532\n|move|p2a: Gliscor|Defog|p1a: Skarmory\n|-unboost|p1a: Skarmory|evasion|1\n|-sideend|p2: HQSTest|Spikes|[from] move: Defog|[of] p2a: Gliscor\n|move|p1a: Skarmory|Spikes|p2a: Gliscor\n|-sidestart|p2: HQSTest|Spikes\n|\n|-heal|p2a: Gliscor|94\/100 tox|[from] ability: Poison Heal\n|upkeep\n|turn|20\n|\n|t:|1666102538\n|move|p2a: Gliscor|Toxic|p1a: Skarmory\n|-immune|p1a: Skarmory\n|move|p1a: Skarmory|Spikes|p2a: Gliscor\n|-sidestart|p2: HQSTest|Spikes\n|\n|-heal|p2a: Gliscor|100\/100 tox|[from] ability: Poison Heal\n|upkeep\n|turn|21\n|\n|t:|1666102543\n|move|p2a: Gliscor|Defog|p1a: Skarmory\n|-unboost|p1a: Skarmory|evasion|1\n|-sideend|p2: HQSTest|Spikes|[from] move: Defog|[of] p2a: Gliscor\n|move|p1a: Skarmory|Spikes|p2a: Gliscor\n|-sidestart|p2: HQSTest|Spikes\n|\n|upkeep\n|turn|22\n|\n|t:|1666102560\n|move|p2a: Gliscor|Defog|p1a: Skarmory\n|-unboost|p1a: Skarmory|evasion|1\n|-sideend|p2: HQSTest|Spikes|[from] move: Defog|[of] p2a: Gliscor\n|move|p1a: Skarmory|Spikes|p2a: Gliscor\n|-sidestart|p2: HQSTest|Spikes\n|\n|upkeep\n|turn|23\n|\n|t:|1666102571\n|move|p2a: Gliscor|Defog|p1a: Skarmory\n|-unboost|p1a: Skarmory|evasion|1\n|-sideend|p2: HQSTest|Spikes|[from] move: Defog|[of] p2a: Gliscor\n|move|p1a: Skarmory|Spikes|p2a: Gliscor\n|-sidestart|p2: HQSTest|Spikes\n|\n|upkeep\n|turn|24\n|\n|t:|1666102578\n|move|p2a: Gliscor|Toxic|p1a: Skarmory\n|-immune|p1a: Skarmory\n|move|p1a: Skarmory|Whirlwind|p2a: Gliscor\n|drag|p2a: Scizor|Scizor, M|100\/100\n|-damage|p2a: Scizor|88\/100|[from] Spikes\n|\n|upkeep\n|turn|25\n|\n|t:|1666102587\n|switch|p2a: Gliscor|Gliscor, F|100\/100 tox\n|move|p1a: Skarmory|Whirlwind|p2a: Gliscor\n|drag|p2a: Kartana|Kartana|100\/100\n|-damage|p2a: Kartana|88\/100|[from] Spikes\n|\n|upkeep\n|turn|26\n|\n|t:|1666102594\n|switch|p2a: Gliscor|Gliscor, F|100\/100 tox\n|move|p1a: Skarmory|Whirlwind|p2a: Gliscor\n|drag|p2a: Kartana|Kartana|88\/100\n|-damage|p2a: Kartana|76\/100|[from] Spikes\n|\n|upkeep\n|turn|27\n|\n|t:|1666102602\n|move|p2a: Kartana|Knock Off|p1a: Skarmory\n|-damage|p1a: Skarmory|74\/100\n|-damage|p2a: Kartana|59\/100|[from] item: Rocky Helmet|[of] p1a: Skarmory\n|-enditem|p1a: Skarmory|Rocky Helmet|[from] move: Knock Off|[of] p2a: Kartana\n|move|p1a: Skarmory|Whirlwind|p2a: Kartana\n|drag|p2a: Salazzle|Salazzle, F|17\/100\n|-damage|p2a: Salazzle|4\/100|[from] Spikes\n|\n|-heal|p2a: Salazzle|11\/100|[from] item: Black Sludge\n|upkeep\n|turn|28\n|inactive|Cley9 has 120 seconds left.\n|\n|t:|1666102634\n|move|p2a: Salazzle|Toxic|p1a: Skarmory\n|-status|p1a: Skarmory|tox\n|move|p1a: Skarmory|Spikes|p2a: Salazzle\n|-sidestart|p2: HQSTest|Spikes\n|\n|-heal|p2a: Salazzle|17\/100|[from] item: Black Sludge\n|-damage|p1a: Skarmory|68\/100 tox|[from] psn\n|upkeep\n|turn|29\n|\n|t:|1666102641\n|move|p2a: Salazzle|Protect|p2a: Salazzle\n|-singleturn|p2a: Salazzle|Protect\n|move|p1a: Skarmory|Whirlwind|p2a: Salazzle\n|drag|p2a: Greninja|Greninja, M|100\/100\n|-damage|p2a: Greninja|84\/100|[from] Spikes\n|\n|-damage|p1a: Skarmory|56\/100 tox|[from] psn\n|upkeep\n|turn|30\n|\n|t:|1666102651\n|switch|p1a: Magnezone|Magnezone|100\/100\n|move|p2a: Greninja|Dark Pulse|p1a: Magnezone\n|-damage|p1a: Magnezone|58\/100\n|\n|upkeep\n|turn|31\n|\n|t:|1666102664\n|switch|p2a: Gliscor|Gliscor, F|100\/100 tox\n|move|p1a: Magnezone|Flash Cannon|p2a: Gliscor\n|-damage|p2a: Gliscor|54\/100 tox\n|\n|-heal|p2a: Gliscor|67\/100 tox|[from] ability: Poison Heal\n|upkeep\n|turn|32\n|\n|t:|1666102670\n|move|p2a: Gliscor|Defog|p1a: Magnezone\n|-unboost|p1a: Magnezone|evasion|1\n|-sideend|p2: HQSTest|Spikes|[from] move: Defog|[of] p2a: Gliscor\n|move|p1a: Magnezone|Flash Cannon|p2a: Gliscor\n|-damage|p2a: Gliscor|20\/100 tox\n|-unboost|p2a: Gliscor|spd|1\n|\n|-heal|p2a: Gliscor|32\/100 tox|[from] ability: Poison Heal\n|upkeep\n|turn|33\n|\n|t:|1666102677\n|switch|p2a: Chansey|Chansey, F|90\/100\n|move|p1a: Magnezone|Volt Switch|p2a: Chansey\n|-damage|p2a: Chansey|77\/100\n|\n|t:|1666102684\n|switch|p1a: Skarmory|Skarmory, F|56\/100 tox|[from]move: Volt Switch\n|\n|-damage|p1a: Skarmory|50\/100 tox|[from] psn\n|upkeep\n|turn|34\n|\n|t:|1666102690\n|switch|p2a: Gliscor|Gliscor, F|32\/100 tox\n|move|p1a: Skarmory|Spikes|p2a: Gliscor\n|-sidestart|p2: HQSTest|Spikes\n|\n|-heal|p2a: Gliscor|45\/100 tox|[from] ability: Poison Heal\n|-damage|p1a: Skarmory|38\/100 tox|[from] psn\n|upkeep\n|turn|35\n|\n|t:|1666102696\n|move|p2a: Gliscor|Defog|p1a: Skarmory\n|-unboost|p1a: Skarmory|evasion|1\n|-sideend|p2: HQSTest|Spikes|[from] move: Defog|[of] p2a: Gliscor\n|move|p1a: Skarmory|Spikes|p2a: Gliscor\n|-sidestart|p2: HQSTest|Spikes\n|\n|-heal|p2a: Gliscor|57\/100 tox|[from] ability: Poison Heal\n|-damage|p1a: Skarmory|20\/100 tox|[from] psn\n|upkeep\n|turn|36\n|\n|t:|1666102703\n|move|p2a: Gliscor|Defog|p1a: Skarmory\n|-unboost|p1a: Skarmory|evasion|1\n|-sideend|p2: HQSTest|Spikes|[from] move: Defog|[of] p2a: Gliscor\n|move|p1a: Skarmory|Roost|p1a: Skarmory\n|-heal|p1a: Skarmory|70\/100 tox\n|-singleturn|p1a: Skarmory|move: Roost\n|\n|-heal|p2a: Gliscor|70\/100 tox|[from] ability: Poison Heal\n|-damage|p1a: Skarmory|46\/100 tox|[from] psn\n|upkeep\n|turn|37\n|\n|t:|1666102719\n|switch|p2a: Greninja|Greninja, M|84\/100\n|move|p1a: Skarmory|Roost|p1a: Skarmory\n|-heal|p1a: Skarmory|96\/100 tox\n|-singleturn|p1a: Skarmory|move: Roost\n|\n|-damage|p1a: Skarmory|66\/100 tox|[from] psn\n|upkeep\n|turn|38\n|\n|t:|1666102726\n|switch|p1a: Venusaur|Venusaur-Mega, F|94\/100 tox\n|move|p2a: Greninja|Dark Pulse|p1a: Venusaur\n|-damage|p1a: Venusaur|54\/100 tox\n|\n|-damage|p1a: Venusaur|48\/100 tox|[from] psn\n|upkeep\n|turn|39\n|\n|t:|1666102734\n|switch|p2a: Salazzle|Salazzle, F|17\/100\n|move|p1a: Venusaur|Leech Seed|p2a: Salazzle\n|-start|p2a: Salazzle|move: Leech Seed\n|\n|-heal|p2a: Salazzle|23\/100|[from] item: Black Sludge\n|-damage|p2a: Salazzle|11\/100|[from] Leech Seed|[of] p1a: Venusaur\n|-heal|p1a: Venusaur|60\/100 tox|[silent]\n|-damage|p1a: Venusaur|47\/100 tox|[from] psn\n|upkeep\n|turn|40\n|\n|t:|1666102744\n|switch|p2a: Gliscor|Gliscor, F|70\/100 tox\n|move|p1a: Venusaur|Synthesis|p1a: Venusaur\n|-heal|p1a: Venusaur|97\/100 tox\n|\n|-heal|p2a: Gliscor|82\/100 tox|[from] ability: Poison Heal\n|-damage|p1a: Venusaur|79\/100 tox|[from] psn\n|upkeep\n|turn|41\n|\n|t:|1666102752\n|move|p2a: Gliscor|Earthquake|p1a: Venusaur\n|-damage|p1a: Venusaur|58\/100 tox\n|move|p1a: Venusaur|Leech Seed|p2a: Gliscor\n|-start|p2a: Gliscor|move: Leech Seed\n|\n|-damage|p2a: Gliscor|70\/100 tox|[from] Leech Seed|[of] p1a: Venusaur\n|-heal|p1a: Venusaur|71\/100 tox|[silent]\n|-heal|p2a: Gliscor|82\/100 tox|[from] ability: Poison Heal\n|-damage|p1a: Venusaur|46\/100 tox|[from] psn\n|upkeep\n|turn|42\n|\n|t:|1666102761\n|switch|p2a: Chansey|Chansey, F|77\/100\n|move|p1a: Venusaur|Synthesis|p1a: Venusaur\n|-heal|p1a: Venusaur|96\/100 tox\n|\n|-damage|p1a: Venusaur|66\/100 tox|[from] psn\n|upkeep\n|turn|43\n|\n|t:|1666102766\n|switch|p1a: Skarmory|Skarmory, F|66\/100 tox\n|move|p2a: Chansey|Stealth Rock|p1a: Skarmory\n|-sidestart|p1: Cley9|move: Stealth Rock\n|\n|-damage|p1a: Skarmory|60\/100 tox|[from] psn\n|upkeep\n|turn|44\n|\n|t:|1666102771\n|move|p1a: Skarmory|Spikes|p2a: Chansey\n|-sidestart|p2: HQSTest|Spikes\n|move|p2a: Chansey|Soft-Boiled|p2a: Chansey\n|-heal|p2a: Chansey|100\/100\n|\n|-damage|p1a: Skarmory|48\/100 tox|[from] psn\n|upkeep\n|turn|45\n|\n|t:|1666102780\n|switch|p2a: Gliscor|Gliscor, F|82\/100 tox\n|move|p1a: Skarmory|Spikes|p2a: Gliscor\n|-sidestart|p2: HQSTest|Spikes\n|\n|-heal|p2a: Gliscor|95\/100 tox|[from] ability: Poison Heal\n|-damage|p1a: Skarmory|30\/100 tox|[from] psn\n|upkeep\n|turn|46\n|\n|t:|1666102786\n|move|p2a: Gliscor|Defog|p1a: Skarmory\n|-unboost|p1a: Skarmory|evasion|1\n|-sideend|p1: Cley9|Stealth Rock|[from] move: Defog|[of] p2a: Gliscor\n|-sideend|p2: HQSTest|Spikes|[from] move: Defog|[of] p2a: Gliscor\n|move|p1a: Skarmory|Roost|p1a: Skarmory\n|-heal|p1a: Skarmory|80\/100 tox\n|-singleturn|p1a: Skarmory|move: Roost\n|\n|-heal|p2a: Gliscor|100\/100 tox|[from] ability: Poison Heal\n|-damage|p1a: Skarmory|56\/100 tox|[from] psn\n|upkeep\n|turn|47\n|\n|t:|1666102793\n|switch|p2a: Greninja|Greninja, M|84\/100\n|switch|p1a: Venusaur|Venusaur-Mega, F|66\/100 tox\n|\n|-damage|p1a: Venusaur|60\/100 tox|[from] psn\n|upkeep\n|turn|48\n|\n|t:|1666102802\n|switch|p2a: Gliscor|Gliscor, F|100\/100 tox\n|move|p1a: Venusaur|Giga Drain|p2a: Gliscor\n|-damage|p2a: Gliscor|68\/100 tox\n|-heal|p1a: Venusaur|76\/100 tox|[from] drain|[of] p2a: Gliscor\n|\n|-heal|p2a: Gliscor|81\/100 tox|[from] ability: Poison Heal\n|-damage|p1a: Venusaur|64\/100 tox|[from] psn\n|upkeep\n|turn|49\n|\n|t:|1666102821\n|switch|p1a: Skarmory|Skarmory, F|56\/100 tox\n|move|p2a: Gliscor|Earthquake|p1a: Skarmory\n|-immune|p1a: Skarmory\n|\n|-heal|p2a: Gliscor|93\/100 tox|[from] ability: Poison Heal\n|-damage|p1a: Skarmory|50\/100 tox|[from] psn\n|upkeep\n|turn|50\n|\n|t:|1666102828\n|switch|p2a: Greninja|Greninja, M|84\/100\n|move|p1a: Skarmory|Roost|p1a: Skarmory\n|-heal|p1a: Skarmory|99\/100 tox\n|-singleturn|p1a: Skarmory|move: Roost\n|\n|-damage|p1a: Skarmory|88\/100 tox|[from] psn\n|upkeep\n|turn|51\n|\n|t:|1666102833\n|switch|p1a: Tapu Koko|Tapu Koko|64\/100 tox\n|-fieldstart|move: Electric Terrain|[from] ability: Electric Surge|[of] p1a: Tapu Koko\n|move|p2a: Greninja|Dark Pulse|p1a: Tapu Koko\n|-resisted|p1a: Tapu Koko\n|-damage|p1a: Tapu Koko|25\/100 tox\n|\n|-damage|p1a: Tapu Koko|19\/100 tox|[from] psn\n|upkeep\n|turn|52\n|\n|t:|1666102840\n|switch|p2a: Gliscor|Gliscor, F|93\/100 tox\n|move|p1a: Tapu Koko|U-turn|p2a: Gliscor\n|-resisted|p2a: Gliscor\n|-damage|p2a: Gliscor|87\/100 tox\n|\n|t:|1666102844\n|switch|p1a: Skarmory|Skarmory, F|88\/100 tox|[from]move: U-turn\n|\n|-heal|p2a: Gliscor|99\/100 tox|[from] ability: Poison Heal\n|-damage|p1a: Skarmory|82\/100 tox|[from] psn\n|upkeep\n|turn|53\n|\n|t:|1666102848\n|switch|p2a: Greninja|Greninja, M|84\/100\n|move|p1a: Skarmory|Spikes|p2a: Greninja\n|-sidestart|p2: HQSTest|Spikes\n|\n|-damage|p1a: Skarmory|70\/100 tox|[from] psn\n|upkeep\n|turn|54\n|\n|t:|1666102854\n|switch|p1a: Ditto|Ditto, shiny|100\/100\n|-transform|p1a: Ditto|p2a: Greninja|[from] ability: Imposter\n|move|p2a: Greninja|Dark Pulse|p1a: Ditto\n|-resisted|p1a: Ditto\n|-crit|p1a: Ditto\n|-damage|p1a: Ditto|43\/100\n|\n|upkeep\n|turn|55\n|\n|t:|1666102877\n|move|p1a: Ditto|Spikes|p2a: Greninja\n|-sidestart|p2: HQSTest|Spikes\n|move|p2a: Greninja|Dark Pulse|p1a: Ditto\n|-resisted|p1a: Ditto\n|-damage|p1a: Ditto|2\/100\n|\n|-fieldend|move: Electric Terrain\n|upkeep\n|turn|56\n|\n|t:|1666102885\n|switch|p1a: Tapu Koko|Tapu Koko|19\/100 tox\n|-fieldstart|move: Electric Terrain|[from] ability: Electric Surge|[of] p1a: Tapu Koko\n|switch|p2a: Gliscor|Gliscor, F|99\/100 tox\n|\n|-damage|p1a: Tapu Koko|13\/100 tox|[from] psn\n|-heal|p2a: Gliscor|100\/100 tox|[from] ability: Poison Heal\n|upkeep\n|turn|57\n|\n|t:|1666102893\n|move|p1a: Tapu Koko|Hidden Power|p2a: Gliscor\n|-supereffective|p2a: Gliscor\n|-damage|p2a: Gliscor|35\/100 tox\n|move|p2a: Gliscor|Defog|p1a: Tapu Koko\n|-unboost|p1a: Tapu Koko|evasion|1\n|-sideend|p2: HQSTest|Spikes|[from] move: Defog|[of] p2a: Gliscor\n|\n|-damage|p1a: Tapu Koko|1\/100 tox|[from] psn\n|-heal|p2a: Gliscor|47\/100 tox|[from] ability: Poison Heal\n|upkeep\n|turn|58\n|\n|t:|1666102899\n|switch|p2a: Chansey|Chansey, F|100\/100\n|move|p1a: Tapu Koko|U-turn|p2a: Chansey\n|-damage|p2a: Chansey|91\/100\n|\n|t:|1666102905\n|switch|p1a: Skarmory|Skarmory, F|70\/100 tox|[from]move: U-turn\n|\n|-damage|p1a: Skarmory|64\/100 tox|[from] psn\n|upkeep\n|turn|59\n|\n|t:|1666102911\n|switch|p2a: Greninja|Greninja, M|84\/100\n|move|p1a: Skarmory|Spikes|p2a: Greninja\n|-sidestart|p2: HQSTest|Spikes\n|\n|-damage|p1a: Skarmory|52\/100 tox|[from] psn\n|upkeep\n|turn|60\n|\n|t:|1666102918\n|switch|p1a: Tapu Koko|Tapu Koko|1\/100 tox\n|move|p2a: Greninja|Dark Pulse|p1a: Tapu Koko\n|-resisted|p1a: Tapu Koko\n|-damage|p1a: Tapu Koko|0 fnt\n|faint|p1a: Tapu Koko\n|-activate|p2a: Greninja|ability: Battle Bond\n|detailschange|p2a: Greninja|Greninja-Ash, M\n|\n|-fieldend|move: Electric Terrain\n|upkeep\n|\n|t:|1666102923\n|switch|p1a: Venusaur|Venusaur-Mega, F|64\/100 tox\n|turn|61\n|\n|t:|1666102934\n|switch|p2a: Gliscor|Gliscor, F|47\/100 tox\n|move|p1a: Venusaur|Giga Drain|p2a: Gliscor\n|-damage|p2a: Gliscor|13\/100 tox\n|-heal|p1a: Venusaur|80\/100 tox|[from] drain|[of] p2a: Gliscor\n|\n|-heal|p2a: Gliscor|25\/100 tox|[from] ability: Poison Heal\n|-damage|p1a: Venusaur|74\/100 tox|[from] psn\n|upkeep\n|turn|62\n|\n|t:|1666102951\n|switch|p2a: Chansey|Chansey, F|91\/100\n|-damage|p2a: Chansey|79\/100|[from] Spikes\n|move|p1a: Venusaur|Giga Drain|p2a: Chansey\n|-damage|p2a: Chansey|69\/100\n|-heal|p1a: Venusaur|84\/100 tox|[from] drain|[of] p2a: Chansey\n|\n|-damage|p1a: Venusaur|72\/100 tox|[from] psn\n|upkeep\n|turn|63\n|\n|t:|1666102961\n|move|p1a: Venusaur|Leech Seed|p2a: Chansey|[miss]\n|-miss|p1a: Venusaur|p2a: Chansey\n|move|p2a: Chansey|Stealth Rock|p1a: Venusaur\n|-sidestart|p1: Cley9|move: Stealth Rock\n|\n|-damage|p1a: Venusaur|54\/100 tox|[from] psn\n|upkeep\n|turn|64\n|\n|t:|1666102977\n|move|p1a: Venusaur|Synthesis|p1a: Venusaur\n|-heal|p1a: Venusaur|100\/100 tox\n|move|p2a: Chansey|Soft-Boiled|p2a: Chansey\n|-heal|p2a: Chansey|100\/100\n|\n|-damage|p1a: Venusaur|76\/100 tox|[from] psn\n|upkeep\n|turn|65\n|\n|t:|1666102986\n|switch|p2a: Scizor|Scizor, M|88\/100\n|-damage|p2a: Scizor|76\/100|[from] Spikes\n|move|p1a: Venusaur|Leech Seed|p2a: Scizor\n|-start|p2a: Scizor|move: Leech Seed\n|\n|-damage|p2a: Scizor|64\/100|[from] Leech Seed|[of] p1a: Venusaur\n|-heal|p1a: Venusaur|88\/100 tox|[silent]\n|-damage|p1a: Venusaur|58\/100 tox|[from] psn\n|upkeep\n|turn|66\n|\n|t:|1666102999\n|switch|p1a: Skarmory|Skarmory, F|52\/100 tox\n|-damage|p1a: Skarmory|40\/100 tox|[from] Stealth Rock\n|detailschange|p2a: Scizor|Scizor-Mega, M\n|-mega|p2a: Scizor|Scizor|Scizorite\n|move|p2a: Scizor|Roost|p2a: Scizor\n|-heal|p2a: Scizor|100\/100\n|-singleturn|p2a: Scizor|move: Roost\n|\n|-damage|p2a: Scizor|88\/100|[from] Leech Seed|[of] p1a: Skarmory\n|-heal|p1a: Skarmory|52\/100 tox|[silent]\n|-damage|p1a: Skarmory|46\/100 tox|[from] psn\n|upkeep\n|turn|67\n|\n|t:|1666103010\n|switch|p2a: Gliscor|Gliscor, F|25\/100 tox\n|move|p1a: Skarmory|Whirlwind|p2a: Gliscor\n|drag|p2a: Greninja|Greninja-Ash, M|84\/100\n|-damage|p2a: Greninja|72\/100|[from] Spikes\n|\n|-damage|p1a: Skarmory|34\/100 tox|[from] psn\n|upkeep\n|turn|68\n|\n|t:|1666103027\n|move|p2a: Greninja|Dark Pulse|p1a: Skarmory\n|-damage|p1a: Skarmory|0 fnt\n|faint|p1a: Skarmory\n|\n|upkeep\n|\n|t:|1666103033\n|switch|p1a: Magnezone|Magnezone|58\/100\n|-damage|p1a: Magnezone|52\/100|[from] Stealth Rock\n|turn|69\n|\n|t:|1666103040\n|move|p2a: Greninja|Dark Pulse|p1a: Magnezone\n|-damage|p1a: Magnezone|0 fnt\n|faint|p1a: Magnezone\n|\n|upkeep\n|-message|Cley9 forfeited.\n|\n|win|HQSTest\n|raw|Cley9's rating: 1614 &rarr; <strong>1594<\/strong><br \/>(-20 for losing)\n|raw|HQSTest's rating: 1613 &rarr; <strong>1633<\/strong><br \/>(+20 for winning)\n|l|\u2606Cley9\n||Ladder isn't responding, score probably updated but might not have (Request timeout).\n","uploadtime":1666103050,"views":10,"p1id":"cley9","p2id":"hqstest","formatid":"gen7ou","rating":1594,"private":0,"password":null}