{"id":"gen7ou-818562587","p1":"Toxabelle","p2":"VerotechSL4","format":"gen7ou","log":"|j|\u2606Toxabelle\n|j|\u2606VerotechSL4\n|player|p1|Toxabelle|265\n|player|p2|VerotechSL4|170\n|teamsize|p1|6\n|teamsize|p2|6\n|gametype|singles\n|gen|7\n|tier|[Gen 7] OU\n|rated|\n|rule|Sleep Clause Mod: Limit one foe put to sleep\n|rule|Species Clause: Limit one of each Pok\u00e9mon\n|rule|OHKO Clause: OHKO moves are banned\n|rule|Moody Clause: Moody is banned\n|rule|Evasion Moves Clause: Evasion moves are banned\n|rule|Endless Battle Clause: Forcing endless battles is banned\n|rule|HP Percentage Mod: HP is shown in percentages\n|clearpoke\n|poke|p1|Clefable, F|item\n|poke|p1|Gliscor, M|item\n|poke|p1|Tyranitar, F|item\n|poke|p1|Ferrothorn, F|item\n|poke|p1|Tornadus-Therian, M|item\n|poke|p1|Magnezone|item\n|poke|p2|Dragonite, M|item\n|poke|p2|Pinsir, F|item\n|poke|p2|Mimikyu, M|item\n|poke|p2|Excadrill, F|item\n|poke|p2|Manaphy|item\n|poke|p2|Azelf|item\n|teampreview\n|inactive|Battle timer is ON: inactive players will automatically lose when time's up. (requested by Toxabelle)\n|\n|start\n|switch|p1a: Tornadus|Tornadus-Therian, M|100\/100\n|switch|p2a: Mimikyu|Mimikyu, M|100\/100\n|turn|1\n|\n|move|p1a: Tornadus|Knock Off|p2a: Mimikyu\n|-activate|p2a: Mimikyu|ability: Disguise\n|-damage|p2a: Mimikyu|100\/100\n|-enditem|p2a: Mimikyu|Life Orb|[from] move: Knock Off|[of] p1a: Tornadus\n|detailschange|p2a: Mimikyu|Mimikyu-Busted, M\n|move|p2a: Mimikyu|Swords Dance|p2a: Mimikyu\n|-boost|p2a: Mimikyu|atk|2\n|\n|upkeep\n|turn|2\n|\n|-zpower|p1a: Tornadus\n|move|p1a: Tornadus|Supersonic Skystrike|p2a: Mimikyu|[zeffect]\n|-damage|p2a: Mimikyu|0 fnt\n|faint|p2a: Mimikyu\n|\n|upkeep\n|\n|switch|p2a: Dragonite|Dragonite, M|100\/100\n|turn|3\n|\n|switch|p1a: Tyranitar|Tyranitar, F|100\/100\n|-weather|Sandstorm|[from] ability: Sand Stream|[of] p1a: Tyranitar\n|move|p2a: Dragonite|Dragon Dance|p2a: Dragonite\n|-boost|p2a: Dragonite|atk|1\n|-boost|p2a: Dragonite|spe|1\n|\n|-weather|Sandstorm|[upkeep]\n|-damage|p2a: Dragonite|94\/100|[from] Sandstorm\n|upkeep\n|turn|4\n|\n|detailschange|p1a: Tyranitar|Tyranitar-Mega, F\n|-mega|p1a: Tyranitar|Tyranitar|Tyranitarite\n|-zpower|p2a: Dragonite\n|move|p2a: Dragonite|Supersonic Skystrike|p1a: Tyranitar|[zeffect]\n|-resisted|p1a: Tyranitar\n|-damage|p1a: Tyranitar|56\/100\n|move|p1a: Tyranitar|Ice Punch|p2a: Dragonite\n|-supereffective|p2a: Dragonite\n|-damage|p2a: Dragonite|0 fnt\n|faint|p2a: Dragonite\n|\n|-weather|Sandstorm|[upkeep]\n|upkeep\n|\n|switch|p2a: Pinsir|Pinsir, F|100\/100\n|turn|5\n|\n|detailschange|p2a: Pinsir|Pinsir-Mega, F\n|-mega|p2a: Pinsir|Pinsir|Pinsirite\n|move|p2a: Pinsir|Close Combat|p1a: Tyranitar\n|-supereffective|p1a: Tyranitar\n|-damage|p1a: Tyranitar|0 fnt\n|-unboost|p2a: Pinsir|def|1\n|-unboost|p2a: Pinsir|spd|1\n|faint|p1a: Tyranitar\n|\n|-weather|Sandstorm|[upkeep]\n|-damage|p2a: Pinsir|95\/100|[from] Sandstorm\n|upkeep\n|\n|switch|p1a: Magnezone|Magnezone|100\/100\n|turn|6\n|\n|move|p1a: Magnezone|Volt Switch|p2a: Pinsir\n|-supereffective|p2a: Pinsir\n|-damage|p2a: Pinsir|0 fnt\n|faint|p2a: Pinsir\n|\n|switch|p1a: Tornadus|Tornadus-Therian, M|100\/100\n|\n|-weather|Sandstorm|[upkeep]\n|-damage|p1a: Tornadus|94\/100|[from] Sandstorm\n|upkeep\n|\n|switch|p2a: Excadrill|Excadrill, F|100\/100\n|-ability|p2a: Excadrill|Mold Breaker\n|turn|7\n|\n|move|p2a: Excadrill|Rock Slide|p1a: Tornadus\n|-supereffective|p1a: Tornadus\n|-damage|p1a: Tornadus|26\/100\n|move|p1a: Tornadus|Superpower|p2a: Excadrill\n|-supereffective|p2a: Excadrill\n|-damage|p2a: Excadrill|8\/100\n|-unboost|p1a: Tornadus|atk|1\n|-unboost|p1a: Tornadus|def|1\n|\n|-weather|none\n|upkeep\n|turn|8\n|\n|switch|p2a: Manaphy|Manaphy|100\/100\n|switch|p1a: Magnezone|Magnezone|100\/100\n|\n|upkeep\n|turn|9\n|\n|switch|p2a: Excadrill|Excadrill, F|8\/100\n|-ability|p2a: Excadrill|Mold Breaker\n|move|p1a: Magnezone|Volt Switch|p2a: Excadrill\n|-immune|p2a: Excadrill|[msg]\n|\n|upkeep\n|turn|10\n|\n|switch|p1a: Gliscor|Gliscor, M|100\/100\n|move|p2a: Excadrill|Rock Slide|p1a: Gliscor\n|-damage|p1a: Gliscor|79\/100\n|\n|-status|p1a: Gliscor|tox|[from] item: Toxic Orb\n|upkeep\n|turn|11\n|\n|switch|p2a: Azelf|Azelf|100\/100\n|move|p1a: Gliscor|Swords Dance|p1a: Gliscor\n|-boost|p1a: Gliscor|atk|2\n|\n|-heal|p1a: Gliscor|91\/100 tox|[from] ability: Poison Heal\n|upkeep\n|turn|12\n|\n|move|p2a: Azelf|Knock Off|p1a: Gliscor\n|-damage|p1a: Gliscor|65\/100 tox\n|-enditem|p1a: Gliscor|Toxic Orb|[from] move: Knock Off|[of] p2a: Azelf\n|move|p1a: Gliscor|Ice Fang|p2a: Azelf\n|-damage|p2a: Azelf|59\/100\n|\n|-heal|p1a: Gliscor|77\/100 tox|[from] ability: Poison Heal\n|upkeep\n|turn|13\n|\n|move|p2a: Azelf|Explosion|p1a: Gliscor\n|-damage|p1a: Gliscor|10\/100 tox\n|faint|p2a: Azelf\n|move|p1a: Gliscor|Ice Fang|p2: Azelf|[notarget]\n|-notarget\n|\n|-heal|p1a: Gliscor|22\/100 tox|[from] ability: Poison Heal\n|upkeep\n|\n|switch|p2a: Manaphy|Manaphy|100\/100\n|turn|14\n|\n|move|p2a: Manaphy|Scald|p1a: Gliscor\n|-supereffective|p1a: Gliscor\n|-damage|p1a: Gliscor|0 fnt\n|faint|p1a: Gliscor\n|\n|upkeep\n|\n|switch|p1a: Ferrothorn|Ferrothorn, F|100\/100\n|turn|15\n|\n|move|p2a: Manaphy|Tail Glow|p2a: Manaphy\n|-boost|p2a: Manaphy|spa|3\n|move|p1a: Ferrothorn|Power Whip|p2a: Manaphy|[miss]\n|-miss|p1a: Ferrothorn|p2a: Manaphy\n|\n|upkeep\n|turn|16\n|\n|move|p2a: Manaphy|Tail Glow|p2a: Manaphy\n|-boost|p2a: Manaphy|spa|3\n|move|p1a: Ferrothorn|Power Whip|p2a: Manaphy\n|-supereffective|p2a: Manaphy\n|-damage|p2a: Manaphy|18\/100\n|\n|-heal|p2a: Manaphy|24\/100|[from] item: Leftovers\n|upkeep\n|turn|17\n|\n|move|p2a: Manaphy|Ice Beam|p1a: Ferrothorn\n|-crit|p1a: Ferrothorn\n|-damage|p1a: Ferrothorn|0 fnt\n|faint|p1a: Ferrothorn\n|\n|-heal|p2a: Manaphy|30\/100|[from] item: Leftovers\n|upkeep\n|\n|switch|p1a: Tornadus|Tornadus-Therian, M|59\/100\n|turn|18\n|\n|move|p1a: Tornadus|Knock Off|p2a: Manaphy\n|-damage|p2a: Manaphy|7\/100\n|-enditem|p2a: Manaphy|Leftovers|[from] move: Knock Off|[of] p1a: Tornadus\n|move|p2a: Manaphy|Scald|p1a: Tornadus\n|-damage|p1a: Tornadus|0 fnt\n|faint|p1a: Tornadus\n|\n|upkeep\n|\n|switch|p1a: Magnezone|Magnezone|100\/100\n|turn|19\n|\n|move|p1a: Magnezone|Flash Cannon|p2a: Manaphy\n|-resisted|p2a: Manaphy\n|-damage|p2a: Manaphy|0 fnt\n|faint|p2a: Manaphy\n|\n|upkeep\n|c|\u2606Toxabelle|gg\n|c|\u2606VerotechSL4|gg\n|\n|switch|p2a: Excadrill|Excadrill, F|8\/100\n|-ability|p2a: Excadrill|Mold Breaker\n|turn|20\n|\n|move|p2a: Excadrill|Earthquake|p1a: Magnezone\n|-supereffective|p1a: Magnezone\n|-damage|p1a: Magnezone|0 fnt\n|faint|p1a: Magnezone\n|\n|upkeep\n|\n|switch|p1a: Clefable|Clefable, F|100\/100\n|turn|21\n|\n|move|p2a: Excadrill|Earthquake|p1a: Clefable\n|-damage|p1a: Clefable|57\/100\n|move|p1a: Clefable|Moonblast|p2a: Excadrill\n|-resisted|p2a: Excadrill\n|-damage|p2a: Excadrill|0 fnt\n|faint|p2a: Excadrill\n|\n|win|Toxabelle\n|raw|Toxabelle's rating: 1827 &rarr; <strong>1842<\/strong><br \/>(+15 for winning)\n|raw|VerotechSL4's rating: 1741 &rarr; <strong>1726<\/strong><br \/>(-15 for losing)\n","uploadtime":1539232416,"views":78,"p1id":"toxabelle","p2id":"verotechsl4","formatid":"gen7ou","rating":1726,"private":0,"password":null}