{"id":"gen7anythinggoes-806476484","p1":"Major_Loke","p2":"OGamer289","format":"gen7anythinggoes","log":"|j|\u2606Major_Loke\n|j|\u2606OGamer289\n|player|p1|Major_Loke|266\n|player|p2|OGamer289|153\n|teamsize|p1|6\n|teamsize|p2|6\n|gametype|singles\n|gen|7\n|tier|[Gen 7] Anything Goes\n|rule|Endless Battle Clause: Forcing endless battles is banned\n|clearpoke\n|poke|p1|Alakazam, F|item\n|poke|p1|Terrakion|item\n|poke|p1|Clefable, F|item\n|poke|p1|Tornadus, M|item\n|poke|p1|Kyurem|item\n|poke|p1|Krookodile, M|item\n|poke|p2|Dhelmise|item\n|poke|p2|Entei|item\n|poke|p2|Venusaur, F|item\n|poke|p2|Buzzwole|item\n|poke|p2|Nidoking, M|item\n|poke|p2|Azelf|item\n|rule|HP Percentage Mod: HP is shown in percentages\n|teampreview\n|c|\u2606OGamer289|HF GL\n|\n|start\n|switch|p1a: Tequila|Krookodile, M|100\/100\n|switch|p2a: Flex|Buzzwole|100\/100\n|-ability|p1a: Tequila|Intimidate|boost\n|-unboost|p2a: Flex|atk|1\n|turn|1\n|\n|switch|p1a: Wermut|Clefable, F|100\/100\n|move|p2a: Flex|Leech Life|p1a: Wermut\n|-resisted|p1a: Wermut\n|-damage|p1a: Wermut|87\/100\n|\n|-heal|p1a: Wermut|93\/100|[from] item: Leftovers\n|upkeep\n|turn|2\n|\n|switch|p2a: Louise|Venusaur, F|100\/100\n|move|p1a: Wermut|Calm Mind|p1a: Wermut\n|-boost|p1a: Wermut|spa|1\n|-boost|p1a: Wermut|spd|1\n|\n|-heal|p1a: Wermut|99\/100|[from] item: Leftovers\n|upkeep\n|turn|3\n|\n|detailschange|p2a: Louise|Venusaur-Mega, F\n|-mega|p2a: Louise|Venusaur|Venusaurite\n|move|p2a: Louise|Sludge Bomb|p1a: Wermut\n|-supereffective|p1a: Wermut\n|-damage|p1a: Wermut|53\/100\n|move|p1a: Wermut|Psyshock|p2a: Louise\n|-supereffective|p2a: Louise\n|-damage|p2a: Louise|60\/100\n|\n|-heal|p1a: Wermut|59\/100|[from] item: Leftovers\n|upkeep\n|turn|4\n|\n|switch|p1a: Sake|Kyurem|100\/100\n|-ability|p1a: Sake|Pressure\n|move|p2a: Louise|Sludge Bomb|p1a: Sake\n|-damage|p1a: Sake|68\/100\n|\n|upkeep\n|turn|5\n|\n|switch|p2a: Anker|Dhelmise|100\/100\n|move|p1a: Sake|Draco Meteor|p2a: Anker\n|-damage|p2a: Anker|41\/100\n|-unboost|p1a: Sake|spa|2\n|\n|upkeep\n|turn|6\n|\n|switch|p1a: Tequila|Krookodile, M|100\/100\n|-ability|p1a: Tequila|Intimidate|boost\n|-unboost|p2a: Anker|atk|1\n|move|p2a: Anker|Anchor Shot|p1a: Tequila\n|-damage|p1a: Tequila|75\/100\n|-activate|p1a: Tequila|trapped\n|\n|upkeep\n|turn|7\n|\n|-activate|p2a: Anker|move: Pursuit\n|move|p1a: Tequila|Pursuit|p2a: Anker|[from]Pursuit\n|-supereffective|p2a: Anker\n|-damage|p2a: Anker|0 fnt\n|-damage|p1a: Tequila|65\/100|[from] item: Life Orb\n|faint|p2a: Anker\n|\n|upkeep\n|\n|switch|p2a: Louise|Venusaur-Mega, F|60\/100\n|turn|8\n|\n|switch|p1a: Gin|Tornadus, M|100\/100\n|move|p2a: Louise|Giga Drain|p1a: Gin\n|-resisted|p1a: Gin\n|-damage|p1a: Gin|80\/100\n|-heal|p2a: Louise|70\/100|[from] drain|[of] p1a: Gin\n|\n|upkeep\n|turn|9\n|\n|switch|p2a: Der Pieker|Nidoking, M, shiny|100\/100\n|move|p1a: Gin|Hurricane|p2a: Der Pieker\n|-damage|p2a: Der Pieker|23\/100\n|-start|p2a: Der Pieker|confusion\n|\n|upkeep\n|turn|10\n|\n|move|p1a: Gin|Tailwind|p1a: Gin\n|-sidestart|p1: Major_Loke|move: Tailwind\n|-activate|p2a: Der Pieker|confusion\n|move|p2a: Der Pieker|Ice Beam|p1a: Gin\n|-supereffective|p1a: Gin\n|-damage|p1a: Gin|0 fnt\n|faint|p1a: Gin\n|\n|upkeep\n|\n|switch|p1a: Whisky|Terrakion|100\/100\n|turn|11\n|\n|switch|p2a: Flex|Buzzwole|100\/100\n|move|p1a: Whisky|Close Combat|p2a: Flex\n|-resisted|p2a: Flex\n|-damage|p2a: Flex|84\/100\n|-unboost|p1a: Whisky|def|1\n|-unboost|p1a: Whisky|spd|1\n|\n|upkeep\n|turn|12\n|\n|switch|p1a: Wermut|Clefable, F|59\/100\n|move|p2a: Flex|Iron Head|p1a: Wermut\n|-supereffective|p1a: Wermut\n|-damage|p1a: Wermut|21\/100\n|\n|-heal|p1a: Wermut|27\/100|[from] item: Leftovers\n|upkeep\n|turn|13\n|\n|move|p1a: Wermut|Moonblast|p2a: Flex\n|-supereffective|p2a: Flex\n|-damage|p2a: Flex|6\/100\n|move|p2a: Flex|Iron Head|p1a: Wermut\n|-supereffective|p1a: Wermut\n|-damage|p1a: Wermut|0 fnt\n|faint|p1a: Wermut\n|-ability|p2a: Flex|Beast Boost|boost\n|-boost|p2a: Flex|def|1\n|\n|-sideend|p1: Major_Loke|move: Tailwind\n|upkeep\n|\n|switch|p1a: Absinth|Alakazam, F|100\/100\n|turn|14\n|\n|detailschange|p1a: Absinth|Alakazam-Mega, F\n|-mega|p1a: Absinth|Alakazam|Alakazite\n|-ability|p1a: Absinth|Beast Boost|[from] ability: Trace|[of] p2a: Flex\n|move|p1a: Absinth|Psychic|p2a: Flex\n|-supereffective|p2a: Flex\n|-enditem|p2a: Flex|Payapa Berry|[eat]\n|-enditem|p2a: Flex|Payapa Berry|[weaken]\n|-damage|p2a: Flex|0 fnt\n|faint|p2a: Flex\n|-ability|p1a: Absinth|Beast Boost|boost\n|-boost|p1a: Absinth|spa|1\n|\n|upkeep\n|\n|switch|p2a: Gelber|Azelf, shiny|100\/100\n|turn|15\n|\n|switch|p1a: Tequila|Krookodile, M|65\/100\n|-ability|p1a: Tequila|Intimidate|boost\n|-unboost|p2a: Gelber|atk|1\n|move|p2a: Gelber|Shadow Ball|p1a: Tequila\n|-resisted|p1a: Tequila\n|-damage|p1a: Tequila|46\/100\n|\n|upkeep\n|turn|16\n|\n|switch|p2a: Louise|Venusaur-Mega, F|70\/100\n|move|p1a: Tequila|Stealth Rock|p2a: Louise\n|-sidestart|p2: OGamer289|move: Stealth Rock\n|\n|upkeep\n|turn|17\n|\n|switch|p1a: Sake|Kyurem|68\/100\n|-ability|p1a: Sake|Pressure\n|move|p2a: Louise|Giga Drain|p1a: Sake\n|-resisted|p1a: Sake\n|-damage|p1a: Sake|52\/100\n|-heal|p2a: Louise|78\/100|[from] drain|[of] p1a: Sake\n|\n|upkeep\n|turn|18\n|\n|move|p1a: Sake|Draco Meteor|p2a: Louise|[miss]\n|-miss|p1a: Sake|p2a: Louise\n|move|p2a: Louise|Synthesis|p2a: Louise\n|-heal|p2a: Louise|100\/100\n|\n|upkeep\n|turn|19\n|\n|switch|p1a: Absinth|Alakazam-Mega, F|100\/100\n|-ability|p1a: Absinth|Thick Fat|[from] ability: Trace|[of] p2a: Louise\n|move|p2a: Louise|Synthesis|p2a: Louise\n|-fail|p2a: Louise\n|\n|upkeep\n|turn|20\n|\n|switch|p2a: Gelber|Azelf, shiny|100\/100\n|-damage|p2a: Gelber|88\/100|[from] Stealth Rock\n|move|p1a: Absinth|Psychic|p2a: Gelber\n|-resisted|p2a: Gelber\n|-damage|p2a: Gelber|42\/100\n|\n|upkeep\n|turn|21\n|\n|move|p2a: Gelber|Shadow Ball|p1a: Absinth\n|-supereffective|p1a: Absinth\n|-damage|p1a: Absinth|20\/100\n|move|p1a: Absinth|Shadow Ball|p2a: Gelber\n|-supereffective|p2a: Gelber\n|-damage|p2a: Gelber|0 fnt\n|faint|p2a: Gelber\n|\n|upkeep\n|\n|switch|p2a: Der Pieker|Nidoking, M, shiny|23\/100\n|-damage|p2a: Der Pieker|17\/100|[from] Stealth Rock\n|turn|22\n|\n|switch|p1a: Tequila|Krookodile, M|46\/100\n|-ability|p1a: Tequila|Intimidate|boost\n|-unboost|p2a: Der Pieker|atk|1\n|move|p2a: Der Pieker|Sucker Punch|p1a: Tequila|[still]\n|-fail|p2a: Der Pieker\n|\n|upkeep\n|turn|23\n|\n|move|p1a: Tequila|Pursuit|p2a: Der Pieker\n|-damage|p2a: Der Pieker|0 fnt\n|-damage|p1a: Tequila|36\/100|[from] item: Life Orb\n|faint|p2a: Der Pieker\n|\n|upkeep\n|\n|switch|p2a: Louise|Venusaur-Mega, F|100\/100\n|-damage|p2a: Louise|88\/100|[from] Stealth Rock\n|turn|24\n|\n|switch|p1a: Sake|Kyurem|52\/100\n|-ability|p1a: Sake|Pressure\n|move|p2a: Louise|Giga Drain|p1a: Sake\n|-resisted|p1a: Sake\n|-damage|p1a: Sake|39\/100\n|-heal|p2a: Louise|96\/100|[from] drain|[of] p1a: Sake\n|\n|upkeep\n|turn|25\n|\n|move|p1a: Sake|Earth Power|p2a: Louise\n|-damage|p2a: Louise|68\/100\n|move|p2a: Louise|Synthesis|p2a: Louise\n|-heal|p2a: Louise|100\/100\n|\n|upkeep\n|turn|26\n|j| Phlippynator\n|j| mordastcry\n|\n|move|p1a: Sake|Earth Power|p2a: Louise\n|-damage|p2a: Louise|71\/100\n|move|p2a: Louise|Giga Drain|p1a: Sake\n|-resisted|p1a: Sake\n|-damage|p1a: Sake|25\/100\n|-heal|p2a: Louise|79\/100|[from] drain|[of] p1a: Sake\n|\n|upkeep\n|turn|27\n|\n|move|p1a: Sake|Earth Power|p2a: Louise\n|-damage|p2a: Louise|50\/100\n|move|p2a: Louise|Synthesis|p2a: Louise\n|-heal|p2a: Louise|99\/100\n|\n|upkeep\n|turn|28\n|\n|move|p1a: Sake|Earth Power|p2a: Louise\n|-damage|p2a: Louise|70\/100\n|move|p2a: Louise|Sludge Bomb|p1a: Sake\n|-damage|p1a: Sake|0 fnt\n|faint|p1a: Sake\n|\n|upkeep\n|\n|switch|p1a: Absinth|Alakazam-Mega, F|20\/100\n|-ability|p1a: Absinth|Thick Fat|[from] ability: Trace|[of] p2a: Louise\n|turn|29\n|\n|switch|p2a: Prentei|Entei, shiny|100\/100\n|-damage|p2a: Prentei|75\/100|[from] Stealth Rock\n|-ability|p2a: Prentei|Pressure\n|move|p1a: Absinth|Psychic|p2a: Prentei\n|-damage|p2a: Prentei|8\/100\n|\n|upkeep\n|turn|30\n|\n|switch|p1a: Tequila|Krookodile, M|36\/100\n|-ability|p1a: Tequila|Intimidate|boost\n|-unboost|p2a: Prentei|atk|1\n|move|p2a: Prentei|Sacred Fire|p1a: Tequila\n|-damage|p1a: Tequila|0 fnt\n|faint|p1a: Tequila\n|\n|upkeep\n|\n|switch|p1a: Whisky|Terrakion|100\/100\n|turn|31\n|\n|move|p1a: Whisky|Earthquake|p2a: Prentei\n|-supereffective|p2a: Prentei\n|-damage|p2a: Prentei|0 fnt\n|faint|p2a: Prentei\n|\n|upkeep\n|\n|switch|p2a: Louise|Venusaur-Mega, F|70\/100\n|-damage|p2a: Louise|58\/100|[from] Stealth Rock\n|turn|32\n|\n|-zpower|p1a: Whisky\n|move|p1a: Whisky|Continental Crush|p2a: Louise|[zeffect]\n|-damage|p2a: Louise|0 fnt\n|faint|p2a: Louise\n|\n|win|Major_Loke\n|c|\u2606OGamer289|gg\n|c|\u2606Major_Loke|Gg\n","uploadtime":1537102012,"views":40,"p1id":"majorloke","p2id":"ogamer289","formatid":"gen7anythinggoes","rating":0,"private":0,"password":null}