{"id":"gen7ou-968038506","p1":"DebutaCoutinho","p2":"BigL91","format":"gen7ou","log":"|j|\u2606DebutaCoutinho\n|j|\u2606BigL91\n|player|p1|DebutaCoutinho|49|1447\n|player|p2|BigL91|135|1438\n|teamsize|p1|6\n|teamsize|p2|6\n|gametype|singles\n|gen|7\n|tier|[Gen 7] OU\n|rated|\n|rule|Sleep Clause Mod: Limit one foe put to sleep\n|rule|Species Clause: Limit one of each Pok\u00e9mon\n|rule|OHKO Clause: OHKO moves are banned\n|rule|Moody Clause: Moody is banned\n|rule|Evasion Moves Clause: Evasion moves are banned\n|rule|Endless Battle Clause: Forcing endless battles is banned\n|rule|HP Percentage Mod: HP is shown in percentages\n|clearpoke\n|poke|p1|Crobat, M|item\n|poke|p1|Latios, M|item\n|poke|p1|Kartana|item\n|poke|p1|Tapu Bulu|item\n|poke|p1|Jirachi|item\n|poke|p1|Rotom-Wash|item\n|poke|p2|Charizard, M|item\n|poke|p2|Excadrill, M|item\n|poke|p2|Greninja, M|item\n|poke|p2|Zapdos|item\n|poke|p2|Keldeo|item\n|poke|p2|Landorus-Therian, M|item\n|teampreview\n|\n|start\n|switch|p1a: Latios|Latios, M|100\/100\n|switch|p2a: Charizard|Charizard, M|100\/100\n|turn|1\n|\n|detailschange|p1a: Latios|Latios-Mega, M\n|-mega|p1a: Latios|Latios|Latiosite\n|detailschange|p2a: Charizard|Charizard-Mega-Y, M\n|-mega|p2a: Charizard|Charizard|Charizardite Y\n|-weather|SunnyDay|[from] ability: Drought|[of] p2a: Charizard\n|move|p1a: Latios|Psychic|p2a: Charizard\n|-damage|p2a: Charizard|43\/100\n|-unboost|p2a: Charizard|spd|1\n|move|p2a: Charizard|Fire Blast|p1a: Latios\n|-resisted|p1a: Latios\n|-damage|p1a: Latios|45\/100\n|\n|-weather|SunnyDay|[upkeep]\n|upkeep\n|turn|2\n|\n|switch|p2a: Excadrill|Excadrill, M|100\/100\n|-ability|p2a: Excadrill|Mold Breaker\n|move|p1a: Latios|Roost|p1a: Latios\n|-heal|p1a: Latios|95\/100\n|-singleturn|p1a: Latios|move: Roost\n|\n|-weather|SunnyDay|[upkeep]\n|upkeep\n|turn|3\n|\n|move|p1a: Latios|Earthquake|p2a: Excadrill\n|-supereffective|p2a: Excadrill\n|-damage|p2a: Excadrill|35\/100\n|move|p2a: Excadrill|Stealth Rock|p1a: Latios\n|-sidestart|p1: DebutaCoutinho|move: Stealth Rock\n|\n|-weather|SunnyDay|[upkeep]\n|-heal|p2a: Excadrill|42\/100|[from] item: Leftovers\n|upkeep\n|turn|4\n|\n|switch|p2a: Landorus|Landorus-Therian, M|100\/100\n|-ability|p2a: Landorus|Intimidate|boost\n|-unboost|p1a: Latios|atk|1\n|move|p1a: Latios|Ice Beam|p2a: Landorus\n|-supereffective|p2a: Landorus\n|-damage|p2a: Landorus|0 fnt\n|faint|p2a: Landorus\n|\n|-weather|SunnyDay|[upkeep]\n|upkeep\n|\n|switch|p2a: Greninja|Greninja, M|100\/100\n|turn|5\n|\n|switch|p1a: Tapu Bulu|Tapu Bulu|100\/100\n|-damage|p1a: Tapu Bulu|88\/100|[from] Stealth Rock\n|-fieldstart|move: Grassy Terrain|[from] ability: Grassy Surge|[of] p1a: Tapu Bulu\n|move|p2a: Greninja|Ice Beam|p1a: Tapu Bulu\n|-start|p2a: Greninja|typechange|Ice|[from] ability: Protean\n|-supereffective|p1a: Tapu Bulu\n|-damage|p1a: Tapu Bulu|12\/100\n|\n|-weather|none\n|-heal|p1a: Tapu Bulu|18\/100|[from] Grassy Terrain\n|upkeep\n|turn|6\n|\n|switch|p1a: Jirachi|Jirachi|100\/100\n|-damage|p1a: Jirachi|94\/100|[from] Stealth Rock\n|move|p2a: Greninja|Ice Beam|p1a: Jirachi\n|-resisted|p1a: Jirachi\n|-damage|p1a: Jirachi|84\/100\n|\n|-heal|p1a: Jirachi|90\/100|[from] item: Leftovers\n|-heal|p1a: Jirachi|97\/100|[from] Grassy Terrain\n|upkeep\n|turn|7\n|\n|switch|p2a: Zapdos|Zapdos|100\/100\n|move|p1a: Jirachi|U-turn|p2a: Zapdos\n|-resisted|p2a: Zapdos\n|-damage|p2a: Zapdos|94\/100\n|\n|switch|p1a: Latios|Latios-Mega, M|95\/100|[from]move: U-turn\n|-damage|p1a: Latios|83\/100|[from] Stealth Rock\n|\n|-heal|p2a: Zapdos|99\/100|[from] item: Leftovers\n|upkeep\n|turn|8\n|\n|move|p1a: Latios|Ice Beam|p2a: Zapdos\n|-supereffective|p2a: Zapdos\n|-damage|p2a: Zapdos|32\/100\n|move|p2a: Zapdos|Discharge|p1a: Latios\n|-resisted|p1a: Latios\n|-damage|p1a: Latios|63\/100\n|\n|-heal|p2a: Zapdos|38\/100|[from] item: Leftovers\n|upkeep\n|turn|9\n|\n|switch|p2a: Greninja|Greninja, M|100\/100\n|move|p1a: Latios|Ice Beam|p2a: Greninja\n|-resisted|p2a: Greninja\n|-damage|p2a: Greninja|73\/100\n|\n|-heal|p2a: Greninja|79\/100|[from] Grassy Terrain\n|-fieldend|move: Grassy Terrain\n|upkeep\n|turn|10\n|\n|switch|p1a: Tapu Bulu|Tapu Bulu|18\/100\n|-damage|p1a: Tapu Bulu|6\/100|[from] Stealth Rock\n|-fieldstart|move: Grassy Terrain|[from] ability: Grassy Surge|[of] p1a: Tapu Bulu\n|move|p2a: Greninja|Ice Beam|p1a: Tapu Bulu\n|-start|p2a: Greninja|typechange|Ice|[from] ability: Protean\n|-supereffective|p1a: Tapu Bulu\n|-damage|p1a: Tapu Bulu|0 fnt\n|faint|p1a: Tapu Bulu\n|\n|-heal|p2a: Greninja|85\/100|[from] Grassy Terrain\n|upkeep\n|\n|switch|p1a: Jirachi|Jirachi|97\/100\n|-damage|p1a: Jirachi|90\/100|[from] Stealth Rock\n|turn|11\n|\n|switch|p2a: Zapdos|Zapdos|38\/100\n|move|p1a: Jirachi|Stealth Rock|p2a: Zapdos\n|-sidestart|p2: BigL91|move: Stealth Rock\n|\n|-heal|p2a: Zapdos|44\/100|[from] item: Leftovers\n|-heal|p1a: Jirachi|97\/100|[from] item: Leftovers\n|-heal|p1a: Jirachi|100\/100|[from] Grassy Terrain\n|upkeep\n|turn|12\n|\n|switch|p1a: Latios|Latios-Mega, M|63\/100\n|-damage|p1a: Latios|51\/100|[from] Stealth Rock\n|move|p2a: Zapdos|Roost|p2a: Zapdos\n|-heal|p2a: Zapdos|94\/100\n|-singleturn|p2a: Zapdos|move: Roost\n|\n|-heal|p2a: Zapdos|99\/100|[from] item: Leftovers\n|-heal|p2a: Zapdos|100\/100|[from] Grassy Terrain\n|upkeep\n|turn|13\n|\n|move|p1a: Latios|Roost|p1a: Latios\n|-heal|p1a: Latios|100\/100\n|-singleturn|p1a: Latios|move: Roost\n|move|p2a: Zapdos|Discharge|p1a: Latios\n|-resisted|p1a: Latios\n|-damage|p1a: Latios|83\/100\n|-status|p1a: Latios|par\n|\n|upkeep\n|turn|14\n|\n|move|p2a: Zapdos|Hidden Power|p1a: Latios\n|-supereffective|p1a: Latios\n|-damage|p1a: Latios|49\/100 par\n|move|p1a: Latios|Psychic|p2a: Zapdos\n|-damage|p2a: Zapdos|45\/100\n|\n|-heal|p2a: Zapdos|51\/100|[from] item: Leftovers\n|-fieldend|move: Grassy Terrain\n|upkeep\n|turn|15\n|\n|move|p2a: Zapdos|Roost|p2a: Zapdos\n|-heal|p2a: Zapdos|100\/100\n|-singleturn|p2a: Zapdos|move: Roost\n|move|p1a: Latios|Roost|p1a: Latios\n|-heal|p1a: Latios|99\/100 par\n|-singleturn|p1a: Latios|move: Roost\n|\n|upkeep\n|turn|16\n|\n|move|p2a: Zapdos|Hidden Power|p1a: Latios\n|-supereffective|p1a: Latios\n|-damage|p1a: Latios|62\/100 par\n|move|p1a: Latios|Psychic|p2a: Zapdos\n|-damage|p2a: Zapdos|47\/100\n|\n|-heal|p2a: Zapdos|53\/100|[from] item: Leftovers\n|upkeep\n|turn|17\n|\n|move|p2a: Zapdos|Roost|p2a: Zapdos\n|-heal|p2a: Zapdos|100\/100\n|-singleturn|p2a: Zapdos|move: Roost\n|move|p1a: Latios|Earthquake|p2a: Zapdos\n|-supereffective|p2a: Zapdos\n|-damage|p2a: Zapdos|55\/100\n|\n|-heal|p2a: Zapdos|61\/100|[from] item: Leftovers\n|upkeep\n|turn|18\n|\n|move|p2a: Zapdos|Roost|p2a: Zapdos\n|-heal|p2a: Zapdos|100\/100\n|-singleturn|p2a: Zapdos|move: Roost\n|cant|p1a: Latios|par\n|\n|upkeep\n|turn|19\n|\n|move|p2a: Zapdos|Hidden Power|p1a: Latios\n|-supereffective|p1a: Latios\n|-damage|p1a: Latios|24\/100 par\n|move|p1a: Latios|Roost|p1a: Latios\n|-heal|p1a: Latios|75\/100 par\n|-singleturn|p1a: Latios|move: Roost\n|\n|upkeep\n|turn|20\n|\n|move|p2a: Zapdos|Hidden Power|p1a: Latios\n|-supereffective|p1a: Latios\n|-damage|p1a: Latios|37\/100 par\n|move|p1a: Latios|Roost|p1a: Latios\n|-heal|p1a: Latios|87\/100 par\n|-singleturn|p1a: Latios|move: Roost\n|\n|upkeep\n|turn|21\n|\n|move|p2a: Zapdos|Hidden Power|p1a: Latios\n|-supereffective|p1a: Latios\n|-damage|p1a: Latios|50\/100 par\n|move|p1a: Latios|Psychic|p2a: Zapdos\n|-damage|p2a: Zapdos|45\/100\n|\n|-heal|p2a: Zapdos|51\/100|[from] item: Leftovers\n|upkeep\n|turn|22\n|\n|move|p2a: Zapdos|Roost|p2a: Zapdos\n|-heal|p2a: Zapdos|100\/100\n|-singleturn|p2a: Zapdos|move: Roost\n|move|p1a: Latios|Psychic|p2a: Zapdos\n|-damage|p2a: Zapdos|43\/100\n|\n|-heal|p2a: Zapdos|49\/100|[from] item: Leftovers\n|upkeep\n|turn|23\n|\n|move|p2a: Zapdos|Roost|p2a: Zapdos\n|-heal|p2a: Zapdos|99\/100\n|-singleturn|p2a: Zapdos|move: Roost\n|move|p1a: Latios|Roost|p1a: Latios\n|-heal|p1a: Latios|99\/100 par\n|-singleturn|p1a: Latios|move: Roost\n|\n|-heal|p2a: Zapdos|100\/100|[from] item: Leftovers\n|upkeep\n|turn|24\n|\n|move|p2a: Zapdos|Hidden Power|p1a: Latios\n|-supereffective|p1a: Latios\n|-damage|p1a: Latios|66\/100 par\n|cant|p1a: Latios|par\n|\n|upkeep\n|turn|25\n|\n|move|p2a: Zapdos|Hidden Power|p1a: Latios\n|-supereffective|p1a: Latios\n|-damage|p1a: Latios|27\/100 par\n|cant|p1a: Latios|par\n|\n|upkeep\n|turn|26\n|\n|switch|p1a: Rotom|Rotom-Wash|100\/100\n|-damage|p1a: Rotom|88\/100|[from] Stealth Rock\n|move|p2a: Zapdos|Hidden Power|p1a: Rotom\n|-resisted|p1a: Rotom\n|-damage|p1a: Rotom|79\/100\n|\n|-heal|p1a: Rotom|86\/100|[from] item: Leftovers\n|upkeep\n|turn|27\n|\n|switch|p2a: Excadrill|Excadrill, M|42\/100\n|-damage|p2a: Excadrill|38\/100|[from] Stealth Rock\n|-ability|p2a: Excadrill|Mold Breaker\n|move|p1a: Rotom|Will-O-Wisp|p2a: Excadrill|[miss]\n|-miss|p1a: Rotom|p2a: Excadrill\n|\n|-heal|p1a: Rotom|92\/100|[from] item: Leftovers\n|-heal|p2a: Excadrill|45\/100|[from] item: Leftovers\n|upkeep\n|turn|28\n|\n|move|p1a: Rotom|Will-O-Wisp|p2a: Excadrill\n|-status|p2a: Excadrill|brn\n|move|p2a: Excadrill|Earthquake|p1a: Rotom\n|-supereffective|p1a: Rotom\n|-damage|p1a: Rotom|53\/100\n|\n|-heal|p1a: Rotom|59\/100|[from] item: Leftovers\n|-heal|p2a: Excadrill|51\/100 brn|[from] item: Leftovers\n|-damage|p2a: Excadrill|45\/100 brn|[from] brn\n|upkeep\n|turn|29\n|\n|move|p1a: Rotom|Hydro Pump|p2a: Excadrill|[miss]\n|-miss|p1a: Rotom|p2a: Excadrill\n|move|p2a: Excadrill|Earthquake|p1a: Rotom\n|-supereffective|p1a: Rotom\n|-damage|p1a: Rotom|24\/100\n|\n|-heal|p1a: Rotom|30\/100|[from] item: Leftovers\n|-heal|p2a: Excadrill|51\/100 brn|[from] item: Leftovers\n|-damage|p2a: Excadrill|45\/100 brn|[from] brn\n|upkeep\n|turn|30\n|\n|move|p1a: Rotom|Hydro Pump|p2a: Excadrill\n|-supereffective|p2a: Excadrill\n|-damage|p2a: Excadrill|0 fnt\n|faint|p2a: Excadrill\n|\n|-heal|p1a: Rotom|36\/100|[from] item: Leftovers\n|upkeep\n|\n|switch|p2a: Greninja|Greninja, M|85\/100\n|-damage|p2a: Greninja|73\/100|[from] Stealth Rock\n|turn|31\n|\n|move|p2a: Greninja|Gunk Shot|p1a: Rotom\n|-start|p2a: Greninja|typechange|Poison|[from] ability: Protean\n|-damage|p1a: Rotom|0 fnt\n|faint|p1a: Rotom\n|\n|upkeep\n|\n|switch|p1a: Crobat|Crobat, M|100\/100\n|-damage|p1a: Crobat|76\/100|[from] Stealth Rock\n|turn|32\n|\n|switch|p2a: Charizard|Charizard-Mega-Y, M|43\/100\n|-damage|p2a: Charizard|0 fnt|[from] Stealth Rock\n|faint|p2a: Charizard\n|move|p1a: Crobat|Nasty Plot|p1a: Crobat\n|-boost|p1a: Crobat|spa|2\n|\n|upkeep\n|\n|switch|p2a: Zapdos|Zapdos|100\/100\n|-damage|p2a: Zapdos|76\/100|[from] Stealth Rock\n|turn|33\n|\n|-zpower|p1a: Crobat\n|move|p1a: Crobat|Inferno Overdrive|p2a: Zapdos|[zeffect]\n|-damage|p2a: Zapdos|2\/100\n|move|p2a: Zapdos|Discharge|p1a: Crobat\n|-supereffective|p1a: Crobat\n|-damage|p1a: Crobat|0 fnt\n|faint|p1a: Crobat\n|\n|-heal|p2a: Zapdos|8\/100|[from] item: Leftovers\n|upkeep\n|\n|switch|p1a: Kartana|Kartana|100\/100\n|-damage|p1a: Kartana|94\/100|[from] Stealth Rock\n|turn|34\n|\n|move|p1a: Kartana|Leaf Blade|p2a: Zapdos\n|-resisted|p2a: Zapdos\n|-damage|p2a: Zapdos|0 fnt\n|faint|p2a: Zapdos\n|-ability|p1a: Kartana|Beast Boost|boost\n|-boost|p1a: Kartana|atk|1\n|\n|upkeep\n|\n|switch|p2a: Greninja|Greninja, M|73\/100\n|-damage|p2a: Greninja|61\/100|[from] Stealth Rock\n|turn|35\n|\n|move|p1a: Kartana|Leaf Blade|p2a: Greninja\n|-supereffective|p2a: Greninja\n|-damage|p2a: Greninja|0 fnt\n|faint|p2a: Greninja\n|-ability|p1a: Kartana|Beast Boost|boost\n|-boost|p1a: Kartana|atk|1\n|\n|upkeep\n|\n|switch|p2a: Keldeo|Keldeo|100\/100\n|-damage|p2a: Keldeo|94\/100|[from] Stealth Rock\n|turn|36\n|\n|move|p1a: Kartana|Leaf Blade|p2a: Keldeo\n|-supereffective|p2a: Keldeo\n|-damage|p2a: Keldeo|0 fnt\n|faint|p2a: Keldeo\n|\n|win|DebutaCoutinho\n|l|\u2606BigL91\n|c|\u2606DebutaCoutinho|CROBAT MVP\n|raw|DebutaCoutinho's rating: 1427 &rarr; <strong>1448<\/strong><br \/>(+21 for winning)\n|raw|BigL91's rating: 1439 &rarr; <strong>1418<\/strong><br \/>(-21 for losing)\n|c|\u2606DebutaCoutinho|gg\n","uploadtime":1567113458,"views":3,"p1id":"debutacoutinho","p2id":"bigl91","formatid":"gen7ou","rating":1418,"private":0,"password":null}