{"id":"gen7ou-994928680","p1":"smeb1997","p2":"comp233","format":"gen7ou","log":"|j|\u2606smeb1997\n|j|\u2606comp233\n|player|p1|smeb1997|caitlin|1642\n|player|p2|comp233|115|1705\n|teamsize|p1|6\n|teamsize|p2|6\n|gametype|singles\n|gen|7\n|tier|[Gen 7] OU\n|rated|\n|rule|Sleep Clause Mod: Limit one foe put to sleep\n|rule|Species Clause: Limit one of each Pok\u00e9mon\n|rule|OHKO Clause: OHKO moves are banned\n|rule|Moody Clause: Moody is banned\n|rule|Evasion Moves Clause: Evasion moves are banned\n|rule|Endless Battle Clause: Forcing endless battles is banned\n|rule|HP Percentage Mod: HP is shown in percentages\n|clearpoke\n|poke|p1|Slowbro, M|item\n|poke|p1|Chansey, F|item\n|poke|p1|Toxapex, M|item\n|poke|p1|Gliscor, M|item\n|poke|p1|Clefable, M|item\n|poke|p1|Skarmory, M|item\n|poke|p2|Lucario, F|item\n|poke|p2|Lopunny, M|item\n|poke|p2|Hawlucha, M|item\n|poke|p2|Kommo-o, M|item\n|poke|p2|Keldeo-Resolute|item\n|poke|p2|Infernape, M|item\n|teampreview\n|inactive|Battle timer is ON: inactive players will automatically lose when time's up. (requested by smeb1997)\n|inactiveoff|Battle timer is now OFF.\n|inactive|Battle timer is ON: inactive players will automatically lose when time's up. (requested by comp233)\n|\n|start\n|switch|p1a: Slowbro|Slowbro, M|100\/100\n|switch|p2a: Infernape|Infernape, M, shiny|100\/100\n|turn|1\n|\n|move|p2a: Infernape|Stealth Rock|p1a: Slowbro\n|-sidestart|p1: smeb1997|move: Stealth Rock\n|move|p1a: Slowbro|Iron Defense|p1a: Slowbro\n|-boost|p1a: Slowbro|def|2\n|\n|upkeep\n|turn|2\n|\n|move|p2a: Infernape|Overheat|p1a: Slowbro\n|-resisted|p1a: Slowbro\n|-damage|p1a: Slowbro|80\/100\n|-unboost|p2a: Infernape|spa|2\n|move|p1a: Slowbro|Iron Defense|p1a: Slowbro\n|-boost|p1a: Slowbro|def|2\n|\n|upkeep\n|turn|3\n|\n|switch|p2a: Keldeo|Keldeo-Resolute|100\/100\n|move|p1a: Slowbro|Calm Mind|p1a: Slowbro\n|-boost|p1a: Slowbro|spa|1\n|-boost|p1a: Slowbro|spd|1\n|\n|upkeep\n|turn|4\n|\n|move|p2a: Keldeo|Hidden Power|p1a: Slowbro\n|-supereffective|p1a: Slowbro\n|-damage|p1a: Slowbro|60\/100\n|move|p1a: Slowbro|Calm Mind|p1a: Slowbro\n|-boost|p1a: Slowbro|spa|1\n|-boost|p1a: Slowbro|spd|1\n|\n|upkeep\n|turn|5\n|\n|switch|p2a: Lucario|Lucario, F|100\/100\n|detailschange|p1a: Slowbro|Slowbro-Mega, M\n|-mega|p1a: Slowbro|Slowbro|Slowbronite\n|move|p1a: Slowbro|Slack Off|p1a: Slowbro\n|-heal|p1a: Slowbro|100\/100\n|\n|upkeep\n|turn|6\n|\n|move|p2a: Lucario|Shadow Ball|p1a: Slowbro\n|-supereffective|p1a: Slowbro\n|-damage|p1a: Slowbro|69\/100\n|move|p1a: Slowbro|Scald|p2a: Lucario\n|-damage|p2a: Lucario|14\/100\n|\n|upkeep\n|turn|7\n|\n|move|p2a: Lucario|Shadow Ball|p1a: Slowbro\n|-supereffective|p1a: Slowbro\n|-damage|p1a: Slowbro|41\/100\n|move|p1a: Slowbro|Slack Off|p1a: Slowbro\n|-heal|p1a: Slowbro|91\/100\n|\n|upkeep\n|turn|8\n|\n|move|p2a: Lucario|Shadow Ball|p1a: Slowbro\n|-supereffective|p1a: Slowbro\n|-damage|p1a: Slowbro|61\/100\n|move|p1a: Slowbro|Calm Mind|p1a: Slowbro\n|-boost|p1a: Slowbro|spa|1\n|-boost|p1a: Slowbro|spd|1\n|\n|upkeep\n|turn|9\n|\n|move|p2a: Lucario|Shadow Ball|p1a: Slowbro\n|-supereffective|p1a: Slowbro\n|-damage|p1a: Slowbro|38\/100\n|move|p1a: Slowbro|Slack Off|p1a: Slowbro\n|-heal|p1a: Slowbro|88\/100\n|\n|upkeep\n|turn|10\n|\n|move|p2a: Lucario|Shadow Ball|p1a: Slowbro\n|-supereffective|p1a: Slowbro\n|-damage|p1a: Slowbro|61\/100\n|move|p1a: Slowbro|Scald|p2a: Lucario\n|-damage|p2a: Lucario|0 fnt\n|faint|p2a: Lucario\n|\n|upkeep\n|\n|switch|p2a: Kommo-o|Kommo-o, M|100\/100\n|turn|11\n|\n|-zpower|p2a: Kommo-o\n|move|p2a: Kommo-o|Clangorous Soulblaze|p1a: Slowbro|[zeffect]\n|-damage|p1a: Slowbro|42\/100\n|-boost|p2a: Kommo-o|atk|1\n|-boost|p2a: Kommo-o|def|1\n|-boost|p2a: Kommo-o|spa|1\n|-boost|p2a: Kommo-o|spd|1\n|-boost|p2a: Kommo-o|spe|1\n|move|p1a: Slowbro|Scald|p2a: Kommo-o\n|-resisted|p2a: Kommo-o\n|-damage|p2a: Kommo-o|68\/100\n|-status|p2a: Kommo-o|brn\n|\n|-damage|p2a: Kommo-o|61\/100 brn|[from] brn\n|upkeep\n|turn|12\n|\n|move|p2a: Kommo-o|Clanging Scales|p1a: Slowbro\n|-damage|p1a: Slowbro|24\/100\n|-unboost|p2a: Kommo-o|def|1\n|move|p1a: Slowbro|Slack Off|p1a: Slowbro\n|-heal|p1a: Slowbro|74\/100\n|\n|-damage|p2a: Kommo-o|55\/100 brn|[from] brn\n|upkeep\n|turn|13\n|inactive|comp233 has 120 seconds left.\n|c|\u2606smeb1997|gg\n|c|\u2606comp233|gg\n|-message|comp233 forfeited.\n|\n|win|smeb1997\n|l|\u2606comp233\n|raw|smeb1997's rating: 1642 &rarr; <strong>1666<\/strong><br \/>(+24 for winning)\n|raw|comp233's rating: 1705 &rarr; <strong>1682<\/strong><br \/>(-23 for losing)\n","uploadtime":1571462213,"views":5,"p1id":"smeb1997","p2id":"comp233","formatid":"gen7ou","rating":1666,"private":0,"password":null}