{"id":"gen7ou-831471262","p1":"Oro e Diamanti","p2":"Moskito Cup","format":"gen7ou","log":"|raw|<div class=\"broadcast-red\"><strong>This battle is invite-only!<\/strong><br \/>Users must be rank + or invited with <code>\/invite<\/code> to join<\/div>\n|j|\u203dOro e Diamanti\n|j|\u2606Moskito Cup\n|player|p1|Oro e Diamanti|168\n|player|p2|Moskito Cup|170\n|teamsize|p1|6\n|teamsize|p2|6\n|gametype|singles\n|gen|7\n|tier|[Gen 7] OU\n|rated|\n|rule|Sleep Clause Mod: Limit one foe put to sleep\n|rule|Species Clause: Limit one of each Pok\u00e9mon\n|rule|OHKO Clause: OHKO moves are banned\n|rule|Moody Clause: Moody is banned\n|rule|Evasion Moves Clause: Evasion moves are banned\n|rule|Endless Battle Clause: Forcing endless battles is banned\n|rule|HP Percentage Mod: HP is shown in percentages\n|clearpoke\n|poke|p1|Latias, F|item\n|poke|p1|Magearna|item\n|poke|p1|Toxapex, F|item\n|poke|p1|Ditto|item\n|poke|p1|Gliscor, M|item\n|poke|p1|Reuniclus, M|item\n|poke|p2|Venusaur, M|item\n|poke|p2|Keldeo-Resolute|item\n|poke|p2|Skarmory, M|item\n|poke|p2|Chansey, F|item\n|poke|p2|Heatran, F|item\n|poke|p2|Bisharp, M|item\n|teampreview\n|inactive|Battle timer is ON: inactive players will automatically lose when time's up. (requested by Oro e Diamanti)\n|\n|start\n|switch|p1a: Gliscor|Gliscor, M|100\/100\n|switch|p2a: Bisharp|Bisharp, M|100\/100\n|turn|1\n|\n|switch|p1a: Magearna|Magearna|100\/100\n|move|p2a: Bisharp|Knock Off|p1a: Magearna\n|-resisted|p1a: Magearna\n|-damage|p1a: Magearna|89\/100\n|\n|upkeep\n|turn|2\n|\n|switch|p1a: Gliscor|Gliscor, M|100\/100\n|switch|p2a: Heatran|Heatran, F|100\/100\n|\n|-status|p1a: Gliscor|tox|[from] item: Toxic Orb\n|upkeep\n|turn|3\n|\n|switch|p2a: Skarmory|Skarmory, M|100\/100\n|move|p1a: Gliscor|Earthquake|p2a: Skarmory\n|-immune|p2a: Skarmory\n|\n|upkeep\n|turn|4\n|\n|switch|p1a: Latias|Latias, F|100\/100\n|move|p2a: Skarmory|Spikes|p1a: Latias\n|-sidestart|p1: Oro e Diamanti|Spikes\n|\n|upkeep\n|turn|5\n|\n|switch|p2a: Bisharp|Bisharp, M|100\/100\n|detailschange|p1a: Latias|Latias-Mega, F\n|-mega|p1a: Latias|Latias|Latiasite\n|move|p1a: Latias|Thunderbolt|p2a: Bisharp\n|-damage|p2a: Bisharp|64\/100\n|\n|-heal|p2a: Bisharp|70\/100|[from] item: Leftovers\n|upkeep\n|turn|6\n|\n|move|p1a: Latias|Thunderbolt|p2a: Bisharp\n|-damage|p2a: Bisharp|35\/100\n|move|p2a: Bisharp|Iron Head|p1a: Latias\n|-damage|p1a: Latias|66\/100\n|\n|-heal|p2a: Bisharp|41\/100|[from] item: Leftovers\n|upkeep\n|turn|7\n|\n|switch|p1a: Gliscor|Gliscor, M|100\/100 tox\n|move|p2a: Bisharp|Iron Head|p1a: Gliscor\n|-damage|p1a: Gliscor|64\/100 tox\n|\n|-heal|p2a: Bisharp|47\/100|[from] item: Leftovers\n|-heal|p1a: Gliscor|76\/100 tox|[from] ability: Poison Heal\n|upkeep\n|turn|8\n|\n|switch|p2a: Skarmory|Skarmory, M|100\/100\n|move|p1a: Gliscor|Earthquake|p2a: Skarmory\n|-immune|p2a: Skarmory\n|\n|-heal|p1a: Gliscor|89\/100 tox|[from] ability: Poison Heal\n|upkeep\n|turn|9\n|\n|move|p1a: Gliscor|Defog|p2a: Skarmory\n|-unboost|p2a: Skarmory|evasion|1\n|-sideend|p1: Oro e Diamanti|Spikes|[from] move: Defog|[of] p1a: Gliscor\n|move|p2a: Skarmory|Spikes|p1a: Gliscor\n|-sidestart|p1: Oro e Diamanti|Spikes\n|\n|-heal|p1a: Gliscor|100\/100 tox|[from] ability: Poison Heal\n|upkeep\n|turn|10\n|\n|switch|p1a: Ditto|Ditto|100\/100\n|-damage|p1a: Ditto|88\/100|[from] Spikes\n|-transform|p1a: Ditto|p2a: Skarmory|[from] ability: Imposter\n|move|p2a: Skarmory|Whirlwind|p1a: Ditto\n|drag|p1a: Magearna|Magearna|89\/100\n|-damage|p1a: Magearna|76\/100|[from] Spikes\n|\n|upkeep\n|turn|11\n|\n|switch|p2a: Chansey|Chansey, F|100\/100\n|move|p1a: Magearna|Thunderbolt|p2a: Chansey\n|-damage|p2a: Chansey|92\/100\n|\n|upkeep\n|turn|12\n|\n|switch|p1a: Gliscor|Gliscor, M|100\/100 tox\n|move|p2a: Chansey|Seismic Toss|p1a: Gliscor\n|-damage|p1a: Gliscor|72\/100 tox\n|\n|-heal|p1a: Gliscor|85\/100 tox|[from] ability: Poison Heal\n|upkeep\n|turn|13\n|\n|switch|p2a: Skarmory|Skarmory, M|100\/100\n|move|p1a: Gliscor|Defog|p2a: Skarmory\n|-unboost|p2a: Skarmory|evasion|1\n|-sideend|p1: Oro e Diamanti|Spikes|[from] move: Defog|[of] p1a: Gliscor\n|\n|-heal|p1a: Gliscor|97\/100 tox|[from] ability: Poison Heal\n|upkeep\n|turn|14\n|\n|switch|p1a: Ditto|Ditto|88\/100\n|-transform|p1a: Ditto|p2a: Skarmory|[from] ability: Imposter\n|move|p2a: Skarmory|Spikes|p1a: Ditto\n|-sidestart|p1: Oro e Diamanti|Spikes\n|\n|upkeep\n|turn|15\n|\n|switch|p2a: Bisharp|Bisharp, M|47\/100\n|move|p1a: Ditto|Spikes|p2a: Bisharp\n|-sidestart|p2: Moskito Cup|Spikes\n|\n|-heal|p2a: Bisharp|53\/100|[from] item: Leftovers\n|upkeep\n|turn|16\n|\n|switch|p1a: Gliscor|Gliscor, M|97\/100 tox\n|move|p2a: Bisharp|Knock Off|p1a: Gliscor\n|-damage|p1a: Gliscor|57\/100 tox\n|-enditem|p1a: Gliscor|Toxic Orb|[from] move: Knock Off|[of] p2a: Bisharp\n|\n|-heal|p2a: Bisharp|59\/100|[from] item: Leftovers\n|-heal|p1a: Gliscor|69\/100 tox|[from] ability: Poison Heal\n|upkeep\n|turn|17\n|\n|switch|p2a: Skarmory|Skarmory, M|100\/100\n|move|p1a: Gliscor|Roost|p1a: Gliscor\n|-heal|p1a: Gliscor|100\/100 tox\n|\n|upkeep\n|turn|18\n|\n|switch|p1a: Toxapex|Toxapex, F|100\/100\n|-damage|p1a: Toxapex|88\/100|[from] Spikes\n|move|p2a: Skarmory|Spikes|p1a: Toxapex\n|-sidestart|p1: Oro e Diamanti|Spikes\n|\n|-heal|p1a: Toxapex|94\/100|[from] item: Black Sludge\n|upkeep\n|turn|19\n|\n|move|p2a: Skarmory|Spikes|p1a: Toxapex\n|-sidestart|p1: Oro e Diamanti|Spikes\n|move|p1a: Toxapex|Scald|p2a: Skarmory\n|-damage|p2a: Skarmory|80\/100\n|\n|-heal|p1a: Toxapex|99\/100|[from] item: Black Sludge\n|upkeep\n|turn|20\n|\n|switch|p2a: Venusaur|Venusaur, M|100\/100\n|-damage|p2a: Venusaur|88\/100|[from] Spikes\n|move|p1a: Toxapex|Scald|p2a: Venusaur\n|-resisted|p2a: Venusaur\n|-damage|p2a: Venusaur|81\/100\n|-status|p2a: Venusaur|brn\n|\n|-heal|p1a: Toxapex|100\/100|[from] item: Black Sludge\n|-damage|p2a: Venusaur|75\/100 brn|[from] brn\n|upkeep\n|turn|21\n|\n|switch|p2a: Keldeo|Keldeo-Resolute|100\/100\n|-damage|p2a: Keldeo|88\/100|[from] Spikes\n|switch|p1a: Reuniclus|Reuniclus, M|100\/100\n|\n|-heal|p2a: Keldeo|94\/100|[from] item: Leftovers\n|upkeep\n|turn|22\n|\n|switch|p1a: Latias|Latias-Mega, F|66\/100\n|move|p2a: Keldeo|Calm Mind|p2a: Keldeo\n|-boost|p2a: Keldeo|spa|1\n|-boost|p2a: Keldeo|spd|1\n|\n|-heal|p2a: Keldeo|100\/100|[from] item: Leftovers\n|upkeep\n|turn|23\n|\n|move|p1a: Latias|Roost|p1a: Latias\n|-heal|p1a: Latias|100\/100\n|move|p2a: Keldeo|Calm Mind|p2a: Keldeo\n|-boost|p2a: Keldeo|spa|1\n|-boost|p2a: Keldeo|spd|1\n|\n|upkeep\n|turn|24\n|\n|move|p1a: Latias|Calm Mind|p1a: Latias\n|-boost|p1a: Latias|spa|1\n|-boost|p1a: Latias|spd|1\n|move|p2a: Keldeo|Calm Mind|p2a: Keldeo\n|-boost|p2a: Keldeo|spa|1\n|-boost|p2a: Keldeo|spd|1\n|\n|upkeep\n|turn|25\n|\n|move|p1a: Latias|Calm Mind|p1a: Latias\n|-boost|p1a: Latias|spa|1\n|-boost|p1a: Latias|spd|1\n|move|p2a: Keldeo|Secret Sword|p1a: Latias\n|-resisted|p1a: Latias\n|-damage|p1a: Latias|54\/100\n|\n|upkeep\n|turn|26\n|\n|move|p1a: Latias|Thunderbolt|p2a: Keldeo\n|-supereffective|p2a: Keldeo\n|-damage|p2a: Keldeo|49\/100\n|move|p2a: Keldeo|Secret Sword|p1a: Latias\n|-resisted|p1a: Latias\n|-damage|p1a: Latias|12\/100\n|\n|-heal|p2a: Keldeo|55\/100|[from] item: Leftovers\n|upkeep\n|turn|27\n|l|\u2606Moskito Cup\n|inactive|Moskito Cup disconnected and has a minute to reconnect!\n|player|p2|\n|inactive|Moskito Cup has 60 seconds to reconnect!\n|inactive|Moskito Cup has 30 seconds to reconnect!\n|j|\u2606Moskito Cup\n|inactive|Moskito Cup reconnected and has 85 seconds left.\n|player|p2|Moskito Cup|170\n|\n|move|p1a: Latias|Roost|p1a: Latias\n|-heal|p1a: Latias|62\/100\n|move|p2a: Keldeo|Secret Sword|p1a: Latias\n|-resisted|p1a: Latias\n|-damage|p1a: Latias|16\/100\n|\n|-heal|p2a: Keldeo|61\/100|[from] item: Leftovers\n|upkeep\n|turn|28\n|\n|move|p1a: Latias|Thunderbolt|p2a: Keldeo\n|-supereffective|p2a: Keldeo\n|-damage|p2a: Keldeo|10\/100\n|move|p2a: Keldeo|Secret Sword|p1a: Latias\n|-resisted|p1a: Latias\n|-damage|p1a: Latias|0 fnt\n|faint|p1a: Latias\n|\n|-heal|p2a: Keldeo|16\/100|[from] item: Leftovers\n|upkeep\n|\n|switch|p1a: Ditto|Ditto|88\/100\n|-damage|p1a: Ditto|63\/100|[from] Spikes\n|-transform|p1a: Ditto|p2a: Keldeo|[from] ability: Imposter\n|turn|29\n|\n|move|p1a: Ditto|Secret Sword|p2a: Keldeo\n|-damage|p2a: Keldeo|0 fnt\n|faint|p2a: Keldeo\n|\n|upkeep\n|\n|switch|p2a: Venusaur|Venusaur, M|75\/100 brn\n|-damage|p2a: Venusaur|63\/100 brn|[from] Spikes\n|turn|30\n|\n|detailschange|p2a: Venusaur|Venusaur-Mega, M\n|-mega|p2a: Venusaur|Venusaur|Venusaurite\n|move|p1a: Ditto|Secret Sword|p2a: Venusaur\n|-resisted|p2a: Venusaur\n|-damage|p2a: Venusaur|31\/100 brn\n|move|p2a: Venusaur|Synthesis|p2a: Venusaur\n|-heal|p2a: Venusaur|81\/100 brn\n|\n|-damage|p2a: Venusaur|75\/100 brn|[from] brn\n|upkeep\n|turn|31\n|\n|switch|p1a: Gliscor|Gliscor, M|100\/100 tox\n|move|p2a: Venusaur|Giga Drain|p1a: Gliscor\n|-crit|p1a: Gliscor\n|-damage|p1a: Gliscor|50\/100 tox\n|-heal|p2a: Venusaur|99\/100 brn|[from] drain|[of] p1a: Gliscor\n|\n|-heal|p1a: Gliscor|63\/100 tox|[from] ability: Poison Heal\n|-damage|p2a: Venusaur|94\/100 brn|[from] brn\n|upkeep\n|turn|32\n|\n|move|p1a: Gliscor|Defog|p2a: Venusaur\n|-unboost|p2a: Venusaur|evasion|1\n|-sideend|p2: Moskito Cup|Spikes|[from] move: Defog|[of] p2a: Venusaur\n|-sideend|p1: Oro e Diamanti|Spikes|[from] move: Defog|[of] p1a: Gliscor\n|move|p2a: Venusaur|Giga Drain|p1a: Gliscor\n|-damage|p1a: Gliscor|29\/100 tox\n|-heal|p2a: Venusaur|100\/100 brn|[from] drain|[of] p1a: Gliscor\n|\n|-heal|p1a: Gliscor|42\/100 tox|[from] ability: Poison Heal\n|-damage|p2a: Venusaur|94\/100 brn|[from] brn\n|upkeep\n|turn|33\n|\n|switch|p1a: Magearna|Magearna|76\/100\n|move|p2a: Venusaur|Giga Drain|p1a: Magearna\n|-resisted|p1a: Magearna\n|-damage|p1a: Magearna|63\/100\n|-heal|p2a: Venusaur|100\/100 brn|[from] drain|[of] p1a: Magearna\n|\n|-damage|p2a: Venusaur|94\/100 brn|[from] brn\n|upkeep\n|turn|34\n|\n|switch|p2a: Heatran|Heatran, F|100\/100\n|move|p1a: Magearna|Calm Mind|p1a: Magearna\n|-boost|p1a: Magearna|spa|1\n|-boost|p1a: Magearna|spd|1\n|\n|upkeep\n|turn|35\n|\n|switch|p1a: Gliscor|Gliscor, M|42\/100 tox\n|move|p2a: Heatran|Stealth Rock|p1a: Gliscor\n|-sidestart|p1: Oro e Diamanti|move: Stealth Rock\n|\n|-heal|p1a: Gliscor|54\/100 tox|[from] ability: Poison Heal\n|upkeep\n|turn|36\n|\n|switch|p2a: Venusaur|Venusaur-Mega, M|94\/100 brn\n|move|p1a: Gliscor|Roost|p1a: Gliscor\n|-heal|p1a: Gliscor|100\/100 tox\n|\n|-damage|p2a: Venusaur|88\/100 brn|[from] brn\n|upkeep\n|turn|37\n|\n|move|p1a: Gliscor|Defog|p2a: Venusaur\n|-unboost|p2a: Venusaur|evasion|1\n|-sideend|p1: Oro e Diamanti|Stealth Rock|[from] move: Defog|[of] p1a: Gliscor\n|move|p2a: Venusaur|Giga Drain|p1a: Gliscor\n|-damage|p1a: Gliscor|66\/100 tox\n|-heal|p2a: Venusaur|100\/100 brn|[from] drain|[of] p1a: Gliscor\n|\n|-heal|p1a: Gliscor|79\/100 tox|[from] ability: Poison Heal\n|-damage|p2a: Venusaur|94\/100 brn|[from] brn\n|upkeep\n|turn|38\n|\n|switch|p1a: Ditto|Ditto|63\/100\n|-transform|p1a: Ditto|p2a: Venusaur|[from] ability: Imposter\n|move|p2a: Venusaur|Hidden Power|p1a: Ditto\n|-supereffective|p1a: Ditto\n|-damage|p1a: Ditto|48\/100\n|\n|-damage|p2a: Venusaur|88\/100 brn|[from] brn\n|upkeep\n|turn|39\n|\n|switch|p2a: Bisharp|Bisharp, M|59\/100\n|move|p1a: Ditto|Synthesis|p1a: Ditto\n|-heal|p1a: Ditto|98\/100\n|\n|-heal|p2a: Bisharp|65\/100|[from] item: Leftovers\n|upkeep\n|turn|40\n|\n|switch|p1a: Gliscor|Gliscor, M|79\/100 tox\n|move|p2a: Bisharp|Iron Head|p1a: Gliscor\n|-damage|p1a: Gliscor|47\/100 tox\n|\n|-heal|p2a: Bisharp|71\/100|[from] item: Leftovers\n|-heal|p1a: Gliscor|60\/100 tox|[from] ability: Poison Heal\n|upkeep\n|turn|41\n|\n|switch|p2a: Skarmory|Skarmory, M|80\/100\n|move|p1a: Gliscor|Earthquake|p2a: Skarmory\n|-immune|p2a: Skarmory\n|\n|-heal|p1a: Gliscor|72\/100 tox|[from] ability: Poison Heal\n|upkeep\n|turn|42\n|\n|switch|p1a: Ditto|Ditto|98\/100\n|-transform|p1a: Ditto|p2a: Skarmory|[from] ability: Imposter\n|move|p2a: Skarmory|Spikes|p1a: Ditto\n|-sidestart|p1: Oro e Diamanti|Spikes\n|\n|upkeep\n|turn|43\n|\n|switch|p2a: Heatran|Heatran, F|100\/100\n|move|p1a: Ditto|Spikes|p2a: Heatran\n|-sidestart|p2: Moskito Cup|Spikes\n|\n|upkeep\n|turn|44\n|\n|switch|p1a: Gliscor|Gliscor, M|72\/100 tox\n|move|p2a: Heatran|Stealth Rock|p1a: Gliscor\n|-sidestart|p1: Oro e Diamanti|move: Stealth Rock\n|\n|-heal|p1a: Gliscor|85\/100 tox|[from] ability: Poison Heal\n|upkeep\n|turn|45\n|\n|switch|p1a: Toxapex|Toxapex, F|100\/100\n|-damage|p1a: Toxapex|88\/100|[from] Stealth Rock\n|-damage|p1a: Toxapex|76\/100|[from] Spikes\n|switch|p2a: Skarmory|Skarmory, M|80\/100\n|\n|-heal|p1a: Toxapex|82\/100|[from] item: Black Sludge\n|upkeep\n|turn|46\n|\n|switch|p2a: Chansey|Chansey, F|92\/100\n|-damage|p2a: Chansey|79\/100|[from] Spikes\n|move|p1a: Toxapex|Scald|p2a: Chansey\n|-damage|p2a: Chansey|75\/100\n|\n|-heal|p1a: Toxapex|88\/100|[from] item: Black Sludge\n|upkeep\n|turn|47\n|\n|switch|p1a: Gliscor|Gliscor, M|85\/100 tox\n|-damage|p1a: Gliscor|72\/100 tox|[from] Stealth Rock\n|move|p2a: Chansey|Seismic Toss|p1a: Gliscor\n|-damage|p1a: Gliscor|44\/100 tox\n|\n|-heal|p1a: Gliscor|56\/100 tox|[from] ability: Poison Heal\n|upkeep\n|turn|48\n|\n|move|p1a: Gliscor|Roost|p1a: Gliscor\n|-heal|p1a: Gliscor|100\/100 tox\n|move|p2a: Chansey|Aromatherapy|p2a: Chansey\n|-activate|p2a: Chansey|move: Aromatherapy\n|-curestatus|p2: Venusaur|brn|[msg]\n|\n|upkeep\n|turn|49\n|\n|switch|p2a: Skarmory|Skarmory, M|80\/100\n|move|p1a: Gliscor|Defog|p2a: Skarmory\n|-unboost|p2a: Skarmory|evasion|1\n|-sideend|p2: Moskito Cup|Spikes|[from] move: Defog|[of] p2a: Skarmory\n|-sideend|p1: Oro e Diamanti|Spikes|[from] move: Defog|[of] p1a: Gliscor\n|-sideend|p1: Oro e Diamanti|Stealth Rock|[from] move: Defog|[of] p1a: Gliscor\n|\n|upkeep\n|turn|50\n|\n|switch|p1a: Ditto|Ditto|98\/100\n|-transform|p1a: Ditto|p2a: Skarmory|[from] ability: Imposter\n|move|p2a: Skarmory|Spikes|p1a: Ditto\n|-sidestart|p1: Oro e Diamanti|Spikes\n|\n|upkeep\n|turn|51\n|\n|switch|p2a: Heatran|Heatran, F|100\/100\n|move|p1a: Ditto|Spikes|p2a: Heatran\n|-sidestart|p2: Moskito Cup|Spikes\n|\n|upkeep\n|turn|52\n|\n|switch|p1a: Gliscor|Gliscor, M|100\/100 tox\n|move|p2a: Heatran|Stealth Rock|p1a: Gliscor\n|-sidestart|p1: Oro e Diamanti|move: Stealth Rock\n|\n|upkeep\n|turn|53\n|\n|switch|p1a: Magearna|Magearna|63\/100\n|-damage|p1a: Magearna|57\/100|[from] Stealth Rock\n|-damage|p1a: Magearna|45\/100|[from] Spikes\n|switch|p2a: Skarmory|Skarmory, M|80\/100\n|\n|upkeep\n|turn|54\n|\n|switch|p2a: Heatran|Heatran, F|100\/100\n|-damage|p2a: Heatran|88\/100|[from] Spikes\n|move|p1a: Magearna|Pain Split|p2a: Heatran\n|-sethp|p2a: Heatran|66\/100|p1a: Magearna|67\/100|[from] move: Pain Split\n|\n|-heal|p2a: Heatran|72\/100|[from] item: Leftovers\n|upkeep\n|turn|55\n|\n|switch|p1a: Gliscor|Gliscor, M|100\/100 tox\n|-damage|p1a: Gliscor|88\/100 tox|[from] Stealth Rock\n|move|p2a: Heatran|Lava Plume|p1a: Gliscor\n|-damage|p1a: Gliscor|49\/100 tox\n|\n|-heal|p2a: Heatran|78\/100|[from] item: Leftovers\n|-heal|p1a: Gliscor|61\/100 tox|[from] ability: Poison Heal\n|upkeep\n|turn|56\n|\n|switch|p2a: Venusaur|Venusaur-Mega, M|88\/100\n|-damage|p2a: Venusaur|76\/100|[from] Spikes\n|move|p1a: Gliscor|Roost|p1a: Gliscor\n|-heal|p1a: Gliscor|100\/100 tox\n|\n|upkeep\n|turn|57\n|\n|switch|p1a: Reuniclus|Reuniclus, M|100\/100\n|move|p2a: Venusaur|Giga Drain|p1a: Reuniclus\n|-damage|p1a: Reuniclus|72\/100\n|-heal|p2a: Venusaur|92\/100|[from] drain|[of] p1a: Reuniclus\n|\n|upkeep\n|turn|58\n|\n|move|p2a: Venusaur|Sludge Bomb|p1a: Reuniclus\n|-damage|p1a: Reuniclus|36\/100\n|move|p1a: Reuniclus|Psychic|p2a: Venusaur\n|-supereffective|p2a: Venusaur\n|-damage|p2a: Venusaur|33\/100\n|\n|upkeep\n|turn|59\n|\n|switch|p1a: Magearna|Magearna|67\/100\n|-damage|p1a: Magearna|54\/100|[from] Spikes\n|-damage|p1a: Magearna|48\/100|[from] Stealth Rock\n|move|p2a: Venusaur|Sludge Bomb|p1a: Magearna\n|-immune|p1a: Magearna\n|\n|upkeep\n|turn|60\n|\n|move|p2a: Venusaur|Synthesis|p2a: Venusaur\n|-heal|p2a: Venusaur|83\/100\n|move|p1a: Magearna|Calm Mind|p1a: Magearna\n|-boost|p1a: Magearna|spa|1\n|-boost|p1a: Magearna|spd|1\n|\n|upkeep\n|turn|61\n|\n|switch|p2a: Heatran|Heatran, F|78\/100\n|-damage|p2a: Heatran|66\/100|[from] Spikes\n|move|p1a: Magearna|Calm Mind|p1a: Magearna\n|-boost|p1a: Magearna|spa|1\n|-boost|p1a: Magearna|spd|1\n|\n|-heal|p2a: Heatran|72\/100|[from] item: Leftovers\n|upkeep\n|turn|62\n|\n|move|p2a: Heatran|Lava Plume|p1a: Magearna\n|-supereffective|p1a: Magearna\n|-damage|p1a: Magearna|16\/100\n|move|p1a: Magearna|Pain Split|p2a: Heatran\n|-sethp|p2a: Heatran|44\/100|p1a: Magearna|45\/100|[from] move: Pain Split\n|\n|-heal|p2a: Heatran|50\/100|[from] item: Leftovers\n|upkeep\n|turn|63\n|\n|switch|p1a: Ditto|Ditto|98\/100\n|-damage|p1a: Ditto|85\/100|[from] Spikes\n|-damage|p1a: Ditto|73\/100|[from] Stealth Rock\n|-transform|p1a: Ditto|p2a: Heatran|[from] ability: Imposter\n|move|p2a: Heatran|Lava Plume|p1a: Ditto\n|-start|p1a: Ditto|ability: Flash Fire\n|\n|-heal|p2a: Heatran|56\/100|[from] item: Leftovers\n|upkeep\n|turn|64\n|\n|move|p1a: Ditto|Stealth Rock|p2a: Heatran\n|-sidestart|p2: Moskito Cup|move: Stealth Rock\n|move|p2a: Heatran|Lava Plume|p1a: Ditto\n|-immune|p1a: Ditto|[from] ability: Flash Fire\n|\n|-heal|p2a: Heatran|63\/100|[from] item: Leftovers\n|upkeep\n|turn|65\n|\n|-end|p1a: Ditto|ability: Flash Fire|[silent]\n|switch|p1a: Toxapex|Toxapex, F|100\/100\n|-damage|p1a: Toxapex|88\/100|[from] Spikes\n|-damage|p1a: Toxapex|76\/100|[from] Stealth Rock\n|move|p2a: Heatran|Lava Plume|p1a: Toxapex\n|-resisted|p1a: Toxapex\n|-damage|p1a: Toxapex|64\/100\n|-status|p1a: Toxapex|brn\n|\n|-heal|p2a: Heatran|69\/100|[from] item: Leftovers\n|-heal|p1a: Toxapex|70\/100 brn|[from] item: Black Sludge\n|-damage|p1a: Toxapex|64\/100 brn|[from] brn\n|upkeep\n|turn|66\n|\n|switch|p2a: Chansey|Chansey, F|75\/100\n|-damage|p2a: Chansey|62\/100|[from] Spikes\n|-damage|p2a: Chansey|50\/100|[from] Stealth Rock\n|move|p1a: Toxapex|Scald|p2a: Chansey\n|-damage|p2a: Chansey|44\/100\n|\n|-heal|p1a: Toxapex|70\/100 brn|[from] item: Black Sludge\n|-damage|p1a: Toxapex|64\/100 brn|[from] brn\n|upkeep\n|turn|67\n|\n|move|p2a: Chansey|Seismic Toss|p1a: Toxapex\n|-damage|p1a: Toxapex|31\/100 brn\n|move|p1a: Toxapex|Recover|p1a: Toxapex\n|-heal|p1a: Toxapex|81\/100 brn\n|\n|-heal|p1a: Toxapex|87\/100 brn|[from] item: Black Sludge\n|-damage|p1a: Toxapex|81\/100 brn|[from] brn\n|upkeep\n|turn|68\n|\n|move|p2a: Chansey|Soft-Boiled|p2a: Chansey\n|-heal|p2a: Chansey|94\/100\n|move|p1a: Toxapex|Toxic|p2a: Chansey\n|-status|p2a: Chansey|tox\n|\n|-heal|p1a: Toxapex|87\/100 brn|[from] item: Black Sludge\n|-damage|p2a: Chansey|88\/100 tox|[from] psn\n|-damage|p1a: Toxapex|81\/100 brn|[from] brn\n|upkeep\n|turn|69\n|\n|move|p2a: Chansey|Seismic Toss|p1a: Toxapex\n|-damage|p1a: Toxapex|48\/100 brn\n|move|p1a: Toxapex|Toxic Spikes|p2a: Chansey\n|-sidestart|p2: Moskito Cup|move: Toxic Spikes\n|\n|-heal|p1a: Toxapex|54\/100 brn|[from] item: Black Sludge\n|-damage|p2a: Chansey|76\/100 tox|[from] psn\n|-damage|p1a: Toxapex|48\/100 brn|[from] brn\n|upkeep\n|turn|70\n|\n|switch|p1a: Ditto|Ditto|73\/100\n|-damage|p1a: Ditto|61\/100|[from] Spikes\n|-damage|p1a: Ditto|48\/100|[from] Stealth Rock\n|-transform|p1a: Ditto|p2a: Chansey|[from] ability: Imposter\n|move|p2a: Chansey|Aromatherapy|p2a: Chansey\n|-activate|p2a: Chansey|move: Aromatherapy\n|-curestatus|p2a: Chansey|tox|[msg]\n|\n|upkeep\n|turn|71\n|\n|move|p1a: Ditto|Soft-Boiled|p1a: Ditto\n|-heal|p1a: Ditto|98\/100\n|move|p2a: Chansey|Seismic Toss|p1a: Ditto\n|-damage|p1a: Ditto|65\/100\n|\n|upkeep\n|turn|72\n|\n|switch|p1a: Gliscor|Gliscor, M|100\/100 tox\n|-damage|p1a: Gliscor|88\/100 tox|[from] Stealth Rock\n|switch|p2a: Venusaur|Venusaur-Mega, M|83\/100\n|-sideend|p2: Moskito Cup|move: Toxic Spikes|[of] p2a: Venusaur\n|-damage|p2a: Venusaur|71\/100|[from] Spikes\n|-damage|p2a: Venusaur|58\/100|[from] Stealth Rock\n|\n|-heal|p1a: Gliscor|100\/100 tox|[from] ability: Poison Heal\n|upkeep\n|turn|73\n|\n|move|p1a: Gliscor|Earthquake|p2a: Venusaur\n|-damage|p2a: Venusaur|38\/100\n|move|p2a: Venusaur|Synthesis|p2a: Venusaur\n|-heal|p2a: Venusaur|88\/100\n|\n|upkeep\n|turn|74\n|\n|move|p1a: Gliscor|Earthquake|p2a: Venusaur\n|-damage|p2a: Venusaur|67\/100\n|move|p2a: Venusaur|Sludge Bomb|p1a: Gliscor\n|-resisted|p1a: Gliscor\n|-damage|p1a: Gliscor|81\/100 tox\n|\n|-heal|p1a: Gliscor|94\/100 tox|[from] ability: Poison Heal\n|upkeep\n|turn|75\n|\n|switch|p1a: Toxapex|Toxapex, F|82\/100 brn\n|-damage|p1a: Toxapex|69\/100 brn|[from] Spikes\n|-damage|p1a: Toxapex|57\/100 brn|[from] Stealth Rock\n|move|p2a: Venusaur|Giga Drain|p1a: Toxapex\n|-damage|p1a: Toxapex|36\/100 brn\n|-heal|p2a: Venusaur|76\/100|[from] drain|[of] p1a: Toxapex\n|\n|-heal|p1a: Toxapex|42\/100 brn|[from] item: Black Sludge\n|-damage|p1a: Toxapex|36\/100 brn|[from] brn\n|upkeep\n|turn|76\n|\n|move|p2a: Venusaur|Giga Drain|p1a: Toxapex\n|-damage|p1a: Toxapex|17\/100 brn\n|-heal|p2a: Venusaur|84\/100|[from] drain|[of] p1a: Toxapex\n|move|p1a: Toxapex|Recover|p1a: Toxapex\n|-heal|p1a: Toxapex|67\/100 brn\n|\n|-heal|p1a: Toxapex|73\/100 brn|[from] item: Black Sludge\n|-damage|p1a: Toxapex|67\/100 brn|[from] brn\n|upkeep\n|turn|77\n|\n|switch|p2a: Chansey|Chansey, F|76\/100\n|-damage|p2a: Chansey|64\/100|[from] Spikes\n|-damage|p2a: Chansey|51\/100|[from] Stealth Rock\n|move|p1a: Toxapex|Recover|p1a: Toxapex\n|-heal|p1a: Toxapex|100\/100 brn\n|\n|-damage|p1a: Toxapex|95\/100 brn|[from] brn\n|upkeep\n|turn|78\n|\n|move|p2a: Chansey|Seismic Toss|p1a: Toxapex\n|-damage|p1a: Toxapex|62\/100 brn\n|move|p1a: Toxapex|Toxic|p2a: Chansey\n|-status|p2a: Chansey|tox\n|\n|-heal|p1a: Toxapex|67\/100 brn|[from] item: Black Sludge\n|-damage|p2a: Chansey|45\/100 tox|[from] psn\n|-damage|p1a: Toxapex|62\/100 brn|[from] brn\n|upkeep\n|turn|79\n|\n|move|p2a: Chansey|Seismic Toss|p1a: Toxapex\n|-damage|p1a: Toxapex|29\/100 brn\n|move|p1a: Toxapex|Scald|p2a: Chansey\n|-damage|p2a: Chansey|40\/100 tox\n|\n|-heal|p1a: Toxapex|34\/100 brn|[from] item: Black Sludge\n|-damage|p2a: Chansey|28\/100 tox|[from] psn\n|-damage|p1a: Toxapex|29\/100 brn|[from] brn\n|upkeep\n|turn|80\n|\n|switch|p1a: Gliscor|Gliscor, M|94\/100 tox\n|-damage|p1a: Gliscor|81\/100 tox|[from] Stealth Rock\n|move|p2a: Chansey|Soft-Boiled|p2a: Chansey\n|-heal|p2a: Chansey|78\/100 tox\n|\n|-heal|p1a: Gliscor|94\/100 tox|[from] ability: Poison Heal\n|-damage|p2a: Chansey|60\/100 tox|[from] psn\n|upkeep\n|turn|81\n|\n|switch|p1a: Reuniclus|Reuniclus, M|36\/100\n|switch|p2a: Skarmory|Skarmory, M|80\/100\n|-damage|p2a: Skarmory|67\/100|[from] Stealth Rock\n|\n|upkeep\n|turn|82\n|\n|move|p2a: Skarmory|Spikes|p1a: Reuniclus\n|-sidestart|p1: Oro e Diamanti|Spikes\n|move|p1a: Reuniclus|Recover|p1a: Reuniclus\n|-heal|p1a: Reuniclus|86\/100\n|\n|upkeep\n|turn|83\n|\n|switch|p1a: Gliscor|Gliscor, M|94\/100 tox\n|-damage|p1a: Gliscor|81\/100 tox|[from] Stealth Rock\n|move|p2a: Skarmory|Whirlwind|p1a: Gliscor\n|drag|p1a: Toxapex|Toxapex, F|62\/100 brn\n|-damage|p1a: Toxapex|45\/100 brn|[from] Spikes\n|-damage|p1a: Toxapex|33\/100 brn|[from] Stealth Rock\n|\n|-heal|p1a: Toxapex|39\/100 brn|[from] item: Black Sludge\n|-damage|p1a: Toxapex|33\/100 brn|[from] brn\n|upkeep\n|turn|84\n|\n|move|p2a: Skarmory|Brave Bird|p1a: Toxapex\n|-damage|p1a: Toxapex|9\/100 brn\n|-damage|p2a: Skarmory|60\/100|[from] Recoil\n|move|p1a: Toxapex|Recover|p1a: Toxapex\n|-heal|p1a: Toxapex|59\/100 brn\n|\n|-heal|p1a: Toxapex|65\/100 brn|[from] item: Black Sludge\n|-damage|p1a: Toxapex|59\/100 brn|[from] brn\n|upkeep\n|turn|85\n|\n|move|p2a: Skarmory|Roost|p2a: Skarmory\n|-heal|p2a: Skarmory|100\/100\n|move|p1a: Toxapex|Recover|p1a: Toxapex\n|-heal|p1a: Toxapex|100\/100 brn\n|\n|-damage|p1a: Toxapex|95\/100 brn|[from] brn\n|upkeep\n|turn|86\n|\n|move|p2a: Skarmory|Spikes|p1a: Toxapex\n|-sidestart|p1: Oro e Diamanti|Spikes\n|move|p1a: Toxapex|Scald|p2a: Skarmory\n|-damage|p2a: Skarmory|76\/100\n|-status|p2a: Skarmory|brn\n|\n|-heal|p1a: Toxapex|100\/100 brn|[from] item: Black Sludge\n|-damage|p2a: Skarmory|70\/100 brn|[from] brn\n|-damage|p1a: Toxapex|95\/100 brn|[from] brn\n|upkeep\n|turn|87\n|\n|move|p2a: Skarmory|Roost|p2a: Skarmory\n|-heal|p2a: Skarmory|100\/100 brn\n|move|p1a: Toxapex|Scald|p2a: Skarmory\n|-damage|p2a: Skarmory|78\/100 brn\n|\n|-heal|p1a: Toxapex|100\/100 brn|[from] item: Black Sludge\n|-damage|p2a: Skarmory|72\/100 brn|[from] brn\n|-damage|p1a: Toxapex|95\/100 brn|[from] brn\n|upkeep\n|turn|88\n|\n|move|p1a: Toxapex|Scald|p2a: Skarmory\n|-damage|p2a: Skarmory|50\/100 brn\n|move|p2a: Skarmory|Whirlwind|p1a: Toxapex\n|drag|p1a: Magearna|Magearna|45\/100\n|-damage|p1a: Magearna|20\/100|[from] Spikes\n|-damage|p1a: Magearna|13\/100|[from] Stealth Rock\n|\n|-damage|p2a: Skarmory|44\/100 brn|[from] brn\n|upkeep\n|turn|89\n|\n|switch|p2a: Heatran|Heatran, F|69\/100\n|-damage|p2a: Heatran|56\/100|[from] Stealth Rock\n|-damage|p2a: Heatran|44\/100|[from] Spikes\n|move|p1a: Magearna|Thunderbolt|p2a: Heatran\n|-damage|p2a: Heatran|21\/100\n|\n|-heal|p2a: Heatran|28\/100|[from] item: Leftovers\n|upkeep\n|turn|90\n|\n|switch|p1a: Gliscor|Gliscor, M|81\/100 tox\n|-damage|p1a: Gliscor|69\/100 tox|[from] Stealth Rock\n|move|p2a: Heatran|Lava Plume|p1a: Gliscor\n|-damage|p1a: Gliscor|31\/100 tox\n|\n|-heal|p2a: Heatran|34\/100|[from] item: Leftovers\n|-heal|p1a: Gliscor|44\/100 tox|[from] ability: Poison Heal\n|upkeep\n|turn|91\n|\n|move|p1a: Gliscor|Roost|p1a: Gliscor\n|-heal|p1a: Gliscor|94\/100 tox\n|move|p2a: Heatran|Taunt|p1a: Gliscor\n|-start|p1a: Gliscor|move: Taunt\n|\n|-heal|p2a: Heatran|40\/100|[from] item: Leftovers\n|-heal|p1a: Gliscor|100\/100 tox|[from] ability: Poison Heal\n|upkeep\n|turn|92\n|\n|switch|p1a: Reuniclus|Reuniclus, M|86\/100\n|move|p2a: Heatran|Lava Plume|p1a: Reuniclus\n|-damage|p1a: Reuniclus|51\/100\n|-status|p1a: Reuniclus|brn\n|\n|-heal|p2a: Heatran|46\/100|[from] item: Leftovers\n|upkeep\n|turn|93\n|\n|switch|p1a: Gliscor|Gliscor, M|100\/100 tox\n|-damage|p1a: Gliscor|88\/100 tox|[from] Stealth Rock\n|move|p2a: Heatran|Lava Plume|p1a: Gliscor\n|-damage|p1a: Gliscor|45\/100 tox\n|\n|-heal|p2a: Heatran|52\/100|[from] item: Leftovers\n|-heal|p1a: Gliscor|58\/100 tox|[from] ability: Poison Heal\n|upkeep\n|turn|94\n|\n|switch|p2a: Venusaur|Venusaur-Mega, M|84\/100\n|-damage|p2a: Venusaur|71\/100|[from] Stealth Rock\n|-damage|p2a: Venusaur|59\/100|[from] Spikes\n|move|p1a: Gliscor|Earthquake|p2a: Venusaur\n|-damage|p2a: Venusaur|41\/100\n|\n|-heal|p1a: Gliscor|70\/100 tox|[from] ability: Poison Heal\n|upkeep\n|turn|95\n|\n|move|p1a: Gliscor|Defog|p2a: Venusaur\n|-unboost|p2a: Venusaur|evasion|1\n|-sideend|p2: Moskito Cup|Spikes|[from] move: Defog|[of] p2a: Venusaur\n|-sideend|p2: Moskito Cup|Stealth Rock|[from] move: Defog|[of] p2a: Venusaur\n|-sideend|p1: Oro e Diamanti|Spikes|[from] move: Defog|[of] p1a: Gliscor\n|-sideend|p1: Oro e Diamanti|Stealth Rock|[from] move: Defog|[of] p1a: Gliscor\n|move|p2a: Venusaur|Giga Drain|p1a: Gliscor\n|-crit|p1a: Gliscor\n|-damage|p1a: Gliscor|22\/100 tox\n|-heal|p2a: Venusaur|64\/100|[from] drain|[of] p1a: Gliscor\n|\n|-heal|p1a: Gliscor|34\/100 tox|[from] ability: Poison Heal\n|upkeep\n|turn|96\n|\n|switch|p1a: Toxapex|Toxapex, F|100\/100 brn\n|switch|p2a: Heatran|Heatran, F|52\/100\n|\n|-heal|p2a: Heatran|58\/100|[from] item: Leftovers\n|-damage|p1a: Toxapex|95\/100 brn|[from] brn\n|upkeep\n|turn|97\n|\n|switch|p1a: Gliscor|Gliscor, M|34\/100 tox\n|move|p2a: Heatran|Lava Plume|p1a: Gliscor\n|-damage|p1a: Gliscor|0 fnt\n|faint|p1a: Gliscor\n|\n|-heal|p2a: Heatran|64\/100|[from] item: Leftovers\n|upkeep\n|-message|Oro e Diamanti forfeited.\n|\n|win|Moskito Cup\n|l|\u203dOro e Diamanti\n|raw|Oro e Diamanti's rating: 1898 &rarr; <strong>1879<\/strong><br \/>(-19 for losing)\n|raw|Moskito Cup's rating: 1902 &rarr; <strong>1921<\/strong><br \/>(+19 for winning)\n|c|\u2606Moskito Cup|\/log Moskito Cup made this room public.\n","uploadtime":1544063386,"views":271,"p1id":"oroediamanti","p2id":"moskitocup","formatid":"gen7ou","rating":1879,"private":0,"password":null}