{"id":"gen7ou-608390360","p1":"crows0","p2":"Pokefreak77","format":"gen7ou","log":"|j|crows0\n|j|Pokefreak77\n|player|p1|crows0|161\n|teamsize|p1|6\n|player|p2|Pokefreak77|#zinnia\n|teamsize|p2|6\n|gametype|singles\n|gen|7\n|tier|[Gen 7] OU\n|rated\n|seed|9119,63826,135,63985\n|rule|Sleep Clause Mod: Limit one foe put to sleep\n|rule|Species Clause: Limit one of each Pok\u00e9mon\n|rule|OHKO Clause: OHKO moves are banned\n|rule|Moody Clause: Moody is banned\n|rule|Evasion Moves Clause: Evasion moves are banned\n|rule|Endless Battle Clause: Forcing endless battles is banned\n|rule|HP Percentage Mod: HP is shown in percentages\n|clearpoke\n|poke|p1|Greninja, M|item\n|poke|p1|Alakazam, F|item\n|poke|p1|Marowak-Alola, F|item\n|poke|p1|Landorus-Therian, M|item\n|poke|p1|Ferrothorn, M|item\n|poke|p1|Tapu Lele|item\n|poke|p2|Tapu Koko|item\n|poke|p2|Swampert, F|item\n|poke|p2|Ferrothorn, F|item\n|poke|p2|Hawlucha, F|item\n|poke|p2|Pelipper, F|item\n|poke|p2|Gengar, F|item\n|teampreview\n|choice|team 4, team 2, team 3, team 1, team 5, team 6|team 1, team 2, team 3, team 4, team 5, team 6\n|\n|start\n|switch|p1a: Landorus|Landorus-Therian, M|382\/382\n|switch|p2a: Tapu Koko|Tapu Koko|281\/281\n|-fieldstart|move: Electric Terrain|[from] ability: Electric Surge|[of] p2a: Tapu Koko\n|-ability|p1a: Landorus|Intimidate|boost\n|-unboost|p2a: Tapu Koko|atk|1\n|turn|1\n|choice|move stealthrock|switch 5\n|\n|switch|p2a: Pelipper|Pelipper, F|323\/323\n|-weather|RainDance|[from] ability: Drizzle|[of] p2a: Pelipper\n|move|p1a: Landorus|Stealth Rock|p2a: Pelipper\n|-sidestart|p2: Pokefreak77|move: Stealth Rock\n|\n|-weather|RainDance|[upkeep]\n|upkeep\n|turn|2\n|choice|switch 5|move scald\n|\n|switch|p1a: Ferrothorn|Ferrothorn, M|352\/352\n|move|p2a: Pelipper|Scald|p1a: Ferrothorn\n|-resisted|p1a: Ferrothorn\n|-damage|p1a: Ferrothorn|292\/352\n|\n|-weather|RainDance|[upkeep]\n|-heal|p1a: Ferrothorn|314\/352|[from] item: Leftovers\n|upkeep\n|turn|3\n|choice|move spikes|move hurricane\n|\n|move|p2a: Pelipper|Hurricane|p1a: Ferrothorn\n|-damage|p1a: Ferrothorn|203\/352\n|-start|p1a: Ferrothorn|confusion\n|-activate|p1a: Ferrothorn|confusion\n|move|p1a: Ferrothorn|Spikes|p2a: Pelipper\n|-sidestart|p2: Pokefreak77|Spikes\n|\n|-weather|RainDance|[upkeep]\n|-heal|p1a: Ferrothorn|225\/352|[from] item: Leftovers\n|upkeep\n|turn|4\n|choice|move protect|move scald\n|\n|-end|p1a: Ferrothorn|confusion\n|move|p1a: Ferrothorn|Protect|p1a: Ferrothorn\n|-singleturn|p1a: Ferrothorn|Protect\n|move|p2a: Pelipper|Scald|p1a: Ferrothorn\n|-activate|p1a: Ferrothorn|move: Protect\n|\n|-weather|RainDance|[upkeep]\n|-heal|p1a: Ferrothorn|247\/352|[from] item: Leftovers\n|upkeep\n|turn|5\n|choice|move leechseed|switch 3\n|\n|switch|p2a: Ferrothorn|Ferrothorn, F|352\/352\n|-damage|p2a: Ferrothorn|330\/352|[from] Stealth Rock\n|-damage|p2a: Ferrothorn|286\/352|[from] Spikes\n|move|p1a: Ferrothorn|Leech Seed|p2a: Ferrothorn\n|-immune|p2a: Ferrothorn|[msg]\n|\n|-weather|RainDance|[upkeep]\n|-heal|p1a: Ferrothorn|269\/352|[from] item: Leftovers\n|-heal|p2a: Ferrothorn|308\/352|[from] item: Leftovers\n|-fieldend|move: Electric Terrain\n|upkeep\n|turn|6\n|choice|move spikes|move spikes\n|\n|move|p1a: Ferrothorn|Spikes|p2a: Ferrothorn\n|-sidestart|p2: Pokefreak77|Spikes\n|move|p2a: Ferrothorn|Spikes|p1a: Ferrothorn\n|-sidestart|p1: crows0|Spikes\n|\n|-weather|RainDance|[upkeep]\n|-heal|p1a: Ferrothorn|291\/352|[from] item: Leftovers\n|-heal|p2a: Ferrothorn|330\/352|[from] item: Leftovers\n|upkeep\n|turn|7\n|j|SUNA27X\n|l|SUNA27X\n|choice|move spikes|move spikes\n|\n|move|p1a: Ferrothorn|Spikes|p2a: Ferrothorn\n|-sidestart|p2: Pokefreak77|Spikes\n|move|p2a: Ferrothorn|Spikes|p1a: Ferrothorn\n|-sidestart|p1: crows0|Spikes\n|\n|-weather|RainDance|[upkeep]\n|-heal|p2a: Ferrothorn|352\/352|[from] item: Leftovers\n|-heal|p1a: Ferrothorn|313\/352|[from] item: Leftovers\n|upkeep\n|turn|8\n|choice|switch 3|move leechseed\n|\n|switch|p1a: Marowak|Marowak-Alola, F|323\/323\n|-damage|p1a: Marowak|270\/323|[from] Spikes\n|move|p2a: Ferrothorn|Leech Seed|p1a: Marowak|[miss]\n|-miss|p2a: Ferrothorn|p1a: Marowak\n|\n|-weather|none\n|upkeep\n|turn|9\n|choice|move knockoff|switch 3\n|\n|switch|p2a: Pelipper|Pelipper, F|323\/323\n|-damage|p2a: Pelipper|243\/323|[from] Stealth Rock\n|-weather|RainDance|[from] ability: Drizzle|[of] p2a: Pelipper\n|move|p1a: Marowak|Knock Off|p2a: Pelipper\n|-damage|p2a: Pelipper|108\/323\n|-enditem|p2a: Pelipper|Damp Rock|[from] move: Knock Off|[of] p1a: Marowak\n|\n|-weather|RainDance|[upkeep]\n|upkeep\n|turn|10\n|choice|switch 3|move roost\n|\n|switch|p1a: Ferrothorn|Ferrothorn, M|313\/352\n|-damage|p1a: Ferrothorn|255\/352|[from] Spikes\n|move|p2a: Pelipper|Roost|p2a: Pelipper\n|-heal|p2a: Pelipper|270\/323\n|\n|-weather|RainDance|[upkeep]\n|-heal|p1a: Ferrothorn|277\/352|[from] item: Leftovers\n|upkeep\n|turn|11\n|choice|move leechseed|move uturn\n|\n|move|p2a: Pelipper|U-turn|p1a: Ferrothorn\n|-damage|p1a: Ferrothorn|257\/352\n|-damage|p2a: Pelipper|230\/323|[from] ability: Iron Barbs|[of] p1a: Ferrothorn\n|choice||switch 3\n|\n|switch|p2a: Ferrothorn|Ferrothorn, F|352\/352\n|-damage|p2a: Ferrothorn|264\/352|[from] Spikes\n|-damage|p2a: Ferrothorn|242\/352|[from] Stealth Rock\n|move|p1a: Ferrothorn|Leech Seed|p2a: Ferrothorn\n|-immune|p2a: Ferrothorn|[msg]\n|\n|-weather|RainDance|[upkeep]\n|-heal|p2a: Ferrothorn|264\/352|[from] item: Leftovers\n|-heal|p1a: Ferrothorn|279\/352|[from] item: Leftovers\n|upkeep\n|turn|12\n|choice|switch 6|move spikes\n|\n|switch|p1a: Tapu Lele|Tapu Lele|282\/282\n|-damage|p1a: Tapu Lele|235\/282|[from] Spikes\n|-fieldstart|move: Psychic Terrain|[from] ability: Psychic Surge|[of] p1a: Tapu Lele\n|move|p2a: Ferrothorn|Spikes|p1a: Tapu Lele\n|-sidestart|p1: crows0|Spikes\n|\n|-weather|RainDance|[upkeep]\n|-heal|p2a: Ferrothorn|286\/352|[from] item: Leftovers\n|upkeep\n|turn|13\n|choice|move focusblast zmove|move protect\n|\n|move|p2a: Ferrothorn|Protect|p2a: Ferrothorn\n|-singleturn|p2a: Ferrothorn|Protect\n|-zpower|p1a: Tapu Lele\n|move|p1a: Tapu Lele|All-Out Pummeling|p2a: Ferrothorn|[zeffect]\n|-supereffective|p2a: Ferrothorn\n|-message|Ferrothorn couldn't fully protect itself and got hurt! (placeholder)\n|-damage|p2a: Ferrothorn|204\/352\n|\n|-weather|RainDance|[upkeep]\n|-heal|p2a: Ferrothorn|226\/352|[from] item: Leftovers\n|upkeep\n|turn|14\n|choice|move focusblast|switch 6\n|\n|switch|p2a: Gengar|Gengar, F|261\/261\n|-damage|p2a: Gengar|196\/261|[from] Spikes\n|-damage|p2a: Gengar|164\/261|[from] Stealth Rock\n|move|p1a: Tapu Lele|Focus Blast|p2a: Gengar\n|-immune|p2a: Gengar|[msg]\n|\n|-weather|RainDance|[upkeep]\n|upkeep\n|turn|15\n|choice|switch 6|move shadowball\n|\n|switch|p1a: Ferrothorn|Ferrothorn, M|279\/352\n|-damage|p1a: Ferrothorn|191\/352|[from] Spikes\n|move|p2a: Gengar|Shadow Ball|p1a: Ferrothorn\n|-damage|p1a: Ferrothorn|64\/352\n|\n|-weather|RainDance|[upkeep]\n|-heal|p1a: Ferrothorn|86\/352|[from] item: Leftovers\n|upkeep\n|turn|16\n|choice|move gyroball|move shadowball\n|\n|move|p2a: Gengar|Shadow Ball|p1a: Ferrothorn\n|-damage|p1a: Ferrothorn|0 fnt\n|faint|p1a: Ferrothorn\n|\n|-weather|none\n|-fieldend|move: Psychic Terrain\n|upkeep\n|choice|switch 5|\n|\n|switch|p1a: Landorus|Landorus-Therian, M|382\/382\n|-ability|p1a: Landorus|Intimidate|boost\n|-unboost|p2a: Gengar|atk|1\n|turn|17\n|choice|move uturn|switch 3\n|\n|switch|p2a: Pelipper|Pelipper, F|230\/323\n|-damage|p2a: Pelipper|150\/323|[from] Stealth Rock\n|-weather|RainDance|[from] ability: Drizzle|[of] p2a: Pelipper\n|move|p1a: Landorus|U-turn|p2a: Pelipper\n|-resisted|p2a: Pelipper\n|-damage|p2a: Pelipper|125\/323\n|choice|switch 2|\n|\n|switch|p1a: Alakazam|Alakazam, F|251\/251\n|\n|-weather|RainDance|[upkeep]\n|upkeep\n|turn|18\n|choice|move psychic|switch 6\n|\n|switch|p2a: Ferrothorn|Ferrothorn, F|226\/352\n|-damage|p2a: Ferrothorn|138\/352|[from] Spikes\n|-damage|p2a: Ferrothorn|116\/352|[from] Stealth Rock\n|move|p1a: Alakazam|Psychic|p2a: Ferrothorn\n|-resisted|p2a: Ferrothorn\n|-damage|p2a: Ferrothorn|55\/352\n|\n|-weather|RainDance|[upkeep]\n|-heal|p2a: Ferrothorn|77\/352|[from] item: Leftovers\n|upkeep\n|turn|19\n|choice|move hiddenpower|move gyroball\n|\n|move|p1a: Alakazam|Hidden Power|p2a: Ferrothorn\n|-supereffective|p2a: Ferrothorn\n|-damage|p2a: Ferrothorn|0 fnt\n|faint|p2a: Ferrothorn\n|\n|-weather|RainDance|[upkeep]\n|upkeep\n|j|pimpdiggitycong\n|choice||switch 3\n|\n|switch|p2a: Gengar|Gengar, F|164\/261\n|-damage|p2a: Gengar|99\/261|[from] Spikes\n|-damage|p2a: Gengar|67\/261|[from] Stealth Rock\n|turn|20\n|choice|switch 3|move destinybond\n|\n|switch|p1a: Marowak|Marowak-Alola, F|270\/323\n|-damage|p1a: Marowak|190\/323|[from] Spikes\n|move|p2a: Gengar|Destiny Bond|p2a: Gengar\n|-singlemove|p2a: Gengar|Destiny Bond\n|\n|-weather|RainDance|[upkeep]\n|upkeep\n|turn|21\n|choice|move knockoff|switch 2\n|\n|switch|p2a: Swampert|Swampert, F|341\/341\n|-damage|p2a: Swampert|320\/341|[from] Stealth Rock\n|-damage|p2a: Swampert|235\/341|[from] Spikes\n|move|p1a: Marowak|Knock Off|p2a: Swampert\n|-damage|p2a: Swampert|91\/341\n|\n|-weather|none\n|upkeep\n|turn|22\n|choice|move shadowbone|move waterfall mega\n|\n|detailschange|p2a: Swampert|Swampert-Mega, F\n|-mega|p2a: Swampert|Swampert|Swampertite\n|move|p2a: Swampert|Waterfall|p1a: Marowak\n|-supereffective|p1a: Marowak\n|-damage|p1a: Marowak|0 fnt\n|faint|p1a: Marowak\n|\n|upkeep\n|choice|switch 3|\n|\n|switch|p1a: Alakazam|Alakazam, F|251\/251\n|turn|23\n|choice|move psychic|move waterfall\n|\n|move|p1a: Alakazam|Psychic|p2a: Swampert\n|-damage|p2a: Swampert|0 fnt\n|faint|p2a: Swampert\n|\n|upkeep\n|choice||switch 2\n|\n|switch|p2a: Gengar|Gengar, F|67\/261\n|-damage|p2a: Gengar|35\/261|[from] Stealth Rock\n|-damage|p2a: Gengar|0 fnt|[from] Spikes\n|faint|p2a: Gengar\n|choice||switch 5\n|\n|switch|p2a: Tapu Koko|Tapu Koko|281\/281\n|-damage|p2a: Tapu Koko|246\/281|[from] Stealth Rock\n|-damage|p2a: Tapu Koko|176\/281|[from] Spikes\n|-fieldstart|move: Electric Terrain|[from] ability: Electric Surge|[of] p2a: Tapu Koko\n|turn|24\n|choice|move psychic mega|move roost\n|\n|detailschange|p1a: Alakazam|Alakazam-Mega, F\n|-mega|p1a: Alakazam|Alakazam|Alakazite\n|-ability|p1a: Alakazam|Electric Surge|[from] ability: Trace|[of] p2a: Tapu Koko\n|move|p1a: Alakazam|Psychic|p2a: Tapu Koko\n|-crit|p2a: Tapu Koko\n|-damage|p2a: Tapu Koko|0 fnt\n|faint|p2a: Tapu Koko\n|\n|upkeep\n|choice||switch 4\n|\n|switch|p2a: Hawlucha|Hawlucha, F|297\/297\n|-enditem|p2a: Hawlucha|Electric Seed\n|-boost|p2a: Hawlucha|def|1\n|-damage|p2a: Hawlucha|260\/297|[from] Stealth Rock\n|turn|25\n|choice|move psychic|move acrobatics\n|\n|move|p2a: Hawlucha|Acrobatics|p1a: Alakazam\n|-damage|p1a: Alakazam|2\/251\n|move|p1a: Alakazam|Psychic|p2a: Hawlucha\n|-supereffective|p2a: Hawlucha\n|-damage|p2a: Hawlucha|0 fnt\n|faint|p2a: Hawlucha\n|\n|upkeep\n|c|\u2606Pokefreak77|...\n|-message|Pokefreak77 forfeited.\n|\n|win|crows0\n|l|Pokefreak77\n|raw|crows0's rating: 1806 &rarr; <strong>1824<\/strong><br \/>(+18 for winning)\n|raw|Pokefreak77's rating: 1771 &rarr; <strong>1753<\/strong><br \/>(-18 for losing)","inputlog":null,"uploadtime":1500945820,"views":1,"p1id":"crows0","p2id":"pokefreak77","formatid":"gen7ou","rating":1753,"private":0,"password":null}