{"id":"gen7ou-1699381335","p1":"btlt007 slash","p2":"Lucians Call","format":"gen7ou","log":"|raw|<div class=\"broadcast-blue\"><strong>This battle is required to be public due to a player having a name starting with 'btlt007'.<\/div>\n|j|\u2606btlt007 slash\n|j|\u2606Lucians Call\n|t:|1667232452\n|gametype|singles\n|player|p1|btlt007 slash|marlon|1569\n|player|p2|Lucians Call|furisodegirl-blue|1872\n|teamsize|p1|6\n|teamsize|p2|6\n|gen|7\n|tier|[Gen 7] OU\n|rated|\n|rule|Sleep Clause Mod: Limit one foe put to sleep\n|rule|Species Clause: Limit one of each Pok\u00e9mon\n|rule|OHKO Clause: OHKO moves are banned\n|rule|Moody Clause: Moody is banned\n|rule|Evasion Items Clause: Evasion items are banned\n|rule|Evasion Moves Clause: Evasion moves are banned\n|rule|Endless Battle Clause: Forcing endless battles is banned\n|rule|HP Percentage Mod: HP is shown in percentages\n|clearpoke\n|poke|p1|Chansey, F|item\n|poke|p1|Sableye, M|item\n|poke|p1|Quagsire, F|item\n|poke|p1|Zapdos|item\n|poke|p1|Tangrowth, F|item\n|poke|p1|Jirachi|item\n|poke|p2|Clefable, M|item\n|poke|p2|Scizor, F|item\n|poke|p2|Toxapex, F|item\n|poke|p2|Zapdos|item\n|poke|p2|Blacephalon|item\n|poke|p2|Garchomp, F|item\n|teampreview\n|inactive|Battle timer is ON: inactive players will automatically lose when time's up. (requested by btlt007 slash)\n|j| BTLT007Brandonlee1\n|j| BTLT007 Noobs\n|inactive|Lucians Call has 120 seconds left.\n|\n|t:|1667232487\n|start\n|switch|p1a: Sableye|Sableye, M|100\/100\n|switch|p2a: Toxapex|Toxapex, F|100\/100\n|turn|1\n|\n|t:|1667232490\n|detailschange|p1a: Sableye|Sableye-Mega, M\n|-mega|p1a: Sableye|Sableye|Sablenite\n|move|p1a: Sableye|Protect|p1a: Sableye\n|-singleturn|p1a: Sableye|Protect\n|move|p2a: Toxapex|Scald|p1a: Sableye\n|-activate|p1a: Sableye|move: Protect\n|\n|upkeep\n|turn|2\n|\n|t:|1667232494\n|move|p2a: Toxapex|Scald|p1a: Sableye\n|-damage|p1a: Sableye|88\/100\n|move|p1a: Sableye|Knock Off|p2a: Toxapex\n|-damage|p2a: Toxapex|76\/100\n|-enditem|p2a: Toxapex|Black Sludge|[from] move: Knock Off|[of] p1a: Sableye\n|\n|upkeep\n|turn|3\n|\n|t:|1667232499\n|move|p2a: Toxapex|Scald|p1a: Sableye\n|-damage|p1a: Sableye|74\/100\n|-status|p1a: Sableye|brn\n|move|p1a: Sableye|Will-O-Wisp|p2a: Toxapex\n|-status|p2a: Toxapex|brn\n|\n|-damage|p2a: Toxapex|70\/100 brn|[from] brn\n|-damage|p1a: Sableye|68\/100 brn|[from] brn\n|upkeep\n|turn|4\n|j| Alpha1013\n|l| BTLT007 Noobs\n|\n|t:|1667232511\n|move|p2a: Toxapex|Recover|p2a: Toxapex\n|-heal|p2a: Toxapex|100\/100 brn\n|move|p1a: Sableye|Recover|p1a: Sableye\n|-heal|p1a: Sableye|100\/100 brn\n|\n|-damage|p2a: Toxapex|94\/100 brn|[from] brn\n|-damage|p1a: Sableye|95\/100 brn|[from] brn\n|upkeep\n|turn|5\n|\n|t:|1667232514\n|switch|p1a: Chansey|Chansey, F|100\/100\n|move|p2a: Toxapex|Toxic Spikes|p1a: Chansey\n|-sidestart|p1: btlt007 slash|move: Toxic Spikes\n|\n|-damage|p2a: Toxapex|88\/100 brn|[from] brn\n|upkeep\n|turn|6\n|\n|t:|1667232522\n|switch|p2a: Garchomp|Garchomp, F|100\/100\n|move|p1a: Chansey|Stealth Rock|p2a: Garchomp\n|-sidestart|p2: Lucians Call|move: Stealth Rock\n|\n|upkeep\n|turn|7\n|\n|t:|1667232526\n|move|p2a: Garchomp|Stealth Rock|p1a: Chansey\n|-sidestart|p1: btlt007 slash|move: Stealth Rock\n|move|p1a: Chansey|Toxic|p2a: Garchomp\n|-status|p2a: Garchomp|tox\n|\n|-damage|p2a: Garchomp|94\/100 tox|[from] psn\n|upkeep\n|turn|8\n|\n|t:|1667232533\n|switch|p1a: Sableye|Sableye-Mega, M|95\/100 brn\n|-damage|p1a: Sableye|82\/100 brn|[from] Stealth Rock\n|move|p2a: Garchomp|Dragon Claw|p1a: Sableye\n|-damage|p1a: Sableye|46\/100 brn\n|\n|-damage|p2a: Garchomp|82\/100 tox|[from] psn\n|-damage|p1a: Sableye|40\/100 brn|[from] brn\n|upkeep\n|turn|9\n|\n|t:|1667232539\n|switch|p1a: Zapdos|Zapdos|100\/100\n|-damage|p1a: Zapdos|76\/100|[from] Stealth Rock\n|-ability|p1a: Zapdos|Pressure\n|move|p2a: Garchomp|Dragon Claw|p1a: Zapdos\n|-damage|p1a: Zapdos|39\/100\n|\n|-heal|p1a: Zapdos|45\/100|[from] item: Leftovers\n|-damage|p2a: Garchomp|64\/100 tox|[from] psn\n|upkeep\n|turn|10\n|\n|t:|1667232546\n|switch|p1a: Jirachi|Jirachi|100\/100\n|-damage|p1a: Jirachi|94\/100|[from] Stealth Rock\n|move|p2a: Garchomp|Dragon Claw|p1a: Jirachi\n|-resisted|p1a: Jirachi\n|-crit|p1a: Jirachi\n|-damage|p1a: Jirachi|59\/100\n|\n|-heal|p1a: Jirachi|65\/100|[from] item: Leftovers\n|-damage|p2a: Garchomp|39\/100 tox|[from] psn\n|upkeep\n|turn|11\n|\n|t:|1667232555\n|move|p1a: Jirachi|Protect|p1a: Jirachi\n|-singleturn|p1a: Jirachi|Protect\n|move|p2a: Garchomp|Dragon Claw|p1a: Jirachi\n|-activate|p1a: Jirachi|move: Protect\n|\n|-heal|p1a: Jirachi|71\/100|[from] item: Leftovers\n|-damage|p2a: Garchomp|8\/100 tox|[from] psn\n|upkeep\n|turn|12\n|\n|t:|1667232559\n|move|p1a: Jirachi|Protect|p1a: Jirachi\n|-singleturn|p1a: Jirachi|Protect\n|move|p2a: Garchomp|Earthquake|p1a: Jirachi\n|-activate|p1a: Jirachi|move: Protect\n|\n|-heal|p1a: Jirachi|77\/100|[from] item: Leftovers\n|-damage|p2a: Garchomp|0 fnt|[from] psn\n|faint|p2a: Garchomp\n|upkeep\n|\n|t:|1667232568\n|switch|p2a: Scizor|Scizor, F|100\/100\n|-damage|p2a: Scizor|88\/100|[from] Stealth Rock\n|turn|13\n|\n|t:|1667232575\n|detailschange|p2a: Scizor|Scizor-Mega, F\n|-mega|p2a: Scizor|Scizor|Scizorite\n|move|p1a: Jirachi|Wish|p1a: Jirachi\n|move|p2a: Scizor|Swords Dance|p2a: Scizor\n|-boost|p2a: Scizor|atk|2\n|\n|-heal|p1a: Jirachi|83\/100|[from] item: Leftovers\n|upkeep\n|turn|14\n|\n|t:|1667232580\n|move|p1a: Jirachi|U-turn|p2a: Scizor\n|-resisted|p2a: Scizor\n|-damage|p2a: Scizor|82\/100\n|\n|t:|1667232581\n|switch|p1a: Quagsire|Quagsire, F|100\/100|[from]move: U-turn\n|-status|p1a: Quagsire|psn\n|-damage|p1a: Quagsire|94\/100 psn|[from] Stealth Rock\n|move|p2a: Scizor|Knock Off|p1a: Quagsire\n|-damage|p1a: Quagsire|71\/100 psn\n|-enditem|p1a: Quagsire|Leftovers|[from] move: Knock Off|[of] p2a: Scizor\n|\n|-heal|p1a: Quagsire|100\/100 psn|[from] move: Wish|[wisher] Jirachi\n|-damage|p1a: Quagsire|88\/100 psn|[from] psn\n|upkeep\n|turn|15\n|\n|t:|1667232589\n|switch|p2a: Clefable|Clefable, M|100\/100\n|move|p1a: Quagsire|Scald|p2a: Clefable\n|-damage|p2a: Clefable|83\/100\n|\n|-damage|p1a: Quagsire|76\/100 psn|[from] psn\n|upkeep\n|turn|16\n|\n|t:|1667232593\n|switch|p1a: Jirachi|Jirachi|83\/100\n|-damage|p1a: Jirachi|77\/100|[from] Stealth Rock\n|move|p2a: Clefable|Thunder Wave|p1a: Jirachi\n|-status|p1a: Jirachi|par\n|\n|-heal|p1a: Jirachi|83\/100 par|[from] item: Leftovers\n|upkeep\n|turn|17\n|\n|t:|1667232596\n|switch|p2a: Scizor|Scizor-Mega, F|82\/100\n|-damage|p2a: Scizor|69\/100|[from] Stealth Rock\n|move|p1a: Jirachi|Wish|p1a: Jirachi\n|\n|-heal|p1a: Jirachi|90\/100 par|[from] item: Leftovers\n|upkeep\n|turn|18\n|\n|t:|1667232602\n|switch|p1a: Quagsire|Quagsire, F|76\/100 psn\n|-damage|p1a: Quagsire|70\/100 psn|[from] Stealth Rock\n|move|p2a: Scizor|Knock Off|p1a: Quagsire\n|-damage|p1a: Quagsire|55\/100 psn\n|\n|-heal|p1a: Quagsire|100\/100 psn|[from] move: Wish|[wisher] Jirachi\n|-damage|p1a: Quagsire|88\/100 psn|[from] psn\n|upkeep\n|turn|19\n|\n|t:|1667232606\n|switch|p2a: Clefable|Clefable, M|83\/100\n|switch|p1a: Zapdos|Zapdos|45\/100\n|-damage|p1a: Zapdos|20\/100|[from] Stealth Rock\n|-ability|p1a: Zapdos|Pressure\n|\n|-heal|p1a: Zapdos|26\/100|[from] item: Leftovers\n|upkeep\n|turn|20\n|\n|t:|1667232616\n|switch|p2a: Blacephalon|Blacephalon|100\/100\n|-damage|p2a: Blacephalon|76\/100|[from] Stealth Rock\n|move|p1a: Zapdos|Roost|p1a: Zapdos\n|-heal|p1a: Zapdos|76\/100\n|-singleturn|p1a: Zapdos|move: Roost\n|\n|-heal|p1a: Zapdos|82\/100|[from] item: Leftovers\n|upkeep\n|turn|21\n|\n|t:|1667232620\n|switch|p1a: Sableye|Sableye-Mega, M|40\/100 brn\n|-damage|p1a: Sableye|28\/100 brn|[from] Stealth Rock\n|move|p2a: Blacephalon|Trick||[still]\n|-fail|p2a: Blacephalon\n|\n|-damage|p1a: Sableye|22\/100 brn|[from] brn\n|upkeep\n|turn|22\n|l| Alpha1013\n|\n|t:|1667232628\n|switch|p2a: Clefable|Clefable, M|83\/100\n|move|p1a: Sableye|Recover|p1a: Sableye\n|-heal|p1a: Sableye|72\/100 brn\n|\n|-damage|p1a: Sableye|67\/100 brn|[from] brn\n|upkeep\n|turn|23\n|\n|t:|1667232632\n|switch|p2a: Scizor|Scizor-Mega, F|69\/100\n|-damage|p2a: Scizor|57\/100|[from] Stealth Rock\n|switch|p1a: Jirachi|Jirachi|90\/100 par\n|-damage|p1a: Jirachi|83\/100 par|[from] Stealth Rock\n|\n|-heal|p1a: Jirachi|90\/100 par|[from] item: Leftovers\n|upkeep\n|turn|24\n|\n|t:|1667232637\n|switch|p1a: Quagsire|Quagsire, F|88\/100 psn\n|-damage|p1a: Quagsire|82\/100 psn|[from] Stealth Rock\n|move|p2a: Scizor|Swords Dance|p2a: Scizor\n|-boost|p2a: Scizor|atk|2\n|\n|-damage|p1a: Quagsire|70\/100 psn|[from] psn\n|upkeep\n|turn|25\n|\n|t:|1667232640\n|move|p2a: Scizor|Roost|p2a: Scizor\n|-heal|p2a: Scizor|100\/100\n|-singleturn|p2a: Scizor|move: Roost\n|move|p1a: Quagsire|Scald|p2a: Scizor\n|-damage|p2a: Scizor|89\/100\n|\n|-damage|p1a: Quagsire|57\/100 psn|[from] psn\n|upkeep\n|turn|26\n|j| BTLT007 salamence\n|\n|t:|1667232663\n|switch|p2a: Blacephalon|Blacephalon|76\/100\n|-damage|p2a: Blacephalon|51\/100|[from] Stealth Rock\n|move|p1a: Quagsire|Recover|p1a: Quagsire\n|-heal|p1a: Quagsire|100\/100 psn\n|\n|-damage|p1a: Quagsire|88\/100 psn|[from] psn\n|upkeep\n|turn|27\n|\n|t:|1667232668\n|switch|p1a: Sableye|Sableye-Mega, M|67\/100 brn\n|-damage|p1a: Sableye|54\/100 brn|[from] Stealth Rock\n|move|p2a: Blacephalon|Trick||[still]\n|-fail|p2a: Blacephalon\n|\n|-damage|p1a: Sableye|48\/100 brn|[from] brn\n|upkeep\n|turn|28\n|\n|t:|1667232672\n|switch|p2a: Clefable|Clefable, M|83\/100\n|move|p1a: Sableye|Recover|p1a: Sableye\n|-heal|p1a: Sableye|99\/100 brn\n|\n|-damage|p1a: Sableye|93\/100 brn|[from] brn\n|upkeep\n|turn|29\n|\n|t:|1667232681\n|switch|p2a: Scizor|Scizor-Mega, F|89\/100\n|-damage|p2a: Scizor|76\/100|[from] Stealth Rock\n|switch|p1a: Jirachi|Jirachi|90\/100 par\n|-damage|p1a: Jirachi|83\/100 par|[from] Stealth Rock\n|\n|-heal|p1a: Jirachi|90\/100 par|[from] item: Leftovers\n|upkeep\n|turn|30\n|\n|t:|1667232686\n|switch|p1a: Quagsire|Quagsire, F|88\/100 psn\n|-damage|p1a: Quagsire|82\/100 psn|[from] Stealth Rock\n|move|p2a: Scizor|Knock Off|p1a: Quagsire\n|-damage|p1a: Quagsire|66\/100 psn\n|\n|-damage|p1a: Quagsire|54\/100 psn|[from] psn\n|upkeep\n|turn|31\n|\n|t:|1667232688\n|switch|p2a: Blacephalon|Blacephalon|51\/100\n|-damage|p2a: Blacephalon|26\/100|[from] Stealth Rock\n|move|p1a: Quagsire|Recover|p1a: Quagsire\n|-heal|p1a: Quagsire|100\/100 psn\n|\n|-damage|p1a: Quagsire|88\/100 psn|[from] psn\n|upkeep\n|turn|32\n|\n|t:|1667232693\n|switch|p1a: Sableye|Sableye-Mega, M|93\/100 brn\n|-damage|p1a: Sableye|80\/100 brn|[from] Stealth Rock\n|move|p2a: Blacephalon|Flamethrower|p1a: Sableye\n|-damage|p1a: Sableye|30\/100 brn\n|\n|-damage|p1a: Sableye|24\/100 brn|[from] brn\n|upkeep\n|turn|33\n|\n|t:|1667232700\n|switch|p1a: Chansey|Chansey, F|100\/100\n|-status|p1a: Chansey|psn\n|-damage|p1a: Chansey|88\/100 psn|[from] Stealth Rock\n|move|p2a: Blacephalon|Flamethrower|p1a: Chansey\n|-damage|p1a: Chansey|68\/100 psn\n|\n|-damage|p1a: Chansey|56\/100 psn|[from] psn\n|upkeep\n|turn|34\n|\n|t:|1667232703\n|switch|p2a: Scizor|Scizor-Mega, F|76\/100\n|-damage|p2a: Scizor|64\/100|[from] Stealth Rock\n|move|p1a: Chansey|Soft-Boiled|p1a: Chansey\n|-heal|p1a: Chansey|100\/100 psn\n|\n|-damage|p1a: Chansey|88\/100 psn|[from] psn\n|upkeep\n|turn|35\n|\n|t:|1667232706\n|switch|p2a: Blacephalon|Blacephalon|26\/100\n|-damage|p2a: Blacephalon|1\/100|[from] Stealth Rock\n|-curestatus|p1a: Chansey|psn|[from] ability: Natural Cure\n|switch|p1a: Zapdos|Zapdos|82\/100\n|-damage|p1a: Zapdos|57\/100|[from] Stealth Rock\n|-ability|p1a: Zapdos|Pressure\n|\n|-heal|p1a: Zapdos|63\/100|[from] item: Leftovers\n|upkeep\n|turn|36\n|\n|t:|1667232709\n|switch|p1a: Sableye|Sableye-Mega, M|24\/100 brn\n|-damage|p1a: Sableye|12\/100 brn|[from] Stealth Rock\n|move|p2a: Blacephalon|Flamethrower|p1a: Sableye\n|-crit|p1a: Sableye\n|-damage|p1a: Sableye|0 fnt\n|faint|p1a: Sableye\n|-ability|p2a: Blacephalon|Beast Boost|boost\n|-boost|p2a: Blacephalon|spe|1\n|\n|upkeep\n|\n|t:|1667232712\n|switch|p1a: Chansey|Chansey, F|88\/100\n|-status|p1a: Chansey|psn\n|-damage|p1a: Chansey|76\/100 psn|[from] Stealth Rock\n|turn|37\n|\n|t:|1667232720\n|switch|p2a: Scizor|Scizor-Mega, F|64\/100\n|-damage|p2a: Scizor|51\/100|[from] Stealth Rock\n|move|p1a: Chansey|Soft-Boiled|p1a: Chansey\n|-heal|p1a: Chansey|100\/100 psn\n|\n|-damage|p1a: Chansey|88\/100 psn|[from] psn\n|upkeep\n|turn|38\n|\n|t:|1667232724\n|-curestatus|p1a: Chansey|psn|[from] ability: Natural Cure\n|switch|p1a: Quagsire|Quagsire, F|88\/100 psn\n|-damage|p1a: Quagsire|82\/100 psn|[from] Stealth Rock\n|move|p2a: Scizor|Knock Off|p1a: Quagsire\n|-damage|p1a: Quagsire|68\/100 psn\n|\n|-damage|p1a: Quagsire|55\/100 psn|[from] psn\n|upkeep\n|turn|39\n|\n|t:|1667232727\n|move|p2a: Scizor|Roost|p2a: Scizor\n|-heal|p2a: Scizor|100\/100\n|-singleturn|p2a: Scizor|move: Roost\n|move|p1a: Quagsire|Recover|p1a: Quagsire\n|-heal|p1a: Quagsire|100\/100 psn\n|\n|-damage|p1a: Quagsire|88\/100 psn|[from] psn\n|upkeep\n|turn|40\n|\n|t:|1667232739\n|switch|p2a: Toxapex|Toxapex, F|100\/100 brn\n|-damage|p2a: Toxapex|88\/100 brn|[from] Stealth Rock\n|move|p1a: Quagsire|Scald|p2a: Toxapex\n|-resisted|p2a: Toxapex\n|-damage|p2a: Toxapex|82\/100 brn\n|\n|-damage|p1a: Quagsire|76\/100 psn|[from] psn\n|-damage|p2a: Toxapex|76\/100 brn|[from] brn\n|upkeep\n|turn|41\n|\n|t:|1667232748\n|switch|p1a: Zapdos|Zapdos|63\/100\n|-damage|p1a: Zapdos|38\/100|[from] Stealth Rock\n|-ability|p1a: Zapdos|Pressure\n|move|p2a: Toxapex|Scald|p1a: Zapdos\n|-damage|p1a: Zapdos|23\/100\n|\n|-heal|p1a: Zapdos|29\/100|[from] item: Leftovers\n|-damage|p2a: Toxapex|70\/100 brn|[from] brn\n|upkeep\n|turn|42\n|\n|t:|1667232752\n|move|p1a: Zapdos|Roost|p1a: Zapdos\n|-heal|p1a: Zapdos|79\/100\n|-singleturn|p1a: Zapdos|move: Roost\n|move|p2a: Toxapex|Scald|p1a: Zapdos\n|-damage|p1a: Zapdos|63\/100\n|-status|p1a: Zapdos|brn\n|\n|-heal|p1a: Zapdos|69\/100 brn|[from] item: Leftovers\n|-damage|p1a: Zapdos|63\/100 brn|[from] brn\n|-damage|p2a: Toxapex|63\/100 brn|[from] brn\n|upkeep\n|turn|43\n|\n|t:|1667232755\n|move|p1a: Zapdos|Discharge|p2a: Toxapex\n|-supereffective|p2a: Toxapex\n|-damage|p2a: Toxapex|20\/100 brn\n|move|p2a: Toxapex|Toxic Spikes|p1a: Zapdos\n|-sidestart|p1: btlt007 slash|move: Toxic Spikes\n|\n|-heal|p1a: Zapdos|69\/100 brn|[from] item: Leftovers\n|-damage|p1a: Zapdos|63\/100 brn|[from] brn\n|-damage|p2a: Toxapex|14\/100 brn|[from] brn\n|upkeep\n|turn|44\n|\n|t:|1667232759\n|switch|p2a: Clefable|Clefable, M|83\/100\n|move|p1a: Zapdos|Discharge|p2a: Clefable\n|-damage|p2a: Clefable|52\/100\n|-status|p2a: Clefable|par\n|\n|-heal|p1a: Zapdos|69\/100 brn|[from] item: Leftovers\n|-damage|p1a: Zapdos|63\/100 brn|[from] brn\n|upkeep\n|turn|45\n|\n|t:|1667232762\n|move|p1a: Zapdos|Roost|p1a: Zapdos\n|-heal|p1a: Zapdos|100\/100 brn\n|-singleturn|p1a: Zapdos|move: Roost\n|move|p2a: Clefable|Soft-Boiled|p2a: Clefable\n|-heal|p2a: Clefable|100\/100 par\n|\n|-damage|p1a: Zapdos|94\/100 brn|[from] brn\n|upkeep\n|turn|46\n|\n|t:|1667232768\n|move|p1a: Zapdos|Defog|p2a: Clefable\n|-unboost|p2a: Clefable|evasion|1\n|-sideend|p2: Lucians Call|Stealth Rock|[from] move: Defog|[of] p1a: Zapdos\n|-sideend|p1: btlt007 slash|Toxic Spikes|[from] move: Defog|[of] p1a: Zapdos\n|-sideend|p1: btlt007 slash|Stealth Rock|[from] move: Defog|[of] p1a: Zapdos\n|move|p2a: Clefable|Moonblast|p1a: Zapdos\n|-damage|p1a: Zapdos|62\/100 brn\n|\n|-heal|p1a: Zapdos|68\/100 brn|[from] item: Leftovers\n|-damage|p1a: Zapdos|62\/100 brn|[from] brn\n|upkeep\n|turn|47\n|\n|t:|1667232772\n|switch|p1a: Jirachi|Jirachi|90\/100 par\n|switch|p2a: Blacephalon|Blacephalon|1\/100\n|\n|-heal|p1a: Jirachi|96\/100 par|[from] item: Leftovers\n|upkeep\n|turn|48\n|j| ym icyucan\n|j| CM Reuni\n|\n|t:|1667232785\n|move|p1a: Jirachi|Protect|p1a: Jirachi\n|-singleturn|p1a: Jirachi|Protect\n|move|p2a: Blacephalon|Trick|p1a: Jirachi\n|-activate|p1a: Jirachi|move: Protect\n|\n|-heal|p1a: Jirachi|100\/100 par|[from] item: Leftovers\n|upkeep\n|turn|49\n|\n|t:|1667232793\n|move|p2a: Blacephalon|Trick|p1a: Jirachi\n|-activate|p2a: Blacephalon|move: Trick|[of] p1a: Jirachi\n|-item|p1a: Jirachi|Choice Specs|[from] move: Trick\n|-item|p2a: Blacephalon|Leftovers|[from] move: Trick\n|move|p1a: Jirachi|U-turn|p2a: Blacephalon\n|-resisted|p2a: Blacephalon\n|-damage|p2a: Blacephalon|0 fnt\n|faint|p2a: Blacephalon\n|\n|t:|1667232798\n|switch|p1a: Chansey|Chansey, F|88\/100|[from]move: U-turn\n|\n|upkeep\n|\n|t:|1667232804\n|switch|p2a: Scizor|Scizor-Mega, F|100\/100\n|turn|50\n|\n|t:|1667232810\n|switch|p2a: Toxapex|Toxapex, F|47\/100 brn\n|switch|p1a: Zapdos|Zapdos|62\/100 brn\n|-ability|p1a: Zapdos|Pressure\n|\n|-heal|p1a: Zapdos|68\/100 brn|[from] item: Leftovers\n|-damage|p1a: Zapdos|62\/100 brn|[from] brn\n|-damage|p2a: Toxapex|41\/100 brn|[from] brn\n|upkeep\n|turn|51\n|\n|t:|1667232815\n|switch|p2a: Zapdos|Zapdos|100\/100\n|move|p1a: Zapdos|Roost|p1a: Zapdos\n|-heal|p1a: Zapdos|100\/100 brn\n|-singleturn|p1a: Zapdos|move: Roost\n|\n|-damage|p1a: Zapdos|94\/100 brn|[from] brn\n|upkeep\n|turn|52\n|\n|t:|1667232818\n|switch|p1a: Chansey|Chansey, F|88\/100\n|move|p2a: Zapdos|Discharge|p1a: Chansey\n|-damage|p1a: Chansey|78\/100\n|\n|upkeep\n|turn|53\n|\n|t:|1667232820\n|switch|p2a: Toxapex|Toxapex, F|74\/100 brn\n|move|p1a: Chansey|Stealth Rock|p2a: Toxapex\n|-sidestart|p2: Lucians Call|move: Stealth Rock\n|\n|-damage|p2a: Toxapex|68\/100 brn|[from] brn\n|upkeep\n|turn|54\n|\n|t:|1667232826\n|switch|p1a: Tangrowth|Tangrowth, F|100\/100\n|move|p2a: Toxapex|Toxic Spikes|p1a: Tangrowth\n|-sidestart|p1: btlt007 slash|move: Toxic Spikes\n|\n|-damage|p2a: Toxapex|61\/100 brn|[from] brn\n|upkeep\n|turn|55\n|\n|t:|1667232836\n|move|p1a: Tangrowth|Earthquake|p2a: Toxapex\n|-supereffective|p2a: Toxapex\n|-damage|p2a: Toxapex|25\/100 brn\n|move|p2a: Toxapex|Recover|p2a: Toxapex\n|-heal|p2a: Toxapex|75\/100 brn\n|\n|-damage|p2a: Toxapex|69\/100 brn|[from] brn\n|upkeep\n|turn|56\n|\n|t:|1667232838\n|switch|p1a: Zapdos|Zapdos|94\/100 brn\n|-ability|p1a: Zapdos|Pressure\n|move|p2a: Toxapex|Recover|p2a: Toxapex\n|-heal|p2a: Toxapex|100\/100 brn\n|\n|-heal|p1a: Zapdos|100\/100 brn|[from] item: Leftovers\n|-damage|p1a: Zapdos|94\/100 brn|[from] brn\n|-damage|p2a: Toxapex|94\/100 brn|[from] brn\n|upkeep\n|turn|57\n|\n|t:|1667232841\n|move|p1a: Zapdos|Discharge|p2a: Toxapex\n|-supereffective|p2a: Toxapex\n|-damage|p2a: Toxapex|55\/100 brn\n|move|p2a: Toxapex|Toxic Spikes|p1a: Zapdos\n|-sidestart|p1: btlt007 slash|move: Toxic Spikes\n|\n|-heal|p1a: Zapdos|100\/100 brn|[from] item: Leftovers\n|-damage|p1a: Zapdos|94\/100 brn|[from] brn\n|-damage|p2a: Toxapex|49\/100 brn|[from] brn\n|upkeep\n|turn|58\n|l| ym icyucan\n|\n|t:|1667232844\n|switch|p2a: Zapdos|Zapdos|100\/100\n|-damage|p2a: Zapdos|75\/100|[from] Stealth Rock\n|move|p1a: Zapdos|Discharge|p2a: Zapdos\n|-damage|p2a: Zapdos|43\/100\n|\n|-heal|p1a: Zapdos|100\/100 brn|[from] item: Leftovers\n|-damage|p1a: Zapdos|94\/100 brn|[from] brn\n|upkeep\n|turn|59\n|\n|t:|1667232847\n|move|p1a: Zapdos|Discharge|p2a: Zapdos\n|-damage|p2a: Zapdos|14\/100\n|move|p2a: Zapdos|Roost|p2a: Zapdos\n|-heal|p2a: Zapdos|64\/100\n|-singleturn|p2a: Zapdos|move: Roost\n|\n|-heal|p1a: Zapdos|100\/100 brn|[from] item: Leftovers\n|-damage|p1a: Zapdos|94\/100 brn|[from] brn\n|upkeep\n|turn|60\n|j| ym icyucan\n|\n|t:|1667232851\n|move|p2a: Zapdos|Roost|p2a: Zapdos\n|-heal|p2a: Zapdos|100\/100\n|-singleturn|p2a: Zapdos|move: Roost\n|move|p1a: Zapdos|Heat Wave|p2a: Zapdos\n|-damage|p2a: Zapdos|77\/100\n|\n|-heal|p1a: Zapdos|100\/100 brn|[from] item: Leftovers\n|-damage|p1a: Zapdos|94\/100 brn|[from] brn\n|upkeep\n|turn|61\n|\n|t:|1667232853\n|switch|p1a: Chansey|Chansey, F|78\/100\n|-status|p1a: Chansey|tox\n|move|p2a: Zapdos|Discharge|p1a: Chansey\n|-damage|p1a: Chansey|68\/100 tox\n|\n|-damage|p1a: Chansey|62\/100 tox|[from] psn\n|upkeep\n|turn|62\n|\n|t:|1667232856\n|switch|p2a: Scizor|Scizor-Mega, F|100\/100\n|-damage|p2a: Scizor|88\/100|[from] Stealth Rock\n|move|p1a: Chansey|Soft-Boiled|p1a: Chansey\n|-heal|p1a: Chansey|100\/100 tox\n|\n|-damage|p1a: Chansey|88\/100 tox|[from] psn\n|upkeep\n|turn|63\n|\n|t:|1667232859\n|-curestatus|p1a: Chansey|tox|[from] ability: Natural Cure\n|switch|p1a: Quagsire|Quagsire, F|76\/100 psn\n|move|p2a: Scizor|Knock Off|p1a: Quagsire\n|-damage|p1a: Quagsire|60\/100 psn\n|\n|-damage|p1a: Quagsire|47\/100 psn|[from] psn\n|upkeep\n|turn|64\n|\n|t:|1667232864\n|switch|p2a: Clefable|Clefable, M|100\/100 par\n|move|p1a: Quagsire|Recover|p1a: Quagsire\n|-heal|p1a: Quagsire|97\/100 psn\n|\n|-damage|p1a: Quagsire|85\/100 psn|[from] psn\n|upkeep\n|turn|65\n|\n|t:|1667232870\n|switch|p1a: Jirachi|Jirachi|100\/100 par\n|-zpower|p2a: Clefable\n|move|p2a: Clefable|Tectonic Rage|p1a: Jirachi|[zeffect]\n|-supereffective|p1a: Jirachi\n|-damage|p1a: Jirachi|56\/100 par\n|\n|upkeep\n|turn|66\n|\n|t:|1667232876\n|switch|p2a: Scizor|Scizor-Mega, F|88\/100\n|-damage|p2a: Scizor|75\/100|[from] Stealth Rock\n|move|p1a: Jirachi|Wish|p1a: Jirachi\n|\n|upkeep\n|turn|67\n|\n|t:|1667232881\n|switch|p1a: Quagsire|Quagsire, F|85\/100 psn\n|move|p2a: Scizor|Knock Off|p1a: Quagsire\n|-damage|p1a: Quagsire|70\/100 psn\n|\n|-heal|p1a: Quagsire|100\/100 psn|[from] move: Wish|[wisher] Jirachi\n|-damage|p1a: Quagsire|88\/100 psn|[from] psn\n|upkeep\n|turn|68\n|\n|t:|1667232887\n|switch|p2a: Clefable|Clefable, M|100\/100 par\n|switch|p1a: Zapdos|Zapdos|94\/100 brn\n|-ability|p1a: Zapdos|Pressure\n|\n|-heal|p1a: Zapdos|100\/100 brn|[from] item: Leftovers\n|-damage|p1a: Zapdos|94\/100 brn|[from] brn\n|upkeep\n|turn|69\n|\n|t:|1667232892\n|move|p1a: Zapdos|Discharge|p2a: Clefable\n|-damage|p2a: Clefable|69\/100 par\n|move|p2a: Clefable|Moonblast|p1a: Zapdos\n|-damage|p1a: Zapdos|61\/100 brn\n|\n|-heal|p1a: Zapdos|67\/100 brn|[from] item: Leftovers\n|-damage|p1a: Zapdos|61\/100 brn|[from] brn\n|upkeep\n|turn|70\n|\n|t:|1667232899\n|move|p1a: Zapdos|Discharge|p2a: Clefable\n|-damage|p2a: Clefable|39\/100 par\n|move|p2a: Clefable|Moonblast|p1a: Zapdos\n|-damage|p1a: Zapdos|32\/100 brn\n|\n|-heal|p1a: Zapdos|38\/100 brn|[from] item: Leftovers\n|-damage|p1a: Zapdos|32\/100 brn|[from] brn\n|upkeep\n|turn|71\n|\n|t:|1667232905\n|move|p1a: Zapdos|Roost|p1a: Zapdos\n|-heal|p1a: Zapdos|82\/100 brn\n|-singleturn|p1a: Zapdos|move: Roost\n|move|p2a: Clefable|Soft-Boiled|p2a: Clefable\n|-heal|p2a: Clefable|89\/100 par\n|\n|-heal|p1a: Zapdos|88\/100 brn|[from] item: Leftovers\n|-damage|p1a: Zapdos|82\/100 brn|[from] brn\n|upkeep\n|turn|72\n|\n|t:|1667232907\n|move|p1a: Zapdos|Discharge|p2a: Clefable\n|-damage|p2a: Clefable|56\/100 par\n|move|p2a: Clefable|Moonblast|p1a: Zapdos\n|-damage|p1a: Zapdos|52\/100 brn\n|-unboost|p1a: Zapdos|spa|1\n|\n|-heal|p1a: Zapdos|58\/100 brn|[from] item: Leftovers\n|-damage|p1a: Zapdos|52\/100 brn|[from] brn\n|upkeep\n|turn|73\n|\n|t:|1667232913\n|move|p1a: Zapdos|Discharge|p2a: Clefable\n|-damage|p2a: Clefable|35\/100 par\n|cant|p2a: Clefable|par\n|\n|-heal|p1a: Zapdos|58\/100 brn|[from] item: Leftovers\n|-damage|p1a: Zapdos|52\/100 brn|[from] brn\n|upkeep\n|turn|74\n|\n|t:|1667232916\n|move|p1a: Zapdos|Discharge|p2a: Clefable\n|-damage|p2a: Clefable|12\/100 par\n|move|p2a: Clefable|Soft-Boiled|p2a: Clefable\n|-heal|p2a: Clefable|62\/100 par\n|\n|-heal|p1a: Zapdos|58\/100 brn|[from] item: Leftovers\n|-damage|p1a: Zapdos|52\/100 brn|[from] brn\n|upkeep\n|turn|75\n|\n|t:|1667232918\n|move|p1a: Zapdos|Roost|p1a: Zapdos\n|-heal|p1a: Zapdos|100\/100 brn\n|-singleturn|p1a: Zapdos|move: Roost\n|move|p2a: Clefable|Moonblast|p1a: Zapdos\n|-damage|p1a: Zapdos|70\/100 brn\n|\n|-heal|p1a: Zapdos|76\/100 brn|[from] item: Leftovers\n|-damage|p1a: Zapdos|70\/100 brn|[from] brn\n|upkeep\n|turn|76\n|\n|t:|1667232923\n|switch|p1a: Jirachi|Jirachi|56\/100 par\n|move|p2a: Clefable|Soft-Boiled|p2a: Clefable\n|-heal|p2a: Clefable|100\/100 par\n|\n|upkeep\n|turn|77\n|\n|t:|1667232925\n|switch|p2a: Scizor|Scizor-Mega, F|75\/100\n|-damage|p2a: Scizor|63\/100|[from] Stealth Rock\n|move|p1a: Jirachi|Wish|p1a: Jirachi\n|\n|upkeep\n|turn|78\n|\n|t:|1667232932\n|switch|p1a: Quagsire|Quagsire, F|88\/100 psn\n|move|p2a: Scizor|Knock Off|p1a: Quagsire\n|-damage|p1a: Quagsire|73\/100 psn\n|\n|-heal|p1a: Quagsire|100\/100 psn|[from] move: Wish|[wisher] Jirachi\n|-damage|p1a: Quagsire|88\/100 psn|[from] psn\n|upkeep\n|turn|79\n|\n|t:|1667232935\n|switch|p2a: Clefable|Clefable, M|100\/100 par\n|switch|p1a: Zapdos|Zapdos|70\/100 brn\n|-ability|p1a: Zapdos|Pressure\n|\n|-heal|p1a: Zapdos|76\/100 brn|[from] item: Leftovers\n|-damage|p1a: Zapdos|70\/100 brn|[from] brn\n|upkeep\n|turn|80\n|\n|t:|1667232938\n|move|p1a: Zapdos|Discharge|p2a: Clefable\n|-damage|p2a: Clefable|69\/100 par\n|move|p2a: Clefable|Moonblast|p1a: Zapdos\n|-damage|p1a: Zapdos|40\/100 brn\n|\n|-heal|p1a: Zapdos|46\/100 brn|[from] item: Leftovers\n|-damage|p1a: Zapdos|40\/100 brn|[from] brn\n|upkeep\n|turn|81\n|\n|t:|1667232945\n|move|p1a: Zapdos|Roost|p1a: Zapdos\n|-heal|p1a: Zapdos|90\/100 brn\n|-singleturn|p1a: Zapdos|move: Roost\n|move|p2a: Clefable|Moonblast|p1a: Zapdos\n|-crit|p1a: Zapdos\n|-damage|p1a: Zapdos|44\/100 brn\n|\n|-heal|p1a: Zapdos|50\/100 brn|[from] item: Leftovers\n|-damage|p1a: Zapdos|44\/100 brn|[from] brn\n|upkeep\n|turn|82\n|\n|t:|1667232948\n|move|p1a: Zapdos|Roost|p1a: Zapdos\n|-heal|p1a: Zapdos|94\/100 brn\n|-singleturn|p1a: Zapdos|move: Roost\n|move|p2a: Clefable|Moonblast|p1a: Zapdos\n|-damage|p1a: Zapdos|64\/100 brn\n|\n|-heal|p1a: Zapdos|70\/100 brn|[from] item: Leftovers\n|-damage|p1a: Zapdos|64\/100 brn|[from] brn\n|upkeep\n|turn|83\n|\n|t:|1667232955\n|move|p1a: Zapdos|Discharge|p2a: Clefable\n|-damage|p2a: Clefable|38\/100 par\n|cant|p2a: Clefable|par\n|\n|-heal|p1a: Zapdos|70\/100 brn|[from] item: Leftovers\n|-damage|p1a: Zapdos|64\/100 brn|[from] brn\n|upkeep\n|turn|84\n|\n|t:|1667232971\n|move|p1a: Zapdos|Heat Wave|p2a: Clefable\n|-damage|p2a: Clefable|13\/100 par\n|move|p2a: Clefable|Soft-Boiled|p2a: Clefable\n|-heal|p2a: Clefable|63\/100 par\n|\n|-heal|p1a: Zapdos|70\/100 brn|[from] item: Leftovers\n|-damage|p1a: Zapdos|64\/100 brn|[from] brn\n|upkeep\n|turn|85\n|\n|t:|1667232977\n|move|p1a: Zapdos|Discharge|p2a: Clefable\n|-damage|p2a: Clefable|31\/100 par\n|move|p2a: Clefable|Soft-Boiled|p2a: Clefable\n|-heal|p2a: Clefable|81\/100 par\n|\n|-heal|p1a: Zapdos|70\/100 brn|[from] item: Leftovers\n|-damage|p1a: Zapdos|64\/100 brn|[from] brn\n|upkeep\n|turn|86\n|\n|t:|1667232985\n|move|p1a: Zapdos|Roost|p1a: Zapdos\n|-heal|p1a: Zapdos|100\/100 brn\n|-singleturn|p1a: Zapdos|move: Roost\n|move|p2a: Clefable|Soft-Boiled|p2a: Clefable\n|-heal|p2a: Clefable|100\/100 par\n|\n|-damage|p1a: Zapdos|94\/100 brn|[from] brn\n|upkeep\n|turn|87\n|\n|t:|1667232989\n|switch|p1a: Jirachi|Jirachi|56\/100 par\n|cant|p2a: Clefable|par\n|\n|upkeep\n|turn|88\n|\n|t:|1667232992\n|switch|p2a: Scizor|Scizor-Mega, F|63\/100\n|-damage|p2a: Scizor|50\/100|[from] Stealth Rock\n|move|p1a: Jirachi|Wish|p1a: Jirachi\n|\n|upkeep\n|turn|89\n|\n|t:|1667232997\n|move|p2a: Scizor|Roost|p2a: Scizor\n|-heal|p2a: Scizor|100\/100\n|-singleturn|p2a: Scizor|move: Roost\n|move|p1a: Jirachi|Wish||[still]\n|-fail|p1a: Jirachi\n|\n|-heal|p1a: Jirachi|100\/100 par|[from] move: Wish|[wisher] Jirachi\n|upkeep\n|turn|90\n|\n|t:|1667233002\n|move|p2a: Scizor|Swords Dance|p2a: Scizor\n|-boost|p2a: Scizor|atk|2\n|cant|p1a: Jirachi|par\n|\n|upkeep\n|turn|91\n|\n|t:|1667233006\n|switch|p1a: Quagsire|Quagsire, F|88\/100 psn\n|move|p2a: Scizor|Knock Off|p1a: Quagsire\n|-damage|p1a: Quagsire|74\/100 psn\n|\n|-damage|p1a: Quagsire|62\/100 psn|[from] psn\n|upkeep\n|turn|92\n|\n|t:|1667233017\n|switch|p2a: Clefable|Clefable, M|100\/100 par\n|move|p1a: Quagsire|Recover|p1a: Quagsire\n|-heal|p1a: Quagsire|100\/100 psn\n|\n|-damage|p1a: Quagsire|88\/100 psn|[from] psn\n|upkeep\n|turn|93\n|\n|t:|1667233021\n|switch|p1a: Zapdos|Zapdos|94\/100 brn\n|-ability|p1a: Zapdos|Pressure\n|switch|p2a: Scizor|Scizor-Mega, F|100\/100\n|-damage|p2a: Scizor|88\/100|[from] Stealth Rock\n|\n|-heal|p1a: Zapdos|100\/100 brn|[from] item: Leftovers\n|-damage|p1a: Zapdos|94\/100 brn|[from] brn\n|upkeep\n|turn|94\n|\n|t:|1667233033\n|switch|p1a: Jirachi|Jirachi|100\/100 par\n|move|p2a: Scizor|Knock Off|p1a: Jirachi\n|-supereffective|p1a: Jirachi\n|-damage|p1a: Jirachi|50\/100 par\n|-enditem|p1a: Jirachi|Choice Specs|[from] move: Knock Off|[of] p2a: Scizor\n|\n|upkeep\n|turn|95\n|\n|t:|1667233038\n|move|p2a: Scizor|Knock Off|p1a: Jirachi\n|-supereffective|p1a: Jirachi\n|-damage|p1a: Jirachi|15\/100 par\n|move|p1a: Jirachi|Wish|p1a: Jirachi\n|\n|upkeep\n|turn|96\n|\n|t:|1667233043\n|move|p1a: Jirachi|Protect|p1a: Jirachi\n|-singleturn|p1a: Jirachi|Protect\n|move|p2a: Scizor|Knock Off|p1a: Jirachi\n|-activate|p1a: Jirachi|move: Protect\n|\n|-heal|p1a: Jirachi|65\/100 par|[from] move: Wish|[wisher] Jirachi\n|upkeep\n|turn|97\n|\n|t:|1667233045\n|switch|p1a: Quagsire|Quagsire, F|88\/100 psn\n|move|p2a: Scizor|Knock Off|p1a: Quagsire\n|-damage|p1a: Quagsire|72\/100 psn\n|\n|-damage|p1a: Quagsire|60\/100 psn|[from] psn\n|upkeep\n|turn|98\n|\n|t:|1667233048\n|switch|p1a: Jirachi|Jirachi|65\/100 par\n|move|p2a: Scizor|Knock Off|p1a: Jirachi\n|-supereffective|p1a: Jirachi\n|-damage|p1a: Jirachi|28\/100 par\n|\n|upkeep\n|turn|99\n|\n|t:|1667233055\n|switch|p1a: Tangrowth|Tangrowth, F|100\/100\n|-status|p1a: Tangrowth|tox\n|move|p2a: Scizor|Knock Off|p1a: Tangrowth\n|-damage|p1a: Tangrowth|83\/100 tox\n|-damage|p2a: Scizor|71\/100|[from] item: Rocky Helmet|[of] p1a: Tangrowth\n|-enditem|p1a: Tangrowth|Rocky Helmet|[from] move: Knock Off|[of] p2a: Scizor\n|\n|-damage|p1a: Tangrowth|77\/100 tox|[from] psn\n|upkeep\n|turn|100\n|\n|t:|1667233058\n|switch|p2a: Clefable|Clefable, M|100\/100 par\n|move|p1a: Tangrowth|Earthquake|p2a: Clefable\n|-damage|p2a: Clefable|82\/100 par\n|\n|-damage|p1a: Tangrowth|65\/100 tox|[from] psn\n|upkeep\n|turn|101\n|\n|t:|1667233074\n|switch|p1a: Zapdos|Zapdos|94\/100 brn\n|-ability|p1a: Zapdos|Pressure\n|move|p2a: Clefable|Moonblast|p1a: Zapdos\n|-damage|p1a: Zapdos|64\/100 brn\n|\n|-heal|p1a: Zapdos|70\/100 brn|[from] item: Leftovers\n|-damage|p1a: Zapdos|64\/100 brn|[from] brn\n|upkeep\n|turn|102\n|\n|t:|1667233082\n|move|p1a: Zapdos|Discharge|p2a: Clefable\n|-damage|p2a: Clefable|53\/100 par\n|cant|p2a: Clefable|par\n|\n|-heal|p1a: Zapdos|70\/100 brn|[from] item: Leftovers\n|-damage|p1a: Zapdos|64\/100 brn|[from] brn\n|upkeep\n|turn|103\n|\n|t:|1667233086\n|move|p1a: Zapdos|Discharge|p2a: Clefable\n|-damage|p2a: Clefable|24\/100 par\n|move|p2a: Clefable|Soft-Boiled|p2a: Clefable\n|-heal|p2a: Clefable|74\/100 par\n|\n|-heal|p1a: Zapdos|70\/100 brn|[from] item: Leftovers\n|-damage|p1a: Zapdos|64\/100 brn|[from] brn\n|upkeep\n|turn|104\n|\n|t:|1667233094\n|move|p1a: Zapdos|Heat Wave|p2a: Clefable|[miss]\n|-miss|p1a: Zapdos|p2a: Clefable\n|cant|p2a: Clefable|par\n|\n|-heal|p1a: Zapdos|70\/100 brn|[from] item: Leftovers\n|-damage|p1a: Zapdos|64\/100 brn|[from] brn\n|upkeep\n|turn|105\n|\n|t:|1667233096\n|move|p1a: Zapdos|Heat Wave|p2a: Clefable\n|-damage|p2a: Clefable|47\/100 par\n|move|p2a: Clefable|Soft-Boiled|p2a: Clefable\n|-heal|p2a: Clefable|97\/100 par\n|\n|-heal|p1a: Zapdos|70\/100 brn|[from] item: Leftovers\n|-damage|p1a: Zapdos|64\/100 brn|[from] brn\n|upkeep\n|turn|106\n|\n|t:|1667233100\n|switch|p2a: Zapdos|Zapdos|77\/100\n|-damage|p2a: Zapdos|52\/100|[from] Stealth Rock\n|move|p1a: Zapdos|Roost|p1a: Zapdos\n|-heal|p1a: Zapdos|100\/100 brn\n|-singleturn|p1a: Zapdos|move: Roost\n|\n|-damage|p1a: Zapdos|94\/100 brn|[from] brn\n|upkeep\n|turn|107\n|\n|t:|1667233104\n|switch|p1a: Chansey|Chansey, F|88\/100\n|-status|p1a: Chansey|tox\n|move|p2a: Zapdos|Roost|p2a: Zapdos\n|-heal|p2a: Zapdos|100\/100\n|-singleturn|p2a: Zapdos|move: Roost\n|\n|-damage|p1a: Chansey|82\/100 tox|[from] psn\n|upkeep\n|turn|108\n|\n|t:|1667233108\n|switch|p2a: Scizor|Scizor-Mega, F|71\/100\n|-damage|p2a: Scizor|59\/100|[from] Stealth Rock\n|-curestatus|p1a: Chansey|tox|[from] ability: Natural Cure\n|switch|p1a: Quagsire|Quagsire, F|60\/100 psn\n|\n|-damage|p1a: Quagsire|47\/100 psn|[from] psn\n|upkeep\n|turn|109\n|\n|t:|1667233111\n|move|p2a: Scizor|Roost|p2a: Scizor\n|-heal|p2a: Scizor|100\/100\n|-singleturn|p2a: Scizor|move: Roost\n|move|p1a: Quagsire|Recover|p1a: Quagsire\n|-heal|p1a: Quagsire|97\/100 psn\n|\n|-damage|p1a: Quagsire|85\/100 psn|[from] psn\n|upkeep\n|turn|110\n|\n|t:|1667233117\n|switch|p2a: Toxapex|Toxapex, F|82\/100 brn\n|-damage|p2a: Toxapex|69\/100 brn|[from] Stealth Rock\n|move|p1a: Quagsire|Scald|p2a: Toxapex\n|-resisted|p2a: Toxapex\n|-damage|p2a: Toxapex|63\/100 brn\n|\n|-damage|p1a: Quagsire|73\/100 psn|[from] psn\n|-damage|p2a: Toxapex|57\/100 brn|[from] brn\n|upkeep\n|turn|111\n|\n|t:|1667233126\n|switch|p2a: Scizor|Scizor-Mega, F|100\/100\n|-damage|p2a: Scizor|88\/100|[from] Stealth Rock\n|switch|p1a: Jirachi|Jirachi|28\/100 par\n|\n|upkeep\n|turn|112\n|\n|t:|1667233129\n|switch|p1a: Quagsire|Quagsire, F|73\/100 psn\n|move|p2a: Scizor|Knock Off|p1a: Quagsire\n|-damage|p1a: Quagsire|59\/100 psn\n|\n|-damage|p1a: Quagsire|46\/100 psn|[from] psn\n|upkeep\n|turn|113\n|\n|t:|1667233139\n|switch|p2a: Clefable|Clefable, M|97\/100 par\n|move|p1a: Quagsire|Recover|p1a: Quagsire\n|-heal|p1a: Quagsire|96\/100 psn\n|\n|-damage|p1a: Quagsire|84\/100 psn|[from] psn\n|upkeep\n|turn|114\n|\n|t:|1667233151\n|switch|p1a: Jirachi|Jirachi|28\/100 par\n|move|p2a: Clefable|Dig||[still]\n|-prepare|p2a: Clefable|Dig\n|\n|upkeep\n|turn|115\n|\n|t:|1667233156\n|move|p1a: Jirachi|Wish|p1a: Jirachi\n|move|p2a: Clefable|Dig|p1a: Jirachi|[from]lockedmove\n|-supereffective|p1a: Jirachi\n|-damage|p1a: Jirachi|5\/100 par\n|\n|upkeep\n|turn|116\n|\n|t:|1667233162\n|move|p1a: Jirachi|Protect|p1a: Jirachi\n|-singleturn|p1a: Jirachi|Protect\n|move|p2a: Clefable|Moonblast|p1a: Jirachi\n|-activate|p1a: Jirachi|move: Protect\n|\n|-heal|p1a: Jirachi|55\/100 par|[from] move: Wish|[wisher] Jirachi\n|upkeep\n|turn|117\n|\n|t:|1667233166\n|switch|p2a: Scizor|Scizor-Mega, F|88\/100\n|-damage|p2a: Scizor|75\/100|[from] Stealth Rock\n|cant|p1a: Jirachi|par\n|\n|upkeep\n|turn|118\n|\n|t:|1667233175\n|switch|p1a: Quagsire|Quagsire, F|84\/100 psn\n|move|p2a: Scizor|Knock Off|p1a: Quagsire\n|-damage|p1a: Quagsire|69\/100 psn\n|\n|-damage|p1a: Quagsire|57\/100 psn|[from] psn\n|upkeep\n|turn|119\n|inactive|Lucians Call has 120 seconds left.\n|\n|t:|1667233208\n|switch|p2a: Clefable|Clefable, M|97\/100 par\n|move|p1a: Quagsire|Scald|p2a: Clefable\n|-damage|p2a: Clefable|80\/100 par\n|\n|-damage|p1a: Quagsire|44\/100 psn|[from] psn\n|upkeep\n|turn|120\n|\n|t:|1667233212\n|move|p1a: Quagsire|Recover|p1a: Quagsire\n|-heal|p1a: Quagsire|94\/100 psn\n|move|p2a: Clefable|Moonblast|p1a: Quagsire\n|-damage|p1a: Quagsire|54\/100 psn\n|-unboost|p1a: Quagsire|spa|1\n|\n|-damage|p1a: Quagsire|42\/100 psn|[from] psn\n|upkeep\n|turn|121\n|\n|t:|1667233217\n|switch|p1a: Jirachi|Jirachi|55\/100 par\n|move|p2a: Clefable|Moonblast|p1a: Jirachi\n|-resisted|p1a: Jirachi\n|-damage|p1a: Jirachi|47\/100 par\n|\n|upkeep\n|turn|122\n|\n|t:|1667233219\n|switch|p2a: Scizor|Scizor-Mega, F|75\/100\n|-damage|p2a: Scizor|63\/100|[from] Stealth Rock\n|move|p1a: Jirachi|Wish|p1a: Jirachi\n|\n|upkeep\n|turn|123\n|\n|t:|1667233224\n|switch|p1a: Quagsire|Quagsire, F|42\/100 psn\n|move|p2a: Scizor|Roost|p2a: Scizor\n|-heal|p2a: Scizor|100\/100\n|-singleturn|p2a: Scizor|move: Roost\n|\n|-heal|p1a: Quagsire|93\/100 psn|[from] move: Wish|[wisher] Jirachi\n|-damage|p1a: Quagsire|81\/100 psn|[from] psn\n|upkeep\n|turn|124\n|\n|t:|1667233227\n|switch|p1a: Zapdos|Zapdos|94\/100 brn\n|-ability|p1a: Zapdos|Pressure\n|move|p2a: Scizor|Knock Off|p1a: Zapdos\n|-crit|p1a: Zapdos\n|-damage|p1a: Zapdos|62\/100 brn\n|-enditem|p1a: Zapdos|Leftovers|[from] move: Knock Off|[of] p2a: Scizor\n|\n|-damage|p1a: Zapdos|56\/100 brn|[from] brn\n|upkeep\n|turn|125\n|\n|t:|1667233234\n|switch|p2a: Toxapex|Toxapex, F|90\/100 brn\n|-damage|p2a: Toxapex|78\/100 brn|[from] Stealth Rock\n|move|p1a: Zapdos|Roost|p1a: Zapdos\n|-heal|p1a: Zapdos|100\/100 brn\n|-singleturn|p1a: Zapdos|move: Roost\n|\n|-damage|p1a: Zapdos|94\/100 brn|[from] brn\n|-damage|p2a: Toxapex|72\/100 brn|[from] brn\n|upkeep\n|turn|126\n|\n|t:|1667233237\n|move|p1a: Zapdos|Discharge|p2a: Toxapex\n|-supereffective|p2a: Toxapex\n|-damage|p2a: Toxapex|30\/100 brn\n|move|p2a: Toxapex|Recover|p2a: Toxapex\n|-heal|p2a: Toxapex|80\/100 brn\n|\n|-damage|p1a: Zapdos|88\/100 brn|[from] brn\n|-damage|p2a: Toxapex|74\/100 brn|[from] brn\n|upkeep\n|turn|127\n|\n|t:|1667233243\n|move|p1a: Zapdos|Discharge|p2a: Toxapex\n|-supereffective|p2a: Toxapex\n|-damage|p2a: Toxapex|28\/100 brn\n|move|p2a: Toxapex|Scald|p1a: Zapdos\n|-damage|p1a: Zapdos|73\/100 brn\n|\n|-damage|p1a: Zapdos|67\/100 brn|[from] brn\n|-damage|p2a: Toxapex|22\/100 brn|[from] brn\n|upkeep\n|turn|128\n|\n|t:|1667233246\n|switch|p2a: Zapdos|Zapdos|100\/100\n|-damage|p2a: Zapdos|75\/100|[from] Stealth Rock\n|move|p1a: Zapdos|Discharge|p2a: Zapdos\n|-damage|p2a: Zapdos|43\/100\n|\n|-damage|p1a: Zapdos|61\/100 brn|[from] brn\n|upkeep\n|turn|129\n|\n|t:|1667233249\n|move|p1a: Zapdos|Heat Wave|p2a: Zapdos\n|-damage|p2a: Zapdos|19\/100\n|move|p2a: Zapdos|Roost|p2a: Zapdos\n|-heal|p2a: Zapdos|69\/100\n|-singleturn|p2a: Zapdos|move: Roost\n|\n|-damage|p1a: Zapdos|55\/100 brn|[from] brn\n|upkeep\n|turn|130\n|\n|t:|1667233252\n|move|p1a: Zapdos|Roost|p1a: Zapdos\n|-heal|p1a: Zapdos|100\/100 brn\n|-singleturn|p1a: Zapdos|move: Roost\n|move|p2a: Zapdos|Discharge|p1a: Zapdos\n|-resisted|p1a: Zapdos\n|-damage|p1a: Zapdos|83\/100 brn\n|\n|-damage|p1a: Zapdos|77\/100 brn|[from] brn\n|upkeep\n|turn|131\n|\n|t:|1667233255\n|switch|p1a: Quagsire|Quagsire, F|81\/100 psn\n|move|p2a: Zapdos|Heat Wave|p1a: Quagsire\n|-resisted|p1a: Quagsire\n|-damage|p1a: Quagsire|65\/100 psn\n|\n|-damage|p1a: Quagsire|52\/100 psn|[from] psn\n|upkeep\n|turn|132\n|\n|t:|1667233264\n|move|p2a: Zapdos|Heat Wave|p1a: Quagsire\n|-resisted|p1a: Quagsire\n|-damage|p1a: Quagsire|35\/100 psn\n|move|p1a: Quagsire|Earthquake|p2a: Zapdos\n|-immune|p2a: Zapdos\n|\n|-damage|p1a: Quagsire|22\/100 psn|[from] psn\n|upkeep\n|turn|133\n|\n|t:|1667233266\n|move|p2a: Zapdos|Heat Wave|p1a: Quagsire\n|-resisted|p1a: Quagsire\n|-damage|p1a: Quagsire|6\/100 psn\n|move|p1a: Quagsire|Recover|p1a: Quagsire\n|-heal|p1a: Quagsire|56\/100 psn\n|\n|-damage|p1a: Quagsire|44\/100 psn|[from] psn\n|upkeep\n|turn|134\n|\n|t:|1667233269\n|move|p2a: Zapdos|Heat Wave|p1a: Quagsire\n|-resisted|p1a: Quagsire\n|-damage|p1a: Quagsire|28\/100 psn\n|move|p1a: Quagsire|Recover|p1a: Quagsire\n|-heal|p1a: Quagsire|78\/100 psn\n|\n|-damage|p1a: Quagsire|65\/100 psn|[from] psn\n|upkeep\n|turn|135\n|\n|t:|1667233272\n|move|p2a: Zapdos|Heat Wave|p1a: Quagsire\n|-resisted|p1a: Quagsire\n|-damage|p1a: Quagsire|49\/100 psn\n|move|p1a: Quagsire|Toxic|p2a: Zapdos\n|-status|p2a: Zapdos|tox\n|\n|-damage|p2a: Zapdos|63\/100 tox|[from] psn\n|-damage|p1a: Quagsire|36\/100 psn|[from] psn\n|upkeep\n|turn|136\n|\n|t:|1667233274\n|move|p2a: Zapdos|Heat Wave|p1a: Quagsire\n|-resisted|p1a: Quagsire\n|-damage|p1a: Quagsire|21\/100 psn\n|move|p1a: Quagsire|Recover|p1a: Quagsire\n|-heal|p1a: Quagsire|71\/100 psn\n|\n|-damage|p2a: Zapdos|50\/100 tox|[from] psn\n|-damage|p1a: Quagsire|58\/100 psn|[from] psn\n|upkeep\n|turn|137\n|\n|t:|1667233278\n|switch|p1a: Chansey|Chansey, F|82\/100\n|-status|p1a: Chansey|tox\n|move|p2a: Zapdos|Roost|p2a: Zapdos\n|-heal|p2a: Zapdos|100\/100 tox\n|-singleturn|p2a: Zapdos|move: Roost\n|\n|-damage|p2a: Zapdos|82\/100 tox|[from] psn\n|-damage|p1a: Chansey|76\/100 tox|[from] psn\n|upkeep\n|turn|138\n|\n|t:|1667233283\n|move|p2a: Zapdos|Heat Wave|p1a: Chansey\n|-damage|p1a: Chansey|68\/100 tox\n|move|p1a: Chansey|Seismic Toss|p2a: Zapdos\n|-damage|p2a: Zapdos|56\/100 tox\n|-damage|p1a: Chansey|51\/100 tox|[from] item: Rocky Helmet|[of] p2a: Zapdos\n|\n|-damage|p2a: Zapdos|31\/100 tox|[from] psn\n|-damage|p1a: Chansey|39\/100 tox|[from] psn\n|upkeep\n|turn|139\n|\n|t:|1667233287\n|-curestatus|p1a: Chansey|tox|[from] ability: Natural Cure\n|switch|p1a: Jirachi|Jirachi|47\/100 par\n|move|p2a: Zapdos|Roost|p2a: Zapdos\n|-heal|p2a: Zapdos|81\/100 tox\n|-singleturn|p2a: Zapdos|move: Roost\n|\n|-damage|p2a: Zapdos|49\/100 tox|[from] psn\n|upkeep\n|turn|140\n|\n|t:|1667233290\n|switch|p2a: Scizor|Scizor-Mega, F|100\/100\n|-damage|p2a: Scizor|88\/100|[from] Stealth Rock\n|move|p1a: Jirachi|Wish|p1a: Jirachi\n|\n|upkeep\n|turn|141\n|\n|t:|1667233299\n|switch|p2a: Toxapex|Toxapex, F|55\/100 brn\n|-damage|p2a: Toxapex|43\/100 brn|[from] Stealth Rock\n|switch|p1a: Zapdos|Zapdos|77\/100 brn\n|-ability|p1a: Zapdos|Pressure\n|\n|-heal|p1a: Zapdos|100\/100 brn|[from] move: Wish|[wisher] Jirachi\n|-damage|p1a: Zapdos|94\/100 brn|[from] brn\n|-damage|p2a: Toxapex|37\/100 brn|[from] brn\n|upkeep\n|turn|142\n|\n|t:|1667233307\n|switch|p2a: Clefable|Clefable, M|80\/100 par\n|move|p1a: Zapdos|Discharge|p2a: Clefable\n|-damage|p2a: Clefable|48\/100 par\n|\n|-damage|p1a: Zapdos|88\/100 brn|[from] brn\n|upkeep\n|turn|143\n|\n|t:|1667233309\n|move|p1a: Zapdos|Heat Wave|p2a: Clefable\n|-damage|p2a: Clefable|23\/100 par\n|move|p2a: Clefable|Soft-Boiled|p2a: Clefable\n|-heal|p2a: Clefable|73\/100 par\n|\n|-damage|p1a: Zapdos|82\/100 brn|[from] brn\n|upkeep\n|turn|144\n|\n|t:|1667233315\n|move|p1a: Zapdos|Heat Wave|p2a: Clefable|[miss]\n|-miss|p1a: Zapdos|p2a: Clefable\n|cant|p2a: Clefable|par\n|\n|-damage|p1a: Zapdos|76\/100 brn|[from] brn\n|upkeep\n|turn|145\n|\n|t:|1667233318\n|switch|p1a: Jirachi|Jirachi|47\/100 par\n|move|p2a: Clefable|Soft-Boiled|p2a: Clefable\n|-heal|p2a: Clefable|100\/100 par\n|\n|upkeep\n|turn|146\n|\n|t:|1667233319\n|switch|p2a: Scizor|Scizor-Mega, F|88\/100\n|-damage|p2a: Scizor|75\/100|[from] Stealth Rock\n|cant|p1a: Jirachi|par\n|\n|upkeep\n|turn|147\n|\n|t:|1667233326\n|move|p2a: Scizor|Knock Off|p1a: Jirachi\n|-supereffective|p1a: Jirachi\n|-damage|p1a: Jirachi|10\/100 par\n|move|p1a: Jirachi|Wish|p1a: Jirachi\n|\n|upkeep\n|turn|148\n|\n|t:|1667233330\n|cant|p1a: Jirachi|par\n|move|p2a: Scizor|Knock Off|p1a: Jirachi\n|-supereffective|p1a: Jirachi\n|-damage|p1a: Jirachi|0 fnt\n|faint|p1a: Jirachi\n|\n|upkeep\n|\n|t:|1667233333\n|switch|p1a: Quagsire|Quagsire, F|58\/100 psn\n|turn|149\n|\n|t:|1667233341\n|switch|p2a: Zapdos|Zapdos|49\/100 tox\n|-damage|p2a: Zapdos|24\/100 tox|[from] Stealth Rock\n|move|p1a: Quagsire|Scald|p2a: Zapdos\n|-damage|p2a: Zapdos|6\/100 tox\n|\n|-damage|p2a: Zapdos|0 fnt|[from] psn\n|faint|p2a: Zapdos\n|-damage|p1a: Quagsire|46\/100 psn|[from] psn\n|upkeep\n|\n|t:|1667233353\n|switch|p2a: Toxapex|Toxapex, F|70\/100 brn\n|-damage|p2a: Toxapex|57\/100 brn|[from] Stealth Rock\n|turn|150\n|\n|t:|1667233358\n|switch|p2a: Clefable|Clefable, M|100\/100 par\n|move|p1a: Quagsire|Recover|p1a: Quagsire\n|-heal|p1a: Quagsire|96\/100 psn\n|\n|-damage|p1a: Quagsire|83\/100 psn|[from] psn\n|upkeep\n|turn|151\n|\n|t:|1667233364\n|switch|p1a: Chansey|Chansey, F|39\/100\n|-status|p1a: Chansey|tox\n|switch|p2a: Scizor|Scizor-Mega, F|75\/100\n|-damage|p2a: Scizor|63\/100|[from] Stealth Rock\n|\n|-damage|p1a: Chansey|33\/100 tox|[from] psn\n|upkeep\n|turn|152\n|\n|t:|1667233370\n|-curestatus|p1a: Chansey|tox|[from] ability: Natural Cure\n|switch|p1a: Quagsire|Quagsire, F|83\/100 psn\n|move|p2a: Scizor|Knock Off|p1a: Quagsire\n|-damage|p1a: Quagsire|68\/100 psn\n|\n|-damage|p1a: Quagsire|56\/100 psn|[from] psn\n|upkeep\n|turn|153\n|\n|t:|1667233374\n|switch|p2a: Clefable|Clefable, M|100\/100 par\n|move|p1a: Quagsire|Recover|p1a: Quagsire\n|-heal|p1a: Quagsire|100\/100 psn\n|\n|-damage|p1a: Quagsire|88\/100 psn|[from] psn\n|upkeep\n|turn|154\n|\n|t:|1667233379\n|switch|p1a: Chansey|Chansey, F|33\/100\n|-status|p1a: Chansey|tox\n|switch|p2a: Scizor|Scizor-Mega, F|63\/100\n|-damage|p2a: Scizor|50\/100|[from] Stealth Rock\n|\n|-damage|p1a: Chansey|27\/100 tox|[from] psn\n|upkeep\n|turn|155\n|\n|t:|1667233382\n|-curestatus|p1a: Chansey|tox|[from] ability: Natural Cure\n|switch|p1a: Quagsire|Quagsire, F|88\/100 psn\n|move|p2a: Scizor|Roost|p2a: Scizor\n|-heal|p2a: Scizor|100\/100\n|-singleturn|p2a: Scizor|move: Roost\n|\n|-damage|p1a: Quagsire|76\/100 psn|[from] psn\n|upkeep\n|turn|156\n|\n|t:|1667233385\n|switch|p2a: Clefable|Clefable, M|100\/100 par\n|move|p1a: Quagsire|Scald|p2a: Clefable\n|-damage|p2a: Clefable|83\/100 par\n|\n|-damage|p1a: Quagsire|63\/100 psn|[from] psn\n|upkeep\n|turn|157\n|\n|t:|1667233388\n|switch|p1a: Chansey|Chansey, F|27\/100\n|-status|p1a: Chansey|tox\n|switch|p2a: Scizor|Scizor-Mega, F|100\/100\n|-damage|p2a: Scizor|88\/100|[from] Stealth Rock\n|\n|-damage|p1a: Chansey|21\/100 tox|[from] psn\n|upkeep\n|turn|158\n|\n|t:|1667233391\n|move|p2a: Scizor|Knock Off|p1a: Chansey\n|-damage|p1a: Chansey|0 fnt\n|-enditem|p1a: Chansey|Eviolite|[from] move: Knock Off|[of] p2a: Scizor\n|faint|p1a: Chansey\n|\n|upkeep\n|\n|t:|1667233392\n|switch|p1a: Zapdos|Zapdos|76\/100 brn\n|-ability|p1a: Zapdos|Pressure\n|turn|159\n|\n|t:|1667233406\n|switch|p2a: Toxapex|Toxapex, F|91\/100 brn\n|-damage|p2a: Toxapex|78\/100 brn|[from] Stealth Rock\n|move|p1a: Zapdos|Discharge|p2a: Toxapex\n|-supereffective|p2a: Toxapex\n|-damage|p2a: Toxapex|38\/100 brn\n|\n|-damage|p1a: Zapdos|70\/100 brn|[from] brn\n|-damage|p2a: Toxapex|32\/100 brn|[from] brn\n|upkeep\n|turn|160\n|\n|t:|1667233415\n|switch|p2a: Clefable|Clefable, M|83\/100 par\n|move|p1a: Zapdos|Discharge|p2a: Clefable\n|-damage|p2a: Clefable|53\/100 par\n|\n|-damage|p1a: Zapdos|64\/100 brn|[from] brn\n|upkeep\n|turn|161\n|\n|t:|1667233418\n|move|p1a: Zapdos|Heat Wave|p2a: Clefable\n|-damage|p2a: Clefable|26\/100 par\n|move|p2a: Clefable|Soft-Boiled|p2a: Clefable\n|-heal|p2a: Clefable|76\/100 par\n|\n|-damage|p1a: Zapdos|58\/100 brn|[from] brn\n|upkeep\n|turn|162\n|\n|t:|1667233424\n|move|p1a: Zapdos|Heat Wave|p2a: Clefable\n|-damage|p2a: Clefable|51\/100 par\n|move|p2a: Clefable|Moonblast|p1a: Zapdos\n|-damage|p1a: Zapdos|28\/100 brn\n|\n|-damage|p1a: Zapdos|22\/100 brn|[from] brn\n|upkeep\n|turn|163\n|\n|t:|1667233430\n|move|p1a: Zapdos|Roost|p1a: Zapdos\n|-heal|p1a: Zapdos|72\/100 brn\n|-singleturn|p1a: Zapdos|move: Roost\n|move|p2a: Clefable|Soft-Boiled|p2a: Clefable\n|-heal|p2a: Clefable|100\/100 par\n|\n|-damage|p1a: Zapdos|66\/100 brn|[from] brn\n|upkeep\n|turn|164\n|\n|t:|1667233433\n|move|p1a: Zapdos|Heat Wave|p2a: Clefable\n|-damage|p2a: Clefable|76\/100 par\n|move|p2a: Clefable|Moonblast|p1a: Zapdos\n|-damage|p1a: Zapdos|33\/100 brn\n|-unboost|p1a: Zapdos|spa|1\n|\n|-damage|p1a: Zapdos|27\/100 brn|[from] brn\n|upkeep\n|turn|165\n|\n|t:|1667233443\n|switch|p2a: Toxapex|Toxapex, F|65\/100 brn\n|-damage|p2a: Toxapex|52\/100 brn|[from] Stealth Rock\n|move|p1a: Zapdos|Roost|p1a: Zapdos\n|-heal|p1a: Zapdos|77\/100 brn\n|-singleturn|p1a: Zapdos|move: Roost\n|\n|-damage|p1a: Zapdos|71\/100 brn|[from] brn\n|-damage|p2a: Toxapex|46\/100 brn|[from] brn\n|upkeep\n|turn|166\n|\n|t:|1667233447\n|switch|p1a: Tangrowth|Tangrowth, F|98\/100 tox\n|move|p2a: Toxapex|Recover|p2a: Toxapex\n|-heal|p2a: Toxapex|96\/100 brn\n|\n|-damage|p1a: Tangrowth|92\/100 tox|[from] psn\n|-damage|p2a: Toxapex|90\/100 brn|[from] brn\n|upkeep\n|turn|167\n|\n|t:|1667233454\n|move|p1a: Tangrowth|Earthquake|p2a: Toxapex\n|-supereffective|p2a: Toxapex\n|-damage|p2a: Toxapex|52\/100 brn\n|move|p2a: Toxapex|Haze|p2a: Toxapex\n|-clearallboost\n|\n|-damage|p1a: Tangrowth|79\/100 tox|[from] psn\n|-damage|p2a: Toxapex|46\/100 brn|[from] brn\n|upkeep\n|turn|168\n|\n|t:|1667233457\n|switch|p1a: Zapdos|Zapdos|71\/100 brn\n|-ability|p1a: Zapdos|Pressure\n|move|p2a: Toxapex|Recover|p2a: Toxapex\n|-heal|p2a: Toxapex|96\/100 brn\n|\n|-damage|p1a: Zapdos|65\/100 brn|[from] brn\n|-damage|p2a: Toxapex|90\/100 brn|[from] brn\n|upkeep\n|turn|169\n|\n|t:|1667233461\n|move|p1a: Zapdos|Heat Wave|p2a: Toxapex\n|-resisted|p2a: Toxapex\n|-damage|p2a: Toxapex|81\/100 brn\n|move|p2a: Toxapex|Scald|p1a: Zapdos\n|-damage|p1a: Zapdos|47\/100 brn\n|\n|-damage|p1a: Zapdos|41\/100 brn|[from] brn\n|-damage|p2a: Toxapex|75\/100 brn|[from] brn\n|upkeep\n|turn|170\n|\n|t:|1667233465\n|move|p1a: Zapdos|Roost|p1a: Zapdos\n|-heal|p1a: Zapdos|91\/100 brn\n|-singleturn|p1a: Zapdos|move: Roost\n|move|p2a: Toxapex|Scald|p1a: Zapdos\n|-damage|p1a: Zapdos|74\/100 brn\n|\n|-damage|p1a: Zapdos|68\/100 brn|[from] brn\n|-damage|p2a: Toxapex|69\/100 brn|[from] brn\n|upkeep\n|turn|171\n|\n|t:|1667233471\n|move|p1a: Zapdos|Discharge|p2a: Toxapex\n|-supereffective|p2a: Toxapex\n|-damage|p2a: Toxapex|27\/100 brn\n|move|p2a: Toxapex|Recover|p2a: Toxapex\n|-heal|p2a: Toxapex|77\/100 brn\n|\n|-damage|p1a: Zapdos|62\/100 brn|[from] brn\n|-damage|p2a: Toxapex|71\/100 brn|[from] brn\n|upkeep\n|turn|172\n|\n|t:|1667233474\n|move|p1a: Zapdos|Roost|p1a: Zapdos\n|-heal|p1a: Zapdos|100\/100 brn\n|-singleturn|p1a: Zapdos|move: Roost\n|move|p2a: Toxapex|Recover|p2a: Toxapex\n|-heal|p2a: Toxapex|100\/100 brn\n|\n|-damage|p1a: Zapdos|94\/100 brn|[from] brn\n|-damage|p2a: Toxapex|94\/100 brn|[from] brn\n|upkeep\n|turn|173\n|\n|t:|1667233477\n|switch|p1a: Quagsire|Quagsire, F|63\/100 psn\n|move|p2a: Toxapex|Scald|p1a: Quagsire\n|-damage|p1a: Quagsire|42\/100 psn\n|\n|-damage|p1a: Quagsire|29\/100 psn|[from] psn\n|-damage|p2a: Toxapex|88\/100 brn|[from] brn\n|upkeep\n|turn|174\n|\n|t:|1667233480\n|move|p2a: Toxapex|Scald|p1a: Quagsire\n|-crit|p1a: Quagsire\n|-damage|p1a: Quagsire|0 fnt\n|faint|p1a: Quagsire\n|\n|-damage|p2a: Toxapex|82\/100 brn|[from] brn\n|upkeep\n|\n|t:|1667233483\n|switch|p1a: Tangrowth|Tangrowth, F|100\/100 tox\n|turn|175\n|c| BTLT007Brandonlee1|lol\n|\n|t:|1667233490\n|switch|p1a: Zapdos|Zapdos|94\/100 brn\n|-ability|p1a: Zapdos|Pressure\n|switch|p2a: Clefable|Clefable, M|76\/100 par\n|\n|-damage|p1a: Zapdos|88\/100 brn|[from] brn\n|upkeep\n|turn|176\n|\n|t:|1667233494\n|move|p1a: Zapdos|Heat Wave|p2a: Clefable\n|-damage|p2a: Clefable|50\/100 par\n|move|p2a: Clefable|Soft-Boiled|p2a: Clefable\n|-heal|p2a: Clefable|99\/100 par\n|\n|-damage|p1a: Zapdos|82\/100 brn|[from] brn\n|upkeep\n|turn|177\n|\n|t:|1667233501\n|switch|p1a: Tangrowth|Tangrowth, F|100\/100 tox\n|switch|p2a: Toxapex|Toxapex, F|100\/100 brn\n|-damage|p2a: Toxapex|88\/100 brn|[from] Stealth Rock\n|\n|-damage|p1a: Tangrowth|94\/100 tox|[from] psn\n|-damage|p2a: Toxapex|82\/100 brn|[from] brn\n|upkeep\n|turn|178\n|\n|t:|1667233504\n|switch|p2a: Scizor|Scizor-Mega, F|88\/100\n|-damage|p2a: Scizor|75\/100|[from] Stealth Rock\n|move|p1a: Tangrowth|Earthquake|p2a: Scizor\n|-damage|p2a: Scizor|58\/100\n|\n|-damage|p1a: Tangrowth|82\/100 tox|[from] psn\n|upkeep\n|turn|179\n|\n|t:|1667233508\n|switch|p1a: Zapdos|Zapdos|82\/100 brn\n|-ability|p1a: Zapdos|Pressure\n|move|p2a: Scizor|Roost|p2a: Scizor\n|-heal|p2a: Scizor|100\/100\n|-singleturn|p2a: Scizor|move: Roost\n|\n|-damage|p1a: Zapdos|76\/100 brn|[from] brn\n|upkeep\n|turn|180\n|\n|t:|1667233512\n|switch|p2a: Toxapex|Toxapex, F|100\/100 brn\n|-damage|p2a: Toxapex|88\/100 brn|[from] Stealth Rock\n|move|p1a: Zapdos|Heat Wave|p2a: Toxapex\n|-resisted|p2a: Toxapex\n|-damage|p2a: Toxapex|80\/100 brn\n|\n|-damage|p1a: Zapdos|70\/100 brn|[from] brn\n|-damage|p2a: Toxapex|74\/100 brn|[from] brn\n|upkeep\n|turn|181\n|\n|t:|1667233515\n|move|p1a: Zapdos|Discharge|p2a: Toxapex\n|-supereffective|p2a: Toxapex\n|-damage|p2a: Toxapex|28\/100 brn\n|move|p2a: Toxapex|Scald|p1a: Zapdos\n|-damage|p1a: Zapdos|55\/100 brn\n|\n|-damage|p1a: Zapdos|49\/100 brn|[from] brn\n|-damage|p2a: Toxapex|22\/100 brn|[from] brn\n|upkeep\n|turn|182\n|\n|t:|1667233518\n|switch|p2a: Clefable|Clefable, M|99\/100 par\n|move|p1a: Zapdos|Heat Wave|p2a: Clefable|[miss]\n|-miss|p1a: Zapdos|p2a: Clefable\n|\n|-damage|p1a: Zapdos|43\/100 brn|[from] brn\n|upkeep\n|turn|183\n|\n|t:|1667233524\n|switch|p1a: Tangrowth|Tangrowth, F|100\/100 tox\n|switch|p2a: Toxapex|Toxapex, F|55\/100 brn\n|-damage|p2a: Toxapex|43\/100 brn|[from] Stealth Rock\n|\n|-damage|p1a: Tangrowth|94\/100 tox|[from] psn\n|-damage|p2a: Toxapex|37\/100 brn|[from] brn\n|upkeep\n|turn|184\n|\n|t:|1667233526\n|switch|p2a: Clefable|Clefable, M|99\/100 par\n|move|p1a: Tangrowth|Earthquake|p2a: Clefable\n|-damage|p2a: Clefable|81\/100 par\n|\n|-damage|p1a: Tangrowth|82\/100 tox|[from] psn\n|upkeep\n|turn|185\n|\n|t:|1667233529\n|switch|p2a: Scizor|Scizor-Mega, F|100\/100\n|-damage|p2a: Scizor|88\/100|[from] Stealth Rock\n|move|p1a: Tangrowth|Earthquake|p2a: Scizor\n|-damage|p2a: Scizor|70\/100\n|\n|-damage|p1a: Tangrowth|63\/100 tox|[from] psn\n|upkeep\n|turn|186\n|\n|t:|1667233531\n|move|p2a: Scizor|Knock Off|p1a: Tangrowth\n|-damage|p1a: Tangrowth|52\/100 tox\n|move|p1a: Tangrowth|Earthquake|p2a: Scizor\n|-damage|p2a: Scizor|52\/100\n|\n|-damage|p1a: Tangrowth|27\/100 tox|[from] psn\n|upkeep\n|turn|187\n|\n|t:|1667233535\n|switch|p1a: Zapdos|Zapdos|43\/100 brn\n|-ability|p1a: Zapdos|Pressure\n|move|p2a: Scizor|Knock Off|p1a: Zapdos\n|-damage|p1a: Zapdos|26\/100 brn\n|\n|-damage|p1a: Zapdos|20\/100 brn|[from] brn\n|upkeep\n|turn|188\n|\n|t:|1667233540\n|switch|p2a: Toxapex|Toxapex, F|70\/100 brn\n|-damage|p2a: Toxapex|57\/100 brn|[from] Stealth Rock\n|move|p1a: Zapdos|Discharge|p2a: Toxapex\n|-supereffective|p2a: Toxapex\n|-crit|p2a: Toxapex\n|-damage|p2a: Toxapex|0 fnt\n|faint|p2a: Toxapex\n|\n|-damage|p1a: Zapdos|14\/100 brn|[from] brn\n|upkeep\n|\n|t:|1667233542\n|switch|p2a: Clefable|Clefable, M|81\/100 par\n|turn|189\n|\n|t:|1667233546\n|switch|p1a: Tangrowth|Tangrowth, F|60\/100 tox\n|move|p2a: Clefable|Soft-Boiled|p2a: Clefable\n|-heal|p2a: Clefable|100\/100 par\n|\n|-damage|p1a: Tangrowth|54\/100 tox|[from] psn\n|upkeep\n|turn|190\n|\n|t:|1667233554\n|switch|p1a: Zapdos|Zapdos|14\/100 brn\n|-ability|p1a: Zapdos|Pressure\n|switch|p2a: Scizor|Scizor-Mega, F|52\/100\n|-damage|p2a: Scizor|40\/100|[from] Stealth Rock\n|\n|-damage|p1a: Zapdos|8\/100 brn|[from] brn\n|upkeep\n|turn|191\n|l| BTLT007Brandonlee1\n|\n|t:|1667233556\n|move|p2a: Scizor|Bullet Punch|p1a: Zapdos\n|-resisted|p1a: Zapdos\n|-damage|p1a: Zapdos|0 fnt\n|faint|p1a: Zapdos\n|\n|upkeep\n|c|\u2606btlt007 slash|gg\n|-message|btlt007 slash forfeited.\n|\n|win|Lucians Call\n|raw|btlt007 slash's rating: 1569 &rarr; <strong>1563<\/strong><br \/>(-6 for losing)\n|raw|Lucians Call's rating: 1872 &rarr; <strong>1878<\/strong><br \/>(+6 for winning)\n|l|\u2606btlt007 slash\n|c|\u2606Lucians Call|+6 is agency\n|c|\u2606Lucians Call|for all that\n|l| BTLT007 salamence\n","uploadtime":1667233583,"views":14,"p1id":"btlt007slash","p2id":"lucianscall","formatid":"gen7ou","rating":1563,"private":0,"password":null}