{"id":"gen7ubers-1496414424","p1":"Skyashesnub","p2":"cows123p","format":"gen7ubers","log":"|j|\u2606Skyashesnub\n|j|\u2606cows123p\n|t:|1642873657\n|gametype|singles\n|player|p1|Skyashesnub|265|\n|player|p2|cows123p|twins-gen4dp|\n|teamsize|p1|6\n|teamsize|p2|6\n|gen|7\n|tier|[Gen 7] Ubers\n|rule|Sleep Clause Mod: Limit one foe put to sleep\n|rule|Species Clause: Limit one of each Pok\u00e9mon\n|rule|OHKO Clause: OHKO moves are banned\n|rule|Moody Clause: Moody is banned\n|rule|Evasion Moves Clause: Evasion moves are banned\n|rule|Endless Battle Clause: Forcing endless battles is banned\n|rule|HP Percentage Mod: HP is shown in percentages\n|rule|Mega Rayquaza Clause: You cannot mega evolve Rayquaza\n|clearpoke\n|poke|p1|Deoxys-Attack|item\n|poke|p1|Dugtrio, M|item\n|poke|p1|Zapdos|item\n|poke|p1|Clefable, M|item\n|poke|p1|Aegislash, F|item\n|poke|p1|Keldeo|item\n|poke|p2|Deoxys-Attack|item\n|poke|p2|Xerneas|item\n|poke|p2|Zygarde|item\n|poke|p2|Yveltal|item\n|poke|p2|Scizor, F|item\n|poke|p2|Chansey, F|item\n|teampreview\n|j| brunosantos107\n|j| caloppubr\n|j| lightskin avenger\n|j| BrazilianDog\n|j| whotherzao do ppo\n|c| lightskin avenger|omgggg Cows~!\n|c| lightskin avenger|U can do it~!\n|c| BrazilianDog|no\n|j| Champfernape\n|c| brunosantos107|esse ai \u00e9 pve fudido rlx\n|j| CatPen\n|\n|t:|1642873714\n|start\n|switch|p1a: Deoxys|Deoxys-Attack|100\/100\n|switch|p2a: Deoxys|Deoxys-Attack, shiny|100\/100\n|-ability|p1a: Deoxys|Pressure\n|-ability|p2a: Deoxys|Pressure\n|turn|1\n|c| lightskin avenger|Ohhhh\n|\n|t:|1642873735\n|switch|p1a: Aegislash|Aegislash, F|100\/100\n|move|p2a: Deoxys|Knock Off|p1a: Aegislash\n|-supereffective|p1a: Aegislash\n|-damage|p1a: Aegislash|49\/100\n|-enditem|p1a: Aegislash|Leftovers|[from] move: Knock Off|[of] p2a: Deoxys\n|\n|upkeep\n|turn|2\n|j| Ks_Uzumaki\n|c| BrazilianDog|amg kkk aq \u00e9 showdown n precisa entrar de lead n kkkkkkk\n|c| lightskin avenger|kkkkk\n|\n|t:|1642873753\n|switch|p2a: Yveltal|Yveltal, shiny|100\/100\n|-ability|p2a: Yveltal|Dark Aura\n|move|p1a: Aegislash|Toxic|p2a: Yveltal|[miss]\n|-miss|p1a: Aegislash|p2a: Yveltal\n|\n|upkeep\n|turn|3\n|c| brunosantos107|kkkkkkkkkkk\n|c| BrazilianDog|kkkkkkk\n|c| BrazilianDog|omg\n|j| LuizgamerXD\n|c| brunosantos107|so lucky\n|c| lightskin avenger|L\n|c| lightskin avenger|easiest dodge\n|j| krabbie\n|\n|t:|1642873797\n|switch|p1a: Clefable|Clefable, M|100\/100\n|move|p2a: Yveltal|Oblivion Wing|p1a: Clefable\n|-crit|p1a: Clefable\n|-damage|p1a: Clefable|15\/100\n|-damage|p2a: Yveltal|91\/100|[from] item: Life Orb\n|\n|-heal|p1a: Clefable|22\/100|[from] item: Leftovers\n|upkeep\n|turn|4\n|c| CatPen|skill\n|c| LuizgamerXD|krlh\n|c|\u2606cows123p|that was 2hko\n|c|\u2606cows123p|regardless\n|c| brunosantos107|so luck\n|j| bestpng\n|\n|t:|1642873821\n|move|p2a: Yveltal|Dark Pulse|p1a: Clefable\n|-resisted|p1a: Clefable\n|-damage|p1a: Clefable|0 fnt\n|faint|p1a: Clefable\n|-damage|p2a: Yveltal|81\/100|[from] item: Life Orb\n|\n|upkeep\n|c| brunosantos107|fudido\n|\n|t:|1642873828\n|switch|p1a: Keldeo|Keldeo|100\/100\n|turn|5\n|c| lightskin avenger|L\n|c| lightskin avenger|L\n|c| lightskin avenger|L\n|c| CatPen|what team is cows on\n|\n|t:|1642873848\n|move|p1a: Keldeo|Hydro Pump|p2a: Yveltal|[miss]\n|-miss|p1a: Keldeo|p2a: Yveltal\n|move|p2a: Yveltal|Oblivion Wing|p1a: Keldeo\n|-supereffective|p1a: Keldeo\n|-damage|p1a: Keldeo|0 fnt\n|-heal|p2a: Yveltal|100\/100|[from] drain|[of] p1a: Keldeo\n|faint|p1a: Keldeo\n|-damage|p2a: Yveltal|91\/100|[from] item: Life Orb\n|\n|upkeep\n|c| BrazilianDog|ok\n|c| lightskin avenger|whatever my team is called\n|c| CatPen|o\n|c|\u2606cows123p|im really sorry bro\n|c| lightskin avenger|ratio\n|j| legendtayab\n|c| legendtayab|pew pew\n|\n|t:|1642873876\n|switch|p1a: Dugtrio|Dugtrio, M|100\/100\n|turn|6\n|c| lightskin avenger|that might not have even killed\n|\n|t:|1642873881\n|move|p1a: Dugtrio|Screech|p2a: Yveltal\n|-unboost|p2a: Yveltal|def|2\n|move|p2a: Yveltal|Oblivion Wing|p1a: Dugtrio\n|-enditem|p1a: Dugtrio|Focus Sash\n|-damage|p1a: Dugtrio|1\/100\n|-heal|p2a: Yveltal|100\/100|[from] drain|[of] p1a: Dugtrio\n|-damage|p2a: Yveltal|91\/100|[from] item: Life Orb\n|\n|upkeep\n|turn|7\n|\n|t:|1642873894\n|move|p2a: Yveltal|Sucker Punch||[still]\n|-fail|p2a: Yveltal\n|move|p1a: Dugtrio|Substitute|p1a: Dugtrio\n|-fail|p1a: Dugtrio|move: Substitute|[weak]\n|\n|upkeep\n|turn|8\n|c| lightskin avenger|.\/\n|\n|t:|1642873904\n|move|p1a: Dugtrio|Screech|p2a: Yveltal\n|-unboost|p2a: Yveltal|def|2\n|move|p2a: Yveltal|Oblivion Wing|p1a: Dugtrio\n|-damage|p1a: Dugtrio|0 fnt\n|-heal|p2a: Yveltal|91\/100|[from] drain|[of] p1a: Dugtrio\n|faint|p1a: Dugtrio\n|-damage|p2a: Yveltal|81\/100|[from] item: Life Orb\n|\n|upkeep\n|c| CatPen|cows is an animal\n|j| l0stmem0ries\n|c| brunosantos107|pedir desculpa dps de roubar ele nao \u00e9 suficiente gringo fudido, acho q se tem q dar uma mamada nele\n|c| lightskin avenger|bro\n|c| lightskin avenger|how is yvel doing all of this\n|\n|t:|1642873919\n|switch|p1a: Deoxys|Deoxys-Attack|100\/100\n|-ability|p1a: Deoxys|Pressure\n|turn|9\n|\n|t:|1642873924\n|switch|p2a: Scizor|Scizor, F, shiny|100\/100\n|move|p1a: Deoxys|Extreme Speed|p2a: Scizor\n|-resisted|p2a: Scizor\n|-damage|p2a: Scizor|81\/100\n|\n|-heal|p2a: Scizor|87\/100|[from] item: Leftovers\n|upkeep\n|turn|10\n|c| CatPen|your team actin like it isnt stacked\n|\n|t:|1642873939\n|move|p1a: Deoxys|Fire Punch|p2a: Scizor\n|-supereffective|p2a: Scizor\n|-damage|p2a: Scizor|0 fnt\n|faint|p2a: Scizor\n|\n|upkeep\n|j| Jojo8868\n|\n|t:|1642873944\n|switch|p2a: Deoxys|Deoxys-Attack, shiny|100\/100\n|-ability|p2a: Deoxys|Pressure\n|turn|11\n|c| lightskin avenger|jojo siwa\n|\n|t:|1642873956\n|move|p1a: Deoxys|Extreme Speed|p2a: Deoxys\n|-enditem|p2a: Deoxys|Focus Sash\n|-damage|p2a: Deoxys|1\/100\n|move|p2a: Deoxys|Knock Off|p1a: Deoxys\n|-supereffective|p1a: Deoxys\n|-enditem|p1a: Deoxys|Focus Sash\n|-damage|p1a: Deoxys|1\/100\n|\n|upkeep\n|turn|12\n|\n|t:|1642873965\n|move|p1a: Deoxys|Extreme Speed|p2a: Deoxys\n|-damage|p2a: Deoxys|0 fnt\n|faint|p2a: Deoxys\n|\n|upkeep\n|l| CatPen\n|\n|t:|1642873971\n|switch|p2a: Chansey|Chansey, F, shiny|100\/100\n|turn|13\n|j| CatPen\n|\n|t:|1642873978\n|move|p1a: Deoxys|Superpower|p2a: Chansey\n|-supereffective|p2a: Chansey\n|-damage|p2a: Chansey|27\/100\n|-unboost|p1a: Deoxys|atk|1\n|-unboost|p1a: Deoxys|def|1\n|move|p2a: Chansey|Seismic Toss|p1a: Deoxys\n|-damage|p1a: Deoxys|0 fnt\n|faint|p1a: Deoxys\n|\n|upkeep\n|\n|t:|1642873995\n|switch|p1a: Aegislash|Aegislash, F|49\/100\n|turn|14\n|\n|t:|1642874000\n|switch|p2a: Yveltal|Yveltal, shiny|81\/100\n|-ability|p2a: Yveltal|Dark Aura\n|move|p1a: Aegislash|Toxic|p2a: Yveltal\n|-status|p2a: Yveltal|tox\n|\n|-damage|p2a: Yveltal|75\/100 tox|[from] psn\n|upkeep\n|turn|15\n|\n|t:|1642874021\n|move|p2a: Yveltal|Dark Pulse|p1a: Aegislash\n|-supereffective|p1a: Aegislash\n|-damage|p1a: Aegislash|0 fnt\n|faint|p1a: Aegislash\n|-damage|p2a: Yveltal|65\/100 tox|[from] item: Life Orb\n|\n|-damage|p2a: Yveltal|53\/100 tox|[from] psn\n|upkeep\n|\n|t:|1642874027\n|switch|p1a: Zapdos|Zapdos|100\/100\n|turn|16\n|\n|t:|1642874032\n|move|p2a: Yveltal|Dark Pulse|p1a: Zapdos\n|-damage|p1a: Zapdos|29\/100\n|-damage|p2a: Yveltal|43\/100 tox|[from] item: Life Orb\n|move|p1a: Zapdos|Hidden Power|p2a: Yveltal\n|-supereffective|p2a: Yveltal\n|-damage|p2a: Yveltal|7\/100 tox\n|\n|-heal|p1a: Zapdos|35\/100|[from] item: Leftovers\n|-damage|p2a: Yveltal|0 fnt|[from] psn\n|faint|p2a: Yveltal\n|upkeep\n|c| brunosantos107|ladrao\n|c| brunosantos107|filho da putaaa\n|\n|t:|1642874044\n|switch|p2a: Xerneas|Xerneas, shiny|100\/100\n|-ability|p2a: Xerneas|Fairy Aura\n|turn|17\n|c|\u2606Skyashesnub|gg...\n|c| Jojo8868|so good\n|\n|t:|1642874049\n|move|p2a: Xerneas|Moonblast|p1a: Zapdos\n|-damage|p1a: Zapdos|0 fnt\n|faint|p1a: Zapdos\n|\n|win|cows123p\n|c|\u2606cows123p|gg\n|l| Jojo8868\n|l| CatPen\n|j| c0000000l323\n|l| l0stmem0ries\n","uploadtime":1642874064,"views":65,"p1id":"skyashesnub","p2id":"cows123p","formatid":"gen7ubers","rating":0,"private":0,"password":null}