{"id":"gen7ou-823601750","p1":"BigL91","p2":"BanDisnDatnMe","format":"gen7ou","log":"|j|\u2606BigL91\n|j|\u2606BanDisnDatnMe\n|player|p1|BigL91|135\n|player|p2|BanDisnDatnMe|158\n|teamsize|p1|6\n|teamsize|p2|6\n|gametype|singles\n|gen|7\n|tier|[Gen 7] OU\n|rated|\n|rule|Sleep Clause Mod: Limit one foe put to sleep\n|rule|Species Clause: Limit one of each Pok\u00e9mon\n|rule|OHKO Clause: OHKO moves are banned\n|rule|Moody Clause: Moody is banned\n|rule|Evasion Moves Clause: Evasion moves are banned\n|rule|Endless Battle Clause: Forcing endless battles is banned\n|rule|HP Percentage Mod: HP is shown in percentages\n|clearpoke\n|poke|p1|Kyurem-Black|item\n|poke|p1|Tapu Koko|item\n|poke|p1|Landorus-Therian, M|item\n|poke|p1|Heatran, M|item\n|poke|p1|Scizor, M|item\n|poke|p1|Chansey, F|item\n|poke|p2|Staraptor, F|item\n|poke|p2|Tapu Koko|item\n|poke|p2|Accelgor, M|item\n|poke|p2|Espeon, M|item\n|poke|p2|Victini|item\n|poke|p2|Krookodile, F|item\n|teampreview\n|\n|start\n|switch|p1a: Landorus|Landorus-Therian, M|100\/100\n|switch|p2a: Victini|Victini|100\/100\n|-ability|p1a: Landorus|Intimidate|boost\n|-unboost|p2a: Victini|atk|1\n|turn|1\n|\n|move|p2a: Victini|Final Gambit|p1a: Landorus\n|-damage|p1a: Landorus|0 fnt\n|faint|p2a: Victini\n|faint|p1a: Landorus\n|\n|upkeep\n|\n|switch|p2a: Staraptor|Staraptor, F|100\/100\n|switch|p1a: Kyurem|Kyurem-Black|100\/100\n|-ability|p2a: Staraptor|Intimidate|boost\n|-unboost|p1a: Kyurem|atk|1\n|-ability|p1a: Kyurem|Teravolt\n|turn|2\n|\n|switch|p1a: Tapu Koko|Tapu Koko|100\/100\n|-fieldstart|move: Electric Terrain|[from] ability: Electric Surge|[of] p1a: Tapu Koko\n|move|p2a: Staraptor|Final Gambit|p1a: Tapu Koko\n|-damage|p1a: Tapu Koko|0 fnt\n|faint|p2a: Staraptor\n|faint|p1a: Tapu Koko\n|\n|upkeep\n|\n|switch|p1a: Kyurem|Kyurem-Black|100\/100\n|switch|p2a: Accelgor|Accelgor, M|100\/100\n|-ability|p1a: Kyurem|Teravolt\n|turn|3\n|\n|switch|p1a: Heatran|Heatran, M|100\/100\n|move|p2a: Accelgor|Final Gambit|p1a: Heatran\n|-damage|p1a: Heatran|6\/100\n|faint|p2a: Accelgor\n|\n|-heal|p1a: Heatran|12\/100|[from] item: Leftovers\n|upkeep\n|\n|switch|p2a: Tapu Koko|Tapu Koko|100\/100\n|turn|4\n|\n|switch|p1a: Chansey|Chansey, F|100\/100\n|move|p2a: Tapu Koko|Light Screen|p2a: Tapu Koko\n|-sidestart|p2: BanDisnDatnMe|move: Light Screen\n|\n|upkeep\n|turn|5\n|\n|move|p2a: Tapu Koko|Taunt|p1a: Chansey\n|-start|p1a: Chansey|move: Taunt\n|move|p1a: Chansey|Seismic Toss|p2a: Tapu Koko\n|-damage|p2a: Tapu Koko|71\/100\n|\n|upkeep\n|turn|6\n|\n|move|p2a: Tapu Koko|Reflect|p2a: Tapu Koko\n|-sidestart|p2: BanDisnDatnMe|Reflect\n|move|p1a: Chansey|Seismic Toss|p2a: Tapu Koko\n|-damage|p2a: Tapu Koko|42\/100\n|\n|-fieldend|move: Electric Terrain\n|upkeep\n|turn|7\n|\n|switch|p2a: Krookodile|Krookodile, F|100\/100\n|move|p1a: Chansey|Seismic Toss|p2a: Krookodile\n|-damage|p2a: Krookodile|75\/100\n|\n|-end|p1a: Chansey|move: Taunt\n|upkeep\n|turn|8\n|\n|move|p2a: Krookodile|Substitute|p2a: Krookodile\n|-start|p2a: Krookodile|Substitute\n|-damage|p2a: Krookodile|50\/100\n|move|p1a: Chansey|Stealth Rock|p2a: Krookodile\n|-sidestart|p2: BanDisnDatnMe|move: Stealth Rock\n|\n|upkeep\n|turn|9\n|\n|move|p2a: Krookodile|Bulk Up|p2a: Krookodile\n|-boost|p2a: Krookodile|atk|1\n|-boost|p2a: Krookodile|def|1\n|move|p1a: Chansey|Seismic Toss|p2a: Krookodile\n|-end|p2a: Krookodile|Substitute\n|\n|upkeep\n|turn|10\n|\n|move|p2a: Krookodile|Bulk Up|p2a: Krookodile\n|-boost|p2a: Krookodile|atk|1\n|-boost|p2a: Krookodile|def|1\n|move|p1a: Chansey|Seismic Toss|p2a: Krookodile\n|-damage|p2a: Krookodile|25\/100\n|\n|upkeep\n|turn|11\n|\n|move|p2a: Krookodile|Power Trip|p1a: Chansey\n|-damage|p1a: Chansey|48\/100\n|move|p1a: Chansey|Seismic Toss|p2a: Krookodile\n|-damage|p2a: Krookodile|0 fnt\n|faint|p2a: Krookodile\n|\n|-sideend|p2: BanDisnDatnMe|move: Light Screen\n|upkeep\n|\n|switch|p2a: Tapu Koko|Tapu Koko|42\/100\n|-damage|p2a: Tapu Koko|30\/100|[from] Stealth Rock\n|-fieldstart|move: Electric Terrain|[from] ability: Electric Surge|[of] p2a: Tapu Koko\n|turn|12\n|\n|move|p2a: Tapu Koko|Light Screen|p2a: Tapu Koko\n|-sidestart|p2: BanDisnDatnMe|move: Light Screen\n|move|p1a: Chansey|Soft-Boiled|p1a: Chansey\n|-heal|p1a: Chansey|98\/100\n|\n|upkeep\n|turn|13\n|\n|move|p2a: Tapu Koko|Taunt|p1a: Chansey\n|-start|p1a: Chansey|move: Taunt\n|move|p1a: Chansey|Seismic Toss|p2a: Tapu Koko\n|-damage|p2a: Tapu Koko|1\/100\n|\n|-sideend|p2: BanDisnDatnMe|Reflect\n|upkeep\n|turn|14\n|\n|move|p2a: Tapu Koko|Reflect|p2a: Tapu Koko\n|-sidestart|p2: BanDisnDatnMe|Reflect\n|move|p1a: Chansey|Seismic Toss|p2a: Tapu Koko\n|-damage|p2a: Tapu Koko|0 fnt\n|faint|p2a: Tapu Koko\n|\n|upkeep\n|\n|switch|p2a: Espeon|Espeon, M|100\/100\n|-enditem|p2a: Espeon|Electric Seed\n|-boost|p2a: Espeon|def|1\n|-damage|p2a: Espeon|88\/100|[from] Stealth Rock\n|turn|15\n|\n|move|p2a: Espeon|Calm Mind|p2a: Espeon\n|-boost|p2a: Espeon|spa|1\n|-boost|p2a: Espeon|spd|1\n|move|p1a: Chansey|Seismic Toss|p2a: Espeon\n|-damage|p2a: Espeon|58\/100\n|\n|-end|p1a: Chansey|move: Taunt\n|upkeep\n|turn|16\n|\n|move|p2a: Espeon|Calm Mind|p2a: Espeon\n|-boost|p2a: Espeon|spa|1\n|-boost|p2a: Espeon|spd|1\n|move|p1a: Chansey|Seismic Toss|p2a: Espeon\n|-damage|p2a: Espeon|28\/100\n|\n|-fieldend|move: Electric Terrain\n|upkeep\n|turn|17\n|\n|move|p2a: Espeon|Morning Sun|p2a: Espeon\n|-heal|p2a: Espeon|78\/100\n|move|p1a: Chansey|Seismic Toss|p2a: Espeon\n|-damage|p2a: Espeon|48\/100\n|\n|upkeep\n|turn|18\n|\n|move|p2a: Espeon|Calm Mind|p2a: Espeon\n|-boost|p2a: Espeon|spa|1\n|-boost|p2a: Espeon|spd|1\n|move|p1a: Chansey|Seismic Toss|p2a: Espeon\n|-damage|p2a: Espeon|18\/100\n|\n|upkeep\n|turn|19\n|\n|move|p2a: Espeon|Morning Sun|p2a: Espeon\n|-heal|p2a: Espeon|68\/100\n|move|p1a: Chansey|Seismic Toss|p2a: Espeon\n|-damage|p2a: Espeon|39\/100\n|\n|-sideend|p2: BanDisnDatnMe|move: Light Screen\n|upkeep\n|turn|20\n|\n|move|p2a: Espeon|Morning Sun|p2a: Espeon\n|-heal|p2a: Espeon|89\/100\n|move|p1a: Chansey|Seismic Toss|p2a: Espeon\n|-damage|p2a: Espeon|59\/100\n|\n|upkeep\n|turn|21\n|\n|move|p2a: Espeon|Calm Mind|p2a: Espeon\n|-boost|p2a: Espeon|spa|1\n|-boost|p2a: Espeon|spd|1\n|move|p1a: Chansey|Seismic Toss|p2a: Espeon\n|-damage|p2a: Espeon|29\/100\n|\n|-sideend|p2: BanDisnDatnMe|Reflect\n|upkeep\n|turn|22\n|\n|move|p2a: Espeon|Morning Sun|p2a: Espeon\n|-heal|p2a: Espeon|79\/100\n|move|p1a: Chansey|Seismic Toss|p2a: Espeon\n|-damage|p2a: Espeon|49\/100\n|\n|upkeep\n|turn|23\n|\n|move|p2a: Espeon|Calm Mind|p2a: Espeon\n|-boost|p2a: Espeon|spa|1\n|-boost|p2a: Espeon|spd|1\n|move|p1a: Chansey|Seismic Toss|p2a: Espeon\n|-damage|p2a: Espeon|19\/100\n|\n|upkeep\n|turn|24\n|\n|move|p2a: Espeon|Morning Sun|p2a: Espeon\n|-heal|p2a: Espeon|69\/100\n|move|p1a: Chansey|Seismic Toss|p2a: Espeon\n|-damage|p2a: Espeon|39\/100\n|\n|upkeep\n|turn|25\n|\n|move|p2a: Espeon|Morning Sun|p2a: Espeon\n|-heal|p2a: Espeon|89\/100\n|move|p1a: Chansey|Seismic Toss|p2a: Espeon\n|-damage|p2a: Espeon|59\/100\n|\n|upkeep\n|turn|26\n|\n|move|p2a: Espeon|Calm Mind|p2a: Espeon\n|-boost|p2a: Espeon|spa|1\n|-boost|p2a: Espeon|spd|1\n|move|p1a: Chansey|Seismic Toss|p2a: Espeon\n|-damage|p2a: Espeon|29\/100\n|\n|upkeep\n|turn|27\n|\n|move|p2a: Espeon|Morning Sun|p2a: Espeon\n|-heal|p2a: Espeon|79\/100\n|move|p1a: Chansey|Seismic Toss|p2a: Espeon\n|-damage|p2a: Espeon|49\/100\n|\n|upkeep\n|turn|28\n|\n|move|p2a: Espeon|Morning Sun|p2a: Espeon\n|-heal|p2a: Espeon|99\/100\n|move|p1a: Chansey|Seismic Toss|p2a: Espeon\n|-damage|p2a: Espeon|69\/100\n|\n|upkeep\n|turn|29\n|\n|move|p2a: Espeon|Stored Power|p1a: Chansey\n|-damage|p1a: Chansey|0 fnt\n|faint|p1a: Chansey\n|\n|upkeep\n|\n|switch|p1a: Scizor|Scizor, M|100\/100\n|turn|30\n|\n|detailschange|p1a: Scizor|Scizor-Mega, M\n|-mega|p1a: Scizor|Scizor|Scizorite\n|move|p1a: Scizor|Bullet Punch|p2a: Espeon\n|-damage|p2a: Espeon|49\/100\n|move|p2a: Espeon|Stored Power|p1a: Scizor\n|-resisted|p1a: Scizor\n|-damage|p1a: Scizor|0 fnt\n|faint|p1a: Scizor\n|\n|upkeep\n|\n|switch|p1a: Heatran|Heatran, M|12\/100\n|turn|31\n|\n|move|p1a: Heatran|Magma Storm|p2a: Espeon\n|-damage|p2a: Espeon|37\/100\n|-activate|p2a: Espeon|move: Magma Storm|[of] p1a: Heatran\n|move|p2a: Espeon|Stored Power|p1a: Heatran\n|-resisted|p1a: Heatran\n|-damage|p1a: Heatran|0 fnt\n|faint|p1a: Heatran\n|\n|upkeep\n|\n|switch|p1a: Kyurem|Kyurem-Black|100\/100\n|-ability|p1a: Kyurem|Teravolt\n|turn|32\n|\n|move|p1a: Kyurem|Fusion Bolt|p2a: Espeon\n|-damage|p2a: Espeon|6\/100\n|-damage|p1a: Kyurem|91\/100|[from] item: Life Orb\n|move|p2a: Espeon|Stored Power|p1a: Kyurem\n|-damage|p1a: Kyurem|0 fnt\n|faint|p1a: Kyurem\n|\n|win|BanDisnDatnMe\n|l|\u2606BigL91\n|raw|BigL91's rating: 1580 &rarr; <strong>1564<\/strong><br \/>(-16 for losing)\n|raw|BanDisnDatnMe's rating: 1642 &rarr; <strong>1659<\/strong><br \/>(+17 for winning)\n","uploadtime":1540150610,"views":38,"p1id":"bigl91","p2id":"bandisndatnme","formatid":"gen7ou","rating":1564,"private":0,"password":null}