{"id":"gen7ou-1697820252","p1":"AngelitoTCB","p2":"bizarman","format":"gen7ou","log":"|j|\u2606AngelitoTCB\n|j|\u2606bizarman\n|t:|1667047904\n|gametype|singles\n|player|p1|AngelitoTCB|hilbert-wonderlauncher|1482\n|player|p2|bizarman|scientist-gen4|1429\n|teamsize|p1|6\n|teamsize|p2|6\n|gen|7\n|tier|[Gen 7] OU\n|rated|\n|rule|Sleep Clause Mod: Limit one foe put to sleep\n|rule|Species Clause: Limit one of each Pok\u00e9mon\n|rule|OHKO Clause: OHKO moves are banned\n|rule|Moody Clause: Moody is banned\n|rule|Evasion Items Clause: Evasion items are banned\n|rule|Evasion Moves Clause: Evasion moves are banned\n|rule|Endless Battle Clause: Forcing endless battles is banned\n|rule|HP Percentage Mod: HP is shown in percentages\n|clearpoke\n|poke|p1|Tornadus-Therian, M|item\n|poke|p1|Victini|item\n|poke|p1|Garchomp, M|item\n|poke|p1|Tangrowth, M|item\n|poke|p1|Mawile, F|item\n|poke|p1|Greninja, M|item\n|poke|p2|Medicham, F|item\n|poke|p2|Greninja, M|item\n|poke|p2|Tornadus-Therian, M|item\n|poke|p2|Landorus-Therian, M|item\n|poke|p2|Magearna|item\n|poke|p2|Heatran, M|item\n|teampreview\n|inactive|Battle timer is ON: inactive players will automatically lose when time's up. (requested by AngelitoTCB)\n|\n|t:|1667047908\n|start\n|switch|p1a: Tornadus|Tornadus-Therian, M|100\/100\n|switch|p2a: Medicham|Medicham, F|100\/100\n|turn|1\n|\n|t:|1667047913\n|detailschange|p2a: Medicham|Medicham-Mega, F\n|-mega|p2a: Medicham|Medicham|Medichamite\n|move|p2a: Medicham|Fake Out|p1a: Tornadus\n|-damage|p1a: Tornadus|75\/100\n|cant|p1a: Tornadus|flinch\n|\n|upkeep\n|turn|2\n|\n|t:|1667047919\n|switch|p2a: Heatran|Heatran, M|100\/100\n|-zpower|p1a: Tornadus\n|move|p1a: Tornadus|Supersonic Skystrike|p2a: Heatran|[zeffect]\n|-resisted|p2a: Heatran\n|-damage|p2a: Heatran|63\/100\n|\n|upkeep\n|turn|3\n|\n|t:|1667047927\n|move|p1a: Tornadus|Taunt|p2a: Heatran\n|-start|p2a: Heatran|move: Taunt\n|cant|p2a: Heatran|move: Taunt|Toxic\n|\n|upkeep\n|turn|4\n|\n|t:|1667047935\n|move|p1a: Tornadus|U-turn|p2a: Heatran\n|-resisted|p2a: Heatran\n|-damage|p2a: Heatran|59\/100\n|\n|t:|1667047937\n|switch|p1a: Garchomp|Garchomp, M|100\/100|[from]move: U-turn\n|move|p2a: Heatran|Magma Storm|p1a: Garchomp\n|-resisted|p1a: Garchomp\n|-damage|p1a: Garchomp|73\/100\n|-activate|p1a: Garchomp|move: Magma Storm|[of] p2a: Heatran\n|\n|-damage|p1a: Garchomp|60\/100|[from] move: Magma Storm|[partiallytrapped]\n|upkeep\n|turn|5\n|\n|t:|1667047946\n|switch|p2a: Landorus|Landorus-Therian, M|100\/100\n|-ability|p2a: Landorus|Intimidate|boost\n|-unboost|p1a: Garchomp|atk|1\n|move|p1a: Garchomp|Dragon Tail|p2a: Landorus\n|-damage|p2a: Landorus|88\/100\n|drag|p2a: Greninja|Greninja, M|100\/100\n|\n|-end|p1a: Garchomp|Magma Storm|[partiallytrapped]|[silent]\n|upkeep\n|turn|6\n|\n|t:|1667047954\n|move|p1a: Garchomp|Protect|p1a: Garchomp\n|-singleturn|p1a: Garchomp|Protect\n|move|p2a: Greninja|Hydro Pump|p1a: Garchomp\n|-activate|p1a: Garchomp|move: Protect\n|\n|upkeep\n|turn|7\n|\n|t:|1667047960\n|switch|p2a: Landorus|Landorus-Therian, M|88\/100\n|-ability|p2a: Landorus|Intimidate|boost\n|-unboost|p1a: Garchomp|atk|1\n|switch|p1a: Tangrowth|Tangrowth, M, shiny|100\/100\n|\n|-heal|p2a: Landorus|94\/100|[from] item: Leftovers\n|upkeep\n|turn|8\n|\n|t:|1667047970\n|move|p2a: Landorus|Stealth Rock|p1a: Tangrowth\n|-sidestart|p1: AngelitoTCB|move: Stealth Rock\n|move|p1a: Tangrowth|Knock Off|p2a: Landorus\n|-damage|p2a: Landorus|79\/100\n|-enditem|p2a: Landorus|Leftovers|[from] move: Knock Off|[of] p1a: Tangrowth\n|\n|upkeep\n|turn|9\n|\n|t:|1667047977\n|switch|p1a: Tornadus|Tornadus-Therian, M|100\/100\n|-damage|p1a: Tornadus|76\/100|[from] Stealth Rock\n|move|p2a: Landorus|U-turn|p1a: Tornadus\n|-resisted|p1a: Tornadus\n|-damage|p1a: Tornadus|64\/100\n|\n|t:|1667047984\n|switch|p2a: Heatran|Heatran, M|59\/100|[from]move: U-turn\n|\n|upkeep\n|turn|10\n|\n|t:|1667047991\n|move|p1a: Tornadus|Defog|p2a: Heatran\n|-unboost|p2a: Heatran|evasion|1\n|-sideend|p1: AngelitoTCB|Stealth Rock|[from] move: Defog|[of] p1a: Tornadus\n|-zpower|p2a: Heatran\n|move|p2a: Heatran|Inferno Overdrive|p1a: Tornadus|[zeffect]\n|-damage|p1a: Tornadus|0 fnt\n|faint|p1a: Tornadus\n|\n|upkeep\n|\n|t:|1667048000\n|switch|p1a: Greninja|Greninja, M|100\/100\n|turn|11\n|\n|t:|1667048003\n|switch|p2a: Magearna|Magearna|100\/100\n|move|p1a: Greninja|Hydro Pump|p2a: Magearna\n|-damage|p2a: Magearna|77\/100\n|-damage|p1a: Greninja|91\/100|[from] item: Life Orb\n|\n|upkeep\n|turn|12\n|\n|t:|1667048011\n|switch|p1a: Victini|Victini|100\/100\n|move|p2a: Magearna|Volt Switch|p1a: Victini\n|-damage|p1a: Victini|84\/100\n|\n|t:|1667048016\n|switch|p2a: Landorus|Landorus-Therian, M|79\/100|[from]move: Volt Switch\n|-ability|p2a: Landorus|Intimidate|boost\n|-unboost|p1a: Victini|atk|1\n|\n|upkeep\n|turn|13\n|\n|t:|1667048022\n|move|p1a: Victini|U-turn|p2a: Landorus\n|-resisted|p2a: Landorus\n|-damage|p2a: Landorus|74\/100\n|\n|t:|1667048024\n|switch|p1a: Garchomp|Garchomp, M|60\/100|[from]move: U-turn\n|move|p2a: Landorus|Stealth Rock|p1a: Garchomp\n|-sidestart|p1: AngelitoTCB|move: Stealth Rock\n|\n|upkeep\n|turn|14\n|\n|t:|1667048029\n|move|p1a: Garchomp|Stealth Rock|p2a: Landorus\n|-sidestart|p2: bizarman|move: Stealth Rock\n|move|p2a: Landorus|Hidden Power|p1a: Garchomp\n|-supereffective|p1a: Garchomp\n|-damage|p1a: Garchomp|11\/100\n|\n|upkeep\n|turn|15\n|\n|t:|1667048036\n|switch|p1a: Victini|Victini|84\/100\n|-damage|p1a: Victini|59\/100|[from] Stealth Rock\n|move|p2a: Landorus|U-turn|p1a: Victini\n|-damage|p1a: Victini|42\/100\n|\n|t:|1667048044\n|switch|p2a: Medicham|Medicham-Mega, F|100\/100|[from]move: U-turn\n|-damage|p2a: Medicham|94\/100|[from] Stealth Rock\n|\n|upkeep\n|turn|16\n|\n|t:|1667048049\n|move|p2a: Medicham|Fake Out|p1a: Victini\n|-damage|p1a: Victini|22\/100\n|cant|p1a: Victini|flinch\n|\n|upkeep\n|turn|17\n|\n|t:|1667048056\n|switch|p2a: Landorus|Landorus-Therian, M|74\/100\n|-damage|p2a: Landorus|62\/100|[from] Stealth Rock\n|-ability|p2a: Landorus|Intimidate|boost\n|-unboost|p1a: Victini|atk|1\n|move|p1a: Victini|Zen Headbutt|p2a: Landorus\n|-damage|p2a: Landorus|46\/100\n|\n|upkeep\n|turn|18\n|\n|t:|1667048065\n|switch|p1a: Garchomp|Garchomp, M|11\/100\n|-damage|p1a: Garchomp|5\/100|[from] Stealth Rock\n|move|p2a: Landorus|U-turn|p1a: Garchomp\n|-damage|p1a: Garchomp|0 fnt\n|-damage|p2a: Landorus|33\/100|[from] ability: Rough Skin|[of] p1a: Garchomp\n|-damage|p2a: Landorus|17\/100|[from] item: Rocky Helmet|[of] p1a: Garchomp\n|faint|p1a: Garchomp\n|\n|t:|1667048079\n|switch|p2a: Medicham|Medicham-Mega, F|94\/100|[from]move: U-turn\n|-damage|p2a: Medicham|88\/100|[from] Stealth Rock\n|\n|upkeep\n|\n|t:|1667048083\n|switch|p1a: May|Mawile, F|100\/100\n|-damage|p1a: May|95\/100|[from] Stealth Rock\n|-ability|p1a: May|Intimidate|boost\n|-unboost|p2a: Medicham|atk|1\n|turn|19\n|\n|t:|1667048088\n|detailschange|p1a: May|Mawile-Mega, F\n|-mega|p1a: May|Mawile|Mawilite\n|move|p2a: Medicham|Fake Out|p1a: May\n|-resisted|p1a: May\n|-damage|p1a: May|87\/100\n|cant|p1a: May|flinch\n|\n|upkeep\n|turn|20\n|\n|t:|1667048098\n|switch|p2a: Landorus|Landorus-Therian, M|17\/100\n|-damage|p2a: Landorus|4\/100|[from] Stealth Rock\n|-ability|p2a: Landorus|Intimidate|boost\n|-unboost|p1a: May|atk|1\n|move|p1a: May|Sucker Punch||[still]\n|-fail|p1a: May\n|\n|upkeep\n|turn|21\n|\n|t:|1667048115\n|move|p1a: May|Sucker Punch|p2a: Landorus\n|-damage|p2a: Landorus|0 fnt\n|faint|p2a: Landorus\n|\n|upkeep\n|\n|t:|1667048123\n|switch|p2a: Greninja|Greninja, M|100\/100\n|-damage|p2a: Greninja|88\/100|[from] Stealth Rock\n|turn|22\n|\n|t:|1667048127\n|switch|p1a: Tangrowth|Tangrowth, M, shiny|100\/100\n|-damage|p1a: Tangrowth|88\/100|[from] Stealth Rock\n|move|p2a: Greninja|Hydro Pump|p1a: Tangrowth\n|-resisted|p1a: Tangrowth\n|-damage|p1a: Tangrowth|65\/100\n|\n|upkeep\n|turn|23\n|\n|t:|1667048134\n|switch|p2a: Heatran|Heatran, M|59\/100\n|-damage|p2a: Heatran|47\/100|[from] Stealth Rock\n|switch|p1a: Greninja|Greninja, M|91\/100\n|-damage|p1a: Greninja|78\/100|[from] Stealth Rock\n|\n|upkeep\n|turn|24\n|\n|t:|1667048144\n|switch|p2a: Magearna|Magearna|77\/100\n|-damage|p2a: Magearna|70\/100|[from] Stealth Rock\n|move|p1a: Greninja|Hydro Pump|p2a: Magearna|[miss]\n|-miss|p1a: Greninja|p2a: Magearna\n|\n|upkeep\n|turn|25\n|\n|t:|1667048150\n|switch|p1a: Victini|Victini|22\/100\n|-damage|p1a: Victini|0 fnt|[from] Stealth Rock\n|faint|p1a: Victini\n|-ability|p2a: Magearna|Soul-Heart|boost\n|-boost|p2a: Magearna|spa|1\n|move|p2a: Magearna|Volt Switch|p1: Victini|[notarget]\n|-fail|p2a: Magearna\n|\n|upkeep\n|\n|t:|1667048158\n|switch|p1a: May|Mawile-Mega, F|87\/100\n|-damage|p1a: May|81\/100|[from] Stealth Rock\n|turn|26\n|\n|t:|1667048164\n|switch|p2a: Heatran|Heatran, M|47\/100\n|-damage|p2a: Heatran|35\/100|[from] Stealth Rock\n|move|p1a: May|Thunder Punch|p2a: Heatran\n|-crit|p2a: Heatran\n|-damage|p2a: Heatran|0 fnt\n|faint|p2a: Heatran\n|\n|upkeep\n|\n|t:|1667048172\n|switch|p2a: Medicham|Medicham-Mega, F|88\/100\n|-damage|p2a: Medicham|82\/100|[from] Stealth Rock\n|turn|27\n|\n|t:|1667048175\n|move|p2a: Medicham|Fake Out|p1a: May\n|-resisted|p1a: May\n|-damage|p1a: May|71\/100\n|cant|p1a: May|flinch\n|\n|upkeep\n|turn|28\n|\n|t:|1667048186\n|switch|p2a: Greninja|Greninja, M|88\/100\n|-damage|p2a: Greninja|76\/100|[from] Stealth Rock\n|move|p1a: May|Swords Dance|p1a: May\n|-boost|p1a: May|atk|2\n|\n|upkeep\n|turn|29\n|\n|t:|1667048193\n|move|p1a: May|Sucker Punch|p2a: Greninja\n|-resisted|p2a: Greninja\n|-damage|p2a: Greninja|0 fnt\n|faint|p2a: Greninja\n|\n|upkeep\n|\n|t:|1667048207\n|switch|p2a: Magearna|Magearna|70\/100\n|-damage|p2a: Magearna|64\/100|[from] Stealth Rock\n|turn|30\n|\n|t:|1667048212\n|move|p2a: Magearna|Iron Head|p1a: May\n|-crit|p1a: May\n|-damage|p1a: May|33\/100\n|move|p1a: May|Thunder Punch|p2a: Magearna\n|-damage|p2a: Magearna|0 fnt\n|faint|p2a: Magearna\n|\n|upkeep\n|\n|t:|1667048222\n|switch|p2a: Medicham|Medicham-Mega, F|82\/100\n|-damage|p2a: Medicham|76\/100|[from] Stealth Rock\n|turn|31\n|inactive|AngelitoTCB has 120 seconds left.\n|\n|t:|1667048255\n|move|p2a: Medicham|Fake Out|p1a: May\n|-resisted|p1a: May\n|-damage|p1a: May|22\/100\n|cant|p1a: May|flinch\n|\n|upkeep\n|turn|32\n|\n|t:|1667048262\n|move|p1a: May|Sucker Punch|p2a: Medicham\n|-damage|p2a: Medicham|0 fnt\n|faint|p2a: Medicham\n|\n|upkeep\n|-message|bizarman forfeited.\n|\n|win|AngelitoTCB\n|raw|AngelitoTCB's rating: 1482 &rarr; <strong>1499<\/strong><br \/>(+17 for winning)\n|raw|bizarman's rating: 1429 &rarr; <strong>1412<\/strong><br \/>(-17 for losing)\n|l|\u2606bizarman\n|l|\u2606AngelitoTCB\n|j|\u2606AngelitoTCB\n|player|p1|AngelitoTCB|hilbert-wonderlauncher\n||Ladder isn't responding, score probably updated but might not have (Request timeout).\n","uploadtime":1667048418,"views":11,"p1id":"angelitotcb","p2id":"bizarman","formatid":"gen7ou","rating":1412,"private":0,"password":null}