{"id":"gen7ou-881014565","p1":"why addicted","p2":"OPJellicent","format":"gen7ou","log":"|j|\u2606why addicted\n|j|\u2606OPJellicent\n|player|p1|why addicted|265\n|player|p2|OPJellicent|137\n|teamsize|p1|6\n|teamsize|p2|6\n|gametype|singles\n|gen|7\n|tier|[Gen 7] OU\n|rated|\n|rule|Sleep Clause Mod: Limit one foe put to sleep\n|rule|Species Clause: Limit one of each Pok\u00e9mon\n|rule|OHKO Clause: OHKO moves are banned\n|rule|Moody Clause: Moody is banned\n|rule|Evasion Moves Clause: Evasion moves are banned\n|rule|Endless Battle Clause: Forcing endless battles is banned\n|rule|HP Percentage Mod: HP is shown in percentages\n|clearpoke\n|poke|p1|Mawile, M|item\n|poke|p1|Tapu Fini|item\n|poke|p1|Greninja, M|item\n|poke|p1|Zapdos|item\n|poke|p1|Jirachi|item\n|poke|p1|Garchomp, M|item\n|poke|p2|Beedrill, F|item\n|poke|p2|Tapu Lele|item\n|poke|p2|Magnezone|item\n|poke|p2|Landorus-Therian, M|item\n|poke|p2|Magearna|item\n|poke|p2|Tapu Fini|item\n|teampreview\n|inactive|Battle timer is ON: inactive players will automatically lose when time's up. (requested by OPJellicent)\n|c|\u2606why addicted|hf\n|j| 0utro\n|\n|start\n|switch|p1a: Zapdos|Zapdos|100\/100\n|switch|p2a: Tapu Lele|Tapu Lele|100\/100\n|-fieldstart|move: Psychic Terrain|[from] ability: Psychic Surge|[of] p2a: Tapu Lele\n|turn|1\n|\n|switch|p1a: Jirachi|Jirachi|100\/100\n|move|p2a: Tapu Lele|Psychic|p1a: Jirachi\n|-resisted|p1a: Jirachi\n|-damage|p1a: Jirachi|84\/100\n|\n|upkeep\n|turn|2\n|\n|switch|p2a: Landorus|Landorus-Therian, M|100\/100\n|-ability|p2a: Landorus|Intimidate|boost\n|-unboost|p1a: Jirachi|atk|1\n|move|p1a: Jirachi|U-turn|p2a: Landorus\n|-resisted|p2a: Landorus\n|-damage|p2a: Landorus|95\/100\n|\n|switch|p1a: Zapdos|Zapdos|100\/100\n|\n|upkeep\n|turn|3\n|\n|switch|p2a: Magnezone|Magnezone|100\/100\n|move|p1a: Zapdos|Hidden Power|p2a: Magnezone\n|-resisted|p2a: Magnezone\n|-damage|p2a: Magnezone|89\/100\n|\n|upkeep\n|turn|4\n|j| igomyownway\n|\n|move|p1a: Zapdos|Volt Switch|p2a: Magnezone\n|-resisted|p2a: Magnezone\n|-damage|p2a: Magnezone|70\/100\n|\n|switch|p1a: Jirachi|Jirachi|84\/100\n|move|p2a: Magnezone|Volt Switch|p1a: Jirachi\n|-damage|p1a: Jirachi|29\/100\n|\n|switch|p2a: Landorus|Landorus-Therian, M|95\/100\n|-ability|p2a: Landorus|Intimidate|boost\n|-unboost|p1a: Jirachi|atk|1\n|\n|upkeep\n|turn|5\n|\n|move|p1a: Jirachi|U-turn|p2a: Landorus\n|-resisted|p2a: Landorus\n|-damage|p2a: Landorus|90\/100\n|\n|switch|p1a: Zapdos|Zapdos|100\/100\n|move|p2a: Landorus|Stealth Rock|p1a: Zapdos\n|-sidestart|p1: why addicted|move: Stealth Rock\n|\n|-fieldend|move: Psychic Terrain\n|upkeep\n|turn|6\n|\n|switch|p2a: Magnezone|Magnezone|70\/100\n|move|p1a: Zapdos|Volt Switch|p2a: Magnezone\n|-resisted|p2a: Magnezone\n|-damage|p2a: Magnezone|50\/100\n|j| CCCCold\n|\n|switch|p1a: Garchomp|Garchomp, M|100\/100\n|-damage|p1a: Garchomp|94\/100|[from] Stealth Rock\n|\n|upkeep\n|turn|7\n|\n|move|p1a: Garchomp|Stealth Rock|p2a: Magnezone\n|-sidestart|p2: OPJellicent|move: Stealth Rock\n|move|p2a: Magnezone|Flash Cannon|p1a: Garchomp\n|-damage|p1a: Garchomp|16\/100\n|-unboost|p1a: Garchomp|spd|1\n|\n|upkeep\n|turn|8\n|\n|-zpower|p1a: Garchomp\n|move|p1a: Garchomp|Continental Crush|p2a: Magnezone|[zeffect]\n|-resisted|p2a: Magnezone\n|-damage|p2a: Magnezone|14\/100\n|move|p2a: Magnezone|Flash Cannon|p1a: Garchomp\n|-damage|p1a: Garchomp|0 fnt\n|faint|p1a: Garchomp\n|\n|upkeep\n|\n|switch|p1a: Greninja|Greninja, M|100\/100\n|-damage|p1a: Greninja|88\/100|[from] Stealth Rock\n|turn|9\n|\n|switch|p1a: Mawile|Mawile, M|100\/100\n|-damage|p1a: Mawile|95\/100|[from] Stealth Rock\n|-ability|p1a: Mawile|Intimidate|boost\n|-unboost|p2a: Magnezone|atk|1\n|switch|p2a: Magearna|Magearna|100\/100\n|-damage|p2a: Magearna|94\/100|[from] Stealth Rock\n|\n|upkeep\n|turn|10\n|\n|switch|p2a: Magnezone|Magnezone|14\/100\n|-damage|p2a: Magnezone|8\/100|[from] Stealth Rock\n|detailschange|p1a: Mawile|Mawile-Mega, M\n|-mega|p1a: Mawile|Mawile|Mawilite\n|move|p1a: Mawile|Knock Off|p2a: Magnezone\n|-damage|p2a: Magnezone|0 fnt\n|-enditem|p2a: Magnezone|Choice Specs|[from] move: Knock Off|[of] p1a: Mawile\n|faint|p2a: Magnezone\n|\n|upkeep\n|\n|switch|p2a: Landorus|Landorus-Therian, M|90\/100\n|-damage|p2a: Landorus|78\/100|[from] Stealth Rock\n|-ability|p2a: Landorus|Intimidate|boost\n|-unboost|p1a: Mawile|atk|1\n|turn|11\n|\n|switch|p1a: Zapdos|Zapdos|100\/100\n|-damage|p1a: Zapdos|76\/100|[from] Stealth Rock\n|move|p2a: Landorus|U-turn|p1a: Zapdos\n|-resisted|p1a: Zapdos\n|-damage|p1a: Zapdos|67\/100\n|-status|p2a: Landorus|par|[from] ability: Static|[of] p1a: Zapdos\n|j| Kiichikos\n|\n|switch|p2a: Tapu Lele|Tapu Lele|100\/100\n|-damage|p2a: Tapu Lele|88\/100|[from] Stealth Rock\n|-fieldstart|move: Psychic Terrain|[from] ability: Psychic Surge|[of] p2a: Tapu Lele\n|\n|-heal|p1a: Zapdos|73\/100|[from] item: Leftovers\n|upkeep\n|turn|12\n|l| 0utro\n|\n|move|p2a: Tapu Lele|Psychic|p1a: Zapdos\n|-damage|p1a: Zapdos|8\/100\n|move|p1a: Zapdos|Volt Switch|p2a: Tapu Lele\n|-damage|p2a: Tapu Lele|59\/100\n|\n|switch|p1a: Greninja|Greninja, M|88\/100\n|-damage|p1a: Greninja|76\/100|[from] Stealth Rock\n|\n|upkeep\n|turn|13\n|j| TheDarkSwirl\n|\n|switch|p2a: Magearna|Magearna|94\/100\n|-damage|p2a: Magearna|88\/100|[from] Stealth Rock\n|move|p1a: Greninja|Hydro Pump|p2a: Magearna\n|-damage|p2a: Magearna|58\/100\n|\n|upkeep\n|turn|14\n|\n|switch|p1a: Zapdos|Zapdos|8\/100\n|-damage|p1a: Zapdos|0 fnt|[from] Stealth Rock\n|faint|p1a: Zapdos\n|-ability|p2a: Magearna|Soul-Heart|boost\n|-boost|p2a: Magearna|spa|1\n|move|p2a: Magearna|Volt Switch|p1: Zapdos|[notarget]\n|-fail|p2a: Magearna\n|\n|upkeep\n|\n|switch|p1a: Jirachi|Jirachi|29\/100\n|-damage|p1a: Jirachi|23\/100|[from] Stealth Rock\n|turn|15\n|\n|move|p1a: Jirachi|Iron Head|p2a: Magearna\n|-damage|p2a: Magearna|33\/100\n|move|p2a: Magearna|Volt Switch|p1a: Jirachi\n|-damage|p1a: Jirachi|0 fnt\n|faint|p1a: Jirachi\n|-ability|p2a: Magearna|Soul-Heart|boost\n|-boost|p2a: Magearna|spa|1\n|\n|switch|p2a: Tapu Fini|Tapu Fini|100\/100\n|-damage|p2a: Tapu Fini|88\/100|[from] Stealth Rock\n|-fieldstart|move: Misty Terrain|[from] ability: Misty Surge|[of] p2a: Tapu Fini\n|\n|-heal|p2a: Tapu Fini|94\/100|[from] item: Leftovers\n|upkeep\n|\n|switch|p1a: Mawile|Mawile-Mega, M|95\/100\n|-damage|p1a: Mawile|89\/100|[from] Stealth Rock\n|turn|16\n|\n|move|p2a: Tapu Fini|Taunt|p1a: Mawile\n|-start|p1a: Mawile|move: Taunt\n|cant|p1a: Mawile|move: Taunt|Swords Dance\n|\n|-heal|p2a: Tapu Fini|100\/100|[from] item: Leftovers\n|upkeep\n|turn|17\n|\n|switch|p2a: Landorus|Landorus-Therian, M|78\/100 par\n|-damage|p2a: Landorus|66\/100 par|[from] Stealth Rock\n|-ability|p2a: Landorus|Intimidate|boost\n|-unboost|p1a: Mawile|atk|1\n|move|p1a: Mawile|Play Rough|p2a: Landorus\n|-damage|p2a: Landorus|22\/100 par\n|\n|upkeep\n|turn|18\n|\n|switch|p2a: Magearna|Magearna|33\/100\n|-damage|p2a: Magearna|27\/100|[from] Stealth Rock\n|move|p1a: Mawile|Play Rough|p2a: Magearna\n|-resisted|p2a: Magearna\n|-damage|p2a: Magearna|0 fnt\n|faint|p2a: Magearna\n|\n|-end|p1a: Mawile|move: Taunt\n|upkeep\n|\n|switch|p2a: Beedrill|Beedrill, F|100\/100\n|-damage|p2a: Beedrill|76\/100|[from] Stealth Rock\n|turn|19\n|\n|switch|p1a: Tapu Fini|Tapu Fini|100\/100\n|-damage|p1a: Tapu Fini|88\/100|[from] Stealth Rock\n|detailschange|p2a: Beedrill|Beedrill-Mega, F\n|-mega|p2a: Beedrill|Beedrill|Beedrillite\n|move|p2a: Beedrill|Drill Run|p1a: Tapu Fini\n|-damage|p1a: Tapu Fini|66\/100\n|\n|-heal|p1a: Tapu Fini|72\/100|[from] item: Leftovers\n|-fieldend|Misty Terrain\n|upkeep\n|turn|20\n|\n|switch|p1a: Mawile|Mawile-Mega, M|89\/100\n|-damage|p1a: Mawile|83\/100|[from] Stealth Rock\n|move|p2a: Beedrill|Poison Jab|p1a: Mawile\n|-immune|p1a: Mawile\n|\n|upkeep\n|turn|21\n|\n|switch|p2a: Landorus|Landorus-Therian, M|22\/100 par\n|-damage|p2a: Landorus|10\/100 par|[from] Stealth Rock\n|-ability|p2a: Landorus|Intimidate|boost\n|-unboost|p1a: Mawile|atk|1\n|move|p1a: Mawile|Knock Off|p2a: Landorus\n|-damage|p2a: Landorus|0 fnt\n|faint|p2a: Landorus\n|\n|upkeep\n|\n|switch|p2a: Tapu Fini|Tapu Fini|100\/100\n|-damage|p2a: Tapu Fini|88\/100|[from] Stealth Rock\n|-fieldstart|move: Misty Terrain|[from] ability: Misty Surge|[of] p2a: Tapu Fini\n|turn|22\n|\n|switch|p1a: Tapu Fini|Tapu Fini|72\/100\n|-damage|p1a: Tapu Fini|60\/100|[from] Stealth Rock\n|move|p2a: Tapu Fini|Nature's Madness|p1a: Tapu Fini\n|-damage|p1a: Tapu Fini|30\/100\n|\n|-heal|p2a: Tapu Fini|94\/100|[from] item: Leftovers\n|-heal|p1a: Tapu Fini|36\/100|[from] item: Leftovers\n|upkeep\n|turn|23\n|\n|move|p2a: Tapu Fini|Moonblast|p1a: Tapu Fini\n|-damage|p1a: Tapu Fini|13\/100\n|move|p1a: Tapu Fini|Nature's Madness|p2a: Tapu Fini\n|-damage|p2a: Tapu Fini|47\/100\n|\n|-heal|p2a: Tapu Fini|54\/100|[from] item: Leftovers\n|-heal|p1a: Tapu Fini|19\/100|[from] item: Leftovers\n|upkeep\n|turn|24\n|\n|move|p2a: Tapu Fini|Moonblast|p1a: Tapu Fini\n|-damage|p1a: Tapu Fini|0 fnt\n|faint|p1a: Tapu Fini\n|\n|-heal|p2a: Tapu Fini|60\/100|[from] item: Leftovers\n|upkeep\n|\n|switch|p1a: Mawile|Mawile-Mega, M|83\/100\n|-damage|p1a: Mawile|77\/100|[from] Stealth Rock\n|turn|25\n|\n|move|p2a: Tapu Fini|Taunt|p1a: Mawile\n|-start|p1a: Mawile|move: Taunt\n|move|p1a: Mawile|Play Rough|p2a: Tapu Fini\n|-damage|p2a: Tapu Fini|0 fnt\n|faint|p2a: Tapu Fini\n|\n|upkeep\n|\n|switch|p2a: Beedrill|Beedrill-Mega, F|76\/100\n|-damage|p2a: Beedrill|51\/100|[from] Stealth Rock\n|turn|26\n|\n|move|p1a: Mawile|Sucker Punch|p2a: Beedrill\n|-damage|p2a: Beedrill|0 fnt\n|faint|p2a: Beedrill\n|\n|-fieldend|Misty Terrain\n|upkeep\n|\n|switch|p2a: Tapu Lele|Tapu Lele|59\/100\n|-damage|p2a: Tapu Lele|47\/100|[from] Stealth Rock\n|-fieldstart|move: Psychic Terrain|[from] ability: Psychic Surge|[of] p2a: Tapu Lele\n|turn|27\n|-message|OPJellicent forfeited.\n|\n|win|why addicted\n|l|\u2606OPJellicent\n|c|\u2606why addicted|gg\n|raw|why addicted's rating: 1801 &rarr; <strong>1825<\/strong><br \/>(+24 for winning)\n|raw|OPJellicent's rating: 1864 &rarr; <strong>1840<\/strong><br \/>(-24 for losing)\n|c| Kiichikos|why he taunt\n|c| Kiichikos|goat\n|l| igomyownway\n|l| Kiichikos\n","uploadtime":1553392251,"views":121,"p1id":"whyaddicted","p2id":"opjellicent","formatid":"gen7ou","rating":1825,"private":0,"password":null}