{"id":"gen7ou-947371708","p1":"ColdandCalculating","p2":"THC_wenger","format":"gen7ou","log":"|j|\u2606ColdandCalculating\n|j|\u2606THC_wenger\n|player|p1|ColdandCalculating|101|1265\n|player|p2|THC_wenger|2|1235\n|teamsize|p1|6\n|teamsize|p2|6\n|gametype|singles\n|gen|7\n|tier|[Gen 7] OU\n|rated|\n|rule|Sleep Clause Mod: Limit one foe put to sleep\n|rule|Species Clause: Limit one of each Pok\u00e9mon\n|rule|OHKO Clause: OHKO moves are banned\n|rule|Moody Clause: Moody is banned\n|rule|Evasion Moves Clause: Evasion moves are banned\n|rule|Endless Battle Clause: Forcing endless battles is banned\n|rule|HP Percentage Mod: HP is shown in percentages\n|clearpoke\n|poke|p1|Garchomp, F|item\n|poke|p1|Reuniclus, M|item\n|poke|p1|Heatran, M|item\n|poke|p1|Tangrowth, F|item\n|poke|p1|Tyranitar, M|item\n|poke|p1|Excadrill, F|item\n|poke|p2|Ninetales-Alola, F|item\n|poke|p2|Serperior, F|item\n|poke|p2|Toxapex, F|item\n|poke|p2|Infernape, F|item\n|poke|p2|Excadrill, M|item\n|poke|p2|Manectric, M|item\n|teampreview\n|inactive|Battle timer is ON: inactive players will automatically lose when time's up. (requested by THC_wenger)\n|\n|start\n|switch|p1a: Tangrowth|Tangrowth, F|100\/100\n|switch|p2a: Serperior|Serperior, F, shiny|100\/100\n|turn|1\n|\n|move|p2a: Serperior|Leaf Storm|p1a: Tangrowth\n|-resisted|p1a: Tangrowth\n|-damage|p1a: Tangrowth|79\/100\n|-boost|p2a: Serperior|spa|2\n|move|p1a: Tangrowth|Hidden Power|p2a: Serperior\n|-supereffective|p2a: Serperior\n|-damage|p2a: Serperior|64\/100\n|\n|upkeep\n|turn|2\n|\n|move|p2a: Serperior|Leaf Storm|p1a: Tangrowth\n|-resisted|p1a: Tangrowth\n|-damage|p1a: Tangrowth|32\/100\n|-boost|p2a: Serperior|spa|2\n|move|p1a: Tangrowth|Hidden Power|p2a: Serperior\n|-supereffective|p2a: Serperior\n|-damage|p2a: Serperior|29\/100\n|\n|upkeep\n|turn|3\n|\n|switch|p1a: Heatran|Heatran, M|100\/100\n|move|p2a: Serperior|Leaf Storm|p1a: Heatran\n|-resisted|p1a: Heatran\n|-damage|p1a: Heatran|57\/100\n|-boost|p2a: Serperior|spa|2\n|\n|-heal|p1a: Heatran|64\/100|[from] item: Leftovers\n|upkeep\n|turn|4\n|\n|move|p2a: Serperior|Leaf Storm|p1a: Heatran\n|-resisted|p1a: Heatran\n|-damage|p1a: Heatran|9\/100\n|move|p1a: Heatran|Magma Storm|p2a: Serperior\n|-supereffective|p2a: Serperior\n|-damage|p2a: Serperior|0 fnt\n|faint|p2a: Serperior\n|\n|-heal|p1a: Heatran|15\/100|[from] item: Leftovers\n|upkeep\n|\n|switch|p2a: Infernape|Infernape, F|100\/100\n|turn|5\n|\n|move|p2a: Infernape|Brick Break|p1a: Heatran\n|-supereffective|p1a: Heatran\n|-damage|p1a: Heatran|0 fnt\n|faint|p1a: Heatran\n|\n|upkeep\n|\n|switch|p1a: Tyranitar|Tyranitar, M|100\/100\n|-weather|Sandstorm|[from] ability: Sand Stream|[of] p1a: Tyranitar\n|turn|6\n|\n|switch|p1a: Reuniclus|Reuniclus, M|100\/100\n|move|p2a: Infernape|Brick Break|p1a: Reuniclus\n|-resisted|p1a: Reuniclus\n|-damage|p1a: Reuniclus|88\/100\n|\n|-weather|Sandstorm|[upkeep]\n|-damage|p2a: Infernape|94\/100|[from] Sandstorm\n|-heal|p1a: Reuniclus|95\/100|[from] item: Leftovers\n|upkeep\n|turn|7\n|inactive|THC_wenger has 120 seconds left.\n|\n|-zpower|p2a: Infernape\n|move|p2a: Infernape|Inferno Overdrive|p1a: Reuniclus|[zeffect]\n|-damage|p1a: Reuniclus|50\/100\n|move|p1a: Reuniclus|Psychic|p2a: Infernape\n|-supereffective|p2a: Infernape\n|-damage|p2a: Infernape|0 fnt\n|faint|p2a: Infernape\n|\n|-weather|Sandstorm|[upkeep]\n|-heal|p1a: Reuniclus|56\/100|[from] item: Leftovers\n|upkeep\n|\n|switch|p2a: Manectric|Manectric, M|100\/100\n|turn|8\n|\n|detailschange|p2a: Manectric|Manectric-Mega, M\n|-mega|p2a: Manectric|Manectric|Manectite\n|-ability|p2a: Manectric|Intimidate|boost\n|-unboost|p1a: Reuniclus|atk|1\n|move|p2a: Manectric|Thunderbolt|p1a: Reuniclus\n|-damage|p1a: Reuniclus|13\/100\n|-status|p1a: Reuniclus|par\n|cant|p1a: Reuniclus|par\n|\n|-weather|Sandstorm|[upkeep]\n|-damage|p2a: Manectric|94\/100|[from] Sandstorm\n|-heal|p1a: Reuniclus|19\/100 par|[from] item: Leftovers\n|upkeep\n|turn|9\n|\n|move|p2a: Manectric|Volt Switch|p1a: Reuniclus\n|-damage|p1a: Reuniclus|0 fnt\n|faint|p1a: Reuniclus\n|\n|switch|p2a: Excadrill|Excadrill, M, shiny|100\/100|[from]move: Volt Switch\n|\n|-weather|Sandstorm|[upkeep]\n|upkeep\n|\n|switch|p1a: Garchomp|Garchomp, F|100\/100\n|turn|10\n|\n|detailschange|p1a: Garchomp|Garchomp-Mega, F\n|-mega|p1a: Garchomp|Garchomp|Garchompite\n|move|p2a: Excadrill|Earthquake|p1a: Garchomp\n|-damage|p1a: Garchomp|51\/100\n|move|p1a: Garchomp|Earthquake|p2a: Excadrill\n|-supereffective|p2a: Excadrill\n|-damage|p2a: Excadrill|0 fnt\n|faint|p2a: Excadrill\n|\n|-weather|none\n|upkeep\n|\n|switch|p2a: Ninetales|Ninetales-Alola, F|100\/100\n|-weather|Hail|[from] ability: Snow Warning|[of] p2a: Ninetales\n|turn|11\n|\n|switch|p1a: Tyranitar|Tyranitar, M|100\/100\n|-weather|Sandstorm|[from] ability: Sand Stream|[of] p1a: Tyranitar\n|move|p2a: Ninetales|Blizzard|p1a: Tyranitar|[miss]\n|-miss|p2a: Ninetales|p1a: Tyranitar\n|\n|-weather|Sandstorm|[upkeep]\n|-damage|p2a: Ninetales|95\/100|[from] Sandstorm\n|upkeep\n|turn|12\n|\n|switch|p2a: Toxapex|Toxapex, F, shiny|100\/100\n|move|p1a: Tyranitar|Stone Edge|p2a: Toxapex\n|-crit|p2a: Toxapex\n|-damage|p2a: Toxapex|17\/100\n|\n|-weather|Sandstorm|[upkeep]\n|-damage|p2a: Toxapex|11\/100|[from] Sandstorm\n|-heal|p2a: Toxapex|17\/100|[from] item: Leftovers\n|upkeep\n|turn|13\n|\n|move|p2a: Toxapex|Baneful Bunker|p2a: Toxapex\n|-singleturn|p2a: Toxapex|move: Protect\n|move|p1a: Tyranitar|Stone Edge|p2a: Toxapex\n|-activate|p2a: Toxapex|move: Protect\n|\n|-weather|Sandstorm|[upkeep]\n|-damage|p2a: Toxapex|11\/100|[from] Sandstorm\n|-heal|p2a: Toxapex|17\/100|[from] item: Leftovers\n|upkeep\n|turn|14\n|inactive|THC_wenger has 120 seconds left.\n|\n|move|p1a: Tyranitar|Stone Edge|p2a: Toxapex\n|-crit|p2a: Toxapex\n|-damage|p2a: Toxapex|0 fnt\n|faint|p2a: Toxapex\n|\n|-weather|Sandstorm|[upkeep]\n|upkeep\n|inactive|THC_wenger has 120 seconds left.\n|\n|switch|p2a: Ninetales|Ninetales-Alola, F|95\/100\n|-weather|Hail|[from] ability: Snow Warning|[of] p2a: Ninetales\n|turn|15\n|\n|switch|p1a: Tangrowth|Tangrowth, F|66\/100\n|move|p2a: Ninetales|Moonblast|p1a: Tangrowth\n|-damage|p1a: Tangrowth|45\/100\n|-unboost|p1a: Tangrowth|spa|1\n|\n|-weather|Hail|[upkeep]\n|-damage|p1a: Tangrowth|39\/100|[from] Hail\n|upkeep\n|turn|16\n|\n|move|p2a: Ninetales|Blizzard|p1a: Tangrowth\n|-supereffective|p1a: Tangrowth\n|-damage|p1a: Tangrowth|0 fnt\n|faint|p1a: Tangrowth\n|\n|-weather|Hail|[upkeep]\n|upkeep\n|\n|switch|p1a: Tyranitar|Tyranitar, M|100\/100\n|-weather|Sandstorm|[from] ability: Sand Stream|[of] p1a: Tyranitar\n|turn|17\n|\n|move|p2a: Ninetales|Moonblast|p1a: Tyranitar\n|-supereffective|p1a: Tyranitar\n|-damage|p1a: Tyranitar|52\/100\n|move|p1a: Tyranitar|Stone Edge|p2a: Ninetales\n|-supereffective|p2a: Ninetales\n|-damage|p2a: Ninetales|0 fnt\n|faint|p2a: Ninetales\n|\n|-weather|Sandstorm|[upkeep]\n|upkeep\n|\n|switch|p2a: Manectric|Manectric-Mega, M|94\/100\n|-ability|p2a: Manectric|Intimidate|boost\n|-unboost|p1a: Tyranitar|atk|1\n|turn|18\n|\n|move|p2a: Manectric|Thunderbolt|p1a: Tyranitar\n|-damage|p1a: Tyranitar|22\/100\n|move|p1a: Tyranitar|Stone Edge|p2a: Manectric\n|-damage|p2a: Manectric|19\/100\n|\n|-weather|Sandstorm|[upkeep]\n|-damage|p2a: Manectric|12\/100|[from] Sandstorm\n|upkeep\n|turn|19\n|\n|move|p2a: Manectric|Thunderbolt|p1a: Tyranitar\n|-damage|p1a: Tyranitar|0 fnt\n|faint|p1a: Tyranitar\n|\n|-weather|Sandstorm|[upkeep]\n|-damage|p2a: Manectric|6\/100|[from] Sandstorm\n|upkeep\n|\n|switch|p1a: Excadrill|Excadrill, F|100\/100\n|turn|20\n|\n|move|p1a: Excadrill|Iron Head|p2a: Manectric\n|-resisted|p2a: Manectric\n|-damage|p2a: Manectric|0 fnt\n|faint|p2a: Manectric\n|\n|win|ColdandCalculating\n||Ladder (probably) updated, but score could not be retrieved (Response not received).\n","uploadtime":1563553321,"views":7,"p1id":"coldandcalculating","p2id":"thcwenger","formatid":"gen7ou","rating":0,"private":0,"password":null}