{"id":"gen7ou-1679450192","p1":"Lucians Call","p2":"Player 07","format":"gen7ou","log":"|j|\u2606Lucians Call\n|j|\u2606Player 07\n|t:|1665089966\n|gametype|singles\n|player|p1|Lucians Call|furisodegirl-blue|1865\n|player|p2|Player 07|rood|1653\n|teamsize|p1|6\n|teamsize|p2|6\n|gen|7\n|tier|[Gen 7] OU\n|rated|\n|rule|Sleep Clause Mod: Limit one foe put to sleep\n|rule|Species Clause: Limit one of each Pok\u00e9mon\n|rule|OHKO Clause: OHKO moves are banned\n|rule|Moody Clause: Moody is banned\n|rule|Evasion Items Clause: Evasion items are banned\n|rule|Evasion Moves Clause: Evasion moves are banned\n|rule|Endless Battle Clause: Forcing endless battles is banned\n|rule|HP Percentage Mod: HP is shown in percentages\n|clearpoke\n|poke|p1|Clefable, F|item\n|poke|p1|Lopunny, M|item\n|poke|p1|Hydreigon, M|item\n|poke|p1|Toxapex, F|item\n|poke|p1|Landorus-Therian, M|item\n|poke|p1|Ferrothorn, M|item\n|poke|p2|Ferrothorn, F|item\n|poke|p2|Azumarill, F|item\n|poke|p2|Serperior, F|item\n|poke|p2|Alakazam, M|item\n|poke|p2|Gyarados, M|item\n|poke|p2|Cloyster, M|item\n|teampreview\n|inactive|Battle timer is ON: inactive players will automatically lose when time's up. (requested by Lucians Call)\n|\n|t:|1665090003\n|start\n|switch|p1a: Landorus|Landorus-Therian, M|100\/100\n|switch|p2a: LEVIAT\u00c3|Gyarados, M, shiny|100\/100\n|-ability|p2a: LEVIAT\u00c3|Intimidate|boost\n|-unboost|p1a: Landorus|atk|1\n|-ability|p1a: Landorus|Intimidate|boost\n|-unboost|p2a: LEVIAT\u00c3|atk|1\n|turn|1\n|\n|t:|1665090008\n|switch|p2a: Lambisg\u00f3ia|Ferrothorn, F|100\/100\n|move|p1a: Landorus|Stealth Rock|p2a: Lambisg\u00f3ia\n|-sidestart|p2: Player 07|move: Stealth Rock\n|\n|upkeep\n|turn|2\n|\n|t:|1665090024\n|move|p1a: Landorus|U-turn|p2a: Lambisg\u00f3ia\n|-damage|p2a: Lambisg\u00f3ia|89\/100\n|-damage|p1a: Landorus|88\/100|[from] ability: Iron Barbs|[of] p2a: Lambisg\u00f3ia\n|\n|t:|1665090033\n|switch|p1a: Ferrothorn|Ferrothorn, M|100\/100|[from]move: U-turn\n|move|p2a: Lambisg\u00f3ia|Stealth Rock|p1a: Ferrothorn\n|-sidestart|p1: Lucians Call|move: Stealth Rock\n|\n|-heal|p2a: Lambisg\u00f3ia|96\/100|[from] item: Leftovers\n|upkeep\n|turn|3\n|inactive|Player 07 has 120 seconds left.\n|\n|t:|1665090074\n|switch|p2a: Robben|Cloyster, M|100\/100\n|-damage|p2a: Robben|76\/100|[from] Stealth Rock\n|move|p1a: Ferrothorn|Spikes|p2a: Robben\n|-sidestart|p2: Player 07|Spikes\n|\n|upkeep\n|turn|4\n|\n|t:|1665090082\n|move|p2a: Robben|Icicle Spear|p1a: Ferrothorn\n|-crit|p1a: Ferrothorn\n|-damage|p1a: Ferrothorn|89\/100\n|-damage|p1a: Ferrothorn|81\/100\n|-damage|p1a: Ferrothorn|74\/100\n|-damage|p1a: Ferrothorn|68\/100\n|-damage|p1a: Ferrothorn|61\/100\n|-hitcount|p1a: Ferrothorn|5\n|move|p1a: Ferrothorn|Power Whip|p2a: Robben\n|-supereffective|p2a: Robben\n|-damage|p2a: Robben|8\/100\n|\n|-heal|p1a: Ferrothorn|67\/100|[from] item: Leftovers\n|upkeep\n|turn|5\n|\n|t:|1665090089\n|switch|p1a: Toxapex|Toxapex, F|100\/100\n|-damage|p1a: Toxapex|88\/100|[from] Stealth Rock\n|move|p2a: Robben|Icicle Spear|p1a: Toxapex\n|-resisted|p1a: Toxapex\n|-damage|p1a: Toxapex|83\/100\n|-resisted|p1a: Toxapex\n|-damage|p1a: Toxapex|78\/100\n|-resisted|p1a: Toxapex\n|-damage|p1a: Toxapex|74\/100\n|-resisted|p1a: Toxapex\n|-damage|p1a: Toxapex|69\/100\n|-resisted|p1a: Toxapex\n|-damage|p1a: Toxapex|64\/100\n|-hitcount|p1a: Toxapex|5\n|\n|upkeep\n|turn|6\n|j| Black Sun Tzu\n|inactive|Player 07 has 120 seconds left.\n|\n|t:|1665090110\n|switch|p2a: Jim|Serperior, F|100\/100\n|-damage|p2a: Jim|88\/100|[from] Stealth Rock\n|-damage|p2a: Jim|76\/100|[from] Spikes\n|move|p1a: Toxapex|Knock Off|p2a: Jim\n|-damage|p2a: Jim|60\/100\n|-enditem|p2a: Jim|Leftovers|[from] move: Knock Off|[of] p1a: Toxapex\n|\n|upkeep\n|turn|7\n|inactive|Player 07 has 120 seconds left.\n|\n|t:|1665090126\n|move|p2a: Jim|Substitute|p2a: Jim\n|-start|p2a: Jim|Substitute\n|-damage|p2a: Jim|35\/100\n|move|p1a: Toxapex|Gunk Shot|p2a: Jim\n|-supereffective|p2a: Jim\n|-end|p2a: Jim|Substitute\n|\n|upkeep\n|turn|8\n|\n|t:|1665090132\n|switch|p2a: Lambisg\u00f3ia|Ferrothorn, F|96\/100\n|-damage|p2a: Lambisg\u00f3ia|89\/100|[from] Stealth Rock\n|-damage|p2a: Lambisg\u00f3ia|77\/100|[from] Spikes\n|move|p1a: Toxapex|Gunk Shot|p2a: Lambisg\u00f3ia\n|-immune|p2a: Lambisg\u00f3ia\n|\n|-heal|p2a: Lambisg\u00f3ia|83\/100|[from] item: Leftovers\n|upkeep\n|turn|9\n|\n|t:|1665090137\n|move|p1a: Toxapex|Knock Off|p2a: Lambisg\u00f3ia\n|-damage|p2a: Lambisg\u00f3ia|70\/100\n|-damage|p1a: Toxapex|51\/100|[from] ability: Iron Barbs|[of] p2a: Lambisg\u00f3ia\n|-enditem|p2a: Lambisg\u00f3ia|Leftovers|[from] move: Knock Off|[of] p1a: Toxapex\n|move|p2a: Lambisg\u00f3ia|Spikes|p1a: Toxapex\n|-sidestart|p1: Lucians Call|Spikes\n|\n|upkeep\n|turn|10\n|\n|t:|1665090139\n|switch|p1a: Ferrothorn|Ferrothorn, M|67\/100\n|-damage|p1a: Ferrothorn|61\/100|[from] Stealth Rock\n|-damage|p1a: Ferrothorn|48\/100|[from] Spikes\n|move|p2a: Lambisg\u00f3ia|Spikes|p1a: Ferrothorn\n|-sidestart|p1: Lucians Call|Spikes\n|\n|-heal|p1a: Ferrothorn|54\/100|[from] item: Leftovers\n|upkeep\n|turn|11\n|\n|t:|1665090144\n|switch|p2a: Jim|Serperior, F|35\/100\n|-damage|p2a: Jim|22\/100|[from] Stealth Rock\n|-damage|p2a: Jim|10\/100|[from] Spikes\n|move|p1a: Ferrothorn|Spikes|p2a: Jim\n|-sidestart|p2: Player 07|Spikes\n|\n|-heal|p1a: Ferrothorn|61\/100|[from] item: Leftovers\n|upkeep\n|turn|12\n|j| Cyberacc\n|\n|t:|1665090150\n|move|p2a: Jim|Glare|p1a: Ferrothorn\n|-status|p1a: Ferrothorn|par\n|move|p1a: Ferrothorn|Iron Head|p2a: Jim\n|-damage|p2a: Jim|0 fnt\n|faint|p2a: Jim\n|\n|-heal|p1a: Ferrothorn|67\/100 par|[from] item: Leftovers\n|upkeep\n|\n|t:|1665090157\n|switch|p2a: LEVIAT\u00c3|Gyarados, M, shiny|100\/100\n|-damage|p2a: LEVIAT\u00c3|75\/100|[from] Stealth Rock\n|-ability|p2a: LEVIAT\u00c3|Intimidate|boost\n|-unboost|p1a: Ferrothorn|atk|1\n|turn|13\n|\n|t:|1665090164\n|switch|p1a: Landorus|Landorus-Therian, M|88\/100\n|-damage|p1a: Landorus|76\/100|[from] Stealth Rock\n|-ability|p1a: Landorus|Intimidate|boost\n|-unboost|p2a: LEVIAT\u00c3|atk|1\n|move|p2a: LEVIAT\u00c3|Dragon Dance|p2a: LEVIAT\u00c3\n|-boost|p2a: LEVIAT\u00c3|atk|1\n|-boost|p2a: LEVIAT\u00c3|spe|1\n|\n|upkeep\n|turn|14\n|\n|t:|1665090167\n|move|p2a: LEVIAT\u00c3|Dragon Dance|p2a: LEVIAT\u00c3\n|-boost|p2a: LEVIAT\u00c3|atk|1\n|-boost|p2a: LEVIAT\u00c3|spe|1\n|move|p1a: Landorus|Toxic|p2a: LEVIAT\u00c3\n|-status|p2a: LEVIAT\u00c3|tox\n|\n|-damage|p2a: LEVIAT\u00c3|69\/100 tox|[from] psn\n|upkeep\n|turn|15\n|\n|t:|1665090173\n|detailschange|p2a: LEVIAT\u00c3|Gyarados-Mega, M, shiny\n|-mega|p2a: LEVIAT\u00c3|Gyarados|Gyaradosite\n|-ability|p2a: LEVIAT\u00c3|Mold Breaker\n|move|p2a: LEVIAT\u00c3|Ice Fang|p1a: Landorus\n|-supereffective|p1a: Landorus\n|-damage|p1a: Landorus|0 fnt\n|-damage|p2a: LEVIAT\u00c3|53\/100 tox|[from] item: Rocky Helmet|[of] p1a: Landorus\n|faint|p1a: Landorus\n|\n|-damage|p2a: LEVIAT\u00c3|41\/100 tox|[from] psn\n|upkeep\n|\n|t:|1665090180\n|switch|p1a: Lopunny|Lopunny, M|100\/100\n|-damage|p1a: Lopunny|88\/100|[from] Stealth Rock\n|-damage|p1a: Lopunny|72\/100|[from] Spikes\n|turn|16\n|\n|t:|1665090189\n|switch|p2a: Lambisg\u00f3ia|Ferrothorn, F|70\/100\n|-damage|p2a: Lambisg\u00f3ia|64\/100|[from] Stealth Rock\n|-damage|p2a: Lambisg\u00f3ia|47\/100|[from] Spikes\n|detailschange|p1a: Lopunny|Lopunny-Mega, M\n|-mega|p1a: Lopunny|Lopunny|Lopunnite\n|move|p1a: Lopunny|Fake Out|p2a: Lambisg\u00f3ia\n|-resisted|p2a: Lambisg\u00f3ia\n|-damage|p2a: Lambisg\u00f3ia|38\/100\n|-damage|p1a: Lopunny|60\/100|[from] ability: Iron Barbs|[of] p2a: Lambisg\u00f3ia\n|\n|upkeep\n|turn|17\n|\n|t:|1665090199\n|switch|p2a: Robben|Cloyster, M|8\/100\n|-damage|p2a: Robben|0 fnt|[from] Stealth Rock\n|faint|p2a: Robben\n|move|p1a: Lopunny|Fire Punch|p2: Robben|[notarget]\n|-fail|p1a: Lopunny\n|\n|upkeep\n|\n|t:|1665090216\n|switch|p2a: Shaka|Alakazam, M|100\/100\n|turn|18\n|\n|t:|1665090243\n|move|p1a: Lopunny|Return|p2a: Shaka\n|-enditem|p2a: Shaka|Focus Sash\n|-damage|p2a: Shaka|1\/100\n|move|p2a: Shaka|Thunder Wave|p1a: Lopunny\n|-status|p1a: Lopunny|par\n|\n|upkeep\n|turn|19\n|inactive|Lucians Call has 120 seconds left.\n|\n|t:|1665090260\n|switch|p1a: Ferrothorn|Ferrothorn, M|67\/100 par\n|-damage|p1a: Ferrothorn|61\/100 par|[from] Stealth Rock\n|-damage|p1a: Ferrothorn|44\/100 par|[from] Spikes\n|move|p2a: Shaka|Psychic|p1a: Ferrothorn\n|-resisted|p1a: Ferrothorn\n|-damage|p1a: Ferrothorn|24\/100 par\n|\n|-heal|p1a: Ferrothorn|30\/100 par|[from] item: Leftovers\n|upkeep\n|turn|20\n|l| Cyberacc\n|\n|t:|1665090269\n|move|p2a: Shaka|Reflect|p2a: Shaka\n|-sidestart|p2: Player 07|Reflect\n|move|p1a: Ferrothorn|Iron Head|p2a: Shaka\n|-damage|p2a: Shaka|0 fnt\n|faint|p2a: Shaka\n|\n|-heal|p1a: Ferrothorn|36\/100 par|[from] item: Leftovers\n|upkeep\n|\n|t:|1665090279\n|switch|p2a: Blue Mary|Azumarill, F|100\/100\n|-damage|p2a: Blue Mary|88\/100|[from] Stealth Rock\n|-damage|p2a: Blue Mary|71\/100|[from] Spikes\n|turn|21\n|\n|t:|1665090289\n|move|p2a: Blue Mary|Belly Drum|p2a: Blue Mary\n|-damage|p2a: Blue Mary|22\/100\n|-setboost|p2a: Blue Mary|atk|6|[from] move: Belly Drum\n|move|p1a: Ferrothorn|Leech Seed|p2a: Blue Mary\n|-start|p2a: Blue Mary|move: Leech Seed\n|\n|-heal|p1a: Ferrothorn|43\/100 par|[from] item: Leftovers\n|-damage|p2a: Blue Mary|9\/100|[from] Leech Seed|[of] p1a: Ferrothorn\n|-heal|p1a: Ferrothorn|55\/100 par|[silent]\n|upkeep\n|turn|22\n|\n|t:|1665090295\n|-zpower|p2a: Blue Mary\n|move|p2a: Blue Mary|Z-Belly Drum||[anim]Belly Drum|[still]\n|-heal|p2a: Blue Mary|100\/100|[zeffect]\n|-fail|p2a: Blue Mary\n|cant|p1a: Ferrothorn|par\n|\n|-heal|p1a: Ferrothorn|61\/100 par|[from] item: Leftovers\n|-damage|p2a: Blue Mary|88\/100|[from] Leech Seed|[of] p1a: Ferrothorn\n|-heal|p1a: Ferrothorn|74\/100 par|[silent]\n|upkeep\n|turn|23\n|\n|t:|1665090306\n|move|p2a: Blue Mary|Knock Off|p1a: Ferrothorn\n|-damage|p1a: Ferrothorn|0 fnt\n|-damage|p2a: Blue Mary|76\/100|[from] ability: Iron Barbs|[of] p1a: Ferrothorn\n|-enditem|p1a: Ferrothorn|Leftovers|[from] move: Knock Off|[of] p2a: Blue Mary\n|faint|p1a: Ferrothorn\n|\n|upkeep\n|\n|t:|1665090314\n|switch|p1a: Lopunny|Lopunny-Mega, M|60\/100 par\n|-damage|p1a: Lopunny|54\/100 par|[from] Stealth Rock\n|-damage|p1a: Lopunny|37\/100 par|[from] Spikes\n|turn|24\n|\n|t:|1665090317\n|cant|p1a: Lopunny|par\n|move|p2a: Blue Mary|Aqua Jet|p1a: Lopunny\n|-damage|p1a: Lopunny|0 fnt\n|faint|p1a: Lopunny\n|\n|-sideend|p2: Player 07|Reflect\n|upkeep\n|\n|t:|1665090342\n|switch|p1a: Hydreigon|Hydreigon, M|100\/100\n|-damage|p1a: Hydreigon|88\/100|[from] Stealth Rock\n|turn|25\n|\n|t:|1665090357\n|-zpower|p1a: Hydreigon\n|move|p1a: Hydreigon|Tectonic Rage|p2a: Blue Mary|[zeffect]\n|-damage|p2a: Blue Mary|17\/100\n|move|p2a: Blue Mary|Play Rough|p1a: Hydreigon\n|-supereffective|p1a: Hydreigon\n|-damage|p1a: Hydreigon|0 fnt\n|faint|p1a: Hydreigon\n|\n|upkeep\n|\n|t:|1665090365\n|switch|p1a: Clefable|Clefable, F|100\/100\n|turn|26\n|\n|t:|1665090370\n|move|p2a: Blue Mary|Aqua Jet|p1a: Clefable\n|-damage|p1a: Clefable|0 fnt\n|faint|p1a: Clefable\n|\n|upkeep\n|\n|t:|1665090375\n|switch|p1a: Toxapex|Toxapex, F|84\/100\n|-damage|p1a: Toxapex|72\/100|[from] Stealth Rock\n|-damage|p1a: Toxapex|55\/100|[from] Spikes\n|turn|27\n|c|\u2606Lucians Call|yo u fucking bitch\n|n|\u203dLucians Call|lucianscall\n|c|&|\/log Lucians Call was locked from talking by Artemis (\u2606Lucians Call: yo u fucking bitch)\n|c|&|\/raw <small>This action was done automatically. Want to learn more about the AI? <a href=\"https:\/\/www.smogon.com\/forums\/threads\/3570628\/#post-9056769\">Visit the information thread<\/a>.<\/small>\n|\n|t:|1665090395\n|move|p2a: Blue Mary|Knock Off|p1a: Toxapex\n|-damage|p1a: Toxapex|0 fnt\n|-enditem|p1a: Toxapex|Payapa Berry|[from] move: Knock Off|[of] p2a: Blue Mary\n|faint|p1a: Toxapex\n|\n|win|Player 07\n|raw|Lucians Call's rating: 1865 &rarr; <strong>1834<\/strong><br \/>(-31 for losing)\n|raw|Player 07's rating: 1653 &rarr; <strong>1684<\/strong><br \/>(+31 for winning)\n|j| Miyuki Fairchild\n|l|\u203dLucians Call\n|c| Miyuki Fairchild|oh wow\n|c| Miyuki Fairchild|u just beat rank 1 haha\n||Ladder isn't responding, score probably updated but might not have (Request timeout).\n","uploadtime":1665090386,"views":50,"p1id":"lucianscall","p2id":"player07","formatid":"gen7ou","rating":1684,"private":0,"password":null}