{"id":"gen7ou-838959104","p1":"RegenGuy","p2":"Jakkkkkka","format":"gen7ou","log":"|j|\u2606RegenGuy\n|j|\u2606Jakkkkkka\n|player|p1|RegenGuy|20\n|player|p2|Jakkkkkka|137\n|teamsize|p1|6\n|teamsize|p2|6\n|gametype|singles\n|gen|7\n|tier|[Gen 7] OU\n|rated|\n|html|<div class=\"broadcast-green\"><strong>OU is currently suspecting Zygarde! For information on how to participate check out the <a href=\"https:\/\/www.smogon.com\/forums\/threads\/3645049\/\">suspect thread<\/a>.<\/strong><\/div>\n|rule|Sleep Clause Mod: Limit one foe put to sleep\n|rule|Species Clause: Limit one of each Pok\u00e9mon\n|rule|OHKO Clause: OHKO moves are banned\n|rule|Moody Clause: Moody is banned\n|rule|Evasion Moves Clause: Evasion moves are banned\n|rule|Endless Battle Clause: Forcing endless battles is banned\n|rule|HP Percentage Mod: HP is shown in percentages\n|clearpoke\n|poke|p1|Toxapex, M|item\n|poke|p1|Tornadus-Therian, M|item\n|poke|p1|Mienshao, F|item\n|poke|p1|Slowbro, M|item\n|poke|p1|Alomomola, M|item\n|poke|p1|Tangrowth, F|item\n|poke|p2|Tapu Bulu|item\n|poke|p2|Victini|item\n|poke|p2|Tyranitar, M|item\n|poke|p2|Zapdos|item\n|poke|p2|Landorus-Therian, M|item\n|poke|p2|Tornadus-Therian, M|item\n|teampreview\n|j| Noobzardon\n|inactive|Battle timer is ON: inactive players will automatically lose when time's up. (requested by RegenGuy)\n|l| Noobzardon\n|j| johnypoor\n|inactive|Jakkkkkka has 120 seconds left.\n|\n|start\n|switch|p1a: I CAN'T STOP 3|Mienshao, F|100\/100\n|switch|p2a: Landorus|Landorus-Therian, M|100\/100\n|-ability|p2a: Landorus|Intimidate|boost\n|-unboost|p1a: I CAN'T STOP 3|atk|1\n|turn|1\n|\n|switch|p1a: I CAN'T STOP 2|Tornadus-Therian, M|100\/100\n|move|p2a: Landorus|Stealth Rock|p1a: I CAN'T STOP 2\n|-sidestart|p1: RegenGuy|move: Stealth Rock\n|\n|upkeep\n|turn|2\n|\n|switch|p2a: Zapdos|Zapdos|100\/100\n|move|p1a: I CAN'T STOP 2|Defog|p2a: Zapdos\n|-unboost|p2a: Zapdos|evasion|1\n|-sideend|p1: RegenGuy|Stealth Rock|[from] move: Defog|[of] p1a: I CAN'T STOP 2\n|\n|upkeep\n|turn|3\n|\n|switch|p1a: I CAN'T STOP 6|Tangrowth, F|100\/100\n|move|p2a: Zapdos|Toxic|p1a: I CAN'T STOP 6\n|-status|p1a: I CAN'T STOP 6|tox\n|\n|-damage|p1a: I CAN'T STOP 6|94\/100 tox|[from] psn\n|upkeep\n|turn|4\n|\n|switch|p2a: Tapu Bulu|Tapu Bulu|100\/100\n|-fieldstart|move: Grassy Terrain|[from] ability: Grassy Surge|[of] p2a: Tapu Bulu\n|move|p1a: I CAN'T STOP 6|Knock Off|p2a: Tapu Bulu\n|-resisted|p2a: Tapu Bulu\n|-damage|p2a: Tapu Bulu|91\/100\n|-enditem|p2a: Tapu Bulu|Leftovers|[from] move: Knock Off|[of] p1a: I CAN'T STOP 6\n|\n|-heal|p2a: Tapu Bulu|97\/100|[from] Grassy Terrain\n|-heal|p1a: I CAN'T STOP 6|100\/100 tox|[from] Grassy Terrain\n|-damage|p1a: I CAN'T STOP 6|88\/100 tox|[from] psn\n|upkeep\n|turn|5\n|\n|move|p2a: Tapu Bulu|Horn Leech|p1a: I CAN'T STOP 6\n|-resisted|p1a: I CAN'T STOP 6\n|-damage|p1a: I CAN'T STOP 6|72\/100 tox\n|-heal|p2a: Tapu Bulu|100\/100|[from] drain|[of] p1a: I CAN'T STOP 6\n|move|p1a: I CAN'T STOP 6|Sludge Bomb|p2a: Tapu Bulu\n|-supereffective|p2a: Tapu Bulu\n|-crit|p2a: Tapu Bulu\n|-damage|p2a: Tapu Bulu|6\/100\n|\n|-heal|p2a: Tapu Bulu|12\/100|[from] Grassy Terrain\n|-heal|p1a: I CAN'T STOP 6|78\/100 tox|[from] Grassy Terrain\n|-damage|p1a: I CAN'T STOP 6|59\/100 tox|[from] psn\n|upkeep\n|turn|6\n|\n|switch|p2a: Victini|Victini|100\/100\n|switch|p1a: I CAN'T STOP 2|Tornadus-Therian, M|100\/100\n|\n|upkeep\n|turn|7\n|\n|switch|p1a: I CAN'T STOP 5|Alomomola, M|100\/100\n|move|p2a: Victini|V-create|p1a: I CAN'T STOP 5\n|-resisted|p1a: I CAN'T STOP 5\n|-damage|p1a: I CAN'T STOP 5|77\/100\n|-unboost|p2a: Victini|spe|1\n|-unboost|p2a: Victini|def|1\n|-unboost|p2a: Victini|spd|1\n|\n|-heal|p1a: I CAN'T STOP 5|84\/100|[from] item: Leftovers\n|-heal|p1a: I CAN'T STOP 5|90\/100|[from] Grassy Terrain\n|upkeep\n|turn|8\n|\n|switch|p2a: Tapu Bulu|Tapu Bulu|12\/100\n|move|p1a: I CAN'T STOP 5|Toxic|p2a: Tapu Bulu\n|-status|p2a: Tapu Bulu|tox\n|\n|-heal|p2a: Tapu Bulu|18\/100 tox|[from] Grassy Terrain\n|-heal|p1a: I CAN'T STOP 5|96\/100|[from] item: Leftovers\n|-heal|p1a: I CAN'T STOP 5|100\/100|[from] Grassy Terrain\n|-fieldend|move: Grassy Terrain\n|-damage|p2a: Tapu Bulu|12\/100 tox|[from] psn\n|upkeep\n|turn|9\n|\n|move|p1a: I CAN'T STOP 5|Protect|p1a: I CAN'T STOP 5\n|-singleturn|p1a: I CAN'T STOP 5|Protect\n|move|p2a: Tapu Bulu|Horn Leech|p1a: I CAN'T STOP 5\n|-activate|p1a: I CAN'T STOP 5|move: Protect\n|\n|-damage|p2a: Tapu Bulu|0 fnt|[from] psn\n|upkeep\n|faint|p2a: Tapu Bulu\n|\n|switch|p2a: Zapdos|Zapdos|100\/100\n|turn|10\n|\n|move|p2a: Zapdos|Discharge|p1a: I CAN'T STOP 5\n|-supereffective|p1a: I CAN'T STOP 5\n|-damage|p1a: I CAN'T STOP 5|33\/100\n|-status|p1a: I CAN'T STOP 5|par\n|move|p1a: I CAN'T STOP 5|Toxic|p2a: Zapdos\n|-status|p2a: Zapdos|tox\n|\n|-heal|p1a: I CAN'T STOP 5|39\/100 par|[from] item: Leftovers\n|-damage|p2a: Zapdos|94\/100 tox|[from] psn\n|upkeep\n|turn|11\n|\n|switch|p1a: I CAN'T STOP 6|Tangrowth, F|93\/100 tox\n|move|p2a: Zapdos|Discharge|p1a: I CAN'T STOP 6\n|-resisted|p1a: I CAN'T STOP 6\n|-damage|p1a: I CAN'T STOP 6|82\/100 tox\n|\n|-heal|p2a: Zapdos|100\/100 tox|[from] item: Leftovers\n|-damage|p2a: Zapdos|88\/100 tox|[from] psn\n|-damage|p1a: I CAN'T STOP 6|75\/100 tox|[from] psn\n|upkeep\n|turn|12\n|\n|switch|p2a: Victini|Victini|100\/100\n|move|p1a: I CAN'T STOP 6|Knock Off|p2a: Victini\n|-supereffective|p2a: Victini\n|-damage|p2a: Victini|58\/100\n|-enditem|p2a: Victini|Choice Scarf|[from] move: Knock Off|[of] p1a: I CAN'T STOP 6\n|\n|-damage|p1a: I CAN'T STOP 6|63\/100 tox|[from] psn\n|upkeep\n|turn|13\n|\n|switch|p1a: I CAN'T STOP 1|Toxapex, M|100\/100\n|move|p2a: Victini|Bolt Strike|p1a: I CAN'T STOP 1\n|-supereffective|p1a: I CAN'T STOP 1\n|-damage|p1a: I CAN'T STOP 1|44\/100\n|\n|-heal|p1a: I CAN'T STOP 1|50\/100|[from] item: Black Sludge\n|upkeep\n|turn|14\n|\n|switch|p1a: I CAN'T STOP 4|Slowbro, M|100\/100\n|move|p2a: Victini|Bolt Strike|p1a: I CAN'T STOP 4\n|-supereffective|p1a: I CAN'T STOP 4\n|-damage|p1a: I CAN'T STOP 4|53\/100\n|-status|p1a: I CAN'T STOP 4|par\n|\n|upkeep\n|turn|15\n|\n|switch|p1a: I CAN'T STOP 3|Mienshao, F|100\/100\n|move|p2a: Victini|U-turn|p1a: I CAN'T STOP 3\n|-resisted|p1a: I CAN'T STOP 3\n|-damage|p1a: I CAN'T STOP 3|78\/100\n|\n|switch|p2a: Tornadus|Tornadus-Therian, M|100\/100\n|\n|upkeep\n|turn|16\n|\n|switch|p1a: I CAN'T STOP 1|Toxapex, M|83\/100\n|move|p2a: Tornadus|Hurricane|p1a: I CAN'T STOP 1\n|-damage|p1a: I CAN'T STOP 1|57\/100\n|\n|-heal|p1a: I CAN'T STOP 1|64\/100|[from] item: Black Sludge\n|upkeep\n|turn|17\n|\n|move|p2a: Tornadus|Knock Off|p1a: I CAN'T STOP 1\n|-damage|p1a: I CAN'T STOP 1|48\/100\n|-enditem|p1a: I CAN'T STOP 1|Black Sludge|[from] move: Knock Off|[of] p2a: Tornadus\n|move|p1a: I CAN'T STOP 1|Toxic Spikes|p2a: Tornadus\n|-sidestart|p2: Jakkkkkka|move: Toxic Spikes\n|\n|upkeep\n|turn|18\n|\n|switch|p2a: Zapdos|Zapdos|88\/100 tox\n|switch|p1a: I CAN'T STOP 4|Slowbro, M|86\/100 par\n|\n|-heal|p2a: Zapdos|94\/100 tox|[from] item: Leftovers\n|-damage|p2a: Zapdos|88\/100 tox|[from] psn\n|upkeep\n|turn|19\n|\n|move|p2a: Zapdos|Defog|p1a: I CAN'T STOP 4\n|-unboost|p1a: I CAN'T STOP 4|evasion|1\n|-sideend|p2: Jakkkkkka|Toxic Spikes|[from] move: Defog|[of] p2a: Zapdos\n|move|p1a: I CAN'T STOP 4|Calm Mind|p1a: I CAN'T STOP 4\n|-boost|p1a: I CAN'T STOP 4|spa|1\n|-boost|p1a: I CAN'T STOP 4|spd|1\n|\n|-heal|p2a: Zapdos|94\/100 tox|[from] item: Leftovers\n|-damage|p2a: Zapdos|82\/100 tox|[from] psn\n|upkeep\n|turn|20\n|\n|move|p2a: Zapdos|Discharge|p1a: I CAN'T STOP 4\n|-supereffective|p1a: I CAN'T STOP 4\n|-damage|p1a: I CAN'T STOP 4|45\/100 par\n|move|p1a: I CAN'T STOP 4|Scald|p2a: Zapdos\n|-damage|p2a: Zapdos|44\/100 tox\n|\n|-heal|p2a: Zapdos|50\/100 tox|[from] item: Leftovers\n|-damage|p2a: Zapdos|32\/100 tox|[from] psn\n|upkeep\n|turn|21\n|\n|switch|p2a: Victini|Victini|58\/100\n|move|p1a: I CAN'T STOP 4|Scald|p2a: Victini\n|-supereffective|p2a: Victini\n|-damage|p2a: Victini|0 fnt\n|faint|p2a: Victini\n|\n|upkeep\n|\n|switch|p2a: Landorus|Landorus-Therian, M|100\/100\n|-ability|p2a: Landorus|Intimidate|boost\n|-unboost|p1a: I CAN'T STOP 4|atk|1\n|turn|22\n|\n|switch|p1a: I CAN'T STOP 2|Tornadus-Therian, M|100\/100\n|move|p2a: Landorus|Earthquake|p1a: I CAN'T STOP 2\n|-immune|p1a: I CAN'T STOP 2\n|\n|upkeep\n|turn|23\n|\n|move|p1a: I CAN'T STOP 2|Hurricane|p2a: Landorus\n|-damage|p2a: Landorus|31\/100\n|-start|p2a: Landorus|confusion\n|-activate|p2a: Landorus|confusion\n|-damage|p2a: Landorus|14\/100|[from] confusion\n|\n|upkeep\n|turn|24\n|\n|move|p1a: I CAN'T STOP 2|Knock Off|p2a: Landorus\n|-damage|p2a: Landorus|0 fnt\n|faint|p2a: Landorus\n|\n|upkeep\n|\n|switch|p2a: Tyranitar|Tyranitar, M|100\/100\n|-weather|Sandstorm|[from] ability: Sand Stream|[of] p2a: Tyranitar\n|turn|25\n|\n|detailschange|p2a: Tyranitar|Tyranitar-Mega, M\n|-mega|p2a: Tyranitar|Tyranitar|Tyranitarite\n|-zpower|p1a: I CAN'T STOP 2\n|move|p1a: I CAN'T STOP 2|All-Out Pummeling|p2a: Tyranitar|[zeffect]\n|-supereffective|p2a: Tyranitar\n|-damage|p2a: Tyranitar|0 fnt\n|faint|p2a: Tyranitar\n|\n|-weather|Sandstorm|[upkeep]\n|-damage|p1a: I CAN'T STOP 2|94\/100|[from] Sandstorm\n|upkeep\n|-message|Jakkkkkka forfeited.\n|\n|win|RegenGuy\n|l|\u2606Jakkkkkka\n","uploadtime":1545445163,"views":6,"p1id":"regenguy","p2id":"jakkkkkka","formatid":"gen7ou","rating":0,"private":0,"password":null}