{"id":"gen7ou-1565740996","p1":"TestingTesting1","p2":"FortnitePogger69","format":"gen7ou","log":"|j|\u2606TestingTesting1\n|j|\u2606FortnitePogger69\n|t:|1651464434\n|gametype|singles\n|player|p1|TestingTesting1|265|1586\n|player|p2|FortnitePogger69|jogger|1726\n|teamsize|p1|6\n|teamsize|p2|6\n|gen|7\n|tier|[Gen 7] OU\n|rated|\n|rule|Sleep Clause Mod: Limit one foe put to sleep\n|rule|Species Clause: Limit one of each Pok\u00e9mon\n|rule|OHKO Clause: OHKO moves are banned\n|rule|Moody Clause: Moody is banned\n|rule|Evasion Moves Clause: Evasion moves are banned\n|rule|Endless Battle Clause: Forcing endless battles is banned\n|rule|HP Percentage Mod: HP is shown in percentages\n|clearpoke\n|poke|p1|Garchomp, F|item\n|poke|p1|Mawile, F|item\n|poke|p1|Tapu Lele|item\n|poke|p1|Heatran, F|item\n|poke|p1|Rotom-Wash|item\n|poke|p1|Serperior, M|item\n|poke|p2|Charizard, M|item\n|poke|p2|Gyarados, M|item\n|poke|p2|Greninja, M|item\n|poke|p2|Victini|item\n|poke|p2|Landorus-Therian, M|item\n|poke|p2|Tapu Fini|item\n|teampreview\n|j| D\u2192luxe\n|\n|t:|1651464460\n|start\n|switch|p1a: Rotom|Rotom-Wash|100\/100\n|switch|p2a: Tapu Fini|Tapu Fini|100\/100\n|-fieldstart|move: Misty Terrain|[from] ability: Misty Surge|[of] p2a: Tapu Fini\n|turn|1\n|\n|t:|1651464466\n|move|p2a: Tapu Fini|Nature's Madness|p1a: Rotom\n|-damage|p1a: Rotom|51\/100\n|move|p1a: Rotom|Volt Switch|p2a: Tapu Fini\n|-supereffective|p2a: Tapu Fini\n|-damage|p2a: Tapu Fini|63\/100\n|\n|t:|1651464479\n|switch|p1a: Heatran|Heatran, F|100\/100|[from]move: Volt Switch\n|\n|-heal|p2a: Tapu Fini|69\/100|[from] item: Leftovers\n|upkeep\n|turn|2\n|\n|t:|1651464486\n|move|p2a: Tapu Fini|Taunt|p1a: Heatran\n|-start|p1a: Heatran|move: Taunt\n|move|p1a: Heatran|Magma Storm|p2a: Tapu Fini|[miss]\n|-miss|p1a: Heatran|p2a: Tapu Fini\n|\n|-heal|p2a: Tapu Fini|75\/100|[from] item: Leftovers\n|upkeep\n|turn|3\n|\n|t:|1651464496\n|switch|p2a: Charizard|Charizard, M|100\/100\n|switch|p1a: Garchomp|Garchomp, F|100\/100\n|\n|upkeep\n|turn|4\n|\n|t:|1651464548\n|switch|p2a: Gyarados|Gyarados, M|100\/100\n|-ability|p2a: Gyarados|Intimidate|boost\n|-unboost|p1a: Garchomp|atk|1\n|move|p1a: Garchomp|Stealth Rock|p2a: Gyarados\n|-sidestart|p2: FortnitePogger69|move: Stealth Rock\n|\n|upkeep\n|turn|5\n|\n|t:|1651464555\n|switch|p1a: Rotom|Rotom-Wash|51\/100\n|switch|p2a: Tapu Fini|Tapu Fini|75\/100\n|-damage|p2a: Tapu Fini|63\/100|[from] Stealth Rock\n|\n|-heal|p2a: Tapu Fini|69\/100|[from] item: Leftovers\n|-fieldend|Misty Terrain\n|upkeep\n|turn|6\n|\n|t:|1651464564\n|move|p2a: Tapu Fini|Defog|p1a: Rotom\n|-unboost|p1a: Rotom|evasion|1\n|-sideend|p2: FortnitePogger69|Stealth Rock|[from] move: Defog|[of] p2a: Tapu Fini\n|move|p1a: Rotom|Volt Switch|p2a: Tapu Fini\n|-supereffective|p2a: Tapu Fini\n|-damage|p2a: Tapu Fini|29\/100\n|\n|t:|1651464574\n|switch|p1a: Garchomp|Garchomp, F|100\/100|[from]move: Volt Switch\n|\n|-heal|p2a: Tapu Fini|35\/100|[from] item: Leftovers\n|upkeep\n|turn|7\n|\n|t:|1651464580\n|move|p1a: Garchomp|Earthquake|p2a: Tapu Fini\n|-damage|p2a: Tapu Fini|0 fnt\n|faint|p2a: Tapu Fini\n|\n|upkeep\n|\n|t:|1651464585\n|switch|p2a: Victini|Victini|100\/100\n|turn|8\n|\n|t:|1651464588\n|switch|p1a: Heatran|Heatran, F|100\/100\n|move|p2a: Victini|U-turn|p1a: Heatran\n|-resisted|p1a: Heatran\n|-damage|p1a: Heatran|97\/100\n|\n|t:|1651464597\n|switch|p2a: Charizard|Charizard, M|100\/100|[from]move: U-turn\n|\n|-heal|p1a: Heatran|100\/100|[from] item: Leftovers\n|upkeep\n|turn|9\n|inactive|Battle timer is ON: inactive players will automatically lose when time's up. (requested by FortnitePogger69)\n|inactive|TestingTesting1 has 120 seconds left.\n|\n|t:|1651464659\n|move|p2a: Charizard|Dragon Dance|p2a: Charizard\n|-boost|p2a: Charizard|atk|1\n|-boost|p2a: Charizard|spe|1\n|move|p1a: Heatran|Magma Storm|p2a: Charizard\n|-resisted|p2a: Charizard\n|-damage|p2a: Charizard|74\/100\n|-activate|p2a: Charizard|move: Magma Storm|[of] p1a: Heatran\n|\n|-damage|p2a: Charizard|61\/100|[from] move: Magma Storm|[partiallytrapped]\n|upkeep\n|turn|10\n|\n|t:|1651464672\n|detailschange|p2a: Charizard|Charizard-Mega-X, M\n|-mega|p2a: Charizard|Charizard|Charizardite X\n|move|p2a: Charizard|Earthquake|p1a: Heatran\n|-supereffective|p1a: Heatran\n|-damage|p1a: Heatran|0 fnt\n|faint|p1a: Heatran\n|\n|-end|p2a: Charizard|Magma Storm|[partiallytrapped]|[silent]\n|upkeep\n|\n|t:|1651464678\n|switch|p1a: Serperior|Serperior, M|100\/100\n|turn|11\n|\n|t:|1651464686\n|switch|p1a: Garchomp|Garchomp, F|100\/100\n|move|p2a: Charizard|Flare Blitz|p1a: Garchomp\n|-resisted|p1a: Garchomp\n|-damage|p1a: Garchomp|36\/100\n|-damage|p2a: Charizard|49\/100|[from] ability: Rough Skin|[of] p1a: Garchomp\n|-damage|p2a: Charizard|23\/100|[from] Recoil\n|\n|upkeep\n|turn|12\n|j| AlIoutdragadarts\n|l| AlIoutdragadarts\n|\n|t:|1651464713\n|move|p2a: Charizard|Earthquake|p1a: Garchomp\n|-damage|p1a: Garchomp|0 fnt\n|faint|p1a: Garchomp\n|\n|upkeep\n|\n|t:|1651464719\n|switch|p1a: Mawile|Mawile, F|100\/100\n|-ability|p1a: Mawile|Intimidate|boost\n|-unboost|p2a: Charizard|atk|1\n|turn|13\n|\n|t:|1651464726\n|switch|p2a: Landorus|Landorus-Therian, M|100\/100\n|-ability|p2a: Landorus|Intimidate|boost\n|-unboost|p1a: Mawile|atk|1\n|detailschange|p1a: Mawile|Mawile-Mega, F\n|-mega|p1a: Mawile|Mawile|Mawilite\n|move|p1a: Mawile|Play Rough|p2a: Landorus\n|-crit|p2a: Landorus\n|-damage|p2a: Landorus|0 fnt\n|faint|p2a: Landorus\n|\n|upkeep\n|\n|t:|1651464744\n|switch|p2a: Victini|Victini|100\/100\n|turn|14\n|\n|t:|1651464756\n|switch|p2a: Greninja|Greninja, M|100\/100\n|switch|p1a: Serperior|Serperior, M|100\/100\n|\n|upkeep\n|turn|15\n|\n|t:|1651464766\n|move|p2a: Greninja|U-turn|p1a: Serperior\n|-supereffective|p1a: Serperior\n|-damage|p1a: Serperior|64\/100\n|\n|t:|1651464768\n|switch|p2a: Victini|Victini|100\/100|[from]move: U-turn\n|move|p1a: Serperior|Leaf Storm|p2a: Victini\n|-resisted|p2a: Victini\n|-damage|p2a: Victini|80\/100\n|-boost|p1a: Serperior|spa|2\n|\n|-heal|p1a: Serperior|70\/100|[from] item: Leftovers\n|upkeep\n|turn|16\n|j| paradoxthetimelord\n|\n|t:|1651464790\n|switch|p2a: Greninja|Greninja, M|100\/100\n|move|p1a: Serperior|Leaf Storm|p2a: Greninja\n|-supereffective|p2a: Greninja\n|-damage|p2a: Greninja|0 fnt\n|-boost|p1a: Serperior|spa|2\n|faint|p2a: Greninja\n|\n|-heal|p1a: Serperior|76\/100|[from] item: Leftovers\n|upkeep\n|\n|t:|1651464795\n|switch|p2a: Victini|Victini|80\/100\n|turn|17\n|\n|t:|1651464801\n|move|p2a: Victini|V-create|p1a: Serperior\n|-supereffective|p1a: Serperior\n|-damage|p1a: Serperior|0 fnt\n|-unboost|p2a: Victini|spe|1\n|-unboost|p2a: Victini|def|1\n|-unboost|p2a: Victini|spd|1\n|faint|p1a: Serperior\n|\n|upkeep\n|\n|t:|1651464809\n|switch|p1a: Rotom|Rotom-Wash|51\/100\n|turn|18\n|inactive|FortnitePogger69 has 120 seconds left.\n|\n|t:|1651464841\n|move|p2a: Victini|V-create|p1a: Rotom\n|-resisted|p1a: Rotom\n|-damage|p1a: Rotom|28\/100\n|-unboost|p2a: Victini|spe|1\n|-unboost|p2a: Victini|def|1\n|-unboost|p2a: Victini|spd|1\n|move|p1a: Rotom|Volt Switch|p2a: Victini\n|-damage|p2a: Victini|39\/100\n|\n|t:|1651464849\n|switch|p1a: Tapu Lele|Tapu Lele|100\/100|[from]move: Volt Switch\n|-fieldstart|move: Psychic Terrain|[from] ability: Psychic Surge|[of] p1a: Tapu Lele\n|\n|upkeep\n|turn|19\n|inactive|FortnitePogger69 has 120 seconds left.\n|\n|t:|1651464868\n|move|p1a: Tapu Lele|Psychic|p2a: Victini\n|-resisted|p2a: Victini\n|-damage|p2a: Victini|0 fnt\n|faint|p2a: Victini\n|\n|upkeep\n|\n|t:|1651464871\n|switch|p2a: Charizard|Charizard-Mega-X, M|23\/100\n|turn|20\n|inactive|FortnitePogger69 has 120 seconds left.\n|\n|t:|1651464890\n|move|p1a: Tapu Lele|Psychic|p2a: Charizard\n|-damage|p2a: Charizard|0 fnt\n|faint|p2a: Charizard\n|\n|upkeep\n|\n|t:|1651464893\n|switch|p2a: Gyarados|Gyarados, M|100\/100\n|-ability|p2a: Gyarados|Intimidate|boost\n|-unboost|p1a: Tapu Lele|atk|1\n|turn|21\n|\n|t:|1651464904\n|move|p1a: Tapu Lele|Psychic|p2a: Gyarados\n|-damage|p2a: Gyarados|23\/100\n|-zpower|p2a: Gyarados\n|move|p2a: Gyarados|Supersonic Skystrike|p1a: Tapu Lele|[zeffect]\n|-damage|p1a: Tapu Lele|0 fnt\n|faint|p1a: Tapu Lele\n|\n|upkeep\n|\n|t:|1651464912\n|switch|p1a: Rotom|Rotom-Wash|28\/100\n|turn|22\n|\n|t:|1651464916\n|move|p2a: Gyarados|Waterfall|p1a: Rotom\n|-resisted|p1a: Rotom\n|-damage|p1a: Rotom|9\/100\n|-enditem|p1a: Rotom|Iapapa Berry|[eat]\n|-heal|p1a: Rotom|59\/100|[from] item: Iapapa Berry\n|move|p1a: Rotom|Volt Switch|p2a: Gyarados\n|-supereffective|p2a: Gyarados\n|-damage|p2a: Gyarados|0 fnt\n|faint|p2a: Gyarados\n|\n|win|TestingTesting1\n|raw|TestingTesting1's rating: 1586 &rarr; <strong>1614<\/strong><br \/>(+28 for winning)\n|raw|FortnitePogger69's rating: 1726 &rarr; <strong>1698<\/strong><br \/>(-28 for losing)\n","uploadtime":1651464920,"views":2,"p1id":"testingtesting1","p2id":"fortnitepogger69","formatid":"gen7ou","rating":1614,"private":0,"password":null}