{"id":"gen7ou-831581610","p1":"H4WT \u2605","p2":"Extinct Soul","format":"gen7ou","log":"|j|\u2606H4WT \u2605\n|j|\u2606Extinct Soul\n|player|p1|H4WT \u2605|165\n|player|p2|Extinct Soul|249\n|teamsize|p1|6\n|teamsize|p2|6\n|gametype|singles\n|gen|7\n|tier|[Gen 7] OU\n|rated|\n|rule|Sleep Clause Mod: Limit one foe put to sleep\n|rule|Species Clause: Limit one of each Pok\u00e9mon\n|rule|OHKO Clause: OHKO moves are banned\n|rule|Moody Clause: Moody is banned\n|rule|Evasion Moves Clause: Evasion moves are banned\n|rule|Endless Battle Clause: Forcing endless battles is banned\n|rule|HP Percentage Mod: HP is shown in percentages\n|clearpoke\n|poke|p1|Mawile, F|item\n|poke|p1|Zygarde|item\n|poke|p1|Heatran, M|item\n|poke|p1|Tapu Bulu|item\n|poke|p1|Toxapex, M|item\n|poke|p1|Tornadus-Therian, M|item\n|poke|p2|Beedrill, F|item\n|poke|p2|Hoopa-Unbound|item\n|poke|p2|Tapu Fini|item\n|poke|p2|Tauros, M|item\n|poke|p2|Celesteela|item\n|poke|p2|Palossand, M|item\n|teampreview\n|\n|start\n|switch|p1a: Tornadus|Tornadus-Therian, M|100\/100\n|switch|p2a: Celesteela|Celesteela|100\/100\n|turn|1\n|\n|move|p1a: Tornadus|Taunt|p2a: Celesteela\n|-start|p2a: Celesteela|move: Taunt\n|move|p2a: Celesteela|Heavy Slam|p1a: Tornadus\n|-damage|p1a: Tornadus|57\/100\n|-damage|p2a: Celesteela|84\/100|[from] item: Rocky Helmet|[of] p1a: Tornadus\n|\n|-heal|p2a: Celesteela|90\/100|[from] item: Leftovers\n|upkeep\n|turn|2\n|\n|move|p1a: Tornadus|U-turn|p2a: Celesteela\n|-resisted|p2a: Celesteela\n|-damage|p2a: Celesteela|88\/100\n|\n|switch|p1a: Toxapex|Toxapex, M|100\/100\n|move|p2a: Celesteela|Flamethrower|p1a: Toxapex\n|-resisted|p1a: Toxapex\n|-damage|p1a: Toxapex|94\/100\n|\n|-heal|p2a: Celesteela|94\/100|[from] item: Leftovers\n|upkeep\n|turn|3\n|\n|switch|p2a: Hoopa|Hoopa-Unbound|100\/100\n|move|p1a: Toxapex|Scald|p2a: Hoopa\n|-damage|p2a: Hoopa|85\/100\n|-status|p2a: Hoopa|brn\n|\n|-damage|p2a: Hoopa|79\/100 brn|[from] brn\n|upkeep\n|turn|4\n|\n|switch|p1a: Tapu Bulu|Tapu Bulu|100\/100\n|-fieldstart|move: Grassy Terrain|[from] ability: Grassy Surge|[of] p1a: Tapu Bulu\n|move|p2a: Hoopa|Psychic|p1a: Tapu Bulu\n|-damage|p1a: Tapu Bulu|24\/100\n|\n|-heal|p2a: Hoopa|85\/100 brn|[from] Grassy Terrain\n|-heal|p1a: Tapu Bulu|30\/100|[from] item: Leftovers\n|-heal|p1a: Tapu Bulu|36\/100|[from] Grassy Terrain\n|-damage|p2a: Hoopa|79\/100 brn|[from] brn\n|upkeep\n|turn|5\n|\n|move|p1a: Tapu Bulu|Protect|p1a: Tapu Bulu\n|-singleturn|p1a: Tapu Bulu|Protect\n|move|p2a: Hoopa|Psychic|p1a: Tapu Bulu\n|-activate|p1a: Tapu Bulu|move: Protect\n|\n|-heal|p2a: Hoopa|85\/100 brn|[from] Grassy Terrain\n|-heal|p1a: Tapu Bulu|42\/100|[from] item: Leftovers\n|-heal|p1a: Tapu Bulu|48\/100|[from] Grassy Terrain\n|-damage|p2a: Hoopa|79\/100 brn|[from] brn\n|upkeep\n|turn|6\n|\n|switch|p1a: Heatran|Heatran, M|100\/100\n|move|p2a: Hoopa|Psychic|p1a: Heatran\n|-resisted|p1a: Heatran\n|-damage|p1a: Heatran|56\/100\n|\n|-heal|p2a: Hoopa|85\/100 brn|[from] Grassy Terrain\n|-heal|p1a: Heatran|62\/100|[from] Grassy Terrain\n|-damage|p2a: Hoopa|79\/100 brn|[from] brn\n|upkeep\n|turn|7\n|\n|move|p2a: Hoopa|Psychic|p1a: Heatran\n|-resisted|p1a: Heatran\n|-damage|p1a: Heatran|13\/100\n|move|p1a: Heatran|Stealth Rock|p2a: Hoopa\n|-sidestart|p2: Extinct Soul|move: Stealth Rock\n|\n|-heal|p2a: Hoopa|85\/100 brn|[from] Grassy Terrain\n|-heal|p1a: Heatran|20\/100|[from] Grassy Terrain\n|-damage|p2a: Hoopa|79\/100 brn|[from] brn\n|upkeep\n|turn|8\n|\n|switch|p1a: Tornadus|Tornadus-Therian, M|90\/100\n|move|p2a: Hoopa|Psychic|p1a: Tornadus\n|-damage|p1a: Tornadus|0 fnt\n|faint|p1a: Tornadus\n|\n|-heal|p2a: Hoopa|85\/100 brn|[from] Grassy Terrain\n|-fieldend|move: Grassy Terrain\n|-damage|p2a: Hoopa|79\/100 brn|[from] brn\n|upkeep\n|\n|switch|p1a: Zygarde|Zygarde|100\/100\n|-ability|p1a: Zygarde|Aura Break\n|turn|9\n|\n|switch|p2a: Palossand|Palossand, M|100\/100\n|-damage|p2a: Palossand|94\/100|[from] Stealth Rock\n|move|p1a: Zygarde|Thousand Arrows|p2a: Palossand\n|-damage|p2a: Palossand|69\/100\n|\n|upkeep\n|turn|10\n|\n|move|p1a: Zygarde|Substitute|p1a: Zygarde\n|-start|p1a: Zygarde|Substitute\n|-damage|p1a: Zygarde|75\/100\n|move|p2a: Palossand|Shadow Ball|p1a: Zygarde\n|-end|p1a: Zygarde|Substitute\n|\n|-heal|p1a: Zygarde|82\/100|[from] item: Leftovers\n|upkeep\n|turn|11\n|\n|switch|p1a: Toxapex|Toxapex, M|100\/100\n|move|p2a: Palossand|Shadow Ball|p1a: Toxapex\n|-damage|p1a: Toxapex|80\/100\n|\n|upkeep\n|turn|12\n|\n|switch|p1a: Zygarde|Zygarde|82\/100\n|-ability|p1a: Zygarde|Aura Break\n|switch|p2a: Tapu Fini|Tapu Fini|100\/100\n|-damage|p2a: Tapu Fini|88\/100|[from] Stealth Rock\n|-fieldstart|move: Misty Terrain|[from] ability: Misty Surge|[of] p2a: Tapu Fini\n|\n|-heal|p1a: Zygarde|88\/100|[from] item: Leftovers\n|-heal|p2a: Tapu Fini|94\/100|[from] item: Leftovers\n|upkeep\n|turn|13\n|\n|switch|p1a: Tapu Bulu|Tapu Bulu|48\/100\n|-fieldstart|move: Grassy Terrain|[from] ability: Grassy Surge|[of] p1a: Tapu Bulu\n|move|p2a: Tapu Fini|Defog|p1a: Tapu Bulu\n|-unboost|p1a: Tapu Bulu|evasion|1\n|-sideend|p2: Extinct Soul|Stealth Rock|[from] move: Defog|[of] p2a: Tapu Fini\n|\n|-heal|p2a: Tapu Fini|100\/100|[from] item: Leftovers\n|-heal|p1a: Tapu Bulu|54\/100|[from] item: Leftovers\n|-heal|p1a: Tapu Bulu|60\/100|[from] Grassy Terrain\n|upkeep\n|turn|14\n|\n|switch|p2a: Celesteela|Celesteela|94\/100\n|move|p1a: Tapu Bulu|Horn Leech|p2a: Celesteela\n|-resisted|p2a: Celesteela\n|-damage|p2a: Celesteela|87\/100\n|-heal|p1a: Tapu Bulu|64\/100|[from] drain|[of] p2a: Celesteela\n|\n|-heal|p1a: Tapu Bulu|70\/100|[from] item: Leftovers\n|-heal|p1a: Tapu Bulu|77\/100|[from] Grassy Terrain\n|-heal|p2a: Celesteela|93\/100|[from] item: Leftovers\n|upkeep\n|turn|15\n|\n|switch|p1a: Toxapex|Toxapex, M|100\/100\n|switch|p2a: Hoopa|Hoopa-Unbound|79\/100 brn\n|\n|-heal|p2a: Hoopa|85\/100 brn|[from] Grassy Terrain\n|-damage|p2a: Hoopa|79\/100 brn|[from] brn\n|upkeep\n|turn|16\n|c|\u2606H4WT \u2605|fuck off\n|-message|H4WT \u2605 forfeited.\n|\n|win|Extinct Soul\n|l|\u2606H4WT \u2605\n|raw|H4WT \u2605's rating: 1641 &rarr; <strong>1614<\/strong><br \/>(-27 for losing)\n|raw|Extinct Soul's rating: 1520 &rarr; <strong>1547<\/strong><br \/>(+27 for winning)\n|c|\u2606Extinct Soul|gg hehe n_n\n","uploadtime":1541540802,"views":23,"p1id":"h4wt","p2id":"extinctsoul","formatid":"gen7ou","rating":1547,"private":0,"password":null}