{"id":"gen7uu-1634239348","p1":"Accalmie \u266b","p2":"Raph369","format":"gen7uu","log":"|j|\u2606Accalmie \u266b\n|j|\u2606Raph369\n|t:|1659879788\n|gametype|singles\n|player|p1|Accalmie \u266b|nessa-masters|\n|player|p2|Raph369|archer|\n|teamsize|p1|6\n|teamsize|p2|6\n|gen|7\n|tier|[Gen 7] UU\n|rated|Tournament battle\n|rule|Sleep Clause Mod: Limit one foe put to sleep\n|rule|Species Clause: Limit one of each Pok\u00e9mon\n|rule|OHKO Clause: OHKO moves are banned\n|rule|Moody Clause: Moody is banned\n|rule|Evasion Moves Clause: Evasion moves are banned\n|rule|Endless Battle Clause: Forcing endless battles is banned\n|rule|HP Percentage Mod: HP is shown in percentages\n|clearpoke\n|poke|p1|Sceptile, F|item\n|poke|p1|Rotom-Heat|item\n|poke|p1|Scizor, M|item\n|poke|p1|Togekiss, F|item\n|poke|p1|Gengar, F|item\n|poke|p1|Swampert, F|item\n|poke|p2|Gengar, M|item\n|poke|p2|Bisharp, M|item\n|poke|p2|Hippowdon, M|item\n|poke|p2|Pidgeot, M|item\n|poke|p2|Roserade, F|item\n|poke|p2|Feraligatr, M|item\n|teampreview\n|j| BB-8-NU\n|inactive|Battle timer is ON: inactive players will automatically lose when time's up. (requested by Accalmie \u266b)\n|c|\u2606Accalmie \u266b|holy finale\n|c|\u2606Accalmie \u266b|hf\n|j| CCGeek\n|inactive|Accalmie \u266b has 120 seconds left.\n|inactive|Raph369 has 120 seconds left.\n|c|\u2606Raph369|hf\n|\n|t:|1659879836\n|start\n|switch|p1a: Gengar|Gengar, F|100\/100\n|switch|p2a: I'm god|Gengar, M|100\/100\n|turn|1\n|c|\u2606Accalmie \u266b|tu tentes la tie ?\n|c|\u2606Raph369|ptet\n|\n|t:|1659879862\n|switch|p2a: Sleepy|Roserade, F|100\/100\n|move|p1a: Gengar|Shadow Ball|p2a: Sleepy\n|-crit|p2a: Sleepy\n|-damage|p2a: Sleepy|46\/100\n|\n|-heal|p2a: Sleepy|53\/100|[from] item: Black Sludge\n|upkeep\n|turn|2\n|c|\u2606Accalmie \u266b|nul\n|\n|t:|1659879875\n|move|p1a: Gengar|Substitute|p1a: Gengar\n|-start|p1a: Gengar|Substitute\n|-damage|p1a: Gengar|76\/100\n|move|p2a: Sleepy|Sleep Powder||[still]\n|-fail|p2a: Sleepy\n|\n|-heal|p2a: Sleepy|59\/100|[from] item: Black Sludge\n|upkeep\n|turn|3\n|\n|t:|1659879900\n|switch|p2a: Come|Hippowdon, M|100\/100\n|-weather|Sandstorm|[from] ability: Sand Stream|[of] p2a: Come\n|move|p1a: Gengar|Sludge Wave|p2a: Come\n|-resisted|p2a: Come\n|-damage|p2a: Come|75\/100\n|\n|-weather|Sandstorm|[upkeep]\n|-damage|p1a: Gengar|69\/100|[from] Sandstorm\n|-heal|p2a: Come|81\/100|[from] item: Leftovers\n|upkeep\n|turn|4\n|\n|t:|1659879909\n|switch|p2a: Fly little bird|Pidgeot, M|100\/100\n|move|p1a: Gengar|Shadow Ball|p2a: Fly little bird\n|-immune|p2a: Fly little bird\n|\n|-weather|Sandstorm|[upkeep]\n|-damage|p1a: Gengar|63\/100|[from] Sandstorm\n|-damage|p2a: Fly little bird|94\/100|[from] Sandstorm\n|upkeep\n|turn|5\n|\n|t:|1659879916\n|detailschange|p2a: Fly little bird|Pidgeot-Mega, M\n|-mega|p2a: Fly little bird|Pidgeot|Pidgeotite\n|move|p2a: Fly little bird|Hurricane|p1a: Gengar\n|-end|p1a: Gengar|Substitute\n|move|p1a: Gengar|Sludge Wave|p2a: Fly little bird\n|-damage|p2a: Fly little bird|24\/100\n|\n|-weather|Sandstorm|[upkeep]\n|-damage|p2a: Fly little bird|18\/100|[from] Sandstorm\n|-damage|p1a: Gengar|57\/100|[from] Sandstorm\n|upkeep\n|turn|6\n|\n|t:|1659879924\n|switch|p1a: Rotom|Rotom-Heat|100\/100\n|move|p2a: Fly little bird|Roost|p2a: Fly little bird\n|-heal|p2a: Fly little bird|68\/100\n|-singleturn|p2a: Fly little bird|move: Roost\n|\n|-weather|Sandstorm|[upkeep]\n|-damage|p2a: Fly little bird|62\/100|[from] Sandstorm\n|-damage|p1a: Rotom|94\/100|[from] Sandstorm\n|upkeep\n|turn|7\n|j| Plushietran\n|\n|t:|1659879929\n|switch|p2a: Come|Hippowdon, M|81\/100\n|move|p1a: Rotom|Toxic|p2a: Come\n|-status|p2a: Come|tox\n|\n|-weather|none\n|-heal|p2a: Come|87\/100 tox|[from] item: Leftovers\n|-damage|p2a: Come|81\/100 tox|[from] psn\n|upkeep\n|turn|8\n|j| A tyraniboah\n|\n|t:|1659879933\n|switch|p1a: Swampert|Swampert, F|100\/100\n|move|p2a: Come|Stealth Rock|p1a: Swampert\n|-sidestart|p1: Accalmie \u266b|move: Stealth Rock\n|\n|-heal|p2a: Come|87\/100 tox|[from] item: Leftovers\n|-damage|p2a: Come|75\/100 tox|[from] psn\n|upkeep\n|turn|9\n|l| Plushietran\n|\n|t:|1659879939\n|switch|p2a: Sleepy|Roserade, F|59\/100\n|move|p1a: Swampert|Stealth Rock|p2a: Sleepy\n|-sidestart|p2: Raph369|move: Stealth Rock\n|\n|-heal|p2a: Sleepy|65\/100|[from] item: Black Sludge\n|upkeep\n|turn|10\n|j| Plushietran\n|\n|t:|1659879944\n|switch|p2a: Gali l'Alligator|Feraligatr, M|100\/100\n|-damage|p2a: Gali l'Alligator|88\/100|[from] Stealth Rock\n|move|p1a: Swampert|Earthquake|p2a: Gali l'Alligator\n|-damage|p2a: Gali l'Alligator|47\/100\n|\n|upkeep\n|turn|11\n|\n|t:|1659879952\n|move|p2a: Gali l'Alligator|Dragon Dance|p2a: Gali l'Alligator\n|-boost|p2a: Gali l'Alligator|atk|1\n|-boost|p2a: Gali l'Alligator|spe|1\n|move|p1a: Swampert|Earthquake|p2a: Gali l'Alligator\n|-damage|p2a: Gali l'Alligator|9\/100\n|\n|upkeep\n|turn|12\n|\n|t:|1659879957\n|move|p2a: Gali l'Alligator|Liquidation|p1a: Swampert\n|-damage|p1a: Swampert|40\/100\n|move|p1a: Swampert|Earthquake|p2a: Gali l'Alligator\n|-damage|p2a: Gali l'Alligator|0 fnt\n|faint|p2a: Gali l'Alligator\n|\n|-heal|p1a: Swampert|47\/100|[from] item: Leftovers\n|upkeep\n|\n|t:|1659879963\n|switch|p2a: I'm god|Gengar, M|100\/100\n|-damage|p2a: I'm god|88\/100|[from] Stealth Rock\n|turn|13\n|\n|t:|1659879969\n|-zpower|p2a: I'm god\n|move|p2a: I'm god|Never-Ending Nightmare|p1a: Swampert|[zeffect]\n|-damage|p1a: Swampert|0 fnt\n|faint|p1a: Swampert\n|\n|upkeep\n|\n|t:|1659879981\n|switch|p1a: Scizor|Scizor, M|100\/100\n|-damage|p1a: Scizor|88\/100|[from] Stealth Rock\n|turn|14\n|\n|t:|1659879992\n|move|p2a: I'm god|Shadow Ball|p1a: Scizor\n|-damage|p1a: Scizor|27\/100\n|move|p1a: Scizor|Swords Dance|p1a: Scizor\n|-boost|p1a: Scizor|atk|2\n|\n|upkeep\n|turn|15\n|\n|t:|1659880011\n|switch|p2a: Sleepy|Roserade, F|65\/100\n|-damage|p2a: Sleepy|53\/100|[from] Stealth Rock\n|move|p1a: Scizor|Bullet Punch|p2a: Sleepy\n|-damage|p2a: Sleepy|0 fnt\n|faint|p2a: Sleepy\n|\n|upkeep\n|\n|t:|1659880015\n|switch|p2a: Get your love|Bisharp, M|100\/100\n|-damage|p2a: Get your love|95\/100|[from] Stealth Rock\n|turn|16\n|\n|t:|1659880020\n|move|p1a: Scizor|Swords Dance|p1a: Scizor\n|-boost|p1a: Scizor|atk|2\n|move|p2a: Get your love|Knock Off|p1a: Scizor\n|-damage|p1a: Scizor|0 fnt\n|-enditem|p1a: Scizor|Iron Plate|[from] move: Knock Off|[of] p2a: Get your love\n|faint|p1a: Scizor\n|\n|upkeep\n|c|\u2606Accalmie \u266b|fuck\n|c|\u2606Accalmie \u266b|je voulais roost\n|j| Bluey5413\n|\n|t:|1659880044\n|switch|p1a: Rotom|Rotom-Heat|94\/100\n|-damage|p1a: Rotom|69\/100|[from] Stealth Rock\n|turn|17\n|\n|t:|1659880050\n|switch|p2a: Come|Hippowdon, M|75\/100 tox\n|-damage|p2a: Come|68\/100 tox|[from] Stealth Rock\n|-weather|Sandstorm|[from] ability: Sand Stream|[of] p2a: Come\n|move|p1a: Rotom|Overheat|p2a: Come\n|-damage|p2a: Come|21\/100 tox\n|-unboost|p1a: Rotom|spa|2\n|\n|-weather|Sandstorm|[upkeep]\n|-damage|p1a: Rotom|63\/100|[from] Sandstorm\n|-heal|p2a: Come|27\/100 tox|[from] item: Leftovers\n|-damage|p2a: Come|21\/100 tox|[from] psn\n|upkeep\n|turn|18\n|\n|t:|1659880064\n|move|p1a: Rotom|Overheat|p2a: Come\n|-damage|p2a: Come|0 fnt\n|-unboost|p1a: Rotom|spa|2\n|faint|p2a: Come\n|\n|-weather|Sandstorm|[upkeep]\n|-damage|p1a: Rotom|57\/100|[from] Sandstorm\n|upkeep\n|\n|t:|1659880066\n|switch|p2a: I'm god|Gengar, M|88\/100\n|-damage|p2a: I'm god|76\/100|[from] Stealth Rock\n|turn|19\n|\n|t:|1659880071\n|move|p2a: I'm god|Shadow Ball|p1a: Rotom\n|-damage|p1a: Rotom|16\/100\n|-enditem|p1a: Rotom|Iapapa Berry|[eat]\n|-heal|p1a: Rotom|66\/100|[from] item: Iapapa Berry\n|move|p1a: Rotom|Volt Switch|p2a: I'm god\n|-damage|p2a: I'm god|63\/100\n|-start|p1a: Rotom|Disable|Volt Switch|[from] ability: Cursed Body|[of] p2a: I'm god\n|\n|t:|1659880081\n|switch|p1a: Sceptile|Sceptile, F|100\/100|[from]move: Volt Switch\n|-damage|p1a: Sceptile|88\/100|[from] Stealth Rock\n|\n|-weather|Sandstorm|[upkeep]\n|-damage|p1a: Sceptile|82\/100|[from] Sandstorm\n|-damage|p2a: I'm god|57\/100|[from] Sandstorm\n|upkeep\n|turn|20\n|\n|t:|1659880097\n|switch|p2a: Fly little bird|Pidgeot-Mega, M|62\/100\n|-damage|p2a: Fly little bird|37\/100|[from] Stealth Rock\n|detailschange|p1a: Sceptile|Sceptile-Mega, F\n|-mega|p1a: Sceptile|Sceptile|Sceptilite\n|move|p1a: Sceptile|Dragon Pulse|p2a: Fly little bird\n|-damage|p2a: Fly little bird|0 fnt\n|faint|p2a: Fly little bird\n|\n|-weather|Sandstorm|[upkeep]\n|-damage|p1a: Sceptile|76\/100|[from] Sandstorm\n|upkeep\n|\n|t:|1659880100\n|switch|p2a: Get your love|Bisharp, M|95\/100\n|-damage|p2a: Get your love|89\/100|[from] Stealth Rock\n|turn|21\n|\n|t:|1659880117\n|move|p1a: Sceptile|Hidden Power|p2a: Get your love\n|-supereffective|p2a: Get your love\n|-damage|p2a: Get your love|43\/100\n|move|p2a: Get your love|Iron Head|p1a: Sceptile\n|-damage|p1a: Sceptile|10\/100\n|\n|-weather|none\n|upkeep\n|turn|22\n|\n|t:|1659880130\n|switch|p1a: Rotom|Rotom-Heat|66\/100\n|-damage|p1a: Rotom|41\/100|[from] Stealth Rock\n|move|p2a: Get your love|Sucker Punch||[still]\n|-fail|p2a: Get your love\n|\n|upkeep\n|turn|23\n|\n|t:|1659880142\n|move|p2a: Get your love|Sucker Punch||[still]\n|-fail|p2a: Get your love\n|move|p1a: Rotom|Defog|p2a: Get your love\n|-unboost|p2a: Get your love|evasion|1\n|-ability|p2a: Get your love|Defiant\n|-boost|p2a: Get your love|atk|2\n|-sideend|p2: Raph369|Stealth Rock|[from] move: Defog|[of] p1a: Rotom\n|-sideend|p1: Accalmie \u266b|Stealth Rock|[from] move: Defog|[of] p1a: Rotom\n|\n|upkeep\n|turn|24\n|c|\u2606Raph369|bj\n|c| Bluey5413|Uh oh\n|\n|t:|1659880164\n|move|p2a: Get your love|Sucker Punch|p1a: Rotom\n|-damage|p1a: Rotom|0 fnt\n|faint|p1a: Rotom\n|\n|upkeep\n|\n|t:|1659880167\n|switch|p1a: Gengar|Gengar, F|57\/100\n|turn|25\n|\n|t:|1659880184\n|move|p2a: Get your love|Sucker Punch||[still]\n|-fail|p2a: Get your love\n|move|p1a: Gengar|Substitute|p1a: Gengar\n|-start|p1a: Gengar|Substitute\n|-damage|p1a: Gengar|32\/100\n|\n|upkeep\n|turn|26\n|\n|t:|1659880189\n|move|p2a: Get your love|Sucker Punch|p1a: Gengar\n|-supereffective|p1a: Gengar\n|-end|p1a: Gengar|Substitute\n|-zpower|p1a: Gengar\n|move|p1a: Gengar|All-Out Pummeling|p2a: Get your love|[zeffect]\n|-supereffective|p2a: Get your love\n|-damage|p2a: Get your love|0 fnt\n|faint|p2a: Get your love\n|\n|upkeep\n|\n|t:|1659880195\n|switch|p2a: I'm god|Gengar, M|57\/100\n|turn|27\n|\n|t:|1659880197\n|move|p1a: Gengar|Shadow Ball|p2a: I'm god\n|-supereffective|p2a: I'm god\n|-damage|p2a: I'm god|0 fnt\n|-start|p1a: Gengar|Disable|Shadow Ball|[from] ability: Cursed Body|[of] p2a: I'm god\n|faint|p2a: I'm god\n|\n|win|Accalmie \u266b\n|n|\u2606Accalmie \u266b|accalmie\n|n|\u2606Raph369|raph369\n|n| BB-8-NU|bb8nu\n|n| CCGeek|ccgeek\n|n| A tyraniboah|atyraniboah\n|n| Plushietran|plushietran\n|n| Bluey5413|bluey5413\n","uploadtime":1659880199,"views":8,"p1id":"accalmie","p2id":"raph369","formatid":"gen7uu","rating":0,"private":0,"password":null}