{"id":"gen7ou-721997958","p1":"jly8","p2":"K7U7 V3RD3","format":"gen7ou","log":"|j|\u2606jly8\n|j|\u2606K7U7 V3RD3\n|player|p1|jly8|80\n|player|p2|K7U7 V3RD3|129\n|teamsize|p1|6\n|teamsize|p2|6\n|gametype|singles\n|gen|7\n|tier|[Gen 7] OU\n|rated|\n|rule|Sleep Clause Mod: Limit one foe put to sleep\n|rule|Species Clause: Limit one of each Pok\u00e9mon\n|rule|OHKO Clause: OHKO moves are banned\n|rule|Moody Clause: Moody is banned\n|rule|Evasion Moves Clause: Evasion moves are banned\n|rule|Endless Battle Clause: Forcing endless battles is banned\n|rule|HP Percentage Mod: HP is shown in percentages\n|clearpoke\n|poke|p1|Heatran, M|item\n|poke|p1|Slowbro, F|item\n|poke|p1|Forretress, F|item\n|poke|p1|Sableye, F|item\n|poke|p1|Clefable, F|item\n|poke|p1|Hippowdon, M|item\n|poke|p2|Suicune|item\n|poke|p2|Magearna|item\n|poke|p2|Gliscor, M|item\n|poke|p2|Cresselia, F|item\n|poke|p2|Scizor, M|item\n|poke|p2|Amoonguss, F|item\n|teampreview\n|j| Serdnas\n|l| Serdnas\n|\n|start\n|switch|p1a: Clefable|Clefable, F|100\/100\n|switch|p2a: Suicune|Suicune|100\/100\n|-ability|p2a: Suicune|Pressure\n|turn|1\n|\n|move|p2a: Suicune|Substitute|p2a: Suicune\n|-start|p2a: Suicune|Substitute\n|-damage|p2a: Suicune|75\/100\n|move|p1a: Clefable|Cosmic Power|p1a: Clefable\n|-boost|p1a: Clefable|def|1\n|-boost|p1a: Clefable|spd|1\n|\n|-heal|p2a: Suicune|82\/100|[from] item: Leftovers\n|upkeep\n|turn|2\n|\n|move|p2a: Suicune|Calm Mind|p2a: Suicune\n|-boost|p2a: Suicune|spa|1\n|-boost|p2a: Suicune|spd|1\n|move|p1a: Clefable|Cosmic Power|p1a: Clefable\n|-boost|p1a: Clefable|def|1\n|-boost|p1a: Clefable|spd|1\n|\n|-heal|p2a: Suicune|88\/100|[from] item: Leftovers\n|upkeep\n|turn|3\n|\n|move|p2a: Suicune|Calm Mind|p2a: Suicune\n|-boost|p2a: Suicune|spa|1\n|-boost|p2a: Suicune|spd|1\n|move|p1a: Clefable|Cosmic Power|p1a: Clefable\n|-boost|p1a: Clefable|def|1\n|-boost|p1a: Clefable|spd|1\n|\n|-heal|p2a: Suicune|94\/100|[from] item: Leftovers\n|upkeep\n|turn|4\n|j| tapu moxo\n|c| tapu moxo|wasnt looking for love til i found you\n|c|\u2606K7U7 V3RD3|lol\n|c| tapu moxo|rita ora ft tapu moxo remix\n|c|\u2606K7U7 V3RD3|x)\n|\n|move|p2a: Suicune|Calm Mind|p2a: Suicune\n|-boost|p2a: Suicune|spa|1\n|-boost|p2a: Suicune|spd|1\n|move|p1a: Clefable|Cosmic Power|p1a: Clefable\n|-boost|p1a: Clefable|def|1\n|-boost|p1a: Clefable|spd|1\n|\n|-heal|p2a: Suicune|99\/100|[from] item: Leftovers\n|upkeep\n|turn|5\n|c| tapu moxo|x)\n|c|\u2606K7U7 V3RD3|lemme crit this boi\n|\n|move|p2a: Suicune|Calm Mind|p2a: Suicune\n|-boost|p2a: Suicune|spa|1\n|-boost|p2a: Suicune|spd|1\n|move|p1a: Clefable|Cosmic Power|p1a: Clefable\n|-boost|p1a: Clefable|def|1\n|-boost|p1a: Clefable|spd|1\n|\n|-heal|p2a: Suicune|100\/100|[from] item: Leftovers\n|upkeep\n|turn|6\n|\n|move|p2a: Suicune|Calm Mind|p2a: Suicune\n|-boost|p2a: Suicune|spa|1\n|-boost|p2a: Suicune|spd|1\n|move|p1a: Clefable|Cosmic Power|p1a: Clefable\n|-boost|p1a: Clefable|def|1\n|-boost|p1a: Clefable|spd|1\n|\n|upkeep\n|turn|7\n|\n|move|p2a: Suicune|Calm Mind|p2a: Suicune\n|-boost|p2a: Suicune|spa|1\n|-boost|p2a: Suicune|spd|1\n|move|p1a: Clefable|Charge Beam|p2a: Suicune\n|-supereffective|p2a: Suicune\n|-activate|p2a: Suicune|move: Substitute|[damage]\n|-boost|p1a: Clefable|spa|1\n|\n|upkeep\n|turn|8\n|c|\u2606K7U7 V3RD3|stronk\n|\n|move|p2a: Suicune|Scald|p1a: Clefable\n|-damage|p1a: Clefable|79\/100\n|move|p1a: Clefable|Charge Beam|p2a: Suicune\n|-supereffective|p2a: Suicune\n|-activate|p2a: Suicune|move: Substitute|[damage]\n|-boost|p1a: Clefable|spa|1\n|\n|-heal|p1a: Clefable|85\/100|[from] item: Leftovers\n|upkeep\n|turn|9\n|\n|move|p2a: Suicune|Protect|p2a: Suicune\n|-singleturn|p2a: Suicune|Protect\n|move|p1a: Clefable|Charge Beam|p2a: Suicune\n|-activate|p2a: Suicune|move: Protect\n|\n|-heal|p1a: Clefable|91\/100|[from] item: Leftovers\n|upkeep\n|turn|10\n|\n|move|p2a: Suicune|Scald|p1a: Clefable\n|-damage|p1a: Clefable|70\/100\n|-status|p1a: Clefable|brn\n|move|p1a: Clefable|Charge Beam|p2a: Suicune\n|-supereffective|p2a: Suicune\n|-activate|p2a: Suicune|move: Substitute|[damage]\n|-boost|p1a: Clefable|spa|1\n|\n|-heal|p1a: Clefable|77\/100 brn|[from] item: Leftovers\n|upkeep\n|turn|11\n|\n|move|p2a: Suicune|Protect|p2a: Suicune\n|-singleturn|p2a: Suicune|Protect\n|move|p1a: Clefable|Charge Beam|p2a: Suicune\n|-activate|p2a: Suicune|move: Protect\n|\n|-heal|p1a: Clefable|83\/100 brn|[from] item: Leftovers\n|upkeep\n|turn|12\n|\n|move|p2a: Suicune|Scald|p1a: Clefable\n|-damage|p1a: Clefable|63\/100 brn\n|move|p1a: Clefable|Charge Beam|p2a: Suicune\n|-supereffective|p2a: Suicune\n|-end|p2a: Suicune|Substitute\n|-boost|p1a: Clefable|spa|1\n|\n|-heal|p1a: Clefable|69\/100 brn|[from] item: Leftovers\n|upkeep\n|turn|13\n|\n|move|p2a: Suicune|Substitute|p2a: Suicune\n|-start|p2a: Suicune|Substitute\n|-damage|p2a: Suicune|75\/100\n|move|p1a: Clefable|Soft-Boiled|p1a: Clefable\n|-heal|p1a: Clefable|100\/100 brn\n|\n|-heal|p2a: Suicune|82\/100|[from] item: Leftovers\n|upkeep\n|turn|14\n|\n|move|p2a: Suicune|Protect|p2a: Suicune\n|-singleturn|p2a: Suicune|Protect\n|move|p1a: Clefable|Charge Beam|p2a: Suicune\n|-activate|p2a: Suicune|move: Protect\n|\n|-heal|p2a: Suicune|88\/100|[from] item: Leftovers\n|upkeep\n|turn|15\n|\n|move|p2a: Suicune|Scald|p1a: Clefable\n|-damage|p1a: Clefable|79\/100 brn\n|move|p1a: Clefable|Stored Power|p2a: Suicune\n|-end|p2a: Suicune|Substitute\n|\n|-heal|p2a: Suicune|94\/100|[from] item: Leftovers\n|-heal|p1a: Clefable|85\/100 brn|[from] item: Leftovers\n|upkeep\n|turn|16\n|c|\u2606K7U7 V3RD3|crit cmon\n|\n|move|p2a: Suicune|Protect|p2a: Suicune\n|-singleturn|p2a: Suicune|Protect\n|move|p1a: Clefable|Stored Power|p2a: Suicune\n|-activate|p2a: Suicune|move: Protect\n|\n|-heal|p2a: Suicune|99\/100|[from] item: Leftovers\n|-heal|p1a: Clefable|91\/100 brn|[from] item: Leftovers\n|upkeep\n|turn|17\n|\n|move|p2a: Suicune|Substitute|p2a: Suicune\n|-start|p2a: Suicune|Substitute\n|-damage|p2a: Suicune|75\/100\n|move|p1a: Clefable|Charge Beam|p2a: Suicune\n|-supereffective|p2a: Suicune\n|-activate|p2a: Suicune|move: Substitute|[damage]\n|-boost|p1a: Clefable|spa|1\n|\n|-heal|p2a: Suicune|81\/100|[from] item: Leftovers\n|-heal|p1a: Clefable|97\/100 brn|[from] item: Leftovers\n|upkeep\n|turn|18\n|\n|move|p2a: Suicune|Protect|p2a: Suicune\n|-singleturn|p2a: Suicune|Protect\n|move|p1a: Clefable|Stored Power|p2a: Suicune\n|-activate|p2a: Suicune|move: Protect\n|\n|-heal|p2a: Suicune|88\/100|[from] item: Leftovers\n|-heal|p1a: Clefable|100\/100 brn|[from] item: Leftovers\n|upkeep\n|turn|19\n|\n|move|p2a: Suicune|Scald|p1a: Clefable\n|-damage|p1a: Clefable|80\/100 brn\n|move|p1a: Clefable|Cosmic Power|p1a: Clefable\n|-boost|p1a: Clefable|def|0\n|-boost|p1a: Clefable|spd|0\n|\n|-heal|p2a: Suicune|94\/100|[from] item: Leftovers\n|-heal|p1a: Clefable|86\/100 brn|[from] item: Leftovers\n|upkeep\n|turn|20\n|\n|move|p2a: Suicune|Scald|p1a: Clefable\n|-damage|p1a: Clefable|65\/100 brn\n|move|p1a: Clefable|Stored Power|p2a: Suicune\n|-end|p2a: Suicune|Substitute\n|\n|-heal|p2a: Suicune|99\/100|[from] item: Leftovers\n|-heal|p1a: Clefable|71\/100 brn|[from] item: Leftovers\n|upkeep\n|turn|21\n|\n|move|p2a: Suicune|Substitute|p2a: Suicune\n|-start|p2a: Suicune|Substitute\n|-damage|p2a: Suicune|75\/100\n|move|p1a: Clefable|Soft-Boiled|p1a: Clefable\n|-heal|p1a: Clefable|100\/100 brn\n|\n|-heal|p2a: Suicune|81\/100|[from] item: Leftovers\n|upkeep\n|turn|22\n|\n|move|p2a: Suicune|Protect|p2a: Suicune\n|-singleturn|p2a: Suicune|Protect\n|move|p1a: Clefable|Stored Power|p2a: Suicune\n|-activate|p2a: Suicune|move: Protect\n|\n|-heal|p2a: Suicune|87\/100|[from] item: Leftovers\n|upkeep\n|turn|23\n|\n|move|p2a: Suicune|Scald|p1a: Clefable\n|-damage|p1a: Clefable|79\/100 brn\n|move|p1a: Clefable|Stored Power|p2a: Suicune\n|-end|p2a: Suicune|Substitute\n|\n|-heal|p2a: Suicune|94\/100|[from] item: Leftovers\n|-heal|p1a: Clefable|85\/100 brn|[from] item: Leftovers\n|upkeep\n|turn|24\n|\n|move|p2a: Suicune|Substitute|p2a: Suicune\n|-start|p2a: Suicune|Substitute\n|-damage|p2a: Suicune|69\/100\n|move|p1a: Clefable|Soft-Boiled|p1a: Clefable\n|-heal|p1a: Clefable|100\/100 brn\n|\n|-heal|p2a: Suicune|75\/100|[from] item: Leftovers\n|upkeep\n|turn|25\n|\n|move|p2a: Suicune|Scald|p1a: Clefable\n|-damage|p1a: Clefable|80\/100 brn\n|move|p1a: Clefable|Cosmic Power|p1a: Clefable\n|-boost|p1a: Clefable|def|0\n|-boost|p1a: Clefable|spd|0\n|\n|-heal|p2a: Suicune|81\/100|[from] item: Leftovers\n|-heal|p1a: Clefable|86\/100 brn|[from] item: Leftovers\n|upkeep\n|turn|26\n|\n|move|p2a: Suicune|Calm Mind|p2a: Suicune\n|-boost|p2a: Suicune|spa|0\n|-boost|p2a: Suicune|spd|0\n|move|p1a: Clefable|Cosmic Power|p1a: Clefable\n|-boost|p1a: Clefable|def|0\n|-boost|p1a: Clefable|spd|0\n|\n|-heal|p2a: Suicune|87\/100|[from] item: Leftovers\n|-heal|p1a: Clefable|92\/100 brn|[from] item: Leftovers\n|upkeep\n|turn|27\n|\n|move|p2a: Suicune|Calm Mind|p2a: Suicune\n|-boost|p2a: Suicune|spa|0\n|-boost|p2a: Suicune|spd|0\n|move|p1a: Clefable|Cosmic Power|p1a: Clefable\n|-boost|p1a: Clefable|def|0\n|-boost|p1a: Clefable|spd|0\n|\n|-heal|p2a: Suicune|93\/100|[from] item: Leftovers\n|-heal|p1a: Clefable|98\/100 brn|[from] item: Leftovers\n|upkeep\n|turn|28\n|\n|move|p2a: Suicune|Scald|p1a: Clefable\n|-damage|p1a: Clefable|77\/100 brn\n|move|p1a: Clefable|Cosmic Power|p1a: Clefable\n|-boost|p1a: Clefable|def|0\n|-boost|p1a: Clefable|spd|0\n|\n|-heal|p2a: Suicune|99\/100|[from] item: Leftovers\n|-heal|p1a: Clefable|83\/100 brn|[from] item: Leftovers\n|upkeep\n|turn|29\n|c|\u2606K7U7 V3RD3|one lil crit\n|\n|move|p2a: Suicune|Calm Mind|p2a: Suicune\n|-boost|p2a: Suicune|spa|0\n|-boost|p2a: Suicune|spd|0\n|move|p1a: Clefable|Cosmic Power|p1a: Clefable\n|-boost|p1a: Clefable|def|0\n|-boost|p1a: Clefable|spd|0\n|\n|-heal|p2a: Suicune|100\/100|[from] item: Leftovers\n|-heal|p1a: Clefable|89\/100 brn|[from] item: Leftovers\n|upkeep\n|turn|30\n|\n|move|p2a: Suicune|Calm Mind|p2a: Suicune\n|-boost|p2a: Suicune|spa|0\n|-boost|p2a: Suicune|spd|0\n|move|p1a: Clefable|Cosmic Power|p1a: Clefable\n|-boost|p1a: Clefable|def|0\n|-boost|p1a: Clefable|spd|0\n|\n|-heal|p1a: Clefable|95\/100 brn|[from] item: Leftovers\n|upkeep\n|turn|31\n|\n|move|p2a: Suicune|Calm Mind|p2a: Suicune\n|-boost|p2a: Suicune|spa|0\n|-boost|p2a: Suicune|spd|0\n|move|p1a: Clefable|Cosmic Power|p1a: Clefable\n|-boost|p1a: Clefable|def|0\n|-boost|p1a: Clefable|spd|0\n|\n|-heal|p1a: Clefable|100\/100 brn|[from] item: Leftovers\n|upkeep\n|turn|32\n|\n|move|p2a: Suicune|Scald|p1a: Clefable\n|-damage|p1a: Clefable|80\/100 brn\n|move|p1a: Clefable|Cosmic Power|p1a: Clefable\n|-boost|p1a: Clefable|def|0\n|-boost|p1a: Clefable|spd|0\n|\n|-heal|p1a: Clefable|86\/100 brn|[from] item: Leftovers\n|upkeep\n|turn|33\n|\n|move|p2a: Suicune|Scald|p1a: Clefable\n|-damage|p1a: Clefable|64\/100 brn\n|move|p1a: Clefable|Stored Power|p2a: Suicune\n|-end|p2a: Suicune|Substitute\n|\n|-heal|p1a: Clefable|70\/100 brn|[from] item: Leftovers\n|upkeep\n|turn|34\n|\n|move|p2a: Suicune|Substitute|p2a: Suicune\n|-start|p2a: Suicune|Substitute\n|-damage|p2a: Suicune|75\/100\n|move|p1a: Clefable|Soft-Boiled|p1a: Clefable\n|-heal|p1a: Clefable|100\/100 brn\n|\n|-heal|p2a: Suicune|82\/100|[from] item: Leftovers\n|upkeep\n|turn|35\n|\n|move|p2a: Suicune|Calm Mind|p2a: Suicune\n|-boost|p2a: Suicune|spa|0\n|-boost|p2a: Suicune|spd|0\n|move|p1a: Clefable|Cosmic Power|p1a: Clefable\n|-boost|p1a: Clefable|def|0\n|-boost|p1a: Clefable|spd|0\n|\n|-heal|p2a: Suicune|88\/100|[from] item: Leftovers\n|upkeep\n|turn|36\n|\n|move|p2a: Suicune|Calm Mind|p2a: Suicune\n|-boost|p2a: Suicune|spa|0\n|-boost|p2a: Suicune|spd|0\n|move|p1a: Clefable|Cosmic Power|p1a: Clefable\n|-boost|p1a: Clefable|def|0\n|-boost|p1a: Clefable|spd|0\n|\n|-heal|p2a: Suicune|94\/100|[from] item: Leftovers\n|upkeep\n|turn|37\n|c|\u2606K7U7 V3RD3|damn this is boring\n|\n|move|p2a: Suicune|Calm Mind|p2a: Suicune\n|-boost|p2a: Suicune|spa|0\n|-boost|p2a: Suicune|spd|0\n|move|p1a: Clefable|Cosmic Power|p1a: Clefable\n|-boost|p1a: Clefable|def|0\n|-boost|p1a: Clefable|spd|0\n|\n|-heal|p2a: Suicune|99\/100|[from] item: Leftovers\n|upkeep\n|turn|38\n|\n|move|p2a: Suicune|Calm Mind|p2a: Suicune\n|-boost|p2a: Suicune|spa|0\n|-boost|p2a: Suicune|spd|0\n|move|p1a: Clefable|Cosmic Power|p1a: Clefable\n|-boost|p1a: Clefable|def|0\n|-boost|p1a: Clefable|spd|0\n|\n|-heal|p2a: Suicune|100\/100|[from] item: Leftovers\n|upkeep\n|turn|39\n|\n|move|p2a: Suicune|Calm Mind|p2a: Suicune\n|-boost|p2a: Suicune|spa|0\n|-boost|p2a: Suicune|spd|0\n|move|p1a: Clefable|Cosmic Power|p1a: Clefable\n|-boost|p1a: Clefable|def|0\n|-boost|p1a: Clefable|spd|0\n|\n|upkeep\n|turn|40\n|\n|move|p2a: Suicune|Calm Mind|p2a: Suicune\n|-boost|p2a: Suicune|spa|0\n|-boost|p2a: Suicune|spd|0\n|move|p1a: Clefable|Cosmic Power|p1a: Clefable\n|-boost|p1a: Clefable|def|0\n|-boost|p1a: Clefable|spd|0\n|\n|upkeep\n|turn|41\n|\n|move|p2a: Suicune|Calm Mind|p2a: Suicune\n|-boost|p2a: Suicune|spa|0\n|-boost|p2a: Suicune|spd|0\n|move|p1a: Clefable|Cosmic Power|p1a: Clefable\n|-boost|p1a: Clefable|def|0\n|-boost|p1a: Clefable|spd|0\n|\n|upkeep\n|turn|42\n|\n|move|p2a: Suicune|Calm Mind|p2a: Suicune\n|-boost|p2a: Suicune|spa|0\n|-boost|p2a: Suicune|spd|0\n|move|p1a: Clefable|Cosmic Power|p1a: Clefable\n|-boost|p1a: Clefable|def|0\n|-boost|p1a: Clefable|spd|0\n|\n|upkeep\n|turn|43\n|\n|move|p2a: Suicune|Scald|p1a: Clefable\n|-damage|p1a: Clefable|79\/100 brn\n|move|p1a: Clefable|Cosmic Power|p1a: Clefable\n|-boost|p1a: Clefable|def|0\n|-boost|p1a: Clefable|spd|0\n|\n|-heal|p1a: Clefable|85\/100 brn|[from] item: Leftovers\n|upkeep\n|turn|44\n|\n|move|p2a: Suicune|Scald|p1a: Clefable\n|-damage|p1a: Clefable|64\/100 brn\n|move|p1a: Clefable|Cosmic Power|p1a: Clefable\n|-boost|p1a: Clefable|def|0\n|-boost|p1a: Clefable|spd|0\n|\n|-heal|p1a: Clefable|70\/100 brn|[from] item: Leftovers\n|upkeep\n|turn|45\n|\n|move|p2a: Suicune|Calm Mind|p2a: Suicune\n|-boost|p2a: Suicune|spa|0\n|-boost|p2a: Suicune|spd|0\n|move|p1a: Clefable|Soft-Boiled|p1a: Clefable\n|-heal|p1a: Clefable|100\/100 brn\n|\n|upkeep\n|turn|46\n|\n|move|p2a: Suicune|Calm Mind|p2a: Suicune\n|-boost|p2a: Suicune|spa|0\n|-boost|p2a: Suicune|spd|0\n|move|p1a: Clefable|Cosmic Power|p1a: Clefable\n|-boost|p1a: Clefable|def|0\n|-boost|p1a: Clefable|spd|0\n|\n|upkeep\n|turn|47\n|\n|move|p2a: Suicune|Calm Mind|p2a: Suicune\n|-boost|p2a: Suicune|spa|0\n|-boost|p2a: Suicune|spd|0\n|move|p1a: Clefable|Cosmic Power|p1a: Clefable\n|-boost|p1a: Clefable|def|0\n|-boost|p1a: Clefable|spd|0\n|\n|upkeep\n|turn|48\n|\n|move|p2a: Suicune|Protect|p2a: Suicune\n|-singleturn|p2a: Suicune|Protect\n|move|p1a: Clefable|Cosmic Power|p1a: Clefable\n|-boost|p1a: Clefable|def|0\n|-boost|p1a: Clefable|spd|0\n|\n|upkeep\n|turn|49\n|\n|move|p2a: Suicune|Protect|p2a: Suicune\n|-fail|p2a: Suicune\n|move|p1a: Clefable|Cosmic Power|p1a: Clefable\n|-boost|p1a: Clefable|def|0\n|-boost|p1a: Clefable|spd|0\n|\n|upkeep\n|turn|50\n|\n|move|p2a: Suicune|Calm Mind|p2a: Suicune\n|-boost|p2a: Suicune|spa|0\n|-boost|p2a: Suicune|spd|0\n|move|p1a: Clefable|Cosmic Power|p1a: Clefable\n|-boost|p1a: Clefable|def|0\n|-boost|p1a: Clefable|spd|0\n|\n|upkeep\n|turn|51\n|\n|move|p2a: Suicune|Protect|p2a: Suicune\n|-singleturn|p2a: Suicune|Protect\n|move|p1a: Clefable|Cosmic Power|p1a: Clefable\n|-boost|p1a: Clefable|def|0\n|-boost|p1a: Clefable|spd|0\n|\n|upkeep\n|turn|52\n|\n|move|p2a: Suicune|Calm Mind|p2a: Suicune\n|-boost|p2a: Suicune|spa|0\n|-boost|p2a: Suicune|spd|0\n|move|p1a: Clefable|Cosmic Power|p1a: Clefable\n|-boost|p1a: Clefable|def|0\n|-boost|p1a: Clefable|spd|0\n|\n|upkeep\n|turn|53\n|j| scob97\n|\n|move|p2a: Suicune|Calm Mind|p2a: Suicune\n|-boost|p2a: Suicune|spa|0\n|-boost|p2a: Suicune|spd|0\n|move|p1a: Clefable|Stored Power|p2a: Suicune\n|-end|p2a: Suicune|Substitute\n|\n|upkeep\n|turn|54\n|\n|switch|p1a: Slowbro|Slowbro, F|100\/100\n|move|p2a: Suicune|Substitute|p2a: Suicune\n|-start|p2a: Suicune|Substitute\n|-damage|p2a: Suicune|75\/100\n|\n|-heal|p2a: Suicune|82\/100|[from] item: Leftovers\n|upkeep\n|turn|55\n|\n|move|p2a: Suicune|Scald|p1a: Slowbro\n|-resisted|p1a: Slowbro\n|-damage|p1a: Slowbro|46\/100\n|move|p1a: Slowbro|Slack Off|p1a: Slowbro\n|-heal|p1a: Slowbro|96\/100\n|\n|-heal|p2a: Suicune|88\/100|[from] item: Leftovers\n|upkeep\n|turn|56\n|inactive|Battle timer is ON: inactive players will automatically lose when time's up. (requested by K7U7 V3RD3)\n|\n|switch|p1a: Clefable|Clefable, F|100\/100 brn\n|move|p2a: Suicune|Scald|p1a: Clefable\n|-damage|p1a: Clefable|18\/100 brn\n|\n|-heal|p2a: Suicune|94\/100|[from] item: Leftovers\n|-heal|p1a: Clefable|24\/100 brn|[from] item: Leftovers\n|upkeep\n|turn|57\n|\n|move|p2a: Suicune|Scald|p1a: Clefable\n|-damage|p1a: Clefable|0 fnt\n|faint|p1a: Clefable\n|\n|-heal|p2a: Suicune|99\/100|[from] item: Leftovers\n|upkeep\n|\n|switch|p1a: Sableye|Sableye, F|100\/100\n|turn|58\n|\n|-mega|p1a: Sableye|Sableye|Sablenite\n|detailschange|p1a: Sableye|Sableye-Mega, F\n|move|p1a: Sableye|Protect|p1a: Sableye\n|-singleturn|p1a: Sableye|Protect\n|move|p2a: Suicune|Substitute|p2a: Suicune\n|-fail|p2a: Suicune|move: Substitute\n|\n|-heal|p2a: Suicune|100\/100|[from] item: Leftovers\n|upkeep\n|turn|59\n|\n|move|p2a: Suicune|Scald|p1a: Sableye\n|-damage|p1a: Sableye|28\/100\n|move|p1a: Sableye|Knock Off|p2a: Suicune\n|-activate|p2a: Suicune|move: Substitute|[damage]\n|\n|upkeep\n|turn|60\n|\n|move|p2a: Suicune|Scald|p1a: Sableye\n|-damage|p1a: Sableye|0 fnt\n|faint|p1a: Sableye\n|\n|upkeep\n|inactive|jly8 has 135 seconds left.\n|\n|switch|p1a: Slowbro|Slowbro, F|100\/100\n|turn|61\n|\n|move|p2a: Suicune|Scald|p1a: Slowbro\n|-resisted|p1a: Slowbro\n|-damage|p1a: Slowbro|46\/100\n|move|p1a: Slowbro|Ice Beam|p2a: Suicune\n|-resisted|p2a: Suicune\n|-crit|p2a: Suicune\n|-end|p2a: Suicune|Substitute\n|\n|upkeep\n|turn|62\n|\n|move|p2a: Suicune|Scald|p1a: Slowbro\n|-resisted|p1a: Slowbro\n|-damage|p1a: Slowbro|0 fnt\n|faint|p1a: Slowbro\n|\n|upkeep\n|-message|jly8 forfeited.\n|\n|win|K7U7 V3RD3\n|l|\u2606jly8\n|raw|jly8's rating: 1740 &rarr; <strong>1725<\/strong><br \/>(-15 for losing)\n|raw|K7U7 V3RD3's rating: 1822 &rarr; <strong>1837<\/strong><br \/>(+15 for winning)\n","inputlog":null,"uploadtime":1521760830,"views":10,"p1id":"jly8","p2id":"k7u7v3rd3","formatid":"gen7ou","rating":1725,"private":0,"password":null}