{"id":"gen7ou-1467285098","p1":"Blazing Embit","p2":"stopthreat","format":"gen7ou","log":"|j|\u2606Blazing Embit\n|j|\u2606stopthreat\n|inactive|Battle timer is ON: inactive players will automatically lose when time's up.\n|t:|1638740097\n|gametype|singles\n|player|p1|Blazing Embit|barry|\n|player|p2|stopthreat|bugcatcher-gen4dp|\n|teamsize|p1|6\n|teamsize|p2|6\n|gen|7\n|tier|[Gen 7] OU\n|rated|Tournament battle\n|rule|Sleep Clause Mod: Limit one foe put to sleep\n|rule|Species Clause: Limit one of each Pok\u00e9mon\n|rule|OHKO Clause: OHKO moves are banned\n|rule|Moody Clause: Moody is banned\n|rule|Evasion Moves Clause: Evasion moves are banned\n|rule|Endless Battle Clause: Forcing endless battles is banned\n|rule|HP Percentage Mod: HP is shown in percentages\n|clearpoke\n|poke|p1|Skarmory, F|item\n|poke|p1|Volcarona, M|item\n|poke|p1|Blissey, F|item\n|poke|p1|Garchomp, M|item\n|poke|p1|Rotom-Wash|item\n|poke|p1|Gardevoir, F|item\n|poke|p2|Feraligatr, M|item\n|poke|p2|Smeargle, F|item\n|poke|p2|Exploud, M|item\n|poke|p2|Scizor, F|item\n|poke|p2|Heracross, M|item\n|poke|p2|Gliscor, F|item\n|teampreview\n|inactive|Blazing Embit has 120 seconds left.\n|inactive|stopthreat has 120 seconds left.\n|\n|t:|1638740133\n|start\n|switch|p1a: Air Chipper|Skarmory, F|100\/100\n|switch|p2a: AHHHHHHH|Exploud, M, shiny|100\/100\n|turn|1\n|inactive|stopthreat has 120 seconds left.\n|\n|t:|1638740188\n|move|p2a: AHHHHHHH|Boomburst|p1a: Air Chipper\n|-resisted|p1a: Air Chipper\n|-damage|p1a: Air Chipper|36\/100\n|move|p1a: Air Chipper|Stealth Rock|p2a: AHHHHHHH\n|-sidestart|p2: stopthreat|move: Stealth Rock\n|\n|upkeep\n|turn|2\n|\n|t:|1638740206\n|switch|p1a: NotStall|Blissey, F|100\/100\n|move|p2a: AHHHHHHH|Boomburst|p1a: NotStall\n|-damage|p1a: NotStall|67\/100\n|\n|-heal|p1a: NotStall|73\/100|[from] item: Leftovers\n|upkeep\n|turn|3\n|\n|t:|1638740219\n|switch|p2a: Scizor|Scizor, F|100\/100\n|-damage|p2a: Scizor|88\/100|[from] Stealth Rock\n|move|p1a: NotStall|Thunder Wave|p2a: Scizor\n|-status|p2a: Scizor|par\n|\n|-heal|p1a: NotStall|80\/100|[from] item: Leftovers\n|-heal|p2a: Scizor|94\/100 par|[from] item: Leftovers\n|upkeep\n|turn|4\n|inactive|stopthreat has 120 seconds left.\n|\n|t:|1638740233\n|move|p1a: NotStall|Seismic Toss|p2a: Scizor\n|-damage|p2a: Scizor|65\/100 par\n|move|p2a: Scizor|Defog|p1a: NotStall\n|-unboost|p1a: NotStall|evasion|1\n|-sideend|p2: stopthreat|Stealth Rock|[from] move: Defog|[of] p2a: Scizor\n|\n|-heal|p1a: NotStall|86\/100|[from] item: Leftovers\n|-heal|p2a: Scizor|71\/100 par|[from] item: Leftovers\n|upkeep\n|turn|5\n|inactive|Blazing Embit has 120 seconds left.\n|\n|t:|1638740265\n|move|p1a: NotStall|Seismic Toss|p2a: Scizor\n|-damage|p2a: Scizor|42\/100 par\n|move|p2a: Scizor|U-turn|p1a: NotStall\n|-damage|p1a: NotStall|54\/100\n|inactive|stopthreat has 120 seconds left.\n|\n|t:|1638740285\n|switch|p2a: Feraligatr|Feraligatr, M|100\/100|[from]move: U-turn\n|\n|-heal|p1a: NotStall|60\/100|[from] item: Leftovers\n|upkeep\n|turn|6\n|\n|t:|1638740294\n|switch|p2a: AHHHHHHH|Exploud, M, shiny|100\/100\n|move|p1a: NotStall|Thunder Wave|p2a: AHHHHHHH\n|-status|p2a: AHHHHHHH|par\n|\n|-heal|p1a: NotStall|66\/100|[from] item: Leftovers\n|upkeep\n|turn|7\n|inactive|stopthreat has 120 seconds left.\n|\n|t:|1638740316\n|move|p1a: NotStall|Seismic Toss|p2a: AHHHHHHH\n|-damage|p2a: AHHHHHHH|72\/100 par\n|move|p2a: AHHHHHHH|Boomburst|p1a: NotStall\n|-damage|p1a: NotStall|32\/100\n|\n|-heal|p1a: NotStall|38\/100|[from] item: Leftovers\n|upkeep\n|turn|8\n|\n|t:|1638740325\n|move|p1a: NotStall|Soft-Boiled|p1a: NotStall\n|-heal|p1a: NotStall|88\/100\n|move|p2a: AHHHHHHH|Boomburst|p1a: NotStall\n|-damage|p1a: NotStall|55\/100\n|\n|-heal|p1a: NotStall|61\/100|[from] item: Leftovers\n|upkeep\n|turn|9\n|inactive|stopthreat has 120 seconds left.\n|\n|t:|1638740341\n|move|p1a: NotStall|Seismic Toss|p2a: AHHHHHHH\n|-damage|p2a: AHHHHHHH|43\/100 par\n|cant|p2a: AHHHHHHH|par\n|\n|-heal|p1a: NotStall|67\/100|[from] item: Leftovers\n|upkeep\n|turn|10\n|\n|t:|1638740356\n|move|p1a: NotStall|Seismic Toss|p2a: AHHHHHHH\n|-damage|p2a: AHHHHHHH|15\/100 par\n|move|p2a: AHHHHHHH|Boomburst|p1a: NotStall\n|-damage|p1a: NotStall|35\/100\n|\n|-heal|p1a: NotStall|42\/100|[from] item: Leftovers\n|upkeep\n|turn|11\n|inactive|stopthreat has 120 seconds left.\n|\n|t:|1638740379\n|move|p1a: NotStall|Soft-Boiled|p1a: NotStall\n|-heal|p1a: NotStall|92\/100\n|move|p2a: AHHHHHHH|Boomburst|p1a: NotStall\n|-damage|p1a: NotStall|60\/100\n|\n|-heal|p1a: NotStall|67\/100|[from] item: Leftovers\n|upkeep\n|turn|12\n|\n|t:|1638740389\n|switch|p2a: Heracross|Heracross, M|100\/100\n|move|p1a: NotStall|Seismic Toss|p2a: Heracross\n|-damage|p2a: Heracross|67\/100\n|\n|-heal|p1a: NotStall|73\/100|[from] item: Leftovers\n|upkeep\n|turn|13\n|inactive|stopthreat has 120 seconds left.\n|\n|t:|1638740412\n|switch|p1a: The Blade|Garchomp, M|100\/100\n|move|p2a: Heracross|Close Combat|p1a: The Blade\n|-damage|p1a: The Blade|36\/100\n|-unboost|p2a: Heracross|def|1\n|-unboost|p2a: Heracross|spd|1\n|-damage|p2a: Heracross|55\/100|[from] ability: Rough Skin|[of] p1a: The Blade\n|\n|upkeep\n|turn|14\n|\n|t:|1638740428\n|move|p2a: Heracross|Close Combat|p1a: The Blade\n|-damage|p1a: The Blade|0 fnt\n|-unboost|p2a: Heracross|def|1\n|-unboost|p2a: Heracross|spd|1\n|-damage|p2a: Heracross|43\/100|[from] ability: Rough Skin|[of] p1a: The Blade\n|faint|p1a: The Blade\n|-ability|p2a: Heracross|Moxie|boost\n|-boost|p2a: Heracross|atk|1\n|\n|upkeep\n|inactive|Blazing Embit has 120 seconds left.\n|\n|t:|1638740450\n|switch|p1a: Onabudget|Rotom-Wash|100\/100\n|turn|15\n|j| aazah\n|inactive|stopthreat has 120 seconds left.\n|\n|t:|1638740476\n|move|p2a: Heracross|Close Combat|p1a: Onabudget\n|-damage|p1a: Onabudget|28\/100\n|-unboost|p2a: Heracross|def|1\n|-unboost|p2a: Heracross|spd|1\n|move|p1a: Onabudget|Volt Switch|p2a: Heracross\n|-damage|p2a: Heracross|0 fnt\n|faint|p2a: Heracross\n|inactive|Blazing Embit has 120 seconds left.\n|\n|t:|1638740492\n|switch|p1a: Bug Dancer|Volcarona, M|100\/100|[from]move: Volt Switch\n|\n|upkeep\n|\n|t:|1638740498\n|switch|p2a: Feraligatr|Feraligatr, M|100\/100\n|turn|16\n|inactive|Blazing Embit has 120 seconds left.\n|\n|t:|1638740506\n|-zpower|p1a: Bug Dancer\n|move|p1a: Bug Dancer|Bloom Doom|p2a: Feraligatr|[zeffect]\n|-supereffective|p2a: Feraligatr\n|-damage|p2a: Feraligatr|0 fnt\n|faint|p2a: Feraligatr\n|\n|upkeep\n|-message|stopthreat forfeited.\n|\n|win|Blazing Embit\n|n|\u2606Blazing Embit|blazingembit\n|n|\u2606stopthreat|stopthreat\n|n| aazah|aazah\n|l|\u2606stopthreat\n","uploadtime":1638740533,"views":4,"p1id":"blazingembit","p2id":"stopthreat","formatid":"gen7ou","rating":0,"private":0,"password":null}