{"id":"gen7ou-977773676","p1":"zitian7","p2":"madness10","format":"gen7ou","log":"|j|\u2606zitian7\n|j|\u2606madness10\n|player|p1|zitian7|101|1331\n|player|p2|madness10|265|1302\n|teamsize|p1|6\n|teamsize|p2|6\n|gametype|singles\n|gen|7\n|tier|[Gen 7] OU\n|rated|\n|rule|Sleep Clause Mod: Limit one foe put to sleep\n|rule|Species Clause: Limit one of each Pok\u00e9mon\n|rule|OHKO Clause: OHKO moves are banned\n|rule|Moody Clause: Moody is banned\n|rule|Evasion Moves Clause: Evasion moves are banned\n|rule|Endless Battle Clause: Forcing endless battles is banned\n|rule|HP Percentage Mod: HP is shown in percentages\n|clearpoke\n|poke|p1|Tapu Bulu|item\n|poke|p1|Diancie|item\n|poke|p1|Magnezone|item\n|poke|p1|Volcarona, F|item\n|poke|p1|Landorus-Therian, M|item\n|poke|p1|Tapu Lele|item\n|poke|p2|Lopunny, M|item\n|poke|p2|Landorus-Therian, M|item\n|poke|p2|Greninja, M|item\n|poke|p2|Heatran, M|item\n|poke|p2|Zapdos|item\n|poke|p2|Breloom, F|item\n|teampreview\n|inactive|Battle timer is ON: inactive players will automatically lose when time's up. (requested by zitian7)\n|\n|start\n|switch|p1a: Diancie|Diancie|100\/100\n|switch|p2a: Landorus|Landorus-Therian, M, shiny|100\/100\n|-ability|p2a: Landorus|Intimidate|boost\n|-fail|p1a: Diancie|unboost|[from] ability: Clear Body|[of] p1a: Diancie\n|turn|1\n|\n|detailschange|p1a: Diancie|Diancie-Mega\n|-mega|p1a: Diancie|Diancie|Diancite\n|move|p1a: Diancie|Protect|p1a: Diancie\n|-singleturn|p1a: Diancie|Protect\n|move|p2a: Landorus|U-turn|p1a: Diancie\n|-activate|p1a: Diancie|move: Protect\n|\n|upkeep\n|turn|2\n|\n|switch|p2a: Breloom|Breloom, F, shiny|100\/100\n|move|p1a: Diancie|Stealth Rock|p2a: Breloom\n|-sidestart|p2: madness10|move: Stealth Rock\n|\n|-status|p2a: Breloom|tox|[from] item: Toxic Orb\n|upkeep\n|turn|3\n|\n|switch|p1a: Tapu Lele|Tapu Lele|100\/100\n|-fieldstart|move: Psychic Terrain|[from] ability: Psychic Surge|[of] p1a: Tapu Lele\n|move|p2a: Breloom|Substitute|p2a: Breloom\n|-start|p2a: Breloom|Substitute\n|-damage|p2a: Breloom|76\/100 tox\n|\n|-heal|p2a: Breloom|88\/100 tox|[from] ability: Poison Heal\n|upkeep\n|turn|4\n|inactive|madness10 has 120 seconds left.\n|\n|move|p1a: Tapu Lele|Moonblast|p2a: Breloom\n|-supereffective|p2a: Breloom\n|-end|p2a: Breloom|Substitute\n|move|p2a: Breloom|Spore|p1a: Tapu Lele\n|-status|p1a: Tapu Lele|slp|[from] move: Spore\n|\n|-heal|p2a: Breloom|99\/100 tox|[from] ability: Poison Heal\n|upkeep\n|turn|5\n|inactive|madness10 has 120 seconds left.\n|\n|cant|p1a: Tapu Lele|slp\n|move|p2a: Breloom|Seed Bomb|p1a: Tapu Lele\n|-damage|p1a: Tapu Lele|39\/100 slp\n|\n|-heal|p2a: Breloom|100\/100 tox|[from] ability: Poison Heal\n|upkeep\n|turn|6\n|\n|switch|p1a: Magnezone|Magnezone|100\/100\n|move|p2a: Breloom|Seed Bomb|p1a: Magnezone\n|-resisted|p1a: Magnezone\n|-damage|p1a: Magnezone|78\/100\n|\n|upkeep\n|turn|7\n|inactive|madness10 has 120 seconds left.\n|\n|switch|p2a: Landorus|Landorus-Therian, M, shiny|100\/100\n|-damage|p2a: Landorus|88\/100|[from] Stealth Rock\n|-ability|p2a: Landorus|Intimidate|boost\n|-unboost|p1a: Magnezone|atk|1\n|move|p1a: Magnezone|Hidden Power|p2a: Landorus\n|-damage|p2a: Landorus|60\/100\n|\n|-fieldend|move: Psychic Terrain\n|upkeep\n|turn|8\n|inactive|madness10 has 120 seconds left.\n|\n|switch|p1a: Tapu Bulu|Tapu Bulu|100\/100\n|-fieldstart|move: Grassy Terrain|[from] ability: Grassy Surge|[of] p1a: Tapu Bulu\n|move|p2a: Landorus|Knock Off|p1a: Tapu Bulu\n|-resisted|p1a: Tapu Bulu\n|-damage|p1a: Tapu Bulu|87\/100\n|-enditem|p1a: Tapu Bulu|Leftovers|[from] move: Knock Off|[of] p2a: Landorus\n|\n|-heal|p1a: Tapu Bulu|93\/100|[from] Grassy Terrain\n|upkeep\n|turn|9\n|\n|-zpower|p2a: Landorus\n|move|p2a: Landorus|Supersonic Skystrike|p1a: Tapu Bulu|[zeffect]\n|-supereffective|p1a: Tapu Bulu\n|-damage|p1a: Tapu Bulu|0 fnt\n|faint|p1a: Tapu Bulu\n|\n|upkeep\n|\n|switch|p1a: Tapu Lele|Tapu Lele|39\/100 slp\n|-fieldstart|move: Psychic Terrain|[from] ability: Psychic Surge|[of] p1a: Tapu Lele\n|turn|10\n|\n|cant|p1a: Tapu Lele|slp\n|move|p2a: Landorus|Earthquake|p1a: Tapu Lele\n|-damage|p1a: Tapu Lele|0 fnt\n|faint|p1a: Tapu Lele\n|\n|upkeep\n|\n|switch|p1a: Landorus|Landorus-Therian, M|100\/100\n|-ability|p1a: Landorus|Intimidate|boost\n|-unboost|p2a: Landorus|atk|1\n|turn|11\n|\n|switch|p2a: Zapdos|Zapdos, shiny|100\/100\n|-damage|p2a: Zapdos|76\/100|[from] Stealth Rock\n|move|p1a: Landorus|U-turn|p2a: Zapdos\n|-resisted|p2a: Zapdos\n|-damage|p2a: Zapdos|66\/100\n|-damage|p1a: Landorus|84\/100|[from] item: Rocky Helmet|[of] p2a: Zapdos\n|\n|switch|p1a: Diancie|Diancie-Mega|100\/100|[from]move: U-turn\n|\n|upkeep\n|turn|12\n|inactive|madness10 has 120 seconds left.\n|\n|switch|p2a: Breloom|Breloom, F, shiny|100\/100 tox\n|-damage|p2a: Breloom|94\/100 tox|[from] Stealth Rock\n|move|p1a: Diancie|Moonblast|p2a: Breloom\n|-supereffective|p2a: Breloom\n|-damage|p2a: Breloom|0 fnt\n|faint|p2a: Breloom\n|\n|upkeep\n|inactive|madness10 has 120 seconds left.\n|\n|switch|p2a: Greninja|Greninja, M|100\/100\n|-damage|p2a: Greninja|88\/100|[from] Stealth Rock\n|turn|13\n|\n|move|p1a: Diancie|Protect|p1a: Diancie\n|-singleturn|p1a: Diancie|Protect\n|move|p2a: Greninja|Hydro Pump|p1a: Diancie\n|-activate|p1a: Diancie|move: Protect\n|\n|upkeep\n|turn|14\n|\n|switch|p1a: Magnezone|Magnezone|78\/100\n|move|p2a: Greninja|Hydro Pump|p1a: Magnezone|[miss]\n|-miss|p2a: Greninja|p1a: Magnezone\n|\n|-fieldend|move: Psychic Terrain\n|upkeep\n|turn|15\n|\n|switch|p2a: Landorus|Landorus-Therian, M, shiny|60\/100\n|-damage|p2a: Landorus|48\/100|[from] Stealth Rock\n|-ability|p2a: Landorus|Intimidate|boost\n|-unboost|p1a: Magnezone|atk|1\n|move|p1a: Magnezone|Discharge|p2a: Landorus\n|-immune|p2a: Landorus\n|\n|upkeep\n|turn|16\n|\n|switch|p1a: Landorus|Landorus-Therian, M|84\/100\n|-ability|p1a: Landorus|Intimidate|boost\n|-unboost|p2a: Landorus|atk|1\n|move|p2a: Landorus|Knock Off|p1a: Landorus\n|-damage|p1a: Landorus|57\/100\n|-enditem|p1a: Landorus|Choice Scarf|[from] move: Knock Off|[of] p2a: Landorus\n|\n|upkeep\n|turn|17\n|\n|move|p1a: Landorus|U-turn|p2a: Landorus\n|-resisted|p2a: Landorus\n|-damage|p2a: Landorus|33\/100\n|\n|switch|p1a: Diancie|Diancie-Mega|100\/100|[from]move: U-turn\n|move|p2a: Landorus|U-turn|p1a: Diancie\n|-resisted|p1a: Diancie\n|-damage|p1a: Diancie|88\/100\n|\n|switch|p2a: Greninja|Greninja, M|88\/100|[from]move: U-turn\n|-damage|p2a: Greninja|76\/100|[from] Stealth Rock\n|\n|upkeep\n|turn|18\n|\n|move|p1a: Diancie|Protect|p1a: Diancie\n|-singleturn|p1a: Diancie|Protect\n|move|p2a: Greninja|Hydro Pump|p1a: Diancie\n|-activate|p1a: Diancie|move: Protect\n|\n|upkeep\n|turn|19\n|\n|switch|p1a: Magnezone|Magnezone|78\/100\n|move|p2a: Greninja|Hydro Pump|p1a: Magnezone\n|-damage|p1a: Magnezone|19\/100\n|\n|upkeep\n|turn|20\n|\n|move|p2a: Greninja|Hydro Pump|p1a: Magnezone\n|-damage|p1a: Magnezone|0 fnt\n|faint|p1a: Magnezone\n|-activate|p2a: Greninja|ability: Battle Bond\n|detailschange|p2a: Greninja|Greninja-Ash, M\n|\n|upkeep\n|\n|switch|p1a: Diancie|Diancie-Mega|88\/100\n|turn|21\n|\n|move|p2a: Greninja|Hydro Pump|p1a: Diancie|[miss]\n|-miss|p2a: Greninja|p1a: Diancie\n|move|p1a: Diancie|Moonblast|p2a: Greninja\n|-supereffective|p2a: Greninja\n|-crit|p2a: Greninja\n|-damage|p2a: Greninja|0 fnt\n|faint|p2a: Greninja\n|\n|upkeep\n|\n|switch|p2a: Lopunny|Lopunny, M, shiny|100\/100\n|-damage|p2a: Lopunny|88\/100|[from] Stealth Rock\n|turn|22\n|\n|detailschange|p2a: Lopunny|Lopunny-Mega, M, shiny\n|-mega|p2a: Lopunny|Lopunny|Lopunnite\n|move|p1a: Diancie|Protect|p1a: Diancie\n|-singleturn|p1a: Diancie|Protect\n|move|p2a: Lopunny|Fake Out|p1a: Diancie\n|-activate|p1a: Diancie|move: Protect\n|\n|upkeep\n|turn|23\n|\n|switch|p1a: Landorus|Landorus-Therian, M|57\/100\n|-ability|p1a: Landorus|Intimidate|boost\n|-unboost|p2a: Lopunny|atk|1\n|move|p2a: Lopunny|High Jump Kick|p1a: Landorus\n|-resisted|p1a: Landorus\n|-damage|p1a: Landorus|28\/100\n|\n|upkeep\n|turn|24\n|\n|switch|p1a: Volcarona|Volcarona, F|100\/100\n|move|p2a: Lopunny|Ice Punch|p1a: Volcarona\n|-resisted|p1a: Volcarona\n|-damage|p1a: Volcarona|87\/100\n|\n|upkeep\n|turn|25\n|inactive|madness10 has 120 seconds left.\n|\n|switch|p2a: Landorus|Landorus-Therian, M, shiny|33\/100\n|-damage|p2a: Landorus|21\/100|[from] Stealth Rock\n|-ability|p2a: Landorus|Intimidate|boost\n|-unboost|p1a: Volcarona|atk|1\n|move|p1a: Volcarona|Quiver Dance|p1a: Volcarona\n|-boost|p1a: Volcarona|spa|1\n|-boost|p1a: Volcarona|spd|1\n|-boost|p1a: Volcarona|spe|1\n|\n|upkeep\n|turn|26\n|\n|move|p1a: Volcarona|Fiery Dance|p2a: Landorus\n|-damage|p2a: Landorus|0 fnt\n|-boost|p1a: Volcarona|spa|1\n|faint|p2a: Landorus\n|\n|upkeep\n|\n|switch|p2a: Lopunny|Lopunny-Mega, M, shiny|88\/100\n|-damage|p2a: Lopunny|82\/100|[from] Stealth Rock\n|turn|27\n|\n|move|p2a: Lopunny|Fake Out|p1a: Volcarona\n|-damage|p1a: Volcarona|55\/100\n|cant|p1a: Volcarona|flinch\n|\n|upkeep\n|turn|28\n|inactive|madness10 has 120 seconds left.\n|\n|switch|p2a: Heatran|Heatran, M, shiny|100\/100\n|-damage|p2a: Heatran|88\/100|[from] Stealth Rock\n|move|p1a: Volcarona|Fiery Dance|p2a: Heatran\n|-start|p2a: Heatran|ability: Flash Fire\n|\n|-heal|p2a: Heatran|94\/100|[from] item: Leftovers\n|upkeep\n|turn|29\n|inactive|madness10 has 120 seconds left.\n|\n|-zpower|p1a: Volcarona\n|move|p1a: Volcarona|Savage Spin-Out|p2a: Heatran|[zeffect]\n|-resisted|p2a: Heatran\n|-damage|p2a: Heatran|52\/100\n|move|p2a: Heatran|Magma Storm|p1a: Volcarona\n|-damage|p1a: Volcarona|7\/100\n|-activate|p1a: Volcarona|move: Magma Storm|[of] p2a: Heatran\n|\n|-heal|p2a: Heatran|59\/100|[from] item: Leftovers\n|-damage|p1a: Volcarona|0 fnt|[from] move: Magma Storm|[partiallytrapped]\n|faint|p1a: Volcarona\n|upkeep\n|\n|switch|p1a: Diancie|Diancie-Mega|88\/100\n|turn|30\n|\n|move|p1a: Diancie|Earth Power|p2a: Heatran\n|-supereffective|p2a: Heatran\n|-damage|p2a: Heatran|0 fnt\n|faint|p2a: Heatran\n|\n|upkeep\n|inactive|madness10 has 120 seconds left.\n|\n|switch|p2a: Lopunny|Lopunny-Mega, M, shiny|82\/100\n|-damage|p2a: Lopunny|77\/100|[from] Stealth Rock\n|turn|31\n|\n|move|p1a: Diancie|Protect|p1a: Diancie\n|-singleturn|p1a: Diancie|Protect\n|move|p2a: Lopunny|Fake Out|p1a: Diancie\n|-activate|p1a: Diancie|move: Protect\n|\n|upkeep\n|turn|32\n|\n|switch|p1a: Landorus|Landorus-Therian, M|28\/100\n|-ability|p1a: Landorus|Intimidate|boost\n|-unboost|p2a: Lopunny|atk|1\n|move|p2a: Lopunny|High Jump Kick|p1a: Landorus\n|-resisted|p1a: Landorus\n|-damage|p1a: Landorus|3\/100\n|\n|upkeep\n|turn|33\n|\n|move|p2a: Lopunny|Return|p1a: Landorus\n|-damage|p1a: Landorus|0 fnt\n|faint|p1a: Landorus\n|\n|upkeep\n|\n|switch|p1a: Diancie|Diancie-Mega|88\/100\n|turn|34\n|\n|switch|p2a: Zapdos|Zapdos, shiny|66\/100\n|-damage|p2a: Zapdos|41\/100|[from] Stealth Rock\n|move|p1a: Diancie|Moonblast|p2a: Zapdos\n|-damage|p2a: Zapdos|0 fnt\n|faint|p2a: Zapdos\n|\n|upkeep\n|\n|switch|p2a: Lopunny|Lopunny-Mega, M, shiny|77\/100\n|-damage|p2a: Lopunny|71\/100|[from] Stealth Rock\n|turn|35\n|\n|move|p1a: Diancie|Protect|p1a: Diancie\n|-singleturn|p1a: Diancie|Protect\n|move|p2a: Lopunny|Fake Out|p1a: Diancie\n|-activate|p1a: Diancie|move: Protect\n|\n|upkeep\n|turn|36\n|\n|move|p2a: Lopunny|High Jump Kick|p1a: Diancie|[miss]\n|-miss|p2a: Lopunny|p1a: Diancie\n|-damage|p2a: Lopunny|21\/100|[from] highjumpkick\n|move|p1a: Diancie|Moonblast|p2a: Lopunny\n|-supereffective|p2a: Lopunny\n|-damage|p2a: Lopunny|0 fnt\n|faint|p2a: Lopunny\n|\n|win|zitian7\n|raw|zitian7's rating: 1331 &rarr; <strong>1350<\/strong><br \/>(+19 for winning)\n|raw|madness10's rating: 1302 &rarr; <strong>1284<\/strong><br \/>(-18 for losing)\n","uploadtime":1568780144,"views":6,"p1id":"zitian7","p2id":"madness10","formatid":"gen7ou","rating":1284,"private":0,"password":null}