{"id":"gen7ou-764917726","p1":"CarlyBae","p2":"luas95","format":"gen7ou","log":"|j|\u2606CarlyBae\n|j|\u2606luas95\n|player|p1|CarlyBae|138\n|player|p2|luas95|266\n|teamsize|p1|6\n|teamsize|p2|6\n|gametype|singles\n|gen|7\n|tier|[Gen 7] OU\n|rated|\n|rule|Sleep Clause Mod: Limit one foe put to sleep\n|rule|Species Clause: Limit one of each Pok\u00e9mon\n|rule|OHKO Clause: OHKO moves are banned\n|rule|Moody Clause: Moody is banned\n|rule|Evasion Moves Clause: Evasion moves are banned\n|rule|Endless Battle Clause: Forcing endless battles is banned\n|rule|HP Percentage Mod: HP is shown in percentages\n|clearpoke\n|poke|p1|Charizard, F|item\n|poke|p1|Tyranitar, F|item\n|poke|p1|Tangrowth, F|item\n|poke|p1|Keldeo|item\n|poke|p1|Tapu Koko|item\n|poke|p1|Landorus-Therian, M|item\n|poke|p2|Alomomola, F|item\n|poke|p2|Clefable, M|item\n|poke|p2|Zygarde|item\n|poke|p2|Jirachi|item\n|poke|p2|Zapdos|item\n|poke|p2|Serperior, M|item\n|teampreview\n|\n|start\n|switch|p1a: Charizard|Charizard, F|100\/100\n|switch|p2a: Serperior|Serperior, M|100\/100\n|turn|1\n|\n|switch|p2a: Alomomola|Alomomola, F|100\/100\n|detailschange|p1a: Charizard|Charizard-Mega-Y, F\n|-mega|p1a: Charizard|Charizard|Charizardite Y\n|-weather|SunnyDay|[from] ability: Drought|[of] p1a: Charizard\n|move|p1a: Charizard|Flamethrower|p2a: Alomomola\n|-resisted|p2a: Alomomola\n|-damage|p2a: Alomomola|51\/100\n|-status|p2a: Alomomola|brn\n|\n|-weather|SunnyDay|[upkeep]\n|-damage|p2a: Alomomola|45\/100 brn|[from] brn\n|upkeep\n|turn|2\n|\n|switch|p2a: Clefable|Clefable, M|100\/100\n|move|p1a: Charizard|Flamethrower|p2a: Clefable\n|-damage|p2a: Clefable|30\/100\n|\n|-weather|SunnyDay|[upkeep]\n|-heal|p2a: Clefable|36\/100|[from] item: Leftovers\n|upkeep\n|turn|3\n|\n|move|p2a: Clefable|Protect|p2a: Clefable\n|-singleturn|p2a: Clefable|Protect\n|move|p1a: Charizard|Flamethrower|p2a: Clefable\n|-activate|p2a: Clefable|move: Protect\n|\n|-weather|SunnyDay|[upkeep]\n|-heal|p2a: Clefable|42\/100|[from] item: Leftovers\n|upkeep\n|turn|4\n|\n|move|p1a: Charizard|Flamethrower|p2a: Clefable\n|-damage|p2a: Clefable|0 fnt\n|faint|p2a: Clefable\n|\n|-weather|SunnyDay|[upkeep]\n|upkeep\n|\n|switch|p2a: Zygarde|Zygarde|100\/100\n|-ability|p2a: Zygarde|Aura Break\n|turn|5\n|\n|move|p1a: Charizard|Flamethrower|p2a: Zygarde\n|-resisted|p2a: Zygarde\n|-damage|p2a: Zygarde|67\/100\n|move|p2a: Zygarde|Substitute|p2a: Zygarde\n|-start|p2a: Zygarde|Substitute\n|-damage|p2a: Zygarde|42\/100\n|\n|-weather|none\n|-heal|p2a: Zygarde|48\/100|[from] item: Leftovers\n|upkeep\n|turn|6\n|\n|switch|p1a: Landorus|Landorus-Therian, M|100\/100\n|-ability|p1a: Landorus|Intimidate|boost\n|-immune|p2a: Zygarde|[msg]\n|move|p2a: Zygarde|Coil|p2a: Zygarde\n|-boost|p2a: Zygarde|atk|1\n|-boost|p2a: Zygarde|def|1\n|-boost|p2a: Zygarde|accuracy|1\n|\n|-heal|p2a: Zygarde|54\/100|[from] item: Leftovers\n|upkeep\n|turn|7\n|\n|move|p2a: Zygarde|Thousand Arrows|p1a: Landorus\n|-damage|p1a: Landorus|54\/100\n|-start|p1a: Landorus|Smack Down\n|move|p1a: Landorus|Earthquake|p2a: Zygarde\n|-activate|p2a: Zygarde|move: Substitute|[damage]\n|\n|-heal|p2a: Zygarde|61\/100|[from] item: Leftovers\n|-heal|p1a: Landorus|60\/100|[from] item: Leftovers\n|upkeep\n|turn|8\n|\n|move|p2a: Zygarde|Coil|p2a: Zygarde\n|-boost|p2a: Zygarde|atk|1\n|-boost|p2a: Zygarde|def|1\n|-boost|p2a: Zygarde|accuracy|1\n|move|p1a: Landorus|U-turn|p2a: Zygarde\n|-end|p2a: Zygarde|Substitute\n|\n|switch|p1a: Tangrowth|Tangrowth, F|100\/100\n|\n|-heal|p2a: Zygarde|67\/100|[from] item: Leftovers\n|upkeep\n|turn|9\n|\n|switch|p2a: Jirachi|Jirachi|100\/100\n|move|p1a: Tangrowth|Hidden Power|p2a: Jirachi\n|-resisted|p2a: Jirachi\n|-damage|p2a: Jirachi|94\/100\n|\n|-heal|p2a: Jirachi|100\/100|[from] item: Leftovers\n|upkeep\n|turn|10\n|\n|switch|p1a: Charizard|Charizard-Mega-Y, F|100\/100\n|-weather|SunnyDay|[from] ability: Drought|[of] p1a: Charizard\n|move|p2a: Jirachi|Stealth Rock|p1a: Charizard\n|-sidestart|p1: CarlyBae|move: Stealth Rock\n|\n|-weather|SunnyDay|[upkeep]\n|upkeep\n|turn|11\n|\n|switch|p2a: Alomomola|Alomomola, F|78\/100 brn\n|move|p1a: Charizard|Flamethrower|p2a: Alomomola\n|-resisted|p2a: Alomomola\n|-damage|p2a: Alomomola|27\/100 brn\n|\n|-weather|SunnyDay|[upkeep]\n|-damage|p2a: Alomomola|21\/100 brn|[from] brn\n|upkeep\n|turn|12\n|\n|move|p2a: Alomomola|Protect|p2a: Alomomola\n|-singleturn|p2a: Alomomola|Protect\n|move|p1a: Charizard|Flamethrower|p2a: Alomomola\n|-activate|p2a: Alomomola|move: Protect\n|\n|-weather|SunnyDay|[upkeep]\n|-damage|p2a: Alomomola|15\/100 brn|[from] brn\n|upkeep\n|turn|13\n|\n|move|p1a: Charizard|Flamethrower|p2a: Alomomola\n|-resisted|p2a: Alomomola\n|-damage|p2a: Alomomola|0 fnt\n|faint|p2a: Alomomola\n|\n|-weather|SunnyDay|[upkeep]\n|upkeep\n|\n|switch|p2a: Zygarde|Zygarde|67\/100\n|-ability|p2a: Zygarde|Aura Break\n|turn|14\n|\n|move|p1a: Charizard|Flamethrower|p2a: Zygarde\n|-resisted|p2a: Zygarde\n|-damage|p2a: Zygarde|28\/100\n|move|p2a: Zygarde|Dragon Dance|p2a: Zygarde\n|-boost|p2a: Zygarde|atk|1\n|-boost|p2a: Zygarde|spe|1\n|\n|-weather|none\n|-heal|p2a: Zygarde|34\/100|[from] item: Leftovers\n|upkeep\n|turn|15\n|\n|switch|p1a: Tangrowth|Tangrowth, F|100\/100\n|-damage|p1a: Tangrowth|88\/100|[from] Stealth Rock\n|move|p2a: Zygarde|Thousand Arrows|p1a: Tangrowth\n|-resisted|p1a: Tangrowth\n|-damage|p1a: Tangrowth|67\/100\n|\n|-heal|p2a: Zygarde|41\/100|[from] item: Leftovers\n|upkeep\n|turn|16\n|\n|switch|p2a: Zapdos|Zapdos|100\/100\n|move|p1a: Tangrowth|Hidden Power|p2a: Zapdos\n|-supereffective|p2a: Zapdos\n|-damage|p2a: Zapdos|79\/100\n|\n|-heal|p2a: Zapdos|85\/100|[from] item: Leftovers\n|upkeep\n|turn|17\n|\n|switch|p1a: Tapu Koko|Tapu Koko|100\/100\n|-damage|p1a: Tapu Koko|88\/100|[from] Stealth Rock\n|-fieldstart|move: Electric Terrain|[from] ability: Electric Surge|[of] p1a: Tapu Koko\n|move|p2a: Zapdos|Discharge|p1a: Tapu Koko\n|-resisted|p1a: Tapu Koko\n|-damage|p1a: Tapu Koko|66\/100\n|\n|-heal|p1a: Tapu Koko|72\/100|[from] item: Leftovers\n|-heal|p2a: Zapdos|91\/100|[from] item: Leftovers\n|upkeep\n|turn|18\n|\n|move|p1a: Tapu Koko|Defog|p2a: Zapdos\n|-unboost|p2a: Zapdos|evasion|1\n|-sideend|p1: CarlyBae|Stealth Rock|[from] move: Defog|[of] p1a: Tapu Koko\n|move|p2a: Zapdos|Heat Wave|p1a: Tapu Koko\n|-damage|p1a: Tapu Koko|37\/100\n|\n|-heal|p1a: Tapu Koko|43\/100|[from] item: Leftovers\n|-heal|p2a: Zapdos|97\/100|[from] item: Leftovers\n|upkeep\n|turn|19\n|\n|move|p1a: Tapu Koko|Roost|p1a: Tapu Koko\n|-heal|p1a: Tapu Koko|93\/100\n|move|p2a: Zapdos|Discharge|p1a: Tapu Koko\n|-resisted|p1a: Tapu Koko\n|-damage|p1a: Tapu Koko|72\/100\n|\n|-heal|p1a: Tapu Koko|78\/100|[from] item: Leftovers\n|-heal|p2a: Zapdos|100\/100|[from] item: Leftovers\n|upkeep\n|turn|20\n|\n|move|p1a: Tapu Koko|Thunderbolt|p2a: Zapdos\n|-damage|p2a: Zapdos|67\/100\n|move|p2a: Zapdos|Discharge|p1a: Tapu Koko\n|-resisted|p1a: Tapu Koko\n|-damage|p1a: Tapu Koko|59\/100\n|\n|-heal|p1a: Tapu Koko|65\/100|[from] item: Leftovers\n|-heal|p2a: Zapdos|74\/100|[from] item: Leftovers\n|upkeep\n|turn|21\n|\n|move|p1a: Tapu Koko|Roost|p1a: Tapu Koko\n|-heal|p1a: Tapu Koko|100\/100\n|move|p2a: Zapdos|Discharge|p1a: Tapu Koko\n|-resisted|p1a: Tapu Koko\n|-damage|p1a: Tapu Koko|80\/100\n|\n|-heal|p1a: Tapu Koko|87\/100|[from] item: Leftovers\n|-heal|p2a: Zapdos|80\/100|[from] item: Leftovers\n|-fieldend|move: Electric Terrain\n|upkeep\n|turn|22\n|\n|move|p1a: Tapu Koko|U-turn|p2a: Zapdos\n|-resisted|p2a: Zapdos\n|-damage|p2a: Zapdos|72\/100\n|\n|switch|p1a: Tyranitar|Tyranitar, F|100\/100\n|-weather|Sandstorm|[from] ability: Sand Stream|[of] p1a: Tyranitar\n|move|p2a: Zapdos|Heat Wave|p1a: Tyranitar\n|-resisted|p1a: Tyranitar\n|-damage|p1a: Tyranitar|92\/100\n|\n|-weather|Sandstorm|[upkeep]\n|-damage|p2a: Zapdos|65\/100|[from] Sandstorm\n|-heal|p2a: Zapdos|72\/100|[from] item: Leftovers\n|upkeep\n|turn|23\n|\n|switch|p2a: Zygarde|Zygarde|41\/100\n|-ability|p2a: Zygarde|Aura Break\n|move|p1a: Tyranitar|Crunch|p2a: Zygarde\n|-damage|p2a: Zygarde|0 fnt\n|faint|p2a: Zygarde\n|\n|-weather|Sandstorm|[upkeep]\n|upkeep\n|\n|switch|p2a: Serperior|Serperior, M|100\/100\n|turn|24\n|\n|move|p2a: Serperior|Leaf Storm|p1a: Tyranitar\n|-supereffective|p1a: Tyranitar\n|-damage|p1a: Tyranitar|34\/100\n|-boost|p2a: Serperior|spa|2\n|move|p1a: Tyranitar|Crunch|p2a: Serperior\n|-damage|p2a: Serperior|9\/100\n|\n|-weather|Sandstorm|[upkeep]\n|-damage|p2a: Serperior|3\/100|[from] Sandstorm\n|upkeep\n|turn|25\n|\n|switch|p1a: Tangrowth|Tangrowth, F|99\/100\n|move|p2a: Serperior|Leaf Storm|p1a: Tangrowth\n|-resisted|p1a: Tangrowth\n|-damage|p1a: Tangrowth|70\/100\n|-boost|p2a: Serperior|spa|2\n|\n|-weather|Sandstorm|[upkeep]\n|-damage|p2a: Serperior|0 fnt|[from] Sandstorm\n|-damage|p1a: Tangrowth|64\/100|[from] Sandstorm\n|upkeep\n|faint|p2a: Serperior\n|\n|switch|p2a: Jirachi|Jirachi|100\/100\n|turn|26\n|\n|switch|p1a: Charizard|Charizard-Mega-Y, F|100\/100\n|-weather|SunnyDay|[from] ability: Drought|[of] p1a: Charizard\n|move|p2a: Jirachi|Body Slam|p1a: Charizard\n|-damage|p1a: Charizard|60\/100\n|\n|-weather|SunnyDay|[upkeep]\n|upkeep\n|turn|27\n|c|\u2606CarlyBae|can i have your team\n|c|\u2606CarlyBae|i like it\n|\n|move|p1a: Charizard|Flamethrower|p2a: Jirachi\n|-supereffective|p2a: Jirachi\n|-damage|p2a: Jirachi|0 fnt\n|faint|p2a: Jirachi\n|\n|-weather|SunnyDay|[upkeep]\n|upkeep\n|\n|switch|p2a: Zapdos|Zapdos|72\/100\n|turn|28\n|\n|switch|p1a: Landorus|Landorus-Therian, M|60\/100\n|-ability|p1a: Landorus|Intimidate|boost\n|-unboost|p2a: Zapdos|atk|1\n|move|p2a: Zapdos|Roost|p2a: Zapdos\n|-heal|p2a: Zapdos|100\/100\n|\n|-weather|SunnyDay|[upkeep]\n|-heal|p1a: Landorus|66\/100|[from] item: Leftovers\n|upkeep\n|turn|29\n|\n|switch|p1a: Tapu Koko|Tapu Koko|87\/100\n|-fieldstart|move: Electric Terrain|[from] ability: Electric Surge|[of] p1a: Tapu Koko\n|move|p2a: Zapdos|Heat Wave|p1a: Tapu Koko\n|-damage|p1a: Tapu Koko|37\/100\n|\n|-weather|SunnyDay|[upkeep]\n|-heal|p1a: Tapu Koko|43\/100|[from] item: Leftovers\n|upkeep\n|turn|30\n|\n|move|p1a: Tapu Koko|U-turn|p2a: Zapdos\n|-resisted|p2a: Zapdos\n|-damage|p2a: Zapdos|93\/100\n|\n|switch|p1a: Keldeo|Keldeo|100\/100\n|move|p2a: Zapdos|Heat Wave|p1a: Keldeo\n|-resisted|p1a: Keldeo\n|-damage|p1a: Keldeo|79\/100\n|\n|-weather|none\n|-heal|p2a: Zapdos|99\/100|[from] item: Leftovers\n|upkeep\n|turn|31\n|\n|switch|p1a: Landorus|Landorus-Therian, M|66\/100\n|-ability|p1a: Landorus|Intimidate|boost\n|-unboost|p2a: Zapdos|atk|1\n|move|p2a: Zapdos|Discharge|p1a: Landorus\n|-immune|p1a: Landorus|[msg]\n|\n|-heal|p1a: Landorus|72\/100|[from] item: Leftovers\n|-heal|p2a: Zapdos|100\/100|[from] item: Leftovers\n|upkeep\n|turn|32\n|-message|luas95 forfeited.\n|\n|win|CarlyBae\n|raw|CarlyBae's rating: 1478 &rarr; <strong>1503<\/strong><br \/>(+25 for winning)\n|raw|luas95's rating: 1571 &rarr; <strong>1548<\/strong><br \/>(-23 for losing)\n|l|\u2606luas95\n","inputlog":null,"uploadtime":1529470031,"views":17,"p1id":"carlybae","p2id":"luas95","formatid":"gen7ou","rating":1503,"private":0,"password":null}