{"id":"gen7ou-1249338540","p1":"NAFLD","p2":"Waffleztastegood","format":"gen7ou","log":"|j|\u2606NAFLD\n|j|\u2606Waffleztastegood\n|t:|1608769835\n|player|p1|NAFLD|1|1544\n|player|p2|Waffleztastegood|gambler|1596\n|teamsize|p1|6\n|teamsize|p2|6\n|gametype|singles\n|gen|7\n|tier|[Gen 7] OU\n|rated|\n|clearpoke\n|poke|p1|Ferrothorn, F|item\n|poke|p1|Greninja, M|item\n|poke|p1|Swampert, F|item\n|poke|p1|Tornadus-Therian, M|item\n|poke|p1|Pelipper, M|item\n|poke|p1|Manaphy|item\n|poke|p2|Greninja, M|item\n|poke|p2|Heatran, M|item\n|poke|p2|Tapu Bulu|item\n|poke|p2|Landorus-Therian, M|item\n|poke|p2|Medicham, M|item\n|poke|p2|Toxapex, M|item\n|rule|Sleep Clause Mod: Limit one foe put to sleep\n|rule|Species Clause: Limit one of each Pok\u00e9mon\n|rule|OHKO Clause: OHKO moves are banned\n|rule|Moody Clause: Moody is banned\n|rule|Evasion Moves Clause: Evasion moves are banned\n|rule|Endless Battle Clause: Forcing endless battles is banned\n|rule|HP Percentage Mod: HP is shown in percentages\n|teampreview\n|inactive|Battle timer is ON: inactive players will automatically lose when time's up. (requested by Waffleztastegood)\n|\n|t:|1608769854\n|start\n|switch|p1a: Ferrothorn|Ferrothorn, F|100\/100\n|switch|p2a: Medicham|Medicham, M|100\/100\n|turn|1\n|\n|t:|1608769858\n|detailschange|p2a: Medicham|Medicham-Mega, M\n|-mega|p2a: Medicham|Medicham|Medichamite\n|move|p2a: Medicham|Fake Out|p1a: Ferrothorn\n|-resisted|p1a: Ferrothorn\n|-damage|p1a: Ferrothorn|92\/100\n|-damage|p2a: Medicham|88\/100|[from] ability: Iron Barbs|[of] p1a: Ferrothorn\n|cant|p1a: Ferrothorn|flinch\n|\n|upkeep\n|turn|2\n|\n|t:|1608769862\n|move|p2a: Medicham|High Jump Kick|p1a: Ferrothorn\n|-supereffective|p1a: Ferrothorn\n|-enditem|p1a: Ferrothorn|Chople Berry|[eat]\n|-enditem|p1a: Ferrothorn|Chople Berry|[weaken]\n|-damage|p1a: Ferrothorn|2\/100\n|-damage|p2a: Medicham|76\/100|[from] ability: Iron Barbs|[of] p1a: Ferrothorn\n|move|p1a: Ferrothorn|Gyro Ball|p2a: Medicham\n|-damage|p2a: Medicham|9\/100\n|\n|upkeep\n|turn|3\n|\n|t:|1608769869\n|switch|p2a: Heatran|Heatran, M|100\/100\n|move|p1a: Ferrothorn|Gyro Ball|p2a: Heatran\n|-resisted|p2a: Heatran\n|-damage|p2a: Heatran|90\/100\n|\n|-heal|p2a: Heatran|96\/100|[from] item: Leftovers\n|upkeep\n|turn|4\n|\n|t:|1608769876\n|move|p2a: Heatran|Taunt|p1a: Ferrothorn\n|-start|p1a: Ferrothorn|move: Taunt\n|cant|p1a: Ferrothorn|move: Taunt|Stealth Rock\n|\n|-heal|p2a: Heatran|100\/100|[from] item: Leftovers\n|upkeep\n|turn|5\n|\n|t:|1608769882\n|switch|p1a: Greninja|Greninja, M|100\/100\n|move|p2a: Heatran|Stealth Rock|p1a: Greninja\n|-sidestart|p1: NAFLD|move: Stealth Rock\n|\n|upkeep\n|turn|6\n|\n|t:|1608769887\n|switch|p2a: Toxapex|Toxapex, M|100\/100\n|move|p1a: Greninja|Hydro Pump|p2a: Toxapex\n|-resisted|p2a: Toxapex\n|-damage|p2a: Toxapex|79\/100\n|\n|-heal|p2a: Toxapex|85\/100|[from] item: Black Sludge\n|upkeep\n|turn|7\n|\n|t:|1608769900\n|switch|p1a: Pelipper|Pelipper, M|100\/100\n|-damage|p1a: Pelipper|76\/100|[from] Stealth Rock\n|-weather|RainDance|[from] ability: Drizzle|[of] p1a: Pelipper\n|switch|p2a: Tapu Bulu|Tapu Bulu|100\/100\n|-fieldstart|move: Grassy Terrain|[from] ability: Grassy Surge|[of] p2a: Tapu Bulu\n|\n|-weather|RainDance|[upkeep]\n|upkeep\n|turn|8\n|\n|t:|1608769907\n|switch|p1a: Tornadus|Tornadus-Therian, M|100\/100\n|-damage|p1a: Tornadus|76\/100|[from] Stealth Rock\n|move|p2a: Tapu Bulu|Stone Edge|p1a: Tornadus\n|-supereffective|p1a: Tornadus\n|-crit|p1a: Tornadus\n|-damage|p1a: Tornadus|0 fnt\n|faint|p1a: Tornadus\n|\n|-weather|RainDance|[upkeep]\n|upkeep\n|\n|t:|1608769915\n|switch|p1a: Manaphy|Manaphy|100\/100\n|-damage|p1a: Manaphy|88\/100|[from] Stealth Rock\n|turn|9\n|\n|t:|1608769918\n|move|p1a: Manaphy|Tail Glow|p1a: Manaphy\n|-boost|p1a: Manaphy|spa|3\n|move|p2a: Tapu Bulu|Horn Leech|p1a: Manaphy\n|-supereffective|p1a: Manaphy\n|-damage|p1a: Manaphy|0 fnt\n|faint|p1a: Manaphy\n|\n|-weather|RainDance|[upkeep]\n|upkeep\n|-message|NAFLD forfeited.\n|\n|win|Waffleztastegood\n|l|\u2606NAFLD\n|raw|NAFLD's rating: 1554 &rarr; <strong>1536<\/strong><br \/>(-18 for losing)\n|raw|Waffleztastegood's rating: 1596 &rarr; <strong>1614<\/strong><br \/>(+18 for winning)\n","uploadtime":1608769925,"views":17,"p1id":"nafld","p2id":"waffleztastegood","formatid":"gen7ou","rating":1536,"private":0,"password":null}