{"id":"gen7ou-1097083753","p1":"lord cube","p2":"Y0daSpirit","format":"gen7ou","log":"|j|\u2606lord cube\n|j|\u2606Y0daSpirit\n|player|p1|lord cube|riley|1495\n|player|p2|Y0daSpirit|265|1479\n|teamsize|p1|6\n|teamsize|p2|6\n|gametype|singles\n|gen|7\n|tier|[Gen 7] OU\n|rated|\n|clearpoke\n|poke|p1|Excadrill, M|item\n|poke|p1|Tapu Lele|item\n|poke|p1|Gyarados, M|item\n|poke|p1|Mawile, M|item\n|poke|p1|Volcarona, M|item\n|poke|p1|Serperior, M|item\n|poke|p2|Tornadus-Therian, M|item\n|poke|p2|Jirachi|item\n|poke|p2|Tapu Fini|item\n|poke|p2|Dragonite, M|item\n|poke|p2|Diggersby, M|item\n|poke|p2|Manectric, F|item\n|rule|Sleep Clause Mod: Limit one foe put to sleep\n|rule|Species Clause: Limit one of each Pok\u00e9mon\n|rule|OHKO Clause: OHKO moves are banned\n|rule|Moody Clause: Moody is banned\n|rule|Evasion Moves Clause: Evasion moves are banned\n|rule|Endless Battle Clause: Forcing endless battles is banned\n|rule|HP Percentage Mod: HP is shown in percentages\n|teampreview\n|\n|start\n|switch|p1a: Excadrill|Excadrill, M|100\/100\n|switch|p2a: Tapu Fini|Tapu Fini|100\/100\n|-ability|p1a: Excadrill|Mold Breaker\n|-fieldstart|move: Misty Terrain|[from] ability: Misty Surge|[of] p2a: Tapu Fini\n|turn|1\n|c|\u2606Y0daSpirit|aw hi amb\n|\n|switch|p1a: Serperior|Serperior, M|100\/100\n|move|p2a: Tapu Fini|Scald|p1a: Serperior\n|-resisted|p1a: Serperior\n|-damage|p1a: Serperior|86\/100\n|\n|upkeep\n|turn|2\n|c|\u2606lord cube|?\n|\n|switch|p2a: Tornadus|Tornadus-Therian, M|100\/100\n|move|p1a: Serperior|Glare|p2a: Tornadus\n|-status|p2a: Tornadus|par\n|\n|upkeep\n|turn|3\n|\n|switch|p1a: Mawile|Mawile, M|100\/100\n|-ability|p1a: Mawile|Intimidate|boost\n|-unboost|p2a: Tornadus|atk|1\n|move|p2a: Tornadus|U-turn|p1a: Mawile\n|-resisted|p1a: Mawile\n|-crit|p1a: Mawile\n|-damage|p1a: Mawile|93\/100\n|\n|switch|p2a: Diggersby|Diggersby, M|100\/100|[from]move: U-turn\n|\n|upkeep\n|turn|4\n|\n|switch|p1a: Gyarados|Gyarados, M|100\/100\n|move|p2a: Diggersby|Earthquake|p1a: Gyarados\n|-immune|p1a: Gyarados\n|\n|upkeep\n|turn|5\n|\n|move|p1a: Gyarados|Waterfall|p2a: Diggersby\n|-supereffective|p2a: Diggersby\n|-enditem|p2a: Diggersby|Focus Sash\n|-damage|p2a: Diggersby|1\/100\n|cant|p2a: Diggersby|flinch\n|\n|-fieldend|Misty Terrain\n|upkeep\n|turn|6\n|c|\u2606lord cube|mb\n|\n|move|p1a: Gyarados|Earthquake|p2a: Diggersby\n|-damage|p2a: Diggersby|0 fnt\n|faint|p2a: Diggersby\n|-ability|p1a: Gyarados|Moxie|boost\n|-boost|p1a: Gyarados|atk|1\n|\n|upkeep\n|\n|switch|p2a: Manectric|Manectric, F|100\/100\n|turn|7\n|\n|switch|p1a: Excadrill|Excadrill, M|100\/100\n|-ability|p1a: Excadrill|Mold Breaker\n|detailschange|p2a: Manectric|Manectric-Mega, F\n|-mega|p2a: Manectric|Manectric|Manectite\n|-ability|p2a: Manectric|Intimidate|boost\n|-unboost|p1a: Excadrill|atk|1\n|move|p2a: Manectric|Flamethrower|p1a: Excadrill\n|-supereffective|p1a: Excadrill\n|-damage|p1a: Excadrill|22\/100\n|\n|upkeep\n|turn|8\n|\n|move|p2a: Manectric|Flamethrower|p1a: Excadrill\n|-supereffective|p1a: Excadrill\n|-damage|p1a: Excadrill|0 fnt\n|faint|p1a: Excadrill\n|\n|upkeep\n|\n|switch|p1a: Tapu Lele|Tapu Lele|100\/100\n|-fieldstart|move: Psychic Terrain|[from] ability: Psychic Surge|[of] p1a: Tapu Lele\n|turn|9\n|\n|switch|p2a: Jirachi|Jirachi|100\/100\n|move|p1a: Tapu Lele|Psychic|p2a: Jirachi\n|-resisted|p2a: Jirachi\n|-damage|p2a: Jirachi|86\/100\n|\n|-heal|p2a: Jirachi|93\/100|[from] item: Leftovers\n|upkeep\n|turn|10\n|\n|switch|p1a: Serperior|Serperior, M|86\/100\n|move|p2a: Jirachi|Stealth Rock|p1a: Serperior\n|-sidestart|p1: lord cube|move: Stealth Rock\n|\n|-heal|p2a: Jirachi|99\/100|[from] item: Leftovers\n|upkeep\n|turn|11\n|\n|move|p1a: Serperior|Defog|p2a: Jirachi\n|-unboost|p2a: Jirachi|evasion|1\n|-sideend|p1: lord cube|Stealth Rock|[from] move: Defog|[of] p1a: Serperior\n|move|p2a: Jirachi|Thunder Wave|p1a: Serperior\n|-status|p1a: Serperior|par\n|\n|-heal|p2a: Jirachi|100\/100|[from] item: Leftovers\n|upkeep\n|turn|12\n|\n|switch|p1a: Volcarona|Volcarona, M|100\/100\n|move|p2a: Jirachi|Stealth Rock|p1a: Volcarona\n|-sidestart|p1: lord cube|move: Stealth Rock\n|\n|upkeep\n|turn|13\n|\n|switch|p2a: Dragonite|Dragonite, M|100\/100\n|move|p1a: Volcarona|Flamethrower|p2a: Dragonite\n|-resisted|p2a: Dragonite\n|-damage|p2a: Dragonite|87\/100\n|\n|-fieldend|move: Psychic Terrain\n|upkeep\n|turn|14\n|\n|switch|p1a: Tapu Lele|Tapu Lele|100\/100\n|-damage|p1a: Tapu Lele|88\/100|[from] Stealth Rock\n|-fieldstart|move: Psychic Terrain|[from] ability: Psychic Surge|[of] p1a: Tapu Lele\n|-zpower|p2a: Dragonite\n|move|p2a: Dragonite|Supersonic Skystrike|p1a: Tapu Lele|[zeffect]\n|-damage|p1a: Tapu Lele|0 fnt\n|faint|p1a: Tapu Lele\n|\n|upkeep\n|c|\u2606Y0daSpirit|sorry mb\n|\n|switch|p1a: Mawile|Mawile, M|93\/100\n|-damage|p1a: Mawile|87\/100|[from] Stealth Rock\n|-ability|p1a: Mawile|Intimidate|boost\n|-unboost|p2a: Dragonite|atk|1\n|turn|15\n|\n|switch|p2a: Jirachi|Jirachi|100\/100\n|detailschange|p1a: Mawile|Mawile-Mega, M\n|-mega|p1a: Mawile|Mawile|Mawilite\n|move|p1a: Mawile|Play Rough|p2a: Jirachi\n|-resisted|p2a: Jirachi\n|-damage|p2a: Jirachi|61\/100\n|\n|-heal|p2a: Jirachi|68\/100|[from] item: Leftovers\n|upkeep\n|turn|16\n|\n|move|p2a: Jirachi|Wish|p2a: Jirachi\n|move|p1a: Mawile|Swords Dance|p1a: Mawile\n|-boost|p1a: Mawile|atk|2\n|\n|-heal|p2a: Jirachi|74\/100|[from] item: Leftovers\n|upkeep\n|turn|17\n|\n|move|p2a: Jirachi|Thunder Wave|p1a: Mawile\n|-status|p1a: Mawile|par\n|cant|p1a: Mawile|par\n|\n|-heal|p2a: Jirachi|100\/100|[from] move: Wish|[wisher] Jirachi\n|upkeep\n|turn|18\n|\n|move|p2a: Jirachi|Iron Head|p1a: Mawile\n|-damage|p1a: Mawile|60\/100 par\n|cant|p1a: Mawile|flinch\n|\n|-fieldend|move: Psychic Terrain\n|upkeep\n|turn|19\n|\n|move|p2a: Jirachi|Wish|p2a: Jirachi\n|move|p1a: Mawile|Knock Off|p2a: Jirachi\n|-supereffective|p2a: Jirachi\n|-damage|p2a: Jirachi|0 fnt\n|-enditem|p2a: Jirachi|Leftovers|[from] move: Knock Off|[of] p1a: Mawile\n|faint|p2a: Jirachi\n|\n|upkeep\n|\n|switch|p2a: Dragonite|Dragonite, M|87\/100\n|turn|20\n|\n|move|p2a: Dragonite|Earthquake|p1a: Mawile\n|-supereffective|p1a: Mawile\n|-damage|p1a: Mawile|0 fnt\n|faint|p1a: Mawile\n|\n|-heal|p2a: Dragonite|100\/100|[from] move: Wish|[wisher] Jirachi\n|upkeep\n|c|\u2606Y0daSpirit|easy game tbh\n|\n|switch|p1a: Serperior|Serperior, M|86\/100 par\n|-damage|p1a: Serperior|74\/100 par|[from] Stealth Rock\n|turn|21\n|\n|move|p2a: Dragonite|Dragon Dance|p2a: Dragonite\n|-boost|p2a: Dragonite|atk|1\n|-boost|p2a: Dragonite|spe|1\n|move|p1a: Serperior|Defog|p2a: Dragonite\n|-unboost|p2a: Dragonite|evasion|1\n|-sideend|p1: lord cube|Stealth Rock|[from] move: Defog|[of] p1a: Serperior\n|\n|upkeep\n|turn|22\n|\n|move|p2a: Dragonite|Fly||[still]\n|-prepare|p2a: Dragonite|Fly|p1a: Serperior\n|move|p1a: Serperior|Glare|p2a: Dragonite|[miss]\n|-miss|p1a: Serperior|p2a: Dragonite\n|\n|upkeep\n|turn|23\n|\n|move|p2a: Dragonite|Fly|p1a: Serperior|[from]lockedmove|[miss]\n|-miss|p2a: Dragonite|p1a: Serperior\n|cant|p1a: Serperior|par\n|\n|upkeep\n|turn|24\n|\n|move|p2a: Dragonite|Fly||[still]\n|-prepare|p2a: Dragonite|Fly|p1a: Serperior\n|move|p1a: Serperior|Glare|p2a: Dragonite|[miss]\n|-miss|p1a: Serperior|p2a: Dragonite\n|\n|upkeep\n|turn|25\n|\n|move|p2a: Dragonite|Fly|p1a: Serperior|[from]lockedmove\n|-supereffective|p1a: Serperior\n|-damage|p1a: Serperior|0 fnt\n|-damage|p2a: Dragonite|84\/100|[from] item: Rocky Helmet|[of] p1a: Serperior\n|faint|p1a: Serperior\n|\n|upkeep\n|\n|switch|p1a: Gyarados|Gyarados, M|100\/100\n|turn|26\n|\n|move|p2a: Dragonite|Fly||[still]\n|-prepare|p2a: Dragonite|Fly|p1a: Gyarados\n|move|p1a: Gyarados|Dragon Dance|p1a: Gyarados\n|-boost|p1a: Gyarados|atk|1\n|-boost|p1a: Gyarados|spe|1\n|\n|upkeep\n|turn|27\n|c|\u2606Y0daSpirit|yes\n|c|\u2606Y0daSpirit|you are bad\n|\n|move|p1a: Gyarados|Dragon Dance|p1a: Gyarados\n|-boost|p1a: Gyarados|atk|1\n|-boost|p1a: Gyarados|spe|1\n|move|p2a: Dragonite|Fly|p1a: Gyarados|[from]lockedmove\n|-damage|p1a: Gyarados|4\/100\n|\n|upkeep\n|turn|28\n|c|\u2606Y0daSpirit|now you go first\n|c|\u2606Y0daSpirit|yes\n|c|\u2606Y0daSpirit|now easy\n|c|\u2606Y0daSpirit|nice copied team donkey\n|\n|move|p2a: Dragonite|Extreme Speed|p1a: Gyarados\n|-damage|p1a: Gyarados|0 fnt\n|faint|p1a: Gyarados\n|\n|upkeep\n|c|\u2606Y0daSpirit|ops sorry mb\n|\n|switch|p1a: Volcarona|Volcarona, M|100\/100\n|turn|29\n|-message|lord cube forfeited.\n|\n|win|Y0daSpirit\n|raw|lord cube's rating: 1495 &rarr; <strong>1474<\/strong><br \/>(-21 for losing)\n|raw|Y0daSpirit's rating: 1479 &rarr; <strong>1500<\/strong><br \/>(+21 for winning)\n","uploadtime":1586954853,"views":9,"p1id":"lordcube","p2id":"y0daspirit","formatid":"gen7ou","rating":1474,"private":0,"password":null}