{"id":"gen7ou-981165025","p1":"bksGRW","p2":"OGamer289","format":"gen7ou","log":"|j|\u2606bksGRW\n|j|\u2606OGamer289\n|player|p1|bksGRW|157|1704\n|player|p2|OGamer289|153|1758\n|teamsize|p1|6\n|teamsize|p2|6\n|gametype|singles\n|gen|7\n|tier|[Gen 7] OU\n|rated|\n|rule|Sleep Clause Mod: Limit one foe put to sleep\n|rule|Species Clause: Limit one of each Pok\u00e9mon\n|rule|OHKO Clause: OHKO moves are banned\n|rule|Moody Clause: Moody is banned\n|rule|Evasion Moves Clause: Evasion moves are banned\n|rule|Endless Battle Clause: Forcing endless battles is banned\n|rule|HP Percentage Mod: HP is shown in percentages\n|clearpoke\n|poke|p1|Serperior, F|item\n|poke|p1|Garchomp, M|item\n|poke|p1|Tornadus-Therian, M|item\n|poke|p1|Magearna|item\n|poke|p1|Tapu Lele|item\n|poke|p1|Gyarados, F|item\n|poke|p2|Conkeldurr, F|item\n|poke|p2|Victini|item\n|poke|p2|Rotom-Wash|item\n|poke|p2|Aggron, M|item\n|poke|p2|Latios, M|item\n|poke|p2|Mamoswine, M|item\n|teampreview\n|j| johnny2307\n|\n|start\n|switch|p1a: \u6765\uff0c\u7ed9\u4f60\u6574\u4e2a\u6d3b|Tapu Lele|100\/100\n|switch|p2a: Rotom|Rotom-Wash|100\/100\n|-fieldstart|move: Psychic Terrain|[from] ability: Psychic Surge|[of] p1a: \u6765\uff0c\u7ed9\u4f60\u6574\u4e2a\u6d3b\n|turn|1\n|\n|switch|p2a: Aggron|Aggron, M|100\/100\n|move|p1a: \u6765\uff0c\u7ed9\u4f60\u6574\u4e2a\u6d3b|Focus Blast|p2a: Aggron\n|-supereffective|p2a: Aggron\n|-ability|p2a: Aggron|Sturdy\n|-damage|p2a: Aggron|1\/100\n|\n|upkeep\n|turn|2\n|\n|switch|p2a: Victini|Victini|100\/100\n|move|p1a: \u6765\uff0c\u7ed9\u4f60\u6574\u4e2a\u6d3b|Focus Blast|p2a: Victini\n|-resisted|p2a: Victini\n|-damage|p2a: Victini|71\/100\n|\n|upkeep\n|turn|3\n|\n|switch|p1a: \u8fd9\u4f4d\u66f4\u662f\u91cd\u91cf\u7ea7|Garchomp, M|100\/100\n|move|p2a: Victini|V-create|p1a: \u8fd9\u4f4d\u66f4\u662f\u91cd\u91cf\u7ea7\n|-resisted|p1a: \u8fd9\u4f4d\u66f4\u662f\u91cd\u91cf\u7ea7\n|-damage|p1a: \u8fd9\u4f4d\u66f4\u662f\u91cd\u91cf\u7ea7|61\/100\n|-damage|p2a: Victini|59\/100|[from] ability: Rough Skin|[of] p1a: \u8fd9\u4f4d\u66f4\u662f\u91cd\u91cf\u7ea7\n|-unboost|p2a: Victini|spe|1\n|-unboost|p2a: Victini|def|1\n|-unboost|p2a: Victini|spd|1\n|\n|upkeep\n|turn|4\n|\n|switch|p2a: Rotom|Rotom-Wash|100\/100\n|move|p1a: \u8fd9\u4f4d\u66f4\u662f\u91cd\u91cf\u7ea7|Stealth Rock|p2a: Rotom\n|-sidestart|p2: OGamer289|move: Stealth Rock\n|\n|upkeep\n|turn|5\n|\n|move|p1a: \u8fd9\u4f4d\u66f4\u662f\u91cd\u91cf\u7ea7|Swords Dance|p1a: \u8fd9\u4f4d\u66f4\u662f\u91cd\u91cf\u7ea7\n|-boost|p1a: \u8fd9\u4f4d\u66f4\u662f\u91cd\u91cf\u7ea7|atk|2\n|move|p2a: Rotom|Defog|p1a: \u8fd9\u4f4d\u66f4\u662f\u91cd\u91cf\u7ea7\n|-unboost|p1a: \u8fd9\u4f4d\u66f4\u662f\u91cd\u91cf\u7ea7|evasion|1\n|-sideend|p2: OGamer289|Stealth Rock|[from] move: Defog|[of] p2a: Rotom\n|\n|-fieldend|move: Psychic Terrain\n|upkeep\n|turn|6\n|\n|-zpower|p1a: \u8fd9\u4f4d\u66f4\u662f\u91cd\u91cf\u7ea7\n|move|p1a: \u8fd9\u4f4d\u66f4\u662f\u91cd\u91cf\u7ea7|Continental Crush|p2a: Rotom|[zeffect]\n|-damage|p2a: Rotom|0 fnt\n|faint|p2a: Rotom\n|\n|upkeep\n|\n|switch|p2a: Mamoswine|Mamoswine, M|100\/100\n|turn|7\n|\n|switch|p1a: \u6765\uff0c\u7ed9\u4f60\u6574\u4e2a\u6d3b|Tapu Lele|100\/100\n|-fieldstart|move: Psychic Terrain|[from] ability: Psychic Surge|[of] p1a: \u6765\uff0c\u7ed9\u4f60\u6574\u4e2a\u6d3b\n|move|p2a: Mamoswine|Ice Shard|p1a: \u6765\uff0c\u7ed9\u4f60\u6574\u4e2a\u6d3b\n|-activate|p1a: \u6765\uff0c\u7ed9\u4f60\u6574\u4e2a\u6d3b|move: Psychic Terrain\n|\n|upkeep\n|turn|8\n|\n|switch|p2a: Aggron|Aggron, M|1\/100\n|move|p1a: \u6765\uff0c\u7ed9\u4f60\u6574\u4e2a\u6d3b|Moonblast|p2a: Aggron\n|-resisted|p2a: Aggron\n|-crit|p2a: Aggron\n|-damage|p2a: Aggron|0 fnt\n|faint|p2a: Aggron\n|\n|upkeep\n|\n|switch|p2a: Victini|Victini|59\/100\n|turn|9\n|j| 11051user\n|\n|move|p2a: Victini|U-turn|p1a: \u6765\uff0c\u7ed9\u4f60\u6574\u4e2a\u6d3b\n|-damage|p1a: \u6765\uff0c\u7ed9\u4f60\u6574\u4e2a\u6d3b|71\/100\n|\n|switch|p2a: Mamoswine|Mamoswine, M|100\/100|[from]move: U-turn\n|move|p1a: \u6765\uff0c\u7ed9\u4f60\u6574\u4e2a\u6d3b|Moonblast|p2a: Mamoswine\n|-damage|p2a: Mamoswine|0 fnt\n|faint|p2a: Mamoswine\n|\n|upkeep\n|\n|switch|p2a: Victini|Victini|59\/100\n|turn|10\n|-message|OGamer289 forfeited.\n|\n|win|bksGRW\n|l|\u2606OGamer289\n|raw|bksGRW's rating: 1704 &rarr; <strong>1727<\/strong><br \/>(+23 for winning)\n|raw|OGamer289's rating: 1758 &rarr; <strong>1735<\/strong><br \/>(-23 for losing)\n|l| johnny2307\n","uploadtime":1569302733,"views":34,"p1id":"bksgrw","p2id":"ogamer289","formatid":"gen7ou","rating":1727,"private":0,"password":null}