{"id":"gen7ou-669239495","p1":"Kirbynator","p2":"Toxabelle","format":"gen7ou","log":"|raw|<div class=\"broadcast-red\"><strong>This battle is invite-only!<\/strong><br \/>Users must be rank + or invited with <code>\/invite<\/code> to join<\/div>\n|j|Kirbynator\n|j|Toxabelle\n|player|p1|Kirbynator|1\n|teamsize|p1|6\n|player|p2|Toxabelle|164\n|teamsize|p2|6\n|gametype|singles\n|gen|7\n|tier|[Gen 7] OU\n|rated|\n|seed|8529,23137,7468,54547\n|rule|Sleep Clause Mod: Limit one foe put to sleep\n|rule|Species Clause: Limit one of each Pok\u00e9mon\n|rule|OHKO Clause: OHKO moves are banned\n|rule|Moody Clause: Moody is banned\n|rule|Evasion Moves Clause: Evasion moves are banned\n|rule|Endless Battle Clause: Forcing endless battles is banned\n|rule|HP Percentage Mod: HP is shown in percentages\n|clearpoke\n|poke|p1|Scizor, F|item\n|poke|p1|Kyurem-Black|item\n|poke|p1|Tapu Fini|item\n|poke|p1|Greninja, M|item\n|poke|p1|Heatran, M|item\n|poke|p1|Landorus-Therian, M|item\n|poke|p2|Venusaur, F|item\n|poke|p2|Keldeo-Resolute|item\n|poke|p2|Skarmory, F|item\n|poke|p2|Chansey, F|item\n|poke|p2|Heatran, F|item\n|poke|p2|Bisharp, F|item\n|teampreview\n|inactive|Battle timer is ON: inactive players will automatically lose when time's up. (requested by Toxabelle)\n|choice|team 2, team 1, team 3, team 4, team 5, team 6|team 2, team 1, team 3, team 4, team 5, team 6\n|\n|start\n|switch|p1a: Kyurem|Kyurem-Black|391\/391\n|switch|p2a: Keldeo|Keldeo-Resolute|323\/323\n|-ability|p1a: Kyurem|Teravolt\n|turn|1\n|inactive|Toxabelle has 135 seconds left.\n|choice|move fusionbolt|switch 4\n|\n|switch|p2a: Chansey|Chansey, F|703\/703\n|move|p1a: Kyurem|Fusion Bolt|p2a: Chansey\n|-damage|p2a: Chansey|524\/703\n|\n|upkeep\n|turn|2\n|inactive|Kirbynator has 135 seconds left.\n|choice|move freezeshock zmove|move softboiled\n|\n|-zpower|p1a: Kyurem\n|move|p1a: Kyurem|Subzero Slammer|p2a: Chansey|[zeffect]\n|-crit|p2a: Chansey\n|-damage|p2a: Chansey|0 fnt\n|faint|p2a: Chansey\n|\n|upkeep\n|choice||switch 6\n|\n|switch|p2a: Bisharp|Bisharp, F|334\/334\n|turn|3\n|inactive|Kirbynator has 135 seconds left.\n|inactive|Kirbynator has 120 seconds left.\n|choice|move earthpower|move knockoff\n|\n|move|p1a: Kyurem|Earth Power|p2a: Bisharp\n|-supereffective|p2a: Bisharp\n|-damage|p2a: Bisharp|100\/334\n|move|p2a: Bisharp|Knock Off|p1a: Kyurem\n|-damage|p1a: Kyurem|270\/391\n|\n|-heal|p2a: Bisharp|120\/334|[from] item: Leftovers\n|upkeep\n|turn|4\n|choice|move fusionbolt|move suckerpunch\n|\n|move|p2a: Bisharp|Sucker Punch|p1a: Kyurem\n|-damage|p1a: Kyurem|131\/391\n|move|p1a: Kyurem|Fusion Bolt|p2a: Bisharp\n|-damage|p2a: Bisharp|0 fnt\n|faint|p2a: Bisharp\n|\n|upkeep\n|choice||switch 4\n|\n|switch|p2a: Keldeo|Keldeo-Resolute|323\/323\n|turn|5\n|choice|move fusionbolt|switch 5\n|\n|switch|p2a: Heatran|Heatran, F|386\/386\n|move|p1a: Kyurem|Fusion Bolt|p2a: Heatran\n|-damage|p2a: Heatran|251\/386\n|\n|-heal|p2a: Heatran|275\/386|[from] item: Leftovers\n|upkeep\n|turn|6\n|choice|move earthpower|switch 5\n|\n|switch|p2a: Keldeo|Keldeo-Resolute|323\/323\n|move|p1a: Kyurem|Earth Power|p2a: Keldeo\n|-crit|p2a: Keldeo\n|-damage|p2a: Keldeo|199\/323\n|-unboost|p2a: Keldeo|spd|1\n|\n|-heal|p2a: Keldeo|219\/323|[from] item: Leftovers\n|upkeep\n|turn|7\n|choice|move fusionbolt|move secretsword\n|\n|move|p2a: Keldeo|Secret Sword|p1a: Kyurem\n|-supereffective|p1a: Kyurem\n|-damage|p1a: Kyurem|0 fnt\n|faint|p1a: Kyurem\n|\n|-heal|p2a: Keldeo|239\/323|[from] item: Leftovers\n|upkeep\n|choice|switch 3|\n|\n|switch|p1a: Tapu Fini|Tapu Fini|344\/344\n|-fieldstart|move: Misty Terrain|[from] ability: Misty Surge|[of] p1a: Tapu Fini\n|turn|8\n|choice|move naturesmadness|switch 5\n|\n|switch|p2a: Heatran|Heatran, F|275\/386\n|move|p1a: Tapu Fini|Nature's Madness|p2a: Heatran\n|-damage|p2a: Heatran|138\/386\n|\n|-heal|p2a: Heatran|162\/386|[from] item: Leftovers\n|upkeep\n|turn|9\n|inactive|Kirbynator has 135 seconds left.\n|choice|switch 4|move stealthrock\n|\n|switch|p1a: Greninja|Greninja, M|285\/285\n|move|p2a: Heatran|Stealth Rock|p1a: Greninja\n|-sidestart|p1: Kirbynator|move: Stealth Rock\n|\n|-heal|p2a: Heatran|186\/386|[from] item: Leftovers\n|upkeep\n|turn|10\n|choice|move scald|switch 2\n|\n|switch|p2a: Venusaur|Venusaur, F|363\/363\n|move|p1a: Greninja|Scald|p2a: Venusaur\n|-resisted|p2a: Venusaur\n|-damage|p2a: Venusaur|282\/363\n|\n|upkeep\n|turn|11\n|choice|switch 5|switch 5\n|\n|switch|p1a: Heatran|Heatran, M|386\/386\n|-damage|p1a: Heatran|338\/386|[from] Stealth Rock\n|switch|p2a: Keldeo|Keldeo-Resolute|239\/323\n|\n|-heal|p2a: Keldeo|259\/323|[from] item: Leftovers\n|-heal|p1a: Heatran|362\/386|[from] item: Leftovers\n|upkeep\n|turn|12\n|choice|move stealthrock|move scald\n|\n|move|p2a: Keldeo|Scald|p1a: Heatran\n|-supereffective|p1a: Heatran\n|-damage|p1a: Heatran|86\/386\n|move|p1a: Heatran|Stealth Rock|p2a: Keldeo\n|-sidestart|p2: Toxabelle|move: Stealth Rock\n|\n|-heal|p2a: Keldeo|279\/323|[from] item: Leftovers\n|-heal|p1a: Heatran|110\/386|[from] item: Leftovers\n|-fieldend|Misty Terrain\n|upkeep\n|turn|13\n|choice|switch 4|switch 5\n|\n|switch|p2a: Venusaur|Venusaur, F|282\/363\n|-damage|p2a: Venusaur|237\/363|[from] Stealth Rock\n|switch|p1a: Tapu Fini|Tapu Fini|344\/344\n|-damage|p1a: Tapu Fini|301\/344|[from] Stealth Rock\n|-fieldstart|move: Misty Terrain|[from] ability: Misty Surge|[of] p1a: Tapu Fini\n|\n|-heal|p1a: Tapu Fini|322\/344|[from] item: Leftovers\n|upkeep\n|turn|14\n|inactive|Kirbynator has 135 seconds left.\n|choice|switch 4|move gigadrain mega\n|\n|switch|p1a: Heatran|Heatran, M|110\/386\n|-damage|p1a: Heatran|62\/386|[from] Stealth Rock\n|-mega|p2a: Venusaur|Venusaur|Venusaurite\n|detailschange|p2a: Venusaur|Venusaur-Mega, F\n|move|p2a: Venusaur|Giga Drain|p1a: Heatran\n|-resisted|p1a: Heatran\n|-damage|p1a: Heatran|39\/386\n|-heal|p2a: Venusaur|249\/363|[from] drain|[of] p1a: Heatran\n|\n|-heal|p1a: Heatran|63\/386|[from] item: Leftovers\n|upkeep\n|turn|15\n|choice|move stealthrock|switch 5\n|\n|switch|p2a: Keldeo|Keldeo-Resolute|279\/323\n|-damage|p2a: Keldeo|259\/323|[from] Stealth Rock\n|move|p1a: Heatran|Stealth Rock|p2a: Keldeo\n|-fail|p1a: Heatran\n|\n|-heal|p2a: Keldeo|279\/323|[from] item: Leftovers\n|-heal|p1a: Heatran|87\/386|[from] item: Leftovers\n|upkeep\n|turn|16\n|choice|move earthpower|move scald\n|\n|move|p2a: Keldeo|Scald|p1a: Heatran\n|-supereffective|p1a: Heatran\n|-damage|p1a: Heatran|0 fnt\n|faint|p1a: Heatran\n|\n|-heal|p2a: Keldeo|299\/323|[from] item: Leftovers\n|upkeep\n|inactive|Kirbynator has 135 seconds left.\n|choice|switch 4|\n|\n|switch|p1a: Tapu Fini|Tapu Fini|322\/344\n|-damage|p1a: Tapu Fini|279\/344|[from] Stealth Rock\n|turn|17\n|choice|move naturesmadness|switch 5\n|\n|switch|p2a: Venusaur|Venusaur-Mega, F|249\/363\n|-damage|p2a: Venusaur|204\/363|[from] Stealth Rock\n|move|p1a: Tapu Fini|Nature's Madness|p2a: Venusaur\n|-damage|p2a: Venusaur|102\/363\n|\n|-heal|p1a: Tapu Fini|300\/344|[from] item: Leftovers\n|-fieldend|Misty Terrain\n|upkeep\n|turn|18\n|choice|move taunt|move gigadrain\n|\n|move|p1a: Tapu Fini|Taunt|p2a: Venusaur\n|-start|p2a: Venusaur|move: Taunt\n|move|p2a: Venusaur|Giga Drain|p1a: Tapu Fini\n|-supereffective|p1a: Tapu Fini\n|-damage|p1a: Tapu Fini|138\/344\n|-heal|p2a: Venusaur|183\/363|[from] drain|[of] p1a: Tapu Fini\n|\n|-heal|p1a: Tapu Fini|159\/344|[from] item: Leftovers\n|upkeep\n|turn|19\n|choice|switch 6|move hiddenpower\n|\n|switch|p1a: Landorus|Landorus-Therian, M|319\/319\n|-damage|p1a: Landorus|280\/319|[from] Stealth Rock\n|-ability|p1a: Landorus|Intimidate|boost\n|-unboost|p2a: Venusaur|atk|1\n|move|p2a: Venusaur|Hidden Power|p1a: Landorus\n|-damage|p1a: Landorus|208\/319\n|\n|upkeep\n|turn|20\n|inactive|Kirbynator has 135 seconds left.\n|choice|move explosion|switch 3\n|\n|switch|p2a: Skarmory|Skarmory, F|333\/333\n|-damage|p2a: Skarmory|292\/333|[from] Stealth Rock\n|move|p1a: Landorus|Explosion|p2a: Skarmory\n|-resisted|p2a: Skarmory\n|-damage|p2a: Skarmory|202\/333\n|faint|p1a: Landorus\n|\n|upkeep\n|choice|switch 5|\n|\n|switch|p1a: Greninja|Greninja, M|285\/285\n|-damage|p1a: Greninja|250\/285|[from] Stealth Rock\n|turn|21\n|choice|move darkpulse|switch 5\n|\n|switch|p2a: Keldeo|Keldeo-Resolute|299\/323\n|-damage|p2a: Keldeo|279\/323|[from] Stealth Rock\n|move|p1a: Greninja|Dark Pulse|p2a: Keldeo\n|-resisted|p2a: Keldeo\n|-crit|p2a: Keldeo\n|-damage|p2a: Keldeo|121\/323\n|-ability|p2a: Keldeo|Justified|boost\n|-boost|p2a: Keldeo|atk|1\n|\n|-heal|p2a: Keldeo|141\/323|[from] item: Leftovers\n|upkeep\n|turn|22\n|choice|switch 6|move secretsword\n|\n|switch|p1a: Tapu Fini|Tapu Fini|159\/344\n|-damage|p1a: Tapu Fini|116\/344|[from] Stealth Rock\n|-fieldstart|move: Misty Terrain|[from] ability: Misty Surge|[of] p1a: Tapu Fini\n|move|p2a: Keldeo|Secret Sword|p1a: Tapu Fini\n|-resisted|p1a: Tapu Fini\n|-damage|p1a: Tapu Fini|62\/344\n|\n|-heal|p2a: Keldeo|161\/323|[from] item: Leftovers\n|-heal|p1a: Tapu Fini|83\/344|[from] item: Leftovers\n|upkeep\n|turn|23\n|inactive|Toxabelle has 135 seconds left.\n|inactive|Toxabelle has 120 seconds left.\n|inactive|Toxabelle has 105 seconds left.\n|choice|move moonblast|switch 2\n|\n|switch|p2a: Heatran|Heatran, F|186\/386\n|-damage|p2a: Heatran|138\/386|[from] Stealth Rock\n|move|p1a: Tapu Fini|Moonblast|p2a: Heatran\n|-resisted|p2a: Heatran\n|-damage|p2a: Heatran|111\/386\n|\n|-heal|p2a: Heatran|135\/386|[from] item: Leftovers\n|-heal|p1a: Tapu Fini|104\/344|[from] item: Leftovers\n|upkeep\n|turn|24\n|choice|move naturesmadness|switch 3\n|\n|switch|p2a: Venusaur|Venusaur-Mega, F|183\/363\n|-damage|p2a: Venusaur|138\/363|[from] Stealth Rock\n|move|p1a: Tapu Fini|Nature's Madness|p2a: Venusaur\n|-damage|p2a: Venusaur|69\/363\n|\n|-heal|p1a: Tapu Fini|125\/344|[from] item: Leftovers\n|upkeep\n|turn|25\n|inactive|Kirbynator has 135 seconds left.\n|choice|move taunt|move synthesis\n|\n|move|p1a: Tapu Fini|Taunt|p2a: Venusaur\n|-start|p2a: Venusaur|move: Taunt\n|cant|p2a: Venusaur|move: Taunt|Synthesis\n|\n|-heal|p1a: Tapu Fini|146\/344|[from] item: Leftovers\n|upkeep\n|turn|26\n|choice|switch 2|move gigadrain\n|\n|switch|p1a: Scizor|Scizor, F|343\/343\n|-damage|p1a: Scizor|301\/343|[from] Stealth Rock\n|move|p2a: Venusaur|Giga Drain|p1a: Scizor\n|-resisted|p1a: Scizor\n|-damage|p1a: Scizor|270\/343\n|-heal|p2a: Venusaur|85\/363|[from] drain|[of] p1a: Scizor\n|\n|-fieldend|Misty Terrain\n|upkeep\n|turn|27\n|choice|move bulletpunch mega|move hiddenpower\n|\n|-mega|p1a: Scizor|Scizor|Scizorite\n|detailschange|p1a: Scizor|Scizor-Mega, F\n|move|p1a: Scizor|Bullet Punch|p2a: Venusaur\n|-damage|p2a: Venusaur|10\/363\n|move|p2a: Venusaur|Hidden Power|p1a: Scizor\n|-supereffective|p1a: Scizor\n|-damage|p1a: Scizor|42\/343\n|\n|-end|p2a: Venusaur|move: Taunt\n|upkeep\n|turn|28\n|inactive|Toxabelle has 135 seconds left.\n|choice|move bulletpunch|move synthesis\n|\n|move|p1a: Scizor|Bullet Punch|p2a: Venusaur\n|-damage|p2a: Venusaur|0 fnt\n|faint|p2a: Venusaur\n|\n|upkeep\n|choice||switch 5\n|\n|switch|p2a: Skarmory|Skarmory, F|202\/333\n|-damage|p2a: Skarmory|161\/333|[from] Stealth Rock\n|turn|29\n|choice|move roost|move spikes\n|\n|move|p1a: Scizor|Roost|p1a: Scizor\n|-heal|p1a: Scizor|214\/343\n|move|p2a: Skarmory|Spikes|p1a: Scizor\n|-sidestart|p1: Kirbynator|Spikes\n|\n|upkeep\n|turn|30\n|choice|move knockoff|move bravebird\n|\n|move|p1a: Scizor|Knock Off|p2a: Skarmory\n|-damage|p2a: Skarmory|88\/333\n|-damage|p1a: Scizor|157\/343|[from] item: Rocky Helmet|[of] p2a: Skarmory\n|-enditem|p2a: Skarmory|Rocky Helmet|[from] move: Knock Off|[of] p1a: Scizor\n|move|p2a: Skarmory|Brave Bird|p1a: Scizor\n|-damage|p1a: Scizor|79\/343\n|-damage|p2a: Skarmory|62\/333|[from] Recoil|[of] p1a: Scizor\n|\n|upkeep\n|turn|31\n|choice|move swordsdance|move spikes\n|\n|move|p1a: Scizor|Swords Dance|p1a: Scizor\n|-boost|p1a: Scizor|atk|2\n|move|p2a: Skarmory|Spikes|p1a: Scizor\n|-sidestart|p1: Kirbynator|Spikes\n|\n|upkeep\n|turn|32\n|choice|move knockoff|move whirlwind\n|\n|move|p1a: Scizor|Knock Off|p2a: Skarmory\n|-damage|p2a: Skarmory|0 fnt\n|faint|p2a: Skarmory\n|\n|upkeep\n|choice||switch 3\n|\n|switch|p2a: Heatran|Heatran, F|135\/386\n|-damage|p2a: Heatran|87\/386|[from] Stealth Rock\n|turn|33\n|choice|move bulletpunch|move lavaplume\n|\n|move|p1a: Scizor|Bullet Punch|p2a: Heatran\n|-resisted|p2a: Heatran\n|-damage|p2a: Heatran|33\/386\n|move|p2a: Heatran|Lava Plume|p1a: Scizor\n|-supereffective|p1a: Scizor\n|-damage|p1a: Scizor|0 fnt\n|faint|p1a: Scizor\n|\n|-heal|p2a: Heatran|57\/386|[from] item: Leftovers\n|upkeep\n|choice|switch 6|\n|\n|switch|p1a: Greninja|Greninja, M|250\/285\n|-damage|p1a: Greninja|203\/285|[from] Spikes\n|-damage|p1a: Greninja|168\/285|[from] Stealth Rock\n|turn|34\n|choice|move scald|move lavaplume\n|\n|move|p1a: Greninja|Scald|p2a: Heatran\n|-supereffective|p2a: Heatran\n|-damage|p2a: Heatran|0 fnt\n|faint|p2a: Heatran\n|-activate|p1a: Greninja|ability: Battle Bond\n|detailschange|p1a: Greninja|Greninja-Ash, M\n|\n|upkeep\n|choice||switch 2\n|\n|switch|p2a: Keldeo|Keldeo-Resolute|161\/323\n|-damage|p2a: Keldeo|141\/323|[from] Stealth Rock\n|turn|35\n|choice|switch 2|move secretsword\n|\n|switch|p1a: Tapu Fini|Tapu Fini|146\/344\n|-damage|p1a: Tapu Fini|89\/344|[from] Spikes\n|-damage|p1a: Tapu Fini|46\/344|[from] Stealth Rock\n|-fieldstart|move: Misty Terrain|[from] ability: Misty Surge|[of] p1a: Tapu Fini\n|move|p2a: Keldeo|Secret Sword|p1a: Tapu Fini\n|-resisted|p1a: Tapu Fini\n|-damage|p1a: Tapu Fini|0 fnt\n|faint|p1a: Tapu Fini\n|\n|-heal|p2a: Keldeo|161\/323|[from] item: Leftovers\n|upkeep\n|choice|switch 2|\n|\n|switch|p1a: Greninja|Greninja-Ash, M|168\/285\n|-damage|p1a: Greninja|121\/285|[from] Spikes\n|-damage|p1a: Greninja|86\/285|[from] Stealth Rock\n|turn|36\n|choice|move darkpulse|move secretsword\n|\n|move|p1a: Greninja|Dark Pulse|p2a: Keldeo\n|-resisted|p2a: Keldeo\n|-damage|p2a: Keldeo|20\/323\n|-ability|p2a: Keldeo|Justified|boost\n|-boost|p2a: Keldeo|atk|1\n|move|p2a: Keldeo|Secret Sword|p1a: Greninja\n|-supereffective|p1a: Greninja\n|-damage|p1a: Greninja|0 fnt\n|faint|p1a: Greninja\n|\n|win|Toxabelle\n|l|Kirbynator\n|c|\u2606Toxabelle|gg\n|raw|Kirbynator's rating: 2027 &rarr; <strong>2005<\/strong><br \/>(-22 for losing)\n|raw|Toxabelle's rating: 1988 &rarr; <strong>2010<\/strong><br \/>(+22 for winning)\n|c|\u2606Toxabelle|\/log Toxabelle made this room public.\n|c|\u2606Toxabelle|nice and juicy points","inputlog":null,"uploadtime":1512454763,"views":133,"p1id":"kirbynator","p2id":"toxabelle","formatid":"gen7ou","rating":2005,"private":0,"password":null}