{"id":"gen7letsgoou-1641689496","p1":"Mimikyu Stardust","p2":"halaman95","format":"gen7letsgoou","log":"|j|\u2606Mimikyu Stardust\n|j|\u2606halaman95\n|t:|1660742049\n|gametype|singles\n|player|p1|Mimikyu Stardust|#wcop2022asia|\n|player|p2|halaman95|1|\n|teamsize|p1|6\n|teamsize|p2|6\n|gen|7\n|tier|[Gen 7 Let's Go] OU\n|rule|Species Clause: Limit one of each Pok\u00e9mon\n|rule|OHKO Clause: OHKO moves are banned\n|rule|Evasion Moves Clause: Evasion moves are banned\n|rule|HP Percentage Mod: HP is shown in percentages\n|rule|Sleep Clause Mod: Limit one foe put to sleep\n|clearpoke\n|poke|p1|Charizard, L50, M|item\n|poke|p1|Zapdos, L50|\n|poke|p1|Snorlax, L50, M|\n|poke|p1|Exeggutor-Alola, L50, F|\n|poke|p1|Mew, L50|\n|poke|p1|Melmetal, L50|\n|poke|p2|Charizard, L50, F|item\n|poke|p2|Zapdos, L50|\n|poke|p2|Snorlax, L50, M|\n|poke|p2|Nidoqueen, L50, F|\n|poke|p2|Mew, L50|\n|poke|p2|Melmetal, L50|\n|teampreview\n|inactive|Battle timer is ON: inactive players will automatically lose when time's up. (requested by halaman95)\n|c|\u2606halaman95|hf\n|c|\u2606Mimikyu Stardust|hf\n|\n|t:|1660742063\n|start\n|switch|p1a: Mew|Mew, L50|100\/100\n|switch|p2a: Mew|Mew, L50|100\/100\n|turn|1\n|\n|t:|1660742067\n|move|p1a: Mew|Stealth Rock|p2a: Mew\n|-sidestart|p2: halaman95|move: Stealth Rock\n|move|p2a: Mew|Will-O-Wisp|p1a: Mew\n|-status|p1a: Mew|brn\n|\n|-damage|p1a: Mew|95\/100 brn|[from] brn\n|upkeep\n|turn|2\n|\n|t:|1660742071\n|move|p1a: Mew|U-turn|p2a: Mew\n|-supereffective|p2a: Mew\n|-damage|p2a: Mew|84\/100\n|\n|t:|1660742073\n|switch|p1a: Charizard|Charizard, L50, M|100\/100|[from]move: U-turn\n|move|p2a: Mew|U-turn|p1a: Charizard\n|-resisted|p1a: Charizard\n|-damage|p1a: Charizard|96\/100\n|\n|t:|1660742093\n|switch|p2a: Snorlax|Snorlax, L50, M|100\/100|[from]move: U-turn\n|-damage|p2a: Snorlax|88\/100|[from] Stealth Rock\n|\n|upkeep\n|turn|3\n|\n|t:|1660742099\n|switch|p1a: Melmetal|Melmetal, L50|100\/100\n|move|p2a: Snorlax|Body Slam|p1a: Melmetal\n|-resisted|p1a: Melmetal\n|-damage|p1a: Melmetal|90\/100\n|\n|upkeep\n|turn|4\n|\n|t:|1660742106\n|move|p1a: Melmetal|Double Iron Bash|p2a: Snorlax\n|-damage|p2a: Snorlax|55\/100\n|-damage|p2a: Snorlax|21\/100\n|-hitcount|p2a: Snorlax|2\n|cant|p2a: Snorlax|flinch\n|\n|upkeep\n|turn|5\n|\n|t:|1660742110\n|move|p1a: Melmetal|Earthquake|p2a: Snorlax\n|-damage|p2a: Snorlax|0 fnt\n|faint|p2a: Snorlax\n|\n|upkeep\n|\n|t:|1660742124\n|switch|p2a: Nidoqueen|Nidoqueen, L50, F|100\/100\n|-damage|p2a: Nidoqueen|94\/100|[from] Stealth Rock\n|turn|6\n|\n|t:|1660742127\n|switch|p1a: Mew|Mew, L50|95\/100 brn\n|move|p2a: Nidoqueen|Stealth Rock|p1a: Mew\n|-sidestart|p1: Mimikyu Stardust|move: Stealth Rock\n|\n|-damage|p1a: Mew|89\/100 brn|[from] brn\n|upkeep\n|turn|7\n|\n|t:|1660742132\n|switch|p2a: Mew|Mew, L50|84\/100\n|-damage|p2a: Mew|72\/100|[from] Stealth Rock\n|move|p1a: Mew|Psychic|p2a: Mew\n|-resisted|p2a: Mew\n|-damage|p2a: Mew|56\/100\n|\n|-damage|p1a: Mew|83\/100 brn|[from] brn\n|upkeep\n|turn|8\n|\n|t:|1660742135\n|move|p2a: Mew|Roost|p2a: Mew\n|-heal|p2a: Mew|100\/100\n|-singleturn|p2a: Mew|move: Roost\n|move|p1a: Mew|U-turn|p2a: Mew\n|-supereffective|p2a: Mew\n|-damage|p2a: Mew|84\/100\n|\n|t:|1660742138\n|switch|p1a: Charizard|Charizard, L50, M|96\/100|[from]move: U-turn\n|-damage|p1a: Charizard|46\/100|[from] Stealth Rock\n|\n|upkeep\n|turn|9\n|\n|t:|1660742142\n|detailschange|p1a: Charizard|Charizard-Mega-X, L50, M\n|-mega|p1a: Charizard|Charizard|Charizardite X\n|move|p2a: Mew|Psychic|p1a: Charizard\n|-damage|p1a: Charizard|3\/100\n|move|p1a: Charizard|Roost|p1a: Charizard\n|-heal|p1a: Charizard|53\/100\n|-singleturn|p1a: Charizard|move: Roost\n|\n|upkeep\n|turn|10\n|\n|t:|1660742153\n|move|p1a: Charizard|Roost|p1a: Charizard\n|-heal|p1a: Charizard|100\/100\n|-singleturn|p1a: Charizard|move: Roost\n|move|p2a: Mew|U-turn|p1a: Charizard\n|-resisted|p1a: Charizard\n|-damage|p1a: Charizard|93\/100\n|\n|t:|1660742155\n|switch|p2a: Nidoqueen|Nidoqueen, L50, F|94\/100|[from]move: U-turn\n|-damage|p2a: Nidoqueen|88\/100|[from] Stealth Rock\n|\n|upkeep\n|turn|11\n|\n|t:|1660742164\n|switch|p1a: Mew|Mew, L50|83\/100 brn\n|-damage|p1a: Mew|71\/100 brn|[from] Stealth Rock\n|move|p2a: Nidoqueen|Super Fang|p1a: Mew\n|-damage|p1a: Mew|36\/100 brn\n|\n|-damage|p1a: Mew|30\/100 brn|[from] brn\n|upkeep\n|turn|12\n|\n|t:|1660742174\n|switch|p2a: Mew|Mew, L50|84\/100\n|-damage|p2a: Mew|72\/100|[from] Stealth Rock\n|move|p1a: Mew|U-turn|p2a: Mew\n|-supereffective|p2a: Mew\n|-damage|p2a: Mew|57\/100\n|\n|t:|1660742183\n|switch|p1a: Charizard|Charizard-Mega-X, L50, M|93\/100|[from]move: U-turn\n|-damage|p1a: Charizard|68\/100|[from] Stealth Rock\n|\n|upkeep\n|turn|13\n|\n|t:|1660742189\n|move|p2a: Mew|U-turn|p1a: Charizard\n|-resisted|p1a: Charizard\n|-damage|p1a: Charizard|61\/100\n|\n|t:|1660742202\n|switch|p2a: Zapdos|Zapdos, L50|100\/100|[from]move: U-turn\n|-damage|p2a: Zapdos|76\/100|[from] Stealth Rock\n|move|p1a: Charizard|Fire Blast|p2a: Zapdos\n|-damage|p2a: Zapdos|19\/100\n|-status|p2a: Zapdos|brn\n|\n|-damage|p2a: Zapdos|13\/100 brn|[from] brn\n|upkeep\n|turn|14\n|\n|t:|1660742207\n|move|p2a: Zapdos|Reflect|p2a: Zapdos\n|-sidestart|p2: halaman95|Reflect\n|move|p1a: Charizard|Roost|p1a: Charizard\n|-heal|p1a: Charizard|100\/100\n|-singleturn|p1a: Charizard|move: Roost\n|\n|-damage|p2a: Zapdos|7\/100 brn|[from] brn\n|upkeep\n|turn|15\n|\n|t:|1660742211\n|move|p2a: Zapdos|Thunderbolt|p1a: Charizard\n|-resisted|p1a: Charizard\n|-damage|p1a: Charizard|77\/100\n|move|p1a: Charizard|Dragon Pulse|p2a: Zapdos\n|-damage|p2a: Zapdos|0 fnt\n|faint|p2a: Zapdos\n|\n|upkeep\n|\n|t:|1660742222\n|switch|p2a: Charizard|Charizard, L50, F|100\/100\n|-damage|p2a: Charizard|51\/100|[from] Stealth Rock\n|turn|16\n|\n|t:|1660742231\n|move|p1a: Charizard|Dragon Pulse|p2a: Charizard\n|-damage|p2a: Charizard|4\/100\n|move|p2a: Charizard|Roost|p2a: Charizard\n|-heal|p2a: Charizard|54\/100\n|-singleturn|p2a: Charizard|move: Roost\n|\n|upkeep\n|turn|17\n|\n|t:|1660742236\n|switch|p1a: Snorlax|Snorlax, L50, M|100\/100\n|-damage|p1a: Snorlax|88\/100|[from] Stealth Rock\n|move|p2a: Charizard|Roost|p2a: Charizard\n|-heal|p2a: Charizard|100\/100\n|-singleturn|p2a: Charizard|move: Roost\n|\n|upkeep\n|turn|18\n|\n|t:|1660742243\n|detailschange|p2a: Charizard|Charizard-Mega-X, L50, F\n|-mega|p2a: Charizard|Charizard|Charizardite X\n|move|p1a: Snorlax|Body Slam|p2a: Charizard\n|-damage|p2a: Charizard|85\/100\n|move|p2a: Charizard|Dragon Tail|p1a: Snorlax\n|-damage|p1a: Snorlax|65\/100\n|drag|p1a: Mew|Mew, L50|30\/100 brn\n|-damage|p1a: Mew|18\/100 brn|[from] Stealth Rock\n|\n|-damage|p1a: Mew|12\/100 brn|[from] brn\n|-sideend|p2: halaman95|Reflect\n|upkeep\n|turn|19\n|\n|t:|1660742251\n|move|p1a: Mew|Psychic|p2a: Charizard\n|-crit|p2a: Charizard\n|-damage|p2a: Charizard|24\/100\n|move|p2a: Charizard|Dragon Pulse|p1a: Mew\n|-damage|p1a: Mew|0 fnt\n|faint|p1a: Mew\n|\n|upkeep\n|\n|t:|1660742257\n|switch|p1a: Snorlax|Snorlax, L50, M|65\/100\n|-damage|p1a: Snorlax|52\/100|[from] Stealth Rock\n|turn|20\n|\n|t:|1660742262\n|move|p2a: Charizard|Fire Blast|p1a: Snorlax\n|-damage|p1a: Snorlax|22\/100\n|move|p1a: Snorlax|Earthquake|p2a: Charizard\n|-supereffective|p2a: Charizard\n|-damage|p2a: Charizard|0 fnt\n|faint|p2a: Charizard\n|\n|upkeep\n|\n|t:|1660742277\n|switch|p2a: Melmetal|Melmetal, L50|100\/100\n|-damage|p2a: Melmetal|94\/100|[from] Stealth Rock\n|turn|21\n|\n|t:|1660742281\n|move|p2a: Melmetal|Double Iron Bash|p1a: Snorlax\n|-damage|p1a: Snorlax|0 fnt\n|faint|p1a: Snorlax\n|-hitcount|p1: Snorlax|1\n|\n|upkeep\n|\n|t:|1660742283\n|switch|p1a: Charizard|Charizard-Mega-X, L50, M|77\/100\n|-damage|p1a: Charizard|52\/100|[from] Stealth Rock\n|turn|22\n|\n|t:|1660742287\n|switch|p2a: Mew|Mew, L50|57\/100\n|-damage|p2a: Mew|44\/100|[from] Stealth Rock\n|move|p1a: Charizard|Fire Blast|p2a: Mew\n|-damage|p2a: Mew|0 fnt\n|faint|p2a: Mew\n|\n|upkeep\n|\n|t:|1660742289\n|switch|p2a: Nidoqueen|Nidoqueen, L50, F|88\/100\n|-damage|p2a: Nidoqueen|82\/100|[from] Stealth Rock\n|turn|23\n|\n|t:|1660742297\n|move|p1a: Charizard|Fire Blast|p2a: Nidoqueen\n|-crit|p2a: Nidoqueen\n|-damage|p2a: Nidoqueen|2\/100\n|move|p2a: Nidoqueen|Earthquake|p1a: Charizard\n|-supereffective|p1a: Charizard\n|-damage|p1a: Charizard|0 fnt\n|faint|p1a: Charizard\n|\n|upkeep\n|\n|t:|1660742302\n|switch|p1a: Zapdos|Zapdos, L50|100\/100\n|-damage|p1a: Zapdos|76\/100|[from] Stealth Rock\n|turn|24\n|\n|t:|1660742306\n|move|p1a: Zapdos|U-turn|p2a: Nidoqueen\n|-resisted|p2a: Nidoqueen\n|-damage|p2a: Nidoqueen|0 fnt\n|faint|p2a: Nidoqueen\n|\n|t:|1660742308\n|switch|p1a: Exeggutor|Exeggutor-Alola, L50, F|100\/100|[from]move: U-turn\n|-damage|p1a: Exeggutor|88\/100|[from] Stealth Rock\n|\n|upkeep\n|\n|t:|1660742310\n|switch|p2a: Melmetal|Melmetal, L50|94\/100\n|-damage|p2a: Melmetal|88\/100|[from] Stealth Rock\n|turn|25\n|\n|t:|1660742313\n|move|p1a: Exeggutor|Flamethrower|p2a: Melmetal\n|-supereffective|p2a: Melmetal\n|-damage|p2a: Melmetal|25\/100\n|move|p2a: Melmetal|Ice Punch|p1a: Exeggutor\n|-supereffective|p1a: Exeggutor\n|-damage|p1a: Exeggutor|0 fnt\n|faint|p1a: Exeggutor\n|\n|upkeep\n|\n|t:|1660742316\n|switch|p1a: Zapdos|Zapdos, L50|76\/100\n|-damage|p1a: Zapdos|51\/100|[from] Stealth Rock\n|turn|26\n|\n|t:|1660742320\n|move|p1a: Zapdos|Thunderbolt|p2a: Melmetal\n|-damage|p2a: Melmetal|0 fnt\n|faint|p2a: Melmetal\n|\n|win|Mimikyu Stardust\n|c|\u2606Mimikyu Stardust|gg\n|c|\u2606halaman95|gg\n","uploadtime":1660742325,"views":18,"p1id":"mimikyustardust","p2id":"halaman95","formatid":"gen7letsgoou","rating":0,"private":0,"password":null}