{"id":"gen7ou-670914745","p1":"Toxabelle","p2":"Stylatoi","format":"gen7ou","log":"|raw|<div class=\"broadcast-red\"><strong>This battle is invite-only!<\/strong><br \/>Users must be rank + or invited with <code>\/invite<\/code> to join<\/div>\n|j|Toxabelle\n|j|Stylatoi\n|player|p1|Toxabelle|169\n|teamsize|p1|6\n|player|p2|Stylatoi|21\n|teamsize|p2|6\n|gametype|singles\n|gen|7\n|tier|[Gen 7] OU\n|rated|\n|seed|46342,26556,64143,47106\n|rule|Sleep Clause Mod: Limit one foe put to sleep\n|rule|Species Clause: Limit one of each Pok\u00e9mon\n|rule|OHKO Clause: OHKO moves are banned\n|rule|Moody Clause: Moody is banned\n|rule|Evasion Moves Clause: Evasion moves are banned\n|rule|Endless Battle Clause: Forcing endless battles is banned\n|rule|HP Percentage Mod: HP is shown in percentages\n|clearpoke\n|poke|p1|Scizor, F|item\n|poke|p1|Tornadus-Therian, M|item\n|poke|p1|Chansey, F|item\n|poke|p1|Ditto|item\n|poke|p1|Zygarde|item\n|poke|p1|Toxapex, F|item\n|poke|p2|Pelipper, M|item\n|poke|p2|Swampert, M|item\n|poke|p2|Ferrothorn, F|item\n|poke|p2|Qwilfish, F|item\n|poke|p2|Greninja, M|item\n|poke|p2|Klefki, F|item\n|teampreview\n|c|\u2606Stylatoi|hf\n|inactive|Battle timer is ON: inactive players will automatically lose when time's up. (requested by Toxabelle)\n|c|\u2606Toxabelle|u2\n|c|\u2606Stylatoi|oh this team\n|c|\u2606Stylatoi|ive seen this befor\n|c|\u2606Toxabelle|yeah\n|c|\u2606Toxabelle|chwag III\n|inactive|Toxabelle has 135 seconds left.\n|choice|team 5, team 2, team 3, team 4, team 1, team 6|team 1, team 2, team 3, team 4, team 5, team 6\n|\n|start\n|switch|p1a: Zygarde|Zygarde|357\/357\n|switch|p2a: Pelipper|Pelipper, M|323\/323\n|-ability|p1a: Zygarde|Aura Break\n|-weather|RainDance|[from] ability: Drizzle|[of] p2a: Pelipper\n|turn|1\n|choice|move thousandarrows|move scald\n|\n|move|p1a: Zygarde|Thousand Arrows|p2a: Pelipper\n|-damage|p2a: Pelipper|143\/323\n|-start|p2a: Pelipper|Smack Down\n|move|p2a: Pelipper|Scald|p1a: Zygarde\n|-damage|p1a: Zygarde|227\/357\n|-status|p1a: Zygarde|brn\n|\n|-weather|RainDance|[upkeep]\n|-damage|p1a: Zygarde|205\/357 brn|[from] brn\n|upkeep\n|turn|2\n|choice|switch 2|move roost\n|\n|switch|p1a: Tornadus|Tornadus-Therian, M, shiny|299\/299\n|move|p2a: Pelipper|Roost|p2a: Pelipper\n|-heal|p2a: Pelipper|305\/323\n|\n|-weather|RainDance|[upkeep]\n|upkeep\n|turn|3\n|choice|move knockoff|switch 3\n|\n|switch|p2a: Ferrothorn|Ferrothorn, F|351\/351\n|move|p1a: Tornadus|Knock Off|p2a: Ferrothorn\n|-damage|p2a: Ferrothorn|293\/351\n|-damage|p1a: Tornadus|262\/299|[from] ability: Iron Barbs|[of] p2a: Ferrothorn\n|-enditem|p2a: Ferrothorn|Chople Berry|[from] move: Knock Off|[of] p1a: Tornadus\n|\n|-weather|RainDance|[upkeep]\n|upkeep\n|turn|4\n|choice|switch 6|move thunderwave\n|\n|switch|p1a: Toxapex|Toxapex, F|303\/303\n|move|p2a: Ferrothorn|Thunder Wave|p1a: Toxapex\n|-status|p1a: Toxapex|par\n|\n|-weather|RainDance|[upkeep]\n|upkeep\n|turn|5\n|choice|move scald|move knockoff\n|\n|move|p2a: Ferrothorn|Knock Off|p1a: Toxapex\n|-damage|p1a: Toxapex|263\/303 par\n|-enditem|p1a: Toxapex|Black Sludge|[from] move: Knock Off|[of] p2a: Ferrothorn\n|move|p1a: Toxapex|Scald|p2a: Ferrothorn\n|-resisted|p2a: Ferrothorn\n|-damage|p2a: Ferrothorn|266\/351\n|\n|-weather|RainDance|[upkeep]\n|upkeep\n|turn|6\n|choice|move scald|move stealthrock\n|\n|move|p2a: Ferrothorn|Stealth Rock|p1a: Toxapex\n|-sidestart|p1: Toxabelle|move: Stealth Rock\n|move|p1a: Toxapex|Scald|p2a: Ferrothorn\n|-resisted|p2a: Ferrothorn\n|-damage|p2a: Ferrothorn|239\/351\n|\n|-weather|RainDance|[upkeep]\n|upkeep\n|turn|7\n|choice|move scald|switch 2\n|\n|switch|p2a: Swampert|Swampert, M|341\/341\n|move|p1a: Toxapex|Scald|p2a: Swampert\n|-damage|p2a: Swampert|254\/341\n|\n|-weather|RainDance|[upkeep]\n|upkeep\n|turn|8\n|choice|switch 5|move earthquake mega\n|\n|switch|p1a: Scizor|Scizor, F|343\/343\n|-damage|p1a: Scizor|301\/343|[from] Stealth Rock\n|-mega|p2a: Swampert|Swampert|Swampertite\n|detailschange|p2a: Swampert|Swampert-Mega, M\n|move|p2a: Swampert|Earthquake|p1a: Scizor\n|-damage|p1a: Scizor|142\/343\n|\n|-weather|none\n|upkeep\n|turn|9\n|choice|move roost mega|move earthquake\n|\n|-mega|p1a: Scizor|Scizor|Scizorite\n|detailschange|p1a: Scizor|Scizor-Mega, F\n|move|p2a: Swampert|Earthquake|p1a: Scizor\n|-crit|p1a: Scizor\n|-damage|p1a: Scizor|0 fnt\n|faint|p1a: Scizor\n|\n|upkeep\n|c|\u2606Stylatoi|rip\n|choice|switch 6|\n|\n|switch|p1a: Tornadus|Tornadus-Therian, M, shiny|299\/299\n|-damage|p1a: Tornadus|225\/299|[from] Stealth Rock\n|turn|10\n|choice|move defog|switch 6\n|\n|switch|p2a: Klefki|Klefki, F|317\/317\n|move|p1a: Tornadus|Defog|p2a: Klefki\n|-unboost|p2a: Klefki|evasion|1\n|-sideend|p1: Toxabelle|Stealth Rock|[from] move: Defog|[of] p1a: Tornadus\n|\n|upkeep\n|turn|11\n|choice|switch 5|move thunderwave\n|\n|switch|p1a: Toxapex|Toxapex, F|303\/303 par\n|move|p2a: Klefki|Thunder Wave|p1a: Toxapex\n|-fail|p1a: Toxapex|par\n|\n|upkeep\n|turn|12\n|choice|move scald|move raindance\n|\n|move|p2a: Klefki|Rain Dance|p2a: Klefki\n|-weather|RainDance\n|cant|p1a: Toxapex|par\n|\n|-weather|RainDance|[upkeep]\n|upkeep\n|turn|13\n|choice|move scald|switch 4\n|\n|switch|p2a: Qwilfish|Qwilfish, F|271\/271\n|cant|p1a: Toxapex|par\n|\n|-weather|RainDance|[upkeep]\n|upkeep\n|turn|14\n|choice|move scald|move swordsdance\n|\n|move|p2a: Qwilfish|Swords Dance|p2a: Qwilfish\n|-boost|p2a: Qwilfish|atk|2\n|move|p1a: Toxapex|Scald|p2a: Qwilfish\n|-resisted|p2a: Qwilfish\n|-damage|p2a: Qwilfish|199\/271\n|-status|p2a: Qwilfish|brn\n|\n|-weather|RainDance|[upkeep]\n|-damage|p2a: Qwilfish|183\/271 brn|[from] brn\n|upkeep\n|turn|15\n|choice|move haze|move liquidation\n|\n|move|p2a: Qwilfish|Liquidation|p1a: Toxapex\n|-resisted|p1a: Toxapex\n|-damage|p1a: Toxapex|228\/303 par\n|-damage|p2a: Qwilfish|156\/271 brn|[from] item: Life Orb\n|move|p1a: Toxapex|Haze|p1a: Toxapex\n|-clearallboost\n|\n|-weather|RainDance|[upkeep]\n|-damage|p2a: Qwilfish|140\/271 brn|[from] brn\n|upkeep\n|turn|16\n|choice|move scald|move swordsdance\n|\n|move|p2a: Qwilfish|Swords Dance|p2a: Qwilfish\n|-boost|p2a: Qwilfish|atk|2\n|cant|p1a: Toxapex|par\n|\n|-weather|RainDance|[upkeep]\n|-damage|p2a: Qwilfish|124\/271 brn|[from] brn\n|upkeep\n|turn|17\n|choice|move scald|move explosion\n|\n|move|p2a: Qwilfish|Explosion|p1a: Toxapex\n|-damage|p1a: Toxapex|43\/303 par\n|faint|p2a: Qwilfish\n|move|p1a: Toxapex|Scald|p2: Qwilfish|[notarget]\n|-notarget\n|\n|-weather|RainDance|[upkeep]\n|upkeep\n|choice||switch 5\n|\n|switch|p2a: Greninja|Greninja, M|285\/285\n|turn|18\n|choice|switch 3|move darkpulse\n|\n|switch|p1a: Chansey|Chansey, F|703\/703\n|move|p2a: Greninja|Dark Pulse|p1a: Chansey\n|-damage|p1a: Chansey|627\/703\n|\n|-weather|RainDance|[upkeep]\n|upkeep\n|turn|19\n|choice|move stealthrock|move spikes\n|\n|move|p2a: Greninja|Spikes|p1a: Chansey\n|-sidestart|p1: Toxabelle|Spikes\n|move|p1a: Chansey|Stealth Rock|p2a: Greninja\n|-sidestart|p2: Stylatoi|move: Stealth Rock\n|\n|-weather|none\n|upkeep\n|turn|20\n|choice|move seismictoss|move spikes\n|\n|move|p2a: Greninja|Spikes|p1a: Chansey\n|-sidestart|p1: Toxabelle|Spikes\n|move|p1a: Chansey|Seismic Toss|p2a: Greninja\n|-damage|p2a: Greninja|185\/285\n|\n|upkeep\n|turn|21\n|choice|move seismictoss|switch 2\n|\n|switch|p2a: Ferrothorn|Ferrothorn, F|239\/351\n|-damage|p2a: Ferrothorn|218\/351|[from] Stealth Rock\n|move|p1a: Chansey|Seismic Toss|p2a: Ferrothorn\n|-damage|p2a: Ferrothorn|118\/351\n|-damage|p1a: Chansey|540\/703|[from] ability: Iron Barbs|[of] p2a: Ferrothorn\n|\n|upkeep\n|turn|22\n|choice|switch 5|move knockoff\n|\n|switch|p1a: Tornadus|Tornadus-Therian, M, shiny|299\/299\n|move|p2a: Ferrothorn|Knock Off|p1a: Tornadus\n|-damage|p1a: Tornadus|230\/299\n|\n|upkeep\n|turn|23\n|choice|move superpower|switch 4\n|\n|switch|p2a: Klefki|Klefki, F|317\/317\n|-damage|p2a: Klefki|298\/317|[from] Stealth Rock\n|move|p1a: Tornadus|Superpower|p2a: Klefki\n|-damage|p2a: Klefki|197\/317\n|-unboost|p1a: Tornadus|atk|1\n|-unboost|p1a: Tornadus|def|1\n|\n|upkeep\n|turn|24\n|choice|move defog|move raindance\n|\n|move|p2a: Klefki|Rain Dance|p2a: Klefki\n|-weather|RainDance\n|move|p1a: Tornadus|Defog|p2a: Klefki\n|-unboost|p2a: Klefki|evasion|1\n|-sideend|p2: Stylatoi|Stealth Rock|[from] move: Defog|[of] p2a: Klefki\n|-sideend|p1: Toxabelle|Spikes|[from] move: Defog|[of] p1a: Tornadus\n|\n|-weather|RainDance|[upkeep]\n|upkeep\n|turn|25\n|choice|move hurricane zmove|switch 6\n|\n|switch|p2a: Swampert|Swampert-Mega, M|254\/341\n|-zpower|p1a: Tornadus\n|move|p1a: Tornadus|Supersonic Skystrike|p2a: Swampert|[zeffect]\n|-damage|p2a: Swampert|0 fnt\n|faint|p2a: Swampert\n|\n|-weather|RainDance|[upkeep]\n|upkeep\n|c|\u2606Stylatoi|oh nice\n|choice||switch 2\n|\n|switch|p2a: Greninja|Greninja, M|185\/285\n|turn|26\n|c|\u2606Toxabelle|thx\n|choice|switch 2|move hydropump zmove\n|\n|switch|p1a: Zygarde|Zygarde|205\/357 brn\n|-ability|p1a: Zygarde|Aura Break\n|-zpower|p2a: Greninja\n|move|p2a: Greninja|Hydro Vortex|p1a: Zygarde|[zeffect]\n|-damage|p1a: Zygarde|0 fnt\n|faint|p1a: Zygarde\n|-activate|p2a: Greninja|ability: Battle Bond\n|detailschange|p2a: Greninja|Greninja-Ash, M\n|\n|-weather|RainDance|[upkeep]\n|upkeep\n|choice|switch 5|\n|\n|switch|p1a: Chansey|Chansey, F|540\/703\n|turn|27\n|choice|move softboiled|switch 4\n|\n|switch|p2a: Ferrothorn|Ferrothorn, F|118\/351\n|move|p1a: Chansey|Soft-Boiled|p1a: Chansey\n|-heal|p1a: Chansey|703\/703\n|\n|-weather|RainDance|[upkeep]\n|upkeep\n|turn|28\n|choice|switch 3|move knockoff\n|\n|switch|p1a: Toxapex|Toxapex, F|144\/303 par\n|move|p2a: Ferrothorn|Knock Off|p1a: Toxapex\n|-damage|p1a: Toxapex|117\/303 par\n|\n|-weather|RainDance|[upkeep]\n|upkeep\n|turn|29\n|choice|move toxicspikes|move stealthrock\n|\n|move|p2a: Ferrothorn|Stealth Rock|p1a: Toxapex\n|-sidestart|p1: Toxabelle|move: Stealth Rock\n|move|p1a: Toxapex|Toxic Spikes|p2a: Ferrothorn\n|-sidestart|p2: Stylatoi|move: Toxic Spikes\n|\n|-weather|RainDance|[upkeep]\n|upkeep\n|turn|30\n|choice|move recover|move powerwhip\n|\n|move|p2a: Ferrothorn|Power Whip|p1a: Toxapex\n|-damage|p1a: Toxapex|50\/303 par\n|move|p1a: Toxapex|Recover|p1a: Toxapex\n|-heal|p1a: Toxapex|202\/303 par\n|\n|-weather|RainDance|[upkeep]\n|upkeep\n|turn|31\n|choice|move scald|switch 3\n|\n|switch|p2a: Pelipper|Pelipper, M|305\/323\n|move|p1a: Toxapex|Scald|p2a: Pelipper\n|-resisted|p2a: Pelipper\n|-crit|p2a: Pelipper\n|-damage|p2a: Pelipper|233\/323\n|-status|p2a: Pelipper|brn\n|\n|-weather|none\n|-damage|p2a: Pelipper|213\/323 brn|[from] brn\n|upkeep\n|turn|32\n|choice|move scald|move defog\n|\n|move|p2a: Pelipper|Defog|p1a: Toxapex\n|-unboost|p1a: Toxapex|evasion|1\n|-sideend|p1: Toxabelle|Stealth Rock|[from] move: Defog|[of] p1a: Toxapex\n|-sideend|p2: Stylatoi|Toxic Spikes|[from] move: Defog|[of] p2a: Pelipper\n|cant|p1a: Toxapex|par\n|\n|-damage|p2a: Pelipper|193\/323 brn|[from] brn\n|upkeep\n|turn|33\n|choice|move scald|move roost\n|\n|move|p2a: Pelipper|Roost|p2a: Pelipper\n|-heal|p2a: Pelipper|323\/323 brn\n|move|p1a: Toxapex|Scald|p2a: Pelipper\n|-resisted|p2a: Pelipper\n|-damage|p2a: Pelipper|292\/323 brn\n|\n|-damage|p2a: Pelipper|272\/323 brn|[from] brn\n|upkeep\n|turn|34\n|choice|move toxicspikes|switch 4\n|\n|switch|p2a: Greninja|Greninja-Ash, M|185\/285\n|move|p1a: Toxapex|Toxic Spikes|p2a: Greninja\n|-sidestart|p2: Stylatoi|move: Toxic Spikes\n|\n|upkeep\n|turn|35\n|choice|switch 3|move spikes\n|\n|switch|p1a: Chansey|Chansey, F|703\/703\n|move|p2a: Greninja|Spikes|p1a: Chansey\n|-sidestart|p1: Toxabelle|Spikes\n|\n|upkeep\n|turn|36\n|choice|move seismictoss|switch 6\n|\n|switch|p2a: Klefki|Klefki, F|197\/317\n|move|p1a: Chansey|Seismic Toss|p2a: Klefki\n|-damage|p2a: Klefki|97\/317\n|\n|upkeep\n|turn|37\n|choice|move seismictoss|move defog\n|\n|move|p2a: Klefki|Defog|p1a: Chansey\n|-unboost|p1a: Chansey|evasion|1\n|-sideend|p1: Toxabelle|Spikes|[from] move: Defog|[of] p1a: Chansey\n|-sideend|p2: Stylatoi|Toxic Spikes|[from] move: Defog|[of] p2a: Klefki\n|move|p1a: Chansey|Seismic Toss|p2a: Klefki\n|-damage|p2a: Klefki|0 fnt\n|faint|p2a: Klefki\n|\n|upkeep\n|choice||switch 4\n|\n|switch|p2a: Pelipper|Pelipper, M|272\/323 brn\n|-weather|RainDance|[from] ability: Drizzle|[of] p2a: Pelipper\n|turn|38\n|choice|move stealthrock|switch 3\n|\n|switch|p2a: Ferrothorn|Ferrothorn, F|118\/351\n|move|p1a: Chansey|Stealth Rock|p2a: Ferrothorn\n|-sidestart|p2: Stylatoi|move: Stealth Rock\n|\n|-weather|RainDance|[upkeep]\n|upkeep\n|turn|39\n|inactive|Stylatoi has 135 seconds left.\n|choice|switch 3|move thunderwave\n|\n|switch|p1a: Toxapex|Toxapex, F|303\/303 par\n|move|p2a: Ferrothorn|Thunder Wave|p1a: Toxapex\n|-fail|p1a: Toxapex|par\n|\n|-weather|RainDance|[upkeep]\n|upkeep\n|turn|40\n|choice|move scald|switch 6\n|\n|switch|p2a: Greninja|Greninja-Ash, M|185\/285\n|-damage|p2a: Greninja|150\/285|[from] Stealth Rock\n|move|p1a: Toxapex|Scald|p2a: Greninja\n|-resisted|p2a: Greninja\n|-damage|p2a: Greninja|93\/285\n|-status|p2a: Greninja|brn\n|\n|-weather|RainDance|[upkeep]\n|-damage|p2a: Greninja|76\/285 brn|[from] brn\n|upkeep\n|turn|41\n|choice|switch 3|move darkpulse\n|\n|switch|p1a: Chansey|Chansey, F|703\/703\n|move|p2a: Greninja|Dark Pulse|p1a: Chansey\n|-damage|p1a: Chansey|604\/703\n|\n|-weather|RainDance|[upkeep]\n|-damage|p2a: Greninja|59\/285 brn|[from] brn\n|upkeep\n|turn|42\n|c|\u2606Stylatoi|gg\n|-message|Stylatoi forfeited.\n|\n|win|Toxabelle\n|l|Stylatoi\n|raw|Toxabelle's rating: 1967 &rarr; <strong>1982<\/strong><br \/>(+15 for winning)\n|raw|Stylatoi's rating: 1865 &rarr; <strong>1851<\/strong><br \/>(-14 for losing)\n|c|\u2606Toxabelle|gg\n|c|\u2606Toxabelle|\/log Toxabelle made this room public.","inputlog":null,"uploadtime":1512746188,"views":171,"p1id":"toxabelle","p2id":"stylatoi","formatid":"gen7ou","rating":1851,"private":0,"password":null}