{"id":"gen7ou-975767525","p1":"AuraChampionSoul","p2":"JoeyOwesMeMoney","format":"gen7ou","log":"|j|\u2606AuraChampionSoul\n|j|\u2606JoeyOwesMeMoney\n|player|p1|AuraChampionSoul|52|1736\n|player|p2|JoeyOwesMeMoney|170|1786\n|teamsize|p1|6\n|teamsize|p2|6\n|gametype|singles\n|gen|7\n|tier|[Gen 7] OU\n|rated|\n|rule|Sleep Clause Mod: Limit one foe put to sleep\n|rule|Species Clause: Limit one of each Pok\u00e9mon\n|rule|OHKO Clause: OHKO moves are banned\n|rule|Moody Clause: Moody is banned\n|rule|Evasion Moves Clause: Evasion moves are banned\n|rule|Endless Battle Clause: Forcing endless battles is banned\n|rule|HP Percentage Mod: HP is shown in percentages\n|clearpoke\n|poke|p1|Mawile, M|item\n|poke|p1|Greninja, M|item\n|poke|p1|Landorus-Therian, M|item\n|poke|p1|Toxapex, F|item\n|poke|p1|Garchomp, M|item\n|poke|p1|Tangrowth, F|item\n|poke|p2|Skarmory, F|item\n|poke|p2|Chansey, F|item\n|poke|p2|Magnezone|item\n|poke|p2|Toxapex, M|item\n|poke|p2|Clefable, F|item\n|poke|p2|Sableye, M|item\n|teampreview\n|inactive|Battle timer is ON: inactive players will automatically lose when time's up. (requested by JoeyOwesMeMoney)\n|\n|start\n|switch|p1a: Landorus|Landorus-Therian, M|100\/100\n|switch|p2a: Sableye|Sableye, M|100\/100\n|-ability|p1a: Landorus|Intimidate|boost\n|-unboost|p2a: Sableye|atk|1\n|turn|1\n|\n|switch|p1a: Toxapex|Toxapex, F|100\/100\n|move|p2a: Sableye|Will-O-Wisp|p1a: Toxapex\n|-status|p1a: Toxapex|brn\n|\n|-damage|p1a: Toxapex|95\/100 brn|[from] brn\n|upkeep\n|turn|2\n|inactive|JoeyOwesMeMoney has 120 seconds left.\n|\n|switch|p2a: Chansey|Chansey, F|100\/100\n|move|p1a: Toxapex|Scald|p2a: Chansey\n|-damage|p2a: Chansey|96\/100\n|-status|p2a: Chansey|brn\n|\n|-heal|p1a: Toxapex|100\/100 brn|[from] item: Black Sludge\n|-damage|p2a: Chansey|90\/100 brn|[from] brn\n|-damage|p1a: Toxapex|95\/100 brn|[from] brn\n|upkeep\n|turn|3\n|\n|move|p2a: Chansey|Stealth Rock|p1a: Toxapex\n|-sidestart|p1: AuraChampionSoul|move: Stealth Rock\n|move|p1a: Toxapex|Toxic Spikes|p2a: Chansey\n|-sidestart|p2: JoeyOwesMeMoney|move: Toxic Spikes\n|\n|-heal|p1a: Toxapex|100\/100 brn|[from] item: Black Sludge\n|-damage|p2a: Chansey|83\/100 brn|[from] brn\n|-damage|p1a: Toxapex|95\/100 brn|[from] brn\n|upkeep\n|turn|4\n|\n|switch|p2a: Toxapex|Toxapex, M|100\/100\n|-sideend|p2: JoeyOwesMeMoney|move: Toxic Spikes|[of] p2a: Toxapex\n|move|p1a: Toxapex|Scald|p2a: Toxapex\n|-resisted|p2a: Toxapex\n|-damage|p2a: Toxapex|93\/100\n|\n|-heal|p1a: Toxapex|100\/100 brn|[from] item: Black Sludge\n|-heal|p2a: Toxapex|99\/100|[from] item: Black Sludge\n|-damage|p1a: Toxapex|95\/100 brn|[from] brn\n|upkeep\n|turn|5\n|\n|switch|p1a: Mawile|Mawile, M|100\/100\n|-damage|p1a: Mawile|94\/100|[from] Stealth Rock\n|-ability|p1a: Mawile|Intimidate|boost\n|-unboost|p2a: Toxapex|atk|1\n|move|p2a: Toxapex|Toxic Spikes|p1a: Mawile\n|-sidestart|p1: AuraChampionSoul|move: Toxic Spikes\n|\n|-heal|p2a: Toxapex|100\/100|[from] item: Black Sludge\n|upkeep\n|turn|6\n|\n|switch|p2a: Skarmory|Skarmory, F|100\/100\n|detailschange|p1a: Mawile|Mawile-Mega, M\n|-mega|p1a: Mawile|Mawile|Mawilite\n|move|p1a: Mawile|Thunder Punch|p2a: Skarmory\n|-supereffective|p2a: Skarmory\n|-damage|p2a: Skarmory|39\/100\n|-damage|p1a: Mawile|78\/100|[from] item: Rocky Helmet|[of] p2a: Skarmory\n|\n|upkeep\n|turn|7\n|inactive|AuraChampionSoul has 120 seconds left.\n|inactive|AuraChampionSoul has 90 seconds left.\n|\n|move|p2a: Skarmory|Roost|p2a: Skarmory\n|-heal|p2a: Skarmory|89\/100\n|-singleturn|p2a: Skarmory|move: Roost\n|move|p1a: Mawile|Fire Fang|p2a: Skarmory\n|-supereffective|p2a: Skarmory\n|-damage|p2a: Skarmory|40\/100\n|-damage|p1a: Mawile|61\/100|[from] item: Rocky Helmet|[of] p2a: Skarmory\n|\n|upkeep\n|turn|8\n|inactive|AuraChampionSoul has 90 seconds left.\n|\n|switch|p1a: Toxapex|Toxapex, F|100\/100 brn\n|-sideend|p1: AuraChampionSoul|move: Toxic Spikes|[of] p1a: Toxapex\n|-damage|p1a: Toxapex|88\/100 brn|[from] Stealth Rock\n|move|p2a: Skarmory|Roost|p2a: Skarmory\n|-heal|p2a: Skarmory|90\/100\n|-singleturn|p2a: Skarmory|move: Roost\n|\n|-heal|p1a: Toxapex|94\/100 brn|[from] item: Black Sludge\n|-damage|p1a: Toxapex|88\/100 brn|[from] brn\n|upkeep\n|turn|9\n|inactive|AuraChampionSoul has 90 seconds left.\n|\n|switch|p2a: Toxapex|Toxapex, M|100\/100\n|move|p1a: Toxapex|Scald|p2a: Toxapex\n|-resisted|p2a: Toxapex\n|-damage|p2a: Toxapex|94\/100\n|\n|-heal|p1a: Toxapex|94\/100 brn|[from] item: Black Sludge\n|-heal|p2a: Toxapex|99\/100|[from] item: Black Sludge\n|-damage|p1a: Toxapex|88\/100 brn|[from] brn\n|upkeep\n|turn|10\n|inactive|AuraChampionSoul has 90 seconds left.\n|\n|switch|p1a: Tangrowth|Tangrowth, F|100\/100\n|-damage|p1a: Tangrowth|88\/100|[from] Stealth Rock\n|move|p2a: Toxapex|Toxic Spikes|p1a: Tangrowth\n|-sidestart|p1: AuraChampionSoul|move: Toxic Spikes\n|\n|-heal|p2a: Toxapex|100\/100|[from] item: Black Sludge\n|upkeep\n|turn|11\n|\n|switch|p2a: Sableye|Sableye, M|100\/100\n|move|p1a: Tangrowth|Giga Drain|p2a: Sableye\n|-damage|p2a: Sableye|73\/100\n|-heal|p1a: Tangrowth|99\/100|[from] drain|[of] p2a: Sableye\n|\n|upkeep\n|turn|12\n|\n|switch|p1a: Toxapex|Toxapex, F|100\/100 brn\n|-damage|p1a: Toxapex|88\/100 brn|[from] Stealth Rock\n|-sideend|p1: AuraChampionSoul|move: Toxic Spikes|[of] p1a: Toxapex\n|detailschange|p2a: Sableye|Sableye-Mega, M\n|-mega|p2a: Sableye|Sableye|Sablenite\n|move|p2a: Sableye|Knock Off|p1a: Toxapex\n|-damage|p1a: Toxapex|68\/100 brn\n|-enditem|p1a: Toxapex|Black Sludge|[from] move: Knock Off|[of] p2a: Sableye\n|\n|-damage|p1a: Toxapex|63\/100 brn|[from] brn\n|upkeep\n|turn|13\n|inactive|JoeyOwesMeMoney has 120 seconds left.\n|\n|switch|p2a: Skarmory|Skarmory, F|90\/100\n|move|p1a: Toxapex|Recover|p1a: Toxapex\n|-heal|p1a: Toxapex|100\/100 brn\n|\n|-damage|p1a: Toxapex|95\/100 brn|[from] brn\n|upkeep\n|turn|14\n|\n|switch|p1a: Landorus|Landorus-Therian, M|100\/100\n|-damage|p1a: Landorus|88\/100|[from] Stealth Rock\n|-ability|p1a: Landorus|Intimidate|boost\n|-unboost|p2a: Skarmory|atk|1\n|move|p2a: Skarmory|Spikes|p1a: Landorus\n|-sidestart|p1: AuraChampionSoul|Spikes\n|\n|upkeep\n|turn|15\n|\n|move|p1a: Landorus|Defog|p2a: Skarmory\n|-unboost|p2a: Skarmory|evasion|1\n|-sideend|p1: AuraChampionSoul|Spikes|[from] move: Defog|[of] p1a: Landorus\n|-sideend|p1: AuraChampionSoul|Stealth Rock|[from] move: Defog|[of] p1a: Landorus\n|move|p2a: Skarmory|Spikes|p1a: Landorus\n|-sidestart|p1: AuraChampionSoul|Spikes\n|\n|upkeep\n|turn|16\n|\n|switch|p1a: Greninja|Greninja, M|100\/100\n|-damage|p1a: Greninja|88\/100|[from] Spikes\n|move|p2a: Skarmory|Spikes|p1a: Greninja\n|-sidestart|p1: AuraChampionSoul|Spikes\n|\n|upkeep\n|turn|17\n|inactive|AuraChampionSoul has 120 seconds left.\n|\n|switch|p2a: Chansey|Chansey, F|83\/100\n|move|p1a: Greninja|Dark Pulse|p2a: Chansey\n|-damage|p2a: Chansey|68\/100\n|\n|upkeep\n|turn|18\n|inactive|AuraChampionSoul has 120 seconds left.\n|j| saigok2\n|\n|switch|p1a: Landorus|Landorus-Therian, M|88\/100\n|-ability|p1a: Landorus|Intimidate|boost\n|-unboost|p2a: Chansey|atk|1\n|move|p2a: Chansey|Seismic Toss|p1a: Landorus\n|-damage|p1a: Landorus|57\/100\n|\n|upkeep\n|turn|19\n|\n|move|p1a: Landorus|Defog|p2a: Chansey\n|-unboost|p2a: Chansey|evasion|1\n|-sideend|p1: AuraChampionSoul|Spikes|[from] move: Defog|[of] p1a: Landorus\n|move|p2a: Chansey|Stealth Rock|p1a: Landorus\n|-sidestart|p1: AuraChampionSoul|move: Stealth Rock\n|\n|upkeep\n|turn|20\n|\n|move|p1a: Landorus|Defog|p2a: Chansey\n|-unboost|p2a: Chansey|evasion|1\n|-sideend|p1: AuraChampionSoul|Stealth Rock|[from] move: Defog|[of] p1a: Landorus\n|move|p2a: Chansey|Stealth Rock|p1a: Landorus\n|-sidestart|p1: AuraChampionSoul|move: Stealth Rock\n|\n|upkeep\n|turn|21\n|inactive|AuraChampionSoul has 120 seconds left.\n|inactive|JoeyOwesMeMoney has 120 seconds left.\n|\n|switch|p1a: Tangrowth|Tangrowth, F|100\/100\n|-damage|p1a: Tangrowth|88\/100|[from] Stealth Rock\n|move|p2a: Chansey|Toxic|p1a: Tangrowth\n|-status|p1a: Tangrowth|tox\n|\n|-damage|p1a: Tangrowth|82\/100 tox|[from] psn\n|upkeep\n|turn|22\n|\n|switch|p2a: Sableye|Sableye-Mega, M|73\/100\n|move|p1a: Tangrowth|Knock Off|p2a: Sableye\n|-damage|p2a: Sableye|59\/100\n|\n|-damage|p1a: Tangrowth|69\/100 tox|[from] psn\n|upkeep\n|turn|23\n|inactive|AuraChampionSoul has 120 seconds left.\n|\n|switch|p1a: Mawile|Mawile-Mega, M|61\/100\n|-damage|p1a: Mawile|55\/100|[from] Stealth Rock\n|move|p2a: Sableye|Recover|p2a: Sableye\n|-heal|p2a: Sableye|100\/100\n|\n|upkeep\n|turn|24\n|inactive|AuraChampionSoul has 120 seconds left.\n|\n|switch|p2a: Skarmory|Skarmory, F|90\/100\n|move|p1a: Mawile|Fire Fang|p2a: Skarmory\n|-supereffective|p2a: Skarmory\n|-damage|p2a: Skarmory|39\/100\n|-damage|p1a: Mawile|39\/100|[from] item: Rocky Helmet|[of] p2a: Skarmory\n|\n|upkeep\n|turn|25\n|\n|move|p2a: Skarmory|Roost|p2a: Skarmory\n|-heal|p2a: Skarmory|89\/100\n|-singleturn|p2a: Skarmory|move: Roost\n|move|p1a: Mawile|Fire Fang|p2a: Skarmory\n|-supereffective|p2a: Skarmory\n|-damage|p2a: Skarmory|37\/100\n|-damage|p1a: Mawile|22\/100|[from] item: Rocky Helmet|[of] p2a: Skarmory\n|\n|upkeep\n|turn|26\n|inactive|AuraChampionSoul has 120 seconds left.\n|\n|move|p2a: Skarmory|Roost|p2a: Skarmory\n|-heal|p2a: Skarmory|87\/100\n|-singleturn|p2a: Skarmory|move: Roost\n|move|p1a: Mawile|Fire Fang|p2a: Skarmory\n|-supereffective|p2a: Skarmory\n|-damage|p2a: Skarmory|39\/100\n|-damage|p1a: Mawile|6\/100|[from] item: Rocky Helmet|[of] p2a: Skarmory\n|\n|upkeep\n|turn|27\n|\n|move|p2a: Skarmory|Roost|p2a: Skarmory\n|-heal|p2a: Skarmory|89\/100\n|-singleturn|p2a: Skarmory|move: Roost\n|move|p1a: Mawile|Fire Fang|p2a: Skarmory\n|-supereffective|p2a: Skarmory\n|-damage|p2a: Skarmory|36\/100\n|-damage|p1a: Mawile|0 fnt|[from] item: Rocky Helmet|[of] p2a: Skarmory\n|faint|p1a: Mawile\n|\n|upkeep\n|\n|switch|p1a: Greninja|Greninja, M|88\/100\n|-damage|p1a: Greninja|76\/100|[from] Stealth Rock\n|turn|28\n|\n|switch|p1a: Garchomp|Garchomp, M|100\/100\n|-damage|p1a: Garchomp|94\/100|[from] Stealth Rock\n|switch|p2a: Chansey|Chansey, F|68\/100\n|\n|upkeep\n|turn|29\n|\n|move|p1a: Garchomp|Swords Dance|p1a: Garchomp\n|-boost|p1a: Garchomp|atk|2\n|move|p2a: Chansey|Toxic|p1a: Garchomp\n|-status|p1a: Garchomp|tox\n|\n|-damage|p1a: Garchomp|88\/100 tox|[from] psn\n|upkeep\n|turn|30\n|\n|switch|p2a: Skarmory|Skarmory, F|36\/100\n|move|p1a: Garchomp|Stone Edge|p2a: Skarmory\n|-damage|p2a: Skarmory|0 fnt\n|faint|p2a: Skarmory\n|\n|-damage|p1a: Garchomp|76\/100 tox|[from] psn\n|upkeep\n|\n|switch|p2a: Clefable|Clefable, F|100\/100\n|turn|31\n|\n|move|p2a: Clefable|Protect|p2a: Clefable\n|-singleturn|p2a: Clefable|Protect\n|-zpower|p1a: Garchomp\n|move|p1a: Garchomp|Continental Crush|p2a: Clefable|[zeffect]\n|-zbroken|p2a: Clefable\n|-damage|p2a: Clefable|89\/100\n|\n|-heal|p2a: Clefable|95\/100|[from] item: Leftovers\n|-damage|p1a: Garchomp|57\/100 tox|[from] psn\n|upkeep\n|turn|32\n|j| sdfiuyshvcxcv\n|\n|move|p1a: Garchomp|Earthquake|p2a: Clefable\n|-damage|p2a: Clefable|55\/100\n|move|p2a: Clefable|Wish|p2a: Clefable\n|\n|-heal|p2a: Clefable|61\/100|[from] item: Leftovers\n|-damage|p1a: Garchomp|33\/100 tox|[from] psn\n|upkeep\n|turn|33\n|l| sdfiuyshvcxcv\n|\n|move|p2a: Clefable|Protect|p2a: Clefable\n|-singleturn|p2a: Clefable|Protect\n|move|p1a: Garchomp|Stealth Rock|p2a: Clefable\n|-sidestart|p2: JoeyOwesMeMoney|move: Stealth Rock\n|\n|-heal|p2a: Clefable|100\/100|[from] move: Wish|[wisher] Clefable\n|-damage|p1a: Garchomp|2\/100 tox|[from] psn\n|upkeep\n|turn|34\n|\n|move|p1a: Garchomp|Earthquake|p2a: Clefable\n|-damage|p2a: Clefable|64\/100\n|move|p2a: Clefable|Wish|p2a: Clefable\n|\n|-heal|p2a: Clefable|70\/100|[from] item: Leftovers\n|-damage|p1a: Garchomp|0 fnt|[from] psn\n|faint|p1a: Garchomp\n|upkeep\n|\n|switch|p1a: Toxapex|Toxapex, F|100\/100 brn\n|-damage|p1a: Toxapex|88\/100 brn|[from] Stealth Rock\n|turn|35\n|\n|move|p2a: Clefable|Protect|p2a: Clefable\n|-singleturn|p2a: Clefable|Protect\n|move|p1a: Toxapex|Scald|p2a: Clefable\n|-activate|p2a: Clefable|move: Protect\n|\n|-heal|p2a: Clefable|100\/100|[from] move: Wish|[wisher] Clefable\n|-damage|p1a: Toxapex|82\/100 brn|[from] brn\n|upkeep\n|turn|36\n|\n|switch|p2a: Chansey|Chansey, F|68\/100\n|-damage|p2a: Chansey|56\/100|[from] Stealth Rock\n|move|p1a: Toxapex|Scald|p2a: Chansey\n|-damage|p2a: Chansey|51\/100\n|\n|-damage|p1a: Toxapex|76\/100 brn|[from] brn\n|upkeep\n|turn|37\n|\n|move|p2a: Chansey|Soft-Boiled|p2a: Chansey\n|-heal|p2a: Chansey|100\/100\n|move|p1a: Toxapex|Toxic Spikes|p2a: Chansey\n|-sidestart|p2: JoeyOwesMeMoney|move: Toxic Spikes\n|\n|-damage|p1a: Toxapex|70\/100 brn|[from] brn\n|upkeep\n|turn|38\n|\n|move|p2a: Chansey|Seismic Toss|p1a: Toxapex\n|-damage|p1a: Toxapex|37\/100 brn\n|move|p1a: Toxapex|Scald|p2a: Chansey\n|-damage|p2a: Chansey|95\/100\n|\n|-damage|p1a: Toxapex|32\/100 brn|[from] brn\n|upkeep\n|turn|39\n|\n|switch|p2a: Toxapex|Toxapex, M|100\/100\n|-sideend|p2: JoeyOwesMeMoney|move: Toxic Spikes|[of] p2a: Toxapex\n|-damage|p2a: Toxapex|88\/100|[from] Stealth Rock\n|switch|p1a: Tangrowth|Tangrowth, F|100\/100 tox\n|-damage|p1a: Tangrowth|88\/100 tox|[from] Stealth Rock\n|\n|-heal|p2a: Toxapex|94\/100|[from] item: Black Sludge\n|-damage|p1a: Tangrowth|82\/100 tox|[from] psn\n|upkeep\n|turn|40\n|\n|move|p1a: Tangrowth|Knock Off|p2a: Toxapex\n|-damage|p2a: Toxapex|81\/100\n|-enditem|p2a: Toxapex|Black Sludge|[from] move: Knock Off|[of] p1a: Tangrowth\n|move|p2a: Toxapex|Scald|p1a: Tangrowth\n|-resisted|p1a: Tangrowth\n|-damage|p1a: Tangrowth|77\/100 tox\n|\n|-damage|p1a: Tangrowth|64\/100 tox|[from] psn\n|upkeep\n|turn|41\n|\n|switch|p1a: Toxapex|Toxapex, F|65\/100 brn\n|-damage|p1a: Toxapex|53\/100 brn|[from] Stealth Rock\n|move|p2a: Toxapex|Scald|p1a: Toxapex\n|-resisted|p1a: Toxapex\n|-damage|p1a: Toxapex|47\/100 brn\n|\n|-damage|p1a: Toxapex|41\/100 brn|[from] brn\n|upkeep\n|turn|42\n|inactive|JoeyOwesMeMoney has 120 seconds left.\n|\n|switch|p2a: Chansey|Chansey, F|95\/100\n|-damage|p2a: Chansey|83\/100|[from] Stealth Rock\n|move|p1a: Toxapex|Recover|p1a: Toxapex\n|-heal|p1a: Toxapex|91\/100 brn\n|\n|-damage|p1a: Toxapex|85\/100 brn|[from] brn\n|upkeep\n|turn|43\n|\n|move|p2a: Chansey|Seismic Toss|p1a: Toxapex\n|-damage|p1a: Toxapex|52\/100 brn\n|move|p1a: Toxapex|Recover|p1a: Toxapex\n|-heal|p1a: Toxapex|100\/100 brn\n|\n|-damage|p1a: Toxapex|95\/100 brn|[from] brn\n|upkeep\n|turn|44\n|\n|switch|p1a: Tangrowth|Tangrowth, F|98\/100 tox\n|-damage|p1a: Tangrowth|85\/100 tox|[from] Stealth Rock\n|move|p2a: Chansey|Seismic Toss|p1a: Tangrowth\n|-damage|p1a: Tangrowth|60\/100 tox\n|\n|-damage|p1a: Tangrowth|54\/100 tox|[from] psn\n|upkeep\n|turn|45\n|\n|switch|p2a: Magnezone|Magnezone|100\/100\n|-damage|p2a: Magnezone|94\/100|[from] Stealth Rock\n|move|p1a: Tangrowth|Knock Off|p2a: Magnezone\n|-damage|p2a: Magnezone|68\/100\n|-enditem|p2a: Magnezone|Choice Scarf|[from] move: Knock Off|[of] p1a: Tangrowth\n|\n|-damage|p1a: Tangrowth|42\/100 tox|[from] psn\n|upkeep\n|turn|46\n|\n|switch|p1a: Toxapex|Toxapex, F|100\/100 brn\n|-damage|p1a: Toxapex|88\/100 brn|[from] Stealth Rock\n|move|p2a: Magnezone|Volt Switch|p1a: Toxapex\n|-supereffective|p1a: Toxapex\n|-damage|p1a: Toxapex|36\/100 brn\n|\n|switch|p2a: Chansey|Chansey, F|83\/100|[from]move: Volt Switch\n|-damage|p2a: Chansey|70\/100|[from] Stealth Rock\n|\n|-damage|p1a: Toxapex|30\/100 brn|[from] brn\n|upkeep\n|turn|47\n|\n|switch|p1a: Tangrowth|Tangrowth, F|75\/100 tox\n|-damage|p1a: Tangrowth|63\/100 tox|[from] Stealth Rock\n|move|p2a: Chansey|Seismic Toss|p1a: Tangrowth\n|-damage|p1a: Tangrowth|38\/100 tox\n|\n|-damage|p1a: Tangrowth|32\/100 tox|[from] psn\n|upkeep\n|turn|48\n|\n|switch|p1a: Toxapex|Toxapex, F|64\/100 brn\n|-damage|p1a: Toxapex|51\/100 brn|[from] Stealth Rock\n|move|p2a: Chansey|Seismic Toss|p1a: Toxapex\n|-damage|p1a: Toxapex|18\/100 brn\n|\n|-damage|p1a: Toxapex|12\/100 brn|[from] brn\n|upkeep\n|turn|49\n|\n|switch|p1a: Greninja|Greninja, M|76\/100\n|-damage|p1a: Greninja|64\/100|[from] Stealth Rock\n|move|p2a: Chansey|Seismic Toss|p1a: Greninja\n|-damage|p1a: Greninja|29\/100\n|\n|upkeep\n|turn|50\n|\n|move|p1a: Greninja|Dark Pulse|p2a: Chansey\n|-damage|p2a: Chansey|53\/100\n|move|p2a: Chansey|Seismic Toss|p1a: Greninja\n|-damage|p1a: Greninja|0 fnt\n|faint|p1a: Greninja\n|\n|upkeep\n|l| saigok2\n|\n|switch|p1a: Landorus|Landorus-Therian, M|57\/100\n|-damage|p1a: Landorus|45\/100|[from] Stealth Rock\n|-ability|p1a: Landorus|Intimidate|boost\n|-unboost|p2a: Chansey|atk|1\n|turn|51\n|j| peen_gorl\n|\n|move|p1a: Landorus|Earthquake|p2a: Chansey\n|-damage|p2a: Chansey|15\/100\n|move|p2a: Chansey|Soft-Boiled|p2a: Chansey\n|-heal|p2a: Chansey|65\/100\n|\n|upkeep\n|turn|52\n|\n|switch|p1a: Tangrowth|Tangrowth, F|65\/100 tox\n|-damage|p1a: Tangrowth|52\/100 tox|[from] Stealth Rock\n|move|p2a: Chansey|Soft-Boiled|p2a: Chansey\n|-heal|p2a: Chansey|100\/100\n|\n|-damage|p1a: Tangrowth|46\/100 tox|[from] psn\n|upkeep\n|turn|53\n|\n|move|p2a: Chansey|Seismic Toss|p1a: Tangrowth\n|-damage|p1a: Tangrowth|21\/100 tox\n|move|p1a: Tangrowth|Earthquake|p2a: Chansey\n|-damage|p2a: Chansey|85\/100\n|\n|-damage|p1a: Tangrowth|9\/100 tox|[from] psn\n|upkeep\n|turn|54\n|-message|AuraChampionSoul forfeited.\n|\n|win|JoeyOwesMeMoney\n|raw|AuraChampionSoul's rating: 1736 &rarr; <strong>1719<\/strong><br \/>(-17 for losing)\n|raw|JoeyOwesMeMoney's rating: 1789 &rarr; <strong>1805<\/strong><br \/>(+16 for winning)\n|l|\u2606AuraChampionSoul\n","uploadtime":1568449359,"views":32,"p1id":"aurachampionsoul","p2id":"joeyowesmemoney","formatid":"gen7ou","rating":1719,"private":0,"password":null}