{"id":"gen7randombattle-1576912426","p1":"Batataplays","p2":"EuOdeioJesusCristo","format":"gen7randombattle","log":"|j|\u2606Batataplays\n|j|\u2606EuOdeioJesusCristo\n|inactive|Battle timer is ON: inactive players will automatically lose when time's up.\n|t:|1652808722\n|gametype|singles\n|player|p1|Batataplays|dawn-gen4pt|\n|player|p2|EuOdeioJesusCristo|piers|\n|teamsize|p1|6\n|teamsize|p2|6\n|gen|7\n|tier|[Gen 7] Random Battle\n|rated|Tournament battle\n|rule|Sleep Clause Mod: Limit one foe put to sleep\n|rule|HP Percentage Mod: HP is shown in percentages\n|\n|t:|1652808722\n|start\n|switch|p1a: Eelektross|Eelektross, L88, F|293\/293\n|switch|p2a: Lilligant|Lilligant, L88, F|266\/266\n|turn|1\n|j| Uvinha_com_Leite\n|inactive|EuOdeioJesusCristo has 120 seconds left.\n|\n|t:|1652808761\n|switch|p2a: Nihilego|Nihilego, L82|313\/313\n|-item|p2a: Nihilego|Air Balloon\n|switch|p1a: Accelgor|Accelgor, L86, F|278\/278\n|\n|upkeep\n|turn|2\n|\n|t:|1652808768\n|switch|p1a: Groudon|Groudon, L76|277\/277\n|detailschange|p1a: Groudon|Groudon-Primal, L76\n|-primal|p1a: Groudon\n|-weather|DesolateLand|[from] ability: Desolate Land|[of] p1a: Groudon\n|move|p2a: Nihilego|Stealth Rock|p1a: Groudon\n|-sidestart|p1: Batataplays|move: Stealth Rock\n|\n|-weather|DesolateLand|[upkeep]\n|upkeep\n|turn|3\n|\n|t:|1652808780\n|switch|p2a: Vaporeon|Vaporeon, L86, M|364\/364\n|move|p1a: Groudon|Precipice Blades|p2a: Vaporeon\n|-damage|p2a: Vaporeon|121\/364\n|\n|-weather|DesolateLand|[upkeep]\n|-heal|p2a: Vaporeon|143\/364|[from] item: Leftovers\n|upkeep\n|turn|4\n|\n|t:|1652808786\n|move|p1a: Groudon|Precipice Blades|p2a: Vaporeon\n|-damage|p2a: Vaporeon|0 fnt\n|faint|p2a: Vaporeon\n|\n|-weather|DesolateLand|[upkeep]\n|upkeep\n|\n|t:|1652808790\n|switch|p2a: Lilligant|Lilligant, L88, F|266\/266\n|turn|5\n|\n|t:|1652808801\n|move|p2a: Lilligant|Quiver Dance|p2a: Lilligant\n|-boost|p2a: Lilligant|spa|1\n|-boost|p2a: Lilligant|spd|1\n|-boost|p2a: Lilligant|spe|1\n|move|p1a: Groudon|Fire Punch|p2a: Lilligant\n|-supereffective|p2a: Lilligant\n|-enditem|p2a: Lilligant|Focus Sash\n|-damage|p2a: Lilligant|1\/266\n|\n|-weather|DesolateLand|[upkeep]\n|upkeep\n|turn|6\n|\n|t:|1652808810\n|-weather|none\n|switch|p1a: Amoonguss|Amoonguss, L82, F|321\/321\n|-damage|p1a: Amoonguss|281\/321|[from] Stealth Rock\n|move|p2a: Lilligant|Sleep Powder|p1a: Amoonguss\n|-immune|p1a: Amoonguss\n|\n|-heal|p1a: Amoonguss|301\/321|[from] item: Black Sludge\n|upkeep\n|turn|7\n|\n|t:|1652808821\n|move|p2a: Lilligant|Hidden Power|p1a: Amoonguss\n|-supereffective|p1a: Amoonguss\n|-damage|p1a: Amoonguss|125\/321\n|move|p1a: Amoonguss|Clear Smog|p2a: Lilligant\n|-supereffective|p2a: Lilligant\n|-damage|p2a: Lilligant|0 fnt\n|-clearboost|p2a: Lilligant\n|faint|p2a: Lilligant\n|\n|-heal|p1a: Amoonguss|145\/321|[from] item: Black Sludge\n|upkeep\n|\n|t:|1652808826\n|switch|p2a: Kyurem|Kyurem-Black, L80|331\/331\n|-ability|p2a: Kyurem|Teravolt\n|turn|8\n|\n|t:|1652808832\n|move|p2a: Kyurem|Substitute|p2a: Kyurem\n|-start|p2a: Kyurem|Substitute\n|-damage|p2a: Kyurem|249\/331\n|move|p1a: Amoonguss|Spore||[still]\n|-fail|p1a: Amoonguss\n|\n|-heal|p2a: Kyurem|269\/331|[from] item: Leftovers\n|-heal|p1a: Amoonguss|165\/321|[from] item: Black Sludge\n|upkeep\n|turn|9\n|\n|t:|1652808835\n|move|p2a: Kyurem|Ice Beam|p1a: Amoonguss\n|-supereffective|p1a: Amoonguss\n|-damage|p1a: Amoonguss|0 fnt\n|faint|p1a: Amoonguss\n|\n|-heal|p2a: Kyurem|289\/331|[from] item: Leftovers\n|upkeep\n|\n|t:|1652808840\n|switch|p1a: Accelgor|Accelgor, L86, F|278\/278\n|-damage|p1a: Accelgor|209\/278|[from] Stealth Rock\n|turn|10\n|\n|t:|1652808844\n|move|p1a: Accelgor|Bug Buzz|p2a: Kyurem\n|-damage|p2a: Kyurem|178\/331\n|move|p2a: Kyurem|Ice Beam|p1a: Accelgor\n|-damage|p1a: Accelgor|71\/278\n|\n|-heal|p1a: Accelgor|88\/278|[from] item: Leftovers\n|-heal|p2a: Kyurem|198\/331|[from] item: Leftovers\n|upkeep\n|turn|11\n|\n|t:|1652808850\n|move|p1a: Accelgor|Bug Buzz|p2a: Kyurem\n|-damage|p2a: Kyurem|90\/331\n|move|p2a: Kyurem|Roost|p2a: Kyurem\n|-heal|p2a: Kyurem|256\/331\n|-singleturn|p2a: Kyurem|move: Roost\n|\n|-heal|p1a: Accelgor|105\/278|[from] item: Leftovers\n|-heal|p2a: Kyurem|276\/331|[from] item: Leftovers\n|upkeep\n|turn|12\n|\n|t:|1652808862\n|move|p1a: Accelgor|Yawn||[still]\n|-fail|p1a: Accelgor\n|move|p2a: Kyurem|Ice Beam|p1a: Accelgor\n|-damage|p1a: Accelgor|0 fnt\n|faint|p1a: Accelgor\n|\n|-heal|p2a: Kyurem|296\/331|[from] item: Leftovers\n|upkeep\n|\n|t:|1652808867\n|switch|p1a: Eelektross|Eelektross, L88, F|293\/293\n|-damage|p1a: Eelektross|257\/293|[from] Stealth Rock\n|turn|13\n|j| Buko3k\n|\n|t:|1652808872\n|move|p2a: Kyurem|Ice Beam|p1a: Eelektross\n|-crit|p1a: Eelektross\n|-damage|p1a: Eelektross|146\/293\n|move|p1a: Eelektross|Superpower|p2a: Kyurem\n|-supereffective|p2a: Kyurem\n|-end|p2a: Kyurem|Substitute\n|-unboost|p1a: Eelektross|atk|1\n|-unboost|p1a: Eelektross|def|1\n|\n|-heal|p2a: Kyurem|316\/331|[from] item: Leftovers\n|upkeep\n|turn|14\n|inactive|EuOdeioJesusCristo has 120 seconds left.\n|inactive|EuOdeioJesusCristo has 90 seconds left.\n|inactive|EuOdeioJesusCristo has 60 seconds left.\n|inactive|EuOdeioJesusCristo has 30 seconds left.\n|inactive|EuOdeioJesusCristo has 20 seconds left.\n|inactive|EuOdeioJesusCristo has 15 seconds left.\n|inactive|EuOdeioJesusCristo has 10 seconds left.\n|inactive|EuOdeioJesusCristo has 5 seconds left.\n|\n|t:|1652809022\n|switch|p1a: Conkeldurr|Conkeldurr, L82, F|306\/306\n|-damage|p1a: Conkeldurr|287\/306|[from] Stealth Rock\n|move|p2a: Kyurem|Ice Beam|p1a: Conkeldurr\n|-crit|p1a: Conkeldurr\n|-damage|p1a: Conkeldurr|94\/306\n|\n|-heal|p2a: Kyurem|331\/331|[from] item: Leftovers\n|upkeep\n|turn|15\n|inactive|EuOdeioJesusCristo has 15 seconds left this turn.\n|c|\u2606EuOdeioJesusCristo|telefone\n|c|\u2606EuOdeioJesusCristo|malz\n|\n|t:|1652809038\n|move|p1a: Conkeldurr|Mach Punch|p2a: Kyurem\n|-supereffective|p2a: Kyurem\n|-damage|p2a: Kyurem|167\/331\n|-damage|p1a: Conkeldurr|64\/306|[from] item: Life Orb\n|move|p2a: Kyurem|Ice Beam|p1a: Conkeldurr\n|-damage|p1a: Conkeldurr|0 fnt\n|faint|p1a: Conkeldurr\n|\n|-heal|p2a: Kyurem|187\/331|[from] item: Leftovers\n|upkeep\n|inactive|EuOdeioJesusCristo has 20 seconds left this turn.\n|\n|t:|1652809043\n|switch|p1a: Tornadus|Tornadus, L84, M|270\/270\n|-damage|p1a: Tornadus|203\/270|[from] Stealth Rock\n|turn|16\n|inactive|EuOdeioJesusCristo has 30 seconds left this turn.\n|inactive|EuOdeioJesusCristo has 20 seconds left.\n|j|%Hisuian-Saske\n|inactive|EuOdeioJesusCristo has 15 seconds left.\n|\n|t:|1652809061\n|-zpower|p1a: Tornadus\n|move|p1a: Tornadus|Supersonic Skystrike|p2a: Kyurem|[zeffect]\n|-damage|p2a: Kyurem|0 fnt\n|faint|p2a: Kyurem\n|\n|upkeep\n|inactive|EuOdeioJesusCristo has 20 seconds left this turn.\n|c|%Hisuian-Saske|vai batata!\n|\n|t:|1652809066\n|switch|p2a: Lunala|Lunala, L76|333\/333\n|turn|17\n|inactive|EuOdeioJesusCristo has 30 seconds left this turn.\n|\n|t:|1652809073\n|move|p1a: Tornadus|Hurricane|p2a: Lunala\n|-damage|p2a: Lunala|272\/333\n|-start|p2a: Lunala|confusion\n|-activate|p2a: Lunala|confusion\n|-damage|p2a: Lunala|245\/333|[from] confusion\n|\n|-heal|p2a: Lunala|265\/333|[from] item: Leftovers\n|upkeep\n|turn|18\n|\n|t:|1652809078\n|switch|p2a: Nihilego|Nihilego, L82|313\/313\n|-item|p2a: Nihilego|Air Balloon\n|move|p1a: Tornadus|Hurricane|p2a: Nihilego\n|-resisted|p2a: Nihilego\n|-damage|p2a: Nihilego|262\/313\n|-enditem|p2a: Nihilego|Air Balloon\n|\n|upkeep\n|turn|19\n|\n|t:|1652809087\n|move|p1a: Tornadus|Superpower|p2a: Nihilego\n|-damage|p2a: Nihilego|99\/313\n|-unboost|p1a: Tornadus|atk|1\n|-unboost|p1a: Tornadus|def|1\n|move|p2a: Nihilego|Sludge Wave|p1a: Tornadus\n|-damage|p1a: Tornadus|80\/270\n|\n|upkeep\n|turn|20\n|\n|t:|1652809090\n|switch|p2a: Lunala|Lunala, L76|265\/333\n|move|p1a: Tornadus|Superpower|p2a: Lunala\n|-immune|p2a: Lunala\n|\n|-heal|p2a: Lunala|285\/333|[from] item: Leftovers\n|upkeep\n|turn|21\n|\n|t:|1652809095\n|move|p1a: Tornadus|Hurricane|p2a: Lunala\n|-damage|p2a: Lunala|140\/333\n|move|p2a: Lunala|Calm Mind|p2a: Lunala\n|-boost|p2a: Lunala|spa|1\n|-boost|p2a: Lunala|spd|1\n|\n|-heal|p2a: Lunala|160\/333|[from] item: Leftovers\n|upkeep\n|turn|22\n|\n|t:|1652809098\n|move|p1a: Tornadus|Hurricane|p2a: Lunala\n|-damage|p2a: Lunala|72\/333\n|move|p2a: Lunala|Roost|p2a: Lunala\n|-heal|p2a: Lunala|239\/333\n|-singleturn|p2a: Lunala|move: Roost\n|\n|-heal|p2a: Lunala|259\/333|[from] item: Leftovers\n|upkeep\n|turn|23\n|\n|t:|1652809103\n|switch|p1a: Groudon|Groudon-Primal, L76|277\/277\n|-damage|p1a: Groudon|243\/277|[from] Stealth Rock\n|-weather|DesolateLand|[from] ability: Desolate Land|[of] p1a: Groudon\n|move|p2a: Lunala|Roost|p2a: Lunala\n|-heal|p2a: Lunala|333\/333\n|-singleturn|p2a: Lunala|move: Roost\n|\n|-weather|DesolateLand|[upkeep]\n|upkeep\n|turn|24\n|\n|t:|1652809107\n|move|p2a: Lunala|Moongeist Beam|p1a: Groudon\n|-damage|p1a: Groudon|45\/277\n|move|p1a: Groudon|Precipice Blades|p2a: Lunala\n|-damage|p2a: Lunala|243\/333\n|\n|-weather|DesolateLand|[upkeep]\n|-heal|p2a: Lunala|263\/333|[from] item: Leftovers\n|upkeep\n|turn|25\n|\n|t:|1652809110\n|move|p2a: Lunala|Moongeist Beam|p1a: Groudon\n|-damage|p1a: Groudon|0 fnt\n|faint|p1a: Groudon\n|-weather|none\n|\n|-heal|p2a: Lunala|283\/333|[from] item: Leftovers\n|upkeep\n|\n|t:|1652809112\n|switch|p1a: Tornadus|Tornadus, L84, M|80\/270\n|-damage|p1a: Tornadus|13\/270|[from] Stealth Rock\n|turn|26\n|\n|t:|1652809115\n|move|p1a: Tornadus|Hurricane|p2a: Lunala\n|-damage|p2a: Lunala|189\/333\n|-start|p2a: Lunala|confusion\n|-activate|p2a: Lunala|confusion\n|-damage|p2a: Lunala|165\/333|[from] confusion\n|\n|-heal|p2a: Lunala|185\/333|[from] item: Leftovers\n|upkeep\n|turn|27\n|c|\u2606Batataplays|Gg\n|\n|t:|1652809121\n|move|p1a: Tornadus|Hurricane|p2a: Lunala\n|-damage|p2a: Lunala|92\/333\n|-activate|p2a: Lunala|confusion\n|move|p2a: Lunala|Roost|p2a: Lunala\n|-heal|p2a: Lunala|259\/333\n|-singleturn|p2a: Lunala|move: Roost\n|\n|-heal|p2a: Lunala|279\/333|[from] item: Leftovers\n|upkeep\n|turn|28\n|\n|t:|1652809125\n|move|p1a: Tornadus|Hurricane|p2a: Lunala\n|-damage|p2a: Lunala|182\/333\n|-activate|p2a: Lunala|confusion\n|-damage|p2a: Lunala|160\/333|[from] confusion\n|\n|-heal|p2a: Lunala|180\/333|[from] item: Leftovers\n|upkeep\n|turn|29\n|-message|Batataplays forfeited.\n|\n|win|EuOdeioJesusCristo\n|n|\u2606Batataplays|batataplays\n|n|\u2606EuOdeioJesusCristo|euodeiojesuscristo\n|n| Uvinha_com_Leite|uvinhacomleite\n|n| Buko3k|buko3k\n|n| Hisuian-Saske|hisuiansaske\n","inputlog":">version 4c9e1ae78641d89b360ec25232a65a4f7033f808\n>start {\"formatid\":\"gen7randombattle\",\"seed\":[637,43048,58904,10755],\"rated\":\"Tournament battle\"}\n>player p1 {\"name\":\"Batataplays\",\"avatar\":\"dawn-gen4pt\",\"rating\":0,\"seed\":[62234,47646,51926,49372]}\n>player p2 {\"name\":\"EuOdeioJesusCristo\",\"avatar\":\"piers\",\"rating\":0,\"seed\":[55241,58106,11771,64314]}\n>p1 switch 3\n>p2 switch 5\n>p1 switch 6\n>p2 move stealthrock\n>p1 move precipiceblades\n>p2 switch 4\n>p1 move precipiceblades\n>p2 move toxic\n>p2 switch 5\n>p1 move firepunch\n>p2 move quiverdance\n>p1 switch 4\n>p2 move sleeppowder\n>p1 move clearsmog\n>p2 move hiddenpower\n>p2 switch 2\n>p1 move spore\n>p2 move substitute\n>p1 move sludgebomb\n>p2 move icebeam\n>p1 switch 6\n>p1 move bugbuzz\n>p2 move icebeam\n>p1 move bugbuzz\n>p2 move roost\n>p1 move yawn\n>p2 move icebeam\n>p1 switch 3\n>p1 move superpower\n>p2 move icebeam\n>p1 switch 5\n>p2 move icebeam\n>chat \u2606EuOdeioJesusCristo|telefone\n>chat \u2606EuOdeioJesusCristo|malz\n>p1 move machpunch\n>p2 move icebeam\n>p1 switch 2\n>p1 move hurricane zmove\n>p2 move icebeam\n>chat %Hisuian-Saske|vai batata!\n>p2 switch 6\n>p1 move hurricane\n>p2 move calmmind\n>p1 move hurricane\n>p2 switch 4\n>p1 move superpower\n>p2 move sludgewave\n>p1 move superpower\n>p2 switch 4\n>p1 move hurricane\n>p2 move calmmind\n>p1 move hurricane\n>p2 move roost\n>p1 switch 4\n>p2 move roost\n>p1 move precipiceblades\n>p2 move moongeistbeam\n>p1 move precipiceblades\n>p2 move moongeistbeam\n>p1 switch 4\n>p1 move hurricane\n>p2 move psyshock\n>chat \u2606Batataplays|Gg\n>p1 move hurricane\n>p2 move roost\n>p1 move hurricane\n>p2 move roost\n>forcelose p1","uploadtime":1652809127,"views":4,"p1id":"batataplays","p2id":"euodeiojesuscristo","formatid":"gen7randombattle","rating":0,"private":0,"password":null}