{"id":"gen7ou-1667936370","p1":"HQSFun","p2":"rxcrj","format":"gen7ou","log":"|j|\u2606HQSFun\n|j|\u2606rxcrj\n|t:|1663580731\n|gametype|singles\n|player|p1|HQSFun|veteranf|1595\n|player|p2|rxcrj|266|1685\n|teamsize|p1|6\n|teamsize|p2|6\n|gen|7\n|tier|[Gen 7] OU\n|rated|\n|rule|Sleep Clause Mod: Limit one foe put to sleep\n|rule|Species Clause: Limit one of each Pok\u00e9mon\n|rule|OHKO Clause: OHKO moves are banned\n|rule|Moody Clause: Moody is banned\n|rule|Evasion Items Clause: Evasion items are banned\n|rule|Evasion Moves Clause: Evasion moves are banned\n|rule|Endless Battle Clause: Forcing endless battles is banned\n|rule|HP Percentage Mod: HP is shown in percentages\n|clearpoke\n|poke|p1|Diancie|item\n|poke|p1|Greninja, M|item\n|poke|p1|Thundurus-Therian, M|item\n|poke|p1|Gyarados, F|item\n|poke|p1|Landorus-Therian, M|item\n|poke|p1|Kartana|item\n|poke|p2|Diancie|item\n|poke|p2|Tapu Bulu|item\n|poke|p2|Hippowdon, M|item\n|poke|p2|Azumarill, F|item\n|poke|p2|Kartana|item\n|poke|p2|Magearna|item\n|teampreview\n|\n|t:|1663580746\n|start\n|switch|p1a: Landorus|Landorus-Therian, M|100\/100\n|switch|p2a: Diancie|Diancie|100\/100\n|-ability|p1a: Landorus|Intimidate|boost\n|-fail|p2a: Diancie|unboost|[from] ability: Clear Body|[of] p2a: Diancie\n|turn|1\n|inactive|Battle timer is ON: inactive players will automatically lose when time's up. (requested by HQSFun)\n|\n|t:|1663580770\n|switch|p2a: Tapu Bulu|Tapu Bulu|100\/100\n|-fieldstart|move: Grassy Terrain|[from] ability: Grassy Surge|[of] p2a: Tapu Bulu\n|move|p1a: Landorus|Earthquake|p2a: Tapu Bulu\n|-resisted|p2a: Tapu Bulu\n|-damage|p2a: Tapu Bulu|87\/100\n|\n|-heal|p2a: Tapu Bulu|93\/100|[from] Grassy Terrain\n|upkeep\n|turn|2\n|\n|t:|1663580773\n|switch|p2a: Diancie|Diancie|100\/100\n|move|p1a: Landorus|Stealth Rock|p2a: Diancie\n|-sidestart|p2: rxcrj|move: Stealth Rock\n|\n|upkeep\n|turn|3\n|\n|t:|1663580783\n|detailschange|p2a: Diancie|Diancie-Mega\n|-mega|p2a: Diancie|Diancie|Diancite\n|move|p2a: Diancie|Moonblast|p1a: Landorus\n|-damage|p1a: Landorus|22\/100\n|move|p1a: Landorus|Earthquake|p2a: Diancie\n|-supereffective|p2a: Diancie\n|-damage|p2a: Diancie|11\/100\n|\n|-heal|p2a: Diancie|17\/100|[from] Grassy Terrain\n|upkeep\n|turn|4\n|\n|t:|1663580794\n|move|p2a: Diancie|Moonblast|p1a: Landorus\n|-damage|p1a: Landorus|0 fnt\n|faint|p1a: Landorus\n|\n|-heal|p2a: Diancie|23\/100|[from] Grassy Terrain\n|upkeep\n|\n|t:|1663580798\n|switch|p1a: Greninja|Greninja, M|100\/100\n|turn|5\n|\n|t:|1663580801\n|move|p2a: Diancie|Protect|p2a: Diancie\n|-singleturn|p2a: Diancie|Protect\n|move|p1a: Greninja|Hydro Pump|p2a: Diancie\n|-activate|p2a: Diancie|move: Protect\n|\n|-heal|p2a: Diancie|30\/100|[from] Grassy Terrain\n|-fieldend|move: Grassy Terrain\n|upkeep\n|turn|6\n|\n|t:|1663580806\n|switch|p2a: Azumarill|Azumarill, F|100\/100\n|-damage|p2a: Azumarill|88\/100|[from] Stealth Rock\n|move|p1a: Greninja|Hydro Pump|p2a: Azumarill\n|-resisted|p2a: Azumarill\n|-damage|p2a: Azumarill|61\/100\n|\n|-heal|p2a: Azumarill|67\/100|[from] item: Leftovers\n|upkeep\n|turn|7\n|\n|t:|1663580821\n|switch|p1a: Kartana|Kartana|100\/100\n|move|p2a: Azumarill|Whirlpool|p1a: Kartana\n|-resisted|p1a: Kartana\n|-damage|p1a: Kartana|89\/100\n|-activate|p1a: Kartana|move: Whirlpool|[of] p2a: Azumarill\n|\n|-heal|p2a: Azumarill|73\/100|[from] item: Leftovers\n|-damage|p1a: Kartana|77\/100|[from] move: Whirlpool|[partiallytrapped]\n|upkeep\n|turn|8\n|\n|t:|1663580827\n|move|p2a: Azumarill|Protect|p2a: Azumarill\n|-singleturn|p2a: Azumarill|Protect\n|move|p1a: Kartana|Swords Dance|p1a: Kartana\n|-boost|p1a: Kartana|atk|2\n|\n|-heal|p2a: Azumarill|80\/100|[from] item: Leftovers\n|-damage|p1a: Kartana|64\/100|[from] move: Whirlpool|[partiallytrapped]\n|upkeep\n|turn|9\n|\n|t:|1663580838\n|move|p1a: Kartana|Leaf Blade|p2a: Azumarill\n|-ability|p2a: Azumarill|Sap Sipper|boost\n|-boost|p2a: Azumarill|atk|1\n|move|p2a: Azumarill|Perish Song|p2a: Azumarill\n|-start|p1a: Kartana|perish3|[silent]\n|-start|p2a: Azumarill|perish3|[silent]\n|-fieldactivate|move: Perish Song\n|\n|-heal|p2a: Azumarill|86\/100|[from] item: Leftovers\n|-damage|p1a: Kartana|52\/100|[from] move: Whirlpool|[partiallytrapped]\n|-start|p1a: Kartana|perish3\n|-start|p2a: Azumarill|perish3\n|upkeep\n|turn|10\n|\n|t:|1663580843\n|move|p2a: Azumarill|Protect|p2a: Azumarill\n|-singleturn|p2a: Azumarill|Protect\n|move|p1a: Kartana|Smart Strike|p2a: Azumarill\n|-activate|p2a: Azumarill|move: Protect\n|\n|-heal|p2a: Azumarill|92\/100|[from] item: Leftovers\n|-damage|p1a: Kartana|39\/100|[from] move: Whirlpool|[partiallytrapped]\n|-start|p1a: Kartana|perish2\n|-start|p2a: Azumarill|perish2\n|upkeep\n|turn|11\n|\n|t:|1663580851\n|move|p1a: Kartana|Smart Strike|p2a: Azumarill\n|-damage|p2a: Azumarill|29\/100\n|move|p2a: Azumarill|Rest|p2a: Azumarill\n|-status|p2a: Azumarill|slp|[from] move: Rest\n|-heal|p2a: Azumarill|100\/100 slp|[silent]\n|\n|-damage|p1a: Kartana|27\/100|[from] move: Whirlpool|[partiallytrapped]\n|-start|p1a: Kartana|perish1\n|-start|p2a: Azumarill|perish1\n|upkeep\n|turn|12\n|\n|t:|1663580869\n|cant|p2a: Azumarill|slp\n|move|p1a: Kartana|Sacred Sword|p2a: Azumarill\n|-resisted|p2a: Azumarill\n|-damage|p2a: Azumarill|71\/100 slp\n|\n|-heal|p2a: Azumarill|77\/100 slp|[from] item: Leftovers\n|-end|p1a: Kartana|Whirlpool|[partiallytrapped]\n|-start|p1a: Kartana|perish0\n|-start|p2a: Azumarill|perish0\n|upkeep\n|faint|p1a: Kartana\n|faint|p2a: Azumarill\n|\n|t:|1663580880\n|switch|p1a: Diancie|Diancie|100\/100\n|switch|p2a: Tapu Bulu|Tapu Bulu|93\/100\n|-damage|p2a: Tapu Bulu|81\/100|[from] Stealth Rock\n|-fieldstart|move: Grassy Terrain|[from] ability: Grassy Surge|[of] p2a: Tapu Bulu\n|turn|13\n|\n|t:|1663580884\n|detailschange|p1a: Diancie|Diancie-Mega\n|-mega|p1a: Diancie|Diancie|Diancite\n|move|p1a: Diancie|Protect|p1a: Diancie\n|-singleturn|p1a: Diancie|Protect\n|move|p2a: Tapu Bulu|Horn Leech|p1a: Diancie\n|-activate|p1a: Diancie|move: Protect\n|\n|-heal|p2a: Tapu Bulu|87\/100|[from] Grassy Terrain\n|upkeep\n|turn|14\n|\n|t:|1663580892\n|switch|p1a: Thundurus|Thundurus-Therian, M|100\/100\n|move|p2a: Tapu Bulu|Horn Leech|p1a: Thundurus\n|-resisted|p1a: Thundurus\n|-crit|p1a: Thundurus\n|-damage|p1a: Thundurus|0 fnt\n|-heal|p2a: Tapu Bulu|100\/100|[from] drain|[of] p1a: Thundurus\n|faint|p1a: Thundurus\n|\n|upkeep\n|\n|t:|1663580898\n|switch|p1a: Gyarados|Gyarados, F|100\/100\n|turn|15\n|\n|t:|1663580913\n|move|p1a: Gyarados|Bounce||[still]\n|-prepare|p1a: Gyarados|Bounce\n|move|p2a: Tapu Bulu|Horn Leech|p1a: Gyarados|[miss]\n|-miss|p2a: Tapu Bulu|p1a: Gyarados\n|\n|upkeep\n|turn|16\n|\n|t:|1663580921\n|move|p1a: Gyarados|Bounce|p2a: Tapu Bulu|[from]lockedmove|[miss]\n|-miss|p1a: Gyarados|p2a: Tapu Bulu\n|move|p2a: Tapu Bulu|Horn Leech|p1a: Gyarados\n|-damage|p1a: Gyarados|0 fnt\n|faint|p1a: Gyarados\n|\n|upkeep\n|\n|t:|1663580926\n|switch|p1a: Diancie|Diancie-Mega|100\/100\n|turn|17\n|\n|t:|1663580929\n|move|p1a: Diancie|Protect|p1a: Diancie\n|-singleturn|p1a: Diancie|Protect\n|move|p2a: Tapu Bulu|Horn Leech|p1a: Diancie\n|-activate|p1a: Diancie|move: Protect\n|\n|-fieldend|move: Grassy Terrain\n|upkeep\n|turn|18\n|\n|t:|1663580932\n|move|p1a: Diancie|Moonblast|p2a: Tapu Bulu\n|-damage|p2a: Tapu Bulu|31\/100\n|move|p2a: Tapu Bulu|Horn Leech|p1a: Diancie\n|-supereffective|p1a: Diancie\n|-damage|p1a: Diancie|0 fnt\n|-heal|p2a: Tapu Bulu|71\/100|[from] drain|[of] p1a: Diancie\n|faint|p1a: Diancie\n|\n|upkeep\n|\n|t:|1663580937\n|switch|p1a: Greninja|Greninja, M|100\/100\n|turn|19\n|\n|t:|1663580941\n|move|p1a: Greninja|Dark Pulse|p2a: Tapu Bulu\n|-resisted|p2a: Tapu Bulu\n|-damage|p2a: Tapu Bulu|49\/100\n|move|p2a: Tapu Bulu|Horn Leech|p1a: Greninja\n|-supereffective|p1a: Greninja\n|-damage|p1a: Greninja|0 fnt\n|-heal|p2a: Tapu Bulu|96\/100|[from] drain|[of] p1a: Greninja\n|faint|p1a: Greninja\n|\n|win|rxcrj\n|raw|HQSFun's rating: 1595 &rarr; <strong>1580<\/strong><br \/>(-15 for losing)\n|raw|rxcrj's rating: 1685 &rarr; <strong>1700<\/strong><br \/>(+15 for winning)\n|l|\u2606HQSFun\n","uploadtime":1663580977,"views":3,"p1id":"hqsfun","p2id":"rxcrj","formatid":"gen7ou","rating":1580,"private":0,"password":null}