{"id":"gen7ou-859185266","p1":"Del chef","p2":"ajhphantos","format":"gen7ou","log":"|j|\u2606Del chef\n|j|\u2606ajhphantos\n|player|p1|Del chef|1\n|player|p2|ajhphantos|2\n|teamsize|p1|6\n|teamsize|p2|6\n|gametype|singles\n|gen|7\n|tier|[Gen 7] OU\n|rated|\n|rule|Sleep Clause Mod: Limit one foe put to sleep\n|rule|Species Clause: Limit one of each Pok\u00e9mon\n|rule|OHKO Clause: OHKO moves are banned\n|rule|Moody Clause: Moody is banned\n|rule|Evasion Moves Clause: Evasion moves are banned\n|rule|Endless Battle Clause: Forcing endless battles is banned\n|rule|HP Percentage Mod: HP is shown in percentages\n|clearpoke\n|poke|p1|Sableye, F|item\n|poke|p1|Chansey, F|item\n|poke|p1|Skarmory, M|item\n|poke|p1|Toxapex, M|item\n|poke|p1|Clefable, M|item\n|poke|p1|Tangrowth, F|item\n|poke|p2|Hoopa-Unbound|item\n|poke|p2|Blacephalon|item\n|poke|p2|Magearna|item\n|poke|p2|Tornadus-Therian, M|item\n|poke|p2|Garchomp, M|item\n|poke|p2|Greninja, M|item\n|teampreview\n|\n|start\n|switch|p1a: Sableye|Sableye, F, shiny|100\/100\n|switch|p2a: Tornadus|Tornadus-Therian, M|100\/100\n|turn|1\n|\n|detailschange|p1a: Sableye|Sableye-Mega, F, shiny\n|-mega|p1a: Sableye|Sableye|Sablenite\n|move|p1a: Sableye|Protect|p1a: Sableye\n|-singleturn|p1a: Sableye|Protect\n|move|p2a: Tornadus|Hurricane|p1a: Sableye\n|-activate|p1a: Sableye|move: Protect\n|\n|upkeep\n|turn|2\n|\n|move|p2a: Tornadus|Hurricane|p1a: Sableye\n|-damage|p1a: Sableye|70\/100\n|-start|p1a: Sableye|confusion\n|-activate|p1a: Sableye|confusion\n|move|p1a: Sableye|Knock Off|p2a: Tornadus\n|-damage|p2a: Tornadus|67\/100\n|-damage|p1a: Sableye|53\/100|[from] item: Rocky Helmet|[of] p2a: Tornadus\n|-enditem|p2a: Tornadus|Rocky Helmet|[from] move: Knock Off|[of] p1a: Sableye\n|\n|upkeep\n|turn|3\n|\n|move|p2a: Tornadus|U-turn|p1a: Sableye\n|-damage|p1a: Sableye|42\/100\n|\n|switch|p2a: Magearna|Magearna|100\/100\n|-activate|p1a: Sableye|confusion\n|-damage|p1a: Sableye|35\/100|[from] confusion\n|\n|upkeep\n|turn|4\n|\n|-activate|p1a: Sableye|confusion\n|move|p1a: Sableye|Protect|p1a: Sableye\n|-singleturn|p1a: Sableye|Protect\n|move|p2a: Magearna|Fleur Cannon|p1a: Sableye\n|-activate|p1a: Sableye|move: Protect\n|\n|upkeep\n|turn|5\n|\n|switch|p1a: Chansey|Chansey, F|100\/100\n|move|p2a: Magearna|Fleur Cannon|p1a: Chansey\n|-damage|p1a: Chansey|86\/100\n|-unboost|p2a: Magearna|spa|2\n|\n|upkeep\n|turn|6\n|\n|move|p2a: Magearna|Volt Switch|p1a: Chansey\n|-damage|p1a: Chansey|84\/100\n|\n|switch|p2a: Garchomp|Garchomp, M|100\/100\n|move|p1a: Chansey|Stealth Rock|p2a: Garchomp\n|-sidestart|p2: ajhphantos|move: Stealth Rock\n|\n|upkeep\n|turn|7\n|\n|switch|p1a: Skarmory|Skarmory, M|100\/100\n|move|p2a: Garchomp|Dragon Tail|p1a: Skarmory\n|-resisted|p1a: Skarmory\n|-damage|p1a: Skarmory|93\/100\n|-damage|p2a: Garchomp|84\/100|[from] item: Rocky Helmet|[of] p1a: Skarmory\n|drag|p1a: Sableye|Sableye-Mega, F, shiny|35\/100\n|\n|upkeep\n|turn|8\n|\n|switch|p2a: Tornadus|Tornadus-Therian, M|100\/100\n|-damage|p2a: Tornadus|76\/100|[from] Stealth Rock\n|move|p1a: Sableye|Recover|p1a: Sableye\n|-heal|p1a: Sableye|85\/100\n|\n|upkeep\n|turn|9\n|inactive|Battle timer is ON: inactive players will automatically lose when time's up. (requested by ajhphantos)\n|\n|switch|p1a: Chansey|Chansey, F|84\/100\n|move|p2a: Tornadus|Defog|p1a: Chansey\n|-unboost|p1a: Chansey|evasion|1\n|-sideend|p2: ajhphantos|Stealth Rock|[from] move: Defog|[of] p2a: Tornadus\n|\n|upkeep\n|turn|10\n|\n|move|p2a: Tornadus|Knock Off|p1a: Chansey\n|-damage|p1a: Chansey|70\/100\n|-enditem|p1a: Chansey|Eviolite|[from] move: Knock Off|[of] p2a: Tornadus\n|move|p1a: Chansey|Toxic|p2a: Tornadus\n|-status|p2a: Tornadus|tox\n|\n|-damage|p2a: Tornadus|69\/100 tox|[from] psn\n|upkeep\n|turn|11\n|\n|move|p2a: Tornadus|U-turn|p1a: Chansey\n|-crit|p1a: Chansey\n|-damage|p1a: Chansey|48\/100\n|\n|switch|p2a: Hoopa|Hoopa-Unbound|100\/100\n|move|p1a: Chansey|Stealth Rock|p2a: Hoopa\n|-sidestart|p2: ajhphantos|move: Stealth Rock\n|\n|upkeep\n|turn|12\n|\n|move|p2a: Hoopa|Hyperspace Fury|p1a: Chansey\n|-damage|p1a: Chansey|0 fnt\n|-unboost|p2a: Hoopa|def|1\n|faint|p1a: Chansey\n|\n|upkeep\n|\n|switch|p1a: Skarmory|Skarmory, M|93\/100\n|turn|13\n|\n|switch|p2a: Tornadus|Tornadus-Therian, M|100\/100 tox\n|-damage|p2a: Tornadus|76\/100 tox|[from] Stealth Rock\n|move|p1a: Skarmory|Counter||[still]\n|-fail|p1a: Skarmory\n|\n|-damage|p2a: Tornadus|69\/100 tox|[from] psn\n|upkeep\n|turn|14\n|\n|switch|p1a: Toxapex|Toxapex, M|100\/100\n|move|p2a: Tornadus|Defog|p1a: Toxapex\n|-unboost|p1a: Toxapex|evasion|1\n|-sideend|p2: ajhphantos|Stealth Rock|[from] move: Defog|[of] p2a: Tornadus\n|\n|-damage|p2a: Tornadus|57\/100 tox|[from] psn\n|upkeep\n|turn|15\n|\n|move|p2a: Tornadus|U-turn|p1a: Toxapex\n|-resisted|p1a: Toxapex\n|-damage|p1a: Toxapex|97\/100\n|-damage|p2a: Tornadus|41\/100 tox|[from] item: Rocky Helmet|[of] p1a: Toxapex\n|\n|switch|p2a: Magearna|Magearna|100\/100\n|move|p1a: Toxapex|Toxic Spikes|p2a: Magearna\n|-sidestart|p2: ajhphantos|move: Toxic Spikes\n|\n|upkeep\n|turn|16\n|\n|move|p2a: Magearna|Volt Switch|p1a: Toxapex\n|-supereffective|p1a: Toxapex\n|-damage|p1a: Toxapex|64\/100\n|\n|switch|p2a: Tornadus|Tornadus-Therian, M|74\/100 tox\n|move|p1a: Toxapex|Toxic Spikes|p2a: Tornadus\n|-sidestart|p2: ajhphantos|move: Toxic Spikes\n|\n|-damage|p2a: Tornadus|68\/100 tox|[from] psn\n|upkeep\n|turn|17\n|\n|move|p2a: Tornadus|Defog|p1a: Toxapex\n|-unboost|p1a: Toxapex|evasion|1\n|-sideend|p2: ajhphantos|Toxic Spikes|[from] move: Defog|[of] p2a: Tornadus\n|move|p1a: Toxapex|Scald|p2a: Tornadus\n|-damage|p2a: Tornadus|51\/100 tox\n|\n|-damage|p2a: Tornadus|39\/100 tox|[from] psn\n|upkeep\n|turn|18\n|\n|switch|p2a: Blacephalon|Blacephalon|100\/100\n|move|p1a: Toxapex|Scald|p2a: Blacephalon\n|-supereffective|p2a: Blacephalon\n|-damage|p2a: Blacephalon|55\/100\n|\n|upkeep\n|turn|19\n|\n|move|p2a: Blacephalon|Calm Mind|p2a: Blacephalon\n|-boost|p2a: Blacephalon|spa|1\n|-boost|p2a: Blacephalon|spd|1\n|move|p1a: Toxapex|Recover|p1a: Toxapex\n|-heal|p1a: Toxapex|100\/100\n|\n|upkeep\n|turn|20\n|\n|switch|p1a: Clefable|Clefable, M|100\/100\n|move|p2a: Blacephalon|Calm Mind|p2a: Blacephalon\n|-boost|p2a: Blacephalon|spa|1\n|-boost|p2a: Blacephalon|spd|1\n|\n|upkeep\n|turn|21\n|\n|move|p2a: Blacephalon|Substitute|p2a: Blacephalon\n|-start|p2a: Blacephalon|Substitute\n|-damage|p2a: Blacephalon|30\/100\n|move|p1a: Clefable|Moonblast|p2a: Blacephalon\n|-resisted|p2a: Blacephalon\n|-activate|p2a: Blacephalon|move: Substitute|[damage]\n|\n|upkeep\n|turn|22\n|\n|-zpower|p2a: Blacephalon\n|move|p2a: Blacephalon|Never-Ending Nightmare|p1a: Clefable|[zeffect]\n|-damage|p1a: Clefable|28\/100\n|move|p1a: Clefable|Moonblast|p2a: Blacephalon\n|-resisted|p2a: Blacephalon\n|-end|p2a: Blacephalon|Substitute\n|\n|-heal|p1a: Clefable|35\/100|[from] item: Leftovers\n|upkeep\n|turn|23\n|\n|move|p1a: Clefable|Protect|p1a: Clefable\n|-singleturn|p1a: Clefable|Protect\n|move|p2a: Blacephalon|Substitute|p2a: Blacephalon\n|-start|p2a: Blacephalon|Substitute\n|-damage|p2a: Blacephalon|5\/100\n|\n|-heal|p1a: Clefable|41\/100|[from] item: Leftovers\n|upkeep\n|turn|24\n|\n|move|p2a: Blacephalon|Shadow Ball|p1a: Clefable\n|-damage|p1a: Clefable|2\/100\n|move|p1a: Clefable|Wish|p1a: Clefable\n|\n|-heal|p1a: Clefable|8\/100|[from] item: Leftovers\n|upkeep\n|turn|25\n|\n|move|p1a: Clefable|Protect|p1a: Clefable\n|-singleturn|p1a: Clefable|Protect\n|move|p2a: Blacephalon|Flamethrower|p1a: Clefable\n|-activate|p1a: Clefable|move: Protect\n|\n|-heal|p1a: Clefable|58\/100|[from] move: Wish|[wisher] Clefable\n|-heal|p1a: Clefable|64\/100|[from] item: Leftovers\n|upkeep\n|turn|26\n|\n|move|p2a: Blacephalon|Flamethrower|p1a: Clefable\n|-damage|p1a: Clefable|25\/100\n|-status|p1a: Clefable|brn\n|move|p1a: Clefable|Wish|p1a: Clefable\n|\n|-heal|p1a: Clefable|31\/100 brn|[from] item: Leftovers\n|-damage|p1a: Clefable|25\/100 brn|[from] brn\n|upkeep\n|turn|27\n|\n|move|p1a: Clefable|Protect|p1a: Clefable\n|-singleturn|p1a: Clefable|Protect\n|move|p2a: Blacephalon|Flamethrower|p1a: Clefable\n|-activate|p1a: Clefable|move: Protect\n|\n|-heal|p1a: Clefable|75\/100 brn|[from] move: Wish|[wisher] Clefable\n|-heal|p1a: Clefable|81\/100 brn|[from] item: Leftovers\n|-damage|p1a: Clefable|75\/100 brn|[from] brn\n|upkeep\n|turn|28\n|\n|move|p2a: Blacephalon|Flamethrower|p1a: Clefable\n|-damage|p1a: Clefable|30\/100 brn\n|move|p1a: Clefable|Moonblast|p2a: Blacephalon\n|-resisted|p2a: Blacephalon\n|-activate|p2a: Blacephalon|move: Substitute|[damage]\n|\n|-heal|p1a: Clefable|36\/100 brn|[from] item: Leftovers\n|-damage|p1a: Clefable|30\/100 brn|[from] brn\n|upkeep\n|turn|29\n|\n|move|p1a: Clefable|Protect|p1a: Clefable\n|-singleturn|p1a: Clefable|Protect\n|move|p2a: Blacephalon|Flamethrower|p1a: Clefable\n|-activate|p1a: Clefable|move: Protect\n|\n|-heal|p1a: Clefable|36\/100 brn|[from] item: Leftovers\n|-damage|p1a: Clefable|30\/100 brn|[from] brn\n|upkeep\n|turn|30\n|\n|move|p2a: Blacephalon|Flamethrower|p1a: Clefable\n|-damage|p1a: Clefable|0 fnt\n|faint|p1a: Clefable\n|-ability|p2a: Blacephalon|Beast Boost|boost\n|-boost|p2a: Blacephalon|spe|1\n|\n|upkeep\n|\n|switch|p1a: Toxapex|Toxapex, M|100\/100\n|turn|31\n|\n|move|p2a: Blacephalon|Shadow Ball|p1a: Toxapex\n|-damage|p1a: Toxapex|39\/100\n|move|p1a: Toxapex|Scald|p2a: Blacephalon\n|-supereffective|p2a: Blacephalon\n|-end|p2a: Blacephalon|Substitute\n|\n|upkeep\n|turn|32\n|\n|switch|p1a: Sableye|Sableye-Mega, F, shiny|85\/100\n|move|p2a: Blacephalon|Shadow Ball|p1a: Sableye\n|-damage|p1a: Sableye|25\/100\n|\n|upkeep\n|turn|33\n|\n|move|p2a: Blacephalon|Shadow Ball|p1a: Sableye\n|-damage|p1a: Sableye|0 fnt\n|faint|p1a: Sableye\n|-ability|p2a: Blacephalon|Beast Boost|boost\n|-boost|p2a: Blacephalon|spe|1\n|\n|upkeep\n|\n|switch|p1a: Toxapex|Toxapex, M|72\/100\n|turn|34\n|\n|move|p2a: Blacephalon|Shadow Ball|p1a: Toxapex\n|-damage|p1a: Toxapex|3\/100\n|move|p1a: Toxapex|Scald|p2a: Blacephalon\n|-supereffective|p2a: Blacephalon\n|-damage|p2a: Blacephalon|0 fnt\n|faint|p2a: Blacephalon\n|\n|upkeep\n|\n|switch|p2a: Hoopa|Hoopa-Unbound|100\/100\n|turn|35\n|\n|switch|p1a: Skarmory|Skarmory, M|93\/100\n|move|p2a: Hoopa|Hyperspace Fury|p1a: Skarmory\n|-damage|p1a: Skarmory|37\/100\n|-unboost|p2a: Hoopa|def|1\n|\n|upkeep\n|turn|36\n|\n|move|p2a: Hoopa|Hyperspace Fury|p1a: Skarmory\n|-damage|p1a: Skarmory|0 fnt\n|-unboost|p2a: Hoopa|def|1\n|faint|p1a: Skarmory\n|\n|upkeep\n|\n|switch|p1a: Tangrowth|Tangrowth, F|100\/100\n|turn|37\n|\n|switch|p2a: Garchomp|Garchomp, M|84\/100\n|move|p1a: Tangrowth|Knock Off|p2a: Garchomp\n|-damage|p2a: Garchomp|69\/100\n|-damage|p1a: Tangrowth|88\/100|[from] ability: Rough Skin|[of] p2a: Garchomp\n|-damage|p1a: Tangrowth|72\/100|[from] item: Rocky Helmet|[of] p2a: Garchomp\n|-enditem|p2a: Garchomp|Rocky Helmet|[from] move: Knock Off|[of] p1a: Tangrowth\n|\n|-heal|p1a: Tangrowth|78\/100|[from] item: Leftovers\n|upkeep\n|turn|38\n|\n|move|p1a: Tangrowth|Leech Seed|p2a: Garchomp\n|-start|p2a: Garchomp|move: Leech Seed\n|move|p2a: Garchomp|Dragon Tail|p1a: Tangrowth\n|-damage|p1a: Tangrowth|63\/100\n|drag|p1a: Toxapex|Toxapex, M|36\/100\n|\n|-damage|p2a: Garchomp|57\/100|[from] Leech Seed|[of] p1a: Toxapex\n|-heal|p1a: Toxapex|54\/100|[silent]\n|upkeep\n|turn|39\n|inactive|ajhphantos has 120 seconds left.\n|\n|switch|p1a: Tangrowth|Tangrowth, F|97\/100\n|move|p2a: Garchomp|Earthquake|p1a: Tangrowth\n|-resisted|p1a: Tangrowth\n|-damage|p1a: Tangrowth|85\/100\n|\n|-heal|p1a: Tangrowth|91\/100|[from] item: Leftovers\n|-damage|p2a: Garchomp|44\/100|[from] Leech Seed|[of] p1a: Tangrowth\n|-heal|p1a: Tangrowth|100\/100|[silent]\n|upkeep\n|turn|40\n|inactive|ajhphantos has 120 seconds left.\n|\n|switch|p2a: Magearna|Magearna|100\/100\n|move|p1a: Tangrowth|Leech Seed|p2a: Magearna\n|-start|p2a: Magearna|move: Leech Seed\n|\n|-damage|p2a: Magearna|88\/100|[from] Leech Seed|[of] p1a: Tangrowth\n|upkeep\n|turn|41\n|inactive|ajhphantos has 120 seconds left.\n|\n|switch|p1a: Toxapex|Toxapex, M|87\/100\n|move|p2a: Magearna|Volt Switch|p1a: Toxapex\n|-supereffective|p1a: Toxapex\n|-damage|p1a: Toxapex|51\/100\n|inactive|ajhphantos has 120 seconds left.\n|\n|switch|p2a: Hoopa|Hoopa-Unbound|100\/100\n|\n|upkeep\n|turn|42\n|\n|switch|p1a: Tangrowth|Tangrowth, F|100\/100\n|move|p2a: Hoopa|Hyperspace Fury|p1a: Tangrowth\n|-damage|p1a: Tangrowth|56\/100\n|-unboost|p2a: Hoopa|def|1\n|\n|-heal|p1a: Tangrowth|63\/100|[from] item: Leftovers\n|upkeep\n|turn|43\n|\n|switch|p2a: Greninja|Greninja, M|100\/100\n|move|p1a: Tangrowth|Knock Off|p2a: Greninja\n|-resisted|p2a: Greninja\n|-damage|p2a: Greninja|82\/100\n|-enditem|p2a: Greninja|Choice Scarf|[from] move: Knock Off|[of] p1a: Tangrowth\n|\n|-heal|p1a: Tangrowth|69\/100|[from] item: Leftovers\n|upkeep\n|turn|44\n|\n|switch|p1a: Toxapex|Toxapex, M|85\/100\n|move|p2a: Greninja|Ice Beam|p1a: Toxapex\n|-start|p2a: Greninja|typechange|Ice|[from] Protean\n|-resisted|p1a: Toxapex\n|-damage|p1a: Toxapex|70\/100\n|\n|upkeep\n|turn|45\n|\n|move|p2a: Greninja|Rock Slide|p1a: Toxapex\n|-start|p2a: Greninja|typechange|Rock|[from] Protean\n|-damage|p1a: Toxapex|49\/100\n|move|p1a: Toxapex|Toxic Spikes|p2a: Greninja\n|-sidestart|p2: ajhphantos|move: Toxic Spikes\n|\n|upkeep\n|turn|46\n|\n|move|p2a: Greninja|Rock Slide|p1a: Toxapex\n|-damage|p1a: Toxapex|31\/100\n|move|p1a: Toxapex|Recover|p1a: Toxapex\n|-heal|p1a: Toxapex|81\/100\n|\n|upkeep\n|turn|47\n|\n|move|p2a: Greninja|U-turn|p1a: Toxapex\n|-start|p2a: Greninja|typechange|Bug|[from] Protean\n|-resisted|p1a: Toxapex\n|-damage|p1a: Toxapex|72\/100\n|-damage|p2a: Greninja|66\/100|[from] item: Rocky Helmet|[of] p1a: Toxapex\n|\n|switch|p2a: Tornadus|Tornadus-Therian, M|72\/100 tox\n|move|p1a: Toxapex|Toxic Spikes|p2a: Tornadus\n|-sidestart|p2: ajhphantos|move: Toxic Spikes\n|\n|-damage|p2a: Tornadus|66\/100 tox|[from] psn\n|upkeep\n|turn|48\n|\n|move|p2a: Tornadus|Defog|p1a: Toxapex\n|-unboost|p1a: Toxapex|evasion|1\n|-sideend|p2: ajhphantos|Toxic Spikes|[from] move: Defog|[of] p2a: Tornadus\n|move|p1a: Toxapex|Scald|p2a: Tornadus\n|-damage|p2a: Tornadus|49\/100 tox\n|\n|-damage|p2a: Tornadus|37\/100 tox|[from] psn\n|upkeep\n|turn|49\n|\n|move|p2a: Tornadus|Hurricane|p1a: Toxapex\n|-damage|p1a: Toxapex|36\/100\n|-start|p1a: Toxapex|confusion\n|-activate|p1a: Toxapex|confusion\n|move|p1a: Toxapex|Toxic Spikes|p2a: Tornadus\n|-sidestart|p2: ajhphantos|move: Toxic Spikes\n|\n|-damage|p2a: Tornadus|19\/100 tox|[from] psn\n|upkeep\n|turn|50\n|\n|move|p2a: Tornadus|Hurricane|p1a: Toxapex\n|-damage|p1a: Toxapex|1\/100\n|-activate|p1a: Toxapex|confusion\n|-damage|p1a: Toxapex|0 fnt|[from] confusion\n|faint|p1a: Toxapex\n|\n|-damage|p2a: Tornadus|0 fnt|[from] psn\n|faint|p2a: Tornadus\n|upkeep\n|\n|switch|p2a: Hoopa|Hoopa-Unbound|100\/100\n|switch|p1a: Tangrowth|Tangrowth, F|100\/100\n|-status|p2a: Hoopa|psn\n|turn|51\n|\n|move|p2a: Hoopa|Gunk Shot|p1a: Tangrowth\n|-supereffective|p1a: Tangrowth\n|-damage|p1a: Tangrowth|30\/100\n|move|p1a: Tangrowth|Knock Off|p2a: Hoopa\n|-damage|p2a: Hoopa|60\/100 psn\n|-enditem|p2a: Hoopa|Choice Band|[from] move: Knock Off|[of] p1a: Tangrowth\n|\n|-heal|p1a: Tangrowth|36\/100|[from] item: Leftovers\n|-damage|p2a: Hoopa|48\/100 psn|[from] psn\n|upkeep\n|turn|52\n|\n|move|p2a: Hoopa|Gunk Shot|p1a: Tangrowth\n|-supereffective|p1a: Tangrowth\n|-damage|p1a: Tangrowth|0 fnt\n|-item|p2a: Hoopa|Leftovers|[from] ability: Magician|[of] p1a: Tangrowth\n|faint|p1a: Tangrowth\n|\n|win|ajhphantos\n|l|\u2606Del chef\n|raw|Del chef's rating: 1475 &rarr; <strong>1457<\/strong><br \/>(-18 for losing)\n|raw|ajhphantos's rating: 1500 &rarr; <strong>1519<\/strong><br \/>(+19 for winning)\n","uploadtime":1549492081,"views":2,"p1id":"delchef","p2id":"ajhphantos","formatid":"gen7ou","rating":1457,"private":0,"password":null}