{"id":"gen7ou-981282957","p1":"madness10","p2":"Gnelxiong","format":"gen7ou","log":"|j|\u2606madness10\n|j|\u2606Gnelxiong\n|player|p1|madness10|169|1374\n|player|p2|Gnelxiong|2|1352\n|teamsize|p1|6\n|teamsize|p2|6\n|gametype|singles\n|gen|7\n|tier|[Gen 7] OU\n|rated|\n|rule|Sleep Clause Mod: Limit one foe put to sleep\n|rule|Species Clause: Limit one of each Pok\u00e9mon\n|rule|OHKO Clause: OHKO moves are banned\n|rule|Moody Clause: Moody is banned\n|rule|Evasion Moves Clause: Evasion moves are banned\n|rule|Endless Battle Clause: Forcing endless battles is banned\n|rule|HP Percentage Mod: HP is shown in percentages\n|clearpoke\n|poke|p1|Kyurem-Black|item\n|poke|p1|Tapu Koko|item\n|poke|p1|Pinsir, F|item\n|poke|p1|Heatran, F|item\n|poke|p1|Tangrowth, F|item\n|poke|p1|Gliscor, F|item\n|poke|p2|Porygon-Z|item\n|poke|p2|Vileplume, F|item\n|poke|p2|Slurpuff, F|item\n|poke|p2|Heatran, M|item\n|poke|p2|Gyarados, M|item\n|poke|p2|Garchomp, M|item\n|teampreview\n|\n|start\n|switch|p1a: Tapu Koko|Tapu Koko|100\/100\n|switch|p2a: Gyarados|Gyarados, M|100\/100\n|-fieldstart|move: Electric Terrain|[from] ability: Electric Surge|[of] p1a: Tapu Koko\n|-ability|p2a: Gyarados|Intimidate|boost\n|-unboost|p1a: Tapu Koko|atk|1\n|turn|1\n|\n|switch|p2a: Garchomp|Garchomp, M|100\/100\n|move|p1a: Tapu Koko|Reflect|p1a: Tapu Koko\n|-sidestart|p1: madness10|Reflect\n|\n|upkeep\n|turn|2\n|\n|switch|p1a: Gliscor|Gliscor, F, shiny|100\/100\n|move|p2a: Garchomp|Swords Dance|p2a: Garchomp\n|-boost|p2a: Garchomp|atk|2\n|\n|-status|p1a: Gliscor|tox|[from] item: Toxic Orb\n|upkeep\n|turn|3\n|\n|move|p2a: Garchomp|Dragon Claw|p1a: Gliscor\n|-damage|p1a: Gliscor|67\/100 tox\n|move|p1a: Gliscor|Swords Dance|p1a: Gliscor\n|-boost|p1a: Gliscor|atk|2\n|\n|-heal|p1a: Gliscor|79\/100 tox|[from] ability: Poison Heal\n|upkeep\n|turn|4\n|\n|move|p2a: Garchomp|Dragon Claw|p1a: Gliscor\n|-damage|p1a: Gliscor|43\/100 tox\n|move|p1a: Gliscor|Earthquake|p2a: Garchomp\n|-damage|p2a: Garchomp|34\/100\n|\n|-heal|p1a: Gliscor|56\/100 tox|[from] ability: Poison Heal\n|upkeep\n|turn|5\n|\n|move|p2a: Garchomp|Dragon Claw|p1a: Gliscor\n|-damage|p1a: Gliscor|20\/100 tox\n|move|p1a: Gliscor|Earthquake|p2a: Garchomp\n|-damage|p2a: Garchomp|0 fnt\n|faint|p2a: Garchomp\n|\n|-heal|p1a: Gliscor|32\/100 tox|[from] ability: Poison Heal\n|-fieldend|move: Electric Terrain\n|upkeep\n|\n|switch|p2a: Gyarados|Gyarados, M|100\/100\n|-ability|p2a: Gyarados|Intimidate|boost\n|-unboost|p1a: Gliscor|atk|1\n|turn|6\n|\n|switch|p1a: Kyurem|Kyurem-Black, shiny|100\/100\n|-ability|p1a: Kyurem|Teravolt\n|move|p2a: Gyarados|Scald|p1a: Kyurem\n|-resisted|p1a: Kyurem\n|-damage|p1a: Kyurem|92\/100\n|\n|upkeep\n|turn|7\n|\n|move|p1a: Kyurem|Fusion Bolt|p2a: Gyarados\n|-supereffective|p2a: Gyarados\n|-damage|p2a: Gyarados|0 fnt\n|faint|p2a: Gyarados\n|\n|upkeep\n|\n|switch|p2a: Slurpuff|Slurpuff, F|100\/100\n|turn|8\n|\n|move|p1a: Kyurem|Ice Beam|p2a: Slurpuff\n|-damage|p2a: Slurpuff|47\/100\n|-enditem|p2a: Slurpuff|Sitrus Berry|[eat]\n|-heal|p2a: Slurpuff|71\/100|[from] item: Sitrus Berry\n|move|p2a: Slurpuff|Belly Drum|p2a: Slurpuff\n|-damage|p2a: Slurpuff|21\/100\n|-setboost|p2a: Slurpuff|atk|6|[from] move: Belly Drum\n|\n|-sideend|p1: madness10|Reflect\n|upkeep\n|turn|9\n|\n|switch|p1a: Gliscor|Gliscor, F, shiny|32\/100 tox\n|move|p2a: Slurpuff|Drain Punch|p1a: Gliscor\n|-resisted|p1a: Gliscor\n|-damage|p1a: Gliscor|2\/100 tox\n|-heal|p2a: Slurpuff|39\/100|[from] drain|[of] p1a: Gliscor\n|\n|-heal|p1a: Gliscor|15\/100 tox|[from] ability: Poison Heal\n|upkeep\n|turn|10\n|\n|move|p2a: Slurpuff|Drain Punch|p1a: Gliscor\n|-resisted|p1a: Gliscor\n|-damage|p1a: Gliscor|0 fnt\n|-heal|p2a: Slurpuff|47\/100|[from] drain|[of] p1a: Gliscor\n|faint|p1a: Gliscor\n|\n|upkeep\n|\n|switch|p1a: Pinsir|Pinsir, F|100\/100\n|turn|11\n|\n|detailschange|p1a: Pinsir|Pinsir-Mega, F\n|-mega|p1a: Pinsir|Pinsir|Pinsirite\n|move|p2a: Slurpuff|Play Rough|p1a: Pinsir\n|-damage|p1a: Pinsir|0 fnt\n|faint|p1a: Pinsir\n|\n|upkeep\n|\n|switch|p1a: Tapu Koko|Tapu Koko|100\/100\n|-fieldstart|move: Electric Terrain|[from] ability: Electric Surge|[of] p1a: Tapu Koko\n|turn|12\n|inactive|Battle timer is ON: inactive players will automatically lose when time's up. (requested by Gnelxiong)\n|\n|move|p2a: Slurpuff|Play Rough|p1a: Tapu Koko\n|-damage|p1a: Tapu Koko|0 fnt\n|faint|p1a: Tapu Koko\n|\n|upkeep\n|\n|switch|p1a: Tangrowth|Tangrowth, F|100\/100\n|turn|13\n|\n|move|p2a: Slurpuff|Play Rough|p1a: Tangrowth\n|-damage|p1a: Tangrowth|3\/100\n|move|p1a: Tangrowth|Giga Drain|p2a: Slurpuff\n|-damage|p2a: Slurpuff|8\/100\n|-heal|p1a: Tangrowth|18\/100|[from] drain|[of] p2a: Slurpuff\n|\n|upkeep\n|turn|14\n|\n|move|p2a: Slurpuff|Drain Punch|p1a: Tangrowth\n|-damage|p1a: Tangrowth|0 fnt\n|-heal|p2a: Slurpuff|19\/100|[from] drain|[of] p1a: Tangrowth\n|faint|p1a: Tangrowth\n|\n|upkeep\n|-message|madness10 forfeited.\n|\n|win|Gnelxiong\n|l|\u2606madness10\n|raw|madness10's rating: 1359 &rarr; <strong>1339<\/strong><br \/>(-20 for losing)\n|raw|Gnelxiong's rating: 1352 &rarr; <strong>1373<\/strong><br \/>(+21 for winning)\n","uploadtime":1569329056,"views":5,"p1id":"madness10","p2id":"gnelxiong","formatid":"gen7ou","rating":1339,"private":0,"password":null}