{"id":"gen7ou-985144858","p1":"JoJo321","p2":"The Number Man","format":"gen7ou","log":"|j|\u2606JoJo321\n|j|\u2606The Number Man\n|player|p1|JoJo321|265|1800\n|player|p2|The Number Man|red-gen7|1791\n|teamsize|p1|6\n|teamsize|p2|6\n|gametype|singles\n|gen|7\n|tier|[Gen 7] OU\n|rated|\n|rule|Sleep Clause Mod: Limit one foe put to sleep\n|rule|Species Clause: Limit one of each Pok\u00e9mon\n|rule|OHKO Clause: OHKO moves are banned\n|rule|Moody Clause: Moody is banned\n|rule|Evasion Moves Clause: Evasion moves are banned\n|rule|Endless Battle Clause: Forcing endless battles is banned\n|rule|HP Percentage Mod: HP is shown in percentages\n|clearpoke\n|poke|p1|Pelipper, M|item\n|poke|p1|Greninja, M|item\n|poke|p1|Swampert, F|item\n|poke|p1|Manaphy|item\n|poke|p1|Ferrothorn, F|item\n|poke|p1|Tornadus-Therian, M|item\n|poke|p2|Garchomp, M|item\n|poke|p2|Venusaur, F|item\n|poke|p2|Torkoal, F|item\n|poke|p2|Victini|item\n|poke|p2|Landorus-Therian, M|item\n|poke|p2|Magearna|item\n|teampreview\n|\n|start\n|switch|p1a: Pelipper|Pelipper, M|100\/100\n|switch|p2a: Torkoal|Torkoal, F|100\/100\n|-weather|RainDance|[from] ability: Drizzle|[of] p1a: Pelipper\n|-weather|SunnyDay|[from] ability: Drought|[of] p2a: Torkoal\n|turn|1\n|\n|move|p1a: Pelipper|U-turn|p2a: Torkoal\n|-resisted|p2a: Torkoal\n|-damage|p2a: Torkoal|98\/100\n|\n|switch|p1a: Tornadus|Tornadus-Therian, M|100\/100|[from]move: U-turn\n|move|p2a: Torkoal|Stealth Rock|p1a: Tornadus\n|-sidestart|p1: JoJo321|move: Stealth Rock\n|\n|-weather|SunnyDay|[upkeep]\n|upkeep\n|turn|2\n|\n|move|p1a: Tornadus|Defog|p2a: Torkoal\n|-unboost|p2a: Torkoal|evasion|1\n|-sideend|p1: JoJo321|Stealth Rock|[from] move: Defog|[of] p1a: Tornadus\n|move|p2a: Torkoal|Toxic|p1a: Tornadus\n|-status|p1a: Tornadus|tox\n|\n|-weather|SunnyDay|[upkeep]\n|-damage|p1a: Tornadus|94\/100 tox|[from] psn\n|upkeep\n|turn|3\n|\n|move|p1a: Tornadus|Taunt|p2a: Torkoal\n|-start|p2a: Torkoal|move: Taunt\n|cant|p2a: Torkoal|move: Taunt|Stealth Rock\n|\n|-weather|SunnyDay|[upkeep]\n|-damage|p1a: Tornadus|82\/100 tox|[from] psn\n|upkeep\n|turn|4\n|\n|switch|p2a: Magearna|Magearna|100\/100\n|move|p1a: Tornadus|U-turn|p2a: Magearna\n|-resisted|p2a: Magearna\n|-damage|p2a: Magearna|98\/100\n|\n|switch|p1a: Pelipper|Pelipper, M|100\/100|[from]move: U-turn\n|-weather|RainDance|[from] ability: Drizzle|[of] p1a: Pelipper\n|\n|-weather|RainDance|[upkeep]\n|upkeep\n|turn|5\n|\n|switch|p1a: Swampert|Swampert, F|100\/100\n|switch|p2a: Torkoal|Torkoal, F|98\/100\n|-weather|SunnyDay|[from] ability: Drought|[of] p2a: Torkoal\n|\n|-weather|SunnyDay|[upkeep]\n|upkeep\n|turn|6\n|\n|detailschange|p1a: Swampert|Swampert-Mega, F\n|-mega|p1a: Swampert|Swampert|Swampertite\n|move|p1a: Swampert|Earthquake|p2a: Torkoal\n|-supereffective|p2a: Torkoal\n|-damage|p2a: Torkoal|28\/100\n|move|p2a: Torkoal|Toxic|p1a: Swampert\n|-status|p1a: Swampert|tox\n|\n|-weather|SunnyDay|[upkeep]\n|-damage|p1a: Swampert|94\/100 tox|[from] psn\n|upkeep\n|turn|7\n|\n|switch|p2a: Landorus|Landorus-Therian, M|100\/100\n|-ability|p2a: Landorus|Intimidate|boost\n|-unboost|p1a: Swampert|atk|1\n|move|p1a: Swampert|Ice Punch|p2a: Landorus\n|-supereffective|p2a: Landorus\n|-damage|p2a: Landorus|14\/100\n|\n|-weather|SunnyDay|[upkeep]\n|-damage|p1a: Swampert|82\/100 tox|[from] psn\n|upkeep\n|turn|8\n|\n|switch|p1a: Pelipper|Pelipper, M|100\/100\n|-weather|RainDance|[from] ability: Drizzle|[of] p1a: Pelipper\n|move|p2a: Landorus|U-turn|p1a: Pelipper\n|-resisted|p1a: Pelipper\n|-damage|p1a: Pelipper|88\/100\n|\n|switch|p2a: Torkoal|Torkoal, F|28\/100|[from]move: U-turn\n|-weather|SunnyDay|[from] ability: Drought|[of] p2a: Torkoal\n|\n|-weather|SunnyDay|[upkeep]\n|upkeep\n|turn|9\n|\n|switch|p2a: Venusaur|Venusaur, F|100\/100\n|move|p1a: Pelipper|U-turn|p2a: Venusaur\n|-damage|p2a: Venusaur|88\/100\n|\n|switch|p1a: Ferrothorn|Ferrothorn, F|100\/100|[from]move: U-turn\n|\n|-weather|SunnyDay|[upkeep]\n|upkeep\n|turn|10\n|\n|switch|p1a: Pelipper|Pelipper, M|88\/100\n|-weather|RainDance|[from] ability: Drizzle|[of] p1a: Pelipper\n|move|p2a: Venusaur|Growth|p2a: Venusaur\n|-boost|p2a: Venusaur|atk|1\n|-boost|p2a: Venusaur|spa|1\n|\n|-weather|RainDance|[upkeep]\n|upkeep\n|turn|11\n|\n|switch|p1a: Tornadus|Tornadus-Therian, M|100\/100 tox\n|-zpower|p2a: Venusaur\n|move|p2a: Venusaur|Bloom Doom|p1a: Tornadus|[zeffect]\n|-resisted|p1a: Tornadus\n|-damage|p1a: Tornadus|23\/100 tox\n|\n|-weather|RainDance|[upkeep]\n|-damage|p1a: Tornadus|17\/100 tox|[from] psn\n|upkeep\n|turn|12\n|j| EDG kangshengsu\n|\n|move|p1a: Tornadus|Hurricane|p2a: Venusaur\n|-supereffective|p2a: Venusaur\n|-damage|p2a: Venusaur|2\/100\n|-start|p2a: Venusaur|confusion\n|-activate|p2a: Venusaur|confusion\n|move|p2a: Venusaur|Hidden Power|p1a: Tornadus\n|-damage|p1a: Tornadus|1\/100 tox\n|\n|-weather|RainDance|[upkeep]\n|-damage|p1a: Tornadus|0 fnt|[from] psn\n|faint|p1a: Tornadus\n|upkeep\n|\n|switch|p1a: Greninja|Greninja, M|100\/100\n|turn|13\n|\n|switch|p2a: Magearna|Magearna|98\/100\n|move|p1a: Greninja|Surf|p2a: Magearna\n|-damage|p2a: Magearna|62\/100\n|\n|-weather|RainDance|[upkeep]\n|upkeep\n|turn|14\n|\n|switch|p2a: Torkoal|Torkoal, F|28\/100\n|-weather|SunnyDay|[from] ability: Drought|[of] p2a: Torkoal\n|move|p1a: Greninja|Surf|p2a: Torkoal\n|-supereffective|p2a: Torkoal\n|-damage|p2a: Torkoal|0 fnt\n|faint|p2a: Torkoal\n|-activate|p1a: Greninja|ability: Battle Bond\n|detailschange|p1a: Greninja|Greninja-Ash, M\n|\n|-weather|SunnyDay|[upkeep]\n|upkeep\n|\n|switch|p2a: Landorus|Landorus-Therian, M|14\/100\n|-ability|p2a: Landorus|Intimidate|boost\n|-unboost|p1a: Greninja|atk|1\n|turn|15\n|inactive|Battle timer is ON: inactive players will automatically lose when time's up. (requested by JoJo321)\n|\n|switch|p1a: Pelipper|Pelipper, M|88\/100\n|-weather|RainDance|[from] ability: Drizzle|[of] p1a: Pelipper\n|move|p2a: Landorus|Explosion|p1a: Pelipper\n|-damage|p1a: Pelipper|5\/100\n|faint|p2a: Landorus\n|\n|-weather|RainDance|[upkeep]\n|upkeep\n|\n|switch|p2a: Victini|Victini|100\/100\n|turn|16\n|\n|move|p2a: Victini|V-create|p1a: Pelipper\n|-resisted|p1a: Pelipper\n|-damage|p1a: Pelipper|0 fnt\n|-unboost|p2a: Victini|spe|1\n|-unboost|p2a: Victini|def|1\n|-unboost|p2a: Victini|spd|1\n|faint|p1a: Pelipper\n|\n|-weather|RainDance|[upkeep]\n|upkeep\n|\n|switch|p1a: Swampert|Swampert-Mega, F|82\/100 tox\n|turn|17\n|\n|switch|p2a: Venusaur|Venusaur, F|2\/100\n|move|p1a: Swampert|Earthquake|p2a: Venusaur\n|-damage|p2a: Venusaur|0 fnt\n|faint|p2a: Venusaur\n|\n|-weather|RainDance|[upkeep]\n|-damage|p1a: Swampert|76\/100 tox|[from] psn\n|upkeep\n|\n|switch|p2a: Garchomp|Garchomp, M|100\/100\n|turn|18\n|\n|detailschange|p2a: Garchomp|Garchomp-Mega, M\n|-mega|p2a: Garchomp|Garchomp|Garchompite\n|move|p1a: Swampert|Ice Punch|p2a: Garchomp\n|-supereffective|p2a: Garchomp\n|-damage|p2a: Garchomp|0 fnt\n|faint|p2a: Garchomp\n|\n|-weather|RainDance|[upkeep]\n|-damage|p1a: Swampert|64\/100 tox|[from] psn\n|upkeep\n|-message|The Number Man forfeited.\n|\n|win|JoJo321\n|l|\u2606The Number Man\n|raw|JoJo321's rating: 1800 &rarr; <strong>1820<\/strong><br \/>(+20 for winning)\n|raw|The Number Man's rating: 1791 &rarr; <strong>1772<\/strong><br \/>(-19 for losing)\n|l|\u2606JoJo321\n","uploadtime":1569925321,"views":9,"p1id":"jojo321","p2id":"thenumberman","formatid":"gen7ou","rating":1772,"private":0,"password":null}