{"id":"gen7ou-1400185094","p1":"Giraida","p2":"EEEEEvolto\u6df1\u6eba","format":"gen7ou","log":"|j|\u2606Giraida\n|j|\u2606EEEEEvolto\u6df1\u6eba\n|t:|1629453249\n|gametype|singles\n|player|p1|Giraida|gentleman-gen4|1416\n|player|p2|EEEEEvolto\u6df1\u6eba|102|1711\n|teamsize|p1|6\n|teamsize|p2|6\n|gen|7\n|tier|[Gen 7] OU\n|rated|\n|rule|Sleep Clause Mod: Limit one foe put to sleep\n|rule|Species Clause: Limit one of each Pok\u00e9mon\n|rule|OHKO Clause: OHKO moves are banned\n|rule|Moody Clause: Moody is banned\n|rule|Evasion Moves Clause: Evasion moves are banned\n|rule|Endless Battle Clause: Forcing endless battles is banned\n|rule|HP Percentage Mod: HP is shown in percentages\n|clearpoke\n|poke|p1|Nidoking, M|item\n|poke|p1|Pidgeot, M|item\n|poke|p1|Rotom-Wash|item\n|poke|p1|Tapu Bulu|item\n|poke|p1|Victini|item\n|poke|p1|Weavile, F|item\n|poke|p2|Sableye, F|item\n|poke|p2|Hippowdon, F|item\n|poke|p2|Zapdos|item\n|poke|p2|Toxapex, F|item\n|poke|p2|Clefable, F|item\n|poke|p2|Magearna|item\n|teampreview\n|inactive|Battle timer is ON: inactive players will automatically lose when time's up. (requested by EEEEEvolto\u6df1\u6eba)\n|\n|t:|1629453267\n|start\n|switch|p1a: DinoToxic|Nidoking, M|100\/100\n|switch|p2a: Sableye|Sableye, F|100\/100\n|turn|1\n|\n|t:|1629453273\n|detailschange|p2a: Sableye|Sableye-Mega, F\n|-mega|p2a: Sableye|Sableye|Sablenite\n|move|p1a: DinoToxic|Earth Power|p2a: Sableye\n|-crit|p2a: Sableye\n|-damage|p2a: Sableye|34\/100\n|move|p2a: Sableye|Knock Off|p1a: DinoToxic\n|-damage|p1a: DinoToxic|56\/100\n|-enditem|p1a: DinoToxic|Life Orb|[from] move: Knock Off|[of] p2a: Sableye\n|\n|upkeep\n|turn|2\n|\n|t:|1629453282\n|move|p1a: DinoToxic|Earth Power|p2a: Sableye\n|-damage|p2a: Sableye|0 fnt\n|faint|p2a: Sableye\n|\n|upkeep\n|\n|t:|1629453285\n|switch|p2a: Magearna|Magearna|100\/100\n|turn|3\n|\n|t:|1629453289\n|move|p1a: DinoToxic|Earth Power|p2a: Magearna\n|-supereffective|p2a: Magearna\n|-damage|p2a: Magearna|23\/100\n|move|p2a: Magearna|Calm Mind|p2a: Magearna\n|-boost|p2a: Magearna|spa|1\n|-boost|p2a: Magearna|spd|1\n|\n|upkeep\n|turn|4\n|\n|t:|1629453295\n|switch|p2a: Hippowdon|Hippowdon, F|100\/100\n|-weather|Sandstorm|[from] ability: Sand Stream|[of] p2a: Hippowdon\n|move|p1a: DinoToxic|Earth Power|p2a: Hippowdon\n|-damage|p2a: Hippowdon|60\/100\n|\n|-weather|Sandstorm|[upkeep]\n|-heal|p2a: Hippowdon|66\/100|[from] item: Leftovers\n|upkeep\n|turn|5\n|\n|t:|1629453304\n|move|p1a: DinoToxic|Ice Beam|p2a: Hippowdon\n|-supereffective|p2a: Hippowdon\n|-damage|p2a: Hippowdon|10\/100\n|move|p2a: Hippowdon|Stealth Rock|p1a: DinoToxic\n|-sidestart|p1: Giraida|move: Stealth Rock\n|\n|-weather|Sandstorm|[upkeep]\n|-heal|p2a: Hippowdon|16\/100|[from] item: Leftovers\n|upkeep\n|turn|6\n|\n|t:|1629453312\n|switch|p2a: Clefable|Clefable, F|100\/100\n|move|p1a: DinoToxic|Earth Power|p2a: Clefable\n|-damage|p2a: Clefable|59\/100\n|\n|-weather|Sandstorm|[upkeep]\n|-damage|p2a: Clefable|53\/100|[from] Sandstorm\n|-heal|p2a: Clefable|59\/100|[from] item: Leftovers\n|upkeep\n|turn|7\n|\n|t:|1629453321\n|move|p1a: DinoToxic|Sludge Wave|p2a: Clefable\n|-supereffective|p2a: Clefable\n|-crit|p2a: Clefable\n|-damage|p2a: Clefable|0 fnt\n|faint|p2a: Clefable\n|\n|-weather|Sandstorm|[upkeep]\n|upkeep\n|\n|t:|1629453325\n|switch|p2a: Zapdos|Zapdos|100\/100\n|-ability|p2a: Zapdos|Pressure\n|turn|8\n|\n|t:|1629453329\n|move|p1a: DinoToxic|Ice Beam|p2a: Zapdos\n|-supereffective|p2a: Zapdos\n|-damage|p2a: Zapdos|44\/100\n|move|p2a: Zapdos|Heat Wave|p1a: DinoToxic\n|-damage|p1a: DinoToxic|17\/100\n|\n|-weather|none\n|-heal|p2a: Zapdos|50\/100|[from] item: Leftovers\n|upkeep\n|turn|9\n|\n|t:|1629453336\n|switch|p2a: Toxapex|Toxapex, F|100\/100\n|move|p1a: DinoToxic|Ice Beam|p2a: Toxapex\n|-resisted|p2a: Toxapex\n|-damage|p2a: Toxapex|91\/100\n|\n|-heal|p2a: Toxapex|97\/100|[from] item: Black Sludge\n|upkeep\n|turn|10\n|\n|t:|1629453343\n|move|p1a: DinoToxic|Stealth Rock|p2a: Toxapex\n|-sidestart|p2: EEEEEvolto\u6df1\u6eba|move: Stealth Rock\n|move|p2a: Toxapex|Scald|p1a: DinoToxic\n|-supereffective|p1a: DinoToxic\n|-damage|p1a: DinoToxic|0 fnt\n|faint|p1a: DinoToxic\n|\n|-heal|p2a: Toxapex|100\/100|[from] item: Black Sludge\n|upkeep\n|\n|t:|1629453354\n|switch|p1a: Corrida|Tapu Bulu|100\/100\n|-damage|p1a: Corrida|88\/100|[from] Stealth Rock\n|-fieldstart|move: Grassy Terrain|[from] ability: Grassy Surge|[of] p1a: Corrida\n|turn|11\n|-message|EEEEEvolto\u6df1\u6eba forfeited.\n|\n|win|Giraida\n|raw|Giraida's rating: 1416 &rarr; <strong>1450<\/strong><br \/>(+34 for winning)\n|raw|EEEEEvolto\u6df1\u6eba's rating: 1711 &rarr; <strong>1677<\/strong><br \/>(-34 for losing)\n|l|\u2606EEEEEvolto\u6df1\u6eba\n","uploadtime":1629453431,"views":4,"p1id":"giraida","p2id":"eeeeevolto","formatid":"gen7ou","rating":1450,"private":0,"password":null}