{"id":"gen7ou-599637634","p1":"Pokefreak77","p2":"ca$h mence","format":"gen7ou","log":"|j|Pokefreak77\n|j|ca$h mence\n|player|p1|Pokefreak77|#zinnia\n|teamsize|p1|6\n|player|p2|ca$h mence|287\n|teamsize|p2|6\n|gametype|singles\n|gen|7\n|tier|[Gen 7] OU\n|rated\n|seed|5709,43169,40079,40881\n|clearpoke\n|poke|p1|Zapdos|item\n|poke|p1|Clefable, M|item\n|poke|p1|Sableye, F|item\n|poke|p1|Dugtrio, F|item\n|poke|p1|Alomomola, M|item\n|poke|p1|Chansey, F|item\n|poke|p2|Lopunny, M|item\n|poke|p2|Froslass, F|item\n|poke|p2|Magearna|item\n|poke|p2|Keldeo-Resolute|item\n|poke|p2|Tapu Koko|item\n|poke|p2|Landorus-Therian, M|item\n|rule|Sleep Clause Mod: Limit one foe put to sleep\n|rule|Species Clause: Limit one of each Pok\u00e9mon\n|rule|OHKO Clause: OHKO moves are banned\n|rule|Moody Clause: Moody is banned\n|rule|Evasion Moves Clause: Evasion moves are banned\n|rule|Endless Battle Clause: Forcing endless battles is banned\n|rule|HP Percentage Mod: HP is shown in percentages\n|teampreview\n|j|mutant soy boy\n|choice|team 3, team 2, team 1, team 4, team 5, team 6|team 1, team 2, team 3, team 4, team 5, team 6\n|\n|start\n|switch|p1a: Sableye|Sableye, F|303\/303\n|switch|p2a: Lopunny|Lopunny, M|271\/271\n|turn|1\n|choice|move willowisp|move fakeout mega\n|\n|detailschange|p2a: Lopunny|Lopunny-Mega, M\n|-mega|p2a: Lopunny|Lopunny|Lopunnite\n|move|p2a: Lopunny|Fake Out|p1a: Sableye\n|-damage|p1a: Sableye|227\/303\n|cant|p1a: Sableye|flinch\n|\n|upkeep\n|turn|2\n|choice|move willowisp|switch 2\n|\n|switch|p2a: Froslass|Froslass, F|343\/343\n|move|p1a: Sableye|Will-O-Wisp|p2a: Froslass\n|-status|p2a: Froslass|brn\n|\n|-damage|p2a: Froslass|322\/343 brn|[from] brn\n|upkeep\n|turn|3\n|choice|move protect|move destinybond\n|\n|move|p1a: Sableye|Protect|p1a: Sableye\n|-singleturn|p1a: Sableye|Protect\n|move|p2a: Froslass|Destiny Bond|p2a: Froslass\n|-singlemove|p2a: Froslass|Destiny Bond\n|\n|-damage|p2a: Froslass|301\/343 brn|[from] brn\n|upkeep\n|turn|4\n|choice|move recover|move icywind\n|\n|move|p1a: Sableye|Recover|p1a: Sableye\n|-heal|p1a: Sableye|303\/303\n|move|p2a: Froslass|Icy Wind|p1a: Sableye\n|-damage|p1a: Sableye|245\/303\n|-unboost|p1a: Sableye|spe|1\n|\n|-damage|p2a: Froslass|280\/343 brn|[from] brn\n|upkeep\n|turn|5\n|j|demonpyroangel\n|choice|move knockoff|move destinybond\n|\n|move|p2a: Froslass|Destiny Bond|p2a: Froslass\n|-singlemove|p2a: Froslass|Destiny Bond\n|move|p1a: Sableye|Knock Off|p2a: Froslass\n|-supereffective|p2a: Froslass\n|-damage|p2a: Froslass|22\/343 brn\n|-enditem|p2a: Froslass|Focus Sash|[from] move: Knock Off|[of] p1a: Sableye\n|\n|-damage|p2a: Froslass|1\/343 brn|[from] brn\n|upkeep\n|turn|6\n|choice|move recover|move spikes\n|\n|move|p1a: Sableye|Recover|p1a: Sableye\n|-heal|p1a: Sableye|303\/303\n|move|p2a: Froslass|Spikes|p1a: Sableye\n|-sidestart|p1: Pokefreak77|Spikes\n|\n|-damage|p2a: Froslass|0 fnt|[from] brn\n|upkeep\n|faint|p2a: Froslass\n|choice||switch 5\n|\n|switch|p2a: Tapu Koko|Tapu Koko|281\/281\n|-fieldstart|move: Electric Terrain|[from] ability: Electric Surge|[of] p2a: Tapu Koko\n|turn|7\n|l|demonpyroangel\n|choice|move protect mega|move thunderbolt\n|\n|detailschange|p1a: Sableye|Sableye-Mega, F\n|-mega|p1a: Sableye|Sableye|Sablenite\n|move|p1a: Sableye|Protect|p1a: Sableye\n|-singleturn|p1a: Sableye|Protect\n|move|p2a: Tapu Koko|Thunderbolt|p1a: Sableye\n|-activate|p1a: Sableye|move: Protect\n|\n|upkeep\n|turn|8\n|choice|move willowisp|move thunderbolt\n|\n|move|p2a: Tapu Koko|Thunderbolt|p1a: Sableye\n|-damage|p1a: Sableye|141\/303\n|move|p1a: Sableye|Will-O-Wisp|p2a: Tapu Koko\n|-status|p2a: Tapu Koko|brn\n|\n|-damage|p2a: Tapu Koko|264\/281 brn|[from] brn\n|upkeep\n|turn|9\n|choice|move protect|move thunderbolt\n|\n|move|p1a: Sableye|Protect|p1a: Sableye\n|-singleturn|p1a: Sableye|Protect\n|move|p2a: Tapu Koko|Thunderbolt|p1a: Sableye\n|-activate|p1a: Sableye|move: Protect\n|\n|-damage|p2a: Tapu Koko|247\/281 brn|[from] brn\n|upkeep\n|turn|10\n|choice|switch 6|move uturn\n|\n|switch|p1a: Chansey|Chansey, F|701\/701\n|-damage|p1a: Chansey|614\/701|[from] Spikes\n|move|p2a: Tapu Koko|U-turn|p1a: Chansey\n|-damage|p1a: Chansey|576\/701\n|choice||switch 2\n|\n|switch|p2a: Lopunny|Lopunny-Mega, M|271\/271\n|\n|upkeep\n|turn|11\n|choice|switch 3|move return\n|\n|switch|p1a: Zapdos|Zapdos|381\/381\n|-ability|p1a: Zapdos|Pressure\n|move|p2a: Lopunny|Return|p1a: Zapdos\n|-damage|p1a: Zapdos|221\/381\n|\n|-heal|p1a: Zapdos|244\/381|[from] item: Leftovers\n|-fieldend|move: Electric Terrain\n|upkeep\n|turn|12\n|choice|move roost|move poweruppunch\n|\n|move|p2a: Lopunny|Power-Up Punch|p1a: Zapdos\n|-resisted|p1a: Zapdos\n|-damage|p1a: Zapdos|214\/381\n|-boost|p2a: Lopunny|atk|1\n|move|p1a: Zapdos|Roost|p1a: Zapdos\n|-heal|p1a: Zapdos|381\/381\n|\n|upkeep\n|turn|13\n|choice|move defog|move return\n|\n|move|p2a: Lopunny|Return|p1a: Zapdos\n|-damage|p1a: Zapdos|150\/381\n|move|p1a: Zapdos|Defog|p2a: Lopunny\n|-unboost|p2a: Lopunny|evasion|1\n|-sideend|p1: Pokefreak77|Spikes|[from] move: Defog|[of] p1a: Zapdos\n|\n|-heal|p1a: Zapdos|173\/381|[from] item: Leftovers\n|upkeep\n|turn|14\n|choice|switch 2|move return\n|\n|switch|p1a: Clefable|Clefable, M|393\/393\n|move|p2a: Lopunny|Return|p1a: Clefable\n|-damage|p1a: Clefable|216\/393\n|\n|-heal|p1a: Clefable|240\/393|[from] item: Leftovers\n|upkeep\n|turn|15\n|choice|move wish|move return\n|\n|move|p2a: Lopunny|Return|p1a: Clefable\n|-crit|p1a: Clefable\n|-damage|p1a: Clefable|0 fnt\n|faint|p1a: Clefable\n|\n|upkeep\n|choice|switch 4|\n|\n|switch|p1a: Dugtrio|Dugtrio, F|211\/211\n|turn|16\n|choice|move reversal|move poweruppunch\n|\n|move|p2a: Lopunny|Power-Up Punch|p1a: Dugtrio\n|-damage|p1a: Dugtrio|28\/211\n|-boost|p2a: Lopunny|atk|1\n|move|p1a: Dugtrio|Reversal|p2a: Lopunny\n|-supereffective|p2a: Lopunny\n|-crit|p2a: Lopunny\n|-damage|p2a: Lopunny|0 fnt\n|faint|p2a: Lopunny\n|\n|upkeep\n|choice||switch 2\n|\n|switch|p2a: Tapu Koko|Tapu Koko|247\/281 brn\n|-fieldstart|move: Electric Terrain|[from] ability: Electric Surge|[of] p2a: Tapu Koko\n|turn|17\n|choice|switch 3|move uturn\n|\n|switch|p1a: Chansey|Chansey, F|576\/701\n|move|p2a: Tapu Koko|U-turn|p1a: Chansey\n|-damage|p1a: Chansey|541\/701\n|choice||switch 6\n|\n|switch|p2a: Landorus|Landorus-Therian, M|381\/381\n|-ability|p2a: Landorus|Intimidate|boost\n|-unboost|p1a: Chansey|atk|1\n|\n|upkeep\n|turn|18\n|choice|switch 3|move uturn\n|\n|switch|p1a: Dugtrio|Dugtrio, F|28\/211\n|move|p2a: Landorus|U-turn|p1a: Dugtrio\n|-damage|p1a: Dugtrio|0 fnt\n|faint|p1a: Dugtrio\n|choice||switch 6\n|\n|switch|p2a: Tapu Koko|Tapu Koko|247\/281 brn\n|\n|-damage|p2a: Tapu Koko|230\/281 brn|[from] brn\n|upkeep\n|choice|switch 3|\n|\n|switch|p1a: Chansey|Chansey, F|541\/701\n|turn|19\n|choice|move softboiled|move taunt\n|\n|move|p2a: Tapu Koko|Taunt|p1a: Chansey\n|-start|p1a: Chansey|move: Taunt\n|cant|p1a: Chansey|move: Taunt|Soft-Boiled\n|\n|-damage|p2a: Tapu Koko|213\/281 brn|[from] brn\n|upkeep\n|turn|20\n|choice|move seismictoss|move thunderbolt\n|\n|move|p2a: Tapu Koko|Thunderbolt|p1a: Chansey\n|-damage|p1a: Chansey|393\/701\n|move|p1a: Chansey|Seismic Toss|p2a: Tapu Koko\n|-damage|p2a: Tapu Koko|113\/281 brn\n|\n|-damage|p2a: Tapu Koko|96\/281 brn|[from] brn\n|upkeep\n|turn|21\n|choice|switch 5|move roost\n|\n|switch|p1a: Alomomola|Alomomola, M|481\/481\n|move|p2a: Tapu Koko|Roost|p2a: Tapu Koko\n|-heal|p2a: Tapu Koko|237\/281 brn\n|\n|-damage|p2a: Tapu Koko|220\/281 brn|[from] brn\n|-fieldend|move: Electric Terrain\n|upkeep\n|turn|22\n|choice|move wish|move taunt\n|\n|move|p2a: Tapu Koko|Taunt|p1a: Alomomola\n|-start|p1a: Alomomola|move: Taunt\n|cant|p1a: Alomomola|move: Taunt|Wish\n|\n|-damage|p2a: Tapu Koko|203\/281 brn|[from] brn\n|upkeep\n|turn|23\n|choice|switch 5|move uturn\n|\n|switch|p1a: Chansey|Chansey, F|393\/701\n|move|p2a: Tapu Koko|U-turn|p1a: Chansey\n|-damage|p1a: Chansey|357\/701\n|j|Dreadlxrd\n|choice||switch 4\n|\n|switch|p2a: Keldeo|Keldeo-Resolute|323\/323\n|\n|upkeep\n|turn|24\n|l|Dreadlxrd\n|choice|switch 5|move secretsword\n|\n|switch|p1a: Alomomola|Alomomola, M|481\/481\n|move|p2a: Keldeo|Secret Sword|p1a: Alomomola\n|-damage|p1a: Alomomola|351\/481\n|\n|-heal|p1a: Alomomola|381\/481|[from] item: Leftovers\n|upkeep\n|turn|25\n|choice|move wish|switch 4\n|\n|switch|p2a: Tapu Koko|Tapu Koko|203\/281 brn\n|-fieldstart|move: Electric Terrain|[from] ability: Electric Surge|[of] p2a: Tapu Koko\n|move|p1a: Alomomola|Wish|p1a: Alomomola\n|\n|-heal|p1a: Alomomola|411\/481|[from] item: Leftovers\n|-damage|p2a: Tapu Koko|186\/281 brn|[from] brn\n|upkeep\n|turn|26\n|choice|switch 5|move thunderbolt\n|\n|switch|p1a: Chansey|Chansey, F|357\/701\n|move|p2a: Tapu Koko|Thunderbolt|p1a: Chansey\n|-damage|p1a: Chansey|213\/701\n|\n|-heal|p1a: Chansey|453\/701|[from] move: Wish|[wisher] Alomomola\n|-damage|p2a: Tapu Koko|169\/281 brn|[from] brn\n|upkeep\n|turn|27\n|choice|move seismictoss|move thunderbolt\n|\n|move|p2a: Tapu Koko|Thunderbolt|p1a: Chansey\n|-damage|p1a: Chansey|309\/701\n|move|p1a: Chansey|Seismic Toss|p2a: Tapu Koko\n|-damage|p2a: Tapu Koko|69\/281 brn\n|\n|-damage|p2a: Tapu Koko|52\/281 brn|[from] brn\n|upkeep\n|turn|28\n|choice|move seismictoss|move taunt\n|\n|move|p2a: Tapu Koko|Taunt|p1a: Chansey\n|-start|p1a: Chansey|move: Taunt\n|move|p1a: Chansey|Seismic Toss|p2a: Tapu Koko\n|-damage|p2a: Tapu Koko|0 fnt\n|faint|p2a: Tapu Koko\n|\n|upkeep\n|choice||switch 3\n|\n|switch|p2a: Magearna|Magearna|301\/301\n|turn|29\n|choice|switch 5|move calmmind\n|\n|switch|p1a: Alomomola|Alomomola, M|481\/481\n|move|p2a: Magearna|Calm Mind|p2a: Magearna\n|-boost|p2a: Magearna|spa|1\n|-boost|p2a: Magearna|spd|1\n|\n|-fieldend|move: Electric Terrain\n|upkeep\n|turn|30\n|choice|move soak|move calmmind\n|\n|move|p2a: Magearna|Calm Mind|p2a: Magearna\n|-boost|p2a: Magearna|spa|1\n|-boost|p2a: Magearna|spd|1\n|move|p1a: Alomomola|Soak|p2a: Magearna\n|-start|p2a: Magearna|typechange|Water\n|\n|upkeep\n|turn|31\n|choice|move toxic|move thunderbolt\n|\n|move|p2a: Magearna|Thunderbolt|p1a: Alomomola\n|-supereffective|p1a: Alomomola\n|-damage|p1a: Alomomola|0 fnt\n|faint|p1a: Alomomola\n|-ability|p2a: Magearna|Soul-Heart|boost\n|-boost|p2a: Magearna|spa|1\n|\n|upkeep\n|choice|switch 5|\n|\n|switch|p1a: Chansey|Chansey, F|309\/701\n|turn|32\n|choice|move softboiled|move thunderbolt zmove\n|\n|-zpower|p2a: Magearna\n|move|p2a: Magearna|Gigavolt Havoc|p1a: Chansey|[zeffect]\n|-damage|p1a: Chansey|0 fnt\n|faint|p1a: Chansey\n|-ability|p2a: Magearna|Soul-Heart|boost\n|-boost|p2a: Magearna|spa|1\n|\n|upkeep\n|-message|Pokefreak77 forfeited.\n|\n|win|ca$h mence\n|l|Pokefreak77\n|raw|Pokefreak77's rating: 1788 &rarr; <strong>1760<\/strong><br \/>(-28 for losing)\n|raw|ca$h mence's rating: 1646 &rarr; <strong>1674<\/strong><br \/>(+28 for winning)","inputlog":null,"uploadtime":1499224842,"views":1,"p1id":"pokefreak77","p2id":"cahmence","formatid":"gen7ou","rating":1674,"private":0,"password":null}