{"id":"gen7ou-974861622","p1":"Grc111","p2":"orangesss","format":"gen7ou","log":"|j|\u2606Grc111\n|j|\u2606orangesss\n|player|p1|Grc111|170|1777\n|player|p2|orangesss|164|1757\n|teamsize|p1|6\n|teamsize|p2|6\n|gametype|singles\n|gen|7\n|tier|[Gen 7] OU\n|rated|\n|rule|Sleep Clause Mod: Limit one foe put to sleep\n|rule|Species Clause: Limit one of each Pok\u00e9mon\n|rule|OHKO Clause: OHKO moves are banned\n|rule|Moody Clause: Moody is banned\n|rule|Evasion Moves Clause: Evasion moves are banned\n|rule|Endless Battle Clause: Forcing endless battles is banned\n|rule|HP Percentage Mod: HP is shown in percentages\n|clearpoke\n|poke|p1|Medicham, F|item\n|poke|p1|Landorus-Therian, M|item\n|poke|p1|Magearna|item\n|poke|p1|Greninja, M|item\n|poke|p1|Tapu Koko|item\n|poke|p1|Hawlucha, F|item\n|poke|p2|Hawlucha, M|item\n|poke|p2|Ferrothorn, M|item\n|poke|p2|Pelipper, M|item\n|poke|p2|Tapu Koko|item\n|poke|p2|Swampert, M|item\n|poke|p2|Kartana|item\n|teampreview\n|inactive|Battle timer is ON: inactive players will automatically lose when time's up. (requested by Grc111)\n|inactive|orangesss also wants the timer to be on.\n|\n|start\n|switch|p1a: Landorus|Landorus-Therian, M|100\/100\n|switch|p2a: Hate rain :(|Ferrothorn, M|100\/100\n|-ability|p1a: Landorus|Intimidate|boost\n|-unboost|p2a: Hate rain :(|atk|1\n|turn|1\n|\n|move|p1a: Landorus|Stealth Rock|p2a: Hate rain :(\n|-sidestart|p2: orangesss|move: Stealth Rock\n|move|p2a: Hate rain :(|Stealth Rock|p1a: Landorus\n|-sidestart|p1: Grc111|move: Stealth Rock\n|\n|upkeep\n|turn|2\n|\n|move|p1a: Landorus|Swords Dance|p1a: Landorus\n|-boost|p1a: Landorus|atk|2\n|move|p2a: Hate rain :(|Knock Off|p1a: Landorus\n|-damage|p1a: Landorus|90\/100\n|-damage|p2a: Hate rain :(|84\/100|[from] item: Rocky Helmet|[of] p1a: Landorus\n|-enditem|p1a: Landorus|Rocky Helmet|[from] move: Knock Off|[of] p2a: Hate rain :(\n|\n|-heal|p2a: Hate rain :(|90\/100|[from] item: Leftovers\n|upkeep\n|turn|3\n|\n|switch|p2a: Nappy is trash|Pelipper, M|100\/100\n|-damage|p2a: Nappy is trash|76\/100|[from] Stealth Rock\n|-weather|RainDance|[from] ability: Drizzle|[of] p2a: Nappy is trash\n|move|p1a: Landorus|Earthquake|p2a: Nappy is trash\n|-immune|p2a: Nappy is trash\n|\n|-weather|RainDance|[upkeep]\n|upkeep\n|turn|4\n|j| Soviet Slowpokes\n|inactive|Grc111 has 120 seconds left.\n|j| jootun\n|\n|move|p1a: Landorus|Smack Down|p2a: Nappy is trash\n|-supereffective|p2a: Nappy is trash\n|-damage|p2a: Nappy is trash|13\/100\n|-start|p2a: Nappy is trash|Smack Down\n|move|p2a: Nappy is trash|U-turn|p1a: Landorus\n|-resisted|p1a: Landorus\n|-crit|p1a: Landorus\n|-damage|p1a: Landorus|85\/100\n|\n|switch|p2a: Swamp Thing|Swampert, M|100\/100|[from]move: U-turn\n|-damage|p2a: Swamp Thing|94\/100|[from] Stealth Rock\n|\n|-weather|RainDance|[upkeep]\n|upkeep\n|turn|5\n|\n|detailschange|p2a: Swamp Thing|Swampert-Mega, M\n|-mega|p2a: Swamp Thing|Swampert|Swampertite\n|move|p2a: Swamp Thing|Waterfall|p1a: Landorus\n|-supereffective|p1a: Landorus\n|-damage|p1a: Landorus|0 fnt\n|faint|p1a: Landorus\n|\n|-weather|RainDance|[upkeep]\n|upkeep\n|\n|switch|p1a: Medicham|Medicham, F|100\/100\n|-damage|p1a: Medicham|94\/100|[from] Stealth Rock\n|turn|6\n|\n|detailschange|p1a: Medicham|Medicham-Mega, F\n|-mega|p1a: Medicham|Medicham|Medichamite\n|move|p1a: Medicham|Fake Out|p2a: Swamp Thing\n|-damage|p2a: Swamp Thing|71\/100\n|cant|p2a: Swamp Thing|flinch\n|\n|-weather|RainDance|[upkeep]\n|upkeep\n|turn|7\n|\n|switch|p1a: Tapu Koko|Tapu Koko|100\/100\n|-damage|p1a: Tapu Koko|88\/100|[from] Stealth Rock\n|-fieldstart|move: Electric Terrain|[from] ability: Electric Surge|[of] p1a: Tapu Koko\n|move|p2a: Swamp Thing|Waterfall|p1a: Tapu Koko\n|-damage|p1a: Tapu Koko|0 fnt\n|faint|p1a: Tapu Koko\n|\n|-weather|RainDance|[upkeep]\n|upkeep\n|\n|switch|p1a: Hawlucha|Hawlucha, F|100\/100\n|-damage|p1a: Hawlucha|88\/100|[from] Stealth Rock\n|-enditem|p1a: Hawlucha|Electric Seed\n|-boost|p1a: Hawlucha|def|1\n|turn|8\n|\n|switch|p2a: Speed OD|Tapu Koko|100\/100\n|-damage|p2a: Speed OD|88\/100|[from] Stealth Rock\n|move|p1a: Hawlucha|High Jump Kick|p2a: Speed OD\n|-resisted|p2a: Speed OD\n|-damage|p2a: Speed OD|48\/100\n|\n|-weather|RainDance|[upkeep]\n|upkeep\n|turn|9\n|\n|move|p1a: Hawlucha|Stone Edge|p2a: Speed OD\n|-damage|p2a: Speed OD|9\/100\n|-zpower|p2a: Speed OD\n|move|p2a: Speed OD|Twinkle Tackle|p1a: Hawlucha|[zeffect]\n|-supereffective|p1a: Hawlucha\n|-damage|p1a: Hawlucha|0 fnt\n|faint|p1a: Hawlucha\n|\n|-weather|RainDance|[upkeep]\n|upkeep\n|\n|switch|p1a: Medicham|Medicham-Mega, F|94\/100\n|-damage|p1a: Medicham|88\/100|[from] Stealth Rock\n|turn|10\n|j| CylarD\n|\n|move|p1a: Medicham|Fake Out|p2a: Speed OD\n|-damage|p2a: Speed OD|0 fnt\n|faint|p2a: Speed OD\n|\n|-weather|none\n|upkeep\n|\n|switch|p2a: Copypaste|Hawlucha, M|100\/100\n|-damage|p2a: Copypaste|88\/100|[from] Stealth Rock\n|-enditem|p2a: Copypaste|Electric Seed\n|-boost|p2a: Copypaste|def|1\n|turn|11\n|inactive|Grc111 has 120 seconds left.\n|\n|switch|p1a: Magearna|Magearna|100\/100\n|-damage|p1a: Magearna|94\/100|[from] Stealth Rock\n|move|p2a: Copypaste|Acrobatics|p1a: Magearna\n|-resisted|p1a: Magearna\n|-damage|p1a: Magearna|75\/100\n|\n|-heal|p1a: Magearna|81\/100|[from] item: Leftovers\n|-fieldend|move: Electric Terrain\n|upkeep\n|turn|12\n|\n|move|p2a: Copypaste|High Jump Kick|p1a: Magearna\n|-damage|p1a: Magearna|42\/100\n|move|p1a: Magearna|Fleur Cannon|p2a: Copypaste\n|-supereffective|p2a: Copypaste\n|-damage|p2a: Copypaste|0 fnt\n|-unboost|p1a: Magearna|spa|2\n|faint|p2a: Copypaste\n|-ability|p1a: Magearna|Soul-Heart|boost\n|-boost|p1a: Magearna|spa|1\n|\n|-heal|p1a: Magearna|48\/100|[from] item: Leftovers\n|upkeep\n|\n|switch|p2a: Swamp Thing|Swampert-Mega, M|71\/100\n|-damage|p2a: Swamp Thing|65\/100|[from] Stealth Rock\n|turn|13\n|inactive|Grc111 has 120 seconds left.\n|\n|switch|p1a: Medicham|Medicham-Mega, F|88\/100\n|-damage|p1a: Medicham|82\/100|[from] Stealth Rock\n|move|p2a: Swamp Thing|Earthquake|p1a: Medicham\n|-damage|p1a: Medicham|0 fnt\n|faint|p1a: Medicham\n|\n|upkeep\n|-message|Grc111 forfeited.\n|\n|win|orangesss\n|l|\u2606Grc111\n","uploadtime":1568300811,"views":99,"p1id":"grc111","p2id":"orangesss","formatid":"gen7ou","rating":0,"private":0,"password":null}