{"id":"gen7randombattle-820106109","p1":"uuuuiiii","p2":"laurelin","format":"gen7randombattle","log":"|j|\u2606uuuuiiii\n|j|\u2606laurelin\n|player|p1|uuuuiiii|170\n|player|p2|laurelin|34\n|teamsize|p1|6\n|teamsize|p2|6\n|gametype|singles\n|gen|7\n|tier|[Gen 7] Random Battle\n|rated|\n|seed|57871,55508,20662,65268\n|rule|Sleep Clause Mod: Limit one foe put to sleep\n|rule|HP Percentage Mod: HP is shown in percentages\n|\n|start\n|switch|p1a: Greninja|Greninja, L75, M|232\/232\n|switch|p2a: Kyurem|Kyurem-Black, L75|311\/311\n|-ability|p2a: Kyurem|Teravolt\n|turn|1\n|\n|move|p1a: Greninja|U-turn|p2a: Kyurem\n|-damage|p2a: Kyurem|268\/311\n|inactive|Battle timer is ON: inactive players will automatically lose when time's up. (requested by laurelin)\n|\n|switch|p1a: Rotom|Rotom-Heat, L77|203\/203|[from]move: U-turn\n|move|p2a: Kyurem|Substitute|p2a: Kyurem\n|-start|p2a: Kyurem|Substitute\n|-damage|p2a: Kyurem|191\/311\n|\n|-heal|p2a: Kyurem|210\/311|[from] item: Leftovers\n|upkeep\n|turn|2\n|\n|move|p2a: Kyurem|Earth Power|p1a: Rotom\n|-supereffective|p1a: Rotom\n|-damage|p1a: Rotom|0 fnt\n|faint|p1a: Rotom\n|\n|-heal|p2a: Kyurem|229\/311|[from] item: Leftovers\n|upkeep\n|\n|switch|p1a: Hitmontop|Hitmontop, L81, M|214\/214\n|-ability|p1a: Hitmontop|Intimidate|boost\n|-immune|p2a: Kyurem|[msg]\n|turn|3\n|\n|move|p2a: Kyurem|Ice Beam|p1a: Hitmontop\n|-damage|p1a: Hitmontop|159\/214\n|move|p1a: Hitmontop|Stone Edge|p2a: Kyurem\n|-supereffective|p2a: Kyurem\n|-end|p2a: Kyurem|Substitute\n|\n|-heal|p2a: Kyurem|248\/311|[from] item: Leftovers\n|upkeep\n|turn|4\n|\n|switch|p2a: Giratina|Giratina-Origin, L73|339\/339\n|move|p1a: Hitmontop|Stone Edge|p2a: Giratina\n|-damage|p2a: Giratina|271\/339\n|\n|upkeep\n|turn|5\n|\n|switch|p1a: Greninja|Greninja, L75, M|232\/232\n|move|p2a: Giratina|Dragon Tail|p1a: Greninja|[miss]\n|-miss|p2a: Giratina|p1a: Greninja\n|\n|upkeep\n|turn|6\n|\n|switch|p2a: Tapu Fini|Tapu Fini, L75|229\/229\n|-fieldstart|move: Misty Terrain|[from] ability: Misty Surge|[of] p2a: Tapu Fini\n|move|p1a: Greninja|Dark Pulse|p2a: Tapu Fini\n|-resisted|p2a: Tapu Fini\n|-damage|p2a: Tapu Fini|200\/229\n|\n|-heal|p2a: Tapu Fini|214\/229|[from] item: Leftovers\n|upkeep\n|turn|7\n|\n|move|p1a: Greninja|U-turn|p2a: Tapu Fini\n|-resisted|p2a: Tapu Fini\n|-damage|p2a: Tapu Fini|196\/229\n|\n|switch|p1a: Abomasnow|Abomasnow, L80, F|275\/275|[from]move: U-turn\n|-weather|Hail|[from] ability: Snow Warning|[of] p1a: Abomasnow\n|move|p2a: Tapu Fini|Calm Mind|p2a: Tapu Fini\n|-boost|p2a: Tapu Fini|spa|1\n|-boost|p2a: Tapu Fini|spd|1\n|\n|-weather|Hail|[upkeep]\n|-damage|p2a: Tapu Fini|182\/229|[from] Hail\n|-heal|p2a: Tapu Fini|196\/229|[from] item: Leftovers\n|upkeep\n|turn|8\n|inactive|uuuuiiii also wants the timer to be on.\n|inactive|laurelin has 120 seconds left.\n|\n|detailschange|p1a: Abomasnow|Abomasnow-Mega, L80, F\n|-mega|p1a: Abomasnow|Abomasnow|Abomasite\n|move|p2a: Tapu Fini|Moonblast|p1a: Abomasnow\n|-damage|p1a: Abomasnow|154\/275\n|move|p1a: Abomasnow|Giga Drain|p2a: Tapu Fini\n|-supereffective|p2a: Tapu Fini\n|-damage|p2a: Tapu Fini|92\/229\n|-heal|p1a: Abomasnow|206\/275|[from] drain|[of] p2a: Tapu Fini\n|\n|-weather|Hail|[upkeep]\n|-damage|p2a: Tapu Fini|78\/229|[from] Hail\n|-heal|p2a: Tapu Fini|92\/229|[from] item: Leftovers\n|upkeep\n|turn|9\n|\n|move|p2a: Tapu Fini|Moonblast|p1a: Abomasnow\n|-damage|p1a: Abomasnow|92\/275\n|move|p1a: Abomasnow|Giga Drain|p2a: Tapu Fini\n|-supereffective|p2a: Tapu Fini\n|-damage|p2a: Tapu Fini|0 fnt\n|-heal|p1a: Abomasnow|138\/275|[from] drain|[of] p2a: Tapu Fini\n|faint|p2a: Tapu Fini\n|\n|-weather|Hail|[upkeep]\n|upkeep\n|\n|switch|p2a: Kyurem|Kyurem-Black, L75|248\/311\n|-ability|p2a: Kyurem|Teravolt\n|turn|10\n|\n|switch|p1a: Hitmontop|Hitmontop, L81, M|159\/214\n|-ability|p1a: Hitmontop|Intimidate|boost\n|-unboost|p2a: Kyurem|atk|1\n|move|p2a: Kyurem|Ice Beam|p1a: Hitmontop\n|-damage|p1a: Hitmontop|101\/214\n|\n|-weather|Hail|[upkeep]\n|-damage|p1a: Hitmontop|88\/214|[from] Hail\n|-heal|p2a: Kyurem|267\/311|[from] item: Leftovers\n|-fieldend|Misty Terrain\n|upkeep\n|turn|11\n|\n|switch|p2a: Giratina|Giratina-Origin, L73|271\/339\n|move|p1a: Hitmontop|Stone Edge|p2a: Giratina|[miss]\n|-miss|p1a: Hitmontop|p2a: Giratina\n|\n|-weather|none\n|upkeep\n|turn|12\n|\n|move|p1a: Hitmontop|Stone Edge|p2a: Giratina\n|-damage|p2a: Giratina|199\/339\n|move|p2a: Giratina|Dragon Tail|p1a: Hitmontop\n|-damage|p1a: Hitmontop|19\/214\n|drag|p1a: Zangoose|Zangoose, L83, M|257\/257\n|\n|-status|p1a: Zangoose|tox|[from] item: Toxic Orb\n|upkeep\n|turn|13\n|inactive|laurelin has 120 seconds left.\n|\n|move|p1a: Zangoose|Knock Off|p2a: Giratina\n|-supereffective|p2a: Giratina\n|-damage|p2a: Giratina|37\/339\n|move|p2a: Giratina|Shadow Ball|p1a: Zangoose\n|-immune|p1a: Zangoose|[msg]\n|\n|-damage|p1a: Zangoose|241\/257 tox|[from] psn\n|upkeep\n|turn|14\n|\n|move|p1a: Zangoose|Knock Off|p2a: Giratina\n|-supereffective|p2a: Giratina\n|-damage|p2a: Giratina|0 fnt\n|faint|p2a: Giratina\n|\n|-damage|p1a: Zangoose|209\/257 tox|[from] psn\n|upkeep\n|\n|switch|p2a: Dedenne|Dedenne, L83, F|247\/247\n|turn|15\n|\n|move|p2a: Dedenne|Substitute|p2a: Dedenne\n|-start|p2a: Dedenne|Substitute\n|-damage|p2a: Dedenne|186\/247\n|move|p1a: Zangoose|Facade|p2a: Dedenne\n|-end|p2a: Dedenne|Substitute\n|\n|-damage|p1a: Zangoose|161\/257 tox|[from] psn\n|upkeep\n|turn|16\n|\n|switch|p1a: Abomasnow|Abomasnow-Mega, L80, F|138\/275\n|-weather|Hail|[from] ability: Snow Warning|[of] p1a: Abomasnow\n|move|p2a: Dedenne|Substitute|p2a: Dedenne\n|-start|p2a: Dedenne|Substitute\n|-damage|p2a: Dedenne|125\/247\n|\n|-weather|Hail|[upkeep]\n|-damage|p2a: Dedenne|110\/247|[from] Hail\n|upkeep\n|turn|17\n|\n|move|p2a: Dedenne|Toxic|p1a: Abomasnow|[miss]\n|-miss|p2a: Dedenne|p1a: Abomasnow\n|move|p1a: Abomasnow|Giga Drain|p2a: Dedenne\n|-crit|p2a: Dedenne\n|-end|p2a: Dedenne|Substitute\n|-heal|p1a: Abomasnow|169\/275|[from] drain|[of] p2a: Dedenne\n|\n|-weather|Hail|[upkeep]\n|-damage|p2a: Dedenne|95\/247|[from] Hail\n|upkeep\n|turn|18\n|\n|move|p2a: Dedenne|Substitute|p2a: Dedenne\n|-start|p2a: Dedenne|Substitute\n|-damage|p2a: Dedenne|34\/247\n|-enditem|p2a: Dedenne|Petaya Berry|[eat]\n|-boost|p2a: Dedenne|spa|1\n|-heal|p2a: Dedenne|116\/247|[from] ability: Cheek Pouch\n|move|p1a: Abomasnow|Giga Drain|p2a: Dedenne\n|-end|p2a: Dedenne|Substitute\n|-heal|p1a: Abomasnow|200\/275|[from] drain|[of] p2a: Dedenne\n|\n|-weather|Hail|[upkeep]\n|-damage|p2a: Dedenne|101\/247|[from] Hail\n|upkeep\n|turn|19\n|\n|move|p2a: Dedenne|Hidden Power|p1a: Abomasnow\n|-damage|p1a: Abomasnow|148\/275\n|move|p1a: Abomasnow|Giga Drain|p2a: Dedenne\n|-damage|p2a: Dedenne|0 fnt\n|-heal|p1a: Abomasnow|199\/275|[from] drain|[of] p2a: Dedenne\n|faint|p2a: Dedenne\n|\n|-weather|Hail|[upkeep]\n|upkeep\n|\n|switch|p2a: Kyurem|Kyurem-Black, L75|267\/311\n|-ability|p2a: Kyurem|Teravolt\n|turn|20\n|\n|move|p2a: Kyurem|Outrage|p1a: Abomasnow\n|-damage|p1a: Abomasnow|48\/275\n|move|p1a: Abomasnow|Blizzard|p2a: Kyurem\n|-damage|p2a: Kyurem|108\/311\n|\n|-weather|none\n|-heal|p2a: Kyurem|127\/311|[from] item: Leftovers\n|upkeep\n|turn|21\n|\n|switch|p1a: Hitmontop|Hitmontop, L81, M|19\/214\n|-ability|p1a: Hitmontop|Intimidate|boost\n|-unboost|p2a: Kyurem|atk|1\n|move|p2a: Kyurem|Outrage|p1a: Hitmontop|[from]lockedmove\n|-damage|p1a: Hitmontop|0 fnt\n|faint|p1a: Hitmontop\n|\n|-heal|p2a: Kyurem|146\/311|[from] item: Leftovers\n|upkeep\n|\n|switch|p1a: Zangoose|Zangoose, L83, M|161\/257 tox\n|turn|22\n|\n|move|p1a: Zangoose|Facade|p2a: Kyurem\n|-damage|p2a: Kyurem|0 fnt\n|faint|p2a: Kyurem\n|\n|-damage|p1a: Zangoose|145\/257 tox|[from] psn\n|upkeep\n|\n|switch|p2a: Carracosta|Carracosta, L83, M|259\/259\n|turn|23\n|\n|move|p1a: Zangoose|Close Combat|p2a: Carracosta\n|-supereffective|p2a: Carracosta\n|-damage|p2a: Carracosta|111\/259\n|-unboost|p1a: Zangoose|def|1\n|-unboost|p1a: Zangoose|spd|1\n|move|p2a: Carracosta|Shell Smash|p2a: Carracosta\n|-unboost|p2a: Carracosta|def|1\n|-unboost|p2a: Carracosta|spd|1\n|-boost|p2a: Carracosta|atk|2\n|-boost|p2a: Carracosta|spa|2\n|-boost|p2a: Carracosta|spe|2\n|-enditem|p2a: Carracosta|White Herb\n|-clearnegativeboost|p2a: Carracosta|[silent]\n|\n|-damage|p1a: Zangoose|113\/257 tox|[from] psn\n|upkeep\n|turn|24\n|\n|move|p2a: Carracosta|Liquidation|p1a: Zangoose\n|-damage|p1a: Zangoose|0 fnt\n|faint|p1a: Zangoose\n|\n|upkeep\n|\n|switch|p1a: Abomasnow|Abomasnow-Mega, L80, F|48\/275\n|-weather|Hail|[from] ability: Snow Warning|[of] p1a: Abomasnow\n|turn|25\n|\n|move|p2a: Carracosta|Liquidation|p1a: Abomasnow\n|-resisted|p1a: Abomasnow\n|-damage|p1a: Abomasnow|0 fnt\n|faint|p1a: Abomasnow\n|\n|-weather|Hail|[upkeep]\n|-damage|p2a: Carracosta|95\/259|[from] Hail\n|upkeep\n|\n|switch|p1a: Greninja|Greninja, L75, M|232\/232\n|turn|26\n|\n|move|p1a: Greninja|Water Shuriken|p2a: Carracosta\n|-damage|p2a: Carracosta|76\/259\n|-damage|p2a: Carracosta|58\/259\n|-hitcount|p2a: Carracosta|2\n|move|p2a: Carracosta|Stone Edge|p1a: Greninja\n|-crit|p1a: Greninja\n|-damage|p1a: Greninja|0 fnt\n|faint|p1a: Greninja\n|\n|-weather|Hail|[upkeep]\n|-damage|p2a: Carracosta|42\/259|[from] Hail\n|upkeep\n|\n|switch|p1a: Breloom|Breloom, L76, F|216\/216\n|turn|27\n|\n|move|p1a: Breloom|Mach Punch|p2a: Carracosta\n|-supereffective|p2a: Carracosta\n|-damage|p2a: Carracosta|0 fnt\n|-damage|p1a: Breloom|195\/216|[from] item: Life Orb\n|faint|p2a: Carracosta\n|\n|-weather|Hail|[upkeep]\n|-damage|p1a: Breloom|182\/216|[from] Hail\n|upkeep\n|\n|switch|p2a: Shiftry|Shiftry, L83, M|285\/285\n|turn|28\n|\n|move|p1a: Breloom|Mach Punch|p2a: Shiftry\n|-supereffective|p2a: Shiftry\n|-damage|p2a: Shiftry|67\/285\n|-damage|p1a: Breloom|161\/216|[from] item: Life Orb\n|move|p2a: Shiftry|Leaf Blade|p1a: Breloom\n|-resisted|p1a: Breloom\n|-crit|p1a: Breloom\n|-damage|p1a: Breloom|49\/216\n|-damage|p2a: Shiftry|39\/285|[from] item: Life Orb\n|\n|-weather|Hail|[upkeep]\n|-damage|p2a: Shiftry|22\/285|[from] Hail\n|-damage|p1a: Breloom|36\/216|[from] Hail\n|upkeep\n|turn|29\n|\n|move|p2a: Shiftry|Sucker Punch|p1a: Breloom\n|-resisted|p1a: Breloom\n|-damage|p1a: Breloom|0 fnt\n|-damage|p2a: Shiftry|0 fnt|[from] item: Life Orb\n|faint|p1a: Breloom\n|faint|p2a: Shiftry\n|\n|win|laurelin\n|raw|uuuuiiii's rating: 1691 &rarr; <strong>1669<\/strong><br \/>(-22 for losing)\n|raw|laurelin's rating: 1657 &rarr; <strong>1679<\/strong><br \/>(+22 for winning)\n|l|\u2606uuuuiiii\n","inputlog":">version dc92d302d73fe38280560fccaee55a5802f1bb9d\n>start {\"formatid\":\"gen7randombattle\",\"seed\":[57871,55508,20662,65268],\"rated\":\"Rated battle\"}\n>player p1 {\"name\":\"uuuuiiii\",\"avatar\":\"170\",\"team\":\"\"}\n>player p2 {\"name\":\"laurelin\",\"avatar\":\"34\",\"team\":\"\"}\n>p1 move uturn\n>p2 move substitute\n>p1 switch 5\n>p1 move thunderbolt\n>p2 move earthpower\n>p1 switch 2\n>p1 move stoneedge\n>p2 move icebeam\n>p1 move stoneedge\n>p2 switch 6\n>p1 switch 5\n>p2 move dragontail\n>p1 move darkpulse\n>p2 switch 5\n>p1 move uturn\n>p2 move calmmind\n>p1 switch 6\n>p1 move gigadrain mega\n>p2 move moonblast\n>p1 move gigadrain\n>p2 move moonblast\n>p2 switch 6\n>p1 switch 5\n>p2 move icebeam\n>p1 move stoneedge\n>p2 switch 5\n>p1 move stoneedge\n>p2 move dragontail\n>p1 move knockoff\n>p2 move shadowball\n>p1 move knockoff\n>p2 move dragontail\n>p2 switch 4\n>p1 move facade\n>p2 move substitute\n>p1 switch 5\n>p2 move substitute\n>p1 move gigadrain\n>p2 move toxic\n>p1 move gigadrain\n>p2 move substitute\n>p1 move gigadrain\n>p2 move hiddenpower\n>p2 switch 5\n>p1 move blizzard\n>p2 move outrage\n>p1 switch 4\n>p2 move outrage\n>p1 switch 5\n>p1 move facade\n>p2 move outrage\n>p2 switch 3\n>p1 move closecombat\n>p2 move shellsmash\n>p1 move closecombat\n>p2 move liquidation\n>p1 switch 4\n>p1 move gigadrain\n>p2 move liquidation\n>p1 switch 6\n>p1 move watershuriken\n>p2 move stoneedge\n>p1 switch 3\n>p1 move machpunch\n>p2 move liquidation\n>p2 switch 2\n>p1 move machpunch\n>p2 move leafblade\n>p1 move machpunch\n>p2 move suckerpunch","uploadtime":1539514712,"views":2,"p1id":"uuuuiiii","p2id":"laurelin","formatid":"gen7randombattle","rating":1669,"private":0,"password":null}