{"id":"gen7ou-1617161499","p1":"c0c0nut malled","p2":"reionatro","format":"gen7ou","log":"|j|\u2606c0c0nut malled\n|j|\u2606reionatro\n|t:|1657810618\n|gametype|singles\n|player|p1|c0c0nut malled|juan|\n|player|p2|reionatro|1|\n|teamsize|p1|6\n|teamsize|p2|6\n|gen|7\n|tier|[Gen 7] OU\n|rated|Tournament battle\n|rule|Sleep Clause Mod: Limit one foe put to sleep\n|rule|Species Clause: Limit one of each Pok\u00e9mon\n|rule|OHKO Clause: OHKO moves are banned\n|rule|Moody Clause: Moody is banned\n|rule|Evasion Moves Clause: Evasion moves are banned\n|rule|Endless Battle Clause: Forcing endless battles is banned\n|rule|HP Percentage Mod: HP is shown in percentages\n|clearpoke\n|poke|p1|Tyranitar, M|item\n|poke|p1|Conkeldurr, F|item\n|poke|p1|Ninetales-Alola, F|item\n|poke|p1|Landorus-Therian, M|item\n|poke|p1|Greninja, M|item\n|poke|p1|Magearna|item\n|poke|p2|Lopunny, F|item\n|poke|p2|Gastrodon-East, M|item\n|poke|p2|Heatran, M|item\n|poke|p2|Tornadus-Therian, M|item\n|poke|p2|Clefable, F|item\n|poke|p2|Celesteela|item\n|teampreview\n|j| BB-8-NU\n|c|\u2606reionatro|hf\n|c|\u2606c0c0nut malled|hf\n|j| CM Reuniclus\n|c|\u2606c0c0nut malled|cmon man\n|c|\u2606reionatro|?\n|c|\u2606c0c0nut malled|thats not very cool\n|c|\u2606c0c0nut malled|i saw u\n|c|\u2606c0c0nut malled|u entered last game\n|j| Lasen\n|c|\u2606reionatro|i use this all tour bro\n|c|\u2606c0c0nut malled|not cool to check ur opponents team\n|c|\u2606c0c0nut malled|ok\n|c|\u2606c0c0nut malled|nvm\n|c|\u2606c0c0nut malled|my bad\n|c|\u2606c0c0nut malled|just plz\n|c|\u2606c0c0nut malled|dont do that\n|\n|t:|1657810675\n|start\n|switch|p1a: Landorus|Landorus-Therian, M|100\/100\n|switch|p2a: Celesteela|Celesteela|100\/100\n|-ability|p1a: Landorus|Intimidate|boost\n|-unboost|p2a: Celesteela|atk|1\n|turn|1\n|\n|t:|1657810679\n|move|p1a: Landorus|Stealth Rock|p2a: Celesteela\n|-sidestart|p2: reionatro|move: Stealth Rock\n|move|p2a: Celesteela|Leech Seed|p1a: Landorus\n|-start|p1a: Landorus|move: Leech Seed\n|\n|-damage|p1a: Landorus|88\/100|[from] Leech Seed|[of] p2a: Celesteela\n|upkeep\n|turn|2\n|\n|t:|1657810685\n|move|p1a: Landorus|Explosion|p2a: Celesteela\n|-resisted|p2a: Celesteela\n|-damage|p2a: Celesteela|65\/100\n|faint|p1a: Landorus\n|move|p2a: Celesteela|Leech Seed|p1: Landorus|[notarget]\n|-fail|p2a: Celesteela\n|\n|-heal|p2a: Celesteela|71\/100|[from] item: Leftovers\n|upkeep\n|\n|t:|1657810692\n|switch|p1a: Magearna|Magearna|100\/100\n|turn|3\n|j| Tobias Reaper\n|\n|t:|1657810697\n|switch|p2a: Heatran|Heatran, M|100\/100\n|-damage|p2a: Heatran|88\/100|[from] Stealth Rock\n|-zpower|p1a: Magearna\n|move|p1a: Magearna|Gigavolt Havoc|p2a: Heatran|[zeffect]\n|-damage|p2a: Heatran|31\/100\n|\n|upkeep\n|turn|4\n|\n|t:|1657810707\n|-zpower|p2a: Heatran\n|move|p2a: Heatran|Inferno Overdrive|p1a: Magearna|[zeffect]\n|-supereffective|p1a: Magearna\n|-crit|p1a: Magearna\n|-damage|p1a: Magearna|0 fnt\n|faint|p1a: Magearna\n|\n|upkeep\n|\n|t:|1657810710\n|switch|p1a: Conkeldurr|Conkeldurr, F|100\/100\n|turn|5\n|c| Tobias Reaper|can confirm\n|c| Tobias Reaper|he used the same team vs me\n|\n|t:|1657810721\n|switch|p2a: Tornadus|Tornadus-Therian, M|100\/100\n|-damage|p2a: Tornadus|76\/100|[from] Stealth Rock\n|move|p1a: Conkeldurr|Knock Off|p2a: Tornadus\n|-damage|p2a: Tornadus|32\/100\n|-damage|p1a: Conkeldurr|84\/100|[from] item: Rocky Helmet|[of] p2a: Tornadus\n|-enditem|p2a: Tornadus|Rocky Helmet|[from] move: Knock Off|[of] p1a: Conkeldurr\n|\n|-status|p1a: Conkeldurr|brn|[from] item: Flame Orb\n|upkeep\n|turn|6\n|c|\u2606c0c0nut malled|ok\n|c| Tobias Reaper|he has no need to scout ;)\n|c|\u2606c0c0nut malled|but in general\n|c|\u2606c0c0nut malled|not a good habit\n|\n|t:|1657810748\n|switch|p1a: Greninja|Greninja, M|100\/100\n|move|p2a: Tornadus|Defog|p1a: Greninja\n|-unboost|p1a: Greninja|evasion|1\n|-sideend|p2: reionatro|Stealth Rock|[from] move: Defog|[of] p2a: Tornadus\n|\n|upkeep\n|turn|7\n|c| Tobias Reaper|it is fair game\n|\n|t:|1657810755\n|switch|p2a: Gastrodon|Gastrodon-East, M|100\/100\n|move|p1a: Greninja|Ice Beam|p2a: Gastrodon\n|-start|p1a: Greninja|typechange|Ice|[from] ability: Protean\n|-damage|p2a: Gastrodon|77\/100\n|\n|-heal|p2a: Gastrodon|83\/100|[from] item: Leftovers\n|upkeep\n|turn|8\n|\n|t:|1657810759\n|switch|p1a: Ninetales|Ninetales-Alola, F|100\/100\n|-weather|Hail|[from] ability: Snow Warning|[of] p1a: Ninetales\n|move|p2a: Gastrodon|Scald|p1a: Ninetales\n|-damage|p1a: Ninetales|74\/100\n|-status|p1a: Ninetales|brn\n|\n|-weather|Hail|[upkeep]\n|-damage|p2a: Gastrodon|77\/100|[from] Hail\n|-heal|p2a: Gastrodon|83\/100|[from] item: Leftovers\n|-damage|p1a: Ninetales|68\/100 brn|[from] brn\n|upkeep\n|turn|9\n|c| Lasen|ngl if I see a conkeldurr\n|\n|t:|1657810768\n|switch|p2a: Heatran|Heatran, M|31\/100\n|move|p1a: Ninetales|Aurora Veil|p1a: Ninetales\n|-sidestart|p1: c0c0nut malled|move: Aurora Veil\n|\n|-weather|Hail|[upkeep]\n|-damage|p2a: Heatran|25\/100|[from] Hail\n|-damage|p1a: Ninetales|62\/100 brn|[from] brn\n|upkeep\n|turn|10\n|c| Lasen|on my opponent's team\n|c| Lasen|I kinda know I won\n|\n|t:|1657810777\n|switch|p1a: Tyranitar|Tyranitar, M|100\/100\n|-weather|Sandstorm|[from] ability: Sand Stream|[of] p1a: Tyranitar\n|move|p2a: Heatran|Magma Storm|p1a: Tyranitar\n|-resisted|p1a: Tyranitar\n|-damage|p1a: Tyranitar|91\/100\n|-activate|p1a: Tyranitar|move: Magma Storm|[of] p2a: Heatran\n|\n|-weather|Sandstorm|[upkeep]\n|-damage|p1a: Tyranitar|79\/100|[from] move: Magma Storm|[partiallytrapped]\n|upkeep\n|turn|11\n|\n|t:|1657810785\n|detailschange|p1a: Tyranitar|Tyranitar-Mega, M\n|-mega|p1a: Tyranitar|Tyranitar|Tyranitarite\n|move|p2a: Heatran|Protect|p2a: Heatran\n|-singleturn|p2a: Heatran|Protect\n|move|p1a: Tyranitar|Dragon Dance|p1a: Tyranitar\n|-boost|p1a: Tyranitar|atk|1\n|-boost|p1a: Tyranitar|spe|1\n|\n|-weather|Sandstorm|[upkeep]\n|-damage|p1a: Tyranitar|67\/100|[from] move: Magma Storm|[partiallytrapped]\n|upkeep\n|turn|12\n|c|\u2606c0c0nut malled|really?\n|c|\u2606c0c0nut malled|conk is very decent\n|\n|t:|1657810800\n|move|p1a: Tyranitar|Dragon Dance|p1a: Tyranitar\n|-boost|p1a: Tyranitar|atk|1\n|-boost|p1a: Tyranitar|spe|1\n|move|p2a: Heatran|Toxic|p1a: Tyranitar\n|-status|p1a: Tyranitar|tox\n|\n|-weather|Sandstorm|[upkeep]\n|-damage|p1a: Tyranitar|61\/100 tox|[from] psn\n|-damage|p1a: Tyranitar|48\/100 tox|[from] move: Magma Storm|[partiallytrapped]\n|upkeep\n|turn|13\n|\n|t:|1657810805\n|move|p2a: Heatran|Protect|p2a: Heatran\n|-singleturn|p2a: Heatran|Protect\n|move|p1a: Tyranitar|Earthquake|p2a: Heatran\n|-activate|p2a: Heatran|move: Protect\n|\n|-weather|Sandstorm|[upkeep]\n|-damage|p1a: Tyranitar|36\/100 tox|[from] psn\n|-damage|p1a: Tyranitar|24\/100 tox|[from] move: Magma Storm|[partiallytrapped]\n|upkeep\n|turn|14\n|c| Tobias Reaper|2 frail\n|\n|t:|1657810811\n|switch|p2a: Tornadus|Tornadus-Therian, M|65\/100\n|move|p1a: Tyranitar|Earthquake|p2a: Tornadus\n|-immune|p2a: Tornadus\n|\n|-weather|none\n|-damage|p1a: Tyranitar|5\/100 tox|[from] psn\n|-end|p1a: Tyranitar|Magma Storm|[partiallytrapped]\n|upkeep\n|turn|15\n|c|\u2606c0c0nut malled|no\n|c|\u2606c0c0nut malled|it ainr that bad\n|\n|t:|1657810822\n|switch|p2a: Heatran|Heatran, M|25\/100\n|move|p1a: Tyranitar|Ice Punch|p2a: Heatran\n|-resisted|p2a: Heatran\n|-damage|p2a: Heatran|9\/100\n|\n|-damage|p1a: Tyranitar|0 fnt|[from] psn\n|faint|p1a: Tyranitar\n|upkeep\n|\n|t:|1657810828\n|switch|p1a: Conkeldurr|Conkeldurr, F|84\/100 brn\n|turn|16\n|c|\u2606c0c0nut malled|ngl\n|c|\u2606c0c0nut malled|it ggs anyways\n|c| Tobias Reaper|it is slow and you need to predict perfectly\n|\n|t:|1657810843\n|switch|p2a: Clefable|Clefable, F|100\/100\n|move|p1a: Conkeldurr|Facade|p2a: Clefable\n|-damage|p2a: Clefable|39\/100\n|\n|-heal|p2a: Clefable|45\/100|[from] item: Leftovers\n|-damage|p1a: Conkeldurr|78\/100 brn|[from] brn\n|-sideend|p1: c0c0nut malled|move: Aurora Veil\n|upkeep\n|turn|17\n|c| CM Reuniclus|only really good vs some fat teams\n|c| Tobias Reaper|and it can't do shit vs stall\n|c| Tobias Reaper|there are worse mons\n|\n|t:|1657810855\n|move|p1a: Conkeldurr|Facade|p2a: Clefable\n|-damage|p2a: Clefable|0 fnt\n|faint|p2a: Clefable\n|\n|-damage|p1a: Conkeldurr|72\/100 brn|[from] brn\n|upkeep\n|\n|t:|1657810860\n|switch|p2a: Lopunny|Lopunny, F|100\/100\n|turn|18\n|\n|t:|1657810863\n|detailschange|p2a: Lopunny|Lopunny-Mega, F\n|-mega|p2a: Lopunny|Lopunny|Lopunnite\n|move|p2a: Lopunny|Fake Out|p1a: Conkeldurr\n|-damage|p1a: Conkeldurr|51\/100 brn\n|cant|p1a: Conkeldurr|flinch\n|\n|-damage|p1a: Conkeldurr|45\/100 brn|[from] brn\n|upkeep\n|turn|19\n|\n|t:|1657810867\n|move|p1a: Conkeldurr|Mach Punch|p2a: Lopunny\n|-supereffective|p2a: Lopunny\n|-damage|p2a: Lopunny|1\/100\n|move|p2a: Lopunny|Return|p1a: Conkeldurr\n|-damage|p1a: Conkeldurr|0 fnt\n|faint|p1a: Conkeldurr\n|\n|upkeep\n|c|\u2606reionatro|holy shit\n|c| Tobias Reaper|gg\n|c|\u2606c0c0nut malled|no WAY\n|c|\u2606c0c0nut malled|that wasnt a roll\n|\n|t:|1657810882\n|switch|p1a: Greninja|Greninja, M|100\/100\n|turn|20\n|c|\u2606reionatro|that's a sash mlop\n|c|\u2606c0c0nut malled|yeah\n|\n|t:|1657810892\n|move|p1a: Greninja|U-turn|p2a: Lopunny\n|-start|p1a: Greninja|typechange|Bug|[from] ability: Protean\n|-resisted|p2a: Lopunny\n|-damage|p2a: Lopunny|0 fnt\n|faint|p2a: Lopunny\n|c|\u2606c0c0nut malled|invisible sash\n|\n|t:|1657810897\n|switch|p1a: Ninetales|Ninetales-Alola, F|62\/100 brn|[from]move: U-turn\n|-weather|Hail|[from] ability: Snow Warning|[of] p1a: Ninetales\n|\n|-weather|Hail|[upkeep]\n|-damage|p1a: Ninetales|56\/100 brn|[from] brn\n|upkeep\n|\n|t:|1657810904\n|switch|p2a: Gastrodon|Gastrodon-East, M|83\/100\n|turn|21\n|\n|t:|1657810908\n|move|p1a: Ninetales|Freeze-Dry|p2a: Gastrodon\n|-supereffective|p2a: Gastrodon\n|-crit|p2a: Gastrodon\n|-damage|p2a: Gastrodon|6\/100\n|move|p2a: Gastrodon|Scald|p1a: Ninetales\n|-damage|p1a: Ninetales|31\/100 brn\n|\n|-weather|Hail|[upkeep]\n|-damage|p2a: Gastrodon|0 fnt|[from] Hail\n|faint|p2a: Gastrodon\n|-damage|p1a: Ninetales|25\/100 brn|[from] brn\n|upkeep\n|\n|t:|1657810916\n|switch|p2a: Tornadus|Tornadus-Therian, M|98\/100\n|turn|22\n|c|\u2606c0c0nut malled|like\n|c|\u2606c0c0nut malled|i think if i freeze steela\n|c|\u2606c0c0nut malled|i can stil win\n|\n|t:|1657810938\n|move|p2a: Tornadus|Heat Wave|p1a: Ninetales\n|-supereffective|p1a: Ninetales\n|-damage|p1a: Ninetales|0 fnt\n|faint|p1a: Ninetales\n|\n|-weather|Hail|[upkeep]\n|-damage|p2a: Tornadus|92\/100|[from] Hail\n|upkeep\n|c| Tobias Reaper|ngl\n|c| Tobias Reaper|this is over\n|\n|t:|1657810942\n|switch|p1a: Greninja|Greninja, M|100\/100\n|turn|23\n|c|\u2606c0c0nut malled|yeah\n|\n|t:|1657810953\n|move|p1a: Greninja|Ice Beam|p2a: Tornadus\n|-start|p1a: Greninja|typechange|Ice|[from] ability: Protean\n|-supereffective|p2a: Tornadus\n|-damage|p2a: Tornadus|25\/100\n|move|p2a: Tornadus|Heat Wave|p1a: Greninja\n|-supereffective|p1a: Greninja\n|-damage|p1a: Greninja|25\/100\n|\n|-weather|Hail|[upkeep]\n|-damage|p2a: Tornadus|19\/100|[from] Hail\n|upkeep\n|turn|24\n|c|\u2606c0c0nut malled|u prop right\n|\n|t:|1657810962\n|move|p1a: Greninja|Ice Beam|p2a: Tornadus\n|-supereffective|p2a: Tornadus\n|-damage|p2a: Tornadus|0 fnt\n|faint|p2a: Tornadus\n|\n|-weather|none\n|upkeep\n|\n|t:|1657810964\n|switch|p2a: Celesteela|Celesteela|71\/100\n|turn|25\n|c|\u2606c0c0nut malled|but still\n|c|\u2606c0c0nut malled|i dont want to ff\n|\n|t:|1657810972\n|move|p1a: Greninja|Ice Beam|p2a: Celesteela\n|-damage|p2a: Celesteela|50\/100\n|move|p2a: Celesteela|Heavy Slam|p1a: Greninja\n|-supereffective|p1a: Greninja\n|-damage|p1a: Greninja|0 fnt\n|faint|p1a: Greninja\n|\n|win|reionatro\n|n|\u2606c0c0nut malled|c0c0nutmalled\n|n|\u2606reionatro|reionatro\n|n| BB-8-NU|bb8nu\n|n| CM Reuniclus|cmreuniclus\n|n| Lasen|lasen\n|n| Tobias Reaper|tobiasreaper\n","uploadtime":1657810974,"views":9,"p1id":"c0c0nutmalled","p2id":"reionatro","formatid":"gen7ou","rating":0,"private":0,"password":null}