{"id":"gen7ou-995623755","p1":"TheRealSushi","p2":"delchef","format":"gen7ou","log":"|j|\u2606TheRealSushi\n|j|\u2606delchef\n|player|p1|TheRealSushi|red|1429\n|player|p2|delchef|266|1415\n|teamsize|p1|6\n|teamsize|p2|6\n|gametype|singles\n|gen|7\n|tier|[Gen 7] OU\n|rated|\n|rule|Sleep Clause Mod: Limit one foe put to sleep\n|rule|Species Clause: Limit one of each Pok\u00e9mon\n|rule|OHKO Clause: OHKO moves are banned\n|rule|Moody Clause: Moody is banned\n|rule|Evasion Moves Clause: Evasion moves are banned\n|rule|Endless Battle Clause: Forcing endless battles is banned\n|rule|HP Percentage Mod: HP is shown in percentages\n|clearpoke\n|poke|p1|Serperior, M|item\n|poke|p1|Garchomp, F|item\n|poke|p1|Celesteela|item\n|poke|p1|Lopunny, M|item\n|poke|p1|Thundurus-Therian, M|item\n|poke|p1|Tapu Fini|item\n|poke|p2|Sableye, F|item\n|poke|p2|Chansey, F|item\n|poke|p2|Pyukumuku, M|item\n|poke|p2|Skarmory, F|item\n|poke|p2|Registeel|item\n|poke|p2|Latias, F|item\n|teampreview\n|inactive|Battle timer is ON: inactive players will automatically lose when time's up. (requested by TheRealSushi)\n|\n|start\n|switch|p1a: Serperior|Serperior, M|100\/100\n|switch|p2a: I'm sorry|Sableye, F|100\/100\n|turn|1\n|\n|detailschange|p2a: I'm sorry|Sableye-Mega, F\n|-mega|p2a: I'm sorry|Sableye|Sablenite\n|move|p2a: I'm sorry|Protect|p2a: I'm sorry\n|-singleturn|p2a: I'm sorry|Protect\n|move|p1a: Serperior|Substitute|p1a: Serperior\n|-start|p1a: Serperior|Substitute\n|-damage|p1a: Serperior|75\/100\n|\n|-heal|p1a: Serperior|82\/100|[from] item: Leftovers\n|upkeep\n|turn|2\n|\n|move|p1a: Serperior|Leaf Storm|p2a: I'm sorry|[miss]\n|-miss|p1a: Serperior|p2a: I'm sorry\n|move|p2a: I'm sorry|Knock Off|p1a: Serperior\n|-end|p1a: Serperior|Substitute\n|\n|-heal|p1a: Serperior|88\/100|[from] item: Leftovers\n|upkeep\n|turn|3\n|\n|switch|p1a: Thundurus|Thundurus-Therian, M|100\/100\n|switch|p2a: S T O R E|Latias, F, shiny|100\/100\n|\n|upkeep\n|turn|4\n|\n|move|p1a: Thundurus|Nasty Plot|p1a: Thundurus\n|-boost|p1a: Thundurus|spa|2\n|move|p2a: S T O R E|Calm Mind|p2a: S T O R E\n|-boost|p2a: S T O R E|spa|1\n|-boost|p2a: S T O R E|spd|1\n|\n|upkeep\n|turn|5\n|inactive|TheRealSushi has 120 seconds left.\n|\n|switch|p1a: Tapu Fini|Tapu Fini|100\/100\n|-fieldstart|move: Misty Terrain|[from] ability: Misty Surge|[of] p1a: Tapu Fini\n|move|p2a: S T O R E|Calm Mind|p2a: S T O R E\n|-boost|p2a: S T O R E|spa|1\n|-boost|p2a: S T O R E|spd|1\n|\n|upkeep\n|turn|6\n|l|\u2606delchef\n|inactive|delchef disconnected and has a minute to reconnect!\n|player|p2|\n|j|\u2606delchef\n|inactive|delchef reconnected and has 115 seconds left.\n|player|p2|delchef|266\n|\n|move|p2a: S T O R E|Reflect Type|p1a: Tapu Fini\n|-start|p2a: S T O R E|typechange|[from] move: Reflect Type|[of] p1a: Tapu Fini\n|move|p1a: Tapu Fini|Knock Off|p2a: S T O R E\n|-resisted|p2a: S T O R E\n|-damage|p2a: S T O R E|95\/100\n|-enditem|p2a: S T O R E|Leftovers|[from] move: Knock Off|[of] p1a: Tapu Fini\n|\n|upkeep\n|turn|7\n|inactive|delchef has 120 seconds left.\n|\n|switch|p1a: Celesteela|Celesteela|100\/100\n|move|p2a: S T O R E|Calm Mind|p2a: S T O R E\n|-boost|p2a: S T O R E|spa|1\n|-boost|p2a: S T O R E|spd|1\n|\n|upkeep\n|turn|8\n|\n|move|p2a: S T O R E|Calm Mind|p2a: S T O R E\n|-boost|p2a: S T O R E|spa|1\n|-boost|p2a: S T O R E|spd|1\n|move|p1a: Celesteela|Leech Seed|p2a: S T O R E\n|-start|p2a: S T O R E|move: Leech Seed\n|\n|-damage|p2a: S T O R E|83\/100|[from] Leech Seed|[of] p1a: Celesteela\n|upkeep\n|turn|9\n|\n|move|p2a: S T O R E|Calm Mind|p2a: S T O R E\n|-boost|p2a: S T O R E|spa|1\n|-boost|p2a: S T O R E|spd|1\n|move|p1a: Celesteela|Heavy Slam|p2a: S T O R E\n|-damage|p2a: S T O R E|52\/100\n|\n|-damage|p2a: S T O R E|39\/100|[from] Leech Seed|[of] p1a: Celesteela\n|-fieldend|Misty Terrain\n|upkeep\n|turn|10\n|\n|move|p2a: S T O R E|Recover|p2a: S T O R E\n|-heal|p2a: S T O R E|89\/100\n|move|p1a: Celesteela|Heavy Slam|p2a: S T O R E\n|-damage|p2a: S T O R E|60\/100\n|\n|-damage|p2a: S T O R E|48\/100|[from] Leech Seed|[of] p1a: Celesteela\n|upkeep\n|turn|11\n|\n|move|p2a: S T O R E|Reflect Type|p1a: Celesteela\n|-start|p2a: S T O R E|typechange|[from] move: Reflect Type|[of] p1a: Celesteela\n|move|p1a: Celesteela|Heavy Slam|p2a: S T O R E\n|-resisted|p2a: S T O R E\n|-damage|p2a: S T O R E|34\/100\n|\n|-damage|p2a: S T O R E|21\/100|[from] Leech Seed|[of] p1a: Celesteela\n|upkeep\n|turn|12\n|inactive|TheRealSushi has 120 seconds left.\n|\n|move|p1a: Celesteela|Protect|p1a: Celesteela\n|-singleturn|p1a: Celesteela|Protect\n|move|p2a: S T O R E|Recover|p2a: S T O R E\n|-heal|p2a: S T O R E|71\/100\n|\n|-damage|p2a: S T O R E|59\/100|[from] Leech Seed|[of] p1a: Celesteela\n|upkeep\n|turn|13\n|\n|move|p2a: S T O R E|Recover|p2a: S T O R E\n|-heal|p2a: S T O R E|100\/100\n|move|p1a: Celesteela|Heavy Slam|p2a: S T O R E\n|-resisted|p2a: S T O R E\n|-damage|p2a: S T O R E|85\/100\n|\n|-damage|p2a: S T O R E|72\/100|[from] Leech Seed|[of] p1a: Celesteela\n|upkeep\n|turn|14\n|\n|move|p2a: S T O R E|Calm Mind|p2a: S T O R E\n|-boost|p2a: S T O R E|spa|1\n|-boost|p2a: S T O R E|spd|1\n|move|p1a: Celesteela|Heavy Slam|p2a: S T O R E\n|-resisted|p2a: S T O R E\n|-damage|p2a: S T O R E|57\/100\n|\n|-damage|p2a: S T O R E|45\/100|[from] Leech Seed|[of] p1a: Celesteela\n|upkeep\n|turn|15\n|\n|move|p1a: Celesteela|Protect|p1a: Celesteela\n|-singleturn|p1a: Celesteela|Protect\n|move|p2a: S T O R E|Recover|p2a: S T O R E\n|-heal|p2a: S T O R E|95\/100\n|\n|-damage|p2a: S T O R E|83\/100|[from] Leech Seed|[of] p1a: Celesteela\n|upkeep\n|turn|16\n|\n|move|p1a: Celesteela|Protect|p1a: Celesteela\n|-singleturn|p1a: Celesteela|Protect\n|move|p2a: S T O R E|Stored Power|p1a: Celesteela\n|-activate|p1a: Celesteela|move: Protect\n|\n|-damage|p2a: S T O R E|70\/100|[from] Leech Seed|[of] p1a: Celesteela\n|upkeep\n|turn|17\n|\n|switch|p1a: Garchomp|Garchomp, F|100\/100\n|move|p2a: S T O R E|Stored Power|p1a: Garchomp\n|-damage|p1a: Garchomp|0 fnt\n|faint|p1a: Garchomp\n|\n|upkeep\n|\n|switch|p1a: Celesteela|Celesteela|100\/100\n|turn|18\n|\n|move|p1a: Celesteela|Protect|p1a: Celesteela\n|-singleturn|p1a: Celesteela|Protect\n|move|p2a: S T O R E|Recover|p2a: S T O R E\n|-heal|p2a: S T O R E|100\/100\n|\n|-damage|p2a: S T O R E|88\/100|[from] Leech Seed|[of] p1a: Celesteela\n|upkeep\n|turn|19\n|\n|move|p2a: S T O R E|Stored Power|p1a: Celesteela\n|-resisted|p1a: Celesteela\n|-damage|p1a: Celesteela|21\/100\n|move|p1a: Celesteela|Stone Edge|p2a: S T O R E\n|-damage|p2a: S T O R E|72\/100\n|\n|-heal|p1a: Celesteela|27\/100|[from] item: Leftovers\n|-damage|p2a: S T O R E|60\/100|[from] Leech Seed|[of] p1a: Celesteela\n|-heal|p1a: Celesteela|39\/100|[silent]\n|upkeep\n|turn|20\n|\n|move|p1a: Celesteela|Protect|p1a: Celesteela\n|-singleturn|p1a: Celesteela|Protect\n|move|p2a: S T O R E|Recover|p2a: S T O R E\n|-heal|p2a: S T O R E|100\/100\n|\n|-heal|p1a: Celesteela|45\/100|[from] item: Leftovers\n|-damage|p2a: S T O R E|88\/100|[from] Leech Seed|[of] p1a: Celesteela\n|-heal|p1a: Celesteela|56\/100|[silent]\n|upkeep\n|turn|21\n|\n|move|p2a: S T O R E|Stored Power|p1a: Celesteela\n|-resisted|p1a: Celesteela\n|-damage|p1a: Celesteela|0 fnt\n|faint|p1a: Celesteela\n|\n|upkeep\n|\n|switch|p1a: Lopunny|Lopunny, M|100\/100\n|turn|22\n|\n|detailschange|p1a: Lopunny|Lopunny-Mega, M\n|-mega|p1a: Lopunny|Lopunny|Lopunnite\n|move|p1a: Lopunny|Fake Out|p2a: S T O R E\n|-resisted|p2a: S T O R E\n|-damage|p2a: S T O R E|81\/100\n|cant|p2a: S T O R E|flinch\n|\n|-damage|p2a: S T O R E|68\/100|[from] Leech Seed|[of] p1a: Lopunny\n|upkeep\n|turn|23\n|\n|move|p1a: Lopunny|High Jump Kick|p2a: S T O R E\n|-damage|p2a: S T O R E|17\/100\n|move|p2a: S T O R E|Stored Power|p1a: Lopunny\n|-supereffective|p1a: Lopunny\n|-damage|p1a: Lopunny|0 fnt\n|faint|p1a: Lopunny\n|\n|upkeep\n|\n|switch|p1a: Thundurus|Thundurus-Therian, M|100\/100\n|turn|24\n|\n|-zpower|p1a: Thundurus\n|move|p1a: Thundurus|Gigavolt Havoc|p2a: S T O R E|[zeffect]\n|-supereffective|p2a: S T O R E\n|-damage|p2a: S T O R E|0 fnt\n|faint|p2a: S T O R E\n|\n|upkeep\n|\n|switch|p2a: Hated thing|Chansey, F|100\/100\n|turn|25\n|\n|switch|p1a: Tapu Fini|Tapu Fini|100\/100\n|-fieldstart|move: Misty Terrain|[from] ability: Misty Surge|[of] p1a: Tapu Fini\n|move|p2a: Hated thing|Seismic Toss|p1a: Tapu Fini\n|-damage|p1a: Tapu Fini|71\/100\n|\n|-heal|p1a: Tapu Fini|77\/100|[from] item: Leftovers\n|upkeep\n|turn|26\n|\n|switch|p1a: Serperior|Serperior, M|88\/100\n|move|p2a: Hated thing|Seismic Toss|p1a: Serperior\n|-damage|p1a: Serperior|55\/100\n|\n|-heal|p1a: Serperior|61\/100|[from] item: Leftovers\n|upkeep\n|turn|27\n|\n|move|p1a: Serperior|Leech Seed|p2a: Hated thing\n|-start|p2a: Hated thing|move: Leech Seed\n|move|p2a: Hated thing|Seismic Toss|p1a: Serperior\n|-damage|p1a: Serperior|28\/100\n|\n|-heal|p1a: Serperior|35\/100|[from] item: Leftovers\n|-damage|p2a: Hated thing|88\/100|[from] Leech Seed|[of] p1a: Serperior\n|-heal|p1a: Serperior|64\/100|[silent]\n|upkeep\n|turn|28\n|\n|switch|p2a: Fuck magnezone|Registeel|100\/100\n|move|p1a: Serperior|Substitute|p1a: Serperior\n|-start|p1a: Serperior|Substitute\n|-damage|p1a: Serperior|39\/100\n|\n|-heal|p1a: Serperior|45\/100|[from] item: Leftovers\n|upkeep\n|turn|29\n|\n|move|p1a: Serperior|Leech Seed|p2a: Fuck magnezone\n|-start|p2a: Fuck magnezone|move: Leech Seed\n|move|p2a: Fuck magnezone|Stealth Rock|p1a: Serperior\n|-sidestart|p1: TheRealSushi|move: Stealth Rock\n|\n|-heal|p1a: Serperior|51\/100|[from] item: Leftovers\n|-damage|p2a: Fuck magnezone|88\/100|[from] Leech Seed|[of] p1a: Serperior\n|-heal|p1a: Serperior|66\/100|[silent]\n|-fieldend|Misty Terrain\n|upkeep\n|turn|30\n|\n|move|p1a: Serperior|Leaf Storm|p2a: Fuck magnezone\n|-resisted|p2a: Fuck magnezone\n|-damage|p2a: Fuck magnezone|76\/100\n|-boost|p1a: Serperior|spa|2\n|move|p2a: Fuck magnezone|Iron Head|p1a: Serperior\n|-activate|p1a: Serperior|move: Substitute|[damage]\n|\n|-heal|p1a: Serperior|72\/100|[from] item: Leftovers\n|-heal|p2a: Fuck magnezone|82\/100|[from] item: Leftovers\n|-damage|p2a: Fuck magnezone|70\/100|[from] Leech Seed|[of] p1a: Serperior\n|-heal|p1a: Serperior|87\/100|[silent]\n|upkeep\n|turn|31\n|\n|move|p1a: Serperior|Leaf Storm|p2a: Fuck magnezone\n|-resisted|p2a: Fuck magnezone\n|-damage|p2a: Fuck magnezone|48\/100\n|-boost|p1a: Serperior|spa|2\n|move|p2a: Fuck magnezone|Iron Head|p1a: Serperior\n|-end|p1a: Serperior|Substitute\n|\n|-heal|p1a: Serperior|93\/100|[from] item: Leftovers\n|-heal|p2a: Fuck magnezone|54\/100|[from] item: Leftovers\n|-damage|p2a: Fuck magnezone|42\/100|[from] Leech Seed|[of] p1a: Serperior\n|-heal|p1a: Serperior|100\/100|[silent]\n|upkeep\n|turn|32\n|\n|switch|p2a: Hated thing|Chansey, F|88\/100\n|move|p1a: Serperior|Substitute|p1a: Serperior\n|-start|p1a: Serperior|Substitute\n|-damage|p1a: Serperior|75\/100\n|\n|-heal|p1a: Serperior|82\/100|[from] item: Leftovers\n|upkeep\n|turn|33\n|\n|switch|p2a: I'm sorry|Sableye-Mega, F|100\/100\n|move|p1a: Serperior|Leech Seed|p2a: I'm sorry\n|move|p2a: I'm sorry|Leech Seed|p1a: Serperior|[from]Magic Bounce\n|-immune|p1a: Serperior\n|\n|-heal|p1a: Serperior|88\/100|[from] item: Leftovers\n|upkeep\n|turn|34\n|\n|move|p2a: I'm sorry|Protect|p2a: I'm sorry\n|-singleturn|p2a: I'm sorry|Protect\n|move|p1a: Serperior|Leaf Storm|p2a: I'm sorry\n|-activate|p2a: I'm sorry|move: Protect\n|\n|-heal|p1a: Serperior|94\/100|[from] item: Leftovers\n|upkeep\n|turn|35\n|\n|switch|p2a: Fuck magnezone|Registeel|42\/100\n|move|p1a: Serperior|Leaf Storm|p2a: Fuck magnezone\n|-resisted|p2a: Fuck magnezone\n|-damage|p2a: Fuck magnezone|7\/100\n|-boost|p1a: Serperior|spa|2\n|\n|-heal|p1a: Serperior|100\/100|[from] item: Leftovers\n|-heal|p2a: Fuck magnezone|13\/100|[from] item: Leftovers\n|upkeep\n|turn|36\n|\n|move|p1a: Serperior|Hidden Power|p2a: Fuck magnezone\n|-supereffective|p2a: Fuck magnezone\n|-damage|p2a: Fuck magnezone|0 fnt\n|faint|p2a: Fuck magnezone\n|\n|upkeep\n|\n|switch|p2a: Hated thing|Chansey, F|88\/100\n|turn|37\n|-message|delchef forfeited.\n|\n|win|TheRealSushi\n|l|\u2606delchef\n|raw|TheRealSushi's rating: 1429 &rarr; <strong>1449<\/strong><br \/>(+20 for winning)\n|raw|delchef's rating: 1432 &rarr; <strong>1411<\/strong><br \/>(-21 for losing)\n","uploadtime":1571585874,"views":6,"p1id":"therealsushi","p2id":"delchef","formatid":"gen7ou","rating":1411,"private":0,"password":null}