{"id":"gen7ou-1679492334","p1":"I drip too hard","p2":"Kiu0900","format":"gen7ou","log":"|j|\u203dI drip too hard\n|j|\u2606Kiu0900\n|t:|1665093935\n|gametype|singles\n|player|p1|I drip too hard|dawn|1583\n|player|p2|Kiu0900|pokemonbreeder-gen8|1551\n|teamsize|p1|6\n|teamsize|p2|6\n|gen|7\n|tier|[Gen 7] OU\n|rated|\n|rule|Sleep Clause Mod: Limit one foe put to sleep\n|rule|Species Clause: Limit one of each Pok\u00e9mon\n|rule|OHKO Clause: OHKO moves are banned\n|rule|Moody Clause: Moody is banned\n|rule|Evasion Items Clause: Evasion items are banned\n|rule|Evasion Moves Clause: Evasion moves are banned\n|rule|Endless Battle Clause: Forcing endless battles is banned\n|rule|HP Percentage Mod: HP is shown in percentages\n|clearpoke\n|poke|p1|Mawile, F|item\n|poke|p1|Tapu Koko|item\n|poke|p1|Magearna|item\n|poke|p1|Landorus-Therian, M|item\n|poke|p1|Rotom-Wash|item\n|poke|p1|Kartana|item\n|poke|p2|Entei|item\n|poke|p2|Tyranitar, F|item\n|poke|p2|Excadrill, F|item\n|poke|p2|Zapdos|item\n|poke|p2|Serperior, F|item\n|poke|p2|Latios, M|item\n|teampreview\n|inactive|Battle timer is ON: inactive players will automatically lose when time's up. (requested by Kiu0900)\n|inactive|I drip too hard also wants the timer to be on.\n|\n|t:|1665093958\n|start\n|switch|p1a: Landorus|Landorus-Therian, M|100\/100\n|switch|p2a: Achilles|Zapdos, shiny|100\/100\n|-ability|p1a: Landorus|Intimidate|boost\n|-unboost|p2a: Achilles|atk|1\n|turn|1\n|\n|t:|1665093963\n|switch|p1a: Tapu Koko|Tapu Koko|100\/100\n|-fieldstart|move: Electric Terrain|[from] ability: Electric Surge|[of] p1a: Tapu Koko\n|move|p2a: Achilles|Hidden Power|p1a: Tapu Koko\n|-damage|p1a: Tapu Koko|64\/100\n|\n|upkeep\n|turn|2\n|\n|t:|1665093968\n|move|p1a: Tapu Koko|Dazzling Gleam|p2a: Achilles\n|-damage|p2a: Achilles|43\/100\n|move|p2a: Achilles|Roost|p2a: Achilles\n|-heal|p2a: Achilles|94\/100\n|-singleturn|p2a: Achilles|move: Roost\n|\n|upkeep\n|turn|3\n|\n|t:|1665093975\n|switch|p1a: Landorus|Landorus-Therian, M|100\/100\n|-ability|p1a: Landorus|Intimidate|boost\n|-unboost|p2a: Achilles|atk|1\n|switch|p2a: Star|Entei, shiny|100\/100\n|-ability|p2a: Star|Pressure\n|\n|upkeep\n|turn|4\n|\n|t:|1665093978\n|move|p2a: Star|Sacred Fire|p1a: Landorus\n|-damage|p1a: Landorus|21\/100\n|-status|p1a: Landorus|brn\n|move|p1a: Landorus|Earthquake|p2a: Star\n|-supereffective|p2a: Star\n|-damage|p2a: Star|32\/100\n|\n|-damage|p1a: Landorus|15\/100 brn|[from] brn\n|upkeep\n|turn|5\n|\n|t:|1665093982\n|move|p2a: Star|Sacred Fire|p1a: Landorus\n|-damage|p1a: Landorus|0 fnt\n|faint|p1a: Landorus\n|\n|-fieldend|move: Electric Terrain\n|upkeep\n|\n|t:|1665093985\n|switch|p1a: Tapu Koko|Tapu Koko|64\/100\n|-fieldstart|move: Electric Terrain|[from] ability: Electric Surge|[of] p1a: Tapu Koko\n|turn|6\n|\n|t:|1665093997\n|switch|p1a: Rotom|Rotom-Wash|100\/100\n|switch|p2a: Leif|Excadrill, F, shiny|100\/100\n|\n|upkeep\n|turn|7\n|\n|t:|1665094006\n|move|p2a: Leif|Rock Slide|p1a: Rotom\n|-damage|p1a: Rotom|74\/100\n|cant|p1a: Rotom|flinch\n|\n|upkeep\n|turn|8\n|\n|t:|1665094011\n|switch|p2a: Veralsie|Serperior, F, shiny|100\/100\n|move|p1a: Rotom|Volt Switch|p2a: Veralsie\n|-resisted|p2a: Veralsie\n|-damage|p2a: Veralsie|87\/100\n|\n|t:|1665094016\n|switch|p1a: Magearna|Magearna|100\/100|[from]move: Volt Switch\n|\n|-heal|p2a: Veralsie|93\/100|[from] item: Leftovers\n|upkeep\n|turn|9\n|\n|t:|1665094021\n|move|p2a: Veralsie|Knock Off|p1a: Magearna\n|-resisted|p1a: Magearna\n|-damage|p1a: Magearna|94\/100\n|-enditem|p1a: Magearna|Assault Vest|[from] move: Knock Off|[of] p2a: Veralsie\n|move|p1a: Magearna|Ice Beam|p2a: Veralsie\n|-supereffective|p2a: Veralsie\n|-damage|p2a: Veralsie|37\/100\n|-status|p2a: Veralsie|frz\n|\n|-heal|p2a: Veralsie|43\/100 frz|[from] item: Leftovers\n|upkeep\n|turn|10\n|\n|t:|1665094029\n|cant|p2a: Veralsie|frz\n|move|p1a: Magearna|Focus Blast|p2a: Veralsie\n|-damage|p2a: Veralsie|3\/100 frz\n|\n|-heal|p2a: Veralsie|9\/100 frz|[from] item: Leftovers\n|-fieldend|move: Electric Terrain\n|upkeep\n|turn|11\n|\n|t:|1665094032\n|cant|p2a: Veralsie|frz\n|move|p1a: Magearna|Focus Blast|p2a: Veralsie|[miss]\n|-miss|p1a: Magearna|p2a: Veralsie\n|\n|-heal|p2a: Veralsie|15\/100 frz|[from] item: Leftovers\n|upkeep\n|turn|12\n|\n|t:|1665094034\n|-curestatus|p2a: Veralsie|frz|[msg]\n|move|p2a: Veralsie|Glare|p1a: Magearna\n|-status|p1a: Magearna|par\n|move|p1a: Magearna|Ice Beam|p2a: Veralsie\n|-supereffective|p2a: Veralsie\n|-damage|p2a: Veralsie|0 fnt\n|faint|p2a: Veralsie\n|-ability|p1a: Magearna|Soul-Heart|boost\n|-boost|p1a: Magearna|spa|1\n|\n|upkeep\n|\n|t:|1665094039\n|switch|p2a: Star|Entei, shiny|32\/100\n|-ability|p2a: Star|Pressure\n|turn|13\n|\n|t:|1665094041\n|move|p2a: Star|Sacred Fire|p1a: Magearna\n|-supereffective|p1a: Magearna\n|-damage|p1a: Magearna|0 fnt\n|faint|p1a: Magearna\n|\n|upkeep\n|\n|t:|1665094046\n|switch|p1a: Kartana|Kartana|100\/100\n|turn|14\n|\n|t:|1665094051\n|switch|p2a: Achilles|Zapdos, shiny|94\/100\n|move|p1a: Kartana|Knock Off|p2a: Achilles\n|-damage|p2a: Achilles|42\/100\n|-enditem|p2a: Achilles|Expert Belt|[from] move: Knock Off|[of] p1a: Kartana\n|\n|upkeep\n|turn|15\n|\n|t:|1665094058\n|switch|p1a: Tapu Koko|Tapu Koko|64\/100\n|-fieldstart|move: Electric Terrain|[from] ability: Electric Surge|[of] p1a: Tapu Koko\n|move|p2a: Achilles|Hidden Power|p1a: Tapu Koko\n|-damage|p1a: Tapu Koko|31\/100\n|\n|upkeep\n|turn|16\n|\n|t:|1665094063\n|switch|p2a: Leif|Excadrill, F, shiny|100\/100\n|move|p1a: Tapu Koko|Dazzling Gleam|p2a: Leif\n|-resisted|p2a: Leif\n|-damage|p2a: Leif|69\/100\n|\n|upkeep\n|turn|17\n|\n|t:|1665094070\n|switch|p1a: Rotom|Rotom-Wash|74\/100\n|switch|p2a: Achilles|Zapdos, shiny|42\/100\n|\n|upkeep\n|turn|18\n|\n|t:|1665094072\n|move|p2a: Achilles|Roost|p2a: Achilles\n|-heal|p2a: Achilles|92\/100\n|-singleturn|p2a: Achilles|move: Roost\n|move|p1a: Rotom|Volt Switch|p2a: Achilles\n|-resisted|p2a: Achilles\n|-damage|p2a: Achilles|79\/100\n|\n|t:|1665094075\n|switch|p1a: Tapu Koko|Tapu Koko|31\/100|[from]move: Volt Switch\n|\n|upkeep\n|turn|19\n|\n|t:|1665094080\n|switch|p2a: Tyrian|Tyranitar, F, shiny|100\/100\n|-weather|Sandstorm|[from] ability: Sand Stream|[of] p2a: Tyrian\n|move|p1a: Tapu Koko|Thunderbolt|p2a: Tyrian\n|-damage|p2a: Tyrian|49\/100\n|\n|-weather|Sandstorm|[upkeep]\n|-damage|p1a: Tapu Koko|25\/100|[from] Sandstorm\n|-fieldend|move: Electric Terrain\n|upkeep\n|turn|20\n|\n|t:|1665094083\n|switch|p1a: Rotom|Rotom-Wash|74\/100\n|switch|p2a: Leif|Excadrill, F, shiny|69\/100\n|\n|-weather|Sandstorm|[upkeep]\n|-damage|p1a: Rotom|68\/100|[from] Sandstorm\n|upkeep\n|turn|21\n|\n|t:|1665094088\n|move|p2a: Leif|Rock Slide|p1a: Rotom\n|-damage|p1a: Rotom|45\/100\n|cant|p1a: Rotom|flinch\n|\n|-weather|Sandstorm|[upkeep]\n|-damage|p1a: Rotom|39\/100|[from] Sandstorm\n|upkeep\n|turn|22\n|\n|t:|1665094092\n|move|p2a: Leif|Swords Dance|p2a: Leif\n|-boost|p2a: Leif|atk|2\n|move|p1a: Rotom|Volt Switch|p2a: Leif\n|-immune|p2a: Leif\n|\n|-weather|Sandstorm|[upkeep]\n|-damage|p1a: Rotom|34\/100|[from] Sandstorm\n|upkeep\n|turn|23\n|\n|t:|1665094095\n|move|p2a: Leif|Rock Slide|p1a: Rotom\n|-damage|p1a: Rotom|0 fnt\n|faint|p1a: Rotom\n|\n|-weather|none\n|upkeep\n|\n|t:|1665094098\n|switch|p1a: Kartana|Kartana|100\/100\n|turn|24\n|\n|t:|1665094103\n|switch|p2a: Achilles|Zapdos, shiny|79\/100\n|move|p1a: Kartana|Sacred Sword|p2a: Achilles\n|-resisted|p2a: Achilles\n|-damage|p2a: Achilles|55\/100\n|-status|p1a: Kartana|par|[from] ability: Static|[of] p2a: Achilles\n|\n|upkeep\n|turn|25\n|\n|t:|1665094108\n|switch|p1a: Mawile|Mawile, F|100\/100\n|-ability|p1a: Mawile|Intimidate|boost\n|-unboost|p2a: Achilles|atk|1\n|move|p2a: Achilles|Heat Wave|p1a: Mawile\n|-supereffective|p1a: Mawile\n|-damage|p1a: Mawile|0 fnt\n|faint|p1a: Mawile\n|\n|upkeep\n|\n|t:|1665094111\n|switch|p1a: Tapu Koko|Tapu Koko|25\/100\n|-fieldstart|move: Electric Terrain|[from] ability: Electric Surge|[of] p1a: Tapu Koko\n|turn|26\n|\n|t:|1665094114\n|switch|p2a: Tyrian|Tyranitar, F, shiny|49\/100\n|-weather|Sandstorm|[from] ability: Sand Stream|[of] p2a: Tyrian\n|move|p1a: Tapu Koko|Dazzling Gleam|p2a: Tyrian\n|-supereffective|p2a: Tyrian\n|-damage|p2a: Tyrian|0 fnt\n|faint|p2a: Tyrian\n|\n|-weather|Sandstorm|[upkeep]\n|-damage|p1a: Tapu Koko|19\/100|[from] Sandstorm\n|upkeep\n|\n|t:|1665094116\n|switch|p2a: Leif|Excadrill, F, shiny|69\/100\n|turn|27\n|-message|I drip too hard forfeited.\n|\n|win|Kiu0900\n|raw|I drip too hard's rating: 1583 &rarr; <strong>1561<\/strong><br \/>(-22 for losing)\n|raw|Kiu0900's rating: 1551 &rarr; <strong>1573<\/strong><br \/>(+22 for winning)\n|l|\u203dI drip too hard\n||Ladder isn't responding, score probably updated but might not have (Request timeout).\n","uploadtime":1665094211,"views":21,"p1id":"idriptoohard","p2id":"kiu0900","formatid":"gen7ou","rating":1561,"private":0,"password":null}