{"id":"gen7randombattle-1450720162","p1":"BigWes95","p2":"Aeeriee","format":"gen7randombattle","log":"|j|\u2606BigWes95\n|j|\u2606Aeeriee\n|t:|1636324803\n|gametype|singles\n|player|p1|BigWes95|170|1668\n|player|p2|Aeeriee|266|1699\n|teamsize|p1|6\n|teamsize|p2|6\n|gen|7\n|tier|[Gen 7] Random Battle\n|rated|\n|rule|Sleep Clause Mod: Limit one foe put to sleep\n|rule|HP Percentage Mod: HP is shown in percentages\n|\n|t:|1636324803\n|start\n|switch|p1a: Shiftry|Shiftry, L88, F|302\/302\n|switch|p2a: Heracross|Heracross, L84, M|272\/272\n|turn|1\n|inactive|Battle timer is ON: inactive players will automatically lose when time's up. (requested by BigWes95)\n|\n|t:|1636324823\n|switch|p1a: Primarina|Primarina, L82, F|265\/265\n|move|p2a: Heracross|Swords Dance|p2a: Heracross\n|-boost|p2a: Heracross|atk|2\n|\n|upkeep\n|turn|2\n|\n|t:|1636324838\n|switch|p2a: Magnezone|Magnezone, L80|243\/243\n|move|p1a: Primarina|Moonblast|p2a: Magnezone\n|-resisted|p2a: Magnezone\n|-damage|p2a: Magnezone|159\/243\n|\n|-heal|p2a: Magnezone|174\/243|[from] item: Leftovers\n|upkeep\n|turn|3\n|\n|t:|1636324855\n|switch|p1a: Goodra|Goodra, L84, F|288\/288\n|move|p2a: Magnezone|Thunderbolt|p1a: Goodra\n|-resisted|p1a: Goodra\n|-damage|p1a: Goodra|264\/288\n|\n|-heal|p2a: Magnezone|189\/243|[from] item: Leftovers\n|upkeep\n|turn|4\n|\n|t:|1636324873\n|switch|p2a: Gigalith|Gigalith, L84, F|280\/280\n|-weather|Sandstorm|[from] ability: Sand Stream|[of] p2a: Gigalith\n|move|p1a: Goodra|Draco Meteor|p2a: Gigalith\n|-damage|p2a: Gigalith|177\/280\n|-unboost|p1a: Goodra|spa|2\n|\n|-weather|Sandstorm|[upkeep]\n|-damage|p1a: Goodra|246\/288|[from] Sandstorm\n|-heal|p2a: Gigalith|194\/280|[from] item: Leftovers\n|upkeep\n|turn|5\n|\n|t:|1636324887\n|switch|p1a: Primarina|Primarina, L82, F|265\/265\n|move|p2a: Gigalith|Stealth Rock|p1a: Primarina\n|-sidestart|p1: BigWes95|move: Stealth Rock\n|\n|-weather|Sandstorm|[upkeep]\n|-damage|p1a: Primarina|249\/265|[from] Sandstorm\n|-heal|p2a: Gigalith|211\/280|[from] item: Leftovers\n|upkeep\n|turn|6\n|inactive|Aeeriee has 120 seconds left.\n|\n|t:|1636324925\n|switch|p2a: Latias|Latias, L80, F|259\/259\n|move|p1a: Primarina|Scald|p2a: Latias\n|-resisted|p2a: Latias\n|-damage|p2a: Latias|207\/259\n|\n|-weather|Sandstorm|[upkeep]\n|-damage|p2a: Latias|191\/259|[from] Sandstorm\n|-damage|p1a: Primarina|233\/265|[from] Sandstorm\n|upkeep\n|turn|7\n|\n|t:|1636324946\n|switch|p1a: Shiftry|Shiftry, L88, F|302\/302\n|-damage|p1a: Shiftry|265\/302|[from] Stealth Rock\n|detailschange|p2a: Latias|Latias-Mega, L80, F\n|-mega|p2a: Latias|Latias|Latiasite\n|move|p2a: Latias|Psyshock|p1a: Shiftry\n|-immune|p1a: Shiftry\n|\n|-weather|Sandstorm|[upkeep]\n|-damage|p2a: Latias|175\/259|[from] Sandstorm\n|-damage|p1a: Shiftry|247\/302|[from] Sandstorm\n|upkeep\n|turn|8\n|inactive|Aeeriee has 90 seconds left.\n|\n|t:|1636324964\n|switch|p2a: Heracross|Heracross, L84, M|272\/272\n|move|p1a: Shiftry|Knock Off|p2a: Heracross\n|-resisted|p2a: Heracross\n|-damage|p2a: Heracross|211\/272\n|-enditem|p2a: Heracross|Focus Sash|[from] move: Knock Off|[of] p1a: Shiftry\n|\n|-weather|none\n|upkeep\n|turn|9\n|inactive|Aeeriee has 90 seconds left.\n|\n|t:|1636324978\n|move|p1a: Shiftry|Sucker Punch|p2a: Heracross\n|-resisted|p2a: Heracross\n|-damage|p2a: Heracross|165\/272\n|move|p2a: Heracross|Megahorn|p1a: Shiftry\n|-supereffective|p1a: Shiftry\n|-damage|p1a: Shiftry|0 fnt\n|faint|p1a: Shiftry\n|-ability|p2a: Heracross|Moxie|boost\n|-boost|p2a: Heracross|atk|1\n|\n|upkeep\n|\n|t:|1636324983\n|switch|p1a: Meowstic|Meowstic-F, L88, F|274\/274\n|-damage|p1a: Meowstic|240\/274|[from] Stealth Rock\n|turn|10\n|inactive|Aeeriee has 90 seconds left.\n|\n|t:|1636325002\n|move|p1a: Meowstic|Psychic|p2a: Heracross\n|-supereffective|p2a: Heracross\n|-damage|p2a: Heracross|0 fnt\n|faint|p2a: Heracross\n|-damage|p1a: Meowstic|213\/274|[from] item: Life Orb\n|\n|upkeep\n|inactive|Aeeriee has 90 seconds left.\n|\n|t:|1636325022\n|switch|p2a: Magnezone|Magnezone, L80|189\/243\n|turn|11\n|\n|t:|1636325029\n|move|p1a: Meowstic|Psychic|p2a: Magnezone\n|-resisted|p2a: Magnezone\n|-damage|p2a: Magnezone|123\/243\n|-damage|p1a: Meowstic|186\/274|[from] item: Life Orb\n|move|p2a: Magnezone|Flash Cannon|p1a: Meowstic\n|-damage|p1a: Meowstic|81\/274\n|\n|-heal|p2a: Magnezone|138\/243|[from] item: Leftovers\n|upkeep\n|turn|12\n|inactive|Aeeriee has 90 seconds left.\n|\n|t:|1636325045\n|move|p1a: Meowstic|Psychic|p2a: Magnezone\n|-resisted|p2a: Magnezone\n|-damage|p2a: Magnezone|70\/243\n|-damage|p1a: Meowstic|54\/274|[from] item: Life Orb\n|move|p2a: Magnezone|Flash Cannon|p1a: Meowstic\n|-damage|p1a: Meowstic|0 fnt\n|faint|p1a: Meowstic\n|\n|-heal|p2a: Magnezone|85\/243|[from] item: Leftovers\n|upkeep\n|\n|t:|1636325057\n|switch|p1a: Venusaur|Venusaur, L82, F|265\/265\n|-damage|p1a: Venusaur|232\/265|[from] Stealth Rock\n|turn|13\n|inactive|Aeeriee has 90 seconds left.\n|\n|t:|1636325075\n|switch|p2a: Latias|Latias-Mega, L80, F|175\/259\n|detailschange|p1a: Venusaur|Venusaur-Mega, L82, F\n|-mega|p1a: Venusaur|Venusaur|Venusaurite\n|move|p1a: Venusaur|Hidden Power|p2a: Latias\n|-resisted|p2a: Latias\n|-damage|p2a: Latias|158\/259\n|\n|upkeep\n|turn|14\n|\n|t:|1636325089\n|move|p2a: Latias|Calm Mind|p2a: Latias\n|-boost|p2a: Latias|spa|1\n|-boost|p2a: Latias|spd|1\n|move|p1a: Venusaur|Sludge Bomb|p2a: Latias\n|-damage|p2a: Latias|106\/259\n|\n|upkeep\n|turn|15\n|\n|t:|1636325097\n|switch|p1a: Hoopa|Hoopa-Unbound, L82|265\/265\n|-damage|p1a: Hoopa|232\/265|[from] Stealth Rock\n|move|p2a: Latias|Psyshock|p1a: Hoopa\n|-immune|p1a: Hoopa\n|\n|-heal|p1a: Hoopa|248\/265|[from] item: Leftovers\n|upkeep\n|turn|16\n|inactive|Aeeriee has 90 seconds left.\n|\n|t:|1636325106\n|move|p2a: Latias|Draco Meteor|p1a: Hoopa\n|-crit|p1a: Hoopa\n|-damage|p1a: Hoopa|0 fnt\n|-unboost|p2a: Latias|spa|2\n|faint|p1a: Hoopa\n|\n|upkeep\n|\n|t:|1636325112\n|switch|p1a: Primarina|Primarina, L82, F|233\/265\n|-damage|p1a: Primarina|200\/265|[from] Stealth Rock\n|turn|17\n|inactive|Aeeriee has 90 seconds left.\n|\n|t:|1636325128\n|switch|p2a: Delibird|Delibird, F|251\/251\n|move|p1a: Primarina|Moonblast|p2a: Delibird\n|-damage|p2a: Delibird|19\/251\n|\n|-heal|p2a: Delibird|34\/251|[from] item: Leftovers\n|upkeep\n|turn|18\n|-message|BigWes95 forfeited.\n|\n|win|Aeeriee\n|raw|BigWes95's rating: 1668 &rarr; <strong>1650<\/strong><br \/>(-18 for losing)\n|raw|Aeeriee's rating: 1699 &rarr; <strong>1717<\/strong><br \/>(+18 for winning)\n|l|\u2606BigWes95\n","inputlog":">version c5726289c173b5b48aecb61034ff24a659b59277\n>start {\"formatid\":\"gen7randombattle\",\"seed\":[29712,52939,15482,58575],\"rated\":\"Rated battle\"}\n>player p1 {\"name\":\"BigWes95\",\"avatar\":\"170\",\"rating\":1668,\"seed\":[40895,60510,42230,10280]}\n>player p2 {\"name\":\"Aeeriee\",\"avatar\":\"266\",\"rating\":1699,\"seed\":[55748,59507,60448,51444]}\n>p1 switch 5\n>p2 move swordsdance\n>p1 move moonblast\n>p2 switch 4\n>p1 switch 4\n>p2 move thunderbolt\n>p1 move dracometeor\n>p2 switch 5\n>p1 switch 4\n>p2 move stealthrock\n>p1 move scald\n>p2 switch 3\n>p1 switch 5\n>p2 move psyshock mega\n>p1 move knockoff\n>p2 switch 4\n>p1 move suckerpunch\n>p2 move megahorn\n>p1 switch 6\n>p1 move psychic\n>p2 move knockoff\n>p2 switch 5\n>p1 move psychic\n>p2 move flashcannon\n>p1 move psychic\n>p2 move flashcannon\n>p1 switch 2\n>p1 move hiddenpower mega\n>p2 switch 4\n>p1 move sludgebomb\n>p2 move calmmind\n>p1 switch 3\n>p2 move psyshock\n>p1 move darkpulse\n>p2 move dracometeor\n>p1 switch 5\n>p1 move moonblast\n>p2 switch 6\n>forcelose p1","uploadtime":1636325145,"views":7,"p1id":"bigwes95","p2id":"aeeriee","formatid":"gen7randombattle","rating":1650,"private":0,"password":null}