{"id":"gen7ou-777277371","p1":"BigL91","p2":"TestSubject88","format":"gen7ou","log":"|j|\u2606BigL91\n|j|\u2606TestSubject88\n|player|p1|BigL91|135\n|player|p2|TestSubject88|113\n|teamsize|p1|6\n|teamsize|p2|6\n|gametype|singles\n|gen|7\n|tier|[Gen 7] OU\n|rated|\n|rule|Sleep Clause Mod: Limit one foe put to sleep\n|rule|Species Clause: Limit one of each Pok\u00e9mon\n|rule|OHKO Clause: OHKO moves are banned\n|rule|Moody Clause: Moody is banned\n|rule|Evasion Moves Clause: Evasion moves are banned\n|rule|Endless Battle Clause: Forcing endless battles is banned\n|rule|HP Percentage Mod: HP is shown in percentages\n|clearpoke\n|poke|p1|Weavile, F|item\n|poke|p1|Landorus-Therian, M|item\n|poke|p1|Charizard, F|item\n|poke|p1|Greninja, F|item\n|poke|p1|Magearna|item\n|poke|p1|Tapu Bulu|item\n|poke|p2|Ferrothorn, F|item\n|poke|p2|Landorus-Therian, M|item\n|poke|p2|Gengar, M|item\n|poke|p2|Lopunny, M|item\n|poke|p2|Toxapex, F|item\n|poke|p2|Latios, M|item\n|teampreview\n|j| GoldenRazzBerries\n|inactive|Battle timer is ON: inactive players will automatically lose when time's up. (requested by TestSubject88)\n|inactive|TestSubject88 has 135 seconds left.\n|\n|start\n|switch|p1a: Greninja|Greninja, F|100\/100\n|switch|p2a: Toxapex|Toxapex, F|100\/100\n|turn|1\n|\n|move|p1a: Greninja|Taunt|p2a: Toxapex\n|-start|p1a: Greninja|typechange|Dark|[from] Protean\n|-start|p2a: Toxapex|move: Taunt\n|move|p2a: Toxapex|Scald|p1a: Greninja\n|-damage|p1a: Greninja|73\/100\n|\n|upkeep\n|turn|2\n|inactive|BigL91 has 135 seconds left.\n|\n|move|p1a: Greninja|Spikes|p2a: Toxapex\n|-start|p1a: Greninja|typechange|Ground|[from] Protean\n|-sidestart|p2: TestSubject88|Spikes\n|move|p2a: Toxapex|Scald|p1a: Greninja\n|-supereffective|p1a: Greninja\n|-damage|p1a: Greninja|17\/100\n|\n|upkeep\n|turn|3\n|inactive|TestSubject88 has 135 seconds left.\n|\n|move|p1a: Greninja|Spikes|p2a: Toxapex\n|-sidestart|p2: TestSubject88|Spikes\n|move|p2a: Toxapex|Scald|p1a: Greninja\n|-supereffective|p1a: Greninja\n|-damage|p1a: Greninja|0 fnt\n|faint|p1a: Greninja\n|\n|-end|p2a: Toxapex|move: Taunt\n|upkeep\n|\n|switch|p1a: Tapu Bulu|Tapu Bulu|100\/100\n|-fieldstart|move: Grassy Terrain|[from] ability: Grassy Surge|[of] p1a: Tapu Bulu\n|turn|4\n|inactive|TestSubject88 has 135 seconds left.\n|\n|switch|p2a: Latios|Latios, M|100\/100\n|move|p1a: Tapu Bulu|Wood Hammer|p2a: Latios\n|-resisted|p2a: Latios\n|-damage|p2a: Latios|0 fnt\n|-damage|p1a: Tapu Bulu|65\/100|[from] Recoil\n|faint|p2a: Latios\n|\n|-heal|p1a: Tapu Bulu|71\/100|[from] Grassy Terrain\n|upkeep\n|\n|switch|p2a: Ferrothorn|Ferrothorn, F|100\/100\n|-damage|p2a: Ferrothorn|84\/100|[from] Spikes\n|turn|5\n|\n|switch|p1a: Charizard|Charizard, F|100\/100\n|move|p2a: Ferrothorn|Spikes|p1a: Charizard\n|-sidestart|p1: BigL91|Spikes\n|\n|-heal|p2a: Ferrothorn|90\/100|[from] item: Leftovers\n|-heal|p2a: Ferrothorn|97\/100|[from] Grassy Terrain\n|upkeep\n|turn|6\n|\n|switch|p1a: Landorus|Landorus-Therian, M|100\/100\n|-ability|p1a: Landorus|Intimidate|boost\n|-unboost|p2a: Ferrothorn|atk|1\n|switch|p2a: Toxapex|Toxapex, F|100\/100\n|-damage|p2a: Toxapex|84\/100|[from] Spikes\n|\n|-heal|p2a: Toxapex|90\/100|[from] item: Black Sludge\n|-heal|p2a: Toxapex|96\/100|[from] Grassy Terrain\n|upkeep\n|turn|7\n|\n|switch|p2a: Landorus|Landorus-Therian, M|100\/100\n|-ability|p2a: Landorus|Intimidate|boost\n|-unboost|p1a: Landorus|atk|1\n|move|p1a: Landorus|Stealth Rock|p2a: Landorus\n|-sidestart|p2: TestSubject88|move: Stealth Rock\n|\n|upkeep\n|turn|8\n|\n|switch|p1a: Charizard|Charizard, F|100\/100\n|move|p2a: Landorus|Stealth Rock|p1a: Charizard\n|-sidestart|p1: BigL91|move: Stealth Rock\n|\n|-fieldend|move: Grassy Terrain\n|upkeep\n|turn|9\n|\n|switch|p2a: Toxapex|Toxapex, F|100\/100\n|-damage|p2a: Toxapex|88\/100|[from] Stealth Rock\n|-damage|p2a: Toxapex|72\/100|[from] Spikes\n|detailschange|p1a: Charizard|Charizard-Mega-Y, F\n|-mega|p1a: Charizard|Charizard|Charizardite Y\n|-weather|SunnyDay|[from] ability: Drought|[of] p1a: Charizard\n|move|p1a: Charizard|Fire Blast|p2a: Toxapex\n|-resisted|p2a: Toxapex\n|-damage|p2a: Toxapex|41\/100\n|\n|-weather|SunnyDay|[upkeep]\n|-heal|p2a: Toxapex|47\/100|[from] item: Black Sludge\n|upkeep\n|turn|10\n|inactive|BigL91 has 135 seconds left.\n|\n|move|p1a: Charizard|Solar Beam|p2a: Toxapex|[still]\n|-prepare|p1a: Charizard|Solar Beam|p2a: Toxapex\n|-anim|p1a: Charizard|Solar Beam|p2a: Toxapex\n|-damage|p2a: Toxapex|15\/100\n|move|p2a: Toxapex|Recover|p2a: Toxapex\n|-heal|p2a: Toxapex|65\/100\n|\n|-weather|SunnyDay|[upkeep]\n|-heal|p2a: Toxapex|71\/100|[from] item: Black Sludge\n|upkeep\n|turn|11\n|\n|switch|p1a: Tapu Bulu|Tapu Bulu|71\/100\n|-damage|p1a: Tapu Bulu|59\/100|[from] Stealth Rock\n|-damage|p1a: Tapu Bulu|46\/100|[from] Spikes\n|-fieldstart|move: Grassy Terrain|[from] ability: Grassy Surge|[of] p1a: Tapu Bulu\n|move|p2a: Toxapex|Toxic|p1a: Tapu Bulu\n|-status|p1a: Tapu Bulu|tox\n|\n|-weather|SunnyDay|[upkeep]\n|-heal|p1a: Tapu Bulu|52\/100 tox|[from] Grassy Terrain\n|-heal|p2a: Toxapex|77\/100|[from] item: Black Sludge\n|-heal|p2a: Toxapex|83\/100|[from] Grassy Terrain\n|-damage|p1a: Tapu Bulu|46\/100 tox|[from] psn\n|upkeep\n|turn|12\n|l| GoldenRazzBerries\n|inactive|BigL91 has 135 seconds left.\n|inactive|TestSubject88 has 135 seconds left.\n|\n|switch|p2a: Landorus|Landorus-Therian, M|100\/100\n|-damage|p2a: Landorus|88\/100|[from] Stealth Rock\n|-ability|p2a: Landorus|Intimidate|boost\n|-unboost|p1a: Tapu Bulu|atk|1\n|move|p1a: Tapu Bulu|Superpower|p2a: Landorus\n|-resisted|p2a: Landorus\n|-damage|p2a: Landorus|74\/100\n|-unboost|p1a: Tapu Bulu|atk|1\n|-unboost|p1a: Tapu Bulu|def|1\n|\n|-weather|SunnyDay|[upkeep]\n|-heal|p1a: Tapu Bulu|52\/100 tox|[from] Grassy Terrain\n|-heal|p2a: Landorus|80\/100|[from] item: Leftovers\n|-damage|p1a: Tapu Bulu|40\/100 tox|[from] psn\n|upkeep\n|turn|13\n|inactive|BigL91 has 135 seconds left.\n|\n|switch|p1a: Landorus|Landorus-Therian, M|100\/100\n|-damage|p1a: Landorus|88\/100|[from] Stealth Rock\n|-ability|p1a: Landorus|Intimidate|boost\n|-unboost|p2a: Landorus|atk|1\n|move|p2a: Landorus|U-turn|p1a: Landorus\n|-resisted|p1a: Landorus\n|-damage|p1a: Landorus|80\/100\n|\n|switch|p2a: Ferrothorn|Ferrothorn, F|97\/100\n|-damage|p2a: Ferrothorn|80\/100|[from] Spikes\n|-damage|p2a: Ferrothorn|74\/100|[from] Stealth Rock\n|\n|-weather|none\n|-heal|p2a: Ferrothorn|80\/100|[from] item: Leftovers\n|-heal|p2a: Ferrothorn|86\/100|[from] Grassy Terrain\n|upkeep\n|turn|14\n|inactive|TestSubject88 has 135 seconds left.\n|\n|move|p1a: Landorus|U-turn|p2a: Ferrothorn\n|-damage|p2a: Ferrothorn|68\/100\n|-damage|p1a: Landorus|68\/100|[from] ability: Iron Barbs|[of] p2a: Ferrothorn\n|\n|switch|p1a: Tapu Bulu|Tapu Bulu|40\/100 tox\n|-damage|p1a: Tapu Bulu|28\/100 tox|[from] Spikes\n|-damage|p1a: Tapu Bulu|15\/100 tox|[from] Stealth Rock\n|move|p2a: Ferrothorn|Spikes|p1a: Tapu Bulu\n|-sidestart|p1: BigL91|Spikes\n|\n|-heal|p1a: Tapu Bulu|21\/100 tox|[from] Grassy Terrain\n|-heal|p2a: Ferrothorn|74\/100|[from] item: Leftovers\n|-heal|p2a: Ferrothorn|81\/100|[from] Grassy Terrain\n|-damage|p1a: Tapu Bulu|15\/100 tox|[from] psn\n|upkeep\n|turn|15\n|\n|move|p1a: Tapu Bulu|Horn Leech|p2a: Ferrothorn\n|-resisted|p2a: Ferrothorn\n|-damage|p2a: Ferrothorn|64\/100\n|-heal|p1a: Tapu Bulu|26\/100 tox|[from] drain|[of] p2a: Ferrothorn\n|-damage|p1a: Tapu Bulu|14\/100 tox|[from] ability: Iron Barbs|[of] p2a: Ferrothorn\n|move|p2a: Ferrothorn|Spikes|p1a: Tapu Bulu\n|-sidestart|p1: BigL91|Spikes\n|\n|-heal|p1a: Tapu Bulu|20\/100 tox|[from] Grassy Terrain\n|-heal|p2a: Ferrothorn|70\/100|[from] item: Leftovers\n|-heal|p2a: Ferrothorn|76\/100|[from] Grassy Terrain\n|-fieldend|move: Grassy Terrain\n|-damage|p1a: Tapu Bulu|8\/100 tox|[from] psn\n|upkeep\n|turn|16\n|\n|move|p1a: Tapu Bulu|Horn Leech|p2a: Ferrothorn\n|-resisted|p2a: Ferrothorn\n|-damage|p2a: Ferrothorn|65\/100\n|-heal|p1a: Tapu Bulu|15\/100 tox|[from] drain|[of] p2a: Ferrothorn\n|-damage|p1a: Tapu Bulu|2\/100 tox|[from] ability: Iron Barbs|[of] p2a: Ferrothorn\n|move|p2a: Ferrothorn|Knock Off|p1a: Tapu Bulu\n|-resisted|p1a: Tapu Bulu\n|-damage|p1a: Tapu Bulu|0 fnt\n|-enditem|p1a: Tapu Bulu|Choice Band|[from] move: Knock Off|[of] p2a: Ferrothorn\n|faint|p1a: Tapu Bulu\n|\n|-heal|p2a: Ferrothorn|71\/100|[from] item: Leftovers\n|upkeep\n|inactive|BigL91 has 135 seconds left.\n|\n|switch|p1a: Weavile|Weavile, F|100\/100\n|-damage|p1a: Weavile|76\/100|[from] Spikes\n|-damage|p1a: Weavile|51\/100|[from] Stealth Rock\n|-ability|p1a: Weavile|Pressure\n|turn|17\n|inactive|TestSubject88 has 135 seconds left.\n|inactive|TestSubject88 has 120 seconds left.\n|\n|move|p1a: Weavile|Swords Dance|p1a: Weavile\n|-boost|p1a: Weavile|atk|2\n|move|p2a: Ferrothorn|Power Whip|p1a: Weavile\n|-damage|p1a: Weavile|0 fnt\n|faint|p1a: Weavile\n|\n|-heal|p2a: Ferrothorn|77\/100|[from] item: Leftovers\n|upkeep\n|inactive|BigL91 has 135 seconds left.\n|inactive|BigL91 has 120 seconds left.\n|inactive|BigL91 has 105 seconds left.\n|\n|switch|p1a: Charizard|Charizard-Mega-Y, F|100\/100\n|-damage|p1a: Charizard|51\/100|[from] Stealth Rock\n|-weather|SunnyDay|[from] ability: Drought|[of] p1a: Charizard\n|turn|18\n|inactive|TestSubject88 has 135 seconds left.\n|inactive|TestSubject88 has 120 seconds left.\n|\n|switch|p2a: Toxapex|Toxapex, F|100\/100\n|-damage|p2a: Toxapex|88\/100|[from] Stealth Rock\n|-damage|p2a: Toxapex|72\/100|[from] Spikes\n|move|p1a: Charizard|Fire Blast|p2a: Toxapex|[miss]\n|-miss|p1a: Charizard|p2a: Toxapex\n|\n|-weather|SunnyDay|[upkeep]\n|-heal|p2a: Toxapex|78\/100|[from] item: Black Sludge\n|upkeep\n|turn|19\n|inactive|BigL91 has 135 seconds left.\n|-message|BigL91 forfeited.\n|\n|win|TestSubject88\n|l|\u2606BigL91\n|raw|BigL91's rating: 1650 &rarr; <strong>1629<\/strong><br \/>(-21 for losing)\n|raw|TestSubject88's rating: 1619 &rarr; <strong>1641<\/strong><br \/>(+22 for winning)\n","inputlog":null,"uploadtime":1531865759,"views":6,"p1id":"bigl91","p2id":"testsubject88","formatid":"gen7ou","rating":1629,"private":0,"password":null}