{"id":"gen7ou-555218423","p1":"3Cupsoftea","p2":"Gotham Paladin","format":"gen7ou","log":"|j|3Cupsoftea\n|j|Gotham Paladin\n|player|p1|3Cupsoftea|164\n|player|p2|Gotham Paladin|283\n|gametype|singles\n|gen|7\n|tier|[Gen 7] OU\n|seed|2145,1594,47952,32882\n|clearpoke\n|poke|p1|Sandslash-Alola, M|item\n|poke|p1|Abomasnow, F|item\n|poke|p1|Toxapex, F|item\n|poke|p1|Landorus-Therian, M|item\n|poke|p1|Bronzong|item\n|poke|p1|Hoopa-Unbound|item\n|poke|p2|Volcarona, F|item\n|poke|p2|Dugtrio, M|item\n|poke|p2|Scizor, M|item\n|poke|p2|Landorus-Therian, M|item\n|poke|p2|Magearna|item\n|poke|p2|Kyurem-Black|item\n|rule|Baton Pass Clause: Limit one Baton Passer, can't pass Spe and other stats simultaneously\n|rule|Sleep Clause Mod: Limit one foe put to sleep\n|rule|Species Clause: Limit one of each Pok\u00e9mon\n|rule|OHKO Clause: OHKO moves are banned\n|rule|Moody Clause: Moody is banned\n|rule|Evasion Moves Clause: Evasion moves are banned\n|rule|Endless Battle Clause: Forcing endless battles is banned\n|rule|HP Percentage Mod: HP is shown in percentages\n|teampreview\n|c|\u2606Gotham Paladin|hf dude\n|c|\u26063Cupsoftea|u2\n|c|\u26063Cupsoftea|:)\n|c|\u26063Cupsoftea|Always love these matchups\n|choice|team 4, team 2, team 3, team 1, team 5, team 6|team 6, team 2, team 3, team 4, team 5, team 1\n|\n|start\n|switch|p1a: Landorus|Landorus-Therian, M|319\/319\n|switch|p2a: Kyurem|Kyurem-Black|392\/392\n|-ability|p1a: Landorus|Intimidate|boost\n|-unboost|p2a: Kyurem|atk|1\n|-ability|p2a: Kyurem|Teravolt\n|turn|1\n|c|\u26063Cupsoftea|lel\n|choice|move uturn|move icebeam\n|\n|move|p1a: Landorus|U-turn|p2a: Kyurem\n|-crit|p2a: Kyurem\n|-damage|p2a: Kyurem|241\/392\n|choice|switch 3|\n|\n|switch|p1a: Toxapex|Toxapex, F|301\/301\n|move|p2a: Kyurem|Ice Beam|p1a: Toxapex\n|-resisted|p1a: Toxapex\n|-damage|p1a: Toxapex|257\/301\n|\n|-heal|p1a: Toxapex|275\/301|[from] item: Black Sludge\n|upkeep\n|turn|2\n|choice|switch 3|move earthpower\n|\n|switch|p1a: Landorus|Landorus-Therian, M|319\/319\n|-ability|p1a: Landorus|Intimidate|boost\n|-unboost|p2a: Kyurem|atk|1\n|move|p2a: Kyurem|Earth Power|p1a: Landorus\n|-immune|p1a: Landorus|[msg]\n|\n|upkeep\n|turn|3\n|choice|move uturn|switch 4\n|\n|switch|p2a: Landorus|Landorus-Therian, M|382\/382\n|-ability|p2a: Landorus|Intimidate|boost\n|-unboost|p1a: Landorus|atk|1\n|move|p1a: Landorus|U-turn|p2a: Landorus\n|-resisted|p2a: Landorus\n|-damage|p2a: Landorus|359\/382\n|-damage|p1a: Landorus|266\/319|[from] item: Rocky Helmet|[of] p2a: Landorus\n|choice|switch 2|\n|\n|switch|p1a: Abomasnow|Abomasnow, F|361\/361\n|-weather|Hail|[from] ability: Snow Warning|[of] p1a: Abomasnow\n|\n|-weather|Hail|[upkeep]\n|-damage|p2a: Landorus|336\/382|[from] hail\n|upkeep\n|turn|4\n|choice|switch 5|switch 5\n|\n|switch|p2a: Magearna|Magearna|364\/364\n|switch|p1a: Bronzong|Bronzong|337\/337\n|\n|-weather|Hail|[upkeep]\n|-damage|p2a: Magearna|342\/364|[from] hail\n|-damage|p1a: Bronzong|316\/337|[from] hail\n|-heal|p1a: Bronzong|337\/337|[from] item: Leftovers\n|upkeep\n|turn|5\n|choice|move stealthrock|move hiddenpower\n|\n|move|p2a: Magearna|Hidden Power|p1a: Bronzong\n|-supereffective|p1a: Bronzong\n|-damage|p1a: Bronzong|223\/337\n|move|p1a: Bronzong|Stealth Rock|p2a: Magearna\n|-sidestart|p2: Gotham Paladin|move: Stealth Rock\n|\n|-weather|Hail|[upkeep]\n|-damage|p2a: Magearna|320\/364|[from] hail\n|-damage|p1a: Bronzong|202\/337|[from] hail\n|-heal|p1a: Bronzong|223\/337|[from] item: Leftovers\n|upkeep\n|turn|6\n|choice|switch 2|move voltswitch\n|\n|switch|p1a: Landorus|Landorus-Therian, M|266\/319\n|-ability|p1a: Landorus|Intimidate|boost\n|-unboost|p2a: Magearna|atk|1\n|move|p2a: Magearna|Volt Switch|p1a: Landorus\n|-immune|p1a: Landorus|[msg]\n|\n|-weather|Hail|[upkeep]\n|-damage|p1a: Landorus|247\/319|[from] hail\n|-damage|p2a: Magearna|298\/364|[from] hail\n|upkeep\n|turn|7\n|choice|move uturn|switch 5\n|\n|switch|p2a: Landorus|Landorus-Therian, M|336\/382\n|-damage|p2a: Landorus|289\/382|[from] Stealth Rock\n|-ability|p2a: Landorus|Intimidate|boost\n|-unboost|p1a: Landorus|atk|1\n|move|p1a: Landorus|U-turn|p2a: Landorus\n|-resisted|p2a: Landorus\n|-damage|p2a: Landorus|265\/382\n|-damage|p1a: Landorus|194\/319|[from] item: Rocky Helmet|[of] p2a: Landorus\n|choice|switch 4|\n|\n|switch|p1a: Sandslash|Sandslash-Alola, M|291\/291\n|\n|-weather|Hail|[upkeep]\n|-damage|p2a: Landorus|242\/382|[from] hail\n|upkeep\n|turn|8\n|choice|move swordsdance|switch 3\n|\n|switch|p2a: Scizor|Scizor, M|343\/343\n|-damage|p2a: Scizor|301\/343|[from] Stealth Rock\n|move|p1a: Sandslash|Swords Dance|p1a: Sandslash\n|-boost|p1a: Sandslash|atk|2\n|\n|-weather|Hail|[upkeep]\n|-damage|p2a: Scizor|280\/343|[from] hail\n|upkeep\n|turn|9\n|choice|move earthquake|move bulletpunch mega\n|\n|detailschange|p2a: Scizor|Scizor-Mega, M\n|-mega|p2a: Scizor|Scizor|Scizorite\n|move|p2a: Scizor|Bullet Punch|p1a: Sandslash\n|-damage|p1a: Sandslash|201\/291\n|move|p1a: Sandslash|Earthquake|p2a: Scizor\n|-damage|p2a: Scizor|133\/343\n|\n|-weather|Hail|[upkeep]\n|-damage|p2a: Scizor|112\/343|[from] hail\n|upkeep\n|turn|10\n|choice|move iciclecrash zmove|move bulletpunch\n|\n|move|p2a: Scizor|Bullet Punch|p1a: Sandslash\n|-damage|p1a: Sandslash|111\/291\n|-zpower|p1a: Sandslash\n|move|p1a: Sandslash|Subzero Slammer|p2a: Scizor|[zeffect]\n|-resisted|p2a: Scizor\n|-damage|p2a: Scizor|0 fnt\n|faint|p2a: Scizor\n|\n|-weather|none\n|upkeep\n|choice||switch 2\n|\n|switch|p2a: Dugtrio|Dugtrio, M|211\/211\n|-damage|p2a: Dugtrio|198\/211|[from] Stealth Rock\n|turn|11\n|choice|move iciclecrash|move earthquake\n|\n|move|p2a: Dugtrio|Earthquake|p1a: Sandslash\n|-supereffective|p1a: Sandslash\n|-damage|p1a: Sandslash|0 fnt\n|faint|p1a: Sandslash\n|\n|upkeep\n|choice|switch 4|\n|\n|switch|p1a: Landorus|Landorus-Therian, M|194\/319\n|-ability|p1a: Landorus|Intimidate|boost\n|-unboost|p2a: Dugtrio|atk|1\n|turn|12\n|choice|move uturn|switch 3\n|\n|switch|p2a: Landorus|Landorus-Therian, M|242\/382\n|-damage|p2a: Landorus|195\/382|[from] Stealth Rock\n|-ability|p2a: Landorus|Intimidate|boost\n|-unboost|p1a: Landorus|atk|1\n|move|p1a: Landorus|U-turn|p2a: Landorus\n|-resisted|p2a: Landorus\n|-damage|p2a: Landorus|169\/382\n|-damage|p1a: Landorus|141\/319|[from] item: Rocky Helmet|[of] p2a: Landorus\n|choice|switch 6|\n|\n|switch|p1a: Hoopa|Hoopa-Unbound|301\/301\n|\n|upkeep\n|turn|13\n|choice|move hyperspacefury|switch 5\n|\n|switch|p2a: Magearna|Magearna|298\/364\n|-damage|p2a: Magearna|276\/364|[from] Stealth Rock\n|move|p1a: Hoopa|Hyperspace Fury|p2a: Magearna\n|-resisted|p2a: Magearna\n|-damage|p2a: Magearna|129\/364\n|-unboost|p1a: Hoopa|def|1\n|\n|upkeep\n|turn|14\n|choice|move hyperspacefury|move fleurcannon\n|\n|move|p1a: Hoopa|Hyperspace Fury|p2a: Magearna\n|-resisted|p2a: Magearna\n|-damage|p2a: Magearna|0 fnt\n|-unboost|p1a: Hoopa|def|1\n|faint|p2a: Magearna\n|\n|upkeep\n|choice||switch 3\n|\n|switch|p2a: Dugtrio|Dugtrio, M|198\/211\n|-damage|p2a: Dugtrio|185\/211|[from] Stealth Rock\n|turn|15\n|choice|move hyperspacefury|move earthquake\n|\n|move|p2a: Dugtrio|Earthquake|p1a: Hoopa\n|-damage|p1a: Hoopa|0 fnt\n|faint|p1a: Hoopa\n|\n|upkeep\n|choice|switch 6|\n|\n|switch|p1a: Landorus|Landorus-Therian, M|141\/319\n|-ability|p1a: Landorus|Intimidate|boost\n|-unboost|p2a: Dugtrio|atk|1\n|turn|16\n|choice|move uturn|switch 6\n|\n|switch|p2a: Volcarona|Volcarona, F|371\/371\n|-damage|p2a: Volcarona|186\/371|[from] Stealth Rock\n|move|p1a: Landorus|U-turn|p2a: Volcarona\n|-resisted|p2a: Volcarona\n|-damage|p2a: Volcarona|138\/371\n|choice|switch 3|\n|\n|switch|p1a: Toxapex|Toxapex, F|301\/301\n|\n|-heal|p2a: Volcarona|161\/371|[from] item: Leftovers\n|upkeep\n|turn|17\n|choice|move toxic|move roost\n|\n|move|p2a: Volcarona|Roost|p2a: Volcarona\n|-heal|p2a: Volcarona|347\/371\n|move|p1a: Toxapex|Toxic|p2a: Volcarona\n|-status|p2a: Volcarona|tox\n|\n|-heal|p2a: Volcarona|370\/371 tox|[from] item: Leftovers\n|-damage|p2a: Volcarona|347\/371 tox|[from] psn\n|upkeep\n|turn|18\n|choice|move scald|move quiverdance\n|\n|move|p2a: Volcarona|Quiver Dance|p2a: Volcarona\n|-boost|p2a: Volcarona|spa|1\n|-boost|p2a: Volcarona|spd|1\n|-boost|p2a: Volcarona|spe|1\n|move|p1a: Toxapex|Scald|p2a: Volcarona\n|-supereffective|p2a: Volcarona\n|-damage|p2a: Volcarona|269\/371 tox\n|\n|-heal|p2a: Volcarona|292\/371 tox|[from] item: Leftovers\n|-damage|p2a: Volcarona|246\/371 tox|[from] psn\n|upkeep\n|turn|19\n|choice|move scald|switch 4\n|\n|switch|p2a: Kyurem|Kyurem-Black|241\/392\n|-damage|p2a: Kyurem|143\/392|[from] Stealth Rock\n|-ability|p2a: Kyurem|Teravolt\n|move|p1a: Toxapex|Scald|p2a: Kyurem\n|-resisted|p2a: Kyurem\n|-damage|p2a: Kyurem|112\/392\n|\n|upkeep\n|turn|20\n|choice|move toxic|move freezeshock zmove\n|\n|-zpower|p2a: Kyurem\n|move|p2a: Kyurem|Subzero Slammer|p1a: Toxapex|[zeffect]\n|-resisted|p1a: Toxapex\n|-damage|p1a: Toxapex|190\/301\n|move|p1a: Toxapex|Toxic|p2a: Kyurem\n|-status|p2a: Kyurem|tox\n|\n|-heal|p1a: Toxapex|208\/301|[from] item: Black Sludge\n|-damage|p2a: Kyurem|88\/392 tox|[from] psn\n|upkeep\n|turn|21\n|j|Adam the First\n|choice|switch 2|move earthpower\n|\n|switch|p1a: Bronzong|Bronzong|223\/337\n|move|p2a: Kyurem|Earth Power|p1a: Bronzong\n|-supereffective|p1a: Bronzong\n|-crit|p1a: Bronzong\n|-damage|p1a: Bronzong|0 fnt\n|faint|p1a: Bronzong\n|\n|-damage|p2a: Kyurem|40\/392 tox|[from] psn\n|upkeep\n|choice|switch 3|\n|\n|switch|p1a: Landorus|Landorus-Therian, M|141\/319\n|-ability|p1a: Landorus|Intimidate|boost\n|-unboost|p2a: Kyurem|atk|1\n|turn|22\n|choice|move uturn|switch 4\n|\n|switch|p2a: Volcarona|Volcarona, F|246\/371 tox\n|-damage|p2a: Volcarona|61\/371 tox|[from] Stealth Rock\n|move|p1a: Landorus|U-turn|p2a: Volcarona\n|-resisted|p2a: Volcarona\n|-damage|p2a: Volcarona|11\/371 tox\n|choice|switch 5|\n|\n|switch|p1a: Abomasnow|Abomasnow, F|361\/361\n|-weather|Hail|[from] ability: Snow Warning|[of] p1a: Abomasnow\n|\n|-weather|Hail|[upkeep]\n|-damage|p2a: Volcarona|0 fnt|[from] hail\n|upkeep\n|faint|p2a: Volcarona\n|choice||switch 5\n|\n|switch|p2a: Landorus|Landorus-Therian, M|169\/382\n|-damage|p2a: Landorus|122\/382|[from] Stealth Rock\n|-ability|p2a: Landorus|Intimidate|boost\n|-unboost|p1a: Abomasnow|atk|1\n|turn|23\n|j|GreninjaWarrior21\n|choice|move iceshard|move rockslide\n|\n|move|p1a: Abomasnow|Ice Shard|p2a: Landorus\n|-supereffective|p2a: Landorus\n|-damage|p2a: Landorus|26\/382\n|move|p2a: Landorus|Rock Slide|p1a: Abomasnow\n|-supereffective|p1a: Abomasnow\n|-damage|p1a: Abomasnow|149\/361\n|\n|-weather|Hail|[upkeep]\n|-damage|p2a: Landorus|3\/382|[from] hail\n|upkeep\n|turn|24\n|choice|move iceshard|move rockslide\n|\n|move|p1a: Abomasnow|Ice Shard|p2a: Landorus\n|-supereffective|p2a: Landorus\n|-damage|p2a: Landorus|0 fnt\n|faint|p2a: Landorus\n|\n|-weather|Hail|[upkeep]\n|upkeep\n|choice||switch 6\n|\n|switch|p2a: Dugtrio|Dugtrio, M|185\/211\n|-damage|p2a: Dugtrio|172\/211|[from] Stealth Rock\n|turn|25\n|choice|move iceshard|move rockslide\n|\n|move|p1a: Abomasnow|Ice Shard|p2a: Dugtrio\n|-supereffective|p2a: Dugtrio\n|-damage|p2a: Dugtrio|74\/211\n|move|p2a: Dugtrio|Rock Slide|p1a: Abomasnow\n|-supereffective|p1a: Abomasnow\n|-damage|p1a: Abomasnow|0 fnt\n|faint|p1a: Abomasnow\n|\n|-weather|Hail|[upkeep]\n|-damage|p2a: Dugtrio|61\/211|[from] hail\n|upkeep\n|choice|switch 5|\n|\n|switch|p1a: Landorus|Landorus-Therian, M|141\/319\n|-ability|p1a: Landorus|Intimidate|boost\n|-unboost|p2a: Dugtrio|atk|1\n|turn|26\n|choice|switch 2|move rockslide\n|\n|switch|p1a: Toxapex|Toxapex, F|301\/301\n|move|p2a: Dugtrio|Rock Slide|p1a: Toxapex\n|-damage|p1a: Toxapex|267\/301\n|\n|-weather|Hail|[upkeep]\n|-damage|p2a: Dugtrio|48\/211|[from] hail\n|-damage|p1a: Toxapex|249\/301|[from] hail\n|-heal|p1a: Toxapex|267\/301|[from] item: Black Sludge\n|upkeep\n|turn|27\n|choice|move recover|move rockslide\n|\n|move|p2a: Dugtrio|Rock Slide|p1a: Toxapex\n|-damage|p1a: Toxapex|232\/301\n|move|p1a: Toxapex|Recover|p1a: Toxapex\n|-heal|p1a: Toxapex|301\/301\n|\n|-weather|Hail|[upkeep]\n|-damage|p2a: Dugtrio|35\/211|[from] hail\n|-damage|p1a: Toxapex|283\/301|[from] hail\n|-heal|p1a: Toxapex|301\/301|[from] item: Black Sludge\n|upkeep\n|turn|28\n|choice|move scald|move rockslide\n|\n|move|p2a: Dugtrio|Rock Slide|p1a: Toxapex\n|-crit|p1a: Toxapex\n|-damage|p1a: Toxapex|229\/301\n|cant|p1a: Toxapex|flinch\n|\n|-weather|Hail|[upkeep]\n|-damage|p2a: Dugtrio|22\/211|[from] hail\n|-damage|p1a: Toxapex|211\/301|[from] hail\n|-heal|p1a: Toxapex|229\/301|[from] item: Black Sludge\n|upkeep\n|turn|29\n|choice|move scald|move rockslide\n|\n|move|p2a: Dugtrio|Rock Slide|p1a: Toxapex\n|-damage|p1a: Toxapex|199\/301\n|cant|p1a: Toxapex|flinch\n|\n|-weather|none\n|-heal|p1a: Toxapex|217\/301|[from] item: Black Sludge\n|upkeep\n|turn|30\n|choice|move recover|move rockslide\n|\n|move|p2a: Dugtrio|Rock Slide|p1a: Toxapex\n|-damage|p1a: Toxapex|182\/301\n|move|p1a: Toxapex|Recover|p1a: Toxapex\n|-heal|p1a: Toxapex|301\/301\n|\n|upkeep\n|turn|31\n|choice|move scald|move rockslide\n|\n|move|p2a: Dugtrio|Rock Slide|p1a: Toxapex\n|-damage|p1a: Toxapex|271\/301\n|move|p1a: Toxapex|Scald|p2a: Dugtrio\n|-supereffective|p2a: Dugtrio\n|-damage|p2a: Dugtrio|0 fnt\n|faint|p2a: Dugtrio\n|\n|-heal|p1a: Toxapex|289\/301|[from] item: Black Sludge\n|upkeep\n|c|\u26063Cupsoftea|gg\n|c|\u2606Gotham Paladin|gg\n|choice||switch 4\n|\n|switch|p2a: Kyurem|Kyurem-Black|40\/392 tox\n|-damage|p2a: Kyurem|0 fnt|[from] Stealth Rock\n|faint|p2a: Kyurem\n|\n|win|3Cupsoftea\n|l|GreninjaWarrior21","inputlog":null,"uploadtime":1490980843,"views":1,"p1id":"3cupsoftea","p2id":"gothampaladin","formatid":"gen7ou","rating":0,"private":0,"password":null}