{"id":"gen7ou-919452588","p1":"JoeyOwesMeMoney","p2":"STALLER ALERT","format":"gen7ou","log":"|j|\u2606JoeyOwesMeMoney\n|j|\u2606STALLER ALERT\n|player|p1|JoeyOwesMeMoney|1\n|player|p2|STALLER ALERT|76\n|teamsize|p1|6\n|teamsize|p2|6\n|gametype|singles\n|gen|7\n|tier|[Gen 7] OU\n|rated|\n|rule|Sleep Clause Mod: Limit one foe put to sleep\n|rule|Species Clause: Limit one of each Pok\u00e9mon\n|rule|OHKO Clause: OHKO moves are banned\n|rule|Moody Clause: Moody is banned\n|rule|Evasion Moves Clause: Evasion moves are banned\n|rule|Endless Battle Clause: Forcing endless battles is banned\n|rule|HP Percentage Mod: HP is shown in percentages\n|clearpoke\n|poke|p1|Skarmory, M|item\n|poke|p1|Chansey, F|item\n|poke|p1|Magnezone|item\n|poke|p1|Toxapex, M|item\n|poke|p1|Clefable, F|item\n|poke|p1|Sableye, F|item\n|poke|p2|Shedinja|item\n|poke|p2|Chansey, F|item\n|poke|p2|Zapdos|item\n|poke|p2|Gliscor, F|item\n|poke|p2|Sableye, F|item\n|poke|p2|Pyukumuku, M|item\n|teampreview\n|inactive|Battle timer is ON: inactive players will automatically lose when time's up. (requested by STALLER ALERT)\n|\n|start\n|switch|p1a: Sableye|Sableye, F|303\/303\n|switch|p2a: Sableye|Sableye, F, shiny|303\/303\n|turn|1\n|\n|detailschange|p2a: Sableye|Sableye-Mega, F, shiny\n|-mega|p2a: Sableye|Sableye|Sablenite\n|move|p1a: Sableye|Protect|p1a: Sableye\n|-singleturn|p1a: Sableye|Protect\n|move|p2a: Sableye|Foul Play|p1a: Sableye\n|-activate|p1a: Sableye|move: Protect\n|\n|upkeep\n|turn|2\n|\n|detailschange|p1a: Sableye|Sableye-Mega, F\n|-mega|p1a: Sableye|Sableye|Sablenite\n|move|p1a: Sableye|Knock Off|p2a: Sableye\n|-damage|p2a: Sableye|246\/303\n|move|p2a: Sableye|Knock Off|p1a: Sableye\n|-damage|p1a: Sableye|251\/303\n|\n|upkeep\n|turn|3\n|\n|move|p1a: Sableye|Protect|p1a: Sableye\n|-singleturn|p1a: Sableye|Protect\n|move|p2a: Sableye|Foul Play|p1a: Sableye\n|-activate|p1a: Sableye|move: Protect\n|\n|upkeep\n|turn|4\n|\n|move|p1a: Sableye|Knock Off|p2a: Sableye\n|-damage|p2a: Sableye|192\/303\n|move|p2a: Sableye|Knock Off|p1a: Sableye\n|-damage|p1a: Sableye|205\/303\n|\n|upkeep\n|turn|5\n|\n|move|p1a: Sableye|Protect|p1a: Sableye\n|-singleturn|p1a: Sableye|Protect\n|move|p2a: Sableye|Foul Play|p1a: Sableye\n|-activate|p1a: Sableye|move: Protect\n|\n|upkeep\n|turn|6\n|\n|move|p1a: Sableye|Knock Off|p2a: Sableye\n|-damage|p2a: Sableye|137\/303\n|move|p2a: Sableye|Foul Play|p1a: Sableye\n|-damage|p1a: Sableye|121\/303\n|\n|upkeep\n|turn|7\n|\n|move|p1a: Sableye|Recover|p1a: Sableye\n|-heal|p1a: Sableye|273\/303\n|move|p2a: Sableye|Recover|p2a: Sableye\n|-heal|p2a: Sableye|289\/303\n|\n|upkeep\n|turn|8\n|\n|switch|p1a: Toxapex|Toxapex, M|303\/303\n|move|p2a: Sableye|Knock Off|p1a: Toxapex\n|-damage|p1a: Toxapex|257\/303\n|-enditem|p1a: Toxapex|Black Sludge|[from] move: Knock Off|[of] p2a: Sableye\n|\n|upkeep\n|turn|9\n|\n|move|p2a: Sableye|Protect|p2a: Sableye\n|-singleturn|p2a: Sableye|Protect\n|move|p1a: Toxapex|Scald|p2a: Sableye\n|-activate|p2a: Sableye|move: Protect\n|\n|upkeep\n|turn|10\n|\n|switch|p2a: Zapdos|Zapdos, shiny|384\/384\n|-ability|p2a: Zapdos|Pressure\n|move|p1a: Toxapex|Toxic Spikes|p2a: Zapdos\n|-sidestart|p2: STALLER ALERT|move: Toxic Spikes\n|\n|upkeep\n|turn|11\n|\n|switch|p1a: Sableye|Sableye-Mega, F|273\/303\n|move|p2a: Zapdos|Defog|p1a: Sableye\n|move|p1a: Sableye|Defog|p2a: Zapdos|[from]Magic Bounce\n|-unboost|p2a: Zapdos|evasion|1\n|-sideend|p2: STALLER ALERT|Toxic Spikes|[from] move: Defog|[of] p1a: Sableye\n|\n|upkeep\n|turn|12\n|\n|switch|p2a: Sableye|Sableye-Mega, F, shiny|289\/303\n|move|p1a: Sableye|Knock Off|p2a: Sableye\n|-damage|p2a: Sableye|229\/303\n|\n|upkeep\n|turn|13\n|\n|switch|p1a: Toxapex|Toxapex, M|303\/303\n|move|p2a: Sableye|Knock Off|p1a: Toxapex\n|-damage|p1a: Toxapex|270\/303\n|\n|upkeep\n|turn|14\n|\n|switch|p1a: Sableye|Sableye-Mega, F|273\/303\n|move|p2a: Sableye|Protect||[still]\n|-fail|p2a: Sableye\n|\n|upkeep\n|turn|15\n|\n|switch|p1a: Toxapex|Toxapex, M|303\/303\n|move|p2a: Sableye|Foul Play|p1a: Toxapex\n|-damage|p1a: Toxapex|270\/303\n|\n|upkeep\n|turn|16\n|\n|switch|p1a: Sableye|Sableye-Mega, F|273\/303\n|switch|p2a: Zapdos|Zapdos, shiny|384\/384\n|-ability|p2a: Zapdos|Pressure\n|\n|upkeep\n|turn|17\n|\n|move|p2a: Zapdos|Discharge|p1a: Sableye\n|-damage|p1a: Sableye|194\/303\n|-status|p1a: Sableye|par\n|move|p1a: Sableye|Knock Off|p2a: Zapdos\n|-damage|p2a: Zapdos|297\/384\n|-enditem|p2a: Zapdos|Leftovers|[from] move: Knock Off|[of] p1a: Sableye\n|\n|upkeep\n|turn|18\n|\n|switch|p1a: Chansey|Chansey, F|703\/703\n|move|p2a: Zapdos|Discharge|p1a: Chansey\n|-damage|p1a: Chansey|624\/703\n|\n|upkeep\n|turn|19\n|\n|switch|p2a: Gliscor|Gliscor, F, shiny|354\/354\n|switch|p1a: Toxapex|Toxapex, M|303\/303\n|\n|-status|p2a: Gliscor|tox|[from] item: Toxic Orb\n|upkeep\n|turn|20\n|\n|switch|p2a: Zapdos|Zapdos, shiny|297\/384\n|-ability|p2a: Zapdos|Pressure\n|switch|p1a: Skarmory|Skarmory, M|333\/333\n|\n|upkeep\n|turn|21\n|\n|switch|p1a: Chansey|Chansey, F|624\/703\n|move|p2a: Zapdos|Discharge|p1a: Chansey\n|-damage|p1a: Chansey|557\/703\n|-status|p1a: Chansey|par\n|\n|upkeep\n|turn|22\n|\n|switch|p2a: Sableye|Sableye-Mega, F, shiny|229\/303\n|switch|p1a: Toxapex|Toxapex, M|303\/303\n|\n|upkeep\n|turn|23\n|\n|switch|p1a: Sableye|Sableye-Mega, F|194\/303 par\n|switch|p2a: Zapdos|Zapdos, shiny|297\/384\n|-ability|p2a: Zapdos|Pressure\n|\n|upkeep\n|turn|24\n|\n|switch|p1a: Chansey|Chansey, F|557\/703\n|move|p2a: Zapdos|Discharge|p1a: Chansey\n|-crit|p1a: Chansey\n|-damage|p1a: Chansey|452\/703\n|\n|upkeep\n|turn|25\n|\n|switch|p2a: Sableye|Sableye-Mega, F, shiny|229\/303\n|move|p1a: Chansey|Soft-Boiled|p1a: Chansey\n|-heal|p1a: Chansey|703\/703\n|\n|upkeep\n|turn|26\n|\n|switch|p1a: Toxapex|Toxapex, M|303\/303\n|move|p2a: Sableye|Knock Off|p1a: Toxapex\n|-damage|p1a: Toxapex|272\/303\n|\n|upkeep\n|turn|27\n|\n|switch|p2a: Zapdos|Zapdos, shiny|297\/384\n|-ability|p2a: Zapdos|Pressure\n|move|p1a: Toxapex|Scald|p2a: Zapdos\n|-damage|p2a: Zapdos|237\/384\n|-status|p2a: Zapdos|brn\n|\n|-damage|p2a: Zapdos|213\/384 brn|[from] brn\n|upkeep\n|turn|28\n|\n|switch|p1a: Chansey|Chansey, F|703\/703\n|move|p2a: Zapdos|Roost|p2a: Zapdos\n|-heal|p2a: Zapdos|384\/384 brn\n|-singleturn|p2a: Zapdos|move: Roost\n|\n|-damage|p2a: Zapdos|360\/384 brn|[from] brn\n|upkeep\n|turn|29\n|\n|switch|p2a: Sableye|Sableye-Mega, F, shiny|229\/303\n|switch|p1a: Toxapex|Toxapex, M|303\/303\n|\n|upkeep\n|turn|30\n|\n|switch|p1a: Skarmory|Skarmory, M|333\/333\n|switch|p2a: Chansey|Chansey, F, shiny|703\/703\n|\n|upkeep\n|turn|31\n|\n|move|p1a: Skarmory|Spikes|p2a: Chansey\n|-sidestart|p2: STALLER ALERT|Spikes\n|move|p2a: Chansey|Heal Bell|p2a: Chansey\n|-activate|p2a: Chansey|move: Heal Bell\n|-curestatus|p2: Zapdos|brn|[msg]\n|-curestatus|p2: Gliscor|tox|[msg]\n|\n|upkeep\n|turn|32\n|\n|switch|p1a: Chansey|Chansey, F|703\/703\n|switch|p2a: Zapdos|Zapdos, shiny|360\/384\n|-ability|p2a: Zapdos|Pressure\n|\n|upkeep\n|turn|33\n|\n|move|p2a: Zapdos|Defog|p1a: Chansey\n|-unboost|p1a: Chansey|evasion|1\n|-sideend|p2: STALLER ALERT|Spikes|[from] move: Defog|[of] p2a: Zapdos\n|move|p1a: Chansey|Toxic|p2a: Zapdos\n|-status|p2a: Zapdos|tox\n|\n|-damage|p2a: Zapdos|336\/384 tox|[from] psn\n|upkeep\n|turn|34\n|\n|switch|p2a: Chansey|Chansey, F, shiny|703\/703\n|switch|p1a: Toxapex|Toxapex, M|303\/303\n|\n|upkeep\n|turn|35\n|\n|move|p2a: Chansey|Heal Bell|p2a: Chansey\n|-activate|p2a: Chansey|move: Heal Bell\n|-curestatus|p2: Zapdos|tox|[msg]\n|move|p1a: Toxapex|Toxic Spikes|p2a: Chansey\n|-sidestart|p2: STALLER ALERT|move: Toxic Spikes\n|\n|upkeep\n|turn|36\n|\n|switch|p2a: Gliscor|Gliscor, F, shiny|354\/354\n|switch|p1a: Chansey|Chansey, F|703\/703\n|\n|-status|p2a: Gliscor|tox|[from] item: Toxic Orb\n|upkeep\n|turn|37\n|\n|switch|p1a: Toxapex|Toxapex, M|303\/303\n|move|p2a: Gliscor|Defog|p1a: Toxapex\n|-unboost|p1a: Toxapex|evasion|1\n|-sideend|p2: STALLER ALERT|Toxic Spikes|[from] move: Defog|[of] p2a: Gliscor\n|\n|upkeep\n|turn|38\n|\n|switch|p2a: Sableye|Sableye-Mega, F, shiny|229\/303\n|switch|p1a: Skarmory|Skarmory, M|333\/333\n|\n|upkeep\n|turn|39\n|\n|switch|p1a: Toxapex|Toxapex, M|303\/303\n|switch|p2a: Zapdos|Zapdos, shiny|336\/384\n|-ability|p2a: Zapdos|Pressure\n|\n|upkeep\n|turn|40\n|\n|switch|p2a: Shedinja|Shedinja, shiny|1\/1\n|switch|p1a: Chansey|Chansey, F|703\/703\n|\n|upkeep\n|turn|41\n|\n|switch|p2a: Sableye|Sableye-Mega, F, shiny|229\/303\n|switch|p1a: Clefable|Clefable, F|393\/393\n|\n|upkeep\n|turn|42\n|\n|move|p1a: Clefable|Heal Bell|p1a: Clefable\n|-activate|p1a: Clefable|move: Heal Bell\n|-curestatus|p1: Sableye|par|[msg]\n|move|p2a: Sableye|Knock Off|p1a: Clefable\n|-resisted|p1a: Clefable\n|-damage|p1a: Clefable|355\/393\n|-enditem|p1a: Clefable|Leftovers|[from] move: Knock Off|[of] p2a: Sableye\n|\n|upkeep\n|turn|43\n|\n|switch|p1a: Toxapex|Toxapex, M|303\/303\n|switch|p2a: Zapdos|Zapdos, shiny|336\/384\n|-ability|p2a: Zapdos|Pressure\n|\n|upkeep\n|turn|44\n|\n|move|p2a: Zapdos|Discharge|p1a: Toxapex\n|-supereffective|p1a: Toxapex\n|-damage|p1a: Toxapex|135\/303\n|move|p1a: Toxapex|Toxic Spikes|p2a: Zapdos\n|-sidestart|p2: STALLER ALERT|move: Toxic Spikes\n|\n|upkeep\n|turn|45\n|\n|switch|p1a: Chansey|Chansey, F|703\/703\n|move|p2a: Zapdos|Defog|p1a: Chansey\n|-unboost|p1a: Chansey|evasion|1\n|-sideend|p2: STALLER ALERT|Toxic Spikes|[from] move: Defog|[of] p2a: Zapdos\n|\n|upkeep\n|turn|46\n|\n|switch|p2a: Sableye|Sableye-Mega, F, shiny|229\/303\n|switch|p1a: Sableye|Sableye-Mega, F|194\/303\n|\n|upkeep\n|turn|47\n|\n|move|p1a: Sableye|Protect|p1a: Sableye\n|-singleturn|p1a: Sableye|Protect\n|move|p2a: Sableye|Foul Play|p1a: Sableye\n|-activate|p1a: Sableye|move: Protect\n|\n|upkeep\n|turn|48\n|\n|move|p1a: Sableye|Recover|p1a: Sableye\n|-heal|p1a: Sableye|303\/303\n|move|p2a: Sableye|Knock Off|p1a: Sableye\n|-damage|p1a: Sableye|254\/303\n|\n|upkeep\n|turn|49\n|\n|switch|p1a: Toxapex|Toxapex, M|236\/303\n|move|p2a: Sableye|Foul Play|p1a: Toxapex\n|-damage|p1a: Toxapex|206\/303\n|\n|upkeep\n|turn|50\n|\n|move|p2a: Sableye|Protect|p2a: Sableye\n|-singleturn|p2a: Sableye|Protect\n|move|p1a: Toxapex|Scald|p2a: Sableye\n|-activate|p2a: Sableye|move: Protect\n|\n|upkeep\n|turn|51\n|\n|move|p1a: Toxapex|Scald|p2a: Sableye\n|-damage|p2a: Sableye|190\/303\n|-status|p2a: Sableye|brn\n|move|p2a: Sableye|Knock Off|p1a: Toxapex\n|-damage|p1a: Toxapex|190\/303\n|\n|-damage|p2a: Sableye|172\/303 brn|[from] brn\n|upkeep\n|turn|52\n|\n|switch|p1a: Sableye|Sableye-Mega, F|254\/303\n|move|p2a: Sableye|Recover|p2a: Sableye\n|-heal|p2a: Sableye|303\/303 brn\n|\n|-damage|p2a: Sableye|285\/303 brn|[from] brn\n|upkeep\n|turn|53\n|\n|move|p1a: Sableye|Knock Off|p2a: Sableye\n|-damage|p2a: Sableye|231\/303 brn\n|move|p2a: Sableye|Foul Play|p1a: Sableye\n|-damage|p1a: Sableye|213\/303\n|\n|-damage|p2a: Sableye|213\/303 brn|[from] brn\n|upkeep\n|turn|54\n|\n|move|p1a: Sableye|Knock Off|p2a: Sableye\n|-crit|p2a: Sableye\n|-damage|p2a: Sableye|132\/303 brn\n|move|p2a: Sableye|Foul Play|p1a: Sableye\n|-damage|p1a: Sableye|174\/303\n|\n|-damage|p2a: Sableye|114\/303 brn|[from] brn\n|upkeep\n|turn|55\n|\n|move|p1a: Sableye|Knock Off|p2a: Sableye\n|-damage|p2a: Sableye|56\/303 brn\n|move|p2a: Sableye|Recover|p2a: Sableye\n|-heal|p2a: Sableye|208\/303 brn\n|\n|-damage|p2a: Sableye|190\/303 brn|[from] brn\n|upkeep\n|turn|56\n|\n|switch|p2a: Zapdos|Zapdos, shiny|336\/384\n|-ability|p2a: Zapdos|Pressure\n|move|p1a: Sableye|Recover|p1a: Sableye\n|-heal|p1a: Sableye|303\/303\n|\n|upkeep\n|turn|57\n|\n|switch|p1a: Chansey|Chansey, F|703\/703\n|move|p2a: Zapdos|Discharge|p1a: Chansey\n|-damage|p1a: Chansey|634\/703\n|-status|p1a: Chansey|par\n|\n|upkeep\n|turn|58\n|\n|switch|p2a: Chansey|Chansey, F, shiny|703\/703\n|-curestatus|p1a: Chansey|par|[from] ability: Natural Cure\n|switch|p1a: Sableye|Sableye-Mega, F|303\/303\n|\n|upkeep\n|turn|59\n|\n|switch|p2a: Zapdos|Zapdos, shiny|336\/384\n|-ability|p2a: Zapdos|Pressure\n|move|p1a: Sableye|Knock Off|p2a: Zapdos\n|-damage|p2a: Zapdos|282\/384\n|\n|upkeep\n|turn|60\n|\n|switch|p1a: Chansey|Chansey, F|634\/703\n|move|p2a: Zapdos|Discharge|p1a: Chansey\n|-damage|p1a: Chansey|558\/703\n|\n|upkeep\n|turn|61\n|\n|switch|p2a: Chansey|Chansey, F, shiny|703\/703\n|move|p1a: Chansey|Stealth Rock|p2a: Chansey\n|-sidestart|p2: STALLER ALERT|move: Stealth Rock\n|\n|upkeep\n|turn|62\n|\n|switch|p1a: Sableye|Sableye-Mega, F|303\/303\n|move|p2a: Chansey|Heal Bell|p2a: Chansey\n|-activate|p2a: Chansey|move: Heal Bell\n|-curestatus|p2: Gliscor|tox|[msg]\n|-curestatus|p2: Sableye|brn|[msg]\n|\n|upkeep\n|turn|63\n|\n|switch|p2a: Zapdos|Zapdos, shiny|282\/384\n|-damage|p2a: Zapdos|186\/384|[from] Stealth Rock\n|-ability|p2a: Zapdos|Pressure\n|move|p1a: Sableye|Will-O-Wisp|p2a: Zapdos\n|-status|p2a: Zapdos|brn\n|\n|-damage|p2a: Zapdos|162\/384 brn|[from] brn\n|upkeep\n|turn|64\n|\n|switch|p1a: Chansey|Chansey, F|558\/703\n|move|p2a: Zapdos|Defog|p1a: Chansey\n|-unboost|p1a: Chansey|evasion|1\n|-sideend|p2: STALLER ALERT|Stealth Rock|[from] move: Defog|[of] p2a: Zapdos\n|\n|-damage|p2a: Zapdos|138\/384 brn|[from] brn\n|upkeep\n|turn|65\n|\n|switch|p2a: Sableye|Sableye-Mega, F, shiny|190\/303\n|move|p1a: Chansey|Stealth Rock|p2a: Sableye\n|move|p2a: Sableye|Stealth Rock|p1a: Chansey|[from]Magic Bounce\n|-sidestart|p1: JoeyOwesMeMoney|move: Stealth Rock\n|\n|upkeep\n|turn|66\n|\n|switch|p1a: Skarmory|Skarmory, M|333\/333\n|-damage|p1a: Skarmory|292\/333|[from] Stealth Rock\n|move|p2a: Sableye|Knock Off|p1a: Skarmory\n|-damage|p1a: Skarmory|243\/333\n|-damage|p2a: Sableye|140\/303|[from] item: Rocky Helmet|[of] p1a: Skarmory\n|-enditem|p1a: Skarmory|Rocky Helmet|[from] move: Knock Off|[of] p2a: Sableye\n|\n|upkeep\n|turn|67\n|\n|move|p1a: Skarmory|Defog|p2a: Sableye\n|move|p2a: Sableye|Defog|p1a: Skarmory|[from]Magic Bounce\n|-unboost|p1a: Skarmory|evasion|1\n|-sideend|p1: JoeyOwesMeMoney|Stealth Rock|[from] move: Defog|[of] p2a: Sableye\n|move|p2a: Sableye|Recover|p2a: Sableye\n|-heal|p2a: Sableye|292\/303\n|\n|upkeep\n|turn|68\n|\n|switch|p1a: Toxapex|Toxapex, M|291\/303\n|switch|p2a: Zapdos|Zapdos, shiny|138\/384 brn\n|-ability|p2a: Zapdos|Pressure\n|\n|-damage|p2a: Zapdos|114\/384 brn|[from] brn\n|upkeep\n|turn|69\n|\n|move|p2a: Zapdos|Roost|p2a: Zapdos\n|-heal|p2a: Zapdos|306\/384 brn\n|-singleturn|p2a: Zapdos|move: Roost\n|move|p1a: Toxapex|Toxic Spikes|p2a: Zapdos\n|-sidestart|p2: STALLER ALERT|move: Toxic Spikes\n|\n|-damage|p2a: Zapdos|282\/384 brn|[from] brn\n|upkeep\n|turn|70\n|\n|switch|p1a: Chansey|Chansey, F|558\/703\n|move|p2a: Zapdos|Defog|p1a: Chansey\n|-unboost|p1a: Chansey|evasion|1\n|-sideend|p2: STALLER ALERT|Toxic Spikes|[from] move: Defog|[of] p2a: Zapdos\n|\n|-damage|p2a: Zapdos|258\/384 brn|[from] brn\n|upkeep\n|turn|71\n|\n|switch|p2a: Sableye|Sableye-Mega, F, shiny|292\/303\n|switch|p1a: Toxapex|Toxapex, M|303\/303\n|\n|upkeep\n|turn|72\n|\n|switch|p1a: Skarmory|Skarmory, M|243\/333\n|move|p2a: Sableye|Protect||[still]\n|-fail|p2a: Sableye\n|\n|upkeep\n|turn|73\n|\n|switch|p1a: Toxapex|Toxapex, M|303\/303\n|switch|p2a: Gliscor|Gliscor, F, shiny|354\/354\n|\n|-status|p2a: Gliscor|tox|[from] item: Toxic Orb\n|upkeep\n|turn|74\n|\n|switch|p2a: Sableye|Sableye-Mega, F, shiny|292\/303\n|move|p1a: Toxapex|Toxic Spikes|p2a: Sableye\n|move|p2a: Sableye|Toxic Spikes|p1a: Toxapex|[from]Magic Bounce\n|-sidestart|p1: JoeyOwesMeMoney|move: Toxic Spikes\n|\n|upkeep\n|turn|75\n|\n|switch|p1a: Skarmory|Skarmory, M|243\/333\n|move|p2a: Sableye|Protect||[still]\n|-fail|p2a: Sableye\n|\n|upkeep\n|turn|76\n|\n|switch|p1a: Toxapex|Toxapex, M|303\/303\n|-sideend|p1: JoeyOwesMeMoney|move: Toxic Spikes|[of] p1a: Toxapex\n|switch|p2a: Zapdos|Zapdos, shiny|258\/384 brn\n|-ability|p2a: Zapdos|Pressure\n|\n|-damage|p2a: Zapdos|234\/384 brn|[from] brn\n|upkeep\n|turn|77\n|\n|switch|p1a: Chansey|Chansey, F|558\/703\n|move|p2a: Zapdos|Discharge|p1a: Chansey\n|-damage|p1a: Chansey|485\/703\n|\n|-damage|p2a: Zapdos|210\/384 brn|[from] brn\n|upkeep\n|turn|78\n|\n|switch|p2a: Chansey|Chansey, F, shiny|703\/703\n|switch|p1a: Toxapex|Toxapex, M|303\/303\n|\n|upkeep\n|turn|79\n|\n|switch|p2a: Sableye|Sableye-Mega, F, shiny|292\/303\n|move|p1a: Toxapex|Toxic Spikes|p2a: Sableye\n|move|p2a: Sableye|Toxic Spikes|p1a: Toxapex|[from]Magic Bounce\n|-sidestart|p1: JoeyOwesMeMoney|move: Toxic Spikes\n|\n|upkeep\n|turn|80\n|inactive|STALLER ALERT has 120 seconds left.\n|\n|switch|p1a: Skarmory|Skarmory, M|243\/333\n|switch|p2a: Gliscor|Gliscor, F, shiny|354\/354 tox\n|\n|upkeep\n|turn|81\n|\n|switch|p2a: Zapdos|Zapdos, shiny|210\/384 brn\n|-ability|p2a: Zapdos|Pressure\n|switch|p1a: Toxapex|Toxapex, M|303\/303\n|-sideend|p1: JoeyOwesMeMoney|move: Toxic Spikes|[of] p1a: Toxapex\n|\n|-damage|p2a: Zapdos|186\/384 brn|[from] brn\n|upkeep\n|turn|82\n|\n|switch|p2a: Sableye|Sableye-Mega, F, shiny|292\/303\n|switch|p1a: Chansey|Chansey, F|485\/703\n|\n|upkeep\n|turn|83\n|\n|switch|p1a: Toxapex|Toxapex, M|303\/303\n|switch|p2a: Chansey|Chansey, F, shiny|703\/703\n|\n|upkeep\n|turn|84\n|\n|switch|p2a: Sableye|Sableye-Mega, F, shiny|292\/303\n|switch|p1a: Sableye|Sableye-Mega, F|303\/303\n|\n|upkeep\n|turn|85\n|\n|move|p1a: Sableye|Knock Off|p2a: Sableye\n|-damage|p2a: Sableye|238\/303\n|move|p2a: Sableye|Foul Play|p1a: Sableye\n|-damage|p1a: Sableye|222\/303\n|\n|upkeep\n|turn|86\n|\n|switch|p1a: Toxapex|Toxapex, M|303\/303\n|move|p2a: Sableye|Foul Play|p1a: Toxapex\n|-damage|p1a: Toxapex|272\/303\n|\n|upkeep\n|turn|87\n|\n|switch|p1a: Skarmory|Skarmory, M|243\/333\n|switch|p2a: Chansey|Chansey, F, shiny|703\/703\n|\n|upkeep\n|turn|88\n|\n|switch|p1a: Toxapex|Toxapex, M|303\/303\n|move|p2a: Chansey|Heal Bell|p2a: Chansey\n|-activate|p2a: Chansey|move: Heal Bell\n|-curestatus|p2: Zapdos|brn|[msg]\n|-curestatus|p2: Gliscor|tox|[msg]\n|\n|upkeep\n|turn|89\n|\n|switch|p2a: Sableye|Sableye-Mega, F, shiny|238\/303\n|move|p1a: Toxapex|Scald|p2a: Sableye\n|-damage|p2a: Sableye|199\/303\n|\n|upkeep\n|turn|90\n|\n|switch|p1a: Sableye|Sableye-Mega, F|222\/303\n|move|p2a: Sableye|Protect||[still]\n|-fail|p2a: Sableye\n|\n|upkeep\n|turn|91\n|\n|switch|p1a: Toxapex|Toxapex, M|303\/303\n|move|p2a: Sableye|Foul Play|p1a: Toxapex\n|-damage|p1a: Toxapex|273\/303\n|\n|upkeep\n|turn|92\n|\n|switch|p2a: Zapdos|Zapdos, shiny|186\/384\n|-ability|p2a: Zapdos|Pressure\n|move|p1a: Toxapex|Scald|p2a: Zapdos\n|-damage|p2a: Zapdos|128\/384\n|-status|p2a: Zapdos|brn\n|\n|-damage|p2a: Zapdos|104\/384 brn|[from] brn\n|upkeep\n|turn|93\n|\n|switch|p1a: Chansey|Chansey, F|485\/703\n|move|p2a: Zapdos|Roost|p2a: Zapdos\n|-heal|p2a: Zapdos|296\/384 brn\n|-singleturn|p2a: Zapdos|move: Roost\n|\n|-damage|p2a: Zapdos|272\/384 brn|[from] brn\n|upkeep\n|turn|94\n|\n|switch|p2a: Sableye|Sableye-Mega, F, shiny|199\/303\n|switch|p1a: Sableye|Sableye-Mega, F|222\/303\n|\n|upkeep\n|turn|95\n|\n|switch|p1a: Toxapex|Toxapex, M|303\/303\n|move|p2a: Sableye|Knock Off|p1a: Toxapex\n|-damage|p1a: Toxapex|272\/303\n|\n|upkeep\n|turn|96\n|\n|switch|p1a: Sableye|Sableye-Mega, F|222\/303\n|switch|p2a: Zapdos|Zapdos, shiny|272\/384 brn\n|-ability|p2a: Zapdos|Pressure\n|\n|-damage|p2a: Zapdos|248\/384 brn|[from] brn\n|upkeep\n|turn|97\n|\n|switch|p2a: Pyukumuku|Pyukumuku, M, shiny|314\/314\n|switch|p1a: Toxapex|Toxapex, M|303\/303\n|\n|upkeep\n|turn|98\n|\n|switch|p1a: Sableye|Sableye-Mega, F|222\/303\n|move|p2a: Pyukumuku|Block|p1a: Sableye\n|move|p1a: Sableye|Block|p2a: Pyukumuku|[from]Magic Bounce\n|-activate|p2a: Pyukumuku|trapped\n|\n|upkeep\n|turn|99\n|\n|move|p2a: Pyukumuku|Recover||[still]\n|-fail|p2a: Pyukumuku\n|move|p1a: Sableye|Knock Off|p2a: Pyukumuku\n|-damage|p2a: Pyukumuku|241\/314\n|-enditem|p2a: Pyukumuku|Leftovers|[from] move: Knock Off|[of] p1a: Sableye\n|\n|upkeep\n|turn|100\n|inactive|JoeyOwesMeMoney has 120 seconds left.\n|\n|move|p1a: Sableye|Protect|p1a: Sableye\n|-singleturn|p1a: Sableye|Protect\n|move|p2a: Pyukumuku|Recover|p2a: Pyukumuku\n|-heal|p2a: Pyukumuku|314\/314\n|\n|upkeep\n|turn|101\n|\n|move|p1a: Sableye|Protect||[still]\n|-fail|p1a: Sableye\n|move|p2a: Pyukumuku|Recover||[still]\n|-fail|p2a: Pyukumuku\n|\n|upkeep\n|turn|102\n|\n|move|p1a: Sableye|Protect|p1a: Sableye\n|-singleturn|p1a: Sableye|Protect\n|move|p2a: Pyukumuku|Recover||[still]\n|-fail|p2a: Pyukumuku\n|\n|upkeep\n|turn|103\n|inactive|JoeyOwesMeMoney has 120 seconds left.\n|\n|move|p1a: Sableye|Protect||[still]\n|-fail|p1a: Sableye\n|move|p2a: Pyukumuku|Recover||[still]\n|-fail|p2a: Pyukumuku\n|\n|upkeep\n|turn|104\n|\n|move|p1a: Sableye|Protect|p1a: Sableye\n|-singleturn|p1a: Sableye|Protect\n|move|p2a: Pyukumuku|Recover||[still]\n|-fail|p2a: Pyukumuku\n|\n|upkeep\n|turn|105\n|\n|move|p1a: Sableye|Protect||[still]\n|-fail|p1a: Sableye\n|move|p2a: Pyukumuku|Recover||[still]\n|-fail|p2a: Pyukumuku\n|\n|upkeep\n|turn|106\n|\n|move|p2a: Pyukumuku|Recover||[still]\n|-fail|p2a: Pyukumuku\n|move|p1a: Sableye|Knock Off|p2a: Pyukumuku\n|-damage|p2a: Pyukumuku|268\/314\n|\n|upkeep\n|turn|107\n|\n|move|p1a: Sableye|Protect|p1a: Sableye\n|-singleturn|p1a: Sableye|Protect\n|move|p2a: Pyukumuku|Recover|p2a: Pyukumuku\n|-heal|p2a: Pyukumuku|314\/314\n|\n|upkeep\n|turn|108\n|\n|move|p1a: Sableye|Protect|p1a: Sableye\n|-singleturn|p1a: Sableye|Protect\n|move|p2a: Pyukumuku|Recover||[still]\n|-fail|p2a: Pyukumuku\n|\n|upkeep\n|turn|109\n|\n|move|p1a: Sableye|Protect||[still]\n|-fail|p1a: Sableye\n|move|p2a: Pyukumuku|Recover||[still]\n|-fail|p2a: Pyukumuku\n|\n|upkeep\n|turn|110\n|j| Avery Buddha\n|\n|move|p1a: Sableye|Protect|p1a: Sableye\n|-singleturn|p1a: Sableye|Protect\n|move|p2a: Pyukumuku|Recover||[still]\n|-fail|p2a: Pyukumuku\n|\n|upkeep\n|turn|111\n|\n|move|p1a: Sableye|Protect|p1a: Sableye\n|-singleturn|p1a: Sableye|Protect\n|move|p2a: Pyukumuku|Recover||[still]\n|-fail|p2a: Pyukumuku\n|\n|upkeep\n|turn|112\n|\n|move|p1a: Sableye|Protect||[still]\n|-fail|p1a: Sableye\n|move|p2a: Pyukumuku|Recover||[still]\n|-fail|p2a: Pyukumuku\n|\n|upkeep\n|turn|113\n|\n|move|p2a: Pyukumuku|Recover||[still]\n|-fail|p2a: Pyukumuku\n|move|p1a: Sableye|Knock Off|p2a: Pyukumuku\n|-damage|p2a: Pyukumuku|269\/314\n|\n|upkeep\n|turn|114\n|\n|move|p2a: Pyukumuku|Recover|p2a: Pyukumuku\n|-heal|p2a: Pyukumuku|314\/314\n|move|p1a: Sableye|Knock Off|p2a: Pyukumuku\n|-damage|p2a: Pyukumuku|260\/314\n|\n|upkeep\n|turn|115\n|\n|move|p2a: Pyukumuku|Toxic|p1a: Sableye\n|move|p1a: Sableye|Toxic|p2a: Pyukumuku|[from]Magic Bounce\n|-status|p2a: Pyukumuku|tox\n|move|p1a: Sableye|Knock Off|p2a: Pyukumuku\n|-damage|p2a: Pyukumuku|209\/314 tox\n|\n|-damage|p2a: Pyukumuku|190\/314 tox|[from] psn\n|upkeep\n|turn|116\n|\n|move|p2a: Pyukumuku|Toxic|p1a: Sableye\n|move|p1a: Sableye|Toxic|p2a: Pyukumuku|[from]Magic Bounce\n|-fail|p2a: Pyukumuku|tox\n|move|p1a: Sableye|Knock Off|p2a: Pyukumuku\n|-crit|p2a: Pyukumuku\n|-damage|p2a: Pyukumuku|115\/314 tox\n|\n|-damage|p2a: Pyukumuku|77\/314 tox|[from] psn\n|upkeep\n|turn|117\n|\n|move|p2a: Pyukumuku|Toxic|p1a: Sableye\n|move|p1a: Sableye|Toxic|p2a: Pyukumuku|[from]Magic Bounce\n|-fail|p2a: Pyukumuku|tox\n|move|p1a: Sableye|Will-O-Wisp|p2a: Pyukumuku|[miss]\n|-miss|p1a: Sableye|p2a: Pyukumuku\n|\n|-damage|p2a: Pyukumuku|20\/314 tox|[from] psn\n|upkeep\n|turn|118\n|\n|move|p2a: Pyukumuku|Toxic|p1a: Sableye\n|move|p1a: Sableye|Toxic|p2a: Pyukumuku|[from]Magic Bounce\n|-fail|p2a: Pyukumuku|tox\n|move|p1a: Sableye|Will-O-Wisp||[still]\n|-fail|p1a: Sableye\n|\n|-damage|p2a: Pyukumuku|0 fnt|[from] psn\n|faint|p2a: Pyukumuku\n|upkeep\n|\n|switch|p2a: Zapdos|Zapdos, shiny|248\/384 brn\n|-ability|p2a: Zapdos|Pressure\n|turn|119\n|\n|switch|p2a: Sableye|Sableye-Mega, F, shiny|199\/303\n|switch|p1a: Chansey|Chansey, F|485\/703\n|\n|upkeep\n|turn|120\n|\n|switch|p1a: Toxapex|Toxapex, M|303\/303\n|move|p2a: Sableye|Knock Off|p1a: Toxapex\n|-damage|p1a: Toxapex|267\/303\n|\n|upkeep\n|turn|121\n|\n|switch|p1a: Skarmory|Skarmory, M|243\/333\n|switch|p2a: Zapdos|Zapdos, shiny|248\/384 brn\n|-ability|p2a: Zapdos|Pressure\n|\n|-damage|p2a: Zapdos|224\/384 brn|[from] brn\n|upkeep\n|turn|122\n|\n|switch|p2a: Sableye|Sableye-Mega, F, shiny|199\/303\n|switch|p1a: Chansey|Chansey, F|485\/703\n|\n|upkeep\n|turn|123\n|\n|switch|p1a: Toxapex|Toxapex, M|303\/303\n|switch|p2a: Chansey|Chansey, F, shiny|703\/703\n|\n|upkeep\n|turn|124\n|\n|switch|p1a: Sableye|Sableye-Mega, F|222\/303\n|move|p2a: Chansey|Heal Bell|p2a: Chansey\n|-activate|p2a: Chansey|move: Heal Bell\n|-curestatus|p2: Zapdos|brn|[msg]\n|\n|upkeep\n|turn|125\n|\n|switch|p2a: Zapdos|Zapdos, shiny|224\/384\n|-ability|p2a: Zapdos|Pressure\n|move|p1a: Sableye|Knock Off|p2a: Zapdos\n|-damage|p2a: Zapdos|170\/384\n|\n|upkeep\n|turn|126\n|\n|move|p2a: Zapdos|Roost|p2a: Zapdos\n|-heal|p2a: Zapdos|362\/384\n|-singleturn|p2a: Zapdos|move: Roost\n|move|p1a: Sableye|Will-O-Wisp|p2a: Zapdos|[miss]\n|-miss|p1a: Sableye|p2a: Zapdos\n|\n|upkeep\n|turn|127\n|\n|switch|p2a: Sableye|Sableye-Mega, F, shiny|199\/303\n|switch|p1a: Toxapex|Toxapex, M|303\/303\n|\n|upkeep\n|turn|128\n|\n|switch|p1a: Skarmory|Skarmory, M|243\/333\n|switch|p2a: Shedinja|Shedinja, shiny|1\/1\n|\n|upkeep\n|turn|129\n|j| Vessev\n|\n|switch|p2a: Sableye|Sableye-Mega, F, shiny|199\/303\n|move|p1a: Skarmory|Spikes|p2a: Sableye\n|move|p2a: Sableye|Spikes|p1a: Skarmory|[from]Magic Bounce\n|-sidestart|p1: JoeyOwesMeMoney|Spikes\n|\n|upkeep\n|turn|130\n|\n|move|p1a: Skarmory|Defog|p2a: Sableye\n|move|p2a: Sableye|Defog|p1a: Skarmory|[from]Magic Bounce\n|-unboost|p1a: Skarmory|evasion|1\n|-sideend|p1: JoeyOwesMeMoney|Spikes|[from] move: Defog|[of] p2a: Sableye\n|move|p2a: Sableye|Foul Play|p1a: Skarmory\n|-damage|p1a: Skarmory|186\/333\n|\n|upkeep\n|turn|131\n|\n|switch|p2a: Zapdos|Zapdos, shiny|362\/384\n|-ability|p2a: Zapdos|Pressure\n|move|p1a: Skarmory|Roost|p1a: Skarmory\n|-heal|p1a: Skarmory|333\/333\n|-singleturn|p1a: Skarmory|move: Roost\n|\n|upkeep\n|turn|132\n|\n|switch|p2a: Sableye|Sableye-Mega, F, shiny|199\/303\n|switch|p1a: Toxapex|Toxapex, M|303\/303\n|\n|upkeep\n|turn|133\n|\n|switch|p2a: Shedinja|Shedinja, shiny|1\/1\n|move|p1a: Toxapex|Scald|p2a: Shedinja\n|-immune|p2a: Shedinja|[from] ability: Wonder Guard\n|\n|upkeep\n|turn|134\n|\n|switch|p2a: Sableye|Sableye-Mega, F, shiny|199\/303\n|move|p1a: Toxapex|Scald|p2a: Sableye\n|-damage|p2a: Sableye|159\/303\n|\n|upkeep\n|turn|135\n|\n|switch|p1a: Skarmory|Skarmory, M|333\/333\n|move|p2a: Sableye|Protect||[still]\n|-fail|p2a: Sableye\n|\n|upkeep\n|turn|136\n|\n|switch|p1a: Toxapex|Toxapex, M|303\/303\n|move|p2a: Sableye|Recover|p2a: Sableye\n|-heal|p2a: Sableye|303\/303\n|\n|upkeep\n|turn|137\n|\n|move|p2a: Sableye|Protect|p2a: Sableye\n|-singleturn|p2a: Sableye|Protect\n|move|p1a: Toxapex|Toxic Spikes|p2a: Sableye\n|move|p2a: Sableye|Toxic Spikes|p1a: Toxapex|[from]Magic Bounce\n|-sidestart|p1: JoeyOwesMeMoney|move: Toxic Spikes\n|\n|upkeep\n|turn|138\n|j| Uhciar\n|\n|switch|p2a: Zapdos|Zapdos, shiny|362\/384\n|-ability|p2a: Zapdos|Pressure\n|move|p1a: Toxapex|Toxic Spikes|p2a: Zapdos\n|-sidestart|p2: STALLER ALERT|move: Toxic Spikes\n|\n|upkeep\n|turn|139\n|\n|switch|p1a: Chansey|Chansey, F|485\/703\n|-status|p1a: Chansey|psn\n|move|p2a: Zapdos|Defog|p1a: Chansey\n|-unboost|p1a: Chansey|evasion|1\n|-sideend|p1: JoeyOwesMeMoney|Toxic Spikes|[from] move: Defog|[of] p2a: Zapdos\n|-sideend|p2: STALLER ALERT|Toxic Spikes|[from] move: Defog|[of] p2a: Zapdos\n|\n|-damage|p1a: Chansey|398\/703 psn|[from] psn\n|upkeep\n|turn|140\n|\n|switch|p2a: Gliscor|Gliscor, F, shiny|354\/354\n|-curestatus|p1a: Chansey|psn|[from] ability: Natural Cure\n|switch|p1a: Toxapex|Toxapex, M|303\/303\n|\n|-status|p2a: Gliscor|tox|[from] item: Toxic Orb\n|upkeep\n|turn|141\n|\n|switch|p1a: Skarmory|Skarmory, M|333\/333\n|move|p2a: Gliscor|Earthquake|p1a: Skarmory\n|-immune|p1a: Skarmory\n|\n|upkeep\n|turn|142\n|\n|switch|p2a: Zapdos|Zapdos, shiny|362\/384\n|-ability|p2a: Zapdos|Pressure\n|switch|p1a: Toxapex|Toxapex, M|303\/303\n|\n|upkeep\n|turn|143\n|\n|switch|p1a: Chansey|Chansey, F|398\/703\n|move|p2a: Zapdos|Discharge|p1a: Chansey\n|-damage|p1a: Chansey|323\/703\n|\n|upkeep\n|turn|144\n|\n|switch|p2a: Sableye|Sableye-Mega, F, shiny|303\/303\n|move|p1a: Chansey|Soft-Boiled|p1a: Chansey\n|-heal|p1a: Chansey|675\/703\n|\n|upkeep\n|turn|145\n|\n|switch|p1a: Toxapex|Toxapex, M|303\/303\n|switch|p2a: Shedinja|Shedinja, shiny|1\/1\n|\n|upkeep\n|turn|146\n|\n|move|p2a: Shedinja|Will-O-Wisp|p1a: Toxapex|[miss]\n|-miss|p2a: Shedinja|p1a: Toxapex\n|move|p1a: Toxapex|Scald|p2a: Shedinja\n|-immune|p2a: Shedinja|[from] ability: Wonder Guard\n|\n|upkeep\n|turn|147\n|\n|switch|p2a: Sableye|Sableye-Mega, F, shiny|303\/303\n|move|p1a: Toxapex|Scald|p2a: Sableye\n|-damage|p2a: Sableye|267\/303\n|\n|upkeep\n|turn|148\n|\n|switch|p1a: Skarmory|Skarmory, M|333\/333\n|switch|p2a: Shedinja|Shedinja, shiny|1\/1\n|\n|upkeep\n|turn|149\n|\n|switch|p1a: Sableye|Sableye-Mega, F|222\/303\n|move|p2a: Shedinja|Will-O-Wisp|p1a: Sableye\n|move|p1a: Sableye|Will-O-Wisp|p2a: Shedinja|[from]Magic Bounce|[miss]\n|-miss|p1a: Sableye|p2a: Shedinja\n|\n|upkeep\n|turn|150\n|\n|switch|p2a: Sableye|Sableye-Mega, F, shiny|267\/303\n|switch|p1a: Toxapex|Toxapex, M|303\/303\n|\n|upkeep\n|turn|151\n|\n|switch|p1a: Skarmory|Skarmory, M|333\/333\n|move|p2a: Sableye|Protect||[still]\n|-fail|p2a: Sableye\n|\n|upkeep\n|turn|152\n|\n|switch|p2a: Gliscor|Gliscor, F, shiny|354\/354 tox\n|move|p1a: Skarmory|Spikes|p2a: Gliscor\n|-sidestart|p2: STALLER ALERT|Spikes\n|\n|upkeep\n|turn|153\n|\n|switch|p1a: Toxapex|Toxapex, M|303\/303\n|move|p2a: Gliscor|Defog|p1a: Toxapex\n|-unboost|p1a: Toxapex|evasion|1\n|-sideend|p2: STALLER ALERT|Spikes|[from] move: Defog|[of] p2a: Gliscor\n|\n|upkeep\n|turn|154\n|l| Uhciar\n|\n|move|p2a: Gliscor|Earthquake|p1a: Toxapex\n|-supereffective|p1a: Toxapex\n|-damage|p1a: Toxapex|183\/303\n|move|p1a: Toxapex|Toxic Spikes|p2a: Gliscor\n|-sidestart|p2: STALLER ALERT|move: Toxic Spikes\n|\n|upkeep\n|turn|155\n|\n|move|p2a: Gliscor|Defog|p1a: Toxapex\n|-unboost|p1a: Toxapex|evasion|1\n|-sideend|p2: STALLER ALERT|Toxic Spikes|[from] move: Defog|[of] p2a: Gliscor\n|move|p1a: Toxapex|Toxic Spikes|p2a: Gliscor\n|-sidestart|p2: STALLER ALERT|move: Toxic Spikes\n|\n|upkeep\n|turn|156\n|\n|switch|p1a: Skarmory|Skarmory, M|333\/333\n|move|p2a: Gliscor|Earthquake|p1a: Skarmory\n|-immune|p1a: Skarmory\n|\n|upkeep\n|turn|157\n|\n|move|p2a: Gliscor|Defog|p1a: Skarmory\n|-unboost|p1a: Skarmory|evasion|1\n|-sideend|p2: STALLER ALERT|Toxic Spikes|[from] move: Defog|[of] p2a: Gliscor\n|move|p1a: Skarmory|Spikes|p2a: Gliscor\n|-sidestart|p2: STALLER ALERT|Spikes\n|\n|upkeep\n|turn|158\n|\n|move|p2a: Gliscor|Defog|p1a: Skarmory\n|-unboost|p1a: Skarmory|evasion|1\n|-sideend|p2: STALLER ALERT|Spikes|[from] move: Defog|[of] p2a: Gliscor\n|move|p1a: Skarmory|Spikes|p2a: Gliscor\n|-sidestart|p2: STALLER ALERT|Spikes\n|\n|upkeep\n|turn|159\n|\n|switch|p1a: Toxapex|Toxapex, M|284\/303\n|move|p2a: Gliscor|Defog|p1a: Toxapex\n|-unboost|p1a: Toxapex|evasion|1\n|-sideend|p2: STALLER ALERT|Spikes|[from] move: Defog|[of] p2a: Gliscor\n|\n|upkeep\n|turn|160\n|l| Vessev\n|\n|switch|p2a: Zapdos|Zapdos, shiny|362\/384\n|-ability|p2a: Zapdos|Pressure\n|switch|p1a: Skarmory|Skarmory, M|333\/333\n|\n|upkeep\n|turn|161\n|\n|switch|p2a: Sableye|Sableye-Mega, F, shiny|267\/303\n|switch|p1a: Chansey|Chansey, F|675\/703\n|\n|upkeep\n|turn|162\n|\n|switch|p1a: Toxapex|Toxapex, M|303\/303\n|switch|p2a: Gliscor|Gliscor, F, shiny|354\/354 tox\n|\n|upkeep\n|turn|163\n|\n|switch|p2a: Zapdos|Zapdos, shiny|362\/384\n|-ability|p2a: Zapdos|Pressure\n|switch|p1a: Skarmory|Skarmory, M|333\/333\n|\n|upkeep\n|turn|164\n|\n|switch|p2a: Sableye|Sableye-Mega, F, shiny|267\/303\n|switch|p1a: Chansey|Chansey, F|675\/703\n|\n|upkeep\n|turn|165\n|\n|switch|p1a: Toxapex|Toxapex, M|303\/303\n|switch|p2a: Gliscor|Gliscor, F, shiny|354\/354 tox\n|\n|upkeep\n|turn|166\n|\n|switch|p2a: Zapdos|Zapdos, shiny|362\/384\n|-ability|p2a: Zapdos|Pressure\n|switch|p1a: Skarmory|Skarmory, M|333\/333\n|\n|upkeep\n|turn|167\n|\n|switch|p2a: Sableye|Sableye-Mega, F, shiny|267\/303\n|switch|p1a: Chansey|Chansey, F|675\/703\n|\n|upkeep\n|turn|168\n|\n|switch|p2a: Gliscor|Gliscor, F, shiny|354\/354 tox\n|move|p1a: Chansey|Stealth Rock|p2a: Gliscor\n|-sidestart|p2: STALLER ALERT|move: Stealth Rock\n|\n|upkeep\n|turn|169\n|\n|move|p2a: Gliscor|Defog|p1a: Chansey\n|-unboost|p1a: Chansey|evasion|1\n|-sideend|p2: STALLER ALERT|Stealth Rock|[from] move: Defog|[of] p2a: Gliscor\n|move|p1a: Chansey|Stealth Rock|p2a: Gliscor\n|-sidestart|p2: STALLER ALERT|move: Stealth Rock\n|\n|upkeep\n|turn|170\n|\n|move|p2a: Gliscor|Defog|p1a: Chansey\n|-unboost|p1a: Chansey|evasion|1\n|-sideend|p2: STALLER ALERT|Stealth Rock|[from] move: Defog|[of] p2a: Gliscor\n|move|p1a: Chansey|Stealth Rock|p2a: Gliscor\n|-sidestart|p2: STALLER ALERT|move: Stealth Rock\n|\n|upkeep\n|turn|171\n|\n|move|p2a: Gliscor|Defog|p1a: Chansey\n|-unboost|p1a: Chansey|evasion|1\n|-sideend|p2: STALLER ALERT|Stealth Rock|[from] move: Defog|[of] p2a: Gliscor\n|move|p1a: Chansey|Stealth Rock|p2a: Gliscor\n|-sidestart|p2: STALLER ALERT|move: Stealth Rock\n|\n|upkeep\n|turn|172\n|\n|switch|p1a: Skarmory|Skarmory, M|333\/333\n|move|p2a: Gliscor|Defog|p1a: Skarmory\n|-unboost|p1a: Skarmory|evasion|1\n|-sideend|p2: STALLER ALERT|Stealth Rock|[from] move: Defog|[of] p2a: Gliscor\n|\n|upkeep\n|turn|173\n|\n|switch|p2a: Zapdos|Zapdos, shiny|362\/384\n|-ability|p2a: Zapdos|Pressure\n|switch|p1a: Toxapex|Toxapex, M|303\/303\n|\n|upkeep\n|turn|174\n|\n|switch|p1a: Chansey|Chansey, F|675\/703\n|move|p2a: Zapdos|Discharge|p1a: Chansey\n|-damage|p1a: Chansey|599\/703\n|\n|upkeep\n|turn|175\n|\n|switch|p2a: Sableye|Sableye-Mega, F, shiny|267\/303\n|switch|p1a: Toxapex|Toxapex, M|303\/303\n|\n|upkeep\n|turn|176\n|\n|switch|p1a: Skarmory|Skarmory, M|333\/333\n|move|p2a: Sableye|Protect||[still]\n|-fail|p2a: Sableye\n|\n|upkeep\n|turn|177\n|\n|switch|p2a: Zapdos|Zapdos, shiny|362\/384\n|-ability|p2a: Zapdos|Pressure\n|move|p1a: Skarmory|Spikes|p2a: Zapdos\n|-sidestart|p2: STALLER ALERT|Spikes\n|\n|upkeep\n|turn|178\n|\n|switch|p1a: Chansey|Chansey, F|599\/703\n|move|p2a: Zapdos|Defog|p1a: Chansey\n|-unboost|p1a: Chansey|evasion|1\n|-sideend|p2: STALLER ALERT|Spikes|[from] move: Defog|[of] p2a: Zapdos\n|\n|upkeep\n|turn|179\n|\n|switch|p2a: Sableye|Sableye-Mega, F, shiny|267\/303\n|switch|p1a: Toxapex|Toxapex, M|303\/303\n|\n|upkeep\n|turn|180\n|\n|switch|p1a: Skarmory|Skarmory, M|333\/333\n|switch|p2a: Shedinja|Shedinja, shiny|1\/1\n|\n|upkeep\n|turn|181\n|\n|switch|p1a: Toxapex|Toxapex, M|303\/303\n|move|p2a: Shedinja|Secret Power|p1a: Toxapex\n|-damage|p1a: Toxapex|269\/303\n|\n|upkeep\n|turn|182\n|\n|switch|p2a: Sableye|Sableye-Mega, F, shiny|267\/303\n|move|p1a: Toxapex|Toxic Spikes|p2a: Sableye\n|move|p2a: Sableye|Toxic Spikes|p1a: Toxapex|[from]Magic Bounce\n|-sidestart|p1: JoeyOwesMeMoney|move: Toxic Spikes\n|\n|upkeep\n|turn|183\n|\n|switch|p1a: Skarmory|Skarmory, M|333\/333\n|switch|p2a: Shedinja|Shedinja, shiny|1\/1\n|\n|upkeep\n|turn|184\n|\n|move|p2a: Shedinja|Secret Power|p1a: Skarmory\n|-resisted|p1a: Skarmory\n|-damage|p1a: Skarmory|316\/333\n|move|p1a: Skarmory|Spikes|p2a: Shedinja\n|-sidestart|p2: STALLER ALERT|Spikes\n|\n|upkeep\n|turn|185\n|\n|switch|p2a: Zapdos|Zapdos, shiny|362\/384\n|-ability|p2a: Zapdos|Pressure\n|switch|p1a: Toxapex|Toxapex, M|303\/303\n|-sideend|p1: JoeyOwesMeMoney|move: Toxic Spikes|[of] p1a: Toxapex\n|\n|upkeep\n|turn|186\n|\n|switch|p1a: Chansey|Chansey, F|599\/703\n|move|p2a: Zapdos|Defog|p1a: Chansey\n|-unboost|p1a: Chansey|evasion|1\n|-sideend|p2: STALLER ALERT|Spikes|[from] move: Defog|[of] p2a: Zapdos\n|\n|upkeep\n|turn|187\n|\n|switch|p2a: Sableye|Sableye-Mega, F, shiny|267\/303\n|switch|p1a: Toxapex|Toxapex, M|303\/303\n|\n|upkeep\n|turn|188\n|\n|switch|p1a: Skarmory|Skarmory, M|316\/333\n|switch|p2a: Zapdos|Zapdos, shiny|362\/384\n|-ability|p2a: Zapdos|Pressure\n|\n|upkeep\n|turn|189\n|\n|switch|p2a: Shedinja|Shedinja, shiny|1\/1\n|switch|p1a: Toxapex|Toxapex, M|303\/303\n|\n|upkeep\n|turn|190\n|\n|switch|p1a: Chansey|Chansey, F|599\/703\n|move|p2a: Shedinja|Secret Power|p1a: Chansey\n|-damage|p1a: Chansey|508\/703\n|\n|upkeep\n|turn|191\n|\n|switch|p2a: Zapdos|Zapdos, shiny|362\/384\n|-ability|p2a: Zapdos|Pressure\n|switch|p1a: Toxapex|Toxapex, M|303\/303\n|\n|upkeep\n|turn|192\n|\n|switch|p1a: Chansey|Chansey, F|508\/703\n|move|p2a: Zapdos|Discharge|p1a: Chansey\n|-damage|p1a: Chansey|441\/703\n|-status|p1a: Chansey|par\n|\n|upkeep\n|turn|193\n|\n|switch|p2a: Sableye|Sableye-Mega, F, shiny|267\/303\n|-curestatus|p1a: Chansey|par|[from] ability: Natural Cure\n|switch|p1a: Toxapex|Toxapex, M|303\/303\n|\n|upkeep\n|turn|194\n|\n|switch|p1a: Skarmory|Skarmory, M|316\/333\n|move|p2a: Sableye|Knock Off|p1a: Skarmory\n|-damage|p1a: Skarmory|277\/333\n|\n|upkeep\n|turn|195\n|\n|switch|p2a: Shedinja|Shedinja, shiny|1\/1\n|move|p1a: Skarmory|Spikes|p2a: Shedinja\n|-sidestart|p2: STALLER ALERT|Spikes\n|\n|upkeep\n|turn|196\n|\n|switch|p2a: Zapdos|Zapdos, shiny|362\/384\n|-ability|p2a: Zapdos|Pressure\n|switch|p1a: Sableye|Sableye-Mega, F|222\/303\n|\n|upkeep\n|turn|197\n|\n|move|p2a: Zapdos|Discharge|p1a: Sableye\n|-damage|p1a: Sableye|152\/303\n|move|p1a: Sableye|Will-O-Wisp|p2a: Zapdos\n|-status|p2a: Zapdos|brn\n|\n|-damage|p2a: Zapdos|338\/384 brn|[from] brn\n|upkeep\n|turn|198\n|\n|move|p2a: Zapdos|Defog|p1a: Sableye\n|move|p1a: Sableye|Defog|p2a: Zapdos|[from]Magic Bounce\n|-unboost|p2a: Zapdos|evasion|1\n|-sideend|p2: STALLER ALERT|Spikes|[from] move: Defog|[of] p1a: Sableye\n|move|p1a: Sableye|Recover|p1a: Sableye\n|-heal|p1a: Sableye|303\/303\n|\n|-damage|p2a: Zapdos|314\/384 brn|[from] brn\n|upkeep\n|turn|199\n|\n|switch|p2a: Sableye|Sableye-Mega, F, shiny|267\/303\n|switch|p1a: Toxapex|Toxapex, M|303\/303\n|\n|upkeep\n|turn|200\n|\n|switch|p1a: Skarmory|Skarmory, M|277\/333\n|switch|p2a: Zapdos|Zapdos, shiny|314\/384 brn\n|-ability|p2a: Zapdos|Pressure\n|\n|-damage|p2a: Zapdos|290\/384 brn|[from] brn\n|upkeep\n|turn|201\n|inactive|STALLER ALERT has 120 seconds left.\n|\n|switch|p2a: Chansey|Chansey, F, shiny|703\/703\n|switch|p1a: Toxapex|Toxapex, M|303\/303\n|\n|upkeep\n|turn|202\n|\n|move|p2a: Chansey|Heal Bell|p2a: Chansey\n|-activate|p2a: Chansey|move: Heal Bell\n|-curestatus|p2: Zapdos|brn|[msg]\n|-curestatus|p2: Gliscor|tox|[msg]\n|move|p1a: Toxapex|Toxic Spikes|p2a: Chansey\n|-sidestart|p2: STALLER ALERT|move: Toxic Spikes\n|\n|upkeep\n|turn|203\n|inactive|STALLER ALERT has 120 seconds left.\n|\n|switch|p2a: Gliscor|Gliscor, F, shiny|354\/354\n|switch|p1a: Sableye|Sableye-Mega, F|303\/303\n|\n|-status|p2a: Gliscor|tox|[from] item: Toxic Orb\n|upkeep\n|turn|204\n|inactive|STALLER ALERT has 120 seconds left.\n|\n|move|p2a: Gliscor|Defog|p1a: Sableye\n|move|p1a: Sableye|Defog|p2a: Gliscor|[from]Magic Bounce\n|-unboost|p2a: Gliscor|evasion|1\n|-sideend|p2: STALLER ALERT|Toxic Spikes|[from] move: Defog|[of] p1a: Sableye\n|move|p1a: Sableye|Knock Off|p2a: Gliscor\n|-damage|p2a: Gliscor|297\/354 tox\n|-enditem|p2a: Gliscor|Toxic Orb|[from] move: Knock Off|[of] p1a: Sableye\n|\n|-heal|p2a: Gliscor|341\/354 tox|[from] ability: Poison Heal\n|upkeep\n|turn|205\n|\n|switch|p1a: Skarmory|Skarmory, M|277\/333\n|move|p2a: Gliscor|Earthquake|p1a: Skarmory\n|-immune|p1a: Skarmory\n|\n|-heal|p2a: Gliscor|354\/354 tox|[from] ability: Poison Heal\n|upkeep\n|turn|206\n|\n|switch|p2a: Zapdos|Zapdos, shiny|290\/384\n|-ability|p2a: Zapdos|Pressure\n|move|p1a: Skarmory|Spikes|p2a: Zapdos\n|-sidestart|p2: STALLER ALERT|Spikes\n|\n|upkeep\n|turn|207\n|\n|switch|p1a: Chansey|Chansey, F|441\/703\n|move|p2a: Zapdos|Defog|p1a: Chansey\n|-unboost|p1a: Chansey|evasion|1\n|-sideend|p2: STALLER ALERT|Spikes|[from] move: Defog|[of] p2a: Zapdos\n|\n|upkeep\n|turn|208\n|\n|switch|p2a: Sableye|Sableye-Mega, F, shiny|267\/303\n|move|p1a: Chansey|Soft-Boiled|p1a: Chansey\n|-heal|p1a: Chansey|703\/703\n|\n|upkeep\n|turn|209\n|\n|switch|p1a: Toxapex|Toxapex, M|303\/303\n|switch|p2a: Zapdos|Zapdos, shiny|290\/384\n|-ability|p2a: Zapdos|Pressure\n|\n|upkeep\n|turn|210\n|\n|switch|p2a: Sableye|Sableye-Mega, F, shiny|267\/303\n|move|p1a: Toxapex|Scald|p2a: Sableye\n|-damage|p2a: Sableye|228\/303\n|\n|upkeep\n|turn|211\n|\n|switch|p1a: Skarmory|Skarmory, M|277\/333\n|move|p2a: Sableye|Protect||[still]\n|-fail|p2a: Sableye\n|\n|upkeep\n|turn|212\n|\n|switch|p1a: Toxapex|Toxapex, M|303\/303\n|switch|p2a: Zapdos|Zapdos, shiny|290\/384\n|-ability|p2a: Zapdos|Pressure\n|\n|upkeep\n|turn|213\n|\n|switch|p1a: Chansey|Chansey, F|703\/703\n|move|p2a: Zapdos|Discharge|p1a: Chansey\n|-damage|p1a: Chansey|633\/703\n|\n|upkeep\n|turn|214\n|\n|switch|p2a: Sableye|Sableye-Mega, F, shiny|228\/303\n|switch|p1a: Toxapex|Toxapex, M|303\/303\n|\n|upkeep\n|turn|215\n|inactive|STALLER ALERT has 90 seconds left.\n|\n|switch|p2a: Zapdos|Zapdos, shiny|290\/384\n|-ability|p2a: Zapdos|Pressure\n|move|p1a: Toxapex|Scald|p2a: Zapdos\n|-damage|p2a: Zapdos|224\/384\n|\n|upkeep\n|turn|216\n|inactive|STALLER ALERT has 90 seconds left.\n|\n|switch|p2a: Shedinja|Shedinja, shiny|1\/1\n|switch|p1a: Chansey|Chansey, F|633\/703\n|\n|upkeep\n|turn|217\n|\n|switch|p2a: Sableye|Sableye-Mega, F, shiny|228\/303\n|switch|p1a: Sableye|Sableye-Mega, F|303\/303\n|\n|upkeep\n|turn|218\n|\n|switch|p1a: Toxapex|Toxapex, M|303\/303\n|move|p2a: Sableye|Foul Play|p1a: Toxapex\n|-damage|p1a: Toxapex|272\/303\n|\n|upkeep\n|turn|219\n|\n|switch|p1a: Skarmory|Skarmory, M|277\/333\n|switch|p2a: Shedinja|Shedinja, shiny|1\/1\n|\n|upkeep\n|turn|220\n|\n|switch|p2a: Sableye|Sableye-Mega, F, shiny|228\/303\n|switch|p1a: Toxapex|Toxapex, M|303\/303\n|\n|upkeep\n|turn|221\n|\n|switch|p2a: Shedinja|Shedinja, shiny|1\/1\n|move|p1a: Toxapex|Toxic Spikes|p2a: Shedinja\n|-sidestart|p2: STALLER ALERT|move: Toxic Spikes\n|\n|upkeep\n|turn|222\n|\n|switch|p1a: Skarmory|Skarmory, M|277\/333\n|move|p2a: Shedinja|Secret Power|p1a: Skarmory\n|-resisted|p1a: Skarmory\n|-damage|p1a: Skarmory|258\/333\n|\n|upkeep\n|turn|223\n|\n|switch|p1a: Magnezone|Magnezone|281\/281\n|move|p2a: Shedinja|Secret Power|p1a: Magnezone\n|-resisted|p1a: Magnezone\n|-damage|p1a: Magnezone|254\/281\n|\n|upkeep\n|turn|224\n|\n|switch|p1a: Skarmory|Skarmory, M|258\/333\n|move|p2a: Shedinja|Protect||[still]\n|-fail|p2a: Shedinja\n|\n|upkeep\n|turn|225\n|\n|switch|p1a: Sableye|Sableye-Mega, F|303\/303\n|move|p2a: Shedinja|Secret Power|p1a: Sableye\n|-immune|p1a: Sableye\n|\n|upkeep\n|turn|226\n|\n|switch|p2a: Gliscor|Gliscor, F, shiny|354\/354 tox\n|switch|p1a: Skarmory|Skarmory, M|258\/333\n|\n|upkeep\n|turn|227\n|\n|move|p2a: Gliscor|Defog|p1a: Skarmory\n|-unboost|p1a: Skarmory|evasion|1\n|-sideend|p2: STALLER ALERT|Toxic Spikes|[from] move: Defog|[of] p2a: Gliscor\n|move|p1a: Skarmory|Spikes|p2a: Gliscor\n|-sidestart|p2: STALLER ALERT|Spikes\n|\n|upkeep\n|turn|228\n|\n|move|p2a: Gliscor|Defog|p1a: Skarmory\n|-unboost|p1a: Skarmory|evasion|1\n|-sideend|p2: STALLER ALERT|Spikes|[from] move: Defog|[of] p2a: Gliscor\n|move|p1a: Skarmory|Spikes|p2a: Gliscor\n|-sidestart|p2: STALLER ALERT|Spikes\n|\n|upkeep\n|turn|229\n|\n|switch|p2a: Zapdos|Zapdos, shiny|224\/384\n|-ability|p2a: Zapdos|Pressure\n|move|p1a: Skarmory|Spikes|p2a: Zapdos\n|-sidestart|p2: STALLER ALERT|Spikes\n|\n|upkeep\n|turn|230\n|\n|switch|p1a: Chansey|Chansey, F|633\/703\n|move|p2a: Zapdos|Defog|p1a: Chansey\n|-unboost|p1a: Chansey|evasion|1\n|-sideend|p2: STALLER ALERT|Spikes|[from] move: Defog|[of] p2a: Zapdos\n|\n|upkeep\n|turn|231\n|j| gay in China\n|\n|switch|p2a: Sableye|Sableye-Mega, F, shiny|228\/303\n|switch|p1a: Toxapex|Toxapex, M|303\/303\n|\n|upkeep\n|turn|232\n|\n|switch|p1a: Skarmory|Skarmory, M|258\/333\n|switch|p2a: Shedinja|Shedinja, shiny|1\/1\n|\n|upkeep\n|turn|233\n|\n|switch|p1a: Toxapex|Toxapex, M|303\/303\n|move|p2a: Shedinja|Secret Power|p1a: Toxapex\n|-damage|p1a: Toxapex|267\/303\n|\n|upkeep\n|turn|234\n|\n|switch|p1a: Skarmory|Skarmory, M|258\/333\n|move|p2a: Shedinja|Secret Power|p1a: Skarmory\n|-resisted|p1a: Skarmory\n|-damage|p1a: Skarmory|240\/333\n|\n|upkeep\n|turn|235\n|\n|move|p2a: Shedinja|Secret Power|p1a: Skarmory\n|-resisted|p1a: Skarmory\n|-damage|p1a: Skarmory|222\/333\n|-status|p1a: Skarmory|par\n|move|p1a: Skarmory|Spikes|p2a: Shedinja\n|-sidestart|p2: STALLER ALERT|Spikes\n|\n|upkeep\n|turn|236\n|\n|switch|p1a: Chansey|Chansey, F|633\/703\n|move|p2a: Shedinja|Secret Power|p1a: Chansey\n|-damage|p1a: Chansey|540\/703\n|\n|upkeep\n|turn|237\n|inactive|STALLER ALERT has 60 seconds left.\n|\n|switch|p2a: Gliscor|Gliscor, F, shiny|354\/354 tox\n|switch|p1a: Skarmory|Skarmory, M|222\/333 par\n|\n|upkeep\n|turn|238\n|\n|move|p2a: Gliscor|Defog|p1a: Skarmory\n|-unboost|p1a: Skarmory|evasion|1\n|-sideend|p2: STALLER ALERT|Spikes|[from] move: Defog|[of] p2a: Gliscor\n|move|p1a: Skarmory|Spikes|p2a: Gliscor\n|-sidestart|p2: STALLER ALERT|Spikes\n|\n|upkeep\n|turn|239\n|\n|move|p2a: Gliscor|Defog|p1a: Skarmory\n|-unboost|p1a: Skarmory|evasion|1\n|-sideend|p2: STALLER ALERT|Spikes|[from] move: Defog|[of] p2a: Gliscor\n|cant|p1a: Skarmory|par\n|\n|upkeep\n|turn|240\n|\n|switch|p2a: Zapdos|Zapdos, shiny|224\/384\n|-ability|p2a: Zapdos|Pressure\n|switch|p1a: Clefable|Clefable, F|355\/393\n|\n|upkeep\n|turn|241\n|inactive|STALLER ALERT has 60 seconds left.\n|\n|move|p2a: Zapdos|Discharge|p1a: Clefable\n|-damage|p1a: Clefable|222\/393\n|-status|p1a: Clefable|par\n|move|p1a: Clefable|Heal Bell|p1a: Clefable\n|-activate|p1a: Clefable|move: Heal Bell\n|-curestatus|p1a: Clefable|par|[msg]\n|-curestatus|p1: Skarmory|par|[msg]\n|\n|upkeep\n|turn|242\n|inactive|STALLER ALERT has 60 seconds left.\n|\n|move|p1a: Clefable|Protect|p1a: Clefable\n|-singleturn|p1a: Clefable|Protect\n|move|p2a: Zapdos|Discharge|p1a: Clefable\n|-activate|p1a: Clefable|move: Protect\n|\n|upkeep\n|turn|243\n|\n|switch|p1a: Chansey|Chansey, F|540\/703\n|move|p2a: Zapdos|Discharge|p1a: Chansey\n|-crit|p1a: Chansey\n|-damage|p1a: Chansey|432\/703\n|\n|upkeep\n|turn|244\n|\n|switch|p2a: Sableye|Sableye-Mega, F, shiny|228\/303\n|move|p1a: Chansey|Soft-Boiled|p1a: Chansey\n|-heal|p1a: Chansey|703\/703\n|\n|upkeep\n|turn|245\n|\n|switch|p1a: Skarmory|Skarmory, M|222\/333\n|switch|p2a: Shedinja|Shedinja, shiny|1\/1\n|\n|upkeep\n|turn|246\n|\n|move|p2a: Shedinja|Will-O-Wisp|p1a: Skarmory\n|-status|p1a: Skarmory|brn\n|move|p1a: Skarmory|Roost|p1a: Skarmory\n|-heal|p1a: Skarmory|333\/333 brn\n|-singleturn|p1a: Skarmory|move: Roost\n|\n|-damage|p1a: Skarmory|313\/333 brn|[from] brn\n|upkeep\n|turn|247\n|\n|switch|p2a: Sableye|Sableye-Mega, F, shiny|228\/303\n|switch|p1a: Toxapex|Toxapex, M|303\/303\n|\n|upkeep\n|turn|248\n|\n|switch|p2a: Shedinja|Shedinja, shiny|1\/1\n|move|p1a: Toxapex|Scald|p2a: Shedinja\n|-immune|p2a: Shedinja|[from] ability: Wonder Guard\n|\n|upkeep\n|turn|249\n|\n|switch|p1a: Clefable|Clefable, F|222\/393\n|move|p2a: Shedinja|Secret Power|p1a: Clefable\n|-damage|p1a: Clefable|160\/393\n|\n|upkeep\n|turn|250\n|\n|move|p2a: Shedinja|Secret Power|p1a: Clefable\n|-damage|p1a: Clefable|101\/393\n|-status|p1a: Clefable|par\n|move|p1a: Clefable|Wish|p1a: Clefable\n|\n|upkeep\n|turn|251\n|\n|switch|p1a: Toxapex|Toxapex, M|303\/303\n|move|p2a: Shedinja|Secret Power|p1a: Toxapex\n|-damage|p1a: Toxapex|267\/303\n|\n|-heal|p1a: Toxapex|303\/303|[from] move: Wish|[wisher] Clefable\n|upkeep\n|turn|252\n|\n|switch|p2a: Sableye|Sableye-Mega, F, shiny|228\/303\n|move|p1a: Toxapex|Scald|p2a: Sableye\n|-damage|p2a: Sableye|192\/303\n|\n|upkeep\n|turn|253\n|inactive|STALLER ALERT has 30 seconds left.\n|\n|switch|p1a: Skarmory|Skarmory, M|313\/333 brn\n|switch|p2a: Shedinja|Shedinja, shiny|1\/1\n|\n|-damage|p1a: Skarmory|293\/333 brn|[from] brn\n|upkeep\n|turn|254\n|inactive|STALLER ALERT has 30 seconds left.\n|\n|switch|p2a: Zapdos|Zapdos, shiny|224\/384\n|-ability|p2a: Zapdos|Pressure\n|move|p1a: Skarmory|Spikes|p2a: Zapdos\n|-sidestart|p2: STALLER ALERT|Spikes\n|\n|-damage|p1a: Skarmory|273\/333 brn|[from] brn\n|upkeep\n|turn|255\n|inactive|STALLER ALERT has 30 seconds left this turn.\n|\n|switch|p1a: Chansey|Chansey, F|703\/703\n|move|p2a: Zapdos|Defog|p1a: Chansey\n|-unboost|p1a: Chansey|evasion|1\n|-sideend|p2: STALLER ALERT|Spikes|[from] move: Defog|[of] p2a: Zapdos\n|\n|upkeep\n|turn|256\n|inactive|STALLER ALERT has 30 seconds left this turn.\n|\n|switch|p2a: Sableye|Sableye-Mega, F, shiny|192\/303\n|switch|p1a: Toxapex|Toxapex, M|303\/303\n|\n|upkeep\n|turn|257\n|inactive|STALLER ALERT has 25 seconds left this turn.\n|inactive|STALLER ALERT has 20 seconds left.\n|\n|switch|p1a: Skarmory|Skarmory, M|273\/333 brn\n|switch|p2a: Zapdos|Zapdos, shiny|224\/384\n|-ability|p2a: Zapdos|Pressure\n|\n|-damage|p1a: Skarmory|253\/333 brn|[from] brn\n|upkeep\n|turn|258\n|inactive|STALLER ALERT has 25 seconds left this turn.\n|j| Uhciar\n|inactive|STALLER ALERT has 20 seconds left.\n|\n|switch|p1a: Chansey|Chansey, F|703\/703\n|move|p2a: Zapdos|Roost|p2a: Zapdos\n|-heal|p2a: Zapdos|384\/384\n|-singleturn|p2a: Zapdos|move: Roost\n|\n|upkeep\n|turn|259\n|inactive|STALLER ALERT has 20 seconds left this turn.\n|inactive|STALLER ALERT has 15 seconds left.\n|\n|switch|p2a: Sableye|Sableye-Mega, F, shiny|192\/303\n|switch|p1a: Toxapex|Toxapex, M|303\/303\n|\n|upkeep\n|turn|260\n|inactive|STALLER ALERT has 20 seconds left this turn.\n|inactive|STALLER ALERT has 15 seconds left.\n|\n|switch|p2a: Shedinja|Shedinja, shiny|1\/1\n|move|p1a: Toxapex|Toxic Spikes|p2a: Shedinja\n|-sidestart|p2: STALLER ALERT|move: Toxic Spikes\n|\n|upkeep\n|turn|261\n|inactive|STALLER ALERT has 15 seconds left this turn.\n|inactive|STALLER ALERT has 10 seconds left.\n|\n|switch|p1a: Chansey|Chansey, F|703\/703\n|move|p2a: Shedinja|Secret Power|p1a: Chansey\n|-crit|p1a: Chansey\n|-damage|p1a: Chansey|575\/703\n|-status|p1a: Chansey|par\n|\n|upkeep\n|turn|262\n|inactive|STALLER ALERT has 15 seconds left this turn.\n|-message|STALLER ALERT forfeited.\n|\n|win|JoeyOwesMeMoney\n|inactive|STALLER ALERT has 20 seconds left this turn.\n|l|\u2606STALLER ALERT\n|raw|JoeyOwesMeMoney's rating: 1713 &rarr; <strong>1730<\/strong><br \/>(+17 for winning)\n|raw|STALLER ALERT's rating: 1660 &rarr; <strong>1643<\/strong><br \/>(-17 for losing)\n|l| gay in China\n","uploadtime":1559273372,"views":20,"p1id":"joeyowesmemoney","p2id":"stalleralert","formatid":"gen7ou","rating":1643,"private":0,"password":null}