{"id":"gen7ou-1123553318","p1":"grc111","p2":"Moskito Cup","format":"gen7ou","log":"|j|\u203dgrc111\n|j|\u2606Moskito Cup\n|player|p1|grc111|101|1924\n|player|p2|Moskito Cup|1|1818\n|teamsize|p1|6\n|teamsize|p2|6\n|gametype|singles\n|gen|7\n|tier|[Gen 7] OU\n|rated|\n|clearpoke\n|poke|p1|Medicham, F|item\n|poke|p1|Landorus-Therian, M|item\n|poke|p1|Magearna|item\n|poke|p1|Greninja, M|item\n|poke|p1|Tapu Koko|item\n|poke|p1|Hawlucha, F|item\n|poke|p2|Venusaur, M|item\n|poke|p2|Keldeo-Resolute|item\n|poke|p2|Skarmory, M|item\n|poke|p2|Chansey, F|item\n|poke|p2|Heatran, M|item\n|poke|p2|Bisharp, M|item\n|rule|Sleep Clause Mod: Limit one foe put to sleep\n|rule|Species Clause: Limit one of each Pok\u00e9mon\n|rule|OHKO Clause: OHKO moves are banned\n|rule|Moody Clause: Moody is banned\n|rule|Evasion Moves Clause: Evasion moves are banned\n|rule|Endless Battle Clause: Forcing endless battles is banned\n|rule|HP Percentage Mod: HP is shown in percentages\n|teampreview\n|\n|start\n|switch|p1a: Tapu Koko|Tapu Koko|100\/100\n|switch|p2a: Venusaur|Venusaur, M|100\/100\n|-fieldstart|move: Electric Terrain|[from] ability: Electric Surge|[of] p1a: Tapu Koko\n|turn|1\n|inactive|Battle timer is ON: inactive players will automatically lose when time's up. (requested by Moskito Cup)\n|raw|<div class=\"broadcast-red\"><strong>Moderated join is set to sync with modchat!<\/strong><br \/>Only users who can speak in modchat can join.<\/div>\n|c|\u2606Moskito Cup|\/log Moskito Cup set modjoin to sync with modchat.\n|raw|<div class=\"broadcast-red\"><strong>Moderated chat was set to +!<\/strong><br \/>Only users of rank + and higher can talk.<\/div>\n|c|\u2606Moskito Cup|\/log Moskito Cup made this room hidden.\n|\n|detailschange|p2a: Venusaur|Venusaur-Mega, M\n|-mega|p2a: Venusaur|Venusaur|Venusaurite\n|move|p1a: Tapu Koko|Volt Switch|p2a: Venusaur\n|-resisted|p2a: Venusaur\n|-crit|p2a: Venusaur\n|-damage|p2a: Venusaur|65\/100\n|-damage|p1a: Tapu Koko|91\/100|[from] item: Life Orb\n|\n|switch|p1a: Magearna|Magearna|100\/100|[from]move: Volt Switch\n|move|p2a: Venusaur|Giga Drain|p1a: Magearna\n|-resisted|p1a: Magearna\n|-damage|p1a: Magearna|90\/100\n|-heal|p2a: Venusaur|71\/100|[from] drain|[of] p1a: Magearna\n|\n|-heal|p1a: Magearna|96\/100|[from] item: Leftovers\n|upkeep\n|turn|2\n|\n|switch|p2a: Heatran|Heatran, M|100\/100\n|move|p1a: Magearna|Calm Mind|p1a: Magearna\n|-boost|p1a: Magearna|spa|1\n|-boost|p1a: Magearna|spd|1\n|\n|-heal|p1a: Magearna|100\/100|[from] item: Leftovers\n|upkeep\n|turn|3\n|\n|move|p2a: Heatran|Stealth Rock|p1a: Magearna\n|-sidestart|p1: grc111|move: Stealth Rock\n|move|p1a: Magearna|Calm Mind|p1a: Magearna\n|-boost|p1a: Magearna|spa|1\n|-boost|p1a: Magearna|spd|1\n|\n|upkeep\n|turn|4\n|\n|switch|p2a: Chansey|Chansey, F|100\/100\n|move|p1a: Magearna|Thunderbolt|p2a: Chansey\n|-damage|p2a: Chansey|76\/100\n|\n|upkeep\n|turn|5\n|\n|switch|p1a: Tapu Koko|Tapu Koko|91\/100\n|-damage|p1a: Tapu Koko|78\/100|[from] Stealth Rock\n|switch|p2a: Keldeo|Keldeo-Resolute|100\/100\n|\n|-fieldend|move: Electric Terrain\n|upkeep\n|turn|6\n|\n|switch|p2a: Heatran|Heatran, M|100\/100\n|move|p1a: Tapu Koko|Volt Switch|p2a: Heatran\n|-damage|p2a: Heatran|69\/100\n|-damage|p1a: Tapu Koko|68\/100|[from] item: Life Orb\n|\n|switch|p1a: Medicham|Medicham, F|100\/100|[from]move: Volt Switch\n|-damage|p1a: Medicham|94\/100|[from] Stealth Rock\n|\n|-heal|p2a: Heatran|75\/100|[from] item: Leftovers\n|upkeep\n|turn|7\n|\n|detailschange|p1a: Medicham|Medicham-Mega, F\n|-mega|p1a: Medicham|Medicham|Medichamite\n|move|p1a: Medicham|High Jump Kick|p2a: Heatran\n|-supereffective|p2a: Heatran\n|-damage|p2a: Heatran|0 fnt\n|faint|p2a: Heatran\n|\n|upkeep\n|\n|switch|p2a: Keldeo|Keldeo-Resolute|100\/100\n|turn|8\n|\n|move|p2a: Keldeo|Scald|p1a: Medicham\n|-damage|p1a: Medicham|33\/100\n|-status|p1a: Medicham|brn\n|move|p1a: Medicham|Zen Headbutt|p2a: Keldeo\n|-supereffective|p2a: Keldeo\n|-damage|p2a: Keldeo|16\/100\n|\n|-heal|p2a: Keldeo|22\/100|[from] item: Leftovers\n|-damage|p1a: Medicham|27\/100 brn|[from] brn\n|upkeep\n|turn|9\n|\n|move|p2a: Keldeo|Scald|p1a: Medicham\n|-damage|p1a: Medicham|0 fnt\n|faint|p1a: Medicham\n|\n|-heal|p2a: Keldeo|29\/100|[from] item: Leftovers\n|upkeep\n|\n|switch|p1a: Tapu Koko|Tapu Koko|68\/100\n|-damage|p1a: Tapu Koko|56\/100|[from] Stealth Rock\n|-fieldstart|move: Electric Terrain|[from] ability: Electric Surge|[of] p1a: Tapu Koko\n|turn|10\n|\n|switch|p2a: Venusaur|Venusaur-Mega, M|71\/100\n|move|p1a: Tapu Koko|Volt Switch|p2a: Venusaur\n|-resisted|p2a: Venusaur\n|-damage|p2a: Venusaur|48\/100\n|-damage|p1a: Tapu Koko|46\/100|[from] item: Life Orb\n|\n|switch|p1a: Landorus|Landorus-Therian, M|100\/100|[from]move: Volt Switch\n|-damage|p1a: Landorus|88\/100|[from] Stealth Rock\n|-ability|p1a: Landorus|Intimidate|boost\n|-unboost|p2a: Venusaur|atk|1\n|\n|upkeep\n|turn|11\n|\n|move|p1a: Landorus|Stealth Rock|p2a: Venusaur\n|-sidestart|p2: Moskito Cup|move: Stealth Rock\n|move|p2a: Venusaur|Synthesis|p2a: Venusaur\n|-heal|p2a: Venusaur|98\/100\n|\n|upkeep\n|turn|12\n|\n|switch|p1a: Magearna|Magearna|100\/100\n|-damage|p1a: Magearna|94\/100|[from] Stealth Rock\n|move|p2a: Venusaur|Giga Drain|p1a: Magearna\n|-resisted|p1a: Magearna\n|-damage|p1a: Magearna|83\/100\n|-heal|p2a: Venusaur|100\/100|[from] drain|[of] p1a: Magearna\n|\n|-heal|p1a: Magearna|89\/100|[from] item: Leftovers\n|upkeep\n|turn|13\n|\n|switch|p2a: Chansey|Chansey, F|76\/100\n|-damage|p2a: Chansey|64\/100|[from] Stealth Rock\n|move|p1a: Magearna|Calm Mind|p1a: Magearna\n|-boost|p1a: Magearna|spa|1\n|-boost|p1a: Magearna|spd|1\n|\n|-heal|p1a: Magearna|95\/100|[from] item: Leftovers\n|upkeep\n|turn|14\n|\n|switch|p1a: Landorus|Landorus-Therian, M|88\/100\n|-damage|p1a: Landorus|76\/100|[from] Stealth Rock\n|-ability|p1a: Landorus|Intimidate|boost\n|-unboost|p2a: Chansey|atk|1\n|move|p2a: Chansey|Soft-Boiled|p2a: Chansey\n|-heal|p2a: Chansey|100\/100\n|\n|-fieldend|move: Electric Terrain\n|upkeep\n|turn|15\n|\n|move|p1a: Landorus|Smack Down|p2a: Chansey\n|-damage|p2a: Chansey|90\/100\n|move|p2a: Chansey|Seismic Toss|p1a: Landorus\n|-damage|p1a: Landorus|49\/100\n|-damage|p2a: Chansey|73\/100|[from] item: Rocky Helmet|[of] p1a: Landorus\n|\n|upkeep\n|turn|16\n|\n|switch|p2a: Venusaur|Venusaur-Mega, M|100\/100\n|-damage|p2a: Venusaur|88\/100|[from] Stealth Rock\n|move|p1a: Landorus|Earthquake|p2a: Venusaur\n|-crit|p2a: Venusaur\n|-damage|p2a: Venusaur|43\/100\n|\n|upkeep\n|turn|17\n|\n|move|p1a: Landorus|Swords Dance|p1a: Landorus\n|-boost|p1a: Landorus|atk|2\n|move|p2a: Venusaur|Giga Drain|p1a: Landorus\n|-damage|p1a: Landorus|13\/100\n|-heal|p2a: Venusaur|61\/100|[from] drain|[of] p1a: Landorus\n|\n|upkeep\n|turn|18\n|\n|move|p1a: Landorus|Earthquake|p2a: Venusaur\n|-damage|p2a: Venusaur|2\/100\n|move|p2a: Venusaur|Giga Drain|p1a: Landorus\n|-damage|p1a: Landorus|0 fnt\n|-heal|p2a: Venusaur|8\/100|[from] drain|[of] p1a: Landorus\n|faint|p1a: Landorus\n|\n|upkeep\n|\n|switch|p1a: Greninja|Greninja, M|100\/100\n|-damage|p1a: Greninja|88\/100|[from] Stealth Rock\n|turn|19\n|\n|switch|p2a: Chansey|Chansey, F|73\/100\n|-damage|p2a: Chansey|61\/100|[from] Stealth Rock\n|move|p1a: Greninja|Dark Pulse|p2a: Chansey\n|-damage|p2a: Chansey|50\/100\n|\n|upkeep\n|turn|20\n|\n|move|p1a: Greninja|Spikes|p2a: Chansey\n|-sidestart|p2: Moskito Cup|Spikes\n|move|p2a: Chansey|Thunder Wave|p1a: Greninja\n|-status|p1a: Greninja|par\n|\n|upkeep\n|turn|21\n|\n|move|p1a: Greninja|Spikes|p2a: Chansey\n|-sidestart|p2: Moskito Cup|Spikes\n|move|p2a: Chansey|Soft-Boiled|p2a: Chansey\n|-heal|p2a: Chansey|99\/100\n|\n|upkeep\n|turn|22\n|\n|cant|p1a: Greninja|par\n|move|p2a: Chansey|Seismic Toss|p1a: Greninja\n|-damage|p1a: Greninja|53\/100 par\n|\n|upkeep\n|turn|23\n|\n|switch|p2a: Keldeo|Keldeo-Resolute|29\/100\n|-damage|p2a: Keldeo|22\/100|[from] Stealth Rock\n|-damage|p2a: Keldeo|6\/100|[from] Spikes\n|move|p1a: Greninja|Spikes|p2a: Keldeo\n|-sidestart|p2: Moskito Cup|Spikes\n|\n|-heal|p2a: Keldeo|12\/100|[from] item: Leftovers\n|upkeep\n|turn|24\n|\n|cant|p1a: Greninja|par\n|move|p2a: Keldeo|Secret Sword|p1a: Greninja\n|-supereffective|p1a: Greninja\n|-damage|p1a: Greninja|0 fnt\n|faint|p1a: Greninja\n|\n|-heal|p2a: Keldeo|18\/100|[from] item: Leftovers\n|upkeep\n|\n|switch|p1a: Tapu Koko|Tapu Koko|46\/100\n|-damage|p1a: Tapu Koko|33\/100|[from] Stealth Rock\n|-fieldstart|move: Electric Terrain|[from] ability: Electric Surge|[of] p1a: Tapu Koko\n|turn|25\n|\n|move|p1a: Tapu Koko|Thunderbolt|p2a: Keldeo\n|-supereffective|p2a: Keldeo\n|-damage|p2a: Keldeo|0 fnt\n|-damage|p1a: Tapu Koko|23\/100|[from] item: Life Orb\n|faint|p2a: Keldeo\n|\n|upkeep\n|\n|switch|p2a: Chansey|Chansey, F|99\/100\n|-damage|p2a: Chansey|87\/100|[from] Stealth Rock\n|-damage|p2a: Chansey|63\/100|[from] Spikes\n|turn|26\n|\n|move|p1a: Tapu Koko|Volt Switch|p2a: Chansey\n|-damage|p2a: Chansey|45\/100\n|-damage|p1a: Tapu Koko|13\/100|[from] item: Life Orb\n|\n|switch|p1a: Hawlucha|Hawlucha, F|100\/100|[from]move: Volt Switch\n|-damage|p1a: Hawlucha|88\/100|[from] Stealth Rock\n|-enditem|p1a: Hawlucha|Electric Seed\n|-boost|p1a: Hawlucha|def|1|[from] item: Electric Seed\n|move|p2a: Chansey|Soft-Boiled|p2a: Chansey\n|-heal|p2a: Chansey|95\/100\n|\n|upkeep\n|turn|27\n|\n|switch|p1a: Tapu Koko|Tapu Koko|13\/100\n|-damage|p1a: Tapu Koko|1\/100|[from] Stealth Rock\n|switch|p2a: Skarmory|Skarmory, M|100\/100\n|-damage|p2a: Skarmory|88\/100|[from] Stealth Rock\n|\n|upkeep\n|turn|28\n|\n|switch|p2a: Venusaur|Venusaur-Mega, M|8\/100\n|-damage|p2a: Venusaur|0 fnt|[from] Spikes\n|faint|p2a: Venusaur\n|move|p1a: Tapu Koko|Volt Switch|p2: Venusaur|[notarget]\n|-fail|p1a: Tapu Koko\n|\n|upkeep\n|\n|switch|p2a: Bisharp|Bisharp, M|100\/100\n|-damage|p2a: Bisharp|94\/100|[from] Stealth Rock\n|-damage|p2a: Bisharp|70\/100|[from] Spikes\n|turn|29\n|\n|switch|p1a: Hawlucha|Hawlucha, F|88\/100\n|-damage|p1a: Hawlucha|76\/100|[from] Stealth Rock\n|move|p2a: Bisharp|Sucker Punch||[still]\n|-fail|p2a: Bisharp\n|\n|-heal|p2a: Bisharp|76\/100|[from] item: Leftovers\n|-fieldend|move: Electric Terrain\n|upkeep\n|turn|30\n|\n|switch|p2a: Skarmory|Skarmory, M|88\/100\n|-damage|p2a: Skarmory|76\/100|[from] Stealth Rock\n|move|p1a: Hawlucha|Swords Dance|p1a: Hawlucha\n|-boost|p1a: Hawlucha|atk|2\n|\n|upkeep\n|turn|31\n|\n|move|p1a: Hawlucha|High Jump Kick|p2a: Skarmory\n|-damage|p2a: Skarmory|12\/100\n|-damage|p1a: Hawlucha|59\/100|[from] item: Rocky Helmet|[of] p2a: Skarmory\n|move|p2a: Skarmory|Brave Bird|p1a: Hawlucha\n|-supereffective|p1a: Hawlucha\n|-damage|p1a: Hawlucha|0 fnt\n|-damage|p2a: Skarmory|0 fnt|[from] Recoil\n|faint|p1a: Hawlucha\n|faint|p2a: Skarmory\n|\n|upkeep\n|\n|switch|p1a: Magearna|Magearna|95\/100\n|switch|p2a: Chansey|Chansey, F|95\/100\n|-damage|p1a: Magearna|89\/100|[from] Stealth Rock\n|-damage|p2a: Chansey|83\/100|[from] Stealth Rock\n|-damage|p2a: Chansey|58\/100|[from] Spikes\n|turn|32\n|\n|move|p1a: Magearna|Calm Mind|p1a: Magearna\n|-boost|p1a: Magearna|spa|1\n|-boost|p1a: Magearna|spd|1\n|move|p2a: Chansey|Thunder Wave|p1a: Magearna\n|-status|p1a: Magearna|par\n|\n|-heal|p1a: Magearna|95\/100 par|[from] item: Leftovers\n|upkeep\n|turn|33\n|\n|move|p2a: Chansey|Seismic Toss|p1a: Magearna\n|-damage|p1a: Magearna|67\/100 par\n|move|p1a: Magearna|Calm Mind|p1a: Magearna\n|-boost|p1a: Magearna|spa|1\n|-boost|p1a: Magearna|spd|1\n|\n|-heal|p1a: Magearna|74\/100 par|[from] item: Leftovers\n|upkeep\n|turn|34\n|\n|move|p2a: Chansey|Seismic Toss|p1a: Magearna\n|-damage|p1a: Magearna|46\/100 par\n|move|p1a: Magearna|Calm Mind|p1a: Magearna\n|-boost|p1a: Magearna|spa|1\n|-boost|p1a: Magearna|spd|1\n|\n|-heal|p1a: Magearna|52\/100 par|[from] item: Leftovers\n|upkeep\n|turn|35\n|\n|move|p2a: Chansey|Seismic Toss|p1a: Magearna\n|-damage|p1a: Magearna|24\/100 par\n|move|p1a: Magearna|Pain Split|p2a: Chansey\n|-sethp|p2a: Chansey|35\/100|[from] move: Pain Split|[silent]\n|-sethp|p1a: Magearna|68\/100 par|[from] move: Pain Split\n|\n|-heal|p1a: Magearna|74\/100 par|[from] item: Leftovers\n|upkeep\n|turn|36\n|\n|move|p2a: Chansey|Soft-Boiled|p2a: Chansey\n|-heal|p2a: Chansey|85\/100\n|cant|p1a: Magearna|par\n|\n|-heal|p1a: Magearna|80\/100 par|[from] item: Leftovers\n|upkeep\n|turn|37\n|\n|move|p2a: Chansey|Seismic Toss|p1a: Magearna\n|-damage|p1a: Magearna|53\/100 par\n|cant|p1a: Magearna|par\n|\n|-heal|p1a: Magearna|59\/100 par|[from] item: Leftovers\n|upkeep\n|turn|38\n|\n|move|p2a: Chansey|Seismic Toss|p1a: Magearna\n|-damage|p1a: Magearna|31\/100 par\n|move|p1a: Magearna|Calm Mind|p1a: Magearna\n|-boost|p1a: Magearna|spa|1\n|-boost|p1a: Magearna|spd|1\n|\n|-heal|p1a: Magearna|37\/100 par|[from] item: Leftovers\n|upkeep\n|turn|39\n|\n|switch|p2a: Bisharp|Bisharp, M|76\/100\n|-damage|p2a: Bisharp|70\/100|[from] Stealth Rock\n|-damage|p2a: Bisharp|45\/100|[from] Spikes\n|move|p1a: Magearna|Pain Split|p2a: Bisharp\n|-sethp|p2a: Bisharp|43\/100|[from] move: Pain Split|[silent]\n|-sethp|p1a: Magearna|39\/100 par|[from] move: Pain Split\n|\n|-heal|p2a: Bisharp|49\/100|[from] item: Leftovers\n|-heal|p1a: Magearna|45\/100 par|[from] item: Leftovers\n|upkeep\n|turn|40\n|\n|move|p2a: Bisharp|Iron Head|p1a: Magearna\n|-damage|p1a: Magearna|13\/100 par\n|cant|p1a: Magearna|flinch\n|\n|-heal|p2a: Bisharp|55\/100|[from] item: Leftovers\n|-heal|p1a: Magearna|19\/100 par|[from] item: Leftovers\n|upkeep\n|turn|41\n|-message|grc111 forfeited.\n|\n|win|Moskito Cup\n|c|\u2606Moskito Cup|\/log Moskito Cup made this room public.\n||Ladder (probably) updated, but score could not be retrieved (Response not received).\n","uploadtime":1590797629,"views":201,"p1id":"grc111","p2id":"moskitocup","formatid":"gen7ou","rating":0,"private":0,"password":null}