{"id":"gen7battlefactory-818561821","p1":"togepiee","p2":"CarlyBae","format":"gen7battlefactory","log":"|j|\u2606togepiee\n|j|\u2606CarlyBae\n|player|p1|togepiee|169\n|player|p2|CarlyBae|170\n|teamsize|p1|6\n|teamsize|p2|6\n|gametype|singles\n|gen|7\n|tier|[Gen 7] Battle Factory\n|rated|\n|seed|61263,37225,3264,6162\n|rule|Sleep Clause Mod: Limit one foe put to sleep\n|clearpoke\n|poke|p1|Sneasel, F|item\n|poke|p1|Persian-Alola, M|item\n|poke|p1|Chesnaught, F|item\n|poke|p1|Donphan, M|item\n|poke|p1|Ferroseed, F|item\n|poke|p1|Salazzle, F|item\n|poke|p2|Cloyster, F|item\n|poke|p2|Slurpuff, F|item\n|poke|p2|Jolteon, F|item\n|poke|p2|Registeel|item\n|poke|p2|Xatu, F|item\n|poke|p2|Blastoise, F|item\n|rule|HP Percentage Mod: HP is shown in percentages\n|rule|Mega Rayquaza Clause: You cannot mega evolve Rayquaza\n|teampreview\n|inactive|Battle timer is ON: inactive players will automatically lose when time's up. (requested by togepiee)\n|\n|start\n|switch|p1a: Donphan|Donphan, M|384\/384\n|switch|p2a: Jolteon|Jolteon, F|271\/271\n|turn|1\n|\n|switch|p2a: Blastoise|Blastoise, F|362\/362\n|move|p1a: Donphan|Knock Off|p2a: Blastoise\n|-damage|p2a: Blastoise|281\/362\n|-enditem|p2a: Blastoise|Leftovers|[from] move: Knock Off|[of] p1a: Donphan\n|\n|upkeep\n|turn|2\n|\n|switch|p1a: Ferroseed|Ferroseed, F|292\/292\n|move|p2a: Blastoise|Scald|p1a: Ferroseed\n|-resisted|p1a: Ferroseed\n|-damage|p1a: Ferroseed|264\/292\n|-status|p1a: Ferroseed|brn\n|\n|-damage|p1a: Ferroseed|246\/292 brn|[from] brn\n|upkeep\n|turn|3\n|\n|move|p2a: Blastoise|Scald|p1a: Ferroseed\n|-resisted|p1a: Ferroseed\n|-damage|p1a: Ferroseed|221\/292 brn\n|move|p1a: Ferroseed|Knock Off|p2a: Blastoise\n|-damage|p2a: Blastoise|271\/362\n|\n|-damage|p1a: Ferroseed|203\/292 brn|[from] brn\n|upkeep\n|turn|4\n|\n|switch|p2a: Xatu|Xatu, F|333\/333\n|move|p1a: Ferroseed|Knock Off|p2a: Xatu\n|-supereffective|p2a: Xatu\n|-damage|p2a: Xatu|292\/333\n|-enditem|p2a: Xatu|Leftovers|[from] move: Knock Off|[of] p1a: Ferroseed\n|\n|-damage|p1a: Ferroseed|185\/292 brn|[from] brn\n|upkeep\n|turn|5\n|\n|switch|p1a: Persian|Persian-Alola, M|334\/334\n|move|p2a: Xatu|Heat Wave|p1a: Persian\n|-damage|p1a: Persian|224\/334\n|\n|upkeep\n|turn|6\n|\n|move|p1a: Persian|Foul Play|p2a: Xatu\n|-supereffective|p2a: Xatu\n|-damage|p2a: Xatu|146\/333\n|move|p2a: Xatu|U-turn|p1a: Persian\n|-supereffective|p1a: Persian\n|-damage|p1a: Persian|168\/334\n|\n|switch|p2a: Registeel|Registeel|364\/364|[from]move: U-turn\n|\n|upkeep\n|turn|7\n|\n|move|p1a: Persian|Taunt|p2a: Registeel\n|-start|p2a: Registeel|move: Taunt\n|move|p2a: Registeel|Seismic Toss|p1a: Persian\n|-damage|p1a: Persian|68\/334\n|\n|upkeep\n|turn|8\n|\n|switch|p1a: Donphan|Donphan, M|384\/384\n|move|p2a: Registeel|Seismic Toss|p1a: Donphan\n|-damage|p1a: Donphan|284\/384\n|\n|-heal|p1a: Donphan|308\/384|[from] item: Leftovers\n|upkeep\n|turn|9\n|inactive|togepiee has 120 seconds left.\n|inactive|togepiee has 90 seconds left.\n|\n|switch|p2a: Blastoise|Blastoise, F|271\/362\n|move|p1a: Donphan|Knock Off|p2a: Blastoise\n|-damage|p2a: Blastoise|216\/362\n|\n|-heal|p1a: Donphan|332\/384|[from] item: Leftovers\n|upkeep\n|turn|10\n|\n|switch|p1a: Ferroseed|Ferroseed, F|185\/292 brn\n|move|p2a: Blastoise|Scald|p1a: Ferroseed\n|-resisted|p1a: Ferroseed\n|-damage|p1a: Ferroseed|155\/292 brn\n|\n|-damage|p1a: Ferroseed|137\/292 brn|[from] brn\n|upkeep\n|turn|11\n|\n|switch|p1a: Sneasel|Sneasel, F|251\/251\n|move|p2a: Blastoise|Scald|p1a: Sneasel\n|-damage|p1a: Sneasel|154\/251\n|\n|upkeep\n|turn|12\n|-message|togepiee forfeited.\n|\n|win|CarlyBae\n|l|\u2606togepiee\n|raw|togepiee's rating: 1362 &rarr; <strong>1346<\/strong><br \/>(-16 for losing)\n|raw|CarlyBae's rating: 1438 &rarr; <strong>1453<\/strong><br \/>(+15 for winning)\n","inputlog":">version f3aecd15f12604bf7278b9c1583b4957fa82025a\n>start {\"formatid\":\"gen7battlefactory\",\"seed\":[61263,37225,3264,6162],\"rated\":\"Rated battle\"}\n>player p1 {\"name\":\"togepiee\",\"avatar\":\"169\",\"team\":\"\"}\n>player p2 {\"name\":\"CarlyBae\",\"avatar\":\"170\",\"team\":\"\"}\n>p1 team 4, 2, 3, 1, 5, 6\n>p2 team 3, 2, 1, 4, 5, 6\n>p1 move knockoff\n>p2 switch 6\n>p1 switch 5\n>p2 move scald\n>p1 move knockoff\n>p2 move scald\n>p1 move knockoff\n>p2 switch 5\n>p1 switch 2\n>p2 move heatwave\n>p1 move foulplay\n>p2 move uturn\n>p2 switch 4\n>p1 move taunt\n>p2 move seismictoss\n>p1 switch 5\n>p2 move seismictoss\n>p1 move knockoff\n>p2 switch 5\n>p1 switch 2\n>p2 move scald\n>p1 switch 4\n>p2 move scald","uploadtime":1539232238,"views":2,"p1id":"togepiee","p2id":"carlybae","formatid":"gen7battlefactory","rating":1346,"private":0,"password":null}