{"id":"gen7ou-1697202971","p1":"Nyanpasuuuuu","p2":"alvar03","format":"gen7ou","log":"|j|\u2606Nyanpasuuuuu\n|j|\u2606alvar03\n|t:|1666975100\n|gametype|singles\n|player|p1|Nyanpasuuuuu|265|1460\n|player|p2|alvar03|alder|1531\n|teamsize|p1|6\n|teamsize|p2|6\n|gen|7\n|tier|[Gen 7] OU\n|rated|\n|rule|Sleep Clause Mod: Limit one foe put to sleep\n|rule|Species Clause: Limit one of each Pok\u00e9mon\n|rule|OHKO Clause: OHKO moves are banned\n|rule|Moody Clause: Moody is banned\n|rule|Evasion Items Clause: Evasion items are banned\n|rule|Evasion Moves Clause: Evasion moves are banned\n|rule|Endless Battle Clause: Forcing endless battles is banned\n|rule|HP Percentage Mod: HP is shown in percentages\n|clearpoke\n|poke|p1|Breloom, M|item\n|poke|p1|Magearna|item\n|poke|p1|Gallade, M|item\n|poke|p1|Blacephalon|item\n|poke|p1|Xurkitree|item\n|poke|p1|Tapu Bulu|item\n|poke|p2|Landorus-Therian, M|item\n|poke|p2|Tyranitar, F|item\n|poke|p2|Kartana|item\n|poke|p2|Serperior, F|item\n|poke|p2|Greninja, M|item\n|poke|p2|Tapu Fini|item\n|teampreview\n|j| lonleyheadass.exe\n|\n|t:|1666975111\n|start\n|switch|p1a: Gallade|Gallade, M|100\/100\n|switch|p2a: Landorus|Landorus-Therian, M|100\/100\n|-ability|p2a: Landorus|Intimidate|boost\n|-unboost|p1a: Gallade|atk|1\n|turn|1\n|\n|t:|1666975122\n|switch|p2a: Tapu Fini|Tapu Fini|100\/100\n|-fieldstart|move: Misty Terrain|[from] ability: Misty Surge|[of] p2a: Tapu Fini\n|detailschange|p1a: Gallade|Gallade-Mega, M\n|-mega|p1a: Gallade|Gallade|Galladite\n|move|p1a: Gallade|Ice Punch|p2a: Tapu Fini\n|-resisted|p2a: Tapu Fini\n|-damage|p2a: Tapu Fini|92\/100\n|\n|-heal|p2a: Tapu Fini|98\/100|[from] item: Leftovers\n|upkeep\n|turn|2\n|inactive|Battle timer is ON: inactive players will automatically lose when time's up. (requested by alvar03)\n|\n|t:|1666975127\n|switch|p1a: Magearna|Magearna|100\/100\n|move|p2a: Tapu Fini|Moonblast|p1a: Magearna\n|-resisted|p1a: Magearna\n|-damage|p1a: Magearna|87\/100\n|\n|-heal|p2a: Tapu Fini|100\/100|[from] item: Leftovers\n|upkeep\n|turn|3\n|\n|t:|1666975130\n|move|p2a: Tapu Fini|Moonblast|p1a: Magearna\n|-resisted|p1a: Magearna\n|-damage|p1a: Magearna|75\/100\n|-zpower|p1a: Magearna\n|move|p1a: Magearna|Twinkle Tackle|p2a: Tapu Fini|[zeffect]\n|-damage|p2a: Tapu Fini|26\/100\n|\n|-heal|p2a: Tapu Fini|32\/100|[from] item: Leftovers\n|upkeep\n|turn|4\n|c| lonleyheadass.exe|Kick his ass\n|inactive|Nyanpasuuuuu has 120 seconds left.\n|\n|t:|1666975167\n|switch|p2a: Landorus|Landorus-Therian, M|100\/100\n|-ability|p2a: Landorus|Intimidate|boost\n|-unboost|p1a: Magearna|atk|1\n|move|p1a: Magearna|Trick Room|p1a: Magearna\n|-fieldstart|move: Trick Room|[of] p1a: Magearna\n|\n|upkeep\n|turn|5\n|inactive|Nyanpasuuuuu has 120 seconds left.\n|\n|t:|1666975177\n|switch|p2a: Tapu Fini|Tapu Fini|32\/100\n|move|p1a: Magearna|Fleur Cannon|p2a: Tapu Fini\n|-damage|p2a: Tapu Fini|0 fnt\n|-unboost|p1a: Magearna|spa|2\n|faint|p2a: Tapu Fini\n|-ability|p1a: Magearna|Soul-Heart|boost\n|-boost|p1a: Magearna|spa|1\n|\n|-fieldend|Misty Terrain\n|upkeep\n|\n|t:|1666975182\n|switch|p2a: Landorus|Landorus-Therian, M|100\/100\n|-ability|p2a: Landorus|Intimidate|boost\n|-unboost|p1a: Magearna|atk|1\n|turn|6\n|\n|t:|1666975192\n|switch|p1a: Blacephalon|Blacephalon|100\/100\n|move|p2a: Landorus|Stealth Rock|p1a: Blacephalon\n|-sidestart|p1: Nyanpasuuuuu|move: Stealth Rock\n|\n|upkeep\n|turn|7\n|\n|t:|1666975195\n|move|p2a: Landorus|Earthquake|p1a: Blacephalon\n|-supereffective|p1a: Blacephalon\n|-damage|p1a: Blacephalon|0 fnt\n|faint|p1a: Blacephalon\n|\n|upkeep\n|\n|t:|1666975197\n|switch|p1a: Tapu Bulu|Tapu Bulu|100\/100\n|-damage|p1a: Tapu Bulu|88\/100|[from] Stealth Rock\n|-fieldstart|move: Grassy Terrain|[from] ability: Grassy Surge|[of] p1a: Tapu Bulu\n|turn|8\n|\n|t:|1666975201\n|move|p1a: Tapu Bulu|Wood Hammer|p2a: Landorus\n|-damage|p2a: Landorus|0 fnt\n|-damage|p1a: Tapu Bulu|72\/100|[from] item: Rocky Helmet|[of] p2a: Landorus\n|faint|p2a: Landorus\n|-damage|p1a: Tapu Bulu|35\/100|[from] Recoil\n|\n|-heal|p1a: Tapu Bulu|41\/100|[from] Grassy Terrain\n|-fieldend|move: Trick Room\n|upkeep\n|\n|t:|1666975204\n|switch|p2a: Kartana|Kartana|100\/100\n|turn|9\n|\n|t:|1666975209\n|switch|p1a: Gallade|Gallade-Mega, M|100\/100\n|-damage|p1a: Gallade|94\/100|[from] Stealth Rock\n|move|p2a: Kartana|Leaf Blade|p1a: Gallade\n|-damage|p1a: Gallade|0 fnt\n|faint|p1a: Gallade\n|-ability|p2a: Kartana|Beast Boost|boost\n|-boost|p2a: Kartana|atk|1\n|\n|upkeep\n|\n|t:|1666975211\n|switch|p1a: Breloom|Breloom, M|100\/100\n|-damage|p1a: Breloom|94\/100|[from] Stealth Rock\n|turn|10\n|\n|t:|1666975217\n|move|p1a: Breloom|Mach Punch|p2a: Kartana\n|-supereffective|p2a: Kartana\n|-crit|p2a: Kartana\n|-damage|p2a: Kartana|0 fnt\n|faint|p2a: Kartana\n|\n|-heal|p1a: Breloom|100\/100|[from] Grassy Terrain\n|upkeep\n|\n|t:|1666975223\n|switch|p2a: Serperior|Serperior, F|100\/100\n|turn|11\n|\n|t:|1666975233\n|move|p1a: Breloom|Mach Punch|p2a: Serperior\n|-damage|p2a: Serperior|38\/100\n|move|p2a: Serperior|Leaf Storm|p1a: Breloom\n|-resisted|p1a: Breloom\n|-damage|p1a: Breloom|35\/100\n|-boost|p2a: Serperior|spa|2\n|\n|-heal|p2a: Serperior|44\/100|[from] Grassy Terrain\n|-heal|p1a: Breloom|41\/100|[from] Grassy Terrain\n|upkeep\n|turn|12\n|\n|t:|1666975239\n|switch|p2a: Tyranitar|Tyranitar, F|100\/100\n|-weather|Sandstorm|[from] ability: Sand Stream|[of] p2a: Tyranitar\n|move|p1a: Breloom|Mach Punch|p2a: Tyranitar\n|-supereffective|p2a: Tyranitar\n|-damage|p2a: Tyranitar|0 fnt\n|faint|p2a: Tyranitar\n|\n|-weather|Sandstorm|[upkeep]\n|-damage|p1a: Breloom|35\/100|[from] Sandstorm\n|-heal|p1a: Breloom|41\/100|[from] Grassy Terrain\n|-fieldend|move: Grassy Terrain\n|upkeep\n|\n|t:|1666975241\n|switch|p2a: Greninja|Greninja, M|100\/100\n|turn|13\n|l| lonleyheadass.exe\n|inactive|Nyanpasuuuuu has 120 seconds left.\n|\n|t:|1666975273\n|switch|p1a: Magearna|Magearna|75\/100\n|-damage|p1a: Magearna|69\/100|[from] Stealth Rock\n|move|p2a: Greninja|Water Shuriken|p1a: Magearna\n|-damage|p1a: Magearna|61\/100\n|-damage|p1a: Magearna|53\/100\n|-hitcount|p1a: Magearna|2\n|\n|-weather|Sandstorm|[upkeep]\n|-damage|p2a: Greninja|95\/100|[from] Sandstorm\n|upkeep\n|turn|14\n|\n|t:|1666975281\n|switch|p2a: Serperior|Serperior, F|44\/100\n|move|p1a: Magearna|Fleur Cannon|p2a: Serperior\n|-damage|p2a: Serperior|0 fnt\n|-unboost|p1a: Magearna|spa|2\n|faint|p2a: Serperior\n|-ability|p1a: Magearna|Soul-Heart|boost\n|-boost|p1a: Magearna|spa|1\n|\n|-weather|Sandstorm|[upkeep]\n|upkeep\n|\n|t:|1666975283\n|switch|p2a: Greninja|Greninja, M|95\/100\n|turn|15\n|c|\u2606Nyanpasuuuuu|Gg\n|\n|t:|1666975289\n|move|p2a: Greninja|Water Shuriken|p1a: Magearna\n|-damage|p1a: Magearna|45\/100\n|-damage|p1a: Magearna|36\/100\n|-damage|p1a: Magearna|27\/100\n|-damage|p1a: Magearna|18\/100\n|-damage|p1a: Magearna|11\/100\n|-hitcount|p1a: Magearna|5\n|move|p1a: Magearna|Fleur Cannon|p2a: Greninja\n|-supereffective|p2a: Greninja\n|-damage|p2a: Greninja|0 fnt\n|-unboost|p1a: Magearna|spa|2\n|faint|p2a: Greninja\n|\n|win|Nyanpasuuuuu\n|raw|Nyanpasuuuuu's rating: 1460 &rarr; <strong>1484<\/strong><br \/>(+24 for winning)\n|raw|alvar03's rating: 1531 &rarr; <strong>1507<\/strong><br \/>(-24 for losing)\n|l|\u2606alvar03\n||Ladder isn't responding, score probably updated but might not have (Request timeout).\n","uploadtime":1666975138,"views":9,"p1id":"nyanpasuuuuu","p2id":"alvar03","formatid":"gen7ou","rating":1484,"private":0,"password":null}