{"id":"gen7ou-997645012","p1":"madness10","p2":"Briffon","format":"gen7ou","log":"|j|\u2606madness10\n|j|\u2606Briffon\n|player|p1|madness10|170|1690\n|player|p2|Briffon|giovanni|1651\n|teamsize|p1|6\n|teamsize|p2|6\n|gametype|singles\n|gen|7\n|tier|[Gen 7] OU\n|rated|\n|rule|Sleep Clause Mod: Limit one foe put to sleep\n|rule|Species Clause: Limit one of each Pok\u00e9mon\n|rule|OHKO Clause: OHKO moves are banned\n|rule|Moody Clause: Moody is banned\n|rule|Evasion Moves Clause: Evasion moves are banned\n|rule|Endless Battle Clause: Forcing endless battles is banned\n|rule|HP Percentage Mod: HP is shown in percentages\n|clearpoke\n|poke|p1|Greninja, F|item\n|poke|p1|Landorus-Therian, M|item\n|poke|p1|Celesteela|item\n|poke|p1|Magearna|item\n|poke|p1|Victini|item\n|poke|p1|Medicham, M|item\n|poke|p2|Mamoswine, F|item\n|poke|p2|Gyarados, F|item\n|poke|p2|Mimikyu, M|item\n|poke|p2|Magearna|item\n|poke|p2|Tapu Koko|item\n|poke|p2|Serperior, F|item\n|teampreview\n|inactive|Battle timer is ON: inactive players will automatically lose when time's up. (requested by Briffon)\n|\n|start\n|switch|p1a: Greninja|Greninja, F|100\/100\n|switch|p2a: Mamoswine|Mamoswine, F|100\/100\n|turn|1\n|\n|move|p1a: Greninja|U-turn|p2a: Mamoswine\n|-start|p1a: Greninja|typechange|Bug|[from] ability: Protean\n|-damage|p2a: Mamoswine|66\/100\n|\n|switch|p1a: Celesteela|Celesteela, shiny|100\/100|[from]move: U-turn\n|move|p2a: Mamoswine|Stealth Rock|p1a: Celesteela\n|-sidestart|p1: madness10|move: Stealth Rock\n|\n|upkeep\n|turn|2\n|\n|move|p2a: Mamoswine|Ice Shard|p1a: Celesteela\n|-damage|p1a: Celesteela|87\/100\n|move|p1a: Celesteela|Heavy Slam|p2a: Mamoswine\n|-supereffective|p2a: Mamoswine\n|-damage|p2a: Mamoswine|0 fnt\n|faint|p2a: Mamoswine\n|-ability|p1a: Celesteela|Beast Boost|boost\n|-boost|p1a: Celesteela|def|1\n|\n|-heal|p1a: Celesteela|93\/100|[from] item: Leftovers\n|upkeep\n|\n|switch|p2a: Tapu Koko|Tapu Koko|100\/100\n|-fieldstart|move: Electric Terrain|[from] ability: Electric Surge|[of] p2a: Tapu Koko\n|turn|3\n|\n|move|p1a: Celesteela|Protect|p1a: Celesteela\n|-singleturn|p1a: Celesteela|Protect\n|move|p2a: Tapu Koko|Reflect|p2a: Tapu Koko\n|-sidestart|p2: Briffon|Reflect\n|\n|-heal|p1a: Celesteela|99\/100|[from] item: Leftovers\n|upkeep\n|turn|4\n|\n|move|p2a: Tapu Koko|Light Screen|p2a: Tapu Koko\n|-sidestart|p2: Briffon|move: Light Screen\n|move|p1a: Celesteela|Leech Seed|p2a: Tapu Koko\n|-start|p2a: Tapu Koko|move: Leech Seed\n|\n|-heal|p1a: Celesteela|100\/100|[from] item: Leftovers\n|-damage|p2a: Tapu Koko|88\/100|[from] Leech Seed|[of] p1a: Celesteela\n|upkeep\n|turn|5\n|\n|switch|p1a: Landorus|Landorus-Therian, M|100\/100\n|-damage|p1a: Landorus|88\/100|[from] Stealth Rock\n|-ability|p1a: Landorus|Intimidate|boost\n|-unboost|p2a: Tapu Koko|atk|1\n|move|p2a: Tapu Koko|U-turn|p1a: Landorus\n|-resisted|p1a: Landorus\n|-damage|p1a: Landorus|84\/100\n|-damage|p2a: Tapu Koko|72\/100|[from] item: Rocky Helmet|[of] p1a: Landorus\n|\n|switch|p2a: Gyarados|Gyarados, F|100\/100|[from]move: U-turn\n|-ability|p2a: Gyarados|Intimidate|boost\n|-unboost|p1a: Landorus|atk|1\n|\n|upkeep\n|turn|6\n|\n|move|p2a: Gyarados|Substitute|p2a: Gyarados\n|-start|p2a: Gyarados|Substitute\n|-damage|p2a: Gyarados|76\/100\n|move|p1a: Landorus|Defog|p2a: Gyarados\n|-sideend|p2: Briffon|Reflect\n|-sideend|p2: Briffon|move: Light Screen\n|-sideend|p1: madness10|Stealth Rock|[from] move: Defog|[of] p1a: Landorus\n|\n|upkeep\n|turn|7\n|\n|switch|p1a: Celesteela|Celesteela, shiny|100\/100\n|move|p2a: Gyarados|Dragon Dance|p2a: Gyarados\n|-boost|p2a: Gyarados|atk|1\n|-boost|p2a: Gyarados|spe|1\n|\n|-fieldend|move: Electric Terrain\n|upkeep\n|turn|8\n|\n|move|p2a: Gyarados|Dragon Dance|p2a: Gyarados\n|-boost|p2a: Gyarados|atk|1\n|-boost|p2a: Gyarados|spe|1\n|move|p1a: Celesteela|Heavy Slam|p2a: Gyarados\n|-resisted|p2a: Gyarados\n|-activate|p2a: Gyarados|move: Substitute|[damage]\n|\n|upkeep\n|turn|9\n|\n|move|p2a: Gyarados|Dragon Dance|p2a: Gyarados\n|-boost|p2a: Gyarados|atk|1\n|-boost|p2a: Gyarados|spe|1\n|move|p1a: Celesteela|Heavy Slam|p2a: Gyarados\n|-resisted|p2a: Gyarados\n|-end|p2a: Gyarados|Substitute\n|\n|upkeep\n|turn|10\n|c|\u2606Briffon|im chillin\n|c|\u2606Briffon|leave me alone\n|\n|switch|p1a: Landorus|Landorus-Therian, M|84\/100\n|-ability|p1a: Landorus|Intimidate|boost\n|-unboost|p2a: Gyarados|atk|1\n|move|p2a: Gyarados|Substitute|p2a: Gyarados\n|-start|p2a: Gyarados|Substitute\n|-damage|p2a: Gyarados|51\/100\n|\n|upkeep\n|turn|11\n|\n|move|p2a: Gyarados|Dragon Dance|p2a: Gyarados\n|-boost|p2a: Gyarados|atk|1\n|-boost|p2a: Gyarados|spe|1\n|move|p1a: Landorus|U-turn|p2a: Gyarados\n|-resisted|p2a: Gyarados\n|-activate|p2a: Gyarados|move: Substitute|[damage]\n|\n|switch|p1a: Magearna|Magearna|100\/100|[from]move: U-turn\n|\n|upkeep\n|turn|12\n|\n|detailschange|p2a: Gyarados|Gyarados-Mega, F\n|-mega|p2a: Gyarados|Gyarados|Gyaradosite\n|-ability|p2a: Gyarados|Mold Breaker\n|move|p2a: Gyarados|Earthquake|p1a: Magearna\n|-supereffective|p1a: Magearna\n|-damage|p1a: Magearna|0 fnt\n|faint|p1a: Magearna\n|\n|upkeep\n|inactive|madness10 has 120 seconds left.\n|\n|switch|p1a: Medicham|Medicham, M, shiny|100\/100\n|turn|13\n|\n|detailschange|p1a: Medicham|Medicham-Mega, M, shiny\n|-mega|p1a: Medicham|Medicham|Medichamite\n|move|p1a: Medicham|Fake Out|p2a: Gyarados\n|-end|p2a: Gyarados|Substitute\n|move|p2a: Gyarados|Crunch|p1a: Medicham\n|-damage|p1a: Medicham|0 fnt\n|faint|p1a: Medicham\n|\n|upkeep\n|c|\u2606Briffon|im chillin\n|c|\u2606Briffon|leave me alone\n|\n|switch|p1a: Greninja|Greninja, F|100\/100\n|turn|14\n|\n|move|p2a: Gyarados|Earthquake|p1a: Greninja\n|-damage|p1a: Greninja|0 fnt\n|faint|p1a: Greninja\n|\n|upkeep\n|-message|madness10 forfeited.\n|\n|win|Briffon\n|l|\u2606madness10\n|c|\u2606Briffon|leave me alone\n|raw|madness10's rating: 1690 &rarr; <strong>1667<\/strong><br \/>(-23 for losing)\n|raw|Briffon's rating: 1629 &rarr; <strong>1653<\/strong><br \/>(+24 for winning)\n","uploadtime":1571889938,"views":8,"p1id":"madness10","p2id":"briffon","formatid":"gen7ou","rating":1653,"private":0,"password":null}