{"id":"gen7randombattle-1151906569","p1":"Slurpnoodles","p2":"BigWes95","format":"gen7randombattle","log":"|j|\u2606Slurpnoodles\n|j|\u2606BigWes95\n|player|p1|Slurpnoodles|swimmerf-gen4|1403\n|player|p2|BigWes95|swimmer-gen4dp|1260\n|teamsize|p1|6\n|teamsize|p2|6\n|gametype|singles\n|gen|7\n|tier|[Gen 7] Random Battle\n|rated|\n|rule|Sleep Clause Mod: Limit one foe put to sleep\n|rule|HP Percentage Mod: HP is shown in percentages\n|\n|start\n|switch|p1a: Marowak|Marowak-Alola, L84, F|238\/238\n|switch|p2a: Pidgeot|Pidgeot, L88, M|289\/289\n|turn|1\n|inactive|Battle timer is ON: inactive players will automatically lose when time's up. (requested by BigWes95)\n|\n|switch|p1a: Gligar|Gligar, L82, M|241\/241\n|move|p2a: Pidgeot|Brave Bird|p1a: Gligar\n|-damage|p1a: Gligar|138\/241\n|-damage|p2a: Pidgeot|255\/289|[from] Recoil\n|-damage|p2a: Pidgeot|227\/289|[from] item: Life Orb\n|\n|upkeep\n|turn|2\n|\n|switch|p2a: Araquanid|Araquanid, L84, F|251\/251\n|move|p1a: Gligar|Roost|p1a: Gligar\n|-heal|p1a: Gligar|241\/241\n|-singleturn|p1a: Gligar|move: Roost\n|\n|upkeep\n|turn|3\n|\n|move|p1a: Gligar|U-turn|p2a: Araquanid\n|-damage|p2a: Araquanid|216\/251\n|\n|switch|p1a: Drapion|Drapion, L84, M|255\/255\n|move|p2a: Araquanid|Sticky Web|p1a: Drapion\n|-sidestart|p1: Slurpnoodles|move: Sticky Web\n|\n|-heal|p2a: Araquanid|231\/251|[from] item: Leftovers\n|upkeep\n|turn|4\n|\n|move|p1a: Drapion|Toxic Spikes|p2a: Araquanid\n|-sidestart|p2: BigWes95|move: Toxic Spikes\n|move|p2a: Araquanid|Liquidation|p1a: Drapion\n|-damage|p1a: Drapion|137\/255\n|\n|-heal|p1a: Drapion|152\/255|[from] item: Black Sludge\n|-heal|p2a: Araquanid|246\/251|[from] item: Leftovers\n|upkeep\n|turn|5\n|\n|move|p1a: Drapion|Knock Off|p2a: Araquanid\n|-damage|p2a: Araquanid|152\/251\n|-enditem|p2a: Araquanid|Leftovers|[from] move: Knock Off|[of] p1a: Drapion\n|move|p2a: Araquanid|Liquidation|p1a: Drapion\n|-damage|p1a: Drapion|32\/255\n|\n|-heal|p1a: Drapion|47\/255|[from] item: Black Sludge\n|upkeep\n|turn|6\n|\n|move|p1a: Drapion|Toxic Spikes|p2a: Araquanid\n|-sidestart|p2: BigWes95|move: Toxic Spikes\n|move|p2a: Araquanid|Liquidation|p1a: Drapion\n|-damage|p1a: Drapion|0 fnt\n|faint|p1a: Drapion\n|\n|upkeep\n|\n|switch|p1a: Staraptor|Staraptor, L82, F|274\/274\n|turn|7\n|\n|move|p1a: Staraptor|Brave Bird|p2a: Araquanid\n|-supereffective|p2a: Araquanid\n|-damage|p2a: Araquanid|0 fnt\n|-damage|p1a: Staraptor|224\/274|[from] Recoil\n|faint|p2a: Araquanid\n|\n|upkeep\n|\n|switch|p2a: Pidgeot|Pidgeot, L88, M|227\/289\n|turn|8\n|\n|move|p2a: Pidgeot|Brave Bird|p1a: Staraptor\n|-damage|p1a: Staraptor|36\/274\n|-damage|p2a: Pidgeot|165\/289|[from] Recoil\n|-damage|p2a: Pidgeot|137\/289|[from] item: Life Orb\n|move|p1a: Staraptor|Brave Bird|p2a: Pidgeot\n|-crit|p2a: Pidgeot\n|-damage|p2a: Pidgeot|0 fnt\n|-damage|p1a: Staraptor|0 fnt|[from] Recoil\n|faint|p2a: Pidgeot\n|faint|p1a: Staraptor\n|\n|upkeep\n|\n|switch|p2a: Electivire|Electivire, L88, M|275\/275\n|switch|p1a: Dusknoir|Dusknoir, L88, F|222\/222\n|-status|p2a: Electivire|tox\n|-activate|p1a: Dusknoir|move: Sticky Web\n|-unboost|p1a: Dusknoir|spe|1\n|-item|p2a: Electivire|Expert Belt|[from] ability: Frisk|[of] p1a: Dusknoir|[identify]\n|turn|9\n|\n|move|p2a: Electivire|Earthquake|p1a: Dusknoir\n|-damage|p1a: Dusknoir|155\/222\n|move|p1a: Dusknoir|Earthquake|p2a: Electivire\n|-supereffective|p2a: Electivire\n|-damage|p2a: Electivire|105\/275 tox\n|\n|-heal|p1a: Dusknoir|168\/222|[from] item: Leftovers\n|-damage|p2a: Electivire|88\/275 tox|[from] psn\n|upkeep\n|turn|10\n|\n|move|p2a: Electivire|Wild Charge|p1a: Dusknoir\n|-damage|p1a: Dusknoir|87\/222\n|-damage|p2a: Electivire|68\/275 tox|[from] Recoil\n|move|p1a: Dusknoir|Earthquake|p2a: Electivire\n|-supereffective|p2a: Electivire\n|-damage|p2a: Electivire|0 fnt\n|faint|p2a: Electivire\n|\n|-heal|p1a: Dusknoir|100\/222|[from] item: Leftovers\n|upkeep\n|\n|switch|p2a: Pinsir|Pinsir, L82, M|241\/241\n|-status|p2a: Pinsir|tox\n|turn|11\n|\n|detailschange|p2a: Pinsir|Pinsir-Mega, L82, M\n|-mega|p2a: Pinsir|Pinsir|Pinsirite\n|move|p2a: Pinsir|Return|p1a: Dusknoir\n|-damage|p1a: Dusknoir|0 fnt\n|faint|p1a: Dusknoir\n|\n|-damage|p2a: Pinsir|226\/241 tox|[from] psn\n|upkeep\n|\n|switch|p1a: Gligar|Gligar, L82, M|241\/241\n|turn|12\n|\n|move|p2a: Pinsir|Return|p1a: Gligar\n|-damage|p1a: Gligar|124\/241\n|move|p1a: Gligar|Roost|p1a: Gligar\n|-heal|p1a: Gligar|241\/241\n|-singleturn|p1a: Gligar|move: Roost\n|\n|-damage|p2a: Pinsir|196\/241 tox|[from] psn\n|upkeep\n|turn|13\n|\n|switch|p2a: Aggron|Aggron, L88, F|266\/266\n|move|p1a: Gligar|Defog|p2a: Aggron\n|-unboost|p2a: Aggron|evasion|1\n|-sideend|p2: BigWes95|Toxic Spikes|[from] move: Defog|[of] p1a: Gligar\n|-sideend|p1: Slurpnoodles|Sticky Web|[from] move: Defog|[of] p1a: Gligar\n|\n|upkeep\n|turn|14\n|\n|move|p1a: Gligar|Earthquake|p2a: Aggron\n|-supereffective|p2a: Aggron\n|-damage|p2a: Aggron|82\/266\n|move|p2a: Aggron|Head Smash|p1a: Gligar\n|-damage|p1a: Gligar|60\/241\n|\n|upkeep\n|turn|15\n|inactive|Slurpnoodles has 120 seconds left.\n|\n|move|p1a: Gligar|Earthquake|p2a: Aggron\n|-supereffective|p2a: Aggron\n|-damage|p2a: Aggron|0 fnt\n|faint|p2a: Aggron\n|\n|upkeep\n|\n|switch|p2a: Pinsir|Pinsir-Mega, L82, M|196\/241 tox\n|turn|16\n|\n|move|p2a: Pinsir|Return|p1a: Gligar\n|-damage|p1a: Gligar|0 fnt\n|faint|p1a: Gligar\n|\n|-damage|p2a: Pinsir|181\/241 tox|[from] psn\n|upkeep\n|\n|switch|p1a: Marowak|Marowak-Alola, L84, F|238\/238\n|turn|17\n|\n|move|p2a: Pinsir|Return|p1a: Marowak\n|-damage|p1a: Marowak|82\/238\n|move|p1a: Marowak|Flame Charge|p2a: Pinsir\n|-supereffective|p2a: Pinsir\n|-damage|p2a: Pinsir|47\/241 tox\n|-boost|p1a: Marowak|spe|1\n|\n|-damage|p2a: Pinsir|17\/241 tox|[from] psn\n|upkeep\n|turn|18\n|\n|move|p2a: Pinsir|Return|p1a: Marowak\n|-damage|p1a: Marowak|0 fnt\n|faint|p1a: Marowak\n|\n|-damage|p2a: Pinsir|0 fnt|[from] psn\n|faint|p2a: Pinsir\n|upkeep\n|\n|switch|p2a: Relicanth|Relicanth, L88, M|319\/319\n|switch|p1a: Houndoom|Houndoom, L88, F|275\/275\n|turn|19\n|\n|move|p1a: Houndoom|Hidden Power|p2a: Relicanth\n|-supereffective|p2a: Relicanth\n|-damage|p2a: Relicanth|0 fnt\n|-damage|p1a: Houndoom|248\/275|[from] item: Life Orb\n|faint|p2a: Relicanth\n|\n|win|Slurpnoodles\n|l|\u2606BigWes95\n|raw|Slurpnoodles's rating: 1389 &rarr; <strong>1401<\/strong><br \/>(+12 for winning)\n|raw|BigWes95's rating: 1244 &rarr; <strong>1229<\/strong><br \/>(-15 for losing)\n","inputlog":">version b5ada89a740db5a07152b1e802f5728947d05a89\n>start {\"formatid\":\"gen7randombattle\",\"seed\":[29198,54059,31584,22153],\"rated\":\"Rated battle\"}\n>player p1 {\"name\":\"Slurpnoodles\",\"avatar\":\"swimmerf-gen4\",\"team\":\"\",\"rating\":1403,\"seed\":[26473,47911,47058,56479]}\n>player p2 {\"name\":\"BigWes95\",\"avatar\":\"swimmer-gen4dp\",\"team\":\"\",\"rating\":1260,\"seed\":[38728,14953,15806,6451]}\n>p1 switch 6\n>p2 move bravebird\n>p1 move roost\n>p2 switch 6\n>p1 move uturn\n>p2 move stickyweb\n>p1 switch 2\n>p1 move toxicspikes\n>p2 move liquidation\n>p1 move knockoff\n>p2 move liquidation\n>p1 move toxicspikes\n>p2 move liquidation\n>p1 switch 3\n>p1 move bravebird\n>p2 move liquidation\n>p2 switch 6\n>p1 move bravebird\n>p2 move bravebird\n>p1 switch 5\n>p2 switch 2\n>p1 move earthquake\n>p2 move earthquake\n>p1 move earthquake\n>p2 move wildcharge\n>p2 switch 5\n>p1 move painsplit\n>p2 move return mega\n>p1 switch 2\n>p1 move roost\n>p2 move return\n>p1 move defog\n>p2 switch 4\n>p1 move earthquake\n>p2 move headsmash\n>p1 move earthquake\n>p2 move headsmash\n>p2 switch 4\n>p1 move roost\n>p2 move return\n>p1 switch 6\n>p1 move flamecharge\n>p2 move return\n>p1 move flamecharge\n>p2 move return\n>p1 switch 4\n>p2 switch 3\n>p1 move hiddenpower\n>p2 move waterfall","uploadtime":1594856801,"views":6,"p1id":"slurpnoodles","p2id":"bigwes95","formatid":"gen7randombattle","rating":1229,"private":0,"password":null}