{"id":"gen7ou-962258335","p1":"The heat bringer","p2":"Lunar Neo","format":"gen7ou","log":"|j|\u2606The heat bringer\n|j|\u2606Lunar Neo\n|player|p1|The heat bringer|168|1579\n|player|p2|Lunar Neo|248|1579\n|teamsize|p1|6\n|teamsize|p2|6\n|gametype|singles\n|gen|7\n|tier|[Gen 7] OU\n|rated|\n|rule|Sleep Clause Mod: Limit one foe put to sleep\n|rule|Species Clause: Limit one of each Pok\u00e9mon\n|rule|OHKO Clause: OHKO moves are banned\n|rule|Moody Clause: Moody is banned\n|rule|Evasion Moves Clause: Evasion moves are banned\n|rule|Endless Battle Clause: Forcing endless battles is banned\n|rule|HP Percentage Mod: HP is shown in percentages\n|clearpoke\n|poke|p1|Suicune|item\n|poke|p1|Tapu Bulu|item\n|poke|p1|Tornadus-Therian, M|item\n|poke|p1|Magearna|item\n|poke|p1|Hippowdon, M|item\n|poke|p1|Arcanine, M|item\n|poke|p2|Hoopa-Unbound|item\n|poke|p2|Tapu Koko|item\n|poke|p2|Greninja, M|item\n|poke|p2|Scizor, F|item\n|poke|p2|Landorus-Therian, M|item\n|poke|p2|Garchomp, F|item\n|teampreview\n|\n|start\n|switch|p1a: Bagger|Hippowdon, M|100\/100\n|switch|p2a: Landorus|Landorus-Therian, M|100\/100\n|-ability|p2a: Landorus|Intimidate|boost\n|-unboost|p1a: Bagger|atk|1\n|-weather|Sandstorm|[from] ability: Sand Stream|[of] p1a: Bagger\n|turn|1\n|\n|move|p2a: Landorus|Stealth Rock|p1a: Bagger\n|-sidestart|p1: The heat bringer|move: Stealth Rock\n|move|p1a: Bagger|Toxic|p2a: Landorus|[miss]\n|-miss|p1a: Bagger|p2a: Landorus\n|\n|-weather|Sandstorm|[upkeep]\n|upkeep\n|turn|2\n|\n|switch|p2a: Greninja|Greninja, M|100\/100\n|move|p1a: Bagger|Stealth Rock|p2a: Greninja\n|-sidestart|p2: Lunar Neo|move: Stealth Rock\n|\n|-weather|Sandstorm|[upkeep]\n|-damage|p2a: Greninja|95\/100|[from] Sandstorm\n|upkeep\n|turn|3\n|\n|switch|p1a: Prism|Magearna|100\/100\n|-damage|p1a: Prism|94\/100|[from] Stealth Rock\n|move|p2a: Greninja|Spikes|p1a: Prism\n|-start|p2a: Greninja|typechange|Ground|[from] ability: Protean\n|-sidestart|p1: The heat bringer|Spikes\n|\n|-weather|Sandstorm|[upkeep]\n|-heal|p1a: Prism|100\/100|[from] item: Leftovers\n|upkeep\n|turn|4\n|\n|switch|p2a: Scizor|Scizor, F|100\/100\n|-damage|p2a: Scizor|88\/100|[from] Stealth Rock\n|switch|p1a: Elroy|Suicune|100\/100\n|-damage|p1a: Elroy|88\/100|[from] Stealth Rock\n|-damage|p1a: Elroy|76\/100|[from] Spikes\n|-ability|p1a: Elroy|Pressure\n|\n|-weather|Sandstorm|[upkeep]\n|-damage|p1a: Elroy|70\/100|[from] Sandstorm\n|-heal|p1a: Elroy|76\/100|[from] item: Leftovers\n|upkeep\n|turn|5\n|\n|detailschange|p2a: Scizor|Scizor-Mega, F\n|-mega|p2a: Scizor|Scizor|Scizorite\n|move|p1a: Elroy|Scald|p2a: Scizor\n|-damage|p2a: Scizor|70\/100\n|move|p2a: Scizor|U-turn|p1a: Elroy\n|-damage|p1a: Elroy|56\/100\n|\n|switch|p2a: Hoopa|Hoopa-Unbound|100\/100|[from]move: U-turn\n|-damage|p2a: Hoopa|88\/100|[from] Stealth Rock\n|\n|-weather|none\n|-heal|p1a: Elroy|63\/100|[from] item: Leftovers\n|upkeep\n|turn|6\n|\n|move|p2a: Hoopa|Hyperspace Fury|p1a: Elroy\n|-damage|p1a: Elroy|4\/100\n|-unboost|p2a: Hoopa|def|1\n|move|p1a: Elroy|Scald|p2a: Hoopa\n|-damage|p2a: Hoopa|64\/100\n|-status|p2a: Hoopa|brn\n|\n|-heal|p1a: Elroy|10\/100|[from] item: Leftovers\n|-damage|p2a: Hoopa|58\/100 brn|[from] brn\n|upkeep\n|turn|7\n|\n|switch|p1a: Prism|Magearna|100\/100\n|-damage|p1a: Prism|88\/100|[from] Spikes\n|-damage|p1a: Prism|82\/100|[from] Stealth Rock\n|move|p2a: Hoopa|Hyperspace Fury|p1a: Prism\n|-resisted|p1a: Prism\n|-damage|p1a: Prism|61\/100\n|-unboost|p2a: Hoopa|def|1\n|\n|-heal|p1a: Prism|67\/100|[from] item: Leftovers\n|-damage|p2a: Hoopa|52\/100 brn|[from] brn\n|upkeep\n|turn|8\n|\n|switch|p2a: Landorus|Landorus-Therian, M|100\/100\n|-damage|p2a: Landorus|88\/100|[from] Stealth Rock\n|-ability|p2a: Landorus|Intimidate|boost\n|-unboost|p1a: Prism|atk|1\n|move|p1a: Prism|Thunderbolt|p2a: Landorus\n|-immune|p2a: Landorus\n|\n|-heal|p1a: Prism|73\/100|[from] item: Leftovers\n|upkeep\n|turn|9\n|\n|switch|p2a: Scizor|Scizor-Mega, F|70\/100\n|-damage|p2a: Scizor|58\/100|[from] Stealth Rock\n|switch|p1a: Bagger|Hippowdon, M|100\/100\n|-damage|p1a: Bagger|94\/100|[from] Stealth Rock\n|-damage|p1a: Bagger|82\/100|[from] Spikes\n|-weather|Sandstorm|[from] ability: Sand Stream|[of] p1a: Bagger\n|\n|-weather|Sandstorm|[upkeep]\n|-heal|p1a: Bagger|88\/100|[from] item: Leftovers\n|upkeep\n|turn|10\n|\n|switch|p1a: Sunrae|Arcanine, M|100\/100\n|-damage|p1a: Sunrae|75\/100|[from] Stealth Rock\n|-damage|p1a: Sunrae|63\/100|[from] Spikes\n|-ability|p1a: Sunrae|Intimidate|boost\n|-unboost|p2a: Scizor|atk|1\n|move|p2a: Scizor|Roost|p2a: Scizor\n|-heal|p2a: Scizor|100\/100\n|-singleturn|p2a: Scizor|move: Roost\n|\n|-weather|Sandstorm|[upkeep]\n|-damage|p1a: Sunrae|57\/100|[from] Sandstorm\n|upkeep\n|turn|11\n|\n|switch|p2a: Landorus|Landorus-Therian, M|88\/100\n|-damage|p2a: Landorus|76\/100|[from] Stealth Rock\n|-ability|p2a: Landorus|Intimidate|boost\n|-unboost|p1a: Sunrae|atk|1\n|move|p1a: Sunrae|Toxic|p2a: Landorus\n|-status|p2a: Landorus|tox\n|\n|-weather|Sandstorm|[upkeep]\n|-damage|p1a: Sunrae|50\/100|[from] Sandstorm\n|-damage|p2a: Landorus|70\/100 tox|[from] psn\n|upkeep\n|turn|12\n|\n|switch|p1a: Roc|Tornadus-Therian, M|100\/100\n|-damage|p1a: Roc|75\/100|[from] Stealth Rock\n|move|p2a: Landorus|Earthquake|p1a: Roc\n|-immune|p1a: Roc\n|\n|-weather|Sandstorm|[upkeep]\n|-damage|p1a: Roc|69\/100|[from] Sandstorm\n|-damage|p2a: Landorus|58\/100 tox|[from] psn\n|upkeep\n|turn|13\n|\n|switch|p2a: Tapu Koko|Tapu Koko|100\/100\n|-damage|p2a: Tapu Koko|88\/100|[from] Stealth Rock\n|-fieldstart|move: Electric Terrain|[from] ability: Electric Surge|[of] p2a: Tapu Koko\n|-zpower|p1a: Roc\n|move|p1a: Roc|Supersonic Skystrike|p2a: Tapu Koko|[zeffect]\n|-resisted|p2a: Tapu Koko\n|-damage|p2a: Tapu Koko|22\/100\n|\n|-weather|none\n|upkeep\n|turn|14\n|\n|switch|p1a: Bagger|Hippowdon, M|88\/100\n|-damage|p1a: Bagger|76\/100|[from] Spikes\n|-damage|p1a: Bagger|70\/100|[from] Stealth Rock\n|-weather|Sandstorm|[from] ability: Sand Stream|[of] p1a: Bagger\n|move|p2a: Tapu Koko|U-turn|p1a: Bagger\n|-damage|p1a: Bagger|58\/100\n|\n|switch|p2a: Greninja|Greninja, M|95\/100|[from]move: U-turn\n|-damage|p2a: Greninja|82\/100|[from] Stealth Rock\n|\n|-weather|Sandstorm|[upkeep]\n|-damage|p2a: Greninja|76\/100|[from] Sandstorm\n|-heal|p1a: Bagger|64\/100|[from] item: Leftovers\n|upkeep\n|turn|15\n|\n|switch|p1a: Elroy|Suicune|10\/100\n|-damage|p1a: Elroy|0 fnt|[from] Stealth Rock\n|faint|p1a: Elroy\n|move|p2a: Greninja|Ice Beam|p1: Elroy|[notarget]\n|-fail|p2a: Greninja\n|\n|-weather|Sandstorm|[upkeep]\n|-damage|p2a: Greninja|70\/100|[from] Sandstorm\n|upkeep\n|\n|switch|p1a: Prism|Magearna|73\/100\n|-damage|p1a: Prism|67\/100|[from] Stealth Rock\n|-damage|p1a: Prism|54\/100|[from] Spikes\n|turn|16\n|\n|switch|p2a: Scizor|Scizor-Mega, F|100\/100\n|-damage|p2a: Scizor|88\/100|[from] Stealth Rock\n|move|p1a: Prism|Thunderbolt|p2a: Scizor\n|-damage|p2a: Scizor|61\/100\n|\n|-weather|Sandstorm|[upkeep]\n|-heal|p1a: Prism|60\/100|[from] item: Leftovers\n|upkeep\n|turn|17\n|\n|move|p2a: Scizor|Bullet Punch|p1a: Prism\n|-damage|p1a: Prism|37\/100\n|move|p1a: Prism|Thunderbolt|p2a: Scizor\n|-damage|p2a: Scizor|33\/100\n|\n|-weather|Sandstorm|[upkeep]\n|-heal|p1a: Prism|43\/100|[from] item: Leftovers\n|-fieldend|move: Electric Terrain\n|upkeep\n|turn|18\n|\n|switch|p1a: Roc|Tornadus-Therian, M|100\/100\n|-damage|p1a: Roc|75\/100|[from] Stealth Rock\n|move|p2a: Scizor|Roost|p2a: Scizor\n|-heal|p2a: Scizor|83\/100\n|-singleturn|p2a: Scizor|move: Roost\n|\n|-weather|none\n|upkeep\n|turn|19\n|\n|move|p1a: Roc|Defog|p2a: Scizor\n|-unboost|p2a: Scizor|evasion|1\n|-sideend|p2: Lunar Neo|Stealth Rock|[from] move: Defog|[of] p1a: Roc\n|-sideend|p1: The heat bringer|Spikes|[from] move: Defog|[of] p1a: Roc\n|-sideend|p1: The heat bringer|Stealth Rock|[from] move: Defog|[of] p1a: Roc\n|move|p2a: Scizor|U-turn|p1a: Roc\n|-resisted|p1a: Roc\n|-damage|p1a: Roc|54\/100\n|\n|switch|p2a: Tapu Koko|Tapu Koko|22\/100|[from]move: U-turn\n|-fieldstart|move: Electric Terrain|[from] ability: Electric Surge|[of] p2a: Tapu Koko\n|\n|upkeep\n|turn|20\n|\n|switch|p1a: Bagger|Hippowdon, M|64\/100\n|-weather|Sandstorm|[from] ability: Sand Stream|[of] p1a: Bagger\n|move|p2a: Tapu Koko|Dazzling Gleam|p1a: Bagger\n|-damage|p1a: Bagger|40\/100\n|\n|-weather|Sandstorm|[upkeep]\n|-damage|p2a: Tapu Koko|16\/100|[from] Sandstorm\n|-heal|p1a: Bagger|46\/100|[from] item: Leftovers\n|upkeep\n|turn|21\n|\n|switch|p2a: Landorus|Landorus-Therian, M|58\/100 tox\n|-ability|p2a: Landorus|Intimidate|boost\n|-unboost|p1a: Bagger|atk|1\n|move|p1a: Bagger|Slack Off|p1a: Bagger\n|-heal|p1a: Bagger|96\/100\n|\n|-weather|Sandstorm|[upkeep]\n|-heal|p1a: Bagger|100\/100|[from] item: Leftovers\n|-damage|p2a: Landorus|52\/100 tox|[from] psn\n|upkeep\n|turn|22\n|\n|move|p2a: Landorus|Stealth Rock|p1a: Bagger\n|-sidestart|p1: The heat bringer|move: Stealth Rock\n|move|p1a: Bagger|Stealth Rock|p2a: Landorus\n|-sidestart|p2: Lunar Neo|move: Stealth Rock\n|\n|-weather|Sandstorm|[upkeep]\n|-damage|p2a: Landorus|40\/100 tox|[from] psn\n|upkeep\n|turn|23\n|\n|move|p2a: Landorus|U-turn|p1a: Bagger\n|-damage|p1a: Bagger|86\/100\n|\n|switch|p2a: Greninja|Greninja, M|70\/100|[from]move: U-turn\n|-damage|p2a: Greninja|58\/100|[from] Stealth Rock\n|move|p1a: Bagger|Earthquake|p2a: Greninja\n|-damage|p2a: Greninja|15\/100\n|\n|-weather|Sandstorm|[upkeep]\n|-damage|p2a: Greninja|9\/100|[from] Sandstorm\n|-heal|p1a: Bagger|92\/100|[from] item: Leftovers\n|-fieldend|move: Electric Terrain\n|upkeep\n|turn|24\n|\n|switch|p1a: Prism|Magearna|43\/100\n|-damage|p1a: Prism|37\/100|[from] Stealth Rock\n|move|p2a: Greninja|Ice Beam|p1a: Prism\n|-start|p2a: Greninja|typechange|Ice|[from] ability: Protean\n|-resisted|p1a: Prism\n|-damage|p1a: Prism|24\/100\n|-damage|p2a: Greninja|0 fnt|[from] item: Life Orb\n|faint|p2a: Greninja\n|-ability|p1a: Prism|Soul-Heart|boost\n|-boost|p1a: Prism|spa|1\n|\n|-weather|none\n|-heal|p1a: Prism|30\/100|[from] item: Leftovers\n|upkeep\n|\n|switch|p2a: Garchomp|Garchomp, F|100\/100\n|-damage|p2a: Garchomp|94\/100|[from] Stealth Rock\n|turn|25\n|\n|switch|p1a: Bagger|Hippowdon, M|92\/100\n|-damage|p1a: Bagger|86\/100|[from] Stealth Rock\n|-weather|Sandstorm|[from] ability: Sand Stream|[of] p1a: Bagger\n|move|p2a: Garchomp|Earthquake|p1a: Bagger\n|-damage|p1a: Bagger|54\/100\n|\n|-weather|Sandstorm|[upkeep]\n|-heal|p1a: Bagger|60\/100|[from] item: Leftovers\n|upkeep\n|turn|26\n|\n|move|p2a: Garchomp|Swords Dance|p2a: Garchomp\n|-boost|p2a: Garchomp|atk|2\n|move|p1a: Bagger|Toxic|p2a: Garchomp\n|-status|p2a: Garchomp|tox\n|\n|-weather|Sandstorm|[upkeep]\n|-heal|p1a: Bagger|66\/100|[from] item: Leftovers\n|-damage|p2a: Garchomp|88\/100 tox|[from] psn\n|upkeep\n|turn|27\n|\n|switch|p1a: Beef|Tapu Bulu|100\/100\n|-damage|p1a: Beef|88\/100|[from] Stealth Rock\n|-fieldstart|move: Grassy Terrain|[from] ability: Grassy Surge|[of] p1a: Beef\n|move|p2a: Garchomp|Earthquake|p1a: Beef\n|-resisted|p1a: Beef\n|-crit|p1a: Beef\n|-damage|p1a: Beef|47\/100\n|\n|-weather|Sandstorm|[upkeep]\n|-damage|p1a: Beef|41\/100|[from] Sandstorm\n|-heal|p2a: Garchomp|94\/100 tox|[from] Grassy Terrain\n|-heal|p1a: Beef|47\/100|[from] Grassy Terrain\n|-damage|p2a: Garchomp|82\/100 tox|[from] psn\n|upkeep\n|turn|28\n|\n|switch|p1a: Prism|Magearna|30\/100\n|-damage|p1a: Prism|24\/100|[from] Stealth Rock\n|-zpower|p2a: Garchomp\n|move|p2a: Garchomp|Continental Crush|p1a: Prism|[zeffect]\n|-resisted|p1a: Prism\n|-damage|p1a: Prism|0 fnt\n|faint|p1a: Prism\n|\n|-weather|Sandstorm|[upkeep]\n|-heal|p2a: Garchomp|88\/100 tox|[from] Grassy Terrain\n|-damage|p2a: Garchomp|70\/100 tox|[from] psn\n|upkeep\n|\n|switch|p1a: Sunrae|Arcanine, M|50\/100\n|-damage|p1a: Sunrae|25\/100|[from] Stealth Rock\n|-ability|p1a: Sunrae|Intimidate|boost\n|-unboost|p2a: Garchomp|atk|1\n|-enditem|p1a: Sunrae|Iapapa Berry|[eat]\n|-heal|p1a: Sunrae|75\/100|[from] item: Iapapa Berry\n|turn|29\n|\n|switch|p1a: Bagger|Hippowdon, M|66\/100\n|-damage|p1a: Bagger|60\/100|[from] Stealth Rock\n|move|p2a: Garchomp|Stone Edge|p1a: Bagger\n|-resisted|p1a: Bagger\n|-damage|p1a: Bagger|43\/100\n|\n|-weather|none\n|-heal|p2a: Garchomp|76\/100 tox|[from] Grassy Terrain\n|-heal|p1a: Bagger|49\/100|[from] item: Leftovers\n|-heal|p1a: Bagger|56\/100|[from] Grassy Terrain\n|-damage|p2a: Garchomp|51\/100 tox|[from] psn\n|upkeep\n|turn|30\n|\n|move|p2a: Garchomp|Dragon Claw|p1a: Bagger\n|-damage|p1a: Bagger|17\/100\n|move|p1a: Bagger|Slack Off|p1a: Bagger\n|-heal|p1a: Bagger|67\/100\n|\n|-heal|p2a: Garchomp|57\/100 tox|[from] Grassy Terrain\n|-heal|p1a: Bagger|74\/100|[from] item: Leftovers\n|-heal|p1a: Bagger|80\/100|[from] Grassy Terrain\n|-damage|p2a: Garchomp|27\/100 tox|[from] psn\n|upkeep\n|turn|31\n|\n|move|p2a: Garchomp|Dragon Claw|p1a: Bagger\n|-damage|p1a: Bagger|40\/100\n|move|p1a: Bagger|Slack Off|p1a: Bagger\n|-heal|p1a: Bagger|90\/100\n|\n|-heal|p2a: Garchomp|33\/100 tox|[from] Grassy Terrain\n|-heal|p1a: Bagger|97\/100|[from] item: Leftovers\n|-heal|p1a: Bagger|100\/100|[from] Grassy Terrain\n|-fieldend|move: Grassy Terrain\n|-damage|p2a: Garchomp|0 fnt|[from] psn\n|faint|p2a: Garchomp\n|upkeep\n|\n|switch|p2a: Hoopa|Hoopa-Unbound|52\/100 brn\n|-damage|p2a: Hoopa|40\/100 brn|[from] Stealth Rock\n|turn|32\n|\n|move|p2a: Hoopa|Drain Punch|p1a: Bagger\n|-damage|p1a: Bagger|84\/100\n|-heal|p2a: Hoopa|51\/100 brn|[from] drain|[of] p1a: Bagger\n|move|p1a: Bagger|Earthquake|p2a: Hoopa\n|-damage|p2a: Hoopa|0 fnt\n|faint|p2a: Hoopa\n|\n|-heal|p1a: Bagger|90\/100|[from] item: Leftovers\n|upkeep\n|\n|switch|p2a: Landorus|Landorus-Therian, M|40\/100 tox\n|-damage|p2a: Landorus|27\/100 tox|[from] Stealth Rock\n|-ability|p2a: Landorus|Intimidate|boost\n|-unboost|p1a: Bagger|atk|1\n|turn|33\n|-message|Lunar Neo forfeited.\n|\n|win|The heat bringer\n|l|\u2606Lunar Neo\n|raw|The heat bringer's rating: 1579 &rarr; <strong>1601<\/strong><br \/>(+22 for winning)\n|raw|Lunar Neo's rating: 1604 &rarr; <strong>1582<\/strong><br \/>(-22 for losing)\n","uploadtime":1566149737,"views":9,"p1id":"theheatbringer","p2id":"lunarneo","formatid":"gen7ou","rating":1582,"private":0,"password":null}