{"id":"gen7ou-1689977050","p1":"Lucians Call","p2":"BLOODCLAT","format":"gen7ou","log":"|j|\u2606Lucians Call\n|j|\u203dBLOODCLAT\n|t:|1666221052\n|gametype|singles\n|player|p1|Lucians Call|furisodegirl-blue|\n|player|p2|BLOODCLAT|hoopster|\n|teamsize|p1|6\n|teamsize|p2|6\n|gen|7\n|tier|[Gen 7] OU\n|rule|Sleep Clause Mod: Limit one foe put to sleep\n|rule|Species Clause: Limit one of each Pok\u00e9mon\n|rule|OHKO Clause: OHKO moves are banned\n|rule|Moody Clause: Moody is banned\n|rule|Evasion Items Clause: Evasion items are banned\n|rule|Evasion Moves Clause: Evasion moves are banned\n|rule|Endless Battle Clause: Forcing endless battles is banned\n|rule|HP Percentage Mod: HP is shown in percentages\n|clearpoke\n|poke|p1|Terrakion|item\n|poke|p1|Cobalion|item\n|poke|p1|Virizion|item\n|poke|p1|Rotom-Wash|item\n|poke|p1|Magearna|item\n|poke|p1|Landorus-Therian, M|item\n|poke|p2|Alakazam, F|item\n|poke|p2|Magearna|item\n|poke|p2|Golem-Alola, M|item\n|poke|p2|Landorus-Therian, M|item\n|poke|p2|Tapu Fini|item\n|poke|p2|Celesteela|item\n|teampreview\n|inactive|Battle timer is ON: inactive players will automatically lose when time's up. (requested by Lucians Call)\n|\n|t:|1666221077\n|start\n|switch|p1a: Rotom|Rotom-Wash|100\/100\n|switch|p2a: Landorus|Landorus-Therian, M|100\/100\n|-ability|p2a: Landorus|Intimidate|boost\n|-unboost|p1a: Rotom|atk|1\n|turn|1\n|\n|t:|1666221087\n|switch|p2a: Alakazam|Alakazam, F|100\/100\n|move|p1a: Rotom|Will-O-Wisp|p2a: Alakazam\n|-status|p2a: Alakazam|brn\n|\n|upkeep\n|turn|2\n|\n|t:|1666221090\n|detailschange|p2a: Alakazam|Alakazam-Mega, F\n|-mega|p2a: Alakazam|Alakazam|Alakazite\n|-ability|p2a: Alakazam|Levitate|[from] ability: Trace|[of] p1a: Rotom\n|move|p2a: Alakazam|Energy Ball|p1a: Rotom\n|-supereffective|p1a: Rotom\n|-damage|p1a: Rotom|14\/100\n|-unboost|p1a: Rotom|spd|1\n|move|p1a: Rotom|Volt Switch|p2a: Alakazam\n|-damage|p2a: Alakazam|70\/100 brn\n|\n|t:|1666221096\n|switch|p1a: Landorus|Landorus-Therian, M|100\/100|[from]move: Volt Switch\n|-ability|p1a: Landorus|Intimidate|boost\n|-unboost|p2a: Alakazam|atk|1\n|\n|-damage|p2a: Alakazam|64\/100 brn|[from] brn\n|upkeep\n|turn|3\n|\n|t:|1666221101\n|switch|p2a: Golem|Golem-Alola, M|100\/100\n|move|p1a: Landorus|U-turn|p2a: Golem\n|-damage|p2a: Golem|75\/100\n|\n|t:|1666221105\n|switch|p1a: Cobalion|Cobalion|100\/100|[from]move: U-turn\n|\n|upkeep\n|turn|4\n|\n|t:|1666221110\n|move|p1a: Cobalion|Stealth Rock|p2a: Golem\n|-sidestart|p2: BLOODCLAT|move: Stealth Rock\n|move|p2a: Golem|Fire Punch|p1a: Cobalion\n|-supereffective|p1a: Cobalion\n|-damage|p1a: Cobalion|57\/100\n|\n|upkeep\n|turn|5\n|\n|t:|1666221117\n|switch|p2a: Landorus|Landorus-Therian, M|100\/100\n|-damage|p2a: Landorus|88\/100|[from] Stealth Rock\n|-ability|p2a: Landorus|Intimidate|boost\n|-unboost|p1a: Cobalion|atk|1\n|move|p1a: Cobalion|Close Combat|p2a: Landorus\n|-resisted|p2a: Landorus\n|-damage|p2a: Landorus|76\/100\n|-unboost|p1a: Cobalion|def|1\n|-unboost|p1a: Cobalion|spd|1\n|\n|-heal|p2a: Landorus|82\/100|[from] item: Leftovers\n|upkeep\n|turn|6\n|\n|t:|1666221121\n|move|p1a: Cobalion|Swords Dance|p1a: Cobalion\n|-boost|p1a: Cobalion|atk|2\n|move|p2a: Landorus|Stealth Rock|p1a: Cobalion\n|-sidestart|p1: Lucians Call|move: Stealth Rock\n|\n|-heal|p2a: Landorus|88\/100|[from] item: Leftovers\n|upkeep\n|turn|7\n|\n|t:|1666221127\n|switch|p2a: Golem|Golem-Alola, M|75\/100\n|-damage|p2a: Golem|63\/100|[from] Stealth Rock\n|move|p1a: Cobalion|Iron Head|p2a: Golem\n|-damage|p2a: Golem|17\/100\n|\n|upkeep\n|turn|8\n|\n|t:|1666221129\n|move|p1a: Cobalion|Iron Head|p2a: Golem\n|-damage|p2a: Golem|0 fnt\n|faint|p2a: Golem\n|\n|upkeep\n|\n|t:|1666221131\n|switch|p2a: Alakazam|Alakazam-Mega, F|64\/100 brn\n|-damage|p2a: Alakazam|52\/100 brn|[from] Stealth Rock\n|-ability|p2a: Alakazam|Justified|[from] ability: Trace|[of] p1a: Cobalion\n|turn|9\n|\n|t:|1666221134\n|switch|p1a: Magearna|Magearna|100\/100\n|-damage|p1a: Magearna|94\/100|[from] Stealth Rock\n|move|p2a: Alakazam|Psychic|p1a: Magearna\n|-resisted|p1a: Magearna\n|-damage|p1a: Magearna|81\/100\n|\n|-damage|p2a: Alakazam|46\/100 brn|[from] brn\n|upkeep\n|turn|10\n|\n|t:|1666221138\n|move|p2a: Alakazam|Recover|p2a: Alakazam\n|-heal|p2a: Alakazam|96\/100 brn\n|move|p1a: Magearna|Iron Head|p2a: Alakazam\n|-damage|p2a: Alakazam|41\/100 brn\n|\n|-damage|p2a: Alakazam|35\/100 brn|[from] brn\n|upkeep\n|turn|11\n|\n|t:|1666221144\n|switch|p2a: Tapu Fini|Tapu Fini|100\/100\n|-damage|p2a: Tapu Fini|88\/100|[from] Stealth Rock\n|-fieldstart|move: Misty Terrain|[from] ability: Misty Surge|[of] p2a: Tapu Fini\n|move|p1a: Magearna|Iron Head|p2a: Tapu Fini\n|-damage|p2a: Tapu Fini|64\/100\n|\n|-heal|p2a: Tapu Fini|70\/100|[from] item: Leftovers\n|upkeep\n|turn|12\n|\n|t:|1666221146\n|move|p2a: Tapu Fini|Nature's Madness|p1a: Magearna\n|-damage|p1a: Magearna|41\/100\n|move|p1a: Magearna|Volt Switch|p2a: Tapu Fini\n|-supereffective|p2a: Tapu Fini\n|-damage|p2a: Tapu Fini|48\/100\n|\n|t:|1666221148\n|switch|p1a: Virizion|Virizion|100\/100|[from]move: Volt Switch\n|-damage|p1a: Virizion|94\/100|[from] Stealth Rock\n|\n|-heal|p2a: Tapu Fini|54\/100|[from] item: Leftovers\n|upkeep\n|turn|13\n|\n|t:|1666221153\n|switch|p2a: Celesteela|Celesteela|100\/100\n|-damage|p2a: Celesteela|88\/100|[from] Stealth Rock\n|move|p1a: Virizion|Swords Dance|p1a: Virizion\n|-boost|p1a: Virizion|atk|2\n|\n|-heal|p2a: Celesteela|94\/100|[from] item: Leftovers\n|upkeep\n|turn|14\n|\n|t:|1666221156\n|move|p2a: Celesteela|Protect|p2a: Celesteela\n|-singleturn|p2a: Celesteela|Protect\n|move|p1a: Virizion|Close Combat|p2a: Celesteela\n|-activate|p2a: Celesteela|move: Protect\n|\n|-heal|p2a: Celesteela|99\/100|[from] item: Leftovers\n|upkeep\n|turn|15\n|\n|t:|1666221161\n|-zpower|p1a: Virizion\n|move|p1a: Virizion|All-Out Pummeling|p2a: Celesteela|[zeffect]\n|-damage|p2a: Celesteela|0 fnt\n|faint|p2a: Celesteela\n|\n|-fieldend|Misty Terrain\n|upkeep\n|\n|t:|1666221164\n|switch|p2a: Alakazam|Alakazam-Mega, F|35\/100 brn\n|-damage|p2a: Alakazam|23\/100 brn|[from] Stealth Rock\n|-ability|p2a: Alakazam|Justified|[from] ability: Trace|[of] p1a: Virizion\n|turn|16\n|\n|t:|1666221169\n|move|p2a: Alakazam|Psychic|p1a: Virizion\n|-supereffective|p1a: Virizion\n|-damage|p1a: Virizion|1\/100\n|move|p1a: Virizion|Leaf Blade|p2a: Alakazam\n|-crit|p2a: Alakazam\n|-damage|p2a: Alakazam|0 fnt\n|faint|p2a: Alakazam\n|\n|upkeep\n|\n|t:|1666221173\n|switch|p2a: Landorus|Landorus-Therian, M|88\/100\n|-damage|p2a: Landorus|75\/100|[from] Stealth Rock\n|-ability|p2a: Landorus|Intimidate|boost\n|-unboost|p1a: Virizion|atk|1\n|turn|17\n|\n|t:|1666221178\n|switch|p2a: Tapu Fini|Tapu Fini|54\/100\n|-damage|p2a: Tapu Fini|42\/100|[from] Stealth Rock\n|-fieldstart|move: Misty Terrain|[from] ability: Misty Surge|[of] p2a: Tapu Fini\n|move|p1a: Virizion|Synthesis|p1a: Virizion\n|-heal|p1a: Virizion|51\/100\n|\n|-heal|p2a: Tapu Fini|48\/100|[from] item: Leftovers\n|upkeep\n|turn|18\n|-message|BLOODCLAT forfeited.\n|\n|win|Lucians Call\n|l|\u203dBLOODCLAT\n","uploadtime":1666221186,"views":32,"p1id":"lucianscall","p2id":"bloodclat","formatid":"gen7ou","rating":0,"private":0,"password":null}