{"id":"gen7ou-1679804475","p1":"frigoadri100mil","p2":"tanishq1","format":"gen7ou","log":"|j|\u2606frigoadri100mil\n|j|\u2606tanishq1\n|t:|1665131844\n|gametype|singles\n|player|p1|frigoadri100mil|2|1664\n|player|p2|tanishq1|1|1727\n|teamsize|p1|6\n|teamsize|p2|6\n|gen|7\n|tier|[Gen 7] OU\n|rated|\n|rule|Sleep Clause Mod: Limit one foe put to sleep\n|rule|Species Clause: Limit one of each Pok\u00e9mon\n|rule|OHKO Clause: OHKO moves are banned\n|rule|Moody Clause: Moody is banned\n|rule|Evasion Items Clause: Evasion items are banned\n|rule|Evasion Moves Clause: Evasion moves are banned\n|rule|Endless Battle Clause: Forcing endless battles is banned\n|rule|HP Percentage Mod: HP is shown in percentages\n|clearpoke\n|poke|p1|Camerupt, F|item\n|poke|p1|Cresselia, F|item\n|poke|p1|Uxie|item\n|poke|p1|Snorlax, F|item\n|poke|p1|Magearna|item\n|poke|p1|Crawdaunt, M|item\n|poke|p2|Aggron, M|item\n|poke|p2|Clefable, M|item\n|poke|p2|Gastrodon, F|item\n|poke|p2|Slowbro, M|item\n|poke|p2|Tornadus-Therian, M|item\n|poke|p2|Tyranitar, M|item\n|teampreview\n|inactive|Battle timer is ON: inactive players will automatically lose when time's up. (requested by tanishq1)\n|\n|t:|1665131852\n|start\n|switch|p1a: Uxie|Uxie|100\/100\n|switch|p2a: Clefable|Clefable, M|100\/100\n|turn|1\n|\n|t:|1665131862\n|move|p1a: Uxie|Magic Coat|p1a: Uxie\n|-singleturn|p1a: Uxie|move: Magic Coat\n|move|p2a: Clefable|Stealth Rock|p1a: Uxie\n|move|p1a: Uxie|Stealth Rock|p2a: Clefable|[from]Magic Coat\n|-sidestart|p2: tanishq1|move: Stealth Rock\n|\n|upkeep\n|turn|2\n|\n|t:|1665131868\n|move|p2a: Clefable|Stealth Rock|p1a: Uxie\n|-sidestart|p1: frigoadri100mil|move: Stealth Rock\n|move|p1a: Uxie|Trick Room|p1a: Uxie\n|-fieldstart|move: Trick Room|[of] p1a: Uxie\n|\n|upkeep\n|turn|3\n|\n|t:|1665131874\n|switch|p1a: Magearna|Magearna|100\/100\n|-damage|p1a: Magearna|94\/100|[from] Stealth Rock\n|move|p2a: Clefable|Wish|p2a: Clefable\n|\n|upkeep\n|turn|4\n|\n|t:|1665131881\n|switch|p2a: Gastrodon|Gastrodon, F|100\/100\n|-damage|p2a: Gastrodon|94\/100|[from] Stealth Rock\n|move|p1a: Magearna|Flash Cannon|p2a: Gastrodon\n|-resisted|p2a: Gastrodon\n|-damage|p2a: Gastrodon|78\/100\n|\n|-heal|p2a: Gastrodon|100\/100|[from] move: Wish|[wisher] Clefable\n|upkeep\n|turn|5\n|\n|t:|1665131893\n|move|p2a: Gastrodon|Scald|p1a: Magearna\n|-damage|p1a: Magearna|72\/100\n|-zpower|p1a: Magearna\n|move|p1a: Magearna|Twinkle Tackle|p2a: Gastrodon|[zeffect]\n|-damage|p2a: Gastrodon|16\/100\n|\n|-heal|p2a: Gastrodon|22\/100|[from] item: Leftovers\n|upkeep\n|turn|6\n|\n|t:|1665131902\n|move|p2a: Gastrodon|Recover|p2a: Gastrodon\n|-heal|p2a: Gastrodon|72\/100\n|move|p1a: Magearna|Fleur Cannon|p2a: Gastrodon\n|-damage|p2a: Gastrodon|19\/100\n|-unboost|p1a: Magearna|spa|2\n|\n|-heal|p2a: Gastrodon|25\/100|[from] item: Leftovers\n|-fieldend|move: Trick Room\n|upkeep\n|turn|7\n|\n|t:|1665131910\n|move|p1a: Magearna|Fleur Cannon|p2a: Gastrodon\n|-damage|p2a: Gastrodon|0 fnt\n|-unboost|p1a: Magearna|spa|2\n|faint|p2a: Gastrodon\n|-ability|p1a: Magearna|Soul-Heart|boost\n|-boost|p1a: Magearna|spa|1\n|\n|upkeep\n|\n|t:|1665131913\n|switch|p2a: Aggron|Aggron, M|100\/100\n|-damage|p2a: Aggron|94\/100|[from] Stealth Rock\n|turn|8\n|\n|t:|1665131919\n|detailschange|p2a: Aggron|Aggron-Mega, M\n|-mega|p2a: Aggron|Aggron|Aggronite\n|move|p2a: Aggron|Heavy Slam|p1a: Magearna\n|-damage|p1a: Magearna|19\/100\n|move|p1a: Magearna|Trick Room|p1a: Magearna\n|-fieldstart|move: Trick Room|[of] p1a: Magearna\n|\n|upkeep\n|turn|9\n|\n|t:|1665131925\n|move|p2a: Aggron|Earthquake|p1a: Magearna\n|-supereffective|p1a: Magearna\n|-damage|p1a: Magearna|0 fnt\n|faint|p1a: Magearna\n|\n|upkeep\n|\n|t:|1665131929\n|switch|p1a: Camerupt|Camerupt, F|100\/100\n|-damage|p1a: Camerupt|88\/100|[from] Stealth Rock\n|turn|10\n|\n|t:|1665131933\n|switch|p2a: Slowbro|Slowbro, M|100\/100\n|-damage|p2a: Slowbro|88\/100|[from] Stealth Rock\n|detailschange|p1a: Camerupt|Camerupt-Mega, F\n|-mega|p1a: Camerupt|Camerupt|Cameruptite\n|move|p1a: Camerupt|Earth Power|p2a: Slowbro\n|-damage|p2a: Slowbro|17\/100\n|\n|upkeep\n|turn|11\n|\n|t:|1665131941\n|move|p1a: Camerupt|Eruption|p2a: Slowbro\n|-resisted|p2a: Slowbro\n|-damage|p2a: Slowbro|0 fnt\n|faint|p2a: Slowbro\n|\n|upkeep\n|\n|t:|1665131944\n|switch|p2a: Tyranitar|Tyranitar, M|100\/100\n|-damage|p2a: Tyranitar|88\/100|[from] Stealth Rock\n|-weather|Sandstorm|[from] ability: Sand Stream|[of] p2a: Tyranitar\n|turn|12\n|\n|t:|1665131950\n|switch|p2a: Tornadus|Tornadus-Therian, M|100\/100\n|-damage|p2a: Tornadus|76\/100|[from] Stealth Rock\n|move|p1a: Camerupt|Earth Power|p2a: Tornadus\n|-immune|p2a: Tornadus\n|\n|-weather|Sandstorm|[upkeep]\n|-damage|p2a: Tornadus|70\/100|[from] Sandstorm\n|-fieldend|move: Trick Room\n|upkeep\n|turn|13\n|\n|t:|1665131959\n|move|p2a: Tornadus|U-turn|p1a: Camerupt\n|-resisted|p1a: Camerupt\n|-damage|p1a: Camerupt|80\/100\n|\n|t:|1665131960\n|switch|p2a: Tyranitar|Tyranitar, M|88\/100|[from]move: U-turn\n|-damage|p2a: Tyranitar|76\/100|[from] Stealth Rock\n|move|p1a: Camerupt|Flamethrower|p2a: Tyranitar\n|-resisted|p2a: Tyranitar\n|-damage|p2a: Tyranitar|66\/100\n|\n|-weather|Sandstorm|[upkeep]\n|upkeep\n|turn|14\n|\n|t:|1665131968\n|move|p2a: Tyranitar|Earthquake|p1a: Camerupt\n|-supereffective|p1a: Camerupt\n|-damage|p1a: Camerupt|24\/100\n|move|p1a: Camerupt|Earth Power|p2a: Tyranitar\n|-supereffective|p2a: Tyranitar\n|-damage|p2a: Tyranitar|29\/100\n|\n|-weather|Sandstorm|[upkeep]\n|upkeep\n|turn|15\n|\n|t:|1665131977\n|-activate|p1a: Camerupt|move: Pursuit\n|move|p2a: Tyranitar|Pursuit|p1a: Camerupt|[from]Pursuit\n|-damage|p1a: Camerupt|0 fnt\n|faint|p1a: Camerupt\n|-hint|A Pokemon can't switch between when it runs out of HP and when it faints\n|\n|-weather|Sandstorm|[upkeep]\n|upkeep\n|\n|t:|1665131982\n|switch|p1a: Uxie|Uxie|100\/100\n|-damage|p1a: Uxie|88\/100|[from] Stealth Rock\n|turn|16\n|\n|t:|1665131989\n|move|p2a: Tyranitar|Crunch|p1a: Uxie\n|-supereffective|p1a: Uxie\n|-damage|p1a: Uxie|44\/100\n|move|p1a: Uxie|Trick Room|p1a: Uxie\n|-fieldstart|move: Trick Room|[of] p1a: Uxie\n|\n|-weather|none\n|upkeep\n|turn|17\n|\n|t:|1665131995\n|move|p2a: Tyranitar|Crunch|p1a: Uxie\n|-supereffective|p1a: Uxie\n|-damage|p1a: Uxie|1\/100\n|-unboost|p1a: Uxie|def|1\n|move|p1a: Uxie|Memento|p2a: Tyranitar\n|-unboost|p2a: Tyranitar|atk|2\n|-unboost|p2a: Tyranitar|spa|2\n|faint|p1a: Uxie\n|\n|upkeep\n|\n|t:|1665132003\n|switch|p1a: Crawdaunt|Crawdaunt, M|100\/100\n|-damage|p1a: Crawdaunt|88\/100|[from] Stealth Rock\n|turn|18\n|\n|t:|1665132009\n|move|p1a: Crawdaunt|Swords Dance|p1a: Crawdaunt\n|-boost|p1a: Crawdaunt|atk|2\n|move|p2a: Tyranitar|Earthquake|p1a: Crawdaunt\n|-damage|p1a: Crawdaunt|69\/100\n|\n|upkeep\n|turn|19\n|\n|t:|1665132016\n|move|p1a: Crawdaunt|Knock Off|p2a: Tyranitar\n|-resisted|p2a: Tyranitar\n|-damage|p2a: Tyranitar|0 fnt\n|-enditem|p2a: Tyranitar|Assault Vest|[from] move: Knock Off|[of] p1a: Crawdaunt\n|faint|p2a: Tyranitar\n|-damage|p1a: Crawdaunt|59\/100|[from] item: Life Orb\n|\n|upkeep\n|\n|t:|1665132022\n|switch|p2a: Tornadus|Tornadus-Therian, M|100\/100\n|-damage|p2a: Tornadus|76\/100|[from] Stealth Rock\n|turn|20\n|\n|t:|1665132025\n|move|p1a: Crawdaunt|Knock Off|p2a: Tornadus\n|-damage|p2a: Tornadus|0 fnt\n|faint|p2a: Tornadus\n|-damage|p1a: Crawdaunt|49\/100|[from] item: Life Orb\n|\n|-fieldend|move: Trick Room\n|upkeep\n|\n|t:|1665132027\n|switch|p2a: Aggron|Aggron-Mega, M|94\/100\n|-damage|p2a: Aggron|88\/100|[from] Stealth Rock\n|turn|21\n|\n|t:|1665132035\n|move|p2a: Aggron|Earthquake|p1a: Crawdaunt\n|-damage|p1a: Crawdaunt|0 fnt\n|faint|p1a: Crawdaunt\n|\n|upkeep\n|\n|t:|1665132043\n|switch|p1a: Snorlax|Snorlax, F|100\/100\n|-damage|p1a: Snorlax|88\/100|[from] Stealth Rock\n|turn|22\n|\n|t:|1665132049\n|move|p2a: Aggron|Fire Punch|p1a: Snorlax\n|-damage|p1a: Snorlax|64\/100\n|move|p1a: Snorlax|Belly Drum|p1a: Snorlax\n|-damage|p1a: Snorlax|14\/100\n|-setboost|p1a: Snorlax|atk|6|[from] move: Belly Drum\n|-enditem|p1a: Snorlax|Figy Berry|[eat]\n|-heal|p1a: Snorlax|64\/100|[from] item: Figy Berry\n|\n|upkeep\n|turn|23\n|\n|t:|1665132058\n|move|p2a: Aggron|Earthquake|p1a: Snorlax\n|-damage|p1a: Snorlax|34\/100\n|move|p1a: Snorlax|Recycle|p1a: Snorlax\n|-item|p1a: Snorlax|Figy Berry|[from] move: Recycle\n|-enditem|p1a: Snorlax|Figy Berry|[eat]\n|-heal|p1a: Snorlax|84\/100|[from] item: Figy Berry\n|\n|upkeep\n|turn|24\n|\n|t:|1665132064\n|move|p2a: Aggron|Earthquake|p1a: Snorlax\n|-damage|p1a: Snorlax|51\/100\n|move|p1a: Snorlax|Recycle|p1a: Snorlax\n|-item|p1a: Snorlax|Figy Berry|[from] move: Recycle\n|\n|upkeep\n|turn|25\n|\n|t:|1665132070\n|move|p2a: Aggron|Fire Punch|p1a: Snorlax\n|-damage|p1a: Snorlax|24\/100\n|-enditem|p1a: Snorlax|Figy Berry|[eat]\n|-heal|p1a: Snorlax|74\/100|[from] item: Figy Berry\n|move|p1a: Snorlax|Earthquake|p2a: Aggron\n|-supereffective|p2a: Aggron\n|-damage|p2a: Aggron|0 fnt\n|faint|p2a: Aggron\n|\n|upkeep\n|\n|t:|1665132074\n|switch|p2a: Clefable|Clefable, M|100\/100\n|turn|26\n|\n|t:|1665132080\n|move|p2a: Clefable|Moonblast|p1a: Snorlax\n|-damage|p1a: Snorlax|54\/100\n|move|p1a: Snorlax|Return|p2a: Clefable\n|-damage|p2a: Clefable|0 fnt\n|faint|p2a: Clefable\n|\n|win|frigoadri100mil\n|raw|frigoadri100mil's rating: 1664 &rarr; <strong>1688<\/strong><br \/>(+24 for winning)\n|raw|tanishq1's rating: 1727 &rarr; <strong>1703<\/strong><br \/>(-24 for losing)\n|l|\u2606tanishq1\n|c|\u2606frigoadri100mil|gg\n","uploadtime":1665132091,"views":11,"p1id":"frigoadri100mil","p2id":"tanishq1","formatid":"gen7ou","rating":1688,"private":0,"password":null}