{"id":"gen7ou-567690836","p1":"NTL Uzi Vert \u795e","p2":"Kaylss","format":"gen7ou","log":"|j|NTL Uzi Vert \u795e\n|j|Kaylss\n|player|p1|NTL Uzi Vert \u795e|139\n|player|p2|Kaylss|2\n|gametype|singles\n|gen|7\n|tier|[Gen 7] OU\n|rated\n|seed|47350,30877,63547,31683\n|clearpoke\n|poke|p1|Cofagrigus, F|item\n|poke|p1|Mawile, M|item\n|poke|p1|Magnezone|item\n|poke|p1|Greninja, M|item\n|poke|p1|Garchomp, M|item\n|poke|p1|Tangrowth, F|item\n|poke|p2|Sableye, F|item\n|poke|p2|Chansey, F|item\n|poke|p2|Skarmory, M|item\n|poke|p2|Toxapex, M|item\n|poke|p2|Dugtrio, F|item\n|poke|p2|Shedinja|item\n|rule|Baton Pass Clause: Limit one Baton Passer, can't pass Spe and other stats simultaneously\n|rule|Sleep Clause Mod: Limit one foe put to sleep\n|rule|Species Clause: Limit one of each Pok\u00e9mon\n|rule|OHKO Clause: OHKO moves are banned\n|rule|Moody Clause: Moody is banned\n|rule|Evasion Moves Clause: Evasion moves are banned\n|rule|Endless Battle Clause: Forcing endless battles is banned\n|rule|HP Percentage Mod: HP is shown in percentages\n|teampreview\n|c|\u2606Kaylss|\/log Kaylss made this room hidden.\n|inactive|Battle timer is ON: inactive players will automatically lose when time's up. (requested by NTL Uzi Vert \u795e)\n|choice|team 2, team 1, team 3, team 4, team 5, team 6|team 1, team 2, team 3, team 4, team 5, team 6\n|\n|start\n|switch|p1a: Mawile|Mawile, M|303\/303\n|switch|p2a: Sableye|Sableye, F|303\/303\n|turn|1\n|choice|move playrough mega|move protect mega\n|\n|detailschange|p1a: Mawile|Mawile-Mega, M\n|-mega|p1a: Mawile|Mawile|Mawilite\n|detailschange|p2a: Sableye|Sableye-Mega, F\n|-mega|p2a: Sableye|Sableye|Sablenite\n|move|p2a: Sableye|Protect|p2a: Sableye\n|-singleturn|p2a: Sableye|Protect\n|move|p1a: Mawile|Play Rough|p2a: Sableye\n|-activate|p2a: Sableye|move: Protect\n|\n|upkeep\n|turn|2\n|choice|move playrough|switch 4\n|\n|switch|p2a: Toxapex|Toxapex, M|303\/303\n|move|p1a: Mawile|Play Rough|p2a: Toxapex\n|-resisted|p2a: Toxapex\n|-damage|p2a: Toxapex|219\/303\n|-damage|p1a: Mawile|253\/303|[from] item: Rocky Helmet|[of] p2a: Toxapex\n|\n|upkeep\n|turn|3\n|j|TrainerPokemonAsh\n|choice|switch 6|switch 6\n|\n|switch|p1a: Tangrowth|Tangrowth, F|404\/404\n|switch|p2a: Shedinja|Shedinja|1\/1\n|\n|upkeep\n|turn|4\n|l|TrainerPokemonAsh\n|choice|move leechseed|switch 4\n|\n|switch|p2a: Sableye|Sableye-Mega, F|303\/303\n|move|p1a: Tangrowth|Leech Seed|p2a: Sableye\n|move|p2a: Sableye|Leech Seed|p1a: Tangrowth|[from]Magic Bounce\n|-immune|p1a: Tangrowth|[msg]\n|\n|upkeep\n|turn|5\n|choice|move gigadrain|switch 2\n|\n|switch|p2a: Chansey|Chansey, F|703\/703\n|move|p1a: Tangrowth|Giga Drain|p2a: Chansey\n|-damage|p2a: Chansey|645\/703\n|\n|upkeep\n|turn|6\n|choice|switch 6|move stealthrock\n|\n|switch|p1a: Mawile|Mawile-Mega, M|253\/303\n|move|p2a: Chansey|Stealth Rock|p1a: Mawile\n|-sidestart|p1: NTL Uzi Vert \u795e|move: Stealth Rock\n|\n|upkeep\n|turn|7\n|choice|move thunderpunch|switch 3\n|\n|switch|p2a: Skarmory|Skarmory, M|333\/333\n|move|p1a: Mawile|Thunder Punch|p2a: Skarmory\n|-supereffective|p2a: Skarmory\n|-damage|p2a: Skarmory|135\/333\n|\n|upkeep\n|turn|8\n|choice|move thunderpunch|switch 4\n|\n|switch|p2a: Shedinja|Shedinja|1\/1\n|move|p1a: Mawile|Thunder Punch|p2a: Shedinja\n|-immune|p2a: Shedinja|[msg]|[from] ability: Wonder Guard\n|\n|upkeep\n|turn|9\n|choice|switch 6|move protect\n|\n|switch|p1a: Tangrowth|Tangrowth, F|404\/404\n|-damage|p1a: Tangrowth|354\/404|[from] Stealth Rock\n|move|p2a: Shedinja|Protect|p2a: Shedinja\n|-fail|p2a: Shedinja\n|\n|-heal|p1a: Tangrowth|379\/404|[from] item: Leftovers\n|upkeep\n|turn|10\n|choice|move sleeppowder|switch 6\n|\n|switch|p2a: Toxapex|Toxapex, M|303\/303\n|move|p1a: Tangrowth|Sleep Powder|p2a: Toxapex\n|-status|p2a: Toxapex|slp\n|\n|-heal|p1a: Tangrowth|404\/404|[from] item: Leftovers\n|upkeep\n|turn|11\n|choice|move leechseed|switch 2\n|\n|switch|p2a: Sableye|Sableye-Mega, F|303\/303\n|move|p1a: Tangrowth|Leech Seed|p2a: Sableye\n|move|p2a: Sableye|Leech Seed|p1a: Tangrowth|[from]Magic Bounce\n|-immune|p1a: Tangrowth|[msg]\n|\n|upkeep\n|turn|12\n|choice|switch 4|switch 3\n|\n|switch|p1a: Greninja|Greninja, M|285\/285\n|-damage|p1a: Greninja|250\/285|[from] Stealth Rock\n|switch|p2a: Chansey|Chansey, F|645\/703\n|\n|upkeep\n|turn|13\n|choice|switch 5|move aromatherapy\n|\n|switch|p1a: Garchomp|Garchomp, M|357\/357\n|-damage|p1a: Garchomp|335\/357|[from] Stealth Rock\n|move|p2a: Chansey|Aromatherapy|p2a: Chansey\n|-activate|p2a: Chansey|move: Aromatherapy\n|-curestatus|p2: Toxapex|slp|[msg]\n|\n|upkeep\n|turn|14\n|choice|move swordsdance|switch 3\n|\n|switch|p2a: Sableye|Sableye-Mega, F|303\/303\n|move|p1a: Garchomp|Swords Dance|p1a: Garchomp\n|-boost|p1a: Garchomp|atk|2\n|\n|upkeep\n|turn|15\n|choice|move dragonclaw|move protect\n|\n|move|p2a: Sableye|Protect|p2a: Sableye\n|-singleturn|p2a: Sableye|Protect\n|move|p1a: Garchomp|Dragon Claw|p2a: Sableye\n|-activate|p2a: Sableye|move: Protect\n|\n|upkeep\n|turn|16\n|choice|move stealthrock|move foulplay\n|\n|move|p1a: Garchomp|Stealth Rock|p2a: Sableye\n|move|p2a: Sableye|Stealth Rock|p1a: Garchomp|[from]Magic Bounce\n|-fail|p1a: Garchomp\n|move|p2a: Sableye|Foul Play|p1a: Garchomp\n|-damage|p1a: Garchomp|0 fnt\n|-damage|p2a: Sableye|266\/303|[from] ability: Rough Skin|[of] p1a: Garchomp\n|faint|p1a: Garchomp\n|\n|upkeep\n|-message|NTL Uzi Vert \u795e forfeited.\n|\n|win|Kaylss\n|l|NTL Uzi Vert \u795e\n|raw|NTL Uzi Vert \u795e's rating: 1607 &rarr; <strong>1587<\/strong><br \/>(-20 for losing)\n|raw|Kaylss's rating: 1607 &rarr; <strong>1627<\/strong><br \/>(+20 for winning)\n|l|Kaylss\n|j|Kaylss\n|l|Kaylss\n|j|Kaylss\n|c|\u2606Kaylss|\/log Kaylss made this room public.","inputlog":null,"uploadtime":1493302743,"views":15,"p1id":"ntluzivert","p2id":"kaylss","formatid":"gen7ou","rating":1587,"private":0,"password":null}