{"id":"gen7ou-1113444397","p1":"Ban Lando t guy jk","p2":"Escanor23","format":"gen7ou","log":"|j|\u2606Ban Lando t guy jk\n|j|\u2606Escanor23\n|player|p1|Ban Lando t guy jk|164|1566\n|player|p2|Escanor23|alder|1458\n|teamsize|p1|6\n|teamsize|p2|6\n|gametype|singles\n|gen|7\n|tier|[Gen 7] OU\n|rated|\n|clearpoke\n|poke|p1|Hawlucha, F|item\n|poke|p1|Swampert, F|item\n|poke|p1|Ferrothorn, M|item\n|poke|p1|Pelipper, F|item\n|poke|p1|Tapu Koko|item\n|poke|p1|Greninja, M|item\n|poke|p2|Landorus-Therian, M|item\n|poke|p2|Magearna|item\n|poke|p2|Rotom-Wash|item\n|poke|p2|Mawile, F|item\n|poke|p2|Greninja, M|item\n|poke|p2|Tapu Koko|item\n|rule|Sleep Clause Mod: Limit one foe put to sleep\n|rule|Species Clause: Limit one of each Pok\u00e9mon\n|rule|OHKO Clause: OHKO moves are banned\n|rule|Moody Clause: Moody is banned\n|rule|Evasion Moves Clause: Evasion moves are banned\n|rule|Endless Battle Clause: Forcing endless battles is banned\n|rule|HP Percentage Mod: HP is shown in percentages\n|teampreview\n|inactive|Battle timer is ON: inactive players will automatically lose when time's up. (requested by Ban Lando t guy jk)\n|\n|start\n|switch|p1a: Tapu Koko|Tapu Koko|100\/100\n|switch|p2a: Rotom|Rotom-Wash|100\/100\n|-fieldstart|move: Electric Terrain|[from] ability: Electric Surge|[of] p1a: Tapu Koko\n|turn|1\n|\n|switch|p2a: Landorus|Landorus-Therian, M|100\/100\n|-ability|p2a: Landorus|Intimidate|boost\n|-unboost|p1a: Tapu Koko|atk|1\n|move|p1a: Tapu Koko|Nature's Madness|p2a: Landorus|[miss]\n|-miss|p1a: Tapu Koko|p2a: Landorus\n|\n|upkeep\n|turn|2\n|\n|switch|p1a: Hey|Ferrothorn, M|100\/100\n|move|p2a: Landorus|Stealth Rock|p1a: Hey\n|-sidestart|p1: Ban Lando t guy jk|move: Stealth Rock\n|\n|upkeep\n|turn|3\n|\n|move|p2a: Landorus|U-turn|p1a: Hey\n|-crit|p1a: Hey\n|-damage|p1a: Hey|79\/100\n|-damage|p2a: Landorus|88\/100|[from] ability: Iron Barbs|[of] p1a: Hey\n|\n|switch|p2a: Greninja|Greninja, M|100\/100|[from]move: U-turn\n|move|p1a: Hey|Stealth Rock|p2a: Greninja\n|-sidestart|p2: Escanor23|move: Stealth Rock\n|\n|-heal|p1a: Hey|85\/100|[from] item: Leftovers\n|upkeep\n|turn|4\n|\n|move|p2a: Greninja|Hidden Power|p1a: Hey\n|-start|p2a: Greninja|typechange|Fire|[from] ability: Protean\n|-supereffective|p1a: Hey\n|-damage|p1a: Hey|0 fnt\n|-damage|p2a: Greninja|91\/100|[from] item: Life Orb\n|faint|p1a: Hey\n|\n|upkeep\n|\n|switch|p1a: Tapu Koko|Tapu Koko|100\/100\n|-damage|p1a: Tapu Koko|88\/100|[from] Stealth Rock\n|turn|5\n|\n|-zpower|p1a: Tapu Koko\n|move|p1a: Tapu Koko|Twinkle Tackle|p2a: Greninja|[zeffect]\n|-resisted|p2a: Greninja\n|-damage|p2a: Greninja|35\/100\n|move|p2a: Greninja|Gunk Shot|p1a: Tapu Koko\n|-start|p2a: Greninja|typechange|Poison|[from] ability: Protean\n|-supereffective|p1a: Tapu Koko\n|-damage|p1a: Tapu Koko|0 fnt\n|-damage|p2a: Greninja|25\/100|[from] item: Life Orb\n|faint|p1a: Tapu Koko\n|\n|-fieldend|move: Electric Terrain\n|upkeep\n|\n|switch|p1a: K. Beats|Greninja, M|100\/100\n|-damage|p1a: K. Beats|88\/100|[from] Stealth Rock\n|turn|6\n|\n|move|p2a: Greninja|Spikes|p1a: K. Beats\n|-start|p2a: Greninja|typechange|Ground|[from] ability: Protean\n|-sidestart|p1: Ban Lando t guy jk|Spikes\n|move|p1a: K. Beats|Spikes|p2a: Greninja\n|-sidestart|p2: Escanor23|Spikes\n|\n|upkeep\n|turn|7\n|\n|move|p1a: K. Beats|Spikes|p2a: Greninja\n|-sidestart|p2: Escanor23|Spikes\n|move|p2a: Greninja|Hydro Pump|p1a: K. Beats\n|-start|p2a: Greninja|typechange|Water|[from] ability: Protean\n|-resisted|p1a: K. Beats\n|-damage|p1a: K. Beats|40\/100\n|-damage|p2a: Greninja|15\/100|[from] item: Life Orb\n|\n|upkeep\n|turn|8\n|\n|switch|p1a: Nappy is trash|Pelipper, F|100\/100\n|-damage|p1a: Nappy is trash|76\/100|[from] Stealth Rock\n|-weather|RainDance|[from] ability: Drizzle|[of] p1a: Nappy is trash\n|move|p2a: Greninja|Spikes|p1a: Nappy is trash\n|-start|p2a: Greninja|typechange|Ground|[from] ability: Protean\n|-sidestart|p1: Ban Lando t guy jk|Spikes\n|\n|-weather|RainDance|[upkeep]\n|upkeep\n|turn|9\n|\n|move|p2a: Greninja|Gunk Shot|p1a: Nappy is trash\n|-start|p2a: Greninja|typechange|Poison|[from] ability: Protean\n|-damage|p1a: Nappy is trash|30\/100\n|-damage|p2a: Greninja|5\/100|[from] item: Life Orb\n|move|p1a: Nappy is trash|U-turn|p2a: Greninja\n|-resisted|p2a: Greninja\n|-damage|p2a: Greninja|0 fnt\n|faint|p2a: Greninja\n|\n|switch|p1a: Let get Bluff|Swampert, F|100\/100|[from]move: U-turn\n|-damage|p1a: Let get Bluff|94\/100|[from] Stealth Rock\n|-damage|p1a: Let get Bluff|78\/100|[from] Spikes\n|\n|-weather|RainDance|[upkeep]\n|upkeep\n|\n|switch|p2a: Rotom|Rotom-Wash|100\/100\n|-damage|p2a: Rotom|88\/100|[from] Stealth Rock\n|turn|10\n|\n|detailschange|p1a: Let get Bluff|Swampert-Mega, F\n|-mega|p1a: Let get Bluff|Swampert|Swampertite\n|move|p1a: Let get Bluff|Waterfall|p2a: Rotom\n|-resisted|p2a: Rotom\n|-crit|p2a: Rotom\n|-damage|p2a: Rotom|40\/100\n|move|p2a: Rotom|Will-O-Wisp|p1a: Let get Bluff\n|-status|p1a: Let get Bluff|brn\n|\n|-weather|RainDance|[upkeep]\n|-damage|p1a: Let get Bluff|72\/100 brn|[from] brn\n|upkeep\n|turn|11\n|\n|switch|p1a: Nappy is trash|Pelipper, F|30\/100\n|-damage|p1a: Nappy is trash|5\/100|[from] Stealth Rock\n|move|p2a: Rotom|Hydro Pump|p1a: Nappy is trash|[miss]\n|-miss|p2a: Rotom|p1a: Nappy is trash\n|\n|-weather|RainDance|[upkeep]\n|upkeep\n|turn|12\n|\n|move|p2a: Rotom|Hydro Pump|p1a: Nappy is trash\n|-resisted|p1a: Nappy is trash\n|-damage|p1a: Nappy is trash|0 fnt\n|faint|p1a: Nappy is trash\n|\n|-weather|RainDance|[upkeep]\n|upkeep\n|\n|switch|p1a: K. Beats|Greninja, M|40\/100\n|-damage|p1a: K. Beats|28\/100|[from] Stealth Rock\n|-damage|p1a: K. Beats|12\/100|[from] Spikes\n|turn|13\n|\n|switch|p2a: Magearna|Magearna|100\/100\n|-damage|p2a: Magearna|94\/100|[from] Stealth Rock\n|-damage|p2a: Magearna|78\/100|[from] Spikes\n|move|p1a: K. Beats|Dark Pulse|p2a: Magearna\n|-resisted|p2a: Magearna\n|-damage|p2a: Magearna|69\/100\n|\n|-weather|RainDance|[upkeep]\n|upkeep\n|turn|14\n|\n|move|p1a: K. Beats|Dark Pulse|p2a: Magearna\n|-resisted|p2a: Magearna\n|-damage|p2a: Magearna|60\/100\n|cant|p2a: Magearna|flinch\n|\n|-weather|RainDance|[upkeep]\n|upkeep\n|turn|15\n|\n|move|p1a: K. Beats|Dark Pulse|p2a: Magearna\n|-resisted|p2a: Magearna\n|-damage|p2a: Magearna|51\/100\n|move|p2a: Magearna|Volt Switch|p1a: K. Beats\n|-supereffective|p1a: K. Beats\n|-damage|p1a: K. Beats|0 fnt\n|faint|p1a: K. Beats\n|-ability|p2a: Magearna|Soul-Heart|boost\n|-boost|p2a: Magearna|spa|1\n|\n|switch|p2a: Landorus|Landorus-Therian, M|88\/100|[from]move: Volt Switch\n|-damage|p2a: Landorus|76\/100|[from] Stealth Rock\n|\n|-weather|none\n|-heal|p2a: Landorus|82\/100|[from] item: Leftovers\n|upkeep\n|-message|Ban Lando t guy jk forfeited.\n|\n|win|Escanor23\n|l|\u2606Ban Lando t guy jk\n||Ladder (probably) updated, but score could not be retrieved (Response not received).\n","uploadtime":1589308715,"views":10,"p1id":"banlandotguyjk","p2id":"escanor23","formatid":"gen7ou","rating":0,"private":0,"password":null}