{"id":"gen7ou-833949511","p1":"uuuuiiii","p2":"line38324","format":"gen7ou","log":"|j|\u2606uuuuiiii\n|j|\u2606line38324\n|player|p1|uuuuiiii|265\n|player|p2|line38324|3\n|teamsize|p1|6\n|teamsize|p2|6\n|gametype|singles\n|gen|7\n|tier|[Gen 7] OU\n|rated|\n|rule|Sleep Clause Mod: Limit one foe put to sleep\n|rule|Species Clause: Limit one of each Pok\u00e9mon\n|rule|OHKO Clause: OHKO moves are banned\n|rule|Moody Clause: Moody is banned\n|rule|Evasion Moves Clause: Evasion moves are banned\n|rule|Endless Battle Clause: Forcing endless battles is banned\n|rule|HP Percentage Mod: HP is shown in percentages\n|clearpoke\n|poke|p1|Beedrill, M|item\n|poke|p1|Tapu Lele|item\n|poke|p1|Landorus-Therian, M|item\n|poke|p1|Smeargle, M|item\n|poke|p1|Blacephalon|item\n|poke|p1|Kartana|item\n|poke|p2|Muk-Alola, F|item\n|poke|p2|Chansey, F|item\n|poke|p2|Gliscor, M|item\n|poke|p2|Skarmory, M|item\n|poke|p2|Toxapex, F|item\n|poke|p2|Clefable, F|item\n|teampreview\n|inactive|Battle timer is ON: inactive players will automatically lose when time's up. (requested by line38324)\n|j| tapu moxo\n|\n|start\n|switch|p1a: Smeargle|Smeargle, M|100\/100\n|switch|p2a: Toxapex|Toxapex, F|100\/100\n|turn|1\n|\n|move|p1a: Smeargle|Spore|p2a: Toxapex\n|-status|p2a: Toxapex|slp\n|cant|p2a: Toxapex|slp\n|\n|upkeep\n|turn|2\n|\n|switch|p1a: Tapu Lele|Tapu Lele|100\/100\n|-fieldstart|move: Psychic Terrain|[from] ability: Psychic Surge|[of] p1a: Tapu Lele\n|switch|p2a: Gliscor|Gliscor, M|100\/100\n|\n|-status|p2a: Gliscor|tox|[from] item: Toxic Orb\n|upkeep\n|turn|3\n|\n|move|p1a: Tapu Lele|Psyshock|p2a: Gliscor\n|-damage|p2a: Gliscor|19\/100 tox\n|move|p2a: Gliscor|Toxic|p1a: Tapu Lele\n|-status|p1a: Tapu Lele|tox\n|\n|-damage|p1a: Tapu Lele|94\/100 tox|[from] psn\n|-heal|p2a: Gliscor|32\/100 tox|[from] ability: Poison Heal\n|upkeep\n|turn|4\n|\n|switch|p1a: Kartana|Kartana|100\/100\n|switch|p2a: Muk|Muk-Alola, F, shiny|100\/100\n|\n|upkeep\n|turn|5\n|\n|switch|p2a: Skarmory|Skarmory, M|100\/100\n|move|p1a: Kartana|Smart Strike|p2a: Skarmory\n|-resisted|p2a: Skarmory\n|-damage|p2a: Skarmory|87\/100\n|-damage|p1a: Kartana|84\/100|[from] item: Rocky Helmet|[of] p2a: Skarmory\n|\n|upkeep\n|turn|6\n|\n|switch|p1a: Landorus|Landorus-Therian, M|100\/100\n|-ability|p1a: Landorus|Intimidate|boost\n|-unboost|p2a: Skarmory|atk|1\n|move|p2a: Skarmory|Spikes|p1a: Landorus\n|-sidestart|p1: uuuuiiii|Spikes\n|\n|-fieldend|move: Psychic Terrain\n|upkeep\n|turn|7\n|\n|switch|p2a: Chansey|Chansey, F|100\/100\n|move|p1a: Landorus|Stealth Rock|p2a: Chansey\n|-sidestart|p2: line38324|move: Stealth Rock\n|\n|upkeep\n|turn|8\n|\n|move|p1a: Landorus|Earthquake|p2a: Chansey\n|-damage|p2a: Chansey|66\/100\n|move|p2a: Chansey|Stealth Rock|p1a: Landorus\n|-sidestart|p1: uuuuiiii|move: Stealth Rock\n|\n|upkeep\n|turn|9\n|\n|move|p1a: Landorus|Swords Dance|p1a: Landorus\n|-boost|p1a: Landorus|atk|2\n|move|p2a: Chansey|Soft-Boiled|p2a: Chansey\n|-heal|p2a: Chansey|100\/100\n|\n|upkeep\n|turn|10\n|\n|switch|p2a: Clefable|Clefable, F|100\/100\n|-damage|p2a: Clefable|88\/100|[from] Stealth Rock\n|move|p1a: Landorus|Earthquake|p2a: Clefable\n|-damage|p2a: Clefable|45\/100\n|\n|-heal|p2a: Clefable|51\/100|[from] item: Leftovers\n|upkeep\n|turn|11\n|\n|move|p2a: Clefable|Protect|p2a: Clefable\n|-singleturn|p2a: Clefable|Protect\n|move|p1a: Landorus|Earthquake|p2a: Clefable\n|-activate|p2a: Clefable|move: Protect\n|\n|-heal|p2a: Clefable|57\/100|[from] item: Leftovers\n|upkeep\n|turn|12\n|\n|switch|p1a: Smeargle|Smeargle, M|100\/100\n|-damage|p1a: Smeargle|88\/100|[from] Spikes\n|-damage|p1a: Smeargle|76\/100|[from] Stealth Rock\n|move|p2a: Clefable|Wish|p2a: Clefable\n|\n|-heal|p2a: Clefable|63\/100|[from] item: Leftovers\n|upkeep\n|turn|13\n|\n|move|p1a: Smeargle|Sticky Web|p2a: Clefable\n|-sidestart|p2: line38324|move: Sticky Web\n|move|p2a: Clefable|Moonblast|p1a: Smeargle\n|-damage|p1a: Smeargle|0 fnt\n|faint|p1a: Smeargle\n|\n|-heal|p2a: Clefable|100\/100|[from] move: Wish|[wisher] Clefable\n|upkeep\n|\n|switch|p1a: Beedrill|Beedrill, M, shiny|100\/100\n|-damage|p1a: Beedrill|76\/100|[from] Stealth Rock\n|-damage|p1a: Beedrill|64\/100|[from] Spikes\n|turn|14\n|\n|switch|p2a: Toxapex|Toxapex, F|100\/100 slp\n|-activate|p2a: Toxapex|move: Sticky Web\n|-unboost|p2a: Toxapex|spe|1\n|-damage|p2a: Toxapex|88\/100 slp|[from] Stealth Rock\n|detailschange|p1a: Beedrill|Beedrill-Mega, M, shiny\n|-mega|p1a: Beedrill|Beedrill|Beedrillite\n|move|p1a: Beedrill|U-turn|p2a: Toxapex\n|-resisted|p2a: Toxapex\n|-damage|p2a: Toxapex|73\/100 slp\n|\n|switch|p1a: Blacephalon|Blacephalon|100\/100\n|-damage|p1a: Blacephalon|88\/100|[from] Spikes\n|-damage|p1a: Blacephalon|64\/100|[from] Stealth Rock\n|\n|upkeep\n|turn|15\n|\n|switch|p2a: Muk|Muk-Alola, F, shiny|100\/100\n|-activate|p2a: Muk|move: Sticky Web\n|-unboost|p2a: Muk|spe|1\n|-damage|p2a: Muk|88\/100|[from] Stealth Rock\n|move|p1a: Blacephalon|Substitute|p1a: Blacephalon\n|-start|p1a: Blacephalon|Substitute\n|-damage|p1a: Blacephalon|39\/100\n|\n|upkeep\n|turn|16\n|\n|move|p1a: Blacephalon|Flamethrower|p2a: Muk\n|-damage|p2a: Muk|63\/100\n|move|p2a: Muk|Knock Off|p1a: Blacephalon\n|-supereffective|p1a: Blacephalon\n|-end|p1a: Blacephalon|Substitute\n|\n|upkeep\n|turn|17\n|\n|-activate|p1a: Blacephalon|move: Pursuit\n|move|p2a: Muk|Pursuit|p1a: Blacephalon|[from]Pursuit\n|-supereffective|p1a: Blacephalon\n|-damage|p1a: Blacephalon|0 fnt\n|faint|p1a: Blacephalon\n|\n|upkeep\n|-message|uuuuiiii forfeited.\n|\n|win|line38324\n|l|\u2606uuuuiiii\n","uploadtime":1544528996,"views":71,"p1id":"uuuuiiii","p2id":"line38324","formatid":"gen7ou","rating":0,"private":0,"password":null}