{"id":"gen7ou-951304688","p1":"ghecisbestvillain","p2":"LT62HG Aqua","format":"gen7ou","log":"|j|\u2606ghecisbestvillain\n|j|\u2606LT62HG Aqua\n|player|p1|ghecisbestvillain|269|1727\n|player|p2|LT62HG Aqua|43|1755\n|teamsize|p1|6\n|teamsize|p2|6\n|gametype|singles\n|gen|7\n|tier|[Gen 7] OU\n|rated|\n|rule|Sleep Clause Mod: Limit one foe put to sleep\n|rule|Species Clause: Limit one of each Pok\u00e9mon\n|rule|OHKO Clause: OHKO moves are banned\n|rule|Moody Clause: Moody is banned\n|rule|Evasion Moves Clause: Evasion moves are banned\n|rule|Endless Battle Clause: Forcing endless battles is banned\n|rule|HP Percentage Mod: HP is shown in percentages\n|clearpoke\n|poke|p1|Hawlucha, M|item\n|poke|p1|Clefable, F|item\n|poke|p1|Charizard, M|item\n|poke|p1|Tapu Koko|item\n|poke|p1|Magearna|item\n|poke|p1|Kyurem-Black|item\n|poke|p2|Lopunny, M|item\n|poke|p2|Kommo-o, M|item\n|poke|p2|Tapu Lele|item\n|poke|p2|Ferrothorn, F|item\n|poke|p2|Rotom-Wash|item\n|poke|p2|Landorus-Therian, M|item\n|teampreview\n|inactive|Battle timer is ON: inactive players will automatically lose when time's up. (requested by LT62HG Aqua)\n|\n|start\n|switch|p1a: Tapu Koko|Tapu Koko|100\/100\n|switch|p2a: Rotom|Rotom-Wash|100\/100\n|-fieldstart|move: Electric Terrain|[from] ability: Electric Surge|[of] p1a: Tapu Koko\n|turn|1\n|\n|move|p1a: Tapu Koko|Light Screen|p1a: Tapu Koko\n|-sidestart|p1: ghecisbestvillain|move: Light Screen\n|move|p2a: Rotom|Volt Switch|p1a: Tapu Koko\n|-resisted|p1a: Tapu Koko\n|-crit|p1a: Tapu Koko\n|-damage|p1a: Tapu Koko|74\/100\n|\n|switch|p2a: Lopunny|Lopunny, M|100\/100|[from]move: Volt Switch\n|\n|upkeep\n|turn|2\n|j| Ithrowrocksatkids\n|l| Ithrowrocksatkids\n|\n|detailschange|p2a: Lopunny|Lopunny-Mega, M\n|-mega|p2a: Lopunny|Lopunny|Lopunnite\n|move|p2a: Lopunny|Return|p1a: Tapu Koko\n|-damage|p1a: Tapu Koko|19\/100\n|move|p1a: Tapu Koko|Reflect|p1a: Tapu Koko\n|-sidestart|p1: ghecisbestvillain|Reflect\n|\n|upkeep\n|turn|3\n|\n|switch|p2a: Tapu Lele|Tapu Lele|100\/100\n|-fieldstart|move: Psychic Terrain|[from] ability: Psychic Surge|[of] p2a: Tapu Lele\n|move|p1a: Tapu Koko|Taunt|p2a: Tapu Lele\n|-start|p2a: Tapu Lele|move: Taunt\n|\n|upkeep\n|turn|4\n|\n|switch|p1a: Magearna|Magearna|100\/100\n|switch|p2a: Ferrothorn|Ferrothorn, F|100\/100\n|\n|upkeep\n|turn|5\n|\n|switch|p1a: Tapu Koko|Tapu Koko|19\/100\n|-fieldstart|move: Electric Terrain|[from] ability: Electric Surge|[of] p1a: Tapu Koko\n|move|p2a: Ferrothorn|Leech Seed|p1a: Tapu Koko\n|-start|p1a: Tapu Koko|move: Leech Seed\n|\n|-damage|p1a: Tapu Koko|7\/100|[from] Leech Seed|[of] p2a: Ferrothorn\n|upkeep\n|turn|6\n|\n|switch|p1a: Hawlucha|Hawlucha, M|100\/100\n|-enditem|p1a: Hawlucha|Electric Seed\n|-boost|p1a: Hawlucha|def|1\n|switch|p2a: Tapu Lele|Tapu Lele|100\/100\n|-fieldstart|move: Psychic Terrain|[from] ability: Psychic Surge|[of] p2a: Tapu Lele\n|\n|upkeep\n|turn|7\n|\n|move|p1a: Hawlucha|Swords Dance|p1a: Hawlucha\n|-boost|p1a: Hawlucha|atk|2\n|move|p2a: Tapu Lele|Psychic|p1a: Hawlucha\n|-supereffective|p1a: Hawlucha\n|-damage|p1a: Hawlucha|16\/100\n|\n|upkeep\n|turn|8\n|\n|move|p1a: Hawlucha|Acrobatics|p2a: Tapu Lele\n|-damage|p2a: Tapu Lele|0 fnt\n|faint|p2a: Tapu Lele\n|\n|-sideend|p1: ghecisbestvillain|move: Light Screen\n|upkeep\n|\n|switch|p2a: Lopunny|Lopunny-Mega, M|100\/100\n|turn|9\n|\n|move|p2a: Lopunny|Fake Out|p1a: Hawlucha\n|-damage|p1a: Hawlucha|5\/100\n|cant|p1a: Hawlucha|flinch\n|\n|-sideend|p1: ghecisbestvillain|Reflect\n|upkeep\n|turn|10\n|\n|switch|p2a: Ferrothorn|Ferrothorn, F|100\/100\n|move|p1a: Hawlucha|Drain Punch|p2a: Ferrothorn\n|-supereffective|p2a: Ferrothorn\n|-damage|p2a: Ferrothorn|0 fnt\n|-heal|p1a: Hawlucha|64\/100|[from] drain|[of] p2a: Ferrothorn\n|-damage|p1a: Hawlucha|52\/100|[from] ability: Iron Barbs|[of] p2a: Ferrothorn\n|faint|p2a: Ferrothorn\n|\n|-fieldend|move: Psychic Terrain\n|upkeep\n|\n|switch|p2a: Rotom|Rotom-Wash|100\/100\n|turn|11\n|\n|move|p1a: Hawlucha|Drain Punch|p2a: Rotom\n|-damage|p2a: Rotom|35\/100\n|-heal|p1a: Hawlucha|85\/100|[from] drain|[of] p2a: Rotom\n|move|p2a: Rotom|Volt Switch|p1a: Hawlucha\n|-supereffective|p1a: Hawlucha\n|-damage|p1a: Hawlucha|28\/100\n|\n|switch|p2a: Lopunny|Lopunny-Mega, M|100\/100|[from]move: Volt Switch\n|\n|upkeep\n|turn|12\n|\n|move|p2a: Lopunny|Fake Out|p1a: Hawlucha\n|-damage|p1a: Hawlucha|6\/100\n|cant|p1a: Hawlucha|flinch\n|\n|upkeep\n|turn|13\n|-message|LT62HG Aqua forfeited.\n|\n|win|ghecisbestvillain\n|l|\u2606LT62HG Aqua\n|raw|ghecisbestvillain's rating: 1728 &rarr; <strong>1749<\/strong><br \/>(+21 for winning)\n|raw|LT62HG Aqua's rating: 1755 &rarr; <strong>1734<\/strong><br \/>(-21 for losing)\n|l|\u2606ghecisbestvillain\n","uploadtime":1564224421,"views":13,"p1id":"ghecisbestvillain","p2id":"lt62hgaqua","formatid":"gen7ou","rating":1734,"private":0,"password":null}