{"id":"gen7anythinggoes-1706972919","p1":"demonkingdarkrai","p2":"Official_bit","format":"gen7anythinggoes","log":"|j|\u2606demonkingdarkrai\n|j|\u2606Official_bit\n|t:|1668037780\n|gametype|singles\n|player|p1|demonkingdarkrai|janine|1061\n|player|p2|Official_bit|102|1166\n|teamsize|p1|6\n|teamsize|p2|6\n|gen|7\n|tier|[Gen 7] Anything Goes\n|rated|\n|rule|HP Percentage Mod: HP is shown in percentages\n|rule|Endless Battle Clause: Forcing endless battles is banned\n|clearpoke\n|poke|p1|Gardevoir, M|item\n|poke|p1|Tyrantrum, M|item\n|poke|p1|Braviary, M|item\n|poke|p1|Kingler, F|item\n|poke|p1|Galvantula, M|item\n|poke|p1|Beedrill, M|item\n|poke|p2|Garchomp, F|item\n|poke|p2|Primarina, F|item\n|poke|p2|Charizard, M|item\n|poke|p2|Mimikyu, M|item\n|poke|p2|Azumarill, M|item\n|poke|p2|Naganadel|item\n|teampreview\n|\n|t:|1668037791\n|start\n|switch|p1a: Galvantula|Galvantula, M|100\/100\n|switch|p2a: Charizard|Charizard, M|100\/100\n|turn|1\n|\n|t:|1668037803\n|detailschange|p2a: Charizard|Charizard-Mega-Y, M\n|-mega|p2a: Charizard|Charizard|Charizardite Y\n|-weather|SunnyDay|[from] ability: Drought|[of] p2a: Charizard\n|move|p1a: Galvantula|Sticky Web|p2a: Charizard\n|-sidestart|p2: Official_bit|move: Sticky Web\n|move|p2a: Charizard|Flamethrower|p1a: Galvantula\n|-supereffective|p1a: Galvantula\n|-enditem|p1a: Galvantula|Focus Sash\n|-damage|p1a: Galvantula|1\/100\n|-status|p1a: Galvantula|brn\n|\n|-weather|SunnyDay|[upkeep]\n|-damage|p1a: Galvantula|0 fnt|[from] brn\n|faint|p1a: Galvantula\n|upkeep\n|inactive|Battle timer is ON: inactive players will automatically lose when time's up. (requested by Official_bit)\n|\n|t:|1668037818\n|switch|p1a: Tyrantrum|Tyrantrum, M|100\/100\n|turn|2\n|\n|t:|1668037833\n|move|p2a: Charizard|Solar Beam||[still]\n|-prepare|p2a: Charizard|Solar Beam\n|-anim|p2a: Charizard|Solar Beam|p1a: Tyrantrum\n|-damage|p1a: Tyrantrum|35\/100\n|move|p1a: Tyrantrum|Dragon Dance|p1a: Tyrantrum\n|-boost|p1a: Tyrantrum|atk|1\n|-boost|p1a: Tyrantrum|spe|1\n|\n|-weather|SunnyDay|[upkeep]\n|upkeep\n|turn|3\n|\n|t:|1668037842\n|move|p2a: Charizard|Solar Beam||[still]\n|-prepare|p2a: Charizard|Solar Beam\n|-anim|p2a: Charizard|Solar Beam|p1a: Tyrantrum\n|-damage|p1a: Tyrantrum|0 fnt\n|faint|p1a: Tyrantrum\n|\n|-weather|SunnyDay|[upkeep]\n|upkeep\n|\n|t:|1668037850\n|switch|p1a: Kingler|Kingler, F|100\/100\n|turn|4\n|\n|t:|1668037854\n|move|p2a: Charizard|Solar Beam||[still]\n|-prepare|p2a: Charizard|Solar Beam\n|-anim|p2a: Charizard|Solar Beam|p1a: Kingler\n|-supereffective|p1a: Kingler\n|-damage|p1a: Kingler|5\/100\n|move|p1a: Kingler|Crabhammer|p2a: Charizard\n|-supereffective|p2a: Charizard\n|-damage|p2a: Charizard|21\/100\n|\n|-weather|SunnyDay|[upkeep]\n|upkeep\n|turn|5\n|\n|t:|1668037864\n|move|p2a: Charizard|Thunder Punch|p1a: Kingler\n|-supereffective|p1a: Kingler\n|-damage|p1a: Kingler|0 fnt\n|faint|p1a: Kingler\n|\n|-weather|none\n|upkeep\n|\n|t:|1668037871\n|switch|p1a: Beedrill|Beedrill, M|100\/100\n|turn|6\n|\n|t:|1668037875\n|detailschange|p1a: Beedrill|Beedrill-Mega, M\n|-mega|p1a: Beedrill|Beedrill|Beedrillite\n|move|p1a: Beedrill|Fell Stinger|p2a: Charizard\n|-resisted|p2a: Charizard\n|-damage|p2a: Charizard|3\/100\n|move|p2a: Charizard|Flamethrower|p1a: Beedrill\n|-supereffective|p1a: Beedrill\n|-damage|p1a: Beedrill|0 fnt\n|faint|p1a: Beedrill\n|\n|upkeep\n|-message|demonkingdarkrai forfeited.\n|\n|win|Official_bit\n|raw|demonkingdarkrai's rating: 1061 &rarr; <strong>1047<\/strong><br \/>(-14 for losing)\n|raw|Official_bit's rating: 1166 &rarr; <strong>1184<\/strong><br \/>(+18 for winning)\n|l|\u2606demonkingdarkrai\n||Ladder isn't responding, score probably updated but might not have (Request timeout).\n","uploadtime":1668037888,"views":3,"p1id":"demonkingdarkrai","p2id":"officialbit","formatid":"gen7anythinggoes","rating":1047,"private":0,"password":null}