{"id":"gen7ou-883735655","p1":"BarryMcAwkner","p2":"why addicted","format":"gen7ou","log":"|j|\u2606BarryMcAwkner\n|j|\u2606why addicted\n|player|p1|BarryMcAwkner|124\n|player|p2|why addicted|168\n|teamsize|p1|6\n|teamsize|p2|6\n|gametype|singles\n|gen|7\n|tier|[Gen 7] OU\n|rated|\n|rule|Sleep Clause Mod: Limit one foe put to sleep\n|rule|Species Clause: Limit one of each Pok\u00e9mon\n|rule|OHKO Clause: OHKO moves are banned\n|rule|Moody Clause: Moody is banned\n|rule|Evasion Moves Clause: Evasion moves are banned\n|rule|Endless Battle Clause: Forcing endless battles is banned\n|rule|HP Percentage Mod: HP is shown in percentages\n|clearpoke\n|poke|p1|Zygarde-10%|item\n|poke|p1|Tapu Koko|item\n|poke|p1|Landorus-Therian, M|item\n|poke|p1|Greninja, M|item\n|poke|p1|Hawlucha, M|item\n|poke|p1|Gyarados, F|item\n|poke|p2|Medicham, F|item\n|poke|p2|Hydreigon, M|item\n|poke|p2|Gastrodon, M|item\n|poke|p2|Heatran, F|item\n|poke|p2|Tornadus-Therian, M|item\n|poke|p2|Kartana|item\n|teampreview\n|c|\u2606why addicted|hf\n|c|\u2606BarryMcAwkner|u2\n|\n|start\n|switch|p1a: Landorus|Landorus-Therian, M|100\/100\n|switch|p2a: Predict|Medicham, F|100\/100\n|-ability|p1a: Landorus|Intimidate|boost\n|-unboost|p2a: Predict|atk|1\n|turn|1\n|\n|switch|p1a: Gyarados|Gyarados, F|100\/100\n|-ability|p1a: Gyarados|Intimidate|boost\n|-unboost|p2a: Predict|atk|1\n|detailschange|p2a: Predict|Medicham-Mega, F\n|-mega|p2a: Predict|Medicham|Medichamite\n|move|p2a: Predict|Fake Out|p1a: Gyarados\n|-damage|p1a: Gyarados|85\/100\n|\n|upkeep\n|turn|2\n|\n|switch|p2a: Wincon|Kartana|100\/100\n|switch|p1a: Landorus|Landorus-Therian, M|100\/100\n|-ability|p1a: Landorus|Intimidate|boost\n|-unboost|p2a: Wincon|atk|1\n|\n|upkeep\n|turn|3\n|\n|switch|p2a: Reliable|Tornadus-Therian, M|100\/100\n|move|p1a: Landorus|Stealth Rock|p2a: Reliable\n|-sidestart|p2: why addicted|move: Stealth Rock\n|\n|upkeep\n|turn|4\n|\n|move|p2a: Reliable|Defog|p1a: Landorus\n|-unboost|p1a: Landorus|evasion|1\n|-sideend|p2: why addicted|Stealth Rock|[from] move: Defog|[of] p2a: Reliable\n|move|p1a: Landorus|Rock Tomb|p2a: Reliable\n|-supereffective|p2a: Reliable\n|-damage|p2a: Reliable|56\/100\n|-unboost|p2a: Reliable|spe|1\n|\n|upkeep\n|turn|5\n|\n|move|p1a: Landorus|Stealth Rock|p2a: Reliable\n|-sidestart|p2: why addicted|move: Stealth Rock\n|move|p2a: Reliable|Hurricane|p1a: Landorus\n|-damage|p1a: Landorus|50\/100\n|\n|upkeep\n|turn|6\n|\n|switch|p2a: Broken|Heatran, F|100\/100\n|-damage|p2a: Broken|88\/100|[from] Stealth Rock\n|move|p1a: Landorus|Explosion|p2a: Broken\n|-resisted|p2a: Broken\n|-damage|p2a: Broken|46\/100\n|faint|p1a: Landorus\n|\n|-heal|p2a: Broken|53\/100|[from] item: Leftovers\n|upkeep\n|\n|switch|p1a: Zygarde|Zygarde-10%|100\/100\n|-ability|p1a: Zygarde|Aura Break\n|turn|7\n|\n|switch|p2a: Wincon|Kartana|100\/100\n|-damage|p2a: Wincon|94\/100|[from] Stealth Rock\n|move|p1a: Zygarde|Thousand Arrows||[still]\n|-damage|p2a: Wincon|51\/100\n|-fail|p1a: Zygarde\n|\n|upkeep\n|turn|8\n|\n|switch|p1a: Greninja|Greninja, M|100\/100\n|move|p2a: Wincon|Leaf Blade|p1a: Greninja\n|-supereffective|p1a: Greninja\n|-enditem|p1a: Greninja|Focus Sash\n|-damage|p1a: Greninja|1\/100\n|\n|upkeep\n|turn|9\n|\n|move|p2a: Wincon|Leaf Blade|p1a: Greninja\n|-supereffective|p1a: Greninja\n|-damage|p1a: Greninja|0 fnt\n|faint|p1a: Greninja\n|-ability|p2a: Wincon|Beast Boost|boost\n|-boost|p2a: Wincon|atk|1\n|\n|upkeep\n|\n|switch|p1a: Tapu Koko|Tapu Koko|100\/100\n|-fieldstart|move: Electric Terrain|[from] ability: Electric Surge|[of] p1a: Tapu Koko\n|turn|10\n|\n|move|p2a: Wincon|Leaf Blade|p1a: Tapu Koko\n|-damage|p1a: Tapu Koko|2\/100\n|move|p1a: Tapu Koko|Reflect|p1a: Tapu Koko\n|-sidestart|p1: BarryMcAwkner|Reflect\n|\n|upkeep\n|turn|11\n|\n|switch|p2a: Underrated|Gastrodon, M|100\/100\n|-damage|p2a: Underrated|94\/100|[from] Stealth Rock\n|move|p1a: Tapu Koko|U-turn|p2a: Underrated\n|-damage|p2a: Underrated|74\/100\n|\n|switch|p1a: Gyarados|Gyarados, F|85\/100\n|-ability|p1a: Gyarados|Intimidate|boost\n|-unboost|p2a: Underrated|atk|1\n|\n|-heal|p2a: Underrated|80\/100|[from] item: Leftovers\n|upkeep\n|turn|12\n|\n|switch|p2a: Wincon|Kartana|51\/100\n|-damage|p2a: Wincon|45\/100|[from] Stealth Rock\n|detailschange|p1a: Gyarados|Gyarados-Mega, F\n|-mega|p1a: Gyarados|Gyarados|Gyaradosite\n|-ability|p1a: Gyarados|Mold Breaker\n|move|p1a: Gyarados|Substitute|p1a: Gyarados\n|-start|p1a: Gyarados|Substitute\n|-damage|p1a: Gyarados|60\/100\n|\n|upkeep\n|turn|13\n|\n|move|p2a: Wincon|Leaf Blade|p1a: Gyarados\n|-supereffective|p1a: Gyarados\n|-crit|p1a: Gyarados\n|-end|p1a: Gyarados|Substitute\n|move|p1a: Gyarados|Crunch|p2a: Wincon\n|-damage|p2a: Wincon|0 fnt\n|faint|p2a: Wincon\n|\n|upkeep\n|\n|switch|p2a: Predict|Medicham-Mega, F|100\/100\n|-damage|p2a: Predict|94\/100|[from] Stealth Rock\n|turn|14\n|j| Anivia Storm\n|\n|move|p2a: Predict|Fake Out|p1a: Gyarados\n|-damage|p1a: Gyarados|50\/100\n|cant|p1a: Gyarados|flinch\n|\n|-fieldend|move: Electric Terrain\n|upkeep\n|turn|15\n|\n|move|p2a: Predict|High Jump Kick|p1a: Gyarados\n|-supereffective|p1a: Gyarados\n|-damage|p1a: Gyarados|0 fnt\n|faint|p1a: Gyarados\n|\n|upkeep\n|\n|switch|p1a: Tapu Koko|Tapu Koko|2\/100\n|-fieldstart|move: Electric Terrain|[from] ability: Electric Surge|[of] p1a: Tapu Koko\n|turn|16\n|\n|switch|p2a: Broken|Heatran, F|53\/100\n|-damage|p2a: Broken|40\/100|[from] Stealth Rock\n|move|p1a: Tapu Koko|Light Screen|p1a: Tapu Koko\n|-sidestart|p1: BarryMcAwkner|move: Light Screen\n|\n|-heal|p2a: Broken|46\/100|[from] item: Leftovers\n|upkeep\n|turn|17\n|\n|switch|p2a: Reliable|Tornadus-Therian, M|90\/100\n|-damage|p2a: Reliable|65\/100|[from] Stealth Rock\n|move|p1a: Tapu Koko|Taunt|p2a: Reliable\n|-start|p2a: Reliable|move: Taunt\n|\n|-sideend|p1: BarryMcAwkner|Reflect\n|upkeep\n|turn|18\n|\n|move|p1a: Tapu Koko|U-turn|p2a: Reliable\n|-resisted|p2a: Reliable\n|-damage|p2a: Reliable|55\/100\n|-damage|p1a: Tapu Koko|0 fnt|[from] item: Rocky Helmet|[of] p2a: Reliable\n|faint|p1a: Tapu Koko\n|move|p2a: Reliable|U-turn|p1: Tapu Koko\n|\n|upkeep\n|\n|switch|p1a: Zygarde|Zygarde-10%|100\/100\n|-ability|p1a: Zygarde|Aura Break\n|turn|19\n|\n|move|p2a: Reliable|U-turn|p1a: Zygarde\n|-damage|p1a: Zygarde|73\/100\n|\n|switch|p2a: wHyadreigon|Hydreigon, M|100\/100\n|-damage|p2a: wHyadreigon|88\/100|[from] Stealth Rock\n|move|p1a: Zygarde|Dragon Dance|p1a: Zygarde\n|-boost|p1a: Zygarde|atk|1\n|-boost|p1a: Zygarde|spe|1\n|\n|upkeep\n|turn|20\n|\n|-zpower|p1a: Zygarde\n|move|p1a: Zygarde|Devastating Drake|p2a: wHyadreigon|[zeffect]\n|-supereffective|p2a: wHyadreigon\n|-damage|p2a: wHyadreigon|0 fnt\n|faint|p2a: wHyadreigon\n|\n|-fieldend|move: Electric Terrain\n|upkeep\n|\n|switch|p2a: Predict|Medicham-Mega, F|94\/100\n|-damage|p2a: Predict|88\/100|[from] Stealth Rock\n|turn|21\n|\n|move|p2a: Predict|Fake Out|p1a: Zygarde\n|-damage|p1a: Zygarde|34\/100\n|cant|p1a: Zygarde|flinch\n|\n|upkeep\n|turn|22\n|\n|switch|p2a: Broken|Heatran, F|46\/100\n|-damage|p2a: Broken|34\/100|[from] Stealth Rock\n|move|p1a: Zygarde|Outrage|p2a: Broken\n|-resisted|p2a: Broken\n|-damage|p2a: Broken|1\/100\n|\n|-heal|p2a: Broken|8\/100|[from] item: Leftovers\n|upkeep\n|turn|23\n|\n|move|p1a: Zygarde|Outrage|p2a: Broken|[from]lockedmove\n|-resisted|p2a: Broken\n|-damage|p2a: Broken|0 fnt\n|faint|p2a: Broken\n|\n|-sideend|p1: BarryMcAwkner|move: Light Screen\n|upkeep\n|\n|switch|p2a: Predict|Medicham-Mega, F|88\/100\n|-damage|p2a: Predict|82\/100|[from] Stealth Rock\n|turn|24\n|\n|move|p2a: Predict|Fake Out|p1a: Zygarde\n|-damage|p1a: Zygarde|0 fnt\n|faint|p1a: Zygarde\n|\n|upkeep\n|\n|switch|p1a: Hawlucha|Hawlucha, M|100\/100\n|turn|25\n|\n|move|p2a: Predict|Ice Punch|p1a: Hawlucha\n|-supereffective|p1a: Hawlucha\n|-damage|p1a: Hawlucha|0 fnt\n|faint|p1a: Hawlucha\n|\n|win|why addicted\n|c|\u2606BarryMcAwkner|gg\n|raw|BarryMcAwkner's rating: 1652 &rarr; <strong>1639<\/strong><br \/>(-13 for losing)\n|raw|why addicted's rating: 1776 &rarr; <strong>1789<\/strong><br \/>(+13 for winning)\n|c|\u2606why addicted|gg\n|l|\u2606BarryMcAwkner\n","uploadtime":1553841031,"views":41,"p1id":"barrymcawkner","p2id":"whyaddicted","formatid":"gen7ou","rating":1639,"private":0,"password":null}