{"id":"gen7ou-882270962","p1":"why addicted","p2":"Analanza","format":"gen7ou","log":"|j|\u2606why addicted\n|j|\u2606Analanza\n|player|p1|why addicted|168\n|player|p2|Analanza|1\n|teamsize|p1|6\n|teamsize|p2|6\n|gametype|singles\n|gen|7\n|tier|[Gen 7] OU\n|rated|\n|rule|Sleep Clause Mod: Limit one foe put to sleep\n|rule|Species Clause: Limit one of each Pok\u00e9mon\n|rule|OHKO Clause: OHKO moves are banned\n|rule|Moody Clause: Moody is banned\n|rule|Evasion Moves Clause: Evasion moves are banned\n|rule|Endless Battle Clause: Forcing endless battles is banned\n|rule|HP Percentage Mod: HP is shown in percentages\n|clearpoke\n|poke|p1|Mawile, F|item\n|poke|p1|Tapu Fini|item\n|poke|p1|Garchomp, F|item\n|poke|p1|Greninja, M|item\n|poke|p1|Zapdos|item\n|poke|p1|Jirachi|item\n|poke|p2|Tapu Bulu|item\n|poke|p2|Whimsicott, F|item\n|poke|p2|Houndoom, M|item\n|poke|p2|Zygarde-10%|item\n|poke|p2|Venusaur, F|item\n|poke|p2|Torkoal, M|item\n|teampreview\n|inactive|Battle timer is ON: inactive players will automatically lose when time's up. (requested by Analanza)\n|c|\u2606why addicted|gl\n|\n|start\n|switch|p1a: Garchomp|Garchomp, F|100\/100\n|switch|p2a: Tapu Bulu|Tapu Bulu|100\/100\n|-fieldstart|move: Grassy Terrain|[from] ability: Grassy Surge|[of] p2a: Tapu Bulu\n|turn|1\n|\n|switch|p2a: Torkoal|Torkoal, M|100\/100\n|-weather|SunnyDay|[from] ability: Drought|[of] p2a: Torkoal\n|move|p1a: Garchomp|Stealth Rock|p2a: Torkoal\n|-sidestart|p2: Analanza|move: Stealth Rock\n|\n|-weather|SunnyDay|[upkeep]\n|upkeep\n|turn|2\n|\n|-zpower|p1a: Garchomp\n|move|p1a: Garchomp|Continental Crush|p2a: Torkoal|[zeffect]\n|-supereffective|p2a: Torkoal\n|-damage|p2a: Torkoal|31\/100\n|move|p2a: Torkoal|Stealth Rock|p1a: Garchomp\n|-sidestart|p1: why addicted|move: Stealth Rock\n|\n|-weather|SunnyDay|[upkeep]\n|-heal|p2a: Torkoal|37\/100|[from] Grassy Terrain\n|upkeep\n|turn|3\n|\n|switch|p2a: Whimsicott|Whimsicott, F|100\/100\n|-damage|p2a: Whimsicott|88\/100|[from] Stealth Rock\n|move|p1a: Garchomp|Stone Edge|p2a: Whimsicott\n|-damage|p2a: Whimsicott|32\/100\n|\n|-weather|SunnyDay|[upkeep]\n|-heal|p2a: Whimsicott|38\/100|[from] Grassy Terrain\n|upkeep\n|turn|4\n|\n|move|p2a: Whimsicott|Moonblast|p1a: Garchomp\n|-supereffective|p1a: Garchomp\n|-damage|p1a: Garchomp|18\/100\n|move|p1a: Garchomp|Stone Edge|p2a: Whimsicott|[miss]\n|-miss|p1a: Garchomp|p2a: Whimsicott\n|\n|-weather|SunnyDay|[upkeep]\n|-heal|p2a: Whimsicott|45\/100|[from] Grassy Terrain\n|-heal|p1a: Garchomp|24\/100|[from] Grassy Terrain\n|upkeep\n|turn|5\n|\n|switch|p1a: Jirachi|Jirachi|100\/100\n|-damage|p1a: Jirachi|95\/100|[from] Stealth Rock\n|move|p2a: Whimsicott|Moonblast|p1a: Jirachi\n|-resisted|p1a: Jirachi\n|-damage|p1a: Jirachi|78\/100\n|-unboost|p1a: Jirachi|spa|1\n|\n|-weather|SunnyDay|[upkeep]\n|-heal|p2a: Whimsicott|51\/100|[from] Grassy Terrain\n|-heal|p1a: Jirachi|84\/100|[from] Grassy Terrain\n|-fieldend|move: Grassy Terrain\n|upkeep\n|turn|6\n|\n|-zpower|p2a: Whimsicott\n|move|p2a: Whimsicott|Z-Memento|p1a: Jirachi|[anim]Memento\n|-unboost|p1a: Jirachi|atk|2\n|-unboost|p1a: Jirachi|spa|2\n|-activate|p2a: Whimsicott|healreplacement\n|faint|p2a: Whimsicott\n|move|p1a: Jirachi|U-turn|p2: Whimsicott|[notarget]\n|-fail|p1a: Jirachi\n|\n|-weather|SunnyDay|[upkeep]\n|upkeep\n|\n|switch|p2a: Torkoal|Torkoal, M|37\/100\n|-heal|p2a: Torkoal|100\/100|[from] move: Memento|[zeffect]\n|-damage|p2a: Torkoal|75\/100|[from] Stealth Rock\n|turn|7\n|\n|move|p1a: Jirachi|U-turn|p2a: Torkoal\n|-resisted|p2a: Torkoal\n|-damage|p2a: Torkoal|73\/100\n|\n|switch|p1a: Garchomp|Garchomp, F|24\/100\n|-damage|p1a: Garchomp|18\/100|[from] Stealth Rock\n|move|p2a: Torkoal|Rapid Spin|p1a: Garchomp\n|-damage|p1a: Garchomp|14\/100\n|-damage|p2a: Torkoal|60\/100|[from] ability: Rough Skin|[of] p1a: Garchomp\n|-sideend|p2: Analanza|Stealth Rock|[from] move: Rapid Spin|[of] p2a: Torkoal\n|\n|-weather|SunnyDay|[upkeep]\n|upkeep\n|turn|8\n|inactive|Analanza has 120 seconds left.\n|\n|move|p1a: Garchomp|Stealth Rock|p2a: Torkoal\n|-sidestart|p2: Analanza|move: Stealth Rock\n|move|p2a: Torkoal|Lava Plume|p1a: Garchomp\n|-resisted|p1a: Garchomp\n|-damage|p1a: Garchomp|0 fnt\n|faint|p1a: Garchomp\n|\n|-weather|none\n|upkeep\n|\n|switch|p1a: Greninja|Greninja, M|100\/100\n|-damage|p1a: Greninja|88\/100|[from] Stealth Rock\n|turn|9\n|\n|switch|p1a: Mawile|Mawile, F|100\/100\n|-damage|p1a: Mawile|95\/100|[from] Stealth Rock\n|-ability|p1a: Mawile|Intimidate|boost\n|-unboost|p2a: Torkoal|atk|1\n|switch|p2a: Tapu Bulu|Tapu Bulu|100\/100\n|-damage|p2a: Tapu Bulu|88\/100|[from] Stealth Rock\n|-fieldstart|move: Grassy Terrain|[from] ability: Grassy Surge|[of] p2a: Tapu Bulu\n|\n|-heal|p2a: Tapu Bulu|94\/100|[from] Grassy Terrain\n|-heal|p1a: Mawile|100\/100|[from] Grassy Terrain\n|upkeep\n|turn|10\n|\n|switch|p2a: Torkoal|Torkoal, M|60\/100\n|-damage|p2a: Torkoal|35\/100|[from] Stealth Rock\n|-weather|SunnyDay|[from] ability: Drought|[of] p2a: Torkoal\n|detailschange|p1a: Mawile|Mawile-Mega, F\n|-mega|p1a: Mawile|Mawile|Mawilite\n|move|p1a: Mawile|Knock Off|p2a: Torkoal\n|-damage|p2a: Torkoal|0 fnt\n|-enditem|p2a: Torkoal|Heat Rock|[from] move: Knock Off|[of] p1a: Mawile\n|faint|p2a: Torkoal\n|\n|-weather|SunnyDay|[upkeep]\n|upkeep\n|\n|switch|p2a: Houndoom|Houndoom, M|100\/100\n|-damage|p2a: Houndoom|76\/100|[from] Stealth Rock\n|turn|11\n|\n|detailschange|p2a: Houndoom|Houndoom-Mega, M\n|-mega|p2a: Houndoom|Houndoom|Houndoominite\n|move|p2a: Houndoom|Flamethrower|p1a: Mawile\n|-supereffective|p1a: Mawile\n|-damage|p1a: Mawile|0 fnt\n|faint|p1a: Mawile\n|\n|-weather|SunnyDay|[upkeep]\n|-damage|p2a: Houndoom|63\/100|[from] ability: Solar Power|[of] p2a: Houndoom\n|-heal|p2a: Houndoom|70\/100|[from] Grassy Terrain\n|upkeep\n|\n|switch|p1a: Greninja|Greninja, M|88\/100\n|-damage|p1a: Greninja|76\/100|[from] Stealth Rock\n|turn|12\n|\n|switch|p2a: Zygarde|Zygarde-10%|100\/100\n|-damage|p2a: Zygarde|94\/100|[from] Stealth Rock\n|-ability|p2a: Zygarde|Aura Break\n|move|p1a: Greninja|Spikes|p2a: Zygarde\n|-sidestart|p2: Analanza|Spikes\n|\n|-weather|SunnyDay|[upkeep]\n|-heal|p1a: Greninja|82\/100|[from] Grassy Terrain\n|-heal|p2a: Zygarde|100\/100|[from] Grassy Terrain\n|upkeep\n|turn|13\n|\n|switch|p1a: Tapu Fini|Tapu Fini|100\/100\n|-damage|p1a: Tapu Fini|88\/100|[from] Stealth Rock\n|-fieldstart|move: Misty Terrain|[from] ability: Misty Surge|[of] p1a: Tapu Fini\n|move|p2a: Zygarde|Extreme Speed|p1a: Tapu Fini\n|-damage|p1a: Tapu Fini|60\/100\n|\n|-weather|SunnyDay|[upkeep]\n|-heal|p1a: Tapu Fini|66\/100|[from] item: Leftovers\n|upkeep\n|turn|14\n|\n|switch|p2a: Venusaur|Venusaur, F|100\/100\n|-damage|p2a: Venusaur|88\/100|[from] Stealth Rock\n|-damage|p2a: Venusaur|76\/100|[from] Spikes\n|switch|p1a: Jirachi|Jirachi|84\/100\n|-damage|p1a: Jirachi|78\/100|[from] Stealth Rock\n|\n|-weather|SunnyDay|[upkeep]\n|upkeep\n|turn|15\n|\n|move|p2a: Venusaur|Hidden Power|p1a: Jirachi\n|-supereffective|p1a: Jirachi\n|-damage|p1a: Jirachi|14\/100\n|-damage|p2a: Venusaur|66\/100|[from] item: Life Orb\n|move|p1a: Jirachi|Ice Punch|p2a: Venusaur\n|-supereffective|p2a: Venusaur\n|-crit|p2a: Venusaur\n|-damage|p2a: Venusaur|0 fnt\n|faint|p2a: Venusaur\n|\n|-weather|SunnyDay|[upkeep]\n|upkeep\n|\n|switch|p2a: Zygarde|Zygarde-10%|100\/100\n|-damage|p2a: Zygarde|94\/100|[from] Stealth Rock\n|-damage|p2a: Zygarde|82\/100|[from] Spikes\n|-ability|p2a: Zygarde|Aura Break\n|turn|16\n|\n|switch|p1a: Zapdos|Zapdos|100\/100\n|-damage|p1a: Zapdos|76\/100|[from] Stealth Rock\n|move|p2a: Zygarde|Thousand Arrows|p1a: Zapdos\n|-crit|p1a: Zapdos\n|-damage|p1a: Zapdos|8\/100\n|-start|p1a: Zapdos|Smack Down\n|\n|-weather|SunnyDay|[upkeep]\n|-heal|p1a: Zapdos|14\/100|[from] item: Leftovers\n|upkeep\n|turn|17\n|\n|move|p2a: Zygarde|Thousand Arrows|p1a: Zapdos\n|-supereffective|p1a: Zapdos\n|-damage|p1a: Zapdos|0 fnt\n|faint|p1a: Zapdos\n|\n|-weather|none\n|-fieldend|Misty Terrain\n|upkeep\n|\n|switch|p1a: Jirachi|Jirachi|14\/100\n|-damage|p1a: Jirachi|8\/100|[from] Stealth Rock\n|turn|18\n|\n|move|p1a: Jirachi|Iron Head|p2a: Zygarde\n|-damage|p2a: Zygarde|30\/100\n|cant|p2a: Zygarde|flinch\n|\n|upkeep\n|turn|19\n|\n|move|p1a: Jirachi|Iron Head|p2a: Zygarde\n|-damage|p2a: Zygarde|0 fnt\n|faint|p2a: Zygarde\n|\n|upkeep\n|\n|switch|p2a: Houndoom|Houndoom-Mega, M|70\/100\n|-damage|p2a: Houndoom|57\/100|[from] Spikes\n|-damage|p2a: Houndoom|32\/100|[from] Stealth Rock\n|turn|20\n|\n|move|p1a: Jirachi|Iron Head|p2a: Houndoom\n|-resisted|p2a: Houndoom\n|-damage|p2a: Houndoom|12\/100\n|cant|p2a: Houndoom|flinch\n|\n|upkeep\n|turn|21\n|\n|move|p1a: Jirachi|Iron Head|p2a: Houndoom\n|-resisted|p2a: Houndoom\n|-damage|p2a: Houndoom|0 fnt\n|faint|p2a: Houndoom\n|\n|upkeep\n|c|\u2606Analanza|^^\n|\n|switch|p2a: Tapu Bulu|Tapu Bulu|94\/100\n|-damage|p2a: Tapu Bulu|82\/100|[from] Stealth Rock\n|-damage|p2a: Tapu Bulu|70\/100|[from] Spikes\n|-fieldstart|move: Grassy Terrain|[from] ability: Grassy Surge|[of] p2a: Tapu Bulu\n|turn|22\n|\n|move|p1a: Jirachi|Iron Head|p2a: Tapu Bulu\n|-supereffective|p2a: Tapu Bulu\n|-damage|p2a: Tapu Bulu|17\/100\n|cant|p2a: Tapu Bulu|flinch\n|\n|-heal|p1a: Jirachi|14\/100|[from] Grassy Terrain\n|-heal|p2a: Tapu Bulu|24\/100|[from] Grassy Terrain\n|upkeep\n|turn|23\n|c|\u2606Analanza|full of hax\n|c|\u2606Analanza|pure lucky\n|\n|move|p1a: Jirachi|Iron Head|p2a: Tapu Bulu\n|-supereffective|p2a: Tapu Bulu\n|-damage|p2a: Tapu Bulu|0 fnt\n|faint|p2a: Tapu Bulu\n|\n|win|why addicted\n|raw|why addicted's rating: 1824 &rarr; <strong>1832<\/strong><br \/>(+8 for winning)\n|raw|Analanza's rating: 1588 &rarr; <strong>1580<\/strong><br \/>(-8 for losing)\n|c|\u2606Analanza|look ur ladder\n|c|\u2606Analanza|u up it to much with hax?\n|c|\u2606why addicted|lmao\n|c|\u2606Analanza|cuz that was a ez victory for me lol\n|c|\u2606why addicted|sry about hax\n|c|\u2606why addicted|say whatever u want\n|l|\u2606Analanza\n","uploadtime":1553610188,"views":36,"p1id":"whyaddicted","p2id":"analanza","formatid":"gen7ou","rating":1580,"private":0,"password":null}