{"id":"gen7ou-943314781","p1":"dogecreamgaming","p2":"THC_wenger","format":"gen7ou","log":"|j|\u2606dogecreamgaming\n|j|\u2606THC_wenger\n|player|p1|dogecreamgaming|burglar-gen1rb\n|player|p2|THC_wenger|2\n|teamsize|p1|6\n|teamsize|p2|6\n|gametype|singles\n|gen|7\n|tier|[Gen 7] OU\n|rated|\n|rule|Sleep Clause Mod: Limit one foe put to sleep\n|rule|Species Clause: Limit one of each Pok\u00e9mon\n|rule|OHKO Clause: OHKO moves are banned\n|rule|Moody Clause: Moody is banned\n|rule|Evasion Moves Clause: Evasion moves are banned\n|rule|Endless Battle Clause: Forcing endless battles is banned\n|rule|HP Percentage Mod: HP is shown in percentages\n|clearpoke\n|poke|p1|Pinsir, F|item\n|poke|p1|Jirachi|item\n|poke|p1|Tapu Fini|item\n|poke|p1|Tapu Koko|item\n|poke|p1|Dragonite, F|item\n|poke|p1|Espeon, M|item\n|poke|p2|Ninetales-Alola, M|item\n|poke|p2|Serperior, M|item\n|poke|p2|Toxapex, F|item\n|poke|p2|Infernape, M|item\n|poke|p2|Excadrill, M|item\n|poke|p2|Manectric, M|item\n|teampreview\n|inactive|Battle timer is ON: inactive players will automatically lose when time's up. (requested by THC_wenger)\n|\n|start\n|switch|p1a: Pinsir|Pinsir, F|100\/100\n|switch|p2a: Excadrill|Excadrill, M, shiny|100\/100\n|turn|1\n|\n|detailschange|p1a: Pinsir|Pinsir-Mega, F\n|-mega|p1a: Pinsir|Pinsir|Pinsirite\n|move|p1a: Pinsir|Earthquake|p2a: Excadrill\n|-supereffective|p2a: Excadrill\n|-damage|p2a: Excadrill|0 fnt\n|faint|p2a: Excadrill\n|\n|upkeep\n|l|\u2606THC_wenger\n|inactive|THC_wenger disconnected and has a minute to reconnect!\n|player|p2|\n|j|\u2606THC_wenger\n|inactive|THC_wenger reconnected and has 120 seconds left.\n|player|p2|THC_wenger|2\n|\n|switch|p2a: Infernape|Infernape, M|100\/100\n|turn|2\n|\n|switch|p1a: Tapu Fini|Tapu Fini|100\/100\n|-fieldstart|move: Misty Terrain|[from] ability: Misty Surge|[of] p1a: Tapu Fini\n|-zpower|p2a: Infernape\n|move|p2a: Infernape|Inferno Overdrive|p1a: Tapu Fini|[zeffect]\n|-resisted|p1a: Tapu Fini\n|-damage|p1a: Tapu Fini|71\/100\n|\n|-heal|p1a: Tapu Fini|77\/100|[from] item: Leftovers\n|upkeep\n|turn|3\n|\n|move|p2a: Infernape|Thunder Punch|p1a: Tapu Fini\n|-supereffective|p1a: Tapu Fini\n|-crit|p1a: Tapu Fini\n|-damage|p1a: Tapu Fini|36\/100\n|move|p1a: Tapu Fini|Nature's Madness|p2a: Infernape\n|-damage|p2a: Infernape|50\/100\n|\n|-heal|p1a: Tapu Fini|42\/100|[from] item: Leftovers\n|upkeep\n|turn|4\n|\n|switch|p1a: Tapu Koko|Tapu Koko|100\/100\n|-fieldstart|move: Electric Terrain|[from] ability: Electric Surge|[of] p1a: Tapu Koko\n|move|p2a: Infernape|Thunder Punch|p1a: Tapu Koko\n|-resisted|p1a: Tapu Koko\n|-damage|p1a: Tapu Koko|80\/100\n|\n|upkeep\n|turn|5\n|\n|switch|p2a: Serperior|Serperior, M, shiny|100\/100\n|-zpower|p1a: Tapu Koko\n|move|p1a: Tapu Koko|Gigavolt Havoc|p2a: Serperior|[zeffect]\n|-resisted|p2a: Serperior\n|-crit|p2a: Serperior\n|-damage|p2a: Serperior|0 fnt\n|faint|p2a: Serperior\n|\n|upkeep\n|inactive|THC_wenger has 90 seconds left.\n|\n|switch|p2a: Toxapex|Toxapex, F, shiny|100\/100\n|turn|6\n|\n|move|p1a: Tapu Koko|Thunder Wave|p2a: Toxapex\n|-status|p2a: Toxapex|par\n|cant|p2a: Toxapex|par\n|\n|upkeep\n|turn|7\n|\n|move|p1a: Tapu Koko|Thunder|p2a: Toxapex\n|-supereffective|p2a: Toxapex\n|-damage|p2a: Toxapex|0 fnt\n|faint|p2a: Toxapex\n|\n|upkeep\n|inactive|THC_wenger has 90 seconds left.\n|\n|switch|p2a: Manectric|Manectric, M|100\/100\n|turn|8\n|\n|detailschange|p2a: Manectric|Manectric-Mega, M\n|-mega|p2a: Manectric|Manectric|Manectite\n|-ability|p2a: Manectric|Intimidate|boost\n|-unboost|p1a: Tapu Koko|atk|1\n|move|p1a: Tapu Koko|Volt Switch|p2a: Manectric\n|-resisted|p2a: Manectric\n|-damage|p2a: Manectric|74\/100\n|\n|switch|p1a: Dragonite|Dragonite, F|100\/100|[from]move: Volt Switch\n|move|p2a: Manectric|Hidden Power|p1a: Dragonite\n|-supereffective|p1a: Dragonite\n|-damage|p1a: Dragonite|76\/100\n|\n|-heal|p1a: Dragonite|82\/100|[from] item: Leftovers\n|-fieldend|move: Electric Terrain\n|upkeep\n|turn|9\n|\n|move|p2a: Manectric|Thunderbolt|p1a: Dragonite\n|-damage|p1a: Dragonite|54\/100\n|move|p1a: Dragonite|Dragon Claw|p2a: Manectric\n|-damage|p2a: Manectric|35\/100\n|\n|-heal|p1a: Dragonite|61\/100|[from] item: Leftovers\n|upkeep\n|turn|10\n|\n|move|p1a: Dragonite|Extreme Speed|p2a: Manectric\n|-damage|p2a: Manectric|5\/100\n|move|p2a: Manectric|Volt Switch|p1a: Dragonite\n|-crit|p1a: Dragonite\n|-damage|p1a: Dragonite|28\/100\n|\n|switch|p2a: Ninetales|Ninetales-Alola, M|100\/100|[from]move: Volt Switch\n|-weather|Hail|[from] ability: Snow Warning|[of] p2a: Ninetales\n|\n|-weather|Hail|[upkeep]\n|-damage|p1a: Dragonite|22\/100|[from] Hail\n|-heal|p1a: Dragonite|28\/100|[from] item: Leftovers\n|upkeep\n|turn|11\n|inactive|THC_wenger has 120 seconds left.\n|\n|switch|p1a: Espeon|Espeon, M|100\/100\n|move|p2a: Ninetales|Aurora Veil|p2a: Ninetales\n|-sidestart|p2: THC_wenger|move: Aurora Veil\n|\n|-weather|Hail|[upkeep]\n|-damage|p1a: Espeon|95\/100|[from] Hail\n|upkeep\n|turn|12\n|inactive|THC_wenger has 120 seconds left.\n|\n|move|p2a: Ninetales|Toxic|p1a: Espeon\n|move|p1a: Espeon|Toxic|p2a: Ninetales|[from]Magic Bounce\n|-status|p2a: Ninetales|tox\n|move|p1a: Espeon|Calm Mind|p1a: Espeon\n|-boost|p1a: Espeon|spa|1\n|-boost|p1a: Espeon|spd|1\n|\n|-weather|Hail|[upkeep]\n|-damage|p1a: Espeon|89\/100|[from] Hail\n|-damage|p2a: Ninetales|95\/100 tox|[from] psn\n|upkeep\n|turn|13\n|inactive|THC_wenger has 120 seconds left.\n|\n|move|p2a: Ninetales|Moonblast|p1a: Espeon\n|-damage|p1a: Espeon|58\/100\n|-unboost|p1a: Espeon|spa|1\n|move|p1a: Espeon|Calm Mind|p1a: Espeon\n|-boost|p1a: Espeon|spa|1\n|-boost|p1a: Espeon|spd|1\n|\n|-weather|Hail|[upkeep]\n|-damage|p1a: Espeon|52\/100|[from] Hail\n|-damage|p2a: Ninetales|83\/100 tox|[from] psn\n|upkeep\n|turn|14\n|inactive|THC_wenger has 120 seconds left.\n|\n|move|p2a: Ninetales|Moonblast|p1a: Espeon\n|-damage|p1a: Espeon|30\/100\n|move|p1a: Espeon|Psychic|p2a: Ninetales\n|-damage|p2a: Ninetales|35\/100 tox\n|\n|-weather|none\n|-damage|p2a: Ninetales|18\/100 tox|[from] psn\n|upkeep\n|turn|15\n|inactive|THC_wenger has 120 seconds left.\n|\n|move|p2a: Ninetales|Ice Beam|p1a: Espeon\n|-damage|p1a: Espeon|8\/100\n|move|p1a: Espeon|Wish|p1a: Espeon\n|\n|-damage|p2a: Ninetales|0 fnt|[from] psn\n|faint|p2a: Ninetales\n|-sideend|p2: THC_wenger|move: Aurora Veil\n|upkeep\n|inactive|THC_wenger has 120 seconds left.\n|\n|switch|p2a: Infernape|Infernape, M|50\/100\n|turn|16\n|inactive|THC_wenger has 120 seconds left.\n|\n|switch|p1a: Tapu Fini|Tapu Fini|42\/100\n|-fieldstart|move: Misty Terrain|[from] ability: Misty Surge|[of] p1a: Tapu Fini\n|move|p2a: Infernape|Brick Break|p1a: Tapu Fini\n|-resisted|p1a: Tapu Fini\n|-damage|p1a: Tapu Fini|32\/100\n|\n|-heal|p1a: Tapu Fini|71\/100|[from] move: Wish|[wisher] Espeon\n|-heal|p1a: Tapu Fini|78\/100|[from] item: Leftovers\n|upkeep\n|turn|17\n|inactive|THC_wenger has 120 seconds left.\n|\n|move|p2a: Infernape|Thunder Punch|p1a: Tapu Fini\n|-supereffective|p1a: Tapu Fini\n|-damage|p1a: Tapu Fini|51\/100\n|move|p1a: Tapu Fini|Scald|p2a: Infernape\n|-supereffective|p2a: Infernape\n|-damage|p2a: Infernape|0 fnt\n|faint|p2a: Infernape\n|\n|-heal|p1a: Tapu Fini|57\/100|[from] item: Leftovers\n|upkeep\n|inactive|THC_wenger has 120 seconds left.\n|\n|switch|p2a: Manectric|Manectric-Mega, M|5\/100\n|-ability|p2a: Manectric|Intimidate|boost\n|-unboost|p1a: Tapu Fini|atk|1\n|turn|18\n|\n|switch|p1a: Tapu Koko|Tapu Koko|80\/100\n|-fieldstart|move: Electric Terrain|[from] ability: Electric Surge|[of] p1a: Tapu Koko\n|move|p2a: Manectric|Thunderbolt|p1a: Tapu Koko\n|-resisted|p1a: Tapu Koko\n|-damage|p1a: Tapu Koko|26\/100\n|\n|upkeep\n|turn|19\n|\n|move|p1a: Tapu Koko|Dazzling Gleam|p2a: Manectric\n|-damage|p2a: Manectric|0 fnt\n|faint|p2a: Manectric\n|\n|win|dogecreamgaming\n|l|\u2606THC_wenger\n","uploadtime":1562881228,"views":16,"p1id":"dogecreamgaming","p2id":"thcwenger","formatid":"gen7ou","rating":0,"private":0,"password":null}