{"id":"gen7randombattle-832285062","p1":"wolfwarrior","p2":"gauchoninja random","format":"gen7randombattle","log":"|j|\u2606wolfwarrior\n|j|\u2606gauchoninja random\n|player|p1|wolfwarrior|162\n|player|p2|gauchoninja random|265\n|teamsize|p1|6\n|teamsize|p2|6\n|gametype|singles\n|gen|7\n|tier|[Gen 7] Random Battle\n|rated|\n|seed|50385,52486,23680,18700\n|rule|Sleep Clause Mod: Limit one foe put to sleep\n|rule|HP Percentage Mod: HP is shown in percentages\n|\n|start\n|switch|p1a: Pyukumuku|Pyukumuku, L83, M|227\/227\n|switch|p2a: Lunatone|Lunatone, L83|285\/285\n|turn|1\n|inactive|Battle timer is ON: inactive players will automatically lose when time's up. (requested by wolfwarrior)\n|\n|move|p2a: Lunatone|Toxic|p1a: Pyukumuku\n|-status|p1a: Pyukumuku|tox\n|move|p1a: Pyukumuku|Reflect|p1a: Pyukumuku\n|-sidestart|p1: wolfwarrior|Reflect\n|\n|-damage|p1a: Pyukumuku|213\/227 tox|[from] psn\n|upkeep\n|turn|2\n|inactive|gauchoninja random has 120 seconds left.\n|\n|switch|p2a: Armaldo|Armaldo, L83, F|259\/259\n|move|p1a: Pyukumuku|Light Screen|p1a: Pyukumuku\n|-sidestart|p1: wolfwarrior|move: Light Screen\n|\n|-damage|p1a: Pyukumuku|185\/227 tox|[from] psn\n|upkeep\n|turn|3\n|\n|switch|p1a: Regirock|Regirock, L83|268\/268\n|move|p2a: Armaldo|Stealth Rock|p1a: Regirock\n|-sidestart|p1: wolfwarrior|move: Stealth Rock\n|\n|upkeep\n|turn|4\n|\n|move|p1a: Regirock|Curse|p1a: Regirock\n|-unboost|p1a: Regirock|spe|1\n|-boost|p1a: Regirock|atk|1\n|-boost|p1a: Regirock|def|1\n|move|p2a: Armaldo|Toxic|p1a: Regirock|[miss]\n|-miss|p2a: Armaldo|p1a: Regirock\n|\n|upkeep\n|turn|5\n|\n|move|p2a: Armaldo|Toxic|p1a: Regirock|[miss]\n|-miss|p2a: Armaldo|p1a: Regirock\n|move|p1a: Regirock|Stone Edge|p2a: Armaldo\n|-supereffective|p2a: Armaldo\n|-damage|p2a: Armaldo|0 fnt\n|faint|p2a: Armaldo\n|\n|upkeep\n|\n|switch|p2a: Lunatone|Lunatone, L83|285\/285\n|turn|6\n|\n|move|p2a: Lunatone|Toxic|p1a: Regirock\n|-status|p1a: Regirock|tox\n|move|p1a: Regirock|Stone Edge|p2a: Lunatone\n|-damage|p2a: Lunatone|84\/285\n|\n|-damage|p1a: Regirock|252\/268 tox|[from] psn\n|upkeep\n|turn|7\n|\n|move|p2a: Lunatone|Earth Power|p1a: Regirock\n|-supereffective|p1a: Regirock\n|-damage|p1a: Regirock|200\/268 tox\n|move|p1a: Regirock|Stone Edge|p2a: Lunatone\n|-damage|p2a: Lunatone|0 fnt\n|faint|p2a: Lunatone\n|\n|-damage|p1a: Regirock|168\/268 tox|[from] psn\n|upkeep\n|\n|switch|p2a: Donphan|Donphan, L79, F|272\/272\n|turn|8\n|\n|move|p2a: Donphan|Knock Off|p1a: Regirock\n|-damage|p1a: Regirock|150\/268 tox\n|-enditem|p1a: Regirock|Chesto Berry|[from] move: Knock Off|[of] p2a: Donphan\n|move|p1a: Regirock|Drain Punch|p2a: Donphan\n|-damage|p2a: Donphan|202\/272\n|-heal|p1a: Regirock|185\/268 tox|[from] drain|[of] p2a: Donphan\n|\n|-damage|p1a: Regirock|137\/268 tox|[from] psn\n|-sideend|p1: wolfwarrior|Reflect\n|upkeep\n|turn|9\n|\n|switch|p2a: Registeel|Registeel, L79|256\/256\n|move|p1a: Regirock|Drain Punch|p2a: Registeel\n|-supereffective|p2a: Registeel\n|-damage|p2a: Registeel|134\/256\n|-heal|p1a: Regirock|198\/268 tox|[from] drain|[of] p2a: Registeel\n|\n|-heal|p2a: Registeel|150\/256|[from] item: Leftovers\n|-damage|p1a: Regirock|134\/268 tox|[from] psn\n|-sideend|p1: wolfwarrior|move: Light Screen\n|upkeep\n|turn|10\n|\n|move|p2a: Registeel|Iron Head|p1a: Regirock\n|-supereffective|p1a: Regirock\n|-damage|p1a: Regirock|92\/268 tox\n|cant|p1a: Regirock|flinch\n|\n|-heal|p2a: Registeel|166\/256|[from] item: Leftovers\n|-damage|p1a: Regirock|12\/268 tox|[from] psn\n|upkeep\n|turn|11\n|\n|move|p2a: Registeel|Iron Head|p1a: Regirock\n|-supereffective|p1a: Regirock\n|-damage|p1a: Regirock|0 fnt\n|faint|p1a: Regirock\n|\n|-heal|p2a: Registeel|182\/256|[from] item: Leftovers\n|upkeep\n|\n|switch|p1a: Emboar|Emboar, L79, F|303\/303\n|-damage|p1a: Emboar|266\/303|[from] Stealth Rock\n|turn|12\n|\n|move|p1a: Emboar|Flare Blitz|p2a: Registeel\n|-supereffective|p2a: Registeel\n|-damage|p2a: Registeel|0 fnt\n|-damage|p1a: Emboar|206\/303|[from] Recoil\n|faint|p2a: Registeel\n|\n|upkeep\n|\n|switch|p2a: Darmanitan|Darmanitan, L77, M|287\/287\n|turn|13\n|\n|move|p2a: Darmanitan|Earthquake|p1a: Emboar\n|-supereffective|p1a: Emboar\n|-damage|p1a: Emboar|0 fnt\n|-damage|p2a: Darmanitan|259\/287|[from] item: Life Orb\n|faint|p1a: Emboar\n|\n|upkeep\n|\n|switch|p1a: Aggron|Aggron, L77, M|234\/234\n|-damage|p1a: Aggron|220\/234|[from] Stealth Rock\n|turn|14\n|\n|switch|p2a: Donphan|Donphan, L79, F|202\/272\n|detailschange|p1a: Aggron|Aggron-Mega, L77, M\n|-mega|p1a: Aggron|Aggron|Aggronite\n|move|p1a: Aggron|Earthquake|p2a: Donphan\n|-damage|p2a: Donphan|138\/272\n|\n|upkeep\n|turn|15\n|\n|switch|p1a: Pyukumuku|Pyukumuku, L83, M|185\/227 tox\n|-damage|p1a: Pyukumuku|157\/227 tox|[from] Stealth Rock\n|move|p2a: Donphan|Earthquake|p1a: Pyukumuku\n|-crit|p1a: Pyukumuku\n|-damage|p1a: Pyukumuku|0 fnt\n|-damage|p2a: Donphan|0 fnt|[from] ability: Innards Out|[of] p1a: Pyukumuku\n|faint|p1a: Pyukumuku\n|faint|p2a: Donphan\n|\n|upkeep\n|\n|switch|p2a: Darmanitan|Darmanitan, L77, M|259\/287\n|switch|p1a: Aggron|Aggron-Mega, L77, M|220\/234\n|-damage|p1a: Aggron|206\/234|[from] Stealth Rock\n|turn|16\n|\n|move|p2a: Darmanitan|Flare Blitz|p1a: Aggron\n|-supereffective|p1a: Aggron\n|-crit|p1a: Aggron\n|-damage|p1a: Aggron|0 fnt\n|-damage|p2a: Darmanitan|191\/287|[from] Recoil\n|faint|p1a: Aggron\n|\n|upkeep\n|\n|switch|p1a: Necrozma|Necrozma-Dawn-Wings, L73|262\/262\n|-damage|p1a: Necrozma|230\/262|[from] Stealth Rock\n|turn|17\n|\n|detailschange|p1a: Necrozma|Necrozma-Ultra, L73\n|-burst|p1a: Necrozma|Necrozma|Ultranecrozium Z\n|move|p1a: Necrozma|Photon Geyser|p2a: Darmanitan\n|-damage|p2a: Darmanitan|0 fnt\n|faint|p2a: Darmanitan\n|\n|upkeep\n|\n|switch|p2a: Vespiquen|Vespiquen, L83, F|251\/251\n|-ability|p2a: Vespiquen|Pressure\n|turn|18\n|\n|-zpower|p1a: Necrozma\n|move|p1a: Necrozma|Light That Burns the Sky|p2a: Vespiquen|[zeffect]\n|-damage|p2a: Vespiquen|25\/251\n|move|p2a: Vespiquen|Attack Order|p1a: Necrozma\n|-supereffective|p1a: Necrozma\n|-crit|p1a: Necrozma\n|-damage|p1a: Necrozma|0 fnt\n|faint|p1a: Necrozma\n|\n|-heal|p2a: Vespiquen|40\/251|[from] item: Leftovers\n|upkeep\n|\n|switch|p1a: Braviary|Braviary, L81, M|295\/295\n|-damage|p1a: Braviary|222\/295|[from] Stealth Rock\n|turn|19\n|\n|move|p1a: Braviary|Brave Bird|p2a: Vespiquen\n|-supereffective|p2a: Vespiquen\n|-damage|p2a: Vespiquen|0 fnt\n|-damage|p1a: Braviary|209\/295|[from] Recoil\n|faint|p2a: Vespiquen\n|\n|win|wolfwarrior\n|raw|wolfwarrior's rating: 1786 &rarr; <strong>1809<\/strong><br \/>(+23 for winning)\n|raw|gauchoninja random's rating: 1842 &rarr; <strong>1819<\/strong><br \/>(-23 for losing)\n|l|\u2606wolfwarrior\n","inputlog":">version 9e1f56fcd147cd5c3f1559ada74d4c94102edb9d\n>start {\"formatid\":\"gen7randombattle\",\"seed\":[50385,52486,23680,18700],\"rated\":\"Rated battle\"}\n>player p1 {\"name\":\"wolfwarrior\",\"avatar\":\"162\",\"team\":\"\"}\n>player p2 {\"name\":\"gauchoninja random\",\"avatar\":\"265\",\"team\":\"\"}\n>p1 move reflect\n>p2 move toxic\n>p1 move lightscreen\n>p2 switch 3\n>p1 switch 5\n>p2 move stealthrock\n>p1 move curse\n>p2 move toxic\n>p1 move stoneedge\n>p2 move toxic\n>p2 switch 3\n>p1 move stoneedge\n>p2 move toxic\n>p1 move stoneedge\n>p2 move earthpower\n>p2 switch 6\n>p1 move drainpunch\n>p2 move knockoff\n>p1 move drainpunch\n>p2 switch 5\n>p1 move rest\n>p2 move ironhead\n>p1 move drainpunch\n>p2 move ironhead\n>p1 switch 6\n>p1 move flareblitz\n>p2 move seismictoss\n>p2 switch 2\n>p1 move headsmash\n>p2 move earthquake\n>p1 switch 3\n>p1 move earthquake mega\n>p2 switch 5\n>p1 switch 5\n>p2 move earthquake\n>p1 switch 5\n>p2 switch 5\n>p1 move earthquake\n>p2 move flareblitz\n>p1 switch 4\n>p1 move photongeyser mega\n>p2 move uturn\n>p2 switch 4\n>p1 move photongeyser zmove\n>p2 move attackorder\n>p1 switch 2\n>p1 move bravebird\n>p2 move attackorder","uploadtime":1541663931,"views":1,"p1id":"wolfwarrior","p2id":"gauchoninjarandom","formatid":"gen7randombattle","rating":1809,"private":0,"password":null}