{"id":"gen7ou-850602131","p1":"ElStefano","p2":"BugCatcherWeevil","format":"gen7ou","log":"|j|\u2606ElStefano\n|j|\u2606BugCatcherWeevil\n|player|p1|ElStefano|33\n|player|p2|BugCatcherWeevil|102\n|teamsize|p1|6\n|teamsize|p2|6\n|gametype|singles\n|gen|7\n|tier|[Gen 7] OU\n|rated|\n|rule|Sleep Clause Mod: Limit one foe put to sleep\n|rule|Species Clause: Limit one of each Pok\u00e9mon\n|rule|OHKO Clause: OHKO moves are banned\n|rule|Moody Clause: Moody is banned\n|rule|Evasion Moves Clause: Evasion moves are banned\n|rule|Endless Battle Clause: Forcing endless battles is banned\n|rule|HP Percentage Mod: HP is shown in percentages\n|clearpoke\n|poke|p1|Pelipper, M|item\n|poke|p1|Swampert, M|item\n|poke|p1|Qwilfish, F|item\n|poke|p1|Tornadus-Therian, M|item\n|poke|p1|Politoed, M|item\n|poke|p1|Ferrothorn, M|item\n|poke|p2|Salazzle, F|item\n|poke|p2|Kartana|item\n|poke|p2|Latias, F|item\n|poke|p2|Landorus-Therian, M|item\n|poke|p2|Ferrothorn, F|item\n|poke|p2|Suicune|item\n|teampreview\n|\n|start\n|switch|p1a: Kermit|Politoed, M|100\/100\n|switch|p2a: Suicune|Suicune|100\/100\n|-ability|p2a: Suicune|Pressure\n|-weather|RainDance|[from] ability: Drizzle|[of] p1a: Kermit\n|turn|1\n|\n|move|p2a: Suicune|Substitute|p2a: Suicune\n|-start|p2a: Suicune|Substitute\n|-damage|p2a: Suicune|76\/100\n|move|p1a: Kermit|Perish Song|p1a: Kermit\n|-start|p1a: Kermit|perish3|[silent]\n|-start|p2a: Suicune|perish3|[silent]\n|-fieldactivate|move: Perish Song\n|\n|-weather|RainDance|[upkeep]\n|-heal|p2a: Suicune|82\/100|[from] item: Leftovers\n|-start|p2a: Suicune|perish3\n|-start|p1a: Kermit|perish3\n|upkeep\n|turn|2\n|\n|switch|p1a: Spike|Ferrothorn, M|100\/100\n|move|p2a: Suicune|Scald|p1a: Spike\n|-resisted|p1a: Spike\n|-damage|p1a: Spike|87\/100\n|-status|p1a: Spike|brn\n|\n|-weather|RainDance|[upkeep]\n|-heal|p2a: Suicune|88\/100|[from] item: Leftovers\n|-heal|p1a: Spike|93\/100 brn|[from] item: Leftovers\n|-damage|p1a: Spike|87\/100 brn|[from] brn\n|-start|p2a: Suicune|perish2\n|upkeep\n|turn|3\n|\n|switch|p2a: Ferrothorn|Ferrothorn, F|100\/100\n|move|p1a: Spike|Spikes|p2a: Ferrothorn\n|-sidestart|p2: BugCatcherWeevil|Spikes\n|\n|-weather|RainDance|[upkeep]\n|-heal|p1a: Spike|93\/100 brn|[from] item: Leftovers\n|-damage|p1a: Spike|87\/100 brn|[from] brn\n|upkeep\n|turn|4\n|\n|move|p2a: Ferrothorn|Spikes|p1a: Spike\n|-sidestart|p1: ElStefano|Spikes\n|move|p1a: Spike|Spikes|p2a: Ferrothorn\n|-sidestart|p2: BugCatcherWeevil|Spikes\n|\n|-weather|RainDance|[upkeep]\n|-heal|p1a: Spike|93\/100 brn|[from] item: Leftovers\n|-damage|p1a: Spike|87\/100 brn|[from] brn\n|upkeep\n|turn|5\n|\n|move|p2a: Ferrothorn|Knock Off|p1a: Spike\n|-crit|p1a: Spike\n|-damage|p1a: Spike|66\/100 brn\n|-damage|p2a: Ferrothorn|88\/100|[from] ability: Iron Barbs|[of] p1a: Spike\n|-enditem|p1a: Spike|Leftovers|[from] move: Knock Off|[of] p2a: Ferrothorn\n|move|p1a: Spike|Spikes|p2a: Ferrothorn\n|-sidestart|p2: BugCatcherWeevil|Spikes\n|\n|-weather|RainDance|[upkeep]\n|-heal|p2a: Ferrothorn|94\/100|[from] item: Leftovers\n|-damage|p1a: Spike|60\/100 brn|[from] brn\n|upkeep\n|turn|6\n|\n|switch|p1a: Stormy|Tornadus-Therian, M|100\/100\n|move|p2a: Ferrothorn|Leech Seed|p1a: Stormy\n|-start|p1a: Stormy|move: Leech Seed\n|\n|-weather|RainDance|[upkeep]\n|-heal|p2a: Ferrothorn|99\/100|[from] item: Leftovers\n|-damage|p1a: Stormy|88\/100|[from] Leech Seed|[of] p2a: Ferrothorn\n|-heal|p2a: Ferrothorn|100\/100|[silent]\n|upkeep\n|turn|7\n|\n|move|p1a: Stormy|Hurricane|p2a: Ferrothorn\n|-damage|p2a: Ferrothorn|60\/100\n|move|p2a: Ferrothorn|Spikes|p1a: Stormy\n|-sidestart|p1: ElStefano|Spikes\n|\n|-weather|RainDance|[upkeep]\n|-heal|p2a: Ferrothorn|66\/100|[from] item: Leftovers\n|-damage|p1a: Stormy|76\/100|[from] Leech Seed|[of] p2a: Ferrothorn\n|-heal|p2a: Ferrothorn|77\/100|[silent]\n|upkeep\n|turn|8\n|\n|switch|p2a: Latias|Latias, F|100\/100\n|move|p1a: Stormy|Hurricane|p2a: Latias\n|-damage|p2a: Latias|57\/100\n|\n|-weather|none\n|-damage|p1a: Stormy|63\/100|[from] Leech Seed|[of] p2a: Latias\n|-heal|p2a: Latias|68\/100|[silent]\n|upkeep\n|turn|9\n|\n|detailschange|p2a: Latias|Latias-Mega, F\n|-mega|p2a: Latias|Latias|Latiasite\n|move|p1a: Stormy|U-turn|p2a: Latias\n|-supereffective|p2a: Latias\n|-damage|p2a: Latias|43\/100\n|inactive|Battle timer is ON: inactive players will automatically lose when time's up. (requested by BugCatcherWeevil)\n|\n|switch|p1a: Rainbringer|Pelipper, M|100\/100\n|-weather|RainDance|[from] ability: Drizzle|[of] p1a: Rainbringer\n|move|p2a: Latias|Roost|p2a: Latias\n|-heal|p2a: Latias|93\/100\n|\n|-weather|RainDance|[upkeep]\n|upkeep\n|turn|10\n|\n|move|p2a: Latias|Psychic|p1a: Rainbringer\n|-crit|p1a: Rainbringer\n|-damage|p1a: Rainbringer|31\/100\n|move|p1a: Rainbringer|U-turn|p2a: Latias\n|-supereffective|p2a: Latias\n|-damage|p2a: Latias|79\/100\n|\n|switch|p1a: Mr. Muscle|Swampert, M|100\/100\n|-damage|p1a: Mr. Muscle|84\/100|[from] Spikes\n|\n|-weather|RainDance|[upkeep]\n|upkeep\n|turn|11\n|\n|switch|p2a: Suicune|Suicune|88\/100\n|-damage|p2a: Suicune|63\/100|[from] Spikes\n|-ability|p2a: Suicune|Pressure\n|detailschange|p1a: Mr. Muscle|Swampert-Mega, M\n|-mega|p1a: Mr. Muscle|Swampert|Swampertite\n|move|p1a: Mr. Muscle|Stealth Rock|p2a: Suicune\n|-sidestart|p2: BugCatcherWeevil|move: Stealth Rock\n|\n|-weather|RainDance|[upkeep]\n|-heal|p2a: Suicune|69\/100|[from] item: Leftovers\n|upkeep\n|turn|12\n|\n|move|p1a: Mr. Muscle|Earthquake|p2a: Suicune\n|-damage|p2a: Suicune|25\/100\n|move|p2a: Suicune|Scald|p1a: Mr. Muscle\n|-damage|p1a: Mr. Muscle|50\/100\n|\n|-weather|RainDance|[upkeep]\n|-heal|p2a: Suicune|31\/100|[from] item: Leftovers\n|upkeep\n|turn|13\n|\n|move|p1a: Mr. Muscle|Earthquake|p2a: Suicune\n|-damage|p2a: Suicune|0 fnt\n|faint|p2a: Suicune\n|\n|-weather|RainDance|[upkeep]\n|upkeep\n|\n|switch|p2a: Kartana|Kartana|100\/100\n|-damage|p2a: Kartana|94\/100|[from] Stealth Rock\n|-damage|p2a: Kartana|70\/100|[from] Spikes\n|turn|14\n|\n|switch|p1a: Stormy|Tornadus-Therian, M|96\/100\n|move|p2a: Kartana|Sacred Sword|p1a: Stormy\n|-resisted|p1a: Stormy\n|-damage|p1a: Stormy|69\/100\n|\n|-weather|RainDance|[upkeep]\n|upkeep\n|turn|15\n|\n|switch|p2a: Latias|Latias-Mega, F|79\/100\n|-damage|p2a: Latias|67\/100|[from] Stealth Rock\n|move|p1a: Stormy|Hurricane|p2a: Latias\n|-damage|p2a: Latias|24\/100\n|\n|-weather|RainDance|[upkeep]\n|upkeep\n|turn|16\n|\n|switch|p2a: Ferrothorn|Ferrothorn, F|77\/100\n|-damage|p2a: Ferrothorn|53\/100|[from] Spikes\n|-damage|p2a: Ferrothorn|47\/100|[from] Stealth Rock\n|move|p1a: Stormy|Hurricane|p2a: Ferrothorn\n|-damage|p2a: Ferrothorn|6\/100\n|\n|-weather|none\n|-heal|p2a: Ferrothorn|12\/100|[from] item: Leftovers\n|upkeep\n|turn|17\n|\n|move|p1a: Stormy|U-turn|p2a: Ferrothorn\n|-crit|p2a: Ferrothorn\n|-damage|p2a: Ferrothorn|0 fnt\n|-damage|p1a: Stormy|56\/100|[from] ability: Iron Barbs|[of] p2a: Ferrothorn\n|faint|p2a: Ferrothorn\n|\n|switch|p1a: Rainbringer|Pelipper, M|31\/100\n|-weather|RainDance|[from] ability: Drizzle|[of] p1a: Rainbringer\n|\n|-weather|RainDance|[upkeep]\n|upkeep\n|\n|switch|p2a: Latias|Latias-Mega, F|24\/100\n|-damage|p2a: Latias|12\/100|[from] Stealth Rock\n|turn|18\n|\n|move|p2a: Latias|Roost|p2a: Latias\n|-heal|p2a: Latias|62\/100\n|move|p1a: Rainbringer|U-turn|p2a: Latias\n|-supereffective|p2a: Latias\n|-damage|p2a: Latias|48\/100\n|\n|switch|p1a: Mr. Muscle|Swampert-Mega, M|50\/100\n|-damage|p1a: Mr. Muscle|33\/100|[from] Spikes\n|\n|-weather|RainDance|[upkeep]\n|upkeep\n|turn|19\n|\n|switch|p2a: Salazzle|Salazzle, F|100\/100\n|-damage|p2a: Salazzle|76\/100|[from] Stealth Rock\n|-damage|p2a: Salazzle|51\/100|[from] Spikes\n|move|p1a: Mr. Muscle|Ice Punch|p2a: Salazzle\n|-resisted|p2a: Salazzle\n|-damage|p2a: Salazzle|29\/100\n|\n|-weather|RainDance|[upkeep]\n|-heal|p2a: Salazzle|35\/100|[from] item: Black Sludge\n|upkeep\n|turn|20\n|\n|move|p2a: Salazzle|Protect|p2a: Salazzle\n|-singleturn|p2a: Salazzle|Protect\n|move|p1a: Mr. Muscle|Waterfall|p2a: Salazzle\n|-activate|p2a: Salazzle|move: Protect\n|\n|-weather|RainDance|[upkeep]\n|-heal|p2a: Salazzle|41\/100|[from] item: Black Sludge\n|upkeep\n|turn|21\n|\n|move|p1a: Mr. Muscle|Earthquake|p2a: Salazzle\n|-supereffective|p2a: Salazzle\n|-damage|p2a: Salazzle|0 fnt\n|faint|p2a: Salazzle\n|\n|-weather|RainDance|[upkeep]\n|upkeep\n|\n|switch|p2a: Kartana|Kartana|70\/100\n|-damage|p2a: Kartana|63\/100|[from] Stealth Rock\n|-damage|p2a: Kartana|39\/100|[from] Spikes\n|turn|22\n|\n|switch|p1a: Stormy|Tornadus-Therian, M|90\/100\n|move|p2a: Kartana|Defog|p1a: Stormy\n|-unboost|p1a: Stormy|evasion|1\n|-sideend|p1: ElStefano|Spikes|[from] move: Defog|[of] p2a: Kartana\n|-sideend|p2: BugCatcherWeevil|Spikes|[from] move: Defog|[of] p2a: Kartana\n|-sideend|p2: BugCatcherWeevil|Stealth Rock|[from] move: Defog|[of] p2a: Kartana\n|\n|-weather|RainDance|[upkeep]\n|upkeep\n|turn|23\n|\n|switch|p2a: Landorus|Landorus-Therian, M|100\/100\n|-ability|p2a: Landorus|Intimidate|boost\n|-unboost|p1a: Stormy|atk|1\n|move|p1a: Stormy|Hurricane|p2a: Landorus\n|-damage|p2a: Landorus|26\/100\n|-start|p2a: Landorus|confusion\n|\n|-weather|RainDance|[upkeep]\n|upkeep\n|turn|24\n|\n|switch|p1a: Rainbringer|Pelipper, M|31\/100\n|-activate|p2a: Landorus|confusion\n|-zpower|p2a: Landorus\n|move|p2a: Landorus|Supersonic Skystrike|p1a: Rainbringer|[zeffect]\n|-damage|p1a: Rainbringer|0 fnt\n|faint|p1a: Rainbringer\n|\n|-weather|none\n|upkeep\n|\n|switch|p1a: Kermit|Politoed, M|100\/100\n|-weather|RainDance|[from] ability: Drizzle|[of] p1a: Kermit\n|turn|25\n|\n|switch|p1a: Mr. Muscle|Swampert-Mega, M|33\/100\n|-activate|p2a: Landorus|confusion\n|move|p2a: Landorus|Stealth Rock|p1a: Mr. Muscle\n|-sidestart|p1: ElStefano|move: Stealth Rock\n|\n|-weather|RainDance|[upkeep]\n|upkeep\n|turn|26\n|\n|move|p1a: Mr. Muscle|Ice Punch|p2a: Landorus\n|-supereffective|p2a: Landorus\n|-damage|p2a: Landorus|0 fnt\n|faint|p2a: Landorus\n|\n|-weather|RainDance|[upkeep]\n|upkeep\n|\n|switch|p2a: Kartana|Kartana|39\/100\n|turn|27\n|\n|switch|p1a: Stormy|Tornadus-Therian, M|100\/100\n|-damage|p1a: Stormy|76\/100|[from] Stealth Rock\n|move|p2a: Kartana|Sacred Sword|p1a: Stormy\n|-resisted|p1a: Stormy\n|-damage|p1a: Stormy|49\/100\n|\n|-weather|RainDance|[upkeep]\n|upkeep\n|turn|28\n|\n|switch|p2a: Latias|Latias-Mega, F|48\/100\n|move|p1a: Stormy|Defog|p2a: Latias\n|-unboost|p2a: Latias|evasion|1\n|-sideend|p1: ElStefano|Stealth Rock|[from] move: Defog|[of] p1a: Stormy\n|\n|-weather|RainDance|[upkeep]\n|upkeep\n|turn|29\n|\n|move|p1a: Stormy|U-turn|p2a: Latias\n|-supereffective|p2a: Latias\n|-damage|p2a: Latias|24\/100\n|\n|switch|p1a: Mr. Muscle|Swampert-Mega, M|33\/100\n|move|p2a: Latias|Roost|p2a: Latias\n|-heal|p2a: Latias|74\/100\n|\n|-weather|RainDance|[upkeep]\n|upkeep\n|turn|30\n|\n|move|p1a: Mr. Muscle|Ice Punch|p2a: Latias\n|-supereffective|p2a: Latias\n|-damage|p2a: Latias|21\/100\n|move|p2a: Latias|Psychic|p1a: Mr. Muscle\n|-damage|p1a: Mr. Muscle|0 fnt\n|faint|p1a: Mr. Muscle\n|\n|-weather|RainDance|[upkeep]\n|upkeep\n|\n|switch|p1a: Stormy|Tornadus-Therian, M|82\/100\n|turn|31\n|\n|move|p1a: Stormy|Hurricane|p2a: Latias\n|-damage|p2a: Latias|0 fnt\n|faint|p2a: Latias\n|\n|-weather|RainDance|[upkeep]\n|upkeep\n|\n|switch|p2a: Kartana|Kartana|39\/100\n|turn|32\n|\n|move|p2a: Kartana|Leaf Blade|p1a: Stormy\n|-resisted|p1a: Stormy\n|-damage|p1a: Stormy|41\/100\n|move|p1a: Stormy|Hurricane|p2a: Kartana\n|-damage|p2a: Kartana|0 fnt\n|faint|p2a: Kartana\n|\n|win|ElStefano\n|l|\u2606BugCatcherWeevil\n|raw|ElStefano's rating: 1585 &rarr; <strong>1611<\/strong><br \/>(+26 for winning)\n|raw|BugCatcherWeevil's rating: 1696 &rarr; <strong>1670<\/strong><br \/>(-26 for losing)\n","uploadtime":1547829916,"views":40,"p1id":"elstefano","p2id":"bugcatcherweevil","formatid":"gen7ou","rating":1611,"private":0,"password":null}