{"id":"gen7ou-777743432","p1":"BigL91","p2":"NakiriErinaSama","format":"gen7ou","log":"|j|\u2606BigL91\n|j|\u2606NakiriErinaSama\n|player|p1|BigL91|102\n|player|p2|NakiriErinaSama|37\n|teamsize|p1|6\n|teamsize|p2|6\n|gametype|singles\n|gen|7\n|tier|[Gen 7] OU\n|rated|\n|rule|Sleep Clause Mod: Limit one foe put to sleep\n|rule|Species Clause: Limit one of each Pok\u00e9mon\n|rule|OHKO Clause: OHKO moves are banned\n|rule|Moody Clause: Moody is banned\n|rule|Evasion Moves Clause: Evasion moves are banned\n|rule|Endless Battle Clause: Forcing endless battles is banned\n|rule|HP Percentage Mod: HP is shown in percentages\n|clearpoke\n|poke|p1|Excadrill, F|item\n|poke|p1|Landorus-Therian, M|item\n|poke|p1|Medicham, M|item\n|poke|p1|Magearna|item\n|poke|p1|Weavile, M|item\n|poke|p1|Greninja, M|item\n|poke|p2|Alakazam, M|item\n|poke|p2|Tapu Lele|item\n|poke|p2|Zapdos|item\n|poke|p2|Greninja, M|item\n|poke|p2|Ferrothorn, M|item\n|poke|p2|Landorus-Therian, M|item\n|teampreview\n|\n|start\n|switch|p1a: Excadrill|Excadrill, F|100\/100\n|switch|p2a: Landorus|Landorus-Therian, M|100\/100\n|-ability|p2a: Landorus|Intimidate|boost\n|-unboost|p1a: Excadrill|atk|1\n|-ability|p1a: Excadrill|Mold Breaker\n|turn|1\n|\n|move|p2a: Landorus|Knock Off|p1a: Excadrill\n|-crit|p1a: Excadrill\n|-damage|p1a: Excadrill|23\/100\n|-enditem|p1a: Excadrill|Focus Sash|[from] move: Knock Off|[of] p2a: Landorus\n|move|p1a: Excadrill|Stealth Rock|p2a: Landorus\n|-sidestart|p2: NakiriErinaSama|move: Stealth Rock\n|\n|upkeep\n|turn|2\n|\n|switch|p1a: Weavile|Weavile, M|100\/100\n|-ability|p1a: Weavile|Pressure\n|move|p2a: Landorus|Hidden Power|p1a: Weavile\n|-resisted|p1a: Weavile\n|-damage|p1a: Weavile|92\/100\n|\n|upkeep\n|turn|3\n|\n|switch|p2a: Ferrothorn|Ferrothorn, M|100\/100\n|-damage|p2a: Ferrothorn|95\/100|[from] Stealth Rock\n|move|p1a: Weavile|Swords Dance|p1a: Weavile\n|-boost|p1a: Weavile|atk|2\n|\n|-heal|p2a: Ferrothorn|100\/100|[from] item: Leftovers\n|upkeep\n|turn|4\n|\n|-zpower|p1a: Weavile\n|move|p1a: Weavile|Subzero Slammer|p2a: Ferrothorn|[zeffect]\n|-damage|p2a: Ferrothorn|0 fnt\n|faint|p2a: Ferrothorn\n|\n|upkeep\n|\n|switch|p2a: Greninja|Greninja, M|100\/100\n|-damage|p2a: Greninja|88\/100|[from] Stealth Rock\n|turn|5\n|inactive|Battle timer is ON: inactive players will automatically lose when time's up. (requested by NakiriErinaSama)\n|\n|move|p2a: Greninja|U-turn|p1a: Weavile\n|-start|p2a: Greninja|typechange|Bug|[from] Protean\n|-supereffective|p1a: Weavile\n|-damage|p1a: Weavile|0 fnt\n|faint|p1a: Weavile\n|\n|switch|p2a: Alakazam|Alakazam, M|100\/100\n|\n|upkeep\n|\n|switch|p1a: Greninja|Greninja, M|100\/100\n|turn|6\n|\n|detailschange|p2a: Alakazam|Alakazam-Mega, M\n|-mega|p2a: Alakazam|Alakazam|Alakazite\n|move|p2a: Alakazam|Dazzling Gleam|p1a: Greninja\n|-supereffective|p1a: Greninja\n|-damage|p1a: Greninja|0 fnt\n|faint|p1a: Greninja\n|\n|upkeep\n|inactive|BigL91 has 135 seconds left.\n|\n|switch|p1a: Landorus|Landorus-Therian, M|100\/100\n|-ability|p2a: Alakazam|Intimidate|[from] ability: Trace|[of] p1a: Landorus\n|-ability|p2a: Alakazam|Intimidate|boost\n|-unboost|p1a: Landorus|atk|1\n|-ability|p1a: Landorus|Intimidate|boost\n|-unboost|p2a: Alakazam|atk|1\n|turn|7\n|\n|switch|p2a: Zapdos|Zapdos|100\/100\n|-damage|p2a: Zapdos|76\/100|[from] Stealth Rock\n|move|p1a: Landorus|U-turn|p2a: Zapdos\n|-resisted|p2a: Zapdos\n|-damage|p2a: Zapdos|69\/100\n|\n|switch|p1a: Medicham|Medicham, M|100\/100\n|\n|-heal|p2a: Zapdos|75\/100|[from] item: Leftovers\n|upkeep\n|turn|8\n|\n|detailschange|p1a: Medicham|Medicham-Mega, M\n|-mega|p1a: Medicham|Medicham|Medichamite\n|move|p1a: Medicham|Ice Punch|p2a: Zapdos\n|-supereffective|p2a: Zapdos\n|-damage|p2a: Zapdos|11\/100\n|-status|p1a: Medicham|par|[from] ability: Static|[of] p2a: Zapdos\n|-status|p2a: Zapdos|frz\n|cant|p2a: Zapdos|frz\n|\n|-heal|p2a: Zapdos|17\/100 frz|[from] item: Leftovers\n|upkeep\n|turn|9\n|\n|-curestatus|p2a: Zapdos|frz|[msg]\n|move|p2a: Zapdos|Defog|p1a: Medicham\n|-unboost|p1a: Medicham|evasion|1\n|-sideend|p2: NakiriErinaSama|Stealth Rock|[from] move: Defog|[of] p2a: Zapdos\n|move|p1a: Medicham|Ice Punch|p2a: Zapdos\n|-supereffective|p2a: Zapdos\n|-damage|p2a: Zapdos|0 fnt\n|faint|p2a: Zapdos\n|\n|upkeep\n|\n|switch|p2a: Tapu Lele|Tapu Lele|100\/100\n|-fieldstart|move: Psychic Terrain|[from] ability: Psychic Surge|[of] p2a: Tapu Lele\n|turn|10\n|\n|switch|p1a: Excadrill|Excadrill, F|23\/100\n|-ability|p1a: Excadrill|Mold Breaker\n|move|p2a: Tapu Lele|Moonblast|p1a: Excadrill\n|-resisted|p1a: Excadrill\n|-damage|p1a: Excadrill|0 fnt\n|faint|p1a: Excadrill\n|\n|upkeep\n|\n|switch|p1a: Magearna|Magearna|100\/100\n|turn|11\n|\n|-zpower|p2a: Tapu Lele\n|move|p2a: Tapu Lele|All-Out Pummeling|p1a: Magearna|[zeffect]\n|-damage|p1a: Magearna|73\/100\n|move|p1a: Magearna|Fleur Cannon|p2a: Tapu Lele\n|-damage|p2a: Tapu Lele|45\/100\n|-unboost|p1a: Magearna|spa|2\n|\n|upkeep\n|turn|12\n|inactive|NakiriErinaSama has 135 seconds left.\n|\n|switch|p2a: Landorus|Landorus-Therian, M|100\/100\n|-ability|p2a: Landorus|Intimidate|boost\n|-unboost|p1a: Magearna|atk|1\n|move|p1a: Magearna|Iron Head|p2a: Landorus\n|-damage|p2a: Landorus|82\/100\n|\n|upkeep\n|turn|13\n|\n|switch|p1a: Landorus|Landorus-Therian, M|100\/100\n|-ability|p1a: Landorus|Intimidate|boost\n|-unboost|p2a: Landorus|atk|1\n|move|p2a: Landorus|Earthquake|p1a: Landorus\n|-immune|p1a: Landorus|[msg]\n|\n|upkeep\n|turn|14\n|\n|move|p1a: Landorus|U-turn|p2a: Landorus\n|-resisted|p2a: Landorus\n|-damage|p2a: Landorus|68\/100\n|\n|switch|p1a: Medicham|Medicham-Mega, M|100\/100 par\n|move|p2a: Landorus|Knock Off|p1a: Medicham\n|-damage|p1a: Medicham|77\/100 par\n|\n|-fieldend|move: Psychic Terrain\n|upkeep\n|turn|15\n|\n|switch|p2a: Tapu Lele|Tapu Lele|45\/100\n|-fieldstart|move: Psychic Terrain|[from] ability: Psychic Surge|[of] p2a: Tapu Lele\n|move|p1a: Medicham|Fake Out|p2a: Tapu Lele\n|-activate|p2a: Tapu Lele|move: Psychic Terrain\n|\n|upkeep\n|turn|16\n|\n|move|p2a: Tapu Lele|Psychic|p1a: Medicham\n|-damage|p1a: Medicham|0 fnt\n|faint|p1a: Medicham\n|\n|upkeep\n|\n|switch|p1a: Magearna|Magearna|73\/100\n|turn|17\n|\n|move|p2a: Tapu Lele|Hidden Power|p1a: Magearna\n|-supereffective|p1a: Magearna\n|-damage|p1a: Magearna|57\/100\n|move|p1a: Magearna|Iron Head|p2a: Tapu Lele\n|-supereffective|p2a: Tapu Lele\n|-crit|p2a: Tapu Lele\n|-damage|p2a: Tapu Lele|0 fnt\n|faint|p2a: Tapu Lele\n|-ability|p1a: Magearna|Soul-Heart|boost\n|-boost|p1a: Magearna|spa|1\n|\n|upkeep\n|\n|switch|p2a: Landorus|Landorus-Therian, M|68\/100\n|-ability|p2a: Landorus|Intimidate|boost\n|-unboost|p1a: Magearna|atk|1\n|turn|18\n|\n|move|p2a: Landorus|Earthquake|p1a: Magearna\n|-supereffective|p1a: Magearna\n|-damage|p1a: Magearna|0 fnt\n|faint|p1a: Magearna\n|\n|upkeep\n|\n|switch|p1a: Landorus|Landorus-Therian, M|100\/100\n|-ability|p1a: Landorus|Intimidate|boost\n|-unboost|p2a: Landorus|atk|1\n|turn|19\n|c|\u2606NakiriErinaSama|gg\n|\n|move|p1a: Landorus|Hidden Power|p2a: Landorus\n|-supereffective|p2a: Landorus\n|-damage|p2a: Landorus|0 fnt\n|faint|p2a: Landorus\n|\n|-fieldend|move: Psychic Terrain\n|upkeep\n|\n|switch|p2a: Greninja|Greninja, M|88\/100\n|turn|20\n|\n|move|p2a: Greninja|Ice Beam|p1a: Landorus\n|-start|p2a: Greninja|typechange|Ice|[from] Protean\n|-supereffective|p1a: Landorus\n|-damage|p1a: Landorus|0 fnt\n|faint|p1a: Landorus\n|\n|win|NakiriErinaSama\n|raw|BigL91's rating: 1582 &rarr; <strong>1559<\/strong><br \/>(-23 for losing)\n|raw|NakiriErinaSama's rating: 1542 &rarr; <strong>1565<\/strong><br \/>(+23 for winning)\n|l|\u2606BigL91\n","inputlog":null,"uploadtime":1531949459,"views":4,"p1id":"bigl91","p2id":"nakirierinasama","formatid":"gen7ou","rating":1559,"private":0,"password":null}