{"id":"gen7monotype-976861671","p1":"filipeluis03","p2":"lord cube","format":"gen7monotype","log":"|j|\u2606filipeluis03\n|j|\u2606lord cube\n|player|p1|filipeluis03|102|1668\n|player|p2|lord cube|92|1426\n|teamsize|p1|6\n|teamsize|p2|6\n|gametype|singles\n|gen|7\n|tier|[Gen 7] Monotype\n|rated|\n|rule|Sleep Clause Mod: Limit one foe put to sleep\n|rule|Species Clause: Limit one of each Pok\u00e9mon\n|rule|OHKO Clause: OHKO moves are banned\n|rule|Moody Clause: Moody is banned\n|rule|Evasion Moves Clause: Evasion moves are banned\n|rule|Endless Battle Clause: Forcing endless battles is banned\n|rule|HP Percentage Mod: HP is shown in percentages\n|rule|Swagger Clause: Swagger is banned\n|rule|Same Type Clause: Pok\u00e9mon in a team must share a type\n|clearpoke\n|poke|p1|Lopunny, F|item\n|poke|p1|Chansey, F|item\n|poke|p1|Porygon2|item\n|poke|p1|Staraptor, M|item\n|poke|p1|Diggersby, F|item\n|poke|p1|Ditto|item\n|poke|p2|Aerodactyl, M|item\n|poke|p2|Charizard, F|item\n|poke|p2|Dragonite, M|item\n|poke|p2|Landorus-Therian, M|item\n|poke|p2|Thundurus-Therian, M|item\n|poke|p2|Celesteela|item\n|teampreview\n|inactive|Battle timer is ON: inactive players will automatically lose when time's up. (requested by lord cube)\n|inactive|lord cube has 120 seconds left.\n|inactive|lord cube has 90 seconds left.\n|\n|start\n|switch|p1a: Porygon2|Porygon2|100\/100\n|switch|p2a: Aerodactyl|Aerodactyl, M|100\/100\n|-ability|p2a: Aerodactyl|Pressure\n|-ability|p1a: Porygon2|Download|boost\n|-boost|p1a: Porygon2|atk|1\n|turn|1\n|inactive|filipeluis03 has 120 seconds left.\n|\n|move|p2a: Aerodactyl|Stealth Rock|p1a: Porygon2\n|-sidestart|p1: filipeluis03|move: Stealth Rock\n|move|p1a: Porygon2|Ice Beam|p2a: Aerodactyl\n|-supereffective|p2a: Aerodactyl\n|-damage|p2a: Aerodactyl|43\/100\n|-status|p2a: Aerodactyl|frz\n|\n|upkeep\n|turn|2\n|\n|cant|p2a: Aerodactyl|frz\n|move|p1a: Porygon2|Discharge|p2a: Aerodactyl\n|-supereffective|p2a: Aerodactyl\n|-damage|p2a: Aerodactyl|0 fnt\n|faint|p2a: Aerodactyl\n|\n|upkeep\n|\n|switch|p2a: Charizard|Charizard, F|100\/100\n|turn|3\n|\n|switch|p1a: Chansey|Chansey, F|100\/100\n|-damage|p1a: Chansey|88\/100|[from] Stealth Rock\n|detailschange|p2a: Charizard|Charizard-Mega-Y, F\n|-mega|p2a: Charizard|Charizard|Charizardite Y\n|-weather|SunnyDay|[from] ability: Drought|[of] p2a: Charizard\n|move|p2a: Charizard|Fire Blast|p1a: Chansey|[miss]\n|-miss|p2a: Charizard|p1a: Chansey\n|\n|-weather|SunnyDay|[upkeep]\n|upkeep\n|turn|4\n|inactive|filipeluis03 has 120 seconds left.\n|\n|move|p2a: Charizard|Focus Blast|p1a: Chansey\n|-supereffective|p1a: Chansey\n|-damage|p1a: Chansey|59\/100\n|move|p1a: Chansey|Stealth Rock|p2a: Charizard\n|-sidestart|p2: lord cube|move: Stealth Rock\n|\n|-weather|SunnyDay|[upkeep]\n|upkeep\n|turn|5\n|inactive|filipeluis03 has 120 seconds left.\n|\n|switch|p2a: Landorus|Landorus-Therian, M|100\/100\n|-damage|p2a: Landorus|88\/100|[from] Stealth Rock\n|-ability|p2a: Landorus|Intimidate|boost\n|-unboost|p1a: Chansey|atk|1\n|move|p1a: Chansey|Soft-Boiled|p1a: Chansey\n|-heal|p1a: Chansey|100\/100\n|\n|-weather|SunnyDay|[upkeep]\n|upkeep\n|turn|6\n|inactive|filipeluis03 has 120 seconds left.\n|\n|move|p2a: Landorus|Defog|p1a: Chansey\n|-unboost|p1a: Chansey|evasion|1\n|-sideend|p1: filipeluis03|Stealth Rock|[from] move: Defog|[of] p2a: Landorus\n|-sideend|p2: lord cube|Stealth Rock|[from] move: Defog|[of] p2a: Landorus\n|move|p1a: Chansey|Toxic|p2a: Landorus\n|-status|p2a: Landorus|tox\n|\n|-weather|SunnyDay|[upkeep]\n|-damage|p2a: Landorus|82\/100 tox|[from] psn\n|upkeep\n|turn|7\n|\n|switch|p2a: Dragonite|Dragonite, M|100\/100\n|move|p1a: Chansey|Stealth Rock|p2a: Dragonite\n|-sidestart|p2: lord cube|move: Stealth Rock\n|\n|-weather|none\n|upkeep\n|turn|8\n|\n|switch|p1a: Staraptor|Staraptor, M|100\/100\n|-ability|p1a: Staraptor|Intimidate|boost\n|-unboost|p2a: Dragonite|atk|1\n|move|p2a: Dragonite|Outrage|p1a: Staraptor\n|-damage|p1a: Staraptor|39\/100\n|\n|-heal|p1a: Staraptor|45\/100|[from] item: Leftovers\n|upkeep\n|turn|9\n|\n|move|p2a: Dragonite|Outrage|p1a: Staraptor|[from]lockedmove\n|-damage|p1a: Staraptor|0 fnt\n|-start|p2a: Dragonite|confusion|[fatigue]\n|faint|p1a: Staraptor\n|\n|upkeep\n|\n|switch|p1a: Porygon2|Porygon2|100\/100\n|-ability|p1a: Porygon2|Download|boost\n|-boost|p1a: Porygon2|atk|1\n|turn|10\n|\n|switch|p2a: Celesteela|Celesteela|100\/100\n|-damage|p2a: Celesteela|88\/100|[from] Stealth Rock\n|move|p1a: Porygon2|Ice Beam|p2a: Celesteela\n|-damage|p2a: Celesteela|68\/100\n|\n|upkeep\n|turn|11\n|inactive|filipeluis03 has 120 seconds left.\n|\n|move|p2a: Celesteela|Air Slash|p1a: Porygon2\n|-damage|p1a: Porygon2|80\/100\n|move|p1a: Porygon2|Discharge|p2a: Celesteela\n|-supereffective|p2a: Celesteela\n|-damage|p2a: Celesteela|26\/100\n|\n|upkeep\n|turn|12\n|\n|move|p2a: Celesteela|Air Slash|p1a: Porygon2\n|-damage|p1a: Porygon2|56\/100\n|move|p1a: Porygon2|Recover|p1a: Porygon2\n|-heal|p1a: Porygon2|100\/100\n|\n|upkeep\n|turn|13\n|\n|move|p2a: Celesteela|Air Slash|p1a: Porygon2\n|-damage|p1a: Porygon2|70\/100\n|move|p1a: Porygon2|Ice Beam|p2a: Celesteela\n|-damage|p2a: Celesteela|6\/100\n|\n|upkeep\n|turn|14\n|\n|move|p2a: Celesteela|Air Slash|p1a: Porygon2\n|-damage|p1a: Porygon2|34\/100\n|cant|p1a: Porygon2|flinch\n|\n|upkeep\n|turn|15\n|\n|move|p2a: Celesteela|Air Slash|p1a: Porygon2|[miss]\n|-miss|p2a: Celesteela|p1a: Porygon2\n|move|p1a: Porygon2|Recover|p1a: Porygon2\n|-heal|p1a: Porygon2|84\/100\n|\n|upkeep\n|turn|16\n|\n|move|p2a: Celesteela|Air Slash|p1a: Porygon2\n|-damage|p1a: Porygon2|40\/100\n|move|p1a: Porygon2|Discharge|p2a: Celesteela\n|-supereffective|p2a: Celesteela\n|-damage|p2a: Celesteela|0 fnt\n|faint|p2a: Celesteela\n|\n|upkeep\n|\n|switch|p2a: Landorus|Landorus-Therian, M|82\/100 tox\n|-damage|p2a: Landorus|70\/100 tox|[from] Stealth Rock\n|-ability|p2a: Landorus|Intimidate|boost\n|-unboost|p1a: Porygon2|atk|1\n|turn|17\n|\n|move|p2a: Landorus|Earthquake|p1a: Porygon2\n|-damage|p1a: Porygon2|13\/100\n|move|p1a: Porygon2|Recover|p1a: Porygon2\n|-heal|p1a: Porygon2|63\/100\n|\n|-damage|p2a: Landorus|64\/100 tox|[from] psn\n|upkeep\n|turn|18\n|\n|switch|p2a: Charizard|Charizard-Mega-Y, F|100\/100\n|-damage|p2a: Charizard|51\/100|[from] Stealth Rock\n|-weather|SunnyDay|[from] ability: Drought|[of] p2a: Charizard\n|switch|p1a: Chansey|Chansey, F|100\/100\n|\n|-weather|SunnyDay|[upkeep]\n|upkeep\n|turn|19\n|\n|switch|p2a: Landorus|Landorus-Therian, M|64\/100 tox\n|-damage|p2a: Landorus|52\/100 tox|[from] Stealth Rock\n|-ability|p2a: Landorus|Intimidate|boost\n|-unboost|p1a: Chansey|atk|1\n|move|p1a: Chansey|Toxic|p2a: Landorus\n|-fail|p2a: Landorus|tox\n|\n|-weather|SunnyDay|[upkeep]\n|-damage|p2a: Landorus|46\/100 tox|[from] psn\n|upkeep\n|turn|20\n|\n|move|p2a: Landorus|Defog|p1a: Chansey\n|-unboost|p1a: Chansey|evasion|1\n|-sideend|p2: lord cube|Stealth Rock|[from] move: Defog|[of] p2a: Landorus\n|move|p1a: Chansey|Seismic Toss|p2a: Landorus\n|-damage|p2a: Landorus|15\/100 tox\n|\n|-weather|SunnyDay|[upkeep]\n|-damage|p2a: Landorus|3\/100 tox|[from] psn\n|upkeep\n|turn|21\n|\n|switch|p2a: Dragonite|Dragonite, M|100\/100\n|move|p1a: Chansey|Stealth Rock|p2a: Dragonite\n|-sidestart|p2: lord cube|move: Stealth Rock\n|\n|-weather|SunnyDay|[upkeep]\n|upkeep\n|turn|22\n|\n|move|p2a: Dragonite|Superpower|p1a: Chansey\n|-supereffective|p1a: Chansey\n|-damage|p1a: Chansey|11\/100\n|-unboost|p2a: Dragonite|atk|1\n|-unboost|p2a: Dragonite|def|1\n|move|p1a: Chansey|Toxic|p2a: Dragonite\n|-status|p2a: Dragonite|tox\n|\n|-weather|none\n|-damage|p2a: Dragonite|94\/100 tox|[from] psn\n|upkeep\n|turn|23\n|\n|move|p2a: Dragonite|Superpower|p1a: Chansey\n|-supereffective|p1a: Chansey\n|-damage|p1a: Chansey|0 fnt\n|-unboost|p2a: Dragonite|atk|1\n|-unboost|p2a: Dragonite|def|1\n|faint|p1a: Chansey\n|\n|-damage|p2a: Dragonite|82\/100 tox|[from] psn\n|upkeep\n|\n|switch|p1a: Ditto|Ditto|100\/100\n|-transform|p1a: Ditto|p2a: Dragonite|[from] ability: Imposter\n|turn|24\n|\n|switch|p2a: Landorus|Landorus-Therian, M|3\/100 tox\n|-damage|p2a: Landorus|0 fnt|[from] Stealth Rock\n|faint|p2a: Landorus\n|move|p1a: Ditto|Outrage|p2: Landorus|[notarget]\n|-fail|p1a: Ditto\n|\n|upkeep\n|\n|switch|p2a: Charizard|Charizard-Mega-Y, F|51\/100\n|-damage|p2a: Charizard|1\/100|[from] Stealth Rock\n|-weather|SunnyDay|[from] ability: Drought|[of] p2a: Charizard\n|turn|25\n|\n|move|p1a: Ditto|Outrage|p2a: Charizard\n|-damage|p2a: Charizard|0 fnt\n|faint|p2a: Charizard\n|\n|-weather|SunnyDay|[upkeep]\n|upkeep\n|\n|switch|p2a: Dragonite|Dragonite, M|82\/100 tox\n|-damage|p2a: Dragonite|57\/100 tox|[from] Stealth Rock\n|turn|26\n|\n|move|p1a: Ditto|Outrage|p2a: Dragonite|[from]lockedmove\n|-supereffective|p2a: Dragonite\n|-damage|p2a: Dragonite|0 fnt\n|faint|p2a: Dragonite\n|\n|-weather|SunnyDay|[upkeep]\n|upkeep\n|\n|switch|p2a: Thundurus|Thundurus-Therian, M|100\/100\n|-damage|p2a: Thundurus|76\/100|[from] Stealth Rock\n|turn|27\n|\n|move|p1a: Ditto|Outrage|p2a: Thundurus|[from]lockedmove\n|-damage|p2a: Thundurus|18\/100\n|-start|p1a: Ditto|confusion|[fatigue]\n|-zpower|p2a: Thundurus\n|move|p2a: Thundurus|Gigavolt Havoc|p1a: Ditto|[zeffect]\n|-damage|p1a: Ditto|44\/100\n|\n|-weather|SunnyDay|[upkeep]\n|upkeep\n|turn|28\n|c|\u2606filipeluis03|gg dude\n|\n|switch|p1a: Diggersby|Diggersby, F|100\/100\n|move|p2a: Thundurus|Hidden Power|p1a: Diggersby\n|-supereffective|p1a: Diggersby\n|-damage|p1a: Diggersby|33\/100\n|\n|-weather|SunnyDay|[upkeep]\n|upkeep\n|turn|29\n|\n|move|p1a: Diggersby|Quick Attack|p2a: Thundurus\n|-damage|p2a: Thundurus|0 fnt\n|faint|p2a: Thundurus\n|\n|win|filipeluis03\n|l|\u2606lord cube\n|raw|filipeluis03's rating: 1668 &rarr; <strong>1676<\/strong><br \/>(+8 for winning)\n|raw|lord cube's rating: 1426 &rarr; <strong>1418<\/strong><br \/>(-8 for losing)\n","uploadtime":1568640151,"views":12,"p1id":"filipeluis03","p2id":"lordcube","formatid":"gen7monotype","rating":1418,"private":0,"password":null}