{"id":"gen7ou-1238995779","p1":"rafoudesbois","p2":"ThedebatableReaper","format":"gen7ou","log":"|j|\u2606rafoudesbois\n|j|\u2606ThedebatableReaper\n|t:|1607364328\n|player|p1|rafoudesbois|kiawe|1685\n|player|p2|ThedebatableReaper|170|1702\n|teamsize|p1|6\n|teamsize|p2|6\n|gametype|singles\n|gen|7\n|tier|[Gen 7] OU\n|rated|\n|clearpoke\n|poke|p1|Bisharp, M|item\n|poke|p1|Tapu Lele|item\n|poke|p1|Tentacruel, M|item\n|poke|p1|Heracross, F|item\n|poke|p1|Landorus-Therian, M|item\n|poke|p1|Kyurem-Black|item\n|poke|p2|Breloom, F|item\n|poke|p2|Blacephalon|item\n|poke|p2|Rotom-Wash|item\n|poke|p2|Heatran, M|item\n|poke|p2|Diancie|item\n|poke|p2|Landorus-Therian, M|item\n|rule|Sleep Clause Mod: Limit one foe put to sleep\n|rule|Species Clause: Limit one of each Pok\u00e9mon\n|rule|OHKO Clause: OHKO moves are banned\n|rule|Moody Clause: Moody is banned\n|rule|Evasion Moves Clause: Evasion moves are banned\n|rule|Endless Battle Clause: Forcing endless battles is banned\n|rule|HP Percentage Mod: HP is shown in percentages\n|teampreview\n|\n|t:|1607364349\n|start\n|switch|p1a: Kyurem|Kyurem-Black|100\/100\n|switch|p2a: Diancie|Diancie|100\/100\n|-ability|p1a: Kyurem|Teravolt\n|turn|1\n|\n|t:|1607364357\n|detailschange|p2a: Diancie|Diancie-Mega\n|-mega|p2a: Diancie|Diancie|Diancite\n|move|p1a: Kyurem|Iron Head|p2a: Diancie\n|-supereffective|p2a: Diancie\n|-damage|p2a: Diancie|0 fnt\n|faint|p2a: Diancie\n|\n|upkeep\n|\n|t:|1607364375\n|switch|p2a: Breloom|Breloom, F|100\/100\n|turn|2\n|\n|t:|1607364379\n|switch|p1a: Tentacruel|Tentacruel, M|100\/100\n|move|p2a: Breloom|Spore|p1a: Tentacruel\n|-status|p1a: Tentacruel|slp|[from] move: Spore\n|\n|upkeep\n|turn|3\n|\n|t:|1607364388\n|switch|p1a: Landorus|Landorus-Therian, M|100\/100\n|-ability|p1a: Landorus|Intimidate|boost\n|-unboost|p2a: Breloom|atk|1\n|move|p2a: Breloom|Bullet Seed|p1a: Landorus\n|-damage|p1a: Landorus|89\/100\n|-damage|p1a: Landorus|76\/100\n|-damage|p1a: Landorus|64\/100\n|-hitcount|p1a: Landorus|3\n|\n|-heal|p1a: Landorus|70\/100|[from] item: Leftovers\n|upkeep\n|turn|4\n|\n|t:|1607364399\n|switch|p2a: Rotom|Rotom-Wash|100\/100\n|move|p1a: Landorus|Stealth Rock|p2a: Rotom\n|-sidestart|p2: ThedebatableReaper|move: Stealth Rock\n|\n|-heal|p1a: Landorus|76\/100|[from] item: Leftovers\n|upkeep\n|turn|5\n|\n|t:|1607364405\n|switch|p1a: Tapu Lele|Tapu Lele|100\/100\n|-fieldstart|move: Psychic Terrain|[from] ability: Psychic Surge|[of] p1a: Tapu Lele\n|move|p2a: Rotom|Will-O-Wisp|p1a: Tapu Lele|[miss]\n|-miss|p2a: Rotom|p1a: Tapu Lele\n|\n|upkeep\n|turn|6\n|\n|t:|1607364413\n|move|p1a: Tapu Lele|Calm Mind|p1a: Tapu Lele\n|-boost|p1a: Tapu Lele|spa|1\n|-boost|p1a: Tapu Lele|spd|1\n|move|p2a: Rotom|Defog|p1a: Tapu Lele\n|-unboost|p1a: Tapu Lele|evasion|1\n|-sideend|p2: ThedebatableReaper|Stealth Rock|[from] move: Defog|[of] p2a: Rotom\n|\n|upkeep\n|turn|7\n|\n|t:|1607364421\n|move|p1a: Tapu Lele|Psyshock|p2a: Rotom\n|-damage|p2a: Rotom|22\/100\n|-enditem|p2a: Rotom|Iapapa Berry|[eat]\n|-heal|p2a: Rotom|72\/100|[from] item: Iapapa Berry\n|move|p2a: Rotom|Volt Switch|p1a: Tapu Lele\n|-damage|p1a: Tapu Lele|81\/100\n|\n|t:|1607364429\n|switch|p2a: Landorus|Landorus-Therian, M|100\/100|[from]move: Volt Switch\n|-ability|p2a: Landorus|Intimidate|boost\n|-unboost|p1a: Tapu Lele|atk|1\n|\n|upkeep\n|turn|8\n|\n|t:|1607364443\n|switch|p1a: Landorus|Landorus-Therian, M|76\/100\n|-ability|p1a: Landorus|Intimidate|boost\n|-unboost|p2a: Landorus|atk|1\n|move|p2a: Landorus|Earthquake|p1a: Landorus\n|-immune|p1a: Landorus\n|\n|-heal|p1a: Landorus|82\/100|[from] item: Leftovers\n|upkeep\n|turn|9\n|\n|t:|1607364451\n|switch|p2a: Rotom|Rotom-Wash|72\/100\n|move|p1a: Landorus|Stealth Rock|p2a: Rotom\n|-sidestart|p2: ThedebatableReaper|move: Stealth Rock\n|\n|-heal|p1a: Landorus|88\/100|[from] item: Leftovers\n|-fieldend|move: Psychic Terrain\n|upkeep\n|turn|10\n|\n|t:|1607364458\n|move|p1a: Landorus|Stone Edge|p2a: Rotom|[miss]\n|-miss|p1a: Landorus|p2a: Rotom\n|move|p2a: Rotom|Will-O-Wisp|p1a: Landorus\n|-status|p1a: Landorus|brn\n|\n|-heal|p1a: Landorus|94\/100 brn|[from] item: Leftovers\n|-damage|p1a: Landorus|88\/100 brn|[from] brn\n|upkeep\n|turn|11\n|\n|t:|1607364467\n|switch|p1a: Bisharp|Bisharp, M|100\/100\n|move|p2a: Rotom|Will-O-Wisp|p1a: Bisharp\n|-status|p1a: Bisharp|brn\n|\n|-damage|p1a: Bisharp|94\/100 brn|[from] brn\n|upkeep\n|turn|12\n|\n|t:|1607364477\n|move|p2a: Rotom|Volt Switch|p1a: Bisharp\n|-damage|p1a: Bisharp|63\/100 brn\n|\n|t:|1607364480\n|switch|p2a: Breloom|Breloom, F|100\/100|[from]move: Volt Switch\n|-damage|p2a: Breloom|94\/100|[from] Stealth Rock\n|move|p1a: Bisharp|Knock Off|p2a: Breloom\n|-resisted|p2a: Breloom\n|-damage|p2a: Breloom|60\/100\n|-enditem|p2a: Breloom|Fist Plate|[from] move: Knock Off|[of] p1a: Bisharp\n|\n|-damage|p1a: Bisharp|57\/100 brn|[from] brn\n|upkeep\n|turn|13\n|c|\u2606rafoudesbois|nice\n|\n|t:|1607364492\n|switch|p1a: Landorus|Landorus-Therian, M|88\/100 brn\n|-ability|p1a: Landorus|Intimidate|boost\n|-unboost|p2a: Breloom|atk|1\n|move|p2a: Breloom|Mach Punch|p1a: Landorus\n|-resisted|p1a: Landorus\n|-damage|p1a: Landorus|79\/100 brn\n|\n|-heal|p1a: Landorus|85\/100 brn|[from] item: Leftovers\n|-damage|p1a: Landorus|79\/100 brn|[from] brn\n|upkeep\n|turn|14\n|\n|t:|1607364502\n|switch|p2a: Rotom|Rotom-Wash|72\/100\n|-damage|p2a: Rotom|60\/100|[from] Stealth Rock\n|switch|p1a: Tapu Lele|Tapu Lele|81\/100\n|-fieldstart|move: Psychic Terrain|[from] ability: Psychic Surge|[of] p1a: Tapu Lele\n|\n|upkeep\n|turn|15\n|\n|t:|1607364512\n|switch|p2a: Heatran|Heatran, M|100\/100\n|-damage|p2a: Heatran|88\/100|[from] Stealth Rock\n|move|p1a: Tapu Lele|Psyshock|p2a: Heatran\n|-resisted|p2a: Heatran\n|-damage|p2a: Heatran|61\/100\n|\n|-heal|p2a: Heatran|68\/100|[from] item: Leftovers\n|upkeep\n|turn|16\n|\n|t:|1607364522\n|-zpower|p1a: Tapu Lele\n|move|p1a: Tapu Lele|Shattered Psyche|p2a: Heatran|[zeffect]\n|-resisted|p2a: Heatran\n|-damage|p2a: Heatran|26\/100\n|move|p2a: Heatran|Magma Storm|p1a: Tapu Lele\n|-damage|p1a: Tapu Lele|31\/100\n|-activate|p1a: Tapu Lele|move: Magma Storm|[of] p2a: Heatran\n|\n|-heal|p2a: Heatran|32\/100|[from] item: Leftovers\n|-damage|p1a: Tapu Lele|19\/100|[from] move: Magma Storm|[partiallytrapped]\n|upkeep\n|turn|17\n|\n|t:|1607364533\n|move|p1a: Tapu Lele|Calm Mind|p1a: Tapu Lele\n|-boost|p1a: Tapu Lele|spa|1\n|-boost|p1a: Tapu Lele|spd|1\n|move|p2a: Heatran|Earth Power|p1a: Tapu Lele\n|-damage|p1a: Tapu Lele|0 fnt\n|faint|p1a: Tapu Lele\n|\n|-heal|p2a: Heatran|39\/100|[from] item: Leftovers\n|upkeep\n|\n|t:|1607364542\n|switch|p1a: Heracross|Heracross, F, shiny|100\/100\n|turn|18\n|\n|t:|1607364568\n|detailschange|p1a: Heracross|Heracross-Mega, F, shiny\n|-mega|p1a: Heracross|Heracross|Heracronite\n|move|p2a: Heatran|Magma Storm|p1a: Heracross\n|-supereffective|p1a: Heracross\n|-damage|p1a: Heracross|25\/100\n|-activate|p1a: Heracross|move: Magma Storm|[of] p2a: Heatran\n|move|p1a: Heracross|Rock Blast|p2a: Heatran\n|-damage|p2a: Heatran|29\/100\n|-damage|p2a: Heatran|18\/100\n|-damage|p2a: Heatran|7\/100\n|-damage|p2a: Heatran|0 fnt\n|-hitcount|p2a: Heatran|4\n|faint|p2a: Heatran\n|\n|-end|p1a: Heracross|Magma Storm|[partiallytrapped]|[silent]\n|-fieldend|move: Psychic Terrain\n|upkeep\n|\n|t:|1607364580\n|switch|p2a: Blacephalon|Blacephalon|100\/100\n|-damage|p2a: Blacephalon|76\/100|[from] Stealth Rock\n|turn|19\n|\n|t:|1607364589\n|move|p2a: Blacephalon|Flamethrower|p1a: Heracross\n|-supereffective|p1a: Heracross\n|-damage|p1a: Heracross|0 fnt\n|faint|p1a: Heracross\n|-ability|p2a: Blacephalon|Beast Boost|boost\n|-boost|p2a: Blacephalon|spe|1\n|\n|upkeep\n|\n|t:|1607364595\n|switch|p1a: Bisharp|Bisharp, M|57\/100 brn\n|turn|20\n|\n|t:|1607364600\n|move|p2a: Blacephalon|Substitute|p2a: Blacephalon\n|-start|p2a: Blacephalon|Substitute\n|-damage|p2a: Blacephalon|51\/100\n|move|p1a: Bisharp|Knock Off|p2a: Blacephalon\n|-supereffective|p2a: Blacephalon\n|-end|p2a: Blacephalon|Substitute\n|\n|-damage|p1a: Bisharp|51\/100 brn|[from] brn\n|upkeep\n|turn|21\n|\n|t:|1607364607\n|move|p2a: Blacephalon|Substitute|p2a: Blacephalon\n|-start|p2a: Blacephalon|Substitute\n|-damage|p2a: Blacephalon|26\/100\n|move|p1a: Bisharp|Knock Off|p2a: Blacephalon\n|-supereffective|p2a: Blacephalon\n|-end|p2a: Blacephalon|Substitute\n|\n|-damage|p1a: Bisharp|45\/100 brn|[from] brn\n|upkeep\n|turn|22\n|\n|t:|1607364616\n|move|p2a: Blacephalon|Flamethrower|p1a: Bisharp\n|-supereffective|p1a: Bisharp\n|-damage|p1a: Bisharp|0 fnt\n|faint|p1a: Bisharp\n|-ability|p2a: Blacephalon|Beast Boost|boost\n|-boost|p2a: Blacephalon|spe|1\n|\n|upkeep\n|\n|t:|1607364623\n|switch|p1a: Kyurem|Kyurem-Black|100\/100\n|-ability|p1a: Kyurem|Teravolt\n|turn|23\n|\n|t:|1607364627\n|-zpower|p2a: Blacephalon\n|move|p2a: Blacephalon|Never-Ending Nightmare|p1a: Kyurem|[zeffect]\n|-damage|p1a: Kyurem|28\/100\n|move|p1a: Kyurem|Fusion Bolt|p2a: Blacephalon\n|-damage|p2a: Blacephalon|0 fnt\n|faint|p2a: Blacephalon\n|\n|upkeep\n|\n|t:|1607364636\n|switch|p2a: Landorus|Landorus-Therian, M|100\/100\n|-damage|p2a: Landorus|88\/100|[from] Stealth Rock\n|-ability|p2a: Landorus|Intimidate|boost\n|-unboost|p1a: Kyurem|atk|1\n|turn|24\n|\n|t:|1607364642\n|switch|p1a: Landorus|Landorus-Therian, M|79\/100 brn\n|-ability|p1a: Landorus|Intimidate|boost\n|-unboost|p2a: Landorus|atk|1\n|move|p2a: Landorus|U-turn|p1a: Landorus\n|-resisted|p1a: Landorus\n|-damage|p1a: Landorus|70\/100 brn\n|\n|t:|1607364648\n|switch|p2a: Rotom|Rotom-Wash|60\/100|[from]move: U-turn\n|-damage|p2a: Rotom|47\/100|[from] Stealth Rock\n|\n|-heal|p1a: Landorus|76\/100 brn|[from] item: Leftovers\n|-damage|p1a: Landorus|70\/100 brn|[from] brn\n|upkeep\n|turn|25\n|\n|t:|1607364657\n|move|p1a: Landorus|Stone Edge|p2a: Rotom\n|-damage|p2a: Rotom|34\/100\n|move|p2a: Rotom|Hydro Pump|p1a: Landorus\n|-supereffective|p1a: Landorus\n|-damage|p1a: Landorus|15\/100 brn\n|\n|-heal|p1a: Landorus|21\/100 brn|[from] item: Leftovers\n|-damage|p1a: Landorus|15\/100 brn|[from] brn\n|upkeep\n|turn|26\n|\n|t:|1607364666\n|move|p1a: Landorus|Stone Edge|p2a: Rotom|[miss]\n|-miss|p1a: Landorus|p2a: Rotom\n|move|p2a: Rotom|Hydro Pump|p1a: Landorus\n|-supereffective|p1a: Landorus\n|-damage|p1a: Landorus|0 fnt\n|faint|p1a: Landorus\n|\n|upkeep\n|\n|t:|1607364674\n|switch|p1a: Kyurem|Kyurem-Black|28\/100\n|-ability|p1a: Kyurem|Teravolt\n|turn|27\n|\n|t:|1607364681\n|move|p1a: Kyurem|Fusion Bolt|p2a: Rotom\n|-damage|p2a: Rotom|3\/100\n|move|p2a: Rotom|Will-O-Wisp|p1a: Kyurem|[miss]\n|-miss|p2a: Rotom|p1a: Kyurem\n|\n|upkeep\n|turn|28\n|\n|t:|1607364687\n|move|p1a: Kyurem|Fusion Bolt|p2a: Rotom\n|-damage|p2a: Rotom|0 fnt\n|faint|p2a: Rotom\n|\n|upkeep\n|\n|t:|1607364691\n|switch|p2a: Breloom|Breloom, F|60\/100\n|-damage|p2a: Breloom|54\/100|[from] Stealth Rock\n|turn|29\n|\n|t:|1607364696\n|switch|p1a: Tentacruel|Tentacruel, M|100\/100 slp\n|move|p2a: Breloom|Mach Punch|p1a: Tentacruel\n|-resisted|p1a: Tentacruel\n|-damage|p1a: Tentacruel|87\/100 slp\n|\n|-heal|p1a: Tentacruel|93\/100 slp|[from] item: Black Sludge\n|upkeep\n|turn|30\n|\n|t:|1607364705\n|move|p2a: Breloom|Bullet Seed|p1a: Tentacruel\n|-damage|p1a: Tentacruel|76\/100 slp\n|-damage|p1a: Tentacruel|58\/100 slp\n|-hitcount|p1a: Tentacruel|2\n|cant|p1a: Tentacruel|slp\n|\n|-heal|p1a: Tentacruel|64\/100 slp|[from] item: Black Sludge\n|upkeep\n|turn|31\n|\n|t:|1607364713\n|switch|p2a: Landorus|Landorus-Therian, M|88\/100\n|-damage|p2a: Landorus|76\/100|[from] Stealth Rock\n|-ability|p2a: Landorus|Intimidate|boost\n|-unboost|p1a: Tentacruel|atk|1\n|switch|p1a: Kyurem|Kyurem-Black|28\/100\n|-ability|p1a: Kyurem|Teravolt\n|\n|upkeep\n|turn|32\n|\n|t:|1607364725\n|move|p1a: Kyurem|Ice Beam|p2a: Landorus\n|-supereffective|p2a: Landorus\n|-damage|p2a: Landorus|0 fnt\n|faint|p2a: Landorus\n|\n|upkeep\n|\n|t:|1607364729\n|switch|p2a: Breloom|Breloom, F|54\/100\n|-damage|p2a: Breloom|48\/100|[from] Stealth Rock\n|turn|33\n|\n|t:|1607364733\n|move|p2a: Breloom|Mach Punch|p1a: Kyurem\n|-supereffective|p1a: Kyurem\n|-damage|p1a: Kyurem|0 fnt\n|faint|p1a: Kyurem\n|\n|upkeep\n|\n|t:|1607364739\n|switch|p1a: Tentacruel|Tentacruel, M|64\/100 slp\n|turn|34\n|\n|t:|1607364742\n|move|p2a: Breloom|Bullet Seed|p1a: Tentacruel\n|-damage|p1a: Tentacruel|46\/100 slp\n|-damage|p1a: Tentacruel|30\/100 slp\n|-hitcount|p1a: Tentacruel|2\n|-curestatus|p1a: Tentacruel|slp|[msg]\n|move|p1a: Tentacruel|Sludge Wave|p2a: Breloom\n|-supereffective|p2a: Breloom\n|-damage|p2a: Breloom|0 fnt\n|faint|p2a: Breloom\n|\n|win|rafoudesbois\n|c|\u2606rafoudesbois|gg\n|c|\u2606rafoudesbois|close one\n|l|\u2606ThedebatableReaper\n","uploadtime":1607364758,"views":14,"p1id":"rafoudesbois","p2id":"thedebatablereaper","formatid":"gen7ou","rating":0,"private":0,"password":null}