{"id":"gen7randombattle-1641231074","p1":"himynametay","p2":"Spikypoo","format":"gen7randombattle","log":"|j|\u203dhimynametay\n|j|\u2606Spikypoo\n|t:|1660683167\n|gametype|singles\n|player|p1|himynametay|elesa-masters|1578\n|player|p2|Spikypoo|101|1503\n|teamsize|p1|6\n|teamsize|p2|6\n|gen|7\n|tier|[Gen 7] Random Battle\n|rated|\n|rule|Sleep Clause Mod: Limit one foe put to sleep\n|rule|HP Percentage Mod: HP is shown in percentages\n|rule|Mega Rayquaza Clause: You cannot mega evolve Rayquaza\n|\n|t:|1660683167\n|start\n|switch|p1a: Beedrill|Beedrill, L82, M|241\/241\n|switch|p2a: Yveltal|Yveltal, L76|317\/317\n|-ability|p2a: Yveltal|Dark Aura\n|turn|1\n|\n|t:|1660683184\n|switch|p1a: Mandibuzz|Mandibuzz, L84, F|322\/322\n|move|p2a: Yveltal|Dark Pulse|p1a: Mandibuzz\n|-resisted|p1a: Mandibuzz\n|-damage|p1a: Mandibuzz|268\/322\n|\n|-heal|p1a: Mandibuzz|288\/322|[from] item: Leftovers\n|upkeep\n|turn|2\n|inactive|Battle timer is ON: inactive players will automatically lose when time's up. (requested by Spikypoo)\n|inactive|himynametay has 120 seconds left.\n|inactive|himynametay has 90 seconds left.\n|\n|t:|1660683263\n|move|p2a: Yveltal|Toxic|p1a: Mandibuzz\n|-status|p1a: Mandibuzz|tox\n|move|p1a: Mandibuzz|U-turn|p2a: Yveltal\n|-damage|p2a: Yveltal|277\/317\n|inactive|himynametay has 120 seconds left.\n|\n|t:|1660683300\n|switch|p1a: Machamp|Machamp, L84, M|288\/288\n|\n|-heal|p2a: Yveltal|296\/317|[from] item: Leftovers\n|-status|p1a: Machamp|brn|[from] item: Flame Orb\n|upkeep\n|turn|3\n|inactive|Spikypoo has 120 seconds left.\n|\n|t:|1660683350\n|switch|p2a: Venomoth|Venomoth, L84, F|255\/255\n|switch|p1a: Kabutops|Kabutops, L88, M|249\/249\n|\n|upkeep\n|turn|4\n|inactive|himynametay has 120 seconds left.\n|\n|t:|1660683372\n|switch|p2a: Bisharp|Bisharp, L82, M|241\/241\n|move|p1a: Kabutops|Stone Edge|p2a: Bisharp\n|-resisted|p2a: Bisharp\n|-damage|p2a: Bisharp|178\/241\n|\n|upkeep\n|turn|5\n|inactive|himynametay has 120 seconds left.\n|\n|t:|1660683382\n|switch|p1a: Machamp|Machamp, L84, M|288\/288 brn\n|move|p2a: Bisharp|Iron Head|p1a: Machamp\n|-damage|p1a: Machamp|140\/288 brn\n|-damage|p2a: Bisharp|154\/241|[from] item: Life Orb\n|\n|-damage|p1a: Machamp|122\/288 brn|[from] brn\n|upkeep\n|turn|6\n|inactive|himynametay has 120 seconds left.\n|\n|t:|1660683402\n|move|p2a: Bisharp|Iron Head|p1a: Machamp\n|-damage|p1a: Machamp|0 fnt\n|faint|p1a: Machamp\n|-damage|p2a: Bisharp|130\/241|[from] item: Life Orb\n|\n|upkeep\n|inactive|himynametay has 120 seconds left.\n|\n|t:|1660683418\n|switch|p1a: Kabutops|Kabutops, L88, M|249\/249\n|turn|7\n|\n|t:|1660683426\n|move|p1a: Kabutops|Liquidation|p2a: Bisharp\n|-damage|p2a: Bisharp|25\/241\n|move|p2a: Bisharp|Iron Head|p1a: Kabutops\n|-damage|p1a: Kabutops|150\/249\n|-damage|p2a: Bisharp|1\/241|[from] item: Life Orb\n|\n|upkeep\n|turn|8\n|\n|t:|1660683429\n|move|p2a: Bisharp|Sucker Punch|p1a: Kabutops\n|-damage|p1a: Kabutops|53\/249\n|-damage|p2a: Bisharp|0 fnt|[from] item: Life Orb\n|faint|p2a: Bisharp\n|move|p1a: Kabutops|Liquidation|p2: Bisharp|[notarget]\n|-fail|p1a: Kabutops\n|\n|upkeep\n|inactive|Spikypoo has 120 seconds left.\n|\n|t:|1660683443\n|switch|p2a: Yveltal|Yveltal, L76|296\/317\n|-ability|p2a: Yveltal|Dark Aura\n|turn|9\n|\n|t:|1660683449\n|move|p2a: Yveltal|Dark Pulse|p1a: Kabutops\n|-damage|p1a: Kabutops|0 fnt\n|faint|p1a: Kabutops\n|\n|-heal|p2a: Yveltal|315\/317|[from] item: Leftovers\n|upkeep\n|\n|t:|1660683453\n|switch|p1a: Darmanitan|Darmanitan, L84, M|314\/314\n|turn|10\n|\n|t:|1660683474\n|move|p1a: Darmanitan|Flare Blitz|p2a: Yveltal\n|-damage|p2a: Yveltal|0 fnt\n|faint|p2a: Yveltal\n|-damage|p1a: Darmanitan|210\/314|[from] Recoil\n|\n|upkeep\n|inactive|Spikypoo has 120 seconds left.\n|\n|t:|1660683487\n|switch|p2a: Unfezant|Unfezant, L88, M|283\/283\n|turn|11\n|\n|t:|1660683493\n|switch|p1a: Mandibuzz|Mandibuzz, L84, F|288\/322 tox\n|move|p2a: Unfezant|Return|p1a: Mandibuzz\n|-crit|p1a: Mandibuzz\n|-damage|p1a: Mandibuzz|114\/322 tox\n|\n|-heal|p1a: Mandibuzz|134\/322 tox|[from] item: Leftovers\n|-damage|p1a: Mandibuzz|114\/322 tox|[from] psn\n|upkeep\n|turn|12\n|\n|t:|1660683503\n|move|p2a: Unfezant|Return|p1a: Mandibuzz\n|-damage|p1a: Mandibuzz|0 fnt\n|faint|p1a: Mandibuzz\n|\n|upkeep\n|\n|t:|1660683521\n|switch|p1a: Xatu|Xatu, L86, F|251\/251\n|turn|13\n|\n|t:|1660683526\n|move|p2a: Unfezant|Night Slash|p1a: Xatu\n|-supereffective|p1a: Xatu\n|-crit|p1a: Xatu\n|-damage|p1a: Xatu|31\/251\n|move|p1a: Xatu|Psychic|p2a: Unfezant\n|-damage|p2a: Unfezant|150\/283\n|\n|-heal|p1a: Xatu|46\/251|[from] item: Leftovers\n|upkeep\n|turn|14\n|\n|t:|1660683534\n|move|p2a: Unfezant|Return|p1a: Xatu\n|-crit|p1a: Xatu\n|-damage|p1a: Xatu|0 fnt\n|faint|p1a: Xatu\n|\n|upkeep\n|\n|t:|1660683560\n|switch|p1a: Beedrill|Beedrill, L82, M|241\/241\n|turn|15\n|inactive|himynametay has 120 seconds left.\n|\n|t:|1660683586\n|switch|p2a: Accelgor|Accelgor, L86, M|278\/278\n|detailschange|p1a: Beedrill|Beedrill-Mega, L82, M\n|-mega|p1a: Beedrill|Beedrill|Beedrillite\n|move|p1a: Beedrill|Poison Jab|p2a: Accelgor\n|-damage|p2a: Accelgor|10\/278\n|-status|p2a: Accelgor|psn\n|\n|-heal|p2a: Accelgor|27\/278 psn|[from] item: Leftovers\n|-damage|p2a: Accelgor|0 fnt|[from] psn\n|faint|p2a: Accelgor\n|upkeep\n|inactive|Spikypoo has 120 seconds left.\n|\n|t:|1660683603\n|switch|p2a: Magearna|Magearna, L80|259\/259\n|turn|16\n|inactive|himynametay has 120 seconds left.\n|inactive|himynametay has 90 seconds left.\n|\n|t:|1660683655\n|switch|p2a: Unfezant|Unfezant, L88, M|150\/283\n|move|p1a: Beedrill|Drill Run|p2a: Unfezant\n|-immune|p2a: Unfezant\n|\n|upkeep\n|turn|17\n|\n|t:|1660683659\n|switch|p2a: Venomoth|Venomoth, L84, F|255\/255\n|move|p1a: Beedrill|Poison Jab|p2a: Venomoth\n|-resisted|p2a: Venomoth\n|-damage|p2a: Venomoth|158\/255\n|\n|-heal|p2a: Venomoth|173\/255|[from] item: Black Sludge\n|upkeep\n|turn|18\n|\n|t:|1660683666\n|switch|p1a: Darmanitan|Darmanitan, L84, M|210\/314\n|move|p2a: Venomoth|Bug Buzz|p1a: Darmanitan\n|-resisted|p1a: Darmanitan\n|-damage|p1a: Darmanitan|80\/314\n|\n|-heal|p2a: Venomoth|188\/255|[from] item: Black Sludge\n|upkeep\n|turn|19\n|\n|t:|1660683669\n|move|p1a: Darmanitan|Flare Blitz|p2a: Venomoth\n|-supereffective|p2a: Venomoth\n|-damage|p2a: Venomoth|0 fnt\n|faint|p2a: Venomoth\n|-damage|p1a: Darmanitan|18\/314|[from] Recoil\n|\n|upkeep\n|\n|t:|1660683673\n|switch|p2a: Unfezant|Unfezant, L88, M|150\/283\n|turn|20\n|\n|t:|1660683677\n|move|p2a: Unfezant|Return|p1a: Darmanitan\n|-damage|p1a: Darmanitan|0 fnt\n|faint|p1a: Darmanitan\n|\n|upkeep\n|\n|t:|1660683679\n|switch|p1a: Beedrill|Beedrill-Mega, L82, M|241\/241\n|turn|21\n|\n|t:|1660683681\n|move|p1a: Beedrill|Poison Jab|p2a: Unfezant\n|-damage|p2a: Unfezant|0 fnt\n|faint|p2a: Unfezant\n|\n|upkeep\n|\n|t:|1660683683\n|switch|p2a: Magearna|Magearna, L80|259\/259\n|turn|22\n|\n|t:|1660683707\n|move|p1a: Beedrill|Drill Run|p2a: Magearna\n|-supereffective|p2a: Magearna\n|-damage|p2a: Magearna|133\/259\n|move|p2a: Magearna|Flash Cannon|p1a: Beedrill\n|-damage|p1a: Beedrill|139\/241\n|-unboost|p1a: Beedrill|spd|1\n|\n|-heal|p2a: Magearna|149\/259|[from] item: Leftovers\n|upkeep\n|turn|23\n|\n|t:|1660683720\n|move|p1a: Beedrill|Drill Run|p2a: Magearna\n|-supereffective|p2a: Magearna\n|-crit|p2a: Magearna\n|-damage|p2a: Magearna|0 fnt\n|faint|p2a: Magearna\n|\n|win|himynametay\n|raw|himynametay's rating: 1578 &rarr; <strong>1594<\/strong><br \/>(+16 for winning)\n|raw|Spikypoo's rating: 1503 &rarr; <strong>1487<\/strong><br \/>(-16 for losing)\n|c|\u2606Spikypoo|Lol\n||Ladder isn't responding, score probably updated but might not have (Request timeout).\n","inputlog":">version b85e9ce88322c99684f822268571e8c4b987227d\n>start {\"formatid\":\"gen7randombattle\",\"seed\":[4713,42363,44495,15294],\"rated\":\"Rated battle\"}\n>player p1 {\"name\":\"himynametay\",\"avatar\":\"elesa-masters\",\"rating\":1578,\"seed\":[24809,47960,46389,16388]}\n>player p2 {\"name\":\"Spikypoo\",\"avatar\":\"101\",\"rating\":1503,\"seed\":[55803,16752,3754,8787]}\n>p1 switch 4\n>p2 move darkpulse\n>p1 move uturn\n>p2 move toxic\n>p1 switch 5\n>p1 switch 2\n>p2 switch 4\n>p1 move stoneedge\n>p2 switch 5\n>p1 switch 2\n>p2 move ironhead\n>p1 move closecombat\n>p2 move ironhead\n>p1 switch 2\n>p1 move liquidation\n>p2 move ironhead\n>p1 move liquidation\n>p2 move suckerpunch\n>p2 switch 4\n>p1 move stoneedge\n>p2 move darkpulse\n>p1 switch 6\n>p1 move flareblitz\n>p2 move darkpulse\n>p2 switch 6\n>p1 switch 5\n>p2 move return\n>p1 move foulplay\n>p2 move return\n>p1 switch 3\n>p1 move psychic\n>p2 move nightslash\n>p1 move psychic\n>p2 move return\n>p1 switch 4\n>p1 move poisonjab mega\n>p2 switch 3\n>p2 switch 2\n>p1 move drillrun\n>p2 switch 3\n>p1 move poisonjab\n>p2 switch 5\n>p1 switch 5\n>p2 move bugbuzz\n>p1 move flareblitz\n>p2 move sludgebomb\n>p2 switch 5\n>p1 move flareblitz\n>p2 move return\n>p1 switch 5\n>p1 move poisonjab\n>p2 move return\n>p2 switch 3\n>p1 move drillrun\n>p2 move flashcannon\n>p1 move drillrun\n>p2 move flashcannon","uploadtime":1660683731,"views":5,"p1id":"himynametay","p2id":"spikypoo","formatid":"gen7randombattle","rating":1487,"private":0,"password":null}