{"id":"gen7doublesou-1706973908","p1":"dagfsdfs","p2":"Angeloid Ninfu","format":"gen7doublesou","log":"|j|\u2606dagfsdfs\n|j|\u2606Angeloid Ninfu\n|t:|1668037881\n|gametype|doubles\n|player|p1|dagfsdfs|lady|1494\n|player|p2|Angeloid Ninfu|roxie|1489\n|teamsize|p1|6\n|teamsize|p2|6\n|gen|7\n|tier|[Gen 7] Doubles OU\n|rated|\n|rule|Species Clause: Limit one of each Pok\u00e9mon\n|rule|OHKO Clause: OHKO moves are banned\n|rule|Moody Clause: Moody is banned\n|rule|Evasion Abilities Clause: Evasion abilities are banned\n|rule|Evasion Moves Clause: Evasion moves are banned\n|rule|Gravity Sleep Clause: The combination of Gravity and sleep-inducing moves with imperfect accuracy are banned\n|rule|Endless Battle Clause: Forcing endless battles is banned\n|rule|HP Percentage Mod: HP is shown in percentages\n|rule|Swagger Clause: Swagger is banned\n|clearpoke\n|poke|p1|Vaporeon, F|item\n|poke|p1|Mew|item\n|poke|p1|Clefairy, F|item\n|poke|p1|Clefable, F|item\n|poke|p1|Espeon, F|item\n|poke|p1|Smeargle, M|item\n|poke|p2|Charizard, M|item\n|poke|p2|Zapdos|item\n|poke|p2|Whimsicott, F|item\n|poke|p2|Landorus-Therian, M|item\n|poke|p2|Greninja, M|item\n|poke|p2|Typhlosion, M|item\n|teampreview\n|inactive|Battle timer is ON: inactive players will automatically lose when time's up. (requested by dagfsdfs)\n|inactive|Angeloid Ninfu has 120 seconds left.\n|\n|t:|1668037912\n|start\n|switch|p1a: Clefairy|Clefairy, F|100\/100\n|switch|p1b: Vaporeon|Vaporeon, F|100\/100\n|switch|p2a: Whimsicott|Whimsicott, F, shiny|100\/100\n|switch|p2b: Charizard|Charizard, M, shiny|100\/100\n|turn|1\n|\n|t:|1668037925\n|detailschange|p2b: Charizard|Charizard-Mega-Y, M, shiny\n|-mega|p2b: Charizard|Charizard|Charizardite Y\n|-weather|SunnyDay|[from] ability: Drought|[of] p2b: Charizard\n|move|p1a: Clefairy|Follow Me|p1a: Clefairy\n|-singleturn|p1a: Clefairy|move: Follow Me\n|move|p2a: Whimsicott|Fake Tears|p1a: Clefairy\n|-unboost|p1a: Clefairy|spd|2\n|move|p2b: Charizard|Flamethrower|p1a: Clefairy\n|-damage|p1a: Clefairy|0 fnt\n|faint|p1a: Clefairy\n|-zpower|p1b: Vaporeon\n|move|p1b: Vaporeon|Z-Celebrate|p1b: Vaporeon|[anim]Celebrate\n|-boost|p1b: Vaporeon|atk|1|[zeffect]\n|-boost|p1b: Vaporeon|def|1|[zeffect]\n|-boost|p1b: Vaporeon|spa|1|[zeffect]\n|-boost|p1b: Vaporeon|spd|1|[zeffect]\n|-boost|p1b: Vaporeon|spe|1|[zeffect]\n|-activate|p1b: Vaporeon|move: Celebrate\n|\n|-weather|SunnyDay|[upkeep]\n|upkeep\n|\n|t:|1668037938\n|switch|p1a: Mew|Mew|100\/100\n|turn|2\n|\n|t:|1668037946\n|move|p1a: Mew|Fake Out|p2a: Whimsicott\n|-damage|p2a: Whimsicott|90\/100\n|-enditem|p2a: Whimsicott|Eject Button\n|\n|t:|1668037954\n|switch|p2a: Zapdos|Zapdos|100\/100\n|-ability|p2a: Zapdos|Pressure\n|move|p2b: Charizard|Flamethrower|p1a: Mew\n|-damage|p1a: Mew|33\/100\n|move|p1b: Vaporeon|Substitute|p1b: Vaporeon\n|-start|p1b: Vaporeon|Substitute\n|-damage|p1b: Vaporeon|76\/100\n|\n|-weather|SunnyDay|[upkeep]\n|-heal|p1a: Mew|39\/100|[from] item: Leftovers\n|upkeep\n|turn|3\n|\n|t:|1668037973\n|switch|p1a: Espeon|Espeon, F|100\/100\n|move|p2a: Zapdos|Tailwind|p2a: Zapdos\n|-sidestart|p2: Angeloid Ninfu|move: Tailwind\n|move|p2b: Charizard|Flamethrower|p1a: Espeon\n|-damage|p1a: Espeon|2\/100\n|-enditem|p1a: Espeon|Iapapa Berry|[eat]\n|-heal|p1a: Espeon|52\/100|[from] item: Iapapa Berry\n|move|p1b: Vaporeon|Baton Pass|p1b: Vaporeon\n|\n|t:|1668037981\n|switch|p1b: Smeargle|Smeargle, M|100\/100|[from]move: Baton Pass\n|\n|-weather|SunnyDay|[upkeep]\n|upkeep\n|turn|4\n|\n|t:|1668037993\n|move|p2a: Zapdos|Heat Wave|p1b: Smeargle|[spread] p1a\n|-miss|p2a: Zapdos|p1b: Smeargle\n|-damage|p1a: Espeon|17\/100\n|move|p2b: Charizard|Flamethrower|p1a: Espeon\n|-crit|p1a: Espeon\n|-damage|p1a: Espeon|0 fnt\n|faint|p1a: Espeon\n|move|p1b: Smeargle|Geomancy||[still]\n|-prepare|p1b: Smeargle|Geomancy\n|-enditem|p1b: Smeargle|Power Herb\n|-anim|p1b: Smeargle|Geomancy|p1b: Smeargle\n|-boost|p1b: Smeargle|spa|2\n|-boost|p1b: Smeargle|spd|2\n|-boost|p1b: Smeargle|spe|2\n|\n|-weather|SunnyDay|[upkeep]\n|upkeep\n|\n|t:|1668038005\n|switch|p1a: Mew|Mew|39\/100\n|turn|5\n|\n|t:|1668038027\n|move|p1a: Mew|Fake Out|p2b: Charizard\n|-damage|p2b: Charizard|87\/100\n|move|p1b: Smeargle|Spore|p2a: Zapdos\n|-status|p2a: Zapdos|slp|[from] move: Spore\n|cant|p2a: Zapdos|slp\n|cant|p2b: Charizard|flinch\n|\n|-weather|none\n|-heal|p1a: Mew|45\/100|[from] item: Leftovers\n|upkeep\n|turn|6\n|\n|t:|1668038045\n|switch|p2a: Whimsicott|Whimsicott, F, shiny|90\/100\n|move|p1b: Smeargle|Spore|p2b: Charizard\n|-status|p2b: Charizard|slp|[from] move: Spore\n|cant|p2b: Charizard|slp\n|move|p1a: Mew|Taunt|p2a: Whimsicott\n|-start|p2a: Whimsicott|move: Taunt\n|\n|-heal|p1a: Mew|51\/100|[from] item: Leftovers\n|-sideend|p2: Angeloid Ninfu|move: Tailwind\n|upkeep\n|turn|7\n|\n|t:|1668038061\n|switch|p2b: Landorus|Landorus-Therian, M|100\/100\n|-ability|p2b: Landorus|Intimidate|boost\n|-unboost|p1a: Mew|atk|1\n|-immune|p1b: Smeargle\n|switch|p2a: Zapdos|Zapdos|100\/100 slp\n|-ability|p2a: Zapdos|Pressure\n|switch|p1a: Vaporeon|Vaporeon, F|76\/100\n|move|p1b: Smeargle|Baton Pass|p1b: Smeargle\n|\n|t:|1668038070\n|switch|p1b: Clefable|Clefable, F|100\/100|[from]move: Baton Pass\n|\n|upkeep\n|turn|8\n|\n|t:|1668038086\n|move|p1b: Clefable|Dazzling Gleam|p2b: Landorus|[spread] p2a,p2b\n|-damage|p2a: Zapdos|35\/100 slp\n|-damage|p2b: Landorus|22\/100\n|-enditem|p2a: Zapdos|Sitrus Berry|[eat]\n|-heal|p2a: Zapdos|60\/100 slp|[from] item: Sitrus Berry\n|cant|p2a: Zapdos|slp\n|move|p2b: Landorus|Earthquake|p1b: Clefable|[spread] p1a,p1b\n|-immune|p2a: Zapdos\n|-end|p1b: Clefable|Substitute\n|-crit|p1a: Vaporeon\n|-damage|p1a: Vaporeon|23\/100\n|move|p1a: Vaporeon|Substitute|p1a: Vaporeon\n|-fail|p1a: Vaporeon|move: Substitute|[weak]\n|\n|upkeep\n|turn|9\n|\n|t:|1668038108\n|move|p1b: Clefable|Dazzling Gleam|p2b: Landorus|[spread] p2a,p2b\n|-damage|p2a: Zapdos|0 fnt\n|-damage|p2b: Landorus|0 fnt\n|faint|p2a: Zapdos\n|faint|p2b: Landorus\n|move|p1a: Vaporeon|Baton Pass|p1a: Vaporeon\n|\n|t:|1668038113\n|switch|p1a: Mew|Mew|51\/100|[from]move: Baton Pass\n|\n|-heal|p1a: Mew|57\/100|[from] item: Leftovers\n|upkeep\n|\n|t:|1668038125\n|switch|p2a: Greninja|Greninja, M, shiny|100\/100\n|switch|p2b: Typhlosion|Typhlosion, M|100\/100\n|turn|10\n|\n|t:|1668038151\n|move|p2a: Greninja|Protect|p2a: Greninja\n|-start|p2a: Greninja|typechange|Normal|[from] ability: Protean\n|-singleturn|p2a: Greninja|Protect\n|move|p1a: Mew|Fake Out|p2b: Typhlosion\n|-damage|p2b: Typhlosion|88\/100\n|move|p1b: Clefable|Dazzling Gleam|p2a: Greninja|[spread] p2b\n|-activate|p2a: Greninja|move: Protect\n|-resisted|p2b: Typhlosion\n|-damage|p2b: Typhlosion|51\/100\n|cant|p2b: Typhlosion|flinch\n|\n|-heal|p1a: Mew|64\/100|[from] item: Leftovers\n|upkeep\n|turn|11\n|\n|t:|1668038174\n|move|p1b: Clefable|Dazzling Gleam|p2a: Greninja|[spread] p2a,p2b\n|-resisted|p2b: Typhlosion\n|-damage|p2a: Greninja|6\/100\n|-damage|p2b: Typhlosion|14\/100\n|move|p2a: Greninja|Dark Pulse|p1a: Mew\n|-start|p2a: Greninja|typechange|Dark|[from] ability: Protean\n|-supereffective|p1a: Mew\n|-damage|p1a: Mew|0 fnt\n|faint|p1a: Mew\n|-damage|p2a: Greninja|0 fnt|[from] item: Life Orb\n|faint|p2a: Greninja\n|-zpower|p2b: Typhlosion\n|move|p2b: Typhlosion|Bloom Doom|p1b: Clefable|[zeffect]\n|-damage|p1b: Clefable|75\/100\n|\n|upkeep\n|inactive|Angeloid Ninfu has 120 seconds left.\n|\n|t:|1668038215\n|switch|p2a: Charizard|Charizard-Mega-Y, M, shiny|87\/100 slp\n|switch|p1a: Smeargle|Smeargle, M|100\/100\n|-weather|SunnyDay|[from] ability: Drought|[of] p2a: Charizard\n|turn|12\n|inactive|Angeloid Ninfu has 120 seconds left.\n|\n|t:|1668038230\n|cant|p2a: Charizard|slp\n|move|p1b: Clefable|Thunderbolt|p2a: Charizard\n|-supereffective|p2a: Charizard\n|-damage|p2a: Charizard|0 fnt\n|faint|p2a: Charizard\n|-heal|p1b: Clefable|84\/100|[from] item: Shell Bell|[of] p2: Charizard\n|move|p2b: Typhlosion|Burn Up|p1b: Clefable\n|-damage|p1b: Clefable|39\/100\n|-start|p2b: Typhlosion|typechange|???|[from] move: Burn Up\n|move|p1a: Smeargle|Spore|p2b: Typhlosion\n|-status|p2b: Typhlosion|slp|[from] move: Spore\n|\n|-weather|SunnyDay|[upkeep]\n|upkeep\n|\n|t:|1668038235\n|switch|p2a: Whimsicott|Whimsicott, F, shiny|90\/100\n|turn|13\n|\n|t:|1668038255\n|cant|p2b: Typhlosion|slp\n|move|p2a: Whimsicott|Encore|p1b: Clefable\n|-start|p1b: Clefable|Encore\n|move|p1b: Clefable|Thunderbolt|p2b: Typhlosion\n|-damage|p2b: Typhlosion|0 fnt\n|faint|p2b: Typhlosion\n|-heal|p1b: Clefable|41\/100|[from] item: Shell Bell|[of] p2: Typhlosion\n|move|p1a: Smeargle|Geomancy||[still]\n|-prepare|p1a: Smeargle|Geomancy\n|\n|-weather|SunnyDay|[upkeep]\n|upkeep\n|turn|14\n|-message|Angeloid Ninfu forfeited.\n|\n|win|dagfsdfs\n|raw|dagfsdfs's rating: 1494 &rarr; <strong>1514<\/strong><br \/>(+20 for winning)\n|raw|Angeloid Ninfu's rating: 1489 &rarr; <strong>1469<\/strong><br \/>(-20 for losing)\n|l|\u2606Angeloid Ninfu\n||Ladder isn't responding, score probably updated but might not have (Request timeout).\n","uploadtime":1668038272,"views":3,"p1id":"dagfsdfs","p2id":"angeloidninfu","formatid":"gen7doublesou","rating":1469,"private":0,"password":null}