{"id":"gen7ou-671325588","p1":"Candice","p2":"PDLGloriaNarufan","format":"gen7ou","log":"|j|Candice\n|j|PDLGloriaNarufan\n|player|p1|Candice|36\n|teamsize|p1|6\n|player|p2|PDLGloriaNarufan|169\n|teamsize|p2|6\n|gametype|singles\n|gen|7\n|tier|[Gen 7] OU\n|rated|\n|seed|51438,5024,24212,31538\n|rule|Sleep Clause Mod: Limit one foe put to sleep\n|rule|Species Clause: Limit one of each Pok\u00e9mon\n|rule|OHKO Clause: OHKO moves are banned\n|rule|Moody Clause: Moody is banned\n|rule|Evasion Moves Clause: Evasion moves are banned\n|rule|Endless Battle Clause: Forcing endless battles is banned\n|rule|HP Percentage Mod: HP is shown in percentages\n|clearpoke\n|poke|p1|Hippowdon, M|item\n|poke|p1|Diancie|item\n|poke|p1|Mantine, F|item\n|poke|p1|Tapu Koko|item\n|poke|p1|Magearna|item\n|poke|p1|Ferrothorn, F|item\n|poke|p2|Volcarona, M|item\n|poke|p2|Galvantula, M|item\n|poke|p2|Bisharp, M|item\n|poke|p2|Landorus-Therian, M|item\n|poke|p2|Magearna|item\n|poke|p2|Pinsir, M|item\n|teampreview\n|choice|team 4, team 2, team 3, team 1, team 5, team 6|team 5, team 2, team 3, team 4, team 1, team 6\n|\n|start\n|switch|p1a: Kakariko|Tapu Koko|281\/281\n|switch|p2a: Magearna|Magearna|301\/301\n|-fieldstart|move: Electric Terrain|[from] ability: Electric Surge|[of] p1a: Kakariko\n|turn|1\n|choice|move uturn|move shiftgear\n|\n|move|p1a: Kakariko|U-turn|p2a: Magearna\n|-resisted|p2a: Magearna\n|-damage|p2a: Magearna|283\/301\n|choice|switch 4|\n|\n|switch|p1a: Queen|Hippowdon, M|420\/420|[from]move: U-turn\n|-weather|Sandstorm|[from] ability: Sand Stream|[of] p1a: Queen\n|move|p2a: Magearna|Shift Gear|p2a: Magearna\n|-boost|p2a: Magearna|spe|2\n|-boost|p2a: Magearna|atk|1\n|\n|-weather|Sandstorm|[upkeep]\n|upkeep\n|turn|2\n|choice|switch 6|move calmmind\n|\n|switch|p1a: Rose|Ferrothorn, F|352\/352\n|move|p2a: Magearna|Calm Mind|p2a: Magearna\n|-boost|p2a: Magearna|spa|1\n|-boost|p2a: Magearna|spd|1\n|\n|-weather|Sandstorm|[upkeep]\n|upkeep\n|turn|3\n|choice|move leechseed|move calmmind\n|\n|move|p2a: Magearna|Calm Mind|p2a: Magearna\n|-boost|p2a: Magearna|spa|1\n|-boost|p2a: Magearna|spd|1\n|move|p1a: Rose|Leech Seed|p2a: Magearna|[miss]\n|-miss|p1a: Rose|p2a: Magearna\n|\n|-weather|Sandstorm|[upkeep]\n|upkeep\n|turn|4\n|choice|move leechseed|move icebeam\n|\n|move|p2a: Magearna|Ice Beam|p1a: Rose\n|-damage|p1a: Rose|168\/352\n|move|p1a: Rose|Leech Seed|p2a: Magearna\n|-start|p2a: Magearna|move: Leech Seed\n|\n|-weather|Sandstorm|[upkeep]\n|-heal|p1a: Rose|190\/352|[from] item: Leftovers\n|-damage|p2a: Magearna|246\/301|[from] Leech Seed|[of] p1a: Rose\n|-heal|p1a: Rose|227\/352|[silent]\n|upkeep\n|turn|5\n|choice|switch 5|move icebeam\n|\n|switch|p1a: Magearna|Magearna|301\/301\n|move|p2a: Magearna|Ice Beam|p1a: Magearna\n|-resisted|p1a: Magearna\n|-damage|p1a: Magearna|205\/301\n|\n|-weather|none\n|-heal|p1a: Magearna|223\/301|[from] item: Leftovers\n|-damage|p2a: Magearna|209\/301|[from] Leech Seed|[of] p1a: Magearna\n|-heal|p1a: Magearna|260\/301|[silent]\n|-fieldend|move: Electric Terrain\n|upkeep\n|turn|6\n|choice|move calmmind|move calmmind\n|\n|move|p2a: Magearna|Calm Mind|p2a: Magearna\n|-boost|p2a: Magearna|spa|1\n|-boost|p2a: Magearna|spd|1\n|move|p1a: Magearna|Calm Mind|p1a: Magearna\n|-boost|p1a: Magearna|spa|1\n|-boost|p1a: Magearna|spd|1\n|\n|-heal|p1a: Magearna|278\/301|[from] item: Leftovers\n|-damage|p2a: Magearna|172\/301|[from] Leech Seed|[of] p1a: Magearna\n|-heal|p1a: Magearna|301\/301|[silent]\n|upkeep\n|turn|7\n|choice|move calmmind|move thunderbolt\n|\n|move|p2a: Magearna|Thunderbolt|p1a: Magearna\n|-damage|p1a: Magearna|117\/301\n|move|p1a: Magearna|Calm Mind|p1a: Magearna\n|-boost|p1a: Magearna|spa|1\n|-boost|p1a: Magearna|spd|1\n|\n|-heal|p1a: Magearna|135\/301|[from] item: Leftovers\n|-damage|p2a: Magearna|135\/301|[from] Leech Seed|[of] p1a: Magearna\n|-heal|p1a: Magearna|172\/301|[silent]\n|upkeep\n|turn|8\n|choice|switch 5|move thunderbolt\n|\n|switch|p1a: Rose|Ferrothorn, F|227\/352\n|move|p2a: Magearna|Thunderbolt|p1a: Rose\n|-resisted|p1a: Rose\n|-damage|p1a: Rose|117\/352\n|-status|p1a: Rose|par\n|\n|-heal|p1a: Rose|139\/352 par|[from] item: Leftovers\n|-damage|p2a: Magearna|98\/301|[from] Leech Seed|[of] p1a: Rose\n|-heal|p1a: Rose|176\/352 par|[silent]\n|upkeep\n|turn|9\n|choice|switch 5|move icebeam\n|\n|switch|p1a: Magearna|Magearna|172\/301\n|move|p2a: Magearna|Ice Beam|p1a: Magearna\n|-resisted|p1a: Magearna\n|-damage|p1a: Magearna|38\/301\n|\n|-heal|p1a: Magearna|56\/301|[from] item: Leftovers\n|-damage|p2a: Magearna|61\/301|[from] Leech Seed|[of] p1a: Magearna\n|-heal|p1a: Magearna|93\/301|[silent]\n|upkeep\n|-enditem|p2a: Magearna|Iapapa Berry|[eat]\n|-heal|p2a: Magearna|211\/301|[from] item: Iapapa Berry\n|turn|10\n|choice|move calmmind|move icebeam\n|\n|move|p2a: Magearna|Ice Beam|p1a: Magearna\n|-resisted|p1a: Magearna\n|-damage|p1a: Magearna|0 fnt\n|faint|p1a: Magearna\n|-ability|p2a: Magearna|Soul-Heart|boost\n|-boost|p2a: Magearna|spa|1\n|\n|upkeep\n|choice|switch 5|\n|\n|switch|p1a: Rose|Ferrothorn, F|176\/352 par\n|turn|11\n|choice|move knockoff|move icebeam\n|\n|move|p2a: Magearna|Ice Beam|p1a: Rose\n|-damage|p1a: Rose|0 fnt\n|faint|p1a: Rose\n|-ability|p2a: Magearna|Soul-Heart|boost\n|-boost|p2a: Magearna|spa|1\n|\n|upkeep\n|-message|Candice forfeited.\n|\n|win|PDLGloriaNarufan\n|l|Candice\n|raw|Candice's rating: 1665 &rarr; <strong>1641<\/strong><br \/>(-24 for losing)\n|raw|PDLGloriaNarufan's rating: 1595 &rarr; <strong>1619<\/strong><br \/>(+24 for winning)","inputlog":null,"uploadtime":1512808489,"views":29,"p1id":"candice","p2id":"pdlglorianarufan","formatid":"gen7ou","rating":1619,"private":0,"password":null}