{"id":"gen7ou-1430598475","p1":"velvet","p2":"Trogba Trogba","format":"gen7ou","log":"|j|\u2606velvet\n|j|\u2606Trogba Trogba\n|inactive|Battle timer is ON: inactive players will automatically lose when time's up.\n|t:|1633555479\n|gametype|singles\n|player|p1|velvet|preschoolerf|\n|player|p2|Trogba Trogba|lance|\n|teamsize|p1|6\n|teamsize|p2|6\n|gen|7\n|tier|[Gen 7] OU\n|rated|Tournament battle\n|rule|Sleep Clause Mod: Limit one foe put to sleep\n|rule|Species Clause: Limit one of each Pok\u00e9mon\n|rule|OHKO Clause: OHKO moves are banned\n|rule|Moody Clause: Moody is banned\n|rule|Evasion Moves Clause: Evasion moves are banned\n|rule|Endless Battle Clause: Forcing endless battles is banned\n|rule|HP Percentage Mod: HP is shown in percentages\n|clearpoke\n|poke|p1|Toxapex, M|item\n|poke|p1|Gliscor, M|item\n|poke|p1|Ferrothorn, M|item\n|poke|p1|Ditto|item\n|poke|p1|Latias, F|item\n|poke|p1|Celesteela|item\n|poke|p2|Zamazenta-*|item\n|poke|p2|Victini|item\n|poke|p2|Clefable, M|item\n|poke|p2|Charizard, M|item\n|poke|p2|Rotom-Wash|item\n|poke|p2|Tyranitar, F|item\n|teampreview\n|j|%htcl\n|l|%htcl\n|j|%htcl\n|inactive|velvet has 120 seconds left.\n|\n|t:|1633555514\n|start\n|switch|p1a: Ferrothorn|Ferrothorn, M|100\/100\n|switch|p2a: Rotom|Rotom-Wash|100\/100\n|turn|1\n|\n|t:|1633555520\n|switch|p2a: Zamazenta|Zamazenta-Crowned|100\/100\n|-ability|p2a: Zamazenta|Dauntless Shield|boost\n|-boost|p2a: Zamazenta|def|1\n|move|p1a: Ferrothorn|Spikes|p2a: Zamazenta\n|-sidestart|p2: Trogba Trogba|Spikes\n|\n|upkeep\n|turn|2\n|\n|t:|1633555532\n|switch|p1a: Gliscor|Gliscor, M|100\/100\n|move|p2a: Zamazenta|Close Combat|p1a: Gliscor\n|-resisted|p1a: Gliscor\n|-damage|p1a: Gliscor|75\/100\n|-unboost|p2a: Zamazenta|def|1\n|-unboost|p2a: Zamazenta|spd|1\n|\n|-status|p1a: Gliscor|tox|[from] item: Toxic Orb\n|upkeep\n|turn|3\n|\n|t:|1633555546\n|switch|p2a: Charizard|Charizard, M|100\/100\n|move|p1a: Gliscor|Stealth Rock|p2a: Charizard\n|-sidestart|p2: Trogba Trogba|move: Stealth Rock\n|\n|-heal|p1a: Gliscor|88\/100 tox|[from] ability: Poison Heal\n|upkeep\n|turn|4\n|\n|t:|1633555552\n|switch|p1a: Latias|Latias, F|100\/100\n|detailschange|p2a: Charizard|Charizard-Mega-Y, M\n|-mega|p2a: Charizard|Charizard|Charizardite Y\n|-weather|SunnyDay|[from] ability: Drought|[of] p2a: Charizard\n|move|p2a: Charizard|Flamethrower|p1a: Latias\n|-resisted|p1a: Latias\n|-damage|p1a: Latias|70\/100\n|\n|-weather|SunnyDay|[upkeep]\n|upkeep\n|turn|5\n|\n|t:|1633555562\n|switch|p2a: Tyranitar|Tyranitar, F|100\/100\n|-damage|p2a: Tyranitar|88\/100|[from] Spikes\n|-damage|p2a: Tyranitar|76\/100|[from] Stealth Rock\n|-weather|Sandstorm|[from] ability: Sand Stream|[of] p2a: Tyranitar\n|detailschange|p1a: Latias|Latias-Mega, F\n|-mega|p1a: Latias|Latias|Latiasite\n|move|p1a: Latias|Hidden Power|p2a: Tyranitar\n|-supereffective|p2a: Tyranitar\n|-damage|p2a: Tyranitar|57\/100\n|\n|-weather|Sandstorm|[upkeep]\n|-damage|p1a: Latias|64\/100|[from] Sandstorm\n|upkeep\n|turn|6\n|j| TheNewBrends11\n|\n|t:|1633555574\n|move|p1a: Latias|Hidden Power|p2a: Tyranitar\n|-supereffective|p2a: Tyranitar\n|-damage|p2a: Tyranitar|36\/100\n|move|p2a: Tyranitar|Pursuit|p1a: Latias\n|-supereffective|p1a: Latias\n|-damage|p1a: Latias|35\/100\n|\n|-weather|Sandstorm|[upkeep]\n|-damage|p1a: Latias|29\/100|[from] Sandstorm\n|upkeep\n|turn|7\n|\n|t:|1633555577\n|move|p1a: Latias|Roost|p1a: Latias\n|-heal|p1a: Latias|79\/100\n|-singleturn|p1a: Latias|move: Roost\n|move|p2a: Tyranitar|Pursuit|p1a: Latias\n|-supereffective|p1a: Latias\n|-damage|p1a: Latias|49\/100\n|\n|-weather|Sandstorm|[upkeep]\n|-damage|p1a: Latias|43\/100|[from] Sandstorm\n|upkeep\n|turn|8\n|\n|t:|1633555588\n|move|p1a: Latias|Roost|p1a: Latias\n|-heal|p1a: Latias|93\/100\n|-singleturn|p1a: Latias|move: Roost\n|move|p2a: Tyranitar|Crunch|p1a: Latias\n|-supereffective|p1a: Latias\n|-crit|p1a: Latias\n|-damage|p1a: Latias|13\/100\n|\n|-weather|Sandstorm|[upkeep]\n|-damage|p1a: Latias|7\/100|[from] Sandstorm\n|upkeep\n|turn|9\n|\n|t:|1633555593\n|move|p1a: Latias|Hidden Power|p2a: Tyranitar\n|-supereffective|p2a: Tyranitar\n|-damage|p2a: Tyranitar|17\/100\n|move|p2a: Tyranitar|Crunch|p1a: Latias\n|-supereffective|p1a: Latias\n|-damage|p1a: Latias|0 fnt\n|faint|p1a: Latias\n|\n|-weather|none\n|upkeep\n|\n|t:|1633555597\n|switch|p1a: Ditto|Ditto|100\/100\n|-transform|p1a: Ditto|p2a: Tyranitar|[from] ability: Imposter\n|-weather|Sandstorm|[from] ability: Sand Stream|[of] p1a: Ditto\n|turn|10\n|\n|t:|1633555606\n|switch|p2a: Rotom|Rotom-Wash|100\/100\n|-damage|p2a: Rotom|88\/100|[from] Stealth Rock\n|move|p1a: Ditto|Crunch|p2a: Rotom\n|-crit|p2a: Rotom\n|-damage|p2a: Rotom|45\/100\n|\n|-weather|Sandstorm|[upkeep]\n|-damage|p2a: Rotom|39\/100|[from] Sandstorm\n|-heal|p2a: Rotom|45\/100|[from] item: Leftovers\n|upkeep\n|turn|11\n|j| forestcave\n|j| POV you just lost\n|\n|t:|1633555614\n|move|p1a: Ditto|Crunch|p2a: Rotom\n|-damage|p2a: Rotom|20\/100\n|move|p2a: Rotom|Pain Split|p1a: Ditto\n|-sethp|p1a: Ditto|60\/100|[from] move: Pain Split|[silent]\n|-sethp|p2a: Rotom|60\/100|[from] move: Pain Split\n|\n|-weather|Sandstorm|[upkeep]\n|-damage|p2a: Rotom|53\/100|[from] Sandstorm\n|-heal|p2a: Rotom|60\/100|[from] item: Leftovers\n|upkeep\n|turn|12\n|\n|t:|1633555618\n|switch|p1a: Ferrothorn|Ferrothorn, M|100\/100\n|move|p2a: Rotom|Will-O-Wisp|p1a: Ferrothorn|[miss]\n|-miss|p2a: Rotom|p1a: Ferrothorn\n|\n|-weather|Sandstorm|[upkeep]\n|-damage|p2a: Rotom|53\/100|[from] Sandstorm\n|-heal|p2a: Rotom|60\/100|[from] item: Leftovers\n|upkeep\n|turn|13\n|l| forestcave\n|\n|t:|1633555621\n|move|p2a: Rotom|Defog|p1a: Ferrothorn\n|-unboost|p1a: Ferrothorn|evasion|1\n|-sideend|p2: Trogba Trogba|Spikes|[from] move: Defog|[of] p2a: Rotom\n|-sideend|p2: Trogba Trogba|Stealth Rock|[from] move: Defog|[of] p2a: Rotom\n|move|p1a: Ferrothorn|Power Whip|p2a: Rotom\n|-supereffective|p2a: Rotom\n|-damage|p2a: Rotom|0 fnt\n|faint|p2a: Rotom\n|\n|-weather|Sandstorm|[upkeep]\n|upkeep\n|\n|t:|1633555625\n|switch|p2a: Charizard|Charizard-Mega-Y, M|100\/100\n|-weather|SunnyDay|[from] ability: Drought|[of] p2a: Charizard\n|turn|14\n|\n|t:|1633555627\n|switch|p1a: Toxapex|Toxapex, M|100\/100\n|move|p2a: Charizard|Flamethrower|p1a: Toxapex\n|-resisted|p1a: Toxapex\n|-damage|p1a: Toxapex|74\/100\n|\n|-weather|SunnyDay|[upkeep]\n|-heal|p1a: Toxapex|80\/100|[from] item: Black Sludge\n|upkeep\n|turn|15\n|\n|t:|1633555631\n|switch|p2a: Victini|Victini|100\/100\n|move|p1a: Toxapex|Toxic Spikes|p2a: Victini\n|-sidestart|p2: Trogba Trogba|move: Toxic Spikes\n|\n|-weather|SunnyDay|[upkeep]\n|-heal|p1a: Toxapex|86\/100|[from] item: Black Sludge\n|upkeep\n|turn|16\n|\n|t:|1633555636\n|move|p2a: Victini|Final Gambit|p1a: Toxapex\n|-damage|p1a: Toxapex|0 fnt\n|faint|p2a: Victini\n|faint|p1a: Toxapex\n|\n|-weather|SunnyDay|[upkeep]\n|upkeep\n|c| TheNewBrends11|wow\n|c| TheNewBrends11|massive damage, then it trips and falls down\n|\n|t:|1633555649\n|switch|p2a: Clefable|Clefable, M|100\/100\n|switch|p1a: Gliscor|Gliscor, M|88\/100 tox\n|-status|p2a: Clefable|psn\n|turn|17\n|\n|t:|1633555653\n|move|p1a: Gliscor|Stealth Rock|p2a: Clefable\n|-sidestart|p2: Trogba Trogba|move: Stealth Rock\n|move|p2a: Clefable|Stealth Rock|p1a: Gliscor\n|-sidestart|p1: velvet|move: Stealth Rock\n|\n|-weather|SunnyDay|[upkeep]\n|-heal|p1a: Gliscor|100\/100 tox|[from] ability: Poison Heal\n|upkeep\n|turn|18\n|\n|t:|1633555657\n|switch|p1a: Celesteela|Celesteela, shiny|100\/100\n|-damage|p1a: Celesteela|88\/100|[from] Stealth Rock\n|move|p2a: Clefable|Moonblast|p1a: Celesteela\n|-resisted|p1a: Celesteela\n|-damage|p1a: Celesteela|79\/100\n|\n|-weather|none\n|-heal|p1a: Celesteela|85\/100|[from] item: Leftovers\n|upkeep\n|turn|19\n|\n|t:|1633555660\n|move|p2a: Clefable|Thunder Wave|p1a: Celesteela\n|-status|p1a: Celesteela|par\n|move|p1a: Celesteela|Heavy Slam|p2a: Clefable\n|-supereffective|p2a: Clefable\n|-damage|p2a: Clefable|33\/100 psn\n|\n|-heal|p2a: Clefable|40\/100 psn|[from] item: Leftovers\n|-heal|p1a: Celesteela|91\/100 par|[from] item: Leftovers\n|upkeep\n|turn|20\n|\n|t:|1633555664\n|switch|p2a: Zamazenta|Zamazenta-Crowned|100\/100\n|-damage|p2a: Zamazenta|97\/100|[from] Stealth Rock\n|-ability|p2a: Zamazenta|Dauntless Shield|boost\n|-boost|p2a: Zamazenta|def|1\n|move|p1a: Celesteela|Heavy Slam|p2a: Zamazenta\n|-resisted|p2a: Zamazenta\n|-damage|p2a: Zamazenta|94\/100\n|\n|-heal|p1a: Celesteela|97\/100 par|[from] item: Leftovers\n|upkeep\n|turn|21\n|\n|t:|1633555671\n|move|p2a: Zamazenta|Behemoth Bash|p1a: Celesteela\n|-resisted|p1a: Celesteela\n|-damage|p1a: Celesteela|77\/100 par\n|cant|p1a: Celesteela|par\n|\n|-heal|p1a: Celesteela|83\/100 par|[from] item: Leftovers\n|upkeep\n|turn|22\n|\n|t:|1633555677\n|move|p2a: Zamazenta|Close Combat|p1a: Celesteela\n|-crit|p1a: Celesteela\n|-damage|p1a: Celesteela|5\/100 par\n|-unboost|p2a: Zamazenta|def|1\n|-unboost|p2a: Zamazenta|spd|1\n|move|p1a: Celesteela|Leech Seed|p2a: Zamazenta\n|-start|p2a: Zamazenta|move: Leech Seed\n|\n|-heal|p1a: Celesteela|11\/100 par|[from] item: Leftovers\n|-damage|p2a: Zamazenta|81\/100|[from] Leech Seed|[of] p1a: Celesteela\n|-heal|p1a: Celesteela|21\/100 par|[silent]\n|upkeep\n|turn|23\n|\n|t:|1633555682\n|switch|p2a: Charizard|Charizard-Mega-Y, M|100\/100\n|-damage|p2a: Charizard|51\/100|[from] Stealth Rock\n|-weather|SunnyDay|[from] ability: Drought|[of] p2a: Charizard\n|cant|p1a: Celesteela|par\n|\n|-weather|SunnyDay|[upkeep]\n|-heal|p1a: Celesteela|27\/100 par|[from] item: Leftovers\n|upkeep\n|turn|24\n|\n|t:|1633555688\n|move|p2a: Charizard|Roost|p2a: Charizard\n|-heal|p2a: Charizard|100\/100\n|-singleturn|p2a: Charizard|move: Roost\n|move|p1a: Celesteela|Leech Seed|p2a: Charizard\n|-start|p2a: Charizard|move: Leech Seed\n|\n|-weather|SunnyDay|[upkeep]\n|-heal|p1a: Celesteela|33\/100 par|[from] item: Leftovers\n|-damage|p2a: Charizard|88\/100|[from] Leech Seed|[of] p1a: Celesteela\n|-heal|p1a: Celesteela|43\/100 par|[silent]\n|upkeep\n|turn|25\n|\n|t:|1633555693\n|move|p1a: Celesteela|Protect|p1a: Celesteela\n|-singleturn|p1a: Celesteela|Protect\n|move|p2a: Charizard|Flamethrower|p1a: Celesteela\n|-activate|p1a: Celesteela|move: Protect\n|\n|-weather|SunnyDay|[upkeep]\n|-heal|p1a: Celesteela|49\/100 par|[from] item: Leftovers\n|-damage|p2a: Charizard|76\/100|[from] Leech Seed|[of] p1a: Celesteela\n|-heal|p1a: Celesteela|58\/100 par|[silent]\n|upkeep\n|turn|26\n|\n|t:|1633555696\n|switch|p1a: Gliscor|Gliscor, M|100\/100 tox\n|-damage|p1a: Gliscor|88\/100 tox|[from] Stealth Rock\n|move|p2a: Charizard|Flamethrower|p1a: Gliscor\n|-damage|p1a: Gliscor|4\/100 tox\n|\n|-weather|SunnyDay|[upkeep]\n|-damage|p2a: Charizard|63\/100|[from] Leech Seed|[of] p1a: Gliscor\n|-heal|p1a: Gliscor|15\/100 tox|[silent]\n|-heal|p1a: Gliscor|27\/100 tox|[from] ability: Poison Heal\n|upkeep\n|turn|27\n|\n|t:|1633555703\n|move|p2a: Charizard|Roost|p2a: Charizard\n|-heal|p2a: Charizard|100\/100\n|-singleturn|p2a: Charizard|move: Roost\n|move|p1a: Gliscor|Earthquake|p2a: Charizard\n|-supereffective|p2a: Charizard\n|-damage|p2a: Charizard|0 fnt\n|faint|p2a: Charizard\n|\n|-weather|none\n|-heal|p1a: Gliscor|40\/100 tox|[from] ability: Poison Heal\n|upkeep\n|j| gasxhaxj\n|\n|t:|1633555711\n|switch|p2a: Zamazenta|Zamazenta-Crowned|81\/100\n|-damage|p2a: Zamazenta|78\/100|[from] Stealth Rock\n|-ability|p2a: Zamazenta|Dauntless Shield|boost\n|-boost|p2a: Zamazenta|def|1\n|turn|28\n|\n|t:|1633555716\n|switch|p1a: Ferrothorn|Ferrothorn, M|100\/100\n|-damage|p1a: Ferrothorn|94\/100|[from] Stealth Rock\n|move|p2a: Zamazenta|Behemoth Bash|p1a: Ferrothorn\n|-resisted|p1a: Ferrothorn\n|-damage|p1a: Ferrothorn|77\/100\n|-damage|p2a: Zamazenta|66\/100|[from] ability: Iron Barbs|[of] p1a: Ferrothorn\n|\n|-heal|p1a: Ferrothorn|83\/100|[from] item: Leftovers\n|upkeep\n|turn|29\n|\n|t:|1633555721\n|switch|p2a: Clefable|Clefable, M|40\/100 psn\n|move|p1a: Ferrothorn|Protect||[still]\n|-fail|p1a: Ferrothorn\n|\n|-heal|p2a: Clefable|46\/100 psn|[from] item: Leftovers\n|-heal|p1a: Ferrothorn|89\/100|[from] item: Leftovers\n|upkeep\n|turn|30\n|\n|t:|1633555725\n|switch|p1a: Gliscor|Gliscor, M|40\/100 tox\n|-damage|p1a: Gliscor|27\/100 tox|[from] Stealth Rock\n|move|p2a: Clefable|Soft-Boiled|p2a: Clefable\n|-heal|p2a: Clefable|96\/100 psn\n|\n|-heal|p2a: Clefable|100\/100 psn|[from] item: Leftovers\n|-heal|p1a: Gliscor|40\/100 tox|[from] ability: Poison Heal\n|upkeep\n|turn|31\n|\n|t:|1633555728\n|move|p1a: Gliscor|Roost|p1a: Gliscor\n|-heal|p1a: Gliscor|90\/100 tox\n|-singleturn|p1a: Gliscor|move: Roost\n|move|p2a: Clefable|Moonblast|p1a: Gliscor\n|-damage|p1a: Gliscor|62\/100 tox\n|-unboost|p1a: Gliscor|spa|1\n|\n|-heal|p1a: Gliscor|74\/100 tox|[from] ability: Poison Heal\n|upkeep\n|turn|32\n|\n|t:|1633555734\n|move|p1a: Gliscor|Knock Off|p2a: Clefable\n|-resisted|p2a: Clefable\n|-damage|p2a: Clefable|92\/100 psn\n|-enditem|p2a: Clefable|Leftovers|[from] move: Knock Off|[of] p1a: Gliscor\n|move|p2a: Clefable|Moonblast|p1a: Gliscor\n|-damage|p1a: Gliscor|41\/100 tox\n|\n|-heal|p1a: Gliscor|54\/100 tox|[from] ability: Poison Heal\n|upkeep\n|turn|33\n|\n|t:|1633555738\n|move|p1a: Gliscor|Roost|p1a: Gliscor\n|-heal|p1a: Gliscor|100\/100 tox\n|-singleturn|p1a: Gliscor|move: Roost\n|move|p2a: Clefable|Moonblast|p1a: Gliscor\n|-damage|p1a: Gliscor|67\/100 tox\n|-unboost|p1a: Gliscor|spa|1\n|\n|-heal|p1a: Gliscor|80\/100 tox|[from] ability: Poison Heal\n|upkeep\n|turn|34\n|\n|t:|1633555745\n|move|p1a: Gliscor|Earthquake|p2a: Clefable\n|-damage|p2a: Clefable|66\/100 psn\n|move|p2a: Clefable|Moonblast|p1a: Gliscor\n|-damage|p1a: Gliscor|49\/100 tox\n|-unboost|p1a: Gliscor|spa|1\n|\n|-heal|p1a: Gliscor|61\/100 tox|[from] ability: Poison Heal\n|upkeep\n|turn|35\n|-message|Trogba Trogba forfeited.\n|\n|win|velvet\n|n|\u2606velvet|velvet\n|n|\u2606Trogba Trogba|trogbatrogba\n|n| htcl|htcl\n|n| TheNewBrends11|thenewbrends11\n|n| POV you just lost|povyoujustlost\n|n| gasxhaxj|gasxhaxj\n|l|\u2606Trogba Trogba\n|l|\u2606velvet\n","uploadtime":1633555769,"views":10,"p1id":"velvet","p2id":"trogbatrogba","formatid":"gen7ou","rating":0,"private":0,"password":null}