{"id":"gen7ou-737603167","p1":"notawalnut","p2":"H4WT \u272f","format":"gen7ou","log":"|j|\u2606notawalnut\n|j|\u2606H4WT \u272f\n|player|p1|notawalnut|265\n|player|p2|H4WT \u272f|266\n|teamsize|p1|6\n|teamsize|p2|6\n|gametype|singles\n|gen|7\n|tier|[Gen 7] OU\n|rated|\n|rule|Sleep Clause Mod: Limit one foe put to sleep\n|rule|Species Clause: Limit one of each Pok\u00e9mon\n|rule|OHKO Clause: OHKO moves are banned\n|rule|Moody Clause: Moody is banned\n|rule|Evasion Moves Clause: Evasion moves are banned\n|rule|Endless Battle Clause: Forcing endless battles is banned\n|rule|HP Percentage Mod: HP is shown in percentages\n|clearpoke\n|poke|p1|Landorus-Therian, M|item\n|poke|p1|Tapu Koko|item\n|poke|p1|Medicham, M|item\n|poke|p1|Heatran, M|item\n|poke|p1|Ferrothorn, M|item\n|poke|p1|Garchomp, M|item\n|poke|p2|Salamence, F|item\n|poke|p2|Tapu Koko|item\n|poke|p2|Landorus-Therian, M|item\n|poke|p2|Ferrothorn, M|item\n|poke|p2|Heatran, F|item\n|poke|p2|Greninja, M|item\n|teampreview\n|inactive|Battle timer is ON: inactive players will automatically lose when time's up. (requested by H4WT \u272f)\n|\n|start\n|switch|p1a: Landorus|Landorus-Therian, M|100\/100\n|switch|p2a: Tapu Koko|Tapu Koko|100\/100\n|-ability|p1a: Landorus|Intimidate|boost\n|-unboost|p2a: Tapu Koko|atk|1\n|-fieldstart|move: Electric Terrain|[from] ability: Electric Surge|[of] p2a: Tapu Koko\n|turn|1\n|\n|move|p1a: Landorus|Earthquake|p2a: Tapu Koko\n|-supereffective|p2a: Tapu Koko\n|-enditem|p2a: Tapu Koko|Shuca Berry|[eat]\n|-enditem|p2a: Tapu Koko|Shuca Berry|[weaken]\n|-damage|p2a: Tapu Koko|35\/100\n|move|p2a: Tapu Koko|Volt Switch|p1a: Landorus\n|-immune|p1a: Landorus|[msg]\n|\n|upkeep\n|turn|2\n|\n|switch|p1a: Ferrothorn|Ferrothorn, M|100\/100\n|switch|p2a: Salamence|Salamence, F|100\/100\n|\n|upkeep\n|turn|3\n|\n|move|p2a: Salamence|Dragon Dance|p2a: Salamence\n|-boost|p2a: Salamence|atk|1\n|-boost|p2a: Salamence|spe|1\n|move|p1a: Ferrothorn|Gyro Ball|p2a: Salamence\n|-damage|p2a: Salamence|38\/100\n|\n|upkeep\n|turn|4\n|\n|-zpower|p2a: Salamence\n|move|p2a: Salamence|Supersonic Skystrike|p1a: Ferrothorn|[zeffect]\n|-damage|p1a: Ferrothorn|0 fnt\n|faint|p1a: Ferrothorn\n|-ability|p2a: Salamence|Moxie|boost\n|-boost|p2a: Salamence|atk|1\n|\n|upkeep\n|\n|switch|p1a: Landorus|Landorus-Therian, M|100\/100\n|-ability|p1a: Landorus|Intimidate|boost\n|-unboost|p2a: Salamence|atk|1\n|turn|5\n|\n|move|p2a: Salamence|Fly|p1a: Landorus|[still]\n|-prepare|p2a: Salamence|Fly|p1a: Landorus\n|move|p1a: Landorus|Stone Edge|p2a: Salamence|[miss]\n|-miss|p1a: Landorus|p2a: Salamence\n|\n|-fieldend|move: Electric Terrain\n|upkeep\n|turn|6\n|\n|move|p2a: Salamence|Fly|p1a: Landorus|[from]lockedmove\n|-damage|p1a: Landorus|12\/100\n|move|p1a: Landorus|Stone Edge|p2a: Salamence\n|-supereffective|p2a: Salamence\n|-damage|p2a: Salamence|0 fnt\n|faint|p2a: Salamence\n|\n|upkeep\n|j| who quits mons\n|\n|switch|p2a: Greninja|Greninja, M|100\/100\n|turn|7\n|\n|move|p2a: Greninja|U-turn|p1a: Landorus\n|-start|p2a: Greninja|typechange|Bug|[from] Protean\n|-resisted|p1a: Landorus\n|-damage|p1a: Landorus|0 fnt\n|faint|p1a: Landorus\n|\n|switch|p2a: Tapu Koko|Tapu Koko|35\/100\n|-fieldstart|move: Electric Terrain|[from] ability: Electric Surge|[of] p2a: Tapu Koko\n|\n|upkeep\n|\n|switch|p1a: Garchomp|Garchomp, M|100\/100\n|turn|8\n|\n|switch|p2a: Landorus|Landorus-Therian, M|100\/100\n|-ability|p2a: Landorus|Intimidate|boost\n|-unboost|p1a: Garchomp|atk|1\n|move|p1a: Garchomp|Swords Dance|p1a: Garchomp\n|-boost|p1a: Garchomp|atk|2\n|\n|upkeep\n|turn|9\n|\n|-zpower|p1a: Garchomp\n|move|p1a: Garchomp|Devastating Drake|p2a: Landorus|[zeffect]\n|-damage|p2a: Landorus|0 fnt\n|faint|p2a: Landorus\n|\n|upkeep\n|\n|switch|p2a: Greninja|Greninja, M|100\/100\n|turn|10\n|\n|switch|p1a: Heatran|Heatran, M|100\/100\n|move|p2a: Greninja|U-turn|p1a: Heatran\n|-start|p2a: Greninja|typechange|Bug|[from] Protean\n|-resisted|p1a: Heatran\n|-damage|p1a: Heatran|94\/100\n|\n|switch|p2a: Heatran|Heatran, F|100\/100\n|\n|-heal|p1a: Heatran|100\/100|[from] item: Leftovers\n|upkeep\n|turn|11\n|\n|switch|p1a: Garchomp|Garchomp, M|100\/100\n|move|p2a: Heatran|Will-O-Wisp|p1a: Garchomp\n|-status|p1a: Garchomp|brn\n|\n|-damage|p1a: Garchomp|94\/100 brn|[from] brn\n|-fieldend|move: Electric Terrain\n|upkeep\n|turn|12\n|\n|switch|p2a: Ferrothorn|Ferrothorn, M|100\/100\n|move|p1a: Garchomp|Earthquake|p2a: Ferrothorn\n|-damage|p2a: Ferrothorn|80\/100\n|\n|-heal|p2a: Ferrothorn|86\/100|[from] item: Leftovers\n|-damage|p1a: Garchomp|88\/100 brn|[from] brn\n|upkeep\n|turn|13\n|\n|switch|p1a: Medicham|Medicham, M|100\/100\n|move|p2a: Ferrothorn|Leech Seed|p1a: Medicham\n|-start|p1a: Medicham|move: Leech Seed\n|\n|-heal|p2a: Ferrothorn|93\/100|[from] item: Leftovers\n|-damage|p1a: Medicham|88\/100|[from] Leech Seed|[of] p2a: Ferrothorn\n|-heal|p2a: Ferrothorn|100\/100|[silent]\n|upkeep\n|turn|14\n|\n|switch|p2a: Tapu Koko|Tapu Koko|35\/100\n|-fieldstart|move: Electric Terrain|[from] ability: Electric Surge|[of] p2a: Tapu Koko\n|-mega|p1a: Medicham|Medicham|Medichamite\n|detailschange|p1a: Medicham|Medicham-Mega, M\n|move|p1a: Medicham|High Jump Kick|p2a: Tapu Koko\n|-resisted|p2a: Tapu Koko\n|-damage|p2a: Tapu Koko|0 fnt\n|faint|p2a: Tapu Koko\n|\n|upkeep\n|\n|switch|p2a: Greninja|Greninja, M|100\/100\n|turn|15\n|\n|switch|p1a: Garchomp|Garchomp, M|88\/100 brn\n|move|p2a: Greninja|Low Kick|p1a: Garchomp\n|-start|p2a: Greninja|typechange|Fighting|[from] Protean\n|-damage|p1a: Garchomp|55\/100 brn\n|-damage|p2a: Greninja|88\/100|[from] ability: Rough Skin|[of] p1a: Garchomp\n|\n|-damage|p1a: Garchomp|49\/100 brn|[from] brn\n|upkeep\n|turn|16\n|\n|switch|p2a: Ferrothorn|Ferrothorn, M|100\/100\n|switch|p1a: Tapu Koko|Tapu Koko|100\/100\n|\n|upkeep\n|turn|17\n|\n|move|p1a: Tapu Koko|Volt Switch|p2a: Ferrothorn\n|-resisted|p2a: Ferrothorn\n|-damage|p2a: Ferrothorn|80\/100\n|\n|switch|p1a: Heatran|Heatran, M|100\/100\n|move|p2a: Ferrothorn|Stealth Rock|p1a: Heatran\n|-sidestart|p1: notawalnut|move: Stealth Rock\n|\n|-heal|p2a: Ferrothorn|87\/100|[from] item: Leftovers\n|upkeep\n|turn|18\n|\n|switch|p2a: Greninja|Greninja, M|88\/100\n|move|p1a: Heatran|Lava Plume|p2a: Greninja\n|-resisted|p2a: Greninja\n|-damage|p2a: Greninja|60\/100\n|\n|-fieldend|move: Electric Terrain\n|upkeep\n|turn|19\n|\n|move|p1a: Heatran|Protect|p1a: Heatran\n|-singleturn|p1a: Heatran|Protect\n|move|p2a: Greninja|Low Kick|p1a: Heatran\n|-start|p2a: Greninja|typechange|Fighting|[from] Protean\n|-activate|p1a: Heatran|move: Protect\n|\n|upkeep\n|turn|20\n|\n|switch|p2a: Ferrothorn|Ferrothorn, M|87\/100\n|switch|p1a: Medicham|Medicham-Mega, M|88\/100\n|-damage|p1a: Medicham|82\/100|[from] Stealth Rock\n|\n|-heal|p2a: Ferrothorn|93\/100|[from] item: Leftovers\n|upkeep\n|turn|21\n|\n|switch|p2a: Greninja|Greninja, M|60\/100\n|move|p1a: Medicham|High Jump Kick|p2a: Greninja\n|-supereffective|p2a: Greninja\n|-damage|p2a: Greninja|0 fnt\n|faint|p2a: Greninja\n|\n|upkeep\n|\n|switch|p2a: Heatran|Heatran, F|100\/100\n|turn|22\n|\n|switch|p1a: Garchomp|Garchomp, M|49\/100 brn\n|-damage|p1a: Garchomp|43\/100 brn|[from] Stealth Rock\n|move|p2a: Heatran|Magma Storm|p1a: Garchomp\n|-resisted|p1a: Garchomp\n|-damage|p1a: Garchomp|16\/100 brn\n|-activate|p1a: Garchomp|move: Magma Storm|[of] p2a: Heatran\n|\n|-damage|p1a: Garchomp|10\/100 brn|[from] brn\n|-damage|p1a: Garchomp|0 fnt|[from] move: Magma Storm|[partiallytrapped]\n|upkeep\n|faint|p1a: Garchomp\n|\n|switch|p1a: Medicham|Medicham-Mega, M|82\/100\n|-damage|p1a: Medicham|76\/100|[from] Stealth Rock\n|turn|23\n|\n|move|p1a: Medicham|High Jump Kick|p2a: Heatran\n|-supereffective|p2a: Heatran\n|-damage|p2a: Heatran|0 fnt\n|faint|p2a: Heatran\n|\n|upkeep\n|\n|switch|p2a: Ferrothorn|Ferrothorn, M|93\/100\n|turn|24\n|\n|move|p1a: Medicham|High Jump Kick|p2a: Ferrothorn\n|-supereffective|p2a: Ferrothorn\n|-damage|p2a: Ferrothorn|0 fnt\n|-damage|p1a: Medicham|64\/100|[from] ability: Iron Barbs|[of] p2a: Ferrothorn\n|faint|p2a: Ferrothorn\n|\n|win|notawalnut\n|l|\u2606H4WT \u272f\n|raw|notawalnut's rating: 1644 &rarr; <strong>1668<\/strong><br \/>(+24 for winning)\n|raw|H4WT \u272f's rating: 1710 &rarr; <strong>1687<\/strong><br \/>(-23 for losing)\n","inputlog":null,"uploadtime":1524593562,"views":52,"p1id":"notawalnut","p2id":"h4wt","formatid":"gen7ou","rating":1668,"private":0,"password":null}