{"id":"gen7ou-1610888859","p1":"SKIP THE DRIP","p2":"Cesar2543","format":"gen7ou","log":"|j|\u2606SKIP THE DRIP\n|j|\u2606Cesar2543\n|inactive|Battle timer is ON: inactive players will automatically lose when time's up.\n|t:|1657040355\n|gametype|singles\n|player|p1|SKIP THE DRIP|jogger|\n|player|p2|Cesar2543|palmer|\n|teamsize|p1|6\n|teamsize|p2|6\n|gen|7\n|tier|[Gen 7] OU\n|rated|Tournament battle\n|rule|Sleep Clause Mod: Limit one foe put to sleep\n|rule|Species Clause: Limit one of each Pok\u00e9mon\n|rule|OHKO Clause: OHKO moves are banned\n|rule|Moody Clause: Moody is banned\n|rule|Evasion Moves Clause: Evasion moves are banned\n|rule|Endless Battle Clause: Forcing endless battles is banned\n|rule|HP Percentage Mod: HP is shown in percentages\n|clearpoke\n|poke|p1|Hoopa-Unbound|item\n|poke|p1|Xatu, M|item\n|poke|p1|Charizard, F|item\n|poke|p1|Excadrill, M|item\n|poke|p1|Rotom-Wash|item\n|poke|p1|Garchomp, F|item\n|poke|p2|Hawlucha, M|item\n|poke|p2|Medicham, F|item\n|poke|p2|Kyurem-Black|item\n|poke|p2|Magearna|item\n|poke|p2|Tapu Koko|item\n|poke|p2|Landorus-Therian, M|item\n|teampreview\n|j| HOT MY DOG\n|j|%Sww-Suwa\n|c|\u2606Cesar2543|Gl\n|c|\u2606Cesar2543|Hf\n|c|\u2606SKIP THE DRIP|u2\n|j| Egames1-1\n|\n|t:|1657040376\n|start\n|switch|p1a: Garchomp|Garchomp, F, shiny|100\/100\n|switch|p2a: Landorus|Landorus-Therian, M|100\/100\n|-ability|p2a: Landorus|Intimidate|boost\n|-unboost|p1a: Garchomp|atk|1\n|turn|1\n|j|@ironwater\n|j| bleh stall sux\n|\n|t:|1657040390\n|move|p1a: Garchomp|Swords Dance|p1a: Garchomp\n|-boost|p1a: Garchomp|atk|2\n|move|p2a: Landorus|Stealth Rock|p1a: Garchomp\n|-sidestart|p1: SKIP THE DRIP|move: Stealth Rock\n|\n|upkeep\n|turn|2\n|j| prof dankness\n|j| GarchompsELOMines\n|j| amstan\n|l| amstan\n|\n|t:|1657040400\n|move|p1a: Garchomp|Stealth Rock|p2a: Landorus\n|-sidestart|p2: Cesar2543|move: Stealth Rock\n|move|p2a: Landorus|Earthquake|p1a: Garchomp\n|-crit|p1a: Garchomp\n|-damage|p1a: Garchomp|30\/100\n|\n|upkeep\n|turn|3\n|\n|t:|1657040405\n|-zpower|p1a: Garchomp\n|move|p1a: Garchomp|Devastating Drake|p2a: Landorus|[zeffect]\n|-damage|p2a: Landorus|0 fnt\n|faint|p2a: Landorus\n|\n|upkeep\n|\n|t:|1657040409\n|switch|p2a: Tapu Koko|Tapu Koko|100\/100\n|-damage|p2a: Tapu Koko|88\/100|[from] Stealth Rock\n|-fieldstart|move: Electric Terrain|[from] ability: Electric Surge|[of] p2a: Tapu Koko\n|turn|4\n|j|%ian_yo\n|\n|t:|1657040435\n|move|p2a: Tapu Koko|Hidden Power|p1a: Garchomp\n|-supereffective|p1a: Garchomp\n|-damage|p1a: Garchomp|0 fnt\n|faint|p1a: Garchomp\n|\n|upkeep\n|l| GarchompsELOMines\n|\n|t:|1657040442\n|switch|p1a: Rotom|Rotom-Wash, shiny|100\/100\n|-damage|p1a: Rotom|88\/100|[from] Stealth Rock\n|turn|5\n|c| Egames1-1|zmove to kill lando-t is a smart idea\n|\n|t:|1657040448\n|switch|p2a: Magearna|Magearna|100\/100\n|-damage|p2a: Magearna|94\/100|[from] Stealth Rock\n|move|p1a: Rotom|Volt Switch|p2a: Magearna\n|-damage|p2a: Magearna|83\/100\n|j| omsrfun\n|\n|t:|1657040455\n|switch|p1a: Xatu|Xatu, M|100\/100|[from]move: Volt Switch\n|-damage|p1a: Xatu|76\/100|[from] Stealth Rock\n|\n|upkeep\n|turn|6\n|j| TheMightyDRE\n|\n|t:|1657040471\n|move|p2a: Magearna|Volt Switch|p1a: Xatu\n|-supereffective|p1a: Xatu\n|-damage|p1a: Xatu|18\/100\n|c| omsrfun|mega-mag definitely wins this easy\n|j| bob982374istesting\n|j| Learning2Balance\n|j| BlisseyMaster13\u2606\n|l| Learning2Balance\n|j| bodki\u273f\u304f\u30b3\u5f61\n|c| BlisseyMaster13\u2606|skip u need to pick it up\n|j| galaxyxxivory\n|\n|t:|1657040498\n|switch|p2a: Hawlucha|Hawlucha, M|100\/100|[from]move: Volt Switch\n|-damage|p2a: Hawlucha|88\/100|[from] Stealth Rock\n|-enditem|p2a: Hawlucha|Electric Seed\n|-boost|p2a: Hawlucha|def|1|[from] item: Electric Seed\n|move|p1a: Xatu|Roost|p1a: Xatu\n|-heal|p1a: Xatu|68\/100\n|-singleturn|p1a: Xatu|move: Roost\n|\n|upkeep\n|turn|7\n|c| omsrfun|pixilate last resort looking unstoppable\n|j| pi3rs\n|c| BlisseyMaster13\u2606|yeah true\n|inactive|Cesar2543 has 120 seconds left.\n|\n|t:|1657040516\n|move|p2a: Hawlucha|Acrobatics|p1a: Xatu\n|-damage|p1a: Xatu|0 fnt\n|faint|p1a: Xatu\n|\n|upkeep\n|\n|t:|1657040519\n|switch|p1a: Rotom|Rotom-Wash, shiny|88\/100\n|-damage|p1a: Rotom|75\/100|[from] Stealth Rock\n|turn|8\n|\n|t:|1657040523\n|move|p2a: Hawlucha|High Jump Kick|p1a: Rotom\n|-damage|p1a: Rotom|31\/100\n|move|p1a: Rotom|Hydro Pump|p2a: Hawlucha\n|-damage|p2a: Hawlucha|37\/100\n|\n|-fieldend|move: Electric Terrain\n|upkeep\n|turn|9\n|c| BlisseyMaster13\u2606|that was ow\n|\n|t:|1657040528\n|switch|p1a: Hoopa|Hoopa-Unbound|100\/100\n|-damage|p1a: Hoopa|88\/100|[from] Stealth Rock\n|move|p2a: Hawlucha|High Jump Kick|p1a: Hoopa\n|-damage|p1a: Hoopa|0 fnt\n|faint|p1a: Hoopa\n|\n|upkeep\n|\n|t:|1657040531\n|switch|p1a: Rotom|Rotom-Wash, shiny|31\/100\n|-damage|p1a: Rotom|18\/100|[from] Stealth Rock\n|-enditem|p1a: Rotom|Wiki Berry|[eat]\n|-heal|p1a: Rotom|68\/100|[from] item: Wiki Berry\n|turn|10\n|c| BlisseyMaster13\u2606|Hoopa Unbound?\n|\n|t:|1657040542\n|switch|p2a: Kyurem|Kyurem-Black|100\/100\n|-damage|p2a: Kyurem|76\/100|[from] Stealth Rock\n|-ability|p2a: Kyurem|Teravolt\n|move|p1a: Rotom|Volt Switch|p2a: Kyurem\n|-resisted|p2a: Kyurem\n|-damage|p2a: Kyurem|63\/100\n|\n|t:|1657040545\n|switch|p1a: Excadrill|Excadrill, M|100\/100|[from]move: Volt Switch\n|-damage|p1a: Excadrill|97\/100|[from] Stealth Rock\n|-ability|p1a: Excadrill|Mold Breaker\n|\n|upkeep\n|turn|11\n|c| BlisseyMaster13\u2606|thought that was banned\n|c| bleh stall sux|this is a stomping tbh\n|c| BlisseyMaster13\u2606|yeah\n|\n|t:|1657040552\n|move|p1a: Excadrill|Iron Head|p2a: Kyurem\n|-supereffective|p2a: Kyurem\n|-damage|p2a: Kyurem|0 fnt\n|faint|p2a: Kyurem\n|\n|upkeep\n|\n|t:|1657040557\n|switch|p2a: Medicham|Medicham, F|100\/100\n|-damage|p2a: Medicham|94\/100|[from] Stealth Rock\n|turn|12\n|j| cyberpal\n|\n|t:|1657040566\n|switch|p1a: Rotom|Rotom-Wash, shiny|68\/100\n|-damage|p1a: Rotom|56\/100|[from] Stealth Rock\n|detailschange|p2a: Medicham|Medicham-Mega, F\n|-mega|p2a: Medicham|Medicham|Medichamite\n|move|p2a: Medicham|High Jump Kick|p1a: Rotom\n|-damage|p1a: Rotom|0 fnt\n|faint|p1a: Rotom\n|\n|upkeep\n|\n|t:|1657040569\n|switch|p1a: Charizard|Charizard, F|100\/100\n|-damage|p1a: Charizard|51\/100|[from] Stealth Rock\n|turn|13\n|\n|t:|1657040576\n|detailschange|p1a: Charizard|Charizard-Mega-Y, F\n|-mega|p1a: Charizard|Charizard|Charizardite Y\n|-weather|SunnyDay|[from] ability: Drought|[of] p1a: Charizard\n|move|p2a: Medicham|Zen Headbutt|p1a: Charizard\n|-damage|p1a: Charizard|0 fnt\n|faint|p1a: Charizard\n|\n|-weather|SunnyDay|[upkeep]\n|upkeep\n|\n|t:|1657040578\n|switch|p1a: Excadrill|Excadrill, M|97\/100\n|-damage|p1a: Excadrill|94\/100|[from] Stealth Rock\n|-ability|p1a: Excadrill|Mold Breaker\n|turn|14\n|\n|t:|1657040586\n|move|p1a: Excadrill|Iron Head|p2a: Medicham\n|-damage|p2a: Medicham|27\/100\n|move|p2a: Medicham|High Jump Kick|p1a: Excadrill\n|-supereffective|p1a: Excadrill\n|-damage|p1a: Excadrill|0 fnt\n|faint|p1a: Excadrill\n|\n|win|Cesar2543\n|n|\u2606SKIP THE DRIP|skipthedrip\n|n|\u2606Cesar2543|cesar2543\n|n| HOT MY DOG|hotmydog\n|n| Sww-Suwa|swwsuwa\n|n| Egames1-1|egames11\n|n|@ironwater|ironwater\n|n| bleh stall sux|blehstallsux\n|n| prof dankness|profdankness\n|n| ian_yo|ianyo\n|n| omsrfun|omsrfun\n|n| TheMightyDRE|themightydre\n|n| bob982374istesting|bob982374istesting\n|n| BlisseyMaster13\u2606|blisseymaster13\n|n| bodki\u273f\u304f\u30b3\u5f61|bodki\n|n| galaxyxxivory|galaxyxxivory\n|n| pi3rs|pi3rs\n|n| cyberpal|cyberpal\n|c| pi3rs|damn this dude is getting mauled\n","uploadtime":1657040587,"views":6,"p1id":"skipthedrip","p2id":"cesar2543","formatid":"gen7ou","rating":0,"private":0,"password":null}