{"id":"gen7ou-601988994","p1":"Pokefreak77","p2":"ttacc94","format":"gen7ou","log":"|j|Pokefreak77\n|j|ttacc94\n|player|p1|Pokefreak77|#zinnia\n|teamsize|p1|6\n|player|p2|ttacc94|102\n|teamsize|p2|6\n|gametype|singles\n|gen|7\n|tier|[Gen 7] OU\n|rated\n|seed|17792,40201,26653,53303\n|clearpoke\n|poke|p1|Pelipper, F|item\n|poke|p1|Swampert, F|item\n|poke|p1|Kingdra, F|item\n|poke|p1|Tangrowth, F|item\n|poke|p1|Clefable, F|item\n|poke|p1|Magearna|item\n|poke|p2|Ditto|item\n|poke|p2|Serperior, F|item\n|poke|p2|Shuckle, F|item\n|poke|p2|Bisharp, M|item\n|poke|p2|Gyarados, M|item\n|poke|p2|Mimikyu, M|item\n|rule|Sleep Clause Mod: Limit one foe put to sleep\n|rule|Species Clause: Limit one of each Pok\u00e9mon\n|rule|OHKO Clause: OHKO moves are banned\n|rule|Moody Clause: Moody is banned\n|rule|Evasion Moves Clause: Evasion moves are banned\n|rule|Endless Battle Clause: Forcing endless battles is banned\n|rule|HP Percentage Mod: HP is shown in percentages\n|teampreview\n|choice|team 1, team 2, team 3, team 4, team 5, team 6|team 3, team 2, team 1, team 4, team 5, team 6\n|\n|start\n|switch|p1a: Pelipper|Pelipper, F|323\/323\n|switch|p2a: Shuckle|Shuckle, F|243\/243\n|-weather|RainDance|[from] ability: Drizzle|[of] p1a: Pelipper\n|turn|1\n|choice|move scald|move stealthrock\n|\n|move|p1a: Pelipper|Scald|p2a: Shuckle\n|-supereffective|p2a: Shuckle\n|-damage|p2a: Shuckle|133\/243\n|move|p2a: Shuckle|Stealth Rock|p1a: Pelipper\n|-sidestart|p1: Pokefreak77|move: Stealth Rock\n|\n|-weather|RainDance|[upkeep]\n|upkeep\n|turn|2\n|choice|move scald|move encore\n|\n|move|p1a: Pelipper|Scald|p2a: Shuckle\n|-supereffective|p2a: Shuckle\n|-damage|p2a: Shuckle|19\/243\n|-status|p2a: Shuckle|brn\n|move|p2a: Shuckle|Encore|p1a: Pelipper\n|-start|p1a: Pelipper|Encore\n|\n|-weather|RainDance|[upkeep]\n|-damage|p2a: Shuckle|4\/243 brn|[from] brn\n|upkeep\n|turn|3\n|choice|move scald|move stickyweb\n|\n|move|p1a: Pelipper|Scald|p2a: Shuckle\n|-supereffective|p2a: Shuckle\n|-damage|p2a: Shuckle|0 fnt\n|faint|p2a: Shuckle\n|\n|-weather|RainDance|[upkeep]\n|upkeep\n|choice||switch 2\n|\n|switch|p2a: Serperior|Serperior, F|310\/310\n|turn|4\n|choice|switch 4|move leafstorm\n|\n|switch|p1a: Tangrowth|Tangrowth, F|404\/404\n|-damage|p1a: Tangrowth|354\/404|[from] Stealth Rock\n|move|p2a: Serperior|Leaf Storm|p1a: Tangrowth\n|-resisted|p1a: Tangrowth\n|-crit|p1a: Tangrowth\n|-damage|p1a: Tangrowth|275\/404\n|-boost|p2a: Serperior|spa|2\n|\n|-weather|RainDance|[upkeep]\n|upkeep\n|turn|5\n|choice|move knockoff|move substitute\n|\n|move|p2a: Serperior|Substitute|p2a: Serperior\n|-start|p2a: Serperior|Substitute\n|-damage|p2a: Serperior|233\/310\n|move|p1a: Tangrowth|Knock Off|p2a: Serperior\n|-end|p2a: Serperior|Substitute\n|\n|-weather|RainDance|[upkeep]\n|-heal|p2a: Serperior|252\/310|[from] item: Leftovers\n|upkeep\n|turn|6\n|choice|move sludgebomb|move leafstorm\n|\n|move|p2a: Serperior|Leaf Storm|p1a: Tangrowth\n|-resisted|p1a: Tangrowth\n|-damage|p1a: Tangrowth|159\/404\n|-boost|p2a: Serperior|spa|2\n|move|p1a: Tangrowth|Sludge Bomb|p2a: Serperior\n|-supereffective|p2a: Serperior\n|-damage|p2a: Serperior|88\/310\n|-status|p2a: Serperior|psn\n|\n|-weather|RainDance|[upkeep]\n|-heal|p2a: Serperior|107\/310 psn|[from] item: Leftovers\n|-damage|p2a: Serperior|69\/310 psn|[from] psn\n|upkeep\n|turn|7\n|choice|switch 6|move leafstorm\n|\n|switch|p1a: Magearna|Magearna|301\/301\n|-damage|p1a: Magearna|283\/301|[from] Stealth Rock\n|move|p2a: Serperior|Leaf Storm|p1a: Magearna\n|-resisted|p1a: Magearna\n|-damage|p1a: Magearna|85\/301\n|-boost|p2a: Serperior|spa|2\n|\n|-weather|RainDance|[upkeep]\n|-heal|p2a: Serperior|88\/310 psn|[from] item: Leftovers\n|-damage|p2a: Serperior|50\/310 psn|[from] psn\n|upkeep\n|turn|8\n|choice|move icebeam|move leafstorm\n|\n|move|p2a: Serperior|Leaf Storm|p1a: Magearna|[miss]\n|-miss|p2a: Serperior|p1a: Magearna\n|move|p1a: Magearna|Ice Beam|p2a: Serperior\n|-supereffective|p2a: Serperior\n|-damage|p2a: Serperior|0 fnt\n|faint|p2a: Serperior\n|-ability|p1a: Magearna|Soul-Heart|boost\n|-boost|p1a: Magearna|spa|1\n|\n|-weather|none\n|upkeep\n|choice||switch 3\n|\n|switch|p2a: Ditto|Ditto|299\/299\n|-transform|p2a: Ditto|p1a: Magearna|[from] ability: Imposter\n|turn|9\n|choice|move focusblast zmove|move focusblast\n|\n|move|p2a: Ditto|Focus Blast|p1a: Magearna\n|-damage|p1a: Magearna|0 fnt\n|faint|p1a: Magearna\n|-ability|p2a: Ditto|Soul-Heart|boost\n|-boost|p2a: Ditto|spa|1\n|\n|upkeep\n|choice|switch 4|\n|\n|switch|p1a: Pelipper|Pelipper, F|323\/323\n|-damage|p1a: Pelipper|243\/323|[from] Stealth Rock\n|-weather|RainDance|[from] ability: Drizzle|[of] p1a: Pelipper\n|turn|10\n|choice|move defog|move shiftgear\n|\n|move|p2a: Ditto|Shift Gear|p2a: Ditto\n|-boost|p2a: Ditto|spe|2\n|-boost|p2a: Ditto|atk|1\n|move|p1a: Pelipper|Defog|p2a: Ditto\n|-unboost|p2a: Ditto|evasion|1\n|-sideend|p1: Pokefreak77|Stealth Rock|[from] move: Defog|[of] p1a: Pelipper\n|-enditem|p2a: Ditto|White Herb\n|-clearnegativeboost|p2a: Ditto|[silent]\n|\n|-weather|RainDance|[upkeep]\n|upkeep\n|turn|11\n|choice|switch 2|move shiftgear\n|\n|switch|p1a: Swampert|Swampert, F|341\/341\n|move|p2a: Ditto|Shift Gear|p2a: Ditto\n|-boost|p2a: Ditto|spe|2\n|-boost|p2a: Ditto|atk|1\n|\n|-weather|RainDance|[upkeep]\n|upkeep\n|turn|12\n|choice|move earthquake mega|move focusblast\n|\n|detailschange|p1a: Swampert|Swampert-Mega, F\n|-mega|p1a: Swampert|Swampert|Swampertite\n|move|p2a: Ditto|Focus Blast|p1a: Swampert\n|-damage|p1a: Swampert|89\/341\n|move|p1a: Swampert|Earthquake|p2a: Ditto\n|-supereffective|p2a: Ditto\n|-damage|p2a: Ditto|0 fnt\n|faint|p2a: Ditto\n|\n|-weather|RainDance|[upkeep]\n|upkeep\n|c|\u2606Pokefreak77|smh\n|choice||switch 5\n|\n|switch|p2a: Gyarados|Gyarados, M|331\/331\n|turn|13\n|choice|move icepunch|move dragondance\n|\n|move|p1a: Swampert|Ice Punch|p2a: Gyarados\n|-damage|p2a: Gyarados|205\/331\n|move|p2a: Gyarados|Dragon Dance|p2a: Gyarados\n|-boost|p2a: Gyarados|atk|1\n|-boost|p2a: Gyarados|spe|1\n|\n|-weather|RainDance|[upkeep]\n|upkeep\n|turn|14\n|choice|move icepunch|move dragondance mega\n|\n|detailschange|p2a: Gyarados|Gyarados-Mega, M\n|-mega|p2a: Gyarados|Gyarados|Gyaradosite\n|-ability|p2a: Gyarados|Mold Breaker\n|move|p1a: Swampert|Ice Punch|p2a: Gyarados\n|-resisted|p2a: Gyarados\n|-crit|p2a: Gyarados\n|-damage|p2a: Gyarados|126\/331\n|move|p2a: Gyarados|Dragon Dance|p2a: Gyarados\n|-boost|p2a: Gyarados|atk|1\n|-boost|p2a: Gyarados|spe|1\n|\n|-weather|RainDance|[upkeep]\n|upkeep\n|turn|15\n|choice|move earthquake|move earthquake\n|\n|move|p2a: Gyarados|Earthquake|p1a: Swampert\n|-damage|p1a: Swampert|0 fnt\n|faint|p1a: Swampert\n|\n|-weather|RainDance|[upkeep]\n|upkeep\n|choice|switch 6|\n|\n|switch|p1a: Tangrowth|Tangrowth, F|293\/404\n|turn|16\n|choice|move gigadrain|move bounce\n|\n|move|p2a: Gyarados|Bounce|p1a: Tangrowth|[still]\n|-prepare|p2a: Gyarados|Bounce|p1a: Tangrowth\n|move|p1a: Tangrowth|Giga Drain|p2a: Gyarados|[miss]\n|-miss|p1a: Tangrowth|p2a: Gyarados\n|\n|-weather|RainDance|[upkeep]\n|upkeep\n|turn|17\n|choice|move gigadrain|move bounce\n|\n|move|p2a: Gyarados|Bounce|p1a: Tangrowth|[from]lockedmove\n|-supereffective|p1a: Tangrowth\n|-crit|p1a: Tangrowth\n|-damage|p1a: Tangrowth|0 fnt\n|faint|p1a: Tangrowth\n|\n|-weather|none\n|upkeep\n|choice|switch 5|\n|\n|switch|p1a: Story Time|Clefable, F|385\/385\n|turn|18\n|choice|move moonblast|move waterfall\n|\n|move|p2a: Gyarados|Waterfall|p1a: Story Time\n|-damage|p1a: Story Time|46\/385\n|move|p1a: Story Time|Moonblast|p2a: Gyarados\n|-supereffective|p2a: Gyarados\n|-damage|p2a: Gyarados|0 fnt\n|faint|p2a: Gyarados\n|\n|-heal|p1a: Story Time|70\/385|[from] item: Leftovers\n|upkeep\n|choice||switch 4\n|\n|switch|p2a: Bisharp|Bisharp, M|273\/273\n|turn|19\n|choice|move thunderwave|move knockoff\n|\n|move|p2a: Bisharp|Knock Off|p1a: Story Time\n|-resisted|p1a: Story Time\n|-damage|p1a: Story Time|0 fnt\n|-enditem|p1a: Story Time|Leftovers|[from] move: Knock Off|[of] p2a: Bisharp\n|faint|p1a: Story Time\n|\n|upkeep\n|choice|switch 3|\n|\n|switch|p1a: Kingdra|Kingdra, F|291\/291\n|turn|20\n|choice|move hydropump|move knockoff\n|\n|move|p1a: Kingdra|Hydro Pump|p2a: Bisharp\n|-damage|p2a: Bisharp|110\/273\n|move|p2a: Bisharp|Knock Off|p1a: Kingdra\n|-damage|p1a: Kingdra|104\/291\n|-enditem|p1a: Kingdra|Choice Specs|[from] move: Knock Off|[of] p2a: Bisharp\n|\n|upkeep\n|turn|21\n|-message|Pokefreak77 forfeited.\n|\n|win|ttacc94\n|l|Pokefreak77\n|raw|Pokefreak77's rating: 1606 &rarr; <strong>1582<\/strong><br \/>(-24 for losing)\n|raw|ttacc94's rating: 1549 &rarr; <strong>1572<\/strong><br \/>(+23 for winning)\n|c|\u2606ttacc94|smh","inputlog":null,"uploadtime":1499694711,"views":1,"p1id":"pokefreak77","p2id":"ttacc94","formatid":"gen7ou","rating":1572,"private":0,"password":null}