{"id":"gen7ou-599613356","p1":"Pokefreak77","p2":"Somniloquism","format":"gen7ou","log":"|j|Pokefreak77\n|j|Somniloquism\n|player|p1|Pokefreak77|#zinnia\n|teamsize|p1|6\n|player|p2|Somniloquism|230\n|teamsize|p2|6\n|gametype|singles\n|gen|7\n|tier|[Gen 7] OU\n|rated\n|seed|56683,36015,54694,59328\n|clearpoke\n|poke|p1|Tyranitar, F|item\n|poke|p1|Excadrill, F|item\n|poke|p1|Greninja, M|item\n|poke|p1|Pinsir, M|item\n|poke|p1|Marshadow|item\n|poke|p1|Magearna|item\n|poke|p2|Magearna|item\n|poke|p2|Cresselia, F|item\n|poke|p2|Celesteela|item\n|poke|p2|Greninja, M|item\n|poke|p2|Camerupt, M|item\n|poke|p2|Tapu Bulu|item\n|rule|Sleep Clause Mod: Limit one foe put to sleep\n|rule|Species Clause: Limit one of each Pok\u00e9mon\n|rule|OHKO Clause: OHKO moves are banned\n|rule|Moody Clause: Moody is banned\n|rule|Evasion Moves Clause: Evasion moves are banned\n|rule|Endless Battle Clause: Forcing endless battles is banned\n|rule|HP Percentage Mod: HP is shown in percentages\n|teampreview\n|inactive|Battle timer is ON: inactive players will automatically lose when time's up. (requested by Somniloquism)\n|choice|team 5, team 2, team 3, team 4, team 1, team 6|team 6, team 2, team 3, team 4, team 5, team 1\n|\n|start\n|switch|p1a: 5|Marshadow|321\/321\n|switch|p2a: Tapu Bulu|Tapu Bulu|281\/281\n|-fieldstart|move: Grassy Terrain|[from] ability: Grassy Surge|[of] p2a: Tapu Bulu\n|turn|1\n|choice|switch 4|move woodhammer\n|\n|switch|p1a: 4|Pinsir, M|271\/271\n|move|p2a: Tapu Bulu|Wood Hammer|p1a: 4\n|-resisted|p1a: 4\n|-damage|p1a: 4|106\/271\n|-damage|p2a: Tapu Bulu|227\/281|[from] Recoil|[of] p1a: 4\n|\n|-heal|p2a: Tapu Bulu|244\/281|[from] Grassy Terrain\n|-heal|p1a: 4|122\/271|[from] Grassy Terrain\n|upkeep\n|turn|2\n|choice|move swordsdance mega|switch 3\n|\n|switch|p2a: Celesteela|Celesteela|397\/397\n|detailschange|p1a: 4|Pinsir-Mega, M\n|-mega|p1a: 4|Pinsir|Pinsirite\n|move|p1a: 4|Swords Dance|p1a: 4\n|-boost|p1a: 4|atk|2\n|\n|upkeep\n|turn|3\n|choice|move closecombat|move flamethrower\n|\n|move|p1a: 4|Close Combat|p2a: Celesteela\n|-damage|p2a: Celesteela|157\/397\n|-unboost|p1a: 4|def|1\n|-unboost|p1a: 4|spd|1\n|move|p2a: Celesteela|Flamethrower|p1a: 4\n|-supereffective|p1a: 4\n|-damage|p1a: 4|0 fnt\n|faint|p1a: 4\n|-ability|p2a: Celesteela|Beast Boost|boost\n|-boost|p2a: Celesteela|def|1\n|\n|-heal|p2a: Celesteela|181\/397|[from] item: Leftovers\n|upkeep\n|choice|switch 3|\n|\n|switch|p1a: 3|Greninja, M|285\/285\n|turn|4\n|choice|move hydropump|switch 3\n|\n|switch|p2a: Tapu Bulu|Tapu Bulu|244\/281\n|move|p1a: 3|Hydro Pump|p2a: Tapu Bulu\n|-resisted|p2a: Tapu Bulu\n|-damage|p2a: Tapu Bulu|131\/281\n|-damage|p1a: 3|257\/285|[from] item: Life Orb\n|\n|-heal|p2a: Tapu Bulu|148\/281|[from] Grassy Terrain\n|-heal|p1a: 3|274\/285|[from] Grassy Terrain\n|upkeep\n|turn|5\n|choice|move darkpulse|move hornleech\n|\n|move|p2a: Tapu Bulu|Horn Leech|p1a: 3\n|-supereffective|p1a: 3\n|-damage|p1a: 3|0 fnt\n|-heal|p2a: Tapu Bulu|281\/281|[from] drain|[of] p1a: 3\n|faint|p1a: 3\n|\n|-fieldend|move: Grassy Terrain\n|upkeep\n|choice|switch 6|\n|\n|switch|p1a: 6|Magearna|351\/351\n|turn|6\n|choice|move calmmind|switch 5\n|\n|switch|p2a: Camerupt|Camerupt, M|343\/343\n|move|p1a: 6|Calm Mind|p1a: 6\n|-boost|p1a: 6|spa|1\n|-boost|p1a: 6|spd|1\n|\n|upkeep\n|turn|7\n|choice|move calmmind|move earthpower mega\n|\n|detailschange|p2a: Camerupt|Camerupt-Mega, M\n|-mega|p2a: Camerupt|Camerupt|Cameruptite\n|move|p1a: 6|Calm Mind|p1a: 6\n|-boost|p1a: 6|spa|1\n|-boost|p1a: 6|spd|1\n|move|p2a: Camerupt|Earth Power|p1a: 6\n|-supereffective|p1a: 6\n|-damage|p1a: 6|129\/351\n|\n|-heal|p1a: 6|150\/351|[from] item: Leftovers\n|upkeep\n|turn|8\n|choice|move icebeam|move earthpower\n|\n|move|p1a: 6|Ice Beam|p2a: Camerupt\n|-damage|p2a: Camerupt|166\/343\n|move|p2a: Camerupt|Earth Power|p1a: 6\n|-supereffective|p1a: 6\n|-damage|p1a: 6|0 fnt\n|faint|p1a: 6\n|\n|upkeep\n|choice|switch 5|\n|\n|switch|p1a: 1|Tyranitar, F|351\/351\n|-weather|Sandstorm|[from] ability: Sand Stream|[of] p1a: 1\n|turn|9\n|choice|move stealthrock|switch 5\n|\n|switch|p2a: Tapu Bulu|Tapu Bulu|281\/281\n|-fieldstart|move: Grassy Terrain|[from] ability: Grassy Surge|[of] p2a: Tapu Bulu\n|move|p1a: 1|Stealth Rock|p2a: Tapu Bulu\n|-sidestart|p2: Somniloquism|move: Stealth Rock\n|\n|-weather|Sandstorm|[upkeep]\n|-damage|p2a: Tapu Bulu|264\/281|[from] sandstorm\n|-heal|p2a: Tapu Bulu|281\/281|[from] Grassy Terrain\n|upkeep\n|turn|10\n|choice|move icebeam|move woodhammer\n|\n|move|p2a: Tapu Bulu|Wood Hammer|p1a: 1\n|-supereffective|p1a: 1\n|-enditem|p1a: 1|Focus Sash\n|-damage|p1a: 1|1\/351\n|-damage|p2a: Tapu Bulu|165\/281|[from] Recoil|[of] p1a: 1\n|move|p1a: 1|Ice Beam|p2a: Tapu Bulu\n|-supereffective|p2a: Tapu Bulu\n|-damage|p2a: Tapu Bulu|0 fnt\n|faint|p2a: Tapu Bulu\n|\n|-weather|Sandstorm|[upkeep]\n|-heal|p1a: 1|22\/351|[from] Grassy Terrain\n|upkeep\n|choice||switch 2\n|\n|switch|p2a: Cresselia|Cresselia, F|443\/443\n|-damage|p2a: Cresselia|388\/443|[from] Stealth Rock\n|turn|11\n|choice|move pursuit|move trickroom\n|\n|move|p1a: 1|Pursuit|p2a: Cresselia\n|-supereffective|p2a: Cresselia\n|-damage|p2a: Cresselia|304\/443\n|move|p2a: Cresselia|Trick Room|p2a: Cresselia\n|-fieldstart|move: Trick Room|[of] p2a: Cresselia\n|\n|-weather|Sandstorm|[upkeep]\n|-damage|p2a: Cresselia|277\/443|[from] sandstorm\n|-heal|p1a: 1|43\/351|[from] Grassy Terrain\n|upkeep\n|turn|12\n|choice|move pursuit|move lunardance\n|\n|move|p2a: Cresselia|Lunar Dance|p2a: Cresselia\n|faint|p2a: Cresselia\n|move|p1a: 1|Pursuit|p2: Cresselia|[notarget]\n|-notarget\n|\n|-weather|Sandstorm|[upkeep]\n|-heal|p1a: 1|64\/351|[from] Grassy Terrain\n|upkeep\n|choice||switch 5\n|\n|switch|p2a: Camerupt|Camerupt-Mega, M|166\/343\n|-heal|p2a: Camerupt|343\/343|[from] move: Lunar Dance\n|-damage|p2a: Camerupt|301\/343|[from] Stealth Rock\n|turn|13\n|choice|move pursuit|move earthpower\n|\n|move|p2a: Camerupt|Earth Power|p1a: 1\n|-supereffective|p1a: 1\n|-damage|p1a: 1|0 fnt\n|faint|p1a: 1\n|\n|-weather|none\n|-heal|p2a: Camerupt|322\/343|[from] Grassy Terrain\n|-fieldend|move: Grassy Terrain\n|upkeep\n|choice|switch 4|\n|\n|switch|p1a: 5|Marshadow|321\/321\n|turn|14\n|choice|switch 2|move fireblast\n|\n|switch|p1a: 2|Excadrill, F|361\/361\n|move|p2a: Camerupt|Fire Blast|p1a: 2\n|-supereffective|p1a: 2\n|-damage|p1a: 2|0 fnt\n|faint|p1a: 2\n|\n|upkeep\n|choice|switch 2|\n|\n|switch|p1a: 5|Marshadow|321\/321\n|turn|15\n|choice|move bulkup|move fireblast\n|\n|move|p2a: Camerupt|Fire Blast|p1a: 5\n|-damage|p1a: 5|0 fnt\n|faint|p1a: 5\n|\n|win|Somniloquism\n|raw|Pokefreak77's rating: 1719 &rarr; <strong>1698<\/strong><br \/>(-21 for losing)\n|raw|Somniloquism's rating: 1698 &rarr; <strong>1720<\/strong><br \/>(+22 for winning)\n|l|Pokefreak77","inputlog":null,"uploadtime":1499220026,"views":8,"p1id":"pokefreak77","p2id":"somniloquism","formatid":"gen7ou","rating":1698,"private":0,"password":null}