{"id":"gen7ou-1697592956","p1":"Lucians Call","p2":"BLOODCLAT","format":"gen7ou","log":"|j|\u2606Lucians Call\n|j|\u203dBLOODCLAT\n|t:|1667011308\n|gametype|singles\n|player|p1|Lucians Call|furisodegirl-blue|\n|player|p2|BLOODCLAT|hoopster|\n|teamsize|p1|6\n|teamsize|p2|6\n|gen|7\n|tier|[Gen 7] OU\n|rule|Sleep Clause Mod: Limit one foe put to sleep\n|rule|Species Clause: Limit one of each Pok\u00e9mon\n|rule|OHKO Clause: OHKO moves are banned\n|rule|Moody Clause: Moody is banned\n|rule|Evasion Items Clause: Evasion items are banned\n|rule|Evasion Moves Clause: Evasion moves are banned\n|rule|Endless Battle Clause: Forcing endless battles is banned\n|rule|HP Percentage Mod: HP is shown in percentages\n|clearpoke\n|poke|p1|Mawile, M|item\n|poke|p1|Kartana|item\n|poke|p1|Tornadus-Therian, M|item\n|poke|p1|Beheeyem, F|item\n|poke|p1|Garchomp, M|item\n|poke|p1|Toxapex, F|item\n|poke|p2|Medicham, F|item\n|poke|p2|Tapu Bulu|item\n|poke|p2|Toxapex, F|item\n|poke|p2|Zapdos|item\n|poke|p2|Jirachi|item\n|poke|p2|Landorus-Therian, M|item\n|teampreview\n|inactive|Battle timer is ON: inactive players will automatically lose when time's up. (requested by Lucians Call)\n|\n|t:|1667011317\n|start\n|switch|p1a: Beheeyem|Beheeyem, F|100\/100\n|switch|p2a: Zapdos|Zapdos|100\/100\n|turn|1\n|\n|t:|1667011321\n|switch|p2a: Jirachi|Jirachi|100\/100\n|move|p1a: Beheeyem|Dark Pulse|p2a: Jirachi\n|-supereffective|p2a: Jirachi\n|-damage|p2a: Jirachi|25\/100\n|\n|-heal|p2a: Jirachi|31\/100|[from] item: Leftovers\n|upkeep\n|turn|2\n|\n|t:|1667011328\n|switch|p1a: Garchomp|Garchomp, M|100\/100\n|move|p2a: Jirachi|U-turn|p1a: Garchomp\n|-damage|p1a: Garchomp|85\/100\n|-damage|p2a: Jirachi|18\/100|[from] ability: Rough Skin|[of] p1a: Garchomp\n|\n|t:|1667011333\n|switch|p2a: Tapu Bulu|Tapu Bulu|100\/100|[from]move: U-turn\n|-fieldstart|move: Grassy Terrain|[from] ability: Grassy Surge|[of] p2a: Tapu Bulu\n|\n|-heal|p1a: Garchomp|91\/100|[from] Grassy Terrain\n|upkeep\n|turn|3\n|\n|t:|1667011344\n|switch|p1a: Kartana|Kartana|100\/100\n|move|p2a: Tapu Bulu|Swords Dance|p2a: Tapu Bulu\n|-boost|p2a: Tapu Bulu|atk|2\n|\n|upkeep\n|turn|4\n|\n|t:|1667011348\n|switch|p1a: Tornadus|Tornadus-Therian, M|100\/100\n|move|p2a: Tapu Bulu|Protect||[still]\n|-fail|p2a: Tapu Bulu\n|\n|upkeep\n|turn|5\n|\n|t:|1667011353\n|switch|p2a: Zapdos|Zapdos|100\/100\n|move|p1a: Tornadus|Hurricane|p2a: Zapdos\n|-resisted|p2a: Zapdos\n|-damage|p2a: Zapdos|84\/100\n|\n|-heal|p2a: Zapdos|90\/100|[from] item: Leftovers\n|upkeep\n|turn|6\n|\n|t:|1667011356\n|switch|p1a: Toxapex|Toxapex, F|100\/100\n|move|p2a: Zapdos|Toxic|p1a: Toxapex\n|-immune|p1a: Toxapex\n|\n|-heal|p2a: Zapdos|96\/100|[from] item: Leftovers\n|-fieldend|move: Grassy Terrain\n|upkeep\n|turn|7\n|\n|t:|1667011360\n|switch|p2a: Toxapex|Toxapex, F|100\/100\n|move|p1a: Toxapex|Toxic|p2a: Toxapex\n|-immune|p2a: Toxapex\n|\n|upkeep\n|turn|8\n|\n|t:|1667011363\n|switch|p1a: Beheeyem|Beheeyem, F|100\/100\n|move|p2a: Toxapex|Toxic Spikes|p1a: Beheeyem\n|-sidestart|p1: Lucians Call|move: Toxic Spikes\n|\n|upkeep\n|turn|9\n|\n|t:|1667011368\n|switch|p2a: Jirachi|Jirachi|18\/100\n|move|p1a: Beheeyem|Psyshock|p2a: Jirachi\n|-resisted|p2a: Jirachi\n|-damage|p2a: Jirachi|0 fnt\n|faint|p2a: Jirachi\n|\n|upkeep\n|\n|t:|1667011372\n|switch|p2a: Tapu Bulu|Tapu Bulu|100\/100\n|-fieldstart|move: Grassy Terrain|[from] ability: Grassy Surge|[of] p2a: Tapu Bulu\n|turn|10\n|\n|t:|1667011374\n|move|p2a: Tapu Bulu|Swords Dance|p2a: Tapu Bulu\n|-boost|p2a: Tapu Bulu|atk|2\n|move|p1a: Beheeyem|Psyshock|p2a: Tapu Bulu\n|-damage|p2a: Tapu Bulu|30\/100\n|\n|-heal|p2a: Tapu Bulu|36\/100|[from] Grassy Terrain\n|-heal|p2a: Tapu Bulu|42\/100|[from] item: Leftovers\n|upkeep\n|turn|11\n|\n|t:|1667011379\n|switch|p1a: Tornadus|Tornadus-Therian, M|100\/100\n|move|p2a: Tapu Bulu|Horn Leech|p1a: Tornadus\n|-resisted|p1a: Tornadus\n|-damage|p1a: Tornadus|49\/100\n|-heal|p2a: Tapu Bulu|69\/100|[from] drain|[of] p1a: Tornadus\n|-damage|p2a: Tapu Bulu|53\/100|[from] item: Rocky Helmet|[of] p1a: Tornadus\n|\n|-heal|p2a: Tapu Bulu|59\/100|[from] Grassy Terrain\n|-heal|p2a: Tapu Bulu|65\/100|[from] item: Leftovers\n|upkeep\n|turn|12\n|\n|t:|1667011382\n|move|p2a: Tapu Bulu|Protect|p2a: Tapu Bulu\n|-singleturn|p2a: Tapu Bulu|Protect\n|move|p1a: Tornadus|Hurricane|p2a: Tapu Bulu\n|-activate|p2a: Tapu Bulu|move: Protect\n|\n|-heal|p2a: Tapu Bulu|71\/100|[from] Grassy Terrain\n|-heal|p2a: Tapu Bulu|77\/100|[from] item: Leftovers\n|upkeep\n|turn|13\n|\n|t:|1667011385\n|move|p1a: Tornadus|Hurricane|p2a: Tapu Bulu\n|-supereffective|p2a: Tapu Bulu\n|-damage|p2a: Tapu Bulu|14\/100\n|-start|p2a: Tapu Bulu|confusion\n|-activate|p2a: Tapu Bulu|confusion\n|move|p2a: Tapu Bulu|Horn Leech|p1a: Tornadus\n|-resisted|p1a: Tornadus\n|-damage|p1a: Tornadus|2\/100\n|-heal|p2a: Tapu Bulu|38\/100|[from] drain|[of] p1a: Tornadus\n|-damage|p2a: Tapu Bulu|22\/100|[from] item: Rocky Helmet|[of] p1a: Tornadus\n|\n|-heal|p2a: Tapu Bulu|28\/100|[from] Grassy Terrain\n|-heal|p2a: Tapu Bulu|34\/100|[from] item: Leftovers\n|upkeep\n|turn|14\n|\n|t:|1667011395\n|switch|p2a: Landorus|Landorus-Therian, M|100\/100\n|-ability|p2a: Landorus|Intimidate|boost\n|-unboost|p1a: Tornadus|atk|1\n|move|p1a: Tornadus|U-turn|p2a: Landorus\n|-resisted|p2a: Landorus\n|-damage|p2a: Landorus|95\/100\n|\n|t:|1667011399\n|switch|p1a: Toxapex|Toxapex, F|100\/100|[from]move: U-turn\n|-sideend|p1: Lucians Call|move: Toxic Spikes|[of] p1a: Toxapex\n|\n|-fieldend|move: Grassy Terrain\n|upkeep\n|turn|15\n|\n|t:|1667011403\n|switch|p1a: Tornadus|Tornadus-Therian, M|35\/100\n|move|p2a: Landorus|Earthquake|p1a: Tornadus\n|-immune|p1a: Tornadus\n|\n|upkeep\n|turn|16\n|\n|t:|1667011407\n|switch|p2a: Zapdos|Zapdos|96\/100\n|move|p1a: Tornadus|U-turn|p2a: Zapdos\n|-resisted|p2a: Zapdos\n|-damage|p2a: Zapdos|90\/100\n|\n|t:|1667011409\n|switch|p1a: Beheeyem|Beheeyem, F|100\/100|[from]move: U-turn\n|\n|-heal|p2a: Zapdos|96\/100|[from] item: Leftovers\n|upkeep\n|turn|17\n|\n|t:|1667011412\n|move|p2a: Zapdos|Discharge|p1a: Beheeyem\n|-damage|p1a: Beheeyem|70\/100\n|-status|p1a: Beheeyem|par\n|move|p1a: Beheeyem|Psyshock|p2a: Zapdos\n|-damage|p2a: Zapdos|15\/100\n|\n|-heal|p2a: Zapdos|21\/100|[from] item: Leftovers\n|upkeep\n|turn|18\n|\n|t:|1667011418\n|move|p2a: Zapdos|Roost|p2a: Zapdos\n|-heal|p2a: Zapdos|71\/100\n|-singleturn|p2a: Zapdos|move: Roost\n|move|p1a: Beheeyem|Psyshock|p2a: Zapdos\n|-damage|p2a: Zapdos|0 fnt\n|faint|p2a: Zapdos\n|\n|upkeep\n|\n|t:|1667011421\n|switch|p2a: Medicham|Medicham, F|100\/100\n|turn|19\n|\n|t:|1667011426\n|switch|p1a: Tornadus|Tornadus-Therian, M|68\/100\n|detailschange|p2a: Medicham|Medicham-Mega, F\n|-mega|p2a: Medicham|Medicham|Medichamite\n|move|p2a: Medicham|Fake Out|p1a: Tornadus\n|-damage|p1a: Tornadus|43\/100\n|-damage|p2a: Medicham|84\/100|[from] item: Rocky Helmet|[of] p1a: Tornadus\n|\n|upkeep\n|turn|20\n|\n|t:|1667011429\n|move|p1a: Tornadus|Hurricane|p2a: Medicham\n|-supereffective|p2a: Medicham\n|-damage|p2a: Medicham|0 fnt\n|faint|p2a: Medicham\n|\n|upkeep\n|-message|BLOODCLAT forfeited.\n|\n|win|Lucians Call\n|l|\u203dBLOODCLAT\n|c|\u2606Lucians Call|this is crazy\n|c|\u2606Lucians Call|forfeit\n","uploadtime":1667011442,"views":50,"p1id":"lucianscall","p2id":"bloodclat","formatid":"gen7ou","rating":0,"private":0,"password":null}