{"id":"gen7anythinggoes-1657562243","p1":"Elifrip","p2":"Rediyu","format":"gen7anythinggoes","log":"|j|\u2606Elifrip\n|j|\u2606Rediyu\n|t:|1662477692\n|gametype|singles\n|player|p1|Elifrip|elesa-masters|\n|player|p2|Rediyu|guitarist|\n|teamsize|p1|6\n|teamsize|p2|6\n|gen|7\n|tier|[Gen 7] Anything Goes\n|rule|HP Percentage Mod: HP is shown in percentages\n|rule|Endless Battle Clause: Forcing endless battles is banned\n|clearpoke\n|poke|p1|Espeon, F|item\n|poke|p1|Bronzong|item\n|poke|p1|Garchomp, M|item\n|poke|p1|Florges, F|item\n|poke|p1|Weavile, M|item\n|poke|p1|Volbeat, M|item\n|poke|p2|Togetic, M|item\n|poke|p2|Tapu Koko|item\n|poke|p2|Dragonite, M|item\n|poke|p2|Rhyperior, M|item\n|poke|p2|Qwilfish, M|\n|poke|p2|Gardevoir, F|item\n|teampreview\n|c|\u2606Rediyu|gl hf\n|c|\u2606Elifrip|Glhf :)\n|\n|t:|1662477758\n|start\n|switch|p1a: Bronzong|Bronzong|100\/100\n|switch|p2a: Tapu Koko|Tapu Koko|100\/100\n|-fieldstart|move: Electric Terrain|[from] ability: Electric Surge|[of] p2a: Tapu Koko\n|turn|1\n|\n|t:|1662477779\n|move|p2a: Tapu Koko|Nature's Madness|p1a: Bronzong\n|-damage|p1a: Bronzong|51\/100\n|move|p1a: Bronzong|Stealth Rock|p2a: Tapu Koko\n|-sidestart|p2: Rediyu|move: Stealth Rock\n|\n|-heal|p1a: Bronzong|57\/100|[from] item: Leftovers\n|upkeep\n|turn|2\n|\n|t:|1662477821\n|switch|p1a: Garchomp|Garchomp, M|100\/100\n|move|p2a: Tapu Koko|Thunderbolt|p1a: Garchomp\n|-immune|p1a: Garchomp\n|\n|upkeep\n|turn|3\n|\n|t:|1662477843\n|move|p1a: Garchomp|Stone Edge|p2a: Tapu Koko|[miss]\n|-miss|p1a: Garchomp|p2a: Tapu Koko\n|move|p2a: Tapu Koko|Dazzling Gleam|p1a: Garchomp\n|-supereffective|p1a: Garchomp\n|-damage|p1a: Garchomp|22\/100\n|\n|upkeep\n|turn|4\n|\n|t:|1662477864\n|switch|p1a: Bronzong|Bronzong|57\/100\n|move|p2a: Tapu Koko|Dazzling Gleam|p1a: Bronzong\n|-resisted|p1a: Bronzong\n|-damage|p1a: Bronzong|46\/100\n|\n|-heal|p1a: Bronzong|52\/100|[from] item: Leftovers\n|upkeep\n|turn|5\n|\n|t:|1662477867\n|move|p2a: Tapu Koko|Thunderbolt|p1a: Bronzong\n|-damage|p1a: Bronzong|17\/100\n|move|p1a: Bronzong|Earthquake|p2a: Tapu Koko\n|-supereffective|p2a: Tapu Koko\n|-enditem|p2a: Tapu Koko|Shuca Berry|[eat]\n|-enditem|p2a: Tapu Koko|Shuca Berry|[weaken]\n|-damage|p2a: Tapu Koko|73\/100\n|\n|-heal|p1a: Bronzong|23\/100|[from] item: Leftovers\n|-fieldend|move: Electric Terrain\n|upkeep\n|turn|6\n|\n|t:|1662477879\n|move|p2a: Tapu Koko|Thunderbolt|p1a: Bronzong\n|-damage|p1a: Bronzong|0 fnt\n|faint|p1a: Bronzong\n|\n|upkeep\n|\n|t:|1662477888\n|switch|p1a: Garchomp|Garchomp, M|22\/100\n|turn|7\n|\n|t:|1662477900\n|switch|p2a: Togetic|Togetic, M|100\/100\n|-damage|p2a: Togetic|76\/100|[from] Stealth Rock\n|move|p1a: Garchomp|Earthquake|p2a: Togetic\n|-immune|p2a: Togetic\n|\n|upkeep\n|turn|8\n|\n|t:|1662477921\n|switch|p1a: Espeon|Espeon, F|100\/100\n|move|p2a: Togetic|Wish|p2a: Togetic\n|\n|upkeep\n|turn|9\n|\n|t:|1662477927\n|move|p1a: Espeon|Calm Mind|p1a: Espeon\n|-boost|p1a: Espeon|spa|1\n|-boost|p1a: Espeon|spd|1\n|move|p2a: Togetic|Seismic Toss|p1a: Espeon\n|-damage|p1a: Espeon|64\/100\n|\n|-heal|p2a: Togetic|100\/100|[from] move: Wish|[wisher] Togetic\n|upkeep\n|turn|10\n|\n|t:|1662477965\n|move|p1a: Espeon|Psyshock|p2a: Togetic\n|-damage|p2a: Togetic|63\/100\n|-heal|p1a: Espeon|69\/100|[from] item: Shell Bell|[of] p2a: Togetic\n|move|p2a: Togetic|Seismic Toss|p1a: Espeon\n|-damage|p1a: Espeon|32\/100\n|\n|upkeep\n|turn|11\n|\n|t:|1662478004\n|move|p1a: Espeon|Psyshock|p2a: Togetic\n|-damage|p2a: Togetic|24\/100\n|-heal|p1a: Espeon|37\/100|[from] item: Shell Bell|[of] p2a: Togetic\n|move|p2a: Togetic|Seismic Toss|p1a: Espeon\n|-damage|p1a: Espeon|0 fnt\n|faint|p1a: Espeon\n|\n|upkeep\n|\n|t:|1662478037\n|switch|p1a: Florges|Florges, F|100\/100\n|turn|12\n|\n|t:|1662478045\n|move|p1a: Florges|Moonblast|p2a: Togetic\n|-damage|p2a: Togetic|0 fnt\n|faint|p2a: Togetic\n|\n|upkeep\n|\n|t:|1662478090\n|switch|p2a: Gardevoir|Gardevoir, F|100\/100\n|-damage|p2a: Gardevoir|88\/100|[from] Stealth Rock\n|-ability|p2a: Gardevoir|Flower Veil|[from] ability: Trace|[of] p1a: Florges\n|turn|13\n|\n|t:|1662478130\n|detailschange|p2a: Gardevoir|Gardevoir-Mega, F\n|-mega|p2a: Gardevoir|Gardevoir|Gardevoirite\n|move|p2a: Gardevoir|Calm Mind|p2a: Gardevoir\n|-boost|p2a: Gardevoir|spa|1\n|-boost|p2a: Gardevoir|spd|1\n|move|p1a: Florges|Moonblast|p2a: Gardevoir\n|-damage|p2a: Gardevoir|67\/100\n|-unboost|p2a: Gardevoir|spa|1\n|\n|upkeep\n|turn|14\n|\n|t:|1662478165\n|switch|p1a: Volbeat|Volbeat, M|100\/100\n|move|p2a: Gardevoir|Calm Mind|p2a: Gardevoir\n|-boost|p2a: Gardevoir|spa|1\n|-boost|p2a: Gardevoir|spd|1\n|\n|upkeep\n|turn|15\n|\n|t:|1662478194\n|switch|p2a: Rhyperior|Rhyperior, M|100\/100\n|-damage|p2a: Rhyperior|94\/100|[from] Stealth Rock\n|move|p1a: Volbeat|Thunder Wave|p2a: Rhyperior\n|-ability|p2a: Rhyperior|Lightning Rod|boost\n|-boost|p2a: Rhyperior|spa|1\n|\n|upkeep\n|turn|16\n|\n|t:|1662478207\n|move|p1a: Volbeat|U-turn|p2a: Rhyperior\n|-damage|p2a: Rhyperior|82\/100\n|\n|t:|1662478211\n|switch|p1a: Florges|Florges, F|100\/100|[from]move: U-turn\n|move|p2a: Rhyperior|Stealth Rock|p1a: Florges\n|-sidestart|p1: Elifrip|move: Stealth Rock\n|\n|upkeep\n|turn|17\n|\n|t:|1662478231\n|move|p1a: Florges|Moonblast|p2a: Rhyperior\n|-damage|p2a: Rhyperior|39\/100\n|move|p2a: Rhyperior|Earthquake|p1a: Florges\n|-crit|p1a: Florges\n|-damage|p1a: Florges|0 fnt\n|faint|p1a: Florges\n|\n|upkeep\n|c|\u2606Elifrip|Uff\n|c|\u2606Rediyu|f\n|c|\u2606Elifrip|Hast es versucht Florges xD\n|c|\u2606Rediyu|rhyperior to strong\n|\n|t:|1662478320\n|switch|p1a: Weavile|Weavile, M|100\/100\n|-damage|p1a: Weavile|76\/100|[from] Stealth Rock\n|-ability|p1a: Weavile|Pressure\n|turn|18\n|\n|t:|1662478333\n|switch|p2a: Qwilfish|Qwilfish, M|100\/100\n|-damage|p2a: Qwilfish|88\/100|[from] Stealth Rock\n|-ability|p2a: Qwilfish|Intimidate|boost\n|-unboost|p1a: Weavile|atk|1\n|move|p1a: Weavile|Swords Dance|p1a: Weavile\n|-boost|p1a: Weavile|atk|2\n|\n|upkeep\n|turn|19\n|\n|t:|1662478351\n|move|p1a: Weavile|Knock Off|p2a: Qwilfish\n|-damage|p2a: Qwilfish|40\/100\n|-damage|p1a: Weavile|66\/100|[from] item: Life Orb\n|move|p2a: Qwilfish|Poison Jab|p1a: Weavile\n|-damage|p1a: Weavile|27\/100\n|\n|upkeep\n|turn|20\n|c|\u2606Elifrip|Nice prep\n|c|\u2606Rediyu|tyty\n|c|\u2606Rediyu|schon das zweite quilfish ohne item haha\n|\n|t:|1662478380\n|move|p1a: Weavile|Knock Off|p2a: Qwilfish\n|-damage|p2a: Qwilfish|0 fnt\n|faint|p2a: Qwilfish\n|-damage|p1a: Weavile|17\/100|[from] item: Life Orb\n|\n|upkeep\n|\n|t:|1662478382\n|switch|p2a: Dragonite|Dragonite, M|100\/100\n|-damage|p2a: Dragonite|76\/100|[from] Stealth Rock\n|turn|21\n|\n|t:|1662478387\n|move|p2a: Dragonite|Extreme Speed|p1a: Weavile\n|-damage|p1a: Weavile|0 fnt\n|faint|p1a: Weavile\n|\n|upkeep\n|\n|t:|1662478396\n|switch|p1a: Volbeat|Volbeat, M|100\/100\n|-damage|p1a: Volbeat|76\/100|[from] Stealth Rock\n|turn|22\n|\n|t:|1662478422\n|switch|p2a: Rhyperior|Rhyperior, M|39\/100\n|-damage|p2a: Rhyperior|32\/100|[from] Stealth Rock\n|move|p1a: Volbeat|Defog|p2a: Rhyperior\n|-unboost|p2a: Rhyperior|evasion|1\n|-sideend|p2: Rediyu|Stealth Rock|[from] move: Defog|[of] p1a: Volbeat\n|-sideend|p1: Elifrip|Stealth Rock|[from] move: Defog|[of] p1a: Volbeat\n|\n|upkeep\n|turn|23\n|\n|t:|1662478438\n|move|p1a: Volbeat|U-turn|p2a: Rhyperior\n|-damage|p2a: Rhyperior|21\/100\n|\n|t:|1662478440\n|switch|p1a: Garchomp|Garchomp, M|22\/100|[from]move: U-turn\n|move|p2a: Rhyperior|Earthquake|p1a: Garchomp\n|-damage|p1a: Garchomp|0 fnt\n|faint|p1a: Garchomp\n|\n|upkeep\n|\n|t:|1662478442\n|switch|p1a: Volbeat|Volbeat, M|76\/100\n|turn|24\n|\n|t:|1662478444\n|move|p1a: Volbeat|U-turn|p2a: Rhyperior\n|-damage|p2a: Rhyperior|9\/100\n|move|p2a: Rhyperior|Rock Blast|p1a: Volbeat|[miss]\n|-miss|p2a: Rhyperior|p1a: Volbeat\n|\n|upkeep\n|turn|25\n|\n|t:|1662478450\n|switch|p2a: Dragonite|Dragonite, M|76\/100\n|move|p1a: Volbeat|U-turn|p2a: Dragonite\n|-resisted|p2a: Dragonite\n|-damage|p2a: Dragonite|67\/100\n|\n|upkeep\n|turn|26\n|\n|t:|1662478452\n|move|p1a: Volbeat|Thunder Wave|p2a: Dragonite\n|-status|p2a: Dragonite|par\n|move|p2a: Dragonite|Fire Punch|p1a: Volbeat\n|-supereffective|p1a: Volbeat\n|-damage|p1a: Volbeat|0 fnt\n|faint|p1a: Volbeat\n|\n|win|Rediyu\n|c|\u2606Rediyu|gg\n|c|\u2606Elifrip|Gg\n|c|\u2606Elifrip|Musste bei diesem crit so lachen xD\n|c|\u2606Rediyu|was warn das f\u00fcrn florges?\n|c|\u2606Rediyu|ja same ich auch xD\n|c|\u2606Elifrip|Physdef\n|c|\u2606Rediyu|F\n|c|\u2606Rediyu|das war lustigerweise auch ne krasse high role f\u00fcr mich xD\n|c|\u2606Rediyu|waren 18% mit crit zu killen\n|c|\u2606Elifrip|Tja schade florges\n","uploadtime":1662478516,"views":4,"p1id":"elifrip","p2id":"rediyu","formatid":"gen7anythinggoes","rating":0,"private":0,"password":null}