{"id":"gen7ou-717570883","p1":"Toxabelle","p2":"kunublaise","format":"gen7ou","log":"|j|\u2606Toxabelle\n|j|\u2606kunublaise\n|inactive|Battle timer is ON: inactive players will automatically lose when time's up.\n|player|p1|Toxabelle|1\n|player|p2|kunublaise|129\n|teamsize|p1|6\n|teamsize|p2|6\n|gametype|singles\n|gen|7\n|tier|[Gen 7] OU\n|rated|Tournament battle\n|rule|Sleep Clause Mod: Limit one foe put to sleep\n|rule|Species Clause: Limit one of each Pok\u00e9mon\n|rule|OHKO Clause: OHKO moves are banned\n|rule|Moody Clause: Moody is banned\n|rule|Evasion Moves Clause: Evasion moves are banned\n|rule|Endless Battle Clause: Forcing endless battles is banned\n|rule|HP Percentage Mod: HP is shown in percentages\n|clearpoke\n|poke|p1|Mew|item\n|poke|p1|Kartana|item\n|poke|p1|Chansey, F|item\n|poke|p1|Zapdos|item\n|poke|p1|Clefable, M|item\n|poke|p1|Nidoqueen, F|item\n|poke|p2|Latias, F|item\n|poke|p2|Blissey, F|item\n|poke|p2|Skarmory, M|item\n|poke|p2|Clefable, F|item\n|poke|p2|Quagsire, M|item\n|poke|p2|Scolipede, F|item\n|teampreview\n|j| Vessev\n|\n|start\n|switch|p1a: Mew|Mew|100\/100\n|switch|p2a: Blissey|Blissey, F, shiny|100\/100\n|turn|1\n|\n|move|p1a: Mew|Knock Off|p2a: Blissey\n|-damage|p2a: Blissey|55\/100\n|-enditem|p2a: Blissey|Leftovers|[from] move: Knock Off|[of] p1a: Mew\n|move|p2a: Blissey|Stealth Rock|p1a: Mew\n|-sidestart|p1: Toxabelle|move: Stealth Rock\n|\n|upkeep\n|turn|2\n|\n|move|p1a: Mew|Defog|p2a: Blissey\n|-unboost|p2a: Blissey|evasion|1\n|-sideend|p1: Toxabelle|Stealth Rock|[from] move: Defog|[of] p1a: Mew\n|move|p2a: Blissey|Soft-Boiled|p2a: Blissey\n|-heal|p2a: Blissey|100\/100\n|\n|upkeep\n|turn|3\n|\n|switch|p1a: Kartana|Kartana|100\/100\n|switch|p2a: Quagsire|Quagsire, M, shiny|100\/100\n|\n|upkeep\n|turn|4\n|\n|switch|p2a: Skarmory|Skarmory, M|100\/100\n|move|p1a: Kartana|Leaf Blade|p2a: Skarmory\n|-resisted|p2a: Skarmory\n|-damage|p2a: Skarmory|91\/100\n|\n|-heal|p2a: Skarmory|97\/100|[from] item: Leftovers\n|upkeep\n|turn|5\n|\n|move|p1a: Kartana|Swords Dance|p1a: Kartana\n|-boost|p1a: Kartana|atk|2\n|move|p2a: Skarmory|Brave Bird|p1a: Kartana\n|-damage|p1a: Kartana|63\/100\n|-damage|p2a: Skarmory|88\/100|[from] Recoil\n|\n|-heal|p2a: Skarmory|94\/100|[from] item: Leftovers\n|upkeep\n|turn|6\n|\n|move|p1a: Kartana|Sacred Sword|p2a: Skarmory\n|-damage|p2a: Skarmory|45\/100\n|move|p2a: Skarmory|Whirlwind|p1a: Kartana\n|drag|p1a: Zapdos|Zapdos|100\/100\n|-ability|p1a: Zapdos|Pressure\n|\n|-heal|p2a: Skarmory|51\/100|[from] item: Leftovers\n|upkeep\n|turn|7\n|\n|switch|p1a: Kartana|Kartana|63\/100\n|switch|p2a: Clefable|Clefable, F, shiny|100\/100\n|\n|upkeep\n|turn|8\n|\n|switch|p2a: Skarmory|Skarmory, M|51\/100\n|move|p1a: Kartana|Leaf Blade|p2a: Skarmory\n|-resisted|p2a: Skarmory\n|-crit|p2a: Skarmory\n|-damage|p2a: Skarmory|37\/100\n|\n|-heal|p2a: Skarmory|43\/100|[from] item: Leftovers\n|upkeep\n|turn|9\n|\n|move|p1a: Kartana|Swords Dance|p1a: Kartana\n|-boost|p1a: Kartana|atk|2\n|move|p2a: Skarmory|Roost|p2a: Skarmory\n|-heal|p2a: Skarmory|93\/100\n|\n|-heal|p2a: Skarmory|99\/100|[from] item: Leftovers\n|upkeep\n|turn|10\n|\n|move|p1a: Kartana|Sacred Sword|p2a: Skarmory\n|-damage|p2a: Skarmory|52\/100\n|move|p2a: Skarmory|Brave Bird|p1a: Kartana\n|-damage|p1a: Kartana|26\/100\n|-damage|p2a: Skarmory|43\/100|[from] Recoil\n|\n|-heal|p2a: Skarmory|49\/100|[from] item: Leftovers\n|upkeep\n|turn|11\n|inactive|kunublaise has 135 seconds left.\n|\n|move|p1a: Kartana|Sacred Sword|p2a: Skarmory\n|-damage|p2a: Skarmory|6\/100\n|move|p2a: Skarmory|Whirlwind|p1a: Kartana\n|drag|p1a: Clefable|Clefable, M|100\/100\n|\n|-heal|p2a: Skarmory|12\/100|[from] item: Leftovers\n|upkeep\n|turn|12\n|\n|switch|p2a: Scolipede|Scolipede, F|100\/100\n|switch|p1a: Zapdos|Zapdos|100\/100\n|-ability|p1a: Zapdos|Pressure\n|\n|upkeep\n|turn|13\n|\n|switch|p2a: Clefable|Clefable, F, shiny|100\/100\n|move|p1a: Zapdos|Heat Wave|p2a: Clefable\n|-crit|p2a: Clefable\n|-damage|p2a: Clefable|78\/100\n|\n|-heal|p2a: Clefable|84\/100|[from] item: Leftovers\n|upkeep\n|turn|14\n|\n|switch|p1a: Nidoqueen|Nidoqueen, F|100\/100\n|move|p2a: Clefable|Toxic|p1a: Nidoqueen\n|-immune|p1a: Nidoqueen|[msg]\n|\n|-heal|p2a: Clefable|90\/100|[from] item: Leftovers\n|upkeep\n|turn|15\n|\n|move|p2a: Clefable|Protect|p2a: Clefable\n|-singleturn|p2a: Clefable|Protect\n|move|p1a: Nidoqueen|Stealth Rock|p2a: Clefable\n|-sidestart|p2: kunublaise|move: Stealth Rock\n|\n|-heal|p2a: Clefable|96\/100|[from] item: Leftovers\n|upkeep\n|turn|16\n|\n|move|p1a: Nidoqueen|Toxic|p2a: Clefable\n|-status|p2a: Clefable|tox\n|move|p2a: Clefable|Wish|p2a: Clefable\n|\n|-heal|p2a: Clefable|100\/100 tox|[from] item: Leftovers\n|-damage|p2a: Clefable|94\/100 tox|[from] psn\n|upkeep\n|turn|17\n|\n|move|p1a: Nidoqueen|Ice Beam|p2a: Clefable\n|-damage|p2a: Clefable|80\/100 tox\n|move|p2a: Clefable|Moonblast|p1a: Nidoqueen\n|-resisted|p1a: Nidoqueen\n|-damage|p1a: Nidoqueen|89\/100\n|\n|-heal|p2a: Clefable|100\/100 tox|[from] move: Wish|[wisher] Clefable\n|-heal|p1a: Nidoqueen|95\/100|[from] item: Black Sludge\n|-damage|p2a: Clefable|88\/100 tox|[from] psn\n|upkeep\n|turn|18\n|\n|switch|p2a: Blissey|Blissey, F, shiny|100\/100\n|-damage|p2a: Blissey|88\/100|[from] Stealth Rock\n|move|p1a: Nidoqueen|Earth Power|p2a: Blissey\n|-damage|p2a: Blissey|80\/100\n|\n|-heal|p1a: Nidoqueen|100\/100|[from] item: Black Sludge\n|upkeep\n|turn|19\n|\n|switch|p1a: Kartana|Kartana|26\/100\n|move|p2a: Blissey|Aromatherapy|p2a: Blissey\n|-activate|p2a: Blissey|move: Aromatherapy\n|-curestatus|p2: Clefable|tox|[msg]\n|\n|upkeep\n|turn|20\n|inactive|kunublaise has 135 seconds left.\n|\n|switch|p2a: Quagsire|Quagsire, M, shiny|100\/100\n|-damage|p2a: Quagsire|94\/100|[from] Stealth Rock\n|move|p1a: Kartana|Leaf Blade|p2a: Quagsire\n|-supereffective|p2a: Quagsire\n|-damage|p2a: Quagsire|0 fnt\n|faint|p2a: Quagsire\n|-ability|p1a: Kartana|Beast Boost|boost\n|-boost|p1a: Kartana|atk|1\n|\n|upkeep\n|\n|switch|p2a: Scolipede|Scolipede, F|100\/100\n|-damage|p2a: Scolipede|76\/100|[from] Stealth Rock\n|turn|21\n|\n|switch|p1a: Zapdos|Zapdos|100\/100\n|-ability|p1a: Zapdos|Pressure\n|move|p2a: Scolipede|Protect|p2a: Scolipede\n|-fail|p2a: Scolipede\n|\n|-ability|p2a: Scolipede|Speed Boost|boost\n|-boost|p2a: Scolipede|spe|1\n|upkeep\n|turn|22\n|\n|move|p2a: Scolipede|Swords Dance|p2a: Scolipede\n|-boost|p2a: Scolipede|atk|2\n|move|p1a: Zapdos|Heat Wave|p2a: Scolipede\n|-supereffective|p2a: Scolipede\n|-damage|p2a: Scolipede|0 fnt\n|faint|p2a: Scolipede\n|\n|upkeep\n|\n|switch|p2a: Latias|Latias, F|100\/100\n|-damage|p2a: Latias|88\/100|[from] Stealth Rock\n|turn|23\n|\n|switch|p1a: Chansey|Chansey, F|100\/100\n|-mega|p2a: Latias|Latias|Latiasite\n|detailschange|p2a: Latias|Latias-Mega, F\n|move|p2a: Latias|Substitute|p2a: Latias\n|-start|p2a: Latias|Substitute\n|-damage|p2a: Latias|63\/100\n|\n|upkeep\n|turn|24\n|\n|move|p2a: Latias|Calm Mind|p2a: Latias\n|-boost|p2a: Latias|spa|1\n|-boost|p2a: Latias|spd|1\n|move|p1a: Chansey|Seismic Toss|p2a: Latias\n|-end|p2a: Latias|Substitute\n|\n|upkeep\n|turn|25\n|\n|move|p2a: Latias|Recover|p2a: Latias\n|-heal|p2a: Latias|100\/100\n|move|p1a: Chansey|Seismic Toss|p2a: Latias\n|-damage|p2a: Latias|71\/100\n|\n|upkeep\n|turn|26\n|\n|move|p2a: Latias|Calm Mind|p2a: Latias\n|-boost|p2a: Latias|spa|1\n|-boost|p2a: Latias|spd|1\n|move|p1a: Chansey|Seismic Toss|p2a: Latias\n|-damage|p2a: Latias|42\/100\n|\n|upkeep\n|turn|27\n|\n|move|p2a: Latias|Recover|p2a: Latias\n|-heal|p2a: Latias|92\/100\n|move|p1a: Chansey|Toxic|p2a: Latias\n|-status|p2a: Latias|tox\n|\n|-damage|p2a: Latias|86\/100 tox|[from] psn\n|upkeep\n|turn|28\n|c| Vessev|owned\n|\n|move|p2a: Latias|Calm Mind|p2a: Latias\n|-boost|p2a: Latias|spa|1\n|-boost|p2a: Latias|spd|1\n|move|p1a: Chansey|Seismic Toss|p2a: Latias\n|-damage|p2a: Latias|57\/100 tox\n|\n|-damage|p2a: Latias|44\/100 tox|[from] psn\n|upkeep\n|turn|29\n|j| Jean-Socio\n|-message|kunublaise forfeited.\n|\n|win|Toxabelle\n|l|\u2606kunublaise\n|l|\u2606Toxabelle\n|c| Vessev|gg\n","inputlog":null,"uploadtime":1520975223,"views":18,"p1id":"toxabelle","p2id":"kunublaise","formatid":"gen7ou","rating":0,"private":0,"password":null}