{"id":"gen7ou-1114136506","p1":"TestingTesting1","p2":"joacogorbea","format":"gen7ou","log":"|j|\u2606TestingTesting1\n|j|\u2606joacogorbea\n|player|p1|TestingTesting1|1|1562\n|player|p2|joacogorbea|cheren-gen5bw2|1456\n|teamsize|p1|6\n|teamsize|p2|6\n|gametype|singles\n|gen|7\n|tier|[Gen 7] OU\n|rated|\n|clearpoke\n|poke|p1|Garchomp, M|item\n|poke|p1|Tyranitar, F|item\n|poke|p1|Excadrill, M|item\n|poke|p1|Rotom-Wash|item\n|poke|p1|Ferrothorn, M|item\n|poke|p1|Blacephalon|item\n|poke|p2|Buzzwole|item\n|poke|p2|Tapu Bulu|item\n|poke|p2|Zapdos|item\n|poke|p2|Kyurem-Black|item\n|poke|p2|Greninja, M|item\n|poke|p2|Incineroar, F|item\n|rule|Sleep Clause Mod: Limit one foe put to sleep\n|rule|Species Clause: Limit one of each Pok\u00e9mon\n|rule|OHKO Clause: OHKO moves are banned\n|rule|Moody Clause: Moody is banned\n|rule|Evasion Moves Clause: Evasion moves are banned\n|rule|Endless Battle Clause: Forcing endless battles is banned\n|rule|HP Percentage Mod: HP is shown in percentages\n|teampreview\n|inactive|Battle timer is ON: inactive players will automatically lose when time's up. (requested by joacogorbea)\n|\n|start\n|switch|p1a: Tyranitar|Tyranitar, F|100\/100\n|switch|p2a: Incineroar|Incineroar, F|100\/100\n|-weather|Sandstorm|[from] ability: Sand Stream|[of] p1a: Tyranitar\n|-ability|p2a: Incineroar|Intimidate|boost\n|-unboost|p1a: Tyranitar|atk|1\n|turn|1\n|\n|switch|p1a: Rotom|Rotom-Wash|100\/100\n|move|p2a: Incineroar|U-turn|p1a: Rotom\n|-damage|p1a: Rotom|76\/100\n|\n|switch|p2a: Tapu Bulu|Tapu Bulu|100\/100|[from]move: U-turn\n|-fieldstart|move: Grassy Terrain|[from] ability: Grassy Surge|[of] p2a: Tapu Bulu\n|\n|-weather|Sandstorm|[upkeep]\n|-damage|p1a: Rotom|70\/100|[from] Sandstorm\n|-damage|p2a: Tapu Bulu|94\/100|[from] Sandstorm\n|-heal|p2a: Tapu Bulu|100\/100|[from] Grassy Terrain\n|upkeep\n|turn|2\n|\n|move|p1a: Rotom|Will-O-Wisp|p2a: Tapu Bulu\n|-status|p2a: Tapu Bulu|brn\n|move|p2a: Tapu Bulu|Superpower|p1a: Rotom\n|-damage|p1a: Rotom|49\/100\n|-unboost|p2a: Tapu Bulu|atk|1\n|-unboost|p2a: Tapu Bulu|def|1\n|\n|-weather|Sandstorm|[upkeep]\n|-damage|p1a: Rotom|43\/100|[from] Sandstorm\n|-damage|p2a: Tapu Bulu|94\/100 brn|[from] Sandstorm\n|-heal|p2a: Tapu Bulu|100\/100 brn|[from] Grassy Terrain\n|-damage|p2a: Tapu Bulu|94\/100 brn|[from] brn\n|upkeep\n|turn|3\n|\n|switch|p2a: Incineroar|Incineroar, F|100\/100\n|-ability|p2a: Incineroar|Intimidate|boost\n|-unboost|p1a: Rotom|atk|1\n|move|p1a: Rotom|Volt Switch|p2a: Incineroar\n|-damage|p2a: Incineroar|84\/100\n|\n|switch|p1a: Garchomp|Garchomp, M|100\/100|[from]move: Volt Switch\n|\n|-weather|Sandstorm|[upkeep]\n|-damage|p2a: Incineroar|78\/100|[from] Sandstorm\n|-heal|p2a: Incineroar|84\/100|[from] Grassy Terrain\n|upkeep\n|turn|4\n|\n|detailschange|p1a: Garchomp|Garchomp-Mega, M\n|-mega|p1a: Garchomp|Garchomp|Garchompite\n|move|p1a: Garchomp|Substitute|p1a: Garchomp\n|-start|p1a: Garchomp|Substitute\n|-damage|p1a: Garchomp|76\/100\n|move|p2a: Incineroar|U-turn|p1a: Garchomp\n|-activate|p1a: Garchomp|move: Substitute|[damage]\n|\n|switch|p2a: Tapu Bulu|Tapu Bulu|94\/100 brn|[from]move: U-turn\n|\n|-weather|Sandstorm|[upkeep]\n|-damage|p2a: Tapu Bulu|88\/100 brn|[from] Sandstorm\n|-heal|p1a: Garchomp|82\/100|[from] Grassy Terrain\n|-heal|p2a: Tapu Bulu|94\/100 brn|[from] Grassy Terrain\n|-damage|p2a: Tapu Bulu|88\/100 brn|[from] brn\n|upkeep\n|turn|5\n|\n|move|p1a: Garchomp|Stone Edge|p2a: Tapu Bulu\n|-damage|p2a: Tapu Bulu|40\/100 brn\n|move|p2a: Tapu Bulu|Horn Leech|p1a: Garchomp\n|-end|p1a: Garchomp|Substitute\n|-heal|p2a: Tapu Bulu|43\/100 brn|[from] drain|[of] p1a: Garchomp\n|\n|-weather|none\n|-heal|p1a: Garchomp|88\/100|[from] Grassy Terrain\n|-heal|p2a: Tapu Bulu|49\/100 brn|[from] Grassy Terrain\n|-fieldend|move: Grassy Terrain\n|-damage|p2a: Tapu Bulu|43\/100 brn|[from] brn\n|upkeep\n|turn|6\n|\n|switch|p2a: Buzzwole|Buzzwole|100\/100\n|move|p1a: Garchomp|Stone Edge|p2a: Buzzwole\n|-damage|p2a: Buzzwole|73\/100\n|\n|-heal|p2a: Buzzwole|79\/100|[from] item: Leftovers\n|upkeep\n|turn|7\n|\n|switch|p1a: Rotom|Rotom-Wash|43\/100\n|move|p2a: Buzzwole|Substitute|p2a: Buzzwole\n|-start|p2a: Buzzwole|Substitute\n|-damage|p2a: Buzzwole|54\/100\n|\n|-heal|p2a: Buzzwole|60\/100|[from] item: Leftovers\n|upkeep\n|turn|8\n|\n|-singleturn|p2a: Buzzwole|move: Focus Punch\n|move|p1a: Rotom|Volt Switch|p2a: Buzzwole\n|-end|p2a: Buzzwole|Substitute\n|\n|switch|p1a: Blacephalon|Blacephalon|100\/100|[from]move: Volt Switch\n|move|p2a: Buzzwole|Focus Punch|p1a: Blacephalon\n|-immune|p1a: Blacephalon\n|\n|-heal|p2a: Buzzwole|66\/100|[from] item: Leftovers\n|upkeep\n|turn|9\n|\n|switch|p2a: Incineroar|Incineroar, F|84\/100\n|-ability|p2a: Incineroar|Intimidate|boost\n|-unboost|p1a: Blacephalon|atk|1\n|move|p1a: Blacephalon|Fire Blast|p2a: Incineroar\n|-resisted|p2a: Incineroar\n|-damage|p2a: Incineroar|63\/100\n|\n|upkeep\n|turn|10\n|\n|switch|p1a: Rotom|Rotom-Wash|43\/100\n|move|p2a: Incineroar|Knock Off|p1a: Rotom\n|-damage|p1a: Rotom|0 fnt\n|-enditem|p1a: Rotom|Aguav Berry|[from] move: Knock Off|[of] p2a: Incineroar\n|faint|p1a: Rotom\n|\n|upkeep\n|\n|switch|p1a: Garchomp|Garchomp-Mega, M|88\/100\n|turn|11\n|\n|switch|p2a: Tapu Bulu|Tapu Bulu|43\/100 brn\n|-fieldstart|move: Grassy Terrain|[from] ability: Grassy Surge|[of] p2a: Tapu Bulu\n|move|p1a: Garchomp|Stone Edge|p2a: Tapu Bulu\n|-damage|p2a: Tapu Bulu|7\/100 brn\n|\n|-heal|p1a: Garchomp|94\/100|[from] Grassy Terrain\n|-heal|p2a: Tapu Bulu|14\/100 brn|[from] Grassy Terrain\n|-damage|p2a: Tapu Bulu|7\/100 brn|[from] brn\n|upkeep\n|turn|12\n|\n|move|p1a: Garchomp|Earthquake|p2a: Tapu Bulu\n|-resisted|p2a: Tapu Bulu\n|-damage|p2a: Tapu Bulu|0 fnt\n|faint|p2a: Tapu Bulu\n|\n|-heal|p1a: Garchomp|99\/100|[from] Grassy Terrain\n|upkeep\n|\n|switch|p2a: Buzzwole|Buzzwole|66\/100\n|turn|13\n|\n|move|p1a: Garchomp|Stone Edge|p2a: Buzzwole\n|-damage|p2a: Buzzwole|40\/100\n|move|p2a: Buzzwole|Substitute|p2a: Buzzwole\n|-start|p2a: Buzzwole|Substitute\n|-damage|p2a: Buzzwole|16\/100\n|\n|-heal|p1a: Garchomp|100\/100|[from] Grassy Terrain\n|-heal|p2a: Buzzwole|22\/100|[from] item: Leftovers\n|-heal|p2a: Buzzwole|28\/100|[from] Grassy Terrain\n|upkeep\n|turn|14\n|\n|move|p1a: Garchomp|Stone Edge|p2a: Buzzwole\n|-end|p2a: Buzzwole|Substitute\n|move|p2a: Buzzwole|Ice Punch|p1a: Garchomp\n|-supereffective|p1a: Garchomp\n|-damage|p1a: Garchomp|0 fnt\n|faint|p1a: Garchomp\n|-ability|p2a: Buzzwole|Beast Boost|boost\n|-boost|p2a: Buzzwole|atk|1\n|\n|-heal|p2a: Buzzwole|34\/100|[from] item: Leftovers\n|-heal|p2a: Buzzwole|40\/100|[from] Grassy Terrain\n|upkeep\n|\n|switch|p1a: Blacephalon|Blacephalon|100\/100\n|turn|15\n|\n|switch|p2a: Incineroar|Incineroar, F|63\/100\n|-ability|p2a: Incineroar|Intimidate|boost\n|-unboost|p1a: Blacephalon|atk|1\n|move|p1a: Blacephalon|Shadow Ball|p2a: Incineroar\n|-resisted|p2a: Incineroar\n|-damage|p2a: Incineroar|47\/100\n|\n|-heal|p2a: Incineroar|53\/100|[from] Grassy Terrain\n|-fieldend|move: Grassy Terrain\n|upkeep\n|turn|16\n|\n|switch|p1a: Tyranitar|Tyranitar, F|100\/100\n|-weather|Sandstorm|[from] ability: Sand Stream|[of] p1a: Tyranitar\n|move|p2a: Incineroar|U-turn|p1a: Tyranitar\n|-supereffective|p1a: Tyranitar\n|-damage|p1a: Tyranitar|59\/100\n|\n|switch|p2a: Buzzwole|Buzzwole|40\/100|[from]move: U-turn\n|\n|-weather|Sandstorm|[upkeep]\n|-damage|p2a: Buzzwole|34\/100|[from] Sandstorm\n|-heal|p2a: Buzzwole|40\/100|[from] item: Leftovers\n|upkeep\n|turn|17\n|\n|move|p2a: Buzzwole|Earthquake|p1a: Tyranitar\n|-supereffective|p1a: Tyranitar\n|-damage|p1a: Tyranitar|0 fnt\n|faint|p1a: Tyranitar\n|-ability|p2a: Buzzwole|Beast Boost|boost\n|-boost|p2a: Buzzwole|atk|1\n|\n|-weather|Sandstorm|[upkeep]\n|-damage|p2a: Buzzwole|34\/100|[from] Sandstorm\n|-heal|p2a: Buzzwole|40\/100|[from] item: Leftovers\n|upkeep\n|\n|switch|p1a: Excadrill|Excadrill, M|100\/100\n|turn|18\n|\n|switch|p2a: Incineroar|Incineroar, F|53\/100\n|-ability|p2a: Incineroar|Intimidate|boost\n|-unboost|p1a: Excadrill|atk|1\n|-zpower|p1a: Excadrill\n|move|p1a: Excadrill|Corkscrew Crash|p2a: Incineroar|[zeffect]\n|-resisted|p2a: Incineroar\n|-damage|p2a: Incineroar|27\/100\n|\n|-weather|Sandstorm|[upkeep]\n|-damage|p2a: Incineroar|21\/100|[from] Sandstorm\n|upkeep\n|turn|19\n|\n|move|p2a: Incineroar|Fake Out|p1a: Excadrill\n|-resisted|p1a: Excadrill\n|-damage|p1a: Excadrill|90\/100\n|cant|p1a: Excadrill|flinch\n|\n|-weather|Sandstorm|[upkeep]\n|-damage|p2a: Incineroar|14\/100|[from] Sandstorm\n|upkeep\n|turn|20\n|\n|move|p1a: Excadrill|Earthquake|p2a: Incineroar\n|-supereffective|p2a: Incineroar\n|-damage|p2a: Incineroar|0 fnt\n|faint|p2a: Incineroar\n|\n|-weather|none\n|upkeep\n|\n|switch|p2a: Buzzwole|Buzzwole|40\/100\n|turn|21\n|\n|move|p1a: Excadrill|Iron Head|p2a: Buzzwole\n|-damage|p2a: Buzzwole|24\/100\n|cant|p2a: Buzzwole|flinch\n|\n|-heal|p2a: Buzzwole|31\/100|[from] item: Leftovers\n|upkeep\n|turn|22\n|\n|move|p1a: Excadrill|Iron Head|p2a: Buzzwole\n|-damage|p2a: Buzzwole|12\/100\n|move|p2a: Buzzwole|Earthquake|p1a: Excadrill\n|-supereffective|p1a: Excadrill\n|-damage|p1a: Excadrill|0 fnt\n|faint|p1a: Excadrill\n|-ability|p2a: Buzzwole|Beast Boost|boost\n|-boost|p2a: Buzzwole|atk|1\n|\n|-heal|p2a: Buzzwole|18\/100|[from] item: Leftovers\n|upkeep\n|\n|switch|p1a: Blacephalon|Blacephalon|100\/100\n|turn|23\n|\n|move|p1a: Blacephalon|Shadow Ball|p2a: Buzzwole\n|-damage|p2a: Buzzwole|0 fnt\n|faint|p2a: Buzzwole\n|-ability|p1a: Blacephalon|Beast Boost|boost\n|-boost|p1a: Blacephalon|spa|1\n|\n|upkeep\n|\n|switch|p2a: Greninja|Greninja, M|100\/100\n|turn|24\n|\n|switch|p1a: Ferrothorn|Ferrothorn, M|100\/100\n|move|p2a: Greninja|Dark Pulse|p1a: Ferrothorn\n|-damage|p1a: Ferrothorn|63\/100\n|\n|-heal|p1a: Ferrothorn|69\/100|[from] item: Leftovers\n|upkeep\n|turn|25\n|\n|switch|p2a: Zapdos|Zapdos|100\/100\n|move|p1a: Ferrothorn|Leech Seed|p2a: Zapdos\n|-start|p2a: Zapdos|move: Leech Seed\n|\n|-heal|p1a: Ferrothorn|75\/100|[from] item: Leftovers\n|-damage|p2a: Zapdos|88\/100|[from] Leech Seed|[of] p1a: Ferrothorn\n|-heal|p1a: Ferrothorn|89\/100|[silent]\n|upkeep\n|turn|26\n|\n|switch|p1a: Blacephalon|Blacephalon|100\/100\n|move|p2a: Zapdos|Volt Switch|p1a: Blacephalon\n|-damage|p1a: Blacephalon|52\/100\n|\n|switch|p2a: Greninja|Greninja, M|100\/100|[from]move: Volt Switch\n|\n|upkeep\n|turn|27\n|\n|move|p1a: Blacephalon|Hidden Power|p2a: Greninja\n|-supereffective|p2a: Greninja\n|-damage|p2a: Greninja|32\/100\n|move|p2a: Greninja|Dark Pulse|p1a: Blacephalon\n|-supereffective|p1a: Blacephalon\n|-damage|p1a: Blacephalon|0 fnt\n|faint|p1a: Blacephalon\n|-activate|p2a: Greninja|ability: Battle Bond\n|detailschange|p2a: Greninja|Greninja-Ash, M\n|\n|upkeep\n|c|\u2606joacogorbea|GG\n|\n|switch|p1a: Ferrothorn|Ferrothorn, M|89\/100\n|turn|28\n|\n|move|p2a: Greninja|Dark Pulse|p1a: Ferrothorn\n|-damage|p1a: Ferrothorn|33\/100\n|cant|p1a: Ferrothorn|flinch\n|\n|-heal|p1a: Ferrothorn|39\/100|[from] item: Leftovers\n|upkeep\n|turn|29\n|\n|switch|p2a: Kyurem|Kyurem-Black|100\/100\n|-ability|p2a: Kyurem|Teravolt\n|move|p1a: Ferrothorn|Leech Seed|p2a: Kyurem\n|-start|p2a: Kyurem|move: Leech Seed\n|\n|-heal|p1a: Ferrothorn|45\/100|[from] item: Leftovers\n|-damage|p2a: Kyurem|88\/100|[from] Leech Seed|[of] p1a: Ferrothorn\n|-heal|p1a: Ferrothorn|59\/100|[silent]\n|upkeep\n|turn|30\n|\n|switch|p2a: Zapdos|Zapdos|88\/100\n|move|p1a: Ferrothorn|Protect||[still]\n|-fail|p1a: Ferrothorn\n|\n|-heal|p1a: Ferrothorn|65\/100|[from] item: Leftovers\n|upkeep\n|turn|31\n|\n|move|p2a: Zapdos|Volt Switch|p1a: Ferrothorn\n|-resisted|p1a: Ferrothorn\n|-damage|p1a: Ferrothorn|53\/100\n|\n|switch|p2a: Greninja|Greninja-Ash, M|32\/100|[from]move: Volt Switch\n|move|p1a: Ferrothorn|Leech Seed|p2a: Greninja\n|-start|p2a: Greninja|move: Leech Seed\n|\n|-heal|p1a: Ferrothorn|59\/100|[from] item: Leftovers\n|-damage|p2a: Greninja|19\/100|[from] Leech Seed|[of] p1a: Ferrothorn\n|-heal|p1a: Ferrothorn|69\/100|[silent]\n|upkeep\n|turn|32\n|c|\u2606TestingTesting1|ik u got heatwave man just end it\n|\n|switch|p2a: Kyurem|Kyurem-Black|88\/100\n|-ability|p2a: Kyurem|Teravolt\n|move|p1a: Ferrothorn|Leech Seed|p2a: Kyurem\n|-start|p2a: Kyurem|move: Leech Seed\n|\n|-heal|p1a: Ferrothorn|75\/100|[from] item: Leftovers\n|-damage|p2a: Kyurem|76\/100|[from] Leech Seed|[of] p1a: Ferrothorn\n|-heal|p1a: Ferrothorn|88\/100|[silent]\n|upkeep\n|turn|33\n|c|\u2606joacogorbea|Yeah i know\n|\n|move|p2a: Kyurem|Freeze Shock||[still]\n|-prepare|p2a: Kyurem|Freeze Shock|p1a: Ferrothorn\n|move|p1a: Ferrothorn|Stealth Rock|p2a: Kyurem\n|-sidestart|p2: joacogorbea|move: Stealth Rock\n|\n|-heal|p1a: Ferrothorn|94\/100|[from] item: Leftovers\n|-damage|p2a: Kyurem|64\/100|[from] Leech Seed|[of] p1a: Ferrothorn\n|-heal|p1a: Ferrothorn|100\/100|[silent]\n|upkeep\n|turn|34\n|\n|move|p1a: Ferrothorn|Protect|p1a: Ferrothorn\n|-singleturn|p1a: Ferrothorn|Protect\n|move|p2a: Kyurem|Freeze Shock|p1a: Ferrothorn|[from]lockedmove\n|-activate|p1a: Ferrothorn|move: Protect\n|\n|-damage|p2a: Kyurem|51\/100|[from] Leech Seed|[of] p1a: Ferrothorn\n|upkeep\n|turn|35\n|\n|move|p1a: Ferrothorn|Protect||[still]\n|-fail|p1a: Ferrothorn\n|-zpower|p2a: Kyurem\n|move|p2a: Kyurem|Subzero Slammer|p1a: Ferrothorn|[zeffect]\n|-damage|p1a: Ferrothorn|13\/100\n|\n|-heal|p1a: Ferrothorn|19\/100|[from] item: Leftovers\n|-damage|p2a: Kyurem|39\/100|[from] Leech Seed|[of] p1a: Ferrothorn\n|-heal|p1a: Ferrothorn|33\/100|[silent]\n|upkeep\n|turn|36\n|\n|switch|p2a: Zapdos|Zapdos|88\/100\n|-damage|p2a: Zapdos|63\/100|[from] Stealth Rock\n|move|p1a: Ferrothorn|Leech Seed|p2a: Zapdos\n|-start|p2a: Zapdos|move: Leech Seed\n|\n|-heal|p1a: Ferrothorn|39\/100|[from] item: Leftovers\n|-damage|p2a: Zapdos|50\/100|[from] Leech Seed|[of] p1a: Ferrothorn\n|-heal|p1a: Ferrothorn|53\/100|[silent]\n|upkeep\n|turn|37\n|\n|move|p1a: Ferrothorn|Protect|p1a: Ferrothorn\n|-singleturn|p1a: Ferrothorn|Protect\n|move|p2a: Zapdos|Roost|p2a: Zapdos\n|-heal|p2a: Zapdos|100\/100\n|-singleturn|p2a: Zapdos|move: Roost\n|\n|-heal|p1a: Ferrothorn|59\/100|[from] item: Leftovers\n|-damage|p2a: Zapdos|88\/100|[from] Leech Seed|[of] p1a: Ferrothorn\n|-heal|p1a: Ferrothorn|72\/100|[silent]\n|upkeep\n|turn|38\n|\n|move|p2a: Zapdos|Heat Wave|p1a: Ferrothorn\n|-supereffective|p1a: Ferrothorn\n|-damage|p1a: Ferrothorn|0 fnt\n|faint|p1a: Ferrothorn\n|\n|win|joacogorbea\n|c|\u2606TestingTesting1|gg\n|l|\u2606TestingTesting1\n|c|\u2606joacogorbea|I want to play i little bit more\n||Ladder (probably) updated, but score could not be retrieved (Response not received).\n","uploadtime":1589405334,"views":4,"p1id":"testingtesting1","p2id":"joacogorbea","formatid":"gen7ou","rating":0,"private":0,"password":null}