{"id":"gen7ou-1210145375","p1":"china def 1","p2":"cows123p","format":"gen7ou","log":"|j|\u2606china def 1\n|j|\u2606cows123p\n|t:|1603742668\n|player|p1|china def 1|1|1401\n|player|p2|cows123p|swimmerf|1424\n|teamsize|p1|6\n|teamsize|p2|6\n|gametype|singles\n|gen|7\n|tier|[Gen 7] OU\n|rated|\n|clearpoke\n|poke|p1|Noivern, M|item\n|poke|p1|Rotom-Wash|item\n|poke|p1|Hoopa|item\n|poke|p1|Ferrothorn, M|item\n|poke|p1|Clefable, F|item\n|poke|p1|Tyranitar, M|item\n|poke|p2|Scolipede, M|item\n|poke|p2|Weavile, M|item\n|poke|p2|Keldeo|item\n|poke|p2|Gliscor, M|item\n|poke|p2|Magnezone|item\n|poke|p2|Azumarill, M|item\n|rule|Sleep Clause Mod: Limit one foe put to sleep\n|rule|Species Clause: Limit one of each Pok\u00e9mon\n|rule|OHKO Clause: OHKO moves are banned\n|rule|Moody Clause: Moody is banned\n|rule|Evasion Moves Clause: Evasion moves are banned\n|rule|Endless Battle Clause: Forcing endless battles is banned\n|rule|HP Percentage Mod: HP is shown in percentages\n|teampreview\n|\n|t:|1603742676\n|start\n|switch|p1a: Noivern|Noivern, M|100\/100\n|switch|p2a: Weavile|Weavile, M|100\/100\n|-ability|p2a: Weavile|Pressure\n|turn|1\n|\n|t:|1603742685\n|switch|p1a: Clefable|Clefable, F|100\/100\n|move|p2a: Weavile|Knock Off|p1a: Clefable\n|-resisted|p1a: Clefable\n|-damage|p1a: Clefable|78\/100\n|-enditem|p1a: Clefable|Leftovers|[from] move: Knock Off|[of] p2a: Weavile\n|-damage|p2a: Weavile|91\/100|[from] item: Life Orb\n|\n|upkeep\n|turn|2\n|\n|t:|1603742696\n|switch|p2a: Azumarill|Azumarill, M|100\/100\n|move|p1a: Clefable|Wish|p1a: Clefable\n|\n|upkeep\n|turn|3\n|\n|t:|1603742703\n|switch|p1a: Rotom|Rotom-Wash|100\/100\n|move|p2a: Azumarill|Play Rough|p1a: Rotom\n|-damage|p1a: Rotom|28\/100\n|\n|-heal|p1a: Rotom|93\/100|[from] move: Wish|[wisher] Clefable\n|-heal|p1a: Rotom|99\/100|[from] item: Leftovers\n|upkeep\n|turn|4\n|c|\u2606china def 1|ppo\n|c|\u2606china def 1|sound familiar\n|\n|t:|1603742725\n|switch|p2a: Magnezone|Magnezone|100\/100\n|move|p1a: Rotom|Volt Switch|p2a: Magnezone\n|-resisted|p2a: Magnezone\n|-damage|p2a: Magnezone|83\/100\n|\n|t:|1603742734\n|switch|p1a: Hoopa|Hoopa|100\/100|[from]move: Volt Switch\n|\n|upkeep\n|turn|5\n|\n|t:|1603742742\n|move|p2a: Magnezone|Volt Switch|p1a: Hoopa\n|-damage|p1a: Hoopa|68\/100\n|\n|t:|1603742745\n|switch|p2a: Gliscor|Gliscor, M|100\/100|[from]move: Volt Switch\n|move|p1a: Hoopa|Focus Blast|p2a: Gliscor|[miss]\n|-miss|p1a: Hoopa|p2a: Gliscor\n|\n|-heal|p1a: Hoopa|74\/100|[from] item: Leftovers\n|-status|p2a: Gliscor|tox|[from] item: Toxic Orb\n|upkeep\n|turn|6\n|\n|t:|1603742754\n|switch|p1a: Ferrothorn|Ferrothorn, M|100\/100\n|move|p2a: Gliscor|Toxic|p1a: Ferrothorn\n|-immune|p1a: Ferrothorn\n|\n|upkeep\n|turn|7\n|\n|t:|1603742764\n|switch|p2a: Magnezone|Magnezone|83\/100\n|switch|p1a: Noivern|Noivern, M|100\/100\n|\n|upkeep\n|turn|8\n|\n|t:|1603742775\n|switch|p2a: Gliscor|Gliscor, M|100\/100 tox\n|move|p1a: Noivern|Boomburst|p2a: Gliscor\n|-damage|p2a: Gliscor|50\/100 tox\n|\n|-heal|p2a: Gliscor|62\/100 tox|[from] ability: Poison Heal\n|upkeep\n|turn|9\n|\n|t:|1603742785\n|move|p1a: Noivern|Boomburst|p2a: Gliscor\n|-damage|p2a: Gliscor|13\/100 tox\n|move|p2a: Gliscor|Roost|p2a: Gliscor\n|-heal|p2a: Gliscor|63\/100 tox\n|-singleturn|p2a: Gliscor|move: Roost\n|\n|-heal|p2a: Gliscor|76\/100 tox|[from] ability: Poison Heal\n|upkeep\n|turn|10\n|\n|t:|1603742805\n|switch|p1a: Ferrothorn|Ferrothorn, M|100\/100\n|move|p2a: Gliscor|Roost|p2a: Gliscor\n|-heal|p2a: Gliscor|100\/100 tox\n|-singleturn|p2a: Gliscor|move: Roost\n|\n|upkeep\n|turn|11\n|\n|t:|1603742814\n|switch|p2a: Keldeo|Keldeo|100\/100\n|move|p1a: Ferrothorn|Leech Seed|p2a: Keldeo\n|-start|p2a: Keldeo|move: Leech Seed\n|\n|-damage|p2a: Keldeo|88\/100|[from] Leech Seed|[of] p1a: Ferrothorn\n|upkeep\n|turn|12\n|\n|t:|1603742821\n|switch|p2a: Magnezone|Magnezone|83\/100\n|switch|p1a: Clefable|Clefable, F|78\/100\n|\n|upkeep\n|turn|13\n|\n|t:|1603742827\n|move|p1a: Clefable|Protect|p1a: Clefable\n|-singleturn|p1a: Clefable|Protect\n|move|p2a: Magnezone|Volt Switch|p1a: Clefable\n|-activate|p1a: Clefable|move: Protect\n|\n|upkeep\n|turn|14\n|\n|t:|1603742835\n|switch|p1a: Ferrothorn|Ferrothorn, M|100\/100\n|move|p2a: Magnezone|Volt Switch|p1a: Ferrothorn\n|-resisted|p1a: Ferrothorn\n|-damage|p1a: Ferrothorn|88\/100\n|\n|t:|1603742843\n|switch|p2a: Keldeo|Keldeo|88\/100|[from]move: Volt Switch\n|\n|-heal|p1a: Ferrothorn|94\/100|[from] item: Leftovers\n|upkeep\n|turn|15\n|c|\u2606china def 1|pokemon planet\n|\n|t:|1603742854\n|switch|p2a: Magnezone|Magnezone|83\/100\n|move|p1a: Ferrothorn|Protect||[still]\n|-fail|p1a: Ferrothorn\n|\n|-heal|p1a: Ferrothorn|99\/100|[from] item: Leftovers\n|upkeep\n|turn|16\n|\n|t:|1603742860\n|move|p2a: Magnezone|Hidden Power|p1a: Ferrothorn\n|-supereffective|p1a: Ferrothorn\n|-damage|p1a: Ferrothorn|42\/100\n|move|p1a: Ferrothorn|Leech Seed|p2a: Magnezone\n|-start|p2a: Magnezone|move: Leech Seed\n|\n|-heal|p1a: Ferrothorn|49\/100|[from] item: Leftovers\n|-damage|p2a: Magnezone|71\/100|[from] Leech Seed|[of] p1a: Ferrothorn\n|-heal|p1a: Ferrothorn|58\/100|[silent]\n|upkeep\n|turn|17\n|\n|t:|1603742870\n|switch|p2a: Azumarill|Azumarill, M|100\/100\n|move|p1a: Ferrothorn|Protect||[still]\n|-fail|p1a: Ferrothorn\n|\n|-heal|p1a: Ferrothorn|65\/100|[from] item: Leftovers\n|upkeep\n|turn|18\n|\n|t:|1603742879\n|move|p1a: Ferrothorn|Protect|p1a: Ferrothorn\n|-singleturn|p1a: Ferrothorn|Protect\n|move|p2a: Azumarill|Superpower|p1a: Ferrothorn\n|-activate|p1a: Ferrothorn|move: Protect\n|\n|-heal|p1a: Ferrothorn|71\/100|[from] item: Leftovers\n|upkeep\n|turn|19\n|\n|t:|1603742890\n|switch|p2a: Scolipede|Scolipede, M|100\/100\n|switch|p1a: Clefable|Clefable, F|78\/100\n|\n|upkeep\n|turn|20\n|\n|t:|1603742898\n|move|p2a: Scolipede|Swords Dance|p2a: Scolipede\n|-boost|p2a: Scolipede|atk|2\n|move|p1a: Clefable|Thunder Wave|p2a: Scolipede\n|-status|p2a: Scolipede|par\n|\n|-ability|p2a: Scolipede|Speed Boost|boost\n|-boost|p2a: Scolipede|spe|1\n|upkeep\n|turn|21\n|\n|t:|1603742907\n|move|p2a: Scolipede|Megahorn|p1a: Clefable\n|-resisted|p1a: Clefable\n|-damage|p1a: Clefable|50\/100\n|-damage|p2a: Scolipede|91\/100 par|[from] item: Life Orb\n|move|p1a: Clefable|Wish|p1a: Clefable\n|\n|-ability|p2a: Scolipede|Speed Boost|boost\n|-boost|p2a: Scolipede|spe|1\n|upkeep\n|turn|22\n|\n|t:|1603742917\n|switch|p1a: Noivern|Noivern, M|100\/100\n|move|p2a: Scolipede|Poison Jab|p1a: Noivern\n|-damage|p1a: Noivern|0 fnt\n|-damage|p2a: Scolipede|81\/100 par|[from] item: Life Orb\n|faint|p1a: Noivern\n|\n|-ability|p2a: Scolipede|Speed Boost|boost\n|-boost|p2a: Scolipede|spe|1\n|upkeep\n|\n|t:|1603742928\n|switch|p1a: Tyranitar|Tyranitar, M|100\/100\n|-weather|Sandstorm|[from] ability: Sand Stream|[of] p1a: Tyranitar\n|turn|23\n|\n|t:|1603742942\n|move|p2a: Scolipede|Megahorn|p1a: Tyranitar\n|-supereffective|p1a: Tyranitar\n|-damage|p1a: Tyranitar|0 fnt\n|-damage|p2a: Scolipede|71\/100 par|[from] item: Life Orb\n|faint|p1a: Tyranitar\n|\n|-weather|Sandstorm|[upkeep]\n|-damage|p2a: Scolipede|64\/100 par|[from] Sandstorm\n|-ability|p2a: Scolipede|Speed Boost|boost\n|-boost|p2a: Scolipede|spe|1\n|upkeep\n|\n|t:|1603742950\n|switch|p1a: Hoopa|Hoopa|74\/100\n|turn|24\n|\n|t:|1603742954\n|move|p2a: Scolipede|Poison Jab|p1a: Hoopa\n|-resisted|p1a: Hoopa\n|-damage|p1a: Hoopa|0 fnt\n|-damage|p2a: Scolipede|55\/100 par|[from] item: Life Orb\n|faint|p1a: Hoopa\n|\n|-weather|Sandstorm|[upkeep]\n|-damage|p2a: Scolipede|48\/100 par|[from] Sandstorm\n|-ability|p2a: Scolipede|Speed Boost|boost\n|-boost|p2a: Scolipede|spe|1\n|upkeep\n|-message|china def 1 forfeited.\n|\n|win|cows123p\n|l|\u2606china def 1\n|c|\u2606cows123p|gg\n","uploadtime":1603742973,"views":1,"p1id":"chinadef1","p2id":"cows123p","formatid":"gen7ou","rating":0,"private":0,"password":null}