{"id":"gen7randombattle-1328184434","p1":"FlowerlyBoy\u30c4","p2":"PedroGreg","format":"gen7randombattle","log":"|j|\u2606FlowerlyBoy\u30c4\n|j|\u2606PedroGreg\n|inactive|Battle timer is ON: inactive players will automatically lose when time's up.\n|t:|1619299129\n|gametype|singles\n|player|p1|FlowerlyBoy\u30c4|pokemonranger-gen4|\n|player|p2|PedroGreg|bianca|\n|teamsize|p1|6\n|teamsize|p2|6\n|gen|7\n|tier|[Gen 7] Random Battle\n|rated|Tournament battle\n|rule|Sleep Clause Mod: Limit one foe put to sleep\n|rule|HP Percentage Mod: HP is shown in percentages\n|clearpoke\n|poke|p1|Cryogonal, L88|item\n|poke|p1|Silvally-*, L88|item\n|poke|p1|Doublade, L82, M|item\n|poke|p1|Tapu Fini, L80|item\n|poke|p1|Farfetch\u2019d, L88, F|item\n|poke|p1|Weavile, L82, F|item\n|poke|p2|Darkrai, L76|item\n|poke|p2|Omastar, L88, F|item\n|poke|p2|Minun, L88, F|item\n|poke|p2|Latias, L80, F|item\n|poke|p2|Ferrothorn, L80, M|item\n|poke|p2|Komala, L88, F|item\n|rule|Species Clause: Limit one of each Pok\u00e9mon\n|rule|OHKO Clause: OHKO moves are banned\n|rule|Evasion Moves Clause: Evasion moves are banned\n|rule|Endless Battle Clause: Forcing endless battles is banned\n|rule|Dynamax Clause: You cannot dynamax\n|teampreview\n|inactive|FlowerlyBoy\u30c4 also wants the timer to be on.\n|\n|t:|1619299156\n|start\n|switch|p1a: Tapu Fini|Tapu Fini, L80|243\/243\n|switch|p2a: Ferrothorn|Ferrothorn, L80, M|250\/250\n|-fieldstart|move: Misty Terrain|[from] ability: Misty Surge|[of] p1a: Tapu Fini\n|turn|1\n|\n|t:|1619299161\n|move|p1a: Tapu Fini|Taunt|p2a: Ferrothorn\n|-start|p2a: Ferrothorn|move: Taunt\n|cant|p2a: Ferrothorn|move: Taunt|Leech Seed\n|\n|upkeep\n|turn|2\n|\n|t:|1619299170\n|move|p1a: Tapu Fini|Calm Mind|p1a: Tapu Fini\n|-boost|p1a: Tapu Fini|spa|1\n|-boost|p1a: Tapu Fini|spd|1\n|move|p2a: Ferrothorn|Power Whip|p1a: Tapu Fini|[miss]\n|-miss|p2a: Ferrothorn|p1a: Tapu Fini\n|\n|upkeep\n|turn|3\n|\n|t:|1619299188\n|switch|p1a: Doublade|Doublade, L82, M|231\/231\n|move|p2a: Ferrothorn|Power Whip|p1a: Doublade\n|-resisted|p1a: Doublade\n|-damage|p1a: Doublade|207\/231\n|\n|-end|p2a: Ferrothorn|move: Taunt\n|upkeep\n|turn|4\n|j|+Sahki\n|\n|t:|1619299201\n|move|p1a: Doublade|Swords Dance|p1a: Doublade\n|-boost|p1a: Doublade|atk|2\n|move|p2a: Ferrothorn|Leech Seed|p1a: Doublade\n|-start|p1a: Doublade|move: Leech Seed\n|\n|-damage|p1a: Doublade|179\/231|[from] Leech Seed|[of] p2a: Ferrothorn\n|upkeep\n|turn|5\n|\n|t:|1619299214\n|switch|p2a: Darkrai|Darkrai, L76|231\/231\n|move|p1a: Doublade|Swords Dance|p1a: Doublade\n|-boost|p1a: Doublade|atk|2\n|\n|-damage|p1a: Doublade|151\/231|[from] Leech Seed|[of] p2a: Darkrai\n|-fieldend|Misty Terrain\n|upkeep\n|turn|6\n|\n|t:|1619299221\n|move|p1a: Doublade|Shadow Sneak|p2a: Darkrai\n|-resisted|p2a: Darkrai\n|-damage|p2a: Darkrai|164\/231\n|-damage|p1a: Doublade|123\/231|[from] ability: Iron Barbs|[of] p2a: Darkrai\n|move|p2a: Darkrai|Dark Pulse|p1a: Doublade\n|-supereffective|p1a: Doublade\n|-damage|p1a: Doublade|0 fnt\n|faint|p1a: Doublade\n|\n|upkeep\n|\n|t:|1619299231\n|switch|p1a: Cryogonal|Cryogonal, L88|283\/283\n|-fieldstart|move: Misty Terrain|[from] ability: [object Object]|[of] p1a: Cryogonal\n|turn|7\n|\n|t:|1619299241\n|switch|p1a: Silvally|Silvally-Fire, L88|310\/310\n|switch|p2a: Ferrothorn|Ferrothorn, L80, M|250\/250\n|\n|upkeep\n|turn|8\n|\n|t:|1619299254\n|switch|p2a: Omastar|Omastar, L88, F|266\/266\n|move|p1a: Silvally|U-turn|p2a: Omastar\n|-damage|p2a: Omastar|229\/266\n|-damage|p1a: Silvally|272\/310|[from] ability: Iron Barbs|[of] p2a: Omastar\n|\n|t:|1619299265\n|switch|p1a: Weavile|Weavile, L82, F|249\/249\n|\n|upkeep\n|turn|9\n|\n|t:|1619299271\n|switch|p2a: Ferrothorn|Ferrothorn, L80, M|250\/250\n|move|p1a: Weavile|Low Kick|p2a: Ferrothorn\n|-supereffective|p2a: Ferrothorn\n|-damage|p2a: Ferrothorn|82\/250\n|-damage|p1a: Weavile|218\/249|[from] ability: Iron Barbs|[of] p2a: Ferrothorn\n|\n|-heal|p2a: Ferrothorn|97\/250|[from] item: Leftovers\n|upkeep\n|turn|10\n|\n|t:|1619299279\n|move|p2a: Ferrothorn|Protect|p2a: Ferrothorn\n|-singleturn|p2a: Ferrothorn|Protect\n|move|p1a: Weavile|Low Kick|p2a: Ferrothorn\n|-activate|p2a: Ferrothorn|move: Protect\n|\n|-heal|p2a: Ferrothorn|112\/250|[from] item: Leftovers\n|upkeep\n|turn|11\n|\n|t:|1619299286\n|switch|p2a: Latias|Latias, L80, F|259\/259\n|move|p1a: Weavile|Low Kick|p2a: Latias\n|-resisted|p2a: Latias\n|-damage|p2a: Latias|225\/259\n|-damage|p1a: Weavile|187\/249|[from] ability: Iron Barbs|[of] p2a: Latias\n|\n|-fieldend|Misty Terrain\n|upkeep\n|turn|12\n|\n|t:|1619299301\n|switch|p1a: Tapu Fini|Tapu Fini, L80|243\/243\n|-fieldstart|move: Misty Terrain|[from] ability: Misty Surge|[of] p1a: Tapu Fini\n|detailschange|p2a: Latias|Latias-Mega, L80, F\n|-mega|p2a: Latias|Latias|Latiasite\n|move|p2a: Latias|Calm Mind|p2a: Latias\n|-boost|p2a: Latias|spa|1\n|-boost|p2a: Latias|spd|1\n|\n|upkeep\n|turn|13\n|\n|t:|1619299310\n|move|p2a: Latias|Calm Mind|p2a: Latias\n|-boost|p2a: Latias|spa|1\n|-boost|p2a: Latias|spd|1\n|move|p1a: Tapu Fini|Calm Mind|p1a: Tapu Fini\n|-boost|p1a: Tapu Fini|spa|1\n|-boost|p1a: Tapu Fini|spd|1\n|\n|upkeep\n|turn|14\n|\n|t:|1619299315\n|move|p2a: Latias|Calm Mind|p2a: Latias\n|-boost|p2a: Latias|spa|1\n|-boost|p2a: Latias|spd|1\n|move|p1a: Tapu Fini|Taunt|p2a: Latias\n|-start|p2a: Latias|move: Taunt\n|\n|upkeep\n|turn|15\n|\n|t:|1619299319\n|move|p2a: Latias|Psyshock|p1a: Tapu Fini\n|-crit|p1a: Tapu Fini\n|-damage|p1a: Tapu Fini|0 fnt\n|faint|p1a: Tapu Fini\n|\n|upkeep\n|\n|t:|1619299326\n|switch|p1a: Weavile|Weavile, L82, F|187\/249\n|turn|16\n|\n|t:|1619299330\n|switch|p2a: Ferrothorn|Ferrothorn, L80, M|112\/250\n|move|p1a: Weavile|Icicle Crash|p2a: Ferrothorn\n|-damage|p2a: Ferrothorn|0 fnt\n|faint|p2a: Ferrothorn\n|\n|-fieldend|Misty Terrain\n|upkeep\n|\n|t:|1619299335\n|switch|p2a: Omastar|Omastar, L88, F|229\/266\n|turn|17\n|\n|t:|1619299345\n|switch|p1a: Farfetch\u2019d|Farfetch\u2019d, L88, F|235\/235\n|-fieldstart|move: Misty Terrain|[from] ability: [object Object]|[of] p1a: Farfetch\u2019d\n|move|p2a: Omastar|Shell Smash|p2a: Omastar\n|-unboost|p2a: Omastar|def|1\n|-unboost|p2a: Omastar|spd|1\n|-boost|p2a: Omastar|atk|2\n|-boost|p2a: Omastar|spa|2\n|-boost|p2a: Omastar|spe|2\n|-enditem|p2a: Omastar|White Herb\n|-clearnegativeboost|p2a: Omastar|[silent]\n|\n|upkeep\n|turn|18\n|\n|t:|1619299356\n|move|p2a: Omastar|Ice Beam|p1a: Farfetch\u2019d\n|-supereffective|p1a: Farfetch\u2019d\n|-damage|p1a: Farfetch\u2019d|0 fnt\n|faint|p1a: Farfetch\u2019d\n|\n|upkeep\n|\n|t:|1619299363\n|switch|p1a: Cryogonal|Cryogonal, L88|283\/283\n|turn|19\n|\n|t:|1619299384\n|switch|p2a: Komala|Komala, L88, F|258\/258\n|-ability|p2a: Komala|Comatose\n|move|p1a: Cryogonal|Toxic|p2a: Komala\n|-immune|p2a: Komala|[from] ability: Comatose\n|\n|upkeep\n|turn|20\n|inactive|FlowerlyBoy\u30c4 has 120 seconds left.\n|\n|t:|1619299419\n|move|p1a: Cryogonal|Hidden Power|p2a: Komala\n|-damage|p2a: Komala|218\/258\n|move|p2a: Komala|Wood Hammer|p1a: Cryogonal\n|-damage|p1a: Cryogonal|76\/283\n|-damage|p2a: Komala|150\/258|[from] Recoil\n|-damage|p2a: Komala|125\/258|[from] item: Life Orb\n|\n|-heal|p1a: Cryogonal|93\/283|[from] item: Leftovers\n|upkeep\n|turn|21\n|\n|t:|1619299429\n|move|p1a: Cryogonal|Ice Beam|p2a: Komala\n|-damage|p2a: Komala|28\/258\n|move|p2a: Komala|Wood Hammer|p1a: Cryogonal\n|-damage|p1a: Cryogonal|0 fnt\n|-damage|p2a: Komala|0 fnt|[from] Recoil\n|faint|p1a: Cryogonal\n|faint|p2a: Komala\n|\n|-fieldend|Misty Terrain\n|upkeep\n|\n|t:|1619299439\n|switch|p1a: Weavile|Weavile, L82, F|187\/249\n|switch|p2a: Omastar|Omastar, L88, F|229\/266\n|-fieldstart|move: Misty Terrain|[from] ability: [object Object]|[of] p1a: Weavile\n|-ability|p2a: Omastar|Comatose\n|turn|22\n|\n|t:|1619299444\n|move|p1a: Weavile|Knock Off|p2a: Omastar\n|-damage|p2a: Omastar|148\/266\n|-damage|p1a: Weavile|156\/249|[from] ability: Iron Barbs|[of] p2a: Omastar\n|move|p2a: Omastar|Shell Smash|p2a: Omastar\n|-unboost|p2a: Omastar|def|1\n|-unboost|p2a: Omastar|spd|1\n|-boost|p2a: Omastar|atk|2\n|-boost|p2a: Omastar|spa|2\n|-boost|p2a: Omastar|spe|2\n|\n|upkeep\n|turn|23\n|\n|t:|1619299449\n|move|p2a: Omastar|Scald|p1a: Weavile\n|-damage|p1a: Weavile|0 fnt\n|faint|p1a: Weavile\n|\n|upkeep\n|c|\u2606PedroGreg|gg\n|\n|t:|1619299454\n|switch|p1a: Silvally|Silvally-Fire, L88|272\/310\n|turn|24\n|\n|t:|1619299459\n|move|p2a: Omastar|Scald|p1a: Silvally\n|-supereffective|p1a: Silvally\n|-damage|p1a: Silvally|0 fnt\n|faint|p1a: Silvally\n|\n|win|PedroGreg\n|n|\u2606FlowerlyBoy\u30c4|flowerlyboy\n|n|\u2606PedroGreg|pedrogreg\n|n| Sahki|sahki\n|l|\u2606FlowerlyBoy\u30c4\n|l|\u2606PedroGreg\n","inputlog":">version 486f292904419001774dafdf556f4455b25c7234\n>start {\"formatid\":\"gen7randombattle@@@gen8sharedpower,!moodyclause\",\"seed\":[46476,102,46652,20610],\"rated\":\"Tournament battle\"}\n>player p1 {\"name\":\"FlowerlyBoy\u30c4\",\"avatar\":\"pokemonranger-gen4\",\"rating\":0,\"seed\":[27400,59501,60385,1147]}\n>player p2 {\"name\":\"PedroGreg\",\"avatar\":\"bianca\",\"rating\":0,\"seed\":[48679,47950,55266,62824]}\n>p1 team 4, 2, 3, 1, 5, 6\n>p2 team 5, 2, 3, 4, 1, 6\n>p1 move taunt\n>p2 move leechseed\n>p1 move calmmind\n>p2 move powerwhip\n>p1 switch 3\n>p2 move powerwhip\n>p1 move swordsdance\n>p2 move leechseed\n>p1 move swordsdance\n>p2 switch 5\n>p1 move shadowsneak\n>p2 move darkpulse\n>p1 switch 4\n>p1 switch 2\n>p2 switch 5\n>p1 move uturn\n>p2 switch 2\n>p1 switch 6\n>p1 move lowkick\n>p2 switch 2\n>p1 move lowkick\n>p2 move protect\n>p1 move lowkick\n>p2 switch 4\n>p1 switch 3\n>p2 move calmmind mega\n>p1 move calmmind\n>p2 move calmmind\n>p1 move taunt\n>p2 move calmmind\n>p1 move calmmind\n>p2 move psyshock\n>p1 switch 3\n>p1 move iciclecrash\n>p2 switch 4\n>p2 switch 2\n>p1 switch 5\n>p2 move shellsmash\n>p1 move leafblade\n>p2 move icebeam\n>p1 switch 2\n>p1 move toxic\n>p2 switch 6\n>p1 move hiddenpower\n>p2 move woodhammer\n>p1 move icebeam\n>p2 move woodhammer\n>p1 switch 5\n>p2 switch 6\n>p1 move knockoff\n>p2 move shellsmash\n>p1 move knockoff\n>p2 move scald\n>chat \u2606PedroGreg|gg\n>p1 switch 6\n>p1 move multiattack\n>p2 move scald","uploadtime":1619299512,"views":19,"p1id":"flowerlyboy","p2id":"pedrogreg","formatid":"gen7randombattle","rating":0,"private":0,"password":null}