{"id":"gen7ou-663197903","p1":"HjkH4x","p2":"Lkjhgfdsapoi","format":"gen7ou","log":"|j|HjkH4x\n|j|Lkjhgfdsapoi\n|inactive|Battle timer is ON: inactive players will automatically lose when time's up.\n|player|p1|HjkH4x|101\n|teamsize|p1|6\n|player|p2|Lkjhgfdsapoi|222\n|teamsize|p2|6\n|gametype|singles\n|gen|7\n|tier|[Gen 7] OU\n|rated|Tournament battle\n|seed|19429,45336,58988,52557\n|rule|Sleep Clause Mod: Limit one foe put to sleep\n|rule|Species Clause: Limit one of each Pok\u00e9mon\n|rule|OHKO Clause: OHKO moves are banned\n|rule|Moody Clause: Moody is banned\n|rule|Evasion Moves Clause: Evasion moves are banned\n|rule|Endless Battle Clause: Forcing endless battles is banned\n|rule|HP Percentage Mod: HP is shown in percentages\n|clearpoke\n|poke|p1|Venusaur, M|item\n|poke|p1|Keldeo-Resolute|item\n|poke|p1|Skarmory, F|item\n|poke|p1|Chansey, F|item\n|poke|p1|Heatran, M|item\n|poke|p1|Bisharp, M|item\n|poke|p2|Infernape, M|item\n|poke|p2|Manectric, F|item\n|poke|p2|Keldeo|item\n|poke|p2|Tyranitar, M|item\n|poke|p2|Naganadel|item\n|poke|p2|Greninja, M|item\n|teampreview\n|j|Chainsawhand\n|choice|team 1, team 2, team 3, team 4, team 5, team 6|team 1, team 2, team 3, team 4, team 5, team 6\n|\n|start\n|switch|p1a: Venusaur|Venusaur, M|363\/363\n|switch|p2a: Infernape|Infernape, M|293\/293\n|turn|1\n|choice|move sludgebomb mega|move fakeout\n|\n|-mega|p1a: Venusaur|Venusaur|Venusaurite\n|detailschange|p1a: Venusaur|Venusaur-Mega, M\n|move|p2a: Infernape|Fake Out|p1a: Venusaur\n|-damage|p1a: Venusaur|336\/363\n|cant|p1a: Venusaur|flinch\n|\n|upkeep\n|turn|2\n|choice|move sludgebomb|move taunt\n|\n|move|p2a: Infernape|Taunt|p1a: Venusaur\n|-start|p1a: Venusaur|move: Taunt\n|move|p1a: Venusaur|Sludge Bomb|p2a: Infernape\n|-damage|p2a: Infernape|134\/293\n|-status|p2a: Infernape|psn\n|\n|-damage|p2a: Infernape|98\/293 psn|[from] psn\n|upkeep\n|turn|3\n|choice|move sludgebomb|move stealthrock\n|\n|move|p2a: Infernape|Stealth Rock|p1a: Venusaur\n|-sidestart|p1: HjkH4x|move: Stealth Rock\n|move|p1a: Venusaur|Sludge Bomb|p2a: Infernape\n|-damage|p2a: Infernape|0 fnt\n|faint|p2a: Infernape\n|\n|upkeep\n|choice||switch 5\n|\n|switch|p2a: Naganadel|Naganadel|287\/287\n|turn|4\n|choice|switch 4|move nastyplot\n|\n|switch|p1a: Chansey|Chansey, F|703\/703\n|-damage|p1a: Chansey|616\/703|[from] Stealth Rock\n|move|p2a: Naganadel|Nasty Plot|p2a: Naganadel\n|-boost|p2a: Naganadel|spa|2\n|\n|upkeep\n|turn|5\n|choice|move seismictoss|move nastyplot\n|\n|move|p2a: Naganadel|Nasty Plot|p2a: Naganadel\n|-boost|p2a: Naganadel|spa|2\n|move|p1a: Chansey|Seismic Toss|p2a: Naganadel\n|-damage|p2a: Naganadel|187\/287\n|\n|upkeep\n|turn|6\n|choice|move seismictoss|move nastyplot\n|\n|move|p2a: Naganadel|Nasty Plot|p2a: Naganadel\n|-boost|p2a: Naganadel|spa|2\n|move|p1a: Chansey|Seismic Toss|p2a: Naganadel\n|-damage|p2a: Naganadel|87\/287\n|\n|upkeep\n|turn|7\n|choice|switch 5|move dracometeor zmove\n|\n|switch|p1a: Heatran|Heatran, M|386\/386\n|-damage|p1a: Heatran|338\/386|[from] Stealth Rock\n|-zpower|p2a: Naganadel\n|move|p2a: Naganadel|Devastating Drake|p1a: Heatran|[zeffect]\n|-resisted|p1a: Heatran\n|-crit|p1a: Heatran\n|-damage|p1a: Heatran|0 fnt\n|faint|p1a: Heatran\n|-ability|p2a: Naganadel|Beast Boost|boost\n|-boost|p2a: Naganadel|spe|1\n|\n|upkeep\n|choice|switch 6|\n|\n|switch|p1a: Bisharp|Bisharp, M|334\/334\n|-damage|p1a: Bisharp|314\/334|[from] Stealth Rock\n|turn|8\n|inactive|Lkjhgfdsapoi has 135 seconds left.\n|choice|move suckerpunch|switch 3\n|\n|switch|p2a: Keldeo|Keldeo|323\/323\n|move|p1a: Bisharp|Sucker Punch|p2a: Keldeo|[still]\n|-fail|p1a: Bisharp\n|\n|-heal|p1a: Bisharp|334\/334|[from] item: Leftovers\n|upkeep\n|turn|9\n|choice|switch 4|move focusblast\n|\n|switch|p1a: Venusaur|Venusaur-Mega, M|336\/363\n|-damage|p1a: Venusaur|291\/363|[from] Stealth Rock\n|move|p2a: Keldeo|Focus Blast|p1a: Venusaur\n|-resisted|p1a: Venusaur\n|-damage|p1a: Venusaur|159\/363\n|\n|upkeep\n|turn|10\n|choice|move synthesis|switch 3\n|\n|switch|p2a: Naganadel|Naganadel|87\/287\n|move|p1a: Venusaur|Synthesis|p1a: Venusaur\n|-heal|p1a: Venusaur|340\/363\n|\n|upkeep\n|turn|11\n|choice|move sludgebomb|move sludgewave\n|\n|move|p2a: Naganadel|Sludge Wave|p1a: Venusaur\n|-damage|p1a: Venusaur|198\/363\n|move|p1a: Venusaur|Sludge Bomb|p2a: Naganadel\n|-resisted|p2a: Naganadel\n|-damage|p2a: Naganadel|7\/287\n|\n|upkeep\n|turn|12\n|choice|switch 4|move dracometeor\n|\n|switch|p1a: Bisharp|Bisharp, M|334\/334\n|-damage|p1a: Bisharp|314\/334|[from] Stealth Rock\n|move|p2a: Naganadel|Draco Meteor|p1a: Bisharp\n|-resisted|p1a: Bisharp\n|-damage|p1a: Bisharp|155\/334\n|-unboost|p2a: Naganadel|spa|2\n|\n|-heal|p1a: Bisharp|175\/334|[from] item: Leftovers\n|upkeep\n|turn|13\n|choice|move knockoff|move fireblast\n|\n|move|p2a: Naganadel|Fire Blast|p1a: Bisharp\n|-supereffective|p1a: Bisharp\n|-damage|p1a: Bisharp|13\/334\n|-status|p1a: Bisharp|brn\n|move|p1a: Bisharp|Knock Off|p2a: Naganadel\n|-damage|p2a: Naganadel|0 fnt\n|faint|p2a: Naganadel\n|\n|-heal|p1a: Bisharp|33\/334 brn|[from] item: Leftovers\n|-damage|p1a: Bisharp|13\/334 brn|[from] brn\n|upkeep\n|choice||switch 6\n|\n|switch|p2a: Greninja|Greninja, M|285\/285\n|turn|14\n|choice|move suckerpunch|move watershuriken\n|\n|move|p2a: Greninja|Water Shuriken|p1a: Bisharp\n|-damage|p1a: Bisharp|0 fnt\n|-hitcount|p1a: Bisharp|1\n|-damage|p2a: Greninja|257\/285|[from] item: Life Orb\n|faint|p1a: Bisharp\n|-activate|p2a: Greninja|ability: Battle Bond\n|detailschange|p2a: Greninja|Greninja-Ash, M\n|\n|upkeep\n|choice|switch 2|\n|\n|switch|p1a: Keldeo|Keldeo-Resolute|323\/323\n|-damage|p1a: Keldeo|303\/323|[from] Stealth Rock\n|turn|15\n|choice|move secretsword|move extrasensory\n|\n|move|p2a: Greninja|Extrasensory|p1a: Keldeo\n|-supereffective|p1a: Keldeo\n|-crit|p1a: Keldeo\n|-damage|p1a: Keldeo|0 fnt\n|-damage|p2a: Greninja|229\/285|[from] item: Life Orb\n|faint|p1a: Keldeo\n|\n|upkeep\n|choice|switch 5|\n|\n|switch|p1a: Chansey|Chansey, F|616\/703\n|-damage|p1a: Chansey|529\/703|[from] Stealth Rock\n|turn|16\n|choice|move thunderwave|switch 4\n|\n|switch|p2a: Tyranitar|Tyranitar, M|341\/341\n|-weather|Sandstorm|[from] ability: Sand Stream|[of] p2a: Tyranitar\n|move|p1a: Chansey|Thunder Wave|p2a: Tyranitar\n|-status|p2a: Tyranitar|par\n|\n|-weather|Sandstorm|[upkeep]\n|-damage|p1a: Chansey|486\/703|[from] sandstorm\n|upkeep\n|turn|17\n|choice|move seismictoss|move pursuit\n|\n|move|p1a: Chansey|Seismic Toss|p2a: Tyranitar\n|-damage|p2a: Tyranitar|241\/341 par\n|move|p2a: Tyranitar|Pursuit|p1a: Chansey\n|-damage|p1a: Chansey|384\/703\n|\n|-weather|Sandstorm|[upkeep]\n|-damage|p1a: Chansey|341\/703|[from] sandstorm\n|upkeep\n|turn|18\n|choice|move softboiled|move earthquake\n|\n|move|p1a: Chansey|Soft-Boiled|p1a: Chansey\n|-heal|p1a: Chansey|693\/703\n|move|p2a: Tyranitar|Earthquake|p1a: Chansey\n|-damage|p1a: Chansey|501\/703\n|\n|-weather|Sandstorm|[upkeep]\n|-damage|p1a: Chansey|458\/703|[from] sandstorm\n|upkeep\n|turn|19\n|choice|move seismictoss|move stoneedge\n|\n|move|p1a: Chansey|Seismic Toss|p2a: Tyranitar\n|-damage|p2a: Tyranitar|141\/341 par\n|move|p2a: Tyranitar|Stone Edge|p1a: Chansey\n|-crit|p1a: Chansey\n|-damage|p1a: Chansey|53\/703\n|\n|-weather|Sandstorm|[upkeep]\n|-damage|p1a: Chansey|10\/703|[from] sandstorm\n|upkeep\n|turn|20\n|choice|move softboiled|move stoneedge\n|\n|move|p1a: Chansey|Soft-Boiled|p1a: Chansey\n|-heal|p1a: Chansey|362\/703\n|move|p2a: Tyranitar|Stone Edge|p1a: Chansey\n|-crit|p1a: Chansey\n|-damage|p1a: Chansey|0 fnt\n|faint|p1a: Chansey\n|\n|-weather|none\n|upkeep\n|choice|switch 4|\n|\n|switch|p1a: Venusaur|Venusaur-Mega, M|198\/363\n|-damage|p1a: Venusaur|153\/363|[from] Stealth Rock\n|turn|21\n|choice|move synthesis|move stoneedge\n|\n|move|p1a: Venusaur|Synthesis|p1a: Venusaur\n|-heal|p1a: Venusaur|334\/363\n|move|p2a: Tyranitar|Stone Edge|p1a: Venusaur\n|-damage|p1a: Venusaur|210\/363\n|\n|upkeep\n|turn|22\n|choice|move synthesis|move stoneedge\n|\n|move|p1a: Venusaur|Synthesis|p1a: Venusaur\n|-heal|p1a: Venusaur|363\/363\n|move|p2a: Tyranitar|Stone Edge|p1a: Venusaur\n|-damage|p1a: Venusaur|243\/363\n|\n|upkeep\n|turn|23\n|choice|move gigadrain|move firepunch\n|\n|move|p1a: Venusaur|Giga Drain|p2a: Tyranitar\n|-supereffective|p2a: Tyranitar\n|-damage|p2a: Tyranitar|13\/341 par\n|-heal|p1a: Venusaur|307\/363|[from] drain|[of] p2a: Tyranitar\n|move|p2a: Tyranitar|Fire Punch|p1a: Venusaur\n|-supereffective|p1a: Venusaur\n|-damage|p1a: Venusaur|243\/363\n|\n|upkeep\n|turn|24\n|choice|move synthesis|move stoneedge\n|\n|move|p1a: Venusaur|Synthesis|p1a: Venusaur\n|-heal|p1a: Venusaur|363\/363\n|move|p2a: Tyranitar|Stone Edge|p1a: Venusaur\n|-crit|p1a: Venusaur\n|-damage|p1a: Venusaur|176\/363\n|\n|upkeep\n|turn|25\n|choice|move synthesis|move stoneedge\n|\n|move|p1a: Venusaur|Synthesis|p1a: Venusaur\n|-heal|p1a: Venusaur|357\/363\n|move|p2a: Tyranitar|Stone Edge|p1a: Venusaur\n|-damage|p1a: Venusaur|233\/363\n|\n|upkeep\n|turn|26\n|choice|move synthesis|move stoneedge\n|\n|move|p1a: Venusaur|Synthesis|p1a: Venusaur\n|-heal|p1a: Venusaur|363\/363\n|move|p2a: Tyranitar|Stone Edge|p1a: Venusaur\n|-damage|p1a: Venusaur|230\/363\n|\n|upkeep\n|turn|27\n|choice|move synthesis|move stoneedge\n|\n|move|p1a: Venusaur|Synthesis|p1a: Venusaur\n|-heal|p1a: Venusaur|363\/363\n|cant|p2a: Tyranitar|par\n|\n|upkeep\n|turn|28\n|choice|move sludgebomb|move stoneedge\n|\n|move|p1a: Venusaur|Sludge Bomb|p2a: Tyranitar\n|-resisted|p2a: Tyranitar\n|-damage|p2a: Tyranitar|0 fnt\n|faint|p2a: Tyranitar\n|\n|upkeep\n|choice||switch 4\n|\n|switch|p2a: Greninja|Greninja-Ash, M|229\/285\n|turn|29\n|choice|move gigadrain|move extrasensory\n|\n|move|p2a: Greninja|Extrasensory|p1a: Venusaur\n|-supereffective|p1a: Venusaur\n|-damage|p1a: Venusaur|137\/363\n|-damage|p2a: Greninja|201\/285|[from] item: Life Orb\n|move|p1a: Venusaur|Giga Drain|p2a: Greninja\n|-supereffective|p2a: Greninja\n|-damage|p2a: Greninja|0 fnt\n|-heal|p1a: Venusaur|238\/363|[from] drain|[of] p2a: Greninja\n|faint|p2a: Greninja\n|\n|upkeep\n|choice||switch 2\n|\n|switch|p2a: Manectric|Manectric, F|281\/281\n|turn|30\n|choice|move synthesis|move overheat mega\n|\n|-mega|p2a: Manectric|Manectric|Manectite\n|detailschange|p2a: Manectric|Manectric-Mega, F\n|-ability|p2a: Manectric|Intimidate|boost\n|-unboost|p1a: Venusaur|atk|1\n|move|p2a: Manectric|Overheat|p1a: Venusaur|[miss]\n|-miss|p2a: Manectric|p1a: Venusaur\n|move|p1a: Venusaur|Synthesis|p1a: Venusaur\n|-heal|p1a: Venusaur|363\/363\n|\n|upkeep\n|turn|31\n|choice|move gigadrain|move overheat\n|\n|move|p2a: Manectric|Overheat|p1a: Venusaur\n|-supereffective|p1a: Venusaur\n|-damage|p1a: Venusaur|237\/363\n|-unboost|p2a: Manectric|spa|2\n|move|p1a: Venusaur|Giga Drain|p2a: Manectric\n|-damage|p2a: Manectric|161\/281\n|-heal|p1a: Venusaur|297\/363|[from] drain|[of] p2a: Manectric\n|\n|upkeep\n|turn|32\n|c|\u2606HjkH4x|gg\n|c|\u2606Lkjhgfdsapoi|lol wow\n|inactive|Lkjhgfdsapoi has 135 seconds left.\n|choice|move gigadrain|move voltswitch\n|\n|move|p2a: Manectric|Volt Switch|p1a: Venusaur\n|-resisted|p1a: Venusaur\n|-damage|p1a: Venusaur|269\/363\n|choice||switch 3\n|\n|switch|p2a: Keldeo|Keldeo|323\/323\n|move|p1a: Venusaur|Giga Drain|p2a: Keldeo\n|-supereffective|p2a: Keldeo\n|-crit|p2a: Keldeo\n|-damage|p2a: Keldeo|0 fnt\n|-heal|p1a: Venusaur|363\/363|[from] drain|[of] p2a: Keldeo\n|faint|p2a: Keldeo\n|\n|upkeep\n|choice||switch 3\n|\n|switch|p2a: Manectric|Manectric-Mega, F|161\/281\n|-ability|p2a: Manectric|Intimidate|boost\n|-unboost|p1a: Venusaur|atk|1\n|turn|33\n|choice|move gigadrain|move thunderbolt\n|\n|move|p2a: Manectric|Thunderbolt|p1a: Venusaur\n|-resisted|p1a: Venusaur\n|-crit|p1a: Venusaur\n|-damage|p1a: Venusaur|263\/363\n|-status|p1a: Venusaur|par\n|move|p1a: Venusaur|Giga Drain|p2a: Manectric\n|-damage|p2a: Manectric|25\/281\n|-heal|p1a: Venusaur|331\/363 par|[from] drain|[of] p2a: Manectric\n|\n|upkeep\n|turn|34\n|choice|move gigadrain|move thunderbolt\n|\n|move|p2a: Manectric|Thunderbolt|p1a: Venusaur\n|-resisted|p1a: Venusaur\n|-damage|p1a: Venusaur|267\/363 par\n|move|p1a: Venusaur|Giga Drain|p2a: Manectric\n|-damage|p2a: Manectric|0 fnt\n|-heal|p1a: Venusaur|280\/363 par|[from] drain|[of] p2a: Manectric\n|faint|p2a: Manectric\n|\n|win|HjkH4x","inputlog":null,"uploadtime":1511371580,"views":27,"p1id":"hjkh4x","p2id":"lkjhgfdsapoi","formatid":"gen7ou","rating":0,"private":0,"password":null}