{"id":"gen7battlefactory-1572133695","p1":"Batataplays","p2":"Dugtrio Is Broken","format":"gen7battlefactory","log":"|j|\u2606Batataplays\n|j|\u2606Dugtrio Is Broken\n|inactive|Battle timer is ON: inactive players will automatically lose when time's up.\n|t:|1652230513\n|gametype|singles\n|player|p1|Batataplays|sonia|\n|player|p2|Dugtrio Is Broken|blackbelt|\n|teamsize|p1|6\n|teamsize|p2|6\n|gen|7\n|tier|[Gen 7] Battle Factory\n|rated|Tournament battle\n|rule|Sleep Clause Mod: Limit one foe put to sleep\n|rule|HP Percentage Mod: HP is shown in percentages\n|rule|Mega Rayquaza Clause: You cannot mega evolve Rayquaza\n|clearpoke\n|poke|p1|Munchlax, L5, F|item\n|poke|p1|Bulbasaur, L5, M|item\n|poke|p1|Mudbray, L5, F|item\n|poke|p1|Archen, L5, F|item\n|poke|p1|Snivy, L5, M|item\n|poke|p1|Shellder, L5, F|item\n|poke|p2|Mareanie, L5, F|item\n|poke|p2|Sandshrew-Alola, L5, M|item\n|poke|p2|Snubbull, L5, F|item\n|poke|p2|Ponyta, L5, F|item\n|poke|p2|Houndour, L5, M|item\n|poke|p2|Chinchou, L5, F|item\n|teampreview\n|c|\u2606Dugtrio Is Broken|hf\n|c|\u2606Batataplays|Hf\n|c|\u2606Batataplays|Tu manja de LC?\n|c|\u2606Dugtrio Is Broken|ss\n|inactive|Batataplays has 120 seconds left.\n|c|\u2606Batataplays|Vish\n|\n|t:|1652230549\n|start\n|switch|p1a: Archen|Archen, L5, F|23\/23\n|switch|p2a: Chinchou|Chinchou, L5, F|25\/25\n|turn|1\n|\n|t:|1652230558\n|move|p1a: Archen|Earthquake|p2a: Chinchou\n|-supereffective|p2a: Chinchou\n|-crit|p2a: Chinchou\n|-damage|p2a: Chinchou|0 fnt\n|faint|p2a: Chinchou\n|\n|upkeep\n|\n|t:|1652230562\n|switch|p2a: Sandshrew|Sandshrew-Alola, L5, M|21\/21\n|turn|2\n|j|+Eu188q717188191\n|\n|t:|1652230572\n|move|p2a: Sandshrew|Icicle Spear|p1a: Archen\n|-supereffective|p1a: Archen\n|-damage|p1a: Archen|11\/23\n|-enditem|p1a: Archen|Berry Juice\n|-heal|p1a: Archen|23\/23|[from] item: Berry Juice\n|-supereffective|p1a: Archen\n|-damage|p1a: Archen|11\/23\n|-supereffective|p1a: Archen\n|-damage|p1a: Archen|0 fnt\n|faint|p1a: Archen\n|-hitcount|p1: Archen|3\n|\n|upkeep\n|\n|t:|1652230576\n|switch|p1a: Shellder|Shellder, L5, F|20\/20\n|turn|3\n|\n|t:|1652230582\n|switch|p2a: Mareanie|Mareanie, L5, F|24\/24\n|switch|p1a: Snivy|Snivy, L5, M|21\/21\n|\n|upkeep\n|turn|4\n|\n|t:|1652230584\n|move|p1a: Snivy|Leaf Storm|p2a: Mareanie\n|-damage|p2a: Mareanie|14\/24\n|-boost|p1a: Snivy|spa|2\n|move|p2a: Mareanie|Sludge Bomb|p1a: Snivy\n|-supereffective|p1a: Snivy\n|-damage|p1a: Snivy|7\/21\n|\n|upkeep\n|turn|5\n|\n|t:|1652230588\n|move|p1a: Snivy|Hidden Power|p2a: Mareanie\n|-supereffective|p2a: Mareanie\n|-damage|p2a: Mareanie|0 fnt\n|faint|p2a: Mareanie\n|\n|upkeep\n|\n|t:|1652230592\n|switch|p2a: Houndour|Houndour, L5, M|21\/21\n|turn|6\n|\n|t:|1652230596\n|move|p2a: Houndour|Dark Pulse|p1a: Snivy\n|-damage|p1a: Snivy|0 fnt\n|faint|p1a: Snivy\n|\n|upkeep\n|\n|t:|1652230603\n|switch|p1a: Mudbray|Mudbray, L5, F|25\/25\n|turn|7\n|\n|t:|1652230607\n|move|p2a: Houndour|Dark Pulse|p1a: Mudbray\n|-crit|p1a: Mudbray\n|-damage|p1a: Mudbray|4\/25\n|-ability|p1a: Mudbray|Stamina|boost\n|-boost|p1a: Mudbray|def|1\n|-enditem|p1a: Mudbray|Berry Juice\n|-heal|p1a: Mudbray|24\/25|[from] item: Berry Juice\n|move|p1a: Mudbray|Earthquake|p2a: Houndour\n|-supereffective|p2a: Houndour\n|-damage|p2a: Houndour|0 fnt\n|faint|p2a: Houndour\n|\n|upkeep\n|\n|t:|1652230612\n|switch|p2a: Snubbull|Snubbull, L5, F|23\/23\n|-ability|p2a: Snubbull|Intimidate|boost\n|-unboost|p1a: Mudbray|atk|1\n|turn|8\n|\n|t:|1652230617\n|move|p1a: Mudbray|Stealth Rock|p2a: Snubbull\n|-sidestart|p2: Dugtrio Is Broken|move: Stealth Rock\n|move|p2a: Snubbull|Bulk Up|p2a: Snubbull\n|-boost|p2a: Snubbull|atk|1\n|-boost|p2a: Snubbull|def|1\n|\n|upkeep\n|turn|9\n|\n|t:|1652230622\n|switch|p1a: Bulbasaur|Bulbasaur, L5, M|21\/21\n|move|p2a: Snubbull|Bulk Up|p2a: Snubbull\n|-boost|p2a: Snubbull|atk|1\n|-boost|p2a: Snubbull|def|1\n|\n|upkeep\n|turn|10\n|\n|t:|1652230625\n|-zpower|p1a: Bulbasaur\n|move|p1a: Bulbasaur|Z-Celebrate|p1a: Bulbasaur|[anim]Celebrate\n|-boost|p1a: Bulbasaur|atk|1|[zeffect]\n|-boost|p1a: Bulbasaur|def|1|[zeffect]\n|-boost|p1a: Bulbasaur|spa|1|[zeffect]\n|-boost|p1a: Bulbasaur|spd|1|[zeffect]\n|-boost|p1a: Bulbasaur|spe|1|[zeffect]\n|-activate|p1a: Bulbasaur|move: Celebrate\n|move|p2a: Snubbull|Fire Punch|p1a: Bulbasaur\n|-supereffective|p1a: Bulbasaur\n|-damage|p1a: Bulbasaur|0 fnt\n|faint|p1a: Bulbasaur\n|\n|upkeep\n|\n|t:|1652230628\n|switch|p1a: Munchlax|Munchlax, L5, F|30\/30\n|turn|11\n|\n|t:|1652230639\n|move|p2a: Snubbull|Play Rough|p1a: Munchlax\n|-damage|p1a: Munchlax|0 fnt\n|faint|p1a: Munchlax\n|\n|upkeep\n|\n|t:|1652230643\n|switch|p1a: Mudbray|Mudbray, L5, F|24\/25\n|turn|12\n|\n|t:|1652230646\n|move|p1a: Mudbray|Heavy Slam|p2a: Snubbull\n|-supereffective|p2a: Snubbull\n|-damage|p2a: Snubbull|9\/23\n|-enditem|p2a: Snubbull|Berry Juice\n|-heal|p2a: Snubbull|23\/23|[from] item: Berry Juice\n|move|p2a: Snubbull|Play Rough|p1a: Mudbray\n|-damage|p1a: Mudbray|0 fnt\n|faint|p1a: Mudbray\n|\n|upkeep\n|\n|t:|1652230649\n|switch|p1a: Shellder|Shellder, L5, F|20\/20\n|turn|13\n|\n|t:|1652230651\n|move|p1a: Shellder|Shell Smash|p1a: Shellder\n|-unboost|p1a: Shellder|def|1\n|-unboost|p1a: Shellder|spd|1\n|-boost|p1a: Shellder|atk|2\n|-boost|p1a: Shellder|spa|2\n|-boost|p1a: Shellder|spe|2\n|move|p2a: Snubbull|Play Rough|p1a: Shellder\n|-damage|p1a: Shellder|2\/20\n|\n|upkeep\n|turn|14\n|c|\u2606Batataplays|Gg\n|\n|t:|1652230656\n|move|p1a: Shellder|Icicle Spear|p2a: Snubbull\n|-damage|p2a: Snubbull|20\/23\n|-damage|p2a: Snubbull|17\/23\n|-damage|p2a: Snubbull|14\/23\n|-damage|p2a: Snubbull|11\/23\n|-damage|p2a: Snubbull|8\/23\n|-hitcount|p2a: Snubbull|5\n|move|p2a: Snubbull|Play Rough|p1a: Shellder\n|-damage|p1a: Shellder|0 fnt\n|faint|p1a: Shellder\n|\n|win|Dugtrio Is Broken\n|n|\u2606Batataplays|batataplays\n|n|\u2606Dugtrio Is Broken|dugtrioisbroken\n|n| Eu188q717188191|eu188q717188191\n","inputlog":">version 3115cfa9da4584a6803ed46aa555a31ae64bc6d8\n>start {\"formatid\":\"gen7battlefactory\",\"seed\":[16625,57260,52368,46008],\"rated\":\"Tournament battle\"}\n>player p1 {\"name\":\"Batataplays\",\"avatar\":\"sonia\",\"rating\":0,\"seed\":[45130,26183,26693,43696]}\n>player p2 {\"name\":\"Dugtrio Is Broken\",\"avatar\":\"blackbelt\",\"rating\":0,\"seed\":[13779,41214,43472,31018]}\n>chat \u2606Dugtrio Is Broken|hf\n>chat \u2606Batataplays|Hf\n>chat \u2606Batataplays|Tu manja de LC?\n>chat \u2606Dugtrio Is Broken|ss\n>chat \u2606Batataplays|Vish\n>p1 team 4, 2, 3, 1, 5, 6\n>p2 team 6, 2, 3, 4, 5, 1\n>p1 move earthquake\n>p2 move voltswitch\n>p2 switch 2\n>p1 move uturn\n>p2 move iciclespear\n>p1 switch 6\n>p1 switch 5\n>p2 switch 6\n>p1 move leafstorm\n>p2 move sludgebomb\n>p1 move hiddenpower\n>p2 move sludgebomb\n>p2 switch 5\n>p1 move hiddenpower\n>p2 move darkpulse\n>p1 switch 3\n>p1 move earthquake\n>p2 move darkpulse\n>p2 switch 3\n>p1 move stealthrock\n>p2 move bulkup\n>p1 switch 2\n>p2 move bulkup\n>p1 move celebrate zmove\n>p2 move firepunch\n>p1 switch 4\n>p1 move counter\n>p2 move playrough\n>p1 switch 2\n>p1 move heavyslam\n>p2 move playrough\n>p1 switch 5\n>p1 move shellsmash\n>p2 move playrough\n>chat \u2606Batataplays|Gg\n>p1 move iciclespear\n>p2 move playrough","uploadtime":1652230657,"views":4,"p1id":"batataplays","p2id":"dugtrioisbroken","formatid":"gen7battlefactory","rating":0,"private":0,"password":null}