{"id":"gen7ou-961172755","p1":"kura39","p2":"Lord cube","format":"gen7ou","log":"|j|\u2606kura39\n|j|\u2606Lord cube\n|player|p1|kura39|169|1147\n|player|p2|Lord cube|2|1190\n|teamsize|p1|6\n|teamsize|p2|6\n|gametype|singles\n|gen|7\n|tier|[Gen 7] OU\n|rated|\n|rule|Sleep Clause Mod: Limit one foe put to sleep\n|rule|Species Clause: Limit one of each Pok\u00e9mon\n|rule|OHKO Clause: OHKO moves are banned\n|rule|Moody Clause: Moody is banned\n|rule|Evasion Moves Clause: Evasion moves are banned\n|rule|Endless Battle Clause: Forcing endless battles is banned\n|rule|HP Percentage Mod: HP is shown in percentages\n|clearpoke\n|poke|p1|Shuckle, F|item\n|poke|p1|Gengar, M|item\n|poke|p1|Bisharp, F|item\n|poke|p1|Gyarados, F|item\n|poke|p1|Kommo-o, F|item\n|poke|p1|Mamoswine, F|item\n|poke|p2|Togekiss, M|item\n|poke|p2|Darmanitan, M|item\n|poke|p2|Tapu Koko|item\n|poke|p2|Hawlucha, M|item\n|poke|p2|Empoleon, F|item\n|poke|p2|Latios, M|item\n|teampreview\n|inactive|Battle timer is ON: inactive players will automatically lose when time's up. (requested by Lord cube)\n|\n|start\n|switch|p1a: Shuckle|Shuckle, F|100\/100\n|switch|p2a: Empoleon|Empoleon, F|100\/100\n|turn|1\n|\n|move|p2a: Empoleon|Surf|p1a: Shuckle\n|-supereffective|p1a: Shuckle\n|-damage|p1a: Shuckle|61\/100\n|move|p1a: Shuckle|Sticky Web|p2a: Empoleon\n|-sidestart|p2: Lord cube|move: Sticky Web\n|\n|upkeep\n|turn|2\n|\n|move|p2a: Empoleon|Toxic|p1a: Shuckle\n|-status|p1a: Shuckle|tox\n|move|p1a: Shuckle|Encore|p2a: Empoleon\n|-start|p2a: Empoleon|Encore\n|\n|-damage|p1a: Shuckle|55\/100 tox|[from] psn\n|upkeep\n|turn|3\n|\n|switch|p2a: Latios|Latios, M|100\/100\n|switch|p1a: Gengar|Gengar, M|100\/100\n|\n|upkeep\n|turn|4\n|\n|-zpower|p1a: Gengar\n|move|p1a: Gengar|Never-Ending Nightmare|p2a: Latios|[zeffect]\n|-supereffective|p2a: Latios\n|-damage|p2a: Latios|0 fnt\n|faint|p2a: Latios\n|\n|upkeep\n|\n|switch|p2a: Empoleon|Empoleon, F|100\/100\n|-activate|p2a: Empoleon|move: Sticky Web\n|-unboost|p2a: Empoleon|spe|1\n|turn|5\n|\n|move|p1a: Gengar|Taunt|p2a: Empoleon\n|-start|p2a: Empoleon|move: Taunt\n|cant|p2a: Empoleon|move: Taunt|Defog\n|\n|upkeep\n|turn|6\n|\n|switch|p1a: Kommo-o|Kommo-o, F|100\/100\n|switch|p2a: Tapu Koko|Tapu Koko|100\/100\n|-activate|p2a: Tapu Koko|move: Sticky Web\n|-unboost|p2a: Tapu Koko|spe|1\n|-fieldstart|move: Electric Terrain|[from] ability: Electric Surge|[of] p2a: Tapu Koko\n|\n|upkeep\n|turn|7\n|inactive|kura39 has 120 seconds left.\n|\n|switch|p2a: Togekiss|Togekiss, M|100\/100\n|switch|p1a: Gengar|Gengar, M|100\/100\n|\n|upkeep\n|turn|8\n|\n|move|p1a: Gengar|Sludge Wave|p2a: Togekiss\n|-supereffective|p2a: Togekiss\n|-damage|p2a: Togekiss|24\/100\n|-status|p2a: Togekiss|psn\n|move|p2a: Togekiss|Thunder Wave|p1a: Gengar\n|-status|p1a: Gengar|par\n|\n|-damage|p2a: Togekiss|12\/100 psn|[from] psn\n|upkeep\n|turn|9\n|\n|switch|p2a: Empoleon|Empoleon, F|100\/100\n|-activate|p2a: Empoleon|move: Sticky Web\n|-unboost|p2a: Empoleon|spe|1\n|move|p1a: Gengar|Sludge Wave|p2a: Empoleon\n|-immune|p2a: Empoleon\n|\n|upkeep\n|turn|10\n|\n|switch|p1a: Bisharp|Bisharp, F|100\/100\n|move|p2a: Empoleon|Defog|p1a: Bisharp\n|-unboost|p1a: Bisharp|evasion|1\n|-ability|p1a: Bisharp|Defiant|boost\n|-boost|p1a: Bisharp|atk|2\n|-sideend|p2: Lord cube|Sticky Web|[from] move: Defog|[of] p2a: Empoleon\n|\n|-fieldend|move: Electric Terrain\n|upkeep\n|turn|11\n|\n|switch|p2a: Togekiss|Togekiss, M|12\/100 psn\n|move|p1a: Bisharp|Knock Off|p2a: Togekiss\n|-resisted|p2a: Togekiss\n|-damage|p2a: Togekiss|0 fnt\n|-enditem|p2a: Togekiss|Metronome|[from] move: Knock Off|[of] p1a: Bisharp\n|faint|p2a: Togekiss\n|\n|upkeep\n|\n|switch|p2a: Darmanitan|Darmanitan, M|100\/100\n|turn|12\n|\n|move|p1a: Bisharp|Sucker Punch|p2a: Darmanitan\n|-damage|p2a: Darmanitan|0 fnt\n|faint|p2a: Darmanitan\n|\n|upkeep\n|inactive|Lord cube has 120 seconds left.\n|\n|switch|p2a: Tapu Koko|Tapu Koko|100\/100\n|-fieldstart|move: Electric Terrain|[from] ability: Electric Surge|[of] p2a: Tapu Koko\n|turn|13\n|\n|move|p2a: Tapu Koko|Thunderbolt|p1a: Bisharp\n|-damage|p1a: Bisharp|10\/100\n|move|p1a: Bisharp|Iron Head|p2a: Tapu Koko\n|-damage|p2a: Tapu Koko|0 fnt\n|faint|p2a: Tapu Koko\n|\n|upkeep\n|\n|switch|p2a: Hawlucha|Hawlucha, M|100\/100\n|-enditem|p2a: Hawlucha|Electric Seed\n|-boost|p2a: Hawlucha|def|1\n|turn|14\n|\n|move|p2a: Hawlucha|Substitute|p2a: Hawlucha\n|-start|p2a: Hawlucha|Substitute\n|-damage|p2a: Hawlucha|76\/100\n|move|p1a: Bisharp|Iron Head|p2a: Hawlucha\n|-end|p2a: Hawlucha|Substitute\n|\n|upkeep\n|turn|15\n|\n|move|p2a: Hawlucha|Drain Punch|p1a: Bisharp\n|-supereffective|p1a: Bisharp\n|-damage|p1a: Bisharp|0 fnt\n|-heal|p2a: Hawlucha|80\/100|[from] drain|[of] p1a: Bisharp\n|faint|p1a: Bisharp\n|\n|upkeep\n|\n|switch|p1a: Shuckle|Shuckle, F|55\/100 tox\n|turn|16\n|\n|move|p2a: Hawlucha|Drain Punch|p1a: Shuckle\n|-damage|p1a: Shuckle|35\/100 tox\n|-heal|p2a: Hawlucha|89\/100|[from] drain|[of] p1a: Shuckle\n|move|p1a: Shuckle|Encore|p2a: Hawlucha\n|-start|p2a: Hawlucha|Encore\n|\n|-damage|p1a: Shuckle|29\/100 tox|[from] psn\n|upkeep\n|turn|17\n|\n|switch|p1a: Gengar|Gengar, M|100\/100 par\n|move|p2a: Hawlucha|Drain Punch|p1a: Gengar\n|-immune|p1a: Gengar\n|\n|-fieldend|move: Electric Terrain\n|upkeep\n|turn|18\n|\n|switch|p2a: Empoleon|Empoleon, F|100\/100\n|move|p1a: Gengar|Sludge Wave|p2a: Empoleon\n|-immune|p2a: Empoleon\n|\n|upkeep\n|turn|19\n|\n|cant|p1a: Gengar|par\n|move|p2a: Empoleon|Surf|p1a: Gengar\n|-crit|p1a: Gengar\n|-damage|p1a: Gengar|14\/100 par\n|\n|upkeep\n|turn|20\n|\n|move|p1a: Gengar|Focus Blast|p2a: Empoleon\n|-supereffective|p2a: Empoleon\n|-damage|p2a: Empoleon|22\/100\n|move|p2a: Empoleon|Surf|p1a: Gengar\n|-damage|p1a: Gengar|0 fnt\n|-start|p2a: Empoleon|Disable|Surf|[from] ability: Cursed Body|[of] p1a: Gengar\n|faint|p1a: Gengar\n|\n|upkeep\n|\n|switch|p1a: Kommo-o|Kommo-o, F|100\/100\n|turn|21\n|\n|move|p1a: Kommo-o|Substitute|p1a: Kommo-o\n|-start|p1a: Kommo-o|Substitute\n|-damage|p1a: Kommo-o|75\/100\n|move|p2a: Empoleon|Ice Beam|p1a: Kommo-o\n|-supereffective|p1a: Kommo-o\n|-end|p1a: Kommo-o|Substitute\n|\n|upkeep\n|turn|22\n|\n|move|p1a: Kommo-o|Substitute|p1a: Kommo-o\n|-start|p1a: Kommo-o|Substitute\n|-damage|p1a: Kommo-o|50\/100\n|move|p2a: Empoleon|Ice Beam|p1a: Kommo-o\n|-supereffective|p1a: Kommo-o\n|-end|p1a: Kommo-o|Substitute\n|\n|upkeep\n|turn|23\n|\n|move|p1a: Kommo-o|Substitute|p1a: Kommo-o\n|-start|p1a: Kommo-o|Substitute\n|-damage|p1a: Kommo-o|25\/100\n|-enditem|p1a: Kommo-o|Salac Berry|[eat]\n|-boost|p1a: Kommo-o|spe|1\n|move|p2a: Empoleon|Ice Beam|p1a: Kommo-o\n|-supereffective|p1a: Kommo-o\n|-end|p1a: Kommo-o|Substitute\n|\n|-end|p2a: Empoleon|Disable\n|upkeep\n|turn|24\n|\n|move|p1a: Kommo-o|Drain Punch|p2a: Empoleon\n|-supereffective|p2a: Empoleon\n|-damage|p2a: Empoleon|0 fnt\n|-heal|p1a: Kommo-o|39\/100|[from] drain|[of] p2a: Empoleon\n|faint|p2a: Empoleon\n|\n|upkeep\n|\n|switch|p2a: Hawlucha|Hawlucha, M|89\/100\n|turn|25\n|\n|move|p1a: Kommo-o|Rock Slide|p2a: Hawlucha\n|-damage|p2a: Hawlucha|54\/100\n|move|p2a: Hawlucha|Acrobatics|p1a: Kommo-o\n|-supereffective|p1a: Kommo-o\n|-damage|p1a: Kommo-o|0 fnt\n|faint|p1a: Kommo-o\n|\n|upkeep\n|\n|switch|p1a: Mamoswine|Mamoswine, F|100\/100\n|turn|26\n|\n|move|p1a: Mamoswine|Ice Shard|p2a: Hawlucha\n|-supereffective|p2a: Hawlucha\n|-damage|p2a: Hawlucha|0 fnt\n|-damage|p1a: Mamoswine|91\/100|[from] item: Life Orb\n|faint|p2a: Hawlucha\n|\n|win|kura39\n|l|\u2606Lord cube\n|raw|kura39's rating: 1147 &rarr; <strong>1175<\/strong><br \/>(+28 for winning)\n|raw|Lord cube's rating: 1190 &rarr; <strong>1162<\/strong><br \/>(-28 for losing)\n","uploadtime":1565961598,"views":20,"p1id":"kura39","p2id":"lordcube","formatid":"gen7ou","rating":1162,"private":0,"password":null}