{"id":"gen7ou-948322218","p1":"JoJo321","p2":"LT61RQ LLLiolae","format":"gen7ou","log":"|j|\u2606JoJo321\n|j|\u2606LT61RQ LLLiolae\n|player|p1|JoJo321|266|1822\n|player|p2|LT61RQ LLLiolae|1|1821\n|teamsize|p1|6\n|teamsize|p2|6\n|gametype|singles\n|gen|7\n|tier|[Gen 7] OU\n|rated|\n|rule|Sleep Clause Mod: Limit one foe put to sleep\n|rule|Species Clause: Limit one of each Pok\u00e9mon\n|rule|OHKO Clause: OHKO moves are banned\n|rule|Moody Clause: Moody is banned\n|rule|Evasion Moves Clause: Evasion moves are banned\n|rule|Endless Battle Clause: Forcing endless battles is banned\n|rule|HP Percentage Mod: HP is shown in percentages\n|clearpoke\n|poke|p1|Stakataka|item\n|poke|p1|Magearna|item\n|poke|p1|Cresselia, F|item\n|poke|p1|Azumarill, F|item\n|poke|p1|Bronzong|item\n|poke|p1|Mawile, M|item\n|poke|p2|Pelipper, M|item\n|poke|p2|Greninja, M|item\n|poke|p2|Swampert, M|item\n|poke|p2|Ferrothorn, M|item\n|poke|p2|Tornadus-Therian, M|item\n|poke|p2|Azumarill, M|item\n|teampreview\n|\n|start\n|switch|p1a: Bronzong|Bronzong|100\/100\n|switch|p2a: Pelipper|Pelipper, M|100\/100\n|-weather|RainDance|[from] ability: Drizzle|[of] p2a: Pelipper\n|turn|1\n|j| carne esada\n|j| MS3D\n|j| Neck_ranko\n|inactive|Battle timer is ON: inactive players will automatically lose when time's up. (requested by JoJo321)\n|\n|move|p2a: Pelipper|Scald|p1a: Bronzong\n|-damage|p1a: Bronzong|64\/100\n|move|p1a: Bronzong|Trick Room|p1a: Bronzong\n|-fieldstart|move: Trick Room|[of] p1a: Bronzong\n|\n|-weather|RainDance|[upkeep]\n|upkeep\n|turn|2\n|\n|move|p1a: Bronzong|Stealth Rock|p2a: Pelipper\n|-sidestart|p2: LT61RQ LLLiolae|move: Stealth Rock\n|move|p2a: Pelipper|Scald|p1a: Bronzong\n|-damage|p1a: Bronzong|29\/100\n|-status|p1a: Bronzong|brn\n|\n|-weather|RainDance|[upkeep]\n|-damage|p1a: Bronzong|26\/100 brn|[from] brn\n|upkeep\n|turn|3\n|\n|switch|p2a: Ferrothorn|Ferrothorn, M|100\/100\n|-damage|p2a: Ferrothorn|94\/100|[from] Stealth Rock\n|move|p1a: Bronzong|Explosion|p2a: Ferrothorn\n|-resisted|p2a: Ferrothorn\n|-damage|p2a: Ferrothorn|82\/100\n|faint|p1a: Bronzong\n|\n|-weather|RainDance|[upkeep]\n|-heal|p2a: Ferrothorn|88\/100|[from] item: Leftovers\n|upkeep\n|\n|switch|p1a: Mawile|Mawile, M|100\/100\n|-ability|p1a: Mawile|Intimidate|boost\n|-unboost|p2a: Ferrothorn|atk|1\n|turn|4\n|\n|detailschange|p1a: Mawile|Mawile-Mega, M\n|-mega|p1a: Mawile|Mawile|Mawilite\n|move|p2a: Ferrothorn|Stealth Rock|p1a: Mawile\n|-sidestart|p1: JoJo321|move: Stealth Rock\n|move|p1a: Mawile|Swords Dance|p1a: Mawile\n|-boost|p1a: Mawile|atk|2\n|\n|-weather|RainDance|[upkeep]\n|-heal|p2a: Ferrothorn|95\/100|[from] item: Leftovers\n|upkeep\n|turn|5\n|\n|move|p2a: Ferrothorn|Gyro Ball|p1a: Mawile\n|-damage|p1a: Mawile|88\/100\n|move|p1a: Mawile|Knock Off|p2a: Ferrothorn\n|-damage|p2a: Ferrothorn|0 fnt\n|-damage|p1a: Mawile|76\/100|[from] ability: Iron Barbs|[of] p2a: Ferrothorn\n|-enditem|p2a: Ferrothorn|Leftovers|[from] move: Knock Off|[of] p1a: Mawile\n|faint|p2a: Ferrothorn\n|\n|-weather|RainDance|[upkeep]\n|-fieldend|move: Trick Room\n|upkeep\n|\n|switch|p2a: Swampert|Swampert, M|100\/100\n|-damage|p2a: Swampert|94\/100|[from] Stealth Rock\n|turn|6\n|\n|detailschange|p2a: Swampert|Swampert-Mega, M\n|-mega|p2a: Swampert|Swampert|Swampertite\n|move|p1a: Mawile|Sucker Punch||[still]\n|-fail|p1a: Mawile\n|move|p2a: Swampert|Substitute|p2a: Swampert\n|-start|p2a: Swampert|Substitute\n|-damage|p2a: Swampert|69\/100\n|\n|-weather|RainDance|[upkeep]\n|upkeep\n|turn|7\n|j| LudoNoLudo'\n|\n|switch|p1a: Cresselia|Cresselia, F|100\/100\n|-damage|p1a: Cresselia|88\/100|[from] Stealth Rock\n|move|p2a: Swampert|Earthquake|p1a: Cresselia\n|-immune|p1a: Cresselia|[from] ability: Levitate\n|\n|-weather|RainDance|[upkeep]\n|upkeep\n|turn|8\n|\n|move|p2a: Swampert|Waterfall|p1a: Cresselia\n|-damage|p1a: Cresselia|47\/100\n|move|p1a: Cresselia|Trick Room|p1a: Cresselia\n|-fieldstart|move: Trick Room|[of] p1a: Cresselia\n|\n|-weather|none\n|upkeep\n|turn|9\n|\n|move|p1a: Cresselia|Moonlight|p1a: Cresselia\n|-heal|p1a: Cresselia|97\/100\n|move|p2a: Swampert|Waterfall|p1a: Cresselia\n|-damage|p1a: Cresselia|70\/100\n|\n|upkeep\n|turn|10\n|\n|move|p1a: Cresselia|Ice Beam|p2a: Swampert\n|-activate|p2a: Swampert|move: Substitute|[damage]\n|move|p2a: Swampert|Ice Punch|p1a: Cresselia\n|-damage|p1a: Cresselia|54\/100\n|\n|upkeep\n|turn|11\n|\n|move|p1a: Cresselia|Moonlight|p1a: Cresselia\n|-heal|p1a: Cresselia|100\/100\n|move|p2a: Swampert|Ice Punch|p1a: Cresselia\n|-damage|p1a: Cresselia|85\/100\n|\n|upkeep\n|turn|12\n|\n|move|p1a: Cresselia|Ice Beam|p2a: Swampert\n|-end|p2a: Swampert|Substitute\n|move|p2a: Swampert|Substitute|p2a: Swampert\n|-start|p2a: Swampert|Substitute\n|-damage|p2a: Swampert|44\/100\n|\n|-fieldend|move: Trick Room\n|upkeep\n|turn|13\n|\n|move|p2a: Swampert|Ice Punch|p1a: Cresselia\n|-damage|p1a: Cresselia|69\/100\n|move|p1a: Cresselia|Trick Room|p1a: Cresselia\n|-fieldstart|move: Trick Room|[of] p1a: Cresselia\n|\n|upkeep\n|turn|14\n|\n|move|p1a: Cresselia|Ice Beam|p2a: Swampert\n|-activate|p2a: Swampert|move: Substitute|[damage]\n|move|p2a: Swampert|Ice Punch|p1a: Cresselia\n|-damage|p1a: Cresselia|53\/100\n|\n|upkeep\n|turn|15\n|\n|move|p1a: Cresselia|Moonlight|p1a: Cresselia\n|-heal|p1a: Cresselia|100\/100\n|move|p2a: Swampert|Ice Punch|p1a: Cresselia\n|-crit|p1a: Cresselia\n|-damage|p1a: Cresselia|75\/100\n|\n|upkeep\n|turn|16\n|\n|move|p1a: Cresselia|Ice Beam|p2a: Swampert\n|-end|p2a: Swampert|Substitute\n|move|p2a: Swampert|Substitute|p2a: Swampert\n|-start|p2a: Swampert|Substitute\n|-damage|p2a: Swampert|20\/100\n|\n|upkeep\n|turn|17\n|\n|move|p1a: Cresselia|Ice Beam|p2a: Swampert\n|-activate|p2a: Swampert|move: Substitute|[damage]\n|move|p2a: Swampert|Ice Punch|p1a: Cresselia\n|-damage|p1a: Cresselia|57\/100\n|\n|-fieldend|move: Trick Room\n|upkeep\n|turn|18\n|\n|move|p2a: Swampert|Ice Punch|p1a: Cresselia\n|-damage|p1a: Cresselia|40\/100\n|move|p1a: Cresselia|Trick Room|p1a: Cresselia\n|-fieldstart|move: Trick Room|[of] p1a: Cresselia\n|\n|upkeep\n|turn|19\n|\n|move|p1a: Cresselia|Moonlight|p1a: Cresselia\n|-heal|p1a: Cresselia|90\/100\n|move|p2a: Swampert|Ice Punch|p1a: Cresselia\n|-damage|p1a: Cresselia|74\/100\n|\n|upkeep\n|turn|20\n|\n|move|p1a: Cresselia|Ice Beam|p2a: Swampert\n|-end|p2a: Swampert|Substitute\n|move|p2a: Swampert|Ice Punch|p1a: Cresselia\n|-damage|p1a: Cresselia|56\/100\n|\n|upkeep\n|turn|21\n|j| zCompuLsive\n|\n|switch|p2a: Pelipper|Pelipper, M|100\/100\n|-damage|p2a: Pelipper|76\/100|[from] Stealth Rock\n|-weather|RainDance|[from] ability: Drizzle|[of] p2a: Pelipper\n|move|p1a: Cresselia|Moonlight|p1a: Cresselia\n|-heal|p1a: Cresselia|81\/100\n|\n|-weather|RainDance|[upkeep]\n|upkeep\n|turn|22\n|l| LudoNoLudo'\n|\n|move|p1a: Cresselia|Ice Beam|p2a: Pelipper\n|-damage|p2a: Pelipper|57\/100\n|move|p2a: Pelipper|U-turn|p1a: Cresselia\n|-supereffective|p1a: Cresselia\n|-damage|p1a: Cresselia|72\/100\n|\n|switch|p2a: Greninja|Greninja, M|100\/100|[from]move: U-turn\n|-damage|p2a: Greninja|88\/100|[from] Stealth Rock\n|\n|-weather|RainDance|[upkeep]\n|-fieldend|move: Trick Room\n|upkeep\n|turn|23\n|\n|switch|p1a: Azumarill|Azumarill, F|100\/100\n|-damage|p1a: Azumarill|88\/100|[from] Stealth Rock\n|move|p2a: Greninja|Surf|p1a: Azumarill\n|-resisted|p1a: Azumarill\n|-damage|p1a: Azumarill|46\/100\n|\n|-weather|RainDance|[upkeep]\n|upkeep\n|turn|24\n|\n|move|p2a: Greninja|Surf|p1a: Azumarill\n|-resisted|p1a: Azumarill\n|-damage|p1a: Azumarill|4\/100\n|move|p1a: Azumarill|Play Rough|p2a: Greninja\n|-supereffective|p2a: Greninja\n|-damage|p2a: Greninja|0 fnt\n|faint|p2a: Greninja\n|\n|-weather|RainDance|[upkeep]\n|upkeep\n|\n|switch|p2a: Tornadus|Tornadus-Therian, M|100\/100\n|-damage|p2a: Tornadus|76\/100|[from] Stealth Rock\n|turn|25\n|\n|move|p2a: Tornadus|Hurricane|p1a: Azumarill\n|-damage|p1a: Azumarill|0 fnt\n|faint|p1a: Azumarill\n|\n|-weather|RainDance|[upkeep]\n|upkeep\n|\n|switch|p1a: Magearna|Magearna|100\/100\n|-damage|p1a: Magearna|94\/100|[from] Stealth Rock\n|turn|26\n|\n|move|p2a: Tornadus|Taunt|p1a: Magearna\n|-start|p1a: Magearna|move: Taunt\n|cant|p1a: Magearna|move: Taunt|Trick Room\n|\n|-weather|RainDance|[upkeep]\n|upkeep\n|turn|27\n|\n|move|p2a: Tornadus|U-turn|p1a: Magearna\n|-resisted|p1a: Magearna\n|-damage|p1a: Magearna|92\/100\n|j| Gogoplata\n|\n|switch|p2a: Pelipper|Pelipper, M|57\/100|[from]move: U-turn\n|-damage|p2a: Pelipper|32\/100|[from] Stealth Rock\n|-zpower|p1a: Magearna\n|move|p1a: Magearna|Twinkle Tackle|p2a: Pelipper|[zeffect]\n|-damage|p2a: Pelipper|0 fnt\n|faint|p2a: Pelipper\n|-ability|p1a: Magearna|Soul-Heart|boost\n|-boost|p1a: Magearna|spa|1\n|\n|-weather|RainDance|[upkeep]\n|upkeep\n|\n|switch|p2a: Swampert|Swampert-Mega, M|20\/100\n|-damage|p2a: Swampert|13\/100|[from] Stealth Rock\n|turn|28\n|\n|switch|p1a: Mawile|Mawile-Mega, M|76\/100\n|-damage|p1a: Mawile|70\/100|[from] Stealth Rock\n|move|p2a: Swampert|Waterfall|p1a: Mawile\n|-damage|p1a: Mawile|0 fnt\n|faint|p1a: Mawile\n|\n|-weather|none\n|upkeep\n|\n|switch|p1a: Cresselia|Cresselia, F|72\/100\n|-damage|p1a: Cresselia|60\/100|[from] Stealth Rock\n|turn|29\n|\n|switch|p2a: Azumarill|Azumarill, M|100\/100\n|-damage|p2a: Azumarill|88\/100|[from] Stealth Rock\n|move|p1a: Cresselia|Trick Room|p1a: Cresselia\n|-fieldstart|move: Trick Room|[of] p1a: Cresselia\n|\n|upkeep\n|turn|30\n|\n|move|p1a: Cresselia|Lunar Dance|p1a: Cresselia\n|faint|p1a: Cresselia\n|-zpower|p2a: Azumarill\n|move|p2a: Azumarill|Z-Belly Drum|p2a: Azumarill|[anim]Belly Drum\n|-heal|p2a: Azumarill|100\/100|[zeffect]\n|-damage|p2a: Azumarill|50\/100\n|-setboost|p2a: Azumarill|atk|6|[from] move: Belly Drum\n|\n|upkeep\n|\n|switch|p1a: Magearna|Magearna|92\/100\n|-heal|p1a: Magearna|100\/100|[from] move: Lunar Dance\n|-damage|p1a: Magearna|94\/100|[from] Stealth Rock\n|turn|31\n|\n|move|p2a: Azumarill|Aqua Jet|p1a: Magearna\n|-damage|p1a: Magearna|19\/100\n|move|p1a: Magearna|Thunderbolt|p2a: Azumarill\n|-supereffective|p2a: Azumarill\n|-damage|p2a: Azumarill|0 fnt\n|faint|p2a: Azumarill\n|-ability|p1a: Magearna|Soul-Heart|boost\n|-boost|p1a: Magearna|spa|1\n|\n|upkeep\n|j| ayevon\n|\n|switch|p2a: Tornadus|Tornadus-Therian, M|100\/100\n|-damage|p2a: Tornadus|76\/100|[from] Stealth Rock\n|turn|32\n|\n|switch|p2a: Swampert|Swampert-Mega, M|13\/100\n|-damage|p2a: Swampert|7\/100|[from] Stealth Rock\n|move|p1a: Magearna|Fleur Cannon|p2a: Swampert\n|-damage|p2a: Swampert|0 fnt\n|-unboost|p1a: Magearna|spa|2\n|faint|p2a: Swampert\n|-ability|p1a: Magearna|Soul-Heart|boost\n|-boost|p1a: Magearna|spa|1\n|\n|upkeep\n|\n|switch|p2a: Tornadus|Tornadus-Therian, M|100\/100\n|-damage|p2a: Tornadus|76\/100|[from] Stealth Rock\n|turn|33\n|\n|move|p1a: Magearna|Thunderbolt|p2a: Tornadus\n|-supereffective|p2a: Tornadus\n|-damage|p2a: Tornadus|9\/100\n|move|p2a: Tornadus|Hurricane|p1a: Magearna\n|-resisted|p1a: Magearna\n|-damage|p1a: Magearna|2\/100\n|\n|-fieldend|move: Trick Room\n|upkeep\n|turn|34\n|\n|move|p2a: Tornadus|U-turn|p1a: Magearna\n|-resisted|p1a: Magearna\n|-damage|p1a: Magearna|0 fnt\n|faint|p1a: Magearna\n|\n|upkeep\n|\n|switch|p1a: Stakataka|Stakataka|100\/100\n|-damage|p1a: Stakataka|94\/100|[from] Stealth Rock\n|turn|35\n|\n|move|p2a: Tornadus|Hurricane|p1a: Stakataka\n|-resisted|p1a: Stakataka\n|-damage|p1a: Stakataka|84\/100\n|move|p1a: Stakataka|Gyro Ball|p2a: Tornadus\n|-damage|p2a: Tornadus|0 fnt\n|-damage|p1a: Stakataka|67\/100|[from] item: Rocky Helmet|[of] p2a: Tornadus\n|faint|p2a: Tornadus\n|\n|win|JoJo321\n|l|\u2606JoJo321\n|l|\u2606LT61RQ LLLiolae\n|l| MS3D\n|l| ayevon\n|raw|JoJo321's rating: 1802 &rarr; <strong>1823<\/strong><br \/>(+21 for winning)\n|raw|LT61RQ LLLiolae's rating: 1821 &rarr; <strong>1800<\/strong><br \/>(-21 for losing)\n|l| carne esada\n|l| zCompuLsive\n|l| Gogoplata\n|l| Neck_ranko\n","uploadtime":1563729680,"views":14,"p1id":"jojo321","p2id":"lt61rqllliolae","formatid":"gen7ou","rating":1800,"private":0,"password":null}