{"id":"gen7ru-1159169401","p1":"infinitesimally","p2":"x+skelly=34","format":"gen7ru","log":"|j|\u2606infinitesimally\n|j|\u2606x+skelly=34\n|t:|1595950114\n|player|p1|infinitesimally|hilda-dueldisk|\n|player|p2|x+skelly=34|preschoolers|\n|teamsize|p1|6\n|teamsize|p2|6\n|gametype|singles\n|gen|7\n|tier|[Gen 7] RU\n|rated|Tournament battle\n|clearpoke\n|poke|p1|Tyrantrum, M|item\n|poke|p1|Camerupt, M|item\n|poke|p1|Passimian, M|item\n|poke|p1|Registeel|item\n|poke|p1|Golbat, M|item\n|poke|p1|Shaymin|item\n|poke|p2|Araquanid, M|item\n|poke|p2|Weezing, M|item\n|poke|p2|Flygon, M|item\n|poke|p2|Mandibuzz, F|item\n|poke|p2|Virizion|item\n|poke|p2|Bronzong|item\n|rule|Sleep Clause Mod: Limit one foe put to sleep\n|rule|Species Clause: Limit one of each Pok\u00e9mon\n|rule|OHKO Clause: OHKO moves are banned\n|rule|Moody Clause: Moody is banned\n|rule|Evasion Moves Clause: Evasion moves are banned\n|rule|Endless Battle Clause: Forcing endless battles is banned\n|rule|HP Percentage Mod: HP is shown in percentages\n|teampreview\n|j|*Lady Monita\n|c|\u2606x+skelly=34|hf\n|\n|t:|1595950125\n|start\n|switch|p1a: Tyrantrum|Tyrantrum, M|100\/100\n|switch|p2a: Araquanid|Araquanid, M, shiny|100\/100\n|turn|1\n|c|\u2606infinitesimally|u2\n|j| thunder_1313\n|\n|t:|1595950130\n|switch|p2a: Bronzong|Bronzong, shiny|100\/100\n|move|p1a: Tyrantrum|Head Smash|p2a: Bronzong\n|-resisted|p2a: Bronzong\n|-damage|p2a: Bronzong|52\/100\n|\n|-heal|p2a: Bronzong|58\/100|[from] item: Leftovers\n|upkeep\n|turn|2\n|\n|t:|1595950138\n|move|p1a: Tyrantrum|Head Smash|p2a: Bronzong\n|-resisted|p2a: Bronzong\n|-damage|p2a: Bronzong|8\/100\n|move|p2a: Bronzong|Stealth Rock|p1a: Tyrantrum\n|-sidestart|p1: infinitesimally|move: Stealth Rock\n|\n|-heal|p2a: Bronzong|14\/100|[from] item: Leftovers\n|upkeep\n|turn|3\n|l| thunder_1313\n|\n|t:|1595950147\n|move|p1a: Tyrantrum|Head Smash|p2a: Bronzong\n|-resisted|p2a: Bronzong\n|-damage|p2a: Bronzong|0 fnt\n|faint|p2a: Bronzong\n|\n|upkeep\n|\n|t:|1595950150\n|switch|p2a: Flygon|Flygon, M, shiny|100\/100\n|turn|4\n|\n|t:|1595950154\n|move|p2a: Flygon|U-turn|p1a: Tyrantrum\n|-damage|p1a: Tyrantrum|80\/100\n|\n|t:|1595950162\n|switch|p2a: Virizion|Virizion, shiny|100\/100|[from]move: U-turn\n|move|p1a: Tyrantrum|Head Smash|p2a: Virizion\n|-resisted|p2a: Virizion\n|-damage|p2a: Virizion|9\/100\n|\n|upkeep\n|turn|5\n|\n|t:|1595950166\n|switch|p1a: Golbat|Golbat, M|100\/100\n|-damage|p1a: Golbat|76\/100|[from] Stealth Rock\n|move|p2a: Virizion|Close Combat|p1a: Golbat\n|-resisted|p1a: Golbat\n|-damage|p1a: Golbat|67\/100\n|-unboost|p2a: Virizion|def|1\n|-unboost|p2a: Virizion|spd|1\n|\n|upkeep\n|turn|6\n|\n|t:|1595950176\n|switch|p2a: Mandibuzz|Mandibuzz, F, shiny|100\/100\n|move|p1a: Golbat|Defog|p2a: Mandibuzz\n|-unboost|p2a: Mandibuzz|evasion|1\n|-sideend|p1: infinitesimally|Stealth Rock|[from] move: Defog|[of] p1a: Golbat\n|\n|upkeep\n|turn|7\n|\n|t:|1595950180\n|move|p1a: Golbat|Toxic|p2a: Mandibuzz\n|-status|p2a: Mandibuzz|tox\n|move|p2a: Mandibuzz|Knock Off|p1a: Golbat\n|-damage|p1a: Golbat|53\/100\n|-enditem|p1a: Golbat|Eviolite|[from] move: Knock Off|[of] p2a: Mandibuzz\n|\n|-damage|p2a: Mandibuzz|94\/100 tox|[from] psn\n|upkeep\n|turn|8\n|\n|t:|1595950188\n|switch|p2a: Araquanid|Araquanid, M, shiny|100\/100\n|move|p1a: Golbat|Roost|p1a: Golbat\n|-heal|p1a: Golbat|100\/100\n|-singleturn|p1a: Golbat|move: Roost\n|\n|upkeep\n|turn|9\n|\n|t:|1595950192\n|move|p1a: Golbat|Brave Bird|p2a: Araquanid\n|-supereffective|p2a: Araquanid\n|-damage|p2a: Araquanid|14\/100\n|-damage|p1a: Golbat|77\/100|[from] Recoil\n|move|p2a: Araquanid|Substitute|p2a: Araquanid\n|-fail|p2a: Araquanid|move: Substitute|[weak]\n|\n|-heal|p2a: Araquanid|20\/100|[from] item: Leftovers\n|upkeep\n|turn|10\n|\n|t:|1595950196\n|switch|p2a: Weezing|Weezing, M, shiny|100\/100\n|move|p1a: Golbat|Brave Bird|p2a: Weezing\n|-damage|p2a: Weezing|76\/100\n|-damage|p1a: Golbat|61\/100|[from] item: Rocky Helmet|[of] p2a: Weezing\n|-damage|p1a: Golbat|53\/100|[from] Recoil\n|\n|upkeep\n|turn|11\n|\n|t:|1595950200\n|switch|p1a: Camerupt|Camerupt, M|100\/100\n|move|p2a: Weezing|Sludge Bomb|p1a: Camerupt\n|-resisted|p1a: Camerupt\n|-crit|p1a: Camerupt\n|-damage|p1a: Camerupt|76\/100\n|-status|p1a: Camerupt|psn\n|\n|-damage|p1a: Camerupt|64\/100 psn|[from] psn\n|upkeep\n|turn|12\n|\n|t:|1595950203\n|switch|p2a: Flygon|Flygon, M, shiny|100\/100\n|detailschange|p1a: Camerupt|Camerupt-Mega, M\n|-mega|p1a: Camerupt|Camerupt|Cameruptite\n|move|p1a: Camerupt|Flamethrower|p2a: Flygon\n|-resisted|p2a: Flygon\n|-damage|p2a: Flygon|53\/100\n|\n|-damage|p1a: Camerupt|52\/100 psn|[from] psn\n|upkeep\n|turn|13\n|\n|t:|1595950208\n|move|p2a: Flygon|Earthquake|p1a: Camerupt\n|-supereffective|p1a: Camerupt\n|-damage|p1a: Camerupt|0 fnt\n|faint|p1a: Camerupt\n|\n|upkeep\n|\n|t:|1595950210\n|switch|p1a: Shaymin|Shaymin|100\/100\n|turn|14\n|\n|t:|1595950213\n|switch|p2a: Mandibuzz|Mandibuzz, F, shiny|94\/100 tox\n|switch|p1a: Tyrantrum|Tyrantrum, M|80\/100\n|\n|-heal|p2a: Mandibuzz|100\/100 tox|[from] item: Leftovers\n|-damage|p2a: Mandibuzz|94\/100 tox|[from] psn\n|upkeep\n|turn|15\n|j| SuckMahDck\n|\n|t:|1595950220\n|switch|p2a: Araquanid|Araquanid, M, shiny|20\/100\n|move|p1a: Tyrantrum|Head Smash|p2a: Araquanid|[miss]\n|-miss|p1a: Tyrantrum|p2a: Araquanid\n|\n|-heal|p2a: Araquanid|26\/100|[from] item: Leftovers\n|upkeep\n|turn|16\n|\n|t:|1595950253\n|move|p1a: Tyrantrum|Head Smash|p2a: Araquanid\n|-supereffective|p2a: Araquanid\n|-damage|p2a: Araquanid|0 fnt\n|faint|p2a: Araquanid\n|\n|upkeep\n|\n|t:|1595950268\n|switch|p2a: Virizion|Virizion, shiny|9\/100\n|turn|17\n|\n|t:|1595950278\n|switch|p1a: Golbat|Golbat, M|53\/100\n|move|p2a: Virizion|Synthesis|p2a: Virizion\n|-heal|p2a: Virizion|59\/100\n|\n|upkeep\n|turn|18\n|\n|t:|1595950281\n|switch|p2a: Weezing|Weezing, M, shiny|76\/100\n|move|p1a: Golbat|Roost|p1a: Golbat\n|-heal|p1a: Golbat|100\/100\n|-singleturn|p1a: Golbat|move: Roost\n|\n|upkeep\n|turn|19\n|\n|t:|1595950285\n|switch|p1a: Registeel|Registeel|100\/100\n|move|p2a: Weezing|Toxic Spikes|p1a: Registeel\n|-sidestart|p1: infinitesimally|move: Toxic Spikes\n|\n|upkeep\n|turn|20\n|j| wowsabi\n|inactive|Battle timer is ON: inactive players will automatically lose when time's up. (requested by x+skelly=34)\n|j|+DanDaMan99\n|\n|t:|1595950326\n|switch|p2a: Virizion|Virizion, shiny|59\/100\n|move|p1a: Registeel|Stealth Rock|p2a: Virizion\n|-sidestart|p2: x+skelly=34|move: Stealth Rock\n|\n|upkeep\n|turn|21\n|j|#The Welsh Wall\u2669\n|\n|t:|1595950331\n|switch|p1a: Golbat|Golbat, M|100\/100\n|move|p2a: Virizion|Close Combat|p1a: Golbat\n|-resisted|p1a: Golbat\n|-damage|p1a: Golbat|88\/100\n|-unboost|p2a: Virizion|def|1\n|-unboost|p2a: Virizion|spd|1\n|\n|upkeep\n|turn|22\n|\n|t:|1595950340\n|switch|p2a: Weezing|Weezing, M, shiny|76\/100\n|-damage|p2a: Weezing|64\/100|[from] Stealth Rock\n|switch|p1a: Tyrantrum|Tyrantrum, M|80\/100\n|-status|p1a: Tyrantrum|psn\n|\n|-damage|p1a: Tyrantrum|67\/100 psn|[from] psn\n|upkeep\n|turn|23\n|c|+DanDaMan99|lol tww thoughts on golbat in sm ru\n|c|#The Welsh Wall\u2669|its not the best but its decent\n|inactive|x+skelly=34 has 120 seconds left.\n|l| SuckMahDck\n|\n|t:|1595950386\n|switch|p2a: Virizion|Virizion, shiny|59\/100\n|-damage|p2a: Virizion|53\/100|[from] Stealth Rock\n|move|p1a: Tyrantrum|Head Smash|p2a: Virizion|[miss]\n|-miss|p1a: Tyrantrum|p2a: Virizion\n|\n|-damage|p1a: Tyrantrum|55\/100 psn|[from] psn\n|upkeep\n|turn|24\n|j| SuckMahDck\n|\n|t:|1595950408\n|switch|p1a: Golbat|Golbat, M|88\/100\n|move|p2a: Virizion|Synthesis|p2a: Virizion\n|-heal|p2a: Virizion|100\/100\n|\n|upkeep\n|turn|25\n|\n|t:|1595950411\n|switch|p2a: Weezing|Weezing, M, shiny|64\/100\n|-damage|p2a: Weezing|52\/100|[from] Stealth Rock\n|move|p1a: Golbat|Brave Bird|p2a: Weezing\n|-damage|p2a: Weezing|28\/100\n|-damage|p1a: Golbat|72\/100|[from] item: Rocky Helmet|[of] p2a: Weezing\n|-damage|p1a: Golbat|65\/100|[from] Recoil\n|\n|upkeep\n|turn|26\n|j| hblsblbdsgf\n|\n|t:|1595950417\n|move|p1a: Golbat|Brave Bird|p2a: Weezing\n|-crit|p2a: Weezing\n|-damage|p2a: Weezing|0 fnt\n|-damage|p1a: Golbat|48\/100|[from] item: Rocky Helmet|[of] p2a: Weezing\n|-damage|p1a: Golbat|39\/100|[from] Recoil\n|faint|p2a: Weezing\n|\n|upkeep\n|\n|t:|1595950423\n|switch|p2a: Flygon|Flygon, M, shiny|53\/100\n|-damage|p2a: Flygon|47\/100|[from] Stealth Rock\n|turn|27\n|\n|t:|1595950425\n|switch|p1a: Registeel|Registeel|100\/100\n|move|p2a: Flygon|Outrage|p1a: Registeel\n|-resisted|p1a: Registeel\n|-damage|p1a: Registeel|84\/100\n|\n|-heal|p1a: Registeel|90\/100|[from] item: Leftovers\n|upkeep\n|turn|28\n|\n|t:|1595950428\n|move|p2a: Flygon|Outrage|p1a: Registeel|[from]lockedmove\n|-resisted|p1a: Registeel\n|-damage|p1a: Registeel|74\/100\n|-start|p2a: Flygon|confusion|[fatigue]\n|move|p1a: Registeel|Seismic Toss|p2a: Flygon\n|-damage|p2a: Flygon|14\/100\n|\n|-heal|p1a: Registeel|80\/100|[from] item: Leftovers\n|upkeep\n|turn|29\n|\n|t:|1595950433\n|switch|p2a: Virizion|Virizion, shiny|100\/100\n|-damage|p2a: Virizion|94\/100|[from] Stealth Rock\n|move|p1a: Registeel|Seismic Toss|p2a: Virizion\n|-damage|p2a: Virizion|63\/100\n|\n|-heal|p1a: Registeel|86\/100|[from] item: Leftovers\n|upkeep\n|turn|30\n|\n|t:|1595950439\n|move|p2a: Virizion|Swords Dance|p2a: Virizion\n|-boost|p2a: Virizion|atk|2\n|move|p1a: Registeel|Toxic|p2a: Virizion\n|-status|p2a: Virizion|tox\n|\n|-heal|p1a: Registeel|92\/100|[from] item: Leftovers\n|-damage|p2a: Virizion|57\/100 tox|[from] psn\n|upkeep\n|turn|31\n|\n|t:|1595950444\n|switch|p1a: Shaymin|Shaymin|100\/100\n|-status|p1a: Shaymin|psn\n|move|p2a: Virizion|Synthesis|p2a: Virizion\n|-heal|p2a: Virizion|100\/100 tox\n|\n|-damage|p2a: Virizion|88\/100 tox|[from] psn\n|-damage|p1a: Shaymin|88\/100 psn|[from] psn\n|upkeep\n|turn|32\n|\n|t:|1595950451\n|move|p2a: Virizion|Close Combat|p1a: Shaymin\n|-damage|p1a: Shaymin|0 fnt\n|-unboost|p2a: Virizion|def|1\n|-unboost|p2a: Virizion|spd|1\n|faint|p1a: Shaymin\n|\n|-damage|p2a: Virizion|70\/100 tox|[from] psn\n|upkeep\n|\n|t:|1595950456\n|switch|p1a: Golbat|Golbat, M|39\/100\n|turn|33\n|j| White Boi T\n|\n|t:|1595950460\n|-zpower|p2a: Virizion\n|move|p2a: Virizion|All-Out Pummeling|p1a: Golbat|[zeffect]\n|-resisted|p1a: Golbat\n|-damage|p1a: Golbat|3\/100\n|move|p1a: Golbat|Roost|p1a: Golbat\n|-heal|p1a: Golbat|53\/100\n|-singleturn|p1a: Golbat|move: Roost\n|\n|-damage|p2a: Virizion|45\/100 tox|[from] psn\n|upkeep\n|turn|34\n|l| White Boi T\n|c|\u2606x+skelly=34|gg\n|-message|x+skelly=34 forfeited.\n|\n|win|infinitesimally\n","uploadtime":1595950482,"views":6,"p1id":"infinitesimally","p2id":"xskelly34","formatid":"gen7ru","rating":0,"private":0,"password":null}