{"id":"gen7ou-757937588","p1":"Toxabelle","p2":"control of all","format":"gen7ou","log":"|j|\u2606Toxabelle\n|j|\u2606control of all\n|inactive|Battle timer is ON: inactive players will automatically lose when time's up.\n|player|p1|Toxabelle|265\n|player|p2|control of all|165\n|teamsize|p1|6\n|teamsize|p2|6\n|gametype|singles\n|gen|7\n|tier|[Gen 7] OU\n|rated|Tournament battle\n|rule|Sleep Clause Mod: Limit one foe put to sleep\n|rule|Species Clause: Limit one of each Pok\u00e9mon\n|rule|OHKO Clause: OHKO moves are banned\n|rule|Moody Clause: Moody is banned\n|rule|Evasion Moves Clause: Evasion moves are banned\n|rule|Endless Battle Clause: Forcing endless battles is banned\n|rule|HP Percentage Mod: HP is shown in percentages\n|clearpoke\n|poke|p1|Sableye, F|item\n|poke|p1|Mantine, M|item\n|poke|p1|Jirachi|item\n|poke|p1|Nidoqueen, F|item\n|poke|p1|Zygarde|item\n|poke|p1|Clefable, F|item\n|poke|p2|Pinsir, F|item\n|poke|p2|Magnezone|item\n|poke|p2|Greninja, M|item\n|poke|p2|Landorus-Therian, M|item\n|poke|p2|Magearna|item\n|poke|p2|Latios, M|item\n|teampreview\n|inactive|control of all has 135 seconds left.\n|\n|start\n|switch|p1a: Sableye|Sableye, F|100\/100\n|switch|p2a: Magnezone|Magnezone|100\/100\n|turn|1\n|l|\u2606control of all\n|inactive|control of all disconnected and has a minute to reconnect!\n|player|p2|\n|j|\u2606control of all\n|inactive|control of all reconnected and has 140 seconds left.\n|player|p2|control of all|165\n|inactive|Toxabelle has 135 seconds left.\n|\n|detailschange|p1a: Sableye|Sableye-Mega, F\n|-mega|p1a: Sableye|Sableye|Sablenite\n|move|p1a: Sableye|Protect|p1a: Sableye\n|-singleturn|p1a: Sableye|Protect\n|move|p2a: Magnezone|Substitute|p2a: Magnezone\n|-start|p2a: Magnezone|Substitute\n|-damage|p2a: Magnezone|76\/100\n|\n|upkeep\n|turn|2\n|inactive|Toxabelle has 135 seconds left.\n|\n|move|p2a: Magnezone|Flash Cannon|p1a: Sableye\n|-crit|p1a: Sableye\n|-damage|p1a: Sableye|35\/100\n|-unboost|p1a: Sableye|spd|1\n|move|p1a: Sableye|Recover|p1a: Sableye\n|-heal|p1a: Sableye|85\/100\n|\n|upkeep\n|turn|3\n|c|\u2606control of all|srry\n|inactive|Toxabelle has 135 seconds left.\n|\n|switch|p1a: Jirachi|Jirachi|100\/100\n|move|p2a: Magnezone|Flash Cannon|p1a: Jirachi\n|-resisted|p1a: Jirachi\n|-damage|p1a: Jirachi|84\/100\n|\n|-heal|p1a: Jirachi|90\/100|[from] item: Leftovers\n|upkeep\n|turn|4\n|\n|move|p1a: Jirachi|Protect|p1a: Jirachi\n|-singleturn|p1a: Jirachi|Protect\n|-zpower|p2a: Magnezone\n|move|p2a: Magnezone|Gigavolt Havoc|p1a: Jirachi|[zeffect]\n|-zbroken|p1a: Jirachi\n|-damage|p1a: Jirachi|72\/100\n|\n|-heal|p1a: Jirachi|78\/100|[from] item: Leftovers\n|upkeep\n|turn|5\n|\n|move|p1a: Jirachi|Wish|p1a: Jirachi\n|move|p2a: Magnezone|Hidden Power|p1a: Jirachi\n|-supereffective|p1a: Jirachi\n|-damage|p1a: Jirachi|46\/100\n|\n|-heal|p1a: Jirachi|52\/100|[from] item: Leftovers\n|upkeep\n|turn|6\n|\n|move|p1a: Jirachi|Body Slam|p2a: Magnezone\n|-resisted|p2a: Magnezone\n|-activate|p2a: Magnezone|move: Substitute|[damage]\n|move|p2a: Magnezone|Hidden Power|p1a: Jirachi\n|-supereffective|p1a: Jirachi\n|-damage|p1a: Jirachi|23\/100\n|\n|-heal|p1a: Jirachi|73\/100|[from] move: Wish|[wisher] Jirachi\n|-heal|p1a: Jirachi|79\/100|[from] item: Leftovers\n|upkeep\n|turn|7\n|\n|move|p1a: Jirachi|Body Slam|p2a: Magnezone\n|-resisted|p2a: Magnezone\n|-activate|p2a: Magnezone|move: Substitute|[damage]\n|move|p2a: Magnezone|Hidden Power|p1a: Jirachi\n|-supereffective|p1a: Jirachi\n|-damage|p1a: Jirachi|49\/100\n|\n|-heal|p1a: Jirachi|55\/100|[from] item: Leftovers\n|upkeep\n|turn|8\n|\n|move|p1a: Jirachi|Wish|p1a: Jirachi\n|move|p2a: Magnezone|Hidden Power|p1a: Jirachi\n|-supereffective|p1a: Jirachi\n|-damage|p1a: Jirachi|22\/100\n|\n|-heal|p1a: Jirachi|28\/100|[from] item: Leftovers\n|upkeep\n|turn|9\n|\n|move|p1a: Jirachi|Protect|p1a: Jirachi\n|-singleturn|p1a: Jirachi|Protect\n|move|p2a: Magnezone|Hidden Power|p1a: Jirachi\n|-activate|p1a: Jirachi|move: Protect\n|\n|-heal|p1a: Jirachi|78\/100|[from] move: Wish|[wisher] Jirachi\n|-heal|p1a: Jirachi|84\/100|[from] item: Leftovers\n|upkeep\n|turn|10\n|j| Marcell V\n|l| Marcell V\n|\n|move|p1a: Jirachi|Wish|p1a: Jirachi\n|move|p2a: Magnezone|Hidden Power|p1a: Jirachi\n|-supereffective|p1a: Jirachi\n|-damage|p1a: Jirachi|51\/100\n|\n|-heal|p1a: Jirachi|57\/100|[from] item: Leftovers\n|upkeep\n|turn|11\n|\n|move|p1a: Jirachi|Body Slam|p2a: Magnezone\n|-resisted|p2a: Magnezone\n|-end|p2a: Magnezone|Substitute\n|move|p2a: Magnezone|Thunderbolt|p1a: Jirachi\n|-damage|p1a: Jirachi|21\/100\n|\n|-heal|p1a: Jirachi|71\/100|[from] move: Wish|[wisher] Jirachi\n|-heal|p1a: Jirachi|77\/100|[from] item: Leftovers\n|upkeep\n|turn|12\n|inactive|control of all has 135 seconds left.\n|inactive|control of all has 120 seconds left.\n|\n|switch|p2a: Landorus|Landorus-Therian, M|100\/100\n|-ability|p2a: Landorus|Intimidate|boost\n|-unboost|p1a: Jirachi|atk|1\n|move|p1a: Jirachi|Body Slam|p2a: Landorus\n|-damage|p2a: Landorus|89\/100\n|-status|p2a: Landorus|par\n|\n|-heal|p1a: Jirachi|83\/100|[from] item: Leftovers\n|-heal|p2a: Landorus|95\/100 par|[from] item: Leftovers\n|upkeep\n|turn|13\n|inactive|Toxabelle has 135 seconds left.\n|inactive|control of all has 135 seconds left.\n|inactive|Toxabelle has 120 seconds left.\n|\n|switch|p1a: Mantine|Mantine, M|100\/100\n|move|p2a: Landorus|Earthquake|p1a: Mantine\n|-immune|p1a: Mantine|[msg]\n|\n|-heal|p2a: Landorus|100\/100 par|[from] item: Leftovers\n|upkeep\n|turn|14\n|\n|switch|p2a: Magearna|Magearna|100\/100\n|move|p1a: Mantine|Scald|p2a: Magearna\n|-damage|p2a: Magearna|91\/100\n|\n|upkeep\n|turn|15\n|inactive|control of all has 135 seconds left.\n|\n|switch|p1a: Nidoqueen|Nidoqueen, F|100\/100\n|switch|p2a: Greninja|Greninja, M|100\/100\n|\n|upkeep\n|turn|16\n|\n|switch|p1a: Mantine|Mantine, M|100\/100\n|move|p2a: Greninja|Spikes|p1a: Mantine\n|-sidestart|p1: Toxabelle|Spikes\n|\n|upkeep\n|turn|17\n|\n|switch|p2a: Pinsir|Pinsir, F|100\/100\n|move|p1a: Mantine|Defog|p2a: Pinsir\n|-unboost|p2a: Pinsir|evasion|1\n|-sideend|p1: Toxabelle|Spikes|[from] move: Defog|[of] p1a: Mantine\n|\n|upkeep\n|turn|18\n|\n|detailschange|p2a: Pinsir|Pinsir-Mega, F\n|-mega|p2a: Pinsir|Pinsir|Pinsirite\n|move|p2a: Pinsir|Swords Dance|p2a: Pinsir\n|-boost|p2a: Pinsir|atk|2\n|move|p1a: Mantine|Scald|p2a: Pinsir\n|-damage|p2a: Pinsir|71\/100\n|\n|upkeep\n|turn|19\n|inactive|Toxabelle has 135 seconds left.\n|c|\u2606control of all|what a fisher imfao\n|c|\u2606Toxabelle|ur pretty bad to risk ur win con like that\n|c|\u2606control of all|lol\n|c|\u2606Toxabelle|damn u suck lol\n|inactive|Toxabelle has 120 seconds left.\n|c|\u2606Toxabelle|\"fisher\"\n|c|\u2606control of all|u2\n|c|\u2606control of all|fisher\n|c|\u2606Toxabelle|are u fucking dumb?\n|c|\u2606control of all|i had 70 percent chance\n|inactive|Toxabelle has 105 seconds left.\n|c|\u2606Toxabelle|u r a dumbass for making this play anyways\n|c|\u2606control of all|no im not\n|\n|switch|p1a: Sableye|Sableye-Mega, F|85\/100\n|move|p2a: Pinsir|Return|p1a: Sableye\n|-damage|p1a: Sableye|0 fnt\n|faint|p1a: Sableye\n|\n|upkeep\n|\n|switch|p1a: Clefable|Clefable, F|100\/100\n|turn|20\n|c|\u2606Toxabelle|yes you are\n|c|\u2606Toxabelle|that is a fact\n|\n|move|p2a: Pinsir|Return|p1a: Clefable\n|-damage|p1a: Clefable|46\/100\n|move|p1a: Clefable|Moonblast|p2a: Pinsir\n|-damage|p2a: Pinsir|29\/100\n|-unboost|p2a: Pinsir|spa|1\n|\n|-heal|p1a: Clefable|52\/100|[from] item: Leftovers\n|upkeep\n|turn|21\n|\n|move|p1a: Clefable|Protect|p1a: Clefable\n|-singleturn|p1a: Clefable|Protect\n|move|p2a: Pinsir|Return|p1a: Clefable\n|-activate|p1a: Clefable|move: Protect\n|\n|-heal|p1a: Clefable|59\/100|[from] item: Leftovers\n|upkeep\n|turn|22\n|inactive|control of all has 135 seconds left.\n|\n|move|p2a: Pinsir|Return|p1a: Clefable\n|-damage|p1a: Clefable|7\/100\n|move|p1a: Clefable|Wish|p1a: Clefable\n|\n|-heal|p1a: Clefable|13\/100|[from] item: Leftovers\n|upkeep\n|turn|23\n|c|\u2606Toxabelle|a huge dumbass in fact\n|inactive|control of all has 135 seconds left.\n|\n|move|p1a: Clefable|Protect|p1a: Clefable\n|-singleturn|p1a: Clefable|Protect\n|move|p2a: Pinsir|Return|p1a: Clefable\n|-activate|p1a: Clefable|move: Protect\n|\n|-heal|p1a: Clefable|63\/100|[from] move: Wish|[wisher] Clefable\n|-heal|p1a: Clefable|69\/100|[from] item: Leftovers\n|upkeep\n|turn|24\n|c|\u2606Toxabelle|now whos \"fishing:\n|c|\u2606Toxabelle|for crits\n|inactive|control of all has 135 seconds left.\n|c|\u2606Toxabelle|what a fucking idiot lmao go fuck urself\n|inactive|control of all has 120 seconds left.\n|\n|switch|p2a: Magearna|Magearna|91\/100\n|move|p1a: Clefable|Wish|p1a: Clefable\n|\n|-heal|p1a: Clefable|75\/100|[from] item: Leftovers\n|upkeep\n|turn|25\n|j| resumeYang\n|inactive|control of all has 135 seconds left.\n|\n|switch|p2a: Landorus|Landorus-Therian, M|100\/100 par\n|-ability|p2a: Landorus|Intimidate|boost\n|-unboost|p1a: Clefable|atk|1\n|move|p1a: Clefable|Protect|p1a: Clefable\n|-fail|p1a: Clefable\n|\n|-heal|p1a: Clefable|100\/100|[from] move: Wish|[wisher] Clefable\n|upkeep\n|turn|26\n|\n|switch|p1a: Mantine|Mantine, M|100\/100\n|move|p2a: Landorus|Stealth Rock|p1a: Mantine\n|-sidestart|p1: Toxabelle|move: Stealth Rock\n|\n|upkeep\n|turn|27\n|inactive|control of all has 135 seconds left.\n|inactive|control of all has 120 seconds left.\n|inactive|control of all has 105 seconds left.\n|\n|move|p2a: Landorus|Protect|p2a: Landorus\n|-singleturn|p2a: Landorus|Protect\n|move|p1a: Mantine|Defog|p2a: Landorus\n|-activate|p2a: Landorus|move: Protect\n|\n|upkeep\n|turn|28\n|\n|switch|p2a: Magearna|Magearna|91\/100\n|move|p1a: Mantine|Defog|p2a: Magearna\n|-unboost|p2a: Magearna|evasion|1\n|-sideend|p1: Toxabelle|Stealth Rock|[from] move: Defog|[of] p1a: Mantine\n|\n|upkeep\n|turn|29\n|\n|switch|p1a: Nidoqueen|Nidoqueen, F|100\/100\n|switch|p2a: Greninja|Greninja, M|100\/100\n|\n|upkeep\n|turn|30\n|inactive|control of all has 135 seconds left.\n|\n|move|p2a: Greninja|Hydro Pump|p1a: Nidoqueen|[miss]\n|-miss|p2a: Greninja|p1a: Nidoqueen\n|move|p1a: Nidoqueen|Toxic|p2a: Greninja\n|-status|p2a: Greninja|tox\n|\n|-damage|p2a: Greninja|95\/100 tox|[from] psn\n|upkeep\n|turn|31\n|c|\u2606control of all|lucky and bad\n|c|\u2606control of all|omfl\n|\n|switch|p2a: Latios|Latios, M|100\/100\n|switch|p1a: Mantine|Mantine, M|100\/100\n|\n|upkeep\n|turn|32\n|c|\u2606Toxabelle|get fucking destroyed\n|c|\u2606control of all|thisis how you noob win\n|inactive|Toxabelle has 135 seconds left.\n|c|\u2606control of all|fucking scum\n|c|\u2606control of all|shut the fuck up\n|c|\u2606control of all|i played you so well\n|inactive|Toxabelle has 120 seconds left.\n|c|\u2606Toxabelle|get fucking obliterated\n|c|\u2606control of all|noob playing stall\n|c|\u2606Toxabelle|get destroyed cunt\n|c|\u2606control of all|shut the fuck up\n|inactive|Toxabelle has 105 seconds left.\n|\n|switch|p1a: Nidoqueen|Nidoqueen, F|100\/100\n|move|p2a: Latios|Trick|p1a: Nidoqueen\n|-activate|p2a: Latios|move: Trick|[of] p1a: Nidoqueen\n|-item|p1a: Nidoqueen|Choice Scarf|[from] move: Trick\n|-item|p2a: Latios|Black Sludge|[from] move: Trick\n|\n|-damage|p2a: Latios|88\/100|[from] item: Black Sludge\n|upkeep\n|turn|33\n|\n|switch|p2a: Pinsir|Pinsir-Mega, F|29\/100\n|move|p1a: Nidoqueen|Ice Beam|p2a: Pinsir\n|-supereffective|p2a: Pinsir\n|-damage|p2a: Pinsir|0 fnt\n|faint|p2a: Pinsir\n|\n|upkeep\n|c|\u2606Toxabelle|why do u suck so much\n|c|\u2606Toxabelle|jeez\n|\n|switch|p2a: Magearna|Magearna|91\/100\n|turn|34\n|\n|switch|p1a: Jirachi|Jirachi|83\/100\n|move|p2a: Magearna|Volt Switch|p1a: Jirachi\n|-damage|p1a: Jirachi|68\/100\n|\n|switch|p2a: Latios|Latios, M|88\/100\n|\n|-damage|p2a: Latios|76\/100|[from] item: Black Sludge\n|-heal|p1a: Jirachi|74\/100|[from] item: Leftovers\n|upkeep\n|turn|35\n|\n|move|p1a: Jirachi|Protect|p1a: Jirachi\n|-singleturn|p1a: Jirachi|Protect\n|move|p2a: Latios|Trick|p1a: Jirachi\n|-activate|p1a: Jirachi|move: Protect\n|\n|-damage|p2a: Latios|64\/100|[from] item: Black Sludge\n|-heal|p1a: Jirachi|81\/100|[from] item: Leftovers\n|upkeep\n|turn|36\n|\n|move|p2a: Latios|Psychic|p1a: Jirachi\n|-resisted|p1a: Jirachi\n|-damage|p1a: Jirachi|73\/100\n|-unboost|p1a: Jirachi|spd|1\n|move|p1a: Jirachi|Body Slam|p2a: Latios\n|-crit|p2a: Latios\n|-damage|p2a: Latios|21\/100\n|-status|p2a: Latios|par\n|\n|-heal|p1a: Jirachi|79\/100|[from] item: Leftovers\n|-damage|p2a: Latios|9\/100 par|[from] item: Black Sludge\n|upkeep\n|turn|37\n|c|\u2606Toxabelle|lmao\n|c|\u2606Toxabelle|ur terrible\n|c|\u2606Toxabelle|fuck off man\n|c|\u2606Toxabelle|just forfeit\n|c|\u2606control of all|you are so bad oimfl\n|\n|move|p1a: Jirachi|Body Slam|p2a: Latios\n|-damage|p2a: Latios|0 fnt\n|faint|p2a: Latios\n|\n|-heal|p1a: Jirachi|86\/100|[from] item: Leftovers\n|upkeep\n|c|\u2606control of all|u would have gotten 1hko\n|c|\u2606Toxabelle|getting outplaye\n|c|\u2606control of all|ed\n|c|\u2606control of all|noob\n|inactive|control of all has 135 seconds left.\n|c|\u2606Toxabelle|u look like a loser\n|c|\u2606Toxabelle|lmao\n|c|\u2606Toxabelle|u suck so much at this game\n|c|\u2606Toxabelle|just quit\n|c|\u2606control of all|outplay is when u dodge hydro pump\n|c|\u2606control of all|fucking retarde\n|c|\u2606Toxabelle|get fucked\n|inactive|control of all has 120 seconds left.\n|\n|switch|p2a: Landorus|Landorus-Therian, M|100\/100 par\n|-ability|p2a: Landorus|Intimidate|boost\n|-unboost|p1a: Jirachi|atk|1\n|turn|38\n|c|\u2606Toxabelle|this mu is 100% in your favour\n|inactive|control of all has 135 seconds left.\n|\n|switch|p1a: Mantine|Mantine, M|100\/100\n|cant|p2a: Landorus|par\n|\n|upkeep\n|turn|39\n|c|\u2606Toxabelle|yet u still find a way to lose\n|\n|switch|p2a: Magearna|Magearna|91\/100\n|move|p1a: Mantine|Scald|p2a: Magearna\n|-damage|p2a: Magearna|81\/100\n|-status|p2a: Magearna|brn\n|\n|-damage|p2a: Magearna|75\/100 brn|[from] brn\n|upkeep\n|turn|40\n|c|\u2606Toxabelle|jeez u suck\n|\n|switch|p1a: Nidoqueen|Nidoqueen, F|100\/100\n|move|p2a: Magearna|Fleur Cannon|p1a: Nidoqueen\n|-resisted|p1a: Nidoqueen\n|-damage|p1a: Nidoqueen|82\/100\n|-unboost|p2a: Magearna|spa|2\n|\n|-damage|p2a: Magearna|69\/100 brn|[from] brn\n|upkeep\n|turn|41\n|\n|switch|p2a: Landorus|Landorus-Therian, M|100\/100 par\n|-ability|p2a: Landorus|Intimidate|boost\n|-unboost|p1a: Nidoqueen|atk|1\n|move|p1a: Nidoqueen|Ice Beam|p2a: Landorus\n|-supereffective|p2a: Landorus\n|-damage|p2a: Landorus|7\/100 par\n|\n|-heal|p2a: Landorus|13\/100 par|[from] item: Leftovers\n|upkeep\n|turn|42\n|\n|switch|p2a: Magnezone|Magnezone|76\/100\n|move|p1a: Nidoqueen|Ice Beam|p2a: Magnezone\n|-resisted|p2a: Magnezone\n|-damage|p2a: Magnezone|61\/100\n|\n|upkeep\n|turn|43\n|\n|switch|p1a: Zygarde|Zygarde|100\/100\n|-ability|p1a: Zygarde|Aura Break\n|move|p2a: Magnezone|Substitute|p2a: Magnezone\n|-start|p2a: Magnezone|Substitute\n|-damage|p2a: Magnezone|36\/100\n|\n|upkeep\n|turn|44\n|c|\u2606Toxabelle|please stop it with\n|\n|move|p1a: Zygarde|Extreme Speed|p2a: Magnezone\n|-resisted|p2a: Magnezone\n|-activate|p2a: Magnezone|move: Substitute|[damage]\n|move|p2a: Magnezone|Flash Cannon|p1a: Zygarde\n|-damage|p1a: Zygarde|57\/100\n|\n|upkeep\n|turn|45\n|c|\u2606control of all|ur making such good plays fucking noob\n|inactive|Toxabelle has 135 seconds left.\n|c|\u2606Toxabelle|lol that was a misclick dumb fuck\n|\n|switch|p1a: Jirachi|Jirachi|86\/100\n|move|p2a: Magnezone|Flash Cannon|p1a: Jirachi\n|-resisted|p1a: Jirachi\n|-damage|p1a: Jirachi|69\/100\n|\n|-heal|p1a: Jirachi|75\/100|[from] item: Leftovers\n|upkeep\n|turn|46\n|\n|move|p1a: Jirachi|Body Slam|p2a: Magnezone\n|-resisted|p2a: Magnezone\n|-end|p2a: Magnezone|Substitute\n|move|p2a: Magnezone|Thunderbolt|p1a: Jirachi\n|-damage|p1a: Jirachi|41\/100\n|\n|-heal|p1a: Jirachi|47\/100|[from] item: Leftovers\n|upkeep\n|turn|47\n|c|\u2606Toxabelle|what a dumbass\n|c|\u2606control of all|shut the fuck up\n|\n|move|p1a: Jirachi|Wish|p1a: Jirachi\n|move|p2a: Magnezone|Thunderbolt|p1a: Jirachi\n|-damage|p1a: Jirachi|10\/100\n|\n|-heal|p1a: Jirachi|16\/100|[from] item: Leftovers\n|upkeep\n|turn|48\n|\n|move|p1a: Jirachi|Protect|p1a: Jirachi\n|-singleturn|p1a: Jirachi|Protect\n|move|p2a: Magnezone|Thunderbolt|p1a: Jirachi\n|-activate|p1a: Jirachi|move: Protect\n|\n|-heal|p1a: Jirachi|66\/100|[from] move: Wish|[wisher] Jirachi\n|-heal|p1a: Jirachi|72\/100|[from] item: Leftovers\n|upkeep\n|turn|49\n|\n|switch|p2a: Landorus|Landorus-Therian, M|13\/100 par\n|-ability|p2a: Landorus|Intimidate|boost\n|-unboost|p1a: Jirachi|atk|1\n|move|p1a: Jirachi|Iron Head|p2a: Landorus\n|-damage|p2a: Landorus|0 fnt\n|faint|p2a: Landorus\n|\n|-heal|p1a: Jirachi|78\/100|[from] item: Leftovers\n|upkeep\n|\n|switch|p2a: Greninja|Greninja, M|95\/100 tox\n|turn|50\n|\n|switch|p2a: Magnezone|Magnezone|36\/100\n|move|p1a: Jirachi|Protect|p1a: Jirachi\n|-fail|p1a: Jirachi\n|\n|-heal|p1a: Jirachi|84\/100|[from] item: Leftovers\n|upkeep\n|turn|51\n|\n|switch|p2a: Magearna|Magearna|69\/100 brn\n|move|p1a: Jirachi|Body Slam|p2a: Magearna\n|-resisted|p2a: Magearna\n|-damage|p2a: Magearna|64\/100 brn\n|\n|-heal|p1a: Jirachi|91\/100|[from] item: Leftovers\n|-damage|p2a: Magearna|58\/100 brn|[from] brn\n|upkeep\n|turn|52\n|\n|move|p1a: Jirachi|Iron Head|p2a: Magearna\n|-damage|p2a: Magearna|43\/100 brn\n|cant|p2a: Magearna|flinch\n|\n|-heal|p1a: Jirachi|97\/100|[from] item: Leftovers\n|-damage|p2a: Magearna|37\/100 brn|[from] brn\n|upkeep\n|turn|53\n|\n|move|p1a: Jirachi|Iron Head|p2a: Magearna\n|-damage|p2a: Magearna|23\/100 brn\n|cant|p2a: Magearna|flinch\n|\n|-heal|p1a: Jirachi|100\/100|[from] item: Leftovers\n|-damage|p2a: Magearna|16\/100 brn|[from] brn\n|upkeep\n|turn|54\n|\n|move|p1a: Jirachi|Iron Head|p2a: Magearna\n|-damage|p2a: Magearna|2\/100 brn\n|move|p2a: Magearna|Volt Switch|p1a: Jirachi\n|-damage|p1a: Jirachi|87\/100\n|\n|switch|p2a: Greninja|Greninja, M|95\/100 tox\n|\n|-heal|p1a: Jirachi|94\/100|[from] item: Leftovers\n|-damage|p2a: Greninja|89\/100 tox|[from] psn\n|upkeep\n|turn|55\n|\n|move|p1a: Jirachi|Protect|p1a: Jirachi\n|-singleturn|p1a: Jirachi|Protect\n|move|p2a: Greninja|Dark Pulse|p1a: Jirachi\n|-activate|p1a: Jirachi|move: Protect\n|\n|-heal|p1a: Jirachi|99\/100|[from] item: Leftovers\n|-damage|p2a: Greninja|77\/100 tox|[from] psn\n|upkeep\n|turn|56\n|\n|switch|p2a: Magnezone|Magnezone|36\/100\n|switch|p1a: Clefable|Clefable, F|100\/100\n|\n|upkeep\n|turn|57\n|\n|switch|p1a: Jirachi|Jirachi|99\/100\n|move|p2a: Magnezone|Thunderbolt|p1a: Jirachi\n|-damage|p1a: Jirachi|65\/100\n|\n|-heal|p1a: Jirachi|71\/100|[from] item: Leftovers\n|upkeep\n|turn|58\n|\n|move|p1a: Jirachi|Iron Head|p2a: Magnezone\n|-resisted|p2a: Magnezone\n|-damage|p2a: Magnezone|29\/100\n|cant|p2a: Magnezone|flinch\n|\n|-heal|p1a: Jirachi|78\/100|[from] item: Leftovers\n|upkeep\n|turn|59\n|c|\u2606control of all|never fucking lucky\n|\n|move|p1a: Jirachi|Iron Head|p2a: Magnezone\n|-resisted|p2a: Magnezone\n|-damage|p2a: Magnezone|22\/100\n|move|p2a: Magnezone|Substitute|p2a: Magnezone\n|-fail|p2a: Magnezone|move: Substitute|[weak]\n|\n|-heal|p1a: Jirachi|84\/100|[from] item: Leftovers\n|upkeep\n|turn|60\n|inactive|control of all has 135 seconds left.\n|inactive|control of all has 120 seconds left.\n|inactive|control of all has 105 seconds left.\n|-message|control of all forfeited.\n|\n|win|Toxabelle\n|l|\u2606control of all\n","inputlog":null,"uploadtime":1528203291,"views":17,"p1id":"toxabelle","p2id":"controlofall","formatid":"gen7ou","rating":0,"private":0,"password":null}