{"id":"gen7ou-743770994","p1":"Zabula'za Uganda","p2":"Worstsetsever","format":"gen7ou","log":"|j|\u2606Zabula'za Uganda\n|j|\u2606Worstsetsever\n|player|p1|Zabula'za Uganda|247\n|player|p2|Worstsetsever|101\n|teamsize|p1|6\n|teamsize|p2|6\n|gametype|singles\n|gen|7\n|tier|[Gen 7] OU\n|rated|\n|rule|Sleep Clause Mod: Limit one foe put to sleep\n|rule|Species Clause: Limit one of each Pok\u00e9mon\n|rule|OHKO Clause: OHKO moves are banned\n|rule|Moody Clause: Moody is banned\n|rule|Evasion Moves Clause: Evasion moves are banned\n|rule|Endless Battle Clause: Forcing endless battles is banned\n|rule|HP Percentage Mod: HP is shown in percentages\n|clearpoke\n|poke|p1|Ferrothorn, M|item\n|poke|p1|Alakazam, F|item\n|poke|p1|Toxapex, M|item\n|poke|p1|Tapu Lele|item\n|poke|p1|Landorus-Therian, M|item\n|poke|p1|Clefable, M|item\n|poke|p2|Heatran, F|item\n|poke|p2|Landorus-Therian, M|item\n|poke|p2|Tangrowth, F|item\n|poke|p2|Charizard, M|item\n|poke|p2|Tapu Koko|item\n|poke|p2|Greninja, F|item\n|teampreview\n|inactive|Battle timer is ON: inactive players will automatically lose when time's up. (requested by Worstsetsever)\n|\n|start\n|switch|p1a: melania|Clefable, M|100\/100\n|switch|p2a: Greninja|Greninja, F|100\/100\n|turn|1\n|inactive|Zabula'za Uganda has 135 seconds left.\n|\n|move|p2a: Greninja|U-turn|p1a: melania\n|-start|p2a: Greninja|typechange|Bug|[from] Protean\n|-resisted|p1a: melania\n|-damage|p1a: melania|88\/100\n|\n|switch|p2a: Heatran|Heatran, F|100\/100\n|move|p1a: melania|Thunder Wave|p2a: Heatran\n|-status|p2a: Heatran|par\n|\n|-heal|p1a: melania|94\/100|[from] item: Leftovers\n|upkeep\n|turn|2\n|\n|move|p1a: melania|Stealth Rock|p2a: Heatran\n|-sidestart|p2: Worstsetsever|move: Stealth Rock\n|move|p2a: Heatran|Magma Storm|p1a: melania\n|-crit|p1a: melania\n|-damage|p1a: melania|36\/100\n|-activate|p1a: melania|move: Magma Storm|[of] p2a: Heatran\n|\n|-heal|p1a: melania|42\/100|[from] item: Leftovers\n|upkeep\n|turn|3\n|\n|move|p1a: melania|Soft-Boiled|p1a: melania\n|-heal|p1a: melania|92\/100\n|move|p2a: Heatran|Taunt|p1a: melania\n|-start|p1a: melania|move: Taunt\n|\n|-heal|p1a: melania|98\/100|[from] item: Leftovers\n|upkeep\n|turn|4\n|\n|move|p1a: melania|Moonblast|p2a: Heatran\n|-resisted|p2a: Heatran\n|-damage|p2a: Heatran|94\/100 par\n|-unboost|p2a: Heatran|spa|1\n|move|p2a: Heatran|Earth Power|p1a: melania\n|-damage|p1a: melania|83\/100\n|\n|-heal|p1a: melania|89\/100|[from] item: Leftovers\n|-heal|p2a: Heatran|100\/100 par|[from] item: Leftovers\n|upkeep\n|turn|5\n|inactive|Worstsetsever has 135 seconds left.\n|\n|move|p1a: melania|Moonblast|p2a: Heatran\n|-resisted|p2a: Heatran\n|-damage|p2a: Heatran|93\/100 par\n|move|p2a: Heatran|Stealth Rock|p1a: melania\n|-sidestart|p1: Zabula'za Uganda|move: Stealth Rock\n|\n|-heal|p1a: melania|95\/100|[from] item: Leftovers\n|-heal|p2a: Heatran|99\/100 par|[from] item: Leftovers\n|upkeep\n|turn|6\n|inactive|Worstsetsever has 135 seconds left.\n|\n|switch|p2a: Charizard|Charizard, M|100\/100\n|-damage|p2a: Charizard|51\/100|[from] Stealth Rock\n|move|p1a: melania|Moonblast|p2a: Charizard\n|-resisted|p2a: Charizard\n|-damage|p2a: Charizard|28\/100\n|\n|-heal|p1a: melania|100\/100|[from] item: Leftovers\n|-end|p1a: melania|Magma Storm|[partiallytrapped]\n|-end|p1a: melania|move: Taunt\n|upkeep\n|turn|7\n|inactive|Zabula'za Uganda has 135 seconds left.\n|inactive|Worstsetsever has 135 seconds left.\n|inactive|Zabula'za Uganda has 120 seconds left.\n|\n|-mega|p2a: Charizard|Charizard|Charizardite X\n|detailschange|p2a: Charizard|Charizard-Mega-X, M\n|move|p2a: Charizard|Fire Punch|p1a: melania\n|-damage|p1a: melania|61\/100\n|move|p1a: melania|Thunder Wave|p2a: Charizard\n|-status|p2a: Charizard|par\n|\n|-heal|p1a: melania|67\/100|[from] item: Leftovers\n|upkeep\n|turn|8\n|\n|move|p2a: Charizard|Dragon Dance|p2a: Charizard\n|-boost|p2a: Charizard|atk|1\n|-boost|p2a: Charizard|spe|1\n|move|p1a: melania|Moonblast|p2a: Charizard\n|-crit|p2a: Charizard\n|-damage|p2a: Charizard|0 fnt\n|faint|p2a: Charizard\n|\n|-heal|p1a: melania|73\/100|[from] item: Leftovers\n|upkeep\n|\n|switch|p2a: Tapu Koko|Tapu Koko|100\/100\n|-damage|p2a: Tapu Koko|88\/100|[from] Stealth Rock\n|-fieldstart|move: Electric Terrain|[from] ability: Electric Surge|[of] p2a: Tapu Koko\n|turn|9\n|\n|switch|p1a: la pared de trump|Ferrothorn, M|100\/100\n|-damage|p1a: la pared de trump|94\/100|[from] Stealth Rock\n|move|p2a: Tapu Koko|Volt Switch|p1a: la pared de trump\n|-resisted|p1a: la pared de trump\n|-damage|p1a: la pared de trump|73\/100\n|\n|switch|p2a: Heatran|Heatran, F|99\/100 par\n|-damage|p2a: Heatran|87\/100 par|[from] Stealth Rock\n|\n|-heal|p2a: Heatran|93\/100 par|[from] item: Leftovers\n|-heal|p1a: la pared de trump|79\/100|[from] item: Leftovers\n|upkeep\n|turn|10\n|\n|switch|p1a: melania|Clefable, M|73\/100\n|move|p2a: Heatran|Magma Storm|p1a: melania\n|-damage|p1a: melania|32\/100\n|-activate|p1a: melania|move: Magma Storm|[of] p2a: Heatran\n|\n|-heal|p1a: melania|39\/100|[from] item: Leftovers\n|-heal|p2a: Heatran|99\/100 par|[from] item: Leftovers\n|upkeep\n|turn|11\n|\n|switch|p2a: Tapu Koko|Tapu Koko|88\/100\n|-damage|p2a: Tapu Koko|76\/100|[from] Stealth Rock\n|move|p1a: melania|Soft-Boiled|p1a: melania\n|-heal|p1a: melania|89\/100\n|\n|-heal|p1a: melania|95\/100|[from] item: Leftovers\n|upkeep\n|turn|12\n|-message|Worstsetsever forfeited.\n|\n|win|Zabula'za Uganda\n|l|\u2606Worstsetsever\n|raw|Zabula&apos;za Uganda's rating: 1742 &rarr; <strong>1758<\/strong><br \/>(+16 for winning)\n|raw|Worstsetsever's rating: 1660 &rarr; <strong>1645<\/strong><br \/>(-15 for losing)\n|j|\u203dLADDER GOON X\n","inputlog":null,"uploadtime":1525697396,"views":32,"p1id":"zabulazauganda","p2id":"worstsetsever","formatid":"gen7ou","rating":1645,"private":0,"password":null}