{"id":"gen7ou-1676583321","p1":"damorush","p2":"frigoadri100mil","format":"gen7ou","log":"|j|\u2606damorush\n|j|\u2606frigoadri100mil\n|t:|1664809267\n|gametype|singles\n|player|p1|damorush|266|1586\n|player|p2|frigoadri100mil|102|1691\n|teamsize|p1|6\n|teamsize|p2|6\n|gen|7\n|tier|[Gen 7] OU\n|rated|\n|rule|Sleep Clause Mod: Limit one foe put to sleep\n|rule|Species Clause: Limit one of each Pok\u00e9mon\n|rule|OHKO Clause: OHKO moves are banned\n|rule|Moody Clause: Moody is banned\n|rule|Evasion Items Clause: Evasion items are banned\n|rule|Evasion Moves Clause: Evasion moves are banned\n|rule|Endless Battle Clause: Forcing endless battles is banned\n|rule|HP Percentage Mod: HP is shown in percentages\n|clearpoke\n|poke|p1|Shuckle, F|item\n|poke|p1|Kyurem-Black|item\n|poke|p1|Zeraora|item\n|poke|p1|Bisharp, M|item\n|poke|p1|Gyarados, F|item\n|poke|p1|Mimikyu, M|item\n|poke|p2|Camerupt, M|item\n|poke|p2|Cresselia, F|item\n|poke|p2|Uxie|item\n|poke|p2|Snorlax, F|item\n|poke|p2|Magearna|item\n|poke|p2|Crawdaunt, F|item\n|teampreview\n|\n|t:|1664809283\n|start\n|switch|p1a: Shuckle|Shuckle, F|100\/100\n|switch|p2a: Uxie|Uxie|100\/100\n|turn|1\n|inactive|Battle timer is ON: inactive players will automatically lose when time's up. (requested by frigoadri100mil)\n|inactiveoff|Battle timer is now OFF.\n|\n|t:|1664809299\n|move|p2a: Uxie|Stealth Rock|p1a: Shuckle\n|-sidestart|p1: damorush|move: Stealth Rock\n|move|p1a: Shuckle|Stealth Rock|p2a: Uxie\n|-sidestart|p2: frigoadri100mil|move: Stealth Rock\n|\n|upkeep\n|turn|2\n|\n|t:|1664809308\n|switch|p2a: Magearna|Magearna|100\/100\n|-damage|p2a: Magearna|94\/100|[from] Stealth Rock\n|move|p1a: Shuckle|Encore||[still]\n|-fail|p1a: Shuckle\n|\n|upkeep\n|turn|3\n|\n|t:|1664809315\n|move|p2a: Magearna|Flash Cannon|p1a: Shuckle\n|-supereffective|p1a: Shuckle\n|-damage|p1a: Shuckle|51\/100\n|-enditem|p1a: Shuckle|Red Card|[of] p2a: Magearna\n|drag|p2a: Camerupt|Camerupt, M|100\/100\n|-damage|p2a: Camerupt|88\/100|[from] Stealth Rock\n|move|p1a: Shuckle|Final Gambit|p2a: Camerupt\n|-damage|p2a: Camerupt|52\/100\n|faint|p1a: Shuckle\n|\n|upkeep\n|\n|t:|1664809329\n|switch|p1a: Gyarados|Gyarados, F|100\/100\n|-damage|p1a: Gyarados|76\/100|[from] Stealth Rock\n|-ability|p1a: Gyarados|Intimidate|boost\n|-unboost|p2a: Camerupt|atk|1\n|turn|4\n|\n|t:|1664809336\n|detailschange|p2a: Camerupt|Camerupt-Mega, M\n|-mega|p2a: Camerupt|Camerupt|Cameruptite\n|move|p1a: Gyarados|Earthquake|p2a: Camerupt\n|-supereffective|p2a: Camerupt\n|-damage|p2a: Camerupt|0 fnt\n|faint|p2a: Camerupt\n|\n|upkeep\n|\n|t:|1664809345\n|switch|p2a: Uxie|Uxie|100\/100\n|-damage|p2a: Uxie|88\/100|[from] Stealth Rock\n|turn|5\n|\n|t:|1664809349\n|detailschange|p1a: Gyarados|Gyarados-Mega, F\n|-mega|p1a: Gyarados|Gyarados|Gyaradosite\n|-ability|p1a: Gyarados|Mold Breaker\n|move|p1a: Gyarados|Crunch|p2a: Uxie\n|-supereffective|p2a: Uxie\n|-damage|p2a: Uxie|25\/100\n|move|p2a: Uxie|Trick Room|p2a: Uxie\n|-fieldstart|move: Trick Room|[of] p2a: Uxie\n|\n|upkeep\n|turn|6\n|\n|t:|1664809358\n|move|p2a: Uxie|Memento|p1a: Gyarados\n|-unboost|p1a: Gyarados|atk|2\n|-unboost|p1a: Gyarados|spa|2\n|faint|p2a: Uxie\n|move|p1a: Gyarados|Crunch|p2: Uxie|[notarget]\n|-fail|p1a: Gyarados\n|\n|upkeep\n|\n|t:|1664809368\n|switch|p2a: Snorlax|Snorlax, F|100\/100\n|-damage|p2a: Snorlax|88\/100|[from] Stealth Rock\n|turn|7\n|\n|t:|1664809374\n|switch|p1a: Bisharp|Bisharp, M|100\/100\n|-damage|p1a: Bisharp|95\/100|[from] Stealth Rock\n|move|p2a: Snorlax|Belly Drum|p2a: Snorlax\n|-damage|p2a: Snorlax|38\/100\n|-setboost|p2a: Snorlax|atk|6|[from] move: Belly Drum\n|-enditem|p2a: Snorlax|Figy Berry|[eat]\n|-heal|p2a: Snorlax|88\/100|[from] item: Figy Berry\n|\n|upkeep\n|turn|8\n|\n|t:|1664809385\n|move|p1a: Bisharp|Sucker Punch|p2a: Snorlax\n|-damage|p2a: Snorlax|57\/100\n|move|p2a: Snorlax|Earthquake|p1a: Bisharp\n|-supereffective|p1a: Bisharp\n|-damage|p1a: Bisharp|0 fnt\n|faint|p1a: Bisharp\n|\n|upkeep\n|\n|t:|1664809394\n|switch|p1a: Mimikyu|Mimikyu, M|100\/100\n|-damage|p1a: Mimikyu|88\/100|[from] Stealth Rock\n|turn|9\n|\n|t:|1664809401\n|move|p2a: Snorlax|Earthquake|p1a: Mimikyu\n|-activate|p1a: Mimikyu|ability: Disguise\n|-damage|p1a: Mimikyu|88\/100\n|detailschange|p1a: Mimikyu|Mimikyu-Busted, M\n|move|p1a: Mimikyu|Swords Dance|p1a: Mimikyu\n|-boost|p1a: Mimikyu|atk|2\n|\n|-fieldend|move: Trick Room\n|upkeep\n|turn|10\n|\n|t:|1664809412\n|move|p1a: Mimikyu|Play Rough|p2a: Snorlax\n|-damage|p2a: Snorlax|0 fnt\n|faint|p2a: Snorlax\n|-damage|p1a: Mimikyu|78\/100|[from] item: Life Orb\n|\n|upkeep\n|\n|t:|1664809418\n|switch|p2a: Magearna|Magearna|94\/100\n|-damage|p2a: Magearna|88\/100|[from] Stealth Rock\n|turn|11\n|\n|t:|1664809431\n|move|p1a: Mimikyu|Shadow Claw|p2a: Magearna\n|-damage|p2a: Magearna|26\/100\n|-damage|p1a: Mimikyu|68\/100|[from] item: Life Orb\n|move|p2a: Magearna|Trick Room|p2a: Magearna\n|-fieldstart|move: Trick Room|[of] p2a: Magearna\n|\n|upkeep\n|turn|12\n|\n|t:|1664809438\n|switch|p2a: Crawdaunt|Crawdaunt, F|100\/100\n|-damage|p2a: Crawdaunt|88\/100|[from] Stealth Rock\n|move|p1a: Mimikyu|Shadow Sneak|p2a: Crawdaunt\n|-resisted|p2a: Crawdaunt\n|-damage|p2a: Crawdaunt|62\/100\n|-damage|p1a: Mimikyu|58\/100|[from] item: Life Orb\n|\n|upkeep\n|turn|13\n|\n|t:|1664809450\n|switch|p1a: Gyarados|Gyarados-Mega, F|76\/100\n|-damage|p1a: Gyarados|63\/100|[from] Stealth Rock\n|-ability|p1a: Gyarados|Mold Breaker\n|move|p2a: Crawdaunt|Knock Off|p1a: Gyarados\n|-resisted|p1a: Gyarados\n|-damage|p1a: Gyarados|35\/100\n|-damage|p2a: Crawdaunt|52\/100|[from] item: Life Orb\n|\n|upkeep\n|turn|14\n|\n|t:|1664809460\n|move|p2a: Crawdaunt|Crabhammer|p1a: Gyarados\n|-resisted|p1a: Gyarados\n|-damage|p1a: Gyarados|0 fnt\n|faint|p1a: Gyarados\n|-damage|p2a: Crawdaunt|42\/100|[from] item: Life Orb\n|\n|upkeep\n|\n|t:|1664809467\n|switch|p1a: Kyurem|Kyurem-Black|100\/100\n|-damage|p1a: Kyurem|76\/100|[from] Stealth Rock\n|-ability|p1a: Kyurem|Teravolt\n|turn|15\n|\n|t:|1664809475\n|move|p2a: Crawdaunt|Knock Off|p1a: Kyurem\n|-damage|p1a: Kyurem|0 fnt\n|-enditem|p1a: Kyurem|Expert Belt|[from] move: Knock Off|[of] p2a: Crawdaunt\n|faint|p1a: Kyurem\n|-damage|p2a: Crawdaunt|32\/100|[from] item: Life Orb\n|\n|-fieldend|move: Trick Room\n|upkeep\n|\n|t:|1664809486\n|switch|p1a: Zeraora|Zeraora|100\/100\n|-damage|p1a: Zeraora|88\/100|[from] Stealth Rock\n|turn|16\n|inactive|Battle timer is ON: inactive players will automatically lose when time's up. (requested by damorush)\n|\n|t:|1664809506\n|move|p1a: Zeraora|Thunderbolt|p2a: Crawdaunt\n|-supereffective|p2a: Crawdaunt\n|-damage|p2a: Crawdaunt|0 fnt\n|faint|p2a: Crawdaunt\n|\n|upkeep\n|\n|t:|1664809511\n|switch|p2a: Cresselia|Cresselia, F|100\/100\n|-damage|p2a: Cresselia|88\/100|[from] Stealth Rock\n|turn|17\n|\n|t:|1664809516\n|move|p1a: Zeraora|Calm Mind|p1a: Zeraora\n|-boost|p1a: Zeraora|spa|1\n|-boost|p1a: Zeraora|spd|1\n|move|p2a: Cresselia|Trick Room|p2a: Cresselia\n|-fieldstart|move: Trick Room|[of] p2a: Cresselia\n|\n|-heal|p2a: Cresselia|94\/100|[from] item: Leftovers\n|upkeep\n|turn|18\n|\n|t:|1664809523\n|move|p2a: Cresselia|Lunar Dance|p2a: Cresselia\n|faint|p2a: Cresselia\n|move|p1a: Zeraora|Calm Mind|p1a: Zeraora\n|-boost|p1a: Zeraora|spa|1\n|-boost|p1a: Zeraora|spd|1\n|\n|upkeep\n|\n|t:|1664809528\n|switch|p2a: Magearna|Magearna|26\/100\n|-heal|p2a: Magearna|100\/100|[from] move: Lunar Dance\n|-damage|p2a: Magearna|94\/100|[from] Stealth Rock\n|turn|19\n|\n|t:|1664809533\n|-zpower|p2a: Magearna\n|move|p2a: Magearna|Twinkle Tackle|p1a: Zeraora|[zeffect]\n|-damage|p1a: Zeraora|22\/100\n|move|p1a: Zeraora|Calm Mind|p1a: Zeraora\n|-boost|p1a: Zeraora|spa|1\n|-boost|p1a: Zeraora|spd|1\n|\n|upkeep\n|turn|20\n|\n|t:|1664809543\n|move|p2a: Magearna|Fleur Cannon|p1a: Zeraora\n|-damage|p1a: Zeraora|0 fnt\n|-unboost|p2a: Magearna|spa|2\n|faint|p1a: Zeraora\n|-ability|p2a: Magearna|Soul-Heart|boost\n|-boost|p2a: Magearna|spa|1\n|\n|upkeep\n|\n|t:|1664809550\n|switch|p1a: Mimikyu|Mimikyu-Busted, M|58\/100\n|-damage|p1a: Mimikyu|46\/100|[from] Stealth Rock\n|turn|21\n|\n|t:|1664809554\n|move|p2a: Magearna|Flash Cannon|p1a: Mimikyu\n|-supereffective|p1a: Mimikyu\n|-damage|p1a: Mimikyu|0 fnt\n|faint|p1a: Mimikyu\n|\n|win|frigoadri100mil\n|raw|damorush's rating: 1586 &rarr; <strong>1572<\/strong><br \/>(-14 for losing)\n|raw|frigoadri100mil's rating: 1691 &rarr; <strong>1705<\/strong><br \/>(+14 for winning)\n|l|\u2606damorush\n||Ladder isn't responding, score probably updated but might not have (Request timeout).\n","uploadtime":1664809587,"views":4,"p1id":"damorush","p2id":"frigoadri100mil","formatid":"gen7ou","rating":1572,"private":0,"password":null}