{"id":"gen7randombattle-1673886775","p1":"firepunch917","p2":"Diegodemon","format":"gen7randombattle","log":"|j|\u2606firepunch917\n|j|\u2606Diegodemon\n|t:|1664508049\n|gametype|singles\n|player|p1|firepunch917|170|1732\n|player|p2|Diegodemon|officeworker|1701\n|teamsize|p1|6\n|teamsize|p2|6\n|gen|7\n|tier|[Gen 7] Random Battle\n|rated|\n|rule|Sleep Clause Mod: Limit one foe put to sleep\n|rule|HP Percentage Mod: HP is shown in percentages\n|rule|Mega Rayquaza Clause: You cannot mega evolve Rayquaza\n|\n|t:|1664508049\n|start\n|switch|p1a: Sawk|Sawk, L88, M|275\/275\n|switch|p2a: Skarmory|Skarmory, L80, M|235\/235\n|-ability|p1a: Sawk|Mold Breaker\n|turn|1\n|inactive|Battle timer is ON: inactive players will automatically lose when time's up. (requested by firepunch917)\n|\n|t:|1664508086\n|switch|p2a: Arbok|Arbok, L88, F|249\/249\n|-ability|p2a: Arbok|Intimidate|boost\n|-unboost|p1a: Sawk|atk|1\n|move|p1a: Sawk|Bulk Up|p1a: Sawk\n|-boost|p1a: Sawk|atk|1\n|-boost|p1a: Sawk|def|1\n|\n|upkeep\n|turn|2\n|\n|t:|1664508099\n|move|p1a: Sawk|Bulk Up|p1a: Sawk\n|-boost|p1a: Sawk|atk|1\n|-boost|p1a: Sawk|def|1\n|move|p2a: Arbok|Gunk Shot|p1a: Sawk\n|-damage|p1a: Sawk|188\/275\n|-status|p1a: Sawk|psn\n|-damage|p2a: Arbok|225\/249|[from] item: Life Orb\n|\n|-damage|p1a: Sawk|154\/275 psn|[from] psn\n|upkeep\n|turn|3\n|\n|t:|1664508104\n|move|p1a: Sawk|Ice Punch|p2a: Arbok\n|-damage|p2a: Arbok|99\/249\n|move|p2a: Arbok|Gunk Shot|p1a: Sawk\n|-damage|p1a: Sawk|53\/275 psn\n|-damage|p2a: Arbok|75\/249|[from] item: Life Orb\n|\n|-damage|p1a: Sawk|19\/275 psn|[from] psn\n|upkeep\n|turn|4\n|\n|t:|1664508109\n|move|p2a: Arbok|Sucker Punch|p1a: Sawk\n|-resisted|p1a: Sawk\n|-damage|p1a: Sawk|1\/275 psn\n|-damage|p2a: Arbok|51\/249|[from] item: Life Orb\n|move|p1a: Sawk|Ice Punch|p2a: Arbok\n|-damage|p2a: Arbok|0 fnt\n|faint|p2a: Arbok\n|\n|-damage|p1a: Sawk|0 fnt|[from] psn\n|faint|p1a: Sawk\n|upkeep\n|\n|t:|1664508120\n|switch|p1a: Vanilluxe|Vanilluxe, L86, M|262\/262\n|switch|p2a: Venomoth|Venomoth, L84, M|255\/255\n|-weather|Hail|[from] ability: Snow Warning|[of] p1a: Vanilluxe\n|turn|5\n|\n|t:|1664508128\n|move|p2a: Venomoth|Sleep Powder|p1a: Vanilluxe\n|-status|p1a: Vanilluxe|slp|[from] move: Sleep Powder\n|cant|p1a: Vanilluxe|slp\n|\n|-weather|Hail|[upkeep]\n|-damage|p2a: Venomoth|240\/255|[from] Hail\n|-heal|p2a: Venomoth|255\/255|[from] item: Black Sludge\n|upkeep\n|turn|6\n|\n|t:|1664508131\n|move|p2a: Venomoth|Quiver Dance|p2a: Venomoth\n|-boost|p2a: Venomoth|spa|1\n|-boost|p2a: Venomoth|spd|1\n|-boost|p2a: Venomoth|spe|1\n|cant|p1a: Vanilluxe|slp\n|\n|-weather|Hail|[upkeep]\n|-damage|p2a: Venomoth|240\/255|[from] Hail\n|-heal|p2a: Venomoth|255\/255|[from] item: Black Sludge\n|upkeep\n|turn|7\n|\n|t:|1664508134\n|move|p2a: Venomoth|Sludge Bomb|p1a: Vanilluxe\n|-damage|p1a: Vanilluxe|142\/262 slp\n|cant|p1a: Vanilluxe|slp\n|\n|-weather|Hail|[upkeep]\n|-damage|p2a: Venomoth|240\/255|[from] Hail\n|-heal|p2a: Venomoth|255\/255|[from] item: Black Sludge\n|upkeep\n|turn|8\n|\n|t:|1664508140\n|move|p2a: Venomoth|Sludge Bomb|p1a: Vanilluxe\n|-damage|p1a: Vanilluxe|16\/262 slp\n|-curestatus|p1a: Vanilluxe|slp|[msg]\n|move|p1a: Vanilluxe|Explosion|p2a: Venomoth\n|-damage|p2a: Venomoth|0 fnt\n|faint|p1a: Vanilluxe\n|faint|p2a: Venomoth\n|\n|-weather|Hail|[upkeep]\n|upkeep\n|\n|t:|1664508149\n|switch|p2a: Clawitzer|Clawitzer, L86, M|262\/262\n|switch|p1a: Primarina|Primarina, L82, F|265\/265\n|turn|9\n|\n|t:|1664508166\n|move|p1a: Primarina|Moonblast|p2a: Clawitzer\n|-damage|p2a: Clawitzer|141\/262\n|move|p2a: Clawitzer|Water Pulse|p1a: Primarina\n|-resisted|p1a: Primarina\n|-damage|p1a: Primarina|197\/265\n|\n|-weather|none\n|upkeep\n|turn|10\n|\n|t:|1664508174\n|switch|p2a: Skarmory|Skarmory, L80, M|235\/235\n|move|p1a: Primarina|Moonblast|p2a: Skarmory\n|-resisted|p2a: Skarmory\n|-damage|p2a: Skarmory|160\/235\n|\n|-heal|p2a: Skarmory|174\/235|[from] item: Leftovers\n|upkeep\n|turn|11\n|\n|t:|1664508176\n|switch|p1a: Thundurus|Thundurus-Therian, L82, M|263\/263\n|move|p2a: Skarmory|Stealth Rock|p1a: Thundurus\n|-sidestart|p1: firepunch917|move: Stealth Rock\n|\n|-heal|p2a: Skarmory|188\/235|[from] item: Leftovers\n|upkeep\n|turn|12\n|\n|t:|1664508183\n|switch|p2a: Zekrom|Zekrom, L76|277\/277\n|-ability|p2a: Zekrom|Teravolt\n|move|p1a: Thundurus|Nasty Plot|p1a: Thundurus\n|-boost|p1a: Thundurus|spa|2\n|\n|upkeep\n|turn|13\n|\n|t:|1664508192\n|move|p1a: Thundurus|Hidden Power|p2a: Zekrom\n|-supereffective|p2a: Zekrom\n|-damage|p2a: Zekrom|9\/277\n|-damage|p1a: Thundurus|237\/263|[from] item: Life Orb\n|move|p2a: Zekrom|Dragon Claw|p1a: Thundurus\n|-damage|p1a: Thundurus|119\/263\n|\n|-heal|p2a: Zekrom|26\/277|[from] item: Leftovers\n|upkeep\n|turn|14\n|\n|t:|1664508197\n|move|p1a: Thundurus|Thunderbolt|p2a: Zekrom\n|-resisted|p2a: Zekrom\n|-damage|p2a: Zekrom|0 fnt\n|faint|p2a: Zekrom\n|-damage|p1a: Thundurus|93\/263|[from] item: Life Orb\n|\n|upkeep\n|\n|t:|1664508201\n|switch|p2a: Cinccino|Cinccino, L88, F|275\/275\n|turn|15\n|\n|t:|1664508207\n|switch|p1a: Bibarel|Bibarel, L88, F|282\/282\n|-damage|p1a: Bibarel|247\/282|[from] Stealth Rock\n|move|p2a: Cinccino|Tail Slap|p1a: Bibarel\n|-damage|p1a: Bibarel|196\/282\n|-damage|p1a: Bibarel|141\/282\n|-damage|p1a: Bibarel|84\/282\n|-damage|p1a: Bibarel|26\/282\n|-damage|p1a: Bibarel|0 fnt\n|faint|p1a: Bibarel\n|-hitcount|p1: Bibarel|5\n|\n|upkeep\n|\n|t:|1664508209\n|switch|p1a: Necrozma|Necrozma-Dawn-Wings, L76|272\/272\n|-damage|p1a: Necrozma|238\/272|[from] Stealth Rock\n|turn|16\n|\n|t:|1664508230\n|switch|p2a: Skarmory|Skarmory, L80, M|188\/235\n|move|p1a: Necrozma|Moongeist Beam|p2a: Skarmory\n|-damage|p2a: Skarmory|17\/235\n|\n|-heal|p2a: Skarmory|31\/235|[from] item: Leftovers\n|upkeep\n|turn|17\n|\n|t:|1664508234\n|move|p1a: Necrozma|Photon Geyser|p2a: Skarmory\n|-resisted|p2a: Skarmory\n|-damage|p2a: Skarmory|0 fnt\n|faint|p2a: Skarmory\n|\n|upkeep\n|\n|t:|1664508247\n|switch|p2a: Clawitzer|Clawitzer, L86, M|141\/262\n|turn|18\n|\n|t:|1664508256\n|switch|p1a: Primarina|Primarina, L82, F|197\/265\n|-damage|p1a: Primarina|164\/265|[from] Stealth Rock\n|move|p2a: Clawitzer|Dark Pulse|p1a: Primarina\n|-resisted|p1a: Primarina\n|-damage|p1a: Primarina|101\/265\n|\n|upkeep\n|turn|19\n|\n|t:|1664508265\n|move|p1a: Primarina|Moonblast|p2a: Clawitzer\n|-damage|p2a: Clawitzer|30\/262\n|move|p2a: Clawitzer|Dark Pulse|p1a: Primarina\n|-resisted|p1a: Primarina\n|-damage|p1a: Primarina|31\/265\n|\n|upkeep\n|turn|20\n|\n|t:|1664508268\n|move|p1a: Primarina|Moonblast|p2a: Clawitzer\n|-crit|p2a: Clawitzer\n|-damage|p2a: Clawitzer|0 fnt\n|faint|p2a: Clawitzer\n|\n|upkeep\n|\n|t:|1664508270\n|switch|p2a: Cinccino|Cinccino, L88, F|275\/275\n|turn|21\n|\n|t:|1664508272\n|move|p2a: Cinccino|Knock Off|p1a: Primarina\n|-resisted|p1a: Primarina\n|-damage|p1a: Primarina|0 fnt\n|-enditem|p1a: Primarina|Choice Scarf|[from] move: Knock Off|[of] p2a: Cinccino\n|faint|p1a: Primarina\n|\n|upkeep\n|\n|t:|1664508274\n|switch|p1a: Necrozma|Necrozma-Dawn-Wings, L76|238\/272\n|-damage|p1a: Necrozma|204\/272|[from] Stealth Rock\n|turn|22\n|\n|t:|1664508276\n|detailschange|p1a: Necrozma|Necrozma-Ultra, L76\n|-burst|p1a: Necrozma|Necrozma|Ultranecrozium Z\n|move|p2a: Cinccino|Knock Off|p1a: Necrozma\n|-supereffective|p1a: Necrozma\n|-damage|p1a: Necrozma|44\/272\n|move|p1a: Necrozma|Photon Geyser|p2a: Cinccino\n|-damage|p2a: Cinccino|110\/275\n|\n|upkeep\n|turn|23\n|\n|t:|1664508281\n|move|p2a: Cinccino|Knock Off|p1a: Necrozma\n|-supereffective|p1a: Necrozma\n|-damage|p1a: Necrozma|0 fnt\n|faint|p1a: Necrozma\n|\n|upkeep\n|\n|t:|1664508282\n|switch|p1a: Thundurus|Thundurus-Therian, L82, M|93\/263\n|-damage|p1a: Thundurus|28\/263|[from] Stealth Rock\n|turn|24\n|\n|t:|1664508284\n|move|p2a: Cinccino|Knock Off|p1a: Thundurus\n|-crit|p1a: Thundurus\n|-damage|p1a: Thundurus|0 fnt\n|-enditem|p1a: Thundurus|Life Orb|[from] move: Knock Off|[of] p2a: Cinccino\n|faint|p1a: Thundurus\n|\n|win|Diegodemon\n|raw|firepunch917's rating: 1732 &rarr; <strong>1710<\/strong><br \/>(-22 for losing)\n|raw|Diegodemon's rating: 1701 &rarr; <strong>1723<\/strong><br \/>(+22 for winning)\n|l|\u2606firepunch917\n|c|\u2606Diegodemon|gg\n||Ladder isn't responding, score probably updated but might not have (Request timeout).\n","inputlog":">version 806e56ea67f2f748d4b403b3f5b33d56e25d3f7a\n>start {\"formatid\":\"gen7randombattle\",\"seed\":[46198,35055,63523,50812],\"rated\":\"Rated battle\"}\n>player p1 {\"name\":\"firepunch917\",\"avatar\":\"170\",\"rating\":1732,\"seed\":[62359,15382,13945,37827]}\n>player p2 {\"name\":\"Diegodemon\",\"avatar\":\"officeworker\",\"rating\":1701,\"seed\":[3938,19347,21326,22188]}\n>p1 move bulkup\n>p2 switch 6\n>p1 move bulkup\n>p2 move gunkshot\n>p1 move icepunch\n>p2 move gunkshot\n>p1 move icepunch\n>p2 move suckerpunch\n>p1 switch 2\n>p2 switch 5\n>p1 move autotomize\n>p2 move sleeppowder\n>p1 move autotomize\n>p2 move quiverdance\n>p1 move autotomize\n>p2 move sludgebomb\n>p1 move explosion\n>p2 move sludgebomb\n>p1 switch 5\n>p2 switch 2\n>p1 move moonblast\n>p2 move waterpulse\n>p1 move moonblast\n>p2 switch 6\n>p1 switch 6\n>p2 move stealthrock\n>p1 move nastyplot\n>p2 switch 3\n>p1 move hiddenpower\n>p2 move dragonclaw\n>p1 move thunderbolt\n>p2 move dragonclaw\n>p2 switch 4\n>p1 switch 3\n>p2 move tailslap\n>p1 switch 4\n>p1 move moongeistbeam\n>p2 switch 3\n>p1 move photongeyser\n>p2 move whirlwind\n>p2 switch 6\n>p1 switch 6\n>p2 move darkpulse\n>p1 move moonblast\n>p2 move darkpulse\n>p1 move moonblast\n>p2 move darkpulse\n>p2 switch 3\n>p1 move moonblast\n>p2 move knockoff\n>p1 switch 6\n>p1 move photongeyser ultra\n>p2 move knockoff\n>p1 move photongeyser zmove\n>p2 move knockoff\n>p1 switch 3\n>p1 move thunderbolt\n>p2 move knockoff","uploadtime":1664508303,"views":7,"p1id":"firepunch917","p2id":"diegodemon","formatid":"gen7randombattle","rating":1710,"private":0,"password":null}