{"id":"gen7pickyourteamrandombattle-1696378186","p1":"Oryen","p2":"Failbor21","format":"gen7pickyourteamrandombattle","log":"|j|\u2606Oryen\n|j|\u2606Failbor21\n|inactive|Battle timer is ON: inactive players will automatically lose when time's up.\n|t:|1666891316\n|gametype|singles\n|player|p1|Oryen|lucas|\n|player|p2|Failbor21|calem|\n|teamsize|p1|12\n|teamsize|p2|12\n|gen|7\n|tier|[Gen 7] Pick-Your-Team Random Battle\n|rated|Tournament battle\n|rule|Sleep Clause Mod: Limit one foe put to sleep\n|rule|HP Percentage Mod: HP is shown in percentages\n|rule|Mega Rayquaza Clause: You cannot mega evolve Rayquaza\n|clearpoke\n|poke|p1|Altaria, L82, F|item\n|poke|p1|Arceus-*, L76|item\n|poke|p1|Dhelmise, L86|item\n|poke|p1|Togekiss, L82, F|item\n|poke|p1|Tapu Lele, L80|item\n|poke|p1|Ninetales, L84, M|item\n|poke|p1|Beheeyem, L88, F|item\n|poke|p1|Mienshao, L84, M|item\n|poke|p1|Swalot, L88, F|item\n|poke|p1|Darkrai, L76|item\n|poke|p1|Exeggutor-Alola, L86, F|item\n|poke|p1|Dragalge, L84, F|item\n|poke|p2|Pyroar, L88, M|item\n|poke|p2|Toxicroak, L84, M|item\n|poke|p2|Cobalion, L82|item\n|poke|p2|Aurorus, L88, M|item\n|poke|p2|Rotom-Wash, L80|item\n|poke|p2|Vikavolt, L86, F|item\n|poke|p2|Vespiquen, L88, F|item\n|poke|p2|Necrozma-Dusk-Mane, L76|item\n|poke|p2|Solgaleo, L76|item\n|poke|p2|Primarina, L82, F|item\n|poke|p2|Sudowoodo, L88, M|item\n|poke|p2|Gastrodon-East, L88, M|item\n|teampreview|6\n|j|*Lady Monita \u263d\n|j| Alita Kazami\n|inactive|Oryen has 120 seconds left.\n|inactive|Failbor21 has 120 seconds left.\n|inactive|Oryen has 90 seconds left.\n|\n|t:|1666891395\n|start\n|switch|p1a: Mienshao|Mienshao, L84, M|246\/246\n|switch|p2a: Cobalion|Cobalion, L82|283\/283\n|turn|1\n|\n|t:|1666891414\n|move|p1a: Mienshao|High Jump Kick|p2a: Cobalion\n|-supereffective|p2a: Cobalion\n|-damage|p2a: Cobalion|0 fnt\n|faint|p2a: Cobalion\n|-damage|p1a: Mienshao|222\/246|[from] item: Life Orb\n|\n|upkeep\n|\n|t:|1666891421\n|switch|p2a: Primarina|Primarina, L82, F|265\/265\n|turn|2\n|\n|t:|1666891432\n|switch|p1a: Dhelmise|Dhelmise, L86|261\/261\n|move|p2a: Primarina|Moonblast|p1a: Dhelmise\n|-damage|p1a: Dhelmise|144\/261\n|-unboost|p1a: Dhelmise|spa|1\n|\n|-heal|p1a: Dhelmise|160\/261|[from] item: Leftovers\n|upkeep\n|turn|3\n|\n|t:|1666891442\n|move|p2a: Primarina|Moonblast|p1a: Dhelmise\n|-damage|p1a: Dhelmise|43\/261\n|move|p1a: Dhelmise|Synthesis|p1a: Dhelmise\n|-heal|p1a: Dhelmise|173\/261\n|\n|-heal|p1a: Dhelmise|189\/261|[from] item: Leftovers\n|upkeep\n|turn|4\n|\n|t:|1666891450\n|switch|p2a: Necrozma|Necrozma-Dusk-Mane, L76|272\/272\n|move|p1a: Dhelmise|Synthesis|p1a: Dhelmise\n|-heal|p1a: Dhelmise|261\/261\n|\n|upkeep\n|turn|5\n|l| Alita Kazami\n|inactive|Oryen has 120 seconds left.\n|inactive|Failbor21 has 120 seconds left.\n|\n|t:|1666891497\n|move|p2a: Necrozma|Swords Dance|p2a: Necrozma\n|-boost|p2a: Necrozma|atk|2\n|move|p1a: Dhelmise|Power Whip|p2a: Necrozma\n|-resisted|p2a: Necrozma\n|-damage|p2a: Necrozma|208\/272\n|\n|upkeep\n|turn|6\n|inactive|Failbor21 has 120 seconds left.\n|\n|t:|1666891504\n|detailschange|p2a: Necrozma|Necrozma-Ultra, L76\n|-burst|p2a: Necrozma|Necrozma|Ultranecrozium Z\n|move|p2a: Necrozma|Photon Geyser|p1a: Dhelmise\n|-damage|p1a: Dhelmise|41\/261\n|move|p1a: Dhelmise|Knock Off|p2a: Necrozma\n|-supereffective|p2a: Necrozma\n|-damage|p2a: Necrozma|72\/272\n|\n|-heal|p1a: Dhelmise|57\/261|[from] item: Leftovers\n|upkeep\n|turn|7\n|\n|t:|1666891521\n|move|p2a: Necrozma|Sunsteel Strike|p1a: Dhelmise\n|-damage|p1a: Dhelmise|0 fnt\n|faint|p1a: Dhelmise\n|\n|upkeep\n|\n|t:|1666891532\n|switch|p1a: Mienshao|Mienshao, L84, M|246\/246\n|turn|8\n|\n|t:|1666891545\n|move|p1a: Mienshao|Fake Out|p2a: Necrozma\n|-damage|p2a: Necrozma|29\/272\n|-damage|p1a: Mienshao|222\/246|[from] item: Life Orb\n|cant|p2a: Necrozma|flinch\n|\n|upkeep\n|turn|9\n|\n|t:|1666891552\n|switch|p1a: Darkrai|Darkrai, L76|231\/231\n|move|p2a: Necrozma|Sunsteel Strike|p1a: Darkrai\n|-damage|p1a: Darkrai|34\/231\n|\n|upkeep\n|turn|10\n|\n|t:|1666891556\n|move|p2a: Necrozma|Sunsteel Strike|p1a: Darkrai\n|-damage|p1a: Darkrai|0 fnt\n|faint|p1a: Darkrai\n|\n|upkeep\n|\n|t:|1666891558\n|switch|p1a: Mienshao|Mienshao, L84, M|246\/246\n|turn|11\n|\n|t:|1666891563\n|switch|p2a: Rotom|Rotom-Wash, L80|211\/211\n|move|p1a: Mienshao|Fake Out|p2a: Rotom\n|-damage|p2a: Rotom|167\/211\n|-damage|p1a: Mienshao|222\/246|[from] item: Life Orb\n|\n|-heal|p2a: Rotom|180\/211|[from] item: Leftovers\n|upkeep\n|turn|12\n|\n|t:|1666891578\n|move|p1a: Mienshao|U-turn|p2a: Rotom\n|-damage|p2a: Rotom|112\/211\n|-damage|p1a: Mienshao|198\/246|[from] item: Life Orb\n|\n|t:|1666891588\n|switch|p1a: Altaria|Altaria, L82, F|257\/257\n|-ability|p1a: Altaria|Cloud Nine\n|move|p2a: Rotom|Volt Switch|p1a: Altaria\n|-damage|p1a: Altaria|190\/257\n|\n|t:|1666891596\n|switch|p2a: Aurorus|Aurorus, L88, M|359\/359\n|-weather|Hail|[from] ability: Snow Warning|[of] p2a: Aurorus\n|\n|-weather|Hail|[upkeep]\n|upkeep\n|turn|13\n|\n|t:|1666891611\n|switch|p1a: Mienshao|Mienshao, L84, M|246\/246\n|move|p2a: Aurorus|Blizzard|p1a: Mienshao\n|-damage|p1a: Mienshao|8\/246\n|\n|-weather|Hail|[upkeep]\n|-damage|p1a: Mienshao|0 fnt|[from] Hail\n|faint|p1a: Mienshao\n|upkeep\n|\n|t:|1666891624\n|switch|p1a: Tapu Lele|Tapu Lele, L80|243\/243\n|-fieldstart|move: Psychic Terrain|[from] ability: Psychic Surge|[of] p1a: Tapu Lele\n|turn|14\n|\n|t:|1666891630\n|move|p1a: Tapu Lele|Focus Blast|p2a: Aurorus\n|-supereffective|p2a: Aurorus\n|-damage|p2a: Aurorus|0 fnt\n|faint|p2a: Aurorus\n|-damage|p1a: Tapu Lele|219\/243|[from] item: Life Orb\n|\n|-weather|Hail|[upkeep]\n|-damage|p1a: Tapu Lele|204\/243|[from] Hail\n|upkeep\n|\n|t:|1666891636\n|switch|p2a: Solgaleo|Solgaleo, L76|333\/333\n|turn|15\n|\n|t:|1666891652\n|move|p2a: Solgaleo|Sunsteel Strike|p1a: Tapu Lele\n|-supereffective|p1a: Tapu Lele\n|-damage|p1a: Tapu Lele|0 fnt\n|faint|p1a: Tapu Lele\n|\n|-weather|Hail|[upkeep]\n|-damage|p2a: Solgaleo|313\/333|[from] Hail\n|upkeep\n|\n|t:|1666891656\n|switch|p1a: Arceus|Arceus-Grass, L76|307\/307\n|turn|16\n|j| Alita Kazami\n|\n|t:|1666891661\n|move|p2a: Solgaleo|Sunsteel Strike|p1a: Arceus\n|-damage|p1a: Arceus|211\/307\n|move|p1a: Arceus|Calm Mind|p1a: Arceus\n|-boost|p1a: Arceus|spa|1\n|-boost|p1a: Arceus|spd|1\n|\n|-weather|none\n|upkeep\n|turn|17\n|\n|t:|1666891670\n|switch|p2a: Rotom|Rotom-Wash, L80|112\/211\n|move|p1a: Arceus|Calm Mind|p1a: Arceus\n|-boost|p1a: Arceus|spa|1\n|-boost|p1a: Arceus|spd|1\n|\n|-heal|p2a: Rotom|125\/211|[from] item: Leftovers\n|upkeep\n|turn|18\n|\n|t:|1666891673\n|move|p1a: Arceus|Judgment|p2a: Rotom\n|-supereffective|p2a: Rotom\n|-crit|p2a: Rotom\n|-damage|p2a: Rotom|0 fnt\n|faint|p2a: Rotom\n|\n|-fieldend|move: Psychic Terrain\n|upkeep\n|\n|t:|1666891678\n|switch|p2a: Necrozma|Necrozma-Ultra, L76|29\/272\n|turn|19\n|\n|t:|1666891683\n|-zpower|p2a: Necrozma\n|move|p2a: Necrozma|Light That Burns the Sky|p1a: Arceus|[zeffect]\n|-damage|p1a: Arceus|93\/307\n|move|p1a: Arceus|Judgment|p2a: Necrozma\n|-resisted|p2a: Necrozma\n|-damage|p2a: Necrozma|0 fnt\n|faint|p2a: Necrozma\n|\n|upkeep\n|\n|t:|1666891690\n|switch|p2a: Solgaleo|Solgaleo, L76|313\/333\n|turn|20\n|\n|t:|1666891696\n|move|p2a: Solgaleo|Flare Blitz|p1a: Arceus\n|-supereffective|p1a: Arceus\n|-damage|p1a: Arceus|0 fnt\n|faint|p1a: Arceus\n|-damage|p2a: Solgaleo|282\/333|[from] Recoil\n|\n|upkeep\n|\n|t:|1666891699\n|switch|p1a: Altaria|Altaria, L82, F|190\/257\n|-ability|p1a: Altaria|Cloud Nine\n|turn|21\n|\n|t:|1666891710\n|switch|p2a: Primarina|Primarina, L82, F|265\/265\n|detailschange|p1a: Altaria|Altaria-Mega, L82, F\n|-mega|p1a: Altaria|Altaria|Altarianite\n|move|p1a: Altaria|Earthquake|p2a: Primarina\n|-damage|p2a: Primarina|186\/265\n|\n|upkeep\n|turn|22\n|\n|t:|1666891713\n|move|p2a: Primarina|Moonblast|p1a: Altaria\n|-supereffective|p1a: Altaria\n|-damage|p1a: Altaria|0 fnt\n|faint|p1a: Altaria\n|\n|win|Failbor21\n|n|\u2606Oryen|oryen\n|n|\u2606Failbor21|failbor21\n|n|*Lady Monita \u263d|ladymonita\n|n| Alita Kazami|alitakazami\n|l|*Lady Monita \u263d\n|c|\u2606Oryen|gg\n|c|\u2606Failbor21|gg\n|l|\u2606Oryen\n|l| Alita Kazami\n|j| Alita Kazami\n|l| Alita Kazami\n","inputlog":">version cdc5fe0aa6fcc38eea459fd4e334db1536a68c32\n>start {\"formatid\":\"gen7pickyourteamrandombattle\",\"seed\":[27911,18307,62971,39565],\"rated\":\"Tournament battle\"}\n>player p1 {\"name\":\"Oryen\",\"avatar\":\"lucas\",\"rating\":0,\"seed\":[29088,28051,52597,16408]}\n>player p2 {\"name\":\"Failbor21\",\"avatar\":\"calem\",\"rating\":0,\"seed\":[8067,37467,32412,17350]}\n>p1 team 8, 1, 2, 10, 3, 5\n>p2 team 3, 5, 4, 10, 9, 8\n>p1 move highjumpkick\n>p2 move voltswitch\n>p2 switch 4\n>p1 switch 5\n>p2 move moonblast\n>p1 move synthesis\n>p2 move moonblast\n>p1 move synthesis\n>p2 switch 6\n>p1 move powerwhip\n>p2 move swordsdance\n>p1 move knockoff\n>p2 move photongeyser ultra\n>p1 move knockoff\n>p2 move sunsteelstrike\n>p1 switch 5\n>p1 move fakeout\n>p2 move photongeyser\n>p1 switch 4\n>p2 move sunsteelstrike\n>p1 move darkpulse\n>p2 move sunsteelstrike\n>p1 switch 4\n>p1 move fakeout\n>p2 switch 2\n>p1 move uturn\n>p2 move voltswitch\n>p1 switch 2\n>p2 switch 3\n>p1 switch 2\n>p2 move blizzard\n>p1 switch 6\n>p1 move focusblast\n>p2 move blizzard\n>p2 switch 5\n>p1 move focusblast\n>p2 move sunsteelstrike\n>p1 switch 3\n>p1 move calmmind\n>p2 move sunsteelstrike\n>p1 move calmmind\n>p2 switch 3\n>p1 move judgment\n>p2 move voltswitch\n>p2 switch 2\n>p1 move judgment\n>p2 move photongeyser zmove\n>p2 switch 3\n>p1 move fireblast\n>p2 move flareblitz\n>p1 switch 2\n>p1 move earthquake mega\n>p2 switch 6\n>p1 move return\n>p2 move moonblast","uploadtime":1666892088,"views":1,"p1id":"oryen","p2id":"failbor21","formatid":"gen7pickyourteamrandombattle","rating":0,"private":0,"password":null}