{"id":"gen7ubers-1309166737","p1":"Chickpiee","p2":"Ron 50","format":"gen7ubers","log":"|j|\u2606Chickpiee\n|j|\u2606Ron 50\n|t:|1616736824\n|player|p1|Chickpiee|caitlin|\n|player|p2|Ron 50|steven-gen3|\n|teamsize|p1|6\n|teamsize|p2|6\n|gametype|singles\n|gen|7\n|tier|[Gen 7] Ubers\n|rated|Tournament battle\n|clearpoke\n|poke|p1|Lunala|item\n|poke|p1|Groudon|item\n|poke|p1|Arceus-*|item\n|poke|p1|Magearna|item\n|poke|p1|Yveltal|item\n|poke|p1|Ho-Oh|item\n|poke|p2|Deoxys-Attack|item\n|poke|p2|Salamence, M|item\n|poke|p2|Arceus-*|item\n|poke|p2|Groudon|item\n|poke|p2|Xerneas|item\n|poke|p2|Dialga|item\n|rule|Sleep Clause Mod: Limit one foe put to sleep\n|rule|Species Clause: Limit one of each Pok\u00e9mon\n|rule|OHKO Clause: OHKO moves are banned\n|rule|Moody Clause: Moody is banned\n|rule|Evasion Moves Clause: Evasion moves are banned\n|rule|Endless Battle Clause: Forcing endless battles is banned\n|rule|HP Percentage Mod: HP is shown in percentages\n|rule|Mega Rayquaza Clause: You cannot mega evolve Rayquaza\n|teampreview\n|j|*Lady Monita\n|c|\u2606Ron 50|Lol\n|inactive|Battle timer is ON: inactive players will automatically lose when time's up. (requested by Chickpiee)\n|c|\u2606Ron 50|Tum hi kyun bro\n|c|\u2606Ron 50|hf\n|c|\u2606Chickpiee|HF\n|\n|t:|1616736843\n|start\n|switch|p1a: 4G3NC Tech|Ho-Oh|100\/100\n|switch|p2a: Dialga|Dialga|100\/100\n|-ability|p2a: Dialga|Pressure\n|turn|1\n|\n|t:|1616736853\n|move|p2a: Dialga|Stealth Rock|p1a: 4G3NC Tech\n|-sidestart|p1: Chickpiee|move: Stealth Rock\n|move|p1a: 4G3NC Tech|Sacred Fire|p2a: Dialga\n|-damage|p2a: Dialga|62\/100\n|-status|p2a: Dialga|brn\n|\n|-damage|p2a: Dialga|56\/100 brn|[from] brn\n|upkeep\n|turn|2\n|\n|t:|1616736859\n|move|p2a: Dialga|Toxic|p1a: 4G3NC Tech\n|-status|p1a: 4G3NC Tech|tox\n|move|p1a: 4G3NC Tech|Defog|p2a: Dialga\n|-unboost|p2a: Dialga|evasion|1\n|-sideend|p1: Chickpiee|Stealth Rock|[from] move: Defog|[of] p1a: 4G3NC Tech\n|\n|-damage|p2a: Dialga|50\/100 brn|[from] brn\n|-damage|p1a: 4G3NC Tech|94\/100 tox|[from] psn\n|upkeep\n|turn|3\n|\n|t:|1616736869\n|switch|p2a: Groudon|Groudon|100\/100\n|detailschange|p2a: Groudon|Groudon-Primal\n|-primal|p2a: Groudon\n|-weather|DesolateLand|[from] ability: Desolate Land|[of] p2a: Groudon\n|switch|p1a: 4G3NC Crit|Lunala, shiny|100\/100\n|\n|-weather|DesolateLand|[upkeep]\n|upkeep\n|turn|4\n|\n|t:|1616736874\n|move|p1a: 4G3NC Crit|Calm Mind|p1a: 4G3NC Crit\n|-boost|p1a: 4G3NC Crit|spa|1\n|-boost|p1a: 4G3NC Crit|spd|1\n|move|p2a: Groudon|Precipice Blades|p1a: 4G3NC Crit|[miss]\n|-miss|p2a: Groudon|p1a: 4G3NC Crit\n|\n|-weather|DesolateLand|[upkeep]\n|upkeep\n|turn|5\n|\n|t:|1616736879\n|-zpower|p1a: 4G3NC Crit\n|move|p1a: 4G3NC Crit|Menacing Moonraze Maelstrom|p2a: Groudon|[zeffect]\n|-damage|p2a: Groudon|0 fnt\n|faint|p2a: Groudon\n|-weather|none\n|\n|upkeep\n|\n|t:|1616736884\n|switch|p2a: Arceus|Arceus|100\/100\n|turn|6\n|\n|t:|1616736890\n|switch|p1a: 4G3NC 4G3NC|Arceus-Dragon, shiny|100\/100\n|move|p2a: Arceus|Shadow Claw|p1a: 4G3NC 4G3NC\n|-damage|p1a: 4G3NC 4G3NC|86\/100\n|-damage|p2a: Arceus|91\/100|[from] item: Life Orb\n|\n|upkeep\n|turn|7\n|\n|t:|1616736896\n|move|p2a: Arceus|Swords Dance|p2a: Arceus\n|-boost|p2a: Arceus|atk|2\n|move|p1a: 4G3NC 4G3NC|Judgment|p2a: Arceus\n|-damage|p2a: Arceus|52\/100\n|\n|upkeep\n|turn|8\n|\n|t:|1616736898\n|move|p2a: Arceus|Swords Dance|p2a: Arceus\n|-boost|p2a: Arceus|atk|2\n|move|p1a: 4G3NC 4G3NC|Will-O-Wisp|p2a: Arceus\n|-status|p2a: Arceus|brn\n|\n|-damage|p2a: Arceus|46\/100 brn|[from] brn\n|upkeep\n|turn|9\n|\n|t:|1616736902\n|move|p2a: Arceus|Extreme Speed|p1a: 4G3NC 4G3NC\n|-damage|p1a: 4G3NC 4G3NC|47\/100\n|-damage|p2a: Arceus|36\/100 brn|[from] item: Life Orb\n|move|p1a: 4G3NC 4G3NC|Recover|p1a: 4G3NC 4G3NC\n|-heal|p1a: 4G3NC 4G3NC|97\/100\n|\n|-damage|p2a: Arceus|30\/100 brn|[from] brn\n|upkeep\n|turn|10\n|c|\u2606Ron 50|oh\n|\n|t:|1616736912\n|switch|p2a: Dialga|Dialga|50\/100 brn\n|-ability|p2a: Dialga|Pressure\n|move|p1a: 4G3NC 4G3NC|Judgment|p2a: Dialga\n|-damage|p2a: Dialga|0 fnt\n|faint|p2a: Dialga\n|\n|upkeep\n|\n|t:|1616736914\n|switch|p2a: Xerneas|Xerneas|100\/100\n|-ability|p2a: Xerneas|Fairy Aura\n|turn|11\n|\n|t:|1616736919\n|switch|p1a: 4G3NC Reward|Magearna|100\/100\n|move|p2a: Xerneas|Geomancy||[still]\n|-prepare|p2a: Xerneas|Geomancy\n|-enditem|p2a: Xerneas|Power Herb\n|-anim|p2a: Xerneas|Geomancy|p2a: Xerneas\n|-boost|p2a: Xerneas|spa|2\n|-boost|p2a: Xerneas|spd|2\n|-boost|p2a: Xerneas|spe|2\n|\n|upkeep\n|turn|12\n|\n|t:|1616736924\n|move|p2a: Xerneas|Moonblast|p1a: 4G3NC Reward\n|-resisted|p1a: 4G3NC Reward\n|-damage|p1a: 4G3NC Reward|55\/100\n|move|p1a: 4G3NC Reward|Heart Swap|p2a: Xerneas\n|-swapboost|p1a: 4G3NC Reward|p2a: Xerneas|[from] move: Heart Swap\n|\n|-heal|p1a: 4G3NC Reward|61\/100|[from] item: Leftovers\n|upkeep\n|turn|13\n|\n|t:|1616736927\n|move|p1a: 4G3NC Reward|Heal Bell|p1a: 4G3NC Reward\n|-activate|p1a: 4G3NC Reward|move: Heal Bell\n|-curestatus|p1: 4G3NC Tech|tox|[msg]\n|move|p2a: Xerneas|Moonblast|p1a: 4G3NC Reward\n|-resisted|p1a: 4G3NC Reward\n|-damage|p1a: 4G3NC Reward|51\/100\n|\n|-heal|p1a: 4G3NC Reward|57\/100|[from] item: Leftovers\n|upkeep\n|turn|14\n|\n|t:|1616736930\n|move|p1a: 4G3NC Reward|Pain Split|p2a: Xerneas\n|-sethp|p2a: Xerneas|77\/100|[from] move: Pain Split|[silent]\n|-sethp|p1a: 4G3NC Reward|83\/100|[from] move: Pain Split\n|move|p2a: Xerneas|Moonblast|p1a: 4G3NC Reward\n|-resisted|p1a: 4G3NC Reward\n|-damage|p1a: 4G3NC Reward|72\/100\n|\n|-heal|p1a: 4G3NC Reward|78\/100|[from] item: Leftovers\n|upkeep\n|turn|15\n|c|\u2606Ron 50|oooo\n|\n|t:|1616736935\n|switch|p2a: Arceus|Arceus|30\/100 brn\n|move|p1a: 4G3NC Reward|Fleur Cannon|p2a: Arceus|[miss]\n|-miss|p1a: 4G3NC Reward|p2a: Arceus\n|\n|-heal|p1a: 4G3NC Reward|84\/100|[from] item: Leftovers\n|-damage|p2a: Arceus|24\/100 brn|[from] brn\n|upkeep\n|turn|16\n|\n|t:|1616736941\n|switch|p1a: 4G3NC Plays|Yveltal|100\/100\n|-ability|p1a: 4G3NC Plays|Dark Aura\n|move|p2a: Arceus|Earthquake|p1a: 4G3NC Plays\n|-immune|p1a: 4G3NC Plays\n|\n|-damage|p2a: Arceus|18\/100 brn|[from] brn\n|upkeep\n|turn|17\n|\n|t:|1616736947\n|switch|p2a: Salamence|Salamence, M|100\/100\n|-ability|p2a: Salamence|Intimidate|boost\n|-unboost|p1a: 4G3NC Plays|atk|1\n|move|p1a: 4G3NC Plays|Foul Play|p2a: Salamence\n|-damage|p2a: Salamence|21\/100\n|\n|upkeep\n|turn|18\n|\n|t:|1616736954\n|detailschange|p2a: Salamence|Salamence-Mega, M\n|-mega|p2a: Salamence|Salamence|Salamencite\n|move|p2a: Salamence|Double-Edge|p1a: 4G3NC Plays\n|-damage|p1a: 4G3NC Plays|54\/100\n|-damage|p2a: Salamence|3\/100|[from] Recoil\n|move|p1a: 4G3NC Plays|Foul Play|p2a: Salamence\n|-damage|p2a: Salamence|0 fnt\n|faint|p2a: Salamence\n|\n|-heal|p1a: 4G3NC Plays|60\/100|[from] item: Leftovers\n|upkeep\n|\n|t:|1616736959\n|switch|p2a: Xerneas|Xerneas|77\/100\n|-ability|p2a: Xerneas|Fairy Aura\n|turn|19\n|\n|t:|1616736964\n|switch|p2a: Deoxys|Deoxys-Attack|100\/100\n|-ability|p2a: Deoxys|Pressure\n|switch|p1a: 4G3NC Tech|Ho-Oh|100\/100\n|\n|upkeep\n|turn|20\n|\n|t:|1616736968\n|move|p2a: Deoxys|Psycho Boost|p1a: 4G3NC Tech\n|-damage|p1a: 4G3NC Tech|26\/100\n|-unboost|p2a: Deoxys|spa|2\n|-damage|p2a: Deoxys|91\/100|[from] item: Life Orb\n|move|p1a: 4G3NC Tech|Sacred Fire|p2a: Deoxys\n|-damage|p2a: Deoxys|0 fnt\n|faint|p2a: Deoxys\n|\n|upkeep\n|\n|t:|1616736971\n|switch|p2a: Xerneas|Xerneas|77\/100\n|-ability|p2a: Xerneas|Fairy Aura\n|turn|21\n|\n|t:|1616736980\n|switch|p1a: 4G3NC Reward|Magearna|84\/100\n|move|p2a: Xerneas|Geomancy||[still]\n|-prepare|p2a: Xerneas|Geomancy\n|\n|-heal|p1a: 4G3NC Reward|90\/100|[from] item: Leftovers\n|upkeep\n|turn|22\n|\n|t:|1616736983\n|move|p2a: Xerneas|Geomancy|p2a: Xerneas|[from]lockedmove\n|-boost|p2a: Xerneas|spa|2\n|-boost|p2a: Xerneas|spd|2\n|-boost|p2a: Xerneas|spe|2\n|move|p1a: 4G3NC Reward|Heart Swap|p2a: Xerneas\n|-swapboost|p1a: 4G3NC Reward|p2a: Xerneas|[from] move: Heart Swap\n|\n|-heal|p1a: 4G3NC Reward|96\/100|[from] item: Leftovers\n|upkeep\n|turn|23\n|-message|Ron 50 forfeited.\n|\n|win|Chickpiee\n|n|\u2606Chickpiee|chickpiee\n|n|\u2606Ron 50|ron50\n|n|*Lady Monita|ladymonita\n|l|*Lady Monita\n|l|\u2606Ron 50\n","uploadtime":1616736991,"views":43,"p1id":"chickpiee","p2id":"ron50","formatid":"gen7ubers","rating":0,"private":0,"password":null}