{"id":"gen7ou-924514585","p1":"Candice","p2":"JustABizarreJoJo","format":"gen7ou","log":"|j|\u2606Candice\n|j|\u2606JustABizarreJoJo\n|player|p1|Candice|36\n|player|p2|JustABizarreJoJo|224\n|teamsize|p1|6\n|teamsize|p2|6\n|gametype|singles\n|gen|7\n|tier|[Gen 7] OU\n|rated|\n|rule|Sleep Clause Mod: Limit one foe put to sleep\n|rule|Species Clause: Limit one of each Pok\u00e9mon\n|rule|OHKO Clause: OHKO moves are banned\n|rule|Moody Clause: Moody is banned\n|rule|Evasion Moves Clause: Evasion moves are banned\n|rule|Endless Battle Clause: Forcing endless battles is banned\n|rule|HP Percentage Mod: HP is shown in percentages\n|clearpoke\n|poke|p1|Landorus-Therian, M|item\n|poke|p1|Garchomp, M|item\n|poke|p1|Greninja, M|item\n|poke|p1|Tangrowth, M|item\n|poke|p1|Tyranitar, F|item\n|poke|p1|Excadrill, F|item\n|poke|p2|Kyurem-Black|item\n|poke|p2|Blacephalon|item\n|poke|p2|Greninja, M|item\n|poke|p2|Tyranitar, F|item\n|poke|p2|Mawile, F|item\n|poke|p2|Zapdos|item\n|teampreview\n|\n|start\n|switch|p1a: Lilith|Tyranitar, F|385\/385\n|switch|p2a: Bloody Mary|Tyranitar, F, shiny|397\/397\n|-weather|Sandstorm|[from] ability: Sand Stream|[of] p1a: Lilith\n|turn|1\n|\n|move|p1a: Lilith|Stealth Rock|p2a: Bloody Mary\n|-sidestart|p2: JustABizarreJoJo|move: Stealth Rock\n|move|p2a: Bloody Mary|Earthquake|p1a: Lilith\n|-supereffective|p1a: Lilith\n|-damage|p1a: Lilith|189\/385\n|\n|-weather|Sandstorm|[upkeep]\n|upkeep\n|turn|2\n|\n|switch|p1a: Meow Meow|Landorus-Therian, M|382\/382\n|-ability|p1a: Meow Meow|Intimidate|boost\n|-unboost|p2a: Bloody Mary|atk|1\n|move|p2a: Bloody Mary|Earthquake|p1a: Meow Meow\n|-immune|p1a: Meow Meow\n|\n|-weather|Sandstorm|[upkeep]\n|upkeep\n|turn|3\n|\n|move|p1a: Meow Meow|Toxic|p2a: Bloody Mary|[miss]\n|-miss|p1a: Meow Meow|p2a: Bloody Mary\n|move|p2a: Bloody Mary|Ice Beam|p1a: Meow Meow\n|-supereffective|p1a: Meow Meow\n|-damage|p1a: Meow Meow|38\/382\n|\n|-weather|Sandstorm|[upkeep]\n|-heal|p1a: Meow Meow|61\/382|[from] item: Leftovers\n|upkeep\n|turn|4\n|\n|switch|p1a: Greninja|Greninja, M|285\/285\n|move|p2a: Bloody Mary|Ice Beam|p1a: Greninja\n|-resisted|p1a: Greninja\n|-damage|p1a: Greninja|237\/285\n|\n|-weather|Sandstorm|[upkeep]\n|-damage|p1a: Greninja|220\/285|[from] Sandstorm\n|upkeep\n|turn|5\n|\n|move|p1a: Greninja|U-turn|p2a: Bloody Mary\n|-start|p1a: Greninja|typechange|Bug|[from] ability: Protean\n|-supereffective|p2a: Bloody Mary\n|-damage|p2a: Bloody Mary|235\/397\n|\n|switch|p1a: Tangrowth|Tangrowth, M|403\/403\n|move|p2a: Bloody Mary|Earthquake|p1a: Tangrowth\n|-resisted|p1a: Tangrowth\n|-damage|p1a: Tangrowth|373\/403\n|\n|-weather|Sandstorm|[upkeep]\n|-damage|p1a: Tangrowth|348\/403|[from] Sandstorm\n|upkeep\n|turn|6\n|\n|switch|p2a: Thunder King|Zapdos, shiny|381\/381\n|-damage|p2a: Thunder King|286\/381|[from] Stealth Rock\n|move|p1a: Tangrowth|Knock Off|p2a: Thunder King\n|-damage|p2a: Thunder King|226\/381\n|-damage|p1a: Tangrowth|281\/403|[from] item: Rocky Helmet|[of] p2a: Thunder King\n|-enditem|p2a: Thunder King|Rocky Helmet|[from] move: Knock Off|[of] p1a: Tangrowth\n|\n|-weather|Sandstorm|[upkeep]\n|-damage|p2a: Thunder King|203\/381|[from] Sandstorm\n|-damage|p1a: Tangrowth|256\/403|[from] Sandstorm\n|upkeep\n|turn|7\n|\n|switch|p1a: Garchomp|Garchomp, M|358\/358\n|move|p2a: Thunder King|Defog|p1a: Garchomp\n|-unboost|p1a: Garchomp|evasion|1\n|-sideend|p2: JustABizarreJoJo|Stealth Rock|[from] move: Defog|[of] p2a: Thunder King\n|\n|-weather|Sandstorm|[upkeep]\n|-damage|p2a: Thunder King|180\/381|[from] Sandstorm\n|upkeep\n|turn|8\n|\n|detailschange|p1a: Garchomp|Garchomp-Mega, M\n|-mega|p1a: Garchomp|Garchomp|Garchompite\n|move|p1a: Garchomp|Stone Edge|p2a: Thunder King|[miss]\n|-miss|p1a: Garchomp|p2a: Thunder King\n|move|p2a: Thunder King|Roost|p2a: Thunder King\n|-heal|p2a: Thunder King|371\/381\n|-singleturn|p2a: Thunder King|move: Roost\n|\n|-weather|none\n|upkeep\n|turn|9\n|\n|move|p1a: Garchomp|Swords Dance|p1a: Garchomp\n|-boost|p1a: Garchomp|atk|2\n|move|p2a: Thunder King|Heat Wave|p1a: Garchomp\n|-resisted|p1a: Garchomp\n|-crit|p1a: Garchomp\n|-damage|p1a: Garchomp|288\/358\n|\n|upkeep\n|turn|10\n|\n|move|p1a: Garchomp|Stone Edge|p2a: Thunder King|[miss]\n|-miss|p1a: Garchomp|p2a: Thunder King\n|move|p2a: Thunder King|Heat Wave|p1a: Garchomp\n|-resisted|p1a: Garchomp\n|-damage|p1a: Garchomp|240\/358\n|-status|p1a: Garchomp|brn\n|\n|-damage|p1a: Garchomp|218\/358 brn|[from] brn\n|upkeep\n|turn|11\n|c|\u2606Candice|feels great\n|\n|switch|p2a: Grenji|Greninja, M|285\/285\n|move|p1a: Garchomp|Swords Dance|p1a: Garchomp\n|-boost|p1a: Garchomp|atk|2\n|\n|-damage|p1a: Garchomp|196\/358 brn|[from] brn\n|upkeep\n|turn|12\n|c|\u2606JustABizarreJoJo|Sorry about that\n|\n|switch|p1a: Tangrowth|Tangrowth, M|390\/403\n|move|p2a: Grenji|Ice Beam|p1a: Tangrowth\n|-supereffective|p1a: Tangrowth\n|-damage|p1a: Tangrowth|198\/403\n|-status|p1a: Tangrowth|frz\n|\n|upkeep\n|turn|13\n|c|\u2606Candice|:D\n|c|\u2606Candice|love it !\n|c|\u2606JustABizarreJoJo|Okay I'm really sorry about that\n|c|\u2606Candice|haha it's ok\n|c|\u2606Candice|it's the game :p\n|\n|move|p2a: Grenji|Ice Beam|p1a: Tangrowth\n|-supereffective|p1a: Tangrowth\n|-damage|p1a: Tangrowth|0 fnt\n|faint|p1a: Tangrowth\n|-activate|p2a: Grenji|ability: Battle Bond\n|detailschange|p2a: Grenji|Greninja-Ash, M\n|\n|upkeep\n|\n|switch|p1a: Greninja|Greninja, M|220\/285\n|turn|14\n|c|\u2606JustABizarreJoJo|Usually I'm on the receiving end of those bad rolls\n|\n|switch|p2a: Bloody Mary|Tyranitar, F, shiny|235\/397\n|-weather|Sandstorm|[from] ability: Sand Stream|[of] p2a: Bloody Mary\n|move|p1a: Greninja|U-turn|p2a: Bloody Mary\n|-start|p1a: Greninja|typechange|Bug|[from] ability: Protean\n|-supereffective|p2a: Bloody Mary\n|-damage|p2a: Bloody Mary|71\/397\n|\n|switch|p1a: Toph|Excadrill, F|361\/361\n|\n|-weather|Sandstorm|[upkeep]\n|upkeep\n|turn|15\n|\n|switch|p2a: Thunder King|Zapdos, shiny|371\/381\n|move|p1a: Toph|Iron Head|p2a: Thunder King\n|-resisted|p2a: Thunder King\n|-damage|p2a: Thunder King|306\/381\n|\n|-weather|Sandstorm|[upkeep]\n|-damage|p2a: Thunder King|283\/381|[from] Sandstorm\n|upkeep\n|turn|16\n|\n|move|p1a: Toph|Swords Dance|p1a: Toph\n|-boost|p1a: Toph|atk|2\n|move|p2a: Thunder King|Heat Wave|p1a: Toph\n|-supereffective|p1a: Toph\n|-damage|p1a: Toph|111\/361\n|\n|-weather|Sandstorm|[upkeep]\n|-damage|p2a: Thunder King|260\/381|[from] Sandstorm\n|upkeep\n|turn|17\n|\n|move|p1a: Toph|Rock Slide|p2a: Thunder King\n|-supereffective|p2a: Thunder King\n|-damage|p2a: Thunder King|0 fnt\n|faint|p2a: Thunder King\n|\n|-weather|Sandstorm|[upkeep]\n|upkeep\n|\n|switch|p2a: Grenji|Greninja-Ash, M|285\/285\n|turn|18\n|\n|switch|p1a: Meow Meow|Landorus-Therian, M|61\/382\n|-ability|p1a: Meow Meow|Intimidate|boost\n|-unboost|p2a: Grenji|atk|1\n|move|p2a: Grenji|Water Shuriken|p1a: Meow Meow\n|-supereffective|p1a: Meow Meow\n|-damage|p1a: Meow Meow|0 fnt\n|-hitcount|p1a: Meow Meow|1\n|faint|p1a: Meow Meow\n|\n|-weather|none\n|upkeep\n|\n|switch|p1a: Greninja|Greninja, M|220\/285\n|turn|19\n|\n|switch|p2a: Bloody Mary|Tyranitar, F, shiny|71\/397\n|-weather|Sandstorm|[from] ability: Sand Stream|[of] p2a: Bloody Mary\n|move|p1a: Greninja|U-turn|p2a: Bloody Mary\n|-start|p1a: Greninja|typechange|Bug|[from] ability: Protean\n|-supereffective|p2a: Bloody Mary\n|-damage|p2a: Bloody Mary|0 fnt\n|faint|p2a: Bloody Mary\n|\n|switch|p1a: Toph|Excadrill, F|111\/361\n|\n|-weather|Sandstorm|[upkeep]\n|upkeep\n|\n|switch|p2a: Grenji|Greninja-Ash, M|285\/285\n|turn|20\n|\n|switch|p1a: Lilith|Tyranitar, F|189\/385\n|move|p2a: Grenji|Water Shuriken|p1a: Lilith\n|-supereffective|p1a: Lilith\n|-damage|p1a: Lilith|111\/385\n|-supereffective|p1a: Lilith\n|-damage|p1a: Lilith|33\/385\n|-supereffective|p1a: Lilith\n|-crit|p1a: Lilith\n|-damage|p1a: Lilith|0 fnt\n|-hitcount|p1a: Lilith|3\n|faint|p1a: Lilith\n|\n|-weather|Sandstorm|[upkeep]\n|-damage|p2a: Grenji|268\/285|[from] Sandstorm\n|upkeep\n|\n|switch|p1a: Greninja|Greninja, M|220\/285\n|turn|21\n|\n|switch|p2a: Diamatsu|Mawile, F, shiny|303\/303\n|-ability|p2a: Diamatsu|Intimidate|boost\n|-unboost|p1a: Greninja|atk|1\n|move|p1a: Greninja|U-turn|p2a: Diamatsu\n|-start|p1a: Greninja|typechange|Bug|[from] ability: Protean\n|-resisted|p2a: Diamatsu\n|-damage|p2a: Diamatsu|287\/303\n|\n|switch|p1a: Garchomp|Garchomp-Mega, M|196\/358 brn\n|\n|-weather|Sandstorm|[upkeep]\n|-damage|p1a: Garchomp|174\/358 brn|[from] brn\n|upkeep\n|turn|22\n|\n|detailschange|p2a: Diamatsu|Mawile-Mega, F, shiny\n|-mega|p2a: Diamatsu|Mawile|Mawilite\n|move|p2a: Diamatsu|Sucker Punch|p1a: Garchomp\n|-damage|p1a: Garchomp|43\/358 brn\n|move|p1a: Garchomp|Earthquake|p2a: Diamatsu\n|-supereffective|p2a: Diamatsu\n|-damage|p2a: Diamatsu|65\/303\n|\n|-weather|Sandstorm|[upkeep]\n|-damage|p1a: Garchomp|21\/358 brn|[from] brn\n|upkeep\n|turn|23\n|\n|switch|p1a: Greninja|Greninja, M|220\/285\n|move|p2a: Diamatsu|Sucker Punch||[still]\n|-fail|p2a: Diamatsu\n|\n|-weather|none\n|upkeep\n|turn|24\n|\n|move|p2a: Diamatsu|Sucker Punch||[still]\n|-fail|p2a: Diamatsu\n|move|p1a: Greninja|Spikes|p2a: Diamatsu\n|-start|p1a: Greninja|typechange|Ground|[from] ability: Protean\n|-sidestart|p2: JustABizarreJoJo|Spikes\n|\n|upkeep\n|turn|25\n|\n|switch|p1a: Garchomp|Garchomp-Mega, M|21\/358 brn\n|move|p2a: Diamatsu|Play Rough|p1a: Garchomp\n|-supereffective|p1a: Garchomp\n|-damage|p1a: Garchomp|0 fnt\n|faint|p1a: Garchomp\n|\n|upkeep\n|\n|switch|p1a: Greninja|Greninja, M|220\/285\n|turn|26\n|\n|move|p2a: Diamatsu|Sucker Punch|p1a: Greninja\n|-resisted|p1a: Greninja\n|-damage|p1a: Greninja|103\/285\n|move|p1a: Greninja|Ice Beam|p2a: Diamatsu\n|-start|p1a: Greninja|typechange|Ice|[from] ability: Protean\n|-resisted|p2a: Diamatsu\n|-damage|p2a: Diamatsu|2\/303\n|\n|upkeep\n|turn|27\n|c|\u2606Candice|oops\n|\n|move|p1a: Greninja|Ice Beam|p2a: Diamatsu\n|-resisted|p2a: Diamatsu\n|-crit|p2a: Diamatsu\n|-damage|p2a: Diamatsu|0 fnt\n|faint|p2a: Diamatsu\n|\n|upkeep\n|\n|switch|p2a: Balloon Boi|Blacephalon, shiny|247\/247\n|-damage|p2a: Balloon Boi|217\/247|[from] Spikes\n|turn|28\n|\n|switch|p1a: Toph|Excadrill, F|111\/361\n|move|p2a: Balloon Boi|Flamethrower|p1a: Toph\n|-supereffective|p1a: Toph\n|-damage|p1a: Toph|0 fnt\n|faint|p1a: Toph\n|-ability|p2a: Balloon Boi|Beast Boost|boost\n|-boost|p2a: Balloon Boi|spa|1\n|\n|upkeep\n|\n|switch|p1a: Greninja|Greninja, M|103\/285\n|turn|29\n|\n|move|p1a: Greninja|Rock Slide|p2a: Balloon Boi\n|-start|p1a: Greninja|typechange|Rock|[from] ability: Protean\n|-supereffective|p2a: Balloon Boi\n|-damage|p2a: Balloon Boi|0 fnt\n|faint|p2a: Balloon Boi\n|\n|upkeep\n|\n|switch|p2a: The G|Kyurem-Black, shiny|454\/454\n|-damage|p2a: The G|398\/454|[from] Spikes\n|-ability|p2a: The G|Teravolt\n|turn|30\n|\n|move|p1a: Greninja|Rock Slide|p2a: The G\n|-supereffective|p2a: The G\n|-damage|p2a: The G|204\/454\n|cant|p2a: The G|flinch\n|\n|upkeep\n|turn|31\n|\n|move|p1a: Greninja|Rock Slide|p2a: The G\n|-supereffective|p2a: The G\n|-damage|p2a: The G|0 fnt\n|faint|p2a: The G\n|\n|upkeep\n|\n|switch|p2a: Grenji|Greninja-Ash, M|268\/285\n|-damage|p2a: Grenji|233\/285|[from] Spikes\n|turn|32\n|c|\u2606Candice|gg :)\n|\n|move|p2a: Grenji|Water Shuriken|p1a: Greninja\n|-supereffective|p1a: Greninja\n|-damage|p1a: Greninja|0 fnt\n|-hitcount|p1a: Greninja|1\n|faint|p1a: Greninja\n|\n|win|JustABizarreJoJo\n|c|\u2606JustABizarreJoJo|gg\n|l|\u2606Candice\n","uploadtime":1560008796,"views":5,"p1id":"candice","p2id":"justabizarrejojo","formatid":"gen7ou","rating":0,"private":0,"password":null}