{"id":"gen7ou-825265551","p1":"NotOPJellicent","p2":"CarlyBae","format":"gen7ou","log":"|raw|<div class=\"broadcast-red\"><strong>This battle is invite-only!<\/strong><br \/>Users must be rank + or invited with <code>\/invite<\/code> to join<\/div>\n|j|\u2606NotOPJellicent\n|j|\u2606CarlyBae\n|player|p1|NotOPJellicent|137\n|player|p2|CarlyBae|138\n|teamsize|p1|6\n|teamsize|p2|6\n|gametype|singles\n|gen|7\n|tier|[Gen 7] OU\n|rated|\n|rule|Sleep Clause Mod: Limit one foe put to sleep\n|rule|Species Clause: Limit one of each Pok\u00e9mon\n|rule|OHKO Clause: OHKO moves are banned\n|rule|Moody Clause: Moody is banned\n|rule|Evasion Moves Clause: Evasion moves are banned\n|rule|Endless Battle Clause: Forcing endless battles is banned\n|rule|HP Percentage Mod: HP is shown in percentages\n|clearpoke\n|poke|p1|Empoleon, F|item\n|poke|p1|Kartana|item\n|poke|p1|Hoopa-Unbound|item\n|poke|p1|Landorus-Therian, M|item\n|poke|p1|Lopunny, M|item\n|poke|p1|Tornadus-Therian, M|item\n|poke|p2|Mawile, F|item\n|poke|p2|Garchomp, M|item\n|poke|p2|Greninja, M|item\n|poke|p2|Tapu Fini|item\n|poke|p2|Heatran, F|item\n|poke|p2|Zapdos|item\n|teampreview\n|inactive|Battle timer is ON: inactive players will automatically lose when time's up. (requested by NotOPJellicent)\n|\n|start\n|switch|p1a: Empoleon|Empoleon, F|100\/100\n|switch|p2a: Greninja|Greninja, M|100\/100\n|turn|1\n|\n|move|p2a: Greninja|Low Kick|p1a: Empoleon\n|-start|p2a: Greninja|typechange|Fighting|[from] Protean\n|-supereffective|p1a: Empoleon\n|-damage|p1a: Empoleon|29\/100\n|move|p1a: Empoleon|Knock Off|p2a: Greninja\n|-resisted|p2a: Greninja\n|-damage|p2a: Greninja|81\/100\n|-enditem|p2a: Greninja|Choice Scarf|[from] move: Knock Off|[of] p1a: Empoleon\n|\n|upkeep\n|turn|2\n|inactive|NotOPJellicent has 120 seconds left.\n|c|\u2606NotOPJellicent|\/log TPM Mike was invited (and promoted to Room Voice) by NotOPJellicent.\n|j|+TPM Mike\n|\n|switch|p1a: Tornadus|Tornadus-Therian, M|100\/100\n|move|p2a: Greninja|Ice Beam|p1a: Tornadus\n|-start|p2a: Greninja|typechange|Ice|[from] Protean\n|-supereffective|p1a: Tornadus\n|-damage|p1a: Tornadus|24\/100\n|\n|upkeep\n|turn|3\n|\n|move|p2a: Greninja|U-turn|p1a: Tornadus\n|-start|p2a: Greninja|typechange|Bug|[from] Protean\n|-resisted|p1a: Tornadus\n|-damage|p1a: Tornadus|3\/100\n|\n|switch|p2a: Zapdos|Zapdos|100\/100\n|-zpower|p1a: Tornadus\n|move|p1a: Tornadus|Supersonic Skystrike|p2a: Zapdos|[zeffect]\n|-resisted|p2a: Zapdos\n|-damage|p2a: Zapdos|62\/100\n|\n|-heal|p2a: Zapdos|68\/100|[from] item: Leftovers\n|upkeep\n|turn|4\n|\n|move|p1a: Tornadus|Knock Off|p2a: Zapdos\n|-damage|p2a: Zapdos|54\/100\n|-enditem|p2a: Zapdos|Leftovers|[from] move: Knock Off|[of] p1a: Tornadus\n|move|p2a: Zapdos|Volt Switch|p1a: Tornadus\n|-supereffective|p1a: Tornadus\n|-damage|p1a: Tornadus|0 fnt\n|faint|p1a: Tornadus\n|\n|switch|p2a: Heatran|Heatran, F|100\/100\n|\n|upkeep\n|\n|switch|p1a: Hoopa|Hoopa-Unbound|100\/100\n|turn|5\n|\n|switch|p2a: Mawile|Mawile, F|100\/100\n|move|p1a: Hoopa|Hyperspace Fury|p2a: Mawile\n|-resisted|p2a: Mawile\n|-damage|p2a: Mawile|30\/100\n|-unboost|p1a: Hoopa|def|1\n|\n|upkeep\n|turn|6\n|\n|switch|p1a: Landorus|Landorus-Therian, M|100\/100\n|-ability|p1a: Landorus|Intimidate|boost\n|-fail|p2a: Mawile|unboost|Attack|[from] ability: Hyper Cutter|[of] p2a: Mawile\n|switch|p2a: Tapu Fini|Tapu Fini|100\/100\n|-fieldstart|move: Misty Terrain|[from] ability: Misty Surge|[of] p2a: Tapu Fini\n|\n|upkeep\n|turn|7\n|\n|switch|p2a: Zapdos|Zapdos|54\/100\n|move|p1a: Landorus|Earthquake|p2a: Zapdos\n|-immune|p2a: Zapdos|[msg]\n|\n|upkeep\n|turn|8\n|\n|move|p2a: Zapdos|Hidden Power|p1a: Landorus\n|-supereffective|p1a: Landorus\n|-crit|p1a: Landorus\n|-damage|p1a: Landorus|0 fnt\n|faint|p1a: Landorus\n|\n|upkeep\n|\n|switch|p1a: Hoopa|Hoopa-Unbound|100\/100\n|turn|9\n|\n|switch|p2a: Mawile|Mawile, F|30\/100\n|move|p1a: Hoopa|Hyperspace Fury|p2a: Mawile\n|-resisted|p2a: Mawile\n|-damage|p2a: Mawile|0 fnt\n|-unboost|p1a: Hoopa|def|1\n|faint|p2a: Mawile\n|\n|upkeep\n|inactive|CarlyBae has 120 seconds left.\n|\n|switch|p2a: Greninja|Greninja, M|81\/100\n|turn|10\n|\n|switch|p1a: Empoleon|Empoleon, F|29\/100\n|move|p2a: Greninja|Ice Beam|p1a: Empoleon\n|-start|p2a: Greninja|typechange|Ice|[from] Protean\n|-resisted|p1a: Empoleon\n|-damage|p1a: Empoleon|24\/100\n|\n|-fieldend|Misty Terrain\n|upkeep\n|turn|11\n|\n|move|p1a: Empoleon|Aqua Jet|p2a: Greninja\n|-damage|p2a: Greninja|48\/100\n|move|p2a: Greninja|Low Kick|p1a: Empoleon\n|-start|p2a: Greninja|typechange|Fighting|[from] Protean\n|-supereffective|p1a: Empoleon\n|-damage|p1a: Empoleon|0 fnt\n|faint|p1a: Empoleon\n|\n|upkeep\n|\n|switch|p1a: Lopunny|Lopunny, M|100\/100\n|turn|12\n|\n|switch|p2a: Garchomp|Garchomp, M|100\/100\n|detailschange|p1a: Lopunny|Lopunny-Mega, M\n|-mega|p1a: Lopunny|Lopunny|Lopunnite\n|move|p1a: Lopunny|Return|p2a: Garchomp\n|-damage|p2a: Garchomp|48\/100\n|-damage|p1a: Lopunny|88\/100|[from] ability: Rough Skin|[of] p2a: Garchomp\n|\n|upkeep\n|turn|13\n|\n|move|p1a: Lopunny|Return|p2a: Garchomp\n|-damage|p2a: Garchomp|0 fnt\n|-damage|p1a: Lopunny|76\/100|[from] ability: Rough Skin|[of] p2a: Garchomp\n|faint|p2a: Garchomp\n|\n|upkeep\n|\n|switch|p2a: Zapdos|Zapdos|54\/100\n|turn|14\n|\n|switch|p1a: Hoopa|Hoopa-Unbound|100\/100\n|move|p2a: Zapdos|Roost|p2a: Zapdos\n|-heal|p2a: Zapdos|100\/100\n|\n|upkeep\n|turn|15\n|\n|switch|p2a: Heatran|Heatran, F|100\/100\n|move|p1a: Hoopa|Hyperspace Fury|p2a: Heatran\n|-damage|p2a: Heatran|23\/100\n|-unboost|p1a: Hoopa|def|1\n|\n|-heal|p2a: Heatran|30\/100|[from] item: Leftovers\n|upkeep\n|turn|16\n|\n|switch|p2a: Tapu Fini|Tapu Fini|100\/100\n|-fieldstart|move: Misty Terrain|[from] ability: Misty Surge|[of] p2a: Tapu Fini\n|move|p1a: Hoopa|Hyperspace Fury|p2a: Tapu Fini\n|-resisted|p2a: Tapu Fini\n|-damage|p2a: Tapu Fini|70\/100\n|-unboost|p1a: Hoopa|def|1\n|\n|-heal|p2a: Tapu Fini|76\/100|[from] item: Leftovers\n|upkeep\n|turn|17\n|\n|switch|p1a: Kartana|Kartana|100\/100\n|move|p2a: Tapu Fini|Moonblast|p1a: Kartana\n|-resisted|p1a: Kartana\n|-damage|p1a: Kartana|51\/100\n|-unboost|p1a: Kartana|spa|1\n|\n|-heal|p2a: Tapu Fini|82\/100|[from] item: Leftovers\n|upkeep\n|turn|18\n|\n|switch|p2a: Zapdos|Zapdos|100\/100\n|move|p1a: Kartana|Knock Off|p2a: Zapdos\n|-damage|p2a: Zapdos|80\/100\n|\n|upkeep\n|turn|19\n|\n|move|p1a: Kartana|Knock Off|p2a: Zapdos\n|-damage|p2a: Zapdos|58\/100\n|move|p2a: Zapdos|Volt Switch|p1a: Kartana\n|-resisted|p1a: Kartana\n|-damage|p1a: Kartana|5\/100\n|\n|switch|p2a: Heatran|Heatran, F|30\/100\n|\n|-heal|p2a: Heatran|36\/100|[from] item: Leftovers\n|upkeep\n|turn|20\n|\n|switch|p1a: Hoopa|Hoopa-Unbound|100\/100\n|switch|p2a: Zapdos|Zapdos|58\/100\n|\n|-fieldend|Misty Terrain\n|upkeep\n|turn|21\n|\n|switch|p2a: Heatran|Heatran, F|36\/100\n|move|p1a: Hoopa|Hyperspace Fury|p2a: Heatran\n|-damage|p2a: Heatran|0 fnt\n|-unboost|p1a: Hoopa|def|1\n|faint|p2a: Heatran\n|\n|upkeep\n|\n|switch|p2a: Tapu Fini|Tapu Fini|82\/100\n|-fieldstart|move: Misty Terrain|[from] ability: Misty Surge|[of] p2a: Tapu Fini\n|turn|22\n|\n|switch|p1a: Kartana|Kartana|5\/100\n|move|p2a: Tapu Fini|Moonblast|p1a: Kartana\n|-resisted|p1a: Kartana\n|-damage|p1a: Kartana|0 fnt\n|faint|p1a: Kartana\n|\n|-heal|p2a: Tapu Fini|88\/100|[from] item: Leftovers\n|upkeep\n|\n|switch|p1a: Hoopa|Hoopa-Unbound|100\/100\n|turn|23\n|inactive|CarlyBae has 120 seconds left.\n|\n|move|p1a: Hoopa|Gunk Shot|p2a: Tapu Fini\n|-supereffective|p2a: Tapu Fini\n|-damage|p2a: Tapu Fini|0 fnt\n|faint|p2a: Tapu Fini\n|\n|upkeep\n|\n|switch|p2a: Greninja|Greninja, M|48\/100\n|turn|24\n|\n|switch|p1a: Lopunny|Lopunny-Mega, M|76\/100\n|move|p2a: Greninja|U-turn|p1a: Lopunny\n|-start|p2a: Greninja|typechange|Bug|[from] Protean\n|-resisted|p1a: Lopunny\n|-damage|p1a: Lopunny|57\/100\n|\n|switch|p2a: Zapdos|Zapdos|58\/100\n|\n|upkeep\n|turn|25\n|\n|switch|p1a: Hoopa|Hoopa-Unbound|100\/100\n|move|p2a: Zapdos|Volt Switch|p1a: Hoopa\n|-damage|p1a: Hoopa|74\/100\n|\n|switch|p2a: Greninja|Greninja, M|48\/100\n|\n|upkeep\n|turn|26\n|\n|switch|p1a: Lopunny|Lopunny-Mega, M|57\/100\n|move|p2a: Greninja|Low Kick|p1a: Lopunny\n|-start|p2a: Greninja|typechange|Fighting|[from] Protean\n|-supereffective|p1a: Lopunny\n|-damage|p1a: Lopunny|0 fnt\n|faint|p1a: Lopunny\n|\n|-fieldend|Misty Terrain\n|upkeep\n|\n|switch|p1a: Hoopa|Hoopa-Unbound|74\/100\n|turn|27\n|\n|move|p2a: Greninja|U-turn|p1a: Hoopa\n|-start|p2a: Greninja|typechange|Bug|[from] Protean\n|-supereffective|p1a: Hoopa\n|-damage|p1a: Hoopa|0 fnt\n|faint|p1a: Hoopa\n|\n|win|CarlyBae\n|c|\u2606CarlyBae|gg\n|raw|NotOPJellicent's rating: 1566 &rarr; <strong>1543<\/strong><br \/>(-23 for losing)\n|raw|CarlyBae's rating: 1514 &rarr; <strong>1537<\/strong><br \/>(+23 for winning)\n|l|\u2606NotOPJellicent\n|c|\u2606CarlyBae|\/log CarlyBae made this room public.\n|l|+TPM Mike\n","uploadtime":1540438712,"views":16,"p1id":"notopjellicent","p2id":"carlybae","formatid":"gen7ou","rating":1537,"private":0,"password":null}