{"id":"gen7ou-1053359710","p1":"ferromolybdenum","p2":"Avalon1","format":"gen7ou","log":"|j|\u2606ferromolybdenum\n|j|\u2606Avalon1\n|player|p1|ferromolybdenum|1|1552\n|player|p2|Avalon1|palmer|1480\n|teamsize|p1|6\n|teamsize|p2|6\n|gametype|singles\n|gen|7\n|tier|[Gen 7] OU\n|rated|\n|clearpoke\n|poke|p1|Landorus-Therian, M|item\n|poke|p1|Greninja, M|item\n|poke|p1|Tapu Koko|item\n|poke|p1|Magearna|item\n|poke|p1|Medicham, F|item\n|poke|p1|Magnezone|item\n|poke|p2|Tyranitar, F|item\n|poke|p2|Serperior, F|item\n|poke|p2|Alakazam, F|item\n|poke|p2|Magearna|item\n|poke|p2|Landorus-Therian, M|item\n|poke|p2|Rotom-Wash|item\n|rule|Sleep Clause Mod: Limit one foe put to sleep\n|rule|Species Clause: Limit one of each Pok\u00e9mon\n|rule|OHKO Clause: OHKO moves are banned\n|rule|Moody Clause: Moody is banned\n|rule|Evasion Moves Clause: Evasion moves are banned\n|rule|Endless Battle Clause: Forcing endless battles is banned\n|rule|HP Percentage Mod: HP is shown in percentages\n|teampreview\n|\n|start\n|switch|p1a: Medicham|Medicham, F|100\/100\n|switch|p2a: Landorus|Landorus-Therian, M|100\/100\n|-ability|p2a: Landorus|Intimidate|boost\n|-unboost|p1a: Medicham|atk|1\n|turn|1\n|\n|detailschange|p1a: Medicham|Medicham-Mega, F\n|-mega|p1a: Medicham|Medicham|Medichamite\n|move|p1a: Medicham|Fake Out|p2a: Landorus\n|-damage|p2a: Landorus|83\/100\n|cant|p2a: Landorus|flinch\n|\n|upkeep\n|turn|2\n|\n|switch|p1a: Landorus|Landorus-Therian, M|100\/100\n|-ability|p1a: Landorus|Intimidate|boost\n|-unboost|p2a: Landorus|atk|1\n|move|p2a: Landorus|U-turn|p1a: Landorus\n|-resisted|p1a: Landorus\n|-damage|p1a: Landorus|93\/100\n|\n|switch|p2a: Rotom|Rotom-Wash|100\/100|[from]move: U-turn\n|\n|upkeep\n|turn|3\n|\n|move|p1a: Landorus|U-turn|p2a: Rotom\n|-crit|p2a: Rotom\n|-damage|p2a: Rotom|68\/100\n|\n|switch|p1a: Magearna|Magearna|100\/100|[from]move: U-turn\n|move|p2a: Rotom|Hydro Pump|p1a: Magearna|[miss]\n|-miss|p2a: Rotom|p1a: Magearna\n|\n|upkeep\n|turn|4\n|\n|move|p2a: Rotom|Volt Switch|p1a: Magearna\n|-damage|p1a: Magearna|91\/100\n|\n|switch|p2a: Magearna|Magearna|100\/100|[from]move: Volt Switch\n|move|p1a: Magearna|Volt Switch|p2a: Magearna\n|-damage|p2a: Magearna|90\/100\n|\n|switch|p1a: Magnezone|Magnezone|100\/100|[from]move: Volt Switch\n|\n|upkeep\n|turn|5\n|\n|move|p1a: Magnezone|Thunderbolt|p2a: Magearna\n|-damage|p2a: Magearna|47\/100\n|move|p2a: Magearna|Focus Blast|p1a: Magnezone|[miss]\n|-miss|p2a: Magearna|p1a: Magnezone\n|\n|upkeep\n|turn|6\n|\n|move|p1a: Magnezone|Thunderbolt|p2a: Magearna\n|-damage|p2a: Magearna|3\/100\n|move|p2a: Magearna|Focus Blast|p1a: Magnezone|[miss]\n|-miss|p2a: Magearna|p1a: Magnezone\n|\n|upkeep\n|turn|7\n|c|\u2606Avalon1|..\n|\n|move|p1a: Magnezone|Thunderbolt|p2a: Magearna\n|-damage|p2a: Magearna|0 fnt\n|faint|p2a: Magearna\n|\n|upkeep\n|\n|switch|p2a: Landorus|Landorus-Therian, M|83\/100\n|-ability|p2a: Landorus|Intimidate|boost\n|-unboost|p1a: Magnezone|atk|1\n|turn|8\n|\n|switch|p1a: Landorus|Landorus-Therian, M|93\/100\n|-ability|p1a: Landorus|Intimidate|boost\n|-unboost|p2a: Landorus|atk|1\n|move|p2a: Landorus|Hidden Power|p1a: Landorus\n|-supereffective|p1a: Landorus\n|-damage|p1a: Landorus|19\/100\n|\n|upkeep\n|turn|9\n|\n|move|p2a: Landorus|Hidden Power|p1a: Landorus\n|-supereffective|p1a: Landorus\n|-damage|p1a: Landorus|0 fnt\n|faint|p1a: Landorus\n|\n|upkeep\n|\n|switch|p1a: Greninja|Greninja, M|100\/100\n|turn|10\n|\n|switch|p2a: Rotom|Rotom-Wash|68\/100\n|move|p1a: Greninja|Surf|p2a: Rotom\n|-resisted|p2a: Rotom\n|-damage|p2a: Rotom|35\/100\n|\n|upkeep\n|turn|11\n|\n|switch|p1a: Magearna|Magearna|91\/100\n|move|p2a: Rotom|Volt Switch|p1a: Magearna\n|-damage|p1a: Magearna|80\/100\n|\n|switch|p2a: Landorus|Landorus-Therian, M|83\/100|[from]move: Volt Switch\n|-ability|p2a: Landorus|Intimidate|boost\n|-unboost|p1a: Magearna|atk|1\n|\n|upkeep\n|turn|12\n|\n|switch|p1a: Medicham|Medicham-Mega, F|100\/100\n|move|p2a: Landorus|Earthquake|p1a: Medicham\n|-damage|p1a: Medicham|20\/100\n|\n|upkeep\n|turn|13\n|\n|move|p1a: Medicham|Fake Out|p2a: Landorus\n|-damage|p2a: Landorus|54\/100\n|cant|p2a: Landorus|flinch\n|\n|upkeep\n|turn|14\n|\n|move|p2a: Landorus|Earthquake|p1a: Medicham\n|-damage|p1a: Medicham|0 fnt\n|faint|p1a: Medicham\n|\n|upkeep\n|\n|switch|p1a: Greninja|Greninja, M|100\/100\n|turn|15\n|\n|switch|p2a: Rotom|Rotom-Wash|35\/100\n|move|p1a: Greninja|Water Shuriken|p2a: Rotom\n|-resisted|p2a: Rotom\n|-damage|p2a: Rotom|30\/100\n|-resisted|p2a: Rotom\n|-damage|p2a: Rotom|24\/100\n|-enditem|p2a: Rotom|Wiki Berry|[eat]\n|-heal|p2a: Rotom|74\/100|[from] item: Wiki Berry\n|-resisted|p2a: Rotom\n|-damage|p2a: Rotom|69\/100\n|-hitcount|p2a: Rotom|3\n|\n|upkeep\n|turn|16\n|\n|switch|p1a: Magnezone|Magnezone|100\/100\n|move|p2a: Rotom|Volt Switch|p1a: Magnezone\n|-resisted|p1a: Magnezone\n|-damage|p1a: Magnezone|82\/100\n|\n|switch|p2a: Landorus|Landorus-Therian, M|54\/100|[from]move: Volt Switch\n|-ability|p2a: Landorus|Intimidate|boost\n|-unboost|p1a: Magnezone|atk|1\n|\n|upkeep\n|turn|17\n|\n|move|p2a: Landorus|Earthquake|p1a: Magnezone\n|-supereffective|p1a: Magnezone\n|-damage|p1a: Magnezone|0 fnt\n|faint|p1a: Magnezone\n|\n|upkeep\n|-message|ferromolybdenum forfeited.\n|\n|win|Avalon1\n|l|\u2606ferromolybdenum\n|raw|ferromolybdenum's rating: 1500 &rarr; <strong>1479<\/strong><br \/>(-21 for losing)\n|raw|Avalon1's rating: 1480 &rarr; <strong>1504<\/strong><br \/>(+24 for winning)\n","uploadtime":1580107007,"views":13,"p1id":"ferromolybdenum","p2id":"avalon1","formatid":"gen7ou","rating":1479,"private":0,"password":null}