{"id":"gen7ou-938391054","p1":"Dodo est la","p2":"NAFLD","format":"gen7ou","log":"|j|\u2606Dodo est la\n|j|\u2606NAFLD\n|player|p1|Dodo est la|170\n|player|p2|NAFLD|266\n|teamsize|p1|6\n|teamsize|p2|6\n|gametype|singles\n|gen|7\n|tier|[Gen 7] OU\n|rated|\n|rule|Sleep Clause Mod: Limit one foe put to sleep\n|rule|Species Clause: Limit one of each Pok\u00e9mon\n|rule|OHKO Clause: OHKO moves are banned\n|rule|Moody Clause: Moody is banned\n|rule|Evasion Moves Clause: Evasion moves are banned\n|rule|Endless Battle Clause: Forcing endless battles is banned\n|rule|HP Percentage Mod: HP is shown in percentages\n|clearpoke\n|poke|p1|Greninja, M|item\n|poke|p1|Lopunny, F|item\n|poke|p1|Ferrothorn, M|item\n|poke|p1|Serperior, M|item\n|poke|p1|Victini|item\n|poke|p1|Landorus-Therian, M|item\n|poke|p2|Greninja, M|item\n|poke|p2|Pelipper, F|item\n|poke|p2|Swampert, M|item\n|poke|p2|Tornadus-Therian, M|item\n|poke|p2|Manaphy|item\n|poke|p2|Ferrothorn, M|item\n|teampreview\n|inactive|Battle timer is ON: inactive players will automatically lose when time's up. (requested by Dodo est la)\n|\n|start\n|switch|p1a: Landorus|Landorus-Therian, M|100\/100\n|switch|p2a: Ferrothorn|Ferrothorn, M|100\/100\n|-ability|p1a: Landorus|Intimidate|boost\n|-unboost|p2a: Ferrothorn|atk|1\n|turn|1\n|\n|move|p1a: Landorus|Knock Off|p2a: Ferrothorn\n|-damage|p2a: Ferrothorn|74\/100\n|-damage|p1a: Landorus|88\/100|[from] ability: Iron Barbs|[of] p2a: Ferrothorn\n|-enditem|p2a: Ferrothorn|Chople Berry|[from] move: Knock Off|[of] p1a: Landorus\n|move|p2a: Ferrothorn|Stealth Rock|p1a: Landorus\n|-sidestart|p1: Dodo est la|move: Stealth Rock\n|\n|-heal|p1a: Landorus|94\/100|[from] item: Leftovers\n|upkeep\n|turn|2\n|\n|move|p1a: Landorus|Stealth Rock|p2a: Ferrothorn\n|-sidestart|p2: NAFLD|move: Stealth Rock\n|move|p2a: Ferrothorn|Spikes|p1a: Landorus\n|-sidestart|p1: Dodo est la|Spikes\n|\n|-heal|p1a: Landorus|99\/100|[from] item: Leftovers\n|upkeep\n|turn|3\n|\n|move|p1a: Landorus|Earthquake|p2a: Ferrothorn\n|-damage|p2a: Ferrothorn|32\/100\n|move|p2a: Ferrothorn|Spikes|p1a: Landorus\n|-sidestart|p1: Dodo est la|Spikes\n|\n|-heal|p1a: Landorus|100\/100|[from] item: Leftovers\n|upkeep\n|turn|4\n|\n|switch|p2a: Pelipper|Pelipper, F|100\/100\n|-damage|p2a: Pelipper|76\/100|[from] Stealth Rock\n|-weather|RainDance|[from] ability: Drizzle|[of] p2a: Pelipper\n|move|p1a: Landorus|U-turn|p2a: Pelipper\n|-resisted|p2a: Pelipper\n|-damage|p2a: Pelipper|62\/100\n|\n|switch|p1a: Serperior|Serperior, M|100\/100|[from]move: U-turn\n|-damage|p1a: Serperior|88\/100|[from] Stealth Rock\n|-damage|p1a: Serperior|72\/100|[from] Spikes\n|\n|-weather|RainDance|[upkeep]\n|upkeep\n|turn|5\n|\n|switch|p2a: Tornadus|Tornadus-Therian, M|100\/100\n|-damage|p2a: Tornadus|75\/100|[from] Stealth Rock\n|move|p1a: Serperior|Substitute|p1a: Serperior\n|-start|p1a: Serperior|Substitute\n|-damage|p1a: Serperior|47\/100\n|\n|-weather|RainDance|[upkeep]\n|upkeep\n|turn|6\n|\n|move|p1a: Serperior|Leaf Storm|p2a: Tornadus\n|-resisted|p2a: Tornadus\n|-damage|p2a: Tornadus|50\/100\n|-boost|p1a: Serperior|spa|2\n|-damage|p1a: Serperior|37\/100|[from] item: Life Orb\n|move|p2a: Tornadus|Hurricane|p1a: Serperior\n|-supereffective|p1a: Serperior\n|-end|p1a: Serperior|Substitute\n|\n|-weather|RainDance|[upkeep]\n|upkeep\n|turn|7\n|\n|move|p1a: Serperior|Leaf Storm|p2a: Tornadus\n|-resisted|p2a: Tornadus\n|-damage|p2a: Tornadus|1\/100\n|-boost|p1a: Serperior|spa|2\n|-damage|p1a: Serperior|27\/100|[from] item: Life Orb\n|move|p2a: Tornadus|Hurricane|p1a: Serperior\n|-supereffective|p1a: Serperior\n|-damage|p1a: Serperior|0 fnt\n|faint|p1a: Serperior\n|\n|-weather|RainDance|[upkeep]\n|upkeep\n|\n|switch|p1a: Greninja|Greninja, M|100\/100\n|-damage|p1a: Greninja|88\/100|[from] Stealth Rock\n|-damage|p1a: Greninja|72\/100|[from] Spikes\n|turn|8\n|\n|switch|p2a: Ferrothorn|Ferrothorn, M|32\/100\n|-damage|p2a: Ferrothorn|26\/100|[from] Stealth Rock\n|move|p1a: Greninja|Dark Pulse|p2a: Ferrothorn\n|-start|p1a: Greninja|typechange|Dark|[from] ability: Protean\n|-damage|p2a: Ferrothorn|0 fnt\n|-damage|p1a: Greninja|62\/100|[from] item: Life Orb\n|faint|p2a: Ferrothorn\n|\n|-weather|RainDance|[upkeep]\n|upkeep\n|\n|switch|p2a: Swampert|Swampert, M|100\/100\n|-damage|p2a: Swampert|94\/100|[from] Stealth Rock\n|turn|9\n|\n|detailschange|p2a: Swampert|Swampert-Mega, M\n|-mega|p2a: Swampert|Swampert|Swampertite\n|move|p2a: Swampert|Earthquake|p1a: Greninja\n|-damage|p1a: Greninja|0 fnt\n|faint|p1a: Greninja\n|\n|-weather|RainDance|[upkeep]\n|upkeep\n|\n|switch|p1a: Lopunny|Lopunny, F, shiny|100\/100\n|-damage|p1a: Lopunny|88\/100|[from] Stealth Rock\n|-damage|p1a: Lopunny|71\/100|[from] Spikes\n|turn|10\n|\n|switch|p2a: Tornadus|Tornadus-Therian, M|34\/100\n|-damage|p2a: Tornadus|9\/100|[from] Stealth Rock\n|detailschange|p1a: Lopunny|Lopunny-Mega, F, shiny\n|-mega|p1a: Lopunny|Lopunny|Lopunnite\n|move|p1a: Lopunny|Fake Out|p2a: Tornadus\n|-damage|p2a: Tornadus|0 fnt\n|-damage|p1a: Lopunny|55\/100|[from] item: Rocky Helmet|[of] p2a: Tornadus\n|faint|p2a: Tornadus\n|\n|-weather|RainDance|[upkeep]\n|upkeep\n|\n|switch|p2a: Swampert|Swampert-Mega, M|94\/100\n|-damage|p2a: Swampert|88\/100|[from] Stealth Rock\n|turn|11\n|\n|switch|p1a: Ferrothorn|Ferrothorn, M|100\/100\n|-damage|p1a: Ferrothorn|84\/100|[from] Spikes\n|-damage|p1a: Ferrothorn|78\/100|[from] Stealth Rock\n|move|p2a: Swampert|Earthquake|p1a: Ferrothorn\n|-damage|p1a: Ferrothorn|41\/100\n|\n|-weather|none\n|-heal|p1a: Ferrothorn|47\/100|[from] item: Leftovers\n|upkeep\n|turn|12\n|\n|move|p2a: Swampert|Superpower|p1a: Ferrothorn\n|-supereffective|p1a: Ferrothorn\n|-damage|p1a: Ferrothorn|0 fnt\n|-damage|p2a: Swampert|76\/100|[from] ability: Iron Barbs|[of] p1a: Ferrothorn\n|-unboost|p2a: Swampert|atk|1\n|-unboost|p2a: Swampert|def|1\n|faint|p1a: Ferrothorn\n|\n|upkeep\n|\n|switch|p1a: Lopunny|Lopunny-Mega, F, shiny|55\/100\n|-damage|p1a: Lopunny|49\/100|[from] Stealth Rock\n|-damage|p1a: Lopunny|32\/100|[from] Spikes\n|turn|13\n|\n|switch|p2a: Pelipper|Pelipper, F|62\/100\n|-damage|p2a: Pelipper|38\/100|[from] Stealth Rock\n|-weather|RainDance|[from] ability: Drizzle|[of] p2a: Pelipper\n|move|p1a: Lopunny|Return|p2a: Pelipper\n|-damage|p2a: Pelipper|0 fnt\n|faint|p2a: Pelipper\n|\n|-weather|RainDance|[upkeep]\n|upkeep\n|\n|switch|p2a: Swampert|Swampert-Mega, M|76\/100\n|-damage|p2a: Swampert|70\/100|[from] Stealth Rock\n|turn|14\n|\n|switch|p1a: Landorus|Landorus-Therian, M|100\/100\n|-damage|p1a: Landorus|88\/100|[from] Stealth Rock\n|-ability|p1a: Landorus|Intimidate|boost\n|-unboost|p2a: Swampert|atk|1\n|move|p2a: Swampert|Waterfall|p1a: Landorus\n|-supereffective|p1a: Landorus\n|-damage|p1a: Landorus|7\/100\n|\n|-weather|RainDance|[upkeep]\n|-heal|p1a: Landorus|13\/100|[from] item: Leftovers\n|upkeep\n|turn|15\n|\n|move|p2a: Swampert|Waterfall|p1a: Landorus\n|-supereffective|p1a: Landorus\n|-damage|p1a: Landorus|0 fnt\n|faint|p1a: Landorus\n|\n|-weather|RainDance|[upkeep]\n|upkeep\n|\n|switch|p1a: Victini|Victini|100\/100\n|-damage|p1a: Victini|84\/100|[from] Spikes\n|-damage|p1a: Victini|59\/100|[from] Stealth Rock\n|turn|16\n|\n|move|p2a: Swampert|Waterfall|p1a: Victini\n|-supereffective|p1a: Victini\n|-damage|p1a: Victini|0 fnt\n|faint|p1a: Victini\n|\n|-weather|RainDance|[upkeep]\n|upkeep\n|\n|switch|p1a: Lopunny|Lopunny-Mega, F, shiny|32\/100\n|-damage|p1a: Lopunny|26\/100|[from] Stealth Rock\n|-damage|p1a: Lopunny|9\/100|[from] Spikes\n|turn|17\n|\n|move|p1a: Lopunny|Fake Out|p2a: Swampert\n|-damage|p2a: Swampert|50\/100\n|cant|p2a: Swampert|flinch\n|\n|-weather|RainDance|[upkeep]\n|upkeep\n|turn|18\n|\n|move|p2a: Swampert|Waterfall|p1a: Lopunny\n|-damage|p1a: Lopunny|0 fnt\n|faint|p1a: Lopunny\n|\n|win|NAFLD\n|l|\u2606Dodo est la\n|raw|Dodo est la's rating: 1207 &rarr; <strong>1186<\/strong><br \/>(-21 for losing)\n|raw|NAFLD's rating: 1264 &rarr; <strong>1285<\/strong><br \/>(+21 for winning)\n","uploadtime":1562059002,"views":1,"p1id":"dodoestla","p2id":"nafld","formatid":"gen7ou","rating":1186,"private":0,"password":null}