{"id":"gen7randombattle-1127227738","p1":"DoppelNinja","p2":"BaddyGames","format":"gen7randombattle","log":"|j|\u2606DoppelNinja\n|j|\u2606BaddyGames\n|player|p1|DoppelNinja|266|\n|player|p2|BaddyGames|275|\n|teamsize|p1|6\n|teamsize|p2|6\n|gametype|singles\n|gen|7\n|tier|[Gen 7] Random Battle\n|rule|Sleep Clause Mod: Limit one foe put to sleep\n|rule|HP Percentage Mod: HP is shown in percentages\n|\n|start\n|switch|p1a: Stantler|Stantler, L88, F|272\/272\n|switch|p2a: Ludicolo|Ludicolo, L88, F|284\/284\n|-ability|p1a: Stantler|Intimidate|boost\n|-unboost|p2a: Ludicolo|atk|1\n|turn|1\n|c|\u2606BaddyGames|hf\n|c|\u2606DoppelNinja|gl\n|\n|move|p1a: Stantler|Double-Edge|p2a: Ludicolo\n|-damage|p2a: Ludicolo|72\/284\n|-damage|p1a: Stantler|202\/272|[from] Recoil\n|-damage|p1a: Stantler|175\/272|[from] item: Life Orb\n|move|p2a: Ludicolo|Scald|p1a: Stantler\n|-damage|p1a: Stantler|31\/272\n|-status|p1a: Stantler|brn\n|-damage|p2a: Ludicolo|44\/284|[from] item: Life Orb\n|\n|-damage|p1a: Stantler|14\/272 brn|[from] brn\n|upkeep\n|turn|2\n|\n|switch|p2a: Cobalion|Cobalion, L82|283\/283\n|move|p1a: Stantler|Double-Edge|p2a: Cobalion\n|-resisted|p2a: Cobalion\n|-damage|p2a: Cobalion|252\/283\n|-damage|p1a: Stantler|4\/272 brn|[from] Recoil\n|-damage|p1a: Stantler|0 fnt|[from] item: Life Orb\n|faint|p1a: Stantler\n|\n|-heal|p2a: Cobalion|269\/283|[from] item: Leftovers\n|upkeep\n|\n|switch|p1a: Goodra|Goodra, L84, F|288\/288\n|turn|3\n|\n|switch|p2a: Ludicolo|Ludicolo, L88, F|44\/284\n|move|p1a: Goodra|Fire Blast|p2a: Ludicolo|[miss]\n|-miss|p1a: Goodra|p2a: Ludicolo\n|\n|upkeep\n|turn|4\n|\n|move|p1a: Goodra|Fire Blast|p2a: Ludicolo\n|-damage|p2a: Ludicolo|0 fnt\n|faint|p2a: Ludicolo\n|\n|upkeep\n|\n|switch|p2a: Porygon2|Porygon2, L84|280\/280\n|turn|5\n|\n|move|p1a: Goodra|Sludge Bomb|p2a: Porygon2\n|-damage|p2a: Porygon2|239\/280\n|move|p2a: Porygon2|Ice Beam|p1a: Goodra\n|-supereffective|p1a: Goodra\n|-damage|p1a: Goodra|210\/288\n|\n|upkeep\n|turn|6\n|\n|move|p1a: Goodra|Sludge Bomb|p2a: Porygon2\n|-damage|p2a: Porygon2|194\/280\n|-status|p2a: Porygon2|psn\n|move|p2a: Porygon2|Ice Beam|p1a: Goodra\n|-supereffective|p1a: Goodra\n|-damage|p1a: Goodra|130\/288\n|-status|p1a: Goodra|frz\n|\n|-damage|p2a: Porygon2|159\/280 psn|[from] psn\n|upkeep\n|turn|7\n|\n|cant|p1a: Goodra|frz\n|move|p2a: Porygon2|Ice Beam|p1a: Goodra\n|-supereffective|p1a: Goodra\n|-damage|p1a: Goodra|54\/288 frz\n|\n|-damage|p2a: Porygon2|124\/280 psn|[from] psn\n|upkeep\n|turn|8\n|\n|cant|p1a: Goodra|frz\n|move|p2a: Porygon2|Recover|p2a: Porygon2\n|-heal|p2a: Porygon2|264\/280 psn\n|\n|-damage|p2a: Porygon2|229\/280 psn|[from] psn\n|upkeep\n|turn|9\n|\n|-curestatus|p1a: Goodra|frz|[msg]\n|move|p1a: Goodra|Draco Meteor|p2a: Porygon2\n|-damage|p2a: Porygon2|130\/280 psn\n|-unboost|p1a: Goodra|spa|2\n|move|p2a: Porygon2|Ice Beam|p1a: Goodra\n|-supereffective|p1a: Goodra\n|-damage|p1a: Goodra|0 fnt\n|faint|p1a: Goodra\n|\n|-damage|p2a: Porygon2|95\/280 psn|[from] psn\n|upkeep\n|\n|switch|p1a: Barbaracle|Barbaracle, L86, F|264\/264\n|turn|10\n|\n|switch|p2a: Aromatisse|Aromatisse, L88, M|321\/321\n|move|p1a: Barbaracle|Shell Smash|p1a: Barbaracle\n|-unboost|p1a: Barbaracle|def|1\n|-unboost|p1a: Barbaracle|spd|1\n|-boost|p1a: Barbaracle|atk|2\n|-boost|p1a: Barbaracle|spa|2\n|-boost|p1a: Barbaracle|spe|2\n|-enditem|p1a: Barbaracle|White Herb\n|-clearnegativeboost|p1a: Barbaracle|[silent]\n|\n|upkeep\n|turn|11\n|\n|move|p1a: Barbaracle|Liquidation|p2a: Aromatisse\n|-damage|p2a: Aromatisse|42\/321\n|move|p2a: Aromatisse|Moonblast|p1a: Barbaracle\n|-damage|p1a: Barbaracle|146\/264\n|\n|-heal|p2a: Aromatisse|62\/321|[from] item: Leftovers\n|upkeep\n|turn|12\n|\n|move|p2a: Aromatisse|Protect|p2a: Aromatisse\n|-singleturn|p2a: Aromatisse|Protect\n|move|p1a: Barbaracle|Liquidation|p2a: Aromatisse\n|-activate|p2a: Aromatisse|move: Protect\n|\n|-heal|p2a: Aromatisse|82\/321|[from] item: Leftovers\n|upkeep\n|turn|13\n|\n|move|p1a: Barbaracle|Liquidation|p2a: Aromatisse\n|-damage|p2a: Aromatisse|0 fnt\n|faint|p2a: Aromatisse\n|\n|upkeep\n|\n|switch|p2a: Torterra|Torterra, L88, F|310\/310\n|turn|14\n|\n|move|p1a: Barbaracle|Liquidation|p2a: Torterra\n|-damage|p2a: Torterra|93\/310\n|move|p2a: Torterra|Wood Hammer|p1a: Barbaracle\n|-supereffective|p1a: Barbaracle\n|-damage|p1a: Barbaracle|0 fnt\n|-damage|p2a: Torterra|45\/310|[from] Recoil\n|faint|p1a: Barbaracle\n|\n|-heal|p2a: Torterra|64\/310|[from] item: Leftovers\n|upkeep\n|\n|switch|p1a: Celebi|Celebi, L82|298\/298\n|turn|15\n|\n|move|p1a: Celebi|Hidden Power|p2a: Torterra\n|-supereffective|p2a: Torterra\n|-damage|p2a: Torterra|0 fnt\n|faint|p2a: Torterra\n|\n|upkeep\n|\n|switch|p2a: Cobalion|Cobalion, L82|269\/283\n|turn|16\n|\n|move|p2a: Cobalion|Iron Head|p1a: Celebi\n|-damage|p1a: Celebi|228\/298\n|move|p1a: Celebi|Thunder Wave|p2a: Cobalion\n|-status|p2a: Cobalion|par\n|\n|-heal|p1a: Celebi|246\/298|[from] item: Leftovers\n|-heal|p2a: Cobalion|283\/283 par|[from] item: Leftovers\n|upkeep\n|turn|17\n|\n|move|p1a: Celebi|Earth Power|p2a: Cobalion\n|-supereffective|p2a: Cobalion\n|-damage|p2a: Cobalion|131\/283 par\n|move|p2a: Cobalion|Iron Head|p1a: Celebi\n|-damage|p1a: Celebi|177\/298\n|\n|-heal|p1a: Celebi|195\/298|[from] item: Leftovers\n|-heal|p2a: Cobalion|148\/283 par|[from] item: Leftovers\n|upkeep\n|turn|18\n|\n|move|p1a: Celebi|Hidden Power|p2a: Cobalion\n|-supereffective|p2a: Cobalion\n|-damage|p2a: Cobalion|58\/283 par\n|move|p2a: Cobalion|Iron Head|p1a: Celebi\n|-damage|p1a: Celebi|126\/298\n|\n|-heal|p1a: Celebi|144\/298|[from] item: Leftovers\n|-heal|p2a: Cobalion|75\/283 par|[from] item: Leftovers\n|upkeep\n|turn|19\n|\n|move|p1a: Celebi|Earth Power|p2a: Cobalion\n|-supereffective|p2a: Cobalion\n|-damage|p2a: Cobalion|0 fnt\n|faint|p2a: Cobalion\n|\n|-heal|p1a: Celebi|162\/298|[from] item: Leftovers\n|upkeep\n|\n|switch|p2a: Glalie|Glalie, L86, M|278\/278\n|turn|20\n|\n|detailschange|p2a: Glalie|Glalie-Mega, L86, M\n|-mega|p2a: Glalie|Glalie|Glalitite\n|move|p2a: Glalie|Return|p1a: Celebi\n|-supereffective|p1a: Celebi\n|-damage|p1a: Celebi|0 fnt\n|faint|p1a: Celebi\n|\n|upkeep\n|j| Charliepoo\n|\n|switch|p1a: Toucannon|Toucannon, L88, F|283\/283\n|turn|21\n|\n|move|p2a: Glalie|Return|p1a: Toucannon\n|-supereffective|p1a: Toucannon\n|-damage|p1a: Toucannon|0 fnt\n|faint|p1a: Toucannon\n|\n|upkeep\n|\n|switch|p1a: Golurk|Golurk, L88|300\/300\n|turn|22\n|\n|move|p2a: Glalie|Return|p1a: Golurk\n|-supereffective|p1a: Golurk\n|-damage|p1a: Golurk|0 fnt\n|faint|p1a: Golurk\n|\n|win|BaddyGames\n|c|\u2606BaddyGames|gg\n|c|\u2606DoppelNinja|gg\n","inputlog":">version c9c7f6a747c4fa4bb90ab0817471f3f1098ea029\n>start {\"formatid\":\"gen7randombattle\",\"seed\":[28168,28471,36666,2639]}\n>player p1 {\"name\":\"DoppelNinja\",\"avatar\":\"266\",\"team\":\"\",\"rating\":0,\"seed\":[19855,27898,29645,6610]}\n>player p2 {\"name\":\"BaddyGames\",\"avatar\":\"275\",\"team\":\"\",\"rating\":0,\"seed\":[33021,3806,4806,47000]}\n>p1 move doubleedge\n>p2 move scald\n>p1 move doubleedge\n>p2 switch 6\n>p1 switch 2\n>p1 move fireblast\n>p2 switch 6\n>p1 move fireblast\n>p2 move scald\n>p2 switch 5\n>p1 move sludgebomb\n>p2 move icebeam\n>p1 move sludgebomb\n>p2 move icebeam\n>p1 move fireblast\n>p2 move icebeam\n>p1 move fireblast\n>p2 move recover\n>p1 move dracometeor\n>p2 move icebeam\n>p1 switch 6\n>p1 move shellsmash\n>p2 switch 2\n>p1 move liquidation\n>p2 move moonblast\n>p1 move liquidation\n>p2 move protect\n>p1 move liquidation\n>p2 move aromatherapy\n>p2 switch 4\n>p1 move liquidation\n>p2 move woodhammer\n>p1 switch 3\n>p1 move hiddenpower\n>p2 move synthesis\n>p2 switch 6\n>p1 move thunderwave\n>p2 move ironhead\n>p1 move earthpower\n>p2 move ironhead\n>p1 move hiddenpower\n>p2 move ironhead\n>p1 move earthpower\n>p2 move ironhead\n>p2 switch 3\n>p1 move thunderwave\n>p2 move return mega\n>p1 switch 5\n>p1 move boomburst\n>p2 move return\n>p1 switch 4\n>p1 move shadowpunch\n>p2 move return","uploadtime":1591357633,"views":5,"p1id":"doppelninja","p2id":"baddygames","formatid":"gen7randombattle","rating":0,"private":0,"password":null}