{"id":"gen7ou-769524358","p1":"Bayb","p2":"uuuuiiii","format":"gen7ou","log":"|j|\u2606Bayb\n|j|\u2606uuuuiiii\n|player|p1|Bayb|218\n|player|p2|uuuuiiii|1\n|teamsize|p1|6\n|teamsize|p2|6\n|gametype|singles\n|gen|7\n|tier|[Gen 7] OU\n|rated|\n|rule|Sleep Clause Mod: Limit one foe put to sleep\n|rule|Species Clause: Limit one of each Pok\u00e9mon\n|rule|OHKO Clause: OHKO moves are banned\n|rule|Moody Clause: Moody is banned\n|rule|Evasion Moves Clause: Evasion moves are banned\n|rule|Endless Battle Clause: Forcing endless battles is banned\n|rule|HP Percentage Mod: HP is shown in percentages\n|clearpoke\n|poke|p1|Heracross, M|item\n|poke|p1|Mimikyu, F|item\n|poke|p1|Slowking, M|item\n|poke|p1|Steelix, M|item\n|poke|p1|Serperior, F|item\n|poke|p1|Hawlucha, F|item\n|poke|p2|Silvally-*|item\n|poke|p2|Kartana|item\n|poke|p2|Tapu Koko|item\n|poke|p2|Hawlucha, M|item\n|poke|p2|Landorus-Therian, M|item\n|poke|p2|Celesteela|item\n|teampreview\n|inactive|Battle timer is ON: inactive players will automatically lose when time's up. (requested by Bayb)\n|\n|start\n|switch|p1a: Slowking|Slowking, M|100\/100\n|switch|p2a: Silvally|Silvally|100\/100\n|turn|1\n|\n|move|p2a: Silvally|Swords Dance|p2a: Silvally\n|-boost|p2a: Silvally|atk|2\n|move|p1a: Slowking|Scald|p2a: Silvally\n|-damage|p2a: Silvally|62\/100\n|\n|-heal|p2a: Silvally|68\/100|[from] item: Leftovers\n|upkeep\n|turn|2\n|\n|switch|p1a: Steelix|Steelix, M|100\/100\n|move|p2a: Silvally|Flamethrower|p1a: Steelix\n|-supereffective|p1a: Steelix\n|-damage|p1a: Steelix|28\/100\n|\n|-heal|p2a: Silvally|75\/100|[from] item: Leftovers\n|upkeep\n|turn|3\n|j| quetzalibre\n|\n|move|p2a: Silvally|Flamethrower|p1a: Steelix\n|-supereffective|p1a: Steelix\n|-damage|p1a: Steelix|0 fnt\n|faint|p1a: Steelix\n|\n|-heal|p2a: Silvally|81\/100|[from] item: Leftovers\n|upkeep\n|\n|switch|p1a: Heracross|Heracross, M|100\/100\n|turn|4\n|j| loser112\n|inactive|uuuuiiii has 135 seconds left.\n|\n|switch|p2a: Landorus|Landorus-Therian, M|100\/100\n|-ability|p2a: Landorus|Intimidate|boost\n|-unboost|p1a: Heracross|atk|1\n|move|p1a: Heracross|Close Combat|p2a: Landorus\n|-resisted|p2a: Landorus\n|-damage|p2a: Landorus|78\/100\n|-unboost|p1a: Heracross|def|1\n|-unboost|p1a: Heracross|spd|1\n|\n|upkeep\n|turn|5\n|\n|switch|p1a: Hawlucha|Hawlucha, F|100\/100\n|move|p2a: Landorus|Stealth Rock|p1a: Hawlucha\n|-sidestart|p1: Bayb|move: Stealth Rock\n|\n|upkeep\n|turn|6\n|\n|switch|p2a: Tapu Koko|Tapu Koko|100\/100\n|-fieldstart|move: Electric Terrain|[from] ability: Electric Surge|[of] p2a: Tapu Koko\n|move|p1a: Hawlucha|Substitute|p1a: Hawlucha\n|-start|p1a: Hawlucha|Substitute\n|-damage|p1a: Hawlucha|76\/100\n|\n|upkeep\n|turn|7\n|\n|move|p2a: Tapu Koko|Thunderbolt|p1a: Hawlucha\n|-supereffective|p1a: Hawlucha\n|-end|p1a: Hawlucha|Substitute\n|move|p1a: Hawlucha|Substitute|p1a: Hawlucha\n|-start|p1a: Hawlucha|Substitute\n|-damage|p1a: Hawlucha|51\/100\n|\n|upkeep\n|turn|8\n|\n|move|p2a: Tapu Koko|Thunderbolt|p1a: Hawlucha\n|-supereffective|p1a: Hawlucha\n|-end|p1a: Hawlucha|Substitute\n|move|p1a: Hawlucha|Substitute|p1a: Hawlucha\n|-start|p1a: Hawlucha|Substitute\n|-damage|p1a: Hawlucha|26\/100\n|-enditem|p1a: Hawlucha|Sitrus Berry|[eat]\n|-heal|p1a: Hawlucha|51\/100|[from] item: Sitrus Berry\n|\n|upkeep\n|turn|9\n|\n|move|p1a: Hawlucha|Swords Dance|p1a: Hawlucha\n|-boost|p1a: Hawlucha|atk|2\n|move|p2a: Tapu Koko|Thunderbolt|p1a: Hawlucha\n|-supereffective|p1a: Hawlucha\n|-end|p1a: Hawlucha|Substitute\n|\n|upkeep\n|turn|10\n|\n|move|p1a: Hawlucha|High Jump Kick|p2a: Tapu Koko\n|-resisted|p2a: Tapu Koko\n|-damage|p2a: Tapu Koko|32\/100\n|move|p2a: Tapu Koko|Thunderbolt|p1a: Hawlucha\n|-supereffective|p1a: Hawlucha\n|-damage|p1a: Hawlucha|0 fnt\n|faint|p1a: Hawlucha\n|\n|-fieldend|move: Electric Terrain\n|upkeep\n|\n|switch|p1a: Heracross|Heracross, M|100\/100\n|-damage|p1a: Heracross|88\/100|[from] Stealth Rock\n|turn|11\n|\n|switch|p2a: Landorus|Landorus-Therian, M|78\/100\n|-ability|p2a: Landorus|Intimidate|boost\n|-unboost|p1a: Heracross|atk|1\n|move|p1a: Heracross|Close Combat|p2a: Landorus\n|-resisted|p2a: Landorus\n|-damage|p2a: Landorus|56\/100\n|-unboost|p1a: Heracross|def|1\n|-unboost|p1a: Heracross|spd|1\n|\n|upkeep\n|turn|12\n|\n|move|p1a: Heracross|Close Combat|p2a: Landorus\n|-resisted|p2a: Landorus\n|-damage|p2a: Landorus|32\/100\n|-unboost|p1a: Heracross|def|1\n|-unboost|p1a: Heracross|spd|1\n|move|p2a: Landorus|Explosion|p1a: Heracross\n|-damage|p1a: Heracross|0 fnt\n|faint|p2a: Landorus\n|faint|p1a: Heracross\n|\n|upkeep\n|\n|switch|p2a: Tapu Koko|Tapu Koko|32\/100\n|switch|p1a: Serperior|Serperior, F|100\/100\n|-fieldstart|move: Electric Terrain|[from] ability: Electric Surge|[of] p2a: Tapu Koko\n|-damage|p1a: Serperior|88\/100|[from] Stealth Rock\n|turn|13\n|\n|move|p2a: Tapu Koko|U-turn|p1a: Serperior\n|-supereffective|p1a: Serperior\n|-damage|p1a: Serperior|47\/100\n|\n|switch|p2a: Hawlucha|Hawlucha, M|100\/100\n|-enditem|p2a: Hawlucha|Electric Seed\n|-boost|p2a: Hawlucha|def|1\n|move|p1a: Serperior|Leaf Storm|p2a: Hawlucha\n|-resisted|p2a: Hawlucha\n|-damage|p2a: Hawlucha|64\/100\n|-boost|p1a: Serperior|spa|2\n|\n|-heal|p1a: Serperior|53\/100|[from] item: Leftovers\n|upkeep\n|turn|14\n|\n|move|p2a: Hawlucha|Acrobatics|p1a: Serperior\n|-supereffective|p1a: Serperior\n|-damage|p1a: Serperior|0 fnt\n|faint|p1a: Serperior\n|\n|upkeep\n|\n|switch|p1a: Slowking|Slowking, M|100\/100\n|-damage|p1a: Slowking|88\/100|[from] Stealth Rock\n|turn|15\n|\n|move|p2a: Hawlucha|Acrobatics|p1a: Slowking\n|-damage|p1a: Slowking|36\/100\n|move|p1a: Slowking|Ice Beam|p2a: Hawlucha\n|-supereffective|p2a: Hawlucha\n|-crit|p2a: Hawlucha\n|-damage|p2a: Hawlucha|0 fnt\n|faint|p2a: Hawlucha\n|\n|upkeep\n|\n|switch|p2a: Kartana|Kartana|100\/100\n|turn|16\n|\n|move|p2a: Kartana|Leaf Blade|p1a: Slowking\n|-supereffective|p1a: Slowking\n|-damage|p1a: Slowking|0 fnt\n|faint|p1a: Slowking\n|-ability|p2a: Kartana|Beast Boost|boost\n|-boost|p2a: Kartana|atk|1\n|\n|upkeep\n|-message|Bayb forfeited.\n|\n|win|uuuuiiii\n|l|\u2606Bayb\n|raw|Bayb's rating: 1769 &rarr; <strong>1750<\/strong><br \/>(-19 for losing)\n|raw|uuuuiiii's rating: 1789 &rarr; <strong>1808<\/strong><br \/>(+19 for winning)\n","inputlog":null,"uploadtime":1530368084,"views":19,"p1id":"bayb","p2id":"uuuuiiii","formatid":"gen7ou","rating":1750,"private":0,"password":null}