{"id":"gen7ou-587054718","p1":"I'm back from mars","p2":"Rubyblood","format":"gen7ou","log":"|j|I'm back from mars\n|j|Rubyblood\n|player|p1|I'm back from mars|128\n|teamsize|p1|6\n|player|p2|Rubyblood|137\n|teamsize|p2|6\n|gametype|singles\n|gen|7\n|tier|[Gen 7] OU\n|rated\n|seed|8838,17498,45849,53353\n|clearpoke\n|poke|p1|Manectric, M|item\n|poke|p1|Landorus-Therian, M|item\n|poke|p1|Tapu Fini|item\n|poke|p1|Tangrowth, M|item\n|poke|p1|Magearna|item\n|poke|p1|Zygarde|item\n|poke|p2|Tapu Koko|item\n|poke|p2|Zygarde|item\n|poke|p2|Skarmory, F|item\n|poke|p2|Tangrowth, F|item\n|poke|p2|Manectric, F|item\n|poke|p2|Greninja, M|item\n|rule|Sleep Clause Mod: Limit one foe put to sleep\n|rule|Species Clause: Limit one of each Pok\u00e9mon\n|rule|OHKO Clause: OHKO moves are banned\n|rule|Moody Clause: Moody is banned\n|rule|Evasion Moves Clause: Evasion moves are banned\n|rule|Endless Battle Clause: Forcing endless battles is banned\n|rule|HP Percentage Mod: HP is shown in percentages\n|teampreview\n|j|Quadrantarius\n|j|JusticeWillPrevail\n|choice|team 1, team 2, team 3, team 4, team 5, team 6|team 4, team 2, team 3, team 1, team 5, team 6\n|\n|start\n|switch|p1a: Manectric|Manectric, M|281\/281\n|switch|p2a: Tangrowth|Tangrowth, F|404\/404\n|turn|1\n|choice|move voltswitch mega|move leafstorm\n|\n|detailschange|p1a: Manectric|Manectric-Mega, M\n|-mega|p1a: Manectric|Manectric|Manectite\n|-ability|p1a: Manectric|Intimidate|boost\n|-unboost|p2a: Tangrowth|atk|1\n|move|p1a: Manectric|Volt Switch|p2a: Tangrowth\n|-resisted|p2a: Tangrowth\n|-damage|p2a: Tangrowth|356\/404\n|choice|switch 2|\n|\n|switch|p1a: Landorus|Landorus-Therian, M|319\/319\n|-ability|p1a: Landorus|Intimidate|boost\n|-unboost|p2a: Tangrowth|atk|1\n|move|p2a: Tangrowth|Leaf Storm|p1a: Landorus\n|-crit|p1a: Landorus\n|-damage|p1a: Landorus|22\/319\n|-unboost|p2a: Tangrowth|spa|2\n|\n|upkeep\n|turn|2\n|choice|move stealthrock|switch 3\n|\n|switch|p2a: Skarmory|Skarmory, F|334\/334\n|move|p1a: Landorus|Stealth Rock|p2a: Skarmory\n|-sidestart|p2: Rubyblood|move: Stealth Rock\n|\n|upkeep\n|turn|3\n|choice|move smackdown|move stealthrock\n|\n|move|p1a: Landorus|Smack Down|p2a: Skarmory\n|-damage|p2a: Skarmory|292\/334\n|-start|p2a: Skarmory|Smack Down\n|move|p2a: Skarmory|Stealth Rock|p1a: Landorus\n|-sidestart|p1: I'm back from mars|move: Stealth Rock\n|\n|upkeep\n|turn|4\n|choice|move earthquake|switch 3\n|\n|switch|p2a: Tangrowth|Tangrowth, F|404\/404\n|-damage|p2a: Tangrowth|354\/404|[from] Stealth Rock\n|move|p1a: Landorus|Earthquake|p2a: Tangrowth\n|-resisted|p2a: Tangrowth\n|-damage|p2a: Tangrowth|244\/404\n|\n|upkeep\n|turn|5\n|j|topcat720\n|choice|switch 4|switch 3\n|\n|switch|p1a: Tangrowth|Tangrowth, M|404\/404\n|-damage|p1a: Tangrowth|354\/404|[from] Stealth Rock\n|switch|p2a: Skarmory|Skarmory, F|292\/334\n|-damage|p2a: Skarmory|251\/334|[from] Stealth Rock\n|\n|upkeep\n|turn|6\n|choice|switch 2|move bravebird\n|\n|switch|p1a: Manectric|Manectric-Mega, M|281\/281\n|-damage|p1a: Manectric|246\/281|[from] Stealth Rock\n|-ability|p1a: Manectric|Intimidate|boost\n|-unboost|p2a: Skarmory|atk|1\n|move|p2a: Skarmory|Brave Bird|p1a: Manectric\n|-resisted|p1a: Manectric\n|-damage|p1a: Manectric|197\/281\n|-damage|p2a: Skarmory|235\/334|[from] Recoil|[of] p1a: Manectric\n|\n|upkeep\n|turn|7\n|choice|move flamethrower|switch 2\n|\n|switch|p2a: Zygarde|Zygarde|357\/357\n|-damage|p2a: Zygarde|335\/357|[from] Stealth Rock\n|-ability|p2a: Zygarde|Aura Break\n|move|p1a: Manectric|Flamethrower|p2a: Zygarde\n|-resisted|p2a: Zygarde\n|-damage|p2a: Zygarde|273\/357\n|\n|upkeep\n|turn|8\n|choice|switch 2|switch 4\n|\n|switch|p1a: Tangrowth|Tangrowth, M|404\/404\n|-damage|p1a: Tangrowth|354\/404|[from] Stealth Rock\n|switch|p2a: Tapu Koko|Tapu Koko|281\/281\n|-damage|p2a: Tapu Koko|246\/281|[from] Stealth Rock\n|-fieldstart|move: Electric Terrain|[from] ability: Electric Surge|[of] p2a: Tapu Koko\n|\n|upkeep\n|turn|9\n|choice|move knockoff|move uturn\n|\n|move|p2a: Tapu Koko|U-turn|p1a: Tangrowth\n|-supereffective|p1a: Tangrowth\n|-damage|p1a: Tangrowth|226\/404\n|choice||switch 2\n|\n|switch|p2a: Skarmory|Skarmory, F|235\/334\n|-damage|p2a: Skarmory|194\/334|[from] Stealth Rock\n|move|p1a: Tangrowth|Knock Off|p2a: Skarmory\n|-damage|p2a: Skarmory|152\/334\n|-damage|p1a: Tangrowth|159\/404|[from] item: Rocky Helmet|[of] p2a: Skarmory\n|-enditem|p2a: Skarmory|Rocky Helmet|[from] move: Knock Off|[of] p1a: Tangrowth\n|\n|upkeep\n|turn|10\n|choice|switch 3|move roost\n|\n|switch|p1a: Tapu Fini|Tapu Fini|343\/343\n|-damage|p1a: Tapu Fini|301\/343|[from] Stealth Rock\n|-fieldstart|move: Misty Terrain|[from] ability: Misty Surge|[of] p1a: Tapu Fini\n|move|p2a: Skarmory|Roost|p2a: Skarmory\n|-heal|p2a: Skarmory|319\/334\n|\n|-heal|p1a: Tapu Fini|322\/343|[from] item: Leftovers\n|upkeep\n|turn|11\n|choice|move naturesmadness|switch 3\n|\n|switch|p2a: Tangrowth|Tangrowth, F|378\/404\n|-damage|p2a: Tangrowth|328\/404|[from] Stealth Rock\n|move|p1a: Tapu Fini|Nature's Madness|p2a: Tangrowth\n|-damage|p2a: Tangrowth|164\/404\n|\n|-heal|p1a: Tapu Fini|343\/343|[from] item: Leftovers\n|upkeep\n|turn|12\n|choice|switch 3|move knockoff\n|\n|switch|p1a: Tangrowth|Tangrowth, M|293\/404\n|-damage|p1a: Tangrowth|243\/404|[from] Stealth Rock\n|move|p2a: Tangrowth|Knock Off|p1a: Tangrowth\n|-crit|p1a: Tangrowth\n|-damage|p1a: Tangrowth|147\/404\n|-enditem|p1a: Tangrowth|Assault Vest|[from] move: Knock Off|[of] p2a: Tangrowth\n|\n|upkeep\n|turn|13\n|choice|switch 2|switch 5\n|\n|switch|p2a: Manectric|Manectric, F|281\/281\n|-damage|p2a: Manectric|246\/281|[from] Stealth Rock\n|switch|p1a: Manectric|Manectric-Mega, M|197\/281\n|-damage|p1a: Manectric|162\/281|[from] Stealth Rock\n|-ability|p1a: Manectric|Intimidate|boost\n|-unboost|p2a: Manectric|atk|1\n|\n|upkeep\n|turn|14\n|choice|move flamethrower|move flamethrower mega\n|\n|detailschange|p2a: Manectric|Manectric-Mega, F\n|-mega|p2a: Manectric|Manectric|Manectite\n|-ability|p2a: Manectric|Intimidate|boost\n|-unboost|p1a: Manectric|atk|1\n|move|p1a: Manectric|Flamethrower|p2a: Manectric\n|-damage|p2a: Manectric|106\/281\n|move|p2a: Manectric|Flamethrower|p1a: Manectric\n|-damage|p1a: Manectric|34\/281\n|\n|-fieldend|Misty Terrain\n|upkeep\n|turn|15\n|choice|move flamethrower|switch 4\n|\n|switch|p2a: Zygarde|Zygarde|273\/357\n|-damage|p2a: Zygarde|251\/357|[from] Stealth Rock\n|-ability|p2a: Zygarde|Aura Break\n|move|p1a: Manectric|Flamethrower|p2a: Zygarde\n|-resisted|p2a: Zygarde\n|-damage|p2a: Zygarde|197\/357\n|\n|upkeep\n|turn|16\n|choice|move thunderbolt|move extremespeed\n|\n|move|p2a: Zygarde|Extreme Speed|p1a: Manectric\n|-damage|p1a: Manectric|0 fnt\n|faint|p1a: Manectric\n|\n|upkeep\n|choice|switch 6|\n|\n|switch|p1a: Zygarde|Zygarde|357\/357\n|-damage|p1a: Zygarde|335\/357|[from] Stealth Rock\n|-ability|p1a: Zygarde|Aura Break\n|turn|17\n|choice|move thousandarrows|switch 3\n|\n|switch|p2a: Skarmory|Skarmory, F|319\/334\n|-damage|p2a: Skarmory|278\/334|[from] Stealth Rock\n|move|p1a: Zygarde|Thousand Arrows|p2a: Skarmory\n|-crit|p2a: Skarmory\n|-damage|p2a: Skarmory|83\/334\n|-start|p2a: Skarmory|Smack Down\n|\n|upkeep\n|turn|18\n|choice|move thousandarrows|switch 5\n|\n|switch|p2a: Tangrowth|Tangrowth, F|298\/404\n|-damage|p2a: Tangrowth|248\/404|[from] Stealth Rock\n|move|p1a: Zygarde|Thousand Arrows|p2a: Tangrowth\n|-resisted|p2a: Tangrowth\n|-damage|p2a: Tangrowth|164\/404\n|\n|upkeep\n|turn|19\n|choice|switch 4|switch 5\n|\n|switch|p1a: Landorus|Landorus-Therian, M|22\/319\n|-damage|p1a: Landorus|0 fnt|[from] Stealth Rock\n|faint|p1a: Landorus\n|switch|p2a: Skarmory|Skarmory, F|83\/334\n|-damage|p2a: Skarmory|42\/334|[from] Stealth Rock\n|\n|upkeep\n|choice|switch 4|\n|\n|switch|p1a: Zygarde|Zygarde|335\/357\n|-damage|p1a: Zygarde|313\/357|[from] Stealth Rock\n|-ability|p1a: Zygarde|Aura Break\n|turn|20\n|choice|move thousandarrows|move bravebird\n|\n|move|p1a: Zygarde|Thousand Arrows|p2a: Skarmory\n|-damage|p2a: Skarmory|0 fnt\n|faint|p2a: Skarmory\n|\n|upkeep\n|choice||switch 5\n|\n|switch|p2a: Tangrowth|Tangrowth, F|298\/404\n|-damage|p2a: Tangrowth|248\/404|[from] Stealth Rock\n|turn|21\n|choice|switch 2|move knockoff\n|\n|switch|p1a: Tangrowth|Tangrowth, M|281\/404\n|-damage|p1a: Tangrowth|231\/404|[from] Stealth Rock\n|move|p2a: Tangrowth|Knock Off|p1a: Tangrowth\n|-crit|p1a: Tangrowth\n|-damage|p1a: Tangrowth|161\/404\n|\n|upkeep\n|turn|22\n|choice|move knockoff|move hiddenpower\n|\n|move|p2a: Tangrowth|Hidden Power|p1a: Tangrowth\n|-supereffective|p1a: Tangrowth\n|-damage|p1a: Tangrowth|59\/404\n|move|p1a: Tangrowth|Knock Off|p2a: Tangrowth\n|-damage|p2a: Tangrowth|189\/404\n|-enditem|p2a: Tangrowth|Assault Vest|[from] move: Knock Off|[of] p1a: Tangrowth\n|\n|upkeep\n|turn|23\n|choice|move sludgebomb|move knockoff\n|\n|move|p1a: Tangrowth|Sludge Bomb|p2a: Tangrowth\n|-supereffective|p2a: Tangrowth\n|-damage|p2a: Tangrowth|31\/404\n|move|p2a: Tangrowth|Knock Off|p1a: Tangrowth\n|-damage|p1a: Tangrowth|13\/404\n|\n|upkeep\n|turn|24\n|choice|move hiddenpower|move hiddenpower\n|\n|move|p1a: Tangrowth|Hidden Power|p2a: Tangrowth\n|-supereffective|p2a: Tangrowth\n|-damage|p2a: Tangrowth|0 fnt\n|faint|p2a: Tangrowth\n|\n|upkeep\n|choice||switch 2\n|\n|switch|p2a: Tapu Koko|Tapu Koko|246\/281\n|-damage|p2a: Tapu Koko|211\/281|[from] Stealth Rock\n|-fieldstart|move: Electric Terrain|[from] ability: Electric Surge|[of] p2a: Tapu Koko\n|turn|25\n|l|JusticeWillPrevail\n|choice|move gigadrain|move bravebird\n|\n|move|p2a: Tapu Koko|Brave Bird|p1a: Tangrowth\n|-supereffective|p1a: Tangrowth\n|-damage|p1a: Tangrowth|0 fnt\n|-damage|p2a: Tapu Koko|207\/281|[from] Recoil|[of] p1a: Tangrowth\n|faint|p1a: Tangrowth\n|\n|upkeep\n|choice|switch 2|\n|\n|switch|p1a: Zygarde|Zygarde|313\/357\n|-damage|p1a: Zygarde|291\/357|[from] Stealth Rock\n|-ability|p1a: Zygarde|Aura Break\n|turn|26\n|choice|move thousandarrows|move naturesmadness zmove\n|\n|-zpower|p2a: Tapu Koko\n|move|p2a: Tapu Koko|Guardian of Alola|p1a: Zygarde|[zeffect]\n|-damage|p1a: Zygarde|73\/357\n|move|p1a: Zygarde|Thousand Arrows|p2a: Tapu Koko\n|-supereffective|p2a: Tapu Koko\n|-damage|p2a: Tapu Koko|0 fnt\n|faint|p2a: Tapu Koko\n|\n|upkeep\n|choice||switch 4\n|\n|switch|p2a: Manectric|Manectric-Mega, F|106\/281\n|-damage|p2a: Manectric|71\/281|[from] Stealth Rock\n|-ability|p2a: Manectric|Intimidate|boost\n|-unboost|p1a: Zygarde|atk|1\n|turn|27\n|choice|switch 3|move voltswitch\n|\n|switch|p1a: Tapu Fini|Tapu Fini|343\/343\n|-damage|p1a: Tapu Fini|301\/343|[from] Stealth Rock\n|-fieldstart|move: Misty Terrain|[from] ability: Misty Surge|[of] p1a: Tapu Fini\n|move|p2a: Manectric|Volt Switch|p1a: Tapu Fini\n|-supereffective|p1a: Tapu Fini\n|-damage|p1a: Tapu Fini|79\/343\n|choice||switch 3\n|\n|switch|p2a: Zygarde|Zygarde|197\/357\n|-damage|p2a: Zygarde|175\/357|[from] Stealth Rock\n|-ability|p2a: Zygarde|Aura Break\n|\n|-heal|p1a: Tapu Fini|100\/343|[from] item: Leftovers\n|upkeep\n|turn|28\n|choice|move moonblast|move thousandarrows\n|\n|move|p2a: Zygarde|Thousand Arrows|p1a: Tapu Fini\n|-damage|p1a: Tapu Fini|0 fnt\n|faint|p1a: Tapu Fini\n|\n|upkeep\n|choice|switch 3|\n|\n|switch|p1a: Zygarde|Zygarde|73\/357\n|-damage|p1a: Zygarde|51\/357|[from] Stealth Rock\n|-ability|p1a: Zygarde|Aura Break\n|turn|29\n|c|\u2606Rubyblood|i love this match\n|c|\u2606Rubyblood|and you?\n|c|\u2606I'm back from mars|it was p cool\n|c|\u2606I'm back from mars|gg\n|c|\u2606Rubyblood|yeah\n|c|\u2606Rubyblood|gg man\n|choice|move extremespeed|move thousandarrows\n|\n|move|p1a: Zygarde|Extreme Speed|p2a: Zygarde\n|-damage|p2a: Zygarde|66\/357\n|move|p2a: Zygarde|Thousand Arrows|p1a: Zygarde\n|-damage|p1a: Zygarde|0 fnt\n|faint|p1a: Zygarde\n|\n|upkeep\n|c|\u2606I'm back from mars|im shift gear\n|choice|switch 5|\n|\n|switch|p1a: Magearna|Magearna|301\/301\n|-damage|p1a: Magearna|283\/301|[from] Stealth Rock\n|turn|30\n|c|\u2606Rubyblood|interesting ^^\n|c|\u2606I'm back from mars|didnt find the opportunity to set up\n|c|\u2606Rubyblood|shift gear z move ?\n|c|\u2606I'm back from mars|yh\n|c|\u2606Rubyblood|okok :]\n|choice|move shiftgear|move thousandarrows\n|\n|move|p2a: Zygarde|Thousand Arrows|p1a: Magearna\n|-supereffective|p1a: Magearna\n|-damage|p1a: Magearna|0 fnt\n|faint|p1a: Magearna\n|\n|win|Rubyblood\n|c|\u2606I'm back from mars|this won but you vswitched\n|raw|I&apos;m back from mars's rating: 1741 &rarr; <strong>1718<\/strong><br \/>(-23 for losing)\n|raw|Rubyblood's rating: 1692 &rarr; <strong>1715<\/strong><br \/>(+23 for winning)\n|c|\u2606I'm back from mars|gg\n|l|Quadrantarius\n|c|\u2606Rubyblood|y\n|c|\u2606Rubyblood|gg\n|l|I'm back from mars\n|j|Michy47\n|l|Michy47\n|l|topcat720\n|j|Sul test (\n|j|GBlade\n|j|JusticeWillPrevail","inputlog":null,"uploadtime":1496777158,"views":158,"p1id":"imbackfrommars","p2id":"rubyblood","formatid":"gen7ou","rating":1715,"private":0,"password":null}