{"id":"gen7ubers-883015173","p1":"Witty Name 02","p2":"shardul888","format":"gen7ubers","log":"|j|\u2606Witty Name 02\n|j|\u2606shardul888\n|player|p1|Witty Name 02|266\n|player|p2|shardul888|40\n|teamsize|p1|6\n|teamsize|p2|6\n|gametype|singles\n|gen|7\n|tier|[Gen 7] Ubers\n|rated|\n|rule|Sleep Clause Mod: Limit one foe put to sleep\n|rule|Species Clause: Limit one of each Pok\u00e9mon\n|rule|OHKO Clause: OHKO moves are banned\n|rule|Moody Clause: Moody is banned\n|rule|Evasion Moves Clause: Evasion moves are banned\n|rule|Endless Battle Clause: Forcing endless battles is banned\n|rule|HP Percentage Mod: HP is shown in percentages\n|clearpoke\n|poke|p1|Xerneas|item\n|poke|p1|Kyogre|item\n|poke|p1|Yveltal|item\n|poke|p1|Shaymin-Sky|item\n|poke|p1|Arceus-*|item\n|poke|p1|Deoxys-Attack|item\n|poke|p2|Venusaur, F|item\n|poke|p2|Tapu Lele|item\n|poke|p2|Mandibuzz, F|item\n|poke|p2|Toxapex, M|item\n|poke|p2|Conkeldurr, M|item\n|poke|p2|Dragonite, F|item\n|rule|Mega Rayquaza Clause: You cannot mega evolve Rayquaza\n|teampreview\n|inactive|Battle timer is ON: inactive players will automatically lose when time's up. (requested by Witty Name 02)\n|\n|start\n|switch|p1a: Yveltal|Yveltal|100\/100\n|switch|p2a: Mandibuzz|Mandibuzz, F, shiny|100\/100\n|-ability|p1a: Yveltal|Dark Aura\n|turn|1\n|\n|move|p1a: Yveltal|U-turn|p2a: Mandibuzz\n|-crit|p2a: Mandibuzz\n|-damage|p2a: Mandibuzz|85\/100\n|\n|switch|p1a: Kyogre|Kyogre|100\/100\n|-weather|RainDance|[from] ability: Drizzle|[of] p1a: Kyogre\n|move|p2a: Mandibuzz|Toxic|p1a: Kyogre\n|-status|p1a: Kyogre|tox\n|\n|-weather|RainDance|[upkeep]\n|-heal|p2a: Mandibuzz|91\/100|[from] item: Leftovers\n|-damage|p1a: Kyogre|94\/100 tox|[from] psn\n|upkeep\n|turn|2\n|\n|switch|p2a: Toxapex|Toxapex, M|100\/100\n|move|p1a: Kyogre|Water Spout|p2a: Toxapex\n|-resisted|p2a: Toxapex\n|-damage|p2a: Toxapex|51\/100\n|\n|-weather|RainDance|[upkeep]\n|-heal|p2a: Toxapex|58\/100|[from] item: Leftovers\n|-damage|p1a: Kyogre|82\/100 tox|[from] psn\n|upkeep\n|turn|3\n|\n|switch|p1a: Arceus|Arceus-Grass|100\/100\n|move|p2a: Toxapex|Toxic Spikes|p1a: Arceus\n|-sidestart|p1: Witty Name 02|move: Toxic Spikes\n|\n|-weather|RainDance|[upkeep]\n|-heal|p2a: Toxapex|64\/100|[from] item: Leftovers\n|upkeep\n|turn|4\n|\n|move|p2a: Toxapex|Baneful Bunker|p2a: Toxapex\n|-singleturn|p2a: Toxapex|move: Protect\n|move|p1a: Arceus|Fire Blast|p2a: Toxapex\n|-activate|p2a: Toxapex|move: Protect\n|\n|-weather|RainDance|[upkeep]\n|-heal|p2a: Toxapex|70\/100|[from] item: Leftovers\n|upkeep\n|turn|5\n|\n|switch|p1a: Shaymin|Shaymin-Sky|100\/100\n|move|p2a: Toxapex|Scald|p1a: Shaymin\n|-resisted|p1a: Shaymin\n|-damage|p1a: Shaymin|86\/100\n|-status|p1a: Shaymin|brn\n|\n|-weather|none\n|-heal|p2a: Toxapex|76\/100|[from] item: Leftovers\n|-damage|p1a: Shaymin|79\/100 brn|[from] brn\n|upkeep\n|turn|6\n|\n|move|p2a: Toxapex|Baneful Bunker|p2a: Toxapex\n|-singleturn|p2a: Toxapex|move: Protect\n|move|p1a: Shaymin|Giga Drain|p2a: Toxapex\n|-activate|p2a: Toxapex|move: Protect\n|\n|-heal|p2a: Toxapex|83\/100|[from] item: Leftovers\n|-damage|p1a: Shaymin|73\/100 brn|[from] brn\n|upkeep\n|turn|7\n|\n|switch|p2a: Dragonite|Dragonite, F|100\/100\n|move|p1a: Shaymin|Giga Drain|p2a: Dragonite\n|-resisted|p2a: Dragonite\n|-damage|p2a: Dragonite|94\/100\n|-heal|p1a: Shaymin|76\/100 brn|[from] drain|[of] p2a: Dragonite\n|-damage|p1a: Shaymin|66\/100 brn|[from] item: Life Orb\n|\n|-damage|p1a: Shaymin|60\/100 brn|[from] brn\n|upkeep\n|turn|8\n|\n|move|p1a: Shaymin|Hidden Power|p2a: Dragonite\n|-supereffective|p2a: Dragonite\n|-damage|p2a: Dragonite|0 fnt\n|-damage|p1a: Shaymin|50\/100 brn|[from] item: Life Orb\n|faint|p2a: Dragonite\n|\n|-damage|p1a: Shaymin|44\/100 brn|[from] brn\n|upkeep\n|\n|switch|p2a: Tapu Lele|Tapu Lele, shiny|100\/100\n|-fieldstart|move: Psychic Terrain|[from] ability: Psychic Surge|[of] p2a: Tapu Lele\n|turn|9\n|\n|move|p1a: Shaymin|Air Slash|p2a: Tapu Lele\n|-damage|p2a: Tapu Lele|52\/100\n|-damage|p1a: Shaymin|34\/100 brn|[from] item: Life Orb\n|cant|p2a: Tapu Lele|flinch\n|\n|-damage|p1a: Shaymin|28\/100 brn|[from] brn\n|upkeep\n|turn|10\n|\n|move|p1a: Shaymin|Giga Drain|p2a: Tapu Lele\n|-damage|p2a: Tapu Lele|0 fnt\n|-heal|p1a: Shaymin|49\/100 brn|[from] drain|[of] p2a: Tapu Lele\n|-damage|p1a: Shaymin|39\/100 brn|[from] item: Life Orb\n|faint|p2a: Tapu Lele\n|\n|-damage|p1a: Shaymin|33\/100 brn|[from] brn\n|upkeep\n|\n|switch|p2a: Mandibuzz|Mandibuzz, F, shiny|91\/100\n|turn|11\n|\n|move|p2a: Mandibuzz|Protect|p2a: Mandibuzz\n|-singleturn|p2a: Mandibuzz|Protect\n|move|p1a: Shaymin|Hidden Power|p2a: Mandibuzz\n|-activate|p2a: Mandibuzz|move: Protect\n|\n|-heal|p2a: Mandibuzz|97\/100|[from] item: Leftovers\n|-damage|p1a: Shaymin|27\/100 brn|[from] brn\n|upkeep\n|turn|12\n|\n|move|p1a: Shaymin|Endeavor|p2a: Mandibuzz\n|-damage|p2a: Mandibuzz|23\/100\n|-damage|p1a: Shaymin|17\/100 brn|[from] item: Life Orb\n|move|p2a: Mandibuzz|Foul Play|p1a: Shaymin\n|-damage|p1a: Shaymin|0 fnt\n|faint|p1a: Shaymin\n|\n|-heal|p2a: Mandibuzz|29\/100|[from] item: Leftovers\n|upkeep\n|\n|switch|p1a: Kyogre|Kyogre|82\/100 tox\n|-weather|RainDance|[from] ability: Drizzle|[of] p1a: Kyogre\n|turn|13\n|\n|move|p2a: Mandibuzz|Protect|p2a: Mandibuzz\n|-singleturn|p2a: Mandibuzz|Protect\n|move|p1a: Kyogre|Surf|p2a: Mandibuzz\n|-activate|p2a: Mandibuzz|move: Protect\n|\n|-weather|RainDance|[upkeep]\n|-heal|p2a: Mandibuzz|35\/100|[from] item: Leftovers\n|-damage|p1a: Kyogre|76\/100 tox|[from] psn\n|-fieldend|move: Psychic Terrain\n|upkeep\n|turn|14\n|\n|switch|p2a: Toxapex|Toxapex, M|100\/100\n|move|p1a: Kyogre|Surf|p2a: Toxapex\n|-resisted|p2a: Toxapex\n|-damage|p2a: Toxapex|72\/100\n|\n|-weather|RainDance|[upkeep]\n|-heal|p2a: Toxapex|78\/100|[from] item: Leftovers\n|-damage|p1a: Kyogre|64\/100 tox|[from] psn\n|upkeep\n|turn|15\n|\n|move|p1a: Kyogre|Surf|p2a: Toxapex\n|-resisted|p2a: Toxapex\n|-damage|p2a: Toxapex|50\/100\n|move|p2a: Toxapex|Recover|p2a: Toxapex\n|-heal|p2a: Toxapex|100\/100\n|\n|-weather|RainDance|[upkeep]\n|-damage|p1a: Kyogre|45\/100 tox|[from] psn\n|upkeep\n|turn|16\n|\n|switch|p1a: Xerneas|Xerneas|100\/100\n|-status|p1a: Xerneas|psn\n|-ability|p1a: Xerneas|Fairy Aura\n|move|p2a: Toxapex|Baneful Bunker||[still]\n|-fail|p2a: Toxapex\n|\n|-weather|RainDance|[upkeep]\n|-damage|p1a: Xerneas|88\/100 psn|[from] psn\n|upkeep\n|turn|17\n|\n|switch|p2a: Venusaur|Venusaur, F|100\/100\n|move|p1a: Xerneas|Thunder Wave|p2a: Venusaur\n|-status|p2a: Venusaur|par\n|\n|-weather|none\n|-damage|p1a: Xerneas|76\/100 psn|[from] psn\n|upkeep\n|turn|18\n|\n|detailschange|p2a: Venusaur|Venusaur-Mega, F\n|-mega|p2a: Venusaur|Venusaur|Venusaurite\n|move|p1a: Xerneas|Moonblast|p2a: Venusaur\n|-resisted|p2a: Venusaur\n|-damage|p2a: Venusaur|72\/100 par\n|move|p2a: Venusaur|Sludge Bomb|p1a: Xerneas\n|-supereffective|p1a: Xerneas\n|-damage|p1a: Xerneas|13\/100 psn\n|\n|-damage|p1a: Xerneas|0 fnt|[from] psn\n|faint|p1a: Xerneas\n|upkeep\n|\n|switch|p1a: Deoxys|Deoxys-Attack|100\/100\n|-status|p1a: Deoxys|psn\n|-ability|p1a: Deoxys|Pressure\n|turn|19\n|\n|switch|p2a: Mandibuzz|Mandibuzz, F, shiny|35\/100\n|move|p1a: Deoxys|Psycho Boost|p2a: Mandibuzz\n|-immune|p2a: Mandibuzz\n|\n|-heal|p2a: Mandibuzz|41\/100|[from] item: Leftovers\n|-damage|p1a: Deoxys|88\/100 psn|[from] psn\n|upkeep\n|turn|20\n|\n|move|p2a: Mandibuzz|Protect|p2a: Mandibuzz\n|-singleturn|p2a: Mandibuzz|Protect\n|move|p1a: Deoxys|Superpower|p2a: Mandibuzz\n|-activate|p2a: Mandibuzz|move: Protect\n|\n|-heal|p2a: Mandibuzz|47\/100|[from] item: Leftovers\n|-damage|p1a: Deoxys|76\/100 psn|[from] psn\n|upkeep\n|turn|21\n|\n|switch|p2a: Toxapex|Toxapex, M|100\/100\n|move|p1a: Deoxys|Superpower|p2a: Toxapex\n|-resisted|p2a: Toxapex\n|-damage|p2a: Toxapex|82\/100\n|-unboost|p1a: Deoxys|atk|1\n|-unboost|p1a: Deoxys|def|1\n|\n|-heal|p2a: Toxapex|89\/100|[from] item: Leftovers\n|-damage|p1a: Deoxys|63\/100 psn|[from] psn\n|upkeep\n|turn|22\n|\n|move|p2a: Toxapex|Baneful Bunker|p2a: Toxapex\n|-singleturn|p2a: Toxapex|move: Protect\n|move|p1a: Deoxys|Psycho Boost|p2a: Toxapex\n|-activate|p2a: Toxapex|move: Protect\n|\n|-heal|p2a: Toxapex|95\/100|[from] item: Leftovers\n|-damage|p1a: Deoxys|51\/100 psn|[from] psn\n|upkeep\n|turn|23\n|\n|move|p1a: Deoxys|Knock Off|p2a: Toxapex\n|-damage|p2a: Toxapex|76\/100\n|-enditem|p2a: Toxapex|Leftovers|[from] move: Knock Off|[of] p1a: Deoxys\n|move|p2a: Toxapex|Recover|p2a: Toxapex\n|-heal|p2a: Toxapex|100\/100\n|\n|-damage|p1a: Deoxys|38\/100 psn|[from] psn\n|upkeep\n|turn|24\n|\n|move|p2a: Toxapex|Baneful Bunker|p2a: Toxapex\n|-singleturn|p2a: Toxapex|move: Protect\n|move|p1a: Deoxys|Extreme Speed|p2a: Toxapex\n|-activate|p2a: Toxapex|move: Protect\n|\n|-damage|p1a: Deoxys|26\/100 psn|[from] psn\n|upkeep\n|turn|25\n|\n|move|p1a: Deoxys|Psycho Boost|p2a: Toxapex\n|-supereffective|p2a: Toxapex\n|-damage|p2a: Toxapex|0 fnt\n|-unboost|p1a: Deoxys|spa|2\n|faint|p2a: Toxapex\n|\n|-damage|p1a: Deoxys|13\/100 psn|[from] psn\n|upkeep\n|\n|switch|p2a: Conkeldurr|Conkeldurr, M|100\/100\n|turn|26\n|\n|move|p2a: Conkeldurr|Mach Punch|p1a: Deoxys\n|-resisted|p1a: Deoxys\n|-damage|p1a: Deoxys|0 fnt\n|faint|p1a: Deoxys\n|\n|upkeep\n|\n|switch|p1a: Yveltal|Yveltal|100\/100\n|-ability|p1a: Yveltal|Dark Aura\n|turn|27\n|\n|move|p1a: Yveltal|Oblivion Wing|p2a: Conkeldurr\n|-supereffective|p2a: Conkeldurr\n|-damage|p2a: Conkeldurr|39\/100\n|move|p2a: Conkeldurr|Drain Punch|p1a: Yveltal\n|-damage|p1a: Yveltal|51\/100\n|-heal|p2a: Conkeldurr|63\/100|[from] drain|[of] p1a: Yveltal\n|\n|upkeep\n|turn|28\n|\n|move|p1a: Yveltal|Oblivion Wing|p2a: Conkeldurr\n|-supereffective|p2a: Conkeldurr\n|-damage|p2a: Conkeldurr|0 fnt\n|-heal|p1a: Yveltal|100\/100|[from] drain|[of] p2a: Conkeldurr\n|faint|p2a: Conkeldurr\n|\n|upkeep\n|\n|switch|p2a: Mandibuzz|Mandibuzz, F, shiny|47\/100\n|turn|29\n|\n|move|p1a: Yveltal|Oblivion Wing|p2a: Mandibuzz\n|-damage|p2a: Mandibuzz|13\/100\n|move|p2a: Mandibuzz|Toxic|p1a: Yveltal\n|-status|p1a: Yveltal|tox\n|\n|-heal|p2a: Mandibuzz|19\/100|[from] item: Leftovers\n|-damage|p1a: Yveltal|94\/100 tox|[from] psn\n|upkeep\n|turn|30\n|\n|move|p2a: Mandibuzz|Protect|p2a: Mandibuzz\n|-singleturn|p2a: Mandibuzz|Protect\n|move|p1a: Yveltal|Oblivion Wing|p2a: Mandibuzz\n|-activate|p2a: Mandibuzz|move: Protect\n|\n|-heal|p2a: Mandibuzz|25\/100|[from] item: Leftovers\n|-damage|p1a: Yveltal|82\/100 tox|[from] psn\n|upkeep\n|turn|31\n|\n|move|p1a: Yveltal|Oblivion Wing|p2a: Mandibuzz\n|-damage|p2a: Mandibuzz|0 fnt\n|-heal|p1a: Yveltal|100\/100 tox|[from] drain|[of] p2a: Mandibuzz\n|faint|p2a: Mandibuzz\n|\n|-damage|p1a: Yveltal|82\/100 tox|[from] psn\n|upkeep\n|\n|switch|p2a: Venusaur|Venusaur-Mega, F|72\/100 par\n|turn|32\n|\n|move|p1a: Yveltal|Oblivion Wing|p2a: Venusaur\n|-supereffective|p2a: Venusaur\n|-damage|p2a: Venusaur|15\/100 par\n|-heal|p1a: Yveltal|100\/100 tox|[from] drain|[of] p2a: Venusaur\n|move|p2a: Venusaur|Leech Seed|p1a: Yveltal|[miss]\n|-miss|p2a: Venusaur|p1a: Yveltal\n|\n|-damage|p1a: Yveltal|76\/100 tox|[from] psn\n|upkeep\n|turn|33\n|-message|shardul888 forfeited.\n|\n|win|Witty Name 02\n|l|\u2606shardul888\n","uploadtime":1553720584,"views":0,"p1id":"wittyname02","p2id":"shardul888","formatid":"gen7ubers","rating":0,"private":0,"password":null}