{"id":"gen7ou-1174897594","p1":"TestingTesting1","p2":"Green Goblet","format":"gen7ou","log":"|j|\u2606TestingTesting1\n|j|\u2606Green Goblet\n|t:|1598328789\n|player|p1|TestingTesting1|266|1566\n|player|p2|Green Goblet|swimmerf|1485\n|teamsize|p1|6\n|teamsize|p2|6\n|gametype|singles\n|gen|7\n|tier|[Gen 7] OU\n|rated|\n|clearpoke\n|poke|p1|Breloom, M|item\n|poke|p1|Tapu Fini|item\n|poke|p1|Landorus-Therian, M|item\n|poke|p1|Heatran, M|item\n|poke|p1|Beedrill, F|item\n|poke|p1|Porygon-Z|item\n|poke|p2|Alakazam, M|item\n|poke|p2|Tapu Lele|item\n|poke|p2|Heatran, M|item\n|poke|p2|Tangrowth, F|item\n|poke|p2|Mienshao, F|item\n|poke|p2|Landorus-Therian, M|item\n|rule|Sleep Clause Mod: Limit one foe put to sleep\n|rule|Species Clause: Limit one of each Pok\u00e9mon\n|rule|OHKO Clause: OHKO moves are banned\n|rule|Moody Clause: Moody is banned\n|rule|Evasion Moves Clause: Evasion moves are banned\n|rule|Endless Battle Clause: Forcing endless battles is banned\n|rule|HP Percentage Mod: HP is shown in percentages\n|teampreview\n|\n|t:|1598328826\n|start\n|switch|p1a: Beedrill|Beedrill, F|100\/100\n|switch|p2a: Alakazam|Alakazam, M|100\/100\n|turn|1\n|\n|t:|1598328833\n|switch|p1a: Heatran|Heatran, M|100\/100\n|detailschange|p2a: Alakazam|Alakazam-Mega, M\n|-mega|p2a: Alakazam|Alakazam|Alakazite\n|-ability|p2a: Alakazam|Flash Fire|[from] ability: Trace|[of] p1a: Heatran\n|move|p2a: Alakazam|Psychic|p1a: Heatran\n|-resisted|p1a: Heatran\n|-damage|p1a: Heatran|82\/100\n|\n|-heal|p1a: Heatran|89\/100|[from] item: Leftovers\n|upkeep\n|turn|2\n|j| mtnjkxc\n|\n|t:|1598328845\n|move|p2a: Alakazam|Calm Mind|p2a: Alakazam\n|-boost|p2a: Alakazam|spa|1\n|-boost|p2a: Alakazam|spd|1\n|move|p1a: Heatran|Stealth Rock|p2a: Alakazam\n|-sidestart|p2: Green Goblet|move: Stealth Rock\n|\n|-heal|p1a: Heatran|95\/100|[from] item: Leftovers\n|upkeep\n|turn|3\n|\n|t:|1598328851\n|move|p2a: Alakazam|Calm Mind|p2a: Alakazam\n|-boost|p2a: Alakazam|spa|1\n|-boost|p2a: Alakazam|spd|1\n|move|p1a: Heatran|Taunt|p2a: Alakazam\n|-start|p2a: Alakazam|move: Taunt\n|\n|-heal|p1a: Heatran|100\/100|[from] item: Leftovers\n|upkeep\n|turn|4\n|\n|t:|1598328859\n|move|p2a: Alakazam|Focus Blast|p1a: Heatran\n|-supereffective|p1a: Heatran\n|-damage|p1a: Heatran|0 fnt\n|faint|p1a: Heatran\n|\n|upkeep\n|\n|t:|1598328864\n|switch|p1a: Landorus|Landorus-Therian, M|100\/100\n|-ability|p1a: Landorus|Intimidate|boost\n|-unboost|p2a: Alakazam|atk|1\n|turn|5\n|\n|t:|1598328869\n|switch|p2a: Landorus|Landorus-Therian, M|100\/100\n|-damage|p2a: Landorus|88\/100|[from] Stealth Rock\n|-ability|p2a: Landorus|Intimidate|boost\n|-unboost|p1a: Landorus|atk|1\n|move|p1a: Landorus|U-turn|p2a: Landorus\n|-resisted|p2a: Landorus\n|-damage|p2a: Landorus|83\/100\n|-damage|p1a: Landorus|84\/100|[from] item: Rocky Helmet|[of] p2a: Landorus\n|\n|t:|1598328877\n|switch|p1a: Breloom|Breloom, M|100\/100|[from]move: U-turn\n|\n|upkeep\n|turn|6\n|\n|t:|1598328882\n|switch|p2a: Tangrowth|Tangrowth, F|100\/100\n|-damage|p2a: Tangrowth|88\/100|[from] Stealth Rock\n|move|p1a: Breloom|Swords Dance|p1a: Breloom\n|-boost|p1a: Breloom|atk|2\n|\n|upkeep\n|turn|7\n|\n|t:|1598328894\n|move|p1a: Breloom|Mach Punch|p2a: Tangrowth\n|-damage|p2a: Tangrowth|30\/100\n|-damage|p1a: Breloom|91\/100|[from] item: Life Orb\n|move|p2a: Tangrowth|Hidden Power|p1a: Breloom\n|-supereffective|p1a: Breloom\n|-damage|p1a: Breloom|34\/100\n|\n|upkeep\n|turn|8\n|\n|t:|1598328902\n|switch|p2a: Tapu Lele|Tapu Lele|100\/100\n|-damage|p2a: Tapu Lele|88\/100|[from] Stealth Rock\n|-fieldstart|move: Psychic Terrain|[from] ability: Psychic Surge|[of] p2a: Tapu Lele\n|move|p1a: Breloom|Bullet Seed|p2a: Tapu Lele\n|-damage|p2a: Tapu Lele|9\/100\n|-damage|p2a: Tapu Lele|0 fnt\n|-hitcount|p2a: Tapu Lele|2\n|-damage|p1a: Breloom|24\/100|[from] item: Life Orb\n|faint|p2a: Tapu Lele\n|\n|upkeep\n|\n|t:|1598328917\n|switch|p2a: Alakazam|Alakazam-Mega, M|100\/100\n|-damage|p2a: Alakazam|88\/100|[from] Stealth Rock\n|-ability|p2a: Alakazam|Technician|[from] ability: Trace|[of] p1a: Breloom\n|turn|9\n|\n|t:|1598328924\n|switch|p1a: Tapu Fini|Tapu Fini|100\/100\n|-fieldstart|move: Misty Terrain|[from] ability: Misty Surge|[of] p1a: Tapu Fini\n|move|p2a: Alakazam|Psychic|p1a: Tapu Fini\n|-damage|p1a: Tapu Fini|55\/100\n|\n|-heal|p1a: Tapu Fini|61\/100|[from] item: Leftovers\n|upkeep\n|turn|10\n|\n|t:|1598328940\n|switch|p2a: Tangrowth|Tangrowth, F|63\/100\n|-damage|p2a: Tangrowth|51\/100|[from] Stealth Rock\n|move|p1a: Tapu Fini|Moonblast|p2a: Tangrowth\n|-damage|p2a: Tangrowth|30\/100\n|\n|-heal|p1a: Tapu Fini|67\/100|[from] item: Leftovers\n|upkeep\n|turn|11\n|\n|t:|1598328951\n|switch|p1a: Beedrill|Beedrill, F|100\/100\n|move|p2a: Tangrowth|Rock Slide|p1a: Beedrill\n|-supereffective|p1a: Beedrill\n|-damage|p1a: Beedrill|10\/100\n|\n|upkeep\n|turn|12\n|\n|t:|1598328959\n|switch|p2a: Landorus|Landorus-Therian, M|83\/100\n|-damage|p2a: Landorus|70\/100|[from] Stealth Rock\n|-ability|p2a: Landorus|Intimidate|boost\n|-unboost|p1a: Beedrill|atk|1\n|detailschange|p1a: Beedrill|Beedrill-Mega, F\n|-mega|p1a: Beedrill|Beedrill|Beedrillite\n|move|p1a: Beedrill|U-turn|p2a: Landorus\n|-resisted|p2a: Landorus\n|-damage|p2a: Landorus|57\/100\n|-damage|p1a: Beedrill|0 fnt|[from] item: Rocky Helmet|[of] p2a: Landorus\n|faint|p1a: Beedrill\n|\n|upkeep\n|\n|t:|1598328970\n|switch|p1a: Breloom|Breloom, M|24\/100\n|turn|13\n|\n|t:|1598328976\n|switch|p2a: Tangrowth|Tangrowth, F|63\/100\n|-damage|p2a: Tangrowth|51\/100|[from] Stealth Rock\n|move|p1a: Breloom|Bullet Seed|p2a: Tangrowth\n|-resisted|p2a: Tangrowth\n|-damage|p2a: Tangrowth|41\/100\n|-resisted|p2a: Tangrowth\n|-damage|p2a: Tangrowth|32\/100\n|-resisted|p2a: Tangrowth\n|-damage|p2a: Tangrowth|22\/100\n|-resisted|p2a: Tangrowth\n|-damage|p2a: Tangrowth|11\/100\n|-hitcount|p2a: Tangrowth|4\n|-damage|p1a: Breloom|14\/100|[from] item: Life Orb\n|\n|-fieldend|Misty Terrain\n|upkeep\n|turn|14\n|\n|t:|1598328990\n|switch|p2a: Landorus|Landorus-Therian, M|57\/100\n|-damage|p2a: Landorus|45\/100|[from] Stealth Rock\n|-ability|p2a: Landorus|Intimidate|boost\n|-unboost|p1a: Breloom|atk|1\n|move|p1a: Breloom|Bullet Seed|p2a: Landorus\n|-damage|p2a: Landorus|31\/100\n|-damage|p2a: Landorus|18\/100\n|-damage|p2a: Landorus|4\/100\n|-damage|p2a: Landorus|0 fnt\n|-hitcount|p2a: Landorus|4\n|-damage|p1a: Breloom|4\/100|[from] item: Life Orb\n|faint|p2a: Landorus\n|\n|upkeep\n|\n|t:|1598328999\n|switch|p2a: Alakazam|Alakazam-Mega, M|88\/100\n|-damage|p2a: Alakazam|76\/100|[from] Stealth Rock\n|-ability|p2a: Alakazam|Technician|[from] ability: Trace|[of] p1a: Breloom\n|turn|15\n|\n|t:|1598329017\n|switch|p1a: Tapu Fini|Tapu Fini|67\/100\n|-fieldstart|move: Misty Terrain|[from] ability: Misty Surge|[of] p1a: Tapu Fini\n|move|p2a: Alakazam|Psychic|p1a: Tapu Fini\n|-damage|p1a: Tapu Fini|18\/100\n|\n|-heal|p1a: Tapu Fini|24\/100|[from] item: Leftovers\n|upkeep\n|turn|16\n|\n|t:|1598329026\n|move|p2a: Alakazam|Psychic|p1a: Tapu Fini\n|-damage|p1a: Tapu Fini|0 fnt\n|faint|p1a: Tapu Fini\n|\n|upkeep\n|\n|t:|1598329030\n|switch|p1a: Landorus|Landorus-Therian, M|84\/100\n|-ability|p1a: Landorus|Intimidate|boost\n|-unboost|p2a: Alakazam|atk|1\n|turn|17\n|\n|t:|1598329035\n|switch|p2a: Mienshao|Mienshao, F|100\/100\n|-damage|p2a: Mienshao|94\/100|[from] Stealth Rock\n|move|p1a: Landorus|U-turn|p2a: Mienshao\n|-resisted|p2a: Mienshao\n|-damage|p2a: Mienshao|72\/100\n|\n|t:|1598329041\n|switch|p1a: Breloom|Breloom, M|4\/100|[from]move: U-turn\n|\n|upkeep\n|turn|18\n|\n|t:|1598329051\n|move|p1a: Breloom|Mach Punch|p2a: Mienshao\n|-damage|p2a: Mienshao|0 fnt\n|-damage|p1a: Breloom|0 fnt|[from] item: Life Orb\n|faint|p2a: Mienshao\n|faint|p1a: Breloom\n|\n|upkeep\n|\n|t:|1598329065\n|switch|p2a: Tangrowth|Tangrowth, F|44\/100\n|switch|p1a: Landorus|Landorus-Therian, M|84\/100\n|-ability|p1a: Landorus|Intimidate|boost\n|-unboost|p2a: Tangrowth|atk|1\n|-damage|p2a: Tangrowth|32\/100|[from] Stealth Rock\n|turn|19\n|\n|t:|1598329073\n|switch|p2a: Heatran|Heatran, M|100\/100\n|-damage|p2a: Heatran|88\/100|[from] Stealth Rock\n|move|p1a: Landorus|U-turn|p2a: Heatran\n|-resisted|p2a: Heatran\n|-damage|p2a: Heatran|82\/100\n|\n|t:|1598329080\n|switch|p1a: Porygon-Z|Porygon-Z|100\/100|[from]move: U-turn\n|\n|-fieldend|Misty Terrain\n|upkeep\n|turn|20\n|\n|t:|1598329087\n|-zpower|p1a: Porygon-Z\n|move|p1a: Porygon-Z|Z-Conversion|p1a: Porygon-Z|[anim]Conversion\n|-boost|p1a: Porygon-Z|atk|1|[zeffect]\n|-boost|p1a: Porygon-Z|def|1|[zeffect]\n|-boost|p1a: Porygon-Z|spa|1|[zeffect]\n|-boost|p1a: Porygon-Z|spd|1|[zeffect]\n|-boost|p1a: Porygon-Z|spe|1|[zeffect]\n|-start|p1a: Porygon-Z|typechange|Electric\n|move|p2a: Heatran|Magma Storm|p1a: Porygon-Z\n|-crit|p1a: Porygon-Z\n|-damage|p1a: Porygon-Z|0 fnt\n|faint|p1a: Porygon-Z\n|\n|upkeep\n|\n|t:|1598329100\n|switch|p1a: Landorus|Landorus-Therian, M|84\/100\n|-ability|p1a: Landorus|Intimidate|boost\n|-unboost|p2a: Heatran|atk|1\n|turn|21\n|\n|t:|1598329107\n|move|p1a: Landorus|Earthquake|p2a: Heatran\n|-supereffective|p2a: Heatran\n|-damage|p2a: Heatran|0 fnt\n|faint|p2a: Heatran\n|\n|upkeep\n|\n|t:|1598329109\n|switch|p2a: Tangrowth|Tangrowth, F|65\/100\n|-damage|p2a: Tangrowth|53\/100|[from] Stealth Rock\n|turn|22\n|\n|t:|1598329114\n|move|p1a: Landorus|Earthquake|p2a: Tangrowth\n|-resisted|p2a: Tangrowth\n|-damage|p2a: Tangrowth|34\/100\n|move|p2a: Tangrowth|Giga Drain|p1a: Landorus\n|-crit|p1a: Landorus\n|-damage|p1a: Landorus|27\/100\n|-heal|p2a: Tangrowth|58\/100|[from] drain|[of] p1a: Landorus\n|\n|upkeep\n|turn|23\n|-message|TestingTesting1 forfeited.\n|\n|win|Green Goblet\n|l|\u2606TestingTesting1\n|raw|TestingTesting1's rating: 1566 &rarr; <strong>1541<\/strong><br \/>(-25 for losing)\n|raw|Green Goblet's rating: 1485 &rarr; <strong>1510<\/strong><br \/>(+25 for winning)\n","uploadtime":1598329124,"views":4,"p1id":"testingtesting1","p2id":"greengoblet","formatid":"gen7ou","rating":1510,"private":0,"password":null}