{"id":"gen7ou-611275010","p1":"LT41A PCM","p2":"Pokefreak77","format":"gen7ou","log":"|j|LT41A PCM\n|j|Pokefreak77\n|player|p1|LT41A PCM|101\n|teamsize|p1|6\n|player|p2|Pokefreak77|#zinnia\n|teamsize|p2|6\n|gametype|singles\n|gen|7\n|tier|[Gen 7] OU\n|rated\n|seed|24637,36085,16385,52864\n|rule|Sleep Clause Mod: Limit one foe put to sleep\n|rule|Species Clause: Limit one of each Pok\u00e9mon\n|rule|OHKO Clause: OHKO moves are banned\n|rule|Moody Clause: Moody is banned\n|rule|Evasion Moves Clause: Evasion moves are banned\n|rule|Endless Battle Clause: Forcing endless battles is banned\n|rule|HP Percentage Mod: HP is shown in percentages\n|clearpoke\n|poke|p1|Ninetales-Alola, M|item\n|poke|p1|Magearna|item\n|poke|p1|Zygarde|item\n|poke|p1|Mawile, F|item\n|poke|p1|Manaphy|item\n|poke|p1|Landorus-Therian, M|item\n|poke|p2|Entei, shiny|item\n|poke|p2|Nihilego|item\n|poke|p2|Tapu Fini|item\n|poke|p2|Mew|item\n|poke|p2|Dugtrio, F|item\n|poke|p2|Celesteela|item\n|teampreview\n|choice|team 6, team 2, team 3, team 4, team 5, team 1|team 3, team 2, team 1, team 4, team 5, team 6\n|\n|start\n|switch|p1a: Landorus|Landorus-Therian, M|320\/320\n|switch|p2a: Tapu Fini|Tapu Fini|343\/343\n|-ability|p1a: Landorus|Intimidate|boost\n|-unboost|p2a: Tapu Fini|atk|1\n|-fieldstart|move: Misty Terrain|[from] ability: Misty Surge|[of] p2a: Tapu Fini\n|turn|1\n|j|DIO MUFLONE\n|choice|move earthquake|move naturesmadness\n|\n|move|p1a: Landorus|Earthquake|p2a: Tapu Fini\n|-damage|p2a: Tapu Fini|145\/343\n|move|p2a: Tapu Fini|Nature's Madness|p1a: Landorus\n|-damage|p1a: Landorus|160\/320\n|\n|-heal|p2a: Tapu Fini|166\/343|[from] item: Leftovers\n|upkeep\n|turn|2\n|j|LT41A ruru\n|j|LT41A PRADHAAAN\n|choice|move stealthrock|switch 6\n|\n|switch|p2a: Celesteela|Celesteela|335\/335\n|move|p1a: Landorus|Stealth Rock|p2a: Celesteela\n|-sidestart|p2: Pokefreak77|move: Stealth Rock\n|\n|upkeep\n|turn|3\n|l|DIO MUFLONE\n|choice|move smackdown|move autotomize\n|\n|move|p1a: Landorus|Smack Down|p2a: Celesteela\n|-damage|p2a: Celesteela|267\/335\n|-start|p2a: Celesteela|Smack Down\n|move|p2a: Celesteela|Autotomize|p2a: Celesteela\n|-boost|p2a: Celesteela|spe|2\n|-start|p2a: Celesteela|Autotomize\n|\n|upkeep\n|turn|4\n|choice|switch 2|move airslash zmove\n|\n|switch|p1a: Magearna|Magearna|301\/301\n|-zpower|p2a: Celesteela\n|move|p2a: Celesteela|Supersonic Skystrike|p1a: Magearna|[zeffect]\n|-resisted|p1a: Magearna\n|-crit|p1a: Magearna\n|-damage|p1a: Magearna|149\/301\n|\n|-heal|p1a: Magearna|167\/301|[from] item: Leftovers\n|upkeep\n|turn|5\n|j|Kevin Barahona\n|choice|switch 5|move airslash\n|\n|switch|p1a: Manaphy|Manaphy|341\/341\n|move|p2a: Celesteela|Air Slash|p1a: Manaphy\n|-damage|p1a: Manaphy|223\/341\n|\n|-fieldend|Misty Terrain\n|upkeep\n|turn|6\n|choice|move surf zmove|move gigadrain\n|\n|move|p2a: Celesteela|Giga Drain|p1a: Manaphy\n|-supereffective|p1a: Manaphy\n|-damage|p1a: Manaphy|61\/341\n|-heal|p2a: Celesteela|335\/335|[from] drain|[of] p1a: Manaphy\n|-zpower|p1a: Manaphy\n|move|p1a: Manaphy|Hydro Vortex|p2a: Celesteela|[zeffect]\n|-damage|p2a: Celesteela|34\/335\n|\n|upkeep\n|turn|7\n|choice|switch 5|move fireblast\n|\n|switch|p1a: Magearna|Magearna|167\/301\n|move|p2a: Celesteela|Fire Blast|p1a: Magearna\n|-supereffective|p1a: Magearna\n|-damage|p1a: Magearna|0 fnt\n|faint|p1a: Magearna\n|-ability|p2a: Celesteela|Beast Boost|boost\n|-boost|p2a: Celesteela|spa|1\n|\n|upkeep\n|choice|switch 3|\n|\n|switch|p1a: Zygarde|Zygarde|377\/377\n|-ability|p1a: Zygarde|Aura Break\n|turn|8\n|choice|move extremespeed|move gigadrain\n|\n|move|p1a: Zygarde|Extreme Speed|p2a: Celesteela\n|-resisted|p2a: Celesteela\n|-damage|p2a: Celesteela|0 fnt\n|faint|p2a: Celesteela\n|\n|upkeep\n|choice||switch 4\n|\n|switch|p2a: Mew|Mew|403\/403\n|-damage|p2a: Mew|353\/403|[from] Stealth Rock\n|turn|9\n|choice|switch 6|move defog\n|\n|switch|p1a: Ninetales|Ninetales-Alola, M|350\/350\n|-weather|Hail|[from] ability: Snow Warning|[of] p1a: Ninetales\n|move|p2a: Mew|Defog|p1a: Ninetales\n|-unboost|p1a: Ninetales|evasion|1\n|-sideend|p2: Pokefreak77|Stealth Rock|[from] move: Defog|[of] p2a: Mew\n|\n|-weather|Hail|[upkeep]\n|-damage|p2a: Mew|328\/403|[from] hail\n|-heal|p2a: Mew|353\/403|[from] item: Leftovers\n|upkeep\n|turn|10\n|j|DIO MUFLONE\n|choice|move auroraveil|switch 6\n|\n|switch|p2a: Tapu Fini|Tapu Fini|166\/343\n|-fieldstart|move: Misty Terrain|[from] ability: Misty Surge|[of] p2a: Tapu Fini\n|move|p1a: Ninetales|Aurora Veil|p1a: Ninetales\n|-sidestart|p1: LT41A PCM|move: Aurora Veil\n|\n|-weather|Hail|[upkeep]\n|-damage|p2a: Tapu Fini|145\/343|[from] hail\n|-heal|p2a: Tapu Fini|166\/343|[from] item: Leftovers\n|upkeep\n|turn|11\n|choice|move freezedry|switch 6\n|\n|switch|p2a: Mew|Mew|353\/403\n|move|p1a: Ninetales|Freeze-Dry|p2a: Mew\n|-damage|p2a: Mew|280\/403\n|\n|-weather|Hail|[upkeep]\n|-damage|p2a: Mew|255\/403|[from] hail\n|-heal|p2a: Mew|280\/403|[from] item: Leftovers\n|upkeep\n|turn|12\n|choice|move freezedry|move defog\n|\n|move|p1a: Ninetales|Freeze-Dry|p2a: Mew\n|-damage|p2a: Mew|210\/403\n|move|p2a: Mew|Defog|p1a: Ninetales\n|-unboost|p1a: Ninetales|evasion|1\n|-sideend|p1: LT41A PCM|move: Aurora Veil\n|\n|-weather|Hail|[upkeep]\n|-damage|p2a: Mew|185\/403|[from] hail\n|-heal|p2a: Mew|210\/403|[from] item: Leftovers\n|upkeep\n|turn|13\n|choice|move auroraveil|move roost\n|\n|move|p1a: Ninetales|Aurora Veil|p1a: Ninetales\n|-sidestart|p1: LT41A PCM|move: Aurora Veil\n|move|p2a: Mew|Roost|p2a: Mew\n|-heal|p2a: Mew|403\/403\n|\n|-weather|none\n|upkeep\n|turn|14\n|choice|move hail|move defog\n|\n|move|p1a: Ninetales|Hail|p1a: Ninetales\n|-weather|Hail\n|move|p2a: Mew|Defog|p1a: Ninetales\n|-unboost|p1a: Ninetales|evasion|1\n|-sideend|p1: LT41A PCM|move: Aurora Veil\n|\n|-weather|Hail|[upkeep]\n|-damage|p2a: Mew|378\/403|[from] hail\n|-heal|p2a: Mew|403\/403|[from] item: Leftovers\n|-fieldend|Misty Terrain\n|upkeep\n|turn|15\n|l|Kevin Barahona\n|choice|move hypnosis|move voltswitch\n|\n|move|p1a: Ninetales|Hypnosis|p2a: Mew\n|-status|p2a: Mew|slp\n|cant|p2a: Mew|slp\n|\n|-weather|Hail|[upkeep]\n|-damage|p2a: Mew|378\/403 slp|[from] hail\n|-heal|p2a: Mew|403\/403 slp|[from] item: Leftovers\n|upkeep\n|turn|16\n|choice|switch 2|move defog\n|\n|switch|p1a: Landorus|Landorus-Therian, M|160\/320\n|-ability|p1a: Landorus|Intimidate|boost\n|-unboost|p2a: Mew|atk|1\n|cant|p2a: Mew|slp\n|\n|-weather|Hail|[upkeep]\n|-damage|p1a: Landorus|140\/320|[from] hail\n|-damage|p2a: Mew|378\/403 slp|[from] hail\n|-heal|p2a: Mew|403\/403 slp|[from] item: Leftovers\n|upkeep\n|turn|17\n|choice|move earthquake|move willowisp\n|\n|move|p1a: Landorus|Earthquake|p2a: Mew\n|-damage|p2a: Mew|181\/403 slp\n|cant|p2a: Mew|slp\n|\n|-weather|Hail|[upkeep]\n|-damage|p1a: Landorus|120\/320|[from] hail\n|-damage|p2a: Mew|156\/403 slp|[from] hail\n|-heal|p2a: Mew|181\/403 slp|[from] item: Leftovers\n|upkeep\n|turn|18\n|choice|move earthquake|switch 5\n|\n|switch|p2a: Dugtrio|Dugtrio, F|201\/201\n|move|p1a: Landorus|Earthquake|p2a: Dugtrio\n|-enditem|p2a: Dugtrio|Focus Sash\n|-damage|p2a: Dugtrio|1\/201\n|\n|-weather|none\n|upkeep\n|turn|19\n|inactive|Battle timer is ON: inactive players will automatically lose when time's up. (requested by LT41A PCM)\n|choice|switch 2|move reversal\n|\n|switch|p1a: Ninetales|Ninetales-Alola, M|350\/350\n|-weather|Hail|[from] ability: Snow Warning|[of] p1a: Ninetales\n|move|p2a: Dugtrio|Reversal|p1a: Ninetales\n|-damage|p1a: Ninetales|111\/350\n|\n|-weather|Hail|[upkeep]\n|-damage|p2a: Dugtrio|0 fnt|[from] hail\n|upkeep\n|faint|p2a: Dugtrio\n|choice||switch 2\n|\n|switch|p2a: Nihilego|Nihilego|359\/359\n|turn|20\n|choice|move auroraveil|move powergem\n|\n|move|p2a: Nihilego|Power Gem|p1a: Ninetales\n|-supereffective|p1a: Ninetales\n|-damage|p1a: Ninetales|0 fnt\n|faint|p1a: Ninetales\n|-ability|p2a: Nihilego|Beast Boost|boost\n|-boost|p2a: Nihilego|spa|1\n|\n|-weather|Hail|[upkeep]\n|-damage|p2a: Nihilego|337\/359|[from] hail\n|upkeep\n|choice|switch 4|\n|\n|switch|p1a: Mawile|Mawile, F|262\/262\n|-ability|p1a: Mawile|Intimidate|boost\n|-unboost|p2a: Nihilego|atk|1\n|turn|21\n|inactive|Pokefreak77 has 120 seconds left.\n|choice|move playrough mega|switch 5\n|\n|switch|p2a: Mew|Mew|181\/403 slp\n|detailschange|p1a: Mawile|Mawile-Mega, F\n|-mega|p1a: Mawile|Mawile|Mawilite\n|move|p1a: Mawile|Play Rough|p2a: Mew|[miss]\n|-miss|p1a: Mawile|p2a: Mew\n|\n|-weather|Hail|[upkeep]\n|-damage|p2a: Mew|156\/403 slp|[from] hail\n|-damage|p1a: Mawile|246\/262|[from] hail\n|-heal|p2a: Mew|181\/403 slp|[from] item: Leftovers\n|upkeep\n|turn|22\n|j|TheOneWithNGOName\n|choice|move playrough|move willowisp\n|\n|-curestatus|p2a: Mew|slp|[msg]\n|move|p2a: Mew|Will-O-Wisp|p1a: Mawile\n|-status|p1a: Mawile|brn\n|move|p1a: Mawile|Play Rough|p2a: Mew|[miss]\n|-miss|p1a: Mawile|p2a: Mew\n|\n|-weather|Hail|[upkeep]\n|-damage|p2a: Mew|156\/403|[from] hail\n|-damage|p1a: Mawile|230\/262 brn|[from] hail\n|-heal|p2a: Mew|181\/403|[from] item: Leftovers\n|-damage|p1a: Mawile|214\/262 brn|[from] brn\n|upkeep\n|turn|23\n|choice|move swordsdance|move roost\n|\n|move|p2a: Mew|Roost|p2a: Mew\n|-heal|p2a: Mew|383\/403\n|move|p1a: Mawile|Swords Dance|p1a: Mawile\n|-boost|p1a: Mawile|atk|2\n|\n|-weather|none\n|-heal|p2a: Mew|403\/403|[from] item: Leftovers\n|-damage|p1a: Mawile|198\/262 brn|[from] brn\n|upkeep\n|turn|24\n|choice|move playrough|move voltswitch\n|\n|move|p2a: Mew|Volt Switch|p1a: Mawile\n|-damage|p1a: Mawile|142\/262 brn\n|choice||switch 6\n|\n|switch|p2a: Tapu Fini|Tapu Fini|166\/343\n|-fieldstart|move: Misty Terrain|[from] ability: Misty Surge|[of] p2a: Tapu Fini\n|move|p1a: Mawile|Play Rough|p2a: Tapu Fini\n|-damage|p2a: Tapu Fini|0 fnt\n|faint|p2a: Tapu Fini\n|\n|-damage|p1a: Mawile|126\/262 brn|[from] brn\n|upkeep\n|choice||switch 3\n|\n|switch|p2a: Entei|Entei, shiny|433\/433\n|-ability|p2a: Entei|Pressure\n|turn|25\n|choice|move suckerpunch|move substitute\n|\n|move|p1a: Mawile|Sucker Punch|p2a: Entei|[still]\n|-fail|p1a: Mawile\n|move|p2a: Entei|Substitute|p2a: Entei\n|-start|p2a: Entei|Substitute\n|-damage|p2a: Entei|325\/433\n|\n|-heal|p2a: Entei|352\/433|[from] item: Leftovers\n|-damage|p1a: Mawile|110\/262 brn|[from] brn\n|upkeep\n|turn|26\n|choice|move suckerpunch|move calmmind\n|\n|move|p1a: Mawile|Sucker Punch|p2a: Entei|[still]\n|-fail|p1a: Mawile\n|move|p2a: Entei|Calm Mind|p2a: Entei\n|-boost|p2a: Entei|spa|1\n|-boost|p2a: Entei|spd|1\n|\n|-heal|p2a: Entei|379\/433|[from] item: Leftovers\n|-damage|p1a: Mawile|94\/262 brn|[from] brn\n|upkeep\n|turn|27\n|choice|move thunderpunch|move protect\n|\n|move|p2a: Entei|Protect|p2a: Entei\n|-singleturn|p2a: Entei|Protect\n|move|p1a: Mawile|Thunder Punch|p2a: Entei\n|-activate|p2a: Entei|move: Protect\n|\n|-heal|p2a: Entei|406\/433|[from] item: Leftovers\n|-damage|p1a: Mawile|78\/262 brn|[from] brn\n|upkeep\n|turn|28\n|choice|move thunderpunch|move calmmind\n|\n|move|p2a: Entei|Calm Mind|p2a: Entei\n|-boost|p2a: Entei|spa|1\n|-boost|p2a: Entei|spd|1\n|move|p1a: Mawile|Thunder Punch|p2a: Entei\n|-end|p2a: Entei|Substitute\n|\n|-heal|p2a: Entei|433\/433|[from] item: Leftovers\n|-damage|p1a: Mawile|62\/262 brn|[from] brn\n|-fieldend|Misty Terrain\n|upkeep\n|turn|29\n|c| DIO MUFLONE|omg\n|choice|move thunderpunch|move substitute\n|\n|move|p2a: Entei|Substitute|p2a: Entei\n|-start|p2a: Entei|Substitute\n|-damage|p2a: Entei|325\/433\n|move|p1a: Mawile|Thunder Punch|p2a: Entei\n|-end|p2a: Entei|Substitute\n|\n|-heal|p2a: Entei|352\/433|[from] item: Leftovers\n|-damage|p1a: Mawile|46\/262 brn|[from] brn\n|upkeep\n|turn|30\n|choice|move thunderpunch|move lavaplume\n|\n|move|p2a: Entei|Lava Plume|p1a: Mawile\n|-supereffective|p1a: Mawile\n|-damage|p1a: Mawile|0 fnt\n|faint|p1a: Mawile\n|\n|-heal|p2a: Entei|379\/433|[from] item: Leftovers\n|upkeep\n|choice|switch 6|\n|\n|switch|p1a: Zygarde|Zygarde|377\/377\n|-ability|p1a: Zygarde|Aura Break\n|turn|31\n|choice|move dragondance|move lavaplume\n|\n|move|p2a: Entei|Lava Plume|p1a: Zygarde\n|-resisted|p1a: Zygarde\n|-damage|p1a: Zygarde|293\/377\n|move|p1a: Zygarde|Dragon Dance|p1a: Zygarde\n|-boost|p1a: Zygarde|atk|1\n|-boost|p1a: Zygarde|spe|1\n|\n|-heal|p2a: Entei|406\/433|[from] item: Leftovers\n|upkeep\n|turn|32\n|j|DARKNESS MAN\n|choice|move thousandarrows|move lavaplume\n|\n|move|p1a: Zygarde|Thousand Arrows|p2a: Entei\n|-supereffective|p2a: Entei\n|-damage|p2a: Entei|0 fnt\n|faint|p2a: Entei\n|\n|upkeep\n|choice||switch 5\n|\n|switch|p2a: Nihilego|Nihilego|337\/359\n|turn|33\n|choice|move thousandarrows|move hiddenpower\n|\n|move|p2a: Nihilego|Hidden Power|p1a: Zygarde\n|-supereffective|p1a: Zygarde\n|-damage|p1a: Zygarde|0 fnt\n|faint|p1a: Zygarde\n|-ability|p2a: Nihilego|Beast Boost|boost\n|-boost|p2a: Nihilego|spa|1\n|\n|upkeep\n|-message|LT41A PCM forfeited.\n|\n|win|Pokefreak77\n|l|LT41A PCM\n|raw|LT41A PCM's rating: 1887 &rarr; <strong>1865<\/strong><br \/>(-22 for losing)\n|raw|Pokefreak77's rating: 1844 &rarr; <strong>1866<\/strong><br \/>(+22 for winning)\n|l|DARKNESS MAN\n|l|DIO MUFLONE\n|l|LT41A ruru\n|l|Pokefreak77\n|l|TheOneWithNGOName","inputlog":null,"uploadtime":1501517544,"views":16,"p1id":"lt41apcm","p2id":"pokefreak77","formatid":"gen7ou","rating":1865,"private":0,"password":null}