{"id":"gen7ou-850308014","p1":"Moskito Cup","p2":"I don't reply","format":"gen7ou","log":"|j|\u2606Moskito Cup\n|j|\u2606I don't reply\n|player|p1|Moskito Cup|170\n|player|p2|I don't reply|61\n|teamsize|p1|6\n|teamsize|p2|6\n|gametype|singles\n|gen|7\n|tier|[Gen 7] OU\n|rated|\n|rule|Sleep Clause Mod: Limit one foe put to sleep\n|rule|Species Clause: Limit one of each Pok\u00e9mon\n|rule|OHKO Clause: OHKO moves are banned\n|rule|Moody Clause: Moody is banned\n|rule|Evasion Moves Clause: Evasion moves are banned\n|rule|Endless Battle Clause: Forcing endless battles is banned\n|rule|HP Percentage Mod: HP is shown in percentages\n|clearpoke\n|poke|p1|Venusaur, M|item\n|poke|p1|Keldeo-Resolute|item\n|poke|p1|Skarmory, M|item\n|poke|p1|Chansey, F|item\n|poke|p1|Heatran, M|item\n|poke|p1|Bisharp, M|item\n|poke|p2|Garchomp, F|item\n|poke|p2|Hippowdon, F|item\n|poke|p2|Greninja, M|item\n|poke|p2|Celesteela|item\n|poke|p2|Excadrill, F|item\n|poke|p2|Toxapex, F|item\n|teampreview\n|inactive|Battle timer is ON: inactive players will automatically lose when time's up. (requested by I don't reply)\n|raw|<div class=\"broadcast-red\"><strong>Moderated join is set to sync with modchat!<\/strong><br \/>Only users who can speak in modchat can join.<\/div>\n|c|\u2606Moskito Cup|\/log Moskito Cup set modjoin to sync with modchat.\n|raw|<div class=\"broadcast-red\"><strong>Moderated chat was set to +!<\/strong><br \/>Only users of rank + and higher can talk.<\/div>\n|c|\u2606Moskito Cup|\/log Moskito Cup made this room hidden.\n|\n|start\n|switch|p1a: Keldeo|Keldeo-Resolute|100\/100\n|switch|p2a: Hippowdon|Hippowdon, F|100\/100\n|-weather|Sandstorm|[from] ability: Sand Stream|[of] p2a: Hippowdon\n|turn|1\n|\n|move|p1a: Keldeo|Scald|p2a: Hippowdon\n|-supereffective|p2a: Hippowdon\n|-damage|p2a: Hippowdon|17\/100\n|move|p2a: Hippowdon|Stealth Rock|p1a: Keldeo\n|-sidestart|p1: Moskito Cup|move: Stealth Rock\n|\n|-weather|Sandstorm|[upkeep]\n|-damage|p1a: Keldeo|94\/100|[from] Sandstorm\n|-heal|p1a: Keldeo|100\/100|[from] item: Leftovers\n|upkeep\n|turn|2\n|\n|switch|p2a: Greninja|Greninja, M|100\/100\n|move|p1a: Keldeo|Scald|p2a: Greninja\n|-resisted|p2a: Greninja\n|-damage|p2a: Greninja|68\/100\n|\n|-weather|Sandstorm|[upkeep]\n|-damage|p2a: Greninja|62\/100|[from] Sandstorm\n|-damage|p1a: Keldeo|94\/100|[from] Sandstorm\n|-heal|p1a: Keldeo|100\/100|[from] item: Leftovers\n|upkeep\n|turn|3\n|\n|move|p2a: Greninja|Hydro Pump|p1a: Keldeo\n|-resisted|p1a: Keldeo\n|-damage|p1a: Keldeo|57\/100\n|move|p1a: Keldeo|Secret Sword|p2a: Greninja\n|-supereffective|p2a: Greninja\n|-damage|p2a: Greninja|0 fnt\n|faint|p2a: Greninja\n|\n|-weather|Sandstorm|[upkeep]\n|-damage|p1a: Keldeo|51\/100|[from] Sandstorm\n|-heal|p1a: Keldeo|57\/100|[from] item: Leftovers\n|upkeep\n|\n|switch|p2a: Garchomp|Garchomp, F|100\/100\n|turn|4\n|\n|detailschange|p2a: Garchomp|Garchomp-Mega, F\n|-mega|p2a: Garchomp|Garchomp|Garchompite\n|move|p1a: Keldeo|Scald|p2a: Garchomp\n|-damage|p2a: Garchomp|63\/100\n|move|p2a: Garchomp|Earthquake|p1a: Keldeo\n|-damage|p1a: Keldeo|0 fnt\n|faint|p1a: Keldeo\n|\n|-weather|Sandstorm|[upkeep]\n|upkeep\n|\n|switch|p1a: Skarmory|Skarmory, M|100\/100\n|-damage|p1a: Skarmory|88\/100|[from] Stealth Rock\n|turn|5\n|\n|move|p2a: Garchomp|Swords Dance|p2a: Garchomp\n|-boost|p2a: Garchomp|atk|2\n|move|p1a: Skarmory|Spikes|p2a: Garchomp\n|-sidestart|p2: I don't reply|Spikes\n|\n|-weather|Sandstorm|[upkeep]\n|upkeep\n|turn|6\n|\n|move|p2a: Garchomp|Fire Fang|p1a: Skarmory\n|-supereffective|p1a: Skarmory\n|-damage|p1a: Skarmory|27\/100\n|-damage|p2a: Garchomp|46\/100|[from] item: Rocky Helmet|[of] p1a: Skarmory\n|move|p1a: Skarmory|Whirlwind|p2a: Garchomp\n|drag|p2a: Excadrill|Excadrill, F|100\/100\n|-damage|p2a: Excadrill|88\/100|[from] Spikes\n|\n|-weather|Sandstorm|[upkeep]\n|upkeep\n|turn|7\n|\n|-zpower|p2a: Excadrill\n|move|p2a: Excadrill|Corkscrew Crash|p1a: Skarmory|[zeffect]\n|-resisted|p1a: Skarmory\n|-damage|p1a: Skarmory|1\/100\n|move|p1a: Skarmory|Roost|p1a: Skarmory\n|-heal|p1a: Skarmory|52\/100\n|\n|-weather|Sandstorm|[upkeep]\n|upkeep\n|turn|8\n|\n|move|p2a: Excadrill|Swords Dance|p2a: Excadrill\n|-boost|p2a: Excadrill|atk|2\n|move|p1a: Skarmory|Roost|p1a: Skarmory\n|-heal|p1a: Skarmory|100\/100\n|\n|-weather|none\n|upkeep\n|turn|9\n|\n|move|p2a: Excadrill|Rapid Spin|p1a: Skarmory\n|-resisted|p1a: Skarmory\n|-damage|p1a: Skarmory|96\/100\n|-damage|p2a: Excadrill|71\/100|[from] item: Rocky Helmet|[of] p1a: Skarmory\n|-sideend|p2: I don't reply|Spikes|[from] move: Rapid Spin|[of] p2a: Excadrill\n|move|p1a: Skarmory|Spikes|p2a: Excadrill\n|-sidestart|p2: I don't reply|Spikes\n|\n|upkeep\n|turn|10\n|\n|switch|p2a: Toxapex|Toxapex, F, shiny|100\/100\n|-damage|p2a: Toxapex|88\/100|[from] Spikes\n|move|p1a: Skarmory|Whirlwind|p2a: Toxapex\n|drag|p2a: Garchomp|Garchomp-Mega, F|46\/100\n|-damage|p2a: Garchomp|34\/100|[from] Spikes\n|\n|upkeep\n|turn|11\n|\n|move|p2a: Garchomp|Swords Dance|p2a: Garchomp\n|-boost|p2a: Garchomp|atk|2\n|move|p1a: Skarmory|Whirlwind|p2a: Garchomp\n|drag|p2a: Toxapex|Toxapex, F, shiny|100\/100\n|-damage|p2a: Toxapex|88\/100|[from] Spikes\n|\n|-heal|p2a: Toxapex|94\/100|[from] item: Black Sludge\n|upkeep\n|turn|12\n|\n|switch|p1a: Venusaur|Venusaur, M|100\/100\n|-damage|p1a: Venusaur|88\/100|[from] Stealth Rock\n|move|p2a: Toxapex|Knock Off|p1a: Venusaur\n|-damage|p1a: Venusaur|82\/100\n|\n|-heal|p2a: Toxapex|99\/100|[from] item: Black Sludge\n|upkeep\n|turn|13\n|\n|detailschange|p1a: Venusaur|Venusaur-Mega, M\n|-mega|p1a: Venusaur|Venusaur|Venusaurite\n|move|p1a: Venusaur|Giga Drain|p2a: Toxapex\n|-damage|p2a: Toxapex|79\/100\n|-heal|p1a: Venusaur|90\/100|[from] drain|[of] p2a: Toxapex\n|move|p2a: Toxapex|Scald|p1a: Venusaur\n|-resisted|p1a: Venusaur\n|-damage|p1a: Venusaur|84\/100\n|\n|-heal|p2a: Toxapex|85\/100|[from] item: Black Sludge\n|upkeep\n|turn|14\n|\n|switch|p1a: Heatran|Heatran, M|100\/100\n|-damage|p1a: Heatran|88\/100|[from] Stealth Rock\n|move|p2a: Toxapex|Scald|p1a: Heatran\n|-supereffective|p1a: Heatran\n|-damage|p1a: Heatran|63\/100\n|\n|-heal|p1a: Heatran|69\/100|[from] item: Leftovers\n|-heal|p2a: Toxapex|91\/100|[from] item: Black Sludge\n|upkeep\n|turn|15\n|\n|move|p1a: Heatran|Stealth Rock|p2a: Toxapex\n|-sidestart|p2: I don't reply|move: Stealth Rock\n|move|p2a: Toxapex|Knock Off|p1a: Heatran\n|-damage|p1a: Heatran|56\/100\n|-enditem|p1a: Heatran|Leftovers|[from] move: Knock Off|[of] p2a: Toxapex\n|\n|-heal|p2a: Toxapex|97\/100|[from] item: Black Sludge\n|upkeep\n|turn|16\n|\n|move|p1a: Heatran|Lava Plume|p2a: Toxapex\n|-resisted|p2a: Toxapex\n|-damage|p2a: Toxapex|84\/100\n|-status|p2a: Toxapex|brn\n|move|p2a: Toxapex|Scald|p1a: Heatran\n|-supereffective|p1a: Heatran\n|-damage|p1a: Heatran|26\/100\n|\n|-heal|p2a: Toxapex|90\/100 brn|[from] item: Black Sludge\n|-damage|p2a: Toxapex|84\/100 brn|[from] brn\n|upkeep\n|turn|17\n|\n|switch|p1a: Bisharp|Bisharp, M|100\/100\n|-damage|p1a: Bisharp|94\/100|[from] Stealth Rock\n|move|p2a: Toxapex|Scald|p1a: Bisharp\n|-damage|p1a: Bisharp|70\/100\n|\n|-heal|p1a: Bisharp|76\/100|[from] item: Leftovers\n|-heal|p2a: Toxapex|90\/100 brn|[from] item: Black Sludge\n|-damage|p2a: Toxapex|84\/100 brn|[from] brn\n|upkeep\n|turn|18\n|\n|move|p1a: Bisharp|Knock Off|p2a: Toxapex\n|-damage|p2a: Toxapex|47\/100 brn\n|-enditem|p2a: Toxapex|Black Sludge|[from] move: Knock Off|[of] p1a: Bisharp\n|move|p2a: Toxapex|Scald|p1a: Bisharp\n|-damage|p1a: Bisharp|53\/100\n|\n|-heal|p1a: Bisharp|59\/100|[from] item: Leftovers\n|-damage|p2a: Toxapex|41\/100 brn|[from] brn\n|upkeep\n|turn|19\n|\n|move|p1a: Bisharp|Swords Dance|p1a: Bisharp\n|-boost|p1a: Bisharp|atk|2\n|move|p2a: Toxapex|Knock Off|p1a: Bisharp\n|-resisted|p1a: Bisharp\n|-damage|p1a: Bisharp|55\/100\n|-enditem|p1a: Bisharp|Leftovers|[from] move: Knock Off|[of] p2a: Toxapex\n|\n|-damage|p2a: Toxapex|35\/100 brn|[from] brn\n|upkeep\n|turn|20\n|\n|switch|p2a: Hippowdon|Hippowdon, F|17\/100\n|-damage|p2a: Hippowdon|5\/100|[from] Spikes\n|-damage|p2a: Hippowdon|0 fnt|[from] Stealth Rock\n|faint|p2a: Hippowdon\n|move|p1a: Bisharp|Knock Off|p2: Hippowdon|[notarget]\n|-fail|p1a: Bisharp\n|\n|upkeep\n|\n|switch|p2a: Celesteela|Celesteela|100\/100\n|-damage|p2a: Celesteela|88\/100|[from] Stealth Rock\n|turn|21\n|\n|move|p1a: Bisharp|Knock Off|p2a: Celesteela\n|-damage|p2a: Celesteela|5\/100\n|-enditem|p2a: Celesteela|Leftovers|[from] move: Knock Off|[of] p1a: Bisharp\n|move|p2a: Celesteela|Flamethrower|p1a: Bisharp\n|-supereffective|p1a: Bisharp\n|-damage|p1a: Bisharp|6\/100\n|-status|p1a: Bisharp|brn\n|\n|-damage|p1a: Bisharp|0 fnt|[from] brn\n|faint|p1a: Bisharp\n|upkeep\n|\n|switch|p1a: Heatran|Heatran, M|26\/100\n|-damage|p1a: Heatran|14\/100|[from] Stealth Rock\n|turn|22\n|\n|move|p2a: Celesteela|Protect|p2a: Celesteela\n|-singleturn|p2a: Celesteela|Protect\n|move|p1a: Heatran|Lava Plume|p2a: Celesteela\n|-activate|p2a: Celesteela|move: Protect\n|\n|upkeep\n|turn|23\n|\n|switch|p2a: Toxapex|Toxapex, F, shiny|69\/100 brn\n|-damage|p2a: Toxapex|57\/100 brn|[from] Spikes\n|-damage|p2a: Toxapex|44\/100 brn|[from] Stealth Rock\n|move|p1a: Heatran|Lava Plume|p2a: Toxapex\n|-resisted|p2a: Toxapex\n|-damage|p2a: Toxapex|31\/100 brn\n|\n|-damage|p2a: Toxapex|25\/100 brn|[from] brn\n|upkeep\n|turn|24\n|\n|move|p1a: Heatran|Lava Plume|p2a: Toxapex\n|-resisted|p2a: Toxapex\n|-damage|p2a: Toxapex|12\/100 brn\n|move|p2a: Toxapex|Scald|p1a: Heatran\n|-supereffective|p1a: Heatran\n|-damage|p1a: Heatran|0 fnt\n|faint|p1a: Heatran\n|\n|-damage|p2a: Toxapex|6\/100 brn|[from] brn\n|upkeep\n|\n|switch|p1a: Skarmory|Skarmory, M|96\/100\n|-damage|p1a: Skarmory|84\/100|[from] Stealth Rock\n|turn|25\n|\n|switch|p2a: Excadrill|Excadrill, F|71\/100\n|-damage|p2a: Excadrill|68\/100|[from] Stealth Rock\n|-damage|p2a: Excadrill|56\/100|[from] Spikes\n|move|p1a: Skarmory|Brave Bird|p2a: Excadrill\n|-resisted|p2a: Excadrill\n|-damage|p2a: Excadrill|30\/100\n|-damage|p1a: Skarmory|75\/100|[from] Recoil\n|\n|upkeep\n|turn|26\n|\n|move|p2a: Excadrill|Rapid Spin|p1a: Skarmory\n|-resisted|p1a: Skarmory\n|-damage|p1a: Skarmory|73\/100\n|-damage|p2a: Excadrill|14\/100|[from] item: Rocky Helmet|[of] p1a: Skarmory\n|-sideend|p2: I don't reply|Spikes|[from] move: Rapid Spin|[of] p2a: Excadrill\n|-sideend|p2: I don't reply|Stealth Rock|[from] move: Rapid Spin|[of] p2a: Excadrill\n|move|p1a: Skarmory|Spikes|p2a: Excadrill\n|-sidestart|p2: I don't reply|Spikes\n|\n|upkeep\n|turn|27\n|\n|switch|p2a: Toxapex|Toxapex, F, shiny|40\/100 brn\n|-damage|p2a: Toxapex|28\/100 brn|[from] Spikes\n|move|p1a: Skarmory|Spikes|p2a: Toxapex\n|-sidestart|p2: I don't reply|Spikes\n|\n|-damage|p2a: Toxapex|22\/100 brn|[from] brn\n|upkeep\n|turn|28\n|\n|switch|p2a: Excadrill|Excadrill, F|14\/100\n|-damage|p2a: Excadrill|0 fnt|[from] Spikes\n|faint|p2a: Excadrill\n|move|p1a: Skarmory|Brave Bird|p2: Excadrill|[notarget]\n|-fail|p1a: Skarmory\n|\n|upkeep\n|\n|switch|p2a: Toxapex|Toxapex, F, shiny|55\/100 brn\n|-damage|p2a: Toxapex|38\/100 brn|[from] Spikes\n|turn|29\n|\n|move|p1a: Skarmory|Spikes|p2a: Toxapex\n|-sidestart|p2: I don't reply|Spikes\n|move|p2a: Toxapex|Recover|p2a: Toxapex\n|-heal|p2a: Toxapex|89\/100 brn\n|\n|-damage|p2a: Toxapex|83\/100 brn|[from] brn\n|upkeep\n|turn|30\n|\n|switch|p1a: Venusaur|Venusaur-Mega, M|84\/100\n|-damage|p1a: Venusaur|71\/100|[from] Stealth Rock\n|move|p2a: Toxapex|Knock Off|p1a: Venusaur\n|-damage|p1a: Venusaur|69\/100\n|\n|-damage|p2a: Toxapex|77\/100 brn|[from] brn\n|upkeep\n|turn|31\n|\n|move|p1a: Venusaur|Giga Drain|p2a: Toxapex\n|-damage|p2a: Toxapex|55\/100 brn\n|-heal|p1a: Venusaur|78\/100|[from] drain|[of] p2a: Toxapex\n|move|p2a: Toxapex|Scald|p1a: Venusaur\n|-resisted|p1a: Venusaur\n|-damage|p1a: Venusaur|71\/100\n|\n|-damage|p2a: Toxapex|49\/100 brn|[from] brn\n|upkeep\n|turn|32\n|\n|move|p1a: Venusaur|Giga Drain|p2a: Toxapex\n|-damage|p2a: Toxapex|27\/100 brn\n|-heal|p1a: Venusaur|80\/100|[from] drain|[of] p2a: Toxapex\n|move|p2a: Toxapex|Recover|p2a: Toxapex\n|-heal|p2a: Toxapex|77\/100 brn\n|\n|-damage|p2a: Toxapex|71\/100 brn|[from] brn\n|upkeep\n|turn|33\n|\n|move|p1a: Venusaur|Giga Drain|p2a: Toxapex\n|-crit|p2a: Toxapex\n|-damage|p2a: Toxapex|34\/100 brn\n|-heal|p1a: Venusaur|96\/100|[from] drain|[of] p2a: Toxapex\n|move|p2a: Toxapex|Scald|p1a: Venusaur\n|-resisted|p1a: Venusaur\n|-damage|p1a: Venusaur|89\/100\n|\n|-damage|p2a: Toxapex|28\/100 brn|[from] brn\n|upkeep\n|turn|34\n|\n|move|p1a: Venusaur|Giga Drain|p2a: Toxapex\n|-damage|p2a: Toxapex|6\/100 brn\n|-heal|p1a: Venusaur|98\/100|[from] drain|[of] p2a: Toxapex\n|move|p2a: Toxapex|Recover|p2a: Toxapex\n|-heal|p2a: Toxapex|56\/100 brn\n|\n|-damage|p2a: Toxapex|50\/100 brn|[from] brn\n|upkeep\n|turn|35\n|\n|switch|p1a: Chansey|Chansey, F|100\/100\n|-damage|p1a: Chansey|88\/100|[from] Stealth Rock\n|move|p2a: Toxapex|Recover|p2a: Toxapex\n|-heal|p2a: Toxapex|99\/100 brn\n|\n|-damage|p2a: Toxapex|94\/100 brn|[from] brn\n|upkeep\n|turn|36\n|\n|move|p1a: Chansey|Seismic Toss|p2a: Toxapex\n|-damage|p2a: Toxapex|61\/100 brn\n|move|p2a: Toxapex|Knock Off|p1a: Chansey\n|-damage|p1a: Chansey|84\/100\n|-enditem|p1a: Chansey|Eviolite|[from] move: Knock Off|[of] p2a: Toxapex\n|\n|-damage|p2a: Toxapex|55\/100 brn|[from] brn\n|upkeep\n|turn|37\n|\n|move|p1a: Chansey|Seismic Toss|p2a: Toxapex\n|-damage|p2a: Toxapex|22\/100 brn\n|move|p2a: Toxapex|Recover|p2a: Toxapex\n|-heal|p2a: Toxapex|72\/100 brn\n|\n|-damage|p2a: Toxapex|67\/100 brn|[from] brn\n|upkeep\n|turn|38\n|\n|move|p1a: Chansey|Seismic Toss|p2a: Toxapex\n|-damage|p2a: Toxapex|34\/100 brn\n|move|p2a: Toxapex|Toxic|p1a: Chansey\n|-status|p1a: Chansey|tox\n|\n|-damage|p1a: Chansey|78\/100 tox|[from] psn\n|-damage|p2a: Toxapex|28\/100 brn|[from] brn\n|upkeep\n|turn|39\n|\n|switch|p2a: Garchomp|Garchomp-Mega, F|34\/100\n|-damage|p2a: Garchomp|9\/100|[from] Spikes\n|move|p1a: Chansey|Aromatherapy|p1a: Chansey\n|-activate|p1a: Chansey|move: Aromatherapy\n|-curestatus|p1a: Chansey|tox|[msg]\n|\n|upkeep\n|turn|40\n|\n|switch|p1a: Skarmory|Skarmory, M|73\/100\n|-damage|p1a: Skarmory|60\/100|[from] Stealth Rock\n|move|p2a: Garchomp|Earthquake|p1a: Skarmory\n|-immune|p1a: Skarmory\n|\n|upkeep\n|turn|41\n|\n|switch|p2a: Celesteela|Celesteela|5\/100\n|move|p1a: Skarmory|Whirlwind|p2a: Celesteela\n|drag|p2a: Toxapex|Toxapex, F, shiny|61\/100 brn\n|-damage|p2a: Toxapex|36\/100 brn|[from] Spikes\n|\n|-damage|p2a: Toxapex|30\/100 brn|[from] brn\n|upkeep\n|turn|42\n|\n|move|p1a: Skarmory|Brave Bird|p2a: Toxapex\n|-damage|p2a: Toxapex|9\/100 brn\n|-damage|p1a: Skarmory|54\/100|[from] Recoil\n|move|p2a: Toxapex|Recover|p2a: Toxapex\n|-heal|p2a: Toxapex|59\/100 brn\n|\n|-damage|p2a: Toxapex|53\/100 brn|[from] brn\n|upkeep\n|turn|43\n|\n|switch|p1a: Chansey|Chansey, F|78\/100\n|-damage|p1a: Chansey|66\/100|[from] Stealth Rock\n|move|p2a: Toxapex|Knock Off|p1a: Chansey\n|-damage|p1a: Chansey|61\/100\n|\n|-damage|p2a: Toxapex|47\/100 brn|[from] brn\n|upkeep\n|turn|44\n|\n|move|p1a: Chansey|Seismic Toss|p2a: Toxapex\n|-damage|p2a: Toxapex|14\/100 brn\n|move|p2a: Toxapex|Recover|p2a: Toxapex\n|-heal|p2a: Toxapex|65\/100 brn\n|\n|-damage|p2a: Toxapex|59\/100 brn|[from] brn\n|upkeep\n|turn|45\n|\n|move|p1a: Chansey|Seismic Toss|p2a: Toxapex\n|-damage|p2a: Toxapex|26\/100 brn\n|move|p2a: Toxapex|Recover|p2a: Toxapex\n|-heal|p2a: Toxapex|76\/100 brn\n|\n|-damage|p2a: Toxapex|70\/100 brn|[from] brn\n|upkeep\n|turn|46\n|\n|move|p1a: Chansey|Seismic Toss|p2a: Toxapex\n|-damage|p2a: Toxapex|37\/100 brn\n|move|p2a: Toxapex|Toxic|p1a: Chansey\n|-status|p1a: Chansey|tox\n|\n|-damage|p1a: Chansey|55\/100 tox|[from] psn\n|-damage|p2a: Toxapex|31\/100 brn|[from] brn\n|upkeep\n|turn|47\n|\n|switch|p2a: Garchomp|Garchomp-Mega, F|9\/100\n|-damage|p2a: Garchomp|0 fnt|[from] Spikes\n|faint|p2a: Garchomp\n|move|p1a: Chansey|Seismic Toss|p2: Garchomp|[notarget]\n|-fail|p1a: Chansey\n|\n|-damage|p1a: Chansey|43\/100 tox|[from] psn\n|upkeep\n|\n|switch|p2a: Toxapex|Toxapex, F, shiny|64\/100 brn\n|-damage|p2a: Toxapex|39\/100 brn|[from] Spikes\n|turn|48\n|\n|move|p1a: Chansey|Aromatherapy|p1a: Chansey\n|-activate|p1a: Chansey|move: Aromatherapy\n|-curestatus|p1a: Chansey|tox|[msg]\n|move|p2a: Toxapex|Recover|p2a: Toxapex\n|-heal|p2a: Toxapex|90\/100 brn\n|\n|-damage|p2a: Toxapex|84\/100 brn|[from] brn\n|upkeep\n|turn|49\n|\n|move|p1a: Chansey|Soft-Boiled|p1a: Chansey\n|-heal|p1a: Chansey|93\/100\n|move|p2a: Toxapex|Toxic|p1a: Chansey\n|-status|p1a: Chansey|tox\n|\n|-damage|p1a: Chansey|87\/100 tox|[from] psn\n|-damage|p2a: Toxapex|78\/100 brn|[from] brn\n|upkeep\n|turn|50\n|\n|switch|p1a: Venusaur|Venusaur-Mega, M|98\/100\n|-damage|p1a: Venusaur|86\/100|[from] Stealth Rock\n|move|p2a: Toxapex|Knock Off|p1a: Venusaur\n|-damage|p1a: Venusaur|83\/100\n|\n|-damage|p2a: Toxapex|72\/100 brn|[from] brn\n|upkeep\n|turn|51\n|\n|switch|p1a: Chansey|Chansey, F|87\/100\n|-damage|p1a: Chansey|75\/100|[from] Stealth Rock\n|move|p2a: Toxapex|Scald|p1a: Chansey\n|-damage|p1a: Chansey|67\/100\n|-status|p1a: Chansey|brn\n|\n|-damage|p1a: Chansey|61\/100 brn|[from] brn\n|-damage|p2a: Toxapex|66\/100 brn|[from] brn\n|upkeep\n|turn|52\n|\n|move|p1a: Chansey|Seismic Toss|p2a: Toxapex\n|-damage|p2a: Toxapex|33\/100 brn\n|move|p2a: Toxapex|Knock Off|p1a: Chansey\n|-damage|p1a: Chansey|56\/100 brn\n|\n|-damage|p1a: Chansey|50\/100 brn|[from] brn\n|-damage|p2a: Toxapex|27\/100 brn|[from] brn\n|upkeep\n|turn|53\n|-message|I don't reply forfeited.\n|\n|win|Moskito Cup\n|l|\u2606I don't reply\n|raw|Moskito Cup's rating: 1959 &rarr; <strong>1981<\/strong><br \/>(+22 for winning)\n|raw|I don&apos;t reply's rating: 1993 &rarr; <strong>1971<\/strong><br \/>(-22 for losing)\n|c|\u2606Moskito Cup|\/log Moskito Cup made this room public.\n","uploadtime":1547767053,"views":318,"p1id":"moskitocup","p2id":"idontreply","formatid":"gen7ou","rating":1971,"private":0,"password":null}