{"id":"gen7ou-670895924","p1":"Toxabelle","p2":"OJ did it","format":"gen7ou","log":"|raw|<div class=\"broadcast-red\"><strong>This battle is invite-only!<\/strong><br \/>Users must be rank + or invited with <code>\/invite<\/code> to join<\/div>\n|j|Toxabelle\n|j|OJ did it\n|player|p1|Toxabelle|169\n|teamsize|p1|6\n|player|p2|OJ did it|151\n|teamsize|p2|6\n|gametype|singles\n|gen|7\n|tier|[Gen 7] OU\n|rated|\n|seed|46585,48796,60825,1295\n|rule|Sleep Clause Mod: Limit one foe put to sleep\n|rule|Species Clause: Limit one of each Pok\u00e9mon\n|rule|OHKO Clause: OHKO moves are banned\n|rule|Moody Clause: Moody is banned\n|rule|Evasion Moves Clause: Evasion moves are banned\n|rule|Endless Battle Clause: Forcing endless battles is banned\n|rule|HP Percentage Mod: HP is shown in percentages\n|clearpoke\n|poke|p1|Venusaur, F|item\n|poke|p1|Skarmory, M|item\n|poke|p1|Keldeo-Resolute|item\n|poke|p1|Chansey, F|item\n|poke|p1|Heatran, M|item\n|poke|p1|Bisharp, F|item\n|poke|p2|Araquanid, M|item\n|poke|p2|Pinsir, M|item\n|poke|p2|Tapu Lele|item\n|poke|p2|Kartana|item\n|poke|p2|Landorus-Therian, M|item\n|poke|p2|Greninja, M|item\n|teampreview\n|inactive|Battle timer is ON: inactive players will automatically lose when time's up. (requested by Toxabelle)\n|inactive|OJ did it has 135 seconds left.\n|inactive|Toxabelle has 135 seconds left.\n|inactive|OJ did it has 120 seconds left.\n|choice|team 1, team 2, team 3, team 4, team 5, team 6|team 5, team 2, team 3, team 4, team 1, team 6\n|\n|start\n|switch|p1a: Venusaur|Venusaur, F|363\/363\n|switch|p2a: Landorus|Landorus-Therian, M|319\/319\n|-ability|p2a: Landorus|Intimidate|boost\n|-unboost|p1a: Venusaur|atk|1\n|turn|1\n|choice|switch 2|move stealthrock\n|\n|switch|p1a: Skarmory|Skarmory, M|333\/333\n|move|p2a: Landorus|Stealth Rock|p1a: Skarmory\n|-sidestart|p1: Toxabelle|move: Stealth Rock\n|\n|upkeep\n|turn|2\n|choice|move spikes|move explosion\n|\n|move|p2a: Landorus|Explosion|p1a: Skarmory\n|-enditem|p2a: Landorus|Normal Gem|[from] gem|[move] Explosion\n|-resisted|p1a: Skarmory\n|-damage|p1a: Skarmory|217\/333\n|faint|p2a: Landorus\n|move|p1a: Skarmory|Spikes|p2: Landorus\n|-sidestart|p2: OJ did it|Spikes\n|\n|upkeep\n|choice||switch 6\n|\n|switch|p2a: Greninja|Greninja, M|285\/285\n|-damage|p2a: Greninja|250\/285|[from] Spikes\n|turn|3\n|choice|switch 3|move spikes\n|\n|switch|p1a: Keldeo|Keldeo-Resolute|323\/323\n|-damage|p1a: Keldeo|303\/323|[from] Stealth Rock\n|move|p2a: Greninja|Spikes|p1a: Keldeo\n|-sidestart|p1: Toxabelle|Spikes\n|\n|-heal|p1a: Keldeo|323\/323|[from] item: Leftovers\n|upkeep\n|turn|4\n|choice|switch 3|switch 5\n|\n|switch|p2a: Araquanid|Araquanid, M|303\/303\n|-damage|p2a: Araquanid|266\/303|[from] Spikes\n|switch|p1a: Skarmory|Skarmory, M|217\/333\n|-damage|p1a: Skarmory|176\/333|[from] Stealth Rock\n|\n|upkeep\n|turn|5\n|choice|move roost|move liquidation\n|\n|move|p1a: Skarmory|Roost|p1a: Skarmory\n|-heal|p1a: Skarmory|333\/333\n|move|p2a: Araquanid|Liquidation|p1a: Skarmory\n|-damage|p1a: Skarmory|201\/333\n|-damage|p2a: Araquanid|216\/303|[from] item: Rocky Helmet|[of] p1a: Skarmory\n|\n|upkeep\n|turn|6\n|choice|move roost|switch 4\n|\n|switch|p2a: Kartana|Kartana|259\/259\n|-damage|p2a: Kartana|227\/259|[from] Spikes\n|move|p1a: Skarmory|Roost|p1a: Skarmory\n|-heal|p1a: Skarmory|333\/333\n|\n|upkeep\n|turn|7\n|choice|move whirlwind|move swordsdance\n|\n|move|p2a: Kartana|Swords Dance|p2a: Kartana\n|-boost|p2a: Kartana|atk|2\n|move|p1a: Skarmory|Whirlwind|p2a: Kartana\n|drag|p2a: Tapu Lele|Tapu Lele|281\/281\n|-damage|p2a: Tapu Lele|246\/281|[from] Spikes\n|-fieldstart|move: Psychic Terrain|[from] ability: Psychic Surge|[of] p2a: Tapu Lele\n|\n|upkeep\n|turn|8\n|choice|switch 5|move psychic\n|\n|switch|p1a: Heatran|Heatran, M|386\/386\n|-damage|p1a: Heatran|338\/386|[from] Stealth Rock\n|-damage|p1a: Heatran|290\/386|[from] Spikes\n|move|p2a: Tapu Lele|Psychic|p1a: Heatran\n|-resisted|p1a: Heatran\n|-damage|p1a: Heatran|177\/386\n|\n|-heal|p1a: Heatran|201\/386|[from] item: Leftovers\n|upkeep\n|turn|9\n|choice|move stealthrock|move psychic\n|\n|move|p2a: Tapu Lele|Psychic|p1a: Heatran\n|-resisted|p1a: Heatran\n|-damage|p1a: Heatran|93\/386\n|move|p1a: Heatran|Stealth Rock|p2a: Tapu Lele\n|-sidestart|p2: OJ did it|move: Stealth Rock\n|\n|-heal|p1a: Heatran|117\/386|[from] item: Leftovers\n|upkeep\n|turn|10\n|choice|move lavaplume|move psychic\n|\n|move|p2a: Tapu Lele|Psychic|p1a: Heatran\n|-resisted|p1a: Heatran\n|-damage|p1a: Heatran|6\/386\n|move|p1a: Heatran|Lava Plume|p2a: Tapu Lele\n|-damage|p2a: Tapu Lele|141\/281\n|\n|-heal|p1a: Heatran|30\/386|[from] item: Leftovers\n|upkeep\n|turn|11\n|choice|switch 6|move psychic\n|\n|switch|p1a: Bisharp|Bisharp, F|334\/334\n|-damage|p1a: Bisharp|293\/334|[from] Spikes\n|-damage|p1a: Bisharp|273\/334|[from] Stealth Rock\n|move|p2a: Tapu Lele|Psychic|p1a: Bisharp\n|-immune|p1a: Bisharp|[msg]\n|\n|-heal|p1a: Bisharp|293\/334|[from] item: Leftovers\n|-fieldend|move: Psychic Terrain\n|upkeep\n|turn|12\n|choice|move knockoff|switch 4\n|\n|switch|p2a: Araquanid|Araquanid, M|216\/303\n|-damage|p2a: Araquanid|141\/303|[from] Stealth Rock\n|-damage|p2a: Araquanid|104\/303|[from] Spikes\n|move|p1a: Bisharp|Knock Off|p2a: Araquanid\n|-damage|p2a: Araquanid|0 fnt\n|-enditem|p2a: Araquanid|Focus Sash|[from] move: Knock Off|[of] p1a: Bisharp\n|faint|p2a: Araquanid\n|\n|-heal|p1a: Bisharp|313\/334|[from] item: Leftovers\n|upkeep\n|choice||switch 3\n|\n|switch|p2a: Kartana|Kartana|227\/259\n|-damage|p2a: Kartana|211\/259|[from] Stealth Rock\n|-damage|p2a: Kartana|179\/259|[from] Spikes\n|turn|13\n|choice|switch 2|move sacredsword\n|\n|switch|p1a: Venusaur|Venusaur, F|363\/363\n|-damage|p1a: Venusaur|318\/363|[from] Stealth Rock\n|-damage|p1a: Venusaur|273\/363|[from] Spikes\n|move|p2a: Kartana|Sacred Sword|p1a: Venusaur\n|-resisted|p1a: Venusaur\n|-damage|p1a: Venusaur|216\/363\n|\n|upkeep\n|turn|14\n|choice|move synthesis mega|switch 4\n|\n|switch|p2a: Tapu Lele|Tapu Lele|141\/281\n|-damage|p2a: Tapu Lele|106\/281|[from] Spikes\n|-damage|p2a: Tapu Lele|71\/281|[from] Stealth Rock\n|-fieldstart|move: Psychic Terrain|[from] ability: Psychic Surge|[of] p2a: Tapu Lele\n|-mega|p1a: Venusaur|Venusaur|Venusaurite\n|detailschange|p1a: Venusaur|Venusaur-Mega, F\n|move|p1a: Venusaur|Synthesis|p1a: Venusaur\n|-heal|p1a: Venusaur|363\/363\n|\n|upkeep\n|turn|15\n|inactive|OJ did it has 135 seconds left.\n|choice|switch 6|move focusblast\n|\n|switch|p1a: Heatran|Heatran, M|30\/386\n|-damage|p1a: Heatran|0 fnt|[from] Stealth Rock\n|faint|p1a: Heatran\n|move|p2a: Tapu Lele|Focus Blast|p1: Heatran|[notarget]\n|-notarget\n|\n|upkeep\n|choice|switch 6|\n|\n|switch|p1a: Venusaur|Venusaur-Mega, F|363\/363\n|-damage|p1a: Venusaur|318\/363|[from] Stealth Rock\n|-damage|p1a: Venusaur|273\/363|[from] Spikes\n|turn|16\n|choice|move synthesis|switch 2\n|\n|switch|p2a: Pinsir|Pinsir, M|271\/271\n|-damage|p2a: Pinsir|238\/271|[from] Spikes\n|-damage|p2a: Pinsir|171\/271|[from] Stealth Rock\n|move|p1a: Venusaur|Synthesis|p1a: Venusaur\n|-heal|p1a: Venusaur|363\/363\n|\n|upkeep\n|turn|17\n|choice|switch 5|switch 5\n|\n|switch|p2a: Greninja|Greninja, M|250\/285\n|-damage|p2a: Greninja|215\/285|[from] Stealth Rock\n|-damage|p2a: Greninja|180\/285|[from] Spikes\n|switch|p1a: Skarmory|Skarmory, M|333\/333\n|-damage|p1a: Skarmory|292\/333|[from] Stealth Rock\n|\n|upkeep\n|turn|18\n|choice|switch 3|move darkpulse\n|\n|switch|p1a: Keldeo|Keldeo-Resolute|323\/323\n|-damage|p1a: Keldeo|303\/323|[from] Stealth Rock\n|-damage|p1a: Keldeo|263\/323|[from] Spikes\n|move|p2a: Greninja|Dark Pulse|p1a: Keldeo\n|-resisted|p1a: Keldeo\n|-damage|p1a: Keldeo|167\/323\n|-ability|p1a: Keldeo|Justified|boost\n|-boost|p1a: Keldeo|atk|1\n|\n|-heal|p1a: Keldeo|187\/323|[from] item: Leftovers\n|-fieldend|move: Psychic Terrain\n|upkeep\n|turn|19\n|choice|move secretsword|switch 2\n|\n|switch|p2a: Tapu Lele|Tapu Lele|71\/281\n|-damage|p2a: Tapu Lele|36\/281|[from] Stealth Rock\n|-damage|p2a: Tapu Lele|1\/281|[from] Spikes\n|-fieldstart|move: Psychic Terrain|[from] ability: Psychic Surge|[of] p2a: Tapu Lele\n|move|p1a: Keldeo|Secret Sword|p2a: Tapu Lele\n|-resisted|p2a: Tapu Lele\n|-damage|p2a: Tapu Lele|0 fnt\n|faint|p2a: Tapu Lele\n|\n|-heal|p1a: Keldeo|207\/323|[from] item: Leftovers\n|upkeep\n|inactive|OJ did it has 135 seconds left.\n|choice||switch 4\n|\n|switch|p2a: Kartana|Kartana|179\/259\n|-damage|p2a: Kartana|163\/259|[from] Stealth Rock\n|-damage|p2a: Kartana|131\/259|[from] Spikes\n|turn|20\n|choice|move secretsword|move swordsdance\n|\n|move|p2a: Kartana|Swords Dance|p2a: Kartana\n|-boost|p2a: Kartana|atk|2\n|move|p1a: Keldeo|Secret Sword|p2a: Kartana\n|-supereffective|p2a: Kartana\n|-damage|p2a: Kartana|0 fnt\n|faint|p2a: Kartana\n|\n|-heal|p1a: Keldeo|227\/323|[from] item: Leftovers\n|upkeep\n|choice||switch 5\n|\n|switch|p2a: Pinsir|Pinsir, M|171\/271\n|-damage|p2a: Pinsir|104\/271|[from] Stealth Rock\n|-damage|p2a: Pinsir|71\/271|[from] Spikes\n|turn|21\n|c|\u2606OJ did it|oh okay\n|choice|move scald|move frustration mega\n|\n|-mega|p2a: Pinsir|Pinsir|Pinsirite\n|detailschange|p2a: Pinsir|Pinsir-Mega, M\n|move|p1a: Keldeo|Scald|p2a: Pinsir\n|-damage|p2a: Pinsir|0 fnt\n|faint|p2a: Pinsir\n|\n|-heal|p1a: Keldeo|247\/323|[from] item: Leftovers\n|upkeep\n|c|\u2606Toxabelle|gg\n|choice||switch 2\n|\n|switch|p2a: Greninja|Greninja, M|180\/285\n|-damage|p2a: Greninja|145\/285|[from] Spikes\n|-damage|p2a: Greninja|110\/285|[from] Stealth Rock\n|turn|22\n|c|\u2606OJ did it|you take some interesting risks\n|choice|move secretsword|move darkpulse\n|\n|move|p2a: Greninja|Dark Pulse|p1a: Keldeo\n|-resisted|p1a: Keldeo\n|-damage|p1a: Keldeo|156\/323\n|-ability|p1a: Keldeo|Justified|boost\n|-boost|p1a: Keldeo|atk|1\n|move|p1a: Keldeo|Secret Sword|p2a: Greninja\n|-supereffective|p2a: Greninja\n|-damage|p2a: Greninja|0 fnt\n|faint|p2a: Greninja\n|\n|win|Toxabelle\n|raw|Toxabelle's rating: 1975 &rarr; <strong>1990<\/strong><br \/>(+15 for winning)\n|raw|OJ did it's rating: 1881 &rarr; <strong>1867<\/strong><br \/>(-14 for losing)\n|c|\u2606Toxabelle|secret sword\n|c|\u2606Toxabelle|wasnt a risk\n|c|\u2606OJ did it|if you lost keldeo\n|c|\u2606OJ did it|this put a lot of pressure on you with spikes\n|c|\u2606Toxabelle|?\n|c|\u2606Toxabelle|no\n|c|\u2606OJ did it|if i leaf bladed\n|c|\u2606Toxabelle|i have chansey\n|c|\u2606OJ did it|did your venusaur have hp fire?\n|c|\u2606Toxabelle|yes\n|c|\u2606Toxabelle|+1 kart\n|c|\u2606Toxabelle|better than +2\\\n|c|\u2606OJ did it|thats true I guess\n|c|\u2606OJ did it|gg\n|l|OJ did it\n|c|\u2606Toxabelle|\/log Toxabelle made this room public.","inputlog":null,"uploadtime":1512743520,"views":48,"p1id":"toxabelle","p2id":"ojdidit","formatid":"gen7ou","rating":1867,"private":0,"password":null}