{"id":"gen7uu-821829680","p1":"UUBS Dubster","p2":"Therockcena","format":"gen7uu","log":"|j|\u2606UUBS Dubster\n|j|\u2606Therockcena\n|player|p1|UUBS Dubster|68\n|player|p2|Therockcena|169\n|teamsize|p1|6\n|teamsize|p2|6\n|gametype|singles\n|gen|7\n|tier|[Gen 7] UU\n|rated|\n|html|<div class=\"broadcast-red\"><strong>UU is currently suspecting Bisharp! For information on how to participate check out the <a href=\"https:\/\/www.smogon.com\/forums\/threads\/3642605\/\">suspect thread<\/a>.<\/strong><\/div>\n|rule|Sleep Clause Mod: Limit one foe put to sleep\n|rule|Species Clause: Limit one of each Pok\u00e9mon\n|rule|OHKO Clause: OHKO moves are banned\n|rule|Moody Clause: Moody is banned\n|rule|Evasion Moves Clause: Evasion moves are banned\n|rule|Endless Battle Clause: Forcing endless battles is banned\n|rule|HP Percentage Mod: HP is shown in percentages\n|clearpoke\n|poke|p1|Slowbro, M|item\n|poke|p1|Amoonguss, M|item\n|poke|p1|Bisharp, F|item\n|poke|p1|Mamoswine, M|item\n|poke|p1|Empoleon, M|item\n|poke|p1|Latias, F|item\n|poke|p2|Krookodile, F|item\n|poke|p2|Metagross|item\n|poke|p2|Raikou|item\n|poke|p2|Empoleon, M|item\n|poke|p2|Infernape, F|item\n|poke|p2|Aerodactyl, F|item\n|teampreview\n|inactive|Battle timer is ON: inactive players will automatically lose when time's up. (requested by Therockcena)\n|c|\u2606UUBS Dubster|g\n|c|\u2606UUBS Dubster|l\n|inactive|Therockcena has 120 seconds left.\n|j|+ehT\n|j| Paycard *\n|inactive|Therockcena has 90 seconds left.\n|\n|start\n|switch|p1a: Mamoswine|Mamoswine, M|100\/100\n|switch|p2a: Empoleon|Empoleon, M|100\/100\n|turn|1\n|c|\u2606UUBS Dubster|yo pc and eht\n|c|+ehT|h\n|\n|move|p1a: Mamoswine|Stealth Rock|p2a: Empoleon\n|-sidestart|p2: Therockcena|move: Stealth Rock\n|move|p2a: Empoleon|Stealth Rock|p1a: Mamoswine\n|-sidestart|p1: UUBS Dubster|move: Stealth Rock\n|\n|upkeep\n|turn|2\n|c|\u2606UUBS Dubster|shuca aint it\n|\n|switch|p2a: Aerodactyl|Aerodactyl, F|100\/100\n|-damage|p2a: Aerodactyl|76\/100|[from] Stealth Rock\n|move|p1a: Mamoswine|Icicle Crash|p2a: Aerodactyl\n|-supereffective|p2a: Aerodactyl\n|-damage|p2a: Aerodactyl|0 fnt\n|-damage|p1a: Mamoswine|91\/100|[from] item: Life Orb\n|faint|p2a: Aerodactyl\n|\n|upkeep\n|\n|switch|p2a: Infernape|Infernape, F|100\/100\n|-damage|p2a: Infernape|88\/100|[from] Stealth Rock\n|turn|3\n|c|\u2606UUBS Dubster|sksksksk\n|\n|switch|p1a: Slowbro|Slowbro, M|100\/100\n|-damage|p1a: Slowbro|88\/100|[from] Stealth Rock\n|move|p2a: Infernape|Flamethrower|p1a: Slowbro\n|-resisted|p1a: Slowbro\n|-damage|p1a: Slowbro|65\/100\n|-damage|p2a: Infernape|78\/100|[from] item: Life Orb\n|\n|upkeep\n|turn|4\n|\n|switch|p1a: Latias|Latias, F|100\/100\n|-damage|p1a: Latias|88\/100|[from] Stealth Rock\n|move|p2a: Infernape|Grass Knot|p1a: Latias\n|-resisted|p1a: Latias\n|-damage|p1a: Latias|78\/100\n|-damage|p2a: Infernape|69\/100|[from] item: Life Orb\n|\n|upkeep\n|turn|5\n|\n|switch|p1a: Mamoswine|Mamoswine, M|91\/100\n|-damage|p1a: Mamoswine|78\/100|[from] Stealth Rock\n|switch|p2a: Empoleon|Empoleon, M|100\/100\n|-damage|p2a: Empoleon|94\/100|[from] Stealth Rock\n|\n|-heal|p2a: Empoleon|100\/100|[from] item: Leftovers\n|upkeep\n|turn|6\n|\n|move|p1a: Mamoswine|Earthquake|p2a: Empoleon\n|-supereffective|p2a: Empoleon\n|-damage|p2a: Empoleon|0 fnt\n|-damage|p1a: Mamoswine|68\/100|[from] item: Life Orb\n|faint|p2a: Empoleon\n|\n|upkeep\n|\n|switch|p2a: Infernape|Infernape, F|69\/100\n|-damage|p2a: Infernape|56\/100|[from] Stealth Rock\n|turn|7\n|\n|switch|p1a: Latias|Latias, F|78\/100\n|-damage|p1a: Latias|66\/100|[from] Stealth Rock\n|move|p2a: Infernape|Flamethrower|p1a: Latias\n|-resisted|p1a: Latias\n|-damage|p1a: Latias|45\/100\n|-damage|p2a: Infernape|46\/100|[from] item: Life Orb\n|\n|upkeep\n|turn|8\n|c|\u2606UUBS Dubster|LO infernape hits hard\n|c|\u2606UUBS Dubster|gah damn\n|\n|move|p1a: Latias|Roost|p1a: Latias\n|-heal|p1a: Latias|95\/100\n|move|p2a: Infernape|Close Combat|p1a: Latias\n|-resisted|p1a: Latias\n|-damage|p1a: Latias|58\/100\n|-unboost|p2a: Infernape|def|1\n|-unboost|p2a: Infernape|spd|1\n|-damage|p2a: Infernape|37\/100|[from] item: Life Orb\n|\n|upkeep\n|turn|9\n|\n|move|p1a: Latias|Psyshock|p2a: Infernape\n|-supereffective|p2a: Infernape\n|-damage|p2a: Infernape|0 fnt\n|faint|p2a: Infernape\n|\n|upkeep\n|\n|switch|p2a: Metagross|Metagross|100\/100\n|-damage|p2a: Metagross|94\/100|[from] Stealth Rock\n|turn|10\n|\n|switch|p1a: Slowbro|Slowbro, M|98\/100\n|-damage|p1a: Slowbro|86\/100|[from] Stealth Rock\n|move|p2a: Metagross|Agility|p2a: Metagross\n|-boost|p2a: Metagross|spe|2\n|\n|upkeep\n|turn|11\n|\n|switch|p2a: Raikou|Raikou|100\/100\n|-damage|p2a: Raikou|88\/100|[from] Stealth Rock\n|move|p1a: Slowbro|Scald|p2a: Raikou\n|-damage|p2a: Raikou|58\/100\n|\n|-heal|p2a: Raikou|64\/100|[from] item: Leftovers\n|upkeep\n|turn|12\n|-message|Therockcena forfeited.\n|\n|win|UUBS Dubster\n|l|\u2606Therockcena\n|raw|UUBS Dubster's rating: 1214 &rarr; <strong>1234<\/strong><br \/>(+20 for winning)\n|raw|Therockcena's rating: 1136 &rarr; <strong>1116<\/strong><br \/>(-20 for losing)\n|c|\u2606UUBS Dubster|k\n|c|\u2606UUBS Dubster|gg?\n|l| Paycard *\n","uploadtime":1539816529,"views":7,"p1id":"uubsdubster","p2id":"therockcena","formatid":"gen7uu","rating":1116,"private":0,"password":null}