{"id":"gen7ou-576051462","p1":"Akaru Kokuyo","p2":"jly8","format":"gen7ou","log":"|j|Akaru Kokuyo\n|j|jly8\n|player|p1|Akaru Kokuyo|285\n|player|p2|jly8|80\n|gametype|singles\n|gen|7\n|tier|[Gen 7] OU\n|seed|63702,49763,11882,13912\n|clearpoke\n|poke|p1|Tornadus-Therian, M|item\n|poke|p1|Scizor, F|item\n|poke|p1|Greninja, M|item\n|poke|p1|Tangrowth, M|item\n|poke|p1|Mew|item\n|poke|p1|Garchomp, M|item\n|poke|p2|Medicham, F|item\n|poke|p2|Magnezone|item\n|poke|p2|Mimikyu, M|item\n|poke|p2|Chansey, F|item\n|poke|p2|Landorus-Therian, M|item\n|poke|p2|Tapu Fini|item\n|rule|Baton Pass Clause: Limit one Baton Passer, can't pass Spe and other stats simultaneously\n|rule|Sleep Clause Mod: Limit one foe put to sleep\n|rule|Species Clause: Limit one of each Pok\u00e9mon\n|rule|OHKO Clause: OHKO moves are banned\n|rule|Moody Clause: Moody is banned\n|rule|Evasion Moves Clause: Evasion moves are banned\n|rule|Endless Battle Clause: Forcing endless battles is banned\n|rule|HP Percentage Mod: HP is shown in percentages\n|teampreview\n|c|\u2606Akaru Kokuyo|gl\n|j|Ondaya79\n|j|PrincessDaisy1\n|choice|team 1, team 2, team 3, team 4, team 5, team 6|team 1, team 2, team 3, team 4, team 5, team 6\n|\n|start\n|switch|p1a: Tornadus|Tornadus-Therian, M|299\/299\n|switch|p2a: Medicham|Medicham, F|261\/261\n|turn|1\n|c|\u2606Akaru Kokuyo|gotta love chansey offenses\n|c| Ondaya79|Venga Jly \/._.\/\n|choice|move uturn|move fakeout mega\n|\n|detailschange|p2a: Medicham|Medicham-Mega, F\n|-mega|p2a: Medicham|Medicham|Medichamite\n|move|p2a: Medicham|Fake Out|p1a: Tornadus\n|-damage|p1a: Tornadus|209\/299\n|cant|p1a: Tornadus|flinch\n|\n|upkeep\n|turn|2\n|c| PrincessDaisy1|vamos liz\n|choice|move uturn|switch 5\n|\n|switch|p2a: Landorus|Landorus-Therian, M|381\/381\n|-ability|p2a: Landorus|Intimidate|boost\n|-unboost|p1a: Tornadus|atk|1\n|move|p1a: Tornadus|U-turn|p2a: Landorus\n|-resisted|p2a: Landorus\n|-damage|p2a: Landorus|364\/381\n|-damage|p1a: Tornadus|160\/299|[from] item: Rocky Helmet|[of] p2a: Landorus\n|-damage|p1a: Tornadus|131\/299|[from] item: Life Orb\n|choice|switch 3|\n|\n|switch|p1a: Greninja|Greninja, M|285\/285\n|\n|upkeep\n|turn|3\n|c| Ondaya79|Princess , quien es este puto xD\n|choice|move spikes|switch 4\n|\n|switch|p2a: Chansey|Chansey, F|703\/703\n|move|p1a: Greninja|Spikes|p2a: Chansey\n|-sidestart|p2: jly8|Spikes\n|\n|upkeep\n|turn|4\n|c| PrincessDaisy1|soy un amigo de liz\n|j|TestNest12\n|choice|switch 2|move toxic\n|\n|switch|p1a: Scizor|Scizor, F|343\/343\n|move|p2a: Chansey|Toxic|p1a: Scizor\n|-immune|p1a: Scizor|[msg]\n|\n|upkeep\n|turn|5\n|choice|move uturn mega|switch 2\n|\n|switch|p2a: Magnezone|Magnezone|281\/281\n|-damage|p2a: Magnezone|246\/281|[from] spikes\n|detailschange|p1a: Scizor|Scizor-Mega, F\n|-mega|p1a: Scizor|Scizor|Scizorite\n|move|p1a: Scizor|U-turn|p2a: Magnezone\n|-resisted|p2a: Magnezone\n|-damage|p2a: Magnezone|190\/281\n|c| Ondaya79|Se nota que te gusta el pene\n|choice|switch 3|\n|\n|switch|p1a: Tornadus|Tornadus-Therian, M|230\/299\n|\n|upkeep\n|turn|6\n|choice|switch 6|move voltswitch\n|\n|switch|p1a: Garchomp|Garchomp, M|357\/357\n|move|p2a: Magnezone|Volt Switch|p1a: Garchomp\n|-immune|p1a: Garchomp|[msg]\n|\n|upkeep\n|turn|7\n|j|Rene1234567\n|choice|switch 2|switch 4\n|\n|switch|p1a: Greninja|Greninja, M|285\/285\n|switch|p2a: Landorus|Landorus-Therian, M|364\/381\n|-ability|p2a: Landorus|Intimidate|boost\n|-unboost|p1a: Greninja|atk|1\n|\n|upkeep\n|turn|8\n|j|Alexis14\n|choice|move hydropump|move stealthrock\n|\n|move|p1a: Greninja|Hydro Pump|p2a: Landorus\n|-supereffective|p2a: Landorus\n|-damage|p2a: Landorus|0 fnt\n|faint|p2a: Landorus\n|-activate|p1a: Greninja|ability: Battle Bond\n|detailschange|p1a: Greninja|Greninja-Ash, M\n|\n|upkeep\n|c| PrincessDaisy1|bien liz\n|l|Alexis14\n|choice||switch 3\n|\n|switch|p2a: Mimikyu|Mimikyu, M|251\/251\n|-damage|p2a: Mimikyu|220\/251|[from] spikes\n|turn|9\n|choice|switch 3|switch 4\n|\n|switch|p1a: Scizor|Scizor-Mega, F|343\/343\n|switch|p2a: Magnezone|Magnezone|190\/281\n|-damage|p2a: Magnezone|155\/281|[from] spikes\n|\n|upkeep\n|turn|10\n|c| Ondaya79|B  de putos los de\n|choice|move uturn|move hiddenpower\n|\n|move|p2a: Magnezone|Hidden Power|p1a: Scizor\n|-supereffective|p1a: Scizor\n|-damage|p1a: Scizor|0 fnt\n|faint|p1a: Scizor\n|\n|upkeep\n|choice|switch 5|\n|\n|switch|p1a: Mew|Mew|403\/403\n|turn|11\n|c| Ondaya79|Que predict\n|choice|move knockoff|switch 4\n|\n|switch|p2a: Mimikyu|Mimikyu, M|220\/251\n|-damage|p2a: Mimikyu|189\/251|[from] spikes\n|move|p1a: Mew|Knock Off|p2a: Mimikyu\n|-activate|p2a: Mimikyu|ability: Disguise\n|-damage|p2a: Mimikyu|189\/251\n|detailschange|p2a: Mimikyu|Mimikyu-Busted, M\n|\n|upkeep\n|turn|12\n|c| Ondaya79|Me lo cog\u00ed\n|choice|move willowisp|move swordsdance\n|\n|move|p2a: Mimikyu|Swords Dance|p2a: Mimikyu\n|-boost|p2a: Mimikyu|atk|2\n|move|p1a: Mew|Will-O-Wisp|p2a: Mimikyu\n|-status|p2a: Mimikyu|brn\n|\n|-damage|p2a: Mimikyu|174\/251 brn|[from] brn\n|upkeep\n|turn|13\n|choice|switch 3|move swordsdance\n|\n|switch|p1a: Greninja|Greninja-Ash, M|285\/285\n|move|p2a: Mimikyu|Swords Dance|p2a: Mimikyu\n|-boost|p2a: Mimikyu|atk|2\n|\n|-damage|p2a: Mimikyu|159\/251 brn|[from] brn\n|upkeep\n|turn|14\n|choice|move darkpulse|move playrough\n|\n|move|p1a: Greninja|Dark Pulse|p2a: Mimikyu\n|-damage|p2a: Mimikyu|0 fnt\n|faint|p2a: Mimikyu\n|\n|upkeep\n|choice||switch 2\n|\n|switch|p2a: Chansey|Chansey, F|703\/703\n|-damage|p2a: Chansey|616\/703|[from] spikes\n|turn|15\n|choice|switch 4|move toxic\n|\n|switch|p1a: Tangrowth|Tangrowth, M|404\/404\n|move|p2a: Chansey|Toxic|p1a: Tangrowth\n|-status|p1a: Tangrowth|tox\n|\n|-damage|p1a: Tangrowth|379\/404 tox|[from] psn\n|upkeep\n|turn|16\n|choice|move knockoff|switch 5\n|\n|switch|p2a: Medicham|Medicham-Mega, F|261\/261\n|-damage|p2a: Medicham|229\/261|[from] spikes\n|move|p1a: Tangrowth|Knock Off|p2a: Medicham\n|-damage|p2a: Medicham|171\/261\n|\n|-damage|p1a: Tangrowth|329\/404 tox|[from] psn\n|upkeep\n|turn|17\n|l|TestNest12\n|choice|switch 3|move highjumpkick\n|\n|switch|p1a: Mew|Mew|403\/403\n|move|p2a: Medicham|High Jump Kick|p1a: Mew\n|-resisted|p1a: Mew\n|-damage|p1a: Mew|265\/403\n|\n|-heal|p1a: Mew|290\/403|[from] item: Leftovers\n|upkeep\n|turn|18\n|choice|move knockoff|switch 4\n|\n|switch|p2a: Magnezone|Magnezone|155\/281\n|-damage|p2a: Magnezone|120\/281|[from] spikes\n|move|p1a: Mew|Knock Off|p2a: Magnezone\n|-damage|p2a: Magnezone|49\/281\n|-enditem|p2a: Magnezone|Choice Specs|[from] move: Knock Off|[of] p1a: Mew\n|\n|-heal|p1a: Mew|315\/403|[from] item: Leftovers\n|upkeep\n|turn|19\n|choice|move knockoff|move flashcannon\n|\n|move|p1a: Mew|Knock Off|p2a: Magnezone\n|-damage|p2a: Magnezone|3\/281\n|move|p2a: Magnezone|Flash Cannon|p1a: Mew\n|-damage|p1a: Mew|179\/403\n|\n|-heal|p1a: Mew|204\/403|[from] item: Leftovers\n|upkeep\n|turn|20\n|choice|move knockoff|move flashcannon\n|\n|move|p1a: Mew|Knock Off|p2a: Magnezone\n|-damage|p2a: Magnezone|0 fnt\n|faint|p2a: Magnezone\n|\n|-heal|p1a: Mew|229\/403|[from] item: Leftovers\n|upkeep\n|choice||switch 4\n|\n|switch|p2a: Medicham|Medicham-Mega, F|171\/261\n|-damage|p2a: Medicham|139\/261|[from] spikes\n|turn|21\n|choice|switch 2|move fakeout\n|\n|switch|p1a: Garchomp|Garchomp, M|357\/357\n|move|p2a: Medicham|Fake Out|p1a: Garchomp\n|-damage|p1a: Garchomp|276\/357\n|-damage|p2a: Medicham|107\/261|[from] ability: Rough Skin|[of] p1a: Garchomp\n|\n|upkeep\n|turn|22\n|choice|move earthquake|switch 5\n|\n|switch|p2a: Chansey|Chansey, F|616\/703\n|-damage|p2a: Chansey|529\/703|[from] spikes\n|move|p1a: Garchomp|Earthquake|p2a: Chansey\n|-damage|p2a: Chansey|312\/703\n|\n|upkeep\n|turn|23\n|choice|switch 3|move softboiled\n|\n|switch|p1a: Tangrowth|Tangrowth, M|404\/404 tox\n|move|p2a: Chansey|Soft-Boiled|p2a: Chansey\n|-heal|p2a: Chansey|664\/703\n|\n|-damage|p1a: Tangrowth|379\/404 tox|[from] psn\n|upkeep\n|turn|24\n|choice|move knockoff|move seismictoss\n|\n|move|p2a: Chansey|Seismic Toss|p1a: Tangrowth\n|-damage|p1a: Tangrowth|279\/404 tox\n|move|p1a: Tangrowth|Knock Off|p2a: Chansey\n|-damage|p2a: Chansey|564\/703\n|-enditem|p2a: Chansey|Eviolite|[from] move: Knock Off|[of] p1a: Tangrowth\n|\n|-damage|p1a: Tangrowth|229\/404 tox|[from] psn\n|upkeep\n|turn|25\n|j|Alexis14\n|choice|switch 6|move toxic\n|\n|switch|p1a: Tornadus|Tornadus-Therian, M|299\/299\n|move|p2a: Chansey|Toxic|p1a: Tornadus\n|-status|p1a: Tornadus|tox\n|\n|-damage|p1a: Tornadus|281\/299 tox|[from] psn\n|upkeep\n|turn|26\n|choice|move hurricane|move softboiled\n|\n|move|p1a: Tornadus|Hurricane|p2a: Chansey\n|-crit|p2a: Chansey\n|-damage|p2a: Chansey|248\/703\n|-start|p2a: Chansey|confusion\n|-damage|p1a: Tornadus|252\/299 tox|[from] item: Life Orb\n|-activate|p2a: Chansey|confusion\n|-damage|p2a: Chansey|236\/703|[from] confusion\n|\n|-damage|p1a: Tornadus|216\/299 tox|[from] psn\n|upkeep\n|turn|27\n|choice|move taunt|move softboiled\n|\n|move|p1a: Tornadus|Taunt|p2a: Chansey\n|-start|p2a: Chansey|move: Taunt\n|cant|p2a: Chansey|move: Taunt|Soft-Boiled\n|\n|-damage|p1a: Tornadus|162\/299 tox|[from] psn\n|upkeep\n|turn|28\n|choice|move uturn|move seismictoss\n|\n|move|p1a: Tornadus|U-turn|p2a: Chansey\n|-damage|p2a: Chansey|105\/703\n|-damage|p1a: Tornadus|133\/299 tox|[from] item: Life Orb\n|choice|switch 4|\n|\n|switch|p1a: Greninja|Greninja-Ash, M|285\/285\n|-activate|p2a: Chansey|confusion\n|-damage|p2a: Chansey|94\/703|[from] confusion\n|\n|upkeep\n|turn|29\n|choice|move darkpulse|move seismictoss\n|\n|move|p1a: Greninja|Dark Pulse|p2a: Chansey\n|-damage|p2a: Chansey|0 fnt\n|faint|p2a: Chansey\n|\n|upkeep\n|choice||switch 6\n|\n|switch|p2a: Tapu Fini|Tapu Fini|343\/343\n|-damage|p2a: Tapu Fini|301\/343|[from] spikes\n|-fieldstart|move: Misty Terrain|[from] ability: Misty Surge|[of] p2a: Tapu Fini\n|turn|30\n|choice|switch 2|move naturesmadness\n|\n|switch|p1a: Mew|Mew|229\/403\n|move|p2a: Tapu Fini|Nature's Madness|p1a: Mew\n|-damage|p1a: Mew|115\/403\n|\n|-heal|p1a: Mew|140\/403|[from] item: Leftovers\n|-heal|p2a: Tapu Fini|322\/343|[from] item: Leftovers\n|upkeep\n|turn|31\n|choice|move knockoff|move moonblast\n|\n|move|p1a: Mew|Knock Off|p2a: Tapu Fini\n|-resisted|p2a: Tapu Fini\n|-damage|p2a: Tapu Fini|291\/343\n|-enditem|p2a: Tapu Fini|Leftovers|[from] move: Knock Off|[of] p1a: Mew\n|move|p2a: Tapu Fini|Moonblast|p1a: Mew\n|-damage|p1a: Mew|32\/403\n|-unboost|p1a: Mew|spa|1\n|\n|-heal|p1a: Mew|57\/403|[from] item: Leftovers\n|upkeep\n|turn|32\n|c| Ondaya79|Que pendejo :v\n|choice|move softboiled|move moonblast\n|\n|move|p1a: Mew|Soft-Boiled|p1a: Mew\n|-heal|p1a: Mew|259\/403\n|move|p2a: Tapu Fini|Moonblast|p1a: Mew\n|-damage|p1a: Mew|150\/403\n|-unboost|p1a: Mew|spa|1\n|\n|-heal|p1a: Mew|175\/403|[from] item: Leftovers\n|upkeep\n|turn|33\n|choice|move softboiled|move naturesmadness\n|\n|move|p1a: Mew|Soft-Boiled|p1a: Mew\n|-heal|p1a: Mew|377\/403\n|move|p2a: Tapu Fini|Nature's Madness|p1a: Mew|[miss]\n|-miss|p2a: Tapu Fini|p1a: Mew\n|\n|-heal|p1a: Mew|402\/403|[from] item: Leftovers\n|upkeep\n|turn|34\n|c| Ondaya79|Dale run\n|c| Ondaya79|A la vida\n|choice|move knockoff|move naturesmadness\n|\n|move|p1a: Mew|Knock Off|p2a: Tapu Fini\n|-resisted|p2a: Tapu Fini\n|-damage|p2a: Tapu Fini|271\/343\n|move|p2a: Tapu Fini|Nature's Madness|p1a: Mew|[miss]\n|-miss|p2a: Tapu Fini|p1a: Mew\n|\n|-heal|p1a: Mew|403\/403|[from] item: Leftovers\n|-fieldend|Misty Terrain\n|upkeep\n|turn|35\n|choice|move willowisp|move naturesmadness\n|\n|move|p1a: Mew|Will-O-Wisp|p2a: Tapu Fini|[miss]\n|-miss|p1a: Mew|p2a: Tapu Fini\n|move|p2a: Tapu Fini|Nature's Madness|p1a: Mew\n|-damage|p1a: Mew|202\/403\n|\n|-heal|p1a: Mew|227\/403|[from] item: Leftovers\n|upkeep\n|turn|36\n|choice|move willowisp|move naturesmadness\n|\n|move|p1a: Mew|Will-O-Wisp|p2a: Tapu Fini\n|-status|p2a: Tapu Fini|brn\n|move|p2a: Tapu Fini|Nature's Madness|p1a: Mew\n|-damage|p1a: Mew|114\/403\n|\n|-heal|p1a: Mew|139\/403|[from] item: Leftovers\n|-damage|p2a: Tapu Fini|250\/343 brn|[from] brn\n|upkeep\n|turn|37\n|l|Rene1234567\n|choice|move softboiled|move naturesmadness\n|\n|move|p1a: Mew|Soft-Boiled|p1a: Mew\n|-heal|p1a: Mew|341\/403\n|move|p2a: Tapu Fini|Nature's Madness|p1a: Mew\n|-damage|p1a: Mew|171\/403\n|\n|-heal|p1a: Mew|196\/403|[from] item: Leftovers\n|-damage|p2a: Tapu Fini|229\/343 brn|[from] brn\n|upkeep\n|turn|38\n|choice|move knockoff|move naturesmadness\n|\n|move|p1a: Mew|Knock Off|p2a: Tapu Fini\n|-resisted|p2a: Tapu Fini\n|-damage|p2a: Tapu Fini|211\/343 brn\n|move|p2a: Tapu Fini|Nature's Madness|p1a: Mew\n|-damage|p1a: Mew|98\/403\n|\n|-heal|p1a: Mew|123\/403|[from] item: Leftovers\n|-damage|p2a: Tapu Fini|190\/343 brn|[from] brn\n|upkeep\n|turn|39\n|choice|move softboiled|move taunt\n|\n|move|p1a: Mew|Soft-Boiled|p1a: Mew\n|-heal|p1a: Mew|325\/403\n|move|p2a: Tapu Fini|Taunt|p1a: Mew\n|-start|p1a: Mew|move: Taunt\n|\n|-heal|p1a: Mew|350\/403|[from] item: Leftovers\n|-damage|p2a: Tapu Fini|169\/343 brn|[from] brn\n|upkeep\n|turn|40\n|choice|switch 4|move naturesmadness\n|\n|switch|p1a: Tornadus|Tornadus-Therian, M|232\/299 tox\n|move|p2a: Tapu Fini|Nature's Madness|p1a: Tornadus|[miss]\n|-miss|p2a: Tapu Fini|p1a: Tornadus\n|\n|-damage|p1a: Tornadus|214\/299 tox|[from] psn\n|-damage|p2a: Tapu Fini|148\/343 brn|[from] brn\n|upkeep\n|turn|41\n|choice|move hurricane|move moonblast\n|\n|move|p1a: Tornadus|Hurricane|p2a: Tapu Fini\n|-damage|p2a: Tapu Fini|0 fnt\n|-damage|p1a: Tornadus|185\/299 tox|[from] item: Life Orb\n|faint|p2a: Tapu Fini\n|\n|-damage|p1a: Tornadus|149\/299 tox|[from] psn\n|upkeep\n|choice||switch 5\n|\n|switch|p2a: Medicham|Medicham-Mega, F|107\/261\n|-damage|p2a: Medicham|75\/261|[from] spikes\n|turn|42\n|choice|move uturn|move highjumpkick\n|\n|move|p1a: Tornadus|U-turn|p2a: Medicham\n|-crit|p2a: Medicham\n|-damage|p2a: Medicham|0 fnt\n|-damage|p1a: Tornadus|120\/299 tox|[from] item: Life Orb\n|faint|p2a: Medicham\n|\n|win|Akaru Kokuyo\n|c|\u2606Akaru Kokuyo|gg. sry por el confuse pero terminaba winneando xd\n|l|jly8","inputlog":null,"uploadtime":1494734124,"views":50,"p1id":"akarukokuyo","p2id":"jly8","formatid":"gen7ou","rating":0,"private":0,"password":null}