{"id":"gen7ou-746430587","p1":"OGamer289","p2":"DarkGhostPoison","format":"gen7ou","log":"|j|\u2606OGamer289\n|j|\u2606DarkGhostPoison\n|player|p1|OGamer289|153\n|player|p2|DarkGhostPoison|66\n|teamsize|p1|6\n|teamsize|p2|6\n|gametype|singles\n|gen|7\n|tier|[Gen 7] OU\n|rated|\n|rule|Sleep Clause Mod: Limit one foe put to sleep\n|rule|Species Clause: Limit one of each Pok\u00e9mon\n|rule|OHKO Clause: OHKO moves are banned\n|rule|Moody Clause: Moody is banned\n|rule|Evasion Moves Clause: Evasion moves are banned\n|rule|Endless Battle Clause: Forcing endless battles is banned\n|rule|HP Percentage Mod: HP is shown in percentages\n|clearpoke\n|poke|p1|Zapdos|item\n|poke|p1|Greninja, M|item\n|poke|p1|Heracross, M|item\n|poke|p1|Tapu Bulu|item\n|poke|p1|Jirachi|item\n|poke|p1|Kyurem-Black|item\n|poke|p2|Umbreon, F|item\n|poke|p2|Persian-Alola, M|item\n|poke|p2|Gyarados, F|item\n|poke|p2|Marowak-Alola, F|item\n|poke|p2|Scolipede, M|item\n|poke|p2|Honchkrow, M|item\n|teampreview\n|inactive|Battle timer is ON: inactive players will automatically lose when time's up. (requested by DarkGhostPoison)\n|\n|start\n|switch|p1a: Einen Stern|Jirachi|100\/100\n|switch|p2a: Persian|Persian-Alola, M|100\/100\n|turn|1\n|\n|move|p2a: Persian|Fake Out|p1a: Einen Stern\n|-resisted|p1a: Einen Stern\n|-damage|p1a: Einen Stern|98\/100\n|cant|p1a: Einen Stern|flinch\n|\n|upkeep\n|turn|2\n|inactive|DarkGhostPoison has 135 seconds left.\n|\n|move|p1a: Einen Stern|Stealth Rock|p2a: Persian\n|-sidestart|p2: DarkGhostPoison|move: Stealth Rock\n|move|p2a: Persian|Foul Play|p1a: Einen Stern\n|-supereffective|p1a: Einen Stern\n|-damage|p1a: Einen Stern|13\/100\n|-enditem|p1a: Einen Stern|Sitrus Berry|[eat]\n|-heal|p1a: Einen Stern|38\/100|[from] item: Sitrus Berry\n|\n|upkeep\n|turn|3\n|\n|move|p1a: Einen Stern|U-turn|p2a: Persian\n|-supereffective|p2a: Persian\n|-damage|p2a: Persian|81\/100\n|\n|switch|p1a: Hirsch|Heracross, M|100\/100\n|move|p2a: Persian|Foul Play|p1a: Hirsch\n|-resisted|p1a: Hirsch\n|-damage|p1a: Hirsch|66\/100\n|\n|-heal|p2a: Persian|87\/100|[from] item: Leftovers\n|upkeep\n|turn|4\n|\n|-mega|p1a: Hirsch|Heracross|Heracronite\n|detailschange|p1a: Hirsch|Heracross-Mega, M\n|move|p2a: Persian|Parting Shot|p1a: Hirsch\n|-unboost|p1a: Hirsch|atk|1\n|-unboost|p1a: Hirsch|spa|1\n|\n|switch|p2a: Gyarados|Gyarados, F|100\/100\n|-damage|p2a: Gyarados|76\/100|[from] Stealth Rock\n|-ability|p2a: Gyarados|Intimidate|boost\n|-unboost|p1a: Hirsch|atk|1\n|move|p1a: Hirsch|Close Combat|p2a: Gyarados\n|-resisted|p2a: Gyarados\n|-damage|p2a: Gyarados|47\/100\n|-unboost|p1a: Hirsch|def|1\n|-unboost|p1a: Hirsch|spd|1\n|\n|upkeep\n|turn|5\n|\n|switch|p1a: Zapdose|Zapdos|100\/100\n|move|p2a: Gyarados|Dragon Dance|p2a: Gyarados\n|-boost|p2a: Gyarados|atk|1\n|-boost|p2a: Gyarados|spe|1\n|\n|upkeep\n|turn|6\n|\n|-mega|p2a: Gyarados|Gyarados|Gyaradosite\n|detailschange|p2a: Gyarados|Gyarados-Mega, F\n|-ability|p2a: Gyarados|Mold Breaker\n|move|p2a: Gyarados|Waterfall|p1a: Zapdose\n|-damage|p1a: Zapdose|47\/100\n|move|p1a: Zapdose|Thunderbolt|p2a: Gyarados\n|-supereffective|p2a: Gyarados\n|-crit|p2a: Gyarados\n|-damage|p2a: Gyarados|0 fnt\n|faint|p2a: Gyarados\n|\n|-heal|p1a: Zapdose|53\/100|[from] item: Leftovers\n|upkeep\n|inactive|DarkGhostPoison has 135 seconds left.\n|\n|switch|p2a: Persian|Persian-Alola, M|87\/100\n|-damage|p2a: Persian|75\/100|[from] Stealth Rock\n|turn|7\n|\n|move|p2a: Persian|Parting Shot|p1a: Zapdose\n|-unboost|p1a: Zapdose|atk|1\n|-unboost|p1a: Zapdose|spa|1\n|\n|switch|p2a: Umbreon|Umbreon, F|100\/100\n|-damage|p2a: Umbreon|88\/100|[from] Stealth Rock\n|move|p1a: Zapdose|Thunderbolt|p2a: Umbreon\n|-damage|p2a: Umbreon|74\/100\n|\n|-heal|p1a: Zapdose|59\/100|[from] item: Leftovers\n|-heal|p2a: Umbreon|80\/100|[from] item: Leftovers\n|upkeep\n|turn|8\n|\n|switch|p1a: Hirsch|Heracross-Mega, M|66\/100\n|move|p2a: Umbreon|Wish|p2a: Umbreon\n|\n|-heal|p2a: Umbreon|87\/100|[from] item: Leftovers\n|upkeep\n|turn|9\n|\n|switch|p2a: Honchkrow|Honchkrow, M|100\/100\n|-damage|p2a: Honchkrow|76\/100|[from] Stealth Rock\n|move|p1a: Hirsch|Rock Blast|p2a: Honchkrow\n|-supereffective|p2a: Honchkrow\n|-damage|p2a: Honchkrow|33\/100\n|-supereffective|p2a: Honchkrow\n|-damage|p2a: Honchkrow|0 fnt\n|-hitcount|p2a: Honchkrow|2\n|faint|p2a: Honchkrow\n|\n|upkeep\n|\n|switch|p2a: Persian|Persian-Alola, M|75\/100\n|-damage|p2a: Persian|63\/100|[from] Stealth Rock\n|turn|10\n|\n|move|p2a: Persian|Foul Play|p1a: Hirsch\n|-resisted|p1a: Hirsch\n|-damage|p1a: Hirsch|34\/100\n|move|p1a: Hirsch|Close Combat|p2a: Persian\n|-supereffective|p2a: Persian\n|-damage|p2a: Persian|0 fnt\n|-unboost|p1a: Hirsch|def|1\n|-unboost|p1a: Hirsch|spd|1\n|faint|p2a: Persian\n|\n|upkeep\n|\n|switch|p2a: Scolipede|Scolipede, M|100\/100\n|-damage|p2a: Scolipede|76\/100|[from] Stealth Rock\n|turn|11\n|\n|switch|p1a: Black|Kyurem-Black, shiny|100\/100\n|-ability|p1a: Black|Teravolt\n|move|p2a: Scolipede|Swords Dance|p2a: Scolipede\n|-boost|p2a: Scolipede|atk|2\n|\n|-ability|p2a: Scolipede|Speed Boost|boost\n|-boost|p2a: Scolipede|spe|1\n|upkeep\n|turn|12\n|\n|move|p2a: Scolipede|Poison Jab|p1a: Black\n|-damage|p1a: Black|37\/100\n|-status|p1a: Black|psn\n|move|p1a: Black|Earth Power|p2a: Scolipede\n|-damage|p2a: Scolipede|30\/100\n|\n|-damage|p1a: Black|24\/100 psn|[from] psn\n|-ability|p2a: Scolipede|Speed Boost|boost\n|-boost|p2a: Scolipede|spe|1\n|upkeep\n|turn|13\n|\n|move|p2a: Scolipede|Poison Jab|p1a: Black\n|-damage|p1a: Black|0 fnt\n|faint|p1a: Black\n|\n|-ability|p2a: Scolipede|Speed Boost|boost\n|-boost|p2a: Scolipede|spe|1\n|upkeep\n|\n|switch|p1a: Zapdose|Zapdos|59\/100\n|turn|14\n|\n|-zpower|p2a: Scolipede\n|move|p2a: Scolipede|Hydro Vortex|p1a: Zapdose|[zeffect]\n|-damage|p1a: Zapdose|0 fnt\n|faint|p1a: Zapdose\n|\n|-ability|p2a: Scolipede|Speed Boost|boost\n|-boost|p2a: Scolipede|spe|1\n|upkeep\n|inactive|OGamer289 has 135 seconds left.\n|\n|switch|p1a: Einen Stern|Jirachi|38\/100\n|turn|15\n|\n|move|p2a: Scolipede|Earthquake|p1a: Einen Stern\n|-supereffective|p1a: Einen Stern\n|-damage|p1a: Einen Stern|0 fnt\n|faint|p1a: Einen Stern\n|\n|-ability|p2a: Scolipede|Speed Boost|boost\n|-boost|p2a: Scolipede|spe|1\n|upkeep\n|\n|switch|p1a: Ninja|Greninja, M, shiny|100\/100\n|turn|16\n|\n|move|p2a: Scolipede|Poison Jab|p1a: Ninja\n|-damage|p1a: Ninja|0 fnt\n|faint|p1a: Ninja\n|\n|-ability|p2a: Scolipede|Speed Boost|boost\n|-boost|p2a: Scolipede|spe|1\n|upkeep\n|\n|switch|p1a: Hirsch|Heracross-Mega, M|34\/100\n|turn|17\n|\n|move|p2a: Scolipede|Poison Jab|p1a: Hirsch\n|-damage|p1a: Hirsch|0 fnt\n|faint|p1a: Hirsch\n|\n|upkeep\n|-message|OGamer289 forfeited.\n|\n|win|DarkGhostPoison\n|l|\u2606OGamer289\n|raw|OGamer289's rating: 1518 &rarr; <strong>1497<\/strong><br \/>(-21 for losing)\n|raw|DarkGhostPoison's rating: 1492 &rarr; <strong>1514<\/strong><br \/>(+22 for winning)\n","inputlog":null,"uploadtime":1526154713,"views":1,"p1id":"ogamer289","p2id":"darkghostpoison","formatid":"gen7ou","rating":1497,"private":0,"password":null}