{"id":"gen7uu-859187681","p1":"Jakkkkkka","p2":"CRLTesting","format":"gen7uu","log":"|j|\u2606Jakkkkkka\n|j|\u2606CRLTesting\n|player|p1|Jakkkkkka|137\n|player|p2|CRLTesting|157\n|teamsize|p1|6\n|teamsize|p2|6\n|gametype|singles\n|gen|7\n|tier|[Gen 7] UU\n|rated|\n|rule|Sleep Clause Mod: Limit one foe put to sleep\n|rule|Species Clause: Limit one of each Pok\u00e9mon\n|rule|OHKO Clause: OHKO moves are banned\n|rule|Moody Clause: Moody is banned\n|rule|Evasion Moves Clause: Evasion moves are banned\n|rule|Endless Battle Clause: Forcing endless battles is banned\n|rule|HP Percentage Mod: HP is shown in percentages\n|clearpoke\n|poke|p1|Swampert, F|item\n|poke|p1|Hydreigon, F|item\n|poke|p1|Scizor, F|item\n|poke|p1|Sylveon, M|item\n|poke|p1|Manectric, M|item\n|poke|p1|Nidoking, M|item\n|poke|p2|Moltres|item\n|poke|p2|Empoleon, M|item\n|poke|p2|Latias, F|item\n|poke|p2|Aerodactyl, F|item\n|poke|p2|Krookodile, F|item\n|poke|p2|Infernape, F|item\n|teampreview\n|\n|start\n|switch|p1a: Crazy Frog|Swampert, F|100\/100\n|switch|p2a: Latias|Latias, F|100\/100\n|turn|1\n|\n|switch|p1a: Instagram|Sylveon, M|100\/100\n|-zpower|p2a: Latias\n|move|p2a: Latias|Devastating Drake|p1a: Instagram|[zeffect]\n|-immune|p1a: Instagram\n|\n|upkeep\n|turn|2\n|\n|switch|p2a: Empoleon|Empoleon, M|100\/100\n|switch|p1a: Predator|Manectric, M|100\/100\n|\n|upkeep\n|turn|3\n|\n|detailschange|p1a: Predator|Manectric-Mega, M\n|-mega|p1a: Predator|Manectric|Manectite\n|-ability|p1a: Predator|Intimidate|boost\n|-unboost|p2a: Empoleon|atk|1\n|move|p2a: Empoleon|Protect|p2a: Empoleon\n|-singleturn|p2a: Empoleon|Protect\n|move|p1a: Predator|Volt Switch|p2a: Empoleon\n|-activate|p2a: Empoleon|move: Protect\n|\n|upkeep\n|turn|4\n|\n|move|p1a: Predator|Volt Switch|p2a: Empoleon\n|-supereffective|p2a: Empoleon\n|-damage|p2a: Empoleon|50\/100\n|\n|switch|p1a: Crazy Frog|Swampert, F|100\/100\n|move|p2a: Empoleon|Toxic|p1a: Crazy Frog\n|-status|p1a: Crazy Frog|tox\n|\n|-heal|p2a: Empoleon|57\/100|[from] item: Leftovers\n|-damage|p1a: Crazy Frog|94\/100 tox|[from] psn\n|upkeep\n|turn|5\n|\n|move|p1a: Crazy Frog|Stealth Rock|p2a: Empoleon\n|-sidestart|p2: CRLTesting|move: Stealth Rock\n|move|p2a: Empoleon|Scald|p1a: Crazy Frog\n|-damage|p1a: Crazy Frog|64\/100 tox\n|\n|-heal|p1a: Crazy Frog|71\/100 tox|[from] item: Leftovers\n|-heal|p2a: Empoleon|63\/100|[from] item: Leftovers\n|-damage|p1a: Crazy Frog|58\/100 tox|[from] psn\n|upkeep\n|turn|6\n|\n|move|p2a: Empoleon|Protect|p2a: Empoleon\n|-singleturn|p2a: Empoleon|Protect\n|move|p1a: Crazy Frog|Earthquake|p2a: Empoleon\n|-activate|p2a: Empoleon|move: Protect\n|\n|-heal|p1a: Crazy Frog|64\/100 tox|[from] item: Leftovers\n|-heal|p2a: Empoleon|69\/100|[from] item: Leftovers\n|-damage|p1a: Crazy Frog|46\/100 tox|[from] psn\n|upkeep\n|turn|7\n|\n|move|p1a: Crazy Frog|Earthquake|p2a: Empoleon\n|-supereffective|p2a: Empoleon\n|-damage|p2a: Empoleon|1\/100\n|move|p2a: Empoleon|Defog|p1a: Crazy Frog\n|-unboost|p1a: Crazy Frog|evasion|1\n|-sideend|p2: CRLTesting|Stealth Rock|[from] move: Defog|[of] p2a: Empoleon\n|\n|-heal|p1a: Crazy Frog|52\/100 tox|[from] item: Leftovers\n|-heal|p2a: Empoleon|7\/100|[from] item: Leftovers\n|-damage|p1a: Crazy Frog|27\/100 tox|[from] psn\n|upkeep\n|turn|8\n|\n|move|p2a: Empoleon|Defog|p1a: Crazy Frog\n|-unboost|p1a: Crazy Frog|evasion|1\n|move|p1a: Crazy Frog|Stealth Rock|p2a: Empoleon\n|-sidestart|p2: CRLTesting|move: Stealth Rock\n|\n|-heal|p2a: Empoleon|14\/100|[from] item: Leftovers\n|-heal|p1a: Crazy Frog|33\/100 tox|[from] item: Leftovers\n|-damage|p1a: Crazy Frog|2\/100 tox|[from] psn\n|upkeep\n|turn|9\n|\n|move|p2a: Empoleon|Defog|p1a: Crazy Frog\n|-unboost|p1a: Crazy Frog|evasion|1\n|-sideend|p2: CRLTesting|Stealth Rock|[from] move: Defog|[of] p2a: Empoleon\n|move|p1a: Crazy Frog|Earthquake|p2a: Empoleon\n|-supereffective|p2a: Empoleon\n|-damage|p2a: Empoleon|0 fnt\n|faint|p2a: Empoleon\n|\n|-heal|p1a: Crazy Frog|9\/100 tox|[from] item: Leftovers\n|-damage|p1a: Crazy Frog|0 fnt|[from] psn\n|faint|p1a: Crazy Frog\n|upkeep\n|\n|switch|p2a: Infernape|Infernape, F|100\/100\n|switch|p1a: Le coiffeur|Scizor, F|100\/100\n|turn|10\n|\n|switch|p1a: Instagram|Sylveon, M|100\/100\n|move|p2a: Infernape|U-turn|p1a: Instagram\n|-resisted|p1a: Instagram\n|-damage|p1a: Instagram|88\/100\n|\n|switch|p2a: Moltres|Moltres|100\/100\n|\n|-heal|p1a: Instagram|94\/100|[from] item: Leftovers\n|upkeep\n|turn|11\n|\n|move|p2a: Moltres|Substitute|p2a: Moltres\n|-start|p2a: Moltres|Substitute\n|-damage|p2a: Moltres|76\/100\n|move|p1a: Instagram|Toxic||[still]\n|-fail|p1a: Instagram\n|\n|-heal|p2a: Moltres|82\/100|[from] item: Leftovers\n|-heal|p1a: Instagram|100\/100|[from] item: Leftovers\n|upkeep\n|turn|12\n|\n|move|p2a: Moltres|Toxic|p1a: Instagram\n|-status|p1a: Instagram|tox\n|move|p1a: Instagram|Moonblast|p2a: Moltres\n|-resisted|p2a: Moltres\n|-activate|p2a: Moltres|move: Substitute|[damage]\n|\n|-heal|p2a: Moltres|88\/100|[from] item: Leftovers\n|-damage|p1a: Instagram|94\/100 tox|[from] psn\n|upkeep\n|turn|13\n|\n|move|p2a: Moltres|Flamethrower|p1a: Instagram\n|-damage|p1a: Instagram|74\/100 tox\n|move|p1a: Instagram|Moonblast|p2a: Moltres\n|-resisted|p2a: Moltres\n|-end|p2a: Moltres|Substitute\n|\n|-heal|p2a: Moltres|94\/100|[from] item: Leftovers\n|-heal|p1a: Instagram|80\/100 tox|[from] item: Leftovers\n|-damage|p1a: Instagram|68\/100 tox|[from] psn\n|upkeep\n|turn|14\n|\n|switch|p1a: Predator|Manectric-Mega, M|100\/100\n|-ability|p1a: Predator|Intimidate|boost\n|-unboost|p2a: Moltres|atk|1\n|move|p2a: Moltres|Substitute|p2a: Moltres\n|-start|p2a: Moltres|Substitute\n|-damage|p2a: Moltres|69\/100\n|\n|-heal|p2a: Moltres|75\/100|[from] item: Leftovers\n|upkeep\n|turn|15\n|\n|move|p1a: Predator|Thunderbolt|p2a: Moltres\n|-supereffective|p2a: Moltres\n|-end|p2a: Moltres|Substitute\n|move|p2a: Moltres|Flamethrower|p1a: Predator\n|-damage|p1a: Predator|43\/100\n|\n|-heal|p2a: Moltres|81\/100|[from] item: Leftovers\n|upkeep\n|turn|16\n|\n|switch|p2a: Latias|Latias, F|100\/100\n|move|p1a: Predator|Hidden Power|p2a: Latias\n|-supereffective|p2a: Latias\n|-damage|p2a: Latias|64\/100\n|\n|upkeep\n|turn|17\n|\n|switch|p1a: Le coiffeur|Scizor, F|100\/100\n|move|p2a: Latias|Roost|p2a: Latias\n|-heal|p2a: Latias|100\/100\n|-singleturn|p2a: Latias|move: Roost\n|\n|upkeep\n|turn|18\n|\n|-activate|p2a: Latias|move: Pursuit\n|move|p1a: Le coiffeur|Pursuit|p2a: Latias|[from]Pursuit\n|-supereffective|p2a: Latias\n|-damage|p2a: Latias|0 fnt\n|faint|p2a: Latias\n|\n|upkeep\n|\n|switch|p2a: Moltres|Moltres|81\/100\n|turn|19\n|\n|switch|p1a: 3 petits cochons|Hydreigon, F|100\/100\n|move|p2a: Moltres|Substitute|p2a: Moltres\n|-start|p2a: Moltres|Substitute\n|-damage|p2a: Moltres|56\/100\n|\n|-heal|p2a: Moltres|62\/100|[from] item: Leftovers\n|upkeep\n|turn|20\n|\n|move|p1a: 3 petits cochons|Dark Pulse|p2a: Moltres\n|-end|p2a: Moltres|Substitute\n|move|p2a: Moltres|Toxic|p1a: 3 petits cochons|[miss]\n|-miss|p2a: Moltres|p1a: 3 petits cochons\n|\n|-heal|p2a: Moltres|68\/100|[from] item: Leftovers\n|upkeep\n|turn|21\n|\n|switch|p2a: Infernape|Infernape, F|100\/100\n|-zpower|p1a: 3 petits cochons\n|move|p1a: 3 petits cochons|Acid Downpour|p2a: Infernape|[zeffect]\n|-damage|p2a: Infernape|2\/100\n|\n|upkeep\n|turn|22\n|\n|switch|p1a: Instagram|Sylveon, M|68\/100 tox\n|move|p2a: Infernape|U-turn|p1a: Instagram\n|-resisted|p1a: Instagram\n|-damage|p1a: Instagram|55\/100 tox\n|-start|p2a: Infernape|Attract|[from] ability: Cute Charm|[of] p1a: Instagram\n|\n|switch|p2a: Moltres|Moltres|68\/100\n|\n|-heal|p2a: Moltres|74\/100|[from] item: Leftovers\n|-heal|p1a: Instagram|61\/100 tox|[from] item: Leftovers\n|-damage|p1a: Instagram|55\/100 tox|[from] psn\n|upkeep\n|turn|23\n|\n|switch|p1a: Predator|Manectric-Mega, M|43\/100\n|-ability|p1a: Predator|Intimidate|boost\n|-unboost|p2a: Moltres|atk|1\n|move|p2a: Moltres|Substitute|p2a: Moltres\n|-start|p2a: Moltres|Substitute\n|-damage|p2a: Moltres|49\/100\n|\n|-heal|p2a: Moltres|55\/100|[from] item: Leftovers\n|upkeep\n|turn|24\n|\n|move|p1a: Predator|Volt Switch|p2a: Moltres\n|-supereffective|p2a: Moltres\n|-crit|p2a: Moltres\n|-end|p2a: Moltres|Substitute\n|\n|switch|p1a: 3 petits cochons|Hydreigon, F|100\/100\n|move|p2a: Moltres|Flamethrower|p1a: 3 petits cochons\n|-resisted|p1a: 3 petits cochons\n|-damage|p1a: 3 petits cochons|77\/100\n|\n|-heal|p2a: Moltres|61\/100|[from] item: Leftovers\n|upkeep\n|turn|25\n|\n|switch|p2a: Krookodile|Krookodile, F|100\/100\n|-ability|p2a: Krookodile|Intimidate|boost\n|-unboost|p1a: 3 petits cochons|atk|1\n|move|p1a: 3 petits cochons|Dark Pulse|p2a: Krookodile\n|-resisted|p2a: Krookodile\n|-damage|p2a: Krookodile|75\/100\n|\n|upkeep\n|turn|26\n|\n|switch|p1a: Instagram|Sylveon, M|55\/100 tox\n|move|p2a: Krookodile|Stealth Rock|p1a: Instagram\n|-sidestart|p1: Jakkkkkka|move: Stealth Rock\n|\n|-heal|p1a: Instagram|61\/100 tox|[from] item: Leftovers\n|-damage|p1a: Instagram|55\/100 tox|[from] psn\n|upkeep\n|turn|27\n|\n|move|p2a: Krookodile|Taunt|p1a: Instagram\n|-start|p1a: Instagram|move: Taunt\n|cant|p1a: Instagram|move: Taunt|Toxic\n|\n|-heal|p1a: Instagram|61\/100 tox|[from] item: Leftovers\n|-damage|p1a: Instagram|48\/100 tox|[from] psn\n|upkeep\n|turn|28\n|\n|switch|p2a: Moltres|Moltres|61\/100\n|move|p1a: Instagram|Moonblast|p2a: Moltres\n|-resisted|p2a: Moltres\n|-damage|p2a: Moltres|43\/100\n|\n|-heal|p2a: Moltres|49\/100|[from] item: Leftovers\n|-heal|p1a: Instagram|55\/100 tox|[from] item: Leftovers\n|-damage|p1a: Instagram|36\/100 tox|[from] psn\n|upkeep\n|turn|29\n|\n|move|p2a: Moltres|Roost|p2a: Moltres\n|-heal|p2a: Moltres|99\/100\n|-singleturn|p2a: Moltres|move: Roost\n|move|p1a: Instagram|Moonblast|p2a: Moltres\n|-resisted|p2a: Moltres\n|-damage|p2a: Moltres|79\/100\n|\n|-heal|p2a: Moltres|85\/100|[from] item: Leftovers\n|-heal|p1a: Instagram|42\/100 tox|[from] item: Leftovers\n|-damage|p1a: Instagram|18\/100 tox|[from] psn\n|-end|p1a: Instagram|move: Taunt\n|upkeep\n|turn|30\n|\n|move|p2a: Moltres|Substitute|p2a: Moltres\n|-start|p2a: Moltres|Substitute\n|-damage|p2a: Moltres|61\/100\n|move|p1a: Instagram|Wish|p1a: Instagram\n|\n|-heal|p2a: Moltres|67\/100|[from] item: Leftovers\n|-heal|p1a: Instagram|24\/100 tox|[from] item: Leftovers\n|-damage|p1a: Instagram|0 fnt|[from] psn\n|faint|p1a: Instagram\n|upkeep\n|\n|switch|p1a: Predator|Manectric-Mega, M|43\/100\n|-damage|p1a: Predator|30\/100|[from] Stealth Rock\n|-ability|p1a: Predator|Intimidate|boost\n|-immune|p2a: Moltres\n|turn|31\n|\n|move|p1a: Predator|Volt Switch|p2a: Moltres\n|-supereffective|p2a: Moltres\n|-end|p2a: Moltres|Substitute\n|\n|switch|p1a: 3 petits cochons|Hydreigon, F|77\/100\n|-damage|p1a: 3 petits cochons|65\/100|[from] Stealth Rock\n|move|p2a: Moltres|Flamethrower|p1a: 3 petits cochons\n|-resisted|p1a: 3 petits cochons\n|-crit|p1a: 3 petits cochons\n|-damage|p1a: 3 petits cochons|35\/100\n|\n|-heal|p1a: 3 petits cochons|95\/100|[from] move: Wish|[wisher] Instagram\n|-heal|p2a: Moltres|73\/100|[from] item: Leftovers\n|upkeep\n|turn|32\n|\n|switch|p2a: Krookodile|Krookodile, F|75\/100\n|-ability|p2a: Krookodile|Intimidate|boost\n|-unboost|p1a: 3 petits cochons|atk|1\n|move|p1a: 3 petits cochons|Dark Pulse|p2a: Krookodile\n|-resisted|p2a: Krookodile\n|-damage|p2a: Krookodile|47\/100\n|\n|upkeep\n|turn|33\n|\n|move|p1a: 3 petits cochons|Dark Pulse|p2a: Krookodile\n|-resisted|p2a: Krookodile\n|-damage|p2a: Krookodile|19\/100\n|move|p2a: Krookodile|Knock Off|p1a: 3 petits cochons\n|-resisted|p1a: 3 petits cochons\n|-damage|p1a: 3 petits cochons|76\/100\n|\n|upkeep\n|turn|34\n|\n|move|p1a: 3 petits cochons|Dark Pulse|p2a: Krookodile\n|-resisted|p2a: Krookodile\n|-damage|p2a: Krookodile|0 fnt\n|faint|p2a: Krookodile\n|\n|upkeep\n|\n|switch|p2a: Infernape|Infernape, F|2\/100\n|turn|35\n|\n|move|p2a: Infernape|Close Combat|p1a: 3 petits cochons\n|-supereffective|p1a: 3 petits cochons\n|-damage|p1a: 3 petits cochons|0 fnt\n|-unboost|p2a: Infernape|def|1\n|-unboost|p2a: Infernape|spd|1\n|faint|p1a: 3 petits cochons\n|\n|upkeep\n|\n|switch|p1a: Le coiffeur|Scizor, F|100\/100\n|-damage|p1a: Le coiffeur|88\/100|[from] Stealth Rock\n|turn|36\n|\n|switch|p2a: Moltres|Moltres|73\/100\n|move|p1a: Le coiffeur|U-turn|p2a: Moltres\n|-resisted|p2a: Moltres\n|-damage|p2a: Moltres|58\/100\n|\n|switch|p1a: Predator|Manectric-Mega, M|30\/100\n|-damage|p1a: Predator|18\/100|[from] Stealth Rock\n|-ability|p1a: Predator|Intimidate|boost\n|-unboost|p2a: Moltres|atk|1\n|\n|-heal|p2a: Moltres|64\/100|[from] item: Leftovers\n|upkeep\n|turn|37\n|\n|switch|p2a: Infernape|Infernape, F|2\/100\n|move|p1a: Predator|Thunderbolt|p2a: Infernape\n|-damage|p2a: Infernape|0 fnt\n|faint|p2a: Infernape\n|\n|upkeep\n|\n|switch|p2a: Aerodactyl|Aerodactyl, F|100\/100\n|-ability|p2a: Aerodactyl|Unnerve|p1: Jakkkkkka\n|turn|38\n|\n|switch|p1a: Violetta|Nidoking, M|100\/100\n|-damage|p1a: Violetta|95\/100|[from] Stealth Rock\n|detailschange|p2a: Aerodactyl|Aerodactyl-Mega, F\n|-mega|p2a: Aerodactyl|Aerodactyl|Aerodactylite\n|move|p2a: Aerodactyl|Earthquake|p1a: Violetta\n|-supereffective|p1a: Violetta\n|-damage|p1a: Violetta|0 fnt\n|faint|p1a: Violetta\n|\n|upkeep\n|\n|switch|p1a: Le coiffeur|Scizor, F|88\/100\n|-damage|p1a: Le coiffeur|76\/100|[from] Stealth Rock\n|turn|39\n|\n|move|p2a: Aerodactyl|Roost||[still]\n|-fail|p2a: Aerodactyl\n|move|p1a: Le coiffeur|U-turn|p2a: Aerodactyl\n|-resisted|p2a: Aerodactyl\n|-damage|p2a: Aerodactyl|64\/100\n|\n|switch|p1a: Predator|Manectric-Mega, M|18\/100\n|-damage|p1a: Predator|5\/100|[from] Stealth Rock\n|-ability|p1a: Predator|Intimidate|boost\n|-unboost|p2a: Aerodactyl|atk|1\n|\n|upkeep\n|turn|40\n|\n|move|p2a: Aerodactyl|Earthquake|p1a: Predator\n|-supereffective|p1a: Predator\n|-damage|p1a: Predator|0 fnt\n|faint|p1a: Predator\n|\n|upkeep\n|\n|switch|p1a: Le coiffeur|Scizor, F|76\/100\n|-damage|p1a: Le coiffeur|63\/100|[from] Stealth Rock\n|turn|41\n|\n|move|p1a: Le coiffeur|Bullet Punch|p2a: Aerodactyl\n|-supereffective|p2a: Aerodactyl\n|-damage|p2a: Aerodactyl|0 fnt\n|faint|p2a: Aerodactyl\n|\n|upkeep\n|\n|switch|p2a: Moltres|Moltres|64\/100\n|turn|42\n|\n|move|p1a: Le coiffeur|Bullet Punch|p2a: Moltres\n|-resisted|p2a: Moltres\n|-damage|p2a: Moltres|39\/100\n|move|p2a: Moltres|Flamethrower|p1a: Le coiffeur\n|-supereffective|p1a: Le coiffeur\n|-damage|p1a: Le coiffeur|0 fnt\n|faint|p1a: Le coiffeur\n|\n|win|CRLTesting\n|c|\u2606CRLTesting|gg\n|l|\u2606Jakkkkkka\n|raw|Jakkkkkka's rating: 1525 &rarr; <strong>1496<\/strong><br \/>(-29 for losing)\n|raw|CRLTesting's rating: 1348 &rarr; <strong>1377<\/strong><br \/>(+29 for winning)\n","uploadtime":1549492387,"views":15,"p1id":"jakkkkkka","p2id":"crltesting","formatid":"gen7uu","rating":1377,"private":0,"password":null}