{"id":"gen7ru-1584724512","p1":"tanishq1","p2":"jahmille_118","format":"gen7ru","log":"|j|\u2606tanishq1\n|j|\u2606jahmille_118\n|t:|1653757150\n|gametype|singles\n|player|p1|tanishq1|170|1000\n|player|p2|jahmille_118|169|1089\n|teamsize|p1|6\n|teamsize|p2|6\n|gen|7\n|tier|[Gen 7] RU\n|rated|\n|rule|Sleep Clause Mod: Limit one foe put to sleep\n|rule|Species Clause: Limit one of each Pok\u00e9mon\n|rule|OHKO Clause: OHKO moves are banned\n|rule|Moody Clause: Moody is banned\n|rule|Evasion Moves Clause: Evasion moves are banned\n|rule|Endless Battle Clause: Forcing endless battles is banned\n|rule|HP Percentage Mod: HP is shown in percentages\n|clearpoke\n|poke|p1|Pangoro, F|item\n|poke|p1|Roserade, M|item\n|poke|p1|Blastoise, M|item\n|poke|p1|Flygon, M|item\n|poke|p1|Bronzong|item\n|poke|p1|Florges, F|item\n|poke|p2|Kingdra, F|item\n|poke|p2|Armaldo, F|item\n|poke|p2|Ludicolo, M|item\n|poke|p2|Gorebyss, F|item\n|poke|p2|Illumise, F|item\n|poke|p2|Volbeat, M|item\n|teampreview\n|inactive|Battle timer is ON: inactive players will automatically lose when time's up. (requested by tanishq1)\n|\n|t:|1653757166\n|start\n|switch|p1a: Roserade|Roserade, M|100\/100\n|switch|p2a: Illumise|Illumise, F|100\/100\n|turn|1\n|\n|t:|1653757178\n|move|p1a: Roserade|Spikes|p2a: Illumise\n|-sidestart|p2: jahmille_118|Spikes\n|move|p2a: Illumise|Bug Buzz|p1a: Roserade\n|-crit|p1a: Roserade\n|-damage|p1a: Roserade|43\/100\n|-unboost|p1a: Roserade|spd|1\n|\n|upkeep\n|turn|2\n|\n|t:|1653757195\n|switch|p1a: Florges|Florges, F|100\/100\n|move|p2a: Illumise|Bug Buzz|p1a: Florges\n|-resisted|p1a: Florges\n|-damage|p1a: Florges|90\/100\n|\n|upkeep\n|turn|3\n|\n|t:|1653757212\n|move|p2a: Illumise|Thunder Wave|p1a: Florges|[miss]\n|-miss|p2a: Illumise|p1a: Florges\n|move|p1a: Florges|Wish|p1a: Florges\n|\n|upkeep\n|turn|4\n|\n|t:|1653757219\n|switch|p1a: Roserade|Roserade, M|43\/100\n|move|p2a: Illumise|Thunder Wave|p1a: Roserade\n|-status|p1a: Roserade|par\n|\n|-heal|p1a: Roserade|100\/100 par|[from] move: Wish|[wisher] Florges\n|upkeep\n|turn|5\n|\n|t:|1653757226\n|switch|p1a: Florges|Florges, F|90\/100\n|move|p2a: Illumise|Bug Buzz|p1a: Florges\n|-resisted|p1a: Florges\n|-damage|p1a: Florges|80\/100\n|\n|upkeep\n|turn|6\n|\n|t:|1653757233\n|move|p2a: Illumise|Thunder Wave|p1a: Florges\n|-status|p1a: Florges|par\n|move|p1a: Florges|Aromatherapy|p1a: Florges\n|-activate|p1a: Florges|move: Aromatherapy\n|-curestatus|p1a: Florges|par|[msg]\n|-curestatus|p1: Roserade|par|[msg]\n|\n|upkeep\n|turn|7\n|\n|t:|1653757241\n|switch|p1a: Flygon|Flygon, M|100\/100\n|move|p2a: Illumise|Rain Dance|p2a: Illumise\n|-weather|RainDance\n|\n|-weather|RainDance|[upkeep]\n|upkeep\n|turn|8\n|\n|t:|1653757251\n|move|p1a: Flygon|U-turn|p2a: Illumise\n|-damage|p2a: Illumise|70\/100\n|\n|t:|1653757257\n|switch|p1a: Blastoise|Blastoise, M|100\/100|[from]move: U-turn\n|move|p2a: Illumise|Bug Buzz|p1a: Blastoise\n|-damage|p1a: Blastoise|64\/100\n|\n|-weather|RainDance|[upkeep]\n|upkeep\n|turn|9\n|\n|t:|1653757264\n|detailschange|p1a: Blastoise|Blastoise-Mega, M\n|-mega|p1a: Blastoise|Blastoise|Blastoisinite\n|move|p2a: Illumise|Thunder|p1a: Blastoise\n|-supereffective|p1a: Blastoise\n|-damage|p1a: Blastoise|14\/100\n|move|p1a: Blastoise|Dark Pulse|p2a: Illumise\n|-damage|p2a: Illumise|7\/100\n|\n|-weather|RainDance|[upkeep]\n|upkeep\n|turn|10\n|\n|t:|1653757272\n|move|p2a: Illumise|Bug Buzz|p1a: Blastoise\n|-damage|p1a: Blastoise|0 fnt\n|faint|p1a: Blastoise\n|\n|-weather|RainDance|[upkeep]\n|upkeep\n|\n|t:|1653757276\n|switch|p1a: Flygon|Flygon, M|100\/100\n|turn|11\n|\n|t:|1653757280\n|move|p1a: Flygon|U-turn|p2a: Illumise\n|-damage|p2a: Illumise|0 fnt\n|faint|p2a: Illumise\n|\n|t:|1653757304\n|switch|p1a: Florges|Florges, F|80\/100|[from]move: U-turn\n|\n|-weather|RainDance|[upkeep]\n|upkeep\n|inactive|jahmille_118 has 120 seconds left.\n|\n|t:|1653757356\n|switch|p2a: Gorebyss|Gorebyss, F|100\/100\n|-damage|p2a: Gorebyss|88\/100|[from] Spikes\n|turn|12\n|\n|t:|1653757378\n|move|p2a: Gorebyss|Surf|p1a: Florges\n|-damage|p1a: Florges|25\/100\n|-damage|p2a: Gorebyss|78\/100|[from] item: Life Orb\n|move|p1a: Florges|Moonblast|p2a: Gorebyss\n|-damage|p2a: Gorebyss|0 fnt\n|faint|p2a: Gorebyss\n|\n|-weather|RainDance|[upkeep]\n|upkeep\n|\n|t:|1653757389\n|switch|p2a: Kingdra|Kingdra, F|100\/100\n|-damage|p2a: Kingdra|88\/100|[from] Spikes\n|turn|13\n|\n|t:|1653757407\n|move|p2a: Kingdra|Waterfall|p1a: Florges\n|-damage|p1a: Florges|0 fnt\n|faint|p1a: Florges\n|-damage|p2a: Kingdra|78\/100|[from] item: Life Orb\n|\n|-weather|RainDance|[upkeep]\n|upkeep\n|\n|t:|1653757413\n|switch|p1a: Bronzong|Bronzong|100\/100\n|turn|14\n|\n|t:|1653757416\n|move|p1a: Bronzong|Protect|p1a: Bronzong\n|-singleturn|p1a: Bronzong|Protect\n|move|p2a: Kingdra|Dragon Dance|p2a: Kingdra\n|-boost|p2a: Kingdra|atk|1\n|-boost|p2a: Kingdra|spe|1\n|\n|-weather|none\n|upkeep\n|turn|15\n|\n|t:|1653757423\n|move|p2a: Kingdra|Dragon Dance|p2a: Kingdra\n|-boost|p2a: Kingdra|atk|1\n|-boost|p2a: Kingdra|spe|1\n|move|p1a: Bronzong|Toxic|p2a: Kingdra\n|-status|p2a: Kingdra|tox\n|\n|-damage|p2a: Kingdra|72\/100 tox|[from] psn\n|upkeep\n|turn|16\n|\n|t:|1653757431\n|move|p2a: Kingdra|Waterfall|p1a: Bronzong\n|-damage|p1a: Bronzong|20\/100\n|-damage|p2a: Kingdra|62\/100 tox|[from] item: Life Orb\n|move|p1a: Bronzong|Stealth Rock|p2a: Kingdra\n|-sidestart|p2: jahmille_118|move: Stealth Rock\n|\n|-heal|p1a: Bronzong|26\/100|[from] item: Leftovers\n|-damage|p2a: Kingdra|50\/100 tox|[from] psn\n|upkeep\n|turn|17\n|\n|t:|1653757443\n|move|p1a: Bronzong|Protect|p1a: Bronzong\n|-singleturn|p1a: Bronzong|Protect\n|move|p2a: Kingdra|Waterfall|p1a: Bronzong\n|-activate|p1a: Bronzong|move: Protect\n|\n|-heal|p1a: Bronzong|32\/100|[from] item: Leftovers\n|-damage|p2a: Kingdra|31\/100 tox|[from] psn\n|upkeep\n|turn|18\n|\n|t:|1653757458\n|move|p2a: Kingdra|Waterfall|p1a: Bronzong\n|-damage|p1a: Bronzong|0 fnt\n|faint|p1a: Bronzong\n|-damage|p2a: Kingdra|21\/100 tox|[from] item: Life Orb\n|\n|-damage|p2a: Kingdra|0 fnt|[from] psn\n|faint|p2a: Kingdra\n|upkeep\n|\n|t:|1653757480\n|switch|p2a: Volbeat|Volbeat, M|100\/100\n|switch|p1a: Flygon|Flygon, M|100\/100\n|-damage|p2a: Volbeat|88\/100|[from] Spikes\n|-damage|p2a: Volbeat|63\/100|[from] Stealth Rock\n|turn|19\n|\n|t:|1653757489\n|move|p2a: Volbeat|Rain Dance|p2a: Volbeat\n|-weather|RainDance\n|move|p1a: Flygon|Outrage|p2a: Volbeat\n|-damage|p2a: Volbeat|0 fnt\n|faint|p2a: Volbeat\n|\n|-weather|RainDance|[upkeep]\n|upkeep\n|\n|t:|1653757498\n|switch|p2a: Ludicolo|Ludicolo, M|100\/100\n|-damage|p2a: Ludicolo|88\/100|[from] Spikes\n|-damage|p2a: Ludicolo|76\/100|[from] Stealth Rock\n|turn|20\n|\n|t:|1653757506\n|move|p1a: Flygon|Outrage|p2a: Ludicolo|[from]lockedmove\n|-damage|p2a: Ludicolo|0 fnt\n|faint|p2a: Ludicolo\n|-start|p1a: Flygon|confusion|[fatigue]\n|\n|-weather|RainDance|[upkeep]\n|upkeep\n|\n|t:|1653757511\n|switch|p2a: Armaldo|Armaldo, F|100\/100\n|-damage|p2a: Armaldo|88\/100|[from] Spikes\n|-damage|p2a: Armaldo|63\/100|[from] Stealth Rock\n|turn|21\n|\n|t:|1653757535\n|-activate|p1a: Flygon|confusion\n|move|p1a: Flygon|Outrage|p2a: Armaldo\n|-crit|p2a: Armaldo\n|-damage|p2a: Armaldo|0 fnt\n|faint|p2a: Armaldo\n|\n|win|tanishq1\n|raw|tanishq1's rating: 1000 &rarr; <strong>1050<\/strong><br \/>(+50 for winning)\n|raw|jahmille_118's rating: 1089 &rarr; <strong>1060<\/strong><br \/>(-29 for losing)\n|l|\u2606tanishq1\n","uploadtime":1653757557,"views":9,"p1id":"tanishq1","p2id":"jahmille118","formatid":"gen7ru","rating":1050,"private":0,"password":null}