{"id":"gen7ou-648719059","p1":"Pitaye","p2":"JoeyVVN","format":"gen7ou","log":"|j|Pitaye\n|j|JoeyVVN\n|player|p1|Pitaye|36\n|teamsize|p1|6\n|player|p2|JoeyVVN|210\n|teamsize|p2|6\n|gametype|singles\n|gen|7\n|tier|[Gen 7] OU\n|rated|\n|seed|53372,22434,54462,45555\n|rule|Sleep Clause Mod: Limit one foe put to sleep\n|rule|Species Clause: Limit one of each Pok\u00e9mon\n|rule|OHKO Clause: OHKO moves are banned\n|rule|Moody Clause: Moody is banned\n|rule|Evasion Moves Clause: Evasion moves are banned\n|rule|Endless Battle Clause: Forcing endless battles is banned\n|rule|HP Percentage Mod: HP is shown in percentages\n|clearpoke\n|poke|p1|Landorus-Therian, M|item\n|poke|p1|Medicham, M|item\n|poke|p1|Keldeo|item\n|poke|p1|Latios, M|item\n|poke|p1|Hydreigon, F|item\n|poke|p1|Magearna|item\n|poke|p2|Volcarona, F|item\n|poke|p2|Diancie|item\n|poke|p2|Latios, M|item\n|poke|p2|Celesteela|item\n|poke|p2|Zygarde|item\n|poke|p2|Greninja, M|item\n|teampreview\n|choice|team 3, team 2, team 1, team 4, team 5, team 6|team 6, team 2, team 3, team 4, team 5, team 1\n|\n|start\n|switch|p1a: Keldeo|Keldeo|323\/323\n|switch|p2a: Greninja|Greninja, M|285\/285\n|turn|1\n|choice|move secretsword|switch 3\n|\n|switch|p2a: Latios|Latios, M|301\/301\n|move|p1a: Keldeo|Secret Sword|p2a: Latios\n|-resisted|p2a: Latios\n|-damage|p2a: Latios|217\/301\n|\n|upkeep\n|turn|2\n|j|SickLiepard\n|j|KFresh\n|l|SickLiepard\n|inactive|Battle timer is ON: inactive players will automatically lose when time's up. (requested by JoeyVVN)\n|choice|switch 6|switch 6\n|\n|switch|p2a: Volcarona|Volcarona, F|311\/311\n|switch|p1a: Magearna|Magearna|363\/363\n|\n|upkeep\n|turn|3\n|choice|switch 6|move fireblast\n|\n|switch|p1a: Keldeo|Keldeo|323\/323\n|move|p2a: Volcarona|Fire Blast|p1a: Keldeo\n|-resisted|p1a: Keldeo\n|-damage|p1a: Keldeo|221\/323\n|-status|p1a: Keldeo|brn\n|\n|-damage|p1a: Keldeo|201\/323 brn|[from] brn\n|upkeep\n|turn|4\n|choice|move hydropump|switch 6\n|\n|switch|p2a: Latios|Latios, M|217\/301\n|move|p1a: Keldeo|Hydro Pump|p2a: Latios\n|-resisted|p2a: Latios\n|-damage|p2a: Latios|120\/301\n|\n|-damage|p1a: Keldeo|181\/323 brn|[from] brn\n|upkeep\n|turn|5\n|inactive|Pitaye has 120 seconds left.\n|choice|switch 6|switch 4\n|\n|switch|p2a: Celesteela|Celesteela|397\/397\n|switch|p1a: Magearna|Magearna|363\/363\n|\n|upkeep\n|turn|6\n|choice|move fleurcannon|switch 5\n|\n|switch|p2a: Zygarde|Zygarde|375\/375\n|-ability|p2a: Zygarde|Aura Break\n|move|p1a: Magearna|Fleur Cannon|p2a: Zygarde\n|-supereffective|p2a: Zygarde\n|-damage|p2a: Zygarde|0 fnt\n|-unboost|p1a: Magearna|spa|2\n|faint|p2a: Zygarde\n|-ability|p1a: Magearna|Soul-Heart|boost\n|-boost|p1a: Magearna|spa|1\n|\n|upkeep\n|choice||switch 6\n|\n|switch|p2a: Volcarona|Volcarona, F|311\/311\n|turn|7\n|choice|move voltswitch|move substitute\n|\n|move|p2a: Volcarona|Substitute|p2a: Volcarona\n|-start|p2a: Volcarona|Substitute\n|-damage|p2a: Volcarona|234\/311\n|move|p1a: Magearna|Volt Switch|p2a: Volcarona\n|-activate|p2a: Volcarona|move: Substitute|[damage]\n|choice|switch 6|\n|\n|switch|p1a: Keldeo|Keldeo|181\/323 brn\n|\n|-damage|p1a: Keldeo|161\/323 brn|[from] brn\n|upkeep\n|turn|8\n|choice|move hydropump|move fireblast\n|\n|move|p1a: Keldeo|Hydro Pump|p2a: Volcarona|[miss]\n|-miss|p1a: Keldeo|p2a: Volcarona\n|move|p2a: Volcarona|Fire Blast|p1a: Keldeo|[miss]\n|-miss|p2a: Volcarona|p1a: Keldeo\n|\n|-damage|p1a: Keldeo|141\/323 brn|[from] brn\n|upkeep\n|turn|9\n|choice|move hydropump|move fireblast\n|\n|move|p1a: Keldeo|Hydro Pump|p2a: Volcarona|[miss]\n|-miss|p1a: Keldeo|p2a: Volcarona\n|move|p2a: Volcarona|Fire Blast|p1a: Keldeo\n|-resisted|p1a: Keldeo\n|-damage|p1a: Keldeo|38\/323 brn\n|\n|-damage|p1a: Keldeo|18\/323 brn|[from] brn\n|upkeep\n|turn|10\n|choice|move hydropump|move quiverdance\n|\n|move|p1a: Keldeo|Hydro Pump|p2a: Volcarona|[miss]\n|-miss|p1a: Keldeo|p2a: Volcarona\n|move|p2a: Volcarona|Quiver Dance|p2a: Volcarona\n|-boost|p2a: Volcarona|spa|1\n|-boost|p2a: Volcarona|spd|1\n|-boost|p2a: Volcarona|spe|1\n|\n|-damage|p1a: Keldeo|0 fnt|[from] brn\n|upkeep\n|faint|p1a: Keldeo\n|c|\u2606JoeyVVN|sry\n|c|\u2606Pitaye|gg\n|c|\u2606JoeyVVN|gg\n|c|\u2606Pitaye|it's ok, it happens\n|choice|switch 4|\n|\n|switch|p1a: Latios|Latios, M|301\/301\n|turn|11\n|choice|move surf|move bugbuzz\n|\n|move|p2a: Volcarona|Bug Buzz|p1a: Latios\n|-supereffective|p1a: Latios\n|-damage|p1a: Latios|0 fnt\n|faint|p1a: Latios\n|\n|upkeep\n|-message|Pitaye forfeited.\n|\n|win|JoeyVVN\n|l|Pitaye\n|raw|Pitaye's rating: 1547 &rarr; <strong>1530<\/strong><br \/>(-17 for losing)\n|raw|JoeyVVN's rating: 1597 &rarr; <strong>1614<\/strong><br \/>(+17 for winning)","inputlog":null,"uploadtime":1508656751,"views":4,"p1id":"pitaye","p2id":"joeyvvn","formatid":"gen7ou","rating":1530,"private":0,"password":null}