{"id":"gen7ou-770509423","p1":"H4WT \u272f","p2":"Katakuri55","format":"gen7ou","log":"|j|\u2606H4WT \u272f\n|j|\u2606Katakuri55\n|player|p1|H4WT \u272f|165\n|player|p2|Katakuri55|2\n|teamsize|p1|6\n|teamsize|p2|6\n|gametype|singles\n|gen|7\n|tier|[Gen 7] OU\n|rated|\n|rule|Sleep Clause Mod: Limit one foe put to sleep\n|rule|Species Clause: Limit one of each Pok\u00e9mon\n|rule|OHKO Clause: OHKO moves are banned\n|rule|Moody Clause: Moody is banned\n|rule|Evasion Moves Clause: Evasion moves are banned\n|rule|Endless Battle Clause: Forcing endless battles is banned\n|rule|HP Percentage Mod: HP is shown in percentages\n|clearpoke\n|poke|p1|Alakazam, M|item\n|poke|p1|Celesteela|item\n|poke|p1|Clefable, M|item\n|poke|p1|Landorus-Therian, M|item\n|poke|p1|Tyranitar, M|item\n|poke|p1|Tangrowth, F|item\n|poke|p2|Charizard, F|item\n|poke|p2|Weavile, F|item\n|poke|p2|Reuniclus, F|item\n|poke|p2|Mimikyu, F|item\n|poke|p2|Tapu Koko|item\n|poke|p2|Jirachi|item\n|teampreview\n|inactive|Battle timer is ON: inactive players will automatically lose when time's up. (requested by Katakuri55)\n|\n|start\n|switch|p1a: Landorus|Landorus-Therian, M|100\/100\n|switch|p2a: Tapu Koko|Tapu Koko|100\/100\n|-ability|p1a: Landorus|Intimidate|boost\n|-unboost|p2a: Tapu Koko|atk|1\n|-fieldstart|move: Electric Terrain|[from] ability: Electric Surge|[of] p2a: Tapu Koko\n|turn|1\n|\n|move|p1a: Landorus|U-turn|p2a: Tapu Koko\n|-resisted|p2a: Tapu Koko\n|-damage|p2a: Tapu Koko|83\/100\n|inactive|H4WT \u272f has 135 seconds left.\n|\n|switch|p1a: Clefable|Clefable, M|100\/100\n|move|p2a: Tapu Koko|Hidden Power|p1a: Clefable\n|-damage|p1a: Clefable|78\/100\n|-damage|p2a: Tapu Koko|73\/100|[from] item: Life Orb\n|\n|-heal|p1a: Clefable|84\/100|[from] item: Leftovers\n|upkeep\n|turn|2\n|\n|switch|p1a: Landorus|Landorus-Therian, M|100\/100\n|-ability|p1a: Landorus|Intimidate|boost\n|-unboost|p2a: Tapu Koko|atk|1\n|move|p2a: Tapu Koko|Thunderbolt|p1a: Landorus\n|-immune|p1a: Landorus|[msg]\n|\n|upkeep\n|turn|3\n|\n|move|p1a: Landorus|U-turn|p2a: Tapu Koko\n|-resisted|p2a: Tapu Koko\n|-damage|p2a: Tapu Koko|56\/100\n|\n|switch|p1a: Tangrowth|Tangrowth, F|100\/100\n|move|p2a: Tapu Koko|Thunderbolt|p1a: Tangrowth\n|-resisted|p1a: Tangrowth\n|-damage|p1a: Tangrowth|79\/100\n|-damage|p2a: Tapu Koko|46\/100|[from] item: Life Orb\n|\n|upkeep\n|turn|4\n|\n|switch|p2a: Charizard|Charizard, F|100\/100\n|move|p1a: Tangrowth|Knock Off|p2a: Charizard\n|-damage|p2a: Charizard|79\/100\n|\n|upkeep\n|turn|5\n|\n|switch|p1a: Tyranitar|Tyranitar, M|100\/100\n|-weather|Sandstorm|[from] ability: Sand Stream|[of] p1a: Tyranitar\n|detailschange|p2a: Charizard|Charizard-Mega-Y, F\n|-mega|p2a: Charizard|Charizard|Charizardite Y\n|-weather|SunnyDay|[from] ability: Drought|[of] p2a: Charizard\n|move|p2a: Charizard|Solar Beam|p1a: Tyranitar|[still]\n|-prepare|p2a: Charizard|Solar Beam|p1a: Tyranitar\n|-anim|p2a: Charizard|Solar Beam|p1a: Tyranitar\n|-supereffective|p1a: Tyranitar\n|-damage|p1a: Tyranitar|1\/100\n|\n|-weather|SunnyDay|[upkeep]\n|-fieldend|move: Electric Terrain\n|upkeep\n|turn|6\n|inactive|H4WT \u272f has 135 seconds left.\n|\n|move|p2a: Charizard|Flamethrower|p1a: Tyranitar\n|-resisted|p1a: Tyranitar\n|-damage|p1a: Tyranitar|0 fnt\n|faint|p1a: Tyranitar\n|\n|-weather|SunnyDay|[upkeep]\n|upkeep\n|\n|switch|p1a: Alakazam|Alakazam, M|100\/100\n|turn|7\n|\n|switch|p2a: Jirachi|Jirachi|100\/100\n|detailschange|p1a: Alakazam|Alakazam-Mega, M\n|-mega|p1a: Alakazam|Alakazam|Alakazite\n|-ability|p1a: Alakazam|Serene Grace|[from] ability: Trace|[of] p2a: Jirachi\n|move|p1a: Alakazam|Shadow Ball|p2a: Jirachi\n|-supereffective|p2a: Jirachi\n|-damage|p2a: Jirachi|47\/100\n|-unboost|p2a: Jirachi|spd|1\n|\n|-weather|SunnyDay|[upkeep]\n|-heal|p2a: Jirachi|53\/100|[from] item: Leftovers\n|upkeep\n|turn|8\n|inactive|Katakuri55 has 135 seconds left.\n|\n|switch|p2a: Mimikyu|Mimikyu, F|100\/100\n|move|p1a: Alakazam|Shadow Ball|p2a: Mimikyu\n|-activate|p2a: Mimikyu|ability: Disguise\n|-damage|p2a: Mimikyu|100\/100\n|detailschange|p2a: Mimikyu|Mimikyu-Busted, F\n|\n|-weather|SunnyDay|[upkeep]\n|upkeep\n|turn|9\n|inactive|H4WT \u272f has 135 seconds left.\n|\n|move|p2a: Mimikyu|Shadow Sneak|p1a: Alakazam\n|-supereffective|p1a: Alakazam\n|-damage|p1a: Alakazam|28\/100\n|-damage|p2a: Mimikyu|91\/100|[from] item: Life Orb\n|move|p1a: Alakazam|Shadow Ball|p2a: Mimikyu\n|-supereffective|p2a: Mimikyu\n|-damage|p2a: Mimikyu|5\/100\n|\n|-weather|none\n|upkeep\n|turn|10\n|inactive|Katakuri55 has 135 seconds left.\n|\n|switch|p1a: Landorus|Landorus-Therian, M|100\/100\n|-ability|p1a: Landorus|Intimidate|boost\n|-unboost|p2a: Mimikyu|atk|1\n|move|p2a: Mimikyu|Shadow Claw|p1a: Landorus\n|-damage|p1a: Landorus|76\/100\n|-damage|p2a: Mimikyu|0 fnt|[from] item: Life Orb\n|faint|p2a: Mimikyu\n|\n|upkeep\n|\n|switch|p2a: Charizard|Charizard-Mega-Y, F|79\/100\n|-weather|SunnyDay|[from] ability: Drought|[of] p2a: Charizard\n|turn|11\n|\n|switch|p2a: Jirachi|Jirachi|53\/100\n|move|p1a: Landorus|U-turn|p2a: Jirachi\n|-damage|p2a: Jirachi|31\/100\n|\n|switch|p1a: Alakazam|Alakazam-Mega, M|28\/100\n|-ability|p1a: Alakazam|Serene Grace|[from] ability: Trace|[of] p2a: Jirachi\n|\n|-weather|SunnyDay|[upkeep]\n|-heal|p2a: Jirachi|38\/100|[from] item: Leftovers\n|upkeep\n|turn|12\n|\n|move|p1a: Alakazam|Shadow Ball|p2a: Jirachi\n|-supereffective|p2a: Jirachi\n|-damage|p2a: Jirachi|0 fnt\n|faint|p2a: Jirachi\n|\n|-weather|SunnyDay|[upkeep]\n|upkeep\n|\n|switch|p2a: Weavile|Weavile, F|100\/100\n|-ability|p2a: Weavile|Pressure\n|turn|13\n|\n|move|p1a: Alakazam|Focus Blast|p2a: Weavile\n|-supereffective|p2a: Weavile\n|-damage|p2a: Weavile|0 fnt\n|faint|p2a: Weavile\n|\n|-weather|SunnyDay|[upkeep]\n|upkeep\n|\n|switch|p2a: Charizard|Charizard-Mega-Y, F|79\/100\n|turn|14\n|\n|move|p1a: Alakazam|Psychic|p2a: Charizard\n|-damage|p2a: Charizard|22\/100\n|-unboost|p2a: Charizard|spd|1\n|move|p2a: Charizard|Flamethrower|p1a: Alakazam\n|-damage|p1a: Alakazam|0 fnt\n|faint|p1a: Alakazam\n|\n|-weather|SunnyDay|[upkeep]\n|upkeep\n|\n|switch|p1a: Landorus|Landorus-Therian, M|76\/100\n|-ability|p1a: Landorus|Intimidate|boost\n|-unboost|p2a: Charizard|atk|1\n|turn|15\n|\n|move|p1a: Landorus|Hidden Power|p2a: Charizard\n|-damage|p2a: Charizard|2\/100\n|move|p2a: Charizard|Flamethrower|p1a: Landorus\n|-damage|p1a: Landorus|0 fnt\n|faint|p1a: Landorus\n|\n|-weather|none\n|upkeep\n|\n|switch|p1a: Clefable|Clefable, M|84\/100\n|turn|16\n|\n|switch|p2a: Tapu Koko|Tapu Koko|46\/100\n|-fieldstart|move: Electric Terrain|[from] ability: Electric Surge|[of] p2a: Tapu Koko\n|move|p1a: Clefable|Stealth Rock|p2a: Tapu Koko\n|-sidestart|p2: Katakuri55|move: Stealth Rock\n|\n|-heal|p1a: Clefable|90\/100|[from] item: Leftovers\n|upkeep\n|turn|17\n|\n|switch|p1a: Tangrowth|Tangrowth, F|100\/100\n|move|p2a: Tapu Koko|Defog|p1a: Tangrowth\n|-unboost|p1a: Tangrowth|evasion|1\n|-sideend|p2: Katakuri55|Stealth Rock|[from] move: Defog|[of] p2a: Tapu Koko\n|\n|upkeep\n|turn|18\n|\n|move|p2a: Tapu Koko|Hidden Power|p1a: Tangrowth\n|-supereffective|p1a: Tangrowth\n|-damage|p1a: Tangrowth|74\/100\n|-damage|p2a: Tapu Koko|36\/100|[from] item: Life Orb\n|move|p1a: Tangrowth|Knock Off|p2a: Tapu Koko\n|-resisted|p2a: Tapu Koko\n|-damage|p2a: Tapu Koko|22\/100\n|-enditem|p2a: Tapu Koko|Life Orb|[from] move: Knock Off|[of] p1a: Tangrowth\n|\n|upkeep\n|turn|19\n|\n|switch|p1a: Clefable|Clefable, M|90\/100\n|move|p2a: Tapu Koko|Hidden Power|p1a: Clefable\n|-damage|p1a: Clefable|75\/100\n|\n|-heal|p1a: Clefable|81\/100|[from] item: Leftovers\n|upkeep\n|turn|20\n|\n|move|p2a: Tapu Koko|Thunderbolt|p1a: Clefable\n|-damage|p1a: Clefable|31\/100\n|move|p1a: Clefable|Calm Mind|p1a: Clefable\n|-boost|p1a: Clefable|spa|1\n|-boost|p1a: Clefable|spd|1\n|\n|-heal|p1a: Clefable|38\/100|[from] item: Leftovers\n|-fieldend|move: Electric Terrain\n|upkeep\n|turn|21\n|\n|switch|p2a: Reuniclus|Reuniclus, F|100\/100\n|move|p1a: Clefable|Soft-Boiled|p1a: Clefable\n|-heal|p1a: Clefable|88\/100\n|\n|-heal|p1a: Clefable|94\/100|[from] item: Leftovers\n|upkeep\n|turn|22\n|\n|move|p1a: Clefable|Calm Mind|p1a: Clefable\n|-boost|p1a: Clefable|spa|1\n|-boost|p1a: Clefable|spd|1\n|move|p2a: Reuniclus|Calm Mind|p2a: Reuniclus\n|-boost|p2a: Reuniclus|spa|1\n|-boost|p2a: Reuniclus|spd|1\n|\n|-heal|p1a: Clefable|99\/100|[from] item: Leftovers\n|upkeep\n|turn|23\n|\n|move|p1a: Clefable|Calm Mind|p1a: Clefable\n|-boost|p1a: Clefable|spa|1\n|-boost|p1a: Clefable|spd|1\n|move|p2a: Reuniclus|Calm Mind|p2a: Reuniclus\n|-boost|p2a: Reuniclus|spa|1\n|-boost|p2a: Reuniclus|spd|1\n|\n|-heal|p1a: Clefable|100\/100|[from] item: Leftovers\n|upkeep\n|turn|24\n|\n|move|p1a: Clefable|Calm Mind|p1a: Clefable\n|-boost|p1a: Clefable|spa|1\n|-boost|p1a: Clefable|spd|1\n|move|p2a: Reuniclus|Calm Mind|p2a: Reuniclus\n|-boost|p2a: Reuniclus|spa|1\n|-boost|p2a: Reuniclus|spd|1\n|\n|upkeep\n|turn|25\n|\n|move|p1a: Clefable|Calm Mind|p1a: Clefable\n|-boost|p1a: Clefable|spa|1\n|-boost|p1a: Clefable|spd|1\n|move|p2a: Reuniclus|Calm Mind|p2a: Reuniclus\n|-boost|p2a: Reuniclus|spa|1\n|-boost|p2a: Reuniclus|spd|1\n|\n|upkeep\n|turn|26\n|\n|move|p1a: Clefable|Calm Mind|p1a: Clefable\n|-boost|p1a: Clefable|spa|1\n|-boost|p1a: Clefable|spd|1\n|move|p2a: Reuniclus|Calm Mind|p2a: Reuniclus\n|-boost|p2a: Reuniclus|spa|1\n|-boost|p2a: Reuniclus|spd|1\n|\n|upkeep\n|turn|27\n|\n|move|p1a: Clefable|Moonblast|p2a: Reuniclus\n|-damage|p2a: Reuniclus|67\/100\n|-unboost|p2a: Reuniclus|spa|1\n|move|p2a: Reuniclus|Calm Mind|p2a: Reuniclus\n|-boost|p2a: Reuniclus|spa|1\n|-boost|p2a: Reuniclus|spd|1\n|\n|-heal|p2a: Reuniclus|73\/100|[from] item: Leftovers\n|upkeep\n|turn|28\n|\n|move|p1a: Clefable|Moonblast|p2a: Reuniclus\n|-damage|p2a: Reuniclus|42\/100\n|move|p2a: Reuniclus|Recover|p2a: Reuniclus\n|-heal|p2a: Reuniclus|92\/100\n|\n|-heal|p2a: Reuniclus|98\/100|[from] item: Leftovers\n|upkeep\n|turn|29\n|\n|move|p1a: Clefable|Moonblast|p2a: Reuniclus\n|-damage|p2a: Reuniclus|71\/100\n|move|p2a: Reuniclus|Psyshock|p1a: Clefable\n|-damage|p1a: Clefable|9\/100\n|\n|-heal|p1a: Clefable|15\/100|[from] item: Leftovers\n|-heal|p2a: Reuniclus|77\/100|[from] item: Leftovers\n|upkeep\n|turn|30\n|\n|move|p1a: Clefable|Moonblast|p2a: Reuniclus\n|-damage|p2a: Reuniclus|47\/100\n|-unboost|p2a: Reuniclus|spa|1\n|move|p2a: Reuniclus|Psyshock|p1a: Clefable\n|-damage|p1a: Clefable|0 fnt\n|faint|p1a: Clefable\n|\n|-heal|p2a: Reuniclus|53\/100|[from] item: Leftovers\n|upkeep\n|\n|switch|p1a: Celesteela|Celesteela|100\/100\n|turn|31\n|\n|move|p1a: Celesteela|Heavy Slam|p2a: Reuniclus\n|-damage|p2a: Reuniclus|22\/100\n|move|p2a: Reuniclus|Recover|p2a: Reuniclus\n|-heal|p2a: Reuniclus|72\/100\n|\n|-heal|p2a: Reuniclus|79\/100|[from] item: Leftovers\n|upkeep\n|turn|32\n|\n|move|p1a: Celesteela|Heavy Slam|p2a: Reuniclus\n|-damage|p2a: Reuniclus|49\/100\n|move|p2a: Reuniclus|Psyshock|p1a: Celesteela\n|-resisted|p1a: Celesteela\n|-damage|p1a: Celesteela|60\/100\n|\n|-heal|p1a: Celesteela|66\/100|[from] item: Leftovers\n|-heal|p2a: Reuniclus|55\/100|[from] item: Leftovers\n|upkeep\n|turn|33\n|\n|move|p1a: Celesteela|Heavy Slam|p2a: Reuniclus\n|-damage|p2a: Reuniclus|22\/100\n|move|p2a: Reuniclus|Recover|p2a: Reuniclus\n|-heal|p2a: Reuniclus|72\/100\n|\n|-heal|p1a: Celesteela|73\/100|[from] item: Leftovers\n|-heal|p2a: Reuniclus|78\/100|[from] item: Leftovers\n|upkeep\n|turn|34\n|\n|move|p1a: Celesteela|Heavy Slam|p2a: Reuniclus\n|-damage|p2a: Reuniclus|44\/100\n|move|p2a: Reuniclus|Psyshock|p1a: Celesteela\n|-resisted|p1a: Celesteela\n|-damage|p1a: Celesteela|38\/100\n|\n|-heal|p1a: Celesteela|44\/100|[from] item: Leftovers\n|-heal|p2a: Reuniclus|50\/100|[from] item: Leftovers\n|upkeep\n|turn|35\n|\n|move|p1a: Celesteela|Heavy Slam|p2a: Reuniclus\n|-damage|p2a: Reuniclus|18\/100\n|move|p2a: Reuniclus|Psyshock|p1a: Celesteela\n|-resisted|p1a: Celesteela\n|-damage|p1a: Celesteela|9\/100\n|\n|-heal|p1a: Celesteela|15\/100|[from] item: Leftovers\n|-heal|p2a: Reuniclus|25\/100|[from] item: Leftovers\n|upkeep\n|turn|36\n|\n|move|p1a: Celesteela|Heavy Slam|p2a: Reuniclus\n|-damage|p2a: Reuniclus|0 fnt\n|faint|p2a: Reuniclus\n|-ability|p1a: Celesteela|Beast Boost|boost\n|-boost|p1a: Celesteela|def|1\n|\n|-heal|p1a: Celesteela|21\/100|[from] item: Leftovers\n|upkeep\n|\n|switch|p2a: Charizard|Charizard-Mega-Y, F|2\/100\n|-weather|SunnyDay|[from] ability: Drought|[of] p2a: Charizard\n|turn|37\n|\n|move|p2a: Charizard|Flamethrower|p1a: Celesteela\n|-supereffective|p1a: Celesteela\n|-damage|p1a: Celesteela|0 fnt\n|faint|p1a: Celesteela\n|\n|-weather|SunnyDay|[upkeep]\n|upkeep\n|\n|switch|p1a: Tangrowth|Tangrowth, F|100\/100\n|turn|38\n|\n|move|p2a: Charizard|Flamethrower|p1a: Tangrowth\n|-supereffective|p1a: Tangrowth\n|-damage|p1a: Tangrowth|0 fnt\n|faint|p1a: Tangrowth\n|\n|win|Katakuri55\n|l|\u2606H4WT \u272f\n|raw|H4WT \u272f's rating: 1761 &rarr; <strong>1737<\/strong><br \/>(-24 for losing)\n|raw|Katakuri55's rating: 1686 &rarr; <strong>1710<\/strong><br \/>(+24 for winning)\n","inputlog":null,"uploadtime":1530565243,"views":35,"p1id":"h4wt","p2id":"katakuri55","formatid":"gen7ou","rating":1710,"private":0,"password":null}