{"id":"gen7ou-1352280530","p1":"AlterAl","p2":"RTSG tests","format":"gen7ou","log":"|j|\u2606AlterAl\n|j|\u2606RTSG tests\n|t:|1622705833\n|gametype|singles\n|player|p1|AlterAl|cynthia-gen4|1210\n|player|p2|RTSG tests|169|1248\n|teamsize|p1|6\n|teamsize|p2|6\n|gen|7\n|tier|[Gen 7] OU\n|rated|\n|rule|Sleep Clause Mod: Limit one foe put to sleep\n|rule|Species Clause: Limit one of each Pok\u00e9mon\n|rule|OHKO Clause: OHKO moves are banned\n|rule|Moody Clause: Moody is banned\n|rule|Evasion Moves Clause: Evasion moves are banned\n|rule|Endless Battle Clause: Forcing endless battles is banned\n|rule|HP Percentage Mod: HP is shown in percentages\n|clearpoke\n|poke|p1|Keldeo|item\n|poke|p1|Ninetales-Alola, M|item\n|poke|p1|Excadrill, F|item\n|poke|p1|Garchomp, M|item\n|poke|p1|Zapdos|item\n|poke|p1|Weavile, M|item\n|poke|p2|Sceptile, M|item\n|poke|p2|Feraligatr, M|item\n|poke|p2|Infernape, M|item\n|poke|p2|Latios, M|item\n|poke|p2|Dugtrio-Alola, M|item\n|poke|p2|Thundurus-Therian, M|item\n|teampreview\n|inactive|Battle timer is ON: inactive players will automatically lose when time's up. (requested by RTSG tests)\n|\n|t:|1622705841\n|start\n|switch|p1a: Garchomp|Garchomp, M|100\/100\n|switch|p2a: Dugtrio|Dugtrio-Alola, M|100\/100\n|turn|1\n|\n|t:|1622705851\n|move|p2a: Dugtrio|Stealth Rock|p1a: Garchomp\n|-sidestart|p1: AlterAl|move: Stealth Rock\n|move|p1a: Garchomp|Stealth Rock|p2a: Dugtrio\n|-sidestart|p2: RTSG tests|move: Stealth Rock\n|\n|upkeep\n|turn|2\n|\n|t:|1622705857\n|move|p2a: Dugtrio|Earthquake|p1a: Garchomp\n|-damage|p1a: Garchomp|74\/100\n|move|p1a: Garchomp|Rock Tomb|p2a: Dugtrio\n|-resisted|p2a: Dugtrio\n|-damage|p2a: Dugtrio|90\/100\n|-unboost|p2a: Dugtrio|spe|1\n|\n|upkeep\n|turn|3\n|\n|t:|1622705867\n|move|p1a: Garchomp|Earthquake|p2a: Dugtrio\n|-supereffective|p2a: Dugtrio\n|-damage|p2a: Dugtrio|0 fnt\n|faint|p2a: Dugtrio\n|\n|upkeep\n|\n|t:|1622705871\n|switch|p2a: Sceptile|Sceptile, M|100\/100\n|-damage|p2a: Sceptile|88\/100|[from] Stealth Rock\n|turn|4\n|\n|t:|1622705880\n|detailschange|p2a: Sceptile|Sceptile-Mega, M\n|-mega|p2a: Sceptile|Sceptile|Sceptilite\n|move|p2a: Sceptile|Dragon Pulse|p1a: Garchomp\n|-supereffective|p1a: Garchomp\n|-damage|p1a: Garchomp|0 fnt\n|faint|p1a: Garchomp\n|\n|upkeep\n|\n|t:|1622705893\n|switch|p1a: Weavile|Weavile, M|100\/100\n|-damage|p1a: Weavile|76\/100|[from] Stealth Rock\n|turn|5\n|\n|t:|1622705899\n|switch|p2a: Infernape|Infernape, M|100\/100\n|-damage|p2a: Infernape|88\/100|[from] Stealth Rock\n|move|p1a: Weavile|Knock Off|p2a: Infernape\n|-resisted|p2a: Infernape\n|-damage|p2a: Infernape|38\/100\n|-enditem|p2a: Infernape|Life Orb|[from] move: Knock Off|[of] p1a: Weavile\n|-damage|p1a: Weavile|66\/100|[from] item: Life Orb\n|\n|upkeep\n|turn|6\n|\n|t:|1622705909\n|switch|p1a: Zapdos|Zapdos|100\/100\n|-damage|p1a: Zapdos|75\/100|[from] Stealth Rock\n|move|p2a: Infernape|Flare Blitz|p1a: Zapdos\n|-crit|p1a: Zapdos\n|-damage|p1a: Zapdos|9\/100\n|-status|p2a: Infernape|par|[from] ability: Static|[of] p1a: Zapdos\n|-damage|p2a: Infernape|9\/100 par|[from] Recoil\n|\n|-heal|p1a: Zapdos|15\/100|[from] item: Leftovers\n|upkeep\n|turn|7\n|\n|t:|1622705922\n|move|p1a: Zapdos|Roost|p1a: Zapdos\n|-heal|p1a: Zapdos|65\/100\n|-singleturn|p1a: Zapdos|move: Roost\n|move|p2a: Infernape|Flare Blitz|p1a: Zapdos\n|-damage|p1a: Zapdos|24\/100\n|-damage|p2a: Infernape|0 fnt|[from] Recoil\n|faint|p2a: Infernape\n|\n|-heal|p1a: Zapdos|31\/100|[from] item: Leftovers\n|upkeep\n|\n|t:|1622705929\n|switch|p2a: Sceptile|Sceptile-Mega, M|88\/100\n|-damage|p2a: Sceptile|76\/100|[from] Stealth Rock\n|turn|8\n|\n|t:|1622705940\n|switch|p1a: Excadrill|Excadrill, F|100\/100\n|-damage|p1a: Excadrill|97\/100|[from] Stealth Rock\n|-ability|p1a: Excadrill|Mold Breaker\n|move|p2a: Sceptile|Dragon Pulse|p1a: Excadrill\n|-resisted|p1a: Excadrill\n|-damage|p1a: Excadrill|64\/100\n|\n|upkeep\n|turn|9\n|\n|t:|1622705952\n|move|p2a: Sceptile|Focus Blast|p1a: Excadrill\n|-supereffective|p1a: Excadrill\n|-damage|p1a: Excadrill|0 fnt\n|faint|p1a: Excadrill\n|\n|upkeep\n|-message|AlterAl forfeited.\n|\n|win|RTSG tests\n|raw|AlterAl's rating: 1210 &rarr; <strong>1188<\/strong><br \/>(-22 for losing)\n|raw|RTSG tests's rating: 1248 &rarr; <strong>1270<\/strong><br \/>(+22 for winning)\n|l|\u2606AlterAl\n","uploadtime":1622705961,"views":24,"p1id":"alteral","p2id":"rtsgtests","formatid":"gen7ou","rating":1188,"private":0,"password":null}