{"id":"gen7ou-1697162911","p1":"ShiroFritz","p2":"Shinjou Akane","format":"gen7ou","log":"|j|\u2606ShiroFritz\n|j|\u2606Shinjou Akane\n|t:|1666972174\n|gametype|singles\n|player|p1|ShiroFritz|red|1393\n|player|p2|Shinjou Akane|nurse|1394\n|teamsize|p1|6\n|teamsize|p2|6\n|gen|7\n|tier|[Gen 7] OU\n|rated|\n|rule|Sleep Clause Mod: Limit one foe put to sleep\n|rule|Species Clause: Limit one of each Pok\u00e9mon\n|rule|OHKO Clause: OHKO moves are banned\n|rule|Moody Clause: Moody is banned\n|rule|Evasion Items Clause: Evasion items are banned\n|rule|Evasion Moves Clause: Evasion moves are banned\n|rule|Endless Battle Clause: Forcing endless battles is banned\n|rule|HP Percentage Mod: HP is shown in percentages\n|clearpoke\n|poke|p1|Pelipper, F|item\n|poke|p1|Swampert, F|item\n|poke|p1|Kingdra, F|item\n|poke|p1|Ferrothorn, F|item\n|poke|p1|Toxapex, F|item\n|poke|p1|Crawdaunt, M|item\n|poke|p2|Gardevoir, F|item\n|poke|p2|Garchomp, M|item\n|poke|p2|Rotom-Wash|item\n|poke|p2|Tapu Koko|item\n|poke|p2|Victini|item\n|poke|p2|Magearna|item\n|teampreview\n|\n|t:|1666972200\n|start\n|switch|p1a: Ferrothorn|Ferrothorn, F|100\/100\n|switch|p2a: Gardevoir|Gardevoir, F|100\/100\n|-ability|p2a: Gardevoir|Iron Barbs|[from] ability: Trace|[of] p1a: Ferrothorn\n|turn|1\n|\n|t:|1666972211\n|switch|p2a: Rotom|Rotom-Wash|100\/100\n|move|p1a: Ferrothorn|Gyro Ball|p2a: Rotom\n|-resisted|p2a: Rotom\n|-damage|p2a: Rotom|93\/100\n|\n|-heal|p2a: Rotom|99\/100|[from] item: Leftovers\n|upkeep\n|turn|2\n|\n|t:|1666972225\n|switch|p1a: Pelipper|Pelipper, F|100\/100\n|-weather|RainDance|[from] ability: Drizzle|[of] p1a: Pelipper\n|move|p2a: Rotom|Will-O-Wisp|p1a: Pelipper\n|-status|p1a: Pelipper|brn\n|\n|-weather|RainDance|[upkeep]\n|-heal|p2a: Rotom|100\/100|[from] item: Leftovers\n|-damage|p1a: Pelipper|94\/100 brn|[from] brn\n|upkeep\n|turn|3\n|\n|t:|1666972235\n|switch|p1a: Kingdra|Kingdra, F|100\/100\n|move|p2a: Rotom|Hydro Pump|p1a: Kingdra\n|-resisted|p1a: Kingdra\n|-damage|p1a: Kingdra|82\/100\n|\n|-weather|RainDance|[upkeep]\n|upkeep\n|turn|4\n|\n|t:|1666972248\n|switch|p2a: Magearna|Magearna|100\/100\n|move|p1a: Kingdra|Dragon Pulse|p2a: Magearna\n|-immune|p2a: Magearna\n|\n|-weather|RainDance|[upkeep]\n|upkeep\n|turn|5\n|inactive|Battle timer is ON: inactive players will automatically lose when time's up. (requested by ShiroFritz)\n|\n|t:|1666972258\n|switch|p1a: Swampert|Swampert, F|100\/100\n|move|p2a: Magearna|Volt Switch|p1a: Swampert\n|-immune|p1a: Swampert\n|\n|-weather|RainDance|[upkeep]\n|upkeep\n|turn|6\n|\n|t:|1666972267\n|switch|p2a: Rotom|Rotom-Wash|100\/100\n|detailschange|p1a: Swampert|Swampert-Mega, F\n|-mega|p1a: Swampert|Swampert|Swampertite\n|move|p1a: Swampert|Waterfall|p2a: Rotom\n|-resisted|p2a: Rotom\n|-damage|p2a: Rotom|71\/100\n|\n|-weather|RainDance|[upkeep]\n|-heal|p2a: Rotom|77\/100|[from] item: Leftovers\n|upkeep\n|turn|7\n|\n|t:|1666972276\n|switch|p1a: Kingdra|Kingdra, F|82\/100\n|move|p2a: Rotom|Hydro Pump|p1a: Kingdra\n|-resisted|p1a: Kingdra\n|-damage|p1a: Kingdra|62\/100\n|\n|-weather|RainDance|[upkeep]\n|-heal|p2a: Rotom|83\/100|[from] item: Leftovers\n|upkeep\n|turn|8\n|\n|t:|1666972284\n|move|p1a: Kingdra|Hydro Pump|p2a: Rotom|[miss]\n|-miss|p1a: Kingdra|p2a: Rotom\n|move|p2a: Rotom|Volt Switch|p1a: Kingdra\n|-damage|p1a: Kingdra|29\/100\n|\n|t:|1666972290\n|switch|p2a: Gardevoir|Gardevoir, F|100\/100|[from]move: Volt Switch\n|-ability|p2a: Gardevoir|Swift Swim|[from] ability: Trace|[of] p1a: Kingdra\n|\n|-weather|RainDance|[upkeep]\n|upkeep\n|turn|9\n|\n|t:|1666972299\n|switch|p1a: Ferrothorn|Ferrothorn, F|100\/100\n|detailschange|p2a: Gardevoir|Gardevoir-Mega, F\n|-mega|p2a: Gardevoir|Gardevoir|Gardevoirite\n|move|p2a: Gardevoir|Hyper Voice|p1a: Ferrothorn\n|-resisted|p1a: Ferrothorn\n|-damage|p1a: Ferrothorn|71\/100\n|\n|-weather|none\n|-heal|p1a: Ferrothorn|77\/100|[from] item: Leftovers\n|upkeep\n|turn|10\n|\n|t:|1666972308\n|switch|p2a: Victini|Victini|100\/100\n|move|p1a: Ferrothorn|Stealth Rock|p2a: Victini\n|-sidestart|p2: Shinjou Akane|move: Stealth Rock\n|\n|-heal|p1a: Ferrothorn|84\/100|[from] item: Leftovers\n|upkeep\n|turn|11\n|\n|t:|1666972317\n|switch|p1a: Pelipper|Pelipper, F|94\/100 brn\n|-weather|RainDance|[from] ability: Drizzle|[of] p1a: Pelipper\n|move|p2a: Victini|Toxic||[still]\n|-fail|p2a: Victini\n|\n|-weather|RainDance|[upkeep]\n|-damage|p1a: Pelipper|88\/100 brn|[from] brn\n|upkeep\n|turn|12\n|\n|t:|1666972332\n|switch|p2a: Rotom|Rotom-Wash|83\/100\n|-damage|p2a: Rotom|71\/100|[from] Stealth Rock\n|switch|p1a: Kingdra|Kingdra, F|29\/100\n|\n|-weather|RainDance|[upkeep]\n|-heal|p2a: Rotom|77\/100|[from] item: Leftovers\n|upkeep\n|turn|13\n|\n|t:|1666972340\n|switch|p2a: Magearna|Magearna|100\/100\n|-damage|p2a: Magearna|94\/100|[from] Stealth Rock\n|move|p1a: Kingdra|Dragon Pulse|p2a: Magearna\n|-immune|p2a: Magearna\n|\n|-weather|RainDance|[upkeep]\n|upkeep\n|turn|14\n|\n|t:|1666972352\n|switch|p1a: Ferrothorn|Ferrothorn, F|84\/100\n|move|p2a: Magearna|Fleur Cannon|p1a: Ferrothorn\n|-resisted|p1a: Ferrothorn\n|-damage|p1a: Ferrothorn|58\/100\n|-unboost|p2a: Magearna|spa|2\n|\n|-weather|RainDance|[upkeep]\n|-heal|p1a: Ferrothorn|64\/100|[from] item: Leftovers\n|upkeep\n|turn|15\n|\n|t:|1666972364\n|move|p2a: Magearna|Volt Switch|p1a: Ferrothorn\n|-resisted|p1a: Ferrothorn\n|-damage|p1a: Ferrothorn|60\/100\n|\n|t:|1666972367\n|switch|p2a: Rotom|Rotom-Wash|77\/100|[from]move: Volt Switch\n|-damage|p2a: Rotom|64\/100|[from] Stealth Rock\n|move|p1a: Ferrothorn|Leech Seed|p2a: Rotom\n|-start|p2a: Rotom|move: Leech Seed\n|\n|-weather|RainDance|[upkeep]\n|-heal|p2a: Rotom|71\/100|[from] item: Leftovers\n|-heal|p1a: Ferrothorn|66\/100|[from] item: Leftovers\n|-damage|p2a: Rotom|58\/100|[from] Leech Seed|[of] p1a: Ferrothorn\n|-heal|p1a: Ferrothorn|77\/100|[silent]\n|upkeep\n|turn|16\n|\n|t:|1666972382\n|switch|p1a: Kingdra|Kingdra, F|29\/100\n|move|p2a: Rotom|Defog|p1a: Kingdra\n|-unboost|p1a: Kingdra|evasion|1\n|-sideend|p2: Shinjou Akane|Stealth Rock|[from] move: Defog|[of] p2a: Rotom\n|\n|-weather|RainDance|[upkeep]\n|-heal|p2a: Rotom|64\/100|[from] item: Leftovers\n|-damage|p2a: Rotom|52\/100|[from] Leech Seed|[of] p1a: Kingdra\n|-heal|p1a: Kingdra|42\/100|[silent]\n|upkeep\n|turn|17\n|\n|t:|1666972391\n|switch|p2a: Magearna|Magearna|94\/100\n|move|p1a: Kingdra|Hydro Pump|p2a: Magearna\n|-damage|p2a: Magearna|44\/100\n|\n|-weather|RainDance|[upkeep]\n|upkeep\n|turn|18\n|\n|t:|1666972398\n|move|p1a: Kingdra|Hydro Pump|p2a: Magearna\n|-damage|p2a: Magearna|0 fnt\n|faint|p2a: Magearna\n|\n|-weather|none\n|upkeep\n|\n|t:|1666972408\n|switch|p2a: Gardevoir|Gardevoir-Mega, F|100\/100\n|turn|19\n|inactive|ShiroFritz has 120 seconds left.\n|\n|t:|1666972451\n|switch|p1a: Pelipper|Pelipper, F|88\/100 brn\n|-weather|RainDance|[from] ability: Drizzle|[of] p1a: Pelipper\n|move|p2a: Gardevoir|Focus Blast|p1a: Pelipper\n|-resisted|p1a: Pelipper\n|-crit|p1a: Pelipper\n|-damage|p1a: Pelipper|43\/100 brn\n|\n|-weather|RainDance|[upkeep]\n|-damage|p1a: Pelipper|37\/100 brn|[from] brn\n|upkeep\n|turn|20\n|\n|t:|1666972464\n|move|p2a: Gardevoir|Psyshock|p1a: Pelipper\n|-damage|p1a: Pelipper|0 fnt\n|faint|p1a: Pelipper\n|\n|-weather|RainDance|[upkeep]\n|upkeep\n|\n|t:|1666972489\n|switch|p1a: Kingdra|Kingdra, F|42\/100\n|turn|21\n|\n|t:|1666972497\n|move|p1a: Kingdra|Surf|p2a: Gardevoir\n|-damage|p2a: Gardevoir|19\/100\n|move|p2a: Gardevoir|Hyper Voice|p1a: Kingdra\n|-supereffective|p1a: Kingdra\n|-damage|p1a: Kingdra|0 fnt\n|faint|p1a: Kingdra\n|\n|-weather|RainDance|[upkeep]\n|upkeep\n|\n|t:|1666972505\n|switch|p1a: Crawdaunt|Crawdaunt, M|100\/100\n|turn|22\n|\n|t:|1666972512\n|switch|p2a: Rotom|Rotom-Wash|52\/100\n|move|p1a: Crawdaunt|Aqua Jet|p2a: Rotom\n|-resisted|p2a: Rotom\n|-damage|p2a: Rotom|35\/100\n|\n|-weather|RainDance|[upkeep]\n|-heal|p2a: Rotom|42\/100|[from] item: Leftovers\n|upkeep\n|turn|23\n|\n|t:|1666972525\n|switch|p1a: Ferrothorn|Ferrothorn, F|77\/100\n|move|p2a: Rotom|Volt Switch|p1a: Ferrothorn\n|-resisted|p1a: Ferrothorn\n|-damage|p1a: Ferrothorn|67\/100\n|\n|t:|1666972534\n|switch|p2a: Gardevoir|Gardevoir-Mega, F|19\/100|[from]move: Volt Switch\n|\n|-weather|RainDance|[upkeep]\n|-heal|p1a: Ferrothorn|73\/100|[from] item: Leftovers\n|upkeep\n|turn|24\n|inactive|ShiroFritz has 120 seconds left.\n|\n|t:|1666972545\n|move|p2a: Gardevoir|Focus Blast|p1a: Ferrothorn\n|-supereffective|p1a: Ferrothorn\n|-damage|p1a: Ferrothorn|0 fnt\n|faint|p1a: Ferrothorn\n|\n|-weather|RainDance|[upkeep]\n|upkeep\n|\n|t:|1666972552\n|switch|p1a: Swampert|Swampert-Mega, F|100\/100\n|turn|25\n|inactive|ShiroFritz has 120 seconds left.\n|\n|t:|1666972558\n|switch|p2a: Rotom|Rotom-Wash|42\/100\n|move|p1a: Swampert|Waterfall|p2a: Rotom\n|-resisted|p2a: Rotom\n|-damage|p2a: Rotom|14\/100\n|\n|-weather|RainDance|[upkeep]\n|-heal|p2a: Rotom|20\/100|[from] item: Leftovers\n|upkeep\n|turn|26\n|\n|t:|1666972566\n|move|p1a: Swampert|Waterfall|p2a: Rotom\n|-resisted|p2a: Rotom\n|-damage|p2a: Rotom|0 fnt\n|faint|p2a: Rotom\n|\n|-weather|none\n|upkeep\n|\n|t:|1666972567\n|switch|p2a: Garchomp|Garchomp, M|100\/100\n|turn|27\n|\n|t:|1666972572\n|move|p2a: Garchomp|Earthquake|p1a: Swampert\n|-damage|p1a: Swampert|60\/100\n|move|p1a: Swampert|Ice Punch|p2a: Garchomp\n|-supereffective|p2a: Garchomp\n|-damage|p2a: Garchomp|8\/100\n|-damage|p1a: Swampert|48\/100|[from] ability: Rough Skin|[of] p2a: Garchomp\n|\n|-heal|p2a: Garchomp|14\/100|[from] item: Leftovers\n|upkeep\n|turn|28\n|\n|t:|1666972582\n|move|p2a: Garchomp|Earthquake|p1a: Swampert\n|-damage|p1a: Swampert|8\/100\n|move|p1a: Swampert|Earthquake|p2a: Garchomp\n|-damage|p2a: Garchomp|0 fnt\n|faint|p2a: Garchomp\n|\n|upkeep\n|\n|t:|1666972585\n|switch|p2a: Victini|Victini|100\/100\n|turn|29\n|\n|t:|1666972590\n|move|p2a: Victini|U-turn|p1a: Swampert\n|-damage|p1a: Swampert|0 fnt\n|faint|p1a: Swampert\n|\n|t:|1666972593\n|switch|p2a: Tapu Koko|Tapu Koko|100\/100|[from]move: U-turn\n|-fieldstart|move: Electric Terrain|[from] ability: Electric Surge|[of] p2a: Tapu Koko\n|\n|upkeep\n|\n|t:|1666972601\n|switch|p1a: Crawdaunt|Crawdaunt, M|100\/100\n|turn|30\n|\n|t:|1666972610\n|move|p2a: Tapu Koko|Thunderbolt|p1a: Crawdaunt\n|-supereffective|p1a: Crawdaunt\n|-enditem|p1a: Crawdaunt|Focus Sash\n|-damage|p1a: Crawdaunt|1\/100\n|move|p1a: Crawdaunt|Crabhammer|p2a: Tapu Koko\n|-damage|p2a: Tapu Koko|10\/100\n|\n|upkeep\n|turn|31\n|\n|t:|1666972625\n|switch|p2a: Gardevoir|Gardevoir-Mega, F|19\/100\n|move|p1a: Crawdaunt|Aqua Jet|p2a: Gardevoir\n|-damage|p2a: Gardevoir|0 fnt\n|faint|p2a: Gardevoir\n|\n|upkeep\n|\n|t:|1666972627\n|switch|p2a: Victini|Victini|100\/100\n|turn|32\n|\n|t:|1666972634\n|move|p1a: Crawdaunt|Aqua Jet|p2a: Victini\n|-supereffective|p2a: Victini\n|-damage|p2a: Victini|49\/100\n|move|p2a: Victini|U-turn|p1a: Crawdaunt\n|-supereffective|p1a: Crawdaunt\n|-damage|p1a: Crawdaunt|0 fnt\n|faint|p1a: Crawdaunt\n|\n|t:|1666972637\n|switch|p2a: Tapu Koko|Tapu Koko|10\/100|[from]move: U-turn\n|\n|upkeep\n|\n|t:|1666972643\n|switch|p1a: Toxapex|Toxapex, F|100\/100\n|turn|33\n|\n|t:|1666972646\n|move|p1a: Toxapex|Baneful Bunker|p1a: Toxapex\n|-singleturn|p1a: Toxapex|move: Protect\n|move|p2a: Tapu Koko|Roost|p2a: Tapu Koko\n|-heal|p2a: Tapu Koko|60\/100\n|-singleturn|p2a: Tapu Koko|move: Roost\n|\n|-fieldend|move: Electric Terrain\n|upkeep\n|turn|34\n|\n|t:|1666972654\n|move|p2a: Tapu Koko|Roost|p2a: Tapu Koko\n|-heal|p2a: Tapu Koko|100\/100\n|-singleturn|p2a: Tapu Koko|move: Roost\n|move|p1a: Toxapex|Toxic|p2a: Tapu Koko\n|-status|p2a: Tapu Koko|tox\n|\n|-damage|p2a: Tapu Koko|94\/100 tox|[from] psn\n|upkeep\n|turn|35\n|\n|t:|1666972665\n|move|p1a: Toxapex|Baneful Bunker|p1a: Toxapex\n|-singleturn|p1a: Toxapex|move: Protect\n|move|p2a: Tapu Koko|Thunderbolt|p1a: Toxapex\n|-activate|p1a: Toxapex|move: Protect\n|\n|-damage|p2a: Tapu Koko|82\/100 tox|[from] psn\n|upkeep\n|turn|36\n|\n|t:|1666972672\n|move|p2a: Tapu Koko|Volt Switch|p1a: Toxapex\n|-supereffective|p1a: Toxapex\n|-damage|p1a: Toxapex|65\/100\n|\n|t:|1666972675\n|switch|p2a: Victini|Victini|49\/100|[from]move: Volt Switch\n|move|p1a: Toxapex|Scald|p2a: Victini\n|-supereffective|p2a: Victini\n|-damage|p2a: Victini|18\/100\n|\n|-heal|p1a: Toxapex|71\/100|[from] item: Black Sludge\n|upkeep\n|turn|37\n|\n|t:|1666972684\n|move|p1a: Toxapex|Baneful Bunker|p1a: Toxapex\n|-singleturn|p1a: Toxapex|move: Protect\n|move|p2a: Victini|Bolt Strike|p1a: Toxapex\n|-activate|p1a: Toxapex|move: Protect\n|-status|p2a: Victini|psn\n|\n|-heal|p1a: Toxapex|77\/100|[from] item: Black Sludge\n|-damage|p2a: Victini|6\/100 psn|[from] psn\n|upkeep\n|turn|38\n|\n|t:|1666972694\n|move|p2a: Victini|Bolt Strike|p1a: Toxapex|[miss]\n|-miss|p2a: Victini|p1a: Toxapex\n|move|p1a: Toxapex|Recover|p1a: Toxapex\n|-heal|p1a: Toxapex|100\/100\n|\n|-damage|p2a: Victini|0 fnt|[from] psn\n|faint|p2a: Victini\n|upkeep\n|\n|t:|1666972696\n|switch|p2a: Tapu Koko|Tapu Koko|82\/100 tox\n|-fieldstart|move: Electric Terrain|[from] ability: Electric Surge|[of] p2a: Tapu Koko\n|turn|39\n|\n|t:|1666972715\n|move|p1a: Toxapex|Baneful Bunker|p1a: Toxapex\n|-singleturn|p1a: Toxapex|move: Protect\n|move|p2a: Tapu Koko|Thunderbolt|p1a: Toxapex\n|-activate|p1a: Toxapex|move: Protect\n|\n|-damage|p2a: Tapu Koko|76\/100 tox|[from] psn\n|upkeep\n|turn|40\n|\n|t:|1666972723\n|-zpower|p2a: Tapu Koko\n|move|p2a: Tapu Koko|Gigavolt Havoc|p1a: Toxapex|[zeffect]\n|-supereffective|p1a: Toxapex\n|-damage|p1a: Toxapex|0 fnt\n|faint|p1a: Toxapex\n|\n|win|Shinjou Akane\n|raw|ShiroFritz's rating: 1393 &rarr; <strong>1373<\/strong><br \/>(-20 for losing)\n|raw|Shinjou Akane's rating: 1394 &rarr; <strong>1414<\/strong><br \/>(+20 for winning)\n","uploadtime":1666972731,"views":8,"p1id":"shirofritz","p2id":"shinjouakane","formatid":"gen7ou","rating":1373,"private":0,"password":null}