{"id":"gen7ou-978517753","p1":"kura9","p2":"JoJo321","format":"gen7ou","log":"|j|\u2606kura9\n|j|\u2606JoJo321\n|player|p1|kura9|2|1879\n|player|p2|JoJo321|102|1760\n|teamsize|p1|6\n|teamsize|p2|6\n|gametype|singles\n|gen|7\n|tier|[Gen 7] OU\n|rated|\n|rule|Sleep Clause Mod: Limit one foe put to sleep\n|rule|Species Clause: Limit one of each Pok\u00e9mon\n|rule|OHKO Clause: OHKO moves are banned\n|rule|Moody Clause: Moody is banned\n|rule|Evasion Moves Clause: Evasion moves are banned\n|rule|Endless Battle Clause: Forcing endless battles is banned\n|rule|HP Percentage Mod: HP is shown in percentages\n|clearpoke\n|poke|p1|Blastoise, M|item\n|poke|p1|Marowak-Alola, M|item\n|poke|p1|Ferrothorn, M|item\n|poke|p1|Magearna|item\n|poke|p1|Mimikyu, F|item\n|poke|p1|Thundurus-Therian, M|item\n|poke|p2|Beedrill, F|item\n|poke|p2|Tapu Fini|item\n|poke|p2|Landorus-Therian, M|item\n|poke|p2|Tapu Lele|item\n|poke|p2|Greninja, M|item\n|poke|p2|Magnezone|item\n|teampreview\n|j| wellsleeping\n|inactive|Battle timer is ON: inactive players will automatically lose when time's up. (requested by kura9)\n|\n|start\n|switch|p1a: Ferrothorn|Ferrothorn, M|100\/100\n|switch|p2a: Tapu Lele|Tapu Lele|100\/100\n|-fieldstart|move: Psychic Terrain|[from] ability: Psychic Surge|[of] p2a: Tapu Lele\n|turn|1\n|\n|switch|p2a: Magnezone|Magnezone|100\/100\n|switch|p1a: Blastoise|Blastoise, M|100\/100\n|\n|upkeep\n|turn|2\n|\n|switch|p2a: Tapu Lele|Tapu Lele|100\/100\n|switch|p1a: Thundurus|Thundurus-Therian, M|100\/100\n|\n|upkeep\n|turn|3\n|\n|move|p1a: Thundurus|Volt Switch|p2a: Tapu Lele\n|-damage|p2a: Tapu Lele|60\/100\n|\n|switch|p1a: Ferrothorn|Ferrothorn, M|100\/100|[from]move: Volt Switch\n|move|p2a: Tapu Lele|Psyshock|p1a: Ferrothorn\n|-resisted|p1a: Ferrothorn\n|-crit|p1a: Ferrothorn\n|-damage|p1a: Ferrothorn|67\/100\n|\n|upkeep\n|turn|4\n|j| Ben Shapedo\n|\n|switch|p2a: Magnezone|Magnezone|100\/100\n|move|p1a: Ferrothorn|Spikes|p2a: Magnezone\n|-sidestart|p2: JoJo321|Spikes\n|\n|upkeep\n|turn|5\n|l| Ben Shapedo\n|\n|move|p2a: Magnezone|Hidden Power|p1a: Ferrothorn\n|-supereffective|p1a: Ferrothorn\n|-damage|p1a: Ferrothorn|9\/100\n|move|p1a: Ferrothorn|Spikes|p2a: Magnezone\n|-sidestart|p2: JoJo321|Spikes\n|\n|-fieldend|move: Psychic Terrain\n|upkeep\n|turn|6\n|\n|move|p2a: Magnezone|Hidden Power|p1a: Ferrothorn\n|-supereffective|p1a: Ferrothorn\n|-damage|p1a: Ferrothorn|0 fnt\n|faint|p1a: Ferrothorn\n|\n|upkeep\n|\n|switch|p1a: Marowak|Marowak-Alola, M|100\/100\n|turn|7\n|\n|switch|p2a: Tapu Fini|Tapu Fini|100\/100\n|-damage|p2a: Tapu Fini|84\/100|[from] Spikes\n|-fieldstart|move: Misty Terrain|[from] ability: Misty Surge|[of] p2a: Tapu Fini\n|move|p1a: Marowak|Shadow Bone|p2a: Tapu Fini\n|-damage|p2a: Tapu Fini|27\/100\n|\n|-heal|p2a: Tapu Fini|33\/100|[from] item: Leftovers\n|upkeep\n|turn|8\n|\n|move|p2a: Tapu Fini|Defog|p1a: Marowak\n|-unboost|p1a: Marowak|evasion|1\n|-sideend|p2: JoJo321|Spikes|[from] move: Defog|[of] p2a: Tapu Fini\n|move|p1a: Marowak|Shadow Bone|p2a: Tapu Fini\n|-crit|p2a: Tapu Fini\n|-damage|p2a: Tapu Fini|0 fnt\n|faint|p2a: Tapu Fini\n|\n|upkeep\n|\n|switch|p2a: Landorus|Landorus-Therian, M|100\/100\n|-ability|p2a: Landorus|Intimidate|boost\n|-unboost|p1a: Marowak|atk|1\n|turn|9\n|\n|-zpower|p2a: Landorus\n|move|p2a: Landorus|Continental Crush|p1a: Marowak|[zeffect]\n|-supereffective|p1a: Marowak\n|-damage|p1a: Marowak|0 fnt\n|faint|p1a: Marowak\n|\n|upkeep\n|\n|switch|p1a: Blastoise|Blastoise, M|100\/100\n|turn|10\n|\n|switch|p2a: Tapu Lele|Tapu Lele|60\/100\n|-fieldstart|move: Psychic Terrain|[from] ability: Psychic Surge|[of] p2a: Tapu Lele\n|detailschange|p1a: Blastoise|Blastoise-Mega, M\n|-mega|p1a: Blastoise|Blastoise|Blastoisinite\n|move|p1a: Blastoise|Ice Beam|p2a: Tapu Lele\n|-damage|p2a: Tapu Lele|37\/100\n|\n|upkeep\n|turn|11\n|\n|move|p2a: Tapu Lele|Psyshock|p1a: Blastoise\n|-damage|p1a: Blastoise|46\/100\n|move|p1a: Blastoise|Dark Pulse|p2a: Tapu Lele\n|-damage|p2a: Tapu Lele|5\/100\n|\n|upkeep\n|turn|12\n|j| Heracrossed Up\n|\n|move|p2a: Tapu Lele|Psyshock|p1a: Blastoise\n|-crit|p1a: Blastoise\n|-damage|p1a: Blastoise|0 fnt\n|faint|p1a: Blastoise\n|\n|upkeep\n|\n|switch|p1a: Magearna|Magearna|100\/100\n|turn|13\n|\n|move|p2a: Tapu Lele|Nature's Madness|p1a: Magearna\n|-damage|p1a: Magearna|51\/100\n|move|p1a: Magearna|Trick Room|p1a: Magearna\n|-fieldstart|move: Trick Room|[of] p1a: Magearna\n|\n|upkeep\n|turn|14\n|l| Heracrossed Up\n|\n|move|p1a: Magearna|Aura Sphere|p2a: Tapu Lele\n|-resisted|p2a: Tapu Lele\n|-damage|p2a: Tapu Lele|0 fnt\n|faint|p2a: Tapu Lele\n|-ability|p1a: Magearna|Soul-Heart|boost\n|-boost|p1a: Magearna|spa|1\n|\n|-fieldend|move: Psychic Terrain\n|upkeep\n|\n|switch|p2a: Beedrill|Beedrill, F|100\/100\n|turn|15\n|\n|switch|p2a: Magnezone|Magnezone|100\/100\n|-zpower|p1a: Magearna\n|move|p1a: Magearna|Twinkle Tackle|p2a: Magnezone|[zeffect]\n|-resisted|p2a: Magnezone\n|-damage|p2a: Magnezone|0 fnt\n|faint|p2a: Magnezone\n|-ability|p1a: Magearna|Soul-Heart|boost\n|-boost|p1a: Magearna|spa|1\n|\n|upkeep\n|\n|switch|p2a: Beedrill|Beedrill, F|100\/100\n|turn|16\n|j| gare23limit\n|\n|detailschange|p2a: Beedrill|Beedrill-Mega, F\n|-mega|p2a: Beedrill|Beedrill|Beedrillite\n|move|p1a: Magearna|Flash Cannon|p2a: Beedrill\n|-damage|p2a: Beedrill|0 fnt\n|faint|p2a: Beedrill\n|-ability|p1a: Magearna|Soul-Heart|boost\n|-boost|p1a: Magearna|spa|1\n|\n|upkeep\n|\n|switch|p2a: Greninja|Greninja, M|100\/100\n|turn|17\n|\n|switch|p2a: Landorus|Landorus-Therian, M|100\/100\n|-ability|p2a: Landorus|Intimidate|boost\n|-unboost|p1a: Magearna|atk|1\n|move|p1a: Magearna|Fleur Cannon|p2a: Landorus\n|-damage|p2a: Landorus|0 fnt\n|-unboost|p1a: Magearna|spa|2\n|faint|p2a: Landorus\n|-ability|p1a: Magearna|Soul-Heart|boost\n|-boost|p1a: Magearna|spa|1\n|\n|-fieldend|move: Trick Room\n|upkeep\n|\n|switch|p2a: Greninja|Greninja, M|100\/100\n|turn|18\n|\n|move|p2a: Greninja|Hydro Pump|p1a: Magearna\n|-damage|p1a: Magearna|0 fnt\n|faint|p1a: Magearna\n|-activate|p2a: Greninja|ability: Battle Bond\n|detailschange|p2a: Greninja|Greninja-Ash, M\n|\n|upkeep\n|\n|switch|p1a: Mimikyu|Mimikyu, F|100\/100\n|turn|19\n|\n|move|p2a: Greninja|Hydro Pump|p1a: Mimikyu\n|-activate|p1a: Mimikyu|ability: Disguise\n|-damage|p1a: Mimikyu|100\/100\n|detailschange|p1a: Mimikyu|Mimikyu-Busted, F\n|move|p1a: Mimikyu|Trick Room|p1a: Mimikyu\n|-fieldstart|move: Trick Room|[of] p1a: Mimikyu\n|\n|upkeep\n|turn|20\n|\n|move|p1a: Mimikyu|Play Rough|p2a: Greninja\n|-supereffective|p2a: Greninja\n|-damage|p2a: Greninja|0 fnt\n|faint|p2a: Greninja\n|\n|win|kura9\n|l|\u2606JoJo321\n||Ladder (probably) updated, but score could not be retrieved (Response not received).\n","uploadtime":1568904759,"views":5,"p1id":"kura9","p2id":"jojo321","formatid":"gen7ou","rating":0,"private":0,"password":null}