{"id":"gen7ou-1457322469","p1":"therockcena","p2":"genaromgc","format":"gen7ou","log":"|j|\u2606therockcena\n|j|\u2606genaromgc\n|t:|1637348946\n|gametype|singles\n|player|p1|therockcena|1|1570\n|player|p2|genaromgc|1|1511\n|teamsize|p1|6\n|teamsize|p2|6\n|gen|7\n|tier|[Gen 7] OU\n|rated|\n|rule|Sleep Clause Mod: Limit one foe put to sleep\n|rule|Species Clause: Limit one of each Pok\u00e9mon\n|rule|OHKO Clause: OHKO moves are banned\n|rule|Moody Clause: Moody is banned\n|rule|Evasion Moves Clause: Evasion moves are banned\n|rule|Endless Battle Clause: Forcing endless battles is banned\n|rule|HP Percentage Mod: HP is shown in percentages\n|clearpoke\n|poke|p1|Victini|item\n|poke|p1|Magearna|item\n|poke|p1|Tangrowth, M|item\n|poke|p1|Tapu Koko|item\n|poke|p1|Charizard, M|item\n|poke|p1|Gliscor, M|item\n|poke|p2|Scizor, M|item\n|poke|p2|Ferrothorn, M|item\n|poke|p2|Toxapex, M|item\n|poke|p2|Volcarona, M|item\n|poke|p2|Scolipede, M|item\n|poke|p2|Gliscor, M|item\n|teampreview\n|inactive|Battle timer is ON: inactive players will automatically lose when time's up. (requested by genaromgc)\n|\n|t:|1637348970\n|start\n|switch|p1a: Charizard|Charizard, M|100\/100\n|switch|p2a: Ferrothorn|Ferrothorn, M|100\/100\n|turn|1\n|\n|t:|1637348975\n|detailschange|p1a: Charizard|Charizard-Mega-Y, M\n|-mega|p1a: Charizard|Charizard|Charizardite Y\n|-weather|SunnyDay|[from] ability: Drought|[of] p1a: Charizard\n|move|p2a: Ferrothorn|Protect|p2a: Ferrothorn\n|-singleturn|p2a: Ferrothorn|Protect\n|move|p1a: Charizard|Flamethrower|p2a: Ferrothorn\n|-activate|p2a: Ferrothorn|move: Protect\n|\n|-weather|SunnyDay|[upkeep]\n|upkeep\n|turn|2\n|\n|t:|1637348985\n|switch|p2a: Toxapex|Toxapex, M|100\/100\n|move|p1a: Charizard|Air Slash|p2a: Toxapex\n|-damage|p2a: Toxapex|63\/100\n|\n|-weather|SunnyDay|[upkeep]\n|-heal|p2a: Toxapex|69\/100|[from] item: Black Sludge\n|upkeep\n|turn|3\n|\n|t:|1637348990\n|move|p2a: Toxapex|Protect|p2a: Toxapex\n|-singleturn|p2a: Toxapex|Protect\n|move|p1a: Charizard|Air Slash|p2a: Toxapex\n|-activate|p2a: Toxapex|move: Protect\n|\n|-weather|SunnyDay|[upkeep]\n|-heal|p2a: Toxapex|75\/100|[from] item: Black Sludge\n|upkeep\n|turn|4\n|\n|t:|1637348993\n|switch|p1a: Gliscor|Gliscor, M|100\/100\n|move|p2a: Toxapex|Toxic|p1a: Gliscor\n|-status|p1a: Gliscor|tox\n|\n|-weather|SunnyDay|[upkeep]\n|-heal|p2a: Toxapex|81\/100|[from] item: Black Sludge\n|upkeep\n|turn|5\n|\n|t:|1637348998\n|move|p1a: Gliscor|Swords Dance|p1a: Gliscor\n|-boost|p1a: Gliscor|atk|2\n|move|p2a: Toxapex|Scald|p1a: Gliscor\n|-supereffective|p1a: Gliscor\n|-damage|p1a: Gliscor|80\/100 tox\n|\n|-weather|none\n|-heal|p2a: Toxapex|88\/100|[from] item: Black Sludge\n|-heal|p1a: Gliscor|93\/100 tox|[from] ability: Poison Heal\n|upkeep\n|turn|6\n|\n|t:|1637349003\n|switch|p2a: Ferrothorn|Ferrothorn, M|100\/100\n|move|p1a: Gliscor|Earthquake|p2a: Ferrothorn\n|-damage|p2a: Ferrothorn|50\/100\n|\n|-heal|p2a: Ferrothorn|56\/100|[from] item: Leftovers\n|-heal|p1a: Gliscor|100\/100 tox|[from] ability: Poison Heal\n|upkeep\n|turn|7\n|\n|t:|1637349007\n|move|p1a: Gliscor|Swords Dance|p1a: Gliscor\n|-boost|p1a: Gliscor|atk|2\n|move|p2a: Ferrothorn|Iron Defense|p2a: Ferrothorn\n|-boost|p2a: Ferrothorn|def|2\n|\n|-heal|p2a: Ferrothorn|62\/100|[from] item: Leftovers\n|upkeep\n|turn|8\n|\n|t:|1637349009\n|move|p1a: Gliscor|Earthquake|p2a: Ferrothorn\n|-damage|p2a: Ferrothorn|23\/100\n|move|p2a: Ferrothorn|Iron Defense|p2a: Ferrothorn\n|-boost|p2a: Ferrothorn|def|2\n|\n|-heal|p2a: Ferrothorn|29\/100|[from] item: Leftovers\n|upkeep\n|turn|9\n|\n|t:|1637349012\n|move|p2a: Ferrothorn|Protect|p2a: Ferrothorn\n|-singleturn|p2a: Ferrothorn|Protect\n|move|p1a: Gliscor|Earthquake|p2a: Ferrothorn\n|-activate|p2a: Ferrothorn|move: Protect\n|\n|-heal|p2a: Ferrothorn|36\/100|[from] item: Leftovers\n|upkeep\n|turn|10\n|\n|t:|1637349015\n|move|p1a: Gliscor|Earthquake|p2a: Ferrothorn\n|-damage|p2a: Ferrothorn|9\/100\n|move|p2a: Ferrothorn|Leech Seed|p1a: Gliscor\n|-start|p1a: Gliscor|move: Leech Seed\n|\n|-heal|p2a: Ferrothorn|15\/100|[from] item: Leftovers\n|-damage|p1a: Gliscor|88\/100 tox|[from] Leech Seed|[of] p2a: Ferrothorn\n|-heal|p2a: Ferrothorn|28\/100|[silent]\n|-heal|p1a: Gliscor|100\/100 tox|[from] ability: Poison Heal\n|upkeep\n|turn|11\n|\n|t:|1637349022\n|switch|p1a: Charizard|Charizard-Mega-Y, M|100\/100\n|-weather|SunnyDay|[from] ability: Drought|[of] p1a: Charizard\n|move|p2a: Ferrothorn|Iron Defense|p2a: Ferrothorn\n|-boost|p2a: Ferrothorn|def|2\n|\n|-weather|SunnyDay|[upkeep]\n|-heal|p2a: Ferrothorn|34\/100|[from] item: Leftovers\n|upkeep\n|turn|12\n|\n|t:|1637349025\n|switch|p2a: Toxapex|Toxapex, M|100\/100\n|move|p1a: Charizard|Flamethrower|p2a: Toxapex\n|-resisted|p2a: Toxapex\n|-damage|p2a: Toxapex|67\/100\n|\n|-weather|SunnyDay|[upkeep]\n|-heal|p2a: Toxapex|73\/100|[from] item: Black Sludge\n|upkeep\n|turn|13\n|\n|t:|1637349029\n|switch|p1a: Gliscor|Gliscor, M|100\/100 tox\n|move|p2a: Toxapex|Toxic|p1a: Gliscor\n|-fail|p1a: Gliscor|tox\n|\n|-weather|SunnyDay|[upkeep]\n|-heal|p2a: Toxapex|79\/100|[from] item: Black Sludge\n|upkeep\n|turn|14\n|\n|t:|1637349032\n|switch|p2a: Scolipede|Scolipede, M|100\/100\n|move|p1a: Gliscor|Swords Dance|p1a: Gliscor\n|-boost|p1a: Gliscor|atk|2\n|\n|-weather|SunnyDay|[upkeep]\n|upkeep\n|turn|15\n|\n|t:|1637349036\n|move|p2a: Scolipede|Aqua Tail|p1a: Gliscor\n|-supereffective|p1a: Gliscor\n|-damage|p1a: Gliscor|82\/100 tox\n|move|p1a: Gliscor|Earthquake|p2a: Scolipede\n|-damage|p2a: Scolipede|9\/100\n|\n|-weather|none\n|-heal|p1a: Gliscor|94\/100 tox|[from] ability: Poison Heal\n|-ability|p2a: Scolipede|Speed Boost|boost\n|-boost|p2a: Scolipede|spe|1\n|upkeep\n|turn|16\n|\n|t:|1637349049\n|switch|p1a: Tangrowth|Tangrowth, M|100\/100\n|move|p2a: Scolipede|Poison Jab|p1a: Tangrowth\n|-supereffective|p1a: Tangrowth\n|-damage|p1a: Tangrowth|46\/100\n|\n|-ability|p2a: Scolipede|Speed Boost|boost\n|-boost|p2a: Scolipede|spe|1\n|upkeep\n|turn|17\n|\n|t:|1637349054\n|switch|p1a: Victini|Victini|100\/100\n|move|p2a: Scolipede|Poison Jab|p1a: Victini\n|-damage|p1a: Victini|61\/100\n|-status|p1a: Victini|psn\n|\n|-damage|p1a: Victini|49\/100 psn|[from] psn\n|-ability|p2a: Scolipede|Speed Boost|boost\n|-boost|p2a: Scolipede|spe|1\n|upkeep\n|turn|18\n|\n|t:|1637349062\n|move|p2a: Scolipede|Poison Jab|p1a: Victini\n|-damage|p1a: Victini|8\/100 psn\n|move|p1a: Victini|V-create|p2a: Scolipede\n|-supereffective|p2a: Scolipede\n|-damage|p2a: Scolipede|0 fnt\n|-unboost|p1a: Victini|spe|1\n|-unboost|p1a: Victini|def|1\n|-unboost|p1a: Victini|spd|1\n|faint|p2a: Scolipede\n|\n|-damage|p1a: Victini|0 fnt|[from] psn\n|faint|p1a: Victini\n|upkeep\n|\n|t:|1637349069\n|switch|p2a: Scizor|Scizor, M|100\/100\n|switch|p1a: Charizard|Charizard-Mega-Y, M|100\/100\n|-weather|SunnyDay|[from] ability: Drought|[of] p1a: Charizard\n|turn|19\n|\n|t:|1637349073\n|switch|p2a: Toxapex|Toxapex, M|100\/100\n|move|p1a: Charizard|Flamethrower|p2a: Toxapex\n|-resisted|p2a: Toxapex\n|-damage|p2a: Toxapex|69\/100\n|\n|-weather|SunnyDay|[upkeep]\n|-heal|p2a: Toxapex|75\/100|[from] item: Black Sludge\n|upkeep\n|turn|20\n|\n|t:|1637349078\n|switch|p1a: Gliscor|Gliscor, M|94\/100 tox\n|switch|p2a: Scizor|Scizor, M|100\/100\n|\n|-weather|SunnyDay|[upkeep]\n|-heal|p1a: Gliscor|100\/100 tox|[from] ability: Poison Heal\n|upkeep\n|turn|21\n|\n|t:|1637349081\n|detailschange|p2a: Scizor|Scizor-Mega, M\n|-mega|p2a: Scizor|Scizor|Scizorite\n|move|p1a: Gliscor|Swords Dance|p1a: Gliscor\n|-boost|p1a: Gliscor|atk|2\n|move|p2a: Scizor|Swords Dance|p2a: Scizor\n|-boost|p2a: Scizor|atk|2\n|\n|-weather|SunnyDay|[upkeep]\n|upkeep\n|turn|22\n|\n|t:|1637349084\n|move|p1a: Gliscor|Earthquake|p2a: Scizor\n|-damage|p2a: Scizor|53\/100\n|move|p2a: Scizor|Swords Dance|p2a: Scizor\n|-boost|p2a: Scizor|atk|2\n|\n|-weather|SunnyDay|[upkeep]\n|upkeep\n|turn|23\n|\n|t:|1637349086\n|move|p1a: Gliscor|Earthquake|p2a: Scizor\n|-damage|p2a: Scizor|3\/100\n|move|p2a: Scizor|Roost|p2a: Scizor\n|-heal|p2a: Scizor|53\/100\n|-singleturn|p2a: Scizor|move: Roost\n|\n|-weather|none\n|upkeep\n|turn|24\n|\n|t:|1637349089\n|move|p1a: Gliscor|Earthquake|p2a: Scizor\n|-damage|p2a: Scizor|2\/100\n|move|p2a: Scizor|Roost|p2a: Scizor\n|-heal|p2a: Scizor|52\/100\n|-singleturn|p2a: Scizor|move: Roost\n|\n|upkeep\n|turn|25\n|\n|t:|1637349091\n|move|p1a: Gliscor|Earthquake|p2a: Scizor\n|-damage|p2a: Scizor|0 fnt\n|faint|p2a: Scizor\n|\n|upkeep\n|\n|t:|1637349094\n|switch|p2a: Gliscor|Gliscor, M|100\/100\n|turn|26\n|\n|t:|1637349097\n|switch|p1a: Charizard|Charizard-Mega-Y, M|100\/100\n|-weather|SunnyDay|[from] ability: Drought|[of] p1a: Charizard\n|move|p2a: Gliscor|Protect||[still]\n|-fail|p2a: Gliscor\n|\n|-weather|SunnyDay|[upkeep]\n|-status|p2a: Gliscor|tox|[from] item: Toxic Orb\n|upkeep\n|turn|27\n|\n|t:|1637349104\n|move|p1a: Charizard|Air Slash|p2a: Gliscor\n|-damage|p2a: Gliscor|46\/100 tox\n|move|p2a: Gliscor|Toxic|p1a: Charizard\n|-status|p1a: Charizard|tox\n|\n|-weather|SunnyDay|[upkeep]\n|-damage|p1a: Charizard|94\/100 tox|[from] psn\n|-heal|p2a: Gliscor|58\/100 tox|[from] ability: Poison Heal\n|upkeep\n|turn|28\n|\n|t:|1637349108\n|switch|p1a: Tapu Koko|Tapu Koko, shiny|100\/100\n|-fieldstart|move: Electric Terrain|[from] ability: Electric Surge|[of] p1a: Tapu Koko\n|move|p2a: Gliscor|Protect||[still]\n|-fail|p2a: Gliscor\n|\n|-weather|SunnyDay|[upkeep]\n|-heal|p2a: Gliscor|71\/100 tox|[from] ability: Poison Heal\n|upkeep\n|turn|29\n|\n|t:|1637349116\n|switch|p1a: Gliscor|Gliscor, M|100\/100 tox\n|move|p2a: Gliscor|Protect||[still]\n|-fail|p2a: Gliscor\n|\n|-weather|SunnyDay|[upkeep]\n|-heal|p2a: Gliscor|83\/100 tox|[from] ability: Poison Heal\n|upkeep\n|turn|30\n|\n|t:|1637349124\n|switch|p1a: Charizard|Charizard-Mega-Y, M|94\/100 tox\n|switch|p2a: Toxapex|Toxapex, M|100\/100\n|\n|-weather|none\n|-damage|p1a: Charizard|88\/100 tox|[from] psn\n|upkeep\n|turn|31\n|\n|t:|1637349129\n|switch|p1a: Magearna|Magearna|100\/100\n|move|p2a: Toxapex|Scald|p1a: Magearna\n|-damage|p1a: Magearna|91\/100\n|\n|upkeep\n|turn|32\n|\n|t:|1637349133\n|switch|p2a: Gliscor|Gliscor, M|83\/100 tox\n|move|p1a: Magearna|Volt Switch|p2a: Gliscor\n|-immune|p2a: Gliscor\n|\n|-heal|p2a: Gliscor|96\/100 tox|[from] ability: Poison Heal\n|-fieldend|move: Electric Terrain\n|upkeep\n|turn|33\n|\n|t:|1637349136\n|switch|p2a: Toxapex|Toxapex, M|100\/100\n|move|p1a: Magearna|Ice Beam|p2a: Toxapex\n|-resisted|p2a: Toxapex\n|-damage|p2a: Toxapex|88\/100\n|\n|-heal|p2a: Toxapex|94\/100|[from] item: Black Sludge\n|upkeep\n|turn|34\n|\n|t:|1637349140\n|move|p1a: Magearna|Volt Switch|p2a: Toxapex\n|-supereffective|p2a: Toxapex\n|-damage|p2a: Toxapex|56\/100\n|\n|t:|1637349142\n|switch|p1a: Gliscor|Gliscor, M|100\/100 tox|[from]move: Volt Switch\n|move|p2a: Toxapex|Toxic|p1a: Gliscor\n|-fail|p1a: Gliscor|tox\n|\n|-heal|p2a: Toxapex|62\/100|[from] item: Black Sludge\n|upkeep\n|turn|35\n|\n|t:|1637349145\n|switch|p1a: Tapu Koko|Tapu Koko, shiny|100\/100\n|-fieldstart|move: Electric Terrain|[from] ability: Electric Surge|[of] p1a: Tapu Koko\n|switch|p2a: Gliscor|Gliscor, M|96\/100 tox\n|\n|-heal|p2a: Gliscor|100\/100 tox|[from] ability: Poison Heal\n|upkeep\n|turn|36\n|\n|t:|1637349148\n|switch|p2a: Toxapex|Toxapex, M|96\/100\n|move|p1a: Tapu Koko|Hidden Power|p2a: Toxapex\n|-resisted|p2a: Toxapex\n|-damage|p2a: Toxapex|89\/100\n|\n|-heal|p2a: Toxapex|95\/100|[from] item: Black Sludge\n|upkeep\n|turn|37\n|\n|t:|1637349151\n|switch|p1a: Magearna|Magearna|91\/100\n|move|p2a: Toxapex|Toxic|p1a: Magearna\n|-immune|p1a: Magearna\n|\n|-heal|p2a: Toxapex|100\/100|[from] item: Black Sludge\n|upkeep\n|turn|38\n|\n|t:|1637349153\n|move|p1a: Magearna|Volt Switch|p2a: Toxapex\n|-supereffective|p2a: Toxapex\n|-damage|p2a: Toxapex|37\/100\n|\n|t:|1637349158\n|switch|p1a: Tapu Koko|Tapu Koko, shiny|100\/100|[from]move: Volt Switch\n|move|p2a: Toxapex|Recover|p2a: Toxapex\n|-heal|p2a: Toxapex|87\/100\n|\n|-heal|p2a: Toxapex|94\/100|[from] item: Black Sludge\n|upkeep\n|turn|39\n|\n|t:|1637349164\n|move|p2a: Toxapex|Protect|p2a: Toxapex\n|-singleturn|p2a: Toxapex|Protect\n|move|p1a: Tapu Koko|Hidden Power|p2a: Toxapex\n|-activate|p2a: Toxapex|move: Protect\n|\n|-heal|p2a: Toxapex|99\/100|[from] item: Black Sludge\n|-fieldend|move: Electric Terrain\n|upkeep\n|turn|40\n|\n|t:|1637349166\n|switch|p1a: Magearna|Magearna|91\/100\n|move|p2a: Toxapex|Toxic|p1a: Magearna\n|-immune|p1a: Magearna\n|\n|-heal|p2a: Toxapex|100\/100|[from] item: Black Sludge\n|upkeep\n|turn|41\n|\n|t:|1637349169\n|move|p1a: Magearna|Volt Switch|p2a: Toxapex\n|-supereffective|p2a: Toxapex\n|-damage|p2a: Toxapex|60\/100\n|\n|t:|1637349171\n|switch|p1a: Gliscor|Gliscor, M|100\/100 tox|[from]move: Volt Switch\n|move|p2a: Toxapex|Toxic|p1a: Gliscor\n|-fail|p1a: Gliscor|tox\n|\n|-heal|p2a: Toxapex|66\/100|[from] item: Black Sludge\n|upkeep\n|turn|42\n|\n|t:|1637349175\n|switch|p2a: Gliscor|Gliscor, M|100\/100 tox\n|move|p1a: Gliscor|Earthquake|p2a: Gliscor\n|-immune|p2a: Gliscor\n|\n|upkeep\n|turn|43\n|\n|t:|1637349180\n|switch|p1a: Charizard|Charizard-Mega-Y, M|88\/100 tox\n|-weather|SunnyDay|[from] ability: Drought|[of] p1a: Charizard\n|switch|p2a: Toxapex|Toxapex, M|99\/100\n|\n|-weather|SunnyDay|[upkeep]\n|-heal|p2a: Toxapex|100\/100|[from] item: Black Sludge\n|-damage|p1a: Charizard|82\/100 tox|[from] psn\n|upkeep\n|turn|44\n|\n|t:|1637349185\n|switch|p1a: Tapu Koko|Tapu Koko, shiny|100\/100\n|-fieldstart|move: Electric Terrain|[from] ability: Electric Surge|[of] p1a: Tapu Koko\n|move|p2a: Toxapex|Scald|p1a: Tapu Koko\n|-damage|p1a: Tapu Koko|88\/100\n|\n|-weather|SunnyDay|[upkeep]\n|upkeep\n|turn|45\n|\n|t:|1637349187\n|move|p1a: Tapu Koko|Volt Switch|p2a: Toxapex\n|-supereffective|p2a: Toxapex\n|-crit|p2a: Toxapex\n|-damage|p2a: Toxapex|0 fnt\n|faint|p2a: Toxapex\n|\n|t:|1637349192\n|switch|p1a: Magearna|Magearna|91\/100|[from]move: Volt Switch\n|\n|-weather|SunnyDay|[upkeep]\n|upkeep\n|\n|t:|1637349197\n|switch|p2a: Volcarona|Volcarona, M|100\/100\n|turn|46\n|\n|t:|1637349203\n|switch|p1a: Charizard|Charizard-Mega-Y, M|82\/100 tox\n|move|p2a: Volcarona|Quiver Dance|p2a: Volcarona\n|-boost|p2a: Volcarona|spa|1\n|-boost|p2a: Volcarona|spd|1\n|-boost|p2a: Volcarona|spe|1\n|\n|-weather|SunnyDay|[upkeep]\n|-damage|p1a: Charizard|76\/100 tox|[from] psn\n|upkeep\n|turn|47\n|\n|t:|1637349211\n|move|p2a: Volcarona|Quiver Dance|p2a: Volcarona\n|-boost|p2a: Volcarona|spa|1\n|-boost|p2a: Volcarona|spd|1\n|-boost|p2a: Volcarona|spe|1\n|move|p1a: Charizard|Air Slash|p2a: Volcarona\n|-supereffective|p2a: Volcarona\n|-damage|p2a: Volcarona|49\/100\n|\n|-weather|none\n|-damage|p1a: Charizard|64\/100 tox|[from] psn\n|upkeep\n|turn|48\n|\n|t:|1637349221\n|move|p2a: Volcarona|Quiver Dance|p2a: Volcarona\n|-boost|p2a: Volcarona|spa|1\n|-boost|p2a: Volcarona|spd|1\n|-boost|p2a: Volcarona|spe|1\n|move|p1a: Charizard|Air Slash|p2a: Volcarona\n|-supereffective|p2a: Volcarona\n|-damage|p2a: Volcarona|10\/100\n|\n|-damage|p1a: Charizard|46\/100 tox|[from] psn\n|-fieldend|move: Electric Terrain\n|upkeep\n|turn|49\n|\n|t:|1637349247\n|move|p2a: Volcarona|Fiery Dance|p1a: Charizard\n|-resisted|p1a: Charizard\n|-damage|p1a: Charizard|0 fnt\n|-boost|p2a: Volcarona|spa|1\n|faint|p1a: Charizard\n|\n|upkeep\n|\n|t:|1637349253\n|switch|p1a: Magearna|Magearna|91\/100\n|turn|50\n|\n|t:|1637349260\n|move|p2a: Volcarona|Fiery Dance|p1a: Magearna\n|-supereffective|p1a: Magearna\n|-damage|p1a: Magearna|0 fnt\n|faint|p1a: Magearna\n|\n|upkeep\n|\n|t:|1637349263\n|switch|p1a: Tangrowth|Tangrowth, M|79\/100\n|turn|51\n|\n|t:|1637349268\n|move|p2a: Volcarona|Fiery Dance|p1a: Tangrowth\n|-supereffective|p1a: Tangrowth\n|-damage|p1a: Tangrowth|0 fnt\n|faint|p1a: Tangrowth\n|\n|upkeep\n|\n|t:|1637349269\n|switch|p1a: Gliscor|Gliscor, M|100\/100 tox\n|turn|52\n|\n|t:|1637349282\n|move|p2a: Volcarona|Fiery Dance|p1a: Gliscor\n|-damage|p1a: Gliscor|0 fnt\n|faint|p1a: Gliscor\n|\n|upkeep\n|-message|therockcena forfeited.\n|\n|win|genaromgc\n|raw|therockcena's rating: 1570 &rarr; <strong>1547<\/strong><br \/>(-23 for losing)\n|raw|genaromgc's rating: 1511 &rarr; <strong>1534<\/strong><br \/>(+23 for winning)\n|l|\u2606therockcena\n","uploadtime":1637349293,"views":7,"p1id":"therockcena","p2id":"genaromgc","formatid":"gen7ou","rating":1534,"private":0,"password":null}