{"id":"gen7ou-670904157","p1":"Toxabelle","p2":"wlsdx6","format":"gen7ou","log":"|raw|<div class=\"broadcast-red\"><strong>This battle is invite-only!<\/strong><br \/>Users must be rank + or invited with <code>\/invite<\/code> to join<\/div>\n|j|Toxabelle\n|j|wlsdx6\n|player|p1|Toxabelle|169\n|teamsize|p1|6\n|player|p2|wlsdx6|22\n|teamsize|p2|6\n|gametype|singles\n|gen|7\n|tier|[Gen 7] OU\n|rated|\n|seed|13845,16040,1310,31146\n|rule|Sleep Clause Mod: Limit one foe put to sleep\n|rule|Species Clause: Limit one of each Pok\u00e9mon\n|rule|OHKO Clause: OHKO moves are banned\n|rule|Moody Clause: Moody is banned\n|rule|Evasion Moves Clause: Evasion moves are banned\n|rule|Endless Battle Clause: Forcing endless battles is banned\n|rule|HP Percentage Mod: HP is shown in percentages\n|clearpoke\n|poke|p1|Venusaur, M|item\n|poke|p1|Skarmory, M|item\n|poke|p1|Keldeo-Resolute|item\n|poke|p1|Chansey, F|item\n|poke|p1|Heatran, M|item\n|poke|p1|Bisharp, F|item\n|poke|p2|Kartana|item\n|poke|p2|Tapu Lele|item\n|poke|p2|Magearna|item\n|poke|p2|Greninja, M|item\n|poke|p2|Zapdos|item\n|poke|p2|Landorus-Therian, M|item\n|teampreview\n|inactive|Battle timer is ON: inactive players will automatically lose when time's up. (requested by Toxabelle)\n|choice|team 3, team 2, team 1, team 4, team 5, team 6|team 2, team 1, team 3, team 4, team 5, team 6\n|\n|start\n|switch|p1a: Keldeo|Keldeo-Resolute|323\/323\n|switch|p2a: Tapu Lele|Tapu Lele|281\/281\n|-fieldstart|move: Psychic Terrain|[from] ability: Psychic Surge|[of] p2a: Tapu Lele\n|turn|1\n|choice|switch 5|move psyshock\n|\n|switch|p1a: Heatran|Heatran, M|386\/386\n|move|p2a: Tapu Lele|Psyshock|p1a: Heatran\n|-resisted|p1a: Heatran\n|-damage|p1a: Heatran|287\/386\n|\n|-heal|p1a: Heatran|311\/386|[from] item: Leftovers\n|upkeep\n|turn|2\n|choice|move stealthrock|move focusblast\n|\n|move|p2a: Tapu Lele|Focus Blast|p1a: Heatran\n|-supereffective|p1a: Heatran\n|-damage|p1a: Heatran|17\/386\n|move|p1a: Heatran|Stealth Rock|p2a: Tapu Lele\n|-sidestart|p2: wlsdx6|move: Stealth Rock\n|\n|-heal|p1a: Heatran|41\/386|[from] item: Leftovers\n|upkeep\n|turn|3\n|choice|switch 4|move psyshock\n|\n|switch|p1a: Chansey|Chansey, F|703\/703\n|move|p2a: Tapu Lele|Psyshock|p1a: Chansey\n|-damage|p1a: Chansey|406\/703\n|\n|upkeep\n|turn|4\n|choice|move softboiled|move psyshock\n|\n|move|p2a: Tapu Lele|Psyshock|p1a: Chansey\n|-damage|p1a: Chansey|42\/703\n|move|p1a: Chansey|Soft-Boiled|p1a: Chansey\n|-heal|p1a: Chansey|394\/703\n|\n|upkeep\n|turn|5\n|choice|switch 6|move psyshock\n|\n|switch|p1a: Bisharp|Bisharp, F|334\/334\n|move|p2a: Tapu Lele|Psyshock|p1a: Bisharp\n|-immune|p1a: Bisharp|[msg]\n|\n|-fieldend|move: Psychic Terrain\n|upkeep\n|turn|6\n|choice|move suckerpunch|move focusblast\n|\n|move|p1a: Bisharp|Sucker Punch|p2a: Tapu Lele\n|-damage|p2a: Tapu Lele|110\/281\n|move|p2a: Tapu Lele|Focus Blast|p1a: Bisharp\n|-supereffective|p1a: Bisharp\n|-damage|p1a: Bisharp|0 fnt\n|faint|p1a: Bisharp\n|\n|upkeep\n|choice|switch 2|\n|\n|switch|p1a: Skarmory|Skarmory, M|333\/333\n|turn|7\n|choice|move bravebird|switch 5\n|\n|switch|p2a: Zapdos|Zapdos|383\/383\n|-damage|p2a: Zapdos|288\/383|[from] Stealth Rock\n|move|p1a: Skarmory|Brave Bird|p2a: Zapdos\n|-resisted|p2a: Zapdos\n|-damage|p2a: Zapdos|242\/383\n|-damage|p1a: Skarmory|318\/333|[from] Recoil|[of] p2a: Zapdos\n|\n|-heal|p2a: Zapdos|265\/383|[from] item: Leftovers\n|upkeep\n|turn|8\n|choice|switch 6|switch 2\n|\n|switch|p2a: Kartana|Kartana|259\/259\n|-damage|p2a: Kartana|243\/259|[from] Stealth Rock\n|switch|p1a: Chansey|Chansey, F|394\/703\n|\n|upkeep\n|turn|9\n|choice|switch 3|switch 5\n|\n|switch|p2a: Tapu Lele|Tapu Lele|110\/281\n|-damage|p2a: Tapu Lele|75\/281|[from] Stealth Rock\n|-fieldstart|move: Psychic Terrain|[from] ability: Psychic Surge|[of] p2a: Tapu Lele\n|switch|p1a: Venusaur|Venusaur, M|363\/363\n|\n|upkeep\n|turn|10\n|choice|switch 4|move psyshock\n|\n|switch|p1a: Heatran|Heatran, M|41\/386\n|move|p2a: Tapu Lele|Psyshock|p1a: Heatran\n|-resisted|p1a: Heatran\n|-damage|p1a: Heatran|0 fnt\n|faint|p1a: Heatran\n|\n|upkeep\n|choice|switch 5|\n|\n|switch|p1a: Keldeo|Keldeo-Resolute|323\/323\n|turn|11\n|choice|move scald|switch 3\n|\n|switch|p2a: Magearna|Magearna|364\/364\n|-damage|p2a: Magearna|342\/364|[from] Stealth Rock\n|move|p1a: Keldeo|Scald|p2a: Magearna\n|-damage|p2a: Magearna|269\/364\n|-status|p2a: Magearna|brn\n|\n|-damage|p2a: Magearna|247\/364 brn|[from] brn\n|upkeep\n|turn|12\n|choice|move substitute|move voltswitch\n|\n|move|p1a: Keldeo|Substitute|p1a: Keldeo\n|-start|p1a: Keldeo|Substitute\n|-damage|p1a: Keldeo|243\/323\n|move|p2a: Magearna|Volt Switch|p1a: Keldeo\n|-supereffective|p1a: Keldeo\n|-end|p1a: Keldeo|Substitute\n|choice||switch 4\n|\n|switch|p2a: Greninja|Greninja, M|285\/285|[from]move: Volt Switch\n|-damage|p2a: Greninja|250\/285|[from] Stealth Rock\n|\n|-heal|p1a: Keldeo|263\/323|[from] item: Leftovers\n|upkeep\n|turn|13\n|choice|switch 3|move gunkshot\n|\n|switch|p1a: Chansey|Chansey, F|394\/703\n|move|p2a: Greninja|Gunk Shot|p1a: Chansey\n|-start|p2a: Greninja|typechange|Poison|[from] Protean\n|-damage|p1a: Chansey|162\/703\n|\n|-fieldend|move: Psychic Terrain\n|upkeep\n|turn|14\n|choice|switch 6|move gunkshot\n|\n|switch|p1a: Skarmory|Skarmory, M|318\/333\n|move|p2a: Greninja|Gunk Shot|p1a: Skarmory\n|-immune|p1a: Skarmory|[msg]\n|\n|upkeep\n|turn|15\n|choice|switch 6|switch 6\n|\n|switch|p2a: Landorus|Landorus-Therian, M|381\/381\n|-damage|p2a: Landorus|334\/381|[from] Stealth Rock\n|-ability|p2a: Landorus|Intimidate|boost\n|-unboost|p1a: Skarmory|atk|1\n|switch|p1a: Chansey|Chansey, F|162\/703\n|\n|upkeep\n|turn|16\n|choice|switch 6|move earthquake\n|\n|switch|p1a: Skarmory|Skarmory, M|318\/333\n|move|p2a: Landorus|Earthquake|p1a: Skarmory\n|-immune|p1a: Skarmory|[msg]\n|\n|upkeep\n|turn|17\n|choice|move spikes|move stealthrock\n|\n|move|p2a: Landorus|Stealth Rock|p1a: Skarmory\n|-sidestart|p1: Toxabelle|move: Stealth Rock\n|move|p1a: Skarmory|Spikes|p2a: Landorus\n|-sidestart|p2: wlsdx6|Spikes\n|\n|upkeep\n|turn|18\n|choice|move spikes|switch 2\n|\n|switch|p2a: Zapdos|Zapdos|265\/383\n|-damage|p2a: Zapdos|170\/383|[from] Stealth Rock\n|move|p1a: Skarmory|Spikes|p2a: Zapdos\n|-sidestart|p2: wlsdx6|Spikes\n|\n|-heal|p2a: Zapdos|193\/383|[from] item: Leftovers\n|upkeep\n|turn|19\n|choice|switch 4|move heatwave\n|\n|switch|p1a: Venusaur|Venusaur, M|363\/363\n|-damage|p1a: Venusaur|318\/363|[from] Stealth Rock\n|move|p2a: Zapdos|Heat Wave|p1a: Venusaur\n|-supereffective|p1a: Venusaur\n|-damage|p1a: Venusaur|144\/363\n|\n|-heal|p2a: Zapdos|216\/383|[from] item: Leftovers\n|upkeep\n|turn|20\n|choice|move sludgebomb mega|move roost\n|\n|-mega|p1a: Venusaur|Venusaur|Venusaurite\n|detailschange|p1a: Venusaur|Venusaur-Mega, M\n|move|p2a: Zapdos|Roost|p2a: Zapdos\n|-heal|p2a: Zapdos|383\/383\n|move|p1a: Venusaur|Sludge Bomb|p2a: Zapdos\n|-damage|p2a: Zapdos|247\/383\n|-status|p2a: Zapdos|psn\n|\n|-heal|p2a: Zapdos|270\/383 psn|[from] item: Leftovers\n|-damage|p2a: Zapdos|223\/383 psn|[from] psn\n|upkeep\n|turn|21\n|choice|move synthesis|move discharge\n|\n|move|p2a: Zapdos|Discharge|p1a: Venusaur\n|-resisted|p1a: Venusaur\n|-damage|p1a: Venusaur|97\/363\n|move|p1a: Venusaur|Synthesis|p1a: Venusaur\n|-heal|p1a: Venusaur|278\/363\n|\n|-heal|p2a: Zapdos|246\/383 psn|[from] item: Leftovers\n|-damage|p2a: Zapdos|199\/383 psn|[from] psn\n|upkeep\n|turn|22\n|choice|move gigadrain|move discharge\n|\n|move|p2a: Zapdos|Discharge|p1a: Venusaur\n|-resisted|p1a: Venusaur\n|-damage|p1a: Venusaur|227\/363\n|-status|p1a: Venusaur|par\n|cant|p1a: Venusaur|par\n|\n|-heal|p2a: Zapdos|222\/383 psn|[from] item: Leftovers\n|-damage|p2a: Zapdos|175\/383 psn|[from] psn\n|upkeep\n|turn|23\n|choice|move gigadrain|move roost\n|\n|move|p2a: Zapdos|Roost|p2a: Zapdos\n|-heal|p2a: Zapdos|367\/383 psn\n|move|p1a: Venusaur|Giga Drain|p2a: Zapdos\n|-damage|p2a: Zapdos|255\/383 psn\n|-heal|p1a: Venusaur|283\/363 par|[from] drain|[of] p2a: Zapdos\n|\n|-heal|p2a: Zapdos|278\/383 psn|[from] item: Leftovers\n|-damage|p2a: Zapdos|231\/383 psn|[from] psn\n|upkeep\n|turn|24\n|inactive|wlsdx6 has 135 seconds left.\n|choice|move sludgebomb|move heatwave\n|\n|move|p2a: Zapdos|Heat Wave|p1a: Venusaur\n|-supereffective|p1a: Venusaur\n|-damage|p1a: Venusaur|211\/363 par\n|move|p1a: Venusaur|Sludge Bomb|p2a: Zapdos\n|-damage|p2a: Zapdos|95\/383 psn\n|\n|-heal|p2a: Zapdos|118\/383 psn|[from] item: Leftovers\n|-damage|p2a: Zapdos|71\/383 psn|[from] psn\n|upkeep\n|turn|25\n|choice|move gigadrain|move roost\n|\n|move|p2a: Zapdos|Roost|p2a: Zapdos\n|-heal|p2a: Zapdos|263\/383 psn\n|move|p1a: Venusaur|Giga Drain|p2a: Zapdos\n|-damage|p2a: Zapdos|149\/383 psn\n|-heal|p1a: Venusaur|268\/363 par|[from] drain|[of] p2a: Zapdos\n|\n|-heal|p2a: Zapdos|172\/383 psn|[from] item: Leftovers\n|-damage|p2a: Zapdos|125\/383 psn|[from] psn\n|upkeep\n|turn|26\n|choice|move gigadrain|move roost\n|\n|move|p2a: Zapdos|Roost|p2a: Zapdos\n|-heal|p2a: Zapdos|317\/383 psn\n|move|p1a: Venusaur|Giga Drain|p2a: Zapdos\n|-damage|p2a: Zapdos|205\/383 psn\n|-heal|p1a: Venusaur|324\/363 par|[from] drain|[of] p2a: Zapdos\n|\n|-heal|p2a: Zapdos|228\/383 psn|[from] item: Leftovers\n|-damage|p2a: Zapdos|181\/383 psn|[from] psn\n|upkeep\n|turn|27\n|choice|move sludgebomb|move roost\n|\n|move|p2a: Zapdos|Roost|p2a: Zapdos\n|-heal|p2a: Zapdos|373\/383 psn\n|move|p1a: Venusaur|Sludge Bomb|p2a: Zapdos\n|-damage|p2a: Zapdos|228\/383 psn\n|\n|-heal|p2a: Zapdos|251\/383 psn|[from] item: Leftovers\n|-damage|p2a: Zapdos|204\/383 psn|[from] psn\n|upkeep\n|turn|28\n|choice|move sludgebomb|move roost\n|\n|move|p2a: Zapdos|Roost|p2a: Zapdos\n|-heal|p2a: Zapdos|383\/383 psn\n|move|p1a: Venusaur|Sludge Bomb|p2a: Zapdos\n|-damage|p2a: Zapdos|235\/383 psn\n|\n|-heal|p2a: Zapdos|258\/383 psn|[from] item: Leftovers\n|-damage|p2a: Zapdos|211\/383 psn|[from] psn\n|upkeep\n|turn|29\n|choice|move sludgebomb|move discharge\n|\n|move|p2a: Zapdos|Discharge|p1a: Venusaur\n|-resisted|p1a: Venusaur\n|-damage|p1a: Venusaur|277\/363 par\n|move|p1a: Venusaur|Sludge Bomb|p2a: Zapdos\n|-damage|p2a: Zapdos|63\/383 psn\n|\n|-heal|p2a: Zapdos|86\/383 psn|[from] item: Leftovers\n|-damage|p2a: Zapdos|39\/383 psn|[from] psn\n|upkeep\n|turn|30\n|choice|move gigadrain|move roost\n|\n|move|p2a: Zapdos|Roost|p2a: Zapdos\n|-heal|p2a: Zapdos|231\/383 psn\n|move|p1a: Venusaur|Giga Drain|p2a: Zapdos\n|-damage|p2a: Zapdos|126\/383 psn\n|-heal|p1a: Venusaur|330\/363 par|[from] drain|[of] p2a: Zapdos\n|\n|-heal|p2a: Zapdos|149\/383 psn|[from] item: Leftovers\n|-damage|p2a: Zapdos|102\/383 psn|[from] psn\n|upkeep\n|turn|31\n|choice|move gigadrain|move roost\n|\n|move|p2a: Zapdos|Roost|p2a: Zapdos\n|-heal|p2a: Zapdos|294\/383 psn\n|move|p1a: Venusaur|Giga Drain|p2a: Zapdos\n|-damage|p2a: Zapdos|188\/383 psn\n|-heal|p1a: Venusaur|363\/363 par|[from] drain|[of] p2a: Zapdos\n|\n|-heal|p2a: Zapdos|211\/383 psn|[from] item: Leftovers\n|-damage|p2a: Zapdos|164\/383 psn|[from] psn\n|upkeep\n|turn|32\n|choice|move sludgebomb|move roost\n|\n|move|p2a: Zapdos|Roost|p2a: Zapdos\n|-heal|p2a: Zapdos|356\/383 psn\n|move|p1a: Venusaur|Sludge Bomb|p2a: Zapdos\n|-crit|p2a: Zapdos\n|-damage|p2a: Zapdos|166\/383 psn\n|\n|-heal|p2a: Zapdos|189\/383 psn|[from] item: Leftovers\n|-damage|p2a: Zapdos|142\/383 psn|[from] psn\n|upkeep\n|turn|33\n|choice|move sludgebomb|move roost\n|\n|move|p2a: Zapdos|Roost|p2a: Zapdos\n|-heal|p2a: Zapdos|334\/383 psn\n|cant|p1a: Venusaur|par\n|\n|-heal|p2a: Zapdos|357\/383 psn|[from] item: Leftovers\n|-damage|p2a: Zapdos|310\/383 psn|[from] psn\n|upkeep\n|turn|34\n|choice|move hiddenpower|move heatwave\n|\n|move|p2a: Zapdos|Heat Wave|p1a: Venusaur|[miss]\n|-miss|p2a: Zapdos|p1a: Venusaur\n|move|p1a: Venusaur|Hidden Power|p2a: Zapdos\n|-damage|p2a: Zapdos|249\/383 psn\n|\n|-heal|p2a: Zapdos|272\/383 psn|[from] item: Leftovers\n|-damage|p2a: Zapdos|225\/383 psn|[from] psn\n|upkeep\n|turn|35\n|choice|move sludgebomb|move heatwave\n|\n|move|p2a: Zapdos|Heat Wave|p1a: Venusaur\n|-supereffective|p1a: Venusaur\n|-damage|p1a: Venusaur|289\/363 par\n|move|p1a: Venusaur|Sludge Bomb|p2a: Zapdos\n|-crit|p2a: Zapdos\n|-damage|p2a: Zapdos|26\/383 psn\n|\n|-heal|p2a: Zapdos|49\/383 psn|[from] item: Leftovers\n|-damage|p2a: Zapdos|2\/383 psn|[from] psn\n|upkeep\n|turn|36\n|choice|move gigadrain|move roost\n|\n|move|p2a: Zapdos|Roost|p2a: Zapdos\n|-heal|p2a: Zapdos|194\/383 psn\n|move|p1a: Venusaur|Giga Drain|p2a: Zapdos\n|-damage|p2a: Zapdos|89\/383 psn\n|-heal|p1a: Venusaur|342\/363 par|[from] drain|[of] p2a: Zapdos\n|\n|-heal|p2a: Zapdos|112\/383 psn|[from] item: Leftovers\n|-damage|p2a: Zapdos|65\/383 psn|[from] psn\n|upkeep\n|turn|37\n|choice|move gigadrain|move roost\n|\n|move|p2a: Zapdos|Roost|p2a: Zapdos\n|-heal|p2a: Zapdos|257\/383 psn\n|move|p1a: Venusaur|Giga Drain|p2a: Zapdos\n|-damage|p2a: Zapdos|134\/383 psn\n|-heal|p1a: Venusaur|363\/363 par|[from] drain|[of] p2a: Zapdos\n|\n|-heal|p2a: Zapdos|157\/383 psn|[from] item: Leftovers\n|-damage|p2a: Zapdos|110\/383 psn|[from] psn\n|upkeep\n|turn|38\n|choice|move gigadrain|move roost\n|\n|move|p2a: Zapdos|Roost|p2a: Zapdos\n|-heal|p2a: Zapdos|302\/383 psn\n|move|p1a: Venusaur|Giga Drain|p2a: Zapdos\n|-damage|p2a: Zapdos|191\/383 psn\n|\n|-heal|p2a: Zapdos|214\/383 psn|[from] item: Leftovers\n|-damage|p2a: Zapdos|167\/383 psn|[from] psn\n|upkeep\n|turn|39\n|choice|move sludgebomb|move roost\n|\n|move|p2a: Zapdos|Roost|p2a: Zapdos\n|-heal|p2a: Zapdos|359\/383 psn\n|move|p1a: Venusaur|Sludge Bomb|p2a: Zapdos\n|-damage|p2a: Zapdos|232\/383 psn\n|\n|-heal|p2a: Zapdos|255\/383 psn|[from] item: Leftovers\n|-damage|p2a: Zapdos|208\/383 psn|[from] psn\n|upkeep\n|turn|40\n|choice|move sludgebomb|move roost\n|\n|move|p2a: Zapdos|Roost|p2a: Zapdos\n|-heal|p2a: Zapdos|383\/383 psn\n|cant|p1a: Venusaur|par\n|\n|-damage|p2a: Zapdos|336\/383 psn|[from] psn\n|upkeep\n|turn|41\n|choice|move sludgebomb|move heatwave\n|\n|move|p2a: Zapdos|Heat Wave|p1a: Venusaur\n|-supereffective|p1a: Venusaur\n|-damage|p1a: Venusaur|293\/363 par\n|move|p1a: Venusaur|Sludge Bomb|p2a: Zapdos\n|-damage|p2a: Zapdos|209\/383 psn\n|\n|-heal|p2a: Zapdos|232\/383 psn|[from] item: Leftovers\n|-damage|p2a: Zapdos|185\/383 psn|[from] psn\n|upkeep\n|turn|42\n|choice|move gigadrain|move roost\n|\n|move|p2a: Zapdos|Roost|p2a: Zapdos\n|-heal|p2a: Zapdos|377\/383 psn\n|cant|p1a: Venusaur|par\n|\n|-heal|p2a: Zapdos|383\/383 psn|[from] item: Leftovers\n|-damage|p2a: Zapdos|336\/383 psn|[from] psn\n|upkeep\n|turn|43\n|choice|move sludgebomb|move heatwave\n|\n|move|p2a: Zapdos|Heat Wave|p1a: Venusaur\n|-supereffective|p1a: Venusaur\n|-damage|p1a: Venusaur|217\/363 par\n|move|p1a: Venusaur|Sludge Bomb|p2a: Zapdos\n|-damage|p2a: Zapdos|189\/383 psn\n|\n|-heal|p2a: Zapdos|212\/383 psn|[from] item: Leftovers\n|-damage|p2a: Zapdos|165\/383 psn|[from] psn\n|upkeep\n|turn|44\n|choice|move synthesis|move heatwave\n|\n|move|p2a: Zapdos|Heat Wave|p1a: Venusaur\n|-supereffective|p1a: Venusaur\n|-crit|p1a: Venusaur\n|-damage|p1a: Venusaur|99\/363 par\n|move|p1a: Venusaur|Synthesis|p1a: Venusaur\n|-heal|p1a: Venusaur|280\/363 par\n|\n|-heal|p2a: Zapdos|188\/383 psn|[from] item: Leftovers\n|-damage|p2a: Zapdos|141\/383 psn|[from] psn\n|upkeep\n|turn|45\n|choice|move synthesis|move heatwave\n|\n|move|p2a: Zapdos|Heat Wave|p1a: Venusaur\n|-supereffective|p1a: Venusaur\n|-damage|p1a: Venusaur|204\/363 par\n|cant|p1a: Venusaur|par\n|\n|-heal|p2a: Zapdos|164\/383 psn|[from] item: Leftovers\n|-damage|p2a: Zapdos|117\/383 psn|[from] psn\n|upkeep\n|turn|46\n|choice|move synthesis|move heatwave\n|\n|move|p2a: Zapdos|Heat Wave|p1a: Venusaur\n|-supereffective|p1a: Venusaur\n|-damage|p1a: Venusaur|132\/363 par\n|move|p1a: Venusaur|Synthesis|p1a: Venusaur\n|-heal|p1a: Venusaur|313\/363 par\n|\n|-heal|p2a: Zapdos|140\/383 psn|[from] item: Leftovers\n|-damage|p2a: Zapdos|93\/383 psn|[from] psn\n|upkeep\n|turn|47\n|choice|switch 3|move heatwave\n|\n|switch|p1a: Keldeo|Keldeo-Resolute|263\/323\n|-damage|p1a: Keldeo|243\/323|[from] Stealth Rock\n|move|p2a: Zapdos|Heat Wave|p1a: Keldeo\n|-resisted|p1a: Keldeo\n|-damage|p1a: Keldeo|196\/323\n|-status|p1a: Keldeo|brn\n|\n|-heal|p1a: Keldeo|216\/323 brn|[from] item: Leftovers\n|-heal|p2a: Zapdos|116\/383 psn|[from] item: Leftovers\n|-damage|p1a: Keldeo|196\/323 brn|[from] brn\n|-damage|p2a: Zapdos|69\/383 psn|[from] psn\n|upkeep\n|turn|48\n|choice|move scald|move discharge\n|\n|move|p1a: Keldeo|Scald|p2a: Zapdos\n|-damage|p2a: Zapdos|0 fnt\n|faint|p2a: Zapdos\n|\n|-heal|p1a: Keldeo|216\/323 brn|[from] item: Leftovers\n|-damage|p1a: Keldeo|196\/323 brn|[from] brn\n|upkeep\n|choice||switch 5\n|\n|switch|p2a: Kartana|Kartana|243\/259\n|-damage|p2a: Kartana|200\/259|[from] Spikes\n|-damage|p2a: Kartana|184\/259|[from] Stealth Rock\n|turn|49\n|choice|switch 3|move swordsdance\n|\n|switch|p1a: Venusaur|Venusaur-Mega, M|313\/363 par\n|-damage|p1a: Venusaur|268\/363 par|[from] Stealth Rock\n|move|p2a: Kartana|Swords Dance|p2a: Kartana\n|-boost|p2a: Kartana|atk|2\n|\n|upkeep\n|turn|50\n|choice|move hiddenpower|move knockoff\n|\n|move|p2a: Kartana|Knock Off|p1a: Venusaur\n|-damage|p1a: Venusaur|145\/363 par\n|cant|p1a: Venusaur|par\n|\n|upkeep\n|turn|51\n|choice|move hiddenpower|move sacredsword zmove\n|\n|-zpower|p2a: Kartana\n|move|p2a: Kartana|All-Out Pummeling|p1a: Venusaur|[zeffect]\n|-resisted|p1a: Venusaur\n|-damage|p1a: Venusaur|0 fnt\n|faint|p1a: Venusaur\n|-ability|p2a: Kartana|Beast Boost|boost\n|-boost|p2a: Kartana|atk|1\n|\n|upkeep\n|choice|switch 4|\n|\n|switch|p1a: Skarmory|Skarmory, M|318\/333\n|-damage|p1a: Skarmory|277\/333|[from] Stealth Rock\n|turn|52\n|choice|move whirlwind|move swordsdance\n|\n|move|p2a: Kartana|Swords Dance|p2a: Kartana\n|-boost|p2a: Kartana|atk|2\n|move|p1a: Skarmory|Whirlwind|p2a: Kartana\n|drag|p2a: Magearna|Magearna|247\/364 brn\n|-damage|p2a: Magearna|187\/364 brn|[from] Spikes\n|-damage|p2a: Magearna|165\/364 brn|[from] Stealth Rock\n|\n|-damage|p2a: Magearna|143\/364 brn|[from] brn\n|upkeep\n|turn|53\n|choice|switch 6|move focusblast\n|\n|switch|p1a: Chansey|Chansey, F|162\/703\n|-damage|p1a: Chansey|75\/703|[from] Stealth Rock\n|move|p2a: Magearna|Focus Blast|p1a: Chansey\n|-supereffective|p1a: Chansey\n|-damage|p1a: Chansey|0 fnt\n|faint|p1a: Chansey\n|-ability|p2a: Magearna|Soul-Heart|boost\n|-boost|p2a: Magearna|spa|1\n|\n|-damage|p2a: Magearna|121\/364 brn|[from] brn\n|upkeep\n|choice|switch 3|\n|\n|switch|p1a: Keldeo|Keldeo-Resolute|196\/323 brn\n|-damage|p1a: Keldeo|176\/323 brn|[from] Stealth Rock\n|turn|54\n|choice|move substitute|move fleurcannon\n|\n|move|p1a: Keldeo|Substitute|p1a: Keldeo\n|-start|p1a: Keldeo|Substitute\n|-damage|p1a: Keldeo|96\/323 brn\n|move|p2a: Magearna|Fleur Cannon|p1a: Keldeo\n|-supereffective|p1a: Keldeo\n|-end|p1a: Keldeo|Substitute\n|-unboost|p2a: Magearna|spa|2\n|\n|-heal|p1a: Keldeo|116\/323 brn|[from] item: Leftovers\n|-damage|p1a: Keldeo|96\/323 brn|[from] brn\n|-damage|p2a: Magearna|99\/364 brn|[from] brn\n|upkeep\n|turn|55\n|choice|move secretsword|move voltswitch\n|\n|move|p1a: Keldeo|Secret Sword|p2a: Magearna\n|-damage|p2a: Magearna|0 fnt\n|faint|p2a: Magearna\n|\n|-heal|p1a: Keldeo|116\/323 brn|[from] item: Leftovers\n|-damage|p1a: Keldeo|96\/323 brn|[from] brn\n|upkeep\n|choice||switch 3\n|\n|switch|p2a: Tapu Lele|Tapu Lele|75\/281\n|-damage|p2a: Tapu Lele|29\/281|[from] Spikes\n|-damage|p2a: Tapu Lele|0 fnt|[from] Stealth Rock\n|faint|p2a: Tapu Lele\n|choice||switch 2\n|\n|switch|p2a: Landorus|Landorus-Therian, M|334\/381\n|-damage|p2a: Landorus|287\/381|[from] Stealth Rock\n|-ability|p2a: Landorus|Intimidate|boost\n|-unboost|p1a: Keldeo|atk|1\n|turn|56\n|choice|switch 6|move earthquake\n|\n|switch|p1a: Skarmory|Skarmory, M|277\/333\n|-damage|p1a: Skarmory|236\/333|[from] Stealth Rock\n|move|p2a: Landorus|Earthquake|p1a: Skarmory\n|-immune|p1a: Skarmory|[msg]\n|\n|upkeep\n|turn|57\n|choice|move bravebird|move hiddenpower\n|\n|move|p2a: Landorus|Hidden Power|p1a: Skarmory\n|-damage|p1a: Skarmory|174\/333\n|move|p1a: Skarmory|Brave Bird|p2a: Landorus\n|-damage|p2a: Landorus|194\/381\n|-damage|p1a: Skarmory|119\/333|[from] item: Rocky Helmet|[of] p2a: Landorus\n|-damage|p1a: Skarmory|88\/333|[from] Recoil|[of] p2a: Landorus\n|\n|upkeep\n|turn|58\n|choice|move roost|move hiddenpower\n|\n|move|p2a: Landorus|Hidden Power|p1a: Skarmory\n|-damage|p1a: Skarmory|30\/333\n|move|p1a: Skarmory|Roost|p1a: Skarmory\n|-heal|p1a: Skarmory|197\/333\n|\n|upkeep\n|turn|59\n|choice|move roost|move hiddenpower\n|\n|move|p2a: Landorus|Hidden Power|p1a: Skarmory\n|-damage|p1a: Skarmory|137\/333\n|move|p1a: Skarmory|Roost|p1a: Skarmory\n|-heal|p1a: Skarmory|304\/333\n|\n|upkeep\n|turn|60\n|choice|move spikes|move hiddenpower\n|\n|move|p2a: Landorus|Hidden Power|p1a: Skarmory\n|-damage|p1a: Skarmory|247\/333\n|move|p1a: Skarmory|Spikes|p2a: Landorus\n|-sidestart|p2: wlsdx6|Spikes\n|\n|upkeep\n|turn|61\n|inactive|wlsdx6 has 135 seconds left.\n|l|wlsdx6\n|inactive|wlsdx6 disconnected and has a minute to reconnect!\n|player|p2|\n|inactive|wlsdx6 has 20 seconds to reconnect!\n|inactive|wlsdx6 has 15 seconds to reconnect!\n|inactive|wlsdx6 has 10 seconds to reconnect!\n|inactive|wlsdx6 has 5 seconds to reconnect!\n|-message|wlsdx6 lost due to inactivity.\n|\n|win|Toxabelle\n|raw|Toxabelle's rating: 1948 &rarr; <strong>1963<\/strong><br \/>(+15 for winning)\n|raw|wlsdx6's rating: 1869 &rarr; <strong>1853<\/strong><br \/>(-16 for losing)\n|c|\u2606Toxabelle|\/log Toxabelle made this room public.","inputlog":null,"uploadtime":1512744851,"views":73,"p1id":"toxabelle","p2id":"wlsdx6","formatid":"gen7ou","rating":1853,"private":0,"password":null}