{"id":"gen7lc-1568433456","p1":"Blitzburgh","p2":"xskelly34","format":"gen7lc","log":"|j|\u2606Blitzburgh\n|j|\u2606xskelly34\n|inactive|Battle timer is ON: inactive players will automatically lose when time's up.\n|t:|1651775752\n|gametype|singles\n|player|p1|Blitzburgh|ghetsis|\n|player|p2|xskelly34|bugsy|\n|teamsize|p1|6\n|teamsize|p2|6\n|gen|7\n|tier|[Gen 7] LC\n|rated|Tournament battle\n|rule|Sleep Clause Mod: Limit one foe put to sleep\n|rule|Species Clause: Limit one of each Pok\u00e9mon\n|rule|OHKO Clause: OHKO moves are banned\n|rule|Moody Clause: Moody is banned\n|rule|Evasion Moves Clause: Evasion moves are banned\n|rule|Endless Battle Clause: Forcing endless battles is banned\n|rule|HP Percentage Mod: HP is shown in percentages\n|rule|Swagger Clause: Swagger is banned\n|clearpoke\n|poke|p1|Gastly, L5, M|item\n|poke|p1|Diglett, L5, M|item\n|poke|p1|Mareanie, L5, M|item\n|poke|p1|Mienfoo, L5, M|item\n|poke|p1|Vullaby, L5, F|item\n|poke|p1|Ferroseed, L5, F|item\n|poke|p2|Mienfoo, L5, M|item\n|poke|p2|Pawniard, L5, F|item\n|poke|p2|Abra, L5, F|item\n|poke|p2|Vullaby, L5, F|item\n|poke|p2|Diglett, L5, F|item\n|poke|p2|Foongus, L5, F|item\n|teampreview\n|j|*Lady Monita \u273f\n|j| BB-8-NU\n|j| ubers D RANK\n|j| Killer191257\n|j| GloomyShinxTTV\n|j| tomlinhawk\n|c| ubers D RANK|Moneys on kelly\n|j| TheNewBrends11@!\n|inactive|Blitzburgh has 120 seconds left.\n|c|\u2606Blitzburgh|fair\n|\n|t:|1651775786\n|start\n|switch|p1a: Ferroseed|Ferroseed, L5, F|100\/100\n|switch|p2a: Mienfoo|Mienfoo, L5, M|100\/100\n|turn|1\n|\n|t:|1651775794\n|move|p2a: Mienfoo|High Jump Kick|p1a: Ferroseed|[miss]\n|-miss|p2a: Mienfoo|p1a: Ferroseed\n|-damage|p2a: Mienfoo|53\/100|[from] highjumpkick\n|move|p1a: Ferroseed|Thunder Wave|p2a: Mienfoo\n|-status|p2a: Mienfoo|par\n|\n|upkeep\n|turn|2\n|j| javitu\n|j|@sirmrwhale\n|j| samaksh56\n|j| AtariAlex\n|c| ubers D RANK|Lucky!\n|\n|t:|1651775808\n|cant|p2a: Mienfoo|par\n|move|p1a: Ferroseed|Stealth Rock|p2a: Mienfoo\n|-sidestart|p2: xskelly34|move: Stealth Rock\n|\n|upkeep\n|turn|3\n|\n|t:|1651775815\n|cant|p2a: Mienfoo|par\n|move|p1a: Ferroseed|Giga Drain|p2a: Mienfoo\n|-damage|p2a: Mienfoo|24\/100 par\n|\n|upkeep\n|turn|4\n|\n|t:|1651775818\n|switch|p2a: Foongus|Foongus, L5, F|100\/100\n|-damage|p2a: Foongus|88\/100|[from] Stealth Rock\n|move|p1a: Ferroseed|Giga Drain|p2a: Foongus\n|-resisted|p2a: Foongus\n|-damage|p2a: Foongus|84\/100\n|\n|upkeep\n|turn|5\n|\n|t:|1651775823\n|switch|p2a: Mienfoo|Mienfoo, L5, M|58\/100 par\n|-damage|p2a: Mienfoo|53\/100 par|[from] Stealth Rock\n|move|p1a: Ferroseed|Thunder Wave|p2a: Mienfoo\n|-fail|p2a: Mienfoo|par\n|\n|upkeep\n|turn|6\n|j| gg i guess lmao\n|\n|t:|1651775829\n|cant|p2a: Mienfoo|par\n|move|p1a: Ferroseed|Knock Off|p2a: Mienfoo\n|-resisted|p2a: Mienfoo\n|-damage|p2a: Mienfoo|43\/100 par\n|-enditem|p2a: Mienfoo|Eviolite|[from] move: Knock Off|[of] p1a: Ferroseed\n|\n|upkeep\n|turn|7\n|j| envi kevin\n|\n|t:|1651775839\n|switch|p2a: Foongus|Foongus, L5, F|100\/100\n|-damage|p2a: Foongus|88\/100|[from] Stealth Rock\n|move|p1a: Ferroseed|Giga Drain|p2a: Foongus\n|-resisted|p2a: Foongus\n|-damage|p2a: Foongus|84\/100\n|\n|upkeep\n|turn|8\n|j| Wubben\n|\n|t:|1651775842\n|switch|p2a: Mienfoo|Mienfoo, L5, M|77\/100 par\n|-damage|p2a: Mienfoo|72\/100 par|[from] Stealth Rock\n|move|p1a: Ferroseed|Knock Off|p2a: Mienfoo\n|-resisted|p2a: Mienfoo\n|-damage|p2a: Mienfoo|62\/100 par\n|\n|upkeep\n|turn|9\n|\n|t:|1651775847\n|move|p2a: Mienfoo|High Jump Kick|p1a: Ferroseed\n|-supereffective|p1a: Ferroseed\n|-damage|p1a: Ferroseed|10\/100\n|-damage|p2a: Mienfoo|53\/100 par|[from] ability: Iron Barbs|[of] p1a: Ferroseed\n|move|p1a: Ferroseed|Giga Drain|p2a: Mienfoo\n|-damage|p2a: Mienfoo|20\/100 par\n|-heal|p1a: Ferroseed|28\/100|[from] drain|[of] p2a: Mienfoo\n|\n|upkeep\n|turn|10\n|\n|t:|1651775860\n|move|p2a: Mienfoo|Knock Off|p1a: Ferroseed\n|-damage|p1a: Ferroseed|0 fnt\n|-damage|p2a: Mienfoo|10\/100 par|[from] ability: Iron Barbs|[of] p1a: Ferroseed\n|-enditem|p1a: Ferroseed|Eviolite|[from] move: Knock Off|[of] p2a: Mienfoo\n|faint|p1a: Ferroseed\n|\n|upkeep\n|\n|t:|1651775863\n|switch|p1a: Diglett|Diglett, L5, M|100\/100\n|turn|11\n|j| shadowrouge07\n|\n|t:|1651775867\n|move|p1a: Diglett|Earthquake|p2a: Mienfoo\n|-damage|p2a: Mienfoo|0 fnt\n|faint|p2a: Mienfoo\n|\n|upkeep\n|\n|t:|1651775874\n|switch|p2a: Vullaby|Vullaby, L5, F|100\/100\n|-damage|p2a: Vullaby|75\/100|[from] Stealth Rock\n|turn|12\n|\n|t:|1651775883\n|switch|p1a: Mareanie|Mareanie, L5, M|100\/100\n|move|p2a: Vullaby|Knock Off|p1a: Mareanie\n|-damage|p1a: Mareanie|70\/100\n|-enditem|p1a: Mareanie|Eviolite|[from] move: Knock Off|[of] p2a: Vullaby\n|\n|upkeep\n|turn|13\n|l| tomlinhawk\n|\n|t:|1651775892\n|switch|p2a: Foongus|Foongus, L5, F|100\/100\n|-damage|p2a: Foongus|88\/100|[from] Stealth Rock\n|move|p1a: Mareanie|Scald|p2a: Foongus\n|-resisted|p2a: Foongus\n|-damage|p2a: Foongus|75\/100\n|\n|upkeep\n|turn|14\n|j| meneerpandabeer\n|\n|t:|1651775897\n|move|p1a: Mareanie|Knock Off|p2a: Foongus\n|-damage|p2a: Foongus|59\/100\n|-enditem|p2a: Foongus|Eviolite|[from] move: Knock Off|[of] p1a: Mareanie\n|move|p2a: Foongus|Spore|p1a: Mareanie\n|-status|p1a: Mareanie|slp|[from] move: Spore\n|\n|upkeep\n|turn|15\n|j| Minty Maniac!!\n|l| Minty Maniac!!\n|\n|t:|1651775907\n|switch|p2a: Diglett|Diglett, L5, F|100\/100\n|-damage|p2a: Diglett|95\/100|[from] Stealth Rock\n|cant|p1a: Mareanie|slp\n|\n|upkeep\n|turn|16\n|\n|t:|1651775912\n|move|p2a: Diglett|Earthquake|p1a: Mareanie\n|-supereffective|p1a: Mareanie\n|-damage|p1a: Mareanie|0 fnt\n|faint|p1a: Mareanie\n|\n|upkeep\n|\n|t:|1651775915\n|switch|p1a: Vullaby|Vullaby, L5, F|100\/100\n|turn|17\n|j| ooopstagoon\n|\n|t:|1651775927\n|switch|p2a: Vullaby|Vullaby, L5, F|75\/100\n|-damage|p2a: Vullaby|50\/100|[from] Stealth Rock\n|-enditem|p2a: Vullaby|Berry Juice\n|-heal|p2a: Vullaby|100\/100|[from] item: Berry Juice\n|move|p1a: Vullaby|Knock Off|p2a: Vullaby\n|-resisted|p2a: Vullaby\n|-damage|p2a: Vullaby|84\/100\n|-ability|p2a: Vullaby|Weak Armor|boost\n|-unboost|p2a: Vullaby|def|1\n|-boost|p2a: Vullaby|spe|2\n|\n|upkeep\n|turn|18\n|j| sjoerd778\n|\n|t:|1651775940\n|move|p2a: Vullaby|Knock Off|p1a: Vullaby\n|-resisted|p1a: Vullaby\n|-damage|p1a: Vullaby|87\/100\n|-ability|p1a: Vullaby|Weak Armor|boost\n|-unboost|p1a: Vullaby|def|1\n|-boost|p1a: Vullaby|spe|2\n|-zpower|p1a: Vullaby\n|move|p1a: Vullaby|Supersonic Skystrike|p2a: Vullaby|[zeffect]\n|-damage|p2a: Vullaby|0 fnt\n|faint|p2a: Vullaby\n|\n|upkeep\n|l| shadowrouge07\n|\n|t:|1651775952\n|switch|p2a: Pawniard|Pawniard, L5, F|100\/100\n|-damage|p2a: Pawniard|96\/100|[from] Stealth Rock\n|turn|19\n|\n|t:|1651775956\n|move|p1a: Vullaby|Knock Off|p2a: Pawniard\n|-resisted|p2a: Pawniard\n|-damage|p2a: Pawniard|72\/100\n|-enditem|p2a: Pawniard|Eviolite|[from] move: Knock Off|[of] p1a: Vullaby\n|move|p2a: Pawniard|Stealth Rock|p1a: Vullaby\n|-sidestart|p1: Blitzburgh|move: Stealth Rock\n|\n|upkeep\n|turn|20\n|\n|t:|1651775958\n|move|p1a: Vullaby|Heat Wave|p2a: Pawniard\n|-supereffective|p2a: Pawniard\n|-damage|p2a: Pawniard|5\/100\n|-status|p2a: Pawniard|brn\n|move|p2a: Pawniard|Iron Head|p1a: Vullaby\n|-damage|p1a: Vullaby|53\/100\n|-ability|p1a: Vullaby|Weak Armor|boost\n|-unboost|p1a: Vullaby|def|1\n|-boost|p1a: Vullaby|spe|2\n|\n|-damage|p2a: Pawniard|0 fnt|[from] brn\n|faint|p2a: Pawniard\n|upkeep\n|c| GloomyShinxTTV|these are some ogs right here\n|c| ubers D RANK|Lucky!\n|c|\u2606xskelly34|only so much i can do about this game lol\n|j| tommyinit1234\n|inactive|xskelly34 has 120 seconds left.\n|\n|t:|1651775989\n|switch|p2a: Diglett|Diglett, L5, F|95\/100\n|-damage|p2a: Diglett|89\/100|[from] Stealth Rock\n|turn|21\n|c|\u2606Blitzburgh|ya this aint your game\n|\n|t:|1651775995\n|move|p1a: Vullaby|Brave Bird|p2a: Diglett\n|-damage|p2a: Diglett|0 fnt\n|faint|p2a: Diglett\n|-damage|p1a: Vullaby|31\/100|[from] Recoil\n|\n|upkeep\n|c| ubers D RANK|Apologies kelly the audience knows who the true winner is\n|\n|t:|1651776001\n|switch|p2a: Foongus|Foongus, L5, F|92\/100\n|-damage|p2a: Foongus|80\/100|[from] Stealth Rock\n|turn|22\n|l| javitu\n|\n|t:|1651776004\n|move|p1a: Vullaby|Brave Bird|p2a: Foongus\n|-supereffective|p2a: Foongus\n|-damage|p2a: Foongus|0 fnt\n|faint|p2a: Foongus\n|-damage|p1a: Vullaby|5\/100|[from] Recoil\n|\n|upkeep\n|\n|t:|1651776006\n|switch|p2a: Abra|Abra, L5, F|100\/100\n|turn|23\n|l| Wubben\n|j| clean cuts\n|j| javitu\n|\n|t:|1651776014\n|move|p1a: Vullaby|Knock Off|p2a: Abra\n|-supereffective|p2a: Abra\n|-enditem|p2a: Abra|Focus Sash\n|-damage|p2a: Abra|6\/100\n|move|p2a: Abra|Dazzling Gleam|p1a: Vullaby\n|-supereffective|p1a: Vullaby\n|-damage|p1a: Vullaby|0 fnt\n|faint|p1a: Vullaby\n|\n|upkeep\n|\n|t:|1651776017\n|switch|p1a: Mienfoo|Mienfoo, L5, M|100\/100\n|-damage|p1a: Mienfoo|96\/100|[from] Stealth Rock\n|turn|24\n|\n|t:|1651776020\n|move|p2a: Abra|Protect|p2a: Abra\n|-singleturn|p2a: Abra|Protect\n|move|p1a: Mienfoo|U-turn|p2a: Abra\n|-activate|p2a: Abra|move: Protect\n|\n|upkeep\n|turn|25\n|\n|t:|1651776023\n|move|p1a: Mienfoo|U-turn|p2a: Abra\n|-supereffective|p2a: Abra\n|-damage|p2a: Abra|0 fnt\n|faint|p2a: Abra\n|\n|win|Blitzburgh\n|n|\u2606Blitzburgh|blitzburgh\n|n|\u2606xskelly34|xskelly34\n|n|*Lady Monita \u273f|ladymonita\n|n| BB-8-NU|bb8nu\n|n| ubers D RANK|ubersdrank\n|n| Killer191257|killer191257\n|n| GloomyShinxTTV|gloomyshinxttv\n|n| TheNewBrends11@!|thenewbrends11\n|n| sirmrwhale|sirmrwhale\n|n| samaksh56|samaksh56\n|n| AtariAlex|atarialex\n|n| gg i guess lmao|ggiguesslmao\n|n| envi kevin|envikevin\n|n| meneerpandabeer|meneerpandabeer\n|n| ooopstagoon|ooopstagoon\n|n| sjoerd778|sjoerd778\n|n| tommyinit1234|tommyinit1234\n|n| clean cuts|cleancuts\n|n| javitu|javitu\n|l|*Lady Monita \u273f\n|l| BB-8-NU\n|l| meneerpandabeer\n|l| javitu\n|l| samaksh56\n|l|\u2606xskelly34\n|l| envi kevin\n|l| AtariAlex\n|l|\u2606Blitzburgh\n|l| Killer191257\n|l| ubers D RANK\n|l| GloomyShinxTTV\n|l| clean cuts\n|n| Floatzelnite|sjoerd778\n|l| ooopstagoon\n","uploadtime":1651776023,"views":3,"p1id":"blitzburgh","p2id":"xskelly34","formatid":"gen7lc","rating":0,"private":0,"password":null}