{"id":"gen7ou-546202985","p1":"Meteordash","p2":"Candice","format":"gen7ou","log":"|j|Meteordash\n|j|Candice\n|player|p1|Meteordash|245\n|player|p2|Candice|36\n|gametype|singles\n|gen|7\n|tier|[Gen 7] OU\n|seed|37271,26888,11580,21500\n|clearpoke\n|poke|p1|Tyranitar, F|item\n|poke|p1|Excadrill, F|item\n|poke|p1|Tapu Fini|item\n|poke|p1|Charizard, F|item\n|poke|p1|Latios, M|item\n|poke|p1|Jirachi, shiny|item\n|poke|p2|Landorus-Therian, M|item\n|poke|p2|Scizor, M|item\n|poke|p2|Tapu Fini|item\n|poke|p2|Gyarados, M|item\n|poke|p2|Zapdos|item\n|poke|p2|Ferrothorn, F|item\n|rule|Baton Pass Clause: Limit one Baton Passer, can't pass Spe and other stats simultaneously\n|rule|Sleep Clause Mod: Limit one foe put to sleep\n|rule|Species Clause: Limit one of each Pok\u00e9mon\n|rule|OHKO Clause: OHKO moves are banned\n|rule|Moody Clause: Moody is banned\n|rule|Evasion Moves Clause: Evasion moves are banned\n|rule|Endless Battle Clause: Forcing endless battles is banned\n|rule|HP Percentage Mod: HP is shown in percentages\n|teampreview\n|c|\u2606Candice|Have fun ! :)\n|c|\u2606Meteordash|gl hf\n|j|obvious plays\n|choice|team 3, team 2, team 1, team 4, team 5, team 6|team 1, team 2, team 3, team 4, team 5, team 6\n|\n|start\n|switch|p1a: Tapu Fini|Tapu Fini|343\/343\n|switch|p2a: Meow Meow|Landorus-Therian, M|319\/319\n|-ability|p2a: Meow Meow|Intimidate|boost\n|-unboost|p1a: Tapu Fini|atk|1\n|-fieldstart|move: Misty Terrain|[from] ability: Misty Surge|[of] p1a: Tapu Fini\n|turn|1\n|j|Endal \u2606\n|c| Endal \u2606|...\n|choice|move naturesmadness|move uturn\n|\n|move|p2a: Meow Meow|U-turn|p1a: Tapu Fini\n|-resisted|p1a: Tapu Fini\n|-damage|p1a: Tapu Fini|310\/343\n|choice||switch 6\n|\n|switch|p2a: Rose|Ferrothorn, F|352\/352\n|move|p1a: Tapu Fini|Nature's Madness|p2a: Rose\n|-damage|p2a: Rose|176\/352\n|\n|-heal|p1a: Tapu Fini|331\/343|[from] item: Leftovers\n|-heal|p2a: Rose|198\/352|[from] item: Leftovers\n|upkeep\n|turn|2\n|j|rozes\n|j|gorex\n|j|ceraa\n|j|Natalie\n|choice|switch 4|move powerwhip\n|\n|switch|p1a: Charizard|Charizard, F|297\/297\n|move|p2a: Rose|Power Whip|p1a: Charizard|[miss]\n|-miss|p2a: Rose|p1a: Charizard\n|\n|-heal|p2a: Rose|220\/352|[from] item: Leftovers\n|upkeep\n|turn|3\n|choice|move dragondance mega|switch 4\n|\n|switch|p2a: Bubbles|Gyarados, M|353\/353\n|detailschange|p1a: Charizard|Charizard-Mega-X, F\n|-mega|p1a: Charizard|Charizard|Charizardite X\n|move|p1a: Charizard|Dragon Dance|p1a: Charizard\n|-boost|p1a: Charizard|atk|1\n|-boost|p1a: Charizard|spe|1\n|\n|upkeep\n|turn|4\n|choice|move thunderpunch|move bounce zmove\n|\n|move|p1a: Charizard|Thunder Punch|p2a: Bubbles\n|-supereffective|p2a: Bubbles\n|-damage|p2a: Bubbles|0 fnt\n|faint|p2a: Bubbles\n|\n|upkeep\n|choice||switch 6\n|\n|switch|p2a: Meow Meow|Landorus-Therian, M|319\/319\n|-ability|p2a: Meow Meow|Intimidate|boost\n|-unboost|p1a: Charizard|atk|1\n|turn|5\n|choice|switch 4|move knockoff\n|\n|switch|p1a: Tapu Fini|Tapu Fini|331\/343\n|move|p2a: Meow Meow|Knock Off|p1a: Tapu Fini\n|-resisted|p1a: Tapu Fini\n|-damage|p1a: Tapu Fini|282\/343\n|-enditem|p1a: Tapu Fini|Leftovers|[from] move: Knock Off|[of] p2a: Meow Meow\n|\n|-fieldend|Misty Terrain\n|upkeep\n|turn|6\n|l|Natalie\n|choice|move naturesmadness|switch 5\n|\n|switch|p2a: Kakariko|Zapdos|322\/322\n|move|p1a: Tapu Fini|Nature's Madness|p2a: Kakariko\n|-damage|p2a: Kakariko|161\/322\n|\n|-heal|p2a: Kakariko|181\/322|[from] item: Leftovers\n|upkeep\n|turn|7\n|choice|switch 3|move voltswitch\n|\n|switch|p1a: Tyranitar|Tyranitar, F|363\/363\n|-weather|Sandstorm|[from] ability: Sand Stream|[of] p1a: Tyranitar\n|move|p2a: Kakariko|Volt Switch|p1a: Tyranitar\n|-damage|p1a: Tyranitar|288\/363\n|choice||switch 5\n|\n|switch|p2a: Meow Meow|Landorus-Therian, M|319\/319\n|-ability|p2a: Meow Meow|Intimidate|boost\n|-unboost|p1a: Tyranitar|atk|1\n|\n|-weather|Sandstorm|[upkeep]\n|upkeep\n|turn|8\n|choice|switch 3|move earthquake\n|\n|switch|p1a: Tapu Fini|Tapu Fini|282\/343\n|-fieldstart|move: Misty Terrain|[from] ability: Misty Surge|[of] p1a: Tapu Fini\n|move|p2a: Meow Meow|Earthquake|p1a: Tapu Fini\n|-damage|p1a: Tapu Fini|143\/343\n|\n|-weather|Sandstorm|[upkeep]\n|-damage|p1a: Tapu Fini|122\/343|[from] sandstorm\n|upkeep\n|turn|9\n|choice|move naturesmadness|move earthquake\n|\n|move|p2a: Meow Meow|Earthquake|p1a: Tapu Fini\n|-damage|p1a: Tapu Fini|0 fnt\n|faint|p1a: Tapu Fini\n|\n|-weather|Sandstorm|[upkeep]\n|upkeep\n|choice|switch 2|\n|\n|switch|p1a: Excadrill|Excadrill, F|361\/361\n|turn|10\n|choice|move magnetrise|switch 5\n|\n|switch|p2a: Kakariko|Zapdos|181\/322\n|move|p1a: Excadrill|Magnet Rise|p1a: Excadrill\n|-start|p1a: Excadrill|Magnet Rise\n|\n|-weather|Sandstorm|[upkeep]\n|-damage|p2a: Kakariko|161\/322|[from] sandstorm\n|-heal|p2a: Kakariko|181\/322|[from] item: Leftovers\n|upkeep\n|turn|11\n|c| ceraa|W\n|c|\u2606Candice|oh\n|choice|move swordsdance|switch 5\n|\n|switch|p2a: Meow Meow|Landorus-Therian, M|319\/319\n|-ability|p2a: Meow Meow|Intimidate|boost\n|-unboost|p1a: Excadrill|atk|1\n|move|p1a: Excadrill|Swords Dance|p1a: Excadrill\n|-boost|p1a: Excadrill|atk|2\n|\n|-weather|none\n|upkeep\n|turn|12\n|choice|move ironhead zmove|move uturn\n|\n|move|p2a: Meow Meow|U-turn|p1a: Excadrill\n|-resisted|p1a: Excadrill\n|-damage|p1a: Excadrill|296\/361\n|choice||switch 2\n|\n|switch|p2a: Iris|Scizor, M|343\/343\n|-zpower|p1a: Excadrill\n|move|p1a: Excadrill|Corkscrew Crash|p2a: Iris|[zeffect]\n|-resisted|p2a: Iris\n|-damage|p2a: Iris|159\/343\n|\n|-fieldend|Misty Terrain\n|upkeep\n|turn|13\n|choice|move earthquake|switch 2\n|\n|switch|p2a: Meow Meow|Landorus-Therian, M|319\/319\n|-ability|p2a: Meow Meow|Intimidate|boost\n|-unboost|p1a: Excadrill|atk|1\n|move|p1a: Excadrill|Earthquake|p2a: Meow Meow\n|-immune|p2a: Meow Meow|[msg]\n|\n|upkeep\n|turn|14\n|choice|move swordsdance|move uturn\n|\n|move|p2a: Meow Meow|U-turn|p1a: Excadrill\n|-resisted|p1a: Excadrill\n|-damage|p1a: Excadrill|226\/361\n|choice||switch 5\n|\n|switch|p2a: Kakariko|Zapdos|181\/322\n|move|p1a: Excadrill|Swords Dance|p1a: Excadrill\n|-boost|p1a: Excadrill|atk|2\n|\n|-heal|p2a: Kakariko|201\/322|[from] item: Leftovers\n|-end|p1a: Excadrill|Magnet Rise\n|upkeep\n|turn|15\n|j|ShootingStarmie\n|choice|move ironhead|move heatwave\n|\n|move|p2a: Kakariko|Heat Wave|p1a: Excadrill\n|-supereffective|p1a: Excadrill\n|-damage|p1a: Excadrill|0 fnt\n|faint|p1a: Excadrill\n|\n|-heal|p2a: Kakariko|221\/322|[from] item: Leftovers\n|upkeep\n|choice|switch 3|\n|\n|switch|p1a: Tyranitar|Tyranitar, F|288\/363\n|-weather|Sandstorm|[from] ability: Sand Stream|[of] p1a: Tyranitar\n|turn|16\n|choice|move pursuit|move voltswitch\n|\n|move|p2a: Kakariko|Volt Switch|p1a: Tyranitar\n|-damage|p1a: Tyranitar|213\/363\n|choice||switch 3\n|\n|-activate|p2a: Kakariko|move: Pursuit\n|move|p1a: Tyranitar|Pursuit|p2a: Kakariko|[from]Pursuit\n|-damage|p2a: Kakariko|0 fnt\n|-status|p1a: Tyranitar|par|[from] ability: Static|[of] p2a: Kakariko\n|faint|p2a: Kakariko\n|\n|-weather|Sandstorm|[upkeep]\n|upkeep\n|choice||switch 2\n|\n|switch|p2a: Iris|Scizor, M|159\/343\n|turn|17\n|choice|switch 6|move uturn mega\n|\n|switch|p1a: Jirachi|Jirachi, shiny|404\/404\n|detailschange|p2a: Iris|Scizor-Mega, M\n|-mega|p2a: Iris|Scizor|Scizorite\n|move|p2a: Iris|U-turn|p1a: Jirachi\n|-damage|p1a: Jirachi|296\/404\n|choice||switch 5\n|\n|switch|p2a: Meow Meow|Landorus-Therian, M|319\/319\n|-ability|p2a: Meow Meow|Intimidate|boost\n|-unboost|p1a: Jirachi|atk|1\n|\n|-weather|Sandstorm|[upkeep]\n|-heal|p1a: Jirachi|321\/404|[from] item: Leftovers\n|upkeep\n|turn|18\n|choice|move uturn|move uturn\n|\n|move|p2a: Meow Meow|U-turn|p1a: Jirachi\n|-damage|p1a: Jirachi|234\/404\n|choice||switch 4\n|\n|switch|p2a: Rose|Ferrothorn, F|220\/352\n|move|p1a: Jirachi|U-turn|p2a: Rose\n|-damage|p2a: Rose|197\/352\n|-damage|p1a: Jirachi|184\/404|[from] ability: Iron Barbs|[of] p2a: Rose\n|choice|switch 5|\n|\n|switch|p1a: Latios|Latios, M|301\/301\n|\n|-weather|Sandstorm|[upkeep]\n|-damage|p1a: Latios|283\/301|[from] sandstorm\n|-heal|p2a: Rose|219\/352|[from] item: Leftovers\n|upkeep\n|turn|19\n|choice|move hiddenpower|switch 3\n|\n|switch|p2a: Inky|Tapu Fini|343\/343\n|-fieldstart|move: Misty Terrain|[from] ability: Misty Surge|[of] p2a: Inky\n|move|p1a: Latios|Hidden Power|p2a: Inky\n|-resisted|p2a: Inky\n|-crit|p2a: Inky\n|-damage|p2a: Inky|302\/343\n|\n|-weather|Sandstorm|[upkeep]\n|-damage|p1a: Latios|265\/301|[from] sandstorm\n|-damage|p2a: Inky|281\/343|[from] sandstorm\n|-heal|p2a: Inky|302\/343|[from] item: Leftovers\n|upkeep\n|turn|20\n|choice|switch 5|switch 4\n|\n|switch|p1a: Jirachi|Jirachi, shiny|184\/404\n|switch|p2a: Meow Meow|Landorus-Therian, M|319\/319\n|-ability|p2a: Meow Meow|Intimidate|boost\n|-unboost|p1a: Jirachi|atk|1\n|\n|-weather|none\n|-heal|p1a: Jirachi|209\/404|[from] item: Leftovers\n|upkeep\n|turn|21\n|choice|move uturn|move uturn\n|\n|move|p2a: Meow Meow|U-turn|p1a: Jirachi\n|-damage|p1a: Jirachi|117\/404\n|choice||switch 3\n|\n|switch|p2a: Rose|Ferrothorn, F|219\/352\n|move|p1a: Jirachi|U-turn|p2a: Rose\n|-damage|p2a: Rose|196\/352\n|-damage|p1a: Jirachi|67\/404|[from] ability: Iron Barbs|[of] p2a: Rose\n|choice|switch 5|\n|\n|switch|p1a: Latios|Latios, M|265\/301\n|\n|-heal|p2a: Rose|218\/352|[from] item: Leftovers\n|upkeep\n|turn|22\n|choice|move trick|move stealthrock\n|\n|move|p1a: Latios|Trick|p2a: Rose\n|-activate|p1a: Latios|move: Trick|[of] p2a: Rose\n|-item|p2a: Rose|Choice Scarf|[from] move: Trick\n|-item|p1a: Latios|Leftovers|[from] move: Trick\n|move|p2a: Rose|Stealth Rock|p1a: Latios\n|-sidestart|p1: Meteordash|move: Stealth Rock\n|\n|-heal|p1a: Latios|283\/301|[from] item: Leftovers\n|upkeep\n|turn|23\n|choice|move psychic|switch 3\n|\n|switch|p2a: Meow Meow|Landorus-Therian, M|319\/319\n|-ability|p2a: Meow Meow|Intimidate|boost\n|-unboost|p1a: Latios|atk|1\n|move|p1a: Latios|Psychic|p2a: Meow Meow\n|-damage|p2a: Meow Meow|118\/319\n|\n|-heal|p1a: Latios|301\/301|[from] item: Leftovers\n|-fieldend|Misty Terrain\n|upkeep\n|turn|24\n|choice|switch 5|move uturn\n|\n|switch|p1a: Jirachi|Jirachi, shiny|67\/404\n|-damage|p1a: Jirachi|42\/404|[from] Stealth Rock\n|move|p2a: Meow Meow|U-turn|p1a: Jirachi\n|-damage|p1a: Jirachi|0 fnt\n|faint|p1a: Jirachi\n|choice||switch 4\n|\n|switch|p2a: Inky|Tapu Fini|302\/343\n|-fieldstart|move: Misty Terrain|[from] ability: Misty Surge|[of] p2a: Inky\n|\n|-heal|p2a: Inky|323\/343|[from] item: Leftovers\n|upkeep\n|choice|switch 6|\n|\n|switch|p1a: Tyranitar|Tyranitar, F|213\/363 par\n|-damage|p1a: Tyranitar|168\/363 par|[from] Stealth Rock\n|-weather|Sandstorm|[from] ability: Sand Stream|[of] p1a: Tyranitar\n|turn|25\n|j|money12wolf V2\n|choice|move stoneedge|switch 3\n|\n|switch|p2a: Rose|Ferrothorn, F|218\/352\n|move|p1a: Tyranitar|Stone Edge|p2a: Rose|[miss]\n|-miss|p1a: Tyranitar|p2a: Rose\n|\n|-weather|Sandstorm|[upkeep]\n|upkeep\n|turn|26\n|choice|switch 4|switch 4\n|\n|switch|p2a: Meow Meow|Landorus-Therian, M|118\/319\n|-ability|p2a: Meow Meow|Intimidate|boost\n|-unboost|p1a: Tyranitar|atk|1\n|switch|p1a: Charizard|Charizard-Mega-X, F|297\/297\n|-damage|p1a: Charizard|223\/297|[from] Stealth Rock\n|\n|-weather|Sandstorm|[upkeep]\n|-damage|p1a: Charizard|205\/297|[from] sandstorm\n|upkeep\n|turn|27\n|choice|move dragondance|move earthquake\n|\n|move|p2a: Meow Meow|Earthquake|p1a: Charizard\n|-supereffective|p1a: Charizard\n|-damage|p1a: Charizard|0 fnt\n|faint|p1a: Charizard\n|\n|-weather|Sandstorm|[upkeep]\n|upkeep\n|choice|switch 5|\n|\n|switch|p1a: Latios|Latios, M|301\/301\n|-damage|p1a: Latios|264\/301|[from] Stealth Rock\n|turn|28\n|l|money12wolf V2\n|choice|move psychic|switch 4\n|\n|switch|p2a: Rose|Ferrothorn, F|218\/352\n|move|p1a: Latios|Psychic|p2a: Rose\n|-resisted|p2a: Rose\n|-damage|p2a: Rose|159\/352\n|\n|-weather|Sandstorm|[upkeep]\n|-damage|p1a: Latios|246\/301|[from] sandstorm\n|-heal|p1a: Latios|264\/301|[from] item: Leftovers\n|-fieldend|Misty Terrain\n|upkeep\n|turn|29\n|choice|move hiddenpower|move gyroball\n|\n|move|p1a: Latios|Hidden Power|p2a: Rose\n|-supereffective|p2a: Rose\n|-damage|p2a: Rose|0 fnt\n|faint|p2a: Rose\n|\n|-weather|none\n|-heal|p1a: Latios|282\/301|[from] item: Leftovers\n|upkeep\n|choice||switch 3\n|\n|switch|p2a: Inky|Tapu Fini|323\/343\n|-fieldstart|move: Misty Terrain|[from] ability: Misty Surge|[of] p2a: Inky\n|turn|30\n|choice|switch 4|move moonblast\n|\n|switch|p1a: Tyranitar|Tyranitar, F|168\/363 par\n|-damage|p1a: Tyranitar|123\/363 par|[from] Stealth Rock\n|-weather|Sandstorm|[from] ability: Sand Stream|[of] p1a: Tyranitar\n|move|p2a: Inky|Moonblast|p1a: Tyranitar\n|-supereffective|p1a: Tyranitar\n|-damage|p1a: Tyranitar|0 fnt\n|faint|p1a: Tyranitar\n|\n|-weather|Sandstorm|[upkeep]\n|-damage|p2a: Inky|302\/343|[from] sandstorm\n|-heal|p2a: Inky|323\/343|[from] item: Leftovers\n|upkeep\n|choice|switch 4|\n|\n|switch|p1a: Latios|Latios, M|282\/301\n|-damage|p1a: Latios|245\/301|[from] Stealth Rock\n|turn|31\n|c|\u2606Meteordash|gg\n|choice|move psychic|move moonblast\n|\n|move|p1a: Latios|Psychic|p2a: Inky\n|-damage|p2a: Inky|203\/343\n|move|p2a: Inky|Moonblast|p1a: Latios\n|-supereffective|p1a: Latios\n|-damage|p1a: Latios|63\/301\n|\n|-weather|Sandstorm|[upkeep]\n|-damage|p1a: Latios|45\/301|[from] sandstorm\n|-damage|p2a: Inky|182\/343|[from] sandstorm\n|-heal|p1a: Latios|63\/301|[from] item: Leftovers\n|-heal|p2a: Inky|203\/343|[from] item: Leftovers\n|upkeep\n|turn|32\n|c|\u2606Candice|gg\n|choice|move psychic|move moonblast\n|\n|move|p1a: Latios|Psychic|p2a: Inky\n|-crit|p2a: Inky\n|-damage|p2a: Inky|14\/343\n|move|p2a: Inky|Moonblast|p1a: Latios\n|-supereffective|p1a: Latios\n|-damage|p1a: Latios|0 fnt\n|faint|p1a: Latios\n|\n|win|Candice\n|player|p1\n|player|p2\n|l|Meteordash\n|l|ceraa","inputlog":null,"uploadtime":1489329098,"views":1,"p1id":"meteordash","p2id":"candice","formatid":"gen7ou","rating":0,"private":0,"password":null}