{"id":"gen7ou-965353690","p1":"HereWeStand","p2":"Walletinspector62","format":"gen7ou","log":"|j|\u2606HereWeStand\n|j|\u2606Walletinspector62\n|player|p1|HereWeStand|169|\n|player|p2|Walletinspector62|2|\n|teamsize|p1|6\n|teamsize|p2|6\n|gametype|singles\n|gen|7\n|tier|[Gen 7] OU\n|rule|Sleep Clause Mod: Limit one foe put to sleep\n|rule|Species Clause: Limit one of each Pok\u00e9mon\n|rule|OHKO Clause: OHKO moves are banned\n|rule|Moody Clause: Moody is banned\n|rule|Evasion Moves Clause: Evasion moves are banned\n|rule|Endless Battle Clause: Forcing endless battles is banned\n|rule|HP Percentage Mod: HP is shown in percentages\n|clearpoke\n|poke|p1|Charizard, F|item\n|poke|p1|Landorus-Therian, M|item\n|poke|p1|Ferrothorn, F|item\n|poke|p1|Tapu Fini|item\n|poke|p1|Nihilego|item\n|poke|p1|Azelf|item\n|poke|p2|Terrakion|item\n|poke|p2|Scizor, M|item\n|poke|p2|Primarina, F|item\n|poke|p2|Shaymin|item\n|poke|p2|Zeraora|item\n|poke|p2|Goodra, M|item\n|teampreview\n|c|\u2606Walletinspector62|Glhf\n|c|\u2606HereWeStand|gl hf!\n|\n|start\n|switch|p1a: Pangora|Landorus-Therian, M|100\/100\n|switch|p2a: OwO|Zeraora|100\/100\n|-ability|p1a: Pangora|Intimidate|boost\n|-unboost|p2a: OwO|atk|1\n|turn|1\n|\n|move|p2a: OwO|Hidden Power|p1a: Pangora\n|-supereffective|p1a: Pangora\n|-damage|p1a: Pangora|19\/100\n|move|p1a: Pangora|Rock Polish|p1a: Pangora\n|-boost|p1a: Pangora|spe|2\n|\n|upkeep\n|turn|2\n|\n|move|p2a: OwO|Hidden Power|p1a: Pangora\n|-supereffective|p1a: Pangora\n|-damage|p1a: Pangora|0 fnt\n|faint|p1a: Pangora\n|\n|upkeep\n|c|\u2606HereWeStand|Dang you scarf\n|\n|switch|p1a: Firefang|Charizard, F|100\/100\n|turn|3\n|\n|switch|p2a: Bald Bull|Terrakion, shiny|100\/100\n|move|p1a: Firefang|Dragon Dance|p1a: Firefang\n|-boost|p1a: Firefang|atk|1\n|-boost|p1a: Firefang|spe|1\n|\n|upkeep\n|turn|4\n|\n|detailschange|p1a: Firefang|Charizard-Mega-X, F\n|-mega|p1a: Firefang|Charizard|Charizardite X\n|move|p2a: Bald Bull|Stone Edge|p1a: Firefang|[miss]\n|-miss|p2a: Bald Bull|p1a: Firefang\n|move|p1a: Firefang|Dragon Claw|p2a: Bald Bull\n|-damage|p2a: Bald Bull|4\/100\n|\n|upkeep\n|turn|5\n|c|\u2606HereWeStand|Double scarf\n|c|\u2606HereWeStand|Sorry abbout miss\n|c|\u2606Walletinspector62|Whole team scarf\n|c|\u2606HereWeStand|Actually tho? lol\n|\n|switch|p1a: Bulk Plant|Ferrothorn, F|100\/100\n|move|p2a: Bald Bull|Stone Edge|p1a: Bulk Plant\n|-resisted|p1a: Bulk Plant\n|-damage|p1a: Bulk Plant|80\/100\n|\n|upkeep\n|turn|6\n|\n|switch|p2a: Meadow|Shaymin|100\/100\n|move|p1a: Bulk Plant|Leech Seed|p2a: Meadow|[miss]\n|-miss|p1a: Bulk Plant|p2a: Meadow\n|\n|upkeep\n|turn|7\n|\n|move|p1a: Bulk Plant|Protect|p1a: Bulk Plant\n|-singleturn|p1a: Bulk Plant|Protect\n|move|p2a: Meadow|Earth Power|p1a: Bulk Plant\n|-activate|p1a: Bulk Plant|move: Protect\n|\n|upkeep\n|turn|8\n|\n|move|p2a: Meadow|Seed Flare|p1a: Bulk Plant\n|-resisted|p1a: Bulk Plant\n|-damage|p1a: Bulk Plant|72\/100\n|-unboost|p1a: Bulk Plant|spd|2\n|move|p1a: Bulk Plant|Spikes|p2a: Meadow\n|-sidestart|p2: Walletinspector62|Spikes\n|\n|upkeep\n|turn|9\n|c|\u2606HereWeStand|liar lol\n|\n|move|p1a: Bulk Plant|Protect|p1a: Bulk Plant\n|-singleturn|p1a: Bulk Plant|Protect\n|move|p2a: Meadow|Earth Power|p1a: Bulk Plant\n|-activate|p1a: Bulk Plant|move: Protect\n|\n|upkeep\n|turn|10\n|c|\u2606Walletinspector62|Mega scizor can\u2019t even scarf\n|c|\u2606HereWeStand|Or can it?\n|\n|switch|p1a: Boing|Azelf|100\/100\n|move|p2a: Meadow|Earth Power|p1a: Boing\n|-immune|p1a: Boing|[from] ability: Levitate\n|\n|upkeep\n|turn|11\n|\n|move|p1a: Boing|Psychic|p2a: Meadow\n|-damage|p2a: Meadow|64\/100\n|move|p2a: Meadow|Seed Flare|p1a: Boing\n|-damage|p1a: Boing|16\/100\n|\n|-heal|p1a: Boing|22\/100|[from] item: Leftovers\n|upkeep\n|turn|12\n|\n|move|p1a: Boing|Psychic|p2a: Meadow\n|-damage|p2a: Meadow|25\/100\n|move|p2a: Meadow|Seed Flare|p1a: Boing\n|-damage|p1a: Boing|0 fnt\n|faint|p1a: Boing\n|\n|upkeep\n|\n|switch|p1a: Rifty|Nihilego|100\/100\n|turn|13\n|\n|switch|p2a: Honey|Goodra, M, shiny|100\/100\n|-damage|p2a: Honey|88\/100|[from] Spikes\n|move|p1a: Rifty|Power Gem|p2a: Honey\n|-damage|p2a: Honey|72\/100\n|\n|upkeep\n|turn|14\n|\n|switch|p1a: Peddocks|Tapu Fini|100\/100\n|-fieldstart|move: Misty Terrain|[from] ability: Misty Surge|[of] p1a: Peddocks\n|move|p2a: Honey|Sludge Wave|p1a: Peddocks\n|-supereffective|p1a: Peddocks\n|-damage|p1a: Peddocks|56\/100\n|\n|-heal|p1a: Peddocks|62\/100|[from] item: Leftovers\n|upkeep\n|turn|15\n|\n|move|p2a: Honey|Sludge Wave|p1a: Peddocks\n|-supereffective|p1a: Peddocks\n|-damage|p1a: Peddocks|21\/100\n|move|p1a: Peddocks|Moonblast|p2a: Honey\n|-supereffective|p2a: Honey\n|-damage|p2a: Honey|45\/100\n|-unboost|p2a: Honey|spa|1\n|\n|-heal|p1a: Peddocks|27\/100|[from] item: Leftovers\n|upkeep\n|turn|16\n|\n|switch|p1a: Bulk Plant|Ferrothorn, F|72\/100\n|move|p2a: Honey|Sludge Wave|p1a: Bulk Plant\n|-immune|p1a: Bulk Plant\n|\n|upkeep\n|turn|17\n|\n|move|p2a: Honey|Flamethrower|p1a: Bulk Plant\n|-supereffective|p1a: Bulk Plant\n|-enditem|p1a: Bulk Plant|Occa Berry|[eat]\n|-enditem|p1a: Bulk Plant|Occa Berry|[weaken]\n|-damage|p1a: Bulk Plant|46\/100\n|move|p1a: Bulk Plant|Spikes|p2a: Honey\n|-sidestart|p2: Walletinspector62|Spikes\n|\n|upkeep\n|turn|18\n|\n|move|p2a: Honey|Flamethrower|p1a: Bulk Plant\n|-supereffective|p1a: Bulk Plant\n|-damage|p1a: Bulk Plant|0 fnt\n|faint|p1a: Bulk Plant\n|\n|-fieldend|Misty Terrain\n|upkeep\n|\n|switch|p1a: Firefang|Charizard-Mega-X, F|100\/100\n|turn|19\n|\n|move|p1a: Firefang|Dragon Dance|p1a: Firefang\n|-boost|p1a: Firefang|atk|1\n|-boost|p1a: Firefang|spe|1\n|move|p2a: Honey|Draco Meteor|p1a: Firefang|[miss]\n|-miss|p2a: Honey|p1a: Firefang\n|\n|upkeep\n|turn|20\n|\n|move|p1a: Firefang|Dragon Claw|p2a: Honey\n|-supereffective|p2a: Honey\n|-damage|p2a: Honey|0 fnt\n|-ability|p2a: Honey|Gooey\n|-unboost|p1a: Firefang|spe|1\n|faint|p2a: Honey\n|\n|upkeep\n|\n|switch|p2a: Yogurt|Primarina, F, shiny|100\/100\n|-damage|p2a: Yogurt|84\/100|[from] Spikes\n|turn|21\n|\n|move|p1a: Firefang|Roost||[still]\n|-fail|p1a: Firefang\n|move|p2a: Yogurt|Moonblast|p1a: Firefang\n|-damage|p1a: Firefang|0 fnt\n|faint|p1a: Firefang\n|\n|upkeep\n|c|\u2606HereWeStand|yikes\n|\n|switch|p1a: Rifty|Nihilego|100\/100\n|turn|22\n|\n|move|p1a: Rifty|Sludge Wave|p2a: Yogurt\n|-supereffective|p2a: Yogurt\n|-damage|p2a: Yogurt|8\/100\n|-status|p2a: Yogurt|psn\n|move|p2a: Yogurt|Moonblast|p1a: Rifty\n|-resisted|p1a: Rifty\n|-damage|p1a: Rifty|72\/100\n|\n|-damage|p2a: Yogurt|0 fnt|[from] psn\n|faint|p2a: Yogurt\n|upkeep\n|\n|switch|p2a: DontRunWith|Scizor, M|100\/100\n|-damage|p2a: DontRunWith|84\/100|[from] Spikes\n|turn|23\n|\n|switch|p1a: Peddocks|Tapu Fini|27\/100\n|-fieldstart|move: Misty Terrain|[from] ability: Misty Surge|[of] p1a: Peddocks\n|detailschange|p2a: DontRunWith|Scizor-Mega, M\n|-mega|p2a: DontRunWith|Scizor|Scizorite\n|move|p2a: DontRunWith|Bullet Punch|p1a: Peddocks\n|-damage|p1a: Peddocks|4\/100\n|\n|-heal|p1a: Peddocks|10\/100|[from] item: Leftovers\n|upkeep\n|turn|24\n|\n|move|p2a: DontRunWith|Bullet Punch|p1a: Peddocks\n|-damage|p1a: Peddocks|0 fnt\n|faint|p1a: Peddocks\n|\n|upkeep\n|c|\u2606HereWeStand|gg\n|\n|switch|p1a: Rifty|Nihilego|72\/100\n|turn|25\n|c|\u2606Walletinspector62|Gg\n|\n|move|p2a: DontRunWith|Bullet Punch|p1a: Rifty\n|-supereffective|p1a: Rifty\n|-crit|p1a: Rifty\n|-damage|p1a: Rifty|0 fnt\n|faint|p1a: Rifty\n|\n|win|Walletinspector62\n","uploadtime":1566668364,"views":8,"p1id":"herewestand","p2id":"walletinspector62","formatid":"gen7ou","rating":0,"private":0,"password":null}