{"id":"gen7ou-802100963","p1":"Ohmboy Tesla","p2":"Sadriver","format":"gen7ou","log":"|j|\u2606Ohmboy Tesla\n|j|\u2606Sadriver\n|player|p1|Ohmboy Tesla|136\n|player|p2|Sadriver|162\n|teamsize|p1|6\n|teamsize|p2|6\n|gametype|singles\n|gen|7\n|tier|[Gen 7] OU\n|rated|\n|rule|Sleep Clause Mod: Limit one foe put to sleep\n|rule|Species Clause: Limit one of each Pok\u00e9mon\n|rule|OHKO Clause: OHKO moves are banned\n|rule|Moody Clause: Moody is banned\n|rule|Evasion Moves Clause: Evasion moves are banned\n|rule|Endless Battle Clause: Forcing endless battles is banned\n|rule|HP Percentage Mod: HP is shown in percentages\n|clearpoke\n|poke|p1|Diancie|item\n|poke|p1|Volcarona, M|item\n|poke|p1|Rotom-Wash|item\n|poke|p1|Tapu Bulu|item\n|poke|p1|Landorus-Therian, M|item\n|poke|p1|Toxapex, M|item\n|poke|p2|Tyranitar, M|item\n|poke|p2|Greninja, M|item\n|poke|p2|Kyurem-Black|item\n|poke|p2|Excadrill, M|item\n|poke|p2|Moltres|item\n|poke|p2|Ninetales-Alola, F|item\n|teampreview\n|inactive|Battle timer is ON: inactive players will automatically lose when time's up. (requested by Sadriver)\n|\n|start\n|switch|p1a: Carbink-EX|Diancie|100\/100\n|switch|p2a: Ninetales|Ninetales-Alola, F|100\/100\n|-weather|Hail|[from] ability: Snow Warning|[of] p2a: Ninetales\n|turn|1\n|\n|detailschange|p1a: Carbink-EX|Diancie-Mega\n|-mega|p1a: Carbink-EX|Diancie|Diancite\n|move|p1a: Carbink-EX|Diamond Storm|p2a: Ninetales\n|-supereffective|p2a: Ninetales\n|-damage|p2a: Ninetales|0 fnt\n|faint|p2a: Ninetales\n|\n|-weather|Hail|[upkeep]\n|-damage|p1a: Carbink-EX|94\/100|[from] Hail\n|upkeep\n|\n|switch|p2a: Chief|Greninja, M|100\/100\n|turn|2\n|\n|switch|p1a: Boy Fort|Toxapex, M|100\/100\n|move|p2a: Chief|Dark Pulse|p1a: Boy Fort\n|-damage|p1a: Boy Fort|69\/100\n|\n|-weather|Hail|[upkeep]\n|-damage|p2a: Chief|95\/100|[from] Hail\n|-damage|p1a: Boy Fort|63\/100|[from] Hail\n|-heal|p1a: Boy Fort|69\/100|[from] item: Black Sludge\n|upkeep\n|turn|3\n|\n|move|p2a: Chief|Dark Pulse|p1a: Boy Fort\n|-damage|p1a: Boy Fort|37\/100\n|move|p1a: Boy Fort|Toxic Spikes|p2a: Chief\n|-sidestart|p2: Sadriver|move: Toxic Spikes\n|\n|-weather|Hail|[upkeep]\n|-damage|p2a: Chief|89\/100|[from] Hail\n|-damage|p1a: Boy Fort|31\/100|[from] Hail\n|-heal|p1a: Boy Fort|37\/100|[from] item: Black Sludge\n|upkeep\n|turn|4\n|\n|move|p2a: Chief|Dark Pulse|p1a: Boy Fort\n|-damage|p1a: Boy Fort|3\/100\n|move|p1a: Boy Fort|Scald|p2a: Chief\n|-resisted|p2a: Chief\n|-damage|p2a: Chief|77\/100\n|\n|-weather|Hail|[upkeep]\n|-damage|p2a: Chief|71\/100|[from] Hail\n|-damage|p1a: Boy Fort|0 fnt|[from] Hail\n|upkeep\n|faint|p1a: Boy Fort\n|\n|switch|p1a: Carbink-EX|Diancie-Mega|94\/100\n|turn|5\n|inactive|Sadriver has 120 seconds left.\n|\n|switch|p2a: Excadrill|Excadrill, M|100\/100\n|move|p1a: Carbink-EX|Rock Polish|p1a: Carbink-EX\n|-boost|p1a: Carbink-EX|spe|2\n|\n|-weather|none\n|upkeep\n|turn|6\n|\n|move|p1a: Carbink-EX|Earth Power|p2a: Excadrill\n|-supereffective|p2a: Excadrill\n|-damage|p2a: Excadrill|0 fnt\n|faint|p2a: Excadrill\n|\n|upkeep\n|\n|switch|p2a: Chief|Greninja, M|71\/100\n|-status|p2a: Chief|psn\n|turn|7\n|\n|switch|p1a: scRotom-Wash|Rotom-Wash|100\/100\n|move|p2a: Chief|Water Shuriken|p1a: scRotom-Wash\n|-resisted|p1a: scRotom-Wash\n|-damage|p1a: scRotom-Wash|95\/100\n|-resisted|p1a: scRotom-Wash\n|-damage|p1a: scRotom-Wash|90\/100\n|-hitcount|p1a: scRotom-Wash|2\n|\n|-heal|p1a: scRotom-Wash|96\/100|[from] item: Leftovers\n|-damage|p2a: Chief|58\/100 psn|[from] psn\n|upkeep\n|turn|8\n|\n|switch|p2a: Godzilla|Tyranitar, M, shiny|100\/100\n|-status|p2a: Godzilla|psn\n|-weather|Sandstorm|[from] ability: Sand Stream|[of] p2a: Godzilla\n|move|p1a: scRotom-Wash|Volt Switch|p2a: Godzilla\n|-damage|p2a: Godzilla|88\/100 psn\n|\n|switch|p1a: Atlas|Volcarona, M|100\/100\n|\n|-weather|Sandstorm|[upkeep]\n|-damage|p1a: Atlas|94\/100|[from] Sandstorm\n|-damage|p2a: Godzilla|75\/100 psn|[from] psn\n|upkeep\n|turn|9\n|\n|detailschange|p2a: Godzilla|Tyranitar-Mega, M, shiny\n|-mega|p2a: Godzilla|Tyranitar|Tyranitarite\n|-zpower|p1a: Atlas\n|move|p1a: Atlas|Savage Spin-Out|p2a: Godzilla|[zeffect]\n|-supereffective|p2a: Godzilla\n|-damage|p2a: Godzilla|0 fnt\n|faint|p2a: Godzilla\n|\n|-weather|Sandstorm|[upkeep]\n|-damage|p1a: Atlas|88\/100|[from] Sandstorm\n|upkeep\n|\n|switch|p2a: Bigbird|Moltres, shiny|100\/100\n|turn|10\n|\n|switch|p1a: Carbink-EX|Diancie-Mega|94\/100\n|move|p2a: Bigbird|Hurricane|p1a: Carbink-EX|[miss]\n|-miss|p2a: Bigbird|p1a: Carbink-EX\n|\n|-weather|Sandstorm|[upkeep]\n|-damage|p2a: Bigbird|94\/100|[from] Sandstorm\n|-heal|p2a: Bigbird|100\/100|[from] item: Leftovers\n|upkeep\n|turn|11\n|\n|move|p1a: Carbink-EX|Diamond Storm|p2a: Bigbird\n|-supereffective|p2a: Bigbird\n|-damage|p2a: Bigbird|0 fnt\n|-boost|p1a: Carbink-EX|def|2\n|faint|p2a: Bigbird\n|\n|-weather|Sandstorm|[upkeep]\n|upkeep\n|-message|Sadriver forfeited.\n|\n|win|Ohmboy Tesla\n|l|\u2606Sadriver\n|raw|Ohmboy Tesla's rating: 1681 &rarr; <strong>1699<\/strong><br \/>(+18 for winning)\n|raw|Sadriver's rating: 1636 &rarr; <strong>1618<\/strong><br \/>(-18 for losing)\n","uploadtime":1536312070,"views":113,"p1id":"ohmboytesla","p2id":"sadriver","formatid":"gen7ou","rating":1618,"private":0,"password":null}