{"id":"gen7ou-901456429","p1":"FraRPetO","p2":"BugCatcherWeevil","format":"gen7ou","log":"|j|\u2606FraRPetO\n|j|\u2606BugCatcherWeevil\n|player|p1|FraRPetO|117\n|player|p2|BugCatcherWeevil|7\n|teamsize|p1|6\n|teamsize|p2|6\n|gametype|singles\n|gen|7\n|tier|[Gen 7] OU\n|rated|\n|rule|Sleep Clause Mod: Limit one foe put to sleep\n|rule|Species Clause: Limit one of each Pok\u00e9mon\n|rule|OHKO Clause: OHKO moves are banned\n|rule|Moody Clause: Moody is banned\n|rule|Evasion Moves Clause: Evasion moves are banned\n|rule|Endless Battle Clause: Forcing endless battles is banned\n|rule|HP Percentage Mod: HP is shown in percentages\n|clearpoke\n|poke|p1|Gliscor, M|item\n|poke|p1|Hoopa-Unbound|item\n|poke|p1|Altaria, F|item\n|poke|p1|Keldeo-Resolute|item\n|poke|p1|Jirachi|item\n|poke|p1|Ferrothorn, M|item\n|poke|p2|Azumarill, M|item\n|poke|p2|Pelipper, M|item\n|poke|p2|Tornadus-Therian, M|item\n|poke|p2|Swampert, M|item\n|poke|p2|Ferrothorn, F|item\n|poke|p2|Greninja, M|item\n|teampreview\n|j| juan2000\n|j| tobyman\n|inactive|Battle timer is ON: inactive players will automatically lose when time's up. (requested by FraRPetO)\n|l| juan2000\n|\n|start\n|switch|p1a: Hoopa|Hoopa-Unbound|100\/100\n|switch|p2a: Swampert|Swampert, M|100\/100\n|turn|1\n|\n|detailschange|p2a: Swampert|Swampert-Mega, M\n|-mega|p2a: Swampert|Swampert|Swampertite\n|move|p1a: Hoopa|Dark Pulse|p2a: Swampert\n|-crit|p2a: Swampert\n|-damage|p2a: Swampert|0 fnt\n|faint|p2a: Swampert\n|\n|upkeep\n|\n|switch|p2a: Azumarill|Azumarill, M|100\/100\n|turn|2\n|\n|switch|p1a: Ferrothorn|Ferrothorn, M|100\/100\n|move|p2a: Azumarill|Liquidation|p1a: Ferrothorn\n|-resisted|p1a: Ferrothorn\n|-damage|p1a: Ferrothorn|78\/100\n|-damage|p2a: Azumarill|88\/100|[from] ability: Iron Barbs|[of] p1a: Ferrothorn\n|\n|-heal|p1a: Ferrothorn|85\/100|[from] item: Leftovers\n|upkeep\n|turn|3\n|\n|switch|p2a: Ferrothorn|Ferrothorn, F|100\/100\n|move|p1a: Ferrothorn|Stealth Rock|p2a: Ferrothorn\n|-sidestart|p2: BugCatcherWeevil|move: Stealth Rock\n|\n|-heal|p1a: Ferrothorn|91\/100|[from] item: Leftovers\n|upkeep\n|turn|4\n|\n|switch|p1a: Altaria|Altaria, F|100\/100\n|-ability|p1a: Altaria|Cloud Nine\n|move|p2a: Ferrothorn|Stealth Rock|p1a: Altaria\n|-sidestart|p1: FraRPetO|move: Stealth Rock\n|\n|upkeep\n|turn|5\n|j| prhyu\n|\n|detailschange|p1a: Altaria|Altaria-Mega, F\n|-mega|p1a: Altaria|Altaria|Altarianite\n|move|p1a: Altaria|Flamethrower|p2a: Ferrothorn\n|-supereffective|p2a: Ferrothorn\n|-damage|p2a: Ferrothorn|46\/100\n|move|p2a: Ferrothorn|Gyro Ball|p1a: Altaria\n|-supereffective|p1a: Altaria\n|-damage|p1a: Altaria|40\/100\n|\n|upkeep\n|turn|6\n|\n|switch|p2a: Tornadus|Tornadus-Therian, M|100\/100\n|-damage|p2a: Tornadus|76\/100|[from] Stealth Rock\n|move|p1a: Altaria|Flamethrower|p2a: Tornadus\n|-damage|p2a: Tornadus|52\/100\n|\n|upkeep\n|turn|7\n|\n|move|p2a: Tornadus|Taunt|p1a: Altaria\n|-start|p1a: Altaria|move: Taunt\n|cant|p1a: Altaria|move: Taunt|Roost\n|\n|upkeep\n|turn|8\n|\n|switch|p1a: Gliscor|Gliscor, M|100\/100\n|-damage|p1a: Gliscor|88\/100|[from] Stealth Rock\n|move|p2a: Tornadus|U-turn|p1a: Gliscor\n|-resisted|p1a: Gliscor\n|-damage|p1a: Gliscor|83\/100\n|\n|switch|p2a: Greninja|Greninja, M|100\/100|[from]move: U-turn\n|-damage|p2a: Greninja|88\/100|[from] Stealth Rock\n|\n|-status|p1a: Gliscor|tox|[from] item: Toxic Orb\n|upkeep\n|turn|9\n|\n|switch|p1a: Keldeo|Keldeo-Resolute|100\/100\n|-damage|p1a: Keldeo|94\/100|[from] Stealth Rock\n|move|p2a: Greninja|Dark Pulse|p1a: Keldeo\n|-resisted|p1a: Keldeo\n|-damage|p1a: Keldeo|66\/100\n|-ability|p1a: Keldeo|Justified|boost\n|-boost|p1a: Keldeo|atk|1\n|\n|-heal|p1a: Keldeo|72\/100|[from] item: Leftovers\n|upkeep\n|turn|10\n|\n|switch|p2a: Pelipper|Pelipper, M|100\/100\n|-damage|p2a: Pelipper|76\/100|[from] Stealth Rock\n|-weather|RainDance|[from] ability: Drizzle|[of] p2a: Pelipper\n|move|p1a: Keldeo|Secret Sword|p2a: Pelipper\n|-resisted|p2a: Pelipper\n|-damage|p2a: Pelipper|59\/100\n|\n|-weather|RainDance|[upkeep]\n|-heal|p1a: Keldeo|79\/100|[from] item: Leftovers\n|upkeep\n|turn|11\n|\n|move|p1a: Keldeo|Scald|p2a: Pelipper\n|-resisted|p2a: Pelipper\n|-damage|p2a: Pelipper|13\/100\n|move|p2a: Pelipper|Hurricane|p1a: Keldeo\n|-supereffective|p1a: Keldeo\n|-damage|p1a: Keldeo|0 fnt\n|faint|p1a: Keldeo\n|\n|-weather|RainDance|[upkeep]\n|upkeep\n|\n|switch|p1a: Altaria|Altaria-Mega, F|40\/100\n|-damage|p1a: Altaria|28\/100|[from] Stealth Rock\n|turn|12\n|\n|move|p1a: Altaria|Roost|p1a: Altaria\n|-heal|p1a: Altaria|78\/100\n|-singleturn|p1a: Altaria|move: Roost\n|move|p2a: Pelipper|Roost|p2a: Pelipper\n|-heal|p2a: Pelipper|63\/100\n|-singleturn|p2a: Pelipper|move: Roost\n|\n|-weather|RainDance|[upkeep]\n|upkeep\n|turn|13\n|\n|switch|p2a: Ferrothorn|Ferrothorn, F|46\/100\n|-damage|p2a: Ferrothorn|40\/100|[from] Stealth Rock\n|move|p1a: Altaria|Hyper Voice|p2a: Ferrothorn\n|-resisted|p2a: Ferrothorn\n|-damage|p2a: Ferrothorn|28\/100\n|\n|-weather|RainDance|[upkeep]\n|upkeep\n|turn|14\n|\n|switch|p2a: Tornadus|Tornadus-Therian, M|85\/100\n|-damage|p2a: Tornadus|60\/100|[from] Stealth Rock\n|move|p1a: Altaria|Flamethrower|p2a: Tornadus\n|-damage|p2a: Tornadus|48\/100\n|-status|p2a: Tornadus|brn\n|\n|-weather|RainDance|[upkeep]\n|-damage|p2a: Tornadus|42\/100 brn|[from] brn\n|upkeep\n|turn|15\n|\n|switch|p1a: Gliscor|Gliscor, M|83\/100 tox\n|-damage|p1a: Gliscor|70\/100 tox|[from] Stealth Rock\n|move|p2a: Tornadus|Hurricane|p1a: Gliscor\n|-damage|p1a: Gliscor|25\/100 tox\n|-start|p1a: Gliscor|confusion\n|\n|-weather|RainDance|[upkeep]\n|-damage|p2a: Tornadus|36\/100 brn|[from] brn\n|-heal|p1a: Gliscor|37\/100 tox|[from] ability: Poison Heal\n|upkeep\n|turn|16\n|\n|move|p2a: Tornadus|Hurricane|p1a: Gliscor\n|-damage|p1a: Gliscor|0 fnt\n|faint|p1a: Gliscor\n|\n|-weather|RainDance|[upkeep]\n|-damage|p2a: Tornadus|30\/100 brn|[from] brn\n|upkeep\n|\n|switch|p1a: Jirachi|Jirachi, shiny|100\/100\n|-damage|p1a: Jirachi|94\/100|[from] Stealth Rock\n|turn|17\n|\n|switch|p2a: Ferrothorn|Ferrothorn, F|28\/100\n|-damage|p2a: Ferrothorn|22\/100|[from] Stealth Rock\n|-enditem|p2a: Ferrothorn|Iapapa Berry|[eat]\n|-heal|p2a: Ferrothorn|72\/100|[from] item: Iapapa Berry\n|-zpower|p1a: Jirachi\n|move|p1a: Jirachi|Z-Happy Hour|p1a: Jirachi|[anim]Happy Hour\n|-boost|p1a: Jirachi|atk|1|[zeffect]\n|-boost|p1a: Jirachi|def|1|[zeffect]\n|-boost|p1a: Jirachi|spa|1|[zeffect]\n|-boost|p1a: Jirachi|spd|1|[zeffect]\n|-boost|p1a: Jirachi|spe|1|[zeffect]\n|\n|-weather|none\n|upkeep\n|turn|18\n|\n|move|p1a: Jirachi|Fire Punch|p2a: Ferrothorn\n|-supereffective|p2a: Ferrothorn\n|-damage|p2a: Ferrothorn|0 fnt\n|-damage|p1a: Jirachi|82\/100|[from] ability: Iron Barbs|[of] p2a: Ferrothorn\n|faint|p2a: Ferrothorn\n|\n|upkeep\n|j| Imafarmer\n|\n|switch|p2a: Azumarill|Azumarill, M|88\/100\n|-damage|p2a: Azumarill|76\/100|[from] Stealth Rock\n|turn|19\n|\n|move|p1a: Jirachi|Iron Head|p2a: Azumarill\n|-damage|p2a: Azumarill|19\/100\n|cant|p2a: Azumarill|flinch\n|\n|upkeep\n|turn|20\n|\n|switch|p2a: Pelipper|Pelipper, M|63\/100\n|-damage|p2a: Pelipper|38\/100|[from] Stealth Rock\n|-weather|RainDance|[from] ability: Drizzle|[of] p2a: Pelipper\n|move|p1a: Jirachi|Iron Head|p2a: Pelipper\n|-resisted|p2a: Pelipper\n|-damage|p2a: Pelipper|19\/100\n|\n|-weather|RainDance|[upkeep]\n|upkeep\n|turn|21\n|\n|move|p1a: Jirachi|Zen Headbutt|p2a: Pelipper\n|-damage|p2a: Pelipper|0 fnt\n|faint|p2a: Pelipper\n|\n|-weather|RainDance|[upkeep]\n|upkeep\n|\n|switch|p2a: Azumarill|Azumarill, M|19\/100\n|-damage|p2a: Azumarill|7\/100|[from] Stealth Rock\n|turn|22\n|\n|move|p2a: Azumarill|Aqua Jet|p1a: Jirachi\n|-damage|p1a: Jirachi|56\/100\n|move|p1a: Jirachi|Iron Head|p2a: Azumarill\n|-damage|p2a: Azumarill|0 fnt\n|faint|p2a: Azumarill\n|\n|-weather|RainDance|[upkeep]\n|upkeep\n|\n|switch|p2a: Greninja|Greninja, M|88\/100\n|-damage|p2a: Greninja|76\/100|[from] Stealth Rock\n|turn|23\n|\n|move|p2a: Greninja|Water Shuriken|p1a: Jirachi\n|-damage|p1a: Jirachi|45\/100\n|-damage|p1a: Jirachi|34\/100\n|-damage|p1a: Jirachi|25\/100\n|-damage|p1a: Jirachi|14\/100\n|-damage|p1a: Jirachi|3\/100\n|-hitcount|p1a: Jirachi|5\n|move|p1a: Jirachi|Iron Head|p2a: Greninja\n|-resisted|p2a: Greninja\n|-damage|p2a: Greninja|33\/100\n|\n|-weather|RainDance|[upkeep]\n|upkeep\n|turn|24\n|\n|switch|p1a: Ferrothorn|Ferrothorn, M|91\/100\n|-damage|p1a: Ferrothorn|85\/100|[from] Stealth Rock\n|move|p2a: Greninja|Water Shuriken|p1a: Ferrothorn\n|-resisted|p1a: Ferrothorn\n|-damage|p1a: Ferrothorn|80\/100\n|-resisted|p1a: Ferrothorn\n|-damage|p1a: Ferrothorn|74\/100\n|-hitcount|p1a: Ferrothorn|2\n|\n|-weather|RainDance|[upkeep]\n|-heal|p1a: Ferrothorn|81\/100|[from] item: Leftovers\n|upkeep\n|turn|25\n|\n|switch|p2a: Tornadus|Tornadus-Therian, M|63\/100 brn\n|-damage|p2a: Tornadus|38\/100 brn|[from] Stealth Rock\n|move|p1a: Ferrothorn|Knock Off|p2a: Tornadus\n|-crit|p2a: Tornadus\n|-damage|p2a: Tornadus|1\/100 brn\n|-damage|p1a: Ferrothorn|64\/100|[from] item: Rocky Helmet|[of] p2a: Tornadus\n|-enditem|p2a: Tornadus|Rocky Helmet|[from] move: Knock Off|[of] p1a: Ferrothorn\n|\n|-weather|RainDance|[upkeep]\n|-heal|p1a: Ferrothorn|70\/100|[from] item: Leftovers\n|-damage|p2a: Tornadus|0 fnt|[from] brn\n|faint|p2a: Tornadus\n|upkeep\n|c|\u2606BugCatcherWeevil|haxhaxhax.\n|\n|switch|p2a: Greninja|Greninja, M|33\/100\n|-damage|p2a: Greninja|20\/100|[from] Stealth Rock\n|turn|26\n|\n|switch|p1a: Jirachi|Jirachi, shiny|3\/100\n|-damage|p1a: Jirachi|0 fnt|[from] Stealth Rock\n|faint|p1a: Jirachi\n|move|p2a: Greninja|Dark Pulse|p1: Jirachi|[notarget]\n|-fail|p2a: Greninja\n|\n|-weather|RainDance|[upkeep]\n|upkeep\n|\n|switch|p1a: Altaria|Altaria-Mega, F|78\/100\n|-damage|p1a: Altaria|66\/100|[from] Stealth Rock\n|turn|27\n|-message|BugCatcherWeevil forfeited.\n|\n|win|FraRPetO\n|l|\u2606BugCatcherWeevil\n|c|\u2606FraRPetO|crycrycry.\n|raw|FraRPetO's rating: 1709 &rarr; <strong>1728<\/strong><br \/>(+19 for winning)\n|raw|BugCatcherWeevil's rating: 1686 &rarr; <strong>1667<\/strong><br \/>(-19 for losing)\n","uploadtime":1556624723,"views":10,"p1id":"frarpeto","p2id":"bugcatcherweevil","formatid":"gen7ou","rating":1667,"private":0,"password":null}