{"id":"gen7ou-799081557","p1":"Pitaye","p2":"doppelgengar7x7","format":"gen7ou","log":"|j|\u2606Pitaye\n|j|\u2606doppelgengar7x7\n|player|p1|Pitaye|265\n|player|p2|doppelgengar7x7|4\n|teamsize|p1|6\n|teamsize|p2|6\n|gametype|singles\n|gen|7\n|tier|[Gen 7] OU\n|rated|\n|rule|Sleep Clause Mod: Limit one foe put to sleep\n|rule|Species Clause: Limit one of each Pok\u00e9mon\n|rule|OHKO Clause: OHKO moves are banned\n|rule|Moody Clause: Moody is banned\n|rule|Evasion Moves Clause: Evasion moves are banned\n|rule|Endless Battle Clause: Forcing endless battles is banned\n|rule|HP Percentage Mod: HP is shown in percentages\n|clearpoke\n|poke|p1|Landorus-Therian, M|item\n|poke|p1|Altaria, M|item\n|poke|p1|Keldeo|item\n|poke|p1|Zeraora|item\n|poke|p1|Victini|item\n|poke|p1|Celesteela|item\n|poke|p2|Charizard, F|item\n|poke|p2|Tapu Koko|item\n|poke|p2|Zygarde|item\n|poke|p2|Clefable, F|item\n|poke|p2|Hawlucha, M|item\n|poke|p2|Necrozma|item\n|teampreview\n|\n|start\n|switch|p1a: Zeraora|Zeraora|100\/100\n|switch|p2a: Tapu Koko|Tapu Koko|100\/100\n|-fieldstart|move: Electric Terrain|[from] ability: Electric Surge|[of] p2a: Tapu Koko\n|turn|1\n|\n|move|p1a: Zeraora|Plasma Fists|p2a: Tapu Koko\n|-resisted|p2a: Tapu Koko\n|-damage|p2a: Tapu Koko|46\/100\n|-fieldactivate|move: Ion Deluge\n|-damage|p1a: Zeraora|91\/100|[from] item: Life Orb\n|move|p2a: Tapu Koko|Reflect|p2a: Tapu Koko\n|-sidestart|p2: doppelgengar7x7|Reflect\n|\n|upkeep\n|turn|2\n|\n|move|p1a: Zeraora|Knock Off|p2a: Tapu Koko\n|-resisted|p2a: Tapu Koko\n|-damage|p2a: Tapu Koko|35\/100\n|-enditem|p2a: Tapu Koko|Light Clay|[from] move: Knock Off|[of] p1a: Zeraora\n|-damage|p1a: Zeraora|81\/100|[from] item: Life Orb\n|move|p2a: Tapu Koko|Light Screen|p2a: Tapu Koko\n|-sidestart|p2: doppelgengar7x7|move: Light Screen\n|\n|upkeep\n|turn|3\n|\n|switch|p2a: Clefable|Clefable, F, shiny|100\/100\n|move|p1a: Zeraora|Hidden Power|p2a: Clefable\n|-damage|p2a: Clefable|93\/100\n|-damage|p1a: Zeraora|71\/100|[from] item: Life Orb\n|\n|-heal|p2a: Clefable|99\/100|[from] item: Leftovers\n|upkeep\n|turn|4\n|\n|move|p1a: Zeraora|Knock Off|p2a: Clefable\n|-resisted|p2a: Clefable\n|-damage|p2a: Clefable|91\/100\n|-enditem|p2a: Clefable|Leftovers|[from] move: Knock Off|[of] p1a: Zeraora\n|-damage|p1a: Zeraora|61\/100|[from] item: Life Orb\n|move|p2a: Clefable|Cosmic Power|p2a: Clefable\n|-boost|p2a: Clefable|def|1\n|-boost|p2a: Clefable|spd|1\n|\n|upkeep\n|turn|5\n|\n|switch|p1a: Altaria|Altaria, M|100\/100\n|move|p2a: Clefable|Cosmic Power|p2a: Clefable\n|-boost|p2a: Clefable|def|1\n|-boost|p2a: Clefable|spd|1\n|\n|-fieldend|move: Electric Terrain\n|upkeep\n|turn|6\n|\n|detailschange|p1a: Altaria|Altaria-Mega, M\n|-mega|p1a: Altaria|Altaria|Altarianite\n|move|p1a: Altaria|Body Slam|p2a: Clefable\n|-damage|p2a: Clefable|83\/100\n|move|p2a: Clefable|Charge Beam|p1a: Altaria\n|-resisted|p1a: Altaria\n|-damage|p1a: Altaria|95\/100\n|\n|-sideend|p2: doppelgengar7x7|move: Light Screen\n|upkeep\n|turn|7\n|\n|move|p1a: Altaria|Body Slam|p2a: Clefable\n|-damage|p2a: Clefable|75\/100\n|move|p2a: Clefable|Cosmic Power|p2a: Clefable\n|-boost|p2a: Clefable|def|1\n|-boost|p2a: Clefable|spd|1\n|\n|upkeep\n|turn|8\n|\n|move|p1a: Altaria|Body Slam|p2a: Clefable\n|-damage|p2a: Clefable|69\/100\n|move|p2a: Clefable|Cosmic Power|p2a: Clefable\n|-boost|p2a: Clefable|def|1\n|-boost|p2a: Clefable|spd|1\n|\n|-sideend|p2: doppelgengar7x7|Reflect\n|upkeep\n|turn|9\n|\n|move|p1a: Altaria|Body Slam|p2a: Clefable\n|-damage|p2a: Clefable|59\/100\n|move|p2a: Clefable|Soft-Boiled|p2a: Clefable\n|-heal|p2a: Clefable|100\/100\n|\n|upkeep\n|turn|10\n|\n|move|p1a: Altaria|Body Slam|p2a: Clefable\n|-damage|p2a: Clefable|91\/100\n|move|p2a: Clefable|Charge Beam|p1a: Altaria\n|-resisted|p1a: Altaria\n|-damage|p1a: Altaria|91\/100\n|\n|upkeep\n|turn|11\n|\n|move|p1a: Altaria|Body Slam|p2a: Clefable\n|-damage|p2a: Clefable|81\/100\n|move|p2a: Clefable|Cosmic Power|p2a: Clefable\n|-boost|p2a: Clefable|def|1\n|-boost|p2a: Clefable|spd|1\n|\n|upkeep\n|turn|12\n|\n|move|p1a: Altaria|Body Slam|p2a: Clefable\n|-damage|p2a: Clefable|71\/100\n|-status|p2a: Clefable|par\n|cant|p2a: Clefable|par\n|\n|upkeep\n|turn|13\n|c|\u2606doppelgengar7x7|oh dude\n|c|\u2606Pitaye|:)))\n|\n|switch|p1a: Landorus|Landorus-Therian, M|100\/100\n|-ability|p1a: Landorus|Intimidate|boost\n|-unboost|p2a: Clefable|atk|1\n|move|p2a: Clefable|Soft-Boiled|p2a: Clefable\n|-heal|p2a: Clefable|100\/100 par\n|\n|upkeep\n|turn|14\n|c|\u2606doppelgengar7x7|Sad :c\n|\n|move|p1a: Landorus|Stealth Rock|p2a: Clefable\n|-sidestart|p2: doppelgengar7x7|move: Stealth Rock\n|move|p2a: Clefable|Stored Power|p1a: Landorus\n|-damage|p1a: Landorus|41\/100\n|\n|upkeep\n|turn|15\n|\n|-zpower|p1a: Landorus\n|move|p1a: Landorus|Supersonic Skystrike|p2a: Clefable|[zeffect]\n|-damage|p2a: Clefable|72\/100 par\n|move|p2a: Clefable|Soft-Boiled|p2a: Clefable\n|-heal|p2a: Clefable|100\/100 par\n|\n|upkeep\n|turn|16\n|\n|switch|p1a: Victini|Victini|100\/100\n|cant|p2a: Clefable|par\n|\n|upkeep\n|turn|17\n|\n|switch|p1a: Zeraora|Zeraora|61\/100\n|move|p2a: Clefable|Charge Beam|p1a: Zeraora\n|-heal|p1a: Zeraora|86\/100|[from] ability: Volt Absorb|[of] p2a: Clefable\n|\n|upkeep\n|turn|18\n|inactive|Battle timer is ON: inactive players will automatically lose when time's up. (requested by doppelgengar7x7)\n|\n|switch|p1a: Celesteela|Celesteela|100\/100\n|cant|p2a: Clefable|par\n|\n|upkeep\n|turn|19\n|inactiveoff|Battle timer is now OFF.\n|\n|move|p1a: Celesteela|Leech Seed|p2a: Clefable\n|-start|p2a: Clefable|move: Leech Seed\n|cant|p2a: Clefable|par\n|\n|upkeep\n|turn|20\n|\n|switch|p1a: Zeraora|Zeraora|86\/100\n|move|p2a: Clefable|Cosmic Power|p2a: Clefable\n|-boost|p2a: Clefable|def|1\n|-boost|p2a: Clefable|spd|1\n|\n|upkeep\n|turn|21\n|\n|switch|p1a: Victini|Victini|100\/100\n|move|p2a: Clefable|Stored Power|p1a: Victini\n|-resisted|p1a: Victini\n|-damage|p1a: Victini|70\/100\n|\n|upkeep\n|turn|22\n|\n|switch|p1a: Zeraora|Zeraora|86\/100\n|move|p2a: Clefable|Stored Power|p1a: Zeraora\n|-damage|p1a: Zeraora|20\/100\n|\n|upkeep\n|turn|23\n|\n|switch|p1a: Victini|Victini|70\/100\n|cant|p2a: Clefable|par\n|\n|upkeep\n|turn|24\n|\n|move|p1a: Victini|Psychic|p2a: Clefable\n|-damage|p2a: Clefable|90\/100 par\n|move|p2a: Clefable|Soft-Boiled|p2a: Clefable\n|-heal|p2a: Clefable|100\/100 par\n|\n|upkeep\n|turn|25\n|\n|move|p1a: Victini|Psychic|p2a: Clefable\n|-damage|p2a: Clefable|91\/100 par\n|move|p2a: Clefable|Stored Power|p1a: Victini\n|-resisted|p1a: Victini\n|-damage|p1a: Victini|40\/100\n|\n|upkeep\n|turn|26\n|\n|switch|p1a: Celesteela|Celesteela|100\/100\n|move|p2a: Clefable|Stored Power|p1a: Celesteela\n|-resisted|p1a: Celesteela\n|-damage|p1a: Celesteela|79\/100\n|\n|-heal|p1a: Celesteela|85\/100|[from] item: Leftovers\n|upkeep\n|turn|27\n|\n|switch|p1a: Zeraora|Zeraora|20\/100\n|move|p2a: Clefable|Stored Power|p1a: Zeraora\n|-damage|p1a: Zeraora|0\n|faint|p1a: Zeraora\n|\n|upkeep\n|\n|switch|p1a: Victini|Victini|40\/100\n|turn|28\n|\n|move|p1a: Victini|Psychic|p2a: Clefable\n|-damage|p2a: Clefable|82\/100 par\n|move|p2a: Clefable|Cosmic Power|p2a: Clefable\n|-boost|p2a: Clefable|def|0\n|-boost|p2a: Clefable|spd|0\n|\n|upkeep\n|turn|29\n|c|\u2606doppelgengar7x7|missclick xd\n|\n|move|p1a: Victini|Psychic|p2a: Clefable\n|-damage|p2a: Clefable|73\/100 par\n|move|p2a: Clefable|Charge Beam|p1a: Victini\n|-damage|p1a: Victini|29\/100\n|-boost|p2a: Clefable|spa|1\n|\n|upkeep\n|turn|30\n|\n|move|p1a: Victini|Psychic|p2a: Clefable\n|-damage|p2a: Clefable|62\/100 par\n|move|p2a: Clefable|Soft-Boiled|p2a: Clefable\n|-heal|p2a: Clefable|100\/100 par\n|\n|upkeep\n|turn|31\n|\n|move|p1a: Victini|Psychic|p2a: Clefable\n|-damage|p2a: Clefable|90\/100 par\n|move|p2a: Clefable|Charge Beam|p1a: Victini|[miss]\n|-miss|p2a: Clefable|p1a: Victini\n|\n|upkeep\n|turn|32\n|\n|move|p1a: Victini|Psychic|p2a: Clefable\n|-damage|p2a: Clefable|81\/100 par\n|-unboost|p2a: Clefable|spd|1\n|move|p2a: Clefable|Stored Power|p1a: Victini\n|-resisted|p1a: Victini\n|-damage|p1a: Victini|0\n|faint|p1a: Victini\n|\n|upkeep\n|\n|switch|p1a: Marquise|Keldeo|100\/100\n|turn|33\n|\n|move|p1a: Marquise|Hydro Pump|p2a: Clefable\n|-damage|p2a: Clefable|67\/100 par\n|move|p2a: Clefable|Stored Power|p1a: Marquise\n|-supereffective|p1a: Marquise\n|-damage|p1a: Marquise|0\n|faint|p1a: Marquise\n|\n|upkeep\n|\n|switch|p1a: Celesteela|Celesteela|85\/100\n|turn|34\n|c|\u2606doppelgengar7x7|\u00bfRematch?\n|c|\u2606Pitaye|no it's ok :p\n|c|\u2606Pitaye|I don't like your team lol\n|c|\u2606doppelgengar7x7|I use this team to ladder\n|c|\u2606doppelgengar7x7|sorry\n|\n|move|p1a: Celesteela|Heavy Slam|p2a: Clefable\n|-supereffective|p2a: Clefable\n|-crit|p2a: Clefable\n|-damage|p2a: Clefable|0 par\n|faint|p2a: Clefable\n|-ability|p1a: Celesteela|Beast Boost|boost\n|-boost|p1a: Celesteela|def|1\n|\n|-heal|p1a: Celesteela|91\/100|[from] item: Leftovers\n|upkeep\n|c|\u2606doppelgengar7x7|:D\n|c|\u2606doppelgengar7x7|YES\n|c|\u2606Pitaye|yeaaah\n|c|\u2606Pitaye|:D\n|c|\u2606Pitaye|so cool !:\n|\n|switch|p2a: Tapu Koko|Tapu Koko|35\/100\n|-damage|p2a: Tapu Koko|23\/100|[from] Stealth Rock\n|-fieldstart|move: Electric Terrain|[from] ability: Electric Surge|[of] p2a: Tapu Koko\n|turn|35\n|\n|move|p2a: Tapu Koko|Defog|p1a: Celesteela\n|-unboost|p1a: Celesteela|evasion|1\n|-sideend|p2: doppelgengar7x7|Stealth Rock|[from] move: Defog|[of] p2a: Tapu Koko\n|move|p1a: Celesteela|Heavy Slam|p2a: Tapu Koko\n|-damage|p2a: Tapu Koko|0\n|faint|p2a: Tapu Koko\n|-ability|p1a: Celesteela|Beast Boost|boost\n|-boost|p1a: Celesteela|def|1\n|\n|-heal|p1a: Celesteela|97\/100|[from] item: Leftovers\n|upkeep\n|\n|switch|p2a: Charizard|Charizard, F|100\/100\n|turn|36\n|\n|detailschange|p2a: Charizard|Charizard-Mega-X, F\n|-mega|p2a: Charizard|Charizard|Charizardite X\n|move|p2a: Charizard|Belly Drum|p2a: Charizard\n|-damage|p2a: Charizard|51\/100\n|-setboost|p2a: Charizard|atk|6|[from] move: Belly Drum\n|move|p1a: Celesteela|Leech Seed|p2a: Charizard\n|-start|p2a: Charizard|move: Leech Seed\n|\n|-heal|p1a: Celesteela|100\/100|[from] item: Leftovers\n|-damage|p2a: Charizard|38\/100|[from] Leech Seed|[of] p1a: Celesteela\n|upkeep\n|turn|37\n|\n|switch|p1a: Landorus|Landorus-Therian, M|41\/100\n|-ability|p1a: Landorus|Intimidate|boost\n|-unboost|p2a: Charizard|atk|1\n|move|p2a: Charizard|Flame Charge|p1a: Landorus\n|-damage|p1a: Landorus|0\n|-boost|p2a: Charizard|spe|1\n|faint|p1a: Landorus\n|\n|upkeep\n|\n|switch|p1a: Altaria|Altaria-Mega, M|91\/100\n|turn|38\n|\n|move|p2a: Charizard|Flame Charge|p1a: Altaria\n|-resisted|p1a: Altaria\n|-damage|p1a: Altaria|50\/100\n|-boost|p2a: Charizard|spe|1\n|move|p1a: Altaria|Roost|p1a: Altaria\n|-heal|p1a: Altaria|99\/100\n|\n|-damage|p2a: Charizard|26\/100|[from] Leech Seed|[of] p1a: Altaria\n|-heal|p1a: Altaria|100\/100|[silent]\n|upkeep\n|turn|39\n|c|\u2606doppelgengar7x7|Niice\n|c|\u2606Pitaye|:p\n|c|\u2606Pitaye|hehe\n|\n|move|p2a: Charizard|Flame Charge|p1a: Altaria\n|-resisted|p1a: Altaria\n|-damage|p1a: Altaria|62\/100\n|-boost|p2a: Charizard|spe|1\n|move|p1a: Altaria|Roost|p1a: Altaria\n|-heal|p1a: Altaria|100\/100\n|\n|-damage|p2a: Charizard|13\/100|[from] Leech Seed|[of] p1a: Altaria\n|-fieldend|move: Electric Terrain\n|upkeep\n|turn|40\n|\n|move|p2a: Charizard|Roost|p2a: Charizard\n|-heal|p2a: Charizard|63\/100\n|move|p1a: Altaria|Roost|p1a: Altaria\n|-fail|p1a: Altaria\n|\n|-damage|p2a: Charizard|51\/100|[from] Leech Seed|[of] p1a: Altaria\n|upkeep\n|turn|41\n|\n|move|p2a: Charizard|Flame Charge|p1a: Altaria\n|-resisted|p1a: Altaria\n|-damage|p1a: Altaria|59\/100\n|-boost|p2a: Charizard|spe|1\n|move|p1a: Altaria|Earthquake|p2a: Charizard\n|-supereffective|p2a: Charizard\n|-damage|p2a: Charizard|0\n|faint|p2a: Charizard\n|\n|upkeep\n|\n|switch|p2a: Necrozma|Necrozma|100\/100\n|turn|42\n|\n|move|p1a: Altaria|Body Slam|p2a: Necrozma\n|-damage|p2a: Necrozma|70\/100\n|move|p2a: Necrozma|Iron Defense|p2a: Necrozma\n|-boost|p2a: Necrozma|def|2\n|\n|upkeep\n|turn|43\n|c|\u2606Pitaye|gg this time\n|c|\u2606Pitaye|:p\n|\n|move|p1a: Altaria|Body Slam|p2a: Necrozma\n|-crit|p2a: Necrozma\n|-damage|p2a: Necrozma|27\/100\n|move|p2a: Necrozma|Calm Mind|p2a: Necrozma\n|-boost|p2a: Necrozma|spa|1\n|-boost|p2a: Necrozma|spd|1\n|\n|upkeep\n|turn|44\n|c|\u2606Pitaye|lool\n|c|\u2606doppelgengar7x7|that hax\n|\n|move|p1a: Altaria|Body Slam|p2a: Necrozma\n|-damage|p2a: Necrozma|12\/100\n|move|p2a: Necrozma|Rest|p2a: Necrozma\n|-status|p2a: Necrozma|slp\n|-heal|p2a: Necrozma|100\/100 slp|[silent]\n|-status|p2a: Necrozma|slp|[from] move: Rest\n|-enditem|p2a: Necrozma|Chesto Berry|[eat]\n|-curestatus|p2a: Necrozma|slp|[msg]\n|\n|upkeep\n|turn|45\n|c|\u2606Pitaye|yeah\n|-message|Pitaye forfeited.\n|\n|win|doppelgengar7x7\n|l|\u2606Pitaye\n|raw|Pitaye's rating: 1524 &rarr; <strong>1506<\/strong><br \/>(-18 for losing)\n|raw|doppelgengar7x7's rating: 1551 &rarr; <strong>1570<\/strong><br \/>(+19 for winning)\n","uploadtime":1535784742,"views":1,"p1id":"pitaye","p2id":"doppelgengar7x7","formatid":"gen7ou","rating":1506,"private":0,"password":null}