{"id":"gen7ou-639301652","p1":"I'm back from mars","p2":"flowre","format":"gen7ou","log":"|j|I'm back from mars\n|j|flowre\n|player|p1|I'm back from mars|128\n|teamsize|p1|6\n|player|p2|flowre|27\n|teamsize|p2|6\n|gametype|singles\n|gen|7\n|tier|[Gen 7] OU\n|rated\n|seed|19009,13579,41617,65175\n|rule|Sleep Clause Mod: Limit one foe put to sleep\n|rule|Species Clause: Limit one of each Pok\u00e9mon\n|rule|OHKO Clause: OHKO moves are banned\n|rule|Moody Clause: Moody is banned\n|rule|Evasion Moves Clause: Evasion moves are banned\n|rule|Endless Battle Clause: Forcing endless battles is banned\n|rule|HP Percentage Mod: HP is shown in percentages\n|clearpoke\n|poke|p1|Alomomola, M|item\n|poke|p1|Magearna|item\n|poke|p1|Zapdos|item\n|poke|p1|Quagsire, M|item\n|poke|p1|Mew|item\n|poke|p1|Ditto|item\n|poke|p2|Hawlucha, F|item\n|poke|p2|Excadrill, M|item\n|poke|p2|Tapu Koko|item\n|poke|p2|Slowking, F|item\n|poke|p2|Zygarde|item\n|poke|p2|Venusaur, F|item\n|teampreview\n|inactive|Battle timer is ON: inactive players will automatically lose when time's up. (requested by flowre)\n|choice|team 1, team 2, team 3, team 4, team 5, team 6|team 2, team 1, team 3, team 4, team 5, team 6\n|\n|start\n|switch|p1a: Alomomola|Alomomola, M|481\/481\n|switch|p2a: Excadrill|Excadrill, M, shiny|361\/361\n|-ability|p2a: Excadrill|Mold Breaker\n|turn|1\n|choice|move waterfall|move stealthrock\n|\n|move|p2a: Excadrill|Stealth Rock|p1a: Alomomola\n|-sidestart|p1: I'm back from mars|move: Stealth Rock\n|move|p1a: Alomomola|Waterfall|p2a: Excadrill\n|-supereffective|p2a: Excadrill\n|-damage|p2a: Excadrill|149\/361\n|\n|upkeep\n|turn|2\n|choice|move waterfall|move toxic\n|\n|move|p2a: Excadrill|Toxic|p1a: Alomomola\n|-status|p1a: Alomomola|tox\n|move|p1a: Alomomola|Waterfall|p2a: Excadrill\n|-supereffective|p2a: Excadrill\n|-damage|p2a: Excadrill|0 fnt\n|faint|p2a: Excadrill\n|\n|-damage|p1a: Alomomola|451\/481 tox|[from] psn\n|upkeep\n|choice||switch 3\n|\n|switch|p2a: Tapu Koko|Tapu Koko|281\/281\n|-fieldstart|move: Electric Terrain|[from] ability: Electric Surge|[of] p2a: Tapu Koko\n|turn|3\n|choice|move protect|move thunder\n|\n|move|p1a: Alomomola|Protect|p1a: Alomomola\n|-singleturn|p1a: Alomomola|Protect\n|move|p2a: Tapu Koko|Thunder|p1a: Alomomola\n|-activate|p1a: Alomomola|move: Protect\n|\n|-heal|p1a: Alomomola|481\/481 tox|[from] item: Leftovers\n|-damage|p1a: Alomomola|421\/481 tox|[from] psn\n|upkeep\n|turn|4\n|c|\u2606I'm back from mars|wat\n|choice|switch 4|move thunder\n|\n|switch|p1a: Quagsire|Quagsire, M, shiny|394\/394\n|-damage|p1a: Quagsire|370\/394|[from] Stealth Rock\n|move|p2a: Tapu Koko|Thunder|p1a: Quagsire\n|-immune|p1a: Quagsire|[msg]\n|\n|-heal|p1a: Quagsire|394\/394|[from] item: Leftovers\n|upkeep\n|turn|5\n|inactive|flowre has 120 seconds left.\n|choice|move scald|move dazzlinggleam\n|\n|move|p2a: Tapu Koko|Dazzling Gleam|p1a: Quagsire\n|-damage|p1a: Quagsire|168\/394\n|-damage|p2a: Tapu Koko|253\/281|[from] item: Life Orb\n|move|p1a: Quagsire|Scald|p2a: Tapu Koko\n|-damage|p2a: Tapu Koko|172\/281\n|-status|p2a: Tapu Koko|brn\n|\n|-heal|p1a: Quagsire|192\/394|[from] item: Leftovers\n|-damage|p2a: Tapu Koko|155\/281 brn|[from] brn\n|upkeep\n|turn|6\n|c|\u2606I'm back from mars|oh god\n|c|\u2606I'm back from mars|who stays in\n|choice|switch 2|move thunder\n|\n|switch|p1a: Magearna|Magearna|351\/351\n|-damage|p1a: Magearna|330\/351|[from] Stealth Rock\n|move|p2a: Tapu Koko|Thunder|p1a: Magearna|[miss]\n|-miss|p2a: Tapu Koko|p1a: Magearna\n|\n|-damage|p2a: Tapu Koko|138\/281 brn|[from] brn\n|upkeep\n|turn|7\n|choice|move flashcannon|move voltswitch\n|\n|move|p2a: Tapu Koko|Volt Switch|p1a: Magearna\n|-damage|p1a: Magearna|243\/351\n|-damage|p2a: Tapu Koko|110\/281 brn|[from] item: Life Orb\n|inactive|flowre has 120 seconds left.\n|choice||switch 4\n|\n|switch|p2a: Slowking|Slowking, F, shiny|394\/394\n|move|p1a: Magearna|Flash Cannon|p2a: Slowking\n|-resisted|p2a: Slowking\n|-damage|p2a: Slowking|355\/394\n|\n|-fieldend|move: Electric Terrain\n|upkeep\n|turn|8\n|c|\u2606I'm back from mars|lol dont take time to think you're making bad plays anyway\n|choice|move voltswitch|move fireblast\n|\n|move|p1a: Magearna|Volt Switch|p2a: Slowking\n|-supereffective|p2a: Slowking\n|-damage|p2a: Slowking|265\/394\n|choice|switch 5|\n|\n|switch|p1a: Mew|Mew|387\/387\n|-damage|p1a: Mew|339\/387|[from] Stealth Rock\n|move|p2a: Slowking|Fire Blast|p1a: Mew\n|-damage|p1a: Mew|225\/387\n|\n|-heal|p1a: Mew|249\/387|[from] item: Leftovers\n|upkeep\n|turn|9\n|inactive|flowre has 120 seconds left.\n|choice|move defog|move futuresight\n|\n|move|p1a: Mew|Defog|p2a: Slowking\n|-unboost|p2a: Slowking|evasion|1\n|-sideend|p1: I'm back from mars|Stealth Rock|[from] move: Defog|[of] p1a: Mew\n|move|p2a: Slowking|Future Sight|p1a: Mew\n|-start|p2a: Slowking|move: Future Sight\n|\n|-heal|p1a: Mew|273\/387|[from] item: Leftovers\n|upkeep\n|turn|10\n|choice|move willowisp|move scald\n|\n|move|p1a: Mew|Will-O-Wisp|p2a: Slowking\n|-status|p2a: Slowking|brn\n|move|p2a: Slowking|Scald|p1a: Mew\n|-damage|p1a: Mew|147\/387\n|-status|p1a: Mew|brn\n|-activate|p1a: Mew|ability: Synchronize\n|-fail|p2a: Slowking|brn\n|\n|-heal|p1a: Mew|171\/387 brn|[from] item: Leftovers\n|-damage|p1a: Mew|147\/387 brn|[from] brn\n|-damage|p2a: Slowking|241\/394 brn|[from] brn\n|upkeep\n|turn|11\n|choice|move softboiled|switch 4\n|\n|switch|p2a: Tapu Koko|Tapu Koko|110\/281 brn\n|-fieldstart|move: Electric Terrain|[from] ability: Electric Surge|[of] p2a: Tapu Koko\n|move|p1a: Mew|Soft-Boiled|p1a: Mew\n|-heal|p1a: Mew|341\/387 brn\n|\n|-end|p1a: Mew|move: Future Sight\n|-resisted|p1a: Mew\n|-damage|p1a: Mew|239\/387 brn\n|-heal|p1a: Mew|263\/387 brn|[from] item: Leftovers\n|-damage|p2a: Tapu Koko|93\/281 brn|[from] brn\n|-damage|p1a: Mew|239\/387 brn|[from] brn\n|upkeep\n|turn|12\n|choice|switch 6|move thunder\n|\n|switch|p1a: Ditto|Ditto|300\/300\n|-transform|p1a: Ditto|p2a: Tapu Koko|[from] ability: Imposter\n|move|p2a: Tapu Koko|Thunder|p1a: Ditto\n|-resisted|p1a: Ditto\n|-damage|p1a: Ditto|89\/300\n|-damage|p2a: Tapu Koko|65\/281 brn|[from] item: Life Orb\n|\n|-damage|p2a: Tapu Koko|48\/281 brn|[from] brn\n|upkeep\n|turn|13\n|choice|move voltswitch|switch 5\n|\n|switch|p2a: Zygarde|Zygarde|357\/357\n|-ability|p2a: Zygarde|Aura Break\n|move|p1a: Ditto|Volt Switch|p2a: Zygarde\n|-immune|p2a: Zygarde|[msg]\n|\n|upkeep\n|turn|14\n|choice|switch 6|move thousandarrows\n|\n|switch|p1a: Mew|Mew|239\/387 brn\n|move|p2a: Zygarde|Thousand Arrows|p1a: Mew\n|-damage|p1a: Mew|50\/387 brn\n|\n|-heal|p1a: Mew|74\/387 brn|[from] item: Leftovers\n|-damage|p1a: Mew|50\/387 brn|[from] brn\n|upkeep\n|turn|15\n|choice|move softboiled|move thousandarrows\n|\n|move|p1a: Mew|Soft-Boiled|p1a: Mew\n|-heal|p1a: Mew|244\/387 brn\n|move|p2a: Zygarde|Thousand Arrows|p1a: Mew\n|-damage|p1a: Mew|57\/387 brn\n|\n|-heal|p1a: Mew|81\/387 brn|[from] item: Leftovers\n|-damage|p1a: Mew|57\/387 brn|[from] brn\n|-fieldend|move: Electric Terrain\n|upkeep\n|turn|16\n|inactive|flowre has 120 seconds left.\n|choice|move softboiled|move thousandarrows\n|\n|move|p1a: Mew|Soft-Boiled|p1a: Mew\n|-heal|p1a: Mew|251\/387 brn\n|move|p2a: Zygarde|Thousand Arrows|p1a: Mew\n|-damage|p1a: Mew|52\/387 brn\n|\n|-heal|p1a: Mew|76\/387 brn|[from] item: Leftovers\n|-damage|p1a: Mew|52\/387 brn|[from] brn\n|upkeep\n|turn|17\n|choice|move softboiled|switch 5\n|\n|switch|p2a: Tapu Koko|Tapu Koko|48\/281 brn\n|-fieldstart|move: Electric Terrain|[from] ability: Electric Surge|[of] p2a: Tapu Koko\n|move|p1a: Mew|Soft-Boiled|p1a: Mew\n|-heal|p1a: Mew|246\/387 brn\n|\n|-heal|p1a: Mew|270\/387 brn|[from] item: Leftovers\n|-damage|p2a: Tapu Koko|31\/281 brn|[from] brn\n|-damage|p1a: Mew|246\/387 brn|[from] brn\n|upkeep\n|turn|18\n|choice|switch 5|move thunder\n|\n|switch|p1a: Magearna|Magearna|243\/351\n|move|p2a: Tapu Koko|Thunder|p1a: Magearna\n|-damage|p1a: Magearna|109\/351\n|-status|p1a: Magearna|par\n|-damage|p2a: Tapu Koko|3\/281 brn|[from] item: Life Orb\n|\n|-damage|p2a: Tapu Koko|0 fnt|[from] brn\n|upkeep\n|faint|p2a: Tapu Koko\n|-ability|p1a: Magearna|Soul-Heart|boost\n|-boost|p1a: Magearna|spa|1\n|inactive|flowre has 120 seconds left.\n|choice||switch 5\n|\n|switch|p2a: Zygarde|Zygarde|357\/357\n|-ability|p2a: Zygarde|Aura Break\n|turn|19\n|choice|move fleurcannon|move thousandarrows\n|\n|move|p2a: Zygarde|Thousand Arrows|p1a: Magearna\n|-supereffective|p1a: Magearna\n|-damage|p1a: Magearna|0 fnt\n|faint|p1a: Magearna\n|\n|upkeep\n|choice|switch 6|\n|\n|switch|p1a: Ditto|Ditto|89\/300\n|-transform|p1a: Ditto|p2a: Zygarde|[from] ability: Imposter\n|-ability|p1a: Ditto|Aura Break\n|turn|20\n|choice|move outrage|switch 6\n|\n|switch|p2a: Venusaur|Venusaur, F, shiny|359\/359\n|move|p1a: Ditto|Outrage|p2a: Venusaur\n|-damage|p2a: Venusaur|199\/359\n|\n|upkeep\n|turn|21\n|choice|move outrage|move synthesis mega\n|\n|detailschange|p2a: Venusaur|Venusaur-Mega, F, shiny\n|-mega|p2a: Venusaur|Venusaur|Venusaurite\n|move|p1a: Ditto|Outrage|p2a: Venusaur|[from]lockedmove\n|-damage|p2a: Venusaur|79\/359\n|move|p2a: Venusaur|Synthesis|p2a: Venusaur\n|-heal|p2a: Venusaur|258\/359\n|\n|-fieldend|move: Electric Terrain\n|upkeep\n|turn|22\n|choice|move outrage|move gigadrain\n|\n|move|p1a: Ditto|Outrage|p2a: Venusaur|[from]lockedmove\n|-damage|p2a: Venusaur|128\/359\n|-start|p1a: Ditto|confusion|[fatigue]\n|move|p2a: Venusaur|Giga Drain|p1a: Ditto\n|-damage|p1a: Ditto|0 fnt\n|-heal|p2a: Venusaur|173\/359|[from] drain|[of] p1a: Ditto\n|faint|p1a: Ditto\n|\n|upkeep\n|choice|switch 5|\n|\n|switch|p1a: Mew|Mew|246\/387 brn\n|turn|23\n|choice|move willowisp|switch 4\n|\n|switch|p2a: Slowking|Slowking, F, shiny|372\/394 brn\n|move|p1a: Mew|Will-O-Wisp|p2a: Slowking\n|-fail|p2a: Slowking|brn\n|\n|-heal|p1a: Mew|270\/387 brn|[from] item: Leftovers\n|-damage|p1a: Mew|246\/387 brn|[from] brn\n|-damage|p2a: Slowking|348\/394 brn|[from] brn\n|upkeep\n|turn|24\n|choice|move softboiled|move futuresight\n|\n|move|p1a: Mew|Soft-Boiled|p1a: Mew\n|-heal|p1a: Mew|387\/387 brn\n|move|p2a: Slowking|Future Sight|p1a: Mew\n|-start|p2a: Slowking|move: Future Sight\n|\n|-damage|p1a: Mew|363\/387 brn|[from] brn\n|-damage|p2a: Slowking|324\/394 brn|[from] brn\n|upkeep\n|turn|25\n|choice|move willowisp|move scald\n|\n|move|p1a: Mew|Will-O-Wisp|p2a: Slowking\n|-fail|p2a: Slowking|brn\n|move|p2a: Slowking|Scald|p1a: Mew\n|-damage|p1a: Mew|236\/387 brn\n|\n|-heal|p1a: Mew|260\/387 brn|[from] item: Leftovers\n|-damage|p1a: Mew|236\/387 brn|[from] brn\n|-damage|p2a: Slowking|300\/394 brn|[from] brn\n|upkeep\n|turn|26\n|choice|move softboiled|move dragontail\n|\n|move|p1a: Mew|Soft-Boiled|p1a: Mew\n|-heal|p1a: Mew|387\/387 brn\n|move|p2a: Slowking|Dragon Tail|p1a: Mew\n|-damage|p1a: Mew|372\/387 brn\n|drag|p1a: Alomomola|Alomomola, M|481\/481 tox\n|\n|-end|p1a: Alomomola|move: Future Sight\n|-damage|p1a: Alomomola|220\/481 tox\n|-heal|p1a: Alomomola|250\/481 tox|[from] item: Leftovers\n|-damage|p1a: Alomomola|220\/481 tox|[from] psn\n|-damage|p2a: Slowking|276\/394 brn|[from] brn\n|upkeep\n|turn|27\n|choice|move wish|move futuresight\n|\n|move|p1a: Alomomola|Wish|p1a: Alomomola\n|move|p2a: Slowking|Future Sight|p1a: Alomomola\n|-start|p2a: Slowking|move: Future Sight\n|\n|-heal|p1a: Alomomola|250\/481 tox|[from] item: Leftovers\n|-damage|p1a: Alomomola|190\/481 tox|[from] psn\n|-damage|p2a: Slowking|252\/394 brn|[from] brn\n|upkeep\n|turn|28\n|choice|switch 4|move scald\n|\n|switch|p1a: Mew|Mew|372\/387 brn\n|move|p2a: Slowking|Scald|p1a: Mew\n|-damage|p1a: Mew|251\/387 brn\n|\n|-heal|p1a: Mew|387\/387 brn|[from] move: Wish|[wisher] Alomomola\n|-damage|p1a: Mew|363\/387 brn|[from] brn\n|-damage|p2a: Slowking|228\/394 brn|[from] brn\n|upkeep\n|turn|29\n|choice|switch 4|move dragontail\n|\n|switch|p1a: Alomomola|Alomomola, M|350\/481 tox\n|move|p2a: Slowking|Dragon Tail|p1a: Alomomola\n|-damage|p1a: Alomomola|335\/481 tox\n|drag|p1a: Zapdos|Zapdos|383\/383\n|-ability|p1a: Zapdos|Pressure\n|\n|-end|p1a: Zapdos|move: Future Sight\n|-damage|p1a: Zapdos|179\/383\n|-heal|p1a: Zapdos|202\/383|[from] item: Leftovers\n|-damage|p2a: Slowking|204\/394 brn|[from] brn\n|upkeep\n|turn|30\n|choice|move roost|move scald\n|\n|move|p1a: Zapdos|Roost|p1a: Zapdos\n|-heal|p1a: Zapdos|383\/383\n|move|p2a: Slowking|Scald|p1a: Zapdos\n|-damage|p1a: Zapdos|227\/383\n|\n|-heal|p1a: Zapdos|250\/383|[from] item: Leftovers\n|-damage|p2a: Slowking|180\/394 brn|[from] brn\n|upkeep\n|turn|31\n|choice|move voltswitch|switch 4\n|\n|switch|p2a: Venusaur|Venusaur-Mega, F, shiny|173\/359\n|move|p1a: Zapdos|Volt Switch|p2a: Venusaur\n|-resisted|p2a: Venusaur\n|-crit|p2a: Venusaur\n|-damage|p2a: Venusaur|119\/359\n|choice|switch 4|\n|\n|switch|p1a: Mew|Mew|363\/387 brn\n|\n|-heal|p1a: Mew|387\/387 brn|[from] item: Leftovers\n|-damage|p1a: Mew|363\/387 brn|[from] brn\n|upkeep\n|turn|32\n|choice|move willowisp|switch 4\n|\n|switch|p2a: Slowking|Slowking, F, shiny|311\/394 brn\n|move|p1a: Mew|Will-O-Wisp|p2a: Slowking\n|-fail|p2a: Slowking|brn\n|\n|-heal|p1a: Mew|387\/387 brn|[from] item: Leftovers\n|-damage|p1a: Mew|363\/387 brn|[from] brn\n|-damage|p2a: Slowking|287\/394 brn|[from] brn\n|upkeep\n|turn|33\n|choice|switch 3|move futuresight\n|\n|switch|p1a: Alomomola|Alomomola, M|481\/481 tox\n|move|p2a: Slowking|Future Sight|p1a: Alomomola\n|-start|p2a: Slowking|move: Future Sight\n|\n|-damage|p1a: Alomomola|451\/481 tox|[from] psn\n|-damage|p2a: Slowking|263\/394 brn|[from] brn\n|upkeep\n|turn|34\n|choice|move wish|move scald\n|\n|move|p1a: Alomomola|Wish|p1a: Alomomola\n|move|p2a: Slowking|Scald|p1a: Alomomola\n|-resisted|p1a: Alomomola\n|-damage|p1a: Alomomola|365\/481 tox\n|\n|-heal|p1a: Alomomola|395\/481 tox|[from] item: Leftovers\n|-damage|p1a: Alomomola|335\/481 tox|[from] psn\n|-damage|p2a: Slowking|239\/394 brn|[from] brn\n|upkeep\n|turn|35\n|choice|switch 3|move scald\n|\n|switch|p1a: Mew|Mew|363\/387 brn\n|move|p2a: Slowking|Scald|p1a: Mew\n|-damage|p1a: Mew|237\/387 brn\n|\n|-end|p1a: Mew|move: Future Sight\n|-resisted|p1a: Mew\n|-damage|p1a: Mew|145\/387 brn\n|-heal|p1a: Mew|385\/387 brn|[from] move: Wish|[wisher] Alomomola\n|-heal|p1a: Mew|387\/387 brn|[from] item: Leftovers\n|-damage|p1a: Mew|363\/387 brn|[from] brn\n|-damage|p2a: Slowking|215\/394 brn|[from] brn\n|upkeep\n|turn|36\n|choice|switch 3|move futuresight\n|\n|switch|p1a: Alomomola|Alomomola, M|481\/481 tox\n|move|p2a: Slowking|Future Sight|p1a: Alomomola\n|-start|p2a: Slowking|move: Future Sight\n|\n|-damage|p1a: Alomomola|451\/481 tox|[from] psn\n|-damage|p2a: Slowking|191\/394 brn|[from] brn\n|upkeep\n|turn|37\n|j|Anna\u2665Kartanna\u22b0\n|choice|move wish|move scald\n|\n|move|p1a: Alomomola|Wish|p1a: Alomomola\n|move|p2a: Slowking|Scald|p1a: Alomomola\n|-resisted|p1a: Alomomola\n|-damage|p1a: Alomomola|370\/481 tox\n|\n|-heal|p1a: Alomomola|400\/481 tox|[from] item: Leftovers\n|-damage|p1a: Alomomola|340\/481 tox|[from] psn\n|-damage|p2a: Slowking|167\/394 brn|[from] brn\n|upkeep\n|turn|38\n|choice|move protect|move scald\n|\n|move|p1a: Alomomola|Protect|p1a: Alomomola\n|-singleturn|p1a: Alomomola|Protect\n|move|p2a: Slowking|Scald|p1a: Alomomola\n|-activate|p1a: Alomomola|move: Protect\n|\n|-end|p1a: Alomomola|move: Future Sight\n|-damage|p1a: Alomomola|114\/481 tox\n|-heal|p1a: Alomomola|354\/481 tox|[from] move: Wish|[wisher] Alomomola\n|-heal|p1a: Alomomola|384\/481 tox|[from] item: Leftovers\n|-damage|p1a: Alomomola|294\/481 tox|[from] psn\n|-damage|p2a: Slowking|143\/394 brn|[from] brn\n|upkeep\n|turn|39\n|choice|switch 3|move futuresight\n|\n|switch|p1a: Mew|Mew|363\/387 brn\n|move|p2a: Slowking|Future Sight|p1a: Mew\n|-start|p2a: Slowking|move: Future Sight\n|\n|-heal|p1a: Mew|387\/387 brn|[from] item: Leftovers\n|-damage|p1a: Mew|363\/387 brn|[from] brn\n|-damage|p2a: Slowking|119\/394 brn|[from] brn\n|upkeep\n|turn|40\n|choice|move willowisp|move dragontail\n|\n|move|p1a: Mew|Will-O-Wisp|p2a: Slowking\n|-fail|p2a: Slowking|brn\n|move|p2a: Slowking|Dragon Tail|p1a: Mew\n|-damage|p1a: Mew|348\/387 brn\n|drag|p1a: Zapdos|Zapdos|250\/383\n|-ability|p1a: Zapdos|Pressure\n|\n|-heal|p1a: Zapdos|273\/383|[from] item: Leftovers\n|-damage|p2a: Slowking|95\/394 brn|[from] brn\n|upkeep\n|turn|41\n|choice|switch 3|switch 6\n|\n|switch|p1a: Alomomola|Alomomola, M|454\/481 tox\n|switch|p2a: Zygarde|Zygarde|357\/357\n|-ability|p2a: Zygarde|Aura Break\n|\n|-end|p1a: Alomomola|move: Future Sight\n|-damage|p1a: Alomomola|210\/481 tox\n|-heal|p1a: Alomomola|240\/481 tox|[from] item: Leftovers\n|-damage|p1a: Alomomola|210\/481 tox|[from] psn\n|upkeep\n|turn|42\n|choice|switch 4|move thousandarrows\n|\n|switch|p1a: Mew|Mew|348\/387 brn\n|move|p2a: Zygarde|Thousand Arrows|p1a: Mew\n|-damage|p1a: Mew|150\/387 brn\n|\n|-heal|p1a: Mew|174\/387 brn|[from] item: Leftovers\n|-damage|p1a: Mew|150\/387 brn|[from] brn\n|upkeep\n|turn|43\n|choice|move softboiled|move thousandarrows\n|\n|move|p1a: Mew|Soft-Boiled|p1a: Mew\n|-heal|p1a: Mew|344\/387 brn\n|move|p2a: Zygarde|Thousand Arrows|p1a: Mew\n|-damage|p1a: Mew|166\/387 brn\n|\n|-heal|p1a: Mew|190\/387 brn|[from] item: Leftovers\n|-damage|p1a: Mew|166\/387 brn|[from] brn\n|upkeep\n|turn|44\n|c|\u2606I'm back from mars|my oppo is trash but I don't think I can win\n|-message|I'm back from mars forfeited.\n|\n|win|flowre\n|c|\u2606flowre|lmao\n|raw|I&apos;m back from mars's rating: 1660 &rarr; <strong>1639<\/strong><br \/>(-21 for losing)\n|raw|flowre's rating: 1631 &rarr; <strong>1652<\/strong><br \/>(+21 for winning)\n|c|\u2606I'm back from mars|you really are sadly\n|l|I'm back from mars\n|l|Anna\u2665Kartanna\u22b0","inputlog":null,"uploadtime":1506871933,"views":57,"p1id":"imbackfrommars","p2id":"flowre","formatid":"gen7ou","rating":0,"private":0,"password":null}