{"id":"gen7ou-1598972811","p1":"LatiGOD","p2":"return nirvana","format":"gen7ou","log":"|j|\u2606LatiGOD\n|j|\u2606return nirvana\n|inactive|Battle timer is ON: inactive players will automatically lose when time's up.\n|t:|1655558802\n|gametype|singles\n|player|p1|LatiGOD|grimsley|\n|player|p2|return nirvana|gambler-gen1|\n|teamsize|p1|6\n|teamsize|p2|6\n|gen|7\n|tier|[Gen 7] OU\n|rated|Tournament battle\n|rule|Sleep Clause Mod: Limit one foe put to sleep\n|rule|Species Clause: Limit one of each Pok\u00e9mon\n|rule|OHKO Clause: OHKO moves are banned\n|rule|Moody Clause: Moody is banned\n|rule|Evasion Moves Clause: Evasion moves are banned\n|rule|Endless Battle Clause: Forcing endless battles is banned\n|rule|HP Percentage Mod: HP is shown in percentages\n|clearpoke\n|poke|p1|Shuckle, F|item\n|poke|p1|Magearna|item\n|poke|p1|Kyurem-Black|item\n|poke|p1|Landorus-Therian, M|item\n|poke|p1|Greninja, M|item\n|poke|p1|Gallade, M|item\n|poke|p2|Swampert, M|item\n|poke|p2|Pelipper, M|item\n|poke|p2|Manaphy|item\n|poke|p2|Ferrothorn, M|item\n|poke|p2|Tornadus-Therian, M|item\n|poke|p2|Greninja, M|item\n|teampreview\n|j| Stunfisk2140\n|j| schmikebobswag\n|c|\u2606LatiGOD|ah rain\n|j| Rosaism\n|j| Melmetaltime\n|c|\u2606LatiGOD|wouldnt be gen 7 wo it\n|c|\u2606LatiGOD|hf\n|c| Melmetaltime|Go nirvana!\n|c|\u2606return nirvana|u2\n|c| Stunfisk2140|u better win\n|j|%Sww-Suwa\n|c| Stunfisk2140|nirvana\n|\n|t:|1655558830\n|start\n|switch|p1a: Magearna|Magearna|100\/100\n|switch|p2a: Pelipper|Pelipper, M|100\/100\n|-weather|RainDance|[from] ability: Drizzle|[of] p2a: Pelipper\n|turn|1\n|c| Melmetaltime|Nirvana destroyed me so I'm cheering for him!\n|\n|t:|1655558836\n|switch|p2a: Swampert|Swampert, M|100\/100\n|move|p1a: Magearna|Thunderbolt|p2a: Swampert\n|-immune|p2a: Swampert\n|\n|-weather|RainDance|[upkeep]\n|upkeep\n|turn|2\n|\n|t:|1655558841\n|switch|p1a: Landorus|Landorus-Therian, M|100\/100\n|-ability|p1a: Landorus|Intimidate|boost\n|-unboost|p2a: Swampert|atk|1\n|detailschange|p2a: Swampert|Swampert-Mega, M\n|-mega|p2a: Swampert|Swampert|Swampertite\n|move|p2a: Swampert|Earthquake|p1a: Landorus\n|-immune|p1a: Landorus\n|\n|-weather|RainDance|[upkeep]\n|upkeep\n|turn|3\n|\n|t:|1655558845\n|move|p2a: Swampert|Waterfall|p1a: Landorus\n|-supereffective|p1a: Landorus\n|-damage|p1a: Landorus|27\/100\n|-damage|p2a: Swampert|84\/100|[from] item: Rocky Helmet|[of] p1a: Landorus\n|move|p1a: Landorus|U-turn|p2a: Swampert\n|-damage|p2a: Swampert|62\/100\n|c| Rosaism|then, im cheering for Lati\n|\n|t:|1655558850\n|switch|p1a: Kyurem|Kyurem-Black|100\/100|[from]move: U-turn\n|-ability|p1a: Kyurem|Teravolt\n|\n|-weather|RainDance|[upkeep]\n|upkeep\n|turn|4\n|\n|t:|1655558859\n|move|p2a: Swampert|Superpower|p1a: Kyurem\n|-supereffective|p1a: Kyurem\n|-damage|p1a: Kyurem|47\/100\n|-unboost|p2a: Swampert|atk|1\n|-unboost|p2a: Swampert|def|1\n|-zpower|p1a: Kyurem\n|move|p1a: Kyurem|Subzero Slammer|p2a: Swampert|[zeffect]\n|-damage|p2a: Swampert|0 fnt\n|faint|p2a: Swampert\n|\n|-weather|RainDance|[upkeep]\n|upkeep\n|c| Melmetaltime|Swampert dies\n|c| Melmetaltime|Bro\n|c| Stunfisk2140|kyub just built different\n|j| Kerthwack\n|j| Zerowlett\n|j| ferawwsadc\n|c| Melmetaltime|haha\n|\n|t:|1655558888\n|switch|p2a: Ferrothorn|Ferrothorn, M|100\/100\n|turn|5\n|c| Kerthwack|Orn:?\n|j| Pok3mon\n|\n|t:|1655558892\n|move|p1a: Kyurem|Ice Beam|p2a: Ferrothorn\n|-damage|p2a: Ferrothorn|76\/100\n|move|p2a: Ferrothorn|Stealth Rock|p1a: Kyurem\n|-sidestart|p1: LatiGOD|move: Stealth Rock\n|\n|-weather|RainDance|[upkeep]\n|upkeep\n|turn|6\n|c| Melmetaltime|ROCKS!\n|\n|t:|1655558900\n|move|p1a: Kyurem|Freeze Shock||[still]\n|-prepare|p1a: Kyurem|Freeze Shock\n|move|p2a: Ferrothorn|Knock Off|p1a: Kyurem\n|-damage|p1a: Kyurem|34\/100\n|\n|-weather|RainDance|[upkeep]\n|upkeep\n|turn|7\n|\n|t:|1655558903\n|switch|p2a: Manaphy|Manaphy|100\/100\n|move|p1a: Kyurem|Freeze Shock|p2a: Manaphy|[from]lockedmove\n|-resisted|p2a: Manaphy\n|-damage|p2a: Manaphy|66\/100\n|-status|p2a: Manaphy|par\n|\n|-weather|RainDance|[upkeep]\n|-activate|p2a: Manaphy|ability: Hydration\n|-curestatus|p2a: Manaphy|par|[msg]\n|upkeep\n|turn|8\n|\n|t:|1655558914\n|move|p1a: Kyurem|Fusion Bolt|p2a: Manaphy\n|-supereffective|p2a: Manaphy\n|-damage|p2a: Manaphy|0 fnt\n|faint|p2a: Manaphy\n|\n|-weather|none\n|upkeep\n|\n|t:|1655558915\n|switch|p2a: Greninja|Greninja, M|100\/100\n|turn|9\n|j|%Sp0onl0rd\n|j| Dragalge TTT\n|c| Melmetaltime|bro\n|\n|t:|1655558919\n|switch|p1a: Magearna|Magearna|100\/100\n|-damage|p1a: Magearna|95\/100|[from] Stealth Rock\n|move|p2a: Greninja|Dark Pulse|p1a: Magearna\n|-resisted|p1a: Magearna\n|-damage|p1a: Magearna|69\/100\n|\n|upkeep\n|turn|10\n|l| Pok3mon\n|c| Melmetaltime|how did it outspeed\n|\n|t:|1655558926\n|switch|p2a: Tornadus|Tornadus-Therian, M|100\/100\n|move|p1a: Magearna|Shift Gear|p1a: Magearna\n|-boost|p1a: Magearna|spe|2\n|-boost|p1a: Magearna|atk|1\n|\n|upkeep\n|turn|11\n|\n|t:|1655558930\n|move|p1a: Magearna|Ice Beam|p2a: Tornadus\n|-supereffective|p2a: Tornadus\n|-damage|p2a: Tornadus|14\/100\n|-status|p2a: Tornadus|frz\n|-damage|p1a: Magearna|59\/100|[from] item: Life Orb\n|cant|p2a: Tornadus|frz\n|\n|upkeep\n|turn|12\n|j| MassiveCrappers\n|c|\u2606LatiGOD|mb\n|c| Stunfisk2140|omfg\n|c| Melmetaltime|OH NO!\n|\n|t:|1655558936\n|switch|p2a: Ferrothorn|Ferrothorn, M|76\/100\n|move|p1a: Magearna|Ice Beam|p2a: Ferrothorn\n|-damage|p2a: Ferrothorn|46\/100\n|-damage|p1a: Magearna|49\/100|[from] item: Life Orb\n|\n|upkeep\n|turn|13\n|c|%Sp0onl0rd|Bulky mana is pretty standard\n|c| Melmetaltime|GOD\n|\n|t:|1655558940\n|move|p1a: Magearna|Focus Blast|p2a: Ferrothorn\n|-supereffective|p2a: Ferrothorn\n|-damage|p2a: Ferrothorn|0 fnt\n|faint|p2a: Ferrothorn\n|-ability|p1a: Magearna|Soul-Heart|boost\n|-boost|p1a: Magearna|spa|1\n|-damage|p1a: Magearna|39\/100|[from] item: Life Orb\n|\n|upkeep\n|c| Stunfisk2140|latigod u haxer trust\n|\n|t:|1655558943\n|switch|p2a: Pelipper|Pelipper, M|100\/100\n|-weather|RainDance|[from] ability: Drizzle|[of] p2a: Pelipper\n|turn|14\n|\n|t:|1655558947\n|switch|p2a: Tornadus|Tornadus-Therian, M|47\/100 frz\n|move|p1a: Magearna|Thunderbolt|p2a: Tornadus\n|-supereffective|p2a: Tornadus\n|-damage|p2a: Tornadus|0 fnt\n|faint|p2a: Tornadus\n|-ability|p1a: Magearna|Soul-Heart|boost\n|-boost|p1a: Magearna|spa|1\n|-damage|p1a: Magearna|29\/100|[from] item: Life Orb\n|\n|-weather|RainDance|[upkeep]\n|upkeep\n|\n|t:|1655558949\n|switch|p2a: Greninja|Greninja, M|100\/100\n|turn|15\n|c| Melmetaltime|OHHHHHH\n|\n|t:|1655558952\n|move|p2a: Greninja|Water Shuriken|p1a: Magearna\n|-damage|p1a: Magearna|14\/100\n|-damage|p1a: Magearna|0 fnt\n|faint|p1a: Magearna\n|-activate|p2a: Greninja|ability: Battle Bond\n|detailschange|p2a: Greninja|Greninja-Ash, M\n|-hitcount|p1: Magearna|2\n|\n|-weather|RainDance|[upkeep]\n|upkeep\n|\n|t:|1655558960\n|switch|p1a: Gallade|Gallade, M|100\/100\n|-damage|p1a: Gallade|94\/100|[from] Stealth Rock\n|turn|16\n|c| Stunfisk2140|greninja solo\n|c| Melmetaltime|MAGEARNA SWEEPS!\n|\n|t:|1655558964\n|switch|p2a: Pelipper|Pelipper, M|100\/100\n|detailschange|p1a: Gallade|Gallade-Mega, M\n|-mega|p1a: Gallade|Gallade|Galladite\n|move|p1a: Gallade|Close Combat|p2a: Pelipper\n|-resisted|p2a: Pelipper\n|-damage|p2a: Pelipper|70\/100\n|-unboost|p1a: Gallade|def|1\n|-unboost|p1a: Gallade|spd|1\n|\n|-weather|RainDance|[upkeep]\n|upkeep\n|turn|17\n|c| Melmetaltime|Oh no\n|\n|t:|1655558969\n|switch|p1a: Landorus|Landorus-Therian, M|27\/100\n|-damage|p1a: Landorus|14\/100|[from] Stealth Rock\n|-ability|p1a: Landorus|Intimidate|boost\n|-unboost|p2a: Pelipper|atk|1\n|move|p2a: Pelipper|U-turn|p1a: Landorus\n|-resisted|p1a: Landorus\n|-damage|p1a: Landorus|12\/100\n|-damage|p2a: Pelipper|53\/100|[from] item: Rocky Helmet|[of] p1a: Landorus\n|c| Melmetaltime|oh\n|\n|t:|1655558971\n|switch|p2a: Greninja|Greninja-Ash, M|100\/100|[from]move: U-turn\n|\n|-weather|RainDance|[upkeep]\n|upkeep\n|turn|18\n|\n|t:|1655558975\n|move|p2a: Greninja|Surf|p1a: Landorus\n|-supereffective|p1a: Landorus\n|-damage|p1a: Landorus|0 fnt\n|faint|p1a: Landorus\n|\n|-weather|RainDance|[upkeep]\n|upkeep\n|\n|t:|1655558980\n|switch|p1a: Greninja|Greninja, M|100\/100\n|-damage|p1a: Greninja|88\/100|[from] Stealth Rock\n|turn|19\n|c| Stunfisk2140|the beautiful freindship\n|\n|t:|1655558982\n|move|p2a: Greninja|Surf|p1a: Greninja\n|-resisted|p1a: Greninja\n|-damage|p1a: Greninja|1\/100\n|move|p1a: Greninja|Surf|p2a: Greninja\n|-resisted|p2a: Greninja\n|-damage|p2a: Greninja|17\/100\n|\n|-weather|RainDance|[upkeep]\n|upkeep\n|turn|20\n|\n|t:|1655558986\n|move|p2a: Greninja|Surf|p1a: Greninja\n|-resisted|p1a: Greninja\n|-damage|p1a: Greninja|0 fnt\n|faint|p1a: Greninja\n|\n|-weather|RainDance|[upkeep]\n|upkeep\n|c| Stunfisk2140|of pelliper and greninja\n|\n|t:|1655558990\n|switch|p1a: Shuckle|Shuckle, F|100\/100\n|-damage|p1a: Shuckle|75\/100|[from] Stealth Rock\n|turn|21\n|\n|t:|1655558992\n|move|p2a: Greninja|Surf|p1a: Shuckle\n|-supereffective|p1a: Shuckle\n|-damage|p1a: Shuckle|0 fnt\n|faint|p1a: Shuckle\n|\n|-weather|none\n|upkeep\n|\n|t:|1655558993\n|switch|p1a: Gallade|Gallade-Mega, M|94\/100\n|-damage|p1a: Gallade|88\/100|[from] Stealth Rock\n|turn|22\n|\n|t:|1655558999\n|move|p1a: Gallade|Shadow Sneak|p2a: Greninja\n|-resisted|p2a: Greninja\n|-damage|p2a: Greninja|3\/100\n|move|p2a: Greninja|Surf|p1a: Gallade\n|-damage|p1a: Gallade|0 fnt\n|faint|p1a: Gallade\n|\n|upkeep\n|c| Stunfisk2140|HELL YEAH\n|c|\u2606LatiGOD|shouldve SD'd\n|c| Melmetaltime|Such friendshup\n|c|\u2606LatiGOD|gg\n|c| Stunfisk2140|GOAT VERTEX\n|c|\u2606return nirvana|gg\n|\n|t:|1655559011\n|switch|p1a: Kyurem|Kyurem-Black|34\/100\n|-damage|p1a: Kyurem|9\/100|[from] Stealth Rock\n|-ability|p1a: Kyurem|Teravolt\n|turn|23\n|j| Begin Testing\n|c| Melmetaltime|DESTROY HIM!\n|l| Stunfisk2140\n|\n|t:|1655559022\n|move|p2a: Greninja|Surf|p1a: Kyurem\n|-resisted|p1a: Kyurem\n|-damage|p1a: Kyurem|0 fnt\n|faint|p1a: Kyurem\n|\n|win|return nirvana\n|n|\u2606LatiGOD|latigod\n|n|\u2606return nirvana|returnnirvana\n|n| schmikebobswag|schmikebobswag\n|n| Rosaism|rosaism\n|n| Melmetaltime|melmetaltime\n|n| Sww-Suwa|swwsuwa\n|n| Kerthwack|kerthwack\n|n| Zerowlett|zerowlett\n|n| ferawwsadc|ferawwsadc\n|n| Sp0onl0rd|sp0onl0rd\n|n| Dragalge TTT|dragalgettt\n|n| MassiveCrappers|massivecrappers\n|n| Begin Testing|begintesting\n|c| Kerthwack|Rip\n","uploadtime":1655559023,"views":29,"p1id":"latigod","p2id":"returnnirvana","formatid":"gen7ou","rating":0,"private":0,"password":null}