{"id":"gen7anythinggoes-1558856918","p1":"reionatro","p2":"shadow404","format":"gen7anythinggoes","log":"|j|\u2606reionatro\n|j|\u2606shadow404\n|t:|1650622209\n|gametype|singles\n|player|p1|reionatro|jasmine|\n|player|p2|shadow404|pryce|\n|teamsize|p1|6\n|teamsize|p2|6\n|gen|7\n|tier|[Gen 7] Anything Goes\n|rule|HP Percentage Mod: HP is shown in percentages\n|rule|Endless Battle Clause: Forcing endless battles is banned\n|clearpoke\n|poke|p1|Steelix, F|item\n|poke|p1|Ferrothorn, M|item\n|poke|p1|Skarmory, M|item\n|poke|p1|Metagross|item\n|poke|p1|Lucario, M|item\n|poke|p1|Bronzong|item\n|poke|p2|Dewgong, M|item\n|poke|p2|Mamoswine, F|item\n|poke|p2|Cloyster, F|item\n|poke|p2|Weavile, F|item\n|poke|p2|Froslass, F|item\n|poke|p2|Abomasnow, M|item\n|teampreview\n|j| cherrycherrykuma\n|\n|t:|1650622217\n|start\n|switch|p1a: Steelix|Steelix, F|100\/100\n|switch|p2a: Froslass|Froslass, F|100\/100\n|turn|1\n|\n|t:|1650622225\n|move|p2a: Froslass|Light Screen|p2a: Froslass\n|-sidestart|p2: shadow404|move: Light Screen\n|move|p1a: Steelix|Stealth Rock|p2a: Froslass\n|-sidestart|p2: shadow404|move: Stealth Rock\n|\n|upkeep\n|turn|2\n|j| adel19\n|\n|t:|1650622239\n|switch|p2a: Cloyster|Cloyster, F|100\/100\n|-damage|p2a: Cloyster|76\/100|[from] Stealth Rock\n|move|p1a: Steelix|Heavy Slam|p2a: Cloyster\n|-damage|p2a: Cloyster|54\/100\n|\n|upkeep\n|turn|3\n|\n|t:|1650622261\n|move|p2a: Cloyster|Shell Smash|p2a: Cloyster\n|-unboost|p2a: Cloyster|def|1\n|-unboost|p2a: Cloyster|spd|1\n|-boost|p2a: Cloyster|atk|2\n|-boost|p2a: Cloyster|spa|2\n|-boost|p2a: Cloyster|spe|2\n|-enditem|p2a: Cloyster|White Herb\n|-clearnegativeboost|p2a: Cloyster|[silent]\n|move|p1a: Steelix|Toxic|p2a: Cloyster\n|-status|p2a: Cloyster|tox\n|\n|-damage|p2a: Cloyster|48\/100 tox|[from] psn\n|upkeep\n|turn|4\n|\n|t:|1650622282\n|switch|p1a: Ferrothorn|Ferrothorn, M|100\/100\n|move|p2a: Cloyster|Liquidation|p1a: Ferrothorn\n|-resisted|p1a: Ferrothorn\n|-damage|p1a: Ferrothorn|69\/100\n|-damage|p2a: Cloyster|36\/100 tox|[from] ability: Iron Barbs|[of] p1a: Ferrothorn\n|\n|-heal|p1a: Ferrothorn|75\/100|[from] item: Leftovers\n|-damage|p2a: Cloyster|23\/100 tox|[from] psn\n|upkeep\n|turn|5\n|\n|t:|1650622296\n|move|p2a: Cloyster|Explosion|p1a: Ferrothorn\n|-resisted|p1a: Ferrothorn\n|-damage|p1a: Ferrothorn|17\/100\n|faint|p2a: Cloyster\n|move|p1a: Ferrothorn|Leech Seed|p2: Cloyster|[notarget]\n|-fail|p1a: Ferrothorn\n|\n|-heal|p1a: Ferrothorn|23\/100|[from] item: Leftovers\n|-sideend|p2: shadow404|move: Light Screen\n|upkeep\n|\n|t:|1650622331\n|switch|p2a: Abomasnow|Abomasnow, M|100\/100\n|-damage|p2a: Abomasnow|76\/100|[from] Stealth Rock\n|-weather|Hail|[from] ability: Snow Warning|[of] p2a: Abomasnow\n|turn|6\n|\n|t:|1650622342\n|detailschange|p2a: Abomasnow|Abomasnow-Mega, M\n|-mega|p2a: Abomasnow|Abomasnow|Abomasite\n|move|p2a: Abomasnow|Earthquake|p1a: Ferrothorn\n|-damage|p1a: Ferrothorn|0 fnt\n|faint|p1a: Ferrothorn\n|\n|-weather|Hail|[upkeep]\n|upkeep\n|\n|t:|1650622386\n|switch|p1a: Lucario|Lucario, M|100\/100\n|turn|7\n|\n|t:|1650622393\n|switch|p2a: Froslass|Froslass, F|100\/100\n|-damage|p2a: Froslass|76\/100|[from] Stealth Rock\n|move|p1a: Lucario|Flash Cannon|p2a: Froslass\n|-supereffective|p2a: Froslass\n|-damage|p2a: Froslass|0 fnt\n|faint|p2a: Froslass\n|-damage|p1a: Lucario|91\/100|[from] item: Life Orb\n|\n|-weather|Hail|[upkeep]\n|-damage|p1a: Lucario|84\/100|[from] Hail\n|upkeep\n|\n|t:|1650622408\n|switch|p2a: Mamoswine|Mamoswine, F|100\/100\n|-damage|p2a: Mamoswine|88\/100|[from] Stealth Rock\n|turn|8\n|\n|t:|1650622422\n|move|p1a: Lucario|Flash Cannon|p2a: Mamoswine\n|-supereffective|p2a: Mamoswine\n|-damage|p2a: Mamoswine|0 fnt\n|faint|p2a: Mamoswine\n|-damage|p1a: Lucario|75\/100|[from] item: Life Orb\n|\n|-weather|Hail|[upkeep]\n|-damage|p1a: Lucario|68\/100|[from] Hail\n|upkeep\n|-message|shadow404 forfeited.\n|\n|win|reionatro\n|l|\u2606shadow404\n","uploadtime":1650622436,"views":5,"p1id":"reionatro","p2id":"shadow404","formatid":"gen7anythinggoes","rating":0,"private":0,"password":null}