{"id":"gen7ou-669220921","p1":"AsterJ","p2":"Toxabelle","format":"gen7ou","log":"|raw|<div class=\"broadcast-red\"><strong>This battle is invite-only!<\/strong><br \/>Users must be rank + or invited with <code>\/invite<\/code> to join<\/div>\n|j|AsterJ\n|j|Toxabelle\n|player|p1|AsterJ|52\n|teamsize|p1|6\n|player|p2|Toxabelle|164\n|teamsize|p2|6\n|gametype|singles\n|gen|7\n|tier|[Gen 7] OU\n|rated|\n|seed|56932,15033,30628,59508\n|rule|Sleep Clause Mod: Limit one foe put to sleep\n|rule|Species Clause: Limit one of each Pok\u00e9mon\n|rule|OHKO Clause: OHKO moves are banned\n|rule|Moody Clause: Moody is banned\n|rule|Evasion Moves Clause: Evasion moves are banned\n|rule|Endless Battle Clause: Forcing endless battles is banned\n|rule|HP Percentage Mod: HP is shown in percentages\n|clearpoke\n|poke|p1|Gyarados, F|item\n|poke|p1|Zapdos|item\n|poke|p1|Tapu Bulu|item\n|poke|p1|Heatran, F|item\n|poke|p1|Zygarde|item\n|poke|p1|Keldeo-Resolute|item\n|poke|p2|Venusaur, F|item\n|poke|p2|Keldeo-Resolute|item\n|poke|p2|Skarmory, F|item\n|poke|p2|Chansey, F|item\n|poke|p2|Heatran, F|item\n|poke|p2|Bisharp, M|item\n|teampreview\n|inactive|Battle timer is ON: inactive players will automatically lose when time's up. (requested by Toxabelle)\n|inactive|AsterJ has 135 seconds left.\n|choice|team 2, team 1, team 3, team 4, team 5, team 6|team 2, team 1, team 3, team 4, team 5, team 6\n|\n|start\n|switch|p1a: Zapdos|Zapdos|383\/383\n|switch|p2a: Keldeo|Keldeo-Resolute|323\/323\n|-ability|p1a: Zapdos|Pressure\n|turn|1\n|choice|move discharge|switch 4\n|\n|switch|p2a: Chansey|Chansey, F|703\/703\n|move|p1a: Zapdos|Discharge|p2a: Chansey\n|-crit|p2a: Chansey\n|-damage|p2a: Chansey|598\/703\n|-status|p2a: Chansey|par\n|\n|upkeep\n|turn|2\n|choice|switch 5|switch 5\n|\n|switch|p1a: Zygarde|Zygarde|358\/358\n|-ability|p1a: Zygarde|Aura Break\n|-curestatus|p2a: Chansey|par|[from] ability: Natural Cure\n|switch|p2a: Heatran|Heatran, F|385\/385\n|\n|upkeep\n|turn|3\n|choice|move thousandarrows|switch 2\n|\n|switch|p2a: Venusaur|Venusaur, F|363\/363\n|move|p1a: Zygarde|Thousand Arrows|p2a: Venusaur\n|-damage|p2a: Venusaur|159\/363\n|\n|upkeep\n|turn|4\n|choice|move thousandarrows|move synthesis mega\n|\n|-mega|p2a: Venusaur|Venusaur|Venusaurite\n|detailschange|p2a: Venusaur|Venusaur-Mega, F\n|move|p1a: Zygarde|Thousand Arrows|p2a: Venusaur\n|-damage|p2a: Venusaur|8\/363\n|move|p2a: Venusaur|Synthesis|p2a: Venusaur\n|-heal|p2a: Venusaur|189\/363\n|\n|upkeep\n|turn|5\n|choice|move thousandarrows|move synthesis\n|\n|move|p1a: Zygarde|Thousand Arrows|p2a: Venusaur\n|-crit|p2a: Venusaur\n|-damage|p2a: Venusaur|0 fnt\n|faint|p2a: Venusaur\n|\n|upkeep\n|choice||switch 4\n|\n|switch|p2a: Keldeo|Keldeo-Resolute|323\/323\n|turn|6\n|choice|switch 3|move scald\n|\n|switch|p1a: Tapu Bulu|Tapu Bulu|281\/281\n|-fieldstart|move: Grassy Terrain|[from] ability: Grassy Surge|[of] p1a: Tapu Bulu\n|move|p2a: Keldeo|Scald|p1a: Tapu Bulu\n|-resisted|p1a: Tapu Bulu\n|-damage|p1a: Tapu Bulu|205\/281\n|-status|p1a: Tapu Bulu|brn\n|\n|-heal|p1a: Tapu Bulu|222\/281 brn|[from] Grassy Terrain\n|-damage|p1a: Tapu Bulu|205\/281 brn|[from] brn\n|upkeep\n|turn|7\n|choice|move swordsdance|move substitute\n|\n|move|p2a: Keldeo|Substitute|p2a: Keldeo\n|-start|p2a: Keldeo|Substitute\n|-damage|p2a: Keldeo|243\/323\n|move|p1a: Tapu Bulu|Swords Dance|p1a: Tapu Bulu\n|-boost|p1a: Tapu Bulu|atk|2\n|\n|-heal|p2a: Keldeo|263\/323|[from] item: Leftovers\n|-heal|p2a: Keldeo|283\/323|[from] Grassy Terrain\n|-heal|p1a: Tapu Bulu|222\/281 brn|[from] Grassy Terrain\n|-damage|p1a: Tapu Bulu|205\/281 brn|[from] brn\n|upkeep\n|turn|8\n|choice|move hornleech|switch 2\n|\n|switch|p2a: Heatran|Heatran, F|385\/385\n|move|p1a: Tapu Bulu|Horn Leech|p2a: Heatran\n|-resisted|p2a: Heatran\n|-damage|p2a: Heatran|329\/385\n|-heal|p1a: Tapu Bulu|233\/281 brn|[from] drain|[of] p2a: Heatran\n|\n|-heal|p2a: Heatran|353\/385|[from] item: Leftovers\n|-heal|p2a: Heatran|377\/385|[from] Grassy Terrain\n|-heal|p1a: Tapu Bulu|250\/281 brn|[from] Grassy Terrain\n|-damage|p1a: Tapu Bulu|233\/281 brn|[from] brn\n|upkeep\n|turn|9\n|choice|move superpower zmove|move lavaplume\n|\n|move|p2a: Heatran|Lava Plume|p1a: Tapu Bulu\n|-supereffective|p1a: Tapu Bulu\n|-damage|p1a: Tapu Bulu|0 fnt\n|faint|p1a: Tapu Bulu\n|\n|-heal|p2a: Heatran|385\/385|[from] item: Leftovers\n|upkeep\n|choice|switch 4|\n|\n|switch|p1a: Heatran|Heatran, F|385\/385\n|turn|10\n|choice|move stealthrock|move stealthrock\n|\n|move|p2a: Heatran|Stealth Rock|p1a: Heatran\n|-sidestart|p1: AsterJ|move: Stealth Rock\n|move|p1a: Heatran|Stealth Rock|p2a: Heatran\n|-sidestart|p2: Toxabelle|move: Stealth Rock\n|\n|-fieldend|move: Grassy Terrain\n|upkeep\n|turn|11\n|choice|switch 3|switch 2\n|\n|switch|p2a: Keldeo|Keldeo-Resolute|283\/323\n|-damage|p2a: Keldeo|263\/323|[from] Stealth Rock\n|switch|p1a: Zygarde|Zygarde|358\/358\n|-damage|p1a: Zygarde|336\/358|[from] Stealth Rock\n|-ability|p1a: Zygarde|Aura Break\n|\n|-heal|p2a: Keldeo|283\/323|[from] item: Leftovers\n|upkeep\n|turn|12\n|choice|move thousandarrows|move scald\n|\n|move|p2a: Keldeo|Scald|p1a: Zygarde\n|-damage|p1a: Zygarde|189\/358\n|move|p1a: Zygarde|Thousand Arrows|p2a: Keldeo\n|-damage|p2a: Keldeo|54\/323\n|\n|-heal|p2a: Keldeo|74\/323|[from] item: Leftovers\n|upkeep\n|turn|13\n|choice|switch 6|move scald\n|\n|switch|p1a: Keldeo|Keldeo-Resolute|323\/323\n|-damage|p1a: Keldeo|303\/323|[from] Stealth Rock\n|move|p2a: Keldeo|Scald|p1a: Keldeo\n|-resisted|p1a: Keldeo\n|-damage|p1a: Keldeo|224\/323\n|\n|-heal|p2a: Keldeo|94\/323|[from] item: Leftovers\n|upkeep\n|turn|14\n|choice|move secretsword|switch 3\n|\n|switch|p2a: Skarmory|Skarmory, F|333\/333\n|-damage|p2a: Skarmory|292\/333|[from] Stealth Rock\n|move|p1a: Keldeo|Secret Sword|p2a: Skarmory\n|-damage|p2a: Skarmory|210\/333\n|\n|upkeep\n|turn|15\n|choice|switch 3|move roost\n|\n|switch|p1a: Heatran|Heatran, F|385\/385\n|-damage|p1a: Heatran|337\/385|[from] Stealth Rock\n|move|p2a: Skarmory|Roost|p2a: Skarmory\n|-heal|p2a: Skarmory|333\/333\n|\n|-heal|p1a: Heatran|361\/385|[from] item: Leftovers\n|upkeep\n|turn|16\n|choice|move lavaplume|switch 2\n|\n|switch|p2a: Heatran|Heatran, F|385\/385\n|-damage|p2a: Heatran|337\/385|[from] Stealth Rock\n|move|p1a: Heatran|Lava Plume|p2a: Heatran\n|-start|p2a: Heatran|ability: Flash Fire\n|\n|-heal|p2a: Heatran|361\/385|[from] item: Leftovers\n|-heal|p1a: Heatran|385\/385|[from] item: Leftovers\n|upkeep\n|turn|17\n|choice|switch 5|switch 5\n|\n|-end|p2a: Heatran|ability: Flash Fire|[silent]\n|switch|p2a: Chansey|Chansey, F|598\/703\n|-damage|p2a: Chansey|511\/703|[from] Stealth Rock\n|switch|p1a: Zapdos|Zapdos|383\/383\n|-damage|p1a: Zapdos|288\/383|[from] Stealth Rock\n|-ability|p1a: Zapdos|Pressure\n|\n|-heal|p1a: Zapdos|311\/383|[from] item: Leftovers\n|upkeep\n|turn|18\n|choice|move discharge|move seismictoss\n|\n|move|p1a: Zapdos|Discharge|p2a: Chansey\n|-damage|p2a: Chansey|436\/703\n|move|p2a: Chansey|Seismic Toss|p1a: Zapdos\n|-damage|p1a: Zapdos|211\/383\n|\n|-heal|p1a: Zapdos|234\/383|[from] item: Leftovers\n|upkeep\n|turn|19\n|choice|switch 3|move seismictoss\n|\n|switch|p1a: Keldeo|Keldeo-Resolute|224\/323\n|-damage|p1a: Keldeo|204\/323|[from] Stealth Rock\n|move|p2a: Chansey|Seismic Toss|p1a: Keldeo\n|-damage|p1a: Keldeo|104\/323\n|\n|upkeep\n|turn|20\n|choice|move secretsword|switch 2\n|\n|switch|p2a: Skarmory|Skarmory, F|333\/333\n|-damage|p2a: Skarmory|292\/333|[from] Stealth Rock\n|move|p1a: Keldeo|Secret Sword|p2a: Skarmory\n|-damage|p2a: Skarmory|211\/333\n|\n|upkeep\n|turn|21\n|choice|switch 5|move roost\n|\n|switch|p1a: Heatran|Heatran, F|385\/385\n|-damage|p1a: Heatran|337\/385|[from] Stealth Rock\n|move|p2a: Skarmory|Roost|p2a: Skarmory\n|-heal|p2a: Skarmory|333\/333\n|\n|-heal|p1a: Heatran|361\/385|[from] item: Leftovers\n|upkeep\n|turn|22\n|choice|move lavaplume|switch 5\n|\n|switch|p2a: Heatran|Heatran, F|361\/385\n|-damage|p2a: Heatran|313\/385|[from] Stealth Rock\n|move|p1a: Heatran|Lava Plume|p2a: Heatran\n|-start|p2a: Heatran|ability: Flash Fire\n|\n|-heal|p2a: Heatran|337\/385|[from] item: Leftovers\n|-heal|p1a: Heatran|385\/385|[from] item: Leftovers\n|upkeep\n|turn|23\n|choice|move taunt|move taunt\n|\n|move|p2a: Heatran|Taunt|p1a: Heatran\n|-start|p1a: Heatran|move: Taunt\n|cant|p1a: Heatran|move: Taunt|Taunt\n|\n|-heal|p2a: Heatran|361\/385|[from] item: Leftovers\n|upkeep\n|turn|24\n|choice|switch 3|switch 2\n|\n|-end|p2a: Heatran|ability: Flash Fire|[silent]\n|switch|p2a: Chansey|Chansey, F|436\/703\n|-damage|p2a: Chansey|349\/703|[from] Stealth Rock\n|switch|p1a: Zapdos|Zapdos|234\/383\n|-damage|p1a: Zapdos|139\/383|[from] Stealth Rock\n|-ability|p1a: Zapdos|Pressure\n|\n|-heal|p1a: Zapdos|162\/383|[from] item: Leftovers\n|upkeep\n|turn|25\n|choice|move roost|move softboiled\n|\n|move|p1a: Zapdos|Roost|p1a: Zapdos\n|-heal|p1a: Zapdos|354\/383\n|move|p2a: Chansey|Soft-Boiled|p2a: Chansey\n|-heal|p2a: Chansey|701\/703\n|\n|-heal|p1a: Zapdos|377\/383|[from] item: Leftovers\n|upkeep\n|turn|26\n|choice|switch 3|move seismictoss\n|\n|switch|p1a: Heatran|Heatran, F|385\/385\n|-damage|p1a: Heatran|337\/385|[from] Stealth Rock\n|move|p2a: Chansey|Seismic Toss|p1a: Heatran\n|-damage|p1a: Heatran|237\/385\n|\n|-heal|p1a: Heatran|261\/385|[from] item: Leftovers\n|upkeep\n|turn|27\n|choice|move taunt|move seismictoss\n|\n|move|p1a: Heatran|Taunt|p2a: Chansey\n|-start|p2a: Chansey|move: Taunt\n|move|p2a: Chansey|Seismic Toss|p1a: Heatran\n|-damage|p1a: Heatran|161\/385\n|\n|-heal|p1a: Heatran|185\/385|[from] item: Leftovers\n|upkeep\n|turn|28\n|choice|move lavaplume|move seismictoss\n|\n|move|p1a: Heatran|Lava Plume|p2a: Chansey\n|-damage|p2a: Chansey|622\/703\n|-status|p2a: Chansey|brn\n|move|p2a: Chansey|Seismic Toss|p1a: Heatran\n|-damage|p1a: Heatran|85\/385\n|\n|-heal|p1a: Heatran|109\/385|[from] item: Leftovers\n|-damage|p2a: Chansey|579\/703 brn|[from] brn\n|upkeep\n|turn|29\n|choice|switch 5|move seismictoss\n|\n|switch|p1a: Keldeo|Keldeo-Resolute|104\/323\n|-damage|p1a: Keldeo|84\/323|[from] Stealth Rock\n|move|p2a: Chansey|Seismic Toss|p1a: Keldeo\n|-damage|p1a: Keldeo|0 fnt\n|faint|p1a: Keldeo\n|\n|-damage|p2a: Chansey|536\/703 brn|[from] brn\n|-end|p2a: Chansey|move: Taunt\n|upkeep\n|choice|switch 2|\n|\n|switch|p1a: Gyarados|Gyarados, F|331\/331\n|-damage|p1a: Gyarados|249\/331|[from] Stealth Rock\n|-ability|p1a: Gyarados|Intimidate|boost\n|-unboost|p2a: Chansey|atk|1\n|turn|30\n|choice|move dragondance|move seismictoss\n|\n|move|p1a: Gyarados|Dragon Dance|p1a: Gyarados\n|-boost|p1a: Gyarados|atk|1\n|-boost|p1a: Gyarados|spe|1\n|move|p2a: Chansey|Seismic Toss|p1a: Gyarados\n|-damage|p1a: Gyarados|149\/331\n|\n|-damage|p2a: Chansey|493\/703 brn|[from] brn\n|upkeep\n|turn|31\n|choice|move crunch mega|switch 5\n|\n|-curestatus|p2a: Chansey|brn|[from] ability: Natural Cure\n|switch|p2a: Skarmory|Skarmory, F|333\/333\n|-damage|p2a: Skarmory|292\/333|[from] Stealth Rock\n|-mega|p1a: Gyarados|Gyarados|Gyaradosite\n|detailschange|p1a: Gyarados|Gyarados-Mega, F\n|-ability|p1a: Gyarados|Mold Breaker\n|move|p1a: Gyarados|Crunch|p2a: Skarmory\n|-damage|p2a: Skarmory|144\/333\n|-damage|p1a: Gyarados|94\/331|[from] item: Rocky Helmet|[of] p2a: Skarmory\n|\n|upkeep\n|turn|32\n|choice|move crunch|move bravebird\n|\n|move|p1a: Gyarados|Crunch|p2a: Skarmory\n|-damage|p2a: Skarmory|0 fnt\n|-damage|p1a: Gyarados|39\/331|[from] item: Rocky Helmet|[of] p2a: Skarmory\n|faint|p2a: Skarmory\n|\n|upkeep\n|choice||switch 6\n|\n|switch|p2a: Bisharp|Bisharp, M|333\/333\n|-damage|p2a: Bisharp|313\/333|[from] Stealth Rock\n|turn|33\n|choice|move earthquake|move ironhead\n|\n|move|p1a: Gyarados|Earthquake|p2a: Bisharp\n|-supereffective|p2a: Bisharp\n|-damage|p2a: Bisharp|0 fnt\n|faint|p2a: Bisharp\n|\n|upkeep\n|choice||switch 5\n|\n|switch|p2a: Chansey|Chansey, F|493\/703\n|-damage|p2a: Chansey|406\/703|[from] Stealth Rock\n|turn|34\n|choice|move crunch|move seismictoss\n|\n|move|p1a: Gyarados|Crunch|p2a: Chansey\n|-damage|p2a: Chansey|64\/703\n|move|p2a: Chansey|Seismic Toss|p1a: Gyarados\n|-damage|p1a: Gyarados|0 fnt\n|faint|p1a: Gyarados\n|\n|upkeep\n|choice|switch 6|\n|\n|switch|p1a: Zygarde|Zygarde|189\/358\n|-damage|p1a: Zygarde|167\/358|[from] Stealth Rock\n|-ability|p1a: Zygarde|Aura Break\n|turn|35\n|choice|move thousandarrows|move seismictoss\n|\n|move|p1a: Zygarde|Thousand Arrows|p2a: Chansey\n|-crit|p2a: Chansey\n|-damage|p2a: Chansey|0 fnt\n|faint|p2a: Chansey\n|\n|upkeep\n|choice||switch 3\n|\n|switch|p2a: Keldeo|Keldeo-Resolute|94\/323\n|-damage|p2a: Keldeo|74\/323|[from] Stealth Rock\n|turn|36\n|choice|switch 3|move scald\n|\n|switch|p1a: Zapdos|Zapdos|377\/383\n|-damage|p1a: Zapdos|282\/383|[from] Stealth Rock\n|-ability|p1a: Zapdos|Pressure\n|move|p2a: Keldeo|Scald|p1a: Zapdos\n|-damage|p1a: Zapdos|117\/383\n|\n|-heal|p2a: Keldeo|94\/323|[from] item: Leftovers\n|-heal|p1a: Zapdos|140\/383|[from] item: Leftovers\n|upkeep\n|turn|37\n|choice|move discharge|move scald\n|\n|move|p2a: Keldeo|Scald|p1a: Zapdos\n|-damage|p1a: Zapdos|0 fnt\n|faint|p1a: Zapdos\n|\n|-heal|p2a: Keldeo|114\/323|[from] item: Leftovers\n|upkeep\n|choice|switch 3|\n|\n|switch|p1a: Zygarde|Zygarde|167\/358\n|-damage|p1a: Zygarde|145\/358|[from] Stealth Rock\n|-ability|p1a: Zygarde|Aura Break\n|turn|38\n|choice|move extremespeed|switch 2\n|\n|switch|p2a: Heatran|Heatran, F|361\/385\n|-damage|p2a: Heatran|313\/385|[from] Stealth Rock\n|move|p1a: Zygarde|Extreme Speed|p2a: Heatran\n|-resisted|p2a: Heatran\n|-damage|p2a: Heatran|251\/385\n|\n|-heal|p2a: Heatran|275\/385|[from] item: Leftovers\n|upkeep\n|turn|39\n|choice|switch 5|switch 2\n|\n|switch|p1a: Heatran|Heatran, F|109\/385\n|-damage|p1a: Heatran|61\/385|[from] Stealth Rock\n|switch|p2a: Keldeo|Keldeo-Resolute|114\/323\n|-damage|p2a: Keldeo|94\/323|[from] Stealth Rock\n|\n|-heal|p2a: Keldeo|114\/323|[from] item: Leftovers\n|-heal|p1a: Heatran|85\/385|[from] item: Leftovers\n|upkeep\n|turn|40\n|choice|move flashcannon|move scald\n|\n|move|p2a: Keldeo|Scald|p1a: Heatran\n|-supereffective|p1a: Heatran\n|-damage|p1a: Heatran|0 fnt\n|faint|p1a: Heatran\n|\n|-heal|p2a: Keldeo|134\/323|[from] item: Leftovers\n|upkeep\n|choice|switch 5|\n|\n|switch|p1a: Zygarde|Zygarde|145\/358\n|-damage|p1a: Zygarde|123\/358|[from] Stealth Rock\n|-ability|p1a: Zygarde|Aura Break\n|turn|41\n|choice|move thousandarrows|move scald\n|\n|move|p2a: Keldeo|Scald|p1a: Zygarde\n|-damage|p1a: Zygarde|0 fnt\n|faint|p1a: Zygarde\n|\n|win|Toxabelle\n|raw|AsterJ's rating: 1923 &rarr; <strong>1904<\/strong><br \/>(-19 for losing)\n|raw|Toxabelle's rating: 1943 &rarr; <strong>1962<\/strong><br \/>(+19 for winning)\n|c|\u2606Toxabelle|gg\n|c|\u2606Toxabelle|\/log Toxabelle made this room public.","inputlog":null,"uploadtime":1512450151,"views":88,"p1id":"asterj","p2id":"toxabelle","formatid":"gen7ou","rating":1904,"private":0,"password":null}