{"id":"gen7ou-813596822","p1":"AldoCF","p2":"Gotham Paladin","format":"gen7ou","log":"|j|\u2606AldoCF\n|j|\u2606Gotham Paladin\n|player|p1|AldoCF|170\n|player|p2|Gotham Paladin|283\n|teamsize|p1|6\n|teamsize|p2|6\n|gametype|singles\n|gen|7\n|tier|[Gen 7] OU\n|rule|Sleep Clause Mod: Limit one foe put to sleep\n|rule|Species Clause: Limit one of each Pok\u00e9mon\n|rule|OHKO Clause: OHKO moves are banned\n|rule|Moody Clause: Moody is banned\n|rule|Evasion Moves Clause: Evasion moves are banned\n|rule|Endless Battle Clause: Forcing endless battles is banned\n|rule|HP Percentage Mod: HP is shown in percentages\n|clearpoke\n|poke|p1|Charizard, F|item\n|poke|p1|Victini|item\n|poke|p1|Heatran, F|item\n|poke|p1|Chansey, F|item\n|poke|p1|Rotom-Heat|item\n|poke|p1|Clefable, M|item\n|poke|p2|Gliscor, F|item\n|poke|p2|Ferrothorn, F|item\n|poke|p2|Serperior, M|item\n|poke|p2|Zygarde|item\n|poke|p2|Greninja, F|item\n|poke|p2|Latios, M|item\n|teampreview\n|c|\u2606Gotham Paladin|lmfao\n|\n|start\n|switch|p1a: Rotom|Rotom-Heat|100\/100\n|switch|p2a: Zygarde|Zygarde|100\/100\n|-ability|p2a: Zygarde|Aura Break\n|turn|1\n|c|\u2606AldoCF|lmfgtao\n|\n|move|p1a: Rotom|Trick|p2a: Zygarde\n|-activate|p1a: Rotom|move: Trick|[of] p2a: Zygarde\n|-item|p2a: Zygarde|Choice Scarf|[from] move: Trick\n|-item|p1a: Rotom|Leftovers|[from] move: Trick\n|move|p2a: Zygarde|Toxic|p1a: Rotom\n|-status|p1a: Rotom|tox\n|\n|-damage|p1a: Rotom|94\/100 tox|[from] psn\n|upkeep\n|turn|2\n|\n|switch|p2a: Greninja|Greninja, F|100\/100\n|switch|p1a: Heatran|Heatran, F|100\/100\n|\n|upkeep\n|turn|3\n|\n|switch|p2a: Gliscor|Gliscor, F|100\/100\n|move|p1a: Heatran|Protect|p1a: Heatran\n|-fail|p1a: Heatran\n|\n|-status|p2a: Gliscor|tox|[from] item: Toxic Orb\n|upkeep\n|turn|4\n|\n|switch|p1a: Charizard|Charizard, F|100\/100\n|move|p2a: Gliscor|Swords Dance|p2a: Gliscor\n|-boost|p2a: Gliscor|atk|2\n|\n|upkeep\n|turn|5\n|\n|detailschange|p1a: Charizard|Charizard-Mega-Y, F\n|-mega|p1a: Charizard|Charizard|Charizardite Y\n|-weather|SunnyDay|[from] ability: Drought|[of] p1a: Charizard\n|move|p1a: Charizard|Swords Dance|p1a: Charizard\n|-boost|p1a: Charizard|atk|2\n|move|p2a: Gliscor|Knock Off|p1a: Charizard\n|-damage|p1a: Charizard|57\/100\n|\n|-weather|SunnyDay|[upkeep]\n|upkeep\n|turn|6\n|\n|move|p1a: Charizard|Flare Blitz|p2a: Gliscor\n|-damage|p2a: Gliscor|0 fnt\n|-damage|p1a: Charizard|17\/100|[from] Recoil\n|faint|p2a: Gliscor\n|\n|-weather|SunnyDay|[upkeep]\n|upkeep\n|\n|switch|p2a: Greninja|Greninja, F|100\/100\n|turn|7\n|\n|switch|p1a: Chansey|Chansey, F|100\/100\n|move|p2a: Greninja|Dark Pulse|p1a: Chansey\n|-start|p2a: Greninja|typechange|Dark|[from] Protean\n|-damage|p1a: Chansey|87\/100\n|-damage|p2a: Greninja|91\/100|[from] item: Life Orb\n|\n|-weather|SunnyDay|[upkeep]\n|upkeep\n|turn|8\n|\n|switch|p2a: Ferrothorn|Ferrothorn, F|100\/100\n|move|p1a: Chansey|Wish|p1a: Chansey\n|\n|-weather|SunnyDay|[upkeep]\n|upkeep\n|turn|9\n|\n|switch|p1a: Charizard|Charizard-Mega-Y, F|17\/100\n|move|p2a: Ferrothorn|Gyro Ball|p1a: Charizard\n|-resisted|p1a: Charizard\n|-damage|p1a: Charizard|0 fnt\n|faint|p1a: Charizard\n|\n|-weather|none\n|upkeep\n|\n|switch|p1a: Heatran|Heatran, F|100\/100\n|turn|10\n|\n|switch|p2a: Greninja|Greninja, F|91\/100\n|move|p1a: Heatran|Magma Storm|p2a: Greninja\n|-resisted|p2a: Greninja\n|-damage|p2a: Greninja|59\/100\n|-activate|p2a: Greninja|move: Magma Storm|[of] p1a: Heatran\n|\n|-damage|p2a: Greninja|47\/100|[from] move: Magma Storm|[partiallytrapped]\n|upkeep\n|turn|11\n|\n|move|p1a: Heatran|Protect|p1a: Heatran\n|-singleturn|p1a: Heatran|Protect\n|move|p2a: Greninja|Hydro Pump|p1a: Heatran\n|-start|p2a: Greninja|typechange|Water|[from] Protean\n|-activate|p1a: Heatran|move: Protect\n|\n|-damage|p2a: Greninja|35\/100|[from] move: Magma Storm|[partiallytrapped]\n|upkeep\n|turn|12\n|\n|move|p2a: Greninja|Gunk Shot|p1a: Heatran\n|-start|p2a: Greninja|typechange|Poison|[from] Protean\n|-immune|p1a: Heatran|[msg]\n|move|p1a: Heatran|Earth Power|p2a: Greninja\n|-supereffective|p2a: Greninja\n|-damage|p2a: Greninja|0 fnt\n|faint|p2a: Greninja\n|\n|upkeep\n|\n|switch|p2a: Zygarde|Zygarde|100\/100\n|-ability|p2a: Zygarde|Aura Break\n|turn|13\n|\n|move|p2a: Zygarde|Substitute|p2a: Zygarde\n|-start|p2a: Zygarde|Substitute\n|-damage|p2a: Zygarde|76\/100\n|move|p1a: Heatran|Toxic|p2a: Zygarde\n|-fail|p2a: Zygarde\n|\n|upkeep\n|turn|14\n|\n|switch|p2a: Latios|Latios, M|100\/100\n|move|p1a: Heatran|Earth Power|p2a: Latios\n|-immune|p2a: Latios|[msg]|[from] ability: Levitate\n|\n|upkeep\n|turn|15\n|\n|switch|p2a: Zygarde|Zygarde|76\/100\n|-ability|p2a: Zygarde|Aura Break\n|move|p1a: Heatran|Toxic|p2a: Zygarde\n|-status|p2a: Zygarde|tox\n|\n|-damage|p2a: Zygarde|69\/100 tox|[from] psn\n|upkeep\n|turn|16\n|\n|switch|p1a: Chansey|Chansey, F|87\/100\n|move|p2a: Zygarde|Thousand Arrows|p1a: Chansey\n|-damage|p1a: Chansey|60\/100\n|\n|-damage|p2a: Zygarde|57\/100 tox|[from] psn\n|upkeep\n|turn|17\n|\n|switch|p2a: Ferrothorn|Ferrothorn, F|100\/100\n|move|p1a: Chansey|Soft-Boiled|p1a: Chansey\n|-heal|p1a: Chansey|100\/100\n|\n|upkeep\n|turn|18\n|\n|switch|p1a: Rotom|Rotom-Heat|94\/100 tox\n|move|p2a: Ferrothorn|Stealth Rock|p1a: Rotom\n|-sidestart|p1: AldoCF|move: Stealth Rock\n|\n|-heal|p1a: Rotom|100\/100 tox|[from] item: Leftovers\n|-damage|p1a: Rotom|94\/100 tox|[from] psn\n|upkeep\n|turn|19\n|\n|switch|p2a: Zygarde|Zygarde|57\/100 tox\n|-ability|p2a: Zygarde|Aura Break\n|move|p1a: Rotom|Defog|p2a: Zygarde\n|-unboost|p2a: Zygarde|evasion|1\n|-sideend|p1: AldoCF|Stealth Rock|[from] move: Defog|[of] p1a: Rotom\n|\n|-heal|p1a: Rotom|100\/100 tox|[from] item: Leftovers\n|-damage|p2a: Zygarde|51\/100 tox|[from] psn\n|-damage|p1a: Rotom|88\/100 tox|[from] psn\n|upkeep\n|turn|20\n|\n|switch|p1a: Chansey|Chansey, F|100\/100\n|move|p2a: Zygarde|Thousand Arrows|p1a: Chansey\n|-damage|p1a: Chansey|76\/100\n|\n|-damage|p2a: Zygarde|38\/100 tox|[from] psn\n|upkeep\n|turn|21\n|\n|switch|p2a: Ferrothorn|Ferrothorn, F|100\/100\n|move|p1a: Chansey|Wish|p1a: Chansey\n|\n|upkeep\n|turn|22\n|\n|switch|p1a: Rotom|Rotom-Heat|88\/100 tox\n|move|p2a: Ferrothorn|Stealth Rock|p1a: Rotom\n|-sidestart|p1: AldoCF|move: Stealth Rock\n|\n|-heal|p1a: Rotom|100\/100 tox|[from] move: Wish|[wisher] Chansey\n|-damage|p1a: Rotom|94\/100 tox|[from] psn\n|upkeep\n|turn|23\n|\n|switch|p2a: Latios|Latios, M|100\/100\n|move|p1a: Rotom|Defog|p2a: Latios\n|-unboost|p2a: Latios|evasion|1\n|-sideend|p1: AldoCF|Stealth Rock|[from] move: Defog|[of] p1a: Rotom\n|\n|-heal|p1a: Rotom|100\/100 tox|[from] item: Leftovers\n|-damage|p1a: Rotom|88\/100 tox|[from] psn\n|upkeep\n|turn|24\n|\n|switch|p1a: Chansey|Chansey, F|76\/100\n|detailschange|p2a: Latios|Latios-Mega, M\n|-mega|p2a: Latios|Latios|Latiosite\n|move|p2a: Latios|Surf|p1a: Chansey\n|-damage|p1a: Chansey|65\/100\n|\n|upkeep\n|turn|25\n|\n|switch|p2a: Ferrothorn|Ferrothorn, F|100\/100\n|move|p1a: Chansey|Wish|p1a: Chansey\n|\n|upkeep\n|turn|26\n|\n|switch|p1a: Rotom|Rotom-Heat|88\/100 tox\n|move|p2a: Ferrothorn|Stealth Rock|p1a: Rotom\n|-sidestart|p1: AldoCF|move: Stealth Rock\n|\n|-heal|p1a: Rotom|100\/100 tox|[from] move: Wish|[wisher] Chansey\n|-damage|p1a: Rotom|94\/100 tox|[from] psn\n|upkeep\n|turn|27\n|\n|move|p1a: Rotom|Defog|p2a: Ferrothorn\n|-unboost|p2a: Ferrothorn|evasion|1\n|-sideend|p1: AldoCF|Stealth Rock|[from] move: Defog|[of] p1a: Rotom\n|move|p2a: Ferrothorn|Leech Seed|p1a: Rotom\n|-start|p1a: Rotom|move: Leech Seed\n|\n|-heal|p1a: Rotom|100\/100 tox|[from] item: Leftovers\n|-damage|p1a: Rotom|88\/100 tox|[from] Leech Seed|[of] p2a: Ferrothorn\n|-damage|p1a: Rotom|76\/100 tox|[from] psn\n|upkeep\n|turn|28\n|\n|switch|p2a: Latios|Latios-Mega, M|100\/100\n|move|p1a: Rotom|Volt Switch|p2a: Latios\n|-resisted|p2a: Latios\n|-damage|p2a: Latios|83\/100\n|\n|switch|p1a: Heatran|Heatran, F|100\/100\n|\n|upkeep\n|turn|29\n|\n|switch|p2a: Zygarde|Zygarde|38\/100 tox\n|-ability|p2a: Zygarde|Aura Break\n|move|p1a: Heatran|Magma Storm|p2a: Zygarde\n|-resisted|p2a: Zygarde\n|-damage|p2a: Zygarde|18\/100 tox\n|-activate|p2a: Zygarde|move: Magma Storm|[of] p1a: Heatran\n|\n|-damage|p2a: Zygarde|12\/100 tox|[from] psn\n|-damage|p2a: Zygarde|0 fnt|[from] move: Magma Storm|[partiallytrapped]\n|upkeep\n|faint|p2a: Zygarde\n|\n|switch|p2a: Serperior|Serperior, M|100\/100\n|turn|30\n|\n|move|p2a: Serperior|Glare|p1a: Heatran\n|-status|p1a: Heatran|par\n|cant|p1a: Heatran|par\n|\n|upkeep\n|turn|31\n|\n|switch|p2a: Ferrothorn|Ferrothorn, F|100\/100\n|move|p1a: Heatran|Magma Storm|p2a: Ferrothorn\n|-supereffective|p2a: Ferrothorn\n|-damage|p2a: Ferrothorn|0 fnt\n|faint|p2a: Ferrothorn\n|\n|upkeep\n|\n|switch|p2a: Latios|Latios-Mega, M|83\/100\n|turn|32\n|\n|move|p2a: Latios|Calm Mind|p2a: Latios\n|-boost|p2a: Latios|spa|1\n|-boost|p2a: Latios|spd|1\n|move|p1a: Heatran|Toxic|p2a: Latios\n|-status|p2a: Latios|tox\n|\n|-damage|p2a: Latios|77\/100 tox|[from] psn\n|upkeep\n|turn|33\n|\n|switch|p1a: Clefable|Clefable, M|100\/100\n|move|p2a: Latios|Calm Mind|p2a: Latios\n|-boost|p2a: Latios|spa|1\n|-boost|p2a: Latios|spd|1\n|\n|-damage|p2a: Latios|65\/100 tox|[from] psn\n|upkeep\n|turn|34\n|\n|move|p2a: Latios|Stored Power|p1a: Clefable\n|-damage|p1a: Clefable|45\/100\n|move|p1a: Clefable|Wish|p1a: Clefable\n|\n|-heal|p1a: Clefable|52\/100|[from] item: Leftovers\n|-damage|p2a: Latios|47\/100 tox|[from] psn\n|upkeep\n|turn|35\n|\n|move|p1a: Clefable|Protect|p1a: Clefable\n|-singleturn|p1a: Clefable|Protect\n|move|p2a: Latios|Stored Power|p1a: Clefable\n|-activate|p1a: Clefable|move: Protect\n|\n|-heal|p1a: Clefable|100\/100|[from] move: Wish|[wisher] Clefable\n|-damage|p2a: Latios|23\/100 tox|[from] psn\n|upkeep\n|turn|36\n|-message|Gotham Paladin forfeited.\n|\n|win|AldoCF\n|l|\u2606Gotham Paladin\n","uploadtime":1538353680,"views":3,"p1id":"aldocf","p2id":"gothampaladin","formatid":"gen7ou","rating":0,"private":0,"password":null}