{"id":"gen7anythinggoes-1559574647","p1":"cherrycherrykuma","p2":"adel19","format":"gen7anythinggoes","log":"|j|\u2606cherrycherrykuma\n|j|\u2606adel19\n|t:|1650706818\n|gametype|singles\n|player|p1|cherrycherrykuma|chuck|\n|player|p2|adel19|falkner|\n|teamsize|p1|6\n|teamsize|p2|6\n|gen|7\n|tier|[Gen 7] Anything Goes\n|rule|HP Percentage Mod: HP is shown in percentages\n|rule|Endless Battle Clause: Forcing endless battles is banned\n|clearpoke\n|poke|p1|Poliwrath, M|item\n|poke|p1|Machamp, M|item\n|poke|p1|Medicham, M|item\n|poke|p1|Conkeldurr, M|item\n|poke|p1|Breloom, M|item\n|poke|p1|Hitmonchan, M|item\n|poke|p2|Pidgeot, F|item\n|poke|p2|Swellow, F|item\n|poke|p2|Staraptor, F|item\n|poke|p2|Pelipper, F|item\n|poke|p2|Honchkrow, F|item\n|poke|p2|Aerodactyl, F|item\n|teampreview\n|\n|t:|1650706826\n|start\n|switch|p1a: Poliwrath|Poliwrath, M|100\/100\n|switch|p2a: Aerodactyl|Aerodactyl, F|100\/100\n|-ability|p2a: Aerodactyl|Pressure\n|turn|1\n|j| reionatro\n|j| shadow404\n|\n|t:|1650706834\n|move|p2a: Aerodactyl|Taunt|p1a: Poliwrath\n|-start|p1a: Poliwrath|move: Taunt\n|cant|p1a: Poliwrath|move: Taunt|Toxic\n|\n|upkeep\n|turn|2\n|\n|t:|1650706840\n|move|p2a: Aerodactyl|Stealth Rock|p1a: Poliwrath\n|-sidestart|p1: cherrycherrykuma|move: Stealth Rock\n|move|p1a: Poliwrath|Waterfall|p2a: Aerodactyl\n|-supereffective|p2a: Aerodactyl\n|-damage|p2a: Aerodactyl|26\/100\n|\n|upkeep\n|turn|3\n|\n|t:|1650706846\n|move|p2a: Aerodactyl|Stone Edge|p1a: Poliwrath|[miss]\n|-miss|p2a: Aerodactyl|p1a: Poliwrath\n|move|p1a: Poliwrath|Waterfall|p2a: Aerodactyl\n|-supereffective|p2a: Aerodactyl\n|-damage|p2a: Aerodactyl|0 fnt\n|faint|p2a: Aerodactyl\n|\n|-end|p1a: Poliwrath|move: Taunt\n|upkeep\n|\n|t:|1650706854\n|switch|p2a: Pidgeot|Pidgeot, F|100\/100\n|turn|4\n|\n|t:|1650706861\n|detailschange|p2a: Pidgeot|Pidgeot-Mega, F\n|-mega|p2a: Pidgeot|Pidgeot|Pidgeotite\n|move|p2a: Pidgeot|Hurricane|p1a: Poliwrath\n|-supereffective|p1a: Poliwrath\n|-damage|p1a: Poliwrath|0 fnt\n|faint|p1a: Poliwrath\n|\n|upkeep\n|\n|t:|1650706869\n|switch|p1a: Medicham|Medicham, M|100\/100\n|-damage|p1a: Medicham|94\/100|[from] Stealth Rock\n|turn|5\n|\n|t:|1650706875\n|detailschange|p1a: Medicham|Medicham-Mega, M\n|-mega|p1a: Medicham|Medicham|Medichamite\n|move|p1a: Medicham|Fake Out|p2a: Pidgeot\n|-damage|p2a: Pidgeot|70\/100\n|cant|p2a: Pidgeot|flinch\n|\n|upkeep\n|turn|6\n|l|\u2606adel19\n|player|p2|\n|l| shadow404\n|l| reionatro\n|l|\u2606cherrycherrykuma\n|player|p1|\n|j| shadow404\n|j| reionatro\n|j|\u2606adel19\n|player|p2|adel19|falkner\n|j|\u2606cherrycherrykuma\n|player|p1|cherrycherrykuma|chuck\n|\n|t:|1650707081\n|move|p2a: Pidgeot|Hurricane|p1a: Medicham\n|-supereffective|p1a: Medicham\n|-damage|p1a: Medicham|0 fnt\n|faint|p1a: Medicham\n|\n|upkeep\n|l|\u2606cherrycherrykuma\n|player|p1|\n|l| shadow404\n|l| reionatro\n|l|\u2606adel19\n|player|p2|\n|j| shadow404\n|j| reionatro\n|j|\u2606adel19\n|player|p2|adel19|falkner\n|j|\u2606cherrycherrykuma\n|player|p1|cherrycherrykuma|chuck\n|\n|t:|1650707211\n|switch|p1a: Hitmonchan|Hitmonchan, M|100\/100\n|-damage|p1a: Hitmonchan|94\/100|[from] Stealth Rock\n|turn|7\n|\n|t:|1650707217\n|move|p1a: Hitmonchan|Mach Punch|p2a: Pidgeot\n|-damage|p2a: Pidgeot|29\/100\n|-damage|p1a: Hitmonchan|84\/100|[from] item: Life Orb\n|move|p2a: Pidgeot|Hurricane|p1a: Hitmonchan\n|-supereffective|p1a: Hitmonchan\n|-damage|p1a: Hitmonchan|0 fnt\n|faint|p1a: Hitmonchan\n|\n|upkeep\n|\n|t:|1650707227\n|switch|p1a: Machamp|Machamp, M|100\/100\n|-damage|p1a: Machamp|94\/100|[from] Stealth Rock\n|turn|8\n|\n|t:|1650707233\n|move|p1a: Machamp|Bullet Punch|p2a: Pidgeot\n|-damage|p2a: Pidgeot|8\/100\n|move|p2a: Pidgeot|Hurricane|p1a: Machamp\n|-supereffective|p1a: Machamp\n|-damage|p1a: Machamp|0 fnt\n|faint|p1a: Machamp\n|\n|upkeep\n|\n|t:|1650707241\n|switch|p1a: Conkeldurr|Conkeldurr, M|100\/100\n|-damage|p1a: Conkeldurr|94\/100|[from] Stealth Rock\n|turn|9\n|\n|t:|1650707246\n|move|p1a: Conkeldurr|Mach Punch|p2a: Pidgeot\n|-damage|p2a: Pidgeot|0 fnt\n|faint|p2a: Pidgeot\n|\n|-status|p1a: Conkeldurr|brn|[from] item: Flame Orb\n|upkeep\n|\n|t:|1650707256\n|switch|p2a: Swellow|Swellow, F|100\/100\n|turn|10\n|\n|t:|1650707263\n|move|p2a: Swellow|Air Slash|p1a: Conkeldurr\n|-supereffective|p1a: Conkeldurr\n|-damage|p1a: Conkeldurr|0 fnt\n|faint|p1a: Conkeldurr\n|\n|upkeep\n|\n|t:|1650707268\n|switch|p1a: Breloom|Breloom, M|100\/100\n|-damage|p1a: Breloom|94\/100|[from] Stealth Rock\n|turn|11\n|\n|t:|1650707273\n|move|p2a: Swellow|Air Slash|p1a: Breloom\n|-supereffective|p1a: Breloom\n|-damage|p1a: Breloom|0 fnt\n|faint|p1a: Breloom\n|\n|win|adel19\n|l|\u2606cherrycherrykuma\n|l| reionatro\n","uploadtime":1650707279,"views":2,"p1id":"cherrycherrykuma","p2id":"adel19","formatid":"gen7anythinggoes","rating":0,"private":0,"password":null}