{"id":"gen7ubers-1508432163","p1":"Raxman","p2":"cows123p","format":"gen7ubers","log":"|j|\u2606Raxman\n|j|\u2606cows123p\n|t:|1644536097\n|gametype|singles\n|player|p1|Raxman|266|\n|player|p2|cows123p|twins-gen4dp|\n|teamsize|p1|6\n|teamsize|p2|6\n|gen|7\n|tier|[Gen 7] Ubers\n|rule|Sleep Clause Mod: Limit one foe put to sleep\n|rule|Species Clause: Limit one of each Pok\u00e9mon\n|rule|OHKO Clause: OHKO moves are banned\n|rule|Moody Clause: Moody is banned\n|rule|Evasion Moves Clause: Evasion moves are banned\n|rule|Endless Battle Clause: Forcing endless battles is banned\n|rule|HP Percentage Mod: HP is shown in percentages\n|rule|Mega Rayquaza Clause: You cannot mega evolve Rayquaza\n|clearpoke\n|poke|p1|Tentacruel, F|item\n|poke|p1|Xerneas|item\n|poke|p1|Aegislash, M|item\n|poke|p1|Yveltal|item\n|poke|p1|Scizor, F|item\n|poke|p1|Clefable, M|item\n|poke|p2|Deoxys-Speed|item\n|poke|p2|Xerneas|item\n|poke|p2|Tyranitar, F|item\n|poke|p2|Scizor, F|item\n|poke|p2|Yveltal|item\n|poke|p2|Dugtrio, M|item\n|teampreview\n|c|\u2606Raxman|Lets have fun\n|c|\u2606cows123p|u2 bro\n|j| lightskin avenger\n|\n|t:|1644536146\n|start\n|switch|p1a: Gringo Month|Scizor, F|100\/100\n|switch|p2a: Deoxys|Deoxys-Speed|100\/100\n|-ability|p2a: Deoxys|Pressure\n|turn|1\n|j| caloppubr\n|\n|t:|1644536159\n|move|p2a: Deoxys|Stealth Rock|p1a: Gringo Month\n|-sidestart|p1: Raxman|move: Stealth Rock\n|move|p1a: Gringo Month|U-turn|p2a: Deoxys\n|-supereffective|p2a: Deoxys\n|-damage|p2a: Deoxys|0 fnt\n|-damage|p1a: Gringo Month|84\/100|[from] item: Rocky Helmet|[of] p2a: Deoxys\n|faint|p2a: Deoxys\n|c| lightskin avenger|rax brought tentacruel\n|c| lightskin avenger|impossible\n|c|\u2606Raxman|YESSIR\n|j| Steel Bug Warrior\n|j| Faker100\n|\n|t:|1644536179\n|switch|p1a: Pride Month|Clefable, M|100\/100|[from]move: U-turn\n|-damage|p1a: Pride Month|88\/100|[from] Stealth Rock\n|\n|-heal|p1a: Pride Month|94\/100|[from] item: Leftovers\n|upkeep\n|j| BrodyLoveStall\n|n| ShadesW\/Glasses|steelbugwarrior\n|\n|t:|1644536187\n|switch|p2a: Scizor|Scizor, F|100\/100\n|turn|2\n|\n|t:|1644536192\n|move|p1a: Pride Month|Protect|p1a: Pride Month\n|-singleturn|p1a: Pride Month|Protect\n|move|p2a: Scizor|U-turn|p1a: Pride Month\n|-activate|p1a: Pride Month|move: Protect\n|\n|-heal|p1a: Pride Month|99\/100|[from] item: Leftovers\n|upkeep\n|turn|3\n|c| Faker100|kkkkk\n|c| ShadesW\/Glasses|boobers\n|\n|t:|1644536202\n|move|p2a: Scizor|U-turn|p1a: Pride Month\n|-resisted|p1a: Pride Month\n|-damage|p1a: Pride Month|67\/100\n|\n|t:|1644536206\n|switch|p2a: Tyranitar|Tyranitar, F|100\/100|[from]move: U-turn\n|-weather|Sandstorm|[from] ability: Sand Stream|[of] p2a: Tyranitar\n|move|p1a: Pride Month|Moonblast|p2a: Tyranitar\n|-supereffective|p2a: Tyranitar\n|-damage|p2a: Tyranitar|60\/100\n|\n|-weather|Sandstorm|[upkeep]\n|-damage|p1a: Pride Month|61\/100|[from] Sandstorm\n|-heal|p2a: Tyranitar|66\/100|[from] item: Leftovers\n|-heal|p1a: Pride Month|67\/100|[from] item: Leftovers\n|upkeep\n|turn|4\n|j| UberCattie\n|c| lightskin avenger|OHHHH\n|c| lightskin avenger|ohhhhh\n|\n|t:|1644536224\n|move|p1a: Pride Month|Protect|p1a: Pride Month\n|-singleturn|p1a: Pride Month|Protect\n|move|p2a: Tyranitar|Stone Edge|p1a: Pride Month\n|-activate|p1a: Pride Month|move: Protect\n|\n|-weather|Sandstorm|[upkeep]\n|-damage|p1a: Pride Month|61\/100|[from] Sandstorm\n|-heal|p2a: Tyranitar|72\/100|[from] item: Leftovers\n|-heal|p1a: Pride Month|67\/100|[from] item: Leftovers\n|upkeep\n|turn|5\n|c| Faker100|tentacruel kkkk hittao\n|j| BrazilianDog\n|c| BrazilianDog|glhf\n|c| ShadesW\/Glasses|so no band\n|\n|t:|1644536248\n|switch|p1a: Gringo Month|Scizor, F|84\/100\n|-damage|p1a: Gringo Month|71\/100|[from] Stealth Rock\n|move|p2a: Tyranitar|Stone Edge|p1a: Gringo Month\n|-damage|p1a: Gringo Month|17\/100\n|\n|-weather|Sandstorm|[upkeep]\n|-heal|p2a: Tyranitar|79\/100|[from] item: Leftovers\n|upkeep\n|turn|6\n|c| UberCattie|number one victory royale\n|\n|t:|1644536258\n|switch|p2a: Scizor|Scizor, F|100\/100\n|move|p1a: Gringo Month|U-turn|p2a: Scizor\n|-resisted|p2a: Scizor\n|-damage|p2a: Scizor|72\/100\n|\n|t:|1644536264\n|switch|p1a: Cow eater|Tentacruel, F|100\/100|[from]move: U-turn\n|-damage|p1a: Cow eater|88\/100|[from] Stealth Rock\n|\n|-weather|Sandstorm|[upkeep]\n|-damage|p1a: Cow eater|82\/100|[from] Sandstorm\n|-heal|p1a: Cow eater|88\/100|[from] item: Leftovers\n|upkeep\n|turn|7\n|c| ShadesW\/Glasses|SIUUUUUU\n|c|\u2606Raxman|Just to feel like this took a long time yea\n|\n|t:|1644536276\n|move|p1a: Cow eater|Rapid Spin|p2a: Scizor\n|-resisted|p2a: Scizor\n|-damage|p2a: Scizor|70\/100\n|-sideend|p1: Raxman|Stealth Rock|[from] move: Rapid Spin|[of] p1a: Cow eater\n|move|p2a: Scizor|U-turn|p1a: Cow eater\n|-resisted|p1a: Cow eater\n|-damage|p1a: Cow eater|50\/100\n|\n|t:|1644536282\n|switch|p2a: Dugtrio|Dugtrio, M|100\/100|[from]move: U-turn\n|\n|-weather|none\n|-heal|p1a: Cow eater|56\/100|[from] item: Leftovers\n|upkeep\n|turn|8\n|\n|t:|1644536287\n|move|p2a: Dugtrio|Earthquake|p1a: Cow eater\n|-supereffective|p1a: Cow eater\n|-damage|p1a: Cow eater|0 fnt\n|faint|p1a: Cow eater\n|\n|upkeep\n|c| ShadesW\/Glasses|you are dead\n|j| DarthYdok\n|c| lightskin avenger|i aint had shit on a long time yeaa\n|\n|t:|1644536298\n|switch|p1a: BlackHistoryMonth|Yveltal|100\/100\n|-ability|p1a: BlackHistoryMonth|Dark Aura\n|turn|9\n|\n|t:|1644536305\n|move|p2a: Dugtrio|Screech|p1a: BlackHistoryMonth\n|-unboost|p1a: BlackHistoryMonth|def|2\n|move|p1a: BlackHistoryMonth|Toxic|p2a: Dugtrio\n|-status|p2a: Dugtrio|tox\n|\n|-damage|p2a: Dugtrio|94\/100 tox|[from] psn\n|upkeep\n|turn|10\n|c| Faker100|cow eater\n|c| ShadesW\/Glasses|no way\n|c| lightskin avenger|is this revenge of the dark hoodlum the movie\n|\n|t:|1644536322\n|move|p2a: Dugtrio|Substitute|p2a: Dugtrio\n|-start|p2a: Dugtrio|Substitute\n|-damage|p2a: Dugtrio|70\/100 tox\n|move|p1a: BlackHistoryMonth|Taunt|p2a: Dugtrio\n|-start|p2a: Dugtrio|move: Taunt\n|\n|-damage|p2a: Dugtrio|57\/100 tox|[from] psn\n|upkeep\n|turn|11\n|\n|t:|1644536330\n|move|p2a: Dugtrio|Reversal|p1a: BlackHistoryMonth\n|-damage|p1a: BlackHistoryMonth|84\/100\n|move|p1a: BlackHistoryMonth|Foul Play|p2a: Dugtrio\n|-end|p2a: Dugtrio|Substitute\n|\n|-heal|p1a: BlackHistoryMonth|91\/100|[from] item: Leftovers\n|-damage|p2a: Dugtrio|39\/100 tox|[from] psn\n|upkeep\n|turn|12\n|c| lightskin avenger|OH MY FORESKIN\n|j| couck\n|c| lightskin avenger|ok\n|\n|t:|1644536342\n|move|p2a: Dugtrio|Reversal|p1a: BlackHistoryMonth\n|-damage|p1a: BlackHistoryMonth|73\/100\n|move|p1a: BlackHistoryMonth|Roost|p1a: BlackHistoryMonth\n|-heal|p1a: BlackHistoryMonth|100\/100\n|-singleturn|p1a: BlackHistoryMonth|move: Roost\n|\n|-damage|p2a: Dugtrio|14\/100 tox|[from] psn\n|upkeep\n|turn|13\n|c| Faker100|lol kkkk stall yveltalkkkkkkkkk\n|c| ShadesW\/Glasses|ppo og t1 strats\n|\n|t:|1644536352\n|switch|p2a: Xerneas|Xerneas|100\/100\n|-ability|p2a: Xerneas|Fairy Aura\n|move|p1a: BlackHistoryMonth|Roost||[still]\n|-fail|p1a: BlackHistoryMonth|heal\n|\n|upkeep\n|turn|14\n|\n|t:|1644536363\n|switch|p1a: Fr darkskin|Aegislash, M|100\/100\n|switch|p2a: Yveltal|Yveltal|100\/100\n|-ability|p2a: Yveltal|Dark Aura\n|\n|upkeep\n|turn|15\n|c| lightskin avenger|hi couck\n|\n|t:|1644536373\n|move|p2a: Yveltal|Dark Pulse|p1a: Fr darkskin\n|-supereffective|p1a: Fr darkskin\n|-damage|p1a: Fr darkskin|2\/100\n|move|p1a: Fr darkskin|Toxic|p2a: Yveltal\n|-status|p2a: Yveltal|tox\n|\n|-heal|p1a: Fr darkskin|9\/100|[from] item: Leftovers\n|-damage|p2a: Yveltal|94\/100 tox|[from] psn\n|upkeep\n|turn|16\n|c| ShadesW\/Glasses|ouch\n|c| UberCattie|epic fail\n|c| couck|:flag_br:\n|\n|t:|1644536382\n|switch|p2a: Scizor|Scizor, F|70\/100\n|move|p1a: Fr darkskin|King's Shield||[still]\n|-fail|p1a: Fr darkskin\n|\n|-heal|p1a: Fr darkskin|15\/100|[from] item: Leftovers\n|upkeep\n|turn|17\n|c| lightskin avenger|ooooo\n|c| ShadesW\/Glasses|that was a range\n|c| lightskin avenger|thats kinda dark\n|c| lightskin avenger|like my skin\n|\n|t:|1644536388\n|move|p1a: Fr darkskin|King's Shield|p1a: Fr darkskin\n|-singleturn|p1a: Fr darkskin|Protect\n|move|p2a: Scizor|Bullet Punch|p1a: Fr darkskin\n|-activate|p1a: Fr darkskin|move: Protect\n|-unboost|p2a: Scizor|atk|2\n|\n|-heal|p1a: Fr darkskin|21\/100|[from] item: Leftovers\n|upkeep\n|turn|18\n|c| lightskin avenger|cow 123\n|c| lightskin avenger|what\n|\n|t:|1644536400\n|switch|p2a: Dugtrio|Dugtrio, M|14\/100 tox\n|switch|p1a: BlackHistoryMonth|Yveltal|100\/100\n|-ability|p1a: BlackHistoryMonth|Dark Aura\n|\n|-damage|p2a: Dugtrio|8\/100 tox|[from] psn\n|upkeep\n|turn|19\n|c|\u2606cows123p|double kings shield\n|\n|t:|1644536412\n|move|p2a: Dugtrio|Screech|p1a: BlackHistoryMonth\n|-unboost|p1a: BlackHistoryMonth|def|2\n|move|p1a: BlackHistoryMonth|Roost||[still]\n|-fail|p1a: BlackHistoryMonth|heal\n|\n|-damage|p2a: Dugtrio|0 fnt|[from] psn\n|faint|p2a: Dugtrio\n|upkeep\n|\n|t:|1644536419\n|switch|p2a: Xerneas|Xerneas|100\/100\n|-ability|p2a: Xerneas|Fairy Aura\n|turn|20\n|\n|t:|1644536427\n|move|p1a: BlackHistoryMonth|Toxic|p2a: Xerneas\n|-status|p2a: Xerneas|tox\n|move|p2a: Xerneas|Moonblast|p1a: BlackHistoryMonth\n|-supereffective|p1a: BlackHistoryMonth\n|-damage|p1a: BlackHistoryMonth|0 fnt\n|faint|p1a: BlackHistoryMonth\n|\n|-damage|p2a: Xerneas|94\/100 tox|[from] psn\n|upkeep\n|\n|t:|1644536433\n|switch|p1a: Gringo Month|Scizor, F|17\/100\n|turn|21\n|\n|t:|1644536452\n|move|p1a: Gringo Month|Bullet Punch|p2a: Xerneas\n|-supereffective|p2a: Xerneas\n|-damage|p2a: Xerneas|23\/100 tox\n|move|p2a: Xerneas|Moonblast|p1a: Gringo Month\n|-resisted|p1a: Gringo Month\n|-damage|p1a: Gringo Month|0 fnt\n|faint|p1a: Gringo Month\n|\n|-damage|p2a: Xerneas|10\/100 tox|[from] psn\n|upkeep\n|\n|t:|1644536460\n|switch|p1a: Pride Month|Clefable, M|67\/100\n|turn|22\n|\n|t:|1644536463\n|switch|p2a: Tyranitar|Tyranitar, F|79\/100\n|-weather|Sandstorm|[from] ability: Sand Stream|[of] p2a: Tyranitar\n|move|p1a: Pride Month|Wish|p1a: Pride Month\n|\n|-weather|Sandstorm|[upkeep]\n|-damage|p1a: Pride Month|61\/100|[from] Sandstorm\n|-heal|p2a: Tyranitar|85\/100|[from] item: Leftovers\n|-heal|p1a: Pride Month|67\/100|[from] item: Leftovers\n|upkeep\n|turn|23\n|c| lightskin avenger|the balls wtf\n|c| LegendTayab|oo\n|j| panda2jzn\n|\n|t:|1644536521\n|move|p1a: Pride Month|Protect|p1a: Pride Month\n|-singleturn|p1a: Pride Month|Protect\n|move|p2a: Tyranitar|Dragon Dance|p2a: Tyranitar\n|-boost|p2a: Tyranitar|atk|1\n|-boost|p2a: Tyranitar|spe|1\n|\n|-weather|Sandstorm|[upkeep]\n|-damage|p1a: Pride Month|61\/100|[from] Sandstorm\n|-heal|p1a: Pride Month|100\/100|[from] move: Wish|[wisher] Pride Month\n|-heal|p2a: Tyranitar|91\/100|[from] item: Leftovers\n|upkeep\n|turn|24\n|c| ShadesW\/Glasses|Oh\n|c| ShadesW\/Glasses|OH\n|\n|t:|1644536533\n|move|p2a: Tyranitar|Stone Edge|p1a: Pride Month\n|-damage|p1a: Pride Month|34\/100\n|move|p1a: Pride Month|Wish|p1a: Pride Month\n|\n|-weather|Sandstorm|[upkeep]\n|-damage|p1a: Pride Month|28\/100|[from] Sandstorm\n|-heal|p2a: Tyranitar|97\/100|[from] item: Leftovers\n|-heal|p1a: Pride Month|34\/100|[from] item: Leftovers\n|upkeep\n|turn|25\n|c| LegendTayab|can cows123p make a come back or will the BLACK MONTH UNITE\n|c| lightskin avenger|LOOL\n|\n|t:|1644536548\n|move|p1a: Pride Month|Protect|p1a: Pride Month\n|-singleturn|p1a: Pride Month|Protect\n|move|p2a: Tyranitar|Stone Edge|p1a: Pride Month\n|-activate|p1a: Pride Month|move: Protect\n|\n|-weather|Sandstorm|[upkeep]\n|-damage|p1a: Pride Month|28\/100|[from] Sandstorm\n|-heal|p1a: Pride Month|78\/100|[from] move: Wish|[wisher] Pride Month\n|-heal|p2a: Tyranitar|100\/100|[from] item: Leftovers\n|-heal|p1a: Pride Month|84\/100|[from] item: Leftovers\n|upkeep\n|turn|26\n|\n|t:|1644536559\n|switch|p1a: Fr darkskin|Aegislash, M|21\/100\n|move|p2a: Tyranitar|Stone Edge|p1a: Fr darkskin\n|-resisted|p1a: Fr darkskin\n|-damage|p1a: Fr darkskin|0 fnt\n|faint|p1a: Fr darkskin\n|\n|-weather|none\n|upkeep\n|c| lightskin avenger|um\n|\n|t:|1644536566\n|switch|p1a: Mandingo Hunter|Xerneas|100\/100\n|-ability|p1a: Mandingo Hunter|Fairy Aura\n|turn|27\n|c| lightskin avenger|?\n|c| panda2jzn|?\n|c| ShadesW\/Glasses|think thats just ir\n|c| ShadesW\/Glasses|it\n|c| Faker100|he going for the miss kkkkkkkkkk\n|\n|t:|1644536583\n|move|p2a: Tyranitar|Ice Punch|p1a: Mandingo Hunter\n|-damage|p1a: Mandingo Hunter|63\/100\n|move|p1a: Mandingo Hunter|Geomancy||[still]\n|-prepare|p1a: Mandingo Hunter|Geomancy\n|-enditem|p1a: Mandingo Hunter|Power Herb\n|-anim|p1a: Mandingo Hunter|Geomancy|p1a: Mandingo Hunter\n|-boost|p1a: Mandingo Hunter|spa|2\n|-boost|p1a: Mandingo Hunter|spd|2\n|-boost|p1a: Mandingo Hunter|spe|2\n|\n|upkeep\n|turn|28\n|c| ShadesW\/Glasses|omfg\n|c| LegendTayab|oo\n|\n|t:|1644536594\n|move|p1a: Mandingo Hunter|Moonblast|p2a: Tyranitar\n|-supereffective|p2a: Tyranitar\n|-damage|p2a: Tyranitar|0 fnt\n|faint|p2a: Tyranitar\n|\n|upkeep\n|c| panda2jzn|hmmmm\n|\n|t:|1644536599\n|switch|p2a: Scizor|Scizor, F|70\/100\n|turn|29\n|c| lightskin avenger|still game i think\n|c| panda2jzn|G_G\n|c| Faker100|extreme speed\n|c| ShadesW\/Glasses|yeah\n|c| panda2jzn|quick claw\n|c| LegendTayab|slash\n|c| lightskin avenger|hi\n|c| Faker100|gz\n|c| LegendTayab|actually ill pm u later\n|c| lightskin avenger|ok\n|c|\u2606cows123p|Man if I put iron head on the ttar like I was thinking\n|\n|t:|1644536661\n|move|p2a: Scizor|Bullet Punch|p1a: Mandingo Hunter\n|-supereffective|p1a: Mandingo Hunter\n|-damage|p1a: Mandingo Hunter|0 fnt\n|faint|p1a: Mandingo Hunter\n|\n|upkeep\n|\n|t:|1644536664\n|switch|p1a: Pride Month|Clefable, M|84\/100\n|turn|30\n|\n|t:|1644536671\n|move|p2a: Scizor|Bullet Punch|p1a: Pride Month\n|-supereffective|p1a: Pride Month\n|-damage|p1a: Pride Month|0 fnt\n|faint|p1a: Pride Month\n|\n|win|cows123p\n|c|\u2606Raxman|gg\n|c|\u2606cows123p|gg\n|c| Faker100|gz\n|c| LegendTayab|3-0\n|l| UberCattie\n|l| couck\n|c| lightskin avenger|gg\n|l| caloppubr\n|c| lightskin avenger|Duggies rise up\n","uploadtime":1644536682,"views":62,"p1id":"raxman","p2id":"cows123p","formatid":"gen7ubers","rating":0,"private":0,"password":null}