{"id":"gen7anythinggoes-972102708","p1":"dingalingading","p2":"Walletinspector62","format":"gen7anythinggoes","log":"|j|\u2606dingalingading\n|j|\u2606Walletinspector62\n|player|p1|dingalingading|75|\n|player|p2|Walletinspector62|2|\n|teamsize|p1|6\n|teamsize|p2|6\n|gametype|singles\n|gen|7\n|tier|[Gen 7] Anything Goes\n|rule|Endless Battle Clause: Forcing endless battles is banned\n|clearpoke\n|poke|p1|Abra, L5, F|item\n|poke|p1|Ponyta, L5, F|item\n|poke|p1|Sandshrew, L5, F|item\n|poke|p1|Timburr, L5, M|item\n|poke|p1|Grimer-Alola, L5, M|item\n|poke|p1|Froakie, L5, M|item\n|poke|p2|Yanma, L5, M|item\n|poke|p2|Elekid, L5, M|item\n|poke|p2|Shellder, L5, M|item\n|poke|p2|Ferroseed, L5, M|item\n|poke|p2|Igglybuff, L5, M|item\n|poke|p2|Diglett, L5, M|item\n|rule|HP Percentage Mod: HP is shown in percentages\n|teampreview\n|c|\u2606Walletinspector62|Glhf\n|\n|start\n|switch|p1a: Sandshrew|Sandshrew, L5, F|100\/100\n|switch|p2a: Diglett|Diglett, L5, M, shiny|100\/100\n|turn|1\n|\n|move|p2a: Diglett|Earthquake|p1a: Sandshrew\n|-damage|p1a: Sandshrew|63\/100\n|move|p1a: Sandshrew|Stealth Rock|p2a: Diglett\n|-sidestart|p2: Walletinspector62|move: Stealth Rock\n|\n|upkeep\n|turn|2\n|c|\u2606dingalingading|hf\n|\n|move|p2a: Diglett|Earthquake|p1a: Sandshrew\n|-damage|p1a: Sandshrew|25\/100\n|move|p1a: Sandshrew|Knock Off|p2a: Diglett\n|-damage|p2a: Diglett|18\/100\n|-enditem|p2a: Diglett|Focus Sash|[from] move: Knock Off|[of] p1a: Sandshrew\n|\n|upkeep\n|turn|3\n|\n|move|p2a: Diglett|Earthquake|p1a: Sandshrew\n|-damage|p1a: Sandshrew|0 fnt\n|faint|p1a: Sandshrew\n|\n|upkeep\n|\n|switch|p1a: Timburr|Timburr, L5, M|100\/100\n|turn|4\n|\n|switch|p2a: Igglybuff|Igglybuff, L5, M, shiny|100\/100\n|-damage|p2a: Igglybuff|88\/100|[from] Stealth Rock\n|move|p1a: Timburr|Mach Punch|p2a: Igglybuff\n|-damage|p2a: Igglybuff|52\/100\n|\n|upkeep\n|turn|5\n|\n|move|p1a: Timburr|Fire Punch|p2a: Igglybuff\n|-damage|p2a: Igglybuff|8\/100\n|move|p2a: Igglybuff|Wish|p2a: Igglybuff\n|\n|upkeep\n|turn|6\n|\n|move|p2a: Igglybuff|Protect|p2a: Igglybuff\n|-singleturn|p2a: Igglybuff|Protect\n|move|p1a: Timburr|Knock Off|p2a: Igglybuff\n|-activate|p2a: Igglybuff|move: Protect\n|\n|-heal|p2a: Igglybuff|57\/100|[from] move: Wish|[wisher] Igglybuff\n|upkeep\n|turn|7\n|\n|switch|p1a: Grimer|Grimer-Alola, L5, M|100\/100\n|move|p2a: Igglybuff|Toxic|p1a: Grimer\n|-immune|p1a: Grimer\n|\n|upkeep\n|turn|8\n|\n|move|p1a: Grimer|Fire Punch|p2a: Igglybuff\n|-damage|p2a: Igglybuff|20\/100\n|move|p2a: Igglybuff|Wish|p2a: Igglybuff\n|\n|upkeep\n|turn|9\n|\n|move|p1a: Grimer|Poison Jab|p2a: Igglybuff\n|-supereffective|p2a: Igglybuff\n|-damage|p2a: Igglybuff|0 fnt\n|faint|p2a: Igglybuff\n|\n|upkeep\n|\n|switch|p2a: Diglett|Diglett, L5, M, shiny|18\/100\n|-damage|p2a: Diglett|12\/100|[from] Stealth Rock\n|turn|10\n|\n|move|p2a: Diglett|Earthquake|p1a: Grimer\n|-supereffective|p1a: Grimer\n|-crit|p1a: Grimer\n|-damage|p1a: Grimer|0 fnt\n|faint|p1a: Grimer\n|\n|upkeep\n|\n|switch|p1a: Timburr|Timburr, L5, M|100\/100\n|turn|11\n|\n|move|p1a: Timburr|Mach Punch|p2a: Diglett\n|-damage|p2a: Diglett|0 fnt\n|faint|p2a: Diglett\n|\n|upkeep\n|\n|switch|p2a: Blue Angel|Yanma, L5, M, shiny|100\/100\n|-damage|p2a: Blue Angel|53\/100|[from] Stealth Rock\n|turn|12\n|\n|move|p2a: Blue Angel|Air Slash|p1a: Timburr\n|-supereffective|p1a: Timburr\n|-damage|p1a: Timburr|0 fnt\n|faint|p1a: Timburr\n|\n|-ability|p2a: Blue Angel|Speed Boost|boost\n|-boost|p2a: Blue Angel|spe|1\n|upkeep\n|\n|switch|p1a: Ponyta|Ponyta, L5, F|100\/100\n|turn|13\n|\n|move|p2a: Blue Angel|Air Slash|p1a: Ponyta\n|-damage|p1a: Ponyta|15\/100\n|cant|p1a: Ponyta|flinch\n|\n|-ability|p2a: Blue Angel|Speed Boost|boost\n|-boost|p2a: Blue Angel|spe|1\n|upkeep\n|turn|14\n|c|\u2606dingalingading|nooo\n|c|\u2606dingalingading|lol\n|\n|move|p2a: Blue Angel|Air Slash|p1a: Ponyta|[miss]\n|-miss|p2a: Blue Angel|p1a: Ponyta\n|move|p1a: Ponyta|Flare Blitz|p2a: Blue Angel\n|-supereffective|p2a: Blue Angel\n|-damage|p2a: Blue Angel|0 fnt\n|-damage|p1a: Ponyta|0 fnt|[from] Recoil\n|faint|p2a: Blue Angel\n|faint|p1a: Ponyta\n|\n|upkeep\n|c|\u2606Walletinspector62|Lol\n|c|\u2606dingalingading|xDDD\n|c|\u2606Walletinspector62|Lmao\n|\n|switch|p2a: Ferroseed|Ferroseed, L5, M, shiny|100\/100\n|switch|p1a: Froakie|Froakie, L5, M|100\/100\n|-damage|p2a: Ferroseed|95\/100|[from] Stealth Rock\n|turn|15\n|\n|move|p1a: Froakie|Hydro Pump|p2a: Ferroseed\n|-resisted|p2a: Ferroseed\n|-damage|p2a: Ferroseed|75\/100\n|-damage|p1a: Froakie|90\/100|[from] item: Life Orb\n|move|p2a: Ferroseed|Leech Seed|p1a: Froakie\n|-start|p1a: Froakie|move: Leech Seed\n|\n|-damage|p1a: Froakie|80\/100|[from] Leech Seed|[of] p2a: Ferroseed\n|-heal|p2a: Ferroseed|85\/100|[silent]\n|upkeep\n|turn|16\n|\n|move|p1a: Froakie|Hydro Pump|p2a: Ferroseed\n|-resisted|p2a: Ferroseed\n|-damage|p2a: Ferroseed|65\/100\n|-damage|p1a: Froakie|70\/100|[from] item: Life Orb\n|move|p2a: Ferroseed|Gyro Ball|p1a: Froakie\n|-resisted|p1a: Froakie\n|-damage|p1a: Froakie|40\/100\n|\n|-damage|p1a: Froakie|30\/100|[from] Leech Seed|[of] p2a: Ferroseed\n|-heal|p2a: Ferroseed|75\/100|[silent]\n|upkeep\n|turn|17\n|\n|move|p1a: Froakie|Hydro Pump|p2a: Ferroseed\n|-resisted|p2a: Ferroseed\n|-damage|p2a: Ferroseed|56\/100\n|-damage|p1a: Froakie|20\/100|[from] item: Life Orb\n|move|p2a: Ferroseed|Gyro Ball|p1a: Froakie\n|-resisted|p1a: Froakie\n|-damage|p1a: Froakie|0 fnt\n|faint|p1a: Froakie\n|\n|upkeep\n|\n|switch|p1a: Abra|Abra, L5, F|100\/100\n|turn|18\n|\n|move|p1a: Abra|Hidden Power|p2a: Ferroseed\n|-supereffective|p2a: Ferroseed\n|-damage|p2a: Ferroseed|0 fnt\n|faint|p2a: Ferroseed\n|\n|upkeep\n|\n|switch|p2a: Shellder|Shellder, L5, M, shiny|100\/100\n|-damage|p2a: Shellder|90\/100|[from] Stealth Rock\n|turn|19\n|\n|move|p1a: Abra|Hidden Power|p2a: Shellder\n|-damage|p2a: Shellder|43\/100\n|move|p2a: Shellder|Shell Smash|p2a: Shellder\n|-unboost|p2a: Shellder|def|1\n|-unboost|p2a: Shellder|spd|1\n|-boost|p2a: Shellder|atk|2\n|-boost|p2a: Shellder|spa|2\n|-boost|p2a: Shellder|spe|2\n|\n|upkeep\n|turn|20\n|c|\u2606dingalingading|welp\n|c|\u2606dingalingading|gg xD\n|c|\u2606Walletinspector62|Gg\n|\n|move|p2a: Shellder|Icicle Spear|p1a: Abra\n|-damage|p1a: Abra|53\/100\n|-damage|p1a: Abra|6\/100\n|-damage|p1a: Abra|0 fnt\n|-hitcount|p1a: Abra|3\n|faint|p1a: Abra\n|\n|win|Walletinspector62\n","uploadtime":1567817532,"views":19,"p1id":"dingalingading","p2id":"walletinspector62","formatid":"gen7anythinggoes","rating":0,"private":0,"password":null}