{"id":"gen7ou-953906225","p1":"Ban lando t guy jk","p2":"LT63RB Rebirth101","format":"gen7ou","log":"|raw|<div class=\"broadcast-blue\"><strong>This battle is required to be public due to a player having a name prefixed by 'LT63RB'.<\/div>\n|j|\u2606Ban lando t guy jk\n|j|\u2606LT63RB Rebirth101\n|player|p1|Ban lando t guy jk|164|1702\n|player|p2|LT63RB Rebirth101|15|1711\n|teamsize|p1|6\n|teamsize|p2|6\n|gametype|singles\n|gen|7\n|tier|[Gen 7] OU\n|rated|\n|rule|Sleep Clause Mod: Limit one foe put to sleep\n|rule|Species Clause: Limit one of each Pok\u00e9mon\n|rule|OHKO Clause: OHKO moves are banned\n|rule|Moody Clause: Moody is banned\n|rule|Evasion Moves Clause: Evasion moves are banned\n|rule|Endless Battle Clause: Forcing endless battles is banned\n|rule|HP Percentage Mod: HP is shown in percentages\n|clearpoke\n|poke|p1|Hawlucha, M|item\n|poke|p1|Ferrothorn, F|item\n|poke|p1|Pelipper, M|item\n|poke|p1|Tapu Koko|item\n|poke|p1|Swampert, M|item\n|poke|p1|Kartana|item\n|poke|p2|Lopunny, F|item\n|poke|p2|Blacephalon|item\n|poke|p2|Landorus-Therian, M|item\n|poke|p2|Magearna|item\n|poke|p2|Ferrothorn, F|item\n|poke|p2|Crawdaunt, F|item\n|teampreview\n|j| andrethagiiant\n|l| andrethagiiant\n|inactive|Battle timer is ON: inactive players will automatically lose when time's up. (requested by Ban lando t guy jk)\n|\n|start\n|switch|p1a: Hate rain :(|Ferrothorn, F|100\/100\n|switch|p2a: Magearna|Magearna|100\/100\n|turn|1\n|\n|move|p2a: Magearna|Focus Blast|p1a: Hate rain :(\n|-supereffective|p1a: Hate rain :(\n|-damage|p1a: Hate rain :(|32\/100\n|move|p1a: Hate rain :(|Stealth Rock|p2a: Magearna\n|-sidestart|p2: LT63RB Rebirth101|move: Stealth Rock\n|\n|-heal|p1a: Hate rain :(|38\/100|[from] item: Leftovers\n|upkeep\n|turn|2\n|\n|switch|p1a: Nappy is trash|Pelipper, M|100\/100\n|-weather|RainDance|[from] ability: Drizzle|[of] p1a: Nappy is trash\n|-zpower|p2a: Magearna\n|move|p2a: Magearna|Twinkle Tackle|p1a: Nappy is trash|[zeffect]\n|-damage|p1a: Nappy is trash|0 fnt\n|faint|p1a: Nappy is trash\n|-ability|p2a: Magearna|Soul-Heart|boost\n|-boost|p2a: Magearna|spa|1\n|\n|-weather|RainDance|[upkeep]\n|upkeep\n|\n|switch|p1a: Swamp Thing|Swampert, M|100\/100\n|turn|3\n|\n|switch|p2a: Landorus|Landorus-Therian, M|100\/100\n|-damage|p2a: Landorus|88\/100|[from] Stealth Rock\n|-ability|p2a: Landorus|Intimidate|boost\n|-unboost|p1a: Swamp Thing|atk|1\n|detailschange|p1a: Swamp Thing|Swampert-Mega, M\n|-mega|p1a: Swamp Thing|Swampert|Swampertite\n|move|p1a: Swamp Thing|Power-Up Punch|p2a: Landorus\n|-resisted|p2a: Landorus\n|-damage|p2a: Landorus|81\/100\n|-boost|p1a: Swamp Thing|atk|1\n|\n|-weather|RainDance|[upkeep]\n|upkeep\n|turn|4\n|\n|switch|p2a: Ferrothorn|Ferrothorn, F|100\/100\n|-damage|p2a: Ferrothorn|95\/100|[from] Stealth Rock\n|move|p1a: Swamp Thing|Waterfall|p2a: Ferrothorn\n|-resisted|p2a: Ferrothorn\n|-damage|p2a: Ferrothorn|68\/100\n|-damage|p1a: Swamp Thing|88\/100|[from] ability: Iron Barbs|[of] p2a: Ferrothorn\n|\n|-weather|RainDance|[upkeep]\n|-heal|p2a: Ferrothorn|74\/100|[from] item: Leftovers\n|upkeep\n|turn|5\n|\n|move|p1a: Swamp Thing|Earthquake|p2a: Ferrothorn\n|-damage|p2a: Ferrothorn|26\/100\n|move|p2a: Ferrothorn|Stealth Rock|p1a: Swamp Thing\n|-sidestart|p1: Ban lando t guy jk|move: Stealth Rock\n|\n|-weather|RainDance|[upkeep]\n|-heal|p2a: Ferrothorn|32\/100|[from] item: Leftovers\n|upkeep\n|turn|6\n|\n|move|p1a: Swamp Thing|Waterfall|p2a: Ferrothorn\n|-resisted|p2a: Ferrothorn\n|-damage|p2a: Ferrothorn|4\/100\n|-damage|p1a: Swamp Thing|76\/100|[from] ability: Iron Barbs|[of] p2a: Ferrothorn\n|move|p2a: Ferrothorn|Gyro Ball|p1a: Swamp Thing\n|-resisted|p1a: Swamp Thing\n|-damage|p1a: Swamp Thing|52\/100\n|\n|-weather|RainDance|[upkeep]\n|-heal|p2a: Ferrothorn|10\/100|[from] item: Leftovers\n|upkeep\n|turn|7\n|\n|switch|p1a: Hate rain :(|Ferrothorn, F|38\/100\n|-damage|p1a: Hate rain :(|32\/100|[from] Stealth Rock\n|move|p2a: Ferrothorn|Gyro Ball|p1a: Hate rain :(\n|-resisted|p1a: Hate rain :(\n|-damage|p1a: Hate rain :(|29\/100\n|-damage|p2a: Ferrothorn|0 fnt|[from] ability: Iron Barbs|[of] p1a: Hate rain :(\n|faint|p2a: Ferrothorn\n|\n|-weather|RainDance|[upkeep]\n|-heal|p1a: Hate rain :(|35\/100|[from] item: Leftovers\n|upkeep\n|inactive|LT63RB Rebirth101 has 120 seconds left.\n|l|\u2606LT63RB Rebirth101\n|inactive|LT63RB Rebirth101 disconnected and has a minute to reconnect!\n|player|p2|\n|inactive|LT63RB Rebirth101 has 30 seconds to reconnect!\n|inactive|LT63RB Rebirth101 has 20 seconds to reconnect!\n|j|\u2606LT63RB Rebirth101\n|inactive|LT63RB Rebirth101 reconnected and has 75 seconds left.\n|player|p2|LT63RB Rebirth101|15\n|j| egalvanc\n|l| egalvanc\n|\n|switch|p2a: Blacephalon|Blacephalon|100\/100\n|-damage|p2a: Blacephalon|76\/100|[from] Stealth Rock\n|turn|8\n|\n|move|p2a: Blacephalon|Shadow Ball|p1a: Hate rain :(\n|-damage|p1a: Hate rain :(|0 fnt\n|faint|p1a: Hate rain :(\n|-ability|p2a: Blacephalon|Beast Boost|boost\n|-boost|p2a: Blacephalon|spa|1\n|\n|-weather|RainDance|[upkeep]\n|upkeep\n|\n|switch|p1a: Wolverine|Kartana|100\/100\n|-damage|p1a: Wolverine|94\/100|[from] Stealth Rock\n|turn|9\n|inactive|LT63RB Rebirth101 has 90 seconds left.\n|\n|switch|p2a: Magearna|Magearna|100\/100\n|-damage|p2a: Magearna|94\/100|[from] Stealth Rock\n|move|p1a: Wolverine|Leaf Blade|p2a: Magearna\n|-resisted|p2a: Magearna\n|-damage|p2a: Magearna|70\/100\n|\n|-weather|none\n|upkeep\n|turn|10\n|\n|switch|p1a: Speed OD|Tapu Koko|100\/100\n|-damage|p1a: Speed OD|88\/100|[from] Stealth Rock\n|-fieldstart|move: Electric Terrain|[from] ability: Electric Surge|[of] p1a: Speed OD\n|move|p2a: Magearna|Trick Room|p2a: Magearna\n|-fieldstart|move: Trick Room|[of] p2a: Magearna\n|\n|upkeep\n|turn|11\n|\n|move|p2a: Magearna|Fleur Cannon|p1a: Speed OD\n|-damage|p1a: Speed OD|0 fnt\n|-unboost|p2a: Magearna|spa|2\n|faint|p1a: Speed OD\n|-ability|p2a: Magearna|Soul-Heart|boost\n|-boost|p2a: Magearna|spa|1\n|\n|upkeep\n|\n|switch|p1a: Swamp Thing|Swampert-Mega, M|52\/100\n|-damage|p1a: Swamp Thing|46\/100|[from] Stealth Rock\n|turn|12\n|\n|move|p2a: Magearna|Fleur Cannon|p1a: Swamp Thing\n|-damage|p1a: Swamp Thing|2\/100\n|-unboost|p2a: Magearna|spa|2\n|move|p1a: Swamp Thing|Waterfall|p2a: Magearna\n|-damage|p2a: Magearna|30\/100\n|\n|upkeep\n|turn|13\n|inactive|LT63RB Rebirth101 has 120 seconds left.\n|\n|move|p2a: Magearna|Focus Blast|p1a: Swamp Thing\n|-damage|p1a: Swamp Thing|0 fnt\n|faint|p1a: Swamp Thing\n|-ability|p2a: Magearna|Soul-Heart|boost\n|-boost|p2a: Magearna|spa|1\n|\n|upkeep\n|\n|switch|p1a: Copypaste|Hawlucha, M|100\/100\n|-damage|p1a: Copypaste|88\/100|[from] Stealth Rock\n|-enditem|p1a: Copypaste|Electric Seed\n|-boost|p1a: Copypaste|def|1\n|turn|14\n|\n|move|p2a: Magearna|Fleur Cannon|p1a: Copypaste\n|-supereffective|p1a: Copypaste\n|-damage|p1a: Copypaste|0 fnt\n|-unboost|p2a: Magearna|spa|2\n|faint|p1a: Copypaste\n|-ability|p2a: Magearna|Soul-Heart|boost\n|-boost|p2a: Magearna|spa|1\n|\n|-fieldend|move: Electric Terrain\n|-fieldend|move: Trick Room\n|upkeep\n|\n|switch|p1a: Wolverine|Kartana|94\/100\n|-damage|p1a: Wolverine|88\/100|[from] Stealth Rock\n|turn|15\n|\n|move|p1a: Wolverine|Leaf Blade|p2a: Magearna\n|-resisted|p2a: Magearna\n|-damage|p2a: Magearna|5\/100\n|move|p2a: Magearna|Focus Blast|p1a: Wolverine|[miss]\n|-miss|p2a: Magearna|p1a: Wolverine\n|\n|upkeep\n|turn|16\n|\n|move|p1a: Wolverine|Leaf Blade|p2a: Magearna\n|-resisted|p2a: Magearna\n|-damage|p2a: Magearna|0 fnt\n|faint|p2a: Magearna\n|-ability|p1a: Wolverine|Beast Boost|boost\n|-boost|p1a: Wolverine|atk|1\n|\n|upkeep\n|\n|switch|p2a: Landorus|Landorus-Therian, M|81\/100\n|-damage|p2a: Landorus|69\/100|[from] Stealth Rock\n|-ability|p2a: Landorus|Intimidate|boost\n|-unboost|p1a: Wolverine|atk|1\n|turn|17\n|\n|move|p1a: Wolverine|Leaf Blade|p2a: Landorus\n|-damage|p2a: Landorus|0 fnt\n|faint|p2a: Landorus\n|-ability|p1a: Wolverine|Beast Boost|boost\n|-boost|p1a: Wolverine|atk|1\n|\n|upkeep\n|\n|switch|p2a: Lopunny|Lopunny, F|100\/100\n|-damage|p2a: Lopunny|88\/100|[from] Stealth Rock\n|turn|18\n|\n|detailschange|p2a: Lopunny|Lopunny-Mega, F\n|-mega|p2a: Lopunny|Lopunny|Lopunnite\n|move|p2a: Lopunny|Fake Out|p1a: Wolverine\n|-resisted|p1a: Wolverine\n|-damage|p1a: Wolverine|77\/100\n|cant|p1a: Wolverine|flinch\n|\n|upkeep\n|turn|19\n|\n|move|p1a: Wolverine|Leaf Blade|p2a: Lopunny\n|-crit|p2a: Lopunny\n|-damage|p2a: Lopunny|0 fnt\n|faint|p2a: Lopunny\n|-ability|p1a: Wolverine|Beast Boost|boost\n|-boost|p1a: Wolverine|atk|1\n|\n|upkeep\n|-message|LT63RB Rebirth101 forfeited.\n|\n|win|Ban lando t guy jk\n|l|\u2606LT63RB Rebirth101\n","uploadtime":1564676571,"views":16,"p1id":"banlandotguyjk","p2id":"lt63rbrebirth101","formatid":"gen7ou","rating":0,"private":0,"password":null}