{"id":"gen7ou-1554231111","p1":"Saladin_M","p2":"TestingTesting1","format":"gen7ou","log":"|j|\u203dSaladin_M\n|j|\u2606TestingTesting1\n|t:|1650054086\n|gametype|singles\n|player|p1|Saladin_M|170|1600\n|player|p2|TestingTesting1|2|1506\n|teamsize|p1|6\n|teamsize|p2|6\n|gen|7\n|tier|[Gen 7] OU\n|rated|\n|rule|Sleep Clause Mod: Limit one foe put to sleep\n|rule|Species Clause: Limit one of each Pok\u00e9mon\n|rule|OHKO Clause: OHKO moves are banned\n|rule|Moody Clause: Moody is banned\n|rule|Evasion Moves Clause: Evasion moves are banned\n|rule|Endless Battle Clause: Forcing endless battles is banned\n|rule|HP Percentage Mod: HP is shown in percentages\n|clearpoke\n|poke|p1|Alakazam, M|item\n|poke|p1|Landorus-Therian, M|item\n|poke|p1|Piloswine, F|item\n|poke|p1|Muk-Alola, M|item\n|poke|p1|Magnezone|item\n|poke|p1|Dragonite, M|item\n|poke|p2|Sharpedo, F|item\n|poke|p2|Blacephalon|item\n|poke|p2|Ferrothorn, F|item\n|poke|p2|Rotom-Wash|item\n|poke|p2|Tapu Lele|item\n|poke|p2|Gliscor, F|item\n|teampreview\n|\n|t:|1650054115\n|start\n|switch|p1a: Alakazam|Alakazam, M|100\/100\n|switch|p2a: Rotom|Rotom-Wash, shiny|100\/100\n|turn|1\n|\n|t:|1650054122\n|switch|p2a: Ferrothorn|Ferrothorn, F|100\/100\n|detailschange|p1a: Alakazam|Alakazam-Mega, M\n|-mega|p1a: Alakazam|Alakazam|Alakazite\n|-ability|p1a: Alakazam|Iron Barbs|[from] ability: Trace|[of] p2a: Ferrothorn\n|move|p1a: Alakazam|Psyshock|p2a: Ferrothorn\n|-resisted|p2a: Ferrothorn\n|-damage|p2a: Ferrothorn|81\/100\n|\n|-heal|p2a: Ferrothorn|88\/100|[from] item: Leftovers\n|upkeep\n|turn|2\n|\n|t:|1650054134\n|move|p1a: Alakazam|Hidden Power|p2a: Ferrothorn\n|-supereffective|p2a: Ferrothorn\n|-damage|p2a: Ferrothorn|18\/100\n|move|p2a: Ferrothorn|Stealth Rock|p1a: Alakazam\n|-sidestart|p1: Saladin_M|move: Stealth Rock\n|\n|-heal|p2a: Ferrothorn|25\/100|[from] item: Leftovers\n|upkeep\n|turn|3\n|\n|t:|1650054146\n|switch|p2a: Sharpedo|Sharpedo, F|100\/100\n|move|p1a: Alakazam|Hidden Power|p2a: Sharpedo\n|-resisted|p2a: Sharpedo\n|-damage|p2a: Sharpedo|66\/100\n|\n|upkeep\n|turn|4\n|\n|t:|1650054154\n|switch|p1a: Dragonite|Dragonite, M|100\/100\n|-damage|p1a: Dragonite|76\/100|[from] Stealth Rock\n|move|p2a: Sharpedo|Protect||[still]\n|-fail|p2a: Sharpedo\n|\n|-ability|p2a: Sharpedo|Speed Boost|boost\n|-boost|p2a: Sharpedo|spe|1\n|upkeep\n|turn|5\n|\n|t:|1650054162\n|detailschange|p2a: Sharpedo|Sharpedo-Mega, F\n|-mega|p2a: Sharpedo|Sharpedo|Sharpedonite\n|move|p1a: Dragonite|Extreme Speed|p2a: Sharpedo\n|-damage|p2a: Sharpedo|0 fnt\n|faint|p2a: Sharpedo\n|\n|upkeep\n|\n|t:|1650054168\n|switch|p2a: Blacephalon|Blacephalon, shiny|100\/100\n|turn|6\n|\n|t:|1650054174\n|switch|p2a: Ferrothorn|Ferrothorn, F|25\/100\n|switch|p1a: Muk|Muk-Alola, M|100\/100\n|-damage|p1a: Muk|88\/100|[from] Stealth Rock\n|\n|-heal|p2a: Ferrothorn|31\/100|[from] item: Leftovers\n|upkeep\n|turn|7\n|\n|t:|1650054182\n|switch|p2a: Rotom|Rotom-Wash, shiny|100\/100\n|move|p1a: Muk|Fire Punch|p2a: Rotom\n|-resisted|p2a: Rotom\n|-damage|p2a: Rotom|91\/100\n|-status|p2a: Rotom|brn\n|\n|-damage|p2a: Rotom|85\/100 brn|[from] brn\n|upkeep\n|turn|8\n|j| Re Kaionka\n|\n|t:|1650054204\n|switch|p1a: Landorus|Landorus-Therian, M|100\/100\n|-damage|p1a: Landorus|88\/100|[from] Stealth Rock\n|-ability|p1a: Landorus|Intimidate|boost\n|-unboost|p2a: Rotom|atk|1\n|move|p2a: Rotom|Volt Switch|p1a: Landorus\n|-immune|p1a: Landorus\n|\n|-damage|p2a: Rotom|79\/100 brn|[from] brn\n|upkeep\n|turn|9\n|\n|t:|1650054213\n|move|p1a: Landorus|Defog|p2a: Rotom\n|-unboost|p2a: Rotom|evasion|1\n|-sideend|p1: Saladin_M|Stealth Rock|[from] move: Defog|[of] p1a: Landorus\n|move|p2a: Rotom|Hydro Pump|p1a: Landorus|[miss]\n|-miss|p2a: Rotom|p1a: Landorus\n|\n|-damage|p2a: Rotom|73\/100 brn|[from] brn\n|upkeep\n|turn|10\n|\n|t:|1650054222\n|move|p1a: Landorus|Smack Down|p2a: Rotom\n|-damage|p2a: Rotom|56\/100 brn\n|-start|p2a: Rotom|Smack Down\n|move|p2a: Rotom|Hydro Pump|p1a: Landorus\n|-supereffective|p1a: Landorus\n|-damage|p1a: Landorus|8\/100\n|\n|-damage|p2a: Rotom|50\/100 brn|[from] brn\n|upkeep\n|turn|11\n|\n|t:|1650054254\n|switch|p2a: Gliscor|Gliscor, F, shiny|100\/100\n|move|p1a: Landorus|U-turn|p2a: Gliscor\n|-resisted|p2a: Gliscor\n|-damage|p2a: Gliscor|90\/100\n|\n|t:|1650054275\n|switch|p1a: Piloswine|Piloswine, F|100\/100|[from]move: U-turn\n|\n|-status|p2a: Gliscor|tox|[from] item: Toxic Orb\n|upkeep\n|turn|12\n|\n|t:|1650054281\n|switch|p2a: Ferrothorn|Ferrothorn, F|31\/100\n|move|p1a: Piloswine|Icicle Crash|p2a: Ferrothorn\n|-damage|p2a: Ferrothorn|0 fnt\n|faint|p2a: Ferrothorn\n|\n|upkeep\n|\n|t:|1650054290\n|switch|p2a: Rotom|Rotom-Wash, shiny|50\/100 brn\n|turn|13\n|\n|t:|1650054295\n|switch|p1a: Landorus|Landorus-Therian, M|8\/100\n|-ability|p1a: Landorus|Intimidate|boost\n|-unboost|p2a: Rotom|atk|1\n|move|p2a: Rotom|Hydro Pump|p1a: Landorus\n|-supereffective|p1a: Landorus\n|-damage|p1a: Landorus|0 fnt\n|faint|p1a: Landorus\n|\n|-damage|p2a: Rotom|44\/100 brn|[from] brn\n|upkeep\n|\n|t:|1650054301\n|switch|p1a: Alakazam|Alakazam-Mega, M|100\/100\n|-ability|p1a: Alakazam|Levitate|[from] ability: Trace|[of] p2a: Rotom\n|turn|14\n|\n|t:|1650054309\n|switch|p2a: Gliscor|Gliscor, F, shiny|90\/100 tox\n|move|p1a: Alakazam|Psyshock|p2a: Gliscor\n|-damage|p2a: Gliscor|47\/100 tox\n|\n|-heal|p2a: Gliscor|60\/100 tox|[from] ability: Poison Heal\n|upkeep\n|turn|15\n|\n|t:|1650054319\n|move|p1a: Alakazam|Psyshock|p2a: Gliscor\n|-damage|p2a: Gliscor|20\/100 tox\n|move|p2a: Gliscor|Roost|p2a: Gliscor\n|-heal|p2a: Gliscor|70\/100 tox\n|-singleturn|p2a: Gliscor|move: Roost\n|\n|-heal|p2a: Gliscor|83\/100 tox|[from] ability: Poison Heal\n|upkeep\n|turn|16\n|\n|t:|1650054328\n|switch|p1a: Piloswine|Piloswine, F|100\/100\n|move|p2a: Gliscor|Roost|p2a: Gliscor\n|-heal|p2a: Gliscor|100\/100 tox\n|-singleturn|p2a: Gliscor|move: Roost\n|\n|upkeep\n|turn|17\n|\n|t:|1650054335\n|switch|p2a: Rotom|Rotom-Wash, shiny|44\/100 brn\n|move|p1a: Piloswine|Icicle Crash|p2a: Rotom\n|-resisted|p2a: Rotom\n|-damage|p2a: Rotom|28\/100 brn\n|\n|-damage|p2a: Rotom|22\/100 brn|[from] brn\n|upkeep\n|-enditem|p2a: Rotom|Wiki Berry|[eat]\n|-heal|p2a: Rotom|72\/100 brn|[from] item: Wiki Berry\n|turn|18\n|\n|t:|1650054348\n|switch|p1a: Alakazam|Alakazam-Mega, M|100\/100\n|-ability|p1a: Alakazam|Levitate|[from] ability: Trace|[of] p2a: Rotom\n|move|p2a: Rotom|Hydro Pump|p1a: Alakazam\n|-damage|p1a: Alakazam|50\/100\n|\n|-damage|p2a: Rotom|66\/100 brn|[from] brn\n|upkeep\n|turn|19\n|\n|t:|1650054357\n|switch|p2a: Gliscor|Gliscor, F, shiny|100\/100 tox\n|move|p1a: Alakazam|Psyshock|p2a: Gliscor\n|-damage|p2a: Gliscor|60\/100 tox\n|\n|-heal|p2a: Gliscor|73\/100 tox|[from] ability: Poison Heal\n|upkeep\n|turn|20\n|\n|t:|1650054364\n|move|p1a: Alakazam|Psyshock|p2a: Gliscor\n|-damage|p2a: Gliscor|30\/100 tox\n|move|p2a: Gliscor|Facade|p1a: Alakazam\n|-damage|p1a: Alakazam|0 fnt\n|faint|p1a: Alakazam\n|\n|-heal|p2a: Gliscor|43\/100 tox|[from] ability: Poison Heal\n|upkeep\n|\n|t:|1650054375\n|switch|p1a: Dragonite|Dragonite, M|76\/100\n|turn|21\n|\n|t:|1650054380\n|switch|p2a: Rotom|Rotom-Wash, shiny|66\/100 brn\n|move|p1a: Dragonite|Outrage|p2a: Rotom\n|-damage|p2a: Rotom|0 fnt\n|faint|p2a: Rotom\n|\n|upkeep\n|\n|t:|1650054387\n|switch|p2a: Tapu Lele|Tapu Lele, shiny|100\/100\n|-fieldstart|move: Psychic Terrain|[from] ability: Psychic Surge|[of] p2a: Tapu Lele\n|turn|22\n|\n|t:|1650054397\n|move|p2a: Tapu Lele|Moonblast|p1a: Dragonite\n|-supereffective|p1a: Dragonite\n|-damage|p1a: Dragonite|0 fnt\n|faint|p1a: Dragonite\n|\n|upkeep\n|\n|t:|1650054413\n|switch|p1a: Magnezone|Magnezone|100\/100\n|turn|23\n|\n|t:|1650054419\n|switch|p2a: Blacephalon|Blacephalon, shiny|100\/100\n|move|p1a: Magnezone|Flash Cannon|p2a: Blacephalon\n|-resisted|p2a: Blacephalon\n|-damage|p2a: Blacephalon|41\/100\n|\n|upkeep\n|turn|24\n|\n|t:|1650054427\n|switch|p1a: Muk|Muk-Alola, M|88\/100\n|move|p2a: Blacephalon|Flamethrower|p1a: Muk\n|-damage|p1a: Muk|63\/100\n|-status|p1a: Muk|brn\n|\n|-damage|p1a: Muk|57\/100 brn|[from] brn\n|upkeep\n|turn|25\n|\n|t:|1650054434\n|move|p2a: Blacephalon|Substitute|p2a: Blacephalon\n|-start|p2a: Blacephalon|Substitute\n|-damage|p2a: Blacephalon|17\/100\n|move|p1a: Muk|Pursuit|p2a: Blacephalon\n|-supereffective|p2a: Blacephalon\n|-end|p2a: Blacephalon|Substitute\n|\n|-damage|p1a: Muk|51\/100 brn|[from] brn\n|upkeep\n|turn|26\n|\n|t:|1650054442\n|move|p2a: Blacephalon|Flamethrower|p1a: Muk\n|-damage|p1a: Muk|27\/100 brn\n|move|p1a: Muk|Knock Off|p2a: Blacephalon\n|-supereffective|p2a: Blacephalon\n|-damage|p2a: Blacephalon|0 fnt\n|faint|p2a: Blacephalon\n|\n|-damage|p1a: Muk|21\/100 brn|[from] brn\n|-fieldend|move: Psychic Terrain\n|upkeep\n|\n|t:|1650054450\n|switch|p2a: Gliscor|Gliscor, F, shiny|43\/100 tox\n|turn|27\n|\n|t:|1650054455\n|switch|p1a: Piloswine|Piloswine, F|100\/100\n|move|p2a: Gliscor|Roost|p2a: Gliscor\n|-heal|p2a: Gliscor|93\/100 tox\n|-singleturn|p2a: Gliscor|move: Roost\n|\n|-heal|p2a: Gliscor|100\/100 tox|[from] ability: Poison Heal\n|upkeep\n|turn|28\n|\n|t:|1650054463\n|switch|p2a: Tapu Lele|Tapu Lele, shiny|100\/100\n|-fieldstart|move: Psychic Terrain|[from] ability: Psychic Surge|[of] p2a: Tapu Lele\n|move|p1a: Piloswine|Icicle Crash|p2a: Tapu Lele\n|-damage|p2a: Tapu Lele|42\/100\n|\n|upkeep\n|turn|29\n|\n|t:|1650054471\n|move|p1a: Piloswine|Protect|p1a: Piloswine\n|-singleturn|p1a: Piloswine|Protect\n|move|p2a: Tapu Lele|Moonblast|p1a: Piloswine\n|-activate|p1a: Piloswine|move: Protect\n|\n|upkeep\n|turn|30\n|\n|t:|1650054486\n|switch|p1a: Muk|Muk-Alola, M|21\/100 brn\n|move|p2a: Tapu Lele|Moonblast|p1a: Muk\n|-damage|p1a: Muk|0 fnt\n|faint|p1a: Muk\n|\n|upkeep\n|\n|t:|1650054491\n|switch|p1a: Magnezone|Magnezone|100\/100\n|turn|31\n|\n|t:|1650054493\n|switch|p2a: Gliscor|Gliscor, F, shiny|100\/100 tox\n|move|p1a: Magnezone|Flash Cannon|p2a: Gliscor\n|-damage|p2a: Gliscor|21\/100 tox\n|\n|-heal|p2a: Gliscor|33\/100 tox|[from] ability: Poison Heal\n|upkeep\n|turn|32\n|\n|t:|1650054500\n|move|p2a: Gliscor|Earthquake|p1a: Magnezone\n|-supereffective|p1a: Magnezone\n|-damage|p1a: Magnezone|0 fnt\n|faint|p1a: Magnezone\n|\n|-heal|p2a: Gliscor|46\/100 tox|[from] ability: Poison Heal\n|-fieldend|move: Psychic Terrain\n|upkeep\n|\n|t:|1650054504\n|switch|p1a: Piloswine|Piloswine, F|100\/100\n|turn|33\n|\n|t:|1650054523\n|switch|p2a: Tapu Lele|Tapu Lele, shiny|42\/100\n|-fieldstart|move: Psychic Terrain|[from] ability: Psychic Surge|[of] p2a: Tapu Lele\n|move|p1a: Piloswine|Icicle Crash|p2a: Tapu Lele|[miss]\n|-miss|p1a: Piloswine|p2a: Tapu Lele\n|\n|upkeep\n|turn|34\n|\n|t:|1650054533\n|move|p2a: Tapu Lele|Psychic|p1a: Piloswine\n|-damage|p1a: Piloswine|37\/100\n|move|p1a: Piloswine|Earthquake|p2a: Tapu Lele\n|-damage|p2a: Tapu Lele|0 fnt\n|faint|p2a: Tapu Lele\n|\n|upkeep\n|\n|t:|1650054538\n|switch|p2a: Gliscor|Gliscor, F, shiny|46\/100 tox\n|turn|35\n|\n|t:|1650054550\n|move|p1a: Piloswine|Protect|p1a: Piloswine\n|-singleturn|p1a: Piloswine|Protect\n|move|p2a: Gliscor|Earthquake|p1a: Piloswine\n|-activate|p1a: Piloswine|move: Protect\n|\n|-heal|p2a: Gliscor|58\/100 tox|[from] ability: Poison Heal\n|upkeep\n|turn|36\n|\n|t:|1650054558\n|move|p2a: Gliscor|Earthquake|p1a: Piloswine\n|-damage|p1a: Piloswine|14\/100\n|move|p1a: Piloswine|Icicle Crash|p2a: Gliscor|[miss]\n|-miss|p1a: Piloswine|p2a: Gliscor\n|\n|-heal|p2a: Gliscor|71\/100 tox|[from] ability: Poison Heal\n|upkeep\n|turn|37\n|\n|t:|1650054565\n|move|p1a: Piloswine|Protect|p1a: Piloswine\n|-singleturn|p1a: Piloswine|Protect\n|move|p2a: Gliscor|Earthquake|p1a: Piloswine\n|-activate|p1a: Piloswine|move: Protect\n|\n|-heal|p2a: Gliscor|83\/100 tox|[from] ability: Poison Heal\n|-fieldend|move: Psychic Terrain\n|upkeep\n|turn|38\n|\n|t:|1650054572\n|move|p1a: Piloswine|Ice Shard|p2a: Gliscor\n|-supereffective|p2a: Gliscor\n|-damage|p2a: Gliscor|19\/100 tox\n|move|p2a: Gliscor|Earthquake|p1a: Piloswine\n|-damage|p1a: Piloswine|0 fnt\n|faint|p1a: Piloswine\n|\n|win|TestingTesting1\n|raw|Saladin_M's rating: 1600 &rarr; <strong>1575<\/strong><br \/>(-25 for losing)\n|raw|TestingTesting1's rating: 1506 &rarr; <strong>1531<\/strong><br \/>(+25 for winning)\n|l|\u2606TestingTesting1\n|l|\u203dSaladin_M\n","uploadtime":1650054595,"views":8,"p1id":"saladinm","p2id":"testingtesting1","formatid":"gen7ou","rating":1531,"private":0,"password":null}