{"id":"gen7randombattle-730436770","p1":"wolfwarrior","p2":"Winnie el Pooh","format":"gen7randombattle","log":"|j|\u2606wolfwarrior\n|j|\u2606Winnie el Pooh\n|player|p1|wolfwarrior|162\n|player|p2|Winnie el Pooh|101\n|teamsize|p1|6\n|teamsize|p2|6\n|gametype|singles\n|gen|7\n|tier|[Gen 7] Random Battle\n|rated|\n|seed|11204,28147,62633,28089\n|rule|Sleep Clause Mod: Limit one foe put to sleep\n|rule|HP Percentage Mod: HP is shown in percentages\n|\n|start\n|switch|p1a: Landorus|Landorus-Therian, L75, M|257\/257\n|switch|p2a: Barbaracle|Barbaracle, L80, M|246\/246\n|-ability|p1a: Landorus|Intimidate|boost\n|-unboost|p2a: Barbaracle|atk|1\n|-enditem|p2a: Barbaracle|White Herb\n|-clearnegativeboost|p2a: Barbaracle|[silent]\n|turn|1\n|inactive|Battle timer is ON: inactive players will automatically lose when time's up. (requested by wolfwarrior)\n|\n|move|p1a: Landorus|Swords Dance|p1a: Landorus\n|-boost|p1a: Landorus|atk|2\n|move|p2a: Barbaracle|Shell Smash|p2a: Barbaracle\n|-unboost|p2a: Barbaracle|def|1\n|-unboost|p2a: Barbaracle|spd|1\n|-boost|p2a: Barbaracle|atk|2\n|-boost|p2a: Barbaracle|spa|2\n|-boost|p2a: Barbaracle|spe|2\n|\n|upkeep\n|turn|2\n|inactive|wolfwarrior has 135 seconds left.\n|inactive|wolfwarrior has 120 seconds left.\n|\n|switch|p1a: Lumineon|Lumineon, L83, F|250\/250\n|move|p2a: Barbaracle|Liquidation|p1a: Lumineon\n|-ability|p1a: Lumineon|Storm Drain|boost\n|-boost|p1a: Lumineon|spa|1\n|\n|upkeep\n|turn|3\n|\n|move|p2a: Barbaracle|Stone Edge|p1a: Lumineon|[miss]\n|-miss|p2a: Barbaracle|p1a: Lumineon\n|move|p1a: Lumineon|Scald|p2a: Barbaracle\n|-damage|p2a: Barbaracle|51\/246\n|-damage|p1a: Lumineon|225\/250|[from] item: Life Orb\n|\n|upkeep\n|turn|4\n|inactive|wolfwarrior has 135 seconds left.\n|inactive|wolfwarrior has 120 seconds left.\n|\n|move|p2a: Barbaracle|Stone Edge|p1a: Lumineon\n|-damage|p1a: Lumineon|0 fnt\n|faint|p1a: Lumineon\n|\n|upkeep\n|inactive|wolfwarrior has 135 seconds left.\n|\n|switch|p1a: Banette|Banette, L79, F|231\/231\n|turn|5\n|\n|-mega|p1a: Banette|Banette|Banettite\n|detailschange|p1a: Banette|Banette-Mega, L79, F\n|move|p1a: Banette|Destiny Bond|p1a: Banette\n|-singlemove|p1a: Banette|Destiny Bond\n|move|p2a: Barbaracle|Shell Smash|p2a: Barbaracle\n|-unboost|p2a: Barbaracle|def|1\n|-unboost|p2a: Barbaracle|spd|1\n|-boost|p2a: Barbaracle|atk|2\n|-boost|p2a: Barbaracle|spa|2\n|-boost|p2a: Barbaracle|spe|2\n|\n|upkeep\n|turn|6\n|\n|move|p2a: Barbaracle|Liquidation|p1a: Banette\n|-damage|p1a: Banette|0 fnt\n|faint|p1a: Banette\n|-activate|p1a: Banette|move: Destiny Bond\n|faint|p2a: Barbaracle\n|\n|upkeep\n|inactive|wolfwarrior has 135 seconds left.\n|inactive|wolfwarrior has 120 seconds left.\n|inactive|Winnie el Pooh has 135 seconds left.\n|inactive|wolfwarrior has 105 seconds left.\n|\n|switch|p1a: Shaymin|Shaymin, L79|288\/288\n|switch|p2a: Shuckle|Shuckle, L83, M|169\/169\n|turn|7\n|\n|move|p1a: Shaymin|Air Slash|p2a: Shuckle\n|-damage|p2a: Shuckle|145\/169\n|cant|p2a: Shuckle|flinch\n|\n|-heal|p2a: Shuckle|155\/169|[from] item: Leftovers\n|upkeep\n|turn|8\n|inactive|wolfwarrior has 135 seconds left.\n|inactive|wolfwarrior has 120 seconds left.\n|inactive|wolfwarrior has 105 seconds left.\n|inactive|wolfwarrior has 90 seconds left.\n|\n|move|p1a: Shaymin|Air Slash|p2a: Shuckle\n|-damage|p2a: Shuckle|132\/169\n|move|p2a: Shuckle|Stealth Rock|p1a: Shaymin\n|-sidestart|p1: wolfwarrior|move: Stealth Rock\n|\n|-heal|p2a: Shuckle|142\/169|[from] item: Leftovers\n|upkeep\n|turn|9\n|inactive|wolfwarrior has 90 seconds left.\n|\n|move|p1a: Shaymin|Substitute|p1a: Shaymin\n|-start|p1a: Shaymin|Substitute\n|-damage|p1a: Shaymin|216\/288\n|move|p2a: Shuckle|Infestation|p1a: Shaymin\n|-supereffective|p1a: Shaymin\n|-activate|p1a: Shaymin|move: Substitute|[damage]\n|\n|-heal|p1a: Shaymin|234\/288|[from] item: Leftovers\n|-heal|p2a: Shuckle|152\/169|[from] item: Leftovers\n|upkeep\n|turn|10\n|\n|switch|p2a: Vanilluxe|Vanilluxe, L81, M|247\/247\n|-weather|Hail|[from] ability: Snow Warning|[of] p2a: Vanilluxe\n|move|p1a: Shaymin|Seed Flare|p2a: Vanilluxe\n|-damage|p2a: Vanilluxe|177\/247\n|-unboost|p2a: Vanilluxe|spd|2\n|\n|-weather|Hail|[upkeep]\n|-damage|p1a: Shaymin|216\/288|[from] Hail\n|-heal|p1a: Shaymin|234\/288|[from] item: Leftovers\n|upkeep\n|turn|11\n|\n|move|p1a: Shaymin|Seed Flare|p2a: Vanilluxe\n|-damage|p2a: Vanilluxe|35\/247\n|-unboost|p2a: Vanilluxe|spd|2\n|move|p2a: Vanilluxe|Freeze-Dry|p1a: Shaymin\n|-supereffective|p1a: Shaymin\n|-end|p1a: Shaymin|Substitute\n|\n|-weather|Hail|[upkeep]\n|-damage|p1a: Shaymin|216\/288|[from] Hail\n|-heal|p1a: Shaymin|234\/288|[from] item: Leftovers\n|upkeep\n|turn|12\n|\n|move|p1a: Shaymin|Air Slash|p2a: Vanilluxe\n|-damage|p2a: Vanilluxe|0 fnt\n|faint|p2a: Vanilluxe\n|\n|-weather|Hail|[upkeep]\n|-damage|p1a: Shaymin|216\/288|[from] Hail\n|-heal|p1a: Shaymin|234\/288|[from] item: Leftovers\n|upkeep\n|inactive|Winnie el Pooh has 135 seconds left.\n|\n|switch|p2a: Stakataka|Stakataka, L77|220\/220\n|-item|p2a: Stakataka|Air Balloon\n|turn|13\n|inactive|wolfwarrior has 105 seconds left.\n|\n|move|p1a: Shaymin|Substitute|p1a: Shaymin\n|-start|p1a: Shaymin|Substitute\n|-damage|p1a: Shaymin|162\/288\n|move|p2a: Stakataka|Trick Room|p2a: Stakataka\n|-fieldstart|move: Trick Room|[of] p2a: Stakataka\n|\n|-weather|Hail|[upkeep]\n|-damage|p2a: Stakataka|207\/220|[from] Hail\n|-damage|p1a: Shaymin|144\/288|[from] Hail\n|-heal|p1a: Shaymin|162\/288|[from] item: Leftovers\n|upkeep\n|turn|14\n|inactive|wolfwarrior has 105 seconds left.\n|\n|move|p2a: Stakataka|Stone Edge|p1a: Shaymin\n|-end|p1a: Shaymin|Substitute\n|move|p1a: Shaymin|Seed Flare|p2a: Stakataka\n|-damage|p2a: Stakataka|104\/220\n|-enditem|p2a: Stakataka|Air Balloon\n|\n|-weather|none\n|-heal|p1a: Shaymin|180\/288|[from] item: Leftovers\n|upkeep\n|turn|15\n|inactive|wolfwarrior has 105 seconds left.\n|\n|switch|p1a: Buzzwole|Buzzwole, L76|288\/288\n|-damage|p1a: Buzzwole|252\/288|[from] Stealth Rock\n|move|p2a: Stakataka|Stone Edge|p1a: Buzzwole\n|-damage|p1a: Buzzwole|164\/288\n|\n|upkeep\n|turn|16\n|\n|move|p2a: Stakataka|Stone Edge|p1a: Buzzwole\n|-damage|p1a: Buzzwole|79\/288\n|move|p1a: Buzzwole|Earthquake|p2a: Stakataka\n|-supereffective|p2a: Stakataka\n|-damage|p2a: Stakataka|0 fnt\n|faint|p2a: Stakataka\n|-ability|p1a: Buzzwole|Beast Boost|boost\n|-boost|p1a: Buzzwole|atk|1\n|\n|upkeep\n|\n|switch|p2a: Mothim|Mothim, L83, M|251\/251\n|turn|17\n|inactive|wolfwarrior has 120 seconds left.\n|inactive|wolfwarrior has 105 seconds left.\n|\n|switch|p1a: Thundurus|Thundurus, L76, M|245\/245\n|-damage|p1a: Thundurus|184\/245|[from] Stealth Rock\n|move|p2a: Mothim|Air Slash|p1a: Thundurus\n|-resisted|p1a: Thundurus\n|-damage|p1a: Thundurus|60\/245\n|\n|-heal|p1a: Thundurus|75\/245|[from] item: Leftovers\n|-fieldend|move: Trick Room\n|upkeep\n|turn|18\n|inactive|wolfwarrior has 90 seconds left.\n|inactive|Winnie el Pooh has 135 seconds left.\n|inactive|wolfwarrior has 75 seconds left.\n|inactive|wolfwarrior has 60 seconds left.\n|\n|move|p1a: Thundurus|Thunderbolt|p2a: Mothim\n|-supereffective|p2a: Mothim\n|-damage|p2a: Mothim|0 fnt\n|faint|p2a: Mothim\n|\n|-heal|p1a: Thundurus|90\/245|[from] item: Leftovers\n|upkeep\n|\n|switch|p2a: Palkia|Palkia, L73|252\/252\n|-ability|p2a: Palkia|Pressure\n|turn|19\n|\n|move|p1a: Thundurus|Thunderbolt|p2a: Palkia\n|-damage|p2a: Palkia|161\/252\n|move|p2a: Palkia|Hydro Pump|p1a: Thundurus|[miss]\n|-miss|p2a: Palkia|p1a: Thundurus\n|\n|-heal|p1a: Thundurus|105\/245|[from] item: Leftovers\n|-heal|p2a: Palkia|176\/252|[from] item: Leftovers\n|upkeep\n|turn|20\n|\n|move|p1a: Thundurus|Thunderbolt|p2a: Palkia\n|-damage|p2a: Palkia|88\/252\n|move|p2a: Palkia|Hydro Pump|p1a: Thundurus|[miss]\n|-miss|p2a: Palkia|p1a: Thundurus\n|\n|-heal|p1a: Thundurus|120\/245|[from] item: Leftovers\n|-heal|p2a: Palkia|103\/252|[from] item: Leftovers\n|upkeep\n|turn|21\n|inactive|wolfwarrior has 75 seconds left.\n|c|\u2606Winnie el Pooh|fucking love this game\n|inactive|wolfwarrior has 60 seconds left.\n|\n|move|p1a: Thundurus|Thunderbolt|p2a: Palkia\n|-damage|p2a: Palkia|22\/252\n|move|p2a: Palkia|Hydro Pump|p1a: Thundurus\n|-damage|p1a: Thundurus|0 fnt\n|faint|p1a: Thundurus\n|\n|-heal|p2a: Palkia|37\/252|[from] item: Leftovers\n|upkeep\n|inactive|wolfwarrior has 60 seconds left.\n|\n|switch|p1a: Buzzwole|Buzzwole, L76|79\/288\n|-damage|p1a: Buzzwole|43\/288|[from] Stealth Rock\n|turn|22\n|\n|switch|p2a: Shuckle|Shuckle, L83, M|152\/169\n|move|p1a: Buzzwole|Leech Life|p2a: Shuckle\n|-damage|p2a: Shuckle|107\/169\n|-heal|p1a: Buzzwole|66\/288|[from] drain|[of] p2a: Shuckle\n|\n|-heal|p2a: Shuckle|117\/169|[from] item: Leftovers\n|upkeep\n|turn|23\n|\n|move|p1a: Buzzwole|Leech Life|p2a: Shuckle\n|-damage|p2a: Shuckle|77\/169\n|-heal|p1a: Buzzwole|86\/288|[from] drain|[of] p2a: Shuckle\n|move|p2a: Shuckle|Toxic|p1a: Buzzwole\n|-status|p1a: Buzzwole|tox\n|\n|-heal|p2a: Shuckle|87\/169|[from] item: Leftovers\n|-damage|p1a: Buzzwole|68\/288 tox|[from] psn\n|upkeep\n|turn|24\n|inactive|wolfwarrior has 75 seconds left.\n|\n|move|p1a: Buzzwole|Leech Life|p2a: Shuckle\n|-damage|p2a: Shuckle|44\/169\n|-heal|p1a: Buzzwole|90\/288 tox|[from] drain|[of] p2a: Shuckle\n|move|p2a: Shuckle|Infestation|p1a: Buzzwole\n|-resisted|p1a: Buzzwole\n|-damage|p1a: Buzzwole|84\/288 tox\n|-activate|p1a: Buzzwole|move: Infestation|[of] p2a: Shuckle\n|\n|-heal|p2a: Shuckle|54\/169|[from] item: Leftovers\n|-damage|p1a: Buzzwole|48\/288 tox|[from] psn\n|-damage|p1a: Buzzwole|12\/288 tox|[from] move: Infestation|[partiallytrapped]\n|upkeep\n|turn|25\n|inactive|wolfwarrior has 75 seconds left.\n|\n|move|p1a: Buzzwole|Leech Life|p2a: Shuckle\n|-damage|p2a: Shuckle|9\/169\n|-heal|p1a: Buzzwole|35\/288 tox|[from] drain|[of] p2a: Shuckle\n|move|p2a: Shuckle|Knock Off|p1a: Buzzwole\n|-resisted|p1a: Buzzwole\n|-damage|p1a: Buzzwole|27\/288 tox\n|-enditem|p1a: Buzzwole|Choice Scarf|[from] move: Knock Off|[of] p2a: Shuckle\n|\n|-heal|p2a: Shuckle|19\/169|[from] item: Leftovers\n|-damage|p1a: Buzzwole|0 fnt|[from] psn\n|upkeep\n|faint|p1a: Buzzwole\n|inactive|wolfwarrior has 75 seconds left.\n|\n|switch|p1a: Landorus|Landorus-Therian, L75, M|257\/257\n|-damage|p1a: Landorus|225\/257|[from] Stealth Rock\n|-ability|p1a: Landorus|Intimidate|boost\n|-unboost|p2a: Shuckle|atk|1\n|turn|26\n|\n|move|p1a: Landorus|Swords Dance|p1a: Landorus\n|-boost|p1a: Landorus|atk|2\n|move|p2a: Shuckle|Toxic|p1a: Landorus\n|-status|p1a: Landorus|tox\n|\n|-heal|p2a: Shuckle|29\/169|[from] item: Leftovers\n|-damage|p1a: Landorus|209\/257 tox|[from] psn\n|upkeep\n|turn|27\n|\n|move|p1a: Landorus|Earthquake|p2a: Shuckle\n|-crit|p2a: Shuckle\n|-damage|p2a: Shuckle|0 fnt\n|faint|p2a: Shuckle\n|\n|-damage|p1a: Landorus|177\/257 tox|[from] psn\n|upkeep\n|\n|switch|p2a: Palkia|Palkia, L73|37\/252\n|-ability|p2a: Palkia|Pressure\n|turn|28\n|inactive|wolfwarrior has 90 seconds left.\n|\n|move|p2a: Palkia|Hydro Pump|p1a: Landorus|[miss]\n|-miss|p2a: Palkia|p1a: Landorus\n|-zpower|p1a: Landorus\n|move|p1a: Landorus|Supersonic Skystrike|p2a: Palkia|[zeffect]\n|-damage|p2a: Palkia|0 fnt\n|faint|p2a: Palkia\n|\n|win|wolfwarrior\n|raw|wolfwarrior's rating: 1597 &rarr; <strong>1619<\/strong><br \/>(+22 for winning)\n|raw|Winnie el Pooh's rating: 1633 &rarr; <strong>1611<\/strong><br \/>(-22 for losing)\n|c|\u2606Winnie el Pooh|love it\n|c|\u2606wolfwarrior|;)\n|c|\u2606wolfwarrior|claro\n|c|\u2606Winnie el Pooh|puto\n|c|\u2606wolfwarrior|tu madre\n","inputlog":null,"uploadtime":1523308626,"views":0,"p1id":"wolfwarrior","p2id":"winnieelpooh","formatid":"gen7randombattle","rating":1611,"private":0,"password":null}