{"id":"gen7ou-975463738","p1":"pmbrokenman","p2":"OGamer289","format":"gen7ou","log":"|j|\u2606pmbrokenman\n|j|\u2606OGamer289\n|player|p1|pmbrokenman|138|1575\n|player|p2|OGamer289|153|1524\n|teamsize|p1|6\n|teamsize|p2|6\n|gametype|singles\n|gen|7\n|tier|[Gen 7] OU\n|rated|\n|rule|Sleep Clause Mod: Limit one foe put to sleep\n|rule|Species Clause: Limit one of each Pok\u00e9mon\n|rule|OHKO Clause: OHKO moves are banned\n|rule|Moody Clause: Moody is banned\n|rule|Evasion Moves Clause: Evasion moves are banned\n|rule|Endless Battle Clause: Forcing endless battles is banned\n|rule|HP Percentage Mod: HP is shown in percentages\n|clearpoke\n|poke|p1|Pelipper, F|item\n|poke|p1|Greninja, M|item\n|poke|p1|Swampert, F|item\n|poke|p1|Ferrothorn, F|item\n|poke|p1|Tornadus-Therian, M|item\n|poke|p1|Manaphy|item\n|poke|p2|Conkeldurr, F|item\n|poke|p2|Victini|item\n|poke|p2|Rotom-Wash|item\n|poke|p2|Aggron, M|item\n|poke|p2|Latios, M|item\n|poke|p2|Mamoswine, M|item\n|teampreview\n|inactive|Battle timer is ON: inactive players will automatically lose when time's up. (requested by OGamer289)\n|\n|start\n|switch|p1a: Pelipper|Pelipper, F|100\/100\n|switch|p2a: Aggron|Aggron, M|100\/100\n|-weather|RainDance|[from] ability: Drizzle|[of] p1a: Pelipper\n|turn|1\n|\n|detailschange|p2a: Aggron|Aggron-Mega, M\n|-mega|p2a: Aggron|Aggron|Aggronite\n|move|p1a: Pelipper|Scald|p2a: Aggron\n|-damage|p2a: Aggron|67\/100\n|move|p2a: Aggron|Stealth Rock|p1a: Pelipper\n|-sidestart|p1: pmbrokenman|move: Stealth Rock\n|\n|-weather|RainDance|[upkeep]\n|upkeep\n|turn|2\n|\n|switch|p2a: Rotom|Rotom-Wash|100\/100\n|move|p1a: Pelipper|Scald|p2a: Rotom\n|-resisted|p2a: Rotom\n|-damage|p2a: Rotom|79\/100\n|\n|-weather|RainDance|[upkeep]\n|-heal|p2a: Rotom|85\/100|[from] item: Leftovers\n|upkeep\n|turn|3\n|\n|switch|p1a: Ferrothorn|Ferrothorn, F|100\/100\n|-damage|p1a: Ferrothorn|95\/100|[from] Stealth Rock\n|move|p2a: Rotom|Will-O-Wisp|p1a: Ferrothorn\n|-status|p1a: Ferrothorn|brn\n|\n|-weather|RainDance|[upkeep]\n|-heal|p2a: Rotom|91\/100|[from] item: Leftovers\n|-damage|p1a: Ferrothorn|89\/100 brn|[from] brn\n|upkeep\n|turn|4\n|\n|move|p2a: Rotom|Volt Switch|p1a: Ferrothorn\n|-resisted|p1a: Ferrothorn\n|-damage|p1a: Ferrothorn|79\/100 brn\n|\n|switch|p2a: Conkeldurr|Conkeldurr, F|100\/100|[from]move: Volt Switch\n|move|p1a: Ferrothorn|Stealth Rock|p2a: Conkeldurr\n|-sidestart|p2: OGamer289|move: Stealth Rock\n|\n|-weather|RainDance|[upkeep]\n|-damage|p1a: Ferrothorn|73\/100 brn|[from] brn\n|upkeep\n|turn|5\n|\n|switch|p1a: Tornadus|Tornadus-Therian, M|100\/100\n|-damage|p1a: Tornadus|75\/100|[from] Stealth Rock\n|move|p2a: Conkeldurr|Knock Off|p1a: Tornadus\n|-damage|p1a: Tornadus|33\/100\n|-damage|p2a: Conkeldurr|84\/100|[from] item: Rocky Helmet|[of] p1a: Tornadus\n|-enditem|p1a: Tornadus|Rocky Helmet|[from] move: Knock Off|[of] p2a: Conkeldurr\n|\n|-weather|RainDance|[upkeep]\n|upkeep\n|turn|6\n|\n|switch|p2a: Aggron|Aggron-Mega, M|67\/100\n|-damage|p2a: Aggron|61\/100|[from] Stealth Rock\n|move|p1a: Tornadus|Knock Off|p2a: Aggron\n|-crit|p2a: Aggron\n|-damage|p2a: Aggron|51\/100\n|\n|-weather|RainDance|[upkeep]\n|upkeep\n|turn|7\n|\n|move|p1a: Tornadus|U-turn|p2a: Aggron\n|-resisted|p2a: Aggron\n|-damage|p2a: Aggron|48\/100\n|\n|switch|p1a: Ferrothorn|Ferrothorn, F|73\/100 brn|[from]move: U-turn\n|-damage|p1a: Ferrothorn|67\/100 brn|[from] Stealth Rock\n|move|p2a: Aggron|Heavy Slam|p1a: Ferrothorn\n|-resisted|p1a: Ferrothorn\n|-damage|p1a: Ferrothorn|53\/100 brn\n|-damage|p2a: Aggron|35\/100|[from] ability: Iron Barbs|[of] p1a: Ferrothorn\n|\n|-weather|RainDance|[upkeep]\n|-damage|p1a: Ferrothorn|47\/100 brn|[from] brn\n|upkeep\n|turn|8\n|\n|move|p2a: Aggron|Fire Blast|p1a: Ferrothorn\n|-supereffective|p1a: Ferrothorn\n|-damage|p1a: Ferrothorn|23\/100 brn\n|-enditem|p1a: Ferrothorn|Figy Berry|[eat]\n|-heal|p1a: Ferrothorn|73\/100 brn|[from] item: Figy Berry\n|move|p1a: Ferrothorn|Spikes|p2a: Aggron\n|-sidestart|p2: OGamer289|Spikes\n|\n|-weather|none\n|-damage|p1a: Ferrothorn|67\/100 brn|[from] brn\n|upkeep\n|turn|9\n|\n|switch|p1a: Pelipper|Pelipper, F|100\/100\n|-damage|p1a: Pelipper|76\/100|[from] Stealth Rock\n|-weather|RainDance|[from] ability: Drizzle|[of] p1a: Pelipper\n|move|p2a: Aggron|Fire Blast|p1a: Pelipper\n|-resisted|p1a: Pelipper\n|-damage|p1a: Pelipper|71\/100\n|\n|-weather|RainDance|[upkeep]\n|upkeep\n|turn|10\n|\n|switch|p2a: Rotom|Rotom-Wash|91\/100\n|-damage|p2a: Rotom|79\/100|[from] Stealth Rock\n|move|p1a: Pelipper|Scald|p2a: Rotom\n|-resisted|p2a: Rotom\n|-damage|p2a: Rotom|57\/100\n|\n|-weather|RainDance|[upkeep]\n|-heal|p2a: Rotom|64\/100|[from] item: Leftovers\n|upkeep\n|turn|11\n|\n|move|p2a: Rotom|Defog|p1a: Pelipper\n|-unboost|p1a: Pelipper|evasion|1\n|-sideend|p1: pmbrokenman|Stealth Rock|[from] move: Defog|[of] p2a: Rotom\n|-sideend|p2: OGamer289|Spikes|[from] move: Defog|[of] p2a: Rotom\n|-sideend|p2: OGamer289|Stealth Rock|[from] move: Defog|[of] p2a: Rotom\n|move|p1a: Pelipper|Scald|p2a: Rotom\n|-resisted|p2a: Rotom\n|-damage|p2a: Rotom|43\/100\n|\n|-weather|RainDance|[upkeep]\n|-heal|p2a: Rotom|49\/100|[from] item: Leftovers\n|upkeep\n|turn|12\n|\n|switch|p1a: Ferrothorn|Ferrothorn, F|67\/100 brn\n|move|p2a: Rotom|Volt Switch|p1a: Ferrothorn\n|-resisted|p1a: Ferrothorn\n|-damage|p1a: Ferrothorn|58\/100 brn\n|\n|switch|p2a: Conkeldurr|Conkeldurr, F|84\/100|[from]move: Volt Switch\n|\n|-weather|RainDance|[upkeep]\n|-damage|p1a: Ferrothorn|52\/100 brn|[from] brn\n|upkeep\n|turn|13\n|\n|switch|p1a: Tornadus|Tornadus-Therian, M|67\/100\n|move|p2a: Conkeldurr|Drain Punch|p1a: Tornadus\n|-resisted|p1a: Tornadus\n|-damage|p1a: Tornadus|37\/100\n|-heal|p2a: Conkeldurr|97\/100|[from] drain|[of] p1a: Tornadus\n|\n|-weather|RainDance|[upkeep]\n|upkeep\n|turn|14\n|\n|switch|p2a: Aggron|Aggron-Mega, M|35\/100\n|move|p1a: Tornadus|Hurricane|p2a: Aggron\n|-resisted|p2a: Aggron\n|-damage|p2a: Aggron|19\/100\n|\n|-weather|RainDance|[upkeep]\n|upkeep\n|turn|15\n|\n|move|p1a: Tornadus|U-turn|p2a: Aggron\n|-resisted|p2a: Aggron\n|-damage|p2a: Aggron|15\/100\n|\n|switch|p1a: Ferrothorn|Ferrothorn, F|52\/100 brn|[from]move: U-turn\n|move|p2a: Aggron|Stealth Rock|p1a: Ferrothorn\n|-sidestart|p1: pmbrokenman|move: Stealth Rock\n|\n|-weather|RainDance|[upkeep]\n|-damage|p1a: Ferrothorn|46\/100 brn|[from] brn\n|upkeep\n|turn|16\n|\n|switch|p2a: Conkeldurr|Conkeldurr, F|97\/100\n|move|p1a: Ferrothorn|Stealth Rock|p2a: Conkeldurr\n|-sidestart|p2: OGamer289|move: Stealth Rock\n|\n|-weather|none\n|-damage|p1a: Ferrothorn|40\/100 brn|[from] brn\n|upkeep\n|turn|17\n|\n|switch|p1a: Pelipper|Pelipper, F|71\/100\n|-damage|p1a: Pelipper|46\/100|[from] Stealth Rock\n|-weather|RainDance|[from] ability: Drizzle|[of] p1a: Pelipper\n|move|p2a: Conkeldurr|Drain Punch|p1a: Pelipper\n|-resisted|p1a: Pelipper\n|-damage|p1a: Pelipper|22\/100\n|-heal|p2a: Conkeldurr|100\/100|[from] drain|[of] p1a: Pelipper\n|\n|-weather|RainDance|[upkeep]\n|upkeep\n|turn|18\n|\n|move|p1a: Pelipper|Roost|p1a: Pelipper\n|-heal|p1a: Pelipper|72\/100\n|-singleturn|p1a: Pelipper|move: Roost\n|move|p2a: Conkeldurr|Drain Punch|p1a: Pelipper\n|-damage|p1a: Pelipper|20\/100\n|\n|-weather|RainDance|[upkeep]\n|upkeep\n|turn|19\n|\n|move|p1a: Pelipper|Hurricane|p2a: Conkeldurr\n|-supereffective|p2a: Conkeldurr\n|-damage|p2a: Conkeldurr|42\/100\n|move|p2a: Conkeldurr|Drain Punch|p1a: Pelipper\n|-resisted|p1a: Pelipper\n|-damage|p1a: Pelipper|0 fnt\n|-heal|p2a: Conkeldurr|50\/100|[from] drain|[of] p1a: Pelipper\n|faint|p1a: Pelipper\n|\n|-weather|RainDance|[upkeep]\n|upkeep\n|\n|switch|p1a: Tornadus|Tornadus-Therian, M|70\/100\n|-damage|p1a: Tornadus|45\/100|[from] Stealth Rock\n|turn|20\n|\n|switch|p2a: Aggron|Aggron-Mega, M|15\/100\n|-damage|p2a: Aggron|9\/100|[from] Stealth Rock\n|move|p1a: Tornadus|Hurricane|p2a: Aggron\n|-resisted|p2a: Aggron\n|-damage|p2a: Aggron|0 fnt\n|faint|p2a: Aggron\n|\n|-weather|RainDance|[upkeep]\n|upkeep\n|\n|switch|p2a: Mamoswine|Mamoswine, M|100\/100\n|-damage|p2a: Mamoswine|88\/100|[from] Stealth Rock\n|turn|21\n|\n|switch|p1a: Ferrothorn|Ferrothorn, F|40\/100 brn\n|-damage|p1a: Ferrothorn|34\/100 brn|[from] Stealth Rock\n|move|p2a: Mamoswine|Ice Shard|p1a: Ferrothorn\n|-damage|p1a: Ferrothorn|16\/100 brn\n|\n|-weather|RainDance|[upkeep]\n|-damage|p1a: Ferrothorn|10\/100 brn|[from] brn\n|upkeep\n|turn|22\n|\n|move|p2a: Mamoswine|Ice Shard|p1a: Ferrothorn\n|-damage|p1a: Ferrothorn|0 fnt\n|faint|p1a: Ferrothorn\n|\n|-weather|RainDance|[upkeep]\n|upkeep\n|\n|switch|p1a: Manaphy|Manaphy|100\/100\n|-damage|p1a: Manaphy|88\/100|[from] Stealth Rock\n|turn|23\n|\n|-zpower|p1a: Manaphy\n|move|p1a: Manaphy|Hydro Vortex|p2a: Mamoswine|[zeffect]\n|-supereffective|p2a: Mamoswine\n|-damage|p2a: Mamoswine|0 fnt\n|faint|p2a: Mamoswine\n|\n|-weather|RainDance|[upkeep]\n|upkeep\n|\n|switch|p2a: Juliensblog|Latios, M|100\/100\n|-damage|p2a: Juliensblog|88\/100|[from] Stealth Rock\n|turn|24\n|\n|move|p2a: Juliensblog|Draco Meteor|p1a: Manaphy\n|-damage|p1a: Manaphy|2\/100\n|-unboost|p2a: Juliensblog|spa|2\n|move|p1a: Manaphy|Ice Beam|p2a: Juliensblog\n|-supereffective|p2a: Juliensblog\n|-damage|p2a: Juliensblog|30\/100\n|\n|-weather|none\n|upkeep\n|turn|25\n|\n|move|p2a: Juliensblog|Draco Meteor|p1a: Manaphy\n|-damage|p1a: Manaphy|0 fnt\n|-unboost|p2a: Juliensblog|spa|2\n|faint|p1a: Manaphy\n|\n|upkeep\n|\n|switch|p1a: Greninja|Greninja, M|100\/100\n|-damage|p1a: Greninja|88\/100|[from] Stealth Rock\n|turn|26\n|\n|move|p1a: Greninja|Dark Pulse|p2a: Juliensblog\n|-supereffective|p2a: Juliensblog\n|-damage|p2a: Juliensblog|0 fnt\n|faint|p2a: Juliensblog\n|-activate|p1a: Greninja|ability: Battle Bond\n|detailschange|p1a: Greninja|Greninja-Ash, M\n|\n|upkeep\n|\n|switch|p2a: Conkeldurr|Conkeldurr, F|50\/100\n|-damage|p2a: Conkeldurr|43\/100|[from] Stealth Rock\n|turn|27\n|\n|switch|p1a: Tornadus|Tornadus-Therian, M|79\/100\n|-damage|p1a: Tornadus|54\/100|[from] Stealth Rock\n|move|p2a: Conkeldurr|Mach Punch|p1a: Tornadus\n|-resisted|p1a: Tornadus\n|-damage|p1a: Tornadus|39\/100\n|\n|upkeep\n|turn|28\n|\n|move|p1a: Tornadus|Knock Off|p2a: Conkeldurr\n|-resisted|p2a: Conkeldurr\n|-crit|p2a: Conkeldurr\n|-damage|p2a: Conkeldurr|30\/100\n|-enditem|p2a: Conkeldurr|Assault Vest|[from] move: Knock Off|[of] p1a: Tornadus\n|move|p2a: Conkeldurr|Drain Punch|p1a: Tornadus\n|-resisted|p1a: Tornadus\n|-damage|p1a: Tornadus|9\/100\n|-heal|p2a: Conkeldurr|43\/100|[from] drain|[of] p1a: Tornadus\n|\n|upkeep\n|turn|29\n|\n|move|p2a: Conkeldurr|Mach Punch|p1a: Tornadus\n|-resisted|p1a: Tornadus\n|-damage|p1a: Tornadus|0 fnt\n|faint|p1a: Tornadus\n|\n|upkeep\n|\n|switch|p1a: Greninja|Greninja-Ash, M|88\/100\n|-damage|p1a: Greninja|76\/100|[from] Stealth Rock\n|turn|30\n|\n|move|p1a: Greninja|Water Shuriken|p2a: Conkeldurr\n|-damage|p2a: Conkeldurr|23\/100\n|-damage|p2a: Conkeldurr|4\/100\n|-damage|p2a: Conkeldurr|0 fnt\n|-hitcount|p2a: Conkeldurr|3\n|faint|p2a: Conkeldurr\n|\n|upkeep\n|\n|switch|p2a: Rotom|Rotom-Wash|49\/100\n|-damage|p2a: Rotom|37\/100|[from] Stealth Rock\n|turn|31\n|\n|switch|p1a: Swampert|Swampert, F|100\/100\n|-damage|p1a: Swampert|94\/100|[from] Stealth Rock\n|move|p2a: Rotom|Hydro Pump|p1a: Swampert\n|-crit|p1a: Swampert\n|-damage|p1a: Swampert|33\/100\n|\n|-heal|p2a: Rotom|43\/100|[from] item: Leftovers\n|upkeep\n|turn|32\n|\n|detailschange|p1a: Swampert|Swampert-Mega, F\n|-mega|p1a: Swampert|Swampert|Swampertite\n|move|p1a: Swampert|Superpower|p2a: Rotom\n|-damage|p2a: Rotom|6\/100\n|-unboost|p1a: Swampert|atk|1\n|-unboost|p1a: Swampert|def|1\n|move|p2a: Rotom|Hydro Pump|p1a: Swampert\n|-crit|p1a: Swampert\n|-damage|p1a: Swampert|0 fnt\n|faint|p1a: Swampert\n|\n|-heal|p2a: Rotom|12\/100|[from] item: Leftovers\n|upkeep\n|\n|switch|p1a: Greninja|Greninja-Ash, M|76\/100\n|-damage|p1a: Greninja|64\/100|[from] Stealth Rock\n|turn|33\n|\n|move|p1a: Greninja|Water Shuriken|p2a: Rotom\n|-resisted|p2a: Rotom\n|-damage|p2a: Rotom|3\/100\n|-resisted|p2a: Rotom\n|-damage|p2a: Rotom|0 fnt\n|-hitcount|p2a: Rotom|2\n|faint|p2a: Rotom\n|\n|upkeep\n|\n|switch|p2a: Victini|Victini|100\/100\n|-damage|p2a: Victini|76\/100|[from] Stealth Rock\n|turn|34\n|\n|move|p1a: Greninja|Water Shuriken|p2a: Victini\n|-supereffective|p2a: Victini\n|-damage|p2a: Victini|37\/100\n|-supereffective|p2a: Victini\n|-damage|p2a: Victini|3\/100\n|-supereffective|p2a: Victini\n|-damage|p2a: Victini|0 fnt\n|-hitcount|p2a: Victini|3\n|faint|p2a: Victini\n|\n|win|pmbrokenman\n","uploadtime":1568397627,"views":5,"p1id":"pmbrokenman","p2id":"ogamer289","formatid":"gen7ou","rating":0,"private":0,"password":null}