{"id":"gen7customgame-789269875","p1":"OGamer289","p2":"drachenkeule","format":"gen7customgame","log":"|j|\u2606OGamer289\n|j|\u2606drachenkeule\n|player|p1|OGamer289|153\n|player|p2|drachenkeule|102\n|teamsize|p1|6\n|teamsize|p2|6\n|gametype|singles\n|gen|7\n|tier|[Gen 7] Custom Game\n|seed|54036,42559,16448,62863\n|clearpoke\n|poke|p1|Zapdos|item\n|poke|p1|Crawdaunt, M|item\n|poke|p1|Seismitoad, F|item\n|poke|p1|Shuckle, F|item\n|poke|p1|Gengar, M|item\n|poke|p1|Starmie|item\n|poke|p2|Mamoswine, M|item\n|poke|p2|Marowak-Alola, M|item\n|poke|p2|Ludicolo, F|item\n|poke|p2|Salamence, M|item\n|poke|p2|Galvantula, F|item\n|poke|p2|Mienshao, M|item\n|teampreview|24\n|debug|ModifySpe handler suppressed by Embargo, Klutz or Magic Room\n|debug|ModifySpe handler suppressed by Embargo, Klutz or Magic Room\n|\n|start\n|switch|p1a: Kr\u00f6te|Shuckle, F|244\/244\n|switch|p2a: Mamoswine|Mamoswine, M|361\/361\n|turn|1\n|\n|switch|p2a: Salamence|Salamence, M|393\/393\n|-ability|p2a: Salamence|Intimidate|boost\n|-unboost|p1a: Kr\u00f6te|atk|1\n|move|p1a: Kr\u00f6te|Stealth Rock|p2a: Salamence\n|-sidestart|p2: drachenkeule|move: Stealth Rock\n|\n|upkeep\n|turn|2\n|\n|move|p2a: Salamence|Toxic|p1a: Kr\u00f6te\n|-status|p1a: Kr\u00f6te|tox\n|move|p1a: Kr\u00f6te|Toxic|p2a: Salamence\n|-status|p2a: Salamence|tox\n|\n|-damage|p2a: Salamence|369\/393 tox|[from] psn\n|-damage|p1a: Kr\u00f6te|229\/244 tox|[from] psn\n|upkeep\n|turn|3\n|j| Fabio Le Sheep\n|l| Fabio Le Sheep\n|\n|switch|p1a: Dose|Zapdos, shiny|383\/383\n|move|p2a: Salamence|Defog|p1a: Dose\n|-unboost|p1a: Dose|evasion|1\n|-sideend|p2: drachenkeule|Stealth Rock|[from] move: Defog|[of] p2a: Salamence\n|\n|-damage|p2a: Salamence|321\/393 tox|[from] psn\n|upkeep\n|turn|4\n|\n|switch|p2a: Marowak|Marowak-Alola, M|282\/282\n|move|p1a: Dose|Discharge|p2a: Marowak\n|-ability|p2a: Marowak|Lightning Rod|boost\n|-boost|p2a: Marowak|spa|1\n|\n|upkeep\n|turn|5\n|\n|move|p1a: Dose|Hidden Power|p2a: Marowak\n|-supereffective|p2a: Marowak\n|-damage|p2a: Marowak|136\/282\n|move|p2a: Marowak|Shadow Bone|p1a: Dose\n|-damage|p1a: Dose|172\/383\n|-unboost|p1a: Dose|def|1\n|\n|-heal|p1a: Dose|195\/383|[from] item: Leftovers\n|upkeep\n|turn|6\n|\n|switch|p2a: Mamoswine|Mamoswine, M|361\/361\n|move|p1a: Dose|Roost|p1a: Dose\n|-heal|p1a: Dose|383\/383\n|\n|upkeep\n|turn|7\n|\n|switch|p1a: Kr\u00f6te|Shuckle, F|229\/244 tox\n|move|p2a: Mamoswine|Icicle Crash|p1a: Kr\u00f6te\n|-damage|p1a: Kr\u00f6te|159\/244 tox\n|\n|-damage|p1a: Kr\u00f6te|144\/244 tox|[from] psn\n|upkeep\n|turn|8\n|\n|move|p2a: Mamoswine|Icicle Crash|p1a: Kr\u00f6te\n|-damage|p1a: Kr\u00f6te|69\/244 tox\n|move|p1a: Kr\u00f6te|Stealth Rock|p2a: Mamoswine\n|-sidestart|p2: drachenkeule|move: Stealth Rock\n|\n|-damage|p1a: Kr\u00f6te|39\/244 tox|[from] psn\n|upkeep\n|-enditem|p1a: Kr\u00f6te|Figy Berry|[eat]\n|-heal|p1a: Kr\u00f6te|161\/244 tox|[from] item: Figy Berry\n|turn|9\n|\n|switch|p2a: Salamence|Salamence, M|321\/393 tox\n|-damage|p2a: Salamence|223\/393 tox|[from] Stealth Rock\n|-ability|p2a: Salamence|Intimidate|boost\n|-unboost|p1a: Kr\u00f6te|atk|1\n|move|p1a: Kr\u00f6te|Gyro Ball|p2a: Salamence\n|debug|150 bp\n|-damage|p2a: Salamence|201\/393 tox\n|\n|-damage|p2a: Salamence|177\/393 tox|[from] psn\n|-damage|p1a: Kr\u00f6te|116\/244 tox|[from] psn\n|upkeep\n|turn|10\n|\n|move|p2a: Salamence|Defog|p1a: Kr\u00f6te\n|-unboost|p1a: Kr\u00f6te|evasion|1\n|-sideend|p2: drachenkeule|Stealth Rock|[from] move: Defog|[of] p2a: Salamence\n|move|p1a: Kr\u00f6te|Stealth Rock|p2a: Salamence\n|-sidestart|p2: drachenkeule|move: Stealth Rock\n|\n|-damage|p2a: Salamence|129\/393 tox|[from] psn\n|-damage|p1a: Kr\u00f6te|56\/244 tox|[from] psn\n|upkeep\n|turn|11\n|\n|move|p2a: Salamence|Roost|p2a: Salamence\n|-heal|p2a: Salamence|326\/393 tox\n|move|p1a: Kr\u00f6te|Stealth Rock|p2a: Salamence\n|-fail|p1a: Kr\u00f6te\n|debug|move failed because it did nothing\n|\n|-damage|p2a: Salamence|254\/393 tox|[from] psn\n|-damage|p1a: Kr\u00f6te|0 tox|[from] psn\n|upkeep\n|faint|p1a: Kr\u00f6te\n|\n|switch|p1a: Star|Starmie|291\/291\n|turn|12\n|\n|switch|p2a: Ludicolo|Ludicolo, F|364\/364\n|-damage|p2a: Ludicolo|319\/364|[from] Stealth Rock\n|move|p1a: Star|Ice Beam|p2a: Ludicolo\n|-damage|p2a: Ludicolo|240\/364\n|-damage|p1a: Star|262\/291|[from] item: Life Orb\n|\n|upkeep\n|turn|13\n|\n|switch|p1a: Dose|Zapdos, shiny|383\/383\n|switch|p2a: Salamence|Salamence, M|254\/393 tox\n|-damage|p2a: Salamence|156\/393 tox|[from] Stealth Rock\n|-ability|p2a: Salamence|Intimidate|boost\n|-unboost|p1a: Dose|atk|1\n|\n|-damage|p2a: Salamence|132\/393 tox|[from] psn\n|upkeep\n|turn|14\n|\n|move|p1a: Dose|Discharge|p2a: Salamence\n|-damage|p2a: Salamence|0 tox\n|debug|move failed because it did nothing\n|faint|p2a: Salamence\n|\n|upkeep\n|\n|switch|p2a: Galvantula|Galvantula, F|281\/281\n|-damage|p2a: Galvantula|211\/281|[from] Stealth Rock\n|turn|15\n|\n|move|p2a: Galvantula|Sticky Web|p1a: Dose\n|-sidestart|p1: OGamer289|move: Sticky Web\n|move|p1a: Dose|Heat Wave|p2a: Galvantula\n|-supereffective|p2a: Galvantula\n|-damage|p2a: Galvantula|0\n|faint|p2a: Galvantula\n|\n|upkeep\n|\n|switch|p2a: Mamoswine|Mamoswine, M|361\/361\n|-damage|p2a: Mamoswine|316\/361|[from] Stealth Rock\n|turn|16\n|\n|move|p2a: Mamoswine|Icicle Crash|p1a: Dose\n|-supereffective|p1a: Dose\n|-damage|p1a: Dose|123\/383\n|move|p1a: Dose|Heat Wave|p2a: Mamoswine\n|debug|Thick Fat weaken\n|-supereffective|p2a: Mamoswine\n|-damage|p2a: Mamoswine|180\/361\n|\n|-heal|p1a: Dose|146\/383|[from] item: Leftovers\n|upkeep\n|turn|17\n|\n|move|p2a: Mamoswine|Icicle Crash|p1a: Dose\n|-supereffective|p1a: Dose\n|-damage|p1a: Dose|0\n|faint|p1a: Dose\n|\n|upkeep\n|\n|switch|p1a: Bazi|Crawdaunt, M|322\/322\n|-activate|p1a: Bazi|move: Sticky Web\n|-unboost|p1a: Bazi|spe|1\n|turn|18\n|\n|move|p2a: Mamoswine|Earthquake|p1a: Bazi\n|-damage|p1a: Bazi|118\/322\n|move|p1a: Bazi|Knock Off|p2a: Mamoswine\n|-damage|p2a: Mamoswine|0\n|-enditem|p2a: Mamoswine|Passho Berry|[from] move: Knock Off|[of] p1a: Bazi\n|faint|p2a: Mamoswine\n|\n|upkeep\n|\n|switch|p2a: Mienshao|Mienshao, M|272\/272\n|-damage|p2a: Mienshao|255\/272|[from] Stealth Rock\n|turn|19\n|\n|switch|p1a: Star|Starmie|262\/291\n|-activate|p1a: Star|move: Sticky Web\n|-unboost|p1a: Star|spe|1\n|move|p2a: Mienshao|U-turn|p1a: Star\n|-supereffective|p1a: Star\n|-damage|p1a: Star|92\/291\n|\n|switch|p2a: Ludicolo|Ludicolo, F|240\/364|[from]move: U-turn\n|-damage|p2a: Ludicolo|195\/364|[from] Stealth Rock\n|\n|upkeep\n|turn|20\n|\n|move|p1a: Star|Rapid Spin|p2a: Ludicolo\n|-damage|p2a: Ludicolo|181\/364\n|-sideend|p1: OGamer289|Sticky Web|[from] move: Rapid Spin|[of] p1a: Star\n|-damage|p1a: Star|63\/291|[from] item: Life Orb\n|move|p2a: Ludicolo|Giga Drain|p1a: Star\n|-supereffective|p1a: Star\n|-damage|p1a: Star|0\n|-heal|p2a: Ludicolo|213\/364|[from] drain|[of] p1a: Star\n|faint|p1a: Star\n|\n|upkeep\n|\n|switch|p1a: Boohoo|Gengar, M, shiny|281\/281\n|turn|21\n|\n|switch|p2a: Marowak|Marowak-Alola, M|136\/282\n|-damage|p2a: Marowak|66\/282|[from] Stealth Rock\n|move|p1a: Boohoo|Shadow Ball|p2a: Marowak\n|-supereffective|p2a: Marowak\n|-damage|p2a: Marowak|0\n|debug|move failed because it did nothing\n|faint|p2a: Marowak\n|\n|upkeep\n|\n|switch|p2a: Mienshao|Mienshao, M|272\/272\n|-damage|p2a: Mienshao|255\/272|[from] Stealth Rock\n|turn|22\n|\n|switch|p1a: Dicke Kr\u00f6te|Seismitoad, F|414\/414\n|move|p2a: Mienshao|U-turn|p1a: Dicke Kr\u00f6te\n|-damage|p1a: Dicke Kr\u00f6te|341\/414\n|\n|switch|p2a: Ludicolo|Ludicolo, F|213\/364|[from]move: U-turn\n|-damage|p2a: Ludicolo|168\/364|[from] Stealth Rock\n|\n|-heal|p1a: Dicke Kr\u00f6te|366\/414|[from] item: Leftovers\n|upkeep\n|turn|23\n|\n|switch|p1a: Boohoo|Gengar, M, shiny|281\/281\n|move|p2a: Ludicolo|Hydro Pump|p1a: Boohoo\n|-damage|p1a: Boohoo|88\/281\n|\n|upkeep\n|turn|24\n|j| Thoams130\n|c| Thoams130|Skarabron stinkt :3\n|c| Thoams130|*skaraborn\n|\n|move|p1a: Boohoo|Shadow Ball|p2a: Ludicolo\n|-damage|p2a: Ludicolo|66\/364\n|-unboost|p2a: Ludicolo|spd|1\n|move|p2a: Ludicolo|Scald|p1a: Boohoo\n|-damage|p1a: Boohoo|0\n|faint|p1a: Boohoo\n|\n|debug|ModifySpe handler suppressed by Embargo, Klutz or Magic Room\n|upkeep\n|debug|ModifySpe handler suppressed by Embargo, Klutz or Magic Room\n|debug|ModifySpe handler suppressed by Embargo, Klutz or Magic Room\n|\n|switch|p1a: Bazi|Crawdaunt, M|118\/322\n|turn|25\n|c|\u2606drachenkeule|Du auch :3\n|c| Thoams130|EYYY\n|\n|move|p1a: Bazi|Aqua Jet|p2a: Ludicolo\n|-resisted|p2a: Ludicolo\n|-damage|p2a: Ludicolo|21\/364\n|move|p2a: Ludicolo|Giga Drain|p1a: Bazi\n|-supereffective|p1a: Bazi\n|-damage|p1a: Bazi|0\n|-heal|p2a: Ludicolo|80\/364|[from] drain|[of] p1a: Bazi\n|faint|p1a: Bazi\n|\n|upkeep\n|\n|switch|p1a: Dicke Kr\u00f6te|Seismitoad, F|366\/414\n|turn|26\n|\n|move|p2a: Ludicolo|Giga Drain|p1a: Dicke Kr\u00f6te\n|-supereffective|p1a: Dicke Kr\u00f6te\n|-damage|p1a: Dicke Kr\u00f6te|0\n|-heal|p2a: Ludicolo|263\/364|[from] drain|[of] p1a: Dicke Kr\u00f6te\n|faint|p1a: Dicke Kr\u00f6te\n|\n|win|drachenkeule\n","uploadtime":1534014483,"views":21,"p1id":"ogamer289","p2id":"drachenkeule","formatid":"gen7customgame","rating":0,"private":0,"password":null}