{"id":"gen7ou-816144529","p1":"Mikirae69","p2":"Toxabelle","format":"gen7ou","log":"|j|\u2606Mikirae69\n|j|\u2606Toxabelle\n|player|p1|Mikirae69|265\n|player|p2|Toxabelle|1\n|teamsize|p1|6\n|teamsize|p2|6\n|gametype|singles\n|gen|7\n|tier|[Gen 7] OU\n|rated|\n|rule|Sleep Clause Mod: Limit one foe put to sleep\n|rule|Species Clause: Limit one of each Pok\u00e9mon\n|rule|OHKO Clause: OHKO moves are banned\n|rule|Moody Clause: Moody is banned\n|rule|Evasion Moves Clause: Evasion moves are banned\n|rule|Endless Battle Clause: Forcing endless battles is banned\n|rule|HP Percentage Mod: HP is shown in percentages\n|clearpoke\n|poke|p1|Staraptor, F|item\n|poke|p1|Thundurus, M|item\n|poke|p1|Venusaur, M|item\n|poke|p1|Weavile, M|item\n|poke|p1|Porygon-Z|item\n|poke|p1|Buzzwole|item\n|poke|p2|Chansey, F|item\n|poke|p2|Tapu Bulu|item\n|poke|p2|Mawile, F|item\n|poke|p2|Zapdos|item\n|poke|p2|Gliscor, M|item\n|poke|p2|Kartana|item\n|teampreview\n|inactive|Battle timer is ON: inactive players will automatically lose when time's up. (requested by Toxabelle)\n|\n|start\n|switch|p1a: Weavile|Weavile, M|100\/100\n|switch|p2a: Chansey|Chansey, F|100\/100\n|-ability|p1a: Weavile|Pressure\n|turn|1\n|\n|switch|p2a: Mawile|Mawile, F|100\/100\n|-ability|p2a: Mawile|Intimidate|boost\n|-unboost|p1a: Weavile|atk|1\n|move|p1a: Weavile|Knock Off|p2a: Mawile\n|-resisted|p2a: Mawile\n|-damage|p2a: Mawile|85\/100\n|\n|upkeep\n|turn|2\n|\n|switch|p1a: Buzzwole|Buzzwole|100\/100\n|detailschange|p2a: Mawile|Mawile-Mega, F\n|-mega|p2a: Mawile|Mawile|Mawilite\n|move|p2a: Mawile|Play Rough|p1a: Buzzwole\n|-supereffective|p1a: Buzzwole\n|-damage|p1a: Buzzwole|14\/100\n|\n|-heal|p1a: Buzzwole|20\/100|[from] item: Leftovers\n|upkeep\n|turn|3\n|\n|move|p1a: Buzzwole|Earthquake|p2a: Mawile\n|-supereffective|p2a: Mawile\n|-damage|p2a: Mawile|17\/100\n|move|p2a: Mawile|Play Rough|p1a: Buzzwole\n|-supereffective|p1a: Buzzwole\n|-damage|p1a: Buzzwole|0 fnt\n|faint|p1a: Buzzwole\n|\n|upkeep\n|\n|switch|p1a: Thundurus|Thundurus, M|100\/100\n|turn|4\n|\n|move|p2a: Mawile|Sucker Punch|p1a: Thundurus\n|-damage|p1a: Thundurus|35\/100\n|move|p1a: Thundurus|Discharge|p2a: Mawile\n|-damage|p2a: Mawile|0 fnt\n|faint|p2a: Mawile\n|\n|-heal|p1a: Thundurus|41\/100|[from] item: Leftovers\n|upkeep\n|\n|switch|p2a: Kartana|Kartana|100\/100\n|turn|5\n|\n|move|p2a: Kartana|Knock Off|p1a: Thundurus\n|-damage|p1a: Thundurus|0 fnt\n|-enditem|p1a: Thundurus|Leftovers|[from] move: Knock Off|[of] p2a: Kartana\n|faint|p1a: Thundurus\n|-ability|p2a: Kartana|Beast Boost|boost\n|-boost|p2a: Kartana|atk|1\n|\n|upkeep\n|\n|switch|p1a: Weavile|Weavile, M|100\/100\n|-ability|p1a: Weavile|Pressure\n|turn|6\n|\n|switch|p2a: Tapu Bulu|Tapu Bulu|100\/100\n|-fieldstart|move: Grassy Terrain|[from] ability: Grassy Surge|[of] p2a: Tapu Bulu\n|move|p1a: Weavile|Knock Off|p2a: Tapu Bulu\n|-resisted|p2a: Tapu Bulu\n|-damage|p2a: Tapu Bulu|77\/100\n|-enditem|p2a: Tapu Bulu|Leftovers|[from] move: Knock Off|[of] p1a: Weavile\n|\n|-heal|p2a: Tapu Bulu|84\/100|[from] Grassy Terrain\n|upkeep\n|turn|7\n|\n|switch|p1a: Staraptor|Staraptor, F|100\/100\n|move|p2a: Tapu Bulu|Superpower|p1a: Staraptor\n|-damage|p1a: Staraptor|49\/100\n|-unboost|p2a: Tapu Bulu|atk|1\n|-unboost|p2a: Tapu Bulu|def|1\n|\n|-heal|p2a: Tapu Bulu|90\/100|[from] Grassy Terrain\n|upkeep\n|turn|8\n|\n|move|p1a: Staraptor|Brave Bird|p2a: Tapu Bulu\n|-supereffective|p2a: Tapu Bulu\n|-damage|p2a: Tapu Bulu|0 fnt\n|-damage|p1a: Staraptor|18\/100|[from] Recoil\n|faint|p2a: Tapu Bulu\n|\n|upkeep\n|\n|switch|p2a: Kartana|Kartana|100\/100\n|turn|9\n|\n|move|p2a: Kartana|Smart Strike|p1a: Staraptor\n|-crit|p1a: Staraptor\n|-damage|p1a: Staraptor|0 fnt\n|faint|p1a: Staraptor\n|-ability|p2a: Kartana|Beast Boost|boost\n|-boost|p2a: Kartana|atk|1\n|\n|upkeep\n|\n|switch|p1a: Weavile|Weavile, M|100\/100\n|-ability|p1a: Weavile|Pressure\n|turn|10\n|\n|move|p2a: Kartana|Smart Strike|p1a: Weavile\n|-supereffective|p1a: Weavile\n|-enditem|p1a: Weavile|Focus Sash\n|-damage|p1a: Weavile|1\/100\n|move|p1a: Weavile|Knock Off|p2a: Kartana\n|-damage|p2a: Kartana|50\/100\n|-enditem|p2a: Kartana|Choice Scarf|[from] move: Knock Off|[of] p1a: Weavile\n|\n|-heal|p1a: Weavile|7\/100|[from] Grassy Terrain\n|-heal|p2a: Kartana|57\/100|[from] Grassy Terrain\n|-fieldend|move: Grassy Terrain\n|upkeep\n|turn|11\n|\n|move|p1a: Weavile|Ice Punch|p2a: Kartana\n|-damage|p2a: Kartana|21\/100\n|move|p2a: Kartana|Smart Strike|p1a: Weavile\n|-supereffective|p1a: Weavile\n|-damage|p1a: Weavile|0 fnt\n|faint|p1a: Weavile\n|-ability|p2a: Kartana|Beast Boost|boost\n|-boost|p2a: Kartana|atk|1\n|\n|upkeep\n|\n|switch|p1a: Venusaur|Venusaur, M|100\/100\n|turn|12\n|\n|detailschange|p1a: Venusaur|Venusaur-Mega, M\n|-mega|p1a: Venusaur|Venusaur|Venusaurite\n|move|p2a: Kartana|Smart Strike|p1a: Venusaur\n|-damage|p1a: Venusaur|29\/100\n|move|p1a: Venusaur|Hidden Power|p2a: Kartana\n|-supereffective|p2a: Kartana\n|-damage|p2a: Kartana|0 fnt\n|faint|p2a: Kartana\n|\n|upkeep\n|\n|switch|p2a: Gliscor|Gliscor, M|100\/100\n|turn|13\n|\n|move|p2a: Gliscor|Swords Dance|p2a: Gliscor\n|-boost|p2a: Gliscor|atk|2\n|move|p1a: Venusaur|Giga Drain|p2a: Gliscor\n|-damage|p2a: Gliscor|68\/100\n|-heal|p1a: Venusaur|45\/100|[from] drain|[of] p2a: Gliscor\n|\n|-status|p2a: Gliscor|tox|[from] item: Toxic Orb\n|upkeep\n|turn|14\n|\n|move|p2a: Gliscor|Earthquake|p1a: Venusaur\n|-damage|p1a: Venusaur|0 fnt\n|faint|p1a: Venusaur\n|\n|-heal|p2a: Gliscor|81\/100 tox|[from] ability: Poison Heal\n|upkeep\n|\n|switch|p1a: Porygon-Z|Porygon-Z|100\/100\n|turn|15\n|\n|move|p1a: Porygon-Z|Ice Beam|p2a: Gliscor\n|-supereffective|p2a: Gliscor\n|-damage|p2a: Gliscor|0 fnt\n|faint|p2a: Gliscor\n|\n|upkeep\n|\n|switch|p2a: Chansey|Chansey, F|100\/100\n|turn|16\n|\n|-zpower|p1a: Porygon-Z\n|move|p1a: Porygon-Z|Z-Conversion|p1a: Porygon-Z|[anim]Conversion\n|-boost|p1a: Porygon-Z|atk|1|[zeffect]\n|-boost|p1a: Porygon-Z|def|1|[zeffect]\n|-boost|p1a: Porygon-Z|spa|1|[zeffect]\n|-boost|p1a: Porygon-Z|spd|1|[zeffect]\n|-boost|p1a: Porygon-Z|spe|1|[zeffect]\n|-start|p1a: Porygon-Z|typechange|Electric\n|move|p2a: Chansey|Seismic Toss|p1a: Porygon-Z\n|-damage|p1a: Porygon-Z|68\/100\n|\n|upkeep\n|turn|17\n|\n|move|p1a: Porygon-Z|Tri Attack|p2a: Chansey\n|-damage|p2a: Chansey|88\/100\n|move|p2a: Chansey|Seismic Toss|p1a: Porygon-Z\n|-damage|p1a: Porygon-Z|36\/100\n|\n|upkeep\n|turn|18\n|\n|move|p1a: Porygon-Z|Tri Attack|p2a: Chansey\n|-damage|p2a: Chansey|75\/100\n|move|p2a: Chansey|Seismic Toss|p1a: Porygon-Z\n|-damage|p1a: Porygon-Z|4\/100\n|\n|upkeep\n|turn|19\n|\n|move|p1a: Porygon-Z|Tri Attack|p2a: Chansey\n|-damage|p2a: Chansey|61\/100\n|move|p2a: Chansey|Seismic Toss|p1a: Porygon-Z\n|-damage|p1a: Porygon-Z|0 fnt\n|faint|p1a: Porygon-Z\n|\n|win|Toxabelle\n|raw|Mikirae69's rating: 1481 &rarr; <strong>1463<\/strong><br \/>(-18 for losing)\n|raw|Toxabelle's rating: 1500 &rarr; <strong>1519<\/strong><br \/>(+19 for winning)\n|c|\u2606Mikirae69|gg\n","uploadtime":1538804358,"views":30,"p1id":"mikirae69","p2id":"toxabelle","formatid":"gen7ou","rating":1463,"private":0,"password":null}