{"id":"gen7metronomebattle-1010033652","p1":"addds","p2":"Hajmola","format":"gen7metronomebattle","log":"|j|\u2606addds\n|j|\u2606Hajmola\n|player|p1|addds|114|\n|player|p2|Hajmola|10|\n|teamsize|p1|2\n|teamsize|p2|2\n|gametype|doubles\n|gen|7\n|tier|[Gen 7] Metronome Battle\n|rule|HP Percentage Mod: HP is shown in percentages\n|\n|start\n|switch|p1a: Blissey|Blissey, F|100\/100\n|switch|p1b: Cresselia|Cresselia, F, shiny|100\/100\n|switch|p2a: Sexy Girl|Ampharos-Mega, M, shiny|100\/100\n|switch|p2b: Naganadel|Naganadel|100\/100\n|-transform|p1a: Blissey|p2b: Naganadel|[from] ability: Imposter\n|turn|1\n|inactive|Battle timer is ON: inactive players will automatically lose when time's up. (requested by Hajmola)\n|\n|move|p1a: Blissey|Metronome|p1a: Blissey\n|move|p1a: Blissey|Grass Whistle|p2b: Naganadel|[from]Metronome|[miss]\n|-miss|p1a: Blissey|p2b: Naganadel\n|move|p2b: Naganadel|Metronome|p2b: Naganadel\n|move|p2b: Naganadel|Double Slap|p1b: Cresselia|[from]Metronome|[miss]\n|-miss|p2b: Naganadel|p1b: Cresselia\n|move|p1b: Cresselia|Metronome|p1b: Cresselia\n|move|p1b: Cresselia|Electro Ball|p2b: Naganadel|[from]Metronome\n|-resisted|p2b: Naganadel\n|-damage|p2b: Naganadel|96\/100\n|move|p2a: Sexy Girl|Metronome|p2a: Sexy Girl\n|move|p2a: Sexy Girl|Rock Polish|p2a: Sexy Girl|[from]Metronome\n|-boost|p2a: Sexy Girl|spe|2\n|\n|upkeep\n|turn|2\n|\n|move|p2a: Sexy Girl|Metronome|p2a: Sexy Girl\n|move|p2a: Sexy Girl|Sharpen|p2a: Sexy Girl|[from]Metronome\n|-boost|p2a: Sexy Girl|atk|1\n|move|p2b: Naganadel|Metronome|p2b: Naganadel\n|move|p2b: Naganadel|Beat Up|p1a: Blissey|[from]Metronome\n|-damage|p1a: Blissey|99\/100\n|-damage|p1a: Blissey|97\/100\n|-hitcount|p1a: Blissey|2\n|move|p1a: Blissey|Metronome|p1a: Blissey\n|move|p1a: Blissey|Mist Ball|p2b: Naganadel|[from]Metronome\n|-supereffective|p2b: Naganadel\n|-damage|p2b: Naganadel|52\/100\n|-enditem|p2b: Naganadel|Weakness Policy\n|-boost|p2b: Naganadel|atk|2\n|-boost|p2b: Naganadel|spa|2\n|move|p1b: Cresselia|Metronome|p1b: Cresselia\n|move|p1b: Cresselia|Spite|p2a: Sexy Girl|[from]Metronome\n|-activate|p2a: Sexy Girl|move: Spite|Metronome|4\n|\n|upkeep\n|turn|3\n|\n|move|p2a: Sexy Girl|Metronome|p2a: Sexy Girl\n|move|p2a: Sexy Girl|Defense Curl|p2a: Sexy Girl|[from]Metronome\n|-boost|p2a: Sexy Girl|def|1\n|move|p2b: Naganadel|Metronome|p2b: Naganadel\n|move|p2b: Naganadel|Skull Bash||[from]Metronome|[still]\n|-prepare|p2b: Naganadel|Skull Bash|p1a: Blissey\n|-boost|p2b: Naganadel|def|1\n|move|p1a: Blissey|Metronome|p1a: Blissey\n|move|p1a: Blissey|Fire Spin|p2a: Sexy Girl|[from]Metronome\n|-resisted|p2a: Sexy Girl\n|-damage|p2a: Sexy Girl|97\/100\n|-activate|p2a: Sexy Girl|move: Fire Spin|[of] p1a: Blissey\n|move|p1b: Cresselia|Metronome|p1b: Cresselia\n|move|p1b: Cresselia|U-turn|p2a: Sexy Girl|[from]Metronome\n|-damage|p2a: Sexy Girl|89\/100\n|\n|-damage|p2a: Sexy Girl|77\/100|[from] move: Fire Spin|[partiallytrapped]\n|upkeep\n|turn|4\n|\n|move|p2a: Sexy Girl|Metronome|p2a: Sexy Girl\n|move|p2a: Sexy Girl|Acupressure|p2a: Sexy Girl|[from]Metronome\n|-boost|p2a: Sexy Girl|spa|2\n|move|p2b: Naganadel|Skull Bash|p1a: Blissey|[from]lockedmove\n|-crit|p1a: Blissey\n|-damage|p1a: Blissey|56\/100\n|move|p1a: Blissey|Metronome|p1a: Blissey\n|move|p1a: Blissey|Fell Stinger|p2b: Naganadel|[from]Metronome\n|-resisted|p2b: Naganadel\n|-damage|p2b: Naganadel|48\/100\n|move|p1b: Cresselia|Metronome|p1b: Cresselia\n|move|p1b: Cresselia|Acrobatics|p2b: Naganadel|[from]Metronome\n|-damage|p2b: Naganadel|40\/100\n|\n|-damage|p2a: Sexy Girl|64\/100|[from] move: Fire Spin|[partiallytrapped]\n|upkeep\n|turn|5\n|\n|move|p2a: Sexy Girl|Metronome|p2a: Sexy Girl\n|move|p2a: Sexy Girl|Psybeam|p1a: Blissey|[from]Metronome\n|-supereffective|p1a: Blissey\n|-damage|p1a: Blissey|3\/100\n|move|p2b: Naganadel|Metronome|p2b: Naganadel\n|move|p2b: Naganadel|Rock Wrecker|p1b: Cresselia|[from]Metronome\n|-damage|p1b: Cresselia|64\/100\n|-mustrecharge|p2b: Naganadel\n|move|p1a: Blissey|Metronome|p1a: Blissey\n|move|p1a: Blissey|Aeroblast|p2a: Sexy Girl|[from]Metronome\n|-resisted|p2a: Sexy Girl\n|-crit|p2a: Sexy Girl\n|-damage|p2a: Sexy Girl|47\/100\n|-enditem|p1a: Blissey|Leppa Berry|[eat]\n|-activate|p1a: Blissey|item: Leppa Berry|Metronome|[consumed]\n|move|p1b: Cresselia|Metronome|p1b: Cresselia\n|move|p1b: Cresselia|Aqua Ring|p1b: Cresselia|[from]Metronome\n|-start|p1b: Cresselia|Aqua Ring\n|\n|-heal|p1b: Cresselia|70\/100|[from] Aqua Ring\n|-damage|p2a: Sexy Girl|35\/100|[from] move: Fire Spin|[partiallytrapped]\n|upkeep\n|turn|6\n|\n|move|p2a: Sexy Girl|Metronome|p2a: Sexy Girl\n|move|p2a: Sexy Girl|Punishment|p1b: Cresselia|[from]Metronome\n|-supereffective|p1b: Cresselia\n|-damage|p1b: Cresselia|42\/100\n|cant|p2b: Naganadel|recharge\n|move|p1a: Blissey|Metronome|p1a: Blissey\n|move|p1a: Blissey|Perish Song|p1a: Blissey|[from]Metronome\n|-start|p1a: Blissey|perish3|[silent]\n|-start|p1b: Cresselia|perish3|[silent]\n|-start|p2a: Sexy Girl|perish3|[silent]\n|-start|p2b: Naganadel|perish3|[silent]\n|-fieldactivate|move: Perish Song\n|move|p1b: Cresselia|Metronome|p1b: Cresselia\n|move|p1b: Cresselia|Bulldoze|p2b: Naganadel|[from]Metronome|[spread] p1a,p2a,p2b\n|-supereffective|p1a: Blissey\n|-supereffective|p2a: Sexy Girl\n|-supereffective|p2b: Naganadel\n|-damage|p1a: Blissey|0 fnt\n|-damage|p2a: Sexy Girl|24\/100\n|-damage|p2b: Naganadel|26\/100\n|-enditem|p2a: Sexy Girl|Weakness Policy\n|-boost|p2a: Sexy Girl|atk|2\n|-boost|p2a: Sexy Girl|spa|2\n|-unboost|p2a: Sexy Girl|spe|1\n|-ability|p2a: Sexy Girl|Competitive\n|-boost|p2a: Sexy Girl|spa|2\n|-unboost|p2b: Naganadel|spe|1\n|-ability|p2b: Naganadel|Competitive\n|-boost|p2b: Naganadel|spa|2\n|faint|p1a: Blissey\n|\n|-heal|p1b: Cresselia|48\/100|[from] Aqua Ring\n|-end|p2a: Sexy Girl|Fire Spin|[partiallytrapped]|[silent]\n|-start|p2a: Sexy Girl|perish3\n|-start|p1b: Cresselia|perish3\n|-start|p2b: Naganadel|perish3\n|upkeep\n|turn|7\n|c|\u2606addds|oh shit\n|inactive|Hajmola has 270 seconds left.\n|\n|move|p2a: Sexy Girl|Metronome|p2a: Sexy Girl\n|move|p2a: Sexy Girl|Power Swap|p1b: Cresselia|[from]Metronome\n|-swapboost|p2a: Sexy Girl|p1b: Cresselia|atk, spa|[from] move: Power Swap\n|move|p1b: Cresselia|Metronome|p1b: Cresselia\n|move|p1b: Cresselia|Cross Chop|p2b: Naganadel|[from]Metronome\n|-resisted|p2b: Naganadel\n|-damage|p2b: Naganadel|10\/100\n|move|p2b: Naganadel|Metronome|p2b: Naganadel\n|move|p2b: Naganadel|Air Slash|p1b: Cresselia|[from]Metronome\n|-damage|p1b: Cresselia|6\/100\n|\n|-heal|p1b: Cresselia|12\/100|[from] Aqua Ring\n|-start|p2a: Sexy Girl|perish2\n|-start|p1b: Cresselia|perish2\n|-start|p2b: Naganadel|perish2\n|upkeep\n|turn|8\n|\n|move|p2a: Sexy Girl|Metronome|p2a: Sexy Girl\n|move|p2a: Sexy Girl|Ingrain|p2a: Sexy Girl|[from]Metronome\n|-start|p2a: Sexy Girl|move: Ingrain\n|move|p1b: Cresselia|Metronome|p1b: Cresselia\n|move|p1b: Cresselia|Sunsteel Strike|p2b: Naganadel|[from]Metronome\n|-damage|p2b: Naganadel|0 fnt\n|faint|p2b: Naganadel\n|\n|-heal|p1b: Cresselia|18\/100|[from] Aqua Ring\n|-heal|p2a: Sexy Girl|31\/100|[from] Ingrain\n|-start|p2a: Sexy Girl|perish1\n|-start|p1b: Cresselia|perish1\n|upkeep\n|turn|9\n|\n|move|p2a: Sexy Girl|Metronome|p2a: Sexy Girl\n|move|p2a: Sexy Girl|Play Nice|p1b: Cresselia|[from]Metronome\n|-unboost|p1b: Cresselia|atk|1\n|move|p1b: Cresselia|Metronome|p1b: Cresselia\n|move|p1b: Cresselia|Retaliate|p2a: Sexy Girl|[from]Metronome\n|-damage|p2a: Sexy Girl|16\/100\n|\n|-heal|p1b: Cresselia|24\/100|[from] Aqua Ring\n|-heal|p2a: Sexy Girl|22\/100|[from] Ingrain\n|-start|p2a: Sexy Girl|perish0\n|-start|p1b: Cresselia|perish0\n|upkeep\n|faint|p2a: Sexy Girl\n|faint|p1b: Cresselia\n|\n|win|addds\n|l|\u2606Hajmola\n","uploadtime":1573808619,"views":1,"p1id":"addds","p2id":"hajmola","formatid":"gen7metronomebattle","rating":0,"private":0,"password":null}