{"id":"gen7ou-1599387535","p1":"wuilan jie","p2":"Pandacat1551","format":"gen7ou","log":"|j|\u2606wuilan jie\n|j|\u2606Pandacat1551\n|t:|1655606743\n|gametype|singles\n|player|p1|wuilan jie|red|1235\n|player|p2|Pandacat1551|lance|1245\n|teamsize|p1|6\n|teamsize|p2|6\n|gen|7\n|tier|[Gen 7] OU\n|rated|\n|rule|Sleep Clause Mod: Limit one foe put to sleep\n|rule|Species Clause: Limit one of each Pok\u00e9mon\n|rule|OHKO Clause: OHKO moves are banned\n|rule|Moody Clause: Moody is banned\n|rule|Evasion Moves Clause: Evasion moves are banned\n|rule|Endless Battle Clause: Forcing endless battles is banned\n|rule|HP Percentage Mod: HP is shown in percentages\n|clearpoke\n|poke|p1|Kommo-o, F|item\n|poke|p1|Mawile, M|item\n|poke|p1|Cresselia, F|item\n|poke|p1|Heatran, M|item\n|poke|p1|Mantine, F|item\n|poke|p1|Landorus-Therian, M|item\n|poke|p2|Clefable, F|item\n|poke|p2|Chesnaught, M|item\n|poke|p2|Nidoqueen, F|item\n|poke|p2|Simisear, M|item\n|poke|p2|Aggron, F|item\n|poke|p2|Dragonite, M|item\n|teampreview\n|inactive|Battle timer is ON: inactive players will automatically lose when time's up. (requested by Pandacat1551)\n|\n|t:|1655606750\n|start\n|switch|p1a: Kommo-o|Kommo-o, F|100\/100\n|switch|p2a: Small-Wing|Dragonite, M|100\/100\n|turn|1\n|\n|t:|1655606755\n|move|p2a: Small-Wing|Dragon Claw|p1a: Kommo-o\n|-supereffective|p1a: Kommo-o\n|-damage|p1a: Kommo-o|24\/100\n|-zpower|p1a: Kommo-o\n|move|p1a: Kommo-o|Clangorous Soulblaze|p2a: Small-Wing|[zeffect]\n|-supereffective|p2a: Small-Wing\n|-damage|p2a: Small-Wing|0 fnt\n|faint|p2a: Small-Wing\n|-boost|p1a: Kommo-o|atk|1\n|-boost|p1a: Kommo-o|def|1\n|-boost|p1a: Kommo-o|spa|1\n|-boost|p1a: Kommo-o|spd|1\n|-boost|p1a: Kommo-o|spe|1\n|\n|upkeep\n|\n|t:|1655606774\n|switch|p2a: Hershey|Chesnaught, M, shiny|100\/100\n|turn|2\n|\n|t:|1655606783\n|move|p1a: Kommo-o|Flamethrower|p2a: Hershey\n|-supereffective|p2a: Hershey\n|-damage|p2a: Hershey|5\/100\n|move|p2a: Hershey|Drain Punch|p1a: Kommo-o\n|-damage|p1a: Kommo-o|0 fnt\n|-heal|p2a: Hershey|16\/100|[from] drain|[of] p1a: Kommo-o\n|faint|p1a: Kommo-o\n|\n|upkeep\n|\n|t:|1655606792\n|switch|p1a: Landorus|Landorus-Therian, M|100\/100\n|-ability|p1a: Landorus|Intimidate|boost\n|-unboost|p2a: Hershey|atk|1\n|turn|3\n|\n|t:|1655606798\n|move|p1a: Landorus|U-turn|p2a: Hershey\n|-damage|p2a: Hershey|0 fnt\n|-damage|p1a: Landorus|84\/100|[from] item: Rocky Helmet|[of] p2a: Hershey\n|faint|p2a: Hershey\n|\n|t:|1655606809\n|switch|p1a: Cresselia|Cresselia, F|100\/100|[from]move: U-turn\n|\n|upkeep\n|\n|t:|1655606824\n|switch|p2a: Momo|Simisear, M|100\/100\n|turn|4\n|\n|t:|1655606829\n|switch|p1a: Mantine|Mantine, F|100\/100\n|move|p2a: Momo|Crunch|p1a: Mantine\n|-damage|p1a: Mantine|78\/100\n|\n|-heal|p1a: Mantine|84\/100|[from] item: Leftovers\n|upkeep\n|turn|5\n|\n|t:|1655606839\n|switch|p2a: Gumdrop|Clefable, F|100\/100\n|move|p1a: Mantine|Scald|p2a: Gumdrop\n|-damage|p2a: Gumdrop|76\/100\n|\n|-heal|p1a: Mantine|90\/100|[from] item: Leftovers\n|upkeep\n|turn|6\n|-activate|p2a: Gumdrop|item: Quick Claw\n|\n|t:|1655606848\n|switch|p1a: Heatran|Heatran, M|100\/100\n|move|p2a: Gumdrop|Flamethrower|p1a: Heatran\n|-start|p1a: Heatran|ability: Flash Fire\n|\n|upkeep\n|turn|7\n|\n|t:|1655606857\n|switch|p2a: Nida|Nidoqueen, F|100\/100\n|move|p1a: Heatran|Magma Storm|p2a: Nida\n|-damage|p2a: Nida|46\/100\n|-activate|p2a: Nida|move: Magma Storm|[of] p1a: Heatran\n|\n|-damage|p2a: Nida|34\/100|[from] move: Magma Storm|[partiallytrapped]\n|upkeep\n|turn|8\n|\n|t:|1655606865\n|move|p1a: Heatran|Protect|p1a: Heatran\n|-singleturn|p1a: Heatran|Protect\n|move|p2a: Nida|Earthquake|p1a: Heatran\n|-activate|p1a: Heatran|move: Protect\n|\n|-damage|p2a: Nida|21\/100|[from] move: Magma Storm|[partiallytrapped]\n|upkeep\n|turn|9\n|\n|t:|1655606874\n|-end|p1a: Heatran|ability: Flash Fire|[silent]\n|switch|p1a: Landorus|Landorus-Therian, M|84\/100\n|-ability|p1a: Landorus|Intimidate|boost\n|-unboost|p2a: Nida|atk|1\n|move|p2a: Nida|Thunder Punch|p1a: Landorus\n|-immune|p1a: Landorus\n|\n|-end|p2a: Nida|Magma Storm|[partiallytrapped]|[silent]\n|upkeep\n|turn|10\n|\n|t:|1655606883\n|move|p1a: Landorus|Earthquake|p2a: Nida\n|-supereffective|p2a: Nida\n|-damage|p2a: Nida|0 fnt\n|faint|p2a: Nida\n|\n|upkeep\n|\n|t:|1655606889\n|switch|p2a: Momo|Simisear, M|100\/100\n|turn|11\n|\n|t:|1655606892\n|move|p1a: Landorus|Earthquake|p2a: Momo\n|-supereffective|p2a: Momo\n|-damage|p2a: Momo|0 fnt\n|faint|p2a: Momo\n|\n|upkeep\n|\n|t:|1655606898\n|switch|p2a: Baby|Aggron, F|100\/100\n|turn|12\n|\n|t:|1655606902\n|detailschange|p2a: Baby|Aggron-Mega, F\n|-mega|p2a: Baby|Aggron|Aggronite\n|move|p1a: Landorus|Earthquake|p2a: Baby\n|-supereffective|p2a: Baby\n|-damage|p2a: Baby|59\/100\n|move|p2a: Baby|Counter|p1a: Landorus\n|-damage|p1a: Landorus|0 fnt\n|faint|p1a: Landorus\n|\n|upkeep\n|\n|t:|1655606909\n|switch|p1a: Heatran|Heatran, M|100\/100\n|turn|13\n|\n|t:|1655606913\n|move|p1a: Heatran|Magma Storm|p2a: Baby|[miss]\n|-miss|p1a: Heatran|p2a: Baby\n|move|p2a: Baby|Earthquake|p1a: Heatran\n|-supereffective|p1a: Heatran\n|-damage|p1a: Heatran|0 fnt\n|faint|p1a: Heatran\n|\n|upkeep\n|\n|t:|1655606917\n|switch|p1a: Mantine|Mantine, F|90\/100\n|turn|14\n|\n|t:|1655606922\n|move|p1a: Mantine|Scald|p2a: Baby\n|-damage|p2a: Baby|32\/100\n|move|p2a: Baby|Heavy Slam|p1a: Mantine\n|-resisted|p1a: Mantine\n|-damage|p1a: Mantine|78\/100\n|\n|-heal|p1a: Mantine|84\/100|[from] item: Leftovers\n|upkeep\n|turn|15\n|\n|t:|1655606932\n|move|p1a: Mantine|Scald|p2a: Baby\n|-damage|p2a: Baby|5\/100\n|move|p2a: Baby|Heavy Slam|p1a: Mantine\n|-resisted|p1a: Mantine\n|-damage|p1a: Mantine|72\/100\n|\n|-heal|p1a: Mantine|78\/100|[from] item: Leftovers\n|upkeep\n|turn|16\n|\n|t:|1655606940\n|move|p1a: Mantine|Scald|p2a: Baby\n|-damage|p2a: Baby|0 fnt\n|faint|p2a: Baby\n|\n|-heal|p1a: Mantine|84\/100|[from] item: Leftovers\n|upkeep\n|\n|t:|1655606946\n|switch|p2a: Gumdrop|Clefable, F|76\/100\n|turn|17\n|\n|t:|1655606948\n|switch|p1a: Mawile|Mawile, M|100\/100\n|-ability|p1a: Mawile|Intimidate|boost\n|-unboost|p2a: Gumdrop|atk|1\n|move|p2a: Gumdrop|Calm Mind|p2a: Gumdrop\n|-boost|p2a: Gumdrop|spa|1\n|-boost|p2a: Gumdrop|spd|1\n|\n|upkeep\n|turn|18\n|-activate|p2a: Gumdrop|item: Quick Claw\n|\n|t:|1655606955\n|detailschange|p1a: Mawile|Mawile-Mega, M\n|-mega|p1a: Mawile|Mawile|Mawilite\n|move|p2a: Gumdrop|Flamethrower|p1a: Mawile\n|-supereffective|p1a: Mawile\n|-damage|p1a: Mawile|0 fnt\n|faint|p1a: Mawile\n|\n|upkeep\n|\n|t:|1655606964\n|switch|p1a: Mantine|Mantine, F|84\/100\n|turn|19\n|\n|t:|1655606967\n|move|p1a: Mantine|Scald|p2a: Gumdrop\n|-damage|p2a: Gumdrop|60\/100\n|move|p2a: Gumdrop|Soft-Boiled|p2a: Gumdrop\n|-heal|p2a: Gumdrop|100\/100\n|\n|-heal|p1a: Mantine|91\/100|[from] item: Leftovers\n|upkeep\n|turn|20\n|-activate|p2a: Gumdrop|item: Quick Claw\n|\n|t:|1655606974\n|move|p2a: Gumdrop|Calm Mind|p2a: Gumdrop\n|-boost|p2a: Gumdrop|spa|1\n|-boost|p2a: Gumdrop|spd|1\n|move|p1a: Mantine|Scald|p2a: Gumdrop\n|-damage|p2a: Gumdrop|89\/100\n|\n|-heal|p1a: Mantine|97\/100|[from] item: Leftovers\n|upkeep\n|turn|21\n|\n|t:|1655606982\n|move|p1a: Mantine|Haze|p1a: Mantine\n|-clearallboost\n|move|p2a: Gumdrop|Calm Mind|p2a: Gumdrop\n|-boost|p2a: Gumdrop|spa|1\n|-boost|p2a: Gumdrop|spd|1\n|\n|-heal|p1a: Mantine|100\/100|[from] item: Leftovers\n|upkeep\n|turn|22\n|-activate|p2a: Gumdrop|item: Quick Claw\n|\n|t:|1655606989\n|move|p2a: Gumdrop|Moonblast|p1a: Mantine\n|-damage|p1a: Mantine|56\/100\n|move|p1a: Mantine|Scald|p2a: Gumdrop\n|-damage|p2a: Gumdrop|74\/100\n|\n|-heal|p1a: Mantine|62\/100|[from] item: Leftovers\n|upkeep\n|turn|23\n|-activate|p2a: Gumdrop|item: Quick Claw\n|\n|t:|1655606996\n|move|p2a: Gumdrop|Moonblast|p1a: Mantine\n|-damage|p1a: Mantine|17\/100\n|move|p1a: Mantine|Haze|p1a: Mantine\n|-clearallboost\n|\n|-heal|p1a: Mantine|23\/100|[from] item: Leftovers\n|upkeep\n|turn|24\n|\n|t:|1655607007\n|switch|p1a: Cresselia|Cresselia, F|100\/100\n|move|p2a: Gumdrop|Calm Mind|p2a: Gumdrop\n|-boost|p2a: Gumdrop|spa|1\n|-boost|p2a: Gumdrop|spd|1\n|\n|upkeep\n|turn|25\n|\n|t:|1655607013\n|move|p1a: Cresselia|Ice Beam|p2a: Gumdrop\n|-crit|p2a: Gumdrop\n|-damage|p2a: Gumdrop|47\/100\n|move|p2a: Gumdrop|Calm Mind|p2a: Gumdrop\n|-boost|p2a: Gumdrop|spa|1\n|-boost|p2a: Gumdrop|spd|1\n|\n|upkeep\n|turn|26\n|\n|t:|1655607030\n|move|p1a: Cresselia|Ice Beam|p2a: Gumdrop\n|-damage|p2a: Gumdrop|38\/100\n|-status|p2a: Gumdrop|frz\n|cant|p2a: Gumdrop|frz\n|\n|upkeep\n|turn|27\n|\n|t:|1655607036\n|switch|p1a: Mantine|Mantine, F|23\/100\n|cant|p2a: Gumdrop|frz\n|\n|-heal|p1a: Mantine|29\/100|[from] item: Leftovers\n|upkeep\n|turn|28\n|c|\u2606Pandacat1551|nooooo\n|-activate|p2a: Gumdrop|item: Quick Claw\n|\n|t:|1655607042\n|cant|p2a: Gumdrop|frz\n|move|p1a: Mantine|Roost|p1a: Mantine\n|-heal|p1a: Mantine|79\/100\n|-singleturn|p1a: Mantine|move: Roost\n|\n|-heal|p1a: Mantine|85\/100|[from] item: Leftovers\n|upkeep\n|turn|29\n|\n|t:|1655607049\n|move|p1a: Mantine|Haze|p1a: Mantine\n|-clearallboost\n|cant|p2a: Gumdrop|frz\n|\n|-heal|p1a: Mantine|91\/100|[from] item: Leftovers\n|upkeep\n|turn|30\n|-activate|p2a: Gumdrop|item: Quick Claw\n|\n|t:|1655607055\n|-curestatus|p2a: Gumdrop|frz|[msg]\n|move|p2a: Gumdrop|Soft-Boiled|p2a: Gumdrop\n|-heal|p2a: Gumdrop|89\/100\n|move|p1a: Mantine|Scald|p2a: Gumdrop\n|-damage|p2a: Gumdrop|67\/100\n|-status|p2a: Gumdrop|brn\n|\n|-heal|p1a: Mantine|98\/100|[from] item: Leftovers\n|upkeep\n|turn|31\n|\n|t:|1655607065\n|move|p1a: Mantine|Scald|p2a: Gumdrop\n|-damage|p2a: Gumdrop|43\/100 brn\n|move|p2a: Gumdrop|Calm Mind|p2a: Gumdrop\n|-boost|p2a: Gumdrop|spa|1\n|-boost|p2a: Gumdrop|spd|1\n|\n|-heal|p1a: Mantine|100\/100|[from] item: Leftovers\n|upkeep\n|turn|32\n|\n|t:|1655607072\n|move|p1a: Mantine|Haze|p1a: Mantine\n|-clearallboost\n|move|p2a: Gumdrop|Soft-Boiled|p2a: Gumdrop\n|-heal|p2a: Gumdrop|93\/100 brn\n|\n|upkeep\n|turn|33\n|\n|t:|1655607078\n|move|p1a: Mantine|Scald|p2a: Gumdrop\n|-damage|p2a: Gumdrop|69\/100 brn\n|move|p2a: Gumdrop|Moonblast|p1a: Mantine\n|-damage|p1a: Mantine|72\/100\n|\n|-heal|p1a: Mantine|78\/100|[from] item: Leftovers\n|upkeep\n|turn|34\n|-activate|p2a: Gumdrop|item: Quick Claw\n|\n|t:|1655607086\n|move|p2a: Gumdrop|Calm Mind|p2a: Gumdrop\n|-boost|p2a: Gumdrop|spa|1\n|-boost|p2a: Gumdrop|spd|1\n|move|p1a: Mantine|Scald|p2a: Gumdrop\n|-damage|p2a: Gumdrop|54\/100 brn\n|\n|-heal|p1a: Mantine|84\/100|[from] item: Leftovers\n|upkeep\n|turn|35\n|\n|t:|1655607093\n|move|p1a: Mantine|Haze|p1a: Mantine\n|-clearallboost\n|move|p2a: Gumdrop|Moonblast|p1a: Mantine\n|-damage|p1a: Mantine|56\/100\n|\n|-heal|p1a: Mantine|63\/100|[from] item: Leftovers\n|upkeep\n|turn|36\n|\n|t:|1655607100\n|move|p1a: Mantine|Roost|p1a: Mantine\n|-heal|p1a: Mantine|100\/100\n|-singleturn|p1a: Mantine|move: Roost\n|move|p2a: Gumdrop|Soft-Boiled|p2a: Gumdrop\n|-heal|p2a: Gumdrop|100\/100 brn\n|\n|upkeep\n|turn|37\n|\n|t:|1655607111\n|move|p1a: Mantine|Scald|p2a: Gumdrop\n|-damage|p2a: Gumdrop|76\/100 brn\n|move|p2a: Gumdrop|Moonblast|p1a: Mantine\n|-damage|p1a: Mantine|69\/100\n|\n|-heal|p1a: Mantine|75\/100|[from] item: Leftovers\n|upkeep\n|turn|38\n|\n|t:|1655607118\n|move|p1a: Mantine|Roost|p1a: Mantine\n|-heal|p1a: Mantine|100\/100\n|-singleturn|p1a: Mantine|move: Roost\n|move|p2a: Gumdrop|Moonblast|p1a: Mantine\n|-damage|p1a: Mantine|70\/100\n|-unboost|p1a: Mantine|spa|1\n|\n|-heal|p1a: Mantine|76\/100|[from] item: Leftovers\n|upkeep\n|turn|39\n|\n|t:|1655607127\n|move|p1a: Mantine|Scald|p2a: Gumdrop\n|-damage|p2a: Gumdrop|61\/100 brn\n|move|p2a: Gumdrop|Moonblast|p1a: Mantine\n|-damage|p1a: Mantine|49\/100\n|-unboost|p1a: Mantine|spa|1\n|\n|-heal|p1a: Mantine|56\/100|[from] item: Leftovers\n|upkeep\n|turn|40\n|\n|t:|1655607136\n|move|p1a: Mantine|Scald|p2a: Gumdrop\n|-damage|p2a: Gumdrop|49\/100 brn\n|move|p2a: Gumdrop|Moonblast|p1a: Mantine\n|-damage|p1a: Mantine|28\/100\n|\n|-heal|p1a: Mantine|34\/100|[from] item: Leftovers\n|upkeep\n|turn|41\n|-activate|p2a: Gumdrop|item: Quick Claw\n|\n|t:|1655607144\n|move|p2a: Gumdrop|Soft-Boiled|p2a: Gumdrop\n|-heal|p2a: Gumdrop|99\/100 brn\n|move|p1a: Mantine|Roost|p1a: Mantine\n|-heal|p1a: Mantine|84\/100\n|-singleturn|p1a: Mantine|move: Roost\n|\n|-heal|p1a: Mantine|90\/100|[from] item: Leftovers\n|upkeep\n|turn|42\n|\n|t:|1655607152\n|move|p1a: Mantine|Defog|p2a: Gumdrop\n|-unboost|p2a: Gumdrop|evasion|1\n|move|p2a: Gumdrop|Moonblast|p1a: Mantine\n|-damage|p1a: Mantine|63\/100\n|\n|-heal|p1a: Mantine|69\/100|[from] item: Leftovers\n|upkeep\n|turn|43\n|\n|t:|1655607161\n|move|p1a: Mantine|Defog|p2a: Gumdrop\n|-unboost|p2a: Gumdrop|evasion|1\n|move|p2a: Gumdrop|Flamethrower|p1a: Mantine\n|-resisted|p1a: Mantine\n|-damage|p1a: Mantine|60\/100\n|\n|-heal|p1a: Mantine|67\/100|[from] item: Leftovers\n|upkeep\n|turn|44\n|\n|t:|1655607169\n|move|p1a: Mantine|Roost|p1a: Mantine\n|-heal|p1a: Mantine|100\/100\n|-singleturn|p1a: Mantine|move: Roost\n|move|p2a: Gumdrop|Flamethrower|p1a: Mantine\n|-resisted|p1a: Mantine\n|-damage|p1a: Mantine|92\/100\n|\n|-heal|p1a: Mantine|98\/100|[from] item: Leftovers\n|upkeep\n|turn|45\n|\n|t:|1655607177\n|move|p1a: Mantine|Defog|p2a: Gumdrop\n|-unboost|p2a: Gumdrop|evasion|1\n|move|p2a: Gumdrop|Flamethrower|p1a: Mantine\n|-resisted|p1a: Mantine\n|-damage|p1a: Mantine|90\/100\n|\n|-heal|p1a: Mantine|96\/100|[from] item: Leftovers\n|upkeep\n|turn|46\n|\n|t:|1655607185\n|move|p1a: Mantine|Defog|p2a: Gumdrop\n|-unboost|p2a: Gumdrop|evasion|1\n|move|p2a: Gumdrop|Flamethrower|p1a: Mantine\n|-resisted|p1a: Mantine\n|-damage|p1a: Mantine|86\/100\n|\n|-heal|p1a: Mantine|92\/100|[from] item: Leftovers\n|upkeep\n|turn|47\n|\n|t:|1655607192\n|move|p1a: Mantine|Defog|p2a: Gumdrop\n|-unboost|p2a: Gumdrop|evasion|1\n|move|p2a: Gumdrop|Flamethrower|p1a: Mantine\n|-resisted|p1a: Mantine\n|-damage|p1a: Mantine|84\/100\n|\n|-heal|p1a: Mantine|90\/100|[from] item: Leftovers\n|upkeep\n|turn|48\n|-activate|p2a: Gumdrop|item: Quick Claw\n|\n|t:|1655607199\n|move|p2a: Gumdrop|Flamethrower|p1a: Mantine\n|-resisted|p1a: Mantine\n|-damage|p1a: Mantine|82\/100\n|-status|p1a: Mantine|brn\n|move|p1a: Mantine|Defog|p2a: Gumdrop\n|-unboost|p2a: Gumdrop|evasion|1\n|\n|-heal|p1a: Mantine|88\/100 brn|[from] item: Leftovers\n|-damage|p1a: Mantine|82\/100 brn|[from] brn\n|upkeep\n|turn|49\n|\n|t:|1655607213\n|move|p1a: Mantine|Scald|p2a: Gumdrop\n|-damage|p2a: Gumdrop|87\/100 brn\n|move|p2a: Gumdrop|Moonblast|p1a: Mantine\n|-damage|p1a: Mantine|55\/100 brn\n|\n|-heal|p1a: Mantine|61\/100 brn|[from] item: Leftovers\n|-damage|p1a: Mantine|55\/100 brn|[from] brn\n|upkeep\n|turn|50\n|\n|t:|1655607221\n|move|p1a: Mantine|Roost|p1a: Mantine\n|-heal|p1a: Mantine|100\/100 brn\n|-singleturn|p1a: Mantine|move: Roost\n|move|p2a: Gumdrop|Calm Mind|p2a: Gumdrop\n|-boost|p2a: Gumdrop|spa|1\n|-boost|p2a: Gumdrop|spd|1\n|\n|-damage|p1a: Mantine|94\/100 brn|[from] brn\n|upkeep\n|turn|51\n|-activate|p2a: Gumdrop|item: Quick Claw\n|\n|t:|1655607229\n|move|p2a: Gumdrop|Calm Mind|p2a: Gumdrop\n|-boost|p2a: Gumdrop|spa|1\n|-boost|p2a: Gumdrop|spd|1\n|move|p1a: Mantine|Haze|p1a: Mantine\n|-clearallboost\n|\n|-heal|p1a: Mantine|100\/100 brn|[from] item: Leftovers\n|-damage|p1a: Mantine|94\/100 brn|[from] brn\n|upkeep\n|turn|52\n|\n|t:|1655607245\n|move|p1a: Mantine|Defog|p2a: Gumdrop\n|-unboost|p2a: Gumdrop|evasion|1\n|move|p2a: Gumdrop|Moonblast|p1a: Mantine\n|-damage|p1a: Mantine|64\/100 brn\n|\n|-heal|p1a: Mantine|71\/100 brn|[from] item: Leftovers\n|-damage|p1a: Mantine|64\/100 brn|[from] brn\n|upkeep\n|turn|53\n|\n|t:|1655607253\n|move|p1a: Mantine|Roost|p1a: Mantine\n|-heal|p1a: Mantine|100\/100 brn\n|-singleturn|p1a: Mantine|move: Roost\n|move|p2a: Gumdrop|Calm Mind|p2a: Gumdrop\n|-boost|p2a: Gumdrop|spa|1\n|-boost|p2a: Gumdrop|spd|1\n|\n|-damage|p1a: Mantine|94\/100 brn|[from] brn\n|upkeep\n|turn|54\n|\n|t:|1655607261\n|move|p1a: Mantine|Haze|p1a: Mantine\n|-clearallboost\n|move|p2a: Gumdrop|Moonblast|p1a: Mantine\n|-damage|p1a: Mantine|63\/100 brn\n|\n|-heal|p1a: Mantine|69\/100 brn|[from] item: Leftovers\n|-damage|p1a: Mantine|63\/100 brn|[from] brn\n|upkeep\n|turn|55\n|\n|t:|1655607270\n|move|p1a: Mantine|Roost|p1a: Mantine\n|-heal|p1a: Mantine|100\/100 brn\n|-singleturn|p1a: Mantine|move: Roost\n|move|p2a: Gumdrop|Moonblast|p1a: Mantine\n|-damage|p1a: Mantine|73\/100 brn\n|\n|-heal|p1a: Mantine|79\/100 brn|[from] item: Leftovers\n|-damage|p1a: Mantine|73\/100 brn|[from] brn\n|upkeep\n|turn|56\n|\n|t:|1655607279\n|move|p1a: Mantine|Roost|p1a: Mantine\n|-heal|p1a: Mantine|100\/100 brn\n|-singleturn|p1a: Mantine|move: Roost\n|move|p2a: Gumdrop|Flamethrower|p1a: Mantine\n|-resisted|p1a: Mantine\n|-damage|p1a: Mantine|92\/100 brn\n|\n|-heal|p1a: Mantine|98\/100 brn|[from] item: Leftovers\n|-damage|p1a: Mantine|92\/100 brn|[from] brn\n|upkeep\n|turn|57\n|\n|t:|1655607289\n|move|p1a: Mantine|Scald|p2a: Gumdrop\n|-damage|p2a: Gumdrop|65\/100 brn\n|move|p2a: Gumdrop|Flamethrower|p1a: Mantine\n|-resisted|p1a: Mantine\n|-damage|p1a: Mantine|83\/100 brn\n|\n|-heal|p1a: Mantine|89\/100 brn|[from] item: Leftovers\n|-damage|p1a: Mantine|83\/100 brn|[from] brn\n|upkeep\n|turn|58\n|\n|t:|1655607297\n|move|p1a: Mantine|Scald|p2a: Gumdrop\n|-damage|p2a: Gumdrop|41\/100 brn\n|move|p2a: Gumdrop|Moonblast|p1a: Mantine\n|-damage|p1a: Mantine|56\/100 brn\n|-unboost|p1a: Mantine|spa|1\n|\n|-heal|p1a: Mantine|63\/100 brn|[from] item: Leftovers\n|-damage|p1a: Mantine|56\/100 brn|[from] brn\n|upkeep\n|turn|59\n|\n|t:|1655607306\n|move|p1a: Mantine|Roost|p1a: Mantine\n|-heal|p1a: Mantine|100\/100 brn\n|-singleturn|p1a: Mantine|move: Roost\n|move|p2a: Gumdrop|Soft-Boiled|p2a: Gumdrop\n|-heal|p2a: Gumdrop|91\/100 brn\n|\n|-damage|p1a: Mantine|94\/100 brn|[from] brn\n|upkeep\n|turn|60\n|\n|t:|1655607316\n|move|p1a: Mantine|Defog|p2a: Gumdrop\n|-unboost|p2a: Gumdrop|evasion|1\n|move|p2a: Gumdrop|Calm Mind|p2a: Gumdrop\n|-boost|p2a: Gumdrop|spa|1\n|-boost|p2a: Gumdrop|spd|1\n|\n|-heal|p1a: Mantine|100\/100 brn|[from] item: Leftovers\n|-damage|p1a: Mantine|94\/100 brn|[from] brn\n|upkeep\n|turn|61\n|-activate|p2a: Gumdrop|item: Quick Claw\n|\n|t:|1655607324\n|move|p2a: Gumdrop|Moonblast|p1a: Mantine\n|-damage|p1a: Mantine|55\/100 brn\n|-unboost|p1a: Mantine|spa|1\n|move|p1a: Mantine|Haze|p1a: Mantine\n|-clearallboost\n|\n|-heal|p1a: Mantine|61\/100 brn|[from] item: Leftovers\n|-damage|p1a: Mantine|55\/100 brn|[from] brn\n|upkeep\n|turn|62\n|\n|t:|1655607335\n|move|p1a: Mantine|Roost|p1a: Mantine\n|-heal|p1a: Mantine|100\/100 brn\n|-singleturn|p1a: Mantine|move: Roost\n|move|p2a: Gumdrop|Flamethrower|p1a: Mantine\n|-resisted|p1a: Mantine\n|-damage|p1a: Mantine|92\/100 brn\n|\n|-heal|p1a: Mantine|98\/100 brn|[from] item: Leftovers\n|-damage|p1a: Mantine|92\/100 brn|[from] brn\n|upkeep\n|turn|63\n|\n|t:|1655607346\n|move|p1a: Mantine|Defog|p2a: Gumdrop\n|-unboost|p2a: Gumdrop|evasion|1\n|move|p2a: Gumdrop|Flamethrower|p1a: Mantine\n|-resisted|p1a: Mantine\n|-damage|p1a: Mantine|83\/100 brn\n|\n|-heal|p1a: Mantine|89\/100 brn|[from] item: Leftovers\n|-damage|p1a: Mantine|83\/100 brn|[from] brn\n|upkeep\n|turn|64\n|\n|t:|1655607356\n|move|p1a: Mantine|Defog|p2a: Gumdrop\n|-unboost|p2a: Gumdrop|evasion|1\n|move|p2a: Gumdrop|Flamethrower|p1a: Mantine\n|-resisted|p1a: Mantine\n|-damage|p1a: Mantine|74\/100 brn\n|\n|-heal|p1a: Mantine|80\/100 brn|[from] item: Leftovers\n|-damage|p1a: Mantine|74\/100 brn|[from] brn\n|upkeep\n|turn|65\n|\n|t:|1655607364\n|move|p1a: Mantine|Defog|p2a: Gumdrop\n|-unboost|p2a: Gumdrop|evasion|1\n|move|p2a: Gumdrop|Calm Mind|p2a: Gumdrop\n|-boost|p2a: Gumdrop|spa|1\n|-boost|p2a: Gumdrop|spd|1\n|\n|-heal|p1a: Mantine|80\/100 brn|[from] item: Leftovers\n|-damage|p1a: Mantine|74\/100 brn|[from] brn\n|upkeep\n|turn|66\n|\n|t:|1655607372\n|move|p1a: Mantine|Haze|p1a: Mantine\n|-clearallboost\n|move|p2a: Gumdrop|Moonblast|p1a: Mantine\n|-damage|p1a: Mantine|46\/100 brn\n|\n|-heal|p1a: Mantine|52\/100 brn|[from] item: Leftovers\n|-damage|p1a: Mantine|46\/100 brn|[from] brn\n|upkeep\n|turn|67\n|-activate|p2a: Gumdrop|item: Quick Claw\n|\n|t:|1655607380\n|move|p2a: Gumdrop|Flamethrower|p1a: Mantine\n|-resisted|p1a: Mantine\n|-damage|p1a: Mantine|36\/100 brn\n|move|p1a: Mantine|Roost|p1a: Mantine\n|-heal|p1a: Mantine|86\/100 brn\n|-singleturn|p1a: Mantine|move: Roost\n|\n|-heal|p1a: Mantine|92\/100 brn|[from] item: Leftovers\n|-damage|p1a: Mantine|86\/100 brn|[from] brn\n|upkeep\n|turn|68\n|\n|t:|1655607391\n|move|p1a: Mantine|Defog|p2a: Gumdrop\n|-unboost|p2a: Gumdrop|evasion|1\n|move|p2a: Gumdrop|Calm Mind|p2a: Gumdrop\n|-boost|p2a: Gumdrop|spa|1\n|-boost|p2a: Gumdrop|spd|1\n|\n|-heal|p1a: Mantine|92\/100 brn|[from] item: Leftovers\n|-damage|p1a: Mantine|86\/100 brn|[from] brn\n|upkeep\n|turn|69\n|\n|t:|1655607399\n|move|p1a: Mantine|Haze|p1a: Mantine\n|-clearallboost\n|move|p2a: Gumdrop|Moonblast|p1a: Mantine\n|-damage|p1a: Mantine|57\/100 brn\n|-unboost|p1a: Mantine|spa|1\n|\n|-heal|p1a: Mantine|64\/100 brn|[from] item: Leftovers\n|-damage|p1a: Mantine|57\/100 brn|[from] brn\n|upkeep\n|turn|70\n|\n|t:|1655607408\n|move|p1a: Mantine|Roost|p1a: Mantine\n|-heal|p1a: Mantine|100\/100 brn\n|-singleturn|p1a: Mantine|move: Roost\n|move|p2a: Gumdrop|Calm Mind|p2a: Gumdrop\n|-boost|p2a: Gumdrop|spa|1\n|-boost|p2a: Gumdrop|spd|1\n|\n|-damage|p1a: Mantine|94\/100 brn|[from] brn\n|upkeep\n|turn|71\n|\n|t:|1655607417\n|move|p1a: Mantine|Haze|p1a: Mantine\n|-clearallboost\n|move|p2a: Gumdrop|Flamethrower|p1a: Mantine\n|-resisted|p1a: Mantine\n|-damage|p1a: Mantine|85\/100 brn\n|\n|-heal|p1a: Mantine|91\/100 brn|[from] item: Leftovers\n|-damage|p1a: Mantine|85\/100 brn|[from] brn\n|upkeep\n|turn|72\n|\n|t:|1655607425\n|move|p1a: Mantine|Haze|p1a: Mantine\n|-clearallboost\n|move|p2a: Gumdrop|Moonblast|p1a: Mantine\n|-damage|p1a: Mantine|55\/100 brn\n|\n|-heal|p1a: Mantine|61\/100 brn|[from] item: Leftovers\n|-damage|p1a: Mantine|55\/100 brn|[from] brn\n|upkeep\n|turn|73\n|\n|t:|1655607433\n|move|p1a: Mantine|Roost|p1a: Mantine\n|-heal|p1a: Mantine|100\/100 brn\n|-singleturn|p1a: Mantine|move: Roost\n|move|p2a: Gumdrop|Flamethrower|p1a: Mantine\n|-resisted|p1a: Mantine\n|-damage|p1a: Mantine|92\/100 brn\n|\n|-heal|p1a: Mantine|98\/100 brn|[from] item: Leftovers\n|-damage|p1a: Mantine|92\/100 brn|[from] brn\n|upkeep\n|turn|74\n|\n|t:|1655607442\n|move|p1a: Mantine|Defog|p2a: Gumdrop\n|-unboost|p2a: Gumdrop|evasion|1\n|move|p2a: Gumdrop|Moonblast|p1a: Mantine\n|-damage|p1a: Mantine|65\/100 brn\n|\n|-heal|p1a: Mantine|71\/100 brn|[from] item: Leftovers\n|-damage|p1a: Mantine|65\/100 brn|[from] brn\n|upkeep\n|turn|75\n|-activate|p2a: Gumdrop|item: Quick Claw\n|\n|t:|1655607454\n|move|p2a: Gumdrop|Flamethrower|p1a: Mantine\n|-resisted|p1a: Mantine\n|-damage|p1a: Mantine|56\/100 brn\n|move|p1a: Mantine|Scald|p2a: Gumdrop\n|-damage|p2a: Gumdrop|67\/100 brn\n|\n|-heal|p1a: Mantine|62\/100 brn|[from] item: Leftovers\n|-damage|p1a: Mantine|56\/100 brn|[from] brn\n|upkeep\n|turn|76\n|\n|t:|1655607463\n|move|p1a: Mantine|Roost|p1a: Mantine\n|-heal|p1a: Mantine|100\/100 brn\n|-singleturn|p1a: Mantine|move: Roost\n|move|p2a: Gumdrop|Soft-Boiled|p2a: Gumdrop\n|-heal|p2a: Gumdrop|100\/100 brn\n|\n|-damage|p1a: Mantine|94\/100 brn|[from] brn\n|upkeep\n|turn|77\n|-activate|p2a: Gumdrop|item: Quick Claw\n|\n|t:|1655607478\n|move|p2a: Gumdrop|Calm Mind|p2a: Gumdrop\n|-boost|p2a: Gumdrop|spa|1\n|-boost|p2a: Gumdrop|spd|1\n|move|p1a: Mantine|Scald|p2a: Gumdrop\n|-damage|p2a: Gumdrop|85\/100 brn\n|\n|-heal|p1a: Mantine|100\/100 brn|[from] item: Leftovers\n|-damage|p1a: Mantine|94\/100 brn|[from] brn\n|upkeep\n|turn|78\n|\n|t:|1655607487\n|move|p1a: Mantine|Haze|p1a: Mantine\n|-clearallboost\n|move|p2a: Gumdrop|Moonblast|p1a: Mantine\n|-damage|p1a: Mantine|66\/100 brn\n|-unboost|p1a: Mantine|spa|1\n|\n|-heal|p1a: Mantine|72\/100 brn|[from] item: Leftovers\n|-damage|p1a: Mantine|66\/100 brn|[from] brn\n|upkeep\n|turn|79\n|\n|t:|1655607511\n|move|p1a: Mantine|Haze|p1a: Mantine\n|-clearallboost\n|move|p2a: Gumdrop|Calm Mind|p2a: Gumdrop\n|-boost|p2a: Gumdrop|spa|1\n|-boost|p2a: Gumdrop|spd|1\n|\n|-heal|p1a: Mantine|72\/100 brn|[from] item: Leftovers\n|-damage|p1a: Mantine|66\/100 brn|[from] brn\n|upkeep\n|turn|80\n|-activate|p2a: Gumdrop|item: Quick Claw\n|\n|t:|1655607521\n|move|p2a: Gumdrop|Calm Mind|p2a: Gumdrop\n|-boost|p2a: Gumdrop|spa|1\n|-boost|p2a: Gumdrop|spd|1\n|move|p1a: Mantine|Haze|p1a: Mantine\n|-clearallboost\n|\n|-heal|p1a: Mantine|72\/100 brn|[from] item: Leftovers\n|-damage|p1a: Mantine|66\/100 brn|[from] brn\n|upkeep\n|turn|81\n|\n|t:|1655607543\n|move|p1a: Mantine|Scald|p2a: Gumdrop\n|-damage|p2a: Gumdrop|63\/100 brn\n|move|p2a: Gumdrop|Moonblast|p1a: Mantine\n|-damage|p1a: Mantine|36\/100 brn\n|\n|-heal|p1a: Mantine|42\/100 brn|[from] item: Leftovers\n|-damage|p1a: Mantine|36\/100 brn|[from] brn\n|upkeep\n|turn|82\n|-activate|p2a: Gumdrop|item: Quick Claw\n|\n|t:|1655607551\n|move|p2a: Gumdrop|Calm Mind|p2a: Gumdrop\n|-boost|p2a: Gumdrop|spa|1\n|-boost|p2a: Gumdrop|spd|1\n|move|p1a: Mantine|Roost|p1a: Mantine\n|-heal|p1a: Mantine|86\/100 brn\n|-singleturn|p1a: Mantine|move: Roost\n|\n|-heal|p1a: Mantine|92\/100 brn|[from] item: Leftovers\n|-damage|p1a: Mantine|86\/100 brn|[from] brn\n|upkeep\n|turn|83\n|\n|t:|1655607562\n|move|p1a: Mantine|Haze|p1a: Mantine\n|-clearallboost\n|move|p2a: Gumdrop|Flamethrower|p1a: Mantine\n|-resisted|p1a: Mantine\n|-damage|p1a: Mantine|77\/100 brn\n|\n|-heal|p1a: Mantine|83\/100 brn|[from] item: Leftovers\n|-damage|p1a: Mantine|77\/100 brn|[from] brn\n|upkeep\n|turn|84\n|\n|t:|1655607570\n|move|p1a: Mantine|Scald|p2a: Gumdrop\n|-damage|p2a: Gumdrop|41\/100 brn\n|move|p2a: Gumdrop|Soft-Boiled|p2a: Gumdrop\n|-heal|p2a: Gumdrop|91\/100 brn\n|\n|-heal|p1a: Mantine|83\/100 brn|[from] item: Leftovers\n|-damage|p1a: Mantine|77\/100 brn|[from] brn\n|upkeep\n|turn|85\n|\n|t:|1655607578\n|move|p1a: Mantine|Scald|p2a: Gumdrop\n|-damage|p2a: Gumdrop|67\/100 brn\n|move|p2a: Gumdrop|Moonblast|p1a: Mantine\n|-damage|p1a: Mantine|46\/100 brn\n|\n|-heal|p1a: Mantine|53\/100 brn|[from] item: Leftovers\n|-damage|p1a: Mantine|46\/100 brn|[from] brn\n|upkeep\n|turn|86\n|\n|t:|1655607587\n|move|p1a: Mantine|Scald|p2a: Gumdrop\n|-damage|p2a: Gumdrop|45\/100 brn\n|move|p2a: Gumdrop|Flamethrower|p1a: Mantine\n|-resisted|p1a: Mantine\n|-crit|p1a: Mantine\n|-damage|p1a: Mantine|34\/100 brn\n|\n|-heal|p1a: Mantine|40\/100 brn|[from] item: Leftovers\n|-damage|p1a: Mantine|34\/100 brn|[from] brn\n|upkeep\n|turn|87\n|-activate|p2a: Gumdrop|item: Quick Claw\n|\n|t:|1655607601\n|switch|p1a: Cresselia|Cresselia, F|100\/100\n|move|p2a: Gumdrop|Soft-Boiled|p2a: Gumdrop\n|-heal|p2a: Gumdrop|95\/100 brn\n|\n|upkeep\n|turn|88\n|\n|t:|1655607607\n|switch|p1a: Mantine|Mantine, F|34\/100 brn\n|move|p2a: Gumdrop|Calm Mind|p2a: Gumdrop\n|-boost|p2a: Gumdrop|spa|1\n|-boost|p2a: Gumdrop|spd|1\n|\n|-heal|p1a: Mantine|40\/100 brn|[from] item: Leftovers\n|-damage|p1a: Mantine|34\/100 brn|[from] brn\n|upkeep\n|turn|89\n|\n|t:|1655607614\n|move|p1a: Mantine|Haze|p1a: Mantine\n|-clearallboost\n|move|p2a: Gumdrop|Moonblast|p1a: Mantine\n|-damage|p1a: Mantine|7\/100 brn\n|\n|-heal|p1a: Mantine|13\/100 brn|[from] item: Leftovers\n|-damage|p1a: Mantine|7\/100 brn|[from] brn\n|upkeep\n|turn|90\n|\n|t:|1655607622\n|move|p1a: Mantine|Scald|p2a: Gumdrop\n|-damage|p2a: Gumdrop|71\/100 brn\n|move|p2a: Gumdrop|Flamethrower|p1a: Mantine\n|-resisted|p1a: Mantine\n|-damage|p1a: Mantine|0 fnt\n|faint|p1a: Mantine\n|\n|upkeep\n|\n|t:|1655607628\n|switch|p1a: Cresselia|Cresselia, F|100\/100\n|turn|91\n|\n|t:|1655607637\n|move|p1a: Cresselia|Ice Beam|p2a: Gumdrop\n|-damage|p2a: Gumdrop|54\/100 brn\n|move|p2a: Gumdrop|Calm Mind|p2a: Gumdrop\n|-boost|p2a: Gumdrop|spa|1\n|-boost|p2a: Gumdrop|spd|1\n|\n|upkeep\n|turn|92\n|\n|t:|1655607643\n|move|p1a: Cresselia|Ice Beam|p2a: Gumdrop\n|-damage|p2a: Gumdrop|42\/100 brn\n|move|p2a: Gumdrop|Soft-Boiled|p2a: Gumdrop\n|-heal|p2a: Gumdrop|92\/100 brn\n|\n|upkeep\n|turn|93\n|\n|t:|1655607650\n|move|p1a: Cresselia|Ice Beam|p2a: Gumdrop\n|-damage|p2a: Gumdrop|81\/100 brn\n|move|p2a: Gumdrop|Calm Mind|p2a: Gumdrop\n|-boost|p2a: Gumdrop|spa|1\n|-boost|p2a: Gumdrop|spd|1\n|\n|upkeep\n|turn|94\n|-activate|p2a: Gumdrop|item: Quick Claw\n|\n|t:|1655607656\n|move|p2a: Gumdrop|Calm Mind|p2a: Gumdrop\n|-boost|p2a: Gumdrop|spa|1\n|-boost|p2a: Gumdrop|spd|1\n|move|p1a: Cresselia|Trick Room|p1a: Cresselia\n|-fieldstart|move: Trick Room|[of] p1a: Cresselia\n|\n|upkeep\n|turn|95\n|-activate|p2a: Gumdrop|item: Quick Claw\n|\n|t:|1655607662\n|move|p2a: Gumdrop|Moonblast|p1a: Cresselia\n|-damage|p1a: Cresselia|31\/100\n|-unboost|p1a: Cresselia|spa|1\n|move|p1a: Cresselia|Trick Room|p1a: Cresselia\n|-fieldend|move: Trick Room\n|\n|upkeep\n|turn|96\n|\n|t:|1655607668\n|move|p1a: Cresselia|Moonlight|p1a: Cresselia\n|-heal|p1a: Cresselia|81\/100\n|move|p2a: Gumdrop|Flamethrower|p1a: Cresselia\n|-damage|p1a: Cresselia|39\/100\n|\n|upkeep\n|turn|97\n|\n|t:|1655607675\n|move|p1a: Cresselia|Moonlight|p1a: Cresselia\n|-heal|p1a: Cresselia|89\/100\n|move|p2a: Gumdrop|Calm Mind|p2a: Gumdrop\n|-boost|p2a: Gumdrop|spa|1\n|-boost|p2a: Gumdrop|spd|1\n|\n|upkeep\n|turn|98\n|-activate|p2a: Gumdrop|item: Quick Claw\n|\n|t:|1655607681\n|move|p2a: Gumdrop|Calm Mind|p2a: Gumdrop\n|-boost|p2a: Gumdrop|spa|1\n|-boost|p2a: Gumdrop|spd|1\n|move|p1a: Cresselia|Ice Beam|p2a: Gumdrop\n|-damage|p2a: Gumdrop|78\/100 brn\n|\n|upkeep\n|turn|99\n|-activate|p2a: Gumdrop|item: Quick Claw\n|\n|t:|1655607693\n|move|p2a: Gumdrop|Calm Mind|p2a: Gumdrop\n|-boost|p2a: Gumdrop|spa|1\n|-boost|p2a: Gumdrop|spd|1\n|move|p1a: Cresselia|Ice Beam|p2a: Gumdrop\n|-damage|p2a: Gumdrop|74\/100 brn\n|\n|upkeep\n|turn|100\n|\n|t:|1655607699\n|move|p1a: Cresselia|Moonlight|p1a: Cresselia\n|-heal|p1a: Cresselia|100\/100\n|move|p2a: Gumdrop|Flamethrower|p1a: Cresselia\n|-damage|p1a: Cresselia|37\/100\n|\n|upkeep\n|turn|101\n|\n|t:|1655607705\n|move|p1a: Cresselia|Moonlight|p1a: Cresselia\n|-heal|p1a: Cresselia|87\/100\n|move|p2a: Gumdrop|Flamethrower|p1a: Cresselia\n|-damage|p1a: Cresselia|20\/100\n|-status|p1a: Cresselia|brn\n|\n|-damage|p1a: Cresselia|14\/100 brn|[from] brn\n|upkeep\n|turn|102\n|\n|t:|1655607714\n|move|p1a: Cresselia|Moonlight|p1a: Cresselia\n|-heal|p1a: Cresselia|64\/100 brn\n|move|p2a: Gumdrop|Soft-Boiled|p2a: Gumdrop\n|-heal|p2a: Gumdrop|100\/100 brn\n|\n|-damage|p1a: Cresselia|58\/100 brn|[from] brn\n|upkeep\n|turn|103\n|\n|t:|1655607721\n|move|p1a: Cresselia|Moonlight|p1a: Cresselia\n|-heal|p1a: Cresselia|100\/100 brn\n|move|p2a: Gumdrop|Flamethrower|p1a: Cresselia\n|-damage|p1a: Cresselia|31\/100 brn\n|\n|-damage|p1a: Cresselia|25\/100 brn|[from] brn\n|upkeep\n|turn|104\n|\n|t:|1655607729\n|move|p1a: Cresselia|Moonlight|p1a: Cresselia\n|-heal|p1a: Cresselia|75\/100 brn\n|move|p2a: Gumdrop|Calm Mind|p2a: Gumdrop\n|-boost|p2a: Gumdrop|spa|0\n|-boost|p2a: Gumdrop|spd|0\n|\n|-damage|p1a: Cresselia|69\/100 brn|[from] brn\n|upkeep\n|turn|105\n|\n|t:|1655607737\n|move|p2a: Gumdrop|Calm Mind|p2a: Gumdrop\n|-boost|p2a: Gumdrop|spa|0\n|-boost|p2a: Gumdrop|spd|0\n|move|p1a: Cresselia|Trick Room|p1a: Cresselia\n|-fieldstart|move: Trick Room|[of] p1a: Cresselia\n|\n|-damage|p1a: Cresselia|63\/100 brn|[from] brn\n|upkeep\n|turn|106\n|-activate|p2a: Gumdrop|item: Quick Claw\n|\n|t:|1655607743\n|move|p2a: Gumdrop|Calm Mind|p2a: Gumdrop\n|-boost|p2a: Gumdrop|spa|0\n|-boost|p2a: Gumdrop|spd|0\n|move|p1a: Cresselia|Ice Beam|p2a: Gumdrop\n|-damage|p2a: Gumdrop|98\/100 brn\n|\n|-damage|p1a: Cresselia|57\/100 brn|[from] brn\n|upkeep\n|turn|107\n|-activate|p2a: Gumdrop|item: Quick Claw\n|\n|t:|1655607752\n|move|p2a: Gumdrop|Calm Mind|p2a: Gumdrop\n|-boost|p2a: Gumdrop|spa|0\n|-boost|p2a: Gumdrop|spd|0\n|move|p1a: Cresselia|Ice Beam|p2a: Gumdrop\n|-damage|p2a: Gumdrop|95\/100 brn\n|\n|-damage|p1a: Cresselia|51\/100 brn|[from] brn\n|upkeep\n|turn|108\n|\n|t:|1655607760\n|move|p2a: Gumdrop|Calm Mind|p2a: Gumdrop\n|-boost|p2a: Gumdrop|spa|0\n|-boost|p2a: Gumdrop|spd|0\n|move|p1a: Cresselia|Moonlight|p1a: Cresselia\n|-heal|p1a: Cresselia|100\/100 brn\n|\n|-damage|p1a: Cresselia|94\/100 brn|[from] brn\n|upkeep\n|turn|109\n|-activate|p2a: Gumdrop|item: Quick Claw\n|\n|t:|1655607768\n|move|p2a: Gumdrop|Calm Mind|p2a: Gumdrop\n|-boost|p2a: Gumdrop|spa|0\n|-boost|p2a: Gumdrop|spd|0\n|move|p1a: Cresselia|Ice Beam|p2a: Gumdrop\n|-damage|p2a: Gumdrop|92\/100 brn\n|\n|-damage|p1a: Cresselia|88\/100 brn|[from] brn\n|-fieldend|move: Trick Room\n|upkeep\n|turn|110\n|\n|t:|1655607776\n|move|p1a: Cresselia|Ice Beam|p2a: Gumdrop\n|-damage|p2a: Gumdrop|89\/100 brn\n|move|p2a: Gumdrop|Calm Mind|p2a: Gumdrop\n|-boost|p2a: Gumdrop|spa|0\n|-boost|p2a: Gumdrop|spd|0\n|\n|-damage|p1a: Cresselia|82\/100 brn|[from] brn\n|upkeep\n|turn|111\n|\n|t:|1655607783\n|move|p1a: Cresselia|Ice Beam|p2a: Gumdrop\n|-damage|p2a: Gumdrop|86\/100 brn\n|move|p2a: Gumdrop|Soft-Boiled|p2a: Gumdrop\n|-heal|p2a: Gumdrop|100\/100 brn\n|\n|-damage|p1a: Cresselia|76\/100 brn|[from] brn\n|upkeep\n|turn|112\n|\n|t:|1655607789\n|move|p1a: Cresselia|Ice Beam|p2a: Gumdrop\n|-damage|p2a: Gumdrop|97\/100 brn\n|move|p2a: Gumdrop|Soft-Boiled|p2a: Gumdrop\n|-heal|p2a: Gumdrop|100\/100 brn\n|\n|-damage|p1a: Cresselia|70\/100 brn|[from] brn\n|upkeep\n|turn|113\n|\n|t:|1655607796\n|move|p1a: Cresselia|Ice Beam|p2a: Gumdrop\n|-crit|p2a: Gumdrop\n|-damage|p2a: Gumdrop|76\/100 brn\n|move|p2a: Gumdrop|Soft-Boiled|p2a: Gumdrop\n|-heal|p2a: Gumdrop|100\/100 brn\n|\n|-damage|p1a: Cresselia|64\/100 brn|[from] brn\n|upkeep\n|turn|114\n|\n|t:|1655607803\n|move|p1a: Cresselia|Ice Beam|p2a: Gumdrop\n|-damage|p2a: Gumdrop|97\/100 brn\n|move|p2a: Gumdrop|Soft-Boiled|p2a: Gumdrop\n|-heal|p2a: Gumdrop|100\/100 brn\n|\n|-damage|p1a: Cresselia|58\/100 brn|[from] brn\n|upkeep\n|turn|115\n|\n|t:|1655607810\n|move|p1a: Cresselia|Ice Beam|p2a: Gumdrop\n|-damage|p2a: Gumdrop|97\/100 brn\n|move|p2a: Gumdrop|Soft-Boiled|p2a: Gumdrop\n|-heal|p2a: Gumdrop|100\/100 brn\n|\n|-damage|p1a: Cresselia|52\/100 brn|[from] brn\n|upkeep\n|turn|116\n|\n|t:|1655607817\n|-activate|p2a: Gumdrop|move: Struggle\n|move|p2a: Gumdrop|Struggle|p1a: Cresselia\n|-damage|p1a: Cresselia|50\/100 brn\n|-damage|p2a: Gumdrop|76\/100 brn|[from] recoil\n|move|p1a: Cresselia|Trick Room|p1a: Cresselia\n|-fieldstart|move: Trick Room|[of] p1a: Cresselia\n|\n|-damage|p1a: Cresselia|44\/100 brn|[from] brn\n|upkeep\n|turn|117\n|\n|t:|1655607826\n|-activate|p2a: Gumdrop|move: Struggle\n|move|p2a: Gumdrop|Struggle|p1a: Cresselia\n|-damage|p1a: Cresselia|43\/100 brn\n|-damage|p2a: Gumdrop|51\/100 brn|[from] recoil\n|move|p1a: Cresselia|Trick Room|p1a: Cresselia\n|-fieldend|move: Trick Room\n|\n|-damage|p1a: Cresselia|37\/100 brn|[from] brn\n|upkeep\n|turn|118\n|-message|Pandacat1551 forfeited.\n|\n|win|wuilan jie\n|raw|wuilan jie's rating: 1235 &rarr; <strong>1261<\/strong><br \/>(+26 for winning)\n|raw|Pandacat1551's rating: 1245 &rarr; <strong>1219<\/strong><br \/>(-26 for losing)\n|l|\u2606Pandacat1551\n|l|\u2606wuilan jie\n|j|\u2606wuilan jie\n|player|p1|wuilan jie|red\n||Ladder isn't responding, score probably updated but might not have (Request timeout).\n","uploadtime":1655607871,"views":18,"p1id":"wuilanjie","p2id":"pandacat1551","formatid":"gen7ou","rating":1219,"private":0,"password":null}