{"id":"gen7ou-948637106","p1":"JoeyOwesMeMoney","p2":"LT61RQ davidpwns","format":"gen7ou","log":"|j|\u2606JoeyOwesMeMoney\n|j|\u2606LT61RQ davidpwns\n|player|p1|JoeyOwesMeMoney|170|1771\n|player|p2|LT61RQ davidpwns|99|1810\n|teamsize|p1|6\n|teamsize|p2|6\n|gametype|singles\n|gen|7\n|tier|[Gen 7] OU\n|rated|\n|rule|Sleep Clause Mod: Limit one foe put to sleep\n|rule|Species Clause: Limit one of each Pok\u00e9mon\n|rule|OHKO Clause: OHKO moves are banned\n|rule|Moody Clause: Moody is banned\n|rule|Evasion Moves Clause: Evasion moves are banned\n|rule|Endless Battle Clause: Forcing endless battles is banned\n|rule|HP Percentage Mod: HP is shown in percentages\n|clearpoke\n|poke|p1|Skarmory, F|item\n|poke|p1|Chansey, F|item\n|poke|p1|Magnezone|item\n|poke|p1|Toxapex, M|item\n|poke|p1|Clefable, F|item\n|poke|p1|Sableye, M|item\n|poke|p2|Volcarona, F|item\n|poke|p2|Dragonite, M|item\n|poke|p2|Glalie, F|item\n|poke|p2|Tapu Fini|item\n|poke|p2|Victini|item\n|poke|p2|Landorus-Therian, M|item\n|teampreview\n|\n|start\n|switch|p1a: Toxapex|Toxapex, M|100\/100\n|switch|p2a: Tapu Fini|Tapu Fini|100\/100\n|-fieldstart|move: Misty Terrain|[from] ability: Misty Surge|[of] p2a: Tapu Fini\n|turn|1\n|j| amg\n|\n|move|p2a: Tapu Fini|Trick|p1a: Toxapex\n|-activate|p2a: Tapu Fini|move: Trick|[of] p1a: Toxapex\n|-item|p1a: Toxapex|Choice Scarf|[from] move: Trick\n|-item|p2a: Tapu Fini|Black Sludge|[from] move: Trick\n|move|p1a: Toxapex|Toxic Spikes|p2a: Tapu Fini\n|-sidestart|p2: LT61RQ davidpwns|move: Toxic Spikes\n|\n|-damage|p2a: Tapu Fini|88\/100|[from] item: Black Sludge\n|upkeep\n|turn|2\n|\n|switch|p2a: Glalie|Glalie, F|100\/100\n|move|p1a: Toxapex|Toxic Spikes|p2a: Glalie\n|-sidestart|p2: LT61RQ davidpwns|move: Toxic Spikes\n|\n|upkeep\n|turn|3\n|\n|switch|p1a: Skarmory|Skarmory, F|100\/100\n|detailschange|p2a: Glalie|Glalie-Mega, F\n|-mega|p2a: Glalie|Glalie|Glalitite\n|move|p2a: Glalie|Earthquake|p1a: Skarmory\n|-immune|p1a: Skarmory\n|\n|upkeep\n|turn|4\n|\n|switch|p2a: Tapu Fini|Tapu Fini|88\/100\n|move|p1a: Skarmory|Spikes|p2a: Tapu Fini\n|-sidestart|p2: LT61RQ davidpwns|Spikes\n|\n|-damage|p2a: Tapu Fini|76\/100|[from] item: Black Sludge\n|upkeep\n|turn|5\n|\n|switch|p1a: Toxapex|Toxapex, M|100\/100\n|move|p2a: Tapu Fini|Defog|p1a: Toxapex\n|-unboost|p1a: Toxapex|evasion|1\n|-sideend|p2: LT61RQ davidpwns|Spikes|[from] move: Defog|[of] p2a: Tapu Fini\n|-sideend|p2: LT61RQ davidpwns|Toxic Spikes|[from] move: Defog|[of] p2a: Tapu Fini\n|\n|-damage|p2a: Tapu Fini|63\/100|[from] item: Black Sludge\n|-fieldend|Misty Terrain\n|upkeep\n|turn|6\n|\n|switch|p2a: Landorus|Landorus-Therian, M|100\/100\n|-ability|p2a: Landorus|Intimidate|boost\n|-unboost|p1a: Toxapex|atk|1\n|move|p1a: Toxapex|Toxic Spikes|p2a: Landorus\n|-sidestart|p2: LT61RQ davidpwns|move: Toxic Spikes\n|\n|upkeep\n|turn|7\n|\n|switch|p1a: Skarmory|Skarmory, F|100\/100\n|move|p2a: Landorus|Stealth Rock|p1a: Skarmory\n|-sidestart|p1: JoeyOwesMeMoney|move: Stealth Rock\n|\n|upkeep\n|turn|8\n|j| dj2k\n|l| dj2k\n|\n|switch|p2a: Victini|Victini|100\/100\n|-status|p2a: Victini|psn\n|move|p1a: Skarmory|Spikes|p2a: Victini\n|-sidestart|p2: LT61RQ davidpwns|Spikes\n|\n|-damage|p2a: Victini|88\/100 psn|[from] psn\n|upkeep\n|turn|9\n|j| Lunarr\n|\n|switch|p1a: Toxapex|Toxapex, M|100\/100\n|-damage|p1a: Toxapex|88\/100|[from] Stealth Rock\n|move|p2a: Victini|Final Gambit|p1a: Toxapex\n|-damage|p1a: Toxapex|0 fnt\n|faint|p2a: Victini\n|faint|p1a: Toxapex\n|\n|upkeep\n|\n|switch|p2a: Tapu Fini|Tapu Fini|63\/100\n|switch|p1a: Sableye|Sableye, M|100\/100\n|-damage|p2a: Tapu Fini|51\/100|[from] Spikes\n|-status|p2a: Tapu Fini|psn\n|-fieldstart|move: Misty Terrain|[from] ability: Misty Surge|[of] p2a: Tapu Fini\n|-damage|p1a: Sableye|88\/100|[from] Stealth Rock\n|turn|10\n|\n|move|p1a: Sableye|Protect|p1a: Sableye\n|-singleturn|p1a: Sableye|Protect\n|move|p2a: Tapu Fini|Defog|p1a: Sableye\n|-activate|p1a: Sableye|move: Protect\n|\n|-damage|p2a: Tapu Fini|38\/100 psn|[from] item: Black Sludge\n|-damage|p2a: Tapu Fini|26\/100 psn|[from] psn\n|upkeep\n|turn|11\n|j| skarm mountain\n|inactive|Battle timer is ON: inactive players will automatically lose when time's up. (requested by LT61RQ davidpwns)\n|\n|move|p2a: Tapu Fini|Defog|p1a: Sableye\n|-unboost|p1a: Sableye|evasion|1\n|-sideend|p1: JoeyOwesMeMoney|Stealth Rock|[from] move: Defog|[of] p2a: Tapu Fini\n|-sideend|p2: LT61RQ davidpwns|Spikes|[from] move: Defog|[of] p2a: Tapu Fini\n|-sideend|p2: LT61RQ davidpwns|Toxic Spikes|[from] move: Defog|[of] p2a: Tapu Fini\n|move|p1a: Sableye|Knock Off|p2a: Tapu Fini\n|-resisted|p2a: Tapu Fini\n|-damage|p2a: Tapu Fini|12\/100 psn\n|-enditem|p2a: Tapu Fini|Black Sludge|[from] move: Knock Off|[of] p1a: Sableye\n|\n|-damage|p2a: Tapu Fini|0 fnt|[from] psn\n|faint|p2a: Tapu Fini\n|upkeep\n|\n|switch|p2a: Glalie|Glalie-Mega, F|100\/100\n|turn|12\n|\n|switch|p1a: Skarmory|Skarmory, F|100\/100\n|move|p2a: Glalie|Double-Edge|p1a: Skarmory\n|-damage|p1a: Skarmory|61\/100\n|-damage|p2a: Glalie|84\/100|[from] item: Rocky Helmet|[of] p1a: Skarmory\n|-damage|p2a: Glalie|69\/100|[from] Recoil\n|\n|upkeep\n|turn|13\n|\n|move|p2a: Glalie|Explosion|p1a: Skarmory\n|-damage|p1a: Skarmory|0 fnt\n|faint|p2a: Glalie\n|faint|p1a: Skarmory\n|\n|upkeep\n|\n|switch|p2a: Landorus|Landorus-Therian, M|100\/100\n|switch|p1a: Sableye|Sableye, M|88\/100\n|-ability|p2a: Landorus|Intimidate|boost\n|-unboost|p1a: Sableye|atk|1\n|turn|14\n|\n|switch|p2a: Volcarona|Volcarona, F|100\/100\n|move|p1a: Sableye|Will-O-Wisp|p2a: Volcarona\n|-immune|p2a: Volcarona\n|\n|-fieldend|Misty Terrain\n|upkeep\n|turn|15\n|\n|switch|p2a: Landorus|Landorus-Therian, M|100\/100\n|-ability|p2a: Landorus|Intimidate|boost\n|-unboost|p1a: Sableye|atk|1\n|switch|p1a: Chansey|Chansey, F|100\/100\n|\n|upkeep\n|turn|16\n|\n|move|p2a: Landorus|Swords Dance|p2a: Landorus\n|-boost|p2a: Landorus|atk|2\n|move|p1a: Chansey|Stealth Rock|p2a: Landorus\n|-sidestart|p2: LT61RQ davidpwns|move: Stealth Rock\n|\n|upkeep\n|turn|17\n|\n|switch|p1a: Magnezone|Magnezone|100\/100\n|move|p2a: Landorus|Earthquake|p1a: Magnezone\n|-supereffective|p1a: Magnezone\n|-damage|p1a: Magnezone|0 fnt\n|faint|p1a: Magnezone\n|\n|upkeep\n|\n|switch|p1a: Clefable|Clefable, F|100\/100\n|turn|18\n|\n|move|p1a: Clefable|Protect|p1a: Clefable\n|-singleturn|p1a: Clefable|Protect\n|move|p2a: Landorus|Earthquake|p1a: Clefable\n|-activate|p1a: Clefable|move: Protect\n|\n|upkeep\n|turn|19\n|j| Plant3bananas\n|\n|move|p2a: Landorus|Earthquake|p1a: Clefable\n|-damage|p1a: Clefable|54\/100\n|move|p1a: Clefable|Wish|p1a: Clefable\n|\n|-heal|p1a: Clefable|61\/100|[from] item: Leftovers\n|upkeep\n|turn|20\n|\n|move|p1a: Clefable|Protect|p1a: Clefable\n|-singleturn|p1a: Clefable|Protect\n|move|p2a: Landorus|Earthquake|p1a: Clefable\n|-activate|p1a: Clefable|move: Protect\n|\n|-heal|p1a: Clefable|100\/100|[from] move: Wish|[wisher] Clefable\n|upkeep\n|turn|21\n|\n|move|p2a: Landorus|Earthquake|p1a: Clefable\n|-damage|p1a: Clefable|59\/100\n|move|p1a: Clefable|Wish|p1a: Clefable\n|\n|-heal|p1a: Clefable|65\/100|[from] item: Leftovers\n|upkeep\n|turn|22\n|\n|move|p1a: Clefable|Protect|p1a: Clefable\n|-singleturn|p1a: Clefable|Protect\n|move|p2a: Landorus|Earthquake|p1a: Clefable\n|-activate|p1a: Clefable|move: Protect\n|\n|-heal|p1a: Clefable|100\/100|[from] move: Wish|[wisher] Clefable\n|upkeep\n|turn|23\n|\n|move|p2a: Landorus|Earthquake|p1a: Clefable\n|-damage|p1a: Clefable|57\/100\n|move|p1a: Clefable|Wish|p1a: Clefable\n|\n|-heal|p1a: Clefable|64\/100|[from] item: Leftovers\n|upkeep\n|turn|24\n|\n|move|p1a: Clefable|Protect|p1a: Clefable\n|-singleturn|p1a: Clefable|Protect\n|move|p2a: Landorus|Earthquake|p1a: Clefable\n|-activate|p1a: Clefable|move: Protect\n|\n|-heal|p1a: Clefable|100\/100|[from] move: Wish|[wisher] Clefable\n|upkeep\n|turn|25\n|l| Plant3bananas\n|\n|switch|p2a: Volcarona|Volcarona, F|100\/100\n|-damage|p2a: Volcarona|51\/100|[from] Stealth Rock\n|move|p1a: Clefable|Wish|p1a: Clefable\n|\n|upkeep\n|turn|26\n|\n|switch|p1a: Chansey|Chansey, F|100\/100\n|move|p2a: Volcarona|Quiver Dance|p2a: Volcarona\n|-boost|p2a: Volcarona|spa|1\n|-boost|p2a: Volcarona|spd|1\n|-boost|p2a: Volcarona|spe|1\n|\n|upkeep\n|turn|27\n|\n|move|p2a: Volcarona|Quiver Dance|p2a: Volcarona\n|-boost|p2a: Volcarona|spa|1\n|-boost|p2a: Volcarona|spd|1\n|-boost|p2a: Volcarona|spe|1\n|move|p1a: Chansey|Toxic|p2a: Volcarona\n|-status|p2a: Volcarona|tox\n|\n|-damage|p2a: Volcarona|45\/100 tox|[from] psn\n|upkeep\n|turn|28\n|\n|move|p2a: Volcarona|Fiery Dance|p1a: Chansey\n|-damage|p1a: Chansey|74\/100\n|move|p1a: Chansey|Soft-Boiled|p1a: Chansey\n|-heal|p1a: Chansey|100\/100\n|\n|-damage|p2a: Volcarona|32\/100 tox|[from] psn\n|upkeep\n|turn|29\n|\n|move|p2a: Volcarona|Fiery Dance|p1a: Chansey\n|-damage|p1a: Chansey|74\/100\n|move|p1a: Chansey|Soft-Boiled|p1a: Chansey\n|-heal|p1a: Chansey|100\/100\n|\n|-damage|p2a: Volcarona|14\/100 tox|[from] psn\n|upkeep\n|turn|30\n|\n|move|p2a: Volcarona|Bug Buzz|p1a: Chansey\n|-damage|p1a: Chansey|56\/100\n|move|p1a: Chansey|Soft-Boiled|p1a: Chansey\n|-heal|p1a: Chansey|100\/100\n|\n|-damage|p2a: Volcarona|0 fnt|[from] psn\n|faint|p2a: Volcarona\n|upkeep\n|\n|switch|p2a: Landorus|Landorus-Therian, M|100\/100\n|-damage|p2a: Landorus|88\/100|[from] Stealth Rock\n|-ability|p2a: Landorus|Intimidate|boost\n|-unboost|p1a: Chansey|atk|1\n|turn|31\n|\n|move|p2a: Landorus|Earthquake|p1a: Chansey\n|-damage|p1a: Chansey|62\/100\n|move|p1a: Chansey|Toxic|p2a: Landorus\n|-status|p2a: Landorus|tox\n|\n|-damage|p2a: Landorus|82\/100 tox|[from] psn\n|upkeep\n|turn|32\n|\n|move|p2a: Landorus|Explosion|p1a: Chansey\n|-damage|p1a: Chansey|1\/100\n|faint|p2a: Landorus\n|move|p1a: Chansey|Soft-Boiled|p1a: Chansey\n|-heal|p1a: Chansey|51\/100\n|\n|upkeep\n|\n|switch|p2a: Dragonite|Dragonite, M|100\/100\n|-damage|p2a: Dragonite|76\/100|[from] Stealth Rock\n|turn|33\n|\n|move|p2a: Dragonite|Dragon Dance|p2a: Dragonite\n|-boost|p2a: Dragonite|atk|1\n|-boost|p2a: Dragonite|spe|1\n|move|p1a: Chansey|Toxic|p2a: Dragonite\n|-status|p2a: Dragonite|tox\n|\n|-damage|p2a: Dragonite|70\/100 tox|[from] psn\n|upkeep\n|turn|34\n|-message|LT61RQ davidpwns forfeited.\n|\n|win|JoeyOwesMeMoney\n|l|\u2606LT61RQ davidpwns\n|raw|JoeyOwesMeMoney's rating: 1772 &rarr; <strong>1794<\/strong><br \/>(+22 for winning)\n|raw|LT61RQ davidpwns's rating: 1810 &rarr; <strong>1787<\/strong><br \/>(-23 for losing)\n","uploadtime":1563776366,"views":30,"p1id":"joeyowesmemoney","p2id":"lt61rqdavidpwns","formatid":"gen7ou","rating":1787,"private":0,"password":null}