{"id":"gen7ou-941651384","p1":"i wana rock","p2":"HQSTest","format":"gen7ou","log":"|j|\u2606i wana rock\n|j|\u2606HQSTest\n|player|p1|i wana rock|290\n|player|p2|HQSTest|260\n|teamsize|p1|6\n|teamsize|p2|6\n|gametype|singles\n|gen|7\n|tier|[Gen 7] OU\n|rule|Sleep Clause Mod: Limit one foe put to sleep\n|rule|Species Clause: Limit one of each Pok\u00e9mon\n|rule|OHKO Clause: OHKO moves are banned\n|rule|Moody Clause: Moody is banned\n|rule|Evasion Moves Clause: Evasion moves are banned\n|rule|Endless Battle Clause: Forcing endless battles is banned\n|rule|HP Percentage Mod: HP is shown in percentages\n|clearpoke\n|poke|p1|Landorus-Therian, M|item\n|poke|p1|Kartana|item\n|poke|p1|Tapu Bulu|item\n|poke|p1|Heatran, M|item\n|poke|p1|Mawile, M|item\n|poke|p1|Ditto|item\n|poke|p2|Talonflame, M|item\n|poke|p2|Muk-Alola, F|item\n|poke|p2|Gastrodon-East, M|item\n|poke|p2|Mew|item\n|poke|p2|Diancie|item\n|poke|p2|Skarmory, F|item\n|teampreview\n|\n|start\n|switch|p1a: Landorus|Landorus-Therian, M|100\/100\n|switch|p2a: Diancie|Diancie|100\/100\n|-ability|p1a: Landorus|Intimidate|boost\n|-fail|p2a: Diancie|unboost|[from] ability: Clear Body|[of] p2a: Diancie\n|turn|1\n|\n|detailschange|p2a: Diancie|Diancie-Mega\n|-mega|p2a: Diancie|Diancie|Diancite\n|move|p2a: Diancie|Protect|p2a: Diancie\n|-singleturn|p2a: Diancie|Protect\n|move|p1a: Landorus|Earthquake|p2a: Diancie\n|-activate|p2a: Diancie|move: Protect\n|\n|upkeep\n|turn|2\n|\n|switch|p1a: Heatran|Heatran, M|100\/100\n|switch|p2a: Mew|Mew|100\/100\n|\n|upkeep\n|turn|3\n|\n|switch|p2a: Gastrodon|Gastrodon-East, M|100\/100\n|move|p1a: Heatran|Magma Storm|p2a: Gastrodon\n|-resisted|p2a: Gastrodon\n|-damage|p2a: Gastrodon|83\/100\n|-activate|p2a: Gastrodon|move: Magma Storm|[of] p1a: Heatran\n|\n|-heal|p2a: Gastrodon|89\/100|[from] item: Leftovers\n|-damage|p2a: Gastrodon|77\/100|[from] move: Magma Storm|[partiallytrapped]\n|upkeep\n|turn|4\n|\n|-zpower|p1a: Heatran\n|move|p1a: Heatran|Bloom Doom|p2a: Gastrodon|[zeffect]\n|-supereffective|p2a: Gastrodon\n|-damage|p2a: Gastrodon|0 fnt\n|faint|p2a: Gastrodon\n|\n|upkeep\n|\n|switch|p2a: Muk|Muk-Alola, F|100\/100\n|turn|5\n|inactive|Battle timer is ON: inactive players will automatically lose when time's up. (requested by HQSTest)\n|c|\u2606HQSTest|gg\n|\n|switch|p1a: Landorus|Landorus-Therian, M|100\/100\n|-ability|p1a: Landorus|Intimidate|boost\n|-unboost|p2a: Muk|atk|1\n|move|p2a: Muk|Knock Off|p1a: Landorus\n|-damage|p1a: Landorus|66\/100\n|-enditem|p1a: Landorus|Choice Scarf|[from] move: Knock Off|[of] p2a: Muk\n|\n|upkeep\n|turn|6\n|c|\u2606HQSTest|\u8fd9\u4e2a\u6253\u4e0d\u8fc7\u4e86\n|\n|switch|p2a: Skarmory|Skarmory, F|100\/100\n|move|p1a: Landorus|Stealth Rock|p2a: Skarmory\n|-sidestart|p2: HQSTest|move: Stealth Rock\n|\n|upkeep\n|turn|7\n|c|\u2606i wana rock|\u600e\u4e48\u4f1a\u3002\u3002\n|c|\u2606i wana rock|\u6211\u4e5f\u4e0d\u597d\u6253\u554a\n|\n|move|p1a: Landorus|U-turn|p2a: Skarmory\n|-resisted|p2a: Skarmory\n|-damage|p2a: Skarmory|96\/100\n|-damage|p1a: Landorus|49\/100|[from] item: Rocky Helmet|[of] p2a: Skarmory\n|\n|switch|p1a: Heatran|Heatran, M|100\/100|[from]move: U-turn\n|move|p2a: Skarmory|Spikes|p1a: Heatran\n|-sidestart|p1: i wana rock|Spikes\n|\n|upkeep\n|turn|8\n|\n|switch|p2a: Muk|Muk-Alola, F|100\/100\n|-damage|p2a: Muk|88\/100|[from] Stealth Rock\n|move|p1a: Heatran|Earth Power|p2a: Muk\n|-supereffective|p2a: Muk\n|-damage|p2a: Muk|55\/100\n|\n|upkeep\n|turn|9\n|\n|move|p1a: Heatran|Earth Power|p2a: Muk\n|-supereffective|p2a: Muk\n|-damage|p2a: Muk|24\/100\n|move|p2a: Muk|Pursuit|p1a: Heatran\n|-damage|p1a: Heatran|81\/100\n|\n|upkeep\n|turn|10\n|\n|move|p1a: Heatran|Earth Power|p2a: Muk\n|-supereffective|p2a: Muk\n|-damage|p2a: Muk|0 fnt\n|faint|p2a: Muk\n|\n|upkeep\n|\n|switch|p2a: Diancie|Diancie-Mega|100\/100\n|-damage|p2a: Diancie|88\/100|[from] Stealth Rock\n|turn|11\n|\n|switch|p1a: Landorus|Landorus-Therian, M|49\/100\n|-ability|p1a: Landorus|Intimidate|boost\n|-unboost|p2a: Diancie|atk|1\n|move|p2a: Diancie|Diamond Storm|p1a: Landorus\n|-damage|p1a: Landorus|9\/100\n|\n|upkeep\n|turn|12\n|\n|move|p2a: Diancie|Protect|p2a: Diancie\n|-singleturn|p2a: Diancie|Protect\n|move|p1a: Landorus|Explosion|p2a: Diancie\n|-activate|p2a: Diancie|move: Protect\n|faint|p1a: Landorus\n|\n|upkeep\n|\n|switch|p1a: Kartana|Kartana|100\/100\n|-damage|p1a: Kartana|88\/100|[from] Spikes\n|turn|13\n|\n|switch|p1a: Heatran|Heatran, M|81\/100\n|-damage|p1a: Heatran|69\/100|[from] Spikes\n|switch|p2a: Skarmory|Skarmory, F|96\/100\n|-damage|p2a: Skarmory|84\/100|[from] Stealth Rock\n|\n|upkeep\n|turn|14\n|\n|switch|p2a: Mew|Mew|100\/100\n|-damage|p2a: Mew|88\/100|[from] Stealth Rock\n|move|p1a: Heatran|Magma Storm|p2a: Mew\n|-damage|p2a: Mew|43\/100\n|-activate|p2a: Mew|move: Magma Storm|[of] p1a: Heatran\n|\n|-heal|p2a: Mew|49\/100|[from] item: Leftovers\n|-damage|p2a: Mew|37\/100|[from] move: Magma Storm|[partiallytrapped]\n|upkeep\n|turn|15\n|\n|move|p2a: Mew|Roost|p2a: Mew\n|-heal|p2a: Mew|87\/100\n|-singleturn|p2a: Mew|move: Roost\n|move|p1a: Heatran|Taunt|p2a: Mew\n|-start|p2a: Mew|move: Taunt\n|\n|-heal|p2a: Mew|93\/100|[from] item: Leftovers\n|-damage|p2a: Mew|81\/100|[from] move: Magma Storm|[partiallytrapped]\n|upkeep\n|turn|16\n|c|\u2606i wana rock|\u4eca\u5929\u547d\u4e2d\u53ef\u4ee5\u554a\n|\n|move|p2a: Mew|Ice Beam|p1a: Heatran\n|-resisted|p1a: Heatran\n|-damage|p1a: Heatran|63\/100\n|move|p1a: Heatran|Magma Storm|p2a: Mew\n|-damage|p2a: Mew|34\/100\n|\n|-heal|p2a: Mew|40\/100|[from] item: Leftovers\n|-damage|p2a: Mew|28\/100|[from] move: Magma Storm|[partiallytrapped]\n|upkeep\n|turn|17\n|\n|move|p2a: Mew|Ice Beam|p1a: Heatran\n|-resisted|p1a: Heatran\n|-damage|p1a: Heatran|58\/100\n|move|p1a: Heatran|Earth Power|p2a: Mew\n|-damage|p2a: Mew|1\/100\n|\n|-heal|p2a: Mew|7\/100|[from] item: Leftovers\n|-damage|p2a: Mew|0 fnt|[from] move: Magma Storm|[partiallytrapped]\n|faint|p2a: Mew\n|upkeep\n|\n|switch|p2a: Diancie|Diancie-Mega|88\/100\n|-damage|p2a: Diancie|76\/100|[from] Stealth Rock\n|turn|18\n|\n|switch|p1a: Kartana|Kartana|88\/100\n|-damage|p1a: Kartana|76\/100|[from] Spikes\n|move|p2a: Diancie|Diamond Storm|p1a: Kartana\n|-resisted|p1a: Kartana\n|-damage|p1a: Kartana|49\/100\n|\n|upkeep\n|turn|19\n|\n|move|p2a: Diancie|Protect|p2a: Diancie\n|-singleturn|p2a: Diancie|Protect\n|move|p1a: Kartana|Knock Off|p2a: Diancie\n|-activate|p2a: Diancie|move: Protect\n|\n|upkeep\n|turn|20\n|\n|move|p1a: Kartana|Knock Off|p2a: Diancie\n|-resisted|p2a: Diancie\n|-damage|p2a: Diancie|57\/100\n|move|p2a: Diancie|Stealth Rock|p1a: Kartana\n|-sidestart|p1: i wana rock|move: Stealth Rock\n|\n|upkeep\n|turn|21\n|\n|move|p1a: Kartana|Knock Off|p2a: Diancie\n|-resisted|p2a: Diancie\n|-damage|p2a: Diancie|37\/100\n|move|p2a: Diancie|Moonblast|p1a: Kartana\n|-resisted|p1a: Kartana\n|-damage|p1a: Kartana|0 fnt\n|faint|p1a: Kartana\n|\n|upkeep\n|\n|switch|p1a: Ditto|Ditto|100\/100\n|-damage|p1a: Ditto|88\/100|[from] Spikes\n|-damage|p1a: Ditto|76\/100|[from] Stealth Rock\n|-transform|p1a: Ditto|p2a: Diancie|[from] ability: Imposter\n|turn|22\n|\n|move|p2a: Diancie|Protect|p2a: Diancie\n|-singleturn|p2a: Diancie|Protect\n|move|p1a: Ditto|Moonblast|p2a: Diancie\n|-activate|p2a: Diancie|move: Protect\n|\n|upkeep\n|turn|23\n|inactive|HQSTest has 270 seconds left.\n|\n|switch|p2a: Skarmory|Skarmory, F|84\/100\n|-damage|p2a: Skarmory|72\/100|[from] Stealth Rock\n|move|p1a: Ditto|Moonblast|p2a: Skarmory\n|-resisted|p2a: Skarmory\n|-damage|p2a: Skarmory|34\/100\n|\n|upkeep\n|turn|24\n|\n|move|p1a: Ditto|Moonblast|p2a: Skarmory\n|-resisted|p2a: Skarmory\n|-damage|p2a: Skarmory|0 fnt\n|faint|p2a: Skarmory\n|\n|upkeep\n|\n|switch|p2a: Talonflame|Talonflame, M|100\/100\n|-damage|p2a: Talonflame|51\/100|[from] Stealth Rock\n|turn|25\n|c|\u2606i wana rock|\u5bf9\u4f60\u81ea\u5df1\u7684\u516c\u4e3b\u592a\u4e0d\u81ea\u4fe1\u4e86\u5427\u3002\u3002\n|\n|switch|p1a: Heatran|Heatran, M|58\/100\n|-damage|p1a: Heatran|45\/100|[from] Spikes\n|-damage|p1a: Heatran|33\/100|[from] Stealth Rock\n|move|p2a: Talonflame|Roost|p2a: Talonflame\n|-heal|p2a: Talonflame|100\/100\n|-singleturn|p2a: Talonflame|move: Roost\n|\n|upkeep\n|turn|26\n|c|\u2606HQSTest|\u4f60\u662f\u56f4\u5dfe\u7684\u5440\n|\n|move|p2a: Talonflame|Swords Dance|p2a: Talonflame\n|-boost|p2a: Talonflame|atk|2\n|move|p1a: Heatran|Magma Storm|p2a: Talonflame\n|-resisted|p2a: Talonflame\n|-damage|p2a: Talonflame|62\/100\n|-activate|p2a: Talonflame|move: Magma Storm|[of] p1a: Heatran\n|\n|-damage|p2a: Talonflame|50\/100|[from] move: Magma Storm|[partiallytrapped]\n|upkeep\n|turn|27\n|\n|move|p2a: Talonflame|Roost|p2a: Talonflame\n|-heal|p2a: Talonflame|99\/100\n|-singleturn|p2a: Talonflame|move: Roost\n|move|p1a: Heatran|Earth Power|p2a: Talonflame\n|-supereffective|p2a: Talonflame\n|-damage|p2a: Talonflame|1\/100\n|\n|-damage|p2a: Talonflame|0 fnt|[from] move: Magma Storm|[partiallytrapped]\n|faint|p2a: Talonflame\n|upkeep\n|c|\u2606i wana rock|\u5bf9\u554a\n|\n|switch|p2a: Diancie|Diancie-Mega|37\/100\n|-damage|p2a: Diancie|25\/100|[from] Stealth Rock\n|turn|28\n|c|\u2606i wana rock|\u4f46\u662f\u94a2\u9e1f\u6211\u4e0d\u597d\u6253\u554a\n|\n|move|p2a: Diancie|Diamond Storm|p1a: Heatran\n|-damage|p1a: Heatran|0 fnt\n|faint|p1a: Heatran\n|\n|upkeep\n|\n|switch|p1a: Ditto|Ditto|76\/100\n|-damage|p1a: Ditto|63\/100|[from] Stealth Rock\n|-damage|p1a: Ditto|51\/100|[from] Spikes\n|-transform|p1a: Ditto|p2a: Diancie|[from] ability: Imposter\n|turn|29\n|c|\u2606i wana rock|\u6211\u53ea\u6709\u706b\u94a2\u7a33\u5403\u94a2\u9e1f\n|inactive|HQSTest has 270 seconds left.\n|c|\u2606HQSTest|\u6211\u521a\u9e1f\u8fd8\u662f\u88ab\u706b\u94a2\u65e0\u8111\u7194\u5ca9\u98ce\u66b4\u554a\n|\n|move|p1a: Ditto|Moonblast|p2a: Diancie\n|-damage|p2a: Diancie|0 fnt\n|faint|p2a: Diancie\n|\n|win|i wana rock\n|c|\u2606i wana rock|\u8840\u91cf\u78e8\u4e0b\u53bb\u5c31\u6253\u4e0d\u8fc7\u4e86\n|l|\u2606HQSTest\n","uploadtime":1562610878,"views":16,"p1id":"iwanarock","p2id":"hqstest","formatid":"gen7ou","rating":0,"private":0,"password":null}