{"id":"gen7randombattle-1131971401","p1":"BaddyGames","p2":"Wacro","format":"gen7randombattle","log":"|j|\u2606BaddyGames\n|j|\u2606Wacro\n|player|p1|BaddyGames|275|\n|player|p2|Wacro|swimmer|\n|teamsize|p1|6\n|teamsize|p2|6\n|gametype|singles\n|gen|7\n|tier|[Gen 7] Random Battle\n|rule|Sleep Clause Mod: Limit one foe put to sleep\n|rule|HP Percentage Mod: HP is shown in percentages\n|\n|start\n|switch|p1a: Blastoise|Blastoise, L86, M|276\/276\n|switch|p2a: Bronzong|Bronzong, L84|250\/250\n|turn|1\n|\n|move|p2a: Bronzong|Stealth Rock|p1a: Blastoise\n|-sidestart|p1: BaddyGames|move: Stealth Rock\n|move|p1a: Blastoise|Dragon Tail|p2a: Bronzong\n|-resisted|p2a: Bronzong\n|-damage|p2a: Bronzong|233\/250\n|drag|p2a: Manectric|Manectric, L88, M|266\/266\n|\n|upkeep\n|turn|2\n|\n|switch|p1a: Ampharos|Ampharos, L84, F|288\/288\n|-damage|p1a: Ampharos|252\/288|[from] Stealth Rock\n|move|p2a: Manectric|Volt Switch|p1a: Ampharos\n|-resisted|p1a: Ampharos\n|-damage|p1a: Ampharos|206\/288\n|\n|switch|p2a: Muk|Muk, L88, F|328\/328\n|\n|upkeep\n|turn|3\n|\n|move|p1a: Ampharos|Volt Switch|p2a: Muk\n|-damage|p2a: Muk|256\/328\n|\n|switch|p1a: Blastoise|Blastoise, L86, M|276\/276\n|-damage|p1a: Blastoise|242\/276|[from] Stealth Rock\n|move|p2a: Muk|Gunk Shot|p1a: Blastoise\n|-damage|p1a: Blastoise|55\/276\n|\n|-heal|p1a: Blastoise|72\/276|[from] item: Leftovers\n|upkeep\n|turn|4\n|\n|move|p1a: Blastoise|Rapid Spin|p2a: Muk\n|-damage|p2a: Muk|241\/328\n|-sideend|p1: BaddyGames|Stealth Rock|[from] move: Rapid Spin|[of] p1a: Blastoise\n|move|p2a: Muk|Gunk Shot|p1a: Blastoise|[miss]\n|-miss|p2a: Muk|p1a: Blastoise\n|\n|-heal|p1a: Blastoise|89\/276|[from] item: Leftovers\n|upkeep\n|turn|5\n|\n|switch|p1a: Jirachi|Jirachi, L80|291\/291\n|move|p2a: Muk|Gunk Shot|p1a: Jirachi\n|-immune|p1a: Jirachi\n|\n|upkeep\n|turn|6\n|\n|switch|p2a: Decidueye|Decidueye, L86, F|274\/274\n|move|p1a: Jirachi|Iron Head|p2a: Decidueye\n|-damage|p2a: Decidueye|178\/274\n|\n|-heal|p2a: Decidueye|195\/274|[from] item: Leftovers\n|upkeep\n|turn|7\n|\n|move|p1a: Jirachi|U-turn|p2a: Decidueye\n|-crit|p2a: Decidueye\n|-damage|p2a: Decidueye|111\/274\n|\n|switch|p1a: Mienshao|Mienshao, L84, M|246\/246\n|move|p2a: Decidueye|Spirit Shackle|p1a: Mienshao\n|-damage|p1a: Mienshao|120\/246\n|-activate|p1a: Mienshao|trapped\n|\n|-heal|p2a: Decidueye|128\/274|[from] item: Leftovers\n|upkeep\n|turn|8\n|\n|move|p1a: Mienshao|Knock Off|p2a: Decidueye\n|-supereffective|p2a: Decidueye\n|-damage|p2a: Decidueye|0 fnt\n|-enditem|p2a: Decidueye|Leftovers|[from] move: Knock Off|[of] p1a: Mienshao\n|-damage|p1a: Mienshao|96\/246|[from] item: Life Orb\n|faint|p2a: Decidueye\n|\n|upkeep\n|\n|switch|p2a: Pidgeot|Pidgeot, L82, F|270\/270\n|turn|9\n|\n|detailschange|p2a: Pidgeot|Pidgeot-Mega, L82, F\n|-mega|p2a: Pidgeot|Pidgeot|Pidgeotite\n|move|p2a: Pidgeot|Hurricane|p1a: Mienshao\n|-supereffective|p1a: Mienshao\n|-damage|p1a: Mienshao|0 fnt\n|faint|p1a: Mienshao\n|\n|upkeep\n|\n|switch|p1a: Jirachi|Jirachi, L80|291\/291\n|turn|10\n|\n|move|p2a: Pidgeot|U-turn|p1a: Jirachi\n|-damage|p1a: Jirachi|252\/291\n|\n|switch|p2a: Bronzong|Bronzong, L84|233\/250\n|move|p1a: Jirachi|Body Slam|p2a: Bronzong\n|-resisted|p2a: Bronzong\n|-damage|p2a: Bronzong|209\/250\n|-status|p2a: Bronzong|par\n|\n|-heal|p1a: Jirachi|270\/291|[from] item: Leftovers\n|-heal|p2a: Bronzong|224\/250 par|[from] item: Leftovers\n|upkeep\n|turn|11\n|\n|move|p1a: Jirachi|Wish|p1a: Jirachi\n|move|p2a: Bronzong|Light Screen|p2a: Bronzong\n|-sidestart|p2: Wacro|move: Light Screen\n|\n|-heal|p1a: Jirachi|288\/291|[from] item: Leftovers\n|-heal|p2a: Bronzong|239\/250 par|[from] item: Leftovers\n|upkeep\n|turn|12\n|\n|move|p1a: Jirachi|U-turn|p2a: Bronzong\n|-damage|p2a: Bronzong|200\/250 par\n|\n|switch|p1a: Blastoise|Blastoise, L86, M|89\/276\n|move|p2a: Bronzong|Gyro Ball|p1a: Blastoise\n|-resisted|p1a: Blastoise\n|-damage|p1a: Blastoise|20\/276\n|\n|-heal|p1a: Blastoise|165\/276|[from] move: Wish|[wisher] Jirachi\n|-heal|p1a: Blastoise|182\/276|[from] item: Leftovers\n|-heal|p2a: Bronzong|215\/250 par|[from] item: Leftovers\n|upkeep\n|turn|13\n|\n|switch|p2a: Manectric|Manectric, L88, M|266\/266\n|move|p1a: Blastoise|Scald|p2a: Manectric\n|-damage|p2a: Manectric|213\/266\n|\n|-heal|p1a: Blastoise|199\/276|[from] item: Leftovers\n|upkeep\n|turn|14\n|\n|move|p2a: Manectric|Overheat|p1a: Blastoise\n|-resisted|p1a: Blastoise\n|-damage|p1a: Blastoise|156\/276\n|-unboost|p2a: Manectric|spa|2\n|move|p1a: Blastoise|Toxic|p2a: Manectric\n|-status|p2a: Manectric|tox\n|\n|-heal|p1a: Blastoise|173\/276|[from] item: Leftovers\n|-damage|p2a: Manectric|197\/266 tox|[from] psn\n|upkeep\n|turn|15\n|\n|switch|p2a: Muk|Muk, L88, F|241\/328\n|move|p1a: Blastoise|Dragon Tail|p2a: Muk\n|-damage|p2a: Muk|198\/328\n|drag|p2a: Bronzong|Bronzong, L84|215\/250 par\n|\n|-heal|p1a: Blastoise|190\/276|[from] item: Leftovers\n|-heal|p2a: Bronzong|230\/250 par|[from] item: Leftovers\n|-sideend|p2: Wacro|move: Light Screen\n|upkeep\n|turn|16\n|\n|move|p1a: Blastoise|Scald|p2a: Bronzong\n|-damage|p2a: Bronzong|169\/250 par\n|move|p2a: Bronzong|Toxic|p1a: Blastoise\n|-status|p1a: Blastoise|tox\n|\n|-heal|p1a: Blastoise|207\/276 tox|[from] item: Leftovers\n|-heal|p2a: Bronzong|184\/250 par|[from] item: Leftovers\n|-damage|p1a: Blastoise|190\/276 tox|[from] psn\n|upkeep\n|turn|17\n|\n|move|p1a: Blastoise|Scald|p2a: Bronzong\n|-damage|p2a: Bronzong|121\/250 par\n|cant|p2a: Bronzong|par\n|\n|-heal|p1a: Blastoise|207\/276 tox|[from] item: Leftovers\n|-heal|p2a: Bronzong|136\/250 par|[from] item: Leftovers\n|-damage|p1a: Blastoise|173\/276 tox|[from] psn\n|upkeep\n|turn|18\n|\n|switch|p1a: Ampharos|Ampharos, L84, F|206\/288\n|move|p2a: Bronzong|Gyro Ball|p1a: Ampharos\n|-resisted|p1a: Ampharos\n|-damage|p1a: Ampharos|146\/288\n|\n|-heal|p2a: Bronzong|151\/250 par|[from] item: Leftovers\n|upkeep\n|turn|19\n|\n|detailschange|p1a: Ampharos|Ampharos-Mega, L84, F\n|-mega|p1a: Ampharos|Ampharos|Ampharosite\n|-ability|p1a: Ampharos|Mold Breaker\n|move|p1a: Ampharos|Volt Switch|p2a: Bronzong\n|-damage|p2a: Bronzong|61\/250 par\n|\n|switch|p1a: Jirachi|Jirachi, L80|288\/291\n|move|p2a: Bronzong|Toxic|p1a: Jirachi\n|-immune|p1a: Jirachi\n|\n|-heal|p1a: Jirachi|291\/291|[from] item: Leftovers\n|-heal|p2a: Bronzong|76\/250 par|[from] item: Leftovers\n|upkeep\n|turn|20\n|\n|move|p1a: Jirachi|Iron Head|p2a: Bronzong\n|-resisted|p2a: Bronzong\n|-damage|p2a: Bronzong|43\/250 par\n|cant|p2a: Bronzong|flinch\n|\n|-heal|p2a: Bronzong|58\/250 par|[from] item: Leftovers\n|upkeep\n|turn|21\n|\n|move|p1a: Jirachi|Iron Head|p2a: Bronzong\n|-resisted|p2a: Bronzong\n|-damage|p2a: Bronzong|24\/250 par\n|move|p2a: Bronzong|Light Screen|p2a: Bronzong\n|-sidestart|p2: Wacro|move: Light Screen\n|\n|-heal|p2a: Bronzong|39\/250 par|[from] item: Leftovers\n|upkeep\n|turn|22\n|\n|move|p1a: Jirachi|Wish|p1a: Jirachi\n|cant|p2a: Bronzong|par\n|\n|-heal|p2a: Bronzong|54\/250 par|[from] item: Leftovers\n|upkeep\n|turn|23\n|\n|move|p1a: Jirachi|U-turn|p2a: Bronzong\n|-damage|p2a: Bronzong|17\/250 par\n|\n|switch|p1a: Ampharos|Ampharos-Mega, L84, F|146\/288\n|-ability|p1a: Ampharos|Mold Breaker\n|move|p2a: Bronzong|Stealth Rock|p1a: Ampharos\n|-sidestart|p1: BaddyGames|move: Stealth Rock\n|\n|-heal|p1a: Ampharos|288\/288|[from] move: Wish|[wisher] Jirachi\n|-heal|p2a: Bronzong|32\/250 par|[from] item: Leftovers\n|upkeep\n|turn|24\n|\n|move|p1a: Ampharos|Thunderbolt|p2a: Bronzong\n|-damage|p2a: Bronzong|0 fnt\n|faint|p2a: Bronzong\n|\n|upkeep\n|\n|switch|p2a: Muk|Muk, L88, F|198\/328\n|turn|25\n|\n|move|p2a: Muk|Fire Punch|p1a: Ampharos\n|-resisted|p1a: Ampharos\n|-damage|p1a: Ampharos|247\/288\n|move|p1a: Ampharos|Volt Switch|p2a: Muk\n|-crit|p2a: Muk\n|-damage|p2a: Muk|62\/328\n|\n|switch|p1a: Jirachi|Jirachi, L80|291\/291\n|-damage|p1a: Jirachi|273\/291|[from] Stealth Rock\n|\n|-heal|p1a: Jirachi|291\/291|[from] item: Leftovers\n|-sideend|p2: Wacro|move: Light Screen\n|upkeep\n|turn|26\n|\n|move|p1a: Jirachi|Iron Head|p2a: Muk\n|-damage|p2a: Muk|0 fnt\n|faint|p2a: Muk\n|\n|upkeep\n|\n|switch|p2a: Lunala|Lunala, L78|342\/342\n|turn|27\n|\n|move|p1a: Jirachi|U-turn|p2a: Lunala\n|-damage|p2a: Lunala|317\/342\n|\n|switch|p1a: Blastoise|Blastoise, L86, M|173\/276 tox\n|-damage|p1a: Blastoise|139\/276 tox|[from] Stealth Rock\n|move|p2a: Lunala|Moongeist Beam|p1a: Blastoise\n|-damage|p1a: Blastoise|36\/276 tox\n|\n|-heal|p2a: Lunala|338\/342|[from] item: Leftovers\n|-heal|p1a: Blastoise|53\/276 tox|[from] item: Leftovers\n|-damage|p1a: Blastoise|36\/276 tox|[from] psn\n|upkeep\n|turn|28\n|\n|move|p2a: Lunala|Psyshock|p1a: Blastoise\n|-damage|p1a: Blastoise|0 fnt\n|faint|p1a: Blastoise\n|\n|-heal|p2a: Lunala|342\/342|[from] item: Leftovers\n|upkeep\n|\n|switch|p1a: Ampharos|Ampharos-Mega, L84, F|247\/288\n|-damage|p1a: Ampharos|211\/288|[from] Stealth Rock\n|-ability|p1a: Ampharos|Mold Breaker\n|turn|29\n|\n|move|p2a: Lunala|Calm Mind|p2a: Lunala\n|-boost|p2a: Lunala|spa|1\n|-boost|p2a: Lunala|spd|1\n|move|p1a: Ampharos|Thunderbolt|p2a: Lunala\n|-damage|p2a: Lunala|297\/342\n|\n|-heal|p2a: Lunala|318\/342|[from] item: Leftovers\n|upkeep\n|turn|30\n|\n|move|p2a: Lunala|Calm Mind|p2a: Lunala\n|-boost|p2a: Lunala|spa|1\n|-boost|p2a: Lunala|spd|1\n|move|p1a: Ampharos|Thunderbolt|p2a: Lunala\n|-damage|p2a: Lunala|251\/342\n|\n|-heal|p2a: Lunala|272\/342|[from] item: Leftovers\n|upkeep\n|turn|31\n|\n|move|p2a: Lunala|Moongeist Beam|p1a: Ampharos\n|-damage|p1a: Ampharos|12\/288\n|move|p1a: Ampharos|Thunderbolt|p2a: Lunala\n|-damage|p2a: Lunala|203\/342\n|-status|p2a: Lunala|par\n|\n|-heal|p2a: Lunala|224\/342 par|[from] item: Leftovers\n|upkeep\n|turn|32\n|\n|move|p1a: Ampharos|Thunderbolt|p2a: Lunala\n|-damage|p2a: Lunala|157\/342 par\n|move|p2a: Lunala|Calm Mind|p2a: Lunala\n|-boost|p2a: Lunala|spa|1\n|-boost|p2a: Lunala|spd|1\n|\n|-heal|p2a: Lunala|178\/342 par|[from] item: Leftovers\n|upkeep\n|turn|33\n|\n|move|p1a: Ampharos|Thunderbolt|p2a: Lunala\n|-damage|p2a: Lunala|124\/342 par\n|cant|p2a: Lunala|par\n|\n|-heal|p2a: Lunala|145\/342 par|[from] item: Leftovers\n|upkeep\n|turn|34\n|\n|move|p1a: Ampharos|Thunderbolt|p2a: Lunala\n|-damage|p2a: Lunala|93\/342 par\n|move|p2a: Lunala|Roost|p2a: Lunala\n|-heal|p2a: Lunala|264\/342 par\n|-singleturn|p2a: Lunala|move: Roost\n|\n|-heal|p2a: Lunala|285\/342 par|[from] item: Leftovers\n|upkeep\n|turn|35\n|\n|move|p1a: Ampharos|Volt Switch|p2a: Lunala\n|-damage|p2a: Lunala|240\/342 par\n|\n|switch|p1a: Diancie|Diancie, L84|221\/221\n|-damage|p1a: Diancie|194\/221|[from] Stealth Rock\n|move|p2a: Lunala|Psyshock|p1a: Diancie\n|-damage|p1a: Diancie|40\/221\n|\n|-heal|p1a: Diancie|53\/221|[from] item: Leftovers\n|-heal|p2a: Lunala|261\/342 par|[from] item: Leftovers\n|upkeep\n|turn|36\n|\n|move|p1a: Diancie|Light Screen|p1a: Diancie\n|-sidestart|p1: BaddyGames|move: Light Screen\n|cant|p2a: Lunala|par\n|\n|-heal|p1a: Diancie|66\/221|[from] item: Leftovers\n|-heal|p2a: Lunala|282\/342 par|[from] item: Leftovers\n|upkeep\n|turn|37\n|\n|move|p1a: Diancie|Moonblast|p2a: Lunala\n|-damage|p2a: Lunala|245\/342 par\n|move|p2a: Lunala|Psyshock|p1a: Diancie\n|-damage|p1a: Diancie|0 fnt\n|faint|p1a: Diancie\n|\n|-heal|p2a: Lunala|266\/342 par|[from] item: Leftovers\n|upkeep\n|\n|switch|p1a: Jirachi|Jirachi, L80|291\/291\n|-damage|p1a: Jirachi|273\/291|[from] Stealth Rock\n|turn|38\n|\n|move|p1a: Jirachi|Iron Head|p2a: Lunala\n|-damage|p2a: Lunala|176\/342 par\n|cant|p2a: Lunala|flinch\n|\n|-heal|p1a: Jirachi|291\/291|[from] item: Leftovers\n|-heal|p2a: Lunala|197\/342 par|[from] item: Leftovers\n|upkeep\n|turn|39\n|\n|move|p1a: Jirachi|Iron Head|p2a: Lunala\n|-damage|p2a: Lunala|112\/342 par\n|cant|p2a: Lunala|flinch\n|\n|-heal|p2a: Lunala|133\/342 par|[from] item: Leftovers\n|upkeep\n|turn|40\n|\n|move|p1a: Jirachi|Iron Head|p2a: Lunala\n|-damage|p2a: Lunala|45\/342 par\n|move|p2a: Lunala|Roost|p2a: Lunala\n|-heal|p2a: Lunala|216\/342 par\n|-singleturn|p2a: Lunala|move: Roost\n|\n|-heal|p2a: Lunala|237\/342 par|[from] item: Leftovers\n|-sideend|p1: BaddyGames|move: Light Screen\n|upkeep\n|turn|41\n|\n|move|p1a: Jirachi|Iron Head|p2a: Lunala\n|-damage|p2a: Lunala|152\/342 par\n|cant|p2a: Lunala|par\n|\n|-heal|p2a: Lunala|173\/342 par|[from] item: Leftovers\n|upkeep\n|turn|42\n|\n|move|p1a: Jirachi|Iron Head|p2a: Lunala\n|-damage|p2a: Lunala|86\/342 par\n|cant|p2a: Lunala|flinch\n|\n|-heal|p2a: Lunala|107\/342 par|[from] item: Leftovers\n|upkeep\n|turn|43\n|\n|move|p1a: Jirachi|Iron Head|p2a: Lunala\n|-damage|p2a: Lunala|25\/342 par\n|cant|p2a: Lunala|flinch\n|\n|-heal|p2a: Lunala|46\/342 par|[from] item: Leftovers\n|upkeep\n|turn|44\n|\n|move|p1a: Jirachi|Iron Head|p2a: Lunala\n|-damage|p2a: Lunala|0 fnt\n|faint|p2a: Lunala\n|\n|upkeep\n|\n|switch|p2a: Pidgeot|Pidgeot-Mega, L82, F|270\/270\n|turn|45\n|\n|move|p2a: Pidgeot|Hurricane|p1a: Jirachi\n|-resisted|p1a: Jirachi\n|-damage|p1a: Jirachi|225\/291\n|move|p1a: Jirachi|Body Slam|p2a: Pidgeot\n|-damage|p2a: Pidgeot|210\/270\n|-status|p2a: Pidgeot|par\n|\n|-heal|p1a: Jirachi|243\/291|[from] item: Leftovers\n|upkeep\n|turn|46\n|\n|move|p1a: Jirachi|Iron Head|p2a: Pidgeot\n|-damage|p2a: Pidgeot|120\/270 par\n|cant|p2a: Pidgeot|flinch\n|\n|-heal|p1a: Jirachi|261\/291|[from] item: Leftovers\n|upkeep\n|turn|47\n|\n|move|p1a: Jirachi|Iron Head|p2a: Pidgeot\n|-damage|p2a: Pidgeot|30\/270 par\n|cant|p2a: Pidgeot|flinch\n|\n|-heal|p1a: Jirachi|279\/291|[from] item: Leftovers\n|upkeep\n|turn|48\n|\n|move|p1a: Jirachi|U-turn|p2a: Pidgeot\n|-resisted|p2a: Pidgeot\n|-damage|p2a: Pidgeot|6\/270 par\n|\n|switch|p1a: Magcargo|Magcargo, L88, F|249\/249\n|-damage|p1a: Magcargo|187\/249|[from] Stealth Rock\n|move|p2a: Pidgeot|U-turn|p1a: Magcargo\n|-resisted|p1a: Magcargo\n|-damage|p1a: Magcargo|172\/249\n|\n|switch|p2a: Manectric|Manectric, L88, M|197\/266 tox\n|\n|-damage|p2a: Manectric|181\/266 tox|[from] psn\n|upkeep\n|turn|49\n|\n|move|p2a: Manectric|Hidden Power|p1a: Magcargo\n|-damage|p1a: Magcargo|124\/249\n|move|p1a: Magcargo|Earth Power|p2a: Manectric\n|-supereffective|p2a: Manectric\n|-damage|p2a: Manectric|0 fnt\n|faint|p2a: Manectric\n|\n|upkeep\n|\n|switch|p2a: Pidgeot|Pidgeot-Mega, L82, F|6\/270 par\n|turn|50\n|\n|move|p2a: Pidgeot|Hurricane|p1a: Magcargo\n|-resisted|p1a: Magcargo\n|-damage|p1a: Magcargo|52\/249\n|move|p1a: Magcargo|Lava Plume|p2a: Pidgeot\n|-crit|p2a: Pidgeot\n|-damage|p2a: Pidgeot|0 fnt\n|faint|p2a: Pidgeot\n|\n|win|BaddyGames\n|c|\u2606BaddyGames|gg\n","inputlog":">version e1649a2dfaa61a80f5a5f70e20f6f26ae4cc4115\n>version-origin 70ab234f1d71fd2bc2b4c543cd0d0a1110b8e06b\n>start {\"formatid\":\"gen7randombattle\",\"seed\":[27887,10967,11778,46727]}\n>player p1 {\"name\":\"BaddyGames\",\"avatar\":\"275\",\"team\":\"\",\"rating\":0,\"seed\":[63910,18087,45734,2238]}\n>player p2 {\"name\":\"Wacro\",\"avatar\":\"swimmer\",\"team\":\"\",\"rating\":0,\"seed\":[48343,14048,35531,33732]}\n>p1 move dragontail\n>p2 move stealthrock\n>p1 switch 3\n>p2 move voltswitch\n>p2 switch 2\n>p1 move voltswitch\n>p2 move gunkshot\n>p1 switch 3\n>p1 move rapidspin\n>p2 move gunkshot\n>p1 switch 6\n>p2 move gunkshot\n>p1 move ironhead\n>p2 switch 3\n>p1 move uturn\n>p2 move spiritshackle\n>p1 switch 2\n>p1 move knockoff\n>p2 move spiritshackle\n>p2 switch 5\n>p1 move knockoff\n>p2 move hurricane mega\n>p1 switch 2\n>p1 move bodyslam\n>p2 move uturn\n>p2 switch 6\n>p1 move wish\n>p2 move lightscreen\n>p1 move uturn\n>p2 move gyroball\n>p1 switch 6\n>p1 move scald\n>p2 switch 2\n>p1 move toxic\n>p2 move overheat\n>p1 move dragontail\n>p2 switch 3\n>p1 move scald\n>p2 move toxic\n>p1 move scald\n>p2 move gyroball\n>p1 switch 3\n>p2 move gyroball\n>p1 move voltswitch mega\n>p2 move toxic\n>p1 switch 6\n>p1 move ironhead\n>p2 move lightscreen\n>p1 move ironhead\n>p2 move lightscreen\n>p1 move wish\n>p2 move stealthrock\n>p1 move uturn\n>p2 move stealthrock\n>p1 switch 6\n>p1 move thunderbolt\n>p2 move toxic\n>p2 switch 2\n>p1 move voltswitch\n>p2 move firepunch\n>p1 switch 6\n>p1 move ironhead\n>p2 move firepunch\n>p2 switch 4\n>p1 move uturn\n>p2 move moongeistbeam\n>p1 switch 3\n>p1 move toxic\n>p2 move psyshock\n>p1 switch 6\n>p1 move thunderbolt\n>p2 move calmmind\n>p1 move thunderbolt\n>p2 move calmmind\n>p1 move thunderbolt\n>p2 move moongeistbeam\n>p1 move thunderbolt\n>p2 move calmmind\n>p1 move thunderbolt\n>p2 move roost\n>p1 move thunderbolt\n>p2 move roost\n>p1 move voltswitch\n>p2 move psyshock\n>p1 switch 4\n>p1 move lightscreen\n>p2 move psyshock\n>p1 move moonblast\n>p2 move psyshock\n>p1 switch 3\n>p1 move ironhead\n>p2 move moongeistbeam\n>p1 move ironhead\n>p2 move moongeistbeam\n>p1 move ironhead\n>p2 move roost\n>p1 move ironhead\n>p2 move moongeistbeam\n>p1 move ironhead\n>p2 move roost\n>p1 move ironhead\n>p2 move roost\n>p1 move ironhead\n>p2 move roost\n>p2 switch 6\n>p1 move bodyslam\n>p2 move hurricane\n>p1 move ironhead\n>p2 move hurricane\n>p1 move ironhead\n>p2 move hurricane\n>p1 move uturn\n>p2 move uturn\n>p1 switch 5\n>p2 switch 3\n>p1 move earthpower\n>p2 move hiddenpower\n>p2 switch 3\n>p1 move lavaplume\n>p2 move hurricane","uploadtime":1592057268,"views":5,"p1id":"baddygames","p2id":"wacro","formatid":"gen7randombattle","rating":0,"private":0,"password":null}