{"id":"gen7ou-969056578","p1":"gamingnickos","p2":"Walletinspector62","format":"gen7ou","log":"|j|\u2606gamingnickos\n|j|\u2606Walletinspector62\n|player|p1|gamingnickos|52|\n|player|p2|Walletinspector62|265|\n|teamsize|p1|6\n|teamsize|p2|6\n|gametype|singles\n|gen|7\n|tier|[Gen 7] OU\n|rule|Sleep Clause Mod: Limit one foe put to sleep\n|rule|Species Clause: Limit one of each Pok\u00e9mon\n|rule|OHKO Clause: OHKO moves are banned\n|rule|Moody Clause: Moody is banned\n|rule|Evasion Moves Clause: Evasion moves are banned\n|rule|Endless Battle Clause: Forcing endless battles is banned\n|rule|HP Percentage Mod: HP is shown in percentages\n|clearpoke\n|poke|p1|Jolteon, F|item\n|poke|p1|Kabutops, M|item\n|poke|p1|Ferrothorn, F|item\n|poke|p1|Politoed, F|item\n|poke|p1|Charizard, M|item\n|poke|p1|Tornadus-Therian, M|item\n|poke|p2|Donphan, M|item\n|poke|p2|Victini|item\n|poke|p2|Ninetales-Alola, F|item\n|poke|p2|Dragalge, M|item\n|poke|p2|Zapdos|item\n|poke|p2|Kartana|item\n|teampreview\n|c|\u2606Walletinspector62|Glhf\n|c|\u2606gamingnickos|hf\n|\n|start\n|switch|p1a: Charizard|Charizard, M|100\/100\n|switch|p2a: Reeses|Donphan, M, shiny|100\/100\n|turn|1\n|\n|detailschange|p1a: Charizard|Charizard-Mega-X, M\n|-mega|p1a: Charizard|Charizard|Charizardite X\n|move|p1a: Charizard|Substitute|p1a: Charizard\n|-start|p1a: Charizard|Substitute\n|-damage|p1a: Charizard|76\/100\n|move|p2a: Reeses|Stealth Rock|p1a: Charizard\n|-sidestart|p1: gamingnickos|move: Stealth Rock\n|\n|upkeep\n|turn|2\n|\n|move|p1a: Charizard|Flame Charge|p2a: Reeses\n|-damage|p2a: Reeses|76\/100\n|-boost|p1a: Charizard|spe|1\n|move|p2a: Reeses|Earthquake|p1a: Charizard\n|-supereffective|p1a: Charizard\n|-end|p1a: Charizard|Substitute\n|\n|-heal|p2a: Reeses|82\/100|[from] item: Leftovers\n|upkeep\n|turn|3\n|\n|move|p1a: Charizard|Dragon Claw|p2a: Reeses\n|-damage|p2a: Reeses|44\/100\n|move|p2a: Reeses|Earthquake|p1a: Charizard\n|-supereffective|p1a: Charizard\n|-damage|p1a: Charizard|0 fnt\n|faint|p1a: Charizard\n|\n|-heal|p2a: Reeses|50\/100|[from] item: Leftovers\n|upkeep\n|\n|switch|p1a: Ferrothorn|Ferrothorn, F|100\/100\n|-damage|p1a: Ferrothorn|94\/100|[from] Stealth Rock\n|turn|4\n|\n|move|p2a: Reeses|Fire Fang|p1a: Ferrothorn\n|-supereffective|p1a: Ferrothorn\n|-damage|p1a: Ferrothorn|26\/100\n|-damage|p2a: Reeses|38\/100|[from] ability: Iron Barbs|[of] p1a: Ferrothorn\n|move|p1a: Ferrothorn|Leech Seed|p2a: Reeses\n|-start|p2a: Reeses|move: Leech Seed\n|\n|-heal|p2a: Reeses|44\/100|[from] item: Leftovers\n|-heal|p1a: Ferrothorn|32\/100|[from] item: Leftovers\n|-damage|p2a: Reeses|32\/100|[from] Leech Seed|[of] p1a: Ferrothorn\n|-heal|p1a: Ferrothorn|46\/100|[silent]\n|upkeep\n|turn|5\n|\n|switch|p1a: Politoed|Politoed, F|100\/100\n|-damage|p1a: Politoed|88\/100|[from] Stealth Rock\n|-weather|RainDance|[from] ability: Drizzle|[of] p1a: Politoed\n|move|p2a: Reeses|Rapid Spin|p1a: Politoed\n|-crit|p1a: Politoed\n|-damage|p1a: Politoed|76\/100\n|-end|p2a: Reeses|Leech Seed|[from] move: Rapid Spin|[of] p2a: Reeses\n|\n|-weather|RainDance|[upkeep]\n|-heal|p2a: Reeses|38\/100|[from] item: Leftovers\n|upkeep\n|turn|6\n|\n|switch|p2a: Sushi|Dragalge, M, shiny|100\/100\n|move|p1a: Politoed|Encore||[still]\n|-fail|p1a: Politoed\n|\n|-weather|RainDance|[upkeep]\n|upkeep\n|turn|7\n|\n|switch|p1a: Ferrothorn|Ferrothorn, F|46\/100\n|-damage|p1a: Ferrothorn|39\/100|[from] Stealth Rock\n|move|p2a: Sushi|Toxic Spikes|p1a: Ferrothorn\n|-sidestart|p1: gamingnickos|move: Toxic Spikes\n|\n|-weather|RainDance|[upkeep]\n|-heal|p1a: Ferrothorn|46\/100|[from] item: Leftovers\n|upkeep\n|turn|8\n|\n|move|p2a: Sushi|Focus Blast|p1a: Ferrothorn\n|-supereffective|p1a: Ferrothorn\n|-damage|p1a: Ferrothorn|0 fnt\n|faint|p1a: Ferrothorn\n|\n|-weather|RainDance|[upkeep]\n|upkeep\n|\n|switch|p1a: Jolteon|Jolteon, F|100\/100\n|-damage|p1a: Jolteon|88\/100|[from] Stealth Rock\n|-status|p1a: Jolteon|psn\n|turn|9\n|\n|move|p1a: Jolteon|Thunderbolt|p2a: Sushi\n|-resisted|p2a: Sushi\n|-damage|p2a: Sushi|74\/100\n|-damage|p1a: Jolteon|78\/100 psn|[from] item: Life Orb\n|move|p2a: Sushi|Sludge Wave|p1a: Jolteon\n|-damage|p1a: Jolteon|0 fnt\n|faint|p1a: Jolteon\n|\n|-weather|none\n|upkeep\n|\n|switch|p1a: Politoed|Politoed, F|76\/100\n|-damage|p1a: Politoed|64\/100|[from] Stealth Rock\n|-status|p1a: Politoed|psn\n|-weather|RainDance|[from] ability: Drizzle|[of] p1a: Politoed\n|turn|10\n|\n|move|p1a: Politoed|Toxic|p2a: Sushi\n|-immune|p2a: Sushi\n|move|p2a: Sushi|Sludge Wave|p1a: Politoed\n|-damage|p1a: Politoed|26\/100 psn\n|\n|-weather|RainDance|[upkeep]\n|-damage|p1a: Politoed|14\/100 psn|[from] psn\n|upkeep\n|-enditem|p1a: Politoed|Iapapa Berry|[eat]\n|-heal|p1a: Politoed|64\/100 psn|[from] item: Iapapa Berry\n|turn|11\n|\n|move|p1a: Politoed|Scald|p2a: Sushi\n|-resisted|p2a: Sushi\n|-damage|p2a: Sushi|57\/100\n|move|p2a: Sushi|Toxic Spikes|p1a: Politoed\n|-sidestart|p1: gamingnickos|move: Toxic Spikes\n|\n|-weather|RainDance|[upkeep]\n|-damage|p1a: Politoed|52\/100 psn|[from] psn\n|upkeep\n|turn|12\n|\n|move|p1a: Politoed|Scald|p2a: Sushi\n|-resisted|p2a: Sushi\n|-damage|p2a: Sushi|41\/100\n|move|p2a: Sushi|Sludge Wave|p1a: Politoed\n|-damage|p1a: Politoed|11\/100 psn\n|\n|-weather|RainDance|[upkeep]\n|-damage|p1a: Politoed|0 fnt|[from] psn\n|faint|p1a: Politoed\n|upkeep\n|\n|switch|p1a: Kabutops|Kabutops, M|100\/100\n|-damage|p1a: Kabutops|88\/100|[from] Stealth Rock\n|-status|p1a: Kabutops|tox\n|turn|13\n|\n|switch|p2a: Reeses|Donphan, M, shiny|38\/100\n|move|p1a: Kabutops|Stone Edge|p2a: Reeses|[miss]\n|-miss|p1a: Kabutops|p2a: Reeses\n|\n|-weather|RainDance|[upkeep]\n|-heal|p2a: Reeses|44\/100|[from] item: Leftovers\n|-damage|p1a: Kabutops|82\/100 tox|[from] psn\n|upkeep\n|turn|14\n|\n|move|p1a: Kabutops|Aqua Jet|p2a: Reeses\n|-supereffective|p2a: Reeses\n|-damage|p2a: Reeses|0 fnt\n|faint|p2a: Reeses\n|\n|-weather|none\n|-damage|p1a: Kabutops|70\/100 tox|[from] psn\n|upkeep\n|\n|switch|p2a: Emma Frost|Ninetales-Alola, F, shiny|100\/100\n|-weather|Hail|[from] ability: Snow Warning|[of] p2a: Emma Frost\n|turn|15\n|\n|move|p2a: Emma Frost|Aurora Veil|p2a: Emma Frost\n|-sidestart|p2: Walletinspector62|move: Aurora Veil\n|move|p1a: Kabutops|Stone Edge|p2a: Emma Frost|[miss]\n|-miss|p1a: Kabutops|p2a: Emma Frost\n|\n|-weather|Hail|[upkeep]\n|-damage|p1a: Kabutops|64\/100 tox|[from] Hail\n|-damage|p1a: Kabutops|45\/100 tox|[from] psn\n|upkeep\n|turn|16\n|\n|move|p2a: Emma Frost|Freeze-Dry|p1a: Kabutops\n|-supereffective|p1a: Kabutops\n|-damage|p1a: Kabutops|0 fnt\n|faint|p1a: Kabutops\n|\n|-weather|Hail|[upkeep]\n|upkeep\n|\n|switch|p1a: Tornadus|Tornadus-Therian, M|100\/100\n|-damage|p1a: Tornadus|76\/100|[from] Stealth Rock\n|turn|17\n|c|\u2606Walletinspector62|Gg\n|c|\u2606gamingnickos|gg\n|\n|move|p1a: Tornadus|Iron Tail|p2a: Emma Frost|[miss]\n|-miss|p1a: Tornadus|p2a: Emma Frost\n|move|p2a: Emma Frost|Blizzard|p1a: Tornadus\n|-supereffective|p1a: Tornadus\n|-damage|p1a: Tornadus|0 fnt\n|faint|p1a: Tornadus\n|\n|win|Walletinspector62\n|c|\u2606gamingnickos|wow\n|c|\u2606Walletinspector62|Oof\n|c|\u2606Walletinspector62|Those two missed mattered for dif\n","uploadtime":1567289341,"views":8,"p1id":"gamingnickos","p2id":"walletinspector62","formatid":"gen7ou","rating":0,"private":0,"password":null}