{"id":"gen7ou-1631663364","p1":"FildrongEstNul","p2":"I drip too hard","format":"gen7ou","log":"|j|\u203dFildrongEstNul\n|j|\u2606I drip too hard\n|t:|1659565423\n|gametype|singles\n|player|p1|FildrongEstNul|102|1336\n|player|p2|I drip too hard|hilbert-wonderlauncher|1342\n|teamsize|p1|6\n|teamsize|p2|6\n|gen|7\n|tier|[Gen 7] OU\n|rated|\n|rule|Sleep Clause Mod: Limit one foe put to sleep\n|rule|Species Clause: Limit one of each Pok\u00e9mon\n|rule|OHKO Clause: OHKO moves are banned\n|rule|Moody Clause: Moody is banned\n|rule|Evasion Moves Clause: Evasion moves are banned\n|rule|Endless Battle Clause: Forcing endless battles is banned\n|rule|HP Percentage Mod: HP is shown in percentages\n|clearpoke\n|poke|p1|Venusaur, M|item\n|poke|p1|Bisharp, F|item\n|poke|p1|Keldeo|item\n|poke|p1|Chansey, F|item\n|poke|p1|Heatran, M|item\n|poke|p1|Skarmory, F|item\n|poke|p2|Mawile, F|item\n|poke|p2|Tapu Koko|item\n|poke|p2|Magearna|item\n|poke|p2|Landorus-Therian, M|item\n|poke|p2|Rotom-Wash|item\n|poke|p2|Kartana|item\n|teampreview\n|inactive|Battle timer is ON: inactive players will automatically lose when time's up. (requested by I drip too hard)\n|inactive|FildrongEstNul also wants the timer to be on.\n|inactive|I drip too hard has 120 seconds left.\n|\n|t:|1659565465\n|start\n|switch|p1a: Chansey|Chansey, F|100\/100\n|switch|p2a: Mawile|Mawile, F|100\/100\n|-ability|p2a: Mawile|Intimidate|boost\n|-unboost|p1a: Chansey|atk|1\n|turn|1\n|\n|t:|1659565467\n|switch|p1a: Heatran|Heatran, M|100\/100\n|detailschange|p2a: Mawile|Mawile-Mega, F\n|-mega|p2a: Mawile|Mawile|Mawilite\n|move|p2a: Mawile|Play Rough|p1a: Heatran\n|-resisted|p1a: Heatran\n|-crit|p1a: Heatran\n|-damage|p1a: Heatran|75\/100\n|\n|-heal|p1a: Heatran|81\/100|[from] item: Leftovers\n|upkeep\n|turn|2\n|\n|t:|1659565473\n|switch|p2a: Rotom|Rotom-Wash|100\/100\n|move|p1a: Heatran|Lava Plume|p2a: Rotom\n|-resisted|p2a: Rotom\n|-damage|p2a: Rotom|84\/100\n|\n|-heal|p1a: Heatran|87\/100|[from] item: Leftovers\n|upkeep\n|turn|3\n|\n|t:|1659565478\n|switch|p1a: Venusaur|Venusaur, M|100\/100\n|move|p2a: Rotom|Volt Switch|p1a: Venusaur\n|-resisted|p1a: Venusaur\n|-damage|p1a: Venusaur|89\/100\n|\n|t:|1659565482\n|switch|p2a: Landorus|Landorus-Therian, M|100\/100|[from]move: Volt Switch\n|-ability|p2a: Landorus|Intimidate|boost\n|-unboost|p1a: Venusaur|atk|1\n|\n|upkeep\n|turn|4\n|\n|t:|1659565485\n|detailschange|p1a: Venusaur|Venusaur-Mega, M\n|-mega|p1a: Venusaur|Venusaur|Venusaurite\n|move|p2a: Landorus|Earthquake|p1a: Venusaur\n|-damage|p1a: Venusaur|52\/100\n|move|p1a: Venusaur|Giga Drain|p2a: Landorus\n|-damage|p2a: Landorus|63\/100\n|-heal|p1a: Venusaur|70\/100|[from] drain|[of] p2a: Landorus\n|\n|upkeep\n|turn|5\n|\n|t:|1659565488\n|move|p2a: Landorus|Swords Dance|p2a: Landorus\n|-boost|p2a: Landorus|atk|2\n|move|p1a: Venusaur|Giga Drain|p2a: Landorus\n|-damage|p2a: Landorus|28\/100\n|-heal|p1a: Venusaur|87\/100|[from] drain|[of] p2a: Landorus\n|\n|upkeep\n|turn|6\n|\n|t:|1659565491\n|-zpower|p2a: Landorus\n|move|p2a: Landorus|Continental Crush|p1a: Venusaur|[zeffect]\n|-crit|p1a: Venusaur\n|-damage|p1a: Venusaur|0 fnt\n|faint|p1a: Venusaur\n|\n|upkeep\n|\n|t:|1659565491\n|switch|p1a: Keldeo|Keldeo|100\/100\n|turn|7\n|\n|t:|1659565494\n|switch|p2a: Magearna|Magearna|100\/100\n|move|p1a: Keldeo|Scald|p2a: Magearna\n|-damage|p2a: Magearna|84\/100\n|\n|upkeep\n|turn|8\n|\n|t:|1659565498\n|move|p1a: Keldeo|Substitute|p1a: Keldeo\n|-start|p1a: Keldeo|Substitute\n|-damage|p1a: Keldeo|76\/100\n|move|p2a: Magearna|Volt Switch|p1a: Keldeo\n|-supereffective|p1a: Keldeo\n|-end|p1a: Keldeo|Substitute\n|\n|t:|1659565500\n|switch|p2a: Tapu Koko|Tapu Koko|100\/100|[from]move: Volt Switch\n|-fieldstart|move: Electric Terrain|[from] ability: Electric Surge|[of] p2a: Tapu Koko\n|\n|-heal|p1a: Keldeo|82\/100|[from] item: Leftovers\n|upkeep\n|turn|9\n|\n|t:|1659565502\n|switch|p1a: Chansey|Chansey, F|100\/100\n|move|p2a: Tapu Koko|Volt Switch|p1a: Chansey\n|-damage|p1a: Chansey|83\/100\n|\n|t:|1659565504\n|switch|p2a: Mawile|Mawile-Mega, F|100\/100|[from]move: Volt Switch\n|\n|upkeep\n|turn|10\n|\n|t:|1659565506\n|move|p2a: Mawile|Thunder Punch|p1a: Chansey\n|-damage|p1a: Chansey|31\/100\n|move|p1a: Chansey|Thunder Wave|p2a: Mawile\n|-status|p2a: Mawile|par\n|\n|upkeep\n|turn|11\n|\n|t:|1659565508\n|move|p1a: Chansey|Soft-Boiled|p1a: Chansey\n|-heal|p1a: Chansey|81\/100\n|move|p2a: Mawile|Thunder Punch|p1a: Chansey\n|-damage|p1a: Chansey|28\/100\n|-status|p1a: Chansey|par\n|\n|upkeep\n|turn|12\n|\n|t:|1659565511\n|-curestatus|p1a: Chansey|par|[from] ability: Natural Cure\n|switch|p1a: Heatran|Heatran, M|87\/100\n|move|p2a: Mawile|Thunder Punch|p1a: Heatran\n|-damage|p1a: Heatran|21\/100\n|\n|-heal|p1a: Heatran|27\/100|[from] item: Leftovers\n|-fieldend|move: Electric Terrain\n|upkeep\n|turn|13\n|\n|t:|1659565514\n|switch|p2a: Rotom|Rotom-Wash|84\/100\n|move|p1a: Heatran|Stealth Rock|p2a: Rotom\n|-sidestart|p2: I drip too hard|move: Stealth Rock\n|\n|-heal|p1a: Heatran|33\/100|[from] item: Leftovers\n|upkeep\n|turn|14\n|\n|t:|1659565516\n|switch|p1a: Chansey|Chansey, F|28\/100\n|move|p2a: Rotom|Volt Switch|p1a: Chansey\n|-damage|p1a: Chansey|21\/100\n|\n|t:|1659565518\n|switch|p2a: Tapu Koko|Tapu Koko|100\/100|[from]move: Volt Switch\n|-damage|p2a: Tapu Koko|88\/100|[from] Stealth Rock\n|-fieldstart|move: Electric Terrain|[from] ability: Electric Surge|[of] p2a: Tapu Koko\n|\n|upkeep\n|turn|15\n|\n|t:|1659565520\n|move|p2a: Tapu Koko|Thunderbolt|p1a: Chansey\n|-damage|p1a: Chansey|0 fnt\n|faint|p1a: Chansey\n|\n|upkeep\n|\n|t:|1659565520\n|switch|p1a: Skarmory|Skarmory, F|100\/100\n|turn|16\n|\n|t:|1659565522\n|switch|p1a: Heatran|Heatran, M|33\/100\n|move|p2a: Tapu Koko|Thunderbolt|p1a: Heatran\n|-damage|p1a: Heatran|0 fnt\n|faint|p1a: Heatran\n|\n|upkeep\n|\n|t:|1659565522\n|switch|p1a: Skarmory|Skarmory, F|100\/100\n|turn|17\n|\n|t:|1659565523\n|move|p2a: Tapu Koko|Thunderbolt|p1a: Skarmory\n|-supereffective|p1a: Skarmory\n|-ability|p1a: Skarmory|Sturdy\n|-damage|p1a: Skarmory|1\/100\n|move|p1a: Skarmory|Whirlwind|p2a: Tapu Koko\n|drag|p2a: Rotom|Rotom-Wash|84\/100\n|-damage|p2a: Rotom|71\/100|[from] Stealth Rock\n|\n|upkeep\n|turn|18\n|\n|t:|1659565525\n|switch|p1a: Keldeo|Keldeo|82\/100\n|move|p2a: Rotom|Volt Switch|p1a: Keldeo\n|-supereffective|p1a: Keldeo\n|-damage|p1a: Keldeo|29\/100\n|\n|t:|1659565527\n|switch|p2a: Tapu Koko|Tapu Koko|88\/100|[from]move: Volt Switch\n|-damage|p2a: Tapu Koko|76\/100|[from] Stealth Rock\n|\n|-heal|p1a: Keldeo|35\/100|[from] item: Leftovers\n|-fieldend|move: Electric Terrain\n|upkeep\n|turn|19\n|\n|t:|1659565529\n|switch|p1a: Skarmory|Skarmory, F|1\/100\n|move|p2a: Tapu Koko|Thunderbolt|p1a: Skarmory\n|-supereffective|p1a: Skarmory\n|-damage|p1a: Skarmory|0 fnt\n|faint|p1a: Skarmory\n|\n|upkeep\n|\n|t:|1659565529\n|switch|p1a: Bisharp|Bisharp, F|100\/100\n|turn|20\n|\n|t:|1659565532\n|switch|p2a: Kartana|Kartana|100\/100\n|-damage|p2a: Kartana|94\/100|[from] Stealth Rock\n|move|p1a: Bisharp|Iron Head|p2a: Kartana\n|-resisted|p2a: Kartana\n|-damage|p2a: Kartana|71\/100\n|\n|upkeep\n|turn|21\n|\n|t:|1659565534\n|switch|p1a: Keldeo|Keldeo|35\/100\n|move|p2a: Kartana|Sacred Sword|p1a: Keldeo\n|-damage|p1a: Keldeo|0 fnt\n|faint|p1a: Keldeo\n|-ability|p2a: Kartana|Beast Boost|boost\n|-boost|p2a: Kartana|atk|1\n|\n|upkeep\n|\n|t:|1659565534\n|switch|p1a: Bisharp|Bisharp, F|100\/100\n|turn|22\n|\n|t:|1659565535\n|move|p1a: Bisharp|Sucker Punch|p2a: Kartana\n|-damage|p2a: Kartana|28\/100\n|move|p2a: Kartana|Sacred Sword|p1a: Bisharp\n|-supereffective|p1a: Bisharp\n|-damage|p1a: Bisharp|0 fnt\n|faint|p1a: Bisharp\n|\n|win|I drip too hard\n|raw|FildrongEstNul's rating: 1336 &rarr; <strong>1316<\/strong><br \/>(-20 for losing)\n|raw|I drip too hard's rating: 1342 &rarr; <strong>1362<\/strong><br \/>(+20 for winning)\n|l|\u203dFildrongEstNul\n","uploadtime":1659565540,"views":6,"p1id":"fildrongestnul","p2id":"idriptoohard","formatid":"gen7ou","rating":1316,"private":0,"password":null}