{"id":"gen7ou-634128054","p1":"Lkjhgfdsapoi","p2":"Legalise Arcanine","format":"gen7ou","log":"|j|Lkjhgfdsapoi\n|j|Legalise Arcanine\n|player|p1|Lkjhgfdsapoi|151\n|teamsize|p1|6\n|player|p2|Legalise Arcanine|238\n|teamsize|p2|6\n|gametype|singles\n|gen|7\n|tier|[Gen 7] OU\n|rated\n|seed|1830,60491,60186,3451\n|rule|Sleep Clause Mod: Limit one foe put to sleep\n|rule|Species Clause: Limit one of each Pok\u00e9mon\n|rule|OHKO Clause: OHKO moves are banned\n|rule|Moody Clause: Moody is banned\n|rule|Evasion Moves Clause: Evasion moves are banned\n|rule|Endless Battle Clause: Forcing endless battles is banned\n|rule|HP Percentage Mod: HP is shown in percentages\n|clearpoke\n|poke|p1|Hitmonlee, M|item\n|poke|p1|Swellow, M|item\n|poke|p1|Talonflame, F|item\n|poke|p1|Beedrill, M|item\n|poke|p1|Magearna|item\n|poke|p1|Tapu Koko|item\n|poke|p2|Pinsir, M|item\n|poke|p2|Smeargle, M|item\n|poke|p2|Bisharp, M|item\n|poke|p2|Excadrill, M|item\n|poke|p2|Tornadus-Therian, M|item\n|poke|p2|Marowak-Alola, F|item\n|teampreview\n|inactive|Battle timer is ON: inactive players will automatically lose when time's up. (requested by Lkjhgfdsapoi)\n|choice|team 6, team 2, team 3, team 4, team 5, team 1|team 2, team 1, team 3, team 4, team 5, team 6\n|\n|start\n|switch|p1a: Tapu Koko|Tapu Koko|281\/281\n|switch|p2a: Smeargle|Smeargle, M|314\/314\n|-fieldstart|move: Electric Terrain|[from] ability: Electric Surge|[of] p1a: Tapu Koko\n|turn|1\n|choice|move bravebird|switch 4\n|\n|switch|p2a: Excadrill|Excadrill, M|419\/419\n|-ability|p2a: Excadrill|Mold Breaker\n|move|p1a: Tapu Koko|Brave Bird|p2a: Excadrill\n|-resisted|p2a: Excadrill\n|-damage|p2a: Excadrill|283\/419\n|-damage|p1a: Tapu Koko|236\/281|[from] Recoil|[of] p2a: Excadrill\n|\n|-heal|p2a: Excadrill|309\/419|[from] item: Leftovers\n|upkeep\n|turn|2\n|choice|switch 3|move ironhead\n|\n|switch|p1a: Talonflame|Talonflame, F|297\/297\n|move|p2a: Excadrill|Iron Head|p1a: Talonflame\n|-resisted|p1a: Talonflame\n|-damage|p1a: Talonflame|213\/297\n|\n|-heal|p1a: Talonflame|231\/297|[from] item: Leftovers\n|-heal|p2a: Excadrill|335\/419|[from] item: Leftovers\n|upkeep\n|turn|3\n|choice|move swordsdance|switch 5\n|\n|switch|p2a: Tornadus|Tornadus-Therian, M|299\/299\n|move|p1a: Talonflame|Swords Dance|p1a: Talonflame\n|-boost|p1a: Talonflame|atk|2\n|\n|-heal|p1a: Talonflame|249\/297|[from] item: Leftovers\n|upkeep\n|turn|4\n|choice|move flareblitz|move hurricane\n|\n|move|p1a: Talonflame|Flare Blitz|p2a: Tornadus\n|-damage|p2a: Tornadus|0 fnt\n|-damage|p1a: Talonflame|150\/297|[from] Recoil|[of] p2a: Tornadus\n|faint|p2a: Tornadus\n|\n|-heal|p1a: Talonflame|168\/297|[from] item: Leftovers\n|upkeep\n|choice||switch 3\n|\n|switch|p2a: Bisharp|Bisharp, M|271\/271\n|turn|5\n|choice|move flareblitz|move suckerpunch\n|\n|move|p2a: Bisharp|Sucker Punch|p1a: Talonflame\n|-damage|p1a: Talonflame|0 fnt\n|faint|p1a: Talonflame\n|\n|-fieldend|move: Electric Terrain\n|upkeep\n|choice|switch 2|\n|\n|switch|p1a: Swellow|Swellow, M|261\/261\n|turn|6\n|choice|move uturn|switch 5\n|\n|switch|p2a: Excadrill|Excadrill, M|335\/419\n|-ability|p2a: Excadrill|Mold Breaker\n|move|p1a: Swellow|U-turn|p2a: Excadrill\n|-resisted|p2a: Excadrill\n|-damage|p2a: Excadrill|286\/419\n|choice|switch 5|\n|\n|switch|p1a: Magearna|Magearna|301\/301\n|\n|-heal|p2a: Excadrill|312\/419|[from] item: Leftovers\n|upkeep\n|turn|7\n|inactive|Legalise Arcanine has 120 seconds left.\n|choice|move icebeam|move earthquake\n|\n|move|p2a: Excadrill|Earthquake|p1a: Magearna\n|-supereffective|p1a: Magearna\n|-damage|p1a: Magearna|29\/301\n|move|p1a: Magearna|Ice Beam|p2a: Excadrill\n|-damage|p2a: Excadrill|206\/419\n|\n|-heal|p2a: Excadrill|232\/419|[from] item: Leftovers\n|-heal|p1a: Magearna|47\/301|[from] item: Leftovers\n|upkeep\n|turn|8\n|choice|switch 5|switch 4\n|\n|switch|p2a: Smeargle|Smeargle, M|314\/314\n|switch|p1a: Swellow|Swellow, M|261\/261\n|\n|-status|p1a: Swellow|brn|[from] item: Flame Orb\n|upkeep\n|turn|9\n|inactive|Legalise Arcanine has 120 seconds left.\n|choice|move uturn|move stealthrock\n|\n|move|p1a: Swellow|U-turn|p2a: Smeargle\n|-damage|p2a: Smeargle|110\/314\n|choice|switch 3|\n|\n|switch|p1a: Tapu Koko|Tapu Koko|236\/281\n|-fieldstart|move: Electric Terrain|[from] ability: Electric Surge|[of] p1a: Tapu Koko\n|move|p2a: Smeargle|Stealth Rock|p1a: Tapu Koko\n|-sidestart|p1: Lkjhgfdsapoi|move: Stealth Rock\n|\n|upkeep\n|turn|10\n|choice|move bravebird|switch 4\n|\n|switch|p2a: Excadrill|Excadrill, M|232\/419\n|-ability|p2a: Excadrill|Mold Breaker\n|move|p1a: Tapu Koko|Brave Bird|p2a: Excadrill\n|-resisted|p2a: Excadrill\n|-damage|p2a: Excadrill|84\/419\n|-damage|p1a: Tapu Koko|187\/281|[from] Recoil|[of] p2a: Excadrill\n|\n|-heal|p2a: Excadrill|110\/419|[from] item: Leftovers\n|upkeep\n|turn|11\n|choice|move bravebird|move ironhead\n|\n|move|p1a: Tapu Koko|Brave Bird|p2a: Excadrill\n|-resisted|p2a: Excadrill\n|-damage|p2a: Excadrill|0 fnt\n|-damage|p1a: Tapu Koko|151\/281|[from] Recoil|[of] p2a: Excadrill\n|faint|p2a: Excadrill\n|\n|upkeep\n|choice||switch 5\n|\n|switch|p2a: Bisharp|Bisharp, M|271\/271\n|turn|12\n|choice|switch 5|move swordsdance\n|\n|switch|p1a: Magearna|Magearna|47\/301\n|-damage|p1a: Magearna|29\/301|[from] Stealth Rock\n|move|p2a: Bisharp|Swords Dance|p2a: Bisharp\n|-boost|p2a: Bisharp|atk|2\n|\n|-heal|p1a: Magearna|47\/301|[from] item: Leftovers\n|upkeep\n|turn|13\n|choice|move fleurcannon|move ironhead\n|\n|move|p2a: Bisharp|Iron Head|p1a: Magearna\n|-damage|p1a: Magearna|0 fnt\n|faint|p1a: Magearna\n|\n|-fieldend|move: Electric Terrain\n|upkeep\n|choice|switch 5|\n|\n|switch|p1a: Tapu Koko|Tapu Koko|151\/281\n|-damage|p1a: Tapu Koko|116\/281|[from] Stealth Rock\n|-fieldstart|move: Electric Terrain|[from] ability: Electric Surge|[of] p1a: Tapu Koko\n|turn|14\n|choice|move wildcharge|move suckerpunch\n|\n|move|p2a: Bisharp|Sucker Punch|p1a: Tapu Koko\n|-resisted|p1a: Tapu Koko\n|-damage|p1a: Tapu Koko|0 fnt\n|faint|p1a: Tapu Koko\n|\n|upkeep\n|choice|switch 6|\n|\n|switch|p1a: Hitmonlee|Hitmonlee, M|241\/241\n|-damage|p1a: Hitmonlee|226\/241|[from] Stealth Rock\n|turn|15\n|choice|move fakeout|switch 6\n|\n|switch|p2a: Marowak|Marowak-Alola, F|263\/263\n|move|p1a: Hitmonlee|Fake Out|p2a: Marowak\n|-immune|p2a: Marowak|[msg]\n|\n|upkeep\n|turn|16\n|choice|move knockoff|move flareblitz\n|\n|move|p1a: Hitmonlee|Knock Off|p2a: Marowak\n|-supereffective|p2a: Marowak\n|-damage|p2a: Marowak|47\/263\n|-enditem|p2a: Marowak|Thick Club|[from] move: Knock Off|[of] p1a: Hitmonlee\n|move|p2a: Marowak|Flare Blitz|p1a: Hitmonlee\n|-damage|p1a: Hitmonlee|0 fnt\n|faint|p1a: Hitmonlee\n|\n|upkeep\n|choice|switch 3|\n|\n|switch|p1a: Swellow|Swellow, M|261\/261 brn\n|-damage|p1a: Swellow|196\/261 brn|[from] Stealth Rock\n|turn|17\n|inactive|Legalise Arcanine has 120 seconds left.\n|choice|move bravebird|move flareblitz\n|\n|move|p1a: Swellow|Brave Bird|p2a: Marowak\n|-crit|p2a: Marowak\n|-damage|p2a: Marowak|0 fnt\n|-damage|p1a: Swellow|180\/261 brn|[from] Recoil|[of] p2a: Marowak\n|faint|p2a: Marowak\n|\n|-damage|p1a: Swellow|164\/261 brn|[from] brn\n|upkeep\n|choice||switch 6\n|\n|switch|p2a: Bisharp|Bisharp, M|271\/271\n|turn|18\n|choice|move facade|move swordsdance\n|\n|move|p1a: Swellow|Facade|p2a: Bisharp\n|-resisted|p2a: Bisharp\n|-damage|p2a: Bisharp|134\/271\n|move|p2a: Bisharp|Swords Dance|p2a: Bisharp\n|-boost|p2a: Bisharp|atk|2\n|\n|-damage|p1a: Swellow|148\/261 brn|[from] brn\n|-fieldend|move: Electric Terrain\n|upkeep\n|turn|19\n|choice|move defog|move suckerpunch\n|\n|move|p2a: Bisharp|Sucker Punch|p1a: Swellow|[still]\n|-fail|p2a: Bisharp\n|move|p1a: Swellow|Defog|p2a: Bisharp\n|-unboost|p2a: Bisharp|evasion|1\n|-ability|p2a: Bisharp|Defiant|boost\n|-boost|p2a: Bisharp|atk|2\n|-sideend|p1: Lkjhgfdsapoi|Stealth Rock|[from] move: Defog|[of] p1a: Swellow\n|\n|-damage|p1a: Swellow|132\/261 brn|[from] brn\n|upkeep\n|turn|20\n|-message|Lkjhgfdsapoi forfeited.\n|\n|win|Legalise Arcanine\n|l|Lkjhgfdsapoi\n|raw|Lkjhgfdsapoi's rating: 1070 &rarr; <strong>1050<\/strong><br \/>(-20 for losing)\n|raw|Legalise Arcanine's rating: 1078 &rarr; <strong>1106<\/strong><br \/>(+28 for winning)\n|l|Legalise Arcanine\n|j|Velcroc","inputlog":null,"uploadtime":1505890016,"views":6,"p1id":"lkjhgfdsapoi","p2id":"legalisearcanine","formatid":"gen7ou","rating":1050,"private":0,"password":null}