{"id":"gen7ou-782509353","p1":"Lana Lopez","p2":"Therockcena","format":"gen7ou","log":"|j|\u2606Lana Lopez\n|j|\u203dTherockcena\n|player|p1|Lana Lopez|223\n|player|p2|Therockcena|1\n|teamsize|p1|6\n|teamsize|p2|6\n|gametype|singles\n|gen|7\n|tier|[Gen 7] OU\n|rated|\n|rule|Sleep Clause Mod: Limit one foe put to sleep\n|rule|Species Clause: Limit one of each Pok\u00e9mon\n|rule|OHKO Clause: OHKO moves are banned\n|rule|Moody Clause: Moody is banned\n|rule|Evasion Moves Clause: Evasion moves are banned\n|rule|Endless Battle Clause: Forcing endless battles is banned\n|rule|HP Percentage Mod: HP is shown in percentages\n|clearpoke\n|poke|p1|Pidgeot, F|item\n|poke|p1|Heatran, F|item\n|poke|p1|Keldeo-Resolute|item\n|poke|p1|Fraxure, M|item\n|poke|p1|Zeraora|item\n|poke|p1|Skarmory, M|item\n|poke|p2|Darmanitan, M|item\n|poke|p2|Conkeldurr, M|item\n|poke|p2|Hoopa-Unbound|item\n|poke|p2|Galvantula, F|item\n|poke|p2|Chandelure, F|item\n|poke|p2|Alakazam, M|item\n|teampreview\n|\n|start\n|switch|p1a: Pidgeot|Pidgeot, F|100\/100\n|switch|p2a: Galvantula|Galvantula, F|100\/100\n|turn|1\n|\n|detailschange|p1a: Pidgeot|Pidgeot-Mega, F\n|-mega|p1a: Pidgeot|Pidgeot|Pidgeotite\n|move|p1a: Pidgeot|U-turn|p2a: Galvantula\n|-damage|p2a: Galvantula|79\/100\n|\n|switch|p1a: Zeraora|Zeraora|100\/100\n|move|p2a: Galvantula|Sticky Web|p1a: Zeraora\n|-sidestart|p1: Lana Lopez|move: Sticky Web\n|\n|upkeep\n|turn|2\n|\n|move|p1a: Zeraora|Fake Out|p2a: Galvantula\n|-damage|p2a: Galvantula|54\/100\n|cant|p2a: Galvantula|flinch\n|\n|upkeep\n|turn|3\n|\n|move|p1a: Zeraora|Knock Off|p2a: Galvantula\n|-damage|p2a: Galvantula|0 fnt\n|-enditem|p2a: Galvantula|Focus Sash|[from] move: Knock Off|[of] p1a: Zeraora\n|faint|p2a: Galvantula\n|\n|upkeep\n|\n|switch|p2a: Chandelure|Chandelure, F|100\/100\n|turn|4\n|l|\u2606Lana Lopez\n|player|p1|\n|j|\u2606Lana Lopez\n|player|p1|Lana Lopez|223\n|\n|move|p1a: Zeraora|Knock Off|p2a: Chandelure\n|-supereffective|p2a: Chandelure\n|-damage|p2a: Chandelure|7\/100\n|-enditem|p2a: Chandelure|Life Orb|[from] move: Knock Off|[of] p1a: Zeraora\n|move|p2a: Chandelure|Shadow Ball|p1a: Zeraora\n|-damage|p1a: Zeraora|42\/100\n|-unboost|p1a: Zeraora|spd|1\n|\n|upkeep\n|turn|5\n|\n|move|p1a: Zeraora|Plasma Fists|p2a: Chandelure\n|-damage|p2a: Chandelure|0 fnt\n|-fieldactivate|move: Ion Deluge\n|faint|p2a: Chandelure\n|\n|upkeep\n|\n|switch|p2a: Alakazam|Alakazam, M|100\/100\n|turn|6\n|\n|switch|p1a: Heatran|Heatran, F|100\/100\n|-activate|p1a: Heatran|move: Sticky Web\n|-unboost|p1a: Heatran|spe|1\n|detailschange|p2a: Alakazam|Alakazam-Mega, M\n|-mega|p2a: Alakazam|Alakazam|Alakazite\n|-ability|p2a: Alakazam|Flash Fire|[from] ability: Trace|[of] p1a: Heatran\n|move|p2a: Alakazam|Psychic|p1a: Heatran\n|-resisted|p1a: Heatran\n|-damage|p1a: Heatran|83\/100\n|\n|-heal|p1a: Heatran|89\/100|[from] item: Leftovers\n|upkeep\n|turn|7\n|\n|switch|p2a: Conkeldurr|Conkeldurr, M|100\/100\n|move|p1a: Heatran|Toxic|p2a: Conkeldurr\n|-status|p2a: Conkeldurr|tox\n|\n|-heal|p1a: Heatran|95\/100|[from] item: Leftovers\n|-damage|p2a: Conkeldurr|94\/100 tox|[from] psn\n|upkeep\n|turn|8\n|\n|switch|p1a: Skarmory|Skarmory, M|100\/100\n|move|p2a: Conkeldurr|Drain Punch|p1a: Skarmory\n|-damage|p1a: Skarmory|63\/100\n|-heal|p2a: Conkeldurr|100\/100 tox|[from] drain|[of] p1a: Skarmory\n|-damage|p2a: Conkeldurr|84\/100 tox|[from] item: Rocky Helmet|[of] p1a: Skarmory\n|-damage|p2a: Conkeldurr|74\/100 tox|[from] item: Life Orb\n|\n|-damage|p2a: Conkeldurr|62\/100 tox|[from] psn\n|upkeep\n|turn|9\n|\n|move|p2a: Conkeldurr|Drain Punch|p1a: Skarmory\n|-crit|p1a: Skarmory\n|-damage|p1a: Skarmory|7\/100\n|-heal|p2a: Conkeldurr|88\/100 tox|[from] drain|[of] p1a: Skarmory\n|-damage|p2a: Conkeldurr|72\/100 tox|[from] item: Rocky Helmet|[of] p1a: Skarmory\n|-damage|p2a: Conkeldurr|62\/100 tox|[from] item: Life Orb\n|move|p1a: Skarmory|Defog|p2a: Conkeldurr\n|-unboost|p2a: Conkeldurr|evasion|1\n|-sideend|p1: Lana Lopez|Sticky Web|[from] move: Defog|[of] p1a: Skarmory\n|\n|-damage|p2a: Conkeldurr|43\/100 tox|[from] psn\n|upkeep\n|turn|10\n|\n|move|p2a: Conkeldurr|Drain Punch|p1a: Skarmory\n|-damage|p1a: Skarmory|0 fnt\n|-heal|p2a: Conkeldurr|46\/100 tox|[from] drain|[of] p1a: Skarmory\n|-damage|p2a: Conkeldurr|30\/100 tox|[from] item: Rocky Helmet|[of] p1a: Skarmory\n|-damage|p2a: Conkeldurr|20\/100 tox|[from] item: Life Orb\n|faint|p1a: Skarmory\n|\n|-damage|p2a: Conkeldurr|0 fnt|[from] psn\n|upkeep\n|faint|p2a: Conkeldurr\n|\n|switch|p2a: Darmanitan|Darmanitan, M|100\/100\n|switch|p1a: Zeraora|Zeraora|42\/100\n|turn|11\n|\n|move|p1a: Zeraora|Fake Out|p2a: Darmanitan\n|-damage|p2a: Darmanitan|80\/100\n|cant|p2a: Darmanitan|flinch\n|\n|upkeep\n|turn|12\n|\n|switch|p1a: Keldeo|Keldeo-Resolute|100\/100\n|move|p2a: Darmanitan|Earthquake|p1a: Keldeo\n|-damage|p1a: Keldeo|27\/100\n|\n|upkeep\n|turn|13\n|\n|move|p1a: Keldeo|Scald|p2a: Darmanitan\n|-supereffective|p2a: Darmanitan\n|-damage|p2a: Darmanitan|0 fnt\n|-damage|p1a: Keldeo|18\/100|[from] item: Life Orb\n|faint|p2a: Darmanitan\n|\n|upkeep\n|\n|switch|p2a: Alakazam|Alakazam-Mega, M|100\/100\n|-ability|p2a: Alakazam|Justified|[from] ability: Trace|[of] p1a: Keldeo\n|turn|14\n|\n|move|p2a: Alakazam|Psychic|p1a: Keldeo\n|-supereffective|p1a: Keldeo\n|-damage|p1a: Keldeo|0 fnt\n|faint|p1a: Keldeo\n|\n|upkeep\n|\n|switch|p1a: Heatran|Heatran, F|95\/100\n|turn|15\n|\n|move|p2a: Alakazam|Shadow Ball|p1a: Heatran\n|-damage|p1a: Heatran|73\/100\n|-unboost|p1a: Heatran|spd|1\n|move|p1a: Heatran|Will-O-Wisp|p2a: Alakazam\n|-status|p2a: Alakazam|brn\n|\n|-heal|p1a: Heatran|80\/100|[from] item: Leftovers\n|-damage|p2a: Alakazam|95\/100 brn|[from] brn\n|upkeep\n|turn|16\n|\n|switch|p1a: Pidgeot|Pidgeot-Mega, F|100\/100\n|move|p2a: Alakazam|Shadow Ball|p1a: Pidgeot\n|-immune|p1a: Pidgeot|[msg]\n|\n|-damage|p2a: Alakazam|89\/100 brn|[from] brn\n|upkeep\n|turn|17\n|\n|move|p2a: Alakazam|Psychic|p1a: Pidgeot\n|-damage|p1a: Pidgeot|21\/100\n|move|p1a: Pidgeot|U-turn|p2a: Alakazam\n|-supereffective|p2a: Alakazam\n|-damage|p2a: Alakazam|45\/100 brn\n|\n|switch|p1a: Zeraora|Zeraora|42\/100\n|\n|-damage|p2a: Alakazam|39\/100 brn|[from] brn\n|upkeep\n|turn|18\n|\n|move|p1a: Zeraora|Fake Out|p2a: Alakazam\n|-damage|p2a: Alakazam|13\/100 brn\n|cant|p2a: Alakazam|flinch\n|\n|-damage|p2a: Alakazam|7\/100 brn|[from] brn\n|upkeep\n|turn|19\n|\n|switch|p1a: Heatran|Heatran, F|80\/100\n|move|p2a: Alakazam|Psychic|p1a: Heatran\n|-resisted|p1a: Heatran\n|-damage|p1a: Heatran|59\/100\n|\n|-heal|p1a: Heatran|65\/100|[from] item: Leftovers\n|-damage|p2a: Alakazam|1\/100 brn|[from] brn\n|upkeep\n|turn|20\n|\n|move|p2a: Alakazam|Psychic|p1a: Heatran\n|-resisted|p1a: Heatran\n|-damage|p1a: Heatran|46\/100\n|move|p1a: Heatran|Lava Plume|p2a: Alakazam\n|-damage|p2a: Alakazam|0 fnt\n|faint|p2a: Alakazam\n|\n|-heal|p1a: Heatran|53\/100|[from] item: Leftovers\n|upkeep\n|\n|switch|p2a: Hoopa|Hoopa-Unbound|100\/100\n|turn|21\n|\n|move|p2a: Hoopa|Drain Punch|p1a: Heatran\n|-supereffective|p1a: Heatran\n|-damage|p1a: Heatran|0 fnt\n|-damage|p2a: Hoopa|91\/100|[from] item: Life Orb\n|faint|p1a: Heatran\n|\n|upkeep\n|\n|switch|p1a: Pidgeot|Pidgeot-Mega, F|21\/100\n|turn|22\n|\n|move|p1a: Pidgeot|U-turn|p2a: Hoopa\n|-supereffective|p2a: Hoopa\n|-damage|p2a: Hoopa|14\/100\n|\n|switch|p1a: Fraxure|Fraxure, M|100\/100\n|-ability|p1a: Fraxure|Mold Breaker\n|move|p2a: Hoopa|Drain Punch|p1a: Fraxure\n|-damage|p1a: Fraxure|53\/100\n|-heal|p2a: Hoopa|36\/100|[from] drain|[of] p1a: Fraxure\n|-damage|p2a: Hoopa|26\/100|[from] item: Life Orb\n|\n|upkeep\n|turn|23\n|\n|move|p2a: Hoopa|Zen Headbutt|p1a: Fraxure\n|-damage|p1a: Fraxure|0 fnt\n|-damage|p2a: Hoopa|16\/100|[from] item: Life Orb\n|faint|p1a: Fraxure\n|\n|upkeep\n|\n|switch|p1a: Zeraora|Zeraora|42\/100\n|turn|24\n|\n|move|p1a: Zeraora|Fake Out|p2a: Hoopa\n|-damage|p2a: Hoopa|0 fnt\n|faint|p2a: Hoopa\n|\n|win|Lana Lopez\n|l|\u203dTherockcena\n|raw|Lana Lopez's rating: 1136 &rarr; <strong>1162<\/strong><br \/>(+26 for winning)\n|raw|Therockcena's rating: 1148 &rarr; <strong>1122<\/strong><br \/>(-26 for losing)\n","inputlog":null,"uploadtime":1532793013,"views":9,"p1id":"lanalopez","p2id":"therockcena","formatid":"gen7ou","rating":1122,"private":0,"password":null}