{"id":"gen7ou-965481647","p1":"dingalingading","p2":"Walletinspector62","format":"gen7ou","log":"|j|\u2606dingalingading\n|j|\u2606Walletinspector62\n|player|p1|dingalingading|75|\n|player|p2|Walletinspector62|101|\n|teamsize|p1|6\n|teamsize|p2|6\n|gametype|singles\n|gen|7\n|tier|[Gen 7] OU\n|rule|Sleep Clause Mod: Limit one foe put to sleep\n|rule|Species Clause: Limit one of each Pok\u00e9mon\n|rule|OHKO Clause: OHKO moves are banned\n|rule|Moody Clause: Moody is banned\n|rule|Evasion Moves Clause: Evasion moves are banned\n|rule|Endless Battle Clause: Forcing endless battles is banned\n|rule|HP Percentage Mod: HP is shown in percentages\n|clearpoke\n|poke|p1|Infernape, F|item\n|poke|p1|Glalie, F|item\n|poke|p1|Sylveon, F|item\n|poke|p1|Shuckle, F|item\n|poke|p1|Xurkitree|item\n|poke|p1|Landorus-Therian, M|item\n|poke|p2|Donphan, M|item\n|poke|p2|Victini|item\n|poke|p2|Gyarados, M|item\n|poke|p2|Ninetales-Alola, F|item\n|poke|p2|Kartana|item\n|poke|p2|Sandslash-Alola, M|item\n|teampreview\n|c|\u2606Walletinspector62|Glhf\n|c|\u2606dingalingading|hf\n|\n|start\n|switch|p1a: peasant #1|Shuckle, F|100\/100\n|switch|p2a: Shrimp|Gyarados, M, shiny|100\/100\n|-ability|p2a: Shrimp|Intimidate|boost\n|-unboost|p1a: peasant #1|atk|1\n|turn|1\n|l|\u2606dingalingading\n|player|p1|\n|j|\u2606dingalingading\n|player|p1|dingalingading|75\n|\n|detailschange|p2a: Shrimp|Gyarados-Mega, M, shiny\n|-mega|p2a: Shrimp|Gyarados|Gyaradosite\n|-ability|p2a: Shrimp|Mold Breaker\n|move|p2a: Shrimp|Substitute|p2a: Shrimp\n|-start|p2a: Shrimp|Substitute\n|-damage|p2a: Shrimp|76\/100\n|move|p1a: peasant #1|Encore|p2a: Shrimp\n|-start|p2a: Shrimp|Encore\n|\n|upkeep\n|turn|2\n|c|\u2606Walletinspector62|That goes through sub?\n|c|\u2606dingalingading|hahahah\n|c|\u2606Walletinspector62|The more you know\n|c|\u2606dingalingading|lol\n|\n|switch|p2a: Reeses|Donphan, M, shiny|100\/100\n|move|p1a: peasant #1|Sticky Web|p2a: Reeses\n|-sidestart|p2: Walletinspector62|move: Sticky Web\n|\n|upkeep\n|turn|3\n|\n|move|p2a: Reeses|Stealth Rock|p1a: peasant #1\n|-sidestart|p1: dingalingading|move: Stealth Rock\n|move|p1a: peasant #1|Infestation|p2a: Reeses\n|-damage|p2a: Reeses|98\/100\n|-activate|p2a: Reeses|move: Infestation|[of] p1a: peasant #1\n|\n|-heal|p2a: Reeses|100\/100|[from] item: Leftovers\n|-damage|p2a: Reeses|88\/100|[from] move: Infestation|[partiallytrapped]\n|upkeep\n|turn|4\n|\n|move|p2a: Reeses|Rapid Spin|p1a: peasant #1\n|-resisted|p1a: peasant #1\n|-damage|p1a: peasant #1|98\/100\n|-sideend|p2: Walletinspector62|Sticky Web|[from] move: Rapid Spin|[of] p2a: Reeses\n|-end|p2a: Reeses|Infestation|[partiallytrapped]\n|move|p1a: peasant #1|Encore|p2a: Reeses\n|-start|p2a: Reeses|Encore\n|\n|-heal|p2a: Reeses|94\/100|[from] item: Leftovers\n|upkeep\n|turn|5\n|\n|switch|p2a: Shrimp|Gyarados-Mega, M, shiny|76\/100\n|-ability|p2a: Shrimp|Mold Breaker\n|switch|p1a: peasant #2|Xurkitree|100\/100\n|-damage|p1a: peasant #2|88\/100|[from] Stealth Rock\n|\n|upkeep\n|turn|6\n|\n|switch|p2a: Emma Frost|Ninetales-Alola, F, shiny|100\/100\n|-weather|Hail|[from] ability: Snow Warning|[of] p2a: Emma Frost\n|move|p1a: peasant #2|Energy Ball|p2a: Emma Frost\n|-damage|p2a: Emma Frost|59\/100\n|\n|-weather|Hail|[upkeep]\n|-damage|p1a: peasant #2|82\/100|[from] Hail\n|upkeep\n|turn|7\n|\n|move|p2a: Emma Frost|Aurora Veil|p2a: Emma Frost\n|-sidestart|p2: Walletinspector62|move: Aurora Veil\n|move|p1a: peasant #2|Thunderbolt|p2a: Emma Frost\n|-damage|p2a: Emma Frost|25\/100\n|\n|-weather|Hail|[upkeep]\n|-damage|p1a: peasant #2|75\/100|[from] Hail\n|upkeep\n|turn|8\n|\n|switch|p1a: peasant #1|Shuckle, F|98\/100\n|-damage|p1a: peasant #1|73\/100|[from] Stealth Rock\n|move|p2a: Emma Frost|Blizzard|p1a: peasant #1\n|-damage|p1a: peasant #1|47\/100\n|-enditem|p1a: peasant #1|Iapapa Berry|[eat]\n|-heal|p1a: peasant #1|97\/100|[from] item: Iapapa Berry\n|\n|-weather|Hail|[upkeep]\n|-damage|p1a: peasant #1|91\/100|[from] Hail\n|upkeep\n|turn|9\n|\n|switch|p1a: DA BEAST|Glalie, F|100\/100\n|-damage|p1a: DA BEAST|76\/100|[from] Stealth Rock\n|move|p2a: Emma Frost|Blizzard|p1a: DA BEAST\n|-resisted|p1a: DA BEAST\n|-damage|p1a: DA BEAST|46\/100\n|\n|-weather|Hail|[upkeep]\n|upkeep\n|turn|10\n|\n|detailschange|p1a: DA BEAST|Glalie-Mega, F\n|-mega|p1a: DA BEAST|Glalie|Glalitite\n|move|p2a: Emma Frost|Moonblast|p1a: DA BEAST\n|-damage|p1a: DA BEAST|0 fnt\n|faint|p1a: DA BEAST\n|\n|-weather|none\n|upkeep\n|\n|switch|p1a: peasant #2|Xurkitree|75\/100\n|-damage|p1a: peasant #2|63\/100|[from] Stealth Rock\n|turn|11\n|\n|move|p2a: Emma Frost|Moonblast|p1a: peasant #2\n|-damage|p1a: peasant #2|16\/100\n|-unboost|p1a: peasant #2|spa|1\n|move|p1a: peasant #2|Energy Ball|p2a: Emma Frost\n|-damage|p2a: Emma Frost|12\/100\n|\n|upkeep\n|turn|12\n|\n|move|p2a: Emma Frost|Moonblast|p1a: peasant #2\n|-damage|p1a: peasant #2|0 fnt\n|faint|p1a: peasant #2\n|\n|upkeep\n|\n|switch|p1a: purty grill|Sylveon, F|100\/100\n|-damage|p1a: purty grill|88\/100|[from] Stealth Rock\n|turn|13\n|\n|switch|p2a: Samurai Jack|Kartana, shiny|100\/100\n|move|p1a: purty grill|Reflect|p1a: purty grill\n|-sidestart|p1: dingalingading|Reflect\n|\n|upkeep\n|turn|14\n|\n|switch|p1a: Infernape|Infernape, F|100\/100\n|-damage|p1a: Infernape|88\/100|[from] Stealth Rock\n|move|p2a: Samurai Jack|Smart Strike|p1a: Infernape\n|-resisted|p1a: Infernape\n|-damage|p1a: Infernape|70\/100\n|\n|-sideend|p2: Walletinspector62|move: Aurora Veil\n|upkeep\n|turn|15\n|\n|switch|p2a: Vindeseil|Victini|100\/100\n|switch|p1a: peasant #1|Shuckle, F|91\/100\n|-damage|p1a: peasant #1|66\/100|[from] Stealth Rock\n|\n|upkeep\n|turn|16\n|\n|move|p2a: Vindeseil|Blue Flare|p1a: peasant #1\n|-damage|p1a: peasant #1|23\/100\n|-damage|p2a: Vindeseil|91\/100|[from] item: Life Orb\n|move|p1a: peasant #1|Sticky Web|p2a: Vindeseil\n|-sidestart|p2: Walletinspector62|move: Sticky Web\n|\n|upkeep\n|turn|17\n|inactive|Battle timer is ON: inactive players will automatically lose when time's up. (requested by dingalingading)\n|c|\u2606dingalingading|sry for the long turns xD\n|c|\u2606Walletinspector62|It\u2019s fine\n|\n|switch|p2a: Reeses|Donphan, M, shiny|94\/100\n|-activate|p2a: Reeses|move: Sticky Web\n|-unboost|p2a: Reeses|spe|1\n|switch|p1a: purty grill|Sylveon, F|88\/100\n|-damage|p1a: purty grill|76\/100|[from] Stealth Rock\n|\n|-heal|p2a: Reeses|100\/100|[from] item: Leftovers\n|upkeep\n|turn|18\n|\n|move|p1a: purty grill|Hyper Voice|p2a: Reeses\n|-crit|p2a: Reeses\n|-damage|p2a: Reeses|19\/100\n|move|p2a: Reeses|Rapid Spin|p1a: purty grill\n|-damage|p1a: purty grill|72\/100\n|-sideend|p2: Walletinspector62|Sticky Web|[from] move: Rapid Spin|[of] p2a: Reeses\n|\n|-heal|p2a: Reeses|25\/100|[from] item: Leftovers\n|upkeep\n|turn|19\n|\n|switch|p2a: Vindeseil|Victini|91\/100\n|move|p1a: purty grill|Hyper Voice|p2a: Vindeseil\n|-resisted|p2a: Vindeseil\n|-damage|p2a: Vindeseil|69\/100\n|\n|upkeep\n|turn|20\n|\n|move|p2a: Vindeseil|V-create|p1a: purty grill\n|-crit|p1a: purty grill\n|-damage|p1a: purty grill|0 fnt\n|-unboost|p2a: Vindeseil|spe|1\n|-unboost|p2a: Vindeseil|def|1\n|-unboost|p2a: Vindeseil|spd|1\n|-damage|p2a: Vindeseil|59\/100|[from] item: Life Orb\n|faint|p1a: purty grill\n|\n|-sideend|p1: dingalingading|Reflect\n|upkeep\n|c|\u2606Walletinspector62|Oof\n|c|\u2606Walletinspector62|sorry for hax\n|c|\u2606dingalingading|i think u win anyway xD\n|c|\u2606dingalingading|i had shadow ball tho\n|inactive|dingalingading has 270 seconds left.\n|\n|switch|p1a: peasant #3|Landorus-Therian, M|100\/100\n|-damage|p1a: peasant #3|88\/100|[from] Stealth Rock\n|-ability|p1a: peasant #3|Intimidate|boost\n|-unboost|p2a: Vindeseil|atk|1\n|turn|21\n|\n|move|p1a: peasant #3|Bulk Up|p1a: peasant #3\n|-boost|p1a: peasant #3|atk|1\n|-boost|p1a: peasant #3|def|1\n|move|p2a: Vindeseil|Glaciate|p1a: peasant #3\n|-supereffective|p1a: peasant #3\n|-enditem|p1a: peasant #3|Yache Berry|[eat]\n|-enditem|p1a: peasant #3|Yache Berry|[weaken]\n|-damage|p1a: peasant #3|44\/100\n|-unboost|p1a: peasant #3|spe|1\n|-damage|p2a: Vindeseil|49\/100|[from] item: Life Orb\n|\n|upkeep\n|turn|22\n|\n|move|p2a: Vindeseil|Glaciate|p1a: peasant #3\n|-supereffective|p1a: peasant #3\n|-damage|p1a: peasant #3|0 fnt\n|-damage|p2a: Vindeseil|39\/100|[from] item: Life Orb\n|faint|p1a: peasant #3\n|\n|upkeep\n|\n|switch|p1a: Infernape|Infernape, F|70\/100\n|-damage|p1a: Infernape|58\/100|[from] Stealth Rock\n|turn|23\n|inactive|dingalingading has 270 seconds left.\n|\n|move|p1a: Infernape|Swords Dance|p1a: Infernape\n|-boost|p1a: Infernape|atk|2\n|move|p2a: Vindeseil|Bolt Strike|p1a: Infernape\n|-damage|p1a: Infernape|11\/100\n|-damage|p2a: Vindeseil|29\/100|[from] item: Life Orb\n|\n|upkeep\n|turn|24\n|inactive|dingalingading has 270 seconds left.\n|\n|move|p1a: Infernape|Stone Edge|p2a: Vindeseil\n|-supereffective|p2a: Vindeseil\n|-damage|p2a: Vindeseil|0 fnt\n|faint|p2a: Vindeseil\n|\n|upkeep\n|c|\u2606dingalingading|i needed webs xD\n|c|\u2606dingalingading|gg tho\n|\n|switch|p2a: Emma Frost|Ninetales-Alola, F, shiny|12\/100\n|-weather|Hail|[from] ability: Snow Warning|[of] p2a: Emma Frost\n|turn|25\n|\n|move|p2a: Emma Frost|Moonblast|p1a: Infernape\n|-damage|p1a: Infernape|0 fnt\n|faint|p1a: Infernape\n|\n|-weather|Hail|[upkeep]\n|upkeep\n|\n|switch|p1a: peasant #1|Shuckle, F|23\/100\n|-damage|p1a: peasant #1|0 fnt|[from] Stealth Rock\n|faint|p1a: peasant #1\n|\n|win|Walletinspector62\n|c|\u2606Walletinspector62|GG\n|l|\u2606dingalingading\n","uploadtime":1566685851,"views":20,"p1id":"dingalingading","p2id":"walletinspector62","formatid":"gen7ou","rating":0,"private":0,"password":null}