{"id":"gen7ou-669234962","p1":"Toxabelle","p2":"Pokegolf","format":"gen7ou","log":"|raw|<div class=\"broadcast-red\"><strong>This battle is invite-only!<\/strong><br \/>Users must be rank + or invited with <code>\/invite<\/code> to join<\/div>\n|j|Toxabelle\n|j|Pokegolf\n|player|p1|Toxabelle|164\n|teamsize|p1|6\n|player|p2|Pokegolf|224\n|teamsize|p2|6\n|gametype|singles\n|gen|7\n|tier|[Gen 7] OU\n|rated|\n|seed|38323,9201,26849,33523\n|rule|Sleep Clause Mod: Limit one foe put to sleep\n|rule|Species Clause: Limit one of each Pok\u00e9mon\n|rule|OHKO Clause: OHKO moves are banned\n|rule|Moody Clause: Moody is banned\n|rule|Evasion Moves Clause: Evasion moves are banned\n|rule|Endless Battle Clause: Forcing endless battles is banned\n|rule|HP Percentage Mod: HP is shown in percentages\n|clearpoke\n|poke|p1|Venusaur, M|item\n|poke|p1|Keldeo-Resolute|item\n|poke|p1|Skarmory, M|item\n|poke|p1|Chansey, F|item\n|poke|p1|Heatran, M|item\n|poke|p1|Bisharp, M|item\n|poke|p2|Mawile, F|item\n|poke|p2|Keldeo-Resolute|item\n|poke|p2|Hawlucha, F|item\n|poke|p2|Zygarde|item\n|poke|p2|Tapu Koko|item\n|poke|p2|Excadrill, M|item\n|teampreview\n|inactive|Battle timer is ON: inactive players will automatically lose when time's up. (requested by Toxabelle)\n|choice|team 2, team 1, team 3, team 4, team 5, team 6|team 5, team 2, team 3, team 4, team 1, team 6\n|\n|start\n|switch|p1a: Keldeo|Keldeo-Resolute|323\/323\n|switch|p2a: LighThisUp|Tapu Koko|281\/281\n|-fieldstart|move: Electric Terrain|[from] ability: Electric Surge|[of] p2a: LighThisUp\n|turn|1\n|choice|switch 2|move voltswitch\n|\n|switch|p1a: Venusaur|Venusaur, M|363\/363\n|move|p2a: LighThisUp|Volt Switch|p1a: Venusaur\n|-resisted|p1a: Venusaur\n|-damage|p1a: Venusaur|293\/363\n|inactive|Pokegolf has 135 seconds left.\n|choice||switch 5\n|\n|switch|p2a: Nightmare|Mawile, F|303\/303\n|\n|upkeep\n|turn|2\n|choice|move hiddenpower mega|move swordsdance mega\n|\n|-mega|p1a: Venusaur|Venusaur|Venusaurite\n|detailschange|p1a: Venusaur|Venusaur-Mega, M\n|-mega|p2a: Nightmare|Mawile|Mawilite\n|detailschange|p2a: Nightmare|Mawile-Mega, F\n|move|p1a: Venusaur|Hidden Power|p2a: Nightmare\n|-supereffective|p2a: Nightmare\n|-damage|p2a: Nightmare|185\/303\n|move|p2a: Nightmare|Swords Dance|p2a: Nightmare\n|-boost|p2a: Nightmare|atk|2\n|\n|upkeep\n|turn|3\n|choice|switch 5|move thunderpunch\n|\n|switch|p1a: Heatran|Heatran, M|386\/386\n|move|p2a: Nightmare|Thunder Punch|p1a: Heatran\n|-damage|p1a: Heatran|0 fnt\n|faint|p1a: Heatran\n|\n|upkeep\n|choice|switch 6|\n|\n|switch|p1a: Bisharp|Bisharp, M|334\/334\n|turn|4\n|choice|move suckerpunch|move thunderpunch\n|\n|move|p1a: Bisharp|Sucker Punch|p2a: Nightmare\n|-resisted|p2a: Nightmare\n|-damage|p2a: Nightmare|128\/303\n|move|p2a: Nightmare|Thunder Punch|p1a: Bisharp\n|-damage|p1a: Bisharp|0 fnt\n|faint|p1a: Bisharp\n|\n|upkeep\n|choice|switch 2|\n|\n|switch|p1a: Keldeo|Keldeo-Resolute|323\/323\n|turn|5\n|inactive|Pokegolf has 135 seconds left.\n|inactive|Pokegolf has 120 seconds left.\n|choice|move scald|move suckerpunch\n|\n|move|p2a: Nightmare|Sucker Punch|p1a: Keldeo\n|-resisted|p1a: Keldeo\n|-damage|p1a: Keldeo|139\/323\n|-ability|p1a: Keldeo|Justified|boost\n|-boost|p1a: Keldeo|atk|1\n|move|p1a: Keldeo|Scald|p2a: Nightmare\n|-damage|p2a: Nightmare|0 fnt\n|faint|p2a: Nightmare\n|\n|-heal|p1a: Keldeo|159\/323|[from] item: Leftovers\n|-fieldend|move: Electric Terrain\n|upkeep\n|choice||switch 5\n|\n|switch|p2a: LighThisUp|Tapu Koko|281\/281\n|-fieldstart|move: Electric Terrain|[from] ability: Electric Surge|[of] p2a: LighThisUp\n|turn|6\n|choice|switch 4|move voltswitch\n|\n|switch|p1a: Chansey|Chansey, F|703\/703\n|move|p2a: LighThisUp|Volt Switch|p1a: Chansey\n|-damage|p1a: Chansey|609\/703\n|choice||switch 4\n|\n|switch|p2a: Sherwood|Zygarde|420\/420\n|-ability|p2a: Sherwood|Aura Break\n|\n|upkeep\n|turn|7\n|choice|switch 5|move substitute\n|\n|switch|p1a: Venusaur|Venusaur-Mega, M|293\/363\n|move|p2a: Sherwood|Substitute|p2a: Sherwood\n|-start|p2a: Sherwood|Substitute\n|-damage|p2a: Sherwood|315\/420\n|\n|-heal|p2a: Sherwood|341\/420|[from] item: Leftovers\n|upkeep\n|turn|8\n|choice|switch 3|move coil\n|\n|switch|p1a: Skarmory|Skarmory, M|333\/333\n|move|p2a: Sherwood|Coil|p2a: Sherwood\n|-boost|p2a: Sherwood|atk|1\n|-boost|p2a: Sherwood|def|1\n|-boost|p2a: Sherwood|accuracy|1\n|\n|-heal|p2a: Sherwood|367\/420|[from] item: Leftovers\n|upkeep\n|turn|9\n|choice|move whirlwind|move thousandarrows\n|\n|move|p2a: Sherwood|Thousand Arrows|p1a: Skarmory\n|-damage|p1a: Skarmory|209\/333\n|-start|p1a: Skarmory|Smack Down\n|move|p1a: Skarmory|Whirlwind|p2a: Sherwood\n|drag|p2a: Angry MLP Cosplay|Keldeo-Resolute|323\/323\n|\n|upkeep\n|turn|10\n|choice|switch 3|move scald\n|\n|switch|p1a: Venusaur|Venusaur-Mega, M|293\/363\n|move|p2a: Angry MLP Cosplay|Scald|p1a: Venusaur\n|-resisted|p1a: Venusaur\n|-damage|p1a: Venusaur|203\/363\n|\n|-fieldend|move: Electric Terrain\n|upkeep\n|turn|11\n|choice|move gigadrain|switch 6\n|\n|switch|p2a: Sex-cadrill|Excadrill, M|362\/362\n|-ability|p2a: Sex-cadrill|Mold Breaker\n|move|p1a: Venusaur|Giga Drain|p2a: Sex-cadrill\n|-damage|p2a: Sex-cadrill|208\/362\n|-heal|p1a: Venusaur|280\/363|[from] drain|[of] p2a: Sex-cadrill\n|\n|upkeep\n|turn|12\n|choice|switch 3|switch 4\n|\n|switch|p2a: LighThisUp|Tapu Koko|281\/281\n|-fieldstart|move: Electric Terrain|[from] ability: Electric Surge|[of] p2a: LighThisUp\n|switch|p1a: Skarmory|Skarmory, M|209\/333\n|\n|upkeep\n|turn|13\n|choice|switch 3|move voltswitch\n|\n|switch|p1a: Venusaur|Venusaur-Mega, M|280\/363\n|move|p2a: LighThisUp|Volt Switch|p1a: Venusaur\n|-resisted|p1a: Venusaur\n|-damage|p1a: Venusaur|218\/363\n|choice||switch 3\n|\n|switch|p2a: Hawlu-chan|Hawlucha, F, shiny|338\/338\n|-enditem|p2a: Hawlu-chan|Electric Seed\n|-boost|p2a: Hawlu-chan|def|1\n|\n|upkeep\n|turn|14\n|choice|move sludgebomb|move swordsdance\n|\n|move|p2a: Hawlu-chan|Swords Dance|p2a: Hawlu-chan\n|-boost|p2a: Hawlu-chan|atk|2\n|move|p1a: Venusaur|Sludge Bomb|p2a: Hawlu-chan\n|-damage|p2a: Hawlu-chan|178\/338\n|-status|p2a: Hawlu-chan|psn\n|\n|-damage|p2a: Hawlu-chan|136\/338 psn|[from] psn\n|upkeep\n|turn|15\n|inactive|Toxabelle has 135 seconds left.\n|choice|switch 3|move acrobatics\n|\n|switch|p1a: Skarmory|Skarmory, M|209\/333\n|move|p2a: Hawlu-chan|Acrobatics|p1a: Skarmory\n|-resisted|p1a: Skarmory\n|-damage|p1a: Skarmory|106\/333\n|-damage|p2a: Hawlu-chan|80\/338 psn|[from] item: Rocky Helmet|[of] p1a: Skarmory\n|\n|-damage|p2a: Hawlu-chan|38\/338 psn|[from] psn\n|upkeep\n|turn|16\n|choice|move spikes|move highjumpkick\n|\n|move|p2a: Hawlu-chan|High Jump Kick|p1a: Skarmory\n|-damage|p1a: Skarmory|0 fnt\n|-damage|p2a: Hawlu-chan|0 fnt|[from] item: Rocky Helmet|[of] p1a: Skarmory\n|faint|p1a: Skarmory\n|faint|p2a: Hawlu-chan\n|\n|-fieldend|move: Electric Terrain\n|upkeep\n|choice|switch 3|switch 4\n|\n|switch|p2a: Sex-cadrill|Excadrill, M|208\/362\n|switch|p1a: Venusaur|Venusaur-Mega, M|218\/363\n|-ability|p2a: Sex-cadrill|Mold Breaker\n|turn|17\n|choice|move gigadrain|move earthquake\n|\n|move|p2a: Sex-cadrill|Earthquake|p1a: Venusaur\n|-damage|p1a: Venusaur|95\/363\n|move|p1a: Venusaur|Giga Drain|p2a: Sex-cadrill\n|-damage|p2a: Sex-cadrill|63\/362\n|-heal|p1a: Venusaur|168\/363|[from] drain|[of] p2a: Sex-cadrill\n|\n|upkeep\n|turn|18\n|choice|move synthesis|move earthquake\n|\n|move|p2a: Sex-cadrill|Earthquake|p1a: Venusaur\n|-damage|p1a: Venusaur|44\/363\n|move|p1a: Venusaur|Synthesis|p1a: Venusaur\n|-heal|p1a: Venusaur|225\/363\n|\n|upkeep\n|turn|19\n|choice|move synthesis|move earthquake\n|\n|move|p2a: Sex-cadrill|Earthquake|p1a: Venusaur\n|-damage|p1a: Venusaur|111\/363\n|move|p1a: Venusaur|Synthesis|p1a: Venusaur\n|-heal|p1a: Venusaur|292\/363\n|\n|upkeep\n|turn|20\n|choice|move gigadrain|move earthquake\n|\n|move|p2a: Sex-cadrill|Earthquake|p1a: Venusaur\n|-damage|p1a: Venusaur|174\/363\n|move|p1a: Venusaur|Giga Drain|p2a: Sex-cadrill\n|-damage|p2a: Sex-cadrill|0 fnt\n|-heal|p1a: Venusaur|206\/363|[from] drain|[of] p2a: Sex-cadrill\n|faint|p2a: Sex-cadrill\n|\n|upkeep\n|choice||switch 2\n|\n|switch|p2a: Sherwood|Zygarde|367\/420\n|-ability|p2a: Sherwood|Aura Break\n|turn|21\n|choice|move gigadrain|move coil\n|\n|move|p2a: Sherwood|Coil|p2a: Sherwood\n|-boost|p2a: Sherwood|atk|1\n|-boost|p2a: Sherwood|def|1\n|-boost|p2a: Sherwood|accuracy|1\n|move|p1a: Venusaur|Giga Drain|p2a: Sherwood\n|-damage|p2a: Sherwood|265\/420\n|-heal|p1a: Venusaur|257\/363|[from] drain|[of] p2a: Sherwood\n|\n|-heal|p2a: Sherwood|291\/420|[from] item: Leftovers\n|upkeep\n|turn|22\n|choice|move gigadrain|move substitute\n|\n|move|p2a: Sherwood|Substitute|p2a: Sherwood\n|-start|p2a: Sherwood|Substitute\n|-damage|p2a: Sherwood|186\/420\n|move|p1a: Venusaur|Giga Drain|p2a: Sherwood\n|-end|p2a: Sherwood|Substitute\n|-heal|p1a: Venusaur|310\/363|[from] drain|[of] p2a: Sherwood\n|\n|-heal|p2a: Sherwood|212\/420|[from] item: Leftovers\n|upkeep\n|turn|23\n|choice|move gigadrain|move coil\n|\n|move|p2a: Sherwood|Coil|p2a: Sherwood\n|-boost|p2a: Sherwood|atk|1\n|-boost|p2a: Sherwood|def|1\n|-boost|p2a: Sherwood|accuracy|1\n|move|p1a: Venusaur|Giga Drain|p2a: Sherwood\n|-damage|p2a: Sherwood|100\/420\n|-heal|p1a: Venusaur|363\/363|[from] drain|[of] p2a: Sherwood\n|\n|-heal|p2a: Sherwood|126\/420|[from] item: Leftovers\n|upkeep\n|turn|24\n|choice|move gigadrain|move thousandarrows\n|\n|move|p2a: Sherwood|Thousand Arrows|p1a: Venusaur\n|-damage|p1a: Venusaur|189\/363\n|move|p1a: Venusaur|Giga Drain|p2a: Sherwood\n|-damage|p2a: Sherwood|20\/420\n|-heal|p1a: Venusaur|242\/363|[from] drain|[of] p2a: Sherwood\n|\n|-heal|p2a: Sherwood|46\/420|[from] item: Leftovers\n|upkeep\n|turn|25\n|choice|switch 4|move thousandarrows\n|\n|switch|p1a: Keldeo|Keldeo-Resolute|159\/323\n|move|p2a: Sherwood|Thousand Arrows|p1a: Keldeo\n|-damage|p1a: Keldeo|0 fnt\n|faint|p1a: Keldeo\n|\n|-heal|p2a: Sherwood|72\/420|[from] item: Leftovers\n|upkeep\n|choice|switch 5|\n|\n|switch|p1a: Chansey|Chansey, F|609\/703\n|turn|26\n|choice|move seismictoss|move thousandarrows\n|\n|move|p2a: Sherwood|Thousand Arrows|p1a: Chansey\n|-damage|p1a: Chansey|224\/703\n|move|p1a: Chansey|Seismic Toss|p2a: Sherwood\n|-damage|p2a: Sherwood|0 fnt\n|faint|p2a: Sherwood\n|\n|upkeep\n|choice||switch 6\n|\n|switch|p2a: Angry MLP Cosplay|Keldeo-Resolute|323\/323\n|turn|27\n|choice|move seismictoss|move secretsword\n|\n|move|p2a: Angry MLP Cosplay|Secret Sword|p1a: Chansey\n|-supereffective|p1a: Chansey\n|-damage|p1a: Chansey|0 fnt\n|faint|p1a: Chansey\n|\n|upkeep\n|choice|switch 4|\n|\n|switch|p1a: Venusaur|Venusaur-Mega, M|242\/363\n|turn|28\n|choice|move gigadrain|move secretsword\n|\n|move|p2a: Angry MLP Cosplay|Secret Sword|p1a: Venusaur\n|-resisted|p1a: Venusaur\n|-damage|p1a: Venusaur|173\/363\n|move|p1a: Venusaur|Giga Drain|p2a: Angry MLP Cosplay\n|-supereffective|p2a: Angry MLP Cosplay\n|-damage|p2a: Angry MLP Cosplay|93\/323\n|-heal|p1a: Venusaur|288\/363|[from] drain|[of] p2a: Angry MLP Cosplay\n|\n|upkeep\n|turn|29\n|-message|Pokegolf forfeited.\n|\n|win|Toxabelle\n|l|Pokegolf\n|raw|Toxabelle's rating: 1975 &rarr; <strong>1988<\/strong><br \/>(+13 for winning)\n|raw|Pokegolf's rating: 1843 &rarr; <strong>1831<\/strong><br \/>(-12 for losing)\n|c|\u2606Toxabelle|\/log Toxabelle made this room public.","inputlog":null,"uploadtime":1512453453,"views":82,"p1id":"toxabelle","p2id":"pokegolf","formatid":"gen7ou","rating":1831,"private":0,"password":null}