{"id":"gen7ou-749507904","p1":"Megagarchomplover","p2":"CarlyBae","format":"gen7ou","log":"|j|\u2606Megagarchomplover\n|j|\u2606CarlyBae\n|player|p1|Megagarchomplover|65\n|player|p2|CarlyBae|138\n|teamsize|p1|6\n|teamsize|p2|6\n|gametype|singles\n|gen|7\n|tier|[Gen 7] OU\n|rated|\n|rule|Sleep Clause Mod: Limit one foe put to sleep\n|rule|Species Clause: Limit one of each Pok\u00e9mon\n|rule|OHKO Clause: OHKO moves are banned\n|rule|Moody Clause: Moody is banned\n|rule|Evasion Moves Clause: Evasion moves are banned\n|rule|Endless Battle Clause: Forcing endless battles is banned\n|rule|HP Percentage Mod: HP is shown in percentages\n|clearpoke\n|poke|p1|Landorus-Therian, M|item\n|poke|p1|Chansey, F|item\n|poke|p1|Garchomp, M|item\n|poke|p1|Thundurus-Therian, M|item\n|poke|p1|Ferrothorn, F|item\n|poke|p1|Hawlucha, F|item\n|poke|p2|Shuckle, F|item\n|poke|p2|Tapu Lele|item\n|poke|p2|Bisharp, M|item\n|poke|p2|Sableye, M|item\n|poke|p2|Kartana|item\n|poke|p2|Manaphy|item\n|teampreview\n|c|\u2606CarlyBae|\/log CarlyBae made this room hidden.\n|c|\u2606Megagarchomplover|why is everyone using non  pokes today?\n|\n|start\n|switch|p1a: Hawlucha|Hawlucha, F|100\/100\n|switch|p2a: Shuckle|Shuckle, F|100\/100\n|turn|1\n|\n|move|p1a: Hawlucha|Swords Dance|p1a: Hawlucha\n|-boost|p1a: Hawlucha|atk|2\n|move|p2a: Shuckle|Encore|p1a: Hawlucha\n|-start|p1a: Hawlucha|Encore\n|\n|upkeep\n|turn|2\n|c|\u2606Megagarchomplover|rip\n|\n|move|p1a: Hawlucha|Swords Dance|p1a: Hawlucha\n|-boost|p1a: Hawlucha|atk|2\n|move|p2a: Shuckle|Sticky Web|p1a: Hawlucha\n|-sidestart|p1: Megagarchomplover|move: Sticky Web\n|\n|upkeep\n|turn|3\n|\n|switch|p2a: Tapu Lele|Tapu Lele|100\/100\n|-fieldstart|move: Psychic Terrain|[from] ability: Psychic Surge|[of] p2a: Tapu Lele\n|move|p1a: Hawlucha|Swords Dance|p1a: Hawlucha\n|-boost|p1a: Hawlucha|atk|2\n|\n|upkeep\n|turn|4\n|\n|switch|p1a: Chansey|Chansey, F, shiny|100\/100\n|-activate|p1a: Chansey|move: Sticky Web\n|-unboost|p1a: Chansey|spe|1\n|move|p2a: Tapu Lele|Psyshock|p1a: Chansey\n|-damage|p1a: Chansey|41\/100\n|\n|upkeep\n|turn|5\n|\n|switch|p1a: Ferrothorn|Ferrothorn, F|100\/100\n|-activate|p1a: Ferrothorn|move: Sticky Web\n|-unboost|p1a: Ferrothorn|spe|1\n|move|p2a: Tapu Lele|Psyshock|p1a: Ferrothorn\n|-resisted|p1a: Ferrothorn\n|-crit|p1a: Ferrothorn\n|-damage|p1a: Ferrothorn|60\/100\n|\n|upkeep\n|turn|6\n|\n|switch|p2a: Shuckle|Shuckle, F|100\/100\n|switch|p1a: Thundurus|Thundurus-Therian, M, shiny|100\/100\n|\n|upkeep\n|turn|7\n|\n|move|p1a: Thundurus|Volt Switch|p2a: Shuckle\n|-damage|p2a: Shuckle|63\/100\n|\n|switch|p1a: Hawlucha|Hawlucha, F|100\/100\n|move|p2a: Shuckle|Encore|p1a: Hawlucha\n|-fail|p2a: Shuckle\n|\n|-fieldend|move: Psychic Terrain\n|upkeep\n|turn|8\n|\n|move|p1a: Hawlucha|High Jump Kick|p2a: Shuckle\n|-damage|p2a: Shuckle|28\/100\n|move|p2a: Shuckle|Stealth Rock|p1a: Hawlucha\n|-sidestart|p1: Megagarchomplover|move: Stealth Rock\n|\n|upkeep\n|turn|9\n|\n|move|p1a: Hawlucha|Swords Dance|p1a: Hawlucha\n|-boost|p1a: Hawlucha|atk|2\n|move|p2a: Shuckle|Encore|p1a: Hawlucha\n|-start|p1a: Hawlucha|Encore\n|\n|upkeep\n|turn|10\n|c|\u2606Megagarchomplover|nooo\n|\n|switch|p1a: Thundurus|Thundurus-Therian, M, shiny|100\/100\n|-damage|p1a: Thundurus|75\/100|[from] Stealth Rock\n|switch|p2a: Sableye|Sableye, M|100\/100\n|\n|upkeep\n|turn|11\n|\n|-mega|p2a: Sableye|Sableye|Sablenite\n|detailschange|p2a: Sableye|Sableye-Mega, M\n|move|p1a: Thundurus|Volt Switch|p2a: Sableye\n|-damage|p2a: Sableye|46\/100\n|\n|switch|p1a: Ferrothorn|Ferrothorn, F|60\/100\n|-activate|p1a: Ferrothorn|move: Sticky Web\n|-unboost|p1a: Ferrothorn|spe|1\n|-damage|p1a: Ferrothorn|54\/100|[from] Stealth Rock\n|move|p2a: Sableye|Will-O-Wisp|p1a: Ferrothorn\n|-status|p1a: Ferrothorn|brn\n|\n|-damage|p1a: Ferrothorn|48\/100 brn|[from] brn\n|upkeep\n|turn|12\n|\n|switch|p1a: Thundurus|Thundurus-Therian, M, shiny|75\/100\n|-damage|p1a: Thundurus|50\/100|[from] Stealth Rock\n|move|p2a: Sableye|Recover|p2a: Sableye\n|-heal|p2a: Sableye|96\/100\n|\n|upkeep\n|turn|13\n|\n|switch|p2a: Shuckle|Shuckle, F|28\/100\n|move|p1a: Thundurus|Volt Switch|p2a: Shuckle\n|-damage|p2a: Shuckle|0 fnt\n|faint|p2a: Shuckle\n|\n|switch|p1a: Landorus|Landorus-Therian, M|100\/100\n|-damage|p1a: Landorus|88\/100|[from] Stealth Rock\n|\n|upkeep\n|\n|switch|p2a: Manaphy|Manaphy|100\/100\n|turn|14\n|c|\u2606Megagarchomplover|z rain\n|\n|move|p1a: Landorus|U-turn|p2a: Manaphy\n|-damage|p2a: Manaphy|73\/100\n|\n|switch|p1a: Thundurus|Thundurus-Therian, M, shiny|50\/100\n|-damage|p1a: Thundurus|25\/100|[from] Stealth Rock\n|-zpower|p2a: Manaphy\n|move|p2a: Manaphy|Z-Rain Dance|p2a: Manaphy|[anim]Rain Dance\n|-boost|p2a: Manaphy|spe|1|[zeffect]\n|-weather|RainDance\n|\n|-weather|RainDance|[upkeep]\n|upkeep\n|turn|15\n|c|\u2606Megagarchomplover|i wish i was scarf\n|c|\u2606Megagarchomplover|;-;\n|c|\u2606CarlyBae|tell me the truth\n|c|\u2606CarlyBae|are you scarf\n|c|\u2606Megagarchomplover|no\n|c|\u2606Megagarchomplover|lol\n|c|\u2606CarlyBae|if you say no i'll stay in because you wouldn't lie to me\n|c|\u2606CarlyBae|right\n|c|\u2606Megagarchomplover|mhm\n|c|\u2606CarlyBae|tell me you wouldn't lie to me\n|c|\u2606Megagarchomplover|i wont D\n|c|\u2606Megagarchomplover|XD\n|c|\u2606CarlyBae|hmm\n|c|\u2606Megagarchomplover|hurry im not scarf\n|c|\u2606CarlyBae|Fine I'll trust you\n|c|\u2606CarlyBae|ok?\n|c|\u2606Megagarchomplover|k\n|\n|move|p2a: Manaphy|Surf|p1a: Thundurus\n|-damage|p1a: Thundurus|0 fnt\n|faint|p1a: Thundurus\n|\n|-weather|RainDance|[upkeep]\n|upkeep\n|c|\u2606CarlyBae|wtf\n|\n|switch|p1a: Chansey|Chansey, F, shiny|41\/100\n|-activate|p1a: Chansey|move: Sticky Web\n|-unboost|p1a: Chansey|spe|1\n|-damage|p1a: Chansey|29\/100|[from] Stealth Rock\n|turn|16\n|c|\u2606Megagarchomplover|?\n|\n|move|p2a: Manaphy|Tail Glow|p2a: Manaphy\n|-boost|p2a: Manaphy|spa|3\n|move|p1a: Chansey|Soft-Boiled|p1a: Chansey\n|-heal|p1a: Chansey|79\/100\n|\n|-weather|RainDance|[upkeep]\n|upkeep\n|turn|17\n|c|\u2606CarlyBae|I was 100% sure you were scarf\n|c|\u2606Megagarchomplover|i don't lie\n|\n|move|p2a: Manaphy|Surf|p1a: Chansey\n|-damage|p1a: Chansey|31\/100\n|move|p1a: Chansey|Seismic Toss|p2a: Manaphy\n|-damage|p2a: Manaphy|44\/100\n|\n|-weather|RainDance|[upkeep]\n|upkeep\n|turn|18\n|c|\u2606Megagarchomplover|I'm specs\n|\n|move|p2a: Manaphy|Surf|p1a: Chansey\n|-damage|p1a: Chansey|0 fnt\n|faint|p1a: Chansey\n|\n|-weather|none\n|upkeep\n|c|\u2606Megagarchomplover|l\n|c|\u2606Megagarchomplover|L\n|\n|switch|p1a: Ferrothorn|Ferrothorn, F|48\/100 brn\n|-activate|p1a: Ferrothorn|move: Sticky Web\n|-unboost|p1a: Ferrothorn|spe|1\n|-damage|p1a: Ferrothorn|42\/100 brn|[from] Stealth Rock\n|turn|19\n|\n|move|p2a: Manaphy|Surf|p1a: Ferrothorn\n|-resisted|p1a: Ferrothorn\n|-damage|p1a: Ferrothorn|3\/100 brn\n|move|p1a: Ferrothorn|Leech Seed|p2a: Manaphy\n|-start|p2a: Manaphy|move: Leech Seed\n|\n|-damage|p2a: Manaphy|32\/100|[from] Leech Seed|[of] p1a: Ferrothorn\n|-heal|p1a: Ferrothorn|15\/100 brn|[silent]\n|-damage|p1a: Ferrothorn|8\/100 brn|[from] brn\n|upkeep\n|turn|20\n|c|\u2606Megagarchomplover|!!!!\n|c|\u2606Megagarchomplover|i wont protect lmao\n|\n|move|p2a: Manaphy|Surf|p1a: Ferrothorn\n|-resisted|p1a: Ferrothorn\n|-damage|p1a: Ferrothorn|0 fnt\n|faint|p1a: Ferrothorn\n|\n|upkeep\n|c|\u2606Megagarchomplover|rip\n|\n|switch|p1a: Hawlucha|Hawlucha, F|100\/100\n|-damage|p1a: Hawlucha|88\/100|[from] Stealth Rock\n|turn|21\n|\n|move|p2a: Manaphy|Psychic|p1a: Hawlucha\n|-supereffective|p1a: Hawlucha\n|-damage|p1a: Hawlucha|0 fnt\n|faint|p1a: Hawlucha\n|\n|upkeep\n|c|\u2606Megagarchomplover|wtf\n|c|\u2606Megagarchomplover|psychic?\n|c|\u2606CarlyBae|venusaur\n|\n|switch|p1a: Landorus|Landorus-Therian, M|88\/100\n|-damage|p1a: Landorus|76\/100|[from] Stealth Rock\n|-ability|p1a: Landorus|Intimidate|boost\n|-unboost|p2a: Manaphy|atk|1\n|turn|22\n|c|\u2606Megagarchomplover|ooh\n|c|\u2606Megagarchomplover|true\n|\n|move|p2a: Manaphy|Surf|p1a: Landorus\n|-supereffective|p1a: Landorus\n|-damage|p1a: Landorus|0 fnt\n|faint|p1a: Landorus\n|\n|upkeep\n|c|\u2606Megagarchomplover|gg, wp\n|c|\u2606CarlyBae|gg\n|\n|switch|p1a: Garchomp|Garchomp, M, shiny|100\/100\n|-damage|p1a: Garchomp|94\/100|[from] Stealth Rock\n|-activate|p1a: Garchomp|move: Sticky Web\n|-unboost|p1a: Garchomp|spe|1\n|turn|23\n|\n|-mega|p1a: Garchomp|Garchomp|Garchompite\n|detailschange|p1a: Garchomp|Garchomp-Mega, M, shiny\n|move|p2a: Manaphy|Surf|p1a: Garchomp\n|-damage|p1a: Garchomp|0 fnt\n|faint|p1a: Garchomp\n|\n|win|CarlyBae\n|raw|Megagarchomplover's rating: 1518 &rarr; <strong>1494<\/strong><br \/>(-24 for losing)\n|raw|CarlyBae's rating: 1456 &rarr; <strong>1479<\/strong><br \/>(+23 for winning)\n|l|\u2606Megagarchomplover\n|c|\u2606CarlyBae|\/log CarlyBae made this room public.\n","inputlog":null,"uploadtime":1526695629,"views":13,"p1id":"megagarchomplover","p2id":"carlybae","formatid":"gen7ou","rating":1479,"private":0,"password":null}