{"id":"gen7ou-1102800336","p1":"mystic boat","p2":"TestingTesting1","format":"gen7ou","log":"|j|\u2606mystic boat\n|j|\u2606TestingTesting1\n|player|p1|mystic boat|169|1562\n|player|p2|TestingTesting1|102|1575\n|teamsize|p1|6\n|teamsize|p2|6\n|gametype|singles\n|gen|7\n|tier|[Gen 7] OU\n|rated|\n|clearpoke\n|poke|p1|Aggron, M|item\n|poke|p1|Heatran, F|item\n|poke|p1|Tapu Bulu|item\n|poke|p1|Clefable, F|item\n|poke|p1|Rotom-Wash|item\n|poke|p1|Landorus-Therian, M|item\n|poke|p2|Heracross, M|item\n|poke|p2|Jirachi|item\n|poke|p2|Gliscor, F|item\n|poke|p2|Serperior, M|item\n|poke|p2|Tapu Lele|item\n|poke|p2|Thundurus-Therian, M|item\n|rule|Sleep Clause Mod: Limit one foe put to sleep\n|rule|Species Clause: Limit one of each Pok\u00e9mon\n|rule|OHKO Clause: OHKO moves are banned\n|rule|Moody Clause: Moody is banned\n|rule|Evasion Moves Clause: Evasion moves are banned\n|rule|Endless Battle Clause: Forcing endless battles is banned\n|rule|HP Percentage Mod: HP is shown in percentages\n|teampreview\n|\n|start\n|switch|p1a: Landorus|Landorus-Therian, M|100\/100\n|switch|p2a: Thundurus|Thundurus-Therian, M|100\/100\n|-ability|p1a: Landorus|Intimidate|boost\n|-unboost|p2a: Thundurus|atk|1\n|turn|1\n|\n|move|p1a: Landorus|Stone Edge|p2a: Thundurus\n|-supereffective|p2a: Thundurus\n|-damage|p2a: Thundurus|0 fnt\n|faint|p2a: Thundurus\n|\n|upkeep\n|\n|switch|p2a: Gliscor|Gliscor, F|100\/100\n|turn|2\n|\n|switch|p1a: Tapu Bulu|Tapu Bulu|100\/100\n|-fieldstart|move: Grassy Terrain|[from] ability: Grassy Surge|[of] p1a: Tapu Bulu\n|move|p2a: Gliscor|Knock Off|p1a: Tapu Bulu\n|-resisted|p1a: Tapu Bulu\n|-damage|p1a: Tapu Bulu|91\/100\n|-enditem|p1a: Tapu Bulu|Choice Band|[from] move: Knock Off|[of] p2a: Gliscor\n|\n|-heal|p1a: Tapu Bulu|97\/100|[from] Grassy Terrain\n|-status|p2a: Gliscor|tox|[from] item: Toxic Orb\n|upkeep\n|turn|3\n|\n|switch|p2a: Jirachi|Jirachi|100\/100\n|move|p1a: Tapu Bulu|Horn Leech|p2a: Jirachi\n|-resisted|p2a: Jirachi\n|-damage|p2a: Jirachi|74\/100\n|-heal|p1a: Tapu Bulu|100\/100|[from] drain|[of] p2a: Jirachi\n|\n|-heal|p2a: Jirachi|80\/100|[from] item: Leftovers\n|-heal|p2a: Jirachi|86\/100|[from] Grassy Terrain\n|upkeep\n|turn|4\n|\n|switch|p1a: Heatran|Heatran, F|100\/100\n|move|p2a: Jirachi|Stealth Rock|p1a: Heatran\n|-sidestart|p1: mystic boat|move: Stealth Rock\n|\n|-heal|p2a: Jirachi|93\/100|[from] item: Leftovers\n|-heal|p2a: Jirachi|99\/100|[from] Grassy Terrain\n|upkeep\n|turn|5\n|\n|move|p2a: Jirachi|Thunder Wave|p1a: Heatran\n|-status|p1a: Heatran|par\n|move|p1a: Heatran|Magma Storm|p2a: Jirachi\n|-supereffective|p2a: Jirachi\n|-damage|p2a: Jirachi|25\/100\n|-activate|p2a: Jirachi|move: Magma Storm|[of] p1a: Heatran\n|\n|-heal|p2a: Jirachi|32\/100|[from] item: Leftovers\n|-heal|p2a: Jirachi|38\/100|[from] Grassy Terrain\n|-damage|p2a: Jirachi|25\/100|[from] move: Magma Storm|[partiallytrapped]\n|upkeep\n|turn|6\n|\n|move|p2a: Jirachi|Iron Head|p1a: Heatran\n|-resisted|p1a: Heatran\n|-damage|p1a: Heatran|94\/100 par\n|cant|p1a: Heatran|flinch\n|\n|-heal|p2a: Jirachi|32\/100|[from] item: Leftovers\n|-heal|p2a: Jirachi|38\/100|[from] Grassy Terrain\n|-heal|p1a: Heatran|99\/100 par|[from] Grassy Terrain\n|-fieldend|move: Grassy Terrain\n|-damage|p2a: Jirachi|25\/100|[from] move: Magma Storm|[partiallytrapped]\n|upkeep\n|turn|7\n|\n|move|p2a: Jirachi|Iron Head|p1a: Heatran\n|-resisted|p1a: Heatran\n|-damage|p1a: Heatran|93\/100 par\n|cant|p1a: Heatran|flinch\n|\n|-heal|p2a: Jirachi|32\/100|[from] item: Leftovers\n|-damage|p2a: Jirachi|19\/100|[from] move: Magma Storm|[partiallytrapped]\n|upkeep\n|turn|8\n|\n|move|p2a: Jirachi|Iron Head|p1a: Heatran\n|-resisted|p1a: Heatran\n|-damage|p1a: Heatran|86\/100 par\n|cant|p1a: Heatran|flinch\n|\n|-heal|p2a: Jirachi|25\/100|[from] item: Leftovers\n|-damage|p2a: Jirachi|13\/100|[from] move: Magma Storm|[partiallytrapped]\n|upkeep\n|turn|9\n|\n|move|p2a: Jirachi|Iron Head|p1a: Heatran\n|-resisted|p1a: Heatran\n|-damage|p1a: Heatran|79\/100 par\n|move|p1a: Heatran|Stealth Rock|p2a: Jirachi\n|-sidestart|p2: TestingTesting1|move: Stealth Rock\n|\n|-heal|p2a: Jirachi|19\/100|[from] item: Leftovers\n|-end|p2a: Jirachi|Magma Storm|[partiallytrapped]\n|upkeep\n|turn|10\n|\n|switch|p2a: Gliscor|Gliscor, F|100\/100 tox\n|-damage|p2a: Gliscor|88\/100 tox|[from] Stealth Rock\n|move|p1a: Heatran|Magma Storm|p2a: Gliscor\n|-damage|p2a: Gliscor|25\/100 tox\n|-activate|p2a: Gliscor|move: Magma Storm|[of] p1a: Heatran\n|\n|-heal|p2a: Gliscor|38\/100 tox|[from] ability: Poison Heal\n|-damage|p2a: Gliscor|25\/100 tox|[from] move: Magma Storm|[partiallytrapped]\n|upkeep\n|turn|11\n|\n|switch|p1a: Tapu Bulu|Tapu Bulu|100\/100\n|-damage|p1a: Tapu Bulu|88\/100|[from] Stealth Rock\n|-fieldstart|move: Grassy Terrain|[from] ability: Grassy Surge|[of] p1a: Tapu Bulu\n|move|p2a: Gliscor|Roost|p2a: Gliscor\n|-heal|p2a: Gliscor|75\/100 tox\n|-singleturn|p2a: Gliscor|move: Roost\n|\n|-heal|p2a: Gliscor|81\/100 tox|[from] Grassy Terrain\n|-heal|p1a: Tapu Bulu|94\/100|[from] Grassy Terrain\n|-heal|p2a: Gliscor|94\/100 tox|[from] ability: Poison Heal\n|-end|p2a: Gliscor|Magma Storm|[partiallytrapped]|[silent]\n|upkeep\n|turn|12\n|\n|move|p2a: Gliscor|Defog|p1a: Tapu Bulu\n|-unboost|p1a: Tapu Bulu|evasion|1\n|-sideend|p1: mystic boat|Stealth Rock|[from] move: Defog|[of] p2a: Gliscor\n|-sideend|p2: TestingTesting1|Stealth Rock|[from] move: Defog|[of] p2a: Gliscor\n|move|p1a: Tapu Bulu|Horn Leech|p2a: Gliscor\n|-damage|p2a: Gliscor|54\/100 tox\n|-heal|p1a: Tapu Bulu|100\/100|[from] drain|[of] p2a: Gliscor\n|\n|-heal|p2a: Gliscor|67\/100 tox|[from] ability: Poison Heal\n|upkeep\n|turn|13\n|\n|switch|p2a: Jirachi|Jirachi|19\/100\n|move|p1a: Tapu Bulu|Wood Hammer|p2a: Jirachi\n|-resisted|p2a: Jirachi\n|-damage|p2a: Jirachi|0 fnt\n|-damage|p1a: Tapu Bulu|92\/100|[from] Recoil\n|faint|p2a: Jirachi\n|\n|-heal|p1a: Tapu Bulu|98\/100|[from] Grassy Terrain\n|upkeep\n|\n|switch|p2a: Tapu Lele|Tapu Lele|100\/100\n|-fieldstart|move: Psychic Terrain|[from] ability: Psychic Surge|[of] p2a: Tapu Lele\n|turn|14\n|\n|switch|p1a: Rotom|Rotom-Wash|100\/100\n|move|p2a: Tapu Lele|Psychic|p1a: Rotom\n|-damage|p1a: Rotom|25\/100\n|\n|-heal|p1a: Rotom|32\/100|[from] item: Leftovers\n|upkeep\n|turn|15\n|\n|move|p2a: Tapu Lele|Psychic|p1a: Rotom\n|-crit|p1a: Rotom\n|-damage|p1a: Rotom|0 fnt\n|faint|p1a: Rotom\n|\n|upkeep\n|\n|switch|p1a: Tapu Bulu|Tapu Bulu|98\/100\n|-fieldstart|move: Grassy Terrain|[from] ability: Grassy Surge|[of] p1a: Tapu Bulu\n|turn|16\n|\n|switch|p2a: Serperior|Serperior, M|100\/100\n|move|p1a: Tapu Bulu|Wood Hammer|p2a: Serperior\n|-resisted|p2a: Serperior\n|-damage|p2a: Serperior|43\/100\n|-damage|p1a: Tapu Bulu|79\/100|[from] Recoil\n|\n|-heal|p2a: Serperior|50\/100|[from] Grassy Terrain\n|-heal|p1a: Tapu Bulu|85\/100|[from] Grassy Terrain\n|upkeep\n|turn|17\n|\n|move|p2a: Serperior|Glare|p1a: Tapu Bulu\n|-status|p1a: Tapu Bulu|par\n|move|p1a: Tapu Bulu|Wood Hammer|p2a: Serperior\n|-resisted|p2a: Serperior\n|-damage|p2a: Serperior|0 fnt\n|-damage|p1a: Tapu Bulu|69\/100 par|[from] Recoil\n|faint|p2a: Serperior\n|\n|-heal|p1a: Tapu Bulu|75\/100 par|[from] Grassy Terrain\n|upkeep\n|\n|switch|p2a: Tapu Lele|Tapu Lele|100\/100\n|-fieldstart|move: Psychic Terrain|[from] ability: Psychic Surge|[of] p2a: Tapu Lele\n|turn|18\n|\n|switch|p1a: Heatran|Heatran, F|79\/100 par\n|move|p2a: Tapu Lele|Psychic|p1a: Heatran\n|-resisted|p1a: Heatran\n|-damage|p1a: Heatran|27\/100 par\n|\n|upkeep\n|turn|19\n|\n|move|p2a: Tapu Lele|Psychic|p1a: Heatran\n|-resisted|p1a: Heatran\n|-damage|p1a: Heatran|0 fnt\n|faint|p1a: Heatran\n|\n|upkeep\n|\n|switch|p1a: Tapu Bulu|Tapu Bulu|75\/100 par\n|-fieldstart|move: Grassy Terrain|[from] ability: Grassy Surge|[of] p1a: Tapu Bulu\n|turn|20\n|\n|move|p2a: Tapu Lele|Psychic|p1a: Tapu Bulu\n|-damage|p1a: Tapu Bulu|0 fnt\n|faint|p1a: Tapu Bulu\n|\n|upkeep\n|\n|switch|p1a: Aggron|Aggron, M|100\/100\n|turn|21\n|\n|switch|p2a: Gliscor|Gliscor, F|67\/100 tox\n|detailschange|p1a: Aggron|Aggron-Mega, M\n|-mega|p1a: Aggron|Aggron|Aggronite\n|move|p1a: Aggron|Rock Polish|p1a: Aggron\n|-boost|p1a: Aggron|spe|2\n|\n|-heal|p2a: Gliscor|79\/100 tox|[from] ability: Poison Heal\n|upkeep\n|turn|22\n|\n|move|p1a: Aggron|Power-Up Punch|p2a: Gliscor\n|-resisted|p2a: Gliscor\n|-damage|p2a: Gliscor|74\/100 tox\n|-boost|p1a: Aggron|atk|1\n|move|p2a: Gliscor|Earthquake|p1a: Aggron\n|-supereffective|p1a: Aggron\n|-damage|p1a: Aggron|86\/100\n|\n|-heal|p1a: Aggron|92\/100|[from] Grassy Terrain\n|-heal|p2a: Gliscor|87\/100 tox|[from] ability: Poison Heal\n|upkeep\n|turn|23\n|\n|move|p1a: Aggron|Power-Up Punch|p2a: Gliscor\n|-resisted|p2a: Gliscor\n|-damage|p2a: Gliscor|78\/100 tox\n|-boost|p1a: Aggron|atk|1\n|move|p2a: Gliscor|Earthquake|p1a: Aggron\n|-supereffective|p1a: Aggron\n|-damage|p1a: Aggron|76\/100\n|\n|-heal|p1a: Aggron|82\/100|[from] Grassy Terrain\n|-heal|p2a: Gliscor|91\/100 tox|[from] ability: Poison Heal\n|upkeep\n|turn|24\n|\n|move|p1a: Aggron|Heavy Slam|p2a: Gliscor\n|-damage|p2a: Gliscor|0 fnt\n|faint|p2a: Gliscor\n|\n|-heal|p1a: Aggron|88\/100|[from] Grassy Terrain\n|-fieldend|move: Grassy Terrain\n|upkeep\n|\n|switch|p2a: Heracross|Heracross, M|100\/100\n|turn|25\n|\n|detailschange|p2a: Heracross|Heracross-Mega, M\n|-mega|p2a: Heracross|Heracross|Heracronite\n|move|p1a: Aggron|Heavy Slam|p2a: Heracross\n|-crit|p2a: Heracross\n|-damage|p2a: Heracross|0 fnt\n|faint|p2a: Heracross\n|\n|upkeep\n|-message|TestingTesting1 forfeited.\n|\n|win|mystic boat\n|l|\u2606TestingTesting1\n|raw|mystic boat's rating: 1538 &rarr; <strong>1559<\/strong><br \/>(+21 for winning)\n|raw|TestingTesting1's rating: 1554 &rarr; <strong>1533<\/strong><br \/>(-21 for losing)\n","uploadtime":1587774782,"views":28,"p1id":"mysticboat","p2id":"testingtesting1","formatid":"gen7ou","rating":1533,"private":0,"password":null}