{"id":"gen7ou-884120303","p1":"Ahsan-219","p2":"why addicted","format":"gen7ou","log":"|j|\u2606Ahsan-219\n|j|\u2606why addicted\n|player|p1|Ahsan-219|99\n|player|p2|why addicted|168\n|teamsize|p1|6\n|teamsize|p2|6\n|gametype|singles\n|gen|7\n|tier|[Gen 7] OU\n|rule|Sleep Clause Mod: Limit one foe put to sleep\n|rule|Species Clause: Limit one of each Pok\u00e9mon\n|rule|OHKO Clause: OHKO moves are banned\n|rule|Moody Clause: Moody is banned\n|rule|Evasion Moves Clause: Evasion moves are banned\n|rule|Endless Battle Clause: Forcing endless battles is banned\n|rule|HP Percentage Mod: HP is shown in percentages\n|clearpoke\n|poke|p1|Kyurem-Black|item\n|poke|p1|Volcanion|item\n|poke|p1|Ferrothorn, F|item\n|poke|p1|Tapu Koko|item\n|poke|p1|Pinsir, F|item\n|poke|p1|Gliscor, M|item\n|poke|p2|Scizor, M|item\n|poke|p2|Kyurem|item\n|poke|p2|Rotom-Wash|item\n|poke|p2|Ditto|item\n|poke|p2|Gastrodon, M|item\n|poke|p2|Celesteela|item\n|teampreview\n|c|\u2606why addicted|hf bro\n|c|\u2606Ahsan-219|Hf\n|j| TheDarkSwirl\n|inactive|Battle timer is ON: inactive players will automatically lose when time's up. (requested by Ahsan-219)\n|\n|start\n|switch|p1a: Tapu Koko|Tapu Koko|100\/100\n|switch|p2a: Kyurem|Kyurem|100\/100\n|-fieldstart|move: Electric Terrain|[from] ability: Electric Surge|[of] p1a: Tapu Koko\n|-ability|p2a: Kyurem|Pressure\n|turn|1\n|\n|switch|p2a: Gastrodon|Gastrodon, M|100\/100\n|move|p1a: Tapu Koko|Dazzling Gleam|p2a: Gastrodon\n|-damage|p2a: Gastrodon|69\/100\n|\n|-heal|p2a: Gastrodon|75\/100|[from] item: Leftovers\n|upkeep\n|turn|2\n|\n|switch|p1a: Ferrothorn|Ferrothorn, F|100\/100\n|move|p2a: Gastrodon|Scald|p1a: Ferrothorn\n|-resisted|p1a: Ferrothorn\n|-damage|p1a: Ferrothorn|89\/100\n|-status|p1a: Ferrothorn|brn\n|\n|-heal|p2a: Gastrodon|81\/100|[from] item: Leftovers\n|-damage|p1a: Ferrothorn|83\/100 brn|[from] brn\n|upkeep\n|turn|3\n|\n|switch|p2a: Scizor|Scizor, M|100\/100\n|switch|p1a: Kyurem|Kyurem-Black|100\/100\n|-ability|p1a: Kyurem|Teravolt\n|\n|upkeep\n|turn|4\n|j| LLG Komodo\n|\n|detailschange|p2a: Scizor|Scizor-Mega, M\n|-mega|p2a: Scizor|Scizor|Scizorite\n|move|p1a: Kyurem|Fusion Bolt|p2a: Scizor\n|-damage|p2a: Scizor|45\/100\n|move|p2a: Scizor|Swords Dance|p2a: Scizor\n|-boost|p2a: Scizor|atk|2\n|\n|upkeep\n|turn|5\n|\n|switch|p1a: Volcanion|Volcanion|100\/100\n|move|p2a: Scizor|Bullet Punch|p1a: Volcanion\n|-resisted|p1a: Volcanion\n|-damage|p1a: Volcanion|85\/100\n|\n|-fieldend|move: Electric Terrain\n|upkeep\n|turn|6\n|j| Hugobtw\n|j| WG = We Gay\n|\n|switch|p2a: Gastrodon|Gastrodon, M|81\/100\n|move|p1a: Volcanion|Hidden Power|p2a: Gastrodon\n|-supereffective|p2a: Gastrodon\n|-damage|p2a: Gastrodon|22\/100\n|\n|-heal|p2a: Gastrodon|28\/100|[from] item: Leftovers\n|upkeep\n|turn|7\n|\n|switch|p2a: Kyurem|Kyurem|100\/100\n|-ability|p2a: Kyurem|Pressure\n|move|p1a: Volcanion|Focus Blast|p2a: Kyurem\n|-supereffective|p2a: Kyurem\n|-damage|p2a: Kyurem|22\/100\n|\n|upkeep\n|turn|8\n|\n|move|p2a: Kyurem|Earth Power|p1a: Volcanion\n|-supereffective|p1a: Volcanion\n|-damage|p1a: Volcanion|43\/100\n|-unboost|p1a: Volcanion|spd|1\n|move|p1a: Volcanion|Overheat|p2a: Kyurem\n|-damage|p2a: Kyurem|0 fnt\n|-unboost|p1a: Volcanion|spa|2\n|faint|p2a: Kyurem\n|\n|upkeep\n|\n|switch|p2a: Rotom|Rotom-Wash|100\/100\n|turn|9\n|\n|switch|p1a: Ferrothorn|Ferrothorn, F|83\/100 brn\n|move|p2a: Rotom|Volt Switch|p1a: Ferrothorn\n|-resisted|p1a: Ferrothorn\n|-damage|p1a: Ferrothorn|73\/100 brn\n|\n|switch|p2a: Scizor|Scizor-Mega, M|45\/100\n|\n|-damage|p1a: Ferrothorn|67\/100 brn|[from] brn\n|upkeep\n|turn|10\n|\n|switch|p1a: Volcanion|Volcanion|43\/100\n|move|p2a: Scizor|Roost|p2a: Scizor\n|-heal|p2a: Scizor|95\/100\n|-singleturn|p2a: Scizor|move: Roost\n|\n|upkeep\n|turn|11\n|\n|switch|p2a: Ditto|Ditto|100\/100\n|move|p1a: Volcanion|Focus Blast|p2a: Ditto\n|-supereffective|p2a: Ditto\n|-damage|p2a: Ditto|0 fnt\n|faint|p2a: Ditto\n|\n|upkeep\n|c|\u2606why addicted|lol\n|c|\u2606Ahsan-219|Wut\n|c|\u2606why addicted|im so bad\n|c| LLG Komodo|Oof\n|j| Im so freshness\n|c|\u2606Ahsan-219|Wrong ability\n|\n|switch|p2a: Rotom|Rotom-Wash|100\/100\n|turn|12\n|c|\u2606Ahsan-219|happens duxe\n|c|\u2606Ahsan-219|believe me\n|c|\u2606why addicted|kek\n|\n|move|p2a: Rotom|Volt Switch|p1a: Volcanion\n|-supereffective|p1a: Volcanion\n|-damage|p1a: Volcanion|7\/100\n|\n|switch|p2a: Gastrodon|Gastrodon, M|28\/100\n|move|p1a: Volcanion|Overheat|p2a: Gastrodon\n|-resisted|p2a: Gastrodon\n|-damage|p2a: Gastrodon|6\/100\n|-unboost|p1a: Volcanion|spa|2\n|\n|-heal|p2a: Gastrodon|12\/100|[from] item: Leftovers\n|upkeep\n|turn|13\n|\n|switch|p2a: Rotom|Rotom-Wash|100\/100\n|move|p1a: Volcanion|Hidden Power|p2a: Rotom\n|-supereffective|p2a: Rotom\n|-damage|p2a: Rotom|77\/100\n|\n|upkeep\n|turn|14\n|\n|move|p2a: Rotom|Volt Switch|p1a: Volcanion\n|-supereffective|p1a: Volcanion\n|-damage|p1a: Volcanion|0 fnt\n|faint|p1a: Volcanion\n|\n|switch|p2a: Gastrodon|Gastrodon, M|12\/100\n|\n|-heal|p2a: Gastrodon|18\/100|[from] item: Leftovers\n|upkeep\n|\n|switch|p1a: Gliscor|Gliscor, M|100\/100\n|turn|15\n|\n|switch|p2a: Rotom|Rotom-Wash|77\/100\n|move|p1a: Gliscor|Stealth Rock|p2a: Rotom\n|-sidestart|p2: why addicted|move: Stealth Rock\n|\n|-status|p1a: Gliscor|tox|[from] item: Toxic Orb\n|upkeep\n|turn|16\n|\n|move|p1a: Gliscor|Taunt|p2a: Rotom\n|-start|p2a: Rotom|move: Taunt\n|move|p2a: Rotom|Volt Switch|p1a: Gliscor\n|-immune|p1a: Gliscor\n|\n|upkeep\n|turn|17\n|\n|switch|p1a: Tapu Koko|Tapu Koko|100\/100\n|-fieldstart|move: Electric Terrain|[from] ability: Electric Surge|[of] p1a: Tapu Koko\n|move|p2a: Rotom|Volt Switch|p1a: Tapu Koko\n|-resisted|p1a: Tapu Koko\n|-damage|p1a: Tapu Koko|82\/100\n|\n|switch|p2a: Gastrodon|Gastrodon, M|18\/100\n|-damage|p2a: Gastrodon|12\/100|[from] Stealth Rock\n|\n|-heal|p2a: Gastrodon|18\/100|[from] item: Leftovers\n|upkeep\n|turn|18\n|\n|switch|p2a: Celesteela|Celesteela|100\/100\n|-damage|p2a: Celesteela|88\/100|[from] Stealth Rock\n|move|p1a: Tapu Koko|Dazzling Gleam|p2a: Celesteela\n|-resisted|p2a: Celesteela\n|-damage|p2a: Celesteela|65\/100\n|\n|upkeep\n|turn|19\n|\n|switch|p1a: Ferrothorn|Ferrothorn, F|67\/100 brn\n|move|p2a: Celesteela|Autotomize|p2a: Celesteela\n|-boost|p2a: Celesteela|spe|2\n|-start|p2a: Celesteela|Autotomize\n|\n|-damage|p1a: Ferrothorn|61\/100 brn|[from] brn\n|upkeep\n|turn|20\n|\n|move|p2a: Celesteela|Flamethrower|p1a: Ferrothorn\n|-supereffective|p1a: Ferrothorn\n|-damage|p1a: Ferrothorn|0 fnt\n|faint|p1a: Ferrothorn\n|-ability|p2a: Celesteela|Beast Boost|boost\n|-boost|p2a: Celesteela|spa|1\n|\n|upkeep\n|\n|switch|p1a: Kyurem|Kyurem-Black|100\/100\n|-ability|p1a: Kyurem|Teravolt\n|turn|21\n|\n|-zpower|p2a: Celesteela\n|move|p2a: Celesteela|Corkscrew Crash|p1a: Kyurem|[zeffect]\n|-supereffective|p1a: Kyurem\n|-damage|p1a: Kyurem|0 fnt\n|faint|p1a: Kyurem\n|-ability|p2a: Celesteela|Beast Boost|boost\n|-boost|p2a: Celesteela|spa|1\n|\n|-fieldend|move: Electric Terrain\n|upkeep\n|\n|switch|p1a: Tapu Koko|Tapu Koko|82\/100\n|-fieldstart|move: Electric Terrain|[from] ability: Electric Surge|[of] p1a: Tapu Koko\n|turn|22\n|\n|move|p2a: Celesteela|Flash Cannon|p1a: Tapu Koko\n|-damage|p1a: Tapu Koko|0 fnt\n|faint|p1a: Tapu Koko\n|-ability|p2a: Celesteela|Beast Boost|boost\n|-boost|p2a: Celesteela|spa|1\n|\n|upkeep\n|c|\u2606Ahsan-219|Gg\n|c|\u2606why addicted|gg\n|c| WG = We Gay|Smart guy\n|c| TheDarkSwirl|rekt\n|c|\u2606Ahsan-219|Caught me off guard\n|c|\u2606why addicted|thx dude\n|c|\u2606why addicted|u r so good ahsan\n|c|\u2606why addicted|so i cteamed\n|inactive|Ahsan-219 has 270 seconds left.\n|c| TheDarkSwirl|LOL\n|c|\u2606Ahsan-219|Nah it\u2019s okay\n|c|\u2606why addicted|no way XD\n|c| LLG Komodo|Fr?\n|l| WG = We Gay\n|c|\u2606Ahsan-219|i should\u2019ve volt switched like I was going to\n|j| WG = We Gay\n|c|\u2606Ahsan-219|Or made the kyurem mid ground\n|inactive|Ahsan-219 has 240 seconds left.\n|\n|switch|p1a: Pinsir|Pinsir, F|100\/100\n|turn|23\n|\n|detailschange|p1a: Pinsir|Pinsir-Mega, F\n|-mega|p1a: Pinsir|Pinsir|Pinsirite\n|move|p2a: Celesteela|Flash Cannon|p1a: Pinsir\n|-damage|p1a: Pinsir|0 fnt\n|faint|p1a: Pinsir\n|-ability|p2a: Celesteela|Beast Boost|boost\n|-boost|p2a: Celesteela|spa|1\n|\n|upkeep\n|\n|switch|p1a: Gliscor|Gliscor, M|100\/100 tox\n|turn|24\n|\n|move|p2a: Celesteela|Flash Cannon|p1a: Gliscor\n|-damage|p1a: Gliscor|0 fnt\n|faint|p1a: Gliscor\n|\n|win|why addicted\n|l| WG = We Gay\n","uploadtime":1553901410,"views":345,"p1id":"ahsan219","p2id":"whyaddicted","formatid":"gen7ou","rating":0,"private":0,"password":null}