{"id":"gen7ou-820704147","p1":"SMxVale","p2":"bange","format":"gen7ou","log":"|j|\u2606SMxVale\n|j|\u2606bange\n|player|p1|SMxVale|266\n|player|p2|bange|142\n|teamsize|p1|6\n|teamsize|p2|6\n|gametype|singles\n|gen|7\n|tier|[Gen 7] OU\n|rated|\n|rule|Sleep Clause Mod: Limit one foe put to sleep\n|rule|Species Clause: Limit one of each Pok\u00e9mon\n|rule|OHKO Clause: OHKO moves are banned\n|rule|Moody Clause: Moody is banned\n|rule|Evasion Moves Clause: Evasion moves are banned\n|rule|Endless Battle Clause: Forcing endless battles is banned\n|rule|HP Percentage Mod: HP is shown in percentages\n|clearpoke\n|poke|p1|Kyurem-Black|item\n|poke|p1|Tapu Koko|item\n|poke|p1|Landorus-Therian, M|item\n|poke|p1|Magearna|item\n|poke|p1|Hawlucha, M|item\n|poke|p1|Medicham, M|item\n|poke|p2|Entei|item\n|poke|p2|Gliscor, F|item\n|poke|p2|Tornadus-Therian, M|item\n|poke|p2|Ferrothorn, M|item\n|poke|p2|Tapu Fini|item\n|poke|p2|Nihilego|item\n|teampreview\n|inactive|Battle timer is ON: inactive players will automatically lose when time's up. (requested by SMxVale)\n|\n|start\n|switch|p1a: Kyurem|Kyurem-Black, shiny|100\/100\n|switch|p2a: Nihilego|Nihilego|100\/100\n|-ability|p1a: Kyurem|Teravolt\n|turn|1\n|\n|switch|p1a: Magearna|Magearna|100\/100\n|move|p2a: Nihilego|Power Gem|p1a: Magearna\n|-resisted|p1a: Magearna\n|-damage|p1a: Magearna|92\/100\n|\n|upkeep\n|turn|2\n|j| DamonSM\n|\n|switch|p2a: Gliscor|Gliscor, F|100\/100\n|move|p1a: Magearna|Ice Beam|p2a: Gliscor\n|-supereffective|p2a: Gliscor\n|-damage|p2a: Gliscor|0 fnt\n|faint|p2a: Gliscor\n|-ability|p1a: Magearna|Soul-Heart|boost\n|-boost|p1a: Magearna|spa|1\n|\n|upkeep\n|\n|switch|p2a: Entei|Entei, shiny|100\/100\n|-ability|p2a: Entei|Pressure\n|turn|3\n|\n|switch|p1a: Landorus|Landorus-Therian, M|100\/100\n|-ability|p1a: Landorus|Intimidate|boost\n|-unboost|p2a: Entei|atk|1\n|move|p2a: Entei|Sacred Fire|p1a: Landorus\n|-damage|p1a: Landorus|63\/100\n|\n|upkeep\n|turn|4\n|\n|move|p2a: Entei|Sacred Fire|p1a: Landorus\n|-crit|p1a: Landorus\n|-damage|p1a: Landorus|0 fnt\n|faint|p1a: Landorus\n|\n|upkeep\n|\n|switch|p1a: Tapu Koko|Tapu Koko, shiny|100\/100\n|-fieldstart|move: Electric Terrain|[from] ability: Electric Surge|[of] p1a: Tapu Koko\n|turn|5\n|\n|move|p1a: Tapu Koko|Volt Switch|p2a: Entei\n|-damage|p2a: Entei|24\/100\n|\n|switch|p1a: Medicham|Medicham, M|100\/100\n|move|p2a: Entei|Sacred Fire|p1a: Medicham\n|-damage|p1a: Medicham|8\/100\n|-status|p1a: Medicham|brn\n|\n|-damage|p1a: Medicham|2\/100 brn|[from] brn\n|upkeep\n|turn|6\n|\n|switch|p2a: Tornadus|Tornadus-Therian, M|100\/100\n|detailschange|p1a: Medicham|Medicham-Mega, M\n|-mega|p1a: Medicham|Medicham|Medichamite\n|move|p1a: Medicham|Drain Punch|p2a: Tornadus\n|-resisted|p2a: Tornadus\n|-damage|p2a: Tornadus|83\/100\n|-heal|p1a: Medicham|13\/100 brn|[from] drain|[of] p2a: Tornadus\n|\n|-damage|p1a: Medicham|7\/100 brn|[from] brn\n|upkeep\n|turn|7\n|\n|move|p2a: Tornadus|U-turn|p1a: Medicham\n|-damage|p1a: Medicham|0 fnt\n|faint|p1a: Medicham\n|\n|switch|p2a: Tapu Fini|Tapu Fini|100\/100\n|-fieldstart|move: Misty Terrain|[from] ability: Misty Surge|[of] p2a: Tapu Fini\n|\n|upkeep\n|\n|switch|p1a: Tapu Koko|Tapu Koko, shiny|100\/100\n|-fieldstart|move: Electric Terrain|[from] ability: Electric Surge|[of] p1a: Tapu Koko\n|turn|8\n|l| DamonSM\n|\n|switch|p2a: Nihilego|Nihilego|100\/100\n|move|p1a: Tapu Koko|Volt Switch|p2a: Nihilego\n|-damage|p2a: Nihilego|69\/100\n|\n|switch|p1a: Magearna|Magearna|92\/100\n|\n|upkeep\n|turn|9\n|\n|switch|p2a: Ferrothorn|Ferrothorn, M|100\/100\n|move|p1a: Magearna|Volt Switch|p2a: Ferrothorn\n|-resisted|p2a: Ferrothorn\n|-damage|p2a: Ferrothorn|91\/100\n|\n|switch|p1a: Kyurem|Kyurem-Black, shiny|100\/100\n|-ability|p1a: Kyurem|Teravolt\n|\n|-heal|p2a: Ferrothorn|97\/100|[from] item: Leftovers\n|upkeep\n|turn|10\n|\n|move|p1a: Kyurem|Fusion Bolt|p2a: Ferrothorn\n|-resisted|p2a: Ferrothorn\n|-damage|p2a: Ferrothorn|74\/100\n|move|p2a: Ferrothorn|Stealth Rock|p1a: Kyurem\n|-sidestart|p1: SMxVale|move: Stealth Rock\n|\n|-heal|p2a: Ferrothorn|81\/100|[from] item: Leftovers\n|upkeep\n|turn|11\n|\n|-zpower|p1a: Kyurem\n|move|p1a: Kyurem|Subzero Slammer|p2a: Ferrothorn|[zeffect]\n|-damage|p2a: Ferrothorn|0 fnt\n|faint|p2a: Ferrothorn\n|\n|upkeep\n|\n|switch|p2a: Nihilego|Nihilego|69\/100\n|turn|12\n|\n|switch|p1a: Magearna|Magearna|92\/100\n|-damage|p1a: Magearna|86\/100|[from] Stealth Rock\n|move|p2a: Nihilego|Power Gem|p1a: Magearna\n|-resisted|p1a: Magearna\n|-damage|p1a: Magearna|78\/100\n|\n|-fieldend|move: Electric Terrain\n|upkeep\n|turn|13\n|\n|move|p2a: Nihilego|Power Gem|p1a: Magearna\n|-resisted|p1a: Magearna\n|-damage|p1a: Magearna|69\/100\n|move|p1a: Magearna|Volt Switch|p2a: Nihilego\n|-damage|p2a: Nihilego|59\/100\n|\n|switch|p1a: Tapu Koko|Tapu Koko, shiny|100\/100\n|-damage|p1a: Tapu Koko|88\/100|[from] Stealth Rock\n|-fieldstart|move: Electric Terrain|[from] ability: Electric Surge|[of] p1a: Tapu Koko\n|\n|upkeep\n|turn|14\n|\n|move|p1a: Tapu Koko|Volt Switch|p2a: Nihilego\n|-damage|p2a: Nihilego|29\/100\n|\n|switch|p1a: Magearna|Magearna|69\/100\n|-damage|p1a: Magearna|63\/100|[from] Stealth Rock\n|move|p2a: Nihilego|Sludge Wave|p1a: Magearna\n|-immune|p1a: Magearna|[msg]\n|\n|upkeep\n|turn|15\n|\n|move|p2a: Nihilego|Power Gem|p1a: Magearna\n|-resisted|p1a: Magearna\n|-damage|p1a: Magearna|55\/100\n|move|p1a: Magearna|Iron Head|p2a: Nihilego\n|-supereffective|p2a: Nihilego\n|-damage|p2a: Nihilego|0 fnt\n|faint|p2a: Nihilego\n|-ability|p1a: Magearna|Soul-Heart|boost\n|-boost|p1a: Magearna|spa|1\n|\n|upkeep\n|\n|switch|p2a: Entei|Entei, shiny|24\/100\n|-ability|p2a: Entei|Pressure\n|turn|16\n|\n|move|p2a: Entei|Sacred Fire|p1a: Magearna\n|-supereffective|p1a: Magearna\n|-damage|p1a: Magearna|0 fnt\n|faint|p1a: Magearna\n|\n|upkeep\n|\n|switch|p1a: Tapu Koko|Tapu Koko, shiny|88\/100\n|-damage|p1a: Tapu Koko|76\/100|[from] Stealth Rock\n|turn|17\n|c|\u2606SMxVale|gg\n|\n|move|p1a: Tapu Koko|Thunderbolt|p2a: Entei\n|-damage|p2a: Entei|0 fnt\n|faint|p2a: Entei\n|\n|-fieldend|move: Electric Terrain\n|upkeep\n|\n|switch|p2a: Tapu Fini|Tapu Fini|100\/100\n|-fieldstart|move: Misty Terrain|[from] ability: Misty Surge|[of] p2a: Tapu Fini\n|turn|18\n|\n|switch|p1a: Kyurem|Kyurem-Black, shiny|100\/100\n|-damage|p1a: Kyurem|76\/100|[from] Stealth Rock\n|-ability|p1a: Kyurem|Teravolt\n|move|p2a: Tapu Fini|Moonblast|p1a: Kyurem\n|-supereffective|p1a: Kyurem\n|-damage|p1a: Kyurem|0 fnt\n|faint|p1a: Kyurem\n|\n|upkeep\n|\n|switch|p1a: Tapu Koko|Tapu Koko, shiny|76\/100\n|-damage|p1a: Tapu Koko|63\/100|[from] Stealth Rock\n|-fieldstart|move: Electric Terrain|[from] ability: Electric Surge|[of] p1a: Tapu Koko\n|turn|19\n|\n|switch|p2a: Tornadus|Tornadus-Therian, M|100\/100\n|move|p1a: Tapu Koko|Thunderbolt|p2a: Tornadus\n|-supereffective|p2a: Tornadus\n|-crit|p2a: Tornadus\n|-damage|p2a: Tornadus|0 fnt\n|faint|p2a: Tornadus\n|\n|upkeep\n|\n|switch|p2a: Tapu Fini|Tapu Fini|100\/100\n|-fieldstart|move: Misty Terrain|[from] ability: Misty Surge|[of] p2a: Tapu Fini\n|turn|20\n|\n|move|p2a: Tapu Fini|Moonblast|p1a: Tapu Koko\n|-damage|p1a: Tapu Koko|4\/100\n|-unboost|p1a: Tapu Koko|spa|1\n|move|p1a: Tapu Koko|Thunderbolt|p2a: Tapu Fini\n|-supereffective|p2a: Tapu Fini\n|-damage|p2a: Tapu Fini|33\/100\n|\n|upkeep\n|turn|21\n|\n|move|p2a: Tapu Fini|Moonblast|p1a: Tapu Koko\n|-damage|p1a: Tapu Koko|0 fnt\n|faint|p1a: Tapu Koko\n|\n|upkeep\n|\n|switch|p1a: Hawlucha|Hawlucha, M|100\/100\n|-damage|p1a: Hawlucha|88\/100|[from] Stealth Rock\n|turn|22\n|\n|move|p2a: Tapu Fini|Moonblast|p1a: Hawlucha\n|-supereffective|p1a: Hawlucha\n|-damage|p1a: Hawlucha|0 fnt\n|faint|p1a: Hawlucha\n|\n|win|bange\n","uploadtime":1539622647,"views":31,"p1id":"smxvale","p2id":"bange","formatid":"gen7ou","rating":0,"private":0,"password":null}