{"id":"gen7ou-765756791","p1":"H4WT \u272f","p2":"illuzionist ghost","format":"gen7ou","log":"|j|\u2606H4WT \u272f\n|j|\u2606illuzionist ghost\n|player|p1|H4WT \u272f|165\n|player|p2|illuzionist ghost|252\n|teamsize|p1|6\n|teamsize|p2|6\n|gametype|singles\n|gen|7\n|tier|[Gen 7] OU\n|rated|\n|rule|Sleep Clause Mod: Limit one foe put to sleep\n|rule|Species Clause: Limit one of each Pok\u00e9mon\n|rule|OHKO Clause: OHKO moves are banned\n|rule|Moody Clause: Moody is banned\n|rule|Evasion Moves Clause: Evasion moves are banned\n|rule|Endless Battle Clause: Forcing endless battles is banned\n|rule|HP Percentage Mod: HP is shown in percentages\n|clearpoke\n|poke|p1|Magearna|item\n|poke|p1|Landorus-Therian, M|item\n|poke|p1|Toxapex, F|item\n|poke|p1|Clefable, M|item\n|poke|p1|Latios, M|item\n|poke|p1|Heatran, F|item\n|poke|p2|Tornadus-Therian, M|item\n|poke|p2|Pelipper, M|item\n|poke|p2|Swampert, M|item\n|poke|p2|Manaphy|item\n|poke|p2|Magearna|item\n|poke|p2|Tangrowth, M|item\n|teampreview\n|j| rapid ansers\n|\n|start\n|switch|p1a: Toxapex|Toxapex, F|100\/100\n|switch|p2a: Pelipper|Pelipper, M|100\/100\n|-weather|RainDance|[from] ability: Drizzle|[of] p2a: Pelipper\n|turn|1\n|\n|switch|p2a: Manaphy|Manaphy|100\/100\n|move|p1a: Toxapex|Scald|p2a: Manaphy\n|-resisted|p2a: Manaphy\n|-damage|p2a: Manaphy|88\/100\n|-status|p2a: Manaphy|brn\n|\n|-weather|RainDance|[upkeep]\n|-activate|p2a: Manaphy|ability: Hydration\n|-curestatus|p2a: Manaphy|brn|[msg]\n|upkeep\n|turn|2\n|\n|move|p2a: Manaphy|Psychic|p1a: Toxapex\n|-supereffective|p1a: Toxapex\n|-damage|p1a: Toxapex|60\/100\n|move|p1a: Toxapex|Haze|p1a: Toxapex\n|-clearallboost\n|\n|-weather|RainDance|[upkeep]\n|-heal|p1a: Toxapex|67\/100|[from] item: Black Sludge\n|upkeep\n|turn|3\n|\n|switch|p1a: Magearna|Magearna|100\/100\n|move|p2a: Manaphy|Tail Glow|p2a: Manaphy\n|-boost|p2a: Manaphy|spa|3\n|\n|-weather|RainDance|[upkeep]\n|upkeep\n|turn|4\n|\n|switch|p1a: Toxapex|Toxapex, F|99\/100\n|-zpower|p2a: Manaphy\n|move|p2a: Manaphy|Hydro Vortex|p1a: Toxapex|[zeffect]\n|-resisted|p1a: Toxapex\n|-damage|p1a: Toxapex|0 fnt\n|faint|p1a: Toxapex\n|\n|-weather|RainDance|[upkeep]\n|upkeep\n|\n|switch|p1a: Latios|Latios, M|100\/100\n|turn|5\n|\n|detailschange|p1a: Latios|Latios-Mega, M\n|-mega|p1a: Latios|Latios|Latiosite\n|move|p1a: Latios|Psychic|p2a: Manaphy\n|-damage|p2a: Manaphy|35\/100\n|move|p2a: Manaphy|Surf|p1a: Latios\n|-resisted|p1a: Latios\n|-damage|p1a: Latios|15\/100\n|\n|-weather|RainDance|[upkeep]\n|upkeep\n|turn|6\n|\n|switch|p2a: Magearna|Magearna|100\/100\n|move|p1a: Latios|Psychic|p2a: Magearna\n|-resisted|p2a: Magearna\n|-damage|p2a: Magearna|90\/100\n|\n|-weather|RainDance|[upkeep]\n|upkeep\n|turn|7\n|\n|move|p1a: Latios|Roost|p1a: Latios\n|-heal|p1a: Latios|65\/100\n|move|p2a: Magearna|Ice Beam|p1a: Latios\n|-supereffective|p1a: Latios\n|-damage|p1a: Latios|12\/100\n|\n|-weather|RainDance|[upkeep]\n|upkeep\n|turn|8\n|\n|switch|p1a: Magearna|Magearna|100\/100\n|move|p2a: Magearna|Volt Switch|p1a: Magearna\n|-damage|p1a: Magearna|93\/100\n|\n|switch|p2a: Swampert|Swampert, M|100\/100\n|\n|-weather|none\n|upkeep\n|turn|9\n|\n|switch|p1a: Landorus|Landorus-Therian, M|100\/100\n|-ability|p1a: Landorus|Intimidate|boost\n|-unboost|p2a: Swampert|atk|1\n|detailschange|p2a: Swampert|Swampert-Mega, M\n|-mega|p2a: Swampert|Swampert|Swampertite\n|move|p2a: Swampert|Stealth Rock|p1a: Landorus\n|-sidestart|p1: H4WT \u272f|move: Stealth Rock\n|\n|upkeep\n|turn|10\n|\n|switch|p2a: Pelipper|Pelipper, M|100\/100\n|-weather|RainDance|[from] ability: Drizzle|[of] p2a: Pelipper\n|move|p1a: Landorus|U-turn|p2a: Pelipper\n|-resisted|p2a: Pelipper\n|-crit|p2a: Pelipper\n|-damage|p2a: Pelipper|84\/100\n|-message|H4WT \u272f forfeited.\n|\n|win|illuzionist ghost\n|l|\u2606H4WT \u272f\n|raw|H4WT \u272f's rating: 1816 &rarr; <strong>1798<\/strong><br \/>(-18 for losing)\n|raw|illuzionist ghost's rating: 1860 &rarr; <strong>1878<\/strong><br \/>(+18 for winning)\n","inputlog":null,"uploadtime":1529625198,"views":48,"p1id":"h4wt","p2id":"illuzionistghost","formatid":"gen7ou","rating":1798,"private":0,"password":null}