{"id":"gen7ou-737978183","p1":"Ohmboy Tesla","p2":"Swpedro","format":"gen7ou","log":"|j|\u2606Ohmboy Tesla\n|j|\u2606Swpedro\n|player|p1|Ohmboy Tesla|136\n|player|p2|Swpedro|47\n|teamsize|p1|6\n|teamsize|p2|6\n|gametype|singles\n|gen|7\n|tier|[Gen 7] OU\n|rated|\n|rule|Sleep Clause Mod: Limit one foe put to sleep\n|rule|Species Clause: Limit one of each Pok\u00e9mon\n|rule|OHKO Clause: OHKO moves are banned\n|rule|Moody Clause: Moody is banned\n|rule|Evasion Moves Clause: Evasion moves are banned\n|rule|Endless Battle Clause: Forcing endless battles is banned\n|rule|HP Percentage Mod: HP is shown in percentages\n|clearpoke\n|poke|p1|Diancie|item\n|poke|p1|Volcarona, M|item\n|poke|p1|Rotom-Wash|item\n|poke|p1|Tapu Bulu|item\n|poke|p1|Landorus-Therian, M|item\n|poke|p1|Toxapex, M|item\n|poke|p2|Chansey, F|item\n|poke|p2|Hippowdon, M|item\n|poke|p2|Breloom, F|item\n|poke|p2|Zapdos|item\n|poke|p2|Gyarados, M|item\n|poke|p2|Heatran, M|item\n|teampreview\n|\n|start\n|switch|p1a: scRotom-Wash|Rotom-Wash|100\/100\n|switch|p2a: Zapdos|Zapdos|100\/100\n|turn|1\n|\n|move|p2a: Zapdos|Thunderbolt|p1a: scRotom-Wash\n|-damage|p1a: scRotom-Wash|48\/100\n|move|p1a: scRotom-Wash|Volt Switch|p2a: Zapdos\n|-damage|p2a: Zapdos|71\/100\n|\n|switch|p1a: Carbink-EX|Diancie|100\/100\n|\n|upkeep\n|turn|2\n|\n|switch|p2a: Chansey|Chansey, F|100\/100\n|-mega|p1a: Carbink-EX|Diancie|Diancite\n|detailschange|p1a: Carbink-EX|Diancie-Mega\n|move|p1a: Carbink-EX|Moonblast|p2a: Chansey\n|-damage|p2a: Chansey|84\/100\n|\n|upkeep\n|turn|3\n|j| tapu moxo\n|\n|switch|p1a: Boy Fort|Toxapex, M|100\/100\n|move|p2a: Chansey|Seismic Toss|p1a: Boy Fort\n|-damage|p1a: Boy Fort|68\/100\n|\n|-heal|p1a: Boy Fort|74\/100|[from] item: Black Sludge\n|upkeep\n|turn|4\n|\n|switch|p2a: Breloom|Breloom, F|100\/100\n|switch|p1a: Carbink-EX|Diancie-Mega|100\/100\n|\n|upkeep\n|turn|5\n|\n|switch|p2a: Chansey|Chansey, F|84\/100\n|move|p1a: Carbink-EX|Moonblast|p2a: Chansey\n|-damage|p2a: Chansey|68\/100\n|-unboost|p2a: Chansey|spa|1\n|\n|upkeep\n|turn|6\n|j| I_LLUMINAT_I\n|\n|move|p1a: Carbink-EX|Diamond Storm|p2a: Chansey\n|-damage|p2a: Chansey|30\/100\n|-boost|p1a: Carbink-EX|def|2\n|move|p2a: Chansey|Soft-Boiled|p2a: Chansey\n|-heal|p2a: Chansey|80\/100\n|\n|upkeep\n|turn|7\n|\n|switch|p1a: Flooffy Paws|Landorus-Therian, M|100\/100\n|-ability|p1a: Flooffy Paws|Intimidate|boost\n|-unboost|p2a: Chansey|atk|1\n|move|p2a: Chansey|Seismic Toss|p1a: Flooffy Paws\n|-damage|p1a: Flooffy Paws|74\/100\n|\n|-heal|p1a: Flooffy Paws|80\/100|[from] item: Leftovers\n|upkeep\n|turn|8\n|\n|switch|p2a: Hippowdon|Hippowdon, M|100\/100\n|-weather|Sandstorm|[from] ability: Sand Stream|[of] p2a: Hippowdon\n|move|p1a: Flooffy Paws|U-turn|p2a: Hippowdon\n|-damage|p2a: Hippowdon|89\/100\n|-damage|p1a: Flooffy Paws|64\/100|[from] item: Rocky Helmet|[of] p2a: Hippowdon\n|\n|switch|p1a: scRotom-Wash|Rotom-Wash|48\/100\n|\n|-weather|Sandstorm|[upkeep]\n|-damage|p1a: scRotom-Wash|42\/100|[from] Sandstorm\n|-heal|p1a: scRotom-Wash|48\/100|[from] item: Leftovers\n|upkeep\n|turn|9\n|\n|move|p1a: scRotom-Wash|Will-O-Wisp|p2a: Hippowdon\n|-status|p2a: Hippowdon|brn\n|move|p2a: Hippowdon|Stealth Rock|p1a: scRotom-Wash\n|-sidestart|p1: Ohmboy Tesla|move: Stealth Rock\n|\n|-weather|Sandstorm|[upkeep]\n|-damage|p1a: scRotom-Wash|42\/100|[from] Sandstorm\n|-heal|p1a: scRotom-Wash|48\/100|[from] item: Leftovers\n|-damage|p2a: Hippowdon|82\/100 brn|[from] brn\n|upkeep\n|turn|10\n|\n|switch|p2a: Breloom|Breloom, F|100\/100\n|move|p1a: scRotom-Wash|Defog|p2a: Breloom\n|-unboost|p2a: Breloom|evasion|1\n|-sideend|p1: Ohmboy Tesla|Stealth Rock|[from] move: Defog|[of] p1a: scRotom-Wash\n|\n|-weather|Sandstorm|[upkeep]\n|-damage|p2a: Breloom|94\/100|[from] Sandstorm\n|-damage|p1a: scRotom-Wash|42\/100|[from] Sandstorm\n|-heal|p1a: scRotom-Wash|48\/100|[from] item: Leftovers\n|upkeep\n|turn|11\n|\n|switch|p1a: Flooffy Paws|Landorus-Therian, M|64\/100\n|-ability|p1a: Flooffy Paws|Intimidate|boost\n|-unboost|p2a: Breloom|atk|1\n|move|p2a: Breloom|Bullet Seed|p1a: Flooffy Paws\n|-damage|p1a: Flooffy Paws|51\/100\n|-damage|p1a: Flooffy Paws|39\/100\n|-damage|p1a: Flooffy Paws|26\/100\n|-damage|p1a: Flooffy Paws|12\/100\n|-hitcount|p1a: Flooffy Paws|4\n|-damage|p2a: Breloom|84\/100|[from] item: Life Orb\n|\n|-weather|Sandstorm|[upkeep]\n|-damage|p2a: Breloom|78\/100|[from] Sandstorm\n|-heal|p1a: Flooffy Paws|18\/100|[from] item: Leftovers\n|upkeep\n|turn|12\n|\n|switch|p1a: Boy Fort|Toxapex, M|100\/100\n|move|p2a: Breloom|Spore|p1a: Boy Fort\n|-status|p1a: Boy Fort|slp\n|\n|-weather|none\n|upkeep\n|turn|13\n|\n|switch|p1a: Atlas|Volcarona, M|100\/100\n|move|p2a: Breloom|Swords Dance|p2a: Breloom\n|-boost|p2a: Breloom|atk|2\n|\n|upkeep\n|turn|14\n|\n|switch|p2a: Gyarados|Gyarados, M|100\/100\n|move|p1a: Atlas|Fiery Dance|p2a: Gyarados\n|-resisted|p2a: Gyarados\n|-damage|p2a: Gyarados|77\/100\n|\n|upkeep\n|turn|15\n|j| Sacizor2\n|\n|switch|p1a: Flooffy Paws|Landorus-Therian, M|18\/100\n|-ability|p1a: Flooffy Paws|Intimidate|boost\n|-unboost|p2a: Gyarados|atk|1\n|move|p2a: Gyarados|Waterfall|p1a: Flooffy Paws\n|-supereffective|p1a: Flooffy Paws\n|-damage|p1a: Flooffy Paws|0 fnt\n|faint|p1a: Flooffy Paws\n|-ability|p2a: Gyarados|Moxie|boost\n|-boost|p2a: Gyarados|atk|1\n|\n|upkeep\n|\n|switch|p1a: scRotom-Wash|Rotom-Wash|48\/100\n|turn|16\n|\n|switch|p2a: Chansey|Chansey, F|80\/100\n|move|p1a: scRotom-Wash|Volt Switch|p2a: Chansey\n|-crit|p2a: Chansey\n|-damage|p2a: Chansey|70\/100\n|\n|switch|p1a: Carbink-EX|Diancie-Mega|100\/100\n|\n|upkeep\n|turn|17\n|\n|move|p1a: Carbink-EX|Diamond Storm|p2a: Chansey\n|-damage|p2a: Chansey|36\/100\n|-boost|p1a: Carbink-EX|def|2\n|move|p2a: Chansey|Soft-Boiled|p2a: Chansey\n|-heal|p2a: Chansey|86\/100\n|\n|upkeep\n|turn|18\n|\n|switch|p1a: Boy Fort|Toxapex, M|100\/100 slp\n|move|p2a: Chansey|Seismic Toss|p1a: Boy Fort\n|-damage|p1a: Boy Fort|68\/100 slp\n|\n|-heal|p1a: Boy Fort|74\/100 slp|[from] item: Black Sludge\n|upkeep\n|turn|19\n|\n|move|p2a: Chansey|Stealth Rock|p1a: Boy Fort\n|-sidestart|p1: Ohmboy Tesla|move: Stealth Rock\n|cant|p1a: Boy Fort|slp\n|\n|-heal|p1a: Boy Fort|80\/100 slp|[from] item: Black Sludge\n|upkeep\n|turn|20\n|\n|switch|p2a: Breloom|Breloom, F|78\/100\n|cant|p1a: Boy Fort|slp\n|\n|-heal|p1a: Boy Fort|86\/100 slp|[from] item: Black Sludge\n|upkeep\n|turn|21\n|\n|move|p2a: Breloom|Bullet Seed|p1a: Boy Fort\n|-damage|p1a: Boy Fort|67\/100 slp\n|-damage|p1a: Boy Fort|46\/100 slp\n|-damage|p1a: Boy Fort|25\/100 slp\n|-hitcount|p1a: Boy Fort|3\n|-damage|p2a: Breloom|68\/100|[from] item: Life Orb\n|cant|p1a: Boy Fort|slp\n|\n|-heal|p1a: Boy Fort|31\/100 slp|[from] item: Black Sludge\n|upkeep\n|turn|22\n|\n|switch|p1a: scRotom-Wash|Rotom-Wash|48\/100\n|-damage|p1a: scRotom-Wash|35\/100|[from] Stealth Rock\n|move|p2a: Breloom|Bullet Seed|p1a: scRotom-Wash\n|-supereffective|p1a: scRotom-Wash\n|-damage|p1a: scRotom-Wash|0 fnt\n|-hitcount|p1a: scRotom-Wash|1\n|-damage|p2a: Breloom|58\/100|[from] item: Life Orb\n|faint|p1a: scRotom-Wash\n|\n|upkeep\n|\n|switch|p1a: Atlas|Volcarona, M|100\/100\n|-damage|p1a: Atlas|51\/100|[from] Stealth Rock\n|turn|23\n|\n|switch|p2a: Gyarados|Gyarados, M|77\/100\n|move|p1a: Atlas|Fiery Dance|p2a: Gyarados\n|-resisted|p2a: Gyarados\n|-damage|p2a: Gyarados|57\/100\n|-boost|p1a: Atlas|spa|1\n|\n|upkeep\n|turn|24\n|\n|-zpower|p1a: Atlas\n|move|p1a: Atlas|Savage Spin-Out|p2a: Gyarados|[zeffect]\n|-resisted|p2a: Gyarados\n|-damage|p2a: Gyarados|0 fnt\n|faint|p2a: Gyarados\n|\n|upkeep\n|\n|switch|p2a: Chansey|Chansey, F|86\/100\n|turn|25\n|\n|switch|p1a: Top Bull|Tapu Bulu|100\/100\n|-damage|p1a: Top Bull|88\/100|[from] Stealth Rock\n|-fieldstart|move: Grassy Terrain|[from] ability: Grassy Surge|[of] p1a: Top Bull\n|move|p2a: Chansey|Seismic Toss|p1a: Top Bull\n|-damage|p1a: Top Bull|58\/100\n|\n|-heal|p1a: Top Bull|64\/100|[from] item: Leftovers\n|-heal|p1a: Top Bull|71\/100|[from] Grassy Terrain\n|-heal|p2a: Chansey|92\/100|[from] Grassy Terrain\n|upkeep\n|turn|26\n|\n|switch|p1a: Carbink-EX|Diancie-Mega|100\/100\n|-damage|p1a: Carbink-EX|88\/100|[from] Stealth Rock\n|switch|p2a: Heatran|Heatran, M|100\/100\n|\n|-heal|p1a: Carbink-EX|94\/100|[from] Grassy Terrain\n|upkeep\n|turn|27\n|\n|move|p2a: Heatran|Flash Cannon|p1a: Carbink-EX\n|-supereffective|p1a: Carbink-EX\n|-damage|p1a: Carbink-EX|0 fnt\n|faint|p1a: Carbink-EX\n|\n|upkeep\n|\n|switch|p1a: Boy Fort|Toxapex, M|64\/100 slp\n|-damage|p1a: Boy Fort|51\/100 slp|[from] Stealth Rock\n|turn|28\n|\n|switch|p2a: Breloom|Breloom, F|58\/100\n|-curestatus|p1a: Boy Fort|slp|[msg]\n|move|p1a: Boy Fort|Toxic Spikes|p2a: Breloom\n|-sidestart|p2: Swpedro|move: Toxic Spikes\n|\n|-heal|p2a: Breloom|64\/100|[from] Grassy Terrain\n|-heal|p1a: Boy Fort|58\/100|[from] item: Black Sludge\n|-heal|p1a: Boy Fort|64\/100|[from] Grassy Terrain\n|upkeep\n|turn|29\n|j| Juicy Raccoon\n|\n|switch|p1a: Atlas|Volcarona, M|51\/100\n|-damage|p1a: Atlas|1\/100|[from] Stealth Rock\n|move|p2a: Breloom|Spore|p1a: Atlas\n|-status|p1a: Atlas|slp\n|\n|-heal|p1a: Atlas|7\/100 slp|[from] Grassy Terrain\n|-heal|p2a: Breloom|71\/100|[from] Grassy Terrain\n|-fieldend|move: Grassy Terrain\n|upkeep\n|turn|30\n|\n|switch|p1a: Boy Fort|Toxapex, M|97\/100\n|-damage|p1a: Boy Fort|85\/100|[from] Stealth Rock\n|move|p2a: Breloom|Swords Dance|p2a: Breloom\n|-boost|p2a: Breloom|atk|2\n|\n|-heal|p1a: Boy Fort|91\/100|[from] item: Black Sludge\n|upkeep\n|turn|31\n|\n|move|p2a: Breloom|Bullet Seed|p1a: Boy Fort\n|-damage|p1a: Boy Fort|47\/100\n|-damage|p1a: Boy Fort|4\/100\n|-damage|p1a: Boy Fort|0 fnt\n|-hitcount|p1a: Boy Fort|3\n|-damage|p2a: Breloom|61\/100|[from] item: Life Orb\n|faint|p1a: Boy Fort\n|\n|upkeep\n|\n|switch|p1a: Top Bull|Tapu Bulu|71\/100\n|-damage|p1a: Top Bull|58\/100|[from] Stealth Rock\n|-fieldstart|move: Grassy Terrain|[from] ability: Grassy Surge|[of] p1a: Top Bull\n|turn|32\n|\n|move|p2a: Breloom|Bullet Seed|p1a: Top Bull\n|-resisted|p1a: Top Bull\n|-damage|p1a: Top Bull|20\/100\n|-resisted|p1a: Top Bull\n|-damage|p1a: Top Bull|0 fnt\n|-hitcount|p1a: Top Bull|2\n|-damage|p2a: Breloom|51\/100|[from] item: Life Orb\n|faint|p1a: Top Bull\n|\n|-heal|p2a: Breloom|57\/100|[from] Grassy Terrain\n|upkeep\n|\n|switch|p1a: Atlas|Volcarona, M|7\/100 slp\n|-damage|p1a: Atlas|0 fnt|[from] Stealth Rock\n|faint|p1a: Atlas\n|\n|win|Swpedro\n|raw|Ohmboy Tesla's rating: 1740 &rarr; <strong>1722<\/strong><br \/>(-18 for losing)\n|raw|Swpedro's rating: 1775 &rarr; <strong>1793<\/strong><br \/>(+18 for winning)\n|l|\u2606Swpedro\n|l|\u2606Ohmboy Tesla\n|l| tapu moxo\n|l| I_LLUMINAT_I\n","inputlog":null,"uploadtime":1524663743,"views":6,"p1id":"ohmboytesla","p2id":"swpedro","formatid":"gen7ou","rating":1722,"private":0,"password":null}