{"id":"gen7monotype-1561953031","p1":"diegoblu~","p2":"Eclipse77","format":"gen7monotype","log":"|j|\u2606diegoblu~\n|j|\u2606Eclipse77\n|inactive|Battle timer is ON: inactive players will automatically lose when time's up.\n|t:|1651000385\n|gametype|singles\n|player|p1|diegoblu~|169|\n|player|p2|Eclipse77|170|\n|teamsize|p1|6\n|teamsize|p2|6\n|gen|7\n|tier|[Gen 7] Monotype\n|rated|Tournament battle\n|rule|Same Type Clause: Pok\u00e9mon in a team must share a type\n|rule|Sleep Clause Mod: Limit one foe put to sleep\n|rule|Species Clause: Limit one of each Pok\u00e9mon\n|rule|OHKO Clause: OHKO moves are banned\n|rule|Moody Clause: Moody is banned\n|rule|Evasion Moves Clause: Evasion moves are banned\n|rule|Endless Battle Clause: Forcing endless battles is banned\n|rule|HP Percentage Mod: HP is shown in percentages\n|rule|Swagger Clause: Swagger is banned\n|clearpoke\n|poke|p1|Venusaur, M|item\n|poke|p1|Crobat, M|item\n|poke|p1|Muk-Alola, M|item\n|poke|p1|Toxapex, F|item\n|poke|p1|Nidoking, M|item\n|poke|p1|Gengar, F|item\n|poke|p2|Pelipper, M|item\n|poke|p2|Keldeo|item\n|poke|p2|Swampert, F|item\n|poke|p2|Greninja, M|item\n|poke|p2|Seismitoad, F|item\n|poke|p2|Toxapex, F|item\n|teampreview\n|j| dusk097\n|j| Galateus\n|l| dusk097\n|\n|t:|1651000403\n|start\n|switch|p1a: Nidoking|Nidoking, M|100\/100\n|switch|p2a: Pelipper|Pelipper, M|100\/100\n|-weather|RainDance|[from] ability: Drizzle|[of] p2a: Pelipper\n|turn|1\n|\n|t:|1651000420\n|switch|p2a: Swampert|Swampert, F|100\/100\n|move|p1a: Nidoking|Stealth Rock|p2a: Swampert\n|-sidestart|p2: Eclipse77|move: Stealth Rock\n|\n|-weather|RainDance|[upkeep]\n|upkeep\n|turn|2\n|\n|t:|1651000429\n|switch|p1a: Crobat|Crobat, M|100\/100\n|detailschange|p2a: Swampert|Swampert-Mega, F\n|-mega|p2a: Swampert|Swampert|Swampertite\n|move|p2a: Swampert|Earthquake|p1a: Crobat\n|-immune|p1a: Crobat\n|\n|-weather|RainDance|[upkeep]\n|upkeep\n|turn|3\n|\n|t:|1651000434\n|switch|p1a: Toxapex|Toxapex, F|100\/100\n|move|p2a: Swampert|Stone Edge|p1a: Toxapex\n|-damage|p1a: Toxapex|76\/100\n|\n|-weather|RainDance|[upkeep]\n|upkeep\n|turn|4\n|\n|t:|1651000441\n|move|p2a: Swampert|Earthquake|p1a: Toxapex\n|-supereffective|p1a: Toxapex\n|-damage|p1a: Toxapex|0 fnt\n|faint|p1a: Toxapex\n|\n|-weather|RainDance|[upkeep]\n|upkeep\n|\n|t:|1651000449\n|switch|p1a: Venusaur|Venusaur, M|100\/100\n|turn|5\n|\n|t:|1651000453\n|switch|p2a: Toxapex|Toxapex, F|100\/100\n|-damage|p2a: Toxapex|88\/100|[from] Stealth Rock\n|detailschange|p1a: Venusaur|Venusaur-Mega, M\n|-mega|p1a: Venusaur|Venusaur|Venusaurite\n|move|p1a: Venusaur|Giga Drain|p2a: Toxapex\n|-damage|p2a: Toxapex|63\/100\n|\n|-weather|none\n|-heal|p2a: Toxapex|70\/100|[from] item: Black Sludge\n|upkeep\n|turn|6\n|\n|t:|1651000470\n|switch|p2a: Keldeo|Keldeo|100\/100\n|-damage|p2a: Keldeo|94\/100|[from] Stealth Rock\n|move|p1a: Venusaur|Sludge Bomb|p2a: Keldeo\n|-damage|p2a: Keldeo|48\/100\n|-status|p2a: Keldeo|psn\n|\n|-heal|p2a: Keldeo|55\/100 psn|[from] item: Leftovers\n|-damage|p2a: Keldeo|42\/100 psn|[from] psn\n|upkeep\n|turn|7\n|\n|t:|1651000480\n|switch|p2a: Toxapex|Toxapex, F|100\/100\n|-damage|p2a: Toxapex|88\/100|[from] Stealth Rock\n|move|p1a: Venusaur|Giga Drain|p2a: Toxapex\n|-damage|p2a: Toxapex|64\/100\n|\n|-heal|p2a: Toxapex|70\/100|[from] item: Black Sludge\n|upkeep\n|turn|8\n|\n|t:|1651000493\n|switch|p1a: Gengar|Gengar, F|100\/100\n|move|p2a: Toxapex|Scald|p1a: Gengar\n|-damage|p1a: Gengar|72\/100\n|-status|p1a: Gengar|brn\n|-start|p2a: Toxapex|Disable|Scald|[from] ability: Cursed Body|[of] p1a: Gengar\n|\n|-heal|p2a: Toxapex|76\/100|[from] item: Black Sludge\n|-damage|p1a: Gengar|66\/100 brn|[from] brn\n|upkeep\n|turn|9\n|j| Tigaelas\n|\n|t:|1651000501\n|move|p1a: Gengar|Thunderbolt|p2a: Toxapex\n|-supereffective|p2a: Toxapex\n|-damage|p2a: Toxapex|26\/100\n|move|p2a: Toxapex|Recover|p2a: Toxapex\n|-heal|p2a: Toxapex|76\/100\n|\n|-heal|p2a: Toxapex|83\/100|[from] item: Black Sludge\n|-damage|p1a: Gengar|60\/100 brn|[from] brn\n|upkeep\n|turn|10\n|\n|t:|1651000505\n|move|p1a: Gengar|Shadow Ball|p2a: Toxapex\n|-damage|p2a: Toxapex|47\/100\n|-unboost|p2a: Toxapex|spd|1\n|move|p2a: Toxapex|Recover|p2a: Toxapex\n|-heal|p2a: Toxapex|97\/100\n|\n|-heal|p2a: Toxapex|100\/100|[from] item: Black Sludge\n|-damage|p1a: Gengar|53\/100 brn|[from] brn\n|upkeep\n|turn|11\n|\n|t:|1651000516\n|switch|p2a: Seismitoad|Seismitoad, F|100\/100\n|-damage|p2a: Seismitoad|95\/100|[from] Stealth Rock\n|move|p1a: Gengar|Thunderbolt|p2a: Seismitoad\n|-immune|p2a: Seismitoad\n|\n|-damage|p1a: Gengar|47\/100 brn|[from] brn\n|upkeep\n|turn|12\n|\n|t:|1651000522\n|-zpower|p1a: Gengar\n|move|p1a: Gengar|Never-Ending Nightmare|p2a: Seismitoad|[zeffect]\n|-damage|p2a: Seismitoad|0 fnt\n|faint|p2a: Seismitoad\n|\n|-damage|p1a: Gengar|41\/100 brn|[from] brn\n|upkeep\n|\n|t:|1651000526\n|switch|p2a: Greninja|Greninja, M|100\/100\n|-damage|p2a: Greninja|88\/100|[from] Stealth Rock\n|turn|13\n|\n|t:|1651000534\n|switch|p1a: Muk|Muk-Alola, M|100\/100\n|move|p2a: Greninja|Ice Beam|p1a: Muk\n|-start|p2a: Greninja|typechange|Ice|[from] ability: Protean\n|-damage|p1a: Muk|77\/100\n|\n|upkeep\n|turn|14\n|j| SprDragonite\n|\n|t:|1651000549\n|-activate|p2a: Greninja|move: Pursuit\n|move|p1a: Muk|Pursuit|p2a: Greninja|[from]Pursuit\n|-damage|p2a: Greninja|44\/100\n|switch|p2a: Toxapex|Toxapex, F|100\/100\n|-damage|p2a: Toxapex|88\/100|[from] Stealth Rock\n|\n|-heal|p2a: Toxapex|94\/100|[from] item: Black Sludge\n|upkeep\n|turn|15\n|\n|t:|1651000559\n|switch|p2a: Swampert|Swampert-Mega, F|100\/100\n|-damage|p2a: Swampert|94\/100|[from] Stealth Rock\n|move|p1a: Muk|Knock Off|p2a: Swampert\n|-damage|p2a: Swampert|72\/100\n|\n|upkeep\n|turn|16\n|\n|t:|1651000565\n|switch|p1a: Crobat|Crobat, M|100\/100\n|move|p2a: Swampert|Stone Edge|p1a: Crobat\n|-supereffective|p1a: Crobat\n|-damage|p1a: Crobat|11\/100\n|\n|-heal|p1a: Crobat|17\/100|[from] item: Black Sludge\n|upkeep\n|turn|17\n|\n|t:|1651000570\n|switch|p2a: Toxapex|Toxapex, F|100\/100\n|-damage|p2a: Toxapex|88\/100|[from] Stealth Rock\n|move|p1a: Crobat|Roost|p1a: Crobat\n|-heal|p1a: Crobat|67\/100\n|-singleturn|p1a: Crobat|move: Roost\n|\n|-heal|p1a: Crobat|73\/100|[from] item: Black Sludge\n|-heal|p2a: Toxapex|94\/100|[from] item: Black Sludge\n|upkeep\n|turn|18\n|\n|t:|1651000576\n|move|p1a: Crobat|U-turn|p2a: Toxapex\n|-resisted|p2a: Toxapex\n|-damage|p2a: Toxapex|90\/100\n|\n|t:|1651000581\n|switch|p1a: Gengar|Gengar, F|41\/100 brn|[from]move: U-turn\n|move|p2a: Toxapex|Scald|p1a: Gengar\n|-damage|p1a: Gengar|12\/100 brn\n|\n|-heal|p2a: Toxapex|96\/100|[from] item: Black Sludge\n|-damage|p1a: Gengar|6\/100 brn|[from] brn\n|upkeep\n|turn|19\n|\n|t:|1651000587\n|move|p1a: Gengar|Pain Split|p2a: Toxapex\n|-sethp|p2a: Toxapex|51\/100|[from] move: Pain Split|[silent]\n|-sethp|p1a: Gengar|59\/100 brn|[from] move: Pain Split\n|move|p2a: Toxapex|Recover|p2a: Toxapex\n|-heal|p2a: Toxapex|100\/100\n|\n|-damage|p1a: Gengar|53\/100 brn|[from] brn\n|upkeep\n|turn|20\n|\n|t:|1651000595\n|move|p1a: Gengar|Shadow Ball|p2a: Toxapex\n|-damage|p2a: Toxapex|63\/100\n|move|p2a: Toxapex|Scald|p1a: Gengar\n|-damage|p1a: Gengar|26\/100 brn\n|-start|p2a: Toxapex|Disable|Scald|[from] ability: Cursed Body|[of] p1a: Gengar\n|\n|-heal|p2a: Toxapex|69\/100|[from] item: Black Sludge\n|-damage|p1a: Gengar|20\/100 brn|[from] brn\n|upkeep\n|turn|21\n|\n|t:|1651000603\n|move|p1a: Gengar|Pain Split|p2a: Toxapex\n|-sethp|p2a: Toxapex|43\/100|[from] move: Pain Split|[silent]\n|-sethp|p1a: Gengar|50\/100 brn|[from] move: Pain Split\n|move|p2a: Toxapex|Recover|p2a: Toxapex\n|-heal|p2a: Toxapex|93\/100\n|\n|-heal|p2a: Toxapex|99\/100|[from] item: Black Sludge\n|-damage|p1a: Gengar|44\/100 brn|[from] brn\n|upkeep\n|turn|22\n|\n|t:|1651000625\n|switch|p2a: Keldeo|Keldeo|42\/100 psn\n|-damage|p2a: Keldeo|36\/100 psn|[from] Stealth Rock\n|move|p1a: Gengar|Thunderbolt|p2a: Keldeo\n|-supereffective|p2a: Keldeo\n|-damage|p2a: Keldeo|0 fnt\n|faint|p2a: Keldeo\n|\n|-damage|p1a: Gengar|38\/100 brn|[from] brn\n|upkeep\n|\n|t:|1651000628\n|switch|p2a: Swampert|Swampert-Mega, F|72\/100\n|-damage|p2a: Swampert|66\/100|[from] Stealth Rock\n|turn|23\n|j| ryuuune\n|\n|t:|1651000641\n|switch|p1a: Crobat|Crobat, M|73\/100\n|move|p2a: Swampert|Waterfall|p1a: Crobat\n|-damage|p1a: Crobat|16\/100\n|\n|-heal|p1a: Crobat|22\/100|[from] item: Black Sludge\n|upkeep\n|turn|24\n|l| ryuuune\n|\n|t:|1651000652\n|move|p1a: Crobat|Brave Bird|p2a: Swampert\n|-damage|p2a: Swampert|31\/100\n|-damage|p1a: Crobat|11\/100|[from] Recoil\n|move|p2a: Swampert|Waterfall|p1a: Crobat\n|-damage|p1a: Crobat|0 fnt\n|faint|p1a: Crobat\n|\n|upkeep\n|\n|t:|1651000658\n|switch|p1a: Gengar|Gengar, F|38\/100 brn\n|turn|25\n|\n|t:|1651000671\n|switch|p2a: Pelipper|Pelipper, M|100\/100\n|-damage|p2a: Pelipper|76\/100|[from] Stealth Rock\n|-weather|RainDance|[from] ability: Drizzle|[of] p2a: Pelipper\n|move|p1a: Gengar|Shadow Ball|p2a: Pelipper\n|-damage|p2a: Pelipper|4\/100\n|\n|-weather|RainDance|[upkeep]\n|-damage|p1a: Gengar|32\/100 brn|[from] brn\n|upkeep\n|turn|26\n|\n|t:|1651000688\n|switch|p1a: Muk|Muk-Alola, M|77\/100\n|move|p2a: Pelipper|Hurricane|p1a: Muk\n|-damage|p1a: Muk|29\/100\n|-enditem|p1a: Muk|Iapapa Berry|[eat]\n|-heal|p1a: Muk|79\/100|[from] item: Iapapa Berry\n|\n|-weather|RainDance|[upkeep]\n|upkeep\n|turn|27\n|\n|t:|1651000696\n|switch|p2a: Swampert|Swampert-Mega, F|31\/100\n|-damage|p2a: Swampert|25\/100|[from] Stealth Rock\n|move|p1a: Muk|Recycle|p1a: Muk\n|-item|p1a: Muk|Iapapa Berry|[from] move: Recycle\n|\n|-weather|RainDance|[upkeep]\n|upkeep\n|turn|28\n|\n|t:|1651000705\n|switch|p1a: Nidoking|Nidoking, M|100\/100\n|move|p2a: Swampert|Earthquake|p1a: Nidoking\n|-supereffective|p1a: Nidoking\n|-damage|p1a: Nidoking|0 fnt\n|faint|p1a: Nidoking\n|\n|-weather|RainDance|[upkeep]\n|upkeep\n|\n|t:|1651000708\n|switch|p1a: Venusaur|Venusaur-Mega, M|100\/100\n|turn|29\n|c|\u2606Eclipse77|gg\n|c|\u2606diegoblu~|gg\n|-message|Eclipse77 forfeited.\n|\n|win|diegoblu~\n","uploadtime":1651000670,"views":6,"p1id":"diegoblu","p2id":"eclipse77","formatid":"gen7monotype","rating":0,"private":0,"password":null}