{"id":"gen7ou-1552651947","p1":"Jfsosa10","p2":"TestingTesting1","format":"gen7ou","log":"|j|\u2606Jfsosa10\n|j|\u2606TestingTesting1\n|t:|1649871104\n|gametype|singles\n|player|p1|Jfsosa10|266|1540\n|player|p2|TestingTesting1|265|1680\n|teamsize|p1|6\n|teamsize|p2|6\n|gen|7\n|tier|[Gen 7] OU\n|rated|\n|rule|Sleep Clause Mod: Limit one foe put to sleep\n|rule|Species Clause: Limit one of each Pok\u00e9mon\n|rule|OHKO Clause: OHKO moves are banned\n|rule|Moody Clause: Moody is banned\n|rule|Evasion Moves Clause: Evasion moves are banned\n|rule|Endless Battle Clause: Forcing endless battles is banned\n|rule|HP Percentage Mod: HP is shown in percentages\n|clearpoke\n|poke|p1|Sharpedo, M|item\n|poke|p1|Tapu Lele|item\n|poke|p1|Hippowdon, M|item\n|poke|p1|Celesteela|item\n|poke|p1|Starmie|item\n|poke|p1|Ferrothorn, M|item\n|poke|p2|Sharpedo, M|item\n|poke|p2|Blacephalon|item\n|poke|p2|Ferrothorn, F|item\n|poke|p2|Rotom-Wash|item\n|poke|p2|Tapu Lele|item\n|poke|p2|Gliscor, M|item\n|teampreview\n|\n|t:|1649871129\n|start\n|switch|p1a: Starmie|Starmie|100\/100\n|switch|p2a: Rotom|Rotom-Wash|100\/100\n|turn|1\n|\n|t:|1649871139\n|move|p1a: Starmie|Toxic|p2a: Rotom\n|-status|p2a: Rotom|tox\n|move|p2a: Rotom|Volt Switch|p1a: Starmie\n|-supereffective|p1a: Starmie\n|-damage|p1a: Starmie|42\/100\n|\n|t:|1649871157\n|switch|p2a: Blacephalon|Blacephalon|100\/100|[from]move: Volt Switch\n|\n|-heal|p1a: Starmie|48\/100|[from] item: Leftovers\n|upkeep\n|turn|2\n|\n|t:|1649871164\n|switch|p1a: Hippowdon|Hippowdon, M|100\/100\n|-weather|Sandstorm|[from] ability: Sand Stream|[of] p1a: Hippowdon\n|move|p2a: Blacephalon|Shadow Ball|p1a: Hippowdon\n|-damage|p1a: Hippowdon|70\/100\n|\n|-weather|Sandstorm|[upkeep]\n|-damage|p2a: Blacephalon|94\/100|[from] Sandstorm\n|-heal|p1a: Hippowdon|77\/100|[from] item: Leftovers\n|upkeep\n|turn|3\n|\n|t:|1649871176\n|switch|p2a: Rotom|Rotom-Wash|100\/100 tox\n|move|p1a: Hippowdon|Stealth Rock|p2a: Rotom\n|-sidestart|p2: TestingTesting1|move: Stealth Rock\n|\n|-weather|Sandstorm|[upkeep]\n|-damage|p2a: Rotom|95\/100 tox|[from] Sandstorm\n|-heal|p1a: Hippowdon|83\/100|[from] item: Leftovers\n|-damage|p2a: Rotom|89\/100 tox|[from] psn\n|upkeep\n|turn|4\n|\n|t:|1649871186\n|switch|p1a: Ferrothorn|Ferrothorn, M|100\/100\n|move|p2a: Rotom|Defog|p1a: Ferrothorn\n|-unboost|p1a: Ferrothorn|evasion|1\n|-sideend|p2: TestingTesting1|Stealth Rock|[from] move: Defog|[of] p2a: Rotom\n|\n|-weather|Sandstorm|[upkeep]\n|-damage|p2a: Rotom|83\/100 tox|[from] Sandstorm\n|-damage|p2a: Rotom|71\/100 tox|[from] psn\n|upkeep\n|turn|5\n|\n|t:|1649871201\n|switch|p2a: Blacephalon|Blacephalon|94\/100\n|move|p1a: Ferrothorn|Spikes|p2a: Blacephalon\n|-sidestart|p2: TestingTesting1|Spikes\n|\n|-weather|Sandstorm|[upkeep]\n|-damage|p2a: Blacephalon|88\/100|[from] Sandstorm\n|upkeep\n|turn|6\n|\n|t:|1649871209\n|switch|p1a: Hippowdon|Hippowdon, M|83\/100\n|move|p2a: Blacephalon|Flamethrower|p1a: Hippowdon\n|-damage|p1a: Hippowdon|51\/100\n|\n|-weather|none\n|-heal|p1a: Hippowdon|57\/100|[from] item: Leftovers\n|upkeep\n|turn|7\n|\n|t:|1649871216\n|-zpower|p2a: Blacephalon\n|move|p2a: Blacephalon|Never-Ending Nightmare|p1a: Hippowdon|[zeffect]\n|-damage|p1a: Hippowdon|0 fnt\n|faint|p1a: Hippowdon\n|-ability|p2a: Blacephalon|Beast Boost|boost\n|-boost|p2a: Blacephalon|spe|1\n|\n|upkeep\n|\n|t:|1649871222\n|switch|p1a: Sharpedo|Sharpedo, M|100\/100\n|turn|8\n|\n|t:|1649871280\n|switch|p2a: Ferrothorn|Ferrothorn, F|100\/100\n|-damage|p2a: Ferrothorn|88\/100|[from] Spikes\n|move|p1a: Sharpedo|Crunch|p2a: Ferrothorn\n|-damage|p2a: Ferrothorn|55\/100\n|-damage|p1a: Sharpedo|88\/100|[from] ability: Iron Barbs|[of] p2a: Ferrothorn\n|\n|-heal|p2a: Ferrothorn|61\/100|[from] item: Leftovers\n|-ability|p1a: Sharpedo|Speed Boost|boost\n|-boost|p1a: Sharpedo|spe|1\n|upkeep\n|turn|9\n|\n|t:|1649871320\n|switch|p1a: Ferrothorn|Ferrothorn, M|100\/100\n|move|p2a: Ferrothorn|Stealth Rock|p1a: Ferrothorn\n|-sidestart|p1: Jfsosa10|move: Stealth Rock\n|\n|-heal|p2a: Ferrothorn|67\/100|[from] item: Leftovers\n|upkeep\n|turn|10\n|\n|t:|1649871327\n|switch|p2a: Blacephalon|Blacephalon|88\/100\n|-damage|p2a: Blacephalon|76\/100|[from] Spikes\n|move|p1a: Ferrothorn|Knock Off|p2a: Blacephalon\n|-supereffective|p2a: Blacephalon\n|-damage|p2a: Blacephalon|22\/100\n|\n|upkeep\n|turn|11\n|\n|t:|1649871336\n|switch|p1a: Tapu Lele|Tapu Lele|100\/100\n|-damage|p1a: Tapu Lele|88\/100|[from] Stealth Rock\n|-fieldstart|move: Psychic Terrain|[from] ability: Psychic Surge|[of] p1a: Tapu Lele\n|move|p2a: Blacephalon|Flamethrower|p1a: Tapu Lele\n|-damage|p1a: Tapu Lele|40\/100\n|\n|upkeep\n|turn|12\n|\n|t:|1649871349\n|switch|p2a: Ferrothorn|Ferrothorn, F|67\/100\n|-damage|p2a: Ferrothorn|55\/100|[from] Spikes\n|move|p1a: Tapu Lele|Psychic|p2a: Ferrothorn\n|-resisted|p2a: Ferrothorn\n|-damage|p2a: Ferrothorn|31\/100\n|-unboost|p2a: Ferrothorn|spd|1\n|\n|-heal|p2a: Ferrothorn|37\/100|[from] item: Leftovers\n|upkeep\n|turn|13\n|\n|t:|1649871359\n|switch|p1a: Ferrothorn|Ferrothorn, M|100\/100\n|-damage|p1a: Ferrothorn|94\/100|[from] Stealth Rock\n|move|p2a: Ferrothorn|Gyro Ball|p1a: Ferrothorn\n|-resisted|p1a: Ferrothorn\n|-damage|p1a: Ferrothorn|91\/100\n|-damage|p2a: Ferrothorn|25\/100|[from] ability: Iron Barbs|[of] p1a: Ferrothorn\n|\n|-heal|p2a: Ferrothorn|31\/100|[from] item: Leftovers\n|-heal|p1a: Ferrothorn|97\/100|[from] item: Leftovers\n|upkeep\n|turn|14\n|\n|t:|1649871398\n|switch|p2a: Sharpedo|Sharpedo, M|100\/100\n|-damage|p2a: Sharpedo|88\/100|[from] Spikes\n|move|p1a: Ferrothorn|Spikes|p2a: Sharpedo\n|-sidestart|p2: TestingTesting1|Spikes\n|\n|-heal|p1a: Ferrothorn|100\/100|[from] item: Leftovers\n|upkeep\n|turn|15\n|\n|t:|1649871409\n|detailschange|p2a: Sharpedo|Sharpedo-Mega, M\n|-mega|p2a: Sharpedo|Sharpedo|Sharpedonite\n|move|p2a: Sharpedo|Crunch|p1a: Ferrothorn\n|-damage|p1a: Ferrothorn|52\/100\n|-unboost|p1a: Ferrothorn|def|1\n|-damage|p2a: Sharpedo|76\/100|[from] ability: Iron Barbs|[of] p1a: Ferrothorn\n|move|p1a: Ferrothorn|Leech Seed|p2a: Sharpedo\n|-start|p2a: Sharpedo|move: Leech Seed\n|\n|-heal|p1a: Ferrothorn|58\/100|[from] item: Leftovers\n|-damage|p2a: Sharpedo|63\/100|[from] Leech Seed|[of] p1a: Ferrothorn\n|-heal|p1a: Ferrothorn|68\/100|[silent]\n|-fieldend|move: Psychic Terrain\n|upkeep\n|turn|16\n|\n|t:|1649871420\n|switch|p1a: Celesteela|Celesteela|100\/100\n|-damage|p1a: Celesteela|88\/100|[from] Stealth Rock\n|move|p2a: Sharpedo|Crunch|p1a: Celesteela\n|-damage|p1a: Celesteela|46\/100\n|-unboost|p1a: Celesteela|def|1\n|\n|-heal|p1a: Celesteela|53\/100|[from] item: Leftovers\n|-damage|p2a: Sharpedo|51\/100|[from] Leech Seed|[of] p1a: Celesteela\n|-heal|p1a: Celesteela|61\/100|[silent]\n|upkeep\n|turn|17\n|\n|t:|1649871433\n|switch|p2a: Rotom|Rotom-Wash|71\/100 tox\n|move|p1a: Celesteela|Protect||[still]\n|-fail|p1a: Celesteela\n|\n|-heal|p1a: Celesteela|67\/100|[from] item: Leftovers\n|-damage|p2a: Rotom|65\/100 tox|[from] psn\n|upkeep\n|turn|18\n|\n|t:|1649871440\n|move|p2a: Rotom|Defog|p1a: Celesteela\n|-unboost|p1a: Celesteela|evasion|1\n|-sideend|p1: Jfsosa10|Stealth Rock|[from] move: Defog|[of] p2a: Rotom\n|-sideend|p2: TestingTesting1|Spikes|[from] move: Defog|[of] p2a: Rotom\n|move|p1a: Celesteela|Leech Seed|p2a: Rotom\n|-start|p2a: Rotom|move: Leech Seed\n|\n|-heal|p1a: Celesteela|73\/100|[from] item: Leftovers\n|-damage|p2a: Rotom|53\/100 tox|[from] Leech Seed|[of] p1a: Celesteela\n|-heal|p1a: Celesteela|83\/100|[silent]\n|-damage|p2a: Rotom|41\/100 tox|[from] psn\n|upkeep\n|turn|19\n|\n|t:|1649871451\n|move|p2a: Rotom|Volt Switch|p1a: Celesteela\n|-supereffective|p1a: Celesteela\n|-damage|p1a: Celesteela|43\/100\n|\n|t:|1649871457\n|switch|p2a: Gliscor|Gliscor, M|100\/100|[from]move: Volt Switch\n|move|p1a: Celesteela|Flamethrower|p2a: Gliscor\n|-damage|p2a: Gliscor|80\/100\n|\n|-heal|p1a: Celesteela|49\/100|[from] item: Leftovers\n|-status|p2a: Gliscor|tox|[from] item: Toxic Orb\n|upkeep\n|turn|20\n|\n|t:|1649871466\n|switch|p1a: Ferrothorn|Ferrothorn, M|68\/100\n|move|p2a: Gliscor|Swords Dance|p2a: Gliscor\n|-boost|p2a: Gliscor|atk|2\n|\n|-heal|p1a: Ferrothorn|74\/100|[from] item: Leftovers\n|-heal|p2a: Gliscor|92\/100 tox|[from] ability: Poison Heal\n|upkeep\n|turn|21\n|\n|t:|1649871474\n|move|p2a: Gliscor|Earthquake|p1a: Ferrothorn\n|-damage|p1a: Ferrothorn|24\/100\n|move|p1a: Ferrothorn|Spikes|p2a: Gliscor\n|-sidestart|p2: TestingTesting1|Spikes\n|\n|-heal|p1a: Ferrothorn|30\/100|[from] item: Leftovers\n|-heal|p2a: Gliscor|100\/100 tox|[from] ability: Poison Heal\n|upkeep\n|turn|22\n|\n|t:|1649871494\n|move|p2a: Gliscor|Earthquake|p1a: Ferrothorn\n|-damage|p1a: Ferrothorn|0 fnt\n|faint|p1a: Ferrothorn\n|\n|upkeep\n|\n|t:|1649871497\n|switch|p1a: Starmie|Starmie|48\/100\n|turn|23\n|\n|t:|1649871539\n|switch|p2a: Rotom|Rotom-Wash|41\/100 tox\n|move|p1a: Starmie|Scald|p2a: Rotom\n|-resisted|p2a: Rotom\n|-damage|p2a: Rotom|26\/100 tox\n|\n|-heal|p1a: Starmie|55\/100|[from] item: Leftovers\n|-damage|p2a: Rotom|20\/100 tox|[from] psn\n|upkeep\n|-enditem|p2a: Rotom|Wiki Berry|[eat]\n|-heal|p2a: Rotom|70\/100 tox|[from] item: Wiki Berry\n|turn|24\n|\n|t:|1649871551\n|move|p1a: Starmie|Scald|p2a: Rotom\n|-resisted|p2a: Rotom\n|-damage|p2a: Rotom|58\/100 tox\n|move|p2a: Rotom|Defog|p1a: Starmie\n|-unboost|p1a: Starmie|evasion|1\n|-sideend|p2: TestingTesting1|Spikes|[from] move: Defog|[of] p2a: Rotom\n|\n|-heal|p1a: Starmie|61\/100|[from] item: Leftovers\n|-damage|p2a: Rotom|46\/100 tox|[from] psn\n|upkeep\n|turn|25\n|\n|t:|1649871561\n|move|p1a: Starmie|Scald|p2a: Rotom\n|-resisted|p2a: Rotom\n|-damage|p2a: Rotom|31\/100 tox\n|move|p2a: Rotom|Volt Switch|p1a: Starmie\n|-supereffective|p1a: Starmie\n|-damage|p1a: Starmie|1\/100\n|\n|t:|1649871573\n|switch|p2a: Ferrothorn|Ferrothorn, F|31\/100|[from]move: Volt Switch\n|\n|-heal|p1a: Starmie|7\/100|[from] item: Leftovers\n|-heal|p2a: Ferrothorn|37\/100|[from] item: Leftovers\n|upkeep\n|turn|26\n|\n|t:|1649871580\n|move|p1a: Starmie|Scald|p2a: Ferrothorn\n|-resisted|p2a: Ferrothorn\n|-damage|p2a: Ferrothorn|28\/100\n|move|p2a: Ferrothorn|Leech Seed|p1a: Starmie\n|-start|p1a: Starmie|move: Leech Seed\n|\n|-heal|p1a: Starmie|13\/100|[from] item: Leftovers\n|-heal|p2a: Ferrothorn|34\/100|[from] item: Leftovers\n|-damage|p1a: Starmie|1\/100|[from] Leech Seed|[of] p2a: Ferrothorn\n|-heal|p2a: Ferrothorn|46\/100|[silent]\n|upkeep\n|turn|27\n|\n|t:|1649871590\n|move|p1a: Starmie|Scald|p2a: Ferrothorn\n|-resisted|p2a: Ferrothorn\n|-damage|p2a: Ferrothorn|37\/100\n|-status|p2a: Ferrothorn|brn\n|move|p2a: Ferrothorn|Stealth Rock|p1a: Starmie\n|-sidestart|p1: Jfsosa10|move: Stealth Rock\n|\n|-heal|p1a: Starmie|7\/100|[from] item: Leftovers\n|-heal|p2a: Ferrothorn|44\/100 brn|[from] item: Leftovers\n|-damage|p1a: Starmie|0 fnt|[from] Leech Seed|[of] p2a: Ferrothorn\n|-heal|p2a: Ferrothorn|50\/100 brn|[silent]\n|faint|p1a: Starmie\n|-damage|p2a: Ferrothorn|43\/100 brn|[from] brn\n|upkeep\n|\n|t:|1649871593\n|switch|p1a: Tapu Lele|Tapu Lele|40\/100\n|-damage|p1a: Tapu Lele|27\/100|[from] Stealth Rock\n|-fieldstart|move: Psychic Terrain|[from] ability: Psychic Surge|[of] p1a: Tapu Lele\n|turn|28\n|\n|t:|1649871613\n|move|p1a: Tapu Lele|Moonblast|p2a: Ferrothorn\n|-resisted|p2a: Ferrothorn\n|-damage|p2a: Ferrothorn|27\/100 brn\n|move|p2a: Ferrothorn|Gyro Ball|p1a: Tapu Lele\n|-supereffective|p1a: Tapu Lele\n|-damage|p1a: Tapu Lele|0 fnt\n|faint|p1a: Tapu Lele\n|\n|-heal|p2a: Ferrothorn|33\/100 brn|[from] item: Leftovers\n|-damage|p2a: Ferrothorn|27\/100 brn|[from] brn\n|upkeep\n|\n|t:|1649871615\n|switch|p1a: Sharpedo|Sharpedo, M|88\/100\n|-damage|p1a: Sharpedo|76\/100|[from] Stealth Rock\n|turn|29\n|\n|t:|1649871629\n|move|p1a: Sharpedo|Crunch|p2a: Ferrothorn\n|-damage|p2a: Ferrothorn|0 fnt\n|-damage|p1a: Sharpedo|63\/100|[from] ability: Iron Barbs|[of] p2a: Ferrothorn\n|faint|p2a: Ferrothorn\n|\n|-ability|p1a: Sharpedo|Speed Boost|boost\n|-boost|p1a: Sharpedo|spe|1\n|upkeep\n|\n|t:|1649871646\n|switch|p2a: Sharpedo|Sharpedo-Mega, M|51\/100\n|turn|30\n|\n|t:|1649871651\n|move|p1a: Sharpedo|Protect|p1a: Sharpedo\n|-singleturn|p1a: Sharpedo|Protect\n|move|p2a: Sharpedo|Crunch|p1a: Sharpedo\n|-activate|p1a: Sharpedo|move: Protect\n|\n|-ability|p1a: Sharpedo|Speed Boost|boost\n|-boost|p1a: Sharpedo|spe|1\n|upkeep\n|turn|31\n|\n|t:|1649871659\n|detailschange|p1a: Sharpedo|Sharpedo-Mega, M\n|-mega|p1a: Sharpedo|Sharpedo|Sharpedonite\n|move|p1a: Sharpedo|Crunch|p2a: Sharpedo\n|-resisted|p2a: Sharpedo\n|-damage|p2a: Sharpedo|0 fnt\n|faint|p2a: Sharpedo\n|\n|upkeep\n|\n|t:|1649871668\n|switch|p2a: Tapu Lele|Tapu Lele|100\/100\n|turn|32\n|\n|t:|1649871671\n|move|p1a: Sharpedo|Crunch|p2a: Tapu Lele\n|-damage|p2a: Tapu Lele|0 fnt\n|faint|p2a: Tapu Lele\n|\n|-fieldend|move: Psychic Terrain\n|upkeep\n|\n|t:|1649871676\n|switch|p2a: Gliscor|Gliscor, M|100\/100 tox\n|turn|33\n|\n|t:|1649871679\n|move|p1a: Sharpedo|Waterfall|p2a: Gliscor\n|-supereffective|p2a: Gliscor\n|-damage|p2a: Gliscor|24\/100 tox\n|move|p2a: Gliscor|Earthquake|p1a: Sharpedo\n|-damage|p1a: Sharpedo|7\/100\n|\n|-heal|p2a: Gliscor|36\/100 tox|[from] ability: Poison Heal\n|upkeep\n|turn|34\n|\n|t:|1649871689\n|move|p1a: Sharpedo|Waterfall|p2a: Gliscor\n|-supereffective|p2a: Gliscor\n|-damage|p2a: Gliscor|0 fnt\n|faint|p2a: Gliscor\n|\n|upkeep\n|-message|TestingTesting1 forfeited.\n|\n|win|Jfsosa10\n|raw|Jfsosa10's rating: 1540 &rarr; <strong>1568<\/strong><br \/>(+28 for winning)\n|raw|TestingTesting1's rating: 1680 &rarr; <strong>1652<\/strong><br \/>(-28 for losing)\n|l|\u2606TestingTesting1\n","uploadtime":1649871697,"views":9,"p1id":"jfsosa10","p2id":"testingtesting1","formatid":"gen7ou","rating":1568,"private":0,"password":null}