{"id":"gen7ou-850299099","p1":"I don't reply","p2":"Moskito Cup","format":"gen7ou","log":"|j|\u2606I don't reply\n|j|\u2606Moskito Cup\n|player|p1|I don't reply|61\n|player|p2|Moskito Cup|170\n|teamsize|p1|6\n|teamsize|p2|6\n|gametype|singles\n|gen|7\n|tier|[Gen 7] OU\n|rated|\n|rule|Sleep Clause Mod: Limit one foe put to sleep\n|rule|Species Clause: Limit one of each Pok\u00e9mon\n|rule|OHKO Clause: OHKO moves are banned\n|rule|Moody Clause: Moody is banned\n|rule|Evasion Moves Clause: Evasion moves are banned\n|rule|Endless Battle Clause: Forcing endless battles is banned\n|rule|HP Percentage Mod: HP is shown in percentages\n|clearpoke\n|poke|p1|Garchomp, M|item\n|poke|p1|Hippowdon, F|item\n|poke|p1|Greninja, M|item\n|poke|p1|Celesteela|item\n|poke|p1|Excadrill, F|item\n|poke|p1|Toxapex, M|item\n|poke|p2|Venusaur, F|item\n|poke|p2|Keldeo-Resolute|item\n|poke|p2|Skarmory, M|item\n|poke|p2|Chansey, F|item\n|poke|p2|Heatran, M|item\n|poke|p2|Bisharp, F|item\n|teampreview\n|raw|<div class=\"broadcast-red\"><strong>Moderated join is set to sync with modchat!<\/strong><br \/>Only users who can speak in modchat can join.<\/div>\n|c|\u2606Moskito Cup|\/log Moskito Cup set modjoin to sync with modchat.\n|raw|<div class=\"broadcast-red\"><strong>Moderated chat was set to +!<\/strong><br \/>Only users of rank + and higher can talk.<\/div>\n|c|\u2606Moskito Cup|\/log Moskito Cup made this room hidden.\n|inactive|Battle timer is ON: inactive players will automatically lose when time's up. (requested by I don't reply)\n|\n|start\n|switch|p1a: Hippowdon|Hippowdon, F|100\/100\n|switch|p2a: Skarmory|Skarmory, M|100\/100\n|-weather|Sandstorm|[from] ability: Sand Stream|[of] p1a: Hippowdon\n|turn|1\n|\n|move|p2a: Skarmory|Spikes|p1a: Hippowdon\n|-sidestart|p1: I don't reply|Spikes\n|move|p1a: Hippowdon|Stealth Rock|p2a: Skarmory\n|-sidestart|p2: Moskito Cup|move: Stealth Rock\n|\n|-weather|Sandstorm|[upkeep]\n|upkeep\n|turn|2\n|\n|switch|p1a: Toxapex|Toxapex, M, shiny|100\/100\n|-damage|p1a: Toxapex|88\/100|[from] Spikes\n|move|p2a: Skarmory|Whirlwind|p1a: Toxapex\n|drag|p1a: Garchomp|Garchomp, M|100\/100\n|-damage|p1a: Garchomp|88\/100|[from] Spikes\n|\n|-weather|Sandstorm|[upkeep]\n|upkeep\n|turn|3\n|\n|move|p1a: Garchomp|Swords Dance|p1a: Garchomp\n|-boost|p1a: Garchomp|atk|2\n|move|p2a: Skarmory|Whirlwind|p1a: Garchomp\n|drag|p1a: Hippowdon|Hippowdon, F|100\/100\n|-damage|p1a: Hippowdon|88\/100|[from] Spikes\n|\n|-weather|Sandstorm|[upkeep]\n|upkeep\n|turn|4\n|\n|switch|p1a: Toxapex|Toxapex, M, shiny|100\/100\n|-damage|p1a: Toxapex|88\/100|[from] Spikes\n|move|p2a: Skarmory|Spikes|p1a: Toxapex\n|-sidestart|p1: I don't reply|Spikes\n|\n|-weather|Sandstorm|[upkeep]\n|-damage|p1a: Toxapex|82\/100|[from] Sandstorm\n|-heal|p1a: Toxapex|88\/100|[from] item: Black Sludge\n|upkeep\n|turn|5\n|\n|switch|p2a: Bisharp|Bisharp, F|100\/100\n|-damage|p2a: Bisharp|94\/100|[from] Stealth Rock\n|move|p1a: Toxapex|Knock Off|p2a: Bisharp\n|-resisted|p2a: Bisharp\n|-damage|p2a: Bisharp|87\/100\n|-enditem|p2a: Bisharp|Leftovers|[from] move: Knock Off|[of] p1a: Toxapex\n|\n|-weather|Sandstorm|[upkeep]\n|-damage|p1a: Toxapex|82\/100|[from] Sandstorm\n|-heal|p1a: Toxapex|88\/100|[from] item: Black Sludge\n|upkeep\n|turn|6\n|\n|move|p2a: Bisharp|Knock Off|p1a: Toxapex\n|-damage|p1a: Toxapex|49\/100\n|-enditem|p1a: Toxapex|Black Sludge|[from] move: Knock Off|[of] p2a: Bisharp\n|move|p1a: Toxapex|Scald|p2a: Bisharp\n|-damage|p2a: Bisharp|65\/100\n|-status|p2a: Bisharp|brn\n|\n|-weather|Sandstorm|[upkeep]\n|-damage|p1a: Toxapex|43\/100|[from] Sandstorm\n|-damage|p2a: Bisharp|59\/100 brn|[from] brn\n|upkeep\n|turn|7\n|\n|switch|p2a: Chansey|Chansey, F|100\/100\n|-damage|p2a: Chansey|88\/100|[from] Stealth Rock\n|move|p1a: Toxapex|Knock Off|p2a: Chansey\n|-damage|p2a: Chansey|79\/100\n|-enditem|p2a: Chansey|Eviolite|[from] move: Knock Off|[of] p1a: Toxapex\n|\n|-weather|Sandstorm|[upkeep]\n|-damage|p2a: Chansey|72\/100|[from] Sandstorm\n|-damage|p1a: Toxapex|37\/100|[from] Sandstorm\n|upkeep\n|turn|8\n|\n|switch|p1a: Excadrill|Excadrill, F|100\/100\n|-damage|p1a: Excadrill|84\/100|[from] Spikes\n|move|p2a: Chansey|Aromatherapy|p2a: Chansey\n|-activate|p2a: Chansey|move: Aromatherapy\n|-curestatus|p2: Bisharp|brn|[msg]\n|\n|-weather|none\n|upkeep\n|turn|9\n|\n|move|p1a: Excadrill|Rapid Spin|p2a: Chansey\n|-damage|p2a: Chansey|65\/100\n|-sideend|p1: I don't reply|Spikes|[from] move: Rapid Spin|[of] p1a: Excadrill\n|move|p2a: Chansey|Seismic Toss|p1a: Excadrill\n|-damage|p1a: Excadrill|56\/100\n|\n|upkeep\n|turn|10\n|\n|switch|p1a: Hippowdon|Hippowdon, F|88\/100\n|-weather|Sandstorm|[from] ability: Sand Stream|[of] p1a: Hippowdon\n|switch|p2a: Skarmory|Skarmory, M|100\/100\n|-damage|p2a: Skarmory|88\/100|[from] Stealth Rock\n|\n|-weather|Sandstorm|[upkeep]\n|upkeep\n|turn|11\n|\n|switch|p1a: Greninja|Greninja, M|100\/100\n|move|p2a: Skarmory|Spikes|p1a: Greninja\n|-sidestart|p1: I don't reply|Spikes\n|\n|-weather|Sandstorm|[upkeep]\n|-damage|p1a: Greninja|95\/100|[from] Sandstorm\n|upkeep\n|turn|12\n|\n|switch|p2a: Venusaur|Venusaur, F|100\/100\n|-damage|p2a: Venusaur|88\/100|[from] Stealth Rock\n|move|p1a: Greninja|Hydro Pump|p2a: Venusaur\n|-resisted|p2a: Venusaur\n|-damage|p2a: Venusaur|52\/100\n|\n|-weather|Sandstorm|[upkeep]\n|-damage|p1a: Greninja|89\/100|[from] Sandstorm\n|-damage|p2a: Venusaur|46\/100|[from] Sandstorm\n|upkeep\n|turn|13\n|\n|switch|p1a: Celesteela|Celesteela|100\/100\n|detailschange|p2a: Venusaur|Venusaur-Mega, F\n|-mega|p2a: Venusaur|Venusaur|Venusaurite\n|move|p2a: Venusaur|Giga Drain|p1a: Celesteela\n|-resisted|p1a: Celesteela\n|-damage|p1a: Celesteela|96\/100\n|-heal|p2a: Venusaur|49\/100|[from] drain|[of] p1a: Celesteela\n|\n|-weather|Sandstorm|[upkeep]\n|-damage|p2a: Venusaur|43\/100|[from] Sandstorm\n|-heal|p1a: Celesteela|100\/100|[from] item: Leftovers\n|upkeep\n|turn|14\n|\n|move|p2a: Venusaur|Synthesis|p2a: Venusaur\n|-heal|p2a: Venusaur|68\/100\n|move|p1a: Celesteela|Heavy Slam|p2a: Venusaur\n|-damage|p2a: Venusaur|43\/100\n|\n|-weather|Sandstorm|[upkeep]\n|-damage|p2a: Venusaur|37\/100|[from] Sandstorm\n|upkeep\n|turn|15\n|\n|move|p2a: Venusaur|Synthesis|p2a: Venusaur\n|-heal|p2a: Venusaur|62\/100\n|move|p1a: Celesteela|Heavy Slam|p2a: Venusaur\n|-damage|p2a: Venusaur|37\/100\n|\n|-weather|Sandstorm|[upkeep]\n|-damage|p2a: Venusaur|31\/100|[from] Sandstorm\n|upkeep\n|turn|16\n|\n|move|p2a: Venusaur|Synthesis|p2a: Venusaur\n|-heal|p2a: Venusaur|56\/100\n|move|p1a: Celesteela|Heavy Slam|p2a: Venusaur\n|-crit|p2a: Venusaur\n|-damage|p2a: Venusaur|19\/100\n|\n|-weather|Sandstorm|[upkeep]\n|-damage|p2a: Venusaur|13\/100|[from] Sandstorm\n|upkeep\n|turn|17\n|\n|move|p2a: Venusaur|Synthesis|p2a: Venusaur\n|-heal|p2a: Venusaur|38\/100\n|move|p1a: Celesteela|Heavy Slam|p2a: Venusaur\n|-damage|p2a: Venusaur|13\/100\n|\n|-weather|none\n|upkeep\n|turn|18\n|\n|move|p2a: Venusaur|Giga Drain|p1a: Celesteela\n|-resisted|p1a: Celesteela\n|-damage|p1a: Celesteela|95\/100\n|-heal|p2a: Venusaur|16\/100|[from] drain|[of] p1a: Celesteela\n|move|p1a: Celesteela|Heavy Slam|p2a: Venusaur\n|-damage|p2a: Venusaur|0 fnt\n|faint|p2a: Venusaur\n|-ability|p1a: Celesteela|Beast Boost|boost\n|-boost|p1a: Celesteela|spd|1\n|\n|-heal|p1a: Celesteela|100\/100|[from] item: Leftovers\n|upkeep\n|\n|switch|p2a: Heatran|Heatran, M|100\/100\n|-damage|p2a: Heatran|88\/100|[from] Stealth Rock\n|turn|19\n|\n|switch|p1a: Hippowdon|Hippowdon, F|88\/100\n|-damage|p1a: Hippowdon|76\/100|[from] Spikes\n|-weather|Sandstorm|[from] ability: Sand Stream|[of] p1a: Hippowdon\n|move|p2a: Heatran|Stealth Rock|p1a: Hippowdon\n|-sidestart|p1: I don't reply|move: Stealth Rock\n|\n|-weather|Sandstorm|[upkeep]\n|-heal|p2a: Heatran|94\/100|[from] item: Leftovers\n|upkeep\n|turn|20\n|\n|switch|p2a: Skarmory|Skarmory, M|88\/100\n|-damage|p2a: Skarmory|76\/100|[from] Stealth Rock\n|switch|p1a: Excadrill|Excadrill, F|56\/100\n|-damage|p1a: Excadrill|44\/100|[from] Spikes\n|-damage|p1a: Excadrill|41\/100|[from] Stealth Rock\n|\n|-weather|Sandstorm|[upkeep]\n|upkeep\n|turn|21\n|\n|move|p1a: Excadrill|Swords Dance|p1a: Excadrill\n|-boost|p1a: Excadrill|atk|2\n|move|p2a: Skarmory|Spikes|p1a: Excadrill\n|-sidestart|p1: I don't reply|Spikes\n|\n|-weather|Sandstorm|[upkeep]\n|upkeep\n|turn|22\n|\n|move|p1a: Excadrill|Rapid Spin|p2a: Skarmory\n|-resisted|p2a: Skarmory\n|-damage|p2a: Skarmory|72\/100\n|-damage|p1a: Excadrill|24\/100|[from] item: Rocky Helmet|[of] p2a: Skarmory\n|-sideend|p1: I don't reply|Spikes|[from] move: Rapid Spin|[of] p1a: Excadrill\n|-sideend|p1: I don't reply|Stealth Rock|[from] move: Rapid Spin|[of] p1a: Excadrill\n|move|p2a: Skarmory|Whirlwind|p1a: Excadrill\n|drag|p1a: Toxapex|Toxapex, M, shiny|71\/100\n|\n|-weather|Sandstorm|[upkeep]\n|-damage|p1a: Toxapex|65\/100|[from] Sandstorm\n|upkeep\n|turn|23\n|\n|move|p2a: Skarmory|Spikes|p1a: Toxapex\n|-sidestart|p1: I don't reply|Spikes\n|move|p1a: Toxapex|Knock Off|p2a: Skarmory\n|-damage|p2a: Skarmory|64\/100\n|-damage|p1a: Toxapex|48\/100|[from] item: Rocky Helmet|[of] p2a: Skarmory\n|-enditem|p2a: Skarmory|Rocky Helmet|[from] move: Knock Off|[of] p1a: Toxapex\n|\n|-weather|Sandstorm|[upkeep]\n|-damage|p1a: Toxapex|42\/100|[from] Sandstorm\n|upkeep\n|turn|24\n|\n|move|p2a: Skarmory|Spikes|p1a: Toxapex\n|-sidestart|p1: I don't reply|Spikes\n|move|p1a: Toxapex|Scald|p2a: Skarmory\n|-damage|p2a: Skarmory|43\/100\n|\n|-weather|Sandstorm|[upkeep]\n|-damage|p1a: Toxapex|36\/100|[from] Sandstorm\n|upkeep\n|turn|25\n|\n|move|p2a: Skarmory|Spikes|p1a: Toxapex\n|-sidestart|p1: I don't reply|Spikes\n|move|p1a: Toxapex|Scald|p2a: Skarmory\n|-damage|p2a: Skarmory|20\/100\n|\n|-weather|Sandstorm|[upkeep]\n|-damage|p1a: Toxapex|31\/100|[from] Sandstorm\n|upkeep\n|turn|26\n|\n|move|p2a: Skarmory|Roost|p2a: Skarmory\n|-heal|p2a: Skarmory|70\/100\n|move|p1a: Toxapex|Scald|p2a: Skarmory\n|-damage|p2a: Skarmory|46\/100\n|-status|p2a: Skarmory|brn\n|\n|-weather|none\n|-damage|p2a: Skarmory|40\/100 brn|[from] brn\n|upkeep\n|turn|27\n|\n|switch|p2a: Keldeo|Keldeo-Resolute|100\/100\n|-damage|p2a: Keldeo|94\/100|[from] Stealth Rock\n|move|p1a: Toxapex|Recover|p1a: Toxapex\n|-heal|p1a: Toxapex|81\/100\n|\n|-heal|p2a: Keldeo|100\/100|[from] item: Leftovers\n|upkeep\n|turn|28\n|\n|move|p2a: Keldeo|Substitute|p2a: Keldeo\n|-start|p2a: Keldeo|Substitute\n|-damage|p2a: Keldeo|75\/100\n|move|p1a: Toxapex|Knock Off|p2a: Keldeo\n|-resisted|p2a: Keldeo\n|-activate|p2a: Keldeo|move: Substitute|[damage]\n|\n|-heal|p2a: Keldeo|82\/100|[from] item: Leftovers\n|upkeep\n|turn|29\n|\n|move|p2a: Keldeo|Calm Mind|p2a: Keldeo\n|-boost|p2a: Keldeo|spa|1\n|-boost|p2a: Keldeo|spd|1\n|move|p1a: Toxapex|Knock Off|p2a: Keldeo\n|-resisted|p2a: Keldeo\n|-activate|p2a: Keldeo|move: Substitute|[damage]\n|\n|-heal|p2a: Keldeo|88\/100|[from] item: Leftovers\n|upkeep\n|turn|30\n|\n|move|p2a: Keldeo|Calm Mind|p2a: Keldeo\n|-boost|p2a: Keldeo|spa|1\n|-boost|p2a: Keldeo|spd|1\n|move|p1a: Toxapex|Knock Off|p2a: Keldeo\n|-resisted|p2a: Keldeo\n|-activate|p2a: Keldeo|move: Substitute|[damage]\n|\n|-heal|p2a: Keldeo|94\/100|[from] item: Leftovers\n|upkeep\n|turn|31\n|\n|move|p2a: Keldeo|Calm Mind|p2a: Keldeo\n|-boost|p2a: Keldeo|spa|1\n|-boost|p2a: Keldeo|spd|1\n|move|p1a: Toxapex|Knock Off|p2a: Keldeo\n|-resisted|p2a: Keldeo\n|-crit|p2a: Keldeo\n|-end|p2a: Keldeo|Substitute\n|\n|-heal|p2a: Keldeo|99\/100|[from] item: Leftovers\n|upkeep\n|turn|32\n|\n|move|p2a: Keldeo|Substitute|p2a: Keldeo\n|-start|p2a: Keldeo|Substitute\n|-damage|p2a: Keldeo|75\/100\n|move|p1a: Toxapex|Knock Off|p2a: Keldeo\n|-resisted|p2a: Keldeo\n|-activate|p2a: Keldeo|move: Substitute|[damage]\n|\n|-heal|p2a: Keldeo|81\/100|[from] item: Leftovers\n|upkeep\n|turn|33\n|\n|move|p2a: Keldeo|Calm Mind|p2a: Keldeo\n|-boost|p2a: Keldeo|spa|1\n|-boost|p2a: Keldeo|spd|1\n|move|p1a: Toxapex|Knock Off|p2a: Keldeo\n|-resisted|p2a: Keldeo\n|-activate|p2a: Keldeo|move: Substitute|[damage]\n|\n|-heal|p2a: Keldeo|88\/100|[from] item: Leftovers\n|upkeep\n|turn|34\n|\n|move|p2a: Keldeo|Calm Mind|p2a: Keldeo\n|-boost|p2a: Keldeo|spa|1\n|-boost|p2a: Keldeo|spd|1\n|move|p1a: Toxapex|Knock Off|p2a: Keldeo\n|-resisted|p2a: Keldeo\n|-activate|p2a: Keldeo|move: Substitute|[damage]\n|\n|-heal|p2a: Keldeo|94\/100|[from] item: Leftovers\n|upkeep\n|turn|35\n|\n|move|p2a: Keldeo|Calm Mind|p2a: Keldeo\n|-boost|p2a: Keldeo|spa|1\n|-boost|p2a: Keldeo|spd|1\n|move|p1a: Toxapex|Knock Off|p2a: Keldeo\n|-resisted|p2a: Keldeo\n|-end|p2a: Keldeo|Substitute\n|\n|-heal|p2a: Keldeo|99\/100|[from] item: Leftovers\n|upkeep\n|turn|36\n|-message|I don't reply forfeited.\n|\n|win|Moskito Cup\n|l|\u2606I don't reply\n|raw|I don&apos;t reply's rating: 1977 &rarr; <strong>1956<\/strong><br \/>(-21 for losing)\n|raw|Moskito Cup's rating: 1965 &rarr; <strong>1986<\/strong><br \/>(+21 for winning)\n|c|\u2606Moskito Cup|\/log Moskito Cup made this room public.\n","uploadtime":1547765503,"views":283,"p1id":"idontreply","p2id":"moskitocup","formatid":"gen7ou","rating":1956,"private":0,"password":null}