{"id":"gen7ou-1391784062","p1":"EEEEEvolto\u6df1\u6eba","p2":"gen 8 kinda mid","format":"gen7ou","log":"|j|\u2606EEEEEvolto\u6df1\u6eba\n|j|\u2606gen 8 kinda mid\n|t:|1628307836\n|gametype|singles\n|player|p1|EEEEEvolto\u6df1\u6eba|101|1534\n|player|p2|gen 8 kinda mid|zinzolin|1453\n|teamsize|p1|6\n|teamsize|p2|6\n|gen|7\n|tier|[Gen 7] OU\n|rated|\n|rule|Sleep Clause Mod: Limit one foe put to sleep\n|rule|Species Clause: Limit one of each Pok\u00e9mon\n|rule|OHKO Clause: OHKO moves are banned\n|rule|Moody Clause: Moody is banned\n|rule|Evasion Moves Clause: Evasion moves are banned\n|rule|Endless Battle Clause: Forcing endless battles is banned\n|rule|HP Percentage Mod: HP is shown in percentages\n|clearpoke\n|poke|p1|Sableye, F|item\n|poke|p1|Pyukumuku, L90, F|item\n|poke|p1|Skarmory, F|item\n|poke|p1|Chansey, F|item\n|poke|p1|Toxapex, F|item\n|poke|p1|Gliscor, F|item\n|poke|p2|Hawlucha, M|item\n|poke|p2|Serperior, M|item\n|poke|p2|Victini|item\n|poke|p2|Alakazam, F|item\n|poke|p2|Excadrill, M|item\n|poke|p2|Tapu Lele|item\n|teampreview\n|inactive|Battle timer is ON: inactive players will automatically lose when time's up. (requested by EEEEEvolto\u6df1\u6eba)\n|\n|t:|1628307840\n|start\n|switch|p1a: Sableye|Sableye, F|100\/100\n|switch|p2a: Spinning Head|Excadrill, M, shiny|100\/100\n|-ability|p2a: Spinning Head|Mold Breaker\n|turn|1\n|c|\u2606gen 8 kinda mid|what is this tryhard shit\n|\n|t:|1628307847\n|detailschange|p1a: Sableye|Sableye-Mega, F\n|-mega|p1a: Sableye|Sableye|Sablenite\n|move|p1a: Sableye|Protect|p1a: Sableye\n|-singleturn|p1a: Sableye|Protect\n|move|p2a: Spinning Head|Earthquake|p1a: Sableye\n|-activate|p1a: Sableye|move: Protect\n|\n|upkeep\n|turn|2\n|\n|t:|1628307850\n|move|p2a: Spinning Head|Earthquake|p1a: Sableye\n|-damage|p1a: Sableye|48\/100\n|move|p1a: Sableye|Knock Off|p2a: Spinning Head\n|-damage|p2a: Spinning Head|61\/100\n|-enditem|p2a: Spinning Head|Focus Sash|[from] move: Knock Off|[of] p1a: Sableye\n|\n|upkeep\n|turn|3\n|\n|t:|1628307855\n|switch|p1a: Gliscor|Gliscor, F|100\/100\n|move|p2a: Spinning Head|Earthquake|p1a: Gliscor\n|-immune|p1a: Gliscor\n|\n|-status|p1a: Gliscor|tox|[from] item: Toxic Orb\n|upkeep\n|turn|4\n|\n|t:|1628307857\n|move|p2a: Spinning Head|Stealth Rock|p1a: Gliscor\n|-sidestart|p1: EEEEEvolto\u6df1\u6eba|move: Stealth Rock\n|move|p1a: Gliscor|Earthquake|p2a: Spinning Head\n|-supereffective|p2a: Spinning Head\n|-damage|p2a: Spinning Head|0 fnt\n|faint|p2a: Spinning Head\n|\n|upkeep\n|\n|t:|1628307859\n|switch|p2a: Twisted Thoughts|Tapu Lele, shiny|100\/100\n|-fieldstart|move: Psychic Terrain|[from] ability: Psychic Surge|[of] p2a: Twisted Thoughts\n|turn|5\n|\n|t:|1628307861\n|move|p2a: Twisted Thoughts|Taunt|p1a: Gliscor\n|-start|p1a: Gliscor|move: Taunt\n|cant|p1a: Gliscor|move: Taunt|Defog\n|\n|upkeep\n|turn|6\n|\n|t:|1628307867\n|move|p2a: Twisted Thoughts|Psyshock|p1a: Gliscor\n|-damage|p1a: Gliscor|51\/100 tox\n|move|p1a: Gliscor|Earthquake|p2a: Twisted Thoughts\n|-damage|p2a: Twisted Thoughts|46\/100\n|\n|-heal|p1a: Gliscor|63\/100 tox|[from] ability: Poison Heal\n|upkeep\n|turn|7\n|\n|t:|1628307871\n|switch|p2a: Deep Mind|Alakazam, F, shiny|100\/100\n|move|p1a: Gliscor|Earthquake|p2a: Deep Mind\n|-damage|p2a: Deep Mind|14\/100\n|\n|-heal|p1a: Gliscor|76\/100 tox|[from] ability: Poison Heal\n|-end|p1a: Gliscor|move: Taunt\n|upkeep\n|turn|8\n|\n|t:|1628307882\n|switch|p1a: Chansey|Chansey, F|100\/100\n|-damage|p1a: Chansey|88\/100|[from] Stealth Rock\n|detailschange|p2a: Deep Mind|Alakazam-Mega, F, shiny\n|-mega|p2a: Deep Mind|Alakazam|Alakazite\n|-ability|p2a: Deep Mind|Natural Cure|[from] ability: Trace|[of] p1a: Chansey\n|move|p2a: Deep Mind|Psychic|p1a: Chansey\n|-damage|p1a: Chansey|58\/100\n|\n|upkeep\n|turn|9\n|\n|t:|1628307885\n|move|p2a: Deep Mind|Taunt|p1a: Chansey\n|-start|p1a: Chansey|move: Taunt\n|cant|p1a: Chansey|move: Taunt|Soft-Boiled\n|\n|upkeep\n|turn|10\n|\n|t:|1628307889\n|switch|p2a: Crazy Eyes|Serperior, M, shiny|100\/100\n|move|p1a: Chansey|Seismic Toss|p2a: Crazy Eyes\n|-damage|p2a: Crazy Eyes|66\/100\n|\n|upkeep\n|turn|11\n|\n|t:|1628307895\n|switch|p1a: Toxapex|Toxapex, F|100\/100\n|-damage|p1a: Toxapex|88\/100|[from] Stealth Rock\n|move|p2a: Crazy Eyes|Knock Off|p1a: Toxapex\n|-damage|p1a: Toxapex|80\/100\n|\n|upkeep\n|turn|12\n|\n|t:|1628307908\n|switch|p2a: Mental Breakdown|Hawlucha, M, shiny|100\/100\n|-enditem|p2a: Mental Breakdown|Psychic Seed\n|-boost|p2a: Mental Breakdown|spd|1|[from] item: Psychic Seed\n|switch|p1a: Pyukumuku|Pyukumuku, L90, F|100\/100\n|-damage|p1a: Pyukumuku|88\/100|[from] Stealth Rock\n|\n|-fieldend|move: Psychic Terrain\n|upkeep\n|turn|13\n|\n|t:|1628307912\n|move|p1a: Pyukumuku|Protect|p1a: Pyukumuku\n|-singleturn|p1a: Pyukumuku|Protect\n|move|p2a: Mental Breakdown|Substitute|p2a: Mental Breakdown\n|-start|p2a: Mental Breakdown|Substitute\n|-damage|p2a: Mental Breakdown|76\/100\n|\n|upkeep\n|turn|14\n|\n|t:|1628307921\n|switch|p1a: Toxapex|Toxapex, F|100\/100\n|-damage|p1a: Toxapex|88\/100|[from] Stealth Rock\n|move|p2a: Mental Breakdown|Acrobatics|p1a: Toxapex\n|-damage|p1a: Toxapex|46\/100\n|\n|upkeep\n|turn|15\n|\n|t:|1628307926\n|move|p2a: Mental Breakdown|Swords Dance|p2a: Mental Breakdown\n|-boost|p2a: Mental Breakdown|atk|2\n|-zpower|p1a: Toxapex\n|move|p1a: Toxapex|Z-Haze|p1a: Toxapex|[anim]Haze\n|-heal|p1a: Toxapex|100\/100|[zeffect]\n|-clearallboost\n|\n|upkeep\n|turn|16\n|\n|t:|1628307928\n|move|p2a: Mental Breakdown|Acrobatics|p1a: Toxapex\n|-damage|p1a: Toxapex|61\/100\n|move|p1a: Toxapex|Scald|p2a: Mental Breakdown\n|-end|p2a: Mental Breakdown|Substitute\n|\n|upkeep\n|turn|17\n|\n|t:|1628307933\n|move|p2a: Mental Breakdown|Swords Dance|p2a: Mental Breakdown\n|-boost|p2a: Mental Breakdown|atk|2\n|move|p1a: Toxapex|Scald|p2a: Mental Breakdown\n|-damage|p2a: Mental Breakdown|49\/100\n|\n|upkeep\n|turn|18\n|\n|t:|1628307936\n|switch|p1a: Pyukumuku|Pyukumuku, L90, F|88\/100\n|-damage|p1a: Pyukumuku|76\/100|[from] Stealth Rock\n|move|p2a: Mental Breakdown|Acrobatics|p1a: Pyukumuku\n|-damage|p1a: Pyukumuku|0 fnt\n|-damage|p2a: Mental Breakdown|0 fnt|[from] ability: Innards Out|[of] p1a: Pyukumuku\n|faint|p1a: Pyukumuku\n|faint|p2a: Mental Breakdown\n|\n|upkeep\n|\n|t:|1628307948\n|switch|p2a: Twisted Thoughts|Tapu Lele, shiny|46\/100\n|switch|p1a: Gliscor|Gliscor, F|76\/100 tox\n|-fieldstart|move: Psychic Terrain|[from] ability: Psychic Surge|[of] p2a: Twisted Thoughts\n|-damage|p1a: Gliscor|63\/100 tox|[from] Stealth Rock\n|turn|19\n|\n|t:|1628307959\n|move|p2a: Twisted Thoughts|Psyshock|p1a: Gliscor\n|-damage|p1a: Gliscor|12\/100 tox\n|move|p1a: Gliscor|Earthquake|p2a: Twisted Thoughts\n|-damage|p2a: Twisted Thoughts|0 fnt\n|faint|p2a: Twisted Thoughts\n|\n|-heal|p1a: Gliscor|25\/100 tox|[from] ability: Poison Heal\n|upkeep\n|\n|t:|1628307964\n|switch|p2a: Deep Mind|Alakazam-Mega, F, shiny|14\/100\n|-ability|p2a: Deep Mind|Poison Heal|[from] ability: Trace|[of] p1a: Gliscor\n|turn|20\n|\n|t:|1628307969\n|switch|p1a: Skarmory|Skarmory, F|100\/100\n|-damage|p1a: Skarmory|88\/100|[from] Stealth Rock\n|move|p2a: Deep Mind|Psychic|p1a: Skarmory\n|-resisted|p1a: Skarmory\n|-damage|p1a: Skarmory|22\/100\n|\n|upkeep\n|turn|21\n|\n|t:|1628307973\n|move|p2a: Deep Mind|Shadow Ball|p1a: Skarmory\n|-damage|p1a: Skarmory|0 fnt\n|faint|p1a: Skarmory\n|\n|upkeep\n|\n|t:|1628307977\n|switch|p1a: Chansey|Chansey, F|58\/100\n|-damage|p1a: Chansey|46\/100|[from] Stealth Rock\n|turn|22\n|\n|t:|1628307983\n|move|p2a: Deep Mind|Focus Blast|p1a: Chansey|[miss]\n|-miss|p2a: Deep Mind|p1a: Chansey\n|move|p1a: Chansey|Soft-Boiled|p1a: Chansey\n|-heal|p1a: Chansey|96\/100\n|\n|upkeep\n|turn|23\n|\n|t:|1628307985\n|move|p2a: Deep Mind|Taunt|p1a: Chansey\n|-start|p1a: Chansey|move: Taunt\n|move|p1a: Chansey|Seismic Toss|p2a: Deep Mind\n|-damage|p2a: Deep Mind|0 fnt\n|faint|p2a: Deep Mind\n|\n|upkeep\n|\n|t:|1628307987\n|switch|p2a: Crazy Eyes|Serperior, M, shiny|66\/100\n|turn|24\n|\n|t:|1628307991\n|switch|p1a: Gliscor|Gliscor, F|25\/100 tox\n|-damage|p1a: Gliscor|12\/100 tox|[from] Stealth Rock\n|move|p2a: Crazy Eyes|Leaf Storm|p1a: Gliscor\n|-damage|p1a: Gliscor|0 fnt\n|-boost|p2a: Crazy Eyes|spa|2\n|faint|p1a: Gliscor\n|\n|upkeep\n|\n|t:|1628307996\n|switch|p1a: Sableye|Sableye-Mega, F|48\/100\n|-damage|p1a: Sableye|36\/100|[from] Stealth Rock\n|turn|25\n|\n|t:|1628307998\n|move|p2a: Crazy Eyes|Leaf Storm|p1a: Sableye\n|-damage|p1a: Sableye|0 fnt\n|-boost|p2a: Crazy Eyes|spa|2\n|faint|p1a: Sableye\n|\n|upkeep\n|\n|t:|1628308006\n|switch|p1a: Chansey|Chansey, F|96\/100\n|-damage|p1a: Chansey|83\/100|[from] Stealth Rock\n|turn|26\n|\n|t:|1628308008\n|move|p2a: Crazy Eyes|Leaf Storm|p1a: Chansey\n|-damage|p1a: Chansey|40\/100\n|-boost|p2a: Crazy Eyes|spa|2\n|move|p1a: Chansey|Toxic|p2a: Crazy Eyes\n|-status|p2a: Crazy Eyes|tox\n|\n|-damage|p2a: Crazy Eyes|60\/100 tox|[from] psn\n|-fieldend|move: Psychic Terrain\n|upkeep\n|turn|27\n|\n|t:|1628308014\n|switch|p1a: Toxapex|Toxapex, F|94\/100\n|-damage|p1a: Toxapex|82\/100|[from] Stealth Rock\n|move|p2a: Crazy Eyes|Leaf Storm|p1a: Toxapex|[miss]\n|-miss|p2a: Crazy Eyes|p1a: Toxapex\n|\n|-damage|p2a: Crazy Eyes|48\/100 tox|[from] psn\n|upkeep\n|turn|28\n|\n|t:|1628308022\n|move|p2a: Crazy Eyes|Leaf Storm|p1a: Toxapex\n|-damage|p1a: Toxapex|0 fnt\n|faint|p1a: Toxapex\n|\n|-damage|p2a: Crazy Eyes|29\/100 tox|[from] psn\n|upkeep\n|\n|t:|1628308024\n|switch|p1a: Chansey|Chansey, F|40\/100\n|-damage|p1a: Chansey|27\/100|[from] Stealth Rock\n|turn|29\n|\n|t:|1628308031\n|move|p2a: Crazy Eyes|Leaf Storm|p1a: Chansey\n|-damage|p1a: Chansey|0 fnt\n|faint|p1a: Chansey\n|\n|win|gen 8 kinda mid\n|raw|EEEEEvolto\u6df1\u6eba's rating: 1534 &rarr; <strong>1509<\/strong><br \/>(-25 for losing)\n|raw|gen 8 kinda mid's rating: 1453 &rarr; <strong>1478<\/strong><br \/>(+25 for winning)\n|c|\u2606gen 8 kinda mid|gg nice try nerd\n","uploadtime":1628308033,"views":4,"p1id":"eeeeevolto","p2id":"gen8kindamid","formatid":"gen7ou","rating":1478,"private":0,"password":null}