{"id":"gen7doublesou-994208469","p1":"Haitun Testing 2","p2":"Vin Elder Puck","format":"gen7doublesou","log":"|j|\u2606Haitun Testing 2\n|j|\u2606Vin Elder Puck\n|player|p1|Haitun Testing 2|dawn|1541\n|player|p2|Vin Elder Puck|gamer-gen3|1382\n|teamsize|p1|6\n|teamsize|p2|6\n|gametype|doubles\n|gen|7\n|tier|[Gen 7] Doubles OU\n|rated|\n|rule|Species Clause: Limit one of each Pok\u00e9mon\n|rule|OHKO Clause: OHKO moves are banned\n|rule|Moody Clause: Moody is banned\n|rule|Evasion Abilities Clause: Evasion abilities are banned\n|rule|Evasion Moves Clause: Evasion moves are banned\n|rule|Endless Battle Clause: Forcing endless battles is banned\n|rule|HP Percentage Mod: HP is shown in percentages\n|rule|Swagger Clause: Swagger is banned\n|clearpoke\n|poke|p1|Charizard, F|item\n|poke|p1|Shaymin-Sky|item\n|poke|p1|Tapu Koko|item\n|poke|p1|Landorus-Therian, M|item\n|poke|p1|Heatran, F|item\n|poke|p1|Scrafty, F|item\n|poke|p2|Diancie|item\n|poke|p2|Golem-Alola, M|item\n|poke|p2|Stakataka|item\n|poke|p2|Cradily, F|item\n|poke|p2|Aerodactyl, F|item\n|poke|p2|Gigalith, M|item\n|teampreview\n|\n|start\n|switch|p1a: Shaymin|Shaymin-Sky|100\/100\n|switch|p1b: Landorus|Landorus-Therian, M|100\/100\n|switch|p2a: Rodan|Aerodactyl, F|100\/100\n|switch|p2b: Rock Sugar|Diancie|100\/100\n|-ability|p2a: Rodan|Unnerve|p1: Haitun Testing 2\n|-ability|p1b: Landorus|Intimidate|boost\n|-unboost|p2a: Rodan|atk|1\n|-fail|p2b: Rock Sugar|unboost|[from] ability: Clear Body|[of] p2b: Rock Sugar\n|turn|1\n|inactive|Battle timer is ON: inactive players will automatically lose when time's up. (requested by Haitun Testing 2)\n|\n|switch|p1a: Scrafty|Scrafty, F|100\/100\n|-ability|p1a: Scrafty|Intimidate|boost\n|-unboost|p2a: Rodan|atk|1\n|-fail|p2b: Rock Sugar|unboost|[from] ability: Clear Body|[of] p2b: Rock Sugar\n|detailschange|p2a: Rodan|Aerodactyl-Mega, F\n|-mega|p2a: Rodan|Aerodactyl|Aerodactylite\n|move|p2a: Rodan|Sky Drop||[still]\n|-prepare|p2a: Rodan|Sky Drop|p1a: Scrafty\n|move|p1b: Landorus|Earth Power|p2b: Rock Sugar\n|-supereffective|p2b: Rock Sugar\n|-damage|p2b: Rock Sugar|52\/100\n|move|p2b: Rock Sugar|Trick Room|p2b: Rock Sugar\n|-fieldstart|move: Trick Room|[of] p2b: Rock Sugar\n|\n|-heal|p2b: Rock Sugar|59\/100|[from] item: Leftovers\n|upkeep\n|turn|2\n|\n|move|p2b: Rock Sugar|Diamond Storm|p1a: Scrafty|[spread] p1b\n|-miss|p2b: Rock Sugar|p1a: Scrafty\n|-damage|p1b: Landorus|77\/100\n|move|p1b: Landorus|Earth Power|p2b: Rock Sugar\n|-supereffective|p2b: Rock Sugar\n|-damage|p2b: Rock Sugar|11\/100\n|move|p2a: Rodan|Sky Drop|p1a: Scrafty|[from]lockedmove\n|-supereffective|p1a: Scrafty\n|-damage|p1a: Scrafty|63\/100\n|-end|p1a: Scrafty|Sky Drop\n|\n|-heal|p2b: Rock Sugar|17\/100|[from] item: Leftovers\n|upkeep\n|turn|3\n|\n|switch|p2a: Gorignak|Gigalith, M|100\/100\n|-weather|Sandstorm|[from] ability: Sand Stream|[of] p2a: Gorignak\n|move|p2b: Rock Sugar|Protect|p2b: Rock Sugar\n|-singleturn|p2b: Rock Sugar|Protect\n|move|p1a: Scrafty|Drain Punch|p2b: Rock Sugar\n|-activate|p2b: Rock Sugar|move: Protect\n|move|p1b: Landorus|U-turn|p2a: Gorignak\n|-damage|p2a: Gorignak|86\/100\n|inactive|Haitun Testing 2 has 120 seconds left.\n|\n|switch|p1b: Heatran|Heatran, F|100\/100|[from]move: U-turn\n|\n|-weather|Sandstorm|[upkeep]\n|-damage|p1a: Scrafty|57\/100|[from] Sandstorm\n|-heal|p2b: Rock Sugar|23\/100|[from] item: Leftovers\n|upkeep\n|turn|4\n|\n|switch|p1a: Landorus|Landorus-Therian, M|77\/100\n|-ability|p1a: Landorus|Intimidate|boost\n|-unboost|p2a: Gorignak|atk|1\n|-fail|p2b: Rock Sugar|unboost|[from] ability: Clear Body|[of] p2b: Rock Sugar\n|-zpower|p2a: Gorignak\n|move|p2a: Gorignak|Tectonic Rage|p1b: Heatran|[zeffect]\n|-supereffective|p1b: Heatran\n|-damage|p1b: Heatran|0 fnt\n|faint|p1b: Heatran\n|move|p2b: Rock Sugar|Diamond Storm|p1a: Landorus\n|-crit|p1a: Landorus\n|-damage|p1a: Landorus|30\/100\n|-boost|p2b: Rock Sugar|def|2\n|\n|-weather|Sandstorm|[upkeep]\n|-heal|p2b: Rock Sugar|29\/100|[from] item: Leftovers\n|upkeep\n|inactive|Haitun Testing 2 has 120 seconds left.\n|\n|switch|p1b: Scrafty|Scrafty, F|57\/100\n|-ability|p1b: Scrafty|Intimidate|boost\n|-unboost|p2a: Gorignak|atk|1\n|-fail|p2b: Rock Sugar|unboost|[from] ability: Clear Body|[of] p2b: Rock Sugar\n|turn|5\n|inactive|Haitun Testing 2 has 120 seconds left.\n|\n|switch|p2a: Rodan|Aerodactyl-Mega, F|100\/100\n|move|p2b: Rock Sugar|Protect|p2b: Rock Sugar\n|-singleturn|p2b: Rock Sugar|Protect\n|move|p1b: Scrafty|Fake Out|p2b: Rock Sugar\n|-activate|p2b: Rock Sugar|move: Protect\n|move|p1a: Landorus|Stealth Rock|p2a: Rodan\n|-sidestart|p2: Vin Elder Puck|move: Stealth Rock\n|\n|-weather|Sandstorm|[upkeep]\n|-damage|p1b: Scrafty|51\/100|[from] Sandstorm\n|-heal|p2b: Rock Sugar|36\/100|[from] item: Leftovers\n|-fieldend|move: Trick Room\n|upkeep\n|turn|6\n|inactive|Haitun Testing 2 has 120 seconds left.\n|\n|switch|p1b: Tapu Koko|Tapu Koko|100\/100\n|-fieldstart|move: Electric Terrain|[from] ability: Electric Surge|[of] p1b: Tapu Koko\n|move|p2a: Rodan|Rock Slide|p1a: Landorus|[spread] p1a,p1b\n|-damage|p1a: Landorus|4\/100\n|-damage|p1b: Tapu Koko|62\/100\n|-enditem|p1a: Landorus|Iapapa Berry|[eat]\n|-heal|p1a: Landorus|54\/100|[from] item: Iapapa Berry\n|move|p1a: Landorus|Earth Power|p2b: Rock Sugar\n|-supereffective|p2b: Rock Sugar\n|-damage|p2b: Rock Sugar|2\/100\n|move|p2b: Rock Sugar|Trick Room|p2b: Rock Sugar\n|-fieldstart|move: Trick Room|[of] p2b: Rock Sugar\n|\n|-weather|Sandstorm|[upkeep]\n|-damage|p1b: Tapu Koko|56\/100|[from] Sandstorm\n|-heal|p2b: Rock Sugar|8\/100|[from] item: Leftovers\n|upkeep\n|turn|7\n|inactive|Haitun Testing 2 has 120 seconds left.\n|\n|move|p2b: Rock Sugar|Protect|p2b: Rock Sugar\n|-singleturn|p2b: Rock Sugar|Protect\n|move|p1a: Landorus|U-turn|p2a: Rodan\n|-resisted|p2a: Rodan\n|-damage|p2a: Rodan|88\/100\n|\n|switch|p1a: Scrafty|Scrafty, F|51\/100|[from]move: U-turn\n|-ability|p1a: Scrafty|Intimidate|boost\n|-unboost|p2a: Rodan|atk|1\n|-fail|p2b: Rock Sugar|unboost|[from] ability: Clear Body|[of] p2b: Rock Sugar\n|move|p1b: Tapu Koko|Dazzling Gleam|p2a: Rodan|[spread] p2a\n|-activate|p2b: Rock Sugar|move: Protect\n|-damage|p2a: Rodan|68\/100\n|move|p2a: Rodan|Rock Slide|p1a: Scrafty|[spread] p1a,p1b\n|-resisted|p1a: Scrafty\n|-crit|p1b: Tapu Koko\n|-damage|p1a: Scrafty|42\/100\n|-damage|p1b: Tapu Koko|0 fnt\n|faint|p1b: Tapu Koko\n|\n|-weather|none\n|-heal|p2b: Rock Sugar|15\/100|[from] item: Leftovers\n|upkeep\n|\n|switch|p1b: Landorus|Landorus-Therian, M|54\/100\n|-ability|p1b: Landorus|Intimidate|boost\n|-unboost|p2a: Rodan|atk|1\n|-fail|p2b: Rock Sugar|unboost|[from] ability: Clear Body|[of] p2b: Rock Sugar\n|turn|8\n|inactive|Haitun Testing 2 has 120 seconds left.\n|\n|switch|p2a: Gorignak|Gigalith, M|86\/100\n|-damage|p2a: Gorignak|74\/100|[from] Stealth Rock\n|-weather|Sandstorm|[from] ability: Sand Stream|[of] p2a: Gorignak\n|move|p2b: Rock Sugar|Protect||[still]\n|-fail|p2b: Rock Sugar\n|move|p1a: Scrafty|Drain Punch|p2a: Gorignak\n|-supereffective|p2a: Gorignak\n|-damage|p2a: Gorignak|37\/100\n|-heal|p1a: Scrafty|63\/100|[from] drain|[of] p2a: Gorignak\n|move|p1b: Landorus|Earth Power|p2b: Rock Sugar\n|-supereffective|p2b: Rock Sugar\n|-damage|p2b: Rock Sugar|0 fnt\n|faint|p2b: Rock Sugar\n|\n|-weather|Sandstorm|[upkeep]\n|-damage|p1a: Scrafty|57\/100|[from] Sandstorm\n|upkeep\n|inactive|Vin Elder Puck has 120 seconds left.\n|\n|switch|p2b: Metalblockalypse|Stakataka, shiny|100\/100\n|-damage|p2b: Metalblockalypse|94\/100|[from] Stealth Rock\n|-item|p2b: Metalblockalypse|Air Balloon\n|turn|9\n|\n|move|p2b: Metalblockalypse|Gyro Ball|p1b: Landorus\n|-damage|p1b: Landorus|0 fnt\n|faint|p1b: Landorus\n|-ability|p2b: Metalblockalypse|Beast Boost|boost\n|-boost|p2b: Metalblockalypse|atk|1\n|move|p2a: Gorignak|Heavy Slam|p1a: Scrafty\n|-damage|p1a: Scrafty|15\/100\n|-enditem|p1a: Scrafty|Figy Berry|[eat]\n|-heal|p1a: Scrafty|65\/100|[from] item: Figy Berry\n|move|p1a: Scrafty|Drain Punch|p2b: Metalblockalypse\n|-supereffective|p2b: Metalblockalypse\n|-damage|p2b: Metalblockalypse|34\/100\n|-heal|p1a: Scrafty|94\/100|[from] drain|[of] p2b: Metalblockalypse\n|-enditem|p2b: Metalblockalypse|Air Balloon\n|\n|-weather|Sandstorm|[upkeep]\n|-damage|p1a: Scrafty|88\/100|[from] Sandstorm\n|upkeep\n|\n|switch|p1b: Shaymin|Shaymin-Sky|100\/100\n|turn|10\n|\n|move|p1b: Shaymin|Protect|p1b: Shaymin\n|-singleturn|p1b: Shaymin|Protect\n|move|p2b: Metalblockalypse|Gyro Ball|p1a: Scrafty\n|-damage|p1a: Scrafty|0 fnt\n|faint|p1a: Scrafty\n|-ability|p2b: Metalblockalypse|Beast Boost|boost\n|-boost|p2b: Metalblockalypse|atk|1\n|move|p2a: Gorignak|Stone Edge|p1b: Shaymin\n|-activate|p1b: Shaymin|move: Protect\n|\n|-weather|Sandstorm|[upkeep]\n|-damage|p1b: Shaymin|94\/100|[from] Sandstorm\n|-fieldend|move: Electric Terrain\n|-fieldend|move: Trick Room\n|upkeep\n|\n|switch|p1a: Charizard|Charizard, F|100\/100\n|turn|11\n|\n|switch|p2a: Wooly Willy|Golem-Alola, M|100\/100\n|-damage|p2a: Wooly Willy|88\/100|[from] Stealth Rock\n|-item|p2a: Wooly Willy|Air Balloon\n|detailschange|p1a: Charizard|Charizard-Mega-Y, F\n|-mega|p1a: Charizard|Charizard|Charizardite Y\n|-weather|SunnyDay|[from] ability: Drought|[of] p1a: Charizard\n|move|p2b: Metalblockalypse|Protect|p2b: Metalblockalypse\n|-singleturn|p2b: Metalblockalypse|Protect\n|move|p1b: Shaymin|Tailwind|p1b: Shaymin\n|-sidestart|p1: Haitun Testing 2|move: Tailwind\n|move|p1a: Charizard|Heat Wave|p2a: Wooly Willy|[spread] p2a\n|-activate|p2b: Metalblockalypse|move: Protect\n|-resisted|p2a: Wooly Willy\n|-damage|p2a: Wooly Willy|44\/100\n|-enditem|p2a: Wooly Willy|Air Balloon\n|\n|-weather|SunnyDay|[upkeep]\n|upkeep\n|turn|12\n|inactive|Haitun Testing 2 has 120 seconds left.\n|\n|switch|p2b: Gorignak|Gigalith, M|37\/100\n|-damage|p2b: Gorignak|25\/100|[from] Stealth Rock\n|-weather|Sandstorm|[from] ability: Sand Stream|[of] p2b: Gorignak\n|move|p1b: Shaymin|Seed Flare|p2b: Gorignak\n|-supereffective|p2b: Gorignak\n|-damage|p2b: Gorignak|0 fnt\n|-damage|p1b: Shaymin|84\/100|[from] item: Life Orb\n|faint|p2b: Gorignak\n|move|p1a: Charizard|Solar Beam||[still]\n|-prepare|p1a: Charizard|Solar Beam|p2a: Wooly Willy\n|move|p2a: Wooly Willy|Explosion|p1a: Charizard|[spread] p1a,p1b\n|-supereffective|p1a: Charizard\n|-damage|p1a: Charizard|0 fnt\n|-damage|p1b: Shaymin|0 fnt\n|faint|p2a: Wooly Willy\n|faint|p1a: Charizard\n|faint|p1b: Shaymin\n|\n|win|Vin Elder Puck\n|l|\u2606Haitun Testing 2\n|raw|Haitun Testing 2's rating: 1555 &rarr; <strong>1526<\/strong><br \/>(-29 for losing)\n|raw|Vin Elder Puck's rating: 1371 &rarr; <strong>1401<\/strong><br \/>(+30 for winning)\n","uploadtime":1571347879,"views":32,"p1id":"haituntesting2","p2id":"vinelderpuck","formatid":"gen7doublesou","rating":1401,"private":0,"password":null}