{"id":"gen7ou-1697030632","p1":"Lucians Call","p2":"Philein","format":"gen7ou","log":"|j|\u203dLucians Call\n|j|\u2606Philein\n|t:|1666962070\n|gametype|singles\n|player|p1|Lucians Call|furisodegirl-blue|1807\n|player|p2|Philein|olivia|1746\n|teamsize|p1|6\n|teamsize|p2|6\n|gen|7\n|tier|[Gen 7] OU\n|rated|\n|rule|Sleep Clause Mod: Limit one foe put to sleep\n|rule|Species Clause: Limit one of each Pok\u00e9mon\n|rule|OHKO Clause: OHKO moves are banned\n|rule|Moody Clause: Moody is banned\n|rule|Evasion Items Clause: Evasion items are banned\n|rule|Evasion Moves Clause: Evasion moves are banned\n|rule|Endless Battle Clause: Forcing endless battles is banned\n|rule|HP Percentage Mod: HP is shown in percentages\n|clearpoke\n|poke|p1|Clefable, M|item\n|poke|p1|Scizor, M|item\n|poke|p1|Toxapex, F|item\n|poke|p1|Zapdos|item\n|poke|p1|Blacephalon|item\n|poke|p1|Garchomp, F|item\n|poke|p2|Diancie|item\n|poke|p2|Crawdaunt, M|item\n|poke|p2|Rotom-Wash|item\n|poke|p2|Ferrothorn, M|item\n|poke|p2|Landorus-Therian, M|item\n|poke|p2|Volcarona, M|item\n|teampreview\n|c|\u2606Philein|Hello Ahsan.\n|j| Mr1Key\n|inactive|Battle timer is ON: inactive players will automatically lose when time's up. (requested by Lucians Call)\n|\n|t:|1666962094\n|start\n|switch|p1a: Scizor|Scizor, M|100\/100\n|switch|p2a: Volcarona|Volcarona, M|100\/100\n|turn|1\n|\n|t:|1666962101\n|switch|p2a: Diancie|Diancie|100\/100\n|switch|p1a: Toxapex|Toxapex, F|100\/100\n|\n|upkeep\n|turn|2\n|\n|t:|1666962108\n|detailschange|p2a: Diancie|Diancie-Mega\n|-mega|p2a: Diancie|Diancie|Diancite\n|move|p2a: Diancie|Stealth Rock|p1a: Toxapex\n|-sidestart|p1: Lucians Call|move: Stealth Rock\n|move|p1a: Toxapex|Scald|p2a: Diancie\n|-supereffective|p2a: Diancie\n|-damage|p2a: Diancie|57\/100\n|\n|upkeep\n|turn|3\n|\n|t:|1666962112\n|switch|p2a: Rotom|Rotom-Wash|100\/100\n|move|p1a: Toxapex|Scald|p2a: Rotom\n|-resisted|p2a: Rotom\n|-damage|p2a: Rotom|92\/100\n|-status|p2a: Rotom|brn\n|\n|-heal|p2a: Rotom|99\/100 brn|[from] item: Leftovers\n|-damage|p2a: Rotom|92\/100 brn|[from] brn\n|upkeep\n|turn|4\n|\n|t:|1666962116\n|move|p2a: Rotom|Volt Switch|p1a: Toxapex\n|-supereffective|p1a: Toxapex\n|-damage|p1a: Toxapex|71\/100\n|\n|t:|1666962118\n|switch|p2a: Crawdaunt|Crawdaunt, M|100\/100|[from]move: Volt Switch\n|move|p1a: Toxapex|Toxic Spikes|p2a: Crawdaunt\n|-sidestart|p2: Philein|move: Toxic Spikes\n|\n|-heal|p1a: Toxapex|77\/100|[from] item: Black Sludge\n|upkeep\n|turn|5\n|\n|t:|1666962124\n|switch|p1a: Clefable|Clefable, M|100\/100\n|move|p2a: Crawdaunt|Knock Off|p1a: Clefable\n|-resisted|p1a: Clefable\n|-damage|p1a: Clefable|73\/100\n|\n|upkeep\n|turn|6\n|\n|t:|1666962130\n|switch|p2a: Ferrothorn|Ferrothorn, M|100\/100\n|move|p1a: Clefable|Soft-Boiled|p1a: Clefable\n|-heal|p1a: Clefable|100\/100\n|\n|upkeep\n|turn|7\n|\n|t:|1666962134\n|move|p1a: Clefable|Thunder Wave|p2a: Ferrothorn\n|-status|p2a: Ferrothorn|par\n|cant|p2a: Ferrothorn|par\n|\n|upkeep\n|turn|8\n|\n|t:|1666962137\n|switch|p1a: Scizor|Scizor, M|100\/100\n|-damage|p1a: Scizor|88\/100|[from] Stealth Rock\n|move|p2a: Ferrothorn|Spikes|p1a: Scizor\n|-sidestart|p1: Lucians Call|Spikes\n|\n|upkeep\n|turn|9\n|\n|t:|1666962140\n|detailschange|p1a: Scizor|Scizor-Mega, M\n|-mega|p1a: Scizor|Scizor|Scizorite\n|move|p1a: Scizor|Swords Dance|p1a: Scizor\n|-boost|p1a: Scizor|atk|2\n|move|p2a: Ferrothorn|Spikes|p1a: Scizor\n|-sidestart|p1: Lucians Call|Spikes\n|\n|upkeep\n|turn|10\n|\n|t:|1666962144\n|switch|p2a: Rotom|Rotom-Wash|92\/100 brn\n|move|p1a: Scizor|Swords Dance|p1a: Scizor\n|-boost|p1a: Scizor|atk|2\n|\n|-heal|p2a: Rotom|99\/100 brn|[from] item: Leftovers\n|-damage|p2a: Rotom|92\/100 brn|[from] brn\n|upkeep\n|turn|11\n|\n|t:|1666962147\n|move|p1a: Scizor|Knock Off|p2a: Rotom\n|-damage|p2a: Rotom|13\/100 brn\n|-enditem|p2a: Rotom|Leftovers|[from] move: Knock Off|[of] p1a: Scizor\n|move|p2a: Rotom|Will-O-Wisp|p1a: Scizor\n|-status|p1a: Scizor|brn\n|\n|-damage|p1a: Scizor|82\/100 brn|[from] brn\n|-damage|p2a: Rotom|6\/100 brn|[from] brn\n|upkeep\n|turn|12\n|\n|t:|1666962151\n|move|p1a: Scizor|Knock Off|p2a: Rotom\n|-damage|p2a: Rotom|0 fnt\n|faint|p2a: Rotom\n|\n|-damage|p1a: Scizor|76\/100 brn|[from] brn\n|upkeep\n|\n|t:|1666962154\n|switch|p2a: Volcarona|Volcarona, M|100\/100\n|-status|p2a: Volcarona|psn\n|turn|13\n|\n|t:|1666962163\n|move|p1a: Scizor|Bullet Punch|p2a: Volcarona\n|-resisted|p2a: Volcarona\n|-damage|p2a: Volcarona|81\/100 psn\n|move|p2a: Volcarona|Quiver Dance|p2a: Volcarona\n|-boost|p2a: Volcarona|spa|1\n|-boost|p2a: Volcarona|spd|1\n|-boost|p2a: Volcarona|spe|1\n|\n|-damage|p2a: Volcarona|69\/100 psn|[from] psn\n|-damage|p1a: Scizor|70\/100 brn|[from] brn\n|upkeep\n|turn|14\n|\n|t:|1666962172\n|move|p2a: Volcarona|Quiver Dance|p2a: Volcarona\n|-boost|p2a: Volcarona|spa|1\n|-boost|p2a: Volcarona|spd|1\n|-boost|p2a: Volcarona|spe|1\n|move|p1a: Scizor|Knock Off|p2a: Volcarona\n|-damage|p2a: Volcarona|37\/100 psn\n|\n|-damage|p2a: Volcarona|25\/100 psn|[from] psn\n|-damage|p1a: Scizor|64\/100 brn|[from] brn\n|upkeep\n|turn|15\n|\n|t:|1666962180\n|move|p2a: Volcarona|Roost|p2a: Volcarona\n|-heal|p2a: Volcarona|75\/100 psn\n|-singleturn|p2a: Volcarona|move: Roost\n|move|p1a: Scizor|Knock Off|p2a: Volcarona\n|-damage|p2a: Volcarona|42\/100 psn\n|\n|-damage|p2a: Volcarona|30\/100 psn|[from] psn\n|-damage|p1a: Scizor|57\/100 brn|[from] brn\n|upkeep\n|turn|16\n|\n|t:|1666962183\n|switch|p1a: Toxapex|Toxapex, F|100\/100\n|-damage|p1a: Toxapex|88\/100|[from] Stealth Rock\n|-damage|p1a: Toxapex|72\/100|[from] Spikes\n|move|p2a: Volcarona|Flamethrower|p1a: Toxapex\n|-resisted|p1a: Toxapex\n|-damage|p1a: Toxapex|48\/100\n|\n|-heal|p1a: Toxapex|54\/100|[from] item: Black Sludge\n|-damage|p2a: Volcarona|18\/100 psn|[from] psn\n|upkeep\n|turn|17\n|\n|t:|1666962189\n|-zpower|p2a: Volcarona\n|move|p2a: Volcarona|Savage Spin-Out|p1a: Toxapex|[zeffect]\n|-resisted|p1a: Toxapex\n|-damage|p1a: Toxapex|9\/100\n|move|p1a: Toxapex|Haze|p1a: Toxapex\n|-clearallboost\n|\n|-heal|p1a: Toxapex|16\/100|[from] item: Black Sludge\n|-damage|p2a: Volcarona|5\/100 psn|[from] psn\n|upkeep\n|turn|18\n|\n|t:|1666962202\n|switch|p1a: Garchomp|Garchomp, F|100\/100\n|-damage|p1a: Garchomp|94\/100|[from] Stealth Rock\n|-damage|p1a: Garchomp|78\/100|[from] Spikes\n|move|p2a: Volcarona|Bug Buzz|p1a: Garchomp\n|-damage|p1a: Garchomp|36\/100\n|\n|-damage|p2a: Volcarona|0 fnt|[from] psn\n|faint|p2a: Volcarona\n|upkeep\n|\n|t:|1666962205\n|switch|p2a: Diancie|Diancie-Mega|57\/100\n|-status|p2a: Diancie|psn\n|turn|19\n|\n|t:|1666962213\n|move|p2a: Diancie|Moonblast|p1a: Garchomp\n|-supereffective|p1a: Garchomp\n|-damage|p1a: Garchomp|0 fnt\n|faint|p1a: Garchomp\n|\n|-damage|p2a: Diancie|45\/100 psn|[from] psn\n|upkeep\n|\n|t:|1666962222\n|switch|p1a: Clefable|Clefable, M|100\/100\n|turn|20\n|\n|t:|1666962226\n|move|p2a: Diancie|Moonblast|p1a: Clefable\n|-damage|p1a: Clefable|45\/100\n|move|p1a: Clefable|Moonblast|p2a: Diancie\n|-damage|p2a: Diancie|7\/100 psn\n|\n|-damage|p2a: Diancie|0 fnt|[from] psn\n|faint|p2a: Diancie\n|upkeep\n|\n|t:|1666962228\n|switch|p2a: Crawdaunt|Crawdaunt, M|100\/100\n|-status|p2a: Crawdaunt|psn\n|turn|21\n|\n|t:|1666962236\n|move|p2a: Crawdaunt|Crabhammer|p1a: Clefable\n|-damage|p1a: Clefable|0 fnt\n|faint|p1a: Clefable\n|\n|-damage|p2a: Crawdaunt|88\/100 psn|[from] psn\n|upkeep\n|\n|t:|1666962247\n|switch|p1a: Zapdos|Zapdos|100\/100\n|-damage|p1a: Zapdos|75\/100|[from] Stealth Rock\n|turn|22\n|\n|t:|1666962250\n|switch|p2a: Landorus|Landorus-Therian, M|100\/100\n|-ability|p2a: Landorus|Intimidate|boost\n|-unboost|p1a: Zapdos|atk|1\n|move|p1a: Zapdos|Defog|p2a: Landorus\n|-unboost|p2a: Landorus|evasion|1\n|-sideend|p2: Philein|Toxic Spikes|[from] move: Defog|[of] p1a: Zapdos\n|-sideend|p1: Lucians Call|Spikes|[from] move: Defog|[of] p1a: Zapdos\n|-sideend|p1: Lucians Call|Stealth Rock|[from] move: Defog|[of] p1a: Zapdos\n|\n|upkeep\n|turn|23\n|\n|t:|1666962253\n|move|p2a: Landorus|Stone Edge|p1a: Zapdos\n|-supereffective|p1a: Zapdos\n|-damage|p1a: Zapdos|21\/100\n|move|p1a: Zapdos|Roost|p1a: Zapdos\n|-heal|p1a: Zapdos|71\/100\n|-singleturn|p1a: Zapdos|move: Roost\n|\n|upkeep\n|turn|24\n|-message|Philein forfeited.\n|\n|win|Lucians Call\n|raw|Lucians Call's rating: 1807 &rarr; <strong>1824<\/strong><br \/>(+17 for winning)\n|raw|Philein's rating: 1746 &rarr; <strong>1729<\/strong><br \/>(-17 for losing)\n|l|\u2606Philein\n|l|\u203dLucians Call\n|j|\u2606Philein\n|player|p2|Philein|olivia\n||Ladder isn't responding, score probably updated but might not have (Request timeout).\n","uploadtime":1666962913,"views":32,"p1id":"lucianscall","p2id":"philein","formatid":"gen7ou","rating":1729,"private":0,"password":null}