{"id":"gen7oususpecttest-558352174","p1":"brainbreaker","p2":"Pitaye","format":"gen7oususpecttest","log":"|j|brainbreaker\n|j|Pitaye\n|player|p1|brainbreaker|169\n|player|p2|Pitaye|36\n|gametype|singles\n|gen|7\n|tier|[Gen 7] OU (suspect test)\n|rated\n|seed|7754,27792,8313,15795\n|rule|Sleep Clause Mod: Limit one foe put to sleep\n|rule|Species Clause: Limit one of each Pok\u00e9mon\n|rule|OHKO Clause: OHKO moves are banned\n|rule|Moody Clause: Moody is banned\n|rule|Evasion Moves Clause: Evasion moves are banned\n|rule|Endless Battle Clause: Forcing endless battles is banned\n|rule|HP Percentage Mod: HP is shown in percentages\n|clearpoke\n|poke|p1|Venusaur, F|item\n|poke|p1|Keldeo-Resolute|item\n|poke|p1|Skarmory, F|item\n|poke|p1|Chansey, F|item\n|poke|p1|Heatran, F|item\n|poke|p1|Bisharp, M|item\n|poke|p2|Landorus-Therian, M|item\n|poke|p2|Scizor, M|item\n|poke|p2|Tapu Fini|item\n|poke|p2|Zygarde|item\n|poke|p2|Zapdos|item\n|poke|p2|Ferrothorn, F|item\n|rule|Baton Pass Clause: Limit one Baton Passer, can't pass Spe and other stats simultaneously\n|teampreview\n|c|\u2606Pitaye|not again\n|choice|team 2, team 1, team 3, team 4, team 5, team 6|team 2, team 1, team 3, team 4, team 5, team 6\n|\n|start\n|switch|p1a: Keldeo|Keldeo-Resolute|324\/324\n|switch|p2a: Scizor|Scizor, M|343\/343\n|turn|1\n|j|voltasu\n|choice|move scald|move uturn mega\n|\n|detailschange|p2a: Scizor|Scizor-Mega, M\n|-mega|p2a: Scizor|Scizor|Scizorite\n|move|p1a: Keldeo|Scald|p2a: Scizor\n|-damage|p2a: Scizor|213\/343\n|move|p2a: Scizor|U-turn|p1a: Keldeo\n|-resisted|p1a: Keldeo\n|-damage|p1a: Keldeo|253\/324\n|j|ra'stester\n|choice||switch 3\n|\n|switch|p2a: Tapu Fini|Tapu Fini|343\/343\n|-fieldstart|move: Misty Terrain|[from] ability: Misty Surge|[of] p2a: Tapu Fini\n|\n|-heal|p1a: Keldeo|273\/324|[from] item: Leftovers\n|upkeep\n|turn|2\n|choice|switch 5|switch 4\n|\n|switch|p1a: Heatran|Heatran, F|358\/358\n|switch|p2a: Zygarde|Zygarde|357\/357\n|-ability|p2a: Zygarde|Aura Break\n|\n|upkeep\n|turn|3\n|choice|switch 2|move thousandarrows\n|\n|switch|p1a: Venusaur|Venusaur, F|364\/364\n|move|p2a: Zygarde|Thousand Arrows|p1a: Venusaur\n|-damage|p1a: Venusaur|196\/364\n|\n|upkeep\n|turn|4\n|choice|move synthesis mega|switch 6\n|\n|switch|p2a: Ferrothorn|Ferrothorn, F|352\/352\n|detailschange|p1a: Venusaur|Venusaur-Mega, F\n|-mega|p1a: Venusaur|Venusaur|Venusaurite\n|move|p1a: Venusaur|Synthesis|p1a: Venusaur\n|-heal|p1a: Venusaur|364\/364\n|\n|upkeep\n|turn|5\n|j|Resider\n|choice|switch 2|switch 6\n|\n|switch|p1a: Heatran|Heatran, F|358\/358\n|switch|p2a: Zygarde|Zygarde|357\/357\n|-ability|p2a: Zygarde|Aura Break\n|\n|-fieldend|Misty Terrain\n|upkeep\n|turn|6\n|l|Resider\n|choice|switch 4|move thousandarrows\n|\n|switch|p1a: Chansey|Chansey, F|685\/685\n|move|p2a: Zygarde|Thousand Arrows|p1a: Chansey\n|-damage|p1a: Chansey|384\/685\n|\n|upkeep\n|turn|7\n|choice|move softboiled|switch 4\n|\n|switch|p2a: Tapu Fini|Tapu Fini|343\/343\n|-fieldstart|move: Misty Terrain|[from] ability: Misty Surge|[of] p2a: Tapu Fini\n|move|p1a: Chansey|Soft-Boiled|p1a: Chansey\n|-heal|p1a: Chansey|685\/685\n|\n|upkeep\n|turn|8\n|choice|switch 4|move taunt\n|\n|switch|p1a: Heatran|Heatran, F|358\/358\n|move|p2a: Tapu Fini|Taunt|p1a: Heatran\n|-start|p1a: Heatran|move: Taunt\n|\n|upkeep\n|turn|9\n|choice|move lavaplume|move naturesmadness\n|\n|move|p1a: Heatran|Lava Plume|p2a: Tapu Fini\n|-resisted|p2a: Tapu Fini\n|-damage|p2a: Tapu Fini|297\/343\n|move|p2a: Tapu Fini|Nature's Madness|p1a: Heatran\n|-damage|p1a: Heatran|179\/358\n|\n|-heal|p1a: Heatran|201\/358|[from] item: Leftovers\n|-heal|p2a: Tapu Fini|318\/343|[from] item: Leftovers\n|upkeep\n|turn|10\n|choice|switch 2|move naturesmadness\n|\n|switch|p1a: Venusaur|Venusaur-Mega, F|364\/364\n|move|p2a: Tapu Fini|Nature's Madness|p1a: Venusaur|[miss]\n|-miss|p2a: Tapu Fini|p1a: Venusaur\n|\n|-heal|p2a: Tapu Fini|339\/343|[from] item: Leftovers\n|upkeep\n|turn|11\n|choice|switch 2|switch 6\n|\n|switch|p2a: Ferrothorn|Ferrothorn, F|352\/352\n|switch|p1a: Heatran|Heatran, F|201\/358\n|\n|-heal|p1a: Heatran|223\/358|[from] item: Leftovers\n|-fieldend|Misty Terrain\n|upkeep\n|turn|12\n|choice|move toxic|switch 4\n|\n|switch|p2a: Zygarde|Zygarde|357\/357\n|-ability|p2a: Zygarde|Aura Break\n|move|p1a: Heatran|Toxic|p2a: Zygarde\n|-status|p2a: Zygarde|tox\n|\n|-heal|p1a: Heatran|245\/358|[from] item: Leftovers\n|-damage|p2a: Zygarde|335\/357 tox|[from] psn\n|upkeep\n|turn|13\n|choice|switch 2|move outrage\n|\n|switch|p1a: Venusaur|Venusaur-Mega, F|364\/364\n|move|p2a: Zygarde|Outrage|p1a: Venusaur\n|-crit|p1a: Venusaur\n|-damage|p1a: Venusaur|109\/364\n|\n|-damage|p2a: Zygarde|291\/357 tox|[from] psn\n|upkeep\n|turn|14\n|choice|switch 3|move outrage\n|\n|switch|p1a: Skarmory|Skarmory, F|333\/333\n|move|p2a: Zygarde|Outrage|p1a: Skarmory|[from]lockedmove\n|-resisted|p1a: Skarmory\n|-damage|p1a: Skarmory|241\/333\n|-damage|p2a: Zygarde|232\/357 tox|[from] item: Rocky Helmet|[of] p1a: Skarmory\n|\n|-damage|p2a: Zygarde|166\/357 tox|[from] psn\n|upkeep\n|turn|15\n|choice|move spikes|move outrage\n|\n|move|p2a: Zygarde|Outrage|p1a: Skarmory|[from]lockedmove\n|-resisted|p1a: Skarmory\n|-damage|p1a: Skarmory|145\/333\n|-damage|p2a: Zygarde|107\/357 tox|[from] item: Rocky Helmet|[of] p1a: Skarmory\n|-start|p2a: Zygarde|confusion|[fatigue]\n|move|p1a: Skarmory|Spikes|p2a: Zygarde\n|-sidestart|p2: Pitaye|Spikes\n|\n|-damage|p2a: Zygarde|19\/357 tox|[from] psn\n|upkeep\n|turn|16\n|choice|move roost|switch 5\n|\n|switch|p2a: Zapdos|Zapdos|322\/322\n|-ability|p2a: Zapdos|Pressure\n|move|p1a: Skarmory|Roost|p1a: Skarmory\n|-heal|p1a: Skarmory|312\/333\n|\n|upkeep\n|turn|17\n|choice|switch 4|move voltswitch\n|\n|switch|p1a: Chansey|Chansey, F|685\/685\n|move|p2a: Zapdos|Volt Switch|p1a: Chansey\n|-damage|p1a: Chansey|615\/685\n|choice||switch 6\n|\n|switch|p2a: Tapu Fini|Tapu Fini|339\/343\n|-damage|p2a: Tapu Fini|297\/343|[from] Spikes\n|-fieldstart|move: Misty Terrain|[from] ability: Misty Surge|[of] p2a: Tapu Fini\n|\n|-heal|p2a: Tapu Fini|318\/343|[from] item: Leftovers\n|upkeep\n|turn|18\n|choice|switch 2|switch 2\n|\n|switch|p2a: Meow Meow|Landorus-Therian, M|319\/319\n|-ability|p2a: Meow Meow|Intimidate|boost\n|-unboost|p1a: Chansey|atk|1\n|switch|p1a: Heatran|Heatran, F|245\/358\n|\n|-heal|p1a: Heatran|267\/358|[from] item: Leftovers\n|upkeep\n|turn|19\n|choice|switch 4|move earthquake\n|\n|switch|p1a: Skarmory|Skarmory, F|312\/333\n|move|p2a: Meow Meow|Earthquake|p1a: Skarmory\n|-immune|p1a: Skarmory|[msg]\n|\n|upkeep\n|turn|20\n|choice|move spikes|switch 2\n|\n|switch|p2a: Tapu Fini|Tapu Fini|318\/343\n|-damage|p2a: Tapu Fini|276\/343|[from] Spikes\n|move|p1a: Skarmory|Spikes|p2a: Tapu Fini\n|-sidestart|p2: Pitaye|Spikes\n|\n|-heal|p2a: Tapu Fini|297\/343|[from] item: Leftovers\n|upkeep\n|turn|21\n|choice|switch 6|move taunt\n|\n|switch|p1a: Bisharp|Bisharp, M|333\/333\n|move|p2a: Tapu Fini|Taunt|p1a: Bisharp\n|-start|p1a: Bisharp|move: Taunt\n|\n|-heal|p2a: Tapu Fini|318\/343|[from] item: Leftovers\n|-fieldend|Misty Terrain\n|upkeep\n|turn|22\n|choice|move knockoff|move naturesmadness\n|\n|move|p2a: Tapu Fini|Nature's Madness|p1a: Bisharp\n|-damage|p1a: Bisharp|167\/333\n|move|p1a: Bisharp|Knock Off|p2a: Tapu Fini\n|-resisted|p2a: Tapu Fini\n|-damage|p2a: Tapu Fini|252\/343\n|-enditem|p2a: Tapu Fini|Leftovers|[from] move: Knock Off|[of] p1a: Bisharp\n|\n|-heal|p1a: Bisharp|187\/333|[from] item: Leftovers\n|upkeep\n|turn|23\n|choice|move ironhead|move defog\n|\n|move|p2a: Tapu Fini|Defog|p1a: Bisharp\n|-unboost|p1a: Bisharp|evasion|1\n|-ability|p1a: Bisharp|Defiant|boost\n|-boost|p1a: Bisharp|atk|2\n|-sideend|p2: Pitaye|Spikes|[from] move: Defog|[of] p2a: Tapu Fini\n|move|p1a: Bisharp|Iron Head|p2a: Tapu Fini\n|-damage|p2a: Tapu Fini|41\/343\n|\n|-heal|p1a: Bisharp|207\/333|[from] item: Leftovers\n|-end|p1a: Bisharp|move: Taunt\n|upkeep\n|turn|24\n|choice|move knockoff|move moonblast\n|\n|move|p2a: Tapu Fini|Moonblast|p1a: Bisharp\n|-damage|p1a: Bisharp|57\/333\n|-unboost|p1a: Bisharp|spa|1\n|-ability|p1a: Bisharp|Defiant|boost\n|-boost|p1a: Bisharp|atk|2\n|move|p1a: Bisharp|Knock Off|p2a: Tapu Fini\n|-resisted|p2a: Tapu Fini\n|-damage|p2a: Tapu Fini|0 fnt\n|faint|p2a: Tapu Fini\n|\n|-heal|p1a: Bisharp|77\/333|[from] item: Leftovers\n|upkeep\n|choice||switch 5\n|\n|switch|p2a: Zygarde|Zygarde|19\/357 tox\n|-ability|p2a: Zygarde|Aura Break\n|turn|25\n|choice|switch 6|move extremespeed\n|\n|switch|p1a: Skarmory|Skarmory, F|312\/333\n|move|p2a: Zygarde|Extreme Speed|p1a: Skarmory\n|-resisted|p1a: Skarmory\n|-damage|p1a: Skarmory|272\/333\n|-damage|p2a: Zygarde|0 fnt|[from] item: Rocky Helmet|[of] p1a: Skarmory\n|faint|p2a: Zygarde\n|\n|upkeep\n|choice||switch 6\n|\n|switch|p2a: Zapdos|Zapdos|322\/322\n|-ability|p2a: Zapdos|Pressure\n|turn|26\n|choice|switch 2|move voltswitch\n|\n|switch|p1a: Chansey|Chansey, F|615\/685\n|move|p2a: Zapdos|Volt Switch|p1a: Chansey\n|-damage|p1a: Chansey|539\/685\n|choice||switch 3\n|\n|switch|p2a: Scizor|Scizor-Mega, M|213\/343\n|\n|upkeep\n|turn|27\n|choice|switch 4|move swordsdance\n|\n|switch|p1a: Heatran|Heatran, F|267\/358\n|move|p2a: Scizor|Swords Dance|p2a: Scizor\n|-boost|p2a: Scizor|atk|2\n|\n|-heal|p1a: Heatran|289\/358|[from] item: Leftovers\n|upkeep\n|turn|28\n|c|\u2606Pitaye|gg\n|c|\u2606Pitaye|Venu is too annoying\n|c|\u2606Pitaye|Next time i'll just forfeit\n|-message|Pitaye forfeited.\n|\n|win|brainbreaker\n|l|Pitaye\n|l|ra'stester\n|raw|brainbreaker's rating: 1636 &rarr; <strong>1648<\/strong><br \/>(+12 for winning)\n|raw|Pitaye's rating: 1498 &rarr; <strong>1486<\/strong><br \/>(-12 for losing)","inputlog":null,"uploadtime":1491577262,"views":23,"p1id":"brainbreaker","p2id":"pitaye","formatid":"gen7oususpecttest","rating":1486,"private":0,"password":null}