{"id":"gen7ou-770828188","p1":"TameFlame3","p2":"H4WT \u272f","format":"gen7ou","log":"|j|\u2606TameFlame3\n|j|\u2606H4WT \u272f\n|player|p1|TameFlame3|79\n|player|p2|H4WT \u272f|165\n|teamsize|p1|6\n|teamsize|p2|6\n|gametype|singles\n|gen|7\n|tier|[Gen 7] OU\n|rated|\n|rule|Sleep Clause Mod: Limit one foe put to sleep\n|rule|Species Clause: Limit one of each Pok\u00e9mon\n|rule|OHKO Clause: OHKO moves are banned\n|rule|Moody Clause: Moody is banned\n|rule|Evasion Moves Clause: Evasion moves are banned\n|rule|Endless Battle Clause: Forcing endless battles is banned\n|rule|HP Percentage Mod: HP is shown in percentages\n|clearpoke\n|poke|p1|Pinsir, F|item\n|poke|p1|Landorus-Therian, M|item\n|poke|p1|Tapu Lele|item\n|poke|p1|Greninja, M|item\n|poke|p1|Toxapex, M|item\n|poke|p1|Excadrill, F|item\n|poke|p2|Medicham, F|item\n|poke|p2|Magearna|item\n|poke|p2|Landorus-Therian, M|item\n|poke|p2|Greninja, M|item\n|poke|p2|Hawlucha, M|item\n|poke|p2|Tapu Koko|item\n|teampreview\n|j| Nah you trash \u32db\n|inactive|Battle timer is ON: inactive players will automatically lose when time's up. (requested by TameFlame3)\n|inactive|H4WT \u272f has 135 seconds left.\n|\n|start\n|switch|p1a: Watrika|Tapu Lele|100\/100\n|switch|p2a: Medicham|Medicham, F|100\/100\n|-fieldstart|move: Psychic Terrain|[from] ability: Psychic Surge|[of] p1a: Watrika\n|turn|1\n|\n|switch|p2a: Magearna|Magearna|100\/100\n|move|p1a: Watrika|Moonblast|p2a: Magearna\n|-resisted|p2a: Magearna\n|-damage|p2a: Magearna|88\/100\n|\n|upkeep\n|turn|2\n|\n|switch|p2a: Medicham|Medicham, F|100\/100\n|move|p1a: Watrika|Psyshock|p2a: Medicham\n|-damage|p2a: Medicham|0 fnt\n|faint|p2a: Medicham\n|\n|upkeep\n|\n|switch|p2a: Magearna|Magearna|88\/100\n|turn|3\n|\n|switch|p2a: Greninja|Greninja, M|100\/100\n|move|p1a: Watrika|Psyshock|p2a: Greninja\n|-immune|p2a: Greninja|[msg]\n|\n|upkeep\n|turn|4\n|j| vince011\n|\n|switch|p2a: Magearna|Magearna|88\/100\n|move|p1a: Watrika|Moonblast|p2a: Magearna\n|-resisted|p2a: Magearna\n|-damage|p2a: Magearna|76\/100\n|-unboost|p2a: Magearna|spa|1\n|\n|upkeep\n|turn|5\n|j| DiamondApple1\n|c|\u2606TameFlame3|What are you doing\n|\n|move|p1a: Watrika|Psyshock|p2a: Magearna\n|-resisted|p2a: Magearna\n|-damage|p2a: Magearna|48\/100\n|move|p2a: Magearna|Iron Head|p1a: Watrika\n|-supereffective|p1a: Watrika\n|-damage|p1a: Watrika|29\/100\n|\n|-fieldend|move: Psychic Terrain\n|upkeep\n|turn|6\n|c|\u2606H4WT \u272f|I ask the same to you ?\n|c|\u2606H4WT \u272f|why are you trying to sack this ?\n|inactive|H4WT \u272f has 135 seconds left.\n|\n|switch|p1a: \ud83d\ude02\ud83d\ude02\ud83d\ude02\ud83d\ude02\u2764\ufe0f\u2764\ufe0f\u2764\ufe0f|Toxapex, M|100\/100\n|move|p2a: Magearna|Iron Head|p1a: \ud83d\ude02\ud83d\ude02\ud83d\ude02\ud83d\ude02\u2764\ufe0f\u2764\ufe0f\u2764\ufe0f\n|-resisted|p1a: \ud83d\ude02\ud83d\ude02\ud83d\ude02\ud83d\ude02\u2764\ufe0f\u2764\ufe0f\u2764\ufe0f\n|-damage|p1a: \ud83d\ude02\ud83d\ude02\ud83d\ude02\ud83d\ude02\u2764\ufe0f\u2764\ufe0f\u2764\ufe0f|91\/100\n|\n|-heal|p1a: \ud83d\ude02\ud83d\ude02\ud83d\ude02\ud83d\ude02\u2764\ufe0f\u2764\ufe0f\u2764\ufe0f|97\/100|[from] item: Black Sludge\n|upkeep\n|turn|7\n|c|\u2606TameFlame3|Because\n|c|\u2606H4WT \u272f|u are retarded\n|c| DiamondApple1|xd\n|c|\u2606H4WT \u272f|explainrx\n|c|\u2606TameFlame3|Trading it for mage\n|inactive|TameFlame3 has 135 seconds left.\n|c|\u2606TameFlame3|Is worth it\n|c|\u2606TameFlame3|So gren can sweep\n|inactive|TameFlame3 has 120 seconds left.\n|\n|move|p2a: Magearna|Volt Switch|p1a: \ud83d\ude02\ud83d\ude02\ud83d\ude02\ud83d\ude02\u2764\ufe0f\u2764\ufe0f\u2764\ufe0f\n|-supereffective|p1a: \ud83d\ude02\ud83d\ude02\ud83d\ude02\ud83d\ude02\u2764\ufe0f\u2764\ufe0f\u2764\ufe0f\n|-damage|p1a: \ud83d\ude02\ud83d\ude02\ud83d\ude02\ud83d\ude02\u2764\ufe0f\u2764\ufe0f\u2764\ufe0f|80\/100\n|\n|switch|p2a: Tapu Koko|Tapu Koko|100\/100\n|-fieldstart|move: Electric Terrain|[from] ability: Electric Surge|[of] p2a: Tapu Koko\n|move|p1a: \ud83d\ude02\ud83d\ude02\ud83d\ude02\ud83d\ude02\u2764\ufe0f\u2764\ufe0f\u2764\ufe0f|Toxic Spikes|p2a: Tapu Koko\n|-sidestart|p2: H4WT \u272f|move: Toxic Spikes\n|\n|-heal|p1a: \ud83d\ude02\ud83d\ude02\ud83d\ude02\ud83d\ude02\u2764\ufe0f\u2764\ufe0f\u2764\ufe0f|86\/100|[from] item: Black Sludge\n|upkeep\n|turn|8\n|\n|switch|p1a: Excadrill|Excadrill, F|100\/100\n|-ability|p1a: Excadrill|Mold Breaker\n|move|p2a: Tapu Koko|Defog|p1a: Excadrill\n|-unboost|p1a: Excadrill|evasion|1\n|-sideend|p2: H4WT \u272f|Toxic Spikes|[from] move: Defog|[of] p2a: Tapu Koko\n|\n|upkeep\n|turn|9\n|\n|switch|p2a: Landorus|Landorus-Therian, M|100\/100\n|-ability|p2a: Landorus|Intimidate|boost\n|-unboost|p1a: Excadrill|atk|1\n|move|p1a: Excadrill|Earthquake|p2a: Landorus\n|-immune|p2a: Landorus|[msg]\n|\n|upkeep\n|turn|10\n|\n|switch|p1a: \u24bb\u24ca\u24b8\u24c0|Landorus-Therian, M|100\/100\n|-ability|p1a: \u24bb\u24ca\u24b8\u24c0|Intimidate|boost\n|-unboost|p2a: Landorus|atk|1\n|move|p2a: Landorus|Stealth Rock|p1a: \u24bb\u24ca\u24b8\u24c0\n|-sidestart|p1: TameFlame3|move: Stealth Rock\n|\n|upkeep\n|turn|11\n|\n|switch|p2a: Greninja|Greninja, M|100\/100\n|-zpower|p1a: \u24bb\u24ca\u24b8\u24c0\n|move|p1a: \u24bb\u24ca\u24b8\u24c0|Supersonic Skystrike|p2a: Greninja|[zeffect]\n|-damage|p2a: Greninja|0 fnt\n|faint|p2a: Greninja\n|\n|-fieldend|move: Electric Terrain\n|upkeep\n|\n|switch|p2a: Tapu Koko|Tapu Koko|100\/100\n|-fieldstart|move: Electric Terrain|[from] ability: Electric Surge|[of] p2a: Tapu Koko\n|turn|12\n|\n|move|p2a: Tapu Koko|U-turn|p1a: \u24bb\u24ca\u24b8\u24c0\n|-resisted|p1a: \u24bb\u24ca\u24b8\u24c0\n|-damage|p1a: \u24bb\u24ca\u24b8\u24c0|93\/100\n|\n|switch|p2a: Hawlucha|Hawlucha, M|100\/100\n|-enditem|p2a: Hawlucha|Electric Seed\n|-boost|p2a: Hawlucha|def|1\n|move|p1a: \u24bb\u24ca\u24b8\u24c0|Earthquake|p2a: Hawlucha\n|-immune|p2a: Hawlucha|[msg]\n|\n|upkeep\n|turn|13\n|\n|move|p2a: Hawlucha|Swords Dance|p2a: Hawlucha\n|-boost|p2a: Hawlucha|atk|2\n|move|p1a: \u24bb\u24ca\u24b8\u24c0|Toxic|p2a: Hawlucha\n|-status|p2a: Hawlucha|tox\n|\n|-damage|p2a: Hawlucha|94\/100 tox|[from] psn\n|upkeep\n|turn|14\n|\n|switch|p1a: Watrika|Tapu Lele|29\/100\n|-damage|p1a: Watrika|17\/100|[from] Stealth Rock\n|-fieldstart|move: Psychic Terrain|[from] ability: Psychic Surge|[of] p1a: Watrika\n|move|p2a: Hawlucha|Acrobatics|p1a: Watrika\n|-damage|p1a: Watrika|0 fnt\n|faint|p1a: Watrika\n|\n|-damage|p2a: Hawlucha|82\/100 tox|[from] psn\n|upkeep\n|\n|switch|p1a: \u24bb\u24ca\u24b8\u24c0|Landorus-Therian, M|93\/100\n|-damage|p1a: \u24bb\u24ca\u24b8\u24c0|81\/100|[from] Stealth Rock\n|-ability|p1a: \u24bb\u24ca\u24b8\u24c0|Intimidate|boost\n|-unboost|p2a: Hawlucha|atk|1\n|turn|15\n|\n|switch|p2a: Landorus|Landorus-Therian, M|100\/100\n|-ability|p2a: Landorus|Intimidate|boost\n|-unboost|p1a: \u24bb\u24ca\u24b8\u24c0|atk|1\n|move|p1a: \u24bb\u24ca\u24b8\u24c0|Fly|p2a: Landorus|[still]\n|-prepare|p1a: \u24bb\u24ca\u24b8\u24c0|Fly|p2a: Landorus\n|\n|upkeep\n|turn|16\n|\n|move|p2a: Landorus|Hidden Power|p1a: \u24bb\u24ca\u24b8\u24c0|[miss]\n|-miss|p2a: Landorus|p1a: \u24bb\u24ca\u24b8\u24c0\n|move|p1a: \u24bb\u24ca\u24b8\u24c0|Fly|p2a: Landorus|[from]lockedmove\n|-damage|p2a: Landorus|73\/100\n|\n|upkeep\n|turn|17\n|\n|switch|p1a: \ud83d\ude02\ud83d\ude02\ud83d\ude02\ud83d\ude02\u2764\ufe0f\u2764\ufe0f\u2764\ufe0f|Toxapex, M|100\/100\n|-damage|p1a: \ud83d\ude02\ud83d\ude02\ud83d\ude02\ud83d\ude02\u2764\ufe0f\u2764\ufe0f\u2764\ufe0f|88\/100|[from] Stealth Rock\n|move|p2a: Landorus|Hidden Power|p1a: \ud83d\ude02\ud83d\ude02\ud83d\ude02\ud83d\ude02\u2764\ufe0f\u2764\ufe0f\u2764\ufe0f\n|-resisted|p1a: \ud83d\ude02\ud83d\ude02\ud83d\ude02\ud83d\ude02\u2764\ufe0f\u2764\ufe0f\u2764\ufe0f\n|-damage|p1a: \ud83d\ude02\ud83d\ude02\ud83d\ude02\ud83d\ude02\u2764\ufe0f\u2764\ufe0f\u2764\ufe0f|84\/100\n|\n|-heal|p1a: \ud83d\ude02\ud83d\ude02\ud83d\ude02\ud83d\ude02\u2764\ufe0f\u2764\ufe0f\u2764\ufe0f|90\/100|[from] item: Black Sludge\n|upkeep\n|turn|18\n|\n|switch|p1a: \u24bb\u24ca\u24b8\u24c0|Landorus-Therian, M|81\/100\n|-damage|p1a: \u24bb\u24ca\u24b8\u24c0|68\/100|[from] Stealth Rock\n|-ability|p1a: \u24bb\u24ca\u24b8\u24c0|Intimidate|boost\n|-unboost|p2a: Landorus|atk|1\n|move|p2a: Landorus|U-turn|p1a: \u24bb\u24ca\u24b8\u24c0\n|-resisted|p1a: \u24bb\u24ca\u24b8\u24c0\n|-damage|p1a: \u24bb\u24ca\u24b8\u24c0|60\/100\n|\n|switch|p2a: Hawlucha|Hawlucha, M|82\/100 tox\n|\n|-damage|p2a: Hawlucha|76\/100 tox|[from] psn\n|-fieldend|move: Psychic Terrain\n|upkeep\n|turn|19\n|\n|switch|p2a: Tapu Koko|Tapu Koko|100\/100\n|-fieldstart|move: Electric Terrain|[from] ability: Electric Surge|[of] p2a: Tapu Koko\n|switch|p1a: \ud83d\ude02\ud83d\ude02\ud83d\ude02\ud83d\ude02\u2764\ufe0f\u2764\ufe0f\u2764\ufe0f|Toxapex, M|100\/100\n|-damage|p1a: \ud83d\ude02\ud83d\ude02\ud83d\ude02\ud83d\ude02\u2764\ufe0f\u2764\ufe0f\u2764\ufe0f|88\/100|[from] Stealth Rock\n|\n|-heal|p1a: \ud83d\ude02\ud83d\ude02\ud83d\ude02\ud83d\ude02\u2764\ufe0f\u2764\ufe0f\u2764\ufe0f|94\/100|[from] item: Black Sludge\n|upkeep\n|turn|20\n|\n|switch|p1a: Excadrill|Excadrill, F|100\/100\n|-damage|p1a: Excadrill|97\/100|[from] Stealth Rock\n|-ability|p1a: Excadrill|Mold Breaker\n|move|p2a: Tapu Koko|Thunderbolt|p1a: Excadrill\n|-immune|p1a: Excadrill|[msg]\n|\n|upkeep\n|turn|21\n|\n|switch|p2a: Landorus|Landorus-Therian, M|73\/100\n|-ability|p2a: Landorus|Intimidate|boost\n|-unboost|p1a: Excadrill|atk|1\n|move|p1a: Excadrill|Rapid Spin|p2a: Landorus\n|-damage|p2a: Landorus|69\/100\n|-sideend|p1: TameFlame3|Stealth Rock|[from] move: Rapid Spin|[of] p1a: Excadrill\n|\n|upkeep\n|turn|22\n|\n|switch|p1a: Tameflame|Pinsir, F|100\/100\n|move|p2a: Landorus|Stealth Rock|p1a: Tameflame\n|-sidestart|p1: TameFlame3|move: Stealth Rock\n|\n|upkeep\n|turn|23\n|\n|switch|p2a: Tapu Koko|Tapu Koko|100\/100\n|detailschange|p1a: Tameflame|Pinsir-Mega, F\n|-mega|p1a: Tameflame|Pinsir|Pinsirite\n|move|p1a: Tameflame|Return|p2a: Tapu Koko\n|-resisted|p2a: Tapu Koko\n|-damage|p2a: Tapu Koko|46\/100\n|\n|-fieldend|move: Electric Terrain\n|upkeep\n|turn|24\n|\n|switch|p1a: Excadrill|Excadrill, F|97\/100\n|-damage|p1a: Excadrill|94\/100|[from] Stealth Rock\n|-ability|p1a: Excadrill|Mold Breaker\n|move|p2a: Tapu Koko|Roost|p2a: Tapu Koko\n|-heal|p2a: Tapu Koko|96\/100\n|\n|upkeep\n|turn|25\n|\n|switch|p2a: Landorus|Landorus-Therian, M|69\/100\n|-ability|p2a: Landorus|Intimidate|boost\n|-unboost|p1a: Excadrill|atk|1\n|move|p1a: Excadrill|Rapid Spin|p2a: Landorus\n|-damage|p2a: Landorus|66\/100\n|-sideend|p1: TameFlame3|Stealth Rock|[from] move: Rapid Spin|[of] p1a: Excadrill\n|\n|upkeep\n|turn|26\n|\n|switch|p1a: Tameflame|Pinsir-Mega, F|100\/100\n|move|p2a: Landorus|U-turn|p1a: Tameflame\n|-resisted|p1a: Tameflame\n|-crit|p1a: Tameflame\n|-damage|p1a: Tameflame|83\/100\n|\n|switch|p2a: Tapu Koko|Tapu Koko|96\/100\n|-fieldstart|move: Electric Terrain|[from] ability: Electric Surge|[of] p2a: Tapu Koko\n|\n|upkeep\n|turn|27\n|\n|switch|p1a: Excadrill|Excadrill, F|94\/100\n|-ability|p1a: Excadrill|Mold Breaker\n|move|p2a: Tapu Koko|U-turn|p1a: Excadrill\n|-resisted|p1a: Excadrill\n|-damage|p1a: Excadrill|82\/100\n|\n|switch|p2a: Landorus|Landorus-Therian, M|66\/100\n|-ability|p2a: Landorus|Intimidate|boost\n|-unboost|p1a: Excadrill|atk|1\n|\n|upkeep\n|turn|28\n|\n|switch|p1a: Tameflame|Pinsir-Mega, F|83\/100\n|move|p2a: Landorus|Stealth Rock|p1a: Tameflame\n|-sidestart|p1: TameFlame3|move: Stealth Rock\n|\n|upkeep\n|turn|29\n|\n|move|p1a: Tameflame|Return|p2a: Landorus\n|-damage|p2a: Landorus|13\/100\n|move|p2a: Landorus|U-turn|p1a: Tameflame\n|-resisted|p1a: Tameflame\n|-damage|p1a: Tameflame|72\/100\n|\n|switch|p2a: Tapu Koko|Tapu Koko|96\/100\n|\n|upkeep\n|turn|30\n|\n|switch|p1a: Excadrill|Excadrill, F|82\/100\n|-damage|p1a: Excadrill|79\/100|[from] Stealth Rock\n|-ability|p1a: Excadrill|Mold Breaker\n|move|p2a: Tapu Koko|U-turn|p1a: Excadrill\n|-resisted|p1a: Excadrill\n|-damage|p1a: Excadrill|68\/100\n|\n|switch|p2a: Landorus|Landorus-Therian, M|13\/100\n|-ability|p2a: Landorus|Intimidate|boost\n|-unboost|p1a: Excadrill|atk|1\n|\n|-fieldend|move: Electric Terrain\n|upkeep\n|turn|31\n|\n|move|p1a: Excadrill|Iron Head|p2a: Landorus\n|-damage|p2a: Landorus|0 fnt\n|faint|p2a: Landorus\n|\n|upkeep\n|c|\u2606TameFlame3|Why are you uturning\n|-message|H4WT \u272f forfeited.\n|\n|win|TameFlame3\n|l|\u2606H4WT \u272f\n|c|\u2606TameFlame3|So much\n|raw|TameFlame3's rating: 1818 &rarr; <strong>1835<\/strong><br \/>(+17 for winning)\n|raw|H4WT \u272f's rating: 1773 &rarr; <strong>1755<\/strong><br \/>(-18 for losing)\n|c|\u2606TameFlame3|What does it accomplish\n|c|\u2606TameFlame3|Nothing\n|c|\u2606TameFlame3|Thays what\n","inputlog":null,"uploadtime":1530631983,"views":40,"p1id":"tameflame3","p2id":"h4wt","formatid":"gen7ou","rating":1755,"private":0,"password":null}