{"id":"gen7ou-872890249","p1":"JoeyOwesMeMoney","p2":"Slowkine","format":"gen7ou","log":"|j|\u2606JoeyOwesMeMoney\n|j|\u2606Slowkine\n|player|p1|JoeyOwesMeMoney|169\n|player|p2|Slowkine|50\n|teamsize|p1|6\n|teamsize|p2|6\n|gametype|singles\n|gen|7\n|tier|[Gen 7] OU\n|rated|\n|rule|Sleep Clause Mod: Limit one foe put to sleep\n|rule|Species Clause: Limit one of each Pok\u00e9mon\n|rule|OHKO Clause: OHKO moves are banned\n|rule|Moody Clause: Moody is banned\n|rule|Evasion Moves Clause: Evasion moves are banned\n|rule|Endless Battle Clause: Forcing endless battles is banned\n|rule|HP Percentage Mod: HP is shown in percentages\n|clearpoke\n|poke|p1|Skarmory, F|item\n|poke|p1|Chansey, F|item\n|poke|p1|Magnezone|item\n|poke|p1|Toxapex, M|item\n|poke|p1|Clefable, M|item\n|poke|p1|Sableye, M|item\n|poke|p2|Lopunny, M|item\n|poke|p2|Latios, M|item\n|poke|p2|Tapu Fini|item\n|poke|p2|Tyranitar, F|item\n|poke|p2|Volcarona, M|item\n|poke|p2|Excadrill, M|item\n|teampreview\n|\n|start\n|switch|p1a: Sableye|Sableye, M|100\/100\n|switch|p2a: Tapu Fini|Tapu Fini|100\/100\n|-fieldstart|move: Misty Terrain|[from] ability: Misty Surge|[of] p2a: Tapu Fini\n|turn|1\n|\n|switch|p2a: Tyranitar|Tyranitar, F|100\/100\n|-weather|Sandstorm|[from] ability: Sand Stream|[of] p2a: Tyranitar\n|switch|p1a: Toxapex|Toxapex, M|100\/100\n|\n|-weather|Sandstorm|[upkeep]\n|-damage|p1a: Toxapex|95\/100|[from] Sandstorm\n|-heal|p1a: Toxapex|100\/100|[from] item: Black Sludge\n|upkeep\n|turn|2\n|\n|move|p2a: Tyranitar|Stone Edge|p1a: Toxapex\n|-damage|p1a: Toxapex|54\/100\n|move|p1a: Toxapex|Toxic Spikes|p2a: Tyranitar\n|-sidestart|p2: Slowkine|move: Toxic Spikes\n|\n|-weather|Sandstorm|[upkeep]\n|-damage|p1a: Toxapex|48\/100|[from] Sandstorm\n|-heal|p1a: Toxapex|54\/100|[from] item: Black Sludge\n|upkeep\n|turn|3\n|\n|switch|p2a: Excadrill|Excadrill, M|100\/100\n|move|p1a: Toxapex|Recover|p1a: Toxapex\n|-heal|p1a: Toxapex|100\/100\n|\n|-weather|Sandstorm|[upkeep]\n|-damage|p1a: Toxapex|95\/100|[from] Sandstorm\n|-heal|p1a: Toxapex|100\/100|[from] item: Black Sludge\n|upkeep\n|turn|4\n|\n|switch|p1a: Skarmory|Skarmory, F|100\/100\n|move|p2a: Excadrill|Earthquake|p1a: Skarmory\n|-immune|p1a: Skarmory\n|\n|-weather|Sandstorm|[upkeep]\n|upkeep\n|turn|5\n|\n|move|p2a: Excadrill|Rapid Spin|p1a: Skarmory\n|-resisted|p1a: Skarmory\n|-damage|p1a: Skarmory|98\/100\n|-damage|p2a: Excadrill|84\/100|[from] item: Rocky Helmet|[of] p1a: Skarmory\n|-sideend|p2: Slowkine|Toxic Spikes|[from] move: Rapid Spin|[of] p2a: Excadrill\n|-damage|p2a: Excadrill|74\/100|[from] item: Life Orb\n|move|p1a: Skarmory|Spikes|p2a: Excadrill\n|-sidestart|p2: Slowkine|Spikes\n|\n|-weather|none\n|-fieldend|Misty Terrain\n|upkeep\n|turn|6\n|\n|move|p2a: Excadrill|Earthquake|p1a: Skarmory\n|-immune|p1a: Skarmory\n|move|p1a: Skarmory|Spikes|p2a: Excadrill\n|-sidestart|p2: Slowkine|Spikes\n|\n|upkeep\n|turn|7\n|\n|move|p2a: Excadrill|Stealth Rock|p1a: Skarmory\n|-sidestart|p1: JoeyOwesMeMoney|move: Stealth Rock\n|move|p1a: Skarmory|Spikes|p2a: Excadrill\n|-sidestart|p2: Slowkine|Spikes\n|\n|upkeep\n|turn|8\n|\n|move|p2a: Excadrill|Rapid Spin|p1a: Skarmory\n|-resisted|p1a: Skarmory\n|-damage|p1a: Skarmory|95\/100\n|-damage|p2a: Excadrill|57\/100|[from] item: Rocky Helmet|[of] p1a: Skarmory\n|-sideend|p2: Slowkine|Spikes|[from] move: Rapid Spin|[of] p2a: Excadrill\n|-damage|p2a: Excadrill|47\/100|[from] item: Life Orb\n|move|p1a: Skarmory|Spikes|p2a: Excadrill\n|-sidestart|p2: Slowkine|Spikes\n|\n|upkeep\n|turn|9\n|\n|switch|p2a: Tapu Fini|Tapu Fini|100\/100\n|-damage|p2a: Tapu Fini|88\/100|[from] Spikes\n|-fieldstart|move: Misty Terrain|[from] ability: Misty Surge|[of] p2a: Tapu Fini\n|move|p1a: Skarmory|Spikes|p2a: Tapu Fini\n|-sidestart|p2: Slowkine|Spikes\n|\n|-heal|p2a: Tapu Fini|94\/100|[from] item: Leftovers\n|upkeep\n|turn|10\n|\n|switch|p1a: Toxapex|Toxapex, M|100\/100\n|-damage|p1a: Toxapex|88\/100|[from] Stealth Rock\n|move|p2a: Tapu Fini|Taunt|p1a: Toxapex\n|-start|p1a: Toxapex|move: Taunt\n|\n|-heal|p2a: Tapu Fini|99\/100|[from] item: Leftovers\n|-heal|p1a: Toxapex|94\/100|[from] item: Black Sludge\n|upkeep\n|turn|11\n|\n|move|p2a: Tapu Fini|Nature's Madness|p1a: Toxapex\n|-damage|p1a: Toxapex|47\/100\n|move|p1a: Toxapex|Scald|p2a: Tapu Fini\n|-resisted|p2a: Tapu Fini\n|-damage|p2a: Tapu Fini|94\/100\n|\n|-heal|p2a: Tapu Fini|99\/100|[from] item: Leftovers\n|-heal|p1a: Toxapex|53\/100|[from] item: Black Sludge\n|upkeep\n|turn|12\n|\n|move|p2a: Tapu Fini|Nature's Madness|p1a: Toxapex\n|-damage|p1a: Toxapex|27\/100\n|move|p1a: Toxapex|Scald|p2a: Tapu Fini\n|-resisted|p2a: Tapu Fini\n|-damage|p2a: Tapu Fini|94\/100\n|\n|-heal|p2a: Tapu Fini|100\/100|[from] item: Leftovers\n|-heal|p1a: Toxapex|33\/100|[from] item: Black Sludge\n|-end|p1a: Toxapex|move: Taunt\n|upkeep\n|turn|13\n|\n|move|p2a: Tapu Fini|Taunt|p1a: Toxapex\n|-start|p1a: Toxapex|move: Taunt\n|cant|p1a: Toxapex|move: Taunt|Recover\n|\n|-heal|p1a: Toxapex|39\/100|[from] item: Black Sludge\n|-fieldend|Misty Terrain\n|upkeep\n|turn|14\n|j| ahihcU Sasuke\n|\n|switch|p2a: Excadrill|Excadrill, M|47\/100\n|-damage|p2a: Excadrill|31\/100|[from] Spikes\n|move|p1a: Toxapex|Scald|p2a: Excadrill\n|-supereffective|p2a: Excadrill\n|-damage|p2a: Excadrill|0 fnt\n|faint|p2a: Excadrill\n|\n|-heal|p1a: Toxapex|45\/100|[from] item: Black Sludge\n|upkeep\n|\n|switch|p2a: Volcarona|Volcarona, M|100\/100\n|-damage|p2a: Volcarona|84\/100|[from] Spikes\n|turn|15\n|\n|switch|p1a: Chansey|Chansey, F|100\/100\n|-damage|p1a: Chansey|88\/100|[from] Stealth Rock\n|move|p2a: Volcarona|Quiver Dance|p2a: Volcarona\n|-boost|p2a: Volcarona|spa|1\n|-boost|p2a: Volcarona|spd|1\n|-boost|p2a: Volcarona|spe|1\n|\n|upkeep\n|turn|16\n|\n|move|p2a: Volcarona|Fiery Dance|p1a: Chansey\n|-damage|p1a: Chansey|68\/100\n|move|p1a: Chansey|Toxic|p2a: Volcarona\n|-status|p2a: Volcarona|tox\n|\n|-damage|p2a: Volcarona|78\/100 tox|[from] psn\n|upkeep\n|turn|17\n|\n|move|p2a: Volcarona|Fiery Dance|p1a: Chansey\n|-damage|p1a: Chansey|49\/100\n|move|p1a: Chansey|Soft-Boiled|p1a: Chansey\n|-heal|p1a: Chansey|99\/100\n|\n|-damage|p2a: Volcarona|66\/100 tox|[from] psn\n|upkeep\n|turn|18\n|\n|move|p2a: Volcarona|Fiery Dance|p1a: Chansey\n|-damage|p1a: Chansey|80\/100\n|-boost|p2a: Volcarona|spa|1\n|move|p1a: Chansey|Stealth Rock|p2a: Volcarona\n|-sidestart|p2: Slowkine|move: Stealth Rock\n|\n|-damage|p2a: Volcarona|47\/100 tox|[from] psn\n|upkeep\n|turn|19\n|\n|move|p2a: Volcarona|Fiery Dance|p1a: Chansey\n|-damage|p1a: Chansey|53\/100\n|move|p1a: Chansey|Soft-Boiled|p1a: Chansey\n|-heal|p1a: Chansey|100\/100\n|\n|-damage|p2a: Volcarona|23\/100 tox|[from] psn\n|upkeep\n|turn|20\n|\n|-zpower|p2a: Volcarona\n|move|p2a: Volcarona|Inferno Overdrive|p1a: Chansey|[zeffect]\n|-damage|p1a: Chansey|51\/100\n|move|p1a: Chansey|Soft-Boiled|p1a: Chansey\n|-heal|p1a: Chansey|100\/100\n|\n|-damage|p2a: Volcarona|0 fnt|[from] psn\n|faint|p2a: Volcarona\n|upkeep\n|\n|switch|p2a: Latios|Latios, M|100\/100\n|-damage|p2a: Latios|88\/100|[from] Stealth Rock\n|turn|21\n|\n|move|p2a: Latios|Trick|p1a: Chansey\n|-activate|p2a: Latios|move: Trick|[of] p1a: Chansey\n|-item|p1a: Chansey|Choice Scarf|[from] move: Trick\n|-item|p2a: Latios|Eviolite|[from] move: Trick\n|move|p1a: Chansey|Toxic|p2a: Latios|[miss]\n|-miss|p1a: Chansey|p2a: Latios\n|\n|upkeep\n|turn|22\n|\n|move|p2a: Latios|Defog|p1a: Chansey\n|-unboost|p1a: Chansey|evasion|1\n|-sideend|p1: JoeyOwesMeMoney|Stealth Rock|[from] move: Defog|[of] p2a: Latios\n|-sideend|p2: Slowkine|Spikes|[from] move: Defog|[of] p2a: Latios\n|-sideend|p2: Slowkine|Stealth Rock|[from] move: Defog|[of] p2a: Latios\n|move|p1a: Chansey|Toxic|p2a: Latios\n|-status|p2a: Latios|tox\n|\n|-damage|p2a: Latios|82\/100 tox|[from] psn\n|upkeep\n|turn|23\n|\n|switch|p1a: Sableye|Sableye, M|100\/100\n|move|p2a: Latios|Psychic|p1a: Sableye\n|-immune|p1a: Sableye\n|\n|-damage|p2a: Latios|70\/100 tox|[from] psn\n|upkeep\n|turn|24\n|\n|detailschange|p1a: Sableye|Sableye-Mega, M\n|-mega|p1a: Sableye|Sableye|Sablenite\n|move|p1a: Sableye|Protect|p1a: Sableye\n|-singleturn|p1a: Sableye|Protect\n|move|p2a: Latios|Draco Meteor|p1a: Sableye\n|-activate|p1a: Sableye|move: Protect\n|\n|-damage|p2a: Latios|52\/100 tox|[from] psn\n|upkeep\n|turn|25\n|\n|move|p2a: Latios|Draco Meteor|p1a: Sableye\n|-damage|p1a: Sableye|50\/100\n|-unboost|p2a: Latios|spa|2\n|move|p1a: Sableye|Recover|p1a: Sableye\n|-heal|p1a: Sableye|99\/100\n|\n|-damage|p2a: Latios|28\/100 tox|[from] psn\n|upkeep\n|turn|26\n|\n|switch|p2a: Tapu Fini|Tapu Fini|100\/100\n|-fieldstart|move: Misty Terrain|[from] ability: Misty Surge|[of] p2a: Tapu Fini\n|move|p1a: Sableye|Protect||[still]\n|-fail|p1a: Sableye\n|\n|upkeep\n|turn|27\n|\n|switch|p1a: Toxapex|Toxapex, M|78\/100\n|move|p2a: Tapu Fini|Nature's Madness|p1a: Toxapex|[miss]\n|-miss|p2a: Tapu Fini|p1a: Toxapex\n|\n|-heal|p1a: Toxapex|84\/100|[from] item: Black Sludge\n|upkeep\n|turn|28\n|\n|move|p2a: Tapu Fini|Taunt|p1a: Toxapex\n|-start|p1a: Toxapex|move: Taunt\n|cant|p1a: Toxapex|move: Taunt|Toxic Spikes\n|\n|-heal|p1a: Toxapex|90\/100|[from] item: Black Sludge\n|upkeep\n|turn|29\n|\n|move|p2a: Tapu Fini|Nature's Madness|p1a: Toxapex\n|-damage|p1a: Toxapex|45\/100\n|move|p1a: Toxapex|Scald|p2a: Tapu Fini\n|-resisted|p2a: Tapu Fini\n|-damage|p2a: Tapu Fini|94\/100\n|\n|-heal|p2a: Tapu Fini|100\/100|[from] item: Leftovers\n|-heal|p1a: Toxapex|51\/100|[from] item: Black Sludge\n|upkeep\n|turn|30\n|\n|switch|p2a: Tyranitar|Tyranitar, F|100\/100\n|-weather|Sandstorm|[from] ability: Sand Stream|[of] p2a: Tyranitar\n|move|p1a: Toxapex|Scald|p2a: Tyranitar\n|-supereffective|p2a: Tyranitar\n|-damage|p2a: Tyranitar|79\/100\n|\n|-weather|Sandstorm|[upkeep]\n|-damage|p1a: Toxapex|45\/100|[from] Sandstorm\n|-heal|p1a: Toxapex|51\/100|[from] item: Black Sludge\n|-end|p1a: Toxapex|move: Taunt\n|-fieldend|Misty Terrain\n|upkeep\n|turn|31\n|\n|switch|p1a: Magnezone|Magnezone|100\/100\n|move|p2a: Tyranitar|Earthquake|p1a: Magnezone\n|-supereffective|p1a: Magnezone\n|-damage|p1a: Magnezone|0 fnt\n|faint|p1a: Magnezone\n|\n|-weather|Sandstorm|[upkeep]\n|upkeep\n|\n|switch|p1a: Skarmory|Skarmory, F|95\/100\n|turn|32\n|\n|switch|p2a: Tapu Fini|Tapu Fini|100\/100\n|-fieldstart|move: Misty Terrain|[from] ability: Misty Surge|[of] p2a: Tapu Fini\n|move|p1a: Skarmory|Spikes|p2a: Tapu Fini\n|-sidestart|p2: Slowkine|Spikes\n|\n|-weather|Sandstorm|[upkeep]\n|-damage|p2a: Tapu Fini|94\/100|[from] Sandstorm\n|-heal|p2a: Tapu Fini|100\/100|[from] item: Leftovers\n|upkeep\n|turn|33\n|\n|move|p2a: Tapu Fini|Taunt|p1a: Skarmory\n|-start|p1a: Skarmory|move: Taunt\n|cant|p1a: Skarmory|move: Taunt|Spikes\n|\n|-weather|Sandstorm|[upkeep]\n|-damage|p2a: Tapu Fini|94\/100|[from] Sandstorm\n|-heal|p2a: Tapu Fini|100\/100|[from] item: Leftovers\n|upkeep\n|turn|34\n|\n|switch|p1a: Toxapex|Toxapex, M|85\/100\n|move|p2a: Tapu Fini|Nature's Madness|p1a: Toxapex\n|-damage|p1a: Toxapex|43\/100\n|\n|-weather|none\n|-heal|p1a: Toxapex|49\/100|[from] item: Black Sludge\n|upkeep\n|turn|35\n|\n|switch|p2a: Lopunny|Lopunny, M|100\/100\n|-damage|p2a: Lopunny|88\/100|[from] Spikes\n|switch|p1a: Sableye|Sableye-Mega, M|99\/100\n|\n|upkeep\n|turn|36\n|\n|switch|p1a: Toxapex|Toxapex, M|82\/100\n|detailschange|p2a: Lopunny|Lopunny-Mega, M\n|-mega|p2a: Lopunny|Lopunny|Lopunnite\n|move|p2a: Lopunny|Power-Up Punch|p1a: Toxapex\n|-resisted|p1a: Toxapex\n|-damage|p1a: Toxapex|75\/100\n|-boost|p2a: Lopunny|atk|1\n|\n|-heal|p1a: Toxapex|81\/100|[from] item: Black Sludge\n|-fieldend|Misty Terrain\n|upkeep\n|turn|37\n|\n|move|p2a: Lopunny|Return|p1a: Toxapex\n|-damage|p1a: Toxapex|33\/100\n|move|p1a: Toxapex|Scald|p2a: Lopunny\n|-damage|p2a: Lopunny|68\/100\n|\n|-heal|p1a: Toxapex|39\/100|[from] item: Black Sludge\n|upkeep\n|turn|38\n|inactive|Battle timer is ON: inactive players will automatically lose when time's up. (requested by JoeyOwesMeMoney)\n|inactive|Slowkine has 120 seconds left.\n|inactive|Slowkine has 90 seconds left.\n|inactive|Slowkine has 60 seconds left.\n|inactive|Slowkine has 30 seconds left.\n|inactive|Slowkine has 20 seconds left.\n|inactive|Slowkine has 15 seconds left.\n|inactive|Slowkine has 10 seconds left.\n|inactive|Slowkine has 5 seconds left.\n|-message|Slowkine lost due to inactivity.\n|\n|win|JoeyOwesMeMoney\n|raw|JoeyOwesMeMoney's rating: 1676 &rarr; <strong>1700<\/strong><br \/>(+24 for winning)\n|raw|Slowkine's rating: 1751 &rarr; <strong>1727<\/strong><br \/>(-24 for losing)\n","uploadtime":1552017619,"views":18,"p1id":"joeyowesmemoney","p2id":"slowkine","formatid":"gen7ou","rating":1700,"private":0,"password":null}