{"id":"gen7ou-1400189013","p1":"masak973","p2":"EEEEEvolto\u6df1\u6eba","format":"gen7ou","log":"|j|\u2606masak973\n|j|\u2606EEEEEvolto\u6df1\u6eba\n|t:|1629453950\n|gametype|singles\n|player|p1|masak973|1|1559\n|player|p2|EEEEEvolto\u6df1\u6eba|102|1632\n|teamsize|p1|6\n|teamsize|p2|6\n|gen|7\n|tier|[Gen 7] OU\n|rated|\n|rule|Sleep Clause Mod: Limit one foe put to sleep\n|rule|Species Clause: Limit one of each Pok\u00e9mon\n|rule|OHKO Clause: OHKO moves are banned\n|rule|Moody Clause: Moody is banned\n|rule|Evasion Moves Clause: Evasion moves are banned\n|rule|Endless Battle Clause: Forcing endless battles is banned\n|rule|HP Percentage Mod: HP is shown in percentages\n|clearpoke\n|poke|p1|Kommo-o, F|item\n|poke|p1|Kartana|item\n|poke|p1|Pinsir, M|item\n|poke|p1|Tapu Koko|item\n|poke|p1|Landorus-Therian, M|item\n|poke|p1|Magearna|item\n|poke|p2|Sableye, F|item\n|poke|p2|Hippowdon, F|item\n|poke|p2|Zapdos|item\n|poke|p2|Toxapex, F|item\n|poke|p2|Clefable, F|item\n|poke|p2|Magearna|item\n|teampreview\n|inactive|Battle timer is ON: inactive players will automatically lose when time's up. (requested by EEEEEvolto\u6df1\u6eba)\n|\n|t:|1629453954\n|start\n|switch|p1a: Kommo-o|Kommo-o, F|100\/100\n|switch|p2a: Sableye|Sableye, F|100\/100\n|turn|1\n|\n|t:|1629453959\n|detailschange|p2a: Sableye|Sableye-Mega, F\n|-mega|p2a: Sableye|Sableye|Sablenite\n|move|p1a: Kommo-o|Flamethrower|p2a: Sableye\n|-damage|p2a: Sableye|81\/100\n|move|p2a: Sableye|Will-O-Wisp|p1a: Kommo-o|[miss]\n|-miss|p2a: Sableye|p1a: Kommo-o\n|\n|upkeep\n|turn|2\n|\n|t:|1629453965\n|-zpower|p1a: Kommo-o\n|move|p1a: Kommo-o|Clangorous Soulblaze|p2a: Sableye|[zeffect]\n|-damage|p2a: Sableye|25\/100\n|-boost|p1a: Kommo-o|atk|1\n|-boost|p1a: Kommo-o|def|1\n|-boost|p1a: Kommo-o|spa|1\n|-boost|p1a: Kommo-o|spd|1\n|-boost|p1a: Kommo-o|spe|1\n|move|p2a: Sableye|Recover|p2a: Sableye\n|-heal|p2a: Sableye|75\/100\n|\n|upkeep\n|turn|3\n|\n|t:|1629453968\n|move|p1a: Kommo-o|Clanging Scales|p2a: Sableye\n|-damage|p2a: Sableye|21\/100\n|-unboost|p1a: Kommo-o|def|1\n|move|p2a: Sableye|Will-O-Wisp|p1a: Kommo-o\n|-status|p1a: Kommo-o|brn\n|\n|-damage|p1a: Kommo-o|94\/100 brn|[from] brn\n|upkeep\n|turn|4\n|\n|t:|1629453973\n|switch|p2a: Clefable|Clefable, F|100\/100\n|move|p1a: Kommo-o|Flamethrower|p2a: Clefable\n|-damage|p2a: Clefable|76\/100\n|\n|-heal|p2a: Clefable|82\/100|[from] item: Leftovers\n|-damage|p1a: Kommo-o|88\/100 brn|[from] brn\n|upkeep\n|turn|5\n|\n|t:|1629453977\n|move|p1a: Kommo-o|Stealth Rock|p2a: Clefable\n|-sidestart|p2: EEEEEvolto\u6df1\u6eba|move: Stealth Rock\n|move|p2a: Clefable|Wish|p2a: Clefable\n|\n|-heal|p2a: Clefable|89\/100|[from] item: Leftovers\n|-damage|p1a: Kommo-o|82\/100 brn|[from] brn\n|upkeep\n|turn|6\n|\n|t:|1629453980\n|switch|p1a: Magearna|Magearna|100\/100\n|move|p2a: Clefable|Moonblast|p1a: Magearna\n|-resisted|p1a: Magearna\n|-damage|p1a: Magearna|94\/100\n|\n|-heal|p2a: Clefable|100\/100|[from] move: Wish|[wisher] Clefable\n|upkeep\n|turn|7\n|\n|t:|1629453984\n|switch|p2a: Hippowdon|Hippowdon, F|100\/100\n|-damage|p2a: Hippowdon|94\/100|[from] Stealth Rock\n|-weather|Sandstorm|[from] ability: Sand Stream|[of] p2a: Hippowdon\n|move|p1a: Magearna|Flash Cannon|p2a: Hippowdon\n|-damage|p2a: Hippowdon|66\/100\n|\n|-weather|Sandstorm|[upkeep]\n|-heal|p2a: Hippowdon|72\/100|[from] item: Leftovers\n|upkeep\n|turn|8\n|\n|t:|1629453988\n|move|p1a: Magearna|Energy Ball|p2a: Hippowdon\n|-supereffective|p2a: Hippowdon\n|-damage|p2a: Hippowdon|27\/100\n|move|p2a: Hippowdon|Stealth Rock|p1a: Magearna\n|-sidestart|p1: masak973|move: Stealth Rock\n|\n|-weather|Sandstorm|[upkeep]\n|-heal|p2a: Hippowdon|33\/100|[from] item: Leftovers\n|upkeep\n|turn|9\n|\n|t:|1629453992\n|switch|p2a: Magearna|Magearna|100\/100\n|-damage|p2a: Magearna|94\/100|[from] Stealth Rock\n|move|p1a: Magearna|Energy Ball|p2a: Magearna\n|-resisted|p2a: Magearna\n|-damage|p2a: Magearna|84\/100\n|\n|-weather|Sandstorm|[upkeep]\n|upkeep\n|turn|10\n|\n|t:|1629453995\n|move|p2a: Magearna|Calm Mind|p2a: Magearna\n|-boost|p2a: Magearna|spa|1\n|-boost|p2a: Magearna|spd|1\n|move|p1a: Magearna|Flash Cannon|p2a: Magearna\n|-damage|p2a: Magearna|63\/100\n|\n|-weather|Sandstorm|[upkeep]\n|upkeep\n|turn|11\n|\n|t:|1629454000\n|-zpower|p2a: Magearna\n|move|p2a: Magearna|Twinkle Tackle|p1a: Magearna|[zeffect]\n|-resisted|p1a: Magearna\n|-damage|p1a: Magearna|69\/100\n|move|p1a: Magearna|Flash Cannon|p2a: Magearna\n|-damage|p2a: Magearna|42\/100\n|\n|-weather|none\n|upkeep\n|turn|12\n|\n|t:|1629454003\n|move|p2a: Magearna|Calm Mind|p2a: Magearna\n|-boost|p2a: Magearna|spa|1\n|-boost|p2a: Magearna|spd|1\n|move|p1a: Magearna|Flash Cannon|p2a: Magearna\n|-damage|p2a: Magearna|28\/100\n|\n|upkeep\n|turn|13\n|\n|t:|1629454006\n|move|p2a: Magearna|Calm Mind|p2a: Magearna\n|-boost|p2a: Magearna|spa|1\n|-boost|p2a: Magearna|spd|1\n|move|p1a: Magearna|Flash Cannon|p2a: Magearna\n|-damage|p2a: Magearna|17\/100\n|\n|upkeep\n|turn|14\n|\n|t:|1629454009\n|move|p2a: Magearna|Pain Split|p1a: Magearna\n|-sethp|p1a: Magearna|43\/100|[from] move: Pain Split|[silent]\n|-sethp|p2a: Magearna|43\/100|[from] move: Pain Split\n|move|p1a: Magearna|Flash Cannon|p2a: Magearna\n|-damage|p2a: Magearna|32\/100\n|\n|upkeep\n|turn|15\n|\n|t:|1629454012\n|move|p2a: Magearna|Calm Mind|p2a: Magearna\n|-boost|p2a: Magearna|spa|1\n|-boost|p2a: Magearna|spd|1\n|move|p1a: Magearna|Flash Cannon|p2a: Magearna\n|-damage|p2a: Magearna|22\/100\n|-unboost|p2a: Magearna|spd|1\n|\n|upkeep\n|turn|16\n|\n|t:|1629454018\n|move|p2a: Magearna|Calm Mind|p2a: Magearna\n|-boost|p2a: Magearna|spa|1\n|-boost|p2a: Magearna|spd|1\n|move|p1a: Magearna|Flash Cannon|p2a: Magearna\n|-damage|p2a: Magearna|12\/100\n|\n|upkeep\n|turn|17\n|\n|t:|1629454022\n|move|p2a: Magearna|Pain Split|p1a: Magearna\n|-sethp|p1a: Magearna|27\/100|[from] move: Pain Split|[silent]\n|-sethp|p2a: Magearna|27\/100|[from] move: Pain Split\n|move|p1a: Magearna|Flash Cannon|p2a: Magearna\n|-damage|p2a: Magearna|17\/100\n|\n|upkeep\n|turn|18\n|\n|t:|1629454024\n|move|p2a: Magearna|Fleur Cannon|p1a: Magearna\n|-resisted|p1a: Magearna\n|-damage|p1a: Magearna|0 fnt\n|-unboost|p2a: Magearna|spa|2\n|faint|p1a: Magearna\n|-ability|p2a: Magearna|Soul-Heart|boost\n|-boost|p2a: Magearna|spa|1\n|\n|upkeep\n|\n|t:|1629454028\n|switch|p1a: Kartana|Kartana|100\/100\n|-damage|p1a: Kartana|94\/100|[from] Stealth Rock\n|turn|19\n|\n|t:|1629454032\n|switch|p2a: Zapdos|Zapdos|100\/100\n|-damage|p2a: Zapdos|76\/100|[from] Stealth Rock\n|-ability|p2a: Zapdos|Pressure\n|move|p1a: Kartana|Knock Off|p2a: Zapdos\n|-damage|p2a: Zapdos|25\/100\n|-enditem|p2a: Zapdos|Leftovers|[from] move: Knock Off|[of] p1a: Kartana\n|\n|upkeep\n|turn|20\n|\n|t:|1629454039\n|move|p1a: Kartana|Knock Off|p2a: Zapdos\n|-damage|p2a: Zapdos|0 fnt\n|faint|p2a: Zapdos\n|-ability|p1a: Kartana|Beast Boost|boost\n|-boost|p1a: Kartana|atk|1\n|\n|upkeep\n|-message|EEEEEvolto\u6df1\u6eba forfeited.\n|\n|win|masak973\n|raw|masak973's rating: 1559 &rarr; <strong>1583<\/strong><br \/>(+24 for winning)\n|raw|EEEEEvolto\u6df1\u6eba's rating: 1632 &rarr; <strong>1608<\/strong><br \/>(-24 for losing)\n|l|\u2606EEEEEvolto\u6df1\u6eba\n|j|\u2606EEEEEvolto\u6df1\u6eba\n|player|p2|EEEEEvolto\u6df1\u6eba|102\n|inactive|Battle timer is ON: inactive players will automatically lose when time's up. (requested by EEEEEvolto\u6df1\u6eba)\n","uploadtime":1629454464,"views":7,"p1id":"masak973","p2id":"eeeeevolto","formatid":"gen7ou","rating":1583,"private":0,"password":null}