{"id":"gen7ou-930687363","p1":"bigtool06","p2":"HQSFun","format":"gen7ou","log":"|j|\u2606bigtool06\n|j|\u2606HQSFun\n|player|p1|bigtool06|1\n|player|p2|HQSFun|260\n|teamsize|p1|6\n|teamsize|p2|6\n|gametype|singles\n|gen|7\n|tier|[Gen 7] OU\n|rated|\n|rule|Sleep Clause Mod: Limit one foe put to sleep\n|rule|Species Clause: Limit one of each Pok\u00e9mon\n|rule|OHKO Clause: OHKO moves are banned\n|rule|Moody Clause: Moody is banned\n|rule|Evasion Moves Clause: Evasion moves are banned\n|rule|Endless Battle Clause: Forcing endless battles is banned\n|rule|HP Percentage Mod: HP is shown in percentages\n|clearpoke\n|poke|p1|Landorus-Therian, M|item\n|poke|p1|Gallade, M|item\n|poke|p1|Rotom-Wash|item\n|poke|p1|Magearna|item\n|poke|p1|Zapdos|item\n|poke|p1|Kartana|item\n|poke|p2|Salazzle, F|item\n|poke|p2|Suicune|item\n|poke|p2|Landorus-Therian, M|item\n|poke|p2|Latias, F|item\n|poke|p2|Ferrothorn, F|item\n|poke|p2|Kartana|item\n|teampreview\n|\n|start\n|switch|p1a: Landorus|Landorus-Therian, M|319\/319\n|switch|p2a: Landorus|Landorus-Therian, M|351\/351\n|-ability|p1a: Landorus|Intimidate|boost\n|-unboost|p2a: Landorus|atk|1\n|-ability|p2a: Landorus|Intimidate|boost\n|-unboost|p1a: Landorus|atk|1\n|turn|1\n|\n|move|p1a: Landorus|U-turn|p2a: Landorus\n|-resisted|p2a: Landorus\n|-damage|p2a: Landorus|317\/351\n|inactive|Battle timer is ON: inactive players will automatically lose when time's up. (requested by HQSFun)\n|\n|switch|p1a: Zapdos|Zapdos|379\/379\n|move|p2a: Landorus|Stealth Rock|p1a: Zapdos\n|-sidestart|p1: bigtool06|move: Stealth Rock\n|\n|upkeep\n|turn|2\n|\n|switch|p2a: Salazzle|Salazzle, F|339\/339\n|move|p1a: Zapdos|Defog|p2a: Salazzle\n|-unboost|p2a: Salazzle|evasion|1\n|-sideend|p1: bigtool06|Stealth Rock|[from] move: Defog|[of] p1a: Zapdos\n|\n|upkeep\n|turn|3\n|\n|switch|p1a: Landorus|Landorus-Therian, M|319\/319\n|-ability|p1a: Landorus|Intimidate|boost\n|-unboost|p2a: Salazzle|atk|1\n|move|p2a: Salazzle|Toxic|p1a: Landorus\n|-status|p1a: Landorus|tox\n|\n|-damage|p1a: Landorus|300\/319 tox|[from] psn\n|upkeep\n|turn|4\n|\n|switch|p2a: Landorus|Landorus-Therian, M|317\/351\n|-ability|p2a: Landorus|Intimidate|boost\n|-unboost|p1a: Landorus|atk|1\n|move|p1a: Landorus|U-turn|p2a: Landorus\n|-resisted|p2a: Landorus\n|-damage|p2a: Landorus|285\/351\n|\n|switch|p1a: Rotom|Rotom-Wash|293\/293\n|\n|upkeep\n|turn|5\n|\n|switch|p2a: Latias|Latias, F|363\/363\n|move|p1a: Rotom|Volt Switch|p2a: Latias\n|-resisted|p2a: Latias\n|-damage|p2a: Latias|290\/363\n|\n|switch|p1a: Magearna|Magearna|364\/364\n|\n|upkeep\n|turn|6\n|\n|switch|p2a: Salazzle|Salazzle, F|339\/339\n|move|p1a: Magearna|Volt Switch|p2a: Salazzle\n|-damage|p2a: Salazzle|229\/339\n|\n|switch|p1a: Gallade|Gallade, M, shiny|277\/277\n|\n|-heal|p2a: Salazzle|250\/339|[from] item: Black Sludge\n|upkeep\n|turn|7\n|\n|detailschange|p1a: Gallade|Gallade-Mega, M, shiny\n|-mega|p1a: Gallade|Gallade|Galladite\n|move|p2a: Salazzle|Toxic|p1a: Gallade\n|-status|p1a: Gallade|tox\n|move|p1a: Gallade|Zen Headbutt|p2a: Salazzle\n|-supereffective|p2a: Salazzle\n|-damage|p2a: Salazzle|0 fnt\n|faint|p2a: Salazzle\n|\n|-damage|p1a: Gallade|260\/277 tox|[from] psn\n|upkeep\n|\n|switch|p2a: Landorus|Landorus-Therian, M|285\/351\n|-ability|p2a: Landorus|Intimidate|boost\n|-unboost|p1a: Gallade|atk|1\n|turn|8\n|\n|switch|p1a: Zapdos|Zapdos|379\/379\n|move|p2a: Landorus|Stealth Rock|p1a: Zapdos\n|-sidestart|p1: bigtool06|move: Stealth Rock\n|\n|upkeep\n|turn|9\n|\n|move|p2a: Landorus|Smack Down|p1a: Zapdos\n|-supereffective|p1a: Zapdos\n|-damage|p1a: Zapdos|271\/379\n|-start|p1a: Zapdos|Smack Down\n|move|p1a: Zapdos|Defog|p2a: Landorus\n|-unboost|p2a: Landorus|evasion|1\n|-sideend|p1: bigtool06|Stealth Rock|[from] move: Defog|[of] p1a: Zapdos\n|\n|-heal|p1a: Zapdos|294\/379|[from] item: Leftovers\n|upkeep\n|turn|10\n|\n|switch|p1a: Rotom|Rotom-Wash|293\/293\n|move|p2a: Landorus|Smack Down|p1a: Rotom\n|-damage|p1a: Rotom|231\/293\n|-start|p1a: Rotom|Smack Down\n|\n|upkeep\n|turn|11\n|\n|switch|p1a: Zapdos|Zapdos|294\/379\n|move|p2a: Landorus|Stealth Rock|p1a: Zapdos\n|-sidestart|p1: bigtool06|move: Stealth Rock\n|\n|-heal|p1a: Zapdos|317\/379|[from] item: Leftovers\n|upkeep\n|turn|12\n|\n|move|p2a: Landorus|Smack Down|p1a: Zapdos\n|-supereffective|p1a: Zapdos\n|-damage|p1a: Zapdos|209\/379\n|-start|p1a: Zapdos|Smack Down\n|move|p1a: Zapdos|Hidden Power|p2a: Landorus\n|-supereffective|p2a: Landorus\n|-damage|p2a: Landorus|0 fnt\n|faint|p2a: Landorus\n|\n|-heal|p1a: Zapdos|232\/379|[from] item: Leftovers\n|upkeep\n|\n|switch|p2a: Latias|Latias, F|290\/363\n|turn|13\n|\n|detailschange|p2a: Latias|Latias-Mega, F\n|-mega|p2a: Latias|Latias|Latiasite\n|move|p2a: Latias|Ice Beam|p1a: Zapdos\n|-supereffective|p1a: Zapdos\n|-damage|p1a: Zapdos|20\/379\n|move|p1a: Zapdos|Defog|p2a: Latias\n|-unboost|p2a: Latias|evasion|1\n|-sideend|p1: bigtool06|Stealth Rock|[from] move: Defog|[of] p1a: Zapdos\n|\n|-heal|p1a: Zapdos|43\/379|[from] item: Leftovers\n|upkeep\n|turn|14\n|\n|switch|p1a: Magearna|Magearna|364\/364\n|move|p2a: Latias|Surf|p1a: Magearna\n|-damage|p1a: Magearna|322\/364\n|\n|upkeep\n|turn|15\n|\n|switch|p2a: Ferrothorn|Ferrothorn, F|352\/352\n|move|p1a: Magearna|Volt Switch|p2a: Ferrothorn\n|-resisted|p2a: Ferrothorn\n|-damage|p2a: Ferrothorn|331\/352\n|\n|switch|p1a: Zapdos|Zapdos|43\/379\n|\n|-heal|p1a: Zapdos|66\/379|[from] item: Leftovers\n|-heal|p2a: Ferrothorn|352\/352|[from] item: Leftovers\n|upkeep\n|turn|16\n|\n|move|p1a: Zapdos|Roost|p1a: Zapdos\n|-heal|p1a: Zapdos|256\/379\n|-singleturn|p1a: Zapdos|move: Roost\n|move|p2a: Ferrothorn|Leech Seed|p1a: Zapdos\n|-start|p1a: Zapdos|move: Leech Seed\n|\n|-heal|p1a: Zapdos|279\/379|[from] item: Leftovers\n|-damage|p1a: Zapdos|232\/379|[from] Leech Seed|[of] p2a: Ferrothorn\n|upkeep\n|turn|17\n|\n|move|p1a: Zapdos|Roost|p1a: Zapdos\n|-heal|p1a: Zapdos|379\/379\n|-singleturn|p1a: Zapdos|move: Roost\n|move|p2a: Ferrothorn|Spikes|p1a: Zapdos\n|-sidestart|p1: bigtool06|Spikes\n|\n|-damage|p1a: Zapdos|332\/379|[from] Leech Seed|[of] p2a: Ferrothorn\n|upkeep\n|turn|18\n|\n|move|p1a: Zapdos|Volt Switch|p2a: Ferrothorn\n|-resisted|p2a: Ferrothorn\n|-damage|p2a: Ferrothorn|319\/352\n|\n|switch|p1a: Kartana|Kartana, shiny|322\/322\n|-damage|p1a: Kartana|282\/322|[from] Spikes\n|move|p2a: Ferrothorn|Knock Off|p1a: Kartana\n|-damage|p1a: Kartana|239\/322\n|\n|-heal|p2a: Ferrothorn|341\/352|[from] item: Leftovers\n|upkeep\n|turn|19\n|\n|switch|p2a: Latias|Latias-Mega, F|290\/363\n|move|p1a: Kartana|Swords Dance|p1a: Kartana\n|-boost|p1a: Kartana|atk|2\n|\n|upkeep\n|turn|20\n|\n|move|p2a: Latias|Hidden Power|p1a: Kartana\n|-supereffective|p1a: Kartana\n|-damage|p1a: Kartana|0 fnt\n|faint|p1a: Kartana\n|\n|upkeep\n|\n|switch|p1a: Landorus|Landorus-Therian, M|300\/319 tox\n|-ability|p1a: Landorus|Intimidate|boost\n|-unboost|p2a: Latias|atk|1\n|turn|21\n|\n|move|p1a: Landorus|Explosion|p2a: Latias\n|-damage|p2a: Latias|0 fnt\n|faint|p1a: Landorus\n|faint|p2a: Latias\n|\n|upkeep\n|\n|switch|p2a: Suicune|Suicune|404\/404\n|switch|p1a: Gallade|Gallade-Mega, M, shiny|260\/277 tox\n|-damage|p1a: Gallade|226\/277 tox|[from] Spikes\n|-ability|p2a: Suicune|Pressure\n|turn|22\n|\n|switch|p1a: Rotom|Rotom-Wash|231\/293\n|move|p2a: Suicune|Protect||[still]\n|-fail|p2a: Suicune\n|\n|upkeep\n|turn|23\n|\n|move|p2a: Suicune|Substitute|p2a: Suicune\n|-start|p2a: Suicune|Substitute\n|-damage|p2a: Suicune|303\/404\n|move|p1a: Rotom|Trick||[still]\n|-fail|p1a: Rotom\n|\n|-heal|p2a: Suicune|328\/404|[from] item: Leftovers\n|upkeep\n|turn|24\n|\n|switch|p1a: Zapdos|Zapdos|332\/379\n|move|p2a: Suicune|Calm Mind|p2a: Suicune\n|-boost|p2a: Suicune|spa|1\n|-boost|p2a: Suicune|spd|1\n|\n|-heal|p2a: Suicune|353\/404|[from] item: Leftovers\n|-heal|p1a: Zapdos|355\/379|[from] item: Leftovers\n|upkeep\n|turn|25\n|-message|bigtool06 forfeited.\n|\n|win|HQSFun\n|l|\u2606bigtool06\n","uploadtime":1560889034,"views":2,"p1id":"bigtool06","p2id":"hqsfun","formatid":"gen7ou","rating":0,"private":0,"password":null}