{"id":"gen7ou-1544957037","p1":"HQSTest","p2":"Hinatahyugaa","format":"gen7ou","log":"|j|\u2606HQSTest\n|j|\u2606Hinatahyugaa\n|t:|1648979292\n|gametype|singles\n|player|p1|HQSTest|cynthia|1492\n|player|p2|Hinatahyugaa|265|1439\n|teamsize|p1|6\n|teamsize|p2|6\n|gen|7\n|tier|[Gen 7] OU\n|rated|\n|rule|Sleep Clause Mod: Limit one foe put to sleep\n|rule|Species Clause: Limit one of each Pok\u00e9mon\n|rule|OHKO Clause: OHKO moves are banned\n|rule|Moody Clause: Moody is banned\n|rule|Evasion Moves Clause: Evasion moves are banned\n|rule|Endless Battle Clause: Forcing endless battles is banned\n|rule|HP Percentage Mod: HP is shown in percentages\n|clearpoke\n|poke|p1|Mew|item\n|poke|p1|Volcarona, M|item\n|poke|p1|Charizard, M|item\n|poke|p1|Kommo-o, M|item\n|poke|p1|Serperior, F|item\n|poke|p1|Magearna|item\n|poke|p2|Scizor, M|item\n|poke|p2|Alakazam, M|item\n|poke|p2|Garchomp, M|item\n|poke|p2|Dragonite, M|item\n|poke|p2|Conkeldurr, M|item\n|poke|p2|Gengar, F|item\n|teampreview\n|inactive|Battle timer is ON: inactive players will automatically lose when time's up. (requested by HQSTest)\n|\n|t:|1648979301\n|start\n|switch|p1a: Mew|Mew|100\/100\n|switch|p2a: Garchomp|Garchomp, M|100\/100\n|turn|1\n|\n|t:|1648979306\n|move|p2a: Garchomp|Stealth Rock|p1a: Mew\n|-sidestart|p1: HQSTest|move: Stealth Rock\n|move|p1a: Mew|Stealth Rock|p2a: Garchomp\n|-sidestart|p2: Hinatahyugaa|move: Stealth Rock\n|\n|upkeep\n|turn|2\n|\n|t:|1648979311\n|move|p2a: Garchomp|Outrage|p1a: Mew\n|-damage|p1a: Mew|54\/100\n|move|p1a: Mew|Ice Beam|p2a: Garchomp\n|-supereffective|p2a: Garchomp\n|-damage|p2a: Garchomp|9\/100\n|\n|upkeep\n|turn|3\n|\n|t:|1648979318\n|move|p2a: Garchomp|Outrage|p1a: Mew|[from]lockedmove\n|-damage|p1a: Mew|1\/100\n|move|p1a: Mew|Ice Beam|p2a: Garchomp\n|-supereffective|p2a: Garchomp\n|-damage|p2a: Garchomp|0 fnt\n|faint|p2a: Garchomp\n|\n|upkeep\n|\n|t:|1648979331\n|switch|p2a: Alakazam|Alakazam, M|100\/100\n|turn|4\n|\n|t:|1648979339\n|move|p2a: Alakazam|Shadow Ball|p1a: Mew\n|-supereffective|p1a: Mew\n|-damage|p1a: Mew|0 fnt\n|faint|p1a: Mew\n|\n|upkeep\n|\n|t:|1648979353\n|switch|p1a: Serperior|Serperior, F|100\/100\n|-damage|p1a: Serperior|88\/100|[from] Stealth Rock\n|turn|5\n|\n|t:|1648979361\n|detailschange|p2a: Alakazam|Alakazam-Mega, M\n|-mega|p2a: Alakazam|Alakazam|Alakazite\n|-ability|p2a: Alakazam|Contrary|[from] ability: Trace|[of] p1a: Serperior\n|move|p2a: Alakazam|Psychic|p1a: Serperior\n|-damage|p1a: Serperior|31\/100\n|-boost|p1a: Serperior|spd|1\n|move|p1a: Serperior|Glare|p2a: Alakazam\n|-status|p2a: Alakazam|par\n|\n|upkeep\n|turn|6\n|\n|t:|1648979376\n|move|p1a: Serperior|Leaf Storm|p2a: Alakazam\n|-damage|p2a: Alakazam|52\/100 par\n|-boost|p1a: Serperior|spa|2\n|move|p2a: Alakazam|Psychic|p1a: Serperior\n|-damage|p1a: Serperior|0 fnt\n|faint|p1a: Serperior\n|\n|upkeep\n|\n|t:|1648979381\n|switch|p1a: Kommo-o|Kommo-o, M|100\/100\n|-damage|p1a: Kommo-o|94\/100|[from] Stealth Rock\n|turn|7\n|\n|t:|1648979394\n|-zpower|p1a: Kommo-o\n|move|p1a: Kommo-o|Clangorous Soulblaze|p2a: Alakazam|[zeffect]\n|-damage|p2a: Alakazam|0 fnt\n|faint|p2a: Alakazam\n|-boost|p1a: Kommo-o|atk|1\n|-boost|p1a: Kommo-o|def|1\n|-boost|p1a: Kommo-o|spa|1\n|-boost|p1a: Kommo-o|spd|1\n|-boost|p1a: Kommo-o|spe|1\n|\n|upkeep\n|\n|t:|1648979402\n|switch|p2a: Conkeldurr|Conkeldurr, M|100\/100\n|-damage|p2a: Conkeldurr|94\/100|[from] Stealth Rock\n|turn|8\n|\n|t:|1648979407\n|move|p1a: Kommo-o|Flamethrower|p2a: Conkeldurr\n|-damage|p2a: Conkeldurr|42\/100\n|move|p2a: Conkeldurr|Drain Punch|p1a: Kommo-o\n|-damage|p1a: Kommo-o|63\/100\n|-heal|p2a: Conkeldurr|54\/100|[from] drain|[of] p1a: Kommo-o\n|\n|-status|p2a: Conkeldurr|brn|[from] item: Flame Orb\n|upkeep\n|turn|9\n|\n|t:|1648979412\n|move|p1a: Kommo-o|Clanging Scales|p2a: Conkeldurr\n|-damage|p2a: Conkeldurr|0 fnt\n|faint|p2a: Conkeldurr\n|-unboost|p1a: Kommo-o|def|1\n|\n|upkeep\n|\n|t:|1648979417\n|switch|p2a: Scizor|Scizor, M|100\/100\n|-damage|p2a: Scizor|88\/100|[from] Stealth Rock\n|turn|10\n|\n|t:|1648979421\n|move|p2a: Scizor|Bullet Punch|p1a: Kommo-o\n|-damage|p1a: Kommo-o|13\/100\n|move|p1a: Kommo-o|Flamethrower|p2a: Scizor\n|-supereffective|p2a: Scizor\n|-damage|p2a: Scizor|0 fnt\n|faint|p2a: Scizor\n|\n|upkeep\n|\n|t:|1648979425\n|switch|p2a: Gengar|Gengar, F|100\/100\n|-damage|p2a: Gengar|88\/100|[from] Stealth Rock\n|turn|11\n|\n|t:|1648979431\n|move|p2a: Gengar|Shadow Ball|p1a: Kommo-o\n|-immune|p1a: Kommo-o|[from] ability: Bulletproof\n|move|p1a: Kommo-o|Clanging Scales|p2a: Gengar\n|-damage|p2a: Gengar|0 fnt\n|faint|p2a: Gengar\n|-unboost|p1a: Kommo-o|def|1\n|\n|upkeep\n|\n|t:|1648979434\n|switch|p2a: Dragonite|Dragonite, M|100\/100\n|-damage|p2a: Dragonite|76\/100|[from] Stealth Rock\n|turn|12\n|\n|t:|1648979438\n|move|p2a: Dragonite|Extreme Speed|p1a: Kommo-o\n|-damage|p1a: Kommo-o|0 fnt\n|faint|p1a: Kommo-o\n|\n|upkeep\n|\n|t:|1648979444\n|switch|p1a: Magearna|Magearna|100\/100\n|-damage|p1a: Magearna|94\/100|[from] Stealth Rock\n|turn|13\n|\n|t:|1648979449\n|move|p2a: Dragonite|Extreme Speed|p1a: Magearna\n|-resisted|p1a: Magearna\n|-damage|p1a: Magearna|75\/100\n|move|p1a: Magearna|Ice Beam|p2a: Dragonite\n|-supereffective|p2a: Dragonite\n|-damage|p2a: Dragonite|0 fnt\n|faint|p2a: Dragonite\n|\n|win|HQSTest\n|raw|HQSTest's rating: 1492 &rarr; <strong>1509<\/strong><br \/>(+17 for winning)\n|raw|Hinatahyugaa's rating: 1439 &rarr; <strong>1422<\/strong><br \/>(-17 for losing)\n|l|\u2606Hinatahyugaa\n","uploadtime":1648979502,"views":14,"p1id":"hqstest","p2id":"hinatahyugaa","formatid":"gen7ou","rating":1422,"private":0,"password":null}