{"id":"gen7ou-893683943","p1":"orangesss","p2":"Rosalsace","format":"gen7ou","log":"|j|\u2606orangesss\n|j|\u2606Rosalsace\n|player|p1|orangesss|95\n|player|p2|Rosalsace|231\n|teamsize|p1|6\n|teamsize|p2|6\n|gametype|singles\n|gen|7\n|tier|[Gen 7] OU\n|rated|\n|rule|Sleep Clause Mod: Limit one foe put to sleep\n|rule|Species Clause: Limit one of each Pok\u00e9mon\n|rule|OHKO Clause: OHKO moves are banned\n|rule|Moody Clause: Moody is banned\n|rule|Evasion Moves Clause: Evasion moves are banned\n|rule|Endless Battle Clause: Forcing endless battles is banned\n|rule|HP Percentage Mod: HP is shown in percentages\n|clearpoke\n|poke|p1|Charizard, M|item\n|poke|p1|Tapu Bulu|item\n|poke|p1|Heatran, F|item\n|poke|p1|Tornadus-Therian, M|item\n|poke|p1|Tapu Koko|item\n|poke|p1|Blacephalon|item\n|poke|p2|Porygon-Z|item\n|poke|p2|Nihilego|item\n|poke|p2|Landorus-Therian, M|item\n|poke|p2|Tornadus-Therian, M|item\n|poke|p2|Magearna|item\n|poke|p2|Mawile, M|item\n|teampreview\n|inactive|Battle timer is ON: inactive players will automatically lose when time's up. (requested by orangesss)\n|\n|start\n|switch|p1a: Tapu Koko|Tapu Koko|100\/100\n|switch|p2a: Landorus|Landorus-Therian, M|100\/100\n|-fieldstart|move: Electric Terrain|[from] ability: Electric Surge|[of] p1a: Tapu Koko\n|-ability|p2a: Landorus|Intimidate|boost\n|-unboost|p1a: Tapu Koko|atk|1\n|turn|1\n|\n|switch|p2a: Magearna|Magearna|100\/100\n|move|p1a: Tapu Koko|Hidden Power|p2a: Magearna\n|-resisted|p2a: Magearna\n|-damage|p2a: Magearna|97\/100\n|\n|upkeep\n|turn|2\n|\n|move|p1a: Tapu Koko|Volt Switch|p2a: Magearna\n|-damage|p2a: Magearna|80\/100\n|\n|switch|p1a: Heatran|Heatran, F|100\/100\n|move|p2a: Magearna|Volt Switch|p1a: Heatran\n|-damage|p1a: Heatran|74\/100\n|\n|switch|p2a: Landorus|Landorus-Therian, M|100\/100\n|-ability|p2a: Landorus|Intimidate|boost\n|-unboost|p1a: Heatran|atk|1\n|\n|-heal|p1a: Heatran|81\/100|[from] item: Leftovers\n|upkeep\n|turn|3\n|\n|switch|p1a: Tapu Bulu|Tapu Bulu|100\/100\n|-fieldstart|move: Grassy Terrain|[from] ability: Grassy Surge|[of] p1a: Tapu Bulu\n|move|p2a: Landorus|Stealth Rock|p1a: Tapu Bulu\n|-sidestart|p1: orangesss|move: Stealth Rock\n|\n|upkeep\n|turn|4\n|\n|move|p2a: Landorus|U-turn|p1a: Tapu Bulu\n|-damage|p1a: Tapu Bulu|82\/100\n|\n|switch|p2a: Tornadus|Tornadus-Therian, M|100\/100\n|move|p1a: Tapu Bulu|Horn Leech|p2a: Tornadus\n|-resisted|p2a: Tornadus\n|-damage|p2a: Tornadus|76\/100\n|-heal|p1a: Tapu Bulu|95\/100|[from] drain|[of] p2a: Tornadus\n|-damage|p1a: Tapu Bulu|78\/100|[from] item: Rocky Helmet|[of] p2a: Tornadus\n|\n|-heal|p1a: Tapu Bulu|84\/100|[from] item: Leftovers\n|-heal|p1a: Tapu Bulu|91\/100|[from] Grassy Terrain\n|upkeep\n|turn|5\n|\n|switch|p1a: Heatran|Heatran, F|81\/100\n|-damage|p1a: Heatran|68\/100|[from] Stealth Rock\n|move|p2a: Tornadus|U-turn|p1a: Heatran\n|-resisted|p1a: Heatran\n|-damage|p1a: Heatran|65\/100\n|\n|switch|p2a: Landorus|Landorus-Therian, M|100\/100\n|-ability|p2a: Landorus|Intimidate|boost\n|-unboost|p1a: Heatran|atk|1\n|\n|-heal|p1a: Heatran|71\/100|[from] item: Leftovers\n|-heal|p1a: Heatran|77\/100|[from] Grassy Terrain\n|upkeep\n|turn|6\n|\n|switch|p1a: Tornadus|Tornadus-Therian, M|100\/100\n|-damage|p1a: Tornadus|76\/100|[from] Stealth Rock\n|move|p2a: Landorus|Earthquake|p1a: Tornadus\n|-immune|p1a: Tornadus\n|\n|upkeep\n|turn|7\n|\n|move|p1a: Tornadus|U-turn|p2a: Landorus\n|-resisted|p2a: Landorus\n|-damage|p2a: Landorus|95\/100\n|\n|switch|p1a: Heatran|Heatran, F|77\/100\n|-damage|p1a: Heatran|64\/100|[from] Stealth Rock\n|move|p2a: Landorus|Hidden Power|p1a: Heatran\n|-resisted|p1a: Heatran\n|-damage|p1a: Heatran|62\/100\n|\n|-heal|p1a: Heatran|68\/100|[from] item: Leftovers\n|-heal|p1a: Heatran|74\/100|[from] Grassy Terrain\n|-heal|p2a: Landorus|100\/100|[from] item: Leftovers\n|-fieldend|move: Grassy Terrain\n|upkeep\n|turn|8\n|\n|switch|p1a: Tornadus|Tornadus-Therian, M|100\/100\n|-damage|p1a: Tornadus|76\/100|[from] Stealth Rock\n|move|p2a: Landorus|Earthquake|p1a: Tornadus\n|-immune|p1a: Tornadus\n|\n|upkeep\n|turn|9\n|\n|move|p1a: Tornadus|Defog|p2a: Landorus\n|-unboost|p2a: Landorus|evasion|1\n|-sideend|p1: orangesss|Stealth Rock|[from] move: Defog|[of] p1a: Tornadus\n|move|p2a: Landorus|Hidden Power|p1a: Tornadus\n|-supereffective|p1a: Tornadus\n|-damage|p1a: Tornadus|42\/100\n|\n|upkeep\n|turn|10\n|\n|move|p1a: Tornadus|U-turn|p2a: Landorus\n|-resisted|p2a: Landorus\n|-crit|p2a: Landorus\n|-damage|p2a: Landorus|91\/100\n|\n|switch|p1a: Charizard|Charizard, M|100\/100\n|move|p2a: Landorus|Stealth Rock|p1a: Charizard\n|-sidestart|p1: orangesss|move: Stealth Rock\n|\n|-heal|p2a: Landorus|97\/100|[from] item: Leftovers\n|upkeep\n|turn|11\n|\n|switch|p2a: Mawile|Mawile, M|100\/100\n|-ability|p2a: Mawile|Intimidate|boost\n|-unboost|p1a: Charizard|atk|1\n|move|p1a: Charizard|Dragon Dance|p1a: Charizard\n|-boost|p1a: Charizard|atk|1\n|-boost|p1a: Charizard|spe|1\n|\n|upkeep\n|turn|12\n|\n|switch|p2a: Landorus|Landorus-Therian, M|97\/100\n|-ability|p2a: Landorus|Intimidate|boost\n|-unboost|p1a: Charizard|atk|1\n|detailschange|p1a: Charizard|Charizard-Mega-X, M\n|-mega|p1a: Charizard|Charizard|Charizardite X\n|move|p1a: Charizard|Dragon Dance|p1a: Charizard\n|-boost|p1a: Charizard|atk|1\n|-boost|p1a: Charizard|spe|1\n|\n|-heal|p2a: Landorus|100\/100|[from] item: Leftovers\n|upkeep\n|turn|13\n|\n|move|p1a: Charizard|Flare Blitz|p2a: Landorus\n|-damage|p2a: Landorus|33\/100\n|-damage|p1a: Charizard|72\/100|[from] Recoil\n|move|p2a: Landorus|Earthquake|p1a: Charizard\n|-supereffective|p1a: Charizard\n|-damage|p1a: Charizard|0 fnt\n|faint|p1a: Charizard\n|\n|-heal|p2a: Landorus|40\/100|[from] item: Leftovers\n|upkeep\n|\n|switch|p1a: Tapu Koko|Tapu Koko|100\/100\n|-damage|p1a: Tapu Koko|88\/100|[from] Stealth Rock\n|-fieldstart|move: Electric Terrain|[from] ability: Electric Surge|[of] p1a: Tapu Koko\n|turn|14\n|\n|switch|p2a: Magearna|Magearna|80\/100\n|move|p1a: Tapu Koko|Hidden Power|p2a: Magearna\n|-resisted|p2a: Magearna\n|-damage|p2a: Magearna|76\/100\n|\n|upkeep\n|turn|15\n|\n|move|p1a: Tapu Koko|Volt Switch|p2a: Magearna\n|-damage|p2a: Magearna|59\/100\n|\n|switch|p1a: Tapu Bulu|Tapu Bulu|91\/100\n|-damage|p1a: Tapu Bulu|78\/100|[from] Stealth Rock\n|-fieldstart|move: Grassy Terrain|[from] ability: Grassy Surge|[of] p1a: Tapu Bulu\n|move|p2a: Magearna|Volt Switch|p1a: Tapu Bulu\n|-resisted|p1a: Tapu Bulu\n|-damage|p1a: Tapu Bulu|70\/100\n|\n|switch|p2a: Tornadus|Tornadus-Therian, M|100\/100\n|\n|-heal|p1a: Tapu Bulu|77\/100|[from] item: Leftovers\n|-heal|p1a: Tapu Bulu|83\/100|[from] Grassy Terrain\n|upkeep\n|turn|16\n|\n|move|p2a: Tornadus|Hurricane|p1a: Tapu Bulu|[miss]\n|-miss|p2a: Tornadus|p1a: Tapu Bulu\n|move|p1a: Tapu Bulu|Horn Leech|p2a: Tornadus\n|-resisted|p2a: Tornadus\n|-damage|p2a: Tornadus|73\/100\n|-heal|p1a: Tapu Bulu|97\/100|[from] drain|[of] p2a: Tornadus\n|-damage|p1a: Tapu Bulu|80\/100|[from] item: Rocky Helmet|[of] p2a: Tornadus\n|\n|-heal|p1a: Tapu Bulu|87\/100|[from] item: Leftovers\n|-heal|p1a: Tapu Bulu|93\/100|[from] Grassy Terrain\n|upkeep\n|turn|17\n|\n|switch|p1a: Heatran|Heatran, F|74\/100\n|-damage|p1a: Heatran|61\/100|[from] Stealth Rock\n|move|p2a: Tornadus|Hurricane|p1a: Heatran|[miss]\n|-miss|p2a: Tornadus|p1a: Heatran\n|\n|-heal|p1a: Heatran|68\/100|[from] item: Leftovers\n|-heal|p1a: Heatran|74\/100|[from] Grassy Terrain\n|upkeep\n|turn|18\n|\n|move|p2a: Tornadus|Taunt|p1a: Heatran\n|-start|p1a: Heatran|move: Taunt\n|cant|p1a: Heatran|move: Taunt|Stealth Rock\n|\n|-heal|p1a: Heatran|80\/100|[from] item: Leftovers\n|-heal|p1a: Heatran|86\/100|[from] Grassy Terrain\n|upkeep\n|turn|19\n|\n|move|p2a: Tornadus|Hurricane|p1a: Heatran\n|-resisted|p1a: Heatran\n|-damage|p1a: Heatran|68\/100\n|move|p1a: Heatran|Lava Plume|p2a: Tornadus\n|-damage|p2a: Tornadus|34\/100\n|\n|-heal|p1a: Heatran|74\/100|[from] item: Leftovers\n|-heal|p1a: Heatran|80\/100|[from] Grassy Terrain\n|-fieldend|move: Grassy Terrain\n|upkeep\n|turn|20\n|\n|switch|p2a: Nihilego|Nihilego|100\/100\n|move|p1a: Heatran|Lava Plume|p2a: Nihilego\n|-resisted|p2a: Nihilego\n|-damage|p2a: Nihilego|88\/100\n|\n|-heal|p1a: Heatran|86\/100|[from] item: Leftovers\n|-end|p1a: Heatran|move: Taunt\n|upkeep\n|turn|21\n|\n|switch|p2a: Landorus|Landorus-Therian, M|40\/100\n|-ability|p2a: Landorus|Intimidate|boost\n|-unboost|p1a: Heatran|atk|1\n|switch|p1a: Tornadus|Tornadus-Therian, M|75\/100\n|-damage|p1a: Tornadus|51\/100|[from] Stealth Rock\n|\n|-heal|p2a: Landorus|46\/100|[from] item: Leftovers\n|upkeep\n|turn|22\n|\n|switch|p2a: Tornadus|Tornadus-Therian, M|68\/100\n|-zpower|p1a: Tornadus\n|move|p1a: Tornadus|All-Out Pummeling|p2a: Tornadus|[zeffect]\n|-resisted|p2a: Tornadus\n|-damage|p2a: Tornadus|38\/100\n|\n|upkeep\n|turn|23\n|j| you ion\n|\n|move|p1a: Tornadus|Defog|p2a: Tornadus\n|-unboost|p2a: Tornadus|evasion|1\n|-sideend|p1: orangesss|Stealth Rock|[from] move: Defog|[of] p1a: Tornadus\n|move|p2a: Tornadus|Hurricane|p1a: Tornadus\n|-damage|p1a: Tornadus|4\/100\n|\n|upkeep\n|turn|24\n|\n|move|p2a: Tornadus|U-turn|p1a: Tornadus\n|-resisted|p1a: Tornadus\n|-damage|p1a: Tornadus|0 fnt\n|faint|p1a: Tornadus\n|\n|switch|p2a: Landorus|Landorus-Therian, M|46\/100\n|\n|-heal|p2a: Landorus|52\/100|[from] item: Leftovers\n|upkeep\n|\n|switch|p1a: Tapu Koko|Tapu Koko|88\/100\n|-fieldstart|move: Electric Terrain|[from] ability: Electric Surge|[of] p1a: Tapu Koko\n|turn|25\n|\n|switch|p1a: Heatran|Heatran, F|86\/100\n|move|p2a: Landorus|Earthquake|p1a: Heatran\n|-supereffective|p1a: Heatran\n|-damage|p1a: Heatran|0 fnt\n|faint|p1a: Heatran\n|\n|-heal|p2a: Landorus|58\/100|[from] item: Leftovers\n|upkeep\n|\n|switch|p1a: Blacephalon|Blacephalon|100\/100\n|turn|26\n|\n|move|p1a: Blacephalon|Shadow Ball|p2a: Landorus\n|-damage|p2a: Landorus|9\/100\n|move|p2a: Landorus|Earthquake|p1a: Blacephalon\n|-supereffective|p1a: Blacephalon\n|-damage|p1a: Blacephalon|0 fnt\n|faint|p1a: Blacephalon\n|\n|-heal|p2a: Landorus|15\/100|[from] item: Leftovers\n|upkeep\n|-message|orangesss forfeited.\n|\n|win|Rosalsace\n|l|\u2606orangesss\n|raw|orangesss's rating: 1606 &rarr; <strong>1589<\/strong><br \/>(-17 for losing)\n|raw|Rosalsace's rating: 1647 &rarr; <strong>1665<\/strong><br \/>(+18 for winning)\n","uploadtime":1555383694,"views":20,"p1id":"orangesss","p2id":"rosalsace","formatid":"gen7ou","rating":1589,"private":0,"password":null}