{"id":"gen7randombattle-1580805160","p1":"Mad_skilz3","p2":"firepunch917","format":"gen7randombattle","log":"|j|\u2606Mad_skilz3\n|j|\u2606firepunch917\n|t:|1653287162\n|gametype|singles\n|player|p1|Mad_skilz3|101|1923\n|player|p2|firepunch917|265|1771\n|teamsize|p1|6\n|teamsize|p2|6\n|gen|7\n|tier|[Gen 7] Random Battle\n|rated|\n|rule|Sleep Clause Mod: Limit one foe put to sleep\n|rule|HP Percentage Mod: HP is shown in percentages\n|\n|t:|1653287162\n|start\n|switch|p1a: Charizard|Charizard, L80, F|255\/255\n|switch|p2a: Regirock|Regirock, L88|284\/284\n|turn|1\n|inactive|Battle timer is ON: inactive players will automatically lose when time's up. (requested by Mad_skilz3)\n|\n|t:|1653287171\n|switch|p1a: Sudowoodo|Sudowoodo, L88, M|266\/266\n|move|p2a: Regirock|Stone Edge|p1a: Sudowoodo\n|-damage|p1a: Sudowoodo|169\/266\n|\n|-heal|p1a: Sudowoodo|185\/266|[from] item: Leftovers\n|upkeep\n|turn|2\n|\n|t:|1653287177\n|move|p2a: Regirock|Curse|p2a: Regirock\n|-unboost|p2a: Regirock|spe|1\n|-boost|p2a: Regirock|atk|1\n|-boost|p2a: Regirock|def|1\n|move|p1a: Sudowoodo|Toxic|p2a: Regirock|[miss]\n|-miss|p1a: Sudowoodo|p2a: Regirock\n|\n|-heal|p1a: Sudowoodo|201\/266|[from] item: Leftovers\n|upkeep\n|turn|3\n|\n|t:|1653287186\n|move|p1a: Sudowoodo|Toxic|p2a: Regirock\n|-status|p2a: Regirock|tox\n|move|p2a: Regirock|Drain Punch|p1a: Sudowoodo\n|-supereffective|p1a: Sudowoodo\n|-damage|p1a: Sudowoodo|63\/266\n|\n|-heal|p1a: Sudowoodo|79\/266|[from] item: Leftovers\n|-damage|p2a: Regirock|267\/284 tox|[from] psn\n|upkeep\n|turn|4\n|\n|t:|1653287200\n|move|p1a: Sudowoodo|Earthquake|p2a: Regirock\n|-supereffective|p2a: Regirock\n|-damage|p2a: Regirock|211\/284 tox\n|move|p2a: Regirock|Drain Punch|p1a: Sudowoodo\n|-supereffective|p1a: Sudowoodo\n|-damage|p1a: Sudowoodo|0 fnt\n|-heal|p2a: Regirock|251\/284 tox|[from] drain|[of] p1a: Sudowoodo\n|faint|p1a: Sudowoodo\n|\n|-damage|p2a: Regirock|217\/284 tox|[from] psn\n|upkeep\n|\n|t:|1653287203\n|switch|p1a: Clawitzer|Clawitzer, L86, M|262\/262\n|turn|5\n|\n|t:|1653287211\n|switch|p2a: Arceus|Arceus-Flying, L76|307\/307\n|move|p1a: Clawitzer|Aura Sphere|p2a: Arceus\n|-resisted|p2a: Arceus\n|-damage|p2a: Arceus|239\/307\n|\n|upkeep\n|turn|6\n|\n|t:|1653287217\n|switch|p1a: Eelektross|Eelektross, L88, M|293\/293\n|move|p2a: Arceus|Judgment|p1a: Eelektross\n|-resisted|p1a: Eelektross\n|-damage|p1a: Eelektross|252\/293\n|\n|upkeep\n|turn|7\n|\n|t:|1653287221\n|move|p2a: Arceus|Toxic|p1a: Eelektross\n|-status|p1a: Eelektross|tox\n|move|p1a: Eelektross|Knock Off|p2a: Arceus\n|-damage|p2a: Arceus|185\/307\n|\n|-damage|p1a: Eelektross|234\/293 tox|[from] psn\n|upkeep\n|turn|8\n|\n|t:|1653287226\n|move|p2a: Arceus|Recover|p2a: Arceus\n|-heal|p2a: Arceus|307\/307\n|move|p1a: Eelektross|Knock Off|p2a: Arceus\n|-crit|p2a: Arceus\n|-damage|p2a: Arceus|235\/307\n|\n|-damage|p1a: Eelektross|198\/293 tox|[from] psn\n|upkeep\n|turn|9\n|\n|t:|1653287231\n|move|p2a: Arceus|Recover|p2a: Arceus\n|-heal|p2a: Arceus|307\/307\n|move|p1a: Eelektross|Thunderbolt|p2a: Arceus\n|-supereffective|p2a: Arceus\n|-damage|p2a: Arceus|115\/307\n|\n|-damage|p1a: Eelektross|144\/293 tox|[from] psn\n|upkeep\n|turn|10\n|\n|t:|1653287236\n|move|p2a: Arceus|Recover|p2a: Arceus\n|-heal|p2a: Arceus|269\/307\n|move|p1a: Eelektross|Thunderbolt|p2a: Arceus\n|-supereffective|p2a: Arceus\n|-damage|p2a: Arceus|83\/307\n|\n|-damage|p1a: Eelektross|72\/293 tox|[from] psn\n|upkeep\n|turn|11\n|\n|t:|1653287241\n|move|p2a: Arceus|Judgment|p1a: Eelektross\n|-resisted|p1a: Eelektross\n|-damage|p1a: Eelektross|32\/293 tox\n|move|p1a: Eelektross|Thunderbolt|p2a: Arceus\n|-supereffective|p2a: Arceus\n|-damage|p2a: Arceus|0 fnt\n|faint|p2a: Arceus\n|\n|-damage|p1a: Eelektross|0 fnt|[from] psn\n|faint|p1a: Eelektross\n|upkeep\n|\n|t:|1653287247\n|switch|p2a: Mienshao|Mienshao, L84, M|246\/246\n|switch|p1a: Charizard|Charizard, L80, F|255\/255\n|turn|12\n|\n|t:|1653287256\n|switch|p2a: Chandelure|Chandelure, L82, F|233\/233\n|detailschange|p1a: Charizard|Charizard-Mega-Y, L80, F\n|-mega|p1a: Charizard|Charizard|Charizardite Y\n|-weather|SunnyDay|[from] ability: Drought|[of] p1a: Charizard\n|move|p1a: Charizard|Air Slash|p2a: Chandelure\n|-damage|p2a: Chandelure|124\/233\n|\n|-weather|SunnyDay|[upkeep]\n|upkeep\n|turn|13\n|\n|t:|1653287261\n|move|p1a: Charizard|Air Slash|p2a: Chandelure\n|-damage|p2a: Chandelure|6\/233\n|move|p2a: Chandelure|Shadow Ball|p1a: Charizard\n|-damage|p1a: Charizard|142\/255\n|-damage|p2a: Chandelure|0 fnt|[from] item: Life Orb\n|faint|p2a: Chandelure\n|\n|-weather|SunnyDay|[upkeep]\n|upkeep\n|\n|t:|1653287263\n|switch|p2a: Regirock|Regirock, L88|217\/284 tox\n|turn|14\n|\n|t:|1653287266\n|switch|p1a: Clawitzer|Clawitzer, L86, M|262\/262\n|move|p2a: Regirock|Stone Edge|p1a: Clawitzer\n|-damage|p1a: Clawitzer|151\/262\n|\n|-weather|SunnyDay|[upkeep]\n|-damage|p2a: Regirock|200\/284 tox|[from] psn\n|upkeep\n|turn|15\n|\n|t:|1653287272\n|switch|p2a: Buzzwole|Buzzwole, L82|310\/310\n|move|p1a: Clawitzer|Aura Sphere|p2a: Buzzwole\n|-resisted|p2a: Buzzwole\n|-damage|p2a: Buzzwole|200\/310\n|\n|-weather|SunnyDay|[upkeep]\n|upkeep\n|turn|16\n|\n|t:|1653287277\n|move|p2a: Buzzwole|Stone Edge|p1a: Clawitzer\n|-damage|p1a: Clawitzer|13\/262\n|move|p1a: Clawitzer|Aura Sphere|p2a: Buzzwole\n|-resisted|p2a: Buzzwole\n|-damage|p2a: Buzzwole|83\/310\n|\n|-weather|none\n|upkeep\n|turn|17\n|\n|t:|1653287283\n|switch|p1a: Guzzlord|Guzzlord, L88|536\/536\n|move|p2a: Buzzwole|Stone Edge|p1a: Guzzlord\n|-damage|p1a: Guzzlord|366\/536\n|\n|upkeep\n|turn|18\n|\n|t:|1653287287\n|switch|p2a: Mienshao|Mienshao, L84, M|246\/246\n|move|p1a: Guzzlord|Draco Meteor|p2a: Mienshao|[miss]\n|-miss|p1a: Guzzlord|p2a: Mienshao\n|\n|upkeep\n|turn|19\n|\n|t:|1653287294\n|move|p2a: Mienshao|High Jump Kick|p1a: Guzzlord\n|-supereffective|p1a: Guzzlord\n|-damage|p1a: Guzzlord|0 fnt\n|faint|p1a: Guzzlord\n|-damage|p2a: Mienshao|222\/246|[from] item: Life Orb\n|\n|upkeep\n|\n|t:|1653287298\n|switch|p1a: Darkrai|Darkrai, L76|231\/231\n|turn|20\n|\n|t:|1653287300\n|move|p1a: Darkrai|Hypnosis|p2a: Mienshao\n|-status|p2a: Mienshao|slp|[from] move: Hypnosis\n|cant|p2a: Mienshao|slp\n|\n|-damage|p2a: Mienshao|192\/246 slp|[from] ability: Bad Dreams|[of] p1a: Darkrai\n|upkeep\n|turn|21\n|\n|t:|1653287304\n|switch|p2a: Buzzwole|Buzzwole, L82|83\/310\n|move|p1a: Darkrai|Nasty Plot|p1a: Darkrai\n|-boost|p1a: Darkrai|spa|2\n|\n|upkeep\n|turn|22\n|\n|t:|1653287306\n|move|p1a: Darkrai|Dark Pulse|p2a: Buzzwole\n|-resisted|p2a: Buzzwole\n|-damage|p2a: Buzzwole|0 fnt\n|faint|p2a: Buzzwole\n|\n|upkeep\n|\n|t:|1653287309\n|switch|p2a: Vivillon|Vivillon-Continental, L86, F|277\/277\n|turn|23\n|\n|t:|1653287312\n|move|p1a: Darkrai|Dark Pulse|p2a: Vivillon\n|-damage|p2a: Vivillon|4\/277\n|move|p2a: Vivillon|Quiver Dance|p2a: Vivillon\n|-boost|p2a: Vivillon|spa|1\n|-boost|p2a: Vivillon|spd|1\n|-boost|p2a: Vivillon|spe|1\n|\n|-heal|p2a: Vivillon|21\/277|[from] item: Leftovers\n|upkeep\n|turn|24\n|\n|t:|1653287315\n|move|p2a: Vivillon|Sleep Powder|p1a: Darkrai\n|-status|p1a: Darkrai|slp|[from] move: Sleep Powder\n|cant|p1a: Darkrai|slp\n|\n|-heal|p2a: Vivillon|38\/277|[from] item: Leftovers\n|upkeep\n|turn|25\n|\n|t:|1653287317\n|move|p2a: Vivillon|Hurricane|p1a: Darkrai\n|-damage|p1a: Darkrai|50\/231 slp\n|-start|p1a: Darkrai|confusion\n|-curestatus|p1a: Darkrai|slp|[msg]\n|-activate|p1a: Darkrai|confusion\n|-damage|p1a: Darkrai|32\/231|[from] confusion\n|\n|-heal|p2a: Vivillon|55\/277|[from] item: Leftovers\n|-heal|p1a: Darkrai|46\/231|[from] item: Leftovers\n|upkeep\n|turn|26\n|\n|t:|1653287323\n|move|p2a: Vivillon|Hurricane|p1a: Darkrai\n|-damage|p1a: Darkrai|0 fnt\n|faint|p1a: Darkrai\n|\n|-heal|p2a: Vivillon|72\/277|[from] item: Leftovers\n|upkeep\n|\n|t:|1653287324\n|switch|p1a: Charizard|Charizard-Mega-Y, L80, F|142\/255\n|-weather|SunnyDay|[from] ability: Drought|[of] p1a: Charizard\n|turn|27\n|\n|t:|1653287326\n|move|p2a: Vivillon|Sleep Powder|p1a: Charizard\n|-status|p1a: Charizard|slp|[from] move: Sleep Powder\n|cant|p1a: Charizard|slp\n|\n|-weather|SunnyDay|[upkeep]\n|-heal|p2a: Vivillon|89\/277|[from] item: Leftovers\n|upkeep\n|turn|28\n|\n|t:|1653287329\n|move|p2a: Vivillon|Hurricane|p1a: Charizard\n|-damage|p1a: Charizard|0 fnt\n|faint|p1a: Charizard\n|\n|-weather|SunnyDay|[upkeep]\n|-heal|p2a: Vivillon|106\/277|[from] item: Leftovers\n|upkeep\n|\n|t:|1653287331\n|switch|p1a: Clawitzer|Clawitzer, L86, M|13\/262\n|turn|29\n|\n|t:|1653287332\n|move|p2a: Vivillon|Sleep Powder|p1a: Clawitzer|[miss]\n|-miss|p2a: Vivillon|p1a: Clawitzer\n|move|p1a: Clawitzer|Water Pulse|p2a: Vivillon\n|-damage|p2a: Vivillon|15\/277\n|\n|-weather|SunnyDay|[upkeep]\n|-heal|p2a: Vivillon|32\/277|[from] item: Leftovers\n|upkeep\n|turn|30\n|\n|t:|1653287336\n|move|p2a: Vivillon|Sleep Powder|p1a: Clawitzer\n|-status|p1a: Clawitzer|slp|[from] move: Sleep Powder\n|cant|p1a: Clawitzer|slp\n|\n|-weather|SunnyDay|[upkeep]\n|-heal|p2a: Vivillon|49\/277|[from] item: Leftovers\n|upkeep\n|turn|31\n|\n|t:|1653287338\n|move|p2a: Vivillon|Hurricane|p1a: Clawitzer|[miss]\n|-miss|p2a: Vivillon|p1a: Clawitzer\n|-curestatus|p1a: Clawitzer|slp|[msg]\n|move|p1a: Clawitzer|Water Pulse|p2a: Vivillon\n|-damage|p2a: Vivillon|0 fnt\n|faint|p2a: Vivillon\n|\n|-weather|none\n|upkeep\n|\n|t:|1653287342\n|switch|p2a: Regirock|Regirock, L88|200\/284 tox\n|turn|32\n|\n|t:|1653287344\n|move|p1a: Clawitzer|Water Pulse|p2a: Regirock\n|-supereffective|p2a: Regirock\n|-damage|p2a: Regirock|0 fnt\n|faint|p2a: Regirock\n|\n|upkeep\n|\n|t:|1653287345\n|switch|p2a: Mienshao|Mienshao, L84, M|246\/246 slp\n|turn|33\n|\n|t:|1653287347\n|cant|p2a: Mienshao|slp\n|move|p1a: Clawitzer|Water Pulse|p2a: Mienshao\n|-damage|p2a: Mienshao|24\/246 slp\n|-start|p2a: Mienshao|confusion\n|\n|upkeep\n|turn|34\n|\n|t:|1653287348\n|cant|p2a: Mienshao|slp\n|move|p1a: Clawitzer|Water Pulse|p2a: Mienshao\n|-damage|p2a: Mienshao|0 fnt\n|faint|p2a: Mienshao\n|\n|win|Mad_skilz3\n|raw|Mad_skilz3's rating: 1923 &rarr; <strong>1935<\/strong><br \/>(+12 for winning)\n|raw|firepunch917's rating: 1771 &rarr; <strong>1759<\/strong><br \/>(-12 for losing)\n|l|\u2606firepunch917\n","inputlog":">version b341b8323d4a7713b3b6f41909868c7f087e7b7e\n>start {\"formatid\":\"gen7randombattle\",\"seed\":[33126,64531,56461,41916],\"rated\":\"Rated battle\"}\n>player p1 {\"name\":\"Mad_skilz3\",\"avatar\":\"101\",\"rating\":1923,\"seed\":[42128,38593,17279,4262]}\n>player p2 {\"name\":\"firepunch917\",\"avatar\":\"265\",\"rating\":1771,\"seed\":[25924,51433,57215,28920]}\n>p1 switch 4\n>p2 move stoneedge\n>p1 move toxic\n>p2 move curse\n>p1 move toxic\n>p2 move drainpunch\n>p1 move earthquake\n>p2 move drainpunch\n>p1 switch 2\n>p1 move aurasphere\n>p2 switch 6\n>p1 switch 6\n>p2 move judgment\n>p1 move knockoff\n>p2 move toxic\n>p1 move knockoff\n>p2 move recover\n>p1 move thunderbolt\n>p2 move recover\n>p1 move thunderbolt\n>p2 move recover\n>p1 move thunderbolt\n>p2 move judgment\n>p1 switch 4\n>p2 switch 2\n>p1 move airslash mega\n>p2 switch 4\n>p1 move airslash\n>p2 move shadowball\n>p2 switch 6\n>p1 switch 6\n>p2 move stoneedge\n>p1 move aurasphere\n>p2 switch 5\n>p1 move aurasphere\n>p2 move stoneedge\n>p1 switch 3\n>p2 move stoneedge\n>p1 move dracometeor\n>p2 switch 4\n>p1 move dracometeor\n>p2 move highjumpkick\n>p1 switch 5\n>p1 move hypnosis\n>p2 move highjumpkick\n>p1 move nastyplot\n>p2 switch 4\n>p1 move darkpulse\n>p2 move drainpunch\n>p2 switch 3\n>p1 move darkpulse\n>p2 move quiverdance\n>p1 move darkpulse\n>p2 move sleeppowder\n>p1 move darkpulse\n>p2 move hurricane\n>p1 move darkpulse\n>p2 move hurricane\n>p1 switch 6\n>p1 move airslash\n>p2 move sleeppowder\n>p1 move airslash\n>p2 move hurricane\n>p1 switch 3\n>p1 move waterpulse\n>p2 move sleeppowder\n>p1 move waterpulse\n>p2 move sleeppowder\n>p1 move waterpulse\n>p2 move hurricane\n>p2 switch 5\n>p1 move waterpulse\n>p2 move drainpunch\n>p2 switch 4\n>p1 move waterpulse\n>p2 move knockoff\n>p1 move waterpulse\n>p2 move knockoff","uploadtime":1653287354,"views":8,"p1id":"madskilz3","p2id":"firepunch917","formatid":"gen7randombattle","rating":1759,"private":0,"password":null}