{"id":"gen7ou-952225404","p1":"uuuuiiii","p2":"whataboutwolf","format":"gen7ou","log":"|j|\u2606uuuuiiii\n|j|\u2606whataboutwolf\n|player|p1|uuuuiiii|101|1581\n|player|p2|whataboutwolf|2|1583\n|teamsize|p1|6\n|teamsize|p2|6\n|gametype|singles\n|gen|7\n|tier|[Gen 7] OU\n|rated|\n|rule|Sleep Clause Mod: Limit one foe put to sleep\n|rule|Species Clause: Limit one of each Pok\u00e9mon\n|rule|OHKO Clause: OHKO moves are banned\n|rule|Moody Clause: Moody is banned\n|rule|Evasion Moves Clause: Evasion moves are banned\n|rule|Endless Battle Clause: Forcing endless battles is banned\n|rule|HP Percentage Mod: HP is shown in percentages\n|clearpoke\n|poke|p1|Serperior, F|item\n|poke|p1|Celesteela|item\n|poke|p1|Landorus-Therian, M|item\n|poke|p1|Volcanion|item\n|poke|p1|Tapu Lele|item\n|poke|p1|Banette, F|item\n|poke|p2|Crawdaunt, M|item\n|poke|p2|Blacephalon|item\n|poke|p2|Lopunny, M|item\n|poke|p2|Ferrothorn, F|item\n|poke|p2|Landorus-Therian, M|item\n|poke|p2|Magearna|item\n|teampreview\n|inactive|Battle timer is ON: inactive players will automatically lose when time's up. (requested by whataboutwolf)\n|\n|start\n|switch|p1a: Banette|Banette, F|100\/100\n|switch|p2a: Landorus|Landorus-Therian, M|100\/100\n|-ability|p2a: Landorus|Intimidate|boost\n|-unboost|p1a: Banette|atk|1\n|turn|1\n|\n|detailschange|p1a: Banette|Banette-Mega, F\n|-mega|p1a: Banette|Banette|Banettite\n|move|p1a: Banette|Will-O-Wisp|p2a: Landorus\n|-status|p2a: Landorus|brn\n|move|p2a: Landorus|Earthquake|p1a: Banette\n|-damage|p1a: Banette|61\/100\n|\n|-damage|p2a: Landorus|95\/100 brn|[from] brn\n|upkeep\n|turn|2\n|\n|switch|p2a: Blacephalon|Blacephalon|100\/100\n|switch|p1a: Landorus|Landorus-Therian, M|100\/100\n|-ability|p1a: Landorus|Intimidate|boost\n|-unboost|p2a: Blacephalon|atk|1\n|\n|upkeep\n|turn|3\n|\n|move|p2a: Blacephalon|Hidden Power|p1a: Landorus\n|-supereffective|p1a: Landorus\n|-enditem|p1a: Landorus|Focus Sash\n|-damage|p1a: Landorus|1\/100\n|move|p1a: Landorus|Earthquake|p2a: Blacephalon\n|-supereffective|p2a: Blacephalon\n|-damage|p2a: Blacephalon|0 fnt\n|faint|p2a: Blacephalon\n|\n|upkeep\n|\n|switch|p2a: Lopunny|Lopunny, M|100\/100\n|turn|4\n|\n|detailschange|p2a: Lopunny|Lopunny-Mega, M\n|-mega|p2a: Lopunny|Lopunny|Lopunnite\n|move|p2a: Lopunny|High Jump Kick|p1a: Landorus\n|-resisted|p1a: Landorus\n|-damage|p1a: Landorus|0 fnt\n|faint|p1a: Landorus\n|\n|upkeep\n|\n|switch|p1a: Tapu Lele|Tapu Lele|100\/100\n|-fieldstart|move: Psychic Terrain|[from] ability: Psychic Surge|[of] p1a: Tapu Lele\n|turn|5\n|\n|switch|p2a: Magearna|Magearna|100\/100\n|move|p1a: Tapu Lele|Psyshock|p2a: Magearna\n|-resisted|p2a: Magearna\n|-damage|p2a: Magearna|75\/100\n|\n|upkeep\n|turn|6\n|\n|switch|p1a: Serperior|Serperior, F|100\/100\n|move|p2a: Magearna|Volt Switch|p1a: Serperior\n|-resisted|p1a: Serperior\n|-damage|p1a: Serperior|89\/100\n|inactive|whataboutwolf has 120 seconds left.\n|\n|switch|p2a: Ferrothorn|Ferrothorn, F|100\/100|[from]move: Volt Switch\n|\n|upkeep\n|turn|7\n|\n|switch|p1a: Volcanion|Volcanion|100\/100\n|move|p2a: Ferrothorn|Stealth Rock|p1a: Volcanion\n|-sidestart|p1: uuuuiiii|move: Stealth Rock\n|\n|upkeep\n|turn|8\n|\n|switch|p2a: Landorus|Landorus-Therian, M|95\/100 brn\n|-ability|p2a: Landorus|Intimidate|boost\n|-unboost|p1a: Volcanion|atk|1\n|move|p1a: Volcanion|Flamethrower|p2a: Landorus\n|-damage|p2a: Landorus|0 fnt\n|faint|p2a: Landorus\n|\n|upkeep\n|\n|switch|p2a: Crawdaunt|Crawdaunt, M|100\/100\n|turn|9\n|\n|switch|p1a: Serperior|Serperior, F|89\/100\n|-damage|p1a: Serperior|77\/100|[from] Stealth Rock\n|move|p2a: Crawdaunt|Knock Off|p1a: Serperior\n|-damage|p1a: Serperior|0 fnt\n|-enditem|p1a: Serperior|Choice Scarf|[from] move: Knock Off|[of] p2a: Crawdaunt\n|faint|p1a: Serperior\n|\n|-fieldend|move: Psychic Terrain\n|upkeep\n|\n|switch|p1a: Tapu Lele|Tapu Lele|100\/100\n|-damage|p1a: Tapu Lele|88\/100|[from] Stealth Rock\n|-fieldstart|move: Psychic Terrain|[from] ability: Psychic Surge|[of] p1a: Tapu Lele\n|turn|10\n|\n|switch|p2a: Magearna|Magearna|75\/100\n|move|p1a: Tapu Lele|Focus Blast|p2a: Magearna|[miss]\n|-miss|p1a: Tapu Lele|p2a: Magearna\n|\n|upkeep\n|turn|11\n|\n|move|p1a: Tapu Lele|Psyshock|p2a: Magearna\n|-resisted|p2a: Magearna\n|-damage|p2a: Magearna|48\/100\n|move|p2a: Magearna|Volt Switch|p1a: Tapu Lele\n|-damage|p1a: Tapu Lele|66\/100\n|\n|switch|p2a: Lopunny|Lopunny-Mega, M|100\/100|[from]move: Volt Switch\n|\n|upkeep\n|turn|12\n|\n|switch|p1a: Celesteela|Celesteela|100\/100\n|-damage|p1a: Celesteela|88\/100|[from] Stealth Rock\n|move|p2a: Lopunny|Frustration|p1a: Celesteela\n|-resisted|p1a: Celesteela\n|-damage|p1a: Celesteela|67\/100\n|\n|-heal|p1a: Celesteela|73\/100|[from] item: Leftovers\n|upkeep\n|turn|13\n|\n|switch|p2a: Magearna|Magearna|48\/100\n|move|p1a: Celesteela|Leech Seed|p2a: Magearna\n|-start|p2a: Magearna|move: Leech Seed\n|\n|-heal|p1a: Celesteela|79\/100|[from] item: Leftovers\n|-damage|p2a: Magearna|36\/100|[from] Leech Seed|[of] p1a: Celesteela\n|-heal|p1a: Celesteela|90\/100|[silent]\n|upkeep\n|turn|14\n|\n|switch|p2a: Crawdaunt|Crawdaunt, M|100\/100\n|move|p1a: Celesteela|Protect||[still]\n|-fail|p1a: Celesteela\n|\n|-heal|p1a: Celesteela|96\/100|[from] item: Leftovers\n|-fieldend|move: Psychic Terrain\n|upkeep\n|turn|15\n|\n|switch|p1a: Volcanion|Volcanion|100\/100\n|-damage|p1a: Volcanion|76\/100|[from] Stealth Rock\n|move|p2a: Crawdaunt|Knock Off|p1a: Volcanion\n|-damage|p1a: Volcanion|0 fnt\n|-enditem|p1a: Volcanion|Choice Specs|[from] move: Knock Off|[of] p2a: Crawdaunt\n|faint|p1a: Volcanion\n|\n|upkeep\n|\n|switch|p1a: Tapu Lele|Tapu Lele|66\/100\n|-damage|p1a: Tapu Lele|53\/100|[from] Stealth Rock\n|-fieldstart|move: Psychic Terrain|[from] ability: Psychic Surge|[of] p1a: Tapu Lele\n|turn|16\n|\n|switch|p2a: Ferrothorn|Ferrothorn, F|100\/100\n|move|p1a: Tapu Lele|Thunderbolt|p2a: Ferrothorn\n|-resisted|p2a: Ferrothorn\n|-damage|p2a: Ferrothorn|88\/100\n|\n|-heal|p2a: Ferrothorn|95\/100|[from] item: Leftovers\n|upkeep\n|turn|17\n|\n|-zpower|p1a: Tapu Lele\n|move|p1a: Tapu Lele|All-Out Pummeling|p2a: Ferrothorn|[zeffect]\n|-supereffective|p2a: Ferrothorn\n|-damage|p2a: Ferrothorn|0 fnt\n|faint|p2a: Ferrothorn\n|\n|upkeep\n|\n|switch|p2a: Lopunny|Lopunny-Mega, M|100\/100\n|turn|18\n|\n|switch|p1a: Celesteela|Celesteela|96\/100\n|-damage|p1a: Celesteela|84\/100|[from] Stealth Rock\n|move|p2a: Lopunny|High Jump Kick|p1a: Celesteela\n|-crit|p1a: Celesteela\n|-damage|p1a: Celesteela|0 fnt\n|faint|p1a: Celesteela\n|\n|upkeep\n|\n|switch|p1a: Banette|Banette-Mega, F|61\/100\n|-damage|p1a: Banette|49\/100|[from] Stealth Rock\n|turn|19\n|\n|switch|p2a: Magearna|Magearna|36\/100\n|move|p1a: Banette|Destiny Bond|p1a: Banette\n|-singlemove|p1a: Banette|Destiny Bond\n|\n|upkeep\n|turn|20\n|\n|move|p1a: Banette|Shadow Claw|p2a: Magearna\n|-damage|p2a: Magearna|0 fnt\n|faint|p2a: Magearna\n|\n|-fieldend|move: Psychic Terrain\n|upkeep\n|\n|switch|p2a: Crawdaunt|Crawdaunt, M|100\/100\n|turn|21\n|\n|move|p1a: Banette|Destiny Bond|p1a: Banette\n|-singlemove|p1a: Banette|Destiny Bond\n|move|p2a: Crawdaunt|Knock Off|p1a: Banette\n|-supereffective|p1a: Banette\n|-damage|p1a: Banette|0 fnt\n|faint|p1a: Banette\n|-activate|p1a: Banette|move: Destiny Bond\n|faint|p2a: Crawdaunt\n|\n|upkeep\n|\n|switch|p1a: Tapu Lele|Tapu Lele|53\/100\n|switch|p2a: Lopunny|Lopunny-Mega, M|100\/100\n|-damage|p1a: Tapu Lele|41\/100|[from] Stealth Rock\n|-fieldstart|move: Psychic Terrain|[from] ability: Psychic Surge|[of] p1a: Tapu Lele\n|turn|22\n|\n|move|p2a: Lopunny|Frustration|p1a: Tapu Lele\n|-damage|p1a: Tapu Lele|0 fnt\n|faint|p1a: Tapu Lele\n|\n|win|whataboutwolf\n|c|\u2606whataboutwolf|gg\n|raw|uuuuiiii's rating: 1581 &rarr; <strong>1561<\/strong><br \/>(-20 for losing)\n|raw|whataboutwolf's rating: 1583 &rarr; <strong>1603<\/strong><br \/>(+20 for winning)\n|l|\u2606uuuuiiii\n","uploadtime":1564381867,"views":16,"p1id":"uuuuiiii","p2id":"whataboutwolf","formatid":"gen7ou","rating":1561,"private":0,"password":null}