{"id":"gen7ou-951914594","p1":"LT62HG Osh","p2":"orangesss","format":"gen7ou","log":"|j|\u2606LT62HG Osh\n|j|\u2606orangesss\n|player|p1|LT62HG Osh|161|1851\n|player|p2|orangesss|164|1886\n|teamsize|p1|6\n|teamsize|p2|6\n|gametype|singles\n|gen|7\n|tier|[Gen 7] OU\n|rated|\n|rule|Sleep Clause Mod: Limit one foe put to sleep\n|rule|Species Clause: Limit one of each Pok\u00e9mon\n|rule|OHKO Clause: OHKO moves are banned\n|rule|Moody Clause: Moody is banned\n|rule|Evasion Moves Clause: Evasion moves are banned\n|rule|Endless Battle Clause: Forcing endless battles is banned\n|rule|HP Percentage Mod: HP is shown in percentages\n|clearpoke\n|poke|p1|Swampert, M|item\n|poke|p1|Pelipper, M|item\n|poke|p1|Manaphy|item\n|poke|p1|Ferrothorn, F|item\n|poke|p1|Tornadus-Therian, M|item\n|poke|p1|Greninja, M|item\n|poke|p2|Hawlucha, M|item\n|poke|p2|Ferrothorn, F|item\n|poke|p2|Pelipper, F|item\n|poke|p2|Tapu Koko|item\n|poke|p2|Swampert, F|item\n|poke|p2|Kartana|item\n|teampreview\n|inactive|Battle timer is ON: inactive players will automatically lose when time's up. (requested by orangesss)\n|\n|start\n|switch|p1a: Ferrothorn|Ferrothorn, F|100\/100\n|switch|p2a: Hate rain :(|Ferrothorn, F|100\/100\n|turn|1\n|\n|move|p1a: Ferrothorn|Stealth Rock|p2a: Hate rain :(\n|-sidestart|p2: orangesss|move: Stealth Rock\n|move|p2a: Hate rain :(|Knock Off|p1a: Ferrothorn\n|-damage|p1a: Ferrothorn|85\/100\n|-damage|p2a: Hate rain :(|88\/100|[from] ability: Iron Barbs|[of] p1a: Ferrothorn\n|-enditem|p1a: Ferrothorn|Figy Berry|[from] move: Knock Off|[of] p2a: Hate rain :(\n|\n|-heal|p2a: Hate rain :(|94\/100|[from] item: Leftovers\n|upkeep\n|turn|2\n|\n|move|p1a: Ferrothorn|Spikes|p2a: Hate rain :(\n|-sidestart|p2: orangesss|Spikes\n|move|p2a: Hate rain :(|Stealth Rock|p1a: Ferrothorn\n|-sidestart|p1: LT62HG Osh|move: Stealth Rock\n|\n|-heal|p2a: Hate rain :(|100\/100|[from] item: Leftovers\n|upkeep\n|turn|3\n|\n|move|p1a: Ferrothorn|Spikes|p2a: Hate rain :(\n|-sidestart|p2: orangesss|Spikes\n|move|p2a: Hate rain :(|Knock Off|p1a: Ferrothorn\n|-damage|p1a: Ferrothorn|73\/100\n|-damage|p2a: Hate rain :(|88\/100|[from] ability: Iron Barbs|[of] p1a: Ferrothorn\n|\n|-heal|p2a: Hate rain :(|94\/100|[from] item: Leftovers\n|upkeep\n|turn|4\n|\n|move|p1a: Ferrothorn|Spikes|p2a: Hate rain :(\n|-sidestart|p2: orangesss|Spikes\n|move|p2a: Hate rain :(|Knock Off|p1a: Ferrothorn\n|-damage|p1a: Ferrothorn|62\/100\n|-damage|p2a: Hate rain :(|82\/100|[from] ability: Iron Barbs|[of] p1a: Ferrothorn\n|\n|-heal|p2a: Hate rain :(|88\/100|[from] item: Leftovers\n|upkeep\n|turn|5\n|\n|switch|p1a: Tornadus|Tornadus-Therian, M|100\/100\n|-damage|p1a: Tornadus|76\/100|[from] Stealth Rock\n|move|p2a: Hate rain :(|Spikes|p1a: Tornadus\n|-sidestart|p1: LT62HG Osh|Spikes\n|\n|-heal|p2a: Hate rain :(|94\/100|[from] item: Leftovers\n|upkeep\n|turn|6\n|j| Nueva vida\n|\n|move|p1a: Tornadus|Taunt|p2a: Hate rain :(\n|-start|p2a: Hate rain :(|move: Taunt\n|move|p2a: Hate rain :(|Gyro Ball|p1a: Tornadus\n|-damage|p1a: Tornadus|17\/100\n|-damage|p2a: Hate rain :(|78\/100|[from] item: Rocky Helmet|[of] p1a: Tornadus\n|\n|-heal|p2a: Hate rain :(|84\/100|[from] item: Leftovers\n|upkeep\n|turn|7\n|\n|switch|p1a: Pelipper|Pelipper, M|100\/100\n|-damage|p1a: Pelipper|76\/100|[from] Stealth Rock\n|-weather|RainDance|[from] ability: Drizzle|[of] p1a: Pelipper\n|move|p2a: Hate rain :(|Gyro Ball|p1a: Pelipper\n|-resisted|p1a: Pelipper\n|-damage|p1a: Pelipper|65\/100\n|\n|-weather|RainDance|[upkeep]\n|-heal|p2a: Hate rain :(|90\/100|[from] item: Leftovers\n|upkeep\n|turn|8\n|j| Furrlo\n|\n|move|p1a: Pelipper|Knock Off|p2a: Hate rain :(\n|-damage|p2a: Hate rain :(|81\/100\n|-damage|p1a: Pelipper|52\/100|[from] ability: Iron Barbs|[of] p2a: Hate rain :(\n|-enditem|p2a: Hate rain :(|Leftovers|[from] move: Knock Off|[of] p1a: Pelipper\n|move|p2a: Hate rain :(|Knock Off|p1a: Pelipper\n|-damage|p1a: Pelipper|36\/100\n|-enditem|p1a: Pelipper|Damp Rock|[from] move: Knock Off|[of] p2a: Hate rain :(\n|\n|-weather|RainDance|[upkeep]\n|-end|p2a: Hate rain :(|move: Taunt\n|upkeep\n|turn|9\n|\n|switch|p2a: Nappy is trash|Pelipper, F|100\/100\n|-damage|p2a: Nappy is trash|76\/100|[from] Stealth Rock\n|move|p1a: Pelipper|Scald|p2a: Nappy is trash\n|-resisted|p2a: Nappy is trash\n|-damage|p2a: Nappy is trash|55\/100\n|\n|-weather|RainDance|[upkeep]\n|upkeep\n|turn|10\n|\n|move|p2a: Nappy is trash|Defog|p1a: Pelipper\n|-unboost|p1a: Pelipper|evasion|1\n|-sideend|p1: LT62HG Osh|Spikes|[from] move: Defog|[of] p2a: Nappy is trash\n|-sideend|p1: LT62HG Osh|Stealth Rock|[from] move: Defog|[of] p2a: Nappy is trash\n|-sideend|p2: orangesss|Spikes|[from] move: Defog|[of] p2a: Nappy is trash\n|-sideend|p2: orangesss|Stealth Rock|[from] move: Defog|[of] p2a: Nappy is trash\n|move|p1a: Pelipper|Roost|p1a: Pelipper\n|-heal|p1a: Pelipper|87\/100\n|-singleturn|p1a: Pelipper|move: Roost\n|\n|-weather|RainDance|[upkeep]\n|upkeep\n|turn|11\n|\n|move|p2a: Nappy is trash|Scald|p1a: Pelipper\n|-resisted|p1a: Pelipper\n|-damage|p1a: Pelipper|58\/100\n|move|p1a: Pelipper|U-turn|p2a: Nappy is trash\n|-resisted|p2a: Nappy is trash\n|-damage|p2a: Nappy is trash|51\/100\n|\n|switch|p1a: Greninja|Greninja, M|100\/100|[from]move: U-turn\n|\n|-weather|RainDance|[upkeep]\n|upkeep\n|turn|12\n|j|\u203dfrozen sledge\n|\n|switch|p2a: Speed OD|Tapu Koko|100\/100\n|-fieldstart|move: Electric Terrain|[from] ability: Electric Surge|[of] p2a: Speed OD\n|move|p1a: Greninja|Surf|p2a: Speed OD\n|-damage|p2a: Speed OD|0 fnt\n|faint|p2a: Speed OD\n|-activate|p1a: Greninja|ability: Battle Bond\n|detailschange|p1a: Greninja|Greninja-Ash, M\n|\n|-weather|RainDance|[upkeep]\n|upkeep\n|j| what is DIS hunny\n|\n|switch|p2a: Copypaste|Hawlucha, M|100\/100\n|-enditem|p2a: Copypaste|Electric Seed\n|-boost|p2a: Copypaste|def|1\n|turn|13\n|\n|switch|p1a: Tornadus|Tornadus-Therian, M|50\/100\n|move|p2a: Copypaste|High Jump Kick|p1a: Tornadus\n|-resisted|p1a: Tornadus\n|-crit|p1a: Tornadus\n|-damage|p1a: Tornadus|0 fnt\n|-damage|p2a: Copypaste|84\/100|[from] item: Rocky Helmet|[of] p1a: Tornadus\n|faint|p1a: Tornadus\n|\n|-weather|RainDance|[upkeep]\n|upkeep\n|\n|switch|p1a: Greninja|Greninja-Ash, M|100\/100\n|turn|14\n|\n|switch|p2a: Hate rain :(|Ferrothorn, F|81\/100\n|move|p1a: Greninja|Water Shuriken|p2a: Hate rain :(\n|-resisted|p2a: Hate rain :(\n|-damage|p2a: Hate rain :(|72\/100\n|-resisted|p2a: Hate rain :(\n|-damage|p2a: Hate rain :(|61\/100\n|-resisted|p2a: Hate rain :(\n|-damage|p2a: Hate rain :(|50\/100\n|-hitcount|p2a: Hate rain :(|3\n|\n|-weather|none\n|upkeep\n|turn|15\n|\n|switch|p1a: Ferrothorn|Ferrothorn, F|62\/100\n|move|p2a: Hate rain :(|Stealth Rock|p1a: Ferrothorn\n|-sidestart|p1: LT62HG Osh|move: Stealth Rock\n|\n|upkeep\n|turn|16\n|\n|move|p1a: Ferrothorn|Stealth Rock|p2a: Hate rain :(\n|-sidestart|p2: orangesss|move: Stealth Rock\n|move|p2a: Hate rain :(|Knock Off|p1a: Ferrothorn\n|-damage|p1a: Ferrothorn|51\/100\n|-damage|p2a: Hate rain :(|38\/100|[from] ability: Iron Barbs|[of] p1a: Ferrothorn\n|\n|-fieldend|move: Electric Terrain\n|upkeep\n|turn|17\n|\n|move|p1a: Ferrothorn|Spikes|p2a: Hate rain :(\n|-sidestart|p2: orangesss|Spikes\n|move|p2a: Hate rain :(|Knock Off|p1a: Ferrothorn\n|-damage|p1a: Ferrothorn|40\/100\n|-damage|p2a: Hate rain :(|25\/100|[from] ability: Iron Barbs|[of] p1a: Ferrothorn\n|\n|upkeep\n|turn|18\n|\n|move|p1a: Ferrothorn|Spikes|p2a: Hate rain :(\n|-sidestart|p2: orangesss|Spikes\n|move|p2a: Hate rain :(|Spikes|p1a: Ferrothorn\n|-sidestart|p1: LT62HG Osh|Spikes\n|\n|upkeep\n|turn|19\n|\n|move|p1a: Ferrothorn|Spikes|p2a: Hate rain :(\n|-sidestart|p2: orangesss|Spikes\n|move|p2a: Hate rain :(|Spikes|p1a: Ferrothorn\n|-sidestart|p1: LT62HG Osh|Spikes\n|\n|upkeep\n|turn|20\n|\n|move|p1a: Ferrothorn|Power Whip|p2a: Hate rain :(|[miss]\n|-miss|p1a: Ferrothorn|p2a: Hate rain :(\n|move|p2a: Hate rain :(|Knock Off|p1a: Ferrothorn\n|-damage|p1a: Ferrothorn|29\/100\n|-damage|p2a: Hate rain :(|13\/100|[from] ability: Iron Barbs|[of] p1a: Ferrothorn\n|\n|upkeep\n|turn|21\n|\n|switch|p1a: Pelipper|Pelipper, M|58\/100\n|-damage|p1a: Pelipper|34\/100|[from] Stealth Rock\n|-weather|RainDance|[from] ability: Drizzle|[of] p1a: Pelipper\n|move|p2a: Hate rain :(|Knock Off|p1a: Pelipper\n|-damage|p1a: Pelipper|23\/100\n|\n|-weather|RainDance|[upkeep]\n|upkeep\n|turn|22\n|j| Pikachu The Boss\n|\n|move|p1a: Pelipper|U-turn|p2a: Hate rain :(\n|-damage|p2a: Hate rain :(|7\/100\n|-damage|p1a: Pelipper|11\/100|[from] ability: Iron Barbs|[of] p2a: Hate rain :(\n|\n|switch|p1a: Ferrothorn|Ferrothorn, F|29\/100|[from]move: U-turn\n|-damage|p1a: Ferrothorn|12\/100|[from] Spikes\n|-damage|p1a: Ferrothorn|6\/100|[from] Stealth Rock\n|move|p2a: Hate rain :(|Spikes|p1a: Ferrothorn\n|-sidestart|p1: LT62HG Osh|Spikes\n|\n|-weather|RainDance|[upkeep]\n|upkeep\n|turn|23\n|\n|switch|p1a: Pelipper|Pelipper, M|11\/100\n|-damage|p1a: Pelipper|0 fnt|[from] Stealth Rock\n|faint|p1a: Pelipper\n|move|p2a: Hate rain :(|Knock Off|p1: Pelipper|[notarget]\n|-fail|p2a: Hate rain :(\n|\n|-weather|RainDance|[upkeep]\n|upkeep\n|\n|switch|p1a: Greninja|Greninja-Ash, M|100\/100\n|-damage|p1a: Greninja|88\/100|[from] Stealth Rock\n|-damage|p1a: Greninja|63\/100|[from] Spikes\n|turn|24\n|\n|move|p1a: Greninja|Water Shuriken|p2a: Hate rain :(\n|-resisted|p2a: Hate rain :(\n|-damage|p2a: Hate rain :(|0 fnt\n|-hitcount|p2a: Hate rain :(|1\n|faint|p2a: Hate rain :(\n|\n|-weather|RainDance|[upkeep]\n|upkeep\n|j| Gva\n|\n|switch|p2a: Swamp Thing|Swampert, F|100\/100\n|-damage|p2a: Swamp Thing|76\/100|[from] Spikes\n|-damage|p2a: Swamp Thing|69\/100|[from] Stealth Rock\n|turn|25\n|\n|detailschange|p2a: Swamp Thing|Swampert-Mega, F\n|-mega|p2a: Swamp Thing|Swampert|Swampertite\n|move|p1a: Greninja|Water Shuriken|p2a: Swamp Thing\n|-crit|p2a: Swamp Thing\n|-damage|p2a: Swamp Thing|36\/100\n|-damage|p2a: Swamp Thing|9\/100\n|-damage|p2a: Swamp Thing|0 fnt\n|-hitcount|p2a: Swamp Thing|3\n|faint|p2a: Swamp Thing\n|\n|-weather|none\n|upkeep\n|j| afk until tilt\n|j| Skyronyx\n|\n|switch|p2a: Wolverine|Kartana|100\/100\n|-damage|p2a: Wolverine|76\/100|[from] Spikes\n|-damage|p2a: Wolverine|70\/100|[from] Stealth Rock\n|turn|26\n|\n|move|p1a: Greninja|Water Shuriken|p2a: Wolverine\n|-resisted|p2a: Wolverine\n|-damage|p2a: Wolverine|43\/100\n|-resisted|p2a: Wolverine\n|-damage|p2a: Wolverine|14\/100\n|-resisted|p2a: Wolverine\n|-damage|p2a: Wolverine|0 fnt\n|-hitcount|p2a: Wolverine|3\n|faint|p2a: Wolverine\n|\n|upkeep\n|-message|orangesss forfeited.\n|\n|win|LT62HG Osh\n|l|\u2606orangesss\n|l|\u2606LT62HG Osh\n|l| Pikachu The Boss\n|l| Nueva vida\n|l| Skyronyx\n|l| Furrlo\n|raw|LT62HG Osh's rating: 1826 &rarr; <strong>1849<\/strong><br \/>(+23 for winning)\n|raw|orangesss's rating: 1865 &rarr; <strong>1843<\/strong><br \/>(-22 for losing)\n|l|\u203dfrozen sledge\n|l| Gva\n","uploadtime":1564333617,"views":13,"p1id":"lt62hgosh","p2id":"orangesss","formatid":"gen7ou","rating":1843,"private":0,"password":null}