{"id":"gen7ou-827015821","p1":"MMoxie","p2":"hauntersnightmare","format":"gen7ou","log":"|j|\u2606MMoxie\n|j|\u2606hauntersnightmare\n|player|p1|MMoxie|#zinnia\n|player|p2|hauntersnightmare|169\n|teamsize|p1|6\n|teamsize|p2|6\n|gametype|singles\n|gen|7\n|tier|[Gen 7] OU\n|rated|\n|rule|Sleep Clause Mod: Limit one foe put to sleep\n|rule|Species Clause: Limit one of each Pok\u00e9mon\n|rule|OHKO Clause: OHKO moves are banned\n|rule|Moody Clause: Moody is banned\n|rule|Evasion Moves Clause: Evasion moves are banned\n|rule|Endless Battle Clause: Forcing endless battles is banned\n|rule|HP Percentage Mod: HP is shown in percentages\n|clearpoke\n|poke|p1|Tapu Koko|item\n|poke|p1|Magearna|item\n|poke|p1|Greninja, M|item\n|poke|p1|Landorus-Therian, M|item\n|poke|p1|Zygarde|item\n|poke|p1|Mew|item\n|poke|p2|Kommo-o, F|item\n|poke|p2|Weavile, F|item\n|poke|p2|Tapu Koko|item\n|poke|p2|Landorus-Therian, M|item\n|poke|p2|Magearna|item\n|poke|p2|Pinsir, F|item\n|teampreview\n|inactive|Battle timer is ON: inactive players will automatically lose when time's up. (requested by MMoxie)\n|\n|start\n|switch|p1a: Landorus|Landorus-Therian, M|100\/100\n|switch|p2a: Landorus|Landorus-Therian, M|100\/100\n|-ability|p2a: Landorus|Intimidate|boost\n|-unboost|p1a: Landorus|atk|1\n|-ability|p1a: Landorus|Intimidate|boost\n|-unboost|p2a: Landorus|atk|1\n|turn|1\n|\n|move|p2a: Landorus|U-turn|p1a: Landorus\n|-resisted|p1a: Landorus\n|-damage|p1a: Landorus|91\/100\n|\n|switch|p2a: Tapu Koko|Tapu Koko|100\/100\n|-fieldstart|move: Electric Terrain|[from] ability: Electric Surge|[of] p2a: Tapu Koko\n|move|p1a: Landorus|Stealth Rock|p2a: Tapu Koko\n|-sidestart|p2: hauntersnightmare|move: Stealth Rock\n|\n|upkeep\n|turn|2\n|\n|switch|p1a: Tapu Koko|Tapu Koko|100\/100\n|move|p2a: Tapu Koko|Reflect|p2a: Tapu Koko\n|-sidestart|p2: hauntersnightmare|Reflect\n|\n|upkeep\n|turn|3\n|\n|move|p2a: Tapu Koko|Light Screen|p2a: Tapu Koko\n|-sidestart|p2: hauntersnightmare|move: Light Screen\n|move|p1a: Tapu Koko|Taunt|p2a: Tapu Koko\n|-start|p2a: Tapu Koko|move: Taunt\n|\n|upkeep\n|turn|4\n|\n|switch|p2a: Landorus|Landorus-Therian, M|100\/100\n|-damage|p2a: Landorus|88\/100|[from] Stealth Rock\n|-ability|p2a: Landorus|Intimidate|boost\n|-unboost|p1a: Tapu Koko|atk|1\n|move|p1a: Tapu Koko|Reflect|p1a: Tapu Koko\n|-sidestart|p1: MMoxie|Reflect\n|\n|upkeep\n|turn|5\n|\n|move|p2a: Landorus|Defog|p1a: Tapu Koko\n|-unboost|p1a: Tapu Koko|evasion|1\n|-sideend|p1: MMoxie|Reflect\n|-sideend|p2: hauntersnightmare|Stealth Rock|[from] move: Defog|[of] p2a: Landorus\n|move|p1a: Tapu Koko|U-turn|p2a: Landorus\n|-resisted|p2a: Landorus\n|-damage|p2a: Landorus|85\/100\n|\n|switch|p1a: Landorus|Landorus-Therian, M|91\/100\n|-ability|p1a: Landorus|Intimidate|boost\n|-unboost|p2a: Landorus|atk|1\n|\n|-fieldend|move: Electric Terrain\n|upkeep\n|turn|6\n|\n|switch|p2a: Pinsir|Pinsir, F|100\/100\n|move|p1a: Landorus|Stealth Rock|p2a: Pinsir\n|-sidestart|p2: hauntersnightmare|move: Stealth Rock\n|\n|upkeep\n|turn|7\n|\n|detailschange|p2a: Pinsir|Pinsir-Mega, F\n|-mega|p2a: Pinsir|Pinsir|Pinsirite\n|move|p2a: Pinsir|Frustration|p1a: Landorus\n|-damage|p1a: Landorus|11\/100\n|move|p1a: Landorus|Explosion|p2a: Pinsir\n|-damage|p2a: Pinsir|35\/100\n|faint|p1a: Landorus\n|\n|upkeep\n|\n|switch|p1a: Tapu Koko|Tapu Koko|100\/100\n|-fieldstart|move: Electric Terrain|[from] ability: Electric Surge|[of] p1a: Tapu Koko\n|turn|8\n|inactive|hauntersnightmare has 120 seconds left.\n|inactive|hauntersnightmare has 90 seconds left.\n|\n|switch|p2a: Magearna|Magearna|100\/100\n|-damage|p2a: Magearna|95\/100|[from] Stealth Rock\n|move|p1a: Tapu Koko|Reflect|p1a: Tapu Koko\n|-sidestart|p1: MMoxie|Reflect\n|\n|upkeep\n|turn|9\n|\n|move|p1a: Tapu Koko|Taunt|p2a: Magearna\n|-start|p2a: Magearna|move: Taunt\n|cant|p2a: Magearna|move: Taunt|Shift Gear\n|\n|-sideend|p2: hauntersnightmare|Reflect\n|upkeep\n|turn|10\n|\n|move|p1a: Tapu Koko|Light Screen|p1a: Tapu Koko\n|-sidestart|p1: MMoxie|move: Light Screen\n|move|p2a: Magearna|Flash Cannon|p1a: Tapu Koko\n|-damage|p1a: Tapu Koko|74\/100\n|-unboost|p1a: Tapu Koko|spd|1\n|\n|-sideend|p2: hauntersnightmare|move: Light Screen\n|upkeep\n|turn|11\n|\n|move|p1a: Tapu Koko|U-turn|p2a: Magearna\n|-resisted|p2a: Magearna\n|-damage|p2a: Magearna|90\/100\n|\n|switch|p1a: Magearna|Magearna|100\/100\n|move|p2a: Magearna|Fleur Cannon|p1a: Magearna\n|-resisted|p1a: Magearna\n|-damage|p1a: Magearna|83\/100\n|-unboost|p2a: Magearna|spa|2\n|\n|-end|p2a: Magearna|move: Taunt\n|upkeep\n|turn|12\n|\n|switch|p2a: Landorus|Landorus-Therian, M|85\/100\n|-damage|p2a: Landorus|72\/100|[from] Stealth Rock\n|-ability|p2a: Landorus|Intimidate|boost\n|-unboost|p1a: Magearna|atk|1\n|move|p1a: Magearna|Shift Gear|p1a: Magearna\n|-boost|p1a: Magearna|spe|2\n|-boost|p1a: Magearna|atk|1\n|\n|-fieldend|move: Electric Terrain\n|upkeep\n|turn|13\n|\n|switch|p2a: Pinsir|Pinsir-Mega, F|35\/100\n|-damage|p2a: Pinsir|0 fnt|[from] Stealth Rock\n|faint|p2a: Pinsir\n|-ability|p1a: Magearna|Soul-Heart|boost\n|-boost|p1a: Magearna|spa|1\n|move|p1a: Magearna|Ice Beam|p2: Pinsir|[notarget]\n|-notarget\n|\n|upkeep\n|\n|switch|p2a: Magearna|Magearna|90\/100\n|-damage|p2a: Magearna|84\/100|[from] Stealth Rock\n|turn|14\n|-message|hauntersnightmare forfeited.\n|\n|win|MMoxie\n|l|\u2606hauntersnightmare\n","uploadtime":1540753417,"views":3,"p1id":"mmoxie","p2id":"hauntersnightmare","formatid":"gen7ou","rating":0,"private":0,"password":null}