{"id":"gen7ou-1048628014","p1":"Eith","p2":"Ban Lando t guy jk","format":"gen7ou","log":"|j|\u2606Eith\n|j|\u2606Ban Lando t guy jk\n|player|p1|Eith|skierf|1428\n|player|p2|Ban Lando t guy jk|164|1594\n|teamsize|p1|6\n|teamsize|p2|6\n|gametype|singles\n|gen|7\n|tier|[Gen 7] OU\n|rated|\n|clearpoke\n|poke|p1|Terrakion|item\n|poke|p1|Chandelure, F|item\n|poke|p1|Chansey, F|item\n|poke|p1|Zapdos|item\n|poke|p1|Tangrowth, F|item\n|poke|p1|Gardevoir, F|item\n|poke|p2|Hawlucha, M|item\n|poke|p2|Swampert, F|item\n|poke|p2|Ferrothorn, M|item\n|poke|p2|Pelipper, M|item\n|poke|p2|Tapu Koko|item\n|poke|p2|Greninja, M|item\n|rule|Sleep Clause Mod: Limit one foe put to sleep\n|rule|Species Clause: Limit one of each Pok\u00e9mon\n|rule|OHKO Clause: OHKO moves are banned\n|rule|Moody Clause: Moody is banned\n|rule|Evasion Moves Clause: Evasion moves are banned\n|rule|Endless Battle Clause: Forcing endless battles is banned\n|rule|HP Percentage Mod: HP is shown in percentages\n|teampreview\n|inactive|Battle timer is ON: inactive players will automatically lose when time's up. (requested by Ban Lando t guy jk)\n|\n|start\n|switch|p1a: Gardevoir|Gardevoir, F|100\/100\n|switch|p2a: K. Beats|Greninja, M|100\/100\n|turn|1\n|\n|detailschange|p1a: Gardevoir|Gardevoir-Mega, F\n|-mega|p1a: Gardevoir|Gardevoir|Gardevoirite\n|move|p2a: K. Beats|Hydro Pump|p1a: Gardevoir\n|-damage|p1a: Gardevoir|42\/100\n|move|p1a: Gardevoir|Hyper Voice|p2a: K. Beats\n|-supereffective|p2a: K. Beats\n|-damage|p2a: K. Beats|0 fnt\n|faint|p2a: K. Beats\n|\n|upkeep\n|\n|switch|p2a: Hey|Ferrothorn, M|100\/100\n|turn|2\n|\n|switch|p1a: Zapdos|Zapdos, shiny|100\/100\n|move|p2a: Hey|Stealth Rock|p1a: Zapdos\n|-sidestart|p1: Eith|move: Stealth Rock\n|\n|upkeep\n|turn|3\n|\n|switch|p2a: Nappy is trash|Pelipper, M|100\/100\n|-weather|RainDance|[from] ability: Drizzle|[of] p2a: Nappy is trash\n|move|p1a: Zapdos|Heat Wave|p2a: Nappy is trash\n|-resisted|p2a: Nappy is trash\n|-damage|p2a: Nappy is trash|93\/100\n|\n|-weather|RainDance|[upkeep]\n|upkeep\n|turn|4\n|\n|switch|p1a: Tangrowth|Tangrowth, F|100\/100\n|-damage|p1a: Tangrowth|88\/100|[from] Stealth Rock\n|switch|p2a: Let get Bluff|Swampert, F|100\/100\n|\n|-weather|RainDance|[upkeep]\n|upkeep\n|turn|5\n|\n|switch|p2a: Hey|Ferrothorn, M|100\/100\n|move|p1a: Tangrowth|Giga Drain|p2a: Hey\n|-resisted|p2a: Hey\n|-damage|p2a: Hey|95\/100\n|-heal|p1a: Tangrowth|91\/100|[from] drain|[of] p2a: Hey\n|\n|-weather|RainDance|[upkeep]\n|-heal|p2a: Hey|100\/100|[from] item: Leftovers\n|upkeep\n|turn|6\n|\n|switch|p1a: Zapdos|Zapdos, shiny|100\/100\n|-damage|p1a: Zapdos|76\/100|[from] Stealth Rock\n|move|p2a: Hey|Spikes|p1a: Zapdos\n|-sidestart|p1: Eith|Spikes\n|\n|-weather|RainDance|[upkeep]\n|-heal|p1a: Zapdos|82\/100|[from] item: Leftovers\n|upkeep\n|turn|7\n|\n|switch|p2a: Let get Bluff|Swampert, F|100\/100\n|move|p1a: Zapdos|Defog|p2a: Let get Bluff\n|-unboost|p2a: Let get Bluff|evasion|1\n|-sideend|p1: Eith|Spikes|[from] move: Defog|[of] p1a: Zapdos\n|-sideend|p1: Eith|Stealth Rock|[from] move: Defog|[of] p1a: Zapdos\n|\n|-weather|RainDance|[upkeep]\n|-heal|p1a: Zapdos|88\/100|[from] item: Leftovers\n|upkeep\n|turn|8\n|\n|switch|p1a: Tangrowth|Tangrowth, F|100\/100\n|detailschange|p2a: Let get Bluff|Swampert-Mega, F\n|-mega|p2a: Let get Bluff|Swampert|Swampertite\n|move|p2a: Let get Bluff|Ice Punch|p1a: Tangrowth\n|-supereffective|p1a: Tangrowth\n|-damage|p1a: Tangrowth|62\/100\n|-damage|p2a: Let get Bluff|84\/100|[from] item: Rocky Helmet|[of] p1a: Tangrowth\n|\n|-weather|RainDance|[upkeep]\n|upkeep\n|turn|9\n|\n|switch|p2a: Hey|Ferrothorn, M|100\/100\n|move|p1a: Tangrowth|Knock Off|p2a: Hey\n|-damage|p2a: Hey|86\/100\n|-damage|p1a: Tangrowth|50\/100|[from] ability: Iron Barbs|[of] p2a: Hey\n|-enditem|p2a: Hey|Leftovers|[from] move: Knock Off|[of] p1a: Tangrowth\n|\n|-weather|RainDance|[upkeep]\n|upkeep\n|turn|10\n|\n|switch|p1a: Zapdos|Zapdos, shiny|88\/100\n|move|p2a: Hey|Knock Off|p1a: Zapdos\n|-damage|p1a: Zapdos|72\/100\n|-enditem|p1a: Zapdos|Leftovers|[from] move: Knock Off|[of] p2a: Hey\n|\n|-weather|none\n|upkeep\n|turn|11\n|\n|move|p1a: Zapdos|Discharge|p2a: Hey\n|-resisted|p2a: Hey\n|-damage|p2a: Hey|72\/100\n|-status|p2a: Hey|par\n|cant|p2a: Hey|par\n|\n|upkeep\n|turn|12\n|\n|switch|p2a: Nappy is trash|Pelipper, M|93\/100\n|-weather|RainDance|[from] ability: Drizzle|[of] p2a: Nappy is trash\n|move|p1a: Zapdos|Discharge|p2a: Nappy is trash\n|-supereffective|p2a: Nappy is trash\n|-damage|p2a: Nappy is trash|0 fnt\n|faint|p2a: Nappy is trash\n|\n|-weather|RainDance|[upkeep]\n|upkeep\n|\n|switch|p2a: Let get Bluff|Swampert-Mega, F|84\/100\n|turn|13\n|\n|switch|p1a: Tangrowth|Tangrowth, F|83\/100\n|move|p2a: Let get Bluff|Power-Up Punch|p1a: Tangrowth\n|-damage|p1a: Tangrowth|74\/100\n|-damage|p2a: Let get Bluff|68\/100|[from] item: Rocky Helmet|[of] p1a: Tangrowth\n|-boost|p2a: Let get Bluff|atk|1\n|\n|-weather|RainDance|[upkeep]\n|upkeep\n|turn|14\n|\n|move|p2a: Let get Bluff|Ice Punch|p1a: Tangrowth\n|-supereffective|p1a: Tangrowth\n|-damage|p1a: Tangrowth|21\/100\n|-damage|p2a: Let get Bluff|51\/100|[from] item: Rocky Helmet|[of] p1a: Tangrowth\n|move|p1a: Tangrowth|Giga Drain|p2a: Let get Bluff\n|-supereffective|p2a: Let get Bluff\n|-damage|p2a: Let get Bluff|0 fnt\n|-heal|p1a: Tangrowth|42\/100|[from] drain|[of] p2a: Let get Bluff\n|faint|p2a: Let get Bluff\n|\n|-weather|RainDance|[upkeep]\n|upkeep\n|\n|switch|p2a: Tapu Koko|Tapu Koko|100\/100\n|-fieldstart|move: Electric Terrain|[from] ability: Electric Surge|[of] p2a: Tapu Koko\n|turn|15\n|\n|switch|p1a: Chansey|Chansey, F|100\/100\n|-zpower|p2a: Tapu Koko\n|move|p2a: Tapu Koko|Twinkle Tackle|p1a: Chansey|[zeffect]\n|-damage|p1a: Chansey|82\/100\n|\n|-weather|RainDance|[upkeep]\n|upkeep\n|turn|16\n|\n|move|p2a: Tapu Koko|Taunt|p1a: Chansey\n|-start|p1a: Chansey|move: Taunt\n|cant|p1a: Chansey|move: Taunt|Stealth Rock\n|\n|-weather|RainDance|[upkeep]\n|upkeep\n|turn|17\n|\n|switch|p2a: opy and PasteBirb|Hawlucha, M|100\/100\n|-enditem|p2a: opy and PasteBirb|Electric Seed\n|-boost|p2a: opy and PasteBirb|def|1\n|move|p1a: Chansey|Seismic Toss|p2a: opy and PasteBirb\n|-damage|p2a: opy and PasteBirb|69\/100\n|\n|-weather|RainDance|[upkeep]\n|upkeep\n|turn|18\n|\n|move|p2a: opy and PasteBirb|Swords Dance|p2a: opy and PasteBirb\n|-boost|p2a: opy and PasteBirb|atk|2\n|move|p1a: Chansey|Seismic Toss|p2a: opy and PasteBirb\n|-damage|p2a: opy and PasteBirb|38\/100\n|\n|-weather|RainDance|[upkeep]\n|-end|p1a: Chansey|move: Taunt\n|upkeep\n|turn|19\n|\n|move|p2a: opy and PasteBirb|Roost|p2a: opy and PasteBirb\n|-heal|p2a: opy and PasteBirb|88\/100\n|-singleturn|p2a: opy and PasteBirb|move: Roost\n|move|p1a: Chansey|Seismic Toss|p2a: opy and PasteBirb\n|-damage|p2a: opy and PasteBirb|57\/100\n|\n|-weather|none\n|-fieldend|move: Electric Terrain\n|upkeep\n|turn|20\n|\n|move|p2a: opy and PasteBirb|Swords Dance|p2a: opy and PasteBirb\n|-boost|p2a: opy and PasteBirb|atk|2\n|move|p1a: Chansey|Thunder Wave|p2a: opy and PasteBirb\n|-status|p2a: opy and PasteBirb|par\n|\n|upkeep\n|turn|21\n|\n|move|p2a: opy and PasteBirb|Acrobatics|p1a: Chansey\n|-damage|p1a: Chansey|0 fnt\n|faint|p1a: Chansey\n|\n|upkeep\n|\n|switch|p1a: Chandelure|Chandelure, F, shiny|100\/100\n|turn|22\n|\n|move|p1a: Chandelure|Flamethrower|p2a: opy and PasteBirb\n|-damage|p2a: opy and PasteBirb|0 fnt\n|faint|p2a: opy and PasteBirb\n|\n|upkeep\n|\n|switch|p2a: Tapu Koko|Tapu Koko|100\/100\n|-fieldstart|move: Electric Terrain|[from] ability: Electric Surge|[of] p2a: Tapu Koko\n|turn|23\n|-message|Ban Lando t guy jk forfeited.\n|\n|win|Eith\n|l|\u2606Ban Lando t guy jk\n|raw|Eith's rating: 1428 &rarr; <strong>1457<\/strong><br \/>(+29 for winning)\n|raw|Ban Lando t guy jk's rating: 1595 &rarr; <strong>1566<\/strong><br \/>(-29 for losing)\n","uploadtime":1579369434,"views":2,"p1id":"eith","p2id":"banlandotguyjk","formatid":"gen7ou","rating":1457,"private":0,"password":null}