{"id":"gen7ou-1706970948","p1":"Adramelech1111","p2":"Baptista Augusto","format":"gen7ou","log":"|j|\u2606Adramelech1111\n|j|\u2606Baptista Augusto\n|t:|1668037591\n|gametype|singles\n|player|p1|Adramelech1111|2|1278\n|player|p2|Baptista Augusto|red|1331\n|teamsize|p1|6\n|teamsize|p2|6\n|gen|7\n|tier|[Gen 7] OU\n|rated|\n|rule|Sleep Clause Mod: Limit one foe put to sleep\n|rule|Species Clause: Limit one of each Pok\u00e9mon\n|rule|OHKO Clause: OHKO moves are banned\n|rule|Moody Clause: Moody is banned\n|rule|Evasion Items Clause: Evasion items are banned\n|rule|Evasion Moves Clause: Evasion moves are banned\n|rule|Endless Battle Clause: Forcing endless battles is banned\n|rule|HP Percentage Mod: HP is shown in percentages\n|clearpoke\n|poke|p1|Gyarados, M|item\n|poke|p1|Rampardos, F|item\n|poke|p1|Dragalge, M|item\n|poke|p1|Sceptile, F|item\n|poke|p1|Clefable, M|item\n|poke|p1|Swampert, M|item\n|poke|p2|Jolteon, M|item\n|poke|p2|Starmie|item\n|poke|p2|Scyther, M|item\n|poke|p2|Dodrio, M|item\n|poke|p2|Dragonite, M|item\n|poke|p2|Venusaur, M|item\n|teampreview\n|inactive|Battle timer is ON: inactive players will automatically lose when time's up. (requested by Adramelech1111)\n|\n|t:|1668037634\n|start\n|switch|p1a: Dragalge|Dragalge, M, shiny|100\/100\n|switch|p2a: Scyther|Scyther, M|100\/100\n|turn|1\n|\n|t:|1668037642\n|move|p2a: Scyther|Knock Off|p1a: Dragalge\n|-crit|p1a: Dragalge\n|-damage|p1a: Dragalge|48\/100\n|-enditem|p1a: Dragalge|Choice Specs|[from] move: Knock Off|[of] p2a: Scyther\n|move|p1a: Dragalge|Focus Blast|p2a: Scyther|[miss]\n|-miss|p1a: Dragalge|p2a: Scyther\n|\n|upkeep\n|turn|2\n|\n|t:|1668037649\n|move|p2a: Scyther|Aerial Ace|p1a: Dragalge\n|-damage|p1a: Dragalge|0 fnt\n|faint|p1a: Dragalge\n|\n|upkeep\n|\n|t:|1668037658\n|switch|p1a: Gyarados|Gyarados, M, shiny|100\/100\n|turn|3\n|\n|t:|1668037661\n|switch|p2a: Jolteon|Jolteon, M|100\/100\n|move|p1a: Gyarados|Dragon Dance|p1a: Gyarados\n|-boost|p1a: Gyarados|atk|1\n|-boost|p1a: Gyarados|spe|1\n|\n|-status|p2a: Jolteon|brn|[from] item: Flame Orb\n|upkeep\n|turn|4\n|\n|t:|1668037676\n|switch|p1a: Swampert|Swampert, M, shiny|100\/100\n|move|p2a: Jolteon|Discharge|p1a: Swampert\n|-immune|p1a: Swampert\n|\n|-damage|p2a: Jolteon|95\/100 brn|[from] brn\n|upkeep\n|turn|5\n|\n|t:|1668037685\n|switch|p2a: Scyther|Scyther, M|100\/100\n|move|p1a: Swampert|Stealth Rock|p2a: Scyther\n|-sidestart|p2: Baptista Augusto|move: Stealth Rock\n|\n|upkeep\n|turn|6\n|\n|t:|1668037692\n|move|p2a: Scyther|Swords Dance|p2a: Scyther\n|-boost|p2a: Scyther|atk|2\n|move|p1a: Swampert|Toxic|p2a: Scyther|[miss]\n|-miss|p1a: Swampert|p2a: Scyther\n|\n|upkeep\n|turn|7\n|\n|t:|1668037699\n|move|p2a: Scyther|Aerial Ace|p1a: Swampert\n|-damage|p1a: Swampert|49\/100\n|move|p1a: Swampert|Toxic|p2a: Scyther\n|-status|p2a: Scyther|tox\n|\n|-heal|p1a: Swampert|55\/100|[from] item: Leftovers\n|-damage|p2a: Scyther|94\/100 tox|[from] psn\n|upkeep\n|turn|8\n|\n|t:|1668037709\n|move|p2a: Scyther|Knock Off|p1a: Swampert\n|-damage|p1a: Swampert|19\/100\n|-enditem|p1a: Swampert|Leftovers|[from] move: Knock Off|[of] p2a: Scyther\n|move|p1a: Swampert|Roar|p2a: Scyther\n|drag|p2a: Dragonite|Dragonite, M|100\/100\n|-damage|p2a: Dragonite|76\/100|[from] Stealth Rock\n|\n|upkeep\n|turn|9\n|\n|t:|1668037718\n|move|p2a: Dragonite|Earthquake|p1a: Swampert\n|-damage|p1a: Swampert|0 fnt\n|faint|p1a: Swampert\n|\n|upkeep\n|\n|t:|1668037725\n|switch|p1a: Sceptile|Sceptile, F, shiny|100\/100\n|turn|10\n|\n|t:|1668037735\n|switch|p2a: Scyther|Scyther, M|94\/100 tox\n|-damage|p2a: Scyther|45\/100 tox|[from] Stealth Rock\n|detailschange|p1a: Sceptile|Sceptile-Mega, F, shiny\n|-mega|p1a: Sceptile|Sceptile|Sceptilite\n|move|p1a: Sceptile|Dragon Pulse|p2a: Scyther\n|-damage|p2a: Scyther|0 fnt\n|faint|p2a: Scyther\n|\n|upkeep\n|\n|t:|1668037739\n|switch|p2a: Jolteon|Jolteon, M|95\/100 brn\n|-damage|p2a: Jolteon|82\/100 brn|[from] Stealth Rock\n|turn|11\n|\n|t:|1668037748\n|move|p2a: Jolteon|Hidden Power|p1a: Sceptile\n|-supereffective|p1a: Sceptile\n|-damage|p1a: Sceptile|0 fnt\n|faint|p1a: Sceptile\n|\n|-damage|p2a: Jolteon|77\/100 brn|[from] brn\n|upkeep\n|\n|t:|1668037758\n|switch|p1a: Rampardos|Rampardos, F, shiny|100\/100\n|turn|12\n|\n|t:|1668037761\n|move|p2a: Jolteon|Volt Switch|p1a: Rampardos\n|-damage|p1a: Rampardos|34\/100\n|\n|t:|1668037764\n|switch|p2a: Starmie|Starmie|100\/100|[from]move: Volt Switch\n|-damage|p2a: Starmie|88\/100|[from] Stealth Rock\n|move|p1a: Rampardos|Head Smash|p2a: Starmie\n|-damage|p2a: Starmie|0 fnt\n|faint|p2a: Starmie\n|-damage|p1a: Rampardos|0 fnt|[from] Recoil\n|faint|p1a: Rampardos\n|\n|upkeep\n|\n|t:|1668037775\n|switch|p2a: Jolteon|Jolteon, M|77\/100 brn\n|switch|p1a: Clefable|Clefable, M, shiny|100\/100\n|-damage|p2a: Jolteon|64\/100 brn|[from] Stealth Rock\n|turn|13\n|\n|t:|1668037783\n|move|p2a: Jolteon|Volt Switch|p1a: Clefable\n|-damage|p1a: Clefable|77\/100\n|\n|t:|1668037784\n|switch|p2a: Dodrio|Dodrio, M|100\/100|[from]move: Volt Switch\n|-damage|p2a: Dodrio|76\/100|[from] Stealth Rock\n|move|p1a: Clefable|Wish|p1a: Clefable\n|\n|-heal|p1a: Clefable|83\/100|[from] item: Leftovers\n|upkeep\n|turn|14\n|\n|t:|1668037793\n|move|p2a: Dodrio|Knock Off|p1a: Clefable\n|-resisted|p1a: Clefable\n|-damage|p1a: Clefable|66\/100\n|-enditem|p1a: Clefable|Leftovers|[from] move: Knock Off|[of] p2a: Dodrio\n|move|p1a: Clefable|Toxic|p2a: Dodrio\n|-status|p2a: Dodrio|tox\n|\n|-heal|p1a: Clefable|100\/100|[from] move: Wish|[wisher] Clefable\n|-damage|p2a: Dodrio|69\/100 tox|[from] psn\n|upkeep\n|turn|15\n|\n|t:|1668037804\n|move|p2a: Dodrio|Brave Bird|p1a: Clefable\n|-damage|p1a: Clefable|43\/100\n|-damage|p2a: Dodrio|41\/100 tox|[from] Recoil\n|move|p1a: Clefable|Wish|p1a: Clefable\n|\n|-damage|p2a: Dodrio|28\/100 tox|[from] psn\n|upkeep\n|turn|16\n|\n|t:|1668037814\n|move|p1a: Clefable|Protect|p1a: Clefable\n|-singleturn|p1a: Clefable|Protect\n|move|p2a: Dodrio|Brave Bird|p1a: Clefable\n|-activate|p1a: Clefable|move: Protect\n|\n|-heal|p1a: Clefable|93\/100|[from] move: Wish|[wisher] Clefable\n|-damage|p2a: Dodrio|10\/100 tox|[from] psn\n|upkeep\n|turn|17\n|\n|t:|1668037823\n|move|p2a: Dodrio|Brave Bird|p1a: Clefable\n|-crit|p1a: Clefable\n|-damage|p1a: Clefable|0 fnt\n|faint|p1a: Clefable\n|-damage|p2a: Dodrio|0 fnt|[from] Recoil\n|faint|p2a: Dodrio\n|\n|upkeep\n|\n|t:|1668037831\n|switch|p2a: Jolteon|Jolteon, M|64\/100 brn\n|switch|p1a: Gyarados|Gyarados, M, shiny|100\/100\n|-damage|p2a: Jolteon|52\/100 brn|[from] Stealth Rock\n|turn|18\n|\n|t:|1668037837\n|move|p2a: Jolteon|Volt Switch|p1a: Gyarados\n|-supereffective|p1a: Gyarados\n|-damage|p1a: Gyarados|0 fnt\n|faint|p1a: Gyarados\n|\n|win|Baptista Augusto\n|raw|Adramelech1111's rating: 1278 &rarr; <strong>1257<\/strong><br \/>(-21 for losing)\n|raw|Baptista Augusto's rating: 1331 &rarr; <strong>1348<\/strong><br \/>(+17 for winning)\n|l|\u2606Adramelech1111\n","uploadtime":1668037850,"views":3,"p1id":"adramelech1111","p2id":"baptistaaugusto","formatid":"gen7ou","rating":1257,"private":0,"password":null}