{"id":"gen7ou-587038167","p1":"Yan020495","p2":"I'm back from mars","format":"gen7ou","log":"|j|Yan020495\n|j|I'm back from mars\n|player|p1|Yan020495|35\n|teamsize|p1|6\n|player|p2|I'm back from mars|128\n|teamsize|p2|6\n|gametype|singles\n|gen|7\n|tier|[Gen 7] OU\n|rated\n|seed|37272,14303,12313,57009\n|clearpoke\n|poke|p1|Heracross, M|item\n|poke|p1|Tapu Fini|item\n|poke|p1|Greninja, M|item\n|poke|p1|Celesteela|item\n|poke|p1|Nihilego|item\n|poke|p1|Landorus-Therian, M|item\n|poke|p2|Manectric, M|item\n|poke|p2|Landorus-Therian, M|item\n|poke|p2|Tapu Fini|item\n|poke|p2|Tangrowth, M|item\n|poke|p2|Magearna|item\n|poke|p2|Zygarde|item\n|rule|Sleep Clause Mod: Limit one foe put to sleep\n|rule|Species Clause: Limit one of each Pok\u00e9mon\n|rule|OHKO Clause: OHKO moves are banned\n|rule|Moody Clause: Moody is banned\n|rule|Evasion Moves Clause: Evasion moves are banned\n|rule|Endless Battle Clause: Forcing endless battles is banned\n|rule|HP Percentage Mod: HP is shown in percentages\n|teampreview\n|choice|team 3, team 2, team 1, team 4, team 5, team 6|team 2, team 1, team 3, team 4, team 5, team 6\n|\n|start\n|switch|p1a: Naruto|Greninja, M|285\/285\n|switch|p2a: Landorus|Landorus-Therian, M|319\/319\n|-ability|p2a: Landorus|Intimidate|boost\n|-unboost|p1a: Naruto|atk|1\n|turn|1\n|j|justusekingdraguys\n|choice|move hydropump|switch 3\n|\n|switch|p2a: Tapu Fini|Tapu Fini|343\/343\n|-fieldstart|move: Misty Terrain|[from] ability: Misty Surge|[of] p2a: Tapu Fini\n|move|p1a: Naruto|Hydro Pump|p2a: Tapu Fini\n|-resisted|p2a: Tapu Fini\n|-damage|p2a: Tapu Fini|241\/343\n|\n|-heal|p2a: Tapu Fini|262\/343|[from] item: Leftovers\n|upkeep\n|turn|2\n|j|I play techies\n|choice|switch 2|move naturesmadness\n|\n|switch|p1a: Katara|Tapu Fini|343\/343\n|move|p2a: Tapu Fini|Nature's Madness|p1a: Katara\n|-damage|p1a: Katara|172\/343\n|\n|-heal|p2a: Tapu Fini|283\/343|[from] item: Leftovers\n|-heal|p1a: Katara|193\/343|[from] item: Leftovers\n|upkeep\n|turn|3\n|choice|move naturesmadness|switch 4\n|\n|switch|p2a: Tangrowth|Tangrowth, M|404\/404\n|move|p1a: Katara|Nature's Madness|p2a: Tangrowth\n|-damage|p2a: Tangrowth|202\/404\n|\n|-heal|p1a: Katara|214\/343|[from] item: Leftovers\n|upkeep\n|turn|4\n|choice|switch 3|move gigadrain\n|\n|switch|p1a: Heracross|Heracross, M|361\/361\n|move|p2a: Tangrowth|Giga Drain|p1a: Heracross\n|-resisted|p1a: Heracross\n|-damage|p1a: Heracross|307\/361\n|-heal|p2a: Tangrowth|229\/404|[from] drain|[of] p1a: Heracross\n|\n|upkeep\n|turn|5\n|j|BIGTEN8\n|choice|move rockblast mega|switch 3\n|\n|switch|p2a: Landorus|Landorus-Therian, M|319\/319\n|-ability|p2a: Landorus|Intimidate|boost\n|-unboost|p1a: Heracross|atk|1\n|detailschange|p1a: Heracross|Heracross-Mega, M\n|-mega|p1a: Heracross|Heracross|Heracronite\n|move|p1a: Heracross|Rock Blast|p2a: Landorus\n|-damage|p2a: Landorus|291\/319\n|-damage|p2a: Landorus|261\/319\n|-damage|p2a: Landorus|233\/319\n|-damage|p2a: Landorus|205\/319\n|-damage|p2a: Landorus|176\/319\n|-hitcount|p2a: Landorus|5\n|\n|-fieldend|Misty Terrain\n|upkeep\n|turn|6\n|choice|switch 6|move stealthrock\n|\n|switch|p1a: Landorus|Landorus-Therian, M|319\/319\n|-ability|p1a: Landorus|Intimidate|boost\n|-unboost|p2a: Landorus|atk|1\n|move|p2a: Landorus|Stealth Rock|p1a: Landorus\n|-sidestart|p1: Yan020495|move: Stealth Rock\n|\n|upkeep\n|turn|7\n|choice|move stealthrock|switch 3\n|\n|switch|p2a: Tangrowth|Tangrowth, M|363\/404\n|move|p1a: Landorus|Stealth Rock|p2a: Tangrowth\n|-sidestart|p2: I'm back from mars|move: Stealth Rock\n|\n|upkeep\n|turn|8\n|l|BIGTEN8\n|choice|switch 4|move gigadrain\n|\n|switch|p1a: Celesteela|Celesteela|398\/398\n|-damage|p1a: Celesteela|349\/398|[from] Stealth Rock\n|move|p2a: Tangrowth|Giga Drain|p1a: Celesteela\n|-resisted|p1a: Celesteela\n|-damage|p1a: Celesteela|331\/398\n|-heal|p2a: Tangrowth|372\/404|[from] drain|[of] p1a: Celesteela\n|\n|-heal|p1a: Celesteela|355\/398|[from] item: Leftovers\n|upkeep\n|turn|9\n|choice|switch 6|move knockoff\n|\n|switch|p1a: Heracross|Heracross-Mega, M|307\/361\n|-damage|p1a: Heracross|262\/361|[from] Stealth Rock\n|move|p2a: Tangrowth|Knock Off|p1a: Heracross\n|-resisted|p1a: Heracross\n|-damage|p1a: Heracross|238\/361\n|\n|upkeep\n|turn|10\n|choice|move pinmissile|switch 3\n|\n|switch|p2a: Landorus|Landorus-Therian, M|176\/319\n|-damage|p2a: Landorus|137\/319|[from] Stealth Rock\n|-ability|p2a: Landorus|Intimidate|boost\n|-unboost|p1a: Heracross|atk|1\n|move|p1a: Heracross|Pin Missile|p2a: Landorus\n|-resisted|p2a: Landorus\n|-damage|p2a: Landorus|115\/319\n|-resisted|p2a: Landorus\n|-damage|p2a: Landorus|94\/319\n|-resisted|p2a: Landorus\n|-damage|p2a: Landorus|73\/319\n|-resisted|p2a: Landorus\n|-damage|p2a: Landorus|52\/319\n|-resisted|p2a: Landorus\n|-damage|p2a: Landorus|31\/319\n|-hitcount|p2a: Landorus|5\n|\n|upkeep\n|turn|11\n|choice|switch 6|move smackdown\n|\n|switch|p1a: Celesteela|Celesteela|355\/398\n|-damage|p1a: Celesteela|306\/398|[from] Stealth Rock\n|move|p2a: Landorus|Smack Down|p1a: Celesteela\n|-crit|p1a: Celesteela\n|-damage|p1a: Celesteela|203\/398\n|-start|p1a: Celesteela|Smack Down\n|\n|-heal|p1a: Celesteela|227\/398|[from] item: Leftovers\n|upkeep\n|turn|12\n|choice|move protect|move smackdown\n|\n|move|p1a: Celesteela|Protect|p1a: Celesteela\n|-singleturn|p1a: Celesteela|Protect\n|move|p2a: Landorus|Smack Down|p1a: Celesteela\n|-activate|p1a: Celesteela|move: Protect\n|\n|-heal|p1a: Celesteela|251\/398|[from] item: Leftovers\n|upkeep\n|turn|13\n|choice|switch 4|move earthquake\n|\n|switch|p1a: Landorus|Landorus-Therian, M|319\/319\n|-damage|p1a: Landorus|280\/319|[from] Stealth Rock\n|-ability|p1a: Landorus|Intimidate|boost\n|-unboost|p2a: Landorus|atk|1\n|move|p2a: Landorus|Earthquake|p1a: Landorus\n|-immune|p1a: Landorus|[msg]\n|\n|upkeep\n|turn|14\n|choice|move stoneedge|switch 3\n|\n|switch|p2a: Tangrowth|Tangrowth, M|404\/404\n|-damage|p2a: Tangrowth|354\/404|[from] Stealth Rock\n|move|p1a: Landorus|Stone Edge|p2a: Tangrowth\n|-damage|p2a: Tangrowth|239\/404\n|\n|upkeep\n|turn|15\n|choice|move swordsdance|move gigadrain\n|\n|move|p1a: Landorus|Swords Dance|p1a: Landorus\n|-boost|p1a: Landorus|atk|2\n|move|p2a: Tangrowth|Giga Drain|p1a: Landorus\n|-damage|p1a: Landorus|166\/319\n|-heal|p2a: Tangrowth|296\/404|[from] drain|[of] p1a: Landorus\n|\n|upkeep\n|turn|16\n|choice|move stoneedge zmove|switch 3\n|\n|switch|p2a: Landorus|Landorus-Therian, M|31\/319\n|-damage|p2a: Landorus|0 fnt|[from] Stealth Rock\n|faint|p2a: Landorus\n|-zpower|p1a: Landorus\n|move|p1a: Landorus|Continental Crush|p2: Landorus|[zeffect]|[notarget]\n|-notarget\n|\n|upkeep\n|choice||switch 2\n|\n|switch|p2a: Manectric|Manectric, M|281\/281\n|-damage|p2a: Manectric|246\/281|[from] Stealth Rock\n|turn|17\n|choice|move earthquake|move hiddenpower mega\n|\n|detailschange|p2a: Manectric|Manectric-Mega, M\n|-mega|p2a: Manectric|Manectric|Manectite\n|-ability|p2a: Manectric|Intimidate|boost\n|-unboost|p1a: Landorus|atk|1\n|move|p2a: Manectric|Hidden Power|p1a: Landorus\n|-supereffective|p1a: Landorus\n|-damage|p1a: Landorus|0 fnt\n|faint|p1a: Landorus\n|\n|upkeep\n|choice|switch 5|\n|\n|switch|p1a: Nihilego|Nihilego|359\/359\n|-damage|p1a: Nihilego|315\/359|[from] Stealth Rock\n|turn|18\n|choice|move toxicspikes|switch 6\n|\n|switch|p2a: Zygarde|Zygarde|357\/357\n|-damage|p2a: Zygarde|335\/357|[from] Stealth Rock\n|-ability|p2a: Zygarde|Aura Break\n|move|p1a: Nihilego|Toxic Spikes|p2a: Zygarde\n|-sidestart|p2: I'm back from mars|move: Toxic Spikes\n|\n|upkeep\n|turn|19\n|choice|switch 3|move thousandarrows\n|\n|switch|p1a: Katara|Tapu Fini|214\/343\n|-damage|p1a: Katara|172\/343|[from] Stealth Rock\n|-fieldstart|move: Misty Terrain|[from] ability: Misty Surge|[of] p1a: Katara\n|move|p2a: Zygarde|Thousand Arrows|p1a: Katara\n|-damage|p1a: Katara|12\/343\n|\n|-heal|p1a: Katara|33\/343|[from] item: Leftovers\n|upkeep\n|turn|20\n|choice|move moonblast|switch 3\n|\n|switch|p2a: Tangrowth|Tangrowth, M|404\/404\n|-damage|p2a: Tangrowth|354\/404|[from] Stealth Rock\n|move|p1a: Katara|Moonblast|p2a: Tangrowth\n|-damage|p2a: Tangrowth|272\/404\n|\n|-heal|p1a: Katara|54\/343|[from] item: Leftovers\n|upkeep\n|turn|21\n|choice|switch 4|move gigadrain\n|\n|switch|p1a: Celesteela|Celesteela|251\/398\n|-damage|p1a: Celesteela|202\/398|[from] Stealth Rock\n|move|p2a: Tangrowth|Giga Drain|p1a: Celesteela\n|-resisted|p1a: Celesteela\n|-damage|p1a: Celesteela|187\/398\n|-heal|p2a: Tangrowth|280\/404|[from] drain|[of] p1a: Celesteela\n|\n|-heal|p1a: Celesteela|211\/398|[from] item: Leftovers\n|upkeep\n|turn|22\n|choice|move protect|switch 6\n|\n|switch|p2a: Manectric|Manectric-Mega, M|246\/281\n|-damage|p2a: Manectric|211\/281|[from] Stealth Rock\n|-ability|p2a: Manectric|Intimidate|boost\n|-unboost|p1a: Celesteela|atk|1\n|move|p1a: Celesteela|Protect|p1a: Celesteela\n|-fail|p1a: Celesteela\n|\n|-heal|p1a: Celesteela|235\/398|[from] item: Leftovers\n|upkeep\n|turn|23\n|choice|move protect|move thunderbolt\n|\n|move|p1a: Celesteela|Protect|p1a: Celesteela\n|-singleturn|p1a: Celesteela|Protect\n|move|p2a: Manectric|Thunderbolt|p1a: Celesteela\n|-activate|p1a: Celesteela|move: Protect\n|\n|-heal|p1a: Celesteela|259\/398|[from] item: Leftovers\n|-fieldend|Misty Terrain\n|upkeep\n|turn|24\n|choice|switch 3|move voltswitch\n|\n|switch|p1a: Nihilego|Nihilego|315\/359\n|-damage|p1a: Nihilego|271\/359|[from] Stealth Rock\n|move|p2a: Manectric|Volt Switch|p1a: Nihilego\n|-damage|p1a: Nihilego|162\/359\n|choice||switch 5\n|\n|switch|p2a: Magearna|Magearna|301\/301\n|-damage|p2a: Magearna|283\/301|[from] Stealth Rock\n|\n|upkeep\n|turn|25\n|choice|switch 3|move shiftgear\n|\n|switch|p1a: Celesteela|Celesteela|259\/398\n|-damage|p1a: Celesteela|210\/398|[from] Stealth Rock\n|move|p2a: Magearna|Shift Gear|p2a: Magearna\n|-boost|p2a: Magearna|spe|2\n|-boost|p2a: Magearna|atk|1\n|\n|-heal|p1a: Celesteela|234\/398|[from] item: Leftovers\n|upkeep\n|turn|26\n|choice|move protect|move thunderbolt\n|\n|move|p1a: Celesteela|Protect|p1a: Celesteela\n|-singleturn|p1a: Celesteela|Protect\n|move|p2a: Magearna|Thunderbolt|p1a: Celesteela\n|-activate|p1a: Celesteela|move: Protect\n|\n|-heal|p1a: Celesteela|258\/398|[from] item: Leftovers\n|upkeep\n|turn|27\n|choice|move flamethrower|move thunderbolt\n|\n|move|p2a: Magearna|Thunderbolt|p1a: Celesteela\n|-supereffective|p1a: Celesteela\n|-damage|p1a: Celesteela|100\/398\n|move|p1a: Celesteela|Flamethrower|p2a: Magearna\n|-supereffective|p2a: Magearna\n|-damage|p2a: Magearna|145\/301\n|\n|-heal|p1a: Celesteela|124\/398|[from] item: Leftovers\n|upkeep\n|turn|28\n|choice|move protect|move shiftgear\n|\n|move|p1a: Celesteela|Protect|p1a: Celesteela\n|-singleturn|p1a: Celesteela|Protect\n|move|p2a: Magearna|Shift Gear|p2a: Magearna\n|-boost|p2a: Magearna|spe|2\n|-boost|p2a: Magearna|atk|1\n|\n|-heal|p1a: Celesteela|148\/398|[from] item: Leftovers\n|upkeep\n|turn|29\n|choice|move flamethrower|move thunderbolt\n|\n|move|p2a: Magearna|Thunderbolt|p1a: Celesteela\n|-supereffective|p1a: Celesteela\n|-damage|p1a: Celesteela|0 fnt\n|faint|p1a: Celesteela\n|-ability|p2a: Magearna|Soul-Heart|boost\n|-boost|p2a: Magearna|spa|1\n|\n|upkeep\n|choice|switch 3|\n|\n|switch|p1a: Nihilego|Nihilego|162\/359\n|-damage|p1a: Nihilego|118\/359|[from] Stealth Rock\n|turn|30\n|choice|move powergem|move flashcannon\n|\n|move|p2a: Magearna|Flash Cannon|p1a: Nihilego\n|-supereffective|p1a: Nihilego\n|-damage|p1a: Nihilego|0 fnt\n|faint|p1a: Nihilego\n|-ability|p2a: Magearna|Soul-Heart|boost\n|-boost|p2a: Magearna|spa|1\n|\n|upkeep\n|choice|switch 2|\n|\n|switch|p1a: Naruto|Greninja, M|285\/285\n|-damage|p1a: Naruto|250\/285|[from] Stealth Rock\n|turn|31\n|choice|move watershuriken|move thunderbolt\n|\n|move|p1a: Naruto|Water Shuriken|p2a: Magearna\n|-crit|p2a: Magearna\n|-damage|p2a: Magearna|102\/301\n|-damage|p2a: Magearna|71\/301\n|-damage|p2a: Magearna|38\/301\n|-damage|p2a: Magearna|10\/301\n|-damage|p2a: Magearna|0 fnt\n|-hitcount|p2a: Magearna|5\n|faint|p2a: Magearna\n|-activate|p1a: Naruto|ability: Battle Bond\n|detailschange|p1a: Naruto|Greninja-Ash, M\n|\n|upkeep\n|choice||switch 4\n|\n|switch|p2a: Tapu Fini|Tapu Fini|283\/343\n|-status|p2a: Tapu Fini|psn\n|-damage|p2a: Tapu Fini|241\/343 psn|[from] Stealth Rock\n|-fieldstart|move: Misty Terrain|[from] ability: Misty Surge|[of] p2a: Tapu Fini\n|turn|32\n|choice|switch 4|move moonblast\n|\n|switch|p1a: Katara|Tapu Fini|54\/343\n|-damage|p1a: Katara|12\/343|[from] Stealth Rock\n|move|p2a: Tapu Fini|Moonblast|p1a: Katara\n|-damage|p1a: Katara|0 fnt\n|faint|p1a: Katara\n|\n|-heal|p2a: Tapu Fini|262\/343 psn|[from] item: Leftovers\n|-damage|p2a: Tapu Fini|220\/343 psn|[from] psn\n|upkeep\n|choice|switch 6|\n|\n|switch|p1a: Heracross|Heracross-Mega, M|238\/361\n|-damage|p1a: Heracross|193\/361|[from] Stealth Rock\n|turn|33\n|choice|move rockblast|move moonblast\n|\n|move|p2a: Tapu Fini|Moonblast|p1a: Heracross\n|-supereffective|p1a: Heracross\n|-damage|p1a: Heracross|0 fnt\n|faint|p1a: Heracross\n|\n|-heal|p2a: Tapu Fini|241\/343 psn|[from] item: Leftovers\n|-damage|p2a: Tapu Fini|199\/343 psn|[from] psn\n|upkeep\n|-message|Yan020495 forfeited.\n|\n|win|I'm back from mars\n|l|Yan020495","inputlog":null,"uploadtime":1496774708,"views":2,"p1id":"yan020495","p2id":"imbackfrommars","formatid":"gen7ou","rating":0,"private":0,"password":null}