{"id":"gen7randombattle-1616467255","p1":"BaddyGames","p2":"gotetre","format":"gen7randombattle","log":"|j|\u2606BaddyGames\n|j|\u2606gotetre\n|inactive|Battle timer is ON: inactive players will automatically lose when time's up.\n|t:|1657726571\n|gametype|singles\n|player|p1|BaddyGames|rood|\n|player|p2|gotetre|worker|\n|teamsize|p1|6\n|teamsize|p2|6\n|gen|7\n|tier|[Gen 7] Random Battle\n|rated|Tournament battle\n|rule|Sleep Clause Mod: Limit one foe put to sleep\n|rule|HP Percentage Mod: HP is shown in percentages\n|rule|Mega Rayquaza Clause: You cannot mega evolve Rayquaza\n|\n|t:|1657726571\n|start\n|switch|p1a: Darmanitan|Darmanitan, L84, F|314\/314\n|switch|p2a: Liepard|Liepard, L88, M|256\/256\n|turn|1\n|j|*Lady Monita \u2600\n|j| BB-8-NU\n|j| blah1011\n|c|\u2606gotetre|hf !\n|j| kioba\n|c|\u2606BaddyGames|u2\n|inactive|gotetre has 120 seconds left.\n|j| neckbeard007\n|\n|t:|1657726609\n|move|p2a: Liepard|Dark Pulse|p1a: Darmanitan\n|-damage|p1a: Darmanitan|193\/314\n|move|p1a: Darmanitan|Flare Blitz|p2a: Liepard\n|-enditem|p2a: Liepard|Focus Sash\n|-damage|p2a: Liepard|1\/256\n|-damage|p1a: Darmanitan|109\/314|[from] Recoil\n|\n|upkeep\n|turn|2\n|j| J.P.G1337\n|j| sundays.n_sundaes\n|l| sundays.n_sundaes\n|inactive|BaddyGames has 120 seconds left.\n|j| ShamuRamu\n|l| ShamuRamu\n|\n|t:|1657726652\n|switch|p1a: Machamp|Machamp, L84, M|288\/288\n|move|p2a: Liepard|Dark Pulse|p1a: Machamp\n|-resisted|p1a: Machamp\n|-damage|p1a: Machamp|240\/288\n|\n|-status|p1a: Machamp|brn|[from] item: Flame Orb\n|upkeep\n|turn|3\n|\n|t:|1657726674\n|switch|p2a: Swalot|Swalot, L88, M|319\/319\n|move|p1a: Machamp|Bullet Punch|p2a: Swalot\n|-crit|p2a: Swalot\n|-damage|p2a: Swalot|238\/319\n|\n|-heal|p2a: Swalot|257\/319|[from] item: Black Sludge\n|-damage|p1a: Machamp|222\/288 brn|[from] brn\n|upkeep\n|turn|4\n|inactive|BaddyGames has 120 seconds left.\n|inactive|gotetre has 120 seconds left.\n|\n|t:|1657726692\n|move|p2a: Swalot|Sludge Bomb|p1a: Machamp\n|-damage|p1a: Machamp|126\/288 brn\n|move|p1a: Machamp|Facade|p2a: Swalot\n|-damage|p2a: Swalot|86\/319\n|\n|-heal|p2a: Swalot|105\/319|[from] item: Black Sludge\n|-damage|p1a: Machamp|108\/288 brn|[from] brn\n|upkeep\n|turn|5\n|inactive|BaddyGames has 120 seconds left.\n|j| GreninjaYDavid45\n|\n|t:|1657726705\n|switch|p1a: Mew|Mew, L82|298\/298\n|move|p2a: Swalot|Sludge Bomb|p1a: Mew\n|-damage|p1a: Mew|217\/298\n|\n|-heal|p1a: Mew|235\/298|[from] item: Leftovers\n|-heal|p2a: Swalot|124\/319|[from] item: Black Sludge\n|upkeep\n|turn|6\n|inactive|gotetre has 120 seconds left.\n|\n|t:|1657726721\n|move|p1a: Mew|Stealth Rock|p2a: Swalot\n|-sidestart|p2: gotetre|move: Stealth Rock\n|move|p2a: Swalot|Toxic|p1a: Mew\n|-status|p1a: Mew|tox\n|-activate|p1a: Mew|ability: Synchronize\n|-immune|p2a: Swalot\n|\n|-heal|p1a: Mew|253\/298 tox|[from] item: Leftovers\n|-heal|p2a: Swalot|143\/319|[from] item: Black Sludge\n|-damage|p1a: Mew|235\/298 tox|[from] psn\n|upkeep\n|turn|7\n|inactive|gotetre has 120 seconds left.\n|\n|t:|1657726733\n|move|p1a: Mew|Psyshock|p2a: Swalot\n|-supereffective|p2a: Swalot\n|-damage|p2a: Swalot|0 fnt\n|faint|p2a: Swalot\n|\n|-heal|p1a: Mew|253\/298 tox|[from] item: Leftovers\n|-damage|p1a: Mew|217\/298 tox|[from] psn\n|upkeep\n|inactive|gotetre has 120 seconds left.\n|\n|t:|1657726738\n|switch|p2a: Starmie|Starmie, L82|233\/233\n|-damage|p2a: Starmie|204\/233|[from] Stealth Rock\n|turn|8\n|\n|t:|1657726747\n|switch|p1a: Milotic|Milotic, L84, F|297\/297\n|move|p2a: Starmie|Rapid Spin|p1a: Milotic\n|-damage|p1a: Milotic|281\/297\n|-sideend|p2: gotetre|Stealth Rock|[from] move: Rapid Spin|[of] p2a: Starmie\n|\n|-heal|p2a: Starmie|218\/233|[from] item: Leftovers\n|-heal|p1a: Milotic|297\/297|[from] item: Leftovers\n|upkeep\n|turn|9\n|\n|t:|1657726760\n|move|p2a: Starmie|Thunderbolt|p1a: Milotic\n|-supereffective|p1a: Milotic\n|-damage|p1a: Milotic|195\/297\n|move|p1a: Milotic|Dragon Tail|p2a: Starmie\n|-damage|p2a: Starmie|187\/233\n|drag|p2a: Liepard|Liepard, L88, M|1\/256\n|\n|-heal|p1a: Milotic|213\/297|[from] item: Leftovers\n|upkeep\n|turn|10\n|\n|t:|1657726773\n|move|p2a: Liepard|Dark Pulse|p1a: Milotic\n|-damage|p1a: Milotic|143\/297\n|cant|p1a: Milotic|flinch\n|\n|-heal|p1a: Milotic|161\/297|[from] item: Leftovers\n|upkeep\n|turn|11\n|l| GreninjaYDavid45\n|\n|t:|1657726778\n|move|p2a: Liepard|Dark Pulse|p1a: Milotic\n|-damage|p1a: Milotic|89\/297\n|cant|p1a: Milotic|flinch\n|\n|-heal|p1a: Milotic|107\/297|[from] item: Leftovers\n|upkeep\n|turn|12\n|\n|t:|1657726783\n|move|p2a: Liepard|Dark Pulse|p1a: Milotic\n|-damage|p1a: Milotic|38\/297\n|move|p1a: Milotic|Recover|p1a: Milotic\n|-heal|p1a: Milotic|187\/297\n|\n|-heal|p1a: Milotic|205\/297|[from] item: Leftovers\n|upkeep\n|turn|13\n|\n|t:|1657726787\n|move|p2a: Liepard|Dark Pulse|p1a: Milotic\n|-damage|p1a: Milotic|144\/297\n|move|p1a: Milotic|Recover|p1a: Milotic\n|-heal|p1a: Milotic|293\/297\n|\n|-heal|p1a: Milotic|297\/297|[from] item: Leftovers\n|upkeep\n|turn|14\n|\n|t:|1657726793\n|move|p2a: Liepard|Encore|p1a: Milotic\n|-start|p1a: Milotic|Encore\n|move|p1a: Milotic|Recover||[still]\n|-fail|p1a: Milotic|heal\n|\n|upkeep\n|turn|15\n|l| neckbeard007\n|l| kioba\n|\n|t:|1657726808\n|switch|p1a: Machamp|Machamp, L84, M|108\/288 brn\n|move|p2a: Liepard|Play Rough|p1a: Machamp\n|-supereffective|p1a: Machamp\n|-damage|p1a: Machamp|0 fnt\n|faint|p1a: Machamp\n|\n|upkeep\n|\n|t:|1657726816\n|switch|p1a: Mismagius|Mismagius, L86, F|243\/243\n|turn|16\n|\n|t:|1657726828\n|move|p2a: Liepard|Dark Pulse|p1a: Mismagius\n|-supereffective|p1a: Mismagius\n|-damage|p1a: Mismagius|91\/243\n|move|p1a: Mismagius|Shadow Ball|p2a: Liepard\n|-resisted|p2a: Liepard\n|-damage|p2a: Liepard|0 fnt\n|faint|p2a: Liepard\n|\n|-heal|p1a: Mismagius|106\/243|[from] item: Leftovers\n|upkeep\n|inactive|gotetre has 120 seconds left.\n|j| Amigento1958\n|\n|t:|1657726868\n|switch|p2a: Barbaracle|Barbaracle, L86, M|264\/264\n|turn|17\n|\n|t:|1657726873\n|move|p1a: Mismagius|Will-O-Wisp|p2a: Barbaracle|[miss]\n|-miss|p1a: Mismagius|p2a: Barbaracle\n|move|p2a: Barbaracle|Shell Smash|p2a: Barbaracle\n|-unboost|p2a: Barbaracle|def|1\n|-unboost|p2a: Barbaracle|spd|1\n|-boost|p2a: Barbaracle|atk|2\n|-boost|p2a: Barbaracle|spa|2\n|-boost|p2a: Barbaracle|spe|2\n|-enditem|p2a: Barbaracle|White Herb\n|-clearnegativeboost|p2a: Barbaracle|[silent]\n|\n|-heal|p1a: Mismagius|121\/243|[from] item: Leftovers\n|upkeep\n|turn|18\n|\n|t:|1657726882\n|switch|p1a: Solrock|Solrock, L88|302\/302\n|move|p2a: Barbaracle|Liquidation|p1a: Solrock\n|-supereffective|p1a: Solrock\n|-damage|p1a: Solrock|0 fnt\n|faint|p1a: Solrock\n|\n|upkeep\n|\n|t:|1657726883\n|switch|p1a: Milotic|Milotic, L84, F|297\/297\n|turn|19\n|\n|t:|1657726896\n|move|p2a: Barbaracle|Low Kick|p1a: Milotic\n|-damage|p1a: Milotic|58\/297\n|move|p1a: Milotic|Dragon Tail|p2a: Barbaracle\n|-damage|p2a: Barbaracle|241\/264\n|drag|p2a: Raikou|Raikou, L84|288\/288\n|\n|-heal|p1a: Milotic|76\/297|[from] item: Leftovers\n|upkeep\n|turn|20\n|\n|t:|1657726923\n|move|p2a: Raikou|Thunderbolt|p1a: Milotic\n|-supereffective|p1a: Milotic\n|-damage|p1a: Milotic|0 fnt\n|faint|p1a: Milotic\n|-damage|p2a: Raikou|260\/288|[from] item: Life Orb\n|\n|upkeep\n|\n|t:|1657726929\n|switch|p1a: Mew|Mew, L82|217\/298 tox\n|turn|21\n|j| rinyasvgc\n|\n|t:|1657726951\n|switch|p2a: Barbaracle|Barbaracle, L86, M|241\/264\n|move|p1a: Mew|Roost|p1a: Mew\n|-heal|p1a: Mew|298\/298 tox\n|-singleturn|p1a: Mew|move: Roost\n|\n|-damage|p1a: Mew|280\/298 tox|[from] psn\n|upkeep\n|turn|22\n|\n|t:|1657726960\n|move|p1a: Mew|Aura Sphere|p2a: Barbaracle\n|-supereffective|p2a: Barbaracle\n|-damage|p2a: Barbaracle|139\/264\n|move|p2a: Barbaracle|Liquidation|p1a: Mew\n|-damage|p1a: Mew|166\/298 tox\n|\n|-heal|p1a: Mew|184\/298 tox|[from] item: Leftovers\n|-damage|p1a: Mew|148\/298 tox|[from] psn\n|upkeep\n|turn|23\n|\n|t:|1657726972\n|move|p1a: Mew|Aura Sphere|p2a: Barbaracle\n|-supereffective|p2a: Barbaracle\n|-damage|p2a: Barbaracle|25\/264\n|move|p2a: Barbaracle|Shell Smash|p2a: Barbaracle\n|-unboost|p2a: Barbaracle|def|1\n|-unboost|p2a: Barbaracle|spd|1\n|-boost|p2a: Barbaracle|atk|2\n|-boost|p2a: Barbaracle|spa|2\n|-boost|p2a: Barbaracle|spe|2\n|\n|-heal|p1a: Mew|166\/298 tox|[from] item: Leftovers\n|-damage|p1a: Mew|112\/298 tox|[from] psn\n|upkeep\n|turn|24\n|l| Amigento1958\n|c|\u2606BaddyGames|gg\n|-message|BaddyGames forfeited.\n|\n|win|gotetre\n|n|\u2606BaddyGames|baddygames\n|n|\u2606gotetre|gotetre\n|n|*Lady Monita \u2600|ladymonita\n|n| BB-8-NU|bb8nu\n|n| blah1011|blah1011\n|n| J.P.G1337|jpg1337\n|n| rinyasvgc|rinyasvgc\n|l|\u2606BaddyGames\n|c|\u2606gotetre|gg\n|l| BB-8-NU\n|l|*Lady Monita \u2600\n|l| rinyasvgc\n|l| J.P.G1337\n|l| blah1011\n","inputlog":">version 4ea5a6a9dca8618be8e68d095151cb68dd6bfaa6\n>start {\"formatid\":\"gen7randombattle\",\"seed\":[38285,3200,35771,23519],\"rated\":\"Tournament battle\"}\n>player p1 {\"name\":\"BaddyGames\",\"avatar\":\"rood\",\"rating\":0,\"seed\":[19122,44610,4794,34649]}\n>player p2 {\"name\":\"gotetre\",\"avatar\":\"worker\",\"rating\":0,\"seed\":[47381,39422,36755,626]}\n>chat \u2606gotetre|hf !\n>chat \u2606BaddyGames|u2\n>p1 move flareblitz\n>p2 move darkpulse\n>p1 switch 5\n>p2 move darkpulse\n>p1 move bulletpunch\n>p2 switch 4\n>p1 move facade\n>p2 move sludgebomb\n>p1 switch 3\n>p2 move sludgebomb\n>p1 move stealthrock\n>p2 move toxic\n>p1 move psyshock\n>p2 move sludgebomb\n>p2 switch 5\n>p1 switch 4\n>p2 move rapidspin\n>p1 move dragontail\n>p2 move thunderbolt\n>p1 move recover\n>p2 move darkpulse\n>p1 move recover\n>p2 move darkpulse\n>p1 move recover\n>p2 move darkpulse\n>p1 move recover\n>p2 move darkpulse\n>p1 move scald\n>p2 move encore\n>p1 switch 3\n>p2 move playrough\n>p1 switch 2\n>p1 move shadowball\n>p2 move darkpulse\n>p2 switch 6\n>p1 move willowisp\n>p2 move shellsmash\n>p1 switch 6\n>p2 move liquidation\n>p1 switch 3\n>p1 move dragontail\n>p2 move lowkick\n>p1 move recover\n>p2 move thunderbolt\n>p1 switch 4\n>p1 move roost\n>p2 switch 3\n>p1 move aurasphere\n>p2 move liquidation\n>p1 move aurasphere\n>p2 move shellsmash\n>chat \u2606BaddyGames|gg\n>forcelose p1","uploadtime":1657726980,"views":5,"p1id":"baddygames","p2id":"gotetre","formatid":"gen7randombattle","rating":0,"private":0,"password":null}