{"id":"gen7ou-929617233","p1":"Wildkyu","p2":"JoeyOwesMeMoney","format":"gen7ou","log":"|j|\u2606Wildkyu\n|j|\u2606JoeyOwesMeMoney\n|player|p1|Wildkyu|7\n|player|p2|JoeyOwesMeMoney|265\n|teamsize|p1|6\n|teamsize|p2|6\n|gametype|singles\n|gen|7\n|tier|[Gen 7] OU\n|rated|\n|rule|Sleep Clause Mod: Limit one foe put to sleep\n|rule|Species Clause: Limit one of each Pok\u00e9mon\n|rule|OHKO Clause: OHKO moves are banned\n|rule|Moody Clause: Moody is banned\n|rule|Evasion Moves Clause: Evasion moves are banned\n|rule|Endless Battle Clause: Forcing endless battles is banned\n|rule|HP Percentage Mod: HP is shown in percentages\n|clearpoke\n|poke|p1|Scizor, F|item\n|poke|p1|Rotom-Wash|item\n|poke|p1|Landorus-Therian, M|item\n|poke|p1|Kyurem-Black|item\n|poke|p1|Tapu Koko|item\n|poke|p1|Heatran, M|item\n|poke|p2|Skarmory, M|item\n|poke|p2|Chansey, F|item\n|poke|p2|Magnezone|item\n|poke|p2|Toxapex, M|item\n|poke|p2|Clefable, F|item\n|poke|p2|Sableye, F|item\n|teampreview\n|j| Seiko leich\n|\n|start\n|switch|p1a: Heatran|Heatran, M|324\/324\n|switch|p2a: Sableye|Sableye, F|303\/303\n|turn|1\n|c| Seiko leich|staller\n|\n|switch|p1a: Tapu Koko|Tapu Koko|281\/281\n|-fieldstart|move: Electric Terrain|[from] ability: Electric Surge|[of] p1a: Tapu Koko\n|detailschange|p2a: Sableye|Sableye-Mega, F\n|-mega|p2a: Sableye|Sableye|Sablenite\n|move|p2a: Sableye|Protect||[still]\n|-fail|p2a: Sableye\n|\n|upkeep\n|turn|2\n|\n|move|p2a: Sableye|Protect|p2a: Sableye\n|-singleturn|p2a: Sableye|Protect\n|move|p1a: Tapu Koko|Volt Switch|p2a: Sableye\n|-activate|p2a: Sableye|move: Protect\n|\n|upkeep\n|turn|3\n|\n|move|p1a: Tapu Koko|Volt Switch|p2a: Sableye\n|-damage|p2a: Sableye|201\/303\n|\n|switch|p1a: Landorus|Landorus-Therian, M|382\/382\n|-ability|p1a: Landorus|Intimidate|boost\n|-unboost|p2a: Sableye|atk|1\n|move|p2a: Sableye|Recover|p2a: Sableye\n|-heal|p2a: Sableye|303\/303\n|\n|upkeep\n|turn|4\n|\n|move|p2a: Sableye|Protect|p2a: Sableye\n|-singleturn|p2a: Sableye|Protect\n|move|p1a: Landorus|U-turn|p2a: Sableye\n|-activate|p2a: Sableye|move: Protect\n|\n|upkeep\n|turn|5\n|\n|move|p1a: Landorus|Earthquake|p2a: Sableye\n|-damage|p2a: Sableye|176\/303\n|move|p2a: Sableye|Knock Off|p1a: Landorus\n|-damage|p1a: Landorus|330\/382\n|-damage|p2a: Sableye|126\/303|[from] item: Rocky Helmet|[of] p1a: Landorus\n|-enditem|p1a: Landorus|Rocky Helmet|[from] move: Knock Off|[of] p2a: Sableye\n|\n|-fieldend|move: Electric Terrain\n|upkeep\n|turn|6\n|c|\u2606Wildkyu|Jajaha yrah\n|c|\u2606Wildkyu|And now?\n|c|\u2606Wildkyu|:)\n|\n|switch|p2a: Skarmory|Skarmory, M|333\/333\n|move|p1a: Landorus|Earthquake|p2a: Skarmory\n|-immune|p2a: Skarmory\n|\n|upkeep\n|turn|7\n|c|\u2606Wildkyu|Ok aah\n|\n|switch|p2a: Clefable|Clefable, F|393\/393\n|move|p1a: Landorus|U-turn|p2a: Clefable\n|-resisted|p2a: Clefable\n|-damage|p2a: Clefable|358\/393\n|\n|switch|p1a: Heatran|Heatran, M|324\/324\n|\n|-heal|p2a: Clefable|382\/393|[from] item: Leftovers\n|upkeep\n|turn|8\n|\n|move|p2a: Clefable|Protect|p2a: Clefable\n|-singleturn|p2a: Clefable|Protect\n|move|p1a: Heatran|Magma Storm|p2a: Clefable\n|-activate|p2a: Clefable|move: Protect\n|\n|-heal|p2a: Clefable|393\/393|[from] item: Leftovers\n|upkeep\n|turn|9\n|\n|switch|p2a: Chansey|Chansey, F|703\/703\n|move|p1a: Heatran|Earth Power|p2a: Chansey\n|-damage|p2a: Chansey|633\/703\n|\n|upkeep\n|turn|10\n|\n|move|p1a: Heatran|Magma Storm|p2a: Chansey\n|-damage|p2a: Chansey|507\/703\n|-activate|p2a: Chansey|move: Magma Storm|[of] p1a: Heatran\n|move|p2a: Chansey|Seismic Toss|p1a: Heatran\n|-damage|p1a: Heatran|224\/324\n|\n|-damage|p2a: Chansey|420\/703|[from] move: Magma Storm|[partiallytrapped]\n|upkeep\n|turn|11\n|\n|-zpower|p1a: Heatran\n|move|p1a: Heatran|Inferno Overdrive|p2a: Chansey|[zeffect]\n|-damage|p2a: Chansey|192\/703\n|move|p2a: Chansey|Seismic Toss|p1a: Heatran\n|-damage|p1a: Heatran|124\/324\n|\n|-damage|p2a: Chansey|105\/703|[from] move: Magma Storm|[partiallytrapped]\n|upkeep\n|turn|12\n|\n|move|p1a: Heatran|Magma Storm|p2a: Chansey\n|-damage|p2a: Chansey|0 fnt\n|faint|p2a: Chansey\n|\n|upkeep\n|c|\u2606Wildkyu|Good bye fat\n|c| Seiko leich|lol\n|c|\u2606Wildkyu|Wait.. A moment..\n|\n|switch|p2a: Magnezone|Magnezone|281\/281\n|turn|13\n|\n|move|p2a: Magnezone|Thunderbolt|p1a: Heatran\n|-damage|p1a: Heatran|0 fnt\n|faint|p1a: Heatran\n|\n|upkeep\n|c|\u2606Wildkyu|Yeah scarf\n|\n|switch|p1a: Landorus|Landorus-Therian, M|330\/382\n|-ability|p1a: Landorus|Intimidate|boost\n|-unboost|p2a: Magnezone|atk|1\n|turn|14\n|\n|switch|p2a: Skarmory|Skarmory, M|333\/333\n|move|p1a: Landorus|U-turn|p2a: Skarmory\n|-resisted|p2a: Skarmory\n|-damage|p2a: Skarmory|322\/333\n|-damage|p1a: Landorus|267\/382|[from] item: Rocky Helmet|[of] p2a: Skarmory\n|\n|switch|p1a: Kyurem|Kyurem-Black|391\/391\n|-ability|p1a: Kyurem|Teravolt\n|\n|upkeep\n|turn|15\n|\n|move|p1a: Kyurem|Ice Beam|p2a: Skarmory\n|-damage|p2a: Skarmory|36\/333\n|-status|p2a: Skarmory|frz\n|-damage|p1a: Kyurem|352\/391|[from] item: Life Orb\n|cant|p2a: Skarmory|frz\n|\n|upkeep\n|turn|16\n|\n|move|p1a: Kyurem|Fusion Bolt|p2a: Skarmory\n|-supereffective|p2a: Skarmory\n|-damage|p2a: Skarmory|0 fnt\n|-damage|p1a: Kyurem|313\/391|[from] item: Life Orb\n|faint|p2a: Skarmory\n|\n|upkeep\n|c| Seiko leich|lol\n|c|\u2606Wildkyu|Nice\n|c| Seiko leich|like\n|\n|switch|p2a: Clefable|Clefable, F|393\/393\n|turn|17\n|c|\u2606Wildkyu|Two wallbrakers friend\n|c|\u2606Wildkyu|Two\n|\n|switch|p1a: Rotom|Rotom-Wash|303\/303\n|move|p2a: Clefable|Moonblast|p1a: Rotom\n|-damage|p1a: Rotom|236\/303\n|\n|upkeep\n|turn|18\n|\n|move|p2a: Clefable|Protect|p2a: Clefable\n|-singleturn|p2a: Clefable|Protect\n|move|p1a: Rotom|Hydro Pump|p2a: Clefable\n|-activate|p2a: Clefable|move: Protect\n|\n|upkeep\n|turn|19\n|\n|move|p1a: Rotom|Volt Switch|p2a: Clefable\n|-damage|p2a: Clefable|302\/393\n|c|\u2606Wildkyu|Come on.. Click magnezone\n|c|\u2606Wildkyu|XD\n|\n|switch|p1a: Scizor|Scizor, F|281\/281\n|move|p2a: Clefable|Wish|p2a: Clefable\n|\n|-heal|p2a: Clefable|326\/393|[from] item: Leftovers\n|upkeep\n|turn|20\n|\n|switch|p2a: Sableye|Sableye-Mega, F|126\/303\n|detailschange|p1a: Scizor|Scizor-Mega, F\n|-mega|p1a: Scizor|Scizor|Scizorite\n|move|p1a: Scizor|Superpower|p2a: Sableye\n|-immune|p2a: Sableye\n|\n|-heal|p2a: Sableye|303\/303|[from] move: Wish|[wisher] Clefable\n|upkeep\n|turn|21\n|\n|move|p1a: Scizor|U-turn|p2a: Sableye\n|-damage|p2a: Sableye|171\/303\n|c| Seiko leich|uturn\n|c|\u2606Wildkyu|Oops xD\n|\n|switch|p1a: Tapu Koko|Tapu Koko|281\/281\n|-fieldstart|move: Electric Terrain|[from] ability: Electric Surge|[of] p1a: Tapu Koko\n|move|p2a: Sableye|Will-O-Wisp|p1a: Tapu Koko|[miss]\n|-miss|p2a: Sableye|p1a: Tapu Koko\n|\n|upkeep\n|turn|22\n|c| Seiko leich|era ko\n|\n|move|p1a: Tapu Koko|Dazzling Gleam|p2a: Sableye\n|-supereffective|p2a: Sableye\n|-damage|p2a: Sableye|13\/303\n|move|p2a: Sableye|Recover|p2a: Sableye\n|-heal|p2a: Sableye|165\/303\n|\n|upkeep\n|turn|23\n|c|\u2606Wildkyu|Sep\n|\n|switch|p2a: Magnezone|Magnezone|281\/281\n|move|p1a: Tapu Koko|Dazzling Gleam|p2a: Magnezone\n|-resisted|p2a: Magnezone\n|-damage|p2a: Magnezone|215\/281\n|\n|upkeep\n|turn|24\n|\n|move|p1a: Tapu Koko|Dazzling Gleam|p2a: Magnezone\n|-resisted|p2a: Magnezone\n|-damage|p2a: Magnezone|153\/281\n|move|p2a: Magnezone|Flash Cannon|p1a: Tapu Koko\n|-damage|p1a: Tapu Koko|95\/281\n|\n|upkeep\n|turn|25\n|\n|switch|p1a: Rotom|Rotom-Wash|236\/303\n|move|p2a: Magnezone|Flash Cannon|p1a: Rotom\n|-resisted|p1a: Rotom\n|-damage|p1a: Rotom|210\/303\n|\n|-fieldend|move: Electric Terrain\n|upkeep\n|turn|26\n|\n|switch|p2a: Clefable|Clefable, F|326\/393\n|move|p1a: Rotom|Volt Switch|p2a: Clefable\n|-damage|p2a: Clefable|235\/393\n|c|\u2606Wildkyu|Mientras no me trapee me lo follo\n|\n|switch|p1a: Scizor|Scizor-Mega, F|281\/281\n|\n|-heal|p2a: Clefable|259\/393|[from] item: Leftovers\n|upkeep\n|turn|27\n|\n|move|p1a: Scizor|Superpower|p2a: Clefable\n|-resisted|p2a: Clefable\n|-damage|p2a: Clefable|187\/393\n|-unboost|p1a: Scizor|atk|1\n|-unboost|p1a: Scizor|def|1\n|move|p2a: Clefable|Wish|p2a: Clefable\n|\n|-heal|p2a: Clefable|211\/393|[from] item: Leftovers\n|upkeep\n|turn|28\n|c| Seiko leich|jajajaja hablas espa\u00f1ol\n|c| Seiko leich|ma ben\n|\n|move|p1a: Scizor|Superpower|p2a: Clefable\n|-resisted|p2a: Clefable\n|-damage|p2a: Clefable|129\/393\n|-unboost|p1a: Scizor|atk|1\n|-unboost|p1a: Scizor|def|1\n|move|p2a: Clefable|Moonblast|p1a: Scizor\n|-resisted|p1a: Scizor\n|-damage|p1a: Scizor|227\/281\n|\n|-heal|p2a: Clefable|325\/393|[from] move: Wish|[wisher] Clefable\n|-heal|p2a: Clefable|349\/393|[from] item: Leftovers\n|upkeep\n|turn|29\n|\n|move|p1a: Scizor|Swords Dance|p1a: Scizor\n|-boost|p1a: Scizor|atk|2\n|move|p2a: Clefable|Wish|p2a: Clefable\n|\n|-heal|p2a: Clefable|373\/393|[from] item: Leftovers\n|upkeep\n|turn|30\n|\n|switch|p2a: Sableye|Sableye-Mega, F|165\/303\n|move|p1a: Scizor|Superpower|p2a: Sableye\n|-immune|p2a: Sableye\n|\n|-heal|p2a: Sableye|303\/303|[from] move: Wish|[wisher] Clefable\n|upkeep\n|turn|31\n|\n|move|p1a: Scizor|U-turn|p2a: Sableye\n|-crit|p2a: Sableye\n|-damage|p2a: Sableye|125\/303\n|c|\u2606Wildkyu|Da igual\n|\n|switch|p1a: Tapu Koko|Tapu Koko|95\/281\n|-fieldstart|move: Electric Terrain|[from] ability: Electric Surge|[of] p1a: Tapu Koko\n|move|p2a: Sableye|Will-O-Wisp|p1a: Tapu Koko\n|-status|p1a: Tapu Koko|brn\n|\n|-damage|p1a: Tapu Koko|78\/281 brn|[from] brn\n|upkeep\n|turn|32\n|\n|move|p2a: Sableye|Protect|p2a: Sableye\n|-singleturn|p2a: Sableye|Protect\n|move|p1a: Tapu Koko|Dazzling Gleam|p2a: Sableye\n|-activate|p2a: Sableye|move: Protect\n|\n|-damage|p1a: Tapu Koko|61\/281 brn|[from] brn\n|upkeep\n|turn|33\n|c|\u2606Wildkyu|Rico\n|\n|switch|p1a: Scizor|Scizor-Mega, F|227\/281\n|switch|p2a: Clefable|Clefable, F|373\/393\n|\n|-heal|p2a: Clefable|393\/393|[from] item: Leftovers\n|upkeep\n|turn|34\n|\n|move|p1a: Scizor|U-turn|p2a: Clefable\n|-resisted|p2a: Clefable\n|-damage|p2a: Clefable|322\/393\n|\n|switch|p1a: Landorus|Landorus-Therian, M|267\/382\n|-ability|p1a: Landorus|Intimidate|boost\n|-unboost|p2a: Clefable|atk|1\n|move|p2a: Clefable|Wish|p2a: Clefable\n|\n|-heal|p2a: Clefable|346\/393|[from] item: Leftovers\n|upkeep\n|turn|35\n|\n|move|p1a: Landorus|Earthquake|p2a: Clefable\n|-damage|p2a: Clefable|204\/393\n|move|p2a: Clefable|Moonblast|p1a: Landorus\n|-damage|p1a: Landorus|147\/382\n|\n|-heal|p2a: Clefable|393\/393|[from] move: Wish|[wisher] Clefable\n|-fieldend|move: Electric Terrain\n|upkeep\n|turn|36\n|\n|move|p1a: Landorus|Stealth Rock|p2a: Clefable\n|-sidestart|p2: JoeyOwesMeMoney|move: Stealth Rock\n|move|p2a: Clefable|Wish|p2a: Clefable\n|\n|upkeep\n|turn|37\n|\n|move|p1a: Landorus|Earthquake|p2a: Clefable\n|-damage|p2a: Clefable|251\/393\n|move|p2a: Clefable|Moonblast|p1a: Landorus\n|-damage|p1a: Landorus|26\/382\n|\n|-heal|p2a: Clefable|393\/393|[from] move: Wish|[wisher] Clefable\n|upkeep\n|turn|38\n|c| Seiko leich|ricas rocas\n|\n|move|p1a: Landorus|U-turn|p2a: Clefable\n|-resisted|p2a: Clefable\n|-damage|p2a: Clefable|358\/393\n|c|\u2606Wildkyu|Mas presion\n|c|\u2606Wildkyu|XD\n|\n|switch|p1a: Rotom|Rotom-Wash|210\/303\n|move|p2a: Clefable|Wish|p2a: Clefable\n|\n|-heal|p2a: Clefable|382\/393|[from] item: Leftovers\n|upkeep\n|turn|39\n|c| Seiko leich|ahhh lo dijiste\n|\n|switch|p2a: Magnezone|Magnezone|153\/281\n|-damage|p2a: Magnezone|136\/281|[from] Stealth Rock\n|move|p1a: Rotom|Volt Switch|p2a: Magnezone\n|-resisted|p2a: Magnezone\n|-damage|p2a: Magnezone|90\/281\n|\n|switch|p1a: Tapu Koko|Tapu Koko|61\/281 brn\n|-fieldstart|move: Electric Terrain|[from] ability: Electric Surge|[of] p1a: Tapu Koko\n|\n|-heal|p2a: Magnezone|281\/281|[from] move: Wish|[wisher] Clefable\n|-damage|p1a: Tapu Koko|44\/281 brn|[from] brn\n|upkeep\n|turn|40\n|c|\u2606Wildkyu|Fck\n|c| Seiko leich|alv\n|\n|move|p1a: Tapu Koko|Volt Switch|p2a: Magnezone\n|-resisted|p2a: Magnezone\n|-damage|p2a: Magnezone|203\/281\n|\n|switch|p1a: Rotom|Rotom-Wash|210\/303\n|move|p2a: Magnezone|Flash Cannon|p1a: Rotom\n|-resisted|p1a: Rotom\n|-damage|p1a: Rotom|186\/303\n|\n|upkeep\n|turn|41\n|c|\u2606Wildkyu|Este lo tanquea\n|\n|move|p2a: Magnezone|Flash Cannon|p1a: Rotom\n|-resisted|p1a: Rotom\n|-damage|p1a: Rotom|164\/303\n|move|p1a: Rotom|Volt Switch|p2a: Magnezone\n|-resisted|p2a: Magnezone\n|-damage|p2a: Magnezone|158\/281\n|\n|switch|p1a: Tapu Koko|Tapu Koko|44\/281 brn\n|\n|-damage|p1a: Tapu Koko|27\/281 brn|[from] brn\n|upkeep\n|turn|42\n|\n|move|p1a: Tapu Koko|Volt Switch|p2a: Magnezone\n|-resisted|p2a: Magnezone\n|-damage|p2a: Magnezone|80\/281\n|c|\u2606Wildkyu|Cool mas da\u00f1o\n|\n|switch|p1a: Rotom|Rotom-Wash|164\/303\n|move|p2a: Magnezone|Flash Cannon|p1a: Rotom\n|-resisted|p1a: Rotom\n|-damage|p1a: Rotom|142\/303\n|\n|upkeep\n|turn|43\n|\n|switch|p2a: Clefable|Clefable, F|382\/393\n|-damage|p2a: Clefable|333\/393|[from] Stealth Rock\n|move|p1a: Rotom|Volt Switch|p2a: Clefable\n|-damage|p2a: Clefable|248\/393\n|c| Seiko leich|ignora bosteos\n|\n|switch|p1a: Scizor|Scizor-Mega, F|227\/281\n|\n|-heal|p2a: Clefable|272\/393|[from] item: Leftovers\n|-fieldend|move: Electric Terrain\n|upkeep\n|turn|44\n|\n|move|p2a: Clefable|Protect|p2a: Clefable\n|-singleturn|p2a: Clefable|Protect\n|move|p1a: Scizor|Bullet Punch|p2a: Clefable\n|-activate|p2a: Clefable|move: Protect\n|\n|-heal|p2a: Clefable|296\/393|[from] item: Leftovers\n|upkeep\n|turn|45\n|\n|switch|p2a: Toxapex|Toxapex, M|303\/303\n|-damage|p2a: Toxapex|266\/303|[from] Stealth Rock\n|move|p1a: Scizor|U-turn|p2a: Toxapex\n|-resisted|p2a: Toxapex\n|-damage|p2a: Toxapex|227\/303\n|c| Seiko leich|dos bullet\n|\n|switch|p1a: Kyurem|Kyurem-Black|313\/391\n|-ability|p1a: Kyurem|Teravolt\n|\n|-heal|p2a: Toxapex|245\/303|[from] item: Black Sludge\n|upkeep\n|turn|46\n|c|\u2606Wildkyu|No compa nl\n|c|\u2606Wildkyu|XS\n|c| Seiko leich|nice\n|\n|move|p1a: Kyurem|Fusion Bolt|p2a: Toxapex\n|-supereffective|p2a: Toxapex\n|-damage|p2a: Toxapex|63\/303\n|-damage|p1a: Kyurem|274\/391|[from] item: Life Orb\n|move|p2a: Toxapex|Toxic Spikes|p1a: Kyurem\n|-sidestart|p1: Wildkyu|move: Toxic Spikes\n|\n|-heal|p2a: Toxapex|81\/303|[from] item: Black Sludge\n|upkeep\n|turn|47\n|c|\u2606Wildkyu|I have deffoger xD\n|\n|switch|p2a: Sableye|Sableye-Mega, F|125\/303\n|-damage|p2a: Sableye|88\/303|[from] Stealth Rock\n|move|p1a: Kyurem|Earth Power|p2a: Sableye\n|-damage|p2a: Sableye|2\/303\n|-damage|p1a: Kyurem|235\/391|[from] item: Life Orb\n|\n|upkeep\n|turn|48\n|\n|move|p1a: Kyurem|Ice Beam|p2a: Sableye\n|-damage|p2a: Sableye|0 fnt\n|-damage|p1a: Kyurem|196\/391|[from] item: Life Orb\n|faint|p2a: Sableye\n|\n|upkeep\n|\n|switch|p2a: Clefable|Clefable, F|296\/393\n|-damage|p2a: Clefable|247\/393|[from] Stealth Rock\n|turn|49\n|\n|move|p2a: Clefable|Protect|p2a: Clefable\n|-singleturn|p2a: Clefable|Protect\n|move|p1a: Kyurem|Ice Beam|p2a: Clefable\n|-activate|p2a: Clefable|move: Protect\n|\n|-heal|p2a: Clefable|271\/393|[from] item: Leftovers\n|upkeep\n|turn|50\n|\n|move|p1a: Kyurem|Ice Beam|p2a: Clefable\n|-damage|p2a: Clefable|63\/393\n|-damage|p1a: Kyurem|157\/391|[from] item: Life Orb\n|move|p2a: Clefable|Wish|p2a: Clefable\n|\n|-heal|p2a: Clefable|87\/393|[from] item: Leftovers\n|upkeep\n|turn|51\n|\n|move|p2a: Clefable|Protect|p2a: Clefable\n|-singleturn|p2a: Clefable|Protect\n|move|p1a: Kyurem|Fusion Bolt|p2a: Clefable\n|-activate|p2a: Clefable|move: Protect\n|\n|-heal|p2a: Clefable|283\/393|[from] move: Wish|[wisher] Clefable\n|-heal|p2a: Clefable|307\/393|[from] item: Leftovers\n|upkeep\n|turn|52\n|\n|switch|p1a: Rotom|Rotom-Wash|142\/303\n|move|p2a: Clefable|Wish|p2a: Clefable\n|\n|-heal|p2a: Clefable|331\/393|[from] item: Leftovers\n|upkeep\n|turn|53\n|\n|move|p1a: Rotom|Hydro Pump|p2a: Clefable|[miss]\n|-miss|p1a: Rotom|p2a: Clefable\n|move|p2a: Clefable|Moonblast|p1a: Rotom\n|-damage|p1a: Rotom|70\/303\n|-enditem|p1a: Rotom|Iapapa Berry|[eat]\n|-heal|p1a: Rotom|221\/303|[from] item: Iapapa Berry\n|\n|-heal|p2a: Clefable|393\/393|[from] move: Wish|[wisher] Clefable\n|upkeep\n|turn|54\n|\n|move|p1a: Rotom|Hydro Pump|p2a: Clefable\n|-damage|p2a: Clefable|239\/393\n|move|p2a: Clefable|Wish|p2a: Clefable\n|\n|-heal|p2a: Clefable|263\/393|[from] item: Leftovers\n|upkeep\n|turn|55\n|\n|move|p1a: Rotom|Toxic|p2a: Clefable|[miss]\n|-miss|p1a: Rotom|p2a: Clefable\n|move|p2a: Clefable|Moonblast|p1a: Rotom\n|-damage|p1a: Rotom|148\/303\n|-unboost|p1a: Rotom|spa|1\n|\n|-heal|p2a: Clefable|393\/393|[from] move: Wish|[wisher] Clefable\n|upkeep\n|turn|56\n|\n|move|p1a: Rotom|Toxic|p2a: Clefable\n|-status|p2a: Clefable|tox\n|move|p2a: Clefable|Moonblast|p1a: Rotom\n|-damage|p1a: Rotom|72\/303\n|\n|-damage|p2a: Clefable|369\/393 tox|[from] psn\n|upkeep\n|turn|57\n|c| Seiko leich|no\n|c| Seiko leich|si\n|\n|move|p1a: Rotom|Volt Switch|p2a: Clefable\n|-damage|p2a: Clefable|278\/393 tox\n|\n|switch|p1a: Scizor|Scizor-Mega, F|227\/281\n|move|p2a: Clefable|Heal Bell|p2a: Clefable\n|-activate|p2a: Clefable|move: Heal Bell\n|-curestatus|p2a: Clefable|tox|[msg]\n|\n|-heal|p2a: Clefable|302\/393|[from] item: Leftovers\n|upkeep\n|turn|58\n|\n|move|p2a: Clefable|Protect|p2a: Clefable\n|-singleturn|p2a: Clefable|Protect\n|move|p1a: Scizor|Superpower|p2a: Clefable\n|-activate|p2a: Clefable|move: Protect\n|\n|-heal|p2a: Clefable|326\/393|[from] item: Leftovers\n|upkeep\n|turn|59\n|\n|switch|p2a: Toxapex|Toxapex, M|182\/303\n|-damage|p2a: Toxapex|145\/303|[from] Stealth Rock\n|move|p1a: Scizor|Superpower|p2a: Toxapex\n|-resisted|p2a: Toxapex\n|-damage|p2a: Toxapex|101\/303\n|-unboost|p1a: Scizor|atk|1\n|-unboost|p1a: Scizor|def|1\n|\n|-heal|p2a: Toxapex|119\/303|[from] item: Black Sludge\n|upkeep\n|turn|60\n|c| Seiko leich|hijo de to\u00f1a\n|c|\u2606Wildkyu|Tiene 2 cambios\n|\n|move|p1a: Scizor|U-turn|p2a: Toxapex\n|-resisted|p2a: Toxapex\n|-damage|p2a: Toxapex|89\/303\n|\n|switch|p1a: Landorus|Landorus-Therian, M|26\/382\n|-ability|p1a: Landorus|Intimidate|boost\n|-unboost|p2a: Toxapex|atk|1\n|move|p2a: Toxapex|Recover|p2a: Toxapex\n|-heal|p2a: Toxapex|241\/303\n|\n|-heal|p2a: Toxapex|259\/303|[from] item: Black Sludge\n|upkeep\n|turn|61\n|c| Seiko leich|ostia\n|c|\u2606Wildkyu|Bueno, se come eq\n|\n|move|p1a: Landorus|Earthquake|p2a: Toxapex\n|-supereffective|p2a: Toxapex\n|-damage|p2a: Toxapex|79\/303\n|move|p2a: Toxapex|Scald|p1a: Landorus\n|-supereffective|p1a: Landorus\n|-damage|p1a: Landorus|0 fnt\n|faint|p1a: Landorus\n|\n|-heal|p2a: Toxapex|97\/303|[from] item: Black Sludge\n|upkeep\n|\n|switch|p1a: Tapu Koko|Tapu Koko|27\/281 brn\n|-fieldstart|move: Electric Terrain|[from] ability: Electric Surge|[of] p1a: Tapu Koko\n|turn|62\n|c|\u2606Wildkyu|A cuabta vuda estaba el clef?\n|c| Seiko leich|el ultimo rayo\n|\n|switch|p2a: Clefable|Clefable, F|326\/393\n|-damage|p2a: Clefable|277\/393|[from] Stealth Rock\n|move|p1a: Tapu Koko|Volt Switch|p2a: Clefable\n|-damage|p2a: Clefable|109\/393\n|\n|switch|p1a: Kyurem|Kyurem-Black|157\/391\n|-status|p1a: Kyurem|psn\n|-ability|p1a: Kyurem|Teravolt\n|\n|-heal|p2a: Clefable|133\/393|[from] item: Leftovers\n|-damage|p1a: Kyurem|109\/391 psn|[from] psn\n|upkeep\n|turn|63\n|c| Seiko leich|jajaja aguanta otro\n|\n|move|p2a: Clefable|Protect|p2a: Clefable\n|-singleturn|p2a: Clefable|Protect\n|move|p1a: Kyurem|Fusion Bolt|p2a: Clefable\n|-activate|p2a: Clefable|move: Protect\n|\n|-heal|p2a: Clefable|157\/393|[from] item: Leftovers\n|-damage|p1a: Kyurem|61\/391 psn|[from] psn\n|upkeep\n|turn|64\n|c|\u2606Wildkyu|Esto no lo aguanta\n|c|\u2606Wildkyu|O si?\n|c|\u2606Wildkyu|Mira la calc\n|c| Seiko leich|jajajaja nel\n|\n|switch|p2a: Magnezone|Magnezone|80\/281\n|-damage|p2a: Magnezone|63\/281|[from] Stealth Rock\n|move|p1a: Kyurem|Fusion Bolt|p2a: Magnezone\n|-resisted|p2a: Magnezone\n|-damage|p2a: Magnezone|0 fnt\n|-damage|p1a: Kyurem|22\/391 psn|[from] item: Life Orb\n|faint|p2a: Magnezone\n|\n|-damage|p1a: Kyurem|0 fnt|[from] psn\n|faint|p1a: Kyurem\n|upkeep\n|c| Seiko leich|todo legal\n|c| Seiko leich|gg\n|\n|switch|p1a: Rotom|Rotom-Wash|72\/303\n|switch|p2a: Clefable|Clefable, F|157\/393\n|-damage|p2a: Clefable|108\/393|[from] Stealth Rock\n|turn|65\n|\n|move|p2a: Clefable|Protect|p2a: Clefable\n|-singleturn|p2a: Clefable|Protect\n|move|p1a: Rotom|Toxic|p2a: Clefable\n|-activate|p2a: Clefable|move: Protect\n|\n|-heal|p2a: Clefable|132\/393|[from] item: Leftovers\n|upkeep\n|turn|66\n|\n|move|p1a: Rotom|Toxic|p2a: Clefable\n|-status|p2a: Clefable|tox\n|move|p2a: Clefable|Wish|p2a: Clefable\n|\n|-heal|p2a: Clefable|156\/393 tox|[from] item: Leftovers\n|-damage|p2a: Clefable|132\/393 tox|[from] psn\n|-fieldend|move: Electric Terrain\n|upkeep\n|turn|67\n|\n|move|p1a: Rotom|Volt Switch|p2a: Clefable\n|-damage|p2a: Clefable|33\/393 tox\n|\n|switch|p1a: Scizor|Scizor-Mega, F|227\/281\n|move|p2a: Clefable|Heal Bell|p2a: Clefable\n|-activate|p2a: Clefable|move: Heal Bell\n|-curestatus|p2a: Clefable|tox|[msg]\n|\n|-heal|p2a: Clefable|229\/393|[from] move: Wish|[wisher] Clefable\n|-heal|p2a: Clefable|253\/393|[from] item: Leftovers\n|upkeep\n|turn|68\n|\n|move|p1a: Scizor|Bullet Punch|p2a: Clefable\n|-supereffective|p2a: Clefable\n|-damage|p2a: Clefable|17\/393\n|move|p2a: Clefable|Wish|p2a: Clefable\n|\n|-heal|p2a: Clefable|41\/393|[from] item: Leftovers\n|upkeep\n|turn|69\n|\n|move|p1a: Scizor|Bullet Punch|p2a: Clefable\n|-supereffective|p2a: Clefable\n|-damage|p2a: Clefable|0 fnt\n|faint|p2a: Clefable\n|\n|upkeep\n|c|\u2606Wildkyu|A la mierda\n|c| Seiko leich|y toxa?\n|c|\u2606Wildkyu|Dos rayos\n|c| Seiko leich|porque no cambio a toxa\n|c| Seiko leich|?\n|c|\u2606Wildkyu|Eaperaba u turn\n|c|\u2606Wildkyu|Y lo vi\n|c| Seiko leich|la over :v\n|c|\u2606Wildkyu|Si cambiaba no entraba ya xD\n|c| Seiko leich|minimo el protect\n|c|\u2606Wildkyu|Benditas sr xD\n|c| Seiko leich|XD\n|inactive|Battle timer is ON: inactive players will automatically lose when time's up. (requested by Wildkyu)\n|inactive|JoeyOwesMeMoney has 120 seconds left.\n|c|\u2606Wildkyu|Come on please\n|c|\u2606Wildkyu|Defeat me or forfeit\n|inactive|JoeyOwesMeMoney has 90 seconds left.\n|c|\u2606Wildkyu|Se va seguro\n|c|\u2606Wildkyu|O hace time stall\n|c|\u2606Wildkyu|Para joderme\n|c|\u2606Wildkyu|XD\n|inactive|JoeyOwesMeMoney has 60 seconds left.\n|c| Seiko leich|jajaja\n|c|\u2606Wildkyu|1 min\n|c|\u2606Wildkyu|Y ya ta\n|c| Seiko leich|se maman\n|c| Seiko leich|ya ni ching*n\n|c|\u2606Wildkyu|Que edad tienes?\n|inactive|JoeyOwesMeMoney has 30 seconds left.\n|inactive|JoeyOwesMeMoney has 20 seconds left.\n|c| Seiko leich|casi 21\n|inactive|JoeyOwesMeMoney has 15 seconds left.\n|c| Seiko leich|jajaja\n|c| Seiko leich|y tu\n|inactive|JoeyOwesMeMoney has 10 seconds left.\n|inactive|JoeyOwesMeMoney has 5 seconds left.\n|c|\u2606Wildkyu|Yo 22 xD\n|-message|JoeyOwesMeMoney lost due to inactivity.\n|\n|win|Wildkyu\n|c| Seiko leich|lol\n|c|\u2606Wildkyu|Y yaaa a to\n|raw|Wildkyu's rating: 1818 &rarr; <strong>1833<\/strong><br \/>(+15 for winning)\n|raw|JoeyOwesMeMoney's rating: 1730 &rarr; <strong>1715<\/strong><br \/>(-15 for losing)\n|c| Seiko leich|tengo canal de youtube\n|c|\u2606Wildkyu|Tomar por culo co\u00f1o!!\n|c| Seiko leich|pero digamos que eres mas bueno tu\n|c| Seiko leich|XD\n|c|\u2606Wildkyu|Jajajajaja\n|c|\u2606Wildkyu|Bye staller\n|l|\u2606Wildkyu\n|j|\u2606Wildkyu\n|inactive|Wildkyu reconnected.\n|player|p1|Wildkyu|7\n|c|\u2606Wildkyu|Cono te llama\n|c|\u2606Wildkyu|Semfidor?\n|c| Seiko leich|https:\/\/www.youtube.com\/channel\/UC8WI0nIPV7Zqxd_R-NwdRpA\n|c| Seiko leich|Dres tv\n|c| Seiko leich|es de futbol y de pokemon\n|c| Seiko leich|tambien cada a\u00f1o sube un amigo\n|c| Seiko leich|XD\n|c|\u2606Wildkyu|Oh\n|c| Seiko leich|ultimamente juego en NU pero es mi criptonita\n|c|\u2606Wildkyu|Usa mi team\n|c|\u2606Wildkyu|Ya veras como ganas\n|c|\u2606Wildkyu|Es to bueno\n|c| Seiko leich|esque yo soy de los que juega con sus favoritos jajajaja pero algun dia jugare con otros pokes\n|c|\u2606Wildkyu|Te lo paso?\n|c| Seiko leich|:v\n|c|\u2606Wildkyu|Tipo blessur? Jajaus\n|c|\u2606Wildkyu|Lo sigues?\n|c| Seiko leich|jajajaja mi sensei XD\n|c|\u2606Wildkyu|Sigue aqui tu\n|c|\u2606Wildkyu|En plan espia\n|c|\u2606Wildkyu|Jajajaja\n|c| Seiko leich|que?\n|c|\u2606Wildkyu|El tio\n|c|\u2606Wildkyu|Sigue en la battle\n|c| Seiko leich|a caray si es cierto\n|c|\u2606Wildkyu|Do you want any sweet? Friend go out from this battle\n|c|\u2606Wildkyu|Jaja\n|c|\u2606Wildkyu|Jugamos tu y yo una?\n|c| Seiko leich|vale\n|l|\u2606JoeyOwesMeMoney\n|c| Seiko leich|ya s efue\n","uploadtime":1560740378,"views":53,"p1id":"wildkyu","p2id":"joeyowesmemoney","formatid":"gen7ou","rating":1715,"private":0,"password":null}