{"id":"gen7ou-951311576","p1":"ghecisbestvillain","p2":"Isaac7u7r","format":"gen7ou","log":"|j|\u2606ghecisbestvillain\n|j|\u2606Isaac7u7r\n|player|p1|ghecisbestvillain|269|1744\n|player|p2|Isaac7u7r|25|1798\n|teamsize|p1|6\n|teamsize|p2|6\n|gametype|singles\n|gen|7\n|tier|[Gen 7] OU\n|rated|\n|rule|Sleep Clause Mod: Limit one foe put to sleep\n|rule|Species Clause: Limit one of each Pok\u00e9mon\n|rule|OHKO Clause: OHKO moves are banned\n|rule|Moody Clause: Moody is banned\n|rule|Evasion Moves Clause: Evasion moves are banned\n|rule|Endless Battle Clause: Forcing endless battles is banned\n|rule|HP Percentage Mod: HP is shown in percentages\n|clearpoke\n|poke|p1|Hawlucha, M|item\n|poke|p1|Clefable, F|item\n|poke|p1|Charizard, M|item\n|poke|p1|Tapu Koko|item\n|poke|p1|Magearna|item\n|poke|p1|Kyurem-Black|item\n|poke|p2|Gardevoir, F|item\n|poke|p2|Garchomp, M|item\n|poke|p2|Skarmory, F|item\n|poke|p2|Magearna|item\n|poke|p2|Weavile, F|item\n|poke|p2|Tapu Fini|item\n|teampreview\n|inactive|Battle timer is ON: inactive players will automatically lose when time's up. (requested by ghecisbestvillain)\n|\n|start\n|switch|p1a: Tapu Koko|Tapu Koko|100\/100\n|switch|p2a: Garchomp|Garchomp, M|100\/100\n|-fieldstart|move: Electric Terrain|[from] ability: Electric Surge|[of] p1a: Tapu Koko\n|turn|1\n|\n|switch|p2a: Magearna|Magearna|100\/100\n|move|p1a: Tapu Koko|Reflect|p1a: Tapu Koko\n|-sidestart|p1: ghecisbestvillain|Reflect\n|\n|upkeep\n|turn|2\n|\n|move|p1a: Tapu Koko|Light Screen|p1a: Tapu Koko\n|-sidestart|p1: ghecisbestvillain|move: Light Screen\n|move|p2a: Magearna|Flash Cannon|p1a: Tapu Koko\n|-damage|p1a: Tapu Koko|65\/100\n|\n|upkeep\n|turn|3\n|\n|switch|p1a: Magearna|Magearna|100\/100\n|move|p2a: Magearna|Volt Switch|p1a: Magearna\n|-damage|p1a: Magearna|79\/100\n|\n|switch|p2a: Tapu Fini|Tapu Fini, shiny|100\/100|[from]move: Volt Switch\n|-fieldstart|move: Misty Terrain|[from] ability: Misty Surge|[of] p2a: Tapu Fini\n|\n|upkeep\n|turn|4\n|\n|move|p2a: Tapu Fini|Defog|p1a: Magearna\n|-unboost|p1a: Magearna|evasion|1\n|-sideend|p1: ghecisbestvillain|Reflect\n|-sideend|p1: ghecisbestvillain|move: Light Screen\n|move|p1a: Magearna|Shift Gear|p1a: Magearna\n|-boost|p1a: Magearna|spe|2\n|-boost|p1a: Magearna|atk|1\n|\n|upkeep\n|turn|5\n|\n|switch|p2a: Magearna|Magearna|100\/100\n|move|p1a: Magearna|Shift Gear|p1a: Magearna\n|-boost|p1a: Magearna|spe|2\n|-boost|p1a: Magearna|atk|1\n|\n|upkeep\n|turn|6\n|\n|move|p1a: Magearna|Shift Gear|p1a: Magearna\n|-boost|p1a: Magearna|spe|2\n|-boost|p1a: Magearna|atk|1\n|move|p2a: Magearna|Flash Cannon|p1a: Magearna\n|-damage|p1a: Magearna|34\/100\n|-unboost|p1a: Magearna|spd|1\n|\n|upkeep\n|turn|7\n|\n|move|p1a: Magearna|Iron Head|p2a: Magearna\n|-damage|p2a: Magearna|25\/100\n|cant|p2a: Magearna|flinch\n|\n|-fieldend|Misty Terrain\n|upkeep\n|turn|8\n|\n|switch|p2a: Skarmory|Skarmory, F|100\/100\n|move|p1a: Magearna|Brick Break|p2a: Skarmory\n|-damage|p2a: Skarmory|70\/100\n|-damage|p1a: Magearna|18\/100|[from] item: Rocky Helmet|[of] p2a: Skarmory\n|\n|upkeep\n|turn|9\n|\n|switch|p2a: Garchomp|Garchomp, M|100\/100\n|move|p1a: Magearna|Iron Head|p2a: Garchomp\n|-damage|p2a: Garchomp|12\/100\n|-damage|p1a: Magearna|5\/100|[from] ability: Rough Skin|[of] p2a: Garchomp\n|\n|upkeep\n|turn|10\n|\n|switch|p2a: Skarmory|Skarmory, F|70\/100\n|-zpower|p1a: Magearna\n|move|p1a: Magearna|Shattered Psyche|p2a: Skarmory|[zeffect]\n|-resisted|p2a: Skarmory\n|-damage|p2a: Skarmory|33\/100\n|\n|upkeep\n|turn|11\n|\n|move|p1a: Magearna|Brick Break|p2a: Skarmory\n|-damage|p2a: Skarmory|2\/100\n|-damage|p1a: Magearna|0 fnt|[from] item: Rocky Helmet|[of] p2a: Skarmory\n|faint|p1a: Magearna\n|move|p2a: Skarmory|Roost|p2a: Skarmory\n|-heal|p2a: Skarmory|52\/100\n|-singleturn|p2a: Skarmory|move: Roost\n|\n|upkeep\n|\n|switch|p1a: Charizard|Charizard, M|100\/100\n|turn|12\n|\n|switch|p2a: Garchomp|Garchomp, M|12\/100\n|move|p1a: Charizard|Dragon Dance|p1a: Charizard\n|-boost|p1a: Charizard|atk|1\n|-boost|p1a: Charizard|spe|1\n|\n|upkeep\n|turn|13\n|\n|move|p2a: Garchomp|Outrage|p1a: Charizard\n|-damage|p1a: Charizard|13\/100\n|move|p1a: Charizard|Earthquake|p2a: Garchomp\n|-damage|p2a: Garchomp|0 fnt\n|faint|p2a: Garchomp\n|\n|upkeep\n|\n|switch|p2a: Weavile|Weavile, F|100\/100\n|-ability|p2a: Weavile|Pressure\n|turn|14\n|\n|detailschange|p1a: Charizard|Charizard-Mega-X, M\n|-mega|p1a: Charizard|Charizard|Charizardite X\n|move|p2a: Weavile|Ice Shard|p1a: Charizard\n|-crit|p1a: Charizard\n|-damage|p1a: Charizard|0 fnt\n|faint|p1a: Charizard\n|\n|upkeep\n|\n|switch|p1a: Tapu Koko|Tapu Koko|65\/100\n|-fieldstart|move: Electric Terrain|[from] ability: Electric Surge|[of] p1a: Tapu Koko\n|turn|15\n|\n|move|p1a: Tapu Koko|Reflect|p1a: Tapu Koko\n|-sidestart|p1: ghecisbestvillain|Reflect\n|move|p2a: Weavile|Knock Off|p1a: Tapu Koko\n|-resisted|p1a: Tapu Koko\n|-damage|p1a: Tapu Koko|52\/100\n|-enditem|p1a: Tapu Koko|Light Clay|[from] move: Knock Off|[of] p2a: Weavile\n|\n|upkeep\n|turn|16\n|\n|switch|p2a: Magearna|Magearna|25\/100\n|move|p1a: Tapu Koko|Light Screen|p1a: Tapu Koko\n|-sidestart|p1: ghecisbestvillain|move: Light Screen\n|\n|upkeep\n|turn|17\n|\n|switch|p1a: Kyurem|Kyurem-Black|100\/100\n|-ability|p1a: Kyurem|Teravolt\n|move|p2a: Magearna|Flash Cannon|p1a: Kyurem\n|-supereffective|p1a: Kyurem\n|-damage|p1a: Kyurem|56\/100\n|\n|upkeep\n|turn|18\n|\n|move|p1a: Kyurem|Fusion Bolt|p2a: Magearna\n|-damage|p2a: Magearna|0 fnt\n|-damage|p1a: Kyurem|46\/100|[from] item: Life Orb\n|faint|p2a: Magearna\n|\n|upkeep\n|\n|switch|p2a: Gardevoir|Gardevoir, F, shiny|100\/100\n|-ability|p2a: Gardevoir|Teravolt|[from] ability: Trace|[of] p1a: Kyurem\n|-ability|p2a: Gardevoir|Teravolt\n|turn|19\n|\n|detailschange|p2a: Gardevoir|Gardevoir-Mega, F, shiny\n|-mega|p2a: Gardevoir|Gardevoir|Gardevoirite\n|move|p2a: Gardevoir|Hyper Voice|p1a: Kyurem\n|-supereffective|p1a: Kyurem\n|-damage|p1a: Kyurem|0 fnt\n|faint|p1a: Kyurem\n|\n|-fieldend|move: Electric Terrain\n|upkeep\n|\n|switch|p1a: Clefable|Clefable, F|100\/100\n|turn|20\n|\n|switch|p2a: Tapu Fini|Tapu Fini, shiny|100\/100\n|-fieldstart|move: Misty Terrain|[from] ability: Misty Surge|[of] p2a: Tapu Fini\n|move|p1a: Clefable|Cosmic Power|p1a: Clefable\n|-boost|p1a: Clefable|def|1\n|-boost|p1a: Clefable|spd|1\n|\n|-sideend|p1: ghecisbestvillain|move: Light Screen\n|upkeep\n|turn|21\n|\n|move|p2a: Tapu Fini|Taunt|p1a: Clefable\n|-start|p1a: Clefable|move: Taunt\n|move|p1a: Clefable|Charge Beam|p2a: Tapu Fini\n|-supereffective|p2a: Tapu Fini\n|-damage|p2a: Tapu Fini|88\/100\n|-boost|p1a: Clefable|spa|1\n|\n|-heal|p2a: Tapu Fini|94\/100|[from] item: Leftovers\n|upkeep\n|turn|22\n|\n|move|p2a: Tapu Fini|Nature's Madness|p1a: Clefable\n|-damage|p1a: Clefable|51\/100\n|move|p1a: Clefable|Charge Beam|p2a: Tapu Fini\n|-supereffective|p2a: Tapu Fini\n|-damage|p2a: Tapu Fini|73\/100\n|-boost|p1a: Clefable|spa|1\n|\n|-heal|p2a: Tapu Fini|79\/100|[from] item: Leftovers\n|-heal|p1a: Clefable|57\/100|[from] item: Leftovers\n|-sideend|p1: ghecisbestvillain|Reflect\n|upkeep\n|turn|23\n|\n|move|p2a: Tapu Fini|Nature's Madness|p1a: Clefable\n|-damage|p1a: Clefable|29\/100\n|move|p1a: Clefable|Charge Beam|p2a: Tapu Fini\n|-supereffective|p2a: Tapu Fini\n|-damage|p2a: Tapu Fini|50\/100\n|\n|-heal|p2a: Tapu Fini|57\/100|[from] item: Leftovers\n|-heal|p1a: Clefable|35\/100|[from] item: Leftovers\n|-end|p1a: Clefable|move: Taunt\n|upkeep\n|turn|24\n|\n|move|p2a: Tapu Fini|Taunt|p1a: Clefable\n|-start|p1a: Clefable|move: Taunt\n|move|p1a: Clefable|Charge Beam|p2a: Tapu Fini\n|-supereffective|p2a: Tapu Fini\n|-damage|p2a: Tapu Fini|28\/100\n|-boost|p1a: Clefable|spa|1\n|\n|-heal|p2a: Tapu Fini|34\/100|[from] item: Leftovers\n|-heal|p1a: Clefable|41\/100|[from] item: Leftovers\n|-fieldend|Misty Terrain\n|upkeep\n|turn|25\n|\n|move|p2a: Tapu Fini|Nature's Madness|p1a: Clefable|[miss]\n|-miss|p2a: Tapu Fini|p1a: Clefable\n|move|p1a: Clefable|Charge Beam|p2a: Tapu Fini\n|-supereffective|p2a: Tapu Fini\n|-damage|p2a: Tapu Fini|0 fnt\n|-boost|p1a: Clefable|spa|1\n|faint|p2a: Tapu Fini\n|\n|-heal|p1a: Clefable|47\/100|[from] item: Leftovers\n|upkeep\n|\n|switch|p2a: Gardevoir|Gardevoir-Mega, F, shiny|100\/100\n|turn|26\n|\n|move|p2a: Gardevoir|Hyper Voice|p1a: Clefable\n|-damage|p1a: Clefable|11\/100\n|move|p1a: Clefable|Stored Power|p2a: Gardevoir\n|-resisted|p2a: Gardevoir\n|-damage|p2a: Gardevoir|54\/100\n|\n|-heal|p1a: Clefable|17\/100|[from] item: Leftovers\n|-end|p1a: Clefable|move: Taunt\n|upkeep\n|turn|27\n|\n|move|p2a: Gardevoir|Hyper Voice|p1a: Clefable\n|-damage|p1a: Clefable|0 fnt\n|faint|p1a: Clefable\n|\n|upkeep\n|\n|switch|p1a: Tapu Koko|Tapu Koko|52\/100\n|-fieldstart|move: Electric Terrain|[from] ability: Electric Surge|[of] p1a: Tapu Koko\n|turn|28\n|\n|move|p1a: Tapu Koko|Reflect|p1a: Tapu Koko\n|-sidestart|p1: ghecisbestvillain|Reflect\n|move|p2a: Gardevoir|Hyper Voice|p1a: Tapu Koko\n|-damage|p1a: Tapu Koko|0 fnt\n|faint|p1a: Tapu Koko\n|\n|upkeep\n|\n|switch|p1a: Hawlucha|Hawlucha, M|100\/100\n|-enditem|p1a: Hawlucha|Electric Seed\n|-boost|p1a: Hawlucha|def|1\n|turn|29\n|\n|move|p1a: Hawlucha|Acrobatics|p2a: Gardevoir\n|-damage|p2a: Gardevoir|0 fnt\n|faint|p2a: Gardevoir\n|\n|upkeep\n|\n|switch|p2a: Skarmory|Skarmory, F|52\/100\n|turn|30\n|\n|move|p1a: Hawlucha|Swords Dance|p1a: Hawlucha\n|-boost|p1a: Hawlucha|atk|2\n|move|p2a: Skarmory|Roost|p2a: Skarmory\n|-heal|p2a: Skarmory|100\/100\n|-singleturn|p2a: Skarmory|move: Roost\n|\n|upkeep\n|turn|31\n|\n|move|p1a: Hawlucha|Swords Dance|p1a: Hawlucha\n|-boost|p1a: Hawlucha|atk|2\n|move|p2a: Skarmory|Brave Bird|p1a: Hawlucha\n|-supereffective|p1a: Hawlucha\n|-damage|p1a: Hawlucha|68\/100\n|-damage|p2a: Skarmory|91\/100|[from] Recoil\n|\n|upkeep\n|turn|32\n|\n|move|p1a: Hawlucha|Swords Dance|p1a: Hawlucha\n|-boost|p1a: Hawlucha|atk|2\n|move|p2a: Skarmory|Brave Bird|p1a: Hawlucha\n|-supereffective|p1a: Hawlucha\n|-damage|p1a: Hawlucha|35\/100\n|-damage|p2a: Skarmory|81\/100|[from] Recoil\n|\n|-sideend|p1: ghecisbestvillain|Reflect\n|-fieldend|move: Electric Terrain\n|upkeep\n|turn|33\n|\n|move|p1a: Hawlucha|Drain Punch|p2a: Skarmory\n|-damage|p2a: Skarmory|2\/100\n|-heal|p1a: Hawlucha|79\/100|[from] drain|[of] p2a: Skarmory\n|-damage|p1a: Hawlucha|63\/100|[from] item: Rocky Helmet|[of] p2a: Skarmory\n|move|p2a: Skarmory|Brave Bird|p1a: Hawlucha\n|-supereffective|p1a: Hawlucha\n|-damage|p1a: Hawlucha|1\/100\n|-damage|p2a: Skarmory|0 fnt|[from] Recoil\n|faint|p2a: Skarmory\n|\n|upkeep\n|\n|switch|p2a: Weavile|Weavile, F|100\/100\n|-ability|p2a: Weavile|Pressure\n|turn|34\n|-message|ghecisbestvillain forfeited.\n|\n|win|Isaac7u7r\n|l|\u2606ghecisbestvillain\n|raw|ghecisbestvillain's rating: 1744 &rarr; <strong>1727<\/strong><br \/>(-17 for losing)\n|raw|Isaac7u7r's rating: 1798 &rarr; <strong>1815<\/strong><br \/>(+17 for winning)\n|l|\u2606Isaac7u7r\n|j|\u2606ghecisbestvillain\n|player|p1|ghecisbestvillain|269\n|l|\u2606ghecisbestvillain\n|player|p1|\n","uploadtime":1564226292,"views":7,"p1id":"ghecisbestvillain","p2id":"isaac7u7r","formatid":"gen7ou","rating":1727,"private":0,"password":null}