{"id":"gen7ou-817348392","p1":"Chaud74","p2":"bratiste","format":"gen7ou","log":"|j|\u2606Chaud74\n|j|\u2606bratiste\n|player|p1|Chaud74|2\n|player|p2|bratiste|264\n|teamsize|p1|6\n|teamsize|p2|6\n|gametype|singles\n|gen|7\n|tier|[Gen 7] OU\n|rated|\n|rule|Sleep Clause Mod: Limit one foe put to sleep\n|rule|Species Clause: Limit one of each Pok\u00e9mon\n|rule|OHKO Clause: OHKO moves are banned\n|rule|Moody Clause: Moody is banned\n|rule|Evasion Moves Clause: Evasion moves are banned\n|rule|Endless Battle Clause: Forcing endless battles is banned\n|rule|HP Percentage Mod: HP is shown in percentages\n|clearpoke\n|poke|p1|Scizor, M|item\n|poke|p1|Tyranitar, M|item\n|poke|p1|Landorus-Therian, M|item\n|poke|p1|Celesteela|item\n|poke|p1|Rotom-Wash|item\n|poke|p1|Kartana|item\n|poke|p2|Lopunny, F|item\n|poke|p2|Celesteela|item\n|poke|p2|Greninja, M|item\n|poke|p2|Toxapex, F|item\n|poke|p2|Landorus-Therian, M|item\n|poke|p2|Zygarde|item\n|teampreview\n|\n|start\n|switch|p1a: Landorus|Landorus-Therian, M|100\/100\n|switch|p2a: XtremCANCER<3|Landorus-Therian, M|100\/100\n|-ability|p2a: XtremCANCER<3|Intimidate|boost\n|-unboost|p1a: Landorus|atk|1\n|-ability|p1a: Landorus|Intimidate|boost\n|-unboost|p2a: XtremCANCER<3|atk|1\n|turn|1\n|\n|move|p2a: XtremCANCER<3|Stealth Rock|p1a: Landorus\n|-sidestart|p1: Chaud74|move: Stealth Rock\n|move|p1a: Landorus|Toxic|p2a: XtremCANCER<3\n|-status|p2a: XtremCANCER<3|tox\n|\n|-damage|p2a: XtremCANCER<3|94\/100 tox|[from] psn\n|upkeep\n|turn|2\n|\n|switch|p2a: FragOr Frog|Greninja, M|100\/100\n|move|p1a: Landorus|Toxic|p2a: FragOr Frog\n|-status|p2a: FragOr Frog|tox\n|\n|-damage|p2a: FragOr Frog|95\/100 tox|[from] psn\n|upkeep\n|turn|3\n|\n|switch|p1a: Rotom|Rotom-Wash|100\/100\n|-damage|p1a: Rotom|88\/100|[from] Stealth Rock\n|move|p2a: FragOr Frog|Dark Pulse|p1a: Rotom\n|-damage|p1a: Rotom|48\/100\n|\n|-heal|p1a: Rotom|54\/100|[from] item: Leftovers\n|-damage|p2a: FragOr Frog|83\/100 tox|[from] psn\n|upkeep\n|turn|4\n|\n|switch|p2a: MentheFraiche|Zygarde, shiny|100\/100\n|-ability|p2a: MentheFraiche|Aura Break\n|move|p1a: Rotom|Volt Switch|p2a: MentheFraiche\n|-immune|p2a: MentheFraiche|[msg]\n|\n|-heal|p1a: Rotom|61\/100|[from] item: Leftovers\n|upkeep\n|turn|5\n|\n|switch|p1a: Landorus|Landorus-Therian, M|100\/100\n|-damage|p1a: Landorus|88\/100|[from] Stealth Rock\n|-ability|p1a: Landorus|Intimidate|boost\n|-unboost|p2a: MentheFraiche|atk|1\n|move|p2a: MentheFraiche|Substitute|p2a: MentheFraiche\n|-start|p2a: MentheFraiche|Substitute\n|-damage|p2a: MentheFraiche|75\/100\n|\n|-heal|p2a: MentheFraiche|82\/100|[from] item: Leftovers\n|upkeep\n|turn|6\n|\n|move|p1a: Landorus|Earthquake|p2a: MentheFraiche\n|-end|p2a: MentheFraiche|Substitute\n|move|p2a: MentheFraiche|Thousand Arrows|p1a: Landorus\n|-damage|p1a: Landorus|71\/100\n|-start|p1a: Landorus|Smack Down\n|\n|-heal|p2a: MentheFraiche|88\/100|[from] item: Leftovers\n|upkeep\n|turn|7\n|\n|switch|p2a: DeTypeAcier|Celesteela|100\/100\n|move|p1a: Landorus|Earthquake|p2a: DeTypeAcier\n|-immune|p2a: DeTypeAcier|[msg]\n|\n|upkeep\n|turn|8\n|\n|switch|p1a: Celesteela|Celesteela|100\/100\n|-damage|p1a: Celesteela|88\/100|[from] Stealth Rock\n|move|p2a: DeTypeAcier|Leech Seed|p1a: Celesteela\n|-start|p1a: Celesteela|move: Leech Seed\n|\n|-heal|p1a: Celesteela|94\/100|[from] item: Leftovers\n|-damage|p1a: Celesteela|82\/100|[from] Leech Seed|[of] p2a: DeTypeAcier\n|upkeep\n|turn|9\n|\n|switch|p1a: Tyranitar|Tyranitar, M|100\/100\n|-damage|p1a: Tyranitar|88\/100|[from] Stealth Rock\n|-weather|Sandstorm|[from] ability: Sand Stream|[of] p1a: Tyranitar\n|move|p2a: DeTypeAcier|Flamethrower|p1a: Tyranitar\n|-resisted|p1a: Tyranitar\n|-damage|p1a: Tyranitar|81\/100\n|\n|-weather|Sandstorm|[upkeep]\n|upkeep\n|turn|10\n|\n|move|p1a: Tyranitar|Stone Edge|p2a: DeTypeAcier\n|-crit|p2a: DeTypeAcier\n|-damage|p2a: DeTypeAcier|5\/100\n|move|p2a: DeTypeAcier|Heavy Slam|p1a: Tyranitar\n|-supereffective|p1a: Tyranitar\n|-damage|p1a: Tyranitar|14\/100\n|\n|-weather|Sandstorm|[upkeep]\n|-heal|p2a: DeTypeAcier|11\/100|[from] item: Leftovers\n|upkeep\n|turn|11\n|\n|move|p2a: DeTypeAcier|Protect|p2a: DeTypeAcier\n|-singleturn|p2a: DeTypeAcier|Protect\n|move|p1a: Tyranitar|Stone Edge|p2a: DeTypeAcier\n|-activate|p2a: DeTypeAcier|move: Protect\n|\n|-weather|Sandstorm|[upkeep]\n|-heal|p2a: DeTypeAcier|17\/100|[from] item: Leftovers\n|upkeep\n|turn|12\n|\n|switch|p2a: FragOr Frog|Greninja, M|83\/100 tox\n|move|p1a: Tyranitar|Stone Edge|p2a: FragOr Frog|[miss]\n|-miss|p1a: Tyranitar|p2a: FragOr Frog\n|\n|-weather|Sandstorm|[upkeep]\n|-damage|p2a: FragOr Frog|77\/100 tox|[from] Sandstorm\n|-damage|p2a: FragOr Frog|71\/100 tox|[from] psn\n|upkeep\n|turn|13\n|\n|switch|p1a: Celesteela|Celesteela|82\/100\n|-damage|p1a: Celesteela|70\/100|[from] Stealth Rock\n|move|p2a: FragOr Frog|Dark Pulse|p1a: Celesteela\n|-damage|p1a: Celesteela|33\/100\n|\n|-weather|none\n|-heal|p1a: Celesteela|39\/100|[from] item: Leftovers\n|-damage|p2a: FragOr Frog|59\/100 tox|[from] psn\n|upkeep\n|turn|14\n|\n|switch|p2a: FANTASME|Lopunny, F, shiny|100\/100\n|move|p1a: Celesteela|Leech Seed|p2a: FANTASME\n|-start|p2a: FANTASME|move: Leech Seed\n|\n|-heal|p1a: Celesteela|45\/100|[from] item: Leftovers\n|-damage|p2a: FANTASME|88\/100|[from] Leech Seed|[of] p1a: Celesteela\n|-heal|p1a: Celesteela|53\/100|[silent]\n|upkeep\n|turn|15\n|\n|switch|p2a: DeTypeAcier|Celesteela|17\/100\n|move|p1a: Celesteela|Protect|p1a: Celesteela\n|-fail|p1a: Celesteela\n|\n|-heal|p2a: DeTypeAcier|23\/100|[from] item: Leftovers\n|-heal|p1a: Celesteela|59\/100|[from] item: Leftovers\n|upkeep\n|turn|16\n|\n|move|p1a: Celesteela|Flamethrower|p2a: DeTypeAcier\n|-supereffective|p2a: DeTypeAcier\n|-damage|p2a: DeTypeAcier|0 fnt\n|faint|p2a: DeTypeAcier\n|-ability|p1a: Celesteela|Beast Boost|boost\n|-boost|p1a: Celesteela|spd|1\n|\n|-heal|p1a: Celesteela|65\/100|[from] item: Leftovers\n|upkeep\n|\n|switch|p2a: MentheFraiche|Zygarde, shiny|88\/100\n|-ability|p2a: MentheFraiche|Aura Break\n|turn|17\n|\n|move|p2a: MentheFraiche|Substitute|p2a: MentheFraiche\n|-start|p2a: MentheFraiche|Substitute\n|-damage|p2a: MentheFraiche|63\/100\n|move|p1a: Celesteela|Heavy Slam|p2a: MentheFraiche\n|-activate|p2a: MentheFraiche|move: Substitute|[damage]\n|\n|-heal|p2a: MentheFraiche|69\/100|[from] item: Leftovers\n|-heal|p1a: Celesteela|71\/100|[from] item: Leftovers\n|upkeep\n|turn|18\n|\n|switch|p1a: Scizor|Scizor, M|100\/100\n|-damage|p1a: Scizor|88\/100|[from] Stealth Rock\n|move|p2a: MentheFraiche|Dragon Dance|p2a: MentheFraiche\n|-boost|p2a: MentheFraiche|atk|1\n|-boost|p2a: MentheFraiche|spe|1\n|\n|-heal|p2a: MentheFraiche|75\/100|[from] item: Leftovers\n|upkeep\n|turn|19\n|\n|detailschange|p1a: Scizor|Scizor-Mega, M\n|-mega|p1a: Scizor|Scizor|Scizorite\n|move|p1a: Scizor|Bullet Punch|p2a: MentheFraiche\n|-end|p2a: MentheFraiche|Substitute\n|move|p2a: MentheFraiche|Coil|p2a: MentheFraiche\n|-boost|p2a: MentheFraiche|atk|1\n|-boost|p2a: MentheFraiche|def|1\n|-boost|p2a: MentheFraiche|accuracy|1\n|\n|-heal|p2a: MentheFraiche|81\/100|[from] item: Leftovers\n|upkeep\n|turn|20\n|\n|move|p2a: MentheFraiche|Substitute|p2a: MentheFraiche\n|-start|p2a: MentheFraiche|Substitute\n|-damage|p2a: MentheFraiche|56\/100\n|move|p1a: Scizor|Swords Dance|p1a: Scizor\n|-boost|p1a: Scizor|atk|2\n|\n|-heal|p2a: MentheFraiche|63\/100|[from] item: Leftovers\n|upkeep\n|turn|21\n|\n|move|p1a: Scizor|Bullet Punch|p2a: MentheFraiche\n|-end|p2a: MentheFraiche|Substitute\n|move|p2a: MentheFraiche|Thousand Arrows|p1a: Scizor\n|-damage|p1a: Scizor|33\/100\n|\n|-heal|p2a: MentheFraiche|69\/100|[from] item: Leftovers\n|upkeep\n|turn|22\n|\n|move|p1a: Scizor|Bullet Punch|p2a: MentheFraiche\n|-damage|p2a: MentheFraiche|37\/100\n|move|p2a: MentheFraiche|Thousand Arrows|p1a: Scizor\n|-damage|p1a: Scizor|0 fnt\n|faint|p1a: Scizor\n|\n|-heal|p2a: MentheFraiche|43\/100|[from] item: Leftovers\n|upkeep\n|\n|switch|p1a: Rotom|Rotom-Wash|61\/100\n|-damage|p1a: Rotom|48\/100|[from] Stealth Rock\n|turn|23\n|\n|move|p2a: MentheFraiche|Thousand Arrows|p1a: Rotom\n|-supereffective|p1a: Rotom\n|-damage|p1a: Rotom|0 fnt\n|faint|p1a: Rotom\n|\n|-heal|p2a: MentheFraiche|49\/100|[from] item: Leftovers\n|upkeep\n|\n|switch|p1a: Landorus|Landorus-Therian, M|71\/100\n|-damage|p1a: Landorus|59\/100|[from] Stealth Rock\n|-ability|p1a: Landorus|Intimidate|boost\n|-unboost|p2a: MentheFraiche|atk|1\n|turn|24\n|\n|move|p2a: MentheFraiche|Thousand Arrows|p1a: Landorus\n|-damage|p1a: Landorus|27\/100\n|-start|p1a: Landorus|Smack Down\n|move|p1a: Landorus|Earthquake|p2a: MentheFraiche\n|-damage|p2a: MentheFraiche|27\/100\n|\n|-heal|p2a: MentheFraiche|34\/100|[from] item: Leftovers\n|upkeep\n|turn|25\n|\n|move|p2a: MentheFraiche|Thousand Arrows|p1a: Landorus\n|-damage|p1a: Landorus|0 fnt\n|faint|p1a: Landorus\n|\n|-heal|p2a: MentheFraiche|40\/100|[from] item: Leftovers\n|upkeep\n|\n|switch|p1a: Kartana|Kartana|100\/100\n|-damage|p1a: Kartana|94\/100|[from] Stealth Rock\n|turn|26\n|\n|move|p2a: MentheFraiche|Coil|p2a: MentheFraiche\n|-boost|p2a: MentheFraiche|atk|1\n|-boost|p2a: MentheFraiche|def|1\n|-boost|p2a: MentheFraiche|accuracy|1\n|-zpower|p1a: Kartana\n|move|p1a: Kartana|Corkscrew Crash|p2a: MentheFraiche|[zeffect]\n|-damage|p2a: MentheFraiche|7\/100\n|\n|-heal|p2a: MentheFraiche|13\/100|[from] item: Leftovers\n|upkeep\n|turn|27\n|\n|move|p2a: MentheFraiche|Thousand Arrows|p1a: Kartana\n|-damage|p1a: Kartana|23\/100\n|move|p1a: Kartana|Leaf Blade|p2a: MentheFraiche\n|-damage|p2a: MentheFraiche|0 fnt\n|faint|p2a: MentheFraiche\n|-ability|p1a: Kartana|Beast Boost|boost\n|-boost|p1a: Kartana|atk|1\n|\n|upkeep\n|\n|switch|p2a: FANTASME|Lopunny, F, shiny|88\/100\n|turn|28\n|\n|detailschange|p2a: FANTASME|Lopunny-Mega, F, shiny\n|-mega|p2a: FANTASME|Lopunny|Lopunnite\n|move|p2a: FANTASME|Fake Out|p1a: Kartana\n|-resisted|p1a: Kartana\n|-damage|p1a: Kartana|11\/100\n|cant|p1a: Kartana|flinch\n|\n|upkeep\n|turn|29\n|\n|move|p2a: FANTASME|Return|p1a: Kartana\n|-resisted|p1a: Kartana\n|-damage|p1a: Kartana|0 fnt\n|faint|p1a: Kartana\n|\n|upkeep\n|\n|switch|p1a: Celesteela|Celesteela|71\/100\n|-damage|p1a: Celesteela|59\/100|[from] Stealth Rock\n|turn|30\n|\n|move|p2a: FANTASME|High Jump Kick|p1a: Celesteela\n|-damage|p1a: Celesteela|4\/100\n|move|p1a: Celesteela|Leech Seed|p2a: FANTASME\n|-start|p2a: FANTASME|move: Leech Seed\n|\n|-heal|p1a: Celesteela|10\/100|[from] item: Leftovers\n|-damage|p2a: FANTASME|76\/100|[from] Leech Seed|[of] p1a: Celesteela\n|-heal|p1a: Celesteela|18\/100|[silent]\n|upkeep\n|turn|31\n|\n|move|p1a: Celesteela|Protect|p1a: Celesteela\n|-singleturn|p1a: Celesteela|Protect\n|move|p2a: FANTASME|Ice Punch|p1a: Celesteela\n|-activate|p1a: Celesteela|move: Protect\n|\n|-heal|p1a: Celesteela|24\/100|[from] item: Leftovers\n|-damage|p2a: FANTASME|64\/100|[from] Leech Seed|[of] p1a: Celesteela\n|-heal|p1a: Celesteela|32\/100|[silent]\n|upkeep\n|turn|32\n|\n|move|p1a: Celesteela|Protect|p1a: Celesteela\n|-singleturn|p1a: Celesteela|Protect\n|move|p2a: FANTASME|High Jump Kick|p1a: Celesteela\n|-activate|p1a: Celesteela|move: Protect\n|-damage|p2a: FANTASME|14\/100|[from] highjumpkick\n|\n|-heal|p1a: Celesteela|38\/100|[from] item: Leftovers\n|-damage|p2a: FANTASME|2\/100|[from] Leech Seed|[of] p1a: Celesteela\n|-heal|p1a: Celesteela|46\/100|[silent]\n|upkeep\n|turn|33\n|\n|switch|p2a: FragOr Frog|Greninja, M|59\/100 tox\n|move|p1a: Celesteela|Protect|p1a: Celesteela\n|-fail|p1a: Celesteela\n|\n|-heal|p1a: Celesteela|53\/100|[from] item: Leftovers\n|-damage|p2a: FragOr Frog|53\/100 tox|[from] psn\n|upkeep\n|turn|34\n|\n|move|p2a: FragOr Frog|Hydro Pump|p1a: Celesteela\n|-damage|p1a: Celesteela|1\/100\n|move|p1a: Celesteela|Leech Seed|p2a: FragOr Frog\n|-start|p2a: FragOr Frog|move: Leech Seed\n|\n|-heal|p1a: Celesteela|7\/100|[from] item: Leftovers\n|-damage|p2a: FragOr Frog|40\/100 tox|[from] Leech Seed|[of] p1a: Celesteela\n|-heal|p1a: Celesteela|16\/100|[silent]\n|-damage|p2a: FragOr Frog|29\/100 tox|[from] psn\n|upkeep\n|turn|35\n|\n|switch|p2a: EnjoyPokemon|Toxapex, F|100\/100\n|move|p1a: Celesteela|Leech Seed|p2a: EnjoyPokemon|[miss]\n|-miss|p1a: Celesteela|p2a: EnjoyPokemon\n|\n|-heal|p1a: Celesteela|22\/100|[from] item: Leftovers\n|upkeep\n|turn|36\n|\n|move|p1a: Celesteela|Protect|p1a: Celesteela\n|-singleturn|p1a: Celesteela|Protect\n|move|p2a: EnjoyPokemon|Scald|p1a: Celesteela\n|-activate|p1a: Celesteela|move: Protect\n|\n|-heal|p1a: Celesteela|28\/100|[from] item: Leftovers\n|upkeep\n|turn|37\n|\n|move|p1a: Celesteela|Leech Seed|p2a: EnjoyPokemon\n|-start|p2a: EnjoyPokemon|move: Leech Seed\n|move|p2a: EnjoyPokemon|Scald|p1a: Celesteela\n|-damage|p1a: Celesteela|18\/100\n|\n|-heal|p1a: Celesteela|24\/100|[from] item: Leftovers\n|-damage|p2a: EnjoyPokemon|88\/100|[from] Leech Seed|[of] p1a: Celesteela\n|-heal|p1a: Celesteela|33\/100|[silent]\n|upkeep\n|turn|38\n|\n|switch|p2a: FragOr Frog|Greninja, M|29\/100 tox\n|move|p1a: Celesteela|Leech Seed|p2a: FragOr Frog|[miss]\n|-miss|p1a: Celesteela|p2a: FragOr Frog\n|\n|-heal|p1a: Celesteela|39\/100|[from] item: Leftovers\n|-damage|p2a: FragOr Frog|23\/100 tox|[from] psn\n|upkeep\n|turn|39\n|\n|move|p1a: Celesteela|Protect|p1a: Celesteela\n|-singleturn|p1a: Celesteela|Protect\n|move|p2a: FragOr Frog|Spikes|p1a: Celesteela\n|-sidestart|p1: Chaud74|Spikes\n|\n|-heal|p1a: Celesteela|45\/100|[from] item: Leftovers\n|-damage|p2a: FragOr Frog|11\/100 tox|[from] psn\n|upkeep\n|turn|40\n|\n|switch|p2a: XtremCANCER<3|Landorus-Therian, M|94\/100 tox\n|-ability|p2a: XtremCANCER<3|Intimidate|boost\n|-unboost|p1a: Celesteela|atk|1\n|move|p1a: Celesteela|Protect|p1a: Celesteela\n|-fail|p1a: Celesteela\n|\n|-heal|p1a: Celesteela|52\/100|[from] item: Leftovers\n|-damage|p2a: XtremCANCER<3|88\/100 tox|[from] psn\n|upkeep\n|turn|41\n|\n|move|p2a: XtremCANCER<3|U-turn|p1a: Celesteela\n|-resisted|p1a: Celesteela\n|-crit|p1a: Celesteela\n|-damage|p1a: Celesteela|45\/100\n|\n|switch|p2a: FragOr Frog|Greninja, M|11\/100 tox\n|move|p1a: Celesteela|Leech Seed|p2a: FragOr Frog\n|-start|p2a: FragOr Frog|move: Leech Seed\n|\n|-heal|p1a: Celesteela|52\/100|[from] item: Leftovers\n|-damage|p2a: FragOr Frog|0 fnt|[from] Leech Seed|[of] p1a: Celesteela\n|-heal|p1a: Celesteela|59\/100|[silent]\n|upkeep\n|faint|p2a: FragOr Frog\n|\n|switch|p2a: FANTASME|Lopunny-Mega, F, shiny|2\/100\n|turn|42\n|\n|move|p1a: Celesteela|Protect|p1a: Celesteela\n|-singleturn|p1a: Celesteela|Protect\n|move|p2a: FANTASME|Fake Out|p1a: Celesteela\n|-activate|p1a: Celesteela|move: Protect\n|\n|-heal|p1a: Celesteela|65\/100|[from] item: Leftovers\n|upkeep\n|turn|43\n|\n|move|p2a: FANTASME|High Jump Kick|p1a: Celesteela\n|-damage|p1a: Celesteela|16\/100\n|move|p1a: Celesteela|Heavy Slam|p2a: FANTASME\n|-damage|p2a: FANTASME|0 fnt\n|faint|p2a: FANTASME\n|-ability|p1a: Celesteela|Beast Boost|boost\n|-boost|p1a: Celesteela|spd|1\n|\n|-heal|p1a: Celesteela|22\/100|[from] item: Leftovers\n|upkeep\n|\n|switch|p2a: XtremCANCER<3|Landorus-Therian, M|88\/100 tox\n|-ability|p2a: XtremCANCER<3|Intimidate|boost\n|-unboost|p1a: Celesteela|atk|1\n|turn|44\n|\n|move|p1a: Celesteela|Protect|p1a: Celesteela\n|-singleturn|p1a: Celesteela|Protect\n|move|p2a: XtremCANCER<3|U-turn|p1a: Celesteela\n|-activate|p1a: Celesteela|move: Protect\n|\n|-heal|p1a: Celesteela|28\/100|[from] item: Leftovers\n|-damage|p2a: XtremCANCER<3|82\/100 tox|[from] psn\n|upkeep\n|turn|45\n|\n|move|p2a: XtremCANCER<3|U-turn|p1a: Celesteela\n|-resisted|p1a: Celesteela\n|-damage|p1a: Celesteela|23\/100\n|\n|switch|p2a: EnjoyPokemon|Toxapex, F|100\/100\n|move|p1a: Celesteela|Leech Seed|p2a: EnjoyPokemon\n|-start|p2a: EnjoyPokemon|move: Leech Seed\n|\n|-heal|p1a: Celesteela|29\/100|[from] item: Leftovers\n|-damage|p2a: EnjoyPokemon|88\/100|[from] Leech Seed|[of] p1a: Celesteela\n|-heal|p1a: Celesteela|38\/100|[silent]\n|upkeep\n|turn|46\n|\n|move|p1a: Celesteela|Heavy Slam|p2a: EnjoyPokemon\n|-resisted|p2a: EnjoyPokemon\n|-damage|p2a: EnjoyPokemon|80\/100\n|move|p2a: EnjoyPokemon|Haze|p2a: EnjoyPokemon\n|-clearallboost\n|\n|-heal|p1a: Celesteela|44\/100|[from] item: Leftovers\n|-heal|p2a: EnjoyPokemon|86\/100|[from] item: Black Sludge\n|-damage|p2a: EnjoyPokemon|74\/100|[from] Leech Seed|[of] p1a: Celesteela\n|-heal|p1a: Celesteela|54\/100|[silent]\n|upkeep\n|turn|47\n|\n|move|p1a: Celesteela|Protect|p1a: Celesteela\n|-singleturn|p1a: Celesteela|Protect\n|move|p2a: EnjoyPokemon|Scald|p1a: Celesteela\n|-activate|p1a: Celesteela|move: Protect\n|\n|-heal|p1a: Celesteela|60\/100|[from] item: Leftovers\n|-heal|p2a: EnjoyPokemon|80\/100|[from] item: Black Sludge\n|-damage|p2a: EnjoyPokemon|68\/100|[from] Leech Seed|[of] p1a: Celesteela\n|-heal|p1a: Celesteela|69\/100|[silent]\n|upkeep\n|turn|48\n|\n|move|p1a: Celesteela|Heavy Slam|p2a: EnjoyPokemon\n|-resisted|p2a: EnjoyPokemon\n|-damage|p2a: EnjoyPokemon|53\/100\n|move|p2a: EnjoyPokemon|Recover|p2a: EnjoyPokemon\n|-heal|p2a: EnjoyPokemon|100\/100\n|\n|-heal|p1a: Celesteela|75\/100|[from] item: Leftovers\n|-damage|p2a: EnjoyPokemon|88\/100|[from] Leech Seed|[of] p1a: Celesteela\n|-heal|p1a: Celesteela|84\/100|[silent]\n|upkeep\n|turn|49\n|\n|move|p1a: Celesteela|Heavy Slam|p2a: EnjoyPokemon\n|-resisted|p2a: EnjoyPokemon\n|-damage|p2a: EnjoyPokemon|71\/100\n|move|p2a: EnjoyPokemon|Scald|p1a: Celesteela\n|-damage|p1a: Celesteela|72\/100\n|-status|p1a: Celesteela|brn\n|\n|-heal|p1a: Celesteela|78\/100 brn|[from] item: Leftovers\n|-heal|p2a: EnjoyPokemon|77\/100|[from] item: Black Sludge\n|-damage|p2a: EnjoyPokemon|65\/100|[from] Leech Seed|[of] p1a: Celesteela\n|-heal|p1a: Celesteela|88\/100 brn|[silent]\n|-damage|p1a: Celesteela|82\/100 brn|[from] brn\n|upkeep\n|turn|50\n|-message|bratiste forfeited.\n|\n|win|Chaud74\n|l|\u2606bratiste\n|c|\u2606Chaud74|gg\n","uploadtime":1539025746,"views":0,"p1id":"chaud74","p2id":"bratiste","formatid":"gen7ou","rating":0,"private":0,"password":null}