{"id":"gen7ou-705411229","p1":"Chasterr","p2":"dragon rider43","format":"gen7ou","log":"|j|\u2606Chasterr\n|j|\u2606dragon rider43\n|player|p1|Chasterr|101\n|player|p2|dragon rider43|169\n|teamsize|p1|6\n|teamsize|p2|6\n|gametype|singles\n|gen|7\n|tier|[Gen 7] OU\n|rated|\n|rule|Sleep Clause Mod: Limit one foe put to sleep\n|rule|Species Clause: Limit one of each Pok\u00e9mon\n|rule|OHKO Clause: OHKO moves are banned\n|rule|Moody Clause: Moody is banned\n|rule|Evasion Moves Clause: Evasion moves are banned\n|rule|Endless Battle Clause: Forcing endless battles is banned\n|rule|HP Percentage Mod: HP is shown in percentages\n|clearpoke\n|poke|p1|Landorus-Therian, M|item\n|poke|p1|Magneton|item\n|poke|p1|Gogoat, M|item\n|poke|p1|Chandelure, M|item\n|poke|p1|Gastrodon, F|item\n|poke|p1|Absol, F|item\n|poke|p2|Greninja, F|item\n|poke|p2|Charizard, F|item\n|poke|p2|Magearna|item\n|poke|p2|Latios, M|item\n|poke|p2|Scizor, F|item\n|poke|p2|Marowak-Alola, M|item\n|teampreview\n|\n|start\n|switch|p1a: Absol|Absol, F|100\/100\n|switch|p2a: Greninja|Greninja, F|100\/100\n|turn|1\n|\n|-mega|p1a: Absol|Absol|Absolite\n|detailschange|p1a: Absol|Absol-Mega, F\n|move|p1a: Absol|Protect|p1a: Absol\n|-singleturn|p1a: Absol|Protect\n|move|p2a: Greninja|U-turn|p1a: Absol\n|-start|p2a: Greninja|typechange|Bug|[from] Protean\n|-activate|p1a: Absol|move: Protect\n|\n|upkeep\n|turn|2\n|\n|switch|p2a: Magearna|Magearna|100\/100\n|switch|p1a: Magneton|Magneton|100\/100\n|\n|upkeep\n|turn|3\n|\n|move|p1a: Magneton|Volt Switch|p2a: Magearna\n|-damage|p2a: Magearna|81\/100\n|inactive|Battle timer is ON: inactive players will automatically lose when time's up. (requested by dragon rider43)\n|\n|switch|p1a: Chandelure|Chandelure, M|100\/100\n|move|p2a: Magearna|Volt Switch|p1a: Chandelure\n|-damage|p1a: Chandelure|65\/100\n|\n|switch|p2a: Greninja|Greninja, F|100\/100\n|\n|upkeep\n|turn|4\n|\n|switch|p1a: Gastrodon|Gastrodon, F|100\/100\n|move|p2a: Greninja|Shadow Sneak|p1a: Gastrodon\n|-start|p2a: Greninja|typechange|Ghost|[from] Protean\n|-damage|p1a: Gastrodon|70\/100\n|\n|upkeep\n|turn|5\n|\n|switch|p2a: Scizor|Scizor, F|100\/100\n|move|p1a: Gastrodon|Counter|p2a: Scizor\n|-fail|p2a: Scizor\n|\n|upkeep\n|turn|6\n|\n|move|p2a: Scizor|U-turn|p1a: Gastrodon\n|-damage|p1a: Gastrodon|23\/100\n|\n|switch|p2a: Magearna|Magearna|81\/100\n|move|p1a: Gastrodon|Recover|p1a: Gastrodon\n|-heal|p1a: Gastrodon|73\/100\n|\n|upkeep\n|turn|7\n|\n|move|p2a: Magearna|Fleur Cannon|p1a: Gastrodon\n|-damage|p1a: Gastrodon|6\/100\n|-unboost|p2a: Magearna|spa|2\n|move|p1a: Gastrodon|Earth Power|p2a: Magearna\n|-supereffective|p2a: Magearna\n|-damage|p2a: Magearna|54\/100\n|\n|upkeep\n|turn|8\n|inactive|Chasterr has 135 seconds left.\n|\n|move|p2a: Magearna|Ice Beam|p1a: Gastrodon\n|-damage|p1a: Gastrodon|0 fnt\n|faint|p1a: Gastrodon\n|-ability|p2a: Magearna|Soul-Heart|boost\n|-boost|p2a: Magearna|spa|1\n|\n|upkeep\n|inactive|Chasterr has 135 seconds left.\n|\n|switch|p1a: Chandelure|Chandelure, M|65\/100\n|turn|9\n|inactive|dragon rider43 has 135 seconds left.\n|\n|switch|p2a: Charizard|Charizard, F|100\/100\n|move|p1a: Chandelure|Fire Blast|p2a: Charizard\n|-resisted|p2a: Charizard\n|-damage|p2a: Charizard|59\/100\n|\n|upkeep\n|turn|10\n|inactive|dragon rider43 has 135 seconds left.\n|\n|-mega|p2a: Charizard|Charizard|Charizardite X\n|detailschange|p2a: Charizard|Charizard-Mega-X, F\n|move|p1a: Chandelure|Fire Blast|p2a: Charizard\n|-resisted|p2a: Charizard\n|-damage|p2a: Charizard|37\/100\n|move|p2a: Charizard|Dragon Dance|p2a: Charizard\n|-boost|p2a: Charizard|atk|1\n|-boost|p2a: Charizard|spe|1\n|\n|upkeep\n|turn|11\n|\n|switch|p1a: Landorus|Landorus-Therian, M|100\/100\n|-ability|p1a: Landorus|Intimidate|boost\n|-unboost|p2a: Charizard|atk|1\n|move|p2a: Charizard|Roost|p2a: Charizard\n|-heal|p2a: Charizard|87\/100\n|\n|upkeep\n|turn|12\n|\n|move|p2a: Charizard|Flare Blitz|p1a: Landorus\n|-damage|p1a: Landorus|0 fnt\n|-damage|p2a: Charizard|52\/100|[from] Recoil|[of] p1a: Landorus\n|faint|p1a: Landorus\n|\n|upkeep\n|\n|switch|p1a: Chandelure|Chandelure, M|65\/100\n|turn|13\n|\n|move|p2a: Charizard|Dragon Claw|p1a: Chandelure\n|-crit|p1a: Chandelure\n|-damage|p1a: Chandelure|0 fnt\n|faint|p1a: Chandelure\n|\n|upkeep\n|\n|switch|p1a: Magneton|Magneton|100\/100\n|turn|14\n|\n|move|p2a: Charizard|Flare Blitz|p1a: Magneton\n|-supereffective|p1a: Magneton\n|-damage|p1a: Magneton|0 fnt\n|-damage|p2a: Charizard|25\/100|[from] Recoil|[of] p1a: Magneton\n|faint|p1a: Magneton\n|\n|upkeep\n|\n|switch|p1a: Absol|Absol-Mega, F|100\/100\n|turn|15\n|\n|move|p1a: Absol|Sucker Punch|p2a: Charizard|[still]\n|-fail|p1a: Absol\n|move|p2a: Charizard|Roost|p2a: Charizard\n|-heal|p2a: Charizard|75\/100\n|\n|upkeep\n|turn|16\n|\n|move|p1a: Absol|Sucker Punch|p2a: Charizard\n|-damage|p2a: Charizard|34\/100\n|move|p2a: Charizard|Dragon Claw|p1a: Absol\n|-damage|p1a: Absol|0 fnt\n|faint|p1a: Absol\n|\n|upkeep\n|-message|Chasterr forfeited.\n|\n|win|dragon rider43\n|l|\u2606Chasterr\n|raw|Chasterr's rating: 1124 &rarr; <strong>1097<\/strong><br \/>(-27 for losing)\n|raw|dragon rider43's rating: 1085 &rarr; <strong>1115<\/strong><br \/>(+30 for winning)\n","inputlog":null,"uploadtime":1518852630,"views":13,"p1id":"chasterr","p2id":"dragonrider43","formatid":"gen7ou","rating":1097,"private":0,"password":null}