{"id":"gen7ou-806683272","p1":"CarlyBae","p2":"charlese","format":"gen7ou","log":"|raw|<div class=\"broadcast-red\"><strong>This battle is invite-only!<\/strong><br \/>Users must be rank + or invited with <code>\/invite<\/code> to join<\/div>\n|j|\u2606CarlyBae\n|j|\u2606charlese\n|player|p1|CarlyBae|2\n|player|p2|charlese|14\n|teamsize|p1|6\n|teamsize|p2|6\n|gametype|singles\n|gen|7\n|tier|[Gen 7] OU\n|rated|\n|rule|Sleep Clause Mod: Limit one foe put to sleep\n|rule|Species Clause: Limit one of each Pok\u00e9mon\n|rule|OHKO Clause: OHKO moves are banned\n|rule|Moody Clause: Moody is banned\n|rule|Evasion Moves Clause: Evasion moves are banned\n|rule|Endless Battle Clause: Forcing endless battles is banned\n|rule|HP Percentage Mod: HP is shown in percentages\n|clearpoke\n|poke|p1|Porygon-Z|item\n|poke|p1|Landorus-Therian, M|item\n|poke|p1|Magnezone|item\n|poke|p1|Pinsir, F|item\n|poke|p1|Tangrowth, M|item\n|poke|p1|Greninja, M|item\n|poke|p2|Tornadus-Therian, M|item\n|poke|p2|Serperior, F|item\n|poke|p2|Tapu Bulu|item\n|poke|p2|Kartana|item\n|poke|p2|Heatran, M|item\n|poke|p2|Latios, M|item\n|teampreview\n|\n|start\n|switch|p1a: Porygon-Z|Porygon-Z|100\/100\n|switch|p2a: Serperior|Serperior, F|100\/100\n|turn|1\n|\n|move|p2a: Serperior|Substitute|p2a: Serperior\n|-start|p2a: Serperior|Substitute\n|-damage|p2a: Serperior|76\/100\n|move|p1a: Porygon-Z|Tri Attack|p2a: Serperior\n|-end|p2a: Serperior|Substitute\n|\n|upkeep\n|turn|2\n|inactive|Battle timer is ON: inactive players will automatically lose when time's up. (requested by charlese)\n|\n|switch|p2a: Heatran|Heatran, M|100\/100\n|move|p1a: Porygon-Z|Tri Attack|p2a: Heatran\n|-resisted|p2a: Heatran\n|-damage|p2a: Heatran|73\/100\n|\n|-heal|p2a: Heatran|79\/100|[from] item: Leftovers\n|upkeep\n|turn|3\n|\n|switch|p1a: Landorus|Landorus-Therian, M|100\/100\n|-ability|p1a: Landorus|Intimidate|boost\n|-unboost|p2a: Heatran|atk|1\n|move|p2a: Heatran|Stealth Rock|p1a: Landorus\n|-sidestart|p1: CarlyBae|move: Stealth Rock\n|\n|-heal|p2a: Heatran|85\/100|[from] item: Leftovers\n|upkeep\n|turn|4\n|\n|move|p1a: Landorus|Defog|p2a: Heatran\n|-unboost|p2a: Heatran|evasion|1\n|-sideend|p1: CarlyBae|Stealth Rock|[from] move: Defog|[of] p1a: Landorus\n|move|p2a: Heatran|Magma Storm|p1a: Landorus|[miss]\n|-miss|p2a: Heatran|p1a: Landorus\n|\n|-heal|p2a: Heatran|92\/100|[from] item: Leftovers\n|upkeep\n|turn|5\n|\n|switch|p2a: Latios|Latios, M|100\/100\n|move|p1a: Landorus|U-turn|p2a: Latios\n|-supereffective|p2a: Latios\n|-damage|p2a: Latios|49\/100\n|\n|switch|p1a: Greninja|Greninja, M|100\/100\n|\n|upkeep\n|turn|6\n|\n|switch|p2a: Tapu Bulu|Tapu Bulu|100\/100\n|-fieldstart|move: Grassy Terrain|[from] ability: Grassy Surge|[of] p2a: Tapu Bulu\n|move|p1a: Greninja|U-turn|p2a: Tapu Bulu\n|-damage|p2a: Tapu Bulu|89\/100\n|\n|switch|p1a: Pinsir|Pinsir, F|100\/100\n|\n|-heal|p2a: Tapu Bulu|95\/100|[from] item: Leftovers\n|-heal|p2a: Tapu Bulu|100\/100|[from] Grassy Terrain\n|upkeep\n|turn|7\n|\n|switch|p2a: Heatran|Heatran, M|92\/100\n|detailschange|p1a: Pinsir|Pinsir-Mega, F\n|-mega|p1a: Pinsir|Pinsir|Pinsirite\n|move|p1a: Pinsir|Return|p2a: Heatran\n|-resisted|p2a: Heatran\n|-damage|p2a: Heatran|61\/100\n|\n|-heal|p2a: Heatran|68\/100|[from] item: Leftovers\n|-heal|p2a: Heatran|74\/100|[from] Grassy Terrain\n|upkeep\n|turn|8\n|\n|switch|p1a: Greninja|Greninja, M|100\/100\n|switch|p2a: Tornadus|Tornadus-Therian, M|100\/100\n|\n|upkeep\n|turn|9\n|\n|move|p1a: Greninja|U-turn|p2a: Tornadus\n|-resisted|p2a: Tornadus\n|-damage|p2a: Tornadus|93\/100\n|\n|switch|p1a: Magnezone|Magnezone|100\/100\n|move|p2a: Tornadus|U-turn|p1a: Magnezone\n|-resisted|p1a: Magnezone\n|-damage|p1a: Magnezone|93\/100\n|\n|switch|p2a: Heatran|Heatran, M|74\/100\n|\n|-heal|p1a: Magnezone|99\/100|[from] Grassy Terrain\n|-heal|p2a: Heatran|80\/100|[from] item: Leftovers\n|-heal|p2a: Heatran|86\/100|[from] Grassy Terrain\n|upkeep\n|turn|10\n|\n|move|p1a: Magnezone|Volt Switch|p2a: Heatran\n|-damage|p2a: Heatran|64\/100\n|\n|switch|p1a: Greninja|Greninja, M|100\/100\n|move|p2a: Heatran|Magma Storm|p1a: Greninja\n|-resisted|p1a: Greninja\n|-damage|p1a: Greninja|65\/100\n|-activate|p1a: Greninja|move: Magma Storm|[of] p2a: Heatran\n|\n|-heal|p1a: Greninja|71\/100|[from] Grassy Terrain\n|-heal|p2a: Heatran|70\/100|[from] item: Leftovers\n|-heal|p2a: Heatran|76\/100|[from] Grassy Terrain\n|-fieldend|move: Grassy Terrain\n|-damage|p1a: Greninja|58\/100|[from] move: Magma Storm|[partiallytrapped]\n|upkeep\n|turn|11\n|\n|move|p1a: Greninja|Hydro Pump|p2a: Heatran\n|-supereffective|p2a: Heatran\n|-damage|p2a: Heatran|0 fnt\n|faint|p2a: Heatran\n|-activate|p1a: Greninja|ability: Battle Bond\n|detailschange|p1a: Greninja|Greninja-Ash, M\n|\n|upkeep\n|-message|charlese forfeited.\n|\n|win|CarlyBae\n|l|\u2606charlese\n|c|\u2606CarlyBae|\/log CarlyBae made this room public.\n","uploadtime":1537130991,"views":11,"p1id":"carlybae","p2id":"charlese","formatid":"gen7ou","rating":0,"private":0,"password":null}